3664 5546
22 4707 23 4716 ⁴
20 3697 29 4644 ψᾼῆ-Ἢβᾼιν--ι-ή-ῂ--ᾐὴ
20 3663 21 3676 ᾼ
20 3593 21 3630 ᾼᾼ

605 319 735 383 422
1545 317 1628 372 ΕΚ
1664 317 1806 372 ΤΩΝ
1850 316 2259 371 ΗΡΩΔΙΑΝΟΥ

607 491 1037 569 πληθυντικὴν
1104 489 1522 569 ςημειούμεθα
1588 490 1679 554 ὥς
1745 489 2182 572 βαρυνόμενα,
2246 488 2342 554 ὧν
2407 488 2509 553 καὶ
2571 487 2637 552 αἱ
2691 488 2932 566 γενικαὶ
2996 486 3206 552 δυϊκαὶ

609 592 1058 672 ἐβαρύνθηςαν.
1147 591 1277 656 ἀπὸ
1334 592 1406 656 δὲ
1464 598 1595 657 τῶν
1651 591 1811 670 ὑπὲρ
1869 591 1990 656 δύο
2054 592 2368 672 ςυλλαβὰς
2433 592 2561 670 πρὸ
2618 592 2759 670 μιᾶς
2812 589 3029 669 ἔχουςι
3081 590 3202 653 τὸν

579 693 806 780 ,τόνον
849 692 1080 758 Αἴαντε
1122 693 1530 775 Αἰάντοιν,
1574 693 1820 772 Πάριδε
1864 693 2269 773 Παρίδοιν.
2357 692 2411 757 εἰ
2466 694 2538 756 δέ
2593 691 2951 771 ςυναλοιφὴ
2995 710 3200 769 παρα-

611 797 1001 879 κολουθήςῃ,
1055 795 1157 860 καὶ
1211 794 1396 860 αὗται
1451 801 1915 879 περιςπῶνται,
1947 795 2260 860 -ςκελέοιν
2320 798 2680 876 ςκελοῖν,·
2720 792 3203 873 Δημοςθενέοιν

536 908 569 957 5
611 897 1178 976 Δημοςθενοῖν.
1279 895 1601 962 κάνταῦθα
1654 899 2074 975 γυναικοῖν
2130 898 2233 961 καὶ
2288 897 2720 975 θυγατροῖν
2782 894 3201 973 ςημειούςθω-

612 1019 725 1065 ςαν
769 997 1157 1078 παραλόγως
1200 1002 1721 1077 περιςπαςθεῖςαι.

670 1136 701 1159 ’.β

698 1168 709 1181 ιι

690 1178 743 1223 κ’·
1601 1168 1797 1246 Περὶ
1840 1170 2221 1247 κλητικῆς.

780 1305 965 1369 Πᾶςα
1009 1306 1262 1384 κλητικὴ
1309 1305 1488 1384 δυῖκὴ
1534 1305 1638 1369 καὶ
1680 1304 2070 1383 πληθυντικὴ
2116 1302 2420 1383 ὁμοτονεῖ
2463 1308 2538 1388 τῇ
2585 1302 2712 1388 ἰδίᾳ
2756 1302 2983 1386 εὐθείᾳ.

1102 1474 1300 1552 Περὶ
1340 1473 1583 1575 τόνου
1628 1477 1762 1552 τῆς
1807 1476 2343 1552 πληθυντικῆς
2396 1471 2714 1537 εὐθείας.

512 1620 580 1672 10
782 1610 967 1674 Πᾶςα
1011 1609 1227 1674 εὐθεῖα
1256 1611 1644 1690 πληθυντικὴ
1691 1609 1986 1689 ἀρςενική
2031 1629 2100 1673 τε
2143 1610 2247 1675 καὶ
2280 1609 2517 1688 θηλυκὴ
2564 1607 2653 1675 εἰς
2695 1612 2763 1674 ἒξ
2808 1608 2984 1687 λήγει
3028 1607 3068 1685 ἢ
3114 1606 3209 1671 εἰς

615 1714 682 1773 οἳ
723 1712 762 1789 ἢ
810 1711 900 1776 εἰς
941 1715 1012 1774 ’ᾱῖ
1053 1711 1093 1789 ἢ
1138 1712 1299 1775 κατὰ
1343 1712 1694 1790 ςυναίρεςιν
1739 1711 1829 1777 εἰς
1874 1715 1989 1776 iffi.

784 1811 858 1876 Αἱ
903 1813 1017 1893 μὲν
1064 1812 1184 1878 οὖν
1230 1812 1318 1877 εἰς
1362 1817 1429 1878 ἔξ
1486 1814 1790 1892 λήγουςαι
1851 1811 2166 1879 οὐδέποτε
2211 1811 2583 1895 ὀξύνονται,
2637 1811 3014 1894 Πάριδες,
3069 1813 3210 1890 μῆ-

618 1933 780 1997 νες,
823 1912 1184 1980 Αἴαντες·
1229 1916 1424 1993 χωρὶς
1468 1903 1523 1979 εἰ
1569 1917 1649 1994 μὴ
1695 1915 1765 1989 ἐκ
1807 1915 2057 1980 πάθους
2101 1912 2236 1980 εἷεν
2282 1915 2387 1980 διὰ
2430 1916 2504 1980 τὸ
2551 1914 2979 1995 βιοπλανές

562 2082 578 2089 ,
1270 2016 1335 2081 οἵ
1375 2036 1444 2081 τε
1492 2018 1836 2097 βιοπλανές
1880 2016 2084 2094 ἀγρὸν
2122 2016 2240 2083 ,ἐπ’
2284 2015 2489 2094 ἀγροῦ

521 2128 585 2178 15
1272 2124 1612 2199 φοιτῶςιν·
1659 2104 2110 2204 (ΟειΙΙίιῑιαοΙι.)

619 2219 721 2282 καὶ
764 2220 839 2283 τὸ
886 2218 1247 2296 ἐπιτηδές
2091 2300 2094 2307 Ι

1082 2321 1172 2386 εἰς
1215 2322 1271 2385 δ’
1315 2321 1534 2400 ἐρέτας
1578 2322 1869 2402 ἐπιτηδὲς
1912 2321 2251 2403 ἀγείρομεν
2296 2318 2400 2405 (ΙΙ.
2444 2322 2495 2385 Α
2542 2320 2709 2404 142).

622 2421 836 2499 ἔχουςι
881 2423 951 2486 δέ
996 2428 1127 2488 τῶν
1160 2429 1396 2489 δυῑκῶν
1427 2422 1694 2489 εὐθειῶν
1738 2425 1856 2489 τὸν
1900 2424 2129 2508 τόνον,
2172 2425 2418 2503 Πάριδε
2449 2423 2753 2506 Πάριδες,
2794 2422 2927 2488 τίνε
2970 2422 3213 2505 τίνες,

622 2523 883 2602 ’Ἐκτορε
927 2524 1323 2609 Ἕκτορες,
1365 2524 1591 2591 Αἴαντε
1636 2524 2001 2609 Αἴαντες,
2045 2528 2307 2604 γυναῖκε
2351 2528 2753 2608 γυναῖκες,
2809 2524 3036 2605 μητέρε
3079 2542 3212 2602 μη-

521 2637 590 2689 20
622 2624 873 2707 τέρες,
921 2624 1203 2707 εἰνατέρε
1248 2627 1667 2707 εἰνατέρες.

759 2879 794 2929 l.
830 2882 863 2931 8
898 2897 965 2932 ex
1000 2880 1198 2931 Arcad.
1240 2883 1354 2944 132,
1396 2885 1474 2937 14.
1647 2883 1685 2938 l.
1726 2886 1943 2935 10-—18
1988 2881 2110 2935 τίνε
2152 2880 2305 2935 τίνες
2350 2900 2418 2935 ex
2454 2885 2532 2938 Io.
2569 2884 2654 2939 Al,
2694 2885 2785 2947 15,
2822 2885 2888 2933 22
2964 2882 3220 2946 exempla.

625 2945 855 3012 ιἘκί-ορε
892 2976 958 2984 --
998 2947 1203 3013 μητέρε
1242 2948 1515 3002 debentur
1547 2949 1746 3003 Arcad.
1785 2955 1899 3012 132,
1939 2955 2021 3015 18,
2059 2948 2310 3016 είνατέρε
2348 2951 2538 3003 addidi
2573 2968 2640 3003 ox
2674 2952 2739 3001 11.
2768 2953 2858 3002 Pr.
2897 2918 2942 3003 3(
2977 2952 3101 3000 4732
3142 2947 3217 3000 εἰ·

625 3013 857 3080 νατέρες
895 3013 975 3068 ὡς
1010 3015 1357 3081 Δημητέρες.
1427 3017 1615 3071 οὕτως
1661 3018 1897 3071 πάντες·
1945 3020 2037 3071 καὶ
2081 3018 2153 3071 τὰ
2197 3021 2302 3085 τῆς
2346 3017 2648 3082 ἀναλογίας
2693 3017 2980 3083 ἐπικρατεῖ
3025 3016 3216 3068 οὕτως

627 3082 834 3146 ἔχοντα
880 3081 959 3135 ὡ(
1005 3080 1241 3148 ἐδείχθη.
1276 3112 1344 3120 -
1385 3086 1660 3138 Arcadius
1703 3088 1846 3139 nihil
1891 3089 1959 3139 de
2004 3090 2259 3151 oxytoniss
2303 3089 2659 3139 nominativis
2703 3088 2760 3137 in
2805 3089 2864 3138 ἴς
2909 3087 3103 3137 refert.
3146 3112 3217 3121 —

628 3151 1040 3202 Choeroboscus
1075 3152 1194 3214 447,
1234 3155 1297 3202 10
1333 3153 1540 3205 similia
1575 3160 1742 3221 atquo
1778 3158 1861 3208 Io.
1898 3155 1983 3206 Al.
2020 3155 2217 3206 tradit:
2265 3154 2355 3206 καὶ
2394 3154 2564 3206 πάλιν
2609 3154 2758 3206 ἐςτιν
2794 3151 3086 3219 ἐπιτηδέες
3122 3152 3217 3204 καὶ

630 3217 772 3269 κατὰ
809 3219 998 3282 κρᾶςιν
1035 3217 1127 3270 ἐπι
1204 3218 1318 3271 δεῖς
1354 3222 1445 3273 καὶ
1483 3221 1812 3286 βιοπλανέες
1853 3224 1942 3275 καὶ
1980 3222 2124 3274 κατὰ
2157 3225 2348 3287 κρᾶςιν
2374 3224 2692 3286 βιοπλανεῖς
2717 3222 2807 3274 καὶ
2843 3220 3046 3273 λοιπὸν
3070 3219 3218 3273 κατὰ
3249 3276 3254 3280 ,

628 3285 924 3349 ἀποβολὴν
948 3289 1054 3337 τοθ
1092 3290 1127 3337 ἶ
1150 3300 1185 3349 γ
1208 3301 1364 3339 νεται
1390 3288 1651 3354 ἐπιτηδές
1688 3292 1778 3342 καὶ
1816 3290 2133 3355 βιοπλανές,
2173 3289 2251 3342 ώς
2289 3291 2440 3355 παρὰ
2468 3288 2800 3358 Καλλιμάχῳ
2836 3287 2935 3341 «οἵ
2959 3303 3024 3341 τε
3062 3290 3221 3342 κτλ.»

629 3354 720 3405 καί
774 3352 926 3418 παρὰ
976 3357 1062 3419 τῷ
1117 3359 1325 3421 ποιητῇ
1380 3356 1482 3410 «ἐς
1534 3357 1593 3409 δ’
1627 3357 1823 3422 ἐρέτας
1878 3359 2039 3411 κτλ.»
2108 3356 2255 3410 Ἔςτι
2307 3359 2369 3410 δὲ
2413 3357 2558 3424 αὕτη
2611 3357 2647 3421 ἡ
2697 3360 2883 3424 χρῆςις
2935 3354 3217 3421 αἰτιατική

628 3420 744 3473 ἀπὸ
781 3422 886 3472 ‘roo
931 3418 1213 3486 ἐπιτηδεῑς
1260 3423 1349 3475 καὶ
1398 3424 1542 3477 κατὰ
1586 3424 1880 3490 ἀποβολὴν
1912 3428 2028 3478 -τοθ
2067 3427 2101 3477 ἰ’
2137 3425 2423 3490 έπιτηδές,
2469 3426 2616 3478 unde
2665 3428 2724 3476 in
2769 3430 2929 3477 textu
2976 3426 3218 3476 sortasse

632 3488 941 3540 addendum
997 3498 1107 3542 est:
1163 3489 1276 3541 ἔςτι
1328 3491 1390 3544 δέ
1445 3492 1590 3557 αὕτη
1646 3493 1681 3557 ἡ
1739 3496 1927 3559 χρῆςις
1981 3491 2273 3558 αἰτιατική.
2362 3493 2670 3546 Herodiani
2722 3499 2887 3545 notae
2942 3493 3015 3543 ad
3066 3492 3222 3544 looos

631 3557 953 3608 Homericos
1006 3558 1334 3609 interierunt
1387 3566 1611 3644 praeter
1663 3563 1844 3613 Schol.
1902 3562 1975 3612 ad
2026 3562 2113 3613 Od
2155 3577 2228 3613 ss.
2274 3575 2301 3613 ε
2354 3565 2444 3614 27;
2501 3560 2873 3624 παλιμπετές;
2930 3559 3057 3612 ἀντὶ
3109 3563 3220 3612 τοῦ

634 3625 1029 3689 παλιμπετεῑς,
1078 3622 1156 3676 ὡς
1201 3624 1302 3678 <<ἐς
1349 3627 1379 3678 δ
1452 3627 1647 3692 ἐρέτας
1702 3628 1962 3695 ἐπιτηδὲς
2006 3628 2106 3692 ἀγε
2129 3643 2361 3694 ρομεν».
2439 3631 2547 3680 Pro
2591 3630 2678 3681 his
2723 3629 3006 3680 Eustathii
3050 3632 3221 3679 notae

631 3693 1057 3743 substituendae
1094 3699 1247 3756 sunt;
1284 3697 1576 3747 maximam
1609 3704 1825 3763 partem
1861 3714 1929 3748 ox
1963 3698 2079 3749 illis
2104 3698 2406 3763 repetitae:
2441 3697 2526 3749 Ad
2552 3698 2596 3750 Α
2624 3699 2719 3748 142
2744 3714 2796 3763 p.
2821 3698 2906 3760 67,
2931 3700 2999 3749 30
3033 3693 3222 3748 ίςτέον

633 3759 722 3812 ὅτι
765 3757 835 3810 τὸ
883 3757 1146 3826 ἐπίτηδες
1192 3763 1710 3827 προπαροξυτόνως
1756 3764 1946 3829 φαμὲν
1991 3765 2062 3816 τὸ
2099 3764 2170 3817 ἐν
2215 3764 2364 3831 ἔργῳ
2411 3765 2502 3817 καὶ
2548 3764 2987 3830 ἐπιτηδευτικῶς
3032 3764 3122 3816 καὶ
3161 3763 3219 3816 ἐξ

634 3825 1046 3892 έπιτηδεύςεως
1091 3826 1217 3880 οἶόν
1260 3844 1440 3882 τινος·
1494 3831 1564 3882 τὸ
1609 3831 1671 3882 δὲ
1715 3830 1976 3898 ἐπιτηδές
2029 3833 2098 3884 τὸ
2156 3832 2401 3885 ἐνταῦθα
2446 3832 2894 3898 ὁξυτονούμενον
2939 3832 3120 3895 ὄνομα
3166 3830 3222 3883 οἱ

634 3894 862 3947 παλαιοί
904 3910 1071 3959 φαςιν
1109 3896 1252 3948 εἶναι
1290 3898 1700 3964 πληθυντικόν,
1739 3899 1920 3965 οὗπερ
1966 3898 2156 3952 εὐθεῖά
2191 3899 2339 3952 ἐςτιν
2375 3900 2410 3953 ὁ
2445 3899 2737 3965 ἐπιτηδής·
2783 3899 2972 3964 ὥςπερ
3008 3898 3070 3950 δέ
3106 3913 3221 3950 που

632 3962 704 4014 τὸ
750 3962 968 4015 ἀκλεεῖς
1012 3965 1397 4029 πληθυντικὸν
1444 3966 1586 4030 παρ’
1630 3966 1860 4034 Ὁμήρῳ
1889 3966 2112 4020 -ἀκλεές
2165 3966 2415 4032 λέγεται,
2471 3967 2843 4034 ἐκβληθέντος
2893 3970 2998 4019 τοῦ
3057 3965 3220 4030 ἰῶτα,

636 4029 791 4082 οὕτω
837 4030 1038 4094 γέγονε
1086 4034 1176 4084 καὶ
1223 4033 1293 4084 τὸ
1341 4032 1601 4098 ἐπιτηδές
1648 4033 1709 4085 ἐκ
1754 4038 1859 4087 τοῦ
1907 4034 2215 4100 ἐπιτηδεῖς,
2264 4034 2641 4101 ἐκδραμόντος
2687 4038 2791 4087 τοῦ
2828 4038 2861 4086 ῖ
2897 4034 2986 4087 διὰ
3027 4032 3222 4098 χρείαν

638 4097 905 4163 μετρικήν
945 4099 1036 4162 (cs.
1071 4101 1175 4151 An.
1214 4102 1390 4151 Paris.
1428 4103 1515 4153 111
1549 4105 1673 4161 334,
1711 4104 1828 4170 34);
1876 4103 1947 4154 ad
1992 4120 2024 4154 ο
2060 4106 2127 4154 28
2171 4119 2226 4168 p.
2266 4107 2420 4166 1773,
2458 4108 2548 4155 30:
2597 4103 2686 4155 ὅτι
2730 4102 2792 4155 δὲ
2837 4101 2892 4155 οἱ
2938 4102 3224 4166 ἐπιτηδεῑς

636 4165 896 4231 ἐπιτηδές
934 4166 1196 4229 λέγονται
1230 4167 1528 4220 ἀπελεύςει
1562 4172 1666 4221 τοῦ
1702 4174 1761 4222 ῖ·
1797 4170 1835 4235 ἢ
1874 4170 2016 4222 κατὰ
2053 4171 2343 4236 ςυγκοπὴν
2380 4159 2442 4222 ἑκ
2477 4174 2581 4223 τοῦ
2620 4170 2912 4235 ἐπιτηδέες
2933 4171 3027 4221 καὶ
3050 4169 3224 4220 ἀλλα-

635 4235 738 4297 χοῠ
777 4237 973 4297 ςαφῶς
1010 4234 1237 4300 ἐλέχθη;
1286 4236 1355 4287 ad
1396 4236 1437 4288 Η
1479 4239 1579 4288 100
1615 4253 1666 4302 p.
1700 4240 1826 4291 669:
1875 4237 1944 4289 τὸ
1988 4238 2050 4290 δὲ
2085 4238 2283 4290 ἀκλεές
2319 4237 2510 4290 εὐθεῖά
2545 4237 2659 4290 ἐςτι
2703 4238 3056 4303 πληθυντικὴ
3092 4235 3226 4288 ἀντὶ

635 4303 740 4352 τοῦ
778 4300 1023 4366 ἀκλεεῖς,
1061 4301 1415 4356 ἀπελθόντος
1450 4307 1554 4355 τοῦ
1591 4308 1643 4368 ῖ,
1682 4304 1759 4358 ὡς
1796 4307 1888 4358 καὶ
1926 4304 1989 4357 ἐν
2023 4309 2108 4372 τῷ
2146 4305 2341 4370 ἐρέτας
2379 4305 2664 4370 έπιτηδές·
2708 4309 2886 4357 κεῖται
2931 4304 2994 4358 δέ
3030 4304 3122 4356 καὶ
3158 4303 3225 4356 ἐν

639 4367 922 4436 Ὀδυςςείᾳ
957 4372 1145 4434 χρῆςις
1180 4371 1446 4437 τοιαύτης
1490 4371 1697 4425 λέξεως
1734 4374 1791 4439 (ο
1826 4375 1893 4425 28
1930 4372 2237 4439 ἐπιτηδές)·
2285 4374 2435 4426 τινές
2481 4372 2672 4436 μέντοι
2719 4372 3000 4439 ἐπίρρημα
3044 4371 3226 4425 τοῦτό

637 4450 805 4500 φαςιν
842 4435 1012 4489 εἶναι·
1059 4437 1220 4491 ἄλλοι
1257 4439 1319 4490 δέ
1356 4439 1783 4505 παροξύνουςιν·
1830 4440 1911 4493 ὡς
1945 4440 2051 4506 γὰρ
2095 4441 2366 4505 ἀγακλέες
2411 4441 2543 4493 κατ’
2576 4440 2828 4505 ἔλλειψιν
2862 4444 2966 4493 τοῦ
3006 4439 3133 4492 ἑνὸς
3171 4443 3224 4505 ἒ,

638 4503 795 4556 οὕτω
833 4506 967 4569 φαςί
1004 4506 1094 4558 καὶ
1130 4505 1354 4572 ἀκλέες,
1394 4509 1468 4559 ad
1502 4523 1528 4560 ε
1566 4512 1632 4561 29
1670 4526 1720 4575 p.
1762 4511 1909 4571 1520,
1946 4511 2038 4560 50:
2077 4509 2165 4561 ὅτι
2203 4509 2392 4574 ὥςπερ
2430 4507 2626 4574 ἐρέτας
2662 4525 2773 4561 που
2811 4508 2923 4574 ἔφη
2960 4507 3227 4571 έπιτηδές

639 4569 764 4622 ἀντὶ
801 4576 905 4624 τοῦ
944 4572 1225 4639 ἐπιτηδεῖς
1262 4574 1518 4642 ἀποβολῇ
1554 4579 1658 4628 τοῦ
1699 4574 1843 4628 ίῶτα
1877 4576 1913 4640 ἢ
1951 4577 2042 4628 καὶ
2067 4581 2318 4642 ςυγκοπῇ
2354 4575 2471 4629 ἀπὸ
2502 4579 2606 4629 τοῦ
2647 4575 2776 4629 ἐπιτ
2879 4591 2972 4640 ας,
3011 4572 3229 4637 ὁμοίως

640 4640 733 4690 καὶ
784 4639 984 4693 ἀκλεές
1035 4640 1162 4694 ἀντὶ
1205 4646 1309 4695 τοῦ
1356 4642 1600 4708 ἀκλεεῖς,
1655 4643 1811 4696 οὕτω
1861 4644 1951 4696 καὶ
1995 4647 2102 4697 νῦν
2145 4646 2213 4696 τὸ
2261 4646 2571 4710 μνηςτῆρες
2615 4643 2678 4696 ἐν
2728 4659 2800 4710 νη
2876 4643 3232 4707 παλιμπετὲς

640 4705 1001 4761 ἀπονέωνται
1046 4707 1173 4762 ἀντὶ
1216 4713 1320 4762 τοῦ
1368 4713 1737 4776 παλιμπετεῖς
1782 4751 1793 4764 .
1831 4751 1844 4762 .
1881 4752 1893 4764 .
1930 4751 1942 4763 .
1987 4712 2220 4765 δύναται
2264 4712 2326 4764 δὲ
2378 4711 2468 4765 καὶ
2514 4710 2794 4778 ἐπίρρημα
2838 4715 3015 4764 τοῦτο
3057 4709 3228 4775 εἶναι,

646 4775 836 4827 καλῶς
872 4775 1231 4840 ὀξυνόμενον.
1302 4779 1387 4830 Ad
1421 4779 1481 4831 Π
1514 4784 1615 4833 395
1650 4797 1704 4847 p.
1746 4783 1902 4844 1066,
1939 4783 2030 4832 4οε
2077 4780 2259 4845 ἕτεροι
2303 4779 2366 4834 δέ
2410 4781 2758 4844 παλιμπετές
2795 4779 2963 4834 εἶπον
2998 4778 3228 4844 ἐπιρρη·
