3664 5546
663 279 932 328 LXXXVI
1761 268 2181 318 PRAEFATIO.

661 435 924 522 pissime
967 431 1135 496 hanc
1177 428 1486 515 repetivit
1540 448 1625 491 ex
1667 426 1878 489 minus
1924 424 2170 489 usitata
2212 423 2393 489 velut
2436 425 2666 505 χείρων
2725 446 2809 489 ex
2863 425 3129 505 χερείων
3172 431 3236 487 et

662 538 823 619 ἀμφί
866 556 949 599 ex
992 533 1149 615 ἀμπί
1192 539 1568 618 propterea,
1626 526 1804 614 quod
1848 528 2113 608 χερείων
2170 535 2235 590 ct
2278 527 2435 607 ἀμπὶ
2478 526 2685 611 magis
2739 525 2825 591 ad
2870 526 3236 611 analogiam

663 637 1067 702 accederent.
1135 634 1315 714 Quin
1358 632 1553 697 etiam
1598 629 1926 696 consuetis
1972 627 2308 694 vocabulis
2355 629 2681 693 interdum
2724 628 3049 716 principia
3092 627 3235 693 sub-

663 738 937 819 struxit,
984 759 1149 823 quae
1179 736 1372 800 nobis
1404 733 1801 799 alienissima
1828 730 2168 814 videntur,
2215 731 2368 819 quia
2395 731 2477 796 iis
2510 731 2867 818 suppositis
2901 731 3239 796 affectione

665 841 889 927 aliqua
931 841 1002 904 in
1043 837 1360 903 auxilium
1405 844 1642 902 vocata
1680 834 2082 901 abnormitas
2112 834 2438 899 communi
2469 833 2718 899 formae
2746 833 3094 898 inhaerens
3138 855 3241 897 ex-

662 945 892 1033 plicari
946 941 1189 1029 potuit,
1247 937 1428 1003 velut
1478 936 1898 1004 Herodianus
1959 937 2131 1016 ὕψος
2185 958 2271 1000 ex
2322 936 2495 1015 ὄψος
2550 935 2631 1000 ab
2688 935 2868 1001 ὄπτω
2912 934 3275 1022 repetivit„

665 1059 739 1112 ut
781 1068 899 1133 per
944 1055 1173 1129 tropen
1225 1039 1468 1105 vocalis
1516 1061 1903 1105 concursum
1955 1037 2183 1103 literae
2242 1035 2519 1123 duplicis
2572 1060 2718 1102 cum
2761 1036 2976 1124 ypsilo
3024 1037 3240 1121 singu-

663 1150 867 1214 larem
912 1151 1271 1210 excusaret.
1336 1141 1508 1207 Nam
1551 1143 1808 1226 integra
1852 1140 2097 1228 species
2144 1140 2245 1225 (τὸ
2291 1141 2540 1207 ἐντελές
2582 1139 2662 1205 Il.
2709 1139 2819 1203 Pr.
2866 1142 2941 1206 Μ·
2982 1139 3127 1221 148,
3171 1138 3241 1203 τὸ

666 1251 1105 1326 ἐντελέςτερον
1159 1248 1209 1311 Α
1252 1244 1408 1326 460,
1470 1245 1545 1309 τὸ
1612 1249 1850 1324 πλῆρες
1907 1243 1959 1308 Ω
2015 1241 2171 1323 202,
2230 1241 2591 1322 ὁλόκληρον
2648 1241 2744 1307 Io.
2803 1241 2911 1307 Al.
2972 1243 3087 1323 12,
3145 1241 3241 1320 19,

666 1354 928 1431 γνήςιον
982 1347 1159 1412 Mon.
1210 1346 1323 1427 45,
1368 1345 1483 1427 25,
1543 1345 1623 1410 de
1680 1345 1862 1409 cuius
1919 1344 2233 1431 postremi
2289 1343 2596 1411 vocabuli
2662 1342 3243 1430 significationibus

668 1462 969 1518 accurate
1032 1450 1339 1536 exposuit
1389 1448 1705 1513 Lehrsius
1762 1446 1849 1511 ad
1905 1444 2151 1511 Herod.
2196 1468 2259 1532 p.
2314 1446 2462 1529 109)
2530 1445 2905 1512 Herodiano
2961 1446 3091 1510 fuit
3148 1466 3244 1525 ea,

666 1576 835 1642 quae
865 1553 948 1620 ab
978 1562 1194 1639 etymo
1227 1549 1684 1632 descenderet,
1717 1547 1872 1634 quin
1902 1557 2132 1613 contra
2160 1547 2529 1633 analogiam
2558 1558 2967 1634 peccaretur3
3016 1546 3247 1612 affecta

669 1678 823 1721 vero
867 1678 978 1737 ea,
1025 1676 1192 1740 quae
1235 1651 1517 1739 aliquam
1565 1650 1879 1715 sermonis
1926 1670 2217 1715 normam
2245 1649 2845 1735 transgrederetur,
2891 1648 3071 1737 quod
3115 1648 3247 1734 qui-

668 1759 791 1823 bus
844 1757 1214 1822 nominibus
1269 1753 1766 1839 significaverit,
1814 1751 2119 1840 exposuit
2172 1753 2248 1817 E.
2296 1750 2586 1816 Hillerus
2632 1752 2701 1816 in
2758 1750 3247 1838 quaestionibus
3356 1794 3363 1811 .

670 1858 1100 1925 Herodianeis
1158 1880 1218 1943 p.
1268 1857 1347 1921 37
1396 1878 1575 1942 seqq.
1673 1854 1891 1937 Quum
1946 1864 2162 1920 autem
2218 1854 2610 1941 principium
2673 1853 2991 1920 eiusmodi
3058 1875 3243 1920 voca-

670 1962 971 2026 bulorum
1013 1958 1394 2047 plerumque
1437 1955 1697 2039 lateret,
1745 1957 2004 2044 saepius
2036 1956 2496 2042 grammaticus
2512 2005 2531 2040 ,
2577 1956 2690 2043 qui
2722 1978 2913 2021 suum
2944 1979 3091 2021 esse
3136 1977 3247 2042 pu-

671 2064 854 2128 tabat
906 2084 1105 2149 quum
1161 2061 1335 2145 leges
1390 2060 1702 2125 sermonis
1753 2058 2067 2145 indagare
2122 2070 2187 2124 et
2241 2060 2639 2125 constituere
2695 2069 2834 2125 tum
2892 2058 3249 2125 anomalias

639 2186 985 2232 *excusare
1039 2172 1106 2227 et
1149 2162 1533 2248 explanare,
1592 2162 1678 2226 ad
1732 2161 1923 2247 longe
1978 2170 2226 2227 remota
2268 2170 2484 2248 etyma
2539 2162 2891 2246 confugere
2944 2170 3011 2225 et
3046 2183 3131 2225 ex
3173 2158 3249 2223 iis

672 2289 788 2353 per
830 2265 1048 2331 varias
1095 2275 1159 2330 et
1201 2262 1590 2355 multiplices
1637 2264 2011 2329 affectiones
2057 2286 2252 2329 voces
2285 2273 2575 2351 repetere
2620 2273 2882 2329 coactus
2911 2263 3062 2328 fuit.
3126 2260 3250 2327 Sed

673 2392 801 2433 non
845 2377 982 2433 tum
1028 2375 1284 2432 tantum
1329 2367 1384 2430 si
1427 2363 1537 2431 lex
1580 2366 1801 2454 aliqua
1844 2366 2158 2431 sermonis
2204 2364 2505 2451 neglecta
2562 2364 2717 2446 fuit,
2778 2365 2992 2451 passio
3048 2364 3250 2452 opitu-

673 2470 795 2535 lari
852 2470 1105 2553 debuit,
1162 2467 1279 2533 sed
1334 2469 1531 2534 etiam
1584 2477 1721 2533 tum
1777 2469 1836 2533 si
1890 2469 2307 2557 caeteroquin
2362 2467 2545 2533 salva
2598 2465 2861 2553 linguae
2914 2475 3253 2533 consuetu·

676 2572 828 2637 dine
884 2570 1081 2636 alicui
1135 2569 1456 2636 vocabulo
1512 2570 1793 2656 vestigia
1846 2581 2135 2637 mutatae
2192 2570 2423 2657 etymi,
2490 2568 2667 2656 quod
2731 2570 3253 2646 substruebatur‚

675 2676 926 2740 formae
979 2672 1301 2760 impressa
1355 2672 1769 2739 videbantur.
1871 2673 1979 2739 Sic
2043 2670 2434 2739 vocabulum
2498 2673 2795 2757 ἑρῳδιός,
2861 2691 3253 2758 quamquam

674 2801 800 2842 usu
844 2777 1167 2842 communi
1199 2777 1420 2841 tritum
1451 2784 1550 2840 est
1594 2799 1802 2863 neque
1832 2786 2062 2843 contra
2090 2773 2379 2863 aliquam
2409 2796 2702 2840 normam
2743 2784 2993 2861 peccat,
3041 2785 3255 2842 tamen

674 2903 794 2966 pro
836 2879 1069 2945 affecto
1101 2878 1406 2958 habetur,
1453 2876 1627 2965 quod
1660 2879 1893 2964 ῥῳδιός
1936 2879 2234 2965 quamvis
2278 2878 2489 2966 poetis
2532 2877 2794 2963 privum
2838 2876 2923 2942 ad
2966 2889 3255 2965 etymum

679 2983 870 3062 ῥοίζω
914 2982 1182 3066 propius
1229 2978 1481 3044 accedit
1525 2980 1788 3065 (ρῳδιός
1837 2982 1927 3046 ὡς
1970 2982 2133 3060 πρὸς
2178 2983 2292 3060 τὴν
2349 2982 2681 3059 ςυνήθειαν
2738 2980 3101 3065 ἀφαίρεςις,
3168 2980 3255 3044 ὡς

679 3085 750 3148 δὲ
794 3084 957 3162 πρὸς
1010 3085 1126 3147 τὸν
1182 3083 1598 3162 ςχηματιςμὸν
1655 3082 1904 3147 ἐντελές
1948 3081 2029 3144 Ε.
2075 3082 2164 3146 Μ.
2210 3081 2363 3166 380)
2409 3105 2619 3169 neque
2674 3091 2893 3147 tamen
2937 3083 3068 3149 sibi
3111 3103 3252 3146 con-

683 3192 814 3247 stat
867 3181 1312 3265 Herodianus,
1369 3204 1522 3245 nam
1575 3186 1642 3247 in
1693 3183 1772 3246 E.
1818 3183 1908 3252 M.
1953 3182 2110 3265 634,
2173 3183 2250 3246 12
2304 3183 2460 3264 ὀρτή
2526 3186 2670 3251 κατ’
2735 3185 3069 3266 ἀφαίρεςιν
3128 3182 3253 3249 ἀπὸ

683 3288 797 3349 τοῦ
843 3284 1031 3363 ἑορτή
1080 3281 1393 3368 explicat,
1440 3285 1697 3348 tametsi
1742 3285 1826 3350 ad
1858 3285 2172 3369 originem
2201 3283 2363 3349 illud
2394 3287 2576 3372 prius
2608 3295 2724 3351 cst.
2770 3286 2902 3352 Ubi
2934 3287 3253 3373 quaedam

684 3384 929 3470 species
987 3393 1055 3447 et
1108 3385 1264 3448 trita
1317 3385 1428 3448 via
1481 3385 1564 3449 ab
1622 3395 1837 3472 etymo
1894 3386 2242 3473 propagari
2284 3398 2501 3473 potest
2544 3398 2610 3453 et
2665 3411 2782 3475 per
2826 3389 3252 3466 affectionem,

685 3485 1098 3550 Herodianus
1142 3486 1424 3572 priorem
1470 3485 1973 3574 explicationem
2016 3489 2332 3576 praefert,
2389 3490 2651 3570 ἄμεινον
2705 3492 2828 3571 γὰρ
2882 3494 2957 3558 τὸ
3016 3492 3256 3560 ἀπαθὲς
3344 3481 3351 3487 ’

685 3592 801 3652 τοῦ
846 3589 1248 3654 πεπονθότος
1292 3588 1372 3650 Ε.
1418 3588 1509 3652 Μ.
1555 3589 1710 3672 616,
1756 3591 1871 3675 563
1928 3592 1998 3655 in
2052 3591 2195 3657 aliis
2250 3592 2524 3657 vocibus
2570 3615 2713 3657 eam
2759 3592 3254 3672 derivationem,

686 3711 851 3775 quae
894 3689 1230 3775 pauciores
1275 3690 1612 3776 passiones
1668 3692 1972 3780 requirit,
2029 3692 2218 3757 alteri
2272 3693 2489 3780 plures
2544 3693 2867 3779 flagitanti
2923 3693 3258 3782 anteponit

688 3813 743 3854 e.
792 3813 856 3875 g.
900 3792 967 3853 in
1012 3791 1087 3856 ἔα
1140 3793 1208 3855 in
1251 3791 1328 3857 Il.
1362 3791 1543 3860 Pros.
1589 3795 1631 3858 Ε
1659 3794 1784 3858 256
1829 3804 1895 3858 et
1937 3795 2004 3858 in
2047 3796 2220 3873 ἠθεῖε
2265 3796 2342 3860 Ε.
2385 3795 2476 3860 Μ.
2518 3796 2676 3878 422,
2727 3798 2826 3861 12.
2902 3798 2994 3863 Ut
3037 3796 3252 3886 passio

688 3891 924 3958 clarius
970 3892 1450 3975 ostenderetur,
1507 3895 1654 3959 voci
1712 3895 1983 3962 affectae
2039 3897 2359 3982 integram
2401 3897 2672 3963 adiecit:
2730 3901 2810 3964 τὰ
2864 3902 2987 3980 γὰρ
3043 3900 3252 3973 ἀπαθῆ

688 3996 1151 4074 παρατιθέμενα
1207 3998 1394 4074 δηλοῖ
1447 3997 1528 4061 τὰ
1588 4000 1959 4065 πεπονθότα
2011 3999 2136 4085 Ep.
2193 3998 2301 4064 Cr.
2358 4000 2390 4064 I
2444 4000 2588 4081 327,
2634 4000 2738 4064 24.
2826 4001 3052 4088 Neque
3109 4018 3252 4064 eum

689 4096 863 4180 fugit
913 4096 1230 4182 quasdam
1284 4097 1620 4182 passiones
1676 4096 1928 4184 legibus
1974 4104 2285 4167 sermonis
2332 4101 2413 4166 de
2467 4103 2869 4168 connexione
2919 4103 3251 4169 literarum

690 4196 955 4261 sancitis
1011 4206 1221 4261 ortum
1267 4219 1452 4297 suum
1507 4198 1743 4265 debere
1798 4200 2006 4267 velut.
2032 4225 2230 4289 quum
2284 4225 2402 4289 pro
2470 4204 2701 4283 ἀνέρος
2757 4204 2988 4270 liberet
3041 4204 3253 4271 dicere

691 4300 885 4379 ἀνρός
927 4321 1190 4363 necesse
1234 4299 1361 4365 fuit
1410 4307 1446 4366 δ
1492 4311 1754 4387 propter
1783 4305 2198 4391 asyntaxiam
2228 4304 2540 4385 inserere,
2586 4306 2770 4371 cuius
2799 4308 3055 4390 generis
3086 4306 3251 4381 πάθη

690 4402 1003 4479 ἀναγκαῖα
1054 4402 1500 4483 nominantur,
1561 4402 1722 4468 alias
1790 4428 1944 4470 vero
2013 4405 2370 4472 (licentium
2434 4407 2702 4473 arbitrio
2764 4408 3023 4474 admitti
3076 4405 3253 4473 velut

692 4504 869 4568 καταί
914 4504 1096 4583 ὑπεὶρ
1141 4503 1265 4590 ΕΡ.
1298 4502 1405 4568 Cr.
1439 4503 1472 4567 I
1504 4505 1613 4587 71,
1660 4507 1878 4591 passio
1925 4530 2090 4595 quae
2136 4507 2296 4573 nihil
2341 4508 2442 4573 sui
2486 4508 2694 4575 simile
2738 4510 2971 4592 habet,
3018 4509 3251 4576 dicitur

693 4605 897 4670 πάθος
941 4608 1214 4683 μονῆρες
1258 4604 1384 4691 Ep.
1430 4605 1536 4669 Cr.
1586 4606 1619 4670 I
1668 4608 1816 4685 169,
1872 4610 1945 4673 17
1992 4611 2272 4693 (ἑάφθη).

859 4707 966 4772 Ab
1012 4715 1227 4791 etymo
1272 4716 1486 4771 autem
1530 4708 1896 4775 derivatum
1926 4709 2315 4778 vocabulum
2346 4711 2672 4778 deflexum
2717 4737 2861 4780 esse
2902 4714 3249 4801 putabatur
