3664 5546
694 341 812 405 148
1623 341 1704 396 εκ
1744 342 1885 397 mu
1928 342 2338 397 ΗΡΩΔΙΑΝοΥ
3145 314 3246 411 ¹⁸?

856 513 950 580 Τὰ
992 512 1080 579 εἰς
1123 518 1241 580 fc?
1286 515 1631 595 διςύλλαβα
1673 514 1887 597 κύρια,
1933 516 1987 580 εἰ
2032 513 2169 594 ἔχοι
2213 515 2330 593 τὴν
2374 514 2504 593 πρὸ
2547 513 2778 579 τέλους
2824 515 3140 595 ςυλλαβὴν
3184 514 3272 580 εἰς

686 615 1036 697 ςύμφωνον
1095 617 1610 700 καταλήγουςαν,
1676 616 2044 700 βαρύνεται,
2120 615 2468 699 Μάκκος,
2533 615 2816 693 Ὄγκος
2892 618 2967 681 τὸ
3034 616 3271 707 κύριον.

684 718 985 794 Λύγκος
1030 719 1217 785 πόλις
1261 719 1578 799 Ἠπείρου.
1676 716 1976 799 (τράβων
2020 718 2256 803 ἑβδόμῃ
2298 719 2391 804 (p.
2436 717 2607 801 326).
2654 719 2884 797 ἐκλήθη
2935 718 3067 784 ἀπὸ
3109 719 3271 796 Λυγ-

684 821 862 885 κέως.
933 820 1258 899 Φόρκος.
1316 820 1596 887 (ύλκοι
1638 819 1827 886 πόλις
1873 820 1944 886 ἐν
1991 818 2256 903 (αρδοῖ,
2306 819 2759 899 Καρχηδονίων
2803 819 3037 900 κτίςμα.
3097 821 3270 898 λέγε-

622 936 654 984 5
687 943 785 987 ται
831 924 933 988 καὶ
978 920 1285 1006 (όλκοι,
1344 923 1435 989 ὡς
1479 923 1939 1002 Ἀρτεμίδωρος
1994 921 2066 987 ἐν
2111 921 2379 1008 ἐπιτομῇ
2437 921 2609 987 «ἀπὸ
2667 924 2738 987 δὲ
2786 922 3125 1001 Καράλεως
3167 923 3273 989 ἐπὶ

685 1023 963 1091 (όλκους
977 1049 1022 1088 ».

852 1127 945 1193 Τὰ
989 1126 1078 1193 εἰς
1120 1132 1237 1193 ἷόξ
1293 1128 1638 1209 διςύλλαβα
1691 1128 2127 1208 προςηγορικὰ
2181 1128 2262 1208 μὴ
2306 1127 2982 1206 παραςχηματιζόμενα
3029 1127 3118 1193 εἰς
3161 1133 3269 1207 θη-

685 1230 880 1294 λυκὸν
924 1230 1146 1313 γένος,
1202 1230 1257 1295 εἰ
1300 1230 1440 1310 ἔχοι
1484 1232 1602 1310 τὴν
1644 1230 1774 1310 πρὸ
1818 1230 2049 1295 τέλους
2093 1230 2409 1309 ςυλλαβὴν
2463 1228 2553 1294 εἰς
2597 1228 2948 1310 ςύμφωνον
3001 1231 3270 1309 καταλή-

682 1352 955 1414 γουςαν,
1008 1334 1179 1411 πλὴν
1224 1337 1340 1398 τοῦ
1384 1320 1457 1416 λ,
1505 1333 1872 1415 βαρύνεται,
1919 1332 2236 1415 λάκκος,
2282 1331 2590 1414 ςάκκος,
2646 1330 2915 1414 ἄρκος,
2959 1332 3270 1415 κέρκος,

589 1443 649 1493 10
683 1433 936 1512 ὅρκος.
1027 1434 1426 1514 ςεςημείωται
1478 1436 1554 1500 τὸ
1600 1436 1932 1514 θριγκός.
2005 1434 2082 1498 τὸ
2138 1434 2208 1498 δὲ
2265 1434 2554 1513 χαλκός
2609 1433 2739 1513 ἔχει
2797 1435 2873 1500 τὸ
2931 1422 2982 1500 λ.
3049 1435 3151 1500 καὶ
3191 1435 3268 1500 τὸ

683 1536 987 1615 φολκός
1033 1536 1157 1601 ἐςτι
1201 1538 1484 1615 τριγενὲς
1518 1536 1674 1616 ἔχον
1718 1537 1821 1603 καὶ
1865 1538 1941 1602 τὸ
1988 1523 2041 1600 λ.

850 1637 945 1702 Τὰ
988 1636 1077 1702 εἰς
1130 1642 1245 1703 ff&
1301 1638 1644 1720 διςύλλαβα
1698 1639 1841 1720 μετ’
1895 1637 2246 1716 ἐπιπλοκῆς
2301 1636 2652 1718 ςυμφώνου
2705 1640 2823 1703 τοῦ
2866 1641 2900 1701 ἒ
2943 1636 3077 1703 ἀπὸ
3122 1659 3266 1718 ςυμ-

681 1740 913 1819 φώνου
958 1738 1283 1819 ἀρχόμενα
1329 1741 1694 1824 βαρύνεται,
1753 1741 2045 1823 δίςκος,
2103 1740 2403 1805 Φύςκος
2460 1738 2598 1804 υἱὸς
2652 1742 2769 1805 τοῦ
2812 1738 3100 1805 Αἰτωλοῦ
3149 1745 3267 1805 τοῦ

680 1842 1141 1922 Ἀμφικτύονος
1186 1847 1302 1908 τοῦ
1331 1843 1804 1908 Δευκαλίωνος.
1860 1842 2185 1907 Ἑκαταῖος
2230 1841 2401 1906 «ἐὼν
2448 1842 2518 1905 δὲ
2561 1841 2988 1922 πρεςβύτερος
3020 1843 3266 1921 Λοκρὸς

582 1955 645 2003 15
681 1942 762 2023 ἦν
806 1944 1058 2010 Φύςκου
1102 1947 1312 2009 παῖς».
1403 1945 1690 2010 «Φύςκος
1736 1946 1807 2010 δὲ
1850 1943 1976 2025 ἀφ’
2021 1942 2102 2008 οὗ
2147 1942 2209 2008 οἱ
2250 1943 2522 2020 Λέλεγες
2567 1943 2628 2007 οἱ
2673 1947 2792 2010 νῦν
2837 1944 3263 2024 Λοκροί....»

682 2046 784 2110 καὶ
838 2047 943 2110 τὸ“
970 2046 1161 2112 ἔθνος
1215 2044 1599 2128 ὁμοφώνως.
1665 2046 1917 2112 Ῥιανὸς
1976 2047 2045 2111 δὲ
2101 2045 2382 2110 Φυςκέας
2427 2045 2666 2111 αὐτοὺς
2709 2049 2906 2112 καλεῖ.
2994 2046 3120 2113 ἔςτι
3167 2049 3266 2112 καὶ

679 2150 967 2228 ποταμὸς
1010 2146 1286 2232 Φύςκος,
1342 2149 1504 2214 καθά
1547 2169 1698 2230 φηςι
1756 2147 2149 2229 (οφαίνετος
2194 2146 2265 2213 ἐν
2316 2147 2525 2227 Κύρου
2585 2147 2902 2228 ἀναβάςει.
2990 2149 3115 2215 ἔςτι
3160 2151 3264 2214 καὶ

678 2249 927 2316 Φύςκος
981 2250 1169 2316 πόλις
1220 2250 1531 2330 Λοκρίδος
1584 2251 1688 2316 καὶ
1741 2251 1927 2330 ἑτέρα
1979 2252 2091 2328 τῆς
2140 2249 2382 2329 Καρίας.
2471 2249 2601 2315 ἔςτι
2660 2251 2729 2315 δὲ
2787 2253 2971 2329 λιμὴν
3017 2250 3261 2316 Ῥόδου.

678 2350 805 2417 ἔςτι
850 2352 953 2416 καὶ
996 2351 1159 2432 ἄλλη
1206 2351 1624 2419 Μακεδονίας.
1669 2352 1968 2433 μύςκος.
2016 2351 2316 2417 Ζύςκος
2360 2353 2650 2432 ποταμὸς
2697 2351 3128 2436 Μακεδονίας,
3173 2354 3263 2418 ὡς

577 2467 645 2516 20
679 2453 1100 2534 Ἀντιγενίδης
1144 2454 1309 2535 φηςί.
1361 2454 1657 2520 Κὲςκος.
1703 2455 1779 2520 τὸ
1824 2455 1896 2519 δὲ
1941 2453 2173 2519 ἀςκός
2216 2453 2349 2519 ἀπὸ
2394 2455 2775 2535 φωνήεντος
2820 2454 3095 2534 ἄρχεται.

847 2555 943 2620 Τὰ
985 2556 1073 2621 εἰς
1117 2559 1236 2620 io?
1290 2556 1591 2637 διβράχεα
1644 2560 1996 2639 μονογενῆ,
2053 2554 2180 2621 εἴτε
2234 2555 2531 2635 ἀρςενικὰ
2574 2555 2700 2621 εἴτε
2745 2556 3018 2639 θηλυκά,
3076 2556 3258 2637 βαρύ-

678 2678 886 2741 νεται,
931 2658 985 2722 εἰ
1030 2660 1111 2737 μὴ
1145 2659 1442 2736 διαςτολή
1473 2678 1568 2723 τις
1598 2660 2064 2739 ςημαινομένου
2093 2658 2380 2742 γένοιτο,
2426 2657 2572 2725 οἷον
2603 2658 2841 2724 λύκος
2869 2661 2973 2723 καὶ
3015 2659 3259 2726 Λύκος

678 2758 815 2826 υἱὸς
866 2759 1267 2845 Πανδίονος,
1322 2760 1642 2827 Πλάκος
1698 2761 1869 2827 «ὑπὸ
1922 2760 2164 2847 Πλάκῳ
2231 2760 2536 2846 ὑληέςςῃ»
2595 2760 2680 2844 (Ζ
2732 2760 2920 2846 396),
2987 2762 3257 2846 πόκος,

677 2863 937 2947 τόκος,
998 2864 1264 2930 Μύκος
1308 2863 1498 2930 ἔθνος
1539 2863 1904 2947 Περςίδος,
1939 2864 2086 2942 περὶ
2129 2860 2210 2927 οὗ
2253 2862 2577 2928 Ἑκαταῖος
2630 2862 2702 2928 ἐν
2747 2863 2915 2948 Ἀςίᾳ
2968 2865 3080 2930 «ἐκ
3124 2867 3257 2931 Μύ-

575 2979 641 3028 25
676 2986 808 3030 κων
853 2964 942 3030 εἰς
989 2964 1254 3044 Ἀράξην
1298 2967 1593 3045 ποταμόν
1608 2991 1652 3030 ».
1739 2967 1934 3031 Ἴκος
1986 2969 2180 3044 νῆςος
2233 2969 2365 3031 τῶν
2413 2966 2757 3031 Κυκλάδων
2811 2968 3129 3047 προςεχὴς
3181 2975 3256 3053 τῇ

677 3066 939 3151 Εὐβοίᾳ,
982 3065 1262 3145 κρίκος.
1330 3068 1408 3133 τὸ
1454 3068 1686 3133 δοκός
1729 3069 1895 3147 πρὸς
1925 3066 2407 3146 ἀντιδιαςτολὴν
2451 3071 2569 3136 τοῦ
2614 3068 2846 3134 δόκος
2890 3072 3007 3133 τοῦ
3051 3071 3255 3149 ςημαί-

676 3188 910 3234 νοντος
964 3170 1082 3248 τὴν
1137 3170 1407 3248 δόκηςιν.
1512 3172 1613 3235 καὶ
1665 3171 1842 3249 παρὰ
1896 3169 2334 3249 Ἀριςτοφάνει
2389 3168 2460 3235 ἐν
2515 3169 2928 3249 Ταγηνιςταῖς
2984 3172 3255 3250 ςημαίνει

675 3270 792 3348 τὴν
838 3269 1139 3350 ἀγχόνην.
1229 3270 1629 3352 ςεςημείωται
1674 3273 1750 3337 τὸ
1795 3272 2048 3352 φακός
2093 3271 2422 3340 ὀξύτονον.
2499 3273 2576 3337 τὸ
2621 3272 2693 3336 δὲ
2737 3271 2994 3337 Φάκος
3038 3274 3255 3353 κύριον

676 3370 885 3451 ὄνομα
929 3371 1141 3451 ὄρους.
1229 3373 1554 3440 Ἑκαταῖος
1599 3375 1807 3453 «πρὸς
1852 3375 1968 3454 μὲν
2010 3377 2225 3441 νῶτον
2267 3373 2619 3439 Πακτωλὸς
2664 3374 2765 3438 καὶ
2806 3373 3020 3439 Φάκος
3035 3400 3078 3439 ».

680 3630 753 3678 cf.
788 3629 964 3681 Lehrs
999 3632 1164 3683 Arist.
1199 3632 1302 3683 280
1337 3630 1425 3681 ed.
1461 3631 1535 3682 112
1777 3630 1811 3681 l.
1848 3633 1880 3681 3
1925 3628 2142 3693 Λύγκος
2177 3630 2398 3697 explevi
2434 3646 2501 3680 ex
2539 3631 2618 3682 St.
2657 3630 2748 3693 B„
2793 3627 2994 3682 (ύλκοι
3032 3647 3098 3681 ex
3135 3631 3250 3683 eod.

677 3714 727 3762 p.
766 3699 882 3759 691,
919 3700 953 3748 8
988 3699 1207 3762 addidi,
1246 3699 1439 3749 eadem
1475 3698 1608 3749 urbs
1642 3715 1693 3764 p.
1732 3700 1849 3761 581,
1887 3700 1917 3749 7
1954 3694 2153 3751 (ολκοί
2188 3703 2455 3762 oxytonos
2490 3697 2751 3748 scribitur
2784 3699 2947 3752 falso,
3153 3701 3186 3751 l.
3222 3705 3253 3752 9

677 3762 1093 3885 ἓάκκοςῙιῖιᾱίοΞὶ
1127 3784 1195 3849 ex
1222 3767 1296 3885 Ili).
1323 3767 1626 3885 ἓιιᾶῼιιὲιόἐ
1663 3769 1744 3884 lib?
1778 3766 1877 3817 ubi
1911 3768 2033 3833 ipse
2077 3766 2167 3884 pi?
2193 3782 2379 3884 {annai
2422 3767 2767 3885 οἰηοιιςίαἱζιιε
2804 3768 3126 3887 ρτορὲεἰιιέῗ
3155 3776 3252 3819 est.

677 3847 1561 3968 μςικὲχονξάοπαρίιιςχημαζίςμὸν
1606 3850 2136 3967 θιῗλύῗεοῧηξὲῧὲυςῗ
2160 3848 2370 3964 (ἔχοντ-τα
2417 3848 2925 3967 ιετγξὸοξέλόὶιῖἓνζιῗν
2961 3837 3250 3956 ὄιὲυςυῗξιῗῖ

674 3969 780 4032 βὴν
815 3968 1003 4021 πάντα
1042 3970 1364 4035 βαρύνεται,
1401 3969 1843 4032 ὑπεςταλμένων
1876 3973 1999 4022 τῶν
2036 3968 2114 4022 εἰς
2151 3972 2252 4032 ιῖοὲ
2274 3969 2577 4036 ληγόντων
2609 3967 2734 4021 οἶον
2758 3969 2982 4036 χόρτος,
3022 3971 3250 4037 φόρτος,

674 4037 867 4102 ὅρκος,
907 4037 1114 4103 Ὄρθος
1147 4039 1217 4090 τὸ
1255 4038 1585 4103 μονογενὲς,
1624 4037 1851 4103 πόρνος.
2055 4038 2092 4090 l.
2131 4041 2193 4089 12
2229 4054 2493 4090 canonem
2533 4055 2601 4090 ex
2637 4041 2782 4092 Mon.
2817 4042 2903 4101 41,
2938 4043 3004 4091 24
3041 4041 3252 4107 explevi

604 4153 613 4166 ,
672 4106 883 4156 addens
917 4107 992 4157 ad
1028 4106 1245 4159 Φύςκος
1279 4108 1554 4158 Hecataei
1590 4106 1769 4158 locum
1805 4113 1863 4158 et
1896 4104 2110 4159 Ζύςκος
2149 4104 2375 4170 Κέςκος,
2415 4122 2482 4157 ex
2520 4108 2600 4158 St.
2624 4108 2686 4157 Β.
2713 4109 2831 4160 675.
2869 4110 2899 4159 7
2937 4108 3149 4174 reliqua
3183 4109 3250 4159 ad

674 4172 890 4226 Φύςκος
928 4191 1000 4240 ap
1042 4177 1180 4229 osui.
1248 4176 1507 4227 Eustatb.
1542 4175 1614 4226 ad
1648 4176 1880 4241 Dionys.
1918 4178 2049 4226 1069
2085 4181 2468 4226 commemorat
2505 4176 2673 4226 etiam
2707 4173 2778 4225 τὸ
2815 4173 3019 4228 Ταςκοί
3056 4176 3250 4228 ἔθνους

671 4240 949 4306 Περςικοῠ
1023 4258 1168 4308 νομα
1204 4243 1529 4309 βαρυτόνως
1566 4242 1719 4309 παρὰ
1763 4243 1998 4295 πολλοῖς
2042 4241 2505 4307 ἀναγινώςκεται,
2554 4243 2699 4309 quod
2744 4258 2811 4292 ex
2857 4243 2960 4294 hoc
3003 4244 3122 4296 loco
3157 4246 3251 4296 flu-

672 4311 819 4360 xisse
854 4311 1094 4363 videtur.
1306 4312 1342 4365 1.
1378 4315 1444 4363 22
1480 4310 1649 4364 λύκος
1685 4328 1782 4379 pro
1819 4311 1989 4363 κύκος
2026 4311 2144 4363 cod.
2179 4313 2224 4363 A
2260 4312 2349 4364 vel
2387 4309 2589 4363 κύκλος
2628 4293 2787 4362 cocsd.
2822 4311 2915 4362 BC
2954 4313 3151 4380 scripsi
3187 4329 3250 4364 ex

671 4379 916 4444 Theogn.
953 4382 1047 4440 59,
1096 4382 1158 4432 13
1203 4389 1260 4432 et
1303 4379 1483 4432 Λύκος
1529 4397 1707 4446 propr.
1755 4396 1823 4431 ex
1868 4379 1951 4430 St.
1996 4380 2061 4431 B.
2107 4379 2312 4442 adieci;
2358 4379 2430 4430 ad
2474 4377 2702 4430 Πλάκος
2748 4380 2917 4430 verba
2963 4382 3253 4432 Homerica

670 4449 903 4513 apposui
940 4463 1007 4498 cx
1044 4448 1135 4502 Cr.
1171 4451 1216 4499 E
1256 4451 1348 4500 im.
1387 4449 1414 4497 1
1448 4451 1565 4502 223.
1635 4447 1831 4501 Μύκος
1867 4448 2106 4499 accessit
2150 4464 2218 4499 ex
2252 4448 2502 4513 Theogn.
2538 4452 2597 4498 ct
2633 4449 2713 4498 St.
2749 4448 2840 4510 Β.,
2886 4446 3026 4500 Ἴκος
3072 4467 3138 4500 cx
3175 4450 3250 4500 St.

670 4516 751 4580 B„
786 4514 973 4580 κρίκος
1013 4522 1069 4567 et
1104 4516 1204 4568 δοκ
1307 4532 1375 4567 ex
1410 4516 1586 4583 Epim.
1622 4515 1657 4569 l.
1697 4533 1743 4569 c.
1780 4522 1839 4567 et
1875 4517 1939 4571 E.
1977 4516 2050 4569 M.
2088 4518 2205 4579 538,
2239 4518 2331 4566 46:
2370 4512 2557 4581 κρίκος
2593 4514 2913 4580 βαρύνεταν
2950 4515 3145 4582 ἐπειδὴ
3179 4516 3251 4568 τὰ

671 4582 749 4634 είς
788 4600 884 4637 κος
925 4587 1207 4650 μονογενῆ
1242 4582 1500 4649 διβράχεα
1537 4583 1855 4649 βαρύνεται·
1896 4581 1945 4636 εἰ
1980 4582 2042 4635 δέ
2080 4598 2134 4635 τι
2178 4583 2464 4647 ὀξύνεται,
2502 4582 2646 4649 πρὸς
2681 4582 3104 4650 ἀντιδιαςτολὴν
3146 4587 3249 4637 τοῦ

671 4652 1080 4717 ςημαινομένου
1117 4650 1196 4738 ὡς
1234 4651 1347 4716 ἔχει
1381 4650 1452 4702 τὸ
1487 4651 1654 4703 δόκος
1689 4651 1758 4703 τὸ
1795 4652 1888 4734 ἐπὶ
1924 4654 2028 4717 τῆς
2063 4651 2346 4733 δοκήςεως
2382 4650 2526 4716 πρὸς
2563 4650 2987 4716 ἀντιδιαςτολὴν
3022 4656 3126 4706 τοῦ
3163 4653 3250 4705 δο-

671 4717 1663 4852 ἱὲῗώτέῗῑτῖᾝκᾶωἱέῖῗῗζὲζξνῗ
1699 4718 3087 4855 Ἧὲὥὲἴαὶῧὲῗῗᾷἳὲᾶζηέῗέαἷξῧὲἒὴᾱέιᾷἶῑοᾌ.
3102 4735 3250 4844 (ἑὶἸῖ

669 4856 743 4906 lv
768 4859 854 4919 46,
883 4859 959 4906 16.
1005 4857 1070 4906 In
1108 4857 1215 4908 fine
1242 4857 1509 4908 Hecataei
1549 4856 1717 4909 verba
1755 4873 1822 4908 cx
1849 4858 2024 4922 Epim.
2064 4857 2098 4907 1.
2125 4875 2175 4907 c.
2211 4857 2404 4908 addidi
2430 4856 2724 4908 emendata
2759 4875 2792 4908 a
2818 4856 3014 4908 Carolo
3038 4858 3250 4910 Miiller.
