3664 5546
1524 434 1945 484 PRAEFATIO.
2779 432 3024 484 XXXXV

441 589 616 658 οἷον·
682 593 921 658 καλὸς
988 593 1110 657 καὶ
1176 595 1424 673 ςοφὸς
1488 593 1590 657 καὶ
1655 593 1934 670 ςεμνός
1988 592 2111 656 καὶ
2167 590 2460 668 ἀγαθὸς
2527 591 2648 655 καὶ
2704 589 3034 671 εὐςεβὴς

439 695 633 774 ἀνὴρ
690 695 862 775 ἐμοὶ
917 696 1376 772 ςυνδραμὼν
1432 695 1812 772 διελέχθη.
1901 698 2069 758 πᾶςα
2127 694 2288 758 λέξις
2353 692 2589 757 τούτου
2646 696 2765 757 τοῦ
2824 692 3024 769 λόγου

439 794 599 876 αὐτὴ
642 797 791 861 καθ’
846 796 1045 874 αὑτὴν
1101 796 1424 879 ὀξύνεται,
1481 795 1622 860 ἀλλ’
1678 794 1749 858 ἐν
1802 801 1879 880 τῇ
1927 800 2245 877 ςυνδρομῇ
2299 798 2418 859 τοῦ
2464 794 2666 870 λόγου
2717 794 3057 889 μεταβάλρ

443 900 615 962 λεται
661 897 749 962 εἰς
810 901 1098 978 βαρεῖαν·
1156 898 1634 976 κυλινδροειδὴς
1689 897 1812 975 γάρ
1857 897 2016 980 ἑςτι,
2071 896 2174 961 καὶ
2217 897 2558 979 δείκνυςιν,
2614 894 2711 959 ὅτι
2768 896 3023 974 ςτιγμὴν

442 999 562 1063 οὐκ
606 999 753 1077 ἔχει.
840 999 943 1063 καὶ
999 1001 1187 1077 δηλοῖ
1242 1000 1346 1063 διὰ
1401 1001 1514 1076 τῆς
1571 999 1956 1076 ἐπικλήςεως
2010 999 2204 1076 αὐτῆς
2217 1047 2235 1081 ,
2290 997 2387 1061 ὅτι
2431 997 2796 1061 ςυνδέδεται
2847 996 2939 1060 ἔτι
2985 995 3024 1059 ὁ

442 1100 668 1181 λόγος,
714 1101 1192 1180 ςυναπτομὲνης
1236 1103 1346 1177 τῆς
1391 1100 1529 1165 ἄνω
1576 1100 1805 1168 λέξεως
1848 1106 1925 1183 τῇ
1980 1100 2122 1179 μετ’
2177 1098 2393 1177 αὐτήν.
2483 1095 2713 1163 τίθεται
2769 1098 2876 1162 καὶ
2920 1096 3026 1160 ἐπὶ

439 1202 667 1266 τέλους
710 1200 798 1265 εἰς
827 1204 943 1279 τὴν
983 1203 1299 1281 ςυλλαβήν
1333 1201 1451 1279 τὴν
1483 1202 1564 1282 μὴ
1596 1201 1871 1279 ἔχουςαν
1901 1202 2019 1265 τὸν
2049 1200 2270 1278 κύριον
2299 1199 2531 1282 τόνον,
2576 1197 2751 1263 οἷον·
2796 1199 3021 1280 πάντῂ.

610 1301 855 1366 Vocem
900 1303 1319 1383 ἀπόςτροφον
1365 1298 1792 1365 Herodianus
1826 1319 1955 1364 uno
2000 1309 2253 1365 tantum
2312 1298 2454 1364 loco
2515 1297 2621 1384 (ΙΙ.
2670 1297 2778 1362 Pr.
2818 1300 2869 1362 Α
2912 1297 3022 1379 65)

440 1411 755 1488 usurpat,
812 1402 895 1466 de
937 1404 1061 1466 hac
1118 1425 1195 1484 re
1233 1401 1623 1488 ecthlipseos
1671 1402 1810 1467 sive
1857 1401 2289 1488 synaloephes
2343 1399 2667 1466 vocabulo
2722 1400 2818 1463 uti
2861 1398 3027 1463 solet

440 1503 688 1590 pariter
731 1513 928 1591 atque
974 1503 1400 1591 Apolloniae,
1447 1501 1624 1590 apud
1668 1525 1862 1590 quem
1908 1503 2292 1569 Skrzeczka
2336 1503 2670 1567 observat.
2710 1501 2781 1563 in
2826 1499 3023 1585 Apol-

440 1605 599 1668 lonii
652 1604 890 1670 librum
948 1605 1030 1669 de
1084 1605 1463 1691 pronomine
1519 1628 1584 1692 p.
1634 1605 1747 1686 12,
1792 1604 1876 1669 28
1933 1605 2353 1685 ἀπόςτροφον
2410 1624 2637 1670 vocem
2693 1623 2764 1665 se
2807 1600 3025 1683 legere

439 1706 812 1770 meminisse
864 1717 1100 1791 negat3
1168 1706 1338 1791 signi
1405 1709 1570 1789 ὑφὲν
1626 1705 2045 1771 Herodianus
2104 1705 2376 1791 ignarus,
2441 1726 2579 1770 rem
2640 1702 2900 1788 saepius
2956 1701 3022 1765 in

440 1807 763 1873 Prosodia
790 1807 1142 1873 Homerica
1178 1816 1674 1891 commemorat,
1719 1806 2211 1893 hypodiastoles
2256 1829 2465 1893 neque
2509 1808 2770 1891 signum
2811 1825 3025 1889 neque

439 1929 675 1973 nomen
729 1910 993 1993 cognita
1046 1909 1311 1992 habuit3
1378 1931 1545 1989 rem,
1612 1908 1692 1973 de
1758 1932 1889 1996 qua
1940 1919 2200 1996 praeter
2255 1907 2384 1972 alia
2439 1908 2636 1972 etiam
2704 1904 3023 1972 vocabulo

441 2011 737 2089 διαςτολή
779 2011 1016 2088 utitur,
1080 2010 1340 2096 saepius
1398 2011 1466 2073 in
1509 2009 1867 2075 Homerica
1919 2009 2240 2076 Prosodia
2294 2010 2549 2093 tetigit,
2606 2009 2722 2073 ubi
2774 2004 3024 2072 intelle-

439 2121 583 2176 ctus
628 2111 757 2176 loci
800 2133 1156 2198 suspensus
1202 2123 1303 2177 est
1346 2134 1430 2176 ex
1474 2110 1878 2197 syllabarum
1924 2112 2379 2177 coniunctione
2422 2110 2530 2176 vel
2571 2108 3025 2174 disiunctione.

442 2213 629 2292 Quae
672 2212 1091 2278 Herodianus
1134 2214 1381 2299 passim
1437 2213 1519 2277 de
1574 2212 1974 2300 synaloephe
2031 2212 2337 2295 tradidit,
2395 2212 2732 2299 composui
2786 2212 2856 2275 in
2900 2209 3023 2273 Pa-

441 2312 766 2397 thologiae
810 2323 996 2400 parte
1040 2336 1150 2396 ea,
1196 2335 1363 2400 quae
1407 2325 1510 2380 est
1555 2314 1635 2379 de
1678 2314 1801 2379 hac
1845 2315 2171 2401 passione.
2261 2313 2448 2394 Quae
2493 2314 2577 2378 de
2621 2313 2918 2398 synthesi
2960 2320 3027 2376 et

443 2413 683 2501 dialysi
727 2414 1143 2492 Herodianus
1199 2415 1269 2478 in
1320 2414 1525 2480 Iliaca
1566 2414 1888 2481 Prosodia
1943 2415 2224 2482 diversis
2279 2415 2439 2481 locis
2493 2414 2797 2501 protulit,
2852 2434 3024 2477 com-

442 2518 633 2601 posui
676 2517 747 2579 in
790 2516 1370 2582 dissertatiuncula
1418 2516 1823 2581 «Herodiani
1870 2516 1951 2581 de
2006 2519 2332 2605 scriptura
2376 2518 2498 2599 ὑφ’
2543 2518 2613 2582 ἕν
2660 2514 2958 2579 doctrina
2972 2540 3023 2594 »,

443 2637 639 2703 quam
682 2616 788 2683 hic
833 2617 1128 2683 subiicio.

928 2787 1322 2856 Herodiani
1366 2787 1453 2854 (le
1498 2788 1867 2873 scriptura
1911 2791 2033 2872 ὑφ’
2076 2790 2147 2858 ἕν
2191 2785 2540 2857 doctrina.

611 2921 839 2989 Donec
892 2925 1216 2991 vocabula
1271 2946 1398 2990 uno
1455 2935 1678 2990 tenore
1733 2947 1945 3013 neque
1999 2926 2377 2991 accentibus
2431 2948 2654 3013 neque
2686 2923 3022 3013 spiritibus

443 3024 753 3091 distincta
795 3027 1283 3109 scribebantur,
1330 3048 1526 3114 saepe
1571 3027 2051 3094 dubitationem
2094 3029 2249 3092 oriri
2293 3049 2560 3093 necesse
2602 3029 2757 3109 fuit,
2803 3037 3024 3092 utrum

444 3126 572 3192 duo
625 3127 949 3193 vocabula
1001 3129 1459 3213 coniungenda
1514 3148 1599 3193 an
1655 3128 2022 3216 separanda
2077 3137 2316 3194 essent.
2414 3130 2615 3214 Cuius
2672 3128 2766 3193 rei
2824 3148 3026 3214 quum

444 3250 640 3316 saepe
670 3227 1088 3294 Herodianus
1134 3231 1204 3293 in
1248 3229 1567 3295 Prosodia
1608 3229 1816 3296 Iliaca
1845 3232 2235 3296 mentionem
2265 3231 2498 3313 faciat,
2545 3231 2779 3295 summi
2809 3250 3024 3315 gram·

444 3331 667 3395 matici
710 3330 793 3394 de
843 3330 966 3395 hac
1010 3331 1319 3413 materia,
1377 3353 1574 3418 quam
1617 3331 1992 3398 Lobeckius
2047 3333 2119 3396 in
2170 3354 2392 3397 omnes
2446 3342 2666 3419 partes
2723 3332 2870 3396 fuse
2913 3353 3024 3395 ex-

440 3429 768 3517 planavit,
817 3431 1180 3496 doctrinam
1223 3430 1552 3497 illustrare
1595 3434 1756 3496 mihi
1799 3436 2130 3520 proposui.
3111 3492 3118 3498 .

615 3532 746 3598 Sed
789 3542 1138 3621 antequam
1180 3532 1266 3598 ad
1310 3555 1448 3598 rem
1488 3534 1700 3620 ipsam
1743 3535 2123 3619 aggrediar,
2180 3536 2262 3599 dc
2306 3535 2644 3601 vocabulis
2690 3544 2757 3599 et
2799 3535 3023 3600 dictio-

443 3634 634 3699 nibus
680 3632 1027 3699 dicendum
1080 3643 1184 3700 est
1237 3636 1472 3722 quibus
1528 3632 1947 3700 Herodianus
2003 3637 2088 3701 ad
2143 3636 2564 3702 indicandum
2602 3637 2785 3702 duas
2831 3658 3023 3701 voces

445 3744 559 3799 aut
600 3735 992 3800 coniunctim
1037 3745 1154 3801 aut
1196 3737 1547 3823 separatim
1590 3736 2119 3824 pronunciandas
2163 3760 2308 3802 esse
2349 3739 2575 3803 utitur.

612 3834 765 3899 Duo
809 3836 1135 3903 vocabula
1176 3839 1689 3924 coniunguntur,
1749 3848 1864 3904 aut
1906 3840 1963 3904 si
2008 3858 2163 3905 vere
2206 3841 2564 3926 composita
2619 3850 2770 3904 sunt
2818 3841 2913 3904 ita
2955 3850 3028 3906 ut

447 3956 648 4024 quum
699 3958 898 4002 unam
953 3939 1283 4004 notionem
1337 3938 1892 4026 comprehendant
1933 3951 2086 4006 'tum
2141 3942 2338 4006 etiam
2404 3942 2472 4005 in
2531 3956 2733 4005 unum
2790 3962 3026 4027 corpus

447 4038 839 4123 coaluerint,
886 4050 1001 4105 aut
1045 4043 1101 4106 si
1144 4062 1347 4106 unum
1391 4042 1654 4128 quidem
1700 4064 1962 4107 sensum
2005 4040 2328 4124 efficiunt,
2373 4065 2584 4129 neque
2626 4051 2846 4106 tamen
2889 4051 3026 4105 tam

447 4149 625 4205 arcte
666 4140 1045 4223 cohaerent,
1091 4151 1165 4207 ut
1209 4143 1481 4209 dissolvi
1525 4154 1868 4229 nequeant.
1944 4142 2118 4208 Vere
2162 4145 2525 4231 composita
2568 4146 2862 4228 ςύνθετα,
2907 4142 3026 4207 sed

448 4262 615 4327 quae
656 4241 999 4307 dissociari
1044 4266 1113 4307 se
1156 4245 1226 4307 in
1266 4253 1489 4332 partes
1532 4267 1687 4310 suas
1732 4246 2103 4331 patiuntur,
2161 4248 2488 4326 παράθετα
2541 4244 2738 4330 vulgo
2793 4266 3023 4313 vocan—

448 4351 586 4425 tur3
642 4344 935 4431 utrisque
991 4366 1328 4409 commune
1373 4366 1607 4410 nomen
1652 4348 2115 4427 ςυντεταγμένα
2169 4358 2291 4411 cst.
2379 4347 2563 4412 Haec
2615 4358 2716 4412 est
2765 4346 3026 4412 Lehrsii

451 4443 536 4507 ad
580 4442 824 4509 Herod.
869 4466 934 4531 p.
967 4446 1045 4510 87
1079 4445 1430 4527 sententia,
1476 4448 1585 4533 qui
1627 4449 2018 4534 pronunciat
2043 4440 2322 4513 verbum
2356 4450 2639 4518 ςὺνταξις
2666 4460 2807 4515 tum
2836 4470 3022 4514 usur-

448 4544 627 4630 pari,
684 4545 801 4612 ubi
855 4568 984 4610 non
1041 4559 1421 4632 quaeratur,
1484 4570 1728 4613 verane
1781 4550 1870 4614 sit
1922 4550 2303 4637 compositio
2359 4571 2443 4614 an
2496 4550 2894 4632 coniunctiO‚
2952 4559 3026 4614 ut

450 4644 544 4708 ita
586 4645 833 4728 dicam,
880 4648 1286 4713 extrinsecus
1332 4649 1540 4731 facta3
1597 4671 1828 4715 vocem
1871 4671 2027 4714 vero
2073 4652 2350 4718 ςύνθεςις
2406 4673 2447 4714 a
2489 4650 2764 4716 vetustis
2810 4672 3022 4736 gram-

454 4747 706 4811 maticis
761 4769 890 4812 non
942 4746 1241 4813 adhiberi
1305 4751 1432 4815 nisi
1495 4752 1580 4815 ad
1634 4772 1860 4815 veram
1914 4753 2471 4839 compositionem,
2543 4753 2882 4833 παράθεςις
2940 4755 3025 4818 ad

456 4866 595 4911 eam
648 4848 1202 4933 coniunctionem,
1270 4872 1464 4936 quam
1528 4852 1932 4918 extrinsecus
1985 4853 2231 4919 factam
2275 4854 2443 4936 dixi,
2510 4862 2573 4918 et
2629 4856 3021 4921 recentiores
