3664 5546
1518 377 1932 427 PRAEFATIO.
2824 375 3011 426 CLVII

437 535 740 620 Εὐρώπῃ,
785 533 1078 618 Theogn.
1133 534 1283 615 124,
1329 534 1412 598 32
1466 535 1793 600 Μελάνιον
1848 535 1889 612 ἡ
1935 529 2151 615 πόλις,
2206 530 2377 595 unde
2435 532 2772 597 Μαλάνιον
2828 553 3009 618 repo·

438 635 718 700 nendum
765 645 896 716 est,
943 634 1119 721 quod
1166 635 1364 699 etiam
1409 635 1696 700 Meinek.
1744 634 1973 699 suasit.

603 737 815 825 Saepe
870 758 1077 801 canon
1136 736 1405 802 Arcadii
1458 737 1668 801 lucem
1724 735 1986 801 demum
2039 734 2278 821 accipit
2331 733 2571 799 additis
2616 735 3010 815 nominibUS,

435 862 604 927 quae
647 863 752 926 ap.
798 838 895 904 St.
939 838 1016 903 Β.
1062 838 1500 925 reperiuntur:
1561 861 1618 903 e.
1662 859 1727 923 g.
1776 838 1928 918 115,
1974 837 2059 901 24
2111 839 2191 903 τὰ
2236 838 2325 902 εἰς
2370 843 2448 918 iffi
2504 838 3010 918 ὑπερδιςύλλαβα

435 943 525 1008 εἰς
555 943 598 1008 ἇ
625 944 665 1022 ἢ
697 943 786 1008 εἰς
830 945 868 1010 ὗ
911 943 1433 1025 παραληγόμενα,
1479 944 1532 1008 εἰ
1563 943 1643 1021 μὴ
1675 942 1860 1019 κύρια
1889 939 2020 1024 εἴη,
2050 939 2370 1023 ὀξύνεται,
2404 942 2677 1019 ςτοναχή
2696 991 2712 1023 ,
2743 941 3010 1021 ταραχή,

436 1045 615 1127 ἰαχή,
657 1044 892 1128 ἀλυχή,
939 1046 1197 1127 διδαχή,
1242 1045 1315 1109 τὸ
1347 1046 1417 1109 δὲ
1448 1044 1697 1125 μαλάχη
1730 1042 2099 1126 βαρύνεται,
2143 1041 2253 1128 qui
2285 1063 2491 1105 canon
2522 1042 2907 1127 completur,
2954 1045 3007 1104 si

434 1146 649 1211 addas
693 1169 775 1210 ex
820 1146 914 1211 St.
959 1145 1036 1210 B.
1082 1147 1157 1211 τὸ
1202 1148 1273 1211 δὲ
1319 1146 1591 1225 Μαράχη
1636 1146 1819 1210 πόλις
1865 1146 2083 1223 Ἰνδικὴ
2130 1143 2349 1223 κύριόν
2395 1144 2587 1221 ἐςτιν;
2634 1144 3009 1230 saepissime

433 1247 632 1312 etiam
689 1248 1065 1334 compositis
1123 1245 1458 1312 vocabulis
1525 1246 1715 1310 unius
1784 1244 2202 1331 eiusdemque
2270 1246 2777 1328 terminationis,
2845 1267 3011 1331 quae

432 1348 805 1435 Stephanus
838 1351 1156 1431 servavit,
1201 1349 1529 1413 lucramur
1567 1369 1884 1430 canoneS,
1929 1369 2093 1433 quos
2124 1347 2446 1412 Arcadius
2480 1347 2740 1414 omnino
2771 1346 3011 1412 omisit.

606 1452 698 1516 At
739 1474 868 1517 non
915 1450 1121 1515 solum
1151 1450 1416 1514 nomina
1458 1471 1499 1514 a
1529 1449 1859 1536 Stephano
1903 1449 1971 1512 in
2014 1446 2315 1514 lemmate
2359 1450 2607 1535 posita,
2653 1447 2771 1513 sed
2817 1449 3011 1512 etiam

431 1576 550 1634 ea,
596 1575 764 1639 quae
808 1552 1040 1618 mediis
1094 1553 1164 1616 in
1219 1549 1508 1616 articulis
1564 1551 2008 1637 reperiuntur,
2065 1550 2151 1615 ad
2209 1549 2611 1617 Catholicam
2671 1553 3009 1615 restituen-

431 1655 588 1718 dam
645 1653 1018 1720 adhibenda
1075 1675 1217 1717 esse
1283 1654 1423 1740 ipse
1478 1651 1846 1740 Stephanus
1914 1674 2033 1717 nos
2099 1652 2432 1718 admonet:
2502 1652 2745 1718 Arcad.
2801 1653 2874 1734 8,
2926 1651 3013 1716 25

428 1758 623 1837 Αἰζήν
669 1755 1064 1842 explendum
1118 1764 1221 1819 est
1274 1776 1356 1820 ex
1403 1754 1499 1820 St.
1545 1754 1621 1818 B.
1666 1755 1782 1837 31,
1827 1754 1871 1820 5
1916 1756 2164 1822 Ἀζανοί
2207 1756 2484 1836 Φρυγίας
2540 1758 2750 1822 πόλις·
2808 1756 3010 1835 Ἡρω-

432 1861 655 1925 διανὸς
711 1860 816 1924 διὰ
867 1862 979 1937 τῆς
1035 1862 1098 1922 ἇῐ
1155 1858 1224 1924 ἐν
1284 1859 1506 1943 πρώτῃ
1564 1864 1695 1923 τῶν
1751 1858 2032 1923 καθόλου
2089 1859 2324 1934 λέγων·
2392 1859 2618 1938 «Αἰῑήν
2672 1858 3008 1924 Ταντάλου

429 1965 617 2042 παῖς,
660 1961 784 2041 ἀφ’
830 1958 910 2026 οὗ
954 1960 1199 2039 Φρυγία
1242 1960 1428 2026 πόλις
1471 1960 1785 2028 Αἰζανοί».
1848 1980 1952 2046 ap.
2002 1960 2156 2023 Arc.
2202 1957 2263 2042 9,
2311 1959 2350 2022 9
2394 1982 2464 2024 se
2509 1960 2700 2024 offert
2747 1961 3008 2043 Κεβρήν,

429 2064 537 2127 cui
583 2084 668 2126 ex
712 2060 811 2126 St.
842 2060 918 2126 B.
969 2063 1272 2142 Κεβρηνία
1316 2063 1495 2141 χώρα
1536 2065 1647 2140 τῆς
1690 2061 2018 2141 Τρωάδος.
2091 2061 2484 2141 Ἡρωδιανὸς
2526 2061 2657 2128 ἀπὸ
2693 2063 3010 2144 Κεβρῆνος

430 2167 726 2244 ποταμοῦ
779 2202 866 2212 —
918 2162 1286 2228 adiicienda
1351 2175 1504 2227 sunt
1569 2164 1891 2247 ποταμός,
1957 2162 2084 2243 ἀφ’
2148 2161 2229 2228 οὗ
2298 2165 2600 2244 Κεβρηνία
2665 2167 2845 2244 χώρα
2896 2157 3007 2242 τῆς

430 2266 760 2345 Τρωάδος.
820 2265 928 2329 Ex
971 2265 1072 2329 his
1118 2264 1312 2348 locis,
1359 2265 1472 2331 ubi
1518 2285 1755 2328 nomen
1794 2263 2158 2328 Herodiani
2203 2263 2496 2344 additur,
2547 2265 2628 2330 de
2672 2264 2816 2329 aliis
2860 2288 3007 2330 con-

433 2365 662 2431 iectari
706 2364 856 2430 licet
900 2388 957 2430 e.
1002 2388 1067 2451 g.
1113 2388 1312 2453 quum
1358 2366 1480 2432 sub
1517 2368 1788 2448 Κάμιρος
1831 2364 2123 2451 legamus
2161 2367 2431 2448 Κάμιρος
2473 2369 2658 2434 πόλις
2702 2368 2772 2434 ἐν
2802 2367 3006 2455 Ῥόδῳ

430 2469 566 2533 ἀπὸ
629 2473 747 2534 τοῦ
812 2470 1041 2534 παιδὸς
1098 2470 1433 2550 Κερκάφου
1497 2473 1624 2536 κτλ.
1681 2467 1960 2555 primum
2017 2467 2185 2531 sumi
2248 2478 2464 2555 potest
2527 2470 2722 2534 etiam
2790 2471 3005 2551 Κάμει-

431 2593 550 2650 ρος
593 2574 745 2636 παῑς
794 2571 1130 2652 Κερκάφου
1184 2572 1250 2635 in
1308 2569 1644 2636 Catholica
1697 2571 1978 2656 positum
2034 2571 2270 2649 fuisse,
2325 2570 2499 2656 quod
2555 2594 2638 2635 ex
2698 2570 3003 2636 Eustath.

430 2674 518 2738 ad
574 2672 852 2760 Dionys.
909 2697 974 2738 v.
1018 2673 1145 2739 504
1200 2673 1461 2761 patefit,
1517 2683 1656 2738 tum
1709 2672 1834 2738 sub
1891 2693 2137 2737 canone
2192 2672 2271 2736 de
2325 2672 2699 2739 nominibus
2756 2673 2822 2737 in
2878 2677 3007 2751 ᾢῖς

429 2798 580 2839 cum
624 2777 871 2857 ἔλαφος
924 2778 1250 2859 κρόταφος
1307 2784 1750 2864 comparatum
1803 2773 2009 2839 fuisse
2067 2776 2395 2857 Κέρκαφος
2450 2778 2657 2856 πατὴρ
2710 2781 2828 2842 τοῦ
2892 2778 3005 2842 Κα-

431 2880 669 2959 μείρου.
731 2876 958 2965 Neque
987 2900 1027 2942 a
1055 2900 1214 2944 vero
1247 2901 1350 2943 me
1378 2878 1685 2944 aberrare
1716 2877 1947 2963 opinor
1977 2886 2155 2941 ratus
2187 2877 2485 2943 omnibus
2516 2877 2887 2943 nominibus
2920 2878 3005 2943 ab

431 2978 720 3044 Arcadio
776 2978 1079 3065 prolatiS,
1137 2980 1371 3068 quibus
1428 3003 1512 3045 ex
1567 3001 1743 3044 more
1798 3000 1915 3044 suo
1971 2977 2439 3065 explicationes
2495 2979 2813 3062 detraxit,
2870 3002 3005 3063 eas,

430 3083 485 3145 si
546 3102 710 3167 quae
755 3103 859 3168 ap.
910 3081 1133 3169 steph.
1178 3083 1256 3147 B.
1302 3082 1573 3164 adsunt,
1630 3080 2031 3146 adiiciendas
2088 3102 2248 3145 esse.
2336 3080 2429 3146 Ut
2482 3082 2725 3147 nomini
2784 3084 3008 3148 Κάϊκος

428 3207 538 3271 ap.
581 3183 939 3248 Arcadium
980 3184 1095 3268 51,
1140 3184 1226 3248 24
1279 3207 1363 3249 ex
1412 3182 1784 3249 Herodiano
1842 3205 1949 3270 ap.
2003 3182 2309 3249 Eustath.
2355 3183 2509 3263 890,
2572 3184 2647 3248 17
2705 3183 3008 3249 addenda

431 3294 585 3351 sunt
638 3284 844 3351 verba
895 3289 1212 3372 ποταμός,
1267 3287 1418 3354 ὅθεν
1463 3287 1700 3368 ἄνεμος
1761 3286 2002 3351 καικίας
2056 3285 2241 3352 ἔνθεν
2308 3288 2561 3369 πνέων,
2629 3295 2694 3349 et
2760 3286 3007 3349 nomini

428 3391 668 3454 Δῶτος
712 3408 795 3451 ex
840 3385 1213 3454 Herodiano
1257 3411 1361 3476 ap.
1408 3390 1622 3476 ipsum
1667 3388 1762 3453 St.
1807 3387 1888 3452 Β.
1934 3388 1982 3479 ,ὁ
2024 3389 2394 3472 Πελαςγοῦ,
2450 3387 2576 3469 ἀφ’
2621 3386 2701 3454 οὗ
2745 3390 3006 3455 Δώτιον

427 3490 689 3574 πεδίον,
746 3490 839 3553 sic
902 3488 1102 3554 etiam
1164 3490 1409 3556 nomini
1466 3493 1673 3557 Γέλων
1731 3512 1814 3553 ex
1877 3489 1976 3554 St.
2031 3488 2107 3555 B.
2165 3491 2551 3578 apponenda
2611 3489 2914 3554 videntur
2969 3491 3007 3556 ὁ

432 3592 662 3672 Αἴτνης
715 3594 817 3658 καὶ
870 3591 1185 3677 Ὑμάρου,
1245 3593 1370 3676 ἀφ’
1425 3592 1504 3659 οὗ
1562 3595 1719 3659 Γέλα
1766 3593 1956 3659 πόλις
2013 3593 2319 3677 (ικελίας,
2378 3594 2467 3659 ὡς
2521 3593 2851 3673 Πρόξενος
2906 3594 3009 3658 καὶ

431 3694 796 3760 Ἑλλάνικος
849 3697 1011 3780 κτλ.,
1077 3696 1319 3760 nomini
1377 3697 1745 3761 Μύςκελλος
1801 3695 1957 3759 Arc.
2002 3696 2116 3776 54,
2181 3695 2258 3758 12
2316 3695 2522 3759 verba
2575 3695 2613 3759 ὁ
2673 3696 3007 3776 Κρότωνος

432 3797 721 3876 οἰκιςτής.
817 3788 972 3860 Sed'
1000 3818 1136 3861 non
1191 3795 1400 3863 solum
1463 3796 1544 3861 iis
1601 3794 1973 3878 vocabulis,
2041 3818 2207 3882 quae
2274 3796 2341 3860 in
2398 3794 2729 3861 Catholica
2793 3796 3003 3861 locum

430 3896 742 3962 habuisse
786 3896 1048 3963 aliunde
1092 3899 1361 3981 scimm,
1408 3922 1492 3964 ex
1537 3899 1757 3965 verbis
1803 3900 1870 3963 in
1902 3908 2210 3963 contextu
2240 3897 2661 3963 articulorum
2692 3897 3008 3984 Stephani

429 3999 664 4085 positis
710 3997 1179 4085 explicationes
1226 4001 1568 4067 addendae
1611 4010 1795 4082 sunt,
1854 3999 1969 4064 sed
2012 4000 2275 4065 nomina
2328 3999 2506 4086 ipsa,
2563 4022 2731 4086 quae
2784 3999 2853 4063 in
2909 3998 3009 4063 his

429 4100 769 4188 particulis
826 4101 1272 4189 reperiuntur,
1330 4102 1705 4168 Catholicae
1761 4101 2110 4167 tribuenda
2153 4111 2334 4186 sunt,
2392 4101 2567 4189 quod
2624 4124 2706 4167 ex
2750 4100 2852 4165 his
2899 4124 3008 4165 ex-

431 4204 664 4289 emplis
710 4204 996 4290 patebit:
1044 4228 1098 4271 e.
1132 4228 1196 4292 g.
1244 4206 1531 4291 (κάρφη,
1575 4204 1748 4293 quod
1794 4203 1995 4269 habet
2036 4205 2191 4269 Arc.
2242 4204 2380 4285 115,
2427 4205 2488 4286 7,
2535 4226 2640 4291 ap.
2672 4203 2896 4290 Steph.
2929 4203 3008 4266 B.

431 4307 704 4371 obvenit
768 4305 891 4371 sub
949 4307 1282 4392 Ἐτεωνός,
1351 4307 1611 4374 (ικανός
1676 4307 1796 4372 sub
1857 4306 2109 4372 (ικανία
2175 4316 2239 4372 et
2294 4308 2514 4390 Δηρά,
2583 4310 2819 4372 δαῦλος
2884 4306 3008 4370 sub

434 4410 710 4492 Δαυλίς,
756 4411 1001 4493 Βεςςοί,
1046 4408 1219 4495 quod
1250 4429 1354 4494 ap.
1386 4410 1539 4474 Arc.
1572 4408 1673 4490 76,
1712 4408 1790 4471 12
1836 4408 2060 4474 Βεςςός
2104 4410 2179 4473 τὸ
2223 4409 2474 4474 ἐθνικόν
2519 4409 2857 4494 reperitur,
2904 4430 3008 4493 ap.

436 4510 534 4575 St.
582 4509 657 4574 B.
705 4510 987 4576 occurrit
1029 4533 1080 4574 s.
1126 4511 1592 4593 Τετραχωρῖται
1638 4510 1699 4576 οἱ
1745 4513 1958 4578 Βεςςοί
2005 4510 2095 4576 ὡς
2140 4510 2437 4592 (τράβων
2482 4511 2749 4594 ἑβδόμῃ,
2806 4531 3009 4596 quare

434 4633 564 4676 non
620 4634 884 4677 necesse
940 4620 1041 4676 est
1092 4635 1199 4698 ap.
1255 4613 1410 4677 Arc.
1466 4612 1697 4677 Βυςςός
1758 4614 2104 4699 corrigere.
2202 4613 2374 4677 Hinc
2427 4610 2743 4676 concludo
2812 4609 3009 4674 etiam

437 4714 698 4779 nomina
747 4716 1013 4796 Κάρυςις
1058 4724 1125 4780 et
1182 4717 1432 4796 Ἀλινα,
1480 4736 1649 4801 quae
1703 4715 1829 4781 sub
1882 4716 2051 4796 Κρύα
2105 4723 2545 4779 memorantur
2599 4713 2669 4776 in
2726 4712 2863 4777 loco
2924 4737 3005 4778 ex

439 4816 859 4883 Artemidoro
914 4827 1202 4904 sumpto,
1258 4840 1373 4884 suo
1433 4816 1575 4882 loco
1629 4815 1698 4880 in
1756 4816 2099 4883 Catholica
2162 4815 2507 4882 inserenda
2572 4837 2748 4898 esse,
2816 4816 3010 4880 etiam
