3664 5546
1557 398 1976 447 PRAEFATIO.
2842 399 3057 447 CLXXI

477 553 636 634 328,
679 553 759 616 27
807 561 1068 637 propter
1112 554 1366 639 γυνήν),
1413 552 1825 616 Philemon
1873 553 2132 636 (Choer.
2181 553 2296 632 82,
2344 552 2459 633 25,
2491 552 2648 633 252,
2685 553 2828 638 35),
2877 552 3057 615 Phi-

479 652 685 718 letas
733 653 992 736 (Choer.
1041 655 1196 733 360,
1247 654 1358 734 16,
1407 654 1586 718 Pros.
1644 653 1897 719 Cathol.
1956 657 2027 719 in
2083 653 2296 718 Sehol,
2354 654 2437 718 ad
2482 654 2701 739 Apoll.
2763 656 2795 718 I
2844 655 3058 737 1297),

478 755 1012 842 PhrynichuS,
1069 755 1496 836 Pindarus,
1556 755 1911 821 Rhianus
1969 757 2276 840 (fortasse
2332 755 2503 819 idem
2551 777 2778 818 versus
2825 757 3063 819 citatur

478 881 518 921 a
560 857 792 921 Choer.
839 857 1017 921 Dict.
1068 857 1217 933 176,
1265 855 1307 920 6
1351 867 1416 921 et
1458 879 1499 920 a
1538 855 1763 942 Steph.
1810 879 1862 921 s,
1896 858 2268 941 Μελαιναί),
2315 856 2683 920 Simmiae
2729 858 2767 921 ὁ
2812 858 3059 922 Ῥόδιος

480 957 740 1042 (Choer.
777 958 885 1038 16,
918 957 1064 1040 35),
1113 958 1591 1039 SimonideS‚
1639 958 2116 1045 Sophocles,
2154 956 2651 1034 Theocritus
2696 957 2920 1043 (saepe
2952 980 3054 1042 ap.

479 1059 853 1147 Choerob.).

646 1179 866 1260 Quum
919 1189 1015 1244 tot
1068 1187 1300 1264 poetae
1356 1200 1552 1264 quum
1595 1180 1664 1242 in
1719 1178 1864 1242 aliis
1912 1179 2266 1243 Herodiani
2314 1178 2571 1263 seriptis
2631 1187 2697 1240 et
2746 1200 2850 1262 ap.
2898 1175 3058 1241 alios

477 1281 940 1367 epitomatores
999 1294 1136 1349 tum
1180 1304 1222 1346 a
1266 1279 1594 1366 Stephano
1639 1282 1921 1345 maxime
1977 1303 2093 1366 pro
2149 1280 2424 1344 testibus
2481 1302 2697 1343 rerum
2742 1301 3058 1363 gramma-

478 1386 786 1464 ticarum,
853 1381 1721 1468 interdnmasimillimarum
1787 1382 2166 1463 laudentur,
2245 1381 2418 1445 haud
2486 1403 2679 1464 aegre
2745 1380 3060 1444 concedes

477 1486 673 1549 etiam
729 1485 1011 1570 reliquos
1068 1492 1295 1572 poetas
1364 1484 1793 1569 antiquiores,
1863 1486 1972 1570 qui
2031 1507 2069 1548 a
2127 1483 2456 1569 Stephano
2522 1484 2838 1562 citantur,
2908 1483 3059 1565 quin

481 1608 647 1652 nunc
689 1589 757 1651 in
803 1588 1064 1672 scriptis
1109 1585 1543 1650 Herodianeis
1601 1595 1972 1666 occurrant,
2032 1587 2085 1649 si
2144 1585 2405 1672 quidem
2464 1594 2731 1670 propter
2786 1584 3063 1647 formam

478 1697 847 1770 externam,
905 1697 1172 1774 propter
1225 1687 1722 1771 originationem
1779 1686 2275 1766 vocabulorum,
2340 1694 2605 1772 propter
2662 1707 2895 1749 nomen
2952 1682 3061 1748 ali-

476 1789 649 1876 quod
695 1790 1068 1854 testandum
1109 1789 1486 1870 laudantur,
1535 1812 1619 1853 ex
1651 1789 2012 1853 Herodiani
2058 1790 2442 1853 auctoritato
2487 1778 2759 1852 laudariss

646 1908 776 1989 Qui
831 1916 1082 1972 restant
1143 1893 1491 1994 serithores
1552 1907 1882 1993 Stephano
1942 1917 2006 1972 et
2060 1906 2436 1971 Herodiano
2504 1928 2912 1985 communes,
2981 1927 3067 1968 ex

479 2009 808 2074 literarum
853 2008 1079 2074 ordine
1125 2009 1516 2074 enumerabo
1563 2032 1800 2093 genere
1847 2008 2216 2095 scriptionis
2263 2032 2389 2072 non
2438 2007 2769 2072 distinete.

647 2129 708 2191 A
723 2138 1085 2212 groetas:
1135 2128 1380 2193 Herod.
1425 2128 1603 2192 Mon.
1658 2129 1768 2210 11,
1815 2128 1902 2191 20
1945 2129 2231 2210 Ψύλλοε,
2286 2129 2609 2207 Ἀγροίταε
2654 2127 2711 2191 α’
2756 2127 3065 2206 Λιβυκῶν,

478 2230 888 2309 ἀνδρωθέντα
953 2233 1024 2295 δὲ
1088 2231 1204 2295 τὸν
1259 2230 1625 2312 Ἀμφίθεμιν
1682 2231 2013 2309 πληειάεαι
2078 2234 2215 2294 ταῖς
2283 2230 2559 2310 νύμφαι(
2614 2229 2715 2292 καὶ
2769 2230 3065 2304 γεννῆεαι

480 2335 715 2397 παῖδας
770 2332 1258 2415 Ἀδυρμαχίδαν,
1317 2332 1783 2414 Ἀραραύκηλα,
1844 2332 2172 2413 Ἀεβύταν,
2232 2315 2517 2410 Βᾶκαλα,
2578 2330 2840 2412 Μάκαν,
2897 2330 3064 2393 Ψύλ-

480 2437 675 2515 λον»,
731 2432 858 2513 ἀφ’
913 2430 993 2496 οὗ
1037 2433 1284 2497 Ψύλλοι
1338 2434 1414 2498 τὸ
1482 2433 1692 2497 ἔθνος.
1783 2431 1892 2494 Ex
1937 2431 2130 2494 simili
2178 2430 2549 2494 Catholicae
2606 2429 2743 2493 loeo
2791 2428 3069 2514 sumpsit

481 2535 574 2596 St.
623 2531 700 2594 B.
747 2532 901 2612 703,
955 2531 1031 2595 16
1075 2536 1220 2611 περὶ
1264 2536 1335 2598 δὲ
1379 2535 1656 2599 Ψύλλων
1702 2534 2052 2612 Ἡρόδοτος
2096 2532 2363 2617 τετάρτῃ
2406 2533 2782 2609 «Ναεαμῶει
2830 2532 3065 2609 προεό-

480 2634 708 2715 μουροί
766 2635 873 2699 εἰει
930 2633 1248 2716 Ψύλλοι»,
1307 2636 1603 2711 λέγονται
1662 2636 1733 2699 δὲ
1790 2633 1920 2699 ἀπὸ
1977 2634 2257 2699 Ψύλλου.
2346 2633 2520 2697 Hine
2575 2631 2922 2696 concludas
2982 2632 3066 2696 ab

481 2733 855 2799 Herodiano
900 2742 1266 2800 mutuatum
1312 2757 1453 2799 esse
1501 2733 1725 2818 Steph.
1757 2735 1837 2799 Β.
1870 2735 1972 2817 87,
2006 2736 2045 2799 5
2088 2736 2406 2816 Ἄμπελο(
2450 2734 2635 2800 πόλις
2680 2735 2750 2800 ἑν
2802 2735 3065 2818 Κυρήνῃ.

481 2837 804 2917 Ἀγροίταε
850 2838 921 2904 δὲ
965 2839 1085 2902 δύο
1131 2836 1350 2903 πόλει(
1395 2835 1560 2903 εἷναί
1602 2859 1783 2920 φηςι,
1828 2839 1945 2917 τὴν
1991 2839 2106 2919 μὲν
2152 2837 2321 2920 ἄνω,
2365 2839 2481 2916 τὴν
2527 2838 2598 2901 δὲ
2642 2835 2833 2901 κάτω.

648 2955 1117 3018 Alexander
1173 2956 1211 3020 ὁ
1260 2956 1612 3022 Μύνδιος
1658 2955 1729 3041 (i.
1776 2977 1834 3019 e.
1880 2953 2280 3042 Polyhistor)
2328 2978 2369 3019 a
2422 2953 2874 3020 Choeroboseo
2932 2951 3066 3016 lau-

482 3056 674 3121 datur
718 3056 859 3119 loeo
906 3057 1044 3119 sine
1090 3055 1289 3121 dubio
1338 3078 1420 3121 ex
1465 3056 1843 3122 Herodiano
1891 3056 2187 3121 derivato
2236 3056 2412 3120 Diet.
2460 3055 2574 3135 80,
2621 3055 2704 3117 23
2750 3055 2888 3124 ἷδυξ
2933 3055 3066 3120 ἴδυ-

482 3181 590 3223 κο(
636 3160 769 3240 (ἐπὶ
809 3160 921 3235 τῆς
965 3156 1230 3237 ἷκτιδοε)
1288 3159 1377 3223 ὡς
1425 3159 1839 3237 Ἀλέξανδρος
1895 3159 1933 3223 ὁ
1981 3159 2297 3240 Μύνδιος,
2353 3179 2392 3219 a
2442 3156 2769 3241 Stephano
2826 3158 3064 3242 saepis-

483 3261 642 3322 sime
687 3281 741 3322 e.
776 3280 838 3342 g.
887 3281 1006 3343 pro
1054 3266 1218 3323 teste
1263 3258 1387 3322 loci
1432 3259 1705 3323 alicuius
1735 3262 2001 3326 Ἄλινδα
2044 3259 2228 3324 πόλις
2277 3262 2503 3339 Καρία(
2548 3259 2637 3324 ὼε
2667 3259 3066 3339 Πολυίετωρ,

481 3363 675 3440 Ἄμοε
732 3361 916 3425 πόλι(
974 3360 1200 3438 Καρία(
1269 3361 1360 3425 ὼε
1426 3361 1859 3439 Ἀλέξανδρος.
1968 3362 2190 3436 Ἅγιον
2257 3361 2456 3426 τόπος
2518 3361 2812 3444 (κυθίαε,
2876 3361 2945 3425 ἐν
3013 3362 3066 3441 ᾧ

484 3463 850 3540 Ἀεκληπιὸ(
895 3462 1183 3541 ἐτιμᾶτο,
1232 3462 1322 3526 ὼ(
1365 3462 1741 3541 Πολυίετωρ
1788 3471 1903 3526 aut
1945 3472 2215 3547 propter
2257 3459 2519 3545 gentilis
2571 3460 2847 3525 formam
2894 3461 3066 3544 apud

467 3584 630 3626 eum
678 3562 939 3626 obviam
984 3584 1039 3625 e.
1088 3584 1153 3646 g.
1196 3562 1543 3643 Ἄμβαεονε
1603 3564 1962 3644 Ἀμβαείτηε
2008 3566 2098 3629 ὼ(
2143 3564 2182 3627 ὁ
2227 3564 2586 3641 πολυίετωρ
2618 3563 3064 3642 Ἀλέξανδρος

482 3664 597 3742 95,
649 3663 727 3726 10
771 3671 1037 3748 propter
1081 3662 1324 3746 gentile
1370 3665 1868 3743 Ἀνητουεεαῑοε.

652 3778 1250 3844 Alexandrides
1319 3802 1360 3844 a
1424 3779 1879 3847 Choeroboseo
1945 3782 2102 3863 373,
2160 3782 2243 3847 25
2307 3788 2577 3867 propter
2642 3782 3065 3847 masculinam

483 3883 765 3968 speeiem
820 3884 936 3948 τὸν
993 3883 1359 3963 κιννάβαριν
1417 3906 1498 3947 ex
1543 3886 1932 3950 auctoritate
1987 3881 2235 3948 seilicet
2288 3883 2647 3948 Herodiani
2715 3884 3065 3967 profertur,

483 4006 524 4046 a
568 3983 899 4068 Stephano
945 4006 998 4046 s.
1041 3975 1413 4064 napvac'c6c
1459 3993 1724 4070 propter
1768 3993 2033 4071 etymon
2086 3986 2326 4049 montis
2384 3984 2717 4070 Delphici:
2781 3986 2943 4049 ἔνιοι
2996 3986 3067 4049 δέ

482 4107 677 4167 φαειν
722 4085 852 4150 ἀπὸ
882 4085 1264 4165 Παρναεεοῦ
1293 4087 1671 4165 Παρναεεὸν
1715 4078 2003 4167 τοῦνομα
2048 4091 2297 4168 λαβεῖν,
2344 4088 2422 4153 ὃν
2468 4088 2569 4151 καὶ
2615 4087 3066 4165 μαντεύεαεθαι

482 4188 696 4271 Πυθοῖ
738 4193 1032 4270 πρῶτον,
1092 4187 1182 4253 ὡ(
1229 4184 1700 4268 Ἀλεξανδρίδηε
1756 4192 1947 4271 φηεὶν
2003 4189 2073 4254 ἐν
2128 4191 2366 4271 πρώτῳ
2421 4190 2566 4267 περὶ
2620 4190 2738 4252 τοῦ
2784 4189 2854 4253 ἐν
2898 4188 3067 4252 Δελ-

484 4292 639 4370 φοῖς
682 4289 1058 4368 χρηστηρίου
1072 4338 1090 4370 ,
1146 4288 1232 4352 ad
1280 4288 1552 4353 eundem
1597 4288 1971 4353 Meinekius
2018 4290 2433 4353 referendum
2490 4288 2736 4353 iudicat
2778 4286 3066 4352 Meinek.

486 4387 832 4454 articulum
875 4389 1079 4473 Λύλη,
1124 4388 1239 4452 ubi
1280 4390 1691 4470 Ἀλέξανδρος
1737 4392 2017 4476 δευτέρῳ
2061 4394 2207 4471 περὶ
2234 4392 2559 4472 Λυκωρεία
2598 4389 2908 4475 seriptum
2951 4398 3099 4454 est·

656 4506 1149 4572 Aristoteles
1208 4509 1466 4594 saepius
1534 4509 1773 4573 citatur
1828 4530 1869 4571 a
1914 4508 2206 4593 Theogn.
2263 4510 2330 4572 in
2382 4509 2579 4573 rebus
2625 4507 3067 4593 grammaticis

483 4608 751 4696 p..135,
796 4607 912 4689 303
963 4608 1111 4688 136,
1157 4608 1228 4687 4,
1277 4632 1315 4673 a
1359 4607 1676 4673 Choerob.
1725 4610 1836 4689 75,
1883 4610 1965 4673 23
2011 4620 2278 4696 propter
2320 4611 2699 4695 genetivum
2751 4610 3067 4675 Μέδωνοε

484 4732 602 4796 pro
650 4711 984 4776 Μέδοντος
996 4758 1015 4793 ,
1060 4732 1100 4773 a
1145 4709 1366 4795 steph.
1402 4710 1476 4774 B.
1511 4733 1569 4774 e.
1599 4732 1661 4794 g.
1696 4720 1962 4797 propter
2005 4721 2268 4797 etymon
2311 4709 2563 4776 insulae
2591 4712 3066 4790 Πορφύρουεα;

487 4813 773 4878 ἐκαλεῖτο
821 4812 892 4875 δὲ
920 4812 1362 4891 Πορφύρουεα
1406 4813 1510 4878 διὰ
1552 4813 1629 4878 τὸ
1674 4814 1909 4880 κάλλος
1953 4818 2084 4879 τῶν
2129 4815 2274 4892 περὶ
2317 4814 2516 4893 αὐτὴν
2548 4820 2932 4895 πορφυρῶν,
2978 4812 3068 4878 ὼ(
