3664 5546
1237 350 1395 407 ΠΕΡΙ
1437 348 1829 406 ΚΑΘΟΛΙΚΗ(
1866 348 2289 406 ΠΡΟΕΩιΔΙΑ(
2323 348 2385 403 Ζ.
2993 350 3114 415 183

529 524 723 592 πάλιν
792 523 1040 603 «ἀςτέρ’
1104 522 1409 608 ὀπωρινῷ
1480 521 1881 599 ἐναλίγκιον»
1946 522 2020 604 (Ε
2087 520 2174 604 5).
2272 522 2629 605 ταχινός,
2707 520 3112 607 ἀληθινός,

530 626 1038 710 λεπτακινός,
1100 624 1568 709 οὐδαμινός,
1633 624 2103 709 φυζακινός,
2157 624 2520 709 πυκινός,
2576 623 2925 708 ῥαδινός,
2980 646 3109 692 πε-

529 731 762 797 δινός.
1101 775 1112 791 .

696 832 789 897 Τὰ
831 831 920 898 εἰς
965 833 1103 897 ιν““ο-ς
1148 831 1389 912 μακρὸν
1430 830 1666 911 ἔχοντα
1708 832 1784 896 τὸ
1828 832 1864 893 ’ἰ
1906 828 2025 897 ὅςα
2068 829 2140 896 ἑν
2183 828 2366 895 ὕδατι
2406 833 2749 913 διαιτᾶται,
2802 850 3108 909 προπερι-

529 937 785 1018 ςπᾶται,
830 934 1126 1014 ἐχῖνος·
1171 933 1299 999 ἔςτι
1343 935 1446 999 καὶ
1475 934 1761 1013 μάντεως
1792 931 2028 1013 ὄνομα·
2073 931 2201 998 ἔςτι
2231 932 2334 998 καὶ
2376 928 2621 1012 Ἐχῖνος
2665 933 2852 998 πόλις
2889 932 3105 1011 Ἀκαρ-
3135 941 3167 992 5

526 1038 746 1104 νανίας
799 1038 1046 1118 Ἐχίνου
1100 1036 1329 1116 κτίςμα.
1398 1033 1554 1101 ’ἔςτι
1607 1036 1711 1099 καὶ
1764 1033 2118 1100 Θεςςαλίας.
2214 1032 2468 1101 -Ῥιανὸς
2535 1033 2849 1115 «Ἐχίονος
2910 1033 3104 1100 ἄςτυ»

523 1139 758 1221 ταύτην
803 1138 1001 1206 εἶπεν.
1087 1140 1255 1205 τινὲς
1298 1139 1369 1204 δὲ
1413 1139 1515 1203 καὶ
1558 1137 1927 1218 Ἐχινοῦντά
1970 1157 2123 1218 φαςι
2176 1137 2294 1218 τήν
2338 1136 2556 1217 αὐτήν.
2644 1139 3105 1221 κορακῖνος,

522 1246 877 1323 φοξῖνος.
965 1241 1363 1321 ςεςημείωται
1416 1242 1493 1306 τὸ
1536 1240 1906 1319 καρκίνος
1959 1239 2488 1320 παροξυνόμενον
2543 1237 2647 1304 ἐπί
2701 1259 2771 1305 τε
2821 1243 2939 1306 τοῦ
2982 1244 3103 1324 Ζῳ-

522 1344 662 1409 δίου
707 1348 824 1408 τοῦ
870 1343 940 1409 ἐν
985 1344 1245 1429 οὐρανῷ
1290 1342 1528 1424 ὁμοίως
1572 1343 1675 1407 καὶ
1716 1346 1832 1407 τοῦ
1877 1342 2214 1408 θαλαςςίου
2256 1342 2297 1421 ἢ
2343 1340 2625 1419 ἐπιγείου
2668 1341 2708 1421 ἢ
2752 1342 2856 1408 καὶ
2884 1342 3103 1421 κυρίου

454 1527 459 1531 ⁴
520 1448 622 1511 καὶ
664 1449 781 1511 τοῦ
826 1445 1188 1525 ἐργαλείου·
1233 1445 1315 1510 οὐ
1343 1445 1468 1523 γὰρ
1511 1445 1705 1521 ὑγιῶς
1748 1464 1917 1510 τινες
1959 1448 2152 1510 τοῦτο
2197 1443 2815 1524 προπαροξύνουςιν.
2903 1444 3098 1524 ἐχρῆν
3138 1453 3202 1505 10

520 1549 592 1614 δὲ
634 1551 1178 1628 προπεριςπᾶςθαι
1242 1548 1318 1612 τὸ
1380 1546 1691 1625 καρκίνος.
1798 1547 1905 1612 καὶ
1966 1548 2042 1611 τὸ
2107 1548 2436 1625 γυρῖνος
2493 1550 2997 1626 προπεριςπᾶται
3063 1547 3102 1612 ὁ

518 1652 736 1731 μικρὸς
783 1652 1113 1732 βάτραχος.
1201 1650 1458 1715 τούτοις
1514 1650 1585 1714 δὲ
1641 1648 1880 1730 ὁμοίως
1935 1649 2039 1714 καὶ
2096 1650 2171 1714 τὸ
2227 1648 2530 1715 ἰκτῖνος
2574 1648 2613 1714 ὁ
2657 1648 2835 1738 ὄρνις
2880 1650 2982 1714 καὶ
3023 1651 3100 1715 τὸ

518 1753 754 1832 κύριον.
842 1753 1164 1818 Ἰκτῖνος
1208 1752 1280 1817 δὲ
1323 1751 1499 1830 παρὰ
1542 1752 1846 1818 Ἀττικοῖς
1889 1751 2009 1818 οὐκ
2051 1749 2287 1831 ἄςημος
2330 1751 2732 1832 δημιουργός.

685 1855 801 1942 Τά,
836 1853 926 1920 είς
980 1857 1118 1920 ιν-οῗ
1172 1853 1408 1933 ἔχοντα
1462 1854 1536 1919 τὸ
1581 1853 1615 1917 ῖ
1669 1854 1913 1933 μακρὸν
1978 1854 2412 1934 προςηγορικά
2478 1854 2851 1935 βαρύνεςθαι
2908 1855 3098 1940 θέλει,

515 1958 879 2041 κάμινος,
920 1957 1278 2038 κύμινος,
1324 1956 1812 2037 κυκλάμινος.
1903 1956 2135 2023 ςπάνια
2179 1957 2250 2022 δὲ
2293 1956 2375 2020 τὰ
2418 1954 2698 2023 ὀξύτονα
2742 1956 3011 2037 ἐρινός
3056 1957 3094 2023 ὁ
3135 1962 3198 2016 15

517 2059 760 2138 ἐρινεός
803 2059 907 2124 καὶ
949 2059 986 2123 ὁ
1032 2057 1379 2138 χαλινός.
2223 2075 2226 2080 ·

682 2161 777 2226 Τὰ
821 2159 909 2227 εἰς
951 2163 1091 2226 svb—c
1132 2162 1209 2225 τὸ
1252 2160 1287 2223 ῖ
1329 2161 1572 2252 μακρὸν
1617 2160 1854 2240 ἔχοντα
1897 2163 2110 2245 κύρια,
2155 2161 2372 2227 ἐθνικά
2413 2162 2454 2240 ἢ
2500 2160 2820 2227 ἐπιθετικὰ
2861 2164 2901 2242 ἢ
2933 2162 3093 2229 ὑπο·
3161 2179 3176 2190 ·

515 2265 882 2342 κοριςτικῶν
946 2262 1207 2329 ἔννοιαν
1273 2261 1510 2342 ἔχοντα
1580 2268 2171 2346 προπεριςπῶνται,
2244 2264 2601 2348 Φιλῖνος,
2681 2265 3093 2349 Κρατῖνος,

514 2366 813 2445 Ἐχῖνος
850 2366 929 2429 τὸ
959 2365 1204 2449 κύριον,
1239 2361 1605 2430 Γεντῖνός
1628 2365 1825 2431 πόλις
1859 2364 2187 2449 Τρωάδος,
2225 2367 2598 2446 Γρηςῖνος
2631 2366 2820 2432 πόλις
2856 2366 3092 2445 Χερρο-

514 2469 730 2551 νήςου,
756 2466 1137 2532 (τουῖνος
1166 2465 1353 2531 πόλις
1382 2466 1674 2546 Λιγύρων
1708 2470 1810 2532 καὶ
1842 2467 1880 2532 ὁ
1912 2467 2173 2546 πολίτης
2207 2467 2588 2548 ὁμοφώνως.
2633 2468 3094 2547 Ὑρτακῖνος
3127 2488 3197 2539 20

511 2571 697 2635 πόλις
746 2569 1016 2652 Κρήτης,
1060 2570 1099 2647 ἢ
1145 2570 1246 2632 καὶ
1288 2568 1625 2651 Ὑρτακός,
1673 2567 1775 2634 καῖ
1817 2569 1856 2634 ὁ
1900 2569 2165 2649 πολίτης
2209 2569 2581 2650 ὁμωνύμως.
2668 2571 3092 2640 Φαιςτῖνος

510 2672 697 2738 πόλις
756 2671 1022 2752 Κρήτης,
1088 2673 1127 2750 ἢ
1171 2671 1293 2750 {mi
1344 2669 1652 2754 Φαῖςτος,
1717 2672 2038 2751 Κεςτρῖν
2058 2679 2142 2736 ος
2195 2671 2368 2751 ἥρως
2421 2673 2525 2737 καὶ
2565 2672 2786 2757 ἔθνος,
2840 2673 3092 2741 Ῥιανὸς

509 2773 791 2859 τετάρτῳ
857 2773 1254 2840 Θεςςαλικῶν
1321 2773 1688 2852 «Κεςτρῖνοι
1766 2772 2005 2839 Χαῡνοί
2075 2794 2145 2840 τε
2222 2777 2324 2841 καὶ
2389 2776 2735 2857 αὐχήεντες
2779 2777 3094 2859 ’Ἐλινοί»,

508 2877 908 2956 Ἐρυθῖνος
963 2876 1149 2942 πόλις
1190 2875 1685 2956 Παφλαγονίας·
1740 2878 1990 2952 λέγεται
2042 2879 2116 2942 δὲ
2169 2878 2344 2958 παρὰ
2386 2878 2462 2943 τὸ
2506 2877 2786 2957 ἔρευθος.
2859 2879 3086 2946 Ἀπολ-

509 2980 745 3046 λώνιος
802 2978 1168 3044 «αἰπεινούς
1219 2998 1290 3043 τε
1344 2979 1543 3057 παρὲξ
1598 2977 1853 3044 ἐνέοντ’
1896 2979 2298 3059 Ἐρυθίνους»
2361 2978 2753 3066 (Arg-ouant.
2796 2980 2869 3064 2,
2916 2981 3086 3066 941).
3123 2998 3188 3051 25

508 3085 610 3147 καὶ
652 3082 937 3163 Ὅμηρος
983 3082 1125 3146 «καὶ
1169 3080 1464 3160 ὑψηλοὺς
1507 3080 1907 3159 Ἐρυθίνους»
1953 3082 2030 3164 (Β
2075 3080 2228 3165 855)
2272 3084 2376 3148 καὶ
2416 3083 2493 3149 τὸ
2539 3083 2792 3150 ἐθνικὸν
2837 3084 3083 3165 ὅμοιον.

506 3184 610 3251 Λα
623 3188 948 3265 μητῑνος
990 3183 1179 3249 πόλις
1219 3182 1475 3249 Ἰταλίας
1517 3180 1646 3248 ἀπὸ
1677 3183 1974 3264 Λαμήτου
2019 3189 2314 3266 ποταμοῦ
2356 3185 2521 3264 πρὸς
2563 3186 2860 3265 Κρότωνι.
2912 3186 3083 3252 Ἑκα-

505 3289 686 3351 ταῖος
716 3286 987 3369 Εὐρώπῃ
1033 3285 1143 3350 «ἐν
1187 3286 1258 3350 δὲ
1288 3274 1580 3365 Λάμητος
1623 3286 1941 3371 ποταμός,
1985 3286 2056 3352 ἐν
2100 3288 2173 3352 δὲ
2215 3288 2616 3368 Λαμητῖνοι».
2673 3289 2777 3354 καὶ
2818 3289 2856 3354 ὁ
2900 3289 3082 3354 πολί-

505 3409 616 3468 της
670 3388 1041 3468 Λαμητῖνος.
1128 3388 1497 3470 Λατῖνος,
1552 3388 2018 3472 Λεοντῖνος,
2084 3388 2471 3473 Ῥηγῖνος,
2540 3391 3080 3475 Μαμερτῖνος,

508 3489 1143 3573 Ἀκραγαντῖνος,
1198 3489 1613 3572 Ἰναχῖνος,
1674 3490 2198 3575 Ταραντῖνος,
2266 3490 2631 3575 (αβῖνος,
2690 3492 3076 3574 Νουκερῖ-
3113 3510 3181 3563 30

503 3611 655 3657 νος.
699 3590 1025 3672 Πολύβιος
1067 3591 1274 3676 τρίτῳ.
1334 3593 1760 3658 Νεπεςῖνος
1803 3592 1937 3658 ἀπὸ
1979 3597 2096 3659 τοῦ
2143 3594 2426 3660 Νέπετος
2470 3594 2627 3659 κατὰ
2668 3597 2917 3675 τροπὴν
2960 3600 3080 3662 τοῦ

503 3796 675 3846 usque
713 3780 784 3830 ad
820 3779 979 3830 finem
1013 3796 1081 3831 ex
1114 3780 1361 3846 Theogn.
1410 3787 1464 3832 et
1500 3778 1695 3835 Choer.
1732 3779 1890 3838 Orth,
1931 3781 1968 3832 1.
2003 3798 2076 3844 c.,
2111 3782 2213 3833 An.
2250 3780 2350 3832 Ox.
2385 3782 2422 3836 1.
2461 3799 2532 3847 e.,
2565 3783 2747 3849 Epim.
2777 3783 2837 3833 in
2871 3783 3075 3836 Psalm.

505 3853 629 3912 131,
668 3851 748 3900 29.
939 3848 976 3899 1.
1008 3850 1042 3897 4
1089 3849 1234 3899 hunc
1280 3864 1543 3901 canonem
1590 3847 1807 3914 explevi
1863 3854 1920 3901 et
1966 3850 2174 3901 correxi
2217 3856 2441 3903 secutus
2479 3850 2727 3904 Lobeek.
2770 3851 2936 3904 Proll.
2977 3855 3076 3905 207

501 3923 558 3968 et
584 3920 730 3971 Mon.
765 3918 849 3979 20,
887 3918 966 3966 17.
1003 3942 1069 3950 -—-
1105 3914 1287 3980 ἐχῖνος
1322 3917 1545 3984 explevi
1581 3933 1648 3968 ex
1687 3918 1764 3969 St.
1803 3920 1867 3969 B.
1934 3920 2071 3970 Post
2104 3918 2332 3982 φοξῖνος
2367 3920 2627 3986 leg-untur
2662 3935 2751 3985 ap.
2784 3919 3076 3972 Arcadium

502 3988 775 4049 καρκῖνος.
846 3981 1017 4049 ἐχρῆν
1052 3983 1143 4035 καὶ
1178 3986 1402 4050 γυρῑνος
1437 3986 1914 4051 προπεριςπᾶςθαι
1958 3985 1991 4037 ὁ
2029 3985 2220 4052 μικρὸς
2257 3984 2545 4053 βάτραχος.
2613 3987 2677 4038 In
2712 3986 2820 4037 fine
2866 3984 3075 4042 ἰκτῖνος

500 4060 557 4104 et
595 4052 819 4104 Ἰκτῖνος
854 4053 1088 4118 apposui
1124 4068 1191 4103 ex
1224 4053 1480 4106 Eustath.
1509 4056 1657 4118 1825,
1695 4058 1781 4106 10:
1822 4052 1910 4105 ὅτι
1947 4053 2037 4105 καὶ
2075 4053 2300 4120 Ἀττικὴ
2337 4055 2479 4109 λέξις
2516 4054 2548 4107 ὁ
2584 4054 2942 4121 δημιουργός,
2980 4055 3073 4122 δη-

501 4122 589 4172 λοῖ
624 4119 715 4172 καὶ
754 4117 1094 4185 Ἡρωδιανὸς
1130 4116 1396 4186 ίςτορῶν,
1435 4120 1522 4173 ὅτι
1561 4121 1784 4173 Ἰκτῖνος
1831 4121 1984 4187 παρὰ
2022 4120 2312 4175 Ἀττικοῖς·
2335 4122 2439 4175 οὐκ
2483 4122 2691 4190 ᾰςημος
2736 4122 3072 4189 δημιουργὸς

501 4187 801 4252 ὁμώνυμος
844 4191 930 4255 τῷ
975 4187 1178 4254 ὄρνιθι,
1232 4187 1300 4240 οὗ
1355 4189 1446 4240 καὶ
1489 4190 1596 4255 τὴν
1643 4188 2076 4255 περιςπωμένην
2122 4188 2386 4254 φυλάςςει
2431 4190 2492 4243 ἐν
2537 4195 2609 4258 τῇ
2657 4190 3073 4258 παραληγούςῃ.

498 4257 660 4308 Unde
696 4254 938 4308 efficitur
958 4257 1372 4323 Theognostum
1404 4255 1615 4310 ἴκτινος
1651 4262 2127 4325 proparoxytonos
2159 4259 2490 4311 scribentem
2511 4261 2820 4327 scripturae
2855 4263 3072 4311 tantum

500 4341 598 4391 per
633 4328 684 4388 ἶ,
729 4340 840 4375 non
883 4329 1148 4377 accentus
1200 4341 1491 4377 memorem
1534 4326 1731 4390 fuisse,
1777 4328 1922 4377 sicut
1964 4326 2134 4377 etiam
2174 4328 2398 4377 nomina
2438 4328 2595 4379 brevi
2638 4334 2695 4380 et
2737 4326 3003 4394 producto
3037 4330 3073 4381 ἶ

499 4391 791 4458 praefinita
825 4393 1155 4461 commisoet.
1323 4394 1361 4445 l.
1402 4397 1466 4444 14
1509 4397 1744 4461 priorem
1790 4394 2018 4446 canonis
2055 4398 2270 4460 partem
2303 4410 2478 4461 usque
2515 4395 2585 4445 ad
2621 4392 2957 4460 κυκλάμινος
3002 4413 3071 4448 ex

495 4461 785 4513 vocabulis
830 4477 864 4511 a
898 4462 1254 4528 Theognosto
1298 4460 1527 4528 prolatis
1571 4462 1869 4528 composui.
1939 4464 2025 4512 De
2069 4461 2294 4526 χαλινός
2330 4464 2433 4515 An.
2471 4464 2569 4515 Ox.
2607 4464 2665 4514 ΙΙ
2697 4466 2822 4528 423,
2864 4467 2952 4516 10:
2996 4464 3070 4517 τὰ

496 4529 585 4581 διὰ
619 4531 722 4581 τοῦ
759 4530 876 4582 tvo-c
910 4528 1164 4593 ὀνόματα
1199 4529 1440 4583 δξύτονα
1486 4531 1560 4597 μὴ
1607 4529 1747 4582 ὄντα
1792 4528 2106 4595 παρώνυμα
2152 4528 2239 4582 διὰ
2275 4529 2507 4596 βραχέος
2541 4534 2644 4583 τοῦ
2680 4536 2716 4586 ῖ
2750 4528 2874 4583 οἷον
2910 4546 3067 4585 πυκι-

497 4597 621 4663 νός,
667 4595 928 4663 ἀληθινός
972 4597 1125 4663 πλὴν
1166 4601 1269 4650 τοῦ
1314 4598 1553 4663 χαλινός.
1627 4600 1801 4650 τοῦτο
1845 4596 1907 4649 δὲ
1949 4597 2037 4650 ὅτι
2080 4597 2194 4651 ἑςτί
2237 4599 2328 4651 καὶ
2378 4598 2575 4652 οὐδέτε
2612 4614 2680 4651 ον
2730 4598 2804 4653 τὰ
2853 4600 3066 4665 χαλινά.

498 4665 576 4718 ως
632 4664 735 4717 οὖν
791 4664 1087 4719 διαλλάξαν
1142 4665 1285 4718 κατὰ
1336 4666 1409 4720 τὰ
1461 4665 1633 4733 ἄλλα,
1687 4663 1946 4730 διήλλαξε
1999 4667 2090 4719 καὶ
2142 4666 2286 4721 κατὰ
2336 4666 2442 4720 τὸν
2494 4682 2561 4734 χρ
2599 4683 2715 4721 νον.
2917 4668 2953 4720 l.
3002 4673 3066 4721 19

496 4734 731 4785 Nomina
787 4734 915 4785 inde
975 4751 1008 4785 a
1071 4734 1324 4788 Γεντῖνος
1382 4741 1606 4802 praeter
1657 4734 1895 4787 Λατῖνος
1947 4751 2121 4803 usque
2185 4735 2258 4787 ad
2321 4734 2703 4802 Μαμερτῖνος,
2770 4753 2911 4805 quae
2975 4754 3064 4806 ap.

494 4802 692 4854 Aread.
740 4807 987 4865 exstant,
1039 4819 1107 4854 ex
1154 4803 1342 4867 Steph.
1384 4806 1541 4870 Byz.,
1586 4805 1683 4870 'qui
1729 4803 1795 4854 de
1834 4803 2261 4869 Ἀκραγαντῖνος
2306 4805 2510 4858 diserte
2557 4805 2755 4858 edicit:
2807 4805 2878 4860 τὸ
2923 4804 3064 4860 ἐθνι-

496 4868 599 4921 κὸν
658 4869 1084 4942 Ἀκραγαντῖνος
1137 4869 1216 4924 ὡς
1270 4871 1528 4937 Ἰναχῖνος
1581 4870 1951 4938 Ταραντῖνος,
2006 4871 2086 4926 ὥς
2137 4887 2304 4939 φηςιν
2358 4873 2713 4940 Ἡρωδιανὸς.
2785 4874 3062 4943 Ἐρυθῖνος
