3664 5546
1528 427 1947 479 PRAEFATIO·
2759 429 3038 478 xxxxul

456 585 741 667 viorum3
789 594 857 651 at
902 607 1078 666 eam,
1123 606 1293 671 quae
1337 607 1595 650 sursum
1641 594 1774 666 est,
1822 583 2115 650 Glaucus
2146 583 2628 665 ἐπιτεταμένην,
2673 585 2828 647 item
2873 583 3038 648 alius

456 686 679 769 aliter,
739 687 854 752 sed
910 709 1100 751 nemo
1146 681 1361 751 adhuc
1405 686 1616 752 levem
1659 686 1957 765 vocavit,
2014 685 2313 773 quamvis
2356 684 2426 748 id
2471 695 2613 750 erat
2654 685 2843 769 gravi
2883 707 3036 750 con·

456 789 761 871 trarium,
817 810 1047 855 verum
1101 810 1179 852 ea
1230 811 1465 854 nomen
1520 788 1771 854 obtinet
1826 789 2071 872 ὀξεῖαν,
2128 787 2327 853 latine
2383 796 2574 852 acuta
2587 833 2605 868 ,
2661 785 2812 852 idco
2860 787 3036 874 quod

458 891 668 957 tenuis
728 899 793 955 et
848 913 1055 956 omne·
1095 900 1358 954 acutum
1411 897 1624 954 tenue.
1725 890 1907 955 Inter
1972 889 2090 953 has
2147 899 2247 953 est
2312 891 2492 972 μέεη,
2547 887 2746 953 latine
2802 888 3037 970 media,

456 977 611 1079 quia
654 992 840 1057 limes
882 1000 1015 1074 est,
1063 1014 1180 1079 per
1224 1013 1416 1077 quem
1460 992 1629 1056 duae
1673 989 2090 1077 supradictae
2138 988 2307 1055 ultro
2336 990 2625 1075 citroque
2654 999 3037 1055 commeant.

457 1093 753 1176 Quartae
808 1092 934 1170 illi,
994 1116 1160 1180 quae
1213 1094 1461 1180 priores
1518 1093 1683 1158 duas
1740 1093 2108 1176 coniungit,
2174 1091 2330 1177 quia
2382 1093 2611 1156 ceteris
2666 1092 3040 1177 perplexior

456 1205 588 1277 est,
634 1196 822 1281 plura
867 1205 1021 1259 sunt
1052 1195 1394 1261 vocabula.
1462 1196 1926 1260 Ammonius
1958 1192 2481 1275 Alexandreius,
2527 1192 2638 1278 qui
2667 1189 3037 1259 Aristarchi

456 1296 716 1363 scholae
760 1300 1108 1376 successit,
1167 1299 1486 1379 ὀξύβαρυν
1529 1307 1755 1378 vocat,
1811 1296 2187 1384 Ephorus
2232 1304 2449 1360 autem
2493 1295 2819 1381 Cymaeus
2865 1297 3037 1376 περί-

457 1422 711 1482 επαειν,
758 1399 1206 1486 Dionysius
1254 1397 1600 1488 Olympius
1657 1400 1931 1483 ἄτονον,
1989 1397 2566 1462 Hermocrates
2620 1396 2834 1461 Iasius
2892 1398 3038 1479 (ύμ-

456 1506 765 1585 πλεκτον,
813 1501 1339 1587 Epicharmus
1386 1501 1777 1587 Syracusius
1824 1501 2276 1580 κεκλαεμένην;
2333 1520 2562 1564 verum
2617 1519 2692 1562 ea
2735 1520 2908 1562 nunc
2952 1499 3036 1564 ab

456 1602 757 1668 omnibus
824 1606 1267 1683 περιεπωμένη
1331 1624 1565 1688 graece
1628 1610 1936 1684 vocatur,
2019 1600 2196 1687 apud
2264 1623 2381 1664 nos
2447 1599 2650 1681 flexa,
2731 1601 3037 1687 quoniam

454 1705 668 1790 primo
713 1714 931 1770 erecta
972 1726 1199 1769 rursus
1246 1705 1314 1767 in
1357 1725 1626 1788 gravem
1671 1703 1975 1769 flectitur.

624 1805 728 1871 25.
786 1807 1002 1871 Acuta
1059 1804 1292 1872 exilior
1346 1816 1413 1872 et
1464 1806 1730 1871 brevior
1784 1814 1851 1870 et
1907 1807 2084 1870 omni
2137 1804 2332 1870 modo
2386 1805 2597 1868 minor
2654 1814 2785 1886 est,
2842 1827 3038 1891 quam

454 1909 709 1992 gravis,
764 1917 840 1972 ut
883 1917 985 1972 est
1029 1905 1223 1971 facile
1268 1930 1352 1971 ex
1396 1908 1647 1972 musica
1690 1928 2118 1991 cognoscere,
2174 1907 2361 1972 cuius
2415 1907 2637 1990 imago
2694 1905 3035 1992 prosodia3

455 2031 606 2072 nam
652 2017 717 2073 et
758 2010 825 2074 in
871 2008 1123 2073 cithara
1165 2009 1469 2096 omnique
1512 2008 1822 2096 psalterio
1868 2030 1997 2094 quo
2041 2030 2335 2095 quaeque
2377 2007 2623 2073 chorda
2667 2009 2918 2072 acutior
2962 2030 3036 2072 eo

456 2109 722 2191 exilior,
768 2120 836 2174 et
872 2111 1038 2176 tibia
1076 2120 1257 2175 tanto
1302 2120 1404 2175 cst
1433 2134 1595 2176 voce
1637 2112 1927 2177 acutiore
1957 2120 2199 2197 quanto
2231 2133 2393 2176 cavo
2430 2110 2841 2194 angustiore,
2874 2110 3037 2174 adeo

454 2222 529 2276 ut
559 2211 886 2276 corniculo
914 2222 1028 2277 aut
1048 2212 1398 2298 bombycio
1410 2213 1474 2298 ²¹²)
1497 2212 1722 2278 addito
1747 2213 2012 2297 gravior
2033 2210 2369 2292 reddatur,
2402 2211 2576 2297 quod
2599 2212 2882 2276 crassior
2904 2212 3042 2276 exit

453 2313 519 2375 in
565 2334 737 2376 acra.
824 2313 1228 2378 Brevitatem
1275 2336 1531 2400 quoque
1574 2323 1804 2379 acutae
1842 2314 2021 2379 vocis
2063 2314 2133 2377 in
2173 2311 2408 2377 iisdem
2452 2314 2714 2398 organis
2752 2312 3040 2377 animad-
3138 2319 3142 2323 '

457 2423 712 2479 vertere
744 2414 986 2494 licebit,
1019 2415 1338 2500 siquidem
1369 2415 1563 2501 pulsu
1600 2414 1990 2481 chordarum
2019 2414 2211 2480 citius
2246 2424 2442 2479 acuta
2472 2413 2863 2495 transvolat,
2892 2435 3036 2498 gra·
3105 2499 3111 2503 Ι

455 2514 557 2578 vis
593 2525 811 2580 autem
846 2515 1090 2580 diutius
1124 2517 1391 2582 auribus
1421 2517 1838 2599 immoratur3
1882 2517 2076 2582 etiam
2107 2517 2292 2602 ipsae
2322 2514 2637 2597 chordae,
2669 2537 2838 2600 quae
2868 2537 3039 2578 cras-

457 2616 592 2680 sius
623 2629 879 2698 sonant,
913 2617 1237 2701 longiores
1269 2617 1599 2697 videntur,
1634 2619 1787 2704 quia
1814 2616 2030 2681 laxi'us
2062 2616 2450 2698 tenduntur3
2481 2617 2695 2680 *item
2722 2616 2788 2680 in
2821 2614 3042 2679 fistula

457 2718 587 2784 duo
617 2718 849 2783 calami
880 2719 1290 2800 brevissimi,
1323 2720 1432 2806 qui
1465 2720 1880 2785 acutissimae
1908 2718 2117 2802 vocis;
2165 2718 2366 2784 tibiae
2402 2741 2528 2805 quo
2559 2718 2881 2784 acutiores
2899 2766 2917 2799 ,
2962 2739 3038 2782 eo

456 2821 826 2902 breviores,
882 2831 949 2885 et
988 2821 1087 2885 his
1132 2821 1455 2885 foramina
1494 2844 1689 2906 quam
1735 2830 1888 2886 sunt
1927 2821 2022 2885 ori
2061 2820 2362 2907 proxima
2403 2830 2470 2886 ct
2499 2819 2821 2885 brevioris
2870 2820 3039 2905 aeris

458 2934 705 2987 motum
735 2922 1246 3007 persentiscunt,
1294 2932 1427 2987 tam
1458 2946 1687 2989 vocem
1731 2922 2018 2988 reddunt
2048 2931 2341 3005 acutam3
2387 2922 2481 2984 sic
2525 2924 2593 2986 in
2637 2922 3040 3007 loquentium

459 3021 1175 3110 legentiumquevoce,
1221 3024 1336 3089 ubi
1382 3034 1535 3090 sunt
1578 3025 1929 3110 prosodiae
1972 3023 2155 3089 velut
2198 3023 2517 3109 quaedam
2560 3023 2883 3088 istamina.

625 3126 729 3188 26.
776 3126 993 3190 Acuta
1036 3127 1294 3191 tenuior
1336 3136 1438 3190 est
1482 3148 1676 3212 quam
1720 3110 1947 3210 gravis
1993 3136 2059 3191 et
2100 3125 2330 3191 brevis·
2368 3124 2569 3206 adeo,
2613 3134 2860 3190 utnon
2905 3122 3038 3190 lon-

460 3225 605 3309 gius
650 3248 844 3312 quam
890 3248 1005 3312 per
1048 3249 1246 3291 unam
1292 3226 1644 3311 syllabam,
1702 3228 1862 3314 quin
1917 3228 2116 3291 immo
2171 3249 2289 3313 per
2332 3249 2534 3291 unum
2595 3237 2850 3312 tempus
2895 3246 3039 3312 pro-

462 3327 786 3409 trahatur3
845 3349 992 3391 cum
1036 3328 1290 3411 gravis,
1352 3351 1477 3413 quo
1524 3330 1791 3395 uberior
1837 3340 1903 3394 et
1947 3328 2196 3394 tardior
2239 3338 2373 3409 est,
2425 3328 2668 3392 diutius
2724 3328 2791 3392 in
2836 3328 3038 3392 verbo

460 3437 741 3491 moretur
805 3437 872 3492 et
936 3428 1206 3494 iunctim
1267 3431 1562 3515 quamvis
1630 3431 1697 3493 in
1760 3431 1982 3496 multis
2049 3430 2323 3517 syllabis
2391 3427 2669 3511 residat3
2736 3430 3045 3516 quocirca

458 3550 694 3612 graves
739 3550 1008 3595 numero
1052 3539 1207 3593 sunt
1248 3529 1501 3615 plures,
1548 3533 1886 3613 pauciores
1931 3531 2217 3613 acutae,
2243 3531 2454 3595 flexae
2498 3530 2892 3596 rarissimae.

623 3630 727 3693 27.
774 3628 1032 3695 Acutae
1075 3640 1231 3696 nota
1274 3640 1374 3695 cst
1403 3631 1665 3715 virgula
1708 3656 1748 3697 a
1777 3634 2046 3697 sinistra
2090 3644 2276 3718 parte
2318 3632 2733 3696 dextrorsum
2764 3629 3041 3697 sublime

456 3731 827 3814 fastigiata3
882 3733 1104 3815 gravis
1161 3741 1377 3796 autem
1431 3742 1698 3797 notatur
1754 3734 1949 3798 simili
1995 3732 2254 3818 virgula
2308 3734 2373 3797 in
2430 3733 2658 3797 eadem
2704 3741 2889 3818 parte
2934 3732 3038 3796 de-

458 3853 683 3916 pressa
726 3831 1024 3915 fastigio,
1082 3855 1247 3918 quac
1292 3844 1485 3898 notae
1532 3833 1981 3900 demonstrant
2025 3856 2279 3900 omnem
2326 3844 2584 3898 acutam
2628 3856 2858 3899 vocem
2903 3854 3038 3896 sur-

459 3956 598 3997 sum
655 3955 834 4013 esse,
900 3943 967 3997 et
1021 3955 1293 4017 gravem
1348 3934 1677 3999 deorsum.
1765 3935 1992 4021 Ipsum
2056 3936 2256 4002 etiam
2309 3934 2703 3999 musicorum
2770 3932 3042 3999 docetur

458 4032 956 4117 diagrammate,
1013 4036 1081 4097 in
1137 4058 1264 4121 quo
1322 4036 1491 4121 tropi
1536 4058 1652 4121 pro
1700 4037 1997 4101 acumine
2039 4059 2273 4101 vocum
2321 4035 2689 4122 superiores
2747 4034 3039 4099 scribun-

458 4142 594 4215 tur3
651 4132 930 4220 denique
976 4158 1264 4200 summus
1308 4134 1768 4223 hyperlydius,
1824 4137 1979 4223 quia
2022 4136 2474 4217 acutissimus3
2527 4135 2789 4199 infimus
2834 4135 3039 4221 hypo-

459 4234 713 4316 dorius,
760 4257 886 4321 quo
931 4233 1146 4300 nullus
1192 4247 1293 4301 est
1334 4237 1618 4321 gravior.
1692 4237 1902 4302 Flexa
1931 4248 2149 4303 autem
2185 4237 2527 4324 prosodia,
2575 4235 2749 4322 quod
2795 4235 3040 4321 duplex

460 4346 559 4401 est
613 4346 680 4400 et
733 4358 817 4399 ex
873 4345 1066 4401 acuta
1127 4338 1445 4424 gravique
1500 4338 1682 4419 ficta,
1748 4349 1972 4403 notam
2038 4338 2236 4405 habet
2295 4338 2540 4403 nomini
2598 4335 3039 4425 potestatique

460 4437 990 4522 respondentem,
1048 4456 1197 4503 nam
1256 4461 1297 4502 a
1341 4438 1607 4503 sinistro
1651 4461 2051 4523 consurgens
2097 4439 2302 4505 arduo
2349 4439 2614 4523 fastigio
2675 4446 2740 4501 et
2784 4458 3038 4501 sursum

461 4534 633 4599 molli
678 4548 1032 4603 curvatura
1097 4537 1595 4604 dextroversum
1664 4539 1838 4604 flexa
1880 4541 2222 4627 praecipiti
2288 4539 2459 4605 clivo
2527 4538 2917 4624 deprimitur
2975 4549 3040 4601 et

462 4637 742 4721 speciem
797 4660 1040 4723 pronae
1084 4640 1339 4707 litterae
1389 4641 1489 4705 ·V·
1539 4640 1777 4721 efficit,
1834 4641 2120 4727 priorem
2176 4652 2435 4707 acutam
2488 4649 2558 4705 et
2610 4638 3039 4725 posteriorem

463 4872 557 4922 pm
592 4790 972 4912 {bssssffrligdo
1018 4796 1217 4860 scripsi
1262 4799 1581 4861 comparato
1627 4794 1891 4850 Arcadio:
1941 4793 2124 4862 κέραεί
2167 4809 2306 4848 ‘new
2353 4795 2387 4858 ἢ
2437 4779 2697 4857 βόμβυξιν
2742 4791 3039 4857 ὑφολμίοι(

3097 2642 3139 2682 F.

3169 2647 3275 2684 58v

3121 2710 3199 2750 eol.
3228 2724 3264 2750 τι.
