3664 5546
1506 426 1901 474 PRAEFATIO
1912 459 1926 474 .
2885 423 3007 472 LXI

431 587 853 661 καθολικῆς
898 581 1357 666 προςωδίας.
1428 580 1626 644 Plene
1673 579 1752 644 de
1797 577 2133 643 vocabulis
2179 578 2246 640 in
2290 582 2429 642 1356?
2473 600 2542 640 se
2587 577 2799 661 egisse
2846 576 3009 642 dicit

433 684 846 749 Herodianus
902 692 969 747 et
1014 705 1096 746 ex
1142 682 1428 746 Arcadio
1484 705 1524 746 a
1577 681 1914 747 Lobeekio
1958 678 2158 744 Proll.
2203 679 2324 743 207
2371 679 2718 744 emendato
2763 679 2877 760 65,
2930 680 3003 742 17

431 786 900 873 comperimuS,
949 807 1063 848 cur
1108 785 1400 864 καρκίνος
1445 793 1934 869 praegravetur.
1994 781 2161 845 Nam
2194 780 2421 845 debuit
2449 792 2524 846 ut
2565 782 2829 845 nomina
2873 781 3005 845 ani-

430 890 748 952 mantium
794 885 1180 972 aquatilium
1221 890 1244 951 ῑ
1284 884 1667 971 productum
1698 885 1938 949 babere
1968 894 2034 948 et
2062 882 2481 948 circumflecti
2510 885 2577 946 in
2609 882 3008 970 paenultima

431 989 978 1077 quemadmodum
1022 988 1218 1052 etiam
1260 991 1525 1067 γυρῑνος
1568 986 1929 1072 perispasin
1974 985 2279 1071 adoptat,
2339 984 2452 1049 sed
2498 1008 2696 1070 quum
2740 989 2762 1050 ῑ
2803 985 3007 1049 breve

433 1094 551 1173 sit,
598 1100 936 1156 accentum
979 1091 1240 1177 quidem
1284 1089 1351 1151 in
1383 1086 1781 1175 paenultima
1825 1087 2094 1168 retinet,
2142 1086 2256 1151 sed
2290 1097 2586 1167 acutum,
2634 1109 2763 1172 qua
2790 1086 3004 1151 tonosi

434 1194 652 1258 differt
696 1195 780 1258 ab
826 1192 1125 1257 omnibus
1171 1182 1725 1277 hyperdisyllabis
1772 1191 1839 1253 in
1884 1193 2001 1254 ’ῡῐξ
2043 1194 2065 1255 i
2108 1181 2401 1274 correpto
2455 1184 2815 1273 praefinitis
2860 1210 3004 1273 pro-

431 1296 944 1381 paroxytonesin
989 1293 1460 1378 flagitantibus

599 1397 776 1461 Mon.
822 1397 933 1476 20,
987 1397 1064 1459 19
1107 1397 1393 1474 πηλίκος;
1441 1393 1722 1458 traditur
1776 1395 2072 1478 πηλίκος,
2119 1394 2174 1456 si
2217 1402 2719 1479 praegravetur,
2766 1397 2799 1456 ἰ
2853 1401 3004 1455 ante

433 1505 469 1565 ι’(
511 1500 751 1565 habere
796 1510 871 1564 ut
915 1498 1268 1578 ἀςτερίςκος
1314 1506 1429 1560 aut
1470 1519 1600 1560 non
1643 1495 2069 1582 praegravari
2116 1494 2377 1575 debere,
2425 1494 2541 1558 sed
2586 1505 2701 1559 aut
2743 1502 3003 1557 acutum

431 1603 499 1666 in
556 1600 1110 1687 antepaenultima
1165 1610 1281 1663 aut
1336 1599 1402 1661 in
1457 1596 1686 1664 ultima
1743 1599 2009 1662 habere:
2070 1598 2386 1663 πάντων
2444 1600 2526 1662 δὲ
2582 1598 2840 1662 λύςεις
2894 1597 3004 1661 δί-

433 1711 624 1785 δωμι
671 1706 750 1769 ἐν
795 1708 899 1786 τῷ
945 1701 2066 1786 περὶκαθολικῆςπροςῳδίας.
2128 1697 2418 1763 Solvitur
2446 1707 2668 1762 autem
2697 1708 3003 1762 accentus

432 1804 832 1870 abnormitas
878 1826 990 1885 eo,
1037 1802 1212 1890 quod
1257 1804 1520 1866 nomina
1561 1803 1630 1864 in
1674 1808 1808 1867 ῖῐξόῐ
1853 1825 2019 1889 quae
2048 1811 2308 1866 acutum
2356 1802 2419 1864 in
2450 1799 3007 1886 antepaenultima

433 1906 705 1986 habent,
753 1916 905 1971 sunt
949 1904 1396 1986 substantiva,
1444 1902 1772 1968 adiectiva
1816 1913 2029 1968 autem
2076 1926 2186 1986 ea,
2242 1899 2406 1989 quae
2461 1903 2527 1966 in
2583 1902 2711 1966 fine
2765 1924 3003 1966 acuun-

434 2020 572 2089 tur,
633 2008 750 2071 sed
808 2009 891 2072 ab
938 2007 1039 2071 his
1097 2006 1315 2070 differt
1371 2008 1668 2090 πηλίκος,
1723 2028 1922 2092 quum
1976 2005 2243 2092 reliquis
2303 2005 2603 2068 omnibus
2658 2003 3001 2070 adiectivis

432 2113 908 2197 possessionem
937 2107 1378 2172 indicantibus
1425 2106 1554 2171 alia
1598 2108 1922 2172 sententia
1962 2106 2333 2192 praeditum
2378 2107 2495 2188 sit,
2541 2106 2761 2193 itaque
2806 2106 3000 2171 etiam

434 2213 810 2278 abnormem
865 2219 1203 2303 accentum
1262 2210 1523 2296 accipit.
1610 2208 1832 2274 Etiam
1889 2210 2010 2274 hoc
2053 2231 2137 2274 ex
2181 2208 2469 2274 Arcadio
2513 2209 2625 2290 52,
2671 2208 2714 2272 4
2756 2210 3001 2295 perspi-

434 2316 621 2380 citur.

601 2415 1186 2480 Luculentissimus
1218 2415 1394 2478 locus
1441 2423 1539 2478 est
1581 2413 1755 2478 Mon.
1789 2413 1890 2492 32,
1929 2414 2003 2477 17
2052 2415 2234 2494 ἰχώρῖ
2285 2415 2478 2480 οὐδὲν
2523 2414 2610 2479 εἰ(
2655 2419 2748 2492 ῶῖ)
2796 2418 2997 2493 λῆγον

433 2522 594 2598 ὑπὲρ
639 2521 783 2599 μίαν
829 2519 1143 2597 ςυλλαβὴν
1189 2518 1513 2584 ὀξύνεςθαι
1570 2517 1768 2600 Θέλει,
1823 2516 1991 2581 ἀλλὰ
2042 2516 2252 2580 πάντα
2310 2517 2710 2600 βαρύνεςθαι,
2768 2517 3000 2598 ῥήτωρ,

437 2623 718 2703 κλήτωρ,
779 2620 1003 2703 ἵςτωρ,
1067 2620 1340 2701 Ἕκτωρ,
1408 2620 1656 2702 πέλωρ,
1732 2619 1971 2700 κὲλωρ,
2038 2618 2372 2700 (πέρχωρ,
2439 2619 2735 2700 Ἀνίχωρ,
2801 2618 2999 2700 ἄχωρ,

433 2722 728 2802 ἀναΰζωρ
759 2722 888 2805 (†),
932 2721 971 2800 ἡ
1018 2724 1088 2788 δὲ
1132 2721 1370 2800 ἱςτορία
1414 2726 1542 2786 τῶν
1588 2721 1929 2799 ὀνομάτων
1976 2719 2212 2799 εἴρηταί
2256 2740 2362 2800 μοι
2418 2719 2487 2783 ἐν
2534 2720 2811 2804 δευτέρῳ
2856 2723 3001 2799 περὶ

431 2828 767 2900 καθολικῆς
822 2824 1197 2908 προςῳδίας.
1296 2821 1595 2886 Historia
1657 2832 1875 2885 autem
1940 2821 2269 2886 nominum
2334 2820 2693 2904 significat,
2760 2822 2999 2909 quibus

433 2924 800 2990 hominibus
846 2923 951 2989 vel
994 2924 1297 3009 gentibus
1323 2924 1605 3015 'nomina
1636 2924 1937 3003 (πέρχωρ
1983 2932 2049 2987 et
2078 2924 2381 3003 Ἀννίχωρ
2426 2921 2673 2987 fuerint
2715 2934 2781 2988 et
2824 2923 3000 3009 apud

432 3048 594 3113 quos
640 3028 986 3112 scriptores
1044 3025 1483 3090 inveniantur.
1569 3026 1925 3109 Utriusque
1982 3025 2261 3089 nominis
2319 3024 2592 3090 historia
2649 3047 2753 3111 ap.
2799 3027 3000 3089 Arca-

434 3128 614 3191 dium
656 3127 921 3210 excidit,
966 3137 1040 3192 ut
1084 3150 1338 3213 semper
1379 3128 1551 3208 fere,
1599 3126 1714 3190 sed
1758 3126 2038 3191 nominis
2082 3128 2388 3206 Ἀννίχωρ
2443 3138 2618 3191 certe
2661 3126 2999 3192 historiam

433 3232 725 3295 servavit
780 3230 876 3295 St.
920 3231 1000 3296 B.
1047 3232 1352 3310 Ἀννίχωρ
1412 3231 1449 3295 ὁ
1506 3230 1699 3295 οἰκῶν
1743 3230 2165 3312 Ἀννίχωρον,
2221 3228 2300 3297 οὗ
2355 3231 2653 3308 μέμνηται
2710 3231 2998 3309 Ἀλκμάν.

432 3333 523 3398 Et
561 3332 668 3396 vel
714 3331 770 3395 si
815 3331 1215 3416 Stephanum
1259 3332 1689 3417 Byzantium,
1743 3353 1870 3416 quo
1915 3328 2075 3393 nihil
2119 3330 2465 3416 pretiosius
2522 3332 2606 3405 ad
2661 3331 2997 3396 historiam

432 3434 502 3497 in
560 3433 898 3498 Catholica
962 3431 1283 3519 prolatam
1350 3431 1741 3519 explendam
1800 3442 2048 3513 exstat,
2118 3455 2245 3495 non
2312 3432 2731 3513 haberemus,
2802 3456 2999 3520 quarn

432 3536 692 3622 copiose
747 3535 1060 3599 historica
1113 3534 1670 3622 geographicaque
1727 3535 1989 3599 nomina
2039 3534 2110 3597 in
2155 3526 2495 3599 Catholica
2550 3533 2996 3621 explicaverit,

430 3660 518 3702 ex
559 3636 924 3702 Monadicis
970 3637 1290 3723 suspicari
1335 3658 1703 3721 possemuS,
1748 3635 1865 3699 ubi
1910 3635 2159 3721 amplos
2206 3635 2379 3701 locos
2423 3659 2506 3701 ex
2536 3637 2997 3701 diversissimis

430 3739 861 3825 scriptoribus
916 3737 1104 3825 plene
1159 3736 1409 3823 profert
1463 3760 1513 3803 e.
1560 3761 1622 3822 g.
1682 3760 1745 3823 p.
1790 3738 1859 3817 8,
1908 3739 1986 3812 12
2044 3736 2130 3800 ad
2186 3739 2737 3823 comprobandum
2801 3762 2994 3804 usum

429 3841 736 3928 eponymi
793 3842 992 3920 Χοίρα
1047 3838 1284 3903 Diniae
1344 3837 1557 3903 locum
1612 3862 1730 3903 sex
1786 3839 1926 3904 fere
1980 3861 2288 3903 versuum
2344 3840 2663 3905 ambitum
2725 3840 2991 3927 implen-

429 3953 590 4023 tem,
636 3963 829 4028 porro
858 3964 923 4028 p.
961 3942 1060 4022 11,
1093 3941 1178 4004 20
1208 3942 1290 4005 ad
1322 3942 1657 4027 proprium
1686 3963 1921 4005 nomen
1952 3942 2207 4006 Ψύλλος
2237 3939 2637 4006 fulciendum
2664 3944 2996 4027 Agroetae

429 4044 675 4124 locum,
721 4043 1114 4128 Demogneti
1158 4052 1423 4128 propter
1469 4045 1710 4109 Κόλλος
1754 4052 1822 4106 et
1875 4052 2145 4129 propter
2196 4045 2278 4108 Ἴς
2321 4044 2656 4129 proprium
2700 4067 2765 4130 p.
2797 4045 2909 4127 19,
2952 4047 2994 4108 2

426 4144 656 4210 laudat
687 4144 1123 4224 Herodotum,
1171 4143 1560 4232 Scymnuin,
1609 4143 1997 4209 Parthacem
2038 4167 2121 4208 ex
2152 4144 2406 4209 duobus
2437 4147 2786 4231 postremis
2818 4147 2995 4233 ipsos

428 4248 605 4313 locos
651 4268 1034 4333 proponens
1068 4284 1151 4293 —
1179 4245 1433 4312 Solutio
1480 4246 1811 4341 abnormis
1858 4257 2161 4310 accentus
2210 4267 2347 4311 voc.
2396 4249 2552 4328 ἰχώρ
2595 4249 2841 4314 interiit
2887 4272 2993 4336 ap.

428 4348 814 4429 Arcadium,
860 4348 976 4413 sed
1006 4347 1134 4413 fuit
1161 4347 1340 4412 nulla
1367 4349 1494 4411 nisi
1525 4370 1628 4429 ea,
1675 4369 1869 4434 quam
1897 4346 2188 4412 servavit
2217 4346 2449 4413 Choer.
2483 4349 2608 4436 Ep.
2656 4351 2723 4414 in
2754 4350 2994 4417 Psalm.

426 4452 511 4515 45
525 4500 543 4533 ,
594 4452 671 4515 18
715 4454 789 4517 τὸ
835 4452 990 4531 ἰχώρ
1035 4453 1117 4531 μὴ
1163 4451 1398 4531 ὁμοίως
1452 4454 1590 4515 τοῖς
1643 4450 1863 4516 ἄλλοις
1910 4449 2027 4534 (se.
2073 4451 2141 4514 in
2186 4454 2279 4529 ωρ
2335 4473 2499 4537 quae
2541 4475 2659 4539 per
2703 4458 2743 4517 ὅ
2800 4453 2990 4517 decli·

425 4554 692 4639 nantur)
741 4555 951 4619 κλιθὲν
996 4555 1298 4633 ἐνήλλαξε
1341 4555 1443 4619 καὶ
1485 4554 1631 4631 περὶ
1671 4553 1788 4617 τὸν
1831 4553 2046 4617 τόνον.

595 4654 790 4750 Mon3
821 4655 936 4736 34,
983 4654 1022 4718 8
1078 4654 1339 4734 ἀνδρόςε
1399 4654 1661 4734 οὐδεμία
1712 4656 1930 4734 γενικὴ
1986 4655 2073 4719 εἰς
2117 4662 2232 4733 ρος
2278 4658 2557 4735 λήγουςα
2610 4661 2738 4737 πρὸ
2794 4663 2910 4724 τοῦ
2954 4665 2990 4740 ρ

428 4754 558 4836 ἔχει
602 4758 678 4822 τὸ
726 4745 794 4841 ὅ,
838 4756 1006 4821 ἀλλὰ
1048 4758 1250 4836 μόνον
1295 4759 1370 4822 τὸ
1416 4757 1667 4836 ἀνδρός.
1755 4755 1960 4820 αἴτιον
2007 4759 2077 4821 δὲ
2121 4760 2195 4822 τὸ
2240 4761 2462 4825 πάθος.
2552 4762 2620 4826 ἐν
2665 4765 2802 4826 τοῖς
2846 4766 2992 4842 περὶ

428 4860 933 4939 καθολικωτὲρας
962 4858 1321 4944 προςωδίας
1352 4858 1605 4939 εἴρηται.
1663 4856 1789 4944 Ap.
1824 4858 2179 4923 Arcadium
2214 4860 2350 4942 125,
2381 4862 2421 4925 3
2464 4860 2702 4926 dicitur
2730 4864 2989 4951 quidem
