3664 5546
1174 397 1333 453 πεΡι
1364 396 1757 453 κΑοοΛικΗς
1781 396 2205 453 πΡοςςιιΔιΑς
2244 400 2304 452 Η.
2908 398 3035 463 203

452 590 638 636 νεται.
726 570 806 636 τὰ
862 571 936 635 δὲ
987 573 1240 650 τριγενῆ
1296 569 1585 636 ὀξύνεται
1644 569 1912 651 λιβρός
1967 569 2007 634 6
2062 570 2398 636 ςκοτεινός.
2484 571 2560 636 τὸ
2615 572 2686 636 δὲ
2746 571 3035 652 λάβρος

454 674 772 739 ςύνθετον.

619 792 712 858 Τὰ
757 791 846 857 εἰς
888 794 1004 871 {so-c·
1060 792 1403 874 διςύλλαβα
1457 792 1596 872 μετ’
1641 792 1990 869 ἐπιπλοκῆς
2041 794 2159 857 τοῦ
2202 796 2243 868 ’γ
2289 792 2653 875 βαρύνεται,
2712 795 3034 871 μονογενῆ

452 895 638 978 ὄντα,
692 895 1030 979 φάγρος,
1087 896 1423 976 πὰγρος,
1479 894 1843 974 γόγγρος.
1941 896 2021 958 τὰ
2074 896 2145 959 δὲ
2200 899 2455 973 τριγενῆ
2511 894 2833 977 ὀξύνεται,
2901 897 3033 959 λυ-

452 998 667 1079 γρός,
715 996 981 1079 ὑγρός,
1028 997 1173 1077 μεθ’
1215 996 1308 1063 ὧν
1354 998 1456 1062 καὶ
1499 997 1753 1076 ἀγρός.
3061 1010 3094 1059 5

619 1117 714 1181 Τὰ
766 1115 855 1181 εἰς
910 1120 1030 1196 ρ-οἱ
1093 1116 1440 1207 διςύλλαβα,
1501 1115 1737 1195 ἔχοντα
1799 1102 1840 1181 δ
1897 1119 2217 1197 μονογενῆ
2277 1121 2642 1201 βαρύνεται,
2708 1117 3036 1195 Ἀνδρος

451 1221 642 1297 νῆςος
697 1218 803 1298 μία
857 1223 989 1284 τῶν
1049 1217 1408 1283 Κυκλάδων.
1484 1218 1712 1297 ἐκλήθη
1769 1220 1842 1284 δὲ
1895 1218 2027 1285 ἀπὸ
2069 1220 2348 1298 Ἄνδρου
2401 1223 2518 1283 τοῦ
2563 1219 2940 1298 Εὐρυμάχου
2995 1220 3036 1297 ἢ

451 1327 567 1386 τοῦ
611 1322 823 1385 Ἀνίου
869 1320 1160 1401 ἀδελφοῦ
1204 1323 1322 1385 τοῦ
1367 1322 1609 1399 πατρὸς
1653 1325 1784 1387 τῶν
1830 1320 2268 1399 Οἰνοτρόπων.
2335 1323 2503 1386 τινες
2547 1322 2620 1387 δέ
2664 1343 2856 1402 φαςιν
2900 1322 3035 1387 Ἀν-

452 1424 606 1503 δρέα
665 1427 900 1488 τοῦτον
967 1424 1070 1488 καὶ
1136 1423 1345 1487 Ἀνίου
1412 1426 1625 1488 παῖδα.
1736 1423 2059 1502 (κίδρος
2122 1423 2307 1489 πόλις
2371 1423 2645 1489 Ἰταλίας.
2725 1423 3036 1501 Κόδρος.

450 1527 806 1604 Φαῖδρος,
841 1525 918 1590 τὸ
963 1526 1218 1609 κύριον,
1264 1527 1602 1605 φαιδρός
1647 1527 1718 1590 δὲ
1764 1525 1801 1590 6
1849 1527 2136 1606 λαμπρός
2180 1524 2503 1608 ὀξύνεται,
2560 1526 2770 1605 ὥςπερ
2816 1527 2919 1590 καὶ
2960 1527 3035 1591 τὸ
3077 1534 3140 1585 10

451 1628 746 1708 κυδρός
793 1627 829 1691 ὁ
874 1627 1087 1709 τίμιος.
1178 1627 1575 1706 ςεςημείωται
1631 1629 1707 1693 τὸ
1765 1627 2113 1707 χονδρός
2167 1626 2593 1711 ὀξυνόμενον,
2651 1627 2731 1692 οὐ
2785 1629 2861 1693 τὸ
2907 1627 3036 1692 ἐπί-

453 1737 641 1796 θετον
687 1731 972 1809 τριγενὲς
1014 1729 1125 1811 ὄν,
1170 1728 1337 1794 ἀλλὰ
1380 1731 1457 1794 τὸ
1501 1730 1973 1809 προςηγορικόν
2019 1728 2196 1795 εἶδος
2242 1730 2507 1809 ἑντὲρου
2552 1728 2649 1796 ὄν.

619 1850 714 1914 Τὰ
758 1848 846 1915 εἰς
891 1853 1005 1929 ρςἷς
1062 1850 1408 1930 διςύλλαβα
1460 1853 1712 1929 τριγενῆ
1770 1850 2006 1930 ἔχοντα
2062 1849 2217 1914 δαςὺ
2273 1849 2402 1928 πρὸ
2457 1853 2574 1914 τοῦ
2632 1854 2669 1929 ρ
2727 1848 3040 1931 ὀξύνεται,

454 1953 796 2035 νωθρός,
854 1952 1166 2035 ςαθρός,
1224 1953 1560 2035 ψυχρός,
1618 1952 1937 2035 ἐχθρός,
1995 1950 2343 2033 αἰςχρός,
2402 1951 2724 2031 ςτιφρός
2781 1951 2818 2016 6
2864 1973 3040 2018 euve«

454 2054 856 2135 ςτραμμένος.
907 2053 1261 2134 βληχρός.
1317 2055 1716 2135 ςεςημείωται
1760 2057 1838 2121 τὸ
1882 2054 2268 2132 γλίςχρος.
2324 2054 2405 2117 τὰ
2449 2055 2519 2117 δὲ
2566 2058 2888 2134 μονογενῆ
2935 2059 3042 2134 βα·
3082 2067 3144 2118 15

453 2156 706 2234 ρύνεται
766 2155 911 2221 οἷον
981 2157 1265 2237 δίφρος
1333 2158 1435 2221 καὶ
1477 2157 1792 2238 ·Δίφροι
1859 2157 2045 2221 πόλις
2109 2155 2428 2221 Φοινίκων
2490 2156 2593 2220 καὶ
2658 2157 2733 2221 τὸ
2790 2156 3042 2222 ἐθνικὸν

454 2258 830 2341 ὁμώνυμον,
887 2257 1138 2337 ὦχρος
1191 2260 1266 2324 τὸ
1325 2260 1703 2342 μονογενές,
1764 2259 2020 2338 ὠχρός
2074 2259 2151 2322 τὸ
2209 2257 2518 2323 ἐπίθετον.
2607 2258 2770 2336 τάχα
2828 2259 2898 2322 δ“ε
2943 2259 3044 2322 καὶ

453 2362 529 2426 τὸ
574 2360 786 2443 ὦχρος
830 2361 1088 2436 ἐγένετο
1133 2360 1309 2439 παρὰ
1352 2361 1428 2426 τὸ
1475 2361 1748 2445 ἄχροος,
1801 2362 1840 2426 ὃ
1886 2361 1956 2424 ἐν
2003 2360 2329 2439 ύπερθὲςει
2373 2359 2612 2435 γίνεται
2658 2359 2899 2438 ἄοχρος
2943 2361 3045 2424 καὶ

453 2462 611 2527 κατὰ
666 2465 1061 2543 ςυναλοιφὴν
1118 2465 1294 2526 ποιεῖ
1345 2463 1422 2527 τό
1481 2462 1692 2542 ὦχρος
1748 2463 2206 2543 βαρυνόμενον.
2308 2460 2523 2526 ἄλλως
2578 2482 2647 2526 τε
2702 2462 2781 2526 τὰ
2826 2462 2913 2527 εἰς
2964 2468 3042 2527 ’ὃς

455 2566 736 2645 λήγοντα
790 2564 1134 2645 διςύλλαβα
1187 2568 1509 2644 μονογενῆ
1565 2564 1893 2644 ἀρχόμενα
1947 2564 2077 2629 ἀπὸ
2132 2566 2250 2628 τοῦ
2303 2567 2389 2647 ὦ,
2446 2564 2527 2643 μὴ
2585 2565 3042 2644 προςκειμένου
3079 2578 3148 2627 20

454 2671 569 2732 τοῦ
623 2670 686 2751 ἶ,
754 2666 1088 2748 βαρύνεται
1156 2665 1345 2745 ὦμος.
1452 2668 1808 2746 πρόςκειται
1878 2667 1959 2745 μὴ
2026 2665 2263 2744 ἔχοντα
2326 2666 2403 2730 τὸ
2448 2667 2481 2728 ἶ
2545 2665 2651 2730 διὰ
2714 2667 2790 2731 τὸ
2857 2667 3042 2750 ᾠδός.

456 2769 856 2851 ςεςημείωται
900 2769 976 2834 τὸ
1033 2766 1287 2848 ἀφρός
1350 2767 1387 2833 6
1443 2768 1547 2834 ἐπὶ
1599 2775 1731 2834 τῶν
1787 2770 2002 2847 ὑγρῶν
2050 2766 2477 2851 ὀξυνόμενον,
2531 2768 2607 2833 τὸ
2666 2769 2737 2834 δὲ
2791 2769 3042 2836 ἐθνικόν

455 2873 743 2953 Ἄφρος
790 2872 1140 2952 βαρύνεται.
2495 2879 2498 2884 ’

623 2990 717 3056 Τὰ
770 2990 858 3056 εἰς
915 2992 1066 3068 W
1121 2991 1466 3072 διςύλλαβα
1519 2990 1650 3056 ἀπὸ
1720 2990 2072 3071 ςυμφώνου
2127 2988 2453 3070 ἀρχόμενα
2519 2989 2842 3072 ὀξύνεται,
2909 3012 3040 3072 μα-

458 3095 666 3175 κρός,
711 3093 1023 3175 πικρός,
1069 3093 1369 3175 μικρός,
1416 3093 1727 3177 νεκρός,
1775 3093 2109 3171 λευκρός
2155 3092 2193 3157 6
2238 3092 2569 3173 φαλακρός
2624 3093 2797 3172 παρὰ
2844 3093 3040 3158 (αλα-
3078 3104 3144 3154 25

456 3195 712 3276 μινίοις,
768 3194 1063 3273 Λοκρός
1117 3195 1155 3260 6
1213 3197 1451 3274 κτιςτὴς
1507 3196 1611 3259 καὶ
1664 3196 1853 3261 ἔθνος
1919 3195 2021 3261 καὶ
2075 3195 2311 3274 Λοκροὶ
2366 3195 2793 3275 Ἐπιζεφύριοι
2858 3196 3044 3262 πόλις

457 3297 728 3362 Ἰταλίας.
785 3297 1108 3362 Ἑκαταῖος
1154 3297 1441 3383 Εὐρώπῃ.
1501 3297 1838 3377 Τευκρός
1881 3298 1956 3363 τὸ
2003 3297 2255 3363 ἑθνικὸν
2302 3297 2365 3362 οἱ
2408 3298 2657 3380 Τρῶες,
2704 3297 3043 3377 Τεῦκρος

458 3401 526 3462 δὲ
570 3400 645 3463 τὸ
691 3397 913 3476 κύριον
968 3399 1103 3465 υἱὸς
1149 3399 1560 3481 (καμάνδρου
1616 3401 1718 3465 καὶ
1761 3401 1983 3466 Ἰδαίας
2038 3400 2305 3480 νύμφης.
2394 3400 2521 3464 ἔςτι
2577 3401 2690 3479 μὲν
2737 3402 2952 3466 κανὼν
3005 3401 3043 3464 6

458 3500 700 3582 λέγων,
759 3499 855 3564 ὅτι
909 3504 1047 3566 τοῖς
1093 3506 1504 3568 ςυνοικιςταῑς
1550 3501 1888 3583 ὁμοφωνεῑ
1930 3504 2009 3568 τὰ
2054 3502 2269 3567 ἐθνικὰ
2315 3502 2615 3582 δηλονότι
2672 3504 2772 3566 καὶ
2826 3509 3043 3587 γραφῇ

457 3602 557 3665 καὶ
599 3602 773 3686 τόνῳ
819 3600 963 3669 οἷον
1007 3603 1184 3686 Ἴων,
1231 3603 1577 3687 Θετταλός,
1625 3604 1904 3688 Ἀχαιός,
1950 3604 2161 3687 Τρώς,
2205 3605 2503 3688 Δαναός,
2547 3603 2806 3683 Λοκρός.
2854 3606 2928 3670 τὸ
2974 3606 3045 3669 δὲ
3082 3614 3148 3664 30

457 3895 576 3960 ipse
611 3894 822 3956 adieci,
862 3894 1103 3960 fortasse
1136 3893 1487 3945 Herodianus
1525 3894 1627 3946 hoe
1660 3912 1853 3946 nomen
1888 3902 1949 3947 ut
1984 3894 2258 3960 πενθερός
2296 3894 2493 3960 ἑκυρός
2532 3895 2780 3962 primitus
2817 3893 3044 3944 adiecti-

457 3979 582 4013 vum
618 3978 740 4013 esse
777 3964 1116 4012 existimavit
1153 3966 1210 4012 et
1249 3979 1316 4012 ex
1350 3963 1601 4027 γαμηρός
1640 3971 1997 4029 syncopatum
2033 3970 2096 4015 ut.
2130 3980 2432 4029 anonymus
2468 3966 2526 4013 in
2563 3965 2626 4014 E.
2654 3964 2726 4016 M.
2753 3964 2869 4019 221,
2907 3965 2954 4012 8.
2982 3989 3044 3998 —

459 4032 652 4082 Finem
690 4032 916 4081 canonis
949 4030 1022 4081 τὰ
1057 4029 1118 4081 δὲ
1153 4033 1379 4096 τριγενῆ
1417 4033 1536 4095 ipse
1573 4036 1855 4098 composui
1892 4034 2134 4098 vestigia
2169 4033 2395 4083 Arcadii
2430 4034 2489 4082 iu
2527 4035 2794 4096 sequente
2834 4045 3043 4080 canone

458 4115 734 4164 premens»,
784 4097 970 4163 λιβρός
1009 4115 1074 4148 ex
1111 4099 1174 4147 E.
1213 4100 1285 4147 M.
1325 4102 1450 4161 564,
1487 4103 1552 4150 49
1591 4101 1827 4166 exempli
1874 4117 2044 4151 causa
2082 4103 2365 4167 proposui,
2412 4099 2482 4150 τὸ
2528 4099 2590 4150 δέ
2626 4097 2828 4162 λάβρος
2877 4115 2943 4148 ex
2980 4100 3043 4148 Ε.

458 4169 528 4222 Μ.
567 4170 692 4228 554,
730 4171 761 4216 2
796 4174 854 4218 et
893 4167 1148 4217 Eustath.
1189 4169 1343 4230 1033,
1383 4170 1472 4223 57;
1515 4171 1668 4227 1066,
1711 4172 1734 4217 1
1774 4168 1990 4232 addidi,
2037 4185 2162 4219 nam
2199 4170 2281 4217 sio
2318 4167 2696 4218 Herodianum
2742 4167 2909 4215 etiam
2957 4183 3043 4216 ac·

460 4241 678 4287 eentum
713 4236 1027 4287 abnormem
1062 4235 1373 4300 explicasse
1410 4236 1650 4285 arbitror
1683 4237 1979 4286 recordans
2024 4253 2143 4286 eum
2178 4237 2347 4286 etiam
2373 4235 2577 4298 λάγνος
2606 4251 2702 4300 pro
2741 4235 3044 4298 composito

459 4305 678 4355 habere.
756 4302 954 4369 ζαβρός
1001 4308 1184 4354 autem
1230 4319 1319 4368 ap.
1364 4304 1639 4367 Hesyeh.,
1691 4305 1832 4369 quod
1880 4305 2015 4356 Lob.
2061 4303 2263 4354 Pax-all.
2300 4306 2400 4354 259
2449 4320 2482 4352 a
2530 4301 2817 4366 βιβρώςκω
2868 4309 3043 4352 ortum

462 4379 644 4437 putat,
683 4379 971 4422 accentum
1005 4372 1309 4438 legitimum
1348 4373 1596 4424 retinen·
1755 4373 1789 4421 l.
1826 4374 1859 4421 4
1903 4372 2011 4420 huc
2049 4373 2216 4421 etiam
2255 4369 2507 4435 Φλεγρός
2544 4370 2577 4421 ὁ
2614 4369 2923 4433 Φλεγραῖος
2961 4373 3040 4424 st.

461 4442 520 4491 B.
555 4439 908 4491 referendum
945 4447 1116 4502 esset,
1157 4441 1205 4490 si
1244 4441 1517 4504 scriptura
1555 4443 1704 4490 essset
1739 4447 1908 4502 certa,
1949 4439 2047 4489 sed
2083 4439 2322 4490 Meinek.
2362 4437 2647 4502 Φλεγρεύς
2693 4437 3043 4488 scribendum

459 4509 682 4563 iudicat.
854 4509 889 4559 l.
926 4511 957 4558 6
993 4508 1228 4573 Ἀνδρος
1266 4509 1489 4574 explevi
1525 4524 1591 4558 ex
1618 4508 1698 4557 St.
1723 4510 1816 4569 Β.,
1852 4505 2077 4570 (κίδρος
2117 4524 2182 4555 ex
2220 4506 2413 4557 eodem
2449 4506 2667 4568 addidi,
2709 4506 2775 4555 de
2803 4504 3045 4569 Φαῖδρος

461 4577 534 4626 cf.
574 4578 748 4627 Lehrs
791 4577 960 4627 Arist.
994 4579 1094 4627 280
1130 4577 1217 4627 ed.
1256 4579 1327 4628 11.
1400 4576 1466 4626 de
1504 4574 1736 4639 χονδρός
1784 4574 1857 4624 ef.
1894 4577 2031 4626 Lob.
2056 4575 2139 4624 El.
2166 4575 2191 4624 1
2227 4578 2328 4624 406
2366 4581 2479 4625 not.
2506 4578 2536 4624 5
2575 4577 2632 4623 et
2670 4573 2864 4623 Choer.
2894 4575 3045 4628 Dict.

459 4647 575 4710 269,
615 4647 661 4707 7,
703 4644 965 4696 Schmidt.
1000 4645 1071 4694 ad
1108 4646 1350 4709 Hesych.
1392 4641 1642 4708 χονδράς.
1815 4642 1851 4691 l.
1890 4646 1953 4694 14
1990 4643 2057 4692 de
2094 4641 2309 4706 ψυχρός
2345 4644 2415 4693 ef.
2454 4640 2655 4692 Herod.
2693 4641 2848 4691 Orth.
2886 4643 2944 4690 in
2979 4643 3044 4691 Ε.

462 4713 550 4762 Or.
588 4715 704 4775 167,
745 4715 832 4771 15,
874 4713 942 4762 (le
979 4711 1176 4778 ἐχθρός
1222 4715 1278 4762 in
1315 4715 1379 4763 E.
1421 4712 1516 4767 Or.
1552 4713 1643 4772 57,
1681 4712 1762 4763 29.
1802 4737 1866 4746 —-
1914 4711 2152 4776 βληχρός
2197 4711 2389 4761 addidi
2435 4727 2502 4760 ex
2546 4710 2612 4759 ΙΙ.
2648 4710 2806 4762 Pros.
2843 4707 2889 4760 Θ
2929 4711 3041 4760 178.

469 4781 642 4831 Verba
677 4778 751 4830 τὰ
784 4779 846 4830 δὲ
883 4783 1161 4844 μονογενῆ
1199 4809 1264 4816 —-
1302 4779 1607 4844 ὁμώνυμον
1643 4778 1835 4828 addidi
1872 4796 1939 4830 ex
1978 4783 2058 4831 St.
2094 4783 2156 4831 Β.
2195 4796 2236 4829 s,
2272 4775 2506 4843 Δίφροι,
2546 4775 2727 4840 ὦχρος
2767 4783 2823 4827 et
2860 4776 3043 4842 ὠχρός

466 4863 532 4895 ex
563 4849 627 4900 11.
663 4848 751 4900 Pr.
794 4847 827 4900 Γ
863 4851 951 4908 35;
989 4847 1168 4912 ἀφρός
1208 4853 1264 4898 et
1300 4848 1515 4913 Ἀφρος
1553 4864 1620 4898 ex
1656 4848 1913 4902 Eustath.
1952 4850 2069 4911 907,
2106 4851 2153 4899 3.
2293 4846 2327 4895 l.
2364 4850 2429 4899 25
2476 4843 2709 4909 λευκρός
2748 4846 2939 4895 addidi
2976 4863 3044 4896 ex

463 4914 564 4980 Ep.
602 4917 692 4967 Cr.
725 4917 752 4966 1
788 4917 903 4976 281,
942 4918 992 4978 9,
1029 4918 1120 4966 ubi
1156 4915 1301 4966 idem
1339 4933 1514 4968 canon
1551 4919 1749 4966 exstat.
1822 4912 2033 4980 Λοκρός
2073 4923 2129 4967 et
2168 4913 2417 4980 Τεῦκρος
2456 4914 2676 4980 explevi
2712 4929 2780 4965 ex
2818 4915 2897 4965 St.
2937 4915 2997 4965 B.
