3664 5546
652 424 736 490 94
1508 497 1513 501 ⁸
1584 424 1665 480 εκ
1702 425 1843 479 mu
1885 424 2293 479 ΗΡΩΔιΑΝοΥ

818 616 855 651 κ
903 595 996 660 Τὰ
1040 595 1129 661 εἰς
1172 599 1272 674 ffifi
1319 596 1661 675 διςύλλαβα
1706 595 2077 679 βαρύνεται,
2134 596 2435 679 μέρμις,
2481 594 2730 676 θέμις,
2782 593 3073 673 Χάρμις
3115 592 3236 658 πό-

651 699 745 763 λις
802 697 872 762 ἐν
930 696 1192 780 (Σαρδοῖ,
1247 697 1463 777 κτίςμα
1520 697 1963 777 Καρχηδόνων.
2051 697 2417 763 Παυςανίας
2471 696 2543 761 δέ
2609 717 2760 776 φηςι
2815 696 2962 774 περὶ
3018 695 3235 760 αὐτοῦ.

652 799 934 879 Χέμμις
979 801 1165 865 πόλις
1214 800 1553 876 Αἰγύπτου.
1641 799 1994 880 Ἡρόδοτος
2049 798 2149 883 (ΙΙ
2194 798 2304 881 91)
2375 798 2544 865 «ἔςτι
2602 798 2704 862 καί
2763 797 2992 877 Χέμμις
3048 798 3235 862 πόλις

649 902 889 982 μεγάλη
920 905 1125 981 νομοῦ
1170 905 1286 966 τοῦ
1333 902 1649 982 Θηβαϊκοῦ
1661 952 1679 985 ,
1726 903 1916 979 ἐγγὺς
1958 906 2069 981 τῆς
2117 902 2280 981 Νέης
2321 901 2601 966 πόλιος».
2663 901 2815 979 φηςί
2858 901 2926 964 δ’
2957 899 2995 965 6
3037 900 3235 965 αὐτὸς
3339 933 3343 937 -

587 1016 620 1066 5
651 1005 754 1068 καί
797 1008 995 1081 νῆςον
1040 1002 1205 1069 εἶναι
1250 1003 1485 1083 Χέμμιν
1531 1005 1601 1070 ἑν
1645 1005 1823 1089 αὐτῇ.

819 1107 914 1171 Τὰ
957 1106 1045 1172 εἰς
1090 1108 1190 1185 ’μῖ
1232 1108 1667 1186 προςηγορικὰ
1712 1108 1873 1187 ὑπὲρ
1920 1108 2040 1173 δύο
2073 1108 2386 1187 ςυλλαβὰς
2421 1104 2745 1189 ὀξύνεται,
2789 1105 3122 1185 πυραμίς
3152 1140 3237 1150 -

650 1208 1105 1288 ὠνομάςθηςαν
1173 1210 1244 1274 δὲ
1298 1211 1645 1289 πυραμίδες
1711 1210 1843 1275 ἀπὸ
1900 1216 2033 1275 τῶν
2089 1215 2350 1291 πυρῶν,
2417 1211 2532 1273 οὓς
2590 1209 2719 1273 ἐκεῖ
2775 1208 3153 1284 ςυναγαγὼν
3196 1205 3235 1270 6

652 1313 938 1391 βαςιλεὺς
991 1310 1246 1376 ἔνδειαν
1307 1311 1557 1392 ἐποίηςε
1617 1313 1788 1377 ςίτου
1847 1313 2005 1376 κατὰ
2058 1314 2174 1391 τὴν
2218 1311 2541 1389 Αἴγυπτον
2584 1347 2670 1357 -
2714 1311 3053 1393 ςηςαμίς,
3108 1330 3235 1374 κα-

653 1414 902 1496 λαμίς,
957 1413 1371 1496 πλοκαμίς,
1428 1414 1757 1494 κεραμίς.
1847 1416 1928 1478 τὰ
1983 1416 2053 1479 δὲ
2108 1415 2289 1493 κύρια
2336 1414 2704 1497 βαρύνεται,
2747 1413 3131 1495 Ἄρτεμις,
3195 1412 3235 1476 ὃ

554 1526 616 1580 ιο
650 1519 928 1594 Δωριεῖς
973 1516 1078 1580 διὰ
1121 1520 1237 1581 τοῦ
1282 1518 1324 1580 ἆ
1368 1518 1809 1595 προφέρονται
1854 1517 2179 1598 Ἀρταμις,
2237 1515 2677 1597 (εμίραμις,
2726 1514 3235 1596 Χρυςόθεμις,

651 1617 943 1698 Θύαμις
987 1618 1162 1696 κώμη
1209 1617 1336 1683 ὑπὸ
1384 1617 1793 1697 (εμιράμιδος
1838 1621 2145 1683 κτιςθεῖςα
2200 1619 2374 1697 παρὰ
2416 1618 2533 1696 τὴν
2579 1617 2997 1700 Ἀραχωςίαν,
3055 1616 3232 1680 Ψιτ-

648 1720 1020 1800 τάχεμμις
1063 1720 1238 1799 κώμη
1283 1724 1393 1798 τῆς
1436 1720 1804 1803 Αἰγυπτίας,
1860 1721 2269 1800 Ψώχεμμις
2313 1719 2650 1799 πολίχνιον
2696 1719 3051 1801 Αἰγύπτου,
3097 1719 3233 1796 Ἀρ-

648 1822 996 1901 τεμίδωρος
1040 1822 1111 1887 ἐν
1156 1820 1373 1907 ὀγδόῳ
1418 1824 2025 1903 γεωγραφουμένων
2074 1824 2217 1888 «καὶ
2244 1822 2618 1903 Περίκερμις
2661 1821 2732 1886 ἐκ
2768 1826 2991 1888 δεξιῶν
3023 1825 3234 1900 μερῶν

649 1925 752 1989 καί
797 1923 1180 2004 Θαλαβαύδη
1234 1924 1336 1987 καί
1380 1924 1770 2004 Ψώχεμμις».
1858 1926 2269 2004 Πάπρημις
2323 1924 2509 1989 πόλις
2561 1922 2915 2006 Αἰγύπτου,
2970 1924 3234 1989 Ἄξου-

552 2036 614 2086 15
652 2046 773 2105 μις
816 2025 1158 2104 ἀρςενικῶς
1204 2026 1593 2105 μητρόπολις
1634 2026 1971 2092 Αἰθιόπων.
2060 2027 2136 2091 τό
2195 2029 2266 2091 δὲ
2311 2025 2646 2106 (Σαλαμίς
2690 2026 2729 2105 ἡ
2774 2026 2938 2105 πρὸς
2981 2032 3056 2109 τῇ
3101 2025 3234 2089 Ἀτ-

650 2135 787 2214 τικῇ
831 2132 1022 2207 νῆςος
1066 2129 1169 2192 καί
1209 2127 1396 2193 πόλις
1427 2129 1645 2207 κύριον
1692 2129 1771 2194 ὂν
1802 2129 2093 2196 ὀξύνεται
2124 2130 2226 2193 καὶ
2267 2129 2342 2193 τὸ
2389 2129 2717 2209 δύναμις
2761 2127 3234 2207 προςηγορικὸν

648 2229 728 2296 ὂν
773 2230 1123 2310 βαρύνεται.

819 2332 912 2396 Τὰ
956 2331 1045 2398 εἰς
1086 2334 1189 2397 Wc'
1234 2333 1534 2413 διβράχεα
1578 2335 2013 2414 προςηγορικὰ
2057 2333 2396 2402 ὀξύνονται
2440 2334 2583 2398 κατ’
2639 2333 2854 2399 οὐςίας
2897 2332 3150 2412 κείμενα
3194 2334 3238 2397 ἆ

649 2434 687 2512 ἢ
734 2436 773 2498 ὃ
817 2434 1347 2518 παραληγόμενα,
1394 2435 1641 2519 ῥανίς,
1686 2437 1990 2520 χλανίς,
2046 2436 2291 2520 ςανίς,
2337 2434 2536 2519 ὀνίς,
2583 2435 2800 2500 κονίς
2854 2435 2930 2515 τὸ
2976 2436 3081 2500 ἐπὶ
3122 2437 3238 2513 τῆς

548 2548 616 2597 20
652 2539 965 2619 κεφαλῆς,
1021 2537 1353 2603 κόνις.δὲ
1397 2539 1472 2602 τὸ
1517 2543 1719 2621 χῶμα,
1767 2539 2039 2603 ςπάνις
2083 2539 2186 2602 καί
2229 2537 2514 2618 φρόνις
2559 2537 2679 2603 οὐκ
2723 2537 2828 2601 ἐπὶ
2872 2537 3101 2603 οὐςίας.
3156 2538 3237 2601 τὸ

654 2640 724 2703 δὲ
769 2638 933 2704 ὕνις
980 2639 1314 2719 βαρύνεται
1367 2641 1443 2705 τὸ
1500 2644 1538 2706 ὖ
1592 2640 1749 2719 ἔχον
1804 2640 2015 2718 ὥςπερ
2061 2641 2137 2705 τὸ
2182 2641 2400 2705 κύνις
2456 2640 2495 2719 ἡ
2540 2640 2722 2719 χείρ.
2812 2641 2892 2704 τὰ
2937 2641 3007 2705 δὲ
3052 2639 3237 2718 κύρια

652 2742 1067 2824 βαρύνονται,
1128 2741 1403 2808 Γλάνις
1459 2744 1746 2824 ποταμὸς
1807 2742 2014 2823 Κύμης
2070 2743 2160 2808 ὡς
2214 2742 2575 2823 Λυκόφρων
2632 2743 2726 2825 (v.
2776 2740 2927 2825 718)
2974 2740 3237 2807 «Γλάνις

651 2845 723 2908 δὲ
768 2843 1041 2923 ῥείθροις
1085 2844 1325 2912 δέξεται
1370 2846 1616 2922 τέγγων
1661 2845 1904 2925 χθόνα»
1962 2848 2065 2911 καὶ
2119 2844 2240 2911 ἀπ’
2284 2846 2486 2910 αὐτοῦ
2531 2844 2704 2924 ἰχθῦς
2754 2844 2791 2908 6
2836 2844 3236 2924 καλούμενος

650 2946 924 3021 γλάνις
981 2945 1018 3009 6
1075 2947 1177 3010 καὶ
1237 2947 1514 3023 γλάνιος.
1615 2947 1739 3012 ἔςτι
1796 2948 1899 3011 καί
1945 2937 2203 3027 Ἰβηρίας
2259 2948 2562 3027 ποταμός.
2651 2948 2776 3011 ἔςτι
2830 2947 2934 3010 καὶ
2976 2947 3233 3011 Ἰταλίας

547 3059 613 3109 25
648 3047 859 3125 τρίτος
903 3048 1192 3127 ποταμὸς
1245 3050 1392 3127 περὶ
1445 3052 1561 3115 τὸν
1607 3050 1854 3130 Τίβεριν
1908 3049 2218 3128 ποταμόν.
2306 3049 2542 3114 Τάνις
2595 3049 2782 3113 πόλις
2836 3049 3076 3129 μεγάλη
3132 3047 3233 3112 Αί-

647 3149 913 3225 γύπτου.

817 3252 911 3316 Τὰ
966 3252 1055 3317 εἰς
1108 3253 1209 3321 zife·
1262 3255 1604 3335 διςύλλαβα
1656 3255 2156 3334 παραληγόμενα
2210 3253 2535 3333 φωνήεντι
2593 3259 2809 3337 μακρῷ
2865 3253 2904 3331 ἢ
2960 3253 3234 3317 ἐκτεινο-

649 3353 822 3438 μένῳ
880 3356 1247 3440 βαρύνεται,
1314 3358 1395 3438 μὴ
1454 3356 1899 3435 ὑποκοριςτικὰ
1954 3355 2144 3439 ὄντα,
2201 3355 2450 3436 ὄρνις,
2510 3355 2763 3420 Θῶνις
2819 3355 3005 3420 πόλις
3048 3354 3231 3430 Αἰγύ-

646 3477 814 3520 πτου
869 3455 1000 3522 ἀπὸ
1057 3459 1283 3524 Θῶνος
1340 3460 1639 3538 βαςιλέως
1693 3462 1810 3522 τοῦ
1866 3459 2223 3524 ξενίςαντος
2279 3459 2395 3523 τὸν
2454 3458 2809 3522 Μενέλαον.
2907 3460 3102 3522 κεῖται
3159 3458 3234 3521 δὲ

546 3568 614 3622 30
647 3559 808 3622 κατὰ
850 3561 926 3623 τὸ
973 3561 1167 3640 ςτόμα
1211 3563 1286 3626 τὸ
1337 3559 1717 3640 Κανωβικόν.
1808 3559 2085 3626 (αὓνις
2142 3560 2326 3624 πόλις
2371 3560 2689 3642 Ἀραβίας,
2737 3562 2990 3642 μῆνις,
3041 3556 3233 3640 ἰνις,

647 3659 850 3745 ἦνις,
897 3665 1117 3740 νῆνις
1160 3663 1199 3742 ἡ
1245 3667 1473 3729 νεᾶνις.
1518 3665 1594 3727 τὸ
1639 3663 1855 3741 μέντοι
1902 3662 2155 3742 φωνίς
2199 3662 2683 3741 ὑποκοριςτικόν
2715 3661 2856 3726 έςτι.
2902 3662 3115 3743 τούτῳ
3160 3662 3234 3724 δὲ

784 3917 820 3973 l.
863 3923 886 3969 1
926 3935 1189 3971 canonem
1226 3919 1357 3969 finxi
1393 3924 1614 3985 propter
1652 3917 1844 3982 μέρμις
1881 3919 2128 3982 Theogn.
2166 3920 2250 3981 47,
2287 3921 2379 3980 20,
2415 3915 2567 3981 θέμις
2605 3917 2809 3969 Herod.
2848 3934 2935 3983 ap.
2973 3915 3232 3967 Eustath.

651 3988 799 4050 1618,
837 3990 921 4050 29,
958 3985 1162 4052 Χάρμις
1199 3993 1257 4037 et
1292 3986 1495 4050 Χέμμις
1535 3989 1611 4038 St.
1654 3990 1715 4037 B.
1851 3988 1887 4038 1.
1924 3990 1956 4037 6
1993 3984 2234 4051 πυραμίς
2272 3986 2493 4051 explevi
2530 4003 2595 4036 ex
2634 3986 2713 4035 St.
2752 3988 2815 4036 B.
2963 3987 2997 4038 l.
3035 3989 3066 4034 9
3103 3984 3169 4036 Ἀ
3209 4013 3232 4022 -

646 4068 800 4117 τεμις
848 4057 1066 4122 explevi
1109 4073 1177 4106 ex
1223 4056 1367 4109 Mon.
1406 4056 1463 4116 8,
1506 4059 1591 4106 18:
1640 4053 1806 4107 οὐδὲν
1852 4053 1930 4106 εἰς
1977 4058 2062 4116 W
2107 4056 2284 4119 λῆγον
2329 4052 2578 4118 θηλυκὸν
2623 4052 2767 4118 ὑπὲρ
2813 4051 2914 4105 δύο
2959 4052 3162 4115 ςυλλαβ
3203 4066 3232 4103 ς

648 4122 1033 4187 βαρυνόμενον
1068 4126 1153 4189 τῷ
1192 4127 1223 4173 ἒ
1258 4122 1407 4175 θέλει
1456 4124 1891 4189 παραλήγεςθαι·
1947 4123 2169 4187 μονάζει
2213 4121 2320 4187 ἄρα
2366 4121 2434 4173 τό
2471 4120 2730 4186 Ἄρτεμις
2777 4119 2919 4172 κατὰ
2963 4121 3072 4186 τὴν
3117 4119 3233 4184 πρὸ

645 4191 845 4243 τέλους
884 4190 1164 4256 ςυλλαβήν
1202 4193 1318 4243 κτλ.
1454 4193 1494 4245 l.
1534 4197 1591 4242 11
1632 4190 1844 4254 Θύαμις
1880 4207 2054 4257 usque
2091 4192 2162 4241 ad
2199 4190 2458 4253 Ἀξουμις
2497 4190 2531 4241 l.
2573 4194 2633 4240 14
2669 4207 2736 4240 ex
2776 4193 2856 4241 St.
2895 4193 2956 4240 B.
3094 4189 3128 4242 1.
3168 4192 3234 4238 15

647 4257 888 4322 (αλαμίς
926 4278 994 4310 ex
1032 4261 1110 4311 St.
1150 4262 1211 4311 B.
1252 4260 1471 4326 explevi
1507 4260 1596 4311 καὶ
1633 4259 1701 4312 τὸ
1738 4260 1970 4324 δύναμις
2007 4276 2177 4325 usque
2215 4260 2283 4309 ad
2319 4259 2479 4309 finem
2517 4259 2634 4323 ipse
2673 4258 2877 4310 addidi.
3091 4255 3127 4309 l.
3164 4259 3227 4306 21

646 4344 742 4392 pro
782 4327 971 4392 Κέρνις
1007 4328 1078 4390 Α,
1120 4326 1299 4392 Κρίνις
1335 4330 1444 4380 BC.
1496 4329 1662 4380 Thea.
1699 4329 1819 4380 coll.
1863 4329 2042 4382 Schol.
2081 4331 2239 4379 Hom.
2278 4327 2320 4379 Α
2358 4328 2424 4378 39
2462 4327 2652 4376 scribit
2689 4324 2894 4390 Κρίνις,
2933 4326 3028 4376 sed
3067 4340 3233 4390 quum

647 4397 962 4461 requiratur
996 4397 1416 4478 appellativum,
1455 4398 1623 4448 malui
1659 4414 1780 4448 cum
1808 4398 2052 4449 Schmidt
2087 4398 2158 4447 ad
2196 4396 2247 4445 h.
2273 4396 2310 4448 l.
2349 4401 2406 4445 et
2442 4395 2513 4444 ad
2537 4396 2668 4446 Hes,
2708 4393 2956 4459 κυνάγχη
2997 4394 3232 4444 scribere

646 4464 800 4515 κύνις
838 4465 949 4528 (vel
984 4467 1160 4528 χυνις)
1200 4465 1234 4528 ἡ
1272 4465 1413 4530 χείρ,
1461 4464 1532 4517 τὰ
1567 4464 1628 4517 δέ
1665 4464 1825 4530 κύρια
1862 4465 1980 4517 κτλ.
2018 4471 2239 4532 propter
2272 4464 2491 4513 nomina
2538 4480 2570 4512 a
2610 4465 2686 4513 St.
2725 4464 2785 4512 B.
2825 4463 3000 4512 relata
3038 4461 3232 4513 adieci.

784 4534 821 4583 l.
859 4535 924 4584 28
960 4549 1056 4599 pro
1093 4531 1331 4598 ὀρθῶνις
1367 4534 1626 4585 librorum
1664 4535 1923 4584 Schmidt.
1961 4533 2321 4600 probabiliter
2346 4531 2497 4597 ὄρνις
2524 4528 2734 4594 Θῶνις,
2774 4528 2926 4596 ὅρνις
2951 4535 3038 4581 est
3062 4530 3233 4580 etiam

644 4616 730 4665 ap.
768 4600 1015 4668 Theogn.
1050 4603 1141 4661 47,
1183 4606 1270 4664 15,
1318 4603 1500 4652 Dichr.
1539 4606 1656 4656 299.
1732 4600 1915 4653 Θῶνις
1963 4602 2181 4668 explevi
2218 4617 2284 4651 ex
2323 4601 2400 4651 St.
2440 4601 2531 4661 Β.,
2582 4616 2648 4650 ex
2685 4616 2790 4664 quo
2827 4600 2994 4649 etiam
3030 4595 3233 4650 Cussvtc

645 4669 843 4719 adieci.
985 4669 1017 4720 l.
1044 4671 1110 4721 30
1146 4687 1241 4736 pro
1278 4672 1416 4720 νῑνις
1440 4669 1701 4722 librorum
1725 4671 1892 4722 Mein.
1941 4671 2208 4726 Exercitt.
2237 4668 2368 4734 phil.
2395 4668 2452 4718 in
2478 4668 2675 4720 Athen.
2703 4668 2758 4717 II
2781 4669 2847 4717 43
2884 4671 2939 4717 et
2966 4663 3231 4717 Schmidt.

645 4737 715 4786 ad
754 4737 804 4790 h.
845 4737 881 4791 Ι.
918 4739 1101 4803 νῆνις,
1141 4739 1332 4804 scripsi
1367 4737 1475 4790 ἶνις
1514 4744 1570 4790 et
1605 4739 1798 4789 addidi
1834 4738 1956 4802 ἦνις
1993 4740 2148 4802 νῆνις
2186 4754 2254 4788 ex
2289 4738 2388 4789 An.
2429 4738 2582 4798 Pan,
2628 4752 2790 4801 quem
2825 4736 3004 4785 locum
3041 4734 3232 4784 statim

646 4806 938 4870 proferam.
1012 4805 1145 4857 Cum
1182 4805 1365 4871 φωνίς
1403 4808 1662 4872 coniungi
1706 4811 1887 4873 potest
1924 4805 2138 4870 λυχνίς,
2187 4806 2253 4855 de
2299 4821 2406 4871 quo
2445 4806 2700 4854 Eustath.
2746 4804 2817 4854 ad
2862 4805 3092 4868 Dionys.
3130 4805 3231 4853 327

644 4871 715 4923 τὸ
763 4872 951 4937 λυχνίς
996 4875 1143 4927 τινὲς
1191 4875 1282 4926 καὶ
1328 4873 1621 4939 βαρύνουςι
1668 4874 1757 4925 καί
1801 4872 2094 4940 ἀρςενικὸν
2148 4872 2293 4924 εἶναι
2340 4871 2593 4935 λέγουςιν
2648 4872 2855 4936 ὄνομα,
2908 4870 3232 4935 γράφοντες

647 4939 850 5005 λύχνις.
904 4944 1080 4993 Verba
1116 4943 1307 5010 τούτῳ
1345 4942 1406 4994 δὲ
1443 4941 1653 5005 ὁμοίως
1690 4944 1804 5008 ipsc
1845 4942 1973 4992 finxi
2010 4942 2276 5007 Stephani
2314 4942 2554 5007 vestigia
2591 4947 2829 4992 secutus.
2867 4969 2929 4974 -
2971 4940 3072 4990 Hic
3109 4953 3234 4990 cum
