3664 5546
611 399 652 461 6
1547 396 1629 451 ΕΚ
1666 395 1806 450 ΤΩΝ
1851 395 2260 449 ΗΡΩΔίΑΝΟΥ

781 569 872 634 Τὸ
917 568 1139 653 ἑκάςτῃ
1186 568 1348 634 λέξει
1388 568 1503 647 τὴν
1548 566 1821 631 δέουςαν
1866 565 2235 649 προςῳδίαν
2266 566 2501 632 τιθέναι
2530 566 2936 646 ςυμπέραςμα
2967 566 3195 646 ςχεδόν

611 672 814 750 πάςης
866 674 977 749 τῆς
1031 673 1455 755 γραμματικῆς
1496 667 1795 748 τυγχάνει
1838 667 2142 747 μεθόδου·
2197 670 2298 734 καὶ
2349 668 2473 747 γὰρ
2528 668 2644 734 τὸν
2687 670 2833 748 περὶ
2875 666 3195 748 διχρόνων

614 773 703 838 ὡς
770 772 868 838 ὅτι
927 774 1188 852 μάλιςτα
1253 771 1728 852 διηκριβωκέναι
1794 770 2145 845 ἀναγκαῖον
2204 775 2295 854 τῷ
2357 775 2550 836 τοῦτο
2615 774 2824 837 ποιεῖν
2882 771 3196 836 ἐθέλοντι·

613 874 752 940 ἐπεὶ
803 874 1004 939 πόθεν
1062 876 1137 940 τὸ
1194 875 1307 954 μὲν
1364 873 1531 952 Ἶρος
1588 873 1687 938 καὶ
1740 874 1925 953 μῖμος
1982 864 2547 953 προπεριςπάςει,
2581 874 2655 938 τὸ
2710 874 2781 938 δὲ
2835 873 3044 938 κτίλος
3097 874 3198 938 καὶ

544 989 576 1039 5
615 976 796 1053 Χίος,
858 978 975 1055 τὴν
1020 980 1216 1057 νῆςον
1260 977 1448 1059 φημί,
1505 977 1854 1054 παροξυνεῖ
1894 976 1976 1055 μὴ
2021 976 2220 1052 γνοὺς
2267 975 2355 1040 ὼς
2400 976 2477 1040 τὰ
2520 976 2635 1055 μὲν
2680 982 2908 1056 πρῶτα
2950 976 3197 1041 ἐκτετα·

614 1080 813 1160 μένον
860 1079 990 1159 ἔχει
1032 1081 1108 1146 τὸ
1155 1083 1211 1156 s,
1266 1080 1344 1144 τὰ
1388 1080 1459 1144 δὲ
1515 1077 1782 1156 δεύτερα
1840 1079 2371 1156 ςυνεςταλμένον;
2426 1077 2515 1143 ἔτι
2569 1078 2670 1143 καὶ
2726 1078 2842 1144 τὸν
2887 1080 3032 1159 περὶ
3073 1079 3198 1143 κλί-

613 1202 804 1248 ςεως·
852 1182 989 1247 ἐπεὶ
1032 1180 1233 1247 πόθεν
1278 1182 1353 1246 τὸ
1395 1182 1511 1262 μὲν
1557 1182 1851 1259 ςωλῆνος
1891 1181 2409 1259 προπεριςπάςει,
2453 1180 2527 1245 τὸ
2574 1181 2645 1244 δὲ
2687 1180 2994 1260 ποιμένος
3040 1202 3197 1260 παρ-

616 1287 858 1361 οξυνεῖ,
903 1283 1168 1361 ἀγνοῶν
1228 1282 1319 1348 ῶς
1374 1283 1446 1348 ἐν
1501 1288 1576 1367 τῇ
1622 1283 1812 1348 κλίςει
1868 1281 1946 1348 τὸ
2003 1283 2116 1361 μὲν
2174 1284 2479 1362 φυλάττει
2532 1283 2608 1347 τὸ
2652 1286 2725 1361 ἦ,
2780 1283 2856 1348 τὸ
2910 1285 2981 1347 δὲ
3037 1282 3123 1349 εἰς
3166 1288 3200 1349 ἒ

612 1387 1017 1467 μεταβάλλει;
1073 1385 1175 1450 καὶ
1228 1385 1489 1465 προςέτι
1542 1384 1743 1450 πόθεν
1786 1385 1862 1450 τὸ
1906 1385 2020 1464 μὲν
2066 1384 2520 1463 προςτακτικὸν
2562 1384 2657 1451 ἵζε
2700 1388 3078 1465 παροξυνεῖ,
3124 1385 3198 1449 τὸ

518 1500 582 1551 10
616 1490 689 1554 δὲ
731 1488 1203 1572 παρῳχημένον
1258 1487 1350 1554 ἷζε
1404 1486 1930 1567 προπεριςπάςει,
1987 1486 2249 1563 ἀγνοῶν
2307 1486 2398 1552 ῶς
2439 1488 2516 1553 τὸ
2560 1489 2674 1566 μὲν
2714 1486 2833 1554 ἵζω
2881 1487 3079 1567 βραχὺ
3122 1489 3199 1553 τὸ

613 1596 646 1657 ἰ’
677 1591 840 1671 ἔχει,
884 1591 960 1655 τὸ
992 1593 1064 1656 δὲ
1092 1590 1230 1657 ἷζον
1262 1590 1536 1670 μακρόν,
1582 1588 1735 1656 ὅθεν
1766 1589 1867 1653 καὶ
1897 1590 2403 1669 προπεριςπᾶται
2448 1590 2605 1654 κατὰ
2646 1589 2724 1656 τὸ
2768 1589 2987 1655 κοινὸν
3012 1588 3194 1654 Ἴἔθος.

614 1693 693 1758 τά
736 1714 805 1758 τε
847 1697 979 1758 τῶν
1024 1693 1372 1757 διαλέκτων
1429 1691 1734 1771 ἰδιώματα
1776 1692 1982 1770 δεήςει
2024 1690 2301 1772 ἀκριβῶς
2343 1690 2601 1757 εἰδέναι·
2658 1691 2796 1756 ἐπεὶ
2850 1694 2991 1756 πῶς
3033 1692 3200 1767 γνώ-

618 1815 788 1861 ςεται
818 1794 915 1860 ὅτι
947 1795 1124 1874 παρὰ
1153 1794 1472 1874 Δωριεῦςι
1516 1794 1592 1859 τὸ
1640 1793 1901 1870 «έλέγον
1943 1793 2205 1859 ἐκεῖνοι»
2252 1793 2709 1875 παροξύνεται,
2750 1793 2825 1860 τό
2854 1814 2925 1859 τε
2968 1792 3201 1874 Ἀφρό-

621 2054 723 2117 τῆς
760 2050 1073 2118 προςῳδίας
1110 2050 1246 2115 ὅρον
1283 2048 1634 2115 ἐπιδέχονται
1671 2050 1761 2101 καὶ
1799 2049 2102 2117 προςῳδίαι
2139 2050 2457 2102 καλοῦνται.
2494 2049 2575 2103 Τὸ
2612 2048 2672 2102 δὲ
2708 2050 2867 2115 ((ἦτοι
2903 2049 3046 2101 κατὰ
3081 2064 3202 2103 cuv-

623 2120 817 2185 ἡθειαν
853 2118 1149 2172 διαλέκτου
1185 2117 1672 2184 ὁμολογουμένης,
1711 2119 1840 2183 ἤτοι
1877 2119 2020 2172 κατὰ
2054 2118 2160 2170 τὸν
2185 2118 2598 2183 ἀναλογητικὸν
2637 2119 2807 2184 ὅρον»
2844 2116 3041 2183 εἰπών,
3067 2118 3202 2171 τοὺς

620 2187 869 2253 τρόπους
906 2186 1171 2251 διδάςκει,
1210 2186 1343 2238 καθ’
1379 2186 1477 2239 οὓς
1512 2185 1570 2239 αἱ
1608 2184 1915 2255 προςῳδίαι
1950 2185 2088 2251 ἐκφέ
2128 2201 2301 2239 ονται.
2348 2187 2382 2251 ἢ
2419 2186 2525 2252 γάρ
2561 2202 2695 2253 φηςι
2732 2186 2874 2239 κατὰ
2910 2185 3203 2239 διάλεκτον

623 2255 968 2322 προάγονται
1004 2255 1039 2319 ἢ
1077 2254 1220 2306 κατὰ
1265 2253 1571 2317 ἀναλογίαν
1623 2255 1713 2305 καὶ
1768 2254 1995 2307 κανόνα.
2048 2271 2080 2307 ο
2106 2270 2173 2307 ον
2217 2253 2287 2306 τὸ
2335 2253 2436 2319 μὲν
2483 2255 2673 2318 ὁμοῖος
2720 2254 2862 2307 κατὰ
2898 2253 3203 2318 ἀναλογίαν

622 2323 950 2389 ἐκφέρεται,
1006 2323 1148 2376 διότι
1192 2322 1264 2376 τὰ
1308 2322 1397 2375 διὰ
1444 2325 1548 2375 τοῦ
1595 2327 1711 2377 ὃῖςῖς
1760 2323 1987 2375 ἅπαντα
2039 2339 2081 2375 π
2154 2322 2580 2388 περιςπώμενα,
2638 2323 2909 2389 ἑτεροῖος,
2964 2324 3200 2387 γελοῖος,

621 2392 870 2456 ἀλλοῖος,
918 2391 1006 2444 διὰ
1050 2393 1226 2443 τοῦτο
1271 2391 1362 2442 καὶ
1406 2390 1684 2458 Ὅμηρος,
1738 2395 1809 2458 τῇ
1856 2390 2033 2443 ἀναλο
2077 2338 2150 2443 {do
2174 2391 2546 2457 χρηςάμενος,
2584 2390 2709 2444 «ὼς
2747 2388 2860 2457 ἀεί,
2898 2389 3060 2456 φηςί,
3097 2390 3203 2442 τὸν

623 2461 820 2525 ὁμοῖον
863 2458 984 2523 ἀγει
1030 2458 1159 2512 θεὸς
1206 2457 1284 2511 ὡς
1330 2457 1435 2510 τὸν
1483 2459 1713 2524 ὁμοῖον»
1750 2460 1807 2525 (ρ
1844 2462 1984 2510 218.
2037 2458 2091 2512 οἱ
2135 2459 2196 2511 δὲ
2237 2459 2476 2512 Ἀττικοὶ
2514 2459 2705 2524 ὅμοιος
2751 2458 2986 2521 λέγουςι.
3034 2457 3204 2510 πάλιν

621 2527 780 2593 ἡμεῖς
828 2527 930 2592 μὲν
976 2527 1274 2590 ἀναλόγως
1318 2526 1594 2592 τρόπαιον
1629 2528 1872 2592 λέγομεν
1971 2542 1997 2579 ς
2043 2526 2343 2592 ςπήλαιον,
2391 2528 2639 2579 ςύλαιον·
2696 2529 2728 2580 ὁ
2764 2528 2826 2580 δὲ
2861 2525 3204 2592 Θουκυδίδης

621 2599 897 2662 τροπαῖον
936 2596 1221 2648 Ἀττικῶς.
1267 2596 1358 2647 καὶ
1392 2594 1462 2646 τὸ
1503 2595 1786 2660 Ἀχιλλεύς
1822 2595 1883 2647 δὲ
1921 2596 2012 2647 καὶ
2047 2594 2274 2661 Πηλεύς
2312 2595 2401 2647 καὶ
2436 2595 2509 2649 τὰ
2545 2596 2710 2660 ὅμοια
2746 2595 2905 2660 ἡμεῖς
2945 2594 3045 2660 μὲν
3082 2594 3204 2647 ὀξύ-

623 2680 824 2729 νομεν,
860 2663 915 2717 οἱ
951 2664 1012 2717 δὲ
1049 2662 1266 2717 Αἰολεῖς
1305 2663 1649 2729 βαρύνουςιν.
1694 2664 1851 2716 οὕτω
1888 2664 1979 2715 καὶ
2015 2662 2084 2715 τὸ
2123 2661 2313 2729 είρκτή
2351 2662 2405 2716 οἱ
2443 2663 2543 2728 μὲν
2582 2664 2825 2717 Ἀττικοὶ
2860 2664 3202 2727 δαςύνουςιν,

621 2734 782 2798 ἡμεῖς
819 2732 880 2786 δὲ
916 2733 1208 2798 ψιλοθμεν.
1261 2733 1353 2784 καὶ
1405 2731 1475 2785 τὸ
1533 2732 1832 2787 Ἀπόλλων
1886 2732 2045 2797 ἡμεῖς
2101 2731 2203 2797 μέν
2255 2730 2552 2797 ἀναλόγως
2606 2732 2995 2799 ςυςτέλλομεν,
3049 2730 3104 2788 οἱ
3144 2730 3205 2788 δὲ

627 2803 867 2855 Ἀττικοί
904 2800 1243 2854 ἐκτείνουςιν
1279 2799 1358 2853 ὡς
1392 2800 1462 2852 τὸ

1031 2869 1353 2922 Ἀπόλλωνι
1389 2868 1614 2935 ἄνακτι,
1652 2869 1758 2922 τὸν
1793 2868 2042 2935 ἠύκομος
2078 2868 2207 2922 τέκε
2245 2867 2414 2935 Λητώ
2453 2869 2521 2936 (Α
2559 2867 2665 2935 36).

626 2937 824 2991 Ἰςτέον
860 2936 921 2991 δὲ
959 2937 1046 2989 ὅτι
1092 2937 1160 2990 ού
1204 2938 1340 2990 τοὺς
1383 2937 1588 2990 τόνους
1637 2936 1813 3001 μόνον
1859 2936 2100 3003 ώρίςατο
2145 2938 2235 2990 καὶ
2279 2937 2519 2990 τούτους
2564 2936 2879 3004 προςῳδίας
2925 2937 3203 3003 ἐκάλεςεν,

624 3006 702 3057 ὥς
738 3021 877 3058 τιςιν
914 3005 1096 3070 ἔδοξε,
1144 3006 1504 3070 πλανηθεῖςιν
1540 3005 1603 3057 ἐκ
1638 3008 1742 3058 τοῦ
1781 3003 1962 3057 εἰπεῖν
1997 3005 2174 3058 «ποιὰ
2208 3004 2420 3071 τάςις»,
2466 3005 2610 3058 ἀλλὰ
2655 3007 2745 3058 καὶ
2789 3006 2924 3058 τοὺς
2968 3004 3205 3071 χρόνους

625 3074 714 3126 καὶ
758 3074 830 3126 τὰ
876 3073 1186 3137 πνεύματα.
1235 3072 1324 3125 καὶ
1369 3073 1476 3138 γὰρ
1512 3073 1602 3125 καὶ
1640 3072 1693 3126 οἱ
1728 3073 1922 3137 χρόνοι
1958 3074 2112 3127 τάςιν
2160 3075 2369 3139 ἔχουςι,
2416 3074 2556 3127 καθὸ
2594 3075 2626 3126 ό
2665 3074 2767 3139 μέν
2803 3073 3134 3138 ἐκτείνεται,
3172 3075 3205 3127 ὁ

623 3141 684 3194 δὲ
720 3141 1095 3194 ςυςτέλλεται·
1145 3142 1234 3194 καὶ
1270 3140 1342 3192 τὰ
1377 3141 1673 3204 πνεύματα
1708 3141 1795 3204 δέ,
1845 3141 1967 3194 ἐπεὶ
2010 3142 2080 3193 τὸ
2128 3141 2230 3207 μέν
2276 3142 2339 3195 ἐκ
2374 3145 2477 3195 τοῦ
2515 3142 2770 3208 θώρακος
2808 3142 3054 3209 πρόειςιν
3090 3142 3205 3197 ἐπι-

623 3208 976 3274 τεταμένως,
1013 3209 1084 3261 τὸ
1120 3208 1180 3261 δὲ
1218 3207 1275 3260 ἐξ
1311 3207 1502 3273 ἄκρων
1537 3212 1659 3261 τῶν
1695 3209 1934 3274 χειλέων
1970 3210 2440 3273 ςυνεςταλμένως.

758 3278 795 3328 l.
838 3283 865 3328 1
904 3294 1023 3344 sqq.
1068 3294 1136 3328 ex
1170 3279 1249 3328 10.
1288 3276 1378 3327 Al.
1417 3293 1468 3342 p.
1504 3280 1537 3329 3
1573 3295 1692 3343 sqq.
1851 3279 1888 3334 l.
1927 3283 1959 3330 3
2008 3278 2313 3343 ἀναγκαῖον
2367 3278 2457 3330 vel
2509 3280 2688 3330 simile
2744 3280 2875 3345 quid
2930 3280 3205 3331 excidisse

625 3345 772 3396 vidit
807 3345 1091 3397 Bloehius.
1228 3345 1263 3395 1.
1301 3349 1333 3395 5
1369 3344 1560 3411 Steph.
1600 3347 1731 3412 Byz.
1769 3350 1893 3406 693,
1935 3349 1998 3398 14
2033 3345 2187 3400 Xioc:
2243 3346 2312 3399 τὸ
2359 3347 2745 3412 πρωτότυπον
2799 3347 2979 3412 ὄνομα
3032 3347 3204 3412 βραχὺ

628 3413 741 3477 ἔχει
775 3413 845 3466 τὸ
881 3417 933 3476 ἶ,
969 3412 1039 3464 τὸ
1075 3412 1137 3464 δὲ
1175 3411 1398 3464 ἐθνικὸν
1437 3413 1667 3478 μακρόν,
1707 3414 1785 3467 ὡς
1820 3418 1924 3466 τοῦ
1965 3414 2096 3479 μήτι
2131 3415 2296 3480 «μήτι
2332 3413 2390 3467 δ’
2425 3414 2686 3479 ἡνίοχος»
2725 3415 2809 3481 (11.
2847 3420 2931 3480 23,
2957 3416 3077 3483 318)
3116 3417 3206 3468 καί

626 3483 730 3533 τοῦ
767 3480 901 3534 Θέτι
936 3479 1139 3532 «πάντι
1175 3479 1309 3533 Θέτι
1343 3481 1783 3550 καλλιπλοκάμῳ
1819 3481 2066 3548 ζωάγρια
2102 3482 2310 3536 τίνειν»
2350 3484 2439 3546 (11.
2479 3486 2567 3548 18,
2600 3486 2723 3548 407)
2762 3484 2853 3536 καὶ
2887 3488 2991 3536 τοῦ
3032 3483 3205 3548 μάςτι.

763 3550 799 3599 l.
840 3553 869 3600 7
907 3547 1340 3614 προπεριςπάςει
1383 3567 1480 3616 pro
1528 3554 1975 3616 προπεριςπᾱται
2012 3558 2069 3603 et
2113 3553 2414 3617 παροξυνεῖ
2458 3567 2555 3618 pro
2603 3551 2902 3616 παροξύνει
2950 3554 3203 3604 Dindorf.

762 3619 799 3668 1.
836 3619 868 3669 8
904 3616 973 3669 τὸ
1019 3616 1121 3681 μὲν
1165 3617 1380 3668 addidit
1411 3618 1600 3669 Bloch.
1645 3620 1730 3671 De
1766 3637 1825 3671 re
1865 3622 1936 3672 ef.
1972 3620 2177 3671 Herod.
2218 3621 2275 3670 in
2312 3621 2403 3671 Cr.
2440 3620 2543 3671 An.
2581 3638 2666 3674 ox.
2704 3622 2780 3671 IV
2815 3625 2914 3673 333
2950 3623 3011 3671 in
3057 3623 3206 3686 frag-

630 3692 809 3738 mento
863 3687 1158 3753 inscripto:
1216 3684 1454 3751 έπιτομὴ
1508 3688 1630 3737 τῶν
1677 3687 2036 3752 ὀνοματικῶν
2072 3686 2335 3740 κανόνων
2380 3687 2442 3739 ἐκ
2487 3690 2609 3740 τῶν
2656 3688 3023 3753 Ἡρωδιανοῡ·
3072 3690 3205 3741 πολ-

630 3753 784 3806 λάκις
822 3753 911 3807 καὶ
947 3753 1222 3820 διαφόρου
1258 3754 1565 3819 ςυμφώνου
1602 3754 1768 3807 ἕνεκα
1803 3755 2090 3821 διαφόρως
2128 3754 2319 3820 ἐκλίθη
2356 3753 2481 3809 οἷον
2516 3756 2704 3822 ςωλήν
2741 3758 3019 3822 ςωλῆνος,
3059 3756 3207 3822 ὑμήν

628 3821 857 3887 ὑμένος·
917 3821 1082 3875 εἴωθε
1131 3822 1237 3888 γὰρ
1279 3821 1348 3874 τὸ
1397 3827 1434 3886 fi
1477 3822 1707 3889 τρέπειν
1751 3824 1821 3876 τὸ
1866 3829 1903 3889 ἦ
1940 3821 2017 3875 εἰς
2053 3827 2095 3878 ἔ.
2276 3825 2310 3875 l.
2349 3828 2380 3876 9
2427 3826 2700 3891 quaedam
2745 3826 3021 3877 excidisse
3067 3827 3209 3877 vidit

628 3891 905 3956 Dindorf.‚
944 3892 1196 3958 equidem
1235 3892 1448 3942 inserui
1485 3893 1656 3943 verba
1692 3891 1761 3943 τὸ
1802 3891 2234 3956 μὲν-ἀγνοῶν
2272 3891 2377 3956 ὡς,
2426 3910 2551 3944 nam
2596 3895 2679 3944 sie
2717 3893 2832 3943 fere
2871 3896 3206 3945 sententiam

632 3961 969 4026 processisse
1019 3977 1088 4027 ap
1129 3965 1250 4011 aret
1295 3977 1364 4011 ex
1410 3960 1612 4012 Herod.
1659 3977 1747 4027 ap.
1797 3961 2085 4011 Constant.
2132 3963 2363 4013 Lascar.
2411 3959 2619 4026 βιβλίον
2654 3954 2704 4024 γ’
2791 4004 2801 4014 .
2841 3964 2938 4013 287
2986 3963 3205 4027 (venet.

632 4029 812 4091 1698):
871 4027 941 4080 τὸ
979 4028 1080 4094 ὑβρ
1103 4031 1180 4082 ζω
1221 4027 1310 4078 καὶ
1356 4024 1520 4079 ίξεύω
1567 4029 1657 4080 καί
1703 4028 1775 4080 τὰ
1820 4028 1986 4091 ὅμοια
2030 4027 2092 4080 ἐν
2139 4028 2240 4092 μὲν
2283 4032 2368 4080 τῶ
2407 4028 2671 4082 ἐνεςτῶτι
2708 3978 2850 4082 often
2888 4029 3102 4094 μακρὸν
3137 4030 3207 4083 τὸ

629 4094 888 4161 δίχρονον
935 4096 1075 4160 ἔχει,
1121 4095 1184 4147 ἐν
1229 4094 1291 4146 δὲ
1334 4098 1454 4147 τοῖς
1500 4094 1929 4164 παρῳχημένοις
1973 4096 2134 4160 φύςει
2180 4080 2394 4162 μακρὸν
2439 4100 2524 4165 τῷ
2570 4097 2726 4165 λόγῳ
2769 4100 2872 4163 τῆς
2907 4097 3208 4164 αὐξήςεως.

628 4166 698 4219 Il.
735 4166 888 4216 Pros.
918 4164 951 4216 Γ
973 4167 1099 4214 426:
1138 4162 1343 4216 κάθιζ’;
1384 4162 1699 4215 ςυςτέλλειν
1735 4165 1818 4217 δεῖ
1853 4164 1923 4216 τὸ
1950 4167 1982 4215 ἶ
2006 4166 2095 4216 καί
2131 4165 2580 4231 προπαροξύνειν
2614 4166 2685 4218 τὸ
2724 4166 2930 4220 κάθιζε·
2968 4167 3068 4219 ὅςα
3103 4168 3208 4233 γὰρ

630 4231 1045 4299 παρῳχημένου
1071 4230 1292 4296 ῥήματα
1330 4231 1827 4297 βραχυκατάληκτα
1865 4231 2119 4297 ἐνέλειψε
2156 4233 2344 4299 χρόνω
2382 4235 2523 4287 κατὰ
2546 4234 2616 4287 τὸ
2642 4234 2832 4300 ἄρχον,
2869 4237 3051 4288 ταῦτα
3088 4250 3208 4288 ςυν-

630 4300 892 4363 τιθέμενα
929 4298 1224 4351 ἀναδίδωςι
1259 4298 1365 4349 τὸν
1399 4299 1597 4351 τόνον·
1637 4299 1793 4365 εἶχον
1829 4304 2106 4365 ςυνεῖχον·
2143 4301 2277 4354 ἀλλ’
2312 4286 2436 4355 ἐπεὶ
2473 4302 2702 4365 ἐγένετο
2741 4303 2858 4368 ἔχε,
2897 4303 3137 4369 ἀνεδόθη
3175 4305 3208 4356 ὁ

630 4369 799 4421 τόνος
846 4367 988 4419 «νὺξ
1032 4368 1092 4420 δὲ
1130 4366 1276 4430 μάλα
1311 4369 1550 4432 ςτυγερὴ
1588 4367 1786 4433 κάτεχ’
1821 4368 2109 4433 οὐρανόν»
2156 4370 2278 4432 (Od.
2318 4375 2405 4434 13,
2443 4373 2590 4436 269)·
2650 4371 2836 4424 οὕτως
2883 4369 2963 4426 ἷζε
3001 4370 3207 4425 κάθιζε·

630 4435 895 4501 «Νέςτωρ
930 4435 993 4486 τ’
1027 4434 1200 4487 αὐτὸς
1239 4435 1425 4500 ἔφιζε»
1450 4435 1577 4499 (Od.
1601 4442 1648 4496 3,
1673 4437 1812 4496 411).
1955 4437 1992 4491 l.
2020 4441 2081 4489 12
2119 4439 2311 4489 addidi
2347 4437 2623 4501 γνώςεται
2660 4440 2765 4505 ὅτι,
2802 4442 2973 4491 verba
3008 4440 3209 4492 lacuna

630 4506 888 4556 laborare
927 4505 1212 4570 perspexit
1245 4505 1522 4567 Dindoffi,
1569 4504 1942 4570 παροξύνεται
1978 4523 2075 4573 pro
2112 4506 2483 4571 παροξύνουςι
2528 4509 2843 4560 emendavit
2886 4509 3099 4561 Ahrens
3141 4509 3208 4561 de

631 4573 766 4625 dial.
790 4574 921 4624 Dor.
949 4589 1001 4637 p.
1030 4574 1096 4622 28
1121 4577 1235 4622 not.
1263 4575 1312 4636 9,
1350 4572 1415 4622 de
1454 4589 1512 4622 re
1550 4574 1621 4624 cf.
1646 4575 1893 4626 Macrob.
1931 4575 1999 4626 de
2039 4576 2219 4629 differ.
2257 4580 2313 4626 et
2349 4576 2603 4627 societat.
2642 4594 2695 4643 p.
2719 4578 2819 4628 360
2857 4577 2940 4628 ed.
2966 4577 3208 4643 Bipont.:

631 4642 822 4692 Tertia
859 4640 1087 4706 pluralis
1123 4641 1179 4691 in
1215 4641 1319 4691 hoc
1355 4645 1597 4706 tempore
1635 4642 1738 4705 (se.
1773 4643 2125 4709 imperfecto)
2163 4659 2274 4694 sem
2320 4660 2380 4693 er
2415 4643 2609 4696 eadem
2654 4651 2742 4696 est
2816 4647 2986 4696 rimae
3024 4647 3209 4712 singu-

631 4710 764 4770 lari,
804 4707 1048 4771 ἐγάμουν
1085 4705 1225 4772 ἐγώ,
1264 4706 1510 4771 ἐγάμουν
1546 4709 1763 4761 ἐκεῖνοι.
1800 4713 1882 4762 sie
1907 4709 2136 4776 ἐτίμων,
2163 4713 2244 4762 sie
2269 4661 2633 4778 ἐρςτεφάνουν,
2661 4714 2742 4765 sie
2798 4727 3012 4778 τρεχον.
3050 4713 3208 4765 Unde

631 4776 870 4841 Δωριεῖς
916 4777 974 4826 in
1019 4776 1132 4826 illis
1173 4777 1388 4839 verbis,
1436 4793 1575 4842 quae
1622 4781 1678 4828 in
1715 4781 1784 4830 ον’
1828 4781 2057 4830 mittant
2100 4782 2452 4846 parataticon
2498 4787 2555 4831 et
2599 4786 2824 4848 propter
2869 4783 3209 4846 βραχυκατα-

633 4843 826 4909 ληξίαν
873 4844 1097 4896 tertiam
1142 4863 1175 4896 a
1219 4845 1325 4895 fine
1371 4847 1656 4910 patiuntur
1700 4852 2017 4910 accentum,
2066 4848 2284 4898 tertiam
2331 4850 2543 4899 numeri
2580 4849 2813 4915 pluralis
2859 4850 3211 4901 discretionis

630 4913 812 4978 gratia
858 4913 1282 4976 βαρυτονοῦςιν;
1332 4912 1563 4977 ἔτρεχον
1610 4912 1724 4976 ἐγώ
1763 4914 2304 4980 προπαροξυτόνως,
2353 4914 2583 4982 ἐτρέχον
2620 4916 2820 4970 ἐκεῖνοι
2869 4916 3208 4983 βαρυτόνως.
