3664 5546
1236 290 1397 344 περι
1439 276 1832 346 κΑοολικΗς
1866 288 2290 344 πΡοςΩιΔιΑς
2331 289 2387 342 κ.
2967 285 3091 351 527

532 532 535 535 ,
670 490 709 524 κ
756 461 851 526 Τὰ
902 461 992 527 εἰς
1044 467 1122 525 fi?
1179 461 1421 540 θηλυκὰ
1476 460 1754 527 ὀξύτονα
1797 460 1904 523 διὰ
1956 462 2073 524 τοῦ
2127 444 2163 524 δ
2230 458 2574 537 κλινόμενα
2627 458 3093 539 ςυςτέλλονται,

505 585 539 627 κ
554 565 787 642 ροκύς
823 564 1166 645 κροκύδος,
1211 562 1509 641 χλαμύς
1549 562 1903 643 χλαμύδος,
1946 560 2303 639 πηλαμύς
2342 559 2735 638 πηλαμύδος,
2788 559 2869 622 τὰ
2904 559 2975 621 δὲ
3006 557 3096 622 εἰς

505 669 585 730 fc
631 666 871 744 θηλυκὰ
916 664 1192 731 ὀξύτονα
1236 665 1339 728 διὰ
1392 666 1676 741 καθαροῦ
1719 666 1837 726 τοῦ
1893 665 1976 724 ῑῑς
2021 662 2364 740 κλινόμενα
2408 660 2824 739 ἐκτεταμένον
2880 658 3093 737 ἔχουςι

503 770 579 832 τὸ
625 769 693 851 ῦ,
738 768 1072 849 πληθύς,
1117 765 1430 846 ἐδητύς,
1461 764 1702 846 ὀϊζύς,
1734 762 2034 846 ἐρινύς,
2082 762 2313 841 ἰξύςὴ
2346 762 2555 844 ῥάχις,
2600 760 2846 843 ἰςχύς,
2892 759 3094 842 ἰλύς,

504 869 578 931 τὸ
624 869 696 932 δὲ
740 867 981 945 νηδύς
1034 873 1327 951 ποιητικῇ
1383 864 1565 949 ἀδείᾳ
1622 866 2034 930 ςυςτέλλεται.
2123 866 2302 943 φιλεῖ
2354 865 2425 927 δὲ
2480 862 2555 928 τὸ
2601 861 2639 927 ὖ
2694 861 2803 925 ἐπ’
2848 861 3096 926 εὐθείας
3129 868 3161 917 5

504 968 948 1047 ἐκτεινόμενον
1006 968 1362 1032 ςυςτέλλειν
1418 968 1532 1031 τὰς
1586 965 1787 1030 ἄλλας
1841 965 2108 1030 πτώςεις
2152 964 2232 1028 οὐ
2277 965 2481 1043 μόνον
2535 963 2607 1029 ἐν
2660 969 2754 1048 τῷ
2805 960 2932 1039 πῦρ
2977 984 3094 1026 πυ-

506 1072 651 1152 ρός,
696 1069 865 1134 ἀλλὰ
908 1069 1011 1132 καὶ
1053 1068 1124 1133 ἐν
1169 1074 1260 1152 τῷ
1306 1067 1556 1151 ἰχθύος,
1602 1068 1826 1149 δρυός,
1873 1066 2116 1149 ἰςχύος,
2162 1065 2359 1132 ἰλύος.
2449 1065 2520 1130 ἐν
2575 1066 2647 1130 δὲ
2690 1070 2783 1147 τῷ
2831 1062 3092 1127 «ἰλύος»

504 1171 588 1253 (Φ
631 1168 786 1249 318)
828 1170 905 1233 τὸ
952 1168 989 1234 ὗ
1045 1169 1365 1234 ἐκτέταται
1413 1171 1516 1234 διὰ
1560 1169 1634 1232 τὸ
1679 1168 1930 1247 μέτρον.

675 1299 711 1335 κ·
761 1270 855 1335 Τὰ
912 1269 1001 1335 εἰς
1047 1274 1132 1336 Ui
1190 1270 1514 1350 βαρύτονα
1580 1267 1707 1334 εἴτε
1772 1270 2013 1347 θηλυκὰ
2078 1268 2205 1333 εἴτε
2269 1267 2568 1347 ἀρςενικὰ
2634 1267 3095 1347 ςυςτέλλονται,

505 1374 768 1456 γένυς,
827 1371 1086 1455 πίτυς,
1152 1372 1412 1454 χέλυς,
1479 1375 1754 1453 γῆρυς,
1822 1368 2307 1453 ἀτράφὰξυς,
2372 1370 2713 1451 Πόλτυς,
2782 1367 3094 1450 βότρυς,
3135 1373 3199 1423 10

506 1476 822 1555 Ἕρπυς,
867 1474 1126 1555 Ἅλυς,
1170 1473 1474 1555 ἥμιςυς,
1518 1474 1885 1554 πέλεκυς,
1929 1471 2478 1551 Ῥαδάμανθυς.

675 1603 713 1639 κ
762 1575 855 1639 Τὰ
899 1574 988 1639 εἰς
1038 1576 1121 1637 Ue
1168 1572 1446 1640 ὀξύτονα
1488 1556 1815 1638 ἐπιθετικᾶ·
1855 1568 2281 1654 ςὐςτέλλεται,
2326 1573 2612 1655 πολύς,
2667 1572 2834 1655 ἠΰς,
2879 1571 3096 1654 ἡδύς,

510 1677 815 1757 βραδύς

675 1804 715 1840 ι·
763 1776 857 1841 Τὰ
900 1776 990 1841 εἰς
1031 1779 1116 1844 ἰι-ς
1160 1777 1426 1842 ςύνθετα
1468 1775 1681 1840 πάντα
1727 1776 2230 1855 ςυνεςταλμένον
2276 1776 2406 1854 ἔχει
2449 1776 2525 1841 τὸ
2570 1780 2608 1839 i]
2660 1776 2763 1839 καὶ
2803 1794 3096 1853 προπαρ-

511 1878 834 1961 οξύνεται,
881 1878 1318 1960 ςύνοφρυς,
1366 1877 1847 1961 λεύκοφρύς,
1892 1877 2351 1958 κάλλιχθυς,
2396 1876 2781 1956 δίβραχυς.
3135 1881 3200 1931 15

680 2007 717 2042 ιε
766 1978 861 2043 Τὰ
905 1978 995 2043 εἰς
1040 1984 1123 2042 ὀἳ
1169 1977 1444 2044 ὀξύτονα
1488 1975 1784 2056 άρςενικά
1815 1979 2160 2058 διςύλλαβα
2204 1977 2448 2055 καθαρὰ
2491 1977 2771 2062 διχρόνῳ
2814 1981 3097 2055 παραλη-
3149 2029 3154 2033 .

511 2081 756 2161 γόμενα
799 2079 1059 2145 ἐκτείνει
1104 2079 1262 2144 αὐτὸ
1309 2077 1455 2145 οἷον
1499 2079 1715 2163 ναός,
1764 2079 1982 2167 λαός,
2026 2079 2274 2161 κριός,
2322 2077 2438 2143 ἰός
2479 2079 2649 2156 πλὴν
2694 2081 2812 2141 τοῦ
2858 2078 3041 2156 βιός.

490 2178 505 2189 ’
677 2200 715 2236 ⁴⁶
764 2182 858 2246 Τὰ
902 2182 991 2246 εἰς
1035 2183 1120 2244 ῖς
1165 2182 1446 2258 καθαρὸν
1491 2179 1787 2258 ἀρςενικὰ
1834 2181 2177 2259 διςύλλαβα
2229 2179 2285 2243 εἰ
2328 2180 2689 2258 παραλήγοι
2733 2184 2825 2261 τῷ
2869 2181 2943 2261 ἃ,
3000 2178 3097 2243 ἐκ-

509 2284 696 2348 τείνει
744 2284 903 2348 αὐτό
948 2282 1167 2364 ναός,
1215 2282 1420 2346 λαός.
1503 2281 1694 2345 δάος
1739 2280 2105 2358 οὐδέτερον.
2194 2280 2593 2359 ςεςὴμείωται
2637 2281 2713 2346 τὸ
2761 2279 2958 2345 ςάος.

682 2412 718 2447 κ
766 2383 859 2448 Τὰ
904 2383 992 2447 εἰς
1032 2371 1151 2448 so}
1204 2382 1486 2461 λήγοντα
1530 2381 1874 2459 διςύλλαβα
1918 2379 2224 2463 όξύτονα,
2280 2381 2478 2445 ὁπότε
2523 2380 2654 2460 ἔχει
2697 2380 2826 2458 πρὸ
2871 2380 3100 2444 τέλους
3132 2387 3200 2436 20

511 2487 852 2567 δίχρονον,
908 2486 1104 2549 τοῦτο
1161 2483 1292 2561 ἔχει
1349 2482 1848 2562 ςυνεςταλμένον
1902 2483 1941 2560 ἢ
1998 2482 2441 2563 ἐκτεινόμενον
2498 2483 2589 2546 δι’
2632 2483 2864 2547 ἑαυτοῦ
2908 2482 2947 2559 ἢ
2993 2481 3099 2546 διὰ
3167 2504 3174 2517 “

511 2587 861 2666 ςυμφώνου
906 2586 1436 2664 μεγεθυνόμενον.
1511 2584 1615 2647 καὶ
1655 2583 1736 2647 τὰ
1779 2584 1895 2662 μὲν
1942 2584 2048 2648 διὰ
2093 2585 2458 2665 ςυμφώνων
2503 2584 2994 2665 μεγεθυνόμενα,
3018 2582 3098 2646 τὰ
3215 2633 3232 2639 -

509 2686 773 2752 τοιαῦτά
818 2685 976 2769 ἐςτι,
1033 2686 1355 2768 κυλλός,
1414 2684 1739 2768 μαλλός,
1795 2685 2116 2769 θαλλός,
2172 2685 2252 2750 τὰ
2306 2687 2378 2750 δὲ
2423 2685 2513 2750 δι’
2556 2684 2803 2750 ἑαυτῶν
2848 2686 2926 2748 τὰ
2968 2704 3096 2748 τοι-

510 2794 700 2872 αὓτα,
748 2788 1015 2872 ψιλός,
1061 2788 1333 2869 χυλός,
1379 2787 1647 2871 δαλός,
1694 2787 1965 2869 βαλός,
2011 2786 2219 2853 οὕτως
2264 2788 2302 2852 ὁ
2335 2788 2570 2868 βαθμός
2598 2787 3097 2870 καὶέντῇτρα-

510 2889 714 2974 γῳδίᾳ
768 2879 873 2954 καὶ
939 2890 1008 2955 ἐν
1074 2895 1149 2973 τῇ
1216 2887 1533 2972 κωμῳδίᾳ.
1620 2889 1814 2968 ἐχρῆν
1874 2888 1993 2953 οὖν
2061 2873 2165 2953 καί
2225 2890 2302 2953 τὸ
2357 2889 2592 2953 καλός
2655 2889 2694 2966 ἢ
2743 2889 3097 2968 βοηθεῖςθαι
3133 2895 3199 2945 25

513 2991 836 3073 ςυμφώνῳ
879 2991 918 3068 ἢ
964 2991 1236 3055 αὐτόθεν
1282 2989 1675 3055 ἐκτείνεςθαι.
1736 2990 1916 3069 ὑγιὴς
1961 2989 2094 3078 οὖν·
2126 2992 2167 3070 ἡ
2212 2990 2453 3056 ἔκταςις
2495 2989 2670 3069 παρὰ
2711 2994 2803 3073 τῷ
2849 2996 3098 3074 ποιητῇ.

681 3111 715 3146 2⁶
766 3091 859 3154 Τὰ
903 3093 1009 3156 διὰ
1051 3096 1168 3156 τοῦ
1224 3094 1363 3168 ιμ-ος
1419 3092 1778 3169 παραγωγὰ
1832 3091 1995 3170 ὑπὲρ
2052 3092 2171 3156 δύο
2229 3092 2541 3171 ςυλλαβὰς
2598 3090 3097 3171 ςυνεςταλμένον
3190 3165 3200 3178 ⁸

513 3191 645 3271 ἔχει
700 3194 775 3257 τὸ
828 3195 880 3275 ῐ,
948 3191 1304 3273 κύδιμος,
1361 3191 1796 3275 ὠφέλιμος,
1866 3192 2176 3272 ὤκιμος.
2274 3194 2349 3257 τὸ
2404 3193 2623 3273 μέντοι
2681 3191 2945 3272 ἄτιμος
3000 3191 3098 3255 ἐκ-

512 3295 729 3355 τεῑνον
773 3293 848 3356 τὸ
893 3295 915 3357 ἰ
973 3293 1274 3357 ςύνθετόν
1331 3292 1512 3356 ἐςτιν.
1601 3292 1808 3357 οὕτως
1850 3295 1923 3358 δὲ
1978 3293 2262 3361 ἀξιοῦται
2317 3294 2419 3359 καὶ
2460 3293 2537 3358 τὸ
2585 3294 2955 3374 βούλιμος
3000 3292 3097 3357 ἐκ-

513 3392 816 3456 τείνεςθαι
864 3393 1022 3457 κατὰ
1076 3395 1191 3472 τὴν
1247 3393 1552 3470 δευτέραν
1610 3396 1926 3474 ςυλλαβὴν
1972 3395 2278 3460 ςυνθέτου
2324 3395 2730 3475 ὑπάρχοντος
2786 3398 2904 3458 τοῦ
2948 3392 3097 3457 όνό-
3135 3399 3201 3454 30

514 3512 736 3572 ματος·
791 3492 936 3558 ἀντὶ
989 3494 1111 3573 γὰρ
1155 3496 1273 3557 τοῦ
1328 3491 1366 3556 ὁ
1421 3494 1615 3573 μέγας
1668 3495 1867 3573 λιμός.
1955 3496 2058 3560 καὶ
2099 3497 2174 3560 τὸ
2219 3495 2542 3575 ἴφθιμος
2597 3497 2670 3561 δὲ
2721 3495 2978 3561 ἐκτείνει
3021 3495 3098 3560 τὸ
3151 3509 3160 3514 ’

515 3594 643 3671 πρὸ
686 3594 916 3658 τέλους
957 3597 994 3659 ἰ.

685 3695 779 3759 Τὰ
822 3695 910 3760 εἰς
938 3697 1073 3774 Effe*
1116 3694 1397 3773 καθαρὸν
1452 3694 1795 3774 διςύλλαβα
1851 3694 2090 3774 ἔχοντα
2142 3696 2219 3761 τὸ
2276 3701 2314 3761 ῡ
2368 3695 2747 3763 ἐκτείνουςιν
2793 3698 2953 3761 αὐτὸ
2997 3698 3100 3761 καὶ

516 3796 893 3878 ὀξύνονται,
937 3796 1212 3878 χυμός,
1258 3795 1528 3876 θυμός,
1574 3796 1895 3878 δρυμός,
1944 3794 2197 3874 ῥυμός.
2284 3797 2340 3861 εἰ
2384 3800 2456 3862 δὲ
2501 3799 2661 3876 ὑπὲρ
2706 3798 2826 3862 δύο
2872 3800 3095 3861 ςυλλα-

517 3898 631 3976 βὰς
676 3897 977 3979 ὑπάρχει,
1021 3897 1124 3961 καὶ
1165 3895 2050 3975 προπαροξύνεςθαι-θέλουςι
2093 3899 2198 3962 καὶ
2240 3899 2637 3963 ςυςτέλλουςι
2680 3898 2757 3961 τὸ
2801 3901 2873 3980 ὖ,
2918 3897 2972 3961 εἰ
3015 3898 3097 3976 μὴ
3134 3906 3198 3957 35

652 4185 688 4234 l.
728 4188 753 4234 1
801 4185 947 4235 hunc
993 4190 1050 4236 et
1096 4189 1392 4250 sequentes
1435 4198 1677 4234 canones
1724 4184 1792 4235 de
1839 4184 2150 4236 nominibus
2193 4187 2251 4237 in
2289 4191 2352 4239 ῐῑς
2389 4213 2454 4224 -
2492 4187 2525 4239 1.
2565 4191 2628 4239 14
2663 4187 2782 4253 ipse
2818 4190 3128 4254 composui‘

517 4270 584 4304 ex
620 4253 815 4303 Arcad.
852 4255 934 4314 91,
973 4256 1005 4303 9
1044 4252 1248 4303 collato
1286 4252 1603 4302 Herodiano
1641 4268 1729 4317 ap.
1769 4253 2026 4303 Eustatb.
2066 4255 2226 4317 1859,
2269 4259 2357 4319 10,
2403 4255 2466 4305 11.
2504 4257 2594 4305 Pr.
2633 4253 2682 4305 Φ
2720 4256 2820 4306 318
2856 4260 2913 4305 et
2948 4257 3094 4306 Mon.

516 4325 601 4382 32,
636 4324 726 4382 33,
765 4336 902 4385 quos
937 4320 1087 4370 locos
1124 4321 1181 4369 in
1220 4320 1379 4369 initio
1417 4319 1547 4369 libri
1580 4320 1631 4369 X
1667 4320 1945 4386 proposui.
2125 4320 2160 4371 1.
2200 4326 2263 4374 16
2299 4338 2562 4375 canonem
2597 4323 2784 4387 recepi
2818 4338 2887 4373 ex
2920 4324 2985 4375 E.
3024 4323 3097 4377 M.

515 4392 630 4451 553,
672 4391 752 4439 50.
825 4388 1020 4439 Choer.
1058 4389 1159 4452 Ep.
1197 4389 1255 4437 in
1289 4387 1491 4439 Psalm.
1530 4390 1613 4448 69,
1651 4393 1700 4450 4,
1737 4389 1832 4438 ubi
1869 4387 1984 4450 βιός
2022 4390 2280 4440 omissum
2322 4398 2436 4453 eet,
2483 4392 2601 4456 ipse
2640 4389 2937 4441 secundum
2971 4393 3096 4440 Are.

516 4458 600 4518 37,
636 4458 700 4506 22
736 4471 834 4521 pro
871 4455 989 4519 βιός
1024 4455 1223 4521 scripsi
1257 4454 1409 4518 πλὴν
1444 4456 1548 4505 τοῦ
1587 4454 1720 4517 βιός.
1871 4456 1906 4506 1.
1947 4459 2011 4507 18
2048 4472 2223 4508 canon
2260 4463 2544 4525 promptus
2580 4463 2669 4508 est
2704 4473 2772 4507 ex
2809 4458 2908 4522 Ep.
2947 4457 3035 4509 Cr.
3069 4457 3096 4507 1

517 4525 635 4584 342,
675 4526 754 4573 14.
893 4524 928 4573 1.
968 4526 1034 4574 20
1070 4522 1254 4572 Dichr.
1294 4524 1412 4584 295,
1450 4524 1534 4571 20.
1671 4523 1707 4574 l.
1743 4527 1808 4577 27
1847 4524 2032 4574 Diehr.
2069 4527 2184 4586 293,
2224 4528 2303 4579 18.
2446 4526 2484 4576 l.
2520 4528 2585 4577 33
2619 4524 2821 4575 Aread.
2862 4526 2976 4587 196,
3015 4527 3095 4576 15.

518 4586 609 4638 καὶ
644 4587 940 4641 δξύνονται
977 4590 1169 4640 addidi
1205 4605 1272 4638 ex
1307 4589 1492 4639 Dichr.
1517 4592 1632 4650 300,
1659 4593 1690 4641 3
1726 4593 1825 4647 ubi
1859 4590 1932 4643 τὰ
1967 4588 2048 4644 εἰς
2084 4594 2182 4652 ιῑῑῖς·
2219 4591 2435 4658 καθαρὰ
2467 4591 2763 4655 διςύλλαβα
2798 4590 3003 4655 ἔχοντα
3025 4591 3096 4642 τὸ

516 4656 553 4704 fi
591 4657 1058 4723 παραληγόμενον
1105 4656 1393 4709 ὀξύνεςθαι
1438 4654 1657 4710 θέλουςι
1702 4665 1797 4722 καὶ
1845 4656 2112 4715 ἐκτείνειν
2156 4660 2226 4711 τὸ
2270 4664 2334 4728 ῦ,
2379 4678 2447 4713 ex
2493 4661 2685 4713 eodem
2728 4659 2845 4711 loco
2889 4659 3097 4726 δρυμός

520 4737 692 4786 usque
729 4725 799 4776 ad
832 4725 994 4777 finem
1028 4727 1277 4792 apposui.
