3664 5546
645 386 767 451 194
1576 388 1658 446 ΕΚ
1697 390 1837 445 ΤΩΝ
1880 390 2288 447 ΗΡΩΔΙΑΝΟΥ

806 559 900 625 Τὰ
943 558 1031 625 εἰς
1074 562 1193 639 δοῖ
1234 561 1743 643 ύπερδιςύλλαβα
1784 562 2284 641 παραληγόμενα
2326 569 2419 646 τῷ
2464 564 2524 646 ἆ,
2570 567 2889 643 μονογενῆ
2933 565 2973 642 ἢ
3019 565 3222 647 κύρια,

635 663 1191 742 προπαροξύνεται
1220 663 1654 748 Πίνδαρος,
1685 665 2137 748 Πάνδαρος,
2168 665 2541 749 κόμαρος,
2587 664 2966 749 ἀγγαρος,
2996 665 3221 732 Αἴςα-

635 785 772 844 ρος
803 766 1112 849 ποταμός,
1135 766 1512 851 τάλαρος,
1545 768 1972 850 κύλλαρος,
1994 768 2347 846 Φρέαρος
2370 767 2695 848 Ἀθήνηςιν
2725 768 3021 849 ἑπίςημος
3051 768 3223 847 ἥρως

637 869 739 932 καὶ
772 868 1053 947 Φρέαροι
1099 873 1299 950 δῆμος
1330 870 1680 953 Ἀθήνηςιν,
1725 868 2085 948 Ὠλίαρος
2128 872 2318 947 νῆςος
2357 874 2488 934 τῶν
2522 869 2867 935 Κυκλάδων
2898 871 3033 954 μία,
3077 871 3223 950 περὶ

571 972 604 1021 5
635 968 711 1048 ἧς
764 969 1175 1050 Ἡρακλείδης
1230 971 1269 1035 6
1321 973 1641 1038 Ποντικὸς
1695 971 1767 1037 ἐν
1821 978 1915 1056 τῷ
1968 971 2115 1050 περὶ
2168 971 2378 1050 νήςων
2434 970 2605 1036 οὕτω
2660 973 2849 1052 φηςίν
2898 972 3223 1053 «Ὠλίαρος

633 1072 956 1139 (ιδωνίων
1009 1071 1268 1139 ἀποικία
1321 1074 1648 1154 ἀπέχουςα
1698 1074 1930 1152 Πάρου
1984 1073 2273 1138 ςταδίους
2338 1072 2466 1152 ιη’».
2566 1072 2968 1152 (άγγαρος
3022 1097 3219 1142 ποτα-

631 1175 779 1258 μός,
825 1174 1183 1257 Τόμαρος
1228 1175 1384 1256 ὄρος
1428 1178 1796 1259 Δωδώνης,
1844 1176 1881 1241 ὅ
1911 1195 2080 1241 τινες
2110 1175 2465 1255 Τόμουρον.
2524 1175 2586 1239 οἱ
2631 1178 2701 1241 δὲ
2733 1175 3002 1256 Τμάρος.
3047 1178 3221 1243 Ταί-

631 1299 871 1357 ναρος
938 1279 1127 1343 πόλις
1178 1278 1506 1359 Λακωνικὴ
1574 1278 1705 1345 ἀπὸ
1762 1278 2086 1372 Ταινάρου
2150 1282 2267 1343 τοῦ
2326 1279 2365 1342 Γ
2367 1282 2657 1357 εραιςτοῦ
2721 1280 2836 1358 μὲν
2903 1278 3217 1363 ἀδελφοῦ,

628 1381 793 1446 Διὸς
848 1381 919 1445 δὲ
974 1380 1229 1447 παιδός·
1296 1383 1369 1447 ὃς
1422 1383 1641 1447 πλέων
1687 1381 1800 1447 ςύν
1851 1381 2157 1464 Καλαβρῷ
2211 1386 2303 1463 τῷ
2358 1379 2626 1465 ἀδελφῷ
2681 1381 2784 1445 καὶ
2849 1382 3057 1448 τόπον
3107 1387 3219 1462 τῆς

533 1482 594 1533 ¹0
627 1484 1142 1562 Πελοποννήςου
1185 1484 1561 1564 καταλαβών
1605 1504 1746 1549 τινα
1789 1483 2202 1548 Ποςειδῶνος
2246 1481 2425 1561 ἱερὸν
2469 1481 2798 1565 ἱδρύςατο,
2856 1484 2894 1549 ὃ
2939 1487 3219 1550 καλεῖται

626 1584 963 1665 Ταίναρον.
1035 1585 1162 1651 ἔςτι
1207 1586 1309 1650 καὶ
1351 1585 1664 1664 Ταίναρος
1710 1584 1748 1649 6
1794 1585 2058 1664 Ἰκαρίου
2104 1583 2239 1648 υἱός
2286 1583 2452 1664 «ἀφ’
2499 1581 2578 1647 οὗ
2623 1586 2905 1649 καλεῖται
2949 1586 2989 1665 ἡ
3033 1587 3219 1652 πόλις

626 1689 730 1752 καὶ
771 1688 811 1767 ἡ
857 1687 1019 1766 ἄκρα
1062 1687 1166 1751 καὶ
1208 1687 1246 1752 6
1291 1689 1537 1768 λιμήν».
1629 1688 1668 1751 Γ
1680 1687 1923 1766 ύαρος
1966 1688 2158 1764 νῆςος
2202 1685 2309 1766 μία
2351 1690 2483 1751 τῶν
2529 1684 2900 1764 (ποράδων.
2967 1689 3215 1755 Δέξα-

625 1809 761 1868 ρος
805 1789 996 1855 ἔθνος
1042 1788 1313 1856 Χαόνων
1358 1793 1495 1855 τοῖς
1538 1789 1894 1868 Ἐγχελέαις
1936 1791 2310 1867 προςεχεῑς.
2365 1787 2867 1868 Μεμβλίαρος
2911 1789 2949 1854 ὁ
2995 1791 3213 1870 Θήραν

625 1892 879 1972 οἰκήςας
925 1891 1147 1958 Φοῖνιξ
1202 1889 1293 1956 εἷς
1350 1895 1482 1959 τῶν
1528 1891 1685 1971 μετὰ
1742 1890 1998 1970 Κάδμου
2052 1891 2154 1956 καὶ
2208 1893 2399 1968 νῆςος
2442 1890 2709 1969 πληςίον
2755 1890 2969 1969 Θήρας
3012 1891 3051 1969 ἡ
3097 1896 3216 1957 νῦν

527 2002 588 2055 15
629 1995 893 2076 Ἀνάφη.
982 1994 1230 2070 λέγεται
1284 1994 1426 2059 κατ’
1471 1991 1803 2073 ἀφαίρεςιν
1852 1993 2135 2070 Βλίαρος.
2228 1991 2667 2070 Καλλίαρος
2721 1993 2908 2058 πόλις
2951 1992 3215 2072 Λοκρῶν

622 2097 755 2162 ἀπὸ
804 2096 1161 2175 Καλλιάρου
1205 2099 1322 2161 τοῦ
1366 2094 1725 2161 Ὁδοδόκου
1769 2096 1871 2159 καὶ
1914 2094 2279 2177 Λαονόμης,
2326 2094 2417 2158 ῶς
2459 2092 2824 2160 Ἑλλάνικος
2879 2095 2949 2160 ἐν
2993 2098 3214 2181 πρώτῃ

620 2199 1152 2265 Δευκαλιωνείας.
1242 2197 1542 2279 (τράβων
1588 2198 1655 2261 δ’
1699 2198 1770 2262 ἐν
1816 2196 2011 2281 ἐνάτῃ
2070 2194 2158 2281 (p.
2190 2193 2345 2277 426)
2398 2196 2575 2273 παρὰ
2619 2198 2695 2261 τὸ
2741 2190 3057 2275 εὐήροτον
3101 2199 3213 2262 αὐ-

620 2304 737 2381 τὴν
798 2298 978 2366 εἶναι.
1067 2300 1223 2380 φαςὶ
1287 2300 1390 2365 καὶ
1458 2298 1776 2379 Καλλίαρα
1842 2299 2217 2376 οὐδετέρως.
2305 2298 2601 2376 Ἴκαρος
2667 2302 2856 2378 νῆςος
2912 2300 3019 2379 μία
3082 2305 3213 2365 τῶν

625 2403 985 2469 Κυκλάδων.
1053 2402 1181 2469 ἔςτι
1226 2403 1329 2468 καὶ
1372 2404 1558 2468 πόλις
1603 2402 1880 2480 Ἀττικῆς
1923 2402 2026 2465 καὶ
2070 2403 2261 2479 νῆςος
2304 2400 2468 2479 πρὸς
2512 2407 2589 2485 τῇ
2627 2400 2894 2484 Ἐρυθρᾷ
2923 2402 3211 2486 θαλάςςῃ.

442 2576 455 2591 ,
518 2513 585 2563 20
620 2506 970 2587 Ἴςμαρος
1013 2504 1200 2570 πόλις
1246 2504 1497 2588 Θρᾴκης
1540 2509 1671 2570 τῶν
1722 2504 2021 2569 Κικόνων.
2095 2503 2379 2583 Ὅμηρος
2426 2500 2577 2585 (od.
2611 2524 2631 2566 ι
2660 2493 2795 2586 40).
2862 2505 3213 2583 Πίναρος

524 2658 530 2663 .
619 2607 909 2688 ποταμὸς
953 2605 1114 2685 παρ’
1156 2606 1338 2691 Ἰςςῶ.
1384 2606 1748 2685 Πάταρος
1793 2605 1831 2670 6
1878 2606 2289 2670 ’Λπόλλωνος
2333 2606 2435 2670 καὶ
2478 2604 2721 2670 Λυκίας.
2783 2604 3130 2683 Λίπαρος
3173 2605 3212 2669 6

621 2710 758 2776 υἱὸς
801 2709 1102 2776 Αὔςονος.
1152 2709 1191 2772 Γ
1202 2708 1530 2789 ίνδαρος
1575 2707 1925 2789 ἀκρόπολις
1974 2707 2254 2791 Κύρρου,
2299 2707 2553 2772 πόλεως
2605 2705 2844 2786 (υρίας.
2902 2708 3211 2789 Ἀμιςώ-

619 2817 861 2891 δαρος
906 2811 945 2875 6
988 2812 1196 2890 πατὴρ
1228 2810 1508 2892 (ιδάκης.
1554 2812 1899 2893 Ὕμαρος
1943 2810 1982 2875 6
2027 2813 2234 2890 πατὴρ
2271 2811 2572 2876 Γέλωνος.
2618 2811 2965 2890 Ἄψαρος
3009 2811 3211 2876 τόπος

622 2913 693 2978 ἐν
740 2913 1014 2997 Εὐξείνῳ
1058 2913 1282 3000 πόντῳ
1327 2915 1654 2994 Ἄψυρτος
1698 2914 2020 2993 πρότερον
2068 2913 2428 2992 λεγόμενος.

515 3025 581 3076 25
788 3015 882 3080 Τὰ
937 3015 1028 3080 εἰς
1083 3021 1199 3094 ’ρος
1256 3016 1765 3096 ύπερδιςύλλαβα
1831 3014 2396 3094 δεδιπλαςιαςμένα
2454 3015 2600 3079 κατ’
2656 3013 2860 3094 ἀρχὴν
2926 3016 3028 3080 καὶ
3094 3017 3209 3096 τὴν

621 3118 886 3196 πρώτην
933 3119 1250 3199 ςυλλαβὴν
1295 3118 1384 3183 εἰς
1429 3121 1465 3196 ρ
1509 3119 1956 3197 καταλήγοντα
1999 3116 2586 3200 προπαροξύνεται,
2633 3118 3048 3198 βάρβαρος·
3093 3119 3211 3183 οὐκ

621 3219 727 3283 ἐπὶ
769 3218 1034 3302 ἔθνους,
1091 3219 1247 3285 ἀλλ’
1292 3220 1396 3285 ἐπὶ
1449 3223 1675 3300 φωνῆς
1730 3219 2124 3299 ἐλαμβάνετο
2183 3220 2273 3283 ῶς
2326 3220 2428 3283 καὶ
2471 3218 2756 3298 Ὅμηρος
2806 3220 2967 3285 τούς’
3007 3220 3210 3299 Κᾶρας

619 3322 1175 3402 βαρβαροφώνους
1230 3322 1322 3388 ῶς
1378 3322 1724 3403 πολεμίους
1778 3326 1910 3387 τῶν
1955 3321 2203 3386 Ἰώνων.
2292 3319 2532 3400 εἴρηται
2582 3321 2758 3400 παρὰ
2799 3324 2937 3386 τοῖς
2980 3322 3229 3402 νεωτέῃ

619 3441 757 3500 ροις
802 3423 1083 3489 ἐθνικῶς.
1130 3423 1548 3503 Τάρταρος.
1598 3424 1840 3503 Κράτης
1883 3425 2000 3489 τὸν
2047 3423 2175 3488 ὑπὸ
2220 3425 2357 3488 τοῖς
2401 3425 2629 3488 πόλοις
2683 3423 2842 3503 ἀέρα
2885 3425 3098 3504 παχύν
3140 3445 3208 3489 τε

514 3533 582 3584 30
617 3525 722 3589 καὶ
778 3526 1034 3605 ψυχρόν
1090 3546 1232 3592 τινα
1287 3528 1388 3592 καὶ
1441 3525 1835 3608 ἀφώτιςτον·
1901 3525 2186 3606 Ὅμηρος
2242 3523 2312 3590 δὲ
2367 3525 2573 3591 τόπον
2631 3524 2795 3591 εἶναι
2859 3528 3209 3606 ςυνέχοντα

621 3626 777 3691 τοὺς
823 3631 969 3707 περὶ
1016 3628 1265 3707 Κρόνον
1309 3631 1412 3695 καὶ
1456 3630 1583 3695 ὑπὸ
1628 3633 1748 3707 γῆν
1794 3627 2005 3694 ὄντας.
2082 3627 2330 3704 λέγεται
2376 3629 2448 3693 δὲ
2492 3627 2831 3707 ἀρςενικῶς
2876 3630 2979 3694 καὶ
3020 3633 3207 3709 θηλυ-

618 3731 747 3793 κῶς
791 3729 896 3794 καὶ
939 3729 1313 3810 οὐδετέρως.
1371 3733 1409 3796 Γ
1422 3732 1775 3810 άργαρος
1819 3730 1858 3795 6
1888 3730 2081 3813 Διός,
2126 3727 2251 3810 ἀφ’
2297 3728 2377 3794 οὗ
2424 3732 2463 3794 Γ
2465 3731 2715 3809 άργαρα
2758 3732 2944 3796 πόλις
2988 3731 3207 3815 Τρῳά-

616 3835 763 3914 δος,
808 3832 887 3911 ἣν
920 3831 1191 3914 Ἀλκμὰν
1237 3837 1525 3914 θηλυκῶς
1568 3835 1685 3912 τὴν
1719 3834 1758 3897 Γ
1760 3831 2044 3912 άργαρόν
2090 3853 2312 3914 φηςιν,
2357 3832 2786 3915 μάρμαρος,
2834 3832 3041 3898 οὕτως
3085 3832 3206 3899 οὐν

615 3933 718 3996 καὶ
771 3933 1172 4014 κάρχαρος
1225 3936 1525 4016 τριγενές.
1626 3934 1981 4013 «Τρίτωνος
2035 3934 2336 4014 ἠμάλαψε
2393 3934 2713 4014 κάρχαρος
2771 3934 2984 4000 κύων»
3043 3934 3205 4021 (Ly-

511 4045 575 4094 35
614 4032 830 4120 cophr.
872 4035 986 4121 34)
1055 4039 1156 4103 καὶ
1220 4040 1295 4103 τὸ
1362 4038 1639 4118 θηλυκὸν
1704 4037 1867 4116 παρ’
1923 4037 2216 4116 Ἀλκμᾶνι
2286 4036 2692 4115 «καρχάραιςι
2757 4041 3048 4118 φωναῖς»
3106 4040 3207 4102 καὶ

610 4136 924 4219 ἐπίρρημα
967 4139 1319 4221 καρχάρως.
1413 4140 1825 4222 Κέρβερος,
1873 4138 2305 4223 πέρπερος,
2352 4139 2759 4220 βόρβορος.

659 4313 748 4320 —na—

745 4430 779 4482 1.
816 4432 850 4481 2
885 4428 1129 4496 ἄγγαρος
1169 4437 1226 4483 et
1263 4429 1498 4498 Αἴςαρος
1536 4448 1604 4483 ex
1639 4430 1828 4483 Dichr.
1856 4433 1974 4494 300,
2015 4431 2040 4479 1
2079 4429 2272 4480 addidi
2309 4434 2366 4479 et
2402 4427 2635 4495 Αἵςαρος
2673 4431 2893 4496 quidem
2930 4449 2997 4482 ex
3034 4434 3115 4484 St.
3143 4434 3203 4483 B.

606 4498 901 4565 expletum.
951 4498 1222 4565 τάλαρος,
1260 4499 1536 4566 κύλλαρος
1573 4516 1640 4550 ex
1675 4501 1826 4550 Mon.
1856 4501 1940 4558 21,
1977 4501 2009 4549 9
2044 4502 2419 4558 accesserunt,
2458 4501 2561 4549 reli
2602 4513 2675 4550 ua
2712 4501 2891 4551 omnia
2930 4517 2996 4551 ex
3033 4502 3113 4555 st.
3142 4505 3202 4553 B.

611 4595 675 4602 ——
713 4568 973 4618 Eustath.
1009 4568 1079 4618 ad
1116 4568 1347 4634 Dionys,
1373 4571 1475 4620 358
1510 4571 1891 4618 commemorat
1926 4568 2090 4617 etiam
2118 4564 2350 4630 (ίλαρος
2387 4580 2576 4630 ποταμ
2615 4581 2668 4631 ς,
2707 4566 2775 4618 ὃν
2808 4567 2840 4619 ὁ
2870 4568 3203 4633 Γεωγράφος

606 4633 868 4700 (ίλλαριν
893 4635 1044 4699 λέγει
1083 4641 1139 4686 et
1176 4637 1248 4685 ad
1283 4653 1337 4703 p.
1365 4640 1490 4690 752:
1528 4634 1770 4699 Τόχαροι
1807 4634 1998 4699 ἔθνος,
2037 4633 2187 4685 τινὲς
2224 4633 2503 4696 ὀξύνουςι,
2541 4635 2791 4700 τριγενὲς
2830 4635 2974 4688 εἶναι
3010 4636 3201 4701 λέγον·

602 4717 713 4755 τες.
853 4704 889 4754 l.
923 4707 992 4755 ‘26
1029 4702 1303 4768 βάρβαρος
1341 4706 1561 4772 explevi
1598 4719 1664 4754 ex
1702 4705 1780 4754 St.
1805 4706 1898 4767 B.‚
1936 4704 2067 4752 item
2104 4701 2419 4766 Τάρταρος;
2463 4702 2741 4769 Γάργαρος
2777 4721 2844 4755 ex
2881 4706 3070 4756 eodem
3107 4706 3201 4756 ad—

605 4771 750 4833 didi,
789 4771 1067 4836 κάρχαρος
1117 4787 1182 4821 ex
1220 4772 1322 4838 Ep.
1360 4775 1450 4824 Cr.
1487 4775 1514 4824 1
1553 4776 1645 4835 55,
1683 4775 1773 4834 23,
1812 4773 1936 4834 ubi,
1984 4777 2273 4836 postquam
2321 4772 2633 4836 Tryphonis
2680 4779 3029 4839 praeceptum
3076 4791 3199 4839 pro-

600 4841 840 4903 positum
877 4845 989 4890 est:
1029 4838 1279 4903 Τρύφων
1316 4841 1524 4894 οὕτως·
1563 4839 1634 4891 τὰ
1672 4837 1752 4891 εἰς
1786 4840 1852 4894 οἱ
1885 4841 2115 4904 τριγενῆ
2154 4837 2553 4903 παραλήγοντα
2585 4845 2671 4906 τῷ
2708 4844 2744 4893 ἃ
2779 4841 2870 4893 καὶ
2895 4841 3097 4905 ἔχοντα
3124 4841 3201 4897 ἐν.

595 4911 669 4971 τῇ
707 4905 870 4972 τρίτῃ
907 4906 1024 4958 ἀπὸ
1068 4905 1268 4959 τέλους
1313 4910 1557 4976 ςυλλαβῇ
1594 4913 1629 4960 ᾱ
1666 4905 1952 4971 ὀξύνεται,
2002 4906 2271 4971 μαδαρός,
2322 4906 2635 4974 πλαδαρός,
2674 4908 2909 4974 ἀγανὸς,
2961 4909 3197 4974 ἀγαθός,
