3664 5546
620 412 985 462 CLXXXVIII
1697 408 2116 457 PRAEFATIO.

622 567 763 648 111,
808 566 891 630 25
936 586 1249 629 canonem
1295 561 1679 643 Theodosii,
1726 563 1838 646 qui
1881 562 1949 625 in
1995 560 2213 625 Bekk.
2261 561 2387 624 An.
2434 560 2579 639 976,
2624 560 2668 623 4
2710 559 2806 625 sic
2850 573 3203 647 conceptus

617 678 744 733 est:
795 671 963 732 πᾶεα
1008 667 1224 732 εὐθεῖα
1270 671 1505 731 δυῖκῶν
1551 665 1639 730 cic
1683 669 1714 729 ἒ
1773 666 2056 742 λήγουεα
2099 661 2428 742 προεθέεει
2472 668 2588 728 τοῦ
2632 663 2664 726 Ε
2708 666 2883 727 ποιεῖ
2937 664 3054 741 τὴν
3101 664 3202 728 εὐ-

616 774 794 836 θεῖαν
838 775 970 835 τῶν
1017 772 1458 847 πληθυντικῶν
1504 768 1721 846 χάριτε
1766 767 2048 845 χάριτες,
2097 769 2210 831 νᾱε
2256 769 2436 846 νᾶεε,
2482 764 2683 843 ἔρωτε
2728 764 2985 847 ἔρωτες,
3030 765 3203 828 hune

615 871 684 934 in
728 869 992 936 modum
1038 869 1322 955 profert:
1384 872 1550 933 πᾶεα
1594 868 1809 933 εὐθεῖα
1856 873 2090 932 δυῑκῶν
2147 867 2235 932 εἰς
2280 870 2312 931 ἒ
2369 868 2648 945 λήγουεα
2700 868 3031 945 προεθέεει
3086 873 3202 932 τοῦ

616 979 648 1039 ἐ
691 977 867 1038 ποιεῖ
907 975 1025 1051 τὴν
1071 972 1325 1037 εὐθεῖαν
1372 976 1504 1036 τῶν
1559 973 2001 1048 πληθυντικῶν
2060 967 2205 1033 οἷον
2250 968 2477 1033 Αἴαντε
2521 967 2813 1050 Αἴαντες,
2868 969 2985 1048 μύε
3030 970 3200 1052 μύες,

615 1077 832 1156 χὰριτε
889 1075 1168 1155 χάριτες,
1227 1072 1448 1136 ἀεπίδε
1506 1060 1777 1136 ἀεπίδεε.
1875 1069 2349 1134 Diversitatem
2405 1066 2848 1153 exemplorum
2905 1070 2998 1133 sic
3054 1072 3199 1155 quis

614 1175 952 1262 expediat,
1011 1184 1083 1237 ut
1125 1172 1304 1237 dieat
1348 1171 1874 1237 Choeroboscum
1921 1181 2036 1236 aut
2080 1169 2439 1256 exemplari
2485 1167 2839 1234 Theodosii
2896 1193 2937 1234 a
2978 1182 3202 1237 nostro

614 1278 862 1364 dispari
907 1297 1096 1339 usum
1142 1296 1284 1338 esse
1330 1283 1444 1337 aut
1486 1273 1555 1336 in
1600 1271 2032 1337 describendo
2079 1271 2207 1337 alia
2248 1269 2546 1358 exempla
2588 1274 3037 1357 supposuisse,
3084 1271 3201 1336 sed

614 1377 915 1465 equidem
975 1377 1271 1462 suspicer
1325 1397 1502 1456 eum,
1566 1374 1670 1437 cui
1728 1395 1895 1460 quae
1950 1372 2365 1439 necessitudo
2424 1376 2592 1437 inter
2644 1372 3081 1438 Theodosium
3136 1386 3201 1438 et

614 1479 1062 1545 Herodianum
1105 1475 1536 1542 intercederet
1579 1499 1711 1540 non
1755 1475 2159 1558 incognitum
2212 1475 2368 1556 fuit,
2429 1473 2787 1538 Herodiani
2846 1475 3052 1561 ipsius
3098 1497 3200 1539 ca-

616 1604 881 1661 nonem,
938 1603 1129 1667 quem
1180 1591 1331 1644 ante
1388 1575 1608 1641 oculos
1663 1575 1924 1658 habuit,
1984 1574 2123 1641 loco
2183 1575 2623 1641 Theodosiani
2681 1599 2765 1639 ex
2819 1575 3200 1642 Herodiano

617 1683 930 1769 descripti
972 1681 1292 1768 posuisse.

785 1782 1141 1849 Difficilior
1184 1793 1284 1846 est
1327 1780 1621 1868 quaestio
1667 1780 1749 1844 de
1795 1780 2207 1863 Rhematico,
2255 1803 2454 1867 quum
2498 1780 2567 1844 in
2610 1781 2733 1846 hac
2778 1795 2963 1869 parte
2996 1784 3198 1850 Choe-

613 1888 929 1952 roboseus
975 1883 1501 1971 frequentissime
1546 1882 1744 1947 etiam
1787 1882 1872 1945 ad
1919 1881 2341 1967 Apollonium
2386 1895 2694 1967 provocet
2739 1885 2877 1948 eius
2926 1886 3200 1951 Rhema-

617 1989 813 2053 ticum
871 1986 1095 2073 paucis
1152 1986 1310 2050 locis
1367 1983 1739 2068 significans
1797 1987 2096 2070 quamvis
2163 1985 2372 2070 ipsius
2439 1983 2590 2050 libri
2656 1986 2914 2051 nomine
2982 1988 3196 2051 tacito.

616 2088 745 2154 Sed
790 2089 898 2153 hic
942 2086 1308 2152 subsidium
1353 2085 1626 2172 praebet
1670 2098 1930 2171 praeter
1972 2086 2381 2150 Priscianum
2426 2096 2491 2150 et
2535 2086 2748 2151 Schol.
2794 2086 2879 2151 ad
2926 2088 3200 2173 Dionys.

617 2191 936 2255 Macrobii
968 2190 1050 2253 de
1082 2187 1465 2251 differentiis
1498 2198 1564 2252 et
1595 2188 2016 2252 societatibus
2050 2187 2289 2252 Graeci
2320 2186 2665 2274 Latinique
2695 2189 2879 2253 verbi
2920 2188 3199 2271 libellus,

616 2293 720 2356 cui
777 2316 892 2379 pro
952 2288 1376 2355 fundamento
1434 2286 1767 2374 Apollonii
1822 2288 2275 2355 Rhematicum
2342 2312 2487 2353 esse
2522 2289 2848 2373 -Uhligius
2906 2291 2971 2354 in
3029 2291 3198 2355 MuS.

617 2393 823 2457 Rhen.
879 2391 1055 2456 XIX
1113 2393 1145 2454 1
1214 2413 1277 2476 p.
1323 2391 1407 2454 39
1462 2412 1641 2476 seqq.
1706 2393 2036 2476 exposuit.
2134 2391 2267 2454 Sed
2332 2391 2398 2453 in
2463 2390 2586 2456 hoe
2651 2392 2968 2456 Macrobii
3034 2392 3200 2458 libro

617 2495 1036 2560 llerodianea
1078 2490 1398 2580 quaedam
1442 2492 1742 2556 immixta
1784 2514 1930 2556 esse
1974 2492 2231 2557 ostendi
2287 2495 2355 2557 in
2398 2491 2632 2557 Philol.
2682 2493 2921 2557 XXIV
2967 2519 3029 2580 p.
3073 2497 3201 2561 545

615 2620 746 2662 non
789 2618 1035 2680 negans
1083 2595 1404 2681 quaedam
1449 2593 1827 2660 Herodiano
1876 2616 2023 2658 eum
2067 2593 2413 2679 Apollonio
2458 2597 2827 2660 communia
2868 2621 3033 2661 esse.

785 2698 863 2763 In
908 2696 1140 2783 capitis
1186 2695 1422 2782 prioris
1467 2700 1508 2777 ξ
1538 2695 1580 2759 5
1622 2696 1839 2781 ipsum
1871 2695 2393 2760 Choeroboscum
2439 2719 2549 2777 eo,
2596 2697 2770 2784 quod
2816 2698 2881 2763 in
2911 2699 3199 2765 Ortho-

615 2799 961 2887 graphia
1005 2799 1284 2864 technici
1331 2799 1591 2862 nomine
1628 2801 1951 2862 neminem
1995 2798 2123 2862 nisi
2156 2798 2601 2863 Herodianum
2633 2800 2989 2885 significet,
3036 2801 3200 2864 indi-

614 2925 765 2968 care
811 2901 952 2965 dixi
995 2924 1063 2965 se
1109 2912 1319 2966 totum
1363 2902 1432 2964 in
1475 2898 1596 2965 hoc
1639 2898 1806 2965 libro
1852 2924 1934 2965 ex
1979 2900 2354 2965 IIerodiano
2401 2901 2700 2986 pendere.
2755 2902 2940 2967 Alios
2985 2904 3200 2984 etiam,

616 3005 728 3091 qui
784 3004 865 3068 de
923 3001 1390 3088 orthographia
1451 3001 1884 3087 scripserunt,
1950 3003 2016 3066 in
2073 3025 2264 3067 usum
2320 3024 2506 3066 suum
2562 3002 2863 3069 adhibuit
2917 3004 3201 3071 choero-

615 3108 889 3185 boscuS,
937 3103 1286 3191 praecipue
1332 3100 1538 3165 Orum
1594 3114 1660 3168 ot
1719 3125 1847 3166 uno
1904 3101 2043 3168 1000
2100 3105 2487 3187 Urigenem,
2542 3106 2717 3190 quod
2774 3129 2900 3170 non
2948 3129 3203 3193 semper

616 3208 762 3272 ideo
810 3206 999 3285 fecit,
1047 3215 1120 3270 ut
1165 3204 1282 3269 hos
1328 3214 1626 3267 auctores
1686 3204 2015 3269 diversam
2067 3207 2151 3271 ab
2208 3205 2585 3272 Herodiano
2642 3207 2959 3272 rationem
3015 3210 3201 3295 sequi

617 3309 943 3388 innueret,
992 3306 1103 3370 sed
1150 3317 1224 3370 ut
1267 3304 1428 3369 alios
1488 3305 1684 3370 etiam
1728 3328 1939 3391 neque
1995 3305 2201 3370 solum
2246 3306 2694 3371 Herodianum
2752 3332 2822 3373 se
2879 3309 3201 3374 evolvisse

614 3406 1008 3473 ostenderet.
1096 3406 1264 3469 Nam
1311 3405 1488 3492 quod
1531 3431 1595 3492 p.
1640 3408 1799 3487 239,
1846 3409 1915 3472 6:
1969 3410 2191 3474 λείπωε
2241 3411 2411 3485 λέγει
2458 3411 2495 3474 ὁ
2541 3410 2803 3491 Ὧρος,
2850 3412 2947 3476 ὅτι
2992 3413 3199 3477 πάντα

616 3512 791 3590 παρὰ
835 3512 910 3574 τὸ
959 3510 1157 3573 λείπω
1203 3510 1306 3573 διὰ
1348 3512 1461 3585 τῆς
1506 3513 1558 3573 ξι
1606 3511 1964 3591 διφθόγγου
2008 3511 2320 3590 γράφεται
2367 3512 2512 3577 οἷον
2560 3513 2939 3595 λειπόνεωε,
2987 3517 3199 3578 λειπο-

616 3612 822 3693 ταξία,
870 3610 1308 3692 λειποτάξιον,
1356 3613 1902 3690 λειποετράτειον·
1953 3612 1990 3677 ὸ
2034 3615 2105 3678 δὲ
2138 3612 2464 3692 Ὠριγὲνηε
2510 3616 2612 3678 διὰ
2655 3619 2771 3678 τοῦ
2801 3618 2822 3679 i
2849 3616 3201 3695 γράφεεθαι

618 3715 763 3778 οἷον
820 3713 1047 3777 ἔλιπον
1107 3714 1267 3791 ποιρ>
1322 3713 1685 3792 Εὐφορίωνι
1746 3714 2137 3793 λιποτρόφια
2199 3716 2375 3793 παρὰ
2434 3715 2898 3799 Νεοπτολέμῳ,
2955 3718 3201 3781 ε’λιπὲε(

617 3817 777 3894 παρ’
809 3813 1172 3894 Εὐφορίωνι
1214 3850 1301 3860 -
1344 3814 1695 3897 Origenom
1740 3824 1971 3879 contra
2012 3814 2209 3878 Orum
2255 3816 2322 3877 in
2366 3826 2693 3880 certamen
2738 3816 3029 3897 deducit,
3076 3817 3201 3881 dis-

616 3913 969 3980 simulandi
1014 3938 1083 3979 se
1130 3915 1370 3999 ubique
1417 3913 1869 3981 Herodianum
1925 3916 2111 4001 sequi
2156 3915 2375 3981 studio
2420 3917 2655 3982 fecisse
2700 3919 3032 4004 putandus
3079 3928 3196 3993 est,

618 4041 768 4081 nam
814 4017 1107 4081 eiusdem
1139 4015 1500 4081 sententiae
1543 4028 1877 4083 auctorem
1909 4017 2203 4103 proferre
2235 4018 2449 4104 potuit
2488 4019 2701 4104 ipsum
2733 4019 3201 4098 Herodianum,

616 4120 800 4183 euius
858 4118 1244 4205 scripturam
1302 4122 1707 4204 λιποετρατίῃ
1768 4120 2229 4198 λιποτακτήεα(
2294 4121 2662 4187 λιποταξίου
2724 4121 3017 4184 servavit
3072 4120 3201 4183 He-

618 4220 915 4307 sychius3
962 4230 1159 4305 atque
1214 4243 1320 4306 ap.
1367 4220 1688 4285 Choerob.
1749 4220 1962 4304 ipsum
2017 4222 2241 4284 statim
2297 4223 2747 4306 λιποκτέανοε,
2804 4226 3202 4305 λιποναῦται,

621 4324 987 4389 λιποταξίου
1031 4324 1191 4401 παρ’
1236 4322 1671 4403 Ἀριετοφάνει
1725 4322 2151 4427 proferuntur
2205 4344 2289 4385 ex
2346 4324 2488 4409 ipso
2546 4321 2953 4404 Herodiano,
3010 4346 3201 4410 quem

618 4423 914 4489 consulto
959 4423 1290 4508 Hesychio
1334 4434 1606 4510 apparet
1648 4422 2116 4509 pronunciasse
2159 4423 2482 4509 quaedam
2526 4447 2567 4488 a
2602 4427 2799 4491 λείπω
2843 4425 3205 4512 composita

622 4533 680 4591 εί
732 4547 996 4589 servare
1011 4573 1029 4605 ,
1076 4524 1395 4611 quaedam
1439 4547 1556 4612 per
1599 4529 1620 4591 ῖ
1663 4535 1920 4590 tantum
1952 4525 2269 4589 exhiberi.
2357 4526 2627 4591 Praeter
2660 4528 3045 4612 Origenem,
3091 4526 3203 4613 qui

620 4629 743 4692 hoc
787 4650 915 4691 uno
958 4624 1101 4690 loco
1148 4627 1416 4708 citatur,
1463 4626 1906 4713 compluribus
1959 4626 2119 4693 locis
2168 4628 2339 4693 Orus
2396 4631 2461 4693 in
2520 4631 2961 4695 testimonium
3015 4651 3203 4693 voca-

623 4743 755 4790 tur:
822 4729 972 4807 174,
1021 4728 1061 4789 9
1127 4740 1390 4815 propter
1455 4730 1845 4815 scripturam
1900 4731 2079 4795 vocis
2137 4733 2399 4812 ἀνδρεία
2454 4755 2569 4819 per
2625 4740 2710 4814 ει,
2779 4731 2873 4795 sic
2940 4729 3204 4815 scripsit

622 4827 818 4891 ctiam
864 4828 1276 4895 Herodianus
1324 4841 1489 4894 teste
1537 4829 1889 4915 Hesychio.
1980 4833 2127 4897 Uno
2172 4844 2425 4898 tantum
2469 4833 2612 4900 loco
2658 4833 3015 4898 Herodiani
3061 4854 3201 4896 scn-
