3664 5546
670 384 963 431 cxxxxn
1743 382 2161 431 PRAEFATIO.

668 537 1030 605 Herodiani
1100 547 1202 602 est
1268 558 1437 606 mos.
1509 538 1704 601 etiam
1772 546 2156 601 accentuum
2226 546 2293 600 ct
2363 536 2722 623 scripturae
2796 535 2960 600 ratio
3024 534 3249 600 habita

666 640 812 704 fuit.
902 640 1341 721 Quamobrem
1388 638 1490 702 cui
1536 636 1765 704 horum
1811 639 2007 704 trium
2050 636 2365 703 librorum
2410 637 2943 703 adnotamentum
2989 636 3247 723 aliquod

666 741 1135 828 assignandum
1167 743 1287 822 sit,
1334 763 1418 805 ex
1461 763 1564 822 re,
1611 740 1680 804 in
1732 763 1860 827 qua
1906 739 2101 805 cardo
2152 739 2485 827 praecepti
2536 741 2847 821 vertitur,
2901 740 3246 805 aestiman-

669 842 821 907 dum
869 854 1003 927 est3
1062 865 1258 929 saepe
1314 841 1590 908 liberum
1646 852 1747 908 est
1787 864 1905 929 pro
1960 842 2233 907 arbitrio
2290 842 2617 929 optionem
2664 842 2908 923 facere,
2966 841 3139 930 quod
3190 842 3246 905 si

668 946 938 1024 accidit,
1000 968 1086 1009 ex
1139 943 1607 1009 consuetudine
1662 943 2080 1009 Herodianea
2136 943 2413 1009 diversis
2470 944 2653 1010 libris
2702 967 2905 1010 unum
2949 943 3247 1029 idemque

663 1047 1103 1131 fragmentum
1181 1045 1374 1112 simul
1456 1046 1795 1132 adscripsi.
1918 1046 2105 1110 Libri
2175 1049 2320 1127 περὶ
2396 1049 2803 1128 παρωνύμων
2881 1044 3244 1132 Stephanus

661 1171 992 1236 nunquam
1035 1149 1418 1213 nominatim
1461 1149 1849 1213 mentionem
1897 1148 2140 1231 inficit,
2187 1149 2439 1224 etiamsi
2485 1160 2549 1213 et
2580 1149 2955 1236 Tryphonis
3001 1159 3067 1212 et
3111 1145 3244 1210 Ha-

661 1251 885 1318 bronis
931 1263 998 1316 et
1042 1250 1373 1337 Apollonii
1431 1252 1675 1337 scripta
1729 1253 1875 1331 περὶ
1929 1253 2340 1332 παρωνύμων
2384 1263 2874 1334 commeniorat3
2935 1251 3048 1315 sed
3101 1271 3243 1313 esse

663 1352 870 1418 multa
913 1374 996 1417 ex
1039 1351 1453 1418 Herodianeo
1501 1357 1646 1433 περὶ
1687 1356 2095 1434 παρωνύμιον
2151 1354 2318 1419 libro
2362 1363 2713 1441 praecepta
2766 1353 2848 1417 de
2891 1339 3243 1438 gentilibus

664 1477 704 1518 a
761 1454 1089 1541 Stephano
1161 1457 1559 1541 transcripta
1619 1454 2045 1520 derivationis
2108 1453 2215 1520 lex
2282 1458 2641 1521 constituta
2704 1455 3244 1540 Herodianeoque

663 1579 956 1622 sermone
1000 1566 1315 1643 concepta
1359 1557 1552 1623 docet
1594 1580 1802 1645 neque
1846 1557 2118 1623 offendit
2145 1556 2633 1622 Herodianeum
2681 1556 2916 1622 librum
2948 1558 3241 1636 tacitum,

663 1657 939 1723 aliorum
993 1657 1220 1724 similis
1277 1662 1644 1744 argumenti
1699 1659 1899 1726 libros
1954 1660 2320 1724 nominatos
2379 1683 2557 1741 esse,
2623 1682 2819 1747 quum
2883 1658 3000 1723 hos
3066 1661 3242 1745 ipsos

663 1760 820 1845 quin
875 1783 958 1825 ex
1010 1760 1372 1826 Herodiani
1433 1760 1632 1844 libro,
1691 1762 1875 1827 cuius
1934 1761 2440 1849 appellationem
2483 1785 2641 1826 suae
2697 1761 2943 1846 gloriae
2999 1761 3240 1846 quippe

662 1860 1110 1927 Herodianum
1164 1863 1594 1930 exscribentis
1651 1865 1913 1930 officere
1968 1887 2098 1928 non
2164 1865 2524 1950 ignoravit,
2592 1865 2885 1950 cognitos
2945 1863 3245 1928 habuerit

664 1973 730 2028 et
786 1966 1187 2052 excerpserit
1242 1966 1608 2052 Stephanus
1667 1990 1794 2033 non
1852 1965 2285 2033 dubitandum
2343 1966 2448 2030 sit.
2535 1966 2681 2030 Iam
2737 1988 2935 2051 supra
2988 1963 3239 2030 ostendi

662 2077 1083 2152 praeceptum
1139 2067 1220 2132 de
1278 2067 1682 2133 derivatione
1736 2068 2080 2153 gentilium
2138 2068 2203 2132 in
2260 2089 2417 2133 ανος
2473 2092 2521 2134 s,
2565 2071 2841 2150 Ἄγκυρα
2897 2090 2979 2134 ex
3033 2066 3240 2132 Hero-

663 2166 857 2232 diano
901 2171 1398 2257 transscriptum
1455 2193 1596 2234 esse
1654 2168 1886 2235 docere
1942 2178 2007 2234 et
2065 2169 2417 2237 eorundem
2473 2172 2805 2235 nominum
2863 2191 2945 2235 ex
3004 2169 3238 2234 Catho-

583 2337 588 2342 ,
663 2268 828 2334 licae
895 2268 1061 2335 libro
1117 2271 1255 2335 VII
1318 2271 1630 2336 disertam
1695 2273 2089 2337 mentionem
2154 2283 2221 2338 et
2289 2295 2670 2338 sermonem.
2771 2271 2963 2353 Quod
3021 2281 3237 2336 autem

661 2370 980 2457 particula
1033 2373 1224 2437 huius
1283 2373 1609 2460 praecepti
1665 2396 1705 2438 a
1759 2372 1856 2438 St.
1916 2379 1987 2440 B.
2041 2375 2189 2458 507,
2240 2377 2346 2441 13:
2409 2377 2540 2455 εἰκῆ
2596 2378 2812 2442 τοίνυν
2867 2377 2942 2441 τὸ
2988 2376 3237 2441 ἐθνικόν

660 2478 773 2553 τῆς
816 2476 1044 2554 Πάρου
1088 2477 1126 2540 ὁ
1171 2478 1456 2556 τεχνικὸς
1486 2477 1921 2543 Ἀπολλώνιος
1949 2478 2275 2558 Παριανὸς
2319 2478 2568 2558 εἴρηκεν
2613 2480 2683 2544 ἐν
2728 2485 2818 2563 τῷ
2848 2479 2997 2557 περὶ
3022 2498 3237 2557 παρω-

660 2578 880 2656 νύμων
912 2579 1082 2643 οὕτω
1113 2580 1387 2660 γράφων
1423 2583 1581 2644 «τοῦ
1613 2582 1684 2645 δὲ
1716 2580 2021 2659 δευτέρου
2048 2583 2224 2661 παρὰ
2253 2583 2327 2647 τὸ
2351 2581 2567 2657 Ζυγόν
2592 2581 2907 2656 Ζυγιανός
2939 2582 3042 2645 καὶ
3065 2581 3235 2659 παρὰ

658 2679 775 2758 τὴν
818 2680 1047 2760 Πάρον
1076 2681 1423 2764 Παριανός,
1469 2682 1875 2765 Λεοντιανός,
1924 2683 2277 2763 Ταυριανός
2322 2682 2462 2747 fere
2490 2683 2792 2767 congruit
2836 2704 2981 2745 cum
3012 2680 3231 2746 verbis

657 2781 992 2868 praecepti
1036 2781 1118 2847 de
1162 2805 1290 2869 quo
1337 2782 1644 2848 dicimus:
1693 2789 1809 2850 τοῦ
1856 2787 1927 2850 δὲ
1972 2787 2277 2864 δευτέρου
2322 2787 2571 2866 Πάριον
2602 2785 2851 2866 Παρίου
2885 2784 3235 2867 Παριανός,

659 2906 788 2947 non
831 2905 978 2947 cum
1023 2884 1353 2949 Meinekio
1400 2886 1687 2952 arbitror
1729 2885 2054 2971 quaedam
2089 2885 2419 2972 Apollonii
2463 2887 2853 2973 interposita
2896 2909 3072 2967 esse,
3120 2885 3235 2950 sed

660 2986 994 3072 Apollonii
1023 2985 1236 3051 locum
1263 2987 1332 3049 in
1355 2985 1519 3052 libro
1548 2990 1695 3068 περὶ
1716 2991 2125 3070 παρωνύμιον
2156 2987 2524 3053 adhibitum
2549 3011 2692 3054 esse
2722 2990 2805 3054 ab
2830 2987 3232 3069 Herodian0‚

660 3087 770 3173 qui
830 3087 1111 3153 fortasse
1171 3092 1404 3172 verba,
1463 3112 1629 3176 quae
1690 3090 2058 3177 Stephanus
2117 3091 2209 3155 sic
2265 3103 2339 3156 ut
2400 3090 2760 3156 Herodiani
2818 3092 3237 3178 subscriptio-

657 3212 806 3253 nem
850 3192 1175 3273 omiserit,
1221 3190 1569 3257 addiderat
1602 3193 1691 3258 ὥς
1720 3215 1910 3274 φηςιν
1940 3195 2377 3260 Ἀπολλώνιος
2411 3195 2481 3260 ἐν
2511 3202 2602 3281 τῷ
2633 3197 2779 3274 περὶ
2807 3196 3233 3275 παρωνύμων.

656 3291 764 3353 Ex
794 3289 1158 3357 Herodiani
1199 3304 1414 3359 autem
1459 3293 1627 3360 libro
1671 3298 1818 3375 περὶ
1860 3296 2268 3377 παρωνύμων
2294 3296 2418 3359 hoc
2462 3295 2544 3361 de
2574 3295 2926 3382 gentilibus
2957 3297 3025 3361 in
3068 3302 3235 3361 ἶινος

659 3404 1075 3480 praeceptum
1119 3396 1618 3482 transscriptum
1663 3419 1805 3461 esse
1852 3397 2257 3464 demonstrat
2299 3421 2434 3479 τοῦ,
2481 3397 2563 3463 de
2607 3421 2738 3486 qua
2781 3399 3020 3484 agitur,
3069 3397 3234 3461 deri-

659 3496 941 3560 vationis
986 3497 1174 3562 ratio.

826 3598 1214 3685 Apollonius
1256 3600 1325 3664 in
1369 3601 1808 3668 testimonium
1852 3613 2122 3669 vocatur
2178 3603 2565 3668 nominativi
2607 3605 2852 3684 Ἴβηρος
2906 3626 2991 3668 ex
3045 3624 3231 3688 gene-

659 3700 795 3765 tivo
850 3701 987 3765 ficti
1040 3705 1111 3766 in
1166 3701 1439 3795 articulo
1492 3706 1689 3791 Ἴβηρ,
1758 3706 1871 3792 qui
1925 3715 2102 3770 totus
2160 3704 2521 3769 Herodiani
2581 3706 2864 3791 speciem
2929 3704 3087 3770 fert:
3157 3706 3231 3769 τὸ

657 3803 908 3869 ἐθνικόν
952 3805 1189 3886 Ἴβηρες
1248 3808 1338 3872 ὡς
1392 3808 1617 3886 Πίερες
1673 3810 1946 3888 Βύζηρες
2003 3807 2277 3893 (Herod.
2324 3830 2431 3894 ap.
2476 3807 2714 3872 Arcad.
2770 3808 2883 3890 20,
2935 3810 3047 3894 1),‚
3094 3818 3231 3871 tum

657 3916 1014 3992 sequuntur
1080 3905 1382 3994 exempla
1442 3907 1526 3974 ab
1594 3909 1971 3976 Herodiano
2049 3932 2133 3975 ex
2193 3908 2629 3995 Aristophane
2689 3920 2753 3974 et
2819 3908 3232 3974 Artemidoro

656 4005 1071 4094 deprompta,
1129 4009 1365 4096 quibus
1413 4009 1508 4076 St.
1556 4011 1632 4075 Β.
1682 4012 1941 4077 addidit
1985 4036 2069 4077 ex
2112 4010 2309 4076 Dion.
2356 4011 2608 4096 Perieg.
2665 4035 2728 4075 v.
2776 4011 2935 4092 282,
2997 4010 3231 4075 deinde

653 4109 1038 4175 femininum
1084 4113 1329 4197 Ἰβηρίς,
1389 4114 1766 4199 possessiva
1820 4115 2116 4196 Ἰβηρικός
2173 4123 2238 4177 et
2283 4114 2605 4197 Ἰβηρίτης,
2661 4136 2827 4199 quae
2881 4115 3038 4178 item
3085 4135 3232 4176 cum

653 4211 964 4300 exemplis
1033 4215 1388 4278 maximam
1452 4225 1704 4302 partem
1776 4215 2192 4282 Herodianus
2265 4214 2822 4302 suppeditaverat.
2931 4214 3230 4300 Denique

652 4315 989 4381 adiicitur:
1038 4317 1169 4383 ἀπὸ
1213 4322 1323 4397 τῆς
1366 4325 1617 4399 γενικῆς
1647 4322 1892 4402 Ἴβηρος
1937 4318 2179 4401 εὐθεῖα,
2227 4320 2316 4384 ὡς
2358 4322 2470 4397 τῆς
2500 4320 2789 4399 φύλακος
2834 4317 2873 4382 ὁ
2917 4319 3225 4399 φύλακος.

653 4419 1090 4486 Ἀπολλώνιος
1144 4421 1214 4486 ἐν
1269 4426 1406 4487 τοῖς
1461 4424 1873 4503 παρωνύμοις
1929 4423 2149 4506 φηςίν,
2219 4420 2350 4486 ἀπὸ
2404 4426 2674 4497 γενικῶν
2736 4420 2972 4485 εὐθεῖαι
3025 4421 3228 4499 παρά-

651 4539 907 4605 γονται,
951 4527 1083 4588 τῶν
1129 4526 1242 4603 μὲν
1288 4524 1449 4602 ὑπὲρ
1494 4525 1614 4589 δύο
1660 4526 1974 4605 ςυλλοιβὰς
2018 4525 2255 4603 ὁμοίως
2299 4530 2375 4607 τῇ
2413 4524 2627 4607 εὐθείᾳ
2673 4523 2830 4587 κατὰ
2873 4523 2989 4587 τὸν
3031 4522 3228 4586 τόνον

652 4625 1326 4707 προπαροξυνόμεναι,
1371 4625 1474 4689 καὶ
1514 4627 1553 4704 ἢ
1600 4626 1669 4692 ἑν
1714 4627 1901 4712 ἁπλῷ
1947 4628 2206 4706 ςχήματι
2251 4627 2290 4705 ἢ
2335 4626 2406 4690 ἑν
2453 4626 2760 4708 ςυνθὲτῳ·
2816 4625 3068 4689 ἁπλοῦν
3114 4625 3227 4703 μὲν

654 4725 773 4792 οὖν
818 4728 1059 4807 μάρτυρ
1105 4728 1421 4810 μάρτυρος
1466 4726 1505 4791 ὁ
1549 4729 1899 4812 μάρτυρος,
1947 4728 2178 4807 Χάροψ
2229 4728 2530 4807 Χάροπος
2574 4729 2612 4791 ὁ
2660 4727 2990 4809 Χάροπος,
3046 4726 3227 4803 Τροί-

651 4832 765 4907 ζην
828 4829 1172 4911 Τροίζηνος
1237 4830 1276 4895 ὁ
1331 4829 1706 4916 Τροίζηνος,
1769 4832 1939 4913 Ἴβηρ
1993 4831 2238 4911 Ἴβηρος
2300 4830 2338 4896 ὁ
2391 4832 2693 4911 Ἴβηρος».
2781 4830 2857 4894 τὸ
2912 4828 3071 4893 αὐτὸ
3126 4827 3228 4892 καὶ
