3664 5546
682 397 803 461 112
1613 396 1693 452 ΕΚ
1732 397 1871 451 ΤΩΝ
1915 396 2323 452 ΗΡΩΔΙΑΝΟΥ

845 567 939 631 Τὰ
1001 565 1089 631 εἰς
1153 569 1285 632 ῶῖέ
1352 568 1507 645 μετὰ
1572 569 2178 648 προσγεγραμμένου
2235 572 2266 632 ῑ
2331 568 2672 648 διςύλλαβα
2736 569 3261 648 προπεριςπᾶται,

682 669 891 754 Κῷος
935 669 973 733 ὁ
1018 669 1280 747 πολίτης
1323 672 1433 748 τῆς
1493 670 1625 752 Κῶ,
1678 677 1916 755 ςῷος,
1974 671 2012 736 ὃ
2069 672 2174 735 διὰ
2228 672 2346 736 τοῦ
2391 674 2422 733 ἶ
2477 670 2834 755 γράφεςθαί
2869 691 3020 750 φηςι
3064 669 3260 749 Δίδυ-

678 792 824 855 μος,
870 771 909 850 ἡ
955 773 1027 836 δὲ
1070 772 1417 850 παράδοςις
1462 768 1617 838 ἄνευ
1660 776 1775 837 τοῦ
1822 778 1853 835 ’ἰ
1900 771 2070 855 οἶδε,
2116 772 2362 857 Λῷος,
2406 762 2683 858 Πτῖῖιος
2728 772 3117 852 Ἀκραιφέως
3160 770 3263 833 καὶ

677 873 1006 952 Εὐξίππης.
1092 874 1167 939 τὸ
1213 875 1284 937 δὲ
1327 875 1609 958 κλῳός,
1666 874 1796 940 ἀπὸ
1852 879 1969 939 τοῦ
2030 874 2244 940 κλοιός
2290 874 2640 973 ὀξύνεται,·
2669 875 2770 939 καὶ
2815 873 2906 939 ἔτι
2952 874 3028 938 τὸ
3067 871 3261 957 ζωός

609 982 642 1033 ὅ
677 977 779 1040 καὶ
821 977 898 1040 τό
944 970 1221 1059 Τρῳός.
2303 1046 2312 1057 ,

846 1078 943 1145 Τὰ
997 1077 1083 1142 εἰς
1126 1080 1277 1142 {fo-E
1321 1077 1552 1143 ςπάνια
1595 1078 1754 1145 ὄντα
1800 1079 2123 1162 ὀξύνεται,
2171 1068 2335 1144 υἹός
2379 1081 2483 1144 καὶ
2524 1078 2766 1156 γυιός.
2841 1081 3058 1143 ταῦτα.
3084 1079 3152 1142 δὲ
3201 1075 3263 1141 οἱ

680 1181 943 1245 Ἀττικοὶ
987 1179 1141 1246 ἄνευ
1185 1185 1302 1246 τοῦ
1345 1184 1378 1245 ἶ
1422 1181 1794 1262 γράφουςιν.
2267 1242 2284 1257 ,
2477 1182 2502 1215 *¹
2951 1252 2974 1271 Ι,

846 1283 939 1347 Τὰ
983 1280 1069 1347 εἰς
1116 1286 1189 1347 (ῖς
1231 1284 1610 1364 τριςύλλαβα
1653 1284 1825 1348 ἁπλᾶ
1869 1290 1960 1367 τῷ
2005 1276 2267 1368 ἇ“μόνῳ
2311 1266 2810 1363 παραληγόμενα
2854 1283 3165 1383 ὀξύνεται,
3210 1281 3265 1345 εἰ

680 1384 761 1463 μὴ
807 1385 846 1464 ἡ
890 1384 1062 1463 τρίτη
1109 1385 1240 1451 ἀπὸ
1284 1386 1511 1452 τέλους
1556 1387 1739 1467 φύςει
1783 1387 1822 1465 ἢ
1870 1387 2029 1451 θέςει
2076 1388 2280 1466 μακρὰ
2325 1386 2422 1466 εἴη
2466 1387 2504 1464 ἢ
2552 1387 2709 1451 κατὰ
2760 1387 3073 1451 διάςταςιν
3119 1384 3262 1462 ςύμ.ρ

581 1493 646 1544 10
681 1487 1138 1569 φωνον·ἔχοι,
1196 1486 1522 1570 ἀγλαός,
1579 1488 1821 1553 ἀλαός
1875 1489 2051 1566 παρὰ
2105 1490 2180 1554 τὸ
2237 1488 2375 1553 ἀλῶ
2429 1490 2506 1554 τὸ
2552 1492 2916 1568 πλανῶμαι·
2983 1486 3180 1552 ἀλαός
3226 1486 3263 1549 ὁ

678 1589 1263 1668 περιπλανώμενος.
1331 1588 1635 1655 (έλευκος
1682 1592 1752 1654 δὲ
1798 1592 1972 1669 παρὰ
2015 1592 2092 1656 τὸ
2137 1589 2392 1674 ἀλάςαι,
2438 1591 2475 1654 ὃ
2522 1590 2798 1670 ςημαίνει
2845 1591 2919 1655 τὸ
2964 1590 3264 1654 ἐλαττοῦ-

626 1758 631 1765 ‚
680 1710 787 1771 μαι
827 1690 925 1754 ἵν’
968 1690 1007 1774 ᾖ
1051 1691 1127 1755 τὸ
1172 1691 1548 1756 ἐλαττωθεὶς
1591 1693 1743 1756 τοὺς
1774 1691 2166 1773 ὀφθαλμούς.
2236 1692 2421 1758 ἄλλοι
2467 1694 2539 1757 δὲ
2584 1691 2622 1755 ὁ
2666 1693 2911 1772 τυφλὸς
2955 1692 3057 1756 καὶ
3101 1691 3264 1755 ἐςτε-

682 1792 953 1871 ρημένος
1018 1797 1136 1857 τοῦ
1208 1793 1384 1858 λύειν
1448 1794 1588 1872 ἤτοι
1659 1794 1931 1875 βλέπειν.
2034 1795 2430 1874 Ἀρίςταρχος
2496 1797 2572 1860 τὸ
2638 1795 2814 1875 παρὰ
2879 1801 2971 1879 τῷ
3031 1800 3265 1876 ποιητῇ

684 1893 1117 1981 «ἀςπαίρογτα
1182 1895 1399 1993 λάων»
1459 1894 1612 1978 (Οὰ.
1671 1918 1707 1961 τ
1749 1895 1906 1980 229)
1968 1896 2173 1961 οὕτως
2239 1897 2545 1975 ἐξηγεῖται
2602 1896 2743 1962 ἀντὶ
2807 1900 2924 1962 τοῦ
2992 1896 3264 1977 βλέπειν.

582 2004 645 2054 15
682 1996 1001 2078 κεραός,
1046 1988 1356 2062 τά“ναός.
1432 1997 1755 2064 Δαναός
1803 1998 1842 2063 ὁ
1886 1999 2149 2077 πολίτης
2194 1997 2562 2079 ὁμοφώνως
2605 2005 2696 2082 τῷ
2742 1997 2989 2083 οἰκιςτῇ.
3069 1998 3264 2077 Κρα-

681 2097 903 2181 ναός,
962 2098 1087 2178 ἀφ’
1144 2097 1223 2162 οὗ
1276 2100 1601 2180 ἡἍττικὴ
1661 2102 1950 2166 ἐκαλεῖτο
2001 2102 2268 2180 Κραναή.
2360 2101 2712 2184 Μαλαός,
2772 2101 2844 2166 ὃς
2901 2101 3098 2166 ἔκτιςε
3144 2100 3264 2178 Τῆ-

681 2221 844 2278 μνον
889 2201 1079 2265 πόλιν
1123 2203 1233 2278 τῆς
1275 2199 1583 2267 Αἰολίδος.
1672 2204 1747 2268 τὸ
1792 2205 1864 2267 δὲ
1916 2202 2144 2268 ἵλαος
2198 2203 2299 2267 καὶ
2341 2203 2643 2268 Πίταος
2687 2203 2859 2283 Φρὺξ
2914 2202 3122 2269 Μίδου
3161 2202 3266 2281 φί-

682 2305 795 2367 λος
838 2303 955 2381 τὴν
1000 2302 1213 2381 τρίτην
1258 2302 1388 2381 ἀπῤ
1431 2304 1657 2368 τέλους
1701 2305 1945 2384 μακρὰν
1992 2304 2143 2384 ἔχει.
2200 2306 2275 2370 τὸ
2321 2306 2392 2369 δὲ
2424 2356 2666 2369 ......
2713 2305 3061 2385 ςύμφωνον
3106 2304 3268 2368 κατὰ

683 2402 997 2469 διάςταςιν
1042 2403 1188 2483 ἔχει.
1275 2407 1350 2470 τὸ
1407 2407 1477 2471 δὲ
1534 2406 1774 2482 γόαος
1829 2407 1899 2471 ἐκ
1942 2412 2058 2471 τοῦ
2112 2407 2268 2487 γόης
2322 2407 2568 2482 γέγονε.
2657 2407 2747 2472 Τὸ
2805 2409 2874 2472 δὲ
2921 2408 3182 2487 Θήβαο
3201 2427 3268 2488 ς,

579 2515 647 2567 20
682 2504 1013 2589 ἄρχαος,
1072 2507 1436 2590 Ἄλκαος,
1491 2506 1826 2592 πάλαος,
1883 2510 2162 2588 Ἄχαος
2207 2509 2352 2573 κατ’
2405 2508 2659 2574 ἔνδειαν
2714 2513 2831 2575 τοῦ
2875 2513 2908 2573 ἶ
2961 2509 3269 2589 γινόμενα

680 2606 938 2672 Αἰολικά
988 2607 1155 2674 εἰςιν.

684 2872 799 2918 tur:
836 2866 905 2918 τὸ
943 2866 1134 2931 μέντοι
1171 2866 1303 2919 θοός
1339 2865 1599 2933 ἄντικρυς
1636 2867 1981 2933 ὀξυνόμενον
2019 2871 2274 2934 μονῆρες.
2320 2869 2392 2921 τὰ
2428 2867 2490 2920 δὲ
2525 2866 2676 2921 αἴτια
2708 2868 2937 2922 τούτων
2968 2868 3030 2921 ἐν
3057 2865 3269 2933 ἑτέροις

683 2934 992 3001 δηλοῦμεν,
1030 2943 1093 2986 ut
1128 2936 1393 2987 Lehrsius
1428 2939 1710 3002 opinatur,
1759 2939 2190 3002 explicatissime
2230 2939 2286 2987 in
2330 2937 2473 2988 libro
2520 2939 2647 3003 περὶ
2693 2941 2797 2989 τοῦ
2835 2938 2960 2992 ζώς.
3166 2937 3200 2986 l.
3237 2940 3268 2986 2

686 3002 842 3069 Κῷος
879 3004 1093 3070 explevi
1130 3020 1195 3053 cx
1234 3005 1310 3054 St.
1346 3006 1427 3067 Β.,
1465 3006 1536 3055 ad
1574 3008 1718 3071 (ᾣος
1758 2997 1948 3056 addidi
1986 3005 2019 3056 ὃ
2053 3005 2140 3057 διὰ
2177 3008 2279 3056 τοῦ
2319 3008 2352 3055 ἶ
2389 3022 2562 3071 usquc
2600 3007 2670 3056 ad
2707 3006 2826 3058 οἶδε
2865 3024 2932 3057 ex
2969 3004 3172 3057 Herod.
3211 3008 3266 3053 in

682 3072 746 3120 E.
783 3073 854 3122 M.
893 3075 1009 3136 741,
1045 3075 1137 3135 43;
1174 3070 1383 3138 Πτῷος
1421 3089 1487 3124 ex
1525 3074 1603 3125 St.
1641 3077 1704 3127 B.
1742 3077 1825 3136 63,
1863 3077 1915 3137 4,
1952 3075 2048 3123 ubi
2085 3076 2202 3124 sine
2243 3077 2274 3123 ῖ
2312 3075 2576 3140 scriptum
2616 3081 2718 3128 est.
2791 3074 2937 3127 ζωός
2983 3075 3040 3123 in
3076 3074 3141 3127 Il.
3178 3073 3267 3121 Pr.

682 3137 720 3192 Ε
755 3142 853 3191 887
893 3141 1009 3191 sine
1046 3143 1079 3190 ἶ
1116 3140 1420 3192 exhibitum
1458 3147 1543 3192 est
1580 3147 1637 3192 et
1672 3142 1915 3195 Lobeck.
1964 3143 2019 3191 in
2059 3143 2142 3192 El.
2183 3143 2206 3191 1
2253 3145 2352 3192 444
2390 3144 2700 3207 suspicatur
2736 3142 2881 3196 ζωός
2927 3144 2995 3193 ab
3033 3139 3268 3191 Arcadio

682 3213 946 3258 accentus
984 3212 1213 3271 tantum,
1252 3225 1360 3259 non
1399 3211 1704 3275 scripturae
1742 3227 1911 3261 causa
1948 3211 2221 3260 adiectum
2261 3226 2402 3260 esse.
2474 3211 2845 3274 Herodianus,
2884 3227 2918 3261 a
2953 3225 3058 3275 quo
3093 3224 3270 3259 canon

682 3275 738 3324 in
778 3277 839 3325 Ε.
876 3276 945 3324 Μ.
982 3280 1099 3338 413,
1138 3279 1202 3327 27
1241 3283 1297 3326 et
1332 3280 1449 3342 822,
1486 3281 1552 3328 42
1589 3278 1870 3343 profectus
1907 3283 2020 3329 est:
2067 3277 2139 3328 τὰ
2173 3276 2262 3329 διὰ
2306 3280 2410 3330 τοῦ
2449 3282 2567 3330 ῶον
2605 3278 2875 3343 οὐδέτερα
2921 3276 3268 3341 μονογενῆ

683 3341 832 3394 θέλει
870 3342 1017 3407 ἔχειν
1052 3342 1122 3394 τὸ
1160 3347 1210 3408 ἶ,
1247 3345 1397 3410 ζῷον
1434 3362 1551 3395 cum
1590 3360 1606 3395 1
1644 3347 1935 3411 scripsisse
1972 3346 2251 3411 putandus
2288 3353 2403 3411 est,
2451 3348 2549 3398 sed
2598 3346 2874 3398 adiectivo
2909 3345 3055 3398 ζωός
3092 3359 3109 3395 ι
3145 3346 3268 3396 sub-

682 3412 938 3471 traxisse,
977 3428 1144 3478 quare
1183 3429 1268 3478 ap.
1308 3414 1597 3464 Arcadium
1644 3414 2018 3465 huiuscemodi
2067 3415 2238 3465 verba.
2282 3414 2552 3466 excidisse
2599 3416 2877 3467 videntur:
2928 3413 2960 3465 δ
2996 3427 3144 3464 τινες
3182 3410 3270 3462 διὰ

680 3482 784 3530 τοῦ
826 3483 855 3534 ἶ
891 3477 1162 3544 γράφουςι
1209 3480 1549 3545 παραλόγως
1595 3481 1665 3531 cf.
1706 3484 2080 3550 Hermanrgum
2117 3483 2425 3533 Usencrum
2472 3485 2530 3534 in
2575 3484 2733 3538 Iahn.
2772 3487 2911 3536 Anu.
2950 3486 3010 3533 91
3062 3498 3112 3546 p.
3149 3483 3265 3531 239.

681 3550 746 3598 In
794 3546 899 3598 fine
946 3548 1127 3599 adieci
1172 3548 1263 3600 καὶ
1309 3548 1379 3600 τὸ
1417 3548 1614 3616 Τρῳός
1663 3567 1729 3599 ex
1766 3551 1831 3601 11.
1869 3551 1957 3600 Pr.
1993 3548 2041 3601 Ψ
2077 3553 2202 3601 291:
2241 3549 2474 3617 Τρῳοὺς
2512 3550 2591 3603 ὡς
2628 3550 2878 3603 πολλούς
2913 3547 3267 3611 ἀνεγνώςθη·

682 3611 1429 3749 Ξὲῧὶῗηο·”ξῖνὲξαῗῖ’ἓντέξ
1459 3614 2086 3751 ἷὲοοᾞῗὲῗετῗᾶἶὸέἢῗ·
2100 3619 2234 3738 ..fi-3.
2250 3618 2891 3751 ¹.‡?⁷†.ffi⁶.f{f{ss2’35
2915 3615 3270 3752 ἇαθῗῗμὸὧῗξ

682 3759 741 3802 et
777 3770 830 3819 p.
866 3755 986 3818 407,
1024 3757 1113 3804 30:
1154 3752 1314 3818 Τρώς
1352 3751 1551 3818 Τρωός
1590 3752 1845 3818 Τρωϊκός
1882 3752 2137 3820 ἀποβολῇ
2185 3758 2289 3806 τοῦ
2327 3759 2361 3806 k*
2397 3738 2616 3820 Τρώῖος
2659 3758 2762 3807 τοῦ
2809 3755 2984 3807 τόνου
3020 3751 3272 3805 ἀναδιδο·

683 3819 855 3884 μένου
894 3818 971 3872 ὡς
1011 3819 1351 3884 Ὀλυμπικός
1391 3820 1721 3886 Ὀλύμπιος,
1765 3823 1862 3871 sed
1897 3823 1966 3876 cf.
2003 3824 2140 3873 Lob.
2171 3824 2255 3873 El.
2285 3824 2338 3872 11
2361 3827 2446 3874 45.
2497 3825 2923 3876 praetermissus
2960 3828 3046 3873 est
3081 3822 3269 3884 δμωος

680 3890 1054 3940 nominativus
1101 3907 1168 3939 ex
1215 3890 1474 3953 genetivo
1521 3891 1670 3941 vocis
1715 3889 1868 3953 δμώς
1925 3889 2114 3954 δμωός
2168 3891 2326 3942 fictus
2371 3908 2460 3958 ap.
2510 3893 2745 3959 Hesiod,
2788 3894 2889 3958 Op.
2935 3894 3036 3942 468
3081 3889 3270 3953 δμῶος

682 3955 831 4021 ἔχων
871 3955 1149 4022 μακέλην,
1198 3972 1360 4021 quem
1402 3957 1594 4008 Choer.
1641 3959 1786 4008 Dict.
1824 3961 1917 4022 92,
1956 3963 1987 4009 9
2033 3959 2249 4011 confert
2294 3976 2412 4009 cum
2461 3959 2623 4024 Τρώς
2659 3959 2859 4024 Τρωός
2897 3958 3122 4023 Τρῶος,
3173 3956 3274 4007 scd

682 4024 868 4088 δμῶος
905 4033 1057 4076 caret
1094 4039 1111 4075 ι
1147 4025 1420 4075 ineffabili
1456 4041 1634 4090 neque
1672 4033 1820 4077 recte
1856 4029 2370 4094 properispomenos
2416 4029 2676 4093 proferri,
2727 4029 2822 4079 sed
2860 4030 3046 4095 potius
3081 4023 3270 4090 δμωός

681 4093 1027 4144 scribendum
1063 4092 1283 4143 videtur
1318 4094 1388 4142 cf.
1430 4093 1632 4144 Goettl.
1673 4095 1740 4145 de
1780 4111 1897 4145 acc.
1935 4112 1985 4161 p.
2027 4098 2139 4147 176.
2253 4096 2292 4148 l.
2330 4099 2361 4146 6
2399 4098 2663 4147 Arcadius
2700 4097 2893 4147 habet:
2931 4094 3002 4147 τὰ
3038 4093 3116 4146 εἰς
3152 4095 3271 4144 ῦι-ὀῐ

604 4153 641 4192 ⁸
681 4159 884 4213 ςπάνια
929 4160 1071 4212 ὄντα
1115 4159 1399 4224 ὀξύνεται,
1446 4158 1570 4212 οἷον
1615 4161 1761 4224 υἰός;
1810 4165 2037 4229 concepi
2083 4181 2346 4215 canonem
2393 4170 2618 4216 secutus
2664 4165 2912 4231 Theogn.
2958 4168 3049 4225 49,
3091 4165 3156 4214 30
3201 4163 3271 4214 cf.

681 4231 818 4284 Lob.
861 4228 943 4283 El.
982 4230 1037 4279 11
1074 4232 1157 4279 25.
1296 4228 1331 4278 l.
1374 4234 1435 4280 10
1471 4228 1644 4282 ἀλαός
1681 4232 1900 4297 explevi
1938 4248 2004 4282 ex
2041 4234 2140 4297 Ep.
2167 4233 2254 4282 Cr.
2291 4235 2318 4284 I
2356 4236 2439 4298 77,
2479 4233 2620 4284 idem
2658 4233 2828 4284 habet
2863 4231 3176 4284 Methodius
3213 4231 3270 4279 in

680 4298 744 4347 E.
782 4298 858 4347 Μ.
895 4300 980 4360 57,
1016 4300 1048 4348 6
1085 4303 1367 4348 auctorum
1403 4300 1624 4350 nomina
1658 4305 1869 4351 tacens.
1937 4300 2104 4352 Patet
2143 4300 2288 4364 falli,
2328 4303 2418 4366 qui
2456 4302 2578 4352 voci
2614 4299 2787 4352 ἀλαός
2833 4309 2894 4351 ut
2932 4299 3272 4364 compositae

680 4366 1019 4418 substituere
1064 4365 1257 4415 volunt
1293 4363 1515 4418 Ταλαός
1551 4372 1613 4418 ut
1650 4368 1859 4423 Goettl.
1911 4368 1976 4419 de
2012 4375 2221 4422 accent.
2261 4386 2312 4434 p.
2353 4372 2449 4420 167
2494 4375 2592 4420 aut
2626 4367 2863 4421 Μαλαός
2907 4374 2970 4419 ut
3008 4366 3270 4419 Schmidt.

682 4434 752 4484 ad
787 4434 838 4488 h.
877 4434 913 4483 l.
952 4460 1013 4470 -
1051 4433 1252 4498 κεραός
1288 4433 1496 4486 ταναός
1534 4438 1741 4502 sumpsi
1778 4453 1846 4487 ex
1883 4438 1984 4502 Ep.
2024 4436 2112 4490 Cr.
2151 4439 2177 4488 1
2214 4439 2332 4499 236,
2369 4441 2453 4501 30,
2490 4439 2584 4489 ubi
2623 4438 2768 4488 idem
2804 4453 2998 4488 canon.
3045 4432 3271 4487 Δαναός

682 4502 903 4568 explevi
940 4519 1005 4553 ex
1044 4505 1123 4553 St.
1162 4504 1224 4555 B.
1264 4505 1346 4564 70,
1384 4507 1433 4567 2,
1473 4502 1723 4568 Κραναός
1762 4506 1955 4555 addidi
1993 4521 2060 4555 ex
2100 4506 2219 4556 cod.
2250 4507 2365 4564 381,
2389 4508 2421 4556 5
2459 4511 2516 4555 et
2551 4503 2786 4557 Μαλαός
2825 4522 2892 4555 ex
2928 4507 3046 4568 621,
3075 4506 3107 4555 5
3144 4502 3272 4553 coll.

682 4571 862 4620 strab.
902 4573 1000 4622 582
1038 4576 1094 4621 et
1118 4573 1236 4625 621.
1285 4571 1355 4623 τὸ
1400 4570 1461 4623 δὲ
1495 4570 1655 4624 ἵλαος
1689 4589 1861 4638 usque
1897 4573 1966 4624 ad
1993 4572 2208 4638 μακράν
2245 4572 2358 4637 ἔχει
2383 4575 2500 4639 ipse
2538 4575 2757 4639 explevi
2779 4571 2939 4625 ἵλαος
2977 4589 3044 4623 ex
3079 4571 3275 4621 Chocr.

682 4639 839 4689 Orth.
880 4642 980 4688 225
1027 4646 1083 4689 ct
1118 4637 1333 4690 Πίταος
1381 4657 1448 4691 ex
1485 4641 1566 4695 St.
1602 4645 1665 4695 B.
1706 4645 1830 4704 524,
1870 4645 1900 4693 7
1947 4644 2155 4707 petitis.
2237 4641 2304 4692 τὸ
2351 4641 2412 4693 δὲ
2457 4671 2522 4677 ——
2569 4640 2845 4695 διάςταςιν
2891 4638 3004 4705 ἔχει
3051 4645 3278 4706 propter

682 4709 908 4757 cunonis
948 4708 1175 4758 formam
1212 4707 1405 4759 addidi
1443 4710 1639 4760 lacuna
1679 4709 1897 4774 relicta,
1939 4725 2099 4775 quam
2137 4711 2246 4760 nisi
2282 4713 2476 4761 statim
2512 4710 2840 4777 apponenda
2881 4710 3144 4770 fuissent,
3182 4722 3275 4756 ex-

684 4776 981 4840 plevissem
1018 4775 1329 4827 nominibus
1365 4775 1571 4841 ἄρχαος
1607 4777 1863 4830 Ἀλκαος.
1934 4780 2160 4829 Aeolica
2195 4780 2468 4829 vocabula
2504 4781 2736 4845 apposui
2774 4796 2840 4830 ex
2876 4779 2939 4828 Ε.
2977 4780 3051 4829 Μ.
3086 4778 3171 4839 66,
3208 4778 3276 4826 25

682 4842 951 4895 Ἀλκαοςε
992 4841 1059 4895 δν
1094 4842 1313 4908 τρόπον
1350 4843 1402 4895 οἱ
1447 4845 1636 4899 Ἴωνες
1684 4845 2009 4910 ἐκβάλλουςι
2053 4846 2123 4898 τὸ
2163 4851 2195 4898 ἰ’
2230 4849 2352 4898 τῶν
2388 4850 2703 4913 κτητικῶν,
2751 4847 2929 4912 ἤγουν
2973 4848 3077 4910 τῆς
3113 4845 3164 4899 {i
3200 4844 3276 4895 δι-

682 4911 939 4976 φθόγγου
967 4913 1063 4977 (sc.
1090 4911 1390 4977 ἀργύρεος,
1430 4914 1700 4981 χρύςεος),
1738 4915 1843 4967 τὸν
1868 4915 2048 4968 αὐτὸν
2072 4917 2291 4982 τρόπον
2317 4917 2408 4968 καὶ
2433 4915 2486 4968 οἱ
2512 4914 2728 4969 Αἰολεῖς
2754 4918 2857 4980 τῆς
2882 4919 2936 4965 αι
2961 4914 3276 4980 διφθόγγου
