3664 5546
602 256 728 321 382
1537 254 1619 310 ΕΚ
1657 256 1796 310 ΤΩΝ
1840 255 2249 310 ΗΡΩΔΙΑΝΟΥ

599 426 785 491 πόλις
828 425 1324 507 Παφλαγονίας,
1382 425 1451 490 ἐν
1508 426 1546 509 ᾖ
1594 426 1837 507 ᾤκηςεν
1884 424 1922 489 ὁ
1977 426 2251 493 παλαιὸς
2294 425 2538 489 Φινεύς.
2628 425 2915 503 Δίδυμος
2960 424 3030 488 δὲ
3076 427 3186 502 νῆ-

601 548 714 592 ςον
771 527 971 606 αὐτήν
1026 547 1232 605 φηςιν.
1340 527 1691 605 Κάδρεμα
1744 526 1932 590 πόλις
1987 525 2245 608 Λυκίας,
2301 525 2570 590 ἄποικος
2623 525 2911 605 Ὀλβίων.
3000 525 3186 604 ἑρμη-

598 629 846 692 νεύεται
893 628 964 691 δὲ
1009 628 1180 692 ςίτου
1226 629 1518 707 φρυγμὸς
1561 627 1599 704 ἡ
1646 628 1848 691 πόλις.
1926 627 2166 705 Βήθλε
2183 646 2278 705 μα
2319 627 2508 691 πόλις
2551 625 2972 705 Παλαιςτίνης
3024 630 3186 706 πρὸς

597 732 734 794 τοῖς
776 729 1251 809 Ἱεροςολύμοις.
1339 729 1633 807 Ἰώςηπος
1690 729 1762 793 δέ
1806 749 1997 807 φηςιν
2057 728 2170 791 «ἐκ
2215 729 2632 808 Βηθλεεμῶν»
2680 727 2792 808 (Α.
2833 725 2891 790 Ι.
2935 726 3009 808 5,
3061 729 3183 810 11).
3232 730 3238 739 '

522 843 553 892 5
598 831 759 908 ’Άρι
774 851 869 909 μα
912 830 1084 908 ὄρος.
1147 830 1431 909 Ὅμηρος
1479 830 1613 894 «εἰν
1644 829 1934 917 Ἀρίμοιςῆ
1959 828 2060 893 ὅθι
2106 830 2258 909 φαςὶ
2286 828 2598 908 Τυφωέος
2643 828 2902 908 ἔμμεναι
2950 829 3181 895 εὐνάς»

596 933 672 1012 (Β
720 931 886 1023 7833).
976 932 1037 995 οἱ
1093 934 1207 1010 μὲν
1265 932 1335 996 ἐν
1397 932 1632 1015 Κιλικίᾳ
1644 980 1662 1012 ,
1728 929 1791 994 οἱ
1847 932 1919 995 δ“ε
1975 929 2045 994 ἐν
2103 930 2322 1014 (υρίᾳ,
2390 929 2451 995 οἱ
2507 933 2579 994 δὲ
2634 930 2703 995 ἐν
2758 931 3184 1009 Πιθηκούςαις

594 1033 770 1111 παρὰ
813 1033 1166 1111 Τυρρηνοῖς
1212 1054 1363 1113 φαςι
1407 1034 1692 1109 γενέςθαι
1735 1032 1853 1096 τὸν
1899 1035 2119 1110 μῦθον.
2209 1030 2481 1112 (ίκιμα
2534 1032 2722 1096 πόλις
2767 1032 3086 1115 Ἀραβίας,
3141 1034 3181 1110 ἣ

594 1135 696 1198 καὶ
753 1132 1012 1212 (ίκιμος.
1098 1134 1410 1212 Ἔριμον
1475 1135 1661 1199 πόλις
1728 1133 2073 1212 Οἰνωτρῶν
2142 1133 2211 1197 ἐν
2279 1133 2615 1218 μεςογείῳ,
2685 1133 2775 1198 ὡς
2841 1133 3180 1198 Ἑκαταῖος.

594 1235 1017 1313 Ὑλλάριμα
1073 1236 1412 1313 πολίχνιον
1475 1236 1702 1314 Καρίας
1758 1234 1990 1313 ὕπερθε
2047 1235 2538 1313 (τρατονικείας.
2643 1235 2946 1315 Γόραμα
3003 1236 3182 1314 χώρα

498 1347 559 1398 10
594 1342 725 1402 τῶν
785 1334 1100 1414 (κηνιτῶν
1154 1336 1456 1416 Ἀράβων.
1547 1335 1859 1415 (όδομα
1919 1335 2306 1415 μητρόπολις
2370 1336 2450 1414 ἦν
2517 1341 2647 1401 τῶν
2715 1337 2867 1401 δέκα
2922 1337 3180 1402 πόλεων

595 1442 726 1502 τῶν
773 1437 876 1500 ἐπὶ
920 1444 996 1521 τῇ
1044 1438 1462 1517 Ἀςφαλτίτιδι
1509 1438 1692 1521 λίμνῃ
1740 1442 2312 1517 καταςτραφειςῶν.
2370 1436 2547 1501 (ίδυ
2562 1458 2657 1517 μα
2700 1439 2887 1502 πόλις
2932 1437 3179 1520 Λυκίας,

595 1538 668 1617 ἦς
714 1538 1128 1617 Ἀλέξανδρος
1172 1539 1472 1618 μέμνηται
1518 1540 1589 1604 ἐν
1633 1540 1872 1622 πρώτῳ
1917 1539 2260 1604 Λυκιακῶν.
2318 1538 2667 1627 ἐκλήθηὴδὲ
2712 1538 2843 1603 ἀπὸ
2890 1537 3178 1617 (ιδύμου.

593 1640 921 1718 Λώρυμα
977 1641 1164 1704 πόλις
1224 1641 1465 1719 Καρίας.
1553 1640 1880 1706 Ἑκαταῖος
1941 1641 2124 1723 Ἀςίᾳ.
2213 1640 2338 1705 ἔςτι
2395 1641 2497 1704 καὶ
2553 1641 2738 1719 λιμὴν
2783 1639 3046 1721 Ῥόδου,
3104 1642 3177 1705 ὃς

592 1741 867 1821 Λώρυμα
922 1742 1186 1817 λέγεται.
1289 1741 1784 1821 Ἱεροςόλυμα
1839 1742 1877 1820 ἡ
1934 1743 2324 1821 μητρόπολις
2377 1745 2488 1819 τῆς
2544 1740 2880 1823 Ἰουδαίας,
2947 1742 2985 1819 ἢ
3043 1740 3177 1806 (6-

497 1859 554 1907 152
594 1847 682 1906 λυ
697 1863 791 1922 μα
836 1843 1123 1907 ἐκαλεῖτο
1170 1841 1300 1934 ἀπὸ
1345 1847 1475 1907 τῶν
1523 1841 1829 1922 (ολύμων
1877 1843 2070 1922 ὀρῶν.
2142 1843 2451 1922 Δίδυμα
2494 1842 2695 1906 τόπος
2730 1844 2833 1905 καὶ
2878 1846 3178 1921 μαντεῖον

594 1944 884 2022 Μιλήτου
937 1942 1387 2023 ἀφιερώμενον
1443 1944 1556 2007 Διῒ
1610 1947 1712 2008 καὶ
1766 1945 2173 2009 Ἀπόλλωνιῇ
2239 1944 2350 2008 εἰςὶ
2416 1945 2519 2006 καὶ
2577 1944 2814 2021 Κρήτης
2880 1945 3175 2023 ποταμοί.

591 2045 703 2110 εἶςὶ
745 2047 847 2110 καὶ
890 2048 1002 2122 τῆς
1046 2045 1402 2109 Θετταλίας.
1477 2045 1589 2110 εἰςὶ
1634 2047 1734 2109 καὶ
1778 2046 1899 2110 δύο
1945 2045 2188 2123 νηςίδια
2231 2046 2396 2122 πρὸς
2438 2051 2514 2128 τῇ
2562 2042 2775 2128 (ύρῳ,
2834 2046 2925 2110 ὡς
2969 2046 3176 2124 Ἀρτε-

591 2148 884 2227 μίδωρος.
959 2137 1070 2212 εἰςὶ
1112 2147 1216 2210 καὶ
1258 2145 1379 2225 ὄρη
1424 2146 1792 2211 Λαοδικείας
1839 2146 2044 2223 ἐγγύς.
2121 2146 2373 2211 Δίνδυ
2388 2166 2481 2225 μα
2525 2145 2645 2223 ὄρη
2693 2149 2804 2223 τῆς
2848 2146 3175 2231 Τρῳάδος,

590 2249 706 2329 ἀφ’
749 2249 841 2313 ὧν
886 2240 1262 2326 Δίνδυμήνη
1306 2247 1345 2324 ἡ
1391 2248 1551 2312 Ῥέα.
1639 2248 1898 2327 Ἴδυμα
1941 2249 2127 2312 πόλις
2176 2248 2419 2325 Καρίας.
2508 2249 2756 2324 λέγεται
2809 2248 2909 2312 καὶ
2953 2248 3173 2328 Ἰδύμη.

489 2368 556 2415 20
592 2350 986 2428 Βούνειμα
1029 2349 1215 2413 πόλις
1246 2347 1578 2432 Ἠπείρου,
1624 2350 1842 2428 κτίςμα
1881 2349 2259 2431 Ὀδυςςέως,
2304 2350 2384 2426 ἣν
2429 2347 2625 2412 ἔκτιςε
2671 2349 2938 2427 πληςίον
2969 2350 3173 2428 Τραμ-

589 2453 782 2536 πύας,
850 2453 1064 2532 λαβὼν
1125 2451 1403 2529 χρηςμὸν
1469 2450 1677 2515 ἐλθεῖν
1733 2451 1899 2528 πρὸς
1954 2449 2193 2529 ἄνδρας
2250 2448 2358 2514 «οἳ
2413 2449 2533 2514 οὐκ
2585 2448 2743 2514 ἴςαςι
2798 2451 3110 2516 θάλαςςαν
3128 2476 3170 2513 ».

590 2557 746 2633 βοῦν
792 2552 912 2617 οὖν
956 2551 1143 2616 θύςας
1188 2551 1399 2616 ἔκτιςε.
1943 2616 1948 2619 .

759 2676 797 2709 ³*
840 2653 935 2717 Τὰ
992 2652 1080 2717 εἰς
1124 2654 1247 2716 W
1292 2652 1800 2733 ὑπερδιςύλλαβα
1844 2653 2029 2732 κύρια
2070 2654 2655 2735 προπαροξύνεται,
2711 2653 3170 2732 Ἀβάκαινον

588 2753 773 2820 πόλις
818 2754 1113 2832 (ικελική.
1199 2753 1238 2831 ἡ
1284 2756 1744 2834 παραλήγουςα
1801 2755 1908 2820 διὰ
1953 2756 2328 2835 διφθόγγου.
2417 2754 2914 2834 Τρικάρανον
2965 2756 3169 2836 φρού·

487 2878 552 2927 25
590 2877 731 2935 ριον
785 2860 898 2934 τῆς
949 2857 1263 2921 Φλιαςίας.
1365 2856 1755 2935 Θεόπομπος
1808 2864 2214 2939 πεντηκοςτῷ
2270 2858 2553 2939 πέμπτῳ.
2641 2856 2931 2937 Λίβανα
2985 2858 3172 2921 πόλις

588 2958 811 3037 (υρίας
854 2960 989 3022 ταῖς
1018 2959 1270 3036 Ἄτραις
1313 2959 1764 3048 γειτνιάζουςα.
1822 2958 2152 3037 Ἀρριανὸς
2179 2958 2521 3035 Παρθικῶν
2552 2957 2777 3042 ἐνάτῳ.
2837 2958 3170 3023 Κοςίανα

586 3061 907 3139 φρούριον
937 3059 1357 3137 Παλαιςτίνης
1387 3059 1458 3123 ἐν
1488 3065 1564 3144 τῇ
1594 3060 1875 3142 παραλίᾳ
1918 3063 2029 3137 τῆς
2059 3058 2296 3137 (υρίας.
2356 3060 2567 3137 Χάραξ
2598 3059 2859 3142 δεκάτῳ.
2905 3061 3168 3123 Ἵπανα

585 3161 771 3224 πόλις
825 3161 972 3238 περὶ
1029 3161 1430 3243 Καρχηδόνα,
1494 3159 1585 3225 ὡς
1636 3160 1964 3240 Πολύβιος
2009 3161 2246 3244 πρώτῃ.
2335 3161 2774 3240 Ἀγβάτανα
2828 3161 3167 3239 πολίχνιον

586 3261 823 3339 (υρίας.
897 3260 1247 3337 Ἡρόδοτος
1290 3261 1480 3344 τρίτῳ
1524 3262 1610 3343 (ο.
1643 3260 1725 3324 62
1756 3269 1821 3323 et
1852 3260 1979 3341 64).
2052 3261 2419 3339 Δημήτριος
2465 3261 2537 3324 δέ
2581 3281 2772 3341 φηςιν
2816 3262 3168 3341 Ἀγβάτανα

482 3382 549 3434 30
586 3353 792 3444 διττά,
846 3363 927 3426 τὰ
981 3363 1096 3440 μὲν
1149 3366 1260 3440 τῆς
1306 3363 1580 3444 Μηδίας,
1609 3393 1612 3398 ·
1640 3362 1718 3427 τὰ
1775 3364 1846 3426 δὲ
1902 3365 2012 3439 τῆς
2067 3361 2304 3440 (υρίας.
2396 3361 2650 3441 Κτηςίας
2705 3364 2777 3426 δὲ
2832 3366 3166 3442 πανταχοῦ

582 3469 713 3529 τῶν
765 3464 1095 3542 Περςικῶν
1148 3464 1229 3528 τὰ
1282 3464 1456 3543 παρὰ
1512 3465 1759 3542 Μήδοις
1812 3463 2163 3543 Ἀγβάτανα
2217 3464 2322 3528 διὰ
2376 3467 2493 3528 τοῦ
2549 3467 2590 3527 ἇ
2644 3462 2899 3543 γράφει.
2993 3464 3166 3541 παρὰ

583 3569 654 3630 δὲ
708 3568 844 3629 τοῖς
902 3563 1189 3643 ἀρχαίοις
1246 3567 1349 3629 διὰ
1402 3569 1520 3630 τοῦ
1576 3568 1607 3629 ἒ
1662 3567 1738 3629 τὸ
1795 3565 2125 3643 Περςικόν.
2210 3566 2385 3643 παρὰ
2423 3568 2512 3636 ,δὲ
2558 3566 2793 3644 Χάρακι
2852 3565 2954 3629 καὶ
3007 3565 3164 3642 αὕτη

583 3667 686 3730 διὰ
730 3669 847 3730 τοῦ
891 3668 954 3748 ἒ,
999 3668 1078 3744 ἣν
1123 3668 1227 3730 καὶ
1268 3667 1680 3747 Ἐπιφάνειάν
1728 3685 1880 3746 φαςι
1924 3669 2270 3743 κεκλῆςθαι.
2356 3666 2395 3745 ἡ
2442 3668 2514 3731 δὲ
2559 3668 2662 3731 διὰ
2705 3669 2822 3731 τοῦ
2865 3668 2901 3728 ι’(
2944 3667 3162 3745 γραφὴ

580 3766 880 3845 κρείττων
936 3767 1093 3850 ἐςτί,
1148 3772 1573 3847 παραιτοῦμαι
1632 3769 1703 3832 δὲ
1756 3768 1871 3845 τὴν
1929 3769 2035 3836 διὰ
2078 3771 2194 3832 τοῦ
2247 3770 2318 3851 Ῠ,
2374 3768 2535 3833 διότι
2592 3769 2732 3847 μήτι
2776 3770 3161 3844 παρακινδυ-

478 3873 541 3931 35
580 3869 751 3934 νεύει
804 3871 881 3934 τὸ
927 3855 966 3950 β
1011 3870 1437 3947 ὑποτετάχθαι
1481 3875 1573 3953 τῷ
1617 3872 1685 3950 γ,
1744 3868 1835 3932 ώς
1891 3868 2308 3933 ὑποτέτακται
2366 3870 2436 3933 ἐν
2492 3875 2584 3952 τῷ
2640 3869 2918 3948 λάγβατα
2961 3866 3162 3945 ὅρκια.

745 4091 781 4140 l.
815 4093 882 4141 23
926 4091 1092 4141 etiam
1136 4089 1226 4140 hic
1262 4105 1439 4139 canon
1485 4105 1553 4140 ex
1599 4090 1680 4140 St.
1716 4092 1777 4142 B.
1814 4090 1974 4140 fictus
2019 4095 2131 4154 est,
2178 4090 2271 4154 qui
2317 4107 2359 4141 s.
2400 4089 2729 4154 Ἀβάκαινον
2773 4083 3015 4140 tenuitur
3056 4088 3159 4138 hoc

576 4159 902 4210 vocabulum
938 4160 994 4208 in
1032 4159 1134 4207 hoc
1168 4157 1307 4207 libro
1346 4157 1663 4207 Catholicae
1702 4164 2182 4208 commemoratum
2219 4158 2416 4208 fuisse:
2458 4157 2784 4222 Ἀβάκαινον
2822 4157 2984 4208 πόλις
3009 4154 3156 4208 Cucc-

577 4225 725 4290 λίας,
780 4224 1092 4288 οὐδετέρως
1146 4225 1237 4275 καὶ
1290 4226 1807 4289 προπαροξυτόνως
1862 4225 1952 4276 καὶ
2004 4225 2039 4287 ἡ
2096 4223 2496 4289 παραλήγουςα
2547 4225 2638 4276 διὰ
2687 4224 3023 4288 διφθόγγου,
3078 4222 3156 4274 ὡς

577 4292 918 4357 Ἡρωδιανὸς
956 4290 1018 4342 ἐν
1054 4291 1488 4357 τριςκαιδεκάτῳ
1526 4292 1655 4356 περὶ
1672 4292 2027 4357 ·οὐδετέρων.
2099 4292 2249 4354 λέγει
2294 4292 2352 4343 δ’
2389 4292 2534 4344 εἶναι
2570 4291 2739 4343 πόλιν
2778 4290 3048 4355 Καρικήν,
3085 4289 3156 4353 ἣν

578 4361 762 4424 εὑρεῖν
797 4359 902 4412 οὐκ
938 4359 1312 4423 ἠδυνήθημεν.
1385 4358 1634 4411 (ικελῶν
1678 4360 1739 4412 δέ
1786 4359 1952 4424 μοῖρά
1996 4357 2080 4411 τίς
2126 4359 2302 4423 ἐςτιν,
2348 4360 2421 4410 ad
2457 4376 2508 4425 q.
2544 4360 2578 4409 1.
2613 4359 2853 4409 Meinek.
2898 4360 3154 4409 adnotat:
3263 4382 3268 4386 ·

577 4430 793 4478 videtur
827 4433 926 4478 aut
963 4429 1279 4492 Stephanus
1323 4435 1421 4478 aut
1455 4428 1804 4480 Herodianus
1852 4430 2052 4478 vitioso
2099 4427 2289 4477 codice
2334 4443 2467 4478 usus
2503 4443 2653 4489 esse,
2702 4428 2758 4476 in
2805 4442 2910 4490 quo
2951 4423 3154 4490 Καρική

576 4511 671 4560 pro
707 4493 962 4559 (ικελική
1000 4496 1264 4559 scriptum
1311 4495 1434 4545 fnit.
1505 4495 1775 4559 Equidem
1820 4497 1983 4561 posui
2019 4493 2273 4559 (ικελική
2318 4496 2511 4544 vitium
2556 4510 2663 4545 non
2708 4495 2777 4544 nb
2823 4494 3155 4550 Herodiano,

575 4563 673 4613 sed
709 4580 744 4612 a
778 4563 1001 4614 librario
1040 4564 1158 4613 eius
1192 4563 1501 4627 profectum
1537 4579 1659 4613 esse
1705 4563 2044 4614 existimans,
2116 4563 2299 4612 Etiam
2345 4561 2560 4627 reliqua
2605 4563 2786 4612 omnia
2832 4563 3050 4611 nomina
3087 4576 3154 4610 ex

575 4631 656 4680 st.
694 4631 755 4680 B.
794 4631 1157 4695 transscripta
1193 4637 1338 4680 sunt.
1386 4632 1471 4681 De
1508 4631 1784 4697 scriptura
1806 4647 1923 4682 voc.
1951 4628 2263 4695 Ἀγβάτανα
2302 4629 2505 4680 diserte
2531 4630 2789 4681 laudatur
2815 4627 3153 4694 Ἡρωδιανὸς

576 4693 638 4749 ἐν
672 4699 758 4764 τῷ
795 4697 923 4762 περὶ
960 4694 1273 4749 ςυντάξεως
1309 4695 1614 4764 ςτοιχείων.
