3664 5546
1175 403 1333 459 ΠΕΡΙ
1374 393 1764 459 ΚΑΘΟΛΙΚΗΕ
1799 401 2218 457 ΠΡΟΕΩιΔΙΑΕ
2259 403 2318 455 Η.
2901 399 3020 463 221

459 575 935 654 καταλήγουςαν
991 575 1223 640 ςπάνιά
1279 574 1460 658 εἰςιν,
1516 574 1836 656 ὀνοτὸς,
1888 572 2251 638 Μολοτός
2306 571 2493 637 ἔθνος
2557 573 2668 648 τῆς
2727 569 3024 649 Ἠπείρου

455 680 557 743 καὶ
599 679 799 744 τόπος
815 728 834 761 ,
879 677 967 742 δι’
1012 677 1161 742 ἑνὸς
1204 682 1240 742 τ
1282 679 1384 742 καὶ
1429 677 1797 758 Μολοττὸς,
1844 674 2148 754 ὀμοτὸς.
2208 676 2282 739 τὸ
2328 674 2542 754 μέντοι
2588 671 2881 751 ἄροτος
2924 673 3027 736 καὶ

457 780 719 860 βίοτος
762 780 1330 859 προπαροξύνεται.

622 883 717 948 Τὰ
758 882 847 948 εἰς
891 886 1013 947 ἧς’
1058 882 1563 962 ὑπερδιςύλλαβα
1606 880 2101 960 παραληγὸμενα
2146 881 2186 943 fi
2230 880 2449 959 βραχεῖ
2490 877 2672 956 κύρια
2715 875 2874 941 ὄντα
2919 882 3052 957 βα-,

457 986 743 1068 ρύνεται,
786 985 1131 1067 Ἔρυτος,
1175 985 1530 1066 Ἄνυτος,
1577 983 1918 1062 Εὔρυτος
1966 983 2313 1048 Μελανέως
2355 980 2593 1062 πατήρ,
2649 977 3083 1060 Αἴπυτος,5

454 1087 867 1170 Ὄρνυτος,
935 1086 1301 1151 Μάδυτος
1366 1085 1552 1152 πόλις
1616 1084 2082 1165 Ἑλληςποντία.
2191 1084 2513 1148 Ἑκαταῖος
2581 1081 2852 1165 Εὐρώπῃ
2926 1082 3026 1144 καὶ

455 1188 659 1254 ἄλλοι.
749 1190 996 1265 λέγεται
1050 1190 1154 1253 καὶ
1209 1188 1491 1252 Μάδυτα.
1577 1186 1920 1253 Ὤκυτος.
2018 1189 2349 1268 Ἄφυτος
2401 1185 2586 1249 πόλις
2640 1183 2922 1266 Θρᾴκης,
2986 1183 3025 1260 ἢ

456 1293 557 1355 καὶ
612 1290 849 1370 Ἀφύτη
904 1291 1006 1355 καὶ
1063 1277 1347 1372 Ἀφυτίς,
1401 1291 1721 1355 Ἄκυτος
1775 1293 1967 1367 νῆςος
2020 1290 2167 1367 περὶ
2223 1287 2547 1352 Κυδωνίαν
2600 1283 2712 1364 τῆς
2770 1285 3023 1364 Κρήτης.

459 1392 815 1472 πρὸςκειται
860 1393 1044 1471 κύρια
1100 1392 1204 1456 διὰ
1257 1393 1335 1456 τὰ
1389 1396 1641 1472 τριγενῆ
1699 1393 1872 1457 ἁπλᾶ
1928 1391 2117 1474 ὄντα,
2174 1390 2215 1452 ἃ
2269 1390 2590 1470 ὀξύνεται,
2648 1407 2751 1467 φο
2767 1386 3024 1468 ρυτὸς,

456 1495 800 1561 πινυτός.
865 1495 941 1559 τό
986 1495 1056 1558 δὲ
1094 1492 1382 1559 ἄλυτος
1428 1495 1730 1559 ςύνθετον
1775 1493 2345 1573 προπαροξύνεται.
2410 1491 2488 1556 τὰ
2533 1492 2604 1554 δὲ
2647 1489 3027 1568 τριςύλλαβα
3067 1500 3127 1552 10

455 1597 870 1678 ἐκτεταμένον
916 1597 993 1661 τὸ
1039 1599 1076 1660 U
1122 1596 1356 1674 ἔχοντα
1400 1596 1719 1680 ὀξύνεται,
1779 1596 2122 1674 Β,ηρυτὸς
2176 1596 2360 1660 πόλις
2403 1593 2730 1674 Φοινίκης,
2785 1612 3023 1655 κωκυ-

454 1699 614 1782 τὸς,
676 1699 1071 1777 Καρδυτός
1125 1699 1312 1763 πόλις
1367 1698 1587 1777 Εύρων
1640 1690 1916 1782 μεγάλη,
1987 1699 2077 1763 ὡς
2142 1696 2463 1761 Ἑκαταῖος
2527 1695 2598 1759 ἐν
2666 1693 3025 1772 περιηγήςει

454 1798 672 1866 Ἀςίας.
773 1801 1195 1883 βουλυτὸς,
1267 1801 1658 1881 Κορδυτὸς
1722 1801 1910 1865 πόλις
1965 1799 2365 1880 Παμφυλίας.
2464 1797 2784 1861 Ἑκαταῖος
2840 1795 3021 1877 Ἀςίᾳ.

453 1902 823 1982 γωρυτὸς.
916 1903 1310 1969 Κολλυτὸς
1378 1904 1416 1968 ὁ
1482 1904 1617 1969 υίὸς
1670 1904 1940 1984 Διὸμου.
2029 1902 2104 1966 τὸ
2171 1903 2241 1965 δὲ
2298 1899 2776 1981 Εεβέννυτος
2839 1897 3025 1962 πόλις

452 2004 772 2081 Αἰγύπτου
816 2006 919 2070 καὶ
963 2008 1147 2087 λιμὴν
1192 2007 1293 2071 καὶ
1337 2008 1624 2087 ποταμὸς
1681 2005 2236 2086 προπαροξύνεται
2291 2002 2680 2082 ύπερβαῑνον
2736 2001 2851 2078 τὴν
2895 2019 3023 2077 τρι-
3063 2013 3124 2063 15

452 2108 805 2189 ςυλλαβίαν.

618 2212 711 2276 Τὰ
756 2211 844 2276 εἰς
872 2216 993 2277 ἵει-ς
1037 2212 1418 2293 τριςύλλαβα
1463 2211 1959 2290 παραληγὸμενα
2002 2216 2093 2295 τῷ
2140 2214 2195 2274 ὤ
2239 2208 2558 2290 ὀξύνεται,
2603 2204 3022 2287 πτερωτός,

448 2314 886 2396 τορνωτός,
945 2315 1371 2398 χρυς.ωτὸς,
1428 2314 1810 2396 αύλωτὸς,
1868 2312 2245 2395 κηρωτός,
2292 2308 2723 2390 κροκωτός,
2781 2309 3022 2372 Βοιω-

449 2415 610 2498 τὸς,
665 2417 741 2480 ὃν
797 2416 1085 2492 γενέςθαι
1138 2418 1293 2496 φαςὶ
1346 2417 1600 2481 Ἰτώνου
1655 2419 1772 2479 τοῦ
1828 2414 2288 2494 Ἀμφικτύονος
2344 2417 2461 2478 τοῦ
2515 2411 2835 2489 νεωτέρου
2890 2414 3021 2475 τῶν

448 2515 901 2583 Δευκαλίωνος
958 2519 1059 2583 καὶ
1100 2518 1362 2597 Πύρρας
1412 2518 1678 2582 παίδων.
1770 2516 2190 2595 Νικόςτρατος
2245 2516 2316 2580 δέ
2370 2535 2590 2596 φηςιν,
2646 2514 2742 2577 ὅτι
2796 2512 3022 2577 Ποςει-
3057 2527 3125 2576 20

451 2619 660 2682 δῶνος
706 2620 807 2683 καὶ
847 2621 1079 2699 Ἄρνης
1122 2619 1202 2699 ἦν
1247 2623 1413 2683 παῖς.
1502 2619 1839 2699 Εὐφορίων

572 2733 582 2742 ·
784 2714 788 2720 ’
853 2720 1028 2802 ὄφρα
1073 2741 1141 2786 κε
1187 2720 1562 2801 μαντεύοιτο
1608 2721 1751 2802 μεθ’
1795 2720 1956 2787 υἱάςι
2004 2722 2352 2803 Βοιωτοῑο,

851 2824 966 2887 τὸν
1014 2823 1095 2903 ῥα
1135 2824 1538 2889 Ποςειδάωνι
1583 2825 2018 2904 δαμαςςαμένη
2063 2824 2241 2889 τέκεν
2284 2825 2511 2913 Ἄρνη,

854 2926 1140 2991 Βοιωτὸν
1186 2925 1252 2990 δ’
1296 2925 1588 3005 ὀνόμηνε.
1676 2927 1752 2991 τό
1796 2927 1918 3005 γὰρ
1964 2927 2312 2992 καλέςαντο
2356 2928 2619 3007 νομῆες,

850 3027 984 3092 ὅττι
1030 3027 1111 3106 ῥα
1153 3030 1475 3112 πατρῲῃςι
1523 3034 1695 3111 βοῶν
1741 3029 2104 3107 ἀπεθήκατο
2149 3030 2430 3107 κόπροις.
3053 3041 3120 3089 25

448 3129 549 3193 καὶ
593 3128 925 3208 Εὐριπίδης
971 3131 1126 3196 «τὸν
1172 3131 1239 3196 δ’
1283 3129 1445 3210 ἀμφὶ
1490 3135 1642 3210 βοῦς
1686 3130 1954 3212 ῥιφέντα
1985 3133 2269 3196 Βοιωτὸν
2315 3133 2589 3195 καλεῖν».
2647 3130 2722 3194 τὸ
2769 3129 3019 3194 ἐθνικὸν

448 3230 674 3310 ὅμοιον
723 3232 1019 3298 Βοιωτὸς.
1067 3232 1507 3297 Ἀποδωτὸς
1553 3233 1743 3299 ἔθνος
1772 3233 2092 3298 Αἰτωλίας.
2141 3232 2536 3311 Θουκυδίδης
2581 3230 2755 3315 τρίτῃ
2786 3228 2873 3313 (ο.
2906 3230 3017 3315 94)

450 3332 827 3412 «ἐπιχειρεῖν
883 3336 950 3399 δ’
994 3335 1293 3399 ἐκέλευον
1336 3341 1598 3415 πρῶτον
1657 3337 1770 3416 μὲν
1817 3337 2240 3419 Ἀποδωτοῖς,
2294 3334 2514 3399 ἔπειτα
2558 3334 2958 3415 Ὀφιονεῦςιν
2973 3357 3016 3396 ».

450 3435 884 3514 Ἀραχωτὸς
929 3439 1214 3516 ποταμὸς
1260 3438 1514 3516 Ἰνδικῆς
1560 3437 1726 3517 ῥέων
1773 3438 1903 3503 ἀπὸ
1954 3436 2308 3521 Καυκᾶςου,
2366 3438 2455 3502 ὡς
2498 3436 2874 3517 Φαβωρῖνος
2918 3436 3020 3499 καὶ

448 3534 745 3623 ζτράβων
791 3538 1091 3623 ἑνδεκάτῃ
1136 3541 1228 3623 (p.
1274 3538 1443 3622 513).
1531 3542 1633 3605 καὶ
1686 3540 1805 3605 ἀπ’
1860 3542 2060 3606 αὐτοῦ
2105 3540 2449 3621 Ἀραχωτοί
2505 3539 2689 3603 πόλις
2745 3539 3014 3616 Ἰνδικῆς.
3053 3550 3120 3601 30

448 3638 560 3702 εἰςὶ
614 3641 715 3703 καὶ
769 3638 955 3704 ἄλλοι
1010 3642 1276 3720 πληςίον
1325 3642 1752 3720 Μαςςαγετῶν
1811 3644 1901 3708 ῶς
1957 3642 2253 3724 Ετράβων
2298 3641 2615 3726 ἑνδεκάτῃ.
2703 3645 2895 3719 διχῶς
2946 3641 3017 3703 δὲ

582 3896 617 3946 1.
658 3899 682 3946 1
722 3895 983 3948 Μολοτός
1022 3896 1243 3963 explevi
1277 3914 1344 3949 ex
1381 3900 1459 3949 St.
1493 3901 1578 3962 Β.,
1615 3900 1763 3965 apud
1800 3916 1960 3966 quem
1985 3901 2295 3952 Meinekins
2333 3897 2630 3952 Μολοττὸς
2666 3898 3014 3951 inserendum

446 3980 568 4015 esse
594 3970 746 4015 recte
773 3965 1056 4024 iudicavit,
1083 3964 1290 4028 ὀμοτὸς
1315 3969 1551 4019 accessit
1574 3984 1638 4017 ex
1665 3970 1911 4035 Theogn.
1939 3972 2021 4033 75,
2046 3973 2129 4019 29.
2235 3969 2270 4025 l.
2295 3970 2326 4017 5
2363 3967 2605 4033 Εὔρυτος
2631 3967 2814 4031 recepi
2840 3982 2906 4015 ex
2935 3968 3014 4016 St.

448 4035 534 4096 B.,
572 4034 743 4085 habet
776 4034 946 4083 etiam
982 4035 1045 4083 Ε.
1082 4035 1152 4087 Μ.
1192 4038 1275 4097 37,
1310 4037 1372 4085 31
1421 4033 1500 4087 ὡς
1538 4034 1703 4100 εὐρύς
1742 4036 2012 4102 Εὔρυτος,
2059 4036 2244 4088 οὕτως
2283 4034 2457 4088 Αἰπύς
2495 4034 2756 4086 Αἴπυτος.
2794 4062 2858 4069 ψ
2897 4032 3014 4085 Μά-

444 4100 611 4153 δυτος
657 4118 725 4152 ex
768 4102 1014 4168 Theogn.
1049 4104 1140 4165 75,
1177 4106 1242 4153 33
1289 4103 1494 4166 adieci,
1538 4106 1632 4154 ubi
1678 4107 1826 4155 inter
1876 4108 2097 4156 nomina
2141 4109 2174 4156 ῦ
2229 4106 2382 4155 brevi
2437 4103 2728 4170 praefinita
2781 4101 3015 4151 relatum

444 4171 600 4233 gravi
635 4171 897 4221 donatum
932 4175 1043 4233 est,
1091 4186 1179 4236 ap.
1220 4172 1303 4220 St.
1339 4171 1402 4220 B.
1442 4178 1635 4222 eontra
1671 4171 1935 4226 Μαδυτὸς
1973 4179 2151 4227 acuto,
2223 4171 2459 4223 Ὤκυτος
2506 4178 2594 4221 est
2640 4186 2706 4221 ex
2743 4169 3012 4233 Theogn.,

443 4236 695 4302 Ἀφυτος
732 4255 799 4289 ex
839 4238 920 4297 St.
954 4239 1046 4301 Β.,
1082 4240 1215 4291 item
1250 4237 1504 4290 Ἀκυτος.
1540 4268 1607 4276 -—
1647 4238 1898 4305 Βηρυτὸς
1937 4232 2155 4306 explevi
2201 4258 2266 4291 ex
2303 4241 2382 4290 St.
2421 4243 2507 4302 Β.,
2562 4239 2658 4289 ubi
2702 4238 2794 4287 hic
2838 4253 3015 4287 canon

445 4306 527 4357 sie
560 4308 863 4372 profertur:
903 4305 1153 4372 Βηρυτὸς
1188 4305 1445 4358 ὀξύνεται
1482 4306 1561 4360 ὡς
1597 4308 1962 4373 τριςύλλαβον
1998 4308 2088 4360 καὶ
2126 4307 2340 4373 μακρὸν
2387 4307 2498 4370 ἔχει
2540 4305 2610 4357 τὸ
2648 4309 2681 4357 ῦ
2719 4304 2797 4356 ὡς
2834 4318 3012 4357 κωκυ-

444 4372 568 4438 τὸς,
609 4374 892 4441 γωρυτὸς,
934 4373 1215 4440 Καρδυτός
1261 4374 1438 4427 πόλις.
1509 4374 1578 4426 τὸ
1617 4375 1958 4439 Εεβέννυτος
2002 4375 2464 4441 τετραςύλλαβον.
2499 4402 2566 4410 —-
2605 4371 2886 4438 Καρδυτός
2921 4389 3014 4422 ex·

445 4442 593 4506 plevi
627 4461 695 4494 ex
734 4445 814 4495 St.
850 4446 937 4507 Β.,
978 4461 1045 4495 ex
1080 4445 1185 4494 hoe
1220 4445 1488 4495 vocabulo
1524 4451 1837 4510 corruptum
1873 4445 2095 4495 videtur
2138 4444 2340 4509 ἄρυτος
2376 4460 2465 4508 ap.
2501 4443 2773 4508 Theogn.;
2814 4440 3013 4505 Κορδυ-

444 4507 543 4561 τὸς
579 4514 812 4577 apposui
848 4528 916 4563 ex
953 4511 1031 4564 St.
1070 4513 1132 4563 B.
1171 4517 1230 4562 et
1266 4513 1528 4577 Theogn.‚
1565 4511 1823 4577 γωρυτὸς
1861 4530 1927 4563 ex
1965 4514 2043 4563 St.
2081 4515 2144 4563 B.
2184 4529 2226 4563 s.
2264 4509 2540 4577 Βηρυτὸς,
2589 4511 2735 4560 unde
2781 4514 3012 4575 apparet

448 4583 591 4629 recte
645 4581 981 4632 Lobeckium
1024 4581 1190 4632 Proll.
1237 4584 1338 4632 389
1393 4578 1611 4644 ὠρυτὸς
1665 4597 1753 4646 ap.
1802 4582 2048 4647 Theogn.
2102 4598 2167 4632 ex
2219 4578 2477 4644 γωρυτὸς
2528 4583 2835 4643 corruptum
2887 4593 3010 4628 esse

446 4644 744 4709 indicasse,
790 4648 1069 4701 Κολλυτός
1106 4666 1173 4700 ex
1207 4650 1453 4715 Theogn.
1490 4654 1546 4699 et
1584 4651 1663 4699 St.
1700 4650 1761 4700 Β.
1798 4652 1914 4708 231,
1953 4653 2033 4709 13,
2069 4651 2164 4699 nbi
2200 4654 2384 4699 tamen
2426 4647 2707 4700 Κὸλλυτος
2753 4647 3012 4711 seriptum

446 4719 556 4775 est,
594 4714 929 4779 Εεβέννυτος
957 4718 1171 4783 explevi
1196 4735 1262 4768 ex
1287 4720 1367 4769 St.
1396 4721 1456 4769 B.
1482 4734 1524 4768 s.
1553 4734 1604 4769 v.
1707 4717 1741 4772 l.
1773 4721 1835 4769 17
1871 4717 2167 4782 πτερωτός
2191 4734 2312 4767 eum
2335 4718 2472 4770 Lob.
2497 4716 2662 4767 Proll.
2685 4718 2781 4766 391
2811 4720 2922 4764 not.
2949 4717 3012 4765 18

446 4797 544 4845 pro
570 4783 862 4848 περνωτὸς
886 4787 1104 4836 Arcadii
1129 4790 1186 4836 et
1210 4785 1468 4851 περωτός
1492 4787 1738 4851 Theogn.
1762 4789 1827 4838 76
1851 4788 2072 4852 seripsi;
2098 4784 2376 4848 αὐλωτός,
2402 4783 2659 4849 κηρωτὸς
2685 4800 2751 4834 ex
2771 4784 3011 4847 Theogn.

447 4849 654 4913 adieci,
692 4853 978 4916 κροκωτός
1013 4872 1079 4904 ex
1116 4855 1194 4904 St.
1232 4856 1292 4908 B.
1330 4858 1454 4913 227,
1495 4857 1552 4904 11
1593 4854 1887 4919 κροκωτὸν
1923 4854 2132 4907 πεδίον.
2182 4853 2431 4906 Βοιωτὸς
2467 4853 2685 4919 explevi
2721 4869 2787 4902 ex
2826 4854 2902 4903 St.
2928 4854 3009 4917 Β.,

449 4914 774 4971 Ἀποδωτὸς
794 4922 980 4973 addidi
1000 4938 1066 4971 ex
1088 4924 1185 4985 St„
1213 4924 1357 4987 apud
1384 4939 1540 4988 quem
1566 4922 1895 4975 Ἀποδωτὸν
1922 4922 1999 4975 ὡς
2020 4922 2284 4985 Βοιωτοί;
2313 4940 2380 4974 ex
2404 4924 2592 4973 eodem
2615 4920 3010 4985 Ἀραχωτὸε-
