3664 5546
1539 438 1668 487 PRA
1680 440 1956 487 EFATIO.
2855 440 3035 489 CCXV

456 601 580 685 ipsi
627 607 926 663 auctores
971 606 1188 661 essent
1246 595 1526 659 adiicere
1570 615 1695 657 non
1755 593 2142 658 dubitarunt
2199 604 2531 679 sperantes
2584 595 3033 681 posteritatem

455 700 646 766 fidem
695 701 820 763 sibi
867 722 995 763 non
1042 697 1478 761 detracturam
1526 719 1688 759 esse.
1767 697 1858 759 At
1902 695 2150 759 frustra.
2194 706 2366 759 sunt.
2442 695 2517 759 In
2560 695 2662 759 his
2708 718 3031 781 gramma-

456 804 601 868 ticis
649 825 790 866 esse
837 799 1202 865 Zenobium
1248 800 1388 862 sive
1433 796 1841 862 Zenodotum
1898 798 2173 884 exposui
2231 799 2297 860 in
2354 799 2894 864 commentatione
2950 798 3033 862 de

453 904 814 969 Herodiani
883 925 1030 966 cum
1085 899 1420 966 Zenodoto
1479 899 1959 965 necessitudine
2014 898 2350 983 Philologo
2410 900 2581 964 XXI
2636 923 2698 986 p.
2758 901 2883 965 385
2940 901 3035 963 in-

452 1017 658 1086 serta,
706 1026 905 1091 supra
946 1003 1352 1069 Methodium
1397 1001 1630 1066 similis
1675 1000 1837 1066 furti
1880 1002 2171 1087 coargui.

622 1108 966 1173 Caeterum
1023 1104 1176 1167 mihi
1233 1126 1360 1168 non
1419 1102 1503 1167 ab
1570 1103 1756 1168 initio
1811 1104 1995 1168 licuit
2054 1103 2522 1169 Gaisfordiano
2584 1104 3033 1190 Etymologico

451 1211 581 1291 uti,
629 1208 746 1273 sed
792 1190 928 1274 tum
975 1207 1268 1287 demum,
1315 1228 1515 1293 quum
1561 1229 1722 1292 opus
1753 1229 1966 1270 meum
2013 1205 2149 1270 fere
2197 1204 2561 1271 absolutum
2610 1218 2779 1287 erat3
2830 1230 3034 1293 quare

449 1336 581 1378 non
626 1311 894 1397 ubique,
951 1308 1067 1373 sed
1113 1309 1192 1372 iis
1241 1319 1492 1373 tantum
1541 1307 1734 1389 locis,
1794 1308 1910 1373 ubi
1956 1309 2237 1373 maxime
2283 1310 2720 1373 necessarium
2766 1308 3031 1374 videba-

449 1426 589 1495 tur,
636 1402 780 1477 ⁸cum
828 1410 1274 1498 Sylburgiano
1321 1408 1676 1497 exemplari
1723 1409 1992 1474 contuli.

619 1516 983 1580 Zonarac
1029 1512 1301 1576 Photii
1361 1511 1651 1576 Suidae
1706 1510 1921 1575 lexica
1978 1536 2187 1598 pauca
2232 1512 2647 1578 Herodianea
2703 1514 3034 1579 continere

447 1620 514 1682 in
561 1627 938 1682 transcursu
983 1636 1250 1680 monens
1294 1623 1480 1678 verto
1525 1636 1626 1677 me
1670 1612 1756 1677 ad
1802 1614 2241 1680 Eustathium.

1456 1868 1560 1933 De
1604 1867 2017 1935 Eustathio.

619 2025 718 2089 De
765 2020 1090 2087 Eustathii
1138 2020 1428 2085 fontibus
1475 2021 1844 2107 nuperrime
1890 2024 2197 2108 exposuit
2241 2024 2339 2087 La
2384 2024 2602 2090 Roche
2648 2025 2755 2092 die
2798 2028 3033 2093 Home·

443 2126 660 2193 rische
715 2122 1178 2187 Texteskritik
1249 2145 1438 2209 quem
1508 2124 1574 2185 in
1632 2123 1711 2186 iis
1765 2122 1985 2205 libris,
2047 2148 2208 2212 quos
2270 2126 2656 2193 Eustathius
2716 2129 3034 2213 adhibuit,

444 2228 846 2315 Stephanum
906 2224 1302 2311 Byzantium
1358 2247 1735 2289 enumerare
1791 2225 2061 2290 oblitum
2121 2250 2266 2291 esse
2330 2228 2745 2295 vehementer
2812 2233 3030 2297 miror.

445 2370 524 2377 --
592 2329 863 2394 Praeter
929 2326 1326 2412 Stephanum
1394 2326 1817 2411 Byzantium,
1881 2328 2140 2393 Scholia
2204 2329 2555 2394 Homerica
2622 2343 2687 2396 et
2752 2332 3030 2398 Choero-

442 2435 712 2499 boscum
759 2431 964 2516 ipsius
1001 2428 1354 2492 llerodiani
1388 2430 1633 2515 scripta
1676 2431 1740 2493 in
1788 2430 2089 2495 manibus
2135 2432 2366 2496 habuit
2410 2432 2825 2515 Eustathius‚
2873 2458 3029 2521 prae

443 2535 713 2600 caeteris
762 2530 1196 2607 Catholicam‚
1254 2530 1710 2595 Onomaticum
1768 2542 1830 2595 et
1876 2531 2358 2615 Rhematicum‚
2417 2556 2501 2597 ex
2556 2536 2792 2621 quibus
2854 2537 3029 2602 haud

441 2633 812 2723 spernenda
853 2633 1223 2717 fragmenta
1267 2633 1685 2696 Herodianea
1728 2634 2040 2698 servavit.
2144 2634 2269 2699 Sed
2317 2659 2514 2721 quum
2571 2635 2637 2699 in
2699 2637 2812 2720 iis,
2860 2660 3026 2725 quae

441 2739 684 2804 diserte
728 2734 1092 2801 Herodiani
1137 2757 1280 2798 esse
1324 2735 1592 2818 asserit,
1641 2746 1776 2801 tum
1822 2736 1887 2799 in
1934 2735 2045 2816 iis,
2095 2758 2259 2822 quae
2305 2759 2385 2802 ex
2416 2736 2794 2804 Herodiano
2824 2741 3027 2826 petita

441 2863 585 2906 esse
651 2839 968 2925 suspicari
1035 2836 1190 2902 licet
1251 2837 1427 2922 (nam
1483 2859 1678 2922 saepe
1737 2860 1811 2902 eo
1869 2840 2075 2901 utitur
2131 2841 2389 2903 nomine
2448 2842 2716 2926 tacito),
2774 2865 3027 2908 summa

440 2944 657 3008 cautio
703 2939 1080 3005 adhibenda
1125 2950 1254 3020 est,
1313 2961 1464 3002 nam
1520 2960 1665 3003 eum
1724 2961 1868 3004 esse
1923 2951 2253 3006 auctorem
2306 2939 2482 3006 haud
2539 2965 2815 3027 magnae
2873 2944 3022 3009 fidei

439 3044 736 3135 pluribus
782 3042 1101 3128 exemplis
1135 3040 1422 3107 ostendit
1453 3040 1759 3105 Lehrsius
1796 3040 1878 3104 de
1910 3042 2274 3107 Aristarchi
2308 3044 2540 3109 studiis
2587 3067 2652 3130 p.
2682 3046 2765 3110 33
2797 3046 2897 3110 ed.
2931 3047 3022 3111 II.

441 3147 826 3212 Doctrinam
872 3144 1044 3207 enim
1074 3142 1435 3208 Herodiani
1481 3144 1742 3229 saepius
1788 3165 2023 3230 parum
2066 3153 2239 3209 recte
2269 3144 2589 3210 intellexit
2618 3170 2826 3234 neque
2858 3150 3020 3213 satis

438 3256 744 3313 accurate
788 3247 927 3310 eius
975 3246 1365 3310 sententiam
1409 3243 1632 3309 retulit
1681 3246 1794 3329 (cf.
1828 3267 1884 3308 e.
1916 3268 1981 3329 g.
2028 3246 2109 3310 de
2137 3249 2386 3314 Ἄθωο(
2432 3258 2495 3312 et
2538 3248 2754 3333 ἀθῷος
2798 3272 2863 3335 p.
2894 3251 3020 3314 358

438 3365 639 3432 extr„
688 3349 769 3413 de
798 3349 1070 3428 Τροιζὴν
1117 3371 1177 3433 p.
1207 3348 1353 3427 287,
1393 3347 1490 3428 10,
1539 3346 1620 3410 de
1666 3349 1912 3426 ἑορτών
1944 3371 2005 3432 p.
2046 3349 2230 3431 1698,
2264 3350 2346 3414 25
2375 3349 2522 3414 coll.
2570 3350 2806 3418 Choer.
2840 3352 3016 3417 Dict.

437 3452 592 3532 295,
638 3452 772 3536 30).
863 3449 1169 3535 Sequitur
1215 3461 1432 3513 autem
1486 3458 1748 3535 praeter
1793 3450 2246 3515 Herodianum
2300 3453 2497 3516 etiam
2555 3451 2716 3517 alios
2761 3452 3019 3518 Aelium

433 3553 860 3639 Dionysium,
912 3551 1314 3615 Herennium
1363 3550 1731 3630 Philonem,
1781 3551 2242 3637 Philoponum,
2290 3554 2374 3618 cf.
2420 3577 2475 3618 e.
2522 3577 2583 3639 g.
2633 3554 2713 3619 de
2758 3555 3020 3622 diversa

437 3654 845 3742 propriorum
901 3664 966 3717 et
1020 3651 1454 3739 epithetorum
1513 3662 1579 3720 et
1633 3651 2173 3739 appellativorum
2234 3657 2442 3720 tonosi
2499 3679 2561 3742 p.
2609 3657 2767 3736 906,
2814 3658 2898 3721 42
2955 3669 3020 3722 et

443 3757 627 3836 1967,
681 3756 773 3819 19.
836 3754 1020 3836 Quae
1065 3757 1360 3841 quamvis
1408 3751 1746 3818 lectionem
1791 3766 1857 3820 et
1902 3767 2166 3842 propter
2207 3756 2443 3823 molem
2474 3757 2623 3823 libri
2657 3768 2723 3822 et
2750 3768 3020 3845 propter

435 3858 663 3923 rudem
717 3857 1116 3941 farraginem
1185 3857 1526 3920 insuavem
1587 3856 1946 3942 impediant
2004 3857 2648 3946 iniucundioremque
2716 3860 3013 3942 reddant,

437 3973 651 4025 tamen
694 3982 776 4034 ne
817 3959 967 4045 quid
1007 3957 1403 4022 Herodianei
1442 3959 2098 4043 praetermitteretur,
2146 3960 2476 4025 Eustathii
2517 3963 3012 4026 commentarios

435 4063 522 4126 ad
566 4062 922 4127 Homerum
978 4070 1043 4123 et
1089 4060 1479 4145 Dionysium
1525 4060 1908 4144 Periegcten
1954 4060 2366 4148 pervolutavi
2421 4086 2547 4127 non
2603 4065 2742 4128 sine
2794 4062 3012 4148 aliquo

435 4175 609 4230 certe
655 4163 1014 4229 Herodiani
1058 4160 1513 4227 emolumento.

603 4367 940 4432 Postremo
986 4368 1069 4431 de
1115 4365 1391 4432 Scholiis
1438 4366 1506 4429 in
1550 4368 1766 4432 varios
1813 4368 2165 4455 scriptores
2210 4368 2368 4431 mihi
2414 4369 2761 4433 dicendum
2806 4379 2926 4434 est.

603 4467 928 4534 Scholia
984 4469 1080 4533 ad
1136 4469 1554 4533 Homerum
1623 4480 1880 4554 praeter
1947 4469 2323 4533 Prosodiam
2381 4470 2794 4535 Homericam
2865 4493 3010 4534 con-

436 4573 644 4637 tinent
709 4570 906 4634 etiam
970 4581 1321 4657 praecepta
1375 4571 1736 4635 llerodiani
1803 4593 1886 4635 ex
1952 4571 2096 4634 aliis
2153 4574 2444 4658 scripti8‚
2513 4574 2860 4658 praecipue
2925 4597 3011 4637 ex

437 4672 775 4739 Catholica
827 4672 1063 4758 petita,
1122 4673 1521 4738 Scholiastae
1576 4672 1660 4736 ad
1715 4672 2151 4737 Hesiodum
2205 4684 2555 4760 praecepta
2608 4683 2760 4738 ante
2804 4674 3008 4738 Hero-

437 4775 613 4839 diani
669 4785 970 4860 tempora
1022 4777 1387 4861 perscripta
1440 4775 1644 4838 fuisse
1704 4774 2065 4839 arbitratus
2122 4787 2223 4840 est
2277 4773 2517 4841 Miitzel
2564 4775 2811 4859 Theog.
2858 4777 3006 4858 342,

437 4876 550 4941 sed
595 4888 1012 4963 praeceptum
1058 4876 1139 4941 de
1183 4877 1461 4957 ἀγαυρόε
1505 4877 1575 4940 in
1618 4875 1835 4943 Schol.
1867 4876 1951 4942 ad
1984 4876 2232 4963 Theog.
2266 4878 2389 4942 832
2433 4900 2564 4942 non
2607 4863 2755 4942 ante
2798 4876 3006 4945 Hero·
