<?xml version="1.0" encoding="UTF-8"?>
<!DOCTYPE html PUBLIC "-//W3C//DTD XHTML 1.0 Transitional//EN"
    "http://www.w3.org/TR/xhtml1/DTD/xhtml1-transitional.dtd">
<html xmlns="http://www.w3.org/1999/xhtml" xml:lang="en" lang="en">
 <head>
  <title>
</title>
<meta http-equiv="Content-Type" content="text/html;charset=utf-8" />
  <meta name='ocr-system' content='tesseract 3.04.00' />
  <meta name='ocr-capabilities' content='ocr_page ocr_carea ocr_par ocr_line ocrx_word'/>
</head>
<body>
  <div class='ocr_page' id='page_1' title='image "./grammaticigraec02unkngoog_0590.png"; bbox 0 0 3664 5546; ppageno 0'>
   <div class='ocr_carea' id='block_1_1' title="bbox 611 310 2264 379">
    <p class='ocr_par' dir='ltr' id='par_1_1' title="bbox 611 310 2264 379">
     <span class='ocr_line' id='line_1_1' title="bbox 611 310 2264 379; baseline -0.006 -7"><span class='ocrx_word' id='word_1_1' title='bbox 611 315 738 379; x_wconf 85' lang='lat'>344</span> <span class='ocrx_word' id='word_1_2' title='bbox 1549 313 1631 367; x_wconf 86' lang='grc' dir='ltr'>εκ</span> <span class='ocrx_word' id='word_1_3' title='bbox 1672 311 1811 379; x_wconf 66' lang='lat' dir='ltr'>mm</span> <span class='ocrx_word' id='word_1_4' title='bbox 1855 310 2264 365; x_wconf 76' lang='grc' dir='ltr'>ΗΡΩΔΙΑΝοΥ</span> 
     </span>
    </p>
   </div>
   <div class='ocr_carea' id='block_1_2' title="bbox 435 479 3266 1985">
    <p class='ocr_par' dir='ltr' id='par_1_2' title="bbox 611 479 3203 873">
     <span class='ocr_line' id='line_1_2' title="bbox 780 479 3202 566; baseline -0.002 -16"><span class='ocrx_word' id='word_1_5' title='bbox 780 485 874 550; x_wconf 89' lang='grc' dir='ltr'>Τὰ</span> <span class='ocrx_word' id='word_1_6' title='bbox 917 484 1006 549; x_wconf 86' lang='grc' dir='ltr'>εἰς</span> <span class='ocrx_word' id='word_1_7' title='bbox 1053 488 1132 563; x_wconf 69' lang='lat' dir='ltr'>’fn‘</span> <span class='ocrx_word' id='word_1_8' title='bbox 1179 482 1522 565; x_wconf 92' lang='grc' dir='ltr'>διςύλλαβα</span> <span class='ocrx_word' id='word_1_9' title='bbox 1566 481 1902 566; x_wconf 84' lang='grc' dir='ltr'>διφθόγγῳ</span> <span class='ocrx_word' id='word_1_10' title='bbox 1947 481 2446 561; x_wconf 91' lang='grc' dir='ltr'>παραληγόμενα</span> <span class='ocrx_word' id='word_1_11' title='bbox 2492 479 2860 562; x_wconf 87' lang='grc' dir='ltr'>βαρύνεται,</span> <span class='ocrx_word' id='word_1_12' title='bbox 2908 482 3202 560; x_wconf 90' lang='grc' dir='ltr'>βλαύτη</span> 
     </span>
     <span class='ocr_line' id='line_1_3' title="bbox 611 582 3203 669; baseline -0.003 -16"><span class='ocrx_word' id='word_1_13' title='bbox 611 588 787 653; x_wconf 82' lang='grc' dir='ltr'>εἶδος</span> <span class='ocrx_word' id='word_1_14' title='bbox 818 587 1260 669; x_wconf 86' lang='grc' dir='ltr'>ὑποδήματος,</span> <span class='ocrx_word' id='word_1_15' title='bbox 1303 585 1599 664; x_wconf 88' lang='grc' dir='ltr'>Προίτη</span> <span class='ocrx_word' id='word_1_16' title='bbox 1630 585 1669 664; x_wconf 88' lang='grc' dir='ltr'>ἡ</span> <span class='ocrx_word' id='word_1_17' title='bbox 1701 585 1919 667; x_wconf 93' lang='grc' dir='ltr'>πόλις,</span> <span class='ocrx_word' id='word_1_18' title='bbox 1963 584 2212 667; x_wconf 86' lang='grc' dir='ltr'>κοίτη,</span> <span class='ocrx_word' id='word_1_19' title='bbox 2259 582 2530 661; x_wconf 92' lang='grc' dir='ltr'>δροίτη</span> <span class='ocrx_word' id='word_1_20' title='bbox 2563 583 2602 662; x_wconf 84' lang='grc' dir='ltr'>ἡ</span> <span class='ocrx_word' id='word_1_21' title='bbox 2633 582 2903 664; x_wconf 87' lang='grc' dir='ltr'>πύελος,</span> <span class='ocrx_word' id='word_1_22' title='bbox 2950 583 3203 665; x_wconf 90' lang='grc' dir='ltr'>λοίτη,</span> 
     </span>
     <span class='ocr_line' id='line_1_4' title="bbox 613 683 3203 767; baseline -0.002 -14"><span class='ocrx_word' id='word_1_23' title='bbox 613 688 800 767; x_wconf 88' lang='grc' dir='ltr'>Οἴτη</span> <span class='ocrx_word' id='word_1_24' title='bbox 846 688 1003 766; x_wconf 88' lang='grc' dir='ltr'>ὄρος</span> <span class='ocrx_word' id='word_1_25' title='bbox 1045 688 1191 766; x_wconf 89' lang='grc' dir='ltr'>περὶ</span> <span class='ocrx_word' id='word_1_26' title='bbox 1235 688 1532 766; x_wconf 85' lang='grc' dir='ltr'>Τραχῖνα.</span> <span class='ocrx_word' id='word_1_27' title='bbox 1623 688 1746 751; x_wconf 63' lang='lat' dir='ltr'>{cn</span> <span class='ocrx_word' id='word_1_28' title='bbox 1792 686 1896 750; x_wconf 80' lang='grc' dir='ltr'>καὶ</span> <span class='ocrx_word' id='word_1_29' title='bbox 1938 685 2125 749; x_wconf 86' lang='grc' dir='ltr'>πόλις</span> <span class='ocrx_word' id='word_1_30' title='bbox 2171 684 2488 763; x_wconf 90' lang='grc' dir='ltr'>Μηλιέων.</span> <span class='ocrx_word' id='word_1_31' title='bbox 2566 683 2785 763; x_wconf 89' lang='grc' dir='ltr'>βαίτη</span> <span class='ocrx_word' id='word_1_32' title='bbox 2831 686 2870 763; x_wconf 85' lang='grc' dir='ltr'><strong>ἡ</strong></span> <span class='ocrx_word' id='word_1_33' title='bbox 2917 685 3203 764; x_wconf 81' lang='grc' dir='ltr'>διφθέρα.</span> 
     </span>
     <span class='ocr_line' id='line_1_5' title="bbox 615 786 3145 873; baseline -0.003 -17"><span class='ocrx_word' id='word_1_34' title='bbox 615 790 837 869; x_wconf 92' lang='grc' dir='ltr'>δαίτη</span> <span class='ocrx_word' id='word_1_35' title='bbox 881 789 920 866; x_wconf 85' lang='grc' dir='ltr'><strong>ἡ</strong></span> <span class='ocrx_word' id='word_1_36' title='bbox 969 788 1220 868; x_wconf 87' lang='grc' dir='ltr'>εὐωχία.</span> <span class='ocrx_word' id='word_1_37' title='bbox 1308 790 1383 853; x_wconf 88' lang='grc' dir='ltr'>τὸ</span> <span class='ocrx_word' id='word_1_38' title='bbox 1430 789 1502 852; x_wconf 81' lang='grc' dir='ltr'>δὲ</span> <span class='ocrx_word' id='word_1_39' title='bbox 1545 788 1873 867; x_wconf 89' lang='grc' dir='ltr'>τελευτή</span> <span class='ocrx_word' id='word_1_40' title='bbox 1918 786 2354 867; x_wconf 91' lang='grc' dir='ltr'>τριςύλλαβον.</span> <span class='ocrx_word' id='word_1_41' title='bbox 3142 870 3145 873; x_wconf 10' lang='grc' dir='ltr'><strong>Δ</strong></span> 
     </span>
    </p>

    <p class='ocr_par' dir='ltr' id='par_1_3' title="bbox 538 870 3266 1378">
     <span class='ocr_line' id='line_1_6' title="bbox 538 870 3206 977; baseline 0 -25"><span class='ocrx_word' id='word_1_42' title='bbox 538 904 571 952; x_wconf 86' lang='grc'><strong>5</strong></span> <span class='ocrx_word' id='word_1_43' title='bbox 785 891 879 956; x_wconf 88' lang='grc' dir='ltr'>Τὰ</span> <span class='ocrx_word' id='word_1_44' title='bbox 934 890 1022 975; x_wconf 79' lang='grc' dir='ltr'>εἰς</span> <span class='ocrx_word' id='word_1_45' title='bbox 1065 890 1149 970; x_wconf 60' lang='grc' dir='ltr'>ἦ</span> <span class='ocrx_word' id='word_1_46' title='bbox 1204 890 1546 971; x_wconf 89' lang='grc' dir='ltr'>διςύλλαβα</span> <span class='ocrx_word' id='word_1_47' title='bbox 1588 890 2037 968; x_wconf 68' lang='grc' dir='ltr'>,προςηγορικὰ</span> <span class='ocrx_word' id='word_1_48' title='bbox 2096 888 2335 967; x_wconf 80' lang='grc' dir='ltr'>ἔχοντα</span> <span class='ocrx_word' id='word_1_49' title='bbox 2400 889 2528 967; x_wconf 90' lang='grc' dir='ltr'>πρὸ</span> <span class='ocrx_word' id='word_1_50' title='bbox 2583 892 2702 953; x_wconf 84' lang='grc' dir='ltr'>τοῦ</span> <span class='ocrx_word' id='word_1_51' title='bbox 2756 890 2792 952; x_wconf 74' lang='grc' dir='ltr'>’ἶ</span> <span class='ocrx_word' id='word_1_52' title='bbox 2828 870 3206 977; x_wconf 79' lang='grc' dir='ltr'>“ςύμφωνρν</span> 
     </span>
     <span class='ocr_line' id='line_1_7' title="bbox 614 988 3207 1077; baseline -0.002 -18"><span class='ocrx_word' id='word_1_53' title='bbox 614 992 938 1077; x_wconf 82' lang='grc' dir='ltr'>ὀξύνεται,</span> <span class='ocrx_word' id='word_1_54' title='bbox 983 993 1037 1057; x_wconf 88' lang='grc' dir='ltr'>εἰ</span> <span class='ocrx_word' id='word_1_55' title='bbox 1082 994 1163 1072; x_wconf 90' lang='grc' dir='ltr'>μὴ</span> <span class='ocrx_word' id='word_1_56' title='bbox 1209 993 1571 1071; x_wconf 86' lang='grc' dir='ltr'>παραλήγοι</span> <span class='ocrx_word' id='word_1_57' title='bbox 1605 992 1929 1072; x_wconf 87' lang='grc' dir='ltr'>φωνήεντι</span> <span class='ocrx_word' id='word_1_58' title='bbox 1973 994 2006 1054; x_wconf 88' lang='grc' dir='ltr'>ἶ</span> <span class='ocrx_word' id='word_1_59' title='bbox 2050 992 2088 1069; x_wconf 78' lang='grc' dir='ltr'>ἢ</span> <span class='ocrx_word' id='word_1_60' title='bbox 2133 993 2197 1072; x_wconf 80' lang='grc' dir='ltr'>ἒ,</span> <span class='ocrx_word' id='word_1_61' title='bbox 2246 992 2565 1071; x_wconf 89' lang='grc' dir='ltr'>βροντή,</span> <span class='ocrx_word' id='word_1_62' title='bbox 2611 988 2914 1072; x_wconf 84' lang='grc' dir='ltr'>εἱρκτή,</span> <span class='ocrx_word' id='word_1_63' title='bbox 2960 992 3207 1069; x_wconf 87' lang='grc' dir='ltr'>πηκτή</span> 
     </span>
     <span class='ocr_line' id='line_1_8' title="bbox 613 1091 3210 1174; baseline -0.001 -14"><span class='ocrx_word' id='word_1_64' title='bbox 613 1094 901 1174; x_wconf 87' lang='grc' dir='ltr'>ὄργανον</span> <span class='ocrx_word' id='word_1_65' title='bbox 948 1094 1262 1173; x_wconf 86' lang='grc' dir='ltr'>μουςικόν.</span> <span class='ocrx_word' id='word_1_66' title='bbox 1322 1094 1573 1174; x_wconf 90' lang='grc' dir='ltr'>φυςτή</span> <span class='ocrx_word' id='word_1_67' title='bbox 1618 1096 1780 1172; x_wconf 81' lang='grc' dir='ltr'>μᾶζα</span> <span class='ocrx_word' id='word_1_68' title='bbox 1823 1093 1862 1170; x_wconf 89' lang='grc' dir='ltr'>ἡ</span> <span class='ocrx_word' id='word_1_69' title='bbox 1908 1093 1971 1160; x_wconf 81' lang='grc' dir='ltr'>ἐξ</span> <span class='ocrx_word' id='word_1_70' title='bbox 2004 1091 2295 1171; x_wconf 85' lang='grc' dir='ltr'>ἀλφίτων</span> <span class='ocrx_word' id='word_1_71' title='bbox 2340 1093 2442 1158; x_wconf 86' lang='grc' dir='ltr'>καὶ</span> <span class='ocrx_word' id='word_1_72' title='bbox 2487 1091 2690 1156; x_wconf 86' lang='grc' dir='ltr'>οἴνου.</span> <span class='ocrx_word' id='word_1_73' title='bbox 2737 1091 2954 1171; x_wconf 88' lang='grc' dir='ltr'>ἀκτή·</span> <span class='ocrx_word' id='word_1_74' title='bbox 3001 1091 3210 1157; x_wconf 82' lang='grc' dir='ltr'>οὕτως</span> 
     </span>
     <span class='ocr_line' id='line_1_9' title="bbox 603 1192 3266 1275; baseline -0.002 -14"><span class='ocrx_word' id='word_1_75' title='bbox 603 1199 688 1262; x_wconf 81' lang='grc' dir='ltr'>’δὲ</span> <span class='ocrx_word' id='word_1_76' title='bbox 733 1198 835 1261; x_wconf 85' lang='grc' dir='ltr'>καὶ</span> <span class='ocrx_word' id='word_1_77' title='bbox 878 1197 918 1275; x_wconf 86' lang='grc' dir='ltr'>ἡ</span> <span class='ocrx_word' id='word_1_78' title='bbox 965 1196 1203 1275; x_wconf 83' lang='grc' dir='ltr'>Ἀττικὴ</span> <span class='ocrx_word' id='word_1_79' title='bbox 1251 1195 1540 1259; x_wconf 81' lang='grc' dir='ltr'>ἐκαλεῖτο</span> <span class='ocrx_word' id='word_1_80' title='bbox 1587 1193 1717 1259; x_wconf 87' lang='grc' dir='ltr'>ἀπὸ</span> <span class='ocrx_word' id='word_1_81' title='bbox 1765 1193 2054 1259; x_wconf 87' lang='grc' dir='ltr'>Ἀκταίου</span> <span class='ocrx_word' id='word_1_82' title='bbox 2099 1194 2288 1258; x_wconf 91' lang='grc' dir='ltr'>τινός.</span> <span class='ocrx_word' id='word_1_83' title='bbox 2378 1192 2540 1272; x_wconf 86' lang='grc' dir='ltr'>ἀνὴρ</span> <span class='ocrx_word' id='word_1_84' title='bbox 2598 1192 2670 1259; x_wconf 79' lang='grc' dir='ltr'>δὲ</span> <span class='ocrx_word' id='word_1_85' title='bbox 2726 1193 2806 1272; x_wconf 84' lang='grc' dir='ltr'>ἦν</span> <span class='ocrx_word' id='word_1_86' title='bbox 2851 1192 3210 1275; x_wconf 84' lang='grc' dir='ltr'>αὐτόχθων,</span> <span class='ocrx_word' id='word_1_87' title='bbox 3254 1234 3266 1241; x_wconf 86' lang='grc'>-</span> 
     </span>
     <span class='ocr_line' id='line_1_10' title="bbox 618 1295 3210 1378; baseline -0.002 -15"><span class='ocrx_word' id='word_1_88' title='bbox 618 1299 709 1363; x_wconf 83' lang='grc' dir='ltr'>ὼς</span> <span class='ocrx_word' id='word_1_89' title='bbox 753 1298 1160 1378; x_wconf 89' lang='grc' dir='ltr'>Φαβωρῖνος,</span> <span class='ocrx_word' id='word_1_90' title='bbox 1207 1297 1280 1363; x_wconf 90' lang='grc' dir='ltr'>ὃς</span> <span class='ocrx_word' id='word_1_91' title='bbox 1324 1296 1715 1376; x_wconf 81' lang='grc' dir='ltr'>έβαςίλευςεν</span> <span class='ocrx_word' id='word_1_92' title='bbox 1762 1297 1891 1360; x_wconf 83' lang='grc' dir='ltr'>ἐκεῖ</span> <span class='ocrx_word' id='word_1_93' title='bbox 1945 1298 2047 1360; x_wconf 88' lang='grc' dir='ltr'>καὶ</span> <span class='ocrx_word' id='word_1_94' title='bbox 2104 1295 2231 1376; x_wconf 84' lang='grc' dir='ltr'>ἀφ’</span> <span class='ocrx_word' id='word_1_95' title='bbox 2275 1296 2509 1361; x_wconf 83' lang='grc' dir='ltr'>ἑαυτοῦ</span> <span class='ocrx_word' id='word_1_96' title='bbox 2565 1295 2772 1360; x_wconf 84' lang='grc' dir='ltr'>οὕτως</span> <span class='ocrx_word' id='word_1_97' title='bbox 2828 1297 2945 1375; x_wconf 92' lang='grc' dir='ltr'>τὴν</span> <span class='ocrx_word' id='word_1_98' title='bbox 2989 1295 3210 1373; x_wconf 89' lang='grc' dir='ltr'>χώραν</span> 
     </span>
    </p>

    <p class='ocr_par' dir='ltr' id='par_1_4' title="bbox 521 1395 3215 1885">
     <span class='ocr_line' id='line_1_11' title="bbox 521 1395 3213 1479; baseline -0.001 -19"><span class='ocrx_word' id='word_1_99' title='bbox 521 1411 589 1460; x_wconf 84' lang='lat'>10</span> <span class='ocrx_word' id='word_1_100' title='bbox 626 1399 916 1479; x_wconf 85' lang='grc' dir='ltr'>ώνόμαςε</span> <span class='ocrx_word' id='word_1_101' title='bbox 963 1399 1064 1463; x_wconf 88' lang='grc' dir='ltr'>καὶ</span> <span class='ocrx_word' id='word_1_102' title='bbox 1108 1398 1263 1462; x_wconf 86' lang='grc' dir='ltr'>τοὺς</span> <span class='ocrx_word' id='word_1_103' title='bbox 1307 1397 1519 1462; x_wconf 92' lang='grc' dir='ltr'>λαούς.</span> <span class='ocrx_word' id='word_1_104' title='bbox 1600 1398 2092 1477; x_wconf 85' lang='grc' dir='ltr'>Ἀπολλόδωρος</span> <span class='ocrx_word' id='word_1_105' title='bbox 2138 1399 2209 1463; x_wconf 80' lang='grc' dir='ltr'>δὲ</span> <span class='ocrx_word' id='word_1_106' title='bbox 2252 1396 2555 1462; x_wconf 87' lang='grc' dir='ltr'>τάναντία</span> <span class='ocrx_word' id='word_1_107' title='bbox 2595 1398 2784 1478; x_wconf 90' lang='grc' dir='ltr'>φηςίν</span> <span class='ocrx_word' id='word_1_108' title='bbox 2832 1395 3044 1460; x_wconf 82' lang='grc' dir='ltr'>«οὕτω</span> <span class='ocrx_word' id='word_1_109' title='bbox 3087 1398 3213 1474; x_wconf 87' lang='grc' dir='ltr'>γὰρ</span> 
     </span>
     <span class='ocr_line' id='line_1_12' title="bbox 619 1499 3212 1589; baseline -0.002 -23"><span class='ocrx_word' id='word_1_110' title='bbox 619 1501 852 1580; x_wconf 82' lang='grc' dir='ltr'>ἐκλήθη</span> <span class='ocrx_word' id='word_1_111' title='bbox 899 1499 1003 1564; x_wconf 86' lang='grc' dir='ltr'>διὰ</span> <span class='ocrx_word' id='word_1_112' title='bbox 1045 1499 1121 1564; x_wconf 89' lang='grc' dir='ltr'>τὸ</span> <span class='ocrx_word' id='word_1_113' title='bbox 1167 1501 1356 1564; x_wconf 86' lang='grc' dir='ltr'>πολὺ·</span> <span class='ocrx_word' id='word_1_114' title='bbox 1385 1499 1576 1579; x_wconf 86' lang='grc' dir='ltr'>μέρος</span> <span class='ocrx_word' id='word_1_115' title='bbox 1633 1500 1828 1576; x_wconf 88' lang='grc' dir='ltr'>αὐτῆς</span> <span class='ocrx_word' id='word_1_116' title='bbox 1875 1503 2293 1565; x_wconf 86' lang='grc' dir='ltr'>καθικνεῖςθαι</span> <span class='ocrx_word' id='word_1_117' title='bbox 2339 1499 2427 1565; x_wconf 87' lang='grc' dir='ltr'>εἰς</span> <span class='ocrx_word' id='word_1_118' title='bbox 2473 1500 2803 1564; x_wconf 88' lang='grc' dir='ltr'>θάλαςςαν.</span> <span class='ocrx_word' id='word_1_119' title='bbox 2891 1499 3212 1589; x_wconf 71' lang='grc' dir='ltr'>τριγώνου</span> 
     </span>
     <span class='ocr_line' id='line_1_13' title="bbox 619 1600 3212 1681; baseline -0.001 -15"><span class='ocrx_word' id='word_1_120' title='bbox 619 1603 743 1681; x_wconf 85' lang='grc' dir='ltr'>γὰρ</span> <span class='ocrx_word' id='word_1_121' title='bbox 776 1602 966 1680; x_wconf 86' lang='grc' dir='ltr'>οὔςης</span> <span class='ocrx_word' id='word_1_122' title='bbox 1010 1600 1074 1665; x_wconf 85' lang='grc' dir='ltr'>αἱ</span> <span class='ocrx_word' id='word_1_123' title='bbox 1114 1601 1526 1666; x_wconf 77' lang='grc' dir='ltr'>ςὐννεύουςαι</span> <span class='ocrx_word' id='word_1_124' title='bbox 1572 1600 1677 1666; x_wconf 85' lang='grc' dir='ltr'>ἐπὶ</span> <span class='ocrx_word' id='word_1_125' title='bbox 1718 1603 1794 1666; x_wconf 89' lang='grc' dir='ltr'>τὸ</span> <span class='ocrx_word' id='word_1_126' title='bbox 1828 1600 2099 1667; x_wconf 78' lang='grc' dir='ltr'>(ούνιον</span> <span class='ocrx_word' id='word_1_127' title='bbox 2147 1602 2537 1681; x_wconf 86' lang='grc' dir='ltr'>ἑκατέρωθεν</span> <span class='ocrx_word' id='word_1_128' title='bbox 2570 1601 2689 1665; x_wconf 93' lang='grc' dir='ltr'>δύο</span> <span class='ocrx_word' id='word_1_129' title='bbox 2735 1600 3008 1678; x_wconf 90' lang='grc' dir='ltr'>πλευραὶ</span> <span class='ocrx_word' id='word_1_130' title='bbox 3050 1620 3212 1679; x_wconf 93' lang='grc' dir='ltr'>παρ-</span> 
     </span>
     <span class='ocr_line' id='line_1_14' title="bbox 624 1701 3213 1785; baseline -0.001 -17"><span class='ocrx_word' id='word_1_131' title='bbox 624 1705 793 1768; x_wconf 84' lang='grc' dir='ltr'>άλιοι</span> <span class='ocrx_word' id='word_1_132' title='bbox 859 1702 1271 1785; x_wconf 81' lang='grc' dir='ltr'>τυγχάνουςι,</span> <span class='ocrx_word' id='word_1_133' title='bbox 1339 1704 1426 1766; x_wconf 81' lang='grc' dir='ltr'>δι’</span> <span class='ocrx_word' id='word_1_134' title='bbox 1471 1702 1548 1767; x_wconf 84' lang='grc' dir='ltr'>ἃς</span> <span class='ocrx_word' id='word_1_135' title='bbox 1602 1708 1733 1768; x_wconf 84' lang='grc' dir='ltr'>τῶν</span> <span class='ocrx_word' id='word_1_136' title='bbox 1793 1703 1900 1768; x_wconf 84' lang='grc' dir='ltr'>ἐπὶ</span> <span class='ocrx_word' id='word_1_137' title='bbox 1956 1703 2281 1782; x_wconf 86' lang='grc' dir='ltr'>Κέκροπος</span> <span class='ocrx_word' id='word_1_138' title='bbox 2336 1706 2565 1784; x_wconf 85' lang='grc' dir='ltr'>φυλῶν</span> <span class='ocrx_word' id='word_1_139' title='bbox 2619 1702 2951 1780; x_wconf 76' lang='grc' dir='ltr'>τεττάρων</span> <span class='ocrx_word' id='word_1_140' title='bbox 2999 1701 3213 1766; x_wconf 85' lang='grc' dir='ltr'>οὐςῶν</span> 
     </span>
     <span class='ocr_line' id='line_1_15' title="bbox 628 1792 3215 1885; baseline -0.001 -16"><span class='ocrx_word' id='word_1_141' title='bbox 628 1805 747 1869; x_wconf 85' lang='grc' dir='ltr'>δύο</span> <span class='ocrx_word' id='word_1_142' title='bbox 792 1804 1641 1884; x_wconf 80' lang='grc' dir='ltr'>προςηγόρευςαν·Ἀκταίαν</span> <span class='ocrx_word' id='word_1_143' title='bbox 1685 1806 1788 1869; x_wconf 86' lang='grc' dir='ltr'>καὶ</span> <span class='ocrx_word' id='word_1_144' title='bbox 1828 1804 2163 1884; x_wconf 90' lang='grc' dir='ltr'>Παραλίαν</span> <span class='ocrx_word' id='word_1_145' title='bbox 2179 1830 2222 1868; x_wconf 80' lang='grc'>».</span> <span class='ocrx_word' id='word_1_146' title='bbox 2283 1805 2407 1869; x_wconf 85' lang='grc' dir='ltr'>ἔςτι</span> <span class='ocrx_word' id='word_1_147' title='bbox 2451 1792 2555 1868; x_wconf 83' lang='grc' dir='ltr'>καὶ</span> <span class='ocrx_word' id='word_1_148' title='bbox 2597 1804 2780 1882; x_wconf 84' lang='grc' dir='ltr'>Ἀκτή</span> <span class='ocrx_word' id='word_1_149' title='bbox 2827 1794 3215 1885; x_wconf 85' lang='grc' dir='ltr'>Μαγνηςίας,</span> 
     </span>
    </p>

    <p class='ocr_par' dir='ltr' id='par_1_5' title="bbox 435 1904 3213 1985">
     <span class='ocr_line' id='line_1_16' title="bbox 435 1904 3213 1985; baseline 0 -17"><span class='ocrx_word' id='word_1_150' title='bbox 435 1949 440 1957; x_wconf 81' lang='lat'><em>-</em></span> <span class='ocrx_word' id='word_1_151' title='bbox 523 1920 587 1969; x_wconf 83' lang='lat'>15</span> <span class='ocrx_word' id='word_1_152' title='bbox 626 1905 752 1985; x_wconf 81' lang='grc' dir='ltr'>ἀφ’</span> <span class='ocrx_word' id='word_1_153' title='bbox 797 1905 872 1984; x_wconf 86' lang='grc' dir='ltr'>ἧς</span> <span class='ocrx_word' id='word_1_154' title='bbox 913 1907 1162 1971; x_wconf 86' lang='grc' dir='ltr'>Ἄκτιος</span> <span class='ocrx_word' id='word_1_155' title='bbox 1205 1906 1309 1969; x_wconf 87' lang='grc' dir='ltr'>καὶ</span> <span class='ocrx_word' id='word_1_156' title='bbox 1352 1905 1677 1971; x_wconf 83' lang='grc' dir='ltr'>Ἐπάκτιος</span> <span class='ocrx_word' id='word_1_157' title='bbox 1721 1907 2056 1971; x_wconf 73' lang='grc' dir='ltr'>Ἀπόλλων</span> <span class='ocrx_word' id='word_1_158' title='bbox 2110 1910 2373 1985; x_wconf 84' lang='grc' dir='ltr'>τιμᾶται.</span> <span class='ocrx_word' id='word_1_159' title='bbox 2449 1906 2576 1970; x_wconf 80' lang='grc' dir='ltr'>ἔςτι</span> <span class='ocrx_word' id='word_1_160' title='bbox 2621 1906 2724 1969; x_wconf 86' lang='grc' dir='ltr'>καὶ</span> <span class='ocrx_word' id='word_1_161' title='bbox 2767 1904 2953 1983; x_wconf 84' lang='grc' dir='ltr'>ἑτέρα</span> <span class='ocrx_word' id='word_1_162' title='bbox 2994 1905 3213 1982; x_wconf 79' lang='grc' dir='ltr'>Ἀκαρ-</span> 
     </span>
    </p>
   </div>
   <div class='ocr_carea' id='block_1_3' title="bbox 624 2005 3323 2090">
    <p class='ocr_par' dir='ltr' id='par_1_6' title="bbox 624 2005 3323 2090">
     <span class='ocr_line' id='line_1_17' title="bbox 624 2005 3323 2090; baseline -0.001 -18"><span class='ocrx_word' id='word_1_163' title='bbox 624 2008 898 2090; x_wconf 52' lang='grc' dir='ltr'>νανίαςμ</span> <span class='ocrx_word' id='word_1_164' title='bbox 933 2006 1006 2085; x_wconf 81' lang='grc' dir='ltr'>ἧς</span> <span class='ocrx_word' id='word_1_165' title='bbox 1052 2008 1353 2087; x_wconf 85' lang='grc' dir='ltr'>μέμνηται</span> <span class='ocrx_word' id='word_1_166' title='bbox 1397 2008 1799 2087; x_wconf 86' lang='grc' dir='ltr'>Δημάγητος.</span> <span class='ocrx_word' id='word_1_167' title='bbox 1891 2009 2014 2073; x_wconf 87' lang='grc' dir='ltr'>ἔςτι</span> <span class='ocrx_word' id='word_1_168' title='bbox 2074 2009 2177 2072; x_wconf 88' lang='grc' dir='ltr'>καὶ</span> <span class='ocrx_word' id='word_1_169' title='bbox 2219 2007 2760 2089; x_wconf 90' lang='grc' dir='ltr'>Πελοποννήςου,</span> <span class='ocrx_word' id='word_1_170' title='bbox 2821 2005 2912 2070; x_wconf 78' lang='grc' dir='ltr'>ὡς</span> <span class='ocrx_word' id='word_1_171' title='bbox 2970 2007 3213 2070; x_wconf 88' lang='grc' dir='ltr'>Θουκυ-</span> <span class='ocrx_word' id='word_1_172' title='bbox 3314 2048 3323 2055; x_wconf 82' lang='grc'><strong>-</strong></span> 
     </span>
    </p>
   </div>
   <div class='ocr_carea' id='block_1_4' title="bbox 484 2107 3223 3710">
    <p class='ocr_par' dir='ltr' id='par_1_7' title="bbox 484 2107 3223 3710">
     <span class='ocr_line' id='line_1_18' title="bbox 625 2107 3216 2193; baseline 0 -21"><span class='ocrx_word' id='word_1_173' title='bbox 625 2109 833 2191; x_wconf 90' lang='grc' dir='ltr'>δίδης,</span> <span class='ocrx_word' id='word_1_174' title='bbox 878 2109 980 2172; x_wconf 88' lang='grc' dir='ltr'>καὶ</span> <span class='ocrx_word' id='word_1_175' title='bbox 1024 2107 1186 2187; x_wconf 84' lang='grc' dir='ltr'>ἄλλη</span> <span class='ocrx_word' id='word_1_176' title='bbox 1232 2108 1302 2173; x_wconf 85' lang='grc' dir='ltr'>ἐν</span> <span class='ocrx_word' id='word_1_177' title='bbox 1335 2110 1645 2193; x_wconf 81' lang='grc' dir='ltr'>Βοςπόρῳ</span> <span class='ocrx_word' id='word_1_178' title='bbox 1690 2111 1791 2174; x_wconf 89' lang='grc' dir='ltr'>καὶ</span> <span class='ocrx_word' id='word_1_179' title='bbox 1836 2110 1885 2174; x_wconf 88' lang='grc' dir='ltr'>ε’</span> <span class='ocrx_word' id='word_1_180' title='bbox 1932 2108 2002 2173; x_wconf 82' lang='grc' dir='ltr'>ἐν</span> <span class='ocrx_word' id='word_1_181' title='bbox 2034 2108 2252 2192; x_wconf 88' lang='grc' dir='ltr'>Ἰωνίᾳ.</span> <span class='ocrx_word' id='word_1_182' title='bbox 2313 2109 2683 2188; x_wconf 90' lang='grc' dir='ltr'>Δημήτριος</span> <span class='ocrx_word' id='word_1_183' title='bbox 2727 2109 2798 2171; x_wconf 80' lang='grc' dir='ltr'>δὲ</span> <span class='ocrx_word' id='word_1_184' title='bbox 2842 2110 2956 2184; x_wconf 86' lang='grc' dir='ltr'>τῆς</span> <span class='ocrx_word' id='word_1_185' title='bbox 2987 2128 3216 2186; x_wconf 92' lang='grc' dir='ltr'>ςημαν-</span> 
     </span>
     <span class='ocr_line' id='line_1_19' title="bbox 623 2209 3214 2290; baseline -0.001 -15"><span class='ocrx_word' id='word_1_186' title='bbox 623 2213 795 2287; x_wconf 84' lang='grc' dir='ltr'>τικῆς</span> <span class='ocrx_word' id='word_1_187' title='bbox 837 2213 956 2273; x_wconf 82' lang='grc' dir='ltr'>τοῦ</span> <span class='ocrx_word' id='word_1_188' title='bbox 1002 2210 1293 2286; x_wconf 80' lang='grc' dir='ltr'>αἰγιαλοῦ</span> <span class='ocrx_word' id='word_1_189' title='bbox 1339 2211 1440 2275; x_wconf 83' lang='grc' dir='ltr'>καὶ</span> <span class='ocrx_word' id='word_1_190' title='bbox 1482 2214 1593 2287; x_wconf 88' lang='grc' dir='ltr'>τῆς</span> <span class='ocrx_word' id='word_1_191' title='bbox 1637 2212 1782 2290; x_wconf 90' lang='grc' dir='ltr'>περὶ</span> <span class='ocrx_word' id='word_1_192' title='bbox 1824 2211 1940 2276; x_wconf 89' lang='grc' dir='ltr'>τὸν</span> <span class='ocrx_word' id='word_1_193' title='bbox 1994 2212 2166 2275; x_wconf 87' lang='grc' dir='ltr'>Ἄθω</span> <span class='ocrx_word' id='word_1_194' title='bbox 2222 2211 2436 2289; x_wconf 89' lang='grc' dir='ltr'>χώρας</span> <span class='ocrx_word' id='word_1_195' title='bbox 2480 2210 2684 2288; x_wconf 88' lang='grc' dir='ltr'>μόνον</span> <span class='ocrx_word' id='word_1_196' title='bbox 2731 2209 3214 2287; x_wconf 81' lang='grc' dir='ltr'>ἐμνημόνευςεν.</span> 
     </span>
     <span class='ocr_line' id='line_1_20' title="bbox 625 2310 3216 2392; baseline 0 -18"><span class='ocrx_word' id='word_1_197' title='bbox 625 2312 926 2391; x_wconf 90' lang='grc' dir='ltr'>βλαςτή.</span> <span class='ocrx_word' id='word_1_198' title='bbox 1000 2312 1193 2377; x_wconf 83' lang='grc' dir='ltr'>τοῦτό</span> <span class='ocrx_word' id='word_1_199' title='bbox 1238 2333 1406 2377; x_wconf 89' lang='grc' dir='ltr'>τινες</span> <span class='ocrx_word' id='word_1_200' title='bbox 1451 2313 1848 2392; x_wconf 90' lang='grc' dir='ltr'>βαρύνουςιν.</span> <span class='ocrx_word' id='word_1_201' title='bbox 1937 2312 2014 2376; x_wconf 86' lang='grc' dir='ltr'>τὸ</span> <span class='ocrx_word' id='word_1_202' title='bbox 2072 2311 2285 2390; x_wconf 89' lang='grc' dir='ltr'>μέντοι</span> <span class='ocrx_word' id='word_1_203' title='bbox 2342 2310 2554 2390; x_wconf 86' lang='grc' dir='ltr'>κίςτη</span> <span class='ocrx_word' id='word_1_204' title='bbox 2610 2311 2947 2391; x_wconf 89' lang='grc' dir='ltr'>βαρύνεται</span> <span class='ocrx_word' id='word_1_205' title='bbox 2993 2312 3096 2375; x_wconf 85' lang='grc' dir='ltr'>καὶ</span> <span class='ocrx_word' id='word_1_206' title='bbox 3139 2313 3216 2375; x_wconf 90' lang='grc' dir='ltr'>τὸ</span> 
     </span>
     <span class='ocr_line' id='line_1_21' title="bbox 522 2410 3214 2495; baseline 0 -20"><span class='ocrx_word' id='word_1_207' title='bbox 522 2428 592 2477; x_wconf 82' lang='lat'>20</span> <span class='ocrx_word' id='word_1_208' title='bbox 625 2413 868 2490; x_wconf 88' lang='grc' dir='ltr'>πέλτη</span> <span class='ocrx_word' id='word_1_209' title='bbox 913 2413 950 2490; x_wconf 82' lang='grc' dir='ltr'>ἡ</span> <span class='ocrx_word' id='word_1_210' title='bbox 997 2411 1191 2477; x_wconf 85' lang='grc' dir='ltr'>ἀςπίς.</span> <span class='ocrx_word' id='word_1_211' title='bbox 1278 2414 1358 2476; x_wconf 86' lang='grc' dir='ltr'>τὰ</span> <span class='ocrx_word' id='word_1_212' title='bbox 1403 2415 1474 2477; x_wconf 81' lang='grc' dir='ltr'>δὲ</span> <span class='ocrx_word' id='word_1_213' title='bbox 1520 2414 1703 2492; x_wconf 89' lang='grc' dir='ltr'>κύρια</span> <span class='ocrx_word' id='word_1_214' title='bbox 1749 2413 2118 2495; x_wconf 87' lang='grc' dir='ltr'>βαρύνεται,</span> <span class='ocrx_word' id='word_1_215' title='bbox 2163 2410 2407 2492; x_wconf 71' lang='grc' dir='ltr'>Δίκτη</span> <span class='ocrx_word' id='word_1_216' title='bbox 2455 2412 2610 2491; x_wconf 88' lang='grc' dir='ltr'>ὄρος</span> <span class='ocrx_word' id='word_1_217' title='bbox 2660 2412 2931 2491; x_wconf 49' lang='grc' dir='ltr'>Κρήτηςκ</span> <span class='ocrx_word' id='word_1_218' title='bbox 2995 2412 3214 2476; x_wconf 88' lang='grc' dir='ltr'>Καλλί-</span> 
     </span>
     <span class='ocr_line' id='line_1_22' title="bbox 627 2512 3216 2604; baseline 0.001 -27"><span class='ocrx_word' id='word_1_219' title='bbox 627 2534 829 2604; x_wconf 84' lang='grc' dir='ltr'>μαχος</span> <span class='ocrx_word' id='word_1_220' title='bbox 872 2564 885 2577; x_wconf 95' lang='grc'>.</span> <span class='ocrx_word' id='word_1_221' title='bbox 933 2564 945 2577; x_wconf 93' lang='grc'>.</span> <span class='ocrx_word' id='word_1_222' title='bbox 992 2563 1005 2578; x_wconf 94' lang='grc'>.</span> <span class='ocrx_word' id='word_1_223' title='bbox 1053 2512 1357 2592; x_wconf 78' lang='grc' dir='ltr'>(πάρτη</span> <span class='ocrx_word' id='word_1_224' title='bbox 1400 2514 1769 2580; x_wconf 88' lang='grc' dir='ltr'>Λακωνικὸν</span> <span class='ocrx_word' id='word_1_225' title='bbox 1826 2515 2068 2594; x_wconf 87' lang='grc' dir='ltr'>χωρίον</span> <span class='ocrx_word' id='word_1_226' title='bbox 2124 2512 2256 2577; x_wconf 85' lang='grc' dir='ltr'>ἀπὸ</span> <span class='ocrx_word' id='word_1_227' title='bbox 2311 2519 2441 2579; x_wconf 85' lang='grc' dir='ltr'>τῶν</span> <span class='ocrx_word' id='word_1_228' title='bbox 2506 2514 2661 2592; x_wconf 88' lang='grc' dir='ltr'>μετὰ</span> <span class='ocrx_word' id='word_1_229' title='bbox 2713 2513 2967 2594; x_wconf 87' lang='grc' dir='ltr'>Κάδμου</span> <span class='ocrx_word' id='word_1_230' title='bbox 3014 2514 3216 2593; x_wconf 81' lang='grc' dir='ltr'>(παρ-</span> 
     </span>
     <span class='ocr_line' id='line_1_23' title="bbox 626 2612 3215 2696; baseline 0.001 -18"><span class='ocrx_word' id='word_1_231' title='bbox 626 2620 790 2696; x_wconf 86' lang='grc' dir='ltr'>τῶν,</span> <span class='ocrx_word' id='word_1_232' title='bbox 834 2615 980 2692; x_wconf 81' lang='grc' dir='ltr'>περὶ</span> <span class='ocrx_word' id='word_1_233' title='bbox 1023 2612 1116 2680; x_wconf 85' lang='grc' dir='ltr'>ὧν</span> <span class='ocrx_word' id='word_1_234' title='bbox 1161 2615 1520 2695; x_wconf 87' lang='grc' dir='ltr'>Τιμαγόρας</span> <span class='ocrx_word' id='word_1_235' title='bbox 1563 2615 1752 2696; x_wconf 90' lang='grc' dir='ltr'>φηςίν</span> <span class='ocrx_word' id='word_1_236' title='bbox 1800 2617 2223 2682; x_wconf 81' lang='grc' dir='ltr'>«ἐκπεςόντας</span> <span class='ocrx_word' id='word_1_237' title='bbox 2282 2617 2352 2679; x_wconf 82' lang='grc' dir='ltr'>δὲ</span> <span class='ocrx_word' id='word_1_238' title='bbox 2406 2615 2643 2680; x_wconf 86' lang='grc' dir='ltr'>αὐτοὺς</span> <span class='ocrx_word' id='word_1_239' title='bbox 2698 2615 2788 2680; x_wconf 84' lang='grc' dir='ltr'>εἰς</span> <span class='ocrx_word' id='word_1_240' title='bbox 2840 2617 2955 2694; x_wconf 87' lang='grc' dir='ltr'>τὴν</span> <span class='ocrx_word' id='word_1_241' title='bbox 3000 2616 3215 2681; x_wconf 90' lang='grc' dir='ltr'>Λακω-</span> 
     </span>
     <span class='ocr_line' id='line_1_24' title="bbox 631 2714 3218 2798; baseline 0.001 -17"><span class='ocrx_word' id='word_1_242' title='bbox 631 2717 812 2793; x_wconf 86' lang='grc' dir='ltr'>νικὴν</span> <span class='ocrx_word' id='word_1_243' title='bbox 858 2714 1151 2796; x_wconf 78' lang='grc' dir='ltr'>(πάρτην</span> <span class='ocrx_word' id='word_1_244' title='bbox 1197 2714 1323 2797; x_wconf 81' lang='grc' dir='ltr'>ἀφ’</span> <span class='ocrx_word' id='word_1_245' title='bbox 1369 2717 1616 2784; x_wconf 85' lang='grc' dir='ltr'>ἑαυτῶν</span> <span class='ocrx_word' id='word_1_246' title='bbox 1647 2717 1997 2798; x_wconf 80' lang='grc' dir='ltr'>ὀνομάςαι»</span> <span class='ocrx_word' id='word_1_247' title='bbox 2044 2718 2083 2796; x_wconf 87' lang='grc' dir='ltr'>ἢ</span> <span class='ocrx_word' id='word_1_248' title='bbox 2130 2717 2261 2783; x_wconf 87' lang='grc' dir='ltr'>ἀπὸ</span> <span class='ocrx_word' id='word_1_249' title='bbox 2307 2716 2602 2796; x_wconf 79' lang='grc' dir='ltr'>(παρτοῦ</span> <span class='ocrx_word' id='word_1_250' title='bbox 2645 2721 2764 2782; x_wconf 85' lang='grc' dir='ltr'>τοῦ</span> <span class='ocrx_word' id='word_1_251' title='bbox 2794 2717 3218 2797; x_wconf 86' lang='grc' dir='ltr'>Ἀμύκλαντος</span> 
     </span>
     <span class='ocr_line' id='line_1_25' title="bbox 484 2817 3217 2907; baseline 0.002 -27"><span class='ocrx_word' id='word_1_252' title='bbox 484 2898 493 2907; x_wconf 38' lang='grc'>·</span> <span class='ocrx_word' id='word_1_253' title='bbox 629 2821 747 2881; x_wconf 84' lang='grc' dir='ltr'>τοῦ</span> <span class='ocrx_word' id='word_1_254' title='bbox 792 2817 1070 2894; x_wconf 79' lang='grc' dir='ltr'>Λέλεγος</span> <span class='ocrx_word' id='word_1_255' title='bbox 1123 2823 1240 2884; x_wconf 85' lang='grc' dir='ltr'>τοῦ</span> <span class='ocrx_word' id='word_1_256' title='bbox 1296 2818 1588 2898; x_wconf 81' lang='grc' dir='ltr'>(παρτοῦ</span> <span class='ocrx_word' id='word_1_257' title='bbox 1643 2820 1682 2898; x_wconf 86' lang='grc' dir='ltr'>ἢ</span> <span class='ocrx_word' id='word_1_258' title='bbox 1729 2820 1835 2886; x_wconf 88' lang='grc' dir='ltr'>διὰ</span> <span class='ocrx_word' id='word_1_259' title='bbox 1888 2821 1963 2885; x_wconf 88' lang='grc' dir='ltr'>τὸ</span> <span class='ocrx_word' id='word_1_260' title='bbox 2019 2820 2172 2885; x_wconf 91' lang='grc' dir='ltr'>τούς</span> <span class='ocrx_word' id='word_1_261' title='bbox 2226 2819 2526 2898; x_wconf 86' lang='grc' dir='ltr'>πρώτους</span> <span class='ocrx_word' id='word_1_262' title='bbox 2579 2819 3049 2885; x_wconf 89' lang='grc' dir='ltr'>ςυνοικίςαντας</span> <span class='ocrx_word' id='word_1_263' title='bbox 3103 2821 3217 2898; x_wconf 89' lang='grc' dir='ltr'>τὴν</span> 
     </span>
     <span class='ocr_line' id='line_1_26' title="bbox 526 2918 3217 3000; baseline 0.001 -18"><span class='ocrx_word' id='word_1_264' title='bbox 526 2934 593 2984; x_wconf 81' lang='lat'>25</span> <span class='ocrx_word' id='word_1_265' title='bbox 629 2918 821 2983; x_wconf 90' lang='grc' dir='ltr'>πόλιν</span> <span class='ocrx_word' id='word_1_266' title='bbox 865 2919 1158 2996; x_wconf 86' lang='grc' dir='ltr'>Λέλεγας.</span> <span class='ocrx_word' id='word_1_267' title='bbox 1250 2920 1748 3000; x_wconf 89' lang='grc' dir='ltr'>διεςπαρμένους</span> <span class='ocrx_word' id='word_1_268' title='bbox 1801 2922 1925 3000; x_wconf 87' lang='grc' dir='ltr'>γὰρ</span> <span class='ocrx_word' id='word_1_269' title='bbox 1983 2921 2071 2986; x_wconf 85' lang='grc' dir='ltr'>εἰς</span> <span class='ocrx_word' id='word_1_270' title='bbox 2122 2922 2360 2987; x_wconf 88' lang='grc' dir='ltr'>ταύτὸν</span> <span class='ocrx_word' id='word_1_271' title='bbox 2406 2924 2732 2988; x_wconf 88' lang='grc' dir='ltr'>ςυνελθεῖν</span> <span class='ocrx_word' id='word_1_272' title='bbox 2788 2921 2891 2985; x_wconf 83' lang='grc' dir='ltr'>καὶ</span> <span class='ocrx_word' id='word_1_273' title='bbox 2935 2921 3080 3000; x_wconf 86' lang='grc' dir='ltr'>μίαν</span> <span class='ocrx_word' id='word_1_274' title='bbox 3126 2919 3217 2985; x_wconf 90' lang='grc' dir='ltr'>οἴ-</span> 
     </span>
     <span class='ocr_line' id='line_1_27' title="bbox 629 3021 3217 3102; baseline 0.001 -17"><span class='ocrx_word' id='word_1_275' title='bbox 629 3041 803 3099; x_wconf 87' lang='grc' dir='ltr'>κηςιν</span> <span class='ocrx_word' id='word_1_276' title='bbox 847 3021 1237 3098; x_wconf 90' lang='grc' dir='ltr'>ποιήςαςθαι.</span> <span class='ocrx_word' id='word_1_277' title='bbox 1326 3021 1453 3086; x_wconf 82' lang='grc' dir='ltr'>ἔςτι</span> <span class='ocrx_word' id='word_1_278' title='bbox 1510 3023 1613 3086; x_wconf 88' lang='grc' dir='ltr'>καὶ</span> <span class='ocrx_word' id='word_1_279' title='bbox 1666 3022 1918 3102; x_wconf 81' lang='grc' dir='ltr'>(πάρτη</span> <span class='ocrx_word' id='word_1_280' title='bbox 1977 3024 2152 3102; x_wconf 86' lang='grc' dir='ltr'>κώμη</span> <span class='ocrx_word' id='word_1_281' title='bbox 2211 3022 2476 3102; x_wconf 92' lang='grc' dir='ltr'>πληςίον</span> <span class='ocrx_word' id='word_1_282' title='bbox 2535 3027 2653 3089; x_wconf 84' lang='grc' dir='ltr'>τοῦ</span> <span class='ocrx_word' id='word_1_283' title='bbox 2709 3021 3007 3090; x_wconf 84' lang='grc' dir='ltr'>Εὐξείνου</span> <span class='ocrx_word' id='word_1_284' title='bbox 3062 3022 3217 3087; x_wconf 92' lang='grc' dir='ltr'>πόν-</span> 
     </span>
     <span class='ocr_line' id='line_1_28' title="bbox 628 3121 2955 3206; baseline 0.001 -20"><span class='ocrx_word' id='word_1_285' title='bbox 628 3142 762 3186; x_wconf 90' lang='grc' dir='ltr'>του.</span> <span class='ocrx_word' id='word_1_286' title='bbox 853 3121 1102 3200; x_wconf 76' lang='grc' dir='ltr'>(άρτη</span> <span class='ocrx_word' id='word_1_287' title='bbox 1148 3121 1334 3186; x_wconf 90' lang='grc' dir='ltr'>πόλις</span> <span class='ocrx_word' id='word_1_288' title='bbox 1378 3123 1524 3201; x_wconf 90' lang='grc' dir='ltr'>περὶ</span> <span class='ocrx_word' id='word_1_289' title='bbox 1566 3124 1682 3188; x_wconf 89' lang='grc' dir='ltr'>τὸν</span> <span class='ocrx_word' id='word_1_290' title='bbox 1725 3124 1972 3206; x_wconf 86' lang='grc' dir='ltr'>Ἄθων,</span> <span class='ocrx_word' id='word_1_291' title='bbox 2015 3125 2340 3205; x_wconf 88' lang='grc' dir='ltr'>Πέμπτη</span> <span class='ocrx_word' id='word_1_292' title='bbox 2386 3126 2571 3190; x_wconf 91' lang='grc' dir='ltr'>πόλις</span> <span class='ocrx_word' id='word_1_293' title='bbox 2613 3124 2955 3201; x_wconf 82' lang='grc' dir='ltr'>Αἰγύπτου.</span> 
     </span>
     <span class='ocr_line' id='line_1_29' title="bbox 800 3222 3220 3307; baseline 0.001 -21"><span class='ocrx_word' id='word_1_294' title='bbox 800 3224 894 3287; x_wconf 86' lang='grc' dir='ltr'>Τὰ</span> <span class='ocrx_word' id='word_1_295' title='bbox 939 3222 1029 3287; x_wconf 89' lang='grc' dir='ltr'>εἰς</span> <span class='ocrx_word' id='word_1_296' title='bbox 1070 3225 1154 3301; x_wconf 66' lang='grc' dir='ltr'>’τῆ</span> <span class='ocrx_word' id='word_1_297' title='bbox 1196 3223 1705 3306; x_wconf 84' lang='grc' dir='ltr'>ὑπερδιςύλλαβα</span> <span class='ocrx_word' id='word_1_298' title='bbox 1749 3225 1986 3304; x_wconf 83' lang='grc' dir='ltr'>ἔχοντα</span> <span class='ocrx_word' id='word_1_299' title='bbox 2029 3227 2186 3291; x_wconf 87' lang='grc' dir='ltr'>κατὰ</span> <span class='ocrx_word' id='word_1_300' title='bbox 2243 3227 2558 3305; x_wconf 89' lang='grc' dir='ltr'>ςύλληψιν</span> <span class='ocrx_word' id='word_1_301' title='bbox 2603 3226 2952 3307; x_wconf 91' lang='grc' dir='ltr'>ςύμφωνον</span> <span class='ocrx_word' id='word_1_302' title='bbox 3008 3225 3047 3303; x_wconf 85' lang='grc' dir='ltr'>ἢ</span> <span class='ocrx_word' id='word_1_303' title='bbox 3092 3225 3220 3302; x_wconf 90' lang='grc' dir='ltr'>πρὸ</span> 
     </span>
     <span class='ocr_line' id='line_1_30' title="bbox 630 3322 3219 3410; baseline 0.001 -23"><span class='ocrx_word' id='word_1_304' title='bbox 630 3324 859 3388; x_wconf 84' lang='grc' dir='ltr'>τέλους</span> <span class='ocrx_word' id='word_1_305' title='bbox 887 3325 964 3388; x_wconf 88' lang='grc' dir='ltr'>τὸ</span> <span class='ocrx_word' id='word_1_306' title='bbox 997 3327 1033 3401; x_wconf 73' lang='grc' dir='ltr'>ἴ)</span> <span class='ocrx_word' id='word_1_307' title='bbox 1079 3324 1262 3402; x_wconf 90' lang='grc' dir='ltr'>κύρια</span> <span class='ocrx_word' id='word_1_308' title='bbox 1291 3322 1452 3388; x_wconf 86' lang='grc' dir='ltr'>ὄντα</span> <span class='ocrx_word' id='word_1_309' title='bbox 1484 3326 1853 3409; x_wconf 91' lang='grc' dir='ltr'>βαρύνεται,</span> <span class='ocrx_word' id='word_1_310' title='bbox 1900 3328 2304 3410; x_wconf 85' lang='grc' dir='ltr'>Ἀδρήςτη,</span> <span class='ocrx_word' id='word_1_311' title='bbox 2349 3327 2703 3407; x_wconf 86' lang='grc' dir='ltr'>Ἰοκάςτη.</span> <span class='ocrx_word' id='word_1_312' title='bbox 2750 3326 3065 3405; x_wconf 84' lang='grc' dir='ltr'>Ὀρέςτη</span> <span class='ocrx_word' id='word_1_313' title='bbox 3104 3325 3219 3390; x_wconf 90' lang='grc' dir='ltr'>πό-</span> 
     </span>
     <span class='ocr_line' id='line_1_31' title="bbox 533 3424 3223 3508; baseline 0 -18"><span class='ocrx_word' id='word_1_314' title='bbox 533 3441 599 3490; x_wconf 82' lang='grc'>30</span> <span class='ocrx_word' id='word_1_315' title='bbox 640 3428 735 3489; x_wconf 91' lang='grc' dir='ltr'>λις</span> <span class='ocrx_word' id='word_1_316' title='bbox 766 3424 1047 3504; x_wconf 86' lang='grc' dir='ltr'>Εὐβοίας.</span> <span class='ocrx_word' id='word_1_317' title='bbox 1101 3424 1424 3489; x_wconf 84' lang='grc' dir='ltr'>Ἑκαταῖος</span> <span class='ocrx_word' id='word_1_318' title='bbox 1454 3425 1761 3506; x_wconf 88' lang='grc' dir='ltr'>Εὐρώπης</span> <span class='ocrx_word' id='word_1_319' title='bbox 1790 3430 2169 3508; x_wconf 86' lang='grc' dir='ltr'>περιηγήςει.</span> <span class='ocrx_word' id='word_1_320' title='bbox 2223 3430 2288 3493; x_wconf 74' lang='grc' dir='ltr'>Ἀ</span> <span class='ocrx_word' id='word_1_321' title='bbox 2304 3431 2382 3493; x_wconf 89' lang='grc' dir='ltr'>κε’</span> <span class='ocrx_word' id='word_1_322' title='bbox 2398 3450 2525 3507; x_wconf 91' lang='grc' dir='ltr'>ςτη</span> <span class='ocrx_word' id='word_1_323' title='bbox 2570 3430 2757 3493; x_wconf 89' lang='grc' dir='ltr'>πόλις</span> <span class='ocrx_word' id='word_1_324' title='bbox 2802 3428 3078 3492; x_wconf 81' lang='grc' dir='ltr'>(ικελίας</span> <span class='ocrx_word' id='word_1_325' title='bbox 3121 3429 3223 3491; x_wconf 84' lang='grc' dir='ltr'>καὶ</span> 
     </span>
     <span class='ocr_line' id='line_1_32' title="bbox 631 3525 3221 3610; baseline 0 -19"><span class='ocrx_word' id='word_1_326' title='bbox 631 3528 931 3608; x_wconf 87' lang='grc' dir='ltr'>Ἄγεςτα,</span> <span class='ocrx_word' id='word_1_327' title='bbox 985 3526 1161 3604; x_wconf 88' lang='grc' dir='ltr'>παρὰ</span> <span class='ocrx_word' id='word_1_328' title='bbox 1215 3525 1332 3591; x_wconf 89' lang='grc' dir='ltr'>τὸν</span> <span class='ocrx_word' id='word_1_329' title='bbox 1378 3526 1683 3606; x_wconf 86' lang='grc' dir='ltr'>Ἀκέςτην.</span> <span class='ocrx_word' id='word_1_330' title='bbox 1774 3530 2108 3609; x_wconf 87' lang='grc' dir='ltr'>Μεγίςτη</span> <span class='ocrx_word' id='word_1_331' title='bbox 2163 3530 2349 3594; x_wconf 93' lang='grc' dir='ltr'>πόλις</span> <span class='ocrx_word' id='word_1_332' title='bbox 2402 3530 2506 3593; x_wconf 84' lang='grc' dir='ltr'>καὶ</span> <span class='ocrx_word' id='word_1_333' title='bbox 2559 3533 2750 3606; x_wconf 89' lang='grc' dir='ltr'>νῆςος</span> <span class='ocrx_word' id='word_1_334' title='bbox 2806 3533 2917 3606; x_wconf 88' lang='grc' dir='ltr'>τῆς</span> <span class='ocrx_word' id='word_1_335' title='bbox 2974 3527 3221 3610; x_wconf 90' lang='grc' dir='ltr'>Λυκίας,</span> 
     </span>
     <span class='ocr_line' id='line_1_33' title="bbox 637 3625 3223 3710; baseline 0.001 -19"><span class='ocrx_word' id='word_1_336' title='bbox 637 3629 727 3691; x_wconf 80' lang='grc' dir='ltr'>ὡς</span> <span class='ocrx_word' id='word_1_337' title='bbox 770 3625 1154 3710; x_wconf 89' lang='grc' dir='ltr'>πολυίςτωρ,</span> <span class='ocrx_word' id='word_1_338' title='bbox 1199 3626 1331 3693; x_wconf 89' lang='grc' dir='ltr'>ἀπὸ</span> <span class='ocrx_word' id='word_1_339' title='bbox 1380 3629 1737 3705; x_wconf 85' lang='grc' dir='ltr'>Μεγιςτέως</span> <span class='ocrx_word' id='word_1_340' title='bbox 1779 3631 1970 3696; x_wconf 91' lang='grc' dir='ltr'>τινός.</span> <span class='ocrx_word' id='word_1_341' title='bbox 2039 3630 2507 3710; x_wconf 88' lang='grc' dir='ltr'>Δολιχίςτη·</span> <span class='ocrx_word' id='word_1_342' title='bbox 2555 3629 2762 3696; x_wconf 85' lang='grc' dir='ltr'>οὕτως</span> <span class='ocrx_word' id='word_1_343' title='bbox 2807 3630 3223 3708; x_wconf 80' lang='grc' dir='ltr'>Ἀλέξανδρος</span> 
     </span>
    </p>
   </div>
   <div class='ocr_carea' id='block_1_5' title="bbox 643 3784 1046 3793">
    <p class='ocr_par' dir='ltr' id='par_1_8' title="bbox 643 3784 1046 3793">
     <span class='ocr_line' id='line_1_34' title="bbox 643 3784 1046 3793; baseline 0 1753"><span class='ocrx_word' id='word_1_344' title='bbox 643 3784 1046 3793; x_wconf 95' lang='lat' dir='ltr'> </span> 
     </span>
    </p>
   </div>
   <div class='ocr_carea' id='block_1_6' title="bbox 635 3865 3229 4558">
    <p class='ocr_par' dir='ltr' id='par_1_9' title="bbox 635 3865 3229 4558">
     <span class='ocr_line' id='line_1_35' title="bbox 636 3865 3224 3999; baseline 0 -14"><span class='ocrx_word' id='word_1_345' title='bbox 636 3866 1091 3997; x_wconf 50' lang='lat' dir='ltr'>z5¹2⁰⁸9³0t53132</span> <span class='ocrx_word' id='word_1_346' title='bbox 1127 3867 1219 3983; x_wconf 54' lang='lat'>¹1³&amp;</span> <span class='ocrx_word' id='word_1_347' title='bbox 1256 3866 1622 3998; x_wconf 50' lang='lat'>231333233‘</span> <span class='ocrx_word' id='word_1_348' title='bbox 1671 3865 2450 3999; x_wconf 53' lang='grc' dir='ltr'>ὸὲἕτξῖζωξῐωῗῗιῗῗξώῖῗ</span> <span class='ocrx_word' id='word_1_349' title='bbox 2468 3868 2566 3986; x_wconf 64' lang='grc' dir='ltr'>3ἓὰ</span> <span class='ocrx_word' id='word_1_350' title='bbox 2599 3870 2706 3986; x_wconf 69' lang='grc' dir='ltr'>Ρὲὶ»</span> <span class='ocrx_word' id='word_1_351' title='bbox 2725 3866 2770 3920; x_wconf 86' lang='lat'>⁰</span> <span class='ocrx_word' id='word_1_352' title='bbox 2786 3866 3044 3986; x_wconf 52' lang='lat'>3325:</span> <span class='ocrx_word' id='word_1_353' title='bbox 3079 3865 3224 3986; x_wconf 53' lang='lat'>¹252·</span> 
     </span>
     <span class='ocr_line' id='line_1_36' title="bbox 635 3949 3224 4069; baseline -0 -16"><span class='ocrx_word' id='word_1_354' title='bbox 635 3949 795 4068; x_wconf 56' lang='grc' dir='ltr'>ρωτῖἶ</span> <span class='ocrx_word' id='word_1_355' title='bbox 832 4008 916 4053; x_wconf 82' lang='lat' dir='ltr'>est</span> <span class='ocrx_word' id='word_1_356' title='bbox 951 3983 1285 4052; x_wconf 58' lang='lat' dir='ltr'><strong>adiectixfum</strong></span> <span class='ocrx_word' id='word_1_357' title='bbox 1332 4007 1388 4052; x_wconf 79' lang='lat' dir='ltr'>et</span> <span class='ocrx_word' id='word_1_358' title='bbox 1427 4000 1691 4067; x_wconf 86' lang='grc' dir='ltr'>Κορςωτή</span> <span class='ocrx_word' id='word_1_359' title='bbox 1737 4004 1795 4052; x_wconf 88' lang='lat' dir='ltr'><strong>in</strong></span> <span class='ocrx_word' id='word_1_360' title='bbox 1831 4004 2081 4067; x_wconf 83' lang='lat' dir='ltr'><strong>Xenoph.</strong></span> <span class='ocrx_word' id='word_1_361' title='bbox 2118 4003 2294 4053; x_wconf 79' lang='lat' dir='ltr'><strong>Anah.</strong></span> <span class='ocrx_word' id='word_1_362' title='bbox 2343 4004 2527 4069; x_wconf 79' lang='lat' dir='ltr'><strong>potius</strong></span> <span class='ocrx_word' id='word_1_363' title='bbox 2567 3952 2832 4068; x_wconf 48' lang='lat' dir='ltr'>kopcmlssn</span> <span class='ocrx_word' id='word_1_364' title='bbox 2878 3973 3224 4053; x_wconf 61' lang='lat' dir='ltr'><strong>scribendum</strong></span> 
     </span>
     <span class='ocr_line' id='line_1_37' title="bbox 637 4066 3225 4135; baseline -0.002 -14"><span class='ocrx_word' id='word_1_365' title='bbox 637 4078 740 4121; x_wconf 83' lang='lat' dir='ltr'><strong>est.</strong></span> <span class='ocrx_word' id='word_1_366' title='bbox 878 4071 913 4120; x_wconf 89' lang='lat'>1.</span> <span class='ocrx_word' id='word_1_367' title='bbox 949 4074 980 4119; x_wconf 82' lang='lat'><strong>2</strong></span> <span class='ocrx_word' id='word_1_368' title='bbox 1016 4066 1234 4134; x_wconf 84' lang='grc' dir='ltr'>Προίτη</span> <span class='ocrx_word' id='word_1_369' title='bbox 1271 4069 1488 4135; x_wconf 81' lang='lat' dir='ltr'>explevi</span> <span class='ocrx_word' id='word_1_370' title='bbox 1525 4087 1590 4120; x_wconf 77' lang='lat' dir='ltr'>ex</span> <span class='ocrx_word' id='word_1_371' title='bbox 1626 4072 1873 4134; x_wconf 81' lang='lat' dir='ltr'><strong>Theogn.</strong></span> <span class='ocrx_word' id='word_1_372' title='bbox 1916 4073 2027 4132; x_wconf 78' lang='lat'>117,</span> <span class='ocrx_word' id='word_1_373' title='bbox 2066 4073 2148 4131; x_wconf 79' lang='lat'>28,</span> <span class='ocrx_word' id='word_1_374' title='bbox 2188 4067 2348 4134; x_wconf 84' lang='grc' dir='ltr'>λοίτη</span> <span class='ocrx_word' id='word_1_375' title='bbox 2385 4071 2576 4121; x_wconf 81' lang='lat' dir='ltr'><strong>addidi</strong></span> <span class='ocrx_word' id='word_1_376' title='bbox 2612 4087 2679 4120; x_wconf 79' lang='lat' dir='ltr'>ex</span> <span class='ocrx_word' id='word_1_377' title='bbox 2703 4071 2951 4135; x_wconf 82' lang='lat' dir='ltr'><strong>Theogn.</strong></span> <span class='ocrx_word' id='word_1_378' title='bbox 2990 4076 3046 4121; x_wconf 82' lang='lat' dir='ltr'>et</span> <span class='ocrx_word' id='word_1_379' title='bbox 3078 4073 3225 4120; x_wconf 81' lang='lat' dir='ltr'><strong>Mon.</strong></span> 
     </span>
     <span class='ocr_line' id='line_1_38' title="bbox 635 4135 3225 4204; baseline -0 -16"><span class='ocrx_word' id='word_1_380' title='bbox 635 4142 720 4202; x_wconf 79' lang='lat'>42,</span> <span class='ocrx_word' id='word_1_381' title='bbox 757 4143 840 4201; x_wconf 87' lang='lat'>33,</span> <span class='ocrx_word' id='word_1_382' title='bbox 877 4138 974 4190; x_wconf 89' lang='lat' dir='ltr'><strong>ubi</strong></span> <span class='ocrx_word' id='word_1_383' title='bbox 1012 4137 1243 4188; x_wconf 81' lang='lat' dir='ltr'><strong>docetur</strong></span> <span class='ocrx_word' id='word_1_384' title='bbox 1278 4137 1490 4203; x_wconf 85' lang='grc' dir='ltr'>βλαύτη</span> <span class='ocrx_word' id='word_1_385' title='bbox 1526 4140 1597 4204; x_wconf 77' lang='grc' dir='ltr'>τῇ</span> <span class='ocrx_word' id='word_1_386' title='bbox 1636 4141 1707 4190; x_wconf 61' lang='lat' dir='ltr'>effi</span> <span class='ocrx_word' id='word_1_387' title='bbox 1743 4135 2035 4202; x_wconf 82' lang='grc' dir='ltr'>διφθόγγῳ</span> <span class='ocrx_word' id='word_1_388' title='bbox 2084 4138 2556 4203; x_wconf 88' lang='grc' dir='ltr'>παραληγόμενον</span> <span class='ocrx_word' id='word_1_389' title='bbox 2594 4140 2832 4203; x_wconf 87' lang='grc' dir='ltr'>μονῆρες</span> <span class='ocrx_word' id='word_1_390' title='bbox 2873 4154 3013 4189; x_wconf 84' lang='lat' dir='ltr'><strong>esse.</strong></span> <span class='ocrx_word' id='word_1_391' title='bbox 3083 4135 3225 4201; x_wconf 83' lang='grc' dir='ltr'>Οἴτη</span> 
     </span>
     <span class='ocr_line' id='line_1_39' title="bbox 638 4205 3226 4272; baseline -0.001 -16"><span class='ocrx_word' id='word_1_392' title='bbox 638 4224 703 4256; x_wconf 82' lang='lat' dir='ltr'>ex</span> <span class='ocrx_word' id='word_1_393' title='bbox 739 4207 986 4272; x_wconf 79' lang='lat' dir='ltr'><strong>Theogn.</strong></span> <span class='ocrx_word' id='word_1_394' title='bbox 1023 4211 1080 4256; x_wconf 82' lang='lat' dir='ltr'>et</span> <span class='ocrx_word' id='word_1_395' title='bbox 1116 4206 1197 4256; x_wconf 79' lang='lat' dir='ltr'>St.</span> <span class='ocrx_word' id='word_1_396' title='bbox 1235 4208 1320 4264; x_wconf 69' lang='lat' dir='ltr'>B„</span> <span class='ocrx_word' id='word_1_397' title='bbox 1367 4206 1433 4255; x_wconf 85' lang='lat' dir='ltr'>de</span> <span class='ocrx_word' id='word_1_398' title='bbox 1478 4205 1641 4272; x_wconf 86' lang='grc' dir='ltr'>δαίτη</span> <span class='ocrx_word' id='word_1_399' title='bbox 1687 4206 1758 4256; x_wconf 82' lang='lat' dir='ltr'>cf.</span> <span class='ocrx_word' id='word_1_400' title='bbox 1797 4206 1977 4258; x_wconf 80' lang='lat' dir='ltr'><strong>Schol.</strong></span> <span class='ocrx_word' id='word_1_401' title='bbox 2022 4205 2091 4255; x_wconf 78' lang='lat' dir='ltr'>ad</span> <span class='ocrx_word' id='word_1_402' title='bbox 2128 4206 2229 4255; x_wconf 89' lang='lat' dir='ltr'>Od.</span> <span class='ocrx_word' id='word_1_403' title='bbox 2277 4207 2305 4268; x_wconf 88' lang='grc' dir='ltr'>β</span> <span class='ocrx_word' id='word_1_404' title='bbox 2346 4210 2458 4258; x_wconf 84' lang='grc'>139.</span> <span class='ocrx_word' id='word_1_405' title='bbox 2529 4207 2637 4256; x_wconf 86' lang='lat' dir='ltr'><strong>llic</strong></span> <span class='ocrx_word' id='word_1_406' title='bbox 2680 4208 2850 4258; x_wconf 76' lang='lat' dir='ltr'><strong>etiam</strong></span> <span class='ocrx_word' id='word_1_407' title='bbox 2896 4206 2961 4256; x_wconf 85' lang='lat' dir='ltr'>de</span> <span class='ocrx_word' id='word_1_408' title='bbox 3008 4208 3226 4270; x_wconf 84' lang='lat' dir='ltr'><strong>proprio</strong></span> 
     </span>
     <span class='ocr_line' id='line_1_40' title="bbox 641 4270 3227 4338; baseline -0.001 -13"><span class='ocrx_word' id='word_1_409' title='bbox 641 4274 840 4337; x_wconf 86' lang='grc' dir='ltr'>Κλειτη</span> <span class='ocrx_word' id='word_1_410' title='bbox 881 4291 1060 4325; x_wconf 80' lang='lat' dir='ltr'><strong>sermo</strong></span> <span class='ocrx_word' id='word_1_411' title='bbox 1095 4273 1229 4334; x_wconf 83' lang='lat' dir='ltr'><strong>fuit,</strong></span> <span class='ocrx_word' id='word_1_412' title='bbox 1275 4278 1337 4324; x_wconf 82' lang='lat' dir='ltr'>ut</span> <span class='ocrx_word' id='word_1_413' title='bbox 1383 4274 1638 4324; x_wconf 83' lang='lat' dir='ltr'><strong>concludi</strong></span> <span class='ocrx_word' id='word_1_414' title='bbox 1680 4278 1973 4338; x_wconf 74' lang='lat' dir='ltr'><strong>potest-ex</strong></span> <span class='ocrx_word' id='word_1_415' title='bbox 2010 4274 2073 4322; x_wconf 88' lang='lat' dir='ltr'>E.</span> <span class='ocrx_word' id='word_1_416' title='bbox 2111 4273 2184 4323; x_wconf 85' lang='lat' dir='ltr'>M.</span> <span class='ocrx_word' id='word_1_417' title='bbox 2222 4276 2349 4336; x_wconf 78' lang='lat'>518,</span> <span class='ocrx_word' id='word_1_418' title='bbox 2389 4279 2420 4324; x_wconf 87' lang='lat'><strong>3</strong></span> <span class='ocrx_word' id='word_1_419' title='bbox 2470 4271 2670 4338; x_wconf 89' lang='grc' dir='ltr'>Κλειτή</span> <span class='ocrx_word' id='word_1_420' title='bbox 2708 4270 2803 4336; x_wconf 85' lang='grc' dir='ltr'>μία</span> <span class='ocrx_word' id='word_1_421' title='bbox 2838 4274 2961 4323; x_wconf 84' lang='grc' dir='ltr'>τῶν</span> <span class='ocrx_word' id='word_1_422' title='bbox 3000 4271 3227 4334; x_wconf 85' lang='grc' dir='ltr'>Ἀμαζό-</span> 
     </span>
     <span class='ocr_line' id='line_1_41' title="bbox 639 4337 3228 4407; baseline -0.001 -15"><span class='ocrx_word' id='word_1_423' title='bbox 639 4356 760 4392; x_wconf 89' lang='grc' dir='ltr'>νων</span> <span class='ocrx_word' id='word_1_424' title='bbox 796 4369 860 4376; x_wconf 91' lang='grc'><strong>-</strong></span> <span class='ocrx_word' id='word_1_425' title='bbox 899 4341 1066 4405; x_wconf 81' lang='grc' dir='ltr'>διχῶς</span> <span class='ocrx_word' id='word_1_426' title='bbox 1105 4339 1137 4391; x_wconf 86' lang='grc' dir='ltr'>ὁ</span> <span class='ocrx_word' id='word_1_427' title='bbox 1172 4339 1368 4404; x_wconf 89' lang='grc' dir='ltr'>τόνος,</span> <span class='ocrx_word' id='word_1_428' title='bbox 1406 4339 1460 4393; x_wconf 73' lang='lat' dir='ltr'><strong>oi</strong></span> <span class='ocrx_word' id='word_1_429' title='bbox 1496 4340 1557 4392; x_wconf 85' lang='grc' dir='ltr'>δὲ</span> <span class='ocrx_word' id='word_1_430' title='bbox 1593 4340 1824 4392; x_wconf 89' lang='grc' dir='ltr'>πλείους</span> <span class='ocrx_word' id='word_1_431' title='bbox 1861 4340 2114 4393; x_wconf 82' lang='grc' dir='ltr'>ὁξύνουςι</span> <span class='ocrx_word' id='word_1_432' title='bbox 2151 4341 2241 4393; x_wconf 81' lang='grc' dir='ltr'>καὶ</span> <span class='ocrx_word' id='word_1_433' title='bbox 2279 4337 2528 4407; x_wconf 86' lang='grc' dir='ltr'>ςημαίνει</span> <span class='ocrx_word' id='word_1_434' title='bbox 2563 4340 2673 4404; x_wconf 87' lang='grc' dir='ltr'>τὴν</span> <span class='ocrx_word' id='word_1_435' title='bbox 2709 4340 2953 4394; x_wconf 76' lang='grc' dir='ltr'>ἔνδοξον.</span> <span class='ocrx_word' id='word_1_436' title='bbox 3025 4341 3133 4391; x_wconf 85' lang='lat' dir='ltr'>Sed</span> <span class='ocrx_word' id='word_1_437' title='bbox 3181 4342 3228 4390; x_wconf 86' lang='lat' dir='ltr'><strong>si</strong></span> 
     </span>
     <span class='ocr_line' id='line_1_42' title="bbox 639 4407 3229 4475; baseline -0.002 -14"><span class='ocrx_word' id='word_1_438' title='bbox 639 4410 857 4461; x_wconf 81' lang='lat' dir='ltr'><strong>Lehrsii</strong></span> <span class='ocrx_word' id='word_1_439' title='bbox 901 4410 966 4459; x_wconf 87' lang='lat' dir='ltr'>de</span> <span class='ocrx_word' id='word_1_440' title='bbox 1004 4408 1303 4460; x_wconf 79' lang='lat' dir='ltr'><strong>masculino</strong></span> <span class='ocrx_word' id='word_1_441' title='bbox 1342 4407 1570 4461; x_wconf 84' lang='grc' dir='ltr'>Κλειτος</span> <span class='ocrx_word' id='word_1_442' title='bbox 1619 4410 2021 4475; x_wconf 81' lang='lat' dir='ltr'><strong>expositionem</strong></span> <span class='ocrx_word' id='word_1_443' title='bbox 2068 4408 2134 4458; x_wconf 84' lang='lat' dir='ltr'>de</span> <span class='ocrx_word' id='word_1_444' title='bbox 2171 4411 2338 4460; x_wconf 79' lang='lat' dir='ltr'><strong>Arist.</strong></span> <span class='ocrx_word' id='word_1_445' title='bbox 2386 4427 2434 4475; x_wconf 91' lang='lat' dir='ltr'>p.</span> <span class='ocrx_word' id='word_1_446' title='bbox 2473 4412 2574 4460; x_wconf 79' lang='lat'>283</span> <span class='ocrx_word' id='word_1_447' title='bbox 2620 4409 3006 4474; x_wconf 81' lang='lat' dir='ltr'><strong>perpenderis,</strong></span> <span class='ocrx_word' id='word_1_448' title='bbox 3052 4410 3229 4458; x_wconf 81' lang='lat' dir='ltr'><strong>Hero-</strong></span> 
     </span>
     <span class='ocr_line' id='line_1_43' title="bbox 638 4474 3227 4558; baseline -0 -30"><span class='ocrx_word' id='word_1_449' title='bbox 638 4479 864 4558; x_wconf 61' lang='lat' dir='ltr'><strong>fiianum</strong></span> <span class='ocrx_word' id='word_1_450' title='bbox 902 4474 1102 4542; x_wconf 82' lang='grc' dir='ltr'>Κλείτη</span> <span class='ocrx_word' id='word_1_451' title='bbox 1142 4478 1328 4541; x_wconf 81' lang='lat' dir='ltr'><strong>potius</strong></span> <span class='ocrx_word' id='word_1_452' title='bbox 1365 4494 1527 4543; x_wconf 82' lang='lat' dir='ltr'><strong>quam</strong></span> <span class='ocrx_word' id='word_1_453' title='bbox 1565 4474 1766 4542; x_wconf 82' lang='grc' dir='ltr'>Κλειτή</span> <span class='ocrx_word' id='word_1_454' title='bbox 1803 4477 2200 4542; x_wconf 69' lang='lat' dir='ltr'><strong>pronunciasse</strong></span> <span class='ocrx_word' id='word_1_455' title='bbox 2239 4478 2555 4528; x_wconf 78' lang='lat' dir='ltr'><strong>credideris.</strong></span> <span class='ocrx_word' id='word_1_456' title='bbox 2728 4477 2763 4530; x_wconf 89' lang='lat'>1.</span> <span class='ocrx_word' id='word_1_457' title='bbox 2800 4479 2831 4526; x_wconf 87' lang='grc'>6</span> <span class='ocrx_word' id='word_1_458' title='bbox 2869 4493 2967 4543; x_wconf 87' lang='lat' dir='ltr'>pro</span> <span class='ocrx_word' id='word_1_459' title='bbox 3004 4480 3035 4526; x_wconf 82' lang='grc' dir='ltr'>ἶ</span> <span class='ocrx_word' id='word_1_460' title='bbox 3062 4476 3096 4539; x_wconf 89' lang='grc' dir='ltr'>ἢ</span> <span class='ocrx_word' id='word_1_461' title='bbox 3131 4477 3167 4527; x_wconf 77' lang='grc' dir='ltr'><strong><em>ἃ</em></strong></span> <span class='ocrx_word' id='word_1_462' title='bbox 3194 4476 3227 4538; x_wconf 85' lang='grc' dir='ltr'>ἢ</span> 
     </span>
    </p>
   </div>
   <div class='ocr_carea' id='block_1_7' title="bbox 639 4558 3230 4832">
    <p class='ocr_par' dir='ltr' id='par_1_10' title="bbox 639 4558 3230 4832">
     <span class='ocr_line' id='line_1_44' title="bbox 639 4558 3230 4628; baseline -0.002 -14"><span class='ocrx_word' id='word_1_463' title='bbox 639 4565 672 4614; x_wconf 93' lang='grc' dir='ltr'>λ</span> <span class='ocrx_word' id='word_1_464' title='bbox 712 4563 907 4628; x_wconf 78' lang='lat' dir='ltr'><strong>scripsi</strong></span> <span class='ocrx_word' id='word_1_465' title='bbox 942 4559 1235 4626; x_wconf 88' lang='grc' dir='ltr'>φωνήεντι</span> <span class='ocrx_word' id='word_1_466' title='bbox 1270 4563 1305 4612; x_wconf 82' lang='grc' dir='ltr'>ἶ</span> <span class='ocrx_word' id='word_1_467' title='bbox 1339 4561 1375 4624; x_wconf 83' lang='grc' dir='ltr'>ἢ</span> <span class='ocrx_word' id='word_1_468' title='bbox 1411 4562 1458 4612; x_wconf 75' lang='grc' dir='ltr'>ἰ.</span> <span class='ocrx_word' id='word_1_469' title='bbox 1494 4589 1559 4596; x_wconf 89' lang='grc'>-</span> <span class='ocrx_word' id='word_1_470' title='bbox 1596 4560 1781 4626; x_wconf 79' lang='grc' dir='ltr'>φυςτή</span> <span class='ocrx_word' id='word_1_471' title='bbox 1819 4563 2049 4626; x_wconf 82' lang='lat' dir='ltr'><strong>apposui</strong></span> <span class='ocrx_word' id='word_1_472' title='bbox 2085 4577 2149 4611; x_wconf 84' lang='lat' dir='ltr'>ex</span> <span class='ocrx_word' id='word_1_473' title='bbox 2178 4561 2354 4612; x_wconf 84' lang='lat' dir='ltr'><strong>Schol.</strong></span> <span class='ocrx_word' id='word_1_474' title='bbox 2381 4561 2657 4626; x_wconf 80' lang='lat' dir='ltr'><strong>Aristoph.</strong></span> <span class='ocrx_word' id='word_1_475' title='bbox 2683 4561 2848 4626; x_wconf 85' lang='lat' dir='ltr'><strong>Vesp.</strong></span> <span class='ocrx_word' id='word_1_476' title='bbox 2873 4562 2974 4611; x_wconf 87' lang='grc'>610</span> <span class='ocrx_word' id='word_1_477' title='bbox 3009 4558 3230 4623; x_wconf 87' lang='grc' dir='ltr'>φυςτὴν</span> 
     </span>
     <span class='ocr_line' id='line_1_45' title="bbox 650 4625 3230 4695; baseline -0.003 -12"><span class='ocrx_word' id='word_1_478' title='bbox 650 4632 850 4695; x_wconf 81' lang='grc' dir='ltr'>μᾶζαν·</span> <span class='ocrx_word' id='word_1_479' title='bbox 889 4629 1072 4694; x_wconf 85' lang='grc' dir='ltr'>φυςτὴ</span> <span class='ocrx_word' id='word_1_480' title='bbox 1112 4630 1252 4692; x_wconf 81' lang='grc' dir='ltr'>μᾶζα</span> <span class='ocrx_word' id='word_1_481' title='bbox 1288 4627 1323 4690; x_wconf 86' lang='grc' dir='ltr'>ἡ</span> <span class='ocrx_word' id='word_1_482' title='bbox 1363 4627 1419 4680; x_wconf 80' lang='grc' dir='ltr'>ἐξ</span> <span class='ocrx_word' id='word_1_483' title='bbox 1456 4625 1717 4693; x_wconf 72' lang='grc' dir='ltr'>ἀλφίτων</span> <span class='ocrx_word' id='word_1_484' title='bbox 1755 4628 1846 4679; x_wconf 82' lang='grc' dir='ltr'>καὶ</span> <span class='ocrx_word' id='word_1_485' title='bbox 1882 4627 2055 4679; x_wconf 90' lang='grc' dir='ltr'>οἴνου.</span> <span class='ocrx_word' id='word_1_486' title='bbox 2102 4627 2389 4680; x_wconf 82' lang='grc' dir='ltr'>ὀξυτόνως</span> <span class='ocrx_word' id='word_1_487' title='bbox 2424 4628 2511 4690; x_wconf 86' lang='grc' dir='ltr'>δέ,</span> <span class='ocrx_word' id='word_1_488' title='bbox 2551 4628 2630 4679; x_wconf 87' lang='grc' dir='ltr'>ὥς</span> <span class='ocrx_word' id='word_1_489' title='bbox 2666 4643 2835 4692; x_wconf 90' lang='grc' dir='ltr'>φηςιν</span> <span class='ocrx_word' id='word_1_490' title='bbox 2872 4626 3230 4692; x_wconf 78' lang='grc' dir='ltr'>Ἡρωδιανὸς.</span> 
     </span>
     <span class='ocr_line' id='line_1_46' title="bbox 641 4694 3229 4763; baseline -0.002 -13"><span class='ocrx_word' id='word_1_491' title='bbox 641 4697 820 4763; x_wconf 83' lang='grc' dir='ltr'>Δίκτη</span> <span class='ocrx_word' id='word_1_492' title='bbox 858 4705 917 4748; x_wconf 83' lang='lat' dir='ltr'>et</span> <span class='ocrx_word' id='word_1_493' title='bbox 951 4695 1179 4763; x_wconf 81' lang='grc' dir='ltr'>(πάρτη</span> <span class='ocrx_word' id='word_1_494' title='bbox 1217 4696 1436 4761; x_wconf 78' lang='lat' dir='ltr'><strong>explevi</strong></span> <span class='ocrx_word' id='word_1_495' title='bbox 1471 4713 1538 4747; x_wconf 79' lang='lat' dir='ltr'>ex</span> <span class='ocrx_word' id='word_1_496' title='bbox 1573 4697 1654 4747; x_wconf 83' lang='lat' dir='ltr'>St.</span> <span class='ocrx_word' id='word_1_497' title='bbox 1689 4700 1752 4749; x_wconf 88' lang='lat' dir='ltr'>B.</span> <span class='ocrx_word' id='word_1_498' title='bbox 1837 4694 2022 4760; x_wconf 78' lang='grc' dir='ltr'>(άρτη</span> <span class='ocrx_word' id='word_1_499' title='bbox 2060 4712 2125 4746; x_wconf 86' lang='lat' dir='ltr'>ex</span> <span class='ocrx_word' id='word_1_500' title='bbox 2160 4696 2353 4747; x_wconf 85' lang='lat' dir='ltr'><strong>eodem</strong></span> <span class='ocrx_word' id='word_1_501' title='bbox 2386 4697 2606 4759; x_wconf 82' lang='lat' dir='ltr'><strong>addidi,</strong></span> <span class='ocrx_word' id='word_1_502' title='bbox 2643 4698 2777 4747; x_wconf 78' lang='lat' dir='ltr'><strong>item</strong></span> <span class='ocrx_word' id='word_1_503' title='bbox 2807 4695 3081 4759; x_wconf 83' lang='grc' dir='ltr'>Πὲμπτη,</span> <span class='ocrx_word' id='word_1_504' title='bbox 3132 4712 3229 4761; x_wconf 89' lang='lat' dir='ltr'>pro</span> 
     </span>
     <span class='ocr_line' id='line_1_47' title="bbox 644 4762 3229 4832; baseline -0.001 -16"><span class='ocrx_word' id='word_1_505' title='bbox 644 4783 750 4832; x_wconf 88' lang='lat' dir='ltr'>quo</span> <span class='ocrx_word' id='word_1_506' title='bbox 787 4766 1028 4818; x_wconf 84' lang='lat' dir='ltr'><strong>Meinek.</strong></span> <span class='ocrx_word' id='word_1_507' title='bbox 1067 4765 1379 4830; x_wconf 76' lang='lat' dir='ltr'><strong>suspicatur</strong></span> <span class='ocrx_word' id='word_1_508' title='bbox 1411 4762 1695 4829; x_wconf 80' lang='grc' dir='ltr'>Πέμπτις,</span> <span class='ocrx_word' id='word_1_509' title='bbox 1742 4763 1840 4816; x_wconf 84' lang='lat' dir='ltr'>sed</span> <span class='ocrx_word' id='word_1_510' title='bbox 1875 4765 2113 4815; x_wconf 84' lang='lat' dir='ltr'><strong>conferri</strong></span> <span class='ocrx_word' id='word_1_511' title='bbox 2148 4769 2334 4829; x_wconf 79' lang='lat' dir='ltr'><strong>potest</strong></span> <span class='ocrx_word' id='word_1_512' title='bbox 2366 4763 2554 4828; x_wconf 88' lang='grc' dir='ltr'>Τρίτη.</span> <span class='ocrx_word' id='word_1_513' title='bbox 2717 4765 2752 4815; x_wconf 93' lang='lat' dir='ltr'>l.</span> <span class='ocrx_word' id='word_1_514' title='bbox 2791 4766 2856 4815; x_wconf 76' lang='lat'>29</span> <span class='ocrx_word' id='word_1_515' title='bbox 2896 4762 3127 4827; x_wconf 78' lang='grc' dir='ltr'>Ὀρὲςτη</span> <span class='ocrx_word' id='word_1_516' title='bbox 3164 4790 3229 4798; x_wconf 94' lang='grc'>-</span> 
     </span>
    </p>
   </div>
  </div>
 </body>
</html>
