3664 5546
619 377 748 466 380
1555 376 1637 431 ΕΚ
1677 376 1817 430 ΤΩΝ
1861 376 2270 430 ΗΡΩΔΙΑΝΟΥ

617 547 774 626 μετὰ
829 546 1006 624 νίκην
1062 547 1525 628 ἱππομαχικήν,
1583 548 1684 611 καὶ
1739 547 2082 624 κληθέντος
2138 547 2565 628 Ἀλαβάνδου,
2620 546 2659 610 ὅ
2717 546 2840 612 ἐςτι
2886 548 3045 612 κατὰ
3087 549 3204 627 τὴν

620 649 843 728 Καρῶν
901 649 1131 728 φωνὴν
1184 649 1539 714 ἱππόνικος.
1637 647 1762 712 ἅλα
1816 648 1939 726 γὰρ
1994 650 2109 713 τὸν
2173 647 2409 732 ἵππον,
2470 649 2673 730 βάνδ,α
2725 650 2796 713 δὲ
2853 650 2971 728 τὴν
3026 649 3202 728 νίκην

616 752 930 815 καλοῦςιν.
1005 750 1372 827 Θρύανδα
1415 751 1601 816 πόλις
1644 749 1889 814 Λυκίας.
1967 750 2377 828 Καρύανδα
2427 751 2614 815 πόλις
2658 751 2760 814 καὶ
2804 752 2989 830 λιμὴν
3035 751 3202 830 ὁμώ-

615 872 814 931 νυμος
861 852 1127 930 πληςίον
1165 852 1434 916 Μύνδου
1468 854 1571 917 καὶ
1617 852 1733 916 Κῶ.
1799 852 2125 916 Ἑκαταῖος
2159 852 2533 929 Καρύανδαν
2568 851 2769 929 αὐτήν
2803 873 2971 932 φηςι.
3059 852 3202 917 Λά-

553 961 585 1012 5
620 958 915 1033 βρανδα
957 955 1134 1033 κώμη
1183 954 1425 1032 Καρίας.
1499 952 1797 1033 (τράβων
1844 953 1920 1018 ιδ’
1966 953 2060 1038 (p.
2093 951 2263 1033 659).
2331 953 2591 1031 Λάραν
2608 957 2699 1017 δα
2726 953 2914 1018 πόλις
2958 953 3202 1017 Λυκαο-

615 1055 770 1119 νίας.
870 1055 1275 1120 Οἰνόανδα
1338 1055 1525 1119 πόλις
1589 1055 1835 1120 Λυκίας.
1934 1055 2347 1132 Ἀλέξανδρος
2414 1055 2483 1119 ἐν
2548 1055 2787 1137 πρώτῳ
2857 1054 3233 1126 Λυκιακῶν.,

613 1155 1036 1222 Πάςςανδα
1067 1156 1305 1234 χωρίον
1338 1156 1513 1234 παρὰ
1546 1155 1995 1235 Ἀδραμύττιον
2037 1156 2228 1220 πόλιν
2259 1158 2359 1220 καὶ
2396 1155 2715 1233 Κιςθήνην.
2761 1155 3202 1221 Λαλίςανδα

614 1258 803 1322 πόλις
834 1257 1149 1337 Ἰςαυρική.
1194 1259 1506 1323 Ἄλινδα
1536 1258 1724 1322 πόλις
1757 1258 2017 1340 Καρίας,
2065 1258 2156 1322 ῶς
2185 1257 2595 1340 Πολυίςτωρ,
2639 1256 2975 1332 Πίγινδα
3006 1261 3202 1336 δῆμος

620 1358 861 1436 Καρίας.
931 1359 1288 1424 Κάλυνδα
1332 1360 1517 1424 πόλις
1565 1360 1805 1437 Καρίας
1879 1359 2196 1437 Νάαρδα
2239 1360 2425 1423 πόλις
2471 1357 2695 1436 (υρίας
2740 1358 2905 1436 πρὸς
2949 1366 3040 1442 τῷ
3087 1358 3200 1422 Εὐ-

521 1471 581 1522 10
616 1461 860 1542 φράτῃ,
909 1460 998 1524 ῶς
1043 1461 1369 1540 Ἀρριανὸς
1412 1462 1752 1539 Παρθικῶν
1798 1461 2134 1544 ἑνδεκάτῳ.
2212 1460 2518 1539 Κύαρδα
2562 1460 2748 1523 πόλις
2797 1459 3026 1537 Καρίας
3068 1458 3199 1525 ἀπὸ

624 1561 914 1640 Κυάρδου
960 1564 1262 1642 βαςιλέως
1304 1564 1561 1644 Καρῶν,
1608 1561 1749 1626 υἱοῦ
1797 1562 2144 1640 Βαργάςου.
2210 1562 2285 1626 τὸ
2332 1564 2401 1626 δὲ
2447 1560 2797 1641 Ἠμωδόν
2842 1560 2998 1639 ὄρος
3030 1561 3200 1625 Ἰνδι-

618 1663 734 1727 κὸν
781 1662 1103 1746 ὀξύνεται,
1149 1666 1314 1728 τινὲς
1359 1666 1430 1727 δὲ
1475 1663 2062 1742 προπαροξυτόνως
2106 1664 2408 1742 Ἤμωδον
2455 1662 2765 1737 λέγουςιν.
2814 1673 2824 1682 ·

787 1800 824 1836 ιι
872 1780 967 1846 Τὰ
1011 1781 1099 1845 εἰς
1141 1769 1262 1846 ἦ
1294 1782 1603 1860 οὐδέτερα
1647 1781 1828 1860 κύρια
1865 1783 2231 1864 βαρύνεται,
2277 1781 2327 1845 Τ
2342 1780 2815 1860 ρικόρυνθον
2845 1780 3201 1859 οὐδετέρως

616 1881 903 1960 Δίδυμος
947 1883 1049 1945 καὶ
1091 1882 1462 1964 Διόδωρος,
1505 1882 1852 1948 Διονύςιος
1897 1882 2269 1965 ἀρςενικῶς,
2315 1881 2655 1961 Εὐφορίων
2701 1885 3008 1959 θηλυκῶς.
3074 1883 3199 1947 ἔςτι

518 1994 579 2045 15
617 1985 688 2048 δὲ
735 1986 931 2062 δῆμος
973 1987 1084 2061 τῆς
1127 1984 1458 2049 Αἰαντίδος
1514 1986 1740 2063 φυλῆς.
1828 1984 2212 2063 Δούμαθα
2266 1984 2453 2048 πόλις
2500 1983 2803 2063 Ἀραβίας.
2896 1983 3199 2048 Κάναθα

468 2078 484 2096 “
615 2084 802 2149 πόλις
843 2085 1006 2162 πρὸς
1051 2091 1127 2168 τῇ
1174 2084 1415 2168 Βόςτρᾳ
1460 2085 1761 2166 Ἀραβίας.
1849 2085 2140 2163 Ὄραθα
2183 2085 2370 2149 πόλις
2422 2088 2532 2162 τῆς
2575 2083 2646 2148 έν
2691 2084 2942 2162 Τίγρητι
2990 2083 3195 2162 Μεςή-

615 2206 745 2265 νης.
845 2186 1173 2264 Ἀρριανὸς
1237 2185 1616 2264 Παρθικῶνι
1644 2180 2079 2269 ἑκκαιδεκάτῳ.
2182 2186 2464 2261 Είγαθα
2529 2186 2715 2250 πόλις
2779 2185 3009 2265 Λιβύης
3022 2221 3074 2266 ,α
3108 2184 3197 2251 ὡς

615 2285 914 2367 (τράβων
959 2287 1452 2370 ἑπτακαιδεκάτῃ
1481 2289 1574 2371 (p.
1607 2286 1775 2369 829).
1819 2289 2106 2367 ’Ἀμαθα
2134 2291 2246 2367 τῆς
2278 2287 2565 2367 Ἀραβίας
2594 2286 2850 2366 χωρίον.
2910 2287 3197 2365 κέκληται

616 2390 687 2452 δὲ
731 2387 862 2454 ἀπὸ
906 2392 1019 2466 τῆς
1063 2387 1290 2467 ἄμμου.
1378 2389 1531 2468 φαςὶ
1573 2389 1696 2467 γὰρ
1740 2390 1815 2453 τὸ
1862 2389 2032 2453 πολὺ
2077 2392 2189 2466 τῆς
2232 2386 2519 2467 Ἀραβίας
2564 2388 2692 2452 ὑπὸ
2743 2391 2854 2465 τῆς
2900 2375 3199 2467 Ἐρυθράς

510 2503 579 2551 20
616 2491 811 2554 πάλαι
856 2489 1356 2555 κατακλύζεςθαι.

780 2630 817 2666 ιι
865 2608 960 2673 Τὰ
1003 2608 1092 2672 εἰς
1136 2612 1252 2673 ι’(όν
1299 2609 1481 2687 κύρια
1512 2611 1879 2692 βαρύνεται,
1930 2608 2248 2673 Μάζακα
2292 2607 2478 2672 πόλις
2511 2607 2961 2673 Καππαδοκίας
3004 2608 3043 2685 ἡ
3079 2611 3197 2672 νῦν

617 2710 976 2792 Καιςάρεια,
1034 2709 1395 2776 Μάςςακα
1446 2710 1631 2776 πόλις
1690 2711 1938 2793 Ἰνδῶν,
1994 2711 2325 2789 Ἀρριανὸς
2381 2709 2452 2775 έν
2507 2710 2806 2775 Ἰνδικοῖς.
2904 2708 3195 2788 Παραί-

610 2832 803 2877 τακα
846 2812 1032 2876 πόλις
1077 2813 1324 2891 Μηδικὴ
1380 2813 1419 2890 ἡ
1474 2814 1577 2877 καὶ
1631 2815 1920 2891 θηλυκῶς
1963 2811 2348 2891 Παραιτάκη.
2439 2810 2742 2891 (άρακα
2793 2812 2971 2890 χώρα
3016 2812 3196 2890 Ἀρα-

613 2912 747 2992 βίας
791 2914 946 2993 μετὰ
989 2914 1142 2978 τοὺς
1189 2914 1601 2994 Ναβαταίους.

509 3046 575 3095 ‘25
626 3062 632 3069 ·
778 3053 816 3089 a
863 3030 958 3095 Τὰ
1013 3033 1083 3096 δὲ
1139 3033 1392 3110 κτητικὰ
1448 3032 1738 3097 ὀξύνεται
1797 3034 1889 3097 ὡς
1943 3033 2045 3096 καὶ
2086 3033 2165 3096 τὰ
2220 3031 2545 3116 ἀρςενικά,
2601 3031 3051 3110 Ἑλληνικόν
3095 3033 3199 3096 καὶ

616 3131 949 3209 Καρικόν
993 3133 1182 3197 τόποι
1227 3133 1297 3196 ἐν
1332 3133 1662 3214 Μέμφιδι,·
1698 3133 2126 3209 Κυνητικόν
2160 3133 2417 3213 Ἰβηρίας
2455 3133 2655 3197 τόπος
2700 3133 2965 3210 πληςίον
2998 3132 3193 3197 ὠκεα-

610 3235 746 3297 νοῦ.
834 3232 1201 3311 Ἡρόδωρος
1256 3233 1501 3318 δεκάτῳ
1544 3239 1675 3299 τῶν
1732 3234 1879 3297 καθ’
1922 3235 2251 3311 Ἡρακλέα.
2327 3235 2781 3312 Μεγαρικόν
2836 3234 3195 3314 πολίχνιον,

611 3334 648 3397 ὃ
681 3333 1204 3410 ςυγκαταλέγεται
1248 3338 1387 3400 ταῖς
1418 3337 1705 3400 Βιθυνῶν
1749 3336 2027 3400 πόλεςιν.
2073 3337 2401 3414 Ἀρριανὸς
2442 3337 2711 3418 πέμπτῳ
2745 3335 3197 3401 «Ἀςτακόςκαὶ

609 3434 833 3512 Ἡραία
877 3436 979 3497 καὶ
1015 3435 1091 3499 τὸ
1135 3436 1498 3514 Μεγαρικόν
1515 3462 1556 3498 ».
1629 3437 2160 3515 Μολυκρικόν·
2208 3437 2414 3501 οὕτως
2459 3436 2749 3501 ἐκαλεῖτο
2795 3436 3195 3502 Ῥίονπόλτς

509 3550 576 3600 :30
608 3535 928 3600 Αἰτωλίας.
998 3534 1327 3613 (αμικόν
1372 3537 1764 3618 Τριφυλιακὴ
1808 3539 2011 3602 πόλις.
2080 3537 2385 3613 (ιτικόγ
2431 3538 2618 3603 πόλις
2660 3538 2937 3602 Ἰταλίας.
3000 3538 3193 3603 Ἁλι·

610 3636 745 3700 κόν
817 3637 1056 3714 χωρίον
1111 3638 1274 3716 πρὸς
1327 3645 1404 3722 τῇ
1470 3638 1798 3723 Αὐγούςτᾳ
1854 3639 1957 3702 καὶ
2011 3637 2165 3717 ὄρος
2230 3639 2590 3719 ὁμώνυμον.
2686 3639 3193 3718 Ἀμαζονικόν

609 3736 810 3801 τόπος
870 3738 939 3801 ἐν
998 3739 1285 3822 Βοιωτίᾳ.
1387 3740 1751 3805 Ἰταλικόν
1818 3740 2060 3819 χωρίον
2118 3740 2410 3806 (ικελίας.
2502 3741 2975 3805 Χαλκιδικόν
3038 3739 3194 3816 ὄρος

611 3837 917 3921 (ικελίας,
965 3840 1055 3904 ὡς
1096 3839 1424 3921 Πολύβιος
1466 3841 1705 3924 πρώτῳ
1749 3841 1834 3921 (ο.
1874 3841 1947 3902 11
1962 3888 1981 3921 ,
2015 3840 2083 3923 8)
2131 3842 2240 3906 «ἐκ
2281 3847 2413 3907 τῶν
2446 3841 2862 3925 (υρακουςῶν
2908 3841 3190 3904 ἐποιεῖτο

608 3942 725 4019 τὴν
780 3941 1049 4019 πορείαν
1094 3943 1196 4006 καὶ
1239 3943 1938 4020 καταςτρατοπεδεύςας
1994 3943 2062 4008 ἐκ
2111 3945 2385 4022 θατέρου
2440 3945 2674 4024 μέρους
2717 3943 2863 4021 περὶ
2904 3942 2980 4007 τὸ
3027 3943 3192 4007 Χαλ-

507 4058 573 4107 :35
609 4045 848 4107 κιδικὸν
893 4042 1049 4121 ὄρος
1093 4043 1553 4124 καλούμενον».
1938 4052 1955 4062 ‘
3088 4047 3106 4057 ’

776 4179 813 4215 ¹*
861 4161 956 4226 Τὰ
999 4162 1087 4227 εἰς
1133 4150 1253 4228 jao—v
1307 4162 1615 4241 οὐδέτερα
1672 4163 2180 4244 ὑπερδιςύλλαβα
2241 4165 2828 4245 προπαροξύνεται,
2895 4164 3190 4240 γύαλον

744 4348 779 4402 1.
824 4351 883 4400 13
922 4364 1183 4401 canonem
1220 4353 1496 4415 composui
1532 4366 1599 4400 ex
1638 4351 1717 4402 St.
1755 4351 1843 4413 B„
1891 4350 2040 4415 apud
2079 4367 2236 4416 quem
2277 4352 2342 4401 de
2380 4350 2600 4415 Ἀμαθα
2636 4350 2839 4401 diserte
2877 4349 3191 4414 οὐδετέρως

610 4416 829 4466 dieitur.
907 4418 1168 4469 Fortasse
1222 4418 1314 4467 hic
1368 4424 1843 4470 commemoratum
1898 4419 2006 4468 fuit
2063 4419 2217 4470 velut
2271 4424 2583 4484 exemptum
2638 4424 2916 4482 oxytonon
2971 4415 3193 4482 Θεβηθά

607 4483 882 4548 φρούριον
927 4483 1378 4547 Μεςοποταμίας.
1458 4485 1746 4551 Ἀρριανὸς
1802 4484 2102 4552 ἑνδεκάτῃ,
2158 4503 2283 4538 nam
2337 4488 2550 4552 gentile
2595 4483 2923 4551 Θεβηθηνός
2979 4486 3193 4537 confert

609 4556 686 4601 St.
727 4553 786 4601 B.
825 4569 946 4615 emp
984 4552 1296 4617 Ἀμαθηνόε
1333 4556 1404 4605 ab
1441 4554 1659 4618 Ἀμαθα
1697 4561 2023 4619 propagato.
2162 4556 2198 4606 l.
2236 4558 2297 4605 21
2339 4571 2404 4604 ex
2442 4556 2521 4604 St.
2562 4556 2619 4604 B.
2660 4554 2817 4610 finxi,
2857 4570 2890 4603 a
2930 4570 3035 4618 quo
3073 4550 3192 4604 Μά-

607 4622 745 4672 ζακα
782 4628 1131 4686 eomparatur
1168 4638 1288 4672 cum
1314 4621 1506 4674 Τύανα
1543 4629 1598 4673 et
1637 4623 1877 4673 vicissim
1902 4620 2169 4673 Μάςςακα
2196 4640 2312 4672 cum
2339 4618 2602 4686 Μάζακα,
2641 4619 2975 4685 Παραίτακα
3009 4628 3192 4671 autem

535 4704 542 4727 ι
608 4704 726 4738 oum
768 4688 802 4740 Γ
805 4688 974 4753 {paca
1006 4684 1222 4754 Ζόαρα;
1261 4689 1388 4740 hinc
1423 4692 1591 4741 etiam
1616 4687 1838 4754 (ἀρακα
1874 4691 2020 4740 inter
2054 4696 2249 4741 neutra
2285 4689 2477 4751 retuli,
2517 4705 2841 4754 quamquam
2880 4692 2939 4739 in
2968 4691 3190 4740 Passov.

610 4756 717 4805 lex.
755 4755 975 4820 (άρακα
1012 4756 1047 4819 ἡ
1087 4758 1391 4808 exhibetur.
1589 4759 1623 4808 1.
1659 4762 1726 4808 25
1763 4759 1906 4807 hunc
1944 4773 2209 4808 canonem
2246 4775 2312 4807 ex
2350 4756 2428 4805 St.
2466 4759 2527 4807 B.
2568 4757 2862 4822 composui.
3056 4756 3091 4804 l.
3128 4757 3192 4804 36

607 4821 821 4885 γύαλον
867 4825 1051 4889 recepi
1096 4840 1168 4874 ex-
1207 4825 1271 4877 11.
1313 4826 1400 4875 Pr.
1439 4823 1476 4878 Ε
1524 4830 1589 4876 99
1636 4824 1762 4876 coll.
1807 4825 2068 4875 Eustath.
2117 4826 2184 4875 ad
2230 4826 2283 4875 h.
2322 4824 2385 4887 1.,
2436 4824 2700 4876 Lehrsius
2747 4839 2845 4889 per
2888 4824 3067 4874 lusum
3112 4824 3192 4872 sie
