3664 5546
1157 392 1316 448 Περι
1358 391 1750 451 κΑθοΛικΗς
1786 388 2210 450 ΠΡΟΕΩιΔιΑς
2250 389 2320 448 ις.
2912 379 3039 448 459

616 583 665 626 ff.
702 565 798 630 Τὰ
850 551 1030 644 τρί’τα
1083 565 1475 645 πληθυντικὰ
1528 563 1879 632 ἐνεςτῶτος
1934 563 2179 644 χρόνου
2232 562 2272 640 ἢ
2317 561 2671 641 μέλλοντος
2714 555 2805 621 εἰς
2845 559 2882 618 ’ἰ
2926 556 3036 635 λή-

447 687 651 745 γοντα
693 667 862 733 θέλει
906 666 1249 748 ὁμοτονεῑν
1290 670 1431 731 ταῖς
1472 669 1925 745 πληθυντικαῖς
1969 667 2250 731 δοτικαῖς
2292 667 2425 728 τῶν
2471 664 2794 741 μετοχῶν,
2838 656 3039 730 ὁπότε

449 769 551 834 καὶ
592 768 1082 851 ὁμοφωνοῦςιν,
1129 770 1403 849 λέγομεν
1449 769 1666 843 λέγετε
1712 769 1794 834 λέ
1804 789 2028 847 γουςι
2073 767 2176 831 καὶ
2217 769 2355 830 τοῖς
2400 763 2727 844 λέγουςιν,
2775 759 3036 838 ἵςταμεν

444 867 654 936 ἵςτατε
706 868 958 937 ἱςτᾶςι
1013 872 1117 936 καὶ
1169 873 1308 936 τοῖς
1361 870 1626 953 ἱςτᾶςιν,
1681 870 1860 950 ἵεμεν
1912 869 2044 934 ἵετε
2087 867 2299 933 ἱεῖςι·
2353 867 2456 930 καὶ
2497 865 2622 942 γὰρ
2664 862 2869 928 ἱέντες
2909 860 3037 927 ἱέν-
3181 944 3208 957 ..

446 993 580 1038 των
622 971 793 1056 ἱεῖςι,
840 973 1106 1051 λέξομεν
1137 972 1347 1039 λέξετε
1387 972 1699 1038 λέξουςι
1744 974 1850 1037 καὶ
1891 974 2027 1036 τοῖς
2074 971 2350 1051 λέξουςι,
2395 970 2756 1032 διδοῦςιν
2801 965 3034 1030 ἐκεῖνοι
3076 975 3111 1026 5

447 1075 551 1140 καὶ
607 1077 746 1140 τοῖς
802 1078 1116 1157 διδοῦςιν,
1173 1078 1586 1151 ζευγνῦςιν
1628 1074 1863 1140 ἐκεῖνοι
1905 1075 2010 1139 καὶ
2052 1076 2190 1138 τοῖς
2247 1072 2591 1147 Ζευγνῦςιν.
2680 1066 3040 1131 ἀντιπίπτει

448 1175 653 1254 μόνον
696 1176 773 1240 τὸ
817 1174 1002 1256 φαςί
1044 1176 1209 1254 πρὸς
1252 1177 1330 1241 τὸ
1375 1179 1527 1255 φᾶςι
1570 1156 1906 1254 μετοχικὸν
1953 1175 2044 1241 ὡς
2088 1178 2274 1240 ςτᾶςι.
2357 1172 2435 1236 τὸ
2480 1172 2552 1236 δὲ
2596 1168 2804 1234 αἴτιόν
2850 1167 3038 1249 ἐςτιν,

451 1277 550 1343 ὅτι
593 1280 790 1341 τοῦτο
834 1276 1218 1360 ἐγκλιτικόν,
1262 1277 1343 1342 τὰ
1386 1279 1459 1342 δὲ
1503 1277 1818 1354 ἐγκλιτικὰ
1862 1277 2027 1341 αὐτὰ
2071 1275 2218 1340 καθ’
2260 1273 2457 1339 ἑαυτὰ
2501 1271 2664 1335 ὄντα
2706 1270 2777 1335 ἐν
2821 1275 2898 1352 τῇ
2940 1289 3039 1334 τε·

451 1377 707 1461 λευταίᾳ
752 1382 1028 1463 ςυλλαβῇ
1073 1378 1366 1443 θέλουςιν
1410 1378 1582 1459 ἔχειν
1626 1380 1745 1445 τὸν
1789 1379 2022 1460 τόνον,
2066 1375 2257 1470 φημί,
2302 1374 2452 1457 εἰμί,
2497 1373 2638 1438 ἐςτί.

618 1526 655 1562 ιι
701 1496 797 1562 Τὰ
840 1495 929 1562 εἰς
972 1501 1028 1561 ἓῑ
1071 1498 1571 1577 παραληγόμενα
1623 1504 1716 1583 τῷ
1773 1502 1816 1561 ἇ
1865 1499 2405 1576 προπεριςπᾶται,
2461 1494 2872 1573 πιμπρᾶςι,
2927 1511 3037 1554 κι-
3076 1501 3147 1553 10

449 1602 705 1682 χρᾶςι,
749 1598 1021 1665 ἱςτᾶςι·
1078 1601 1179 1665 καὶ
1222 1600 1475 1690 ζητοῦςί
1515 1620 1715 1682 τινες,
1768 1599 1945 1664 τίνος
1987 1599 2174 1678 χάριν
2230 1596 2312 1661 οὐ
2355 1596 2731 1673 περιςπᾶται
2789 1592 2932 1656 «καί
2972 1592 3040 1655 τ’

364 1772 375 1774 ⁴
450 1700 770 1779 ἀγεληδὸν
814 1699 1011 1766 ἴαςι»
1055 1699 1151 1783 (Π
1196 1699 1345 1782 160)
1388 1702 1492 1765 καὶ
1536 1701 1840 1784 λέγομεν,
1891 1700 1988 1766 ὅτι
2033 1701 2115 1764 τὰ
2157 1696 2738 1777 προπεριςπώμενα
2795 1693 3038 1759 ἰςοςυλ-

450 1805 633 1883 λαβεῖ
682 1805 823 1868 τοῖς
877 1803 1190 1886 πρώτοις,
1245 1803 1436 1867 ἱςτᾶςι
1484 1802 1775 1884 ἵςταμεν,
1830 1808 2073 1882 κιχρᾶςι
2117 1802 2416 1880 κίχραμεν
2431 1848 2449 1879 ,
2504 1797 2584 1861 τὰ
2644 1797 2716 1860 δὲ
2759 1794 3039 1861 πλεονά-

450 1910 645 1970 ζοντα
696 1904 912 1983 τρίτην
966 1904 1099 1969 ἀπό
1153 1905 1381 1970 τέλους
1425 1903 1555 1984 ἔχει
1606 1905 1724 1983 τὴν
1782 1904 2032 1987 ὀξεῖαν,
2089 1903 2349 1980 δίδομεν
2395 1897 2735 1980 διοόαςι,
2790 1899 3042 1976 τίθεμεν

449 2006 829 2087 τιθέαςιν,
884 2005 956 2070 ἐν
1010 2004 1108 2070 οἷς
1166 2006 1286 2071 οὖν
1341 2008 1418 2071 τὸ
1472 2005 1597 2071 ἴαςι
1651 2008 2201 2085 πλεονοςυλλαβεῖ
2255 2008 2375 2068 τοῦ
2428 2000 2603 2082 ἴμεν,
2660 1999 2735 2062 ἐν
2783 1999 3040 2064 τούτοις
3077 2010 3140 2062 15

451 2108 553 2172 καὶ
603 2095 1289 2186 προπαροξυνθήςεται.
1389 2107 1516 2173 ἔςτι
1583 2109 1685 2172 καὶ
1742 2109 1951 2174 οὕτως
2005 2108 2209 2172 εἰπεῖν’
2264 2105 2414 2182 περὶ
2464 2106 2582 2167 τοῦ
2645 2099 2841 2166 ἴαςιν·
2907 2104 3039 2165 πᾶν

448 2211 877 2288 πληθυντικὸν
943 2209 1032 2275 εἰς
1083 2211 1204 2286 ’μέ-ιῐ
1260 2210 1494 2292 λῆγον,
1561 2210 1671 2274 ὅτε
1726 2209 1853 2275 ἑςτὶ
1905 2208 2038 2274 ἀπὸ
2093 2213 2223 2273 τῶν
2279 2206 2368 2270 εἰς
2420 2206 2516 2286 ist,
2575 2205 2908 2282 μεταποιεῖ
2961 2203 3037 2266 τὸ

448 2310 667 2389 τρίτον
719 2315 852 2376 τῶν
917 2314 1361 2388 πληθυντικῶν
1427 2312 1517 2377 εἰς
1580 2315 1680 2378 iffi
1733 2310 2426 2389 προπαροξυνόμενον,
2492 2307 2742 2386 τίθεμεν
2785 2302 3039 2383 τιθέαςι,

452 2411 712 2490 δίδομεν
758 2410 1027 2494 διδόαςι,
1079 2411 1257 2491 ἵεμεν
1314 2411 1543 2495 ἱέαςι,
1598 2413 1749 2491 ἔμεν
1795 2411 1997 2494 ἔαςι,
2054 2410 2403 2489 ζεύγνυμεν
2447 2406 2939 2482 ζευγνύαςιν·
2986 2404 3040 2468 εἰ

452 2511 574 2578 οὖν
627 2513 792 2578 ἐςτιν
846 2511 1019 2593 ἴμεν,
1072 2515 1270 2592 ςαφὲς
1324 2512 1421 2578 ὅτι
1474 2522 1551 2599 τῇ
1596 2515 1758 2598 αὐτῇ
1803 2511 2154 2594 ἀκολουθίᾳ
2198 2513 2301 2575 καὶ
2341 2511 2417 2576 τὸ
2462 2509 2587 2596 ἴαςι
2630 2511 3039 2586 προπαροξυ-
3075 2517 3144 2580 20

449 2614 876 2691 τονηθήςεται.
963 2611 1089 2679 ἔςτι
1146 2615 1218 2679 δὲ
1261 2613 1394 2680 ἀπὸ
1437 2619 1554 2681 τοῦ
1600 2615 1725 2695 εἶμι
1768 2617 1847 2680 τὸ
1891 2614 2250 2692 πορεύομαι
2293 2612 2370 2676 τὸ
2414 2609 2842 2688 πληθυντικὸν
2896 2607 3040 2689 ἴμεν

394 2753 402 2757 «
451 2715 557 2779 διὰ
601 2718 718 2779 τοῦ
760 2715 810 2779 ἶ.

618 2833 714 2899 Τὰ
766 2834 857 2899 εἰς
909 2838 975 2913 {a
1029 2836 1281 2901 εὐκτικὰ
1347 2835 1866 2917 ἀποςτρέφονται
1923 2838 2040 2916 τὴν
2097 2835 2311 2902 ὀξεῖαν
2366 2832 2576 2915 τάςιν,
2632 2832 3038 2915 τύπτοιμι,

449 2935 806 3019 τύποιμι,
849 2941 1198 3020 ποιοῖμι,
1243 2941 1637 3020 χρυςοῖμι,
1686 2943 1946 3022 βοῷμι.

618 3055 713 3121 Τὰ
767 3056 1035 3135 δεύτερα
1099 3056 1345 3120 καὶτὰ
1397 3057 1575 3134 τρίτα
1638 3063 1768 3122 τῶν
1824 3057 1915 3122 εἰς
1977 3061 2047 3136 HT
2098 3056 2405 3121 εὐκτικῶν
2462 3054 2846 3134 ὁμοτονοῦςι
2901 3057 3041 3118 τοῖς
3075 3064 3144 3115 25

452 3158 634 3224 ἰδίοις
677 3159 992 3240 πρώτοις,
1047 3157 1341 3238 τύπτοιμι
1396 3159 1755 3243 τύπτοις,
1811 3158 2123 3242 τύπτοι,
2179 3159 2425 3236 ποιοῖμι
2471 3159 2741 3220 ποιοῖς
2782 3158 3040 3237 ποιοῖ,

452 3264 655 3343 eoem
700 3264 903 3345 βοῷε
948 3264 1120 3344 3012»-

619 3378 762 3444 Πᾶς
814 3378 1281 3463 παρῳχημένος
1335 3379 1644 3458 ὁριςτικὸς
1699 3380 1789 3446 εἰς
1846 3384 1889 3445 ἇ
1934 3383 2136 3459 λῆγον
2192 3378 2734 3458 ὑπερδιςύλλαβος
2791 3376 3038 3441 ἁπλοῦς

449 3478 1037 3561 προπαροξύνεται,
1103 3481 1432 3565 τέτυφα,
1498 3483 1893 3560 πεποίηκα
1948 3480 2425 3560 παρακείμενος.
2532 3478 2772 3559 ὁμοίως
2835 3478 2938 3544 καὶ
3001 3476 3039 3541 ὁ

451 3579 745 3658 ἀόριςτος
798 3580 1051 3660 ἔτυψα
1107 3582 1448 3662 ἐποίηςα.
1535 3585 1742 3649 τὸδὲ
1797 3583 1960 3663 ἧψα
2011 3583 2114 3649 καὶ
2157 3581 2339 3647 οἶδα
2392 3582 2765 3664 διςύλλαβα,
2820 3581 2923 3645 καὶ
2964 3578 3040 3644 τὸ
3076 3593 3145 3647 30

453 3685 768 3762 ςυνῆψα
813 3681 1134 3748 ςύνθετον.
1223 3686 1299 3750 τὸ
1345 3686 1418 3750 δὲ
1463 3686 1747 3766 ἐφοίτα
1792 3685 1923 3751 ἀπὸ
1966 3689 2085 3751 τοῦ
2131 3683 2396 3765 ἐφοίταε
2439 3684 2516 3748 τὸ
2561 3686 2604 3746 ἃ
2647 3683 2905 3762 μακρόν.
3168 3706 3174 3713 ·

618 3800 714 3866 Τὰ
767 3799 857 3866 εἰς
904 3787 992 3869 θα
1036 3802 1107 3869 ἐν
1165 3804 1489 3885 δευτέραις
1544 3805 1916 3903 προςώποις
1982 3803 2489 3884 ὑπερδιςύλλαβα
2553 3801 3040 3881 προπαροξύνε-

451 4107 530 4161 εἰς
564 4109 674 4175 τὴν
708 4112 759 4161 Ei
792 4108 1104 4174 δίφθογγον
1139 4110 1387 4175 λήγοντα
1428 4109 1651 4177 ῥήματα
1699 4110 1792 4164 ἐπὶ
1838 4111 2039 4164 τέλους
2083 4112 2289 4176 ἔχοντα
2334 4110 2440 4161 τὸν
2485 4108 2659 4160 τόνον
2704 4110 3041 4174 περιςπᾶται

448 4174 576 4233 οἷον
611 4181 760 4229 ποιεῖ
795 4178 949 4249 τελεῖ
984 4181 1115 4231 νοεῖ.
1187 4178 1509 4243 πρόςκειται
1545 4180 1639 4231 ἐπὶ
1674 4179 1875 4232 τέλους
1912 4180 2116 4243 ἔχοντα
2151 4178 2257 4230 τὸν
2290 4177 2466 4229 τόνον
2500 4176 2590 4228 διὰ
2623 4176 2694 4227 τὸ
2731 4174 2912 4228 ἐποίει
2945 4176 3040 4228 καὶ

451 4243 615 4297 ἐνόει.
682 4248 868 4297 ταῦτα
910 4245 1018 4311 γὰρ
1065 4249 1478 4313 περιςπῶνται,
1525 4247 1660 4300 ἀλλ’
1703 4247 1808 4299 οὐκ
1855 4247 2040 4311 ἔχουςι
2082 4247 2188 4298 τὸν
2234 4244 2408 4297 τόνον
2453 4243 2546 4295 ἐπὶ
2593 4243 2808 4296 τέλους.
2881 4246 3041 4308 Quae

450 4313 669 4365 Charax
705 4314 775 4364 ab
813 4315 1133 4365 Herodiano
1170 4321 1450 4368 mutuatus
1489 4331 1611 4367 esse
1645 4316 1883 4369 videtur.
2019 4315 2055 4368 1.
2085 4318 2112 4366 1
2151 4329 2417 4366 canonem
2451 4312 2732 4377 composui
2767 4328 2836 4362 ex
2857 4312 2923 4363 11.
2947 4313 3039 4366 Pr.

450 4380 495 4434 Λ
530 4383 657 4433 2⁷0:
696 4384 933 4445 προῑεῑςι
978 4387 1037 4432 et
1075 4381 1109 4434 Γ
1150 4385 1270 4445 152,
1316 4383 1415 4434 ubi
1448 4381 1771 4435 ἀντιπίπτει
1808 4383 1986 4446 μόνον
2029 4381 2118 4435 διά
2161 4397 2215 4433 τι
2259 4379 2441 4432 αἴτιον
2485 4380 2555 4431 τὸ
2600 4376 2736 4443 φαςί
2780 4378 2924 4444 πρὸς
2968 4378 3039 4431 τὸ

451 4450 583 4512 φᾶςι
619 4448 918 4513 μετοχικὸν
955 4448 1033 4500 ώς
1070 4451 1248 4513 ςτᾶςι,
1295 4451 1416 4517 ipse
1465 4467 1712 4514 causam,
1759 4468 1858 4502 cur
1892 4466 2023 4515 φαςι
2061 4456 2320 4506 acuatur,
2367 4464 2436 4498 ex
2473 4448 2670 4501 Choer.
2705 4450 2832 4512 510,
2869 4449 2936 4498 25
2980 4453 3040 4500 et

451 4517 576 4579 869,
615 4519 705 4580 10,
741 4517 886 4568 unde
935 4519 1104 4569 etiam
1147 4519 1307 4568 initio
1352 4517 1388 4581 ἢ
1436 4517 1743 4581 μέλλοντος
1791 4519 2008 4582 addidi,
2057 4518 2337 4585 supplevi3
2388 4516 2622 4567 alteram
2665 4517 3044 4582 exceptionem

454 4579 552 4634 εἰςί
586 4592 882 4651 propterea
918 4587 1105 4649 omisi,
1143 4585 1287 4705 quod
1323 4586 1673 4637 Herodianus
1710 4586 1919 4638 diserte
1963 4602 2128 4638 unum
2174 4590 2393 4636 tantum
2441 4584 2651 4649 exeipit
2683 4589 2744 4635 et
2789 4584 3041 4636 consulto

453 4652 701 4702 omisisse
735 4654 961 4704 videtur
993 4653 1096 4704 hoo
1129 4667 1156 4705 ε
1181 4651 1256 4717 ci,
1293 4654 1425 4718 quia
1462 4654 1687 4705 dativus
1722 4656 2004 4720 participii
2040 4653 2144 4706 εῖςι
2179 4668 2289 4704 non
2326 4653 2496 4703 estin
2518 4666 2649 4717 usu,
2689 4651 2824 4702 lieet
2848 4651 3042 4705 Choer.

455 4719 700 4785 exemplo
736 4719 908 4772 παῖδα
944 4721 1080 4773 ἔντα
1115 4737 1273 4778 usum
1308 4720 1469 4773 huius
1505 4723 1792 4788 participii
1826 4723 2157 4787 comprobet.
2296 4722 2335 4770 l.
2362 4723 2427 4771 10
2460 4720 2608 4770 hune
2644 4735 2910 4771 canonem
2945 4735 3042 4786 ap-

454 4787 614 4848 posui
648 4802 715 4838 ex
750 4789 849 4852 Ep.
894 4789 982 4839 Cr.
1016 4791 1043 4840 I
1078 4793 1194 4848 381,
1232 4792 1317 4841 24.
1525 4790 1557 4840 1.
1593 4791 1660 4840 28
1707 4806 1804 4855 pro
1842 4787 2249 4854 παρακείμενος
2285 4789 2447 4853 posui
2485 4792 2708 4853 propter
2743 4785 2948 4850 ἐφοίτα
2983 4791 3040 4839 in

454 4850 560 4903 fine
604 4862 1083 4907 commemoratum
1125 4856 1535 4924 παρῳχημένος
1581 4864 1638 4910 et
1682 4864 1809 4931 post
1844 4855 2128 4924 πεποίηκα
2175 4857 2362 4909 adieci
2407 4852 2831 4920 παρακείμενος.
