3664 5546
1477 389 1893 440 PRAEFATIO.
2831 383 2971 435 va

408 551 601 617 diano
656 549 965 637 probata,
1023 546 1491 634 relinquerent,
1550 567 1714 631 quae
1770 546 1855 609 ab
1914 567 1988 608 eo
2058 543 2343 608 refutata
2398 553 2584 607 erant
2636 542 2753 627 (cf.
2803 565 2858 607 e.
2905 564 2968 627 g.

407 653 484 718 Il.
532 652 642 716 Pr.
688 653 744 717 Ξ
787 651 915 715 340
957 651 1184 716 εὔαδεν
1229 660 1295 715 et
1337 648 1433 713 Io.
1477 646 1669 712 Alex.
1714 645 1828 726 39,
1882 645 1960 710 12
2004 642 2386 729 αὐτάρκως),
2431 644 2501 709 id
2546 645 2744 710 etiam
2773 645 2973 710 Arca·

408 754 554 819 dius
597 753 951 835 commisit,
1009 774 1062 816 e.
1108 773 1172 834 g.
1221 751 1376 830 αὔξη
1420 772 1483 836 p.
1534 749 1683 829 113,
1734 750 1766 811 1
1812 747 2179 834 barytonon
2226 747 2416 829 dicit,
2478 747 2593 812 sed
2639 769 2724 812 63
2763 746 2972 812 Theo·

407 865 641 942 gnosto
685 878 745 942 p.
796 853 916 918 116
960 852 1390 939 comperimus
1436 872 1660 915 vocem
1705 872 1847 914 esse
1893 850 2257 932 ἀμφίβολον
2310 851 2457 929 περὶ
2498 852 2726 933 τόνον,
2772 848 2974 913 Hero-

411 957 680 1022 dianum
724 966 940 1021 autem
985 954 1368 1020 acuentibus
1412 950 1731 1016 calculum
1775 950 2121 1034 adiecisse3
2169 954 2263 1015 sic
2307 951 2389 1015 de
2432 952 2623 1018 ἐννέα
2652 973 2978 1032 ςεςημειω-

412 1063 625 1142 μένοις
682 1057 1003 1145 genetivis
1053 1055 1321 1143 pluralis
1372 1055 1522 1134 134,
1564 1055 1607 1117 6
1660 1076 1975 1118 canonem
2029 1052 2396 1137 generalem
2449 1051 2733 1140 profert,
2788 1074 2979 1140 quem

412 1160 903 1227 Choeroboscus
947 1159 1126 1223 Dict.
1156 1158 1280 1222 453
1327 1156 1410 1222 ab
1443 1102 1820 1221 Herodiano
1860 1156 2277 1242 reprobatum
2307 1177 2453 1220 esse
2482 1153 2725 1220 diserte
2754 1153 2977 1219 tradit.

491 1257 503 1280 '
579 1262 929 1328 Praeterea
975 1259 1339 1346 suppressit
1389 1256 1713 1324 Arcadius
1772 1279 2079 1338 magnam
2125 1257 2573 1344 exemplorum
2621 1255 2978 1321 multitudi-

412 1388 560 1430 nem
591 1387 647 1429 e.
681 1387 745 1450 g.
790 1386 826 1428 e
869 1361 1240 1428 nominibus
1286 1361 1618 1426 femininis
1662 1360 1726 1423 in
1775 1368 1909 1427 οων
1946 1362 2265 1446 ληθεδών,
2308 1363 2623 1441 τηκεδών,
2670 1361 2982 1441 ςηπεδών,

415 1469 633 1547 ἀηδών
677 1463 980 1554 protulit,
1029 1463 1252 1528 omisit
1295 1463 1660 1547 ἀκηχεδών,
1705 1464 2029 1547 ἀλθεδών,
2075 1465 2408 1547 τυφεδών,
2455 1465 2771 1546 μελεδών,
2833 1462 2982 1542 ἀκη-

416 1570 582 1651 δών,
617 1568 957 1656 ἀλγηδών,
1003 1566 1332 1648 ἀχθηδών,
1377 1587 1544 1651 quae
1587 1563 1787 1629 habet
1830 1514 2283 1648 Theo'gn.32,
2333 1565 2431 1629 13.

397 1662 402 1670 ’
583 1667 840 1733 Recidit
884 1687 1077 1791 porro
1122 1665 1619 1762 explicationem
1663 1665 2130 1768 vocabulorum
2173 1667 2387 1731 minus
2432 1676 2759 1732 notorum:
2822 1689 2878 1730 e.
2923 1688 2985 1751 g.
3016 1697 3027 1704 -

417 1773 486 1835 in
542 1793 789 1836 canone
843 1772 921 1835 τὰ
976 1771 1063 1835 εἰς
1122 1776 1256 1834 δων
1313 1771 1819 1850 ὑπερδιςύλλαβα
1872 1791 1935 1855 p.
1986 1770 2092 1849 11,
2143 1768 2222 1834 15
2264 1767 2603 1834 historiam
2655 1769 2989 1832 nominum

419 1874 737 1956 Ἀμυδών,
811 1873 1149 1955 Καλυδών,
1212 1872 1521 1954 Ἀπιδών,
1586 1892 1781 1957 quam
1844 1892 1929 1934 ex
1995 1869 2324 1958 Stephano
2389 1871 2715 1957 Byzantio
2782 1894 2832 1935 s.
2878 1893 2989 1935 vv.

421 1973 681 2060 explere
725 1995 1067 2059 possumus
1085 2020 1103 2053 ,
1148 1994 1340 2058 porro
1384 1971 1887 2058 explicationem
1931 1974 2111 2037 vocis
2157 1975 2457 2057 χελιδών,
2513 1973 2696 2037 cuius
2740 1980 2991 2058 partem

421 2098 505 2139 ex
545 2074 721 2140 Mon.
769 2074 831 2156 9,
877 2073 918 2138 6
963 2075 1234 2154 χελιδών
1280 2074 1407 2139 εἴτε
1451 2075 1686 2155 ὄρνεον
1731 2073 1857 2139 εἴτε
1916 2075 1953 2138 ὁ
1994 2077 2154 2154 -περὶ
2208 2083 2340 2141 τῶν
2396 2079 2671 2141 τελετῶν
2716 2076 2990 2156 γράψας,

420 2185 674 2263 partem
719 2198 804 2240 ex
846 2174 1061 2241 Schol.
1110 2174 1194 2239 ad
1238 2175 1577 2261 Aristoph.
1610 2175 1740 2239 Av.
1791 2175 1956 2239 1680
1998 2178 2100 2240 καὶ
2127 2177 2433 2256 Αἰςχύλος
2476 2179 2551 2243 τὸ
2599 2179 2992 2259 βαρβαρίζειν

423 2279 833 2358 χελιδονίζειν
879 2280 1030 2358 φηςὶ
1071 2281 1176 2343 καὶ
1203 2279 1347 2342 Ἴων
1392 2279 1462 2342 ἐν
1497 2277 1792 2361 Ὀμφάλῃ
1837 2279 1992 2342 τοὺς
2037 2279 2393 2359 βαρβάρους
2437 2281 2771 2358 χελιδόνας
2814 2279 2992 2358 ἀρςε-

428 2385 615 2445 νικῶς
658 2401 878 2464 φηςιν,
920 2381 1027 2445 »ὡς
1072 2380 1464 2459 Ἡρωδιανὸς
1518 2379 1589 2444 ἑν
1644 2386 1736 2462 τῷ
1780 2380 2019 2463 πρώτῳ
2074 2383 2184 2457 τῆς
2238 2381 2517 2446 καθόλου
2562 2381 2751 2462 φηςίν
2807 2379 2992 2446 resti·
3099 2376 3113 2390 ⁶

425 2493 606 2546 tuere
649 2502 1015 2568 possumus,

593 2583 766 2646 Tum
808 2583 1026 2648 omisit
1067 2582 1443 2648 testimonia
1471 2582 1865 2667 scriptorum
1897 2605 1951 2645 6.
1984 2604 2046 2667 g.
2091 2592 2166 2646 ut
2195 2582 2388 2648 modo
2419 2582 2736 2664 vidimus,
2782 2581 2995 2648 locum

426 2685 604 2750 Ionis
635 2682 938 2770 Omphal.
969 2685 1053 2749 ad
1087 2682 1477 2748 firmandum
1508 2705 1698 2746 usum
1743 2684 1923 2747 vocis
1967 2686 2239 2763 χελιδών
2282 2685 2757 2770 praetermisit,
2803 2706 2995 2771 porro

428 2787 670 2852 nomini
716 2788 1003 2867 Ἀμυδών
1049 2785 1337 2875 detraxit
1377 2784 1592 2850 locum
1634 2786 1939 2868 Homeri,
1987 2808 2176 2873 quem
2221 2786 2411 2852 affert
2455 2786 2679 2873 Steph.
2725 2788 2890 2873 Byz.

594 2888 893 2974 Denique
936 2887 1478 2974 pretiosissimum
1522 2888 1935 2953 Prooemium
1977 2886 2380 2972 Catholicae,
2428 2890 2603 2975 quod
2647 2910 2887 2974 magna
2916 2910 2998 2953 ex

429 2998 614 3077 parte
659 2990 952 3055 servavit
996 2988 1090 3054 Ιο.
1138 2988 1366 3071 Α163.,
1424 2990 1679 3055 omnino
1737 2990 2092 3075 oppressit,
2156 2991 2329 3076 quod
2386 3014 2460 3056 eo
2500 2991 2723 3076 ,magis
2781 2989 2999 3056 dolen-

433 3092 587 3157 dum
641 3102 772 3172 est,
835 3090 1009 3179 quod
1065 3114 1143 3155 ea
1195 3113 1380 3178 parS,
1447 3114 1576 3177 qua
1641 3101 2125 3156 antecessorum
2184 3114 2449 3177 operam
2514 3116 2642 3158 non
2699 3092 3000 3158 sufficere

435 3193 1027 3275 demonstraverat,
1074 3194 1270 3257 etiam
1313 3216 1353 3257 a
1396 3192 1491 3257 Ιο.
1534 3192 1730 3258 Alex.
1775 3195 2019 3259 omissa
2062 3203 2184 3258 est.

600 3294 785 3359 Haec
838 3295 980 3381 ipse
1035 3317 1105 3359 se
1161 3293 1453 3360 consulto
1507 3295 1925 3381 praeteriisse
1980 3294 2223 3360 fatetur
2280 3296 2642 3380 Arcadius,
2700 3296 2820 3362 sed
2873 3295 3005 3361 alia

434 3399 660 3479 etiam,
729 3396 964 3482 quibus
1018 3396 1469 3461 Herodianum
1525 3395 1796 3460 multum
1860 3397 1930 3459 in
1975 3394 2313 3461 Catholica
2370 3397 2681 3464 tribuisse
2736 3400 3001 3482 scimus,

433 3497 746 3585 neglexit.

603 3599 968 3666 Scholiasta
1009 3600 1314 3686 Dionysii
1356 3624 1420 3688 p.
1466 3576 1588 3664 677
1635 3599 1703 3662 in
1745 3599 1893 3684 ipsa
1934 3598 2298 3666 Herodiani
2353 3600 2729 3669 definitione
2783 3625 3005 3689 proso-

436 3703 582 3767 diae
639 3699 835 3786 (τὰςις
885 3739 971 3749 -
1024 3705 1181 3768 κατὰ
1233 3704 1308 3768 τὸ
1364 3702 1828 3779 ἀπαγγελτικὸν
1896 3705 2007 3780 τῆς
2074 3704 2303 3770 λέξεως
2359 3705 2785 3792 ἐκφερομένη)
2847 3705 3008 3769 dicit

437 3806 680 3886 inesse,
728 3814 1065 3869 accentum
1120 3803 1474 3868 secundum
1529 3801 2072 3887 significationem
2114 3804 2392 3890 proferri
2438 3806 2670 3890 (ἐκείνη
2716 3808 2837 3886 γάρ
2882 3809 3005 3872 ἑςτι

436 3907 606 3971 τάςις
647 3907 840 3990 ὀρθή,
884 3908 1017 3984 ἥτις
1059 3907 1217 3972 κατὰ
1260 3905 1649 3983 ἀπαγγελίαν
1694 3906 1732 3982 ἢ
1779 3906 2073 3984 ςημαςίαν
2118 3911 2229 3985 τῆς
2275 3910 2504 3975 λέξεως
2534 3908 2896 3993 ἐκφέρεται)
2942 3918 3010 3972 ct

439 4030 494 4070 e.
539 4029 603 4092 g.
675 4009 871 4085 ἁγνός
937 4017 1002 4071 et
1063 4004 1262 4085 ἄγνος
1327 4006 1588 4071 diverso
1651 4003 1984 4072 intellectu
2052 4006 2309 4073 diverso
2376 4019 2645 4074 accentu
2708 4010 3010 4095 proferri.

442 4109 659 4195 Atque
704 4131 1093 4196 quamquam
1122 4107 1555 4193 significatum
1587 4105 1910 4171 Arcadius
1954 4108 2022 4171 in
2052 4109 2167 4191 iis,
2213 4131 2297 4173 ex
2326 4109 2561 4196 quibus
2592 4110 3008 4177 Herodianus

442 4220 773 4275 accentum
829 4209 1271 4297 suspenderit,
1338 4232 1467 4275 non
1522 4219 1857 4274 enumerat
1922 4219 1987 4273 et
2037 4211 2106 4274 in
2156 4212 2538 4275 universum
2593 4234 2870 4277 canones
2898 4235 3012 4276 -63

444 4322 716 4376 externa
755 4310 1220 4378 vocabulorum
1265 4312 1482 4397 specie
1535 4310 1832 4374 maxime
1864 4320 2267 4394 statuuntur,
2324 4322 2542 4378 tamen
2586 4323 2652 4378 et
2695 4336 2778 4378 ex
2832 4336 3012 4400 pros-

445 4413 631 4478 odiae
691 4412 1066 4479 definitione
1109 4435 1187 4477 ac
1228 4422 1463 4477 natura
1508 4421 1572 4476 et
1615 4433 1700 4475 ex
1742 4412 1885 4496 ipso
1926 4413 2211 4479 Arcadio
2254 4415 2643 4502 perspicitur
2686 4416 2770 4480 ad
2814 4415 3012 4501 signi-

447 4515 711 4580 ficatum
755 4512 1102 4600 diligenter
1144 4514 1502 4579 attendisse
1544 4513 2018 4579 Herodianum.
2077 4515 2367 4580 Maxime
2410 4539 2678 4581 necesse
2721 4517 2844 4583 hoc
2888 4519 3017 4582 fuit

445 4617 513 4679 in
559 4617 959 4695 nominibus,
1007 4638 1283 4702 quorum
1324 4616 1537 4680 forma
1576 4615 1708 4679 nisi
1751 4625 2023 4679 accentu
2064 4639 2196 4684 non
2241 4618 2526 4683 discreta
2570 4628 2728 4683 erat.
2818 4619 3014 4684 Scho-

447 4717 670 4782 liastes
723 4718 1003 4805 Dionys.
1069 4740 1186 4805 pro
1253 4716 1549 4805 exemplo
1617 4716 1804 4780 affert
1857 4720 1931 4782 τὸ
1988 4718 2233 4785 ΑΡΓΟΕ
2288 4722 2342 4786 εἰ
2400 4723 2514 4801 μὲν
2570 4723 2846 4801 ςημαίνει
2900 4724 3017 4787 τὸν

452 4821 766 4904 ῥᾴθυμον,
811 4822 1129 4888 ὀξύνεται·
1187 4821 1240 4886 εἰ
1285 4823 1353 4886 δὲ
1400 4820 1766 4902 βαρύνεται,
1821 4818 2099 4899 ςημαίνει
2154 4821 2362 4902 ὄνομα
2412 4823 2619 4887 τόπου
2675 4825 2778 4888 καὶ
2830 4826 3024 4890 κυνὸς

523 4956 902 4993 nnnommvs.
938 4943 985 4996 1.
2565 4945 2601 4985 e
