3664 5546
18 433 161 1117 Θόἓεηηνκ,

1421 1325 1735 1408 PRAE
1756 1330 1968 1410 FAT
1986 1330 2127 1410 10.

647 1747 741 1812 Ut
785 1746 1200 1811 Herodianus
1256 1747 1327 1810 in
1371 1745 1714 1812 Prooemio
1759 1747 2114 1813 Prosodiae
2159 1749 2535 1815 Catholicae
2580 1750 2662 1816 de
2720 1751 3069 1819 difficulta-

464 1850 656 1914 tibus
702 1849 948 1943 negotii
992 1848 1096 1913 sui
1140 1856 1206 1912 et
1250 1847 1334 1913 de
1377 1857 1863 1913 antecessorum
1907 1871 2140 1936 parum
2195 1850 2433 1917 idonea
2489 1874 2691 1938 opera
2736 1852 3067 1934 disseruit,

465 1951 576 2015 sic
622 1950 782 2014 mihi
827 1971 1084 2035 quoque
1127 1947 1312 2034 larga
1356 1948 1549 2036 copia
1594 1959 1695 2015 est
1751 1950 2161 2037 explicandi,
2208 1963 2367 2039 quot
2420 1962 2830 2041 quantasque
2875 1955 3068 2022 mole-

462 2052 639 2117 stias
671 2051 1238 2116 Herodianearum
1281 2049 1702 2136 reliquiarum
1746 2051 2077 2135 collectiO,
2124 2053 2502 2141 dispositio,
2549 2055 2916 2123 emendatio
2959 2080 3065 2123 ex·

460 2154 723 2235 hibeat,
757 2174 964 2238 neque
996 2154 1488 2219 antecessoruin
1517 2150 2205 2239 reprehendendorum
2236 2157 2510 2221 materia
2554 2157 2772 2238 deest,
2805 2167 2875 2223 at
2902 2158 3065 2223 nihil

458 2254 728 2341 potius,
789 2253 950 2318 nihil
995 2253 1326 2339 antiquius
1370 2253 1580 2320 habeo
1636 2278 1830 2341 quarn
1887 2257 2178 2342 profiteri
2231 2257 2389 2324 boni
2451 2258 2765 2345 quidquid
2820 2259 2889 2323 in
2944 2259 3066 2325 1100

454 2356 644 2421 libro
700 2358 871 2422 inest
926 2355 1153 2421 deberi
1215 2355 1747 2442 praeceptoribus
1808 2358 2005 2439 111018,
2074 2357 2314 2443 quibus
2382 2381 2642 2424 sacrum
2707 2382 2855 2424 eum
2922 2383 3064 2426 0880

457 2456 657 2523 volui
705 2462 900 2543 (quae
943 2479 983 2522 a
1025 2466 1203 2521 recto
1251 2456 1594 2538 aberrant,
1642 2459 1865 2524 omnia
1908 2457 2157 2524 scilicet
2201 2469 2352 2524 sunt
2394 2483 2540 2525 mea
2582 2461 2789 2547 ipsius
2836 2486 3061 2527 verum

455 2557 923 2642 investigandi
967 2558 1243 2625 studiosi
1290 2558 1552 2644 quidem
1593 2581 1716 2624 nee
1760 2569 1981 2624 tamen
2010 2561 2257 2646 ubique
2286 2562 2658 2625 inveniendi
2691 2565 3061 2647 compotis).

453 2659 848 2726 Lobeckius
905 2668 970 2724 et
1020 2658 1333 2725 Lehrsius
1400 2659 1688 2723 omnium
1745 2660 1957 2725 nostri
2011 2661 2160 2725 aevi
2216 2661 2508 2724 virorum
2578 2659 2921 2726 doctorum
2979 2662 3060 2727 de

457 2760 851 2827 Herodiano
896 2763 1137 2848 optime
1193 2769 1593 2841 meruerunt,
1651 2759 1967 2826 Lehrsius
2025 2769 2090 2826 et
2133 2759 2339 2827 Iliaca
2381 2761 2707 2828 Prosodia
2761 2786 2796 2827 e
2852 2763 3059 2829 ruinis

457 2866 528 2927 in
589 2862 801 2927 lucem
845 2872 1181 2949 protracta
1223 2862 1538 2950 librisque
1582 2864 1726 2943 περὶ
1771 2865 2094 2943 μονήρουε
2152 2864 2382 2930 λέξεως
2438 2873 2504 2927 et
2549 2867 2695 2943 περὶ
2739 2866 3059 2944 διχρόνων

453 2965 711 3030 iterum
756 2963 1164 3029 emendatius
1209 2964 1437 3046 editis,
1485 2963 1857 3045 Analectis,
1914 2985 2081 3049 quae
2136 2962 2369 3027 horum
2412 2964 2612 3029 trium
2667 2965 3057 3051 scriptorum

451 3065 831 3131 recensioni
863 3065 1213 3132 subiuncta
1243 3065 1604 3130 Herodiani
1633 3065 2068 3150 cognitionem
2097 3065 2335 3130 mirum
2365 3075 2680 3151 quantum
2709 3078 3058 3148 auxerunt,

450 3166 715 3231 illustri
792 3164 902 3230 illo
971 3165 1140 3233 libro
1218 3166 1301 3231 de
1368 3166 1740 3231 Aristarchi
1820 3166 2057 3230 studiis
2136 3165 2759 3253 quaestionibusque
2837 3169 3059 3253 epicis,

449 3267 850 3334 Lobcckius
896 3266 1393 3335 admirabilibus
1442 3267 2015 3332 dissertationibus
2061 3269 2542 3351 grammaticis,
2590 3290 2757 3353 quae
2803 3268 3062 3353 singula

450 3370 931 3455 grammatices
978 3371 1200 3457 capita
1246 3369 1332 3435 ab
1366 3368 1747 3435 Herodiano
1790 3377 2074 3433 tractata
2104 3369 2315 3433 fusius
2359 3367 2735 3454 explanant.
2802 3369 3058 3433 Horum

450 3472 765 3536 virorum
841 3469 1192 3556 disciplina
1255 3470 1593 3536 institutus
1671 3491 2025 3554 eorumque
2092 3468 2353 3555 seriptis
2451 3469 2714 3533 adiutus
2793 3492 2896 3534 me
2972 3469 3057 3533 ad

448 3571 758 3637 edendas
804 3570 1168 3636 Herodiani
1211 3570 1522 3658 reliquias
1567 3571 1862 3651 accinxi,
1908 3568 2084 3656 quod
2129 3591 2290 3655 opus
2324 3568 2756 3636 validioribus
2805 3570 3055 3635 viribus

449 3693 753 3758 aequum
806 3694 1141 3758 nunquam
1206 3673 1674 3759 suscepissem,
1733 3670 1862 3734 nisi
1929 3669 2093 3736 tales
2163 3671 2360 3735 duces
2430 3669 2836 3753 habuissem,
2893 3692 3056 3734 nun-

445 3796 663 3860 quam
711 3773 791 3836 ad
841 3773 1035 3838 finem
1079 3773 1564 3860 perduxissem,
1610 3772 1738 3836 nisi
1767 3772 2027 3838 Lehrsii
2057 3771 2325 3837 consilio
2359 3771 2779 3858 paratissimo
2824 3780 2891 3837 et
2932 3793 3057 3857 ope

441 3872 933 3940 liberalissima
975 3875 1070 3939 uti
1112 3875 1274 3939 mihi
1318 3874 1631 3939 licuisset.

634 3975 892 4040 Tenuia
935 3975 1113 4061 pium
1156 3985 1543 4062 gratumque
1586 3976 1874 4040 animum
1929 3975 2240 4040 testantia
2294 3975 2500 4039 verba
2543 3973 2878 4058 praefatus
2924 3974 3050 4037 iam

441 4076 712 4142 accedo
758 4075 842 4140 ad
887 4097 1052 4158 rem,
1098 4099 1295 4163 quam
1339 4078 1407 4141 in
1452 4076 1573 4142 hac
1616 4077 2024 4162 praefatione
2069 4097 2395 4162 exponere
2439 4072 2769 4139 constitui.

1486 4329 1737 4430 caput
1788 4327 2042 4429 prius.

1145 4530 1250 4594 De
1294 4529 1690 4596 Herodiani
1736 4530 1891 4595 vita
1935 4530 2012 4594 et
2054 4528 2373 4610 scripti&

626 4687 675 4764 ξ
733 4682 791 4744 1.
879 4680 1165 4744 Primum
1209 4703 1629 4768 componam,
1683 4703 1849 4768 quae
1895 4704 1935 4744 a
1977 4679 2419 4766 grammaticis
2465 4676 2738 4761 aliisque
2784 4675 3079 4777 scripto-d

433 4787 644 4851 ribus
701 4781 787 4845 de
833 4779 1193 4845 Herodiani
1235 4783 1376 4848 vita
1418 4781 1663 4847 tradita
1709 4793 1880 4846 sunt.

1561 5073 2095 5142 οἹΓρζἻΓκῑῖζ-,ἶ

3098 4672 3304 4723 Excorpta

3085 4750 3107 4777 e
3128 4737 3336 4776 Herodian

3182 4801 3189 4810 ⁸
3200 4808 3208 4832 ι
