3664 5546
613 404 848 452 CLXXX
1691 403 2088 452 PRAEFATIO
2098 437 2113 451 .

609 557 1049 636 examinasse,
1096 565 1168 620 ut
1221 558 1332 642 qui
1387 558 1782 642 antiquiores
1839 567 2055 620 essent
2096 557 2507 637 Herodiano,
2556 559 2611 621 si
2654 558 2917 644 quidem
2964 581 3081 645 pro
3128 581 3196 622 re

609 660 694 722 ab
749 657 1129 722 Herodiano
1197 667 1474 722 tractata
1537 657 1774 743 prolati
1844 669 2025 741 sunt,
2087 680 2196 721 eos
2266 659 2350 722 ad
2418 659 2791 723 testandum
2865 662 3195 724 nominum

609 782 799 822 usum
855 760 1242 845 proferrem3
1315 761 1578 823 serioris
1636 782 1793 823 vero
1850 760 2086 824 aetatis
2147 771 2448 824 auctores
2505 763 2900 842 omitterem,
2960 761 3197 826 dubiae

609 861 841 925 aetatis
887 862 1068 924 velut
1110 861 1414 946 Dionysii
1461 861 1862 945 periegetae,
1910 861 2097 924 cuius
2144 872 2323 925 aetas
2371 861 2645 926 Mullero
2701 862 2999 947 pluribus
3056 885 3194 926 sae·

608 963 771 1026 culis
839 964 1169 1048 antiquior
1222 973 1323 1026 est
1384 985 1578 1048 quam
1636 962 2096 1046 Bernhardy0‚
2154 965 2210 1026 si
2266 965 2559 1043 omnino,
2617 963 2685 1025 in
2739 963 3197 1028 adnotamenta

609 1066 825 1149 potius
871 1086 1065 1149 quam
1109 1065 1172 1126 in
1221 1073 1470 1127 textum
1514 1064 1887 1148 reciperem.

1593 1316 1699 1384 De
1744 1317 2217 1401 Theognosto.

777 1471 1235 1556 Theognostus
1279 1492 1342 1555 p.
1376 1471 1437 1552 2,
1484 1471 1525 1532 5
1570 1472 1708 1556 ipse
1750 1471 2001 1535 fatetur
2043 1494 2112 1535 se
2143 1494 2425 1536 canones
2457 1471 2992 1557 orthographicos
3040 1495 3191 1536 suos

608 1596 691 1637 ex
737 1572 1100 1638 Herodiani
1146 1570 1486 1635 Catholica
1529 1575 1974 1658 composuisse
2021 1577 2135 1639 οὓς
2182 1574 2301 1656 (sc.
2335 1575 2640 1656 κανόνας)
2685 1575 2755 1638 ἐκ
2796 1579 2908 1653 τῆς
2952 1576 3191 1639 πολυύ-

609 1680 728 1740 λου
797 1677 1016 1756 βίβλου
1081 1679 1193 1752 τῆς
1258 1676 1539 1739 καθόλου
1609 1674 2012 1753 Ἠρωδιανοῦ
2079 1675 2550 1754 ἀναλεξάμενος
2626 1678 2728 1739 καὶ
2795 1678 2955 1742 λέξει
3026 1678 3191 1742 λέξιν

606 1779 1049 1856 προςήκουςαν
1096 1777 1506 1855 ἐπιςυνάψας.
1567 1775 1911 1855 Quomodo
1958 1776 2025 1839 in
2071 1798 2147 1839 ea
2190 1798 2260 1839 re
2305 1778 2544 1860 egerit,
2592 1800 2674 1840 ex
2707 1777 3192 1861 comparatione

606 1880 745 1941 eius
777 1900 925 1941 cum
951 1875 1259 1958 Arcadio,
1289 1900 1433 1940 cum
1466 1899 1592 1963 quo
1624 1887 1838 1941 tamen
1870 1899 2015 1940 eum
2046 1878 2207 1941 nihil
2238 1880 2565 1942 societatis
2597 1877 2840 1942 habere
2864 1880 2989 1941 nisi
3015 1878 3190 1964 quod

604 1989 678 2042 ut
723 1977 830 2041 ille
877 1978 1278 2042 Catholicam
1335 1980 1691 2064 excerpsit,
1749 1988 2017 2064 propter
2074 1979 2505 2043 Schmidtium
2561 1980 2645 2043 ad
2692 1979 2851 2044 HeS.
2907 1980 3189 2063 glossam

604 2082 836 2146 Λύλιος
899 2083 939 2159 ἢ
999 2081 1263 2145 Μύλλος
1320 2081 1388 2164 (λ
1439 2079 1626 2164 1412)
1692 2102 1957 2160 mone0,
2027 2078 2315 2144 dilucide
2381 2081 2630 2166 patefit.
2732 2081 2951 2161 Quum
3019 2083 3188 2144 enim

606 2181 1024 2245 Herodianus
1071 2184 1138 2244 in
1169 2180 1508 2246 Catholica
1537 2180 1821 2244 maxime
1866 2191 2174 2245 accentus
2218 2183 2534 2246 rationem
2565 2182 2837 2247 haberet
2865 2184 3191 2268 scriptura

605 2305 720 2368 per
763 2283 1170 2347 occasionem
1213 2291 1419 2363 tacta,
1468 2281 1924 2365 Theognostus
1958 2305 2095 2347 rem
2136 2283 2407 2347 invertit
2450 2284 2545 2347 ita
2588 2293 2662 2347 ut
2705 2307 2787 2348 cx
2831 2285 3188 2349 canonibus

603 2385 965 2469 prosodicis
1013 2383 1547 2469 orthographicos
1593 2384 1926 2449 formaret]
2017 2384 2249 2470 Itaque
2303 2407 2503 2471 quum
2557 2387 2838 2449 maxime
2895 2386 3185 2449 affinium

605 2486 961 2566 vocalium,
1030 2509 1191 2571 quas
1267 2496 1535 2571 propter
1605 2485 2082 2601 pronunciandi
2149 2486 2636 2550 similitudinem
2710 2488 2794 2552 ab
2868 2489 2971 2550 sui
3044 2489 3185 2550 aevi

601 2588 972 2654 hominibus
1029 2586 1198 2650 falso
1255 2587 1628 2671 consignari
1683 2587 1983 2667 videbat,
2051 2597 2291 2650 rectam
2351 2588 2737 2673 scripturam
2794 2589 3188 2674 praecipien-

603 2691 752 2754 dam
798 2700 1114 2771 sumeret,
1162 2713 1246 2752 cx
1291 2688 1653 2753 Herodiani
1697 2688 2060 2753 canonibus
2117 2710 2226 2752 eos
2288 2688 2516 2775 elegit,
2575 2691 2642 2753 in
2697 2692 2936 2778 quibus
2996 2713 3186 2755 voca·-

601 2792 789 2874 bula,
846 2796 1018 2857 inter
1072 2814 1237 2878 quae
1294 2792 1436 2855 soni
1505 2793 1958 2878 propinquitas
2013 2790 2496 2873 intercedebat,
2565 2792 3070 2858 continebantur
3123 2802 3188 2855 et

601 2919 802 2980 quum
858 2896 1063 2980 ipsius
1122 2895 1522 2981 temporibus
1582 2893 1935 2979 praecipue
1980 2915 2012 2958 ε
2071 2904 2137 2957 et
2181 2899 2274 2976 ᾶῖ,
2319 2897 2341 2957 i
2384 2904 2449 2957 et
2493 2917 2545 2957 ει
2591 2905 2656 2958 et
2697 2915 2769 2976 η,
2816 2916 2853 2957 υ
2898 2904 2965 2957 et
3009 2900 3101 2978 oi,
3148 2898 3185 2958 ὃ

602 3008 667 3061 et
713 3003 766 3060 iii
810 2999 1411 3076 commiscerentur,
1458 3005 1810 3079 praecepta
1854 3015 1973 3057 sua
2015 2996 2109 3058 ita
2152 2994 2470 3076 instituit,
2531 3005 2603 3058 ut
2646 2997 3004 3063 secundum
3062 3013 3184 3060 ter-

603 3100 1022 3179 minationes,
1081 3120 1164 3160 ex
1218 3096 1456 3182 quibus
1505 3094 1865 3159 Herodiani
1925 3117 2204 3159 canones
2262 3097 2584 3180 prosodici
2642 3097 2921 3161 ordinati
2978 3108 3183 3177 erant,

600 3199 957 3281 vocabula,
1004 3220 1175 3284 quae
1203 3199 1268 3261 in
1301 3196 1533 3261 ultima
1562 3207 1677 3260 aut
1706 3199 1772 3259 in
1805 3194 2204 3281 paenultima
2232 3196 2488 3282 syllaba
2517 3220 2745 3263 sonum
2776 3199 3184 3284 corruptelae

600 3300 959 3364 obnoxium
1001 3300 1362 3379 habebant,
1409 3308 1834 3382 compararet.

771 3401 988 3480 Quum
1032 3399 1446 3463 Herodianus
1489 3399 1816 3464 vocabula
1860 3400 1924 3462 in
1970 3404 2052 3478 η-ν·
2094 3412 2363 3486 propter
2387 3387 2738 3466 ⁸accentum
2784 3402 2850 3464 in
2896 3412 3185 3487 oxytona

600 3513 666 3566 et
719 3513 1135 3587 paroxytona
1201 3500 1640 3584 distingueret
1693 3503 1981 3587 itemque
2046 3502 2370 3567 vocabula
2435 3505 2502 3566 in
2561 3525 2655 3583 ιν,
2725 3502 3181 3586 Theognostus

599 3612 893 3688 oxytona
957 3612 1023 3665 et
1089 3603 1409 3689 barytona
1473 3604 1855 3667 consocians
1912 3602 2226 3667 discernit
2278 3603 2604 3668 vocabula
2658 3605 2725 3668 in
2779 3608 2863 3683 ἦν
2930 3607 3012 3669 ab
3078 3606 3179 3685 iis,

598 3726 767 3789 quae
832 3704 899 3765 in
957 3725 1017 3767 ιν
1081 3714 1324 3767 exeunt
1367 3727 1429 3789 p.
1477 3704 1592 3786 27,
1640 3705 1675 3768 7
1731 3707 1811 3770 τὰ
1866 3706 1956 3770 εἰς
2012 3727 2092 3782 ην
2152 3708 2431 3784 λήγοντα
2484 3705 2612 3770 εἴτε
2670 3706 2990 3786 βαρύτονα
3053 3707 3181 3771 εἴτε

600 3806 875 3871 ὀξύτονα
920 3808 1001 3886 μὴ
1047 3807 1206 3871 ὄντα
1252 3808 1669 3884 δικατάληκτα
1726 3809 1830 3871 διὰ
1885 3812 2004 3871 τοῦ
2048 3812 2085 3884 ῆ
2131 3807 2444 3887 γράφεται
2502 3811 2629 3872 κτλ.
2717 3809 2797 3871 τὰ
2850 3808 2939 3872 εἰς
2986 3829 3044 3871 ιν
3090 3813 3178 3891 οι-

599 3908 956 3986 κατάληκτα
1001 3910 1106 3972 διὰ
1161 3913 1279 3972 τοῦ
1337 3911 1357 3972 i
1410 3910 1752 3988 γράφεται;
1809 3918 1948 3971 tum
2005 3918 2366 3993 sequuntur
2420 3906 2741 3972 vocabula
2798 3909 2862 3971 in
2908 3930 2987 3972 υν
3032 3930 3178 3972 cum

597 4008 841 4072 diserto
888 4008 1335 4073 additamento
1378 4008 1642 4072 nomina
1686 4010 1750 4073 in
1798 4016 1901 4075 ὀιν
1942 4009 2011 4071 in
2057 4031 2354 4073 sermone
2399 4010 2654 4073 Graeco
2701 4032 2831 4071 non
2876 4012 3176 4094 reperiri:

599 4113 676 4174 τὰ
722 4111 811 4175 εἰς
858 4133 936 4175 υν
983 4112 1091 4175 ἐπ’
1122 4111 1370 4176 εὐθείας
1415 4112 1623 4189 ἑνικῆς
1671 4113 1790 4176 οὐκ
1836 4111 1973 4176 οἶδε
2019 4113 2135 4189 τὴν
2178 4115 2245 4174 ’δῖ
2290 4112 2666 4191 δίφθογγον.
2714 4110 2820 4174 Sic
2864 4121 2940 4174 ut
2984 4133 3178 4174 unam

597 4210 1012 4294 particulam,
1081 4212 1147 4274 in
1212 4235 1342 4297 qua
1404 4212 1487 4275 de
1541 4210 1945 4298 paenultima
2008 4213 2255 4295 agitur,
2314 4212 2658 4295 attingam,
2726 4208 3049 4275 vocabula
3110 4212 3177 4273 in

599 4319 710 4378 λος
754 4314 847 4375 sic
892 4322 1282 4393 tractantur,
1331 4324 1405 4377 ut
1447 4314 1725 4399 primum
1769 4312 2092 4378 vocabula
2120 4313 2449 4398 bisyllaba
2488 4324 2967 4392 enumerentur,
3013 4334 3178 4398 quae

596 4418 660 4478 in
701 4404 876 4497 ἶλοῖ,
934 4406 1106 4480 ειλος
1151 4426 1216 4478 et
1268 4421 1426 4495 ηλος
1481 4426 1751 4495 exeunt,
1809 4426 1949 4480 tum
1996 4415 2259 4477 nomina
2302 4414 2369 4476 in
2415 4420 2568 4480 υλος
2613 4428 2679 4478 et
2725 4419 2936 4494 οιλος,
2983 4436 3176 4499 porro

594 4540 676 4580 ex
723 4515 1092 4581 nominibus
1136 4515 1685 4603 hyperdisyllabis
1729 4520 1994 4580 nomina
2038 4518 2105 4580 in
2158 4505 2305 4581 ελος
2362 4517 2466 4580 διὰ
2521 4520 2638 4579 τοῦ
2684 4536 2711 4579 ε
2771 4520 2971 4595 ψιλοῦ
3028 4515 3067 4577 i.
3115 4539 3172 4578 c.

593 4640 717 4680 non
767 4641 884 4704 por
927 4622 1021 4699 ὦ,
1079 4620 1145 4680 ἰῐι
1194 4623 1350 4698 ηλος
1395 4630 1458 4681 et
1505 4623 1671 4698 ιλος,
1722 4629 2045 4704 postremo
2079 4620 2340 4681 nomina
2383 4618 2449 4679 in
2496 4604 2667 4682 uffo}
2713 4628 2778 4679 ct
2822 4621 2995 4682 ολος.
3070 4617 3173 4679 Ex

594 4720 715 4782 hac
783 4720 874 4782 rei
942 4719 1377 4783 instituendae
1443 4720 1694 4784 ratione
1760 4720 2212 4805 consequitur,
2292 4729 2366 4782 ut
2430 4718 2887 4801 'l'lieognostus
2962 4716 3178 4779 omnia

592 4822 914 4899 omiserit,
961 4843 1128 4905 quac
1172 4822 1256 4885 ab
1302 4821 1732 4885 antistoechia
1777 4820 1993 4884 aliena
2036 4831 2206 4884 sunt.
2298 4820 2765 4884 Praetermissa
2810 4829 2963 4882 sunt
3006 4842 3061 4882 c.
3110 4840 3174 4902 g.
