3664 5546
616 351 744 416 230
1547 346 1628 401 ΕΚ
1666 346 1805 401 ΤΩΝ
1847 345 2252 401 ΗΡΩΔΙΑΝΟΥ

615 522 790 601 παρὰ
854 522 929 586 τὸ
1004 540 1184 584 ωπος
1255 517 1398 584 οἷον
1466 541 1498 585 ς
1510 541 1545 583 τ
1557 539 1587 584 ε
1600 539 1637 583 ν
1650 541 1704 584 ω
1716 541 1762 583 π
1775 519 1813 583 ό
1830 539 1878 583 ς.
1995 517 2315 596 πυθμένος
2380 517 2421 581 ἀ
2435 539 2481 581 π
2493 518 2529 582 ύ
2543 523 2579 582 θ
2594 540 2634 598 μ
2649 538 2679 581 ε
2695 538 2731 582 ν
2746 539 2783 582 ο
2799 538 2859 600 ς,
2931 518 3184 597 λιμένος

616 624 1021 705 ἀλίμενος,
1067 621 1266 702 μηνός
1309 620 1666 703 δίμηνος,
1711 621 2115 701 τρίμηνος,
2161 619 2404 699 πατρός
2434 619 2966 701 Ἀντίπατρος,
3011 621 3185 699 χάρι-

617 746 729 791 τος
773 723 1180 806 ἀχάριτος,
1223 723 1472 803 θέμιτος
1516 721 1903 803 ἀθέμιτος.
1971 722 2271 788 ὡςαύτως
2315 724 2416 787 καὶ
2461 722 2860 803 βριήπυος.
2930 722 3186 798 ἐγένετο

617 829 690 893 δὲ
746 827 967 892 οὕτως.
1054 824 1219 904 ἦπυς
1274 825 1364 891 ὡς
1416 829 1641 908 γῆρυς,
1699 825 2031 904 μελίγηρυς
2046 876 2063 907 ,
2119 825 2338 890 ἔπειτα
2389 826 2603 904 γενικὴ
2661 823 2968 906 βριήπυος
2982 873 2999 906 ,
3054 823 3189 902 ἥτις

558 944 590 997 5
621 929 710 995 εἰς
767 928 1020 994 εὐθεῖαν
1076 928 1331 1008 μετέςτη
1386 927 1423 992 ὁ
1482 928 1786 1008 βριήπυος
1800 946 1814 961 ·
1882 928 1961 993 οὐ
2005 927 2128 1007 γὰρ
2183 926 2372 1005 ἄηθες
2415 926 2666 1003 γενικὰς
2718 924 3188 1005 άναπέμπεςθαι

619 1033 708 1097 εἰς
752 1030 998 1096 εὐθείας
1040 1029 1143 1095 καὶ
1199 1029 1459 1110 μάλιςτα
1512 1030 1687 1109 παρὰ
1742 1035 1834 1114 τῷ
1878 1032 2124 1114 ποιητῇ.
2212 1030 2312 1095 διὸ
2367 1030 2470 1094 καὶ
2512 1026 2985 1108 προπαροξύνει
3032 1027 3188 1094 αὐτὸ

618 1134 657 1211 ἡ
704 1133 1014 1211 ςυνήθεια.
2510 1128 2519 1135 ’

790 1235 884 1300 Τὰ
926 1234 1015 1300 εἰς
1060 1238 1142 1300 ἶς’
1186 1233 1624 1313 ςυντεθειμένα
1667 1232 1797 1300 ἀπὸ
1842 1238 1973 1299 τῶν
2017 1234 2105 1300 εἰς
2149 1238 2192 1298 ᾶ
2233 1235 2335 1299 καὶ
2378 1234 2466 1300 εἰς
2518 1234 2560 1312 ἦ
2621 1231 3190 1314 προπαροξύνεται,

622 1336 789 1403 ἑςτία
832 1336 1225 1419 ἐφέςτιος,
1270 1336 1407 1401 ςκιά
1451 1336 1788 1417 εὔςκιος,
1835 1339 2035 1415 μοῦςα
2078 1337 2596 1418 φιλόμουςος,
2649 1335 2827 1416 χρεία
2870 1334 3193 1414 ἄχρειος

525 1452 589 1503 10
623 1439 698 1504 τὸ
754 1438 972 1503 κοινόν
988 1488 1005 1519 ,
1063 1436 1105 1501 ἀ
1120 1458 1158 1517 χ
1174 1459 1209 1516 ρ
1222 1441 1340 1503 εῖο
1354 1459 1385 1503 ς
1442 1439 1513 1501 δὲ
1566 1438 1643 1502 τὸ
1698 1436 1979 1504 Ἀττικὸν
2033 1437 2123 1505 ὡς
2168 1437 2417 1504 ἀςτεῑος
2430 1487 2448 1521 ,
2504 1436 2803 1517 ἀνδρεῖος
2817 1487 2834 1519 ,
2890 1437 3192 1519 Ἀργεῖος,

625 1540 788 1620 ἀρχή
845 1540 1294 1623 ταξίαρχος,
1349 1538 1537 1621 φωνή
1594 1538 1952 1622 ἄφωνος,
2013 1541 2176 1618 αὐδή
2232 1540 2610 1622 ἄναυδος,
2677 1539 2895 1619 μορφή
2950 1539 3192 1604 πολύ-

626 1662 884 1723 μορφο
901 1664 962 1725 ς,
1008 1643 1172 1721 μάχη
1203 1662 1240 1707 ν
1258 1641 1604 1721 αύμαχος
1637 1665 1661 1696 «
1679 1640 2009 1722 ναύμαχον
2040 1642 2271 1723 δόρυ»,
2304 1641 2461 1722 κόμη
2491 1641 2935 1721 ἱππόκομος
2968 1640 3193 1705 «ἱππό-

625 1764 826 1824 κομον
870 1744 1161 1823 πήληκα»
1199 1743 1292 1825 (Π
1322 1742 1503 1825 797),
1547 1743 1972 1823 κυπαριςςό
1989 1764 2074 1809 κο
2091 1764 2260 1826 μος,
2305 1742 2816 1825 καλλίκομος,
2861 1742 3190 1807 οὐλόκο-

626 1865 782 1925 μος.
840 1846 917 1911 τὸ
964 1847 1034 1910 δὲ
1077 1844 1525 1923 ἱππομάχος
1570 1844 1672 1909 καὶ
1714 1845 2118 1924 ἱπποκόμο
2137 1866 2168 1910 ς
2213 1843 2342 1910 ἀπὸ
2376 1844 2671 1925 ῥημάτων
2713 1845 2814 1909 καὶ
2842 1844 2918 1909 τὸ
2961 1864 3196 1923 γηρο-

527 1964 590 2014 15
626 1972 661 2013 κ
674 1949 712 2013 ό
725 1971 766 2028 μ
781 1968 818 2012 ο
832 1968 863 2013 ς
907 1947 1010 2012 καὶ
1055 1948 1128 2012 τὸ
1173 1945 1214 2010 ἀ
1226 1967 1315 2011 κα
1328 1966 1364 2025 ρ
1377 1946 1415 2011 ό
1428 1967 1459 2011 ς
1502 1944 1633 2011 ἀπὸ
1689 1951 1806 2011 τοῦ
1862 1948 2020 2026 κάρη
2074 1947 2320 2024 γέγονε.
2413 1950 2608 2011 τοῦτο
2664 1946 3052 2025 ἠκολούθηςε
3106 1953 3196 2029 τῷ

628 2050 908 2129 μαδαρός
962 2048 1063 2113 καὶ
1113 2047 1440 2127 πλαδαρός
1497 2047 1534 2111 ὁ
1577 2040 1862 2127 άςθενής.
1950 2049 2027 2114 τὸ
2083 2050 2154 2114 δὲ
2208 2047 2250 2113 ἀ
2263 2054 2300 2114 θ
2316 2054 2419 2133 ῷο
2435 2070 2466 2114 ς
2519 2052 3021 2128 προπεριςπᾶται
3066 2047 3195 2113 ἀπὸ

628 2155 744 2216 τοῦ
787 2151 940 2235 θῳή.
2094 2160 2099 2167 ·

733 2319 744 2330 ,
796 2252 891 2317 Τὰ
945 2251 1035 2318 εἰς
1080 2255 1163 2316 δῖ
1207 2250 1474 2317 ςύνθετα
1516 2250 1647 2317 ἀπὸ
1691 2256 1822 2317 τῶν
1868 2250 1957 2316 εἰς
2001 2256 2081 2316 ὃν
2127 2251 2487 2331 οὐδετέρων
2530 2253 2569 2330 ἢ
2615 2253 2703 2318 εἰς
2751 2256 2833 2316 δί
2874 2253 2913 2330 ἢ
2958 2257 3000 2314 ἆ
3041 2272 3199 2331 προ-

511 2424 518 2437 .
628 2355 1083 2436 παροξύνεται,
1129 2358 1344 2433 δῶρον
1390 2353 1849 2435 βοτρυόδωρ
1868 2374 1984 2437 ος,
2029 2341 2219 2441 τόξον
2259 2354 2766 2437 κλυτότοξος,
2811 2352 2996 2434 ξίφος
3039 2353 3198 2420 ἄξι-

526 2478 596 2529 20
629 2476 806 2539 φος,
851 2455 1060 2535 ὄνομα
1103 2455 1545 2536 ἐπώνυμος,
1590 2455 2000 2534 διώνυμος.

797 2558 891 2622 Τὰ
944 2558 1034 2624 εἰς
1079 2561 1161 2623 ὀ-ς
1216 2557 1657 2637 ςυντεθειμένα
1709 2556 1885 2639 παρὰ
1937 2557 2015 2622 τὸ
2067 2557 2263 2637 ἔργον
2317 2560 2399 2638 μὴ
2454 2557 2613 2624 ὄντα
2666 2558 2849 2639 κύρια
2892 2558 3201 2642 ὀξύνεται,

764 2865 799 2916 1.
835 2870 867 2919 3
901 2866 1312 2918 adnotationem
1348 2865 1414 2917 de
1449 2864 1716 2930 βριήπυος
1753 2866 1957 2932 sumpsi
1993 2883 2061 2917 ex
2097 2866 2278 2920 Schol.
2316 2868 2362 2918 A
2398 2868 2471 2918 ad
2505 2867 2572 2922 11.
2615 2864 2657 2918 Ν
2696 2870 2813 2932 521,
2850 2869 2943 2919 ubi
2979 2868 3035 2918 in
3071 2867 3201 2918 fine:

632 2937 813 2986 ταῦτα
849 2934 1189 2999 Ἡρωδιανὸς
1226 2931 1289 2985 ἑν
1324 2937 1408 3001 τῷ
1446 2930 1496 2986 θ’
1529 2935 1631 2998 τῆς
1668 2933 1927 2986 καθόλου.
2063 2934 2098 2984 l.
2139 2937 2200 2986 10
2234 2933 2485 3000 ἀνδρεῖος
2525 2934 2770 3000 Ἀργεῖος
2806 2935 2994 2986 addidi
3032 2952 3099 2986 ex
3134 2937 3198 2987 ΙΙ.

630 3003 719 3054 Pr.
758 3001 797 3055 Β
834 3004 962 3064 269,
997 3001 1142 3068 αὐδή
1178 3002 1418 3054 ἄναυδος
1465 3019 1532 3054 ex
1567 3003 1632 3053 ΙΙ.
1668 3003 1758 3053 Pr.
1798 3001 1840 3053 Ν
1884 3006 2005 3064 132,
2055 3000 2200 3067 μάχη
2238 3002 2518 3067 ναύμαχος
2555 3002 2885 3067 «ναύμαχον
2920 3003 3101 3069 δόρυ»
3136 3020 3201 3054 ex

631 3070 889 3126 Eustath.
931 3073 1085 3134 1021,
1123 3073 1189 3121 42
1233 3077 1291 3121 et
1327 3068 1471 3136 κόμη
1509 3085 1680 3135 usque
1727 3070 1796 3120 ad
1843 3069 2157 3134 ούλόκομος
2203 3087 2270 3122 ex
2318 3072 2384 3122 11.
2422 3074 2510 3123 Pr.
2550 3070 2593 3123 Ν
2636 3074 2730 3123 132
2781 3079 2836 3124 et
2871 3070 2929 3125 Π
2965 3074 3063 3123 797
3111 3072 3203 3136 (ef.

632 3140 696 3190 E.
735 3139 805 3188 M.
849 3141 976 3199 474,
1023 3140 1138 3203 57),
1187 3155 1312 3189 nam
1361 3138 1428 3190 de
1474 3138 1787 3204 compositis
1837 3139 1872 3189 it
1916 3136 2061 3203 μάχη
2111 3144 2170 3189 et
2214 3138 2360 3204 κόμη
2405 3140 2611 3191 dixisse
2656 3140 3030 3191 Herodianum
3077 3141 3203 3190 inde

634 3212 891 3273 apparet,
949 3206 1092 3271 quod
1138 3207 1328 3258 statim
1376 3206 1444 3257 de
1492 3207 1801 3258 nominibus
1847 3223 1881 3257 a
1928 3206 2109 3258 verbis
2153 3208 2289 3258 ortis
2333 3207 2601 3274 loquitur,
2647 3213 2813 3273 atque
2859 3208 3034 3259 simile
3078 3208 3205 3273 quid

634 3282 800 3392 affige
839 3274 1218 3393 Ettxsttthhfle·
1226 3273 1517 3391 1ναύμαχα(
1551 3274 1929 3394 ξοτοᾶίἶιέωιι
1974 3274 2385 3394 tzedidjtseeHex
2431 3276 3036 3396 gententizebctnxegu
3080 3292 3204 3327 eon·

633 3360 710 3463 {V
746 3359 797 3494 ἐ.
819 3358 945 3461 ΡΙἙῘ
951 3358 1043 3460 31⁸3:
1090 3358 1738 3475 ἐάιιιιιειειῖἑῃῖἓειίξοιῆςῐέιῗιίι
1762 3408 1831 3460 τὸ
1878 3358 2056 3473 gattula
2075 3358 2233 3473 Ρ(ιεἰο.θ
2250 3359 2748 3474 μοδάιῖάχῗιῑέΐιοῦιῖ
2784 3361 2846 3463 ἔκ
2891 3359 3207 3476 τοῡθῗιῗίθῐτιιῗ

636 3477 741 3529 ἀλλ
803 3476 865 3530 ἐκ
901 3477 1148 3542 ῥήματος
1186 3481 1288 3530 τοῦ
1336 3476 1595 3542 μάχεςθαι
1641 3478 1856 3541 μᾶλλον
1900 3479 2221 3541 ςυγκεῖςθαι.
2293 3476 2471 3530 ὁπότε
2518 3477 2623 3543 γάρ
2668 3476 2736 3530 τὸ
2782 3477 2927 3544 μάχη
2965 3493 3117 3531 ςυντι
3156 3478 3205 3531 ἑ-

638 3559 811 3608 μενον
845 3545 914 3598 τὸ
951 3545 1114 3599 τέλος
1152 3544 1230 3599 εἰς
1266 3549 1329 3598 ὀῖ
1363 3545 1585 3610 τρέπει,
1633 3544 1713 3598 ὡς
1756 3543 1819 3597 ἑν
1865 3549 1949 3612 τῷ
1986 3544 2300 3610 ςύμμαχοὲ,
2339 3546 2743 3612 πρωτόμαχος,
2780 3544 3077 3611 ἐπίμαχος,
3115 3546 3207 3599 ἀν-

635 3611 897 3677 τίμαχον,
934 3612 1250 3679 φιλόμαχον
1294 3613 1457 3678 γένος
1505 3612 1566 3665 ἑκ
1602 3613 1867 3678 Περςέως
1913 3613 2066 3679 παρὰ
2100 3613 2393 3680 Πινδάρῳ,
2438 3617 2747 3680 τηνικαῦτα
2794 3615 3206 3680 προπαροξύνε-

638 3696 742 3733 ται.
813 3680 990 3734 ὁπότε
1037 3681 1098 3734 δὲ
1142 3682 1542 3749 παροξύνεται,
1595 3681 1664 3734 τὸ
1718 3680 1979 3745 μάχεςθαι
2032 3682 2180 3747 ῥῆμα
2236 3681 2477 3747 περιέχει
2530 3681 2608 3735 ὡς
2655 3680 2717 3733 ἑν
2770 3686 2853 3748 τῷ
2902 3681 3205 3750 πυγμάχος,

638 3748 919 3813 ναυμάχος
966 3751 1062 3814 (se.
1099 3748 1292 3816 ἀνήρ),
1338 3748 1516 3802 αὐτόν
1560 3764 1620 3802 ςε
1663 3748 1951 3814 πολυμάχε
1999 3752 2232 3815 πρῶτον
2278 3750 2428 3817 παρὰ
2474 3748 2820 3817 (τηςιχόρῳ,
2868 3749 3206 3814 ὁπλομάχος,

638 3816 1415 3938 {zzssfffffizrz‘fffflfflxzt
1441 3845 1526 3936 ..I
1545 3818 1766 3937 οξῗιοξῗ
1790 3816 2727 3939 ᾱὶοὶὲἱάξῗὲιῑξ’ἱοῖἶέἷέοἱιὲῗ
2781 3820 3210 3938 ῖῗῗῗίῗζωῒῖἔῖ

637 3970 742 4005 nus
777 3953 1055 4018 ςύμμαχος
1099 3971 1208 4007 non
1250 3923 1306 4006 a,
1331 3952 1503 4019 μάχη,
1551 3954 1650 4006 sed
1696 3971 1729 4005 a
1775 3904 2118 4018 udxoumpre
2163 3956 2343 4007 etivit.
2414 3956 2487 4006 ef.
2519 3903 2838 4021 ‘boetssfigff
2885 3954 2952 4006 de
2999 3963 3209 4006 secent.

639 4039 689 4087 p.
728 4024 844 4075 319.
917 4020 1122 4087 ἀκαρός
1158 4039 1256 4088 pro
1300 4019 1541 4087 καραβός
1579 4022 1894 4074 emendavit
1928 3972 2191 4074 Schmigt.
2240 4040 2305 4074 ex
2343 4025 2405 4073 E.
2442 4025 2514 4075 Μ.
2552 4025 2635 4085 26,
2671 4025 2764 4074 29:
2809 4021 2882 4075 τὰ
2925 4022 3039 4075 ἀπὸ
3089 4024 3211 4073 τῶν

640 4088 718 4141 εἰς
752 4092 789 4141 ἃ
824 4090 915 4141 καὶ
951 4086 1030 4141 είς
1065 4093 1100 4153 ἦ
1138 4092 1171 4142 θ
1213 4091 1402 4143 λυκῶν
1451 4089 1540 4142 διὰ
1573 4093 1676 4142 τοῦ
1711 4094 1780 4143 π
1816 4089 2084 4154 γινόμενα
2128 4090 2381 4154 ὀνόματα
2426 4090 2942 4157 προπαροξύνεται,
2991 4089 3210 4154 κεφαλή

640 4157 954 4221 ἀκέφαλος,
992 4157 1143 4223 ψυχή
1216 4172 1422 4223 ψυχος,
1460 4157 1580 4223 ὥρα
1615 4158 1815 4224 ἄωρος.
1887 4159 2207 4224 πρὸςκειται
2242 4158 2304 4211 ἑν
2340 4163 2424 4225 τῷ
2463 4158 2682 4222 κανόνι,
2729 4157 2779 4212 εἰ
2815 4160 2889 4223 μὴ
2926 4158 3211 4223 χαρακτὴρ

641 4225 879 4278 κωλύςει
913 4225 1002 4278 διὰ
1035 4226 1105 4278 τὸ
1140 4225 1282 4292 κάρη
1318 4226 1540 4292 άκαρός.
1587 4226 1845 4280 ὀξύνεται
1879 4225 1984 4292 γὰρ
2021 4226 2099 4278 ὡς
2131 4227 2200 4279 τὸ
2227 4226 2483 4292 μαδαρός.
2509 4254 2573 4265 —-·
2598 4229 2681 4278 De
2718 4226 2903 4292 ἀθῷος
2941 4227 3012 4280 cf.
3049 4242 3213 4292 supra

642 4311 692 4360 p.
719 4294 831 4412 138,
858 4294 951 4345 ubi
978 4294 1045 4345 de
1071 4297 1380 4347 nominibus
1403 4297 1460 4347 in
1486 4299 1598 4362 ωο“ς
1622 4300 1811 4347 aetum
1835 4301 1937 4347 eet.
1977 4296 2111 4347 Cum
2129 4296 2368 4347 Arcadio
2396 4297 2696 4346 concinunt
2720 4298 2821 4363 Ep.
2843 4296 2932 4349 Cr.
2954 4296 2979 4346 1
3007 4297 3120 4413 115ἓέ
3150 4297 3212 4413 158

639 4361 2478 4497 122.AEssssoflffizx‘sszvfflsstffisssszsscJsssspofflssfiss‘zffsssszffl
2505 4360 2701 4492 ἔῗέῗῆ,
2730 4361 2811 4492 ἐξ,
2837 4361 3215 4495 ἓίἕέἓηωζεῐ

645 4499 813 4574 gerba
845 4499 1143 4576 {lomet-ica
1177 4517 1246 4551 ex
1284 4501 1347 4552 11.
1383 4499 1441 4552 Π
1477 4503 1574 4551 797
1614 4504 1669 4549 et
1702 4500 1804 4554 An.
1842 4502 1943 4551 Ox.
1983 4503 2036 4553 11
2070 4503 2196 4562 422,
2238 4502 2325 4550 10:
2373 4496 2704 4562 φώταυγοςι
2753 4497 2824 4550 τὰ
2870 4498 2933 4550 ἐκ
2978 4499 3099 4549 τῶν
3136 4494 3214 4549 εἰς

642 4581 678 4616 α
714 4565 805 4617 καὶ
841 4580 874 4629 η
913 4567 1177 4632 θηλυκῶν
1215 4566 1292 4620 εἰς
1328 4573 1394 4620 δῖ
1428 4566 1693 4632 γινόμενα
1718 4566 1975 4632 άρςενικὰ
1998 4567 2251 4630 ὀνόματα
2276 4565 2824 4631 προπαροξύνονται,
2864 4566 2983 4630 ὥρα
3008 4564 3212 4629 ἄωρος,

644 4632 812 4698 φωνή
849 4632 1096 4697 ἄφωνος.
1299 4635 1334 4685 l.
1371 4639 1432 4686 21
1473 4651 1648 4686 ennon
1686 4642 1867 4688 exstat
1910 4637 2077 4686 etiam
2114 4637 2170 4685 in
2208 4636 2306 4700 Ep.
2345 4634 2433 4685 Cr.
2470 4637 2495 4685 1
2532 4638 2649 4696 305,
2686 4637 2779 4686 28:
2827 4634 2899 4686 τὰ
2945 4632 3097 4697 παρὰ
3143 4633 3214 4684 τὸ

644 4700 812 4765 ἔργον
847 4702 1209 4765 ςυντιθέμενα
1252 4701 1395 4768 ὑπὲρ
1439 4703 1540 4755 δύο
1584 4703 1856 4769 ςυλλαβὰς
1901 4703 2069 4767 ὂντα,
2116 4700 2166 4754 εἰ
2204 4700 2304 4764 μὲν
2350 4701 2465 4754 ἀπὸ
2512 4704 2818 4754 πτωτικῶν
2865 4698 3212 4754 ςυντίθενται

646 4769 870 4833 (quibus
905 4771 1088 4822 verbis
1123 4786 1158 4820 a
1194 4786 1402 4823 canone
1440 4772 1751 4822 eximuntur
1785 4769 2047 4835 ἑκάεργος
2094 4768 2384 4836 περίεργος
2421 4769 2718 4835 πάρεργος)
2758 4769 3052 4822 ὁξύνονται
3089 4766 3215 4821 οἷον

646 4836 992 4902 λειτουργὸς,
1019 4838 1390 4904 παντουργός,
1416 4837 1817 4904 πλαςτουργός,
1843 4838 2159 4906 δημουργός
2184 4838 2544 4905 ὀβριμοεργός
2570 4839 2722 4906 πλὴν
2746 4840 2940 4903 τριῶν,
2969 4839 3215 4901 πανοῠρ·
