3664 5546
639 401 724 446 GL
1713 402 2131 449 PRAEFATIO.

637 577 756 631 γου
827 554 924 618 vel
975 577 1164 618 versa
1235 554 1375 618 vice
1443 558 1774 638 Ἀλείςιον,
1844 579 1968 641 quo
2026 557 2205 621 ducit
2268 556 2463 619 etiam
2530 554 2841 640 Hesychii
2897 554 3217 638 scriptura

639 658 933 740 Αλίςιον,
979 659 1290 737 γράφεται
1351 660 1421 721 δὲ
1479 660 1580 756 καὶ
1639 660 1742 722 διὰ
1798 665 1914 723 τοῦ
1959 682 2012 737 η.
2106 659 2349 722 Eodem
2411 657 2613 758 igitur
2668 656 2856 720 modo
2904 655 3216 720 Herodia-

639 783 791 823 num
855 761 923 822 in
988 757 1329 822 Catholica
1397 745 1736 844 scripsisse
1803 762 2034 846 opinor
2083 763 2514 844 Δαςκύλειον,
2581 764 2619 825 ὃ
2686 762 2788 824 καὶ
2854 760 2959 823 διὰ
3022 762 3138 822 τοῦ
3200 761 3219 822 i

638 865 984 944 γράφεται,
1017 859 1442 945 Stephanum
1507 872 1720 926 autem
1780 866 2147 930 Δαςκύλιον
2204 872 2453 927 mutato
2509 861 2736 925 ordine
2790 860 2857 923 in
2914 859 3217 924 lemmate

545 993 564 1003 -
641 965 934 1051 posuisse
992 974 1057 1027 et
1113 985 1228 1050 pro
1285 964 1565 1028 testibus
1626 964 1895 1028 alterius
1955 967 2320 1052 scripturae
2388 964 2528 1028 loco
2595 963 2797 1049 ipsius
2862 961 3217 1026 Herodiani

637 1066 1030 1153 posteriores
1076 1075 1375 1129 auctores
1423 1067 1677 1130 citasse.
1738 1067 1967 1132 Altero
2016 1068 2210 1132 etiam
2257 1067 2396 1132 loco
2437 1065 2806 1152 Stephanus
2853 1087 2969 1150 pro
3014 1065 3216 1129 Hero-

640 1169 818 1234 diani
883 1167 1255 1233 testimonio
1322 1169 1539 1253 posuit
1611 1169 2046 1234 Eudaemonis
2114 1171 2358 1256 pariter
2425 1168 2799 1232 scribentis:
2871 1168 3218 1247 Δοκίμειον

639 1274 824 1337 πόλις
868 1271 1147 1350 Φρυγίας
1205 1272 1294 1335 ὡς
1339 1272 1688 1351 Εὐδαίμων.
1779 1272 1855 1334 In
1904 1271 2132 1336 Choer.
2179 1271 2364 1334 Orth.
2418 1270 2569 1351 197,
2621 1270 2700 1332 10
2755 1271 2847 1333 sic
2904 1268 3215 1333 traditur:

643 1374 1051 1454 Δορυλάειον
1099 1393 1151 1436 ει
1197 1375 1296 1437 καὶ
1344 1374 1698 1439 Κοτιάειον·
1748 1378 1784 1439 Γ
1790 1376 2013 1453 ορδίον
2059 1378 2129 1439 δὲ
2176 1377 2278 1439 καὶ
2322 1375 2635 1453 Δοκίμιον
2681 1373 2899 1437 πόλεις
2943 1372 3219 1451 Φρυγίας

640 1480 715 1542 τὸ
761 1481 782 1542 i
824 1478 1318 1555 παραλήγονται.
1409 1475 1550 1538 Hoc
1595 1485 2009 1561 praeceptum
2056 1475 2503 1541 Choerobosci
2546 1474 2820 1559 petitum
2877 1482 2975 1537 cst
3017 1496 3099 1536 ex
3145 1495 3220 1535 co

645 1577 784 1641 loco
832 1576 1346 1662 orthographiae
1393 1577 1778 1657 limodiam,
1826 1601 2018 1663 quem
2065 1578 2367 1643 Eustath.
2414 1579 2496 1643 ad
2542 1578 2818 1663 Dionys,
2858 1575 2982 1640 815
3026 1576 3219 1659 signi-

643 1679 820 1742 ficat:
890 1681 964 1745 τὸ
1021 1680 1425 1762 Δορυλάϊον,
1495 1681 1585 1744 ὡς
1641 1682 1677 1744 ὁ
1735 1681 2119 1762 γεωγράφος
2172 1681 2436 1764 ἱςτορεῑ,
2504 1682 2579 1745 τὸ
2636 1681 2738 1744 καὶ
2790 1679 3220 1759 Δορυλάειον,

644 1783 799 1845 κατὰ
844 1783 914 1845 δὲ
959 1784 1073 1858 τὴν
1119 1780 1599 1862 ὀρθογραφικὴν
1632 1783 1862 1861 τέχνην
1895 1785 1997 1847 καὶ
2025 1784 2434 1861 Δορύλλειον
2467 1783 2571 1847 διὰ
2602 1783 2982 1864 διφθόγγου,
3028 1802 3219 1866 quem

647 1882 854 1946 locum
897 1881 1263 1945 Meinekius
1311 1883 1651 1946 verissime
1696 1883 1791 1946 sic
1836 1885 2137 1948 emendat
2182 1885 2265 1949 ad
2311 1885 2404 1948 St.
2441 1883 2517 1949 B.
2547 1883 2693 1964 236,
2741 1883 2781 1945 3
2825 1884 3220 1964 Δορύλαιον,

644 1988 716 2050 τὸ
763 1988 862 2049 καὶ
906 1986 1315 2068 Δορυλάϊον,
1362 1987 1519 2050 κατὰ
1564 1989 1634 2049 δὲ
1679 1988 1794 2065 τὴν
1843 1987 2324 2068 ὀρθογραφικὴν
2380 1988 2610 2066 τέχνην
2668 1986 2768 2051 καὶ
2810 1986 3219 2064 Δορυλάειον

646 2089 750 2151 διὰ
807 2088 1181 2168 διφθόγγου.
1272 2085 1488 2166 Quum
1547 2087 1787 2151 Herod.
1836 2110 1941 2174 ap.
1991 2089 2282 2172 Theogn.
2336 2089 2484 2169 129,
2531 2087 2574 2150 4
2633 2090 2671 2152 Γ
2675 2088 2954 2167 ορδίειον
3012 2086 3220 2166 ὄνομα

645 2190 897 2253 πόλεως
941 2188 1212 2268 habeat,
1270 2189 1443 2274 quod
1500 2189 1716 2275 ipsum
1771 2200 1991 2255 exstat
2044 2213 2149 2275 ap.
2200 2190 2292 2254 St.
2343 2189 2450 2273 B.,
2510 2189 2948 2254 Choerobosci
3007 2186 3219 2253 locum

645 2299 1018 2375 corruptum
1075 2291 1170 2352 sic
1225 2291 1362 2354 fcrc
1416 2292 1885 2356 emendandum
1942 2292 2191 2357 iudico:
2255 2294 2694 2371 Δορυλάειοντ
2744 2297 2797 2355 εἶ
2854 2293 2955 2356 καὶ
3003 2291 3219 2355 Κοτιά-

593 2415 598 2422 ·
646 2415 780 2458 ειον
827 2395 896 2476 [ἇ
936 2395 1609 2478 προπαραλήγονται],
1658 2398 1696 2460 Γ
1700 2397 1980 2474 ορδίειον
2037 2397 2107 2460 δὲ
2153 2397 2251 2460 καὶ
2296 2396 2666 2473 Δοκιμίειον
2712 2396 2898 2458 πόλις
2943 2393 3220 2471 Φρυγίας

644 2497 720 2560 τὸ
774 2499 796 2560 ῑ
861 2497 1474 2573 προπαραλήγονται
1537 2496 1630 2559 ita
1695 2506 1768 2559 ut
1834 2495 2247 2560 Herodianus
2305 2495 2758 2560 observaverit
2824 2495 2939 2558 has
2997 2516 3220 2557 omnes

647 2597 839 2663 urbes
885 2596 1212 2682 Phrygiae
1267 2596 1336 2660 in
1382 2604 1517 2664 εῑον
1576 2598 1755 2662 exire
1814 2609 1879 2662 et
1936 2597 2145 2664 vocali
2202 2599 2566 2683 praefiniri,
2629 2598 2743 2661 sed
2801 2619 2877 2661 eo
2936 2595 3217 2672 differre,

647 2700 817 2788 quod
864 2698 1032 2763 duae
1077 2699 1325 2785 priores
1374 2706 1444 2781 ά,
1494 2701 1658 2764 duae
1707 2701 2095 2786 posteriores
2140 2705 2161 2766 ἰ
2205 2702 2269 2763 in
2317 2697 2872 2787 antepaenultima
2918 2697 3221 2763 habeant.

648 2805 865 2889 Atque
909 2803 1190 2866 fortasse
1232 2825 1334 2888 ap.
1383 2806 1477 2867 St.
1525 2804 1599 2865 Β.
1646 2807 2016 2884 Δοκιμίειον
2064 2803 2477 2868 scribendum
2525 2814 2644 2868 est.

815 2905 1048 2969 Paucis
1107 2904 1419 2991 exemplis
1476 2906 1938 2971 demonstrabo
1998 2916 2347 2991 praecepta
2402 2902 2939 2990 orthographica,
2999 2903 3055 2965 si
3113 2902 3219 2968 ab·

649 3017 800 3072 sunt
842 3006 1116 3072 aliorum
1160 3009 1728 3091 grammaticorum
1775 3010 2069 3089 nomina,
2128 3031 2211 3071 ex
2258 3007 2633 3072 Herodiano
2689 3004 2978 3069 fluxisse.
3086 3005 3221 3069 Sub

649 3112 928 3191 Ἀβαντίς
971 3131 1138 3194 quac
1181 3109 1262 3173 de
1306 3111 1692 3194 possessivis
1741 3112 2096 3191 Ἀβάντειος
2142 3112 2489 3175 Θοάντειος
2534 3119 2600 3173 et
2642 3110 2938 3175 Ὑάντιος
2981 3109 3221 3173 Ποιάν-

650 3234 783 3277 τιος
831 3210 1210 3291 traduntur,
1258 3214 1673 3276 consentiunt
1718 3235 1867 3277 cum
1914 3211 2078 3277 libro
2123 3216 2269 3292 περὶ
2312 3214 2665 3291 ποςότητος
2722 3233 2784 3295 p.
2828 3210 2987 3291 285,
3034 3211 3118 3273 29
3162 3218 3225 3271 et

590 3364 597 3377 .
653 3314 797 3391 287,
844 3314 947 3394 30,
992 3312 1142 3375 hinc
1186 3312 1266 3375 de
1311 3314 1606 3392 Ἰνάχειος
1653 3339 1714 3377 sa
1753 3317 1982 3394 Ἰναχία
2026 3325 2089 3377 ct
2118 3315 2503 3393 Ταρτάρειος
2546 3312 2824 3377 iudicari
2868 3322 3104 3399 potest.
3148 3350 3227 3358 ——

653 3438 717 3501 p.
766 3415 882 3494 22,
939 3415 977 3479 8
1046 3414 1302 3493 ἀγρεῖος
1370 3418 1469 3480 καὶ
1527 3417 1745 3496 ἀγρείη
1806 3418 1911 3481 διὰ
1968 3418 2341 3497 διφθόγγου.
2442 3415 2672 3480 Choer.
2732 3413 2923 3479 Orth.
2982 3414 3132 3495 175,
3186 3413 3228 3478 5

656 3518 911 3595 ἀγρεῖος
958 3516 995 3581 ὅ
1041 3516 1202 3582 ἐςτιν
1249 3517 1552 3595 ἀγροῖκος
1599 3522 1701 3583 διὰ
1745 3524 1856 3597 τῆς
1902 3524 1954 3583 ῖι
2001 3520 2358 3599 διφθόγγου
2402 3525 2494 3602 τῷ
2528 3518 2751 3582 κανόνι
2779 3522 2896 3582 τοῦ
2928 3518 3227 3596 Ἀρνεῖος.

598 3614 618 3632 ’
657 3620 877 3698 ἄγριος
923 3621 994 3683 δὲ
1037 3619 1075 3682 ὁ
1118 3618 1435 3699 ἀνήμερος
1480 3623 1583 3684 διὰ
1627 3627 1742 3685 τοῦ
1786 3625 1808 3685 i
1852 3623 1953 3685 καὶ
1996 3620 2564 3700 προπαροξύνεται.
2602 3656 2667 3665 -
2720 3604 2824 3700 36,
2862 3620 2935 3681 ll
2984 3621 3228 3684 Ἄθωος

658 3724 732 3787 τὸ
778 3723 1041 3786 τοπικὸν
1087 3724 1279 3800 χωρὶς
1324 3725 1440 3785 τοῦ
1485 3724 1505 3785 ἰ
1549 3724 1649 3787 καὶ
1693 3724 1973 3788 Ἀθώους
2030 3724 2182 3787 τοὺς
2237 3723 2676 3804 ἐνοικοῦντας,
2733 3721 2808 3784 τὸ
2866 3723 2936 3786 δὲ
2992 3724 3229 3800 δηλοῦν

567 3854 572 3863 ·
658 3826 732 3889 τὸ
777 3822 1042 3903 ἀζήμιον
1087 3827 1590 3901 προπεριςπᾶται
1635 3827 1735 3889 καὶ
1780 3827 1883 3889 διὰ
1926 3829 2042 3889 τοῦ
2086 3828 2108 3889 ῑ
2164 3826 2231 3888 ἐκ
2274 3829 2382 3903 τῆς
2428 3828 2613 3908 θῳῆς.
2702 3823 2944 3887 Arcad.
2989 3822 3104 3903 87,
3157 3821 3232 3884 12

658 3928 733 3991 τὸ
780 3925 992 4008 ἀθῷος
1037 3930 1538 4004 προπεριςπᾶται
1584 3927 1714 3991 ἀπὸ
1760 3933 1874 3991 τοῦ
1919 3929 2071 4011 θῳή.
2133 3924 2363 3990 Choer.
2408 3925 2476 3988 in
2522 3924 2600 3987 E.
2631 3924 2722 3987 M.
2752 3924 2856 4006 26,
2902 3924 2985 3987 43
3028 3926 3233 3989 Ἄθως

661 4029 900 4112 Ἀθῷος
956 4028 1237 4107 ὤφειλεν
1294 4027 1488 4110 εἶναι,
1544 4028 1709 4093 ἀλλὰ
1766 4032 1929 4107 πρὸς
1985 4029 2464 4107 ἀντιδιαςτολὴν
2520 4032 2636 4092 τοῦ
2690 4027 2905 4109 ἀθῷος
2959 4030 3076 4090 τοῦ
3132 4026 3233 4089 ἐπὶ

659 4136 776 4194 τοῦ
808 4129 1071 4209 ἀζημίου
1103 4130 1205 4194 καὶ
1231 4132 1306 4194 τὸ
1339 4133 1359 4194 ἰ
1389 4130 1739 4210 ἀποβάλλει
1771 4134 1873 4195 καὶ
1912 4130 2481 4209 προπαροξύνεται.
2557 4130 2651 4193 St.
2687 4129 2764 4192 B.
2793 4129 3048 4194 Φίκειον
3080 4128 3233 4206 ὄρος

664 4235 969 4297 Βοιωτίας
1013 4234 1114 4296 καὶ
1158 4234 1262 4296 διὰ
1307 4234 1665 4313 διφθόγγου
1697 4234 1797 4296 καὶ
1829 4233 1933 4296 διὰ
1965 4233 2232 4313 βραχέος
2261 4237 2376 4297 τοῦ
2405 4236 2442 4297 ἰ.
2509 4230 2799 4314 Theogn.
2842 4230 2982 4310 127,
3015 4229 3097 4293 32
3127 4229 3231 4294 ‹121-

663 4355 834 4398 κειον
867 4333 1073 4413 ὄνομα
1102 4335 1332 4399 τόπου·
1364 4339 1558 4399 τοῦτο
1592 4334 1847 4412 εὕρηται
1876 4336 1978 4398 καὶ
2008 4336 2112 4399 διὰ
2143 4335 2410 4415 βραχέος
2444 4338 2603 4399 τοῦῑ
2631 4335 2788 4398 κατὰ
2817 4336 2933 4412 τὴν
2955 4334 3233 4412 παραλή-

662 4456 918 4512 γουςαν.
977 4434 1598 4498 Luculentissimum
1641 4445 1859 4499 autem
1889 4435 2260 4521 exemplum
2290 4436 2425 4499 eius
2458 4434 2663 4515 modi,
2706 4457 2833 4521 quo
2867 4434 3234 4521 Stephanus

665 4535 1024 4599 Herodiani
1061 4536 1140 4599 de
1175 4536 1643 4623 orthographia
1679 4538 2147 4603 vocabulorum
2170 4538 2622 4603 annotationes
2647 4537 3113 4617 immutaverit,
3144 4545 3234 4614 ut,

664 4660 828 4724 quac
875 4637 1291 4702 Herodianus
1339 4638 1624 4717 dixerat,
1670 4641 1811 4724 ipse
1858 4640 2107 4705 dixisse
2160 4639 2529 4721 videretur,
2576 4640 2697 4704 hoc
2752 4650 2882 4704 est:
2944 4638 3234 4721 Theogn.

663 4741 765 4820 40,
819 4743 890 4803 ll
941 4742 1280 4822 Ἀλλόβροξ
1325 4741 1531 4819 ὄνομα
1575 4743 1832 4806 ἔθνους·
1868 4746 2052 4808 .τιν“ες
2113 4747 2182 4808 δὲ
2228 4744 2551 4823 Ἀλλόβριξ
2596 4744 2701 4807 διὰ
2744 4748 2860 4807 τοῦ
2917 4746 2937 4807 ῐ
2991 4742 3235 4822 προφέ·

667 4863 918 4925 ρονται,
966 4842 1333 4927 Stephanus
1381 4844 1472 4905 sic
1517 4842 1775 4906 scribit:
1825 4845 2269 4927 Ἀλλόβρυγες,
2316 4846 2504 4909 ἔθνος
2550 4846 2998 4910 δυνατώτατον
3046 4847 3084 4909 Γ
3087 4848 3236 4908 αλα-
