3664 5546
595 275 681 339 54
1535 271 1617 327 ΕΚ
1654 270 1794 327 ΤΩΝ
1838 270 2249 325 ΗΡΩΔΙΑΝΟΥ

594 446 1011 524 (ατύργας.
1101 444 1516 523 (τροάγας.
1603 444 1679 508 τὸ
1727 442 1944 521 μέντοι
1990 442 2247 522 φυγάς
2294 442 2584 509 ὀξύνεται
2649 443 2768 507 οὐκ
2823 443 2979 521 ἔχον
3023 443 3099 507 τὸ
3145 447 3189 506 ᾶ

594 548 1025 627 ἐκτεταμένον.
1113 546 1514 626 ςεςημείωται
1557 547 1633 610 τὸ
1679 545 2024 621 ἀτταγᾶς
2079 545 2599 625 περιςπώμενον,
2646 545 2807 624 ὅπερ
2853 546 2954 609 καὶ
3000 544 3186 610 ἀττα-

594 652 714 729 γήν
760 650 1030 732 λέγεται,
1075 650 1178 712 καὶ
1220 649 1295 713 τὸ
1338 646 1569 724 Αἰγᾶς
1614 648 1716 713 καὶ
1759 649 1834 711 τὸ
1881 646 2170 725 Ἀργᾶς.

763 753 858 817 Τὰ
902 752 990 817 εἰς
1032 737 1150 817 {a}
1196 750 1563 832 βαρύνεται,
1610 749 1664 813 εἰ
1708 751 1789 830 μὴ
1849 749 1953 814 διὰ
1996 752 2112 813 τοῦ
2160 733 2292 814 ἦ
2339 749 2654 830 κλίνοιτο,
2712 751 2751 828 ἢ
2810 751 3186 828 ςυναληλιμ·

526 856 755 934 ὖμένα
809 854 906 933 εἴη
961 855 1000 932 ἦ
1057 850 1539 934 ὑποκοριςτικά,
1605 852 1831 934 Ἴδας,
1894 849 2179 933 Λάδας,
2234 850 2532 934 Δάδας,
2592 850 2937 933 (φάδας,
2998 852 3185 916 Κλύ·

597 963 765 1039 δας,
821 956 1105 1037 Λήδας,
1162 953 1506 1035 Δέρδας,
1566 954 1849 1034 Μίδας,
1906 952 2143 1018 Οἶδας
2210 951 2272 1017 οἱ
2338 957 2781 1018 κατοικοῦντες
2845 953 3187 1018 Οἰδάντιον

596 1059 788 1123 πόλιν
834 1058 1188 1138 Ἰλλυριῶν,
1245 1055 1332 1120 ὥς
1387 1075 1576 1135 φηςιν
1632 1055 1987 1135 Ἑκαταῖος,
2049 1054 2373 1137 Μείδας,
2434 1054 2819 1139 (ακάδας,
2873 1056 3188 1135 Τιμαχί·

599 1166 765 1242 δας,
834 1159 1256 1240 Θρακίδας,
1336 1156 1762 1238 Λεωνίδας,
1834 1156 2245 1239 Βραςίδας,
2314 1156 2764 1238 Χαρμάδας,
2826 1158 3191 1237 Ἀφείδας

602 1262 888 1343 βαςιλεὺς
943 1262 1044 1325 καὶ
1104 1261 1294 1325 ἔθνος
1352 1260 1737 1340 Μολοςςῶν,
1799 1258 2153 1335 Χαρίδας.
2250 1259 2325 1323 τὸ
2387 1260 2602 1338 μέντοι
2659 1258 2962 1324 Θευδᾶς
3014 1279 3190 1338 περι-

503 1369 566 1425 10
602 1368 829 1429 ςπᾶται
876 1363 965 1428 ὡς
1013 1364 1304 1443 Μητρᾶς,
1348 1361 1593 1442 Ζηνᾶς,
1638 1361 1875 1424 Πυθᾶς.
1945 1360 2021 1425 τὸ
2069 1361 2140 1425 δὲ
2190 1362 2563 1439 Κερκιδᾶς
2608 1359 2739 1425 ἀπὸ
2787 1365 3191 1441 ςυναλοιφῆς.

600 1466 676 1530 τὸ
723 1466 794 1530 δὲ
840 1515 1154 1529 ......
1202 1465 1306 1528 διὰ
1349 1467 1465 1528 τοῦ
1501 1450 1634 1528 ἦ
1669 1462 1960 1526 κλίνεται.

772 1567 866 1631 Τὰ
909 1566 997 1631 εἰς
1042 1569 1119 1629 (ῑί
1162 1566 1610 1648 ἐκτεταμένον,
1656 1563 2066 1643 ἔχονταπρὸ
2122 1568 2240 1628 τοῦ
2297 1567 2338 1628 ἇ
2380 1566 2452 1629 ἓν
2508 1570 2640 1630 τῶν
2702 1567 2947 1629 διπλῶν
3004 1564 3193 1644 βαρύ-

602 1688 859 1749 νονται,
912 1667 1155 1735 Βύζας
1210 1667 1247 1731 6
1307 1667 1644 1746 Κεροέςςης
1711 1670 1822 1745 τῆς
1879 1666 2035 1731 Ἰοῦς
2091 1667 2404 1745 θυγατρὸς
2471 1668 2573 1732 καὶ
2625 1668 3038 1732 Ποςειδῶνος
3093 1669 3197 1731 καὶ

604 1771 793 1836 ἔθνος
835 1770 1137 1852 Λιβυκόν,
1191 1768 1316 1849 ἀφ’
1362 1768 1441 1833 οὗ
1485 1770 1525 1849 ὴ
1569 1769 1757 1834 πόλις
1802 1767 2167 1835 Βυζάντιον.
2256 1769 2415 1846 παρ’
2461 1768 2793 1852 Ἡροδότῳ
2850 1770 2921 1833 δὲ
2979 1769 3049 1834 ἐν
3093 1791 3191 1835 τε-

509 1880 569 1931 15
603 1873 799 1957 τάρτῃ
858 1871 953 1956 (ο.
1003 1870 1163 1955 194)
1222 1871 1327 1935 διὰ
1381 1874 1497 1937 τοῦ
1570 1874 1609 1946 *Y
1668 1870 2062 1937 Γύζαντες.
2164 1870 2482 1952 Ἐλίξας,
2536 1871 2797 1949 Ἀψας.
2896 1872 3190 1955 Πύζας,

607 1974 930 2056 Ἀρίῑας,
976 1972 1320 2055 Ἀνάξας,
1368 1972 1777 2050 Γαρτάζας.
1866 1973 1941 2037 τὸ
2000 1973 2219 2052 μέντοι
2276 1972 2476 2051 ύψᾶς
2530 1976 2904 2051 περιςπᾶται
2959 1973 3062 2037 καὶ
3114 1975 3193 2038 τὸ

608 2077 782 2144 ἑξᾶς
826 2075 931 2140 ἐπὶ
973 2075 1326 2154 ποςότητος
1370 2074 1465 2139 ὄν.

777 2200 815 2237 x»
908 2177 1002 2241 Τὰ
1068 2176 1157 2242 εἰς
1223 2163 1346 2241 θιῖς
1419 2176 1836 2260 βαρύνονται,
1904 2176 2340 2258 ,(τρούθας,
2413 2177 2814 2261 Παγάθας,
2886 2179 3193 2260 Ἀρθας,

609 2281 940 2359 Ἀόρθας

507 2392 575 2443 20
780 2405 818 2441 κ·
911 2380 1005 2445 Τὰ
1077 2379 1165 2444 εἰς
1237 2385 1350 2446 {HE
1417 2380 1834 2460 βαρύνονται,
1907 2381 2288 2462 Πελέκας,
2362 2381 2830 2464 Περδίκκας,
2874 2382 3191 2463 ’Κώκας,

615 2484 890 2564 Κρίκας
935 2482 1252 2567 ποταμός,
1308 2482 1579 2564 (ἀκας,
1636 2481 1918 2562 Λάκας,
1962 2482 2380 2547 Πολύκκας
2434 2484 2723 2564 ποταμὸς
2758 2483 3192 2576 Μακεδονίας,

614 2587 978 2653 Ματάκας
1033 2584 1242 2664 ὄνομα
1286 2584 1639 2666 εὐνούχου,
1685 2583 2060 2665 ΡΙνδύκας,
2116 2584 2463 2650 Κοτύκας
2509 2587 2794 2666 βαςιλεὺς
2838 2587 3192 2667 Παφλαγο-

611 2689 765 2754 νίας.
838 2686 1132 2752 Ἑλίκας
1175 2686 1213 2751 6
1244 2686 1589 2753 Λυκάονος.
1661 2686 2164 2767 Καραμβύκας
2208 2689 2496 2766 ποταμὸς
2528 2687 2825 2755 Ἐλιξοίας
2855 2689 3050 2767 νήςου
3094 2689 3199 2752 καὶ

614 2791 651 2855 6
697 2791 1004 2870 νηςιώτης
1047 2788 1444 2872 ὁμοφώνως,
1500 2789 1590 2853 ὡς
1634 2788 1959 2854 Ἑκαταῖος
2002 2789 2040 2853 6
2085 2790 2462 2870 Ἀβδηρίτης.
2550 2791 2625 2855 τὸ
2671 2792 2742 2856 δὲ
2787 2791 3050 2870 Ἀρκάς
3095 2814 3195 2857 ςυ-

515 2903 581 2955 25
613 2893 1038 2973 ςτελλόμενον
1084 2891 1239 2970 ἔχον
1283 2892 1359 2956 τὸ
1406 2894 1447 2954 ἃ
1492 2890 1798 2959 ὀξύνεται.

782 2994 876 3059 Τὰ
931 2993 1020 3058 εἰς
1070 2979 1192 3058 λοι-ς
1246 2992 1337 3058 δι’
1390 2993 1536 3058 ἑνὸς
1588 2980 1625 3058 λ
1672 2994 2085 3075 βαρύνονται,
2132 2992 2186 3057 εἰ
2231 2996 2310 3073 μὴ
2356 2994 2426 3058 ἐκ
2464 2999 2856 3075 ςυναλοιφῆς
2899 2996 2996 3075 εἴη
3012 3047 3028 3079 ,
3076 2999 3114 3062 Γ
3126 2998 3198 3061 ε’-

615 3101 752 3162 λας
805 3095 1094 3175 ποταμὸς
1148 3094 1457 3177 (ικελίας,
1514 3096 1587 3159 ὃς
1641 3096 1813 3160 οὕτω
1871 3098 2181 3177 καλεῖται,
2238 3095 2334 3160 ὅτι
2391 3099 2641 3175 πολλὴν
2687 3097 2941 3178 πάχνην
2985 3103 3200 3183 γεννᾷ.

614 3198 854 3277 ταύτην
907 3198 1030 3275 γὰρ
1086 3204 1163 3282 τῇ
1219 3197 1496 3262 Ὀπικῶν
1551 3203 1742 3280 φωνῇ
1797 3198 1901 3261 καὶ
1956 3196 2230 3262 (ικελῶν
2285 3199 2481 3275 γέλαν
2538 3201 2838 3276 λε’γεςθαι.
2926 3201 3201 3283 ”Υλας,

617 3421 891 3471 debentur
912 3417 1099 3481 Ζύγας
1126 3425 1183 3470 et
1209 3417 1503 3483 Βηςςύγας.
1618 3417 1653 3471 1.
1687 3421 1712 3468 1
1752 3416 2040 3484 (ατύργας
2066 3424 2123 3470 et
2146 3417 2429 3484 (τροάγας
2455 3427 2717 3485 suspecta
2742 3427 2889 3483 sunt,
2916 3421 3203 3486 (ατύργας

617 3489 787 3539 habet
841 3488 1007 3537 etiam
1060 3489 1351 3549 Lascaris;
1408 3501 1708 3551 proponam
1760 3487 1963 3537 formas
2017 3488 2357 3538 ethnicorum
2401 3487 2701 3554 Ποδάργης
2749 3496 2806 3539 et
2850 3489 3203 3557 Τεκτοςάγης

615 3556 849 3606 Doricae
883 3553 1181 3621 Ποδάργας
1217 3552 1584 3615 Τεκτοςάγας.
1721 3556 1759 3608 l.
1786 3560 1816 3605 3
1855 3553 2024 3618 Αίγᾶς
2061 3562 2118 3605 et
2156 3554 2353 3621 Ἀργᾶς
2390 3573 2458 3607 ex
2495 3560 2870 3623 superioribus
2908 3560 2996 3609 hic
3033 3575 3205 3625 appo-

618 3625 719 3676 sui.
891 3623 926 3673 l.
962 3626 995 3673 4
1032 3623 1300 3672 Arcadius
1337 3623 1506 3671 habet
1543 3628 1757 3672 tantum
1792 3622 1935 3674 Ἴδας
1981 3630 2038 3673 et
2074 3621 2364 3687 Βραςίδας,
2413 3626 2627 3690 reliqua
2663 3628 2953 3676 maximam
2988 3632 3202 3692 partem

619 3695 748 3741 sunt
781 3708 850 3742 ex
888 3691 1076 3741 Chocr.
1114 3708 1165 3756 p.
1205 3693 1296 3750 34,
1347 3690 1435 3740 cui
1474 3686 1738 3752 Βραςίδας
1783 3690 1959 3741 deest.
2027 3690 2217 3755 Δςίιδας
2253 3694 2492 3743 accessit
2537 3709 2604 3742 ex
2651 3694 2731 3744 St.
2770 3695 2831 3743 B.
2868 3697 2995 3757 309,
3034 3698 3059 3744 1
3109 3698 3205 3759 qui

620 3759 791 3813 habet
827 3760 996 3809 etiam
1033 3756 1248 3819 (ἀλγας
1285 3760 1403 3819 531,
1440 3757 1473 3805 8
1519 3763 1576 3807 ct
1613 3755 1873 3821 Ἀφείδας
1913 3762 2034 3817 149,
2071 3764 2128 3823 4;
2177 3757 2400 3822 (φάδας
2449 3776 2516 3809 ex
2554 3761 2750 3811 Choer.
2787 3777 2838 3826 p.
2875 3764 2968 3824 40,
3005 3766 3067 3824 9,
3106 3780 3204 3827 pro

625 3825 857 3880 Ἀκάδας
893 3828 1090 3892 scripsi
1126 3823 1375 3877 (ακάδας
1414 3841 1482 3873 cx
1517 3839 1570 3888 p.
1607 3828 1691 3888 41,
1731 3829 1809 3878 14.
1957 3827 1993 3877 1.
2033 3830 2091 3877 11
2131 3829 2303 3879 verba
2336 3827 2406 3878 τὸ
2443 3828 2504 3878 δὲ
2543 3844 2667 3878 cum
2704 3829 2905 3879 lacuna
2941 3833 3095 3895 posui
3134 3832 3203 3880 ob

623 3897 849 3946 canonis
887 3895 1289 3945 formationem.
1433 3893 1467 3942 1.
1511 3895 1570 3942 12
1608 3910 1676 3944 ex
1713 3894 1906 3947 Choer.
1945 3897 2026 3957 35,
2069 3898 2131 3945 15
2168 3911 2265 3960 pro
2302 3895 2371 3946 τὸ
2408 3895 2520 3959 πρὸ
2556 3898 2678 3947 τῶν
2715 3898 2912 3963 scripsi
2950 3897 3062 3963 πρὸ
3098 3901 3203 3949 τοῦ

622 3966 658 4015 ἃ
695 3962 771 4015 ἓν.
809 3992 874 3998 -
913 3962 1086 4016 Βύζας
1125 3960 1343 4026 explevi
1380 3975 1446 4009 ex
1484 3960 1561 4014 St.
1599 3964 1660 4013 Β.
1700 3965 1813 4024 189,
1854 3968 1885 4013 3
1922 3967 1978 4014 et
2012 3966 2131 4020 214,
2168 3968 2226 4013 3:
2276 3963 2553 4017 Βύζαντες
2590 3963 2793 4029 Λιβύης
2831 3965 2958 4029 περὶ
2999 3965 3207 4030 Καρχη-

622 4032 763 4084 δόνα
801 4032 918 4082 κτλ.
990 4027 1133 4093 παρ’
1170 4026 1457 4093 Ἡροδότῳ
1502 4028 1562 4080 δὲ
1608 4033 1795 4083 κακῶς
1840 4029 1928 4082 διὰ
1970 4034 2074 4082 τοῦ
2112 4035 2147 4094 ’γ
2186 4031 2453 4084 Γύζαντες
2492 4038 2572 4082 et:
2615 4031 2884 4086 Γύζαντες
2921 4032 3083 4085 ἔθνος
3118 4034 3205 4086 Λι-
3272 4081 3279 4093 ,

626 4100 799 4165 βυκὸν
836 4098 915 4150 ὡς
954 4096 1254 4162 Ἡρόδοτος
1292 4095 1353 4148 ἐν
1389 4095 1633 4163 τετάρτῃ
1672 4098 1763 4149 καὶ
1789 4098 2155 4163 Ἡρωδιανός,
2197 4118 2264 4150 ex
2301 4103 2498 4165 quibus
2536 4101 2675 4151 loeis
2713 4104 3044 4167 comparatis
3081 4118 3208 4153 con-

625 4169 893 4219 cludimus
929 4166 1303 4216 Herodianum
1341 4181 1436 4229 pro
1474 4169 1614 4216 teste
1640 4169 1951 4232 scripturae
1979 4167 2247 4221 Γύζαντες
2274 4170 2611 4219 Herodotum
2637 4170 2844 4220 citasse
2882 4176 2939 4219 et
2974 4169 3209 4220 alteram

624 4235 902 4286 scribendi
939 4234 1208 4283 rationem
1243 4232 1594 4299 praetulisse,
1635 4236 1780 4300 quod
1817 4238 1898 4288 St.
1937 4238 1999 4290 B.
2041 4238 2285 4287 breviter
2322 4253 2411 4302 per
2447 4238 2634 4287 κακῶς
2673 4236 3029 4302 significavit.
3100 4239 3207 4287 Pro

624 4302 860 4368 ἀλείψας
908 4304 977 4352 ab
1024 4300 1127 4351 hoc
1169 4299 1290 4351 loco
1335 4301 1519 4352 alieno
1564 4305 1722 4368 posui
1769 4321 1838 4355 cx
1876 4304 2077 4357 Choer„
2120 4303 2325 4367 Ἀψας,
2376 4305 2521 4369 quod
2565 4305 2713 4370 apud
2759 4320 2881 4355 eum
2925 4322 2975 4371 p.
3013 4308 3104 4364 41,
3140 4309 3207 4356 22

626 4372 842 4434 Ἂλψας
881 4370 1144 4433 scriptum
1181 4374 1282 4418 est.
1351 4367 1539 4423 Πύζας
1577 4400 1640 4407 -
1682 4369 1956 4437 Γαρτάζας
1994 4379 2121 4423 sunt
2158 4389 2225 4423 ex
2264 4372 2460 4422 Choer.
2499 4390 2550 4437 p.
2585 4378 2652 4424 35
2688 4378 2744 4423 et
2778 4376 2861 4423 41.
3067 4373 3105 4429 l,
3145 4376 3209 4423 18

625 4441 771 4490 hunc
807 4452 1073 4489 canonem
1119 4436 1305 4486 addidi
1351 4453 1418 4487 ex
1455 4438 1649 4489 Choer.
1687 4445 1778 4497 35.
1816 4444 1909 4503 22,
1961 4437 2244 4506 Ετρούθας
2292 4457 2343 4505 p.
2377 4443 2469 4500 41,
2509 4444 2599 4503 23,
2647 4457 2745 4506 pro
2784 4440 2990 4506 Ἀρθας
3037 4442 3210 4494 habet

633 4509 891 4559 Lascaris
928 4507 1169 4556 fortasse
1205 4505 1411 4554 rectius
1447 4504 1668 4558 Ἀνθας.
1876 4510 1909 4558 1.
1946 4513 2012 4559 20
2050 4510 2139 4559 hic
2175 4524 2352 4559 canon
2389 4510 2628 4559 accessit
2662 4525 2729 4559 ex
2767 4509 2965 4560 Choer.
3003 4514 3086 4574 35,
3122 4513 3208 4571 24,

630 4575 814 4628 Λάκας
852 4592 919 4625 ex
958 4591 1009 4639 p.
1045 4576 1130 4631 40,
1169 4575 1217 4633 9,
1257 4589 1354 4637 pro
1393 4572 1622 4627 Κώκκας
1658 4579 1863 4642 recepi,
1901 4578 2043 4641 quod
2082 4578 2348 4642 scriptum
2386 4582 2473 4627 est
2510 4594 2560 4642 p.
2598 4580 2684 4639 41,
2720 4581 2754 4627 4
2792 4576 2988 4629 Κώκας
3023 4585 3077 4629 et
3111 4596 3211 4644 pro

631 4643 922 4697 Πελέκκας
958 4639 1215 4695 Πελέκας
1251 4658 1318 4690 ex
1357 4657 1407 4706 p.
1441 4645 1526 4706 41,
1564 4647 1653 4703 24,
1703 4642 2017 4709 Περδίκκας
2054 4662 2121 4695 ex
2159 4652 2208 4710 p.
2244 4647 2333 4701 41,
2371 4647 2456 4695 24.
2529 4643 2740 4696 Ἐλίκας
2788 4651 2876 4695 est
2922 4663 2989 4696 ex
3029 4648 3109 4699 St.
3146 4649 3210 4697 B.

628 4715 755 4773 266,
793 4716 863 4763 20
905 4716 963 4762 et
1011 4707 1372 4773 Καραμβύκας
1426 4727 1494 4759 ex
1542 4714 1661 4766 eod.
1719 4729 1769 4777 p.
1809 4716 1934 4765 267.
1976 4718 2037 4764 13
2082 4720 2139 4763 et
2186 4716 2314 4773 357,
2350 4715 2399 4766 9.
2470 4712 2540 4763 τὸ
2585 4712 2647 4763 δὲ
2687 4712 2884 4777 Ἀρκάς
2930 4715 3049 4764 κτλ.
3087 4715 3210 4780 ipse

630 4780 831 4830 adieci.
940 4780 974 4829 1.
1012 4780 1078 4828 26
1118 4775 1283 4830 Γέλας
1319 4777 1540 4842 explevi
1576 4798 1644 4831 ex
1683 4784 1759 4831 St.
1785 4785 1848 4834 B.
1886 4785 2005 4839 200,
2040 4785 2124 4846 21,
2165 4779 2338 4832 Γάλα(
2375 4810 2439 4817 -
2477 4779 2666 4833 Φύλας
2704 4799 2772 4833 ex
2798 4781 2990 4832 Choer.
3016 4784 3100 4847 35,
3125 4786 3211 4845 30,
