3664 5546
626 371 823 420 XXXX
1706 365 2126 414 PRAEFATIO.

625 545 863 592 νουςαν
908 525 1163 589 εὐθεῖαν
1208 525 1324 600 τὴν
1371 522 1814 588 ςυνάπτουςαν
1859 522 1939 585 τὰ
1985 518 2384 600 ςυγκείμενα,
2435 519 2514 597 ἣν
2559 519 2761 598 ὑφὲν
2808 516 3018 582 οὕτως
3058 516 3212 582 ’ὀνο-

627 626 937 706 μάζομεν,
995 624 1101 689 ἐπὶ
1154 626 1293 688 τοῖς
1349 622 1946 702 ςυμπεπλεγμένοις.
2044 621 2121 685 τὰ
2181 622 2252 685 δὲ
2319 621 2600 700 ςχήματα
2663 620 2917 685 τούτων
2979 618 3212 683 είδόςιν

526 737 592 786 10
626 727 707 792 οὐ
750 726 999 806 γράφω.
1068 724 1235 789 ἀλλὰ
1280 725 1382 788 καὶ
1423 724 1536 789 τὰς
1582 724 1837 803 ςτιγμὰς
1882 725 2101 802 ςημεῖα
2145 720 2310 786 εἶναι
2355 722 2436 786 οὐ
2485 721 2687 801 μόνον
2716 727 2793 803 τῇ
2840 721 3003 788 λέξει
3046 719 3215 785 ἀλλὰ

625 829 702 907 δὴ
760 829 863 892 καὶ
918 829 1036 891 τοῦ
1094 827 1295 902 λόγου
1351 825 1632 892 διέταξεν
1689 824 1934 890 ἀνέςεις
1999 824 2102 888 καὶ
2164 823 2407 902 ἐποχὰς
2469 829 2562 907 τῷ
2618 822 2929 902 πνεύματι
2992 822 3095 886 καὶ
3136 826 3213 903 τῇ

625 936 816 1010 φωνῇ
860 927 1334 1008 παρεχόμενος,
1392 927 1495 989 καὶ
1548 925 1764 1004 χώρας
1820 925 2042 990 αὐταῖς
2098 924 2196 989 καὶ
2250 924 2549 1004 δυνάμεις
2595 924 2948 1004 ὡριςμένας
2991 923 3214 988 διένει-

625 1050 755 1108 μεν.
845 1028 1057 1110 [Τρεῖς
1101 1029 1216 1105 μὲν
1274 1028 1386 1093 τὰς
1440 1028 1699 1105 πρώτας
1744 1027 1848 1090 καὶ
1903 1026 2292 1103 κυριωτάτας
2346 1025 2549 1105 μόνον
2606 1028 2724 1091 νῦν
2772 1025 3035 1104 λέξομεν
3081 1023 3214 1088 ἐπι-

528 1147 590 1198 15
626 1133 824 1209 τομῆς
880 1131 1093 1208 χάριν·
1156 1129 1234 1192 τὰ
1301 1130 1371 1193 δὲ
1437 1128 1654 1193 αὐτῶν
1721 1127 1879 1206 μέρη
1945 1127 2016 1193 ἐν
2071 1133 2164 1210 τῷ
2229 1128 2376 1205 περὶ
2439 1126 2763 1205 περιόδων
2828 1125 2929 1192 καὶ
2983 1125 3213 1190 κώλων

628 1231 979 1308 διείληπται
1023 1230 1124 1294 καὶ
1171 1230 1470 1308 Νικάνορι
1514 1236 1606 1312 τῷ
1636 1228 1922 1309 Ἑρμείου
1967 1229 2037 1294 ἐν
2082 1235 2171 1311 τῷ
2202 1229 2349 1307 περὶ
2379 1227 2659 1293 καθόλου
2692 1231 2944 1307 ςτιγμῆς
2985 1226 3214 1303 γέγρα-

526 1351 595 1402 20
628 1330 824 1412 wrm]
911 1331 1028 1409 τὴν
1086 1332 1199 1411 μὲν
1255 1330 1618 1409 ἀπαρτίζειν
1674 1330 1775 1393 ἀεὶ
1829 1330 1946 1407 τὴν
1971 1329 2283 1410 ’διάνοιαν
2328 1330 2638 1395 τελείαν
2675 1330 3016 1420 ,ςτιγμὴν
3061 1326 3217 1392 ὑπέ-

627 1439 809 1512 θετο,
865 1431 943 1508 ἣν
1000 1433 1103 1496 καὶ
1155 1431 1389 1509 τίθηςιν
1444 1430 1582 1497 ἄνω
1625 1432 1784 1496 κατὰ
1827 1431 1941 1509 τὴν
1987 1433 2275 1510 κεφαλὴν
2331 1435 2448 1495 τοῦ
2495 1423 2837 1513 ςτοιχείου,
2890 1429 2967 1494 τὸ
3025 1432 3218 1507 κῦρος

630 1532 842 1610 ὥςπερ
887 1531 1159 1610 ἔχουςαν
1203 1535 1320 1597 τοῦ
1369 1532 1569 1609 λόγου
1615 1533 1717 1597 καὶ
1763 1532 2162 1612 βαρύνουςαν
2207 1534 2322 1611 τὴν
2368 1534 2615 1612 φωνήν.
2703 1533 2819 1610 τὴν
2866 1533 2937 1595 δὲ
2968 1531 3094 1595 ὑπὸ
3138 1531 3234 1613 τῇ

470 1637 592 1701 190
638 1633 808 1712 βάςει
850 1634 1085 1712 ταύτην
1132 1634 1210 1711 ἣν
1255 1634 1357 1697 καὶ
1401 1634 1891 1712 ὑποςτιγμήν
1937 1634 2307 1716 καΙλοῦμεν,
2366 1634 2485 1698 οὐκ
2530 1633 2894 1711 ἀπαρτίζειν
2940 1634 3054 1712 μὲν
3100 1633 3217 1708 τὴν

638 1734 931 1799 διάνοιαν
978 1734 1234 1818 ὥριςεν,
1295 1735 1423 1812 πρὸ
1482 1737 1554 1799 δὲ
1607 1738 1725 1799 τοῦ
1771 1736 2122 1813 μέλλοντος
2166 1734 2512 1813 εἰρήςεςθαι
2570 1734 2827 1813 ὑφιέναι
2873 1735 2986 1812 μὲν
3018 1733 3221 1812 ἠρέμα

635 1839 753 1899 τοῦ
796 1835 1155 1916 πνεύματός
1198 1856 1287 1917 τι,
1332 1835 1639 1900 ἐπιτεῖναι
1684 1836 1749 1901 δ’
1794 1835 1877 1900 αὖ
1922 1836 2010 1901 εἰς
2056 1835 2202 1917 ὀξύ,
2246 1836 2321 1901 τὸ
2370 1838 2596 1900 λεῖπον
2632 1834 2811 1899 ὅπως
2854 1837 2974 1898 τοῦ
3018 1833 3217 1909 λόγου

636 1937 944 2015 πληροίη·
988 1938 1105 2013 τὴν
1152 1938 1222 2001 δὲ
1278 1937 1468 2015 μέςην
1513 1938 1914 2015 καλουμένην
1959 1935 2348 2016 ἀμφοτέρων
2395 1935 2550 2002 οὐδὲ
2604 1936 2804 2014 αὐτὴν
2857 1937 2971 2014 μὲν
3016 1935 3218 2012 ἀπαρ-

567 2061 598 2110 5
635 2036 822 2102 τίζειν
867 2039 984 2114 τὴν
1030 2038 1321 2103 διάνοιαν
1368 2038 1613 2104 ἔταξεν·
1670 2037 2026 2122 ἀναπαύειν
2081 2040 2152 2103 δὲ
2210 2037 2281 2102 ἐν
2327 2043 2525 2121 καιρῷ
2585 2039 2660 2103 τὸ
2715 2040 2964 2115 πνεῦμα
3008 2037 3220 2114 έπίςης

636 2143 711 2219 τῇ
757 2145 946 2221 φωνῇ
992 2139 1374 2220 χρωμένων,
1425 2138 1684 2203 ἐπειδὰν
1730 2141 1769 2222 ᾗ
1815 2140 1853 2203 ὁ
1900 2139 2097 2215 λόγος
2143 2139 2349 2216 πολὺς
2393 2139 2498 2202 καὶ
2550 2139 2803 2217 μακρός.
2892 2138 3076 2216 ὥριςε
3121 2138 3221 2201 καὶ

636 2240 772 2303 τοῖς
815 2238 1031 2306 τόνοις
1061 2240 1160 2304 καὶ
1190 2244 1329 2306 τοῖς
1359 2240 1665 2318 πνεύμαςι
1694 2241 2093 2318 τεταγμένως
2125 2242 2503 2318 περιπολεῖν
2549 2241 2665 2318 τὴν
2703 2240 2901 2320 λέξιν,
2946 2240 3059 2304 τὸν
3106 2240 3221 2317 μἐν

538 2357 602 2407 10
636 2338 789 2404 ὀξὺν
852 2338 1052 2404 τόνον
1121 2342 1192 2405 ἐν
1247 2341 1480 2406 ἅπαντι
1537 2341 1707 2419 μέρει
1764 2346 2019 2424 καθαρῷ
2086 2341 2287 2407 τόνου
2342 2340 2507 2407 ἅπαξ
2575 2341 2984 2420 ἐμφαίνεςθαι
3052 2344 3221 2403 δοκι-

638 2438 864 2518 μάςας·
910 2441 1013 2503 καὶ
1056 2442 1534 2522 μεμετρημένως
1579 2442 1680 2506 ἐπὶ
1724 2444 1842 2506 τοῦ
1888 2443 2165 2520 πέρατος
2209 2446 2321 2519 τῆς
2367 2442 2596 2508 λέξεως
2641 2443 2678 2519 ἢ
2724 2442 2852 2519 πρὸ
2882 2444 2998 2504 τοῦ
3029 2440 3221 2524 πέρα-

635 2560 777 2621 τος,
823 2540 1022 2605 ὁπότε
1067 2544 1168 2607 καὶ
1211 2543 1492 2621 κυριεύοι
1534 2547 1653 2608 τοῦ
1698 2544 2017 2622 ὀνόματος
2060 2543 2099 2620 ἡ
2144 2543 2319 2622 παρὰ
2349 2543 2424 2607 τὸ
2470 2542 2702 2625 πέρας,
2747 2542 2786 2620 ἢ
2830 2542 3045 2619 τρίτον
3090 2540 3222 2605 ἀπὸ

533 2656 596 2706 15
633 2644 751 2705 τοῦ
794 2642 1096 2723 πέρατος
1151 2644 1373 2722 πόρρω
1417 2644 1539 2722 γὰρ
1583 2648 1773 2709 τοῦδε
1819 2644 1901 2708 οὐ
1947 2644 2261 2726 πρόειςιν,
2318 2643 2497 2709 οὐδ’.
2525 2643 2604 2709 ἂν
2666 2642 3067 2721 ἐπιμήκιςτον
3123 2639 3222 2719 εἴη

634 2742 710 2806 τὸ
766 2739 989 2821 ὄνομα.
1097 2744 1295 2810 ὁπότε
1372 2746 1442 2811 δὲ
1508 2745 1704 2817 αὐτὸς
1758 2745 2007 2824 ἐνςταίη
2071 2746 2187 2823 τὴν
2256 2745 2424 2813 λέξιν
2490 2744 2529 2810 ὁ
2593 2743 2817 2824 τόνος,
2884 2747 3223 2821 τηνικαῦτα

638 2846 1115 2925 περιςπώμενος
1158 2846 1411 2922 γίνεται.
1485 2846 1681 2926 ἄμφω
1726 2848 1849 2924 γὰρ
1896 2845 2024 2926 ἅμα
2067 2845 2422 2928 ἀδύνατον,
2474 2846 2574 2911 ὅτι
2619 2846 2688 2910 ἐκ
2729 2849 2846 2909 τοῦ
2892 2844 3078 2911 ὀξέος
3122 2846 3225 2908 καὶ

633 2949 751 3010 τοῦ
796 2947 1024 3026 βαρέος
1075 2944 1086 3029 Ι
1132 2946 1171 3011 ὁ
1202 2948 1714 3028 περιςπώμενος,
1760 2946 1971 3031 ὥςπερ
2002 2947 2275 3029 εἴρηται,
2320 2949 2625 3029 γέγονεν,
2670 2946 2964 3026 φαίνεται
3006 2948 3078 3011 δὲ
3122 2947 3225 3009 καὶ

533 3062 602 3111 ‘20
636 3043 827 3110 οὗτος
869 3048 948 3110 τὰ
990 3048 1206 3111 πολλὰ
1251 3049 1356 3112 ἐπὶ
1397 3052 1514 3112 τοῦ
1568 3048 1877 3127 πέρατος,
1933 3049 1972 3125 ἢ
2031 3048 2159 3127 πρὸ
2215 3052 2356 3128 μιᾶς
2410 3053 2528 3113 τοῦ
2573 3049 2831 3130 τέλους,
2891 3047 3221 3125 ἐπιπόρρω

638 3148 703 3210 δ’
749 3148 962 3225 εὑρεῖν
1009 3147 1353 3211 ἀδύνατον.
2687 3169 2696 3178 ·

806 3279 879 3343 Ὁ
937 3281 1008 3343 δὲ
1066 3281 1259 3360 βαρὺς
1314 3281 1505 3347 τόνος
1562 3280 1671 3346 ἅτε
1727 3284 1830 3345 καὶ
1883 3282 2130 3347 ἁπλοῦς
2183 3296 2276 3349 τις
2333 3286 2427 3350 ὢν
2482 3287 2585 3349 καὶ
2629 3285 3007 3365 μικροτέραν
3053 3284 3224 3362 ἔχων

639 3379 904 3457 δύναμιν
950 3379 1234 3446 ἀτάκτως
1279 3382 1381 3445 καὶ
1425 3381 1712 3461 ἀμέτρως
1755 3383 2013 3462 περίειςι
2055 3386 2172 3463 τὴν
2216 3386 2382 3452 λέξιν
2426 3386 2792 3468 ἁπανταχῇ,
2836 3387 2938 3450 καὶ
2981 3386 3258 3451 πολλά-.

537 3499 603 3547 25
639 3500 732 3543 κις
777 3481 880 3544 καὶ
924 3480 1053 3565 ὅπῃ
1097 3481 1277 3560 τύχοι
1332 3483 1745 3562 φαινόμενος.
1843 3482 2013 3549 οὕτω
2083 3486 2185 3549 καὶ
2228 3486 2334 3550 ἐπὶ
2375 3490 2507 3552 τῶν
2562 3486 2946 3565 πνευμάτων
2990 3488 3065 3551 τὸ
3110 3488 3225 3564 μὲν

640 3581 794 3644 δαςὺ
840 3583 998 3645 κατὰ
1054 3584 1172 3661 τὴν
1227 3584 1431 3662 ἀρχὴν
1487 3585 1586 3649 ἀεὶ
1641 3586 1966 3667 φαίνεται,
2025 3587 2125 3650 καὶ
2180 3588 2369 3666 μέςον
2415 3588 2728 3670 ὀλιγάκις,
2784 3588 2838 3652 εἰ
2894 3588 3221 3662 ςυγκέοιτο

480 3680 595 3743 191
642 3680 718 3744 τὸ
762 3680 996 3758 ὄνομα·
1047 3681 1058 3766 Ι
1107 3683 1182 3747 τὸ
1230 3685 1300 3749 δὲ
1345 3687 1542 3763 ψιλὸν
1589 3684 1696 3750 οἶά
1740 3706 1807 3750 τε
1854 3687 2074 3764 ἀέριον
2120 3689 2222 3752 καὶ
2264 3689 2615 3769 κεχυμένον
2656 3687 3121 3766 ἀπεριόριςτον·
3147 3687 3224 3752 ὂν

641 3779 992 3864 ἁπανταχῇ.
1080 3785 1183 3848 καὶ
1228 3785 1289 3850 οἱ
1345 3786 1568 3863 χρόνοι
1624 3788 1696 3852 δὲ
1751 3788 1854 3851 καὶ
1897 3788 1974 3851 τὰ
2030 3792 2248 3868 ςημεῖα
2292 3794 2427 3854 τῶν
2472 3795 2698 3855 παθῶν
2754 3789 3042 3857 τέτακταί
3085 3809 3225 3856 πως

641 3886 933 3959 φυςικῶς.

640 4172 856 4235 Iacobi,
892 4172 1002 4236 τὴν
1038 4173 1427 4227 ςυνάπτουςαν
1462 4176 1697 4227 inseruit
1734 4178 1870 4228 Lob.
1894 4179 1980 4230 ΕΙ.
2016 4179 2044 4228 I
2069 4181 2169 4230 544
2203 4187 2317 4231 not.
2353 4183 2385 4231 8
2422 4178 2938 4242 ςυμπεπλεγμένοις
2975 4196 3074 4244 pro
3100 4193 3226 4241 ςυμ-

640 4238 1056 4303 πεπληγμὲνοις
1093 4242 1159 4294 Ν.
1196 4269 1261 4277 —
1296 4243 1331 4295 l.
1373 4246 1429 4293 11
1470 4246 1575 4295 τοῦ
1612 4243 1785 4306 λόγου
1821 4247 1899 4307 Τ,
1944 4249 2029 4310 τῷ
2066 4245 2224 4313 λόγῳ
2264 4249 2322 4298 C.
2368 4276 2433 4284 —
2479 4249 2512 4297 1.
2553 4250 2615 4298 14
2658 4250 2807 4312 τρεῖς
2847 4245 2949 4310 μὲν
2983 4272 3050 4283 —-
3087 4248 3123 4298 l.
3164 4249 3226 4297 18

643 4304 958 4369 γέγραπται
997 4325 1029 4357 a
1068 4310 1130 4358 T.
1169 4310 1393 4360 absunt.
1430 4338 1495 4346 —
1532 4312 1566 4361 l.
1606 4313 1669 4362 18
1705 4310 2116 4376 ἀπαρτίζουςαν
2153 4314 2223 4377 C,
2261 4314 2584 4379 ἀπαρτίζειν
2619 4317 2686 4365 Τ.

778 4378 898 4435 190,
935 4374 970 4423 1.
1009 4380 1040 4423 2
1076 4376 1143 4425 In
1178 4368 1221 4425 C
1259 4379 1462 4443 scripta
1501 4383 1652 4429 sunt:
1710 4379 1891 4431 πόθεν
1934 4380 1995 4431 δὲ
2048 4384 2152 4432 τοῦ
2202 4382 2507 4444 μέλλοντος
2553 4380 2802 4446 εἰρῆςθαι
2854 4380 3078 4446 ὑφιέναι
3126 4381 3229 4443 μὲν

638 4438 819 4504 ἠρέμα
853 4443 958 4492 τοῦ
996 4441 1344 4506 πνεύματος,
1382 4443 1461 4497 είς
1497 4445 1595 4497 ὀξὺ
1634 4446 1702 4498 τὸ
1739 4448 1938 4499 λεῖπον
1975 4447 2163 4514 ὥςπερ
2198 4453 2301 4501 τοῦ
2339 4449 2512 4512 λόγου
2547 4447 2764 4514 τηροίη.
2822 4451 3013 4502 Iacobi
3049 4452 3229 4515 suspi-

639 4515 800 4589 (ἔειπε
836 4514 924 4559 est
959 4525 1058 4574 pro
1084 4509 1262 4561 πόθεν
1286 4511 1397 4576 πρὸ
1434 4513 1548 4576 (vel
1572 4513 1883 4578 πρότερον,
1923 4516 2177 4567 similiter
2213 4518 2389 4568 Schm.
2415 4516 2711 4581 πρόςθεν),
2751 4524 2864 4568 tum
2901 4515 3226 4582 εἰρήςεςθαι,

639 4574 907 4637 υφιέντος
945 4582 1003 4627 et
1037 4576 1197 4658 ὅπως
1234 4594 1332 4643 pro
1368 4578 1583 4645 ὥςπερ,
1622 4581 1860 4648 περαίνῃ
1898 4600 1995 4648 pro
2031 4582 2247 4649 τηροίη.
2318 4585 2584 4635 Schmidt.
2632 4593 2787 4636 recte
2833 4590 2964 4636 ante
3012 4582 3091 4636 εἰς
3127 4584 3226 4637 ὀξὺ

642 4642 911 4704 quaedam
948 4644 1220 4696 excidlsee
1265 4649 1579 4710 suspicatus
1625 4656 1729 4701 est.
1803 4650 1949 4701 Hine
1994 4652 2264 4703 consultis
2299 4652 2478 4703 Schol.
2523 4652 2593 4701 ad
2640 4654 2868 4719 Dionys.
2907 4670 2958 4718 p.
2997 4655 3125 4714 761,
3161 4651 3229 4702 29

644 4714 701 4757 et
741 4711 870 4771 765,
909 4714 973 4791 12}
1008 4728 1150 4777 quae
1187 4713 1247 4762 in
1283 4720 1442 4764 textu
1478 4718 1663 4779 posui,
1702 4719 1918 4782 scripsi.
1944 4746 2009 4754 —
2045 4719 2082 4768 1.
2111 4722 2173 4769 12
2210 4721 2416 4770 inserui
2452 4720 2486 4781 ἢ
2525 4720 2637 4784 πρὸ
2673 4724 2777 4771 τοῦ
2816 4718 3061 4784 πέρατος
3097 4719 3133 4772 1.
3158 4723 3215 4770 21

642 4790 761 4829 cum
798 4776 1057 4833 Schuudt.
1095 4780 1220 4835 coll.
1259 4780 1441 4835 Βοιὼ.
1474 4785 1575 4839 An.
1614 4786 1738 4849 707,
1775 4788 1806 4838 2
1845 4784 2033 4839 addidi
2069 4786 2104 4850 ἢ
2141 4786 2254 4851 πρὸ
2294 4790 2415 4849 μιᾶς
2451 4788 2554 4840 τοῦ
2594 4786 2810 4841 τέλους.
