3664 5546
1141 361 1300 419 ΠΕΡΙ
1346 359 1739 416 ΚΑΘΟΛΙΚΗ(
1775 359 2198 416 ΠΡΟΕΩιΔΙΑ(
2238 361 2298 412 Η.
2900 356 3023 421 189

443 531 867 599 Καςςωπός.
958 531 1165 599 οὕτως
1219 531 1589 611 Ἡρόδωρός
1643 552 1835 613 φηςιν
1890 531 2045 597 τοὺς
2093 528 2527 613 Καςςωπίους,
2590 526 2743 595 ἴςως
2798 533 3022 594 κακῶς.

438 635 804 716 Εὐρωπός
848 635 886 700 6
933 634 1309 701 Μακεδόνος
1351 635 1457 699 καὶ
1498 634 1850 715 Ὠρειθυίας
1893 638 2006 713 τῆς
2054 634 2413 712 Κέκροπος·
2499 633 2602 696 καὶ
2655 631 2775 697 ἀπ’
2818 632 3022 697 αὐτοῦ

436 740 619 805 πόλις
686 737 1103 805 Μακεδονίας.
1206 736 1336 802 ἔςτι
1400 737 1504 803 καὶ
1569 735 1793 815 (υρίας
1857 735 2021 816 ἄλλη
2085 738 2394 802 κτιςθεῖςα
2457 734 2587 800 ὑπὸ
2648 734 3021 817 Νικάτορος,

435 844 579 921 περὶ
630 840 707 922 ἧς
766 841 804 905 6
860 839 1223 919 πολυίςτωρ
1280 838 1351 905 ἐν
1410 845 1503 923 τῷ
1558 840 1705 919 περὶ
1759 838 1985 918 (υρίας
2036 839 2228 919 φηςὶν
2284 838 2493 903 οὕτως
2538 836 2905 918 «Ξενοφῶν
2924 837 3021 915 ,ἐν

434 947 570 1010 ταῖς
614 942 1063 1025 ἀναμετρήςεςι
1116 946 1247 1008 τῶν
1303 939 1483 1019 ὀρῶν
1527 942 1674 1020 περὶ
1717 941 2099 1022 Ἀμφίπολιν
2154 942 2390 1006 κεῖςθαι
2444 939 2634 1005 πόλιν
2687 940 3018 1023 Εὐρωπόν,
3047 942 3080 991 5

435 1047 511 1125 ἣν
565 1045 888 1125 πρότερον
932 1044 1274 1125 Τελμιςςόν
1318 1047 1637 1109 καλεῖςθαι
1683 1044 1812 1109 ὑπὸ
1856 1047 1988 1109 τῶν
2044 1042 2408 1109 κτιςάντων.
2496 1042 2735 1122 ταύτην
2780 1042 2853 1107 δέ
2897 1063 3020 1123 φα-

438 1168 528 1213 ςιν
575 1147 706 1212 ὑπὸ
752 1147 1065 1213 (ελεύκου
1108 1150 1228 1211 τοῦ
1261 1145 1613 1225 Νικάτορος
1657 1144 2110 1211 ἐπικτιςθεῖςαν
2142 1144 2441 1224 Ὠρωπὸν
2482 1144 2846 1224 ὠνομάςθαι
2889 1144 3021 1209 ἀπὸ

433 1252 542 1327 τῆς
587 1249 658 1316 ἐν
701 1256 779 1335 τῇ
825 1248 1075 1315 Ἑλλάδι
1118 1247 1484 1328 Ὠρωποῦ».
1548 1246 1881 1328 ςημείωςαι
1925 1249 2002 1315 τὸ
2046 1247 2416 1314 Αἴςωπος.
2475 1248 2553 1312 τὸ
2599 1247 2671 1310 δὲ
2721 1245 3021 1325 Κρότω-

435 1371 585 1416 πος
638 1353 744 1416 καὶ
798 1351 1300 1419 Μελάνωπος
1353 1351 1538 1429 κύρια
1592 1349 1711 1415 οὐκ
1755 1349 1887 1416 ἀπὸ
1945 1354 2183 1432 μακρᾶς
2227 1349 2550 1429 ἄρχονται.
2618 1348 3022 1415 ’Κάνωπος

436 1452 538 1536 δέ,
583 1452 747 1532 ὅπερ
789 1452 922 1519 ἔδει
964 1454 1316 1534 γράφεςθαι
1362 1453 1468 1517 διὰ
1509 1456 1628 1517 τοῦ
1669 1454 1752 1535 π,
1798 1452 1975 1534 ὅμως
2003 1452 2318 1533 γράφεται
2363 1451 2469 1516 διὰ
2510 1454 2629 1516 τοῦ
2675 1438 2726 1533 β.
2813 1451 2891 1516 τὸ
2949 1452 3021 1515 δὲ
3057 1450 3125 1503 ¹⁰

437 1552 1373 1636 ἄνθρωπος’προςηγορικὸν
1415 1555 1993 1634 προπαροξύνεται.
2049 1556 2126 1619 τὸ
2172 1555 2390 1634 μέντοι
2437 1552 2835 1619 ςτενωπός
2880 1551 3022 1621 ὀξύ-

435 1677 610 1722 νεται
680 1659 1153 1739 προςηγορικὸν
1218 1657 1299 1725 ὃν
1365 1657 1471 1723 ἐπὶ
1533 1660 1814 1737 θηλυκοῦ
1878 1659 2099 1739 μόνου.
2209 1655 2302 1722 ἔτι
2382 1657 2484 1721 καὶ
2551 1656 2629 1720 τὸ
2704 1655 3022 1720 ἀλωπός

438 1758 741 1828 ὀξύνεται.

678 2168 856 2234 ΠεΡι
903 2166 1066 2233 mn
1112 2167 1225 2233 εις
1265 2172 1415 2253 τῆξ,
1461 2175 1604 2253 co—c,
1648 2173 1795 2255 τ-ὸ-ε,
1840 2171 1973 2250 affe
2022 2169 2136 2233 κΑι
2185 2166 2344 2232 mu
2396 2165 2771 2234 κΑοεΞΗς

1524 2356 1795 2412 ΒιΒΛιοΝ
1834 2349 1904 2425 η’.
2520 2346 2532 2363 ’
3059 2353 3124 2406 15

603 2527 698 2592 Τὰ
742 2526 831 2593 εἰς
877 2530 994 2607 δᾶ
1037 2527 1381 2608 διςύλλαβα
1422 2527 1924 2608 παραληγόμενα
1965 2533 2057 2613 τῷ
2102 2530 2144 2589 ἇ
2182 2526 2368 2605 κύρια
2410 2525 2571 2591 ὄντα
2612 2527 2653 2605 ἢ
2705 2546 3021 2606 προςηγο-

443 2628 578 2707 ρικὰ
637 2629 1051 2713 βαρύνονται,
1122 2629 1365 2709 λάρος
1420 2629 1642 2715 «λάρῳ
1698 2628 1905 2708 ὄρνιθι
1951 2629 2214 2694 ἐοικώς»
2264 2626 2421 2711 (Od.
2465 2648 2497 2692 ε
2540 2627 2684 2712 51),
2752 2630 3022 2712 κάρος,

439 2730 716 2811 Φάρος.
803 2731 931 2798 ἔςτι
988 2733 1059 2798 δὲ
1103 2730 1451 2811 ἀρςενικόν.
1507 2732 1679 2798 οὕτω
1730 2732 1855 2811 γὰρ
1900 2731 1936 2797 6
1985 2731 2325 2798 Μενελάου
2380 2730 2668 2797 ἐκαλεῖτο
2712 2731 3021 2812 πρωρεύς.

440 2832 602 2900 ἀλλὰ
641 2835 747 2898 καὶ
790 2836 1070 2915 θηλυκὸν
1115 2834 1221 2899 ἐπὶ
1262 2838 1375 2914 τῆς
1419 2835 1617 2915 νήςου
1667 2839 1780 2914 τῆς
1824 2836 1990 2914 πρὸς
2044 2839 2119 2920 τῇ
2163 2834 2602 2918 Ἀλεξανδρείᾳ
2659 2833 2778 2899 ἀπ’
2822 2835 3023 2900 αὐτοῦ

439 2933 643 3017 ὄνομα
688 2936 1033 3020 λαβούςης,
1091 2936 1181 3002 ὥς
1235 2958 1427 3018 φηςιν
1471 2936 1812 3003 Ἑκαταῖος.
1901 2937 2153 3016 δηχθεὶς
2208 2936 2330 3015 γὰρ
2385 2936 2514 3001 ὑπὸ
2560 2934 2781 3017 ὄφεως
2832 2937 2902 3003 ἐν
2945 2943 3023 3023 τῇ
3057 2951 3127 3004 20

437 3038 607 3119 νήςῳ
673 3038 897 3119 ἐτάφη.
995 3040 1099 3104 καὶ
1162 3039 1518 3120 ὁμωνύμως
1585 3039 1835 3116 λέγεται
1901 3038 1939 3104 6
1995 3039 2366 3118 (ωςτράτου
2429 3033 2546 3104 τοῦ
2611 3040 3022 3120 Δεξιφάνους

436 3140 680 3219 πύργος
737 3140 850 3205 ἐπ’
903 3139 1114 3220 αὐτῆς.
1211 3141 1428 3221 Φάρος
1482 3141 1555 3207 δέ
1608 3142 1710 3206 καὶ
1760 3142 1801 3221 ἡ
1859 3141 2299 3221 Ἀλεξάνδρεια
2352 3141 2657 3207 ἐκαλεῖτο.
2746 3141 2873 3207 ἔςτι
2923 3144 3026 3206 καὶ

436 3244 627 3320 νῆςος
671 3243 742 3308 ἐν
785 3248 877 3327 τῷ
908 3241 1122 3330 Ἁδρίᾳ
1166 3245 1461 3325 ποταμὸν
1506 3244 1853 3325 ὁμώνυμον
1898 3243 2149 3324 ἔχουςα.
2204 3243 2329 3309 ἔςτι
2375 3245 2448 3308 δὲ
2492 3244 2708 3324 κτίςμα
2735 3243 3023 3327 Παρίων,

437 3342 527 3410 ὡς
567 3344 853 3425 Ἔφορος
897 3344 1156 3431 εἰκοςτῷ
1201 3345 1437 3432 ὀγδόῳ.
1519 3346 1644 3412 ἔςτι
1688 3347 1791 3412 καὶ
1834 3347 2020 3413 πόλις
2064 3346 2396 3430 Ἰλλυρίας,
2445 3347 2535 3412 ὡς
2576 3346 2905 3428 Πολύβιος
2946 3346 3023 3423 γ’.

436 3444 561 3511 ἔςτι
604 3448 709 3512 καὶ
736 3446 1119 3529 Περραιβίας
1162 3448 1365 3515 πόλις.
1412 3448 1652 3528 ςάρος
1695 3449 1800 3513 καὶ
1829 3448 2082 3528 (ἄρος
2125 3448 2413 3530 ποταμὸς
2448 3448 2716 3515 Κιλικίας
2760 3450 2834 3514 ὃς
2863 3449 3021 3528 πρό·
3058 3462 3126 3515 25

435 3567 626 3627 τερον
675 3548 984 3628 Κοίρανος
1027 3550 1425 3628 καλούμενος
1470 3551 1601 3617 ἀπὸ
1655 3555 1773 3616 τοῦ
1815 3551 2137 3632 ἡγεμόνος
2181 3549 2390 3631 (ἀρου
2434 3551 2682 3632 ἐκλήθη.
2754 3550 3025 3631 Πάρος

435 3654 656 3736 νῆςος,
700 3653 780 3730 ἣν
826 3653 930 3717 καὶ
969 3652 1163 3718 πόλιν
1206 3651 1578 3734 Ἀρχίλοχος
1621 3656 1803 3718 καλεῖ
1845 3654 1917 3721 ἐν
1960 3656 2098 3720 τοῖς
2140 3653 2438 3740 ἐπῳδοῖς.
2525 3655 2603 3720 τὸ
2657 3653 2865 3734 ὄνομα
2908 3655 3025 3734 μὲν

576 3942 612 3995 l.
642 3946 668 3994 1
709 3940 1013 3995 Καςςωπός
1050 3958 1118 3993 ex
1154 3942 1346 3993 eodem
1372 3941 1587 4007 addidi,
1624 3944 1759 3995 item
1786 3942 2077 4010 Εὐρωπός.
2127 3947 2251 3998 Hoc
2275 3962 2471 3997 nomen
2496 3961 2584 4012 ap.
2615 3946 2696 3997 St.
2722 3946 2784 3999 Β.
2812 3945 2929 4006 287,
2961 3947 3021 3995 14

436 4016 494 4063 et
528 4013 654 4075 542,
696 4015 785 4076 11,
824 4017 1094 4076 oxytonos
1136 4013 1265 4074 475,
1302 4013 1335 4060 9
1387 4010 1688 4077 barytonos
1732 4015 1994 4080 scriptum
2050 4021 2138 4066 est
2191 4020 2255 4065 ut
2300 4031 2366 4066 ex
2410 4013 2673 4073 Arcadio,
2719 4015 2811 4079 qui
2856 4029 3021 4063 unum

436 4077 698 4133 Αἴςωπος
735 4080 966 4145 excipit,
1004 4079 1272 4144 suspicari
1308 4078 1469 4142 lieet,
1510 4086 1701 4131 eontra
1725 4082 2034 4132 Herodiani
2057 4099 2325 4144 normam,
2365 4098 2399 4132 a
2425 4098 2534 4148 qua
2571 4083 2739 4133 etiam
2761 4081 3024 4131 abhorret

435 4148 692 4200 Eustath.
732 4148 804 4198 ad
839 4148 1068 4212 Dionys.
1106 4145 1231 4198 27οε
1270 4145 1570 4210 βούλονταί
1604 4163 1753 4200 τινες
1787 4150 1899 4214 τὴν
1934 4148 2214 4215 Εὐρώπην
2249 4149 2365 4202 ἀπό
2400 4164 2553 4201 τινος
2579 4147 2854 4214 Εὐρώπου
2880 4145 3022 4199 ὠνο-

438 4215 655 4280 μάςθαι·
703 4214 790 4266 διὸ
839 4215 1151 4281 βαρύνεται.
1222 4215 1447 4280 βαρεῖαν
1493 4215 1600 4281 γὰρ
1648 4216 1759 4282 ἔχει
1802 4217 1960 4269 τάςιν
2004 4216 2096 4268 καὶ
2140 4218 2173 4269 6
2211 4217 2483 4282 Εὔρωπος
2524 4217 2594 4268 τὸ
2640 4217 2832 4281 κύριον
2878 4217 3022 4281 πρὸς

438 4281 862 4349 ἀντιδιαςτολὴν
896 4286 1001 4335 τοῦ
1038 4282 1338 4349 εὐρωποῠ,
1377 4282 1522 4348 ὅπερ
1557 4284 1716 4350 δηλοῖ
1753 4285 1858 4337 τὸν
1894 4284 2119 4337 πλατὺν
2154 4285 2189 4349 ἢ
2227 4284 2529 4336 ςκοτεινόν.
2567 4286 2676 4336 Sed
2713 4288 3023 4336 attentione

441 4353 664 4419 dignum
709 4358 821 4416 est,
870 4351 1015 4417 quod
1050 4351 1316 4434 thorsius
1349 4351 1652 4404 Aristarch.
1689 4371 1740 4419 p.
1777 4356 1878 4405 284
1917 4354 1998 4404 ed.
2035 4353 2092 4403 11
2140 4352 2229 4434 de·
2252 4355 2465 4434 incerto
2500 4354 2932 4433 ’compositorum
2965 4355 3023 4403 in

440 4419 1288 4556 Ἠόοὲυῖξὲιὲῗῖᾞυιαῗιῖῄὲε,
1326 4419 1583 4552 ὲεῖγοῗιῖι
1597 4420 2517 4555 ’‘gggcloffzssnfgssunffrffipff¹3¹
2534 4422 2805 4552 oebsspffini
2831 4424 3024 4553 {5⁵31}ss

441 4559 604 4622 νῆςος
639 4556 676 4621 ἡ
715 4555 858 4621 πρὸς
893 4559 966 4622 τῇ
995 4554 1405 4624 Ἀλεξανδρείᾳ,
1443 4555 1546 4620 ἐφ’
1581 4553 1647 4620 ἦς
1685 4556 1716 4608 6
1742 4555 2079 4622 (ωςτράτου
2115 4559 2218 4608 ‘roo
2245 4554 2595 4621 Δεξιφάνους
2622 4555 2836 4622 πύργος
2872 4556 3024 4621 ὀμώ-

441 4638 626 4688 νυμος.
698 4623 885 4690 Φάρος
919 4623 1026 4690 γὰρ
1070 4624 1103 4677 6
1140 4625 1402 4691 πρῳρεὺς
1438 4622 1736 4677 Μενελάου
1783 4624 1846 4676 ἐν
1881 4629 1953 4692 τῇ
1990 4624 2143 4692 νήςῳ
2180 4624 2401 4690 δηχθεὶς
2446 4625 2562 4677 ὑπὸ
2599 4624 2793 4689 ὄφεως
2837 4624 3023 4691 ἐτάφη

445 4693 585 4758 κτλ.,
619 4693 782 4744 unde·
817 4694 1002 4758 recepi
1045 4696 1215 4745 verba
1251 4695 1382 4745 inde
1428 4711 1462 4744 a
1499 4694 1534 4744 1.
1571 4697 1632 4743 21
1672 4692 1763 4745 καὶ
1809 4693 2130 4758 ὁμωνύμως
2166 4709 2339 4760 usque
2387 4694 2459 4744 ad
2492 4691 2826 4759 Περραιβίας
2861 4694 3024 4746 πόλις

444 4759 478 4808 l.
512 4764 592 4813 25.
627 4787 695 4798 -—
729 4761 814 4811 Ad
850 4758 1050 4825 (ἄρος,
1090 4762 1237 4827 quod
1283 4763 1502 4829 explevi
1540 4778 1608 4812 ex
1652 4762 1733 4815 St.
1778 4763 1844 4815 B.
1882 4766 1972 4825 24,
2019 4766 2111 4826 22,
2158 4762 2347 4813 addidi
2390 4761 2580 4828 ςάρος,
2629 4778 2790 4828 quam
2833 4780 3023 4814 vocem

445 4825 575 4882 Hes,
613 4844 655 4880 s.
702 4826 871 4892 ςάρον
916 4829 1122 4880 diserto
1166 4831 1503 4895 gravandam
1550 4845 1672 4881 esse
1718 4833 2073 4897 praeseribit:
2124 4830 2538 4896 βαρυτονητέον
2584 4828 2664 4882 ὡς
2710 4830 2864 4897 παρὰ
2907 4829 3023 4885 (Ζώ-

446 4908 612 4960 φρονι
668 4897 739 4947 cf.
791 4895 1035 4948 Lobeck.
1088 4897 1162 4949 ad
1212 4898 1416 4965 Phryn.
1469 4915 1523 4966 p.
1577 4901 1644 4950 83
1695 4905 1808 4950 not.
1866 4928 1933 4938 -
1990 4897 2187 4964 Πάρος
2246 4900 2465 4964 explevi
2524 4916 2591 4950 ex
2649 4900 2837 4966 Steph.
2890 4902 3024 4966 Byz.
