3664 5546
571 280 697 345 238
1501 277 1583 333 ΕΚ
1621 276 1759 332 ΤΩΝ
1802 276 2208 331 ΗΡΩΔΙΑΝΟΥ

574 451 745 530 ρίων.
809 449 1217 528 Πάτραςυς
1261 447 1446 515 πόλις
1488 449 1769 526 Ποντικὴ
1817 448 1909 514 ὡς
1952 447 2273 513 Ἑκαταῖος
2318 446 2499 530 Ἀςίᾳ.
2566 445 2919 528 Πίναμυς
2962 447 3147 513 πόλις

572 552 913 628 Αἰγύπτου.

742 654 836 719 Τὰ
879 653 969 719 εἰς
1011 655 1098 717 ‘u‘c'
1139 654 1350 719 πάντα
1394 653 1660 718 ςύνθετα
1704 650 2207 733 ςυνεςταλμένον
2250 651 2484 730 ἔχοντα
2537 652 2614 717 τὸ
2658 655 2696 716 fi
2739 651 3144 732 προπαροξύ-

572 776 778 838 νεται,
824 755 1255 838 ςύνοφρυς,
1303 755 1754 835 λεύκοφρύς
1798 755 1901 820 καὶ
1944 754 2428 835 Λεύκοφρυς·
2475 753 2646 819 οὕτω
2688 753 2812 832 γὰρ
2858 752 3144 819 ἐκαλεῖτο

496 870 528 919 5
574 858 614 936 ἡ
650 857 957 941 Τένεδος,
993 857 1452 940 κάλλιχθυς,
1495 857 1897 939 δίβραχυς,
1942 855 2509 940 άρςενόθηλυς,
2553 857 2916 939 δίπηχυς,
2962 854 3144 934 ἔπη-

573 959 1082 1043 λυς,νέηλυο

740 1060 833 1125 Τὰ
889 1061 978 1127 εἰς
1023 1067 1105 1127 Ui
1149 1061 1388 1140 θηλυκὰ
1445 1061 1806 1126 ἐκτείνοντα
1860 1062 1936 1126 τὸ
1994 1065 2030 1125 ὖ
2077 1059 2397 1143 ὀξύνεται,
2453 1061 2777 1144 πληθύς,
2833 1059 3144 1144 ἐδητύς,

572 1161 821 1246 ὀϊζύς,
868 1164 1163 1247 ἐρινύς,
1210 1163 1370 1230 ἰξύς
1410 1163 1450 1241 ἡ
1497 1161 1710 1246 ῥάχις,
1755 1162 2000 1246 ἰςχύς,
2048 1148 2249 1246 ἰλύς,
2293 1163 2595 1247 κλιτύς,
2642 1161 2957 1245 ἀλητύς,
3016 1161 3141 1241 ῥυ-

572 1265 879 1348 ςτακύς,
923 1264 1162 1343 ἀγλύς
1208 1269 1546 1345 ςημειῶδες
1602 1266 1761 1330 κατὰ
1817 1265 2040 1331 κλίςιν·
2108 1265 2214 1329 διὰ
2269 1265 2391 1343 γὰρ
2445 1269 2563 1330 τοῦ
2619 1252 2739 1330 θος
2776 1264 3017 1345 ἐκλίθη,
3062 1263 3142 1327 ού

474 1378 536 1430 10
572 1366 677 1430 διὰ
715 1372 997 1447 καθαροῦ
1027 1371 1144 1433 τοῦ
1174 1371 1302 1432 δί..
1350 1368 1426 1431 τὸ
1468 1368 1540 1432 δὲ
1579 1367 1817 1444 νηδύς
1858 1372 2149 1451 ποιητικῇ
2192 1364 2373 1451 ἀδείᾳ
2415 1367 2807 1432 ςυςτέλλεται
2852 1367 2942 1431 ὡς
2970 1366 3144 1444 παρὰ

491 1526 513 1551 „
575 1467 949 1554 Καλλιμάχῳ
992 1467 1086 1552 (h.
1132 1467 1327 1531 Dian.
1380 1466 1529 1548 160)
1587 1467 1716 1533 «ἔτι
1761 1467 1824 1533 οἱ
1867 1467 2042 1547 πάρα
2084 1469 2280 1547 νηδὺς
2324 1469 2570 1549 ἐκείνη»
2619 1471 2721 1534 καὶ
2763 1456 2923 1547 παρ’
2966 1468 3140 1547 Εὐρι-

570 1571 719 1654 πίδῃ
776 1571 846 1636 ἐν
892 1570 1287 1654 Ἀνδρομάχῃ
1342 1568 1522 1651 (356)
1580 1570 1721 1634 «καὶ
1773 1571 1974 1648 νηδὺν
2030 1570 2457 1652 ἐξαμβλοῦμεν
2519 1572 2610 1638 ὡς
2663 1571 2857 1637 αὐτὸς
2912 1571 3139 1647 λέγει».

572 1672 969 1751 ςεςημείωται
1000 1674 1071 1741 ἐν
1101 1675 1239 1738 τοῖς
1269 1673 1567 1750 θηλυκοῖς
1599 1671 1673 1736 τὸ
1705 1670 1954 1752 ὀφρῦς
1983 1672 2084 1736 καὶ
2114 1670 2357 1752 ὀςφῦς
2400 1673 2440 1751 ἡ
2473 1673 2652 1753 ῥάχις
2681 1672 3140 1752 περιςπώμενα.

738 1773 831 1838 Τὰ
875 1774 964 1839 εἰς
1006 1779 1092 1840 ἶς’
1148 1773 1590 1852 ὑποκοριςτικὰ
1643 1778 2100 1859 περιςπῶνται,
2157 1795 2246 1839 κα
2260 1797 2301 1855 μ
2315 1778 2483 1855 μῦς,
2541 1778 2900 1857 κλαυςῦς,
2959 1778 3139 1852 λαρ-

471 1887 533 1936 15
571 1878 735 1957 δῦς,
780 1875 1110 1960 Διονῦς,
1156 1875 1432 1956 ἀπφῦς.

737 1976 1089 2056 Εύρίςκεται
1135 1976 1254 2043 οὖν
1298 1978 1378 2042 τὰ
1432 1977 1520 2043 εἰς
1569 1982 1646 2041 {Tc
1700 1977 1860 2058 ὑπὲρ
1916 1979 2059 2058 μίαν
2117 1979 2431 2059 ςυλλαβὴν
2487 1980 2931 2059 περιςπώμενα
2980 1979 3139 2043 ὑπο·
3218 1972 3235 1987 “

567 2079 885 2157 κοριςτικὰ
928 2081 1140 2146 πάντα
1183 2082 1351 2160 πλὴν
1395 2083 1511 2144 τοῦ
1556 2079 1801 2161 ὀςφῦς
1847 2081 1949 2144 καὶ
1991 2080 2244 2161 ὀφρῦς
2288 2082 2390 2145 καὶ
2433 2081 2661 2160 ἰχθῦς.
2706 2083 2781 2146 τὸ
2827 2082 2898 2145 δὲ
2944 2081 3138 2163 ἰξύς,

569 2179 623 2244 εἰ
666 2181 769 2244 καὶ
822 2180 892 2247 ἐν
949 2188 1040 2268 τῷ
1095 2182 1455 2266 ὀνοματικῷ
1509 2182 1906 2262 παρεθέμεθα
1961 2183 2051 2248 ὡς
2103 2183 2586 2263 περιςπώμενον
2628 2181 2884 2259 ἀλόγως
2929 2182 3140 2260 ὥςπερ

568 2283 644 2347 τὸ
690 2286 841 2362 δρῦς
885 2285 988 2349 καὶ
1030 2288 1146 2365 μῦς
1190 2286 1293 2350 καὶ
1336 2287 1474 2371 ςῦς,
1519 2282 1670 2348 ἀλλ’
1715 2281 1837 2347 οὖν
1882 2282 2187 2351 ὀξύνεται.

701 2592 735 2643 l.
770 2594 804 2642 4
838 2591 1163 2656 Λεύκοφρυς
1199 2593 1472 2660 proprium
1507 2592 1746 2643 accessit
1782 2608 1851 2643 ex
1875 2590 1957 2642 St.
1981 2592 2062 2656 Β.,
2098 2589 2472 2658 ἀρςενόθηλυς
2506 2618 2573 2628 -
2610 2591 2811 2658 νέηλυς
2846 2607 2915 2642 ex
2939 2590 3138 2642 Choer.

564 2659 711 2711 Dict.
750 2664 832 2719 63.
870 2664 896 2711 1
937 2661 1058 2714 coll.
1095 2663 1212 2725 233,
1249 2662 1300 2712 8.
1464 2660 1498 2711 1.
1535 2663 1567 2725 8
1604 2657 1751 2724 ἰςχύς
1789 2667 1847 2712 et
1882 2658 2001 2711 ἰλύς
2038 2676 2105 2710 ex
2140 2661 2205 2712 11.
2239 2662 2329 2712 Pr.
2367 2659 2416 2713 Φ
2454 2662 2568 2715 318.
2641 2660 2829 2712 κλιτὺς
2864 2688 2929 2696 -
2965 2659 3136 2722 ἀγλύς

566 2729 768 2795 sumpsi
804 2745 868 2780 ex
906 2730 1005 2796 Ep.
1042 2730 1132 2781 Cr.
1169 2729 1194 2779 1
1233 2730 1346 2793 164,
1384 2732 1447 2781 31
1486 2734 1544 2780 et
1580 2728 1775 2785 Choer.
1814 2729 1965 2782 Diot.
2002 2730 2118 2793 359,
2158 2731 2238 2780 17.
2306 2727 2479 2796 νηδὺς
2519 2730 2780 2796 exemplis
2816 2729 3137 2780 Callimachi

565 2804 622 2846 et
656 2797 935 2863 Euripidis
981 2799 1198 2863 explevi
1245 2814 1312 2848 ex
1349 2798 1540 2849 Choer.
1576 2798 1722 2848 Diot.
1759 2800 1887 2860 359,
1926 2801 1972 2850 1.
2043 2799 2127 2848 De
2172 2814 2379 2849 canone
2424 2799 2492 2848 cf.
2529 2799 2605 2852 Io.
2640 2799 2796 2849 Alex.
2835 2801 2892 2860 8,
2928 2801 3020 2849 32:
3073 2796 3136 2848 ἑν

564 2868 681 2916 τοῖς
728 2863 805 2917 εἰς
849 2868 914 2918 isc·
960 2866 1290 2932 περιςπᾶται
1334 2863 1404 2916 τὸ
1450 2863 1654 2929 ὁςφῦς,
1707 2863 1916 2929 ὀφρῦς,
1969 2864 2061 2916 καὶ
2106 2863 2407 2930 ἀρςενικῶς
2458 2865 2528 2916 τὸ
2583 2863 2736 2930 ἰχθῦς
2780 2863 3135 2929 παραλόγως.

563 2934 822 2984 Eustath.
863 2935 1018 2998 1859,
1059 2938 1147 2984 10:
1194 2934 1364 2998 φηςιν
1409 2931 1775 2998 Ἡρωδιανὸς,
1824 2931 1911 2984 ὅτι
1954 2932 2026 2984 τὸ
2070 2935 2103 2984 ῦ
2150 2932 2250 2985 ἐπ’
2285 2931 2503 2986 εὐθείας
2549 2932 2941 2997 ἐκτεινόμενον
2985 2934 3135 2998 φιλεῖ

565 2999 880 3053 ςυςτέλλειν
934 3001 1035 3054 τὰς
1088 3000 1261 3053 ἄλλας
1314 2999 1580 3065 πτώςεις,
1636 2999 1704 3052 ού
1753 2999 1928 3063 μόνον
1974 2999 2037 3052 ἑν
2080 3004 2165 3067 τῷ
2213 3003 2326 3066 πῦρ
2372 3001 2573 3067 πυρός,
2620 3000 2764 3053 ἀλλὰ
2808 3002 2898 3053 καὶ
2943 3000 3005 3053 ἐν
3048 3005 3134 3068 τῷ

566 3066 777 3132 ἰχθύος,
814 3068 1006 3134 δρυός,
1045 3068 1227 3136 ἰςχύος
1268 3068 1355 3135 [Il.
1393 3070 1482 3124 Pr.
1518 3069 1555 3119 l.
1591 3085 1637 3119 c.
1676 3066 1855 3119 ἰλύος;
1893 3069 1963 3120 τὸ
1999 3072 2032 3120 fi
2070 3067 2362 3120 ἐκτέταται
2401 3068 2491 3120 διὰ
2533 3068 2603 3121 τὸ
2650 3069 2879 3134 μέτρον·
2924 3069 2994 3122 τὸ
3028 3068 3133 3133 γὰρ

563 3135 878 3188 ἀκόλουθόν
913 3136 1059 3189 ἐςτιν
1097 3135 1248 3189 ἰλύος
1286 3136 1364 3188 ὡς
1401 3133 1625 3255 ἰςχύοςέ.
1697 3136 1784 3187 ὅτι
1820 3134 1883 3188 δέ
1918 3135 1986 3188 οῦ
2027 3136 2202 3201 μόνον
2236 3136 2369 3203 δρῦς
2406 3137 2497 3189 καί
2530 3136 2603 3188 τά
2638 3137 2771 3189 κατ’
2805 3137 2947 3190 αὐτὸ
2984 3152 3134 3202 περι-

564 3206 841 3268 ςπῶνται,
880 3203 1022 3257 ἀλλὰ
1057 3203 1148 3257 καί
1182 3219 1308 3257 τινα
1343 3206 1465 3255 τῶν
1500 3203 1578 3255 ύπ
1611 3218 1644 3270 ρ
1682 3203 1810 3267 μίαν
1848 3205 2127 3270 ςυλλαβὴν
2162 3205 2321 3270 δηλοῖ
2367 3204 2399 3256 ὁ
2443 3204 2615 3257 αὐτὸς
2660 3204 2878 3272 γράψας
2922 3204 3132 3257 οὕτως·

561 3287 633 3338 τὰ
670 3285 748 3340 εἰς
783 3290 849 3341 iffi
886 3288 1123 3342 ὀξύτονα
1158 3288 1373 3355 θηλυκὰ
1409 3287 1779 3342 ςυςτέλλοντα
1815 3288 1886 3341 τὸ
1921 3292 1956 3340 ῦ
1992 3289 2081 3341 διὰ
2115 3292 2218 3341 τοῦ
2255 3291 2287 3342 δ
2322 3286 2632 3354 κλίνονται,
2670 3306 2702 3342 κ
2740 3290 2967 3355 οκύδος,
3006 3291 3133 3353 χλα-

563 3355 748 3417 μύδος.
799 3356 871 3408 τὰ
906 3357 966 3408 δὲ
1004 3355 1377 3421 ἐκτεταμένον
1413 3356 1615 3422 ἔχοντα
1651 3356 1720 3408 τὸ
1755 3362 1789 3409 ῦ
1826 3357 1915 3410 διὰ
1950 3360 2197 3422 καθαροῦ
2223 3360 2326 3410 τοῦ
2360 3360 2424 3410 δῖ
2460 3357 2644 3412 ὀϊζύος
2672 3357 2685 3377 '
2726 3358 2928 3422 ρινύος.
2963 3358 3035 3410 τὰ
3071 3358 3133 3410 δέ

563 3423 960 3488 περιςπώμενα
996 3425 1086 3476 καὶ
1120 3424 1266 3477 αὐτὰ
1301 3424 1593 3490 καθαρεύει
1638 3424 1849 3490 ὁςφύος
1894 3425 2060 3490 δρύος
2105 3426 2250 3478 ὥςτε
2296 3429 2534 3493 περιςπᾷ
2579 3426 2670 3477 καὶ
2713 3426 2783 3478 τὸ
2828 3425 3006 3491 ὁςφῦς
3043 3427 3132 3478 καὶ

561 3491 631 3542 τὸ
677 3490 880 3557 ὀφρῦς·
927 3491 989 3544 ἐν
1023 3492 1212 3545 ἄλλοις
1248 3492 1309 3545 δὲ
1345 3493 1496 3545 δοκεῖ
1531 3493 1724 3557 ὅμοιον
1769 3493 1943 3546 τόνον
1979 3493 2282 3547 ἐπιτιθέναι
2320 3494 2410 3546 καὶ
2445 3497 2517 3561 τῇ
2553 3497 2657 3546 τοῦ
2696 3492 2883 3559 ἰχθύος
2921 3493 3132 3560 εὐθείᾳ·

563 3558 744 3610 εἰπὼν
788 3560 893 3625 γὰρ
931 3559 992 3612 ἐν
1037 3564 1123 3627 τῷ
1169 3562 1296 3626 περὶ
1339 3563 1461 3612 τῶν
1506 3559 1585 3614 εἰς
1629 3565 1694 3613 fi?
1729 3562 2177 3626 περιςπωμένων
2224 3561 2657 3627 μονοςυλλάβων
2702 3561 3010 3627 ἀρςενικῶν
3054 3561 3133 3614 ὡς

562 3626 904 3692 φυλάττουςι
948 3628 1018 3680 τὸ
1064 3633 1097 3680 ῦ
1145 3629 1206 3681 ἐν
1240 3633 1312 3696 τῇ
1357 3627 1528 3682 κλίςει
1575 3628 1796 3694 ἐπάγει,
1845 3629 1932 3683 ὅτι
1988 3628 2049 3682 ἓν
2098 3629 2199 3694 μὲν
2245 3631 2420 3695 μόνον
2471 3629 2617 3695 ὑπὲρ
2671 3629 2800 3694 μίαν
2854 3630 3132 3695 ςυλλαβὴν

562 3692 773 3758 ὁμοίως
810 3694 999 3762 ἐκλίθη
1035 3700 1155 3749 τοῖς
1191 3697 1629 3764 προειρημένοις.
1776 3699 1810 3749 l.
1850 3702 1912 3750 14
1956 3699 2021 3750 de
2061 3699 2417 3751 deminutivis
2451 3700 2509 3750 in
2543 3703 2607 3750 ῦς
2645 3699 3012 3750 conserendus
3048 3706 3134 3750 est

561 3764 763 3815 Herod.
803 3765 947 3817 Mon.
983 3770 1074 3829 31,
1111 3768 1169 3829 8,
1215 3782 1373 3831 quem
1418 3767 1594 3817 locum
1642 3782 1809 3832 supra
1854 3768 2088 3831 inserui,
2133 3769 2321 3818 eadem
2365 3768 2637 3819 voeabula
2722 3767 2893 3818 rofert
2938 3768 3132 3818 Choer.

560 3832 710 3883 Dict.
746 3835 860 3890 232.
896 3836 988 3896 223
1030 3834 1108 3884 Io.
1141 3833 1224 3886 Al.
1259 3837 1309 3896 8,
1346 3838 1438 3886 34:
1476 3833 1684 3886 Διονῦς
1731 3834 1820 3885 καὶ
1864 3833 2057 3899 ἀπφῦς
2093 3833 2639 3900 ὑποκοριςτικώτερα
2720 3849 2824 3886 ντα
2861 3835 2952 3890 καὶ
2987 3833 3132 3887 αὐτὰ

562 3900 949 3967 περιεςπάςθη.
1051 3902 1085 3952 l.
1113 3904 1176 3953 17
1211 3901 1478 3952 Arcadius
1515 3903 1568 3951 h.
1606 3903 1641 3953 1.
1679 3904 1874 3952 habet:
1910 3901 1980 3954 τὸ
2016 3903 2076 3954 δὲ
2115 3901 2227 3956 ἰξῦς
2263 3902 2405 3955 ποτὲ
2442 3903 2543 3967 μὲν
2579 3901 2762 3955 ὸξύνει
2800 3903 2832 3954 ὁ
2870 3902 3131 3967 Ἡρωδια·

560 3967 685 4032 νός,
723 3969 864 4020 ποτε
900 3969 962 4020 δὲ
997 3972 1252 4036 περιςπᾷ.
1298 3970 1367 4021 τὸ
1405 3970 1536 4034 δρῦς
1571 3971 1662 4021 καί
1698 3972 1803 4033 μῦς
1840 3971 1931 4022 καὶ
1965 3973 2060 4022 ςῦς
2097 3974 2496 4036 περιςπῶνται.
2542 3973 2700 4022 Haec
2737 3972 2871 4022 duce
2903 3972 3132 4023 Lehrsio

559 4037 765 4087 Herod.
847 4081 857 4092 .
901 4039 996 4089 105
1032 4039 1436 4091 transformavi.
1507 4038 1702 4090 Choer.
1742 4039 1887 4088 enim
1922 4041 2071 4091 Dict.
2106 4043 2231 4100 232,
2270 4042 2335 4092 56
2381 4041 2576 4091 tradit:
2614 4037 2684 4090 τό
2719 4038 2825 4104 γὰρ
2862 4037 3003 4103 ἰξύς,
3042 4053 3130 4105 (η-

561 4101 741 4165 μαίνει
766 4055 839 4157 δὲ)
853 4105 944 4156 καὶ
968 4106 1111 4157 αὐτὸ
1147 4106 1256 4170 τὴν
1290 4104 1449 4170 ῥάχιν
1488 4106 1583 4169 (so.
1621 4113 1683 4156 ut
1719 4105 1940 4171 ὁςφῦς),
1979 4105 2028 4158 εἰ
2063 4107 2153 4160 καὶ
2189 4107 2585 4173 παρατέθειται
2621 4106 2653 4159 ό
2691 4106 3032 4172 Ἡρωδιανὸς
3068 4107 3131 4159 ἑν

557 4175 643 4238 τῷ
684 4171 1033 4239 Ὀνοματικῷ
1079 4172 1158 4226 ὡς
1203 4172 1659 4239 περιςπώμενον,
1707 4173 1841 4226 ἀλλ’
1883 4173 1987 4227 οῦν
2035 4174 2101 4227 ού
2148 4177 2506 4241 περιςπᾶται,
2550 4173 2685 4228 ἀλλ’
2720 4174 3003 4240 ὀξύνεται,
3052 4175 3130 4227 ὥς

559 4255 726 4305 φηςιν
762 4240 824 4293 ἐν
859 4245 929 4308 τῇ
966 4241 1224 4294 καθόλου.
1295 4243 1560 4294 Lehrsius
1594 4245 1663 4294 ab
1700 4243 2024 4294 Herodiano
2060 4246 2116 4294 in
2142 4245 2430 4295 Catholica
2465 4245 2773 4312 perispasin
2808 4244 2915 4296 ado
2956 4250 3131 4295 tatam

557 4324 681 4360 esse
717 4311 1055 4375 suspicatur,
1094 4313 1228 4377 quia
1272 4317 1468 4361 natura
1514 4328 1613 4362 sua
1656 4312 2092 4377 monosyllabum
2136 4315 2413 4379 putaverit
2457 4314 2551 4365 ξῦς
2587 4330 2621 4364 a
2657 4310 2796 4375 ξύως
2844 4329 2903 4364 se
2989 4327 3131 4363 seru-

558 4378 742 4442 pulutu
779 4379 912 4428 mihi
947 4379 1206 4430 iniiciunt
1242 4378 1424 4432 Schol.
1459 4381 1604 4443 BEQ
1642 4379 1714 4429 ad
1750 4379 1853 4431 od.
1891 4381 1917 4432 ξ
1952 4383 2070 4446 231,
2108 4382 2171 4431 E.
2209 4382 2284 4435 M.
2319 4384 2444 4439 472.
2480 4384 2511 4432 6
2559 4379 2671 4433 ίξύε
2715 4376 2839 4432 οἷον
2882 4379 3010 4434 ἀξύς
3044 4393 3128 4431 τι(

557 4443 694 4496 οῦςα
731 4444 801 4510 ἣν
836 4445 940 4510 οὐχ
976 4443 1100 4498 οἶόν
1135 4461 1199 4498 τε
1236 4446 1386 4500 ξύειν
1421 4447 1512 4498 καὶ
1549 4446 1844 4512 κνήςαςθαι
1880 4451 1952 4514 τῇ
1979 4447 2142 4514 χειρί,
2180 4465 2320 4514 quae
2346 4450 2652 4501 Herodiani
2679 4450 2971 4515 originario
2997 4448 3129 4498 mihi

556 4515 793 4577 videtur,
819 4516 1140 4579 praesertim
1179 4531 1342 4580 quum
1378 4517 1436 4565 in
1471 4516 1537 4571 E.
1564 4518 1657 4568 Or.
1682 4519 1764 4580 77,
1794 4519 1856 4567 18
1893 4519 2100 4582 pariter
2136 4516 2247 4569 ίξός
2283 4519 2353 4568 ab
2389 4515 2519 4569 ἀξός
2558 4534 2655 4583 per
2696 4524 2888 4583 tropen
2924 4515 3130 4569 vocalis

557 4582 592 4630 ἃ
629 4585 684 4631 iu
722 4584 756 4632 ἴ
789 4588 963 4633 ortum
1003 4584 1419 4634 existimaverit.
1465 4584 1643 4649 Atque
1683 4599 1845 4649 quum
1884 4587 2048 4636 etiam
2088 4602 2202 4635 voc.
2230 4583 2409 4649 ἰχθῦς,
2448 4588 2505 4635 in
2542 4586 2685 4651 quod
2723 4585 3023 4651 pleonasmi
3060 4600 3126 4634 ne

558 4651 795 4715 suspicio
821 4651 1038 4716 quidem
1064 4651 1241 4715 cadit,
1278 4652 1584 4717 perispasin
1622 4652 1979 4704 similitudine
2016 4653 2511 4717 monosyllabon-um
2549 4657 2652 4718 μῦς
2691 4660 2747 4704 et
2782 4656 2876 4705 (ῦς
2906 4657 3130 4703 excuset

557 4732 647 4781 ap.
672 4717 865 4768 Aread.
892 4721 983 4781 91,
1014 4722 1102 4781 11,
1141 4721 1333 4784 opinor
1369 4735 1489 4770 eum
1529 4720 1695 4770 etiam
1733 4718 1847 4773 ίξῦς
1884 4738 1991 4772 non
2027 4721 2171 4786 quod
2209 4721 2461 4786 primitus
2496 4722 2925 4786 monosyllabum
2961 4732 3129 4790 esset,

560 4784 654 4835 sed
692 4792 880 4836 eontra
916 4787 1226 4851 analogiam
1262 4785 1486 4850 ἀλόγως
1522 4789 1920 4839 circumflexum
1959 4789 2452 4854 monosyllabon-um
2490 4793 2760 4857 recepisse
2799 4791 2853 4842 in
2892 4795 3127 4848 Onoma-
