3664 5546
601 285 689 351 40
1475 315 1484 322 ·
1539 285 1619 340 ΕΚ
1660 285 1799 340 ΤΩΝ
1843 285 2250 341 ΗΡΩΔΙΑΝΟΥ

603 462 646 526 Ε
658 462 695 524 ὐ
709 481 749 525 α
764 460 782 523 ί
795 482 836 539 μ
849 482 902 524 ω
915 481 953 524 ν
1021 460 1207 525 πόλις
1275 459 1706 538 Ὀρχομενίων
1781 460 1882 524 καὶ
1951 461 2027 525 τὸ
2096 458 2146 523 Λ
2160 479 2200 523 α
2214 481 2249 523 κ
2264 480 2294 524 ε
2309 463 2345 524 δ
2360 480 2400 524 α
2414 460 2433 524 ί
2447 482 2488 539 μ
2501 481 2555 524 ω
2571 481 2607 525 ν
2683 462 3021 541 βαρύνεται
3097 460 3189 523 ὡς

602 563 839 643 ἔχοντα
883 562 1143 629 ἔννοιαν
1190 562 1548 627 ςυνθέςεως.

772 665 866 729 Τὰ
920 664 1008 729 είς
1058 668 1162 729 ’ῶν
1215 666 1573 743 περιεκτικὰ
1628 667 1667 744 ἢ
1725 666 1915 745 μέρος
1984 667 2270 745 ςῶματος
2327 668 2712 747 ςημαίνοντα
2767 667 2870 732 καὶ
2922 668 3191 744 τοπικὴν

602 771 841 849 ἔχοντα
884 769 1146 834 ἔννοιαν
1180 767 1489 851 ὀξύνεται,
1535 767 1780 850 ἀγών,
1826 767 2118 851 ἀγκών,
2162 770 2471 852 φηγών,
2516 770 2800 852 πιθών,
2847 770 3190 850 κροκών,

543 872 950 954 5πευκών,
996 871 1675 954 χαλκών,πυλων,
1721 871 2021 954 αὐλών,
2069 874 2359 954 μυλών,
2406 873 2797 954 κευθμών,
2848 873 3193 953 δρυμων,

605 975 964 1056 δαφνῶν,
1018 973 1297 1055 ξενων,
1342 963 1636 1055 ἱππῶν,
1681 973 1993 1057 πεπών,
2025 973 2369 1058 ἀντρων,
2408 975 2810 1057 λουτρῶν,
2842 973 3193 1056 ἀνδρῶν,

608 1077 902 1158 θυρῶν,
946 1076 1256 1159 κιςςῶν,
1304 1076 1626 1157 κοιτών,
1668 1075 1940 1159 ἱςτών,
1977 1078 2372 1158 χαρακών,
2407 1075 2855 1158 ἀνθρακων,
2886 1096 3195 1155 φαρμα-

606 1181 790 1261 κών,
852 1177 1277 1260 γυναικών,
1345 1177 1747 1261 ἀμ-πελῶν,
1817 1178 2217 1261 καμηλών,
2279 1179 2675 1260 καλαμων,
2732 1175 3196 1262 πλαταμων,

608 1279 1486 1363 κεραμων,πλατανών,
1518 1281 1969 1362 παρθενών,
2001 1279 2347 1364 ἀχυρῶν,
2379 1283 2836 1362 προβατών,
2869 1280 3194 1364 ἐλαιῶν,

507 1398 573 1449 10
608 1383 1001 1464 ἀνδρεών,
1076 1381 1512 1463 ἀνθερεῶν,
1593 1381 1920 1464 κενεῶν,
2008 1383 2341 1465 κυκεών,
2431 1385 2778 1466 πυλεων,
2864 1383 3198 1466 ξενεῶν,

611 1485 1047 1566 λουτρεῶν,
1108 1484 1672 1565 περιςτερεων,
1733 1485 2233 1567 παρθενεών,
2294 1486 2693 1568 λαυρεών,
2755 1485 3042 1550 οἰνεών
3098 1488 3201 1549 καὶ

609 1589 915 1653 Οἰνεών
960 1586 1269 1664 Λοκρίδα(
1319 1587 1520 1665 λιμήν.
1602 1586 1995 1665 Θουκυδίδης
2038 1587 2212 1670 τρίτῃ
2247 1585 2330 1669 (ο.
2365 1587 2464 1651 95.
2506 1586 2679 1670 102).
2764 1588 3200 1669 Μαραθών,

612 1690 1087 1770 Ἀργανθών,
1133 1687 1480 1771 Ἑλικών,
1530 1689 1938 1767 Κιθαιρών.

782 1791 875 1856 Τὰ
919 1791 1008 1855 εἰς
1051 1795 1149 1855 ’ὧν
1203 1790 1490 1870 ὀνόματα
1546 1795 1763 1870 μηνῶν
1818 1792 1857 1869 ἢ
1914 1792 2169 1869 χρόνων
2226 1790 2548 1874 ὀξύνεται,
2594 1790 3202 1874 Ἑκατομβαιῶν,

517 1910 578 1959 15
618 1894 3201 1977 Μεταγειτνιών,Βοηδρομιών,Πυανεψιών,Μαιμακτηριών,Πο·

615 1995 2675 2079 ςειδεών,Γαμηλιών,Ἀνθεςτηριών,Ἐλαφηβολιών,
2704 1996 3204 2078 Μουνυχιὼν,

617 2097 1119 2180 Θαργηλιὼν,
1166 2096 1748 2180 (κιροφοριών,
1810 2102 2002 2177 μῆνες
2047 2101 2179 2162 τῶν
2225 2098 2605 2182 Ἀθηναίων,
2665 2100 2937 2178 παχών
2995 2098 3205 2177 ὄνομα

617 2203 814 2282 μηνὸς
858 2201 1022 2279 παρ’
1064 2200 1455 2281 Αἰγυπτίοις,
1502 2200 1729 2282 αἰών,
1776 2200 2099 2282 χειμών,
2142 2200 2440 2266 πλειών
2486 2200 2524 2266 ὁ
2570 2201 2877 2266 ἐνιαυτός.

787 2303 880 2368 Τὰ
923 2302 1012 2368 εἰς
1053 2306 1154 2367 EN
1198 2303 1494 2384 ςύνθετα,
1542 2301 1673 2367 ἀπὸ
1718 2301 1946 2367 ἁπλῶν
1991 2303 2432 2381 ςυντεθειμένα
2464 2302 2623 2382 ῥητὰ
2653 2303 2784 2369 ἀπὸ
2832 2303 3206 2384 βαρυτόνων

515 2421 583 2469 20
622 2407 1035 2488 βαρύνονται,
1103 2405 1569 2486 Ἀνακρέων,
1635 2404 2118 2483 Χαμαιλέων.
2222 2406 2302 2468 τὰ
2367 2406 2438 2470 δὲ
2503 2405 2635 2470 ἀπὸ
2709 2405 3207 2484 περιςπωμὲνων

618 2512 1076 2591 περιςπῶνται,
1124 2510 1730 2589 φιλοξενοφῶν,
1777 2509 2394 2586 φιλοκτηςιφῶν.
2455 2509 2557 2572 καὶ
2602 2508 2681 2572 τὰ
2713 2507 2843 2573 ἀπὸ
2877 2506 3207 2572 ὀξυτόνων

619 2610 924 2693 φυλάττει
967 2613 1083 2690 τὴν
1129 2609 1376 2693 ὀξεῖαν,
1422 2609 2016 2692 φιλομακεδών,
2061 2609 2689 2687 ἱππαλεκτρυών.

789 2713 883 2778 Τὰ
939 2712 1028 2778 εἰς
1081 2715 1184 2778 ὢν
1237 2711 1512 2780 ὀξύτονα
1576 2711 1918 2792 δι’ςύλλαβα
1980 2713 2083 2777 καὶ
2143 2711 2592 2792 μονοςύλλαβα
2652 2711 2722 2777 ἐν
2786 2718 2862 2797 τῇ
2933 2709 3210 2777 ςυνθέςει

621 2817 1065 2897 ἀναβιβάζουςι
1111 2817 1226 2881 τὸν
1270 2817 1502 2897 τόνον,
1559 2814 1757 2879 ὁπότε
1817 2816 1898 2894 μὴ
1956 2815 2153 2893 ςχέςει
2209 2821 2437 2899 τοπικῇ
2492 2814 2766 2898 ἥνωται,
2824 2816 2915 2879 ὡς
2958 2813 3089 2893 ἔχει
3134 2815 3210 2878 τὸ

517 2931 583 2982 25
619 2922 779 2985 κατὰ
824 2919 1190 3001 ςυνήθειαν,
1236 2917 1721 2999 προκοιτών,
1766 2917 2236 3000 προπυλών,
2282 2917 2729 2994 προθυρών.
2804 2917 2884 2981 τὰ
2928 2918 2999 2981 δὲ
3044 2915 3211 2980 ἄλλα

621 3021 1065 3103 ἀναβιβάζουςι
1130 3022 1246 3086 τὸν
1311 3019 1510 3085 τόνον
1582 3017 1731 3084 οἷον
1792 3018 2319 3101 βαθυλείμων,
2388 3016 2810 3101 εὐλείμων,
2880 3018 3211 3100 ἀχίτων,

623 3125 1056 3207 μακραίων,
1101 3122 1533 3201 αὐτόχθων.

791 3227 886 3292 Τὰ
932 3226 1019 3290 εἰς
1063 3228 1184 3291 ι’ὤῦ
1228 3225 1530 3302 λήγουςαι
1575 3225 1838 3302 μετοχαὶ
1867 3223 2230 3302 διςύλλαβοι
2262 3221 2761 3301 ὀξυτονούμεναι
2792 3223 2895 3287 καὶ
2926 3221 3215 3300 ὀνόματα

624 3329 808 3409 κύρια
849 3328 1156 3408 γινόμενα
1213 3325 1600 3406 μετατιθέαςι
1653 3325 1769 3390 τὸν
1815 3324 2013 3389 τόνον
2072 3322 2216 3389 οἷον
2261 3324 2629 3407 Ἀμφίων,
2674 3324 3092 3406 Ὑπερίων,
3136 3324 3216 3387 τὰ

630 3519 804 3578 λεως;
844 3532 932 3580 ap.
959 3513 1040 3564 st.
1066 3514 1128 3564 Β.
1154 3515 1270 3572 710,
1306 3513 1338 3563 8
1378 3509 1681 3564 Καςτάλων
1716 3511 1820 3562 hoc
1856 3516 2102 3571 accentu,
2142 3511 2236 3563 sed
2272 3511 2387 3574 366,
2411 3514 2444 3563 8
2483 3510 2787 3563 Καςταλών
2821 3528 2875 3563 v.
2903 3527 3047 3576 supr.
3072 3528 3123 3577 p.
3152 3513 3215 3561 31

630 3587 800 3637 verba
838 3581 1118 3647 βαρύτονα
1152 3596 1327 3646 usque
1364 3581 1434 3631 ad
1469 3579 1631 3631 finem
1668 3596 1881 3631 canone
1916 3581 2037 3645 ipso
2074 3580 2309 3630 ducente
2347 3581 2584 3645 explevi.
2788 3581 2823 3633 l.
2864 3583 2896 3631 3
2952 3594 3219 3630 canonem

633 3654 701 3704 de
742 3650 1058 3717 periecticis
1094 3655 1153 3700 et
1188 3649 1392 3713 topicis
1430 3649 1711 3713 composui
1747 3664 1815 3699 ex
1841 3649 2040 3699 Arcad.
2070 3651 2148 3711 18,
2175 3650 2207 3698 9
2243 3649 2362 3698 ubi:
2402 3648 2493 3699 καὶ
2528 3647 2600 3698 τὰ
2634 3647 2841 3700 τοπικὰ
2878 3645 3216 3712 περιεκτικά,

633 3719 810 3783 ἀγών,
847 3716 1071 3781 ίππών,
1108 3715 1333 3781 ἀνδρῶν
1378 3721 1436 3766 et
1470 3719 1595 3767 Arc.
1637 3720 1728 3778 12,
1767 3719 1799 3767 9
1848 3715 2010 3781 μέρος
2056 3714 2312 3778 ςώματος
2359 3713 2727 3781 ςημαίνοντα,
2776 3714 2997 3779 ἀγκών,
3045 3717 3108 3765 Ε.
3145 3718 3220 3765 Μ.

639 3794 755 3852 513,
794 3791 859 3839 29
894 3785 964 3837 τὸ
1004 3784 1277 3849 Κιθαιρών
1314 3783 1569 3837 ὀξύνεται
1605 3784 1848 3848 τοπικὴν
1885 3783 2014 3848 ἔχον
2053 3783 2275 3835 ἔννοιαν
2321 3782 2531 3846 ὁμοίως
2568 3784 2658 3835 καὶ
2696 3782 2985 3848 Μαραθών
3024 3783 3115 3833 καὶ
3150 3782 3220 3834 τὸ

637 3853 991 3921 Ἀργανθών,
1031 3856 1239 3915 omnia,
1286 3868 1426 3919 quae
1473 3854 1530 3902 in
1567 3853 1903 3918 specialibus
1939 3853 2162 3903 Arcadii
2209 3854 2512 3903 canonibus
2555 3858 2856 3903 memorata
2894 3857 3023 3902 sunt
3056 3866 3221 3902 voca-

635 3926 765 3977 bula
811 3924 1153 3988 compleam,
1203 3938 1270 3972 ex
1318 3922 1398 3975 St.
1437 3923 1503 3972 Β.
1539 3922 1667 3984 485,
1708 3925 1771 3973 18
1816 3918 2037 3973 Οἰνεών
2084 3921 2320 3983 addenem
2367 3920 2580 3985 reliqua
2616 3936 2685 3970 ex
2721 3920 2969 3985 Theogn.
3007 3923 3100 3982 28,
3137 3921 3220 3969 22.

636 3991 891 4049 καυςεών
926 4008 1016 4057 ap.
1050 3991 1296 4055 Theogn.
1336 4005 1404 4040 ex
1440 3990 1810 4055 praecedente
1848 3987 2067 4040 κυκεών
2105 3994 2421 4054 corruptum
2455 3988 2692 4042 videtur.
2876 3989 2910 4038 l.
2954 3990 3013 4038 14
3058 4003 3223 4038 cano-

636 4080 760 4114 nem
796 4061 862 4111 de
898 4075 1141 4111 mensem
1180 4064 1238 4109 et
1274 4064 1491 4123 tempus
1526 4057 1966 4123 significantibus
2001 4057 2329 4120 nominibus,
2369 4072 2526 4122 quem
2562 4055 2834 4107 Arcadius
2862 4058 2941 4120 18,
2966 4057 2999 4106 8
3034 4054 3107 4107 τὰ
3143 4053 3222 4106 εἰς

639 4136 722 4183 ων
768 4127 1022 4191 ὀνόματα
1070 4128 1266 4191 μηνῶν
1312 4126 1347 4190 ἢ
1393 4124 1619 4191 χρόνων
1664 4125 1948 4189 ὀξύνεται,
1995 4123 2344 4188 Ποςειδεών,
2395 4122 2815 4189 Ἐλαφηβολιών
2862 4140 2929 4174 ex
2973 4124 3223 4188 Theogn.

637 4204 721 4264 27,
761 4201 844 4262 31,
884 4197 1080 4250 Cboer,
1107 4197 1207 4247 295
1242 4195 1363 4259 ipse
1388 4195 1603 4246 addens
1637 4210 1856 4246 menses
1879 4194 2121 4257 Atticosz,
2161 4195 2253 4259 qui
2289 4210 2323 4243 a
2347 4194 2528 4243 tribus
2552 4193 3011 4258 epitomatoribus
3037 4192 3226 4242 omissi

638 4271 794 4329 sunt,
833 4262 1035 4328 παχών
1074 4278 1140 4312 ex
1175 4263 1301 4314 Arc.
1345 4265 1424 4327 16,
1464 4265 1493 4313 7
1531 4268 1588 4313 et
1622 4260 1766 4314 αἰών
1802 4267 1860 4313 et
1885 4261 2095 4325 χειμών
2131 4262 2323 4312 eodem
2345 4261 2645 4321 indicante,
2682 4259 2900 4312 πλειών
2937 4276 3005 4310 ex
3030 4259 3224 4310 Choer.

638 4340 757 4398 252,
798 4337 859 4385 15
896 4329 1112 4385 πλειών
1148 4359 1213 4366 -—
1249 4329 1533 4394 ὀξύνεται,
1572 4329 1765 4395 ἐπειδὴ
1803 4331 1956 4383 δοκεῖ
1992 4326 2346 4395 περἰεκτικὸν
2383 4327 2529 4380 εἶναι
2567 4329 2653 4394 (Ε.
2690 4332 2765 4380 Μ.
2802 4330 2920 4390 675,
2957 4327 3065 4389 53).

637 4405 674 4456 1.
710 4408 777 4457 25
814 4418 881 4453 ex
917 4403 1019 4466 Ep.
1059 4400 1148 4453 Cr.
1188 4400 1211 4448 1
1245 4402 1372 4461 435,
1409 4404 1441 4451 9
1488 4400 1574 4462 (Ε.
1609 4400 1683 4453 Μ.
1719 4398 1846 4462 805,
1886 4399 1974 4463 56)
2020 4397 2093 4450 τὰ
2139 4396 2217 4449 εἰς
2256 4398 2341 4449 ῦῖν
2378 4395 2628 4462 λήγοντα
2676 4394 2792 4449 εἴτε
2839 4394 3225 4460 μονοςύλλαβα

642 4471 756 4526 εἴτε
792 4469 937 4534 ὑπὲρ
974 4466 1074 4520 δύο
1110 4466 1382 4530 ςυλλαβὰς
1418 4466 1481 4519 ἐν
1515 4470 1586 4533 τῇ
1625 4467 1870 4519 ςυνθὲςει
1902 4464 2191 4530 ἀνεβίβαςε
2227 4466 2334 4518 τὸν
2357 4464 2531 4517 τόνον
2564 4463 2688 4518 οἷον
2725 4463 2879 4529 χθών
2904 4463 3224 4527 αὐτόχθων,

643 4539 854 4604 λειμών
891 4535 1187 4601 εὐλειμών,
1226 4534 1400 4599 χιτών
1436 4533 1804 4600 χαλκοχίτων,
1844 4533 1986 4588 αἰών
2025 4532 2312 4599 μακραίων
2338 4561 2403 4569 —·
2428 4534 2597 4598 χωρὶς
2635 4531 2683 4586 εἰ
2721 4533 2793 4597 μὴ
2829 4531 3072 4596 τοπικὴν
3108 4529 3225 4595 ςχὲ-

644 4625 727 4662 ςιν
772 4605 899 4659 τινὰ
943 4602 1194 4672 ςημαίνει
1240 4602 1318 4655 ὡς
1366 4603 1437 4655 τὸ
1472 4603 1681 4656 κοιτὼν
1729 4603 2076 4669 προκοιτών,
2125 4601 2314 4667 θυρῶν
2360 4600 2661 4667 προθυρών
2708 4602 2900 4653 addidi
2946 4597 3227 4664 εὐλείμων

646 4686 705 4730 ct
739 4674 1057 4740 αὐτόχθων,
1094 4690 1222 4725 nam
1260 4673 1564 4739 exemplum
1601 4674 1835 4724 nominis
1871 4690 1905 4723 a
1938 4671 2322 4737 monosyllabo
2359 4671 2648 4735 compositi
2685 4670 3046 4722 desideratur.

644 4746 682 4801 1.
710 4746 775 4796 28
811 4760 930 4797 cum
956 4743 1221 4793 Schmidt.
1247 4742 1352 4792 ιῖιῖν
1389 4743 1496 4792 sori
1539 4742 1585 4792 si
1662 4757 1719 4791 ro
1746 4754 1848 4803 ων,
1884 4741 1922 4794 l.
1949 4743 2014 4791 29
2052 4756 2146 4805 pro
2184 4735 2511 4802 κλινόμεναῑ
2549 4736 2820 4802 γινόμενα
2858 4743 2915 4788 et
2951 4735 3111 4800 κύρια
3136 4752 3229 4801 ap-

646 4814 807 4881 posui
843 4816 1069 4879 propter
1105 4811 1420 4877 sequentia:
1465 4823 1500 4860 τ
1583 4808 1615 4860 δ
1691 4808 1852 4862 κοινὰ
1895 4811 1981 4875 τῷ
2027 4806 2176 4871 γένει
2220 4822 2395 4872 usquc
2442 4806 2512 4858 ad
2559 4806 2748 4871 finem,
2795 4821 2937 4872 quae
2984 4810 3112 4856 sunt
3159 4820 3227 4856 ex
