3664 5546
1506 398 1926 447 PRAEFATIO.
2835 399 2958 447 XXI
2967 401 3010 446 X

429 555 558 637 dit,
605 554 781 641 quod
822 554 989 619 hanc
1030 552 1288 619 literam
1334 554 1401 616 in
1447 555 1626 633 ὑγιής
1670 576 1755 618 ex
1798 555 1995 632 ὑγρός
2049 561 2190 617 orto
2235 553 2524 616 excisam
2582 561 2789 640 putat.
2878 553 3011 616 Ex-

427 658 686 721 aeresin
738 666 956 721 autem
1019 655 1248 720 literae
1304 661 1343 735 ὅ
1396 656 1678 741 sumpsit
1731 653 2093 719 Herodian.
2162 653 2230 716 in
2289 656 2521 735 μέτρον
2588 678 2672 718 ex
2739 656 3012 735 μὲρτρον

428 769 582 823 nato
628 759 708 822 Ε.
752 757 844 821 Μ.
889 758 1037 841 581,
1083 758 1187 821 46.
1666 841 1751 907 34

599 944 680 1008 E.
725 945 947 1010 Orion.
999 944 1138 1022 166,
1182 944 1263 1007 21
1312 948 1621 1023 χλαῖνα;
1669 946 1845 1024 παρὰ
1889 947 1964 1010 τὸ
2009 943 2343 1026 χλιαίνειν,
2391 943 2428 1007 ὅ
2473 943 2598 1007 ἑςτι
2643 943 3015 1023 θερμαίνειν.

432 1048 921 1126 Ἡρωδιανὸς
977 1047 1057 1111 ἐν
1114 1047 1666 1125 ἐπιμεριςμοῑς.
1753 1044 1941 1108 Idem
1985 1046 2066 1109 Ε.
2113 1044 2286 1109 Gud.
2331 1044 2487 1124 567,
2537 1044 2636 1109 10.
2689 1082 2756 1091 —
2807 1049 2829 1109 ῑ
2872 1045 3015 1109 stir-

432 1146 579 1233 pale
609 1148 922 1212 omissum
953 1146 1273 1212 iudicavit
1295 1145 1710 1211 Herodianus
1740 1146 1808 1210 in
1841 1149 2040 1228 κνήμη
2073 1169 2156 1211 ex
2178 1148 2403 1227 κινήμη
2428 1155 2569 1210 orto
2592 1145 2885 1229 Theogn.
2912 1146 3015 1209 88.

601 1368 683 1432 E.
731 1368 906 1432 Gud.
954 1368 1016 1449 9,
1068 1370 1099 1430 1
1147 1369 1370 1446 ἁδρά;
1418 1370 1724 1434 πλούςιος
1770 1369 1964 1448 μέγας
2006 1368 2181 1446 παρὰ
2223 1369 2299 1432 τὸ
2344 1367 2498 1445 ἥδω.
2574 1367 2853 1447 ἡδόμεθα
2896 1368 3017 1446 γὰρ

435 1476 574 1536 τοῖς
618 1475 839 1536 καλοῖς
883 1472 986 1536 καὶ
1028 1470 1267 1549 ἁδροῑς.
1331 1470 1538 1535 οὕτως
1582 1471 2067 1549 Ἡρωδιανὸς
2113 1470 2194 1534 ἐν
2239 1472 2411 1533 τοῖς
2457 1469 3017 1548 ἐπιμεριςμοῑς.

435 1571 622 1635 Idem
686 1572 963 1635 recurrit
1022 1572 1129 1652 10,
1181 1571 1211 1633 1
1274 1593 1325 1634 S.
1372 1595 1437 1635 v.
1497 1572 1724 1655 ἁδρός,
1788 1571 1858 1633 in
1909 1570 1988 1633 E.
2035 1569 2125 1633 M.
2184 1593 2235 1634 s.
2283 1593 2346 1634 v.
2413 1570 2697 1633 auctoris
2763 1569 3020 1632 nomine

436 1673 711 1753 omisso,
756 1672 864 1736 hic
907 1696 1025 1759 pro
1073 1675 1296 1753 ἁδροῖς
1339 1673 1581 1757 legitur
1624 1676 1946 1752 χονδροῑς.
2038 1673 2086 1736 Η
2132 1671 2201 1733 in
2254 1693 2295 1734 a
2348 1671 2710 1734 transiisse.
2747 1672 3023 1757 sumpsit

432 1774 799 1840 Herodian.
847 1775 912 1837 in
961 1778 1176 1850 λαγών
1223 1798 1262 1838 a
1309 1777 1484 1854 λήγω
1528 1776 1607 1840 Ε.
1657 1773 1881 1838 Orion.
1935 1773 2077 1854 108,
2123 1773 2224 1852 26,
2271 1774 2338 1835 in
2383 1773 2659 1852 ἄλμενος
2704 1795 2788 1836 ex
2832 1774 3020 1853 ἡλμέ-

436 1898 554 1943 νος
598 1898 702 1961 ap.
751 1875 845 1939 Io.
880 1874 985 1939 Al.
1032 1876 1134 1957 32,
1185 1875 1285 1955 19,
1332 1877 1602 1957 ἄςμενος
1647 1898 1732 1940 ex
1775 1877 2047 1956 ἡςμένος
2091 1875 2248 1940 κατὰ
2294 1878 2601 1954 ςυςτολὴν
2644 1897 2794 1937 cum
2840 1882 3023 1959 trope

437 1977 687 2042 scilicet
730 1977 1142 2042 coniunctam
1187 1977 1349 2042 ibid.

1674 2063 1780 2127 36.

607 2164 688 2227 E.
738 2163 910 2229 Gud.
958 2163 1070 2244 83,
1116 2165 1195 2227 51
1245 2165 1724 2245 Ἀςκληπιόςε
1782 2165 1820 2229 ὁ
1877 2163 2041 2240 ἄγαν
2088 2165 2323 2244 ςκληρὰ
2366 2165 2522 2243 ἤπια
2564 2168 2775 2228 ποιῶν
2819 2168 2937 2228 τοῦ
2983 2166 3023 2226 ἆ

441 2267 719 2331 ἑπίταςιν
767 2260 1211 2345 ςημαίνοντος·
1256 2267 1294 2345 ἢ
1341 2267 1397 2330 ἃ
1423 2267 1502 2331 τὰ
1548 2268 1731 2345 ςκέλη
1789 2268 1893 2330 καὶ
1947 2270 2076 2331 πᾶν
2129 2267 2205 2330 τὸ
2263 2274 2438 2346 ςῶμα
2494 2267 2665 2341 ὑγιὲς
2720 2266 3023 2343 παρέχων

441 2368 544 2432 καὶ
598 2367 957 2432 ἀνώδυνον.
1058 2367 1266 2432 οὕτως
1320 2368 1800 2446 Ἡρωδιανὸς
1858 2368 1939 2433 ἐν
1995 2368 2560 2447 ἐπιμεριςμοῖς.
2658 2366 2785 2430 Pro
2851 2366 3023 2444 ἔχων

443 2467 675 2554 scripsi
720 2470 1044 2547 παρέχων.
1108 2468 1390 2533 auctoris
1436 2491 1704 2550 nomen,
1750 2467 1928 2554 quod
1970 2468 2073 2532 hic
2117 2467 2186 2530 in
2230 2468 2596 2547 Ἡρώδοτος
2641 2488 3024 2552 perversum

445 2578 575 2649 est,
635 2580 881 2633 rectum
946 2569 1218 2654 praebet
1269 2570 1414 2633 cod.
1474 2570 1684 2634 Paris.
1740 2569 1906 2632 2631
1975 2569 2044 2631 in
2099 2567 2313 2632 Cram.
2371 2569 2501 2630 An.
2557 2568 2708 2630 Par.
2765 2566 2864 2630 IV
2917 2567 3022 2647 20,

444 2668 670 2733 titulus
715 2671 992 2734 accessit
1035 2693 1119 2735 ex
1162 2669 1393 2758 Cyrilli
1439 2670 1569 2736 lex.
1613 2671 1771 2735 ibid.
1820 2693 1883 2754 p.
1937 2669 2085 2750 180,
2132 2691 2524 2754 quamquam
2570 2669 2636 2731 in
2678 2667 2804 2732 hoc
2847 2668 3027 2754 prior

445 2782 699 2837 tantum
756 2770 1106 2858 explicatio
1161 2775 1511 2858 profertur.
1602 2771 1928 2859 Equidem
1985 2769 2216 2858 opinor
2273 2768 2452 2837 illam
2508 2769 2592 2835 ab
2649 2768 3024 2834 Herodiano

445 2883 520 2937 ut
562 2874 646 2939 ab
692 2873 838 2937 aliis
884 2873 1243 2960 profectam
1288 2873 1609 2960 prolatam
1654 2896 1797 2938 esse
1844 2874 2032 2959 eique
2066 2871 2338 2938 alteram
2372 2882 2445 2936 ut
2472 2872 2798 2955 'aptiorem
2830 2894 3024 2957 oppo-

448 2975 642 3038 sitam
687 2975 914 3038 fuisse.
976 2975 1169 3056 Quod
1215 2976 1269 3039 si
1315 2998 1542 3055 v-erum
1589 2985 1718 3057 est,
1768 2974 2189 3038 Herodianus
2221 2975 2503 3059 sumpsit
2547 2980 2587 3037 ἇ
2628 2974 3025 3059 epitaticum‚

448 3080 482 3142 ἒ
526 3087 956 3163 syncopatum
1002 3087 1068 3140 et
1110 3079 1299 3157 ἤπιος
1343 3076 1667 3141 adiectum
1712 3077 1992 3162 putavit.

620 3296 699 3360 Ε.
748 3295 925 3362 Gud.
979 3297 1121 3376 131,
1173 3297 1251 3360 18
1296 3300 1516 3376 γυνήε
1566 3300 1723 3377 δυνή
1768 3288 1864 3362 τις
1906 3297 2091 3363 οὖςα·
2150 3297 2325 3376 παρὰ
2367 3299 2444 3362 τὸ
2490 3298 2706 3363 δύνειν
2754 3297 2823 3361 ἐν
2868 3297 3028 3382 αὐτῇ

451 3400 531 3463 τὰ
576 3400 894 3478 ςπέρματα
936 3400 1016 3463 τὰ
1059 3398 1427 3478 ἀνθρώπεια
1471 3408 1678 3485 τροπῇ
1722 3404 1839 3464 τοῦ
1885 3386 1921 3463 δ
1977 3400 2066 3465 εἰς
2109 3404 2164 3476 ⁸?-
2261 3400 2299 3477 ἢ
2344 3406 2551 3484 τροπῇ
2610 3404 2727 3463 τοῦ
2774 3418 2810 3459 ο
2858 3398 2946 3463 εἰς
2993 3403 3029 3464 ὖ

450 3501 756 3565 Αἰολικῶς
810 3501 971 3578 γυνή
1027 3503 1188 3580 γονή
1242 3522 1335 3565 τις
1391 3501 1550 3565 οὖςα
1602 3503 1643 3581 ἦ
1709 3506 1907 3580 γονῆς
1960 3502 2221 3579 δεκτική.
2319 3501 2593 3566 κλίνεται
2651 3502 2721 3565 δὲ
2776 3500 2813 3578 ἡ
2870 3502 3029 3579 γυνὴ

452 3603 610 3665 κατὰ
652 3603 765 3666 τὰς
809 3601 1008 3666 ἄλλας
1049 3603 1315 3666 πτώςεις
1362 3603 1452 3667 ὡς
1495 3604 1572 3667 τὰ
1617 3602 1704 3667 εἰς
1748 3605 1787 3681 ἦ
1835 3606 2117 3682 λήγοντα
2159 3603 2413 3681 θηλυκά.
2458 3602 2854 3681 Φερεκράτης
2900 3603 3032 3666 «ὡς

454 3702 701 3767 ἄτοπόν
748 3702 870 3768 ἐςτι
917 3704 1138 3782 μητέρ’
1182 3703 1346 3768 εἶναι
1391 3705 1493 3768 καὶ
1535 3705 1795 3782 γονήν».
1884 3704 2091 3769 οὕτως
2120 3704 2594 3782 Ἡρωδιανὸς
2640 3704 2722 3769 ἐν
2768 3705 3030 3783 ἐπιμε-

455 3808 774 3883 ριςμοῑς.
819 3841 905 3852 -
948 3801 1159 3866 Omisi
1204 3814 1351 3889 post
1397 3793 1434 3870 δ
1478 3806 1567 3870 εἰς
1609 3808 1648 3882 Ῠ
1692 3805 1897 3869 verba
1950 3807 1987 3883 ἢ
2033 3807 2207 3884 παρὰ
2249 3805 2325 3869 τὸ
2371 3806 2438 3869 ἐκ
2484 3809 2694 3884 μελῶν
2748 3810 2864 3869 τοῦ
2922 3804 3031 3869 ἀν-

455 3906 608 3984 δρὸς
649 3909 1014 3989 γεννᾶςθαι,
1069 3905 1243 3991 quod
1290 3904 1649 3970 Christiani
1704 3906 2114 3991 grammatici
2167 3905 2688 3969 additamentum
2747 3904 3032 3986 videtur,

457 4005 694 4070 desunt
737 4007 805 4069 in
850 4006 929 4069 E.
977 4006 1090 4069 Or.
1149 4016 1215 4069 ct
1248 4005 1333 4068 Ε.
1378 4005 1468 4070 Μ.
1523 4046 1591 4054 -
1644 4010 1681 4086 ἢ
1727 4015 1935 4092 τροπῇ
1989 4012 2106 4072 τοῦ
2152 4011 2189 4071 ὂ
2246 4007 2335 4073 εἰς
2389 4012 2426 4071 ῡ
2471 4007 2775 4072 Αἰολικῶς
2831 4028 2949 4093 pro
2994 4008 3032 4084 ἢ

459 4109 549 4172 ὡς
595 4108 936 4187 Θεόκριτος
981 4107 1215 4193 scripsi
1260 4129 1343 4171 ex
1388 4108 1468 4171 E.
1513 4108 1604 4171 M.
1650 4119 1715 4173 et
1759 4119 1912 4173 ante
1956 4110 2119 4187 γονή
2172 4131 2264 4173 τις
2309 4108 2554 4171 inserui
2608 4110 2788 4187 γυνή.
2877 4107 3038 4171 Post

458 4211 700 4289 δεκτικὴ
747 4210 936 4271 omisi
979 4211 1017 4288 ἢ
1064 4210 1194 4274 ἀπὸ
1225 4213 1335 4287 τῆς
1365 4215 1481 4288 γῆς
1512 4212 1613 4275 καὶ
1641 4214 1758 4275 τοῦ
1787 4213 2055 4289 γεννᾶν,
2100 4232 2267 4294 quae
2307 4209 2551 4274 absunt
2579 4209 2663 4273 ab
2695 4210 2773 4273 E.
2807 4209 3034 4274 Orion.

458 4318 523 4373 et
579 4309 656 4372 E.
703 4309 793 4372 Μ.
900 4309 1029 4374 Sed
1084 4311 1151 4371 in
1206 4310 1284 4373 E.
1333 4310 1425 4374 M.
1485 4322 1550 4376 et
1602 4311 1667 4374 in
1726 4312 1805 4374 E.
1863 4311 2088 4376 Orion.
2148 4321 2214 4375 et
2270 4310 2336 4373 in
2391 4310 2517 4375 hoc
2571 4310 2834 4396 quidem
2888 4333 3035 4375 cum

457 4410 740 4475 auctoris
787 4410 1130 4476 Philoxeni
1174 4413 1435 4475 nomine
1478 4410 1639 4476 haec
1681 4421 2025 4497 praeterea
2055 4411 2403 4495 originatio
2434 4413 2848 4497 proponitur:
2897 4413 2935 4476 ὁ
2968 4415 3038 4477 δὲ

459 4514 802 4581 Φιλόξενος
848 4513 917 4577 ἐν
947 4520 1041 4597 τῷ
1070 4516 1216 4591 περὶ
1244 4513 1825 4593 ἀναδιπλαςιαςμοῦ
1871 4536 2092 4597 φηςιν,
2138 4514 2233 4579 ὅτι
2278 4521 2374 4590 γῶ
2420 4515 2541 4579 ἐςτι
2588 4515 2753 4594 ῥῆμα
2798 4518 3036 4592 δηλοῦν

458 4614 536 4678 τὸ
583 4616 843 4694 δέχομαι
890 4615 990 4679 καὶ
1037 4615 1337 4695 λαμβάνω
1384 4614 1463 4677 Ε.
1512 4614 1624 4678 Or.
1639 4662 1656 4695 ‚
1713 4614 1817 4677 cui
1864 4637 1946 4677 cx
1991 4615 2070 4679 Ε.
2115 4615 2206 4678 Μ.
2254 4614 2624 4679 adiicienda
2667 4626 2821 4679 sunt
2864 4617 3038 4695 παρὰ

458 4719 655 4780 τοῦτο
700 4718 775 4780 τὸ
820 4721 917 4793 γῶ
963 4716 1198 4791 γίνεται
1255 4718 1416 4795 γυνή
1472 4717 1509 4794 ἡ
1556 4717 1800 4793 δεκτική
1858 4722 1974 4781 τοῦ
2029 4719 2398 4797 ςπέρματος.
2446 4753 2526 4763 —-
2571 4714 2912 4795 Quaedam
2958 4740 3042 4781 ex

450 4815 543 4879 iis
590 4815 1135 4901 originationibus
1150 4866 1168 4901 ‚
1226 4839 1392 4902 quae
1436 4817 1503 4879 in
1549 4817 1629 4880 E.
1675 4816 1883 4900 Gud.‚
1943 4819 2049 4881 cui
2104 4818 2651 4904 subscriptionem
2709 4818 3038 4899 debemuS‚
