3664 5546
1527 388 1920 438 PRAEFATIO
1930 421 1942 436 .
2801 385 3023 433 CXXIII

450 550 695 637 scripta
739 546 1083 633 dispersis»,
1143 546 1210 609 in
1254 546 1491 631 quibus
1537 543 1741 609 multa
1784 543 2163 608 Herodiano
2210 541 2602 620 vindicavit,
2661 539 2790 605 alia
2844 539 3024 605 abiu-

453 651 726 732 dicavit3
797 648 972 714 haud
1036 670 1282 734 paucae
1346 647 1537 713 huius
1592 646 1849 732 generis
1905 645 2272 710 notationes
2334 645 2527 708 etiam
2584 644 2650 706 in
2702 640 3025 708 Lobeckii

453 753 753 838 operibus
800 762 1169 817 occurrunt.
1258 750 1388 814 Sed
1430 749 1604 836 quod
1650 749 1884 813 summi
1930 748 2054 814 viri
2099 769 2217 835 per
2261 733 2665 810 occasionem
2711 740 3026 825 fecerunt,

455 854 607 919 mihi
658 876 739 917 ex
786 852 1084 939 professo
1133 850 1620 937 suscipiendum
1663 851 1812 917 fuit.

621 957 910 1020 Primum
974 977 1076 1019 res
1144 954 1359 1041 ipsae,
1427 975 1593 1040 quae
1655 954 1723 1018 in
1789 951 2006 1039 aliquo
2072 952 2214 1016 loco
2280 951 2648 1016 testimonio
2717 949 3028 1015 destituto

455 1069 855 1138 tractantur,
921 1057 1231 1121 indicium
1288 1065 1439 1120 sunt
1504 1055 1773 1139 originis
1829 1053 2306 1120 Herodianeae.
2404 1053 2513 1117 Sic
2569 1075 2820 1117 summo
2889 1052 3028 1116 iure

454 1159 761 1224 Lehrsius
818 1158 904 1224 ad
948 1155 1192 1223 Herod.
1243 1182 1306 1244 p.
1350 1158 1476 1220 423
1533 1157 1870 1223 contendit
1926 1158 2295 1242 fragmenta
2346 1158 2491 1237 περὶ
2544 1162 2770 1222 παθῶν
2824 1154 3029 1219 Hero·

456 1262 631 1326 diani
676 1261 928 1326 nomine
973 1260 1266 1324 carentia
1307 1260 1374 1324 in
1418 1260 1611 1324 rebus
1657 1282 1804 1324 cum
1848 1259 2230 1343 fragmentis
2286 1260 2568 1322 auctoris
2626 1256 2881 1322 nomine
2936 1257 3028 1321 in-

458 1363 714 1448 signitis
745 1364 906 1427 mire
935 1384 1325 1447 congruere,
1371 1364 1440 1427 id
1473 1362 1646 1449 quod
1678 1363 1747 1426 in
1775 1385 1923 1426 mea
1952 1359 2361 1442 collectione,
2409 1361 2476 1424 in
2508 1383 2637 1447 qua
2664 1362 3034 1446 fragmenta

458 1466 815 1530 secundum
876 1475 1326 1549 argumentum
1380 1464 1684 1529 ordinata
1737 1474 1920 1546 sunt,
1977 1486 2149 1528 nunc
2204 1463 2376 1528 clare
2432 1473 2758 1550 patescet3
2817 1462 2912 1526 sic
2966 1460 3033 1524 in

457 1567 851 1647 Monadicis,
898 1567 962 1630 in
1009 1567 1244 1653 quibus
1291 1567 1552 1653 saepius
1596 1566 1817 1653 passio
1849 1564 2118 1630 alicuius
2150 1565 2605 1631 abnormitatis
2648 1587 2848 1630 causa
2891 1585 3033 1628 esse

461 1669 729 1751 dicitur,
777 1693 887 1734 608
933 1668 1141 1750 10608,
1200 1669 1270 1732 111
1315 1668 1552 1756 quibus
1608 1667 1676 1732 id
1730 1669 1946 1754 ipsum
2003 1666 2538 1732 adnotamentum
2593 1665 3031 1754 pathologiae,

459 1770 632 1857 quod
675 1771 922 1835 formae
966 1793 1006 1836 a
1046 1769 1517 1836 consuetudine
1562 1769 1919 1834 declinanti
1966 1770 2315 1853 succurrit,
2364 1792 2447 1834 cx
2481 1768 2858 1835 Herodiano
2904 1791 3034 1834 ser-

460 1882 682 1937 vatum
729 1883 860 1954 681,
907 1872 1243 1938 indicavit.
1332 1872 1478 1938 Hoc
1524 1871 1822 1958 exemplo
1867 1893 1988 1957 ego
2034 1894 2292 1958 quoque
2336 1873 2452 1936 ubi
2495 1894 2663 1954 rem,
2711 1894 2906 1957 quam
2951 1872 3034 1936 ab

466 1974 839 2040 Herodiano
883 1974 1129 2039 alicubi
1187 1984 1428 2039 tactam
1491 1996 1633 2039 esse
1688 1975 2143 2055 memineram,
2190 1975 2557 2061 expositam
2602 1974 3035 2055 inveniebam,

463 2076 634 2141 hunc
688 2076 899 2141 locum
950 2099 1100 2141 cum
1156 2074 1269 2141 illo
1324 2075 1530 2141 altero
1586 2076 2049 2163 comparabam
2102 2077 2664 2163 circumspiciens,
2719 2099 2876 2141 num
2931 2097 3036 2139 res

387 2173 398 2190 ’
464 2176 687 2243 eodem
731 2177 925 2245 modo
970 2177 1298 2265 explicata
1342 2189 1549 2260 68861,
1595 2202 1652 2244 6.
1684 2202 1747 2264 g.
1781 2178 2095 2244 articulus
2125 2182 2400 2260 Ἀρυπεε
2443 2179 2511 2243 111
2542 2179 2621 2243 Ε.
2654 2178 2746 2242 M.
2784 2178 2924 2258 150,
2954 2179 3039 2243 56

461 2279 645 2360 inde,
691 2279 868 2366 quod
912 2304 1057 2345 cum
1103 2281 1392 2366 Theogn.
1440 2306 1503 2366 p.
1550 2282 1664 2363 98,
1712 2282 1824 2368 qui
1869 2303 1953 2345 ex
1996 2281 2315 2346 Prosodia
2350 2279 2691 2346 Catholica
2735 2280 3038 2366 sumpsit,

464 2392 529 2446 et
575 2384 669 2448 St.
715 2384 791 2447 B.
841 2405 894 2447 s.
939 2385 1175 2463 Ἀρύπη
1221 2384 1549 2468 congruit,
1613 2405 1698 2447 ex
1741 2382 2106 2448 Herodiani
2165 2381 2333 2447 libro
2391 2386 2538 2463 περὶ
2592 2389 2815 2449 παθῶν
2873 2380 3037 2446 deri-

464 2494 655 2550 vatus
701 2506 843 2549 6886
888 2486 1215 2571 putandus
1260 2494 1390 2568 est3
1437 2486 1687 2550 notatio
1733 2486 1914 2565 ἠμύω
1959 2484 2028 2549 111
2072 2484 2152 2548 Ε.
2197 2485 2284 2548 M.
2332 2485 2488 2567 430,
2534 2484 2614 2550 57
2661 2484 3037 2549 Herodiano

461 2585 609 2651 ideo
654 2587 1086 2670 assignandus
1134 2599 1267 2669 est,
1314 2586 1490 2674 quod
1532 2587 1716 2668 ἀμύω
1772 2597 1839 2650 61
1892 2587 2072 2666 ἠμύω
2117 2597 2597 2672 componuntur
2649 2609 2798 2652 cum
2853 2588 3039 2654 ἀετα-

464 2689 573 2770 <pic
618 2698 683 2753 et
727 2689 1020 2775 ὀεταφίε,
1067 2711 1226 2777 quas
1272 2689 1514 2755 formas
1547 2687 1965 2754 Herodianus
2011 2688 2081 2750 in
2108 2686 2189 2751 E.
2219 2688 2309 2753 M.
2344 2688 2490 2770 636,
2521 2690 2565 2752 4
2597 2690 3037 2776 comparavit3

465 2790 812 2857 articulum
867 2793 1040 2871 ἠθεῖε
1092 2793 1159 2857 111
1215 2793 1295 2858 Ε.
1343 2791 1431 2856 M.
1487 2792 1647 2873 422,
1699 2792 1776 2855 12
1832 2801 1898 2855 et
1953 2788 2125 2855 Gud.
2170 2790 2328 2873 238,
2385 2791 2471 2856 30
2523 2792 2607 2858 ab
2662 2791 3040 2858 Herodiano

463 2895 830 2981 profectum
895 2918 1039 2959 esse
1083 2895 1233 2960 inde
1288 2904 1499 2982 patet,
1556 2893 1732 2981 quod
1787 2892 2031 2958 similia
2084 2892 2328 2965 Iliacae
2384 2894 2570 2959 ProS.
2625 2895 2680 2959 Ζ
2723 2895 2849 2960 518
2894 2918 3041 2959 con-

466 2997 632 3062 tinet
678 3020 809 3083 quo
865 2996 1117 3062 accedit
1170 2997 1417 3062 diserta
1465 3005 1769 3061 accentus
1822 2996 2070 3062 notatio
2126 3004 2192 3060 et
2241 2996 2823 3080 argumentationis
2873 2998 3043 3063 ratio

466 3096 799 3165 simillima
841 3101 920 3165 Il.
966 3100 1072 3162 Pr.
1120 3100 1162 3165 Ε
1204 3099 1350 3163 256.
1436 3098 1564 3163 Sed
1608 3120 1822 3162 rerum
1868 3098 2293 3184 congruentia
2335 3121 2727 3185 quamquam
2772 3099 3042 3165 maximi

467 3201 773 3266 momenti
836 3212 967 3283 est,
1038 3210 1253 3266 tamen
1307 3200 1392 3265 ad
1450 3209 1662 3266 01111111
1715 3195 2207 3266 Herodianeum
2272 3198 2847 3267 demonstrandum
2914 3225 3045 3268 non

468 3304 706 3389 ubique
751 3302 1028 3385 sufficit,
1076 3302 1321 3368 decidit
1364 3303 1563 3368 totius
1609 3304 1942 3389 praecepti
1986 3304 2414 3369 conformatio
2459 3314 2524 3368 et
2568 3303 2795 3369 oratio.

636 3404 949 3469 Lehrsius
1005 3405 1385 3471 observavit
1437 3403 1684 3469 Herod.
1746 3428 1810 3492 p.
1868 3405 1998 3469 409
2053 3427 2232 3492 seqq.
2290 3404 2669 3470 Herodiano
2726 3407 3046 3494 quaedam

470 3505 790 3572 vocabula
842 3506 1141 3593 quamvis
1197 3504 1342 3571 aliis
1388 3508 1829 3592 grammaticis
1886 3530 2018 3572 non
2061 3529 2327 3594 prorsus
2382 3507 2764 3574 inconsueta
2807 3521 3044 3591 essent,

469 3618 687 3674 tamen
743 3617 876 3673 tam
930 3606 1168 3674 dilecta
1225 3630 1400 3690 esse,
1467 3619 1540 3674 ut
1605 3631 1690 3673 ex
1754 3631 1980 3674 eorum
2034 3632 2157 3673 usu
2213 3609 2658 3674 Herodianum
2716 3621 3046 3678 auctorem

470 3733 611 3775 esse
664 3709 1090 3797 probabiliter
1143 3709 1440 3776 concludi
1496 3712 1725 3797 possit.
1824 3711 2041 3776 Huius
2106 3712 2363 3797 generis
2432 3711 2680 3797 profert
2731 3712 3044 3779 Lehrsius

471 3818 738 3892 μελετᾶν
793 3835 911 3899 pro
970 3818 1213 3898 φιλεῖν,
1269 3815 1510 3897 θέλειν,
1576 3815 2045 3896 ἀποφαίνεεθαι
2110 3836 2226 3900 pro
2281 3816 2636 3895 προφέρειν
2695 3824 2762 3879 61
2816 3818 3047 3899 λέγειν,

470 3915 700 3997 ἀμοιβὴ
734 3916 976 3997 τόνων,
1024 3915 1269 3996 ὀφείλει
1303 3938 1419 4002 pro
1455 3917 1696 3997 ὤφειλε
1708 3967 1726 4000 ,
1774 3917 2035 3996 ὁρᾶεθαι
2073 3938 2189 4002 pro
2229 3908 2627 3996 εὑρίεκεεθάι.
2699 3916 2891 3982 Hanc
2922 3918 3046 3982 viri

471 4014 816 4081 clarissimi
846 4016 1367 4083 observationem
1399 4040 1622 4082 veram
1655 4019 1797 4082 esse
1827 4017 2217 4105 quibusdam
2248 4019 2566 4104 exemplis
2601 4018 3048 4085 demonstrare

469 4141 755 4206 possum.
855 4118 935 4182 In
992 4119 1118 4183 An.
1169 4118 1295 4183 Ox,
1341 4120 1412 4185 H
1453 4120 1610 4202 419,
1663 4120 1739 4184 13
1805 4125 2110 4186 τοεαῦτα;
2175 4132 2433 4207 praeter
2500 4143 2635 4186 rem
2702 4130 3049 4187 tractatam

471 4221 745 4285 verbum
792 4221 1041 4299 ὁρᾶται;
1100 4222 1336 4289 ὁποῖον
1394 4225 1616 4304 ὁρᾶται
1673 4224 1744 4288 ἐν
1797 4230 1876 4308 τῇ
1933 4224 2211 4308 ληγούεῃ
2268 4226 2545 4309 ευλλαβῇ
2600 4223 3049 4290 Herodianum

471 4322 718 4409 prodit,
764 4322 836 4384 in
878 4322 1003 4408 Ep.
1035 4322 1143 4387 Cr.
1189 4322 1226 4389 I
1273 4324 1413 4407 123,
1460 4325 1544 4388 20
1587 4327 1660 4390 τὸ
1706 4329 1880 4390 δεῑοε
1926 4326 2213 4403 κτητικὸν
2258 4324 2505 4405 ὀφείλει
2549 4327 2899 4406 γράφεεθαι
2946 4329 3050 4391 διὰ

472 4430 583 4503 τῆς
626 4429 678 4490 ἐἳ
724 4425 1083 4505 διφθόγγου
1114 4463 1198 4472 -—
1234 4427 1480 4507 ὀφείλει
1526 4449 1643 4514 pro
1690 4427 1933 4507 ὤφειλε
1980 4424 2059 4490 de
2089 4425 2504 4492 Herodianeo
2553 4438 2702 4493 ortu
2747 4427 3049 4493 dubitare

470 4548 600 4591 non
646 4526 824 4590 sinit.
913 4526 1074 4591 Cum
1121 4532 1387 4608 μελετᾶν
1431 4526 1765 4593 intellectu
1809 4527 2164 4593 verborum
2207 4534 2421 4609 φιλεῖν
2464 4528 2574 4594 vel
2616 4531 2823 4595 θέλειν
2881 4550 3049 4593 com-

472 4629 691 4715 parari
735 4636 951 4714 potest
994 4629 1393 4715 periphrasis
1439 4652 1556 4716 per
1597 4632 1845 4711 πέφυκε
1896 4652 2044 4694 611111
2097 4630 2422 4696 infinitivo
2478 4653 2596 4717 pro
2654 4654 2830 4696 mero
2885 4631 3048 4696 indi-

474 4730 690 4796 cativo
735 4729 923 4795 verbi
966 4753 1023 4796 e.
1066 4754 1132 4815 g.
1177 4734 1425 4813 πέφυκε
1469 4733 1846 4799 πλεονάζειν
1892 4731 2018 4818 Ep.
2064 4731 2259 4798 Hom.
2303 4734 2461 4813 437,
2507 4733 2621 4815 22,
2679 4734 2786 4798 cui
2841 4733 3050 4798 simile

476 4843 576 4899 est
628 4833 696 4899 in
750 4831 1113 4898 Monadicis
1164 4834 1270 4915 14,
1325 4834 1410 4899 25
1464 4836 1542 4900 τὰ
1597 4835 1685 4900 cic
1739 4840 1857 4900 ’ou—c
1917 4836 2197 4915 λήγοντα
2264 4835 2547 4916 ὀνόματα
2603 4837 3052 4918 μονοεύλλαβα
