3664 5546
1505 378 1919 436 ramur-10.
2690 349 3014 420 cxxxxm

435 541 688 619 Ἅβρων
745 537 816 601 ἑν
872 535 1282 616 παρωνύμοις
1335 534 1501 614 φηςί.
1574 532 1792 613 Quum
1847 531 1954 595 hic
2008 527 2342 616 Apollonii
2405 537 2819 614 praeceptum
2872 549 3018 613 pro-

436 639 722 719 feratur,
792 660 833 701 a
889 657 1014 723 quo
1070 633 1484 700 Herodianus
1552 643 1889 699 accentum
1958 654 2041 697 ex
2108 629 2584 696 terminationis
2642 629 3018 695 charactere

437 740 846 805 constituens
891 736 1201 818 discedit,
1258 736 1483 801 credat
1536 737 1681 824 quis
1726 733 2146 821 Apollonium
2193 755 2233 797 a
2277 732 2605 819 Stephano
2651 732 3019 818 inspectum

439 865 617 924 esse,
676 840 792 906 sed
848 842 986 905 eius
1048 861 1295 904 morem
1340 838 1451 925 qui
1494 837 1711 920 novit,
1769 838 1866 902 ita
1920 836 2185 901 sentiet:
2242 835 2644 922 Stephanum
2700 832 3019 898 Herodia-

438 967 591 1010 num
648 952 800 1009 ante
866 940 1086 1008 oculos
1141 940 1488 1022 habuisse,
1551 963 1634 1004 ex
1694 961 1769 1003 eo
1825 937 2194 1025 Apollonii,
2261 937 2371 1024 qui
2434 936 2575 1023 ipse
2642 933 3019 1001 Habronem
3052 928 3065 934 ’

440 1045 859 1128 laudaverat,
909 1043 1272 1109 doctrinam
1313 1041 1663 1129 protulisse
1692 1039 2057 1106 Herodiani
2102 1040 2491 1105 refutatione
2533 1039 2764 1133 recisa.
2836 1038 3020 1118 Quae

443 1146 727 1234 suspicio
771 1147 1069 1212 firmatur
1113 1143 1460 1209 Schol.·ad
1503 1143 1804 1231 Apollon‘.
1854 1143 1887 1207 Ι
1936 1142 2088 1225 132,
2132 1143 2249 1208 ubi
2290 1153 2669 1230 postquam,
2723 1152 2798 1205 ut
2840 1140 3020 1204 vide·

440 1260 550 1315 tur
594 1271 678 1312 ex
721 1248 1099 1313 Herodiano
1117 1296 1135 1330 ,
1193 1245 1528 1333 Apollonii
1584 1246 1909 1311 sententia
1959 1246 2214 1309 nomine
2271 1244 2470 1310 tacito
2527 1241 2847 1308 collocata
2899 1250 3020 1323 est,

444 1351 686 1416 diserte
741 1350 1105 1415 Herodiani
1164 1349 1428 1414 diversa
1482 1348 1649 1414 ratio
1703 1359 2124 1414 memoratur:
2187 1348 2492 1429 φύλακός.
2547 1384 2630 1394 —-
2687 1347 2903 1410 Ἴωνες
2954 1344 3022 1409 ἐκ

443 1459 574 1519 τῶν
618 1460 890 1531 γενικῶν
936 1457 1227 1518 ποιοῦςιν
1273 1437 1548 1535 εὖθείας,
1591 1456 1707 1516 τοῦ
1752 1452 2042 1533 φύλακος
2087 1450 2124 1515 ὁ
2169 1451 2488 1534 φύλακος,
2544 1454 2661 1515 τοῦ
2707 1448 3025 1529 μάρτυρος
3076 1453 3079 1458 ’

445 1557 483 1620 ὁ
541 1556 874 1635 μάρτυρος.
962 1559 1078 1620 τοῦ
1135 1557 1205 1619 δὲ
1261 1554 1550 1634 φύλακος
1604 1553 2030 1632 ὀξυτονητέον
2083 1555 2198 1631 τὴν
2254 1554 2533 1633 πρώτην.
2631 1550 3025 1631 Ἡρωδιανὸς

447 1660 519 1723 δὲ
564 1660 680 1737 τὴν
724 1658 1089 1722 τελευταίαν
1134 1656 1361 1724 ὀξύνει.

615 1757 945 1824 Habronis
1007 1759 1249 1823 mentio
1304 1758 1380 1823 fit
1432 1767 1699 1846 propter
1754 1756 1999 1843 gentile
2054 1759 2416 1841 Ἀγαθῖνος,
2475 1757 2556 1821 de
2612 1778 2737 1842 quo
2796 1754 2892 1819 St.
2947 1754 3025 1818 B.

445 1862 562 1942 11,
610 1861 648 1924 8
694 1884 746 1924 s.
793 1863 1052 1941 Ἀγάθη·
1111 1863 1185 1927 τὸ
1231 1862 1482 1927 ἑθνικὸν
1528 1863 1862 1938 Ἀγαθῖνος
1909 1862 2000 1926 ὡς
2044 1862 2533 1940 Ἀκραγαντῖνος
2574 1896 2660 1906 -
2716 1856 2796 1920 de
2842 1856 3025 1922 cuius

447 1963 706 2048 generis
763 1961 1112 2047 gentilibus
1171 1962 1560 2027 disseruisse
1615 1961 2066 2027 Herodianum
2122 1965 2263 2049 ipse
2318 1970 2597 2027 testatur
2655 1961 2749 2026 St.
2797 1959 2874 2023 B.
2921 1959 3024 2040 62,

453 2065 532 2128 19
575 2067 650 2131 τὸ
697 2066 948 2130 ἐθνικόν
994 2066 1481 2145 Ἀκραγαντῖνος
1526 2066 1615 2131 ὡς
1660 2066 1965 2144 Ἰναχῖνος
1996 2067 2418 2149 Ταραντῖνος,
2463 2065 2552 2130 ὥς
2597 2085 2786 2146 φηςιν
2827 2063 3026 2142 Ἡρω-

451 2169 684 2233 διανός.
727 2205 814 2215 -
855 2170 1106 2248 Ἅβρων
1151 2169 1273 2247 γὰρ
1318 2169 1389 2233 ἐν
1433 2175 1525 2252 τῷ
1554 2169 1703 2246 περὶ
1729 2168 2140 2248 παρωνύμων
2181 2172 2320 2234 τοῖς
2363 2168 2683 2233 τοιούτοις
2724 2168 2826 2231 καὶ
2869 2165 3029 2230 αὐτὸ

454 2272 793 2350 ςυνέμιξεν.
883 2268 1076 2349 Quod
1130 2292 1213 2334 ex
1259 2268 1634 2334 Herodiano
1690 2269 2091 2357 Stephanum
2143 2270 2458 2355 petivisse
2515 2267 2867 2334 ostendunt
2933 2290 3030 2331 se-

451 2372 748 2457 quentia,
807 2394 972 2458 quae
1031 2371 1115 2435 ad
1170 2381 1503 2438 auctorem
1555 2370 1901 2436 referenda
1954 2381 2108 2436 sunt
2161 2370 2640 2436 Herodianum:
2701 2371 2756 2436 εἰ
2810 2372 2881 2435 δὲ
2931 2371 3032 2434 καὶ

453 2475 673 2553 κύριον
729 2475 826 2553 εἴη
871 2477 945 2540 τὸ
992 2476 1354 2559 Ἀγαθῖνος,
1417 2475 1536 2541 οὐκ
1591 2475 1854 2541 ἀπεικὸς
1911 2477 2227 2555 ςημαίνειν
2284 2475 2631 2555 ἀμφότερα.
2732 2473 3031 2553 (χοινεὺς

452 2578 576 2656 γὰρ
621 2579 724 2642 καὶ
784 2578 1005 2656 κύριον
1060 2579 1163 2642 καὶ
1216 2581 1509 2658 ποταμοῦ
1565 2581 1665 2642 καὶ
1708 2578 1961 2643 ἐθνικόν
1988 2579 1996 2588 ‘
2021 2579 2123 2642 καὶ
2165 2578 2377 2660 Λίξος,
2434 2576 2671 2657 ὁμοίως
2716 2575 3031 2641 Θεςςαλός

454 2679 557 2743 καὶ
601 2678 861 2744 (ικανός
906 2682 1007 2744 καὶ
1052 2679 1305 2744 (ικελός
1349 2682 1450 2744 καὶ
1494 2681 1697 2760 μυρία.
1783 2679 1888 2743 De
1944 2678 2353 2744 ethnicorum
2407 2701 2557 2742 cum
2597 2678 2874 2764 propriis
2922 2675 3029 2742 ho-

455 2780 807 2866 mophonia
849 2782 1091 2846 diserte
1135 2780 1591 2847 Herodianum
1636 2781 1888 2845 dixisse
1930 2784 2074 2868 ipse
2117 2790 2397 2847 testatur
2441 2781 2533 2847 St.
2582 2781 2658 2845 B.
2705 2781 2808 2862 49,
2854 2780 2933 2843 15
2978 2802 3030 2843 s.

454 2884 743 2962 Αἱμονίας
803 2884 1196 2963 Ἡρωδιανός
1241 2907 1432 2968 φηςιν
1478 2885 1575 2950 ὅτι
1618 2888 1756 2951 τοῖς
1802 2889 2211 2951 ςυνοικιςταῖς
2256 2890 2533 2963 ςυνεχῶς
2577 2883 2914 2965 ὁμοφωνεῖ
2955 2883 3033 2947 τὰ

456 2986 671 3050 ἑθνικά
715 2984 800 3048 cf.
848 2987 929 3050 de
971 2989 1164 3068 Ἄβας
1205 2987 1267 3069 3,
1313 2987 1355 3052 5
1400 3010 1451 3050 s.
1498 2988 1809 3072 Ἀβαντίς,
1857 2986 1938 3051 de
1982 2989 2126 3054 Ἴων
2169 2988 2287 3069 49,
2334 2988 2395 3070 9,
2443 2986 2524 3051 de
2571 2987 2886 3052 Θεςςαλός
2927 2984 3031 3065 53,

460 3090 569 3169 11,
618 3085 698 3150 de
743 3089 991 3168 Ἀχαιός
1034 3090 1149 3171 51,
1195 3090 1235 3154 6
1278 3089 1485 3153 Lehrs
1534 3090 1735 3154 Arist.
1780 3090 1907 3154 273
1952 3090 2055 3154 ed.
2101 3090 2190 3155 II.
2253 3089 2631 3176 Sequuntur
2673 3111 2779 3174 ap.
2825 3087 2921 3151 St.
2952 3086 3033 3150 B.

456 3191 510 3255 εἰ
554 3193 626 3255 δὲ
671 3191 751 3270 μὴ
800 3192 889 3256 ως
933 3192 1185 3257 ἐθνικόν
1229 3194 1303 3257 τὸ
1349 3194 1678 3270 Ἀγαθῖνος
1721 3194 1984 3277 ἐκλήθη,
2037 3194 2152 3259 τὸν
2199 3193 2501 3272 οἰκήτορα
2545 3191 2808 3271 λέξομεν
2855 3192 3032 3268 Ἀγα-

457 3297 642 3357 θαῖον
687 3299 777 3377 τῷ
805 3301 1019 3378 ’κοινῷ
1065 3295 1240 3378 λόγῳ
1284 3297 1322 3373 ἢ
1368 3296 1668 3371 Ἀγαθεύς
1714 3297 1804 3361 ως
1849 3296 2343 3361 Θεςςαλονικεύς
2398 3296 2500 3359 καὶ
2545 3294 2880 3373 (ινταρεύς
2934 3294 3035 3357 καὶ

461 3395 855 3479 Βερενικεύς,
922 3396 1059 3462 ἐπεὶ
1124 3398 1227 3460 καὶ
1291 3397 1582 3473 Ἀγὰθεια
1646 3403 1756 3477 τῆς
1812 3399 2080 3478 Ἀγὰθης
2137 3397 2477 3476 εὑρίςκεται
2535 3400 2885 3478 παραγωγὴ
2945 3398 3035 3463 ὡς

460 3498 813 3575 Βερενίκεια
868 3500 969 3563 καὶ
1014 3499 1509 3564 Θεςςαλονίκεια.
1598 3498 1929 3564 Canonem
1989 3498 2069 3563 de
2124 3499 2531 3565 derivatione
2584 3498 2925 3585 gentilium
2968 3499 3036 3561 in
3088 3551 3093 3557 .

458 3604 608 3662 515?
650 3620 691 3661 a
731 3599 1063 3663 femininis
1106 3602 1174 3663 in
1219 3604 1257 3678 ῆ
1302 3598 1664 3666 Herodiani
1708 3625 1853 3671 esse
1898 3601 2272 3685 docetArc.
2302 3601 2417 3682 43,
2450 3601 2522 3681 8,
2568 3602 2684 3667 ubi
2729 3612 3038 3687 excerpta

462 3703 829 3787 Ἀθηναῖος,
876 3704 1185 3786 Θηβαῖος,
1231 3702 1543 3798 Ῥωμαῖος
1587 3714 1770 3787 sunt3
1827 3726 2203 3791 paragogen
2247 3705 2539 3780 Ἀγὰθεια
2585 3702 3036 3767 Herodianum

460 3802 759 3868 attulisse
803 3802 956 3867 inde
998 3804 1346 3890 probatur,
1392 3804 1567 3891 quod
1612 3816 1677 3871 et
1719 3808 1985 3888 Αἰθάλη,
2033 3805 2207 3893 quod
2252 3817 2352 3871 est
2396 3829 2501 3893 ap.
2548 3808 2702 3870 Arc.
2744 3806 2888 3886 108,
2929 3805 3034 3886 22,

460 3916 526 3970 et
569 3907 902 3972 Αἰθάλειαν
962 3906 1230 3990 agnovit
1284 3929 1476 3992 quam
1531 3906 1807 3973 formam
1866 3908 2235 3994 Stephanus
2293 3919 2358 3972 et
2402 3906 2662 3974 Philisti
2712 3917 2778 3972 et
2832 3905 3037 3973 Hero-

463 4007 639 4071 diani
691 4008 1065 4073 testimonio
1120 4009 1339 4072 firmat
1394 4009 1438 4073 i.
1496 4032 1553 4073 e.
1599 4008 1960 4075 Herodiani
2013 4011 2416 4092 testimonio,
2476 4000 2587 4096 qui
2643 4019 2706 4073 et
2758 4011 2899 4096 ipse
2953 4008 3036 4073 ad

463 4108 807 4176 Philistum
849 4120 1354 4196 provocaverat:
1414 4135 1478 4198 p.
1522 4112 1638 4192 46,
1685 4114 1724 4175 9
1769 4134 1821 4176 s.
1881 4114 2145 4191 Αἰθάλη·
2201 4113 2489 4178 Φίλιςτος
2545 4115 2615 4177 δὲ
2664 4113 2734 4177 ἐν
2781 4113 2829 4177 ε’
2876 4112 3036 4177 (ικε-

464 4218 658 4279 λικῶν
701 4213 1034 4279 Αἰθάλειαν
1079 4214 1278 4294 αὐτὴν
1323 4217 1501 4279 καλεῖ
1544 4217 1645 4280 καὶ
1689 4216 2111 4299 Ἡρωδιανὸς,
2168 4216 2277 4301 qui
2323 4215 2709 4300 scripserat:
2786 4215 3036 4293 Αἰθάλη.

466 4316 710 4392 λέγεται
766 4318 869 4381 καὶ
910 4317 1205 4382 Αἰθάλεια
1261 4318 1351 4382 ὡς
1395 4317 1680 4383 Φίλιςτος
1736 4318 1806 4383 ἐν
1864 4316 1913 4382 ε’
1958 4317 2308 4382 (ικελικῶν.
2364 4354 2450 4365 --
2501 4315 2746 4380 Mentio
2801 4326 3036 4398 autem,

465 4439 629 4503 quae
671 4418 739 4482 h.
783 4415 824 4481 l.
873 4417 948 4481 fit
1000 4417 1281 4483 nominis
1342 4419 1671 4502 (χοινεύς,
1727 4418 1904 4504 quod
1963 4428 2027 4483 et
2087 4419 2217 4483 viri
2277 4429 2341 4483 et
2384 4418 2670 4483 fluminis
2717 4429 2782 4484 et
2824 4418 3037 4503 gentis

465 4541 697 4582 nomen
740 4526 869 4601 est,
917 4520 1296 4585 memoriam
1340 4522 1586 4585 excitat
1625 4519 1785 4600 loci,
1832 4520 1950 4585 ubi
1990 4518 2257 4606 Trypho
2303 4523 2372 4587 ἐν
2416 4528 2509 4607 τῷ
2555 4522 2700 4600 περὶ
2744 4522 3038 4600 παρωνύω

470 4643 606 4700 μων
649 4643 766 4708 per
819 4623 1227 4688 occasionem
1282 4623 1546 4708 gentilis
1604 4621 1727 4687 loci
1774 4623 2074 4707 (χοῖνος,
2129 4621 2305 4709 quod
2361 4633 2429 4688 et
2482 4624 2695 4709 ipsum
2743 4623 3039 4703 (χοινεύς

470 4733 596 4801 est,
658 4726 897 4791 citatur
941 4725 1149 4791 simile
1205 4726 1362 4812 quid
1420 4737 1614 4812 atque
1658 4725 1781 4790 hoc
1822 4724 1968 4791 loco
2028 4725 2265 4790 dicitur
2309 4724 2594 4791 tradenS.
2683 4725 2791 4791 Ab
2837 4726 3037 4791 Hero-

472 4827 663 4894 diano
707 4831 902 4895 etiam
950 4828 1285 4896 laudatum
1329 4851 1471 4894 esse
1516 4829 1940 4917 Tryphonem
1981 4830 2112 4895 iam
2156 4852 2285 4895 non
2329 4827 2624 4913 negabiS.
