3664 5546
1159 375 1317 431 ΠΕΡΙ
1356 374 1746 429 ΚΑΘΟΛΚΙΗ(
1781 372 2202 429 ΠΡΟΕΩιΔΙΑ(
2237 375 2291 427 ς.
2515 457 2524 466 ι
2898 372 3019 437 145

435 551 781 630 γρόνθος
824 550 900 613 τὸ
946 548 1050 613 ἐπὶ
1092 549 1203 625 τῆς
1247 547 1602 630 αὐλήςεως,
1650 545 1965 625 ςμίνθος
2011 544 2049 610 6
2078 548 2208 625 μῦς.
2270 542 2589 625 Πάρθος
2633 544 2823 610 ἔθνος
2869 543 3017 610 (κυ-

437 654 616 740 θικὸν
662 651 723 716 οἱ
766 651 869 716 καὶ
911 651 1185 729 Πάρθιοι
1231 650 1334 714 καὶ
1375 649 1751 728 Παρθυαῖοι.
1840 648 1967 714 ἔςτι
2025 649 2095 713 δὲ
2139 648 2241 713 καὶ
2283 647 2546 727 Πάρθος
2599 647 2784 713 πόλις
2829 647 3019 711 Ἰλλυ-

438 754 593 834 ρική.
679 753 1171 831 Ἀπολλόδωρος
1225 750 1294 815 ἐν
1351 755 1669 830 χρονικῶν
1725 801 1921 814 .....
1982 750 2276 815 Κύνθος
2332 749 2487 829 ὄρος
2542 750 2804 832 Δήλου,
2862 750 3022 828 παρ’

438 855 789 939 Ἀντιμάχῳ
855 854 925 919 ἐν
991 853 1213 938 πρώτῃ
1270 852 1603 933 Θηβαΐδος.
1693 852 1900 918 οὕτως
1966 853 2036 917 δὲ
2104 851 2391 917 ἐκαλεῖτο
2458 853 2561 917 καὶ
2612 852 2835 930 Δῆλος
2890 850 3021 916 άπὸ

442 958 691 1023 Κύνθου
734 959 851 1020 τοῦ
895 954 1219 1021 Ὠκεανοῦ.
1266 956 1576 1021 Ξάνθος
1621 954 1809 1020 ἔθνος
1842 955 2136 1037 Θρᾴκιον.
2182 954 2506 1020 Ἑκαταῖος
2549 953 2837 1039 Εὐρώπῃ.
2896 953 3018 1018 ἔςτι
3049 962 3082 1011 5

438 1061 541 1124 καὶ
604 1058 791 1123 πόλις
846 1058 1089 1123 Λυκίας.
1156 1056 1481 1122 Ἑκαταῖος
1539 1057 1707 1142 Ἀςίᾳ
1765 1057 1969 1138 «παρ’
2021 1056 2060 1141 ᾖ
2117 1057 2374 1121 Ξάνθος
2431 1055 2618 1148 ἐξίηςι
2673 1055 3022 1136 ποταμός».

358 1188 367 1195 ·
439 1161 670 1239 ἐκλήθη
719 1163 789 1226 δὲ
833 1159 964 1225 ἀπὸ
1010 1160 1274 1225 Ξάνθου
1318 1159 1661 1249 Αἰγυπτίου
1714 1160 1754 1237 ἢ
1802 1159 2043 1238 Κρητὸς
2090 1158 2381 1258 οἰκιςτοί).
2448 1158 2576 1224 ἔςτι
2621 1159 2725 1223 καὶ
2769 1157 3025 1223 Ξάνθος

330 1320 336 1327 .
439 1263 626 1328 πόλις
672 1262 742 1328 ἐν
787 1262 1019 1346 Λέςβῳ.
1110 1260 1391 1326 (ίνθος
1435 1261 1622 1326 πόλις
1678 1261 1856 1340 παρὰ
1899 1267 1989 1346 τῷ
2036 1260 2348 1347 Θερμαίῳ.
2394 1260 2747 1340 Ἡρόδοτος
2791 1259 3028 1344 ἑβδόμῃ

439 1367 525 1448 (ο.
577 1363 745 1448 123).
832 1363 1110 1443 Ὄρθος
1155 1364 1231 1427 τὸ
1277 1363 1643 1442 μονογενές.
1716 1364 1792 1427 τὸ
1839 1363 1909 1427 δὲ
1954 1363 2235 1430 ξανθός
2279 1363 2382 1428 καὶ
2424 1363 2706 1427 τυτθός
2749 1363 2854 1426 καὶ
2897 1361 3027 1440 ὀρ-

442 1466 578 1532 θός
621 1469 893 1546 τριγενῆ.
3064 1472 3132 1523 10

610 1568 705 1633 Τὰ
757 1568 846 1633 εἰς
900 1552 1019 1633 θ-ὅῖ
1060 1567 1362 1649 διβράχεα
1404 1567 1862 1651 παροξύνεται,
1918 1567 1973 1633 εἰ
2026 1569 2108 1648 μὴ
2153 1567 2360 1633 τόπον
2413 1570 2705 1650 δηλοῖεν,
2749 1565 3027 1648 νόθος,

444 1671 724 1753 πόθος,
799 1669 1085 1753 ψόθος,
1160 1669 1400 1749 ῥόθος
1457 1668 1496 1733 6
1560 1670 1819 1753 ψόφος,
1880 1670 2149 1753 μόθος,
2227 1669 2476 1734 Κόθος
2531 1650 2742 1748 ὀνομα
2783 1667 3027 1750 κύριον,

446 1773 695 1855 λίθος,
750 1772 883 1836 πίθ
908 1790 1009 1836 ος.
1065 1771 1169 1836 καὶ
1209 1771 1453 1837 Πίθος
1501 1775 1699 1852 δῆμος
1754 1775 1869 1849 τῆς
1928 1772 2317 1851 Κεκροπίδος
2374 1774 2585 1852 φυλῆς
2642 1769 2773 1836 ἀπὸ
2820 1770 3029 1834 Πίθου

445 1875 620 1940 τινὸς
665 1875 704 1953 ἢ
759 1874 964 1938 πίθων
1010 1872 1232 1937 αὐτόθι
1275 1873 1653 1952 γινομένων.
1743 1874 1975 1941 ζύθος
2021 1873 2059 1939 6
2105 1875 2173 1939 ἐκ
2218 1877 2432 1954 κριθῆς
2477 1871 2678 1939 οἶνος.
2735 1871 3029 1949 γνύθος

444 1979 522 2041 τὸ
565 1979 791 2042 κοῖλον
834 1980 946 2055 τῆς
990 1976 1226 2055 πέτρας
1269 1976 1370 2040 καὶ
1413 1974 1452 2039 6
1498 1975 1743 2056 βόθρος.
1832 1978 1909 2041 τὸ
1953 1977 2168 2057 μέντοι
2214 1977 2447 2058 βυθός
2490 1974 2774 2041 τοπικόν.
3068 1981 3132 2032 15

616 2078 710 2144 Τὰ
764 2077 852 2144 εἰς
898 2061 1017 2143 θ-ἇῖ
1055 2077 1399 2159 διςύλλαβα
1440 2081 1692 2157 τριγενῆ
1737 2079 2238 2158 παραληγόμενα
2282 2078 2467 2160 φύςει
2512 2082 2718 2161 μακρᾷ
2760 2078 2800 2156 ἢ
2846 2077 3034 2159 θέςει,

449 2182 530 2260 μὴ
574 2181 1071 2261 προηγουμένου
1115 2184 1231 2245 τοῦ
1275 2183 1340 2263 ἒ,
1385 2179 1706 2263 ὀξύνεται,
1752 2178 2036 2263 άφθός,
2081 2181 2394 2264 τυτθός,
2439 2180 2759 2263 ξανθός,
2816 2178 3035 2243 αἰθός

449 2282 488 2347 6
532 2282 859 2362 διάπυρος.
904 2284 980 2348 τὸ
1013 2284 1084 2347 δὲ
1128 2285 1448 2347 λοῖςθος
1493 2281 1623 2362 ἔχει
1667 2283 1743 2346 τὸ
1788 2285 1839 2346 ἰ.
1888 2282 2289 2363 ςεςημείωται
2323 2284 2399 2348 τὸ
2443 2283 2804 2365 Πάρθος,
2847 2280 3035 2345 πόλις

448 2385 782 2468 Ἰλλυρίας,
831 2385 1079 2461 λέγεται
1124 2385 1228 2450 καὶ
1271 2382 1645 2466 ἀρςενικῶς,
1694 2384 1784 2449 ῶς
1827 2385 2187 2468 Πολύβιος,
2232 2386 2334 2450 καὶ
2376 2384 2453 2449 τὸ
2498 2384 2751 2449 ὄνθος.

620 2486 714 2551 Τὰ
768 2485 856 2552 εἰς
910 2474 1075 2551 ἱῖθος
1124 2489 1445 2565 μονογενῆ
1499 2485 1884 2568 τριςύλλαβα
1937 2486 2069 2552 ἀπὸ
2128 2487 2422 2567 βραχείας
2490 2485 2815 2565 ἀρχόμενα
2878 2505 3037 2564 προ-
3071 2493 3141 2544 20

451 2589 907 2670 παροξύνεται,
962 2587 1292 2670 ἄμαθος,
1361 2587 1754 2671 ψάμαθος,
1820 2589 2144 2671 κύαθος,
2210 2589 2589 2671 κάλαθος,
2656 2587 3036 2669 λάπαθος,

454 2690 785 2756 (κίαθος
830 2693 1022 2769 νῆςος
1068 2688 1361 2771 Εὐβοίας,
1411 2689 1817 2768 Κράπαθος
1863 2694 2055 2770 νῆςος
2099 2689 2367 2770 πληςίον
2412 2694 2523 2769 τῆς
2571 2690 2688 2755 Κῶ.
2755 2689 3039 2769 Ὅμηρος

452 2795 531 2875 (Β
574 2791 729 2875 676)
776 2792 1161 2872 «Κράπαθόν
1204 2812 1273 2856 τε
1322 2792 1527 2857 Κάςον
1571 2813 1641 2857 τε
1686 2794 1788 2857 καὶ
1836 2794 1975 2859 Κῶν
1991 2818 2039 2877 »,
2087 2794 2463 2873 Μάραθος
2507 2793 2696 2858 πόλις
2728 2792 3040 2875 Ἀραδίας,

456 2895 761 2975 ψίαθος.
850 2895 926 2959 τὸ
970 2894 1187 2975 μέντοι
1232 2892 1524 2971 ἀγαθός
1567 2896 1869 2974 τριγενές.
1958 2897 2033 2961 τὸ
2078 2897 2150 2961 δὲ
2205 2895 2548 2976 ὁρμαθός
2604 2896 2707 2960 καὶ
2749 2895 3039 2973 γυργα-

455 3002 493 3060 θ
506 2997 543 3062 ό
558 3018 589 3062 ς
635 2995 923 3063 ὀξύνεται
969 2995 1100 3061 ἀπὸ
1145 2998 1384 3077 μακρᾶς
1429 2994 1769 3077 ἀρχόμενα.
3077 3006 3143 3056 25

457 3171 495 3178 —-
526 3171 587 3178 —..-
612 3170 859 3178 -.--..-.—.-

613 3287 649 3338 l.
692 3290 717 3338 1
773 3285 1000 3353 Πάρθος
1043 3315 1110 3323 —-
1156 3284 1352 3340 (ίνθος
1407 3288 1518 3354 (ap.
1572 3288 1910 3340 Herodotum
1963 3286 2157 3342 (ίνδος
2211 3288 2417 3356 editur)
2473 3306 2539 3340 ex
2597 3289 2677 3340 St.
2723 3291 2787 3340 Β.
2845 3289 3043 3351 adieci,

458 3352 662 3419 ”Opfloc
698 3372 765 3406 cx
800 3357 866 3409 11.
904 3357 992 3407 Pr.
1028 3355 1073 3408 Ω
1108 3359 1225 3420 316,
1260 3358 1356 3407 ubi
1393 3362 1577 3407 tamen
1614 3373 1679 3407 ex
1729 3374 1939 3408 canone
1984 3359 2150 3409 aliter
2194 3364 2405 3409 statuto
2453 3359 2762 3422 berytonon
2805 3373 2926 3408 esse
2966 3357 3046 3406 di-

460 3426 643 3473 cituro
666 3423 738 3475 τὰ
776 3421 854 3475 είς
891 3427 952 3477 δί
989 3423 1237 3489 λήγοντα
1273 3423 1597 3488 διςύλλαβα,
1638 3425 1712 3489 μὴ
1750 3424 1954 3488 ἔχοντα
1981 3424 2511 3492 παραςχηματιςμόν
2537 3426 2786 3490 θηλυκοῠ
2823 3423 3042 3489 γένους,

460 3491 664 3554 ἔχοντα
711 3491 823 3555 πρὸ
868 3493 1068 3545 τέλους
1113 3493 1221 3557 τὴν
1267 3494 1335 3555 ὄρ
1380 3493 1660 3557 ςυλλαβὴν
1706 3491 1894 3544 πάντα
1942 3494 2264 3559 βαρύνεται,
2311 3493 2755 3557 ύπεςταλμένων
2798 3495 2921 3543 τῶν
2968 3491 3045 3544 εἰς

460 3565 561 3623 μσς
597 3559 926 3625 ληγόντων,
965 3559 1088 3612 οἷον
1126 3559 1352 3624 χόρτος,
1391 3560 1632 3626 φόρτος,
1671 3561 1865 3624 ὅρκος,
1905 3561 2108 3627 Ὄρθος
2144 3562 2214 3614 τό
2253 3561 2556 3626 μονογενές
2584 3562 2863 3626 (Eustath.
2889 3561 3048 3612 addit

459 3627 532 3693 ήν
568 3627 630 3678 δὲ
667 3626 822 3678 κύων
863 3628 1186 3694 Γηρυόνου),
1226 3627 1436 3692 πόρνος
1476 3630 1594 3681 κτλ.
1637 3630 1876 3695 Propter
1910 3630 2014 3680 hoc
2037 3630 2243 3695 Ὄρθος
2279 3636 2475 3696 postea
2511 3630 2702 3680 addidi
2736 3630 2828 3681 καὶ
2864 3628 3046 3693 ὀρθός.

461 3699 751 3747 Caeterum
788 3697 1160 3747 adnotandum
1197 3703 1284 3746 est
1326 3713 1618 3760 canonem,
1662 3699 1762 3748 sub
1811 3714 1971 3763 quem
2020 3699 2205 3762 μιςθός
2254 3699 2432 3763 cadit,
2478 3699 2757 3750 interiisse
2804 3698 2883 3749 sic
2930 3699 3046 3747 fere

463 3769 812 3829 conceptum
850 3765 920 3815 τὸ
959 3763 1144 3828 μιςθός
1182 3762 1293 3825 ἔχει
1329 3763 1401 3815 τὰ
1437 3765 1714 3829 ςύμφωνα
1750 3766 1886 3816 κατ’
1920 3764 2253 3832 ἐπιπλοκὴν.
2357 3767 2393 3819 l.
2435 3768 2494 3817 11
2535 3765 2911 3830 παροξύνεται
2951 3781 3048 3831 pro

462 3832 720 3884 ὀξύνεται
756 3834 955 3899 scripsi
991 3849 1106 3881 cum
1146 3831 1384 3882 Ellendt.
1432 3832 1537 3884 lex.
1580 3833 1835 3899 Sophocl.
1875 3850 1918 3885 s.
1955 3833 2110 3887 λίθος
2156 3842 2412 3886 monente
2447 3835 2665 3896 Iacchi,
2713 3834 2879 3899 ῥόθος
2917 3841 3045 3884 ante

462 3901 494 3951 6
547 3899 738 3964 ψόφος
794 3902 1003 3951 inserui
1046 3906 1301 3950 monente
1356 3900 1490 3951 Lob.
1538 3901 1625 3954 El.
1670 3901 1697 3952 1
1740 3903 1838 3952 441
1888 3908 2006 3957 not.
2049 3907 2108 3965 9,
2166 3902 2341 3955 Κόθος
2387 3931 2451 3938 ·-
2498 3902 2704 3966 γνύθος
2751 3903 2936 3967 recepi
2981 3917 3049 3952 ex

462 3969 709 4033 Theogn.
744 3971 835 4032 54,
888 3967 1065 4021 Πίθος
1111 3984 1177 4018 cx
1222 3966 1300 4017 St.
1340 3969 1401 4021 Β.
1439 3971 1562 4028 623,
1608 3972 1656 4020 5.
1744 3969 2037 4022 Caeterum
2083 3970 2259 4023 πόθος
2308 3979 2572 4037 gravatur
2615 3973 2684 4021 ab
2731 3970 3051 4022 Herodiano

462 4039 632 4086 etiam
669 4037 966 4090 secundnm
1003 4037 1145 4086 hunc
1181 4051 1443 4087 canonem
1478 4039 1542 4087 Ε.
1582 4037 1654 4088 Μ.
1693 4040 1820 4103 678,
1858 4042 1949 4090 39:
1997 4037 2070 4091 τὰ
2116 4037 2192 4091 εἰς
2229 4042 2294 4091 δί
2338 4038 2638 4102 διςύλλαβα
2683 4040 2768 4103 τῷ
2806 4041 2838 4088 ὃ
2876 4051 3050 4100 παρα-

465 4104 778 4169 ληγόμενα,
818 4108 1093 4156 ποιοῦντα
1119 4100 1362 4168 θηλυκά,
1401 4102 1696 4156 ὀξύνονται
1722 4107 1849 4168 (scr.
1874 4104 2184 4172 ὀξύνουςιν)
2211 4106 2358 4159 αὐτὰ
2393 4105 2517 4159 οἷον
2543 4105 2788 4171 ςτρόφος
2813 4103 3050 4170 (τροφή,

464 4172 636 4235 νόμος
673 4172 844 4238 νομή,
884 4172 1017 4238 ῥόος
1055 4170 1176 4237 ῥοή.
1245 4173 1427 4222 ταῦτα
1462 4171 1523 4244 όὲ
1560 4172 1991 4238 Ἡρωδιανὸς.
2054 4174 2086 4226 6
2124 4174 2289 4238 βυθός
2328 4181 2779 4226 commemoratur
2815 4176 2980 4223 ctiam
3019 4189 3052 4222 a

466 4243 549 4292 St.
586 4243 650 4293 B.
692 4246 805 4305 190,
846 4245 907 4294 17
945 4245 1001 4292 in
1037 4242 1159 4292 loco
1197 4238 1439 4304 alioquin
1478 4241 1636 4293 valde
1676 4242 1950 4292 mutilato.
2091 4242 2125 4292 l.
2153 4245 2216 4293 18
2252 4241 2481 4306 Πάρθος
2520 4243 2738 4309 explevi
2778 4257 2846 4291 ex
2883 4242 2964 4292 St.
2989 4239 3054 4291 B.

465 4313 582 4371 505,
624 4312 671 4370 1,
711 4314 986 4361 caeterum
1024 4305 1389 4374 ςεςημείωται
1426 4308 1852 4375 intellegendum
1892 4326 2013 4361 esse
2050 4309 2129 4362 ὡς
2154 4310 2313 4362 κοινὰ
2336 4314 2422 4376 τῷ
2448 4309 2598 4373 γένει
2623 4310 2765 4362 vidit
2793 4308 3054 4360 Schmidt.

464 4378 547 4427 Dc
585 4376 741 4429 αἰθός
779 4380 841 4428 Ε.
880 4379 952 4429 Μ.
991 4381 1075 4440 32,
1112 4381 1202 4428 30:
1240 4374 1426 4427 αἶθοςτ
1478 4373 1659 4428 ίςτέον
1697 4376 1785 4428 ὅτι
1821 4376 1982 4429 αῑθος
2028 4376 2176 4429 ἐςτὶν
2213 4378 2244 4429 ό
2281 4375 2463 4429 αἴθων
2500 4378 2652 4443 παρὰ
2696 4378 2766 4428 τὸ
2803 4374 2946 4428 αῐθω
2983 4375 3053 4426 τὸ

466 4443 625 4496 καίω.
695 4444 852 4498 αίθός
899 4445 960 4498 δὲ
1005 4445 1046 4497 ό·
1075 4443 1370 4507 αἰθόμενος
1407 4443 1697 4496 τουτέςτιν
1743 4445 1774 4496 6
1812 4445 2123 4509 καιόμενος.
2194 4445 2349 4497 οὕτω
2388 4444 2689 4498 Φιλόξενος
2737 4442 2815 4496 εἰς
2850 4444 2923 4496 τὰ
2960 4443 3054 4509 ῥη-

469 4513 671 4576 ματικὰ
706 4513 901 4566 αὐτοῦ.
1038 4514 1070 4565 l.
1110 4517 1173 4564 21
1211 4511 1423 4576 ἄμαθος
1460 4512 1650 4563 addidi
1688 4530 1755 4563 ex
1790 4513 1855 4564 ΙΙ.
1881 4516 1969 4566 Pr.
2009 4512 2048 4567 Β
2087 4516 2203 4576 676,
2239 4515 2361 4566 ubi:
2402 4512 2725 4579 Κράπαθονε
2764 4511 2844 4564 ὡς
2878 4510 3055 4563 λάπα-

468 4583 599 4646 θον,
655 4581 840 4634 οὕτως
900 4580 1213 4647 Κράπαθον.
1280 4580 1384 4659 κ-αὶ
1429 4581 1535 4645 γὰρ
1583 4580 1615 4632 6
1658 4583 1917 4634 τοιοῦτος
1970 4583 2255 4647 χαρακτὴρ
2308 4580 2525 4646 ὀφείλει
2580 4581 2909 4645 βαρύνεςθαι
2961 4578 3056 4630 ἐπὶ

470 4668 761 4734 θηλυκῶν,
808 4666 959 4730 λέγω
1005 4667 1066 4719 δὲ
1103 4666 1135 4718 6
1173 4664 1251 4718 είς
1288 4668 1385 4717 θος
1433 4664 1629 4730 λήγων
1675 4664 1818 4730 ὑπὲρ
1863 4666 1966 4719 δύο
2012 4665 2311 4730 ςυλλαβάς,
2357 4670 2443 4733 τῷ
2488 4669 2524 4717 ii
2569 4664 3055 4730 παραληγόμενος,

470 4735 699 4798 ἄμαθος,
737 4735 1012 4800 ψάμαθος.
1048 4764 1109 4770 -—
1150 4733 1384 4787 (κίαθος
1422 4734 1604 4784 adieci
1642 4750 1708 4784 cx
1745 4737 1822 4783 St.
1850 4735 1911 4785 B.
1949 4739 2065 4800 574,
2106 4739 2185 4798 11,
2224 4738 2391 4786 etiam
2430 4732 2750 4799 Κράπαθος,
2789 4732 3056 4797 Μάραθος

472 4803 631 4855 πόλις
674 4802 953 4868 Ἀραδίας,
990 4810 1054 4854 ut
1091 4820 1189 4869 pro
1228 4800 1593 4866 Ἀκαρνανίας
1631 4802 1947 4869 suspicatus
1993 4809 2080 4855 cst
2115 4806 2158 4855 1.
2195 4804 2525 4857 Gronovius.
2593 4801 2795 4867 ψίαθος
2840 4818 2908 4852 ex
2953 4802 3058 4867 Ep.

475 4888 561 4938 Cr.
598 4890 625 4938 1
659 4890 777 4953 445,
816 4892 866 4952 3,
904 4890 1023 4940 nbi:
1060 4888 1133 4940 τὰ
1170 4887 1246 4941 εἰς
1284 4874 1384 4941 ff}
1419 4885 1673 4953 λήγοντα
1715 4885 1786 4938 τό
1823 4889 1859 4938 ὃ
1896 4889 2336 4954 παραληγόμενα
2385 4886 2562 4940 ὁπότε
2607 4885 2752 4951 ὑπὲρ
2800 4886 2901 4940 δύο
2937 4886 3058 4937 ςυλ-

541 5005 916 5043 nnnouuuvn.
954 4991 998 5044 1.
2575 4970 2656 5036 10
