3664 5546
589 306 713 372 232
1519 304 1601 358 εκ
1638 303 1777 358 mn
1819 301 2226 358 ΗΡΩΔιΑΝογ

755 477 916 542 “Ocu
957 476 1273 564 ,npoeecnv
1338 477 1468 556 ἔχει
1530 476 1599 542 ἐν
1664 483 1756 563 τῇι
1807 474 2003 557 ἀρχῇ,
2065 474 2647 554 προπαροξύνεται,
2703 472 3157 555 περίβολος,

590 580 1100 661 Ὑπέρβολος,
1167 578 1646 662 ἀμφίβολος,
1711 578 2130 657 πρόβολος.
2217 576 2294 640 τὸ
2359 577 2431 640 δὲ
2495 575 2935 655 ἐπεςβόλος
2999 566 3157 654 πάρ-

591 682 880 749 οξύνεται
922 681 1053 747 ἀπὸ
1096 684 1214 746 τοῦ
1258 681 1473 746 ἔπεςι
1518 680 1790 761 βάλλειν.
1836 679 1939 743 καὶ
1964 678 2157 758 χωρὶς
2182 683 2313 743 τῶν
2344 676 2474 743 ἀπὸ
2504 677 2750 743 κλειτός
2780 679 2883 742 καὶ
2911 676 3159 760 κλυτός,

589 784 665 849 τὸ
719 785 842 864 γὰρ
896 783 1365 864 περικλυτός
1418 782 1743 863 ὀξύνεται,
1808 782 1910 846 καὶ
1972 781 2051 846 τὰ
2116 781 2292 860 παρὰ
2344 781 2420 846 τὸ
2476 779 2670 860 ἔργον
2727 779 3160 862 ὑπουργός,

530 886 983 965 5ςυνεργόα

758 1003 853 1069 Τὰ
894 1004 1070 1084 παρὰ
1111 1004 1186 1069 τὸ
1232 1004 1368 1085 βάλ
1383 1007 1547 1069 λειν
1594 1003 1860 1068 ςύνθετα
1914 1003 2016 1067 καὶ
2069 1002 2150 1081 μὴ
2194 1003 2369 1081 παρὰ
2423 1002 2720 1081 πρόθεςιν
2765 1002 3161 1078 παροξύνον-

591 1128 724 1189 ται,
768 1107 1194 1188 λιθοβόλος
1239 1106 1276 1170 ὁ
1322 1106 1580 1188 βάλλων
1626 1103 1872 1187 λίθους,
1933 1104 2358 1184 λιθόβολος
2402 1106 2474 1169 δὲ
2517 1103 2556 1169 ὁ
2601 1103 2729 1168 ὑπὸ
2775 1103 2968 1168 λίθων
3015 1107 3160 1184 βαλ-

594 1209 865 1289 λόμενος
878 1259 896 1290 ,
964 1209 1057 1274 ὼς
1118 1207 1294 1286 παρὰ
1358 1206 1655 1291 Εὐριπίδῃ
1721 1205 1791 1271 ἐν
1857 1204 2211 1272 Φοινίςςαις
2275 1205 2499 1288 (1069)
2572 1230 2598 1264 α
2615 1206 2957 1287 λιθόβολον
3021 1204 3162 1285 εἷμα

594 1310 979 1390 κατειργάςω
993 1334 1038 1374 ».
1125 1311 1201 1375 τὸ
1247 1311 1318 1373 δὲ
1361 1331 1407 1372 π
1423 1329 1459 1388 ρ
1471 1308 1508 1373 ό
1524 1315 1558 1389 β
1574 1329 1611 1373 ο
1625 1313 1660 1373 λ
1675 1329 1712 1373 ο
1728 1329 1759 1373 ς
1803 1308 1906 1373 καὶ
1949 1307 1990 1372 ἀ
2003 1330 2045 1387 μ
2059 1330 2109 1388 φ
2124 1308 2143 1372 ί
2163 1313 2248 1388 βο
2267 1311 2304 1372 λ
2318 1329 2355 1373 ο
2371 1329 2403 1373 ς
2446 1306 2579 1373 ἀπὸ
2623 1308 3005 1387 προθέςεων.

497 1439 560 1491 10
635 1436 641 1443 '
763 1428 857 1493 Τὰ
899 1429 1074 1507 παρὰ
1127 1429 1200 1493 τὸ
1255 1448 1354 1492 πο
1370 1430 1405 1493 λ
1421 1431 1474 1493 ῶ
1529 1427 1606 1492 τὸ
1662 1426 2134 1507 ἀναςτρέφομαι
2191 1427 2456 1492 ςύνθετα
2509 1429 2611 1492 καὶ
2665 1430 2745 1508 μὴ
2792 1427 2964 1505 παρὰ
3005 1427 3163 1507 πρόέ

595 1536 763 1595 θεςιν
793 1530 1295 1611 παροξύνονται,
1324 1528 1806 1611 ἱπποπόλος,
1841 1529 2371 1612 οἰωνοπόλος,
2404 1530 2911 1613 δικαςπόλος,
2957 1528 3164 1596 ὀνει-

596 1632 986 1714 ροπόλος,
1030 1632 1457 1713 θυηπόλος,
1502 1631 1988 1714 μυροπόλος,
2034 1630 2381 1696 αἰπόλος.
2442 1631 2518 1696 τὸ
2565 1632 2635 1697 δὲ
2679 1630 3164 1715 ἀμφίπολος,

596 1734 1003 1814 πρόπολος
1047 1734 1116 1799 ἐκ
1159 1734 1538 1814 προθέςεως.
1713 1738 1718 1741 ⁴

763 1852 858 1918 Τὰ
899 1853 1073 1933 παρὰ
1116 1854 1192 1918 τὸ
1238 1858 1496 1919 ςκοπῶ
1541 1853 1807 1919 ςύνθετα
1852 1855 1932 1934 μὴ
1965 1853 2033 1918 ἐκ
2068 1853 2430 1932 προθέςεως
2458 1853 2910 1937 παροξύνεται,
2955 1854 3165 1933 ὀρνι-

496 1967 561 2019 15
598 1955 1014 2035 θοςκόπος,
1069 1955 1630 2021 οἰωνοςκόπος.
1719 1956 1795 2020 τὸ
1853 1957 1924 2020 δὲ
1980 1955 2436 2037 ἐπίςκοπος,
2492 1955 2983 2022 κατάςκοπος
3038 1956 3167 2022 ἀπὸ

596 2057 962 2137 προθέςεων
1010 2056 1371 2136 «ὀτρυνέεις
1414 2057 1722 2137 Τρώεςςιν
1768 2058 2154 2123 ἐπίςκοπον»
2202 2054 2310 2141 (Il.
2348 2057 2393 2121 Κ
2420 2056 2554 2140 38).
2618 2057 2830 2123 Νικίας
2870 2057 3167 2137 ἀναςτρέ-

598 2180 707 2240 φει
760 2161 877 2239 τὴν
932 2158 1064 2242 ἐπί,
1114 2158 1212 2224 ἵν’
1264 2161 1303 2244 ᾖ
1359 2158 1463 2224 ἐπὶ
1517 2160 1845 2239 Τρώεςςιν.
1934 2159 2047 2224 εἰςὶ
2099 2160 2170 2223 δὲ
2228 2160 2293 2224 οἳ
2346 2157 2774 2235 ἀνεγνώκαςιν
2827 2159 3167 2226 ἐπιςκοπόν

601 2262 691 2326 ὡς
735 2259 1125 2345 ἀγακλυτόν,
1177 2262 1287 2327 ἵνα
1329 2261 1612 2345 παρέλκῃ
1666 2261 1705 2340 ἡ
1751 2260 1870 2326 ἐπί.
1957 2260 2222 2341 ἄμεινον
2272 2262 2344 2325 δὲ
2387 2267 2478 2345 τῷ
2523 2260 2903 2345 Ἀριςτάρχῳ
2949 2282 3169 2338 ςυγκα-

599 2364 972 2428 τατίθεςθαι·
1031 2363 1133 2428 καὶ
1187 2365 1310 2444 γὰρ
1362 2365 1482 2443 ἤδη
1536 2364 1575 2442 ἡ
1622 2364 1916 2443 ςυνήθεια
1976 2362 2294 2427 ἑπίςταται
2339 2363 2455 2441 τὴν
2511 2362 2810 2443 τοιαύτην
2866 2363 3168 2446 ςύνθεςιν,

498 2479 566 2530 20
602 2467 720 2545 χρὴ
777 2467 848 2530 δὲ
903 2469 1080 2531 νοεῖν
1138 2466 1235 2531 ὅτι
1288 2467 1496 2546 πολλὴ
1551 2467 1591 2545 ἡ
1648 2470 1860 2547 χρῆςις
1913 2469 2028 2529 τοῦ
2083 2464 2402 2545 ὀνόματος
2456 2466 2629 2545 παρὰ
2683 2472 2774 2549 τῷ
2825 2472 3054 2550 ποιητῇ
3100 2466 3170 2530 ἐν

599 2568 903 2646 ἁπλότητι
950 2569 1052 2632 καὶ
1095 2568 1164 2632 ἐν
1212 2568 1487 2634 ςυνθέςει
1534 2567 1853 2648 «δμωάων
1899 2566 2133 2632 ςκοπός
2178 2566 2341 2633 ἐςςι»
2389 2565 2544 2650 (Od.
2587 2588 2626 2647 χ
2655 2565 2808 2649 396)
2855 2568 2998 2632 «καὶ
3039 2568 3170 2632 ἐπί-

602 2690 837 2736 ςκοπος
880 2671 1017 2754 ῇςιν
1063 2669 1370 2749 ἑταίρων»
1416 2666 1572 2752 (od.
1617 2674 1654 2734 θ
1705 2668 1870 2752 163).

701 2846 730 2880 ὁ
770 2789 863 2853 Τὰ
909 2790 1082 2869 παρὰ
1125 2790 1200 2855 τό
1245 2812 1285 2870 μ
1298 2790 1338 2854 όι
1351 2811 1389 2869 χ
1402 2811 1439 2854 ο
1455 2811 1495 2869 μ
1507 2810 1581 2853 αι
1627 2790 1728 2854 καὶ
1771 2790 1852 2869 μὴ
1898 2790 2071 2868 παρὰ
2112 2790 2406 2869 πρόθεςιν
2447 2789 2867 2869 παροξύνεται
2881 2838 2900 2871 ,
2946 2793 2980 2854 λ
2996 2809 3027 2855 ε
3042 2775 3083 2854 o
3095 2811 3131 2854 ν
3148 2830 3171 2840 -

602 2892 980 2973 τομάχος,
1037 2913 1179 2971 μον
1198 2892 1496 2972 ομάχος
1550 2893 1742 2971 χωρὶς
1795 2895 1913 2955 τοῦ
1967 2891 2424 2973 ἀγχέμαχος.
2512 2892 2586 2957 τὸ
2644 2893 2715 2957 δὲ
2769 2891 3173 2971 πρόμαχος

501 3006 567 3059 25
603 2994 705 3077 καὶ
749 3015 780 3058 ς
794 2993 831 3057 ύ
847 3014 888 3072 μ
899 3015 940 3073 μ
952 3014 993 3058 α
1005 3014 1044 3073 χ
1057 3013 1095 3058 ο
1111 3014 1142 3059 ς
1186 2993 1253 3058 ἐκ
1296 2994 1681 3073 προθέςεων.

771 3113 901 3177 Ἔτι
942 3113 1022 3177 τὰ
1067 3114 1239 3193 παρὰ
1280 3113 1357 3178 τὸ
1402 3112 1443 3177 ἀ
1454 3134 1494 3190 γ
1508 3133 1545 3177 ο
1560 3133 1596 3192 ρ
1609 3117 1662 3178 ῶ
1707 3113 1862 3191 μετὰ
1906 3113 2266 3192 προθέςεως
2307 3114 2573 3178 ςύνθετα
2601 3113 3175 3194 προπαροξύνεται,

607 3214 1078 3299 ςυνήγορος,
1134 3214 1606 3298 κατήγορος,
1661 3215 2133 3295 παρήγορος.
2222 3215 2668 3296 δημηγόρος
2711 3217 2784 3282 δὲ
2825 3216 3173 3295 παροξύνε-

604 3336 724 3382 ται.
810 3317 889 3381 ού
933 3317 1056 3397 γὰρ
1101 3315 1232 3382 ἀπὸ
1276 3317 1656 3396 προθέςεως.

604 3523 784 3573 tentia
817 3527 1050 3573 accentu
1085 3521 1511 3573 discriminanda
1547 3523 1694 3573 iusto
1731 3523 1902 3573 latius
1938 3523 2189 3574 extendit
2232 3525 2440 3589 pariter
2481 3528 2647 3589 atque
2694 3522 3085 3588 grammaticus
3120 3524 3177 3573 in

604 3592 670 3641 E.
713 3590 786 3640 M.
832 3593 958 3652 313,
1011 3595 1094 3653 11,
1141 3592 1235 3655 qui
1279 3589 1623 3644 ςακέςπαλος
1679 3595 1734 3641 et
1778 3589 2120 3644 ςακεςπάλος
2175 3592 2522 3644 scribendum
2568 3592 2837 3657 praecipit
2880 3591 3177 3644 secundum

606 3674 867 3709 canonem
904 3673 1081 3709 suum:
1129 3657 1200 3710 τὰ
1243 3657 1322 3711 εἰς
1357 3663 1426 3712 ος·
1462 3658 1699 3711 ςύνθετα
1745 3656 1822 3711 εἰς
1868 3658 2152 3724 ἐνέργειαν
2198 3660 2285 3711 καί
2332 3657 2411 3712 εἰς
2456 3657 2634 3712 πάθος
2678 3657 3035 3722 ἀναλυόμενα
3080 3658 3179 3711 δύο

604 3725 808 3778 τόνους
846 3724 1211 3790 ἐπιδέχονται.
1294 3728 1529 3794 Propius
1564 3727 1636 3778 ad
1671 3727 1965 3778 Arcadium
2002 3728 2217 3779 accedit
2252 3744 2428 3793 neque
2464 3734 2649 3778 tamen
2686 3729 2902 3778 omnino
2940 3728 3181 3779 concinit

605 3800 956 3861 praeceptum
990 3795 1047 3844 in
1082 3795 1184 3860 Ep.
1210 3795 1299 3846 Cr.
1337 3797 1362 3846 1
1396 3799 1480 3858 90,
1522 3798 1583 3846 14
1618 3793 1805 3846 πάντα
1839 3794 1913 3847 τὰ
1948 3795 2099 3861 παρὰ
2132 3796 2203 3848 τὸ
2237 3795 2398 3862 φὲρω
2435 3795 2806 3860 παροξύνεται
2842 3793 2967 3847 οἷον
3002 3795 3179 3861 φόρος

609 3860 990 3928 βουληφόρος,
1030 3859 1080 3914 εἰ
1117 3862 1189 3926 μὴ
1235 3862 1341 3928 ἄρα
1378 3863 1557 3915 τύπος
1602 3863 1796 3929 κωλύῃ
1844 3863 1933 3917 διὰ
1974 3867 2079 3916 τοῦ
2126 3863 2189 3916 εὖ
2227 3862 2422 3930 μορίου
2468 3865 2559 3916 καὶ
2602 3866 2705 3930 τῆς
2749 3863 2812 3915 ἐν
2860 3862 3178 3929 προθέςεως

608 3931 698 3982 καί
733 3932 836 3995 τῆς
871 3932 908 3981 ἂ
944 3944 1073 3996 ςτερ
1114 3945 1254 3984 ςεως
1291 3930 1533 3996 εὔφορος
1569 3932 1893 3997 πρόςφορος
1928 3930 2156 3997 ἄφορος.
2270 3934 2305 3983 l.
2327 3937 2361 3984 4
2395 3932 2501 3997 γὰρ
2539 3932 2740 3998 scripsi
2773 3947 2892 3983 cum
2919 3931 3179 3984 Schmidt.

610 4016 707 4066 pro
742 3997 830 4062 δέ,
870 3998 970 4050 sed
1005 4013 1081 4065 πρ
1119 3999 1322 4052 κλυτος
1360 4000 1453 4050 hic
1491 4004 1897 4052 commemorari
1934 4017 2043 4050 non
2079 4016 2304 4054 necesse
2331 4002 2467 4065 fuit,
2505 4017 2669 4067 quum
2694 4006 2959 4052 accentus
2984 4001 3181 4051 canoni

607 4068 697 4118 hic
732 4072 944 4119 statuto
989 4068 1301 4118 conveniat.
1340 4094 1408 4104 —
1449 4069 1784 4132 Discrimen,
1837 4069 1983 4133 quod
2030 4070 2344 4121 Ammonius
2381 4087 2441 4135 -ρ,
2481 4072 2572 4121 131
2623 4074 2680 4119 et
2722 4068 2912 4119 Thom.
2958 4067 3179 4133 Magist.

609 4153 650 4185 s.
688 4152 740 4185 v.
781 4139 1059 4185 statuunt:
1097 4134 1359 4201 ςυνεργός
1397 4134 1683 4189 ὀξυτόνως
1719 4136 1753 4188 ό
1799 4136 1926 4201 περὶ
1960 4135 2031 4187 τὸ
2077 4135 2244 4202 ἔργον
2281 4138 2597 4200 ςυμποιῶν,
2645 4136 2908 4201 ςύνεργος
2950 4134 3012 4187 δὲ
3047 4149 3181 4200 προ·

608 4202 1010 4268 παροξυτόνως
1048 4203 1082 4255 ό
1115 4203 1185 4255 τὸ
1231 4203 1374 4256 αὐτὸ
1423 4203 1632 4268 μετιὼν
1676 4203 1851 4256 οἱονεὶ
1894 4203 2194 4269 ςύντεχνος
2238 4232 2305 4242 -
2349 4206 2665 4258 Herodiano
2718 4205 2965 4271 ignotum
3010 4204 3182 4254 fuisse

608 4271 847 4323 videtur.
1021 4272 1055 4322 1.
1091 4273 1122 4321 6
1167 4289 1344 4323 canon
1379 4277 1560 4324 exstat
1595 4272 1763 4323 etiam
1806 4273 1866 4323 in
1899 4274 2003 4338 Ep.
2041 4273 2130 4324 Cr.
2165 4274 2194 4324 1
2232 4276 2355 4334 137,
2396 4277 2484 4334 11,
2532 4275 2593 4327 Ε.
2630 4274 2703 4324 Μ.
2740 4275 2867 4336 355,
2905 4276 2963 4336 3,
3010 4273 3181 4323 verba

606 4339 912 4405 Euripiden
948 4338 1135 4390 addidi
1167 4356 1232 4390 ex
1268 4340 1332 4393 11.
1368 4343 1458 4391 Pr.
1501 4338 1534 4392 Γ
1568 4343 1685 4392 354.
1791 4339 1826 4390 1.
1865 4343 1924 4391 11
1961 4343 2062 4408 Ep.
2089 4342 2181 4391 Cr.
2206 4343 2233 4392 Ι
2273 4344 2385 4404 108,
2424 4344 2483 4392 11
2520 4340 2880 4393 δικαςπόλος;
2919 4339 2992 4392 τὰ
3030 4338 3183 4403 παρὰ

524 4469 530 4476 .
607 4406 677 4458 τὸ
716 4406 876 4459 πέλω
912 4404 1241 4470 ςυγκείμενα
1275 4406 1555 4471 ὀνόματα,
1593 4405 1642 4458 εἰ
1679 4407 1780 4472 μὲν
1816 4406 1957 4472 μετὰ
1991 4412 2297 4461 πτωτικοῑς
2322 4410 2650 4474 ςυντεθῶςι,
2688 4409 2801 4475 πρὸ
2839 4410 2962 4471 μιᾶς
3000 4407 3180 4470 ἔχουςι

609 4474 714 4527 τὸν
758 4473 931 4527 τόνον
975 4472 1098 4527 οἷον
1144 4473 1491 4539 ἱπποπόλος,
1539 4475 1894 4529 δικαςπόλος·
1951 4474 2000 4529 εἰ
2042 4476 2103 4529 δὲ
2158 4476 2297 4541 μετὰ
2341 4475 2639 4541 ἀπτώτου,
2697 4474 3182 4542 προπαροξύνεται

609 4540 734 4595 οἷον
771 4541 1089 4608 πρόπολος,
1126 4540 1461 4607 ἀμφίπολος.
1530 4546 1594 4595 Ε.
1618 4546 1694 4595 Μ.
1728 4547 1809 4608 37,
1850 4549 1939 4596 50:
1977 4544 2049 4597 τὰ
2084 4544 2234 4611 παρὰ
2268 4543 2338 4594 τὸ
2375 4544 2538 4596 πολῶ
2576 4545 2649 4609 μὴ
2688 4544 2829 4607 μετὰ
2864 4541 3183 4609 προθέςεως

612 4610 949 4663 ςυντεθὲντα
1001 4610 1114 4676 πρὸ
1170 4613 1292 4674 μιᾶς
1346 4611 1458 4677 ἔχει
1501 4612 1607 4663 τὸν
1652 4611 1823 4663 τόνον
1868 4610 1993 4665 οἷον
2037 4611 2431 4678 ὀνειροπόλος,
2479 4611 2791 4678 θυηπόλος,
2844 4609 3181 4676 μυροπόλος,

612 4675 869 4731 αἰπόλος·
906 4678 1227 4743 πρόςκειται
1264 4679 1339 4743 μὴ
1378 4679 1518 4744 μετὰ
1554 4679 1873 4745 προθέςεως
1909 4677 1996 4732 διὰ
2030 4681 2100 4733 τὸ
2125 4678 2471 4745 πρόςπολος,
2509 4679 2830 4746 ἀμφίπολος
2868 4681 2940 4731 ef.
2976 4680 3062 4741 93,
3094 4681 3181 4731 38.

612 4748 696 4798 Ex
733 4748 819 4797 his
854 4747 992 4798 locis
1029 4746 1218 4797 addidi
1253 4747 1584 4800 δικαςπόλος
1620 4771 1686 4784 -
1719 4747 1956 4801 αἰπόλος
2002 4755 2059 4800 et
2094 4746 2398 4813 πρόπολος.
2570 4749 2605 4799 1.
2645 4752 2707 4800 16
2743 4751 2912 4800 verba
2946 4747 3073 4799 inde
3112 4748 3183 4799 ab

616 4813 897 4880 ὀτρυνέεις
932 4830 1107 4882 usque
1145 4816 1216 4867 ad
1251 4815 1410 4867 finem
1447 4816 1637 4868 addidi
1673 4833 1740 4868 ex
1773 4817 1836 4871 11.
1873 4818 1966 4869 Pr.
2002 4816 2040 4869 Κ
2079 4820 2161 4870 38.
