3664 5546
482 1760 535 1801 l

570 956 603 1005 5

652 368 735 433 98
1144 421 1159 433 ,
1585 365 1667 422 ΕΚ
1705 368 1846 422 ΤΩΝ
1889 367 2298 423 ΗΡΩΔΙΑΝΟΥ

650 539 720 603 ἐν
776 537 1145 617 Ἡρακλείας
1200 539 1519 624 ἑνδεκάτῃ.
1589 540 1811 620 ἐμπίς
1857 538 2035 605 εἶδος
2075 540 2408 605 κώνωπος.
2496 540 2574 602 τὸ
2618 540 2687 603 δὲ
2739 538 3024 611 Ἄλπις,
3054 537 3244 617 βαρύν

647 661 842 705 νεται.

816 763 877 798 ιι·
902 744 1031 808 Ἔτι
1076 745 1155 809 τὰ
1198 743 1287 808 εἰς
1332 747 1437 807 τ’τιὶ
1482 744 1993 825 ὑπερδιςύλλαβα
2037 745 2199 808 θέςει
2255 746 2461 826 μακρᾷ
2510 743 3009 822 παραληγόμενα
3053 741 3242 822 βαρύ-

647 866 821 910 νεται
867 844 1013 910 οἷον
1056 846 1332 911 ἴαςπις.

817 969 854 1004 κ
904 948 998 1013 Τὰ
1043 948 1130 1013 εἰς
1173 949 1327 1011 ffic‘
1370 949 1821 1030 πολυςύλλαβα
1867 948 2190 1030 ὀξύνεται,
2248 947 2480 1013 Ἰαπίς
2535 946 2824 1025 χαράδρα
2869 947 3106 1027 Ἀττικὴ
3151 945 3242 1010 εἰς

648 1050 918 1128 Μέγαρα
987 1049 1323 1126 ἀπάγουςα
1392 1052 1482 1116 ώς
1552 1052 1946 1131 Καλλίμαχος
2012 1051 2252 1134 Ἑκάλῃ.
2346 1050 2693 1131 Πριαπίς
2760 1049 2955 1128 χώρα.
3026 1049 3100 1113 τὸ
3167 1049 3240 1113 δέ

648 1150 991 1230 (άραπις
1033 1154 1228 1228 νῆςος
1274 1152 1344 1217 ἐν
1391 1153 1626 1238 Ἰνδικῷ
1669 1154 1893 1234 κόλπῳ
1940 1153 2291 1233 βαρύνεται.
3246 1135 3264 1172 ’·

815 1253 910 1318 Τὰ
954 1254 1057 1318 διὰ
1098 1258 1217 1320 τοῦ
1261 1256 1412 1320 {fit—1?
1456 1256 1913 1335 πολυςύλλαβα
1967 1257 2047 1334 μὴ
2105 1254 2365 1319 ἔννοιαν
2412 1254 2648 1333 ἔχοντα
2703 1254 3050 1319 ςυνθέςεως
3094 1252 3238 1319 ὀξύ-

645 1375 852 1439 νεται,
902 1356 1291 1434 Κεκροπίς
1336 1358 1526 1437 φυλή.
1603 1358 1728 1423 ἔςτι
1786 1359 1889 1422 καὶ
1943 1358 2124 1436 χώρα
2168 1356 2446 1438 Θρᾴκης·
2512 1356 2638 1451 ἔςτι
2697 1358 2798 1421 καὶ
2843 1359 3043 1435 δῆμος
3086 1357 3239 1421 Θες-

549 1464 612 1516 10
649 1457 998 1535 ςαλονίκης.
1087 1458 1479 1541 Δρυοπίς,
1525 1460 1902 1525 Αἰθιοπίς.
1968 1458 2303 1537 Εὐριπίδης
2348 1458 2418 1523 ἐν
2467 1458 2789 1542 Ἀρχελάῳ
2837 1459 3240 1525 «Αἰθιοπίδος

644 1562 761 1637 γῆς
807 1559 977 1638 ἡνίκ’
1021 1559 1100 1623 ἂν
1145 1567 1300 1645 τακῇ
1346 1562 1563 1640 χιών».
1613 1562 1983 1640 Μεροπίς.
2053 1561 2259 1626 οὕτως
2305 1560 2593 1625 ἐκαλεῖτο
2638 1562 2677 1638 ἡ
2714 1561 2848 1625 Κῶς
2877 1561 3063 1626 πόλις
3106 1560 3237 1625 ἀπὸ

644 1664 958 1739 γηγενοῦς
985 1661 1307 1739 Μέροπος.
1342 1663 1570 1729 Ἰοπίς
1601 1664 1775 1742 παρὰ
1802 1664 2055 1741 Χάρακι.
2086 1665 2161 1727 τὸ
2195 1663 2541 1743 φύλοπις
2573 1664 2644 1727 δὲ
2667 1663 3238 1742 προπαροξύνεται.

818 1788 855 1823 -κ
900 1761 993 1827 Τὰ
1051 1765 1155 1828 διὰ
1210 1769 1328 1828 τοῦ
1383 1766 1552 1829 W
1608 1766 2065 1845 πολυςύλλαβα
2130 1764 2451 1845 ὀξύνεται,
2500 1763 2861 1848 (ινωπίς,
2917 1765 3236 1844 Προςω-

643 1865 768 1930 πίς
812 1864 999 1929 πόλις
1041 1866 1379 1942 Αἰγύπτου.
1453 1867 1702 1943 λέγεται
1747 1870 1851 1933 καὶ
1878 1868 2300 1945 Προςωπῑτις.
2376 1866 2623 1931 Ἰωπίς
2667 1867 2994 1945 Λακωνικὴ
3041 1870 3238 1946 χώρα.

549 1973 606 2024 15
646 1966 965 2031 Ἀςωπίς
1013 1968 1328 2046 Κερκύρας
1374 1971 1590 2050 μήτηρ.
1682 1970 2031 2035 Ἀςωπίδας
2078 1971 2149 2033 δὲ
2193 1968 2354 2033 ἔνιοι
2399 1969 2513 2033 τὰς
2560 1969 2772 2049 Θήβας
2819 1969 3026 2049 φαςίν.

812 2068 905 2133 Τὰ
950 2069 1039 2133 εἰς
1084 2073 1185 2147 pff
1244 2071 1590 2152 διςύλλαβα
1644 2071 2094 2151 ύποκοριςτικὰ
2149 2071 2188 2148 ἢ
2242 2073 2728 2149 πατρωνυμικῆς
2787 2070 3039 2135 ἐννοίας
3095 2071 3238 2149 ἐχό-

644 2189 804 2249 μενα
849 2169 1169 2254 ὀξύνεται,
1215 2172 1543 2252 Τευκρίς
1587 2173 1626 2250 ἡ
1673 2173 1900 2254 Τροία,
1947 2173 2209 2250 Δωρίς
2265 2172 2305 2249 ἡ
2364 2174 2510 2251 περὶ
2553 2173 2668 2237 τὸν
2713 2173 3093 2251 Παρναςςὸν
3137 2176 3243 2239 καὶ

641 2272 679 2348 ἡ
750 2271 1016 2351 ὕςτερον
1071 2273 1455 2359 Ἱςτιαιῶτις,
1523 2274 1600 2353 ἦς
1656 2276 1957 2356 μέμνηται
2017 2274 2227 2352 Χάραξ
2290 2274 2361 2338 ἐν
2424 2274 2476 2341 ζ’
2534 2279 2685 2359 τῇδε
2751 2275 3026 2355 γράφων
3093 2277 3242 2353 περὶ

646 2373 968 2439 Θεςςαλοῦ
1012 2380 1129 2456 τοῦ
1159 2376 1395 2441 Αἰάτου
1437 2381 1556 2441 τοῦ
1587 2379 1962 2455 νικήςαντος
2012 2377 2082 2440 ἐν
2127 2377 2325 2459 Ἄρνῃ
2357 2377 2682 2442 Βοιωτούς
2716 2376 2784 2441 «ὁ
2817 2379 2887 2442 δὲ
2920 2377 3238 2442 Θεςςαλός

542 2483 613 2534 20
650 2476 803 2540 οὐδὲ
848 2477 964 2554 τὴν
1011 2476 1318 2556 τετάρτην
1377 2481 1607 2557 μοῖραν
1664 2483 1776 2557 τῆς
1834 2478 2196 2556 ἐπωνυμίας
2253 2479 2627 2561 μετέβαλεν,
2684 2478 2836 2543 ἀλλ’
2882 2479 3238 2544 Ἱςτιαιῶτιν

644 2577 841 2655 αὐτὴν
902 2578 993 2642 ὡς
1050 2581 1199 2657 πρὶν
1258 2583 1579 2644 καλεῑςθαι
1636 2579 1860 2645 ε’ίαςε.ῐ
1911 2583 2107 2644 κεῖται
2163 2582 2233 2645 δὲ
2289 2576 2468 2658 πρὸς
2510 2585 2762 2660 δυςμῶν
2817 2585 2929 2660 τῆς
2972 2581 3236 2646 Πίνδου.

642 2680 879 2758 Δῶρος
926 2681 997 2743 δὲ
1042 2680 1241 2759 αὐτὴν
1287 2681 1324 2745 ὁ
1370 2682 1683 2761 Ἕλληνος
1728 2683 1965 2761 εἰλήχει
2009 2683 2089 2746 τὰ
2132 2686 2358 2761 πρῶτα
2413 2683 2515 2745 καὶ
2558 2682 2777 2760 Δωρὶς
2823 2682 2945 2747 ἀπ’
2988 2683 3235 2746 ἐκείνου

643 2782 932 2847 ἐκαλεῖτο
978 2783 1319 2868 πρότερον,
1366 2784 1631 2863 ὕςτερον
1678 2786 1749 2849 δὲ
1780 2785 2132 2850 Ἱςτιαιῶτις
2164 2784 2673 2865 μετωνομάςθη».
2740 2786 3013 2864 Νευρίς
3057 2787 3238 2864 χώρα

644 2884 1005 2964 (αρματίας.
1105 2887 1422 2970 πατρίς,
1476 2887 1756 2970 χειρίς,
1813 2888 2036 2966 καρίς
2095 2887 2270 2965 παρὰ
2322 2888 2398 2950 τὸ
2457 2887 2615 2966 κάρη
2672 2888 2775 2951 καὶ
2823 2888 3049 2965 Καρίς
3104 2886 3235 2952 ἀπὸ

542 2997 608 3046 25
644 2991 756 3065 τῆς
806 2987 1008 3065 Καρός
1051 2991 1319 3065 γενικῆς.
1413 2988 1597 3066 Καρίς
1643 2990 1713 3052 δὲ
1758 2990 2017 3065 ἐλέγετο
2074 2989 2113 3066 ἡ
2164 2990 2331 3070 Κῶς,
2390 2989 2480 3054 ὡς
2524 2989 2906 3054 Ἑλλάνικος.
2963 2989 3118 3090 ,ἔςτι
3164 2991 3235 3053 δὲ

643 3090 746 3152 καὶ
787 3088 1065 3167 Φρυγίας
1109 3090 1297 3154 πόλις
1346 3090 1531 3169 Καρίς
1576 3091 1677 3154 καὶ
1726 3091 2000 3169 Καρίδες.
2637 3173 2644 3180 ·

813 3215 852 3250 ει
897 3192 996 3255 T&
1033 3190 1120 3256 εἰς
1165 3195 1262 3270 ρις
1319 3192 1660 3276 διςύλλαβα
1715 3193 1810 3256 ἑνὶ
1866 3193 2191 3271 φωνήεντι
2246 3192 2286 3270 ἢ
2348 3193 2682 3277 διφθόγγῳ
2738 3194 3235 3273 παραληγόμενα

642 3348 757 3356 --—-—

647 3460 804 3509 μενα.
841 3475 905 3483 --
945 3446 1108 3511 ἐμπίς
1158 3446 1377 3513 explevi
1416 3463 1483 3497 ex
1519 3449 1584 3497 Ε.
1622 3450 1695 3499 Μ.
1736 3449 1858 3511 157,
1895 3450 1977 3500 22.
2058 3451 2289 3500 Praeter
2333 3449 2480 3501 locos
2526 3451 2632 3500 iam
2680 3451 2882 3500 citatos
2925 3450 3012 3500 hic
3056 3467 3234 3500 canon

642 3515 896 3565 similiter
939 3523 1236 3582 conceptus
1281 3518 1517 3566 occurrit
1558 3517 1619 3566 in
1654 3517 1758 3582 Ep.
1795 3518 1952 3567 Hom.
1991 3521 2083 3581 31,
2126 3521 2216 3582 14,
2265 3517 2457 3568 Choor.
2501 3519 2602 3583 Ep.
2650 3519 2708 3568 in
2743 3518 2945 3569 Psalm.
2988 3522 3108 3578 150,
3147 3521 3231 3576 29,

642 3585 742 3633 An.
780 3585 882 3635 Ox,
920 3585 975 3634 11
1013 3587 1128 3646 342,
1170 3587 1250 3634 19.
1301 3586 1411 3634 Hie
1448 3585 1514 3634 de
1555 3584 1837 3635 declinata
1873 3586 2148 3636 nominum
2173 3602 2308 3652 puro
2346 3587 2430 3636 vel
2467 3587 2679 3651 impuro
2715 3602 3019 3637 sermonem
3058 3588 3232 3637 fuisse

641 3652 879 3701 innuunt
916 3652 1106 3703 Choer.
1144 3655 1261 3716 353,
1300 3656 1385 3716 20,
1423 3654 1485 3702 Ε.
1528 3654 1601 3702 M.
1640 3654 1757 3716 676,
1794 3656 1879 3705 32.
2017 3654 2053 3707 l.
2091 3658 2123 3704 3
2159 3654 2304 3704 hunc
2343 3670 2606 3704 canonem
2646 3656 2753 3704 feci
2790 3660 3014 3720 propter
3049 3652 3232 3706 ἴαςπις

642 3737 731 3785 ap.
770 3720 1013 3785 Theogn.
1050 3722 1132 3783 47,
1174 3724 1253 3772 14.
1393 3721 1424 3771 1.
1461 3723 1493 3771 5
1529 3737 1706 3772 canon
1740 3737 1807 3771 ex
1847 3723 1925 3773 St.
1967 3724 2027 3772 B.
2068 3724 2406 3773 constitutus
2443 3728 2544 3773 est.
2687 3723 2722 3772 l.
2761 3727 2792 3774 9
2832 3721 3101 3787 Κεκροπίς
3140 3740 3232 3773 ex-

642 3788 792 3853 plevi
830 3805 896 3838 ex
936 3793 1015 3840 st.
1060 3790 1119 3838 Β.
1159 3791 1253 3853 qui
1290 3789 1458 3838 etiam
1495 3786 1747 3853 Δρυοπίς
1784 3789 1980 3854 habet,
2021 3787 2272 3842 Αἰθιοπίς
2311 3790 2525 3856 explevi
2566 3807 2633 3840 ex
2673 3793 2753 3841 St.
2783 3793 2845 3842 B.
2895 3788 3149 3855 Μεροπίς
3176 3796 3233 3840 et

643 3853 806 3907 Ἰοπίς
844 3873 911 3906 ex
949 3856 1139 3907 eodem
1177 3856 1371 3906 adieci.
1520 3857 1554 3905 l.
1596 3861 1655 3907 13
1694 3873 1958 3908 canonem
1995 3858 2126 3907 finxi
2160 3874 2225 3907 ex
2263 3862 2342 3908 st.
2381 3861 2470 3923 13„
2510 3858 2654 3923 apud
2693 3874 2850 3922 quem
2891 3858 3071 3910 Ἰωπίς
3108 3858 3230 3910 ὀξυ-

638 3922 825 3975 τόνως
862 3924 1159 3989 Λακωνικὴ
1198 3922 1371 3989 χώρα.
1443 3923 1784 3988 Ἡρωδιανὸς
1819 3925 2082 3992 τετάρτῃ.
2267 3927 2306 3976 l.
2345 3928 2408 3976 16
2445 3929 2882 3992 πατρωνυμικῆς
2920 3928 3109 3978 addidi
3146 3945 3231 3978 se-

640 3999 802 4042 cutus
838 3994 1034 4043 Arcad.
1070 3997 1153 4055 29,
1198 3997 1240 4041 1.
1314 3991 1547 4056 Τευκρίς
1583 3994 1804 4058 explevi
1843 4011 1909 4043 ex
1948 3999 2029 4047 St.
2067 3998 2157 4057 13„
2206 4010 2272 4045 ex
2320 4011 2425 4059 quo
2475 3997 2659 4045 omnia
2701 4011 2874 4059 usque
2923 3997 2993 4046 ad
3033 3993 3230 4059 Νευρίς

638 4064 898 4127 apposui3
938 4058 1139 4125 πατρίς
1180 4061 1215 4112 l.
1252 4063 1318 4110 24
1354 4062 1594 4112 accessit
1632 4079 1698 4111 ex
1736 4065 1813 4111 St.
1853 4065 1913 4111 B.
1949 4065 2076 4123 512,
2117 4066 2198 4112 20.
2271 4061 2424 4126 καρίς
2462 4080 2530 4113 ex
2566 4064 2754 4115 Diehr.
2794 4067 2918 4122 299,
2960 4067 3020 4113 12
3059 4079 3230 4130 appo—

639 4131 765 4178 sitis
809 4131 995 4180 verbis
1032 4126 1186 4192 παρὰ
1220 4126 1288 4180 τὸ
1325 4125 1466 4194 ἰςάρη
1505 4136 1729 4195 propter
1766 4146 2006 4194 sequens
2046 4128 2237 4195 Καρίς,
2286 4131 2428 4195 quod
2468 4137 2554 4181 est
2593 4149 2676 4181 ex¹
2699 4132 2778 4182 St.
2816 4132 2875 4182 B.
3091 4132 3126 4182 l.
3165 4135 3228 4182 27

638 4197 783 4247 hunc
821 4213 1082 4247 canonem
1120 4197 1251 4246 finxi
1288 4213 1355 4246 ex
1392 4198 1813 4263 orthographico
1858 4199 1915 4247 in
1955 4201 2016 4248 E.
2056 4201 2131 4248 Μ.
2165 4200 2292 4257 476,
2331 4201 2397 4248 46
2442 4198 2515 4249 τὰ
2559 4197 2637 4252 εἰς
2673 4202 2758 4262 §ff
2795 4199 3011 4264 θηλυκὰ
3055 4198 3227 4264 ῥημα·

637 4264 763 4316 τικὰ
798 4264 1097 4327 διςύλλαβα
1134 4264 1414 4329 βαρύτονα
1452 4265 1534 4316 ἑνὶ
1571 4265 1864 4332 φωνήεντι
1902 4265 2051 4317 θέλει
2078 4265 2491 4330 παραλήγεςθαι
2518 4264 2643 4318 οἶον
2668 4267 2843 4334 χαίρω
2881 4266 3053 4331 χάρις,
3093 4266 3227 4330 εἴρω

638 4332 749 4397 έρις
796 4334 885 4385 καί
922 4333 1077 4397 Ἶρις,
1115 4330 1254 4384 δαίω
1291 4334 1472 4398 δῆρις,
1510 4332 1579 4385 τὸ
1617 4333 1677 4385 δέ
1714 4333 1929 4399 κουρίς,
1979 4332 2010 4384 ὃ
2056 4331 2307 4398 ςημαίνει
2353 4334 2422 4385 τὸ
2468 4334 2759 4398 ἐργαλεῖον
2804 4339 2907 4386 τοῦ
2958 4336 3227 4401 κουρέως,

638 4400 909 4454 ὀξύνεται.
957 4400 1027 4452 τό
1063 4400 1124 4452 δέ
1160 4400 1345 4465 Χαῖρις
1382 4400 1633 4465 Χαίριδος
1673 4402 1852 4464 ὄνομα
1891 4401 2084 4465 κύριον
2121 4401 2412 4466 ἀρςενικόν
2450 4402 2575 4454 ἐςτι.
2635 4404 2704 4455 τὸ
2743 4407 2932 4468 θοῦρις
2968 4403 3084 4455 ἀπὸ
3120 4407 3224 4455 τοῦ

637 4472 841 4535 θοῦρος
876 4466 1117 4532 γίνεται,
1157 4472 1251 4533 qui
1286 4470 1438 4520 loeus
1484 4487 1549 4520 ex
1587 4471 1782 4521 Choer.
1822 4472 1975 4520 Orth.
2017 4474 2141 4532 221,
2181 4474 2211 4521 7
2261 4471 2636 4537 depromptus,
2686 4475 2783 4524 sed
2819 4479 2883 4522 ut
2927 4473 3085 4523 multi
3129 4474 3227 4523 alii

636 4538 800 4588 huius
840 4539 966 4590 libri
1004 4539 1198 4589 melius
1236 4543 1484 4588 servatus
1521 4545 1622 4588 est.
1694 4542 1830 4602 κῑρις
1869 4544 1926 4589 et
1962 4540 2094 4604 ξῖρις
2133 4556 2200 4589 ex
2238 4540 2492 4591 Eustath.
2529 4544 2645 4596 391,
2685 4546 2752 4593 33
2787 4539 2995 4604 addidi,
3035 4542 3128 4606 qui
3163 4557 3226 4590 ex

635 4607 826 4656 eodem
864 4608 1014 4656 fonte
1052 4606 1253 4666 hausit,
1290 4612 1579 4670 utrumque
1615 4607 1942 4657 vocabulum
1987 4608 2261 4673 reperitur
2307 4609 2470 4658 etiam
2518 4610 2577 4658 in
2615 4610 2806 4661 Choer.
2846 4609 3001 4661 Orth.
3040 4611 3156 4670 228,
3197 4611 3225 4658 7

639 4680 694 4724 et
730 4678 845 4736 242,
889 4679 974 4734 1ος
1033 4691 1119 4740 ap.
1160 4674 1356 4723 Choer.
1405 4680 1460 4722 et
1504 4676 1658 4727 Eust.
1705 4681 2037 4726 memoratur
2082 4677 2248 4726 etiam
2288 4673 2432 4740 (ῖρις
2478 4676 2667 4741 πόλις,
2725 4679 2870 4743 quod
2915 4693 3112 4728 nomen
3165 4683 3227 4726 ut

640 4741 798 4806 Κύρις
837 4749 893 4792 et
930 4741 1097 4806 Τύρις
1144 4758 1211 4790 ex
1251 4743 1330 4791 St.
1368 4743 1428 4794 Β.
1465 4743 1765 4807 desumpsi3
1814 4744 1913 4792 sed
1959 4744 2212 4794 dubitavi
2260 4761 2326 4793 ex
2365 4745 2619 4795 Eustath.
2667 4763 2912 4812 promere
2960 4750 3226 4796 accentus

637 4811 1044 4862 distinctionem
1090 4810 1347 4860 vocabuli
1381 4808 1509 4872 Ἶρις
1548 4806 1677 4874 ίρίςε
1727 4809 1908 4861 ἰςτέον
1955 4809 2033 4863 ώς
2070 4811 2198 4874 Ἷρις
2246 4812 2347 4873 μὲν
2393 4811 2428 4875 ἡ
2479 4813 2622 4865 κατὰ
2669 4817 2848 4877 μῦθον
2886 4814 2976 4866 καὶ
3023 4813 3057 4876 ἡ
3097 4812 3225 4878 περὶ

635 4877 707 4929 τὰ
743 4878 944 4942 ἔνυδρα
981 4877 1129 4942 νέφη
1168 4879 1580 4941 βαρυτονεῑται,
1629 4875 1732 4942 spic
1776 4879 1836 4930 δὲ
1884 4879 2195 4944 μυρεψικὸν
2244 4880 2393 4932 εἶδος
2440 4881 2585 4933 κατὰ
2628 4882 2874 4935 παλαιὰν
2921 4880 3225 4947 παράδοςιν
