3664 5546
756 350 885 416 512
1603 331 1613 340 “
1691 350 1771 406 εκ
1811 351 1951 405 τΩΝ
1993 350 2400 406 mmmmm(

760 520 1557 608 λικριφίς,Ϊκραταιῖς,
1603 523 2048 604 αύτονυχίς.
2126 524 2371 600 λέγεται
2419 523 2489 588 δὲ
2533 524 2636 587 καὶ
2677 524 3165 603 αὐτονυχιδίς
3204 526 3294 590 καὶ
3392 523 3401 534 ’

757 623 1093 708 αὐτονυχί,
1159 625 1685 710 παμπηδονίς,
1753 626 2001 701 λέγεται
2063 627 2135 690 δὲ
2200 626 2300 690 καὶ
2354 625 2620 704 πάμπαν
2674 626 2776 690 καὶ
2831 627 3155 706 παμπήδην
3205 629 3295 690 καὶ

756 727 1132 809 παμπηδόν,
1178 725 1656 812 ςολικρίς(Ῥ),
1701 727 2284 808 ἀμφικελεμνίς.
2329 728 2406 792 τὸ
2441 727 2658 807 μέντοι
2690 727 3008 806 πέρυτι(
3034 749 3295 807 προπαρ-

758 828 1149 909 οξυνόμενον
1202 828 1466 907 Δώριόν
1520 828 1683 895 ἐςτιν
1738 830 1805 894 ἐκ
1861 834 1978 894 τοῦ
2033 831 2253 908 πέρυςι
2298 832 2719 909 μεταποιηθὲν
2775 830 2877 895 καὶ
2927 831 3004 895 οὐ
3045 831 3295 910 μάχεται.

682 945 715 995 5
759 932 840 995 τὰ
894 932 997 995 διὰ
1051 934 1168 995 τοῦ
1219 935 1354 995 Htw-<Tc
1407 931 1865 1017 παροξύνεται,
1925 931 2337 1014 πολλάκις,
2402 929 2788 1014 ὀλιγάκις,
2851 932 3298 997 τοςαυτάκις.

756 1035 860 1112 καὶ
901 1034 979 1097 τὰ
1024 1033 1112 1098 εἰς
1157 1019 1258 1098 ἇς
1296 1034 1673 1114 τριςύλλαβα
1714 1039 1806 1116 τῷ
1850 1037 1895 1098 ἃ
1937 1023 2433 1112 παραληγόμενα
2469 1033 2922 1116 παροξύνεται,
2968 1033 3298 1115 χαμάδις,

756 1135 1127 1217 φυγάδις,
1172 1135 1526 1218 ὀκλάδις,
1570 1135 1991 1218 κρυφάδις,
2036 1131 2485 1219 έςχάδις(“Ρ),
2531 1135 2939 1218 πτακάδις,
2986 1135 3301 1217 μιγάδις,

755 1236 1052 1317 ἁμάδις.
1140 1238 1216 1302 τὸ
1271 1237 1560 1317 ὠμαδίς
1615 1237 1906 1304 ὀξύνεται
1962 1237 2063 1301 καὶ
2119 1235 2267 1300 ἴςως
2323 1235 2392 1299 ἐκ
2444 1241 2560 1301 τοῦ
2614 1237 2968 1316 κατωμαδίς
3022 1236 3301 1321 ἀφῃρέθη.

697 1361 708 1378 ¹
755 1340 830 1403 τὸ
878 1337 1184 1404 οἴκαδις
1242 1340 1639 1420 ςεςημείωται
1682 1340 2358 1419 προπαροξυνόμενον.
2445 1338 2525 1402 τὰ
2578 1340 2650 1403 δὲ
2703 1339 3304 1419 ὑπερτριςύλλαβαῆ

656 1455 721 1506 10
757 1440 872 1505 ὅςα
925 1444 1130 1525 μακρᾷ
1194 1443 1378 1521 φύςει
1443 1443 1481 1521 ἢ
1539 1444 1722 1507 θέςευ
1755 1442 2218 1524 παραλήγεται,
2284 1441 2495 1505 πάντα
2550 1439 2870 1524 ὀξύνεται,
2929 1440 3305 1521 λαθρηδίς,

755 1543 1133 1626 κωπηδίς,
1198 1544 1593 1628 αἰφνηδίς,
1661 1543 2090 1625 ςτοιχηδίς,
2157 1542 2507 1625 ἀντηδίς,
2575 1541 3017 1623 ἀμοιβηδίς·
3082 1543 3306 1618 λέγεται

754 1645 859 1708 καὶ
901 1644 1280 1728 ἀμοιβηδόν,
1337 1645 1854 1726 ἐπαμοιβαδίς
1910 1644 2319 1722 «ἀλλήλοιςιν
2374 1644 2541 1726 ἔφυν
2600 1644 3049 1725 ἐπαμοιβαδίς»
3094 1640 3237 1725 (Od.
3278 1662 3307 1705 ε

751 1745 939 1829 481),
994 1746 1449 1830 ἐμβολαδίς,
1505 1748 1976 1831 κατωμαδίς,
2033 1745 2457 1828 ἀμφουδίς,
2515 1746 2868 1829 ε’πουδίς,
2926 1745 3309 1825 ἀκροπου-

753 1846 890 1912 δίς.
977 1847 1070 1912 Τὰ
1114 1850 1186 1913 δὲ
1227 1856 1318 1932 τῷ
1365 1845 1401 1908 ὗ
1457 1850 1955 1930 παραληγόμενα
2009 1848 2594 1932 προπαροξύνεται,
2648 1848 3006 1932 ἄλλυδις,
3059 1847 3313 1928 ἄμυδις

663 1964 720 2015 15
754 1949 1048 2015 Αἰολικὸν
1095 1950 1251 2029 ἔχον
1295 1952 1371 2015 τὸ
1415 1955 1679 2031 πνεῦμα.
2045 2027 2049 2031 ,

927 2077 964 2112 ιι
1008 2053 1102 2118 Τὰ
1157 2039 1386 2118 εἰς-δῖἷ
1431 2053 1824 2134 ἐπιρρήματα
1866 2053 2103 2133 ἔχοντα
2146 2054 2273 2132 πρὸ
2317 2058 2433 2118 τοῦ
2475 2037 2513 2118 δ
2555 2056 2799 2133 τὴνῖν
2831 2055 3150 2134 ςυλλαβὴν
3179 2051 3315 2117 Δώ·

755 2154 860 2232 ριά
904 2153 1026 2219 έςτι
1070 2156 1171 2220 καὶ
1212 2156 1663 2239 παροξύνεται,
1708 2156 2121 2239 χαμάνδις,
2167 2154 2575 2238 άγράνδις,
2620 2155 3193 2236 Ὀλυμπιάνδις.

921 2256 1015 2320 Τὰ
1046 2257 1134 2322 εἰς
1163 2261 1250 2322 δ’ὁ
1279 2256 1411 2323 ἀπὸ
1455 2259 1822 2338 προθέςεως
1852 2258 2289 2340 παραχθέντα,
2335 2257 2390 2321 εἰ
2435 2256 2573 2335 ἔχοι
2602 2259 2678 2323 τὸ
2723 2262 2790 2342 τ,
2835 2256 3162 2342 ὀξύνεται,
3202 2257 3317 2321 ἐν·
3364 2267 3369 2272 ’

752 2358 918 2442 τός,
963 2358 1203 2425 ἐκτός.
1292 2361 1371 2425 τὰ
1421 2363 1492 2426 δὲ
1544 2361 1709 2426 ἄλλα
1762 2361 2127 2443 βαρύνεται,
2181 2359 2464 2442 πάρος,
2520 2359 2742 2443 ἦμος,
2798 2365 3073 2444 τῆμος,
3140 2358 3317 2436 ὀπῆ-

650 2476 718 2527 20
753 2482 924 2545 μος,
967 2466 1388 2546 τημοῦτος,
1436 2466 1687 2543 κῆχος.
1767 2466 1926 2528 «ποῖ
1960 2466 2184 2541 κῆχος;
2226 2462 2314 2528 εἰς
2362 2461 2683 2556 οὐρανόν»
2723 2462 2824 2527 καὶ
2869 2462 3321 2542 Ἀριςτοφάνης

750 2667 1016 2734 λικριφίς;
1057 2667 1408 2734 Ἀρίςταρχος
1445 2667 1629 2721 ὀξύνει
1665 2665 1876 2733 ὁμοίως
1900 2671 1985 2734 τῷ
2010 2667 2371 2733 «ἀλλήλοιςιν
2394 2665 2540 2732 ἔφυν
2565 2665 2963 2731 ἐπαμοιβαδίς»
3004 2669 3134 2733 (Οᾱ.
3162 2682 3189 2719 ε
3212 2667 3322 2730 481)

750 2737 841 2789 καὶ
877 2737 1063 2790 οὕτως
1099 2735 1549 2815 έπεκράτηςενῃή
1588 2735 1912 2800 ἀνάγνωςις.
1984 2734 2023 2789 C
2060 2740 2185 2789 506:
2234 2736 2304 2788 τὸ
2339 2734 2623 2803 ἀμοιβηδίς
2660 2737 2785 2788 κατ’
2820 2735 3010 2789 ὀξεῖαν
3045 2737 3227 2789 vdent·
3263 2733 3325 2788 εί-

750 2836 914 2888 ρηται
950 2822 1010 2874 δὲ
1047 2822 1175 2888 περὶ
1211 2825 1333 2873 τῶν
1368 2820 1447 2874 είς
1483 2823 1563 2874 δις
1600 2821 1902 2888 ληγόντων
1939 2820 2355 2887 ἐπιρρημάτων.
2427 2821 2607 2871 Schol.
2645 2820 2748 2871 od.
2783 2821 2814 2870 λ
2851 2823 2977 2873 697;
3030 2820 3167 2872 τότ’
3200 2818 3323 2873 ἀπε-

751 2889 1053 2955 ςτρέψαςκε
1091 2892 1355 2955 κραταιῖς.
1425 2889 1458 2942 6
1495 2892 1598 2953 μὲν
1637 2889 1989 2955 Ἀρίςταρχος
2026 2890 2117 2942 καὶ
2155 2888 2497 2954 Ἡρωδιανὸς
2543 2888 2829 2940 ὀξυτόνως
2876 2889 3024 2941 κατὰ
3061 2890 3327 2953 ςυςτολὴν

753 2957 830 3010 ὼς
867 2957 1133 3024 λικριφίς,
1171 2957 1445 3023 ἀμφουδίς
1483 2958 1949 3025 ἐπιρρηματικῶς.
2020 2957 2053 3010 6
2097 2958 2158 3009 δὲ
2200 2954 2608 3021 Ἀςκαλωνίτης
2653 2956 2722 3007 τὸ
2759 2956 2968 3020 πλῆρες
3010 2957 3250 3022 κραταιὰ
3282 2956 3326 3008 ἴς

750 3024 876 3078 οἷον
921 3026 1109 3092 ίςχυρὰ
1153 3027 1407 3091 δύναμις,
1455 3026 1502 3093 ᾧ
1550 3026 1776 3093 ἑπείςθη
1824 3026 1914 3079 καί
1960 3026 1994 3089 ἡ
2045 3025 2318 3091 ςυνήθεια.
2376 3040 2437 3099 ἱμ,
2486 3029 2608 3075 124:
2656 3025 2925 3089 βωςτρεῖν
2969 3024 3035 3077 δὲ
3084 3025 3326 3091 κράταιιν

752 3093 963 3161 μητέρα
1009 3098 1111 3162 τῆς
1159 3094 1434 3160 (κύλληςε
1490 3095 1719 3157 ἄμεινον
1761 3093 2002 3159 γράφειν
2048 3093 2293 3159 κραταιίς
2348 3093 2473 3144 ἀντὶ
2516 3095 2620 3145 τοῦ
2672 3091 2904 3157 ίςχυρῶς
2950 3092 3033 3144 ὡς
3082 3093 3323 3158 ἀλλαχοῦ

751 3162 921 3215 «τότ’
955 3162 1380 3229 ἀποςτρέψαςκε
1420 3162 1735 3228 κραταιίς»,
1771 3162 1866 3214 ἵνα
1902 3161 2064 3228 λέγῃ,
2104 3163 2381 3227 κραταιῶς
2407 3160 2618 3224 ἐπιβοῶ
2645 3161 2754 3224 τὴν
2778 3159 2993 3225 μητέρα
3030 3164 3140 3227 τῆς
3165 3161 3322 3214 (Σκύλ-

750 3231 874 3296 λης·
912 3232 1004 3283 καὶ
1039 3232 1316 3285 ὀξύνεται·
1355 3230 1455 3283 ἐὰν
1490 3231 1549 3283 δὲ
1588 3234 1620 3296 ῇ
1658 3232 1876 3295 κύριον,
1925 3229 2423 3295 προπαροξύνεται.
2492 3230 2557 3281 11.
2595 3230 2685 3283 Pr.
2721 3228 2764 3280 Λ
2800 3231 2927 3280 677;
2974 3229 3048 3281 τὸ
3086 3242 3323 3295 κραταιις

750 3298 843 3350 ἐπὶ
878 3302 980 3351 τοῦ
1020 3297 1210 3364 κυρίου
1248 3300 1716 3366 βεβαρυτονῆςθαι
1751 3298 1840 3350 διὰ
1874 3299 1981 3362 τὴν
2015 3296 2329 3362 αἰτιατικὴν
2364 3299 2679 3361 <<βωςτρεῑν
2722 3295 2784 3347 δέ
2830 3296 3155 3361 xpe-raum·
3192 3297 3322 3361 τάχα

748 3366 809 3419 δὲ
847 3368 936 3418 καί
971 3370 1145 3419 τοῦτο
1182 3369 1323 3432 πρὸς
1358 3366 1795 3433 ἀντιδιαςτολήν.
1830 3395 1895 3401 -
1944 3369 1980 3419 Ι.
2020 3373 2046 3418 1
2084 3364 2381 3430 αὐτονυχίς
2414 3393 2485 3402 -
2516 3366 2552 3419 l.
2591 3369 2624 3415 4
2659 3364 2725 3415 οὐ
2765 3363 2999 3429 μάχεται
3037 3368 3223 3417 adieci
3260 3382 3318 3415 ex

749 3436 1019 3501 Theogn.,
1073 3438 1208 3487 item
1258 3436 1294 3486 l.
1344 3439 1372 3487 7
1419 3434 1629 3500 ἐςχάδις
1675 3436 1796 3502 (pro
1846 3451 1950 3501 quo
1995 3436 2051 3485 in
2096 3436 2274 3486 Bekk.
2321 3439 2424 3487 An.
2473 3437 2601 3484 1317
2661 3430 2843 3496 ἐχάδις
2897 3437 3169 3500 seriptum
3225 3440 3321 3494 est)

746 3531 811 3541 —-
847 3501 1067 3568 ἁμάδις,
1109 3520 1280 3623 ίροιϊο
1316 3500 1524 3556 οἴκαδις
1568 3532 1636 3542 —-
1678 3502 2248 3568 προπαροξυνόμενον
2281 3504 2362 3570 ,cf.
2399 3502 2612 3552 Ahrens
2659 3501 2726 3551 de
2764 3502 2896 3556 dial.
2934 3504 3071 3554 Dor.
3113 3506 3229 3556 373.
3262 3528 3321 3538 -

747 3572 781 3623 l.
822 3576 881 3622 11
929 3571 1155 3638 ρντηδς
1200 3575 1381 3638 recepi
1417 3590 1485 3622 ex
1520 3573 1795 3639 Theogn,
1839 3589 1908 3623 ex
1945 3588 2050 3636 quo
2096 3574 2265 3622 etiarn
2311 3571 2382 3620 ad
2426 3566 2709 3633 ἀμοιβαδίς
2750 3569 2939 3620 addidi
2975 3569 3205 3634 λέγεται
3238 3569 3319 3621 καί

747 3638 1068 3704 ἀμοιβηδόν.
1112 3667 1178 3676 —-
1224 3639 1578 3704 ἐπαμοιβαδίς
1624 3641 1805 3692 adieci
1850 3657 1917 3691 ex
1960 3640 2026 3692 11.
2070 3641 2158 3691 Pr.
2202 3639 2250 3691 Ξ
2283 3642 2403 3701 463,
2451 3634 2726 3702 ἀμφουδίς
2762 3665 2824 3673 ——
2871 3635 3220 3703 ἀκροπουδίς
3263 3655 3321 3689 ex

746 3707 1021 3773 Theogn.,
1069 3708 1232 3774 apud,
1257 3724 1420 3775 quem
1466 3716 1706 3774 oxytona
1752 3713 1905 3770 sunt,
1953 3710 2162 3773 pariter
2207 3716 2371 3773 atque
2416 3708 2473 3756 in
2521 3705 2700 3757 schol.
2744 3706 2843 3756 Od.
2881 3706 2914 3756 λ
2960 3710 3065 3758 597
3114 3706 3320 3771 ἀμφου-

746 3773 826 3826 δίς
881 3778 1095 3826 aeuitur
1138 3782 1194 3827 et
1240 3776 1442 3827 diserte
1486 3777 1886 3842 praescribitur
1929 3777 1987 3825 in
2033 3776 2212 3830 Schol.
2270 3777 2341 3825 ad
2387 3775 2491 3825 od.
2526 3788 2560 3838 ρ
2594 3775 2719 3825 237;
2773 3771 2844 3824 τὸ
2889 3772 3172 3839 ἀμφουδίς
3209 3773 3318 3827 ὀξύ·

746 3857 901 3896 νεται
946 3842 1023 3895 ὼς
1068 3843 1331 3909 λικριφίς,
1387 3861 1554 3911 quare
1601 3847 1766 3896 etiam
1811 3845 1871 3894 in
1914 3844 2062 3893 Mon.
2094 3848 2184 3906 46,
2223 3846 2284 3894 15
2320 3840 2595 3908 ἀμφουδίς
2632 3857 2729 3908 pro
2763 3840 3042 3906 ἄμφουδις
3081 3845 3321 3894 scriben-

749 3929 874 3980 dum
917 3930 1181 3981 arbitror:
1229 3928 1529 3994 ᾶμφουδις;
1578 3928 1743 3980 οὐδὲν
1781 3926 1859 3981 εἰς
1895 3929 1975 3980 δις
2020 3928 2196 3993 λῆγον
2241 3927 2519 3995 ἐπίρρημα
2562 3932 2633 3995 τῇ
2690 3928 2755 3981 οῦ
2801 3927 3097 3992 διφθόγγω
3149 3941 3319 3991 παρα·

746 3997 927 4063 λήγει,
983 3996 1125 4049 ἀλλὰ
1180 3997 1355 4062 μόνον
1407 3998 1476 4049 τὸ
1536 3996 1837 4062 ἄμφουδις,
1898 3997 1996 4047 sed
2048 4001 2106 4046 in
2162 3998 2376 4050 Cathol.
2423 3998 2646 4048 videtur
2702 3999 2807 4048 duo
2861 3996 2991 4046 huic
3046 3979 3320 4060 ἆμφουδίς

745 4067 1053 4117 assimilata
1098 4064 1322 4118 ἐπουδίς
1371 4064 1638 4131 (Theogn.
1678 4063 1945 4129 ἐπιουδίς)
1983 4064 2318 4129 ἀκροπουδίς
2364 4065 2710 4119 adnexuisse.
2764 4092 2829 4101 —
2883 4064 2919 4114 l.
2960 4067 3023 4114 14
3060 4062 3319 4117 Αἰολικὸν

747 4134 878 4199 ἔχον
921 4134 990 4186 τὸ
1038 4136 1258 4198 πνεῦμα
1303 4135 1460 4184 addit
1504 4136 1748 4199 Theogn.
1795 4134 1867 4187 ef.
1916 4134 1982 4187 11.
2022 4136 2111 4184 Pr.
2150 4133 2257 4184 15:
2318 4130 2506 4185 Νικίας
2553 4134 2642 4185 καὶ
2686 4131 2985 4197 Πάμφιλος
3029 4131 3318 4184 δαςύνουςι

745 4204 815 4254 τὸ
852 4202 1071 4266 ἄμυδις,
1109 4202 1232 4254 ἐπεὶ
1267 4201 1420 4266 παρὰ
1454 4201 1523 4253 τὸ
1559 4201 1673 4264 ἅμα
1706 4200 1948 4264 ἐγένετο.
2020 4199 2052 4252 6
2087 4199 2149 4252 δέ
2188 4199 2596 4266 Ἀςκαλωνίτης
2632 4202 2724 4253 καὶ
2759 4199 2811 4252 οἱ
2847 4200 2974 4264 περὶ
3016 4198 3319 4253 Ἀλεξίωνα

742 4273 992 4392 Ϊᾶλοὲεὲ
1039 4270 1291 4391 ἶὲἓὲωῗὲ
1322 4269 1618 4391 ἓὲιόίἱᾶν
1663 4269 1852 4390 κὲἐαὲἱ
1895 4266 2721 4401 “32123A222‘“⁹‘5535<532⁰⁶332
2747 4267 2937 4399 5⁹⁰⁶&
2983 4270 3141 4332 “M
3158 4336 3170 4349 .
3185 4280 3319 4399 3333

745 4356 1238 4472 ἦδος-ππρόδηλον
1281 4407 1342 4458 δὲ
1386 4406 1492 4458 κάκ
1543 4353 2031 4472 τῆςμςυναῗόιιιφῆς
2075 4352 2533 4469 ἔπάνᾙψᾶμυδις
2588 4352 2881 4471 κεφάιλιξήὲ»
2937 4351 3317 4467 ffip’Mnaem.

747 4474 917 4542 ἐχρῆν
952 4475 1013 4527 δέ
1050 4475 1256 4527 αὐτοὺς
1293 4477 1613 4540 προςθεῑναι
1649 4473 1831 4526 έκεῖνο
1870 4472 1949 4525 ὡς
1985 4474 2072 4526 ὅτι
2105 4472 2177 4524 τὸ
2223 4472 2446 4525 ἄλλυδις
2492 4473 2583 4525 καὶ
2627 4472 2818 4536 ἄμυδις
2862 4471 3165 4537 ἐξαιρέτως
3209 4469 3319 4535 τρί-

744 4558 852 4610 την
897 4542 1012 4595 ἀπὸ
1057 4542 1256 4596 τέλους
1301 4542 1414 4607 ἔχει
1456 4546 1564 4609 τὴν
1610 4543 1822 4608 ὀξεῖαν,
1871 4541 1961 4593 καὶ
2015 4545 2085 4607 τῇ
2133 4541 2529 4608 παραληγούςῃ
2584 4541 2846 4608 ἐξαιρέτῳ
2895 4540 3237 4605 ἐχρήςαντο,
3282 4540 3314 4603 ᾗ

745 4610 834 4665 διὰ
867 4615 971 4663 τοῦ
1008 4615 1042 4661 U
1079 4610 1464 4678 ἑξηνέχθηςαν.
1535 4611 1704 4676 ἐχρῆν
1740 4611 1844 4662 οὖν
1879 4608 2074 4673 άμάδις
2109 4624 2162 4661 τι
2199 4610 2343 4662 εἶναι
2380 4610 2460 4662 ὡς
2506 4610 2749 4674 χαμάδις.
2818 4610 3003 4674 τροπὴ
3037 4607 3104 4659 δὲ
3142 4611 3247 4660 τοῦ
3282 4609 3316 4657 ἃ

745 4678 975 4743 ἐγένετο
1011 4678 1090 4731 είς
1125 4680 1193 4732 τὸ
1230 4685 1292 4745 U,
1330 4679 1408 4731 ὡς
1444 4679 1514 4731 τὸ
1552 4684 1747 4744 ςάρκες
1781 4678 1991 4743 ςύρκες.
2060 4678 2154 4728 καὶ
2194 4677 2320 4731 ἐπεὶ
2357 4677 2584 4743 Αίολικὴ
2622 4678 2656 4741 ή
2694 4684 2907 4744 τροπή,
2945 4677 3032 4728 καί
3070 4675 3108 4727 6
3147 4677 3315 4727 τόνος

747 4762 1001 4815 Αίολικὸς
1038 4764 1126 4815 καὶ
1161 4765 1231 4817 τὸ
1269 4768 1505 4828 πνεῦμα.
1624 4764 1660 4818 1.
1701 4766 1765 4815 16
1800 4780 1975 4815 eanon
2012 4763 2078 4813 de
2117 4763 2395 4814 adverbiis
2430 4767 2487 4814 in
2523 4751 2674 4815 ανδις
2711 4764 2949 4815 accessit
2972 4778 3037 4812 ex
3064 4762 3317 4826 Theogn.

749 4833 869 4895 163,
906 4836 987 4883 31.
1158 4833 1193 4882 l.
1234 4836 1296 4883 19
1332 4830 1510 4897 πάρος
1548 4838 1605 4882 et
1640 4831 1861 4897 ὁπῆμος
1898 4831 2091 4883 addidi
2126 4848 2194 4882 ex
2232 4833 2478 4899 Theogu.
2516 4836 2639 4897 164,
2678 4835 2736 4899 6,
2782 4835 2948 4897 κῆχος
2985 4830 3213 4907 explevi
3251 4846 3316 4882 ex
