3664 5546
564 358 858 407 CLXXXII
1647 356 2068 405 PRAEFATIO.

563 510 922 575 Herodiani
967 508 1136 574 libro
1182 513 1328 590 περὶ
1371 517 1628 592 παθῶν,
1675 533 1868 596 quem
1912 512 1981 574 in
2011 512 2309 576 manibus
2342 509 2606 591 habuit,
2654 513 2793 576 eius
2839 515 3157 580 sinceram

564 613 951 678 sententiam
1019 614 1347 696 cognitam
1413 612 1654 677 habere
1719 623 1979 698 posset,
2047 635 2198 677 suas
2269 623 2485 677 tamen
2551 614 2832 700 ineptias
2901 616 3156 682 effutire

561 715 823 779 maluit:
892 716 968 779 τὸ
1015 718 1226 799 χρῄζω
1271 717 1446 794 παρὰ
1490 717 1566 781 τὸ
1614 715 1747 795 χείρ
1793 717 2008 794 χειρός
2052 716 2303 795 χειρίζω
2349 716 2644 802 ἀποβολῇ
2701 723 2819 782 τοῦ
2863 722 2884 784 ῑ
2929 722 3155 798 χερίζω

564 819 668 882 καὶ
710 823 918 901 τροπῇ
963 821 1080 881 τοῦ
1126 820 1158 881 ἒ
1203 817 1291 882 εἰς
1334 823 1373 896 ῆ
1422 819 1523 881 καὶ
1566 818 1714 882 καθ’
1758 818 2225 898 ύπερβιβαςμὸν
2272 820 2506 897 χρηίζω
2552 820 2652 884 καὶ
2698 821 2768 884 ἐν
2814 823 3157 900 ςυναιρέςει

567 921 778 1002 χρῄζω
824 920 926 982 καὶ
971 919 1144 997 μένει
1196 920 1274 982 τὸ
1328 921 1350 983 i
1406 922 1486 998 μὴ
1533 919 2055 999 ἐκφωνούμενον.
2145 917 2561 983 Herodianus
2618 922 2764 1000 περὶ
2820 927 3045 987 παθῶν
3092 923 3158 985 in

567 1020 647 1085 E.
685 1019 863 1084 Gud.
897 1019 1042 1099 294,
1076 1019 1156 1083 37
1204 1020 1296 1082 sic
1342 1019 1682 1084 docuerat:
1733 1022 1923 1100 χρέος
1954 1022 2183 1099 χρεῖζω
2230 1023 2466 1100 χρηίζω
2512 1024 2612 1086 καὶ
2658 1018 2886 1106 χρῄζω.
2957 1022 3160 1085 Lehr-

569 1121 702 1186 sius
749 1144 854 1206 qu.
904 1143 1008 1205 ep.
1054 1142 1116 1205 p.
1169 1120 1288 1184 168
1334 1131 1462 1185 not.
1511 1121 1617 1158 *Ψ*
1661 1120 2043 1186 observavit
2089 1143 2235 1184 eum
2280 1132 2394 1185 aut
2439 1122 2577 1186 eius
2625 1123 3157 1209 interpolatorem

567 1223 1051 1288 distinctionem
1109 1222 1576 1287 vocabulorum
1633 1224 1857 1288 Θάλεια
1923 1233 1988 1286 ct
2041 1224 2227 1288 θαλία
2283 1244 2369 1287 ex
2424 1225 2702 1289 Proculo
2756 1225 2841 1289 ad
2886 1226 3158 1291 Hesiod.

568 1348 670 1411 op.
719 1348 783 1389 v.
835 1323 953 1387 125
997 1322 1291 1388 hausisse
1336 1323 1407 1387 id
1449 1324 1846 1388 indicantem
1896 1323 2146 1388 verbis:
2198 1326 2404 1392 οὕτως
2450 1326 2645 1406 εὗρον
2692 1331 3160 1408 παρακείμενον

572 1430 852 1507 ςχόλιον-
878 1427 966 1490 εἰς
1009 1427 1089 1491 τὰ
1133 1427 1329 1506 Ἔργα
1372 1426 1684 1492 Ἡςιόδου.
1741 1424 2081 1489 Interdum
2126 1436 2344 1490 tamen
2390 1427 2758 1492 accuratius
2804 1428 3161 1494 Herodiani

576 1530 941 1595 doctrinam
996 1528 1197 1591 refert
1254 1549 1446 1612 quam
1504 1526 2028 1609 Choeroboscus3
2084 1550 2283 1613 quum
2340 1530 2509 1592 enim
2564 1530 2669 1593 hic
2715 1529 2934 1595 tradat
2988 1531 3160 1596 Dict.

574 1631 732 1712 296,
781 1629 893 1692 29:
942 1631 1018 1694 τό
1070 1631 1371 1694 Κνακυών
1418 1630 1733 1696 ὀξύτονόν
1771 1631 1913 1696 :ten
1960 1632 2060 1696 καὶ
2104 1630 2192 1695 εἰς
2247 1635 2345 1695 'us—v
2398 1633 2678 1711 καθαρὸν
2736 1635 2835 1696 καὶ
2881 1635 3159 1716 διχρόνῳ

574 1733 1008 1812 παραλήγεται
1053 1733 1156 1796 καὶ
1186 1732 1403 1811 ἐπειδὴ
1450 1732 1567 1798 οῦκ
1610 1733 1741 1811 ἔχει
1788 1734 2320 1816 ςυνεςταλμένον,
2367 1733 2520 1797 ἀλλ’
2550 1734 2989 1814 ἐκτεταμένον,
3039 1757 3159 1815 φυ-

575 1837 786 1901 λάττει
830 1834 905 1898 τὸ
960 1837 1012 1897 ὦ
1059 1834 1128 1899 ἐν
1173 1841 1248 1917 τῇ
1293 1841 1508 1916 γενικῇ
1556 1833 1700 1899 οἷον
1737 1836 2147 1916 Κνακυῶνος,
2192 1833 2647 1918 Theognostus
2681 1857 2909 1900 verum
2940 1837 3157 1902 docet:

570 1939 651 2002 τά
696 1937 785 2001 εἰς
827 1938 923 2000 ὦ
969 1937 1250 2015 καθαρὸν
1296 1934 1574 2003 ὀξύτονα
1628 1935 1956 2018 ἀρςενικά,
2016 1927 2134 2000 ὅςά
2190 1941 2411 2015 βραχεῖ
2465 1937 2744 2021 διχρόνῳ
2800 1940 3162 2016 παραλήγε-

573 2060 706 2120 ται,
764 2039 869 2102 διὰ
924 2042 1039 2101 τοῦ
1086 2041 1122 2100 6
1176 2037 1491 2117 γράφεται
1547 2039 1674 2131 τὴν·
1721 2039 2218 2117 παραλήγουςαν
2274 2042 2386 2116 τῆς
2440 2043 2691 2116 γενικῆς
2744 2041 3162 2121 περικτιόνος,

576 2139 1032 2218 ἀλεκτρυόνος·
1090 2140 1490 2219 ςεςημείωται
1543 2141 1619 2204 τὸ
1680 2140 1966 2205 Κνακιών
2028 2141 2392 2206 Κνακιῶνος
2446 2140 2657 2220 ὄνομα
2710 2145 3004 2220 ποταμοῦ
3064 2142 3165 2206 καὶ

579 2241 800 2305 Ἀςιών
846 2244 972 2304 κτλ.

747 2342 921 2406 Hinc
965 2338 1297 2426 colligitur
1351 2343 1421 2405 in
1476 2341 1771 2406 doctrina
1815 2341 2233 2407 Herodianea
2287 2365 2372 2407 ex
2416 2342 2829 2429 Theognosto
2884 2342 3164 2429 petenda

578 2465 898 2507 summam
945 2444 1309 2509 cautionem
1356 2441 1792 2509 adhibendam
1839 2466 2004 2507 esse.

747 2647 840 2712 Ut
884 2646 1343 2731 Theognostus
1388 2671 1672 2714 canones
1719 2673 1871 2714 suos
1934 2647 2470 2733 orthographicos
2518 2650 2869 2713 maximam
2918 2661 3165 2736 partem

579 2751 676 2814 ita
718 2749 1115 2837 composuit,
1161 2761 1236 2816 ut
1279 2772 1556 2814 canones
1615 2752 1863 2816 tonicos
1910 2750 2270 2815 Herodiani
2323 2750 2841 2838 orthographicis
2900 2753 3168 2818 rationi-

582 2853 703 2917 bus
760 2851 1104 2937 adaptarct
1156 2889 1242 2899 —
1295 2851 1714 2917 Herodianus
1772 2877 1825 2918 c.
1885 2875 1949 2936 g.
2019 2853 2310 2916 dixerat:
2382 2855 2462 2917 τά
2518 2855 2606 2919 εἰς
2650 2860 2819 2933 ‘oio-<3
2874 2858 2954 2935 μὴ
3011 2856 3169 2920 ὄντα

580 2961 835 3033 τριγενῆ
883 2954 1206 3035 ἀρχόμενα
1252 2955 1383 3020 ἀπὸ
1430 2957 1783 3036 ςυμφώνου
1830 2958 1868 3034 ἢ
1915 2956 2280 3036 ςυμφιῦνων
2328 2955 2695 3039 βαρύνεται,
2750 2958 3014 3039 βρόμος,
3060 2958 3166 3032 γό-

583 3078 732 3139 μος,
797 3057 1068 3139 τρόμος,
1135 3057 1404 3138 δρόμος,
1472 3056 1702 3138 ῥόμος,
1772 3056 2003 3139 δόμος,
2056 3057 2252 3136 τόμος
2319 3057 2356 3120 ὁ
2400 3059 2816 3140 τετμημένος,
2882 3059 3078 3136 τομός
3132 3058 3169 3122 ὁ

585 3159 865 3239 τέμνων,
912 3158 1111 3238 νόμος
1157 3158 1194 3221 ὁ
1240 3158 1495 3240 Θεςμός,
1543 3158 1742 3237 νομός
1785 3158 1824 3236 ἡ
1871 3159 2151 3240 νέμηςις,
2197 3158 2353 3237 ὁμός
2398 3168 2463 3222 ct
2505 3161 2585 3223 τά
2630 3161 2718 3224 εἰς
2761 3180 2933 3239 ωμος
2966 3159 3169 3223 διςύλ-

587 3263 748 3340 λαβα
793 3260 1225 3338 προςηγορικὰ
1280 3260 1604 3339 ἀρχόμενα
1659 3259 1790 3324 ἀπὸ
1850 3262 2201 3340 ςυμφωνου
2256 3262 2336 3339 μὴ
2394 3265 2511 3324 τοῦ
2556 3265 2627 3343 μ,
2690 3262 2743 3325 εἰ
2800 3263 2904 3325 ε’πὶ
2957 3260 3170 3324 οὐςίας

583 3363 909 3443 τάττοιτο,
958 3360 1279 3443 ὀξύνεται,
1327 3362 1566 3443 βωμός,
1626 3362 1885 3445 ψωμός,
1942 3362 2181 3442 ζωμός,
2239 3360 2465 3441 θωμός.
2553 3363 2628 3426 τὸ
2682 3363 2897 3442 μέντοι
2963 3367 3173 3441 κῶμος

585 3464 623 3541 ἡ
672 3463 806 3545 ᾠδή
856 3464 1192 3542 βαρύνεται
1237 3464 1339 3527 καὶ
1382 3463 1455 3527 τὸ
1501 3469 1722 3543 μῶμος
1777 3464 1909 3529 ἀπὸ
1963 3469 2079 3530 τοῦ
2125 3468 2165 3542 μ
2221 3463 2478 3543 ἄρχεται
2534 3466 2635 3528 καὶ
2691 3466 2766 3528 τό
2824 3470 3079 3544 βρῶμος
3135 3463 3172 3526 ὁ

587 3564 821 3643 χόρτος
876 3565 977 3628 καὶ
1024 3565 1287 3644 Κρῶμος
1343 3565 1564 3642 κύριον
1624 3567 1991 3649 βαρύνεται,
2050 3566 2260 3644 ὥςπερ
2320 3566 2395 3629 τὸ
2452 3565 2624 3645 ὦμος
2681 3565 2768 3629 εἰς
2824 3565 3171 3646 ἀποφυγὴν

585 3670 704 3729 τοῦ
750 3665 1134 3748 ἑπιθετικοῦ,
1181 3664 1637 3749 Theognostus
1685 3688 1873 3748 vero,
1922 3667 2105 3730 cuius
2150 3666 2499 3747 intererat,
2548 3687 2714 3751 quae
2756 3667 3016 3730 nomina
3061 3688 3175 3751 per

590 3772 627 3830 6
674 3776 741 3829 et
785 3787 952 3851 quae
997 3789 1114 3851 per
1158 3772 1211 3831 ῡυ
1256 3766 1648 3852 proferenda
1693 3780 1942 3850 essent,
1991 3766 2353 3852 explicare,
2412 3770 2503 3830 sic
2548 3767 3034 3852 pronunciavit:
3095 3770 3174 3832 τὰ

590 3869 696 3932 διὰ
737 3873 856 3933 τοῦ
901 3889 1075 3947 ωμος
1121 3871 1467 3950 διςύλλαβα
1511 3870 1788 3936 ὀξύτονα
1831 3870 1963 3935 ἀπὸ
2011 3872 2358 3950 ςυμφώνου
2405 3870 2730 3950 ἀρχόμενα
2774 3872 2873 3935 καὶ
2917 3872 3022 3934 ε’πὶ
3066 3870 3174 3934 οὐ-

591 3971 720 4035 ςίας
766 3971 1058 4051 τιθέμενα
1104 3972 1210 4036 διὰ
1251 3976 1369 4036 τοῦ
1412 3976 1467 4035 ’ὦ
1526 3972 1809 4052 μεγάλου
1864 3972 2179 4051 γράφεται
2241 3971 2385 4037 οἷον
2431 3972 2681 4055 μωμός,
2740 3971 2977 4052 ζωμός,
3038 3994 3175 4050 ψω-

590 4075 738 4157 μός,
796 4075 1039 4157 θωμός,
1108 4072 1206 4138 οἷς
1262 4074 1493 4154 ὅμοιον
1563 4076 1665 4139 καὶ
1729 4074 1804 4138 τὸ
1864 4079 2114 4154 βρῶμος
2169 4075 2274 4138 ἐπὶ
2326 4078 2443 4139 τοῦ
2500 4074 2737 4152 χόρτου
2796 4074 3177 4156 βαρύτονον,

592 4179 695 4241 ἐπὶ
736 4178 860 4255 γάρ
905 4181 1022 4240 τοῦ
1067 4176 1230 4255 ἤχου
1276 4178 1382 4241 διά
1426 4181 1542 4240 τοῦ
1588 4181 1625 4241 6
1681 4180 1908 4256 μικροῦ
1942 4176 2361 4256 ,βαρύτονον·
2428 4176 2603 4255 παρὰ
2658 4177 2781 4252 γὰρ
2844 4176 2921 4240 τὸ
2970 4176 3177 4256 βρέμω

594 4278 831 4359 βρόμος
877 4276 968 4342 ὡς
1011 4278 1221 4356 τρέμω
1265 4278 1502 4358 τρόμος
1544 4280 1648 4343 καὶ
1692 4278 1790 4342 ὅτι
1850 4278 1969 4341 οὐκ
2025 4278 2194 4342 ἔςτιν
2252 4278 2354 4341 ἐπὶ
2414 4278 2656 4342 οὐςίας·
2714 4278 2789 4341 τὸ
2847 4276 3020 4357 ὠμός
3076 4278 3179 4341 ἐπὶ

591 4385 710 4445 τοῦ
756 4383 1029 4459 ςκληροῦ
1076 4380 1181 4443 διὰ
1225 4385 1341 4444 τοῦ
1385 4384 1472 4463 ὦ,
1533 4381 1586 4445 εἰ
1631 4382 1732 4444 καὶ
1775 4382 1858 4460 μὴ
1915 4378 2046 4444 ἀπὸ
2105 4380 2456 4459 ςυμφιῦνου
2512 4379 2743 4458 ἤρξατο
2801 4380 2903 4442 καὶ
2959 4379 3179 4442 οὐςίαν

595 4484 1013 4560 ύπιςχνεῖται·
1060 4482 1162 4545 καὶ
1206 4485 1418 4560 κῶμος
1464 4482 1594 4547 ἀπὸ
1642 4482 1991 4562 ςυμφώνου
2048 4480 2407 4561 ἀρξάμενον
2462 4482 2578 4559 τὴν
2635 4482 2892 4560 γραφὴν
2939 4480 3178 4560 φυλάτ-

595 4605 743 4666 τον,
787 4584 904 4646 τὸν
950 4582 1145 4647 τόνον
1193 4585 1293 4647 καὶ
1335 4586 1450 4662 τὴν
1497 4585 1795 4663 ςημαςίαν
1841 4585 2279 4663 παρήμειψεν·
2323 4584 2400 4646 τὸ
2445 4581 2617 4661 ῶμος
2663 4582 2769 4645 ἐπὶ
2811 4585 2929 4645 τοῦ
2977 4583 3181 4661 ςῶμα-

594 4705 707 4749 τος
751 4686 866 4763 τὴν
912 4684 1211 4763 ςημαςίαν
1258 4686 1549 4764 φυλάξαν
1598 4687 1699 4749 καὶ
1740 4686 1858 4762 τὴν
1903 4686 2162 4765 γραφὴν
2207 4685 2354 4763 περὶ
2410 4685 2525 4749 τὸν
2570 4683 2768 4748 τόνον
2816 4685 3182 4762 διενήνοχε·

598 4787 1000 4865 ςεςημείωται
1031 4785 1105 4848 τὸ
1138 4784 1295 4865 ὁμός
1340 4787 1443 4851 ἐπὶ
1471 4792 1589 4851 τοῦ
1636 4785 1864 4866 ὁμοίου
1910 4787 2016 4849 διὰ
2060 4790 2178 4850 τοῦ
2224 4789 2261 4847 ὅ
2295 4789 2519 4864 μικροῦ
2549 4784 2967 4864 γραφόμενον
2998 4820 3084 4830 -
3112 4791 3185 4846 ut
