<?xml version="1.0" encoding="UTF-8"?>
<!DOCTYPE html PUBLIC "-//W3C//DTD XHTML 1.0 Transitional//EN"
    "http://www.w3.org/TR/xhtml1/DTD/xhtml1-transitional.dtd">
<html xmlns="http://www.w3.org/1999/xhtml" xml:lang="en" lang="en">
 <head>
  <title>
</title>
<meta http-equiv="Content-Type" content="text/html;charset=utf-8" />
  <meta name='ocr-system' content='tesseract 3.04.00' />
  <meta name='ocr-capabilities' content='ocr_page ocr_carea ocr_par ocr_line ocrx_word'/>
</head>
<body>
  <div class='ocr_page' id='page_1' title='image "./grammaticigraec02unkngoog_0279.png"; bbox 0 0 3664 5546; ppageno 0'>
   <div class='ocr_carea' id='block_1_1' title="bbox 1184 391 3038 457">
    <p class='ocr_par' dir='ltr' id='par_1_1' title="bbox 1184 391 3038 457">
     <span class='ocr_line' id='line_1_1' title="bbox 1184 391 3038 457; baseline -0.003 -9"><span class='ocrx_word' id='word_1_1' title='bbox 1184 392 1344 448; x_wconf 81' lang='grc' dir='ltr'>ΠΕΡΙ</span> <span class='ocrx_word' id='word_1_2' title='bbox 1384 391 1776 449; x_wconf 72' lang='grc' dir='ltr'>ΚΑΘΟΛΙΚΗΕ</span> <span class='ocrx_word' id='word_1_3' title='bbox 1813 392 2236 449; x_wconf 72' lang='grc' dir='ltr'>ΠΡΟΕΩιΔΙΑΕ</span> <span class='ocrx_word' id='word_1_4' title='bbox 2275 394 2334 449; x_wconf 93' lang='grc' dir='ltr'>Α.</span> <span class='ocrx_word' id='word_1_5' title='bbox 2954 391 3038 457; x_wconf 84' lang='grc'>33</span> 
     </span>
    </p>
   </div>
   <div class='ocr_carea' id='block_1_2' title="bbox 397 562 3151 2096">
    <p class='ocr_par' dir='ltr' id='par_1_2' title="bbox 397 562 3037 955">
     <span class='ocr_line' id='line_1_2' title="bbox 397 562 3037 649; baseline -0.001 -20"><span class='ocrx_word' id='word_1_6' title='bbox 397 562 402 569; x_wconf 81' lang='grc'><strong>’</strong></span> <span class='ocrx_word' id='word_1_7' title='bbox 452 568 567 629; x_wconf 86' lang='grc' dir='ltr'>τοῦ</span> <span class='ocrx_word' id='word_1_8' title='bbox 612 566 759 647; x_wconf 58' lang='lat' dir='ltr'>W,</span> <span class='ocrx_word' id='word_1_9' title='bbox 803 568 914 643; x_wconf 86' lang='grc' dir='ltr'>τῆς</span> <span class='ocrx_word' id='word_1_10' title='bbox 958 566 1087 643; x_wconf 88' lang='grc' dir='ltr'>πρὸ</span> <span class='ocrx_word' id='word_1_11' title='bbox 1129 565 1360 630; x_wconf 99' lang='grc' dir='ltr'>τέλους</span> <span class='ocrx_word' id='word_1_12' title='bbox 1404 565 1593 645; x_wconf 85' lang='grc' dir='ltr'>οὔςης</span> <span class='ocrx_word' id='word_1_13' title='bbox 1639 566 1743 631; x_wconf 85' lang='grc' dir='ltr'>διὰ</span> <span class='ocrx_word' id='word_1_14' title='bbox 1786 570 1904 631; x_wconf 83' lang='grc' dir='ltr'>τοῦ</span> <span class='ocrx_word' id='word_1_15' title='bbox 1950 569 2021 649; x_wconf 86' lang='grc' dir='ltr'>ὃ,</span> <span class='ocrx_word' id='word_1_16' title='bbox 2067 565 2387 633; x_wconf 84' lang='grc' dir='ltr'>ὀξύνεται·</span> <span class='ocrx_word' id='word_1_17' title='bbox 2434 564 2487 629; x_wconf 85' lang='grc' dir='ltr'>εἰ</span> <span class='ocrx_word' id='word_1_18' title='bbox 2532 565 2605 629; x_wconf 78' lang='grc' dir='ltr'>δὲ</span> <span class='ocrx_word' id='word_1_19' title='bbox 2650 565 2755 630; x_wconf 87' lang='grc' dir='ltr'>διὰ</span> <span class='ocrx_word' id='word_1_20' title='bbox 2798 568 2916 629; x_wconf 83' lang='grc' dir='ltr'>τοῦ</span> <span class='ocrx_word' id='word_1_21' title='bbox 2962 568 3037 646; x_wconf 74' lang='grc' dir='ltr'>ὦ,</span> 
     </span>
     <span class='ocr_line' id='line_1_3' title="bbox 456 664 3035 750; baseline 0 -19"><span class='ocrx_word' id='word_1_22' title='bbox 456 667 823 749; x_wconf 81' lang='grc' dir='ltr'>βαρύνεται,</span> <span class='ocrx_word' id='word_1_23' title='bbox 880 664 1026 733; x_wconf 77' lang='grc' dir='ltr'>οἷον</span> <span class='ocrx_word' id='word_1_24' title='bbox 1083 667 1187 731; x_wconf 86' lang='grc' dir='ltr'>ἐπὶ</span> <span class='ocrx_word' id='word_1_25' title='bbox 1240 672 1372 733; x_wconf 86' lang='grc' dir='ltr'>τῶν</span> <span class='ocrx_word' id='word_1_26' title='bbox 1430 668 1801 748; x_wconf 85' lang='grc' dir='ltr'>βαρυτόνων</span> <span class='ocrx_word' id='word_1_27' title='bbox 1861 669 2279 750; x_wconf 84' lang='grc' dir='ltr'>Ἀρτέμων,</span> <span class='ocrx_word' id='word_1_28' title='bbox 2324 667 3035 750; x_wconf 79' lang='grc' dir='ltr'>Πολέμων,-Διδύ-</span> 
     </span>
     <span class='ocr_line' id='line_1_4' title="bbox 454 767 3037 853; baseline 0 -20"><span class='ocrx_word' id='word_1_29' title='bbox 454 789 638 849; x_wconf 89' lang='grc' dir='ltr'>μων·</span> <span class='ocrx_word' id='word_1_30' title='bbox 684 774 815 834; x_wconf 86' lang='grc' dir='ltr'>τῶν</span> <span class='ocrx_word' id='word_1_31' title='bbox 861 771 932 833; x_wconf 77' lang='grc' dir='ltr'>δὲ</span> <span class='ocrx_word' id='word_1_32' title='bbox 978 768 1307 836; x_wconf 89' lang='grc' dir='ltr'>ὀξυτόνων</span> <span class='ocrx_word' id='word_1_33' title='bbox 1350 771 1426 836; x_wconf 90' lang='grc' dir='ltr'>τὸ</span> <span class='ocrx_word' id='word_1_34' title='bbox 1483 771 1916 853; x_wconf 78' lang='grc' dir='ltr'>δαιτυμὼν,</span> <span class='ocrx_word' id='word_1_35' title='bbox 1975 771 2315 853; x_wconf 84' lang='grc' dir='ltr'>Ἰτυμών,</span> <span class='ocrx_word' id='word_1_36' title='bbox 2371 770 2761 853; x_wconf 76' lang='grc' dir='ltr'>κηδεμών,</span> <span class='ocrx_word' id='word_1_37' title='bbox 2808 767 3037 848; x_wconf 88' lang='grc' dir='ltr'>ἀκρε-</span> 
     </span>
     <span class='ocr_line' id='line_1_5' title="bbox 454 864 1855 955; baseline 0.002 -20"><span class='ocrx_word' id='word_1_38' title='bbox 454 872 643 954; x_wconf 86' lang='grc' dir='ltr'>μών,</span> <span class='ocrx_word' id='word_1_39' title='bbox 687 871 1033 955; x_wconf 85' lang='grc' dir='ltr'>ἡγεμών,</span> <span class='ocrx_word' id='word_1_40' title='bbox 1080 873 1438 951; x_wconf 83' lang='grc' dir='ltr'>ἐθνυμών</span> <span class='ocrx_word' id='word_1_41' title='bbox 1483 875 1559 939; x_wconf 86' lang='grc' dir='ltr'>τὸ</span> <span class='ocrx_word' id='word_1_42' title='bbox 1604 873 1809 939; x_wconf 86' lang='grc' dir='ltr'>ἔθνος.</span> <span class='ocrx_word' id='word_1_43' title='bbox 1848 864 1855 871; x_wconf 74' lang='grc'><strong>’</strong></span> 
     </span>
    </p>

    <p class='ocr_par' dir='ltr' id='par_1_3' title="bbox 452 990 3151 2096">
     <span class='ocr_line' id='line_1_6' title="bbox 622 990 3100 1076; baseline 0.001 -21"><span class='ocrx_word' id='word_1_44' title='bbox 622 990 716 1055; x_wconf 86' lang='grc' dir='ltr'>Τὰ</span> <span class='ocrx_word' id='word_1_45' title='bbox 760 990 865 1055; x_wconf 87' lang='grc' dir='ltr'>διὰ</span> <span class='ocrx_word' id='word_1_46' title='bbox 918 995 1035 1054; x_wconf 83' lang='grc' dir='ltr'>τοῦ</span> <span class='ocrx_word' id='word_1_47' title='bbox 1078 996 1287 1069; x_wconf 63' lang='grc' dir='ltr'>αῖιῖῶν.</span> <span class='ocrx_word' id='word_1_48' title='bbox 1331 993 1699 1076; x_wconf 87' lang='grc' dir='ltr'>βαρύνεται,</span> <span class='ocrx_word' id='word_1_49' title='bbox 1759 992 2085 1075; x_wconf 90' lang='grc' dir='ltr'>δαίμων,</span> <span class='ocrx_word' id='word_1_50' title='bbox 2143 993 2388 1072; x_wconf 84' lang='grc' dir='ltr'>αἵμων</span> <span class='ocrx_word' id='word_1_51' title='bbox 2445 993 2546 1057; x_wconf 85' lang='grc' dir='ltr'>καὶ</span> <span class='ocrx_word' id='word_1_52' title='bbox 2588 991 2845 1071; x_wconf 83' lang='grc' dir='ltr'>Αἵμων</span> <span class='ocrx_word' id='word_1_53' title='bbox 2903 991 3100 1057; x_wconf 66' lang='lat' dir='ltr'>viee-5</span> 
     </span>
     <span class='ocr_line' id='line_1_7' title="bbox 454 1090 3041 1179; baseline 0 -22"><span class='ocrx_word' id='word_1_54' title='bbox 454 1094 569 1172; x_wconf 77' lang='grc' dir='ltr'>μὲν</span> <span class='ocrx_word' id='word_1_55' title='bbox 616 1092 888 1171; x_wconf 85' lang='grc' dir='ltr'>Χλώρου</span> <span class='ocrx_word' id='word_1_56' title='bbox 930 1097 1050 1158; x_wconf 82' lang='grc' dir='ltr'>τοῦ</span> <span class='ocrx_word' id='word_1_57' title='bbox 1078 1090 1456 1177; x_wconf 86' lang='grc' dir='ltr'>Πελαςγοῦ,</span> <span class='ocrx_word' id='word_1_58' title='bbox 1501 1097 1710 1175; x_wconf 86' lang='grc' dir='ltr'>πατὴρ</span> <span class='ocrx_word' id='word_1_59' title='bbox 1756 1099 1826 1160; x_wconf 76' lang='grc' dir='ltr'>δὲ</span> <span class='ocrx_word' id='word_1_60' title='bbox 1860 1096 2212 1179; x_wconf 85' lang='grc' dir='ltr'>Οεςςαλοῦ,</span> <span class='ocrx_word' id='word_1_61' title='bbox 2261 1096 2349 1160; x_wconf 82' lang='grc' dir='ltr'>ὡς</span> <span class='ocrx_word' id='word_1_62' title='bbox 2393 1094 2643 1160; x_wconf 87' lang='grc' dir='ltr'>Ῥιανὸς</span> <span class='ocrx_word' id='word_1_63' title='bbox 2686 1095 2790 1159; x_wconf 81' lang='grc' dir='ltr'>καὶ</span> <span class='ocrx_word' id='word_1_64' title='bbox 2831 1093 3041 1176; x_wconf 84' lang='grc' dir='ltr'>ἄλλοι,</span> 
     </span>
     <span class='ocr_line' id='line_1_8' title="bbox 452 1194 3042 1278; baseline -0 -19"><span class='ocrx_word' id='word_1_65' title='bbox 452 1195 557 1259; x_wconf 83' lang='grc' dir='ltr'>καὶ</span> <span class='ocrx_word' id='word_1_66' title='bbox 597 1196 675 1261; x_wconf 90' lang='grc' dir='ltr'>τὸ</span> <span class='ocrx_word' id='word_1_67' title='bbox 720 1194 974 1260; x_wconf 76' lang='grc' dir='ltr'>ε’θνικόν</span> <span class='ocrx_word' id='word_1_68' title='bbox 1018 1195 1400 1277; x_wconf 84' lang='grc' dir='ltr'>ὁμοφώνως.</span> <span class='ocrx_word' id='word_1_69' title='bbox 1490 1196 1859 1277; x_wconf 89' lang='grc' dir='ltr'>ἀναίμων.</span> <span class='ocrx_word' id='word_1_70' title='bbox 1949 1198 2303 1278; x_wconf 87' lang='grc' dir='ltr'>Εὐαίμων</span> <span class='ocrx_word' id='word_1_71' title='bbox 2359 1197 2544 1262; x_wconf 91' lang='grc' dir='ltr'>πόλις</span> <span class='ocrx_word' id='word_1_72' title='bbox 2591 1195 3042 1276; x_wconf 87' lang='grc' dir='ltr'>Ὀρχομενίων.</span> 
     </span>
     <span class='ocr_line' id='line_1_9' title="bbox 456 1297 3042 1383; baseline 0.001 -22"><span class='ocrx_word' id='word_1_73' title='bbox 456 1297 844 1376; x_wconf 84' lang='grc' dir='ltr'>Θεόπομπος</span> <span class='ocrx_word' id='word_1_74' title='bbox 890 1297 961 1362; x_wconf 83' lang='grc' dir='ltr'>ἐν</span> <span class='ocrx_word' id='word_1_75' title='bbox 1007 1298 1184 1383; x_wconf 82' lang='grc' dir='ltr'>ἕκτῳ.</span> <span class='ocrx_word' id='word_1_76' title='bbox 1244 1301 1782 1383; x_wconf 77' lang='grc' dir='ltr'>κακοδαίμων,</span> <span class='ocrx_word' id='word_1_77' title='bbox 1829 1300 2260 1383; x_wconf 80' lang='grc' dir='ltr'>εὐδαίμων,</span> <span class='ocrx_word' id='word_1_78' title='bbox 2306 1300 2811 1379; x_wconf 85' lang='grc' dir='ltr'>Λακεδαίμων</span> <span class='ocrx_word' id='word_1_79' title='bbox 2854 1299 3042 1363; x_wconf 89' lang='grc' dir='ltr'>πόλις</span> 
     </span>
     <span class='ocr_line' id='line_1_10' title="bbox 454 1390 3042 1487; baseline 0 -24"><span class='ocrx_word' id='word_1_80' title='bbox 454 1400 842 1478; x_wconf 84' lang='grc' dir='ltr'>ἐνδοξοτάτη</span> <span class='ocrx_word' id='word_1_81' title='bbox 885 1405 1017 1465; x_wconf 85' lang='grc' dir='ltr'>τῶν</span> <span class='ocrx_word' id='word_1_82' title='bbox 1062 1401 1134 1466; x_wconf 78' lang='grc' dir='ltr'>ἐν</span> <span class='ocrx_word' id='word_1_83' title='bbox 1177 1401 1680 1487; x_wconf 83' lang='grc' dir='ltr'>Πελοποννήςῳ.</span> <span class='ocrx_word' id='word_1_84' title='bbox 1767 1404 2207 1482; x_wconf 85' lang='grc' dir='ltr'>Λακεδαίμονα</span> <span class='ocrx_word' id='word_1_85' title='bbox 2261 1404 2332 1467; x_wconf 81' lang='grc' dir='ltr'>δὲ</span> <span class='ocrx_word' id='word_1_86' title='bbox 2388 1390 2450 1466; x_wconf 83' lang='grc' dir='ltr'>οἱ</span> <span class='ocrx_word' id='word_1_87' title='bbox 2507 1404 2620 1482; x_wconf 81' lang='grc' dir='ltr'>μὲν</span> <span class='ocrx_word' id='word_1_88' title='bbox 2678 1400 2809 1465; x_wconf 86' lang='grc' dir='ltr'>ἀπὸ</span> <span class='ocrx_word' id='word_1_89' title='bbox 2849 1400 3042 1465; x_wconf 87' lang='grc' dir='ltr'>Λακε-</span> 
     </span>
     <span class='ocr_line' id='line_1_11' title="bbox 455 1501 3147 1586; baseline 0 -20"><span class='ocrx_word' id='word_1_90' title='bbox 455 1502 758 1581; x_wconf 89' lang='grc' dir='ltr'>δαίμονος</span> <span class='ocrx_word' id='word_1_91' title='bbox 801 1501 841 1579; x_wconf 85' lang='grc' dir='ltr'>ἢ</span> <span class='ocrx_word' id='word_1_92' title='bbox 888 1502 986 1566; x_wconf 88' lang='grc' dir='ltr'>ὅτι</span> <span class='ocrx_word' id='word_1_93' title='bbox 1031 1503 1186 1582; x_wconf 88' lang='grc' dir='ltr'>μετὰ</span> <span class='ocrx_word' id='word_1_94' title='bbox 1229 1505 1346 1583; x_wconf 87' lang='grc' dir='ltr'>τὴν</span> <span class='ocrx_word' id='word_1_95' title='bbox 1403 1510 1534 1570; x_wconf 86' lang='grc' dir='ltr'>τῶν</span> <span class='ocrx_word' id='word_1_96' title='bbox 1577 1504 2008 1583; x_wconf 85' lang='grc' dir='ltr'>Ἡρακλειδῶν</span> <span class='ocrx_word' id='word_1_97' title='bbox 2053 1506 2335 1570; x_wconf 87' lang='grc' dir='ltr'>κάθοδον</span> <span class='ocrx_word' id='word_1_98' title='bbox 2381 1504 2781 1583; x_wconf 90' lang='grc' dir='ltr'>ςυνθεμένων</span> <span class='ocrx_word' id='word_1_99' title='bbox 2826 1504 3043 1586; x_wconf 82' lang='grc' dir='ltr'>κλήρῳ</span> <span class='ocrx_word' id='word_1_100' title='bbox 3086 1508 3147 1557; x_wconf 84' lang='lat'>10</span> 
     </span>
     <span class='ocr_line' id='line_1_12' title="bbox 456 1604 3047 1686; baseline 0 -17"><span class='ocrx_word' id='word_1_101' title='bbox 456 1604 883 1682; x_wconf 89' lang='grc' dir='ltr'>διανείμαςθαι</span> <span class='ocrx_word' id='word_1_102' title='bbox 939 1606 1056 1683; x_wconf 90' lang='grc' dir='ltr'>τὴν</span> <span class='ocrx_word' id='word_1_103' title='bbox 1101 1605 1321 1684; x_wconf 85' lang='grc' dir='ltr'>χώραν</span> <span class='ocrx_word' id='word_1_104' title='bbox 1380 1607 1481 1671; x_wconf 84' lang='grc' dir='ltr'>καὶ</span> <span class='ocrx_word' id='word_1_105' title='bbox 1535 1609 1652 1673; x_wconf 90' lang='grc' dir='ltr'>τὸν</span> <span class='ocrx_word' id='word_1_106' title='bbox 1713 1608 1999 1686; x_wconf 89' lang='grc' dir='ltr'>λαχόντα</span> <span class='ocrx_word' id='word_1_107' title='bbox 2054 1612 2318 1686; x_wconf 84' lang='grc' dir='ltr'>πρῶτον</span> <span class='ocrx_word' id='word_1_108' title='bbox 2373 1608 2609 1686; x_wconf 91' lang='grc' dir='ltr'>ταύτην</span> <span class='ocrx_word' id='word_1_109' title='bbox 2666 1607 2885 1686; x_wconf 85' lang='grc' dir='ltr'>λαβεῖν</span> <span class='ocrx_word' id='word_1_110' title='bbox 2944 1607 3047 1670; x_wconf 85' lang='grc' dir='ltr'>καὶ</span> 
     </span>
     <span class='ocr_line' id='line_1_13' title="bbox 457 1706 3044 1793; baseline 0 -22"><span class='ocrx_word' id='word_1_111' title='bbox 457 1706 899 1786; x_wconf 91' lang='grc' dir='ltr'>Λαχεδαίμονα</span> <span class='ocrx_word' id='word_1_112' title='bbox 959 1709 1262 1786; x_wconf 85' lang='grc' dir='ltr'>κληθῆναι</span> <span class='ocrx_word' id='word_1_113' title='bbox 1331 1708 1369 1786; x_wconf 79' lang='grc' dir='ltr'>ἢ</span> <span class='ocrx_word' id='word_1_114' title='bbox 1431 1708 1905 1792; x_wconf 91' lang='grc' dir='ltr'>Λαβεδαίμονα,</span> <span class='ocrx_word' id='word_1_115' title='bbox 1975 1709 2135 1774; x_wconf 89' lang='grc' dir='ltr'>διότι</span> <span class='ocrx_word' id='word_1_116' title='bbox 2203 1708 2424 1793; x_wconf 80' lang='grc' dir='ltr'>ἀγαθῷ</span> <span class='ocrx_word' id='word_1_117' title='bbox 2491 1707 2742 1788; x_wconf 91' lang='grc' dir='ltr'>δαίμονι</span> <span class='ocrx_word' id='word_1_118' title='bbox 2807 1708 3044 1787; x_wconf 90' lang='grc' dir='ltr'>ταύτην</span> 
     </span>
     <span class='ocr_line' id='line_1_14' title="bbox 457 1798 3049 1895; baseline 0 -23"><span class='ocrx_word' id='word_1_119' title='bbox 457 1808 691 1889; x_wconf 82' lang='grc' dir='ltr'>ἔλαβεν</span> <span class='ocrx_word' id='word_1_120' title='bbox 751 1807 790 1872; x_wconf 99' lang='lat'>6</span> <span class='ocrx_word' id='word_1_121' title='bbox 836 1810 1054 1888; x_wconf 85' lang='grc' dir='ltr'>λαβὼν</span> <span class='ocrx_word' id='word_1_122' title='bbox 1117 1809 1156 1887; x_wconf 85' lang='grc' dir='ltr'>ἢ</span> <span class='ocrx_word' id='word_1_123' title='bbox 1202 1809 1434 1888; x_wconf 84' lang='grc' dir='ltr'>ἔλαχεν</span> <span class='ocrx_word' id='word_1_124' title='bbox 1490 1810 1527 1874; x_wconf 92' lang='lat'>6</span> <span class='ocrx_word' id='word_1_125' title='bbox 1582 1814 1800 1889; x_wconf 85' lang='grc' dir='ltr'>λαχὼν</span> <span class='ocrx_word' id='word_1_126' title='bbox 1858 1813 1959 1875; x_wconf 86' lang='grc' dir='ltr'>καὶ</span> <span class='ocrx_word' id='word_1_127' title='bbox 2010 1818 2219 1895; x_wconf 79' lang='grc' dir='ltr'>τροπῇ</span> <span class='ocrx_word' id='word_1_128' title='bbox 2264 1814 2382 1876; x_wconf 87' lang='grc' dir='ltr'>τοῦ</span> <span class='ocrx_word' id='word_1_129' title='bbox 2434 1798 2481 1891; x_wconf 71' lang='grc' dir='ltr'>β</span> <span class='ocrx_word' id='word_1_130' title='bbox 2530 1812 2569 1889; x_wconf 84' lang='grc' dir='ltr'>ἢ</span> <span class='ocrx_word' id='word_1_131' title='bbox 2625 1814 2743 1875; x_wconf 85' lang='grc' dir='ltr'>τοῦ</span> <span class='ocrx_word' id='word_1_132' title='bbox 2787 1817 2826 1889; x_wconf 72' lang='grc' dir='ltr'>χ</span> <span class='ocrx_word' id='word_1_133' title='bbox 2882 1810 2970 1874; x_wconf 90' lang='grc' dir='ltr'>εἰς</span> <span class='ocrx_word' id='word_1_134' title='bbox 3013 1812 3049 1871; x_wconf 81' lang='grc' dir='ltr'>κ</span> 
     </span>
     <span class='ocr_line' id='line_1_15' title="bbox 457 1909 3048 1993; baseline 0 -18"><span class='ocrx_word' id='word_1_135' title='bbox 457 1910 909 1988; x_wconf 88' lang='grc' dir='ltr'>Λακεδαίμονα.</span> <span class='ocrx_word' id='word_1_136' title='bbox 978 1909 1104 1975; x_wconf 82' lang='grc' dir='ltr'>ἔςτι</span> <span class='ocrx_word' id='word_1_137' title='bbox 1149 1912 1221 1975; x_wconf 79' lang='grc' dir='ltr'>δὲ</span> <span class='ocrx_word' id='word_1_138' title='bbox 1264 1913 1368 1976; x_wconf 85' lang='grc' dir='ltr'>καὶ</span> <span class='ocrx_word' id='word_1_139' title='bbox 1410 1911 1595 1991; x_wconf 87' lang='grc' dir='ltr'>ἑτέρα</span> <span class='ocrx_word' id='word_1_140' title='bbox 1624 1912 2034 1993; x_wconf 87' lang='grc' dir='ltr'>Λακεδαίμων</span> <span class='ocrx_word' id='word_1_141' title='bbox 2076 1914 2334 1993; x_wconf 88' lang='grc' dir='ltr'>Κύπρου</span> <span class='ocrx_word' id='word_1_142' title='bbox 2380 1912 2721 1992; x_wconf 89' lang='grc' dir='ltr'>μεςόγειος.</span> <span class='ocrx_word' id='word_1_143' title='bbox 2782 1912 3048 1992; x_wconf 89' lang='grc' dir='ltr'>ὀλβιο-</span> 
     </span>
     <span class='ocr_line' id='line_1_16' title="bbox 459 2012 3151 2096; baseline 0.003 -19"><span class='ocrx_word' id='word_1_144' title='bbox 459 2012 789 2096; x_wconf 92' lang='grc' dir='ltr'>δαίμων,</span> <span class='ocrx_word' id='word_1_145' title='bbox 833 2012 1280 2092; x_wconf 87' lang='grc' dir='ltr'>Παλαίμων.</span> <span class='ocrx_word' id='word_1_146' title='bbox 3090 2037 3151 2086; x_wconf 86' lang='lat'>15</span> 
     </span>
    </p>
   </div>
   <div class='ocr_carea' id='block_1_3' title="bbox 457 2131 3156 2724">
    <p class='ocr_par' dir='ltr' id='par_1_4' title="bbox 457 2131 3156 2724">
     <span class='ocr_line' id='line_1_17' title="bbox 625 2131 3053 2220; baseline 0.001 -25"><span class='ocrx_word' id='word_1_147' title='bbox 625 2131 716 2197; x_wconf 86' lang='grc' dir='ltr'>Τὰ</span> <span class='ocrx_word' id='word_1_148' title='bbox 778 2131 866 2196; x_wconf 83' lang='grc' dir='ltr'>εἰς</span> <span class='ocrx_word' id='word_1_149' title='bbox 912 2135 1049 2197; x_wconf 76' lang='grc' dir='ltr'>νων</span> <span class='ocrx_word' id='word_1_150' title='bbox 1094 2131 1331 2211; x_wconf 82' lang='grc' dir='ltr'>ἔχοντα</span> <span class='ocrx_word' id='word_1_151' title='bbox 1386 2134 1735 2214; x_wconf 91' lang='grc' dir='ltr'>ςύμφωνον</span> <span class='ocrx_word' id='word_1_152' title='bbox 1791 2135 1865 2200; x_wconf 79' lang='grc' dir='ltr'>ἐν</span> <span class='ocrx_word' id='word_1_153' title='bbox 1909 2134 2223 2220; x_wconf 77' lang='grc' dir='ltr'>ἐπιπλοκῇ</span> <span class='ocrx_word' id='word_1_154' title='bbox 2280 2136 2318 2213; x_wconf 87' lang='grc' dir='ltr'>ἢ</span> <span class='ocrx_word' id='word_1_155' title='bbox 2376 2135 2536 2199; x_wconf 87' lang='grc' dir='ltr'>κατὰ</span> <span class='ocrx_word' id='word_1_156' title='bbox 2590 2134 2935 2215; x_wconf 90' lang='grc' dir='ltr'>διὰςταςιν,</span> <span class='ocrx_word' id='word_1_157' title='bbox 2997 2132 3053 2197; x_wconf 85' lang='grc' dir='ltr'>εἰ</span> 
     </span>
     <span class='ocr_line' id='line_1_18' title="bbox 459 2233 3052 2319; baseline 0.001 -23"><span class='ocrx_word' id='word_1_158' title='bbox 459 2234 541 2319; x_wconf 81' lang='grc' dir='ltr'>μῂ</span> <span class='ocrx_word' id='word_1_159' title='bbox 585 2234 690 2297; x_wconf 83' lang='grc' dir='ltr'>ἐπὶ</span> <span class='ocrx_word' id='word_1_160' title='bbox 733 2233 988 2297; x_wconf 90' lang='grc' dir='ltr'>πόλεως</span> <span class='ocrx_word' id='word_1_161' title='bbox 1032 2233 1128 2312; x_wconf 86' lang='grc' dir='ltr'>εἴη</span> <span class='ocrx_word' id='word_1_162' title='bbox 1174 2235 1212 2312; x_wconf 86' lang='grc' dir='ltr'>ἢ</span> <span class='ocrx_word' id='word_1_163' title='bbox 1257 2236 1645 2317; x_wconf 90' lang='grc' dir='ltr'>περιεκτικά,</span> <span class='ocrx_word' id='word_1_164' title='bbox 1692 2237 2060 2317; x_wconf 83' lang='grc' dir='ltr'>βαρύνεται,</span> <span class='ocrx_word' id='word_1_165' title='bbox 2110 2238 2475 2319; x_wconf 84' lang='grc' dir='ltr'>Μέμνων,</span> <span class='ocrx_word' id='word_1_166' title='bbox 2532 2237 2657 2301; x_wconf 86' lang='grc' dir='ltr'>ἔςτι</span> <span class='ocrx_word' id='word_1_167' title='bbox 2714 2238 2818 2300; x_wconf 90' lang='grc' dir='ltr'>καὶ</span> <span class='ocrx_word' id='word_1_168' title='bbox 2861 2234 3052 2300; x_wconf 87' lang='grc' dir='ltr'>ἔθνος</span> 
     </span>
     <span class='ocr_line' id='line_1_19' title="bbox 457 2335 3050 2421; baseline 0.001 -22"><span class='ocrx_word' id='word_1_169' title='bbox 457 2335 863 2417; x_wconf 81' lang='grc' dir='ltr'>Αἰθιοπικὸν,</span> <span class='ocrx_word' id='word_1_170' title='bbox 920 2336 957 2400; x_wconf 92' lang='grc' dir='ltr'>ὃ</span> <span class='ocrx_word' id='word_1_171' title='bbox 1015 2335 1453 2419; x_wconf 85' lang='grc' dir='ltr'>ἑρμηνεύεται,</span> <span class='ocrx_word' id='word_1_172' title='bbox 1523 2338 1612 2402; x_wconf 83' lang='grc' dir='ltr'>ὡς</span> <span class='ocrx_word' id='word_1_173' title='bbox 1668 2337 1706 2403; x_wconf 89' lang='lat'>6</span> <span class='ocrx_word' id='word_1_174' title='bbox 1762 2338 2123 2417; x_wconf 90' lang='grc' dir='ltr'>πολυίςτωρ</span> <span class='ocrx_word' id='word_1_175' title='bbox 2178 2340 2397 2421; x_wconf 88' lang='grc' dir='ltr'>φηςίν,</span> <span class='ocrx_word' id='word_1_176' title='bbox 2459 2338 2723 2416; x_wconf 72' lang='grc' dir='ltr'>ἀγρίους</span> <span class='ocrx_word' id='word_1_177' title='bbox 2775 2338 2954 2402; x_wconf 87' lang='grc' dir='ltr'>τινὰς</span> <span class='ocrx_word' id='word_1_178' title='bbox 3011 2337 3050 2414; x_wconf 87' lang='grc' dir='ltr'>ἢ</span> 
     </span>
     <span class='ocr_line' id='line_1_20' title="bbox 460 2437 3049 2521; baseline 0 -20"><span class='ocrx_word' id='word_1_179' title='bbox 460 2438 768 2516; x_wconf 86' lang='grc' dir='ltr'>μαχίμους</span> <span class='ocrx_word' id='word_1_180' title='bbox 812 2437 914 2501; x_wconf 84' lang='grc' dir='ltr'>καὶ</span> <span class='ocrx_word' id='word_1_181' title='bbox 967 2438 1307 2515; x_wconf 88' lang='grc' dir='ltr'>χαλεπούς.</span> <span class='ocrx_word' id='word_1_182' title='bbox 1396 2439 1783 2521; x_wconf 86' lang='grc' dir='ltr'>Δάφνων,</span> <span class='ocrx_word' id='word_1_183' title='bbox 1842 2440 2162 2515; x_wconf 84' lang='grc' dir='ltr'>Ἅγνων.</span> <span class='ocrx_word' id='word_1_184' title='bbox 2253 2439 2561 2505; x_wconf 78' lang='grc' dir='ltr'>(έννων</span> <span class='ocrx_word' id='word_1_185' title='bbox 2619 2440 2808 2504; x_wconf 82' lang='grc' dir='ltr'>ἔθνος</span> <span class='ocrx_word' id='word_1_186' title='bbox 2855 2440 2895 2503; x_wconf 90' lang='grc' dir='ltr'>Γ</span> <span class='ocrx_word' id='word_1_187' title='bbox 2896 2441 3049 2503; x_wconf 93' lang='grc' dir='ltr'>αλα-</span> 
     </span>
     <span class='ocr_line' id='line_1_21' title="bbox 457 2538 3156 2618; baseline 0.001 -16"><span class='ocrx_word' id='word_1_188' title='bbox 457 2540 651 2603; x_wconf 86' lang='grc' dir='ltr'>τικόν.</span> <span class='ocrx_word' id='word_1_189' title='bbox 738 2539 815 2603; x_wconf 85' lang='grc' dir='ltr'>τὸ</span> <span class='ocrx_word' id='word_1_190' title='bbox 865 2538 1235 2616; x_wconf 85' lang='grc' dir='ltr'>Κραννών</span> <span class='ocrx_word' id='word_1_191' title='bbox 1283 2539 1373 2604; x_wconf 80' lang='grc' dir='ltr'>ὡς</span> <span class='ocrx_word' id='word_1_192' title='bbox 1417 2540 1523 2604; x_wconf 82' lang='grc' dir='ltr'>ἐπὶ</span> <span class='ocrx_word' id='word_1_193' title='bbox 1563 2541 1818 2606; x_wconf 91' lang='grc' dir='ltr'>πόλεως</span> <span class='ocrx_word' id='word_1_194' title='bbox 1863 2541 2182 2608; x_wconf 88' lang='grc' dir='ltr'>ὀξύνεται·</span> <span class='ocrx_word' id='word_1_195' title='bbox 2228 2542 2353 2606; x_wconf 86' lang='grc' dir='ltr'>ἔςτι</span> <span class='ocrx_word' id='word_1_196' title='bbox 2401 2544 2471 2606; x_wconf 80' lang='grc' dir='ltr'>δὲ</span> <span class='ocrx_word' id='word_1_197' title='bbox 2515 2541 2703 2606; x_wconf 90' lang='grc' dir='ltr'>πόλις</span> <span class='ocrx_word' id='word_1_198' title='bbox 2745 2545 2856 2618; x_wconf 88' lang='grc' dir='ltr'>τῆς</span> <span class='ocrx_word' id='word_1_199' title='bbox 2899 2540 3050 2604; x_wconf 85' lang='grc' dir='ltr'>Θες-</span> <span class='ocrx_word' id='word_1_200' title='bbox 3088 2546 3156 2595; x_wconf 82' lang='lat'>20</span> 
     </span>
     <span class='ocr_line' id='line_1_22' title="bbox 462 2639 3051 2724; baseline -0.001 -19"><span class='ocrx_word' id='word_1_201' title='bbox 462 2639 677 2705; x_wconf 91' lang='grc' dir='ltr'>ςαλίας</span> <span class='ocrx_word' id='word_1_202' title='bbox 738 2643 852 2717; x_wconf 85' lang='grc' dir='ltr'>τῆς</span> <span class='ocrx_word' id='word_1_203' title='bbox 906 2640 1422 2717; x_wconf 85' lang='grc' dir='ltr'>Πελαςγιώτιδος</span> <span class='ocrx_word' id='word_1_204' title='bbox 1488 2642 1557 2707; x_wconf 83' lang='grc' dir='ltr'>ἑν</span> <span class='ocrx_word' id='word_1_205' title='bbox 1623 2645 1761 2707; x_wconf 88' lang='grc' dir='ltr'>τοῖς</span> <span class='ocrx_word' id='word_1_206' title='bbox 1819 2642 2158 2724; x_wconf 90' lang='grc' dir='ltr'>Τέμπεςιν,</span> <span class='ocrx_word' id='word_1_207' title='bbox 2228 2643 2317 2708; x_wconf 81' lang='grc' dir='ltr'>ὡς</span> <span class='ocrx_word' id='word_1_208' title='bbox 2380 2643 2702 2707; x_wconf 85' lang='grc' dir='ltr'>Ἑκαταῖος</span> <span class='ocrx_word' id='word_1_209' title='bbox 2761 2640 3051 2723; x_wconf 85' lang='grc' dir='ltr'>Εὐρώπῃ.</span> 
     </span>
    </p>
   </div>
   <div class='ocr_carea' id='block_1_4' title="bbox 459 2740 3051 2926">
    <p class='ocr_par' dir='ltr' id='par_1_5' title="bbox 459 2740 3051 2926">
     <span class='ocr_line' id='line_1_23' title="bbox 459 2740 3051 2824; baseline 0 -16"><span class='ocrx_word' id='word_1_210' title='bbox 459 2742 587 2808; x_wconf 80' lang='grc' dir='ltr'>ἔςτι</span> <span class='ocrx_word' id='word_1_211' title='bbox 631 2742 736 2807; x_wconf 78' lang='grc' dir='ltr'>καὶ</span> <span class='ocrx_word' id='word_1_212' title='bbox 779 2740 943 2822; x_wconf 84' lang='grc' dir='ltr'>ἄλλη</span> <span class='ocrx_word' id='word_1_213' title='bbox 988 2744 1172 2808; x_wconf 90' lang='grc' dir='ltr'>πόλις</span> <span class='ocrx_word' id='word_1_214' title='bbox 1216 2744 1592 2824; x_wconf 86' lang='grc' dir='ltr'>Ἀθαμανίας</span> <span class='ocrx_word' id='word_1_215' title='bbox 1636 2743 1767 2809; x_wconf 89' lang='grc' dir='ltr'>ἀπὸ</span> <span class='ocrx_word' id='word_1_216' title='bbox 1818 2745 2198 2824; x_wconf 87' lang='grc' dir='ltr'>Κραννῶνος</span> <span class='ocrx_word' id='word_1_217' title='bbox 2242 2748 2359 2810; x_wconf 81' lang='grc' dir='ltr'>τοῦ</span> <span class='ocrx_word' id='word_1_218' title='bbox 2401 2745 2757 2821; x_wconf 85' lang='grc' dir='ltr'>Πελαςγοῦ.</span> <span class='ocrx_word' id='word_1_219' title='bbox 2831 2745 2933 2809; x_wconf 88' lang='grc' dir='ltr'>καὶ</span> <span class='ocrx_word' id='word_1_220' title='bbox 2976 2744 3051 2808; x_wconf 90' lang='grc' dir='ltr'>τὸ</span> 
     </span>
     <span class='ocr_line' id='line_1_24' title="bbox 462 2844 1381 2926; baseline 0.001 -17"><span class='ocrx_word' id='word_1_221' title='bbox 462 2845 791 2925; x_wconf 82' lang='grc' dir='ltr'>δαφνών</span> <span class='ocrx_word' id='word_1_222' title='bbox 839 2844 930 2911; x_wconf 79' lang='grc' dir='ltr'>ὡς</span> <span class='ocrx_word' id='word_1_223' title='bbox 973 2847 1381 2926; x_wconf 86' lang='grc' dir='ltr'>περιεκτικόν.</span> 
     </span>
    </p>
   </div>
   <div class='ocr_carea' id='block_1_5' title="bbox 462 2964 3217 3164">
    <p class='ocr_par' dir='ltr' id='par_1_6' title="bbox 462 2964 3217 3164">
     <span class='ocr_line' id='line_1_25' title="bbox 631 2964 3050 3048; baseline -0 -19"><span class='ocrx_word' id='word_1_224' title='bbox 631 2965 725 3029; x_wconf 90' lang='grc' dir='ltr'>Τὰ</span> <span class='ocrx_word' id='word_1_225' title='bbox 758 2964 859 3029; x_wconf 68' lang='grc' dir='ltr'>εἰς</span> <span class='ocrx_word' id='word_1_226' title='bbox 909 2968 1062 3031; x_wconf 64' lang='lat' dir='ltr'>Vu‘ffi</span> <span class='ocrx_word' id='word_1_227' title='bbox 1107 2965 1343 3045; x_wconf 82' lang='grc' dir='ltr'>ἔχοντα</span> <span class='ocrx_word' id='word_1_228' title='bbox 1386 2968 1502 3045; x_wconf 83' lang='grc' dir='ltr'>τὴν</span> <span class='ocrx_word' id='word_1_229' title='bbox 1546 2967 1676 3045; x_wconf 90' lang='grc' dir='ltr'>πρὸ</span> <span class='ocrx_word' id='word_1_230' title='bbox 1718 2967 1946 3031; x_wconf 91' lang='grc' dir='ltr'>τέλους</span> <span class='ocrx_word' id='word_1_231' title='bbox 2001 2965 2089 3032; x_wconf 83' lang='grc' dir='ltr'>εἰς</span> <span class='ocrx_word' id='word_1_232' title='bbox 2130 2970 2394 3048; x_wconf 85' lang='grc' dir='ltr'>φωνῆεν</span> <span class='ocrx_word' id='word_1_233' title='bbox 2446 2967 2485 3046; x_wconf 81' lang='grc' dir='ltr'>ἢ</span> <span class='ocrx_word' id='word_1_234' title='bbox 2541 2966 2888 3048; x_wconf 88' lang='grc' dir='ltr'>φωνήεντα</span> <span class='ocrx_word' id='word_1_235' title='bbox 2942 2965 3050 3044; x_wconf 84' lang='grc' dir='ltr'>λή-</span> 
     </span>
     <span class='ocr_line' id='line_1_26' title="bbox 462 3066 3217 3164; baseline -0.001 -30"><span class='ocrx_word' id='word_1_236' title='bbox 462 3087 699 3151; x_wconf 87' lang='grc' dir='ltr'>γοντα,</span> <span class='ocrx_word' id='word_1_237' title='bbox 744 3067 799 3132; x_wconf 84' lang='grc' dir='ltr'>εἰ</span> <span class='ocrx_word' id='word_1_238' title='bbox 842 3069 924 3147; x_wconf 86' lang='grc' dir='ltr'>μὴ</span> <span class='ocrx_word' id='word_1_239' title='bbox 968 3069 1199 3134; x_wconf 90' lang='grc' dir='ltr'>τοπικὰ</span> <span class='ocrx_word' id='word_1_240' title='bbox 1243 3066 1372 3152; x_wconf 88' lang='grc' dir='ltr'>εἴη,</span> <span class='ocrx_word' id='word_1_241' title='bbox 1419 3069 1756 3149; x_wconf 89' lang='grc' dir='ltr'>βαρύνεται</span> <span class='ocrx_word' id='word_1_242' title='bbox 1802 3070 1906 3133; x_wconf 86' lang='grc' dir='ltr'>καὶ</span> <span class='ocrx_word' id='word_1_243' title='bbox 1948 3070 2026 3133; x_wconf 88' lang='grc' dir='ltr'>τὰ</span> <span class='ocrx_word' id='word_1_244' title='bbox 2072 3069 2177 3133; x_wconf 89' lang='grc' dir='ltr'>διὰ</span> <span class='ocrx_word' id='word_1_245' title='bbox 2218 3072 2337 3134; x_wconf 85' lang='grc' dir='ltr'>τοῦ</span> <span class='ocrx_word' id='word_1_246' title='bbox 2369 3071 2527 3133; x_wconf 59' lang='grc' dir='ltr'>ὀ-ν-ὁῖ</span> <span class='ocrx_word' id='word_1_247' title='bbox 2570 3068 2661 3133; x_wconf 83' lang='grc' dir='ltr'>ὼς</span> <span class='ocrx_word' id='word_1_248' title='bbox 2705 3067 3051 3149; x_wconf 86' lang='grc' dir='ltr'>ἀμείνων</span> <span class='ocrx_word' id='word_1_249' title='bbox 3088 3079 3217 3164; x_wconf 44' lang='lat'>253</span> 
     </span>
    </p>
   </div>
   <div class='ocr_carea' id='block_1_6' title="bbox 464 3275 867 3284">
    <p class='ocr_par' dir='ltr' id='par_1_7' title="bbox 464 3275 867 3284">
     <span class='ocr_line' id='line_1_27' title="bbox 464 3275 867 3284; baseline 0 0"><span class='ocrx_word' id='word_1_250' title='bbox 464 3275 867 3284; x_wconf 95' lang='lat' dir='ltr'> </span> 
     </span>
    </p>
   </div>
   <div class='ocr_carea' id='block_1_7' title="bbox 463 3410 3058 4975">
    <p class='ocr_par' dir='ltr' id='par_1_8' title="bbox 463 3410 3058 4975">
     <span class='ocr_line' id='line_1_28' title="bbox 597 3410 2815 3478; baseline 0 -15"><span class='ocrx_word' id='word_1_251' title='bbox 597 3413 632 3463; x_wconf 89' lang='lat'>1.</span> <span class='ocrx_word' id='word_1_252' title='bbox 673 3415 700 3463; x_wconf 90' lang='lat'>1</span> <span class='ocrx_word' id='word_1_253' title='bbox 739 3428 835 3478; x_wconf 84' lang='lat' dir='ltr'>pro</span> <span class='ocrx_word' id='word_1_254' title='bbox 871 3410 961 3462; x_wconf 85' lang='grc' dir='ltr'>διὰ</span> <span class='ocrx_word' id='word_1_255' title='bbox 993 3413 1098 3476; x_wconf 82' lang='grc' dir='ltr'>τῆς</span> <span class='ocrx_word' id='word_1_256' title='bbox 1133 3412 1164 3461; x_wconf 82' lang='grc' dir='ltr'><strong><em>ὃ</em></strong></span> <span class='ocrx_word' id='word_1_257' title='bbox 1191 3413 1397 3478; x_wconf 81' lang='lat' dir='ltr'>-seripsi</span> <span class='ocrx_word' id='word_1_258' title='bbox 1431 3411 1519 3463; x_wconf 83' lang='grc' dir='ltr'>διὰ</span> <span class='ocrx_word' id='word_1_259' title='bbox 1554 3413 1660 3463; x_wconf 81' lang='grc' dir='ltr'>τοῦ</span> <span class='ocrx_word' id='word_1_260' title='bbox 1695 3413 1756 3472; x_wconf 77' lang='grc'>’6;</span> <span class='ocrx_word' id='word_1_261' title='bbox 1795 3427 1894 3478; x_wconf 85' lang='lat' dir='ltr'>pro</span> <span class='ocrx_word' id='word_1_262' title='bbox 1930 3410 2019 3463; x_wconf 83' lang='grc' dir='ltr'>διὰ</span> <span class='ocrx_word' id='word_1_263' title='bbox 2052 3413 2158 3463; x_wconf 80' lang='grc' dir='ltr'>τοῦ</span> <span class='ocrx_word' id='word_1_264' title='bbox 2196 3412 2230 3462; x_wconf 78' lang='grc' dir='ltr'>ἓ</span> <span class='ocrx_word' id='word_1_265' title='bbox 2266 3411 2444 3463; x_wconf 84' lang='lat' dir='ltr'><strong>Schm.</strong></span> <span class='ocrx_word' id='word_1_266' title='bbox 2483 3411 2572 3463; x_wconf 83' lang='grc' dir='ltr'>διὰ</span> <span class='ocrx_word' id='word_1_267' title='bbox 2608 3413 2711 3463; x_wconf 80' lang='grc' dir='ltr'>τοῦ</span> <span class='ocrx_word' id='word_1_268' title='bbox 2749 3415 2815 3463; x_wconf 72' lang='grc' dir='ltr'>ὢ.</span> 
     </span>
     <span class='ocr_line' id='line_1_29' title="bbox 465 3478 3053 3546; baseline -0.001 -15"><span class='ocrx_word' id='word_1_269' title='bbox 465 3481 502 3531; x_wconf 91' lang='lat' dir='ltr'>l.</span> <span class='ocrx_word' id='word_1_270' title='bbox 542 3484 573 3532; x_wconf 81' lang='lat'><strong>3</strong></span> <span class='ocrx_word' id='word_1_271' title='bbox 621 3497 717 3546; x_wconf 84' lang='lat' dir='ltr'>pro</span> <span class='ocrx_word' id='word_1_272' title='bbox 762 3478 960 3543; x_wconf 89' lang='grc' dir='ltr'>τυμών</span> <span class='ocrx_word' id='word_1_273' title='bbox 995 3481 1131 3530; x_wconf 89' lang='lat' dir='ltr'>Lob.</span> <span class='ocrx_word' id='word_1_274' title='bbox 1182 3481 1254 3530; x_wconf 78' lang='lat' dir='ltr'>ad</span> <span class='ocrx_word' id='word_1_275' title='bbox 1290 3481 1377 3530; x_wconf 86' lang='lat' dir='ltr'>Ai.</span> <span class='ocrx_word' id='word_1_276' title='bbox 1417 3483 1510 3530; x_wconf 88' lang='grc'>171</span> <span class='ocrx_word' id='word_1_277' title='bbox 1561 3486 1674 3531; x_wconf 82' lang='lat' dir='ltr'><strong>not.</strong></span> <span class='ocrx_word' id='word_1_278' title='bbox 1710 3483 1777 3532; x_wconf 90' lang='grc'>20</span> <span class='ocrx_word' id='word_1_279' title='bbox 1820 3478 2123 3544; x_wconf 87' lang='grc' dir='ltr'>δαιτυμών.</span> <span class='ocrx_word' id='word_1_280' title='bbox 2356 3481 2439 3530; x_wconf 87' lang='lat' dir='ltr'>De</span> <span class='ocrx_word' id='word_1_281' title='bbox 2481 3478 2713 3542; x_wconf 87' lang='grc' dir='ltr'>Ἰτυμών</span> <span class='ocrx_word' id='word_1_282' title='bbox 2758 3480 2828 3531; x_wconf 88' lang='lat' dir='ltr'>cf.</span> <span class='ocrx_word' id='word_1_283' title='bbox 2876 3479 3053 3532; x_wconf 80' lang='lat' dir='ltr'>Lehrs</span> 
     </span>
     <span class='ocr_line' id='line_1_30' title="bbox 467 3545 3053 3614; baseline -0.001 -15"><span class='ocrx_word' id='word_1_284' title='bbox 467 3547 539 3599; x_wconf 77' lang='lat' dir='ltr'>ad</span> <span class='ocrx_word' id='word_1_285' title='bbox 575 3549 785 3600; x_wconf 83' lang='lat' dir='ltr'><strong>Herod.</strong></span> <span class='ocrx_word' id='word_1_286' title='bbox 821 3547 1005 3598; x_wconf 83' lang='lat' dir='ltr'><strong>Dichr.</strong></span> <span class='ocrx_word' id='word_1_287' title='bbox 1041 3550 1160 3610; x_wconf 86' lang='grc'>297,</span> <span class='ocrx_word' id='word_1_288' title='bbox 1195 3551 1279 3609; x_wconf 89' lang='grc'>22,</span> <span class='ocrx_word' id='word_1_289' title='bbox 1315 3550 1410 3598; x_wconf 87' lang='lat' dir='ltr'>ubi</span> <span class='ocrx_word' id='word_1_290' title='bbox 1448 3548 1591 3613; x_wconf 86' lang='lat' dir='ltr'>quod</span> <span class='ocrx_word' id='word_1_291' title='bbox 1629 3548 1863 3598; x_wconf 81' lang='lat' dir='ltr'>affertur</span> <span class='ocrx_word' id='word_1_292' title='bbox 1898 3545 2116 3611; x_wconf 82' lang='grc' dir='ltr'>ἰταμών</span> <span class='ocrx_word' id='word_1_293' title='bbox 2150 3549 2255 3598; x_wconf 84' lang='lat' dir='ltr'>huc</span> <span class='ocrx_word' id='word_1_294' title='bbox 2292 3563 2399 3597; x_wconf 87' lang='lat' dir='ltr'>non</span> <span class='ocrx_word' id='word_1_295' title='bbox 2426 3549 2688 3612; x_wconf 80' lang='lat' dir='ltr'><strong>quadrat,</strong></span> <span class='ocrx_word' id='word_1_296' title='bbox 2727 3549 2858 3614; x_wconf 80' lang='lat' dir='ltr'><strong>quia</strong></span> <span class='ocrx_word' id='word_1_297' title='bbox 2895 3563 3053 3613; x_wconf 80' lang='lat' dir='ltr'>para-</span> 
     </span>
     <span class='ocr_line' id='line_1_31' title="bbox 465 3614 3050 3680; baseline 0 -14"><span class='ocrx_word' id='word_1_298' title='bbox 465 3616 608 3668; x_wconf 78' lang='lat' dir='ltr'>lexis</span> <span class='ocrx_word' id='word_1_299' title='bbox 644 3619 681 3668; x_wconf 80' lang='grc' dir='ltr'><strong>ἃ</strong></span> <span class='ocrx_word' id='word_1_300' title='bbox 728 3616 951 3667; x_wconf 78' lang='lat' dir='ltr'>exclusa</span> <span class='ocrx_word' id='word_1_301' title='bbox 996 3620 1099 3666; x_wconf 80' lang='lat' dir='ltr'>est.</span> <span class='ocrx_word' id='word_1_302' title='bbox 1169 3615 1416 3666; x_wconf 77' lang='lat' dir='ltr'><strong>Schmidt</strong></span> <span class='ocrx_word' id='word_1_303' title='bbox 1460 3617 1633 3666; x_wconf 80' lang='lat' dir='ltr'><strong>citato</strong></span> <span class='ocrx_word' id='word_1_304' title='bbox 1679 3616 1946 3667; x_wconf 70' lang='lat' dir='ltr'>&#39;rhenan-r.</span> <span class='ocrx_word' id='word_1_305' title='bbox 1983 3618 2063 3668; x_wconf 86' lang='lat' dir='ltr'>IV</span> <span class='ocrx_word' id='word_1_306' title='bbox 2098 3634 2142 3667; x_wconf 80' lang='lat' dir='ltr'>c..</span> <span class='ocrx_word' id='word_1_307' title='bbox 2182 3619 2278 3666; x_wconf 87' lang='grc'>722</span> <span class='ocrx_word' id='word_1_308' title='bbox 2314 3618 2365 3666; x_wconf 89' lang='grc' dir='ltr'>Ι)</span> <span class='ocrx_word' id='word_1_309' title='bbox 2415 3614 2645 3679; x_wconf 86' lang='grc' dir='ltr'>Ἰτυμών</span> <span class='ocrx_word' id='word_1_310' title='bbox 2680 3616 2718 3669; x_wconf 88' lang='lat' dir='ltr'>i.</span> <span class='ocrx_word' id='word_1_311' title='bbox 2758 3631 2808 3680; x_wconf 90' lang='lat' dir='ltr'>q.</span> <span class='ocrx_word' id='word_1_312' title='bbox 2849 3615 3050 3677; x_wconf 86' lang='grc' dir='ltr'>Ἰτυμο-</span> 
     </span>
     <span class='ocr_line' id='line_1_32' title="bbox 464 3681 3051 3749; baseline -0 -15"><span class='ocrx_word' id='word_1_313' title='bbox 464 3683 610 3736; x_wconf 89' lang='grc' dir='ltr'>νεύς.</span> <span class='ocrx_word' id='word_1_314' title='bbox 660 3683 923 3749; x_wconf 87' lang='grc' dir='ltr'>κηδεμών</span> <span class='ocrx_word' id='word_1_315' title='bbox 961 3700 1028 3734; x_wconf 86' lang='lat' dir='ltr'>ex</span> <span class='ocrx_word' id='word_1_316' title='bbox 1065 3684 1322 3733; x_wconf 80' lang='lat' dir='ltr'><strong>Eustath.</strong></span> <span class='ocrx_word' id='word_1_317' title='bbox 1359 3684 1431 3734; x_wconf 84' lang='lat' dir='ltr'>ad</span> <span class='ocrx_word' id='word_1_318' title='bbox 1467 3685 1623 3734; x_wconf 87' lang='lat' dir='ltr'>Hom.</span> <span class='ocrx_word' id='word_1_319' title='bbox 1664 3686 1811 3746; x_wconf 86' lang='grc'>1175,</span> <span class='ocrx_word' id='word_1_320' title='bbox 1854 3688 1915 3735; x_wconf 90' lang='grc'>17</span> <span class='ocrx_word' id='word_1_321' title='bbox 1952 3684 2082 3735; x_wconf 78' lang='grc' dir='ltr'>καθ’</span> <span class='ocrx_word' id='word_1_322' title='bbox 2120 3681 2467 3749; x_wconf 87' lang='grc' dir='ltr'>Ἡρωδιανὸν</span> <span class='ocrx_word' id='word_1_323' title='bbox 2506 3683 2537 3734; x_wconf 85' lang='grc' dir='ltr'>ὁ</span> <span class='ocrx_word' id='word_1_324' title='bbox 2564 3682 2826 3747; x_wconf 84' lang='grc' dir='ltr'>κηδεμών</span> <span class='ocrx_word' id='word_1_325' title='bbox 2862 3682 3051 3735; x_wconf 88' lang='grc' dir='ltr'>ὀξύνε-</span> 
     </span>
     <span class='ocr_line' id='line_1_33' title="bbox 463 3748 3051 3817; baseline -0.001 -14"><span class='ocrx_word' id='word_1_326' title='bbox 463 3766 581 3814; x_wconf 91' lang='grc' dir='ltr'>ται;</span> <span class='ocrx_word' id='word_1_327' title='bbox 627 3750 860 3816; x_wconf 85' lang='grc' dir='ltr'>ἡγεμών</span> <span class='ocrx_word' id='word_1_328' title='bbox 906 3768 976 3803; x_wconf 82' lang='lat' dir='ltr'>ex</span> <span class='ocrx_word' id='word_1_329' title='bbox 1022 3751 1268 3817; x_wconf 76' lang='lat' dir='ltr'>Theogn.</span> <span class='ocrx_word' id='word_1_330' title='bbox 1306 3754 1399 3813; x_wconf 81' lang='lat'>34,</span> <span class='ocrx_word' id='word_1_331' title='bbox 1434 3755 1517 3802; x_wconf 84' lang='grc'>25.</span> <span class='ocrx_word' id='word_1_332' title='bbox 1559 3779 1625 3786; x_wconf 93' lang='grc'>-</span> <span class='ocrx_word' id='word_1_333' title='bbox 1671 3752 1844 3802; x_wconf 81' lang='lat' dir='ltr'>Omisi</span> <span class='ocrx_word' id='word_1_334' title='bbox 1890 3767 2103 3802; x_wconf 81' lang='lat' dir='ltr'><strong>sacrum</strong></span> <span class='ocrx_word' id='word_1_335' title='bbox 2145 3768 2344 3801; x_wconf 86' lang='lat' dir='ltr'>nomen</span> <span class='ocrx_word' id='word_1_336' title='bbox 2389 3748 2664 3816; x_wconf 77' lang='grc' dir='ltr'>(ολόμων</span> <span class='ocrx_word' id='word_1_337' title='bbox 2711 3750 3051 3814; x_wconf 80' lang='grc' dir='ltr'>(ολόμωνος</span> 
     </span>
     <span class='ocr_line' id='line_1_34' title="bbox 464 3816 3048 3886; baseline -0.001 -15"><span class='ocrx_word' id='word_1_338' title='bbox 464 3821 710 3886; x_wconf 81' lang='lat' dir='ltr'>Theogn.</span> <span class='ocrx_word' id='word_1_339' title='bbox 738 3823 819 3879; x_wconf 87' lang='grc'>37,</span> <span class='ocrx_word' id='word_1_340' title='bbox 849 3824 929 3882; x_wconf 93' lang='grc'>11,</span> <span class='ocrx_word' id='word_1_341' title='bbox 968 3820 1113 3885; x_wconf 86' lang='lat' dir='ltr'>quod</span> <span class='ocrx_word' id='word_1_342' title='bbox 1151 3835 1200 3885; x_wconf 88' lang='lat' dir='ltr'>p.</span> <span class='ocrx_word' id='word_1_343' title='bbox 1227 3823 1310 3882; x_wconf 88' lang='grc'>29,</span> <span class='ocrx_word' id='word_1_344' title='bbox 1338 3823 1397 3870; x_wconf 84' lang='grc'>31</span> <span class='ocrx_word' id='word_1_345' title='bbox 1440 3818 1715 3882; x_wconf 80' lang='grc' dir='ltr'>(ολομῶν</span> <span class='ocrx_word' id='word_1_346' title='bbox 1752 3818 2126 3882; x_wconf 80' lang='grc' dir='ltr'>(ολομῶντος</span> <span class='ocrx_word' id='word_1_347' title='bbox 2164 3819 2457 3885; x_wconf 82' lang='lat' dir='ltr'>profertur.</span> <span class='ocrx_word' id='word_1_348' title='bbox 2598 3820 2631 3869; x_wconf 94' lang='lat' dir='ltr'>l.</span> <span class='ocrx_word' id='word_1_349' title='bbox 2660 3823 2691 3870; x_wconf 82' lang='lat'>5</span> <span class='ocrx_word' id='word_1_350' title='bbox 2725 3819 2815 3870; x_wconf 83' lang='grc' dir='ltr'>καὶ</span> <span class='ocrx_word' id='word_1_351' title='bbox 2854 3816 3048 3881; x_wconf 78' lang='grc' dir='ltr'>Αἵμων</span> 
     </span>
     <span class='ocr_line' id='line_1_35' title="bbox 464 3884 3050 3950; baseline -0.002 -10"><span class='ocrx_word' id='word_1_352' title='bbox 464 3905 532 3940; x_wconf 83' lang='lat' dir='ltr'>ex</span> <span class='ocrx_word' id='word_1_353' title='bbox 569 3889 649 3938; x_wconf 80' lang='lat' dir='ltr'>St.</span> <span class='ocrx_word' id='word_1_354' title='bbox 685 3889 748 3939; x_wconf 89' lang='lat' dir='ltr'>B.</span> <span class='ocrx_word' id='word_1_355' title='bbox 785 3891 868 3950; x_wconf 82' lang='lat'>49,</span> <span class='ocrx_word' id='word_1_356' title='bbox 906 3892 953 3939; x_wconf 84' lang='lat'>6.</span> <span class='ocrx_word' id='word_1_357' title='bbox 1164 3888 1198 3937; x_wconf 90' lang='lat'>1.</span> <span class='ocrx_word' id='word_1_358' title='bbox 1236 3890 1266 3938; x_wconf 88' lang='grc'>7</span> <span class='ocrx_word' id='word_1_359' title='bbox 1304 3884 1565 3950; x_wconf 85' lang='grc' dir='ltr'>Εὐαίμων</span> <span class='ocrx_word' id='word_1_360' title='bbox 1603 3888 1683 3938; x_wconf 77' lang='lat' dir='ltr'>St.</span> <span class='ocrx_word' id='word_1_361' title='bbox 1720 3888 1784 3941; x_wconf 90' lang='lat' dir='ltr'>B.</span> <span class='ocrx_word' id='word_1_362' title='bbox 1823 3891 1950 3949; x_wconf 80' lang='lat'>283,</span> <span class='ocrx_word' id='word_1_363' title='bbox 1993 3891 2079 3948; x_wconf 78' lang='lat'>14;</span> <span class='ocrx_word' id='word_1_364' title='bbox 2128 3887 2161 3937; x_wconf 91' lang='lat'>1.</span> <span class='ocrx_word' id='word_1_365' title='bbox 2203 3889 2234 3939; x_wconf 87' lang='lat'>8</span> <span class='ocrx_word' id='word_1_366' title='bbox 2272 3884 2558 3949; x_wconf 85' lang='grc' dir='ltr'>εὐδαίμων</span> <span class='ocrx_word' id='word_1_367' title='bbox 2595 3887 2842 3950; x_wconf 81' lang='lat' dir='ltr'>Theogn.</span> <span class='ocrx_word' id='word_1_368' title='bbox 2879 3891 2962 3948; x_wconf 83' lang='lat'>35,</span> <span class='ocrx_word' id='word_1_369' title='bbox 3002 3889 3050 3937; x_wconf 86' lang='grc'>5.</span> 
     </span>
     <span class='ocr_line' id='line_1_36' title="bbox 464 3954 3050 4022; baseline -0.002 -13"><span class='ocrx_word' id='word_1_370' title='bbox 464 3954 831 4018; x_wconf 83' lang='grc' dir='ltr'>Λακεδαίμων</span> <span class='ocrx_word' id='word_1_371' title='bbox 871 3957 1088 4022; x_wconf 83' lang='lat' dir='ltr'>explevi</span> <span class='ocrx_word' id='word_1_372' title='bbox 1126 3971 1193 4006; x_wconf 82' lang='lat' dir='ltr'>ex</span> <span class='ocrx_word' id='word_1_373' title='bbox 1231 3955 1311 4006; x_wconf 82' lang='lat' dir='ltr'>St.</span> <span class='ocrx_word' id='word_1_374' title='bbox 1349 3957 1411 4006; x_wconf 92' lang='grc' dir='ltr'>Β.</span> <span class='ocrx_word' id='word_1_375' title='bbox 1447 3957 1566 4018; x_wconf 89' lang='grc'>406,</span> <span class='ocrx_word' id='word_1_376' title='bbox 1609 3958 1687 4017; x_wconf 88' lang='grc'>18,</span> <span class='ocrx_word' id='word_1_377' title='bbox 1725 3971 1846 4006; x_wconf 82' lang='lat' dir='ltr'>eum</span> <span class='ocrx_word' id='word_1_378' title='bbox 1884 3971 1991 4021; x_wconf 86' lang='lat' dir='ltr'>quo</span> <span class='ocrx_word' id='word_1_379' title='bbox 2027 3961 2335 4020; x_wconf 77' lang='lat' dir='ltr'>congruunt</span> <span class='ocrx_word' id='word_1_380' title='bbox 2369 3957 2427 4006; x_wconf 88' lang='lat' dir='ltr'>in</span> <span class='ocrx_word' id='word_1_381' title='bbox 2465 3961 2647 4020; x_wconf 75' lang='lat' dir='ltr'>etymo</span> <span class='ocrx_word' id='word_1_382' title='bbox 2684 3956 2901 4018; x_wconf 81' lang='grc' dir='ltr'>λαχεῖν,</span> <span class='ocrx_word' id='word_1_383' title='bbox 2942 3970 3050 4004; x_wconf 88' lang='lat' dir='ltr'>non</span> 
     </span>
     <span class='ocr_line' id='line_1_37' title="bbox 465 4020 3050 4090; baseline -0.001 -17"><span class='ocrx_word' id='word_1_384' title='bbox 465 4026 521 4074; x_wconf 88' lang='lat' dir='ltr'>in</span> <span class='ocrx_word' id='word_1_385' title='bbox 570 4025 936 4090; x_wconf 80' lang='lat' dir='ltr'><strong>explicatione</strong></span> <span class='ocrx_word' id='word_1_386' title='bbox 983 4025 1159 4089; x_wconf 86' lang='lat' dir='ltr'>Epim.</span> <span class='ocrx_word' id='word_1_387' title='bbox 1200 4025 1355 4074; x_wconf 87' lang='lat' dir='ltr'><strong>Hom.</strong></span> <span class='ocrx_word' id='word_1_388' title='bbox 1397 4027 1485 4086; x_wconf 89' lang='grc'>17,</span> <span class='ocrx_word' id='word_1_389' title='bbox 1523 4027 1616 4075; x_wconf 84' lang='grc' dir='ltr'>3οι</span> <span class='ocrx_word' id='word_1_390' title='bbox 1663 4020 2030 4086; x_wconf 87' lang='grc' dir='ltr'>Λακεδαίμων</span> <span class='ocrx_word' id='word_1_391' title='bbox 2075 4022 2188 4074; x_wconf 80' lang='grc' dir='ltr'>ἑςτὶ</span> <span class='ocrx_word' id='word_1_392' title='bbox 2235 4023 2529 4075; x_wconf 88' lang='grc' dir='ltr'>ςύνθετον·</span> <span class='ocrx_word' id='word_1_393' title='bbox 2577 4022 2764 4074; x_wconf 79' lang='grc' dir='ltr'>οὕτως</span> <span class='ocrx_word' id='word_1_394' title='bbox 2810 4021 2870 4073; x_wconf 83' lang='grc' dir='ltr'>δέ</span> <span class='ocrx_word' id='word_1_395' title='bbox 2918 4035 3050 4084; x_wconf 88' lang='grc' dir='ltr'>φαςι</span> 
     </span>
     <span class='ocr_line' id='line_1_38' title="bbox 465 4087 3050 4157; baseline -0.002 -13"><span class='ocrx_word' id='word_1_396' title='bbox 465 4090 717 4155; x_wconf 86' lang='grc' dir='ltr'>λέγεςθαι</span> <span class='ocrx_word' id='word_1_397' title='bbox 751 4091 860 4156; x_wconf 86' lang='grc' dir='ltr'>τὴν</span> <span class='ocrx_word' id='word_1_398' title='bbox 896 4091 1081 4155; x_wconf 85' lang='grc' dir='ltr'>πόλιν,</span> <span class='ocrx_word' id='word_1_399' title='bbox 1120 4090 1314 4156; x_wconf 76' lang='grc' dir='ltr'>ἐπειδὴ</span> <span class='ocrx_word' id='word_1_400' title='bbox 1353 4088 1415 4142; x_wconf 81' lang='grc' dir='ltr'>ὲν</span> <span class='ocrx_word' id='word_1_401' title='bbox 1450 4090 1596 4157; x_wconf 76' lang='grc' dir='ltr'>αὐτῇ</span> <span class='ocrx_word' id='word_1_402' title='bbox 1635 4093 1868 4156; x_wconf 85' lang='grc' dir='ltr'>πρῶτον</span> <span class='ocrx_word' id='word_1_403' title='bbox 1905 4090 1959 4143; x_wconf 85' lang='grc' dir='ltr'>οἱ</span> <span class='ocrx_word' id='word_1_404' title='bbox 1994 4091 2113 4142; x_wconf 82' lang='grc' dir='ltr'>θεοί</span> <span class='ocrx_word' id='word_1_405' title='bbox 2150 4091 2249 4143; x_wconf 81' lang='grc' dir='ltr'>ἔλα</span> <span class='ocrx_word' id='word_1_406' title='bbox 2287 4106 2354 4143; x_wconf 91' lang='grc' dir='ltr'>ον</span> <span class='ocrx_word' id='word_1_407' title='bbox 2389 4092 2481 4142; x_wconf 77' lang='grc' dir='ltr'>καὶ</span> <span class='ocrx_word' id='word_1_408' title='bbox 2517 4089 2912 4155; x_wconf 83' lang='grc' dir='ltr'>ἑκληρώςαντο</span> <span class='ocrx_word' id='word_1_409' title='bbox 2948 4087 3050 4139; x_wconf 85' lang='grc' dir='ltr'>τὰς</span> 
     </span>
     <span class='ocr_line' id='line_1_39' title="bbox 464 4106 3048 4224; baseline -0.003 -13"><span class='ocrx_word' id='word_1_410' title='bbox 464 4160 659 4212; x_wconf 87' lang='grc' dir='ltr'>πόλεις</span> <span class='ocrx_word' id='word_1_411' title='bbox 695 4158 870 4212; x_wconf 81' lang='grc' dir='ltr'>οίονεὶ</span> <span class='ocrx_word' id='word_1_412' title='bbox 907 4157 1273 4224; x_wconf 88' lang='grc' dir='ltr'>Λαχεδαίμων</span> <span class='ocrx_word' id='word_1_413' title='bbox 1308 4173 1393 4211; x_wconf 89' lang='grc' dir='ltr'>τις</span> <span class='ocrx_word' id='word_1_414' title='bbox 1430 4159 1592 4223; x_wconf 85' lang='grc' dir='ltr'>οὖςα,</span> <span class='ocrx_word' id='word_1_415' title='bbox 1630 4162 1816 4224; x_wconf 75' lang='grc' dir='ltr'>τροπῇ</span> <span class='ocrx_word' id='word_1_416' title='bbox 1855 4162 1958 4211; x_wconf 85' lang='grc' dir='ltr'>τοῦ</span> <span class='ocrx_word' id='word_1_417' title='bbox 1996 4158 2187 4211; x_wconf 87' lang='grc' dir='ltr'>δαςέος</span> <span class='ocrx_word' id='word_1_418' title='bbox 2224 4106 2303 4211; x_wconf 50' lang='grc' dir='ltr'>εἷς</span> <span class='ocrx_word' id='word_1_419' title='bbox 2328 4158 2498 4223; x_wconf 86' lang='grc' dir='ltr'>ψιλόν</span> <span class='ocrx_word' id='word_1_420' title='bbox 2522 4166 2579 4210; x_wconf 85' lang='lat' dir='ltr'>et</span> <span class='ocrx_word' id='word_1_421' title='bbox 2603 4161 2833 4210; x_wconf 83' lang='lat' dir='ltr'>brevius</span> <span class='ocrx_word' id='word_1_422' title='bbox 2855 4159 2973 4218; x_wconf 83' lang='grc'>261,</span> <span class='ocrx_word' id='word_1_423' title='bbox 3003 4159 3048 4214; x_wconf 89' lang='grc'>1,</span> 
     </span>
     <span class='ocr_line' id='line_1_40' title="bbox 468 4223 3049 4294; baseline -0.002 -15"><span class='ocrx_word' id='word_1_424' title='bbox 468 4229 608 4294; x_wconf 85' lang='lat' dir='ltr'>quod</span> <span class='ocrx_word' id='word_1_425' title='bbox 646 4229 871 4279; x_wconf 76' lang='lat' dir='ltr'><strong>transiit</strong></span> <span class='ocrx_word' id='word_1_426' title='bbox 907 4230 964 4278; x_wconf 86' lang='lat' dir='ltr'>in</span> <span class='ocrx_word' id='word_1_427' title='bbox 1001 4230 1063 4278; x_wconf 91' lang='lat' dir='ltr'>E.</span> <span class='ocrx_word' id='word_1_428' title='bbox 1102 4231 1175 4279; x_wconf 81' lang='lat' dir='ltr'>M.</span> <span class='ocrx_word' id='word_1_429' title='bbox 1214 4231 1331 4290; x_wconf 87' lang='grc'>555,</span> <span class='ocrx_word' id='word_1_430' title='bbox 1371 4232 1452 4279; x_wconf 84' lang='grc'>23.</span> <span class='ocrx_word' id='word_1_431' title='bbox 1598 4227 1633 4279; x_wconf 91' lang='lat'>1.</span> <span class='ocrx_word' id='word_1_432' title='bbox 1676 4231 1736 4277; x_wconf 89' lang='grc'>14</span> <span class='ocrx_word' id='word_1_433' title='bbox 1774 4225 2150 4291; x_wconf 82' lang='grc' dir='ltr'>ὀλβιοδαίμων</span> <span class='ocrx_word' id='word_1_434' title='bbox 2185 4225 2501 4291; x_wconf 84' lang='grc' dir='ltr'>Παλαίμων</span> <span class='ocrx_word' id='word_1_435' title='bbox 2547 4244 2614 4278; x_wconf 87' lang='lat' dir='ltr'>ex</span> <span class='ocrx_word' id='word_1_436' title='bbox 2652 4227 2714 4278; x_wconf 90' lang='lat' dir='ltr'>Il.</span> <span class='ocrx_word' id='word_1_437' title='bbox 2751 4228 2840 4277; x_wconf 86' lang='lat' dir='ltr'>Pr.</span> <span class='ocrx_word' id='word_1_438' title='bbox 2882 4223 2914 4276; x_wconf 90' lang='grc' dir='ltr'>Γ</span> <span class='ocrx_word' id='word_1_439' title='bbox 2953 4225 3049 4292; x_wconf 91' lang='grc'>182</span> 
     </span>
     <span class='ocr_line' id='line_1_41' title="bbox 466 4292 3049 4362; baseline -0.002 -14"><span class='ocrx_word' id='word_1_440' title='bbox 466 4297 671 4359; x_wconf 79' lang='lat' dir='ltr'>adieci,</span> <span class='ocrx_word' id='word_1_441' title='bbox 711 4296 776 4346; x_wconf 89' lang='lat' dir='ltr'>de</span> <span class='ocrx_word' id='word_1_442' title='bbox 815 4298 975 4348; x_wconf 84' lang='lat' dir='ltr'>huius</span> <span class='ocrx_word' id='word_1_443' title='bbox 1021 4297 1233 4362; x_wconf 81' lang='lat' dir='ltr'>origine</span> <span class='ocrx_word' id='word_1_444' title='bbox 1272 4298 1371 4362; x_wconf 89' lang='lat' dir='ltr'>Ep.</span> <span class='ocrx_word' id='word_1_445' title='bbox 1412 4298 1538 4358; x_wconf 87' lang='grc'>260,</span> <span class='ocrx_word' id='word_1_446' title='bbox 1576 4299 1666 4346; x_wconf 84' lang='lat'>32:</span> <span class='ocrx_word' id='word_1_447' title='bbox 1706 4294 2023 4359; x_wconf 85' lang='grc' dir='ltr'>Παλαίμων</span> <span class='ocrx_word' id='word_1_448' title='bbox 2068 4293 2289 4357; x_wconf 84' lang='grc' dir='ltr'>λέγεται</span> <span class='ocrx_word' id='word_1_449' title='bbox 2337 4295 2369 4346; x_wconf 89' lang='grc' dir='ltr'>ὁ</span> <span class='ocrx_word' id='word_1_450' title='bbox 2407 4294 2670 4360; x_wconf 81' lang='grc' dir='ltr'>ἔμπειρος</span> <span class='ocrx_word' id='word_1_451' title='bbox 2713 4296 2816 4359; x_wconf 85' lang='grc' dir='ltr'>τῆς</span> <span class='ocrx_word' id='word_1_452' title='bbox 2853 4292 3049 4344; x_wconf 88' lang='grc' dir='ltr'>παλαι-</span> 
     </span>
     <span class='ocr_line' id='line_1_42' title="bbox 468 4359 3051 4429; baseline -0.002 -14"><span class='ocrx_word' id='word_1_453' title='bbox 468 4367 686 4429; x_wconf 85' lang='grc' dir='ltr'>ςτρικῆς</span> <span class='ocrx_word' id='word_1_454' title='bbox 725 4363 786 4417; x_wconf 86' lang='grc' dir='ltr'>ἑκ</span> <span class='ocrx_word' id='word_1_455' title='bbox 821 4368 925 4416; x_wconf 85' lang='grc' dir='ltr'>τοῦ</span> <span class='ocrx_word' id='word_1_456' title='bbox 964 4362 1144 4429; x_wconf 85' lang='grc' dir='ltr'>πάλη,</span> <span class='ocrx_word' id='word_1_457' title='bbox 1183 4363 1215 4415; x_wconf 89' lang='grc' dir='ltr'>ὃ</span> <span class='ocrx_word' id='word_1_458' title='bbox 1252 4362 1504 4429; x_wconf 84' lang='grc' dir='ltr'>ςημαίνει</span> <span class='ocrx_word' id='word_1_459' title='bbox 1538 4363 1647 4427; x_wconf 86' lang='grc' dir='ltr'>τὴν</span> <span class='ocrx_word' id='word_1_460' title='bbox 1673 4360 2039 4429; x_wconf 87' lang='grc' dir='ltr'>παλαίςτραν,</span> <span class='ocrx_word' id='word_1_461' title='bbox 2078 4364 2167 4414; x_wconf 75' lang='grc' dir='ltr'>καὶ</span> <span class='ocrx_word' id='word_1_462' title='bbox 2203 4365 2306 4414; x_wconf 85' lang='grc' dir='ltr'>τοῦ</span> <span class='ocrx_word' id='word_1_463' title='bbox 2345 4361 2549 4426; x_wconf 72' lang='grc' dir='ltr'>αῗμων,</span> <span class='ocrx_word' id='word_1_464' title='bbox 2589 4361 2621 4414; x_wconf 84' lang='grc' dir='ltr'>ὃ</span> <span class='ocrx_word' id='word_1_465' title='bbox 2659 4360 2911 4427; x_wconf 84' lang='grc' dir='ltr'>ςημαίνει</span> <span class='ocrx_word' id='word_1_466' title='bbox 2944 4359 3051 4411; x_wconf 90' lang='grc' dir='ltr'>τὸν</span> 
     </span>
     <span class='ocr_line' id='line_1_43' title="bbox 469 4428 3052 4497; baseline -0.002 -14"><span class='ocrx_word' id='word_1_467' title='bbox 469 4432 752 4496; x_wconf 80' lang='grc' dir='ltr'>ἔμπειρον.</span> <span class='ocrx_word' id='word_1_468' title='bbox 890 4433 924 4483; x_wconf 89' lang='lat' dir='ltr'>l.</span> <span class='ocrx_word' id='word_1_469' title='bbox 952 4435 1014 4482; x_wconf 85' lang='grc'>16</span> <span class='ocrx_word' id='word_1_470' title='bbox 1050 4449 1168 4483; x_wconf 85' lang='lat' dir='ltr'>eum</span> <span class='ocrx_word' id='word_1_471' title='bbox 1206 4432 1476 4484; x_wconf 80' lang='lat' dir='ltr'><strong>Schmidt.</strong></span> <span class='ocrx_word' id='word_1_472' title='bbox 1515 4433 1570 4481; x_wconf 87' lang='lat' dir='ltr'>in</span> <span class='ocrx_word' id='word_1_473' title='bbox 1611 4447 1933 4497; x_wconf 80' lang='lat' dir='ltr'>programm.</span> <span class='ocrx_word' id='word_1_474' title='bbox 1972 4431 2158 4483; x_wconf 84' lang='lat' dir='ltr'>Sedin.</span> <span class='ocrx_word' id='word_1_475' title='bbox 2197 4429 2373 4496; x_wconf 82' lang='lat'>(1864)</span> <span class='ocrx_word' id='word_1_476' title='bbox 2412 4447 2464 4497; x_wconf 90' lang='lat' dir='ltr'>p.</span> <span class='ocrx_word' id='word_1_477' title='bbox 2491 4432 2522 4481; x_wconf 90' lang='lat'>8</span> <span class='ocrx_word' id='word_1_478' title='bbox 2564 4431 2638 4495; x_wconf 86' lang='grc' dir='ltr'>μὴ</span> <span class='ocrx_word' id='word_1_479' title='bbox 2675 4435 2807 4481; x_wconf 80' lang='lat' dir='ltr'>ante</span> <span class='ocrx_word' id='word_1_480' title='bbox 2846 4428 3052 4493; x_wconf 80' lang='grc' dir='ltr'>ἔχοντα</span> 
     </span>
     <span class='ocr_line' id='line_1_44' title="bbox 471 4495 3055 4565; baseline -0.002 -15"><span class='ocrx_word' id='word_1_481' title='bbox 471 4502 625 4551; x_wconf 81' lang='lat' dir='ltr'>omisi</span> <span class='ocrx_word' id='word_1_482' title='bbox 679 4506 737 4551; x_wconf 81' lang='lat' dir='ltr'>et</span> <span class='ocrx_word' id='word_1_483' title='bbox 788 4499 1096 4565; x_wconf 89' lang='grc' dir='ltr'>ςύμφωνον</span> <span class='ocrx_word' id='word_1_484' title='bbox 1150 4507 1280 4551; x_wconf 80' lang='lat' dir='ltr'>ante</span> <span class='ocrx_word' id='word_1_485' title='bbox 1335 4498 1398 4551; x_wconf 80' lang='grc' dir='ltr'>ἐν</span> <span class='ocrx_word' id='word_1_486' title='bbox 1452 4498 1730 4564; x_wconf 83' lang='grc' dir='ltr'>ἐπιπλοκῇ</span> <span class='ocrx_word' id='word_1_487' title='bbox 1787 4500 1971 4550; x_wconf 84' lang='lat' dir='ltr'>reieci.</span> <span class='ocrx_word' id='word_1_488' title='bbox 2117 4500 2153 4550; x_wconf 92' lang='lat'>1.</span> <span class='ocrx_word' id='word_1_489' title='bbox 2194 4503 2257 4550; x_wconf 85' lang='grc'>19</span> <span class='ocrx_word' id='word_1_490' title='bbox 2309 4516 2407 4565; x_wconf 84' lang='lat' dir='ltr'>pro</span> <span class='ocrx_word' id='word_1_491' title='bbox 2452 4497 2733 4563; x_wconf 83' lang='grc' dir='ltr'>Ἀμφνων</span> <span class='ocrx_word' id='word_1_492' title='bbox 2779 4497 2917 4561; x_wconf 88' lang='lat' dir='ltr'>(BC)</span> <span class='ocrx_word' id='word_1_493' title='bbox 2962 4495 3055 4547; x_wconf 82' lang='lat' dir='ltr'>vel</span> 
     </span>
     <span class='ocr_line' id='line_1_45' title="bbox 470 4563 3053 4633; baseline -0.002 -15"><span class='ocrx_word' id='word_1_494' title='bbox 470 4567 706 4632; x_wconf 85' lang='grc' dir='ltr'>Ἀφνων</span> <span class='ocrx_word' id='word_1_495' title='bbox 745 4567 835 4632; x_wconf 80' lang='grc' dir='ltr'>(Α)</span> <span class='ocrx_word' id='word_1_496' title='bbox 872 4568 1184 4620; x_wconf 81' lang='lat' dir='ltr'>Lobeckius</span> <span class='ocrx_word' id='word_1_497' title='bbox 1222 4568 1295 4618; x_wconf 82' lang='lat' dir='ltr'>ad</span> <span class='ocrx_word' id='word_1_498' title='bbox 1329 4569 1414 4621; x_wconf 83' lang='lat' dir='ltr'>Ai.</span> <span class='ocrx_word' id='word_1_499' title='bbox 1453 4584 1503 4633; x_wconf 92' lang='lat' dir='ltr'>p.</span> <span class='ocrx_word' id='word_1_500' title='bbox 1544 4569 1640 4617; x_wconf 89' lang='grc'>166</span> <span class='ocrx_word' id='word_1_501' title='bbox 1675 4565 1935 4629; x_wconf 87' lang='grc' dir='ltr'>Δάφνων</span> <span class='ocrx_word' id='word_1_502' title='bbox 1971 4566 2314 4619; x_wconf 78' lang='lat' dir='ltr'>scribendum</span> <span class='ocrx_word' id='word_1_503' title='bbox 2350 4581 2474 4618; x_wconf 77' lang='lat' dir='ltr'>esse</span> <span class='ocrx_word' id='word_1_504' title='bbox 2509 4567 2668 4618; x_wconf 78' lang='lat' dir='ltr'><strong>vidit.</strong></span> <span class='ocrx_word' id='word_1_505' title='bbox 2719 4563 2948 4618; x_wconf 78' lang='grc' dir='ltr'>(έννων</span> <span class='ocrx_word' id='word_1_506' title='bbox 2984 4580 3053 4614; x_wconf 86' lang='lat' dir='ltr'>ex</span> 
     </span>
     <span class='ocr_line' id='line_1_46' title="bbox 473 4631 3053 4700; baseline -0.001 -15"><span class='ocrx_word' id='word_1_507' title='bbox 473 4635 548 4686; x_wconf 82' lang='lat' dir='ltr'>St.</span> <span class='ocrx_word' id='word_1_508' title='bbox 585 4638 648 4690; x_wconf 87' lang='lat' dir='ltr'>B.</span> <span class='ocrx_word' id='word_1_509' title='bbox 685 4639 812 4700; x_wconf 85' lang='grc'>561,</span> <span class='ocrx_word' id='word_1_510' title='bbox 855 4640 930 4689; x_wconf 83' lang='grc'>19.</span> <span class='ocrx_word' id='word_1_511' title='bbox 1005 4634 1275 4700; x_wconf 84' lang='grc' dir='ltr'>Κραννών</span> <span class='ocrx_word' id='word_1_512' title='bbox 1311 4652 1379 4687; x_wconf 81' lang='lat' dir='ltr'>ex</span> <span class='ocrx_word' id='word_1_513' title='bbox 1417 4635 1609 4686; x_wconf 88' lang='lat' dir='ltr'>eodem</span> <span class='ocrx_word' id='word_1_514' title='bbox 1657 4634 1877 4699; x_wconf 83' lang='lat' dir='ltr'>explevi</span> <span class='ocrx_word' id='word_1_515' title='bbox 1911 4637 2005 4699; x_wconf 90' lang='grc'>49,</span> <span class='ocrx_word' id='word_1_516' title='bbox 2045 4638 2136 4698; x_wconf 85' lang='grc'>13,</span> <span class='ocrx_word' id='word_1_517' title='bbox 2183 4636 2279 4686; x_wconf 90' lang='lat' dir='ltr'>ubi</span> <span class='ocrx_word' id='word_1_518' title='bbox 2327 4635 2534 4685; x_wconf 80' lang='lat' dir='ltr'>diserte</span> <span class='ocrx_word' id='word_1_519' title='bbox 2580 4633 2650 4685; x_wconf 90' lang='grc' dir='ltr'>τὸ</span> <span class='ocrx_word' id='word_1_520' title='bbox 2690 4632 2923 4697; x_wconf 88' lang='grc' dir='ltr'>Κρότων</span> <span class='ocrx_word' id='word_1_521' title='bbox 2960 4631 3053 4683; x_wconf 83' lang='grc' dir='ltr'>καί</span> 
     </span>
     <span class='ocr_line' id='line_1_47' title="bbox 478 4697 3053 4769; baseline -0.001 -15"><span class='ocrx_word' id='word_1_522' title='bbox 478 4702 744 4767; x_wconf 87' lang='grc' dir='ltr'>Κραννών</span> <span class='ocrx_word' id='word_1_523' title='bbox 780 4704 869 4755; x_wconf 80' lang='grc' dir='ltr'>καὶ</span> <span class='ocrx_word' id='word_1_524' title='bbox 909 4703 1187 4768; x_wconf 86' lang='grc' dir='ltr'>Κολοφών</span> <span class='ocrx_word' id='word_1_525' title='bbox 1223 4703 1456 4756; x_wconf 88' lang='grc' dir='ltr'>πόλεων</span> <span class='ocrx_word' id='word_1_526' title='bbox 1493 4702 1642 4755; x_wconf 75' lang='grc' dir='ltr'>ἐςτίν</span> <span class='ocrx_word' id='word_1_527' title='bbox 1679 4700 1982 4767; x_wconf 86' lang='grc' dir='ltr'>ὁμώνυμα,</span> <span class='ocrx_word' id='word_1_528' title='bbox 2021 4719 2346 4769; x_wconf 82' lang='lat' dir='ltr'><strong>quamquam</strong></span> <span class='ocrx_word' id='word_1_529' title='bbox 2382 4719 2433 4768; x_wconf 90' lang='lat' dir='ltr'>p.</span> <span class='ocrx_word' id='word_1_530' title='bbox 2469 4704 2588 4764; x_wconf 84' lang='lat'>381,</span> <span class='ocrx_word' id='word_1_531' title='bbox 2626 4704 2691 4751; x_wconf 89' lang='grc'>22</span> <span class='ocrx_word' id='word_1_532' title='bbox 2726 4699 2842 4752; x_wconf 83' lang='grc' dir='ltr'>ἀπὸ</span> <span class='ocrx_word' id='word_1_533' title='bbox 2883 4697 3053 4765; x_wconf 87' lang='grc' dir='ltr'>Κράν-</span> 
     </span>
     <span class='ocr_line' id='line_1_48' title="bbox 476 4766 3057 4840; baseline -0.001 -19"><span class='ocrx_word' id='word_1_534' title='bbox 476 4786 657 4823; x_wconf 86' lang='grc' dir='ltr'>νωνος</span> <span class='ocrx_word' id='word_1_535' title='bbox 693 4774 797 4823; x_wconf 80' lang='grc' dir='ltr'>τοῦ</span> <span class='ocrx_word' id='word_1_536' title='bbox 834 4771 1129 4834; x_wconf 85' lang='grc' dir='ltr'>Πελαςγοῦ</span> <span class='ocrx_word' id='word_1_537' title='bbox 1176 4776 1649 4840; x_wconf 71' lang='lat' dir='ltr'>proparoxytonos</span> <span class='ocrx_word' id='word_1_538' title='bbox 1696 4770 1958 4835; x_wconf 75' lang='lat' dir='ltr'>seriptum</span> <span class='ocrx_word' id='word_1_539' title='bbox 2004 4777 2105 4822; x_wconf 85' lang='lat' dir='ltr'>est.</span> <span class='ocrx_word' id='word_1_540' title='bbox 2179 4773 2469 4821; x_wconf 78' lang='lat' dir='ltr'>Caeterum</span> <span class='ocrx_word' id='word_1_541' title='bbox 2514 4770 2603 4819; x_wconf 85' lang='lat' dir='ltr'>hic</span> <span class='ocrx_word' id='word_1_542' title='bbox 2643 4766 2911 4835; x_wconf 84' lang='grc' dir='ltr'>Κραννών</span> <span class='ocrx_word' id='word_1_543' title='bbox 2958 4783 3057 4834; x_wconf 87' lang='lat' dir='ltr'>per</span> 
     </span>
     <span class='ocr_line' id='line_1_49' title="bbox 478 4837 3057 4905; baseline -0.001 -16"><span class='ocrx_word' id='word_1_544' title='bbox 478 4838 672 4905; x_wconf 86' lang='lat' dir='ltr'>duplex</span> <span class='ocrx_word' id='word_1_545' title='bbox 707 4842 741 4890; x_wconf 68' lang='lat' dir='ltr'><strong>V</strong></span> <span class='ocrx_word' id='word_1_546' title='bbox 778 4840 1140 4893; x_wconf 84' lang='lat' dir='ltr'>exhibendum</span> <span class='ocrx_word' id='word_1_547' title='bbox 1177 4858 1300 4892; x_wconf 79' lang='lat' dir='ltr'>esse</span> <span class='ocrx_word' id='word_1_548' title='bbox 1338 4841 1500 4892; x_wconf 82' lang='lat' dir='ltr'>docet</span> <span class='ocrx_word' id='word_1_549' title='bbox 1535 4854 1726 4903; x_wconf 75' lang='lat' dir='ltr'><strong>canon,</strong></span> <span class='ocrx_word' id='word_1_550' title='bbox 1767 4839 1862 4904; x_wconf 86' lang='lat' dir='ltr'>qui</span> <span class='ocrx_word' id='word_1_551' title='bbox 1898 4846 1984 4891; x_wconf 83' lang='lat' dir='ltr'>est</span> <span class='ocrx_word' id='word_1_552' title='bbox 2020 4838 2085 4889; x_wconf 86' lang='lat' dir='ltr'>de</span> <span class='ocrx_word' id='word_1_553' title='bbox 2109 4840 2418 4890; x_wconf 85' lang='lat' dir='ltr'>nominibus</span> <span class='ocrx_word' id='word_1_554' title='bbox 2452 4840 2510 4886; x_wconf 89' lang='lat' dir='ltr'>in</span> <span class='ocrx_word' id='word_1_555' title='bbox 2546 4841 2668 4890; x_wconf 66' lang='grc' dir='ltr'>νῶῦ</span> <span class='ocrx_word' id='word_1_556' title='bbox 2693 4837 3057 4903; x_wconf 82' lang='lat' dir='ltr'>praecedente</span> 
     </span>
     <span class='ocr_line' id='line_1_50' title="bbox 481 4902 3058 4975; baseline -0.001 -19"><span class='ocrx_word' id='word_1_557' title='bbox 481 4923 730 4958; x_wconf 79' lang='lat' dir='ltr'>consona.</span> <span class='ocrx_word' id='word_1_558' title='bbox 823 4909 948 4961; x_wconf 80' lang='grc'>1.25</span> <span class='ocrx_word' id='word_1_559' title='bbox 984 4915 1108 4975; x_wconf 80' lang='lat' dir='ltr'>post</span> <span class='ocrx_word' id='word_1_560' title='bbox 1145 4908 1442 4974; x_wconf 87' lang='grc' dir='ltr'>βαρύνεται</span> <span class='ocrx_word' id='word_1_561' title='bbox 1478 4909 1689 4960; x_wconf 80' lang='lat' dir='ltr'>inserui</span> <span class='ocrx_word' id='word_1_562' title='bbox 1722 4908 1896 4959; x_wconf 81' lang='lat' dir='ltr'>verba</span> <span class='ocrx_word' id='word_1_563' title='bbox 1920 4906 2108 4959; x_wconf 80' lang='grc' dir='ltr'>καὶτὰ</span> <span class='ocrx_word' id='word_1_564' title='bbox 2133 4906 2221 4959; x_wconf 81' lang='grc' dir='ltr'>διὰ</span> <span class='ocrx_word' id='word_1_565' title='bbox 2256 4909 2359 4959; x_wconf 83' lang='grc' dir='ltr'>τοῦ</span> <span class='ocrx_word' id='word_1_566' title='bbox 2397 4908 2528 4958; x_wconf 72' lang='grc' dir='ltr'>ὄνος</span> <span class='ocrx_word' id='word_1_567' title='bbox 2565 4935 2631 4942; x_wconf 68' lang='lat'>—</span> <span class='ocrx_word' id='word_1_568' title='bbox 2667 4902 2964 4969; x_wconf 88' lang='grc' dir='ltr'>ἀμείνονος</span> <span class='ocrx_word' id='word_1_569' title='bbox 3001 4909 3058 4954; x_wconf 81' lang='lat' dir='ltr'>et</span> 
     </span>
    </p>
   </div>
   <div class='ocr_carea' id='block_1_8' title="bbox 550 4991 2646 5065">
    <p class='ocr_par' dir='ltr' id='par_1_9' title="bbox 550 4991 2646 5065">
     <span class='ocr_line' id='line_1_51' title="bbox 550 4991 2646 5065; baseline 0.007 -6"><span class='ocrx_word' id='word_1_570' title='bbox 550 5024 922 5061; x_wconf 70' lang='lat' dir='ltr'><strong>mmonuuvs,</strong></span> <span class='ocrx_word' id='word_1_571' title='bbox 960 5012 1002 5065; x_wconf 91' lang='lat'>1.</span> <span class='ocrx_word' id='word_1_572' title='bbox 2604 4991 2646 5054; x_wconf 84' lang='lat'><strong>3</strong></span> 
     </span>
    </p>
   </div>
   <div class='ocr_carea' id='block_1_9' title="bbox 609 5138 638 5162">
    <p class='ocr_par' dir='ltr' id='par_1_10' title="bbox 609 5138 638 5162">
     <span class='ocr_line' id='line_1_52' title="bbox 609 5138 638 5162; baseline 0 -2"><span class='ocrx_word' id='word_1_573' title='bbox 609 5138 638 5162; x_wconf 54' lang='lat' dir='ltr'>Q</span> 
     </span>
    </p>
   </div>
  </div>
 </body>
</html>
