3664 5546
622 267 752 331 400
1558 265 1642 319 ΕΚ
1679 265 1818 318 ΤΩΝ
1861 264 2271 319 ΗΡΩΔΙΑΝΟΥ

793 436 883 499 Τὸ
927 438 1117 500 ναῦς
1159 437 1199 499 ὃ
1244 437 1344 499 καὶ
1387 438 1536 516 νᾶς,
1579 436 1682 499 καὶ
1724 439 1964 513 γραῦς
2007 435 2111 498 καὶ
2155 438 2337 514 βαῦς
2381 434 2594 512 μόνως
2623 434 2865 514 θηλυκὰ
2906 436 3215 512 περιςπᾶ-

623 558 722 602 ται
768 538 871 600 καὶ
911 537 990 601 τὰ
1034 535 1123 601 εἰς
1167 540 1265 600 ffic·
1309 537 1786 618 μονοςύλλαβα,
1829 539 2014 600 παῖς
2058 537 2282 600 κοινὸν
2325 535 2486 599 κατὰ
2524 535 2744 609 γένος’
2789 535 2918 598 ἔςτι
2963 538 3035 599 δὲ
3076 535 3214 600 ἀπὸ

623 642 740 703 τοῦ
782 637 962 703 πάϊς·
1017 642 1233 703 ςταῖς
1287 637 1652 716 οὐδέτερον.
1739 639 1816 702 τὸ
1874 639 1945 701 δὲ
1990 639 2159 701 δαίς
2200 637 2240 714 ἡ
2286 636 2525 716 εὐωχία
2579 638 2858 714 θηλυκὸν
2903 637 3213 702 ὀξύνεται.

792 739 887 803 Τὰ
930 739 1021 803 εἰς
1065 745 1155 805 ἐις
1199 742 1519 819 μονογενῆ
1566 739 1934 820 ὀξύνονται,
1980 740 2141 803 δείς
2185 738 2499 820 ἄρρητον,
2550 738 2713 816 ὅπερ
2757 737 2859 801 ἀεὶ
2900 739 3056 817 μετὰ
3098 742 3215 815 τῆς

549 850 582 898 5
627 840 707 905 οὐ
752 841 1142 920 ἀποφάςεως
1185 842 1224 918 ἢ
1267 845 1381 918 τῆς
1424 842 1507 919 μή
1551 840 2045 919 ἀπαγορεύςεως
2088 840 2399 920 ςύνεςτιν,
2457 839 2669 904 οὐδείς
2729 839 2958 918 μηδείς.
3046 840 3215 918 μείς

622 941 927 1007 Αἰολικῶς
972 942 1011 1006 ὁ
1054 944 1210 1024 μήν,
1253 942 1458 1005 κτείς
1502 944 1604 1005 καὶ
1648 942 1856 1006 κλείς
1899 942 2195 1019 θηλυκόν.
2282 943 2359 1005 τὸ
2402 941 2620 1019 μέντοι
2677 939 2790 1004 εἷς
2832 944 3211 1019 περιςπᾶται

626 1043 716 1108 ὡς
758 1044 1056 1121 τριγενές.
1143 1045 1223 1108 τὰ
1265 1045 1389 1121 γὰρ
1433 1043 1521 1107 εἰς
1567 1044 1654 1105 εἷς
1702 1044 1984 1120 λήγοντα
2027 1042 2313 1121 ὀνόματα
2355 1042 2931 1120 κοινολεκτούμενα
2973 1042 3215 1119 ἔχοντα

624 1145 972 1222 οὐδετέρου
1024 1145 1617 1224 παραςχηματιςμὸν
1672 1139 2192 1223 ἀποςτρέφονται
2246 1145 2364 1222 τὴν
2410 1144 2624 1210 ὀξεῖαν
2668 1143 2844 1207 τάςιν
2903 1141 3046 1207 οἷον
3096 1163 3211 1220 χα-

624 1246 780 1324 ρίεις
823 1247 1071 1328 χαρίεν,
1117 1247 1427 1326 δαφνήεις
1473 1248 1797 1332 δαφνῆεν,
1844 1245 2100 1323 αὐδηεις
2144 1245 2400 1323 αὐδῆεν.
2472 1245 2684 1328 τούτῳ
2730 1243 2850 1308 οὐν
2894 1251 2986 1329 τῷ
3032 1245 3212 1327 λόγῳ

525 1354 589 1405 10
624 1349 727 1411 καὶ
770 1348 845 1411 τὸ
891 1346 982 1412 εἷς
1037 1347 1193 1425 ἔχον
1249 1348 1597 1425 οὐδετέρου
1649 1347 2247 1425 παραςχηματιςμὸν
2304 1344 2448 1410 οἶον
2503 1347 2579 1410 τὸ
2625 1346 2696 1410 ἕν
2741 1345 3212 1424 ἀποςτρέφεται

622 1450 740 1526 τὴν
786 1447 1000 1515 ὀξεῖαν
1043 1449 1236 1512 τάςιν.
1325 1448 1682 1526 πρόςκειται
1729 1442 2094 1527 «ὀνόματα»
2154 1448 2259 1520 διὰ
2302 1448 2415 1511 τὰς
2460 1448 2732 1526 μετοχὰς
2777 1445 2923 1511 οἷον
2977 1447 3080 1510 διὰ
3132 1447 3212 1509 τὸ

623 1550 883 1628 τυφθείς
926 1553 1042 1613 τοῦ
1085 1550 1471 1631 τυφθέντος,
1527 1550 1739 1628 δαρείς
1783 1550 2124 1631 δαρέντος,
2179 1549 2390 1625 νυγείς
2435 1549 2756 1625 νυγέντος.
2844 1552 3043 1611 ταῦτα
3083 1547 3211 1624 γὰρ

624 1650 982 1716 ὀξύνονται.
1056 1650 1411 1728 πρόςκειται
1460 1651 2148 1732 «κοινολεκτούμενα»,
2193 1650 2332 1714 ἐπεὶ
2376 1651 2452 1714 τὸ
2497 1649 2756 1730 εὐςεβής
2799 1651 2901 1713 καὶ
2942 1648 3213 1725 εὐγενής

625 1751 688 1814 οἱ
741 1752 1012 1814 Βοιωτοὶ
1067 1752 1171 1815 διὰ
1237 1754 1348 1827 τῆς
1413 1772 1467 1815 ει
1534 1753 1895 1832 διφθόγγου
1960 1751 2418 1831 προφέρονται.
2513 1751 2872 1828 πρόςκειται
2931 1749 3213 1827 «ἔχοντα

527 1858 589 1909 15
626 1851 973 1929 οὐδετέρου
1017 1853 1649 1932 παραςχηματιςμόν»
1698 1853 1803 1916 διὰ
1847 1854 1923 1917 τὸ
1966 1853 2128 1917 κτείς
2172 1853 2408 1917 κτενός.
2492 1856 2687 1916 τοῦτο
2730 1853 2855 1930 γὰρ
2899 1850 3209 1931 ὀξύνεται,

623 1953 765 2018 ἀλλ’
810 1954 928 2018 οὐκ
971 1952 1102 2031 ἔχει
1149 1953 1497 2031 οὐδετέρου
1542 1955 2155 2034 παραςχηματιςμόν.
2244 1956 2320 2019 τὸ
2379 1953 2498 2018 οὐν
2550 1952 2640 2017 εἷς
2686 1954 2778 2018 ὡς
2821 1953 2978 2030 ἔχον
3023 1952 3209 2016 οὐδε-

622 2055 814 2132 τέρου
870 2056 1463 2133 παραςχηματιςμὸν
1521 2054 1666 2119 οἷον
1720 2057 1795 2120 τὸ
1852 2056 1924 2120 ἕν
1980 2045 2071 2119 οὐ
2114 2056 2376 2120 δύναται
2422 2054 2781 2121 ὀξύνεςθαι·
2868 2053 3009 2117 ἀλλ’
3054 2052 3211 2116 οὐδὲ

625 2153 996 2234 βαρύνεςθαι
1042 2156 1338 2237 δύναται,
1384 2156 1523 2221 ἐπεὶ
1567 2156 2052 2237 μονοςύλλαβόν
2097 2157 2251 2238 ἐςτι,
2294 2159 2375 2221 τὰ
2419 2158 2490 2220 δὲ
2531 2156 2980 2235 μονοςύλλαβα
3023 2154 3211 2218 οὐδέ-

622 2271 782 2320 ποτε
831 2257 1245 2338 βαρύνονται,
1292 2255 1435 2319 ἀλλ’
1477 2258 1516 2335 ἢ
1563 2257 1899 2324 ὀξύνονται
1947 2257 2091 2322 οἷον
2140 2259 2301 2336 Κρής
2345 2258 2526 2335 Τρώς
2569 2258 2733 2321 πούς
2776 2257 2869 2321 τίς
2898 2257 3010 2322 νύξ
3041 2255 3212 2335 φλόξ

523 2365 590 2416 20
622 2357 663 2434 ἢ
708 2362 1133 2436 περιςπῶνται
1180 2355 1324 2432 οἷον
1372 2362 1522 2438 βοῦς
1564 2363 1721 2423 νοῦς
1764 2362 1917 2424 παῖς
1959 2364 2155 2438 γραῦς
2199 2363 2339 2423 πᾶς.
2427 2361 2508 2437 μὴ
2555 2359 2916 2437 δυνάμενον
2969 2355 3087 2420 οὐν
3131 2357 3211 2418 τὸ

623 2455 712 2522 εἷς
756 2459 909 2537 μήτε
955 2458 1283 2525 ὀξύνεςθαι
1343 2459 1434 2523 ὡς
1488 2459 1643 2538 ἔχον
1690 2459 2038 2538 οὐδετέρου
2093 2461 2688 2539 παραςχηματιςμὸν
2742 2460 2896 2538 μήτε
2943 2457 3211 2538 βαρύνε-

624 2563 758 2623 ςθαι
806 2559 896 2623 ὡς
942 2559 1427 2640 μονοςύλλαβον
1474 2560 1538 2626 ἐξ
1582 2560 1864 2639 ἀνάγκης
1908 2562 2345 2640 περιεςπάςθη.
2406 2562 2651 2639 Ἀμέλει
2695 2560 2853 2624 ὅταν
2884 2559 3213 2641 πλεονάςῃ

621 2661 698 2724 τὸ
742 2661 774 2723 ἒ
818 2659 921 2723 καὶ
963 2658 1205 2743 ὑπερβῇ
1259 2662 1376 2739 τὴν
1433 2660 1944 2742 μονοςυλλαβίαν
2002 2664 2339 2743 βαρύνεται
2396 2660 2541 2726 οἷον
2588 2662 2711 2726 ἕεις
2764 2662 2856 2725 ὡς
2898 2660 3073 2737 παρὰ
3116 2665 3213 2743 τῷ

622 2759 890 2844 Ἠςιόδῳ
937 2757 1208 2843 (Theog.
1259 2761 1408 2844 145)
1455 2765 1879 2842 «κυκλοτερὴς
1925 2762 2260 2844 ὀφθαλμὸς
2305 2763 2428 2828 ἕεις
2474 2763 2751 2828 ἐνέκειτο
2796 2763 3136 2845 μετώπῳ».

520 2873 585 2922 25
791 2861 885 2925 Τὰ
929 2861 1017 2926 εἰς
1074 2866 1174 2925 ὄιῖ
1227 2867 1629 2940 περιςπᾶται·
1685 2863 1810 2929 ἔςτι
1860 2866 1940 2953 ,δὲ
1996 2866 2116 2929 δύο
2173 2865 2338 2944 μόνα
2379 2866 2457 2929 τὸ
2512 2863 2633 2928 οἷς
2676 2866 2780 2928 καὶ
2822 2864 2971 2942 παρ’
3015 2863 3212 2926 Ἀττι-

620 2966 758 3028 κοῖς
801 2964 878 3027 τὸ
923 2967 1163 3042 φθοῖς
1208 2966 1654 3043 ςυναιρεθέντα
1699 2966 1768 3029 ἐκ
1811 2966 2206 3046 διςυλλάβων
2250 2968 2327 3031 τὸ
2371 2965 2469 3031 ὄϊς
2512 2967 2616 3029 καὶ
2659 2965 2865 3045 φθόϊς.

789 3064 883 3127 Τὰ
937 3063 1028 3127 εἰς
1071 3067 1186 3130 {u}
1241 3067 1689 3146 μονοςύλλαβα
1743 3066 2066 3149 ὀξύνεται,
2121 3067 2352 3149 Ζεύς,
2407 3067 2659 3131 Φλεύς
2714 3066 2821 3130 ἐπὶ
2874 3068 2990 3129 τοῦ
3045 3065 3209 3127 Διο-

620 3166 817 3230 νύςου
861 3165 1184 3247 κείμενον,
1243 3166 1333 3231 ὡς
1387 3167 1458 3231 ἐν
1511 3171 1652 3231 ταῖς
1706 3168 2094 3245 ἐπικλήςεςιν
2140 3168 2442 3250 εὕρομεν,
2502 3168 2697 3232 Νεύς
2751 3167 2856 3231 ἐπὶ
2910 3169 3210 3244 ποταμοῦ

620 3267 945 3347 κείμενον,
990 3266 1078 3331 ὥς
1122 3288 1271 3346 φηςι
1316 3267 1576 3350 Φιλέας,
1622 3269 1799 3332 θεύς
1846 3268 1915 3332 ἐκ
1959 3272 2349 3348 ςυναλοιφῆς
2393 3268 2780 3351 γενόμενον,
2824 3267 3034 3330 Δεύς
3077 3266 3211 3329 ὑπὸ

519 3376 586 3427 30
622 3369 923 3432 Βοιωτῶν
981 3366 1020 3430 ὁ
1075 3367 1274 3449 Ζεύς,
1333 3369 1502 3433 ςεύς
1546 3368 1677 3433 ἀπὸ
1724 3368 2074 3445 ἀναλογίας
2118 3370 2592 3452 πλαςςόμενον,
2648 3368 3215 3455 Δνεύς·ἐθνικὸν

759 3555 794 3603 l.
833 3556 860 3603 1
900 3551 931 3604 δ
969 3552 1059 3604 καὶ
1093 3554 1195 3605 vde
1232 3553 1322 3605 καὶ
1359 3554 1522 3618 βαῦς,
1562 3555 1707 3620 quod
1746 3555 1877 3621 quid
1914 3557 1987 3605 sit
2024 3556 2159 3606 Lob.
2197 3555 2397 3606 Parall.
2436 3558 2499 3607 91
2553 3556 2732 3606 dicere
2771 3572 2881 3606 non
2914 3555 3101 3619 habet,
3140 3569 3209 3604 ex

619 3620 698 3671 Io.
734 3620 815 3671 Al.
854 3624 902 3683 7,
941 3625 1006 3672 35
1043 3628 1395 3672 accesserunt
1434 3620 1588 3687 (Hes.
1628 3623 1731 3685 βαΟ
1771 3622 1922 3674 εῖδος
1959 3620 2214 3685 ἄνθους),
2252 3639 2319 3673 ex
2359 3623 2551 3674 eodem
2588 3628 2645 3674 et
2680 3623 2928 3689 Theogn.
2966 3626 3081 3685 133,
3120 3625 3208 3672 32.

619 3688 681 3738 Ε.
722 3690 794 3739 Μ.
831 3690 949 3751 251,
987 3690 1053 3739 36
1090 3690 1308 3754 generis
1347 3689 1634 3740 distinctio
1681 3691 2072 3741 vocabulorum
2116 3691 2175 3739 in
2211 3695 2295 3742 αις
2342 3692 2576 3756 repetita.
2613 3697 2723 3753 est3
2771 3689 2886 3742 ἀπὸ
2932 3692 3036 3741 τοῦ
3074 3687 3209 3739 πάϊς

621 3760 749 3805 sunt
785 3771 851 3805 ex
886 3756 1134 3821 Theogn.
1183 3756 1375 3806 Canon
1413 3756 1478 3807 de
1516 3757 1826 3808 nominibus
1861 3760 1918 3807 in
1956 3762 2057 3810 ἀ”υς
2095 3764 2277 3809 exstat
2315 3762 2479 3807 etiam
2516 3759 2575 3808 in
2610 3758 2674 3811 E.
2712 3761 2784 3809 M.
2821 3761 2938 3821 240,
2974 3760 3067 3808 293
3105 3756 3209 3807 δύο

620 3821 765 3886 μόνα
802 3820 878 3874 εἰς
926 3826 1027 3874 ἇυς·
1073 3823 1288 3889 θηλυκὰ
1333 3823 1720 3886 μονοςύλλαβα
1765 3824 2190 3889 περιςπώμενα·
2236 3823 2522 3877 κλίνονται
2567 3824 2628 3876 δὲ
2673 3822 2968 3890 ἀμφότερα
3013 3824 3101 3875 διὰ
3139 3827 3210 3874 δῖ

618 3892 755 3941 ναῦς
791 3889 952 3955 ναός,
991 3893 1164 3956 γραῦς
1201 3890 1401 3955 γραὸς;
1448 3907 1624 3942 canon
1672 3893 1740 3942 de
1778 3895 1981 3946 nomin.
2027 3896 2085 3944 in
2129 3896 2215 3945 α-ις
2261 3895 2540 3943 invenitur
2585 3894 2752 3943 etiam
2796 3895 2855 3943 in
2889 3894 2989 3942 An.
3026 3893 3207 3943 Paris,

617 3959 702 4008 111
738 3960 852 4016 367,
890 3959 937 4008 8.
1111 3959 1145 4008 1.
1180 3961 1213 4008 4
1248 3956 1360 4009 δείς
1400 3958 1669 4024 (ἄρρητον
1704 3960 1963 4010 Eustath.
2002 3963 2116 4024 710,
2154 3960 2241 4024 30)
2280 3960 2471 4011 addidi
2508 3976 2574 4010 ex
2610 3961 2856 4026 Theogn.
2896 3962 3008 4015 134.
3047 3962 3097 4021 4,
3136 3958 3211 4008 ad

620 4021 742 4088 μείέ
774 4028 1006 4091 apposui
1039 4024 1313 4078 Αἰολικῶς
1349 4043 1418 4077 ex
1456 4028 1649 4081 Choer.
1675 4030 1791 4091 200,
1823 4031 1871 4093 1,
1906 4028 2002 4078 ubi
2037 4044 2135 4093 pro
2174 4026 2433 4079 Ἰωνικῶς
2469 4034 2569 4079 aut
2603 4024 2878 4079 Αἰολικῶς
2914 4033 3010 4078 aut
3034 4025 3209 4078 Βοιω-

617 4096 789 4145 τικῶς
834 4093 1183 4145 soribendum
1231 4100 1342 4155 est;
1389 4090 1471 4146 εἷς
1515 4094 1739 4160 explevi
1785 4111 1853 4145 ex
1899 4096 2093 4147 Choer.
2136 4098 2257 4161 197,
2297 4098 2388 4157 28,
2478 4097 2534 4145 ui
2577 4095 2734 4146 locus
2782 4096 3034 4161 congruit
3079 4110 3209 4144 sen-

616 4164 791 4213 tentia
828 4177 949 4229 qum
992 4163 1113 4212 loco
1151 4162 1396 4227 Theogn.
1445 4165 1568 4225 134,
1608 4166 1638 4214 7
1677 4178 1743 4213 ex
1791 4163 1932 4213 libro
1978 4162 2106 4228 περὶ
2153 4112 2590 4226 μονοςυλλὲβων
2636 4169 2868 4229 sumpto.
2942 4163 3013 4212 cf.
3059 4161 3212 4212 Mon.

619 4232 699 4291 18,
736 4231 818 4278 29.
889 4228 1206 4279 Mutilatum
1244 4235 1327 4279 est
1361 4234 1718 4296 praeceptum
1753 4230 1818 4281 de
1858 4227 1939 4282 εἷς
1975 4232 2034 4281 in
2070 4232 2172 4296 Ep.
2213 4232 2301 4281 Cr.
2339 4232 2367 4281 1
2405 4235 2519 4294 133,
2561 4231 2651 4293 18,
2696 4231 2892 4281 melius
2930 4234 3211 4281 servatum

619 4297 675 4345 in
713 4296 887 4361 Epim.
925 4297 1026 4346 An.
1064 4297 1163 4347 Ox.
1201 4296 1256 4347 II
1291 4298 1410 4359 364,
1446 4300 1529 4350 21.
1670 4299 1704 4347 1.
1741 4299 1806 4348 25
1844 4314 2108 4349 canonem
2145 4299 2368 4349 Arcadii
2414 4297 2526 4361 (ἔτι
2565 4297 2657 4348 καὶ
2702 4296 2774 4349 τὰ
2820 4295 2898 4349 εἰς
2935 4299 3015 4349 ὄιῖ
3054 4310 3211 4359 περι-

618 4364 848 4427 ςπᾶται,
895 4364 1061 4427 φθοῖς
1096 4362 1206 4427 οἷς)
1253 4381 1320 4415 ex
1356 4365 1600 4431 Theogn.
1640 4367 1753 4423 134,
1793 4367 1857 4416 18
1898 4374 1954 4417 et
1989 4367 2055 4417 11.
2093 4367 2181 4416 Pr.
2222 4365 2257 4418 Γ
2296 4368 2392 4416 198
2428 4365 2700 4431 supplevi.
2888 4367 2924 4415 l.
2962 4367 3027 4415 27
3064 4365 3214 4414 hunc

618 4446 881 4482 canonem
927 4431 1146 4497 explevi
1192 4448 1256 4482 ex
1304 4432 1448 4483 Mon.
1487 4435 1546 4494 6,
1583 4436 1614 4483 5
1662 4432 1866 4484 collato
1914 4433 2109 4486 Choer.
2143 4436 2269 4495 209,
2315 4436 2364 4485 6.
2437 4433 2633 4485 Choer.
2676 4434 2855 4498 Epim.
2900 4434 2959 4481 in
3004 4431 3209 4485 Psalm.

618 4500 703 4558 70,
738 4501 771 4547 4
810 4499 896 4561 (E.
933 4501 1006 4549 M.
1046 4500 1168 4561 189,
1207 4499 1322 4563 39):
1369 4498 1441 4550 τὰ
1488 4498 1566 4551 εἰς
1611 4501 1712 4551 ff
1755 4499 2008 4565 λήγοντα
2053 4500 2306 4565 ὀνόματα
2352 4498 2610 4564 ἀρςενικὰ
2655 4498 2770 4551 εἴτε
2817 4499 3212 4562 μονοςύλλαβα
3280 4544 3293 4549 -

619 4562 733 4615 εἴτε
771 4564 915 4629 ὑπὲρ
952 4563 1082 4627 μίαν
1119 4566 1399 4631 ςυλλαβὴν
1435 4566 1623 4618 πάντα
1658 4566 1901 4619 ὀξύτονά
1937 4567 2085 4620 εἰςιν.
2157 4566 2266 4620 elci
2298 4566 2362 4618 δὲ
2398 4566 2663 4631 δηλονότι
2701 4565 3212 4629 κοινολεκτούμενα

618 4630 742 4682 οἷον
783 4631 1090 4697 Ἀχιλλεύς,
1131 4632 1384 4697 Ἀτρεύς,
1423 4634 1677 4700 Πηλεύς,
1716 4634 1955 4700 Θηςεύς,
2006 4636 2285 4700 βαςιλεύς,
2324 4632 2531 4699 ἱερεύς,
2578 4634 2748 4697 Ζεύς,
2787 4634 2971 4688 Φλεύς
3008 4634 3039 4685 ὁ
3076 4632 3211 4684 Διό·

619 4713 807 4763 νυςος,
851 4699 990 4751 Νεύς
1029 4700 1208 4764 ὄνομα
1246 4705 1532 4767 ποταμοῦ,
1571 4702 1755 4754 Δνεύς
1801 4704 1983 4767 ὄνομα
2028 4704 2253 4756 πόλεως
2301 4700 2362 4752 ἐν
2398 4701 2599 4768 Λυκίᾳ,
2647 4702 2782 4753 ἔνθα
2830 4700 3121 4767 ἀνετράφη
3168 4701 3209 4765 ἡ
