3664 5546
1166 420 1324 473 ΠΕΡΙ
1367 419 1757 472 ΚΑΘΟΛΙΚΗΕ
1795 419 2217 472 ΠΡΟΕΩιΔΙΑΕ
2259 420 2339 472 ΙΗ.
2925 421 3046 482 477

627 593 698 656 Αἱ
744 592 1129 670 ἀντωνυμίαι
1177 588 1675 669 μονοπρόςωποι
1722 590 1884 668 ὑπὲρ
1941 590 2448 669 μίαν“ςυλλαβὴν
2495 588 2694 671 οὖςαι,
2741 591 2821 667 μὴ
2868 589 3048 653 ἐπεκ-

458 696 789 773 τεταμέναι
847 695 951 757 διὰ
1011 698 1129 757 τοῦ
1174 697 1238 775 ἶ,
1297 692 1680 770 βαρύνονται
1738 692 1930 769 χωρὶς
1986 696 2097 768 τῆς
2153 691 2406 753 αὐτός’
2496 689 2653 767 αὕτη
2708 691 2831 767 γὰρ
2887 691 3049 768 μόνη

459 794 765 861 ὀξύνεται.
855 794 919 857 αἱ
975 797 1045 858 δὲ
1104 791 1487 874 βαρύνονται
1546 790 1778 856 οὗτος
1843 793 2153 856 ἐκεῖνος
2221 791 2370 854 ὅδε.
2461 791 2653 854 κλίςιν
2710 793 2780 854 δὲ
2836 790 2927 854 εἴ(
2980 811 3050 854 τε

457 897 570 959 τὰ(
613 897 880 959 πτώςει(
925 895 1162 959 καὶεί(
1205 894 1285 957 τὰ
1314 894 1470 971 γένη
1516 894 1618 956 καὶ
1662 892 1750 957 εἰ(
1794 891 2101 971 ἀριθμοὺς
2132 891 2316 955 αὗται
2361 892 2520 955 κατὰ
2558 893 2676 970 τὴν
2707 890 3048 972 ὀνομάτων

458 996 712 1074 ἔχουςιν
760 995 1112 1071 ἀναλογίαν
1157 1000 1287 1059 τῶν
1335 994 1541 1058 οὕτω(
1585 995 2046 1075 παρηγμένων,
2104 995 2272 1068 λε’γω
2329 995 2527 1074 δὲτὸ
2588 994 2816 1058 τόςος
2868 1014 3045 1058 τος-

460 1102 693 1163 οῦτο(
751 1097 1107 1179 τοςόςδε,
1175 1097 1356 1175 τόςη
1413 1094 1754 1174 τοςαύτη
1821 1097 2135 1176 τοςῆδε,
2180 1095 2415 1160 τόςον
2469 1098 2858 1159 τοςοῦτον
2916 1116 3046 1159 το-

460 1200 704 1264 (όνδε.
802 1198 876 1264 Αἱ
931 1201 1002 1263 δὲ
1070 1199 1174 1262 διὰ
1238 1201 1355 1261 τοῦ
1407 1200 1439 1258 ἶ
1497 1196 1984 1275 ἐπεκτεταμέναι
2045 1195 2417 1278 ὀξύνονται,
2487 1196 2786 1278 οὑτοςί,
2847 1197 3046 1259 έκει-

459 1301 656 1383 νοςί,
703 1299 839 1364 ὁδί.
909 1299 981 1363 Αἱ
1026 1299 1493 1379 μονοςύλλαβοι
1539 1297 1683 1361 κατ’
1714 1296 1967 1361 εὐθεῖαν
2014 1298 2129 1376 μὲν
2165 1298 2266 1361 καὶ
2310 1297 2652 1375 αἰτιατικὴν
2684 1296 3045 1381 ὀξύνονται,

460 1401 580 1485 ὅς,
627 1401 691 1482 ἕ,
738 1401 896 1482 μίν,
941 1401 1095 1484 νίν,
1140 1401 1297 1464 κατὰ
1343 1402 1412 1463 δὲ
1456 1400 1713 1476 γενικὴν
1758 1399 1862 1462 καὶ
1906 1400 2163 1477 δοτικὴν
2209 1406 2668 1482 περιςπῶνται,
2716 1397 2940 1463 οὗτοί.

626 1519 697 1583 Αἱ
742 1522 812 1583 δὲ
859 1521 1146 1584 (ύνθετοι
1191 1523 1321 1583 τῶν
1368 1517 1786 1596 ἀντωνυμιῶν
1830 1517 1948 1581 τὸν
1993 1515 2194 1581 αὐτὸν
2238 1520 2376 1581 ταῖς
2404 1516 2637 1581 ἁπλαῖ(
2679 1517 2878 1582 τόνον
2923 1538 3045 1596 φυ-

460 1622 823 1704 λάττουςιν,
887 1620 1045 1699 ἐμοῦ
1111 1620 1314 1684 αὐτοῦ
1380 1619 1753 1699 ἐμαυτοῦ,
1819 1619 1962 1697 ἐμοὶ
2028 1617 2202 1702 αὐτῷ
2269 1620 2603 1704 ἐμαυτῷ,
2671 1619 2778 1697 ἐμὲ
2846 1619 3045 1684 αὐτόν

628 1947 664 1997 l.
702 1948 733 1994 3
789 1944 855 1992 de
904 1942 1115 1994 ἐκεῖνο(
1165 1944 1237 1995 ef.
1274 1944 1337 1995 E.
1374 1944 1450 1995 M.
1484 1945 1609 2004 508,
1657 1944 1721 1991 26
1767 1942 1903 2007 (Ep.
1951 1941 2039 1990 Cr.
2084 1942 2111 1991 1
2156 1945 2282 2002 234,
2331 1944 2552 2006 11442)
2600 1943 2740 1992 καθὸ
2786 1941 2889 2005 μὲν
2933 1943 3046 1994 ἐ(τι

458 2012 667 2076 λέγειν,
707 2011 793 2061 ὅτι
831 2010 1104 2061 οὐδέποτε
1140 2009 1522 2074 πρωτότυπο(
1560 2007 1888 2071 ἀντωνυμία
1925 2007 2150 2071 ἀπαθὴς
2190 2008 2325 2060 οὖςα
2365 2007 2691 2073 ὑπερβαίνει
2727 2010 2836 2073 τὴν
2872 2010 3047 2061 διςυλ-

457 2080 682 2143 λαβίαν,
729 2076 853 2130 οἷον
905 2077 1047 2142 ἐγώ,
1098 2076 1298 2141 αὐτός,
1346 2075 1543 2140 οὗτος,
1592 2077 1660 2128 τὸ
1715 2077 1929 2128 ἐκεῖνος
1977 2076 2126 2127 έ(τὶν
2168 2076 2632 2141 ἀναλογώτερον,
2690 2077 2831 2128 καθὸ
2885 2077 2945 2128 δέ
2991 2077 3048 2129 αἱ

458 2145 892 2212 μονοπρόςωποι
939 2144 1283 2208 ἀντωνυμίαι
1328 2145 1443 2195 ἀπὸ
1489 2144 1828 2208 φωνήεντος
1876 2142 2132 2195 θέλουςιν
2177 2144 2436 2209 ἄρχεςθαι
2485 2142 2609 2196 οἷον
2652 2144 2822 2196 οὖτο(
2869 2145 3046 2196 αὐτό(

456 2216 550 2266 ὅδε
596 2213 1034 2278 ἀναλογώτερόν
1081 2213 1194 2265 ἐςτι
1247 2213 1317 2263 τὸ
1361 2213 1599 2276 ἐκεῖνος,
1646 2210 1740 2262 ἵνα
1785 2212 1901 2263 ἀπὸ
1956 2211 2293 2275 φωνήεντος
2332 2212 2579 2276 ἄρξηται.
2624 2240 2688 2248 —-
2733 2214 2798 2262 de
2845 2212 2940 2263 ὅδε
2989 2222 3046 2262 et

455 2282 623 2334 οὗτος
671 2283 743 2332 ef.
783 2283 960 2347 Apoll.
1008 2282 1075 2330 de
1125 2298 1277 2346 pron.
1317 2284 1409 2331 71:
1458 2281 1548 2330 καί
1592 2280 1767 2343 δῆλον
1813 2277 1894 2330 ώ(
1939 2278 2047 2330 ἀπ’
2082 2279 2259 2342 αὐτῆς
2306 2279 2408 2345 (se.
2446 2282 2549 2343 τῆ(
2595 2279 2682 2342 ὅς)
2729 2280 2819 2331 καί
2866 2280 2900 2342 ἡ
2951 2279 3044 2331 ὅδε

377 2354 389 2365 ’
457 2355 735 2415 παρῆκται
761 2352 852 2400 καί
878 2349 913 2412 ἡ
942 2348 1110 2400 οὗτος
1136 2377 1200 2384 ——
1229 2349 1274 2412 ᾧ
1302 2348 1457 2413 λόγῳ
1484 2348 1573 2398 καί
1600 2346 1715 2397 ἀπὸ
1740 2349 1844 2397 τοῦ
1870 2344 2101 2410 τηλίκος
2125 2348 2459 2412 τηλικοῦτο(
2487 2345 2778 2411 τηλικόςδε
2816 2349 2906 2398 καὶ
2931 2347 3047 2398 ἀπὸ

454 2423 558 2468 τοῦ
584 2418 750 2469 τόςος
777 2416 1003 2468 τοςόςδε
1030 2417 1121 2466 καὶ
1147 2418 1442 2478 το(οῦτος,
1480 2413 1647 2465 οὐδέν
1674 2413 1851 2465 πλέον
1882 2413 2224 2478 ςημαίνοντα
2247 2418 2369 2465 τῶν
2392 2415 2812 2479 πρωτοτύπων.
2850 2444 2914 2451 —-
2952 2415 2986 2465 l.
3014 2418 3045 2464 6

457 2493 743 2536 accentum
781 2485 1074 2533 formarum
1118 2482 1373 2546 τόςοςδε,
1420 2481 1621 2546 τόςηδε
1666 2480 1899 2532 τόεονδε
1945 2499 2030 2548 ap.
2075 2484 2152 2536 Ῑο.
2190 2485 2275 2533 Al.
2327 2492 2890 2548 proparoxytonarum
2933 2500 3044 2533 mu-

455 2555 572 2602 tavi
610 2570 675 2601 cx
714 2553 1019 2601 Herodiani
1055 2552 1307 2600 doctrina
1342 2552 1412 2599 ab
1452 2552 1571 2615 ipso
1597 2551 1675 2599 Io.
1700 2550 1785 2599 Al.
1812 2566 1865 2615 p.
1892 2553 1974 2611 34,
2005 2554 2066 2600 13
2104 2550 2306 2600 relata:
2343 2550 2415 2601 τὰ
2451 2551 2658 2614 φωνὴν
2683 2550 3046 2615 παραχθέντα

457 2634 535 2686 εἰ(
570 2635 631 2685 δε
671 2634 844 2699 μηδὲν
881 2634 1056 2686 πλέον
1091 2637 1194 2684 τοῦ
1234 2633 1620 2697 πρωτοτύπου
1647 2630 1991 2697 (ημαίνοντα
2017 2633 2128 2698 πρὸ
2164 2637 2286 2697 μιᾶς
2322 2634 2434 2698 ἔχει
2470 2633 2576 2685 τὸν
2599 2635 2773 2686 τόνον
2797 2633 3043 2699 τοςόςδε,

457 2701 765 2768 τηλικόςδε.
837 2704 909 2756 cf.
949 2703 1014 2754 Il.
1050 2704 1138 2752 Pr.
1178 2700 1220 2753 Χ
1257 2705 1319 2751 41
1360 2700 1649 2752 τοςςόνδεε
1690 2700 1800 2764 πρὸ
1836 2701 2034 2753 τέλους
2070 2701 2105 2764 ἡ
2145 2701 2319 2755 ὀξεῖα·
2360 2701 2423 2754 ἓν
2457 2701 2562 2767 γάρ
2599 2701 2710 2753 ἐςτι
2747 2702 2915 2767 μέρος
2953 2704 3045 2754 λό-

454 2785 573 2832 γου.
647 2770 681 2822 Γ
722 2773 839 2821 157:
876 2769 1086 2834 τοιῇδ’;
1137 2768 1199 2820 ἐν
1234 2769 1370 2820 ἐςτι·
1410 2768 1495 2820 διὸ
1533 2769 1942 2834 περιεπαςτέον
1978 2769 2047 2821 τὸ
2091 2786 2177 2821 τοι
2219 2769 2296 2822 δε.
2379 2771 2409 2821 δ
2445 2773 2570 2822 665:
2625 2770 2685 2822 ἐκ
2732 2772 3041 2824 τος(ωνδε;

392 2845 403 2852 “
465 2838 518 2891 οἱ
555 2832 783 2890 πλείου(
821 2836 900 2889 ὡ(
926 2837 1026 2889 δύο
1063 2835 1198 2902 μέρη
1235 2840 1337 2888 τοῦ
1376 2836 1549 2900 λόγου
1573 2836 1901 2899 ἀνέγνωςαν
1938 2838 2000 2889 ἐν
2035 2838 2152 2890 δυςί
2225 2836 2391 2891 ξείαι(
2416 2838 2496 2890 ὡ(
2520 2839 2590 2890 τὸ
2613 2838 2780 2906 «τοίη
2818 2840 2869 2891 δ’
2903 2839 3046 2903 ἀμφὶ

454 2906 716 2969 γυναικί»
754 2906 815 2971 (Γ
856 2904 1003 2969 157),
1052 2905 1083 2956 ὁ
1120 2905 1179 2955 δέ
1216 2903 1626 2969 Ἀςκαλωνίτης
1662 2904 1796 2955 κατ’
1832 2904 2141 2960 ἐπέκτααν.
2217 2907 2256 2958 Β
2293 2909 2417 2958 346:
2454 2906 2679 2958 τοῦ(δε;
2731 2907 2793 2958 ἕν
2829 2907 2939 2958 ἐ(τι
2974 2907 3045 2958 τὸ

453 2974 679 3026 τοῦςδε·
735 2973 821 3025 διὸ
873 2972 1408 3037 προπεριςπαςτέον.
1478 2972 1523 3024 Λ
1557 2977 1682 3024 409:
1733 2971 1997 3025 Ἀλεξίων
2040 2974 2109 3025 τὸ
2152 2973 2320 3025 τόνδε
2367 2972 2430 3025 ἓν
2476 2973 2639 3038 μέρος
2684 2975 2858 3038 λόγου
2902 2974 3046 3026 ἐκδέ-

455 3057 609 3105 χεται
663 3043 751 3093 καὶ
798 3040 1125 3105 παροξύνει,
1169 3040 1265 3092 ἵνα
1312 3039 1613 3106 ίςοδυναμῇ
1660 3039 1975 3107 ἀναφορικῇ
2021 3045 2092 3108 τῇ
2137 3045 2366 3094 τοῦτον.
2448 3041 2779 3106 Τυραννίων
2826 3042 2887 3093 δὲ
2943 3042 3044 3093 δύο

455 3110 595 3176 μέρη
632 3109 807 3172 λόγου
844 3112 1019 3173 ποιεῖ,
1054 3108 1149 3160 ἵνα
1185 3110 1218 3173 ᾖ
1256 3111 1466 3160 τοῦτον
1501 3108 1588 3172 δέ,
1629 3107 1771 3159 κατὰ
1806 3109 2104 3174 ἀναφορὰν
2141 3108 2371 3173 ὁμοίως·
2418 3110 2635 3173 ἔφαμεν
2671 3109 2733 3161 δέ
2768 3109 2857 3161 δτι
2893 3110 3045 3175 παρὰ

452 3198 538 3260 τῷ
576 3197 784 3260 ποιητῇ
823 3193 858 3256 ἡ
905 3193 993 3245 διὰ
1027 3196 1131 3245 τοῦ
1169 3194 1230 3245 δε
1268 3192 1359 3244 ἐπὶ
1395 3193 1606 3257 ταύτης
1642 3196 1743 3257 τῆς
1781 3192 2137 3257 ἀντωνυμία(
2183 3194 2472 3246 ἐπέκταςι(
2518 3193 2764 3246 (πανίως
2808 3195 2911 3259 μέν
2956 3194 3043 3246 εὑ-

455 3262 587 3326 ρέθη
636 3262 736 3314 ἐπ’
780 3261 1099 3326 ἀναφορᾶς,
1148 3261 1327 3312 ὁπότε
1372 3260 1814 3329 διελαμβάνομεν
1861 3262 1989 3326 περὶ
2033 3265 2136 3313 τοῦ
2193 3261 2433 3315 «τοῦςδε
2486 3262 2543 3313 δ’
2587 3262 2651 3314 ἔα
2706 3264 3042 3327 φθινύθειν»

455 3330 521 3394 (Β
558 3329 682 3393 316)
729 3330 871 3381 ὥςτε
917 3328 1086 3381 οὐδὲν
1132 3329 1418 3381 κεκώλυκε
1466 3331 1555 3380 καί
1602 3327 1797 3380 ἐνθάδε
1839 3330 1909 3381 τὸ
1953 3333 2182 3381 τοιοῦτο
2235 3329 2638 3394 παραδέξαςθαι
2691 3330 2779 3382 διὰ
2819 3331 2891 3382 τὸ
2932 3332 3040 3396 ἤδη

455 3401 746 3448 πεπεῑςθαι
782 3397 892 3459 τήν
928 3396 1245 3461 παράδοειν.
1293 3397 1615 3461 βεβαιοτέρα
1652 3397 1840 3460 μέντοι
1878 3397 2028 3448 ἐςτίν
2064 3397 2099 3460 ἡ
2136 3401 2238 3449 τοῦ
2266 3395 2664 3462 Τυραννίωνα(
2702 3398 3039 3461 ἁνάγνωςις·

455 3463 619 3516 οὐδὲν
671 3464 778 3528 γὰρ
831 3464 1199 3516 ἐναντιοῦται.
1288 3464 1336 3516 Υ
1371 3468 1498 3517 357:
1545 3464 1864 3517 το((ουςδ’;
1922 3463 1954 3516 ό
2001 3463 2410 3531 Ἀςκαλωνίτης
2465 3470 2843 3531 προπεριςπᾶ,
2900 3464 3039 3531 ἐπεί,

455 3530 618 3597 φηςί,
657 3531 800 3583 κατὰ
825 3532 991 3584 δεῖξιν
1028 3531 1277 3596 λέγεται,
1316 3534 1406 3583 καὶ
1443 3532 1512 3583 τὸ
1548 3533 1842 3609 «τοςςῇ(δ’
1866 3532 2129 3598 ύςμίνης»
2158 3534 2318 3599 (359).
2359 3531 2708 3598 Ἀρίςταρχος
2736 3518 2927 3598 μέντοι
2951 3535 3040 3585 καί

457 3615 508 3666 οἱ
546 3614 775 3667 πλείου(
820 3617 1114 3680 παρολκὴν
1160 3616 1479 3669 ἐξεδέξαντο
1523 3620 1626 3668 τοῦ
1672 3616 1733 3668 δε
1770 3618 1861 3668 καὶ
1902 3615 2087 3668 ἐπείςθ
2171 3617 2351 3683 ταύτῃ
2392 3621 2463 3683 τῇ
2510 3617 2820 3681 ἀναγνώςει
2855 3618 2890 3681 ἡ
2936 3633 3040 3670 πα-

454 3684 693 3747 ράδοςι(·
731 3683 833 3734 οὐκ
872 3683 1133 3747 ἀδόκιμος
1168 3684 1229 3735 δὲ
1267 3686 1356 3736 καί
1394 3684 1429 3747 ἡ
1466 3688 1570 3735 τοῦ
1614 3682 2039 3739 Ἀςκαλωνίτου.
2091 3634 2144 3736 Ξ
2183 3690 2304 3736 146:
2347 3684 2473 3750 τοίη
2510 3685 2596 3737 δέε
2636 3687 2737 3739 δύο
2775 3686 2910 3752 μέρη
2947 3685 3040 3737 λό-

453 3766 557 3813 γου
593 3751 664 3802 τὸ
699 3749 940 3815 τοίη-δέ,
978 3750 1105 3817 τοίη
1144 3754 1231 3803 καὶ
1268 3751 1342 3803 δέ.
1413 3752 1499 3803 διὸ
1535 3752 1603 3803 οὐ
1643 3751 2045 3816 περιςπαςτέον
2081 3752 2151 3803 τὸ
2186 3753 2391 3819 τοιηδε.
2441 3753 2486 3805 Θ
2528 3758 2648 3807 110:
2686 3754 2862 3806 τώδε;
2904 3769 3039 3819 παρ-

455 3835 709 3888 οξύνεται
745 3834 815 3885 τὸ
853 3833 1029 3886 τώδε·
1070 3836 1437 3900 παραλόγως·
1485 3833 1689 3900 ἀληθὲς
1736 3836 1843 3901 γὰρ
1888 3837 1966 3889 ὡ(
2004 3837 2090 3889 ὅτι
2123 3837 2196 3889 τὰ
2231 3837 2320 3889 διὰ
2355 3840 2458 3889 τοῦ
2497 3839 2556 3890 δε
2603 3838 3037 3903 ἐπεκτεταμένα,

454 3902 502 3954 εί
539 3903 655 3967 ἔχοι
693 3903 805 3968 πρὸ
842 3902 1040 3955 τέλους
1077 3904 1238 3967 φύςει
1276 3902 1518 3968 μακράν,
1557 3908 2018 3968 προπεριςπᾱται.
2091 3905 2232 3970 ὅπερ
2270 3905 2481 3970 ὤφειλε
2527 3906 2663 3957 κάπὶ
2706 3911 2809 3958 τοῦ
2847 3906 3038 3957 «τώδε

451 3971 511 4021 δέ
549 3974 697 4022 νῶϊ-ι)
735 3971 907 4034 εἶναι,
953 3969 1078 4022 ἀλλ’
1113 3972 1266 4034 ὅμω(
1315 3971 1483 4022 πάλιν
1528 3971 1823 4037 ἐπεκράτει
1869 3973 1961 4023 καί
2007 3973 2101 4024 ἐπὶ
2121 3973 2346 4026 ,τούτου
2393 3972 2505 4038 πρὸ
2549 3973 2750 4025 τέλους
2797 3976 2832 4037 ή
2872 3976 3037 4026 ὀξεῖα.

451 4041 633 4089 ταῦτα
670 4038 702 4088 ό
741 4038 1079 4102 Ἡρωδιανὸς
1118 4039 1192 4090 ἐν.
1216 4043 1286 4105 τῇ
1324 4038 1397 4104 Ζ,
1436 4039 1583 4091 ὅπου
1619 4041 1748 4103 περὶ
1782 4043 1887 4091 τοῦ
1929 4040 1995 4106 ἰῷ
2033 4040 2405 4104 διαλαμβάνει.
2464 4041 2509 4093 Λ
2546 4045 2670 4092 432:
2707 4041 2910 4092 τοιώδ’
2944 4041 3038 4091 ἄν-

450 4123 545 4187 δρε
584 4120 975 4174 κατακτείναςε
1026 4123 1244 4187 ἔφαμεν
1288 4123 1396 4187 τὴν
1442 4123 1530 4175 διὰ
1573 4127 1676 4175 τοῦ
1713 4126 1775 4176 δε
1813 4124 2110 4181 ἐπέκταςιν
2147 4128 2650 4189 προπεριςπᾱςθαι,
2690 4123 2738 4176 εί
2773 4124 2889 4188 ἔχοι
2925 4126 3038 4190 πρὸ

447 4191 647 4242 τέλους
684 4189 844 4254 φύ(ει
884 4190 1113 4254 μακράν.
1183 4190 1270 4242 διὸ
1307 4191 1678 4257 ςημειούμεθα
1713 4192 1783 4243 τὸ
1818 4193 2011 4244 «τώδε
2048 4192 2110 4243 δέ
2146 4195 2308 4245 νῶϊ»,
2365 4195 2545 4244 Schol.
2585 4195 2657 4243 ad
2694 4194 2797 4243 Od.
2835 4208 2871 4245 α
2912 4197 3034 4245 185;

457 4262 595 4323 νηῦς
631 4257 692 4309 δέ
732 4273 822 4320 μοι
859 4258 957 4320 ἡδ’
994 4258 1227 4324 ἕςτηκεν
1264 4258 1365 4309 ἐπ’
1399 4258 1574 4324 ἀγροῦ
1601 4259 1766 4324 νόςφι
1791 4259 2034 4324 πόληο(;
2075 4260 2480 4324 περιςπαςτέον
2514 4261 2584 4312 τὸ
2621 4259 2737 4325 ἧδε.
2784 4261 2896 4312 ἐςτι
2931 4261 3038 4326 γὰρ

455 4324 785 4388 ἀντωνυμία
821 4324 1136 4391 ἀναφορική
1175 4326 1306 4391 (non
1344 4326 1440 4391 ἠδέ
1475 4328 1808 4389 coniunctio)
1850 4328 1921 4378 cf.
1957 4329 2136 4393 Apoll.
2174 4329 2241 4378 de
2278 4345 2432 4394 pron.
2470 4331 2533 4380 73
2577 4334 2634 4380 et
2671 4330 2736 4379 de
2775 4330 2880 4379 hae
2917 4335 3038 4380 tota

448 4398 679 4445 materia
726 4396 919 4447 Lem-s,
960 4411 1049 4458 qu.
1087 4412 1173 4461 ep.
1216 4398 1311 4446 133
1359 4412 1509 4460 seqq.
1565 4421 1627 4432 ——
1686 4396 1721 4446 1.
1762 4398 1790 4446 7
1829 4394 2127 4447 ὀξύνονται
2164 4397 2354 4446 addidi
2392 4412 2457 4447 ex
2494 4399 2616 4448 Arc.
2656 4400 2777 4460 179,
2819 4400 2896 4448 15.
2969 4399 3035 4449 de

447 4461 635 4514 οὑτοςί
681 4460 914 4513 ἐκεινο(ί
951 4460 1037 4513 ὁδί
1083 4466 1152 4512 ef.
1201 4463 1509 4513 technieum
1549 4462 1799 4528 (Herod.)
1839 4464 1896 4513 in
1932 4465 1996 4514 E.
2032 4465 2106 4514 M.
2143 4467 2268 4525 341,
2305 4468 2388 4519 44.
2418 4492 2484 4500 —-
2520 4465 2554 4516 l.
2583 4469 2641 4515 ll
2683 4465 2750 4515 de
2790 4463 3034 4528 ἐμαυτοῦ

450 4531 519 4582 cf.
556 4532 732 4581 lssekk.
768 4535 872 4581 An.
908 4534 1036 4593 920,
1076 4535 1162 4582 15:
1221 4528 1404 4581 ίςτέον
1449 4530 1537 4582 ὅτι
1580 4530 1683 4582 οὐκ
1732 4529 1848 4582 ἀπὸ
1892 4533 1995 4596 τῆς
2040 4529 2178 4595 ἐμοῦ
2225 4535 2490 4598 κτητικῆς
2526 4531 2882 4596 ἀντωνυμία(
2919 4532 3038 4596 ἐγέ-

436 4610 579 4648 νετο
614 4598 649 4661 ἡ
691 4598 935 4661 ἐμαυτοῦ
976 4597 1240 4649 (ύνθετος
1276 4596 1630 4663 ἀντωνυμία,
1668 4598 1757 4650 διὰ
1792 4597 1922 4649 τίνα
1957 4600 2188 4663 γενικὴν
2224 4598 2437 4665 αἰτίαν,
2479 4600 2836 4667 μαθηςόμεθα
2869 4616 3035 4666 προ(-

450 4661 673 4726 έχοντε(
720 4666 862 4731 πρὸ(
906 4665 1008 4717 τὰ(
1047 4666 1344 4730 βιωφελεῖ(
1383 4666 1585 4730 τέχνας
1620 4670 1742 4717 τῶν
1781 4665 2044 4730 μεγάλων
2086 4667 2497 4733 τεχνογράφων
2534 4668 2905 4735 (Ἡρωδιανοῦ
2945 4670 3034 4720 καί

453 4729 861 4797 Ἀπολλωνίου)
898 4735 988 4785 καὶ
1025 4734 1094 4786 τὸ
1124 4733 1324 4799 τρίτον
1360 4734 1669 4798 πρόςωπον
1693 4736 1797 4799 τῆς
1822 4737 2092 4800 κτητικῆς
2117 4734 2474 4801 ἀντωνυμία(
2510 4737 2572 4788 ὅ(
2597 4737 2727 4803 (scr.
2754 4754 2851 4804 pro
2884 4737 3033 4801 πῶ()

449 4798 714 4852 πολλάκις
752 4799 830 4853 εἰ(
867 4802 1136 4854 ςύνθετον
1174 4801 1679 4868 μεταλαμβάνεται,
1717 4803 1861 4853 unde
1898 4804 2199 4855 concludas
2229 4806 2602 4856 Herodianum
2631 4806 2776 4856 idem
2814 4809 2930 4857 fere
2967 4807 3034 4857 de

448 4864 691 4931 ἐμαυτοῦ
729 4869 959 4933 dixisse,
1007 4871 1150 4935 quod
1187 4876 1376 4921 contra
1411 4873 1760 4938 Tryphonem
1794 4872 1977 4936 Apoll.
2019 4872 2084 4922 de
2111 4889 2263 4937 pron.
2300 4876 2387 4925 86.
2450 4875 2516 4925 (le
2558 4882 2702 4940 synt.
2746 4877 2841 4926 169
2878 4890 3032 4941 seqq.

3086 1527 3152 1578 10
