3664 5546
672 390 793 456 108
1602 392 1683 448 ΕΚ
1718 392 1861 446 ΤΩΝ
1902 391 2309 448 ΗΡΩΔΙΑΝΟΥ

1210 668 1388 732 ΠΕΡΙ
1437 667 1714 765 ΤῼΝΟΥ
1751 602 1918 732 1ΤΩΝ
1965 667 2078 733 ΕΙ(
2123 672 2200 735 δί
2247 654 2711 733 ΟΝΟΜΑΤΩΝ.

1766 856 2039 911 ΒΙΒΛΙΟΝ
2077 849 2137 913 ε’.

835 1028 928 1093 Τὰ
974 1028 1062 1092 εἰς
1105 1031 1183 1091 ο“ς
1226 1028 1469 1105 καθαρὰ
1513 1027 1857 1107 διςύλλαβα
1899 1034 1992 1117 τῷ
2031 1032 2078 1091 ᾱ
2123 1034 2339 1112 μακρῷ
2383 1026 2881 1107 παραληγόμενα
2935 1026 3120 1102 ὀλίγα
3163 1027 3247 1091 εἰ-

667 1130 792 1211 ςίν,
839 1131 939 1195 καὶ
984 1129 1274 1195 ὀξύνεται
1316 1130 1464 1213 μέν,
1511 1130 1628 1194 ὅςα
1672 1129 1751 1194 οὐ
1783 1130 1997 1212 κύρια,
2043 1131 2123 1209 μὴ
2156 1132 2226 1194 δὲ
2265 1129 2614 1212 ἐπιθετικά,
2658 1130 2860 1195 παός
2905 1130 3007 1193 καὶ
3050 1130 3247 1208 πηός

606 1242 639 1292 5
675 1233 818 1296 «καὶ
860 1239 1005 1316 πηῷ
1034 1253 1155 1310 περ
1187 1230 1400 1297 ἐόντι»
1450 1229 1603 1315 (Od.
1637 1255 1674 1296 κ
1702 1232 1877 1314 441),
1924 1235 2119 1298 ναός
2163 1232 2350 1312 νηός
2396 1233 2506 1298 «ἐν
2553 1232 2728 1297 πίονι
2758 1238 2935 1317 νηῷ»
2969 1233 3045 1313 (Β
3063 1230 3246 1315 549),

670 1333 856 1398 λαός
914 1336 1101 1413 ληός
1145 1342 1219 1420 τῇ
1265 1336 1755 1418 μεταγενεςτέρᾳ
1814 1336 1959 1399 Ἰάδι
2003 1335 2243 1413 τραπέν
2303 1335 2502 1414 «ληόν
2547 1333 2865 1413 ὥρήςας»
2912 1333 3246 1415 Ἱππῶναξ,

667 1437 829 1515 παρ’
883 1436 1138 1521 Ὁμήρῳ
1196 1439 1266 1501 δὲ
1322 1439 1394 1502 τὸ
1453 1438 1608 1502 λαός
1664 1436 1983 1515 ἄτρεπτον
2029 1436 2292 1516 ἔμεινεν.
2396 1438 2779 1515 ςημειωτέον
2815 1434 3068 1527 ,ht-611
3124 1436 3248 1515 οὐχ

667 1538 890 1603 ἁπλῶς
945 1541 1060 1604 τὸν
1120 1539 1320 1617 ὄχλον
1377 1540 1686 1622 ςημαίνει,
1744 1538 1912 1603 ἀλλὰ
1965 1540 2081 1604 τὸν
2127 1539 2662 1618 ὑποτεταγμένον.
2752 1539 3076 1603 Ἑκαταῖος
3123 1537 3247 1617 γὰρ

669 1641 814 1705 «τὸν
871 1640 1184 1720 Ἡρακλέα
1235 1645 1352 1706 τοῦ
1408 1642 1773 1721 Εὐρυςθέως
1829 1642 2029 1706 λαόνό
2092 1642 2260 1718 λέγει
2318 1642 2520 1705 καίτοι
2540 1640 2693 1713 ἕνα
2747 1640 2976 1707 ὄντα.·-
2961 1639 3248 1717 -γίνεται

569 1755 633 1807 10
669 1744 740 1807 δὲ
785 1744 968 1825 λαός,
1027 1744 1119 1808 ὡς
1165 1745 1528 1822 Χρύςιππος
1584 1744 1622 1809 ὁ
1679 1743 1951 1808 (τωίκός
2006 1744 2414 1827 ἐτυμολογεῑ,
2459 1745 2643 1822 ,παρὰ
2696 1728 2771 1808 τὸ
2832 1747 3007 1807 λαλῶ
3053 1743 3249 1808 λαλός

669 1846 770 1909 καὶ
815 1846 983 1909 λαός.
1072 1848 1246 1925 παρὰ
1301 1846 1423 1925 γὰρ
1479 1846 1594 1924 τὴν
1652 1847 1884 1927 φωνήν
1939 1865 2134 1926 φηςι·
2121 1846 2237 1910 -ὡς
2293 1847 2394 1910 καὶ
2451 1847 2662 1925 μέροψ
2720 1842 2896 1924 παρὰ
2937 1847 3054 1923 τὴν
3093 1845 3249 1910 ὄπα.

667 1948 770 2012 καὶ
813 1946 1154 2025 ἄνθρωπος
1200 1948 1238 2013 ὁ
1283 1949 1733 2027 διωρθωμένην
1779 1950 1949 2028 ἔχων
1993 1951 2109 2027 τὴν
2156 1947 2316 2030 ὄπα,
2364 1948 2465 2013 διὸ
2510 1948 2612 2012 καὶ
2654 1947 3069 2026 αὐδήεντεςα
3045 1947 3121 2027 «ἦ
3168 1948 3250 2012 νύ

668 2070 795 2115 που
841 2048 1200 2128 ἀνθρώπων
1256 2049 1378 2129 εἰμὶ
1432 2051 1659 2129 ςχεδόν
1714 2051 2125 2135 αυὸηέντων»
2182 2047 2334 2132 (od.
2380 2056 2413 2117 ζ
2460 2048 2628 2132 125).
2714 2050 2971 2126 ἐγένετο
3029 2052 3100 2115 δὲ
3145 2050 3248 2114 ἔλ-
3369 2060 3380 2069 “

671 2155 906 2233 λειψις,
954 2154 1044 2217 ὡς
1088 2151 1262 2230 παρὰ
1304 2155 1441 2216 τοῖς
1488 2140 1789 2217 Ἀττικοῖς
1844 2155 1883 2232 ἡ
1947 2153 2094 2235 ςίφη
2140 2152 2209 2225 ἐκ
2250 2157 2366 2217 τοῦ
2412 2152 2601 2232 ςίλφη
2657 2154 2818 2231 παρ’
2860 2155 3009 2232 ἡμῖν
3065 2156 3249 2228 λεγο-

571 2264 631 2315 ι)
669 2254 824 2334 μένη
871 2256 961 2319 ὡς
1004 2256 1105 2319 καὶ
1149 2254 1187 2318 ὁ
1231 2254 1432 2332 τάπης
1462 2255 1637 2333 παρὰ
1679 2256 1754 2319 τὸ
1785 2254 2028 2337 θάλπη,
2075 2254 2134 2319 ει
2161 2275 2234 2331 γε
2264 2254 2470 2343 παρὰ
2483 2255 2557 2319 τὸ
2589 2255 2892 2334 χλιαίνειν
2935 2256 2973 2333 ἡ
3005 2254 3249 2333 χλαίνη.

669 2358 768 2421 καὶ
812 2356 1053 2421 ἔκταςις
1099 2358 1170 2423 δὲ
1201 2356 1436 2432 γίνεται
1470 2357 1763 2440 ἀποβολῇ
1808 2361 1926 2422 τοῦ
1973 2360 2036 2420 λ
2105 2356 2291 2421 ἄλλοι
2337 2358 2407 2420 δὲ
2454 2358 2627 2435 παρὰ
2671 2357 2823 2422 τοὺς
2882 2359 3037 2422 λᾶας
3081 2357 3251 2420 ὠνο-

668 2458 971 2537 μάςθαι
949 2461 1136 2524 λαοὶ
1187 2459 1643 2525 Δευκαλίωνος
1680 2458 1836 2524 ’ὅςοι
1894 2450 2266 2561 γενόμεθα».
2359 2458 2770 2538 Καλλίμαχος.
2859 2459 3119 2539 φέρεται
3178 2458 3250 2523 δῖ

664 2559 933 2642 ἱςτορία,
990 2560 1085 2626 ὅτι
1141 2563 1179 2640 ἡ
1230 2563 1429 2639 Μῆτις
1486 2563 1908 2640 δυςτοκούςης
1963 2566 2073 2639 τῆς
2119 2561 2296 2625 Ῥέας
2353 2562 2512 2640 αὐτὴ
2569 2563 2671 2626 καὶ
2718 2560 2892 2626 ἔτεκε
2936 2562 3163 2626 τέκνον
3210 2562 3251 2625 ὃ

584 2666 587 2667 ’
667 2662 919 2727 ἐκάλεςε
964 2662 1166 2728 Λάαν·
1194 2712 1206 2727 .
1234 2670 1308 2745 τῇ
1355 2665 1426 2729 δὲ
1470 2660 1615 2747 Ῥέᾳ
1670 2665 1934 2748 τεκούςῃ
1993 2665 2106 2729 τὸν
2150 2663 2281 2728 Δία
2338 2661 2865 2741 ἀντικατήλλαξεν
2912 2664 3026 2729 τὸν
3071 2663 3250 2728 Λάαν

565 2779 632 2830 20
667 2764 860 2843 αὐτῆς
904 2766 1020 2831 τὸν
1066 2769 1296 2850 παῖδα,
1350 2764 1459 2831 ἵνα
1514 2765 1552 2830 ὁ
1601 2766 1843 2844 Κρόνος
1897 2764 2038 2832 ἀντὶ
2080 2765 2245 2831 Διὸς
2300 2766 2423 2832 τὸν
2479 2765 2655 2831 Λάαν
2714 2766 2995 2852 καταπίῃ.
3083 2765 3252 2831 Ζεὺς

666 2867 787 2932 οὖν
854 2868 1086 2948 ἡβήςας
1140 2868 1228 2932 εἰς
1281 2870 1487 2947 τιμὴν·
1519 2871 1635 2932 τοῦ
1680 2867 1832 2932 ἀνθ
1886 2869 2085 2934 αὑτοῦ
2151 2869 2625 2934 καταποθέντος
2695 2869 2892 2933 λαοὺς
2959 2868 3252 2947 ὠνόμαςε

664 2970 818 3035 τοὺς
862 2970 1263 3049 ἀνθρώπους.
1320 2969 1382 3035 οἱ
1427 2971 1497 3034 δὲ
1543 2969 1641 3033 ὅτι
1669 2969 2050 3034 Δευκαλίων
2082 2970 2298 3035 λίθους
2330 2970 2570 3050 ῥίπτων
2605 2969 2989 3050 ἀνθρώπους
3030 2971 3248 3038 ἐποίει.

665 3074 831 3137 τινὲς
876 3073 946 3136 δὲ
991 3071 1086 3137 ὅτι
1134 3069 1567 3151 κατακλυςμὸὓ
1612 3071 1802 3138 ὄντος
1848 3071 2098 3152 ἔφυγον
2155 3072 2216 3136 οἱ
2272 3071 2602 3152 ἄνθρωποι
2658 3071 2746 3137 εἰς
2801 3072 2881 3137 τὰ
2924 3071 3059 3151 ὄρη.
3147 3074 3252 3137 καὶ

668 3175 822 3252 μετὰ
864 3179 1061 3239 ταῦτα
1106 3174 1448 3253 ἑπέςτηςαν
1492 3181 1568 3258 τῇ
1613 3180 1692 3258 γῇ
1723 3173 1936 3239 εὐδίας
1978 3174 2350 3256 γινομένης,
2398 3175 2489 3239 ὡς
2536 3175 2924 3252 ἐκπλαγῆναι
2969 3176 3071 3239 καὶ
3115 3173 3250 3239 ἀπὸ

566 3289 630 3339 25
670 3276 862 3341 λίθων
892 3280 1256 3356 νομιςθῆναι
1288 3275 1472 3341 εἶναι.
1527 3275 1813 3340 Ἡςίοδος
1845 3278 1915 3340 δὲ
1945 3277 2120 3355 παρὰ
2150 3278 2224 3341 τὸ
2257 3277 2406 3342 ἁλές
2437 3277 2512 3341 τὸ
2546 3279 2850 3355 ςημαῖνον
2881 3277 2956 3341 τὸ
2986 3277 3248 3354 ἁθρόον.

1068 3379 1222 3443 τούς
1269 3377 1350 3458 ῥά
1394 3398 1552 3443 ποτε
1601 3377 1904 3456 Κρονίδης
1949 3377 2114 3443 Ζεὺς
2158 3377 2396 3459 ἄφθιτα
2440 3379 2642 3457 μήδεα
2687 3378 2874 3443 εἰδὼς

641 3564 644 3568 .
1074 3482 1333 3545 λεκτοὺς
1379 3481 1448 3545 ἐκ
1490 3480 1671 3559 γαίης
1714 3479 1889 3544 ἁλεῑς
1933 3481 2093 3560 πόρε
2138 3480 2556 3545 Δευκαλίωνι.
2602 3478 2712 3562 (fr.
2749 3480 2818 3543 11
2856 3477 3192 3561 Dindorf.)

667 3581 866 3646 άλαός
922 3581 1077 3647 λαός
1141 3582 1465 3663 άφαιρέςει
1520 3585 1635 3647 τοῦ
1699 3586 1770 3664 ᾶ,
1840 3583 1929 3647 ὡς
1994 3584 2094 3648 καὶ
2149 3584 2323 3661 παρὰ
2389 3583 2824 3663 Ἀριςτοφάνει
2883 3580 3111 3665 (Mein.
3164 3581 3249 3645 fr.

668 3681 850 3747 Com.
881 3682 981 3747 ed.
1014 3684 1172 3747 min.
1205 3705 1268 3769 p.
1300 3682 1455 3765 341)

566 3800 633 3852 30
1072 3787 1393 3868 ςφόδελον
1440 3785 1510 3850 ἐν
1553 3786 1832 3865 χύτραιςι
1878 3788 2177 3867 μεγάλαις
2221 3787 2546 3867 ἑψόμενον

667 3889 833 3953 τινὲς
877 3889 947 3953 δὲ
992 3890 1094 3953 καὶ
1137 3887 1400 3968 Παφίην
1445 3890 1559 3967 τὴν
1607 3889 1990 3969 Ἀφροδίτην
2047 3890 2127 3955 οὐ
2172 3891 2347 3968 παρὰ
2400 3892 2517 3969 τὴν
2560 3889 2804 3969 Πάφον
2847 3891 2967 3967 τὴν
3011 3889 3081 3953 ἐν
3130 3888 3246 3952 Κύ-

667 4012 811 4074 πρῳ
855 3989 1078 4072 πόλιν,
1126 3989 1291 4054 ἀλλὰ
1334 3990 1508 4068 παρὰ
1551 3991 1626 4056 τὸ
1672 3991 2076 4072 ἀπαφίςκειν·
2121 3995 2222 4057 καὶ
2267 3993 2425 4070 παρ’
2468 3991 2736 4074 Ἡςιόδῳ
2798 3991 2983 4070 «ῥεῖά
3031 3991 3099 4054 τε’
3145 4012 3249 4069 μιν

625 4096 969 4171 -μαυροῡςι
1025 4091 1200 4156 θεοί»
1259 4089 1411 4182 (Ορο.
1458 4091 1626 4174 323).
1714 4096 1752 4173 ἡ
1809 4099 1926 4158 τοῦ
1985 4098 2227 4174 μακροῦ
2293 4097 2334 4158 ἆ
2399 4092 2724 4174 ἀφαίρεςις
2792 4092 3081 4158 ςπάνιος·
3146 4094 3250 4156 καὶ

666 4193 815 4259 ἴςως
873 4195 943 4259 ἐν
999 4201 1090 4277 τῷ
1150 4193 1342 4273 «βάλε
1400 4196 1477 4273 δὴ
1524 4195 1676 4275 βάλε
1721 4197 1997 4274 κηρύλος
2042 4196 2220 4275 εἴην»
2269 4194 2511 4278 (Alcm.
2557 4194 2639 4257 fr.
2685 4194 2812 4277 21).
2900 4196 2975 4259 τὸ
3032 4194 3249 4259 Δᾶος

566 4313 631 4363 35
670 4297 759 4363 ὡς
803 4296 1025 4374 κύριον
1073 4297 1422 4376 βαρύνεται.
1514 4298 1741 4363 «Γέτας
1785 4298 1909 4376 γὰρ
1953 4300 2104 4378 τοὺς
2151 4300 2313 4377 πρὸς
2367 4299 2483 4362 τὸν
2527 4297 2790 4362 Πόντον
2845 4297 3249 4376 κεκλιμένους

666 4400 769 4463 καὶ
811 4399 927 4475 τὴν
972 4396 1091 4479 ἕω,
1134 4397 1358 4464 Δάους
1402 4401 1473 4464 δὲ
1517 4401 1669 4465 τοὺς
1712 4402 1876 4479 πρὸς
1905 4398 2208 4466 τάναντία
2251 4401 2413 4478 πρὸς
2448 4401 2789 4479 Γερμανίαν
2836 4402 2938 4464 καὶ
2975 4399 3089 4463 τὰς
3130 4402 3250 4481 τοῦ

666 4539 794 4546 .—-——

802 4638 837 4692 l.
876 4640 909 4688 4
947 4634 1090 4689 παός
1128 4635 1260 4689 ναός
1298 4637 1432 4690 λαός
1472 4639 1688 4705 explevi
1725 4655 1792 4688 ex
1828 4641 1928 4706 Ep.
1959 4641 2047 4694 Cr
2083 4629 2117 4690 '1
2153 4642 2273 4704 264,
2316 4643 2376 4690 10
2412 4639 2497 4702 (Ε.
2528 4640 2665 4692 Gud.
2705 4641 2820 4697 362,
2857 4639 2964 4701 21).
3035 4639 3100 4688 In
3137 4638 3248 4687 He-

669 4706 810 4756 siodi
850 4706 1042 4771 fragm.
1182 4706 1218 4754 1
1256 4709 1322 4757 28
1362 4708 1529 4772 scrip
1507 4710 1552 4757 ·i
1588 4723 1685 4773 pro
1721 4705 1920 4760 ἀλέους
1961 4714 2185 4774 propter
2219 4710 2392 4773 ipsam
2437 4709 2539 4758 hoc
2582 4708 2634 4757 lo
2605 4726 2701 4758 oco
2749 4708 3084 4773 propositam
3130 4713 3249 4770 ety-

667 4773 957 4838 mologiam
997 4773 1161 4825 ἀλεῖς.
1235 4777 1353 4838 Quo
1323 4775 1390 4823 od
1432 4789 1585 4826 ιςως
1633 4773 1763 4838 βάλε
1813 4793 1878 4826 ex
1924 4776 2094 4840 ἅβαλε
2142 4777 2493 4827 decurtatum
2542 4777 2766 4836 dicitur,
2816 4776 2944 4825 inde
2982 4774 3249 4840 explicari

666 4841 855 4904 debet,
909 4843 1051 4907 quod
1104 4843 1453 4893 Herodianus
1498 4842 1532 4893 ἃ
1570 4841 1701 4906 βάλε
1750 4860 1845 4909 pro
1893 4845 2104 4896 duabus
2139 4845 2366 4896 vocibus
2411 4845 2604 4894 habuit
2647 4843 2934 4907 Apollonio
2981 4844 3038 4892 in
3083 4857 3251 4892 unum

669 4911 1033 4976 coniungente
1092 4910 1157 4964 11.
1212 4913 1303 4963 Pr.
1361 4909 1406 4961 Ω
1463 4915 1588 4975 343,
1649 4912 1834 4967 Dichr.
1893 4916 2121 4977 297,1.
2195 4940 2256 4952 -·
2324 4913 2361 4967 l.
2417 4916 2516 4965 35
2555 4911 2720 4965 Γέτας
2779 4911 2885 4976 γὰρ
2943 4926 3115 4976 usque
3177 4910 3252 4962 ad
