3664 5546
652 430 774 497 196
1586 432 1668 489 ΕΚ
1705 432 1848 488 ΤΩΝ
1890 432 2299 488 ΗΡΩΔΙΑΝΟΥ

644 600 816 685 572).
905 607 992 683 δη
1008 602 1342 683 μότερος
1397 605 1790 683 ςυγκριτικόν
1837 604 1957 670 οὐκ
2009 603 2343 689 ἀποκοπῇ,
2401 602 2553 668 ἀλλ’
2607 602 2677 668 ἑκ
2719 607 2836 667 τοῦ
2882 601 3236 667 ἐπιθετικοῦ

645 710 762 770 τοῦ
821 710 1067 787 «δῆμον
1125 706 1318 773 ἐόντα
1381 709 1579 786 παρὲξ
1647 705 2080 789 ἀγορευέμεν»
2144 703 2250 790 (Il.
2295 706 2359 771 Μ
2401 703 2589 788 213),
2658 705 3114 785 βαςιλεύτερ
3132 725 3235 770 ος.

644 808 900 873 τούτοις
955 808 1351 888 ἠκολούθηςε
1402 811 1505 875 καὶ
1559 810 1635 875 τὸ
1692 831 1826 875 κας
1846 810 2182 892 ςίτερος,
2241 806 2296 872 εἰ
2350 809 2450 872 καὶ
2499 807 2985 887 προςηγορικὸν.
3042 808 3118 873 τὸ
3164 809 3237 872 δὲ

644 931 785 989 περ
807 911 1108 990 ιςτερός
1164 911 1470 978 ὀξύνεται.
1555 913 1632 978 τὸ
1689 912 1905 992 μέντοι
1962 910 2134 990 ἀρις
2153 930 2230 976 τε
2247 910 2378 990 ρός
2442 910 2733 977 ὀξύνεται
2790 910 2881 977 ὡς
2946 910 3050 975 διὰ
3116 914 3235 975 τοῦ

583 1021 614 1069 5
646 1015 796 1091 W
843 1015 944 1078 καὶ
988 1014 1405 1092 δεξιτερός.
1492 1016 1568 1080 τὸ
1626 1015 1699 1079 δὲ
1753 1012 2207 1095 ἀμφότερος
2265 1012 2651 1096 ἐπιθετικόν,
2706 1011 2781 1077 τὸ
2840 1014 2912 1077 δὲ
2955 1010 3232 1093 Ἀμφο-

642 1116 822 1196 τερό
843 1139 873 1182 ς
921 1116 1011 1182 ὡς
1056 1116 1278 1195 κύριον
1323 1115 1629 1183 ὀξύνεται.

719 1242 726 1249 ·
810 1242 847 1278 ιι
897 1218 990 1284 Τὰ
1045 1218 1134 1284 εἰς
1188 1221 1339 1297 ᾧοῖ
1383 1219 1891 1300 ὑπερδιςύλλαβα
1934 1221 2254 1298 μονογενῆ
2310 1219 2350 1297 ἢ
2395 1217 2579 1297 κύρια
2622 1217 2991 1299 βαρύνεται,
3048 1216 3231 1295 Τέρ-

639 1340 908 1405 μερος,
966 1319 1093 1401 ἀφ’
1159 1319 1239 1386 οὗ
1293 1321 1579 1402 Τέρμερα
1646 1321 1834 1386 πόλις
1896 1320 2154 1404 Λυκίας,
2222 1320 2564 1403 (ύβερος
2629 1319 2817 1384 πόλις
2872 1318 3232 1402 Ἰλλυρίδος,

639 1422 720 1487 Ὤ
738 1427 816 1488 λε
833 1445 921 1502 ρο
940 1445 971 1488 ς
1020 1422 1283 1502 Κρητικὴ
1341 1424 1557 1506 πόλις,
1612 1423 1759 1501 περὶ
1810 1422 1886 1502 ἧς
1930 1422 2184 1488 Ξενίων
2239 1423 2310 1488 ἑν
2360 1423 2685 1503 Κρητικοῖς
2736 1443 2888 1503 φηςι
2935 1442 3231 1501 «πορρω-

541 1530 605 1580 10
639 1525 805 1604 τέρω
852 1527 924 1590 δὲ
967 1530 1080 1605 τῆς
1122 1526 1524 1605 Ἱεραπύτνης
1564 1522 1839 1605 Ὢλερος
1882 1524 1963 1605 ἦν
2007 1525 2046 1604 ἡ
2077 1525 2265 1590 πόλις
2294 1525 2409 1607 ἐφ’
2452 1526 2712 1605 ὑψηλοῦ
2765 1525 2881 1605 μὲν
2924 1524 3231 1609 ῲκιςμένη

638 1629 847 1692 τόπου
863 1653 907 1692 ».
992 1627 1266 1708 ἵμερος
1309 1629 1485 1707 παρὰ
1539 1628 1615 1693 τὸ
1667 1627 1800 1707 ἵημι
1845 1628 1949 1692 καὶ
1987 1626 2187 1692 ἵεςθαι
2246 1627 2417 1693 «ἵετο
2462 1629 2585 1707 γὰρ
2633 1628 2922 1709 βαλέειν»
2969 1628 3062 1710 (Π
3104 1625 3231 1690 383

641 1738 706 1793 et
750 1728 903 1812 866)
949 1729 986 1794 6
1030 1735 1256 1796 ποθῶν
1300 1730 1424 1809 γὰρ
1465 1729 1627 1795 ἵεται
1673 1730 1780 1794 ἐπὶ
1821 1732 1898 1795 τὸ
1943 1731 2373 1811 ποθούμενον.

808 1833 902 1898 Τὰ
948 1834 1053 1897 διὰ
1108 1836 1224 1898 τοῦ
1280 1833 1431 1911 {ffic'
1485 1836 1741 1913 τριγενῆ
1796 1832 1956 1898 ὄντα
2011 1833 2114 1898 καὶ
2167 1833 2507 1913 τριβράχεα
2562 1831 2881 1914 ὀξύνεται,
2936 1832 3131 1911 χωρὶς
3175 1832 3229 1896 εἰ

637 1936 719 2015 μὴ
765 1935 905 2015 ἔχοι
948 1936 1026 2000 τὸ
1083 1938 1118 1998 τ
1171 1935 1300 2013 πρὸ
1357 1939 1475 1999 τοῦ
1519 1938 1583 2018 E,
1636 1936 1959 2018 γοερός,
2016 1935 2333 2019 νοερός,
2389 1937 2772 2018 ψογερός,
2818 1934 3227 2018 δροςερός,

539 2041 599 2091 15
623 2037 1060 2122 τρυφερός,
1130 2037 1548 2120 βλαβερός,
1614 2038 1992 2121 φανερός,
2057 2036 2303 2120 ἱερός,
2371 2036 2795 2120 ςφαλερός,
2861 2036 3225 2120 δολερός,

634 2141 1007 2223 χλοερός,
1074 2139 1439 2224 νοςερός,
1507 2139 1915 2222 ςταθερός,
1984 2138 2394 2217 πενθερός.
2481 2140 2557 2205 τὸ
2625 2141 2696 2203 δὲ
2762 2138 3053 2218 ἥμερος
3109 2138 3226 2216 τὴν

633 2242 761 2320 πρὸ
807 2241 1292 2320 τέλουςτρίτην
1337 2242 1582 2321 μακρὰν
1627 2241 1776 2321 ἔχει.
1853 2242 1906 2326 ᾧ
1950 2240 2341 2319 ἠκολούθηςε
2386 2242 2488 2306 καὶ
2530 2242 2605 2307 τὸ
2652 2241 3091 2320 ἐλεύθερος.
3149 2241 3225 2305 τό
3330 2257 3338 2267 ·

633 2345 704 2408 δὲ
749 2346 1124 2428 πότερος,
1171 2343 1446 2422 ἕτερος
1490 2343 1620 2423 ἔχει
1665 2345 1743 2408 τὸ
1788 2345 1824 2408 ’ἶ
1869 2343 1996 2422 πρὸ
2041 2346 2159 2408 τοῦ
2203 2346 2252 2408 ἒ.

800 2444 895 2510 Τὰ
938 2447 1045 2511 διὰ
1086 2449 1205 2512 τοῦ
1248 2449 1415 2527 W
1472 2446 1632 2526 ὑπὲρ
1677 2446 1797 2511 δύο
1859 2446 2172 2526 ςυλλαβὰς
2217 2443 2344 2510 εἴτε
2388 2445 2572 2524 κύρια
2616 2444 2741 2511 εἴτε
2791 2445 3224 2526 προςηγορικὰ

528 2553 596 2603 20
631 2547 757 2613 εἴτε
803 2547 1060 2614 ἐπίθετα
1114 2551 1196 2631 μὴ
1252 2549 1490 2629 ἔχοντα
1543 2548 1687 2613 κατ’
1732 2548 1897 2614 ἰδίαν
1956 2549 2197 2628 θηλυκὰ
2252 2535 2841 2632 προπαροξύνετάι,
2898 2548 3223 2632 ὅμηρος,

630 2651 964 2731 ςίδηρος.
1020 2651 1412 2732 Φάληρος·
1473 2651 1859 2732 Ἀβδηρος
1924 2649 2132 2730 ὄνομα
2187 2651 2412 2715 τόπου.
2500 2652 2776 2730 Ἄηρος
2835 2650 3019 2715 πόλις
3066 2651 3222 2730 Κρη-

626 2755 796 2838 τική,
852 2755 1262 2839 Ἄνδηρος,
1317 2755 1619 2836 Ἴβηρος
1677 2753 1808 2820 ἀπὸ
1867 2754 1979 2832 τῆς
2022 2754 2271 2834 Ἴβηρος
2314 2757 2564 2832 γενικῆς
2608 2753 2936 2833 παραχθέν
2983 2753 3222 2818 «αὐτὸς

625 2857 870 2937 Ἴβηρος
912 2858 1399 2936 τραγοπώγων»
1448 2857 1520 2922 ἑν
1556 2857 1929 2922 Μαλθακοῖς
1978 2856 2302 2936 Κρατίνου.
2361 2857 2465 2921 καὶ
2507 2856 2945 2921 Ἀπολλώνιος
2988 2856 3102 2935 μὲν
3149 2854 3220 2920 ἐν

626 2961 766 3024 τοῖς
821 2959 1234 3040 παρωνύμοις
1289 2959 1478 3041 φηςίν
1539 2958 1713 3025 «ἀπὸ
1768 2964 2041 3036 γενικῶν
2110 2958 2346 3023 εὐθεῖαι
2412 2957 2843 3041 παράγονται,
2907 2963 3063 3023 τῶν,
3104 2958 3219 3037 μὲν

527 3065 592 3114 25
629 3061 791 3140 ὑπὲρ
836 3063 957 3126 δύο
1005 3061 1319 3142 ςυλλαβάς
1366 3060 1606 3142 ὁμοίως
1648 3067 1723 3145 τῇ
1770 3061 1984 3144 εὐθείᾳ
2029 3061 2186 3125 κατὰ
2239 3060 2356 3125 τὸν
2400 3059 2597 3124 τόνον
2655 3059 3217 3138 προπαροξυνόμε-

626 3183 760 3247 ναι,
806 3164 909 3227 καὶ
952 3163 1022 3228 ἐν
1068 3164 1255 3248 ἁπλῷ
1300 3165 1560 3243 ςχήματι
1605 3163 1644 3241 ἢ
1691 3162 1761 3228 ἐν
1809 3163 2105 3246 ςυνθέτῳ.
2169 3161 2422 3228 ἁπλοῦν
2467 3162 2582 3240 μὲν
2628 3159 2749 3226 οὖν
2780 3161 3021 3241 μάρτυρ
3065 3160 3217 3241 μάρ-

625 3284 818 3343 τυρος
864 3264 902 3329 6
948 3265 1298 3350 μάρτυρος,
1347 3265 1579 3344 Χάροψ
1615 3264 1919 3343 Χάροπος
1964 3263 2001 3328 6
2035 3263 2338 3343 Χάροπος
2386 3263 2760 3342 «Χαρόποιό
2805 3264 2871 3327 τ’
2901 3262 3214 3328 ἄνακτος»

627 3363 736 3447 (11.
779 3368 824 3430 Β
865 3365 1051 3448 672),
1098 3366 1366 3446 Τροίζην
1413 3365 1759 3446 Τροίζηνος
1803 3367 1843 3431 6
1900 3366 2247 3446 Τροίζηνος
2307 3363 2487 3431 «υἱὸς
2532 3365 2953 3445 Τροιζήνοιο»
3016 3362 3121 3448 (Il.
3169 3366 3214 3428 Β

625 3465 798 3550 847).
885 3467 1051 3548 Ἴβηρ
1094 3470 1340 3550 Ἴβηρος
1398 3468 1436 3533 6
1489 3469 1795 3549 Ἴβηρος».
1883 3469 1959 3532 τὸ
2014 3464 2175 3532 αὐτὸ
2219 3468 2323 3532 καὶ
2376 3469 2631 3549 Ἅβρων
2678 3468 2748 3534 ἐν
2803 3468 3215 3547 παρωνύμοις

522 3575 589 3626 30
624 3570 829 3650 φηςίν.
917 3569 1085 3636 ἀλλὰ
1139 3572 1220 3636 τὰ
1271 3572 1447 3651 παρὰ
1501 3574 1751 3650 γενικῆς
1795 3569 2297 3650 ἀναπεμφθέντα
2341 3572 2500 3635 κατὰ
2557 3571 2673 3636 τὸν
2718 3571 2916 3636 τόνον
2962 3575 3213 3636 ςυνεξο-

626 3675 957 3750 μοιοῦνται
1009 3679 1101 3758 τῷ
1156 3678 1499 3753 χαρακτῆρι
1554 3678 1666 3753 τῆς
1721 3673 1983 3737 εὐθείας.
2082 3673 2159 3736 τὸ
2217 3672 2341 3750 γὰρ
2398 3673 2686 3753 φυλακός
2743 3673 3214 3752 προςηγορικὸν

624 3770 917 3840 ὀξύνεται
971 3781 1063 3858 τῷ
1117 3779 1463 3855 χαρακτῆρι
1517 3779 1648 3841 τῶν
1716 3774 1804 3839 εἰς
1847 3776 2014 3838 iiiior
2083 3774 2642 3856 ὑπερδιςυλλάβων
2709 3777 3215 3857 προςηγορικῶν,

630 3913 844 3920 --ο-
875 3913 1034 3920 ---———

622 3994 934 4061 δημότερος
981 4012 1049 4046 ex
1097 3997 1178 4051 St.
1214 3998 1280 4050 Β.
1325 3999 1451 4061 228,
1492 4000 1581 4058 12,
1629 3994 2016 4061 βαςιλεύτερος
2063 4012 2128 4046 ox
2176 3996 2328 4050 Mon.
2375 3999 2468 4058 42,
2524 4000 2579 4059 13
2627 3996 2662 4049 l.
2698 3999 2732 4047 4
2777 3994 3101 4062 περιςτερός
3147 4012 3213 4046 ex

624 4064 869 4130 Theogn.
906 4091 971 4102 -
1007 4065 1092 4115 De
1133 4064 1481 4130 Ἀμφοτερὸς
1517 4067 1671 4116 Ρτοει.
1696 4065 1759 4116 Il.
1785 4062 1843 4116 Π
1877 4067 2002 4117 415:
2044 4063 2423 4129 Ἀμφοτερόν;
2465 4063 2542 4117 είς
2578 4065 2875 4129 διαςτολὴν
2910 4064 2980 4116 τὸ
3018 4064 3211 4128 κύριον

624 4131 912 4184 ὀξυτόνως
959 4129 1182 4196 ἀνέγνω
1231 4133 1263 4184 ὁ
1315 4130 1666 4199 Ἀρίςταρχος
1712 4130 1791 4184 ὡς
1837 4131 2143 4197 δεξιτερόν·
2198 4132 2290 4184 καὶ
2336 4130 2666 4199 ἐπείςθηςαν
2722 4131 2776 4185 οἱ
2820 4132 3212 4197 γραμματικοί·

623 4200 753 4265 περὶ
789 4200 851 4252 δὲ
886 4200 1155 4268 τοιαύτης
1190 4199 1514 4266 ἀνωμαλίας
1549 4204 1654 4253 τοῦ
1691 4199 1895 4265 ἀνδρὸς
1932 4198 1996 4252 ἐν
2033 4199 2245 4266 ἑτέροις
2290 4200 2425 4265 ἡμῖν
2461 4199 2675 4268 εἴρηται
2720 4203 2792 4252 cf.
2830 4202 3008 4253 Lohrs
3040 4201 3210 4254 Arist.

622 4284 674 4334 p,
713 4271 815 4320 266
852 4269 940 4320 ed.
977 4271 1049 4323 Π.
1230 4270 1269 4321 l.
1306 4274 1335 4322 7
1371 4271 1516 4321 hunc
1553 4286 1820 4321 canonem
1867 4269 2001 4319 finxi
2044 4286 2112 4321 ex
2148 4270 2461 4321 nominibus
2498 4287 2531 4321 a
2570 4270 2852 4335 Stephano
2888 4269 3078 4321 relatis
3115 4269 3212 4319 ad-

621 4337 740 4387 dito
779 4354 845 4388 ex
882 4338 1128 4405 Theogn.
1162 4337 1382 4404 ἵμερος,
1423 4339 1568 4404 quod
1606 4338 1830 4404 explevi
1867 4354 1933 4389 ex
1969 4337 2034 4389 E.
2072 4339 2259 4389 Orion.
2285 4340 2370 4400 76,
2405 4340 2486 4397 28,
2524 4340 2619 4389 ubi
2655 4337 2844 4389 οὕτως
2870 4336 3211 4402 Ἡρωδιανὸς

619 4406 929 4457 subiectum
963 4412 1066 4458 est.
1274 4407 1309 4458 l.
1350 4411 1413 4459 15
1449 4409 1670 4458 nomina
1705 4406 1834 4457 inde
1871 4421 1906 4456 a
1942 4405 2212 4471 βλαβερός
2245 4434 2311 4441 -
2349 4404 2497 4471 ἱερός
2533 4407 2726 4458 addidi
2763 4423 2832 4457 ox
2864 4406 3054 4461 Diohr.
3091 4408 3212 4467 294,

622 4476 711 4530 11.
758 4474 975 4540 reliqua
1020 4491 1194 4541 usque
1241 4476 1312 4526 ad
1358 4474 1625 4540 ςταθερός
1671 4490 1737 4524 ex
1782 4474 2055 4540 Theogn.,
2103 4473 2404 4540 πενθερός,
2451 4475 2597 4540 quod
2640 4474 3019 4528 Heroffianum
3066 4475 3216 4524 inter

583 4607 587 4612 .
617 4541 903 4594 adiectiva
948 4542 1204 4595 retulisse
1241 4543 1483 4596 ostendit
1521 4543 1702 4594 simile
1740 4541 1964 4608 ἑκυρὸς,
2003 4559 2071 4594 ex
2106 4543 2293 4594 Dichr.
2329 4546 2445 4602 294,
2481 4546 2560 4603 19,
2597 4543 2805 4609 ἥμερος
2841 4560 2909 4594 ex
2944 4543 3211 4607 Theogn.,

620 4612 738 4675 ipso
775 4610 965 4660 addidi
1003 4608 1325 4675 ἐλεύθερος,
1365 4613 1496 4677 quia.
1532 4613 1602 4662 ab
1641 4611 1957 4663 Herodiano
1994 4611 2184 4677 procul
2219 4611 2385 4663 dubio
2434 4612 2522 4662 hio
2565 4616 3038 4663 commemoratum
3088 4611 3213 4660 fuit.

616 4676 686 4728 τὸ
724 4676 786 4729 δὲ
823 4677 1065 4743 πότερος
1101 4694 1276 4744 usquo
1314 4679 1388 4730 ad
1423 4680 1583 4730 finem
1620 4680 1743 4744 ipso
1780 4695 1993 4730 canone
2030 4680 2441 4731 demonstrante
2470 4679 2665 4734 adieci.
2773 4680 2808 4730 l.
2836 4681 2900 4730 21
2939 4676 3212 4743 Ἀβδηρος

616 4760 789 4811 usquo
827 4747 897 4796 ad
932 4746 1148 4811 Ἴβηρος
1185 4748 1394 4814 sumpsi
1429 4765 1496 4798 ex
1531 4747 1777 4813 Theogn.
1814 4764 1867 4813 p.
1906 4751 1988 4812 71,
2025 4747 2237 4813 Ἴβηρος
2276 4747 2494 4814 explevi
2542 4765 2610 4798 ex
2646 4749 2725 4802 St.
2762 4749 2854 4810 B„
2902 4747 3000 4799 sed
3047 4762 3213 4812 quum

619 4813 942 4864 sumendum
979 4815 1054 4864 sit
1088 4831 1122 4865 a
1159 4814 1443 4883 Stephano
1481 4816 1753 4882 Byzantio
1787 4816 2093 4867 Herodiani
2139 4816 2207 4865 de
2246 4821 2480 4867 accentu
2516 4816 2905 4868 vocabulorum
2942 4831 3010 4866 ex
3047 4830 3213 4881 gene·

616 4880 734 4930 tivo
771 4881 829 4930 in
865 4883 1270 4934 nominativum
1305 4889 1776 4950 transgressorum
1813 4885 1885 4935 ab
1921 4882 2218 4949 Apollonio
2270 4889 2327 4935 et
2362 4885 2626 4935 Habrone
2676 4885 2951 4936 diversam
2988 4888 3209 4933 senten·

614 4949 752 4998 tiam
788 4950 1043 5001 omissam
1086 4967 1233 5017 esse,
1281 4969 1397 5003 eam
1438 4953 1555 5019 ipse
1603 4953 1853 5004 consulto
1890 4951 2127 5003 Arcadio
2165 4954 2256 5015 51,
2297 4955 2355 5016 83
2396 4956 2488 5017 71,
2530 4956 2586 5014 93
2635 4955 2729 5016 6⁷,
2772 4954 2862 5016 153
2909 4954 3000 5015 65,
3052 4957 3108 5000 et
3146 4950 3208 5002 11.
