<?xml version="1.0" encoding="UTF-8"?>
<!DOCTYPE html PUBLIC "-//W3C//DTD XHTML 1.0 Transitional//EN"
    "http://www.w3.org/TR/xhtml1/DTD/xhtml1-transitional.dtd">
<html xmlns="http://www.w3.org/1999/xhtml" xml:lang="en" lang="en">
 <head>
  <title>
</title>
<meta http-equiv="Content-Type" content="text/html;charset=utf-8" />
  <meta name='ocr-system' content='tesseract 3.04.00' />
  <meta name='ocr-capabilities' content='ocr_page ocr_carea ocr_par ocr_line ocrx_word'/>
</head>
<body>
  <div class='ocr_page' id='page_1' title='image "./grammaticigraec02unkngoog_0776.png"; bbox 0 0 3664 5546; ppageno 0'>
   <div class='ocr_carea' id='block_1_1' title="bbox 1045 372 1082 393">
    <p class='ocr_par' dir='ltr' id='par_1_1' title="bbox 1045 372 1082 393">
     <span class='ocr_line' id='line_1_1' title="bbox 1045 372 1082 393; baseline 0 0"><span class='ocrx_word' id='word_1_1' title='bbox 1045 372 1082 393; x_wconf 52' lang='lat' dir='ltr'>N</span> 
     </span>
    </p>
   </div>
   <div class='ocr_carea' id='block_1_2' title="bbox 655 424 2310 495">
    <p class='ocr_par' dir='ltr' id='par_1_2' title="bbox 655 424 2310 495">
     <span class='ocr_line' id='line_1_2' title="bbox 655 424 2310 495; baseline -0.002 -13"><span class='ocrx_word' id='word_1_2' title='bbox 655 430 783 495; x_wconf 86' lang='lat'>530</span> <span class='ocrx_word' id='word_1_3' title='bbox 1594 425 1676 480; x_wconf 88' lang='grc' dir='ltr'>εκ</span> <span class='ocrx_word' id='word_1_4' title='bbox 1714 424 1855 479; x_wconf 68' lang='lat' dir='ltr'>‘nm</span> <span class='ocrx_word' id='word_1_5' title='bbox 1899 424 2310 479; x_wconf 82' lang='grc' dir='ltr'>ΗΡΩΔιΑΝοΥ</span> 
     </span>
    </p>
   </div>
   <div class='ocr_carea' id='block_1_3' title="bbox 546 594 3255 3930">
    <p class='ocr_par' dir='ltr' id='par_1_3' title="bbox 546 594 3255 3930">
     <span class='ocr_line' id='line_1_3' title="bbox 658 594 3255 678; baseline -0.003 -13"><span class='ocrx_word' id='word_1_6' title='bbox 658 602 762 665; x_wconf 80' lang='grc' dir='ltr'>καὶ</span> <span class='ocrx_word' id='word_1_7' title='bbox 803 599 1158 678; x_wconf 82' lang='grc' dir='ltr'>Αἴςαρος.</span> <span class='ocrx_word' id='word_1_8' title='bbox 1232 597 1309 662; x_wconf 90' lang='grc' dir='ltr'>τὸ</span> <span class='ocrx_word' id='word_1_9' title='bbox 1355 599 1426 662; x_wconf 79' lang='grc' dir='ltr'>δὲ</span> <span class='ocrx_word' id='word_1_10' title='bbox 1471 596 1830 677; x_wconf 83' lang='grc' dir='ltr'>φλύαρος</span> <span class='ocrx_word' id='word_1_11' title='bbox 1875 595 2124 677; x_wconf 76' lang='grc' dir='ltr'>ὀφείλει</span> <span class='ocrx_word' id='word_1_12' title='bbox 2168 594 2615 660; x_wconf 88' lang='grc' dir='ltr'>ςυςτέλλεςθαι.</span> <span class='ocrx_word' id='word_1_13' title='bbox 2678 595 2917 658; x_wconf 85' lang='grc' dir='ltr'>τούτου</span> <span class='ocrx_word' id='word_1_14' title='bbox 2961 594 3035 658; x_wconf 77' lang='grc' dir='ltr'>δέ</span> <span class='ocrx_word' id='word_1_15' title='bbox 3076 614 3255 658; x_wconf 64' lang='grc' dir='ltr'>τινες</span> 
     </span>
     <span class='ocr_line' id='line_1_4' title="bbox 657 697 2256 778; baseline -0.004 -12"><span class='ocrx_word' id='word_1_16' title='bbox 657 701 999 768; x_wconf 83' lang='grc' dir='ltr'>ἐκτείνουςι</span> <span class='ocrx_word' id='word_1_17' title='bbox 1042 701 1119 766; x_wconf 89' lang='grc' dir='ltr'>τὸ</span> <span class='ocrx_word' id='word_1_18' title='bbox 1166 704 1234 778; x_wconf 78' lang='grc' dir='ltr'>ἃ,</span> <span class='ocrx_word' id='word_1_19' title='bbox 1281 701 1384 765; x_wconf 83' lang='grc' dir='ltr'>καὶ</span> <span class='ocrx_word' id='word_1_20' title='bbox 1427 699 1691 778; x_wconf 90' lang='grc' dir='ltr'>μάλιςτα</span> <span class='ocrx_word' id='word_1_21' title='bbox 1732 697 1895 777; x_wconf 75' lang='grc' dir='ltr'>παρ’</span> <span class='ocrx_word' id='word_1_22' title='bbox 1940 698 2256 762; x_wconf 85' lang='grc' dir='ltr'>Ἀττικοῖς.</span> 
     </span>
     <span class='ocr_line' id='line_1_5' title="bbox 820 798 3248 881; baseline -0.002 -14"><span class='ocrx_word' id='word_1_23' title='bbox 820 831 859 867; x_wconf 57' lang='grc' dir='ltr'>κ</span> <span class='ocrx_word' id='word_1_24' title='bbox 907 802 1002 867; x_wconf 86' lang='grc' dir='ltr'>Τὰ</span> <span class='ocrx_word' id='word_1_25' title='bbox 1046 803 1154 867; x_wconf 83' lang='grc' dir='ltr'>διὰ</span> <span class='ocrx_word' id='word_1_26' title='bbox 1194 806 1314 867; x_wconf 83' lang='grc' dir='ltr'>τοῦ</span> <span class='ocrx_word' id='word_1_27' title='bbox 1344 806 1501 881; x_wconf 56' lang='lat' dir='ltr'><strong>Effe-c</strong></span> <span class='ocrx_word' id='word_1_28' title='bbox 1546 798 1825 867; x_wconf 85' lang='grc' dir='ltr'>ὀξύτονα</span> <span class='ocrx_word' id='word_1_29' title='bbox 1857 799 2169 865; x_wconf 86' lang='grc' dir='ltr'>ςυςτέλλει</span> <span class='ocrx_word' id='word_1_30' title='bbox 2207 799 2283 862; x_wconf 87' lang='grc' dir='ltr'>τὸ</span> <span class='ocrx_word' id='word_1_31' title='bbox 2330 801 2402 880; x_wconf 85' lang='grc' dir='ltr'>ἇ,</span> <span class='ocrx_word' id='word_1_32' title='bbox 2447 798 2823 880; x_wconf 84' lang='grc' dir='ltr'>μαδαρός,</span> <span class='ocrx_word' id='word_1_33' title='bbox 2866 798 3248 877; x_wconf 84' lang='grc' dir='ltr'>χαλαρός,</span> 
     </span>
     <span class='ocr_line' id='line_1_6' title="bbox 655 882 3248 987; baseline -0.003 -17"><span class='ocrx_word' id='word_1_34' title='bbox 655 888 1033 987; x_wconf 73' lang='grc' dir='ltr'>ῥυπαρός,</span> <span class='ocrx_word' id='word_1_35' title='bbox 1077 905 1181 970; x_wconf 83' lang='grc' dir='ltr'>καὶ</span> <span class='ocrx_word' id='word_1_36' title='bbox 1224 903 1339 968; x_wconf 88' lang='grc' dir='ltr'>ὅςα</span> <span class='ocrx_word' id='word_1_37' title='bbox 1384 903 1550 967; x_wconf 87' lang='grc' dir='ltr'>ἄλλα</span> <span class='ocrx_word' id='word_1_38' title='bbox 1595 902 1720 967; x_wconf 84' lang='grc' dir='ltr'>ἐςτὶ</span> <span class='ocrx_word' id='word_1_39' title='bbox 1751 882 2031 966; x_wconf 75' lang='grc' dir='ltr'>τοιαῦτα.</span> <span class='ocrx_word' id='word_1_40' title='bbox 2078 900 2198 979; x_wconf 88' lang='grc' dir='ltr'>χρὴ</span> <span class='ocrx_word' id='word_1_41' title='bbox 2230 898 2351 964; x_wconf 89' lang='grc' dir='ltr'>οὖν</span> <span class='ocrx_word' id='word_1_42' title='bbox 2382 901 2485 964; x_wconf 84' lang='grc' dir='ltr'>καὶ</span> <span class='ocrx_word' id='word_1_43' title='bbox 2511 901 2587 963; x_wconf 90' lang='grc' dir='ltr'>τὸ</span> <span class='ocrx_word' id='word_1_44' title='bbox 2633 898 2963 978; x_wconf 92' lang='grc' dir='ltr'>ἀνιαρός</span> <span class='ocrx_word' id='word_1_45' title='bbox 2992 899 3248 964; x_wconf 85' lang='grc' dir='ltr'>ςυςτέλ-</span> 
     </span>
     <span class='ocr_line' id='line_1_7' title="bbox 575 1000 3251 1085; baseline -0.003 -13"><span class='ocrx_word' id='word_1_46' title='bbox 575 1016 608 1065; x_wconf 84' lang='grc'>5</span> <span class='ocrx_word' id='word_1_47' title='bbox 656 1011 788 1072; x_wconf 89' lang='grc' dir='ltr'>λειν</span> <span class='ocrx_word' id='word_1_48' title='bbox 822 1008 897 1072; x_wconf 90' lang='grc' dir='ltr'>τὸ</span> <span class='ocrx_word' id='word_1_49' title='bbox 945 1007 1001 1070; x_wconf 80' lang='grc' dir='ltr'>ἃ.</span> <span class='ocrx_word' id='word_1_50' title='bbox 1099 1005 1400 1085; x_wconf 84' lang='grc' dir='ltr'>δηλονότι</span> <span class='ocrx_word' id='word_1_51' title='bbox 1445 1006 1521 1069; x_wconf 88' lang='grc' dir='ltr'>τὸ</span> <span class='ocrx_word' id='word_1_52' title='bbox 1568 1003 1992 1083; x_wconf 84' lang='grc' dir='ltr'>νομιζόμενον</span> <span class='ocrx_word' id='word_1_53' title='bbox 2023 1002 2227 1066; x_wconf 81' lang='grc' dir='ltr'>Ἰωςιν</span> <span class='ocrx_word' id='word_1_54' title='bbox 2279 1000 2542 1080; x_wconf 88' lang='grc' dir='ltr'>ἀνιηρός</span> <span class='ocrx_word' id='word_1_55' title='bbox 2598 1001 2917 1079; x_wconf 89' lang='grc' dir='ltr'>πρότερόν</span> <span class='ocrx_word' id='word_1_56' title='bbox 2962 1000 3085 1065; x_wconf 87' lang='grc' dir='ltr'>ἐςτι</span> <span class='ocrx_word' id='word_1_57' title='bbox 3142 1002 3251 1065; x_wconf 87' lang='grc' dir='ltr'>καὶ</span> 
     </span>
     <span class='ocr_line' id='line_1_8' title="bbox 651 1100 3245 1204; baseline -0.003 -31"><span class='ocrx_word' id='word_1_58' title='bbox 651 1108 885 1173; x_wconf 87' lang='grc' dir='ltr'>λοιπὸν</span> <span class='ocrx_word' id='word_1_59' title='bbox 929 1109 1006 1172; x_wconf 88' lang='grc' dir='ltr'>τὸ</span> <span class='ocrx_word' id='word_1_60' title='bbox 1052 1106 1314 1204; x_wconf 77' lang='grc' dir='ltr'>ἀνιαρός</span> <span class='ocrx_word' id='word_1_61' title='bbox 1347 1106 1437 1170; x_wconf 80' lang='grc' dir='ltr'>ὡς</span> <span class='ocrx_word' id='word_1_62' title='bbox 1479 1103 1739 1172; x_wconf 79' lang='grc' dir='ltr'>ἐδέξατο</span> <span class='ocrx_word' id='word_1_63' title='bbox 1771 1106 2020 1183; x_wconf 88' lang='grc' dir='ltr'>τροπὴν</span> <span class='ocrx_word' id='word_1_64' title='bbox 2053 1102 2331 1181; x_wconf 85' lang='grc' dir='ltr'>Ἰωνικὴν</span> <span class='ocrx_word' id='word_1_65' title='bbox 2362 1100 2457 1186; x_wconf 81' lang='lat'>(‘?)</span> <span class='ocrx_word' id='word_1_66' title='bbox 2500 1102 2748 1182; x_wconf 84' lang='grc' dir='ltr'>ἔμεινεν</span> <span class='ocrx_word' id='word_1_67' title='bbox 2780 1101 3245 1181; x_wconf 85' lang='grc' dir='ltr'>ἐκτεινόμενον.</span> 
     </span>
     <span class='ocr_line' id='line_1_9' title="bbox 818 1202 3247 1288; baseline -0.002 -16"><span class='ocrx_word' id='word_1_68' title='bbox 818 1236 857 1272; x_wconf 66' lang='grc' dir='ltr'>οι·</span> <span class='ocrx_word' id='word_1_69' title='bbox 905 1208 999 1273; x_wconf 84' lang='grc' dir='ltr'>Τὰ</span> <span class='ocrx_word' id='word_1_70' title='bbox 1042 1209 1131 1273; x_wconf 87' lang='grc' dir='ltr'>εἰς</span> <span class='ocrx_word' id='word_1_71' title='bbox 1174 1210 1293 1287; x_wconf 58' lang='lat' dir='ltr'><em>W</em></span> <span class='ocrx_word' id='word_1_72' title='bbox 1352 1208 1635 1285; x_wconf 81' lang='grc' dir='ltr'>λήγοντα</span> <span class='ocrx_word' id='word_1_73' title='bbox 1692 1204 2004 1288; x_wconf 82' lang='grc' dir='ltr'>ὀξύτονα,</span> <span class='ocrx_word' id='word_1_74' title='bbox 2060 1204 2169 1269; x_wconf 86' lang='grc' dir='ltr'>ὅτε</span> <span class='ocrx_word' id='word_1_75' title='bbox 2226 1203 2358 1283; x_wconf 81' lang='grc' dir='ltr'>ἔχει</span> <span class='ocrx_word' id='word_1_76' title='bbox 2401 1205 2518 1283; x_wconf 89' lang='grc' dir='ltr'>τὴν</span> <span class='ocrx_word' id='word_1_77' title='bbox 2570 1205 2787 1282; x_wconf 85' lang='grc' dir='ltr'>τρίτην</span> <span class='ocrx_word' id='word_1_78' title='bbox 2841 1202 2973 1267; x_wconf 90' lang='grc' dir='ltr'>ἀπὸ</span> <span class='ocrx_word' id='word_1_79' title='bbox 3016 1204 3247 1267; x_wconf 86' lang='grc' dir='ltr'>τέλους</span> 
     </span>
     <span class='ocr_line' id='line_1_10' title="bbox 651 1305 3245 1392; baseline -0.003 -17"><span class='ocrx_word' id='word_1_80' title='bbox 651 1312 792 1390; x_wconf 89' lang='grc' dir='ltr'>ἤτοι</span> <span class='ocrx_word' id='word_1_81' title='bbox 838 1311 998 1376; x_wconf 87' lang='grc' dir='ltr'>θέςει</span> <span class='ocrx_word' id='word_1_82' title='bbox 1045 1310 1290 1390; x_wconf 89' lang='grc' dir='ltr'>μακρὰν</span> <span class='ocrx_word' id='word_1_83' title='bbox 1333 1309 1372 1386; x_wconf 87' lang='grc' dir='ltr'>ἢ</span> <span class='ocrx_word' id='word_1_84' title='bbox 1420 1308 1636 1392; x_wconf 81' lang='grc' dir='ltr'>φύςει,</span> <span class='ocrx_word' id='word_1_85' title='bbox 1691 1308 1952 1373; x_wconf 86' lang='grc' dir='ltr'>πάντως</span> <span class='ocrx_word' id='word_1_86' title='bbox 1997 1306 2127 1385; x_wconf 88' lang='grc' dir='ltr'>ἔχει</span> <span class='ocrx_word' id='word_1_87' title='bbox 2170 1306 2286 1385; x_wconf 84' lang='grc' dir='ltr'>τήν</span> <span class='ocrx_word' id='word_1_88' title='bbox 2331 1306 2459 1384; x_wconf 89' lang='grc' dir='ltr'>πρὸ</span> <span class='ocrx_word' id='word_1_89' title='bbox 2511 1306 2739 1369; x_wconf 86' lang='grc' dir='ltr'>τέλους</span> <span class='ocrx_word' id='word_1_90' title='bbox 2782 1305 3245 1384; x_wconf 85' lang='grc' dir='ltr'>μηκυνομένην.</span> 
     </span>
     <span class='ocr_line' id='line_1_11' title="bbox 650 1406 3245 1491; baseline -0.003 -14"><span class='ocrx_word' id='word_1_91' title='bbox 650 1413 704 1477; x_wconf 85' lang='grc' dir='ltr'>εἰ</span> <span class='ocrx_word' id='word_1_92' title='bbox 748 1415 820 1478; x_wconf 81' lang='grc' dir='ltr'>δὲ</span> <span class='ocrx_word' id='word_1_93' title='bbox 862 1413 902 1491; x_wconf 84' lang='grc' dir='ltr'>ἢ</span> <span class='ocrx_word' id='word_1_94' title='bbox 946 1414 1074 1490; x_wconf 85' lang='grc' dir='ltr'>πρὸ</span> <span class='ocrx_word' id='word_1_95' title='bbox 1119 1412 1346 1476; x_wconf 82' lang='grc' dir='ltr'>τέλους</span> <span class='ocrx_word' id='word_1_96' title='bbox 1392 1409 1489 1489; x_wconf 83' lang='grc' dir='ltr'>εἴη</span> <span class='ocrx_word' id='word_1_97' title='bbox 1536 1412 1830 1491; x_wconf 84' lang='grc' dir='ltr'>βραχεῖα,</span> <span class='ocrx_word' id='word_1_98' title='bbox 1888 1409 1990 1473; x_wconf 82' lang='grc' dir='ltr'>καὶ</span> <span class='ocrx_word' id='word_1_99' title='bbox 2032 1407 2072 1486; x_wconf 89' lang='grc' dir='ltr'>ἡ</span> <span class='ocrx_word' id='word_1_100' title='bbox 2116 1407 2289 1486; x_wconf 88' lang='grc' dir='ltr'>τρίτη</span> <span class='ocrx_word' id='word_1_101' title='bbox 2335 1406 2466 1471; x_wconf 90' lang='grc' dir='ltr'>ἀπὸ</span> <span class='ocrx_word' id='word_1_102' title='bbox 2510 1407 2772 1482; x_wconf 86' lang='grc' dir='ltr'>τέλους,</span> <span class='ocrx_word' id='word_1_103' title='bbox 2827 1406 3245 1488; x_wconf 87' lang='grc' dir='ltr'>βλαβερός,</span> 
     </span>
     <span class='ocr_line' id='line_1_12' title="bbox 551 1507 3245 1601; baseline -0.003 -22"><span class='ocrx_word' id='word_1_104' title='bbox 551 1522 615 1571; x_wconf 87' lang='grc'>10</span> <span class='ocrx_word' id='word_1_105' title='bbox 650 1514 1029 1596; x_wconf 82' lang='grc' dir='ltr'>φανερός,</span> <span class='ocrx_word' id='word_1_106' title='bbox 1089 1512 1472 1601; x_wconf 72' lang='grc' dir='ltr'>ῥυπαρός,</span> <span class='ocrx_word' id='word_1_107' title='bbox 1530 1509 1855 1593; x_wconf 89' lang='grc' dir='ltr'>ὀχυρός,</span> <span class='ocrx_word' id='word_1_108' title='bbox 1912 1510 2296 1590; x_wconf 82' lang='grc' dir='ltr'>καπυρός,</span> <span class='ocrx_word' id='word_1_109' title='bbox 2352 1507 2580 1585; x_wconf 82' lang='grc' dir='ltr'>ἱερός.</span> <span class='ocrx_word' id='word_1_110' title='bbox 2667 1508 2744 1571; x_wconf 88' lang='grc' dir='ltr'>τὸ</span> <span class='ocrx_word' id='word_1_111' title='bbox 2788 1507 3245 1584; x_wconf 83' lang='grc' dir='ltr'>γὰρέκτεῖνον</span> 
     </span>
     <span class='ocr_line' id='line_1_13' title="bbox 649 1609 3245 1695; baseline -0.003 -15"><span class='ocrx_word' id='word_1_112' title='bbox 649 1618 724 1680; x_wconf 91' lang='grc' dir='ltr'>τὸ</span> <span class='ocrx_word' id='word_1_113' title='bbox 768 1619 791 1680; x_wconf 91' lang='grc' dir='ltr'><strong>ῑ</strong></span> <span class='ocrx_word' id='word_1_114' title='bbox 835 1614 1164 1692; x_wconf 90' lang='grc' dir='ltr'>ποιητικόν</span> <span class='ocrx_word' id='word_1_115' title='bbox 1211 1613 1363 1677; x_wconf 88' lang='grc' dir='ltr'>ἐςτι·</span> <span class='ocrx_word' id='word_1_116' title='bbox 1409 1613 1823 1695; x_wconf 87' lang='grc' dir='ltr'>κρατερός,</span> <span class='ocrx_word' id='word_1_117' title='bbox 1869 1612 1946 1676; x_wconf 92' lang='grc' dir='ltr'>τὸ</span> <span class='ocrx_word' id='word_1_118' title='bbox 1991 1610 2114 1687; x_wconf 88' lang='grc' dir='ltr'>γὰρ</span> <span class='ocrx_word' id='word_1_119' title='bbox 2160 1609 2536 1687; x_wconf 90' lang='grc' dir='ltr'>καρτερός</span> <span class='ocrx_word' id='word_1_120' title='bbox 2580 1609 2915 1687; x_wconf 83' lang='grc' dir='ltr'>ὑπέρθεςιν</span> <span class='ocrx_word' id='word_1_121' title='bbox 2960 1609 3109 1688; x_wconf 81' lang='grc' dir='ltr'>ἔχει.</span> <span class='ocrx_word' id='word_1_122' title='bbox 3162 1610 3245 1673; x_wconf 87' lang='grc' dir='ltr'>τὰ</span> 
     </span>
     <span class='ocr_line' id='line_1_14' title="bbox 649 1710 3244 1796; baseline -0.002 -17"><span class='ocrx_word' id='word_1_123' title='bbox 649 1712 867 1796; x_wconf 85' lang='grc' dir='ltr'>μέντοι</span> <span class='ocrx_word' id='word_1_124' title='bbox 913 1715 1151 1794; x_wconf 90' lang='grc' dir='ltr'>ἔχοντα</span> <span class='ocrx_word' id='word_1_125' title='bbox 1192 1716 1309 1792; x_wconf 87' lang='grc' dir='ltr'>τὴν</span> <span class='ocrx_word' id='word_1_126' title='bbox 1354 1715 1483 1792; x_wconf 88' lang='grc' dir='ltr'>πρὸ</span> <span class='ocrx_word' id='word_1_127' title='bbox 1527 1713 1757 1777; x_wconf 86' lang='grc' dir='ltr'>τέλους</span> <span class='ocrx_word' id='word_1_128' title='bbox 1798 1714 2015 1792; x_wconf 84' lang='grc' dir='ltr'>τρίτην</span> <span class='ocrx_word' id='word_1_129' title='bbox 2063 1710 2342 1795; x_wconf 81' lang='grc' dir='ltr'>μακράν,</span> <span class='ocrx_word' id='word_1_130' title='bbox 2400 1711 2491 1776; x_wconf 79' lang='grc' dir='ltr'>ὡς</span> <span class='ocrx_word' id='word_1_131' title='bbox 2536 1710 2703 1791; x_wconf 78' lang='grc' dir='ltr'>ἔφην</span> <span class='ocrx_word' id='word_1_132' title='bbox 2715 1759 2734 1793; x_wconf 91' lang='grc'>,</span> <span class='ocrx_word' id='word_1_133' title='bbox 2791 1710 2922 1790; x_wconf 88' lang='grc' dir='ltr'>ἔχει</span> <span class='ocrx_word' id='word_1_134' title='bbox 2977 1713 3081 1776; x_wconf 85' lang='grc' dir='ltr'>καὶ</span> <span class='ocrx_word' id='word_1_135' title='bbox 3123 1713 3244 1788; x_wconf 84' lang='grc' dir='ltr'>τὴν</span> 
     </span>
     <span class='ocr_line' id='line_1_15' title="bbox 601 1811 3245 1898; baseline -0.002 -16"><span class='ocrx_word' id='word_1_136' title='bbox 601 1820 778 1897; x_wconf 62' lang='grc' dir='ltr'>,πρὸ</span> <span class='ocrx_word' id='word_1_137' title='bbox 821 1818 1050 1881; x_wconf 85' lang='grc' dir='ltr'>τέλους</span> <span class='ocrx_word' id='word_1_138' title='bbox 1094 1815 1368 1897; x_wconf 87' lang='grc' dir='ltr'>μακράν,</span> <span class='ocrx_word' id='word_1_139' title='bbox 1423 1815 1788 1898; x_wconf 84' lang='grc' dir='ltr'>ποιηρός,</span> <span class='ocrx_word' id='word_1_140' title='bbox 1845 1813 2163 1897; x_wconf 86' lang='grc' dir='ltr'>ἀτηρός,</span> <span class='ocrx_word' id='word_1_141' title='bbox 2216 1811 2591 1891; x_wconf 86' lang='grc' dir='ltr'>ἀλγηρός,</span> <span class='ocrx_word' id='word_1_142' title='bbox 2646 1812 3063 1896; x_wconf 85' lang='grc' dir='ltr'>πνιγηρός,</span> <span class='ocrx_word' id='word_1_143' title='bbox 3108 1811 3245 1876; x_wconf 90' lang='grc' dir='ltr'>ἀν-</span> 
     </span>
     <span class='ocr_line' id='line_1_16' title="bbox 649 1912 3245 2002; baseline -0.002 -19"><span class='ocrx_word' id='word_1_144' title='bbox 649 1919 917 2002; x_wconf 86' lang='grc' dir='ltr'>θηρός,</span> <span class='ocrx_word' id='word_1_145' title='bbox 961 1916 1390 1999; x_wconf 81' lang='grc' dir='ltr'>τολμηρός,</span> <span class='ocrx_word' id='word_1_146' title='bbox 1437 1915 1775 1994; x_wconf 84' lang='grc' dir='ltr'>ίςχυρός.</span> <span class='ocrx_word' id='word_1_147' title='bbox 1866 1915 2017 1981; x_wconf 88' lang='grc' dir='ltr'>ὅθεν</span> <span class='ocrx_word' id='word_1_148' title='bbox 2063 1914 2204 1979; x_wconf 88' lang='grc' dir='ltr'>ἐπεὶ</span> <span class='ocrx_word' id='word_1_149' title='bbox 2244 1915 2321 1978; x_wconf 86' lang='grc' dir='ltr'>τὸ</span> <span class='ocrx_word' id='word_1_150' title='bbox 2378 1912 2725 1993; x_wconf 84' lang='grc' dir='ltr'>ἁλμυρός</span> <span class='ocrx_word' id='word_1_151' title='bbox 2777 1913 2910 1992; x_wconf 84' lang='grc' dir='ltr'>ἔχει</span> <span class='ocrx_word' id='word_1_152' title='bbox 2952 1916 3069 1992; x_wconf 88' lang='grc' dir='ltr'>τὴν</span> <span class='ocrx_word' id='word_1_153' title='bbox 3113 1914 3245 1993; x_wconf 91' lang='grc' dir='ltr'>τρί-</span> 
     </span>
     <span class='ocr_line' id='line_1_17' title="bbox 548 2014 3246 2101; baseline 0 -22"><span class='ocrx_word' id='word_1_154' title='bbox 548 2029 614 2080; x_wconf 85' lang='grc'>15</span> <span class='ocrx_word' id='word_1_155' title='bbox 647 2042 765 2101; x_wconf 90' lang='grc' dir='ltr'>την</span> <span class='ocrx_word' id='word_1_156' title='bbox 810 2020 941 2084; x_wconf 89' lang='grc' dir='ltr'>ἀπὸ</span> <span class='ocrx_word' id='word_1_157' title='bbox 987 2020 1212 2083; x_wconf 89' lang='grc' dir='ltr'>τέλους</span> <span class='ocrx_word' id='word_1_158' title='bbox 1257 2018 1501 2097; x_wconf 84' lang='grc' dir='ltr'>μακρὰν</span> <span class='ocrx_word' id='word_1_159' title='bbox 1559 2019 1755 2093; x_wconf 85' lang='grc' dir='ltr'>ὑγιῶς</span> <span class='ocrx_word' id='word_1_160' title='bbox 1798 2017 1922 2083; x_wconf 82' lang='grc' dir='ltr'>ἕξει</span> <span class='ocrx_word' id='word_1_161' title='bbox 1977 2015 2081 2080; x_wconf 83' lang='grc' dir='ltr'>καὶ</span> <span class='ocrx_word' id='word_1_162' title='bbox 2122 2017 2239 2095; x_wconf 89' lang='grc' dir='ltr'>τὴν</span> <span class='ocrx_word' id='word_1_163' title='bbox 2283 2015 2412 2092; x_wconf 88' lang='grc' dir='ltr'>πρὸ</span> <span class='ocrx_word' id='word_1_164' title='bbox 2463 2017 2692 2079; x_wconf 89' lang='grc' dir='ltr'>τέλους</span> <span class='ocrx_word' id='word_1_165' title='bbox 2735 2014 2998 2095; x_wconf 91' lang='grc' dir='ltr'>μακράν.</span> <span class='ocrx_word' id='word_1_166' title='bbox 3087 2015 3246 2080; x_wconf 87' lang='grc' dir='ltr'>ἀνα-</span> 
     </span>
     <span class='ocr_line' id='line_1_18' title="bbox 651 2116 3247 2208; baseline -0.003 -21"><span class='ocrx_word' id='word_1_167' title='bbox 651 2124 1003 2202; x_wconf 87' lang='grc' dir='ltr'>λογώτεροι</span> <span class='ocrx_word' id='word_1_168' title='bbox 1059 2119 1179 2185; x_wconf 86' lang='grc' dir='ltr'>οὖν</span> <span class='ocrx_word' id='word_1_169' title='bbox 1236 2120 1299 2184; x_wconf 81' lang='grc' dir='ltr'>οἱ</span> <span class='ocrx_word' id='word_1_170' title='bbox 1343 2120 1610 2208; x_wconf 67' lang='grc' dir='ltr'>Ἀττικοί</span> <span class='ocrx_word' id='word_1_171' title='bbox 1652 2119 2043 2184; x_wconf 82' lang='grc' dir='ltr'>ἐκτείνοντες</span> <span class='ocrx_word' id='word_1_172' title='bbox 2097 2116 2276 2181; x_wconf 85' lang='grc' dir='ltr'>αὐτό.</span> <span class='ocrx_word' id='word_1_173' title='bbox 2372 2116 2547 2195; x_wconf 85' lang='grc' dir='ltr'>παρὰ</span> <span class='ocrx_word' id='word_1_174' title='bbox 2602 2117 2818 2194; x_wconf 89' lang='grc' dir='ltr'>μέντοι</span> <span class='ocrx_word' id='word_1_175' title='bbox 2874 2123 2966 2200; x_wconf 85' lang='grc' dir='ltr'>τῷ</span> <span class='ocrx_word' id='word_1_176' title='bbox 3009 2124 3247 2201; x_wconf 86' lang='grc' dir='ltr'>ποιητῇ</span> 
     </span>
     <span class='ocr_line' id='line_1_19' title="bbox 648 2217 3247 2303; baseline -0.003 -13"><span class='ocrx_word' id='word_1_177' title='bbox 648 2225 1022 2303; x_wconf 89' lang='grc' dir='ltr'>ἀνέγνωμεν</span> <span class='ocrx_word' id='word_1_178' title='bbox 1072 2222 1407 2301; x_wconf 83' lang='grc' dir='ltr'>«ἁλμυρὸν</span> <span class='ocrx_word' id='word_1_179' title='bbox 1452 2221 1670 2299; x_wconf 82' lang='grc' dir='ltr'>ὕδωρ»</span> <span class='ocrx_word' id='word_1_180' title='bbox 1717 2218 1984 2303; x_wconf 57' lang='lat' dir='ltr'>(zv-511).</span> <span class='ocrx_word' id='word_1_181' title='bbox 2044 2217 2398 2282; x_wconf 86' lang='grc' dir='ltr'>ἀντιπίπτει</span> <span class='ocrx_word' id='word_1_182' title='bbox 2442 2219 2519 2283; x_wconf 91' lang='grc' dir='ltr'>τὸ</span> <span class='ocrx_word' id='word_1_183' title='bbox 2563 2218 2950 2298; x_wconf 81' lang='grc' dir='ltr'>πενθερός</span> <span class='ocrx_word' id='word_1_184' title='bbox 2996 2218 3247 2297; x_wconf 85' lang='grc' dir='ltr'>μακρὰν</span> 
     </span>
     <span class='ocr_line' id='line_1_20' title="bbox 591 2318 3246 2406; baseline -0.004 -14"><span class='ocrx_word' id='word_1_185' title='bbox 591 2395 595 2402; x_wconf 66' lang='grc'>,</span> <span class='ocrx_word' id='word_1_186' title='bbox 649 2326 808 2406; x_wconf 84' lang='grc' dir='ltr'>ἔχον</span> <span class='ocrx_word' id='word_1_187' title='bbox 850 2327 967 2404; x_wconf 86' lang='grc' dir='ltr'>τὴν</span> <span class='ocrx_word' id='word_1_188' title='bbox 1012 2323 1228 2403; x_wconf 90' lang='grc' dir='ltr'>τρίτην</span> <span class='ocrx_word' id='word_1_189' title='bbox 1274 2322 1406 2387; x_wconf 89' lang='grc' dir='ltr'>ἀπὸ</span> <span class='ocrx_word' id='word_1_190' title='bbox 1460 2323 1719 2406; x_wconf 84' lang='grc' dir='ltr'>τέλους,</span> <span class='ocrx_word' id='word_1_191' title='bbox 1778 2323 2081 2403; x_wconf 87' lang='grc' dir='ltr'>βραχεῖαν</span> <span class='ocrx_word' id='word_1_192' title='bbox 2139 2321 2257 2399; x_wconf 88' lang='grc' dir='ltr'>τὴν</span> <span class='ocrx_word' id='word_1_193' title='bbox 2302 2319 2430 2397; x_wconf 85' lang='grc' dir='ltr'>πρὸ</span> <span class='ocrx_word' id='word_1_194' title='bbox 2486 2320 2729 2384; x_wconf 90' lang='grc' dir='ltr'>τέλους.</span> <span class='ocrx_word' id='word_1_195' title='bbox 2817 2318 2960 2383; x_wconf 78' lang='grc' dir='ltr'>ἀλλ’</span> <span class='ocrx_word' id='word_1_196' title='bbox 3004 2318 3126 2384; x_wconf 83' lang='grc' dir='ltr'>οὖν</span> <span class='ocrx_word' id='word_1_197' title='bbox 3170 2339 3246 2395; x_wconf 88' lang='grc' dir='ltr'>γε</span> 
     </span>
     <span class='ocr_line' id='line_1_21' title="bbox 648 2420 3248 2506; baseline -0.002 -14"><span class='ocrx_word' id='word_1_198' title='bbox 648 2427 889 2506; x_wconf 84' lang='grc' dir='ltr'>εἴρηται</span> <span class='ocrx_word' id='word_1_199' title='bbox 934 2425 1330 2503; x_wconf 89' lang='grc' dir='ltr'>πενθηρός</span> <span class='ocrx_word' id='word_1_200' title='bbox 1374 2425 1448 2487; x_wconf 91' lang='grc' dir='ltr'>τὸ</span> <span class='ocrx_word' id='word_1_201' title='bbox 1503 2422 1797 2489; x_wconf 88' lang='grc' dir='ltr'>ἐπίθετον</span> <span class='ocrx_word' id='word_1_202' title='bbox 1844 2423 1950 2487; x_wconf 82' lang='grc' dir='ltr'>διὰ</span> <span class='ocrx_word' id='word_1_203' title='bbox 1993 2425 2110 2486; x_wconf 85' lang='grc' dir='ltr'>τοῦ</span> <span class='ocrx_word' id='word_1_204' title='bbox 2164 2424 2202 2500; x_wconf 86' lang='grc' dir='ltr'>ἦ</span> <span class='ocrx_word' id='word_1_205' title='bbox 2248 2421 2460 2498; x_wconf 88' lang='grc' dir='ltr'>ὥςπερ</span> <span class='ocrx_word' id='word_1_206' title='bbox 2516 2420 2622 2484; x_wconf 82' lang='grc' dir='ltr'>ἐπὶ</span> <span class='ocrx_word' id='word_1_207' title='bbox 2672 2420 2919 2499; x_wconf 83' lang='grc' dir='ltr'>ἱματίου</span> <span class='ocrx_word' id='word_1_208' title='bbox 2965 2422 3248 2500; x_wconf 89' lang='grc' dir='ltr'>μέλανος</span> 
     </span>
     <span class='ocr_line' id='line_1_22' title="bbox 548 2521 3248 2608; baseline -0.001 -19"><span class='ocrx_word' id='word_1_209' title='bbox 548 2537 616 2589; x_wconf 85' lang='lat'>20</span> <span class='ocrx_word' id='word_1_210' title='bbox 653 2530 759 2593; x_wconf 87' lang='grc' dir='ltr'>«Α.</span> <span class='ocrx_word' id='word_1_211' title='bbox 791 2528 937 2608; x_wconf 80' lang='grc' dir='ltr'>φέρ’</span> <span class='ocrx_word' id='word_1_212' title='bbox 978 2526 1127 2591; x_wconf 80' lang='grc' dir='ltr'>αὔτ’</span> <span class='ocrx_word' id='word_1_213' title='bbox 1157 2524 1409 2590; x_wconf 84' lang='grc' dir='ltr'>ἀνύςας.</span> <span class='ocrx_word' id='word_1_214' title='bbox 1467 2526 1530 2589; x_wconf 89' lang='grc' dir='ltr'>Β.</span> <span class='ocrx_word' id='word_1_215' title='bbox 1562 2524 1705 2590; x_wconf 80' lang='grc' dir='ltr'>ἀλλ’</span> <span class='ocrx_word' id='word_1_216' title='bbox 1740 2525 1865 2589; x_wconf 83' lang='grc' dir='ltr'>ἐςτὶ</span> <span class='ocrx_word' id='word_1_217' title='bbox 1893 2523 2216 2601; x_wconf 89' lang='grc' dir='ltr'>πενθηρὸν</span> <span class='ocrx_word' id='word_1_218' title='bbox 2247 2522 2420 2586; x_wconf 85' lang='grc' dir='ltr'>πάνυ</span> <span class='ocrx_word' id='word_1_219' title='bbox 2437 2547 2480 2584; x_wconf 62' lang='grc' dir='ltr'>κ.</span> <span class='ocrx_word' id='word_1_220' title='bbox 2513 2522 2722 2587; x_wconf 87' lang='grc' dir='ltr'>οὕτως</span> <span class='ocrx_word' id='word_1_221' title='bbox 2748 2522 2871 2602; x_wconf 86' lang='grc' dir='ltr'>γὰρ</span> <span class='ocrx_word' id='word_1_222' title='bbox 2901 2521 3030 2603; x_wconf 75' lang='grc' dir='ltr'>ἔφη</span> <span class='ocrx_word' id='word_1_223' title='bbox 3061 2522 3248 2586; x_wconf 80' lang='grc' dir='ltr'>Ἀνα-</span> 
     </span>
     <span class='ocr_line' id='line_1_23' title="bbox 649 2622 3246 2707; baseline -0.003 -10"><span class='ocrx_word' id='word_1_224' title='bbox 649 2630 839 2697; x_wconf 84' lang='grc' dir='ltr'>ξίλας.</span> <span class='ocrx_word' id='word_1_225' title='bbox 909 2628 1029 2692; x_wconf 86' lang='grc' dir='ltr'>οὐκ</span> <span class='ocrx_word' id='word_1_226' title='bbox 1073 2627 1455 2707; x_wconf 79' lang='grc' dir='ltr'>ἀναςτρέφει</span> <span class='ocrx_word' id='word_1_227' title='bbox 1502 2625 1540 2690; x_wconf 90' lang='grc' dir='ltr'>ὁ</span> <span class='ocrx_word' id='word_1_228' title='bbox 1584 2628 1817 2691; x_wconf 86' lang='grc' dir='ltr'>κανών.</span> <span class='ocrx_word' id='word_1_229' title='bbox 1879 2625 1959 2690; x_wconf 89' lang='grc' dir='ltr'>οὐ</span> <span class='ocrx_word' id='word_1_230' title='bbox 2005 2624 2128 2703; x_wconf 87' lang='grc' dir='ltr'>γὰρ</span> <span class='ocrx_word' id='word_1_231' title='bbox 2159 2624 2419 2688; x_wconf 87' lang='grc' dir='ltr'>πάντως</span> <span class='ocrx_word' id='word_1_232' title='bbox 2447 2624 2525 2686; x_wconf 88' lang='grc' dir='ltr'>τὰ</span> <span class='ocrx_word' id='word_1_233' title='bbox 2570 2622 2808 2703; x_wconf 84' lang='grc' dir='ltr'>ἔχοντα</span> <span class='ocrx_word' id='word_1_234' title='bbox 2848 2624 2979 2702; x_wconf 87' lang='grc' dir='ltr'>πρὸ</span> <span class='ocrx_word' id='word_1_235' title='bbox 3013 2623 3246 2689; x_wconf 86' lang='grc' dir='ltr'>τέλους</span> 
     </span>
     <span class='ocr_line' id='line_1_24' title="bbox 651 2724 3244 2811; baseline -0.002 -15"><span class='ocrx_word' id='word_1_236' title='bbox 651 2732 896 2811; x_wconf 89' lang='grc' dir='ltr'>μακρὰν</span> <span class='ocrx_word' id='word_1_237' title='bbox 941 2729 1158 2809; x_wconf 85' lang='grc' dir='ltr'>ἔχουςι</span> <span class='ocrx_word' id='word_1_238' title='bbox 1203 2729 1306 2794; x_wconf 86' lang='grc' dir='ltr'>καὶ</span> <span class='ocrx_word' id='word_1_239' title='bbox 1348 2730 1465 2808; x_wconf 85' lang='grc' dir='ltr'>τὴν</span> <span class='ocrx_word' id='word_1_240' title='bbox 1509 2728 1723 2808; x_wconf 90' lang='grc' dir='ltr'>τρίτην</span> <span class='ocrx_word' id='word_1_241' title='bbox 1770 2727 2034 2808; x_wconf 88' lang='grc' dir='ltr'>μακράν.</span> <span class='ocrx_word' id='word_1_242' title='bbox 2096 2726 2239 2792; x_wconf 84' lang='grc' dir='ltr'>ἰδοὺ</span> <span class='ocrx_word' id='word_1_243' title='bbox 2285 2725 2407 2804; x_wconf 82' lang='grc' dir='ltr'>γὰρ</span> <span class='ocrx_word' id='word_1_244' title='bbox 2451 2724 2833 2808; x_wconf 90' lang='grc' dir='ltr'>πονηρός,</span> <span class='ocrx_word' id='word_1_245' title='bbox 2885 2726 3244 2805; x_wconf 86' lang='grc' dir='ltr'>τυχηρός.</span> 
     </span>
     <span class='ocr_line' id='line_1_25' title="bbox 815 2816 3247 2908; baseline -0.002 -13"><span class='ocrx_word' id='word_1_246' title='bbox 815 2816 878 2895; x_wconf 55' lang='grc' dir='ltr'>κ’</span> <span class='ocrx_word' id='word_1_247' title='bbox 903 2833 996 2896; x_wconf 86' lang='grc' dir='ltr'>Τὰ</span> <span class='ocrx_word' id='word_1_248' title='bbox 1052 2832 1141 2897; x_wconf 86' lang='grc' dir='ltr'>εἰς</span> <span class='ocrx_word' id='word_1_249' title='bbox 1193 2836 1311 2895; x_wconf 50' lang='lat' dir='ltr'>ff</span> <span class='ocrx_word' id='word_1_250' title='bbox 1367 2831 1649 2908; x_wconf 87' lang='grc' dir='ltr'>λήγοντα</span> <span class='ocrx_word' id='word_1_251' title='bbox 1704 2831 1867 2908; x_wconf 83' lang='grc' dir='ltr'>ὑπὲρ</span> <span class='ocrx_word' id='word_1_252' title='bbox 1923 2830 2043 2893; x_wconf 83' lang='grc' dir='ltr'>δύο</span> <span class='ocrx_word' id='word_1_253' title='bbox 2099 2828 2412 2908; x_wconf 85' lang='grc' dir='ltr'>ςυλλαβάς</span> <span class='ocrx_word' id='word_1_254' title='bbox 2464 2828 3088 2906; x_wconf 86' lang='grc' dir='ltr'>προπαροξυνόμενα</span> <span class='ocrx_word' id='word_1_255' title='bbox 3139 2830 3247 2892; x_wconf 83' lang='grc' dir='ltr'>καὶ</span> 
     </span>
     <span class='ocr_line' id='line_1_26' title="bbox 649 2929 3247 3014; baseline -0.002 -15"><span class='ocrx_word' id='word_1_256' title='bbox 649 2935 887 3014; x_wconf 80' lang='grc' dir='ltr'>ἔχοντα</span> <span class='ocrx_word' id='word_1_257' title='bbox 930 2934 1058 3012; x_wconf 88' lang='grc' dir='ltr'>πρὸ</span> <span class='ocrx_word' id='word_1_258' title='bbox 1103 2934 1330 2998; x_wconf 88' lang='grc' dir='ltr'>τέλους</span> <span class='ocrx_word' id='word_1_259' title='bbox 1375 2936 1417 2995; x_wconf 79' lang='grc' dir='ltr'><em>ἃ</em></span> <span class='ocrx_word' id='word_1_260' title='bbox 1461 2932 1966 3011; x_wconf 87' lang='grc' dir='ltr'>ςυνεςταλμένον</span> <span class='ocrx_word' id='word_1_261' title='bbox 2011 2930 2171 2995; x_wconf 86' lang='grc' dir='ltr'>αὐτὸ</span> <span class='ocrx_word' id='word_1_262' title='bbox 2216 2930 2458 3009; x_wconf 80' lang='grc' dir='ltr'>ἔχουςι·</span> <span class='ocrx_word' id='word_1_263' title='bbox 2513 2929 2710 3013; x_wconf 85' lang='grc' dir='ltr'>ταύτῃ</span> <span class='ocrx_word' id='word_1_264' title='bbox 2766 2950 2872 3009; x_wconf 91' lang='grc' dir='ltr'>μοι</span> <span class='ocrx_word' id='word_1_265' title='bbox 2918 2932 3096 2994; x_wconf 83' lang='grc' dir='ltr'>δοκεῖ</span> <span class='ocrx_word' id='word_1_266' title='bbox 3138 2930 3247 2993; x_wconf 88' lang='grc' dir='ltr'>καὶ</span> 
     </span>
     <span class='ocr_line' id='line_1_27' title="bbox 546 3028 3242 3117; baseline -0 -22"><span class='ocrx_word' id='word_1_267' title='bbox 546 3044 612 3095; x_wconf 80' lang='lat'>25</span> <span class='ocrx_word' id='word_1_268' title='bbox 649 3038 726 3101; x_wconf 90' lang='grc' dir='ltr'>τὸ</span> <span class='ocrx_word' id='word_1_269' title='bbox 769 3038 1014 3100; x_wconf 83' lang='grc' dir='ltr'>Ἰαςος</span> <span class='ocrx_word' id='word_1_270' title='bbox 1057 3036 1134 3100; x_wconf 88' lang='grc' dir='ltr'>τὸ</span> <span class='ocrx_word' id='word_1_271' title='bbox 1180 3039 1222 3098; x_wconf 80' lang='grc' dir='ltr'>ἃ</span> <span class='ocrx_word' id='word_1_272' title='bbox 1267 3034 1621 3099; x_wconf 86' lang='grc' dir='ltr'>ςυςτέλλειν</span> <span class='ocrx_word' id='word_1_273' title='bbox 1664 3039 1756 3117; x_wconf 80' lang='grc' dir='ltr'>τῷ</span> <span class='ocrx_word' id='word_1_274' title='bbox 1799 3035 2143 3111; x_wconf 80' lang='grc' dir='ltr'>χαρακτῆρι</span> <span class='ocrx_word' id='word_1_275' title='bbox 2186 3031 2456 3096; x_wconf 88' lang='grc' dir='ltr'>πειςθέν.</span> <span class='ocrx_word' id='word_1_276' title='bbox 2543 3029 2648 3094; x_wconf 85' lang='grc' dir='ltr'>ἐπὶ</span> <span class='ocrx_word' id='word_1_277' title='bbox 2705 3033 2776 3095; x_wconf 78' lang='grc' dir='ltr'>δὲ</span> <span class='ocrx_word' id='word_1_278' title='bbox 2828 3035 2959 3095; x_wconf 87' lang='grc' dir='ltr'>τῶν</span> <span class='ocrx_word' id='word_1_279' title='bbox 3017 3028 3242 3097; x_wconf 84' lang='grc' dir='ltr'>ὀξυτό-</span> 
     </span>
     <span class='ocr_line' id='line_1_28' title="bbox 648 3130 3243 3221; baseline -0.003 -18"><span class='ocrx_word' id='word_1_280' title='bbox 648 3159 783 3202; x_wconf 88' lang='grc' dir='ltr'>νων</span> <span class='ocrx_word' id='word_1_281' title='bbox 827 3136 1291 3215; x_wconf 83' lang='grc' dir='ltr'>τῶν’ἐχόντων</span> <span class='ocrx_word' id='word_1_282' title='bbox 1336 3136 1413 3199; x_wconf 86' lang='grc' dir='ltr'>τὸ</span> <span class='ocrx_word' id='word_1_283' title='bbox 1458 3139 1500 3198; x_wconf 85' lang='grc' dir='ltr'>ἇ</span> <span class='ocrx_word' id='word_1_284' title='bbox 1545 3135 1767 3213; x_wconf 84' lang='grc' dir='ltr'>ὁρᾶται</span> <span class='ocrx_word' id='word_1_285' title='bbox 1812 3136 1917 3198; x_wconf 87' lang='grc' dir='ltr'>καὶ</span> <span class='ocrx_word' id='word_1_286' title='bbox 1958 3136 1997 3213; x_wconf 90' lang='grc' dir='ltr'>ἡ</span> <span class='ocrx_word' id='word_1_287' title='bbox 2044 3135 2310 3221; x_wconf 79' lang='grc' dir='ltr'>ςυςτολή</span> <span class='ocrx_word' id='word_1_288' title='bbox 2351 3132 2452 3196; x_wconf 83' lang='grc' dir='ltr'>καὶ</span> <span class='ocrx_word' id='word_1_289' title='bbox 2494 3132 2534 3210; x_wconf 84' lang='grc' dir='ltr'><strong>ἡ</strong></span> <span class='ocrx_word' id='word_1_290' title='bbox 2572 3131 2844 3215; x_wconf 84' lang='grc' dir='ltr'>ἔκταςις,</span> <span class='ocrx_word' id='word_1_291' title='bbox 2892 3130 2981 3213; x_wconf 69' lang='lat'>(⁴2)</span> <span class='ocrx_word' id='word_1_292' title='bbox 3028 3132 3119 3196; x_wconf 81' lang='grc' dir='ltr'>ὧς</span> <span class='ocrx_word' id='word_1_293' title='bbox 3167 3132 3243 3196; x_wconf 90' lang='grc' dir='ltr'>ἐν</span> 
     </span>
     <span class='ocr_line' id='line_1_29' title="bbox 646 3232 3152 3323; baseline -0.003 -20"><span class='ocrx_word' id='word_1_294' title='bbox 646 3246 739 3323; x_wconf 83' lang='grc' dir='ltr'>τῷ</span> <span class='ocrx_word' id='word_1_295' title='bbox 784 3237 1138 3315; x_wconf 89' lang='grc' dir='ltr'>Τάμαςος</span> <span class='ocrx_word' id='word_1_296' title='bbox 1184 3238 1286 3301; x_wconf 85' lang='grc' dir='ltr'>καὶ</span> <span class='ocrx_word' id='word_1_297' title='bbox 1330 3236 1771 3318; x_wconf 82' lang='grc' dir='ltr'>Ἐγγύαςος,</span> <span class='ocrx_word' id='word_1_298' title='bbox 1801 3235 1986 3300; x_wconf 81' lang='grc' dir='ltr'>’ἀλλὰ</span> <span class='ocrx_word' id='word_1_299' title='bbox 2029 3236 2132 3299; x_wconf 85' lang='grc' dir='ltr'>καὶ</span> <span class='ocrx_word' id='word_1_300' title='bbox 2174 3236 2501 3311; x_wconf 89' lang='grc' dir='ltr'>κέραςος</span> <span class='ocrx_word' id='word_1_301' title='bbox 2544 3235 2648 3297; x_wconf 87' lang='grc' dir='ltr'>καὶ</span> <span class='ocrx_word' id='word_1_302' title='bbox 2689 3234 3008 3311; x_wconf 83' lang='grc' dir='ltr'>Ἔραςος</span> <span class='ocrx_word' id='word_1_303' title='bbox 3040 3232 3152 3317; x_wconf 69' lang='grc' dir='ltr'>(Ῥ).</span> 
     </span>
     <span class='ocr_line' id='line_1_30' title="bbox 815 3332 3243 3417; baseline -0.002 -14"><span class='ocrx_word' id='word_1_304' title='bbox 815 3341 961 3404; x_wconf 87' lang='grc' dir='ltr'>Πᾶν</span> <span class='ocrx_word' id='word_1_305' title='bbox 1018 3340 1295 3417; x_wconf 87' lang='grc' dir='ltr'>θηλυκὸν</span> <span class='ocrx_word' id='word_1_306' title='bbox 1353 3338 1442 3403; x_wconf 85' lang='grc' dir='ltr'>εἰς</span> <span class='ocrx_word' id='word_1_307' title='bbox 1509 3340 1550 3400; x_wconf 86' lang='grc' dir='ltr'>ἇ</span> <span class='ocrx_word' id='word_1_308' title='bbox 1616 3341 1816 3414; x_wconf 87' lang='grc' dir='ltr'>λῆγον</span> <span class='ocrx_word' id='word_1_309' title='bbox 1873 3336 2267 3417; x_wconf 83' lang='grc' dir='ltr'>ὀξυνόμενον</span> <span class='ocrx_word' id='word_1_310' title='bbox 2326 3336 2365 3413; x_wconf 89' lang='grc' dir='ltr'>ἢ</span> <span class='ocrx_word' id='word_1_311' title='bbox 2426 3332 2911 3414; x_wconf 81' lang='grc' dir='ltr'>περιςπώμενον</span> <span class='ocrx_word' id='word_1_312' title='bbox 2977 3334 3243 3400; x_wconf 85' lang='grc' dir='ltr'>ἐκτείνει</span> 
     </span>
     <span class='ocr_line' id='line_1_31' title="bbox 647 3436 3244 3525; baseline -0.002 -20"><span class='ocrx_word' id='word_1_313' title='bbox 647 3440 840 3524; x_wconf 84' lang='grc' dir='ltr'>αὐτό,</span> <span class='ocrx_word' id='word_1_314' title='bbox 908 3440 1246 3525; x_wconf 86' lang='grc' dir='ltr'>φοβερά,</span> <span class='ocrx_word' id='word_1_315' title='bbox 1281 3440 1611 3521; x_wconf 85' lang='grc' dir='ltr'>·Ἀθηνᾶ,</span> <span class='ocrx_word' id='word_1_316' title='bbox 1676 3439 2051 3522; x_wconf 85' lang='grc' dir='ltr'>πυρκαϊά,</span> <span class='ocrx_word' id='word_1_317' title='bbox 2119 3441 2279 3517; x_wconf 84' lang='grc' dir='ltr'>μνᾶ.</span> <span class='ocrx_word' id='word_1_318' title='bbox 2366 3439 2467 3501; x_wconf 82' lang='grc' dir='ltr'>διὸ</span> <span class='ocrx_word' id='word_1_319' title='bbox 2533 3437 2635 3500; x_wconf 82' lang='grc' dir='ltr'>καὶ</span> <span class='ocrx_word' id='word_1_320' title='bbox 2691 3438 2770 3500; x_wconf 86' lang='grc' dir='ltr'>τὸ</span> <span class='ocrx_word' id='word_1_321' title='bbox 2835 3436 3067 3514; x_wconf 88' lang='grc' dir='ltr'>ἀγυιά</span> <span class='ocrx_word' id='word_1_322' title='bbox 3131 3440 3244 3501; x_wconf 87' lang='grc' dir='ltr'>καὶ</span> 
     </span>
     <span class='ocr_line' id='line_1_32' title="bbox 546 3537 3241 3621; baseline 0 -20"><span class='ocrx_word' id='word_1_323' title='bbox 546 3550 614 3601; x_wconf 87' lang='lat'>30</span> <span class='ocrx_word' id='word_1_324' title='bbox 649 3540 929 3620; x_wconf 87' lang='grc' dir='ltr'>ὀργυιά</span> <span class='ocrx_word' id='word_1_325' title='bbox 974 3540 1084 3605; x_wconf 84' lang='grc' dir='ltr'>ὁτὲ</span> <span class='ocrx_word' id='word_1_326' title='bbox 1129 3543 1243 3621; x_wconf 76' lang='grc' dir='ltr'>μὲν</span> <span class='ocrx_word' id='word_1_327' title='bbox 1297 3540 1635 3605; x_wconf 84' lang='grc' dir='ltr'>ἐκτείνεται</span> <span class='ocrx_word' id='word_1_328' title='bbox 1691 3539 2088 3620; x_wconf 86' lang='grc' dir='ltr'>ὀξυνόμενον</span> <span class='ocrx_word' id='word_1_329' title='bbox 2143 3539 2303 3617; x_wconf 82' lang='grc' dir='ltr'>παρ’</span> <span class='ocrx_word' id='word_1_330' title='bbox 2353 3539 2548 3620; x_wconf 85' lang='grc' dir='ltr'>Ἴωςι,</span> <span class='ocrx_word' id='word_1_331' title='bbox 2603 3537 2712 3602; x_wconf 81' lang='grc' dir='ltr'>ὁτὲ</span> <span class='ocrx_word' id='word_1_332' title='bbox 2767 3540 2838 3602; x_wconf 80' lang='grc' dir='ltr'>δὲ</span> <span class='ocrx_word' id='word_1_333' title='bbox 2896 3538 3241 3618; x_wconf 79' lang='grc' dir='ltr'>βαρύνεται</span> 
     </span>
     <span class='ocr_line' id='line_1_33' title="bbox 647 3644 1205 3708; baseline -0.002 -2"><span class='ocrx_word' id='word_1_334' title='bbox 647 3644 751 3707; x_wconf 83' lang='grc' dir='ltr'>καὶ</span> <span class='ocrx_word' id='word_1_335' title='bbox 793 3644 1205 3708; x_wconf 88' lang='grc' dir='ltr'>ςυςτέλλεται.</span> 
     </span>
     <span class='ocr_line' id='line_1_34' title="bbox 816 3732 3241 3825; baseline -0.001 -17"><span class='ocrx_word' id='word_1_336' title='bbox 816 3732 910 3808; x_wconf 77' lang='grc' dir='ltr'>Τᾶ</span> <span class='ocrx_word' id='word_1_337' title='bbox 964 3744 1053 3808; x_wconf 83' lang='grc' dir='ltr'>εἰς</span> <span class='ocrx_word' id='word_1_338' title='bbox 1105 3745 1148 3807; x_wconf 81' lang='grc' dir='ltr'>ἆ</span> <span class='ocrx_word' id='word_1_339' title='bbox 1204 3745 1486 3822; x_wconf 88' lang='grc' dir='ltr'>λήγοντα</span> <span class='ocrx_word' id='word_1_340' title='bbox 1538 3743 1779 3821; x_wconf 86' lang='grc' dir='ltr'>θηλυκὰ</span> <span class='ocrx_word' id='word_1_341' title='bbox 1834 3742 2457 3822; x_wconf 89' lang='grc' dir='ltr'>παρεςχηματιςμένα</span> <span class='ocrx_word' id='word_1_342' title='bbox 2510 3739 2820 3825; x_wconf 81' lang='grc' dir='ltr'>ἀρςενικῷ</span> <span class='ocrx_word' id='word_1_343' title='bbox 2864 3740 3241 3821; x_wconf 87' lang='grc' dir='ltr'>ὁμόχρονον</span> 
     </span>
     <span class='ocr_line' id='line_1_35' title="bbox 647 3841 3241 3930; baseline 0 -22"><span class='ocrx_word' id='word_1_344' title='bbox 647 3845 777 3924; x_wconf 82' lang='grc' dir='ltr'>ἔχει</span> <span class='ocrx_word' id='word_1_345' title='bbox 820 3846 1124 3930; x_wconf 80' lang='grc' dir='ltr'>τῷτέλει</span> <span class='ocrx_word' id='word_1_346' title='bbox 1168 3849 1280 3923; x_wconf 87' lang='grc' dir='ltr'>τῆς</span> <span class='ocrx_word' id='word_1_347' title='bbox 1323 3847 1573 3921; x_wconf 87' lang='grc' dir='ltr'>γενικῆς</span> <span class='ocrx_word' id='word_1_348' title='bbox 1629 3849 1745 3908; x_wconf 88' lang='grc' dir='ltr'>τοῦ</span> <span class='ocrx_word' id='word_1_349' title='bbox 1789 3844 2127 3922; x_wconf 85' lang='grc' dir='ltr'>ἀρςενικοῦ</span> <span class='ocrx_word' id='word_1_350' title='bbox 2170 3845 2244 3908; x_wconf 89' lang='grc' dir='ltr'>τὸ</span> <span class='ocrx_word' id='word_1_351' title='bbox 2292 3846 2364 3925; x_wconf 79' lang='grc' dir='ltr'>ἃ,</span> <span class='ocrx_word' id='word_1_352' title='bbox 2420 3841 2604 3908; x_wconf 82' lang='grc' dir='ltr'>ὀξέος</span> <span class='ocrx_word' id='word_1_353' title='bbox 2659 3842 2909 3926; x_wconf 83' lang='grc' dir='ltr'>ὀξεῖα,</span> <span class='ocrx_word' id='word_1_354' title='bbox 2954 3844 3241 3909; x_wconf 88' lang='grc' dir='ltr'>τάλανος</span> 
     </span>
    </p>
   </div>
   <div class='ocr_carea' id='block_1_4' title="bbox 654 3984 1034 3997">
    <p class='ocr_par' dir='ltr' id='par_1_4' title="bbox 654 3984 1034 3997">
     <span class='ocr_line' id='line_1_36' title="bbox 654 3984 1034 3997; baseline 0 1549"><span class='ocrx_word' id='word_1_355' title='bbox 654 3984 1034 3997; x_wconf 95' lang='lat' dir='ltr'> </span> 
     </span>
    </p>
   </div>
   <div class='ocr_carea' id='block_1_5' title="bbox 644 4063 3315 4941">
    <p class='ocr_par' dir='ltr' id='par_1_5' title="bbox 646 4063 3092 4131">
     <span class='ocr_line' id='line_1_37' title="bbox 646 4063 3092 4131; baseline -0.001 -12"><span class='ocrx_word' id='word_1_356' title='bbox 646 4067 918 4131; x_wconf 86' lang='grc' dir='ltr'>ςυλλαβὰς</span> <span class='ocrx_word' id='word_1_357' title='bbox 944 4096 1000 4103; x_wconf 92' lang='grc'>-</span> <span class='ocrx_word' id='word_1_358' title='bbox 1034 4067 1071 4117; x_wconf 91' lang='lat' dir='ltr'>l.</span> <span class='ocrx_word' id='word_1_359' title='bbox 1101 4069 1126 4115; x_wconf 85' lang='lat'>1</span> <span class='ocrx_word' id='word_1_360' title='bbox 1165 4064 1572 4128; x_wconf 86' lang='grc' dir='ltr'>ςυςτέλλεςθαι,</span> <span class='ocrx_word' id='word_1_361' title='bbox 1610 4072 1855 4115; x_wconf 81' lang='lat' dir='ltr'><strong>extrema</strong></span> <span class='ocrx_word' id='word_1_362' title='bbox 1890 4065 2062 4116; x_wconf 79' lang='lat' dir='ltr'><strong>verba</strong></span> <span class='ocrx_word' id='word_1_363' title='bbox 2094 4063 2305 4115; x_wconf 87' lang='grc' dir='ltr'>τούτου</span> <span class='ocrx_word' id='word_1_364' title='bbox 2338 4063 2399 4115; x_wconf 80' lang='grc' dir='ltr'>δέ</span> <span class='ocrx_word' id='word_1_365' title='bbox 2433 4076 2583 4115; x_wconf 92' lang='grc' dir='ltr'>τινες</span> <span class='ocrx_word' id='word_1_366' title='bbox 2619 4080 2686 4113; x_wconf 83' lang='lat' dir='ltr'>ex</span> <span class='ocrx_word' id='word_1_367' title='bbox 2718 4064 2862 4114; x_wconf 79' lang='lat' dir='ltr'><strong>Mon.</strong></span> <span class='ocrx_word' id='word_1_368' title='bbox 2890 4067 2983 4128; x_wconf 76' lang='lat'>21,</span> <span class='ocrx_word' id='word_1_369' title='bbox 3011 4068 3092 4117; x_wconf 90' lang='grc'>10.</span> 
     </span>
    </p>

    <p class='ocr_par' dir='ltr' id='par_1_6' title="bbox 644 4132 3315 4941">
     <span class='ocr_line' id='line_1_38' title="bbox 645 4132 3240 4197; baseline -0 -12"><span class='ocrx_word' id='word_1_370' title='bbox 645 4136 681 4189; x_wconf 91' lang='lat' dir='ltr'>l.</span> <span class='ocrx_word' id='word_1_371' title='bbox 709 4141 741 4186; x_wconf 86' lang='lat'><strong>3</strong></span> <span class='ocrx_word' id='word_1_372' title='bbox 775 4137 961 4186; x_wconf 84' lang='lat' dir='ltr'>Dichr.</span> <span class='ocrx_word' id='word_1_373' title='bbox 985 4138 1105 4197; x_wconf 80' lang='lat'><strong>296,</strong></span> <span class='ocrx_word' id='word_1_374' title='bbox 1132 4138 1211 4184; x_wconf 81' lang='lat'>19.</span> <span class='ocrx_word' id='word_1_375' title='bbox 1308 4135 1344 4183; x_wconf 87' lang='lat' dir='ltr'>l.</span> <span class='ocrx_word' id='word_1_376' title='bbox 1368 4137 1397 4185; x_wconf 81' lang='lat'>7</span> <span class='ocrx_word' id='word_1_377' title='bbox 1436 4134 1623 4186; x_wconf 82' lang='lat' dir='ltr'><strong>Dichr.</strong></span> <span class='ocrx_word' id='word_1_378' title='bbox 1646 4137 1776 4184; x_wconf 74' lang='lat'>294:</span> <span class='ocrx_word' id='word_1_379' title='bbox 1868 4133 1904 4182; x_wconf 92' lang='lat' dir='ltr'>l.</span> <span class='ocrx_word' id='word_1_380' title='bbox 1930 4135 1995 4184; x_wconf 81' lang='lat'>23</span> <span class='ocrx_word' id='word_1_381' title='bbox 2033 4132 2219 4183; x_wconf 84' lang='lat' dir='ltr'><strong>Dichr.</strong></span> <span class='ocrx_word' id='word_1_382' title='bbox 2245 4136 2360 4193; x_wconf 88' lang='grc'>300,</span> <span class='ocrx_word' id='word_1_383' title='bbox 2390 4135 2468 4182; x_wconf 91' lang='grc'>10.</span> <span class='ocrx_word' id='word_1_384' title='bbox 2576 4133 2610 4182; x_wconf 91' lang='lat'>1.</span> <span class='ocrx_word' id='word_1_385' title='bbox 2641 4133 2708 4181; x_wconf 80' lang='lat'>28</span> <span class='ocrx_word' id='word_1_386' title='bbox 2744 4134 2867 4184; x_wconf 81' lang='lat' dir='ltr'><strong>Are.</strong></span> <span class='ocrx_word' id='word_1_387' title='bbox 2895 4135 3009 4194; x_wconf 79' lang='lat'><strong>194,</strong></span> <span class='ocrx_word' id='word_1_388' title='bbox 3034 4135 3083 4182; x_wconf 85' lang='lat'>6.</span> <span class='ocrx_word' id='word_1_389' title='bbox 3134 4148 3240 4197; x_wconf 78' lang='lat' dir='ltr'>pro</span> 
     </span>
     <span class='ocr_line' id='line_1_39' title="bbox 645 4197 3237 4267; baseline -0.002 -13"><span class='ocrx_word' id='word_1_390' title='bbox 645 4202 858 4267; x_wconf 82' lang='grc' dir='ltr'>ἀργυρᾶ</span> <span class='ocrx_word' id='word_1_391' title='bbox 895 4201 986 4253; x_wconf 82' lang='grc' dir='ltr'>καὶ</span> <span class='ocrx_word' id='word_1_392' title='bbox 1009 4201 1222 4266; x_wconf 77' lang='grc' dir='ltr'>ἀργυρᾶ</span> <span class='ocrx_word' id='word_1_393' title='bbox 1259 4202 1457 4266; x_wconf 80' lang='lat' dir='ltr'>scripsi</span> <span class='ocrx_word' id='word_1_394' title='bbox 1492 4217 1614 4251; x_wconf 84' lang='lat' dir='ltr'>cum</span> <span class='ocrx_word' id='word_1_395' title='bbox 1638 4201 1907 4251; x_wconf 78' lang='lat' dir='ltr'><strong>Schmidt.</strong></span> <span class='ocrx_word' id='word_1_396' title='bbox 1930 4197 2095 4262; x_wconf 84' lang='grc' dir='ltr'>ἀγυιά</span> <span class='ocrx_word' id='word_1_397' title='bbox 2119 4200 2209 4251; x_wconf 79' lang='grc' dir='ltr'>καὶ</span> <span class='ocrx_word' id='word_1_398' title='bbox 2235 4198 2432 4264; x_wconf 86' lang='grc' dir='ltr'>ὀργυιά</span> <span class='ocrx_word' id='word_1_399' title='bbox 2466 4207 2523 4250; x_wconf 83' lang='lat' dir='ltr'>et</span> <span class='ocrx_word' id='word_1_400' title='bbox 2557 4216 2657 4265; x_wconf 83' lang='lat' dir='ltr'>pro</span> <span class='ocrx_word' id='word_1_401' title='bbox 2691 4199 2972 4251; x_wconf 83' lang='grc' dir='ltr'>ςυςτέλλει</span> <span class='ocrx_word' id='word_1_402' title='bbox 2995 4198 3141 4250; x_wconf 82' lang='grc' dir='ltr'>αὐτό</span> <span class='ocrx_word' id='word_1_403' title='bbox 3171 4227 3237 4237; x_wconf 88' lang='lat'>—-</span> 
     </span>
     <span class='ocr_line' id='line_1_40' title="bbox 646 4264 3315 4332; baseline -0.001 -10"><span class='ocrx_word' id='word_1_404' title='bbox 646 4269 1015 4323; x_wconf 86' lang='grc' dir='ltr'>ςυςτέλλεται.</span> <span class='ocrx_word' id='word_1_405' title='bbox 1065 4270 1136 4322; x_wconf 83' lang='lat' dir='ltr'>cf.</span> <span class='ocrx_word' id='word_1_406' title='bbox 1165 4269 1360 4320; x_wconf 81' lang='lat' dir='ltr'>Choer.</span> <span class='ocrx_word' id='word_1_407' title='bbox 1387 4270 1504 4327; x_wconf 80' lang='lat'>405.</span> <span class='ocrx_word' id='word_1_408' title='bbox 1531 4271 1626 4320; x_wconf 82' lang='lat'>27:</span> <span class='ocrx_word' id='word_1_409' title='bbox 1656 4266 1750 4320; x_wconf 80' lang='grc' dir='ltr'>ἐπὶ</span> <span class='ocrx_word' id='word_1_410' title='bbox 1773 4270 1897 4318; x_wconf 85' lang='grc' dir='ltr'>τῶν</span> <span class='ocrx_word' id='word_1_411' title='bbox 1922 4265 2000 4319; x_wconf 82' lang='grc' dir='ltr'>εἰς</span> <span class='ocrx_word' id='word_1_412' title='bbox 2025 4270 2061 4319; x_wconf 79' lang='grc' dir='ltr'>(ἶ</span> <span class='ocrx_word' id='word_1_413' title='bbox 2086 4264 2639 4332; x_wconf 82' lang='grc' dir='ltr'>βραχυκαταλὴκτων</span> <span class='ocrx_word' id='word_1_414' title='bbox 2664 4266 2937 4319; x_wconf 85' lang='grc' dir='ltr'>εὐώθαςιν</span> <span class='ocrx_word' id='word_1_415' title='bbox 2961 4265 3015 4319; x_wconf 79' lang='grc' dir='ltr'>οἱ</span> <span class='ocrx_word' id='word_1_416' title='bbox 3039 4267 3237 4319; x_wconf 85' lang='grc' dir='ltr'>Ἴωνες</span> <span class='ocrx_word' id='word_1_417' title='bbox 3308 4280 3315 4284; x_wconf 88' lang='grc'><strong><em>·</em></strong></span> 
     </span>
     <span class='ocr_line' id='line_1_41' title="bbox 646 4333 3235 4401; baseline -0.001 -13"><span class='ocrx_word' id='word_1_418' title='bbox 646 4340 976 4401; x_wconf 83' lang='grc' dir='ltr'>βαρυτονεῖν</span> <span class='ocrx_word' id='word_1_419' title='bbox 1011 4335 1112 4388; x_wconf 88' lang='grc' dir='ltr'>τὰς</span> <span class='ocrx_word' id='word_1_420' title='bbox 1148 4335 1321 4387; x_wconf 84' lang='grc' dir='ltr'>λέξεις</span> <span class='ocrx_word' id='word_1_421' title='bbox 1358 4334 1436 4386; x_wconf 81' lang='grc' dir='ltr'>ὡς</span> <span class='ocrx_word' id='word_1_422' title='bbox 1473 4336 1565 4387; x_wconf 81' lang='grc' dir='ltr'>καὶ</span> <span class='ocrx_word' id='word_1_423' title='bbox 1601 4335 1787 4400; x_wconf 80' lang='grc' dir='ltr'>ἡμεῖς,</span> <span class='ocrx_word' id='word_1_424' title='bbox 1827 4334 1951 4387; x_wconf 83' lang='grc' dir='ltr'>οἷον</span> <span class='ocrx_word' id='word_1_425' title='bbox 1986 4335 2176 4398; x_wconf 83' lang='grc' dir='ltr'>ἀγυια,</span> <span class='ocrx_word' id='word_1_426' title='bbox 2215 4333 2450 4399; x_wconf 85' lang='grc' dir='ltr'>ἅρπυια,</span> <span class='ocrx_word' id='word_1_427' title='bbox 2487 4334 2769 4386; x_wconf 83' lang='grc' dir='ltr'>Πλάταια·</span> <span class='ocrx_word' id='word_1_428' title='bbox 2805 4333 2946 4386; x_wconf 86' lang='grc' dir='ltr'>ὅταν</span> <span class='ocrx_word' id='word_1_429' title='bbox 2981 4334 3042 4385; x_wconf 77' lang='grc' dir='ltr'>δὲ</span> <span class='ocrx_word' id='word_1_430' title='bbox 3065 4334 3235 4400; x_wconf 80' lang='grc' dir='ltr'>γένη·</span> 
     </span>
     <span class='ocr_line' id='line_1_42' title="bbox 644 4401 3237 4468; baseline -0 -13"><span class='ocrx_word' id='word_1_431' title='bbox 644 4420 736 4455; x_wconf 90' lang='grc' dir='ltr'>ται</span> <span class='ocrx_word' id='word_1_432' title='bbox 773 4406 807 4467; x_wconf 87' lang='grc' dir='ltr'>ἡ</span> <span class='ocrx_word' id='word_1_433' title='bbox 845 4402 1144 4457; x_wconf 87' lang='grc' dir='ltr'>τελευταία</span> <span class='ocrx_word' id='word_1_434' title='bbox 1181 4404 1424 4468; x_wconf 80' lang='grc' dir='ltr'>ςυλλαβὴ</span> <span class='ocrx_word' id='word_1_435' title='bbox 1452 4401 1657 4468; x_wconf 86' lang='grc' dir='ltr'>μακρά,</span> <span class='ocrx_word' id='word_1_436' title='bbox 1699 4402 1926 4455; x_wconf 84' lang='grc' dir='ltr'>Ἰωνικῶ</span> <span class='ocrx_word' id='word_1_437' title='bbox 1965 4402 2079 4454; x_wconf 81' lang='grc' dir='ltr'>ἔθει</span> <span class='ocrx_word' id='word_1_438' title='bbox 2114 4401 2534 4465; x_wconf 82' lang='grc' dir='ltr'>καταβιβάζεται</span> <span class='ocrx_word' id='word_1_439' title='bbox 2572 4402 2603 4454; x_wconf 89' lang='grc' dir='ltr'>ό</span> <span class='ocrx_word' id='word_1_440' title='bbox 2640 4402 2808 4454; x_wconf 86' lang='grc' dir='ltr'>τόνος</span> <span class='ocrx_word' id='word_1_441' title='bbox 2842 4401 2968 4454; x_wconf 82' lang='grc' dir='ltr'>οἷον</span> <span class='ocrx_word' id='word_1_442' title='bbox 3003 4402 3237 4467; x_wconf 77' lang='grc' dir='ltr'>ὀργυιᾶς</span> 
     </span>
     <span class='ocr_line' id='line_1_43' title="bbox 644 4454 3238 4536; baseline -0.001 -13"><span class='ocrx_word' id='word_1_443' title='bbox 644 4471 840 4534; x_wconf 82' lang='grc' dir='ltr'>ἀγυιᾶς</span> <span class='ocrx_word' id='word_1_444' title='bbox 877 4471 1116 4525; x_wconf 84' lang='grc' dir='ltr'>Θεςπιᾱς</span> <span class='ocrx_word' id='word_1_445' title='bbox 1150 4470 1466 4523; x_wconf 83' lang='grc' dir='ltr'>Πλαταιᾶς·</span> <span class='ocrx_word' id='word_1_446' title='bbox 1512 4468 1636 4522; x_wconf 81' lang='grc' dir='ltr'>ἰδοὺ</span> <span class='ocrx_word' id='word_1_447' title='bbox 1673 4474 1855 4522; x_wconf 81' lang='grc' dir='ltr'>ταῦτα</span> <span class='ocrx_word' id='word_1_448' title='bbox 1890 4454 1951 4521; x_wconf 81' lang='grc' dir='ltr'>ἑν</span> <span class='ocrx_word' id='word_1_449' title='bbox 1985 4474 2056 4536; x_wconf 83' lang='grc' dir='ltr'>τῇ</span> <span class='ocrx_word' id='word_1_450' title='bbox 2103 4468 2362 4522; x_wconf 88' lang='grc' dir='ltr'>τελευταί</span> <span class='ocrx_word' id='word_1_451' title='bbox 2447 4470 2689 4536; x_wconf 83' lang='grc' dir='ltr'>ςυλλαβῇ</span> <span class='ocrx_word' id='word_1_452' title='bbox 2737 4468 3087 4534; x_wconf 80' lang='grc' dir='ltr'>ἐπιδέχονται</span> <span class='ocrx_word' id='word_1_453' title='bbox 3122 4470 3238 4521; x_wconf 83' lang='grc' dir='ltr'>τὸν</span> 
     </span>
     <span class='ocr_line' id='line_1_44' title="bbox 644 4535 3239 4603; baseline -0.001 -12"><span class='ocrx_word' id='word_1_454' title='bbox 644 4539 834 4591; x_wconf 90' lang='grc' dir='ltr'>τόνον.</span> <span class='ocrx_word' id='word_1_455' title='bbox 903 4540 967 4592; x_wconf 92' lang='lat'>11.</span> <span class='ocrx_word' id='word_1_456' title='bbox 1005 4542 1095 4594; x_wconf 82' lang='lat' dir='ltr'>Pr.</span> <span class='ocrx_word' id='word_1_457' title='bbox 1135 4538 1184 4590; x_wconf 89' lang='grc' dir='ltr'><strong><em>Ζ</em></strong></span> <span class='ocrx_word' id='word_1_458' title='bbox 1217 4542 1344 4589; x_wconf 72' lang='grc' dir='ltr'>422ε</span> <span class='ocrx_word' id='word_1_459' title='bbox 1380 4538 1450 4588; x_wconf 89' lang='grc' dir='ltr'>τὸ</span> <span class='ocrx_word' id='word_1_460' title='bbox 1485 4535 1544 4589; x_wconf 87' lang='grc' dir='ltr'>ἴα</span> <span class='ocrx_word' id='word_1_461' title='bbox 1583 4537 1909 4603; x_wconf 85' lang='grc' dir='ltr'>βαρυτόνως</span> <span class='ocrx_word' id='word_1_462' title='bbox 1955 4536 2177 4600; x_wconf 83' lang='grc' dir='ltr'>ἀνέγνω</span> <span class='ocrx_word' id='word_1_463' title='bbox 2223 4538 2256 4589; x_wconf 85' lang='grc' dir='ltr'>ὁ</span> <span class='ocrx_word' id='word_1_464' title='bbox 2301 4537 2371 4588; x_wconf 86' lang='grc' dir='ltr'>ἀν</span> <span class='ocrx_word' id='word_1_465' title='bbox 2412 4552 2445 4602; x_wconf 89' lang='grc' dir='ltr'>ρ</span> <span class='ocrx_word' id='word_1_466' title='bbox 2484 4539 2582 4602; x_wconf 75' lang='lat' dir='ltr'>(ec.</span> <span class='ocrx_word' id='word_1_467' title='bbox 2618 4538 2994 4602; x_wconf 75' lang='lat' dir='ltr'><strong>Aristarchus)</strong></span> <span class='ocrx_word' id='word_1_468' title='bbox 3031 4536 3123 4601; x_wconf 73' lang='grc' dir='ltr'>καὶ</span> <span class='ocrx_word' id='word_1_469' title='bbox 3159 4538 3239 4589; x_wconf 82' lang='grc' dir='ltr'>τὸ</span> 
     </span>
     <span class='ocr_line' id='line_1_45' title="bbox 647 4603 3238 4671; baseline -0 -13"><span class='ocrx_word' id='word_1_470' title='bbox 647 4605 766 4669; x_wconf 87' lang='grc' dir='ltr'>μία·</span> <span class='ocrx_word' id='word_1_471' title='bbox 803 4605 904 4658; x_wconf 89' lang='grc' dir='ltr'>τὰς</span> <span class='ocrx_word' id='word_1_472' title='bbox 943 4606 1134 4670; x_wconf 87' lang='grc' dir='ltr'>μέντοι</span> <span class='ocrx_word' id='word_1_473' title='bbox 1170 4606 1392 4658; x_wconf 82' lang='grc' dir='ltr'>δοτικὰς</span> <span class='ocrx_word' id='word_1_474' title='bbox 1430 4605 1818 4671; x_wconf 77' lang='grc' dir='ltr'>περιέςπαςεν’</span> <span class='ocrx_word' id='word_1_475' title='bbox 1858 4605 1948 4657; x_wconf 89' lang='grc' dir='ltr'>καί</span> <span class='ocrx_word' id='word_1_476' title='bbox 1983 4603 2117 4669; x_wconf 88' lang='grc' dir='ltr'>φαςί</span> <span class='ocrx_word' id='word_1_477' title='bbox 2152 4620 2216 4669; x_wconf 90' lang='grc' dir='ltr'>γε</span> <span class='ocrx_word' id='word_1_478' title='bbox 2252 4606 2323 4657; x_wconf 87' lang='grc' dir='ltr'>τὸ</span> <span class='ocrx_word' id='word_1_479' title='bbox 2358 4608 2587 4657; x_wconf 79' lang='grc' dir='ltr'>τοιοῦτο</span> <span class='ocrx_word' id='word_1_480' title='bbox 2625 4604 2835 4658; x_wconf 85' lang='grc' dir='ltr'>Ἰώνων</span> <span class='ocrx_word' id='word_1_481' title='bbox 2872 4605 3038 4657; x_wconf 80' lang='grc' dir='ltr'>εἶναι·</span> <span class='ocrx_word' id='word_1_482' title='bbox 3076 4605 3238 4657; x_wconf 79' lang='grc' dir='ltr'>τινὲς</span> 
     </span>
     <span class='ocr_line' id='line_1_46' title="bbox 646 4671 3239 4739; baseline -0.001 -14"><span class='ocrx_word' id='word_1_483' title='bbox 646 4673 708 4725; x_wconf 83' lang='grc' dir='ltr'>δὲ</span> <span class='ocrx_word' id='word_1_484' title='bbox 761 4673 1078 4739; x_wconf 84' lang='grc' dir='ltr'>ἐτόλμηςαν</span> <span class='ocrx_word' id='word_1_485' title='bbox 1132 4673 1315 4737; x_wconf 81' lang='grc' dir='ltr'>λέγειν</span> <span class='ocrx_word' id='word_1_486' title='bbox 1367 4672 1511 4725; x_wconf 86' lang='grc' dir='ltr'>αὐτὸ</span> <span class='ocrx_word' id='word_1_487' title='bbox 1559 4672 1844 4738; x_wconf 86' lang='grc' dir='ltr'>Ἀττικόν,</span> <span class='ocrx_word' id='word_1_488' title='bbox 1899 4672 2047 4735; x_wconf 86' lang='grc' dir='ltr'>λέγω</span> <span class='ocrx_word' id='word_1_489' title='bbox 2092 4673 2153 4724; x_wconf 83' lang='grc' dir='ltr'>δὲ</span> <span class='ocrx_word' id='word_1_490' title='bbox 2198 4673 2268 4723; x_wconf 89' lang='grc' dir='ltr'>τὸ</span> <span class='ocrx_word' id='word_1_491' title='bbox 2322 4672 2417 4725; x_wconf 79' lang='grc' dir='ltr'>ἐπὶ</span> <span class='ocrx_word' id='word_1_492' title='bbox 2459 4675 2582 4723; x_wconf 85' lang='grc' dir='ltr'>τῶν</span> <span class='ocrx_word' id='word_1_493' title='bbox 2625 4671 2908 4725; x_wconf 85' lang='grc' dir='ltr'>τοιούτων</span> <span class='ocrx_word' id='word_1_494' title='bbox 2962 4674 3239 4737; x_wconf 83' lang='grc' dir='ltr'>θηλυκῶν</span> 
     </span>
     <span class='ocr_line' id='line_1_47' title="bbox 645 4738 3239 4807; baseline -0 -16"><span class='ocrx_word' id='word_1_495' title='bbox 645 4742 1057 4807; x_wconf 87' lang='grc' dir='ltr'>καταβιβαςμὸν</span> <span class='ocrx_word' id='word_1_496' title='bbox 1111 4741 1366 4803; x_wconf 82' lang='grc' dir='ltr'>γενέςθαι</span> <span class='ocrx_word' id='word_1_497' title='bbox 1419 4741 1608 4793; x_wconf 90' lang='grc' dir='ltr'>τόνου.</span> <span class='ocrx_word' id='word_1_498' title='bbox 1687 4740 1875 4793; x_wconf 79' lang='grc' dir='ltr'>οὕτως</span> <span class='ocrx_word' id='word_1_499' title='bbox 1930 4739 2033 4793; x_wconf 82' lang='grc' dir='ltr'>οὖν</span> <span class='ocrx_word' id='word_1_500' title='bbox 2086 4741 2177 4792; x_wconf 80' lang='grc' dir='ltr'>καὶ</span> <span class='ocrx_word' id='word_1_501' title='bbox 2222 4739 2436 4805; x_wconf 71' lang='grc' dir='ltr'>«μέςην</span> <span class='ocrx_word' id='word_1_502' title='bbox 2481 4740 2539 4792; x_wconf 78' lang='grc' dir='ltr'>ἐς</span> <span class='ocrx_word' id='word_1_503' title='bbox 2591 4738 2834 4802; x_wconf 71' lang='grc' dir='ltr'>ἀγυιανὺ</span> <span class='ocrx_word' id='word_1_504' title='bbox 2880 4739 2965 4803; x_wconf 89' lang='lat'>(11.</span> <span class='ocrx_word' id='word_1_505' title='bbox 3009 4739 3059 4791; x_wconf 88' lang='grc' dir='ltr'>Υ</span> <span class='ocrx_word' id='word_1_506' title='bbox 3102 4743 3239 4803; x_wconf 76' lang='grc'>254)</span> 
     </span>
     <span class='ocr_line' id='line_1_48' title="bbox 644 4805 3237 4872; baseline 0 -14"><span class='ocrx_word' id='word_1_507' title='bbox 644 4807 893 4870; x_wconf 84' lang='grc' dir='ltr'>ἀνέγνω·</span> <span class='ocrx_word' id='word_1_508' title='bbox 931 4808 1347 4871; x_wconf 75' lang='grc' dir='ltr'>«ἐϋκτιμένας»</span> <span class='ocrx_word' id='word_1_509' title='bbox 1382 4809 1443 4859; x_wconf 80' lang='grc' dir='ltr'>δὲ</span> <span class='ocrx_word' id='word_1_510' title='bbox 1478 4808 1649 4860; x_wconf 78' lang='grc' dir='ltr'>«κατ’</span> <span class='ocrx_word' id='word_1_511' title='bbox 1683 4806 1919 4872; x_wconf 79' lang='grc' dir='ltr'>ἀγυιάς»</span> <span class='ocrx_word' id='word_1_512' title='bbox 1959 4807 2133 4871; x_wconf 80' lang='grc'>(391),</span> <span class='ocrx_word' id='word_1_513' title='bbox 2183 4808 2247 4858; x_wconf 86' lang='lat' dir='ltr'>de</span> <span class='ocrx_word' id='word_1_514' title='bbox 2287 4808 2525 4860; x_wconf 84' lang='grc' dir='ltr'>Θέςπεια</span> <span class='ocrx_word' id='word_1_515' title='bbox 2572 4815 2631 4859; x_wconf 85' lang='lat' dir='ltr'>et</span> <span class='ocrx_word' id='word_1_516' title='bbox 2665 4805 2875 4859; x_wconf 87' lang='grc' dir='ltr'>Θεςπιά</span> <span class='ocrx_word' id='word_1_517' title='bbox 2923 4809 2995 4861; x_wconf 84' lang='lat' dir='ltr'>cf.</span> <span class='ocrx_word' id='word_1_518' title='bbox 3034 4807 3100 4860; x_wconf 89' lang='grc'>11.</span> <span class='ocrx_word' id='word_1_519' title='bbox 3138 4809 3237 4859; x_wconf 85' lang='lat' dir='ltr'>Pr.</span> 
     </span>
     <span class='ocr_line' id='line_1_49' title="bbox 647 4873 3238 4941; baseline -0 -14"><span class='ocrx_word' id='word_1_520' title='bbox 647 4873 687 4927; x_wconf 90' lang='grc' dir='ltr'>Β</span> <span class='ocrx_word' id='word_1_521' title='bbox 723 4878 824 4927; x_wconf 81' lang='lat'>498</span> <span class='ocrx_word' id='word_1_522' title='bbox 862 4882 920 4927; x_wconf 77' lang='lat' dir='ltr'>et</span> <span class='ocrx_word' id='word_1_523' title='bbox 955 4879 1011 4925; x_wconf 84' lang='lat' dir='ltr'>in</span> <span class='ocrx_word' id='word_1_524' title='bbox 1048 4876 1359 4926; x_wconf 78' lang='lat' dir='ltr'>universum</span> <span class='ocrx_word' id='word_1_525' title='bbox 1396 4876 1593 4930; x_wconf 79' lang='lat' dir='ltr'><strong>Arcad.</strong></span> <span class='ocrx_word' id='word_1_526' title='bbox 1629 4878 1713 4940; x_wconf 85' lang='lat'>98,</span> <span class='ocrx_word' id='word_1_527' title='bbox 1753 4880 1776 4925; x_wconf 89' lang='lat'>1</span> <span class='ocrx_word' id='word_1_528' title='bbox 1817 4892 1967 4941; x_wconf 76' lang='lat' dir='ltr'><strong>seqq.</strong></span> <span class='ocrx_word' id='word_1_529' title='bbox 2137 4876 2174 4930; x_wconf 90' lang='grc'>1.</span> <span class='ocrx_word' id='word_1_530' title='bbox 2209 4878 2275 4927; x_wconf 82' lang='grc'>32</span> <span class='ocrx_word' id='word_1_531' title='bbox 2310 4876 2508 4926; x_wconf 75' lang='lat' dir='ltr'><strong>Arcad.</strong></span> <span class='ocrx_word' id='word_1_532' title='bbox 2549 4879 2672 4940; x_wconf 69' lang='lat'>194,</span> <span class='ocrx_word' id='word_1_533' title='bbox 2708 4879 2774 4925; x_wconf 73' lang='lat'>22</span> <span class='ocrx_word' id='word_1_534' title='bbox 2810 4903 2875 4911; x_wconf 93' lang='grc'>--</span> <span class='ocrx_word' id='word_1_535' title='bbox 2910 4873 3131 4926; x_wconf 83' lang='grc' dir='ltr'>Ῥοδίου</span> <span class='ocrx_word' id='word_1_536' title='bbox 3173 4882 3238 4926; x_wconf 74' lang='lat' dir='ltr'>et</span> 
     </span>
    </p>
   </div>
  </div>
 </body>
</html>
