3664 5546
1225 348 1382 402 ΠΕΡΙ
1421 346 1809 402 ΚΑΘΟΛΙΚΗΕ
1843 347 2262 402 ΠΡΟΕΩιΔΙΑΕ
2303 349 2382 402 ΙΗ.
2847 363 2854 370 “
2968 348 3096 413 485

696 546 732 582 ιι
779 522 979 586 Ὅταν
1032 520 1313 602 παρέλκῃ
1368 519 1408 598 ἡ
1462 497 1785 601 πρόθεςις,
1849 519 1929 583 οὐ
1987 522 2259 584 ποιεῖται
2316 519 2678 598 ἐναλλαγὴν
2734 519 2823 584 ὡς
2874 519 2944 585 ἐν
3000 528 3091 605 τῷ

533 624 723 689 «τοὺς
768 624 832 689 δ’
876 623 976 702 ἄρ’
1020 623 1147 688 ὑπὸ
1191 621 1428 702 τρόμος
1471 621 1680 690 εἶλεν»
1730 618 1802 704 (Ε
1831 619 1985 705 862)
2017 622 2483 702 βαρυτονητέον
2512 623 2627 701 τὴν
2660 621 2814 686 ὑπό·
2857 624 3089 701 παρέλ-
3195 609 3202 629 ’

535 746 704 791 κεται
748 726 885 804 γάρ.
1396 721 1401 724 ⁴

698 828 810 893 Καὶ
863 831 1029 892 πᾶςα
1083 827 1154 892 δὲ
1206 826 1495 905 πρόθεςις
1550 827 1716 905 ῥῆμα
1772 825 2151 904 ςημαίνουςα
2205 828 2539 908 βαρύνεται
2597 827 2778 892 «ἔνθ’
2834 826 2927 893 ἔνι
2972 829 3088 908 μὲν

524 930 791 1011 φιλότης
835 927 921 1012 (Ξ
966 928 1118 1012 216)
1165 929 1377 1007 «πάρα
1421 929 1486 992 δ’
1529 928 1726 1010 ἀνήρ,
1770 928 1844 1014 ὃς
1886 929 2253 1008 καταθήςει»
2302 927 2379 1012 (π
2420 929 2552 1014 45).
3121 933 3154 983 5

523 1222 659 1275 νόον
693 1222 808 1274 έςτί
844 1222 1090 1285 βροτῶν,
1129 1220 1259 1285 περὶ
1296 1220 1354 1280 δ,’
1390 1218 1479 1283 ἱρὰ
1514 1220 1756 1269 θεοῖςιν»)
1797 1217 1996 1280 (offla
2032 1219 2148 1281 66),
2196 1218 2306 1271 «οὗ
2344 1219 2470 1284 περὶ
2507 1219 2606 1282 μέν
2643 1218 2920 1286 πρόφρων
2956 1236 3083 1286 κρα-

519 1290 651 1355 δίη»
687 1290 779 1354 (ΙΙ.
819 1289 857 1341 Κ
893 1293 1033 1351 244).
1114 1289 1205 1339 καὶ
1248 1287 1317 1339 τὸ
1362 1285 1540 1339 αἴτιον
1588 1287 1648 1337 ἐν
1690 1285 1899 1350 ἑτέροις
1948 1285 2206 1351 εἴπομεν,
2254 1287 2334 1339 ώς
2378 1287 2463 1339 ὅτι
2509 1287 2651 1352 πρὸς
2695 1288 2900 1340 αὐτοὺς
2947 1290 3083 1342 τοὺς

518 1359 722 1410 τόνους
755 1360 888 1408 ’τῶν
923 1355 1316 1421 ἐπιρρημάτων
1361 1355 1450 1406 καὶ
1494 1355 1656 1405 αὐταὶ
1702 1355 2153 1419 ὀρθοτονοῦνται.
2224 1355 2281 1407 Π
2316 1359 2442 1408 497ε
2489 1355 2622 1418 ἐμεῦ
2669 1357 2794 1421 περὶ
2841 1355 3080 1420 μάρναοε

518 1427 749 1478 δύναται
785 1424 1217 1489 ἀναςτρέφεςθαι
1256 1423 1289 1486 ἡ
1328 1419 1482 1487 περί,
1528 1420 1622 1473 ’ίνα
1666 1422 1895 1475 τοιοῦτό
1930 1437 1983 1473 τι
2029 1425 2090 1489 ῇ,
2139 1424 2267 1487 περὶ
2313 1423 2449 1487 ἐμοῦ
2490 1422 2681 1488 μάχου.
2755 1424 2985 1476 δύναται
3020 1425 3081 1477 δὲ

519 1495 608 1547 καὶ
646 1493 724 1547 ὡς
760 1493 793 1544 6
832 1489 1240 1556 Ἀςκαλωνίτης
1276 1491 1412 1544 ἀξιοῖ
1449 1489 1747 1554 φυλάςςειν
1782 1490 1887 1541 τὸν
1922 1490 2121 1554 τόνον,
2169 1489 2294 1542 ἀντὶ
2337 1495 2441 1556 τῆς
2477 1491 2621 1556 ὑπέρ
2657 1491 2910 1557 κειμένη,
2955 1493 3080 1545 ἀντὶ

515 1566 620 1614 τοῦ
657 1560 976 1626 ὑπερμάχει.
1046 1559 1259 1624 εἴρηται
1303 1558 1364 1610 δὲ
1408 1559 1536 1623 περὶ
1580 1560 1701 1609 τῶν
1748 1558 2211 1611 έναλλαςςόντων
2254 1560 2578 1623 προθέςεων
2625 1558 2702 1612 ὡς
2750 1559 3080 1624 φυλάςςουςι

516 1630 651 1683 τοὺς
685 1629 893 1681 αὐτοὺς
928 1628 1148 1680 τόνους.
1215 1627 1264 1681 Φ
1302 1631 1391 1678 57:
1429 1626 1632 1690 φυγὼν
1666 1626 1781 1678 ὑπὸ
1824 1626 2022 1691 νηλεές
2065 1626 2240 1691 ἣμαρ;
2281 1627 2499 1690 ἔφαμεν
2544 1627 2630 1679 ὅτι
2675 1627 2774 1679 ἐὰν
2821 1630 3078 1693 πρόθεςις

514 1699 639 1750 ἀντὶ
694 1698 887 1761 ἑτέρας
940 1696 1260 1761 προθέςεως
1312 1694 1532 1759 κέηται,
1598 1695 1670 1757 μὴ
1724 1692 1968 1757 γίνεςθαι
2021 1694 2405 1761 ἀναςτροφήν,
2462 1695 2650 1760 ὥςπερ
2704 1695 2918 1748 ἐνθάδε.
3008 1699 3076 1749 ef.

518 1767 696 1820 schol.
735 1767 804 1815 ad
842 1765 944 1815 Od.
981 1779 1017 1815 α
1052 1767 1176 1813 218:
1223 1762 1291 1813 ὃν
1328 1761 1641 1814 κτεάτεςςιν
1688 1762 1797 1813 ἑοῖς
1844 1762 1937 1813 ἐπὶ
1982 1766 2156 1828 γῆρας
2201 1763 2462 1826 ἐτετμενε
2511 1763 2614 1815 οὐκ
2660 1763 3076 1829 ἀναςτρεπτέον

512 1836 621 1898 τὴν
658 1833 945 1898 πρόθεςιν,
992 1833 1085 1884 nbi
1121 1832 1421 1882 Herodiani
1466 1831 1741 1880 sententia.
1784 1831 1970 1880 verbis
2018 1831 2392 1882 huiuscemodi
2438 1831 2926 1896 παραλαμβάνεται
2968 1832 3076 1898 γὰρ

512 1900 770 1966 πρόθεςις
806 1899 931 1951 ἀντὶ
967 1898 1288 1964 προθέςεως
1322 1899 1357 1962 ἡ
1396 1897 1488 1949 έπί
1523 1897 1647 1948 ἀντὶ
1684 1900 1784 1962 τῆς
1822 1897 1973 1962 παρά
2019 1899 2326 1964 supplenda
2369 1904 2470 1950 est.
2643 1901 2676 1949 l.
2709 1904 2852 1951 1-3
2890 1904 3076 1967 recepi

512 1987 578 2020 ex
622 1971 686 2021 11.
725 1970 812 2019 Pr.
850 1968 887 2021 Ε
926 1971 1045 2019 178:
1101 1967 1318 2030 χαλεπὴ
1364 1965 1423 2017 δέ
1468 1968 1599 2016 θεοῦ
1647 1965 1738 2017 ἔπι
1776 1969 1962 2029 μῆνις;
2016 1966 2366 2031 Ἀρίςταρχος
2411 1968 2703 2031 παρολκὴν
2749 1963 2925 2020 οἴεται
2969 1973 3072 2033 τῆς

511 2035 633 2101 ἐπί,
682 2037 713 2088 6
757 2035 891 2088 οίως
935 2040 1020 2101 τῷ
1067 2035 1444 2098 ἐπιςμυγερῶς
1489 2034 1613 2095 (Od.
1656 2048 1692 2096 γ
1740 2035 1857 2099 195)
1905 2033 1992 2084 καὶ
2037 2036 2229 2096 «βοῶν
2278 2035 2641 2097 ἐπιβουκόλος
2689 2034 2873 2100 ἀνήρ»
2913 2037 3070 2100 (ibid.

506 2108 653 2170 422)·
725 2120 831 2156 ταν
865 2105 925 2156 δὲ
962 2102 1209 2168 παρέλκῃ
1248 2103 1281 2165 ἡ
1321 2101 1602 2166 πρόθεςις,
1639 2101 1706 2152 ού
1744 2104 1981 2153 ποιεῖται
2027 2102 2344 2166 ἐναλλαγὴν
2378 2102 2577 2154 τόνου·
2626 2101 2724 2154 εἰςὶ
2760 2103 2821 2154 δὲ
2857 2101 2910 2155 οἳ
2946 2104 3069 2156 ἀνε-

506 2173 784 2236 γνώκαςιν
819 2170 1027 2236 ὁμοίως
1064 2176 1148 2237 τῷ
1185 2170 1350 2222 «ἐπεὶ
1387 2169 1543 2221 οὔτοι
1580 2168 1670 2221 ἔπι
1714 2168 1865 2233 δέος,
1910 2167 2004 2220 ἵνα
2050 2169 2119 2220 τὸ
2167 2170 2353 2221 ἔπεςτι
2400 2169 2743 2236 ςημαίνηται.
2812 2171 2973 2223 ἄλλοι
3009 2173 3070 2225 δὲ

506 2240 790 2305 ἐπίμηνις,
829 2240 891 2292 ἓν
926 2240 1092 2304 μέρος
1128 2239 1300 2301 λόγου
1337 2239 1646 2289 ποιοῦντες.
1705 2237 1934 2299 ἄμεινον
1968 2237 2028 2288 δὲ
2064 2241 2148 2303 τῷ
2189 2237 2523 2305 Ἀριςτάρχῳ
2563 2237 3069 2301 ςυγκατατίθεςθαι.

503 2311 827 2375 Exemplum
862 2310 1093 2374 apposui
1129 2325 1195 2357 ex
1230 2308 1296 2360 ΙΙ.
1334 2308 1420 2356 Pr.
1459 2304 1496 2357 Ε
1530 2309 1629 2356 862
1674 2307 1742 2355 cf.
1778 2311 2068 2370 praeterea
2102 2306 2154 2356 Δ
2189 2309 2313 2356 423:
2357 2306 2621 2371 Ζεφύρου
2659 2307 2771 2358 ὕπο
2817 2307 3068 2371 κινήςαν-

504 2392 624 2428 τος;
665 2377 1016 2438 Πτολεμαῖος
1053 2375 1084 2426 6
1118 2378 1220 2426 τοῦ
1262 2371 1633 2438 Ἀριςτονίκου
1681 2373 1770 2423 καὶ
1809 2370 1996 2424 Νικίας
2044 2373 2131 2423 καὶ
2169 2372 2499 2437 Τυραννίων
2542 2373 2969 2439 ἀναςτρέφουςι·
3015 2376 3068 2427 οἱ

502 2445 562 2496 δέ
599 2444 756 2495 ἄλλοι
793 2443 1094 2507 παρέλκειν
1130 2442 1260 2506 φαςί
1297 2443 1403 2505 τὴν
1441 2440 1725 2505 πρόθεςιν,
1764 2440 1929 2491 ἔνθεν
1965 2441 2053 2492 καί
2090 2439 2425 2505 φυλάςςεται
2464 2443 2494 2494 6
2530 2442 2698 2494 τόνος
2736 2440 2946 2505 ὁμοίως
2982 2448 3065 2510 τῷ

504 2513 705 2562 «ἑςκεν
740 2509 1090 2575 ὑφηνίοχος»
1127 2511 1217 2572 (ΙΙ.
1254 2508 1300 2561 Ζ
1340 2509 1424 2570 19)
1462 2508 1551 2559 καὶ
1587 2507 2020 2560 «Ποςειδάωνος
2063 2508 2372 2572 ὑποδμώς»
2408 2509 2533 2573 (Οᾶ.
2573 2511 2603 2561 δ
2637 2509 2776 2574 386).
2847 2511 2904 2563 Π
2938 2514 3063 2563 669:

504 2579 722 2631 πολλὸν
757 2577 870 2629 ἀπὸ
908 2577 1018 2642 πρὸ
1055 2576 1275 2640 φέρων;
1313 2575 1462 2627 τινὲς
1496 2576 1604 2640 τὴν
1637 2574 1750 2627 ἀπό
1796 2575 2259 2641 ἀναςτρέφουςιν,
2303 2575 2398 2628 ’ίνα
2435 2576 2670 2644 ςημαίνῃ
2707 2577 2776 2629 τὸ
2812 2578 3062 2644 ἄπωθεν,
3161 2607 3175 2634 r

505 2647 692 2710 ὥςπερ
737 2645 827 2696 καὶ
872 2644 903 2695 6
952 2643 1382 2708 Ἀςκαλωνίτης·
1437 2643 1536 2695 είςὶ
1580 2643 1639 2695 δέ
1685 2643 1876 2706 μέντοι
1921 2642 1974 2695 οἳ
2019 2645 2310 2709 παρολκὴν
2356 2645 2617 2697 ἐδέξαντο
2662 2647 2770 2710 τὴν
2817 2647 2928 2711 πρό
2973 2649 3064 2698 καὶ

503 2714 786 2778 ἐφύλαξαν
820 2716 923 2779 τῆς
959 2711 1073 2764 ἀπό
1109 2712 1216 2777 τὴν
1252 2709 1593 2778 προςῳδίαν,
1636 2710 1729 2762 ἵνα
1765 2713 1798 2777 ᾖ
1836 2712 1904 2763 τὸ
1950 2711 2075 2778 ἑξῆς
2119 2711 2444 2778 ἀποφέρων.
2515 2714 2702 2765 οὕτως
2748 2714 2808 2765 δὲ
2844 2716 2934 2766 καὶ
2970 2715 3063 2768 Φι-

502 2783 728 2837 λόξενος
765 2780 946 2847 ἠξίου,
984 2781 1107 2832 ἐπεὶ
1142 2780 1327 2844 πολλή
1363 2780 1475 2833 ἐςτι
1510 2779 1860 2844 παρέλκουςα
1895 2781 1930 2844 ἡ
1969 2781 2080 2846 πρό
2115 2791 2147 2831 4<
2159 2781 2347 2833 νώτου
2371 2781 2487 2834 ἀπὸ
2524 2783 2636 2847 πρὸ
2660 2783 2898 2846 ταμών»
2938 2784 3062 2845 (Od.

501 2855 533 2903 θ
568 2853 716 2915 475)·
762 2850 838 2914 «ἡ
884 2850 946 2902 δέ
989 2849 1077 2901 διὰ
1121 2848 1234 2913 πρὸ
1269 2848 1484 2913 Πηλιὰς
1528 2848 1688 2912 ἤϊξε»
1736 2848 1821 2913 (Il.
1871 2849 1919 2900 Υ
1962 2850 2110 2913 276)·
2157 2851 2324 2914 «περὶ
2371 2850 2481 2914 πρὸ
2535 2851 2640 2914 γὰρ
2690 2850 2840 2915 ἔγχεϊ
2883 2853 3060 2905 θῦεν»
3129 2874 3132 2877 ·

500 2920 669 2986 (699)·
707 2918 891 2970 οὕτως
926 2918 986 2969 δὲ
1024 2917 1115 2968 καί
1152 2915 1265 2978 ἐγὼ
1304 2914 1777 2979 ςυγκατατίθεμαι.
1848 2917 1894 2968 Ψ
1931 2921 2054 2969 561:
2094 2918 2139 2983 ᾧ
2179 2917 2303 2982 πέρι
2339 2922 2517 2982 χεῦμα
2551 2922 2785 2982 φαεινοῦ
2825 2920 3061 2971 καςςιτέ-

498 3003 616 3052 ροιο
651 2984 1100 3052 ἀμφιδεδίνηταιε
1153 2984 1287 3036 εἰςίν
1323 2982 1376 3035 οἳ
1411 2983 1758 3048 ἀνέςτρεψαν
1793 2985 1902 3049 τὴν
1937 2983 2086 3049 περί·
2133 2985 2394 3049 ό-μέντοι
2433 2984 2840 3052 Ἀςκαλωνίτης
2880 2988 2968 3038 καὶ
3006 2988 3058 3039 οἱ

499 3054 725 3108 πλείους
770 3054 912 3105 κατὰ
954 3055 1063 3119 τὴν
1108 3053 1398 3117 παρολκὴν
1443 3051 1763 3104 ἐξεδέξαντο
1809 3055 2041 3118 κεῑςθαι,
2089 3052 2176 3104 διὰ
2220 3053 2288 3104 τὸ
2333 3052 2777 3119 ἀμφιδεδίνηται·
2838 3055 2922 3106 διὸ
2969 3056 3057 3106 καὶ

496 3121 947 3188 ἀναςτρέφουςιν.
985 3123 1096 3175 cf.!
1140 3125 1232 3172 147
1270 3118 1543 3184 ἐπιμείλια
1582 3126 1637 3171 et
1671 3124 1773 3171 456
1808 3119 2033 3185 ἐπαράς.
2079 3135 2106 3172 ε
2129 3125 2221 3171 40:
2260 3121 2451 3186 λαχὼν
2487 3122 2601 3173 ἀπὸ
2640 3122 2828 3188 ληΐδος
2865 3122 3053 3174 αἷςαν;

496 3192 530 3254 ἡ
568 3191 682 3243 ἀπό
719 3189 1011 3255 παρέλκει,
1047 3189 1132 3241 διὸ
1167 3192 1325 3253 τηρεῖ
1359 3188 1465 3239 τὸν
1498 3186 1685 3239 τόνον.
1734 3204 1766 3238 ν
1795 3191 1913 3239 138:
1953 3188 2143 3251 λαχὼν
2178 3187 2293 3240 ἀπὸ
2330 3190 2521 3254 ληΐδος
2556 3190 2747 3241 αἷςανε
2787 3189 2890 3241 οὐκ
2925 3189 3054 3242 ἀνα-

495 3258 802 3323 ςτρεπτέον
836 3259 945 3322 τὴν
981 3257 1265 3322 πρόθεςιν·
1311 3256 1453 3320 πρὸς
1487 3255 1593 3320 γὰρ
1636 3255 1705 3306 τὸ
1753 3255 1877 3321 ἑξῆς
1914 3256 2060 3307 ἐςτιν
2104 3257 2138 3320 ἢ
2176 3256 2454 3322 παρέλκει.
2523 3257 2554 3308 δ
2590 3260 2713 3328 3β6ε
2759 3257 3052 3321 ὑποδμώςε
3100 3252 3106 3268 “

495 3323 1552 3458 ἒξβξὲκῖβέῶῖπὲιῑιἃΐὶῖἶὶῗέῗιῖἒῖ
1588 3323 1796 3442 ὀξεῖανὶ
1835 3339 1884 3441 E
1909 3328 2002 3442 ¹3?
2018 3324 2472 3445 Ξιί1ῐίἕὲἻὶἯῖῗὲἕ
2512 3325 3054 3458 ῑὲῗῖεέμὲιγῗ-’ίτῗξ

495 3448 658 3526 παρά
680 3461 942 3527 πρόθεςιν
977 3461 1119 3512 κατὰ
1154 3461 1262 3525 τὴν
1298 3459 1574 3525 ἄρχουςαν
1609 3458 1986 3525 ὀξυτονητὲον
2033 3461 2122 3511 καί
2159 3461 2403 3513 καθόλου
2449 3460 2547 3514 ὅτε
2593 3461 2918 3527 ςημαντικαί
2955 3462 3053 3514 εἰςι

492 3529 763 3594 ῥημάτων
797 3528 854 3581 αἱ
889 3528 1203 3593 προθέςεις,
1240 3532 1450 3580 τοῦτον
1483 3527 1589 3578 τὸν
1623 3526 1796 3579 τόνον
1832 3526 2196 3592 ἀναδέχονται
2231 3529 2396 3581 «ἐπεὶ
2420 3530 2576 3581 οὔτοι
2614 3530 2706 3582 ἔπι
2729 3529 2897 3583 δέος»
2934 3532 3053 3591 (515

493 3600 564 3647 cf.
600 3599 700 3648 An.
737 3599 910 3651 Paris,
957 3599 1038 3647 III
1080 3600 1205 3659 362,
1242 3600 1328 3659 27)
1378 3596 1466 3648 καὶ
1511 3594 1620 3647 «οὐ
1664 3595 1770 3660 γὰρ
1815 3595 1916 3647 ἐπ’
1960 3595 2100 3660 ἀνὴρ
2146 3595 2269 3648 οἷον
2318 3598 2648 3650 Ὀδυςςεύς»
2696 3599 2819 3661 (od.
2868 3600 2897 3661 β
2943 3598 3050 3662 58).

492 3666 538 3717 Ψ
572 3668 699 3716 479:
737 3663 887 3729 πάρα
920 3663 1025 3729 γὰρ
1062 3666 1152 3715 καὶ
1188 3664 1477 3728 ἀμείνονες
1513 3663 1697 3715 ἄλλου
1745 3663 1815 3715 τὸ
1851 3662 2000 3731 πάρα
2036 3664 2160 3716 ἀντὶ
2195 3668 2298 3716 τοῦ
2337 3665 2569 3731 πάρειςι·
2616 3666 2701 3717 διὸ
2745 3667 2851 3730 τὴν
2897 3666 3049 3730 πρώ-

488 3748 597 3798 την
633 3731 1006 3798 ὀξυτονητέον
1051 3730 1260 3796 ὁμοίως
1294 3736 1378 3798 τῷ
1415 3730 1609 3797 «πάρα
1656 3732 1715 3782 δ’
1749 3731 1892 3796 ἀνὴρ
1940 3731 2001 3783 ὃς
2049 3732 2385 3798 καταθήςει»
2424 3736 2547 3799 (Od.
2584 3750 2625 3785 π
2661 3736 2767 3799 45).
2836 3733 2886 3786 Φ
2926 3738 3047 3785 110:

488 3801 612 3853 ἀλλ’
647 3799 741 3852 ἐπί
773 3815 863 3851 τοι
899 3801 988 3852 καὶ
1024 3799 1145 3863 ἐμοὶ
1180 3799 1421 3852 θάνατος
1458 3800 1547 3851 καὶ
1584 3803 1746 3865 μοῖρα
1781 3799 2040 3865 κραταιή;
2083 3800 2433 3866 Ἀρίςταρχός
2470 3817 2603 3867 φηςι
2636 3802 2745 3867 τὴν
2789 3799 2882 3853 ἐπί
2917 3801 3048 3853 ἀνα-

489 3868 745 3933 ςτρέψαι,
781 3866 876 3919 ἵνα
911 3866 1145 3935 ςημαίνῃ
1182 3868 1251 3920 τὸ
1289 3868 1536 3932 ἔπεςτιν,
1575 3866 1783 3932 ὁμοίως
1819 3872 1904 3935 τῷ
1941 3869 2065 3921 «col
2101 3868 2152 3919 δ’
2186 3870 2277 3920 ἔπι
2313 3871 2403 3922 καὶ
2430 3870 2616 3934 μορφὴ
2654 3869 2884 3923 ἐπέων»
2922 3871 3046 3933 (Od.

487 3939 521 3988 λ
556 3938 694 4001 367).
765 3934 819 3987 οἱ
852 3935 912 3987 δ’
945 3935 1228 3999 ἐφύλαξαν
1271 3937 1376 3987 τὸν
1419 3935 1593 3987 τόνον
1635 3952 1669 3987 τ
1752 3934 1874 3999 ἐμοί
1919 3935 2312 3989 ςυντάςςοντες
2358 3936 2564 4001 αὐτήν,
2613 3937 2755 3988 ὥςτε
2803 3936 2871 3987 τὸ
2922 3936 3044 4001 ἑξῆς

488 4004 632 4056 εἶναι
675 4003 817 4056 ἀλλὰ
851 4003 941 4054 καὶ
978 4002 1078 4055 ἐπ’
1113 4002 1250 4067 ἐμοί.
1322 4004 1410 4056 καὶ
1446 4003 1631 4057 οὕτως
1699 4019 1780 4068 χει
1814 4003 1888 4055 τὰ
1920 4008 2023 4069 τῆς
2064 4003 2447 4066 ἀναγνώςεως.
2519 4006 2697 4057 Schol.
2740 4005 2842 4055 Od.
2884 4019 2911 4055 ε
2958 4008 3043 4054 16:

486 4072 554 4125 οὐ
591 4070 695 4137 γάρ
720 4070 774 4123 οἱ
797 4070 949 4136 πάρα
972 4074 1132 4137 νῆεςε
1172 4071 1580 4136 ἀναςτρεπτέον
1615 4072 1723 4137 τὴν
1761 4072 2045 4136 πρόθεςιν·
2083 4071 2208 4123 ἀντὶ
2242 4071 2348 4136 γὰρ
2382 4075 2485 4124 τοῦ
2514 4069 2725 4136 πάρειςί
2746 4071 2876 4123 έςτι.
2910 4072 3041 4124 ibid.

484 4143 611 4192 364:
650 4138 824 4204 πάρα;
871 4138 1284 4204 ἀναςτρεπτέον
1319 4141 1425 4204 τὴν
1462 4139 1626 4205 πάρα.
1696 4140 1855 4204 δηλοῖ
1890 4140 1996 4204 γὰρ
2038 4139 2108 4191 τὸ
2145 4138 2407 4203 πάρειςιν.
2489 4141 2520 4190 δ
2556 4143 2653 4190 846
2699 4139 2806 4190 ἕνα
2856 4139 3042 4191 ἔνειςι·

484 4209 571 4260 διὸ
606 4206 1026 4272 ἀναςτρέφεται.
1095 4209 1127 4258 λ
1162 4212 1285 4259 367:
1333 4208 1416 4261 col
1460 4207 1518 4259 δ’
1563 4209 1654 4259 ἔπι
1699 4206 1801 4271 μέν
1848 4208 2035 4272 μορφὴ
2083 4206 2297 4269 ἐπέων,
2347 4207 2428 4258 ἔνι
2473 4207 2534 4258 δέ
2578 4207 2781 4272 φρένες
2827 4206 3040 4259 ἐςθλαίε

481 4275 899 4340 ἀναςτρεπτέον
943 4276 1051 4339 τὴν
1087 4276 1178 4329 ἔπι
1214 4276 1304 4328 καὶ
1339 4277 1446 4341 τὴν
1482 4276 1578 4327 ἔνι.
1646 4278 1715 4326 Ε.
1749 4278 1823 4327 Μ.
1862 4279 1989 4337 651,
2028 4278 2117 4326 55:
2163 4273 2313 4339 πάρα
2358 4274 2606 4340 ςημαίνει
2649 4274 2775 4339 τρία
2819 4272 2947 4326 «τίς
2983 4275 3043 4326 δ’

482 4345 596 4397 ἔςθ’
632 4343 664 4396 6
700 4345 916 4396 πωλῶν
961 4342 1308 4408 ἀνδράποδα;
1355 4343 1468 4406 ἐγὼ
1506 4343 1697 4408 πάρα»
1742 4342 1867 4393 ἀντὶ
1911 4345 2014 4395 τοῦ
2064 4340 2300 4406 πάρειμι.
2369 4342 2562 4408 «πάρα
2598 4342 2648 4395 δ’
2682 4341 2869 4407 ἀνήρ»
2915 4342 3041 4394 ἀντὶ

480 4416 584 4465 τοῦ
621 4411 865 4477 πάρεςτι.
933 4410 1074 4476 πάρ’
1109 4411 1293 4476 ἔμοιγε
1332 4413 1421 4463 καὶ
1457 4410 1658 4463 ἄλλοι»
1696 4412 1759 4475 (Α
1801 4412 1919 4473 174)
1956 4410 2080 4462 ἀντὶ
2115 4413 2218 4462 τοῦ
2262 4409 2478 4476 πάρειςί
2508 4426 2615 4475 μοι.
2668 4409 2823 4463 τίνος
2858 4409 2965 4475 ἄρα
3001 4410 3036 4473 ἡ

481 4479 774 4546 ἀποκοπής
811 4482 913 4531 τοῦ
954 4477 1062 4543 εἰμί
1097 4481 1188 4531 καὶ
1211 4483 1313 4531 τοῦ
1340 4478 1455 4532 ἐςτί
1477 4480 1566 4531 καί
1591 4482 1692 4532 τοῦ
1720 4476 1832 4530 eici.
1882 4478 2022 4543 πρὸς
2045 4478 2115 4529 τὸ
2141 4479 2547 4543 ςημαινόμενον
2572 4479 2661 4532 καὶ
2696 4478 2731 4542 ἡ
2759 4477 3040 4542 ἀποκοπή.

482 4550 608 4613 περὶ
633 4550 850 4602 παθῶν.
879 4576 946 4584 -
972 4551 1159 4613 Neque
1189 4554 1370 4599 tamen
1404 4554 1516 4598 tum
1551 4552 1781 4609 tantum,
1817 4549 1865 4597 si
1897 4548 2236 4613 praepositio
2270 4550 2450 4613 posita
2482 4554 2565 4598 est
2596 4563 2691 4614 pro
2725 4549 2893 4598 verbo
2930 4543 3040 4608 εἰμί

484 4632 598 4666 cum
638 4634 704 4668 ea
738 4618 1060 4683 compositu,
1098 4617 1193 4668 sed
1230 4619 1419 4680 etiam,
1456 4617 1552 4667 ubi
1587 4632 1717 4681 prae
1761 4616 1924 4666 ositio
1960 4616 2205 4665 seiuncta
2241 4622 2326 4667 est
2361 4634 2394 4666 a
2417 4619 2583 4667 verbo
2620 4613 2730 4678 εἰμί
2763 4620 3039 4679 sequente,

482 4686 814 4750 anastrophe
837 4685 1018 4736 locum
1042 4686 1233 4736 habet:
1260 4685 1322 4736 ll.
1349 4685 1433 4735 Pr.
1463 4684 1495 4736 Γ
1518 4686 1640 4734 44οτ
1668 4699 1709 4734 π
1748 4697 1817 4747 ρα
1841 4683 1947 4747 γὰρ
1969 4680 2088 4735 θεοί
2111 4680 2208 4734 εἰει
2233 4685 2322 4735 καὶ
2347 4683 2504 4747 ήμῑνε
2532 4682 2907 4747 ὀξυτονητέον
2932 4682 3037 4746 τὴν

482 4750 633 4815 παρά
657 4752 917 4816 πρόθεςιν
945 4752 1088 4806 κατὰ
1114 4753 1222 4817 τὴν
1250 4751 1613 4816 ἑπάρχουςαν.
1659 4751 1772 4802 ἔςτι
1798 4751 1860 4803 δέ
1884 4751 1988 4803 οὐκ
2016 4750 2367 4817 ἀναςτροφή,
2398 4751 2538 4804 ἀλλὰ
2563 4752 2694 4804 καθ’
2716 4750 3037 4816 ὑπέρβατον

483 4822 681 4883 κεῖται,
706 4820 1104 4886 διαλελυμένου
1127 4823 1229 4874 τοῦ
1257 4819 1518 4886 πάρειςιν.
1556 4816 1792 4873 εἰκότως
1816 4820 1965 4872 τινές
1990 4833 2182 4885 φαςιν,
2210 4820 2295 4874 ὅτι
2320 4819 2378 4873 αἱ
2400 4820 2703 4887 προθέςεις,
2731 4819 2870 4873 ὅταν
2895 4819 3037 4872 κατὰ
