3664 5546
662 406 791 470 540
1598 405 1679 460 εκ
1718 405 1858 459 τΩΝ
1902 404 2301 473 ΗροΔιΑΝογ

832 576 923 640 Τὸ
969 580 1009 637 ἇ
1052 578 1182 655 πρὸ
1227 581 1343 641 τοῦ
1386 563 1419 643 ἶ
1464 579 1797 657 ψιλοῦται,
1844 579 1920 640 τὸ
1965 577 2119 641 ἄζω
2164 577 2270 641 ἐπὶ
2311 580 2429 641 τοῦ
2458 575 2735 654 ξηραίνω
2764 577 3094 656 ψιλοῦται,
3134 575 3227 638 ἐπὶ

665 679 736 741 δὲ.
779 681 897 741 τοῦ
943 677 1198 756 ςὲβομαι
1243 679 1604 759 δαςύνεται,
1651 679 1818 742 ἅζω.

831 778 922 843 Τὸ
967 780 1009 842 ἆ
1052 780 1179 857 πρὸ
1223 783 1340 844 τοῦ
1382 781 1420 842 ι’(
1465 782 1797 862 ψιλοῡται,
1844 779 2073 860 ἀκοή,
2118 779 2409 861 ἄκμων,
2454 779 2714 856 ἀκόνη.

830 879 920 943 Τὸ
967 883 1007 942 fi
1050 881 1178 958 πρὸ
1223 884 1340 945 τοῦ
1383 866 1422 944 λ
1464 880 1610 946 ἑνὸς
1639 882 1679 958 ἢ
1711 885 1923 968 διςςοί)
1955 884 2259 958 ψιλοῦται
2289 880 2435 946 οἷον
2467 881 2743 962 ἄλλος,
2784 879 3229 962 ἀλλότριος,

602 993 635 1042 5
665 979 878 1044 ἀλύω
924 982 1276 1046 «δινεύεςκ’
1305 982 1579 1045 ἀλύων»
1615 980 1698 1064 (Ω
1739 980 1872 1064 12),
1920 981 2276 1046 «ἄλεται»
2310 983 2386 1062 (Λ
2425 981 2604 1064 192),
2649 981 3048 1061 ἀλήμεναι.
3092 981 3229 1059 ἠλό-

660 1102 817 1160 γητο
861 1083 936 1146 τὸ
968 1081 1304 1161 ἅλλομαι
1350 1083 1785 1163 δαςυνόμενον
1815 1084 1921 1148 καὶ
1948 1085 2111 1163 τάχα
2141 1086 2255 1164 μὲν
2297 1085 2372 1148 τὸ
2417 1082 2607 1148 ἆλτο
2652 1083 2931 1164 ἀπέλαβε
2972 1084 3048 1148 τὸ
3086 1103 3229 1161 προ-

662 1183 1093 1278 οφειλόμενον
1124 1187 1400 1263 πνεῦμα·
1433 1185 1596 1263 τάχα
1627 1186 1694 1249 δ’
1739 1184 2036 1270 ὅπερζκαὶ
2065 1189 2344 1268 μᾶλλον,
2389 1185 2528 1250 ἐπεὶ
2553 1187 2631 1250 τὸ
2675 1189 2717 1249 ἇ
2762 1188 3122 1262 καταλῆγον
3151 1185 3230 1249 εἰς

615 1321 628 1324 -
663 1290 698 1347 λ
749 1285 1224 1365 ἐπιφερομένου
1268 1288 1582 1364 ςτοιχείου
1626 1287 1775 1352 ἑνὸς
1820 1281 1965 1352 nin?
1995 1291 2106 1366 τῆς
2149 1288 2357 1366 τρίτης
2389 1287 2677 1363 ςυζυγίας
2707 1290 3009 1366 ψιλοῦται
3052 1288 3231 1350 ιἈλ-

661 1407 808 1450 τεω
864 1382 938 1452 ὃς
989 1388 1355 1464 Λελέγεςςι»
1414 1386 1522 1469 (11.
1567 1388 1625 1452 Φ
1670 1386 1811 1470 86),
1871 1390 2098 1468 «ληίου
2152 1388 2731 1466 ἀλδήςκοντος»
2789 1384 2898 1470 (ΙΙ.
2955 1388 3015 1450 Ψ
3069 1386 3232 1468 599),

565 1499 629 1550 10
665 1487 984 1554 «ἄλθετο
1030 1489 1205 1567 χείρ»
1253 1487 1362 1571 (11.
1394 1479 1649 1571 Ε’417)·
1695 1489 1884 1556 ἔνθεν
1928 1494 2096 1555 τινες
2139 1493 2243 1556 καὶ
2283 1491 2358 1554 τὸ
2408 1492 2522 1555 «ὃς
2564 1493 2800 1556 τοῦτον
2844 1490 2959 1554 τὸν
3005 1488 3234 1554 ἄναλ-

659 1609 838 1653 τον»
884 1588 1039 1672 (od.
1087 1612 1118 1655 ς
1165 1589 1313 1672 114)
1356 1596 1563 1669 ψιλῶς
1606 1594 2067 1672 προφέρονται.
2142 1592 2473 1656 δαςύνεται
2517 1593 2593 1656 τὸ
2638 1591 2773 1656 ἅλς
2817 1591 2919 1655 καὶ
2960 1591 3042 1655 τὰ
3088 1590 3237 1668 παρ’

663 1690 854 1773 αὐτό,
908 1691 1132 1755 ἅλιος
1185 1694 1361 1771 παρὰ
1415 1697 1529 1772 τὴν
1592 1695 1748 1759 ἁλός
1791 1696 2049 1773 γενικὴν
2093 1699 2435 1772 ποιητικῶς
2478 1695 2870 1772 μετενεχθὲν.
2957 1711 3236 1771 ςημαντι-

662 1793 779 1856 κὸν
825 1792 897 1855 δέ
943 1792 1067 1856 ἑςτι
1110 1795 1226 1856 τοῦ
1272 1783 1571 1878 ματαίου,
1636 1797 1777 1860 ἐπεὶ
1819 1796 1940 1861 οὐκ
1995 1795 2341 1875 εὔχρηςτον
2398 1796 2487 1861 εἰς
2540 1795 2725 1861 πόςιν
2787 1798 2862 1859 τὸ
2908 1796 3237 1870 θαλάςςιον

665 1891 840 1971 ὕδωρ
853 1942 872 1975 ,
937 1894 1014 1957 τὸ
1068 1897 1231 1970 γοῦν
1287 1896 1580 1961 ἐναντίον
1636 1898 1911 1975 πότιμον
1965 1899 2067 1961 καὶ
2122 1898 2410 1975 ποταμός
2466 1898 2734 1973 λέγεται.
2788 1893 3238 1962 ’Ἁλίζωνες

565 2007 627 2058 15
663 1993 1036 2077 Ἁλαί,’ῶς
1080 1998 1182 2060 καὶ
1226 1997 1296 2061 ἐν
1342 1998 1608 2077 δράματι
1640 2000 2026 2076 Μενάνδρου
2073 1999 2204 2063 ἀπὸ
2249 2003 2368 2062 τοῦ
2408 1998 2812 2079 Ἀραφηνίςιν
2856 1998 3073 2062 Ἁλαῖς
3116 2002 3240 2061 δια-

664 2099 897 2161 κεῑςθαι
941 2096 1022 2161 τὰ
1065 2097 1436 2180 πράγματα,
1492 2099 1530 2163 ὅ
1592 2101 1715 2164 ἐςτι
1759 2100 1960 2164 τόπος
2006 2101 2293 2178 Ἀττικῆς.
2383 2101 2458 2164 τὸ
2505 2100 2814 2177 Ἀλήϊον
2859 2099 2942 2180 (Ζ
2985 2098 3142 2178 2Ο1)
3184 2098 3243 2161 οἱ

663 2198 779 2276 μὲν
824 2198 1147 2277 ἐψίλωςαν
1192 2199 1323 2264 ἀπὸ
1378 2204 1490 2277 τῆς
1545 2200 1701 2279 ἄλης
1743 2205 1860 2265 τοῦ
1907 2201 2472 2283 Βελλεροφόντου,
2529 2201 2593 2265 οἱ
2636 2202 2707 2266 δὲ
2753 2200 3067 2265 ἑδάςυναν
3119 2199 3243 2264 ἀπὸ

663 2301 778 2362 τοῦ
825 2298 983 2363 ἅλας
1029 2299 1579 2378 ἑκεῒπήγνυςθαι·
1639 2302 1889 2383 βέλτιον
1947 2305 2019 2367 δὲ
2063 2304 2139 2367 τὸ
2183 2303 2522 2381 πρότερον.
2609 2303 2686 2367 τὸ
2732 2302 2975 2384 ἀλωή,
3032 2302 3092 2366 εἰ
3134 2303 3242 2380 μὲν

663 2401 939 2479 ςημαίνει
983 2402 1099 2485 τὴν
1144 2401 1396 2484 ἅλωνα,
1442 2403 1806 2486 δαςύνεται,
1852 2403 1907 2467 εἰ
1950 2406 2021 2468 δὲ
2064 2408 2180 2483 τὴν
2226 2404 2689 2485 ἀμπελόφυτον
2725 2408 2877 2481 γῆν,
2922 2406 3241 2481 ψιλοῦται.

561 2512 630 2563 20
832 2500 1104 2579 Ὁμοίως
1147 2504 1250 2567 καὶ
1292 2505 1368 2568 τὸ
1423 2507 1444 2568 i
1496 2505 1624 2583 πρὸ
1668 2507 1785 2569 τοῦ
1834 2492 1871 2568 λ
1922 2506 2070 2571 ἑνὸς
2111 2508 2150 2586 ἢ
2197 2511 2407 2572 διςςοῦ
2453 2510 2788 2588 ψιλοῡται,
2843 2505 3102 2569 ἴλλειν
3147 2504 3245 2568 καὶ

663 2603 738 2667 τὸ
782 2605 872 2684 ὦ,
917 2602 1168 2668 ὦλλος
1214 2606 1316 2670 καὶ
1358 2606 1433 2669 τὸ
1476 2609 1526 2669 ἓ.
1616 2605 2017 2685 ςεςημείωται
2059 2609 2135 2672 τὸ
2180 2609 2490 2688 Ἕλλην,
2537 2607 2818 2671 Ἑλλάς.

829 2731 867 2766 sx-
916 2704 1006 2768 Τὸ
1039 2706 1079 2767 ἆ
1109 2708 1237 2784 πρὸ
1269 2710 1385 2770 τοῦ
1415 2710 1456 2787 μ
1486 2708 1524 2786 ἢ
1556 2707 1703 2772 ἑνὸς
1733 2708 1771 2786 ἢ
1803 2711 2016 2771 διςςοῦ
2048 2712 2381 2792 ψιλοῦται,
2426 2708 2715 2791 ἀμνός,
2746 2699 3047 2788 ἄμαχος
3080 2709 3243 2788 πλὴν
3287 2747 3302 2758 ‚

663 2808 782 2870 τοῦ
828 2805 975 2884 ἅμα
1018 2808 1292 2877 καὶτῶν
1339 2809 1402 2875 ἐξ
1447 2809 1679 2892 αὐτοῦ,
1724 2810 2061 2895 ἁμαρτῇ,
2107 2811 2556 2890 άματροχιά.
2626 2813 2701 2875 τὸ
2749 2813 2820 2876 δὲ
2866 2809 3116 2889 ἅμαξα
3159 2810 3243 2874 εἰς

664 2906 943 2986 ἰδιότητα
987 2908 1310 2988 ἐψίλωςαν
1357 2910 1419 2973 οἱ
1462 2912 1591 2989 πρὸ
1636 2912 1848 2993 ἡμῶν,
1895 2912 2031 2976 ἐπεὶ
2073 2912 2112 2989 ἡ
2159 2915 2514 2993 ςυναλοιφὴ
2562 2914 2769 2978 οὕτως
2797 2914 3026 2991 εὑρέθη
3076 2915 3243 2975 «rik-

560 3016 627 3067 25
664 3009 889 3087 λέςθην
935 3009 1047 3073 ἐπ’
1091 3010 1373 3089 ἄμαξαν»
1421 3011 1503 3094 (Ω
1548 3012 1700 3092 711)
1743 3014 1848 3076 καὶ
1893 3012 1996 3076 «οἱ
2039 3014 2106 3078 δ’
2151 3012 2267 3078 ὑπ’
2311 3014 2651 3098 ἀμάξῃςιν»
2709 3013 2790 3095 (Ω
2836 3012 2988 3094 782)
3034 3014 3240 3090 ὥςπερ

664 3111 765 3173 καὶ
806 3113 881 3175 τὸ
928 3110 1140 3176 ἅλυςις
1185 3112 1254 3176 ἐκ
1298 3115 1414 3176 τοῦ
1469 3113 1765 3178 ἐναντίου
1820 3114 2129 3194 ἐδαςύνθη
2176 3117 2264 3181 εἰς
2320 3115 2614 3194 ἰδιότητα.
2705 3116 2970 3179 Ἀττικοὶ
3025 3116 3241 3193 μέντοι

663 3269 806 3274 --.---,-
843 3270 1056 3277 ...ψ-,ὴ

662 3351 1004 3415 Ἡρωδιανὸς
1052 3350 1115 3403 ἐν
1159 3354 1230 3415 τῇ
1270 3349 1538 3416 Ὁμηρικῇ
1587 3350 1871 3419 προςῳδίᾳ
1916 3356 2209 3416 ψιλοῦςθαι
2254 3352 2417 3405 θέλει.
2496 3356 2560 3405 lu
2605 3355 2671 3405 n.
2710 3355 2797 3404 Pr.
2835 3353 2879 3405 Λ
2915 3355 2982 3405 88
3028 3351 3243 3417 Ἀδρίας

661 3421 810 3469 inter
844 3421 1092 3485 aspirata
1130 3420 1401 3469 vocabula
1439 3419 1670 3471 relatum
1706 3425 1810 3473 est.
1858 3449 1923 3457 —
1966 3423 2052 3471 De
2097 3419 2195 3472 ἅδε
2241 3422 2314 3474 ef.
2353 3428 2645 3486 praeterea
2690 3422 2753 3472 11.
2792 3425 2881 3472 Pr.
2917 3419 3129 3479 3340,
3178 3421 3243 3469 de

662 3485 851 3539 ἁδινός
889 3489 1143 3538 Eustath.
1183 3489 1304 3550 178,
1340 3491 1432 3539 23:
1478 3486 1665 3551 ἀδιναὶ
1711 3486 1951 3550 μέλιςςαι
1997 3486 2053 3540 αἱ
2090 3490 2296 3542 πυκναὶ
2333 3488 2484 3554 παρὰ
2517 3490 2587 3539 τὸ
2623 3489 2764 3553 ἅδην
2800 3516 2866 3524 —-
2900 3486 2986 3538 διὸ
3026 3488 3119 3538 καὶ
3155 3487 3244 3538 δα-

663 3554 916 3607 ςύνεςθαι
950 3554 1096 3607 αὐτό
1130 3569 1279 3607 τινες
1316 3555 1640 3619 βούλονται,
1687 3554 1830 3607 καθὰ
1876 3555 1939 3608 ἐν
1983 3561 2103 3609 τοῖς
2142 3557 2421 3610 Ἀπίωνος
2466 3559 2555 3609 καὶ
2593 3555 2914 3621 Ἡροδώρου
2951 3556 3242 3620 δηλοῦται,

663 3620 742 3674 ὡς
777 3626 880 3674 τοῦ
918 3621 1061 3687 ἅδην
1097 3622 1473 3686 δαςυνομένου
1511 3623 1663 3688 παρὰ
1696 3627 1816 3675 τοῖς
1856 3624 2143 3677 Ἀττικοῖς.
2292 3628 2324 3685 1.
2368 3632 2388 3675 1
2432 3626 2553 3675 Are.
2594 3629 2707 3687 198,
2750 3629 2774 3674 1
2815 3626 2981 3674 verba
3019 3622 3091 3672 τὸ
3128 3622 3244 3676 ἆζω

663 3717 727 3726 --
762 3691 1027 3753 ψιλοῡται
1073 3707 1140 3741 ex
1186 3692 1363 3742 lexico
1410 3692 1476 3741 de
1512 3693 1641 3758 spir.
1679 3692 1778 3741 208
1826 3694 2098 3757 supplevi.
2177 3694 2244 3743 de
2290 3692 2405 3746 ἅζω
2453 3694 2697 3757 aspirato
2743 3693 2814 3742 cs.
2862 3692 3067 3742 Herod.
3116 3693 3244 3755 περὶ

663 3759 866 3808 παθῶν
901 3760 958 3807 in
995 3760 1058 3808 E.
1095 3758 1167 3808 Μ.
1204 3763 1288 3822 22,
1325 3762 1407 3810 30.
1518 3759 1554 3813 1.
1593 3764 1624 3809 3
1659 3759 1780 3811 Arc.
1820 3764 1934 3822 198,
1974 3765 2019 3813 8.
2135 3762 2169 3810 l.
2205 3766 2237 3810 4
2274 3762 2396 3812 Are.
2435 3764 2548 3823 198,
2587 3765 2618 3810 9
2652 3762 2749 3810 ubi
2785 3775 2962 3810 canon
2997 3760 3247 3809 breviter

663 3843 746 3893 sic
781 3847 1078 3908 conceptus
1115 3848 1226 3893 est:
1271 3843 1340 3894 τὸ
1377 3845 1412 3894 ‘d
1448 3842 1560 3908 πρὸ
1602 3846 1705 3894 τοῠ
1752 3845 1785 3894 λ
1823 3844 1951 3896 ἑνὸς
1988 3846 2022 3908 ἢ
2068 3846 2247 3896 διςςοῦ
2294 3846 2557 3909 ψιλοῠται
2602 3841 2727 3895 οἷον
2771 3842 2980 3894 ἄλλως·
3031 3842 3243 3906 ὁμοίως

662 3910 752 3961 καὶ
786 3909 856 3961 τὸ
892 3910 939 3973 ἶ,
977 3909 1155 3961 ῐλλειν
1191 3911 1282 3961 καὶ
1316 3912 1385 3963 τὸ
1423 3915 1471 3961 ”ui
1511 3908 1692 3962 ὠλλος
1722 3910 1837 3977 [καὶ
1872 3912 1942 3962 τὸ
1978 3916 2011 3964 ἒ
2048 3914 2338 3964 inserenda
2364 3911 2516 3977 sunt]
2544 3911 2905 3975 ςεςημείωται
2939 3909 3008 3961 τὸ
3033 3908 3247 3974 Ἕλλην

662 3976 868 4030 Ἑλλάς.
939 3981 1076 4029 Eum
1120 3979 1178 4028 in
1224 3980 1360 4029 duas
1405 3983 1593 4045 partos
1631 3980 1935 4045 dispescui‚
1976 3997 2202 4043 quarum
2240 3981 2417 4031 altera
2455 3980 2487 4030 l.
2528 3983 2592 4029 20
2628 3981 2808 4043 posita
2847 3986 2945 4030 est.
2982 4003 3048 4013 —
3087 3978 3247 4028 ἀλύω

660 4047 843 4111 recepi
879 4063 945 4096 ex
982 4047 1045 4096 11.
1080 4044 1170 4096 Pr.
1207 4044 1250 4096 Ω
1289 4050 1379 4109 12,
1416 4048 1509 4097 nbi
1547 4047 1792 4098 additur:
1831 4048 2005 4111 δῆλον
2042 4049 2145 4099 κὰκ
2183 4050 2524 4112 ςυναλοιφῆς
2564 4048 2634 4096 cf.
2675 4046 2856 4097 schol.
2893 4044 2928 4097 Ε
2966 4048 3087 4107 352,
3127 4046 3249 4096 ἄλε-

579 4160 586 4167 ,
659 4128 751 4164 ται
787 4131 856 4164 ex
892 4113 954 4163 11.
979 4115 1066 4164 Pr.
1093 4114 1137 4166 Λ
1177 4117 1298 4173 192,
1336 4113 1607 4178 ἀλήμεναι
1645 4133 1711 4166 ex
1749 4113 1786 4166 C
1825 4118 1918 4179 76,
1956 4115 2207 4180 ἠλόγητο
2242 4117 2312 4167 τὸ
2349 4115 2585 4179 ἅλλομαι
2625 4142 2685 4150 -
2725 4116 2760 4165 1.
2790 4118 2847 4163 11
2888 4113 3072 4176 ψιλῶς
3111 4128 3247 4176 προ-

660 4180 932 4246 φέρονται
970 4198 1038 4232 ex
1072 4183 1141 4231 11.
1178 4182 1268 4233 Pr.
1307 4181 1349 4233 Α
1386 4186 1510 4245 532,
1560 4183 1706 4233 unde
1752 4185 1921 4233 etiam
1964 4185 2021 4233 in
2066 4185 2226 4234 initio
2275 4185 2502 4234 canonis
2540 4181 2833 4246 ἀλλότριος
2873 4182 3108 4245 sump313
3148 4181 3247 4231 ἅλς

663 4254 721 4299 et
764 4248 916 4300 ἅλιος
962 4266 1027 4300 ex
1064 4249 1115 4301 Δ
1151 4252 1242 4312 26,
1283 4248 1577 4302 Ἁλίζωνες
1626 4268 1690 4301 ex
1729 4249 1765 4301 Ε
1802 4255 1894 4311 39,
1942 4253 2038 4301 ubi
2080 4250 2386 4302 δαςυντέον
2430 4251 2499 4301 τὸ
2539 4248 2872 4302 Ἁλιζώνων.
2943 4247 3103 4299 οὕτω
3142 4246 3247 4311 γὰρ

663 4314 1014 4380 ἱςτοροῦνται
1062 4315 1372 4379 λεγόμενοι.
1444 4316 1598 4368 Ἀλαί
1645 4334 1710 4367 ex
1747 4318 1827 4368 St.
1863 4320 1926 4369 Β.
1967 4321 2060 4383 68,
2097 4323 2127 4368 2
2176 4320 2538 4369 de‘dramate
2586 4316 2878 4368 Menandri
2915 4315 3133 4367 Ἁλαεῑς
3173 4318 3242 4366 cf.

661 4386 826 4435 Mein.
864 4386 1012 4437 Com.
1049 4386 1104 4434 11
1141 4384 1242 4436 870
1278 4386 1362 4437 ed.
1399 4386 1554 4445 mim,
1596 4387 1712 4435 eius
1749 4387 1995 4435 meminit
2040 4389 2208 4445 etiam
2253 4387 2466 4437 lexicon
2514 4386 2642 4450 περὶ
2680 4382 3049 4447 πνευμάτων,
3101 4382 3245 4447 quod

661 4452 718 4502 in
766 4452 1036 4516 catalogo
1083 4453 1403 4502 Herodiano
1461 4454 1749 4511 tribuitur,
1805 4455 1863 4502 in
1910 4454 2116 4505 Anecd.
2169 4456 2343 4504 Paris.
2391 4454 2415 4503 1
2461 4456 2587 4514 397,
2636 4455 2702 4503 25
2756 4460 3247 4502 commemoratum.

664 4518 889 4584 Ἀλήϊον
928 4520 1111 4571 adieci
1148 4536 1214 4569 ex
1251 4520 1315 4571 11.
1354 4522 1443 4570 Ρι·.
1479 4519 1525 4571 Ζ
1562 4525 1685 4579 201,
1724 4519 1884 4585 ἀλωή
1923 4536 1989 4570 ex
2026 4522 2282 4575 Eustath.
2328 4524 2469 4579 1218,
2510 4524 2592 4581 38,
2628 4521 2752 4570 uhi:
2787 4518 2848 4571 ἑν
2883 4520 3000 4568 τοῖς
3039 4516 3244 4568 Ἀπίω-

659 4602 758 4638 νος
796 4588 885 4637 καὶ
912 4586 1233 4652 Ἡροδώρου
1259 4592 1434 4639 κεῖται
1470 4586 1532 4639 ἑν
1554 4590 1639 4651 τῷ
1677 4587 1990 4653 ((νεοαρδέα
2016 4587 2254 4653 ἀλωήν»
2291 4588 2434 4640 κατὰ
2458 4590 2566 4651 τὴν
2592 4587 2641 4639 Φ
2668 4583 2962 4651 ῥαψῳδίαν
3000 4583 3074 4647 (v.
3101 4586 3246 4644 346),

661 4653 748 4704 ὅτι
784 4653 944 4718 ἀλωή
983 4652 1029 4706 εἰ
1068 4654 1170 4717 μὲν
1205 4655 1525 4718 δαςύνεται,
1564 4653 1812 4719 ςημαίνει
1850 4656 1958 4719 τὴν
1995 4657 2215 4719 ἅλωνα,
2256 4654 2303 4707 εἰ
2340 4656 2399 4707 δὲ
2436 4658 2728 4720 ψιλοῠται,
2766 4655 2873 4718 τὴν
2911 4651 3244 4714 ἀμπελόφυ-

662 4735 766 4771 τον
800 4724 923 4786 γῆν.
1063 4724 1097 4772 l.
1134 4726 1199 4772 22
1246 4740 1511 4773 canonem
1548 4724 1864 4787 generalem
1901 4727 2081 4790 recepi
2119 4742 2185 4774 ex
2224 4726 2322 4789 Ep.
2362 4726 2419 4773 ἰιι
2454 4725 2656 4776 Psalm.
2695 4727 2777 4783 ⁶23,
2815 4726 2846 4772 3
2888 4721 3010 4773 coll.
3048 4721 3121 4770 11.
3158 4721 3246 4769 Pr.

663 4787 709 4838 Θ
745 4791 861 4837 276.
911 4788 1131 4853 ἁμαρτῇ
1171 4791 1357 4840 addidi
1398 4808 1462 4840 ex
1499 4792 1563 4841 11.
1601 4792 1691 4843 Pr.
1728 4791 1777 4843 Φ
1819 4794 1938 4845 162,
1978 4790 2286 4855 ἁματροχιά
2321 4810 2385 4842 ex
2422 4793 2486 4844 ΙΙ.
2513 4792 2600 4840 Pr.
2640 4790 2687 4841 Ψ
2723 4792 2847 4839 422ε
2887 4786 3097 4838 δαςέιυς
3134 4786 3245 4849 τὴν

663 4855 953 4918 ἀρχουςαν.
1023 4857 1092 4907 τὸ
1129 4856 1188 4906 δὲ
1226 4856 1405 4919 ἅμαξα
1443 4874 1508 4908 ex
1547 4858 1609 4908 11.
1647 4861 1732 4911 Pr.
1775 4857 1813 4910 C
1851 4862 1965 4911 487.
