3664 5546
1134 386 1310 447 ,Περι
1353 387 1749 443 κΑοοΛικΗς
1784 384 2210 444 ΠΡοςΩιΔιΑς
2249 390 2315 443 Δ.
2517 448 2526 455 ,
2944 386 3024 454 97

424 557 802 643 ’ᾼταρνίς,
853 558 1258 622 Καλυδνίς.
1346 559 1422 623 τὸ
1468 561 1539 624 δὲ
1589 559 1975 640 Κάβαρνις
2032 563 2385 643 βαρύνεται.
2462 560 2635 626 οὕτω
2680 563 2751 627 δὲ
2794 562 3026 641 Πάρον

427 661 720 741 Νικάνωρ
776 661 1105 739 κεκλῆςθαί
1149 682 1339 741 φηςιν
1397 660 1528 728 ἀπὸ
1578 663 1910 744 Καβάρνου
1966 669 2083 729 τοῦ
2128 664 2523 744 μηνύςαντος
2566 666 2683 744 τὴν
2728 664 3025 743 ἁρπαγὴν

423 769 499 847 τῇ
543 763 833 843 Δήμητρι
875 765 988 857 τῆς
1033 763 1363 840 θυγατρός.
1452 766 1555 829 καὶ
1597 767 1673 832 τό
1720 766 2059 843 Θέογνις
2105 767 2457 847 βαρύνεται.

593 866 688 931 Τὰ
739 866 828 931 εἰς
883 872 974 933 ξις
1020 868 1122 931 καὶ
1168 867 1288 944 ψ”“ΐ“ς
1341 865 1472 932 ἀπὸ
1529 856 1900 948 μελλόντων
1954 869 2442 949 ἑςχηματιςμένα
2488 871 2852 955 βαρύνεται,
2908 870 3030 938 ἕξω

424 969 614 1053 ἕξις,
660 969 822 1036 λέξω
871 970 1110 1051 λέξις,
1169 968 1355 1048 ψύξω
1416 974 1677 1054 ψῦξις,
1737 973 1961 1051 ςκήψω
2009 975 2317 1052 ςκῆψις·
2405 972 2529 1038 ἔςτι
2577 974 2648 1038 δὲ
2693 974 2796 1038 καὶ
2839 973 3103 1038 πόλις5

424 1072 704 1150 Τρωϊκή·
772 1071 1098 1151 Ξενοφῶν
1143 1070 1528 1151 Ἑλληνικῶν
1592 1074 1783 1158 τρίτῳ
1828 1076 1910 1158 (c.
1961 1076 2029 1157 1,
2077 1072 2215 1156 25)·
2281 1075 2510 1154 ἐκλήθη
2576 1077 2647 1140 δὲ
2713 1074 2844 1140 ἀπὸ
2911 1079 3028 1140 τοῦ

427 1173 776 1253 ςκήψαςθαι
822 1175 938 1252 τήν
983 1173 1167 1239 Ῥέαν
1217 1173 1359 1239 ἀντὶ
1401 1179 1519 1241 τοῦ
1563 1178 1794 1242 παιδὸς
1854 1178 2034 1243 λίθον
2078 1180 2301 1244 τεκεῖν.
2392 1178 2792 1258 ςεςημείωται
2838 1177 3024 1257 ἁψίς

412 1275 837 1371 ῥξυνόμενον.
945 1277 1025 1341 τὰ
1091 1277 1307 1356 μέντοι
1376 1280 1734 1360 παρώνυμα
1798 1279 2121 1366 ὀξύνεται,
2187 1281 2392 1361 ἅμαξα
2458 1281 2761 1365 ἁμαξίς,
2829 1281 3030 1348 πύξος

428 1380 673 1448 πυξίς·
719 1378 845 1445 ἔςτι
891 1380 993 1444 καὶ
1035 1379 1222 1445 πόλις
1268 1381 1339 1446 ἐν
1385 1381 1687 1467 μεςογαίᾳ
1731 1386 1864 1449 τῶν
1910 1383 2274 1463 Οἰνωτρῶν.
2363 1382 2689 1449 Ἑκαταῖος
2734 1381 3027 1467 Εὐρώπῃ.

428 1481 577 1548 ὄξος
622 1480 805 1550 ὀξίς.
3065 1499 3132 1551 10

596 1586 690 1650 Τὰ
746 1585 835 1652 εἰς
889 1590 1005 1652 ἰτ-ις’
1063 1589 1364 1669 διβράχεα
1418 1589 1549 1655 ἀπὸ
1607 1592 1959 1672 ςυμφώνου
2004 1590 2042 1668 ἢ
2100 1576 2465 1671 ςυμφώνων
2512 1588 2838 1668 ἀρχόμενα
2882 1587 3026 1653 ὀξύ-

429 1708 633 1771 νεται,
689 1691 1007 1774 πραπίς,
1078 1694 1340 1776 κοπίς,
1408 1693 1648 1759 λεπίς.
1739 1693 2141 1773 ςεςημείωται
2208 1694 2283 1758 τό
2338 1693 2635 1771 τρόπις.
2736 1690 2865 1756 ἔςτι
2928 1691 3030 1759 καὶ

430 1790 723 1870 Τρόπις
791 1795 983 1870 νῆςος
1015 1844 1027 1857 .
1061 1845 1121 1858 ..
1190 1796 1648 1876 Ἀρτεμίδωρος
1715 1796 1784 1862 ἐν
1854 1796 2134 1880 δευτέρω
2197 1794 2826 1874 γεωγραφουμένων.
2929 1793 3031 1856 καὶ

434 1892 680 1958 Νάπις
725 1895 899 1973 κώμη
947 1895 1221 1962 Εκυθίας.
1311 1899 1388 1963 τὸ
1437 1901 1507 1963 δὲ
1553 1899 1733 1964 ὄπις
1777 1899 1911 1965 ἀπὸ
1956 1898 2337 1978 φωνήεντος
2382 1897 2658 1976 ἄρχεται.

597 2022 635 2057 ιι
682 1995 810 2060 Ἔτι
853 1998 932 2062 τὰ
990 1999 1078 2064 εἰς
1123 2004 1227 2064 ἦΓς
1283 2002 1470 2081 φύςει
1526 2005 1731 2085 μακρᾷ
1785 2000 2286 2080 παραληγόμενα
2341 1998 2663 2081 ὀξύνεται,
2722 1996 2866 2062 οἷον
2914 1996 3025 2076 ῥι-
3073 2011 3130 2062 15

431 2096 590 2179 πίς,
637 2095 799 2176 ὅπερ
843 2099 882 2178 ἡ
928 2101 1042 2179 μὲν
1089 2105 1269 2183 κοινὴ
1316 2104 1611 2182 ςυνήθεια
1657 2104 1949 2186 ἐκτείνει,
2006 2105 2043 2183 ἡ
2101 2104 2173 2167 δὲ
2230 2107 2360 2167 τῶν
2406 2101 2755 2180 Ἀθηναίων
2819 2099 3026 2164 διάλε-

432 2219 580 2263 κτος
626 2201 973 2285 ςυςτέλλει,
1020 2204 1222 2270 Ἀπίς
1265 2207 1305 2284 ἡ
1352 2206 1533 2271 Ἀπία
1580 2207 1670 2272 ὡς
1715 2207 2166 2286 Ἐρατοςθένης
2212 2205 2283 2269 έν
2314 2203 2517 2288 Ἑρμῇ.
2577 2204 2653 2267 τὸ
2701 2204 2772 2267 δὲ
2811 2201 3030 2266 Ἆπις

431 2300 570 2366 υἱὸς
613 2301 977 2380 Φορωνέως
1024 2308 1389 2391 βαρύνεται,
1433 2307 1686 2374 Ῥιανὸς
1732 2309 1801 2373 ἐν
1849 2309 2156 2387 Ἀχαϊκῶν
2202 2306 2482 2390 δευτέρῳ

837 2406 1103 2488 ὑμετέρη
1147 2430 1279 2493 τοι,
1325 2411 1545 2493 τέκνα,
1591 2409 1939 2489 Φορωνέος
1985 2409 2295 2488 Ἰναχίδαο

836 2507 1113 2587 ἀρχῆθεν
1157 2512 1375 2590 γενεή·
1418 2516 1536 2577 τοῦ
1580 2514 1651 2577 δὲ
1695 2513 1925 2577 κλυτὸς
1971 2511 2257 2588 ἐκγένετ’
2299 2509 2484 2576 Ἆπις
2498 2560 2515 2594 ,
3063 2524 3134 2574 20

837 2608 912 2674 ὅς
957 2611 1025 2691 ῥ’
1069 2613 1288 2692 Ἀπίην
1335 2613 1590 2693 ἐφάτιξε
1637 2615 1739 2679 καὶ
1782 2614 2016 2693 ἀνέρας
2061 2614 2460 2692 Ἀπιδανῆας.

602 2711 696 2777 Τὰ
740 2711 829 2778 εἰς
872 2716 977 2777 τίῖς
1023 2715 1369 2796 διςύλλαβα
1414 2717 1576 2783 θέςει
1623 2722 1828 2802 μακρᾷ
1872 2716 2397 2797 παραληγόμενα,
2445 2713 2499 2779 εἰ
2544 2715 2658 2793 μὲν
2703 2711 2835 2779 ἀπὸ
2883 2734 3025 2792 ςυμ-

435 2814 666 2893 φώνου
710 2814 1008 2899 ἄρχοιτο,
1066 2817 1403 2899 βαρύνεται
1450 2822 1529 2900 μὴ
1576 2819 1735 2885 ὄντα
1779 2820 2025 2901 ἐθνικά,
2073 2819 2126 2883 εἰ
2171 2820 2242 2883 δὲ
2274 2817 2405 2882 ἀπό
2438 2817 2837 2898 φωνήεντος,
2883 2815 3027 2883 ὀξύ-

435 2936 609 2980 νεται
654 2919 735 2998 μὴ
792 2917 951 2983 ὄντα
1008 2919 1469 2997 ὑποκοριςτικὰ.
1560 2922 1896 3002 βαρύνεται
1954 2923 2024 2986 δὲ
2080 2925 2279 2985 ταῦτα
2322 2920 2684 2998 τράμπις·
2772 2918 2898 2982 ἔςτι
2958 2919 3029 2981 δὲ

438 3021 780 3098 βαρβαρικὴ
823 3023 1003 3085 ναῦς.
1071 3022 1382 3106 ςάλπις,
1428 3023 1660 3088 ὄλπις
1706 3023 2222 3103 ὑποκοριςτικόν,
2269 3021 2584 3103 κάλπις,
2630 3021 2899 3085 θέςπις
2943 3056 3029 3066 -
3063 3029 3130 3078 ‘25

434 3120 510 3183 τὸ
556 3121 630 3185 δὲ
675 3121 959 3188 Θεςπίς
1005 3123 1257 3203 έθνικόν
1300 3161 1386 3171 -
1428 3126 1732 3204 πόρπις.
1823 3126 2114 3193 ὀξύνεται
2173 3125 2243 3188 δὲ
2287 3127 2485 3188 ταῦτα
2529 3124 2611 3202 μὴ
2659 3123 2764 3186 διὰ
2807 3123 3029 3203 φωνή-

437 3241 622 3286 εντος
677 3223 1050 3308 κλινόμενα,
1107 3226 1362 3310 ἐλπίς,
1418 3227 1673 3310 ἀςπίς,
1741 3227 1867 3292 ἔςτι
1926 3228 2027 3291 καὶ
2082 3225 2269 3290 πόλις
2322 3225 2583 3307 Λιβύης,
2651 3221 2743 3289 ὧς
2796 3224 3029 3288 Φίλων.

437 3322 562 3387 ἕςτι
618 3326 720 3389 καὶ
775 3328 967 3403 νῆςος
1020 3329 1185 3406 πρὸς
1239 3332 1376 3393 ταῖς
1425 3328 1746 3394 Κυκλὰςιν.
1836 3329 1962 3393 ἔςτι
2018 3329 2119 3392 καὶ
2165 3327 2597 3408 Μακεδονίας,
2652 3327 2869 3407 κτίςμα
2922 3325 3030 3389 Φι-

440 3425 679 3490 λίππου
733 3431 850 3492 τοῦ
906 3429 1150 3507 πατρὸς
1192 3430 1492 3510 Περςέως
1547 3432 1660 3496 τὰς
1716 3432 1938 3496 πόλεις
1994 3429 2435 3508 ὀνομάςαντος
2488 3428 2619 3493 ἀπὸ
2675 3432 2785 3505 τῆς
2830 3426 3031 3491 αὐτοῦ

437 3527 799 3593 πανοπλίας
865 3529 1121 3595 Ἀςπίδα
1186 3532 1720 3614 Περικεφαλαίαν.
1828 3533 1956 3596 ἔςτι
2021 3533 2124 3596 καὶ
2187 3534 2380 3609 νῆςος
2445 3531 2610 3610 πρὸς
2673 3536 2750 3614 τῇ
2817 3529 3029 3613 Λυκίᾳ.
3069 3538 3137 3590 30

435 3627 562 3693 ἔςτι
608 3631 709 3694 καὶ
753 3633 945 3708 νῆςος
990 3629 1151 3709 ἄλλη
1198 3636 1426 3711 μεταξὺ
1470 3635 1750 3715 Λεβέδου
1794 3636 1898 3699 καὶ
1941 3634 2112 3716 Τέω,
2159 3632 2427 3698 ςταδίων
2474 3633 2565 3697 ῶς
2610 3634 2819 3713 δυοῖν,
2863 3631 3028 3710 πρὸς

435 3731 551 3809 μέν
593 3752 789 3797 τινων
836 3733 1232 3817 Ἀρκόνηςος,
1278 3738 1441 3814 πρὸς
1488 3737 1559 3801 δέ
1604 3757 1799 3801 τινων
1832 3737 2041 3802 Ἀςπίς
2088 3735 2550 3814 ὀνομαζομένη.
2597 3732 2724 3799 ἔςτι
2769 3734 2872 3798 καὶ
2917 3735 3026 3810 νή-

436 3853 545 3898 ςος
599 3832 761 3912 ἄλλη
807 3834 1046 3913 Ψύρων
1104 3836 1309 3913 ἐγγύς.
1399 3837 1525 3902 ἔςτι
1584 3839 1685 3901 καὶ
1741 3837 1936 3921 ἄλλη,
1998 3837 2087 3902 ὡς
2138 3819 2354 3902 Κλέων
2400 3835 2439 3900 ὁ
2486 3834 2909 3915 (υρακούςιος
2955 3834 3025 3898 ἐν

435 3940 527 4018 τῷ
572 3936 719 4013 περὶ
765 3938 1073 4020 λιμένων,
1119 3937 1430 4018 ἄδενδρος
1476 3939 1650 4003 οὖςα.
1726 3939 1851 4004 ἔςτι
1896 3939 1998 4004 καὶ
2041 3939 2245 4017 πέραν
2290 3939 2519 4021 Πίςης,
2568 3938 2659 4003 ὡς
2703 3936 3028 4001 Πανύαςις

529 4218 607 4276 ’1.
643 4230 675 4278 3
728 4224 961 4291 Θέογνις
1015 4228 1206 4278 addidi
1259 4244 1327 4278 ex
1365 4229 1687 4292 Choer.56,
1729 4233 1791 4280 14
1848 4235 1905 4279 et
1955 4232 2090 4290 404,
2127 4233 2211 4281 32.
2418 4229 2454 4282 l.
2493 4230 2526 4278 4
2570 4228 2661 4279 καὶ
2700 4230 2794 4291 ψὶς
2841 4226 3032 4277 addidi

437 4293 845 4415 Pfssffieirffl‘cf'
970 4365 1007 4415 1
1048 4295 1876 4430 ἰεὸτὲἓᾏὶίωεὲκὲῒκιίζᾱῗὲἒέ.
1900 4267 2127 4416 Ριῦἓξῖἑῗ
2162 4295 2391 4415 (κ’ῗῖμὶἓ
2412 4297 2596 4415 {2133
2606 4296 3032 4447 ὲ.ἓῖἐὲἓωθὲΐέἐ

438 4430 568 4480 finxi
604 4438 828 4497 propter
863 4430 1012 4496 ῥιπίς
1048 4434 1236 4488 Dichr
1275 4437 1401 4497 299,
1442 4436 1506 4483 12
1543 4440 1603 4484 et
1639 4432 1795 4486 Ἀπίς
1835 4433 1915 4484 St.
1953 4434 2016 4483 Β.
2154 4433 2187 4483 1.
2226 4436 2290 4483 23
2337 4431 2527 4483 ἑθνικά
2564 4434 2723 4498 posui
2760 4448 2856 4498 pro
2892 4429 3033 4482 ὑπο·

437 4498 717 4562 κοριςτικά
754 4508 980 4566 propter
1013 4498 1218 4553 Θεςπίς
1265 4507 1322 4552 et
1367 4502 1402 4555 l.
1442 4504 1506 4551 24
1544 4507 1672 4567 post
1708 4500 1967 4553 ὀξύνεται
2004 4501 2194 4551 addidi
2241 4501 2314 4565 μὴ
2354 4500 2496 4551 ὄντα
2532 4497 2931 4565 ὑποκοριςτικά
2966 4525 3032 4534 —-

436 4565 675 4630 τράμπις
715 4568 953 4633 explevi
969 4586 1037 4620 ex
1072 4570 1253 4636 Epim.
1288 4570 1446 4620 Hom.
1477 4571 1590 4633 198,
1620 4573 1700 4620 22.
1748 4571 1853 4619 Pro
1890 4567 2086 4620 ςάλπις
2124 4568 2287 4620 πόλις
2328 4570 2707 4634 Goettlingius
2745 4569 3035 4634 proposuit

439 4633 645 4687 (άλπις
684 4635 873 4700 πόλις,
922 4637 1188 4691 Schmidt.
1236 4636 1467 4689 θλάςπις
1514 4653 1611 4703 pro
1660 4635 1854 4690 ςάλπις
1904 4645 1960 4688 et
2007 4637 2078 4687 ad
2121 4637 2359 4701 Hesyeh.
2399 4635 2678 4688 ςέλπιδες·
2725 4632 2929 4699 ςχεδίαι
2967 4662 3033 4671 -

438 4701 652 4765 (έλπις;
692 4705 946 4770 equidem
983 4708 1175 4772 opinor
1209 4704 1404 4758 εάλπις
1441 4705 1675 4756 alteram
1702 4706 1930 4757 formam
1955 4706 2123 4771 piscis
2159 4703 2305 4756 ςάλπ
2382 4722 2531 4767 esse,
2571 4706 2665 4770 qui
2702 4706 2871 4755 etiam
2908 4702 3031 4754 (άλ-

440 4785 550 4836 πης
589 4773 810 4826 dieitur.
881 4776 987 4825 Pro
1034 4773 1198 4826 πόλις
1244 4776 1389 4840 scrip
1394 4777 1440 4826 si
1485 4773 1649 4825 όλπις
1694 4774 1908 4824 addens
1953 4773 2310 4838 ὑποκοριςτικ
2350 4789 2398 4823 ν.
2468 4771 2673 4825 Θεςπίς
2717 4772 2928 4823 inserui
2966 4789 3034 4823 ex

441 4839 754 4901 St.B.310,
795 4843 874 4891 18.
1012 4842 1139 4893 Lim
1177 4860 1273 4909 pro
1312 4843 1386 4908 μὴ
1425 4842 1822 4907 πληθυντικῶς
1860 4841 2165 4906 λεγόμενα,
2206 4844 2406 4908 quibus
2441 4844 2625 4894 verbis
2651 4841 3034 4907 Goettlingius

439 4908 775 4960 substituere
822 4909 997 4962 voluit
1042 4911 1117 4975 μὴ
1154 4909 1270 4963 ἀπὸ
1316 4909 1624 4975 ςυμφώνου
1661 4909 1974 4977 ἀρχόμενα,
2021 4911 2181 4977 posui
2227 4910 2302 4975 μὴ
2340 4908 2429 4962 διὰ
2473 4908 2814 4975 φωνήεντος
2851 4909 3033 4961 κλινό-

510 5025 886 5064 annonunvs.
924 5013 968 5065 1.
990 5016 997 5024 ‘
1307 5002 1315 5008 ²
2586 4994 2623 5058 7
