3664 5546
609 435 731 500 182
1542 433 1624 488 ΕΚ
1660 432 1801 487 ΤΩΝ
1845 429 2253 523 ΗΡΩΔΙΑΝΩΥ

603 628 793 675 νοιο»
848 609 924 691 (Β
969 605 1138 690 847).
1227 605 1358 673 ἀπὸ
1411 606 1534 685 γὰρ
1587 607 1841 683 γενικῆς
1893 607 2006 683 τῆς
2062 603 2411 683 Τροιζῆνος
2467 602 2726 681 ἐγένετο
2784 601 3001 668 εὐθεῖα
3058 601 3190 667 ἔθει

605 717 940 796 ποιητικῷ·
1008 709 1178 776 οὕτω
1230 710 1335 773 καὶ
1378 708 1416 774 6
1462 711 1501 774 Γ
1505 708 1657 788 ἑρην
1700 711 1818 773 τοῦ
1865 708 2137 787 Γέρηνος
2182 706 2220 771 6
2267 706 2627 786 Γέρηνος·
2672 705 2963 771 Ἡςίοδος
3014 705 3085 771 ἐν
3130 705 3191 770 α’

607 815 982 891 καταλόγων
1030 813 1280 878 «κτεῖνε
1326 813 1397 878 δὲ
1444 813 1690 889 Νελῆος
1732 809 2208 890 ταλαςίφρονος
2251 809 2426 875 υἱέας
2470 809 2734 876 ἐςθλοὺς
2778 808 3023 893 ἕνδεκα,
3068 812 3191 872 δω-

607 919 872 983 δέκατος
915 917 987 980 δὲ
1032 915 1327 995 Γερήνιος
1369 913 1611 978 ἱππότα
1657 912 1914 991 Νέςτωρ
1958 915 2167 980 ξεῖνος
2223 912 2352 978 ἐὼν
2408 911 2669 992 ἑτύχηςε
2712 911 2873 990 παρ’
2914 910 3191 977 ἱπποδά-

547 1037 580 1087 5
611 1041 774 1102 μοιςι
821 1018 1118 1097 Γερήνοις
1130 1040 1175 1082 ».
1233 1017 1336 1081 καὶ
1378 1015 1559 1081 αὖθις
1590 1016 1891 1093 «Νέςτωρ
1936 1012 2080 1080 οἰός
2111 1013 2339 1083 ἄλυξεν
2370 1015 2442 1080 ἐν
2471 1014 2847 1095 ἀνθεμοέντι
2879 1015 3132 1100 Γερήνῳ
3148 1039 3192 1079 ».

608 1122 968 1202 πρόςκειται
1013 1120 1085 1185 δὲ
1130 1118 1226 1185 «εἰ
1268 1120 1349 1199 μὴ
1394 1119 1570 1197 παρὰ
1614 1116 2059 1196 (υρακουςίοις
2111 1117 2470 1196 παράγοιτο
2527 1116 2674 1182 καθ’
2724 1116 3193 1198 ὁμοιωματικὴν

613 1224 958 1311 ςημαςίαν»
1005 1222 1110 1287 διὰ
1152 1223 1229 1287 τὸ
1275 1226 1691 1303 τοςςῆνος,
1735 1222 2081 1297 τοιῆνος.
2934 1228 2939 1233 ’

778 1326 874 1391 Τὰ
916 1323 1007 1390 εἰς
1050 1326 1189 1390 svb-E
1233 1324 1742 1403 ὑπερδιςύλλαβα
1783 1324 1860 1388 τὸ
1904 1324 1940 1386 ἶ
1995 1323 2195 1403 βραχὺ
2252 1322 2489 1403 ἔχοντα
2543 1321 2928 1403 ςημαίνοντα
2970 1342 3194 1402 μετου-

613 1429 747 1495 ςίαν
803 1427 1391 1509 προπαροξύνεται,
1458 1425 1841 1508 κρίθινος,
1908 1424 2333 1509 δάφνινος,
2399 1425 2771 1509 φήγινος,
2826 1425 3196 1509 πύρινος,

516 1554 579 1606 10
613 1531 966 1612 ξύλινος,
1034 1530 1363 1611 λίθινος,
1429 1528 1786 1611 δρύϊνος,
1850 1528 2259 1611 πέτρινος,
2324 1528 2634 1611 γήϊνος,
2689 1526 3196 1609 δερμάτινος,

615 1633 994 1715 βύςςινος.
1080 1631 1337 1697 τούτοις
1381 1630 1572 1710 ὅμοια
1616 1630 1719 1694 καὶ
1760 1632 1838 1696 τὸ
1882 1630 2202 1696 κότινος
2247 1630 2349 1695 καὶ
2393 1630 2725 1711 κόφινος
2768 1631 3200 1710 προςηγορικὰ

614 1737 717 1801 καὶ
780 1735 861 1799 τὰ
925 1733 1138 1815 κύρια,
1203 1733 1505 1798 (ίκινος
1569 1735 1763 1810 νῆςος
1835 1733 1982 1811 περὶ
2048 1733 2165 1812 τὴν
2235 1732 2496 1812 Κρήτην.
2607 1732 2905 1813 (τράβων
2970 1733 3199 1817 δεκάτη

616 1837 705 1924 (p.
735 1834 909 1918 484).
967 1835 1363 1913 Μύρςινος
1407 1834 1594 1900 πόλις
1635 1835 1902 1900 Ἤλιδος
1947 1836 2090 1899 «καὶ
2132 1834 2454 1913 Μύρςινος
2498 1834 2901 1914 ἑςχατόωςα»
2947 1835 3023 1918 (Β
3046 1833 3200 1917 616)

616 1941 719 2004 καὶ
760 1939 838 2003 τὰ
882 1938 1136 2018 κτητικὰ
1182 1937 1543 2018 Βίβλινος
1590 1936 1922 2017 «Βίβλινος
1953 1935 2176 2003 οἶνος»
2208 1935 2339 2002 ἀπὸ
2373 1938 2661 2017 Βιβλίνης
2689 1937 2904 2015 χώρας
2935 1936 3201 2019 Θρᾴκης.

518 2069 580 2121 15
619 2041 1086 2122 Βολβίτινος
1155 2040 1568 2120 «Βολβίτινον
1637 2037 1845 2119 ἅρμα»
1915 2037 2046 2104 ἀπὸ
2114 2038 2478 2119 Βολβιτίνης
2543 2038 2800 2104 πόλεως
2862 2037 3201 2115 Αἰγύπτου.

616 2144 696 2208 τὰ
739 2144 956 2224 μέντοι
1001 2142 1106 2206 ἐπὶ
1149 2146 1371 2221 καιροῦ
1401 2143 1454 2233 ἱἣ
1500 2139 1632 2206 ἀπὸ
1664 2139 2091 2220 ἐπτρρήματος
2122 2140 2412 2207 ὀξύνεται
2459 2139 2605 2206 οἷον
2650 2141 2994 2223 θερινός,
3039 2161 3201 2220 χει-

619 2245 962 2326 μερινός,
1032 2243 1383 2327 ἐαρινός,
1451 2244 1903 2327 ἑςπερινός,
1968 2243 2461 2326 νυκτερινός,
2528 2242 2889 2326 ἑωθινός,
2955 2247 3202 2310 δειλι-

619 2347 786 2430 νός,
842 2345 1420 2429 μετοπωρινός,
1474 2346 1856 2430 πρωῖνός,
1912 2344 2244 2429 ὀψινός,
2300 2345 2696 2428 χθεςινός,
2750 2346 3205 2430 περυςινός,

622 2448 964 2528 αὐρινός.
1075 2449 1249 2527 παρὰ
1313 2448 1530 2527 μέντοι
1594 2454 1828 2533 ποιητῇ
1895 2447 2040 2512 κατ’
2103 2447 2352 2513 ἔκταςιν
2426 2446 2942 2528 ἀναγινώςκομεν
3009 2451 3205 2514 τοῦτο

518 2579 586 2629 20
622 2553 1075 2630 ἐπιζητοῦντος
1118 2553 1236 2615 τοῦ
1304 2550 1539 2629 μέτρου
1586 2550 1719 2616 «ὡς
1775 2551 1843 2615 δ’
1898 2548 2003 2615 ὅτ’
2048 2549 2374 2629 ὀπωρινὸς
2431 2549 2697 2630 βορέης»
2753 2548 2841 2632 (Φ
2890 2547 3046 2631 346)
3103 2551 3209 2633 καὶ

620 2708 679 2757 ἰιι
714 2705 777 2756 11.
813 2707 901 2755 Pr.
941 2702 981 2756 Β
1018 2706 1116 2755 847
1155 2711 1213 2754 et
1249 2703 1494 2770 Theogn.
1531 2708 1588 2755 et
1623 2703 1701 2758 St.
1739 2704 1831 2766 Β.,
1875 2704 2021 2755 unde
2067 2704 2236 2755 etiam
2275 2701 2527 2768 Γέρηνος.
2564 2730 2631 2739 -·
2665 2706 2934 2770 τοςςῆνος
2977 2706 3207 2770 τοιῆνος

621 2775 829 2840 sumpsi
865 2790 932 2824 ex
967 2772 1238 2823 Ahrensio
1285 2772 1354 2824 de
1392 2772 1521 2823 dial.
1556 2776 1687 2824 Dor.
1721 2776 1823 2824 270
1859 2778 1973 2825 not.
2011 2772 2041 2823 7
2086 2778 2144 2825 et
2179 2775 2313 2824 Lob.
2350 2772 2516 2824 Pron.
2558 2775 2671 2826 191.
2716 2800 2783 2809 —
2826 2775 2911 2825 Do
2957 2771 3207 2839 ἀκμηνὸς

621 2843 969 2894 accuratiora
1016 2856 1318 2908 proponere
1355 2841 1634 2898 dubitavi.
1684 2842 1814 2906 quia
1862 2842 2183 2893 testimonia
2229 2842 2376 2891 inter
2422 2857 2481 2891 se
2528 2841 2871 2906 discrepant:
2915 2843 3018 2907 Ep.
3056 2843 3146 2893 Cr.
3181 2844 3208 2893 1

622 2915 705 2968 74,
740 2912 805 2961 Ε.
829 2911 903 2960 Μ.
938 2912 1021 2968 49,
1058 2913 1142 2973 30,
1180 2908 1362 2962 Schol.
1401 2909 1472 2959 ad
1497 2909 1545 2961 Ψ
1573 2912 1686 2972 191,
1722 2910 1978 2961 Eustath.
2010 2912 2158 2972 1944,
2183 2913 2249 2960 30
2283 2909 2353 2959 cf.
2389 2908 2565 2961 Lohrs
2598 2909 2766 2960 Arist.
2803 2926 2854 2975 p.
2882 2913 2983 2961 300
3019 2927 3066 2964 c.
3094 2917 3209 2962 not.

626 2979 734 3042 (ed.
768 2977 849 3044 11)
889 2983 946 3028 et
982 2978 1118 3030 Lob.
1157 2977 1325 3028 Proll.
1361 2979 1478 3031 191.
1548 2979 1615 3028 In
1651 2978 1713 3027 Ε.
1753 2978 1892 3031 Gud.
1931 2980 2015 3040 26,
2053 2980 2120 3028 36
2154 2976 2411 3043 legimus:
2460 2975 2709 3042 ἀκμηνὸς
2746 2978 2779 3029 ὁ
2815 2976 3081 3040 ἄγευςτος
3118 2978 3210 3029 καί

525 3087 530 3091 -
623 3046 808 3099 ἆςιτος
860 3045 951 3098 καὶ
996 3043 1333 3097 ἀκοπίαςτος
1378 3071 1441 3081 -
1486 3042 1736 3110 ἀκμηνός
1782 3044 1814 3097 ό
1862 3044 2090 3097 θάλλων
2139 3044 2230 3097 καὶ
2274 3044 2489 3109 αὔξων,
2538 3048 2640 3111 Ep.
2678 3045 2791 3096 Cn:
2846 3044 3123 3112 ἄκμηνοςι
3173 3047 3207 3098 6

624 3114 893 3178 ἄγευςτος
928 3111 1222 3179 «ἄκμηνος
1259 3110 1472 3166 ςίτοιο>>
1508 3112 1579 3177 (Τ
1610 3111 1745 3177 163).
1796 3111 2149 3178 Ἀρίςταρχος
2187 3112 2457 3165 ςύνθετον
2490 3112 2636 3166 αὐτό
2671 3128 2839 3179 φηςιν
2877 3112 3021 3165 εἶναι
3058 3114 3211 3179 παρὰ

623 3182 694 3234 τό
730 3186 766 3234 ἃ
802 3181 1054 3246 ςτέρηςιν
1099 3180 1190 3232 καὶ
1235 3180 1303 3232 τὸ
1352 3178 1601 3245 ἀκμῆνος
1648 3182 1808 3242 (Lob.
1846 3181 2097 3246 κμηνός).
2168 3179 2307 3232 ἀλλ’
2342 3180 2446 3232 οὐκ
2504 3181 2617 3233 ἔςτι
2663 3181 2811 3234 λέξιν
2861 3180 3047 3247 εὑρεῖν
3093 3180 3209 3234 ἀπὸ

624 3254 728 3303 τοῦ
766 3253 800 3301 T<
835 3248 1166 3314 ἀρχομένην.
1237 3247 1370 3299 ἀλλ’
1405 3247 1455 3300 εἴ
1487 3263 1573 3300 τις
1609 3246 1732 3313 δοίη
1769 3247 1918 3301 εἷναί
1950 3263 2005 3301 τι
2040 3251 2331 3313 τοιοῦτον,
2380 3248 2629 3314 ὤφειλεν
2673 3248 2962 3303 όξύνεςθαι
2997 3248 3209 3315 ὁμοίως

625 3323 710 3384 τῷ
747 3316 1043 3383 ἀμενηνός.
1100 3318 1131 3369 ό
1176 3315 1282 3382 γὰρ
1326 3315 1415 3368 διὰ
1449 3319 1553 3368 τοῦ
1590 3331 1726 3380 ηνος
1760 3317 1942 3370 τύπος
1980 3320 2143 3369 ποθεῖ
2185 3317 2294 3382 τὴν
2330 3316 2516 3370 ὀξεῖαν
2550 3317 2731 3370 τάςιν·
2777 3318 2927 3371 τινες
2961 3317 3022 3370 δὲ
3059 3318 3211 3384 παρὰ

625 3385 696 3438 τὸ
733 3383 880 3448 ἀκμή
917 3383 1165 3449 ἄκμηνος
1203 3385 1236 3436 6
1271 3382 1534 3447 ἀκμάζων
1571 3387 1689 3438 κτλ.
1737 3388 1802 3438 Ε.
1826 3388 1899 3437 Μ.
1935 3384 2183 3450 ἄκμηνος
2219 3384 2442 3448 λέγεται
2478 3385 2570 3437 καὶ
2605 3385 2699 3438 ἐπὶ
2734 3389 2837 3438 τοῦ
2864 3384 3211 3450 ἀκμάζοντος

631 3451 942 3507 Ὀδυςςείας
979 3456 1157 3572 Ὶλ191
1194 3450 1460 3515 «Θάμνος
1498 3451 1600 3517 ἔην
1634 3452 1993 3518 τανύφυλλος
2031 3451 2246 3518 ἐλαίης,
2286 3452 2500 3518 ἑρκέων
2537 3453 2700 3506 ἐντὸς
2736 3452 3013 3521 ἄκμηνος,
3052 3454 3211 3506 θαλέ-

545 3589 556 3598 ,
628 3525 804 3574 θων».
876 3520 908 3574 ὁ
944 3523 992 3604 θ’
1052 3522 1172 3572 λων
1209 3520 1300 3571 καὶ
1335 3519 1550 3572 ἀνθῶν·
1589 3521 1741 3600 παρὰ
1775 3521 1847 3574 τὸ
1883 3520 2058 3586 ἀκμή,
2097 3519 2129 3572 δ
2154 3518 2537 3641 ςημαίνειζτιὶν
2560 3519 2798 3585 ἠλικίαν.
2846 3525 3021 3575 τοῦτο
3059 3522 3213 3589 παρὰ

627 3589 698 3642 τό
735 3588 858 3652 ἄγω
894 3588 1004 3652 ἀγη
1041 3588 1132 3640 καὶ
1170 3589 1507 3653 πλεοναςμῷ
1530 3592 1635 3641 τοῦ
1673 3606 1704 3642 κ
1742 3590 1831 3641 καὶ
1868 3592 2053 3655 τροπῇ
2090 3590 2193 3640 τοῦ
2230 3604 2265 3652 γ
2301 3587 2379 3641 εἰς
2418 3606 2453 3652 μ

630 3656 829 3721 ςίτοιο,
867 3655 1160 3720 ἄγευςτος,
1199 3656 1384 3709 ἄςιτος
1420 3656 1508 3708 διὰ
1543 3660 1645 3709 τοῦ
1684 3661 1735 3724 ἦ.
1805 3658 1839 3709 ό
1875 3656 1981 3722 γὰρ
2015 3657 2104 3709 διὰ
2137 3659 2240 3708 τοῦ
2279 3661 2414 3721 ῆνοῐ
2448 3657 2629 3710 τύπος
2663 3658 2773 3722 τὴν
2809 3657 2996 3710 ὀξεῖαν
3033 3661 3212 3712 ποθεῖ.

631 3726 722 3777 καί
759 3724 812 3776 οἱ
848 3724 949 3787 μὲν
995 3724 1185 3789 ἁπλῆν
1229 3724 1382 3788 παρὰ
1425 3725 1535 3789 τὴν
1579 3725 1764 3792 ἀκμὴν
1808 3724 2079 3788 λέγουςιν.
2149 3725 2304 3777 οὕτω
2350 3724 2457 3791 γὰρ
2500 3727 2610 3791 τὴν
2653 3724 2868 3777 ἀςιτίαν
2903 3724 2957 3778 oi
2995 3725 3212 3779 Αἰολεῖς

631 3793 902 3856 λέγουςιν.
971 3791 1025 3845 οἱ
1061 3792 1122 3843 δὲ
1157 3791 1428 3843 ςύνθετον
1465 3793 1608 3845 κατὰ
1653 3794 1904 3859 ςτέρηςιν
1947 3796 2051 3846 τοῦ
2090 3798 2307 3858 κομεῖν,
2359 3793 2438 3846 ὡς
2482 3794 2643 3859 δηλοῖ
2686 3793 2791 3846 τὸν
2838 3792 2988 3859 ἀτημ
3021 3795 3212 3860 λητον.

630 3861 683 3914 οἱ
719 3861 780 3914 δὲ
818 3860 961 3914 κατὰ
996 3859 1248 3926 ςτέρηςιν
1282 3862 1387 3926 τῆς
1424 3858 1665 3924 ἰκμάδος.
1735 3861 1788 3914 οἱ
1823 3861 1885 3914 δὲ
1919 3861 2025 3914 τὸν
2062 3862 2381 3928 κεκμηκότα
2418 3862 2547 3927 περὶ
2581 3860 2653 3913 τὰ
2688 3860 2844 3914 ςιτία.
2906 3863 2937 3914 6
2974 3863 3004 3915 6
3075 3861 3213 3927 Ἀρί-

631 3943 865 3995 ςταρχος
903 3928 1052 3992 λέγει
1087 3928 1192 3979 τὸν
1228 3926 1481 3994 ἄκμηνον
1518 3929 2033 3996 προπαροξυτόνως
2071 3930 2222 3996 παρὰ
2257 3931 2365 3996 τὴν
2401 3928 2611 3996 ἀκμήν,
2651 3929 2815 3982 Θέων
2839 3930 2901 3982 δὲ
2926 3929 3215 3984 ὀξύνεςθαι

631 3998 772 4051 ἀξιοῖ
807 3997 885 4050 ὡς
922 3995 1146 4060 ἀγαθός.
1195 3995 1330 4049 ἔνιοι
1366 3996 1428 4049 δὲ
1465 4000 1933 4063 προπεριςπῶςιν.
1981 3998 2016 4062 ἢ
2046 3998 2198 4063 παρὰ
2220 3999 2329 4063 τῂν
2354 3997 2533 4063 ἀκτὴν
2556 3998 2662 4049 τὸν
2687 4001 2855 4050 ςῑτον.
2926 4000 3214 4050 Eustath.:

2515 3588 2626 3655 κμή
2651 3588 2915 3655 ἄκμηνος.
2962 3589 3211 3656 ἄκμηνος

631 4065 882 4131 ἀκμηνός
925 4068 1032 4116 νῦν
1079 4063 1359 4116 ὀξύνεται·
1405 4064 1538 4129 φαςὶ
1580 4067 1687 4131 γὰρ
1723 4067 1811 4118 ὅτι
1850 4063 2202 4131 Ἀρίςταρχος
2247 4066 2492 4119 ἐνταῦθα
2540 4067 2641 4129 μὲν
2687 4066 2780 4118 ἐπὶ
2823 4068 2926 4119 τοῦ
2964 4066 3215 4130 «θάμνος
3284 4069 3307 4093 ’

632 4133 924 4200 ἀκμηνὸς»
970 4133 1002 4184 ὅ
1051 4131 1199 4184 ἐςτιν
1243 4131 1428 4198 ἀκμὴν
1475 4133 1624 4198 ἔχων
1669 4137 1773 4186 τοῦ
1820 4132 2063 4199 νεάζειν,
2111 4134 2492 4201 ὠξυτόνηςεν,
2540 4133 2603 4186 ἐν
2646 4133 2708 4186 δὲ
2748 4133 2926 4187 Ἰλιάδι
2970 4133 3064 4187 ἐπὶ
3108 4139 3212 4187 τοῦ

632 4203 944 4268 δηλοῦντος
981 4201 1086 4252 τὸν
1122 4203 1314 4266 νῆςτιν
1351 4200 1782 4269 ἑβαρυτόνηςεν·
1830 4201 2012 4266 ἕτεροι
2048 4201 2134 4266 δέ,
2173 4217 2366 4267 φαςιν,
2404 4204 2495 4255 καὶ
2530 4202 2601 4254 τὰ
2637 4202 2738 4255 δύο
2773 4203 3214 4269 προπαρωξυτό-

634 4285 823 4336 νηςαν.
939 4269 972 4319 1.
1014 4273 1078 4320 10
1114 4271 1334 4321 nomina
1369 4271 1498 4322 inde
1535 4288 1570 4322 a
1605 4271 1827 4337 δρύϊνος
1867 4297 1927 4306 -
1964 4270 2291 4335 δερμάτινος
2330 4288 2397 4322 ex
2432 4271 2679 4338 Theogn.
2714 4274 2798 4335 67,
2841 4274 2927 4333 15,
2967 4271 3214 4335 βύςςινος

635 4357 701 4390 ex
740 4341 823 4393 St.
859 4339 922 4391 B.
964 4339 1078 4400 190,
1117 4340 1198 4402 19,
1235 4340 1331 4404 qni
1367 4340 1535 4390 etiam
1568 4339 1763 4405 γήϊνος
1802 4339 2255 4402 μετουςιαςτικόν
2290 4340 2462 4390 habet
2496 4342 2612 4403 206,
2652 4342 2732 4402 19,
2770 4339 2993 4392 κότινος
3031 4347 3088 4391 et
3123 4339 3215 4392 κό-

633 4420 798 4470 φινος
834 4422 904 4457 ex
938 4405 1214 4491 'l‘heogn.‚
1253 4405 1494 4471 (ίκινος,
1534 4407 1840 4473 Μύρςινος,
1880 4404 2155 4472 Βίβλινος,
2196 4406 2516 4472 Βολβίτινος
2555 4426 2621 4459 ex
2656 4408 2736 4462 St.
2776 4410 2868 4468 B..
2914 4409 3009 4474 qui
3046 4409 3215 4461 etiam

633 4473 857 4528 Τίκινος
901 4473 1064 4525 πόλις
1129 4472 1341 4536 ιταλίας
1386 4475 1476 4527 καὶ
1523 4474 1780 4539 ποταμὸς
1827 4474 2128 4539 ὁμώνυμος
2171 4477 2368 4538 habet,
2416 4476 2561 4542 quod
2605 4492 2672 4526 ex
2716 4493 2926 4528 canone
2974 4493 3070 4541 pro
3113 4477 3218 4527 eri-

633 4558 932 4609 spomenon
969 4558 1091 4593 esse
1129 4542 1345 4604 debuit3
1383 4545 1540 4594 omisi
1578 4545 1746 4596 etiam
1772 4542 2057 4608 Μύρκινος
2092 4544 2272 4596 τόπος
2309 4543 2399 4595 καὶ
2434 4542 2598 4596 πόλις
2637 4546 2907 4596 κτιςθεῖςα
2943 4559 3057 4609 παρ
3127 4547 3215 4611 τῷ

634 4609 911 4676 (τρυμόνι
947 4612 1204 4674 ποταμῷ.
1274 4608 1587 4675 Παρθένιος
1622 4610 1682 4663 δὲ
1720 4610 2068 4677 Μυρκιννίαν
2112 4610 2295 4676 αὐτήν
2332 4626 2524 4677 φηςιν,
2572 4613 2699 4678 quia
2744 4628 2999 4665 mensura
3041 4615 3097 4663 in
3133 4613 3216 4664 in·

634 4685 784 4731 certo
809 4683 924 4742 θείς
964 4685 1253 4745 praeterea
1277 4675 1480 4730 Ἐλινοι
1505 4679 1667 4732 ἔθνος
1692 4677 2092 4744 Θεςπρωτικὸν
2119 4679 2333 4731 Ῥιανός
2356 4672 2401 4732 δ’
2432 4680 2805 4745 Θεςςαλικῶν,
2846 4680 2992 4747 quod
3019 4698 3070 4748 p.
3095 4683 3214 4742 267,

638 4751 701 4799 10
737 4748 842 4811 sie,
880 4763 933 4812 p.
958 4749 1077 4806 689,
1103 4748 1167 4796 21
1207 4742 1406 4798 Ἐλινοί
1442 4748 1705 4813 scriptum
1741 4753 1853 4806 est,
1893 4749 1990 4800 sed
2029 4765 2194 4868 {uum
2266 4750 2570 4799 aenultima
2605 4749 2871 4816 producta
2906 4749 2994 4810 sit,
3033 4750 3219 4815 potius

637 4814 1172 4866 circumflectendam
1209 4813 1332 4864 fuit.
1513 4816 1549 4867 l.
1586 4818 1649 4866 17
1686 4814 1908 4881 ἐαρινός
1943 4845 2008 4852 -
2076 4819 2214 4868 ωθιν
2252 4830 2280 4867 ς
2316 4821 2447 4868 sunt
2483 4834 2551 4867 ex
2585 4817 2774 4868 Dichr.
2810 4820 2928 4880 293,
2965 4818 3050 4879 24,
3089 4817 3216 4868 reli-

639 4898 747 4945 qua
781 4898 952 4948 usqne
989 4881 1060 4933 ad
1099 4880 1391 4945 περυςινός
1428 4900 1494 4934 ex
1531 4883 1793 4949 Theogn„
1830 4883 2056 4948 αὐρινός
2096 4901 2163 4936 ex
2199 4883 2399 4936 Choer.
2436 4886 2592 4940 Orth.
2633 4886 2748 4949 179,
2784 4888 2879 4951 23,
2919 4883 3143 4936 πεδινός
3181 4901 3215 4935 a

641 4948 799 5008 πέδοι
837 4966 902 4999 ex
936 4952 1036 5001 An.
1078 4949 1179 4999 Ox.
1217 4950 1271 5002 11
1305 4953 1431 5014 327,
1471 4953 1549 5003 17.
1619 4950 1771 5017 παρὰ
1809 4950 2001 5015 μέντοι
2036 4955 2244 5018 ποιητῇ
2283 4980 2346 4990 -
2383 4949 2697 5016 ἐναλίγκιον
2734 4970 2803 5005 ex
2838 4953 3050 5017 nicht„
3086 4952 3214 5004 inde
