3664 5546
651 399 856 450 CXCIV
1711 395 2145 447 ‘PRAEFATIO-

647 556 1004 640 barytonos
1053 554 1217 634 ῥῑτοι
1282 547 1604 640 prolatum
1662 576 1806 617 esse
1863 563 2213 633 testantur,
2285 555 2353 616 in
2406 557 2596 632 ξεῑριε
2650 562 2717 617 et
2772 554 2993 632 ζεῖριε,
3052 547 3227 638 quod

648 656 891 720 Herod.
947 678 1066 741 per
1119 660 1142 721 ἰ
1194 678 1388 741 quam
1445 678 1559 742 per
1613 662 1666 720 ᾗ
1722 655 1920 719 scribi
1974 652 2281 718 maluisse
2338 677 2422 718 ex
2465 653 2698 718 Choer.
2746 653 2871 716 242
2926 663 2990 717 et
3032 653 3221 718 Eust.

646 758 791 838 391,
857 760 935 822 37
1008 767 1221 843 patet,
1300 780 1495 842 porro
1561 762 1822 836 (πεῖρον
1895 762 2120 836 (πεῖρα
2188 761 2464 841 (πεῖραι,
2540 778 2739 841 quum
2800 754 3029 820 Choer.
3099 755 3223 820 258

649 866 875 939 (πῑρον
933 870 999 923 et
1060 864 1248 939 (πῑρα
1315 859 1693 945 praecipiat.
1776 858 1968 922 Hanc
2023 859 2105 922 ab
2165 856 2537 923 Herodiano
2583 859 3063 923 aberrationem
3129 858 3225 921 sic

647 961 1121 1048 expediendam
1176 960 1429 1044 iudico,
1488 973 1560 1025 ut
1622 983 1873 1024 sumam
1916 960 2318 1045 Hesychium
2374 970 2487 1023 aut
2543 956 2963 1045 neglegenter
3017 960 3223 1025 Hero-

646 1063 826 1128 diani
879 1064 1351 1150 expositionem
1408 1060 1611 1128 oculis
1668 1063 2070 1148 percurrisse
2126 1072 2268 1143 aut,
2335 1085 2531 1148 quum
2594 1061 2951 1148 Pamphili,
3029 1085 3224 1148 quam

643 1166 1091 1249 Diogenianus
1158 1163 1617 1250 adoptaverat,
1676 1165 2069 1250 scripturam
2134 1185 2250 1227 suo
2317 1163 2457 1229 loco
2523 1164 2928 1247 retinuisset,
2996 1174 3225 1251 postea

646 1268 839 1330 etiam
886 1266 1158 1331 alteram
1203 1266 1561 1331 Herodiani
1609 1266 2000 1352 scripturam
2053 1288 2412 1351 proponere
2469 1263 2745 1331 oblitum
2801 1289 2965 1330 esse.
3053 1265 3223 1330 Nam

643 1369 712 1431 in
755 1367 1082 1454 plerisque
1127 1367 1465 1432 vocabulis
1511 1369 1817 1454 ancipitis
1875 1368 2235 1453 scripturae
2278 1366 2651 1453 Hesychius
2708 1379 3051 1455 utramque
3094 1368 3223 1432 for-

644 1493 816 1534 mam
870 1470 1195 1557 proponit.
1297 1468 1541 1534 Herod.
1598 1471 1666 1533 in
1721 1469 1802 1533 E.
1858 1470 1949 1533 M.
2008 1469 2160 1550 303,
2217 1470 2300 1534 38
2365 1472 2503 1550 εἰρά
2568 1480 2635 1534 et
2700 1471 2803 1550 ἰρά
2867 1470 3223 1535 secundum

645 1583 910 1658 etymon
965 1573 1116 1652 εἴρω
1174 1582 1240 1635 et
1293 1572 1464 1652 ἱερός
1521 1593 1638 1657 per
1694 1579 1748 1635 ει
1806 1581 1873 1634 et
1926 1593 2041 1658 per
2094 1576 2116 1636 i
2171 1571 2370 1636 scribi
2432 1594 2627 1657 posse
2682 1571 3009 1652 concedit,
3065 1571 3220 1636 Hes,

643 1674 840 1738 habet
885 1676 1022 1754 εἰρά
1067 1677 1134 1738 et
1178 1676 1309 1756 ἰρὰ,
1359 1696 1753 1759 quamquam
1797 1674 1996 1737 etiam
2041 1674 2366 1758 posterius
2424 1695 2553 1737 non
2607 1675 2692 1738 ab
2736 1675 2905 1756 ἱερά,
2966 1674 3084 1738 sed
3137 1677 3220 1738 ab

643 1777 794 1857 εἴρω
839 1777 1132 1862 repetita
1188 1781 1474 1855 λεῑκνον,
1528 1774 1732 1839 tradit
1777 1773 2011 1839 Choer.
2059 1774 2215 1855 236,
2263 1775 2376 1855 28,
2425 1780 2816 1859 διφορεῖται,
2874 1785 3219 1862 utrumque

642 1890 724 1970 et.
752 1881 968 1944 λίκνον
1014 1888 1079 1941 et
1125 1880 1379 1943 λεῑκνον
1425 1899 1528 1962 ap.
1579 1875 1738 1941 Hes.
1784 1886 2029 1958 exstat3
2076 1875 2325 1941 Herod.
2372 1899 2476 1963 ap.
2521 1875 2748 1941 Choer.
2783 1875 2969 1941 Orth.
3000 1875 3148 1957 202,
3178 1877 3220 1940 5

507 2041 520 2050 ,
642 1982 864 2061 ἑρείδω
910 1979 1328 2065 praescribit,
1377 1978 1494 2042 sed
1537 2001 1640 2064 ap.
1687 1978 1964 2043 eundem
2009 1979 2185 2043 Dict.
2232 1979 2391 2060 571,
2438 1979 2520 2041 22
2567 1976 2984 2064 Apollonium
3029 1980 3217 2059 ἐρίδω

642 2082 951 2147 exhibere
1016 2080 1249 2162 tradit,
1318 2103 1421 2165 ap.
1481 2079 1642 2174 Hes.
1711 2082 1936 2160 ἑρείδω
2004 2090 2070 2144 et
2134 2079 2503 2160 ὲριδόμενοε
2564 2081 2793 2159 ἐρίδων
2863 2080 3216 2145 invenitur.

643 2187 904 2270 Anceps
972 2184 1099 2247 fuit
1165 2183 1492 2268 scriptura
1556 2183 1735 2247 vocis
1801 2183 2052 2263 εἴρεροε
2108 2183 2188 2246 Ε.
2234 2182 2324 2245 Μ.
2378 2183 2533 2264 303,
2578 2182 2648 2263 2,
2716 2182 2931 2262 ἶρερο(
2985 2180 3215 2247 Choer.

639 2286 796 2366 266,
844 2287 882 2349 6
931 2283 1043 2370 (cf.
1090 2285 1309 2371 Apoll.
1358 2283 1554 2370 Soph.
1605 2282 1732 2348 lex.
1779 2284 1895 2362 92,
1942 2285 2086 2370 33),
2130 2294 2478 2371 utrumque
2524 2293 2625 2348 est
2670 2305 2775 2369 ap.
2821 2282 3015 2366 Hes.;
3061 2284 3216 2350 εἷκε·
3338 2285 3343 2290 ’

642 2391 755 2452 λοε
813 2398 877 2452 et
931 2387 1142 2453 ἴκελο(
1190 2386 1424 2452 Choer.
1468 2386 1627 2467 209,
1674 2386 1759 2449 24
1813 2395 1879 2449 et
1935 2385 2090 2450 Hes.
2108 2433 2126 2466 ,
2186 2386 2280 2450 sic
2335 2408 2438 2472 ap.
2488 2386 2648 2450 Hes.
2695 2386 2875 2465 εἶθαρ
2931 2396 2996 2450 et
3050 2385 3217 2469 ἴθαρ,

640 2492 796 2568 κίριε
841 2500 907 2554 et
950 2495 1174 2573 κεῑριε,
1222 2511 1618 2575 quamquam
1662 2488 1733 2550 in
1776 2486 1889 2552 illo
1933 2487 2181 2553 Herod.
2228 2494 2314 2569 ξῖ,
2362 2489 2432 2550 in
2475 2486 2595 2552 hoc
2639 2487 3008 2573 iprobasse
3038 2487 3216 2552 vide-

642 2601 746 2655 tur
790 2590 934 2655 coll.
967 2591 1197 2656 Choer.
1242 2591 1389 2673 207,
1421 2591 1504 2654 26
1549 2601 1614 2655 et
1656 2590 1801 2670 227,
1835 2591 1905 2673 33
1952 2589 2098 2671 228,
2146 2591 2218 2672 ὃς
2265 2591 2359 2654 sic
2404 2593 2608 2670 φθείει
2652 2599 2718 2654 et
2748 2595 2923 2671 φθιεῖ
2955 2588 3215 2673 (Choer.

637 2694 793 2776 273,
847 2693 943 2779 1),
991 2699 1170 2773 ψῑεαῑ
1216 2703 1280 2756 et
1325 2698 1567 2773 ψεῖεαι,
1617 2691 1769 2770 licet
1814 2691 2048 2757 Choer.
2095 2692 2251 2773 279,
2303 2692 2380 2755 19
2422 2695 2445 2756 i
2488 2692 2922 2778 praescribat,
2968 2692 3105 2770 εἴλη
3150 2700 3217 2755 et

636 2796 775 2877 ἴλη,
834 2796 1008 2883 quod
1062 2797 1390 2882 posterius
1447 2794 1676 2860 Choer.
1724 2795 1882 2876 220,
1939 2795 2021 2859 32
2074 2794 2421 2881 praecipit,
2488 2796 2753 2861 νείεεται
2811 2803 2875 2859 et
2928 2796 3216 2877 νίεεεθαι,

636 2901 970 2979 νιεόμενον
1029 2898 1138 2985 (E.
1182 2897 1274 2962 M.
1321 2897 1475 2977 606,
1538 2898 1679 2983 12),
1738 2897 1880 2981 ipse
1936 2896 2220 2980 Hesych.
2277 2897 2745 2982 interpretatur
2802 2898 3046 2976 ὁρμειαί
3101 2917 3218 2980 per

638 3002 862 3081 ὁρμιαί.
950 3000 1059 3063 Ex
1119 2997 1480 3062 Herodiani
1535 3000 1856 3062 sententia
1906 2996 2277 3083 Hesychius
2335 2998 2629 3062 servavit
2680 2997 3004 3084 duplicem
3056 2998 3213 3060 scri-

635 3115 895 3190 pturam
940 3125 979 3165 a
1024 3102 1221 3166 verbo
1270 3102 1466 3165 λείπω
1523 3100 2031 3184 compositorum
2087 3103 2580 3179 λειπογνώμων,
2640 3100 3042 3182 λειπομορία,
3090 3102 3213 3162 λει-

635 3207 956 3283 ποτάκτη(
1000 3214 1064 3267 et
1110 3203 1571 3283 λιπογνώμων,
1620 3203 2109 3286 λιποτακτήεαε,
2152 3203 2221 3265 in
2265 3201 2501 3287 quibus
2534 3200 2931 3266 Schmidtius
2976 3199 3216 3264 iniuria

638 3312 691 3370 εί
735 3304 1164 3390 improbavit,
1222 3326 1372 3367 nam
1418 3304 1616 3368 etiam
1660 3325 1764 3387 ap.
1812 3305 1966 3367 Arc.
2019 3305 2171 3385 116,
2225 3304 2301 3367 12
2347 3314 2412 3370 et
2469 3303 2619 3387 118,
2664 3303 2747 3366 22
2803 3304 3213 3381 λειπόπατρι(

638 3416 854 3471 exstat
909 3416 975 3469 et
1031 3428 1114 3470 ex
1171 3404 1404 3470 Choer.
1450 3404 1604 3485 239,
1663 3404 1703 3467 6
1760 3402 1970 3469 elucet
2022 3407 2485 3489 grammaticos
2528 3404 2635 3469 .de
2701 3404 2801 3469 his
2870 3401 3211 3469 vocabulis

637 3509 1046 3572 dissensisse.
1149 3507 1436 3592 Hesych.
1495 3529 1690 3592 quum
1749 3508 1911 3572 κτείς
1965 3510 2217 3574 κτένιον
2285 3519 2350 3571 et
2414 3531 2467 3571 s.
2534 3510 2745 3573 κτιδέα
2809 3509 2938 3573 κτίε
3004 3505 3211 3585 affert,

635 3609 999 3673 Herodiani
1043 3608 1322 3692 vestigia
1365 3611 1636 3693 pressit,
1680 3609 1945 3672 tametsi
1986 3608 2402 3674 Herodianus
2461 3608 2719 3675 addidit
2760 3610 3043 3695 speciem
3076 3610 3214 3673 ,κτίε

635 3723 708 3775 ut
771 3709 1295 3797 monosyllabum
1349 3711 1581 3792 breve,
1640 3712 1823 3774 cuius
1880 3712 2136 3795 generis
2193 3712 2463 3775 unicum
2527 3710 2892 3797 exemplum
2957 3712 3050 3775 ‘ric
3106 3710 3210 3789 sit,

637 3812 1114 3900 reprobandam
1170 3835 1313 3875 esse
1371 3813 1454 3875 cf.
1505 3812 1720 3877 Schol.
1769 3813 1855 3876 ad
1898 3811 1976 3875 Il.
2028 3815 2072 3877 Κ
2115 3814 2262 3877 335.
2351 3812 2555 3877 Recte
2610 3813 2914 3877 distinxit
2970 3814 3208 3891 λείριον

635 3927 700 3979 et
756 3918 928 3995 λιρόε
1000 3914 1228 3981 eodem
1296 3915 1517 3995 modo,
1584 3937 1709 4001 quo
1766 3913 2000 3979 Choer.
2056 3915 2216 3995 237,
2270 3914 2383 3996 30,
2453 3919 2753 3994 χαλκεῖον
2817 3923 2884 3978 et
2947 3916 3208 3993 χαλκίον

636 4020 884 4104 pariter
927 4029 1122 4104 atque
1168 4015 1398 4081 Choer.
1428 4017 1575 4097 277,
1606 4018 1693 4079 30
1734 4024 1798 4079 et
1840 4015 1987 4099 276,
2023 4018 2129 4096 14,
2176 4017 2443 4098 εἰδῶμεν
2490 4027 2554 4079 et
2592 4017 2829 4097 ἴδωμεν
2873 4025 2946 4079 ut
2976 4014 3209 4081 Choer.

634 4122 781 4206 202,
829 4121 932 4185 23.
991 4120 1331 4185 Interdum
1377 4141 1483 4204 ap.
1515 4117 1675 4182 Hes.
1709 4139 1843 4181 una
1886 4128 2138 4187 tantum
2184 4119 2509 4205 scriptura
2554 4131 2819 4183 servata
2848 4128 2965 4200 est,
3011 4140 3208 4205 quum

635 4222 1083 4302 HerodianUS,
1157 4232 1231 4286 ut
1308 4244 1392 4285 ex
1466 4219 2005 4306 epitomatoribus
2083 4221 2223 4284 eius
2299 4220 2835 4285 dissentientibus
2909 4218 3206 4285 concludi

633 4336 877 4411 potest,
925 4336 1199 4410 utroque
1244 4321 1437 4388 modo
1483 4321 1879 4387 vocabulum
1922 4322 2125 4386 scribi
2167 4321 2570 4388 tradidisset.
2658 4323 2889 4387 Choer.
2935 4322 3079 4402 261,
3129 4322 3204 4385 17

635 4428 906 4506 Εκείρων
960 4425 1380 4511 praescribit,
1442 4425 1534 4491 St.
1582 4426 1658 4489 B.
1717 4425 2088 4505 Εκιρωνίδεε
2141 4427 2363 4504 πέτραι
2425 4425 2555 4493 ἀπὸ
2613 4425 2945 4505 (Σκίρωνος.
3041 4424 3203 4489 Hes.

629 4528 916 4593 concinit
958 4550 1107 4591 cum
1152 4526 1385 4592 Choer.
1431 4527 1702 4608 (κείρων
1755 4525 2093 4592 exhibens,

799 4631 878 4694 In
921 4629 1052 4705 his,
1102 4651 1270 4716 quae
1314 4629 1527 4693 adhuc
1558 4627 1929 4710 attulimus,
1978 4637 2129 4693 sunt
2156 4629 2508 4714 quaedam,
2554 4652 2722 4716 quae
2765 4652 2895 4694 non
2938 4650 3202 4715 prorsus

631 4755 777 4797 cum
821 4731 1240 4795 Herodianea
1283 4732 1606 4817 scriptura
1650 4740 2052 4815 congruunt,
2110 4753 2498 4819 quamquam
2553 4731 2835 4818 plurima
2877 4740 2990 4796 aut
3032 4728 3205 4794 mala

629 4833 1093 4899 consuetudine
1153 4839 1175 4899 ῐ
1239 4834 1625 4920 productum
1689 4855 1805 4919 per
1860 4838 1914 4898 εἶ
1976 4832 2304 4899 scribendi
2371 4846 2485 4900 aut
2548 4856 2861 4922 perversa
2925 4855 3202 4921 pronun-
