3664 5546
1457 401 1874 450 PRAEFATIO.
2806 400 2999 448 XXXV

1541 479 1554 502 ι

401 554 893 643 complectitur,
941 565 1078 621 tum
1125 558 1313 643 sequi
1367 555 1605 621 iubebo
1663 577 1772 617 eos
1817 554 2057 635 libros»,
2115 553 2227 636 qui
2283 554 2575 637 singulas
2633 577 2718 618 ex
2763 554 2997 621 Proso-

403 660 656 722 diarum
705 679 979 723 numero
1025 657 1374 743 separatim
1420 656 1839 743 explicabant
1883 662 1999 719 aut
2039 653 2461 720 dialectorum
2499 656 2999 742 praecipuarum

405 759 512 825 vel
558 760 956 846 scriptorum
1003 759 1406 843 singulorum
1452 756 1826 844 prosodiam
1870 757 2265 822 tractabant.

1050 930 1104 993 I.
1194 931 1387 1009 Περὶ
1430 930 1857 1005 καθολικῆε
1900 926 2361 1012 προεῳδίαε.

577 1066 755 1129 Ante
799 1063 1249 1130 Herodianum
1294 1065 1439 1144 περὶ
1483 1067 1819 1144 καθολικῆ(
1874 1064 2236 1147 προεῳδία(
2295 1063 2649 1149 scripserat
2706 1062 2996 1128 Heracli-

409 1168 564 1247 deS,
621 1167 805 1230 cuius
863 1166 1156 1230 meminit
1200 1163 1505 1251 Apollon.
1562 1165 1643 1227 de
1699 1173 1871 1248 synt.
1930 1186 2001 1249 p.
2042 1164 2169 1228 332
2225 1164 2339 1247 (cf.
2386 1165 2595 1228 Lehrs
2643 1165 2998 1229 Herodian.

408 1290 472 1352 p.
520 1267 697 1349 420).
791 1265 1261 1352 Apollodorum
1305 1288 1461 1330 vcro
1507 1267 1652 1344 περὶ
1696 1268 2033 1343 καθολικῆε
2076 1268 2438 1350 προεῳδία(
2493 1268 2808 1353 scriptum
2852 1288 2999 1352 pro-

409 1365 740 1450 mulgasse
784 1366 851 1432 la
893 1367 1116 1433 Roche
1158 1369 1265 1432 die
1310 1365 1739 1433 Homerische
1783 1364 2246 1431 Texteskritik
2288 1389 2353 1453 p.
2397 1367 2485 1431 24
2527 1391 2610 1433 ex
2656 1368 2736 1432 E.
2769 1369 2994 1432 Orion.

419 1468 560 1548 168,
603 1468 688 1531 24
732 1469 894 1534 ὧταε
943 1470 1434 1549 Ἀπολλόδωρος
1478 1471 1594 1548 μὲν
1650 1468 1783 1531 ἀπὸ
1839 1471 1958 1531 τοῦ
2013 1469 2298 1547 δέχεεθαι
2353 1471 2471 1548 τὴν
2527 1470 2717 1535 dcccv
2778 1471 2998 1551 φηείν·

414 1570 620 1634 οὕτως
665 1571 737 1635 ἐν
781 1576 875 1653 τῷ
905 1572 961 1642 ς’
1006 1574 1343 1648 καθολικῆ(
1372 1567 1735 1652 προεῳδίαε
1765 1566 2005 1631 iniuria
2033 1568 2331 1650 coniicit,
2377 1579 2553 1634 recte
2582 1571 2756 1635 hunc
2784 1569 3000 1635 locum

415 1658 727 1733 Kleistius
778 1669 858 1734 de
903 1669 1261 1736 Philoxeno
1305 1692 1370 1756 p.
1401 1668 1487 1731 30
1530 1667 1900 1754 perspexit,
1947 1668 2387 1754 intellegenda
2431 1682 2533 1734 est
2575 1672 2747 1735 enim
2792 1672 2999 1736 Hero-

413 1771 592 1833 diani
637 1770 959 1835 Prosodia
1002 1771 1358 1837 Catholica.
1447 1767 1788 1836 Philoxeni
1846 1766 2083 1833 librum
2139 1774 2285 1851 περὶ
2328 1779 2749 1857 προεῳδιῶν,
2806 1795 2999 1858 quem

411 1893 612 1957 quum
655 1871 1110 1957 prosodiamm
1165 1872 1397 1938 titulus
1455 1870 1633 1936 nullo
1691 1868 2139 1936 additamento
2197 1873 2801 1955 circumscribatur,
2860 1874 2997 1938 uni-

414 1994 670 2036 versam
717 1982 1102 2037 accentuum
1148 1974 1510 2039 doctrinam
1556 1967 2125 2056 comprehendisse
2170 1973 2553 2056 concludas,
2612 1973 2843 2040 laudat
2884 1975 2995 2040 Ni-

409 2094 611 2137 canor
652 2073 737 2137 ad
784 2075 836 2139 Α
876 2075 997 2138 231
1047 2074 1543 2159 (Friedlaender
1586 2069 1782 2139 Pron.
1828 2091 1892 2155 p.
1942 2073 2070 2160 15).
2163 2074 2536 2139 Heraclidis
2584 2097 2743 2161 opus
2792 2074 2997 2140 Hero-

411 2174 680 2237 dianam
725 2175 1097 2259 respexisse
1144 2175 1575 2242 demonstrari
1620 2179 1884 2265 quidem
1930 2178 2189 2264 nequit,
2234 2175 2350 2239 sed
2398 2176 2564 2239 sumi
2599 2186 2815 2262 potest
2844 2176 2998 2241 inde

408 2274 588 2360 quod
634 2273 1023 2360 Apollonius
1069 2299 1215 2341 eum
1259 2280 1585 2345 mentione
1628 2303 1755 2345 non
1800 2280 2141 2364 indignum
2183 2277 2417 2343 habuit
2470 2287 2538 2342 et
2582 2276 2999 2342 Herodianus

410 2384 896 2441 antecessorum
944 2378 1223 2464 scripta,
1269 2402 1438 2466 quae
1481 2382 1757 2446 alicuius
1803 2391 1955 2447 sunt
1984 2381 2209 2467 pretii,
2256 2401 2382 2442 non
2424 2379 2767 2463 neglegere
2811 2381 2994 2444 solet.

409 2476 756 2540 Philoxeni
801 2500 960 2543 vero
991 2478 1340 2545 Prosodias
1387 2481 1721 2547 adhibitas
1766 2505 1912 2547 csse
1957 2482 2042 2547 ab
2090 2504 2164 2545 eo
2209 2490 2556 2566 propterea
2599 2480 2996 2545 credendum

410 2586 546 2657 est,
590 2578 761 2662 quod
808 2579 949 2643 eius
997 2583 1453 2648 auctoritatem
1500 2584 1761 2669 saepius
1804 2586 1872 2648 in
1917 2582 2063 2647 aliis
2109 2581 2304 2646 etiam
2350 2581 2547 2645 rebus
2605 2582 2789 2667 sequi
2845 2604 2994 2645 con-

410 2678 654 2743 suevit.
710 2680 1022 2745 Omnium
1065 2694 1283 2747 autem
1329 2685 1614 2749 maxime
1657 2694 1918 2771 praeter
1946 2683 2435 2763 Aristarchum,
2482 2681 2667 2745 cuius
2712 2682 2998 2765 vestigia

415 2781 658 2866 ubique
714 2784 956 2867 pressit
1007 2805 1156 2849 raro
1214 2785 1591 2869 discedens,
1647 2797 1902 2873 patrem
1958 2783 2375 2871 Apollonium
2426 2783 2498 2866 [in
2550 2783 2673 2847 hac
2727 2784 3000 2848 materia

409 2891 680 2946 secutus
722 2893 841 2948 est.
931 2883 1098 2948 Nam
1154 2885 1306 2951 licet
1357 2887 1705 2974 perpaucis
1763 2884 1952 2968 locis,
2009 2894 2084 2949 ut
2139 2884 2451 2949 observat
2505 2882 2571 2948 la
2612 2884 2831 2949 Rocbe
2888 2886 2998 2950 die

413 2981 838 3048 Homerische
903 2985 1368 3050 Texteskritik
1423 3010 1489 3074 p.
1539 2988 1693 3070 113,
1738 2987 2119 3052 nominatim
2167 2986 2306 3049 eius
2352 2986 2744 3050 mentionem
2788 2985 2995 3051 faciat

406 3083 618 3169 (quod
663 3087 870 3170 magis
916 3089 1418 3172 epitomatorum
1452 3087 1813 3154 Herodiani
1844 3087 2074 3175 culpae
2119 3109 2312 3173 quam
2360 3088 2486 3171 ipsi
2530 3086 2664 3152 filio
2712 3088 2995 3152 tribuen-

404 3186 572 3250 dum
616 3186 948 3271 videtur),
995 3199 1211 3254 tamen
1256 3212 1340 3253 ex
1382 3190 1869 3275 comparatione
1911 3191 2253 3273 utriusque
2296 3189 2688 3275 scriptorum
2744 3211 3000 3253 summa

399 3286 624 3372 patris
661 3286 916 3373 ‚filiique
962 3291 1388 3374 congruentia
1430 3291 1854 3376 perspicitur,
1905 3290 1976 3353 id
2018 3289 2191 3375 quod
2233 3288 2493 3356 Lehrsii
2549 3311 2825 3358 acumen
2866 3314 2997 3356 non

397 3388 620 3472 fugit,
665 3388 776 3474 qui
820 3388 888 3452 in
932 3392 1302 3477 praeceptis
1347 3392 1430 3455 de
1476 3391 1705 3456 enclisi
1749 3402 2098 3478 utrumque
2151 3389 2238 3454 ad
2283 3390 2571 3455 verbum*
2602 3392 2740 3456 fere
2784 3394 2995 3457 conci·

396 3511 572 3553 nere
628 3489 1121 3574 animadvertit,
1179 3491 1481 3579 idemque
1535 3492 1716 3557 valet
1769 3493 1962 3557 etiam
2033 3515 2089 3555 6.
2134 3511 2198 3576 g.
2257 3491 2340 3555 de
2404 3491 2701 3556 doctrina
2765 3492 2997 3562 adver-

395 3591 694 3656 biorum.
780 3590 1165 3676 Apollonius
1211 3603 1462 3676 autem,
1519 3595 1629 3681 qui
1685 3603 1752 3658 et
1793 3594 1936 3679 ipse
1974 3592 2346 3657 'Aristarchi
2405 3601 2686 3658 sectator
2727 3594 2884 3675 fuit,
2932 3603 2999 3658 et

392 3695 465 3755 in
520 3691 830 3758 omnibus
876 3694 1139 3780 scriptis
1184 3695 1319 3760 suis
1365 3705 1672 3760 accentus
1704 3716 1959 3759 summa
1987 3693 2330 3777 diligentia
2360 3695 2668 3760 tractavit
2697 3705 2763 3760 et
2792 3693 2995 3760 libros

387 3795 704 3881 quinque
757 3797 903 3873 περὶ
957 3802 1337 3881 προεῳδιῶν
1406 3806 1571 3861 teste
1627 3796 1832 3860 Suida
1894 3796 2256 3880 composuit
2319 3805 2385 3859 et
2449 3805 2788 3879 praeterea
2851 3779 2999 3876 πεὸὶ

389 3900 695 3962 (κολιῶν
738 3897 952 3962 τόνων
996 3896 1280 3983 (Suid.),
1334 3899 1481 3978 περὶ
1537 3898 2011 3977 διεψευεμένων
2065 3897 2278 3963 τόνων
2324 3894 2658 3980 (Aponon.
2715 3894 2796 3958 de
2840 3895 2993 3961 adv.

385 3998 563 4078 581,
620 3996 692 4076 4,
752 3995 833 4060 de
879 4017 1006 4082 quo
1048 3995 1216 4062 libro
1273 3997 1514 4062 iniuria
1567 3997 1829 4062 dubitat
1875 3995 2165 4061 Hillerus
2211 4004 2463 4083 quaest.
2510 3995 2756 4060 Herod.
2800 4016 2865 4080 p.
2908 3995 2994 4058 48

385 4097 480 4161 ef.
547 4096 789 4161 Lehrs.
845 4098 1212 4162 Aristarch.
1258 4121 1322 4184 p.
1367 4099 1494 4162 385
1558 4098 1660 4162 ed.
1718 4098 1855 4182 ΙΙ),
1923 4100 2069 4177 περὶ
2113 4097 2721 4176 κατηναγκαεμένων
2781 4096 2993 4162 τόνων

386 4199 634 4284 (Snid.
691 4199 927 4264 Choer.
984 4199 1164 4265 Dict.
1217 4199 1378 4280 439,
1441 4200 1517 4263 18
1573 4201 1660 4263 cf.
1718 4198 1924 4263 Lehrs
1983 4196 2026 4260 l.
2073 4199 2191 4284 c.),
2246 4199 2392 4277 περὶ
2446 4199 2702 4276 χρόνων
2749 4195 2990 4278 (Suid.,

384 4298 726 4388 Apollon.
773 4298 857 4363 de
901 4299 1051 4363 adv.
1083 4300 1231 4380 437,
1277 4300 1417 4384 23),
1463 4302 1609 4379 περὶ
1652 4299 2034 4380 πνευμάτων
2080 4297 2325 4383 (Suid.)
2372 4298 2513 4363 sive
2556 4300 2701 4378 περὶ
2745 4297 2993 4363 buccine

385 4407 495 4468 καὶ
547 4403 758 4481 ψιλῆς
803 4399 1107 4485 Apollon.
1154 4400 1236 4463 de
1280 4400 1428 4465 adv.
1477 4400 1637 4481 612,
1682 4400 1796 4482 20,
1854 4421 2013 4484 quos
2070 4396 2272 4462 libros
2317 4407 2445 4462 n'on
2498 4408 2720 4485 partes
2777 4398 2992 4483 operis

383 4507 546 4584 περὶ
619 4506 1040 4585 προεῳδιῶν,
1108 4499 1226 4564 sed
1291 4501 1674 4587 scriptiones
1741 4498 2103 4585 peculiares
2172 4520 2317 4563 esse
2382 4502 2512 4563 iam
2578 4521 2778 4585 supra
2830 4498 2990 4562 dixi.

383 4607 610 4670 Liber
661 4610 884 4665 autem
928 4604 1073 4680 περὶ
1116 4607 1368 4681 παθῶν,
1416 4623 1606 4687 quem
1649 4599 1995 4665 Dronkius
2038 4599 2210 4664 Mus.
2244 4599 2447 4664 Rhen.
2480 4599 2584 4664 XI
2624 4600 2752 4664 549
2795 4597 2993 4683 Apol-

384 4703 703 4771 lonianis
749 4700 831 4764 de
875 4701 1248 4766 accentibus
1294 4699 1756 4787 scriptionibus
1801 4700 2215 4781 adnumerat,
2261 4722 2390 4765 non
2436 4702 2641 4783 magis
2687 4699 2774 4764 ad
2827 4699 2995 4764 hanc

386 4805 762 4873 materiam
819 4801 1103 4887 pertinet
1160 4823 1353 4889 quam
1409 4799 1770 4866 Herodiani
1832 4801 2002 4866 liber
2054 4802 2199 4881 περὶ
2263 4804 2518 4884 παθῶν,
2587 4798 2705 4864 sed
2759 4810 2860 4867 est
2914 4797 2995 4864 (16

2508 4898 2593 4972 0*
