3664 5546
579 301 704 364 236
1511 298 1592 355 ΕΚ
1632 299 1771 354 ΤΩΝ
1814 299 2220 354 ΗΡΩΔΙΑΝΟΥ

578 471 761 553 Λίβυ,
803 471 1142 553 Πόλτυς,
1188 470 1313 551 ἀφ’
1358 470 1437 536 οὗ
1466 460 1878 551 Πολτυμβρία
1920 471 1959 550 ἡ
1988 470 2286 535 Πόλτυος
2328 471 2544 555 πόλις,
2591 470 2865 554 (ῆλυς,
2911 470 3037 550 ἀφ’
3068 470 3147 536 οὗ

577 573 958 655 Εηλυμβρία,
1013 573 1266 651 Ζῆλυς
1320 573 1357 638 6
1413 573 1715 652 ποταμός.
1804 571 2033 637 Βίθυς
2087 571 2125 636 6
2168 573 2393 652 Ἄρεος
2446 575 2548 638 καὶ
2598 573 2845 656 (ίντης,
2900 572 3024 654 ἀφ’
3069 572 3149 639 οὗ

579 675 795 741 Βιθύαι
840 674 1027 740 ἔθνος
1071 676 1351 758 Θρᾴκης,
1397 675 1690 754 Βλέμυς
1734 674 1923 739 ἔθνος
1967 677 2347 755 βαρβαρικὸν
2391 675 2620 756 Λιβύης
2671 674 2801 740 ἀπὸ
2849 676 3147 756 Βλὲμυος.

575 777 876 855 Φλέγυς
920 778 1137 861 ἔθνος,
1183 778 1221 843 ὃ
1267 778 1367 843 καὶ
1396 776 1685 855 Φλεγύας
1727 778 1766 857 ἢ
1804 775 2126 861 Φλεγύης,
2174 778 2457 856 Γόρδυς
2488 777 2929 858 Τριπτολέμου
2974 781 3146 863 παῖς,

516 890 548 940 5
575 878 699 960 ἀφ’
745 877 823 944 οὗ
872 881 1183 959 Γορδυαία
1224 881 1403 960 χώρα
1445 880 1750 962 Περςική,
1798 879 2079 958 Γόρτυς
2123 879 2326 962 ἥρως,
2382 878 2508 961 ἀφ’
2552 878 2634 943 οὗ
2680 881 2718 945 Γ
2721 880 2916 959 όρτυν
2960 880 3147 947 πόλις

580 982 849 1064 Κρήτης,
894 982 1202 1062 Δίρφυς
1247 982 1403 1062 ὄρος
1446 980 1740 1064 Εὐβοίας,
1788 981 1879 1046 ὡς
1909 980 2276 1064 Εὐφορίων,
2332 981 2584 1047 Κάπυς
2629 981 2666 1046 6
2711 983 2918 1061 πατὴρ
2951 982 3147 1061 Ἀγχί-

577 1105 705 1148 ςου.
763 1083 988 1160 Λίγυς
1032 1082 1219 1149 ἔθνος
1249 1084 1582 1166 Ἰβηρικόν,
1630 1083 1894 1150 Μάζυς
1938 1082 2127 1148 ἔθνος
2155 1083 2384 1164 Λιβύης
2413 1081 2777 1163 νομαδικόν.
2822 1083 3144 1150 Ἑκαταῖος

574 1185 952 1264 περιηγήςει.
1019 1185 1130 1252 eici
1172 1188 1243 1251 δὲ
1288 1187 1390 1251 καὶ
1432 1185 1639 1265 ἕτεροι
1671 1186 1973 1252 Μάξυες
2017 1186 2120 1250 καὶ
2163 1185 2370 1264 ἕτεροι
2403 1186 2780 1265 Μάχλυες.
2839 1186 3145 1265 Μάκρυς

575 1287 763 1352 ἔθνος
815 1288 1060 1368 Λιβύης.
1148 1288 1396 1354 Ῥιανὸς
1451 1290 1524 1353 δὲ
1582 1287 1866 1367 Μάκριας
1923 1287 2025 1352 διὰ
2079 1291 2195 1352 τοῦ
2239 1289 2272 1350 ῖ
2327 1289 2598 1354 τούτους
2649 1288 2813 1368 φηςί.
2903 1287 3144 1353 Μίλυς

477 1399 541 1450 10
574 1390 779 1455 ἔθνος.
857 1389 1095 1455 Μίλυες
1149 1390 1271 1468 γὰρ
1327 1392 1428 1456 καὶ
1484 1389 1717 1455 Μιλύαι
1778 1392 2122 1454 καλοῦνται
2182 1388 2245 1454 οἱ
2304 1390 2624 1469 πρότερον
2682 1388 2986 1473 (όλυμοι,
3054 1389 3143 1454 ῶς

571 1492 921 1572 Τιμαγένης
965 1491 1034 1557 ἐν
1079 1493 1317 1576 πρώτῳ
1364 1491 1683 1573 βαςιλὲων.
1771 1489 2065 1557 (ἀλλυς
2119 1491 2308 1558 ἔθνος
2359 1492 2726 1568 Λιγυςτικόν
2780 1494 3143 1571 πολεμῆςαν

572 1593 933 1677 Ῥωμαίοις,
982 1593 1072 1659 ὡς
1119 1594 1327 1674 Χάραξ
1372 1594 1441 1659 έν
1486 1594 1731 1678 δεκάτῳ
1775 1598 2109 1674 χρονικῶν.
2178 1594 2482 1674 βότρυς·
2529 1593 2654 1658 ἔςτι
2700 1594 2773 1658 δὲ
2817 1593 2918 1658 καὶ
2959 1593 3143 1659 πόλις

549 1693 884 1774 Φοινίκης.
945 1696 1252 1778 Ἕρπυς,
1296 1696 1551 1780 Ἅλυς,
1594 1695 1931 1778 Φόρκυς,
1979 1696 2301 1778 μάρτυς,
2352 1697 2390 1761 ὃ
2434 1696 2474 1774 ἡ
2518 1700 2648 1760 τῶν
2678 1694 2961 1760 Αἰολέων
3007 1694 3139 1759 διὰ-

575 1801 794 1863 λεκτος
838 1799 943 1863 διὰ
986 1802 1103 1863 τοῦ
1147 1803 1184 1877 ρ
1228 1799 1558 1878 προφέρει.
1633 1799 1707 1863 τὸ
1755 1799 1973 1876 ἰχθῦς
2016 1798 2486 1877 προςηγορικόν
2529 1797 2946 1876 περιεςπὰςθη
2991 1796 3141 1862 ἀλό-

475 1907 535 1960 15
571 1920 718 1976 γως.
797 1900 992 1966 οὐδὲν
1036 1901 1160 1980 γὰρ
1204 1899 1292 1966 εἰς
1337 1906 1419 1966 ἰι-ς
1464 1904 1663 1980 λῆγον
1695 1899 2027 1979 ἀρςενικὸν
2073 1900 2233 1980 ὑπὲρ
2279 1900 2422 1980 μίαν
2470 1900 2815 1982 ςυλλαβήν,
2861 1900 2942 1978 μὴ
2972 1898 3140 1987 ,ἔχον

573 2003 1054 2083 ὑποκοριςτικὴν
1110 2003 1402 2086 ἔννοιαν,
1458 2006 1871 2082 περιςπᾶςθαι
1926 2003 2110 2067 θέλει.
2183 2003 2541 2082 προςέθηκα
2596 2004 2668 2067 δὲ
2714 2003 2795 2082 μὴ
2842 2001 3141 2081 ὑποκορι-

572 2106 780 2184 ςτικὴν
825 2104 1085 2171 ἔννοιαν
1139 2106 1243 2171 διὰ
1296 2106 1372 2171 τὸ
1429 2105 1664 2186 ἀπφῦς.
1752 2108 1933 2170 δοκεῖ
1973 2106 2094 2184 γὰρ
2140 2106 2313 2184 παρὰ
2366 2106 2441 2171 τὸ
2487 2103 2710 2186 ἀπφάς
2753 2105 3141 2185 παρωνομά-

572 2212 728 2272 ςθαι.
803 2207 930 2273 ἔςτι
974 2209 1045 2272 δὲ
1090 2209 1190 2272 καὶ
1232 2208 1476 2275 Διονῦς
1531 2209 1704 2288 παρὰ
1756 2210 1894 2272 τοῖς
1950 2211 2248 2287 κωμικοῖς
2293 2207 2396 2271 ἐπὶ
2451 2211 2569 2272 τοῦ
2614 2206 2881 2271 ἐκλύτου
2924 2206 3140 2272 ταςςό-

571 2330 799 2393 μενον,
843 2310 1254 2389 παρηγμένον
1299 2309 1430 2375 ἀπὸ
1475 2315 1591 2375 τοῦ
1636 2310 1990 2375 Διονύςου·
2063 2308 2156 2374 ὧν
2203 2309 2356 2374 οὐδὲ
2407 2309 2472 2374 αἱ
2517 2308 2756 2385 γενικαὶ
2798 2308 3141 2388 παρόμοιοι

351 2396 363 2403 “
469 2421 536 2472 ‘20
569 2418 662 2495 τῷ
705 2412 1132 2496 προκειμένῳ·
1179 2411 1396 2491 ἰχθύος
1438 2413 1561 2491 γὰρ
1607 2412 1883 2489 λέγεται·
1928 2411 2008 2477 ού
2040 2411 2412 2492 μεμελέτηκε
2443 2412 2515 2475 δὲ
2545 2411 2807 2491 ἀπφύος
2840 2410 3139 2486 λέγεςθαι.

570 2514 771 2593 μόνον
816 2515 886 2579 δὲ
932 2515 1037 2579 διὰ
1079 2514 1199 2580 δύο
1243 2515 1489 2580 δαςέων
1529 2515 1863 2595 ἐκφέρεται
1907 2513 1945 2578 6
1992 2514 2183 2597 ἰχθῦς,
2227 2519 2357 2579 τῶν
2403 2512 2619 2578 ἄλλων
2667 2512 2755 2578 εἰς
2784 2516 2866 2578 ῦῖ
2912 2512 3139 2591 ληγόν-

568 2637 698 2682 των
744 2617 864 2696 οὐχ
910 2615 1116 2681 οὕτως
1160 2616 1474 2699 ἐχόντων,
1519 2616 1876 2696 πρόςκειται
1921 2622 2013 2701 τῷ
2057 2616 2279 2681 κανόνι
2308 2614 2638 2695 ἀρςενικόν
2670 2616 2776 2680 διὰ
2817 2616 2891 2681 τὸ
2933 2615 3140 2695 ὀφρῦς

568 2720 1050 2799 περιςπώμενον
1109 2720 1415 2802 θηλυκόν,
1469 2719 1562 2785 ἔτι
1623 2720 1695 2786 δὲ
1749 2720 1852 2784 καὶ
1903 2719 1980 2784 τὸ
2025 2717 2242 2800 ὀςφῡς.
2336 2718 2494 2783 ὥςτε
2539 2717 2595 2782 εἰ
2649 2721 3021 2798 περιςπᾶται
3063 2718 3139 2783 τὸ

569 2822 774 2904 ἰχθῦς,
831 2821 990 2886 ἔςτω
1036 2821 1339 2901 θηλυκόν·
1406 2821 1461 2887 εἰ
1513 2824 1584 2888 δὲ
1628 2821 1957 2901 ἀρςενικόν
2001 2821 2194 2905 ἐςτιν,
2252 2821 2501 2903 ὀφείλει
2554 2821 2785 2901 ὅμοιον
2841 2819 3006 2886 εἶναι
3046 2827 3140 2904 τῷ

466 2932 531 2982 25
568 2924 826 3006 ςτάχυς,
882 2924 1124 3004 βότρυς.
1211 2923 1365 2989 ἀλλ’
1409 2924 1774 3004 ἐξωμοιώθη
1830 2925 1968 2988 τοῖς
2022 2924 2523 3004 μονοςυλλάβοις
2588 2923 2676 2988 εἰς
2718 2926 2805 2989 ‘fit
2867 2931 2960 3006 τῷ
3023 2928 3139 3003 μῦς

568 3027 670 3091 καὶ
712 3029 832 3089 ςῦς.
919 3026 996 3090 τὸ
1040 3026 1111 3090 δὲ
1158 3026 1395 3105 Γηλύς
1438 3025 1628 3092 ἔθνος
1671 3024 1955 3105 Παρθίας
2007 3025 2398 3106 ὀξυνόμενον
2456 3030 2807 3106 ςημειῶδες.
2848 3071 2853 3076 ·
2894 3026 2974 3090 τὰ
3016 3026 3137 3103 γὰρ

567 3128 655 3193 εἰς
700 3115 821 3193 ἧς-
857 3127 1138 3206 λήγοντα
1178 3129 1458 3208 καθαρὸν
1503 3128 1738 3207 ἔχοντα
1779 3128 1857 3192 τὸ
1902 3132 1941 3193 ῡ
1987 3128 2485 3207 ςυνεςταλμένον
2531 3129 2903 3208 βαρύνεςθαι
2948 3127 3135 3208 θέλει,

568 3233 794 3312 θῆλυς,
849 3230 1056 3309 φόλυς
1114 3231 1394 3311 «φόλυες
1449 3230 1672 3296 κύνες»
1731 3231 1906 3308 παρὰ
1970 3237 2061 3314 τῷ
2117 3229 2498 3313 Ἀντιμάχῳ,
2563 3230 2833 3313 ἔπηλυς,
2888 3230 3136 3313 νέηλυς,

567 3332 803 3397 ὄλολυς
855 3331 930 3396 τὸ
983 3334 1457 3412 προςηγορικόν
1511 3332 1637 3397 εἴτε
1692 3333 1767 3396 τὸ
1822 3331 2074 3414 κύριον,
2130 3331 2342 3409 Ζῆλυς
2398 3331 2436 3396 6
2480 3333 2796 3414 ποταμός,
2852 3333 3135 3413 ἔγχελυς,

466 3440 533 3492 30
567 3433 780 3513 μόλυς.
869 3434 1202 3514 ςημειώδη’
1243 3434 1367 3514 ἄρα
1433 3435 1507 3499 τὸ
1569 3434 1775 3498 πολύς
1828 3436 2050 3500 κοινὸν
2106 3435 2208 3498 καὶ
2259 3433 2335 3498 τὸ
2383 3435 2579 3514 Γηλύς
2630 3434 3135 3515 ἀπεξενωμὲνον.

565 3534 923 3613 πρόςκειται
954 3538 1026 3602 δὲ
1055 3538 1336 3617 καθαρὸν
1368 3537 1472 3601 διὰ
1499 3537 1576 3601 τὸ
1607 3535 1879 3620 ἀμβλύς,
1925 3536 2424 3616 ςυνεςταλμένον
2466 3538 2538 3602 δὲ
2566 3537 2641 3602 τὸ
2674 3541 2711 3601 ὗ
2743 3538 2849 3601 διὰ
2877 3538 2952 3602 τὸ
2984 3535 3133 3601 ἰλύς.

565 3789 664 3827 τυς
701 3774 922 3841 explevi
966 3793 1033 3827 ex
1081 3775 1164 3827 St.
1199 3775 1288 3840 Β.,
1336 3773 1515 3841 Εῆλυς
1561 3775 1748 3826 addidi
1791 3792 1860 3828 ex
1908 3776 1985 3828 St.
2021 3776 2084 3826 Β.
2119 3776 2248 3839 446,
2298 3777 2361 3826 16
2405 3774 2528 3827 coll.
2565 3778 2693 3838 562,
2731 3778 2789 3838 9,
2835 3772 3021 3838 Ζῆλυς
3069 3791 3136 3825 ex

565 3842 768 3898 Herod.
805 3844 948 3896 Mon.
983 3848 1075 3907 33,
1117 3847 1160 3897 1.
1199 3870 1265 3880 —-
1302 3841 1464 3896 Βίθυς
1499 3871 1564 3879 -
1600 3841 1812 3896 (άλλυς
1862 3843 2045 3909 recepi
2090 3860 2157 3893 ex
2194 3844 2276 3895 St.
2312 3845 2402 3908 Β.,
2449 3842 2649 3909 βότρυς
2695 3860 2764 3894 ex
2809 3842 3001 3894 eodem
3046 3859 3136 3892 ex-

565 3912 740 3979 plevi,
794 3910 1002 3976 μάρτυς
1055 3911 1243 3963 addidi
1295 3928 1362 3962 ex
1415 3913 1621 3963 Herod.
1677 3913 1750 3966 cf.
1795 3928 1962 3978 supra
2005 3928 2059 3977 p.
2100 3913 2198 3975 47,
2241 3914 2292 3963 4.
2347 3938 2412 3949 -
2474 3912 2509 3966 l.
2558 3914 2620 3964 15
2666 3910 2832 3963 οὐδὲν
2889 3909 2994 3975 γὰρ
3048 3926 3137 3961 us-

566 3998 670 4046 que
707 3981 778 4030 ad
813 3981 849 4031 l.
885 3983 953 4032 25
989 3979 1185 4043 ὅμοιον
1221 3979 1365 4031 εἶναι
1400 3983 1485 4046 τῷ
1522 3978 1747 4044 ςτάχυς,
1794 3979 1996 4045 βότρυς
2043 3981 2248 4046 sumpsi
2290 3996 2358 4031 ex
2393 3981 2539 4034 Mon.
2579 3984 2671 4042 31,
2707 3982 2754 4030 ὅ.
2833 3976 2967 4030 ἀλλ’
3003 3976 3135 4030 ἔξω·

566 4047 781 4112 μοιώθη
818 4076 884 4085 -
918 4051 1013 4100 ςῦς
1047 4049 1168 4114 ipse
1202 4049 1394 4099 addidi
1430 4053 1649 4100 secutus
1684 4048 2008 4111 Arcadium,
2057 4048 2150 4114 qui
2193 4048 2362 4100 habet
2398 4046 2586 4112 ὥςπερ
2621 4046 2691 4099 τὸ
2729 4048 2861 4110 μῦς,
2908 4049 3028 4110 ςῠς,
3068 4063 3133 4098 ex

562 4117 819 4170 Eustath.
858 4117 1005 4179 1859,
1046 4118 1124 4179 16,
1199 4118 1257 4167 ui
1294 4116 1427 4166 dicit
1458 4117 1836 4168 Herodianum
1873 4117 2147 4167 docuisse:
2195 4114 2256 4167 ἓν
2293 4115 2468 4180 μόνον
2503 4114 2647 4180 ὑπὲρ
2693 4112 2821 4177 μίαν
2858 4114 3135 4179 ςυλλαβὴν

566 4185 598 4236 ὁ
635 4182 789 4248 ἰχθῦς
827 4182 1036 4247 ὁμοίως
1072 4183 1169 4236 ἐκλ
1192 4186 1263 4250 θη
1299 4187 1418 4236 τοῖς
1455 4184 1876 4251 προειρημένοις
1923 4183 2020 4248 (sc.
2044 4188 2183 4236 ,τοῖς
2229 4183 2699 4249 μονοςυλλάβοις).
2733 4210 2799 4219 -
2834 4181 2904 4234 τὸ
2941 4181 3001 4235 δὲ
3041 4182 3134 4248 Γη-

563 4253 662 4305 λύς
698 4279 764 4287 -
800 4251 1141 4316 ὀξυνόμενον
1177 4253 1479 4318 ςημειῶδες
1506 4254 1739 4305 formavi
1763 4259 1992 4319 propter
2017 4254 2097 4305 St.
2120 4255 2182 4304 Β.
2209 4269 2251 4307 s.
2278 4270 2330 4304 v.
2353 4279 2417 4289 —
2446 4253 2724 4304 Canonem
2750 4249 2818 4303 de
2854 4250 3135 4303 vocabulis

564 4340 620 4388 in
664 4339 763 4390 λυς
800 4338 972 4402 petivi
1018 4354 1086 4388 ex
1129 4339 1276 4389 Mon.
1309 4341 1402 4400 32,
1439 4341 1530 4402 33,
1569 4339 1662 4390 ubi
1700 4338 1768 4390 de
1806 4337 1985 4390 πολύς
2021 4338 2233 4404 agitur,
2282 4339 2340 4388 in
2385 4353 2492 4402 quo
2536 4337 2654 4387 loco
2701 4335 2735 4388 Γ
2738 4334 2876 4402 ηλύς
2920 4335 3135 4403 quidetn

564 4421 673 4457 non
707 4410 1061 4468 memoratur,
1099 4405 1194 4456 sed
1232 4406 1336 4456 hoc
1369 4406 1493 4457 ideo
1531 4407 1737 4457 factum
1772 4407 2039 4471 arbitror,
2078 4405 2218 4471 quod
2255 4404 2432 4469 ὄνομα
2469 4403 2920 4468 ἀπεξενωμένον,
2957 4402 3132 4455 πολύς

563 4489 694 4525 vero
739 4489 842 4524 usu
885 4475 1079 4524 tritum
1135 4478 1249 4536 est3
1304 4490 1432 4525 nam
1471 4475 1602 4525 inde
1647 4475 1790 4541 quod
1839 4476 1916 4526 St.
1956 4475 2019 4528 B.
2072 4473 2413 4537 Quadratum
2462 4489 2561 4538 pro
2605 4477 2748 4524 teste
2795 4474 2977 4535 affert,
3023 4487 3131 4521 non

562 4541 916 4592 concluserim
953 4541 1269 4593 Herodiano
1305 4541 1407 4592 hoc
1441 4558 1638 4593 nomen
1674 4545 1921 4609 ignotum
1957 4544 2156 4605 fuisse,
2194 4541 2292 4592 sed
2327 4558 2396 4592 ex
2433 4556 2525 4604 eo,
2571 4540 2716 4606 quod
2762 4541 2966 4592 diserte
3009 4537 3131 4590 ὀξύ-

562 4623 717 4660 νεται
754 4608 815 4660 δέ
852 4609 1082 4672 dicitur,
1120 4611 1422 4661 coniectari
1457 4616 1639 4677 potest
1673 4612 1743 4662 ab
1770 4611 2088 4663 Herodiano
2124 4625 2321 4662 nomen
2356 4610 2584 4661 allatum
2609 4610 2808 4672 fuisse,
2847 4608 2934 4660 cui
2968 4621 3130 4671 quum

564 4678 931 4728 testimonium
976 4693 1084 4728 non
1130 4677 1375 4729 additum
1420 4683 1596 4740 esset,
1651 4679 1729 4732 St.
1773 4681 1839 4730 B.
1888 4679 1956 4731 de
2010 4695 2108 4730 suo
2161 4677 2380 4729 adiecit.
2453 4676 2545 4728 Sic
2599 4677 2766 4728 etiam
2819 4675 3132 4728 Meinekius

565 4745 740 4795 locum
774 4745 1075 4808 intellexit,
1124 4745 1215 4810 qni
1257 4746 1315 4797 in
1360 4749 1719 4800 annotatione
1765 4749 1974 4799 diserte
2020 4747 2089 4799 ad
2135 4746 2304 4798 verba
2349 4745 2606 4801 ὀξύνεται
2649 4746 2792 4797 hanc
2826 4743 3130 4797 Herodiani

563 4813 985 4865 admonitionem
1021 4828 1143 4864 csse
1179 4817 1521 4880 pronunciat.
