3664 5546
1159 403 1317 459 ΠΕΡΙ
1342 391 1752 457 ’ΚΑΘΟΛΙΚΗΕ
1787 399 2211 455 ΠΡΟΕΩιΔΙΑ(
2248 399 2301 454 Ε.
2914 397 3036 462 115

441 570 804 641 Ἑλλάνικος
858 574 1299 655 Ὑπερβόρειοι
1355 574 1590 652 γράφει
1650 573 1755 638 διὰ
1811 572 2189 651 διφθόγγου.
2275 570 2675 649 Πρώταρχος
2730 571 2844 635 τὰς
2887 571 3031 634 Ἄλ-

441 699 579 743 πεις
623 678 873 743 Ῥίπαια
928 676 1047 756 ὄρη
1107 676 1278 742 οὕτω
1335 678 1862 755 προςηγορεῖςθαι
1919 676 2022 739 καὶ
2075 674 2228 739 τοὺς
2274 673 2435 751 ὑπὲρ
2479 674 2558 737 τὰ
2601 674 2869 737 Ἄλπεια
2911 672 3031 751 ὄρη

441 783 894 845 κατοικοῦντας
945 779 1192 844 πάντας
1255 778 1727 858 Ὑπερβορέους
1796 776 2175 856 ώνομάςθαι.
2272 776 2613 855 Δαμάςτης
2680 777 2749 841 δ’
2814 777 2884 841 ἐν
2942 783 3034 861 τῷ

443 885 593 962 περὶ
637 882 879 965 ἐθνῶν,
941 880 1077 946 ἄνω
1134 885 1263 945 τῶν
1311 878 1567 945 (κυθῶν
1622 880 1970 958 Ἰςςηδόνας
2015 879 2242 962 οἰκεῖν,
2297 878 2548 943 τούτων
2606 879 2673 943 δ’
2727 878 3034 956 ἀνωτέρω

442 984 891 1067 Ἀριμαςποὺς,
949 982 1087 1048 ἄνω
1143 983 1211 1047 δ’
1267 983 1662 1061 Ἀριμαςπῶν
1718 982 1797 1045 τὰ
1853 981 2100 1046 Ῥίπαια
2154 980 2307 1063 ὄρη,
2365 981 2427 1047 ἐξ
2488 980 2580 1045 ὧν
2635 982 2751 1047 τὸν
2799 982 3031 1061 βορέαν
3061 991 3093 1040 5

442 1090 669 1170 πνεῖν,
715 1087 903 1166 χιόνα
949 1086 1020 1150 δὲ
1066 1085 1308 1164 μήποτε
1355 1083 1520 1148 αὐτὰ
1564 1083 1902 1148 ἐκλείπειν·
1959 1084 2121 1162 ὑπὲρ
2157 1085 2236 1148 δὲ
2280 1084 2359 1148 τά
2403 1083 2524 1163 ὄρη
2567 1087 2765 1148 ταῦτα
2807 1084 3035 1162 Ὑπερ-

445 1189 715 1270 βορέους
760 1188 1054 1266 καθήκειν
1099 1186 1187 1252 εἰς
1230 1188 1345 1265 τὴν
1391 1186 1617 1265 ἑτέραν
1647 1186 1982 1269 θάλαςςαν.
2044 1185 2438 1266 Καλλίμαχος
2484 1187 2555 1251 δὲ
2599 1188 2753 1251 τοὺς
2799 1187 3035 1251 αὐτούς

443 1310 596 1371 φηςι
641 1289 805 1354 εἶναι
850 1292 988 1354 τοῖς
1034 1289 1454 1368 Ἀριμαςποῖς.
1790 1366 1796 1372 θ

612 1392 707 1457 Τὰ
751 1391 840 1456 εἰς
882 1393 968 1454 ἶς’
1014 1391 1298 1469 λήγοντα
1340 1390 1584 1469 καθαρὰ
1614 1390 1788 1454 ἁπλᾶ
1830 1389 1994 1468 ὑπὲρ
2040 1389 2160 1453 δύο
2192 1391 2504 1471 ςυλλαβὰς
2548 1391 2707 1455 κατὰ
2745 1391 2861 1469 τὴν
2906 1411 3035 1455 κοι-

444 1497 564 1574 νὴν
610 1495 946 1559 διάλεκτον
989 1499 1081 1577 τῷ
1125 1496 1165 1570 ἦ
1209 1493 1709 1572 παραληγόμενα
1753 1492 1872 1557 οὐκ
1916 1491 2084 1557 ἔςτιν
2130 1492 2343 1571 εὑρεῖν
2398 1492 2452 1557 εἰ
2509 1494 2589 1572 μὴ
2646 1494 2720 1557 τὸ
2767 1492 3034 1571 αἰζηός
3079 1499 3138 1548 10

445 1597 862 1675 ὀξυνόμενον.
949 1595 1053 1658 καὶ
1110 1598 1304 1659 τοῦτο
1361 1594 1430 1658 ἑκ
1483 1594 1731 1659 πάθους
1788 1593 1919 1673 ἔχει
1973 1596 2048 1659 τὸ
2107 1597 2165 1671 ῆ.
2253 1595 2428 1673 παρὰ
2481 1595 2605 1673 γάρ
2662 1595 2738 1660 τὸ
2793 1593 2894 1659 ἀεὶ
2935 1594 3038 1658 καὶ

445 1700 569 1767 ζέω
614 1697 653 1762 ὁ
698 1696 799 1761 ἀεὶ
841 1697 1005 1763 ζέων
1050 1698 1153 1760 καὶ
1195 1695 1492 1775 ἀκμάζων
1536 1696 1697 1760 κατὰ
1748 1697 1866 1775 τὴν
1910 1696 2156 1775 ἡλικίαν
2193 1696 2431 1771 γίνεται
2475 1695 2682 1762 αἰζεός
2737 1697 2839 1761 καὶ
2892 1696 3037 1760 κατ’

447 1801 786 1883 ἑπαὺξηςιν
830 1802 948 1864 τοῦ
1004 1802 1037 1861 ἒ
1092 1798 1181 1863 εἰς
1237 1802 1274 1876 ἦ
1321 1798 1552 1877 αἰζηός.
1639 1797 2078 1863 Ἀπολλώνιος
2136 1799 2251 1877 μὲν
2306 1797 2344 1862 ὁ
2400 1803 2517 1863 τοῦ
2563 1798 2878 1878 Ἀρχιβίου
2922 1798 3035 1862 ςὺν

445 1909 537 1988 τῷ
580 1904 613 1964 ἶ
671 1901 853 1966 οἶδεν
906 1899 1098 1983 αὐτό,
1155 1900 1366 1975 λέγων
1423 1900 1761 1975 γεγονέναι
1818 1899 1888 1963 ἐκ
1943 1903 2061 1964 τοῦ
2115 1899 2372 1978 αἰζήϊος.
2460 1898 2617 1965 άλλ>
2671 1900 2725 1964 εἰ
2779 1900 2860 1980 ἦν
2904 1898 3035 1965 ἀπὸ

448 2008 565 2070 τοῦ
612 2004 885 2085 αἰζήϊος,
932 2002 1051 2066 οὐκ
1096 2002 1376 2081 ὤφειλεν
1408 2001 1766 2084 ὀξύνεςθαι,
1812 2000 1980 2066 ἀλλὰ
2008 2005 2569 2081 προπεριςπᾶςθαι.
2614 2002 2653 2081 ἡ
2697 2003 2820 2081 γὰρ
2865 2001 3041 2069 ὀξεῖα
3080 2012 3141 2060 15

448 2108 552 2172 καὶ
594 2106 633 2185 ἡ
693 2106 915 2185 βαρεῖα
973 2102 1061 2167 εἰς
1117 2104 1602 2183 περιςπωμένην
1657 2102 2071 2183 ςυνέρχονται
2129 2102 2275 2169 οἷον
2319 2103 2658 2181 Ἀχελώϊος
2703 2104 3040 2186 Ἀχελῷος,

448 2207 775 2286 ὑπερώϊον
820 2206 1138 2289 ὑπερῷον.
1198 2206 1302 2269 καὶ
1344 2208 1544 2283 δῆλον
1590 2204 1688 2270 ὅτι
1734 2205 1948 2284 ὥςπερ
1992 2204 2123 2270 ἀπὸ
2169 2210 2287 2271 τοὺ
2331 2205 2612 2269 Αἰτωλός
2655 2204 2893 2280 γίνεται
2938 2204 3039 2268 Αἰ-

445 2310 679 2374 τώλιος
736 2308 896 2373 κατὰ
952 2308 1345 2386 παραγωγὴν
1412 2310 1529 2371 τοῦ
1598 2307 1798 2372 αὐτοῦ
1857 2306 2322 2387 ςημαινομένου
2382 2307 2874 2387 φυλαττομένου
2941 2308 3045 2371 καὶ

449 2411 581 2477 ἀπὸ
627 2413 744 2475 τοῦ
788 2409 1034 2487 κάπρος
1079 2409 1379 2491 κάπριος,
1442 2407 1614 2473 οὕτω
1669 2409 1771 2472 καὶ
1815 2407 1949 2474 ἀπὸ
1994 2412 2111 2473 τοῦ
2157 2408 2370 2487 αἰζηός
2415 2408 2669 2486 αἰζήϊος.
2756 2408 3042 2487 πρόςκει-

446 2534 548 2578 ται
593 2512 752 2577 κατὰ
796 2513 913 2590 τὴν
958 2512 1184 2589 κοινὴν
1229 2510 1592 2576 διάλεκτον·
1649 2510 1725 2575 τὸ
1781 2511 1906 2589 γὰρ
1951 2509 2249 2589 ἀρχῆος
2301 2511 2404 2575 καὶ
2449 2511 2711 2588 Ἀχηός
2755 2512 2858 2574 καὶ
2900 2531 3040 2574 πα-
3077 2520 3146 2570 20

449 2735 661 2787 duobus
705 2732 892 2785 Ioniee
940 2732 1162 2784 affectis
1207 2730 1497 2784 δαιδάλεος
1547 2728 1867 2784 κονιςάλεος
1912 2730 2117 2783 addere
2164 2731 2269 2782 duo
2313 2735 2368 2781 et
2413 2747 2446 2781 a
2483 2730 2636 2782 Theo
2679 2747 2730 2783 n.
2777 2736 2835 2782 et
2869 2732 2932 2782 E.
2967 2732 3041 2784 M.

446 2807 569 2865 261,
610 2804 674 2854 56
721 2801 811 2864 (ex
849 2801 1046 2854 Choer.
1086 2801 1243 2854 Orth.
1285 2803 1408 2866 195,
1462 2800 1542 2864 18)
1591 2805 2012 2851 commemorata
2057 2798 2398 2853 ἀταςθάλεος
2448 2805 2505 2850 et
2547 2746 2831 2864 αἰθΞλεος,
2879 2816 3042 2866 quum

450 2871 599 2934 inde,
637 2869 782 2935 quod
820 2871 875 2919 in
913 2871 1061 2920 Mon.
1099 2875 1155 2919 et
1191 2871 1251 2924 in
1286 2869 1509 2919 Arcadii
1556 2870 1793 2933 epitome
1839 2868 1945 2918 duo
1982 2873 2165 2934 priora
2214 2874 2428 2919 tantum
2473 2874 2877 2934 proponantur,
2916 2885 3042 2919 con·

451 2940 601 2990 eludi
635 2940 811 3005 possit
846 2939 984 2988 haec
1019 2942 1234 2987 tantum
1282 2937 1351 2987 ab
1388 2937 1707 2987 Herodiano
1746 2942 1980 3002 excepta
2019 2937 2209 2990 fuisse.
2283 2935 2394 2986 Sed
2436 2935 2557 2986 fieri
2591 2937 2797 3002 potuit,
2836 2941 2897 2986 ut
2933 2938 3040 2987 He·

448 3008 711 3058 rodianus
755 3006 877 3071 ipae
923 3007 981 3055 in
1028 3007 1210 3069 Mon.‚
1265 3006 1392 3070 quia
1439 3004 1617 3070 legem
1662 3010 1879 3055 tantum
1924 3006 2258 3056 constituere
2310 3010 2366 3054 et
2409 3020 2630 3055 causam
2676 3005 3043 3069 exemptionis

449 3076 727 3141 explicare
763 3074 1032 3136 voluerit,
1071 3074 1180 3123 duo
1224 3089 1333 3122 non
1379 3072 1606 3123 indubia
1650 3074 1928 3134 omiserit,
1975 3089 2043 3123 ne
2089 3072 2431 3138 simplicitati
2478 3088 2701 3123 normae
2746 3072 3040 3136 officiatur,

447 3142 714 3194 Arcadius
750 3148 932 3192 autem
970 3158 1037 3192 ex
1072 3157 1219 3192 more
1258 3156 1357 3191 auo
1393 3141 1664 3192 vocabula
1699 3140 2035 3192 dubitationi
2072 3141 2309 3192 obnoxia
2345 3142 2551 3191 referre
2589 3140 2845 3195 noluerit.
2901 3141 3039 3190 Inde

449 3217 615 3275 certe,
656 3209 800 3275 quod
837 3227 925 3276 ap.
962 3210 1114 3260 Theo
1158 3213 1375 3259 nostum
1402 3209 1724 3259 Catholicae
1761 3209 2004 3274 vestigia
2041 3224 2229 3274 presse
2268 3213 2588 3273 sequentem
2611 3206 2872 3260 αἰθάλεος
2898 3208 3040 3259 κατὰ

450 3277 742 3342 ἀποβολὴν
778 3280 881 3329 τοῦ
920 3280 953 3328 ἶ
988 3278 1080 3328 καί
1152 3275 1457 3329 ταςθάλεος
1495 3276 1636 3328 κατὰ
1674 3277 2033 3340 πλεοναςμὸν
2077 3279 2179 3328 τοῦ
2217 3280 2251 3328 ἓ
2283 3277 2543 3342 legimus,
2594 3293 2686 3328 sus
2728 3277 2864 3326 icari
2909 3277 3041 3327 licet

447 3349 621 3398 verba
656 3347 720 3396 E.
759 3348 861 3399 M.:
900 3343 1241 3398 ἀταςθάλεος
1287 3344 1400 3397 ἀπὸ
1446 3343 1757 3397 ἀτάςθαλος
1806 3346 2143 3410 πλεοναςμῷ
2188 3347 2291 3396 τοῦ
2340 3348 2370 3395 ἐ’
2414 3344 2650 3407 γέγονεν
2776 3343 2891 3396 ἀπὸ
2933 3347 3037 3395 τοῦ

448 3412 810 3466 ἀταςθάλειος
851 3411 1007 3478 [κατ’
1042 3412 1334 3477 ἀποβολὴν
1370 3415 1474 3464 τοῦ
1512 3417 1543 3464 ἶ
1582 3413 1615 3478 ἢ
1653 3411 1768 3465 ἀπὸ
1804 3416 1910 3465 τοῦ
1948 3411 2278 3466 ἀταςθάλιος
2316 3412 2457 3464 κατὰ
2493 3413 2715 3478 τροπὴν
2749 3415 2853 3463 τοῦ
2891 3416 2923 3462 ἶ
2960 3411 3038 3464 εἰς

447 3486 480 3533 ἒ
516 3482 804 3534 Philemon
841 3480 1040 3546 additJ.
1109 3480 1392 3533 αἰθάλεος·
1429 3484 1605 3533 τοῦτο
1641 3481 1703 3533 δὲ
1738 3481 2077 3546 διφορεῖται,
2115 3481 2206 3532 καί
2243 3481 2355 3545 πρό
2393 3483 2515 3545 μιᾶς
2554 3481 2665 3544 ἔχει
2700 3481 2806 3532 τὸν
2841 3479 3037 3532 τόνον·

450 3550 566 3602 ἀπὸ
603 3552 707 3601 τοῦ
755 3546 900 3600 αίθω
936 3548 1041 3612 γὰρ
1078 3548 1314 3614 ὑπάρχει
1352 3547 1432 3601 ὡς
1466 3548 1639 3614 νήφω
1686 3548 2001 3614 νηφαλέον·
2051 3547 2217 3612 ἡνίκα
2262 3548 2324 3600 δὲ
2369 3549 2480 3613 πρὸ
2518 3549 2618 3599 δύο
2656 3548 2768 3612 ἔχει
2803 3548 2909 3600 τὸν
2945 3547 3037 3600 τό-

448 3633 578 3681 νον,
617 3615 733 3669 ἀπὸ
768 3619 872 3668 τοῦ
919 3614 1197 3668 αἰθάλειος
1243 3616 1442 3680 γέγονε
1487 3617 1632 3669 κατὰ
1679 3617 1973 3682 ἀποβολὴν
2020 3620 2123 3668 τοῦ
2163 3621 2194 3668 ῖ
2232 3615 2310 3668 ὼς
2346 3614 2637 3668 «αἰθάλεοι
2680 3618 3039 3681 πρηςτῆρες»

448 3685 648 3753 (Apoll.
694 3684 869 3735 Rhod.
909 3687 985 3735 IV
1033 3687 1152 3748 777)
1213 3686 1282 3735 ab
1330 3685 1649 3736 Herodiano
1710 3688 1963 3751 profecta
2022 3701 2172 3748 esse,
2228 3687 2554 3752 praesertim
2610 3701 2775 3751 quum
2826 3685 3038 3750 reliqua

449 3755 735 3806 doctrinae
771 3753 1159 3804 Herodianeae
1197 3754 1414 3805 omnino
1451 3763 1775 3820 congruant.
1848 3754 2060 3804 Eadem
2096 3755 2212 3804 fere
2261 3754 2358 3805 sed
2393 3755 2451 3804 in
2485 3754 2710 3805 brevius
2747 3759 3037 3804 contracta

451 3823 625 3873 habet
660 3821 891 3872 Philem.
940 3838 990 3887 p.
1026 3824 1111 3874 41.
1182 3821 1266 3871 De
1314 3821 1653 3872 derivatione
1700 3822 1888 3873 horum
1931 3823 2206 3873 nominum
2254 3821 2621 3873 conferendus
2658 3821 2855 3871 Suidas
2900 3836 2942 3873 ει.
2981 3837 3034 3875 ν.

448 3888 765 3955 ῥωγαλέος;
804 3887 876 3939 τὰ
911 3887 999 3940 διὰ
1033 3891 1137 3940 τοῦ
1174 3889 1338 3940 αλεος
1376 3888 1491 3940 ἀπὸ
1526 3891 1702 3953 τριῶν
1740 3888 2089 3954 παράγονται
2129 3891 2342 3953 μερῶν,
2389 3887 2504 3941 ἀπὸ
2552 3888 2832 3951 ὀνόματος
2875 3888 3037 3952 δεῖμα

449 3955 756 4021 δειμαλέος,
795 3955 910 4008 ἀπὸ
945 3955 1195 4022 ῥήματος
1233 3954 1370 4008 οἰδῶ
1408 3955 1680 4022 οἰδαλέος,
1718 3955 1832 4009 ἀπὸ
1872 3956 2249 4022 ἐπιρρήματος
2298 3955 2477 4022 ρίμφα
2522 3955 2831 4021 ῥιμφαλέος
2870 3957 3034 4021 (quae

450 4026 644 4078 eadem
689 4029 915 4076 exstant
957 4027 1017 4075 in
1062 4025 1166 4075 fine
1211 4025 1321 4076 loci
1365 4026 1427 4075 E.
1475 4026 1600 4090 M.).
1682 4028 1764 4077 De
1809 4027 2200 4077 metusiasticis
2255 4027 2328 4079 cf.
2377 4027 2546 4076 etiam
2591 4026 2786 4076 Choer.
2831 4025 2933 4090 Ep.
2977 4026 3036 4074 in

449 4094 650 4146 Psalm.
686 4096 778 4153 94,
818 4096 907 4148 21,
946 4093 1041 4143 ubi
1074 4090 1309 4156 χάλκεος
1355 4091 1603 4158 ςιδήρεος
1640 4093 1908 4159 exempla.
1989 4092 2126 4144 Cum
2176 4092 2548 4158 Ὑπερβόρεος
2594 4091 3037 4158 coniungendam

449 4162 672 4213 videtur
711 4159 919 4224 Νέμεος
960 4159 1189 4223 Νέμειος
1227 4161 1437 4227 gentile
1475 4163 1626 4212 urbis
1666 4160 1851 4225 Νεμέα
1886 4177 1975 4227 ap.
2013 4161 2095 4212 St.
2132 4164 2191 4212 B.
2231 4179 2272 4213 s.
2308 4178 2363 4212 v.
2549 4161 2583 4211 l.
2622 4164 2652 4212 9
2688 4162 2834 4211 hunc
2873 4175 3035 4210 cano-

452 4247 573 4281 nem
610 4229 889 4294 composui
924 4245 991 4279 ex
1027 4229 1290 4292 Arcadio,
1330 4229 1477 4294 apud
1516 4244 1674 4294 quem
1710 4228 2001 4280 mutilatus
2039 4235 2142 4293 est,
2180 4234 2238 4280 et
2275 4231 2335 4279 E.
2376 4229 2450 4284 M,
2488 4232 2579 4291 32,
2621 4231 2707 4292 10,
2747 4227 2842 4278 ubi
2879 4227 3035 4277 tech-

452 4300 635 4348 nicum
669 4296 1043 4349 Herodianum
1078 4312 1198 4348 esse
1248 4296 1597 4361 intellegitur
1640 4313 1707 4347 ex
1745 4298 2154 4363 comparatione
2202 4313 2324 4347 cum
2368 4297 2629 4359 Arcadio,
2668 4296 2914 4360 Theogn.
2953 4297 3035 4358 51,

457 4370 517 4417 15
553 4371 610 4417 et
646 4367 729 4428 57,
770 4368 850 4428 15,
889 4380 995 4430 quo
1032 4366 1335 4431 posteriore
1373 4364 1495 4415 loco
1541 4362 1750 4430 αἰζήϊος
1788 4363 2107 4416 πλεονάςαν
2152 4363 2221 4415 τὸ
2257 4367 2292 4415 ῑ“
2326 4362 2393 4415 οὐ
2430 4363 2499 4415 τὸ
2536 4368 2570 4427 ῆ
2609 4362 2893 4427 ἀνεβίβαςε
2929 4361 3036 4413 τὸν

451 4433 645 4498 τόνον,
684 4432 763 4484 ὥς
799 4447 968 4551 <pacm
1004 4432 1347 4498 Ἡρωδιανὸς
1385 4430 1447 4483 ἐν
1482 4435 1553 4497 τῇ
1593 4432 1837 4484 καθόλου
1873 4439 1932 4484 et
1967 4432 2223 4484 Eustath.
2257 4434 2375 4494 376,
2413 4435 2503 4483 20:
2541 4432 2628 4483 ὅτι
2665 4429 3037 4495 ἑπειράθηςάν

452 4515 601 4553 τινες
637 4515 848 4566 προςγρ
888 4516 1018 4565 φειν
1052 4501 1122 4552 τὸ
1161 4505 1193 4552 ἶ
1230 4499 1292 4552 ἐν
1327 4504 1397 4566 τῇ
1437 4500 1837 4566 παραληγούςῃ
1875 4502 1978 4552 τοῦ
2016 4497 2206 4565 αἰζηὸς
2240 4498 2329 4551 διὰ
2363 4499 2432 4551 τὸ
2470 4498 2808 4564 εὑρίςκεςθαι
2841 4513 3036 4562 τετρα-

453 4568 741 4633 ςυλλάβως
777 4567 1013 4634 αἰζήϊος,
1053 4569 1143 4620 καὶ
1181 4568 1268 4621 ὅτι
1314 4567 1418 4620 οὐκ
1456 4566 1695 4632 ἀκριβῶς
1741 4566 2008 4620 ἐδόξαςαν
2056 4566 2258 4619 ἐκεῖνοι
2303 4566 2392 4619 διὰ
2436 4567 2506 4618 τὸ
2543 4570 2739 4633 χρῆναι
2778 4565 2922 4618 εἶναι
2958 4564 3037 4618 αἰ-

453 4637 585 4703 ζηός
620 4637 709 4689 διὰ
747 4636 923 4699 μόνου
957 4639 1061 4688 τοῦ
1099 4641 1134 4701 ῆ
1175 4633 1386 4699 ὁμοίως
1420 4639 1505 4702 τῷ
1544 4635 1689 4701 πηός
1727 4636 1816 4687 καί
1853 4641 1971 4689 τοῖς
2007 4635 2301 4700 τοιούτοις,
2342 4636 2432 4687 καί
2469 4635 2556 4687 ὅτι
2593 4633 2828 4700 ἀπορίας
2865 4634 3036 4697 ἄξιον,

455 4707 579 4757 πῶς
617 4705 690 4770 μὴ
728 4704 791 4757 ἐκ
825 4708 929 4756 τοῦ
967 4703 1178 4772 αἰζήϊος
1214 4704 1579 4770 ςυναιρέςεως
1616 4703 1926 4770 γενομένης
1964 4706 2054 4756 καί
2092 4705 2467 4757 ςυνελεύςεως
2492 4701 2674 4756 ὀξείας
2704 4703 2792 4754 καὶ
2819 4700 3039 4767 βαρείας

456 4772 944 4838 προπεριεςπάςθη
982 4773 1014 4825 ὁ
1051 4771 1241 4838 αἰζηὸς
1255 4767 1281 4839 ,‘
1308 4773 1371 4826 ἐν
1405 4776 1525 4824 τοῖς
1569 4776 1672 4824 τοῦ
1713 4773 2058 4837 Ἡρωδιανοῠ
2105 4772 2253 4824 ἔςτιν
2299 4772 2499 4838 εὑρεῖν.
2568 4773 2934 4837 Praeceptum
2972 4772 3039 4820 de

455 4849 693 4893 accentu
738 4843 1118 4894 Boeoticorum
1163 4841 1381 4907 παληός
1429 4841 1630 4906 Ἀχηός
1676 4839 1884 4907 ἀρχῆος
1929 4844 1989 4893 in
2034 4843 2097 4892 Ε.
2134 4843 2207 4896 Μ.
2255 4842 2567 4904 intercidit,
2614 4857 2701 4907 ap.
2745 4840 3042 4890 Arcadium

456 4909 595 4960 haee
629 4910 916 4976 leg-untur:
956 4909 1025 4961 τὸ
1062 4909 1168 4974 γὰρ
1205 4908 1422 4975 πάληος
1468 4909 1559 4961 καί
1605 4908 1810 4975 ἄρχηος
1848 4939 1912 4946 —-
1950 4908 2464 4975 προπαροξύνεται,
2512 4910 2656 4974 quod
2702 4924 2891 4960 verum
2934 4923 3042 4960 non

2542 4991 2634 5056 8*
