3664 5546
1233 399 1392 455 ΠΕΡΙ
1434 398 1822 454 ΚΑΘΟΛΙΚΗ(
1860 396 2279 453 ΠΡΟΕΩιΔΙΑΕ
2315 395 2377 451 Θ.
2965 395 3091 462 233

685 572 814 636 Ἔτι
857 571 938 636 τὰ
983 571 1155 650 παρὰ
1195 571 1270 636 τὸ
1314 570 1464 650 χὲω
1519 570 1783 636 ςύνθετα
1830 568 2286 651 παροξύνεται,
2343 568 2816 651 χρυςοχόος,
2872 567 3089 634 οἰνο-

522 674 721 754 χόος.
808 674 884 739 τὸ
928 675 1284 752 πρόχοος
1328 675 1401 738 δὲ
1445 671 1577 737 ἀπὸ
1619 673 1998 751 προθέςεως.

685 776 847 841 Ὅςα
888 775 958 841 ἐν
1001 782 1078 860 τῇ
1123 774 1286 860 ἀρχῇ
1331 774 1672 841 ςυντίθεται
1718 773 1789 838 ἐκ
1841 777 1959 838 τοῦ
2012 774 2255 855 πολύ,
2309 772 2895 854 προπαροξύνεται,
2951 791 3090 836 πο-

520 878 1000 963 λύςτροφος,
1044 877 1586 959 πολύκαρπος,
1616 875 2106 958 πολύφιλος,
2139 875 2626 958 πολύμηλος,
2657 874 3091 956 Πολύϊδος,

520 981 1002 1061 πολύολβος,
1044 979 1565 1061 Πολύφημος,
1608 977 2087 1060 πολύζυγος,
2143 976 2618 1043 πολύλαλος.
2705 978 2781 1043 τὸ
2839 978 2910 1042 δὲ
2954 986 3150 1056 pso-5

519 1082 844 1161 γιλάλος
887 1081 1325 1161 παροξύνεται.
1399 1082 1480 1146 οὐ
1522 1081 1647 1160 γάρ
1689 1081 1865 1158 παρὰ
1903 1080 1982 1145 τὸ
2025 1078 2213 1145 πολύ.
2258 1079 2657 1159 ςεςημείιυται
2727 1079 2804 1144 τὸ
2847 1081 3091 1143 πολυ-

520 1185 786 1266 φάγος.
873 1183 1329 1263 ἐξηκολούθηςε
1371 1184 1494 1261 γὰρ
1538 1182 1735 1266 ἑτέρῳ
1779 1181 2018 1247 κανόνι.

687 1286 782 1352 Τὰ
822 1286 943 1365 γὰρ
987 1286 1163 1366 παρὰ
1213 1287 1289 1352 τὸ
1344 1288 1629 1366 φαγεῖν
1686 1284 1755 1350 ἐν
1811 1289 1905 1368 τῷ
1958 1283 2123 1350 τέλει
2168 1284 2606 1365 ςυντεθειμένα
2648 1282 3092 1365 παροξύνεται,

519 1388 1012 1476 ἀρτοφάγος,
1056 1388 1557 1478 μονοφάγος,
1601 1387 2058 1468 παμφάγος,
2102 1386 2553 1469 ποηφάγος,
2598 1372 3093 1468 άδδηφάγος,

521 1491 988 1573 ὠμοφάγος,
1032 1490 1566 1571 ςαρκοφάγος·
1612 1489 1782 1555 οὕτω
1826 1489 1930 1553 καὶ
1972 1488 2456 1569 πολυφάγος.
2532 1489 2832 1554 ὼςαύτως
2874 1487 3095 1552 καὶτὰ
3136 1496 3197 1547 Ιο

520 1594 736 1661 ἑθνικά
782 1593 1348 1674 Μελινοφάγος
1391 1591 1579 1657 ἔθνος
1624 1591 1875 1673 Θρᾴκης
1920 1591 2021 1655 καὶ
2062 1589 2638 1672 Φθειροφάγος.

691 1696 854 1761 ’Ὀςα
895 1695 972 1760 τὸ
1026 1694 1111 1759 εὗ
1157 1695 1384 1775 μόριον
1439 1693 1583 1758 κατ’
1627 1691 1830 1773 ἀρχὴν
1875 1692 2038 1776 ἔχει,
2093 1692 2678 1775 προπαροξύνεται,
2733 1691 3095 1773 εὔτοκος,

522 1798 882 1880 εὔτονος,
926 1796 1354 1879 εὔμολπος,
1398 1796 1831 1876 εὐποίητος
1878 1799 2092 1876 «βοῶν
2135 1794 2201 1859 τ’
2229 1794 2675 1873 εὐποιητάων»
2705 1791 3094 1876 (Ι1Π636).

521 1901 596 1966 τὸ
641 1898 715 1964 εὖ
759 1899 1046 1979 κρεῖττόν
1101 1898 1264 1964 ἐςτιν
1319 1899 1393 1963 ἓν
1449 1900 1660 1964 ποιεῖν
1717 1886 2153 1980 εὐποιητάων,
2207 1897 2347 1962 ἐπεὶ
2402 1898 2504 1962 καὶ
2547 1896 2618 1961 ἐν
2662 1896 2902 1976 ἑτέροις
2945 1897 3097 1975 φηςὶ

520 2004 637 2081 τὴν
682 2003 940 2081 δοτικὴν
986 2000 1388 2085 «εὐποιήτῃςι
1431 2001 1700 2085 πύλῃςι»
1747 1997 1856 2082 (Il.
1888 1999 1931 2064 Ε
1972 1997 2127 2081 466)
2168 2000 2208 2078 ἢ
2254 1999 2397 2064 κατ’
2441 1999 2604 2064 ἰδίαν
2646 1998 3092 2079 προφέρεςθαι.
3134 2005 3197 2057 15

522 2104 893 2187 Εὔμαιος,
939 2102 1359 2186 εὔςκοπος,
1416 2096 1708 2169 εὔξοος’
1740 2103 1932 2181 χωρὶς
1974 2105 2105 2166 τῶν
2158 2102 2333 2180 παρὰ
2387 2102 2463 2167 τὸ
2508 2100 2703 2180 ἔργον
2748 2099 3094 2179 εὐεργός.

827 2205 891 2271 οἶ
932 2226 999 2270 τε
1043 2206 1190 2270 κατ’
1233 2204 1453 2284 αῖςχος
1498 2203 1680 2283 ἔχευε
1723 2204 1828 2268 καὶ
1870 2202 2266 2287 ἐςςομένῃςιν
2311 2201 2545 2267 ὀπίςςω

822 2309 1189 2392 θηλυτέρῃςι
1231 2308 1476 2385 γυναιξὶ
1518 2306 1620 2370 καὶ
1662 2305 1701 2384 ἥ
1746 2305 1813 2369 κ’
1857 2304 2121 2383 εὐεργὸς
2164 2304 2337 2388 ἔῃςιν
2382 2303 2537 2386 (Od.
2585 2309 2619 2370 λ
2662 2302 2834 2386 433).

689 2411 851 2476 Ὅςα
901 2409 1033 2476 ἀπὸ
1096 2413 1215 2475 τοῦ
1271 2413 1313 2473 <i
1367 2410 1727 2488 ςτερητικοῦ
1783 2407 2011 2487 μορίου
2074 2406 2451 2489 ςυντίθεται,
2515 2407 3091 2489 προπαροξύνεται,

522 2515 894 2595 ἄτολμος,
939 2512 1267 2591 ἄτομος,
1313 2510 1714 2589 ἄςτοργος.
3128 2518 3198 2569 20

689 2614 853 2679 Ὅςα
895 2614 967 2678 ἐν
1010 2612 1171 2697 ἀρχῇ
1216 2612 1348 2692 ἔχει
1391 2614 1466 2679 τὸ
1511 2615 1758 2695 φιλεῖν,
1801 2611 2387 2695 προπαροξύνεται,
2442 2612 2920 2695 φιλόπονος,
2965 2634 3093 2695 φι-

529 2717 910 2800 λόςοφος,
953 2715 1407 2796 φιλόλογος.

693 2820 788 2884 Τὰ
829 2820 1002 2899 παρὰ
1045 2820 1119 2883 τὸ
1152 2818 1319 2893 λέγω
1349 2819 1541 2897 χωρὶς
1570 2822 1701 2883 τῶν
1732 2818 1908 2897 παρά
1936 2818 2011 2883 τὸ
2041 2820 2259 2898 φιλεῖν
2288 2817 2746 2900 παροξύνεται,
2791 2823 2828 2883 δ
2847 2839 3093 2884 ικαιο-

457 2929 476 2942 “
527 2922 792 3004 λόγος,
848 2920 1368 3002 φυςιολόγος,
1422 2919 1995 2999 τερατολόγος.ι
2064 2920 2140 2985 τὸ
2197 2922 2268 2986 δὲ
2311 2920 2752 3001 φιλόλογος
2802 2919 3094 2988 ἀπὸυτοῦ

527 3023 718 3101 λόγος
761 3024 864 3088 καὶ
904 3024 979 3089 τὸ
1024 3025 1209 3104 φιλῶ.
3128 3031 3195 3082 25

687 3125 781 3191 Τὰ
820 3127 994 3204 παρὰ
1034 3127 1109 3191 τὸ
1152 3130 1264 3191 δυς
1303 3124 1405 3189 καὶ
1436 3132 1512 3192 Ζα
1552 3125 1741 3206 μόρια
1781 3125 2367 3208 προπαροξύνεται,
2425 3125 2511 3190 δυ
2528 3147 2558 3190 ς
2571 3146 2881 3206 μορφος
2893 3175 2912 3210 ,
2966 3127 3093 3192 δύ-

523 3247 831 3310 ςτηνος,
876 3229 1356 3310 ζάπλουτος,
1401 3227 1762 3310 ζάκοτος,
1807 3227 2122 3309 ζάθεος,
2167 3227 2545 3310 ζάφελος,
2590 3229 2665 3293 τὸ
2696 3230 2767 3293 δὲ
2798 3232 3093 3309 ζαφελῶε

523 3334 924 3412 περιςπᾶται,
969 3330 1107 3394 ἐπεὶ
1146 3331 1227 3394 τά
1279 3331 1383 3394 διὰ
1421 3335 1538 3395 τοῦ
1580 3335 1707 3397 λως
1737 3329 2129 3409 ἐπιρρήματα
2158 3329 2656 3409 παραληγόμενα
2684 3338 2777 3414 τῷ
2807 3336 2838 3395 ἒ
2872 3332 2961 3398 ὡς
2990 3333 3095 3396 ἐπὶ

523 3433 599 3496 τὸ
643 3435 942 3497 πλεῖςτον
986 3435 1162 3512 φιλεῖ
1191 3436 1633 3514 περιςπᾶςθαι,
1679 3433 1982 3514 ἐντελῶς,
2026 3431 2373 3514 ἐπιμελῶς,
2420 3430 2518 3497 οἷς
2548 3433 2650 3497 καὶ
2693 3434 2769 3499 τὸ
2798 3438 3094 3514 ζαφελῶς

524 3534 885 3614 ξυνέδραμε.
3129 3535 3197 3586 30

692 3636 785 3700 Τά
827 3636 1002 3714 παρὰ
1044 3636 1120 3700 τὸ
1165 3635 1365 3702 ὠκύς
1409 3637 1997 3720 προπαροξύνεται,
2042 3635 2484 3720 ὠκύμορος,
2530 3635 2973 3718 ὠκύπορος·
3016 3640 3093 3705 τὸ

661 3926 694 3975 Ι.
736 3928 763 3976 1
799 3926 899 3991 Ep.
940 3924 1093 3978 Cr.1
1127 3929 1212 3989 32,
1250 3927 1299 3987 7,
1335 3927 1399 3976 Ε.
1439 3925 1510 3975 Μ.
1546 3929 1627 3986 93,
1665 3930 1756 3978 38:
1794 3926 1866 3979 τὰ
1902 3927 2051 3993 παρὰ
2087 3928 2155 3980 τὸ
2193 3931 2354 3981 πολῶ
2394 3930 2483 3981 καὶ
2519 3929 2633 3993 χέω
2672 3930 2745 3994 μὴ
2785 3928 2924 3992 μετὰ
2961 3944 3095 3995 προ-

523 3992 735 4046 θέςεων
780 3991 1141 4055 ςυντιθέμενα
1187 3993 1298 4060 πρὸ
1346 3995 1467 4057 μιᾶς
1514 3993 1696 4057 ἔχουςι
1739 3995 1844 4047 τὸν
1892 3994 2063 4047 τόνον
2109 3993 2232 4047 οἷον
2278 3996 2670 4062 ὀνειροπόλος,
2719 3996 3092 4060 οἰωνοπόλος,

523 4060 791 4125 οἰνοχόος.
861 4060 932 4113 τὰ
967 4061 1028 4113 δὲ
1066 4061 1206 4124 μετὰ
1242 4061 1560 4128 προθέςεως
1609 4062 1969 4125 ςυντιθέμενα
2008 4063 2556 4130 προπαροξύνονται,
2604 4064 2921 4130 πρόπολος,
2960 4065 3094 4129 πρό-

522 4130 841 4251 4,ιζτῗξλεύλαλειιε
863 4129 2182 4266 4οιῗιῖιλξὲἷιῖι>ιιῖῗ1ὲΗριζῖὶὲξυέἓξιιεοῗιὲἰῗοξιχλάιλὲε
2213 4105 3095 4266 (ἒῑξρύειιῦἰὸιιοξῖἷθὲἱιαΜςεέῗιίιεὲιῗ-

520 4281 609 4319 ται
647 4265 715 4317 τὸ
753 4265 1085 4330 πολυφάγος
1123 4269 1239 4319 κτλ.
1278 4285 1342 4318 ex
1381 4269 1481 4349 Ep.
1523 4268 1557 4319 1.
1595 4285 1639 4316 c.
1680 4267 1774 4329 (of.
1810 4269 1930 4328 447,
1967 4267 2019 4330 6)
2060 4272 2285 4332 propter
2320 4272 2642 4349 sequentem
2678 4285 2959 4321 canonem.

521 4334 554 4387 l.
580 4337 612 4388 8
648 4335 753 4400 γὰρ
789 4335 946 4400 posui
983 4351 1077 4400 pro
1103 4333 1193 4399 δέ,
1233 4351 1393 4401 quum
1428 4336 1484 4384 in
1522 4334 1868 4400 praecedenti
1905 4350 2115 4385 canone
2150 4337 2396 4400 exceptio
2432 4336 2500 4387 de
2538 4335 2866 4401 πολυφάγος
2904 4335 3096 4387 addita

522 4404 618 4465 sit3
666 4405 835 4454 verba
883 4401 1182 4467 ποηφάγος
1217 4431 1282 4437 —-
1328 4400 1657 4466 πολυφάγος
1702 4403 1888 4467 recepi
1932 4419 1999 4454 ex
2046 4402 2427 4468 Bp.c1·.1.c.
2474 4431 2537 4442 —
2583 4405 2831 4456 Gentilia
2874 4411 3094 4469 sumpta

524 4477 649 4522 suut
685 4488 754 4522 ex
791 4472 1240 4523 sn.13.1.13
1277 4463 1477 4535 εὐποίη
1480 4483 1577 4521 τος
1614 4485 1735 4520 ουιιι
1772 4469 2131 4520 annotatione
2171 4471 2375 4536 sumpsi
2421 4488 2487 4522 ex
2523 4472 2586 4523 11.
2622 4474 2711 4524 Pr.
2748 4471 2806 4524 Π
2839 4474 2956 4525 636.

521 4538 555 4587 1.
595 4541 655 4589 16
692 4536 926 4601 Εὔμαιος
962 4566 1026 4574 —-
1063 4538 1255 4591 εὔξοος
1292 4540 1519 4605 apposui
1556 4554 1622 4588 ex
1658 4538 1759 4602 Ep
1788 4537 1877 4587 Cr.
1902 4539 1927 4588 1
1969 4540 2081 4601 140,
2119 4538 2150 4586 6
2187 4537 2285 4602 (cf.
2320 4540 2383 4589 Ε.
2410 4539 2481 4594 Μ,
2520 4543 2636 4602 394,
2672 4540 2783 4603 48),
2821 4541 2914 4591 nbi
2950 4538 3094 4589 idem

525 4623 722 4668 canon:
759 4606 1000 4657 indidem
1037 4609 1205 4657 etiam
1241 4622 1434 4658 versuo
1470 4606 1692 4656 Homeri
1736 4606 1898 4669 petiti
1933 4611 2078 4655 sunt.
2273 4606 2309 4655 1.
2344 4608 2407 4656 21
2455 4607 2525 4657 cf.
2564 4608 2663 4674 Ep.
2701 4606 2790 4657 Cr.
2828 4608 2856 4658 1
2894 4610 3091 4671 10,15.

659 4677 693 4726 l
733 4678 798 4735 24
837 4674 903 4726 de
941 4676 1332 4740 paroxytonesi
1377 4674 1532 4726 vocis
1576 4670 1882 4735 φιλόλογος
1920 4673 2232 4725 Herodiano
2278 4674 2470 4740 ignota
2517 4675 2586 4725 ef.
2624 4675 2829 4728 Goettl.
2877 4675 2943 4726 de
2982 4692 3093 4726 acc.

525 4774 576 4823 p.
613 4762 729 4810 319.
867 4758 904 4809 l.
940 4762 1007 4809 26
1041 4776 1217 4810 canon
1253 4759 1319 4810 de
1357 4756 1673 4824 compositis
1710 4772 1742 4807 a
1777 4759 1844 4811 ζα
1880 4759 2146 4825 reperitur
2183 4758 2349 4810 etiam
2383 4761 2439 4810 in
2476 4761 2541 4812 11.
2575 4761 2665 4815 Pr.
2705 4759 2718 4811 Ι
2756 4761 2880 4811 516:
2917 4759 2991 4812 τὰ
3015 4758 3093 4813 εἰ(

527 4856 589 4892 ος
622 4842 870 4908 λήγοντα
906 4842 1233 4906 ςυγκείμενα
1270 4842 1421 4907 παρὰ
1455 4841 1524 4893 τὸ
1560 4844 1625 4895 ζα
1650 4843 2163 4908 προπαροξύνεται,
2199 4845 2327 4894 inde
2361 4844 2543 4895 adieci
2578 4843 2821 4910 Ζάφελος
2858 4850 2917 4897 et
2949 4861 3091 4912 quae

529 4908 593 4959 de
625 4911 890 4963 adverbio
924 4911 1184 4975 ζαφελῶε
1219 4911 1368 4962 dieta
1402 4917 1545 4961 sunt.
