3664 5546
597 354 603 360 ⁶
688 405 770 470 76
1626 402 1708 456 εκ
1746 402 1888 456 mu
1930 400 2339 455 ΗΡΩΔιΑΝοΥ

685 575 1080 657 ζευγίτης,
1128 574 1525 656 ςτυλίτης,
1570 572 1911 655 ἑρκίτης,
1958 572 2359 654 Θερςίτης,
2405 573 2533 637 ἔςτι
2580 573 2682 637 καὶ
2724 571 2913 637 ἔθνος
2958 572 3276 652 Ἰβηρικόν.
3316 574 3333 579 ”

684 679 1011 759 Πολύβιος
1040 679 1111 744 ἐν
1133 678 1341 762 τρίτῳ.
1389 676 1732 758 μεςίτης,
1764 674 2277 757 ςτεφανίτης,
2307 674 2671 757 πυρίτης,
2702 674 3003 756 ὁδίτης,
3035 675 3274 738 ἔπαλ-

684 782 927 863 ξίτης,
982 781 1391 863 μαγνίτης,
1461 778 1872 861 φεγγίτης,
1941 777 2343 859 λυχνίτης,
2409 777 2851 858 αἰθερίτης,
2916 776 3273 857 ἀγρίτης,

683 884 1041 966 τοπίτης,
1086 883 1454 963 χωρίτης·
1521 881 1858 962 (οφοκλῆς
1900 880 2077 958 Αἰγεῖ
2121 880 2490 959 «ἑκλύομεν.
2586 881 2704 945 οὐκ
2748 880 2954 958 ἔγωγε
2998 878 3275 958 χωρίτην

622 998 656 1047 5
686 988 757 1063 γ’
800 987 993 1066 ὁρῶ».
1082 988 1186 1051 καὶ
1240 986 1311 1051 ἑν
1356 986 1653 1063 Ἡρακλεῖ
1708 982 2054 1063 «τρέφουςι
2110 983 2345 1062 κρήνης
2399 984 2686 1063 φύλακα,
2737 981 3014 1061 χωρίτην
3057 981 3213 1062 ὄφιν
3229 1006 3272 1045 ».

685 1091 786 1154 καὶ
838 1089 1145 1167 Αἰςχύλος
1201 1089 1272 1153 ἐν
1328 1087 1556 1153 Λέοντι
1614 1092 1924 1166 ςατυρικῷ
1982 1084 2395 1164 «ὁδοιπόρων
2452 1086 2732 1168 δήλημα,
2796 1083 3067 1164 χωρίτης
3123 1084 3271 1162 δρά-

685 1213 878 1258 κων».
968 1192 1070 1255 καὶ
1115 1190 1553 1256 Ἀπολλώνιος
1596 1189 1668 1254 ἑν
1712 1194 1805 1272 τῷ
1854 1188 2136 1270 Κανώβῳ

1175 1293 1436 1372 «τέρψει
1494 1293 1565 1357 δὲ
1610 1294 1788 1370 νηῶν
1843 1289 1881 1354 ὁ
1926 1290 2162 1367 γλυκύς
2208 1310 2272 1356 ςε
2319 1289 2589 1372 χωρίτης

1173 1395 1379 1460 πλόος
1422 1389 1699 1475 κομίζων
1746 1397 1923 1473 δῶρα
1967 1393 2280 1459 πλουςίου
2324 1392 2616 1458 Νείλου».

583 1508 649 1558 10
682 1500 1023 1581 ἑδρίτης,
1070 1497 1370 1578 Ὠρίτης
1414 1498 1607 1563 ἔθνος
1652 1498 1868 1563 Ἰνδῶν
1913 1496 2299 1575 αὐτόνομον.
2388 1495 2690 1576 (τράβων
2743 1495 3272 1578 πεντεκαιδεκάτῃ

684 1604 775 1687 (p.
809 1600 961 1682 720)
1008 1608 1129 1683 «τῷ
1164 1602 1442 1681 ὁρίζοντι
1474 1600 1714 1665 αὐτοὺς
1759 1598 1891 1663 ἀπὸ
1935 1603 2066 1664 τῶν
2114 1600 2254 1676 ἑξῆς
2285 1597 2581 1677 Ὠριτῶν·
2627 1598 2843 1663 Ἰνδῶν
2888 1598 2960 1663 δέ
3002 1598 3129 1662 ἑςτι
3172 1599 3274 1662 καὶ

684 1704 840 1782 αὕτη
897 1704 1102 1785 μερίς,
1167 1704 1358 1768 ἔθνος
1423 1703 1849 1782 αὐτόνομον».
1952 1703 2054 1766 καὶ
2117 1701 2609 1781 Ἀπολλόδωρος
2676 1701 2956 1783 δευτέρῳ
3014 1700 3272 1765 «ἔπειτα

685 1804 935 1885 Ὠρίτας
991 1827 1059 1871 τε
1115 1806 1218 1870 καὶ
1264 1805 1679 1887 Γεδρωςίους,
1734 1803 1827 1868 ὧν
1883 1805 2040 1868 τοὺς
2094 1805 2209 1882 μὲν
2254 1803 2492 1869 Ἰνδοὺς
2548 1804 2639 1868 ὡς
2695 1804 3105 1868 ἐνοικοῦντας
3162 1804 3269 1867 πέ-

684 1928 1038 1988 τραν....»
1128 1908 1485 1986 Ὑθμίτης
1540 1907 1731 1972 ἔθνος
1795 1906 1963 1984 πρὸς
2027 1908 2165 1970 τοῖς
2218 1905 2556 1986 Λιβυρνοῖς
2623 1905 2725 1970 καὶ
2780 1904 3125 1987 (υωπίοις,
3183 1905 3270 1969 ὥς

587 2021 647 2071 15
682 2032 873 2092 φηςιν
904 2009 1229 2075 Ἑκαταῖος
1259 2009 1548 2091 Εὐρώπῃ.
1615 2008 1991 2087 Αὐςχίτης
2038 2007 2228 2074 ἔθνος
2255 2008 2484 2089 Λιβύης
2525 2009 2687 2087 ὑπὲρ
2719 2008 2996 2090 Βάρκης,
3043 2008 3265 2072 Ἀπολ-

686 2114 978 2192 λόδωρος
1023 2113 1170 2190 περὶ
1221 2115 1336 2191 γῆς
1382 2112 1679 2195 δευτέρῳ.
1767 2111 2256 2190 Ἀμαλεκίτης
2309 2110 2501 2175 ἔθνος
2555 2110 2897 2191 Ἑβραϊκόν.
2984 2111 3266 2176 Αὐαλί-

683 2236 815 2295 της
871 2215 1114 2279 κόλπος
1171 2215 1241 2279 ἐν
1299 2217 1530 2281 δεξιοῖς
1586 2214 1794 2292 μέρεςι
1849 2216 1962 2291 τῆς
2014 2214 2313 2293 Ἐρυθρᾶς
2379 2213 2705 2292 θαλάςςης.
2809 2212 3267 2293 Ἀμμανίτης

685 2319 791 2382 διὰ
836 2318 955 2383 δύο
1001 2322 1083 2396 μ-μ
1127 2318 1320 2394 γένος
1365 2321 1496 2383 τῶν
1544 2315 1920 2397 Ναβαταίων
1966 2315 2251 2396 Ἀράβων
2299 2316 2389 2380 ῶς
2434 2316 2733 2394 Ἰώςηπος
2781 2314 2967 2398 (Ant.
3014 2313 3159 2379 Iud.
3211 2317 3265 2395 1,

689 2420 784 2497 11,
832 2420 903 2500 5)
948 2420 1297 2498 ἔκλήθηςαν
1353 2421 1425 2484 δὲ
1481 2418 1611 2484 ἀπὸ
1659 2418 1980 2499 Ἀμμάνου
2035 2422 2152 2484 τοῦ
2196 2418 2427 2483 παιδὸς
2470 2417 2845 2483 Λώτου·καὶ
2886 2422 2997 2496 τῆς
3041 2419 3263 2484 νεωτέ-

581 2530 649 2582 20
683 2543 799 2602 ρας
842 2522 1174 2601 θυγατρός.
1263 2522 1666 2602 Ἀμανίτης
1710 2520 1749 2585 ὁ
1794 2521 2068 2600 οἰκήτωρ
2113 2521 2390 2601 Ἀμάνου
2444 2520 2640 2600 ὄρους
2694 2522 2859 2600 πρὸς
2912 2527 2989 2606 τῇ
3038 2520 3269 2603 Κιλικίᾳ

682 2624 815 2689 ἀπὸ
859 2629 977 2689 τοῦ
1022 2624 1279 2703 Ταύρου
1325 2625 1735 2704 καθήκοντος.
1779 2623 2227 2703 Αὐςονίτης.
2275 2623 2634 2705 Λυκόφρων
2680 2624 2883 2702 «παρ’
2920 2623 3266 2702 Αὐςονίτην

681 2726 988 2806 Φύλαμον
1035 2727 1415 2809 δομήςεται»
1460 2727 1555 2809 (v.
1586 2724 1757 2807 593).
1838 2726 2167 2805 Βοιίτης.
2244 2726 2284 2791 Γ
2298 2725 2721 2814 εβεωνίὶτης
2765 2726 2956 2793 ἔθνος
3000 2726 3266 2807 πληςίον

680 2829 1169 2912 Ἱεροςολύμων,
1215 2830 1306 2895 ὡς
1350 2829 1650 2908 Ἰώςηπος
1694 2827 1805 2911 (Α.
1852 2827 1909 2891 Ι.
1961 2829 2018 2911 1,
2064 2829 2149 2910 2).
2220 2830 2260 2894 Γ
2272 2828 2644 2910 ολομίτης
2687 2828 2878 2895 ἔθνος
2920 2834 3034 2909 τῆς
3077 2831 3264 2896 Ἰδου-

682 2931 883 3012 μαίας.
929 2931 1308 3011 Διοχίτης
1352 2933 1529 3012 κώμη
1571 2931 1927 3013 Αἰγύπτου,
1981 2933 2053 2997 ἐν
2097 2933 2136 3017 ᾗ
2182 2932 2485 2997 τέθαπται
2531 2982 2544 2996 .
2591 2984 2604 2996 .
2652 2984 2664 2997 .
2711 2983 2724 2996 .
2769 2932 3025 3011 Ὄςιρις.
3106 2933 3264 2997 ἐθνι-

581 3047 647 3097 25
683 3036 800 3100 κὸν
854 3036 932 3100 τὸ
977 3034 1136 3100 αὐτὸ
1180 3034 1503 3115 Διοχίτης.
1601 3032 2058 3116 Ἁρματίτης
2113 3034 2365 3100 ἐθνικὸν
2418 3034 2747 3113 Ἁρμὰτων
2801 3035 3057 3101 πόλεως
3110 3038 3264 3114 πλη-

684 3142 991 3202 θυντικῶς
1036 3137 1292 3215 Ἰνδικῆς
1339 3138 1430 3202 ῶς
1473 3141 1591 3202 τοῦ
1637 3136 1796 3217 ἕρμα
1841 3138 2282 3217 ἑρματίτης·
2339 3136 2467 3201 ἔςτι
2511 3137 2613 3200 καὶ
2655 3137 2842 3202 πόλις
2884 3138 3263 3217 Ἁρματίτης.

680 3238 1083 3318 Ἐπαρίτης
1139 3239 1328 3305 ἔθνος
1373 3237 1730 3321 Ἀρκαδίας,
1785 3240 1932 3318 περὶ
1987 3238 2067 3305 οὗ
2121 3239 2448 3319 Ξενοφῶν
2505 3240 2607 3304 καὶ
2648 3239 2931 3320 Ἔφορος
2988 3241 3265 3320 καὶῖΑν-

682 3341 957 3420 δροτίων
1023 3340 1232 3421 φαςίν.
1336 3340 1835 3423 Εὐωνυμίτης
1907 3342 2098 3407 ἔθνος
2160 3342 2508 3419 Αἰγύπτιον
2582 3343 2747 3421 πρὸς
2816 3349 2894 3425 τῇ
2958 3343 3264 3425 Αἰθιοπίᾳ.

681 3444 1097 3521 Ἀλέξανδρος
1138 3443 1522 3511 Αἰθιοπικῶν
1566 3446 1821 3526 πρώτῳ.
1911 3444 2283 3526 Ἰβηρίτης
2338 3444 2376 3509 ὁ
2431 3446 2535 3509 καὶ
2575 3446 2744 3525 Ἴβηρ
2800 3445 3006 3510 ἔθνος.
3093 3446 3265 3522 Παρ·

581 3553 648 3604 30
683 3545 896 3609 θένιος
961 3544 1031 3609 ἐν
1094 3544 1404 3630 Λευκαδίᾳ
1472 3545 1817 3631 «Ιβηρίτῃ
1884 3547 2140 3613 πλεύςει
2207 3548 2278 3612 ἐν
2344 3547 2671 3630 αἰγιαλῷ».
2773 3547 3266 3627 Νεφθαλίτης

682 3647 873 3712 ἔθνος
916 3651 1229 3725 κρατῆςαν
1275 3652 1386 3726 τῆς
1431 3648 1550 3730 ἕω,
1599 3649 1688 3714 ῶς
1734 3649 2034 3728 Ἰώςηπος
2078 3648 2190 3731 (A.
2237 3649 2291 3715 Ῑ.
2336 3649 2410 3732 5,
2461 3650 2541 3732 1).
2629 3649 3035 3730 Ὁμηρίτης
3080 3650 3268 3715 ἔθνος

679 3748 1018 3814 Αἰθιόπων.
1107 3750 1459 3830 Ὀρβίτης
1514 3751 1703 3817 ἔθνος
1751 3753 2044 3835 Ἰνδικόν,
2092 3754 2182 3818 ῶς
2230 3753 2722 3830 Ἀπολλόδωρος
2767 3753 3081 3835 δευτέρῳ,
3126 3754 3269 3831 περὶ

682 3851 1177 3930 Ἀλεξάνδρειαν.
1267 3850 1646 3932 (αυνίτης
1689 3859 1820 3918 τῶν
1867 3854 2176 3931 Ἰαπύγων
2232 3854 2491 3934 ὅμορος.
2579 3854 2926 3934 Τρωῖτης
2981 3856 3267 3935 ποταμὸς

679 3953 1020 4031 Αἰγύπτου.
1121 3954 1386 4033 ἀςτίτη
1401 3976 1448 4019 ς.
1506 3954 1844 4036 (Σοφοκλῆς
1899 3957 2294 4040 Ἀλεξάνδρῳ
2353 3957 2475 4020 «οὐ
2529 3956 2651 4035 γάρ
2707 3978 2765 4021 τι
2822 3959 3018 4037 θεςμὰ
3070 3962 3268 4024 τοῑςιν

581 4065 645 4115 35
682 4055 956 4121 ἀςτίταις
995 4056 1223 4135 πρέπει
1241 4075 1274 4110 »ν
1312 4058 1415 4121 καὶ
1457 4061 1738 4138 «βοτῆρα
1780 4063 1962 4124 νικᾶν
2008 4058 2246 4140 ἄνδρας
2292 4059 2558 4124 ἀςτίτας.
2632 4059 2691 4122 τί
2730 4059 2925 4138 γάρ;»
2975 4060 3267 4126 ἐντεῦθεν

682 4159 787 4223 καὶ
828 4158 904 4222 τὸ
951 4159 1022 4224 ἐν
1067 4165 1142 4241 τῇ
1189 4158 1481 4244 ςυνηθείᾳ
1526 4162 2015 4240 προαςτίτης.
2090 4162 2171 4227 οὐ
2227 4162 2350 4241 γὰρ
2395 4162 2570 4240 παρὰ
2626 4163 2701 4227 τὸ
2746 4164 3126 4242 προάςτιον·
3190 4163 3266 4241 ἦν

681 4260 805 4337 γάρ
849 4261 1206 4338 προαςτεύς
1253 4262 1343 4325 ῶς
1386 4261 1801 4346 Δουλιχιεύς,
1857 4266 1896 4343 ἢ
1942 4265 2287 4342 προάςτιος
2346 4266 2436 4330 ὡς
2482 4265 2841 4331 Βυζάντιος.
2932 4265 3105 4330 οὕτω
3148 4266 3266 4342 γὰρ

682 4365 786 4427 καὶ
839 4364 915 4428 τὸ
969 4364 1247 4442 θηλυκὸν
1305 4363 1648 4444 εὑρίςκεται
1704 4367 2017 4446 προαςτία
2074 4370 2153 4445 γῆ
2212 4368 2281 4433 ἐν
2338 4367 2547 4452 Φρίξῳ
2605 4365 3019 4448 (Σοφοκλέους
3084 4368 3266 4445 «ὅρια

682 4464 990 4529 κελεύθου
1044 4469 1230 4543 τῆςδε
1285 4470 1402 4544 γῆς
1446 4469 1853 4545 προαςτίας».
1933 4469 2360 4549 ἀςπιδίτης.
2451 4469 2789 4549 (οφοκλῆς
2844 4470 2915 4534 ἐν
2963 4468 3264 4549 Ναυπλίῳ

579 4576 647 4627 40
685 4567 1107 4632 καταπλέοντι
1164 4566 1357 4631 «ἀλλ’
1400 4567 1729 4649 άςπιδίτην
1786 4569 1948 4637 ὄντα
2003 4572 2105 4637 καὶ
2158 4574 2678 4653 πεφραγμένον».
2766 4570 3264 4651 παραιγιαλί-

681 4689 813 4747 της
860 4668 1035 4746 ἰχθῦς
1080 4671 1255 4748 παρὰ
1299 4671 1416 4734 τὸν
1459 4670 1752 4746 αἰγιαλὸν
1797 4674 2244 4755 εὑριςκόμενος
2292 4675 2382 4739 ὼς
2426 4675 3069 4758 Παρωκεανίτης,
3112 4675 3263 4739 Πα·

683 4926 720 4979 1.
762 4930 786 4976 1
826 4923 1082 4998 ζευγίτης
1118 4955 1182 4964 ——
1220 4924 1482 4994 λυχνίτης
1519 4928 1558 4981 l.
1595 4933 1626 4980 3
1671 4933 1801 4981 sunt
1836 4945 1904 4981 ex
1942 4931 2189 4996 Theogn.
2228 4934 2319 4995 45,
2366 4933 2398 4983 ’1
2434 4933 2649 4985 nomine
2686 4928 2953 4997 Θερςίτης
2988 4949 3057 4984 ex
3092 4934 3171 4986 St.
3206 4931 3263 4980 B.
3382 4977 3387 4983 .
