3664 5546
705 267 830 333 318
1241 272 1260 291 ·
1644 265 1725 320 εκ
1763 265 1904 319 mm
1946 263 2355 318 ΗΡΩΔιΑΝοΥ

705 438 934 502 αἰδοῖα.
1025 435 1380 513 Νίκανδρος
1423 434 1494 499 ἐν
1538 439 1630 518 τῷ
1673 434 1730 512 η’
1776 433 2056 498 (Σικελίας
2112 434 2253 498 «καί
2297 454 2391 499 τις
2434 435 2537 499 καὶ
2578 434 2873 511 Ζάγκλης
2927 432 3082 511 ἐδάη
3124 434 3299 512 Δρε-

703 540 1016 617 πανηῒδος
1059 536 1211 602 ἄςτυ
1229 562 1273 600 ».
1329 538 1407 602 τὸ
1449 537 1573 615 γὰρ
1618 536 1944 615 δρέπανον
1990 535 2055 600 οἱ
2099 534 2344 600 (Σικελοὶ
2384 536 2664 612 ζάγκλον
2708 539 2985 602 καλοῦςι.
3030 535 3296 614 αἴγλη·

704 639 913 705 οὕτως
958 641 1029 704 δὲ
1084 640 1405 718 πρότερον
1451 638 1737 702 ἐκαλεῖτο
1784 636 1953 718 (Σύμη
1997 641 2189 715 νῆςος
2246 637 2493 715 Καρική.
2584 638 2801 715 ςίγλη
2858 638 2936 702 τὸ
3001 637 3297 721 ἐνώτιον,

701 743 1017 823 ζεύγλη,
1061 741 1222 818 ὅπερ
1267 740 1443 819 παρὰ
1486 743 1625 804 τοῖς
1678 738 1968 818 ἀρχαίοις
2022 738 2182 802 κατὰ
2225 741 2558 817 ποιητικὴν
2604 738 2894 806 ἐξουςίαν
2945 739 3296 837 ςυνέςτειλε

640 845 780 909 5τὸ
835 846 876 922 ἦ
935 842 1023 908 εἰς
1077 843 1119 905 ἆ
1172 845 1421 917 ζεῦγλα.
1509 841 2176 923 φύτλη,·τρώγλη.
2263 841 2501 920 Ὗβλη
2566 840 2754 905 πόλις
2807 839 2879 904 ἐν
2946 838 3187 924 (Σικελίᾳ
3248 840 3295 917 ἡ

703 945 968 1023 ὕςτερον
1014 943 1282 1022 Μέγαρα
1325 942 1457 1007 ἀπὸ
1502 942 1841 1022 Ὕβλωνος
1888 942 2205 1020 βαςιλέως.
2265 941 2378 1006 εἰςὶ
2421 943 2493 1007 δὲ
2536 945 2705 1021 τρεῖς
2749 941 2970 1006 πόλεις
3014 939 3296 1005 (ικελίας

701 1047 949 1125 Ὕβλαι.
1036 1044 1162 1110 ἔςτι
1206 1045 1310 1109 καὶ
1349 1044 1538 1109 πόλις
1581 1042 1855 1107 Ἰταλίας.
1944 1044 2194 1126 κίχλη,
2238 1043 2516 1125 χύτλη,
2567 1044 2869 1126 τρίγλη,
2928 1043 3295 1125 ςτρέβλη,

701 1148 740 1212 ὃ
785 1147 1171 1226 παραλόγως
1216 1146 1482 1225 ςτρέβλα
1523 1146 1775 1226 γραφὲν
1820 1144 1951 1209 ὑπό
1995 1166 2191 1210 τινων
2236 1144 2663 1227 διορθωτέον,
2709 1143 3025 1226 ὁμίχλη,
3070 1144 3293 1220 γενέ-

702 1251 859 1327 θλη.
948 1248 1305 1328 Ἀμύκλαι
1348 1246 1536 1311 πόλις
1579 1246 1909 1325 Λακωνικὴ
1962 1251 2094 1312 τῶν
2139 1247 2370 1313 ἑκατὸν
2424 1246 2714 1328 πόλεων,
2768 1246 2849 1323 ἣν
2892 1246 3198 1326 Ἀμύκλας
3250 1245 3293 1308 ὁ

607 1360 669 1412 10
703 1349 1177 1429 Λακεδαίμονος
1232 1347 1369 1413 υἱὸς
1423 1347 1678 1413 ἔκτιςεν.
1780 1348 2048 1426 Μόκλη
2109 1349 2284 1429 κώμη
2340 1347 2635 1426 Φρυγίας.
2732 1346 3052 1426 Πρόκλη
3106 1345 3295 1411 πόλις

704 1450 949 1516 Λυδίας.
1037 1451 1114 1515 τὸ
1161 1450 1377 1528 μέντοι
1434 1449 1736 1530 ὁμοκλή
1791 1449 1896 1512 καὶ
1948 1447 2152 1527 ὁπλή
2206 1447 2639 1528 προςηγορικά
2694 1447 2806 1512 εἰςι
2862 1448 2965 1541 καὶ
3007 1448 3293 1527 παραλή-

702 1573 923 1629 γουςιν
967 1556 1038 1635 ὃ,
1084 1551 1188 1615 καὶ
1231 1552 1307 1616 τὸ
1352 1550 1584 1630 κεβλή
1629 1548 1762 1614 ἀπὸ
1805 1554 1924 1614 τοῦ
1969 1551 2219 1630 κεφαλή
2262 1550 2512 1626 γέγονε.

873 1654 967 1718 Τὰ
1022 1653 1113 1718 εἰς
1160 1639 1243 1731 ἦ
1287 1654 1610 1732 μονογενῆ
1655 1650 2000 1731 διςύλλαβα
2044 1652 2243 1735 ἑτέρῳ
2297 1638 2333 1715 λ
2389 1650 2890 1732 παραληγόμενα
2935 1649 3291 1734 βαρύνεται,

499 1820 520 1843 ,
702 1757 958 1836 Ἕλλη,
1006 1755 1281 1835 πέλλη,
1325 1752 1563 1830 ’Ύλλη
1607 1751 1810 1817 πόλις.
1897 1753 1973 1816 τὸ
2020 1754 2091 1818 δε
2136 1754 2381 1831 κυλλή
2422 1753 2720 1829 τριγενές.

604 1867 668 1919 15
871 1855 967 1920 Τὰ
1021 1853 1110 1919 εἰς
1155 1840 1241 1933 Π]
1287 1857 1608 1934 μονογενῆ
1652 1854 1997 1934 διςύλλαβα
2025 1853 2527 1933 παραληγόμενα
2569 1860 2662 1937 τῷ
2706 1858 2748 1917 ᾶ
2791 1854 2831 1932 ἢ
2865 1857 2898 1917 ἒ
2931 1853 3289 1935 βαρύνεται,

703 1956 1131 2023 ἀςυνάλειπτα
1173 1956 1366 2037 ὄντα,
1410 1954 1645 2037 πάλη,
1702 1954 1786 2019 ςά
1805 1957 1894 2035 λη
1936 1954 1976 2032 ἡ
2022 1955 2323 2038 φροντίς,
2369 1955 2521 2022 ὅθεν
2572 1954 2808 2035 ἀςαλής
2850 1954 2888 2019 ὁ
2933 1953 3293 2036 ἀμέριμνος.

702 2058 1013 2138 Αἰςχύλος
1059 2055 1336 2134 «ἀςαλὴς
1381 2055 1609 2136 μανία»
1656 2055 1759 2120 καὶ
1802 2055 2068 2122 ἀςαλίαν
2100 2055 2393 2136 (Σώφρων
2436 2058 2554 2136 τὴν
2585 2055 2959 2137 ἀμεριμνίαν
3004 2059 3106 2123 καὶ
3137 2056 3292 2121 ἀλο-

702 2160 940 2235 γιςτίαν
996 2161 1191 2223 καλεῖ.
1279 2157 1499 2238 ζάλη,
1556 2156 1698 2236 ἄλη
1753 2156 1793 2234 ἡ
1838 2158 2093 2241 πλάνη,
2152 2157 2316 2241 ἕλη,
2371 2158 2574 2237 Ζέλη
2635 2159 2825 2223 πόλις
2881 2158 3187 2243 Τρῳάδος
3253 2160 3293 2235 ἣ

704 2262 808 2325 καὶ
848 2260 1093 2325 Ζέλεια.
1149 2258 1356 2337 Πέλη
1397 2258 1585 2322 πόλις
1616 2258 1955 2337 Θεςςαλικὴ
1987 2260 2195 2342 διττή,
2236 2259 2345 2338 μία
2374 2261 2491 2339 μὲν
2521 2259 2650 2325 ὑπὸ
2681 2259 3067 2343 Εὐρυπύλῳ,
3108 2259 3295 2338 ἑτέρα

602 2373 671 2425 20
705 2363 777 2427 δὲ
819 2362 950 2426 ὑπὸ
984 2361 1284 2443 Ἀχιλλεῖ,
1333 2360 1435 2425 καὶ
1479 2357 1611 2426 ἀπὸ
1654 2365 1772 2425 τοῦ
1800 2360 1982 2440 Πέλη
2024 2361 2280 2426 Πέλεια.
2349 2360 2524 2439 Ἁλή
2569 2362 2642 2426 δὲ
2685 2361 2873 2426 πόλις
2915 2362 3295 2440 πρόςχωρος

702 2470 779 2548 τῇ
822 2461 1072 2545 Ἀργείᾳ
1116 2463 1217 2525 καὶ
1259 2460 1433 2525 Ἁλαί
1477 2461 1896 2541 Ἀραφηνίδες
1939 2464 2043 2527 καὶ
2084 2462 2259 2527 Ἁλαί
2300 2461 2665 2544 Αἰξωνίδες,
2712 2466 2899 2542 δῆμοι
2942 2466 3055 2541 τῆς
3098 2462 3293 2527 Ἀττι-

702 2568 815 2642 κῆς
859 2563 1196 2631 ὀξυτόνως.
1284 2562 1411 2628 ἔςτι
1469 2565 1541 2628 δὲ
1597 2564 1700 2628 καὶ
1743 2564 1928 2642 λίμνη
1985 2564 2054 2628 ἐκ
2097 2562 2419 2642 θαλάςςης.
2508 2563 2622 2628 εἰςὶ
2676 2565 2748 2629 δὲ
2803 2564 2909 2628 καὶ
2948 2563 3123 2628 Ἁλαί
3174 2563 3294 2627 πό-

705 2669 887 2747 λιςμα
932 2663 1255 2730 Βοιωτίας.
1339 2663 1704 2731 Παυςανίας
1748 2664 1959 2749 ἐνάτῳ
2003 2664 2137 2747 (24,
2181 2664 2267 2745 5).
2355 2666 2458 2729 καὶ
2500 2668 2613 2742 τῆς
2660 2664 2929 2731 Κιλικίας
2972 2666 3044 2730 δὲ
3087 2665 3291 2729 πόλις.

703 2768 779 2833 τὸ
824 2768 897 2832 δὲ
938 2769 1137 2846 γαλῆ
1181 2768 1553 2846 περιςπᾶται
1598 2765 1730 2831 ἀπὸ
1775 2767 2204 2846 ςυναιρέςεως.

602 2886 668 2936 25
875 2870 969 2934 Τὰ
1012 2870 1118 2934 διὰ
1146 2872 1264 2933 τοῦ
1307 2854 1427 2950 ἦλ-ι]
1483 2868 1827 2948 διςύλλαβα
1886 2869 2256 2953 βαρύνεται,
2312 2869 2368 2934 εἰ
2426 2871 2507 2948 μὴ
2564 2868 2697 2934 ἀπὸ
2755 2869 2981 2935 δαςέος
3024 2868 3292 2948 ἄρχοιτο

704 2971 1085 3054 ςυμφώνου,
1131 2971 1392 3050 ςτήλη·
1448 2969 1577 3035 ἔςτι
1632 2971 1735 3034 καὶ
1778 2970 2057 3047 (τῆλαι
2112 2972 2301 3036 πόλις
2359 2972 2598 3051 Κρήτης
2653 2971 2918 3051 πληςίον
2960 2970 3293 3050 Παραιςοῦ

703 3074 806 3138 καὶ
860 3072 1206 3151 Ῥιθύμνης.
1296 3072 1523 3152 μήλη,
1579 3070 1803 3153 κήλη,
1858 3071 2073 3149 Πήλη
2141 3073 2327 3151 μικρὰ
2378 3075 2600 3156 νῆςος,
2665 3072 2808 3154 μεθ’
2861 3071 2954 3138 ὧν
3021 3073 3125 3136 καὶ
3184 3069 3293 3149 ἴλη

704 3173 1014 3256 ἄθροιςις,
1059 3172 1137 3236 τὸ
1183 3171 1255 3235 δὲ
1300 3172 1496 3249 χηλή
1540 3171 1641 3234 καὶ
1683 3172 1879 3249 θηλή
1922 3170 2213 3239 ὀξύνεται
2261 3174 2351 3239 ὡς
2394 3173 2527 3240 ἀπὸ
2572 3174 2796 3239 δαςέος
2839 3172 3181 3254 ἀρχόμενα

744 3411 802 3446 ro
846 3396 982 3445 rium
1018 3389 1194 3454 Αἴγλη
1231 3389 1424 3441 addidi
1461 3405 1528 3440 ex
1564 3391 1757 3443 eodem
1780 3408 1823 3444 s.
1853 3390 2022 3460 (ζύμη.
2069 3394 2275 3459 ζεύγλη
2314 3394 2537 3460 explevi
2573 3411 2642 3446 ex
2668 3393 2860 3446 Choer.
2883 3395 3034 3446 Diot.
3058 3397 3179 3458 325,
3206 3397 3292 3449 12.

702 3412 884 3528 ΒΥβῖη
920 3458 1113 3512 addidi
1151 3474 1217 3509 ex
1243 3457 1323 3508 St.
1345 3460 1408 3510 Β.
1434 3460 1563 3522 439,
1603 3461 1696 3523 10;
1731 3476 1782 3525 p.
1821 3462 1947 3526 645,
1984 3467 2015 3512 2
2040 3460 2221 3526 Ὗβλα
2244 3463 2447 3514 Dorice
2472 3468 2720 3518 vocatur.
2770 3460 2931 3527 κίχλη
2956 3490 3023 3499 —-
3047 3461 3289 3526 γενέθλη

705 3535 834 3581 sunt
870 3544 938 3580 ex
960 3525 1233 3605 Eustath.
1272 3527 1385 3588 117,
1420 3528 1487 3576 44
1523 3533 1581 3578 et
1619 3530 1774 3589 1934,
1819 3531 1912 3593 22,
1961 3545 2096 3595 quos
2139 3530 2292 3581 locos
2337 3545 2503 3597 supra
2548 3547 2602 3596 p.
2637 3533 2763 3595 255,
2810 3532 2907 3582 ubi
2953 3532 3020 3581 de
3059 3532 3291 3581 nomini-

703 3616 806 3665 bus
858 3614 916 3662 in
971 3614 1041 3663 λα
1086 3610 1296 3675 agitur,
1343 3612 1618 3676 proposui.
1698 3613 1762 3662 In
1819 3613 1959 3665 libro
2004 3614 2134 3679 περὶ
2180 3614 2497 3680 ποςότητος
2545 3616 2635 3666 Cr.
2680 3616 2738 3666 11
2781 3618 2909 3679 302,
2960 3616 3049 3665 18:
3104 3612 3288 3679 κίχλη,

703 3679 863 3746 τρίγλ
916 3717 930 3743 ,
968 3675 1170 3742 ὁμίχλη
1208 3676 1351 3728 κατὰ
1385 3678 1607 3742 τροπὴν
1644 3678 1896 3744 Ἰωνικὴν
1934 3698 2001 3733 ex
2036 3679 2261 3747 τρίγλα,
2301 3681 2489 3748 κίχλα,
2527 3680 2730 3748 ὀμίχλα
2767 3688 2902 3733 nata
2939 3682 3209 3733 dicuntur.

703 3748 737 3798 l.
777 3751 842 3798 14
951 3747 1056 3811 λλη
1096 3745 1285 3795 addidi
1322 3762 1389 3796 ex
1426 3747 1505 3796 St.
1541 3747 1604 3796 B.
1743 3749 1780 3802 l.
1819 3753 1884 3800 16
1920 3750 1991 3800 ad
2028 3748 2166 3817 ςάλη
2205 3751 2394 3801 addidi
2442 3753 2611 3802 verba
2647 3751 2783 3803 ὅθεν
2819 3777 2885 3786 -·
2921 3751 3078 3802 καλεῖ
3116 3767 3183 3801 ex
3219 3750 3286 3800 Ε.

702 3817 779 3867 Μ.
820 3816 935 3879 151,
972 3815 1064 3864 48:
1103 3810 1310 3875 ἀςαλὴς
1345 3810 1381 3874 ἡ
1419 3812 1688 3878 ἄφροντις
1727 3814 1761 3878 ἡ
1804 3817 2045 3883 μηδενὸς
2082 3816 2476 3884 φροντίζουςα·
2525 3817 2663 3884 ςάλη
2711 3818 2818 3884 γὰρ
2853 3846 2920 3853 -
2958 3815 3140 3882 μανία.
3195 3817 3289 3870 οὕ-

701 3897 819 3934 τως
855 3878 1196 3946 Ἡρωδιανὸς
1232 3879 1323 3930 καὶ
1361 3879 1813 3947 Ἀπολλόδωρος·
1852 3885 1942 3936 καὶ
1977 3884 2084 3951 γὰρ
2119 3913 2185 3922 —-
2221 3887 2393 3938 καλεῖ.
2463 3888 2696 3938 Videtur
2730 3887 2985 3938 vocabuli
3018 3888 3289 3952 interpre-

703 3952 839 4002 tatio
877 3950 1053 4001 locum
1088 3948 1347 4002 habuisse
1384 3947 1447 3999 ἑν
1481 3953 1600 4002 τοῖς
1636 3952 1764 4015 περὶ
1802 3950 2110 4017 Εώφρονο(
2134 3954 2466 4020 Apollodori.
2494 3953 2675 4005 Schol.
2698 3956 2771 4005 ad
2795 3955 2863 4008 Il.
2889 3953 2926 4006 Ε
2952 3956 3070 4005 576.
3095 3980 3158 3990 -
3185 3952 3287 4017 ἕλη

703 4019 939 4070 accessit
974 4033 1041 4069 ex
1077 4032 1286 4067 canone
1323 4017 1749 4084 orthographico
1785 4021 1843 4071 iu
1879 4021 1980 4071 An.
2018 4021 2121 4072 Ox.
2158 4023 2217 4072 ΙΙ
2251 4024 2369 4085 326,
2406 4025 2454 4072 3.
2522 4020 2674 4087 Ζέλη
2712 4027 2769 4073 et
2804 4021 2965 4087 Πέλη
3004 4038 3071 4073 ex
3108 4022 3187 4074 St.
3220 4023 3287 4071 B.

702 4087 787 4137 De
826 4084 960 4149 Ἁλή
995 4084 1264 4136 Arcadius
1307 4083 1447 4136 haec
1488 4092 1706 4138 tantum
1751 4088 1922 4139 habet
1967 4087 2100 4152 Ἁλή
2145 4088 2208 4140 δὲ
2252 4089 2427 4154 δῆμος
2470 4091 2575 4154 τῆς
2614 4088 2870 4155 Ἀττικῆς
2913 4088 3286 4152 ὀξυνόμενον;

701 4155 824 4221 ipso
871 4152 1089 4219 explevi
1134 4169 1201 4204 ex
1237 4151 1318 4204 St.
1353 4153 1415 4203 B.
1454 4155 1545 4217 68,
1583 4158 1615 4206 ὅ
1657 4157 1753 4206 ubi
1799 4156 2035 4207 diserte:
2082 4154 2307 4219 λέγεται
2351 4155 2638 4208 ὀξυτόνως
2684 4164 2743 4208 et
2788 4154 2943 4209 Ἁλαί
2989 4157 3175 4208 adieci
3220 4172 3288 4207 ex

702 4239 756 4289 p.
792 4223 874 4288 67,
915 4225 992 4273 10.
1119 4219 1182 4270 ’1.
1217 4223 1284 4273 26
1321 4218 1527 4286 Ετῆλαι
1562 4222 1755 4274 addidi
1791 4239 1859 4273 ex
1895 4223 1974 4274 St.
2011 4224 2101 4288 Β.,
2139 4223 2308 4289 Πήλη
2356 4241 2423 4275 ex
2459 4225 2702 4290 Theogn.
2744 4228 2867 4289 110,
2904 4227 2971 4276 20
3018 4228 3073 4275 et
3108 4225 3184 4277 St.
3224 4224 3287 4274 B.

704 4323 747 4358 s.
783 4323 866 4368 v.,
910 4306 1006 4356 ubi
1051 4305 1339 4357 adiicitur:
1389 4306 1686 4372 βαρύνεται
1730 4305 1815 4357 δέ·
1863 4305 1977 4359 «τὰ
2020 4306 2127 4372 γὰρ
2173 4307 2263 4359 διὰ
2313 4310 2418 4360 τοῦ
2465 4310 2575 4374 ηλη
2613 4307 2911 4372 διςύλλαβα
2957 4307 3286 4373 βαρύνεςθαι

702 4372 880 4439 θέλει,
927 4370 990 4434 εἰ,
1023 4373 1097 4438 μὴ
1141 4371 1257 4426 ἀπὸ
1300 4374 1493 4427 δαςέος
1530 4371 1757 4439 ἄρχεται
1802 4372 2110 4438 ςυμφώνου
2157 4372 2282 4427 οἷον
2320 4374 2498 4441 μήλη,
2536 4374 2712 4441 ςτήλη
2726 4389 2773 4429 5).
2809 4403 2875 4412 ——
2909 4374 3005 4441 ἴλη
3041 4392 3138 4442 pro
3174 4375 3287 4439 ἥλη

703 4443 902 4509 scripsi
939 4458 1058 4493 cum
1098 4443 1341 4494 Schmidt
1378 4459 1444 4494 ex
1484 4444 1621 4493 libro
1658 4440 1787 4506 περὶ
1824 4441 2142 4507 ποςότητος
2182 4443 2269 4494 Cr.
2294 4447 2394 4498 An.
2421 4446 2522 4495 Ox.
2557 4446 2613 4495 11
2650 4447 2767 4508 303,
2807 4446 2888 4495 18.
2933 4444 3288 4494 Herodianus

701 4511 805 4562 hoc
841 4512 960 4563 loco
996 4513 1184 4577 posuit
1216 4509 1311 4575 ἴλη
1348 4510 1454 4572 (sic
1490 4510 1634 4561 enim
1669 4510 2004 4561 vocabulum
2038 4509 2282 4574 ἄθροιςιν
2319 4511 2637 4576 significans
2672 4512 3028 4562 Herodianus
3063 4511 3290 4577 scripsit

664 4635 668 4644 ,
703 4584 846 4632 teste
881 4578 1214 4644 Hesychio)‚
1267 4583 1329 4628 ut
1364 4583 1654 4644 separaret
1698 4578 1767 4628 ab
1805 4575 1929 4642 εἴλη
1976 4586 2172 4645 postea
2217 4579 2432 4645 prolato
2478 4577 2513 4642 ἡ
2560 4577 2854 4644 θερμαςία,
2908 4579 3051 4645 quod
3095 4579 3287 4630 eodem

699 4647 979 4714 Hesychio
1024 4651 1170 4699 teste
1217 4663 1315 4713 per
1359 4646 1760 4712 diphthongum
1805 4645 2071 4696 exhibuit.
2143 4646 2448 4712 Goettling.
2496 4664 2548 4713 p.
2591 4649 2684 4699 151
2722 4647 2834 4712 ἤλη
2880 4662 2977 4712 pro
3023 4643 3153 4697 ἁλία
3196 4663 3287 4696 ac·

701 4717 858 4783 cipit.
