3664 5546
1566 424 1984 476 PRAEFATIO.
2839 424 3066 473 CCXXV

489 582 588 647 his
634 582 740 649 vel
785 582 844 646 si
888 604 997 647 eas
1044 602 1307 662 causas,
1365 601 1526 667 quas
1572 579 1964 662 memoravi,
2021 576 2382 665 improbes,
2440 575 2793 665 Sophocles
2846 588 3064 665 poeta,

485 707 678 769 quem
718 684 1084 749 accuratius
1128 681 1474 767 designare
1517 702 1647 745 non
1690 702 1852 768 opus
1897 679 2056 762 fuit,
2104 679 2619 747 commendatur.

651 785 784 851 Ubi
827 784 1032 869 igitur
1077 782 1338 850 Scholia
1382 781 1821 871 Apolloniana
1848 805 2011 847 cum
2056 782 2388 869 Stephano
2434 790 2831 866 congruunt,
2889 782 3065 870 quod

483 887 659 953 haud
713 885 936 951 multis
991 885 1151 951 locis
1208 885 1315 969 fit,
1375 883 1781 950 Scholiorum
1834 883 1981 950 fons
2042 895 2144 950 est
2188 882 2543 972 Sophocles
2598 892 3066 949 commentator

484 987 814 1073 Apollonii
871 987 1049 1073 (nam
1090 985 1382 1052 Lucillus
1428 985 1798 1052 Tarrhaeus
1858 997 1923 1052 et
1964 986 2144 1051 Theo
2201 1007 2241 1050 a
2296 986 2623 1074 Stephano
2679 1008 3062 1052 commemo-

483 1099 711 1154 rantur
769 1090 1061 1177 quidem,
1121 1088 1240 1154 sed
1294 1112 1427 1155 non
1481 1087 1567 1154 ad
1623 1087 2050 1177 Apollonium
2116 1098 2382 1175 poetam
2438 1085 2897 1174 explicandum
2952 1111 3062 1154 ex-

484 1201 673 1279 cepto
719 1192 1003 1258 fortasse
1046 1214 1178 1257 uno
1222 1189 1365 1257 loco
1411 1214 1463 1256 s.
1509 1215 1574 1256 v.
1618 1192 1839 1258 Ἀλοε·
1901 1193 2086 1257 Θέων
2141 1193 2213 1257 δέ
2258 1212 2439 1272 φηςι,
2497 1193 2595 1257 ὅτι
2636 1192 2832 1257 Ἀλοε
2877 1192 3060 1272 θερά-

485 1315 685 1360 παινα
726 1294 805 1375 ἦν
849 1293 1238 1375 Ἀθάμαντος
1291 1294 1330 1373 ἡ
1375 1295 1698 1375 μηνύεαεα
1750 1296 1868 1374 τὴν
1912 1294 2049 1359 Ἰνὼ
2106 1294 2379 1375 φρύγειν
2433 1294 2516 1358 τὰ
2576 1294 2901 1374 σπέρματα
2912 1343 2932 1377 ,
2986 1293 3064 1374 ἦ(

483 1397 572 1462 εἰ(
617 1399 800 1477 τιμὴν
844 1398 961 1476 τὴν
1004 1397 1195 1463 πόλιν
1239 1396 1558 1480 ὠνόμαεε,
1603 1417 1794 1483 quem
1822 1393 2035 1459 locum
2064 1393 2349 1463 Meinek.
2395 1393 2481 1459 ad
2526 1394 3063 1460 commentarium

480 1495 936 1584 Lycophronis
980 1495 1235 1580 retulit,
1283 1496 1401 1562 sed
1444 1496 1809 1562 Ahrensius
1843 1494 2071 1561 Bucol.
2100 1495 2171 1562 II
2213 1519 2278 1582 p.
2312 1494 2559 1561 XXIX
2603 1496 2688 1562 ad
2731 1494 3060 1584 Aponon„

482 1599 600 1663 ubi
653 1597 722 1662 in
778 1597 991 1664 Schol.
1041 1598 1112 1664 II
1163 1599 1291 1663 514
1341 1599 1760 1680 Ἀθαμάντιον
1817 1601 1890 1664 δὲ
1945 1599 2170 1666 πεδίον
2225 1598 2398 1665 οὕτω
2452 1599 2853 1680 καλούμενον
2911 1601 3062 1679 περὶ

480 1703 598 1781 τὴν
640 1700 902 1785 Ἄλον),
950 1701 1264 1788 Stephani
1321 1711 1540 1766 autem
1585 1699 2033 1781 Herodianus,
2091 1702 2201 1788 qui
2260 1709 2325 1764 et
2376 1700 2518 1787 ipse
2561 1698 2949 1786 Sophoclem
2991 1701 3059 1765 in

481 1824 671 1866 usum
729 1825 918 1867 suum
972 1802 1280 1869 adhibuit
1332 1802 1579 1890 pariter
1637 1812 1832 1890 atque
1887 1801 2203 1867 Nicandri
2256 1811 2795 1867 commentatores
2851 1802 3060 1868 Theo—

480 1925 662 1986 nem,
716 1902 1135 1970 Plutarchum
1192 1913 1257 1969 et
1302 1904 1715 1970 Demetrium
1762 1902 2110 1986 Chlorum,
2166 1904 2283 1969 ubi
2344 1903 2426 1969 de
2473 1905 2729 1970 nomine
2778 1907 3057 1988 Κορόπη,

479 2006 660 2069 cuius
691 2004 934 2088 gentile
969 2008 1332 2086 Κοροπαῖο(
1367 2028 1471 2094 ap.
1497 2006 1899 2072 Nicandrum
1932 2000 2272 2095 reperitur,
2301 2008 2439 2090 agit
2471 2029 2575 2093 ap.
2601 2006 2695 2072 St.
2720 2007 2798 2073 B.
2822 2006 2971 2089 375,
2994 2007 3057 2073 8.

477 2105 646 2170 Nam
690 2104 844 2172 licet
887 2130 972 2173 ex
1013 2106 1401 2195 geographis
1448 2122 1515 2173 et
1556 2107 1884 2175 historicis
1927 2109 2089 2195 ipsis
2147 2108 2500 2173 maximam
2553 2120 2806 2195 partem
2849 2130 3055 2193 suam,

481 2230 676 2296 quam
723 2207 915 2292 dicit,
961 2209 1303 2275 historiam
1344 2209 1609 2297 petivit,
1654 2219 1873 2275 tamen
1926 2210 2169 2297 ubique
2215 2211 2410 2275 etiam
2466 2210 2779 2296 speciales
2838 2212 3055 2297 singu-

479 2309 686 2375 lorum
730 2311 1151 2398 scriptorum,
1208 2333 1368 2399 quos
1425 2312 1493 2376 in
1547 2309 1733 2378 libris
1792 2313 1928 2377 suis
1983 2312 2337 2378 testimonii
2389 2310 2529 2376 loco
2572 2313 2824 2399 posuit,
2882 2335 3053 2378 com-

475 2411 828 2478 mentarios
874 2412 1329 2499 pervolutasse
1373 2422 1441 2478 et
1483 2435 1651 2500 quae
1694 2416 1844 2478 usui
1902 2424 2121 2497 erant,
2179 2415 2502 2502 recepisse
2556 2413 2886 2501 putandus
2931 2426 3053 2480 est.

644 2512 1000 2601 Apollonio
1032 2513 1286 2580 Rhodio
1317 2513 1767 2581 Herodianum
1813 2514 2088 2580 multum
2133 2514 2335 2581 studii
2377 2515 2775 2602 impendisse
2817 2514 2924 2581 vel
2968 2538 3052 2581 ex

473 2616 587 2697 iis,
646 2638 811 2703 quae
867 2614 1192 2699 diximus,
1249 2615 1467 2702 colligi
1522 2626 1770 2705 potest,
1841 2617 1958 2683 sed
2015 2619 2072 2683 si
2127 2628 2389 2705 reputes
2457 2639 2561 2705 ap.
2625 2618 2719 2682 St.
2778 2617 2854 2682 B.
2914 2640 3052 2682 sae-

473 2716 742 2805 pissime
807 2715 1140 2805 Apollonii
1206 2719 1649 2786 testimonium
1714 2718 2028 2808 appellari
2100 2728 2167 2785 et
2232 2742 2273 2784 a
2336 2718 2785 2787 Choerobosco
2857 2717 3049 2785 huius

471 2828 706 2906 poetae
749 2819 924 2885 haud
965 2821 1411 2908 infrequenter
1463 2823 1857 2887 mentionem
1913 2822 2125 2905 iniici,
2182 2824 2391 2907 magis
2452 2823 2649 2888 etiam
2704 2830 2964 2909 poetam
3010 2844 3051 2887 a

471 2932 692 2987 nostro
735 2922 1157 3007 grammatico
1202 2934 1502 2989 accurate
1545 2921 1900 3011 perlectum
1944 2947 2087 2989 esse
2130 2947 2467 3009 agnosceS.
2533 2924 2754 2990 Adeas
2798 2924 3051 2990 interea

472 3024 529 3087 si
573 3021 812 3110 placet,
858 3024 1107 3090 indices
1153 3026 1238 3090 ad
1284 3024 1503 3113 Steph.
1552 3036 1620 3091 et
1665 3026 1984 3092 Choerob.

639 3128 896 3211 Agmen
937 3125 1224 3193 claudat·
1251 3129 1717 3215 grammaticus
1760 3128 2037 3194 Latinus
2081 3127 2472 3194 Priscianus.

1483 3381 1591 3448 De
1634 3382 2029 3449 Prisciano.

639 3533 1013 3599 Priscianus
1082 3537 1349 3600 summis
1423 3535 1727 3602 laudibus
1794 3536 1982 3602 effert
2050 3534 2496 3601 Herodianum
2574 3557 2778 3622 aeque
2848 3545 3043 3623 atque

470 3645 719 3722 patrem
768 3638 906 3700 eius
953 3636 1405 3724 Apollonium,
1450 3661 1643 3725 quem
1689 3638 1758 3704 II
1803 3638 1906 3721 95,
1959 3638 2035 3702 14
2077 3637 2442 3703 Herodiani
2486 3649 2737 3726 patrem
2778 3637 3042 3704 honoris

468 3759 669 3802 causa
713 3750 932 3823 vocat3
979 3739 1142 3804 dicit
1185 3739 1358 3804 enim
1404 3740 1436 3805 I
1488 3743 1552 3823 l,
1599 3741 1638 3806 8
1685 3739 1951 3826 (Hertz)
1999 3741 2195 3827 «quid
2251 3742 2421 3805 enim
2468 3739 2833 3806 Herodiani
2889 3742 3040 3805 arti-

469 3840 591 3904 bus
657 3840 933 3921 certius,
979 3840 1156 3957 ‘quid
1210 3841 1540 3930 Apollonii
1605 3841 2005 3930 scrupulosis
2072 3842 2567 3929 quaestionibus
2635 3841 3039 3907 enucleatius

467 3941 674 4026 possit
715 3940 1072 4027 inveniri»;
1132 3943 1164 4008 I
1208 3944 1319 4019 61,
1371 3944 1446 4008 18
1491 3942 1912 4031 Apollonium
1969 3954 2033 4009 et
2084 3943 2537 4010 Herodianum
2594 3966 2817 4010 omnes
2873 3943 3038 4010 anti-

466 4065 738 4129 quorum
791 4048 1361 4128 grammaticorum
1426 4068 1675 4111 errores
1733 4046 2121 4133 purgavisse
2176 4044 2540 4127 contendit3
2597 4068 2661 4133 p.
2707 4044 2779 4128 2,
2825 4045 2905 4109 21
2952 4046 3038 4110 ad

466 4144 827 4210 Herodiani
881 4146 1269 4233 scriptorum
1321 4146 1596 4233 pelagus
1651 4160 1716 4215 et
1772 4148 1857 4213 ad
1917 4147 2056 4212 eius
2109 4148 2316 4235 patris
2364 4145 2695 4232 Apollonii
2750 4147 3042 4232 spatiosa

465 4245 796 4312 volumina
850 4261 1115 4314 suorum
1171 4249 1630 4338 compendiosa
1683 4273 1827 4316 esse
1880 4247 2321 4315 existimanda
2390 4249 2635 4336 scripta
2688 4247 3036 4333 librorum3

465 4347 498 4411 I
552 4372 615 4434 p.
673 4349 819 4432 195,
873 4351 912 4415 8
982 4374 1051 4415 se
1108 4354 1409 4417 maximis
1479 4353 1855 4418 auctoribus
1917 4351 2299 4418 Herodiano
2353 4361 2419 4417 et
2475 4350 2825 4439 Apollonio
2891 4372 3036 4415 con-

465 4449 655 4514 fisum
718 4452 976 4538 ingredi
1044 4454 1407 4540 profitetur.
1469 4493 1555 4504 -
1618 4455 1903 4538 Tamen,
1976 4476 2175 4541 quum
2245 4454 2311 4517 in
2381 4453 2756 4518 universum
2827 4453 3038 4537 magis

464 4551 795 4639 Apollonii
838 4556 1122 4639 vestigia
1164 4567 1449 4642 premat,
1494 4555 1764 4621 difficile
1807 4566 1907 4622 est
1936 4556 2151 4638 dictu,
2197 4555 2354 4643 quid
2385 4554 2758 4619 Herodiano
2804 4553 3041 4619 debeat

465 4664 725 4739 praeter
777 4677 885 4738 ea,
942 4679 1106 4744 quae
1164 4656 1402 4723 diserte
1459 4682 1530 4723 se
1584 4680 1668 4723 ex
1741 4658 2115 4724 Herodiano
2184 4656 2666 4744 deprompsisse
2732 4654 3033 4719 affirmat.

466 4754 865 4823 Nominatim
908 4758 1098 4824 affert
1140 4760 1279 4823 eius
1327 4758 1729 4826 Catholicam
1774 4760 1805 4824 I
1836 4760 1983 4843 276,
2035 4759 2113 4823 10
2155 4768 2222 4824 et
2266 4757 2811 4844 orthographiam
2839 4756 2944 4837 45,
2975 4758 3037 4822 6.

473 4854 628 4921 Eius
691 4857 932 4924 librum
995 4865 1141 4942 περὶ
1205 4863 1626 4944 ἀντωνυμιῶν
1695 4861 2019 4948 respicere
2085 4861 2347 4926 videtur
2417 4858 2531 4922 ubi
2592 4857 3039 4924 Herodianum

538 4992 908 5032 usnemun.
944 4983 987 5036 1.
2591 4982 2636 5049 P
