3664 5546
1520 426 1651 473 PRA
1660 427 1936 475 EFATIO.
2140 454 2147 460 ·
2892 425 3013 472 LIX

440 581 676 663 utitur3
725 580 842 645 sed
885 591 1145 668 praeter
1187 579 1726 662 contractionem,
1786 580 1868 644 de
1924 602 2051 667 qua
2103 580 2208 643 hic
2260 580 2533 664 cogitari
2587 603 2714 645 non
2776 567 3013 665 potest,

442 705 517 748 eo
571 682 894 748 vocabulo
953 683 1281 766 significat
1336 692 1401 747 et
1456 680 1799 768 ecthlipsin
1857 692 1922 746 et
1975 705 2166 769 quam
2221 704 2338 746 nos
2397 682 2656 768 proprie
2714 680 3012 760 dicimus,

443 786 681 850 crasin.
767 785 987 872 Atque
1029 785 1149 850 has
1206 784 1577 850 affectiones
1623 782 1982 849 Arcadium
2037 784 2295 847 nomine
2351 788 2760 866 ευναλοιφῶν
2817 783 3012 869 signi-

443 889 673 953 ficasse
739 885 890 953 inde
957 886 1469 952 concludendum
1530 897 1662 968 est,
1731 885 1904 974 quod
1970 895 2272 950 accentus
2338 908 2485 950 cum
2550 886 2629 950 iis
2693 886 3011 962 cohaeret.

443 990 614 1055 Nam
657 990 726 1053 in
770 987 1071 1075 ecthlipsi
1113 988 1434 1054 dubitatio
1476 989 1712 1071 oritur,
1759 991 1872 1076 qui
1915 998 2222 1054 accentus
2265 989 2351 1054 sit
2389 987 2751 1074 ponendus,
2795 998 3015 1052 utrum

440 1114 560 1180 pro
606 1092 648 1157 ἆ
692 1094 891 1176 δειλέ,
937 1092 993 1155 si
1040 1091 1284 1156 vocalis
1329 1097 1363 1156 ἐ’
1409 1088 1718 1173 elidatur,
1765 1091 1806 1156 ἆ
1851 1093 2004 1157 δείλ’
2048 1113 2130 1155 an
2176 1090 2218 1156 ἆ
2261 1092 2427 1156 δεῖλ’
2473 1090 2580 1174 (Il.
2630 1089 2736 1153 Pr.
2781 1092 2826 1155 Ρ
2867 1089 3014 1171 201,

445 1196 494 1262 Λ
536 1191 692 1278 441)
746 1204 812 1258 et
854 1193 984 1279 ‘pro
1040 1195 1217 1259 κεινά
1272 1193 1435 1259 κεῖν’
1491 1215 1575 1256 an
1630 1195 1791 1260 κείν’
1851 1194 1930 1279 (Λ
1980 1193 2124 1276 160)
2185 1193 2600 1258 scribendum
2656 1194 2775 1274 sit,
2832 1201 2896 1255 et
2947 1192 3016 1255 in

445 1298 617 1361 crasi
663 1296 1180 1381 disceptabatur,
1226 1303 1448 1358 utrum
1506 1318 1561 1360 e.
1607 1318 1673 1380 g.
1731 1318 1851 1382 pro
1895 1297 1976 1361 τὰ
2019 1297 2184 1362 ἄλλα
2227 1297 2428 1360 τᾶλλα
2483 1317 2566 1358 an
2620 1295 2822 1360 τᾶλλα
2875 1317 3016 1380 pro-

443 1397 883 1464 nunciandum
941 1407 1132 1462 esset.
1233 1395 1424 1461 Hanc
1478 1399 1560 1461 ob
1617 1421 1882 1462 causam
1939 1396 2261 1462 Arcadius
2317 1396 2553 1482 plurali
2608 1402 3017 1478 ευναλοιφῶν

446 1501 683 1582 utitur,
730 1498 1127 1585 singularem
1160 1503 1490 1580 διαετολῆε
1521 1512 1868 1587 propterea
1910 1507 2215 1587 usurpat,
2263 1499 2434 1586 quod
2477 1500 2557 1564 de
2593 1522 2729 1563 una
2767 1509 3019 1563 tantum

447 1602 723 1668 diastole
779 1613 849 1666 et
900 1600 981 1665 de
1038 1602 1556 1688 interpunctione
1610 1602 1913 1688 quidem,
1970 1612 2284 1688 quatenus
2339 1624 2485 1665 cum
2543 1612 2815 1667 accentu
2871 1622 3018 1664 con-

442 1706 664 1770 iuncta
719 1713 851 1786 est,
911 1703 1296 1790 disputavit.
1396 1703 1995 1791 Intcrpunctionem
2025 1697 2270 1770 'autem
2322 1703 2445 1768 hoc
2498 1705 2757 1768 nomine
2811 1703 3016 1767 Hero-

445 1807 711 1872 dianum
767 1804 1132 1893 appellasse
1188 1814 1366 1891 patet
1418 1829 1504 1870 ex
1557 1805 1637 1870 Il.
1684 1807 1793 1870 Pr.
1849 1809 1900 1873 Α
1956 1807 2066 1889 633
2139 1829 2280 1871 eam
2332 1817 2546 1872 autem
2604 1805 2877 1871 multum
2934 1804 3018 1870 ad

444 1907 817 1997 prosodiam
875 1908 1169 1972 conferre
1228 1908 1468 1973 diserte
1525 1908 1685 1974 dicit
1732 1908 1977 1973 Herod.
2034 1909 2103 1972 in
2148 1910 2440 1974 Prooem.
2497 1931 2600 1995 ap.
2649 1909 2744 1973 Ιο.
2790 1908 3014 1973 Alex.:

446 2012 798 2088 ἀναγκαῖον
844 2012 944 2075 καὶ
986 2013 1103 2090 τὴν
1148 2013 1293 2090 περὶ
1337 2017 1606 2092 ετιγμῶν
1653 2012 1886 2078 εἰδέναι
1930 2014 2394 2096 πραγματείαν,
2439 2012 2570 2089 εἴγε
2627 2013 2738 2077 τὰ(
2794 2011 3017 2079 ὀξυνο-

446 2116 637 2194 μένα(
703 2118 833 2179 τῶν
902 2114 1167 2197 λέξεων,
1232 2114 1289 2178 εἰ
1348 2116 1429 2194 μὴ
1497 2118 1709 2194 ετιγμὴ
1776 2116 1932 2194 μετὰ
1985 2119 2182 2180 ταῦτα
2248 2115 2652 2198 ἐπιφέροιτο,
2724 2115 3018 2194 βαρύνειν

446 2218 655 2296 χρεὼν
710 2217 836 2279 κτλ.
936 2214 1162 2301 Neque
1216 2225 1431 2280 tamen
1488 2215 1645 2279 mihi
1701 2216 1771 2279 in
1814 2226 2098 2281 mentem
2152 2217 2330 2282 venit
2383 2215 2770 2280 contendere
2825 2217 3020 2280 inter·

447 2315 813 2403 punctionis
861 2315 1223 2381 doctrinam
1267 2340 1341 2382 eo
1385 2318 1605 2400 mod0,
1653 2341 1779 2404 quo
1824 2318 2093 2404 spiritus
2138 2328 2205 2383 et
2248 2319 2614 2404 quantiam,
2673 2339 2818 2382 esse
2874 2339 3020 2404 par-

447 2429 579 2483 tem
624 2417 1032 2501 Catholicae,
1080 2419 1195 2483 scd
1240 2419 1308 2483 id
1353 2419 1607 2483 affirmo
1662 2407 2252 2506 interpunctionem
2307 2421 2375 2483 in
2431 2421 2599 2485 libro
2646 2418 3019 2485 Catholicae

448 2521 790 2586 subiuncto
834 2531 1100 2586 eatenus
1148 2531 1487 2587 tractatam
1532 2521 1768 2604 fuisse,
1816 2533 2135 2608 quatenus
2180 2545 2324 2586 cum
2368 2532 2639 2586 accentu
2685 2522 3015 2602 cohaeret3

446 2622 788 2688 coniuncta
848 2632 1066 2688 autem
1131 2635 1232 2689 cst
1294 2625 1443 2687 ‘cum
1507 2632 1778 2688 accentu
1836 2634 1900 2688 et
1954 2624 2022 2686 in
2080 2624 2305 2687 enclisi
2361 2636 2427 2689 ct
2479 2626 2547 2688 in
2603 2623 3017 2710 anastrophe,

432 2745 649 2814 ‘quare
691 2748 819 2789 non
863 2725 1011 2813 ipsa
1067 2748 1183 2813 per
1226 2747 1296 2790 se
1340 2726 1775 2812 interpunctio
1830 2727 1900 2789 in
1946 2723 2286 2791 Catholica
2330 2724 2539 2792 locum
2583 2725 2845 2809 habuit,
2903 2725 3019 2790 sed

449 2827 841 2893 coniunctim
884 2839 949 2894 et
992 2850 1137 2893 cum
1182 2829 1410 2893 enclisi
1455 2840 1520 2894 et
1564 2852 1711 2893 cum
1755 2829 2178 2914 anastrophe,
2234 2829 2303 2893 in
2359 2851 2488 2914 qua
2532 2851 2588 2893 e.
2633 2851 2695 2913 g.
2743 2828 2813 2891 in
2869 2830 3019 2894 ἄετυ

450 2932 592 2995 κάτ’
648 2928 1043 3017 synaloephe
1099 2952 1247 2994 cum
1298 2931 1817 3018 interpunctione
1875 2931 2222 2995 concurrit.
2312 2930 2520 3011 Hinc,
2576 2940 2651 2994 ut
2704 2930 3017 2996 brevibus

448 3054 763 3097 summam
806 3031 959 3097 libri
1002 3032 1375 3098 Catholicae
1420 3034 1750 3099 subiuncti
1796 3031 2368 3119 comprehendam,
2412 3035 2481 3097 in
2525 3055 2599 3096 eo
2645 3032 3019 3118 disputaba-

450 3145 558 3201 tur
601 3134 683 3198 de
728 3133 987 3215 enclisi,
1033 3135 1101 3197 in
1146 3158 1274 3221 qua
1303 3136 1501 3200 etiam
1538 3135 2078 3221 interpunctionis
2124 3135 2512 3217 (διαετολῆε)
2557 3136 2798 3199 mentio
2843 3134 3021 3198 facta

452 3246 583 3318 est,
628 3257 820 3321 porro
864 3235 947 3299 de
991 3236 1413 3323 anastrophe,
1458 3238 1527 3301 in
1571 3260 1701 3323 qua
1745 3248 1810 3301 et
1852 3238 2286 3322 interpunctio
2317 3238 2672 3320 (διαστολή)
2718 3246 2784 3300 et
2826 3258 3017 3322 syna-

451 3336 680 3423 loephe
727 3336 1118 3424 (ecthlipsis)
1166 3338 1413 3426 aliquid
1456 3339 1763 3404 momenti
1816 3337 2092 3418 habent,
2152 3337 2430 3423 denique
2488 3337 2568 3402 de
2628 3348 2899 3402 accentu
2953 3338 3018 3400 in

452 3439 909 3504 commixtione
952 3440 1227 3504 duarum
1269 3463 1502 3506 vocum
1545 3439 1724 3505 velut
1766 3441 1968 3506 τᾶλλα
2014 3439 2083 3525 (i.
2119 3463 2173 3503 e.
2206 3440 2275 3503 in
2317 3438 2522 3504 altero
2551 3462 2785 3525 genere
2830 3462 3018 3525 syna-

452 3541 714 3627 loephes
758 3543 898 3605 sive
942 3542 1010 3605 in
1055 3545 1275 3627 crasi).
1379 3543 1673 3608 Tertium
1731 3551 1931 3628 caput
1984 3543 2274 3626 exceptis
2330 3540 2653 3607 nonnullis
2708 3541 3022 3627 dispersis

449 3643 518 3706 in
562 3640 706 3707 aliis
753 3641 1111 3708 Herodiani
1159 3645 1418 3731 scriptis
1464 3641 1759 3709 frustulis
1805 3666 2069 3729 prorsus
2109 3644 2371 3709 interiit.

616 3744 971 3831 Postquam
1014 3757 1467 3829 argumentum
1525 3747 1721 3811 totius
1778 3746 1991 3831 operis
2046 3747 2461 3823 adumbravi,
2518 3745 3021 3832 perquirendum

452 3857 583 3928 est,
626 3868 757 3932 qua
796 3845 1051 3910 ratione
1101 3846 1513 3913 Herodianus
1559 3846 2013 3934 prosodiamm
2058 3847 2417 3912 doctrinam
2473 3857 2854 3934 persecutus
2911 3848 3016 3913 sit.

452 3948 532 4012 In
584 3970 711 4035 quo
767 3948 1024 4012 initium
1082 3948 1447 4014 faciendum
1502 3960 1601 4013 cst
1665 3949 1749 4013 ab
1808 3949 1888 4012 iis
1945 3947 2134 4030 locis,
2203 3951 2270 4013 in
2324 3951 2561 4036 quibus
2608 3949 3022 4013 Herodianus

451 4051 592 4136 ipse
638 4071 722 4114 ex
764 4071 884 4113 sua
926 4072 1206 4136 persona
1260 4051 1341 4116 de
1389 4051 1729 4116 Catholica
1783 4052 2174 4116 mentionem
2229 4051 2408 4117 facit.
2510 4050 2775 4116 Scilicet
2833 4072 3019 4114 nemo

451 4152 578 4216 nisi
631 4152 773 4237 ipse
825 4161 1049 4217 auctor
1102 4153 1202 4216 sui
1258 4162 1323 4219 et
1385 4152 1700 4220 librorum
1767 4175 2027 4217 suorum
2085 4154 2681 4238 cognoscendorum
2736 4155 3020 4240 optimus

453 4255 598 4317 fons
644 4262 710 4318 et
751 4254 938 4318 testis
983 4265 1103 4319 est.
1195 4254 1324 4319 Sed
1369 4256 1921 4341 opportunitatem
1966 4257 2163 4319 animi
2218 4256 2300 4320 dc
2345 4255 2717 4320 Catholicae
2771 4256 3021 4320 ratione

453 4377 540 4418 ex
588 4355 732 4441 ipso
787 4354 1100 4442 scriptore
1156 4355 1551 4421 informandi
1606 4359 1879 4443 praebet
1932 4368 2190 4444 praeter
2243 4381 2443 4422 unum
2512 4357 2724 4422 locum
2780 4357 3021 4421 Iliacae

454 4456 841 4538 Prosodiae‚
903 4456 1018 4521 ubi
1075 4457 1235 4524 dicit
1293 4481 1362 4523 se
1426 4459 1494 4521 in
1540 4458 1879 4524 Catholica
1944 4459 2026 4524 dc
2087 4469 2360 4524 accentu
2415 4459 2890 4545 bisyllaborum
2954 4459 3022 4522 in

453 4563 610 4637 ηλοε
653 4568 946 4623 acturum
994 4581 1135 4624 esse
1180 4562 1232 4625 Ο
1275 4561 1399 4625 338
1446 4562 1731 4642 (φήλοιο
1779 4562 2053 4643 (Arcad.
2093 4562 2232 4644 198,
2271 4562 2400 4644 16),
2449 4560 2622 4625 solus
2667 4559 2836 4625 liber
2877 4565 3023 4641 περὶ

455 4663 776 4740 μονήρουε
821 4662 1081 4745 λέξεως,
1125 4661 1364 4748 quippe
1409 4663 1477 4726 in
1521 4685 1647 4748 quo
1691 4662 1828 4728 solo
1862 4662 2275 4727 Herodianus
2323 4661 2562 4727 librum
2607 4684 2794 4726 suum
2840 4664 3019 4744 citat,

456 4760 570 4826 sed
613 4760 688 4841 hi⁴
723 4762 912 4847 pauci
954 4761 1080 4826 loci
1125 4763 1286 4828 satis
1332 4775 1487 4829 sunt
1529 4764 1615 4828 ad
1661 4766 1944 4850 speciem
1989 4764 2139 4829 libri
2183 4762 2660 4829 illustrandam.

625 4863 797 4932 Mon.
849 4864 923 4927 17
939 4911 956 4944 ,
1001 4864 1085 4927 24
1136 4867 1332 4959 πυράε
1399 4869 1479 4931 τὰ
1540 4868 1629 4947 εἰ(
1682 4873 1764 4946 βᾶ
1817 4870 2058 4947 θηλυκὰ
2126 4869 2404 4947 λήγοντα
2460 4872 2780 4946 μονογενῆ
2835 4875 2927 4951 τῷ
2983 4878 3021 4935 ῡ
