3664 5546
639 361 897 409 ccxxlv
1001 414 1036 453 φ
1719 362 2137 411 PRAEFATIO.

807 515 899 579 St.
947 514 1023 578 B.
1071 537 1124 578 s.
1177 516 1557 596 Κάναςτρον.
1625 516 1824 596 ἄκρον
1889 517 2140 601 Θρᾴκη(
2195 518 2295 583 καὶ
2342 520 2774 585 Μακεδονίας·
2830 522 2906 586 τὸ
2966 520 3218 586 ἐθνικὸν

641 618 1082 697 Καναςτραῑος.
1184 617 1519 698 (οφοκλῆς
1585 621 1654 682 δὲ
1725 619 2259 699 ὑπομνηματίζων
2326 620 2405 685 τὰ
2460 621 2917 701 Ἀργοναυτικὰ
2974 625 3218 688 «Κανα-

639 724 952 803 ςτραῖον,·
996 720 1180 803 φηςί,
1225 719 1647 799 ’ἀκρωτήριον
1701 725 1811 799 τῆς
1872 722 2248 806 Παλλήνης,
2312 722 2381 785 in
2443 721 2658 787 Schol.
2715 721 2933 810 Apoll.
3002 723 3037 786 I
3093 724 3219 789 598

642 822 1072 901 Καναςτραῑον
1139 821 1537 901 ἀκρωτήριον
1593 825 1704 899 τῆς
1758 823 2105 903 Παλλήνης
2172 821 2467 907 legimus,
2581 824 2773 904 Quod
2840 826 2934 890 St.
2996 825 3219 905 habet,

636 946 783 987 eum
826 945 909 987 ex
955 921 1294 987 Catholica
1338 923 1688 1009 sumpsisse
1733 924 2007 1005 nemini,
2056 925 2162 988 cui
2205 926 2517 1011 Stephani
2563 926 2967 991 consuetudo
3012 926 3219 997 Hero-

636 1026 902 1090 dianum
960 1023 1377 1088 exscribendi
1433 1027 1693 1109 cognita
1747 1034 1881 1107 est,
1937 1026 2317 1110 ambiguum
2372 1048 2515 1090 csse
2572 1037 2822 1113 potest,
2891 1027 3009 1092 sed
3066 1029 3219 1093 inde

638 1127 835 1190 etiam
891 1125 1242 1210 probatur,
1301 1125 1474 1212 quod
1531 1149 1636 1213 ap.
1683 1126 1975 1210 Theogn.
2028 1128 2175 1207 197,
2231 1129 2314 1194 23
2371 1139 2437 1194 et
2490 1130 2643 1194 Arc.
2698 1130 2851 1213 120,
2909 1129 2991 1194 28
3048 1129 3219 1194 inter

636 1229 902 1293 nomina
944 1227 1012 1290 in
1054 1231 1205 1293 ’ᾶῖόἶῑ
1249 1227 1446 1291 ctiam
1495 1229 1929 1308 Καναςτραῑον
1974 1228 2261 1294 affertur.

805 1330 897 1395 St.
946 1328 1018 1394 B.
1065 1330 1135 1409 9,
1182 1330 1222 1392 6
1264 1331 1484 1410 Ἄβροι
1528 1367 1613 1377 -
1657 1332 1995 1411 βαρύνεται
2050 1335 2120 1396 δὲ
2178 1333 2267 1397 ὡς
2328 1333 2615 1416 Κίμβροι,
2675 1334 2789 1400 οὕς
2841 1335 3010 1400 τινές
3064 1354 3213 1415 φαςι

640 1434 1034 1515 Κιμμερίους,
1092 1432 1429 1515 (κόμβροι,
1487 1434 1590 1497 καὶ
1648 1432 1829 1499 οὗτοι
1887 1433 2108 1517 ἔθνος,
2179 1436 2269 1500 ὡς
2327 1434 2663 1515 (οφοκλῆς
2718 1435 3090 1499 Meinekius
3147 1436 3216 1498 in

637 1534 852 1598 indice
907 1532 992 1598 ad
1049 1532 1144 1598 St.
1190 1534 1266 1597 B.
1356 1532 1662 1619 Sophocli
1715 1535 2211 1599 commentatori
2270 1536 2602 1619 attribuit,
2657 1536 2899 1601 rectius
2958 1535 3213 1601 Nauck.

636 1636 719 1700 fr.
776 1647 941 1721 trag.
1011 1658 1073 1721 p.
1132 1635 1287 1716 280,
1354 1634 1437 1698 fr.
1497 1636 1620 1699 988
1675 1636 1925 1720 tragico
1993 1637 2319 1720 assignat,
2386 1660 2538 1701 nam
2602 1637 2764 1702 nihil
2830 1638 2911 1702 de
2976 1636 3215 1724 populo

638 1740 941 1820 Εκόμβροι
986 1737 1052 1800 in
1099 1735 1314 1803 Schol.
1359 1735 1662 1823 Apollon.
1699 1737 2014 1815 traditur.
2103 1737 2324 1801 Etiam
2367 1737 2461 1805 St.
2495 1740 2574 1804 B.
2621 1740 2777 1819 202,
2827 1741 2905 1804 13
2952 1743 2990 1805 Γ
2993 1743 3217 1820 ενήτης

639 1844 822 1921 λιμὴν
878 1843 981 1906 καὶ
1034 1841 1322 1919 ποταμὸς
1377 1839 1871 1924 [Καππαδοκίας
1924 1838 2120 1903 Mein.
2183 1838 2426 1925 additJ.
2524 1843 2959 1908 Ἀπολλώνιος
3015 1842 3216 1922 ἄκραν

640 1946 678 2008 Γ
680 1945 976 2024 ενηταίαν
1021 1943 1186 2024 φηςί.
1276 1942 1610 2024 Εοφοκλῆς
1663 1943 1957 2020 ποταμὸν
2006 1943 2044 2005 Γ
2046 1942 2238 2022 ένητα
2293 1943 2497 2022 φηςίν.
2586 1944 2751 2009 ἔςτιν
2808 1944 2929 2010 οὖν
2983 1945 3052 2009 ἐκ
3105 1949 3216 2023 τῆς

639 2049 677 2110 Γ
681 2048 905 2125 ένητος
949 2048 1198 2122 γενικῆς
1249 2047 1287 2108 Γ
1289 2048 1583 2123 ενηταῖος
1638 2045 1741 2107 καὶ
1786 2045 1824 2107 Γ
1825 2043 2087 2123 ενηταία
2146 2043 2323 2123 ἄκρα.
2412 2046 2514 2110 καὶ
2555 2045 2630 2109 τό
2678 2048 2718 2110 Γ
2721 2047 2947 2126 ενήτης
2991 2046 3059 2111 ἐκ
3103 2050 3214 2124 τῆς

640 2151 678 2213 Γ
681 2149 905 2227 ἑνητος
962 2149 1051 2213 ὡς
1105 2151 1216 2225 τῆς
1274 2145 1618 2212 Οἰδίποδος
1675 2145 2019 2225 Οἰδιπόδης
2074 2148 2176 2210 καὶ
2237 2146 2542 2225 τρίποδος
2596 2148 2914 2226 τριπόδης.
3013 2148 3213 2226 Ἡρω-

555 2242 572 2257 ’
637 2251 858 2315 διανός
913 2251 1016 2321 δὲ,
1052 2250 1184 2314 «ὡς
1239 2248 1315 2312 τὸ
1373 2248 1667 2327 ςεληναία
1730 2247 2037 2329 ἁμαξαία»
2106 2248 2272 2327 φηςί.
2325 2284 2412 2295 -
2475 2247 2842 2312 Meinekius
2911 2245 3214 2335 Sophocli

637 2351 928 2435 assignat
970 2349 1312 2436 interpreti
1355 2347 1717 2435 Apollonii,
1764 2349 1831 2411 in
1877 2348 2061 2411 cuius
2110 2347 2385 2413 Scholiis
2433 2348 2502 2414 ΙΙ
2545 2350 2668 2415 378
2710 2349 2978 2434 legitur:
3031 2351 3211 2428 Γενη-

635 2457 816 2532 ταίην
863 2454 1022 2532 ὑπὲρ
1067 2453 1294 2532 ἄκρηνε
1346 2454 1383 2517 Γ
1385 2453 1644 2531 ενηταία
1699 2451 1861 2530 ἄκρα
1907 2453 2138 2531 κυρίως
2184 2452 2356 2516 οὕτω
2402 2452 2712 2531 λεγομένη
2766 2451 2896 2516 ἀπὸ
2946 2453 2984 2515 Γ
2987 2452 3212 2532 ἑνητος

637 2559 962 2639 ποταμοῦ,
1007 2555 1164 2620 ἔνθα
1205 2555 1368 2620 Διὸς
1414 2555 1650 2619 Ξενίου
1695 2554 1871 2633 ἱερόν
1917 2553 2068 2630 ἑςτι;
2116 2553 2233 2617 sed
2277 2551 2535 2617 Nauck.
2580 2575 2644 2638 p.
2676 2552 2800 2617 273
2843 2552 2927 2616 fr.
2959 2552 3084 2617 929
3128 2551 3212 2616 ad

636 2667 900 2743 poetam
954 2655 1184 2735 refert,
1242 2666 1318 2719 ut
1378 2654 1538 2718 mihi
1596 2655 1861 2742 quidem
1914 2654 2179 2718 videtur
2233 2655 2494 2719 rectius.
2597 2654 2764 2718 Nam
2822 2676 3213 2742 quamquam

636 2757 985 2845 Apollonio
1030 2768 1226 2845 poeta
1271 2757 1461 2822 modo
1506 2756 1840 2823 nominato
1898 2756 2038 2822 cius
2096 2766 2673 2823 commentatorem
2728 2757 2916 2822 citari
2971 2758 3215 2844 pariter

634 2872 826 2949 atque
869 2884 923 2926 s.
971 2862 1256 2942 Ἀβαρνίς
1300 2869 1523 2946 aptum
1568 2869 1701 2941 est,
1746 2871 1965 2925 tamen
2009 2859 2217 2944 magis
2261 2856 2477 2945 placet
2530 2858 2910 2944 intellegere
2952 2869 3213 2945 poetam

635 2961 1053 3050 Sophoclem,
1101 2985 1142 3048 a
1185 2984 1311 3048 quo
1356 2984 1590 3027 nomen
1635 2960 1917 3026 fluminis
1973 2960 2338 3026 adhibitum
2399 2963 2515 3044 sit,
2578 2984 2772 3049 quam
2827 2971 3214 3026 commenta·

635 3076 876 3146 torem,
923 3066 1036 3151 qui
1081 3086 1196 3149 per
1242 3065 1644 3128 occasionem
1691 3072 1945 3127 tantum
1990 3063 2075 3129 ad
2121 3063 2512 3149 explicanda
2566 3063 2771 3129 verba
2822 3073 3051 3149 poetae
3096 3062 3211 3127 flu·

637 3168 829 3231 minis
877 3170 915 3232 Γ
918 3169 1067 3247 ένης
1121 3167 1510 3230 mentionem
1564 3165 1794 3229 iniicit.
1886 3164 2263 3248 Caeterum,
2322 3166 2445 3231 etsi
2499 3164 2916 3231 Herodianus
2972 3165 3214 3229 citatur

635 3279 890 3334 tantum
930 3279 1195 3355 propter
1250 3267 1750 3355 explicationem
1806 3267 2044 3352 speciei
2093 3270 2131 3332 Γ
2133 3269 2417 3348 ενηταία,
2474 3277 2693 3331 tamen
2747 3275 2959 3331 totum
3013 3265 3210 3331 adno-

636 3379 994 3435 tamentum
1039 3392 1122 3434 ex
1167 3392 1240 3434 eo
1286 3381 1615 3455 sumptum
1661 3378 1760 3432 est
1804 3379 1871 3433 et
1898 3369 2159 3455 quidem
2203 3393 2286 3435 ex
2317 3369 2593 3435 diversis
2624 3367 2780 3433 locis
2813 3366 3211 3449 Catholicae,

636 3475 916 3558 primum
960 3495 1044 3536 ex
1087 3494 1194 3552 eo,
1241 3471 1352 3537 ubi
1400 3470 1480 3534 de
1523 3470 1896 3536 nominibus
1944 3470 2285 3557 bisyllabis
2342 3472 2409 3535 in
2454 3474 2571 3551 Vn'c'
2624 3472 2944 3555 agebatur
2997 3481 3063 3534 et
3108 3472 3148 3534 Γ
3151 3471 3210 3535 έ-

634 3597 750 3655 νης
792 3595 908 3659 pro
954 3573 1250 3659 exemplo
1296 3596 1443 3637 cum
1486 3572 1854 3637 testimonio
1902 3572 2240 3659 Sophoclis
2296 3573 2561 3638 allatum
2618 3582 2790 3649 erat,
2847 3571 3083 3638 deinde
3128 3595 3212 3637 ex

636 3699 745 3758 eo,
791 3675 907 3741 ubi
954 3678 1219 3755 Γενήτης
1261 3683 1528 3761 propter
1571 3685 1909 3739 accentum
1951 3673 2278 3763 prolatum
2323 3686 2389 3740 et
2432 3674 2625 3740 simul
2671 3699 2755 3740 ex
2798 3696 2976 3740 more
3006 3674 3211 3739 Hero·

638 3778 870 3842 dianeo
918 3777 1266 3862 originatio
1313 3786 1817 3852 commemorata
1847 3778 2002 3860 fuit,
2051 3779 2241 3843 tertio
2288 3800 2370 3842 ex
2413 3799 2520 3860 eo,
2568 3777 2681 3843 ubi
2727 3776 2807 3841 de
2837 3776 3210 3842 nominibus

637 3882 705 3945 in
750 3884 858 3945 αιᾶ
900 3901 1108 3944 sermo
1153 3879 1282 3942 fuit
1324 3887 1389 3942 et
1432 3879 1798 3964 expositum
1845 3889 1986 3944 erat
2017 3883 2055 3944 Γ
2057 3881 2314 3960 ενηταία
2343 3880 2504 3960 ἄκρα
2548 3880 2645 3944 sic
2673 3877 2967 3963 intellegi
2995 3901 3208 3965 posse,

635 3994 710 4048 ut
767 3986 805 4048 Γ
806 3984 1064 4062 ενηταία
1128 3990 1240 4045 aut
1306 4003 1424 4066 pro
1481 3980 1807 4047 adiectivo
1865 3981 1951 4045 ad
2005 3982 2167 4061 ὤερα
2221 3981 2520 4046 attributi
2576 3981 2785 4045 instar
2841 3981 3210 4067 appositum

637 4108 778 4150 esse
844 4087 958 4149 aut
1019 4106 1136 4169 pro
1205 4083 1620 4148 substantivo
1688 4105 1835 4147 cum
1902 4083 2312 4169 appositione
2377 4085 2538 4164 ἄκρα
2607 4091 2993 4170 usurpatum
3066 4104 3208 4146 esse

638 4187 1079 4265 existimetur3
1129 4183 1303 4269 quod
1348 4186 1667 4270 posterius
1716 4187 1772 4249 si
1801 4195 2127 4268 sumatur,
2178 4188 2216 4250 Γ
2219 4189 2476 4267 ενηταία
2516 4185 3025 4271 comparandum
3065 4207 3209 4250 csse

637 4313 784 4354 cum
828 4290 1122 4369 ςεληναία
1165 4288 1460 4373 ἁμαξαία,
1518 4288 1704 4373 quasi
1752 4310 1836 4351 ex
1882 4291 1920 4352 Γ
1923 4290 2111 4368 ενήτη
2168 4301 2429 4355 auctum
2487 4288 2576 4351 sit
2628 4286 2712 4352 cf.
2760 4287 2923 4353 Lob.
2967 4287 3209 4353 Parall.

637 4415 702 4478 p.
746 4393 892 4456 315.

808 4494 1026 4575 Quum
1081 4492 1336 4557 duobus
1392 4491 1583 4575 locis,
1641 4493 1756 4558 ubi
1800 4491 2150 4579 Sophocles
2208 4501 2675 4558 commentator
2729 4491 3062 4578 Apollonii
3117 4494 3207 4558 in-

639 4594 998 4680 tellegitur,
1047 4594 1311 4659 disertis
1357 4594 1577 4660 verbis
1624 4596 2153 4676 ὑπομνηματίζων
2207 4597 2286 4660 τὰ
2331 4596 2784 4675 Ἀργοναυτικὰ
2829 4594 2971 4660 sive
3014 4601 3207 4662 τοῦτο

639 4700 761 4784 (sc.
818 4695 1144 4784 singulum
1201 4694 1530 4782 Apollonii
1585 4700 1876 4783 versum)
1933 4696 2538 4779 circumscribatur,
2601 4696 2680 4762 iis
2747 4707 2968 4764 autem
3023 4696 3205 4778 lociS,

640 4824 798 4889 quos
853 4799 1227 4864 Meinekius
1282 4799 1431 4864 huic
1484 4809 1821 4884 praeterea
1877 4798 2209 4881 attribuit,
2272 4799 2432 4863 haec
2488 4799 2821 4865 distinctio
2877 4798 3082 4884 absit,
3138 4799 3207 4864 in
