3664 5546
1117 382 1275 436 ΠΕΡΙ
1321 381 1714 437 ΚΑΘΟΛΙΚΗ(
1748 380 2171 436 ΠΡΟΕΩιΔΙΑΕ
2210 381 2259 435 Γ.
2898 382 2977 469 77

391 556 896 634 ραχελωῖτης.
973 551 1448 635 (ινωπίτης,
1523 551 1945 637 Ἰοππίτης,
2020 553 2426 635 Ἀκεςίτης,
2499 552 2978 635 Παγαςίτης,

390 657 868 739 Ἀκμονίτης,
944 656 1427 739 Ἀβδηρίτης,
1496 655 1953 737 Γαβαλίτης,
2017 653 2474 738 Διολκίτης,
2542 654 2981 754 Μεμφίτης,

390 759 961 840 Ναυκρατίτης,
1016 759 1407 840 εὐρείτης,
1463 757 2014 841 βαθυρρείτης,
2070 757 2592 836 ἀκαλαρείτης
2647 756 2685 821 ὁ
2728 757 2980 836 ἡςύχως

392 860 575 939 ῥέων.
665 861 910 926 ἀκαλόν
954 862 1079 940 γὰρ
1144 862 1320 939 παρὰ
1377 859 1659 925 (ικελοῖς
1713 861 1790 925 τὸ
1846 860 2101 939 ἥςυχον.
2188 859 2558 942 ἱερείτης,
2604 857 2976 940 (Σαμαρεί-

390 984 555 1047 της,
600 963 1129 1046 Ἀταρνείτης,
1174 962 1545 1045 Ἑλείτης,
1589 962 2135 1044 Ἁγνωνείτης,
2183 962 2726 1044 Μαρωνείτης,
2777 962 3036 1027 Κάν-5

389 1065 808 1148 κωνείτης,
867 1065 1512 1146 Δικαιαρχείτης,
1585 1064 1992 1146 Ζελείτης,
2061 1062 2442 1147 Ὠρείτης,
2510 1063 2855 1146 ἀλείτης,
2922 1065 2975 1149 ᾧ

390 1167 905 1259 ἀντιπαράκειται
949 1169 1026 1233 τὸ
1072 1168 1348 1246 ἀλοίτης.
1413 1168 1490 1232 τὸ
1544 1165 2019 1244 τραπεζίτης
2062 1166 2167 1230 ἐπὶ
2210 1167 2325 1245 μὲν
2369 1170 2486 1231 τοῦ
2532 1166 2603 1232 ἐν
2645 1172 2723 1250 τῇ
2769 1166 2979 1250 ἀγορᾷ

389 1269 909 1350 διαπονουμένου
954 1270 1058 1334 διὰ
1102 1273 1220 1333 τοῦ
1265 1272 1297 1332 ῖ
1345 1269 1695 1351 γράφεται,
1738 1269 1915 1347 παρὰ
1957 1269 2080 1346 γὰρ
2123 1269 2200 1332 τὸ
2242 1267 2549 1346 τράπεζα·
2607 1268 2712 1333 ἐπὶ
2755 1271 2827 1333 δὲ
2870 1291 2976 1334 κυ-

389 1372 533 1455 νός,
592 1371 733 1436 ἐπεὶ
786 1370 918 1437 ἀπὸ
972 1375 1090 1436 τοῦ
1133 1372 1482 1451 τραπεζεύς
1526 1374 1872 1454 παρῆκται,
1927 1371 2032 1434 διὰ
2076 1373 2188 1449 τῆς
2232 1374 2286 1434 εἰ
2332 1371 2691 1451 διφθόγγου
2734 1372 2976 1450 γράφε-

388 1494 516 1539 ται·
562 1477 757 1539 τοῦτο
804 1476 877 1538 δὲ
918 1475 1080 1553 παρ’
1108 1474 1324 1559 Ἰβύκῳ
1369 1474 1623 1553 εὕρηται
1668 1475 1828 1538 κατὰ
1858 1474 2106 1552 τροπὴν
2138 1476 2250 1551 τῆς
2297 1474 2350 1536 {i
2395 1473 2756 1552 διφθόγγου
2786 1473 2876 1538 εἰς
2918 1477 2974 1552 ἦ.
3018 1492 3079 1542 10

562 1577 673 1641 Καὶ
717 1576 835 1642 ὅςα
876 1577 1233 1657 παρώνυμα
1288 1577 1367 1641 τὸ
1414 1577 1451 1635 ῡ
1496 1577 1739 1657 μακρὸν
1793 1575 2033 1655 ἔχοντα
2086 1573 2455 1659 βαρύνεται,
2512 1576 2895 1657 πρεςβύτη
2912 1596 2975 1657 ς,

388 1679 699 1762 ἑλύτης,
760 1678 1227 1761 βαςανύτης,
1286 1678 1809 1761 ἁλκυονύτης,
1867 1675 2266 1760 Ἀρχύτης,
2320 1678 2700 1761 Πιδύτης,
2744 1677 2972 1755 Αἰγύ-

387 1803 519 1861 της
563 1781 849 1862 ἐθνικόν,
896 1780 986 1845 ὡς
1014 1780 1413 1865 Παυςανίας,
1463 1780 1907 1862 Κωβρύτης,
1950 1778 2360 1863 Μωλύτης,
2403 1779 2773 1863 Αἰπύτης,
2817 1780 2973 1844 Πα-

387 1884 793 1963 τραςύτης·
837 1883 913 1946 τὸ
945 1882 1159 1962 μέντοι
1204 1905 1307 1948 κω
1328 1882 1598 1965 λυτής,
1630 1884 1982 1962 μηνυτής
2023 1882 2329 1963 ῥηματικὰ
2359 1884 2462 1948 καὶ
2492 1882 2572 1947 οὐ
2603 1883 2973 1962 παρώνυμα.

557 1986 650 2050 Τὰ
695 1986 784 2050 εἰς
828 1989 1003 2063 ὅῑῖῆῐ
1048 1986 1426 2066 ἰςοςύλλαβα
1468 1985 1835 2069 βαρύνεται,
1881 1985 2319 2066 Δαμοίτης,
2368 1984 2794 2071 Μενοίτης,
2840 1985 2972 2049 Θυ-
3013 2007 3076 2058 15

388 2089 690 2171 μοίτης,
737 2086 1166 2171 Ἀγροίτης,
1210 2075 1615 2169 Φιλοίτης,
1661 2087 2030 2172 Λαοίτης,
2076 2086 2551 2171 Ἀνεμοίτης,
2599 2087 2974 2170 Ὀροίτης,

388 2190 871 2273 Ἀνδροίτης,
944 2188 1353 2273 (ακοίτης,
1431 2189 1788 2275 ἀλοίτης,
1856 2189 2233 2269 Ζιποίτης
2300 2191 2590 2270 βαςιλεὺς
2656 2190 2975 2255 Βιθυνίας·

386 2292 486 2357 καὶ
530 2293 610 2356 τά
654 2291 868 2357 ἐθνικά
924 2292 1355 2372 Βουτοίτης
1410 2292 1479 2357 ἐκ
1532 2298 1650 2358 τοῦ
1707 2295 2054 2372 Βουτοῖτης
2109 2292 2284 2371 παρὰ
2338 2294 2455 2371 τὴν
2502 2294 2725 2357 Βουτὼ
2783 2267 2974 2357 πόλῖν

384 2394 738 2477 Αἰγύπτου,
784 2393 1089 2475 (αβοῖτης
1134 2393 1509 2475 (αβοίτης
1555 2394 1594 2458 ὸ
1638 2396 1906 2476 πολίτης
1948 2398 2061 2474 τῆς
2106 2393 2380 2477 (αβοῦς,
2441 2394 2819 2476 Κυβοίτης
2861 2397 2974 2473 τῆς

391 2497 586 2577 Κυβώ.
3009 2518 3077 2569 20

553 2620 591 2655 ἢ
640 2599 734 2666 Τὰ
777 2599 866 2664 εἰς
912 2602 1115 2677 δ’ῖῆῆὶ
1161 2598 1528 2682 βαρύνεται,
1575 2600 2042 2680 Μαντούτης
2086 2594 2245 2664 κατὰ
2302 2601 2626 2680 ςυγκοπὴν
2678 2600 2853 2679 παρὰ
2896 2601 2972 2663 τὸ

389 2700 698 2765 Μάντουα
744 2701 835 2765 ὡς
880 2700 1179 2782 Ζελείτης
1222 2702 1397 2781 παρὰ
1441 2703 1517 2766 τὸ
1561 2703 1805 2768 Ζέλεια.
1895 2701 2534 2782 τριακοντούτης.

555 2829 594 2865 κ·
638 2804 732 2869 Τὰ
775 2804 865 2868 εἰς
911 2807 1027 2883 {Tc
1071 2804 1307 2883 ἔχοντα
1350 2807 1466 2884 τὴν
1510 2806 2010 2884 παραλήγουςαν
2055 2806 2144 2870 εἰς
2187 2805 2590 2886 ἀμετάβολον
2629 2805 2971 2888 λήγουςαν,

385 2906 805 2985 ἀπρόςληπτα
857 2911 975 2971 τοῦ
1030 2910 1065 2970 Ε
1120 2907 1279 2971 κατὰ
1333 2909 1449 2986 τὴν
1505 2908 1791 2990 γενικήν,
1862 2907 2231 2991 βαρύνεται,
2286 2907 2341 2972 εἰ
2384 2905 2609 2987 μὴ,εἰἠ
2654 2909 2973 2990 μετοχικά,

386 3009 767 3090 ὑφάντης,
813 3008 1186 3090 ἀγύρτης,
1233 3009 1712 3092 εὐφράντης,
1773 3010 2142 3094 ὀξύντης,
2199 3010 2552 3092 ἐγὲρτης,
2619 3010 2972 3092 ὀρίντης,
3008 3034 3074 3084 25

385 3111 785 3191 αὐθέντης.
855 3110 1225 3191 Λαέρτης·
1271 3111 1399 3176 ἔςτι
1445 3113 1546 3175 καὶ
1595 3111 1861 3177 Κιλικίας
1907 3112 2178 3192 χωρίον·
2225 3111 2524 3193 (τράβων
2570 3111 2649 3177 ιδ’
2692 3113 2785 3198 (p.
2816 3110 2971 3195 669)

385 3212 799 3293 Ἀλέξανδρος
843 3215 915 3278 δὲ
961 3214 1105 3278 «καὶ
1147 3213 1304 3292 ὄρος
1346 3213 1450 3280 καὶ
1492 3214 1721 3280 πόλις»
1769 3214 1936 3295 φηςί.
2011 3212 2414 3296 (ιβύρτησ
2464 3214 2973 3299 Βερεκύντης,

384 3401 625 3467 expleto,
648 3399 930 3468 αἰθερίτης
954 3417 1131 3467 usquo
1156 3403 1227 3454 ad
1249 3401 1633 3470 Ναυκρατίτης
1658 3405 1695 3458 l.
1720 3407 1752 3455 3
1778 3419 1845 3454 ex
1872 3404 1952 3455 St.
1973 3403 2036 3454 B.
2064 3409 2283 3470 sumpta
2306 3407 2450 3455 sunt.
2480 3404 2548 3453 de
2576 3399 2796 3470 Βοιίτης
2816 3403 2970 3455 St.B.

386 3472 501 3530 173,
530 3473 555 3519 1
582 3467 923 3535 Ἡρωδιανὸς
950 3469 1171 3536 Βοιίτης
1195 3470 1382 3536 φηςίν,
1414 3469 1549 3524 ῖςως
1574 3470 1727 3537 παρὰ
1749 3472 1819 3524 τὸ
1848 3470 2031 3537 Βοιόν,
2060 3472 2138 3524 ὡς
2164 3470 2358 3524 λίκνον
2384 3471 2647 3539 λικνίτης.
2673 3473 2720 3522 Ε
2744 3474 2971 3524 nomini-

382 3538 567 3589 busin
591 3552 742 3604 ειτης
766 3538 961 3590 Arcad.
987 3541 1218 3625 prqebet
1250 3547 1465 3622 tannim
1491 3539 1764 3606 εὐρείτης,
1784 3539 2185 3661 Ρςιιθυρρεί8ἰ·ί3ης13
2203 3539 2524 3661 ἀκαιλαὲιὲίῖε
2549 3554 2575 3592 ς
2600 3538 2973 3660 ῖὲῥτῶρέξξ-

382 3613 760 3738 ὅᾏξῑιῗῗὲθῗῖ,
783 3606 1515 3743 ’ξέιῗτῗὲἒίτηεςλὲξςᾞῖιέἒὲἓῗ
1549 3607 1750 3729 331?ss
1754 3623 2155 3729 efifflzcag'tiituin
2181 3648 2292 3730 εετε
2331 3676 2409 3729 ὥς
2434 3622 2972 3744 φηςῖιῖιἩρωδιανὸς.

384 3740 446 3793 ἐν
470 3745 542 3808 τῇ
569 3740 815 3794 καθόλου
843 3743 915 3793 cf.
943 3744 1007 3794 E.
1030 3745 1102 3797 M.
1128 3746 1246 3807 763,
1270 3748 1354 3796 40.
1458 3744 1568 3795 1.11
1593 3744 1868 3797 Arcadius
1891 3746 2059 3796 habet
2081 3751 2296 3798 tantum
2319 3745 2650 3811 πρεςβύτης,
2680 3743 2970 3811 Ἀρχύτης,

310 3851 317 3858 .
384 3808 662 3876 Πιδύτης,
698 3811 915 3876 reliqua
949 3827 1015 3861 ex
1041 3812 1289 3877 Theogn.
1322 3817 1407 3875 44,
1432 3815 1498 3863 22
1534 3817 1593 3864 et
1622 3815 1708 3877 46,
1742 3816 1801 3876 4,
1841 3813 2085 3879 μεγὺτης
2118 3829 2187 3866 ex
2220 3811 2466 3879 Αίγύτης
2499 3829 2816 3880 perversum
2850 3831 2971 3865 esse

384 3880 698 3944 suspicatur
713 3879 1167 3944 Lob.Pr011.387,
1195 3881 1342 3946 apud
1364 3883 1521 3933 Hes,:
1548 3880 1792 3947 μερύτης
1811 3880 2055 3947 ἀναιδής.
2092 3883 2247 3934 Idem
2266 3883 2404 3934 Lob.
2430 3881 2744 3945 βαςανύτης
2770 3880 2969 3934 ἀλκυο-

382 3946 556 4012 νύτης
580 3948 815 3998 0bscura
840 3961 963 3998 esse
989 3954 1186 4002 monet.
1224 3949 1507 4000 Vocabula
1531 3947 1775 4016 Αίγύτης
1800 3978 1866 3986 -
1890 3949 2262 4015 Πατραςύτης
2289 3967 2358 4001 ex
2382 3950 2462 4001 St.
2489 3951 2553 4000 B.
2580 3955 2796 4015 sumpta
2822 3958 2969 4005 sunt.

517 4015 552 4066 1.
591 4018 654 4066 15
699 4031 966 4066 canonem
1009 4016 1234 4067 Arcadii
1278 4034 1332 4082 p.
1368 4019 1464 4079 26,
1500 4020 1568 4069 ⁴20
1612 4018 1720 4069 huc
1764 4024 1890 4085 post
1933 4021 2350 4071 terminationes
2394 4021 2558 4082 δι’-τῆξ,
2594 4020 2744 4083 iffi.
2782 4022 2969 4084 Ϊε-ιῗηῗ,

383 4085 520 4147 {Yth-c
555 4084 719 4133 traxi.
785 4084 1021 4134 Nomina
1056 4084 1186 4135 inde
1221 4085 1293 4135 ab
1332 4084 1623 4151 Ἀγροίτης
1666 4102 1841 4151 usque
1888 4088 1958 4137 ad
2002 4086 2231 4152 ἀλοίτης
2280 4103 2348 4138 ex
2394 4087 2645 4152 Theogn.
2679 4089 2773 4150 46,
2809 4091 2841 4137 2
2887 4104 2969 4138 re-

384 4153 534 4217 cepi,
574 4149 830 4218 Ἀτοίτης
865 4153 1110 4205 Loboek.
1148 4153 1322 4204 Proll.
1360 4157 1459 4205 382
1494 4170 1560 4204 ex
1596 4152 1845 4220 ἀγοίτης,
1884 4155 1986 4206 hoe
2022 4172 2091 4206 ex
2115 4152 2345 4220 ἀλοίτης
2382 4170 2701 4220 perversum
2735 4154 2968 4221 iudicat,

383 4236 552 4284 quare
588 4221 763 4282 omisi,
801 4217 1043 4285 Λαοίτης
1077 4220 1224 4272 idem
1261 4237 1358 4287 pro
1395 4220 1599 4288 Λοίτης
1636 4227 1694 4273 et
1732 4220 1991 4290 Ὀροίτης
2037 4241 2135 4289 pro
2176 4221 2431 4289 Ἀρσίτης
2479 4224 2808 4277 emendavit.
2878 4222 2968 4276 Ζι-

383 4287 584 4353 ποίτης
634 4293 692 4338 et
738 4288 975 4352 gentilia
1018 4288 1211 4340 addidi
1257 4305 1325 4340 ex
1372 4290 1559 4356 Steph.
1596 4292 1729 4356 Byz.
1772 4293 1897 4355 184,
1935 4296 1994 4354 1;
2041 4295 2169 4354 389,
2209 4295 2299 4353 15,
2352 4291 2438 4341 his
2484 4293 2693 4358 apponi
2744 4301 2972 4355 possent

381 4353 705 4421 Χομψοίτης
741 4354 1014 4421 Ψεβοίτης
1048 4354 1418 4424 Ψενακοίτης,
1458 4359 1566 4408 nisi
1601 4360 1876 4424 scriptura
1909 4360 2056 4410 inter
2090 4360 2248 4424 οῖτης
2283 4363 2343 4410 et
2377 4356 2537 4426 οίτης
2571 4361 2831 4411 variaret.
2961 4386 2965 4389 <

382 4421 420 4476 l.
456 4427 519 4474 ‘21
556 4424 700 4474 hunc
736 4439 1000 4475 canonem
1038 4425 1170 4475 finxi
1205 4435 1429 4491 propter
1465 4425 1807 4492 Μαντούτης
1844 4443 1933 4493 ap.
1973 4428 2052 4478 St.
2079 4430 2142 4481 B.
2168 4431 2286 4491 431,
2316 4430 2380 4477 15
2416 4435 2474 4478 et
2507 4426 2966 4493 τριακοντούτης,

383 4492 527 4557 quod
564 4493 772 4558 sumpsi
810 4507 877 4542 ex
914 4492 978 4542 Ε.
1004 4492 1077 4543 Μ.
1114 4496 1230 4557 765,
1267 4497 1350 4557 22,
1387 4496 1481 4546 ubi
1504 4493 1960 4559 ’τριακοντούτης
1996 4497 2390 4560 παροξυνεῖται
2427 4495 2730 4559 (cf.'Lehrs
2754 4506 2970 4563 quaest.

382 4576 467 4626 ep.
509 4577 561 4626 p.
600 4562 737 4623 147).
810 4563 965 4624 Quae
1004 4562 1071 4611 de
1105 4563 1483 4625 abnormitate‚
1508 4569 1769 4614 accentus
1814 4569 1876 4614 et
1911 4564 2297 4614 declinationis
2335 4565 2571 4615 dicenda
2609 4572 2756 4629 sunt,
2795 4581 2968 4616 reser-

382 4630 510 4679 vavi
546 4628 619 4678 ad
654 4644 774 4678 eum
813 4645 1105 4692 canonem,
1146 4631 1241 4694 qui
1274 4632 1395 4695 agit
1432 4632 1497 4681 de
1536 4632 1860 4697 compositis
1895 4647 1929 4681 a
1965 4634 2178 4683 neutris
2213 4634 2270 4682 in
2308 4636 2388 4686 οἳ.
2527 4633 2560 4683 l.
2597 4636 2663 4684 23
2697 4634 2841 4684 hunc
2875 4651 2966 4684 ea»

380 4712 577 4747 nonem
611 4699 822 4762 sumpsi
858 4713 925 4746 ex
963 4698 1025 4748 E.
1064 4700 1137 4750 M.
1173 4701 1299 4757 436,
1340 4703 1393 4763 1,
1433 4700 1561 4764 quia
1597 4700 1983 4751 Herodianeae
2029 4702 2262 4766 originis
2298 4718 2422 4752 eum
2462 4702 2592 4751 inde
2629 4718 2753 4753 esse
2789 4708 2965 4770 patet,

381 4765 526 4830 quod
562 4771 714 4816 totus
749 4766 1021 4816 articulus
1057 4765 1181 4816 inde
1220 4783 1253 4816 a
1289 4783 1338 4832 p.
1365 4770 1495 4831 435,
1519 4769 1772 4830 27-436,
1802 4771 1865 4818 15
1902 4783 1966 4818 ex
1994 4768 2361 4821 Herodianeis
2400 4770 2646 4822 fontibus
2682 4771 2966 4823 derivatus

383 4839 469 4882 est
500 4839 558 4883 et
592 4833 739 4897 qnod
775 4849 952 4883 canon
988 4834 1444 4901 orthographicas
1482 4852 1570 4902 ap.
1610 4836 1856 4900 Theogn.
1888 4840 1972 4892 43.
2011 4840 2077 4889 23
2110 4853 2231 4887 cum
2268 4854 2480 4889 canone
2516 4840 2580 4888 E.
2616 4838 2805 4902 Magni
2837 4852 2994 4889 ,con-·

382 4903 553 4967 gruit3
602 4918 671 4951 ex
707 4901 951 4965 Theogn.
991 4902 1181 4952 addita
1229 4909 1357 4954 sunt
1403 4906 1623 4955 nomina
1669 4904 1796 4956 inde
1843 4906 1913 4956 ab
1959 4904 2198 4970 ὁξύντης
2243 4922 2413 4972 nsque
2461 4907 2530 4956 ad
2568 4905 2865 4973 Ειβύρτης,
2903 4914 2966 4958 ut
