3664 5546
1533 400 1949 449 PRAEFATIO.
2929 400 3016 447 CV

450 558 608 622 ιέναι
654 556 1021 620 derivatum
1054 557 1305 635 πρώῖρα
1349 555 1547 620 scribi
1593 554 1910 635 debebat,
1956 553 2071 618 sed
2114 556 2277 633 πρὸ(
2320 556 2436 619 τὸν
2482 559 2844 634 χαρακτῆρα
2885 562 3015 621 τῶν

450 661 554 724 διὰ
595 664 713 724 τοῦ
758 662 895 737 {spu
938 679 1053 742 pcr
1097 662 1152 724 εἶ
1195 657 1543 722 exhibetur
1590 655 1831 742 (Schol.
1880 656 1964 721 ad
2008 655 2197 720 Arat.
2244 679 2306 720 v.
2345 655 2502 737 342,
2549 655 2764 720 Bekk.
2812 679 2875 743 p.
2911 656 3013 739 82,

453 760 528 825 Ε.
575 760 665 824 Μ.
711 759 867 841 692,
912 759 1048 844 33).
2148 827 2153 836 ,

619 863 872 943 Κάβιροι
920 860 1026 945 (E.
1074 861 1246 926 Gud.
1291 861 1437 941 289,
1484 859 1595 944 31)
1639 858 1881 925 Alexio
1938 871 2003 924 et
2046 857 2443 925 Philoxenus
2502 881 2617 944 per
2672 864 2693 925 ῑ
2748 860 3015 947 scripse-

451 973 632 1045 runt,
678 962 794 1027 sed
839 961 1250 1027 Herodianus
1299 964 1585 1046 Κάβειροι
1628 971 1896 1049 propter
1938 962 2320 1045 παράδοειν,
2366 983 2560 1048 quam
2607 962 2805 1025 etiam
2865 984 3016 1026 ana·
3076 965 3085 976 '

450 1057 621 1149 logia
648 1063 1116 1130 vocabulorum
1146 1067 1474 1149 μάγειρος,
1505 1067 1814 1147 αἴγειρος,
1860 1065 2163 1143 πέπειρος
2191 1062 2413 1144 fulcit,
2458 1072 2766 1150 quantum
2799 1074 3017 1129 autem

451 1166 862 1232 auctoritatis
907 1166 1213 1253 paradosi
1255 1167 1533 1249 tribuat,
1577 1166 1731 1230 inde
1775 1164 2013 1247 elucet,
2071 1163 2244 1251 quod
2290 1164 2447 1246 εἶμι,
2503 1186 2898 1251 quamquam
2953 1177 3021 1230 et

453 1267 796 1332 declinatio
851 1277 916 1334 et
969 1268 1240 1334 Aeolica
1294 1267 1610 1333 dialectus
1668 1265 2027 1353 simplicem
2091 1264 2384 1331 vocalem
2439 1265 2724 1350 flagitat,
2794 1288 2910 1353 per
2966 1272 3018 1333 {i

453 1379 720 1457 propter
762 1371 1118 1456 paradosin
1162 1371 1359 1435 scribi
1404 1371 1585 1435 iubet
1629 1370 1831 1455 (Mon.
1876 1369 1993 1450 23,
2039 1367 2205 1467 20).ι

621 1471 1023 1558 Scripturam
1077 1473 1524 1553 Ἀργειφόντης
1579 1482 1808 1537 contra
1859 1469 2218 1556 Didymum
2272 1471 2689 1552 Ἀργιφόντηε
2745 1469 3018 1557 proban—

453 1584 586 1638 tcm
629 1573 925 1639 Dialecto
983 1574 1228 1638 Dorica
1283 1573 1708 1653 sustentavit,
1768 1571 2126 1638 secundum
2180 1594 2372 1659 quam
2426 1595 2544 1658 pro
2590 1573 3022 1653 Ἀργοφόντηε

455 1678 881 1757 Ἀργεφόντηε
936 1685 1002 1740 et
1054 1675 1205 1739 hinc
1261 1697 1376 1762 per
1417 1673 1867 1761 pleonasmum
1919 1673 2163 1740 vocalis
2219 1678 2240 1739 ῑ
2284 1675 2733 1756 Ἀργειφόντης
2778 1673 3022 1738 dictum

455 1778 542 1841 sit
588 1776 696 1862 (E.
739 1776 831 1840 M.
881 1777 1021 1858 137,
1073 1777 1139 1858 1,
1187 1775 1487 1842 Eustath.
1541 1777 1690 1858 183,
1723 1777 1793 1861 6)
1851 1776 1967 1861 (cf.
2013 1776 2212 1840 etiam
2265 1772 2344 1837 Il.
2378 1774 2486 1837 Pr.
2521 1776 2570 1840 Ν
2605 1776 2729 1840 734
2770 1779 3020 1842 nome:

454 1882 622 1945 τινὲς
664 1881 914 1962 πόλεις,
960 1877 1060 1944 oic
1104 1879 1364 1959 μάχεται
1409 1882 1511 1945 καὶ
1553 1879 1591 1958 ἡ
1637 1879 2040 1959 ὀρθογραφία
2083 1879 2121 1960 ᾐ
2166 1878 2309 1942 κατ’
2352 1878 2620 1960 Ἴωνας).

624 1980 731 2044 Sic
773 1979 841 2043 in
887 1980 1300 2044 diversarum
1343 1979 1560 2065 legum
1604 2002 1924 2045 concursu
1968 1978 2161 2043 modo
2205 1976 2356 2043 huic
2410 1977 2603 2044 modo
2658 1978 2756 2043 illi
2810 1980 3026 2067 palma

455 2082 768 2147 tribuitur
812 2082 896 2147 ab
941 2082 1352 2165 Herodiano,
1400 2081 1518 2147 sed
1561 2083 1860 2147 omnibus
1905 2082 1963 2146 ei
2010 2080 2305 2168 superior
2348 2090 2450 2145 est
2493 2079 2854 2197 paradosis.

1212 2252 1336 2316 XI.
1422 2255 1619 2332 Περὶ
1664 2252 2253 2334 ἀνεκφωνήτου.

621 2387 807 2452 Libri
864 2389 1009 2467 περὶ
1062 2388 1523 2469 ἀνεκφωνήτου
1589 2388 1851 2453 unicum
1903 2388 2337 2472 fragmentum
2394 2396 2726 2453 servatum
2791 2399 2892 2453 est
2956 2390 3023 2453 in

453 2490 532 2565 E.
568 2488 658 2553 Μ.
691 2488 847 2571 292,
890 2489 1008 2570 56,
1053 2511 1137 2553 cx
1179 2513 1304 2576 quo
1350 2513 1430 2554 ne
1475 2489 1545 2554 id
1588 2489 1850 2577 quidem
1894 2499 2195 2576 apparet,
2243 2511 2371 2576 qua
2414 2489 2661 2555 ratione
2705 2511 3025 2574 gramma-

454 2593 653 2674 ticus,
701 2613 899 2675 quum
945 2590 1025 2656 de
1068 2595 1090 2657 ῑ
1133 2592 1505 2678 subscripto
1550 2592 1805 2677 a'geret,
1854 2590 1938 2656 ad
1971 2613 2114 2656 eam
2158 2612 2321 2671 rem,
2368 2613 2564 2677 quam
2605 2600 2872 2673 tractat,
2920 2591 3024 2656 de-

455 2693 631 2758 latus
678 2694 795 2777 sit;
840 2692 958 2757 sed
1001 2692 1251 2757 clarum
1295 2693 1370 2758 fit
1414 2715 1560 2758 eum
1605 2693 1937 2780 copiosum
1979 2693 2048 2756 in
2091 2690 2478 2779 explicando
2522 2692 2727 2757 fuisse
2770 2693 2892 2775 ita,
2953 2705 3028 2759 ut

456 2796 515 2860 si
561 2795 697 2861 fors
742 2795 997 2861 ferebat
1040 2795 1125 2861 ad
1167 2817 1270 2860 res
1318 2797 1534 2883 specie
1564 2794 1844 2877 alienas,
1891 2817 2049 2882 quas
2096 2804 2311 2859 tamen
2355 2794 2635 2881 quodam
2671 2797 3027 2862 sententiae

457 2896 719 2964 vinculo
767 2920 912 2961 cum
957 2899 1290 2986 proposito
1337 2897 1673 2986 copulatas
1718 2897 1923 2962 fuisse
1968 2896 2361 2961 credendum
2406 2907 2533 2979 est,
2583 2898 3024 2964 descenderet.

628 2998 705 3062 In
749 2998 960 3065 lexico
1004 2999 1506 3087 orthographico
1553 3000 1969 3065 Herodianeo
2026 3020 2248 3064 omnes
2299 2998 2659 3085 scripturae
2701 3001 3027 3065 vicissitu-

447 3103 674 3190 dines,
733 3111 1049 3188 quatenus
1110 3124 1192 3166 ex
1248 3102 1605 3167 Herodiani
1659 3099 2188 3187 compilatoribus
2258 3108 2325 3165 et
2388 3100 2818 3166 sectatoribus
2887 3103 3028 3167 erui

458 3213 764 3291 possunt,
813 3204 1290 3290 compositurus
1336 3205 1533 3268 etiam
1579 3201 1930 3283 vocabula,
1988 3202 2223 3289 quibus
2268 3201 2657 3287 ioineffabile
2708 3212 2821 3268 aut
2865 3205 3024 3268 assi-

458 3304 791 3390 gnandum
867 3316 981 3369 aut
1045 3304 1514 3371 detrahendum
1580 3305 1898 3370 iudicavit
1962 3303 2412 3385 HerodianUS,
2490 3326 2683 3389 quam
2748 3305 3030 3370 maxime

459 3415 686 3492 potero
732 3406 1221 3471 accuratissime
1266 3404 1689 3489 enumerab03
1734 3427 1934 3493 quare
1977 3406 2145 3470 inter
2181 3407 2551 3493 fragmenta
2593 3405 2784 3471 huius
2830 3406 3031 3472 libelli

460 3531 542 3573 ea
583 3516 834 3572 tantum
880 3506 1338 3573 adnotamenta
1366 3509 1680 3590 referam,
1726 3531 1891 3596 quae
1936 3531 2136 3595 quum
2179 3529 2312 3573 non
2344 3508 2425 3572 de
2456 3507 2729 3594 singulis
2762 3508 3028 3575 vocibus

460 3619 688 3693 agant,
757 3607 874 3674 sed
926 3609 1009 3674 ad
1053 3608 1490 3676 dialectornm
1544 3609 1612 3674 in
1668 3610 2070 3677 declinandis
2137 3609 2510 3676 nominibus
2565 3611 3027 3697 proprietatem

461 3721 577 3775 aut
631 3712 990 3776 communis
1045 3712 1356 3778 sermonis
1411 3712 1877 3778 inclinamenta
1931 3713 2266 3778 nominum
2324 3722 2405 3787 et,
2445 3713 2791 3777 verborum
2836 3713 3029 3798 perti-

463 3823 693 3896 neant,
755 3814 821 3877 in
876 3811 986 3877 illo
1044 3812 1250 3880 lexico
1318 3825 1538 3901 aptum
1593 3814 1806 3880 locum
1861 3837 1990 3879 non
2056 3814 2327 3897 habent3
2395 3814 2809 3903 praemittam
2874 3837 3029 3880 vero

459 3916 767 4001 generale
809 3925 1227 4003 praeceptum
1272 3938 1398 4003 quo
1453 3915 1686 4004 quibus
1736 3915 2069 3983 vocalibus
2114 3921 2137 3982 ῑ
2180 3916 2678 3982 adscribendum
2733 3916 2851 3997 sit,
2906 3927 3032 3981 tra-

462 4018 659 4083 ditur.

511 4168 518 4179 .
633 4117 906 4205 Sumpta
949 4131 1164 4186 autem
1209 4129 1363 4184 sunt
1406 4121 1566 4189 haec
1609 4122 1980 4206 fragmenta
2024 4130 2089 4185 et
2133 4142 2214 4184 ex
2258 4119 2337 4183 E.
2383 4120 2507 4201 M.‚
2565 4142 2691 4206 quo
2749 4119 3032 4184 fortasse

460 4244 546 4286 ex
592 4219 1044 4287 Choerobosco
1089 4233 1437 4306 venerunt,
1485 4233 1552 4288 et
1595 4245 1678 4287 ex
1722 4210 2157 4287 Clioerobosci
2200 4221 2519 4303 Dictatis,
2566 4221 2748 4286 cuius
2793 4220 3031 4285 librum

460 4322 691 4388 eodem
736 4322 925 4389 titulo
972 4327 1118 4404 περὶ
1160 4324 1624 4407 ἀνεκφωνήτου
1667 4324 2052 4411 inscriptum
2097 4323 2172 4389 Ε.
2216 4324 2308 4388 Μ.
2353 4324 2508 4406 672,
2554 4324 2637 4389 23
2680 4322 2924 4388 laudat.

1349 4494 1505 4560 XII.
1591 4497 1784 4575 Περὶ
1827 4495 2244 4581 ὀνομάτων

1019 4595 1160 4661 sive
1213 4597 1721 4677 Ὀνοματικόν
1788 4597 1929 4661 sive
1996 4598 2471 4677 Ὀνοματικά.

635 4729 831 4795 Hunc
874 4730 1136 4813 librum,
1195 4755 1384 4820 quem
1429 4732 1901 4819 amplissimum
1946 4731 2148 4796 fuisse
2204 4755 2287 4796 ex
2333 4730 2764 4797 Choerobosci
2810 4705 3033 4795 Dicta-

460 4844 674 4901 torum
728 4843 914 4920 parte
969 4856 1075 4917 ea,
1148 4857 1315 4921 quae
1371 4846 1472 4901 est
1527 4833 1606 4900 de
1661 4834 2061 4915 nominibus,
2118 4834 2352 4899 coniici
2410 4833 2635 4914 debet,
2693 4830 2851 4898 citat
2892 4834 3034 4919 ipse
