3664 5546
1152 354 1311 409 ΠΕΡΙ
1353 353 1745 413 ΚΑΘΟΛΙΚΗ(
1781 356 2207 414 ΠΡΟΕΩιΔΙΑ(
2247 359 2319 411 Ις.
2419 396 2432 413 .
2920 356 3049 427 437

460 528 818 611 βαρυτόνου
860 528 1157 607 παρήχθη
1204 527 1297 594 ὡς
1340 528 1446 594 ἐπὶ
1485 532 1604 593 τοῦ
1633 529 1843 607 τρέχω
1885 536 2182 610 τροχῶ,
2227 531 2266 608 ἢ
2312 529 2474 608 παρ’
2518 528 2728 608 ὄνομα
2767 528 3047 612 ἐγένετο,

458 635 684 711 τεῦχος
726 635 1015 710 τευχῶ,
1069 631 1174 695 καὶ
1226 632 1302 696 τὸ
1359 636 1651 710 ςτοιχῶ
1704 632 1808 696 καὶ
1861 633 1937 697 τὸ
1983 638 2231 712 μοιχῶ
2288 630 2420 721 ἀπὸ
2475 635 2593 696 τοῦ
2649 634 2902 710 ςτοῖχος
2948 632 3052 695 καὶ

457 733 697 814 μοιχός.
744 732 1077 812 βαρύνεται
1109 734 1439 815 δὲταῦτα,
1482 731 1787 815 ςτείχω,
1817 733 2107 817 τεύχω,
2145 733 2404 817 ψύχω,
2435 733 2725 816 τρύχω,
2757 732 3046 817 ςμύχω,

457 835 744 917 βρύχω,
792 835 1057 916 λείχω,
1101 833 1381 915 γλίχω,
1427 832 1580 897 ὅθεν
1625 834 1700 911 τὸ
1745 834 2060 914 γλίχομαι.
2128 833 2247 900 οὐκ
2289 833 2645 900 ἀντιπίπτει
2689 836 2764 900 τὸ
2810 834 3045 913 αὐχῶ.

456 937 587 1003 ἀπὸ
644 937 1024 1017 φωνήεντος
1081 934 1235 1017 γάρ,
1292 936 1346 1018 ᾧ
1411 933 1803 1014 ἠκολούθηςε
1830 956 1836 959 ·
1862 937 1965 1000 καὶ
2021 936 2097 1002 τὸ
2166 942 2442 1015 καυχῶ.
2533 938 2609 1002 τὸ
2652 938 2724 1002 δὲ
2782 941 3043 1017 βληχῶ
3085 948 3119 999 5

455 1041 585 1119 ἔχει
629 1040 685 1117 ἦ.

623 1141 718 1206 Τὰ
761 1141 850 1206 εἰς
902 1146 999 1237 χῶ.
1060 1139 1404 1219 διςύλλαβα
1455 1145 1549 1221 τῷ
1604 1143 1642 1217 ἦ
1700 1139 2202 1218 παραληγόμενα
2256 1138 2388 1205 ἀπὸ
2446 1141 2797 1220 ςυμφώνου
2851 1139 3045 1220 ἀρχό-

455 1264 646 1326 μενα,
703 1243 757 1307 εἰ
817 1245 898 1322 μὴ
952 1241 1388 1320 πεποιημένην
1445 1242 1676 1321 φωνὴν
1735 1241 2058 1324 ςημαίνοι,
2117 1241 2487 1323 βαρύνεται,
2542 1243 2787 1326 νήχω,
2842 1242 2906 1310 ἐξ
2964 1242 3052 1307 οὗ

455 1348 529 1410 τὸ
574 1345 882 1427 νήχομαι,
929 1344 1213 1424 ςμήχω,
1257 1343 1518 1422 τρήχω
1563 1344 1638 1408 τὸ
1684 1346 1935 1423 κτυπῶ,
1983 1341 2047 1408 ἐξ
2079 1340 2159 1406 οὗ
2188 1345 2265 1407 τὸ
2313 1345 2636 1422 ιτετρήχει
2683 1345 2751 1408 δ’
2792 1342 3040 1423 ἀγορή»

453 1448 532 1529 (Β
563 1445 705 1527 95),
754 1445 993 1528 λήχω,
1038 1444 1163 1524 ἀφ’
1209 1444 1288 1508 οὗ
1331 1445 1407 1508 τὸ
1453 1445 1710 1523 ἔλαχον.
1778 1445 1855 1510 τὸ
1900 1445 1972 1508 δὲ
2016 1447 2285 1523 βληχῶ
2329 1445 2766 1524 πεποιημένην
2791 1446 3042 1525 ,φωνὴν
3083 1460 3148 1512 10

432 1552 659 1629 ·δηλοῖ.
746 1548 821 1612 τὸ
866 1549 938 1611 δὲ
980 1547 1140 1626 ἠχῶ
1187 1545 1319 1611 ἀπὸ
1364 1546 1743 1625 φωνήεντος
1786 1546 2038 1624 ἤρξατο.

626 1650 720 1714 Τὰ
765 1648 853 1715 εἰς
907 1654 1004 1725 χω
1061 1648 1404 1727 διςύλλαβα
1456 1649 1538 1726 μὴ
1593 1646 1831 1725 ἔχοντα
1883 1648 2013 1725 πρὸ
2066 1651 2183 1711 τοῦ
2227 1650 2265 1725 χ
2322 1649 2396 1712 τὸ
2453 1651 2486 1712 ἒ
2528 1652 2932 1730 περιςπᾶται,
2989 1651 3044 1714 εἰ

454 1754 594 1832 ἔχοι
638 1753 754 1829 τὴν
799 1751 927 1828 πρὸ
972 1750 1327 1827 τέλους·μὴ
1372 1750 1556 1828 φύςει
1602 1746 1846 1827 μακράν
1859 1774 1878 1831 ,
1924 1749 2412 1829 ύπεςταλμὲνων
2455 1756 2590 1816 τῶν
2634 1749 2921 1828 ἐχόντων
2965 1752 3041 1816 τὸ

455 1860 487 1919 ἑ
531 1855 570 1932 ἢ
614 1854 690 1919 τὸ
737 1856 778 1916 ἃ
821 1853 949 1930 πρὸ
992 1852 1253 1933 τέλους,
1300 1853 1543 1932 λοχῶ,
1585 1856 1881 1933 τροχῶ,
1925 1848 2170 1933 ὀρχῶ,
2221 1850 2372 1917 ὅθεν
2418 1851 2763 1933 ὀρχοῦμαι,
2819 1858 3040 1934 κιχῶ,

455 1958 648 2037 ὀχῶ,
705 1959 972 2035 ςτιχῶ,
1024 1955 1254 2034 διχῶ,
1308 1956 1581 2035 τριχῶ,
1638 1955 1863 2030 τυχῶ.
1961 1951 2037 2015 τὸ
2093 1952 2163 2015 δὲ
2219 1950 2407 2031 ἴςχω
2461 1952 2593 2031 ἔχει
2647 1955 2696 2016 ἓ.
2796 1954 2900 2017 καὶ
2964 1954 3039 2018 τὸ
3084 1966 3144 2017 15

455 2059 715 2139 ςμήχω
757 2056 889 2135 ἔχει
933 2056 1049 2134 τὴν
1093 2053 1592 2132 παραλήγουςαν
1638 2052 1823 2133 φύςει
1856 2051 2117 2131 μακράν.
2161 2054 2238 2118 τὸ
2284 2054 2356 2117 δὲ
2399 2053 2646 2133 τρέχω
2691 2053 2823 2133 ἔχει
2867 2058 2901 2119 ἒ
2941 2056 3043 2119 καὶ

450 2162 527 2226 τὸ
571 2159 784 2238 ἄρχω
828 2160 885 2220 ἃ.
1226 2148 1233 2156 ’

619 2261 714 2325 Τὰ
756 2260 845 2324 εἰς
888 2262 987 2338 χίῡ
1032 2256 1101 2321 ἐν
1147 2248 1223 2339 τῇ
1267 2257 1396 2335 πρὸ
1449 2256 1676 2321 τέλους
1732 2260 2011 2340 ςυλλαβῇ
2055 2261 2088 2321 ἒ
2131 2256 2369 2336 ἔχοντα
2422 2256 2791 2340 βαρύνεται,
2847 2256 2902 2321 εἰ
2957 2260 3038 2336 μὴ

450 2364 611 2441 παρ’
655 2362 865 2440 ὄνομα
907 2359 1197 2440 γένοιτο,
1242 2359 1528 2441 τρέχω,
1576 2358 1858 2441 βρέχω,
1903 2359 2135 2440 δέχω,
2181 2358 2333 2423 ὅθεν
2380 2358 2644 2437 δέχομαι
2689 2357 2760 2423 ἐν
2804 2358 3038 2442 χρήςει,

451 2466 633 2547 ἔχω,
680 2463 1014 2542 ςπέρχω,
1060 2460 1296 2544 εὔχω,
1341 2460 1493 2526 ὅθεν
1537 2459 1836 2542 εὔχομαι,
1881 2459 2113 2542 ἔρχω,
2159 2460 2313 2525 ὅθεν
2353 2459 2653 2542 ἔρχομαι,
2705 2460 3035 2544 ἐλέγχω,
3071 2473 3141 2525 20

451 2566 717 2645 τεύχω.
805 2564 879 2627 τὸ
924 2563 996 2626 δὲ
1041 2566 1293 2639 τευχῶ
1337 2561 1825 2641 περιςπώμενον
1870 2560 1967 2625 ὅτι
2011 2565 2252 2639 τεῦχος.

620 2666 714 2730 Τὰ
767 2664 858 2729 εἰς
909 2666 1012 2743 χῶ
1068 2662 1410 2757 διςύλλαβα
1463 2662 1700 2741 ἔχοντα
1753 2663 1827 2728 τὸ
1885 2665 1926 2725 ἆ
1981 2663 2051 2729 ἐν
2099 2668 2175 2746 τῇ
2220 2663 2349 2741 πρὸ
2403 2662 2632 2728 τέλους
2677 2663 3035 2746 βαρύνεται,

450 2769 613 2848 ἄχω
668 2766 933 2848 ἄχομαι,
991 2765 1236 2848 μάχω,
1293 2763 1446 2830 ὅθεν
1500 2765 1574 2830 τὸ
1629 2764 1906 2846 μάχομαι
1951 2765 2053 2829 καὶ
2109 2765 2419 2845 μαχέομαι
2476 2768 2826 2850 μαχοῦμαι,
2881 2765 3035 2832 ὅθεν

450 2871 803 2951 μαχήςομαι
856 2868 1140 2948 μέλλων,
1206 2865 1448 2949 ἄρχω,
1514 2866 1815 2948 πάςχω,
1884 2867 2026 2945 μεθ’
2083 2865 2177 2932 ὧν
2241 2867 2344 2932 καὶ
2406 2869 2482 2933 τὸ
2536 2865 2738 2946 ἴςχω.
2825 2868 2901 2932 τὸ
2963 2871 3034 2933 δὲ

450 2977 706 3054 βακχῶ
750 2971 1124 3048 περιςπᾶται
1171 2968 1261 3032 ὡς
1306 2967 1461 3047 ἔχον
1506 2970 1582 3034 τὸ
1629 2968 1882 3048 βάκχος.
3067 2985 3135 3033 25

614 3073 709 3138 Τὰ
753 3072 858 3137 διὰ
898 3073 1017 3137 τοῦ
1061 3073 1200 3149 ὰχῖι
1244 3069 1625 3148 τριςύλλαβα
1683 3069 2052 3152 βαρύνεται,
2109 3069 2459 3148 ςτενάχω
2516 3070 2719 3150 «βαρὺ
2776 3072 2848 3135 δὲ
2901 3091 3052 3139 ςτε-,

446 3175 764 3255 νάχοντος
807 3173 1089 3238 ἄκουςα»
1139 3169 1296 3255 (Od.
1330 3176 1367 3234 6
1397 3168 1509 3252 95)
1561 3170 2108 3248 «ἐπεςτενάχοντο
2155 3171 2223 3234 δ’
2266 3171 2547 3250 ἑταῖροι»
2595 3169 2700 3253 (11.
2746 3173 2809 3238 Δ
2860 3170 3032 3256 154),

448 3276 636 3355 ἰάχω
704 3276 924 3354 «ἡμεῖς
989 3276 1060 3339 δὲ
1126 3273 1459 3352 ἰάχοντες»
1526 3269 1683 3353 (Od.
1749 3276 1785 3336 b
1849 3270 2039 3353 454),
2107 3274 2278 3352 «τρὶς
2350 3273 2418 3336 δ’
2482 3272 2620 3338 ἄϊεν
2688 3272 3027 3353 ἰάχοντος»

448 3530 708 3596 praebet:
754 3527 964 3592 βὸςκω,
1003 3524 1036 3579 ὃ
1084 3527 1175 3578 καὶ
1222 3527 1404 3590 βοςκῶ
1441 3525 1679 3589 λέγεται.
1874 3526 1909 3576 1.
1948 3529 1979 3577 2
2026 3528 2202 3590 μοιχῶ
2241 3531 2300 3578 et
2333 3529 2536 3591 ςτοιχῶ
2573 3533 2928 3581 accesserunt
2964 3546 3031 3580 ex

448 3598 696 3663 Theogn.
735 3600 848 3660 139,
885 3600 976 3658 30,
1013 3594 1258 3646 indidem
1293 3593 1510 3659 ςμύχω,
1549 3593 1765 3659 βρύχω,
1806 3596 1977 3645 verba
2014 3593 2148 3646 ὅθεν
2183 3592 2439 3658 γλίχομαι
2477 3613 2544 3647 ox
2579 3599 2812 3651 Lasear.
2839 3598 2953 3659 168,
2979 3600 3030 3650 9.

447 3666 601 3717 Idem
638 3680 813 3716 canon
847 3668 1035 3715 exstat
1069 3665 1127 3713 in
1162 3662 1263 3713 An.
1288 3665 1416 3713 Par.
1441 3664 1525 3713 111
1562 3666 1680 3725 304,
1717 3666 1798 3724 23,
1838 3664 1933 3714 ubi
1968 3678 2088 3713 cum
2124 3662 2281 3727 αὐχῶ
2320 3666 2659 3730 componitur
2694 3664 2844 3729 ἡχῶ,
2884 3666 3029 3730 quod

447 3733 643 3784 Arcad.
696 3732 754 3784 in
806 3732 1060 3797 sequenti
1110 3746 1318 3781 canone
1372 3731 1600 3796 profert.
1772 3731 1808 3781 1.
1847 3733 1879 3781 8
1932 3728 1989 3783 ἐξ
2034 3729 2101 3782 οὗ
2148 3758 2215 3767 —-
2259 3730 2437 3796 ἀγορή
2484 3730 2551 3796 (Β
2598 3731 2689 3795 96)
2734 3733 2919 3783 adieci
2963 3750 3030 3783 ex

445 3802 690 3867 Theogn.
730 3802 844 3863 140,
880 3803 928 3850 2.
965 3825 1032 3834 -
1069 3814 1166 3864 pro
1204 3798 1422 3863 βρηχῶ,
1461 3798 1606 3863 quod
1642 3798 1891 3864 Theogn.
1933 3814 2053 3848 curn
2090 3799 2280 3864 βληχῶ
2326 3801 2627 3866 componit,
2678 3799 3027 3852 scribendum

443 3869 667 3922 videtur
702 3867 892 3933 βρήχω
928 3865 1115 3917 fiotum
1150 3873 1378 3932 propter
1422 3863 1704 3931 ἑβεβρήχει
1750 3866 1948 3931 ἔβραχε
1987 3868 2122 3921 Lob.
2159 3868 2349 3920 Rhem.
2386 3869 2469 3918 66.
2622 3867 2659 3919 l.
2700 3871 2762 3920 15
2805 3867 2924 3930 ὀχῶ
2962 3894 3029 3903 -

443 3939 600 4001 τυχῶ
638 3937 874 4002 apposui
908 3951 974 3986 ex
1011 3935 1259 3999 Theogn.
1285 3936 1401 3995 140,
1429 3939 1507 3996 11,
1545 3934 1694 3999 apud
1731 3950 1892 4000 quem
1917 3934 2101 3999 βροχῶ
2142 3940 2455 4001 corruptum
2488 3935 2712 3987 videtur
2748 3952 2816 3985 ex
2851 3934 3025 3999 ὀρχῶ,

445 4020 613 4070 qnare
649 4005 825 4055 omisi.
859 4030 925 4038 —
962 4002 1035 4053 ad
1070 4001 1224 4066 ὀρχῶ
1268 4001 1450 4052 adieci
1491 4001 1624 4053 ὅθεν
1669 4001 1943 4066 ὀρχοῦμαι
1989 4017 2056 4052 ex
2093 4002 2319 4057 Lasear.
2363 4003 2487 4064 168,
2527 4005 2607 4058 19.
2644 4030 2710 4037 -
2745 4004 2830 4052 De
2868 4001 3028 4065 εὔχο-

445 4087 541 4137 μαι
576 4073 641 4121 Ε.
669 4071 811 4124 Gud.
838 4073 958 4133 223,
986 4073 1041 4121 5:
1081 4067 1447 4134 Ἡρωδιανὸς,
1486 4068 1575 4121 ὅτι
1609 4065 1741 4121 ἷςως
1779 4068 1841 4120 ἐκ
1876 4071 1980 4120 τοῦ
2019 4069 2132 4133 ἔχω
2172 4067 2472 4134 πεποίηται
2499 4069 2643 4120 κατὰ
2668 4067 3026 4134 πλεοναςμὸν

442 4142 547 4192 τοο
585 4142 637 4190 ῦ.
684 4137 737 4191 οἱ
773 4136 877 4203 γὰρ
915 4136 1209 4208 εὐχόμενοι
1245 4135 1484 4189 ἀξιοῡςιν
1522 4136 1694 4202 ἔχειν,
1734 4135 1819 4188 ὧν
1858 4136 2170 4200 βούλονται.
2196 4165 2262 4173 -
2298 4137 2684 4202 Theognostus
2719 4153 2840 4187 cum
2875 4134 3022 4199 δέχω

444 4208 558 4271 ἔχω
595 4206 779 4272 τρέχω
817 4207 1094 4272 componit
1127 4203 1276 4268 λέχω
1312 4211 1537 4271 propter
1570 4205 1731 4268 λέχος
1770 4205 2023 4258 λέξαςθαι
2060 4206 2195 4256 Lob.
2233 4205 2424 4255 Rheni.
2462 4207 2544 4257 66.
2751 4204 2786 4257 l.
2825 4206 2891 4255 23
2926 4220 3022 4268 pro

441 4275 667 4327 Arcadii
702 4275 886 4327 verbis
925 4272 1085 4337 μάχω
1124 4271 1363 4336 μάχομαι
1410 4272 1501 4324 καί
1549 4276 1709 4336 μαχῶ
1747 4274 2080 4336 περιςπᾶται
2127 4272 2287 4337 posui
2331 4287 2472 4337 quae
2519 4272 2751 4337 praebet
2795 4273 3020 4323 Lasear.

445 4345 561 4406 168,
596 4346 678 4396 24.
744 4343 814 4393 cf.
849 4342 1058 4392 Herod.
1105 4347 1167 4391 nt
1199 4341 1420 4392 videtur
1453 4343 1514 4392 in
1548 4342 1689 4392 libro
1726 4340 1855 4404 περὶ
1890 4338 2163 4404 ῥημάτων
2199 4339 2256 4389 in
2293 4339 2357 4389 Ε.
2394 4339 2534 4391 Gud.
2572 4340 2688 4399 382,
2732 4342 2794 4389 10
2830 4337 3024 4391 κανών

442 4410 592 4462 ἐςτιν
627 4409 660 4463 ὁ
698 4409 910 4473 λέγων,
950 4408 1039 4462 ὅτι
1074 4408 1146 4460 τὰ
1181 4405 1258 4460 εἰς
1294 4411 1378 4475 {fii
1415 4408 1666 4474 λήγοντα
1702 4406 1983 4471 βαρύτονά
2027 4405 2325 4468 διςύλλαβα
2371 4410 2457 4472 τῷ
2492 4408 2529 4457 ἃ
2573 4408 2800 4471 καθαρῷ
2846 4420 3022 4472 παρα-

442 4478 729 4544 ληγόμενα
766 4476 967 4531 ςπάνιά
1004 4477 1144 4542 ἑςτι,
1182 4475 1251 4527 τὸ
1286 4478 1490 4543 ἄχομαι
1533 4475 1626 4527 καὶ
1670 4473 1910 4539 μάχομαι
1956 4475 2046 4526 καὶ
2090 4475 2272 4525 ταῦτα
2319 4473 2422 4540 μὲν
2467 4473 2589 4539 ἄχρι
2635 4477 3019 4539 παρατατικοῦ

442 4544 689 4599 κλίνεται
724 4545 804 4599 ὡς
840 4545 1149 4612 βαρύτονα,
1187 4543 1302 4599 ἀπὸ
1339 4545 1402 4598 δὲ
1435 4547 1539 4596 τοο
1577 4544 1961 4607 παρατατικοῠ
2010 4540 2089 4593 ὡς
2125 4540 2525 4605 περιςπώμενα
2571 4545 2864 4594 ποιοῦνται
2910 4543 3020 4605 τὴν

443 4612 631 4666 κλίςιν.
667 4614 1023 4679 Ἡρωδιανὸς.
1129 4615 1168 4668 1.
1203 4616 1270 4665 26
1307 4612 1557 4677 exempla
1590 4612 1982 4675 barytonornm
2016 4607 2269 4672 ςτενάχω
2306 4615 2365 4661 et
2402 4607 2540 4673 ἰάχω
2578 4612 2812 4676 apposui
2847 4627 2916 4660 ex
2949 4611 3015 4662 11.

441 4684 532 4732 Pr.
571 4682 613 4735 Α
650 4686 775 4734 364:
813 4681 1128 4746 ςτενάχων;
1168 4681 1201 4733 ὁ
1237 4680 1502 4736 (ιδώνιος
1539 4679 1805 4743 περιςπᾷ,
1853 4676 1886 4728 ὁ
1929 4676 1990 4728 δὲ
2029 4674 2379 4741 Ἀρίςταρχος
2417 4676 2655 4742 βαρύνει.
2724 4677 2798 4730 τὰ
2832 4678 3018 4730 πολλὰ

441 4748 574 4814 γάρ,
618 4748 779 4815 φηςί,
827 4749 1105 4815 κινήματα
1149 4748 1227 4800 ὡς
1272 4748 1388 4802 ἀπὸ
1432 4745 1747 4811 βαρυτόνου
1797 4744 2035 4808 γέγονεν
2080 4746 2410 4865 (emittuntur
2452 4746 2701 4812 exempla
2754 4747 2810 4797 in
2863 4752 3017 4799 toxtti

442 4819 764 4884 proposita).
833 4817 870 4871 Ε
895 4821 995 4871 302
1033 4817 1339 4883 ςμερδαλέα
1377 4813 1579 4879 ἰάχων;
1620 4811 1880 4878 βαρύνειν
1915 4813 1996 4865 δεῖ
2031 4812 2139 4879 τὴν
2196 4811 2375 4877 ἀχων·
2414 4812 2724 4867 ἑνεςτῶτος
2759 4813 2866 4880 γάρ
2903 4814 3016 4868 ὲςτι
