3664 5546
671 409 866 455 LXXII
1743 404 2156 454 PRAEFATIO.

1527 575 1651 642 III.
1738 579 1928 657 Περὶ
1972 577 2378 656 διχρόνων.

835 731 1031 797 Hunc
1059 729 1352 796 libellum
1381 732 1660 818 primum
1691 729 1900 795 edidit
1920 729 2263 794 Cramerus
2298 730 2366 792 in
2395 731 2523 793 An.
2550 727 2676 793 Ox.
2703 727 2808 792 III
2831 752 2893 815 p.
2916 727 3044 792 282
3065 750 3243 814 seqq.

671 857 755 899 ex
811 834 1067 899 duobus
1113 831 1316 897 Codd.
1361 832 1775 897 Baroccianis
1826 831 1946 895 119
1990 831 2109 917 (A)
2168 840 2233 896 et
2286 831 2367 894 72
2412 830 2549 917 (B).
2638 829 2928 894 Tertium
2983 828 3245 895 Codicis

670 936 1120 1023 apographum
1162 933 1467 1016 LehrsiO,
1524 936 1633 1021 qui
1687 939 1917 999 iterum
1973 932 2179 997 edidit
2230 934 2300 997 in
2345 931 2764 1014 „Herodiani
2820 932 3065 1018 scripta
3119 931 3249 995 tria

672 1036 1170 1103 emendatiora“
1214 1060 1277 1122 p.
1324 1037 1445 1100 367
1494 1058 1695 1123 seqq„
1741 1036 2101 1100 transmisit
2142 1033 2523 1099 Dindorfius
2571 1034 2715 1120 (D).
2790 1032 2869 1097 In
2912 1034 2974 1097 A
3020 1032 3247 1098 titulus

673 1150 772 1205 est
815 1142 959 1219 περὶ
1003 1140 1355 1219 ποεότητο(
1398 1145 1529 1212 τῶν
1560 1139 1878 1217 διχρόνων
1909 1139 2310 1217 Ἡρωδιανοῦ
2355 1144 2420 1200 et
2463 1134 2727 1223 quidem
2760 1144 3021 1200 caetera
3048 1135 3246 1201 rubro

674 1243 987 1327 scriptu8‚
1032 1238 1390 1305 Herodiani
1436 1248 1654 1303 autem
1697 1261 1932 1302 nomen
1977 1246 2441 1306 atramento,et
2483 1238 2827 1302 recentiori
2882 1259 3078 1301 manu
3135 1238 3247 1302 ad·

675 1343 1006 1427 scriptum.
1094 1342 1174 1406 In
1218 1341 1283 1404 D
1327 1341 1701 1406 inscribitur
1731 1341 2129 1421 Ἡρωδιανοῦ
2173 1342 2318 1421 περὶ
2361 1342 2650 1423 χρόνων,
2693 1339 2762 1403 in
2800 1337 2857 1402 B
2900 1344 3015 1405 τοῦ
3046 1340 3247 1419 Ἡρω-

677 1449 901 1510 διανοῦ
945 1446 1091 1523 περὶ
1135 1445 1470 1524 διχρόνων.
1556 1442 1867 1506 Lehrsius
1922 1440 2154 1506 maluit
2209 1443 2278 1508 ἐκ
2331 1448 2459 1508 τῶν
2505 1441 2905 1521 Ἡρωδιανοῦ
2958 1443 3102 1522 περὶ
3157 1449 3247 1507 δι-

678 1548 962 1629 χρόνων,
1026 1567 1216 1632 quem
1272 1543 1528 1609 titulum
1586 1544 1846 1608 retinui.
1947 1543 2199 1608 Eadem
2252 1542 2413 1608 haec
2468 1543 2802 1628 Excerpta
2856 1551 3117 1607 exsmnt
3178 1544 3249 1606 in

677 1648 998 1712 Draconis
1053 1648 1164 1733 qui
1200 1627 1428 1711 ’fertur
1480 1645 1648 1712 libro
1718 1656 1783 1710 et
1838 1646 1905 1708 in
1962 1645 2206 1730 regulis
2263 1645 2605 1732 prosodiae
2658 1644 3039 1709 Hermanni.
3141 1643 3252 1710 Ad

680 1749 1151 1813 Hermanniani
1193 1747 1344 1813 libri
1389 1770 1566 1813 oram
1620 1770 1704 1811 ex
1749 1745 1906 1814 Cod.
1953 1747 2161 1811 Paris.
2207 1746 2375 1810 2008
2431 1757 2495 1811 et
2550 1746 2718 1811 2810
2763 1745 2874 1831 (C)
2919 1748 3249 1811 variantes

677 1852 985 1916 lectiones
1042 1849 1484 1936 adscripscrat
1527 1849 1823 1929 Bastius‚
1880 1847 2054 1914 unde
2109 1849 2190 1912 iis
2246 1870 2401 1911 usus
2458 1858 2557 1912 cst
2612 1848 2977 1912 CrameruS.
3065 1847 3251 1912 Idem

678 1953 939 2017 Bastius
986 1951 1252 2016 adnotat
1296 1951 1559 2016 eosdem
1603 1972 1881 2016 canones
1927 1950 2055 2034 legi
2100 1951 2168 2014 in
2214 1949 2373 2014 Cod.
2418 1950 2537 2015 MS
2583 1951 2833 2015 Graeco
2880 1950 2996 2016 Nr.
3043 1951 3126 2014 66
3172 1950 3254 2014 de

679 2055 744 2118 la
786 2054 1103 2141 premiere
1147 2052 1453 2118 chambre
1501 2051 1583 2132 de
1613 2054 1797 2117 titres
1843 2052 2042 2139 idque
2085 2048 2287 2116 multo
2333 2052 2736 2117 emendatius
2767 2073 2962 2139 quam
2990 2053 3059 2116 in
3088 2051 3252 2116 Her-

681 2156 900 2220 manni
946 2154 1251 2220 editione.

848 2255 1173 2342 Equidem
1216 2250 1508 2321 Crameri
1552 2265 1617 2320 et
1659 2253 1915 2321 Lehrsii
1971 2253 2322 2336 editione5‚
2381 2255 2638 2340 regulas
2694 2255 3044 2321 Prosodiae
3088 2256 3252 2321 Her-

681 2360 904 2423 manni
947 2368 1012 2423 et
1053 2359 1425 2423 Draconem
1469 2356 1734 2422 adhibui
1782 2366 2038 2422 secutus
2084 2357 2368 2421 maxime
2414 2356 2784 2441 Lehrsium,
2830 2359 3016 2423 cuius
3061 2359 3253 2423 ratio-

684 2484 832 2525 nem
875 2462 1068 2525 etiam
1111 2461 1178 2523 in
1223 2481 1297 2523 eo
1343 2458 1681 2546 adoptavi,
1730 2457 1904 2544 quod
1948 2457 2283 2543 graviores
2330 2467 2579 2523 tantum
2625 2461 2986 2547 scripturae
3018 2460 3257 2524 discre-

679 2563 935 2649 pantias
978 2564 1047 2626 in
1091 2561 1510 2626 adnotatione
1553 2561 1780 2625 critica
1831 2562 2358 2642 commemoravi,
2411 2572 2474 2627 et
2518 2561 2634 2626 ubi
2679 2561 2817 2625 dixi
2861 2561 3088 2644 codd.‚
3132 2561 3256 2626 AB

682 2672 748 2729 et
791 2664 855 2728 D
898 2663 1225 2747 intellegO.

851 2764 1034 2830 Haec
1087 2773 1398 2853 excerpta
1451 2764 1537 2830 ad
1590 2788 1820 2831 verum
1865 2763 2311 2830 Herodianum
2367 2765 2713 2831 referenda
2763 2786 2904 2830 esse
2946 2764 3255 2830 Lehrsius

681 2870 748 2932 in
794 2867 1126 2933 Analectis
1173 2867 1258 2932 ad
1305 2867 1750 2931 Herodianum
1795 2890 1859 2953 p.
1904 2867 2029 2930 402
2075 2889 2249 2953 seqq.
2297 2877 2431 2932 tam
2475 2866 2759 2933 dilucide
2804 2868 3136 2955 exposuit,
3184 2875 3258 2931 ut

681 2992 870 3035 nemo
913 2969 1044 3033 iam
1087 2969 1170 3034 de
1216 2978 1479 3034 auctore
1524 2967 1800 3034 dubitet.

849 3069 994 3136 Hoc
1046 3071 1214 3135 libro
1283 3068 1522 3133 similia
1582 3069 1899 3133 contineri
1952 3070 2064 3150 iis,
2133 3092 2299 3155 quac
2364 3073 2430 3136 in
2484 3070 2652 3136 libro
2708 3070 2842 3135 XX
2902 3071 3260 3136 Prosodiae

683 3171 1060 3238 Catholicae
1102 3173 1169 3234 in
1215 3172 1500 3233 sectione
1554 3171 1698 3248 περὶ
1755 3171 2011 3249 χρόνων
2066 3171 2437 3255 traduntur,
2494 3183 2629 3237 tam
2683 3174 3095 3260 perspicuum
3139 3182 3258 3253 est,

681 3280 756 3336 ut
799 3294 881 3335 ne
924 3271 1128 3335 verbo
1187 3269 1445 3356 quidem
1499 3270 1569 3334 id
1614 3273 1933 3356 attingere
1986 3294 2249 3338 neccsse
2306 3276 2409 3339 sit.
2497 3274 2725 3360 Neque
2770 3284 2989 3339 tamen
3047 3298 3130 3339 ex
3174 3275 3258 3339 si·

685 3371 956 3437 millimo
1002 3360 1383 3456 argumento
1437 3372 1736 3438 concludi
1792 3371 1987 3438 debet
2041 3373 2203 3440 haec
2258 3379 2406 3458 περὶ
2463 3378 2779 3456 διχρόνων
2824 3386 3133 3463 excerpta
3175 3384 3260 3440 ex

686 3474 855 3539 libro
901 3473 1040 3537 XX
1085 3472 1456 3539 Catholicae
1499 3476 1704 3561 petita
1746 3497 1907 3540 esse.
1953 3515 2038 3524 —
2082 3477 2405 3564 Equidem
2457 3477 2619 3543 haec
2663 3487 3001 3564 excerpta,
3059 3500 3259 3565 quum

688 3573 1009 3663 particula
1051 3578 1195 3657 περὶ
1238 3578 1490 3656 χρόνων
1537 3577 1620 3643 ab
1652 3579 1939 3643 Arcadio
1967 3580 2160 3643 nimis
2205 3579 2543 3645 decurtata
2582 3582 2699 3662 sit,
2747 3579 2831 3643 ad
2871 3579 3261 3667 explendam

689 3677 1050 3741 Herodiani
1094 3676 1456 3744 doctrinam
1501 3679 1569 3742 in
1615 3678 1950 3744 Catholica
1991 3681 2262 3747 adhibui
2316 3692 2380 3746 et
2432 3704 2579 3746 cum
2624 3682 2892 3747 Arcadii
2936 3682 3260 3767 excerptis

691 3780 1127 3845 contaminavi
1171 3803 1245 3845 eo
1290 3783 1593 3861 consili0‚
1638 3790 1712 3845 ut
1757 3781 1975 3845 omnia
2017 3805 2184 3868 quae
2228 3782 2640 3847 Herodianus
2699 3781 2946 3849 dehac
2988 3784 3265 3848 materia

690 3878 1032 3964 docuerat,
1084 3884 1153 3947 in
1206 3906 1406 3947 unum
1462 3881 1698 3947 collata
1750 3883 2073 3966 legantur.
2172 3885 2253 3949 In
2308 3883 2642 3950 Catholica
2696 3886 2890 3950 etiam
2946 3884 3263 3971 quidquid

689 3981 775 4045 ad
820 3983 1316 4069 explicationem
1361 4006 1521 4070 opus
1566 3991 1733 4065 erat,
1792 3986 2097 4071 apposui,
2154 3988 2248 4050 sic
2301 3996 2376 4051 ut
2418 3988 2484 4051 in
2541 3986 2825 4052 editione
2869 3985 3070 4052 libelli
3114 3989 3265 4067 περὶ

692 4086 1011 4164 διχρόνων
1056 4085 1179 4150 hac
1223 4107 1422 4172 opera
1466 4085 1885 4170 supersedere
1929 4089 2195 4172 possim.

1420 4349 1429 4358 ,
1502 4271 1620 4338 IV.
1708 4275 1909 4353 Περὶ
1950 4275 2435 4355 πνευμάτων.

856 4422 1050 4488 Hunc
1096 4422 1354 4487 titulum
1395 4426 1739 4490 memoriae
1770 4425 2060 4512 prodidit
2088 4425 2541 4512 Theognostus
2577 4428 2677 4510 19,
2709 4429 2794 4493 30
2835 4451 3043 4515 neque
3076 4428 3262 4495 dubi-

688 4526 960 4590 tandum
1005 4535 1136 4607 est,
1182 4526 1338 4611 quin
1392 4526 1781 4610 singularem
1837 4528 2070 4594 librum
2129 4528 2211 4593 de
2265 4531 2598 4616 spiritibus
2645 4530 3056 4595 Herodianus
3115 4552 3260 4596 con-

691 4629 967 4714 ceperit,
1025 4650 1215 4714 quem
1258 4625 1462 4692 multa
1516 4649 1661 4692 cum
1706 4630 2026 4717 particula
2081 4634 2226 4711 περὶ
2280 4634 2660 4713 πνευμάτων
2713 4633 2867 4699 libri
2910 4632 3048 4698 XX
3091 4655 3260 4698 com-

689 4728 912 4792 munia
964 4729 1273 4795 habuisse
1327 4750 1444 4815 per
1499 4750 1566 4791 se
1621 4740 1817 4815 patet.
1908 4731 2136 4819 Neque
2192 4744 2409 4798 tamen
2466 4733 2642 4799 idem
2696 4734 2866 4801 liber
2918 4748 3051 4817 est,
3108 4757 3259 4799 nam

695 4828 1178 4914 TheognostuS‚
1247 4831 1359 4917 qui
1423 4851 1706 4916 semper,
1776 4832 1889 4896 ubi
1959 4831 2197 4898 diserte
2265 4833 2662 4901 Catholicam
2717 4836 2983 4920 (laudat,
3049 4838 3119 4901 ἐν
3182 4845 3260 4921 τῇ
