3664 5546
706 331 831 395 494
1641 331 1721 384 ΕΚ
1761 331 1901 385 ΤΩΝ
1945 330 2351 385 ΗΡΩΔΙΑΝΟΥ

880 501 989 564 Καὶ
1044 502 1117 565 τὸ
1174 499 1226 564 ὦ
1270 502 1563 579 κλητικόν
1619 505 1992 580 περιςπᾶται
2049 502 2142 565 «ὦ
2186 501 2551 580 ἄνθρωπε».
2638 502 2746 566 ὅτε
2792 504 2864 567 δὲ
2908 507 3280 581 ςχετλιαςτι-

706 604 855 686 κόν,
912 602 1198 670 ὀξύνεται
1249 604 1341 667 «ὢ
1384 604 1442 667 τί
1488 604 1547 668 ς’
1590 602 1792 668 εἴπω»
1853 602 2000 685 (Ar.
2046 601 2215 666 Nub.
2267 602 2458 686 1378)
2502 605 2604 669 καὶ
2647 602 2755 669 δ’τε
2802 606 3281 687 προςγρὰφεται

705 706 879 789 αὐτῷ
933 707 1008 769 τὸ
1053 707 1086 767 ῖ
1138 707 1241 770 καὶ
1293 704 1525 770 ταύτὸν
1581 706 1858 785 ςημαίνει
1913 712 2004 790 τῷ
2035 705 2270 784 ὥςπερ
2331 705 2512 770 «τᾶλλ>
2577 706 2732 786 ἔχον
2798 708 2941 790 ᾢτε
3001 708 3281 772 τάλαντα

704 809 865 886 γυνὴ
912 811 1198 886 χερνῆτις
1252 806 1527 886 ἀληθής»
1573 808 1668 890 (Μ
1712 806 1868 890 433)
1925 810 2026 871 καὶ
2072 808 2229 891 ᾦπε
2243 827 2308 886 ρ·
2364 806 2601 883 γίνεται
2658 809 2729 873 δὲ
2774 809 3007 874 οὕτως·
3067 809 3279 874 ὼςείτε

645 925 677 974 5
709 913 808 974 καὶ
865 909 1132 987 ὼςείπερ
1189 911 1288 973 καὶ
1342 908 1636 993 ἀποβολῇ
1692 914 1808 974 τοῦ
1875 913 1907 973 ἒ
1964 910 2062 973 καὶ
2116 910 2328 987 κράςει
2383 914 2499 975 τοῦ
2557 911 2610 972 ῶ
2669 911 2771 974 καὶ
2823 913 2859 974 ἒ
2913 911 3001 975 εἰς
3053 913 3168 990 τὴν
3224 913 3279 994 ᾧ

706 1013 1062 1092 δίφθογγον
1109 1012 1213 1075 διὰ
1256 1013 1370 1088 τὴν
1414 1015 1530 1075 τοῦ
1575 1012 1606 1073 ἶ
1652 1011 1999 1090 ςυναίρεςιν
2046 1012 2168 1094 ᾧτε
2212 1013 2316 1076 καὶ
2360 1013 2552 1096 ᾧπερ.

873 1114 962 1178 Τὸ
1020 1114 1233 1193 μέντοι
1288 1117 1454 1197 πρῲ
1511 1115 1995 1194 μονοςύλλαβον
2051 1113 2211 1191 παρ’
2267 1113 2568 1179 Ἀττικοῖς
2623 1113 2942 1198 ὀξύνεται,
3010 1114 3147 1180 ἐπεὶ
3210 1115 3281 1179 ἐκ

704 1221 820 1282 τοῦ
865 1217 1033 1294 πρωῒ
1069 1216 1450 1296 διςυλλάβου
1495 1215 1889 1296 ὀξυνομένου
1933 1217 2092 1281 κατὰ
2136 1216 2484 1294 ςυναίρεςιν
2528 1217 2773 1292 γέγονε.
2829 1217 2903 1282 τὸ
2949 1219 3021 1281 δὲ
3064 1223 3277 1302 πρῷν

705 1322 1072 1397 περιςπᾶται
1132 1317 1252 1381 «οὐ
1309 1323 1494 1401 πρῷν
1550 1320 1662 1397 μὲν
1726 1309 1876 1398 ἡμῖν
1931 1317 1969 1382 ὁ
2023 1319 2358 1402 τραγῳδὸς
2421 1319 2713 1397 ἤγειρεν»
2770 1316 3056 1403 (Gallim.
3113 1317 3276 1382 chol.

608 1435 671 1485 10
708 1420 784 1482 fr.
837 1420 913 1482 18
960 1419 1191 1503 Mein.)
1207 1471 1224 1503 ‚
1278 1421 1416 1485 ἐπεὶ
1459 1421 1526 1485 ἐκ
1570 1425 1686 1486 τοῦ
1730 1427 1956 1500 πρῶῖν.

875 1523 969 1587 Τὰ
1012 1523 1248 1601 ἔχοντα
1301 1524 1417 1601 τὴν
1470 1526 1534 1586 δι
1591 1523 1949 1603 δίφθογγον
2003 1524 2042 1601 ἢ
2097 1525 2211 1601 τὴν
2257 1526 2311 1587 εἶ
2354 1527 2739 1602 περιςπᾶται.
2829 1524 3278 1605 Ἀριςτοφάνης

708 1627 778 1691 ἐν
820 1626 1170 1704 Βατράχοις
1214 1623 1396 1709 (199)
1443 1625 1595 1690 «ἵζω
1641 1626 1729 1688 ’πὶ
1772 1627 2026 1706 κώπην,
2074 1623 2258 1703 οἷπερ
2304 1626 2632 1691 ἐκέλευςάς
2677 1645 2749 1705 με
2796 1628 2925 1691 ςύ».
3000 1630 3166 1709 ποῖ,
3211 1625 3280 1690 εἷ

713 1728 809 1792 «εἷ
843 1729 920 1792 τὰ
950 1735 1079 1792 τῶν
1121 1730 1529 1806 χοιραγχᾶν».
1577 1727 1884 1807 (Σώφρων.
1934 1731 2079 1791 «πεῖ
2109 1729 2231 1807 γὰρ
2261 1727 2302 1791 ἁ
2337 1727 2661 1808 ἄςφαλτος
2677 1753 2719 1791 ».
2783 1733 2899 1793 κεῖ
2927 1730 3100 1807 παρὰ
3143 1729 3276 1808 Ἀρ-

709 1831 965 1913 χιλόχῳ.
1035 1830 1142 1893 ὅτε
1188 1831 1259 1893 δὲ
1291 1829 1599 1907 ἐπίρρημά
1643 1829 1805 1894 ἐςτιν
1851 1829 2166 1912 εὐκτικόν,
2211 1831 2286 1895 τὸ
2331 1829 2400 1894 εἴ
2429 1829 2716 1897 ὀξύνεται
2748 1830 2985 1910 ὁμοίως
3013 1837 3106 1916 τῷ
3138 1851 3276 1896 ςυν-

608 1944 670 1994 15
710 1932 916 2016 δέςμῳ
965 1932 1131 2007 «εἴγ’
1177 1931 1428 2012 ὤφελες
1444 1957 1486 1994 ».
1550 1933 1623 1995 τό
1664 1933 1787 2009 γὰρ
1836 1935 2148 2011 ςτοιχεῖον
2179 1935 2567 2010 περιςπᾶται.
2633 1935 2736 1997 καὶ
2777 1934 2853 1997 τὸ
2898 1933 3077 2014 φνεί
3119 1933 3274 2013 παρ’

709 2035 1171 2114 Ἀριςτοφάνει·
1229 2033 1353 2098 ἔςτι
1412 2036 1481 2098 δὲ
1538 2034 1771 2113 μίμημα
1825 2038 2050 2113 φωνῆς
2107 2032 2359 2112 ὀρνέου.
2445 2036 2548 2099 καὶ
2600 2034 2809 2099 πάντα
2864 2034 2979 2100 ὅςα
3032 2035 3122 2101 εἰς
3163 2037 3278 2115 τὴν

711 2136 814 2201 διὰ
858 2139 974 2200 τοῦ
1021 2135 1058 2199 ὖ
1105 2135 1461 2216 δίφθογγον
1506 2139 1913 2218 περιςπᾶται,
1959 2135 2073 2219 εὖ,
2119 2141 2294 2220 φεῦ,
2341 2141 2522 2220 ποῦ,
2576 2125 2682 2201 06‘
2708 2138 2783 2201 τὸ
2828 2138 3278 2219 δαςυνόμενον.

709 2238 826 2303 κᾶν
886 2239 1046 2317 ὑπὲρ
1092 2238 1236 2318 μίαν
1283 2240 1598 2318 ςυλλαβὴν
1655 2237 1751 2317 εἴη
1766 2288 1783 2321 ,
1844 2238 2079 2318 ὁμοίως
2132 2242 2504 2319 περιςπᾶται
2560 2240 2727 2317 πλὴν
2781 2244 2914 2305 τῶν
2968 2238 3280 2322 ἀναφορι-
3387 2269 3400 2281 ·

708 2346 873 2423 κῶν,
919 2340 1194 2422 αὐτοῦ,
1239 2343 1512 2423 τηλοῦ,
1558 2339 1836 2423 ἀγχοῦ,
1882 2345 2313 2424 πανταχοῦ,
2367 2340 2751 2424 ἀλλαχοῦ,
2807 2341 3002 2421 ὁμοῦ
3057 2343 3159 2406 καὶ
3200 2343 3281 2406 τὰ

606 2453 674 2502 20
714 2445 907 2507 λοιπὰ
962 2443 1185 2507 πάντα.
1277 2443 1656 2522 ςημειωτέον
1724 2441 1899 2506 ἰδού
1969 2442 2088 2507 ἰού
2155 2444 2258 2507 καὶ
2319 2442 2407 2507 οὐ
2469 2443 2823 2522 ἀρνητικόν.
2910 2447 3107 2508 ταῦτα
3159 2443 3282 2522 γὰρ

708 2599 815 2606 ...k---

711 2698 899 2751 καθώς
947 2699 1037 2750 καὶ
1085 2697 1163 2751 ὡς
1210 2699 1334 2750 ἀντὶ
1379 2702 1482 2749 τοῦ
1530 2697 1715 2751 οὕτως
1762 2697 2034 2751 ὀξύνεται.
2105 2700 2249 2750 Mon.
2284 2701 2374 2757 25,
2412 2703 2504 2750 29:
2560 2699 2638 2751 ὥς
2684 2698 2825 2752 τώςε
2882 2698 3048 2752 οὐδὲν
3084 2697 3161 2751 εἰς
3197 2702 3286 2751 ῶῖ

711 2770 887 2834 λῆγον
934 2765 1209 2833 ἐπίρρημα
1256 2766 1623 2831 ὀξυνόμενον,
1669 2766 2094 2834 ὑπεςταλμένης
2138 2766 2392 2833 Δωρίδος
2436 2766 2755 2833 διαλέκτου,
2803 2766 2946 2820 ἀλλὰ
2991 2766 3166 2832 μόνον
3209 2766 3284 2818 τὸ

710 2838 789 2889 ὥς
825 2838 915 2887 καὶ
949 2836 1066 2888 τώς
1102 2836 1550 2889 ἀνταποδοτικὸν
1596 2835 1753 2900 αὐτῷ
1799 2835 2067 2901 ὑπάρχον.
2137 2835 2240 2888 οὐκ
2286 2835 2475 2899 ἀγνοῶ
2525 2836 2740 2902 μέντοι,
2785 2836 2872 2889 ὅτι
2919 2835 2981 2888 ἐν
3024 2835 3282 2901 διαφόρῳ

711 2904 1224 3025 (ἓῆῗῖἔοῖἷῖἒὲἔῖὶ
1259 2903 1523 3025 δΐνῗῗὲἅ
1548 2903 1827 3024 ἳὲζῖάὲἲο
1839 2905 1932 3024 ⁶2⁰
1948 2905 2038 3026 ’ωῗ
2040 2919 2192 3024 “212³
2196 2907 2495 3024 issssr‘ss'ffim·
2516 2972 2549 3024 r
2575 2906 2848 3025 ¹1¹5&
2876 2901 3285 3025 &55:233

709 2989 779 3093 ’ἷό
817 3013 921 3093 ὧςῗ
957 3040 1082 3092 ἀντὶ
1120 2989 1362 3106 γὰρηξοῦ
1402 3041 1572 3105 ὅμως.
1710 3041 1745 3090 l.
1784 3045 1815 3092 3
1851 2987 2263 3093 lossum'niagis
2288 3040 2344 3092 Μ
2382 3012 2596 3107 pionius
2632 3013 2855 3093 exhibtii
2890 2988 3079 3107 etppro
3115 3040 3281 3103 ὥςτε,

710 3112 798 3160 cui
835 3111 1023 3165 Bloch.
1061 3112 1430 3161 substituerat
1466 3110 1865 3161 circumflexum
1902 3109 2044 3176 ᾧτε,
2083 3110 2278 3175 scripsi
2311 3116 2688 3175 paroxytonon
2713 3109 2854 3175 ᾧτε,
2892 3125 3051 3175 quem
3087 3124 3286 3159 accen-

711 3184 824 3227 tum
859 3180 1086 3244 requirit
1122 3179 1428 3229 Herodiani
1466 3178 1801 3244 etymolog-ia.
1844 3179 1913 3227 ab
1952 3177 2246 3229 Eustathio
2286 3181 2401 3241 117,
2434 3181 2501 3229 40
2537 3184 2785 3241 servata,
2831 3193 2957 3227 nam
3001 3179 3188 3243 gravis
3220 3181 3284 3226 et

713 3253 906 3297 acutus
951 3250 1210 3297 coeuntes
1256 3246 1507 3296 efficiunt
1549 3243 1796 3310 ananim,
1853 3262 1962 3296 non
2009 3245 2422 3296 circumflexum.
2501 3246 2856 3309 Eustathius‚
2902 3245 3046 3295 unde
3090 3243 3283 3295 addidi
3353 3253 3368 3269 “

716 3315 805 3365 καὶ
843 3314 1000 3379 ᾧπερ
1035 3328 1208 3379 usque
1245 3314 1316 3364 ad
1349 3314 1509 3365 finem
1546 3311 1781 3377 (γίνεται
1817 3313 1879 3364 δὲ
1916 3312 2058 3364 κατὰ
2096 3312 2442 3377 Ἡρωδιανὸν
2486 3312 2697 3364 οὕτως·
2745 3311 2941 3365 ώςείτε
2990 3313 3080 3364 καί
3126 3309 3281 3363 ὡςεί-

716 3396 823 3446 περ
861 3382 1021 3446 κτλ.),
1060 3383 1459 3433 circumflexum
1495 3384 1750 3448 praebet,
1790 3387 1853 3431 ut
1887 3383 1950 3435 E.
1988 3382 2061 3430 M.
2096 3382 2212 3443 825,
2249 3384 2340 3438 23,
2380 3381 2476 3432 sed
2511 3382 2614 3447 Ep.
2651 3383 2739 3433 Cr.
2778 3382 2805 3431 Ι
2840 3383 2967 3441 446,
3005 3382 3100 3433 ubi
3134 3380 3281 3430 idem

716 3456 941 3501 auctore
976 3452 1151 3500 tacito
1184 3451 1444 3509 traditur,
1484 3456 1715 3500 acutum.
1752 3451 1822 3499 cf.
1863 3449 2066 3515 Bergk.
2104 3450 2161 3499 in
2196 3449 2389 3500 Philol.
2426 3449 2584 3500 XXII
2620 3451 2677 3513 8,
2725 3450 2818 3515 qui
2852 3448 3103 3499 Alcmani
3136 3448 3279 3514 hym.

715 3521 772 3567 in
808 3520 991 3569 Diosc.
1023 3534 1076 3569 v.
1116 3520 1178 3569 12
1215 3518 1373 3584 ᾧπερ
1410 3519 1669 3572 restituit.
1877 3518 1912 3569 l.
1948 3521 1980 3568 8
2015 3517 2082 3567 de
2120 3517 2275 3580 πρωῒ
2306 3518 2376 3566 cf.
2412 3518 2515 3582 Ep.
2554 3516 2643 3567 Cr.
2679 3517 2708 3568 1
2743 3519 2860 3578 293,
2897 3519 2989 3568 29:
3026 3515 3098 3568 τὰ
3133 3514 3209 3567 εἰς
3245 3519 3282 3566 ἶ

717 3586 965 3650 λήγοντα
1002 3585 1348 3651 ἐπιρρήματα
1384 3584 1821 3649 ςυνεςταλμένον
1859 3585 2062 3649 ἔχοντα
2098 3583 2167 3636 τὸ
2201 3588 2234 3635 ἶ
2272 3584 2567 3648 βαρύνεται
2602 3582 2726 3636 οἷον
2763 3584 2914 3649 αὖθι,
2952 3583 3133 3648 νόςφι,
3168 3583 3279 3648 ἶφι,

716 3653 888 3719 ναίχι,
925 3655 1042 3720 ᾗχι,
1089 3654 1220 3705 ὅθεν
1258 3655 1348 3704 καὶ
1383 3653 1452 3705 τὸ
1498 3655 1650 3719 πρωΐ
1691 3652 2126 3717 ἀναλογώτερόν
2170 3651 2283 3704 ἑςτι
2328 3652 2479 3716 παρὰ
2521 3655 2607 3718 τῷ
2653 3655 2859 3718 ποιητῇ
2898 3651 3282 3717 βαρυνόμενον

717 3720 839 3774 οἷον
885 3724 1078 3787 «πρῶϊ
1120 3722 1181 3774 δ’
1214 3721 1463 3787 ὑπηοῖο»
1511 3721 1588 3785 (Θ
1627 3722 1755 3787 530)
1803 3727 1969 3787 atque
2016 3723 2098 3772 sic
2143 3723 2480 3785 scripserunt
2515 3721 2804 3771 Bekkerus
2850 3726 2907 3771 et
2951 3719 3280 3783 Dindorflus,

716 3793 969 3856 Spitzner
993 3790 1147 3854 πρωῒ
1180 3807 1245 3840 ex
1270 3791 1574 3840 Herodiani
1610 3796 1922 3855 praecepto,
1969 3792 2075 3841 Pro
2100 3791 2284 3854 πρῶϊν
2319 3790 2651 3853 περιςπᾶται
2673 3790 2894 3855 scripsi,
2934 3789 3079 3855 quod
3113 3788 3282 3839 habet

718 3860 883 3910 etiam
921 3860 1119 3909 Suidas
1155 3875 1197 3909 s.
1234 3874 1285 3908 v.
1326 3858 1479 3923 πρῲ;
1528 3860 1630 3908 τοῦ
1679 3858 1831 3922 πρωΐ
1866 3854 2166 3922 ςυναίρεςίς
2211 3856 2323 3908 ἑςτι
2365 3856 2435 3907 τὸ
2471 3856 2625 3923 πρῲ·
2669 3855 2754 3908 διὸ
2792 3855 3070 3909 ὀξύνεται·
3113 3855 3182 3907 τό
3216 3854 3281 3907 δὲ

716 3930 881 3991 πρῷν
917 3928 1247 3991 περιςπᾶται
1284 3927 1393 3977 «οὐ
1431 3930 1593 3991 πρῷν
1630 3926 1731 3989 μὲν
1767 3925 1913 3989 ἡμᾶς
1951 3925 1982 3977 ὁ
2018 3924 2310 3991 τραγῳδὸς
2333 3924 2576 3989 ἤγειρε».
2627 3922 2970 3989 Καλλίμαχος
3006 3926 3078 3976 cf.
3101 3924 3282 3976 Schol.

718 3998 787 4045 ad
834 3996 1003 4045 Arist.
1041 3997 1141 4046 Av.
1180 3998 1276 4046 129
1323 4001 1380 4045 et
1415 3994 1696 4045 Bernhard
1781 3995 1850 4045 ad
1889 3994 2072 4058 Suid.,
2119 3996 2255 4045 Lob.
2302 3993 2385 4046 El.
2436 3995 2490 4044 11
2537 3996 2635 4045 120
2681 4001 2739 4043 et
2780 3996 2908 4058 277,
2952 3994 3165 4044 Abi-ens
3211 3992 3282 4043 do

719 4064 848 4115 dial.
885 4065 1012 4117 Dor.
1054 4066 1166 4114 182.
1199 4090 1264 4099 -
1301 4062 1337 4114 l.
1375 4066 1439 4114 10
1472 4078 1568 4128 pro
1602 4076 1680 4126 πρ
1736 4077 1807 4126 ην
1845 4064 2039 4128 scripsi
2075 4062 2273 4126 πρῶῖν.
2477 4062 2512 4111 l.
2551 4065 2615 4112 13
2652 4061 2719 4112 de
2756 4063 2849 4113 πεῖ
2884 4063 2953 4112 cf.
2991 4060 3174 4127 Apoll.
3210 4060 3280 4110 de

718 4133 842 4181 adv.
879 4135 995 4194 625,
1033 4132 1171 4182 Bast
1207 4132 1279 4181 ad
1316 4130 1538 4197 Gregor.
1575 4134 1670 4182 351
1710 4147 1886 4197 seqq.‚
1926 4131 2140 4182 Ahrens
2174 4131 2240 4180 de
2280 4129 2412 4181 dial.
2448 4131 2577 4180 Dor.
2603 4131 2890 4195 361,seqq.
2925 4154 2995 4167 —
3029 4132 3114 4180 κεῖ
3147 4126 3281 4192 παρ’

719 4198 1024 4265 Ἀρχιλόχῳ
1061 4201 1295 4265 apposui
1332 4216 1398 4249 ex
1433 4199 1533 4263 Ep.
1572 4199 1659 4248 Cr.
1686 4200 1713 4249 1
1737 4202 1863 4259 249,
1898 4201 1964 4249 27
2002 4199 2140 4249 κεῖθι
2177 4197 2267 4248 καὶ
2292 4200 2375 4248 κεῖ
2411 4195 2552 4261 παρ’
2590 4196 2911 4263 Ἀρχιλόχῳ.
2945 4224 3013 4234 --
3046 4197 3086 4249 1.
3114 4200 3175 4249 15
3208 4194 3278 4246 τὸ

717 4267 850 4333 φνεί
886 4268 1065 4318 adieci
1103 4284 1169 4317 ex
1206 4268 1447 4333 Theogn.
1476 4270 1589 4328 155,
1614 4269 1696 4330 23,
1733 4268 1830 4318 ubi
1865 4268 1985 4316 sine
2021 4271 2251 4316 accentu
2289 4266 2600 4325 exhibetur,
2641 4266 3002 4317 Choerobosei
3036 4266 3093 4314 in
3116 4266 3177 4314 Ε.
3200 4264 3276 4313 Μ.

718 4338 833 4399 796,
870 4338 935 4386 46
973 4336 1302 4402 explicatum
1340 4335 1404 4384 de
1438 4335 1540 4384 hoc
1574 4335 2018 4385 adnotamentum
2056 4338 2261 4396 exstat,
2300 4334 2394 4384 ubi
2430 4340 2623 4385 acutus
2660 4335 2896 4399 scriptus
2923 4338 3024 4384 est.
3049 4358 3112 4369 —-
3147 4331 3183 4382 l.
3212 4333 3277 4381 17

720 4406 786 4456 de
824 4403 886 4455 εὖ
924 4405 993 4453 cf.
1030 4404 1090 4453 E.
1127 4405 1199 4457 Μ.
1237 4406 1351 4465 388,
1393 4405 1455 4453 14
1491 4400 1581 4453 εὖτ
1621 4402 1868 4467 ςημαίνει
1903 4401 1972 4453 τὸ
2007 4399 2240 4466 ἰςχυρῶς
2276 4402 2366 4452 καὶ
2402 4401 2605 4453 καλῶς.
2674 4400 2825 4464 παρὰ
2857 4400 2927 4452 τὸ
2962 4399 3053 4452 ἐΰς
3088 4398 3150 4451 ἐῢ
3185 4399 3279 4450 καὶ

720 4472 782 4523 ἐν
818 4471 1117 4536 ςυναιρέςει
1155 4471 1215 4522 εὖ
1254 4469 1333 4522 ὡς
1368 4468 1482 4521 ἀπὸ
1517 4472 1620 4520 τοῦ
1656 4470 1829 4534 ταχύς
1874 4470 2015 4533 ταχύ
2066 4467 2342 4537 ἐπίρρημα
2385 4469 2476 4520 καὶ
2523 4468 2703 4532 ὄνομα
2745 4468 2887 4533 ταχὺ
2931 4465 3150 4519 παιδίον
3185 4467 3279 4518 καὶ

719 4540 833 4593 ἀπὸ
868 4543 971 4592 τοῦ
1010 4538 1175 4604 εὐρύς
1211 4536 1487 4603 ἐπίρρημα
1523 4537 1657 4602 εὐρύ
1692 4539 1783 4589 καί
1821 4537 1999 4601 ὄνομα
2037 4537 2193 4601 εύρύ·
2243 4537 2452 4602 ὤφειλε
2488 4536 2549 4588 δὲ
2597 4536 2945 4602 βαρύνεςθαι,
2991 4535 3076 4588 ὅτι
3111 4534 3146 4598 ἡ
3186 4536 3279 4599 βα·

720 4614 841 4674 ρεῑα
887 4608 965 4660 εἰς
1012 4608 1220 4672 ὀξεῖαν,
1270 4606 1372 4659 οὐκ
1409 4605 1487 4658 εἰς
1520 4606 1963 4672 ’,περιςπωμένην
2009 4605 2341 4669 μεθίςταται.
2413 4607 2742 4669 περιςπᾶται
2786 4603 2846 4657 δὲ
2890 4604 2977 4655 ὅτι
3022 4606 3169 4656 πᾶςα
3201 4602 3279 4655 δί-

721 4681 969 4741 φθογγος
1020 4677 1210 4741 τελικὴ
1248 4674 1326 4727 είς
1360 4678 1394 4727 ῦ
1442 4674 1685 4739 λήγουςα
1730 4676 2076 4739 περιςπᾶται.
2278 4675 2315 4724 l.
2352 4677 2414 4725 19
2460 4675 2774 4737 πανταχοῦ,
2823 4671 3097 4738 ἀλλαχοῦ,
3135 4672 3279 4736 ὁμοῦ

722 4752 1071 4798 accesserunt
1106 4762 1174 4797 ex
1206 4747 1327 4796 Arc.
1364 4744 1486 4801 183,
1523 4746 1612 4806 23,
1660 4742 2003 4808 ςημειωτέον
2038 4742 2253 4795 addidit
2287 4742 2504 4807 Bloch.‚
2553 4743 2619 4794 de
2655 4759 2714 4794 re
2750 4743 2821 4798 cf.
2858 4741 2936 4793 Io.
2971 4742 3057 4795 Al.
3097 4744 3178 4809 13,
3217 4745 3282 4795 13

722 4821 779 4867 et
812 4818 895 4881 23,
937 4819 1015 4877 13,
1053 4814 1248 4866 Choer.
1281 4815 1383 4881 Ep.
1419 4814 1477 4862 in
1511 4811 1712 4868 Psalm.
1752 4815 1831 4879 10,
1871 4814 1951 4864 12.
