3664 5546
1161 281 1319 335 ΠΕΡΙ
1359 279 1750 334 ΚΑΘΟΛΙΚΗ(
1787 277 2210 333 ΠΡΟΕΩιΔΙΑΕ
2250 279 2325 332 ΙΒ.
2913 278 3039 342 323

453 454 612 532 παρ>
676 452 1001 516 Αίολεῦςιν
1066 451 1310 530 ὠτέλλη
1375 487 1459 497 -
1523 453 1626 515 καὶ
1689 450 1973 528 ἀπειλή
2037 450 2138 513 καὶ
2204 447 2488 527 ὀφειλή
2557 447 2878 529 ὀξύνεται,
2949 449 3039 513 ὡς

454 557 690 632 ἔχοντα
734 554 809 617 τὸ
856 556 887 616 ἒ
932 553 1058 631 πρὸ
1104 543 1221 615 τοῦ
1266 554 1310 615 ῑ.

620 657 715 720 Τὰ
761 655 865 718 διὰ
894 658 1010 717 τοῦ
1057 639 1178 744 {st}
1234 655 1746 733 ύπερδιςύλλαβα
1803 655 2170 734 βαρύνεται,
2238 653 2290 715 εἰ
2357 653 2437 731 μὴ
2498 652 2763 717 ςύνθετα
2818 653 2915 731 εἴη
2970 653 3040 716 ἐκ

453 757 848 838 προθέςεως,
894 755 1217 836 ἀςβόλη,
1264 756 1631 837 θερςόλη,
1678 755 2031 835 τριβόλη,
2074 753 2413 830 ἀπαιόλη
2459 753 2497 829 ἡ
2530 752 2757 834 ἀπάτη.
2815 756 3040 836 Ἰόλη,

394 929 397 934 ⁴
455 860 733 939 Ὁμόλη
794 858 949 936 ὄρος
1015 859 1374 921 Θετταλίας.
1462 857 1826 923 Παυςανίας
1894 856 2101 939 ἐνάτῳ
2171 855 2256 935 (e.
2314 855 2386 935 8,
2444 855 2533 937 6).
2626 857 2872 931 λέγεται
2939 858 3040 920 καὶ

454 961 754 1041 Ὅμολος.
846 960 1153 1036 Νακόλη
1198 959 1449 1040 νύμφη,
1496 958 1623 1038 ἀφ’
1667 958 1742 1035 ἦς
1791 957 2168 1021 Νακόλαιον.
2259 958 2334 1020 τὸ
2381 959 2452 1020 δὲ
2498 957 2812 1040 ἐντολή,
2860 958 3041 1022 ἀνα-

453 1063 674 1143 τολή,
721 1062 1042 1143 ἐμβολή,
1090 1060 1494 1128 Ἐπιπολαί
1540 1060 1781 1138 χωρίον
1810 1058 2225 1137 ἀπόκρημνον
2265 1060 2573 1136 προςεχὲς
2606 1058 3043 1137 (υρακούςαις.

455 1163 848 1240 Θουκυδίδης
892 1163 1037 1246 ἕκτῃ
1082 1164 1165 1244 (e.
1198 1162 1327 1244 9⁴3).
1381 1159 1798 1239 Προπολαί
1843 1162 2031 1225 πόλις
2062 1159 2337 1224 (ικελίας
2382 1162 2483 1224 καὶ
2526 1160 2726 1224 τᾶλλα
2772 1161 2841 1224 ἐκ
2884 1182 3042 1239 προ-

456 1267 686 1330 θέςεως
733 1264 1086 1331 ὀξύνονται.
2173 1251 2194 1344 Ἰ

623 1367 717 1430 Τὰ
763 1366 867 1430 διὰ
897 1370 1013 1429 τοῦ
1053 1352 1178 1444 υλῆ
1248 1364 1754 1444 ὑπερδιςύλλαβα
1813 1364 2225 1444 βαρύνονται·
2293 1365 2664 1446 κορδύλη,
2722 1365 3043 1444 κοτύλη,

454 1470 846 1549 γογγύλη,
894 1467 1287 1548 κρωβύλη,
1332 1464 1666 1547 ἀρβύλη,
1710 1465 1990 1546 ἡδύλη,
2041 1466 2420 1548 Κροκύλη,
2457 1466 2813 1544 Βραχύλη
2859 1468 3045 1530 πόλις

461 1571 779 1649 Κερήτων,
877 1568 1187 1647 Βαβύλη
1243 1568 1429 1631 πόλις
1486 1567 1556 1631 ἐν
1604 1566 1949 1644 Ὀδρύςαις.
2044 1567 2340 1646 Καβύλη
2406 1567 2591 1631 πόλις
2650 1568 2899 1650 Θρᾴκης
2966 1568 3046 1631 οὐ

457 1671 682 1749 πόρρω
726 1673 837 1747 τῆς
882 1673 1013 1733 τῶν
1059 1668 1292 1733 Ἀςτῶν
1339 1669 1567 1746 χώρας.
1655 1668 1981 1748 Πολύβιος
2023 1668 2510 1752 τριςκαιδεκάτῃ.
2584 1670 3046 1748 Καρδαμύλη

457 1772 643 1836 πόλις
689 1771 1050 1850 Μεςςηνίας.
1139 1770 1423 1848 Ὅμηρος
1470 1770 1929 1847 «Καρδαμύλην
1977 1770 2247 1848 Ἐνόπην
2292 1790 2399 1832 τε»
2444 1767 2546 1851 (Il.
2582 1771 2793 1852 1150).
2862 1771 3046 1849 Ἡρό-

459 1878 650 1937 δοτος
695 1872 786 1956 (8,
820 1873 929 1953 73)
976 1874 1046 1936 δὲ
1091 1872 1459 1948 Λακωνικὴν
1505 1871 1705 1947 αὐτήν
1752 1891 1960 1951 φηςιν.
2029 1872 2195 1934 ἔοικε
2243 1871 2298 1933 δ’
2343 1871 2527 1949 ἑτέρα
2570 1871 2735 1936 εἶναι
2779 1873 3044 1950 πληςίον

461 1974 632 2038 Χίου.
693 1974 1046 2037 Μοτύλαι
1093 1973 1370 2038 (ικελίας
1414 1973 1775 2054 φρούριον,
1811 1973 1986 2049 παρὰ
2028 1974 2142 2052 τὴν
2191 1973 2474 2058 Μοτύην.
2543 1972 2832 2038 Φίλιςτος
2878 1974 3043 2037 (ικε-

459 2078 651 2159 λικῷν
694 2075 979 2159 πέμπτῳ.
1047 2074 1402 2160 Τριφύλη
1448 2075 1487 2151 ἡ
1539 2073 1803 2136 Κλυτίου
1850 2075 2066 2152 μήτηρ.
2131 2074 2521 2153 Παμφύλη
2579 2076 2859 2154 θυγάτηρ
2905 2076 3042 2140 Ῥα-

456 2177 595 2240 κίου
650 2178 753 2240 καὶ
809 2177 1125 2241 Μαντοῦς.
1217 2175 1354 2253 (τρ
1375 2174 1567 2251 ογγύ
1587 2178 1674 2252 λη
1730 2175 1836 2253 μία
1890 2179 2021 2239 τῶν
2089 2173 2249 2239 ἑπτὰ
2303 2175 2538 2239 Αἰόλου
2605 2177 2816 2252 νήςων
2873 2176 3043 2240 «ἀπὸ

456 2282 572 2343 τοῦ
618 2280 931 2357 ςχήματος
976 2263 1371 2360 καλουμένη,
1417 2277 1516 2340 καὶ
1552 2277 1804 2355 φλογὸς
1849 2275 1962 2353 μὲν
1996 2277 2370 2356 λειπομένη,
2417 2277 2704 2355 φέγγους
2750 2280 2817 2340 δὲ
2866 2279 3041 2356 μετέ-

457 2400 713 2457 χουςα».
803 2379 929 2443 ἕςτι
987 2381 1088 2443 καὶ
1144 2379 1305 2457 ἄλλη
1362 2379 1526 2456 πρὸς
1578 2384 1655 2460 τῇ
1700 2377 1915 2461 Λυκίᾳ.
2005 2375 2506 2455 (καπτηςύλη
2564 2379 2748 2441 πόλις
2794 2379 3043 2460 Θρᾴκης

459 2483 642 2559 μικρὰ
686 2481 981 2558 ἀντικρὺς
1027 2480 1274 2562 Θάςου,
1332 2479 1682 2558 ςταφύλη
1727 2479 1802 2541 τὸ
1847 2479 2213 2542 τεκτονικὸν
2266 2479 2633 2560 ἐργαλεῖον,
2691 2482 3042 2560 ςταφυλή

460 2584 529 2645 δὲ
575 2583 613 2645 ὁ
659 2581 917 2659 καρπός.
1004 2583 1080 2644 τὸ
1126 2581 1339 2659 μέντοι
1387 2581 1705 2658 Ἀγκυλή
1767 2581 1870 2643 καὶ
1915 2581 2236 2659 Ἀγρυλή
2295 2580 2580 2660 ὀνόματα
2636 2581 2855 2659 δήμων
2901 2581 3044 2647 ὀξύ-

2943 2776 2966 2804 0

593 2889 628 2940 l.
664 2891 695 2938 4
731 2887 963 2953 τριβόλη
1000 2915 1065 2949 -ή
1105 2886 1244 2953 Ἰόλη
1284 2893 1411 2937 sunt
1452 2904 1518 2937 ex
1543 2888 1791 2951 Theogn.
1819 2890 1931 2949 111,
1965 2890 2048 2946 193
2089 2886 2156 2935 de
2193 2885 2438 2951 ἀπαιόλη
2466 2887 2642 2942 schol,
2670 2889 2834 2937 Arist.
2865 2891 3043 2939 Num).

462 2960 589 3008 1153
626 2955 777 3020 παρὰ
813 2956 882 3007 τὸ
920 2956 1234 3007 ἀπαιολεῖν·
1276 2954 1627 3019 Ἀρίςταρχος
1675 2955 1733 3004 δὲ
1772 2952 2061 3007 ὀξύνεςθαί
2106 2969 2288 3019 φηςιν.
2359 2957 2616 3009 Enstath.
2655 2959 2779 3017 352,
2817 2961 2882 3007 33
2928 2954 3043 3007 ἀπὸ

456 3027 558 3074 τοῦ
596 3018 810 3075 αἰόλλω
848 3023 1093 3088 ἀπαιόλη
1133 3023 1166 3087 ἡ
1206 3022 1410 3087 ἀπάτη.
1472 3025 1544 3072 ef.
1582 3025 1718 3075 Lob.
1758 3023 1947 3073 Rlnem.
1985 3039 2035 3086 p.
2071 3026 2170 3072 256
2215 3028 2328 3075 not.
2367 3025 2414 3073 7.
2485 3022 2701 3142 Ὀμόλὲ
2745 3026 2931 3088 recepi
2977 3042 3044 3073 ex

457 3093 705 3155 Thcogn.
747 3098 802 3141 et
841 3096 921 3143 St.
960 3095 1049 3153 Β.,
1092 3090 1316 3155 Νακόλη
1367 3107 1432 3139 ex
1472 3091 1547 3140 St.
1590 3093 1674 3151 1³„
1714 3089 1924 3153 ἐμβολή
1964 3107 2030 3140 ex
2068 3091 2314 3153 Theogn.
2357 3094 2479 3151 110,
2518 3093 2606 3153 24,
2650 3091 2662 3107 '
2706 3091 2938 3142 πιπολαί
2977 3109 3043 3142 ex

459 3160 540 3210 St.
578 3162 659 3213 B„
688 3165 744 3208 et
793 3175 858 3208 ex
906 3160 1097 3209 eodem
1135 3155 1459 3222 Προπολαί,
1508 3159 1589 3207 sio
1635 3158 1777 3207 enim
1825 3165 1974 3207 recto
2023 3174 2119 3222 pro
2164 3156 2465 3221 Πρόπαλαι
2523 3176 2588 3207 εκ
2636 3162 3044 3223 comparatione

459 3227 686 3290 gentilis
721 3226 1082 3289 Προπολαῑος
1121 3244 1241 3275 cum
1280 3224 1636 3277 Ἐπιπολαῑος
1675 3225 2020 3275 scribendum
2059 3240 2181 3274 esse
2217 3225 2426 3276 iudicat
2462 3226 2789 3275 Meinekius.
2840 3229 2922 3277 De
2961 3228 3045 3276 his

458 3294 749 3344 vocabulis
793 3295 863 3343 cs.
905 3295 1037 3344 Lob.
1080 3293 1243 3343 Pron.
1284 3296 1394 3343 131.
1606 3295 1645 3342 l.
1686 3297 1741 3342 11
1801 3292 2063 3356 κρωβύλη
2101 3319 2166 3328 -
2206 3291 2460 3357 Κροκύλη
2507 3300 2637 3343 sunt
2684 3311 2750 3343 ox
2796 3295 3041 3360 Theogn.

462 3363 574 3424 111,
612 3366 705 3419 23,
742 3360 1000 3425 Βραχύλη
1036 3388 1102 3396 -
1140 3359 1509 3424 (καπτηςύλη
1549 3377 1615 3410 ex
1654 3362 1734 3411 St.
1778 3363 1837 3410 B.
1876 3388 1938 3396 -—
1979 3362 2060 3409 De
2098 3359 2355 3425 ςταφύλη
2406 3372 2460 3409 οι
2496 3361 2753 3425 ςταφυλή
2804 3362 3044 3427 explica-

458 3436 571 3478 tum
610 3429 1056 3479 adnotamentum
1093 3429 1357 3478 habemus
1392 3429 1447 3477 in
1486 3429 1551 3480 Ε.
1586 3429 1658 3477 Μ.
1697 3431 1819 3490 742,
1857 3431 1925 3478 44
1973 3428 2352 3493 depromptum
2402 3446 2468 3478 ex
2504 3429 2787 3479 Ammonio
2837 3448 2886 3494 p.
2928 3433 3044 3491 124,

460 3497 603 3560 quod
641 3496 731 3545 hic
768 3497 1256 3561 subscrib0‚.quia
1301 3496 1594 3546 verisimile
1642 3502 1727 3545 est
1763 3496 2111 3557 Herodiano,
2162 3498 2252 3560 qui
2301 3498 2355 3545 in
2403 3493 2464 3546 11.
2503 3499 2654 3547 Pron.
2702 3501 2928 3561 saepius
2974 3499 3043 3547 nd

458 3565 832 3614 Ptolemaeum
872 3565 1125 3627 respicit,
1163 3580 1269 3614 non
1309 3564 1551 3627 ignotum
1600 3566 1800 3613 fnisse:
1848 3563 2105 3627 ςταφυλή
2153 3563 2410 3614 ὀξύνεται
2459 3564 2549 3615 καὶ
2595 3564 2917 3630 βαρύνεται,
2966 3564 3044 3616 ὥς

458 3646 590 3696 φηςι
626 3630 1005 3693 Πτολεμαῖος·
1052 3630 1120 3681 τὸ
1159 3631 1260 3693 μὲν
1305 3631 1413 3694 γὰρ
1458 3630 1844 3694 βαρυνόμενον
1892 3631 2071 3694 ὄνομα
2117 3630 2208 3682 ἐπὶ
2254 3634 2357 3696 τῆς
2396 3632 2725 3697 καθιεμένης
2765 3633 3045 3696 μολύβδου

458 3699 608 3763 παρὰ
644 3702 762 3749 τοῖς
799 3697 1143 3762 ἀρχιτέκτοςι
1180 3697 1407 3750 τίθεται.
1477 3692 1546 3748 τὸ
1592 3698 1651 3749 δὲ
1690 3698 2035 3761 ὀξυνόμενον
2081 3697 2172 3749 ἐπὶ
2208 3702 2311 3763 τῆς
2348 3699 2595 3765 ὀπώρας.
2668 3703 2948 3765 παρῆχθαι
2985 3701 3044 3750 δὲ

458 3766 675 3829 λέγουςι
712 3766 821 3830 τὴν
856 3765 1093 3830 ὀπώραν
1130 3762 1244 3816 ἀπὸ
1281 3765 1581 3829 (ταφύλου
1618 3766 1795 3830 τινός,
1849 3765 1910 3817 ὃς
1949 3766 2177 3829 ἐγένετο
2225 3766 2345 3817 υίὸς
2382 3770 2485 3817 τοῦ
2523 3767 2814 3819 Διονύςου.
2886 3769 3044 3832 Ἡρα·

458 3833 678 3899 κλείδης
724 3833 784 3884 δὲ
831 3832 1180 3898 ήμαρτῆςθαί
1228 3832 1350 3899 (pro
1395 3834 1609 3897 ἥμαρτε
1658 3835 1878 3899 scripsi)
1927 3849 2060 3899 φηςι
2107 3836 2284 3899 λῆγον
2331 3833 2408 3886 εἰς
2456 3835 2657 3887 ὀξεῖαν.
2728 3835 2894 3886 οὐδὲν
2940 3836 3044 3899 γὰρ

456 3921 578 3969 τῶν
630 3917 708 3969 εἰς
754 3920 823 3983 λη
872 3918 1172 3983 ληγόντων
1217 3919 1483 3983 θηλυκῶν
1527 3912 1832 3981 ὀνομάτων
1878 3916 2157 3981 ἀμέτοχον
2201 3918 2398 3980 γένους
2447 3918 2748 3983 οὐδετέρου
2796 3920 3044 3981 παραλη-

3085 1372 3148 1422 10

3087 1880 3145 1930 15

3080 2387 3147 2438 20

456 3986 700 4049 γόμενον
735 3991 820 4053 τῷ
859 3990 892 4035 ὐ
931 3985 1216 4049 ὀξύνεται,
1264 3985 1555 4050 κρωβύλη,
1595 3985 1873 4049 Φαιςύλη,
1922 3986 2128 4049 ἡδύλη,
2176 3985 2444 4049 κορδύλη·
2490 3985 2543 4036 οἱ
2592 3987 2697 4037 οὖν
2742 3985 3043 4036 ὀξύνοντές
3149 4044 3158 4048 ,

458 4068 650 4118 φαςιν,
690 4053 777 4105 ὅτι
814 4052 929 4105 ἀπὸ
969 4054 1280 4118 βαρυτόνου
1316 4053 1607 4117 ἀρςενικοῠ
1648 4053 1871 4116 γέγονε·
1909 4053 1980 4103 τὰ
2016 4052 2122 4115 γὰρ
2172 4052 2248 4103 εἰς
2288 4057 2320 4115 η
2360 4053 2574 4116 θηλυκὰ
2612 4053 2894 4111 ὀξύνεται,
2943 4051 3042 4101 ἐὰν

457 4122 528 4173 τὰ
563 4122 820 4186 ἀρςενικά
857 4121 1159 4186 βαρύνηται
1199 4120 1321 4173 οἷον
1360 4121 1535 4171 πόθος
1582 4121 1760 4184 ποθή,
1809 4119 1989 4183 φόνος
2037 4118 2217 4182 φονή,
2267 4119 2439 4181 νόμος
2486 4121 2659 4185 νομή,
2708 4120 2854 4170 ὡνος
2903 4118 3040 4183 ὠνή.

458 4190 548 4240 καὶ
571 4190 891 4253 τοῦμπαλιν
915 4190 1139 4241 Δαναός
1166 4188 1379 4253 Δανάη.
1429 4188 1518 4239 καὶ
1546 4190 1669 4239 πῶς
1699 4187 1768 4238 τὸ
1796 4187 1998 4248 κόγχος
2026 4186 2228 4251 κόγχη,
2267 4184 2429 4250 φίλος
2475 4185 2642 4252 φίλη,
2684 4188 2854 4250 μύλος
2894 4186 3042 4252 μύλη

460 4257 547 4308 καὶ
584 4257 727 4309 ἄλλα
765 4256 951 4322 μυρία·
1001 4258 1089 4308 καὶ
1137 4256 1230 4308 ἐπὶ
1274 4258 1397 4307 τῶν
1447 4256 1737 4307 ὀξυτόνων
1786 4253 1958 4303 καλός
2005 4253 2148 4316 καλή
2197 4253 2598 4317 ςυμβαρύνεται
2648 4255 2736 4305 καὶ
2785 4253 3044 4306 ὀξύνεται

458 4328 575 4376 τοῖς
610 4325 942 4390 ἀρςενικὸῖς;
984 4323 1074 4375 καί
1109 4340 1257 4376 τινες
1296 4326 1521 4388 βοηθεῖν
1565 4326 1635 4387 τῇ
1676 4319 1936 4385 ςυνηθείᾳ
1984 4319 2316 4382 βουλόμενοί
2360 4334 2516 4382 φαςι,
2571 4322 2671 4373 δ’ςα
2714 4323 2817 4372 τοῦ
2864 4320 3042 4372 αὐτοῦ

460 4390 905 4457 ἀπαραλλάκτως
953 4392 1136 4456 ἔχεται
1192 4390 1625 4457 ςημαινομένου,
1674 4390 1951 4451 ὁμοτονεῖ.
2034 4387 2132 4438 ὅςα
2177 4386 2236 4436 δὲ
2283 4387 2600 4440 διαλλάττει
2655 4393 2740 4453 τῷ
2789 4403 3043 4452 ςημαινο-

462 4459 640 4527 μένῳ,
680 4463 767 4512 καὶ
815 4464 899 4524 τῷ
947 4461 1101 4526 τόνῳ
1148 4457 1552 4511 διαλλάττεται.
1624 4456 1692 4506 τὸ
1732 4455 1834 4518 μὲν
1878 4452 1984 4503 οὖν
2029 4452 2184 4505 ξένος
2232 4453 2388 4517 ξένη,
2437 4454 2600 4517 φίλος
2649 4455 2786 4520 φίλη
2836 4457 2925 4505 καί
2973 4457 3044 4507 τὰ

460 4526 619 4588 ὅμοια
643 4527 1049 4592 ἀπαράλλακτά
1075 4527 1195 4578 εἰςι·
1233 4528 1302 4578 τὸ
1329 4527 1389 4578 δὲ
1420 4526 1584 4588 χόλος
1611 4522 1777 4586 χολή,
1817 4520 2028 4583 τρόπος
2067 4521 2278 4586 τροπή,
2319 4521 2563 4585 ςτρόφος
2592 4522 2836 4588 ςτροφή,
2874 4521 3043 4584 γόνος

461 4594 625 4658 γονή,
663 4596 835 4659 δόμος
873 4595 1015 4658 δομή
1051 4595 1422 4659 διαφέρουςιν.
1472 4591 1519 4641 εἰ
1556 4591 1659 4641 οὖν
1694 4590 1764 4640 τὸ
1802 4586 2082 4649 ςτὰφυλος
2121 4588 2412 4651 ἀρςενικὸν
2448 4590 2697 4654 διαφέρει
2735 4595 2818 4655 τῷ
2857 4605 3043 4654 ςημαι-

462 4662 710 4729 νομένῳ,
748 4664 783 4726 ἡ
823 4663 1081 4727 ςταφυλή
1118 4662 1187 4712 τὸ
1224 4659 1473 4725 θηλυκὸν
1511 4658 1602 4708 ἐπὶ
1648 4659 1748 4721 τῆς
1786 4653 2018 4718 ὀπώρας
2057 4655 2311 4705 ὀξύνεται
2353 4655 2530 4723 [παρὰ
2575 4660 2643 4709 τὸ
2690 4658 2905 4710 ςτάζειν
2940 4658 3045 4709 τὸν

464 4729 644 4791 πηλόν
690 4748 755 4781 ex
812 4730 923 4779 alio
967 4731 1362 4779 adnotameuto
1410 4728 1494 4775 hic:
1543 4733 1731 4774 assuta
1768 4721 2016 4787 seclusiJ.

2503 4810 2640 4872 21*
