3664 5546
1614 423 2036 471 PRAEFATIO.
2793 426 3112 474 CLXXXIII

527 581 730 664 igitur
783 579 1239 663 Theognostus
1295 601 1378 642 ex
1433 600 1552 643 suo
1617 575 1886 642 consilio
1954 579 2204 643 tonicos
2276 577 2631 644 Herodiani
2698 601 2978 644 canones
3045 583 3112 644 in

528 681 1059 766 orthographicos
1106 681 1458 762 convertit,
1506 680 1601 743 sic
1645 679 1842 743 etiam
1889 678 2000 743 alii
2052 680 2458 764 grammatici
2513 683 2890 766 posterioris
2942 685 3111 764 aevi,

527 783 639 868 qui
685 785 1031 868 praecipue
1076 785 1142 846 in
1189 791 1366 846 recte
1411 781 1738 846 scribendi
1787 779 2085 846 doctrina
2118 781 2581 862 versabantur,
2628 782 2989 849 Herodiani
3033 786 3113 849 de

526 895 800 949 accentu
847 893 1198 970 praecepta
1240 885 1307 947 in
1352 882 1887 969 orthographicas
1934 881 2193 967 regulas
2241 883 2875 950 transformaverunt
2919 895 3114 973 atque

527 1008 584 1049 e.
630 1007 694 1070 g.
739 985 844 1049 hic
888 985 1060 1050 idem
1106 1007 1349 1066 canon,
1406 1007 1599 1072 quem
1660 1007 1744 1048 ex
1788 984 2210 1071 Theognosto
2256 983 2527 1070 protuli,
2584 987 2668 1051 ab
2714 986 3114 1073 Epimerista

529 1086 795 1151 Homeri
839 1111 900 1173 p.
945 1087 1107 1168 448,
1152 1088 1196 1149 4
1239 1088 1333 1151 sic
1378 1086 1791 1173 proponitur:
1827 1087 2029 1176 ‘nunde
2075 1087 2113 1150 ὁ
2158 1086 2407 1166 ἀπηνής
2450 1089 2552 1153 καὶ
2598 1091 2893 1173 ςκληρός,
2939 1090 3112 1169 ὦμος

527 1191 597 1254 δὲ
652 1192 728 1255 τὸ
784 1192 977 1270 μέρος
1032 1195 1149 1255 τοῦ
1207 1191 1524 1269 ςώματος·
1576 1191 1651 1253 τὸ
1712 1192 1776 1253 ω’
1820 1191 2011 1269 μέγα·
2065 1190 2145 1254 τὰ
2203 1190 2309 1253 διὰ
2363 1195 2493 1254 τοῦ·
2537 1193 2710 1268 ωμος
2767 1193 3112 1272 διςύλλαβα

526 1296 881 1375 μονογενῆ,
937 1294 1018 1372 μὴ
1084 1292 1321 1370 ἔχοντα
1382 1292 1548 1371 ῥῆμα
1615 1290 2228 1370 ἀντιπαρακείμενον
2293 1292 2398 1356 διὰ
2451 1296 2569 1356 τοῦ
2626 1296 2657 1357 ἒ
2712 1294 2818 1357 διὰ
2871 1298 2991 1358 τοῦ
3048 1297 3110 1356 ’ὦ

524 1394 837 1473 γράφεται
893 1395 997 1458 ἐπὶ
1055 1392 1414 1473 βαρυτόνου
1483 1394 1585 1456 καὶ
1649 1392 1994 1474 ὀξυτόνου,
2065 1392 2169 1456 ἐπὶ
2233 1392 2607 1472 βαρυτόνων
2674 1393 2819 1458 οἷον
2878 1401 3111 1477 κῶμος,

525 1502 769 1574 μῶμος·
816 1495 921 1559 ἐπὶ
964 1495 1289 1562 ὀξυτόνων
1337 1494 1588 1574 βλωμός
1629 1494 1707 1558 τὸ
1755 1498 1994 1576 δῆγμα,
2037 1493 2245 1573 ζωμός
2290 1494 2519 1574 ψωμός
2564 1505 2629 1558 et
2670 1507 2745 1561 ut
2786 1518 2870 1559 ex
2902 1494 3109 1560 Theo·

523 1597 738 1678 gnosti
769 1617 1015 1659 canone
1062 1596 1144 1659 ad
1177 1592 1498 1659 vocabula
1532 1594 1616 1659 ab
1647 1595 1935 1659 Arcadio
1982 1603 2246 1659 servata
2277 1596 2629 1681 accipimus
2670 1597 2856 1681 ὁμός,
2902 1597 2994 1662 sic
3026 1620 3109 1662 ex

527 1698 737 1784 Epim.
776 1697 1047 1779 βλωμός.
1102 1695 1393 1761 Similem
1429 1696 1605 1761 viam
1639 1696 1784 1760 iniit
1818 1695 2287 1780 grammaticus
2325 1719 2684 1783 anonymus
2716 1699 2783 1762 in
2820 1700 2947 1763 An.
2979 1699 3108 1763 Ox.

524 1799 593 1863 ΙΙ
615 1800 757 1879 330,
781 1802 890 1884 qui
914 1796 1190 1862 eundem
1224 1818 1536 1862 canonem
1569 1807 1761 1884 atque
1785 1798 2187 1885 Epimerista
2208 1795 2424 1883 paullo
2450 1798 2940 1883 explicatiorem
2964 1823 3107 1887 pro·

525 1901 727 1987 ponit.
790 1901 894 1965 Ex
926 1897 1048 1963 hac
1078 1898 1727 1985 orthographicorum
1756 1901 2144 1986 scriptorum
2190 1901 2661 1965 consuetudine
2691 1904 3110 1989 consequitur

522 2003 638 2065 hos
684 2003 980 2088 quamvis
1023 1999 1245 2065 futiles
1277 2011 1342 2064 et
1384 2002 1613 2065 inanes
1660 2002 1960 2066 doctores
2007 2023 2285 2087 magnae
2327 2002 2598 2066 utilitati
2643 2026 2785 2068 esse
2820 2005 2903 2069 ad
2938 2026 3108 2070 com-

524 2104 821 2189 plendam
853 2103 1233 2169 Prosodiam
1265 2100 1701 2186 Catholicam3
1747 2125 1897 2167 nam
1942 2106 1993 2167 si
2042 2102 2575 2189 orthographicos
2621 2128 2902 2170 canones
2935 2117 3109 2171 retro

522 2207 586 2269 in
633 2204 1011 2290 prosodicos
1058 2205 1402 2284 vertimus,
1451 2202 1778 2269 lucramur
1821 2214 2173 2291 praecepta
2216 2206 2503 2271 Arcadio
2549 2207 2882 2270 simillima
2912 2219 3109 2293 atque

523 2308 901 2391 saepissime
942 2305 1165 2372 multis
1212 2308 1582 2371 nominibus
1630 2317 1696 2372 et
1726 2307 2119 2393 scriptorum
2165 2307 2550 2372 testimoniis
2597 2319 2805 2374 aucta.
2880 2309 3108 2396 Neque

524 2419 740 2473 tamen
771 2431 918 2473 raro
951 2410 1054 2491 fit,
1092 2419 1166 2473 ut
1188 2410 1315 2496 ipsi
1355 2409 1418 2472 hi
1456 2409 2073 2495 orthographiamm
2099 2410 2501 2474 confectores
2530 2433 2613 2474 ex
2641 2408 3110 2496 orthographia

523 2520 702 2574 recta
755 2510 866 2575 via
906 2513 976 2575 in
1018 2512 1393 2597 prosodiam
1438 2521 1776 2576 transeant
1819 2533 1876 2574 e.
1908 2532 1974 2594 g.
2021 2509 2252 2574 Choer.
2298 2511 2489 2575 Orth.
2542 2513 2683 2593 195,
2736 2513 2812 2576 18
2861 2512 2967 2594 (Ε.
3015 2512 3105 2575 Μ.

521 2613 669 2692 261,
715 2613 825 2698 56)
873 2615 1233 2694 δειμαλέος;
1280 2601 1496 2679 τὸ-δῖι
1542 2614 1927 2694 δίφθογγος·
1974 2613 2186 2693 ὥςπερ
2230 2616 2353 2693 γὰρ
2399 2613 2530 2678 ἀπὸ
2574 2619 2691 2678 τοῦ
2737 2615 2971 2694 τάρβος
3015 2614 3106 2690 γί-

523 2737 697 2782 νεται
742 2718 1128 2800 ταρβαλέος,
1175 2716 1381 2783 οὕτως
1425 2717 1526 2780 καὶ
1571 2714 1701 2780 ἀπὸ
1746 2718 1864 2780 τοῦ
1910 2718 2093 2794 δεῖμα
2135 2719 2252 2781 τοῦ
2284 2717 2698 2795 ςημαίνοντος
2742 2717 2860 2782 τὸν
2892 2715 3105 2797 φόβον

524 2820 855 2896 δειμαλέος
898 2818 1315 2899 γραφόμενον
1362 2820 1467 2883 διὰ
1511 2822 1621 2896 τῆς
1666 2822 1718 2882 εἶ
1765 2818 2142 2897 διφθόγγου.
2204 2817 2409 2884 ἰςτέον
2457 2820 2527 2882 δὲ
2572 2818 2670 2883 ὅτι
2717 2820 2797 2883 τὰ
2844 2819 2948 2883 διὰ
2988 2822 3105 2882 τοῦ

522 2910 720 2985 αλεοςὴ
759 2922 919 3000 ὑπὲρ
963 2924 1134 3000 τρεῖς
1177 2922 1494 3000 ςυλλαβὰς
1538 2921 1666 2999 πρὸ
1711 2923 1855 2999 μιᾶς
1900 2920 2015 2984 τὸν
2060 2919 2257 2985 τόνον
2288 2920 2546 2999 ἔχουςιν
2578 2918 2724 2985 οἷον
2765 2919 3104 3001 ἀργαλέος,

524 3022 905 3101 ςμερδαλέος
939 3026 1069 3087 κτλ.
1119 3020 1232 3104 (cf.
1266 3021 1560 3105 Theogn.
1591 3020 1698 3100 51,
1734 3019 1803 3103 8)
1850 3031 1915 3085 et
1957 3043 2022 3106 p.
2056 3020 2200 3101 221,
2231 3020 2272 3084 5
2317 3022 2542 3102 Ἰβιών·
2588 3022 2776 3086 πόλις
2821 3021 2891 3084 ἐν
2922 3020 3103 3095 Αἰγύ-

522 3145 662 3206 πτῳ
707 3124 1028 3190 ὀξυτόνως
1076 3124 1416 3205 λεγομένη,
1463 3127 1708 3202 μᾶλλον
1742 3125 1812 3187 δὲ
1836 3127 2067 3206 ινῆςος,
2109 3144 2194 3186 ex
2224 3144 2350 3208 quo
2385 3124 2525 3187 loco
2556 3122 2849 3205 Theogn.
2886 3121 2991 3202 39,
3023 3122 3107 3185 25

523 3227 752 3305 Ἠβιών
801 3225 1116 3305 Ἠβιόνος’
1172 3225 1298 3290 ἔςτι
1344 3227 1414 3289 δὲ
1458 3225 1666 3303 ὄνομα
1710 3224 1908 3302 νήςου
1954 3222 2396 3288 emendandus
2444 3233 2509 3287 et
2537 3222 2823 3287 Arcadio
2870 3245 3103 3286 nomen

525 3329 722 3407 Ἰβιών
751 3349 898 3390 cum
930 3324 1366 3412 explicatione
1410 3325 1780 3390 addendum
1812 3335 1931 3389 est.
1992 3325 2174 3390 Idem
2205 3324 2384 3390 valet
2428 3325 2508 3389 de
2538 3325 2706 3390 libro
2737 3328 2883 3406 περὶ
2910 3325 3105 3391 ποςό-

522 3450 741 3508 τητος,
798 3450 882 3492 ex
935 3451 1064 3515 quo
1121 3426 1367 3514 aliquid
1413 3429 1607 3492 etiam
1651 3427 1956 3491 utilitatis
2006 3414 2076 3490 in
2123 3426 2502 3491 Prosodiam
2548 3426 2907 3509 redundat,
2953 3449 3103 3492 nam

521 3553 577 3593 e.
627 3551 690 3613 g.
737 3551 944 3594 canon
991 3528 1072 3593 de
1119 3530 1489 3595 nominibus
1536 3531 1602 3592 in
1649 3518 1748 3609 ιλή
1795 3528 2132 3594 derivatus
2189 3540 2289 3594 est
2335 3552 2419 3593 ex
2461 3527 2838 3593 Herodiano
2854 3578 2872 3611 ,
2920 3532 3103 3594 cuius

524 3632 775 3695 tonicos
832 3653 1111 3696 canones
1177 3631 1329 3693 hinc
1387 3632 1649 3717 explere
1695 3653 2071 3717 possumus:
2129 3633 2208 3697 τὰ
2263 3633 2367 3697 διὰ
2422 3637 2538 3697 τοῦ
2586 3620 2702 3711 ἰλ-ἧ
2753 3633 2905 3712 μήτε
2972 3631 3103 3697 ἀπὸ

519 3735 802 3814 κράςεως
865 3735 1101 3813 ἔχοντα
1166 3735 1319 3812 μήτε
1385 3734 1516 3799 ἀπὸ
1582 3737 1990 3813 πλεοναςμοῡ
2054 3735 2129 3799 τὸ
2195 3736 2217 3798 i
2281 3734 2799 3814 ἀποςτρέφονται
2866 3737 2980 3812 τὴν
3038 3740 3101 3798 ἐἰ

522 3837 882 3916 δίφθογγον
937 3835 1083 3901 οἷον
1142 3837 1353 3918 ςμιλή,
1410 3836 1705 3918 παςτίλη,
1762 3836 2050 3918 μυςτίλη,
2106 3835 2351 3916 μαρίλη.
2449 3835 2810 3914 πρόςκειται
2883 3837 2954 3898 ἐν
3009 3842 3101 3918 τῷ

519 3938 743 4002 κανόνι
789 3939 868 4016 μὴ
914 3937 1073 4002 ὄντα
1116 3935 1247 4001 ἀπὸ
1294 3938 1572 4015 κράςεως
1603 3939 1707 4001 διὰ
1735 3939 1810 4002 τὸ
1844 3937 2045 4016 δείλη·
2090 3942 2284 4002 τοῦτο
2316 3938 2437 4015 γὰρ
2470 3937 2574 4001 διὰ
2603 3940 2713 4014 τῆς
2744 3942 2807 3999 ἐἶ
2840 3936 3104 4014 διφθόγ-

519 4060 644 4115 γου
689 4040 1028 4118 γράφεται,
1075 4037 1215 4102 ἀλλ’
1259 4038 1390 4103 ἀπὸ
1438 4040 1713 4117 κράςεως
1758 4040 1919 4118 ἔχει·
1966 4038 2096 4103 ἀπὸ
2143 4039 2264 4117 γὰρ
2321 4042 2436 4102 τοῦ
2496 4039 2705 4103 ἐνδεῖν
2750 4043 2826 4119 τῇ
2873 4037 3017 4119 ἕλῃ,
3064 4036 3102 4101 ὅ

518 4142 643 4204 ἐςτι
687 4147 763 4224 τῇ
808 4140 1139 4223 θερμαςίᾳ,
1184 4140 1413 4216 γέγονε
1461 4142 1646 4219 δεέλη
1692 4144 1794 4206 καὶ
1839 4141 1997 4205 κατὰ
2043 4143 2255 4218 κρᾶςιν
2297 4145 2429 4205 τῶν
2476 4140 2594 4204 δύο
2641 4144 2705 4202 ἐὲ
2751 4138 2839 4203 εἰς
2884 4140 2999 4216 τὴν
3045 4159 3099 4201 ει

520 4243 880 4321 δίφθογγον
939 4243 1141 4319 δείλη·
1197 4241 1555 4320 πρόςκειται
1613 4243 1803 4307 πάλιν
1861 4243 1941 4320 μὴ
1997 4242 2235 4319 ἔχοντα
2288 4241 2419 4305 ἀπὸ
2476 4244 2884 4318 πλεοναςμοῦ
2936 4240 3013 4303 τὸ
3059 4242 3099 4319 i,

518 4344 740 4420 ἐπειδὴ
786 4341 917 4406 ἀπὸ
963 4346 1079 4406 τοῦ
1136 4342 1246 4420 ἕλη
1302 4347 1421 4406 τοῦ
1478 4344 1894 4421 ςημαίνοντος
1947 4344 2063 4421 τὴν
2119 4343 2454 4421 θερμαςίαν
2509 4344 2748 4418 γίνεται
2803 4340 2940 4419 εἵλη
2998 4339 3103 4404 διὰ

517 4448 631 4520 τῆς
676 4450 738 4507 εἴ
784 4445 1141 4523 διφθόγγου
1195 4444 1354 4508 κατὰ
1410 4445 1816 4522 πλεοναςμὸν
1869 4447 1987 4508 τοῦ
2031 4446 2066 4506 ἰ.
2157 4446 2255 4507 δεῖ
2308 4447 2674 4521 προςθεῖναι
2735 4443 2928 4520 χωρὶς
2984 4445 3102 4506 τοῦ

519 4546 754 4624 ὀφειλή
809 4548 913 4609 καὶ
964 4544 1192 4622 ἀπειλή
1248 4547 1350 4609 καὶ
1406 4545 1652 4622 ώτειλή.
1751 4543 1859 4607 Ex
1916 4566 2044 4629 quo
2101 4564 2349 4609 canone
2405 4540 2840 4625 intellegimus
2897 4540 3102 4604 Hero-

520 4645 790 4709 dianum
838 4646 971 4730 (ap.
1022 4646 1173 4709 Arc.
1229 4646 1377 4727 108,
1430 4646 1535 4731 17)
1584 4645 1668 4709 ad
1715 4647 1889 4724 δείλη
1943 4643 2313 4725 addidisse,
2360 4644 2534 4731 quod
2578 4641 2857 4726 legimus
2905 4642 3101 4705 etiam

522 4747 591 4809 in
637 4746 715 4811 Il.
747 4746 855 4810 Pr.
886 4747 936 4811 Τ
965 4746 1047 4809 26
1093 4747 1569 4828 ἐτυμολογεῖται
1614 4749 1788 4826 παρὰ
1829 4749 1907 4813 τὸ
1940 4749 2151 4813 ἐνδεῖν
2195 4755 2272 4831 τῇ
2318 4748 2431 4829 ἕλῃ
2466 4747 2678 4825 δεέλη,
2725 4753 2791 4807 et
2833 4744 2916 4807 ad
2963 4744 3100 4824 εἵλη

521 4850 555 4911 ἒ
599 4870 716 4932 per
758 4851 780 4912 ῖ
825 4858 1082 4911 auctum
1127 4869 1290 4912 esse.
