3664 5546
1180 306 1340 361 ΠΕΡΙ
1381 304 1772 360 ΚΑΘΟΛΙΚΗ(
1808 303 2231 358 ΠΡΟΕΩιΔΙΑ(
2271 305 2349 357 ΙΑ.
2935 301 3063 367 285

471 480 652 543 ταῖος
718 475 1008 560 Εὐρώπῃ.
1110 475 1357 551 λέγεται
1422 477 1494 540 δὲ
1549 475 1651 539 καὶ
1708 474 1937 553 Κορςία
1998 474 2118 562 διὰ·
2153 477 2272 538 τοῦ
2328 474 2378 538 ἶ.
2479 471 2809 551 Κροκεαί
2872 471 3061 537 πόλις

472 578 801 655 Λακωνική
818 626 837 661 ,
889 572 1021 643 τῶν
1086 577 1316 643 ἑκατὸν
1381 577 1641 642 πόλεων
1707 575 1828 655 μία.
1930 575 2181 652 λέγεται
2244 576 2349 639 καὶ
2412 573 2651 640 ἑνικῶς.
2751 572 3059 653 Ὀρνεαί

473 680 650 760 κώμη
689 679 1008 762 ὂΑργείας,
1052 680 1092 757 ἢ
1137 680 1240 743 καὶ
1282 678 1558 757 Ὀρνειαί
1598 713 1685 725 —-
1728 678 1855 742 ἔςτι
1915 678 1987 741 δὲ
2031 678 2134 741 καὶ
2188 674 2375 754 ἑτέρα
2427 675 2612 740 πόλις
2665 676 2895 755 μεταξὺ
2944 675 3058 738 Κο-

474 781 696 860 ρίνθου
740 781 844 845 καὶ
888 779 1231 845 Εικυῶνος·
1277 783 1557 845 καλεῖται
1603 782 1674 844 δὲ
1719 777 1930 845 οὕτως
1974 778 2013 855 ἢ
2058 777 2190 842 ἀπὸ
2236 777 2515 866 Ὀρνέως
2556 781 2675 841 τοῦ
2717 776 3060 855 Ἐρεχθέως

474 883 514 962 ἢ
559 881 692 947 ἀπὸ
736 881 1002 961 Ὀρνέας
1044 882 1299 961 νύμφης
1343 881 1383 959 ἢ
1429 880 1528 944 ὅτι
1573 880 1691 959 ἐφ’
1722 879 1934 958 ὕψους
1979 882 2176 942 κεῖται
2221 880 2260 957 ἢ
2307 878 2663 958 ὁμωνύμως
2693 878 2921 960 Ὀρνέᾳ
2967 883 3058 961 τῷ
3099 893 3133 943 5

475 990 744 1068 ποταμῷ
796 1018 885 1029 —-
939 979 1380 1050 ὀξύνεται’ως
1433 980 1842 1060 πληθυντικά.
1940 980 2016 1044 τὸ
2074 981 2144 1045 δὲ
2197 980 2460 1063 γενεά,
2526 979 2813 1062 δωρεά,
2869 977 3061 1057 ὀχεά

458 1084 834 1164 Ιπεριεκτικά
879 1084 1063 1149 ἐςτιν.

646 1187 740 1251 Τὰ
784 1185 872 1251 εἰς
917 1185 958 1248 ᾶ
1002 1185 1243 1264 μακρὸν
1291 1186 1611 1276 μονογενῆ
1654 1189 1731 1266 τῇ
1776 1185 1830 1246 ῖι
1875 1182 1914 1259 ἢ
1958 1187 2051 1266 τῷ
2092 1182 2128 1245 ἶ
2169 1173 2410 1265 μακρῷ
2431 1181 3061 1262 παραληγόμενα·ἑπὶ

478 1288 694 1354 οὐςίας
723 1288 1018 1367 τιθέμενα
1047 1285 1370 1368 ὀξύνεται,
1416 1278 1624 1367 χειά,
1668 1283 1840 1350 ζειά
1870 1282 2046 1347 εἶδος
2075 1286 2323 1366 κριθῆς,
2364 1283 2553 1348 Φειά
2581 1284 2768 1348 πόλις
2800 1281 3061 1346 Ἠλείας.

475 1389 762 1468 Ὅμηρος
809 1389 1043 1454 «Φειᾶς
1095 1387 1227 1465 πὰρ
1279 1387 1581 1464 τείχεςςιν
1647 1385 2000 1464 Ἰαρδάνού
2031 1384 2195 1465 ἀμφὶ
2249 1385 2516 1465 ῥέεθρα»
2573 1385 2653 1466 (Η
2706 1383 2869 1465 135).
2959 1383 3058 1447 λέ-
3097 1399 3163 1450 10

477 1509 651 1566 γεται
707 1491 811 1554 καὶ
851 1489 1003 1553 Φεὰ.
1093 1487 1315 1570 φλιά,
1373 1488 1576 1566 θριά·
1632 1487 1797 1565 θριαί
1855 1488 1927 1551 δὲ
1979 1485 2044 1550 αἱ
2098 1488 2385 1566 μαντικαὶ
2440 1489 2687 1569 ψῆφοι,
2742 1485 2818 1550 ἃς
2874 1483 3060 1563 εὗρεν
3250 1499 3260 1510 ·

478 1590 725 1669 Ἀθηνᾶ.
825 1588 1182 1668 ἀχθόμενος
1239 1591 1310 1653 δὲ
1363 1590 1518 1654 τοὺς
1582 1592 1701 1653 τοῦ
1756 1588 2170 1653 Ἀπόλλωνος
2226 1639 2237 1652 .
2285 1638 2298 1651 .
2345 1639 2359 1653 .
2405 1638 2420 1653 .
2477 1587 2744 1651 ἄπιςτον
2801 1585 2840 1650 ὁ
2895 1585 3061 1651 Ζεὺς

479 1690 732 1770 ἑποίηςε
776 1691 893 1768 τὴν
939 1691 1044 1755 διὰ
1087 1694 1219 1755 τῶν
1275 1695 1472 1768 θριῶν
1518 1692 1819 1769 μαντικὴν
1866 1690 2341 1768 εὐδοκιμοῦςαν.
2431 1690 2532 1754 διὸ
2577 1689 2681 1753 καὶ
2726 1688 3059 1752 Ἀπόλλων

479 1792 608 1873 ἔφη
655 1793 931 1856 «πολλοὶ
986 1790 1347 1875 θριοβόλοι,
1402 1796 1637 1870 παῦροι
1694 1791 1765 1855 δέ
1817 1811 1887 1855 τε
1931 1790 2186 1869 μάντιες
2245 1791 2534 1869 ἄνδρες».
2620 1790 2697 1854 τὸ
2753 1791 2824 1853 δὲ
2869 1788 3063 1867 Θρῖα

481 1897 681 1973 δῆμος
733 1896 845 1971 τῆς
890 1892 1189 1971 Οἰνηῖδος
1245 1894 1455 1970 φυλῆς
1509 1895 2045 1974 προπεριςπᾶται,
2091 1895 2528 1971 πληθυντικῶς
2585 1893 2656 1955 δὲ
2710 1890 3061 1971 λεγόμενον
3102 1907 3163 1957 15

480 1992 769 2061 ὀξύνεται
832 1994 1070 2073 Θριαί,
1149 1993 1399 2069 λέγεται
1454 1995 1558 2058 καὶ
1611 1994 1786 2071 Θριώ
1828 1995 1932 2058 καὶ
1975 1993 2201 2071 Θριώς.
2293 1993 2484 2081 ςτιιά,
2530 1990 2628 2056 οἷς
2670 1991 3061 2069 ἠκολούθηςε

478 2097 581 2160 καὶ
622 2096 699 2160 τὸ
746 2096 913 2161 ςκιά
956 2097 990 2158 ἶ
1034 2098 1256 2178 βραχεῖ
1298 2095 1850 2174 παραληγόμενον.
1906 2095 2031 2160 ἔςτι
2078 2097 2149 2160 δὲ
2192 2095 2295 2159 καὶ
2340 2093 2524 2159 (κιά
2565 2092 2903 2171 πολίχνιον
2949 2093 3061 2156 Εὐ-

481 2196 673 2277 βοίας.
759 2197 836 2261 τὸ
893 2199 965 2262 δὲ
1019 2197 1272 2278 μνεία,
1326 2196 1547 2274 χρεία
1604 2196 2023 2280 βαρύνονται,
2078 2187 2159 2261 οὐ
2215 2196 2340 2274 γὰρ
2393 2194 2499 2259 ἐπὶ
2553 2194 2769 2260 οὐςίας
2826 2195 3061 2278 λαμβά-

479 2318 687 2382 νεται,
731 2299 837 2363 καὶ
876 2298 953 2362 τὸ
1000 2297 1172 2363 λεία
1227 2299 1299 2362 δὲ
1342 2298 1447 2361 καὶ
1487 2296 1679 2362 Φθία
1719 2332 1806 2345 -
1850 2298 2036 2363 πόλις
2078 2298 2182 2361 καὶ
2225 2300 2420 2376 μοῖρα
2463 2295 2831 2360 Θετταλίας·
2884 2296 3061 2373 Παρ-

480 2398 764 2477 μενίςκος
809 2401 880 2463 δὲ
922 2400 1143 2478 χώραν
1187 2398 1390 2476 αὐτήν
1435 2419 1588 2478 φηςι
1632 2398 1713 2463 οὐ
1757 2399 1982 2482 πόλιν,
2039 2398 2158 2463 οὐκ
2212 2398 2438 2477 ὀρθῶς.
2526 2397 2756 2475 ἐκλήθη
2813 2397 2884 2460 δὲ
2927 2395 3060 2462 ἀπὸ
3097 2414 3167 2466 20

480 2499 676 2564 Φθίας
718 2501 1018 2576 γυναικὸς
1061 2501 1100 2578 ἢ
1145 2499 1346 2564 Φθίου
1375 2501 1789 2565 Ποςειδῶνος
1832 2500 1935 2564 καὶ
1977 2499 2244 2578 Λαρίςης
2284 2533 2371 2545 —-
2414 2498 2799 2578 βαρύνονται
2843 2489 2945 2562 καὶ
2987 2498 3062 2562 τὸ

485 2598 655 2664 δεία
696 2598 736 2677 ἡ
781 2599 1009 2664 ἔνδεια
1096 2602 1174 2665 τὸ
1232 2603 1310 2685 δὲ,
1346 2602 1518 2666 θεία
1570 2602 1855 2681 τριγενές
1910 2602 2035 2667 ἑςτι
2084 2602 2173 2666 ὡς
2216 2601 2319 2665 καὶ
2369 2599 2444 2663 τὸ
2490 2602 2615 2663 δῖα
2674 2600 3062 2680 βραχυκατά-

485 2702 719 2780 ληκτον
762 2702 919 2781 μετὰ
959 2705 1078 2767 τοῦ
1117 2700 1196 2766 ἴα
1238 2705 1340 2767 καὶ
1382 2705 1764 2788 πλεοναςμῷ
1806 2708 1926 2769 τοῦ
1967 2706 2009 2783 μ
2048 2702 2192 2784 μία.
2252 2701 2379 2767 ἔςτι
2422 2702 2494 2765 δὲ
2537 2700 2638 2765 καὶ
2678 2702 2834 2766 Δῖα
2874 2702 3062 2767 πόλις

480 2988 715 3053 πολλαί,
769 2986 826 3041 αἱ
878 2989 982 3054 μὲν
1036 2989 1366 3056 Μενδήςιαι,
1420 2989 1478 3044 αἱ
1529 2991 1591 3043 δὲ
1645 2989 1899 3057 (ηνικαί,
1953 2989 2011 3044 αἱ
2064 2991 2126 3043 δὲ
2180 2920 3063 3055 ἕῗιῗαῗὲικαῖαξτέιῖιῗὶαξτὸπῗὲῗιιιῗ

478 3057 631 3123 χεύω
671 3058 762 3109 καὶ
798 3056 1011 3121 ὤφειλε
1048 3058 1137 3110 διὰ
1180 3058 1506 3123 διφθόγγου.
1577 3057 1690 3111 ἐςτι
1737 3059 1826 3110 καὶ
1863 3058 2103 3124 Ταριχέα
2148 3059 2240 3110 καὶ
2285 3057 2485 3110 ἑνικῶς
2529 3058 2620 3109 καὶ
2667 3059 3061 3123 πληθυντικῶς

479 3124 759 3190 λεγομένη
796 3124 959 3178 πόλις
994 3129 1099 3190 τῆς
1138 3124 1426 3191 Ἰουδαίας,
1474 3126 1553 3179 ὡς
1591 3126 1871 3192 Ἰώςηπος.
1907 3155 1973 3162 -
2011 3124 2346 3179 Βαλανέαι
2382 3124 2546 3178 πόλις
2583 3123 2862 3189 Φοινίκης.
2932 3124 3062 3178 Δα-

481 3191 625 3245 ςέαι
676 3192 851 3263 πόλις,
889 3192 1197 3259 Ἀρκαδική.
1278 3192 1598 3246 Παυςανίας
1652 3193 1857 3260 ὀγδόῳ.
1938 3194 2275 3247 Βατανέαι
2328 3191 2573 3246 ςυνοικία
2628 3190 2826 3258 (υρίας
2879 3191 2914 3257 ἢ
2971 3194 3061 3244 καὶ
3127 3228 3130 3231 -

484 3259 738 3313 Βατανέα
775 3259 989 3312 ἑνικῶς.
1039 3260 1433 3313 Μεςςαπέαι
1468 3259 1678 3326 χωρίον
1713 3262 2057 3327 Λακωνικῆς.
2104 3260 2409 3314 Πλυνέαι
2443 3264 2608 3326 νῆςος
2646 3260 2708 3313 ἐν
2741 3264 2827 3326 τῷ
2862 3260 3061 3325 Νείλῳ.

483 3326 834 3379 Τυπανέαι
870 3327 1034 3380 πόλις
1071 3327 1378 3393 Τριφυλίας
1424 3336 1481 3379 et
1514 3329 1851 3394 bissyllabum
1890 3328 2047 3382 Νέαι
2091 3332 2257 3395 νῆςος
2293 3326 2530 3393 πληςίον
2567 3328 2793 3393 Λήμνου
2833 3327 2923 3392 (de
2961 3328 3063 3380 νεά

482 3395 517 3444 i.
556 3412 607 3461 q.
645 3394 794 3446 νειός
829 3397 899 3446 ef.
940 3397 1074 3447 Lob.
1112 3396 1311 3447 Parall.
1347 3398 1486 3460 355).
1535 3395 1890 3462 Μακαρέαι
1925 3397 2088 3449 πόλις
2126 3393 2415 3461 Ἀρκαδίας
2450 3395 2566 3448 ἀπὸ
2604 3394 2919 3461 Μακαρέως
2955 3399 3060 3447 τοῦ

484 3460 770 3514 Λυκάονος
794 3463 1031 3513 Meinek.
1048 3465 1172 3513 iure
1199 3463 1490 3528 Μακάρεια
1516 3465 1870 3516 scribendum
1891 3466 2117 3517 iudicat.
2144 3491 2207 3501 —-
2234 3465 2698 3529 comprehensiva
2722 3480 2788 3514 ex
2813 3466 3060 3530 Theogn.

487 3532 599 3592 102,
635 3533 703 3581 30
737 3529 933 3580 adieci.
1102 3530 1137 3580 1.
1163 3534 1196 3582 9
1232 3530 1371 3584 Φειά
1406 3533 1611 3583 inserui
1647 3549 1714 3583 ex
1739 3533 1987 3598 Theogn.
2014 3535 2128 3592 105,
2155 3534 2238 3595 25,
2276 3533 2370 3584 ubi
2405 3538 2629 3598 propter
2663 3531 3059 3597 diphthongum

481 3599 537 3647 ἐἰ·
568 3613 690 3647 cum
723 3595 872 3661 χειά,
909 3595 1026 3649 ζειά
1062 3596 1266 3649 diserte
1302 3605 1672 3666 eomparatur,
1712 3615 1881 3665 quare
1919 3616 2027 3650 non
2073 3600 2324 3650 dubitavi
2369 3598 2512 3650 hane
2557 3600 2884 3664 scripturam
2930 3601 3062 3650 reei-

482 3680 642 3729 pere,
678 3665 1004 3730 praesertim
1087 3681 1213 3715 uum
1249 3668 1415 3717 etiam
1460 3683 1550 3732 ap.
1588 3668 1927 3734 Stephanum
1963 3668 2033 3717 ab
2069 3668 2367 3718 Eustathio
2401 3669 2527 3747 651,
2569 3667 2631 3716 18
2676 3666 2815 3748 (ἵζειά
2858 3666 3062 3718 lectum

482 3747 623 3850 2533.
650 3736 1270 3852 ”ffi'gssssxff’ssissss‘ssoe
1283 3731 1694 3867 ,⁶⁹av‘90ffissc
1702 3733 2333 3867 ‘2225210‘240‘32332
2369 3731 3062 3866 ἔὲἔιᾶἰθῖὲὲῒντεῖἷὲῗὲἶξ

481 2922 743 2974 videntur
804 2927 862 2973 et
922 2923 983 2973 in
1042 2938 1325 2975 numerum
1379 2940 1412 2974 a
1474 2940 1559 2976 me
1611 2927 2016 2991 propositorum
2067 2925 2179 2975 reci

376 3885 381 3893 ¹
483 3865 851 3932 παρακατιὼν
886 3865 949 3918 δὲ
984 3869 1166 3917 ταῦτα
1202 3866 1234 3918 ὁ
1271 3866 1387 3919 ἐκεῖ
1420 3867 1640 3932 γράψας
1678 3869 1767 3920 καὶ
1803 3867 1929 3921 οἷον
1963 3868 2339 3933 ἐκλαθόμενος
2386 3869 2521 3934 φηςὶ
2554 3868 2624 3919 τὸ
2667 3868 2812 3920 αὐτὸ
2848 3868 3060 3920 ἄλλως·

486 3932 592 3985 Φιὰ
629 3934 791 3986 πόλις
826 3935 949 3985 τῶν
985 3933 1311 3999 περιμάχων
1344 3934 1671 4001 Μεςςηνίοις
1708 3937 1797 3988 καὶ
1824 3934 2069 4002 Λάκωςι,
2107 3953 2334 4003 quorum
2369 3937 2610 3988 locorum
2645 3939 3063 4001 congruentiam

483 4002 794 4053 Meinekius
828 4003 910 4052 ita
945 4002 1155 4064 effecit,
1193 4009 1255 4052 ut
1289 4003 1471 4068 priore
1510 4005 1651 4062 loeo,
1689 4005 1783 4055 ubi
1817 4021 1916 4070 pro
1952 4004 2094 4068 μετὰ
2137 4007 2350 4071 Ιοςίιιιτ7
2376 4002 2490 4067 διά,
2537 4003 2675 4056 Φιᾶς
2712 4019 2834 4053 cum
2872 4004 3061 4055 codiee

484 4070 532 4121 R
566 4071 847 4121 scriberet.
896 4069 1005 4119 Sed
1041 4070 1396 4121 verisimilius
1433 4075 1519 4121 eet
1553 4072 1955 4135 Herodianum,
1993 4089 2062 4123 ex
2099 4088 2204 4138 quo
2241 4072 2555 4137 Stephanus
2591 4072 2800 4132 hausit,
2841 4076 3063 4136 praeter

484 4137 813 4201 scripturam
848 4151 948 4202 per
981 4132 1013 4188 ἒ
1049 4134 1169 4189 <ved
1204 4138 1369 4188 etiam
1405 4154 1854 4190 commemorasse
1891 4141 2218 4204 scripturam
2254 4156 2350 4205 per
2381 4142 2432 4190 Ξῖ
2477 4144 2532 4189 et
2568 4155 2667 4204 per
2701 4140 2749 4201 ῖ,
2797 4139 2880 4188 ita
2914 4150 2978 4188 ut
3012 4142 3062 4190 ἒῖ

481 4208 864 4322 Kraeoptaret,
910 4204 1058 4255 unde
1102 4202 1242 4257 Φειά
1276 4205 1423 4271 apud
1458 4207 1871 4273 Theognostum
1907 4206 2139 4271 legimus
2176 4213 2232 4257 et
2269 4209 2326 4256 in
2364 4206 2453 4259 Cr.
2490 4207 2592 4269 Ep.
2629 4206 2655 4255 1
2694 4208 2807 4267 181,
2847 4209 2910 4257 13
2944 4204 3061 4257 Ζειά

516 4269 572 4322 ιὰ
614 4270 924 4336 διφθόγγου
971 4269 1161 4336 ὥςπερ
1204 4272 1295 4323 καὶ
1339 4273 1409 4325 τὸ
1455 4273 1594 4335 Φειά
1641 4276 1734 4337 (cf.
1774 4276 1838 4325 Ε.
1877 4275 1952 4325 Μ,
1985 4277 2111 4335 410,
2159 4275 2260 4336 11).
2333 4271 2459 4337 θριά
2504 4274 2726 4337 explevi
2754 4276 2840 4323 'ex
2876 4276 2959 4328 st.
2995 4276 3057 4325 Β.

484 4336 604 4389 ςτιά
638 4338 832 4389 addidi
867 4355 935 4389 ex
969 4339 1244 4405 Theogn.‚
1290 4341 1387 4391 ubi
1429 4344 1638 4407 pariter
1681 4347 1742 4391 at
1782 4357 1850 4390 ue
1887 4337 2024 4403 φλιά
2060 4349 2116 4390 et
2159 4337 2283 4404 θριά
2318 4342 2617 4404 barytonos
2660 4342 2918 4405 scriptum
2956 4346 3058 4404 est,

485 4422 653 4471 quare
691 4406 829 4457 nihil
865 4422 933 4456 ex
970 4422 1035 4457 eo
1073 4406 1139 4457 de
1175 4413 1406 4459 accentu
1440 4408 1738 4460 concluden
1780 4423 1866 4456 um
1905 4412 1963 4457 at
2002 4422 2069 4458 ue
2106 4409 2293 4473 potius
2325 4423 2446 4457 oum
2469 4406 2745 4470 Hesychio
2778 4405 2900 4458 ςτιά
2934 4410 3062 4459 scri-

484 4473 720 4525 bendum
753 4474 953 4525 iudico.
1026 4472 1146 4525 ςκιά
1180 4477 1413 4541 apposui
1449 4492 1515 4527 ex
1551 4477 1819 4540 Theogn„
1858 4472 1952 4525 (κι
2027 4490 2095 4524 ex
2132 4476 2215 4527 St.
2242 4476 2321 4536 Β.,
2360 4473 2505 4527 Φθία
2542 4474 2761 4538 explevi
2797 4490 2866 4524 ex
2891 4476 2971 4526 St.
2998 4476 3061 4526 B.

484 4538 606 4592 Θεία
640 4541 830 4592 addidi
867 4556 934 4591 ex
968 4541 1242 4606 Theogn„
1287 4541 1377 4593 δῖα
1420 4551 1476 4596 et
1520 4541 1579 4594 ἴα
1615 4540 1711 4605 μία
1757 4557 1824 4590 ex
1867 4540 2054 4591 Dichr.
2093 4545 2218 4604 290,
2255 4545 2322 4593 24
2365 4548 2423 4592 et
2457 4541 2702 4606 Theogn.
2743 4544 2865 4605 105,
2904 4545 2969 4593 14
3001 4541 3060 4594 ἴα

485 4608 575 4659 καί
612 4610 950 4674 πλεοναςμῷ
984 4611 1088 4660 τοῦ
1126 4610 1163 4671 ιῖι
1201 4606 1319 4672 pta·
1356 4609 1543 4661 οὕτως
1569 4609 1629 4660 Ἡ
1671 4606 1912 4659 ωδιανὸς
1948 4606 2011 4685 ἐγ
2034 4611 2105 4675 τῇ
2143 4609 2405 4661 καθόλου.
2445 4610 2568 4659 Hoc
2593 4613 2781 4659 autem
2813 4609 2931 4660 looo
2967 4612 3060 4661 ab·

485 4690 721 4728 normem
764 4681 1049 4729 accentum
1084 4677 1466 4728 femininorum
1502 4677 1591 4729 δῑα
1648 4690 1685 4727 α
1729 4673 1825 4739 μία
1860 4682 2217 4727 memoratum
2259 4678 2432 4728 fuisse
2469 4693 2537 4727 ex
2569 4676 2667 4738 iis,
2714 4693 2853 4742 quae
2889 4678 3061 4728 Lehr·

491 4745 602 4796 sius
636 4762 686 4815 p.
724 4748 824 4799 358
862 4744 1078 4808 attulit,
1118 4747 1417 4796 coniectari
1450 4745 1593 4796 licet.
1664 4741 1773 4795 Δῑα
1808 4744 2089 4808 proprium
2128 4760 2194 4795 ex
2233 4745 2313 4795 St.
2351 4745 2414 4798 B.
2450 4745 2704 4811 apposui.
