<?xml version="1.0" encoding="UTF-8"?>
<!DOCTYPE html PUBLIC "-//W3C//DTD XHTML 1.0 Transitional//EN"
    "http://www.w3.org/TR/xhtml1/DTD/xhtml1-transitional.dtd">
<html xmlns="http://www.w3.org/1999/xhtml" xml:lang="en" lang="en">
 <head>
  <title>
</title>
<meta http-equiv="Content-Type" content="text/html;charset=utf-8" />
  <meta name='ocr-system' content='tesseract 3.04.00' />
  <meta name='ocr-capabilities' content='ocr_page ocr_carea ocr_par ocr_line ocrx_word'/>
</head>
<body>
  <div class='ocr_page' id='page_1' title='image "./grammaticigraec02unkngoog_0660.png"; bbox 0 0 3664 5546; ppageno 0'>
   <div class='ocr_carea' id='block_1_1' title="bbox 2161 270 2196 287">
    <p class='ocr_par' dir='ltr' id='par_1_1' title="bbox 2161 270 2196 287">
     <span class='ocr_line' id='line_1_1' title="bbox 2161 270 2196 287; baseline 0 -5"><span class='ocrx_word' id='word_1_1' title='bbox 2161 270 2196 287; x_wconf 49' lang='grc' dir='ltr'><em>κ</em></span> 
     </span>
    </p>
   </div>
   <div class='ocr_carea' id='block_1_2' title="bbox 642 350 2292 455">
    <p class='ocr_par' dir='ltr' id='par_1_2' title="bbox 642 350 2292 455">
     <span class='ocr_line' id='line_1_2' title="bbox 642 350 2292 455; baseline -0.007 0"><span class='ocrx_word' id='word_1_2' title='bbox 642 393 769 455; x_wconf 81' lang='grc'>414</span> <span class='ocrx_word' id='word_1_3' title='bbox 1412 350 1433 371; x_wconf 45' lang='lat' dir='ltr'><em>l</em></span> <span class='ocrx_word' id='word_1_4' title='bbox 1578 392 1660 446; x_wconf 88' lang='grc' dir='ltr'>ΕΚ</span> <span class='ocrx_word' id='word_1_5' title='bbox 1697 391 1838 445; x_wconf 89' lang='grc' dir='ltr'>ΤΩΝ</span> <span class='ocrx_word' id='word_1_6' title='bbox 1882 391 2292 446; x_wconf 87' lang='grc' dir='ltr'>ΗΡΩΔΙΑΝΟΥ</span> 
     </span>
    </p>
   </div>
   <div class='ocr_carea' id='block_1_3' title="bbox 544 561 3232 1557">
    <p class='ocr_par' dir='ltr' id='par_1_3' title="bbox 641 561 3232 643">
     <span class='ocr_line' id='line_1_3' title="bbox 641 561 3232 643; baseline 0.001 -19"><span class='ocrx_word' id='word_1_7' title='bbox 641 567 773 626; x_wconf 88' lang='grc' dir='ltr'>τῶν</span> <span class='ocrx_word' id='word_1_8' title='bbox 819 561 905 625; x_wconf 89' lang='grc' dir='ltr'>εἰς</span> <span class='ocrx_word' id='word_1_9' title='bbox 950 567 1033 639; x_wconf 58' lang='grc' dir='ltr'>νῆ</span> <span class='ocrx_word' id='word_1_10' title='bbox 1076 564 1368 639; x_wconf 85' lang='grc' dir='ltr'>θηλυκῶν</span> <span class='ocrx_word' id='word_1_11' title='bbox 1414 562 1596 640; x_wconf 91' lang='grc' dir='ltr'>φύςει</span> <span class='ocrx_word' id='word_1_12' title='bbox 1645 567 1849 643; x_wconf 85' lang='grc' dir='ltr'>μακρᾷ</span> <span class='ocrx_word' id='word_1_13' title='bbox 1893 561 2444 639; x_wconf 85' lang='grc' dir='ltr'>παραληγομένων</span> <span class='ocrx_word' id='word_1_14' title='bbox 2490 562 3075 641; x_wconf 84' lang='grc' dir='ltr'>μεταπεπλαςμέναι</span> <span class='ocrx_word' id='word_1_15' title='bbox 3121 567 3232 628; x_wconf 88' lang='grc' dir='ltr'>δο-</span> 
     </span>
    </p>

    <p class='ocr_par' dir='ltr' id='par_1_4' title="bbox 640 660 3230 746">
     <span class='ocr_line' id='line_1_4' title="bbox 640 660 3230 746; baseline 0.002 -21"><span class='ocrx_word' id='word_1_16' title='bbox 640 664 802 727; x_wconf 87' lang='grc' dir='ltr'>τικαὶ</span> <span class='ocrx_word' id='word_1_17' title='bbox 856 665 1414 741; x_wconf 84' lang='grc' dir='ltr'>προπεριςπῶνται</span> <span class='ocrx_word' id='word_1_18' title='bbox 1472 660 1617 727; x_wconf 81' lang='grc' dir='ltr'>οῖον</span> <span class='ocrx_word' id='word_1_19' title='bbox 1673 663 1896 746; x_wconf 82' lang='grc' dir='ltr'>ὑςμίνῃ</span> <span class='ocrx_word' id='word_1_20' title='bbox 1953 663 2210 741; x_wconf 85' lang='grc' dir='ltr'>ὑςμῖνι</span> <span class='ocrx_word' id='word_1_21' title='bbox 2265 662 2585 741; x_wconf 84' lang='grc' dir='ltr'>«μέμαςαν</span> <span class='ocrx_word' id='word_1_22' title='bbox 2630 664 2701 726; x_wconf 86' lang='grc' dir='ltr'>δὲ</span> <span class='ocrx_word' id='word_1_23' title='bbox 2745 663 2845 726; x_wconf 81' lang='grc' dir='ltr'>καὶ</span> <span class='ocrx_word' id='word_1_24' title='bbox 2889 662 2978 729; x_wconf 83' lang='grc' dir='ltr'>ὧς</span> <span class='ocrx_word' id='word_1_25' title='bbox 3024 664 3230 743; x_wconf 84' lang='grc' dir='ltr'>ὑςμῖνι</span> 
     </span>
    </p>

    <p class='ocr_par' dir='ltr' id='par_1_5' title="bbox 643 762 3232 847">
     <span class='ocr_line' id='line_1_5' title="bbox 643 762 3232 847; baseline 0 -18"><span class='ocrx_word' id='word_1_26' title='bbox 643 765 984 843; x_wconf 85' lang='grc' dir='ltr'>μάχεςθαι»</span> <span class='ocrx_word' id='word_1_27' title='bbox 1033 764 1115 845; x_wconf 87' lang='grc' dir='ltr'>(Θ</span> <span class='ocrx_word' id='word_1_28' title='bbox 1160 762 1305 846; x_wconf 79' lang='lat'>56),</span> <span class='ocrx_word' id='word_1_29' title='bbox 1359 765 1660 847; x_wconf 84' lang='grc' dir='ltr'>Δωδώνῃ</span> <span class='ocrx_word' id='word_1_30' title='bbox 1704 765 2040 847; x_wconf 22' lang='grc' dir='ltr'>Δωκδῶνι</span> <span class='ocrx_word' id='word_1_31' title='bbox 2101 765 2425 828; x_wconf 80' lang='grc' dir='ltr'>«Δωδῶνι</span> <span class='ocrx_word' id='word_1_32' title='bbox 2480 764 2680 828; x_wconf 88' lang='grc' dir='ltr'>ναίων</span> <span class='ocrx_word' id='word_1_33' title='bbox 2724 764 2889 830; x_wconf 88' lang='grc' dir='ltr'>Ζεὺς</span> <span class='ocrx_word' id='word_1_34' title='bbox 2944 765 3232 845; x_wconf 84' lang='grc' dir='ltr'>ὁμὲςτιος</span> 
     </span>
    </p>

    <p class='ocr_par' dir='ltr' id='par_1_6' title="bbox 644 864 3230 945">
     <span class='ocr_line' id='line_1_6' title="bbox 644 864 3230 945; baseline 0.001 -16"><span class='ocrx_word' id='word_1_35' title='bbox 644 870 950 945; x_wconf 78' lang='grc' dir='ltr'>βροτῶν».</span> <span class='ocrx_word' id='word_1_36' title='bbox 1017 865 1055 929; x_wconf 90' lang='grc' dir='ltr'>ὁ</span> <span class='ocrx_word' id='word_1_37' title='bbox 1101 865 1437 944; x_wconf 78' lang='grc' dir='ltr'>(οφοκλῆς</span> <span class='ocrx_word' id='word_1_38' title='bbox 1482 865 1765 930; x_wconf 85' lang='grc' dir='ltr'>Ὀδυςςεῑ</span> <span class='ocrx_word' id='word_1_39' title='bbox 1809 864 2245 942; x_wconf 87' lang='grc' dir='ltr'>ἀκανθοπλῆγι</span> <span class='ocrx_word' id='word_1_40' title='bbox 2296 866 2438 928; x_wconf 84' lang='grc' dir='ltr'>«καὶ</span> <span class='ocrx_word' id='word_1_41' title='bbox 2478 866 2595 930; x_wconf 87' lang='grc' dir='ltr'>τὸν</span> <span class='ocrx_word' id='word_1_42' title='bbox 2642 865 2713 930; x_wconf 79' lang='grc' dir='ltr'>ἐν</span> <span class='ocrx_word' id='word_1_43' title='bbox 2742 867 3023 931; x_wconf 83' lang='grc' dir='ltr'>Δωδῶνι</span> <span class='ocrx_word' id='word_1_44' title='bbox 3070 870 3230 931; x_wconf 87' lang='grc' dir='ltr'>παῦ-</span> 
     </span>
    </p>

    <p class='ocr_par' dir='ltr' id='par_1_7' title="bbox 580 964 3232 1051">
     <span class='ocr_line' id='line_1_7' title="bbox 580 964 3232 1051; baseline -0 -20"><span class='ocrx_word' id='word_1_45' title='bbox 580 976 613 1026; x_wconf 82' lang='grc'>5</span> <span class='ocrx_word' id='word_1_46' title='bbox 646 987 758 1031; x_wconf 92' lang='grc' dir='ltr'>ςον</span> <span class='ocrx_word' id='word_1_47' title='bbox 817 967 1077 1046; x_wconf 83' lang='grc' dir='ltr'>δαίμον’</span> <span class='ocrx_word' id='word_1_48' title='bbox 1121 965 1641 1046; x_wconf 75' lang='grc' dir='ltr'>εὐλογούμενον»</span> <span class='ocrx_word' id='word_1_49' title='bbox 1700 965 1810 1048; x_wconf 87' lang='lat' dir='ltr'><strong>(fr.</strong></span> <span class='ocrx_word' id='word_1_50' title='bbox 1865 965 1994 1030; x_wconf 87' lang='lat'>415</span> <span class='ocrx_word' id='word_1_51' title='bbox 2038 964 2303 1048; x_wconf 82' lang='lat' dir='ltr'><strong>Nauck)</strong></span> <span class='ocrx_word' id='word_1_52' title='bbox 2358 967 2461 1031; x_wconf 84' lang='grc' dir='ltr'>καὶ</span> <span class='ocrx_word' id='word_1_53' title='bbox 2517 968 2588 1032; x_wconf 83' lang='grc' dir='ltr'>ἐν</span> <span class='ocrx_word' id='word_1_54' title='bbox 2632 967 2993 1046; x_wconf 72' lang='grc' dir='ltr'>Τραχινίαις</span> <span class='ocrx_word' id='word_1_55' title='bbox 3048 968 3232 1051; x_wconf 85' lang='grc'>(170)</span> 
     </span>
    </p>

    <p class='ocr_par' dir='ltr' id='par_1_8' title="bbox 644 1068 3228 1147">
     <span class='ocr_line' id='line_1_8' title="bbox 644 1068 3228 1147; baseline 0.001 -15"><span class='ocrx_word' id='word_1_56' title='bbox 644 1068 777 1132; x_wconf 82' lang='grc' dir='ltr'>«ὡς</span> <span class='ocrx_word' id='word_1_57' title='bbox 831 1069 947 1146; x_wconf 86' lang='grc' dir='ltr'>τὴν</span> <span class='ocrx_word' id='word_1_58' title='bbox 1005 1069 1286 1132; x_wconf 86' lang='grc' dir='ltr'>παλαιὰν</span> <span class='ocrx_word' id='word_1_59' title='bbox 1342 1068 1558 1147; x_wconf 88' lang='grc' dir='ltr'>φηγὸν</span> <span class='ocrx_word' id='word_1_60' title='bbox 1614 1068 1879 1145; x_wconf 86' lang='grc' dir='ltr'>αύδῆςαί</span> <span class='ocrx_word' id='word_1_61' title='bbox 1934 1088 2091 1134; x_wconf 90' lang='grc' dir='ltr'>ποτε</span> <span class='ocrx_word' id='word_1_62' title='bbox 2146 1069 2430 1133; x_wconf 87' lang='grc' dir='ltr'>Δωδῶνι</span> <span class='ocrx_word' id='word_1_63' title='bbox 2487 1073 2713 1133; x_wconf 87' lang='grc' dir='ltr'>διςςῶν</span> <span class='ocrx_word' id='word_1_64' title='bbox 2758 1068 2827 1132; x_wconf 83' lang='grc' dir='ltr'>ἐκ</span> <span class='ocrx_word' id='word_1_65' title='bbox 2870 1070 3228 1135; x_wconf 80' lang='grc' dir='ltr'>πελειάδων</span> 
     </span>
    </p>

    <p class='ocr_par' dir='ltr' id='par_1_9' title="bbox 642 1168 3229 1348">
     <span class='ocr_line' id='line_1_9' title="bbox 642 1168 3229 1288; baseline 0.002 -56"><span class='ocrx_word' id='word_1_66' title='bbox 642 1168 812 1248; x_wconf 78' lang='grc' dir='ltr'>ἔφη»</span> <span class='ocrx_word' id='word_1_67' title='bbox 873 1169 977 1233; x_wconf 87' lang='grc' dir='ltr'>καὶ</span> <span class='ocrx_word' id='word_1_68' title='bbox 1035 1168 1430 1249; x_wconf 90' lang='grc' dir='ltr'>Καλλίμαχος</span> <span class='ocrx_word' id='word_1_69' title='bbox 1490 1170 1655 1235; x_wconf 79' lang='grc' dir='ltr'>«τὸν</span> <span class='ocrx_word' id='word_1_70' title='bbox 1710 1170 1780 1234; x_wconf 85' lang='grc' dir='ltr'>ἐν</span> <span class='ocrx_word' id='word_1_71' title='bbox 1836 1171 2117 1235; x_wconf 89' lang='grc' dir='ltr'>Δωδῶνι</span> <span class='ocrx_word' id='word_1_72' title='bbox 2182 1170 2358 1288; x_wconf 84' lang='grc' dir='ltr'>λέγοι</span> <span class='ocrx_word' id='word_1_73' title='bbox 2424 1170 2627 1249; x_wconf 91' lang='grc' dir='ltr'>μόνον</span> <span class='ocrx_word' id='word_1_74' title='bbox 2690 1168 2926 1235; x_wconf 86' lang='grc' dir='ltr'>οὕνεκα</span> <span class='ocrx_word' id='word_1_75' title='bbox 2986 1172 3229 1249; x_wconf 87' lang='grc' dir='ltr'>χαλκὸν</span> 
     </span>
     <span class='ocr_line' id='line_1_10' title="bbox 642 1270 958 1348; baseline 0.003 -14"><span class='ocrx_word' id='word_1_76' title='bbox 642 1270 958 1348; x_wconf 79' lang='grc' dir='ltr'>ἤγειρον»</span> 
     </span>
    </p>

    <p class='ocr_par' dir='ltr' id='par_1_10' title="bbox 811 1371 3228 1454">
     <span class='ocr_line' id='line_1_11' title="bbox 811 1371 3228 1454; baseline 0.001 -18.025"><span class='ocrx_word' id='word_1_77' title='bbox 811 1371 1084 1452; x_wconf 87' lang='grc' dir='ltr'>Ὁμοίως</span> <span class='ocrx_word' id='word_1_78' title='bbox 1128 1372 1230 1437; x_wconf 89' lang='grc' dir='ltr'>καὶ</span> <span class='ocrx_word' id='word_1_79' title='bbox 1274 1372 1339 1437; x_wconf 78' lang='grc' dir='ltr'>αἱ</span> <span class='ocrx_word' id='word_1_80' title='bbox 1382 1373 1795 1451; x_wconf 79' lang='grc' dir='ltr'>πληθυντικαὶ</span> <span class='ocrx_word' id='word_1_81' title='bbox 1840 1374 2427 1454; x_wconf 84' lang='grc' dir='ltr'>μεταπεπλαςμέναι</span> <span class='ocrx_word' id='word_1_82' title='bbox 2485 1372 2573 1438; x_wconf 89' lang='grc' dir='ltr'>εἰς</span> <span class='ocrx_word' id='word_1_83' title='bbox 2617 1378 2671 1437; x_wconf 75' lang='grc' dir='ltr'>ῖι</span> <span class='ocrx_word' id='word_1_84' title='bbox 2724 1376 3025 1451; x_wconf 88' lang='grc' dir='ltr'>λήγουςαι</span> <span class='ocrx_word' id='word_1_85' title='bbox 3069 1394 3228 1452; x_wconf 75' lang='grc' dir='ltr'>προ·</span> 
     </span>
    </p>

    <p class='ocr_par' dir='ltr' id='par_1_11' title="bbox 544 1473 3228 1557">
     <span class='ocr_line' id='line_1_12' title="bbox 544 1473 3228 1557; baseline 0.002 -24"><span class='ocrx_word' id='word_1_86' title='bbox 544 1483 607 1535; x_wconf 86' lang='grc' dir='ltr'>ιο</span> <span class='ocrx_word' id='word_1_87' title='bbox 641 1473 1115 1553; x_wconf 87' lang='grc' dir='ltr'>παροξύνονται</span> <span class='ocrx_word' id='word_1_88' title='bbox 1148 1473 1447 1549; x_wconf 84' lang='grc' dir='ltr'>ἐγκάτοις</span> <span class='ocrx_word' id='word_1_89' title='bbox 1481 1474 1780 1555; x_wconf 83' lang='grc' dir='ltr'>ἔγκαςι,</span> <span class='ocrx_word' id='word_1_90' title='bbox 1824 1474 2078 1553; x_wconf 85' lang='grc' dir='ltr'>ἄςτροις</span> <span class='ocrx_word' id='word_1_91' title='bbox 2107 1475 2455 1557; x_wconf 88' lang='grc' dir='ltr'>ἄςτραςι,</span> <span class='ocrx_word' id='word_1_92' title='bbox 2503 1475 2852 1555; x_wconf 74' lang='grc' dir='ltr'>προβάτοις</span> <span class='ocrx_word' id='word_1_93' title='bbox 2879 1476 3228 1557; x_wconf 91' lang='grc' dir='ltr'>πρόβαςι.</span> 
     </span>
    </p>
   </div>
   <div class='ocr_carea' id='block_1_4' title="bbox 1211 1626 2669 1705">
    <p class='ocr_par' dir='ltr' id='par_1_12' title="bbox 1211 1626 2669 1705">
     <span class='ocr_line' id='line_1_13' title="bbox 1211 1626 2669 1705; baseline 0.001 -15"><span class='ocrx_word' id='word_1_94' title='bbox 1211 1626 1402 1705; x_wconf 84' lang='grc' dir='ltr'>Περὶ</span> <span class='ocrx_word' id='word_1_95' title='bbox 1446 1626 1687 1693; x_wconf 87' lang='grc' dir='ltr'>τόνου</span> <span class='ocrx_word' id='word_1_96' title='bbox 1729 1629 1865 1705; x_wconf 87' lang='grc' dir='ltr'>τῆς</span> <span class='ocrx_word' id='word_1_97' title='bbox 1911 1627 2172 1705; x_wconf 88' lang='grc' dir='ltr'>ἑνικῆς</span> <span class='ocrx_word' id='word_1_98' title='bbox 2217 1627 2669 1705; x_wconf 89' lang='grc' dir='ltr'>αἰτιατικῆς.</span> 
     </span>
    </p>
   </div>
   <div class='ocr_carea' id='block_1_5' title="bbox 540 1744 3229 2842">
    <p class='ocr_par' dir='ltr' id='par_1_13' title="bbox 643 1744 3229 2031">
     <span class='ocr_line' id='line_1_14' title="bbox 811 1744 3227 1829; baseline 0.001 -20"><span class='ocrx_word' id='word_1_99' title='bbox 811 1745 885 1809; x_wconf 85' lang='grc' dir='ltr'>Αἱ</span> <span class='ocrx_word' id='word_1_100' title='bbox 929 1744 1258 1809; x_wconf 85' lang='grc' dir='ltr'>αἰτιατικαὶ</span> <span class='ocrx_word' id='word_1_101' title='bbox 1301 1744 1495 1822; x_wconf 80' lang='grc' dir='ltr'>ἑνικαὶ</span> <span class='ocrx_word' id='word_1_102' title='bbox 1541 1746 1628 1810; x_wconf 90' lang='grc' dir='ltr'>εἰς</span> <span class='ocrx_word' id='word_1_103' title='bbox 1672 1749 1714 1809; x_wconf 86' lang='grc' dir='ltr'>ἇ</span> <span class='ocrx_word' id='word_1_104' title='bbox 1759 1747 2021 1824; x_wconf 89' lang='grc' dir='ltr'>λήγουςι</span> <span class='ocrx_word' id='word_1_105' title='bbox 2065 1747 2104 1824; x_wconf 80' lang='grc' dir='ltr'>ἢ</span> <span class='ocrx_word' id='word_1_106' title='bbox 2151 1745 2239 1810; x_wconf 88' lang='grc' dir='ltr'>εἰς</span> <span class='ocrx_word' id='word_1_107' title='bbox 2283 1749 2353 1829; x_wconf 70' lang='grc' dir='ltr'>ν,</span> <span class='ocrx_word' id='word_1_108' title='bbox 2400 1745 2667 1811; x_wconf 85' lang='grc' dir='ltr'>ἀπαθεῖς</span> <span class='ocrx_word' id='word_1_109' title='bbox 2711 1745 2909 1810; x_wconf 84' lang='grc' dir='ltr'>οὖςαι.</span> <span class='ocrx_word' id='word_1_110' title='bbox 2996 1747 3069 1810; x_wconf 77' lang='grc' dir='ltr'>Αἱ</span> <span class='ocrx_word' id='word_1_111' title='bbox 3112 1749 3227 1826; x_wconf 78' lang='grc' dir='ltr'>μὲν</span> 
     </span>
     <span class='ocr_line' id='line_1_15' title="bbox 644 1846 3229 1936; baseline -0 -24"><span class='ocrx_word' id='word_1_112' title='bbox 644 1847 765 1912; x_wconf 84' lang='grc' dir='ltr'>οὖν</span> <span class='ocrx_word' id='word_1_113' title='bbox 822 1847 910 1912; x_wconf 88' lang='grc' dir='ltr'>εἰς</span> <span class='ocrx_word' id='word_1_114' title='bbox 967 1851 1007 1909; x_wconf 86' lang='grc' dir='ltr'>ἇ</span> <span class='ocrx_word' id='word_1_115' title='bbox 1066 1847 1365 1923; x_wconf 86' lang='grc' dir='ltr'>λήγουςαι</span> <span class='ocrx_word' id='word_1_116' title='bbox 1421 1846 1529 1910; x_wconf 82' lang='grc' dir='ltr'>ἐπ’</span> <span class='ocrx_word' id='word_1_117' title='bbox 1574 1846 1825 1936; x_wconf 15' lang='grc' dir='ltr'>ἐκείνης.</span> <span class='ocrx_word' id='word_1_118' title='bbox 1868 1851 1978 1926; x_wconf 85' lang='grc' dir='ltr'>τῆς</span> <span class='ocrx_word' id='word_1_119' title='bbox 2035 1851 2345 1928; x_wconf 86' lang='grc' dir='ltr'>ςυλλαβῆς</span> <span class='ocrx_word' id='word_1_120' title='bbox 2398 1846 2612 1925; x_wconf 83' lang='grc' dir='ltr'>ἔχουςι</span> <span class='ocrx_word' id='word_1_121' title='bbox 2667 1848 2784 1912; x_wconf 86' lang='grc' dir='ltr'>τὸν</span> <span class='ocrx_word' id='word_1_122' title='bbox 2828 1848 3058 1930; x_wconf 84' lang='grc' dir='ltr'>τόνον,</span> <span class='ocrx_word' id='word_1_123' title='bbox 3113 1848 3229 1928; x_wconf 83' lang='grc' dir='ltr'>ἐφ’</span> 
     </span>
     <span class='ocr_line' id='line_1_16' title="bbox 643 1947 3227 2031; baseline 0 -18"><span class='ocrx_word' id='word_1_124' title='bbox 643 1948 719 2027; x_wconf 87' lang='grc' dir='ltr'>ἧς</span> <span class='ocrx_word' id='word_1_125' title='bbox 777 1949 880 2012; x_wconf 88' lang='grc' dir='ltr'>καὶ</span> <span class='ocrx_word' id='word_1_126' title='bbox 936 1949 974 2025; x_wconf 88' lang='grc' dir='ltr'>ἡ</span> <span class='ocrx_word' id='word_1_127' title='bbox 1034 1947 1279 2030; x_wconf 87' lang='grc' dir='ltr'>εὐθεῖα,</span> <span class='ocrx_word' id='word_1_128' title='bbox 1338 1948 1391 2010; x_wconf 86' lang='grc' dir='ltr'>εἰ</span> <span class='ocrx_word' id='word_1_129' title='bbox 1448 1950 1529 2027; x_wconf 90' lang='grc' dir='ltr'>μὴ</span> <span class='ocrx_word' id='word_1_130' title='bbox 1580 1951 1838 2013; x_wconf 89' lang='grc' dir='ltr'>τονικόν</span> <span class='ocrx_word' id='word_1_131' title='bbox 1893 1949 2131 2013; x_wconf 85' lang='grc' dir='ltr'>κωλύοι</span> <span class='ocrx_word' id='word_1_132' title='bbox 2187 1949 2619 2029; x_wconf 89' lang='grc' dir='ltr'>παράγγελμα.</span> <span class='ocrx_word' id='word_1_133' title='bbox 2706 1947 2860 2013; x_wconf 88' lang='grc' dir='ltr'>Αἴας</span> <span class='ocrx_word' id='word_1_134' title='bbox 2902 1948 3227 2031; x_wconf 87' lang='grc' dir='ltr'>Αἴαντα,</span> 
     </span>
    </p>

    <p class='ocr_par' dir='ltr' id='par_1_14' title="bbox 548 2050 3228 2534">
     <span class='ocr_line' id='line_1_17' title="bbox 548 2050 3228 2133; baseline 0.001 -21"><span class='ocrx_word' id='word_1_135' title='bbox 548 2074 605 2124; x_wconf 81' lang='lat'>15</span> <span class='ocrx_word' id='word_1_136' title='bbox 643 2050 765 2128; x_wconf 91' lang='grc' dir='ltr'>μήν</span> <span class='ocrx_word' id='word_1_137' title='bbox 811 2052 1044 2132; x_wconf 84' lang='grc' dir='ltr'>μῆνα,</span> <span class='ocrx_word' id='word_1_138' title='bbox 1091 2050 1298 2127; x_wconf 89' lang='grc' dir='ltr'>ςωτήρ</span> <span class='ocrx_word' id='word_1_139' title='bbox 1344 2052 1666 2127; x_wconf 88' lang='grc' dir='ltr'>ςωτῆρα.</span> <span class='ocrx_word' id='word_1_140' title='bbox 1754 2050 1859 2114; x_wconf 81' lang='grc' dir='ltr'>ἐπὶ</span> <span class='ocrx_word' id='word_1_141' title='bbox 1915 2052 1986 2115; x_wconf 81' lang='grc' dir='ltr'>δὲ</span> <span class='ocrx_word' id='word_1_142' title='bbox 2031 2054 2148 2115; x_wconf 86' lang='grc' dir='ltr'>τοῦ</span> <span class='ocrx_word' id='word_1_143' title='bbox 2194 2052 2466 2115; x_wconf 88' lang='grc' dir='ltr'>Ἄδωνις</span> <span class='ocrx_word' id='word_1_144' title='bbox 2510 2050 2915 2133; x_wconf 85' lang='grc' dir='ltr'>Ἀδώνιδα,</span> <span class='ocrx_word' id='word_1_145' title='bbox 2972 2051 3228 2130; x_wconf 80' lang='grc' dir='ltr'>Ἀθηνις</span> 
     </span>
     <span class='ocr_line' id='line_1_18' title="bbox 644 2150 3227 2232; baseline 0.001 -19"><span class='ocrx_word' id='word_1_146' title='bbox 644 2151 1003 2228; x_wconf 86' lang='grc' dir='ltr'>Ἀθήνιδα</span> <span class='ocrx_word' id='word_1_147' title='bbox 1059 2151 1163 2214; x_wconf 86' lang='grc' dir='ltr'>διὰ</span> <span class='ocrx_word' id='word_1_148' title='bbox 1216 2150 1292 2214; x_wconf 88' lang='grc' dir='ltr'>τὸ</span> <span class='ocrx_word' id='word_1_149' title='bbox 1349 2151 1431 2229; x_wconf 83' lang='grc' dir='ltr'>μὴ</span> <span class='ocrx_word' id='word_1_150' title='bbox 1487 2151 1615 2228; x_wconf 88' lang='grc' dir='ltr'>πρὸ</span> <span class='ocrx_word' id='word_1_151' title='bbox 1660 2158 1855 2229; x_wconf 84' lang='grc' dir='ltr'>τριῶν</span> <span class='ocrx_word' id='word_1_152' title='bbox 1901 2152 2151 2217; x_wconf 87' lang='grc' dir='ltr'>πίπτειν</span> <span class='ocrx_word' id='word_1_153' title='bbox 2196 2153 2356 2216; x_wconf 80' lang='grc' dir='ltr'>ποτὲ</span> <span class='ocrx_word' id='word_1_154' title='bbox 2410 2152 2525 2217; x_wconf 87' lang='grc' dir='ltr'>τὸν</span> <span class='ocrx_word' id='word_1_155' title='bbox 2579 2150 2777 2215; x_wconf 89' lang='grc' dir='ltr'>τόνον</span> <span class='ocrx_word' id='word_1_156' title='bbox 2822 2153 3227 2232; x_wconf 87' lang='grc' dir='ltr'>κατεβιβάςθη</span> 
     </span>
     <span class='ocr_line' id='line_1_19' title="bbox 644 2251 3227 2337; baseline -0 -22"><span class='ocrx_word' id='word_1_157' title='bbox 644 2252 959 2331; x_wconf 91' lang='grc' dir='ltr'>ςυλλαβὴν</span> <span class='ocrx_word' id='word_1_158' title='bbox 1007 2251 1044 2314; x_wconf 89' lang='grc' dir='ltr'>ὁ</span> <span class='ocrx_word' id='word_1_159' title='bbox 1088 2252 1297 2315; x_wconf 89' lang='grc' dir='ltr'>τόνος.</span> <span class='ocrx_word' id='word_1_160' title='bbox 1362 2252 1556 2315; x_wconf 91' lang='grc' dir='ltr'>πάλιν</span> <span class='ocrx_word' id='word_1_161' title='bbox 1602 2253 1676 2316; x_wconf 90' lang='grc' dir='ltr'>τὸ</span> <span class='ocrx_word' id='word_1_162' title='bbox 1722 2256 2056 2328; x_wconf 84' lang='grc' dir='ltr'>γυναῖκα</span> <span class='ocrx_word' id='word_1_163' title='bbox 2103 2256 2413 2329; x_wconf 82' lang='grc' dir='ltr'>«γυναῖκα</span> <span class='ocrx_word' id='word_1_164' title='bbox 2442 2253 2674 2337; x_wconf 81' lang='grc' dir='ltr'>θήςατο</span> <span class='ocrx_word' id='word_1_165' title='bbox 2720 2253 2958 2330; x_wconf 83' lang='grc' dir='ltr'>μαζόν»</span> <span class='ocrx_word' id='word_1_166' title='bbox 3006 2251 3087 2333; x_wconf 89' lang='grc' dir='ltr'>(Ω</span> <span class='ocrx_word' id='word_1_167' title='bbox 3117 2251 3227 2333; x_wconf 87' lang='grc'>88)</span> 
     </span>
     <span class='ocr_line' id='line_1_20' title="bbox 643 2352 3227 2437; baseline 0.001 -21"><span class='ocrx_word' id='word_1_168' title='bbox 643 2354 1291 2434; x_wconf 86' lang='grc' dir='ltr'>προπεριςπώμενον,</span> <span class='ocrx_word' id='word_1_169' title='bbox 1354 2354 1506 2417; x_wconf 85' lang='grc' dir='ltr'>δέον</span> <span class='ocrx_word' id='word_1_170' title='bbox 1572 2353 2196 2437; x_wconf 88' lang='grc' dir='ltr'>προπαροξύνεςθαι,</span> <span class='ocrx_word' id='word_1_171' title='bbox 2265 2354 2401 2418; x_wconf 86' lang='grc' dir='ltr'>ἐπεὶ</span> <span class='ocrx_word' id='word_1_172' title='bbox 2464 2354 2564 2417; x_wconf 87' lang='grc' dir='ltr'>καὶ</span> <span class='ocrx_word' id='word_1_173' title='bbox 2627 2354 2666 2430; x_wconf 84' lang='grc' dir='ltr'>ἡ</span> <span class='ocrx_word' id='word_1_174' title='bbox 2733 2354 2951 2419; x_wconf 86' lang='grc' dir='ltr'>εὐθεῖα</span> <span class='ocrx_word' id='word_1_175' title='bbox 3003 2352 3227 2430; x_wconf 83' lang='grc' dir='ltr'>γύναιξ</span> 
     </span>
     <span class='ocr_line' id='line_1_21' title="bbox 643 2453 3228 2534; baseline 0 -17"><span class='ocrx_word' id='word_1_176' title='bbox 643 2455 1040 2533; x_wconf 86' lang='grc' dir='ltr'>παρωξύνθη.</span> <span class='ocrx_word' id='word_1_177' title='bbox 1111 2454 1495 2533; x_wconf 86' lang='grc' dir='ltr'>ςημειωτέον</span> <span class='ocrx_word' id='word_1_178' title='bbox 1542 2453 1662 2518; x_wconf 83' lang='grc' dir='ltr'>οὖν</span> <span class='ocrx_word' id='word_1_179' title='bbox 1708 2453 1882 2519; x_wconf 85' lang='grc' dir='ltr'>αὐτό.</span> <span class='ocrx_word' id='word_1_180' title='bbox 1956 2455 2055 2519; x_wconf 86' lang='grc' dir='ltr'>καὶ</span> <span class='ocrx_word' id='word_1_181' title='bbox 2100 2454 2194 2519; x_wconf 83' lang='grc' dir='ltr'>ἔτι</span> <span class='ocrx_word' id='word_1_182' title='bbox 2238 2457 2313 2520; x_wconf 88' lang='grc' dir='ltr'>τὸ</span> <span class='ocrx_word' id='word_1_183' title='bbox 2359 2456 2651 2534; x_wconf 84' lang='grc' dir='ltr'>μητέρα</span> <span class='ocrx_word' id='word_1_184' title='bbox 2693 2456 2793 2519; x_wconf 84' lang='grc' dir='ltr'>καὶ</span> <span class='ocrx_word' id='word_1_185' title='bbox 2838 2457 3228 2533; x_wconf 82' lang='grc' dir='ltr'>θυγατέρα</span> 
     </span>
    </p>

    <p class='ocr_par' dir='ltr' id='par_1_15' title="bbox 540 2555 3228 2842">
     <span class='ocr_line' id='line_1_22' title="bbox 540 2555 3227 2635; baseline 0.001 -16"><span class='ocrx_word' id='word_1_186' title='bbox 540 2582 607 2632; x_wconf 78' lang='lat'>20</span> <span class='ocrx_word' id='word_1_187' title='bbox 642 2557 1161 2634; x_wconf 82' lang='grc' dir='ltr'>παροξυνομένα·</span> <span class='ocrx_word' id='word_1_188' title='bbox 1218 2556 1347 2619; x_wconf 80' lang='grc' dir='ltr'>ἔδει</span> <span class='ocrx_word' id='word_1_189' title='bbox 1402 2556 1524 2633; x_wconf 87' lang='grc' dir='ltr'>γὰρ</span> <span class='ocrx_word' id='word_1_190' title='bbox 1584 2556 1674 2620; x_wconf 86' lang='grc' dir='ltr'>ὡς</span> <span class='ocrx_word' id='word_1_191' title='bbox 1730 2555 1835 2620; x_wconf 83' lang='grc' dir='ltr'>ἐπὶ</span> <span class='ocrx_word' id='word_1_192' title='bbox 1878 2560 1996 2620; x_wconf 83' lang='grc' dir='ltr'>τοῦ</span> <span class='ocrx_word' id='word_1_193' title='bbox 2040 2556 2317 2635; x_wconf 85' lang='grc' dir='ltr'>θυγάτηρ</span> <span class='ocrx_word' id='word_1_194' title='bbox 2362 2558 2464 2622; x_wconf 87' lang='grc' dir='ltr'>καὶ</span> <span class='ocrx_word' id='word_1_195' title='bbox 2518 2557 2733 2635; x_wconf 87' lang='grc' dir='ltr'>μήτηρ.</span> <span class='ocrx_word' id='word_1_196' title='bbox 2822 2556 2989 2620; x_wconf 89' lang='grc' dir='ltr'>ἀλλὰ</span> <span class='ocrx_word' id='word_1_197' title='bbox 3031 2557 3227 2621; x_wconf 91' lang='grc' dir='ltr'>πάλιν</span> 
     </span>
     <span class='ocr_line' id='line_1_23' title="bbox 641 2656 3228 2737; baseline 0.001 -17"><span class='ocrx_word' id='word_1_198' title='bbox 641 2661 839 2722; x_wconf 87' lang='grc' dir='ltr'>ταῦτα</span> <span class='ocrx_word' id='word_1_199' title='bbox 883 2660 1264 2734; x_wconf 84' lang='grc' dir='ltr'>ςυνεξῆλθον</span> <span class='ocrx_word' id='word_1_200' title='bbox 1309 2660 1446 2721; x_wconf 89' lang='grc' dir='ltr'>ταῖς</span> <span class='ocrx_word' id='word_1_201' title='bbox 1491 2661 1886 2734; x_wconf 89' lang='grc' dir='ltr'>ςυγγενικαῖς</span> <span class='ocrx_word' id='word_1_202' title='bbox 1930 2658 2141 2737; x_wconf 39' lang='grc' dir='ltr'>δαέρα,</span> <span class='ocrx_word' id='word_1_203' title='bbox 2172 2658 2416 2736; x_wconf 84' lang='grc' dir='ltr'>πατέρα</span> <span class='ocrx_word' id='word_1_204' title='bbox 2460 2656 2673 2734; x_wconf 85' lang='grc' dir='ltr'>ἀνέρα.</span> <span class='ocrx_word' id='word_1_205' title='bbox 2747 2659 2822 2721; x_wconf 89' lang='grc' dir='ltr'>τὸ</span> <span class='ocrx_word' id='word_1_206' title='bbox 2879 2659 2950 2721; x_wconf 80' lang='grc' dir='ltr'>δὲ</span> <span class='ocrx_word' id='word_1_207' title='bbox 2994 2658 3228 2733; x_wconf 87' lang='grc' dir='ltr'>θύγα-</span> 
     </span>
     <span class='ocr_line' id='line_1_24' title="bbox 641 2758 2396 2842; baseline 0.001 -20"><span class='ocrx_word' id='word_1_208' title='bbox 641 2780 677 2822; x_wconf 90' lang='grc' dir='ltr'>τ</span> <span class='ocrx_word' id='word_1_209' title='bbox 691 2778 782 2837; x_wconf 94' lang='grc' dir='ltr'>ρα</span> <span class='ocrx_word' id='word_1_210' title='bbox 828 2758 1219 2837; x_wconf 82' lang='grc' dir='ltr'>«λυςόμενός</span> <span class='ocrx_word' id='word_1_211' title='bbox 1262 2780 1329 2824; x_wconf 90' lang='grc' dir='ltr'>τε</span> <span class='ocrx_word' id='word_1_212' title='bbox 1375 2758 1696 2837; x_wconf 76' lang='grc' dir='ltr'>θύγατρα»</span> <span class='ocrx_word' id='word_1_213' title='bbox 1742 2759 1818 2840; x_wconf 89' lang='grc' dir='ltr'>(Α</span> <span class='ocrx_word' id='word_1_214' title='bbox 1869 2759 1974 2842; x_wconf 89' lang='grc'>13)</span> <span class='ocrx_word' id='word_1_215' title='bbox 2019 2759 2396 2841; x_wconf 80' lang='grc' dir='ltr'>ἀναβιβάζει.</span> 
     </span>
    </p>
   </div>
   <div class='ocr_carea' id='block_1_6' title="bbox 640 2883 1043 2891">
    <p class='ocr_par' dir='ltr' id='par_1_16' title="bbox 640 2883 1043 2891">
     <span class='ocr_line' id='line_1_25' title="bbox 640 2883 1043 2891; baseline 0 2655"><span class='ocrx_word' id='word_1_216' title='bbox 640 2883 1043 2891; x_wconf 95' lang='lat' dir='ltr'> </span> 
     </span>
    </p>
   </div>
   <div class='ocr_carea' id='block_1_7' title="bbox 537 2943 3228 4905">
    <p class='ocr_par' dir='ltr' id='par_1_17' title="bbox 537 2943 3228 4905">
     <span class='ocr_line' id='line_1_26' title="bbox 641 2943 3226 3011; baseline 0 -14"><span class='ocrx_word' id='word_1_217' title='bbox 641 2946 934 3009; x_wconf 85' lang='grc' dir='ltr'>γινώςκειν</span> <span class='ocrx_word' id='word_1_218' title='bbox 971 2947 1039 2998; x_wconf 88' lang='grc' dir='ltr'>τὸ</span> <span class='ocrx_word' id='word_1_219' title='bbox 1076 2943 1186 2997; x_wconf 89' lang='grc' dir='ltr'>λιτί</span> <span class='ocrx_word' id='word_1_220' title='bbox 1224 2945 1363 2996; x_wconf 86' lang='grc' dir='ltr'>κατὰ</span> <span class='ocrx_word' id='word_1_221' title='bbox 1400 2944 1505 2995; x_wconf 88' lang='grc' dir='ltr'>τὸν</span> <span class='ocrx_word' id='word_1_222' title='bbox 1541 2944 1753 2996; x_wconf 89' lang='grc' dir='ltr'>κανόνα</span> <span class='ocrx_word' id='word_1_223' title='bbox 1788 2948 1892 2996; x_wconf 80' lang='grc' dir='ltr'>τοῦ</span> <span class='ocrx_word' id='word_1_224' title='bbox 1933 2945 2290 3010; x_wconf 21' lang='grc' dir='ltr'>ἫΗρωδιανοΟ</span> <span class='ocrx_word' id='word_1_225' title='bbox 2358 2948 2506 2997; x_wconf 84' lang='grc' dir='ltr'>πᾶςα</span> <span class='ocrx_word' id='word_1_226' title='bbox 2541 2946 2733 3011; x_wconf 87' lang='grc' dir='ltr'>δοτικὴ</span> <span class='ocrx_word' id='word_1_227' title='bbox 2771 2945 3094 3010; x_wconf 86' lang='grc' dir='ltr'>διςύλλαβος</span> <span class='ocrx_word' id='word_1_228' title='bbox 3130 2945 3226 2998; x_wconf 79' lang='grc' dir='ltr'>ἐπὶ</span> 
     </span>
     <span class='ocr_line' id='line_1_27' title="bbox 642 3011 3224 3132; baseline -0 -66"><span class='ocrx_word' id='word_1_229' title='bbox 642 3013 945 3077; x_wconf 82' lang='grc' dir='ltr'>ὀνομάτων</span> <span class='ocrx_word' id='word_1_230' title='bbox 990 3014 1278 3132; x_wconf 73' lang='grc' dir='ltr'>ὀξύνεςψθαι</span> <span class='ocrx_word' id='word_1_231' title='bbox 1326 3012 1504 3075; x_wconf 84' lang='grc' dir='ltr'>θέλει,</span> <span class='ocrx_word' id='word_1_232' title='bbox 1553 3011 1733 3076; x_wconf 87' lang='grc' dir='ltr'>φωτί,</span> <span class='ocrx_word' id='word_1_233' title='bbox 1783 3011 1979 3076; x_wconf 88' lang='grc' dir='ltr'>παντί,</span> <span class='ocrx_word' id='word_1_234' title='bbox 2028 3017 2097 3080; x_wconf 92' lang='grc' dir='ltr'>θη</span> <span class='ocrx_word' id='word_1_235' title='bbox 2102 3013 2171 3066; x_wconf 87' lang='grc' dir='ltr'>τί.</span> <span class='ocrx_word' id='word_1_236' title='bbox 2253 3012 2440 3066; x_wconf 76' lang='grc' dir='ltr'>οὕτως</span> <span class='ocrx_word' id='word_1_237' title='bbox 2485 3013 2590 3079; x_wconf 87' lang='grc' dir='ltr'>γὰρ</span> <span class='ocrx_word' id='word_1_238' title='bbox 2644 3014 2734 3064; x_wconf 81' lang='grc' dir='ltr'>καὶ</span> <span class='ocrx_word' id='word_1_239' title='bbox 2790 3012 2852 3064; x_wconf 82' lang='grc' dir='ltr'>ἐν</span> <span class='ocrx_word' id='word_1_240' title='bbox 2903 3018 2974 3080; x_wconf 76' lang='grc' dir='ltr'>τῇ</span> <span class='ocrx_word' id='word_1_241' title='bbox 3025 3015 3224 3080; x_wconf 80' lang='grc' dir='ltr'>Ἰλιακῇ</span> 
     </span>
     <span class='ocr_line' id='line_1_28' title="bbox 643 3051 3225 3148; baseline 0 -15"><span class='ocrx_word' id='word_1_242' title='bbox 643 3081 926 3148; x_wconf 84' lang='grc' dir='ltr'>προςῳδίᾳ</span> <span class='ocrx_word' id='word_1_243' title='bbox 964 3081 1025 3132; x_wconf 80' lang='grc' dir='ltr'>ἐν</span> <span class='ocrx_word' id='word_1_244' title='bbox 1062 3081 1218 3148; x_wconf 75' lang='grc' dir='ltr'>τῇΨ</span> <span class='ocrx_word' id='word_1_245' title='bbox 1257 3081 1399 3144; x_wconf 76' lang='grc'>(254)</span> <span class='ocrx_word' id='word_1_246' title='bbox 1440 3080 1533 3143; x_wconf 84' lang='lat' dir='ltr'><strong>(of.</strong></span> <span class='ocrx_word' id='word_1_247' title='bbox 1572 3080 1619 3131; x_wconf 89' lang='grc' dir='ltr'>Ξ</span> <span class='ocrx_word' id='word_1_248' title='bbox 1655 3051 1777 3142; x_wconf 65' lang='lat'>3832)</span> <span class='ocrx_word' id='word_1_249' title='bbox 1824 3080 1976 3142; x_wconf 84' lang='grc' dir='ltr'>λέγει</span> <span class='ocrx_word' id='word_1_250' title='bbox 2021 3082 2108 3132; x_wconf 85' lang='grc' dir='ltr'>ὅτι</span> <span class='ocrx_word' id='word_1_251' title='bbox 2155 3082 2237 3133; x_wconf 80' lang='grc' dir='ltr'>δεῖ</span> <span class='ocrx_word' id='word_1_252' title='bbox 2283 3079 2502 3133; x_wconf 83' lang='grc' dir='ltr'>ὀξύνειν</span> <span class='ocrx_word' id='word_1_253' title='bbox 2547 3080 2690 3132; x_wconf 85' lang='grc' dir='ltr'>κατὰ</span> <span class='ocrx_word' id='word_1_254' title='bbox 2735 3084 2945 3133; x_wconf 84' lang='grc' dir='ltr'>τοῦτον</span> <span class='ocrx_word' id='word_1_255' title='bbox 2980 3082 3085 3133; x_wconf 87' lang='grc' dir='ltr'>τὸν</span> <span class='ocrx_word' id='word_1_256' title='bbox 3128 3096 3225 3133; x_wconf 92' lang='grc' dir='ltr'>κα-</span> 
     </span>
     <span class='ocr_line' id='line_1_29' title="bbox 642 3146 3226 3213; baseline 0 -14"><span class='ocrx_word' id='word_1_257' title='bbox 642 3149 796 3201; x_wconf 88' lang='grc' dir='ltr'>νόνα.</span> <span class='ocrx_word' id='word_1_258' title='bbox 843 3150 1030 3200; x_wconf 85' lang='grc' dir='ltr'>οὕτως</span> <span class='ocrx_word' id='word_1_259' title='bbox 1075 3149 1181 3211; x_wconf 85' lang='grc' dir='ltr'>γὰρ</span> <span class='ocrx_word' id='word_1_260' title='bbox 1229 3148 1319 3198; x_wconf 78' lang='grc' dir='ltr'>καὶ</span> <span class='ocrx_word' id='word_1_261' title='bbox 1359 3147 1725 3212; x_wconf 88' lang='grc' dir='ltr'>Ἀρ.ίςταρχος</span> <span class='ocrx_word' id='word_1_262' title='bbox 1796 3146 1895 3200; x_wconf 79' lang='grc' dir='ltr'>είςί</span> <span class='ocrx_word' id='word_1_263' title='bbox 1941 3149 2001 3200; x_wconf 87' lang='grc' dir='ltr'>δὲ</span> <span class='ocrx_word' id='word_1_264' title='bbox 2047 3149 2136 3200; x_wconf 78' lang='grc' dir='ltr'>καὶ</span> <span class='ocrx_word' id='word_1_265' title='bbox 2183 3147 2236 3200; x_wconf 77' lang='grc' dir='ltr'>ο“ι</span> <span class='ocrx_word' id='word_1_266' title='bbox 2283 3150 2648 3213; x_wconf 85' lang='grc' dir='ltr'>περιςπῶςιν,</span> <span class='ocrx_word' id='word_1_267' title='bbox 2707 3148 2776 3199; x_wconf 84' lang='grc' dir='ltr'>ού</span> <span class='ocrx_word' id='word_1_268' title='bbox 2831 3150 3039 3200; x_wconf 83' lang='grc' dir='ltr'>καλῶς·</span> <span class='ocrx_word' id='word_1_269' title='bbox 3097 3148 3226 3200; x_wconf 81' lang='grc' dir='ltr'>εἶτα</span> 
     </span>
     <span class='ocr_line' id='line_1_30' title="bbox 643 3214 3226 3299; baseline 0 -31"><span class='ocrx_word' id='word_1_270' title='bbox 643 3216 839 3280; x_wconf 79' lang='grc' dir='ltr'>ἐπάγει</span> <span class='ocrx_word' id='word_1_271' title='bbox 875 3216 1086 3267; x_wconf 83' lang='grc' dir='ltr'>οὕτως·</span> <span class='ocrx_word' id='word_1_272' title='bbox 1124 3215 1505 3280; x_wconf 86' lang='grc' dir='ltr'>παραιτητέον</span> <span class='ocrx_word' id='word_1_273' title='bbox 1541 3214 1601 3266; x_wconf 81' lang='grc' dir='ltr'>δὲ</span> <span class='ocrx_word' id='word_1_274' title='bbox 1647 3215 1751 3266; x_wconf 86' lang='grc' dir='ltr'>τὸν</span> <span class='ocrx_word' id='word_1_275' title='bbox 1792 3214 2211 3299; x_wconf 78' lang='grc' dir='ltr'>Ἀςκαλωνίτην</span> <span class='ocrx_word' id='word_1_276' title='bbox 2254 3214 2518 3280; x_wconf 72' lang='grc' dir='ltr'>οἰόμενον</span> <span class='ocrx_word' id='word_1_277' title='bbox 2563 3215 2679 3268; x_wconf 88' lang='grc' dir='ltr'>ἀπὸ</span> <span class='ocrx_word' id='word_1_278' title='bbox 2724 3219 2827 3281; x_wconf 86' lang='grc' dir='ltr'>τῆς</span> <span class='ocrx_word' id='word_1_279' title='bbox 2873 3215 2957 3268; x_wconf 89' lang='grc' dir='ltr'>λίς</span> <span class='ocrx_word' id='word_1_280' title='bbox 3006 3215 3226 3268; x_wconf 84' lang='grc' dir='ltr'>εὐθείας</span> 
     </span>
     <span class='ocr_line' id='line_1_31' title="bbox 640 3281 3228 3349; baseline 0 -14"><span class='ocrx_word' id='word_1_281' title='bbox 640 3283 919 3335; x_wconf 87' lang='grc' dir='ltr'>κεκλίςθαι</span> <span class='ocrx_word' id='word_1_282' title='bbox 953 3284 1062 3348; x_wconf 83' lang='grc' dir='ltr'>τὴν</span> <span class='ocrx_word' id='word_1_283' title='bbox 1098 3281 1207 3334; x_wconf 85' lang='grc' dir='ltr'>λιτί</span> <span class='ocrx_word' id='word_1_284' title='bbox 1241 3284 1470 3349; x_wconf 87' lang='grc' dir='ltr'>δοτικὴν</span> <span class='ocrx_word' id='word_1_285' title='bbox 1517 3285 1606 3334; x_wconf 84' lang='grc' dir='ltr'>καὶ</span> <span class='ocrx_word' id='word_1_286' title='bbox 1651 3284 1760 3347; x_wconf 85' lang='grc' dir='ltr'>τὴν</span> <span class='ocrx_word' id='word_1_287' title='bbox 1806 3285 1932 3334; x_wconf 84' lang='grc' dir='ltr'>λῖτα</span> <span class='ocrx_word' id='word_1_288' title='bbox 1975 3282 2309 3349; x_wconf 78' lang='grc' dir='ltr'>αἰτιατικὴν·</span> <span class='ocrx_word' id='word_1_289' title='bbox 2357 3283 2424 3335; x_wconf 80' lang='grc' dir='ltr'>οὐ</span> <span class='ocrx_word' id='word_1_290' title='bbox 2469 3283 2575 3347; x_wconf 90' lang='grc' dir='ltr'>γάρ</span> <span class='ocrx_word' id='word_1_291' title='bbox 2621 3298 2763 3334; x_wconf 89' lang='grc' dir='ltr'>ποτε</span> <span class='ocrx_word' id='word_1_292' title='bbox 2810 3282 3108 3349; x_wconf 84' lang='grc' dir='ltr'>ἐμελέτηςε</span> <span class='ocrx_word' id='word_1_293' title='bbox 3152 3284 3228 3336; x_wconf 81' lang='grc' dir='ltr'>τὰ</span> 
     </span>
     <span class='ocr_line' id='line_1_32' title="bbox 623 3349 3225 3420; baseline 0 -17"><span class='ocrx_word' id='word_1_294' title='bbox 623 3351 719 3420; x_wconf 47' lang='grc' dir='ltr'>,εἰς</span> <span class='ocrx_word' id='word_1_295' title='bbox 758 3357 805 3402; x_wconf 81' lang='lat' dir='ltr'>ic</span> <span class='ocrx_word' id='word_1_296' title='bbox 843 3350 1230 3413; x_wconf 87' lang='grc' dir='ltr'>μονοςύλλαβα</span> <span class='ocrx_word' id='word_1_297' title='bbox 1266 3350 1354 3402; x_wconf 84' lang='grc' dir='ltr'>διὰ</span> <span class='ocrx_word' id='word_1_298' title='bbox 1389 3355 1492 3403; x_wconf 81' lang='grc' dir='ltr'>τοῦ</span> <span class='ocrx_word' id='word_1_299' title='bbox 1530 3371 1565 3405; x_wconf 88' lang='grc' dir='ltr'>τ</span> <span class='ocrx_word' id='word_1_300' title='bbox 1599 3350 1893 3403; x_wconf 90' lang='grc' dir='ltr'>κλίνεςθαι.</span> <span class='ocrx_word' id='word_1_301' title='bbox 1965 3351 2360 3414; x_wconf 87' lang='grc' dir='ltr'>μεταπλαςμὸς</span> <span class='ocrx_word' id='word_1_302' title='bbox 2397 3350 2500 3403; x_wconf 84' lang='grc' dir='ltr'>οὖν</span> <span class='ocrx_word' id='word_1_303' title='bbox 2537 3351 2648 3402; x_wconf 80' lang='grc' dir='ltr'>ἐςτι</span> <span class='ocrx_word' id='word_1_304' title='bbox 2685 3354 2786 3416; x_wconf 83' lang='grc' dir='ltr'>τῆς</span> <span class='ocrx_word' id='word_1_305' title='bbox 2821 3353 2961 3417; x_wconf 81' lang='grc' dir='ltr'>λιτῷ</span> <span class='ocrx_word' id='word_1_306' title='bbox 2998 3349 3225 3416; x_wconf 84' lang='grc' dir='ltr'>δοτικῆς</span> 
     </span>
     <span class='ocr_line' id='line_1_33' title="bbox 642 3402 3224 3484; baseline 0 -14"><span class='ocrx_word' id='word_1_307' title='bbox 642 3419 719 3470; x_wconf 83' lang='grc' dir='ltr'>ὡς</span> <span class='ocrx_word' id='word_1_308' title='bbox 757 3420 791 3482; x_wconf 82' lang='grc' dir='ltr'>ἡ</span> <span class='ocrx_word' id='word_1_309' title='bbox 832 3417 988 3470; x_wconf 88' lang='grc' dir='ltr'>κλαδί</span> <span class='ocrx_word' id='word_1_310' title='bbox 1024 3421 1126 3482; x_wconf 85' lang='grc' dir='ltr'>τῆς</span> <span class='ocrx_word' id='word_1_311' title='bbox 1164 3417 1353 3484; x_wconf 83' lang='grc' dir='ltr'>κλάδῳ</span> <span class='ocrx_word' id='word_1_312' title='bbox 1392 3427 1447 3469; x_wconf 83' lang='lat' dir='ltr'>et</span> <span class='ocrx_word' id='word_1_313' title='bbox 1484 3420 1531 3471; x_wconf 85' lang='grc' dir='ltr'><strong>Ψ</strong></span> <span class='ocrx_word' id='word_1_314' title='bbox 1566 3423 1690 3471; x_wconf 77' lang='lat'>254:</span> <span class='ocrx_word' id='word_1_315' title='bbox 1740 3417 1891 3484; x_wconf 81' lang='grc' dir='ltr'>ἑανῷ</span> <span class='ocrx_word' id='word_1_316' title='bbox 1928 3418 2062 3471; x_wconf 74' lang='grc' dir='ltr'>λιτίε</span> <span class='ocrx_word' id='word_1_317' title='bbox 2111 3418 2188 3470; x_wconf 84' lang='grc' dir='ltr'>ὡς</span> <span class='ocrx_word' id='word_1_318' title='bbox 2236 3417 2404 3483; x_wconf 90' lang='grc' dir='ltr'>φωτί.</span> <span class='ocrx_word' id='word_1_319' title='bbox 2474 3419 2660 3470; x_wconf 87' lang='grc' dir='ltr'>οὕτως</span> <span class='ocrx_word' id='word_1_320' title='bbox 2707 3420 2795 3470; x_wconf 87' lang='grc' dir='ltr'>καὶ</span> <span class='ocrx_word' id='word_1_321' title='bbox 2845 3402 3224 3484; x_wconf 65' lang='grc' dir='ltr'>Ἆρ’ίςταρχοσ</span> 
     </span>
     <span class='ocr_line' id='line_1_34' title="bbox 641 3484 3227 3572; baseline 0 -34"><span class='ocrx_word' id='word_1_322' title='bbox 641 3490 787 3538; x_wconf 83' lang='grc' dir='ltr'>πᾶςα</span> <span class='ocrx_word' id='word_1_323' title='bbox 822 3487 929 3550; x_wconf 88' lang='grc' dir='ltr'>γὰρ</span> <span class='ocrx_word' id='word_1_324' title='bbox 964 3486 1156 3551; x_wconf 86' lang='grc' dir='ltr'>δοτικὴ</span> <span class='ocrx_word' id='word_1_325' title='bbox 1194 3486 1516 3550; x_wconf 88' lang='grc' dir='ltr'>διςύλλαβος</span> <span class='ocrx_word' id='word_1_326' title='bbox 1555 3487 1655 3540; x_wconf 79' lang='grc' dir='ltr'>ἐπ’</span> <span class='ocrx_word' id='word_1_327' title='bbox 1691 3486 1995 3548; x_wconf 86' lang='grc' dir='ltr'>ὀνομάτων</span> <span class='ocrx_word' id='word_1_328' title='bbox 2032 3485 2109 3538; x_wconf 84' lang='grc' dir='ltr'>είς</span> <span class='ocrx_word' id='word_1_329' title='bbox 2145 3504 2198 3539; x_wconf 88' lang='grc' dir='ltr'>τι</span> <span class='ocrx_word' id='word_1_330' title='bbox 2236 3487 2480 3551; x_wconf 87' lang='grc' dir='ltr'>λήγουςα</span> <span class='ocrx_word' id='word_1_331' title='bbox 2506 3486 2790 3551; x_wconf 81' lang='grc' dir='ltr'>ὀξύνεται,</span> <span class='ocrx_word' id='word_1_332' title='bbox 2826 3484 3020 3550; x_wconf 86' lang='grc' dir='ltr'>χρωτί,</span> <span class='ocrx_word' id='word_1_333' title='bbox 3058 3485 3227 3572; x_wconf 63' lang='grc' dir='ltr'>δαιτί,</span> 
     </span>
     <span class='ocr_line' id='line_1_35' title="bbox 644 3552 3227 3621; baseline -0 -15"><span class='ocrx_word' id='word_1_334' title='bbox 644 3553 827 3619; x_wconf 85' lang='grc' dir='ltr'>Κρητί.</span> <span class='ocrx_word' id='word_1_335' title='bbox 899 3553 1085 3605; x_wconf 82' lang='grc' dir='ltr'>οὕτως</span> <span class='ocrx_word' id='word_1_336' title='bbox 1140 3552 1243 3606; x_wconf 85' lang='grc' dir='ltr'>οὖν</span> <span class='ocrx_word' id='word_1_337' title='bbox 1297 3555 1385 3605; x_wconf 80' lang='grc' dir='ltr'>καὶ</span> <span class='ocrx_word' id='word_1_338' title='bbox 1440 3555 1562 3608; x_wconf 89' lang='grc' dir='ltr'>λιτί.</span> <span class='ocrx_word' id='word_1_339' title='bbox 1642 3554 1834 3620; x_wconf 75' lang='grc' dir='ltr'>τούτῳ</span> <span class='ocrx_word' id='word_1_340' title='bbox 1888 3554 1994 3619; x_wconf 83' lang='grc' dir='ltr'>γὰρ</span> <span class='ocrx_word' id='word_1_341' title='bbox 2046 3558 2130 3620; x_wconf 81' lang='grc' dir='ltr'>τῷ</span> <span class='ocrx_word' id='word_1_342' title='bbox 2178 3555 2333 3621; x_wconf 85' lang='grc' dir='ltr'>λόγῳ</span> <span class='ocrx_word' id='word_1_343' title='bbox 2381 3556 2470 3605; x_wconf 77' lang='grc' dir='ltr'>καί</span> <span class='ocrx_word' id='word_1_344' title='bbox 2517 3552 2678 3618; x_wconf 89' lang='grc' dir='ltr'>βλητί</span> <span class='ocrx_word' id='word_1_345' title='bbox 2731 3552 3038 3617; x_wconf 85' lang='grc' dir='ltr'>ὀφείλομεν</span> <span class='ocrx_word' id='word_1_346' title='bbox 3091 3556 3227 3605; x_wconf 82' lang='grc' dir='ltr'>κατ’</span> 
     </span>
     <span class='ocr_line' id='line_1_36' title="bbox 641 3607 3226 3688; baseline 0.001 -14"><span class='ocrx_word' id='word_1_347' title='bbox 641 3623 827 3674; x_wconf 84' lang='grc' dir='ltr'>ὀξεῖαν</span> <span class='ocrx_word' id='word_1_348' title='bbox 884 3620 1040 3672; x_wconf 88' lang='grc' dir='ltr'>τάςιν</span> <span class='ocrx_word' id='word_1_349' title='bbox 1099 3620 1499 3683; x_wconf 87' lang='grc' dir='ltr'>ἀναγινώςκειν</span> <span class='ocrx_word' id='word_1_350' title='bbox 1559 3622 1793 3686; x_wconf 69' lang='grc' dir='ltr'>«νύμφα</span> <span class='ocrx_word' id='word_1_351' title='bbox 1840 3621 2156 3688; x_wconf 89' lang='grc' dir='ltr'>φίλη,καί</span> <span class='ocrx_word' id='word_1_352' title='bbox 2210 3607 2369 3687; x_wconf 74' lang='grc' dir='ltr'>βλητὶ</span> <span class='ocrx_word' id='word_1_353' title='bbox 2419 3619 2559 3687; x_wconf 83' lang='grc' dir='ltr'>λίθῳ</span> <span class='ocrx_word' id='word_1_354' title='bbox 2607 3621 2691 3672; x_wconf 82' lang='grc' dir='ltr'>ἑνὶ</span> <span class='ocrx_word' id='word_1_355' title='bbox 2737 3621 2980 3686; x_wconf 89' lang='grc' dir='ltr'>δάκρυον</span> <span class='ocrx_word' id='word_1_356' title='bbox 3027 3621 3226 3686; x_wconf 72' lang='grc' dir='ltr'>ἡκας).</span> 
     </span>
     <span class='ocr_line' id='line_1_37' title="bbox 640 3687 3225 3755; baseline 0 -15"><span class='ocrx_word' id='word_1_357' title='bbox 640 3689 825 3741; x_wconf 81' lang='grc' dir='ltr'>οὕτως</span> <span class='ocrx_word' id='word_1_358' title='bbox 881 3689 983 3740; x_wconf 85' lang='grc' dir='ltr'>οὖν</span> <span class='ocrx_word' id='word_1_359' title='bbox 1038 3689 1126 3739; x_wconf 77' lang='grc' dir='ltr'>καὶ</span> <span class='ocrx_word' id='word_1_360' title='bbox 1180 3688 1314 3752; x_wconf 90' lang='grc' dir='ltr'>λιτί,</span> <span class='ocrx_word' id='word_1_361' title='bbox 1369 3689 1463 3741; x_wconf 80' lang='grc' dir='ltr'>ἵνα</span> <span class='ocrx_word' id='word_1_362' title='bbox 1518 3692 1549 3755; x_wconf 82' lang='grc' dir='ltr'>ᾖ</span> <span class='ocrx_word' id='word_1_363' title='bbox 1607 3689 2001 3753; x_wconf 88' lang='grc' dir='ltr'>μεταπλαςμὸς</span> <span class='ocrx_word' id='word_1_364' title='bbox 2054 3693 2157 3755; x_wconf 86' lang='grc' dir='ltr'>τῆς</span> <span class='ocrx_word' id='word_1_365' title='bbox 2211 3692 2350 3755; x_wconf 83' lang='grc' dir='ltr'>λιτῷ</span> <span class='ocrx_word' id='word_1_366' title='bbox 2403 3690 2628 3753; x_wconf 88' lang='grc' dir='ltr'>δοτικῆς</span> <span class='ocrx_word' id='word_1_367' title='bbox 2683 3687 2761 3741; x_wconf 81' lang='grc' dir='ltr'>ὡς</span> <span class='ocrx_word' id='word_1_368' title='bbox 2814 3689 2849 3750; x_wconf 84' lang='grc' dir='ltr'>ἡ</span> <span class='ocrx_word' id='word_1_369' title='bbox 2906 3689 3066 3741; x_wconf 87' lang='grc' dir='ltr'>κλαδί</span> <span class='ocrx_word' id='word_1_370' title='bbox 3118 3693 3225 3754; x_wconf 85' lang='grc' dir='ltr'>τῆς</span> 
     </span>
     <span class='ocr_line' id='line_1_38' title="bbox 644 3757 3226 3824; baseline 0 -16"><span class='ocrx_word' id='word_1_371' title='bbox 644 3757 849 3822; x_wconf 82' lang='grc' dir='ltr'>κλάδῳ.</span> <span class='ocrx_word' id='word_1_372' title='bbox 921 3757 1204 3807; x_wconf 81' lang='lat' dir='ltr'><strong>of.Lel1rs</strong></span> <span class='ocrx_word' id='word_1_373' title='bbox 1238 3758 1404 3809; x_wconf 83' lang='lat' dir='ltr'><strong>Arist.</strong></span> <span class='ocrx_word' id='word_1_374' title='bbox 1443 3775 1496 3823; x_wconf 88' lang='lat' dir='ltr'>p.</span> <span class='ocrx_word' id='word_1_375' title='bbox 1529 3763 1629 3810; x_wconf 83' lang='grc'>299</span> <span class='ocrx_word' id='word_1_376' title='bbox 1664 3758 1749 3810; x_wconf 87' lang='lat' dir='ltr'>ed</span> <span class='ocrx_word' id='word_1_377' title='bbox 1789 3759 1859 3811; x_wconf 91' lang='lat'>11.</span> <span class='ocrx_word' id='word_1_378' title='bbox 1898 3759 2036 3809; x_wconf 88' lang='lat'>—1.</span> <span class='ocrx_word' id='word_1_379' title='bbox 2074 3762 2099 3808; x_wconf 94' lang='lat'>1</span> <span class='ocrx_word' id='word_1_380' title='bbox 2138 3774 2310 3824; x_wconf 75' lang='lat' dir='ltr'>usque</span> <span class='ocrx_word' id='word_1_381' title='bbox 2358 3758 2430 3807; x_wconf 81' lang='lat' dir='ltr'>ad</span> <span class='ocrx_word' id='word_1_382' title='bbox 2465 3757 2627 3808; x_wconf 82' lang='lat' dir='ltr'><strong>finem</strong></span> <span class='ocrx_word' id='word_1_383' title='bbox 2662 3773 2730 3807; x_wconf 83' lang='lat' dir='ltr'>ex</span> <span class='ocrx_word' id='word_1_384' title='bbox 2768 3757 2959 3807; x_wconf 81' lang='lat' dir='ltr'><strong>Aread.</strong></span> <span class='ocrx_word' id='word_1_385' title='bbox 3001 3760 3119 3814; x_wconf 83' lang='grc'>129,</span> <span class='ocrx_word' id='word_1_386' title='bbox 3156 3763 3226 3808; x_wconf 84' lang='grc'>20</span> 
     </span>
     <span class='ocr_line' id='line_1_39' title="bbox 629 3823 3228 3890; baseline 0 -16"><span class='ocrx_word' id='word_1_387' title='bbox 629 3833 695 3876; x_wconf 60' lang='grc' dir='ltr'>ω</span> <span class='ocrx_word' id='word_1_388' title='bbox 732 3827 809 3875; x_wconf 88' lang='lat' dir='ltr'>Io.</span> <span class='ocrx_word' id='word_1_389' title='bbox 834 3826 922 3875; x_wconf 84' lang='lat' dir='ltr'>Al.</span> <span class='ocrx_word' id='word_1_390' title='bbox 949 3827 1027 3884; x_wconf 86' lang='lat'>11,</span> <span class='ocrx_word' id='word_1_391' title='bbox 1065 3827 1157 3888; x_wconf 87' lang='lat'>35,</span> <span class='ocrx_word' id='word_1_392' title='bbox 1193 3841 1261 3874; x_wconf 76' lang='lat' dir='ltr'>ex</span> <span class='ocrx_word' id='word_1_393' title='bbox 1298 3826 1380 3877; x_wconf 81' lang='lat' dir='ltr'>St.</span> <span class='ocrx_word' id='word_1_394' title='bbox 1410 3827 1471 3875; x_wconf 91' lang='lat' dir='ltr'>B.</span> <span class='ocrx_word' id='word_1_395' title='bbox 1500 3842 1541 3876; x_wconf 80' lang='lat' dir='ltr'>s.</span> <span class='ocrx_word' id='word_1_396' title='bbox 1580 3824 1840 3889; x_wconf 87' lang='grc' dir='ltr'>Δωδώνη</span> <span class='ocrx_word' id='word_1_397' title='bbox 1880 3827 2111 3890; x_wconf 79' lang='lat' dir='ltr'><strong>apposui</strong></span> <span class='ocrx_word' id='word_1_398' title='bbox 2146 3824 2523 3878; x_wconf 73' lang='grc' dir='ltr'>«Δωδῶνι-</span> <span class='ocrx_word' id='word_1_399' title='bbox 2550 3823 2814 3889; x_wconf 83' lang='grc' dir='ltr'>βροτῶν’&gt;&gt;</span> <span class='ocrx_word' id='word_1_400' title='bbox 2852 3829 2909 3874; x_wconf 80' lang='lat' dir='ltr'>et</span> <span class='ocrx_word' id='word_1_401' title='bbox 2945 3824 2978 3873; x_wconf 87' lang='grc'>1.</span> <span class='ocrx_word' id='word_1_402' title='bbox 3005 3828 3037 3875; x_wconf 85' lang='grc'><strong>5</strong></span> <span class='ocrx_word' id='word_1_403' title='bbox 3073 3825 3228 3875; x_wconf 67' lang='lat' dir='ltr'><strong>iocos</strong></span> 
     </span>
     <span class='ocr_line' id='line_1_40' title="bbox 537 3891 3226 3958; baseline -0 -16"><span class='ocrx_word' id='word_1_404' title='bbox 537 3917 547 3929; x_wconf 90' lang='lat'><strong>·</strong></span> <span class='ocrx_word' id='word_1_405' title='bbox 641 3892 895 3958; x_wconf 80' lang='lat' dir='ltr'><strong>Sophocl.</strong></span> <span class='ocrx_word' id='word_1_406' title='bbox 932 3893 1188 3945; x_wconf 82' lang='lat' dir='ltr'><strong>Trachin.</strong></span> <span class='ocrx_word' id='word_1_407' title='bbox 1225 3898 1281 3943; x_wconf 81' lang='lat' dir='ltr'>ot</span> <span class='ocrx_word' id='word_1_408' title='bbox 1314 3892 1530 3946; x_wconf 85' lang='lat' dir='ltr'><strong>Gallim.</strong></span> <span class='ocrx_word' id='word_1_409' title='bbox 1604 3896 1684 3943; x_wconf 82' lang='lat' dir='ltr'>Ex</span> <span class='ocrx_word' id='word_1_410' title='bbox 1720 3893 1825 3943; x_wconf 81' lang='lat' dir='ltr'>hoo</span> <span class='ocrx_word' id='word_1_411' title='bbox 1860 3895 1939 3944; x_wconf 79' lang='lat' dir='ltr'>St.</span> <span class='ocrx_word' id='word_1_412' title='bbox 1973 3895 2035 3946; x_wconf 89' lang='lat' dir='ltr'>B.</span> <span class='ocrx_word' id='word_1_413' title='bbox 2082 3893 2199 3945; x_wconf 84' lang='lat' dir='ltr'><strong>loco</strong></span> <span class='ocrx_word' id='word_1_414' title='bbox 2243 3893 2616 3958; x_wconf 78' lang='lat' dir='ltr'><strong>intellegimus</strong></span> <span class='ocrx_word' id='word_1_415' title='bbox 2662 3892 2731 3942; x_wconf 83' lang='lat' dir='ltr'>de</span> <span class='ocrx_word' id='word_1_416' title='bbox 2764 3891 3007 3942; x_wconf 88' lang='grc' dir='ltr'>Δωδῶνι</span> <span class='ocrx_word' id='word_1_417' title='bbox 3053 3894 3226 3942; x_wconf 75' lang='lat' dir='ltr'><strong>etiam</strong></span> 
     </span>
     <span class='ocr_line' id='line_1_41' title="bbox 639 3957 3225 4045; baseline -0.001 -34"><span class='ocrx_word' id='word_1_418' title='bbox 639 3961 871 4011; x_wconf 77' lang='lat' dir='ltr'><strong>alteram</strong></span> <span class='ocrx_word' id='word_1_419' title='bbox 917 3962 1436 4045; x_wconf 76' lang='lat' dir='ltr'><strong>interpretationem</strong></span> <span class='ocrx_word' id='word_1_420' title='bbox 1470 3961 1847 4010; x_wconf 82' lang='lat' dir='ltr'><strong>Herodianum</strong></span> <span class='ocrx_word' id='word_1_421' title='bbox 1891 3965 2269 4027; x_wconf 75' lang='lat' dir='ltr'><strong>proposuisse:</strong></span> <span class='ocrx_word' id='word_1_422' title='bbox 2317 3959 2537 4022; x_wconf 86' lang='grc' dir='ltr'>λέγεται</span> <span class='ocrx_word' id='word_1_423' title='bbox 2584 3959 2673 4009; x_wconf 74' lang='grc' dir='ltr'>καί</span> <span class='ocrx_word' id='word_1_424' title='bbox 2707 3958 2956 4022; x_wconf 86' lang='grc' dir='ltr'>Δωδών,</span> <span class='ocrx_word' id='word_1_425' title='bbox 3003 3957 3070 4022; x_wconf 84' lang='grc' dir='ltr'>ἧς</span> <span class='ocrx_word' id='word_1_426' title='bbox 3112 3962 3225 4024; x_wconf 83' lang='grc' dir='ltr'>τὴν</span> 
     </span>
     <span class='ocr_line' id='line_1_42' title="bbox 638 4025 3224 4093; baseline -0.001 -14"><span class='ocrx_word' id='word_1_427' title='bbox 638 4028 867 4093; x_wconf 82' lang='grc' dir='ltr'>γενικὴν</span> <span class='ocrx_word' id='word_1_428' title='bbox 893 4026 1187 4092; x_wconf 71' lang='grc' dir='ltr'>(Σοφοκλῆς</span> <span class='ocrx_word' id='word_1_429' title='bbox 1217 4026 1459 4079; x_wconf 88' lang='grc' dir='ltr'>Ὀδυςςεῑ</span> <span class='ocrx_word' id='word_1_430' title='bbox 1483 4026 1871 4091; x_wconf 83' lang='grc' dir='ltr'>ἀκανθοπλῆγι</span> <span class='ocrx_word' id='word_1_431' title='bbox 1895 4031 2041 4078; x_wconf 79' lang='grc' dir='ltr'>«νῦν</span> <span class='ocrx_word' id='word_1_432' title='bbox 2066 4028 2124 4078; x_wconf 84' lang='grc' dir='ltr'>δ’</span> <span class='ocrx_word' id='word_1_433' title='bbox 2148 4028 2282 4079; x_wconf 87' lang='grc' dir='ltr'>οὔτε</span> <span class='ocrx_word' id='word_1_434' title='bbox 2310 4043 2347 4091; x_wconf 90' lang='grc' dir='ltr'>μ</span> <span class='ocrx_word' id='word_1_435' title='bbox 2361 4027 2460 4078; x_wconf 78' lang='grc' dir='ltr'>’ἐκ</span> <span class='ocrx_word' id='word_1_436' title='bbox 2480 4026 2768 4079; x_wconf 84' lang='grc' dir='ltr'>Δωδῶνος</span> <span class='ocrx_word' id='word_1_437' title='bbox 2792 4026 2926 4078; x_wconf 85' lang='grc' dir='ltr'>οὔτε</span> <span class='ocrx_word' id='word_1_438' title='bbox 2952 4025 3224 4078; x_wconf 85' lang='grc' dir='ltr'>Πυθικῶν</span> 
     </span>
     <span class='ocr_line' id='line_1_43' title="bbox 637 4094 3224 4179; baseline -0.001 -32"><span class='ocrx_word' id='word_1_439' title='bbox 637 4096 811 4179; x_wconf 78' lang='grc' dir='ltr'>γῇρύς</span> <span class='ocrx_word' id='word_1_440' title='bbox 846 4110 929 4146; x_wconf 86' lang='grc' dir='ltr'>τις</span> <span class='ocrx_word' id='word_1_441' title='bbox 966 4096 1037 4146; x_wconf 83' lang='grc' dir='ltr'>ἂν</span> <span class='ocrx_word' id='word_1_442' title='bbox 1074 4094 1357 4147; x_wconf 81' lang='grc' dir='ltr'>πείςειεν»</span> <span class='ocrx_word' id='word_1_443' title='bbox 1395 4096 1483 4146; x_wconf 79' lang='grc' dir='ltr'>καὶ</span> <span class='ocrx_word' id='word_1_444' title='bbox 1520 4095 1749 4158; x_wconf 83' lang='grc' dir='ltr'>δοτικὴν</span> <span class='ocrx_word' id='word_1_445' title='bbox 1776 4097 2105 4160; x_wconf 83' lang='lat' dir='ltr'><strong>(sequuntur</strong></span> <span class='ocrx_word' id='word_1_446' title='bbox 2130 4096 2378 4161; x_wconf 77' lang='lat' dir='ltr'><strong>exempla</strong></span> <span class='ocrx_word' id='word_1_447' title='bbox 2410 4097 2466 4144; x_wconf 90' lang='lat' dir='ltr'>in</span> <span class='ocrx_word' id='word_1_448' title='bbox 2491 4101 2699 4145; x_wconf 80' lang='lat' dir='ltr'><strong>textum</strong></span> <span class='ocrx_word' id='word_1_449' title='bbox 2726 4094 2974 4160; x_wconf 77' lang='lat' dir='ltr'><strong>recepta)</strong></span> <span class='ocrx_word' id='word_1_450' title='bbox 2999 4095 3087 4145; x_wconf 78' lang='grc' dir='ltr'>καὶ</span> <span class='ocrx_word' id='word_1_451' title='bbox 3111 4095 3224 4158; x_wconf 87' lang='grc' dir='ltr'>τὴν</span> 
     </span>
     <span class='ocr_line' id='line_1_44' title="bbox 638 4161 3224 4229; baseline -0.001 -14"><span class='ocrx_word' id='word_1_452' title='bbox 638 4163 951 4227; x_wconf 79' lang='grc' dir='ltr'>αἰτιατικὴν</span> <span class='ocrx_word' id='word_1_453' title='bbox 989 4177 1157 4227; x_wconf 87' lang='grc' dir='ltr'>φηςιν</span> <span class='ocrx_word' id='word_1_454' title='bbox 1194 4161 1490 4226; x_wconf 85' lang='grc' dir='ltr'>Εὐφορίων</span> <span class='ocrx_word' id='word_1_455' title='bbox 1526 4163 1788 4214; x_wconf 80' lang='grc' dir='ltr'>Δωδῶνα</span> <span class='ocrx_word' id='word_1_456' title='bbox 1825 4162 1887 4212; x_wconf 84' lang='grc' dir='ltr'>ἐν</span> <span class='ocrx_word' id='word_1_457' title='bbox 1917 4161 2082 4229; x_wconf 83' lang='grc' dir='ltr'>Ἀνίῳ</span> <span class='ocrx_word' id='word_1_458' title='bbox 2119 4163 2288 4213; x_wconf 79' lang='grc' dir='ltr'>«ἷκτο</span> <span class='ocrx_word' id='word_1_459' title='bbox 2322 4162 2426 4226; x_wconf 83' lang='grc' dir='ltr'>μὲν</span> <span class='ocrx_word' id='word_1_460' title='bbox 2463 4161 2520 4213; x_wconf 84' lang='grc' dir='ltr'>ἐς</span> <span class='ocrx_word' id='word_1_461' title='bbox 2545 4161 2806 4213; x_wconf 88' lang='grc' dir='ltr'>Δωδῶνα</span> <span class='ocrx_word' id='word_1_462' title='bbox 2842 4162 2979 4212; x_wconf 90' lang='grc' dir='ltr'>Διὸς</span> <span class='ocrx_word' id='word_1_463' title='bbox 3014 4165 3224 4226; x_wconf 81' lang='grc' dir='ltr'>φηγοῖο</span> 
     </span>
     <span class='ocr_line' id='line_1_45' title="bbox 638 4228 3222 4296; baseline -0.001 -13"><span class='ocrx_word' id='word_1_464' title='bbox 638 4233 948 4296; x_wconf 83' lang='grc' dir='ltr'>προφῆτιν·</span> <span class='ocrx_word' id='word_1_465' title='bbox 986 4259 1052 4267; x_wconf 92' lang='grc'><strong>-</strong></span> <span class='ocrx_word' id='word_1_466' title='bbox 1090 4230 1337 4294; x_wconf 87' lang='grc' dir='ltr'>ἠδύνατο</span> <span class='ocrx_word' id='word_1_467' title='bbox 1372 4231 1434 4281; x_wconf 83' lang='grc' dir='ltr'>δὲ</span> <span class='ocrx_word' id='word_1_468' title='bbox 1470 4231 1505 4292; x_wconf 81' lang='grc' dir='ltr'>ἡ</span> <span class='ocrx_word' id='word_1_469' title='bbox 1533 4230 1821 4281; x_wconf 86' lang='grc' dir='ltr'>Δωδῶνος</span> <span class='ocrx_word' id='word_1_470' title='bbox 1857 4230 2050 4294; x_wconf 84' lang='grc' dir='ltr'>γενικὴ</span> <span class='ocrx_word' id='word_1_471' title='bbox 2079 4231 2219 4293; x_wconf 89' lang='grc' dir='ltr'>μετὰ</span> <span class='ocrx_word' id='word_1_472' title='bbox 2253 4233 2355 4296; x_wconf 87' lang='grc' dir='ltr'>τῆς</span> <span class='ocrx_word' id='word_1_473' title='bbox 2393 4230 2593 4294; x_wconf 84' lang='grc' dir='ltr'>λοιπῆς</span> <span class='ocrx_word' id='word_1_474' title='bbox 2618 4229 2888 4294; x_wconf 87' lang='grc' dir='ltr'>κινήςεως</span> <span class='ocrx_word' id='word_1_475' title='bbox 2923 4229 3013 4279; x_wconf 78' lang='grc' dir='ltr'>καὶ</span> <span class='ocrx_word' id='word_1_476' title='bbox 3051 4228 3222 4281; x_wconf 89' lang='grc' dir='ltr'>κλίςις</span> 
     </span>
     <span class='ocr_line' id='line_1_46' title="bbox 639 4296 3223 4362; baseline -0.001 -12"><span class='ocrx_word' id='word_1_477' title='bbox 639 4300 784 4350; x_wconf 80' lang='grc' dir='ltr'>εἶναι</span> <span class='ocrx_word' id='word_1_478' title='bbox 828 4301 932 4362; x_wconf 84' lang='grc' dir='ltr'>τῆς</span> <span class='ocrx_word' id='word_1_479' title='bbox 977 4297 1228 4360; x_wconf 86' lang='grc' dir='ltr'>Δωδών,</span> <span class='ocrx_word' id='word_1_480' title='bbox 1276 4296 1436 4361; x_wconf 80' lang='grc' dir='ltr'>εἴπερ</span> <span class='ocrx_word' id='word_1_481' title='bbox 1481 4297 1556 4360; x_wconf 83' lang='grc' dir='ltr'>ἢν</span> <span class='ocrx_word' id='word_1_482' title='bbox 1602 4297 1665 4349; x_wconf 81' lang='grc' dir='ltr'>ἐν</span> <span class='ocrx_word' id='word_1_483' title='bbox 1710 4298 1897 4362; x_wconf 84' lang='grc' dir='ltr'>χρήςει</span> <span class='ocrx_word' id='word_1_484' title='bbox 1945 4301 2048 4361; x_wconf 82' lang='grc' dir='ltr'>τῆς</span> <span class='ocrx_word' id='word_1_485' title='bbox 2096 4297 2321 4349; x_wconf 89' lang='grc' dir='ltr'>πόλεως</span> <span class='ocrx_word' id='word_1_486' title='bbox 2366 4297 2401 4360; x_wconf 87' lang='grc' dir='ltr'>ἡ</span> <span class='ocrx_word' id='word_1_487' title='bbox 2449 4296 2651 4349; x_wconf 83' lang='grc' dir='ltr'>εὐθεῖα.</span> <span class='ocrx_word' id='word_1_488' title='bbox 2724 4296 2919 4361; x_wconf 89' lang='grc' dir='ltr'>διόπερ</span> <span class='ocrx_word' id='word_1_489' title='bbox 2964 4296 3148 4348; x_wconf 82' lang='grc' dir='ltr'>ἔοικεν</span> <span class='ocrx_word' id='word_1_490' title='bbox 3189 4297 3223 4348; x_wconf 86' lang='grc' dir='ltr'>ό</span> 
     </span>
     <span class='ocr_line' id='line_1_47' title="bbox 638 4364 3018 4431; baseline -0.001 -14"><span class='ocrx_word' id='word_1_491' title='bbox 638 4365 894 4430; x_wconf 87' lang='grc' dir='ltr'>τεχνικὸς</span> <span class='ocrx_word' id='word_1_492' title='bbox 932 4365 1332 4430; x_wconf 89' lang='grc' dir='ltr'>μεταπλαςμὸν</span> <span class='ocrx_word' id='word_1_493' title='bbox 1368 4366 1642 4429; x_wconf 80' lang='grc' dir='ltr'>ἡγειςθαι,</span> <span class='ocrx_word' id='word_1_494' title='bbox 1690 4382 1846 4431; x_wconf 81' lang='lat' dir='ltr'><strong>quem</strong></span> <span class='ocrx_word' id='word_1_495' title='bbox 1889 4366 2065 4415; x_wconf 82' lang='lat' dir='ltr'><strong>locum</strong></span> <span class='ocrx_word' id='word_1_496' title='bbox 2111 4367 2392 4417; x_wconf 79' lang='lat' dir='ltr'><strong>reservavi</strong></span> <span class='ocrx_word' id='word_1_497' title='bbox 2438 4365 2578 4415; x_wconf 83' lang='lat' dir='ltr'><strong>libro</strong></span> <span class='ocrx_word' id='word_1_498' title='bbox 2625 4364 2753 4429; x_wconf 79' lang='grc' dir='ltr'>περὶ</span> <span class='ocrx_word' id='word_1_499' title='bbox 2799 4365 3018 4415; x_wconf 86' lang='grc' dir='ltr'>παθῶν.</span> 
     </span>
     <span class='ocr_line' id='line_1_48' title="bbox 640 4430 3222 4498; baseline -0.001 -14"><span class='ocrx_word' id='word_1_500' title='bbox 640 4435 878 4487; x_wconf 86' lang='grc'>1.9--10</span> <span class='ocrx_word' id='word_1_501' title='bbox 914 4434 1419 4492; x_wconf 72' lang='lat' dir='ltr'>ex10.Al.12‚4.</span> <span class='ocrx_word' id='word_1_502' title='bbox 1594 4435 1868 4484; x_wconf 79' lang='lat' dir='ltr'><strong>l.12—22</strong></span> <span class='ocrx_word' id='word_1_503' title='bbox 1904 4431 2076 4497; x_wconf 70' lang='grc' dir='ltr'>ἀνέβα</span> <span class='ocrx_word' id='word_1_504' title='bbox 2112 4451 2179 4484; x_wconf 83' lang='lat' dir='ltr'>ex</span> <span class='ocrx_word' id='word_1_505' title='bbox 2217 4435 2292 4484; x_wconf 87' lang='lat' dir='ltr'>Io.</span> <span class='ocrx_word' id='word_1_506' title='bbox 2326 4433 2412 4484; x_wconf 88' lang='lat' dir='ltr'>Al.</span> <span class='ocrx_word' id='word_1_507' title='bbox 2452 4436 2534 4495; x_wconf 92' lang='grc'>12,</span> <span class='ocrx_word' id='word_1_508' title='bbox 2570 4435 2629 4492; x_wconf 85' lang='grc'>6,</span> <span class='ocrx_word' id='word_1_509' title='bbox 2666 4449 2763 4498; x_wconf 83' lang='lat' dir='ltr'>pro</span> <span class='ocrx_word' id='word_1_510' title='bbox 2803 4430 3022 4497; x_wconf 78' lang='grc' dir='ltr'>Ἀθηνίε</span> <span class='ocrx_word' id='word_1_511' title='bbox 3060 4430 3222 4496; x_wconf 83' lang='grc' dir='ltr'>’-Αθη</span> 
     </span>
     <span class='ocr_line' id='line_1_49' title="bbox 639 4499 3225 4567; baseline -0.001 -16"><span class='ocrx_word' id='word_1_512' title='bbox 639 4500 789 4554; x_wconf 79' lang='grc' dir='ltr'>νίδος</span> <span class='ocrx_word' id='word_1_513' title='bbox 826 4503 1021 4567; x_wconf 77' lang='lat' dir='ltr'><strong>scripsi</strong></span> <span class='ocrx_word' id='word_1_514' title='bbox 1045 4499 1272 4565; x_wconf 80' lang='grc' dir='ltr'>Ἀθηνις</span> <span class='ocrx_word' id='word_1_515' title='bbox 1312 4500 1612 4565; x_wconf 83' lang='grc' dir='ltr'>Ἀθήνιδος.</span> <span class='ocrx_word' id='word_1_516' title='bbox 1751 4502 1786 4553; x_wconf 91' lang='lat' dir='ltr'>l.</span> <span class='ocrx_word' id='word_1_517' title='bbox 1828 4503 1891 4552; x_wconf 80' lang='lat'>17</span> <span class='ocrx_word' id='word_1_518' title='bbox 1928 4501 2289 4552; x_wconf 79' lang='lat' dir='ltr'><strong>Choerobosc.</strong></span> <span class='ocrx_word' id='word_1_519' title='bbox 2325 4503 2445 4565; x_wconf 82' lang='lat'>421,</span> <span class='ocrx_word' id='word_1_520' title='bbox 2465 4504 2517 4556; x_wconf 86' lang='lat'>5</span> <span class='ocrx_word' id='word_1_521' title='bbox 2554 4502 2634 4551; x_wconf 77' lang='lat' dir='ltr'>sic</span> <span class='ocrx_word' id='word_1_522' title='bbox 2671 4505 2899 4550; x_wconf 75' lang='lat' dir='ltr'><strong>excusat</strong></span> <span class='ocrx_word' id='word_1_523' title='bbox 2933 4506 3225 4550; x_wconf 82' lang='lat' dir='ltr'><strong>accentum</strong></span> 
     </span>
     <span class='ocr_line' id='line_1_50' title="bbox 639 4549 3221 4634; baseline -0.001 -15"><span class='ocrx_word' id='word_1_524' title='bbox 639 4571 942 4620; x_wconf 76' lang='lat' dir='ltr'><strong>accusativi</strong></span> <span class='ocrx_word' id='word_1_525' title='bbox 977 4573 1240 4631; x_wconf 66' lang='grc' dir='ltr'>γυναῖκας</span> <span class='ocrx_word' id='word_1_526' title='bbox 1279 4571 1426 4621; x_wconf 78' lang='grc' dir='ltr'>πᾶςα</span> <span class='ocrx_word' id='word_1_527' title='bbox 1462 4569 1738 4634; x_wconf 76' lang='grc' dir='ltr'>αἰτιατική</span> <span class='ocrx_word' id='word_1_528' title='bbox 1778 4568 1982 4620; x_wconf 83' lang='grc' dir='ltr'>ἑνικῶν</span> <span class='ocrx_word' id='word_1_529' title='bbox 2019 4568 2096 4620; x_wconf 80' lang='grc' dir='ltr'>εἰς</span> <span class='ocrx_word' id='word_1_530' title='bbox 2133 4572 2169 4619; x_wconf 77' lang='grc' dir='ltr'>ἃ</span> <span class='ocrx_word' id='word_1_531' title='bbox 2194 4569 2436 4633; x_wconf 88' lang='grc' dir='ltr'>λήγουςα</span> <span class='ocrx_word' id='word_1_532' title='bbox 2462 4549 2753 4633; x_wconf 83' lang='grc' dir='ltr'>διφθόγγῳ</span> <span class='ocrx_word' id='word_1_533' title='bbox 2779 4565 3221 4631; x_wconf 85' lang='grc' dir='ltr'>παραληγομένη</span> 
     </span>
     <span class='ocr_line' id='line_1_51' title="bbox 639 4634 3223 4702; baseline -0.001 -15"><span class='ocrx_word' id='word_1_534' title='bbox 639 4639 1083 4702; x_wconf 84' lang='grc' dir='ltr'>προπεριςπᾶται</span> <span class='ocrx_word' id='word_1_535' title='bbox 1109 4635 1233 4688; x_wconf 82' lang='grc' dir='ltr'>οἷον</span> <span class='ocrx_word' id='word_1_536' title='bbox 1267 4638 1486 4699; x_wconf 78' lang='grc' dir='ltr'>γλαῦκα</span> <span class='ocrx_word' id='word_1_537' title='bbox 1522 4640 1701 4689; x_wconf 82' lang='grc' dir='ltr'>καῦκα</span> <span class='ocrx_word' id='word_1_538' title='bbox 1738 4640 1969 4702; x_wconf 81' lang='grc' dir='ltr'>προῖκα,</span> <span class='ocrx_word' id='word_1_539' title='bbox 2007 4637 2168 4700; x_wconf 80' lang='grc' dir='ltr'>αἶγα,</span> <span class='ocrx_word' id='word_1_540' title='bbox 2199 4636 2401 4700; x_wconf 65' lang='grc' dir='ltr'>παῖδα,</span> <span class='ocrx_word' id='word_1_541' title='bbox 2439 4635 2623 4686; x_wconf 81' lang='grc' dir='ltr'>δαῖτα·</span> <span class='ocrx_word' id='word_1_542' title='bbox 2661 4635 2848 4686; x_wconf 83' lang='grc' dir='ltr'>οὕτως</span> <span class='ocrx_word' id='word_1_543' title='bbox 2872 4634 2975 4686; x_wconf 84' lang='grc' dir='ltr'>οῦν</span> <span class='ocrx_word' id='word_1_544' title='bbox 3001 4635 3090 4685; x_wconf 85' lang='grc' dir='ltr'>καὶ</span> <span class='ocrx_word' id='word_1_545' title='bbox 3125 4648 3223 4695; x_wconf 88' lang='grc' dir='ltr'>γυ-</span> 
     </span>
     <span class='ocr_line' id='line_1_52' title="bbox 642 4701 3223 4772; baseline -0.001 -18"><span class='ocrx_word' id='word_1_546' title='bbox 642 4708 803 4755; x_wconf 80' lang='grc' dir='ltr'>ναῖκα</span> <span class='ocrx_word' id='word_1_547' title='bbox 843 4704 1397 4768; x_wconf 84' lang='grc' dir='ltr'>προπεριςπωμένως</span> <span class='ocrx_word' id='word_1_548' title='bbox 1433 4710 1504 4772; x_wconf 77' lang='grc' dir='ltr'>τῇ</span> <span class='ocrx_word' id='word_1_549' title='bbox 1543 4708 1719 4757; x_wconf 89' lang='grc' dir='ltr'>καταλ</span> <span class='ocrx_word' id='word_1_550' title='bbox 1763 4707 1841 4757; x_wconf 85' lang='grc' dir='ltr'>ξει</span> <span class='ocrx_word' id='word_1_551' title='bbox 1877 4707 1980 4768; x_wconf 85' lang='grc' dir='ltr'>τῆς</span> <span class='ocrx_word' id='word_1_552' title='bbox 2024 4704 2335 4768; x_wconf 89' lang='grc' dir='ltr'>διφθόγγου</span> <span class='ocrx_word' id='word_1_553' title='bbox 2368 4701 2817 4767; x_wconf 85' lang='grc' dir='ltr'>ἀκολουθηςάςης</span> <span class='ocrx_word' id='word_1_554' title='bbox 2852 4705 2957 4765; x_wconf 84' lang='grc' dir='ltr'>τῆς</span> <span class='ocrx_word' id='word_1_555' title='bbox 2992 4701 3223 4753; x_wconf 74' lang='grc' dir='ltr'>αἰτιατι-</span> 
     </span>
     <span class='ocr_line' id='line_1_53' title="bbox 643 4769 3223 4836; baseline 0.001 -16"><span class='ocrx_word' id='word_1_556' title='bbox 643 4774 771 4835; x_wconf 83' lang='grc' dir='ltr'>κῆς,</span> <span class='ocrx_word' id='word_1_557' title='bbox 811 4770 859 4824; x_wconf 87' lang='grc' dir='ltr'>εἰ</span> <span class='ocrx_word' id='word_1_558' title='bbox 896 4772 985 4822; x_wconf 80' lang='grc' dir='ltr'>καὶ</span> <span class='ocrx_word' id='word_1_559' title='bbox 1023 4771 1209 4823; x_wconf 80' lang='grc' dir='ltr'>ἐκεῖνα</span> <span class='ocrx_word' id='word_1_560' title='bbox 1247 4773 1349 4835; x_wconf 84' lang='grc' dir='ltr'>μὲν</span> <span class='ocrx_word' id='word_1_561' title='bbox 1384 4771 1742 4836; x_wconf 87' lang='grc' dir='ltr'>διςύλλαβάε</span> <span class='ocrx_word' id='word_1_562' title='bbox 1717 4787 1841 4836; x_wconf 90' lang='grc' dir='ltr'>εςι,</span> <span class='ocrx_word' id='word_1_563' title='bbox 1879 4774 2054 4823; x_wconf 82' lang='grc' dir='ltr'>τοῦτο</span> <span class='ocrx_word' id='word_1_564' title='bbox 2089 4772 2150 4823; x_wconf 87' lang='grc' dir='ltr'>δὲ</span> <span class='ocrx_word' id='word_1_565' title='bbox 2186 4771 2331 4835; x_wconf 83' lang='grc' dir='ltr'>ὑπὲρ</span> <span class='ocrx_word' id='word_1_566' title='bbox 2366 4771 2468 4821; x_wconf 87' lang='grc' dir='ltr'>δύο</span> <span class='ocrx_word' id='word_1_567' title='bbox 2503 4769 2792 4835; x_wconf 85' lang='grc' dir='ltr'>ςυλλαβάς.</span> <span class='ocrx_word' id='word_1_568' title='bbox 2963 4769 2998 4822; x_wconf 83' lang='lat' dir='ltr'>l.</span> <span class='ocrx_word' id='word_1_569' title='bbox 3035 4773 3104 4820; x_wconf 84' lang='grc'>20</span> <span class='ocrx_word' id='word_1_570' title='bbox 3138 4769 3223 4822; x_wconf 78' lang='grc' dir='ltr'>ὠς</span> 
     </span>
     <span class='ocr_line' id='line_1_54' title="bbox 642 4837 3228 4905; baseline 0.001 -17"><span class='ocrx_word' id='word_1_571' title='bbox 642 4845 772 4888; x_wconf 78' lang='lat' dir='ltr'><strong>ante</strong></span> <span class='ocrx_word' id='word_1_572' title='bbox 811 4839 904 4891; x_wconf 76' lang='grc' dir='ltr'>ἐπὶ</span> <span class='ocrx_word' id='word_1_573' title='bbox 942 4841 1165 4889; x_wconf 80' lang='lat' dir='ltr'><strong>inserui.</strong></span> <span class='ocrx_word' id='word_1_574' title='bbox 1202 4867 1270 4877; x_wconf 90' lang='lat'>--</span> <span class='ocrx_word' id='word_1_575' title='bbox 1302 4840 1339 4889; x_wconf 89' lang='lat'>1.</span> <span class='ocrx_word' id='word_1_576' title='bbox 1377 4844 1435 4889; x_wconf 85' lang='grc'>21</span> <span class='ocrx_word' id='word_1_577' title='bbox 1480 4841 1548 4891; x_wconf 89' lang='grc' dir='ltr'>τὸ</span> <span class='ocrx_word' id='word_1_578' title='bbox 1584 4841 1644 4891; x_wconf 79' lang='grc' dir='ltr'>δὲ</span> <span class='ocrx_word' id='word_1_579' title='bbox 1681 4840 1930 4904; x_wconf 85' lang='grc' dir='ltr'>θύγατρα</span> <span class='ocrx_word' id='word_1_580' title='bbox 1966 4856 2138 4905; x_wconf 80' lang='lat' dir='ltr'>usque</span> <span class='ocrx_word' id='word_1_581' title='bbox 2175 4839 2245 4890; x_wconf 78' lang='lat' dir='ltr'>ad</span> <span class='ocrx_word' id='word_1_582' title='bbox 2283 4840 2440 4889; x_wconf 81' lang='lat' dir='ltr'><strong>finem</strong></span> <span class='ocrx_word' id='word_1_583' title='bbox 2479 4856 2545 4889; x_wconf 78' lang='lat' dir='ltr'>ex</span> <span class='ocrx_word' id='word_1_584' title='bbox 2581 4839 2780 4890; x_wconf 74' lang='lat' dir='ltr'>Arcad.</span> <span class='ocrx_word' id='word_1_585' title='bbox 2820 4840 2932 4902; x_wconf 78' lang='lat'><strong>130,</strong></span> <span class='ocrx_word' id='word_1_586' title='bbox 2967 4841 3001 4888; x_wconf 83' lang='lat'>5</span> <span class='ocrx_word' id='word_1_587' title='bbox 3036 4837 3228 4890; x_wconf 76' lang='lat' dir='ltr'><strong>adieci</strong></span> 
     </span>
    </p>
   </div>
   <div class='ocr_carea' id='block_1_8' title="bbox 3640 0 3643 743">
    <p class='ocr_par' dir='ltr' id='par_1_18' title="bbox 3640 0 3643 743">
     <span class='ocr_line' id='line_1_55' title="bbox 3640 0 3643 743; baseline 0 0"><span class='ocrx_word' id='word_1_588' title='bbox 3640 0 3643 743; x_wconf 95' lang='lat' dir='ltr'> </span> 
     </span>
    </p>
   </div>
   <div class='ocr_carea' id='block_1_9' title="bbox 3640 896 3643 2577">
    <p class='ocr_par' dir='ltr' id='par_1_19' title="bbox 3640 896 3643 2577">
     <span class='ocr_line' id='line_1_56' title="bbox 3640 896 3643 2577; baseline 0 0"><span class='ocrx_word' id='word_1_589' title='bbox 3640 896 3643 2577; x_wconf 95' lang='lat' dir='ltr'> </span> 
     </span>
    </p>
   </div>
  </div>
 </body>
</html>
