3664 5546
1063 456 1072 465 ·
1140 433 1297 488 ΠΕΡΙ
1339 432 1728 488 ΚΑΘΟΛΙΚΗ(
1764 430 2185 487 ΠΡΟΕΩιΔΙΑ(
2225 431 2303 485 ΙΘ.
2885 429 3013 496 505

607 607 701 672 Τὰ
743 606 848 671 διὰ
891 611 1009 672 τοῦ
1048 609 1069 671 ἰ
1112 605 1572 685 ἐπεκτεταμένα
1615 609 1933 670 δεικτικῶς
1963 602 2286 686 ὀξύνεται,
2330 603 2575 685 δευρί,
2626 603 2833 685 νυνί,
2880 603 3011 668 ού-

439 709 656 791 τωςί,
702 708 870 791 ὡδί,
915 706 1212 790 ἐνθαδί,
1258 706 1672 773 ἐντευθενί.
1759 708 1837 772 τὸ
1882 708 2008 772 κοῖ
2051 705 2286 786 μίμημά
2328 705 2451 770 ἐςτι
2495 707 2721 785 φωνῆς
2766 703 3010 780 ἀλόγου

444 813 632 893 Ζῴου.
722 810 1030 890 ἑχρήςατο
1095 811 1167 874 δὲ
1232 811 1335 875 καὶ
1389 809 1845 889 Ἀριςτοφάνης
1896 814 1974 890 τῇ
2040 809 2217 875 λέξει.
2314 808 2416 872 καὶ
2472 806 2551 870 τὰ
2609 806 3011 886 παρωνύμως

440 914 816 993 παρηγμένα
871 911 1190 995 ὀξύνεται,
1246 911 1408 991 ἅπερ
1460 913 1628 977 τινὲς
1684 911 1789 976 διὰ
1844 914 1955 988 τῆς
2012 914 2066 975 ἐἰ
2121 909 2509 991 διφθόγγου,
2561 910 2729 973 τινὲς
2784 910 2856 973 δὲ
2906 909 3012 973 διὰ

439 1019 554 1078 τοῦ
599 1016 630 1077 ἰ
673 1015 989 1095 γράφουςι
1034 1018 1305 1096 μακροῦ,
1359 1013 1691 1093 πάνδημος
1733 1013 2144 1096 πανδημεί,
2201 1011 2551 1077 ἄπνευςτος
2603 1010 3007 1094 ἀπνευςτί,
3051 1019 3084 1069 5

440 1115 850 1197 ἀναιμωτί,
898 1114 1248 1198 ἀκλαυτί,
1295 1114 1702 1197 ἀνιδρωτί,
1756 1112 2132 1197 ἀπηρωτί,
2191 1113 2554 1196 ἀπαυςτί,
2609 1112 3010 1194 ἀγελαςτί,

441 1216 846 1299 αὐτονυχί,
913 1217 1248 1301 ἀκονιτί,
1311 1217 1712 1300 πανθοινί,
1777 1216 2066 1301 ἀκριτί,
2131 1216 2435 1297 ἑρρεντί
2493 1215 2667 1294 παρὰ
2730 1214 3010 1298 Ἀλκαίῳ.

441 1319 571 1384 ἀπὸ
615 1323 731 1384 τοῦ
776 1319 946 1398 ἔρρω
984 1320 1023 1398 ἢ
1056 1319 1223 1399 έρρῶ
1252 1319 1734 1399 περιςπωμένου
1777 1318 1816 1397 ἡ
1849 1321 2083 1399 μετοχὴ
2129 1319 2331 1399 ἑρρείς
2361 1318 2657 1398 ἐρρέντος
2700 1315 3012 1396 ἑρρεντί

443 1422 533 1486 ὡς
562 1421 736 1499 παρὰ
765 1422 841 1486 τὸ
872 1421 1208 1487 ἐθέλοντος
1252 1421 1641 1504 έθελοντί,
1687 1420 1971 1503 ἀμιςθί,
2017 1420 2366 1502 ἀμογητί.
2425 1421 2501 1485 τὸ
2544 1420 2617 1484 δὲ
2647 1422 2679 1482 ῑ
2724 1418 2859 1483 ἐςθ’
2903 1417 3011 1483 ὅτε

445 1523 546 1587 καὶ
585 1524 1083 1602 ςυνεςταλμένον
1128 1524 1519 1603 προφέρεται
1564 1521 1746 1607 ἀδείᾳ
1790 1530 2081 1607 ποιητικῇ
2118 1524 2410 1602 «Νέςτωρ
2445 1522 2512 1587 δ’
2543 1522 2581 1586 6
2612 1522 2822 1600 γέρων
2855 1520 3009 1600 ἀμο-
3050 1527 3113 1578 10

439 1625 619 1703 γητί»
666 1625 743 1707 (Λ
786 1623 939 1706 636)
985 1625 1234 1705 «ἀμιςθὶ
1283 1625 1406 1703 γάρ
1461 1645 1526 1690 ςε
1571 1624 1876 1705 πάμπαν»
1926 1623 2253 1709 (Archil.).
2340 1624 2433 1689 Τὰ
2488 1625 2559 1689 δὲ
2603 1623 2691 1688 εἰς
2736 1623 2934 1703 βραχὺ
2981 1625 3012 1685 ‘i

441 1727 879 1804 καταλήγοντα
942 1727 1285 1807 διςύλλαβα
1341 1726 1499 1793 ὄντα
1564 1726 1938 1806 βαρύνεςθαι
2000 1728 2198 1810 θέλει,
2263 1726 2409 1808 ἔτι,
2475 1724 2684 1806 αὖθι,
2745 1725 3009 1803 νόςφι,

440 1829 592 1911 ἶφι,
636 1827 843 1912 ἄγχι,
889 1830 1141 1911 μέχρι,
1186 1827 1396 1910 ἄχρι,
1443 1831 1672 1912 κεῖθι,
1718 1828 1928 1911 πόθι,
1975 1828 2175 1911 ἄρτι,
2219 1828 2376 1911 ἦρι,
2421 1826 2556 1906 ὕψι
2598 1862 2685 1874 —-
2725 1827 2893 1891 τινὲς
2938 1827 3011 1890 δὲ

440 1935 633 1995 τοῦτο
691 1930 986 1999 ὀξύνουςι
1033 1966 1120 1977 -
1170 1932 1296 2015 ᾗχι
1352 1933 1428 1997 τὸ
1482 1931 1836 2011 γενόμενον
1892 1931 2210 1996 έπεκτάςει
2265 1934 2376 2007 τῆς
2429 1934 2496 2008 χῖ
2551 1931 2891 2012 ςυλλαβῆς,
2948 1926 3012 1993 οἱ

440 2033 717 2113 Δωριεῖς
761 2033 888 2117 ᾇχι
937 2033 1188 2110 λέγουςι
1234 2033 1337 2098 διὰ
1380 2037 1497 2098 τοῦ
1542 2035 1582 2097 ἇ
1628 2032 1771 2116 «ᾇχι
1815 2032 1972 2112 Λίχα
2016 2034 2175 2113 μέγα
2218 2036 2416 2113 ςᾶμα»
3048 2037 3111 2090 15

1056 2128 1063 2135 ’
1454 2135 1558 2219 ᾇχι
1604 2135 1642 2199 6
1686 2136 1935 2202 κλεινὸς
2894 2137 2909 2151 “

700 2246 731 2277 “
1242 2238 1784 2318 Ἀμφιτρυωνίδας

440 2341 839 2421 Ἀρίςταρχος
882 2341 958 2406 τὸ
1001 2341 1106 2425 ᾗχι
1136 2340 1291 2406 ἄνευ
1321 2345 1437 2405 τοῦ
1479 2342 1513 2403 ἶ
1555 2340 1706 2419 φηςί
1749 2339 2031 2419 καθάπερ
2076 2339 2178 2404 καὶ
2218 2340 2294 2404 τὸ
2322 2337 2441 2418 ἧφι
2472 2338 2680 2420 βίηφι,
2723 2337 2761 2417 ἡ
2794 2338 3011 2418 μέντοι

576 2611 611 2662 l.
652 2614 679 2661 1
762 2628 819 2661 ro
855 2608 1015 2663 τουτί
1048 2613 1245 2677 scripsi
1280 2609 1487 2663 οὑτωςί
1534 2613 1607 2663 cf.
1642 2612 1830 2664 Dichr.
1867 2615 1991 2674 301,
2029 2616 2086 2663 3:
2131 2609 2188 2663 αἱ
2231 2610 2320 2663 διὰ
2353 2614 2456 2663 τοῦ
2495 2614 2527 2661 ἶ
2565 2610 2749 2674 μόνου
2778 2609 3012 2663 ἑπεκτά·

442 2693 551 2731 ςεις
588 2678 650 2730 ἐν
686 2694 716 2730 ο
743 2679 1005 2745 ῳδήποτε
1052 2678 1199 2744 μέρει
1236 2679 1409 2742 λόγου
1443 2679 1817 2742 ἐκτεταμένον
1843 2679 2024 2743 ἑχουςι
2047 2678 2116 2731 τὸ
2155 2683 2207 2744 “ι“,
2247 2677 2374 2743 ὡδί,
2413 2678 2626 2743 ἐνθαδί,
2665 2677 2809 2738 νυνί,
2846 2677 3012 2744 δευρί.

442 2747 511 2799 τὸ
548 2745 691 2799 αὐτὸ
728 2746 819 2799 καὶ
854 2746 948 2799 ἐπὶ
981 2750 1103 2799 τῶν
1138 2746 1539 2811 ἀντωνυμιῶν,
1578 2746 1837 2814 ἑκεινοςί,
1875 2746 2077 2801 ούτοςί.
2135 2749 2198 2800 Ε.
2233 2750 2306 2800 Μ.
2343 2751 2458 2808 3413
2495 2751 2578 2799 44.
2613 2775 2681 2785 —-
2713 2747 2750 2799 l.
2787 2752 2817 2800 3
2854 2746 3012 2813 ἐχρή-

444 2831 576 2868 ςατο
614 2844 679 2851 -
713 2820 784 2882 τῇ
822 2815 966 2868 λέξει
1013 2815 1204 2867 addidi
1250 2834 1317 2867 ex
1353 2819 1453 2883 Ep.
1494 2817 1580 2867 Cr.
1616 2819 1642 2868 1
1675 2821 1801 2879 294,
1840 2822 1871 2869 3
1905 2818 2024 2868 loco
2069 2823 2256 2869 nostro
2301 2817 2594 2869 simillimo.
2633 2844 2696 2853 —
2733 2816 2769 2866 l.
2805 2820 2837 2868 ὃ
2874 2815 3011 2868 πάν-

443 2885 615 2950 δημος
661 2882 965 2949 πανδημεί,
1014 2901 1084 2934 ne
1128 2886 1276 2935 absit
1322 2885 1627 2950 exemplum
1683 2887 1989 2951 scripturae
2036 2901 2135 2951 per
2179 2888 2252 2946 “ει“,
2301 2886 2485 2936 adieci
2532 2901 2599 2936 ex
2647 2886 2840 2951 fragm.
2890 2885 3011 2938 cod.

444 2955 700 3017 Bai-occ„
736 2949 1011 3015 ἀναιμωτί
1046 2979 1111 2989 -
1147 2951 1414 3017 αὐτονυχί
1449 2969 1517 3004 ex
1552 2954 1797 3020 Theogn.
1836 2957 1961 3018 159,
2002 2957 2092 3017 19,
2136 2951 2353 3005 ἀκονιτί
2387 2981 2452 2988 -—
2487 2950 2668 3018 ἀκριτί
2713 2970 2780 3003 ex
2825 2953 3014 3004 Dichr.

442 3042 568 3100 300,
610 3040 700 3088 1⁷:
745 3036 817 3089 τὰ
861 3035 939 3089 εἰς
973 3039 1026 3088 “r-t
1071 3035 1321 3102 λήγοντα
1365 3036 1742 3102 ἐπιρρήματα,
1783 3035 1834 3089 εί
1874 3037 2095 3100 γένοιτο
2141 3037 2255 3090 ἀπὸ
2291 3039 2412 3089 τῶν
2460 3034 2536 3089 εἰς
2582 3041 2660 3089 Ζω
2710 3037 3013 3102 ληγόντων

442 3104 713 3170 ῥημάτων
749 3106 784 3170 ἢ
822 3104 938 3157 ἀπὸ
973 3107 1094 3157 τῶν
1131 3103 1209 3157 εἰς
1249 3121 1327 3158 ως
1363 3104 1761 3170 ἐπιρρημάτων
1806 3105 2122 3157 ςυςτέλλειν
2157 3106 2307 3158 θέλει
2342 3104 2411 3157 τὸ
2448 3109 2499 3170 ἶ,
2551 3104 2735 3170 Ἰαςτί,
2772 3104 3010 3168 Λυδιςτί,

443 3171 731 3239 Φρυγιςτί,
768 3171 1038 3238 Δωριςτί,
1078 3171 1416 3237 μεγαλωςτί,
1469 3172 1761 3238 δημιωςτί,
1800 3172 2052 3239 ἱερωςτί,
2099 3172 2317 3226 νεωςτί.
2385 3173 2454 3225 τὸ
2502 3173 2696 3236 μέντοι
2742 3172 3011 3226 ἀπνευςτί

442 3242 531 3293 καὶ
568 3239 799 3293 ἀνωϊςτί
836 3241 986 3306 παρὰ
1020 3241 1089 3293 τὸ
1125 3241 1434 3293 ἄπνευςτος
1471 3242 1562 3293 καὶ
1598 3241 1894 3294 ἀνώϊςτος·
1931 3241 2003 3294 τὰ
2037 3240 2098 3293 δὲ
2131 3241 2246 3294 ἀπὸ
2292 3245 2600 3302 πτωτικῶν
2645 3241 2800 3294 οὕτω
2838 3240 3010 3306 μηκύ-

442 3324 620 3361 νεται·
658 3308 736 3361 ὡς
773 3309 885 3373 ἔχει
920 3308 989 3361 τὸ
1026 3307 1265 3372 ἀκονιτί,
1304 3307 1603 3374 ἀναιμωτί,
1643 3308 1901 3373 ἀκλαυτί,
1950 3308 2236 3374 πανθοινί,
2283 3307 2488 3375 ἀκριτί,
2527 3308 2790 3396 ἀμογητί·
2842 3310 2912 3361 τὸ
2950 3309 3011 3362 δὲ

443 3380 477 3428 ἰ’
512 3377 634 3429 ἑςθ’
677 3376 775 3429 ὅτε
822 3376 910 3428 καὶ
956 3377 1397 3442 ςυνεςταλμένον
1443 3377 1788 3443 προφέρεται
1832 3376 1988 3446 ἀδείᾳ
2032 3381 2292 3445 ποιητικῇ
2338 3377 2611 3443 «Νέςτωρ
2654 3377 2686 3429 δ
2749 3378 2781 3430 6
2826 3376 3011 3444 γέρων

443 3442 746 3509 ἀμογητί»·
784 3443 938 3496 οὕτω
976 3444 1036 3497 δὲ
1061 3445 1152 3496 καὶ
1176 3443 1356 3509 ἅμιςθί
1392 3444 1614 3510 «ἀμιςθὶ
1637 3445 1742 3512 γάρ
1767 3461 1825 3498 ςε
1853 3444 2144 3510 πάμπαν».
2183 3447 2255 3497 cf.
2281 3447 2462 3512 Apoll.
2491 3446 2558 3495 de
2585 3446 2707 3497 adv.
2734 3449 2828 3498 571
2857 3462 3010 3511 seqq.

443 3542 508 3549 -—
545 3511 762 3578 ἐρρεντί
797 3541 858 3550 -
897 3511 1153 3565 ἐθελοντί
1188 3516 1369 3580 recepi
1405 3531 1473 3565 ex
1508 3516 1573 3566 Ε.
1610 3515 1683 3566 Μ.
1719 3518 1838 3576 377,
1879 3518 1964 3576 19,
2002 3512 2183 3578 ἀμιςθί
2218 3541 2282 3551 --
2318 3515 2352 3567 l.
2393 3517 2452 3564 11
2490 3512 2726 3578 πάμπαν
2763 3513 3010 3579 (Archil.)

445 3599 511 3631 ex
547 3582 735 3636 Dichr.
775 3581 809 3631 l.
850 3597 895 3634 c.
930 3609 996 3618 —
1042 3584 1120 3633 Ut
1164 3599 1231 3633 ex
1268 3583 1523 3633 Eustath.
1560 3586 1683 3643 708,
1722 3587 1752 3633 2
1798 3582 2046 3634 concludi
2128 3588 2300 3634 otest:
2345 3581 2414 3634 τὸ
2458 3579 2758 3646 αὐτονυχεί
2801 3581 2865 3633 ἐν
2909 3581 3012 3646 μὲν

443 3652 563 3700 τοῖς
602 3646 880 3701 Ἀπίωνος
920 3650 1011 3701 καὶ
1047 3649 1368 3716 Ἠροδώρου
1403 3650 1492 3703 διὰ
1526 3654 1629 3702 τοῦ
1667 3654 1699 3703 ῖ
1733 3649 2034 3715 γράφεται,
2153 3652 2241 3703 λοι
2286 3648 2346 3701 δὲ
2391 3648 2479 3701 διὰ
2522 3649 2831 3714 διφθόγγου
2866 3648 3010 3702 αὐτὸ

445 3717 701 3792 ἔγραψαν
761 3722 817 3767 et
871 3718 1058 3771 Dichr.
1114 3719 1149 3768 l.
1197 3736 1268 3782 c.‚
1324 3719 1674 3770 Herodianus
1726 3720 1867 3770 haec
1920 3719 2185 3770 adverbia
2239 3735 2338 3785 per
2382 3721 2415 3769 ἰ’
2461 3718 2708 3784 scripsit,
2763 3719 3008 3784 Theogn.

445 3804 559 3860 165,
596 3803 626 3851 7
662 3817 828 3851 unum
862 3798 1043 3866 ἀμιςθί
1079 3820 1145 3853 ex
1181 3804 1462 3854 adverbiis
1496 3805 1553 3855 in
1589 3789 1687 3855 δεῖ
1719 3820 1817 3870 per
1853 3806 1886 3855 ἶ
1920 3804 2087 3855 scribi
2133 3804 2397 3863 affirmat,
2443 3803 2656 3869 reliqna
2699 3808 2761 3853 ut
2794 3801 3008 3866 ἀμοθεί,

443 3867 675 3934 ἀμοχθεί
710 3885 811 3934 per
844 3873 895 3921 H
931 3872 1281 3935 pronunciari
1314 3872 1471 3922 iubet
1504 3874 1626 3937 pari
1660 3872 1819 3922 modo
1857 3878 2022 3937 atque
2059 3872 2348 3936 adverbia,
2386 3887 2611 3937 quorum
2655 3870 2814 3921 finem
2857 3888 3016 3923 voca·

444 3955 515 4004 lis
560 3953 842 4019 praecedit
892 3952 1068 4018 ἀθεεί,
1106 3953 1219 4020 ἀεί,
1256 3954 1517 4019 αὐτοβοεί
1552 3961 1611 4007 et
1644 3957 1910 4008 adverbia
1953 3959 2011 4007 in
2055 3957 2139 4009 λει
2173 3955 2386 4019 ἀςυλεί,
2423 3953 2742 4020 πανομιλεί,
2782 3953 3011 4008 άναυλεί

444 4027 501 4072 et
537 4022 593 4071 in
627 4023 716 4083 “yffi
755 4023 1013 4074 exeuntia
1050 4021 1351 4087 πανδημεί,
1398 4022 1649 4089 άτρεμεί,
1694 4023 1902 4089 ἠρεμεί.
1936 4052 2001 4060 —-
2044 4024 2080 4075 l.
2121 4028 2183 4075 12
2227 4024 2311 4076 ἔτι
2346 4024 2536 4075 addidi
2574 4040 2640 4073 ex
2675 4025 2777 4078 An.
2818 4024 2918 4074 Ox.
2957 4026 3012 4075 ΙΙ

442 4093 562 4152 365,
598 4092 687 4150 23,
723 4087 813 4153 ἶφι
850 4107 918 4140 ex
954 4091 1196 4156 Theogn.
1237 4095 1352 4153 159,
1389 4094 1454 4142 22
1491 4098 1546 4143 et
1580 4094 1703 4147 Arc.
1741 4097 1824 4151 41,
1863 4096 1946 4142 24.
2018 4092 2084 4143 de
2122 4094 2508 4143 terminatione
2543 4095 2609 4155 ᾗ
2647 4093 2719 4145 cf.
2756 4092 2902 4145 Mon.
2927 4095 3009 4154 38,

445 4162 511 4208 13
543 4156 975 4222 Λιβυαφιγενήςτ
1014 4158 1048 4221 ἡ
1087 4157 1176 4210 διὰ
1210 4160 1314 4210 τοῦ
1351 4164 1415 4224 αῖ
1452 4159 1740 4212 ἐπέκταςις
1777 4159 2053 4211 οὐδέποτε
2090 4159 2238 4212 θέλει
2275 4159 2400 4210 κατ’
2433 4158 2610 4224 ἀρχὴν
2646 4157 3008 4223 ςυντίθεςθαι,

445 4224 603 4292 μόνῳ
638 4224 700 4277 δὲ
736 4225 1232 4291 παρηκολούθηςεν
1279 4226 1338 4278 ἐν
1382 4231 1467 4293 τῷ
1513 4227 1843 4293 ἐπιρρήματι
1888 4231 1972 4294 τῷ
2015 4227 2106 4291 ἶφι
2152 4226 2221 4279 τὸ
2266 4228 2521 4289 τοιοῦτο,
2562 4226 2850 4290 Ἰφιγένεια
2889 4228 3010 4291 Ἰφι-

443 4295 579 4359 κλῆς
616 4290 922 4357 Ἰφιάναςςα
967 4294 1057 4345 καὶ
1103 4294 1205 4346 δςα
1247 4294 1390 4346 ἄλλα
1432 4294 1543 4347 ἐςτι
1587 4299 1836 4348 τοιαῦτα.
1905 4294 2261 4361 πεπλάνηται
2303 4294 2408 4346 οὖν
2452 4294 2662 4357 Ἴβυκος
2708 4293 2888 4347 εἰπὼν
2923 4296 3010 4348 Λι-

444 4359 802 4426 βυαφιγενής.
848 4361 978 4412 Lob.
1016 4362 1100 4412 El.
1136 4364 1190 4413 11
1226 4365 1341 4414 255.
1413 4363 1566 4429 μέχρι
1601 4392 1667 4400 -
1704 4363 1839 4416 πόθι
1883 4380 1950 4415 ex
1994 4364 2242 4426 Theogn.
2278 4386 2346 4399 —-
2377 4362 2527 4414 τινὲς
2571 4362 2632 4414 δὲ
2675 4366 2849 4414 τοῦτο
2887 4362 3010 4415 ὀξύ-

444 4444 631 4482 νουςιν
676 4429 868 4480 addidi
914 4447 981 4481 ex
1016 4430 1083 4481 11.
1120 4431 1205 4482 Pr.
1246 4430 1288 4482 Ν
1330 4435 1449 4483 14οε
1488 4431 1615 4496 ihm:
1664 4430 1741 4483 ὡς
1788 4430 1968 4483 οἴκοθι
2012 4432 2103 4483 καὶ
2147 4431 2298 4495 ἄγχι,
2347 4430 2425 4482 ὥς
2471 4445 2604 4496 φηςι
2639 4430 3009 4495 Πτολεμαῖος.

442 4498 590 4550 τινὲς
615 4497 677 4549 δὲ
703 4497 821 4548 κτλ.
846 4524 910 4535 -
934 4497 969 4550 l.
997 4501 1061 4549 14
1084 4496 1154 4549 τὸ
1177 4498 1485 4563 γενόμενον
1511 4527 1574 4537 -
1598 4500 1634 4551 l.
1664 4503 1691 4550 1
1717 4517 1767 4566 p.
1795 4516 1908 4566 seq.
1939 4499 2050 4562 ἔχει
2073 4499 2143 4551 τὸ
2166 4499 2188 4552 ῑ
2222 4501 2499 4566 composui
2524 4516 2592 4550 ex
2615 4501 2678 4554 Ε.
2706 4500 2778 4549 Μ.
2803 4502 2923 4563 417,
2954 4504 3008 4550 1:

446 4563 625 4618 ίςτέον
669 4566 756 4618 ὅτι
791 4566 861 4618 τὸ
898 4566 988 4630 ᾗχι
1032 4565 1101 4617 τὸ
1137 4566 1435 4629 γινόμενον
1477 4566 1766 4620 ἑπεκτάςει
1809 4570 1912 4634 τῆς
1948 4572 1999 4635 χι
2037 4568 2335 4633 ςυλλαβῆς,
2374 4566 2452 4618 ὡς
2495 4566 2564 4619 τὸ
2609 4565 2701 4619 ναί
2746 4566 2917 4631 ναίχι,
2956 4566 3011 4619 oi

446 4634 681 4699 Δωριεῖς
728 4633 816 4701 ᾇχι
851 4633 1069 4697 λέγουςι
1104 4663 1170 4671 -
1209 4633 1701 4701 Ἀμφιτρυωνίδας.
1772 4638 2007 4689 πολλῶν
2050 4636 2112 4688 δὲ
2148 4635 2440 4699 λεγόντων
2475 4635 2577 4687 ςὺν
2611 4639 2695 4701 τῷ
2739 4634 2761 4687 ῑ
2803 4634 3008 4700 γράφε-

446 4703 566 4774 ςθαι
611 4703 699 4754 καὶ
744 4703 977 4754 πολλῶν
1013 4702 1433 4765 ἀντιλεγόντων
1469 4704 1636 4769 χωρὶς
1671 4707 1774 4756 τοῦ
1810 4705 1857 4769 i,
1894 4708 1995 4771 τῆς
2042 4704 2230 4768 μέντοι
2268 4702 2629 4769 παραδόςεως
2674 4702 2904 4768 ἑχούςης
2939 4703 3009 4754 τὸ

449 4782 466 4816 ι
491 4767 725 4832 (δίκαιον
745 4772 954 4836 ἥγημαι
980 4777 1036 4822 et
1062 4788 1200 4837 qnae
1238 4777 1540 4838 sequuntur
1565 4774 1827 4836 ineptiae,
1866 4779 2056 4825 assuta
2092 4778 2221 4824 sunt
2244 4773 2313 4823 ab
2340 4770 2724 4838 epitomatore)
2750 4778 2805 4822 et
2831 4771 3010 4822 Schol.

451 4835 521 4883 ad
557 4836 658 4890 Od.
683 4852 719 4899 γ
743 4841 830 4888 87:
868 4840 984 4906 ᾗχι;
1026 4838 1376 4905 Ἀρίςταρχος
1411 4839 1480 4892 τὸ
1517 4839 1607 4905 ἧχι
1642 4840 1778 4894 ἄνευ
1814 4844 1918 4895 τοῦ
1953 4841 1976 4894 ἰ’
2010 4838 2170 4906 φηςί,
2209 4838 2460 4905 καθάπερ
2485 4839 2576 4890 καὶ
2599 4839 2669 4890 τὸ
2695 4838 2797 4904 ἧφι
2833 4837 3007 4905 βίηφι,

448 4903 542 4956 ubi
574 4904 723 4969 qnod
755 4906 1102 4960 Herodianus
1144 4909 1578 4975 contradixerat,
1624 4915 1688 4962 ut
1729 4912 1951 4980 saepius
1997 4908 2214 4962 excidit.
2284 4910 2421 4960 Nam
2456 4908 2831 4962 Herodianum
2872 4908 3011 4959 haec
