3664 5546
657 373 737 437 14
1596 375 1678 431 ΕΚ
1715 375 1856 430 ΤΩΝ
1898 375 2305 431 ΗΡΩΔΙΑΝΟΥ

647 542 959 624 ςύμφωνα
1013 544 1115 608 καὶ
1170 544 1329 609 κατὰ
1384 545 1700 625 ςύλληψιν
1752 546 1859 611 καὶ
1909 547 2069 612 κατὰ
2125 546 2468 613 διάςταςιν·
2532 548 2637 612 καὶ
2680 546 2982 627 δηλονότι
3038 551 3231 613 πλεο-

647 646 882 725 ναςμὸς
926 645 1182 721 ἐγένετο
1230 648 1579 728 ςυμφώνου
1624 648 1694 712 ἐν
1739 654 1831 733 τῷ
1878 647 2173 730 ὀνόματι·
2218 649 2272 714 εἰ
2315 649 2441 729 γὰρ
2481 650 2657 728 παρὰ
2700 652 2816 729 τὴν
2848 648 3051 730 ἀκμήν
3097 650 3233 728 ἐγέ-

646 767 829 830 νετο,
884 747 1283 814 πεπλεόνακε
1338 750 1413 814 τὸ
1460 737 1532 832 λ,
1577 748 1632 815 εἰ
1676 752 1746 815 δὲ
1791 750 1967 829 παρὰ
2020 753 2136 831 τὴν
2193 750 2425 834 ἀλκήν,
2479 752 2879 817 πεπλεόνακε
2935 753 3010 818 τὸ
3056 757 3125 831 μ’
3181 752 3236 817 εἰ

647 850 718 914 δὲ
773 849 950 928 παρὰ
1001 850 1077 915 τὸ
1144 849 1436 935 ἄλκιμος,
1501 852 1571 916 ἐν
1629 860 1912 935 ςυγκοπῇ
1967 852 2264 930 γέγονεν·
2329 860 2421 938 τῷ
2476 854 2599 933 γὰρ
2654 854 2877 933 κύριον
2933 846 3101 922 εἶναι
3156 856 3232 920 τὸ

585 962 619 1013 5
648 950 857 1032 ὄνομα
900 952 1021 1017 οὐκ
1063 950 1392 1018 εὐθύνεται
1439 954 1566 1020 ὑπὸ
1611 958 1727 1019 τοῦ
1773 954 2254 1035 ςημαινομένου.

814 1071 908 1136 Τὰ
981 1069 1069 1136 εἰς
1134 1072 1218 1159 ἄν
1283 1072 1362 1136 οὐ
1426 1073 1908 1152 παραλήγονται
1981 1080 2059 1158 τῇ
2126 1078 2180 1138 {i
2255 1074 2589 1158 διφθόγγῳ
2663 1072 2809 1140 οἷον
2880 1076 3231 1160 Ἀλκμάν,

644 1171 930 1237 Παιάν·
975 1172 1051 1237 τὸ
1094 1173 1217 1251 γὰρ
1265 1172 1650 1258 Ἀργειάν,
1706 1176 1832 1241 ἔςτι
1879 1178 1951 1242 δὲ
1994 1174 2204 1257 ὄνομα
2247 1175 2444 1256 ὄρους
2490 1177 2870 1260 Μεςςηνίας,
2927 1177 3058 1244 ἀπὸ
3113 1182 3232 1244 τοῦ

645 1274 931 1352 Ἀργεῖος
975 1273 1104 1353 ἔχει
1149 1275 1265 1353 τὴν
1311 1275 1688 1356 δίφθογγον.

813 1393 908 1485 Τὰ
962 1392 1050 1458 εἰς
1104 1397 1184 1472 ἦν
1242 1394 1526 1472 λήγοντα
1578 1398 1659 1477 μὴ
1715 1398 2162 1478 ςυντεθειμένα
2215 1396 2346 1463 ἀπὸ
2402 1402 2533 1464 τῶν
2589 1398 2678 1464 εἰς
2732 1403 2812 1478 η“ν
2870 1398 3116 1484 ῥητῶν,
3174 1400 3227 1465 εἰ

548 1508 610 1559 10
644 1494 784 1574 ἔχοι
828 1496 957 1574 πρὸ
1003 1499 1126 1560 τοῦ,
1162 1501 1242 1575 ἰῇ
1288 1499 1442 1562 δαςὺ
1488 1497 1838 1579 ςύμφωνον
1882 1500 1921 1577 ἢ
1968 1499 2188 1582 ψιλόν,
2234 1498 2560 1566 ὀξύνεςθαι
2591 1502 2761 1567 Θέλει
2809 1500 2953 1568 οἷον
3001 1500 3230 1585 ἀχήν,

646 1598 949 1680 λειχήν,
1015 1597 1295 1682 αὐχήν,
1367 1600 1629 1680 Κηφήν
1689 1600 1821 1666 ἀπὸ
1892 1602 2157 1682 Κηφέως
2220 1605 2338 1667 τοῦ
2401 1604 2646 1681 πατρὸς
2702 1603 3127 1686 Ἀνδρομέδας
3192 1604 3230 1670 ὁ

642 1696 908 1782 Αἴθιοψ,
956 1699 1261 1779 Ὀρφήν.
1306 1700 1376 1764 in
1419 1699 1874 1767 huiuscemodi
1920 1712 2140 1768 tamen
2181 1701 2635 1768 terminatione
2682 1702 2799 1789 (se.
2850 1706 2987 1791 ’eu—c)
3034 1727 3226 1793 quae-

644 1798 795 1863 dam
837 1801 1261 1867 inveniuntur
1303 1803 1660 1869 mutatione
1708 1804 1827 1871 e'fi's
1871 1803 2279 1892 diphthongi*
2312 1807 2385 1870 in
2430 1808 2499 1871 ἴε
2548 1804 2815 1892 longam
2858 1806 3115 1893 prolata
3156 1817 3230 1872 ut

644 1902 965 1983 Ἀχιλλεύς
1019 1903 1341 1989 Achilles,
1399 1908 1681 1987 Περςεύς
1728 1908 1992 1990 Perses,
2044 1907 2347 1975 Οὐλιξεύς
2404 1906 2668 1991 mixi-ie,
2724 1910 2794 1974 in
2848 1931 2975 1996 quo
3029 1906 3229 1975 Doris

545 2022 608 2073 15
644 2005 997 2091 sequimur,
1045 2007 1158 2093 qui
1200 2030 1318 2094 pro
1363 2008 1613 2076 Φυλεύς
1657 2010 1903 2095 Φύλης,
1948 2031 2066 2097 pro
2113 2010 2389 2091 Ὀρφεύς
2431 2011 2682 2093 Ὄρφης
2726 2021 2792 2075 et
2836 2012 3085 2094 Ὀρφήν
3128 2011 3225 2075 di-

642 2116 831 2189 cunt,
887 2127 1004 2195 pro
1048 2109 1289 2176 Τυδεύς
1333 2111 1554 2191 Τύδης.
1655 2111 1766 2177 Sic
1820 2111 2256 2177 Antimachus
2309 2113 2377 2175 in
2434 2113 2468 2177 I
2511 2112 2919 2180 Thebaidos:
2981 2116 3228 2195 «Τύδης

642 2210 709 2275 τ’
754 2209 1080 2292 Οἰνείδης»
1128 2220 1194 2276 et
1238 2212 1613 2278 vocativum
1656 2214 1725 2278 in
1759 2206 1806 2280 ’ὅ
1857 2214 2273 2302 productam:
2323 2215 2481 2292 «τὸν
2526 2216 2628 2281 καὶ
2682 2217 2987 2298 φωνήςας
3030 2239 3224 2298 προς-

642 2313 835 2397 ἑφης,
881 2313 1097 2392 Οἰνήῖε
1141 2315 1354 2397 Τύδη»
1402 2324 1568 2380 teste
1600 2321 1977 2396 Herodiano,
2028 2317 2140 2404 qui
2182 2316 2308 2382 hoc
2349 2316 2533 2403 ponit
2575 2317 2646 2381 in
2688 2321 2733 2381 I
2755 2323 3223 2386 Catholicorum.

641 2414 943 2480 similiter
999 2414 1245 2504 Ibyeus
1302 2417 1741 2499 ὀνομακλυτός
1796 2420 2045 2501 Ὀρφήν
2100 2418 2274 2483 dixit
2327 2418 2673 2509 (Priscian.
2728 2418 2843 2485 lib.
2888 2419 2990 2486 VI
3045 2443 3101 2486 c.
3146 2422 3229 2486 92

539 2533 607 2585 20
638 2541 704 2606 p.
749 2517 875 2583 276
920 2516 1202 2605 Hertz.).
1296 2522 1575 2603 Κωφήν
1630 2523 1817 2588 πόλις
1862 2524 1981 2588 οὐκ
2025 2521 2283 2588 ἄπωθεν
2327 2522 2785 2608 Μαςςαγετῶν,
2829 2525 2868 2603 ἣ
2913 2525 3015 2589 καὶ
3045 2524 3224 2605 Ἀρα-

639 2622 834 2702 χωςία
876 2624 1175 2688 καλεῖται.

806 2742 901 2809 Τὰ
945 2740 1035 2808 εἰς
1076 2744 1157 2824 ῆῦ
1201 2743 1439 2823 ἔχοντα
1493 2743 1563 2810 ἐν
1609 2750 1684 2830 τῇ
1733 2745 1863 2825 πρὸ
1919 2745 2145 2811 τέλους
2200 2747 2476 2830 ςυλλαβῇ
2532 2745 2607 2811 τὸ
2654 2749 2695 2810 ἃ
2736 2745 2877 2827 ἤτοι
2934 2745 3139 2826 μόνον
3181 2748 3220 2826 ἢ

637 2847 741 2911 καὶ
795 2846 908 2911 ςύν
965 2844 1163 2930 ἑτέρῳ
1229 2847 1554 2928 φωνήεντι
1611 2848 1955 2928 διςύλλαβα
2020 2846 2341 2932 ὀξύνεται,
2407 2847 2462 2913 εἰ
2518 2851 2599 2928 μὴ
2666 2848 2805 2928 ἔχοι
2872 2848 3222 2929 οὐδετέρου

639 3169 716 3222 ὡς
754 3168 986 3236 εἴρηται,
1025 3172 1151 3222 πῶς
1187 3168 1292 3222 οὖν
1327 3169 1396 3222 τὸ
1436 3169 1680 3235 Ἀλκμάν
1723 3170 1853 3236 τρία
1887 3169 2165 3236 ςύμφωνα
2210 3169 2394 3236 ἔςχεν;
2441 3171 2616 3238 Φηςὶν
2660 3170 2765 3225 οὖν
2810 3171 2842 3224 ὁ
2880 3172 3219 3238 Ἡρωδιανὸς

637 3237 701 3290 ἐν
733 3243 805 3305 τῇ
844 3238 1088 3290 καθόλου
1124 3240 1252 3303 περὶ
1288 3238 1498 3291 τούτου
1533 3238 2014 3304 ἀπολογούμενος,
2052 3239 2141 3292 ὅτι
2177 3239 2211 3303 ἢ
2250 3239 2403 3304 παρὰ
2424 3240 2532 3306 τὴν
2568 3239 3013 3307 ἀκμήνγέγονεν
3037 3241 3219 3306 ἀκμάν

636 3307 727 3358 καὶ
763 3301 1100 3373 πλεοναςμῷ
1136 3309 1240 3358 τοῦ
1279 3307 1311 3357 λ
1348 3305 1566 3371 ἀλκμάν
1602 3306 1776 3359 οἱονεὶ
1813 3307 1846 3359 ὀ
1882 3306 2164 3373 ἀκμάζων,
2203 3309 2237 3372 ἢ
2277 3307 2429 3374 παρὰ
2462 3307 2531 3359 τὸ
2567 3307 2730 3376 ἀλκή,
2768 3307 2801 3361 ὃ
2826 3309 3077 3375 ςημαίνει
3111 3311 3221 3376 τὴν

635 3373 896 3439 δύναμιν,
934 3374 1170 3438 γέγονεν
1205 3373 1382 3427 ἀλκάν
1430 3375 1520 3426 καὶ
1566 3376 1905 3442 πλεοναςμῷ
1941 3379 2045 3428 τοῦ
2086 3380 2122 3439 ῐι
2158 3375 2376 3439 ἀλκμάν
2419 3375 2594 3429 οἱονεὶ
2642 3378 2674 3430 ὁ
2712 3377 2956 3443 ίςχυρός,
2993 3378 3029 3443 ἢ
3067 3379 3221 3443 παρὰ

635 3440 705 3493 τὸ
741 3442 970 3506 ἄλκιμος
1006 3441 1242 3506 άλκιμάν
1279 3442 1369 3495 καὶ
1407 3443 1469 3496 ἐν
1506 3447 1756 3510 ςυγκοπῇ
1793 3443 2026 3507 άλκμάν.
2096 3446 2181 3495 Ex
2226 3446 2329 3497 hoc
2374 3446 2493 3496 loeo
2528 3447 2767 3498 Lobeck.
2807 3451 2867 3498 in
2901 3447 2989 3498 El.
3028 3449 3081 3510 Ι,
3119 3450 3221 3499 278

636 3517 751 3562 not.
787 3516 819 3562 3
863 3528 961 3577 pro
997 3509 1219 3576 πορμάν
1265 3528 1355 3578 ap.
1393 3512 1637 3578 Theogn.
1677 3512 1990 3565 emendavit
2025 3511 2282 3578 Πορθάν,
2332 3513 2472 3563 idem
2519 3529 2570 3580 p.
2595 3519 2675 3580 ,13
2715 3516 2749 3565 Ι.
2786 3519 2848 3566 31
2900 3531 2997 3581 pro
3050 3514 3218 3569 Ἀκάν

637 3581 862 3645 scripsit
901 3577 1061 3632 Ἀζάν
1087 3586 1145 3631 et
1168 3597 1219 3646 p.
1249 3581 1371 3647 141.
1397 3584 1429 3632 4
1453 3597 1552 3647 pro
1587 3579 1657 3632 τὸ
1694 3580 1887 3645 κύριον
1914 3580 2060 3633 εἶναι
2085 3599 2138 3648 p.
2165 3584 2265 3633 279
2298 3583 2385 3647 τῷ
2423 3580 2616 3646 κύριον
2653 3581 2812 3634 εἶναι.
2862 3585 2939 3634 Ut
2981 3584 3072 3635 hic
3108 3586 3217 3635 He-

635 3664 897 3715 rodianus
935 3662 1196 3728 Ἀλκμάν,
1236 3665 1316 3716 sic
1353 3665 1521 3716 etiam
1559 3664 1843 3731 Ἀλκμήνη
1878 3683 1980 3732 per
2018 3668 2394 3733 pleonasmum
2428 3666 2625 3717 literae
2659 3669 2698 3729 μ
2732 3675 2829 3721 aut
2865 3668 2897 3719 λ
2926 3669 3212 3734 expedivit

635 3734 692 3782 in
726 3732 871 3784 libro
907 3732 1036 3797 περὶ
1071 3734 1274 3784 παθῶν
1309 3734 1372 3785 Ε.
1398 3734 1473 3784 Μ.
1497 3735 1580 3795 66,
1609 3736 1697 3785 16:
1739 3733 2051 3800 Ἀλκμήνηε
2092 3732 2244 3798 παρὰ
2280 3734 2388 3799 τὴν
2424 3732 2604 3800 ἀλκήν
2642 3735 2885 3802 Ἀλκήνη
2923 3737 3013 3787 καὶ
3049 3737 3216 3789 πλεο-

635 3803 827 3867 ναςμῷ
873 3803 977 3853 τοῦ
1015 3804 1054 3864 Γ).
1093 3800 1374 3868 Ἀλκμήνη
1421 3800 1499 3853 ὡς
1537 3801 1805 3864 Ἀλκμων
1845 3801 2141 3865 Ἀλκμάων
2177 3801 2212 3866 ἢ
2259 3801 2410 3867 παρὰ
2454 3802 2563 3867 τὴν
2608 3801 2793 3869 ἀκμὴν
2832 3803 3079 3870 Ἀκμήνη
3126 3806 3217 3857 καὶ

637 3867 935 3935 Ἀλκμήνη.
1004 3867 1171 3921 οὐδὲν
1206 3868 1312 3934 γὰρ
1350 3868 1553 3934 ἔχομεν
1591 3867 1773 3922 εἰπεῖν
1809 3869 1905 3921 ἐπὶ
1938 3870 2148 3923 τούτου
2186 3870 2387 3923 πλέον·
2435 3868 2627 3936 κύριον
2662 3871 2769 3937 γάρ
2814 3871 2928 3924 ἑςτι
2971 3872 3041 3924 τὸ
3078 3871 3216 3925 ὑπο-

633 3935 908 4000 κείμενον.
978 3937 1044 3989 οὐ
1081 3937 1164 3989 δεῖ
1198 3936 1305 4003 γὰρ
1342 3937 1436 3990 ἐπὶ
1480 3936 1692 4003 κυρίων
1728 3936 2095 4002 ἐτυμολογίας
2143 3937 2459 4003 λαμβάνειν.
2529 3939 2717 3992 οὕτως
2765 3939 3105 4005 Ἡρωδιανὸς
3152 3940 3216 3993 ἐν

630 4007 716 4073 τῷ
756 4005 884 4070 περὶ
920 4007 1138 4058 παθῶν.
1364 4006 1401 4058 1.
1440 4008 1574 4058 6-8
1611 4022 1678 4058 ex
1716 4005 1912 4059 Choer.
1951 4008 2208 4073 Orthogr.
2246 4009 2361 4071 263,
2398 4009 2482 4070 26,
2518 4010 2615 4060 ubi
2654 4007 2861 4072 Ἀκμάν
2899 4016 2957 4061 et
2993 4007 3212 4075 Παράν,

629 4074 690 4124 in
728 4090 834 4140 quo
869 4075 1116 4127 Lobeek.
1152 4074 1237 4124 El.
1275 4073 1313 4123 l.
1353 4090 1404 4125 c.
1440 4072 1641 4139 Ἑρμάν
1677 4074 1854 4125 latere
1893 4080 2072 4141 putat,
2112 4076 2365 4140 equidem
2399 4073 2584 4128 Παιάν
2622 4075 2838 4143 scripsi.
2891 4077 3029 4129 Inde
3068 4079 3215 4143 quod

631 4143 985 4193 Herodianus
1021 4143 1089 4193 de
1126 4143 1407 4204 consonis,
1454 4158 1596 4208 quae
1639 4143 2082 4195 terminationem
2118 4145 2191 4197 &V
2236 4144 2600 4211 praecedunt,
2646 4146 2704 4195 in
2742 4144 3033 4196 catholica
3081 4148 3214 4212 egit,

630 4211 992 4275 consequitur
1024 4226 1147 4261 eum
1184 4210 1352 4261 etiam
1388 4210 1455 4262 de
1492 4211 1955 4263 antecedentibus
1990 4211 2274 4267 vocalibus
2311 4212 2536 4266 dixisse.
2752 4212 2788 4263 l.
2829 4216 2892 4265 10
2935 4211 3079 4279 ἀχήν
3116 4231 3213 4280 pro

629 4276 826 4344 ἀρχήν,
865 4276 1056 4344 λειχήν
1091 4294 1190 4345 pro
1227 4277 1426 4343 εὐχήν,
1464 4277 1646 4345 αὐχήν
1681 4295 1780 4346 pro
1817 4278 2034 4344 ναυχήν
2078 4282 2278 4350 scripsi
2323 4297 2446 4331 cum
2480 4281 2727 4335 Lobeek.
2764 4281 2967 4336 Parall.
3006 4298 3060 4348 p.
3098 4286 3213 4336 191.

628 4347 664 4398 1.
690 4351 750 4397 11
792 4345 992 4412 Κηφήν
1028 4347 1271 4431 accessit
1295 4363 1364 4397 ex
1390 4349 1470 4399 St.
1496 4348 1559 4397 B.
1583 4351 1699 4410 333,
1730 4351 1792 4399 17
1830 4351 2039 4430 ‹et-679,
2079 4353 2158 4405 12.
2208 4353 2274 4403 Iu
2299 4348 2581 4434 Prisciani
2611 4350 2736 4432 loco
2759 4349 3037 4416 Bergkius
3059 4356 3214 4402 recte

627 4412 3007 4549 ffafflsstssz‘tz‘22m3⁹823h0532331t³⁹3b50²³{tuzaffsssstsszfftssssm1323332211523
3049 4434 3213 4556 2¹5¹ss

631 4551 835 4603 dixisse
872 4550 1249 4618 perhibeatur,
1286 4551 1359 4602 ad
1394 4552 1538 4604 hanc
1572 4568 1688 4605 rem
1723 4553 1932 4605 deferri
1967 4555 2081 4606 alio
2117 4557 2211 4609 vix
2246 4553 2403 4606 modo
2438 4557 2621 4619 potuit
2665 4555 2774 4605 nisi
2818 4556 2900 4606 ita
2935 4561 2999 4606 ut
3047 4571 3210 4625 expo-

629 4626 788 4671 neret
821 4619 881 4669 in
918 4619 1244 4684 quibusdam
1279 4621 1592 4673 nominibus
1637 4622 1845 4672 exitum
1893 4638 2230 4676 communem
2266 4625 2322 4673 in
2360 4621 2456 4675 fu?
2492 4629 2548 4674 et
2585 4625 2642 4674 in
2676 4625 2743 4687 ῆὲ
2789 4631 2845 4675 et
2889 4624 2947 4674 in
2983 4626 3056 4689 ῆῗι
3098 4645 3211 4679 mu·

630 4692 806 4738 tatum
844 4703 994 4752 esse,
1033 4689 1191 4740 cuius
1237 4689 1456 4754 generis
1503 4689 1812 4754 exemplum
1860 4689 2100 4756 Ὀρφεύς
2146 4690 2367 4757 Ὄρφη(
2408 4689 2625 4757 Ὀρφήν
2671 4693 2979 4758 proposuit3
3029 4697 3213 4763 agitur

630 4756 777 4806 enim
811 4756 914 4807 hoc
951 4756 1073 4809 loco
1109 4756 1180 4808 de
1217 4757 1526 4810 nominibus
1563 4757 1620 4808 in
1655 4759 1705 4807 ῦ.
1853 4758 1889 4809 l.
1927 4763 1993 4810 20
2033 4759 2245 4826 Κωφὴν
2284 4776 2349 4812 ex
2387 4759 2465 4810 St.
2501 4762 2565 4813 B.
2606 4764 2719 4824 110,
2759 4764 2839 4812 11.
2875 4788 2940 4797 —
2976 4765 3059 4816 Ab
3098 4767 3211 4831 epi-

627 4826 988 4876 tomatoribus
1036 4826 1292 4876 omissum
1336 4830 1422 4876 est
1467 4824 1696 4890 λεςχήν,
1743 4827 1887 4891 quod
1934 4829 2102 4879 Mein.
2139 4829 2328 4894 philol,
2367 4829 2618 4882 exercitt.
2666 4830 2723 4879 in
2759 4829 2958 4881 Athen.
2997 4833 3051 4884 ῐῙ
3088 4849 3140 4898 p.
3178 4835 3211 4884 6

627 4892 838 4942 Theoni
875 4892 1121 4943 Phliasio
1157 4910 1246 4959 ap.
1285 4894 1515 4959 Diogen.
1555 4897 1741 4944 baert.
1781 4896 1861 4945 IX
1895 4897 1963 4945 40
1997 4896 2401 4947 restituendum
2439 4898 2772 4964 suspicatur.
