3664 5546
587 413 849 462 CCXVIII
1653 412 2069 461 PRAEFATIO.

585 568 760 633 cadit
815 571 936 633 sub
993 592 1303 634 canonem
1350 569 1712 633 Herodiani
1767 591 1871 653 ap.
1917 568 2070 632 Arc.
2117 566 2234 642 53,
2280 567 2364 630 24
2417 570 2495 632 τὰ
2550 568 2637 633 εἰς
2674 556 2797 635 λ-ος
2843 571 2983 649 μετ’
3028 570 3159 634 ἐπι-

581 675 822 749 πλοκῆς
866 674 1215 752 ςυμφώνου
1261 674 1621 753 βαρύνεται·
1668 672 1722 736 εἰ
1766 672 1837 745 δέ
1867 693 1923 735 τι
1954 671 2051 749 εἴη
2096 671 2444 751 ὀξύτονον,
2490 641 2843 737 ἐπιθὲτικὸν
2890 672 3158 751 ὑπάρχει

577 794 786 857 neque
841 774 1071 837 mirum
1129 784 1230 839 est
1282 794 1386 859 ap.-
1451 772 1808 839 Arcadium
1868 781 2212 857 utrumque
2272 770 2663 837 vocabulum
2730 772 3159 859 praeteritum

577 896 739 940 esse.
1027 900 1058 935 ι

747 978 779 1041 Ι
817 978 976 1042 1132
1022 980 1306 1058 ἐργώλας
1351 978 1505 1063 (ser.
1553 979 1851 1062 ἐριώλας)
1896 980 2227 1059 διαφόρως
2272 979 2673 1063 ἀνεγνώςθη,
2720 981 3042 1059 ἐπικρατεῖ
3087 981 3158 1043 δὲ

575 1084 613 1160 ἡ
661 1086 882 1162 βαρεῖα
923 1082 1095 1146 τάςις
1140 1090 1204 1143 et
1249 1079 1346 1143 IV
1397 1080 1556 1144 1778
1601 1082 1884 1161 ἐριωλαί;
1932 1082 1997 1146 αἱ
2040 1089 2169 1147 τῶν
2215 1082 2512 1161 μεγάλων
2568 1083 2825 1161 ἀνέμων
2881 1086 3154 1161 καταιγί-

578 1189 684 1248 δες
727 1186 828 1248 καὶ
874 1185 1234 1263 ςυςτροφαί.
1323 1183 1478 1246 Aro.
1530 1183 1679 1264 109,
1726 1183 1809 1245 22
1852 1185 1928 1248 τὸ
1974 1184 2206 1263 ἐριώλη
2266 1185 2304 1263 ἡ
2350 1185 2591 1264 μεγάλη
2647 1188 2817 1264 πνοὴ
2864 1186 2994 1251 ἀπὸ
3041 1191 3156 1263 τοῦ

575 1286 671 1366 ἔρι
716 1288 818 1351 καὶ
859 1290 975 1351 τοῦ
1020 1285 1118 1350 ἄω
1160 1287 1235 1351 τὸ
1280 1286 1457 1350 πνέω
1504 1287 1855 1366 βαρύνεται.
2788 1320 2800 1339 ·

742 1387 813 1452 II
867 1387 994 1451 400
1051 1388 1482 1466 Κιρκαίοιοῑ
1552 1389 2107 1467 προπαροξύνεται
2170 1389 2486 1468 Κίρκαιον;
2560 1390 2799 1452 Arcad.
2863 1389 3014 1471 120,
3072 1389 3156 1452 20

574 1492 653 1555 τά
698 1492 802 1555 διὰ
846 1495 963 1555 τοῦ
1008 1492 1152 1554 ciffi?
1208 1495 1529 1569 μονογενῆ
1576 1491 1736 1569 ὑπὲρ
1768 1491 1887 1556 δύο
1921 1492 2233 1572 ςυλλαβὰς
2263 1493 2851 1575 προπαροξύνεται,
2881 1494 3153 1571 Ἥραιον

573 1596 649 1659 τὸ
692 1595 989 1675 τέμενος,
1035 1593 1286 1677 ἔλαιον,
1331 1593 1672 1675 Δίρκαιον,
1723 1594 2031 1672 Κίρκαιον.
2122 1591 2412 1676 Theogn.
2467 1593 2604 1674 127,
2653 1593 2688 1656 7
2741 1594 3032 1673 Κίρκαιον
3075 1595 3151 1659 τὸ

576 1696 731 1774 ὄρος
773 1732 859 1742 -
903 1696 990 1760 εἰς
1033 1700 1180 1760 'otiosi
1227 1696 1571 1774 οὐδέτερον
1629 1698 1981 1773 μονογενὲς
2035 1696 2648 1778 προπαροξύτονον,
2707 1693 2826 1758 sed
2870 1695 2939 1759 II
2992 1694 3153 1759 1273

578 1798 889 1876 Κρηταῖον
935 1799 1090 1877 ὄρος
1137 1799 1227 1863 ὡς
1272 1797 1526 1863 (ιναῖον
1571 1797 1727 1882 quia
1770 1797 2103 1884 epitheton
2150 1807 2268 1861 est.
2474 1842 2477 1851 >

740 1899 811 1963 II
855 1900 981 1964 576
1035 1902 1346 1981 πλήμυρις
1403 1901 1502 1964 καὶ
1555 1900 1867 1980 πλημυρίς
1923 1905 2145 1979 διχῶς·
2201 1899 2465 1979 ἄμεινον
2522 1901 2593 1965 δὲ
2648 1902 2974 1982 πλημυρίς.
3074 1901 3153 1964 τὰ

571 2004 693 2081 γὰρ
738 2002 869 2067 ἀπὸ
916 2003 1288 2082 βαρυτόνων
1336 2003 1632 2081 ῥημάτων
1667 2003 1909 2081 θηλυκὰ
1940 2002 2226 2082 ὀνόματα
2255 2004 2343 2067 εἰς
2391 2006 2443 2065 fc
2488 2002 2810 2085 ὀξύνεται,
2845 2004 3150 2082 βαςιλεύω

574 2106 840 2186 βαςιλίς,
885 2106 1238 2185 πλημμύρω
1282 2106 1637 2183 πλημμυρὶς
1691 2102 1776 2168 ef.
1825 2105 1979 2168 Are.
2028 2104 2139 2183 34,
2193 2104 2286 2168 13.
2376 2104 2561 2185 Quae
2615 2105 2683 2166 in
2740 2103 2817 2167 E.
2864 2103 2956 2167 M.
3002 2103 3148 2185 676,

571 2204 654 2269 25
699 2203 927 2269 addita
971 2215 1151 2270 sunt:
1202 2206 1514 2291 quosdam
1560 2208 1912 2284 πλημμυρίς
1969 2228 2084 2292 pro
2130 2206 2445 2271 adverbio
2489 2204 2732 2269 habere
2777 2214 2841 2269 et
2882 2215 3150 2292 propter

573 2306 984 2392 Bacchylidis
1030 2308 1474 2372 accusativum
1520 2309 1881 2387 πλήμμυριν
1928 2330 2163 2372 nomen
2208 2309 2495 2385 εὐλόγως
2538 2307 2799 2392 gravari
2834 2330 2963 2373 non
2996 2320 3147 2373 sunt

572 2407 934 2474 Herodiani
978 2409 1061 2473 ef.
1109 2409 1273 2474 Lob.
1322 2408 1519 2475 Proll.
1564 2408 1710 2472 462.

738 2511 836 2575 IV
884 2511 1042 2577 1677
1092 2515 1298 2596 βρίμῃ;
1353 2514 1433 2577 τὰ
1487 2513 1576 2577 εἰς
1621 2518 1699 2591 μῆ
1758 2513 2041 2591 λήγοντα
2097 2514 2197 2577 καὶ
2252 2513 2347 2578 ἑνὶ
2401 2516 2725 2595 φωνήεντι
2782 2511 3145 2591 παραληγό-

570 2635 728 2693 μενα
774 2615 1105 2694 βαρύνεται
1152 2614 1296 2680 οἷον
1343 2616 1548 2694 χρήμη
1596 2613 1766 2698 (sive
1813 2613 2039 2697 λήμη),
2085 2616 2298 2698 φήμη,
2345 2618 2561 2695 κνήμη.
2651 2616 2729 2679 τὰ
2786 2617 2855 2679 δὲ
2913 2614 3147 2693 ἔχοντα

570 2719 697 2796 πρὸ
741 2722 858 2784 τοῦ
903 2722 943 2796 μ
988 2718 1208 2797 ἕτερον
1254 2722 1293 2797 μ
1341 2716 1464 2802 (sio
1494 2716 1659 2782 Lob.
1693 2716 1890 2783 Proll.
1923 2717 2048 2782 396
2091 2738 2208 2804 pro
2254 2718 2635 2801 ςύμφωνον)
2681 2717 2968 2785 ὀξύνεται
3000 2716 3145 2783 οἷον

568 2820 819 2899 γραμμή
867 2818 972 2903 (Ε.
1018 2819 1109 2884 M.
1155 2821 1301 2903 214,
1353 2821 1480 2902 13).
1567 2818 1695 2881 Hic
1739 2842 1952 2884 canon
2007 2842 2109 2904 ap.
2160 2818 2516 2884 Arcadium
2565 2818 2780 2900 deest,
2840 2819 2956 2884 sed
3001 2842 3145 2883 con·

571 2922 813 2985 tinetur
856 2920 1114 2987 duobus
1159 2921 1515 2987 canonibus
1561 2944 1626 3007 p.
1678 2921 1830 3004 110,
1886 2922 1913 2984 1
1963 2932 2028 2986 et
2077 2923 2228 3003 110,
2279 2922 2356 2986 13
2413 2932 2478 2986 et
2522 2922 2803 2986 fortasse
2859 2922 3005 2986 ideo
3062 2920 3145 2985 ab

568 3022 854 3088 Arcadio
899 3025 1177 3088 omissus
1224 3033 1341 3088 est.

738 3126 844 3190 Ex
889 3125 1267 3191 Herodiano
1314 3125 1766 3212 depromptum
1810 3136 1909 3191 est
1954 3126 2150 3191 etiam
2196 3127 2228 3190 I
2270 3126 2396 3190 275
2449 3131 2819 3206 περιςπᾶται
2872 3126 2948 3190 τὸ
3003 3124 3144 3203 ὀρε-

569 3233 744 3308 χθεῖν
801 3229 889 3294 ὡς
932 3232 1164 3293 ποιεῖν.
1244 3229 1369 3294 ἔςτι
1426 3221 1497 3293 δὲ
1543 3231 1776 3308 μίμημα
1831 3235 2055 3309 φωνῆς
2108 3230 2450 3308 ἀνάρθρου.
2538 3228 2823 3307 Ὅμηρος
2872 3228 3145 3291 «πολλοὶ

489 3337 508 3358 ⁰
569 3334 683 3414 μὲν
750 3333 894 3412 βόες
958 3329 1326 3409 ὀρέχθεον».
1428 3328 1556 3394 Sed
1613 3332 2020 3418 comparatio
2079 3353 2226 3395 oum
2281 3335 2493 3395 ποιεῖν
2552 3329 2635 3393 ab
2694 3330 3144 3415 Epitomatore

569 3441 686 3495 est.
787 3429 1201 3498 Herodianus
1270 3433 1336 3495 in
1405 3434 1561 3518 epit.
1615 3431 1766 3497 libr.
1824 3432 1992 3496 XVI
2051 3433 2276 3497 Const.
2336 3431 2636 3496 Lasoar.:
2709 3434 2789 3497 τὰ
2854 3432 2942 3497 εἰς
3010 3419 3143 3510 χ-Θῶ

566 3535 809 3613 ἐρέχθω
839 3536 914 3599 τὸ
946 3536 1168 3617 ςχίζω,
1214 3534 1424 3619 ἄχθω,
1470 3536 1620 3600 ὅθεν
1666 3535 1969 3614 ἄχθομαι·
2013 3537 2088 3601 τὸ
2135 3538 2349 3615 μέντοι
2396 3541 2612 3614 μοχθῶ
2658 3537 2759 3599 καὶ
2804 3535 3018 3614 ῥοχθῶ
3052 3541 3142 3618 τῷ

567 3643 608 3700 5
650 3637 1147 3715 παραληγόμενα
1189 3641 1591 3717 περιςπᾶται,
1638 3637 1752 3701 ubi
1795 3636 2019 3723 procul
2064 3637 2266 3702 dubio
2313 3637 2509 3700 etiam
2566 3637 2813 3716 ὀρεχθῶ
2857 3646 2929 3700 ut
2974 3658 3142 3716 ςεςη-

567 3739 920 3817 μειωμὲνον
965 3749 1542 3803 commemoratum
1585 3739 1729 3803 fuit.

738 3839 868 3904 Sed
923 3839 1088 3904 falso
1133 3842 1201 3905 in
1249 3839 1461 3907 Schol.
1507 3841 1541 3905 I
1601 3841 1762 3906 1165
1815 3843 2157 3908 Ῥυνδακός
2212 3842 2302 3907 ὡς
2357 3842 2583 3907 Αἰακός
2637 3877 2723 3887 -
2777 3841 3141 3925 Ῥύνδακος,

567 3941 738 4030 quod
784 3942 1140 4008 seeundum
1186 3943 1264 4008 Il.
1311 3944 1418 4007 Pr.
1467 3946 1515 4009 Ν
1565 3944 1686 4008 759
1730 3953 2311 4030 proparoxytonon
2359 3952 2490 4024 est,
2537 3951 2951 4028 comparatur
2995 3963 3141 4007 cum

565 4053 854 4130 oxytono
900 4047 1157 4126 Αἰακός,
1204 4067 1585 4130 perversum
1631 4056 1732 4110 est
1774 4047 1973 4110 etiam
2018 4044 2546 4110 adnotamentum
2594 4045 2628 4108 Ι
2656 4045 2736 4108 37
2782 4046 3139 4125 Πειρεςιάς;

565 4147 773 4226 ὄνομα
814 4148 1082 4213 πόλεως.
1173 4147 1263 4214 ὡς
1308 4149 1604 4227 Ἐρύθρας
1648 4150 1750 4214 καὶ
1796 4150 2138 4229 Πειρεςίας.
2227 4147 2397 4210 Nam
2441 4145 2890 4228 Herodianus,
2939 4158 3013 4211 ut
3057 4169 3141 4210 ex

568 4247 660 4313 St.
705 4250 782 4312 B.
837 4250 1069 4313 eoniici
1124 4258 1372 4335 potest,
1431 4252 1715 4330 Ἐρυθραί
1760 4251 2027 4337 scripsit
2073 4249 2188 4333 (cf.
2236 4249 2390 4313 Are.
2443 4249 2590 4331 101)
2639 4258 2706 4312 et
2748 4270 2943 4334 quum
2990 4250 3141 4315 Πει-

565 4352 774 4430 ρεςιάς
816 4350 885 4414 in
931 4350 1232 4415 lemmate
1273 4374 1389 4438 per
1431 4362 1685 4417 acutum
1734 4351 2057 4438 prolatum
2104 4351 2217 4430 sit,
2265 4350 2477 4415 locum
2524 4352 2619 4414 sio
2665 4349 3139 4414 emendandum

564 4452 858 4538 suspicor
911 4454 1000 4518 ὡς
1054 4455 1352 4533 Ἐρυθράς
1407 4457 1507 4520 καὶ
1558 4454 1921 4537 Πειρεςιάς,
1988 4475 2383 4539 quamquam
2437 4453 2840 4539 comparatio
2897 4454 3142 4538 pariter

565 4564 761 4640 atque
803 4560 920 4621 τοῦ
963 4556 1256 4635 ὀρεχθεῖν
1310 4578 1457 4620 cum
1510 4562 1721 4622 ποιεῖν
1780 4578 2011 4642 parum
2069 4566 2224 4642 apta
2277 4563 2407 4636 est,
2467 4555 2957 4619 convenientius
3013 4555 3143 4618 fuit

565 4679 949 4742 componere
991 4659 1294 4737 Πειραςία
1336 4660 1692 4741 Πειραςιαί,
1740 4659 2010 4723 Θέςπεια
2041 4659 2316 4723 Θεςπιαί.
2404 4658 2511 4721 Ex
2555 4657 2736 4720 fonte
2781 4655 2993 4721 alieno
3040 4665 3141 4718 est

566 4758 901 4823 adnotatio
946 4759 979 4822 I
1011 4759 1131 4824 677
1179 4763 1578 4840 ἐπαύρέςθαι·
1628 4762 1741 4825 ἐὰν
1778 4763 1892 4838 μἐν
1923 4761 2409 4842 παροξυτόνως,
2455 4761 2621 4825 ἔςται
2656 4759 3014 4824 ςυντελικός
3046 4756 3135 4842 (Ῥ)

568 4861 710 4927 ἀντὶ
760 4865 877 4925 τοῦ
933 4861 1313 4928 ἀπολαῦςαι·
1377 4863 1491 4926 ἐὰν
1546 4865 1617 4927 δὲ
1671 4865 2291 4944 προπαροξυτόνως,
2346 4863 2770 4942 παρατατικὸς
2828 4861 2970 4926 ἀντὶ
3020 4864 3138 4924 τοῦ
