3664 5546
634 353 758 419 170
1560 353 1642 408 ΕΚ
1679 353 1819 408 ΤΩΝ
1861 353 2265 408 ΗΡΩΔΙΑΝΟΥ

631 526 973 607 διςύλλαβα
1016 529 1334 606 μονογενῆ
1379 525 1705 607 ἀρχόμενα
1747 526 1881 591 ἀπὸ
1925 529 2042 620 τοῦ
2087 528 2173 608 ὦ,
2229 526 2310 607 μὴ
2355 523 2813 605 προςκειμένου
2857 527 2975 590 τοῦ
3018 526 3051 589 ῑ
3100 529 3207 605 βα-

630 629 904 713 ρύνεται,
949 628 1141 712 ὧρος,
1186 627 1380 714 ὦμος,
1426 627 1653 710 ὦχρος.
1705 628 2064 708 πρόςκειται
2109 630 2190 709 μὴ
2236 628 2486 720 ἔχοντα·
2515 627 2590 693 τὸ
2632 628 2668 690 ῖ
2710 626 2815 691 διὰ
2858 630 2976 692 τοῦ
3021 627 3208 711 ᾠδός.

796 733 891 798 Τὰ
935 732 1023 798 εἰς
1065 733 1185 811 ιῖςῖὲ
1238 733 1581 813 διςύλλαβα
1635 731 1969 815 διφθόγγῳ
2013 731 2469 810 παραλήγοντα
2523 729 2653 795 ἀπὸ
2700 729 3051 810 ςυμφώνου
3095 729 3206 808 ἀρ-

630 833 870 914 χόμενα
926 835 1247 918 ὀξύνεται,
1303 835 1608 917 λοιμός,
1666 834 1895 914 λαιμό
1912 855 1958 898 ς.
2046 834 2126 899 τὰ
2181 835 2252 899 δὲ
2307 835 2388 913 μὴ
2444 831 2575 898 ἀπὸ
2621 833 2972 913 ςυμφώνου
3016 832 3207 912 ἀρχό-

553 945 587 996 5
631 957 789 1016 μενα
846 937 1228 1018 βαρύνονται
1282 935 1427 1003 οἷον
1481 935 1719 1016 Αἷμος
1785 935 1940 1015 ὄρος
1996 936 2263 1019 Θρᾴκης.
2364 936 2612 1011 λέγεται
2665 934 2768 999 καὶ
2828 934 3209 1018 οὐδετέρως,

630 1037 722 1103 ὡς
768 1038 829 1104 οἱ
873 1040 1123 1105 πολλοί.
1212 1038 1470 1115 ἐγένετο
1527 1042 1597 1104 δὲ
1654 1038 1692 1103 ὁ
1747 1037 1942 1118 Αἷμος
1996 1037 2134 1104 υἱὸς
2190 1039 2436 1117 Βορέου
2491 1037 2595 1101 καὶ
2648 1034 3029 1118 Ὠρειθυίας,
3085 1036 3210 1118 ἀφ’

630 1136 709 1205 οὗ
754 1140 857 1206 καὶ
898 1142 975 1207 τὸ
1021 1142 1193 1222 ὄρος.
1260 1141 1363 1205 καὶ
1407 1138 1651 1220 οἶμος.
1720 1141 2118 1221 ςεςημείωται
2161 1142 2239 1206 τὸ
2282 1141 2595 1219 Δεῖμος.

797 1243 891 1307 Τὰ
935 1244 1197 1309 διὰ’τοῦ
1242 1248 1407 1323 ’ἀμοέ
1450 1244 1789 1325 τριβράχεα
1831 1243 2417 1325 προπαροξύνεται,
2464 1241 2517 1308 εἰ
2561 1243 2642 1322 μὴ
2687 1244 3062 1322 προηγεῖται
3116 1247 3208 1327 τῷ

630 1348 671 1408 fx·
730 1346 807 1410 τὸ
874 1347 939 1429 τ,
1006 1347 1439 1429 πλόκαμος,
1507 1347 1882 1430 κέραμος,
1959 1346 2336 1428 κάλαμος,
2418 1345 2797 1427 θάλαμος,
2878 1344 3208 1445 κύαμος,

531 1455 597 1507 10
630 1447 991 1528 Πρίαμος
1056 1449 1124 1513 ἐκ
1187 1453 1304 1514 τοῦ
1359 1446 1637 1527 πρίαμαι.
1725 1448 1967 1528 ἐπράθη
2035 1448 2157 1527 γὰρ
2221 1448 2325 1512 καὶ
2379 1446 2612 1526 ταύτης
2675 1451 2788 1525 τῆς
2848 1445 3211 1526 ἐπωνυμίας

628 1547 811 1628 ἔτυχε
853 1536 948 1615 ’ὡς
991 1549 1227 1630 ἱςτορεῑ
1269 1551 1627 1630 Λυκόφρων
1673 1542 1764 1635 (v,
1809 1549 1964 1636 338)
2023 1546 2313 1629 «ὠνητὸς
2367 1548 2791 1615 αἰθαλωτόν».
2878 1548 3207 1628 Ὕλαμοι

627 1649 813 1717 πόλις
864 1651 1090 1717 Λυκίας
1149 1653 1239 1718 ὡς
1293 1653 1709 1733 Ἀλέξανδρος
1764 1652 1802 1717 δ
1857 1652 2218 1731 πολυίςτωρ
2285 1652 2355 1717 ἐν
2418 1651 2697 1735 δευτέρῳ
2764 1651 2909 1729 περὶ
2963 1649 3206 1716 Λυκίας.

528 1839 531 1842 ¹
628 1751 948 1833 Ὑλάμους
1004 1757 1075 1820 δὲ
1130 1755 1285 1821 τοὺς
1342 1755 1629 1834 καρπούς
1684 1775 1852 1835 φαςι.
1949 1755 2024 1819 τὸ
2080 1755 2297 1835 μέντοι
2364 1753 2634 1833 ἰταμός
2695 1752 3049 1819 ἐπιθετικόν
3106 1755 3208 1818 καὶ

627 1856 987 1936 ποταμός
1031 1857 1205 1935 παρὰ
1247 1857 1323 1923 τὸ
1367 1856 1690 1937 ποταςμός
1734 1856 1886 1922 καθ’
1919 1855 2247 1937 ύφαίρεςιν
2292 1859 2409 1921 τοῦ
2454 1859 2487 1920 Ε
2529 1856 2872 1935 γινόμενον
2917 1855 3207 1923 ὀξύνεται

533 1963 593 2015 15
631 1957 722 2023 ὼς
766 1956 1003 2037 ἔχοντα
1043 1959 1121 2023 τὸ
1164 1962 1202 2023 ’τ
1244 1959 1371 2038 πρὸ
1416 1948 1532 2024 τοῦ
1577 1963 1633 2024 ᾶ.
2117 2039 2123 2044 ,

795 2059 891 2124 Τὰ
934 2061 1039 2125 διὰ
1081 2064 1198 2126 τοῦ
1240 2062 1442 2145 W,
1486 2060 1541 2126 εἰ
1584 2062 1722 2140 ἔχοι
1765 2063 1882 2140 τὴν
1926 2062 2187 2141 πρώτην
2231 2061 2416 2142 φύςει
2462 2062 2735 2145 μακράν,
2780 2059 2837 2127 εἰ
2880 2062 2994 2141 μὲν
3025 2060 3210 2140 κύρια

627 2159 758 2245 εἴη,
822 2163 1409 2247 προπαροξύνεται,
1486 2164 1861 2243 Πύραμος
1925 2164 2214 2243 ποταμὸς
2281 2163 2350 2228 έν
2419 2165 2665 2248 Μαλλῷ
2739 2167 2853 2242 τῆς
2918 2163 3207 2247 Κιλικίας,

630 2263 1009 2347 (ήςαμος,
1055 2264 1483 2349 Τεύταμος,
1536 2266 1791 2346 Ἴαμος
1836 2265 2097 2331 (κυθίας
2153 2265 2343 2331 ἔθνος
2400 2266 2491 2331 ὡς
2537 2265 2950 2345 Ἀλέξανδρος
3001 2266 3072 2333 έν
3115 2272 3208 2351 τῷ

628 2367 772 2445 περὶ
825 2364 1122 2432 Εὐξείνου
1175 2368 1439 2434 πόντου.
1526 2368 1581 2433 εἰ
1636 2369 1706 2433 δὲ
1762 2369 1875 2452 μή,
1933 2367 2256 2450 ὀξύνεται,
2313 2367 2706 2452 οὐλαμός,
2764 2368 3110 2449 χηραμός
3166 2369 3207 2449 ἡ

528 2472 597 2525 20
632 2468 981 2533 κατάδυςις.
1069 2469 1280 2554 τούτῳ
1327 2469 1447 2535 οὖν
1490 2477 1582 2553 τῷ
1629 2470 1805 2555 λόγῳ
1850 2472 1954 2534 καὶ
1995 2471 2071 2535 τὸ
2117 2470 2527 2549 φωριαμός
2569 2472 2644 2536 τὸ
2695 2471 3021 2553 κιβώτιον,
3082 2470 3206 2537 εἴτε

629 2571 803 2649 παρὰ
845 2571 922 2635 τὸ
976 2571 1131 2636 τοὺς
1175 2576 1401 2652 φῶρας
1457 2571 1779 2652 ἀπείργειν
1834 2573 1871 2650 ἢ
1918 2572 2049 2637 ἀπὸ
2093 2576 2211 2638 τοῦ
2255 2571 2333 2636 τὰ
2378 2572 2554 2653 φάρη
2611 2573 2953 2653 φυλάςςειν
3004 2576 3207 2653 παρῆ-

629 2694 793 2756 κται,
852 2673 1021 2738 ἔςται
1065 2673 1210 2738 κατ’
1254 2673 1470 2741 ὀξεῖαν
1513 2674 1705 2740 τάςιν.
1794 2673 1920 2739 ἔςτι
1976 2674 2099 2753 γὰρ
2156 2675 2465 2755 φωραμός
2521 2675 2623 2740 καὶ
2665 2678 3047 2760 πλεοναςμῷ
3090 2680 3207 2741 τοῦ

627 2967 753 3026 450,
789 2965 855 3015 23
893 2968 950 3015 et
983 2965 1085 3015 An.
1123 2963 1299 3015 Paris.
1334 2965 1417 3015 111
1454 2967 1579 3029 319,
1615 2968 1678 3016 21
1715 2971 1774 3017 et
1809 2966 1874 3019 E.
1911 2968 1986 3019 Μ.
2022 2966 2148 3027 822,
2184 2969 2279 3028 27,
2324 2966 2471 3017 unde
2508 2962 2656 3031 ὧρος
2692 2964 2898 3021 addidi.
3104 2966 3139 3017 l.
3174 2972 3209 3020 3

628 3048 893 3083 canonem
929 3049 996 3083 ex
1031 3033 1095 3082 Ε.
1134 3034 1208 3084 Μ.
1243 3034 1370 3097 568,
1409 3037 1502 3096 36,
1539 3035 1714 3100 Epim.
1749 3035 1809 3084 in
1844 3035 2046 3088 Psalm.
2085 3037 2176 3096 27,
2214 3037 2280 3085 32
2322 3036 2406 3085 ita
2443 3035 2689 3100 explevi,
2735 3040 2798 3085 ut
2844 3051 2939 3101 pro
2984 3035 3207 3087 Arcadii

628 3101 812 3151 verbis
855 3099 925 3151 τὸ
961 3099 1169 3163 Δεῖμος
1216 3101 1305 3152 καὶ
1349 3101 1510 3164 οἶμος
1556 3101 1891 3166 βαρύνονται
1937 3104 2255 3155 scriberem:
2301 3100 2373 3154 τὰ
2418 3101 2480 3154 δὲ
2526 3102 2599 3167 μὴ
2646 3102 2762 3155 ἀπὸ
2799 3103 3106 3167 ςυμφώνου
3144 3132 3207 3142 -

628 3168 789 3230 οἶμος
828 3179 1048 3233 recepto
1085 3184 1152 3218 ex
1189 3170 1268 3220 St.
1305 3171 1369 3222 B.
1407 3173 1490 3232 50,
1526 3173 1559 3222 8
1594 3166 1812 3221 'nomine
1851 3167 2023 3234 Αἷμος
2061 3187 2181 3221 cum
2217 3171 2587 3237 explicatione
2625 3177 2683 3222 et
2716 3172 2775 3222 in
2809 3170 2916 3223 fine
2953 3174 3207 3223 consulto

628 3236 865 3286 Arcadio
912 3237 1172 3287 adderem
1218 3236 1580 3302 ςεςημείωται
1624 3238 1695 3289 τὸ
1739 3238 1973 3303 Δεῖμος,
2023 3239 2089 3288 de
2137 3255 2243 3303 quo
2291 3241 2363 3292 ef.
2407 3240 2472 3290 E.
2510 3241 2584 3290 M.
2630 3242 2756 3303 261,
2800 3242 2893 3290 4οε
2939 3239 3127 3303 δεῖμος
3172 3241 3206 3293 ὁ

628 3303 832 3368 φόβος·
877 3302 1066 3368 ὥςπερ
1110 3303 1227 3355 ἀπὸ
1266 3307 1369 3357 τοῦ
1409 3305 1579 3358 ἄνθος
1613 3305 1826 3369 γίνεται
1863 3305 2092 3371 ἄνθιμος
2129 3307 2219 3358 καὶ
2254 3305 2370 3359 ἀπὸ
2404 3309 2508 3359 τοῦ
2557 3307 2724 3359 κῦδος
2761 3306 3010 3371 κύδιμος,
3048 3308 3204 3360 οὕτω

630 3372 722 3423 καὶ
758 3369 873 3423 ἀπὸ
909 3374 1012 3423 τοῦ
1050 3371 1176 3424 δέος
1211 3371 1399 3437 δέῖμος
1435 3375 1526 3426 καί
1561 3374 1748 3438 δεῖμος
1784 3375 1816 3426 ὁ
1862 3374 1988 3428 δέος
2032 3374 2285 3437 ἐμποιῶν
2322 3374 2501 3438 ὄνομα
2545 3374 2767 3439 πρέπον
2802 3374 3001 3440 Ἄρεος
3038 3374 3207 3428 παιδί.

626 3439 878 3504 Ὅμηρος
913 3438 1161 3503 «Δεῖμός
1205 3455 1268 3493 τε
1306 3441 1491 3505 Φόβος
1533 3457 1655 3494 τε».
1726 3444 1936 3495 Nomen
1981 3442 2142 3507 οἶμος
2178 3444 2384 3495 Herod.
2418 3442 2484 3495 ΙΙ.
2520 3443 2609 3493 Pr.
2644 3440 2688 3495 Λ
2725 3446 2793 3495 24
2836 3443 2965 3494 huie
3009 3446 3206 3497 canoni

627 3508 876 3559 subiicit:
925 3507 1221 3572 βαρύνεται
1263 3508 1334 3560 τὸ
1379 3509 1540 3573 οἶμος
1589 3507 1769 3574 (οἶμος
1804 3511 2010 3564 Herod.
2054 3517 2142 3577 ap.
2178 3511 2376 3566 Aroad.
2417 3513 2540 3571 199,
2579 3512 2666 3573 23)
2704 3510 2783 3563 ὡς
2827 3510 3006 3564 οἶκος·
3052 3512 3206 3565 δοκεῖ

626 3574 686 3627 δέ
726 3590 816 3638 μοι
854 3573 994 3626 κατά
1028 3590 1153 3627 τινα
1190 3576 1467 3642 ἀφορμήν.
1516 3580 1668 3643 φιλεῖ
1704 3576 1810 3643 γάρ
1835 3593 1960 3630 πως
1984 3578 2056 3630 τὰ
2093 3576 2171 3630 εἰς
2205 3581 2271 3631 ὃῖ
2307 3577 2555 3643 λήγοντα
2591 3578 2888 3642 διςύλλαβα
2923 3583 3203 3645 μονογενῆ

626 3643 742 3695 ἀπὸ
777 3646 881 3709 τῆς
917 3646 968 3696 οἶ
1004 3642 1313 3709 διφθόγγου
1348 3644 1631 3710 ἀρχόμενα
1669 3646 2021 3710 βαρύνεςθαι,
2061 3645 2239 3697 ὁπότε
2277 3646 2388 3711 πρὸ
2424 3648 2526 3711 τῆς
2563 3651 2629 3699 ὃς·
2668 3647 2941 3713 ςυλλαβῆς
2978 3648 3204 3713 ςύμφω-

626 3726 729 3763 νον
764 3710 800 3774 ἢ
838 3711 1114 3774 ςύμφωνα
1149 3711 1386 3777 ὑπάρχει
1421 3715 1539 3765 κτλ.
1733 3714 1768 3763 l.
1806 3717 1839 3766 8
1875 3732 2138 3766 canonem
2172 3716 2230 3765 in
2265 3715 2332 3767 Il.
2372 3716 2458 3764 Pr.
2497 3713 2542 3766 Ω
2577 3717 2678 3766 228
2714 3716 2795 3766 sie
2830 3718 2987 3768 conci
3026 3719 3095 3767 it:
3132 3716 3206 3769 τὰ

627 3779 716 3831 διὰ
750 3782 853 3830 τοῦ
891 3782 1031 3843 <TW
1067 3780 1398 3846 παρηγμένα
1436 3781 1689 3844 ὀνόματα
1727 3783 1799 3847 μὴ
1840 3783 1980 3834 ὄντα
2016 3781 2303 3834 ὲπιθετικὰ
2339 3782 2665 3848 βαρύνεςθαι
2711 3781 2886 3848 θέλει,
2935 3799 2967 3836 κ
3007 3784 3202 3849 λαμος,

625 3845 895 3912 Πρίαμος.
966 3848 1035 3900 τὸ
1072 3848 1327 3912 ποταμός
1374 3848 1601 3911 ἐγένετο
1647 3851 1799 3914 παρὰ
1843 3850 1912 3902 τὸ
1959 3850 2243 3914 ποταςμός
2292 3850 2425 3903 καθ’
2458 3848 2750 3916 ύφαίρεςιν
2792 3854 2896 3903 τοὺ
2933 3855 2991 3916 ἰ,
3036 3852 3106 3904 τὸ
3142 3852 3205 3905 δέ

629 3914 824 3980 ἰταμός
861 3915 1180 3969 ἐπιθετικόν
1216 3915 1345 3980 ὲςτι,
1386 3917 1514 3968 hine
1553 3917 1871 3970 ἐπιθετικόν
1908 3925 1965 3970 et
2000 3918 2151 3983 παρὰ
2186 3947 2253 3956 -
2287 3919 2599 3982 γενόμενον
2634 3921 2863 3970 inserui.
2910 3922 2993 3970 De
3031 3935 3205 3972 ποτα-

628 3983 730 4047 μός
766 4001 832 4035 ex
871 3983 1155 4047 ποταςμός
1191 3990 1311 4035 orto
1348 3986 1417 4035 cs.
1454 3987 1518 4036 Ε.
1542 3987 1616 4036 Μ.
1640 3990 1755 4042 477.
1792 3990 1877 4050 86,
1916 3988 2111 4039 Choer.
2148 3988 2323 4053 Epim.
2361 3988 2419 4037 in
2445 3987 2642 4042 Psalm.
2671 3988 2785 4050 162,
2827 3990 2888 4039 13
2924 3988 3204 4052 ποταμός·

628 4051 779 4116 παρὰ
821 4053 892 4103 τὸ
938 4050 1168 4105 ποτάζω
1215 4051 1446 4104 ποτάςω
1496 4054 1780 4117 ποταςμός
1837 4055 1926 4107 καὶ
1972 4054 2243 4118 ποταμός.
2322 4054 2509 4107 οὕτως
2555 4054 2911 4120 Ἡρωδιανὸς.
2988 4058 3054 4108 Ῑιι
3097 4058 3204 4111 fine

626 4121 942 4171 addendum
975 4121 1220 4171 videtur:
1258 4120 1327 4171 τὸ
1363 4121 1425 4175 δὲ
1464 4121 1702 4186 Ἀγαμός
1738 4121 1809 4173 τὸ
1847 4122 2038 4188 κύριον
2084 4122 2226 4188 πρὸς
2262 4121 2688 4189 ἀντιδιαςτολὴν
2731 4126 2835 4175 τοῦ
2882 4122 3203 4177 ἑπιθετικοῦ

628 4188 906 4254 ὀξύνεται,
943 4204 1069 4240 nam
1106 4205 1195 4255 ap.
1237 4189 1316 4240 St.
1343 4192 1406 4241 B.
1435 4194 1513 4253 13,
1543 4194 1600 4241 11
1644 4190 1884 4255 Ἀγαμός
1923 4192 2049 4253 (hoe
2090 4195 2344 4255 accentu)
2381 4191 2546 4243 πόλις
2583 4191 2711 4256 περὶ
2736 4189 3063 4256 Ἡράκλειαν
3098 4193 3207 4257 τὴν

625 4255 929 4322 Ποντικήν.
1001 4255 1321 4321 ὠνόμαςται
1356 4256 1416 4309 δὲ
1452 4257 1567 4310 ἀπὸ
1603 4259 1844 4311 παλαιᾶς
1881 4257 2178 4324 βαςιλίδος,
2224 4258 2259 4324 ἣ
2298 4258 2560 4324 ςτέρξαςα
2597 4258 2877 4324 παρθένος
2911 4261 3002 4312 καὶ
3039 4276 3205 4326 κυνη-

623 4324 730 4388 γὸν
766 4325 857 4376 καὶ
894 4363 907 4376 .
931 4362 944 4376 .
972 4364 983 4374 .
1008 4364 1020 4374 .
1056 4324 1254 4390 αὐτὴν.
1325 4327 1617 4378 Caeterum
1652 4326 1906 4392 Πρίαμος
1944 4328 2159 4394 explevi
2193 4346 2262 4379 ex
2297 4328 2399 4394 Ep.
2428 4316 2519 4381 Or.
2542 4329 2571 4380 1
2606 4331 2725 4391 349,
2764 4332 2827 4380 13
2862 4333 2919 4379 et
2953 4328 3204 4393 Ὕλαμος

626 4410 695 4445 ex
731 4395 811 4447 St.
850 4395 913 4448 Β.
952 4393 1157 4444 addidi.
1259 4394 1293 4447 l.
1334 4397 1393 4446 17
1430 4394 1701 4460 Πύραμος
1739 4395 1960 4460 explevi
1997 4412 2065 4446 ex
2102 4396 2179 4447 St.
2216 4400 2280 4448 B.
2318 4399 2435 4458 540,
2476 4399 2556 4448 19.
2627 4394 2880 4461 (ήςαμος
2917 4413 3014 4462 pro
3051 4395 3205 4450 (ίςα-

626 4476 746 4526 μος,
784 4461 930 4527 quod
968 4478 1292 4528 quamquam
1325 4464 1494 4513 etiam
1519 4464 1577 4514 in
1604 4465 1663 4514 E.
1692 4466 1764 4515 M.
1790 4466 1908 4527 688,
1937 4466 1999 4514 18
2026 4470 2232 4529 exstat,
2269 4464 2590 4530 prohibetur
2612 4481 2821 4515 canone
2847 4481 2931 4531 ap.
2957 4465 3206 4531 Theogn.

623 4532 705 4587 65,
742 4532 802 4592 9,
842 4530 1035 4594 scripsi
1071 4546 1191 4580 cum
1227 4530 1531 4593 Lobeoki0‚
1582 4530 1875 4595 Τεύταμος
1921 4549 1988 4582 ex
2031 4532 2096 4584 ΙΙ.
2134 4533 2223 4585 Pr.
2267 4533 2302 4582 l.
2341 4549 2387 4583 c.
2431 4532 2645 4597 addidi,
2691 4532 2875 4595 Ἴαμος
2920 4549 2990 4584 ex
3025 4534 3105 4584 St.
3143 4536 3207 4585 B.

624 4601 740 4660 322,
778 4600 828 4649 5.
874 4599 940 4648 In
976 4598 1081 4648 fine
1120 4614 1217 4663 pro
1241 4598 1536 4663 φωριαμός
1570 4599 1640 4650 τὸ
1676 4598 1940 4662 κιβώτιον
1978 4602 2190 4667 scripsi,
2227 4617 2369 4667 quae
2408 4608 2536 4653 sunt
2571 4602 2630 4651 in
2665 4601 2734 4652 11.
2771 4603 2862 4652 Pr.
2904 4601 2939 4650 l.
2967 4619 3014 4655 c.
3067 4602 3208 4652 Cae·

624 4672 799 4717 terum
847 4663 1188 4729 Ἡρωδιανὸς
1234 4666 1363 4730 περὶ
1410 4666 1685 4719 Ἀττικῶν
1728 4669 2063 4734 προςῳδιῶν
2109 4671 2174 4721 Ε.
2211 4671 2283 4720 Μ.
2321 4670 2443 4731 804,
2479 4672 2569 4721 20:
2626 4665 2788 4733 τρίτη
2842 4667 2958 4720 ἀπὸ
3002 4668 3206 4724 τέλους

623 4732 659 4796 ή
707 4734 887 4796 ὀξεῖα,
934 4732 1038 4797 οὐχ
1085 4732 1163 4785 ὡς
1210 4732 1518 4799 ἀνάλογον,
1566 4733 1699 4786 ἀλλ’
1743 4733 1822 4787 ὡς
1870 4735 2144 4789 Ἀττικόν.
2222 4736 2258 4800 ή
2315 4735 2508 4800 μέντοι
2552 4736 2812 4803 ςυνήθεια
2856 4735 3205 4800 ὀξυνόμενον

624 4800 751 4866 ἔχει.
822 4802 1013 4852 Canon
1049 4802 1107 4852 in
1142 4802 1211 4853 Il.
1247 4804 1338 4853 Pr.
1378 4806 1456 4853 sie
1492 4820 1550 4854 se
1588 4804 1779 4856 habet:
1824 4804 1897 4855 τὰ
1932 4804 2137 4868 ἔχοντα
2182 4805 2291 4869 τὴν
2326 4803 2505 4870 ἀρχὴν
2542 4804 2786 4871 μακράν,
2824 4802 2873 4856 εἰ
2918 4805 3019 4868 μὲν
3056 4805 3205 4858 θέςει

623 4870 686 4934 ᾖ,
724 4868 1049 4935 βαρύνεται,
1088 4868 1360 4936 ὄρχαμος,
1397 4869 1717 4936 Τύρταμος,
1754 4871 2074 4937 Πέργαμος·
2124 4872 2174 4926 εἰ
2207 4873 2268 4926 δὲ
2305 4872 2467 4938 φύςει
2504 4873 2671 4937 (unde
2718 4878 2947 4940 apparet
2981 4890 3068 4941 ap.
3107 4876 3206 4927 Ar-
