3664 5546
1127 353 1285 408 ΠεΡι
1326 351 1717 407 κΑοοΛικΗς
1752 349 2174 406 ΠΡοςΩιΔιΑς
2214 350 2292 403 ιΑ.
2876 346 3003 413 273

416 526 668 590 Ἰωνίας.
715 525 1066 603 Ἡρόδοτος
1095 524 1317 605 πρώτῃ
1351 522 1434 604 (ο.
1468 521 1639 603 142).
1687 522 1937 597 λέγεται
1967 522 2070 584 καὶ
2099 519 2355 597 Φωκαίη
2387 519 2492 582 διὰ
2520 521 2724 595 τούῆ.
2770 517 3002 597 ἐκλήθη

414 628 484 690 δὲ
530 626 635 690 διὰ
677 626 753 690 τὸ
797 625 1048 689 πολλὰς
1078 622 1503 700 ἀκολουθῆςαι
1547 623 1770 702 φώκας
1799 626 1936 687 τοῖς
1980 623 2261 686 κτίςαςιν.
2307 620 2433 684 ἔςτι
2477 620 2581 683 καὶ
2609 618 2771 697 ἄλλη
2818 620 3003 683 πόλις

413 731 523 806 τῆς
583 727 811 804 Καρίας
865 725 935 789 ἐν
991 724 1276 808 Μυκάλῃ.
1360 722 1641 786 Αἴθαια
1694 725 1881 787 πόλις
1934 723 2327 804 Λακωνικῆς,
2395 721 2501 799 μία
2565 726 2696 785 τῶν
2758 721 3003 785 ἑκατόν.

415 828 776 906 Φιλόχορος
830 826 900 893 ἐν
942 825 1224 890 Ἀτθίδος
1278 825 1486 906 τρίτῳ.
1566 823 1879 906 (ήταια,
1925 824 2049 903 ἀφ’
2095 823 2170 902 ἧς
2211 822 2481 901 (ηταῖον
2537 822 2776 900 χωρίον
2831 823 3007 900 παρὰ

419 928 705 1012 (ὐβαριν.
760 927 843 1006 ἧν
887 929 960 991 δὲ
1004 927 1113 1006 μία
1153 928 1287 990 τῶν
1333 925 1787 1008 αἰχμαλώτων,
1832 926 1912 1003 ἣν
1956 924 2255 988 πείςαςαν
2299 924 2413 987 τὰς
2456 922 2656 987 ἄλλας
2698 928 2829 988 τῶν
2873 922 3005 987 Ἑλ·
3035 943 3067 992 5

421 1030 638 1108 λήνων
682 1029 990 1108 έμπρῆςαι
1032 1028 1145 1091 τάς
1189 1030 1345 1091 ναῦς
1388 1026 1574 1090 αὐτοὶ
1604 1024 2019 1103 ἑςταύρωςαν.
2064 1027 2141 1090 Ἄ
2157 1046 2234 1089 ςτ
2247 1044 2427 1102 ραια
2469 1024 2657 1088 πόλις
2693 1024 3009 1103 Ἰλλυρίας.

421 1128 753 1208 Ἀρριανὸς
808 1126 1331 1206 Ἀλεξανδριάδος
1396 1127 1454 1190 α’
1521 1127 1629 1191 «οἳ
1695 1127 1751 1190 δ’
1804 1127 1961 1205 ἔχον
2014 1125 2350 1204 ’Άςτραιάν
2418 1146 2486 1189 τε
2550 1125 2820 1204 Δόβηρά
2880 1146 2949 1189 τε
2969 1152 3009 1203 ν»,

324 1232 337 1242 “
421 1230 833 1310 Ἀμφίκαια
876 1230 1064 1294 πόλις
1107 1229 1411 1293 Φωκίδος.
1485 1227 1850 1293 Παυςανίας
1894 1228 2123 1311 δεκάτῃ
2171 1226 2304 1309 (23,
2337 1225 2429 1309 9).
2475 1226 2513 1289 ὁ
2558 1226 2754 1291 αὐτὸς
2798 1226 3012 1306 Ἀμφί-

422 1334 638 1396 κλειαν
685 1328 885 1395 εἶπεν.
975 1329 1494 1394 Ἀςτυπάλαια
1538 1330 1646 1408 μία
1697 1333 1828 1392 τῶν
1879 1328 2237 1392 Κυκλάδων.
2324 1328 2613 1392 ἐκαλεῖτο
2671 1329 2741 1391 δὲ
2785 1328 3014 1406 Πύρρα

414 1433 654 1510 Καρῶν
699 1432 1136 1513 κατεχόντων,
1193 1429 1332 1495 εἶτα
1373 1430 1657 1512 Πύλαια,
1716 1427 1856 1493 εἶτα
1901 1430 2085 1493 Θεῶν
2130 1429 2409 1507 τράπεζα
2453 1429 2559 1493 διὰ
2608 1431 2684 1493 τὸ
2730 1428 3013 1507 ἀνθηρὸν
3057 1448 3117 1498 10

424 1534 635 1612 αὐτῆς.
735 1532 965 1611 ἐκλήθη
1028 1533 1101 1596 δὲ
1165 1530 1296 1597 ἀπὸ
1358 1530 1810 1619 Ἀςτυπαλαίας
1876 1535 1987 1609 τῆς
2053 1530 2346 1605 Ἀγκαίου
2410 1531 2662 1609 μητρός.
2751 1530 3016 1608 δευτέρα

425 1635 613 1699 πόλις
659 1634 728 1698 ἐν
774 1635 896 1724 Κῷ.
983 1632 1159 1710 τρίτη
1225 1635 1416 1710 νῆςος
1479 1633 1670 1696 πόλιν
1733 1631 1970 1709 ἔχουςα
2025 1632 2254 1711 μεταξὺ
2311 1632 2542 1695 Ῥόδου
2597 1633 2701 1695 καὶ
2758 1633 3014 1710 Κρήτης.

426 1735 692 1814 τετάρτη
747 1736 935 1799 πόλις
989 1733 1060 1798 ἐν
1117 1732 1322 1818 (άμῳ.
1407 1733 1660 1812 πέμπτη
1715 1731 1880 1812 ἄκρα
1943 1733 2213 1812 πληςίον
2267 1734 2604 1825 Ἀττικῆς.ο
2657 1733 3017 1796 Πλάταια
3067 1806 3073 1811 ,

427 1837 614 1901 πόλις
660 1835 981 1902 Βοιωτίας.
1055 1834 1340 1913 Ὅμηρος
1384 1834 1606 1898 ἑνικῶς
1653 1832 1757 1897 «οἵ
1800 1852 1870 1897 τε
1914 1833 2246 1919 Πλάταιαν
2290 1833 2489 1913 ἔχον»
2536 1835 2613 1915 (Β
2657 1832 2827 1916 504).
2902 1833 3015 1897 Εὔ-

429 1939 757 2005 δοξος·δὲ
821 1937 869 2001 ε’
938 1940 1053 2013 γῆς
1120 1935 1430 2013 περιόδου
1493 1938 1933 2014 πληθυντικῶς
1998 1935 2587 1999 Πλαταιάς....
2658 1937 2729 1998 δὲ
2784 1936 2889 1998 διὰ
2940 1936 3016 1998 τὸ
3058 1953 3119 2003 15

429 2039 679 2118 τάφους
737 2038 839 2101 καὶ
893 2036 1166 2114 τρόπαια
1210 2034 1467 2114 ἀνδρῶν
1522 2034 1783 2111 ἀγαθῶν
1839 2035 2042 2118 ἔχειν,
2096 2040 2228 2101 τῶν
2283 2038 2399 2115 τὴν
2444 2035 2715 2100 Ἑλλάδα
2769 2038 3017 2100 ἐλευθε-

431 2139 775 2216 ρωςάντων
820 2139 923 2202 καὶ
964 2139 1040 2201 τὸ
1088 2137 1400 2217 βαςίλειον
1446 2138 1797 2217 ςτράτευμα
1851 2137 2339 2203 δουλωςάντων.
2428 2138 2718 2215 κέκληται
2770 2139 2842 2202 δὲ
2886 2136 3017 2201 ἀπὸ

429 2244 541 2317 τῆς
595 2240 839 2318 πλάτης
906 2240 1069 2303 καθὰ
1127 2240 1343 2303 Κῶπαι
1404 2242 1516 2317 τῆς
1578 2241 1829 2320 κώπης,
1899 2240 1989 2303 ὡς
2045 2239 2537 2316 Ἀπολλόδωρος
2599 2239 2838 2322 πρώτῳ
2902 2242 3020 2302 τοῦ

432 2342 795 2418 καταλόγου
820 2336 1365 2419 ἀἐκλιμνωθείςης
1406 2343 1517 2417 τῆς
1548 2339 1854 2404 Βοιωτίας
1895 2340 2050 2403 τοὺς
2089 2344 2557 2417 παροικοῦντα(
2599 2343 2738 2407 ταῖς
2779 2340 3022 2419 λίμναις

434 2443 760 2506 Βοιωτοὺς
802 2447 948 2525 πλῷ
991 2442 1370 2518 πορεύεςθαι
1414 2441 1578 2518 πρὸς
1623 2425 1961 2517 ἀλλήλους.
2049 2440 2202 2505 ὅθεν
2245 2441 2420 2519 παρὰ
2462 2443 2579 2518 τὴν
2623 2441 2873 2520 πλάτην
2919 2443 3023 2505 καὶ
3056 2460 3123 2509 20

431 2545 548 2621 τὴν
594 2544 817 2621 κώπην
874 2543 987 2606 τάς
1031 2543 1250 2606 πόλεις
1295 2544 1659 2621 κληθῆναι».
1748 2544 1845 2605 δεῖ
1891 2543 1961 2605 δὲ
2003 2542 2081 2605 τὸ
2125 2542 2555 2619 πρωτότυπον
2603 2542 2816 2607 ἑνικὸν
2861 2562 3022 2620 προ-

434 2644 818 2720 παροξύνειν
861 2643 1225 2707 Πλάταιαν.
1254 2632 1343 2706 ὡς
1401 2642 1692 2724 Λίλαιαν,
1750 2641 2063 2724 Ἱςτίαιαν,
2119 2641 2409 2707 Δίκαιαν.
2484 2643 2538 2707 εἰ
2582 2644 2799 2722 μέντοι
2840 2663 3022 2723 μετα-

438 2744 654 2825 βάλλει
700 2745 815 2808 τὸν
861 2742 1160 2825 ἀριθμόν,
1207 2745 1309 2808 καὶ
1349 2746 1467 2809 τὸν
1512 2744 1708 2809 τόνον
1753 2744 2142 2824 μεταβάλλει.

605 2845 700 2909 Τὰ
753 2845 842 2909 εἰς
885 2849 939 2908 ἃ
994 2845 1494 2925 ςυνεςταλμένον
1552 2850 1873 2924 μονογενῆ
1920 2846 2080 2924 ὑπὲρ
2133 2846 2252 2910 δύο
2298 2847 2611 2927 ςυλλαβὰς
2654 2849 3024 2927 παραληγό-
3137 2919 3156 2932 ,

435 2967 596 3027 μενα
650 2952 729 3029 τῇ
782 2950 837 3010 ἐἶ
892 2946 1226 3028 διφθόγγῳ
1280 2948 1867 3029 προπαροξύνεται,
1924 2947 2329 3030 εὐλάβεια,
2385 2947 2742 3031 ἀλήθεια,
2798 2949 3020 3025 εὐγέ-
3056 2968 3124 3017 25

436 3069 639 3130 νεια,
698 3047 1156 3130 ἐπιφάνεια,
1212 3047 1622 3130 ἀπέχθεια,
1688 3047 2114 3132 ἀςφάλεια,
2177 3047 2591 3130 ἀδράνεια,
2659 3048 3020 3132 ἀμέλεια,

391 3149 826 3230 ἀκρίβεια,
872 3148 1227 3231 εὐέπεια,
1283 3149 1636 3230 εὔκλεια,
1692 3148 1949 3231 ἄδεια,
2005 3150 2274 3214 ἔνδεια
2318 3151 2477 3215 κατὰ
2521 3153 2738 3229 κρᾶςιν
2794 3152 2863 3214 ἐκ
2905 3155 3021 3215 τοῦ

439 3250 755 3332 εὐκλέεια,
812 3249 1062 3334 ἀδέεια,
1119 3250 1397 3332 ἐνδέεια,
1457 3250 1845 3333 ἀπώλεια,
1901 3252 2257 3333 ἐξώλεια,
2312 3252 2748 3333 προώλεια,
2805 3251 3022 3330 ἐνέρ-

438 3371 665 3431 γεια,
721 3350 1099 3434 ὠφέλεια,
1177 3351 1500 3435 Θάλεια,
1569 3352 1899 3434 Μήδεια,
1929 3371 1942 3375 ·
1974 3354 2328 3435 βοήθεια,
2397 3352 2741 3435 εὐέρεια,
2810 3353 3022 3418 ἐντε-

441 3453 745 3534 ρόνεια,
798 3452 1107 3534 πέλεια,
1166 3452 1467 3518 Μάλεια
1523 3452 1685 3532 ἄκρα
1742 3455 1907 3531 πρὸς
1960 3460 2037 3536 τῇ
2080 3453 2566 3536 Πελοποννήςῳ
2621 3429 2724 3518 καί
2779 3455 3022 3519 Μαλέα.
3058 3470 3128 3522 30

439 3552 881 3634 Ἀμάλθεια·
937 3553 1064 3619 ἔςτι
1108 3555 1179 3618 δὲ
1235 3555 1333 3622 αἲξ
1385 3553 1424 3631 ἡ
1469 3554 1840 3635 θρεψαμένῃ
1889 3554 2007 3619 τὸν
2050 3553 2196 3618 Δία.
2265 3555 2629 3634 ὑπώρεια.
2676 3555 3023 3622 Ἀλεξάν-

442 3772 701 3826 Πλάταια
745 3772 891 3824 idem
935 3774 1106 3824 refert
1150 3778 1318 3839 atque
1363 3774 1441 3824 St.
1490 3777 1554 3826 Β.
1600 3792 1642 3825 s,
1686 3791 1770 3840 v.,
1825 3777 1922 3826 ubi
1967 3775 2172 3826 diserte
2220 3775 2563 3840 Ἡρωδιανὸς
2617 3775 2707 3828 διὰ
2758 3777 2866 3841 τὴν
2917 3779 3022 3827 τοθ

442 3840 678 3906 ἀριθμοῦ
736 3840 1053 3904 μεταβολὴν
1108 3838 1402 3907 ἑπικρίνει,
1456 3843 1591 3893 item
1643 3844 1997 3895 Herodianus
2053 3844 2397 3909 significatus
2452 3850 2538 3895 est
2584 3861 2626 3894 s.
2673 3862 2724 3896 v.
2778 3844 3024 3909 Ἂφθαῐα

445 3910 659 3960 nomine
696 3906 729 3958 ὀ
765 3906 1036 3972 τεχνικός.
1139 3907 1176 3959 l.
1198 3912 1264 3958 24
1300 3909 1572 3960 Arcadius
1606 3926 1673 3960 ex
1710 3913 1959 3962 omnibus
1996 3913 2065 3961 ab
2093 3912 2410 3962 Herodiano
2446 3913 2678 3976 prolatis
2715 3915 3025 3963 nominibus

442 3979 500 4027 in
536 3979 621 4028 ε-ιῖι
658 3981 871 4026 tantum
908 3973 1317 4040 Ἀλεξάνδρεια,
1369 3975 1610 4028 Θέςπεια
1658 3975 1916 4043 (Θεςπιαί
1960 3977 2021 4029 δὲ
2065 3978 2135 4029 τὸ
2173 3978 2578 4043 πληθυντικόν)
2616 3987 3023 4043 commemorem

444 4045 657 4110 reliqua
702 4045 887 4108 recepi
930 4060 999 4094 ex
1043 4044 1319 4108 Theogm,
1375 4046 1644 4108 Choerob.
1690 4047 1846 4100 Orth.
1906 4052 1963 4096 et
2011 4047 2090 4096 St.
2137 4048 2201 4096 B.
2257 4043 2514 4108 εὐλάβεια
2568 4045 2801 4112 ἀλήθεια
2855 4048 3026 4096 habet,

444 4114 691 4178 Theogn.
728 4117 822 4174 99,
860 4115 908 4162 5.
978 4109 1275 4174 ἐπιφάνεια
1316 4138 1384 4148 —-
1418 4110 1680 4177 ἀδράνεια
1719 4113 1915 4165 Choer.
1964 4116 2087 4175 178,
2128 4116 2217 4175 123
2255 4111 2483 4174 ἀμέλεια
2524 4117 2617 4164 179
2682 4118 2739 4175 3,
2778 4111 3026 4177 ἀκρίβεια

450 4183 563 4240 178,
614 4183 692 4242 15,
731 4178 1098 4231 εὐέπεια-Διί.
1133 4180 1234 4229 Ox.
1270 4180 1326 4230 Π
1361 4181 1476 4242 367,
1513 4183 1604 4231 32:
1643 4179 1870 4232 εὐέπεια
1907 4180 2447 4245 προπαροξυτόνως,
2484 4153 2682 4232 εὐεπία
2719 4181 3025 4246 παροξυτό-

446 4262 578 4301 νως.
715 4246 749 4298 l.
788 4250 851 4298 27
890 4245 1113 4299 εὔκλεια
1148 4274 1215 4283 -·
1252 4245 1434 4299 ἔνδεια
1471 4263 1539 4298 ex
1575 4249 1772 4300 Choer.
1810 4249 1934 4310 178,
1983 4251 2045 4297 12
2084 4248 2285 4299 collato
2322 4248 2443 4299 loco
2481 4265 2549 4298 ex
2585 4251 2721 4299 libro
2760 4249 2887 4312 περὶ
2924 4263 3027 4299 πα-

447 4316 567 4367 θῶν
598 4320 655 4365 in
684 4315 749 4367 E.
779 4316 852 4363 M.
883 4317 1012 4380 392,
1043 4317 1131 4365 15:
1171 4313 1418 4365 εὔκλεια;
1453 4314 1533 4366 ὡς
1569 4313 1803 4379 εὐγενής
1842 4313 2121 4378 εὐγένεια,
2156 4313 2343 4366 οὕτως
2375 4315 2611 4379 εὐκλεὴς
2647 4314 2899 4367 εὐκλέεια
2936 4316 3027 4366 καὶ

447 4381 657 4435 ἐνδέεια
692 4383 782 4435 καὶ
807 4380 991 4446 κράςει
1016 4381 1239 4434 εὔκλεια
1275 4383 1365 4434 καὶ
1402 4381 1609 4444 ἔνδεια;
1647 4382 1904 4433 ἀπώλεια
1927 4409 1994 4417 ——
2020 4381 2271 4447 ἐνέργεια
2296 4383 2488 4436 Choer.
2513 4385 2627 4446 180,
2658 4386 2736 4447 17,
2776 4382 3026 4447 ὠφέλεια

447 4451 722 4517 Τὶιοοςιι.,
759 4448 966 4502 Θάλεια
1012 4455 1070 4501 et
1113 4448 1331 4514 Μήδεια
1369 4449 1563 4506 Choer.
1602 4453 1726 4515 180,
1766 4453 1846 4513 17,
1895 4448 2121 4513 βοήθεια
2158 4451 2402 4515 Theogn.
2439 4457 2497 4501 et
2544 4451 2740 4502 Choer.
2782 4454 2905 4514 171,
2945 4454 3025 4514 12,

450 4516 664 4582 εὐέρεια
694 4518 888 4568 Choer.
923 4518 957 4568 l.
984 4534 1050 4584 c.‚
1089 4516 1410 4582 ὲντερόνεια
1441 4519 1620 4569 Schol.
1651 4518 1722 4568 ad
1757 4518 2036 4582 Aristoph.
2082 4519 2218 4582 qu.
2259 4519 2414 4568 1185:
2461 4515 2808 4581 ἑντερονείαε
2845 4521 3027 4570 ταῦτα

449 4584 509 4637 δὲ
539 4584 571 4636 ό
597 4585 936 4650 Ἡρωδιανὸς
968 4584 1030 4637 ἐν
1053 4588 1125 4651 τῇ
1154 4585 1397 4639 καθόλου
1426 4584 1838 4650 προπαροξύνει
1875 4585 1965 4636 καὶ
1993 4583 2028 4645 ἡ
2068 4583 2388 4650 ἑντερόνεια
2424 4584 2485 4637 δὲ
2518 4585 2711 4651 τούτῳ
2747 4589 2832 4651 τῷ
2870 4584 3025 4652 λόγῳ

452 4651 663 4715 ὤφειλε
699 4652 1011 4704 ςυςτέλλειν
1045 4654 1116 4705 τὸ
1161 4655 1197 4706 ‘d
1232 4653 1323 4705 καὶ
1364 4652 1828 4718 προπαροξύνειν.
1865 4679 1932 4689 --
1976 4652 2168 4706 πέλεια
2212 4650 2430 4704 Μάλεια
2476 4669 2543 4703 ex
2585 4654 2649 4704 11.
2687 4655 2779 4707 Pr.
2815 4652 2864 4706 Φ
2900 4653 3028 4715 493)

451 4719 646 4772 πέλεια
683 4719 762 4771 ὡς
787 4719 1005 4786 Μάλεια
1040 4722 1132 4774 καὶ
1156 4720 1384 4774 Θάλεια·
1420 4719 1583 4786 τρίτη
1607 4719 1723 4772 ἀπὸ
1748 4718 1948 4772 τέλους
1978 4720 2012 4782 ἡ
2044 4719 2208 4771 ὀξεῖα.
2257 4719 2476 4775 Μάλεια
2501 4722 2719 4787 explevi
2744 4738 2811 4772 ex
2837 4721 3030 4787 steph.

453 4789 582 4850 Byz.
598 4825 612 4850 ,
638 4786 961 4851 Ἀμάλθεια,
987 4787 1240 4854 ὑπώρεια
1272 4807 1338 4841 ex
1369 4791 1543 4856 Epim.
1568 4789 1656 4843 Cr.
1682 4790 1708 4839 1
1736 4791 1860 4853 143,
1886 4793 1917 4838 ⁸2.
1948 4788 2160 4854 reliqua
2183 4790 2364 4840 omnia
2384 4795 2601 4855 sumpta
2623 4795 2749 4841 sunt
2771 4806 2837 4840 ex
2864 4790 2943 4841 St.
2969 4790 3032 4842 B.

518 4904 896 4941 amomum.
933 4891 977 4943 1.
1927 4919 1943 4932 ·
2548 4872 2629 4936 18
