3664 5546
600 338 688 405 20
1543 338 1625 394 ΕΚ
1662 338 1802 393 ΤΩΝ
1847 339 2257 394 ΗΡΩΔΙΑΝΟΥ

601 533 738 593 μων
785 510 848 576 οἱ
896 511 1177 576 Κόςςινοι
1227 509 1564 590 λεγόμενοι
1610 509 1971 593 Ὠςτίωνες,
2019 512 2134 575 οὓς
2175 509 2431 574 Πυθέας
2478 508 2827 575 Ὠςτιαίους
2870 529 3192 588 προςαγο-

600 615 827 695 ρεύει».
916 614 1421 698 Ἡφαιςτίων,
1479 613 1816 696 Ξενίων,
1885 612 2286 696 Μοςχίων,
2360 612 2811 696 Μελανίων,
2864 612 3190 692 Πορφυ-

601 718 818 799 ρίων,
863 715 1342 795 Τυραννίων.
3238 713 3243 718 “

766 819 860 884 Τὰ
902 820 1008 884 διὰ
1037 822 1156 883 τοῦ
1198 820 1329 883 iffi?
1362 822 1395 882 ἶ
1426 821 1648 899 βραχεῖ
1675 818 2175 897 παραληγόμενα
2206 817 2575 900 βαρύνεται,
2618 815 2863 899 Δίων,
2907 817 3071 881 Ἴων
3115 813 3193 880 τδ

536 928 569 979 5
599 921 822 1000 κύριον
853 922 1059 985 καὶτὸ
1091 921 1374 1004 ἑθνικόν,
1405 919 1820 1002 Ἠμαθίων,
1868 920 2322 1001 Ἐνδυμίων,
2368 919 2715 1001 Ἠετίων,
2761 918 3191 1000 Εὐρυτίων,

600 1022 1135 1105 Εὐρυθαλίων,
1194 1022 1630 1104 Ἀςτερίων,
1675 1020 2174 1104 Δευκαλίων,
2231 1021 2521 1086 Ἰαςίων
2578 1021 2616 1085 ὁ
2671 1022 2878 1100 πατὴρ
2921 1019 3190 1099 Παρίου.

599 1123 890 1204 Ὠρίων.
948 1124 1076 1190 ἔςτι
1123 1126 1194 1188 δὲ
1240 1123 1739 1202 ἀναλογώτερον
1784 1125 2127 1189 ςυςτὲλλον
2182 1124 2256 1187 τὸ
2304 1126 2337 1186 ἶ
2387 1124 2476 1189 ὡς
2520 1123 2682 1203 παρ>
2726 1123 3026 1207 Εὐριπίδῃ
3075 1122 3193 1186 «τά

598 1227 663 1291 τ>
707 1226 902 1305 ἄςτρα
946 1228 1048 1291 καὶ
1090 1227 1206 1291 τὸν
1255 1224 1529 1305 Ὠρίωνα
1575 1226 1918 1305 δέρκομαι»
1967 1222 2182 1312 (Cycl.
2229 1224 2417 1309 213)·
2464 1224 2503 1289 ὁ
2557 1225 2683 1303 γὰρ
2738 1227 3006 1304 ποιητὴς
3063 1224 3189 1290 ἑξέ-

598 1348 766 1393 τεινε
811 1328 970 1393 αὐτὸ
1016 1328 1216 1393 εἰπὼν
1251 1329 1330 1407 «ἥ
1366 1329 1430 1392 τ’
1460 1327 1663 1392 αὐτοῦ
1695 1328 2027 1406 (τρέφεται
2059 1328 2159 1391 καί
2189 1328 2254 1392 τ>
2285 1326 2560 1406 Ὠρίωνα
2590 1327 2883 1392 δοκεύει»
2916 1326 2991 1408 (C
3018 1324 3189 1408 488).

500 1437 566 1490 10
599 1430 999 1509 ςεςημείωται
1043 1431 1118 1495 τὸ
1168 1430 1519 1495 Κνακιών
1565 1427 1772 1509 ὄνομα
1826 1433 2122 1510 ποταμοῦ
2177 1431 2280 1494 καὶ
2325 1429 2619 1513 Ἀςιών,
2664 1429 2802 1506 ,ἔςτι
2859 1430 2931 1493 δὲ
2985 1427 3194 1507 ὄνομα

599 1532 823 1612 ὄρους·
889 1532 992 1597 καὶ
1034 1532 1458 1616 κυρηβιών,
1504 1533 1782 1612 ςημαίνει
1841 1534 1912 1596 δὲ
1955 1531 2071 1597 τὸν
2127 1532 2587 1611 καθαρματώδη
2633 1533 2736 1596 καὶ
2778 1531 2854 1596 τὸ
2900 1530 3190 1595 δοθιών

597 1635 673 1712 ’,τὸ
719 1635 789 1699 ἐν
832 1640 909 1718 τῇ
955 1633 1248 1719 ςυνηθείᾳ
1293 1634 1646 1714 λεγόμενον
1691 1634 1836 1700 ἀντὶ
1878 1638 1996 1699 τοῦ
2042 1634 2281 1712 δοθιήν.

767 1737 898 1800 Ἔτι
953 1737 1054 1800 καὶ
1105 1737 1186 1800 τὰ
1242 1736 1479 1815 ἔχοντα
1540 1740 1571 1799 ἶ
1616 1737 1860 1816 μακρὸν
1928 1736 2296 1817 βαρύνεται,
2353 1737 2575 1818 κίων,
2643 1736 2877 1818 πίων,
2942 1734 3190 1814 πρίων

597 1839 1068 1918 προςηγορικὸν
1125 1839 1227 1902 καὶ
1285 1838 1606 1921 ποταμός,
1653 1838 1916 1917 Ἐχίων
1972 1839 2046 1903 ὃς
2099 1835 2335 1903 ἔκτιςεν
2382 1837 2665 1920 Ἐχῖνον,
2722 1837 2914 1903 πόλιν
2962 1836 3189 1902 Θεςςα-

500 1947 562 1998 15
599 1941 765 2024 λίας,
810 1942 890 2019 ἣν
920 1939 1171 2006 Ῥιανὸς
1216 1940 1541 2018 «Ἐχίονος
1572 1939 1763 2004 ἄςτυ»
1813 1937 1988 2022 εἶπε,
2031 1938 2334 2021 Δηῑων,
2382 1940 2756 2023 Ἀμφίων,
2785 1940 3189 2022 Πανδίων,

596 2042 944 2107 Δολίων·
988 2041 1309 2107 Δολίονες
1354 2041 1417 2106 οἱ
1459 2043 1576 2121 τὴν
1612 2041 1875 2108 Κύζικον
1922 2040 2270 2125 οἰκοῦντες,
2316 2042 2430 2106 οὓς
2459 2040 2743 2107 Δολιέας
2784 2040 2970 2107 εἶπεν
3016 2041 3188 2106 Ἑκα-

594 2146 805 2226 ταῖος,
852 2144 1211 2224 βραχίων.
2998 2154 3011 2168 ·

768 2270 805 2306 κ
850 2246 945 2311 Τὰ
988 2246 1076 2311 είς
1123 2251 1245 2311 ιῖυῦ
1289 2248 1545 2325 θηλυκὰ
1576 2246 1947 2329 ὀξύνονται,
2004 2246 2229 2329 χιών,
2272 2245 2491 2323 ἠϊών·
2547 2246 2673 2311 ἔςτι
2730 2247 2832 2311 καὶ
2886 2247 3073 2311 πόλις
3117 2246 3188 2311 ἐν

597 2346 997 2433 χεῤῥονήςῳ,
1056 2349 1146 2414 ὡς
1192 2349 1611 2429 Θουκυδίδης·
1668 2349 1797 2414 ἔςτι
1854 2349 1925 2412 δὲ
1982 2349 2084 2412 καὶ
2139 2346 2302 2426 ἄλλη
2358 2349 2523 2427 πρὸς
2577 2355 2653 2434 τῇ
2697 2349 2943 2432 Πιερίᾳ.
3034 2349 3187 2427 Ἑρ-

496 2457 565 2510 20
597 2452 793 2530 μιών
850 2449 1037 2514 πόλις
1094 2451 1489 2529 Ἀργολίδος·
1559 2451 1818 2527 ἐλέγετο
1879 2451 1950 2514 δὲ
2005 2452 2109 2515 καὶ
2163 2450 2454 2530 Ἑρμιόνη
2509 2451 2642 2517 ἀπὸ
2698 2455 2808 2531 τῆς
2864 2450 3191 2531 Ἑρμιόνος

730 2742 767 2795 l.
804 2743 837 2792 4
880 2758 977 2809 pro
1016 2741 1233 2792 Arcadii
1277 2741 1460 2793 verbis
1497 2742 1612 2805 (18,
1649 2741 1701 2804 3)
1740 2740 1812 2794 τὰ
1848 2739 1937 2794 διὰ
1980 2742 2084 2793 τοῦ
2122 2743 2229 2793 ι-ιῑῑν
2266 2743 2455 2807 βραχεῖ
2501 2740 2945 2807 παραληγόμενα
2993 2744 3191 2810 scripsi

594 2810 668 2863 τὰ
712 2810 800 2862 διὰ
844 2813 948 2861 τοῦ
988 2812 1092 2861 Γυῖι
1129 2813 1158 2861 ῑ
1197 2811 1383 2875 βραχεῖ
1429 2809 1889 2877 ,παραληγόμενα
1967 2807 2126 2861 Δίων
2173 2810 2365 2861 addidi
2416 2827 2483 2861 ex
2530 2812 2726 2865 Choer.
2764 2814 2888 2873 286,
2932 2815 3020 2874 16,
3060 2812 3189 2864 Ἴων

598 2897 664 2929 ex
702 2879 782 2929 St.
821 2879 883 2929 B.
919 2882 1012 2942 49,
1050 2883 1106 2941 9,
1149 2875 1388 2930 Ἠετίων
1432 2895 1606 2944 usque
1653 2880 1724 2930 ad
1765 2876 2066 2942 Ἀςτερίων
2115 2896 2179 2928 ex
2219 2880 2414 2929 Choer.
2452 2880 2578 2942 285,
2618 2882 2709 2941 32,
2759 2877 2968 2931 Ἰαςίων
3007 2881 3086 2932 St.
3123 2883 3187 2932 B.

595 2950 711 3009 505,
753 2949 833 3009 14,
875 2944 1074 3010 Ὠρίων
1113 2946 1307 3001 Choer.
1344 2947 1379 2996 l.
1404 2964 1450 2997 ο.
1478 2976 1544 2984 -
1571 2944 1937 3013 ςεςημείωται
1966 2944 2219 2997 Κνακιών
2246 2974 2307 2983 -
2337 2946 2428 2998 καὶ
2456 2945 2654 2999 Ἀςιών
2681 2963 2756 2997 εκ
2774 2948 3020 3014 Theogn.
3046 2952 3128 3011 38,
3156 2953 3187 2999 9

595 3021 651 3066 et
688 3016 882 3066 Choer.
908 3018 1023 3072 296,
1050 3019 1134 3077 29,
1173 3016 1266 3065 ubi
1304 3014 1574 3067 Κνακυών
1609 3031 1708 3081 per
1742 3018 1805 3077 ῦς
1847 3013 2146 3079 κυρηβίων,
2225 3016 2331 3067 uod
2369 3016 2563 3066 vitiose
2602 3014 2886 3080 κηρυβιών
2924 3018 3187 3083 scriptum

595 3089 724 3166 estu
758 3083 1115 3158 eanheogn.
1197 3084 1278 3132 De
1326 3084 1427 3133 hoe
1473 3086 1535 3134 E.
1581 3086 1654 3134 Μ.
1701 3087 1828 3145 512,
1876 3086 1932 3133 7;
1980 3084 2176 3148 κυρηβι
2231 3098 2288 3133 ν;
2347 3083 2785 3167 καθαρματῶδές
2832 3082 2944 3135 ἐςτι
2991 3084 3187 3148 ὄνομα.

595 3149 1670 3283 {33⁷3⁸512&5„333ss“2302‘3533‘51{fflss
1696 3149 1992 3281 1'‘‚⁰‘‹{⁸‡‘”Xz1.
2029 3149 2308 3281 2533&
2333 3149 2581 3284 231⁶}ss
2604 3150 3188 3284 ‘ssffptezzgffi’vaeeassz

595 3286 743 3338 ἐςτιν
770 3286 935 3337 ἕνεκα
961 3285 1279 3350 ἑμφάςεως’
1307 3287 1397 3337 καὶ
1421 3287 1594 3349 ὑγιῶς
1619 3285 1897 3349 ὀξύνεται,
1920 3285 2000 3336 ὡς
2021 3284 2251 3351 ἄπειρος
2270 3286 2523 3352 ἀπείρων
2546 3288 2635 3339 καὶ
2659 3287 2891 3352 ἄναιμος
2911 3287 3186 3353 ἀναίμων,

596 3354 753 3407 οὕτω
793 3353 1117 3417 κατάπυγος
1155 3355 1504 3418 καταπύγων
1551 3355 1640 3405 καί
1678 3354 2035 3406 ςυςτὲλλεται
2070 3352 2134 3405 ἐν
2177 3358 2249 3418 τῆ
2286 3358 2506 3421 γενικῇ,
2555 3357 2701 3422 quod
2748 3358 2825 3407 sic
2867 3359 3189 3408 mutandum

595 3424 857 3473 arbitror:
899 3420 948 3473 εί
983 3422 1057 3487 μὴ
1099 3420 1205 3497 ἄρα
1246 3423 1568 3487 περιεκτικὴ
1607 3421 1798 3474 ἔννοιά
1835 3421 1983 3474 ἐςτιν
2021 3420 2186 3475 ἕνεκα
2224 3405 2548 3487 ἒμφάςεως,
2587 3423 2692 3487 οὐχ
2727 3423 2901 3486 ὑγιῶς
2927 3423 3187 3478 ὀξύνεται

594 3491 685 3541 καὶ
723 3488 997 3555 φυλάττει
1042 3488 1112 3541 τὸ
1151 3493 1200 3540 ὠ·
1236 3490 1329 3543 ἐπὶ
1372 3494 1475 3556 τῆς
1520 3492 1744 3555 γενικῆς
1781 3491 1886 3550 (sic
1931 3491 2074 3541 enim
2122 3491 2297 3542 tradit
2336 3493 2631 3557 Theogn.)·
2679 3491 2757 3543 ὡς
2801 3492 2909 3557 γὰρ
2952 3492 3184 3558 ἄπειρος

592 3555 847 3622 ἀπείρων
875 3558 964 3609 καί
989 3556 1219 3621 ἄναιμος
1244 3557 1501 3623 ἀναίμων
1526 3559 1618 3610 καὶ
1654 3557 1978 3621 κατάπυγος
2014 3559 2361 3622 καταπύγων
2398 3560 2821 3625 καταπύγονος,
2861 3560 3049 3613 οὕτως
3075 3562 3186 3615 ἔδει

593 3626 684 3677 καὶ
709 3624 969 3691 κυρήβιος
996 3627 1275 3690 κυρηβιών
1301 3627 1627 3692 βαρύνεςθαι
1653 3627 1743 3678 καὶ
1769 3625 2152 3679 ςυςτέλλεςθαι
2179 3628 2272 3679 ἐπὶ
2290 3631 2393 3693 τῆς
2419 3630 2659 3693 γενικῆς.
2685 3657 2748 3664 -
2774 3628 2981 3681 δοθιών
3009 3646 3190 3682 acces-

594 3696 671 3745 sit
695 3712 762 3745 ex
788 3697 931 3746 Mon.
960 3698 1039 3755 17,
1067 3698 1146 3748 22.
1185 3697 1344 3746 omisi
1369 3694 1630 3748 (υλίονες
1657 3695 1818 3747 ἔθνος
1845 3692 2084 3747 Χαονίας
2110 3696 2189 3747 ὡς
2215 3696 2429 3748 Ῥιανὸς
2455 3696 2517 3748 ἐν
2541 3696 2801 3763 τετάρτῳ
2828 3696 3187 3751 Θεςςαλικῶν

594 3760 900 3814 «(υλίονες
936 3763 997 3814 δ’
1022 3761 1264 3815 ἕςποντο
1301 3764 1444 3826 ὁμοῦ
1472 3764 1577 3827 (St.
1606 3766 1664 3814 B.
1692 3767 1808 3827 591,
1841 3767 1941 3827 11),
1982 3765 2126 3827 quod
2163 3782 2361 3815 nomen
2399 3767 2659 3817 abhorret
2694 3783 2726 3815 a
2750 3781 2961 3816 canone
2990 3768 3186 3818 Choer.

594 3834 677 3893 71,
717 3836 749 3882 5
783 3830 855 3883 τὰ
892 3830 970 3882 είς
1007 3834 1093 3882 ’ων
1140 3831 1355 3897 καθαρὰ
1401 3831 1681 3897 βαρύτονα
1728 3831 1935 3895 ἔχοντα
1980 3830 2240 3898 δίχρονον
2285 3832 2347 3884 ἐν
2391 3837 2461 3899 τῇ
2509 3822 2696 3898 πᾶραλ
2735 3831 2939 3899 γούςῃ,
2988 3834 3038 3886 εἰ
3084 3835 3187 3898 μὲν

595 3885 900 3951 ἑκτείνουςι
923 3900 993 3951 τὸ
1030 3900 1308 3965 δίχρονον,
1345 3899 1610 3965 τρέπουςι
1634 3900 1704 3951 τὸ
1728 3904 1779 3952 ffi
1805 3898 1883 3952 εί(
1909 3901 1978 3951 τὸ
2003 3901 2036 3956 δ
2062 3900 2124 3951 ἐν
2148 3905 2220 3967 τῇ
2245 3906 2439 3969 γενικῇ
2469 3900 2663 3965 Ἐχίων
2692 3848 2934 3963 Ἐχίονος
2960 3931 3023 3938 -
3052 3903 3101 3954 εί
3124 3904 3187 3955 δὲ

595 3966 946 4019 ςυςτέλλουςι
981 3969 1051 4021 τὸ
1088 3968 1372 4034 δίχρονον,
1411 3967 1753 4032 φυλάττουςι
1788 3968 1859 4020 τὸ
1895 3974 1945 4020 ’ὤ
1982 3972 2045 4023 ἐν
2079 3973 2150 4035 τῇ
2189 3973 2383 4036 γενικῇ
2421 3967 2546 4021 οἷον
2586 3966 2824 4022 Ἠετίων
2866 3968 3184 4024 Ἠετίωνος.

729 4037 765 4090 l.
807 4039 869 4087 13
919 4039 1115 4092 Arcad.
1158 4041 1242 4096 18,
1280 4041 1340 4101 5,
1389 4035 1538 4089 πίων
1586 4054 1654 4088 ex
1700 4039 1897 4093 Choer.
1947 4042 2037 4105 71,
2080 4043 2158 4101 11,
2196 4036 2395 4103 Πρίων
2432 4037 2688 4100 ποταμός
2727 4038 2806 4088 St.
2845 4039 2907 4089 Β.
2944 4043 3062 4103 677,
3105 4045 3181 4103 12,

598 4101 792 4168 Ἐχίων
838 4105 1054 4170 explevi
1100 4123 1168 4157 ex
1214 4107 1295 4158 St.
1344 4106 1403 4156 B.
1447 4109 1575 4169 292,
1615 4109 1703 4169 17,
1742 4106 2013 4160 Πανδίων
2058 4108 2263 4172 sumpsi
2309 4123 2375 4158 ex
2422 4107 2617 4161 Choer.
2656 4107 2783 4165 285,
2824 4108 2916 4169 11,
2955 4106 3184 4159 Δολίων

595 4172 789 4224 Choer.
827 4176 908 4232 70,
949 4178 1011 4225 10
1050 4180 1109 4224 et
1145 4176 1226 4232 St,
1263 4177 1323 4225 B.
1359 4177 1476 4233 235,
1514 4176 1562 4224 8.
1735 4175 1770 4225 l.
1811 4177 1874 4226 18
1910 4191 2172 4227 canonem
2220 4176 2287 4225 de
2325 4176 2609 4226 femininis
2645 4177 2701 4225 in
2739 4174 2851 4229 ῖῦῖῖ
2886 4176 3004 4241 ipse
3044 4193 3185 4228 com·

593 4241 780 4306 posui;
819 4239 958 4304 χιών
996 4244 1202 4307 sumpsi
1237 4259 1303 4292 ex
1339 4244 1402 4292 Ε.
1441 4245 1513 4293 Μ.
1550 4243 1680 4309 812,
1721 4246 1783 4295 19
1828 4242 1968 4307 χιών
2014 4242 2166 4307 παρὰ
2209 4243 2278 4295 τὸ
2325 4243 2439 4307 χέω
2486 4242 2638 4307 χεών
2684 4245 2775 4296 καὶ
2821 4247 3006 4311 τροπῇ
3045 4243 3185 4309 χιών

485 4324 495 4334 ·
595 4306 674 4360 ὡς
710 4307 905 4373 τέρπω
942 4309 1190 4375 τερπών.
1261 4308 1507 4361 κλίνεται
1544 4309 1762 4375 χιόνος;
1810 4327 1935 4362 nam
1973 4313 2352 4364 Herodianum
2389 4312 2533 4361 hanc
2567 4327 2756 4364 vocem
2794 4329 2901 4366 non
2937 4320 3185 4378 praeter-

593 4378 809 4433 misisse
847 4394 942 4444 pro
988 4384 1139 4429 certo
1184 4378 1495 4430 habendum
1539 4386 1642 4429 ost.
1716 4377 1951 4443 Ἑρμιών
1997 4383 2074 4434 St.
2110 4382 2173 4431 Β.
2210 4383 2332 4439 277,
2375 4383 2435 4430 13
2472 4378 2702 4431 Μεδιών
2741 4381 2845 4445 (sie
2880 4383 3047 4432 Mein.
3086 4398 3183 4447 pro

596 4443 849 4508 Μεδίων)
890 4462 954 4496 ex
995 4448 1075 4496 St.
1113 4449 1177 4500 Β.
1211 4449 1337 4509 440,
1380 4453 1425 4509 1,
1464 4445 1717 4500 Αύενιών
1757 4451 1880 4511 145,
1922 4451 2002 4515 16,
2046 4446 2367 4512 Καβελλιών
2402 4449 2530 4510 345,
2571 4451 2651 4513 17,
2695 4448 3001 4515 Κορουιών,
3041 4466 3183 4516 quae

595 4530 682 4579 ap.
721 4515 948 4579 Diony&
990 4513 1238 4579 Κορβιών
1275 4515 1551 4574 scribitur,
1591 4532 1641 4581 p.
1668 4518 1786 4579 376,
1822 4519 1871 4569 5.
1926 4515 2098 4581 Ἰβιών
2135 4533 2203 4567 ex
2229 4516 2423 4566 Choer.
2449 4517 2602 4569 Orth.
2640 4520 2757 4582 221,
2784 4524 2816 4571 5
2853 4524 2910 4570 et
2934 4518 3179 4584 Theogn.

594 4586 678 4643 39,
717 4586 806 4646 25,
844 4584 938 4633 ubi
975 4584 1116 4633 falso
1157 4580 1362 4646 Ἠβιών
1401 4581 1675 4645 Ἠβιόνος·
1723 4583 1838 4635 ἔςτι
1881 4585 1943 4637 δὲ
1988 4585 2167 4649 ὄνομα
2204 4582 2403 4648 νήςου·,
2442 4588 2501 4633 et
2536 4584 2732 4637 Choer.
2769 4588 2920 4639 Diot.
2959 4590 3077 4651 341,
3117 4590 3184 4637 25

594 4666 693 4715 pro
725 4648 878 4736 βιών
915 4649 1111 4703 Βιόνο(
1149 4651 1518 4717 reponendum
1542 4656 1641 4735 'est
1678 4651 1854 4716 Ἰβιών
1892 4652 2130 4717 Ἰβιόνος.
2199 4655 2263 4703 In
2302 4651 2407 4701 fine
2445 4652 2649 4704 addere
2693 4657 2848 4720 potui
2886 4652 3182 4720 ςεεημείω-

593 4732 696 4836 ἶὲἒ,
739 4716 1789 4853 5332&AE„ff‚‘⁰;u?d⁹⁶1t‘ztss¹’‘11';0ffl¹¹t}
1836 4737 1950 4841 3¹32.
1974 4723 2055 4841 ἳὲ·
2099 4722 3182 4853 ,¹1³4{izyssflnffgssvtssss‘ss123232‘132‘3m23

592 4851 820 4917 Ἀγκων
858 4855 1019 4922 dicit,
1057 4858 1347 4909 barbarica
1373 4871 1494 4908 esse
1530 4854 1869 4909 ἀκανόνιςτα
1905 4858 1997 4909 καὶ
2031 4856 2495 4923 ἀχαρακτήριςτα.
3175 4870 3179 4879 ’
