3664 5546
1160 399 1317 454 ΠΕΡΙ
1356 396 1745 454 ΚΑΘΟΛΙΚΗ(
1778 397 2198 453 ΠΡΟΕΩιΔΙΑΕ
2239 400 2317 452 ΙΑ.
2912 398 3039 463 249

631 598 670 635 ιι
718 571 812 638 Τὰ
855 572 961 636 διὰ
1003 574 1119 636 τοῦ
1159 571 1263 635 ἐῖᾶ
1304 570 1658 649 παρώνυμα
1710 571 1871 634 κατὰ
1912 560 2030 634 τοῦ
2074 568 2274 634 αὐτοῦ
2321 570 2784 649 ςημαινομένου
2836 591 3037 651 παρη-

467 675 667 755 γμένα
709 674 949 753 θηλυκὰ
991 671 1625 755 προπαροξύνονται,
1668 670 2017 750 Πηνελόπη
2060 671 2597 755 Πηνελόπεια,
2641 664 3053 753 χαλκοβαρήςλ

468 776 1028 858 χαλκοβάρεια,
1081 773 1374 853 ἠριγενής
1430 773 1468 838 6
1513 773 1583 839 ἐν
1636 780 1728 857 τῷ
1773 772 1911 852 ἀέρι
1956 773 2308 853 γεννηθείς·
2353 809 2436 821 -
2490 774 2569 837 τὰ
2610 774 2733 853 γὰρ
2775 779 3040 840 τοιαῦτα

469 877 555 943 εἰς
597 876 767 956 πάθη
811 870 1201 943 ἀναλύονται
1245 876 1346 941 καὶ
1391 875 1510 941 οὐκ
1552 873 1640 940 είς
1684 875 2011 954 ἐνέργειαν
2058 873 2201 940 οἷον
2245 876 2603 955 Λυκηγενής
2648 875 2685 940 6
2730 876 2800 942 ἐν
2844 876 3038 960 Λυκίᾳ

469 979 928 1059 γεγεννημένος
969 1013 1056 1026 —-
1094 976 1515 1057 ἠριγένεια
1603 976 1929 1042 οὕτωκαὶ
1971 976 2480 1056 Τριτογένεια
2535 980 2638 1043 καὶ
2681 978 3035 1059 Ἀμφιγέ-
3066 995 3099 1044 5

469 1103 640 1149 νεια
695 1083 879 1147 πόλις
935 1080 1341 1159 Μεςςηνιακή.
1438 1080 1790 1145 ἱππόδαςυς
1843 1079 2319 1144 ἱπποδάςεια
2371 1081 2474 1145 καὶ
2537 1078 3038 1161 ἀμφιδάςεια·

469 1189 660 1250 τοῦτο
707 1185 778 1249 δὲ
824 1183 976 1264 οὐχ,
1039 1183 1130 1248 ὡς
1175 1181 1373 1248 οἴεται
1419 1181 1457 1247 6
1502 1181 1952 1261 Ἀςκαλωνίτης
2001 1183 2103 1246 καὶ
2144 1181 2472 1263 Ἀλεξίων,
2529 1182 2831 1247 ςύνθετόν
2876 1181 3039 1247 ἐςτιν

475 1287 641 1352 ἀλλὰ
683 1285 1178 1365 παραςύνθετον.

640 1428 677 1463 ιι
720 1406 815 1471 Τὰ
879 1405 966 1469 εἰς
1009 1407 1111 1468 ἐἶά
1154 1404 1260 1468 ἐπὶ
1300 1403 1726 1483 πραγματείας
1780 1402 1984 1481 ἤγουν
2042 1403 2518 1484 ςυγγράμματος
2561 1401 3039 1482 προπαροξύνε-

471 1527 571 1572 ται
618 1506 762 1573 οἷον
819 1506 1243 1588 Ὀδύςςεια,
1297 1504 1739 1588 Ἡράκλεια,
1795 1504 2307 1589 Τηλεγόνεια,
2368 1505 2804 1588 Γιγάντεια,
2848 1505 3038 1570 Διο-
3078 1520 3143 1570 10

473 1611 780 1693 μήδεια,
823 1609 1251 1674 Δολώνεια.

637 1729 767 1793 Ἔτι
811 1729 889 1792 τὰ
933 1726 1063 1792 ἀπὸ
1105 1719 1236 1793 τῶν
1281 1726 1370 1792 εἰς
1412 1727 1496 1791 ff
1544 1727 1914 1808 βαρυτόνων
1968 1726 2550 1809 προπαροξύνεται,
2604 1725 2821 1805 ἥμιςυς
2874 1725 3041 1805 ἡμί-

478 1851 672 1914 ςεια,
716 1833 910 1908 θῆλυς
955 1830 1239 1907 θήλεια,
1311 1829 1391 1892 τὰ
1435 1828 1651 1908 μέντοι
1695 1828 1825 1895 ἀπὸ
1859 1828 2184 1896 ὀξυτόνων
2218 1833 2804 1911 προπεριςπῶνται,
2848 1828 3042 1908 ταχύς

471 1924 779 2014 τάχεῑα,
825 1930 1058 2012 βραδύς
1104 1934 1456 2013 βραδεῖα,
1514 1930 1755 1996 πλατύς
1808 1933 2157 1995 πλατεῖα.
2244 1930 2370 1995 {cn
2426 1932 2497 1994 δὲ
2549 1931 2651 1995 καὶ
2691 1930 3044 1995 Πλατεῖα

474 2039 663 2113 νῆςος
715 2031 960 2113 Λιβύης.
1032 2032 1266 2111 τραχύς
1328 2035 1668 2112 τραχεῖα.
1756 2033 2004 2109 λέγεται
2069 2034 2140 2097 δὲ
2196 2034 2298 2097 καὶ
2350 2032 2389 2110 ἡ
2442 2031 2704 2111 Ἰςαυρία
2766 2034 3042 2110 τραχεῖα.
3083 2045 3144 2095 15

477 2135 772 2217 (τράβων
816 2134 1437 2218 τεςςαρεςκαιδεκάτῃ
1495 2136 1587 2221 (p.
1633 2133 1785 2219 668)
1834 2135 2146 2200 «Κιλικίας
2189 2137 2262 2200 δὲ
2303 2138 2413 2212 τῆς
2464 2133 2586 2201 ἔξω
2629 2137 2746 2199 τοῦ
2790 2132 3045 2211 Ταύρου

474 2240 512 2317 ἡ
557 2239 672 2317 μὲν
719 2238 963 2312 λέγεται
1008 2238 1301 2318 τραχεῖα,
1354 2235 1394 2314 ἡ
1440 2238 1510 2300 δὲ
1554 2236 1815 2301 πεδιάς»
1873 2238 1977 2302 καὶ
2017 2236 2056 2315 ἡ
2099 2236 2369 2317 Ἐφεςος
2411 2236 2688 2316 Τρηχεῖα
2739 2235 3043 2300 ἐκαλεῖτο.

475 2338 621 2406 ὀξύς
677 2339 906 2406 ὀξεῖα.
995 2337 1108 2402 eici
1171 2338 1242 2401 δὲ
1306 2339 1409 2402 καὶ
1462 2338 1745 2405 Ὀξεῑαι
1799 2341 1979 2416 νῆςοι
2045 2342 2177 2403 τῶν
2236 2338 2609 2418 Ἐχινάδων,
2665 2335 2741 2401 ἃς
2796 2337 2952 2401 θοὰς
3006 2335 3043 2400 ὁ

474 2442 738 2519 ποιητὴς
783 2437 963 2504 εἶπεν
1008 2436 1161 2521 (Od.
1211 2459 1249 2502 ο
1292 2437 1463 2520 299).
1534 2440 1701 2518 πλὴν
1758 2444 1875 2505 τοῦ
1921 2439 2178 2517 λίγεια
2219 2438 2375 2521 (ἔςτι
2420 2441 2491 2504 δὲ
2535 2440 2637 2504 καὶ
2679 2439 2899 2518 νῆςος)
2945 2438 3049 2502 καὶ

478 2544 797 2622 ἐλάχεια
852 2539 982 2605 ἀπὸ
1036 2544 1152 2606 τοῦ
1207 2541 1382 2618 λιγύς
1436 2542 1539 2606 καὶ
1591 2540 1852 2623 ἑλαχύς,
1910 2539 2007 2606 οἷς
2049 2540 2439 2620 ἠκολούθηςε
2496 2540 2599 2605 καὶ
2650 2541 2725 2605 τὸ
2770 2539 3047 2604 θάλεια
3080 2553 3148 2605 20

481 2864 687 2930 ςέβεια,
724 2861 968 2916 ἀναίδεια
1005 2865 1095 2915 καὶ
1132 2862 1408 2928 εὐγένεια,
1447 2882 1587 2931 quae
1633 2881 1932 2932 paronyma
1979 2867 2116 2930 sint,
2163 2882 2289 2916 nam
2336 2865 2602 2915 feminina
2649 2864 3047 2916 adieetivorum

482 2932 734 2999 εὐςεβής,
771 2931 1024 2998 ἀναιδής,
1061 2930 1296 2997 εὐγενής
1334 2949 1456 2985 esse
1493 2934 1624 2984 item
1648 2932 1903 2998 εύςεβής,
1941 2930 2194 2998 ἀναιδής,
2234 2931 2483 2997 εὐγενής.
2534 2932 2883 2984 Herodianus
2907 2934 3047 2984 nihil

481 3002 630 3052 aliud
677 3002 856 3052 dicere
904 3001 1076 3052 voluit
1119 3002 1256 3052 nisi:
1312 3015 1419 3052 non
1463 3003 1645 3052 omnia
1693 3002 1957 3052 feminina
2002 3002 2421 3052 masculinorum
2472 3002 2532 3052 in
2573 3002 2676 3054 ’ἔν-ς
2719 3001 2790 3052 ab
2844 3002 3047 3052 Atticis

481 3070 741 3136 producte
779 3069 1152 3134 pronunciari,
1191 3070 1284 3121 sed
1322 3067 1494 3133 ἱερεία
1529 3070 1806 3136 singulare
1847 3085 1984 3122 esse.
2121 3069 2156 3119 l.
2196 3074 2222 3120 l
2263 3085 2526 3120 canonem
2560 3071 2767 3120 inserui
2804 3086 2871 3120 ex
2907 3070 3046 3121 libro

478 3137 955 3203 uepbrrocornroc
1003 3138 1091 3188 Cr.
1126 3139 1226 3187 An.
1263 3137 1362 3188 Ox.
1401 3138 1454 3188 11
1491 3140 1615 3201 300,
1653 3141 1684 3189 8
1722 3137 1927 3188 collato
1963 3137 2211 3203 Theogn.
2248 3139 2329 3189 99.
2375 3163 2428 3172 -
2471 3135 2506 3201 ἠ
2544 3137 2731 3203 ιγενής
2768 3135 3046 3202 ἠριγένεια

478 3207 697 3273 explevi
735 3222 802 3256 ex
836 3206 902 3255 Ε.
942 3208 1013 3257 Μ.
1050 3208 1169 3268 767,
1207 3208 1295 3256 52:
1335 3204 1693 3271 Τριτογένεια
1730 3203 1883 3270 παρὰ
1915 3204 1984 3257 τὸ
2021 3208 2175 3270 τρεῖν
2209 3206 2432 3268 γεννᾶν.
2502 3151 2724 3270 ἓπειδή,
2763 3205 2841 3257 ὥς
2876 3219 3046 3270 φηςιν

479 3274 510 3325 6
544 3272 825 3338 τεχνικός,
862 3271 934 3323 τὰ
969 3275 1204 3325 τοιαῦτα
1242 3271 1319 3324 εἰς
1357 3271 1508 3338 πάθη
1534 3272 1874 3325 ἀναλύονται
1899 3273 1990 3324 καὶ
2025 3272 2129 3324 οὐκ
2162 3270 2240 3325 είς
2266 3271 2550 3338 ἐνέργειαν
2574 3270 2699 3324 οἷον
2723 3272 3045 3339 Λυκηγενής

480 3342 511 3393 6
547 3340 608 3393 ἐν
643 3339 818 3408 Λυκίᾳ
851 3340 1284 3410 γεγεννημένος·
1330 3340 1591 3405 ἠριγενὴς
1629 3341 1661 3392 6
1698 3340 1759 3393 ἐν
1794 3345 1882 3407 τῷ
1918 3339 2036 3406 ἀέρι
2073 3339 2386 3405 γεννηθείς·
2434 3340 2620 3392 οὕτω(
2656 3340 2760 3393 οὖν
2796 3340 2887 3392 καὶ
2923 3341 3046 3406 Τρι·

477 3408 732 3472 τογένεια
767 3408 803 3470 ή
843 3407 905 3461 ἐκ
940 3411 1043 3460 τοῦ
1081 3412 1236 3473 τρεῖν
1271 3407 1628 3474 γεννωμένη,
1677 3408 1744 3461 οὐ
1784 3408 1895 3473 μὴν
1938 3407 1975 3471 ή
2021 3407 2091 3460 τὸ
2126 3412 2279 3474 τρεῖν
2323 3410 2593 3471 γεννῶςα.
2663 3410 2924 3475 Exceptis
2958 3411 3047 3473 iis,

479 3493 618 3543 quae
657 3477 725 3527 de
762 3477 1160 3541 significatione
1197 3477 1450 3527 vocabuli
1474 3475 1831 3542 Τριτογένεια
1870 3477 2019 3528 dicta
2056 3487 2199 3541 sunt,
2237 3493 2377 3544 quae
2413 3477 2614 3529 collato
2650 3478 2902 3528 Eustath.
2928 3479 3047 3540 696,

479 3549 544 3596 40
588 3549 645 3595 et
680 3548 806 3606 504,
843 3546 932 3603 26,
982 3544 1362 3596 Choerobosco
1409 3545 1518 3610 ipsi
1563 3545 1882 3610 tribuenda,
1931 3545 2140 3610 reliqua
2184 3546 2500 3597 Herodiano
2547 3545 2840 3607 debentur,
2888 3561 3048 3610 quern

481 3613 890 3664 Choeroboseus
933 3612 1066 3664 κατ’
1109 3611 1310 3677 ἐξοχὴν
1353 3612 1612 3675 τεχνικὸν
1657 3613 1940 3679 appellare
1984 3613 2140 3665 solet.
2182 3640 2247 3650 -
2281 3612 2609 3678 ἀμφιδάςεια
2654 3630 2772 3664 cum
2819 3614 3048 3665 adnota-

479 3687 659 3731 mento
700 3679 887 3730 addidi
924 3696 991 3730 ex
1027 3681 1088 3730 11.
1127 3682 1215 3731 Pr.
1252 3678 1296 3732 O
1334 3684 1460 3743 309,
1505 3683 1600 3732 ubi
1635 3684 2024 3747 grammaticus
2059 3688 2246 3733 noster
2289 3681 2428 3733 haec
2465 3698 2523 3732 se
2561 3682 2879 3748 exposuisse
2915 3681 3048 3731 dicit

479 3748 541 3801 ἐν
575 3752 661 3814 τῷ
699 3747 827 3814 περὶ
862 3750 965 3799 τοῦ
1003 3745 1278 3813 ἠριγένεια
1321 3750 1358 3799 i.
1400 3763 1446 3799 e.
1494 3755 1681 3800 nostro
1728 3750 1864 3801 loeo.
1934 3751 2015 3800 De
2064 3751 2322 3802 extremis
2366 3749 2651 3801 vocabulis
2687 3751 2757 3801 cf.
2794 3750 3049 3800 Eustath.

481 3820 637 3879 1017,
676 3820 743 3870 35
778 3821 835 3865 et
870 3818 996 3880 833,
1048 3817 1183 3867 Lob.
1220 3815 1422 3879 Phryn.
1460 3819 1574 3868 538.
1653 3819 1736 3867 De
1781 3817 2097 3883 Πηνελόπη
2143 3816 2506 3883 Πηνελόπεια
2553 3819 2659 3868 sibi
2702 3817 3050 3868 Herodianus

479 3902 586 3935 non
625 3885 946 3935 constitisse
983 3883 1221 3949 videtur,
1262 3889 1442 3934 utrum
1479 3887 1548 3935 ab
1582 3892 1708 3936 utro
1756 3885 2109 3950 repetendum
2146 3888 2245 3949 sit,
2293 3888 2339 3937 si
2377 3886 2566 3952 Steph.
2604 3888 2665 3937 B.
2704 3902 2745 3941 e.
2788 3883 3049 3948 Ἀγάμεια

478 3960 535 4003 et
569 3950 882 4004 Ψυτάλλεια
917 3952 1296 4002 Herodianum
1331 3955 1642 4018 exscripsit.
1691 3954 1759 4004 cf.
1798 3954 1937 4004 Lob.
1971 3954 2175 4005 Parall.
2209 3957 2325 4006 321.
2497 3954 2530 4003 l.
2556 3956 2587 4004 9
2623 3969 2884 4004 canonem
2920 3953 3050 4003 finxi

481 4038 546 4071 ex
582 4021 705 4073 libr.
744 4020 872 4084 περὶ
907 4018 1101 4071 ποςότ.
1140 4022 1257 4082 299,
1295 4023 1361 4070 26
1396 4028 1454 4072 et
1491 4022 1684 4072 Choer.
1722 4021 1878 4072 Orth.
1916 4025 2031 4080 189,
2072 4024 2101 4071 7
2138 4027 2192 4072 et
2233 4025 2342 4083 196,
2382 4026 2463 4073 33.
2638 4021 2672 4070 l.
2711 4024 2775 4071 14
2810 4021 3049 4072 πλατεῖα

477 4092 705 4153 τραχεῖα
741 4087 893 4139 ὀξεῖα
928 4089 1112 4153 recepi
1157 4095 1380 4154 propter
1414 4087 1668 4141 Πλατεῖα
1704 4088 1947 4154 Τρηχεῑα
1986 4088 2184 4141 Ὀξεῑαι
2223 4106 2307 4156 ap.
2348 4090 2428 4143 St.
2467 4092 2557 4150 B.‚
2595 4095 2925 4154 postremum
2964 4104 3050 4137 ex·

479 4162 592 4207 stat
628 4158 795 4206 etiam
830 4157 888 4206 in
923 4156 1022 4221 Ep.
1062 4156 1150 4206 Cr.
1185 4157 1212 4206 I
1247 4159 1362 4218 200,
1401 4159 1467 4207 20
1505 4156 1707 4209 Ὀξεῑαι
1741 4155 1898 4208 οὕτω
1934 4157 2238 4208 καλοῦνται
2272 4159 2427 4221 νῆςοι
2464 4156 2593 4220 περὶ
2625 4157 2733 4220 τὴν
2763 4155 3049 4220 Κεφαλληι·

478 4223 617 4276 νίαν.
687 4227 772 4275 De
816 4221 1018 4286 λίγεια,
1066 4222 1313 4288 ἐλάχεια,
1360 4222 1553 4276 θάλεια
1602 4226 1863 4276 disseruit
1900 4226 2077 4275 Lehrs
2123 4229 2334 4289 quaest.
2384 4241 2466 4291 ep.
2503 4242 2555 4290 p.
2599 4227 2691 4275 166
2729 4239 2907 4288 seqq..
2957 4225 3049 4289 qni

480 4307 804 4357 quamquam
865 4291 1166 4343 Herodiani
1226 4293 1290 4343 de
1350 4290 1545 4344 θάλεια
1602 4293 1974 4344 testimonium
2040 4292 2302 4343 disertum
2357 4291 2584 4342 deficere
2646 4292 2806 4356 dicit,
2866 4299 3050 4342 tamen

480 4366 763 4411 accentum
800 4360 1026 4425 antiquo
1070 4375 1172 4410 usu
1217 4361 1503 4425 probatum
1547 4375 1670 4411 esse
1707 4359 1989 4426 pertendit
2032 4375 2211 4423 neque
2259 4360 2476 4419 dubito,
2523 4362 2653 4423 quin
2698 4359 3051 4410 Herodianus

477 4428 638 4478 huius
682 4428 937 4480 vocabuli
980 4428 1085 4478 hoc
1128 4429 1246 4479 loeo
1304 4430 1633 4479 mentionem
1677 4429 1945 4478 iniecerit.
2019 4428 2091 4478 cf.
2138 4431 2427 4493 praeterea
2486 4427 2586 4492 Ep.
2635 4426 2721 4479 Cr.
2776 4427 2799 4476 1
2845 4429 2970 4490 256,
3016 4428 3049 4477 8

479 4495 564 4557 (Ε.
602 4498 676 4546 M.
713 4498 829 4557 565,
867 4496 948 4559 5):
986 4494 1057 4547 τὰ
1093 4493 1171 4547 εἰς
1208 4498 1243 4547 ἃ
1278 4495 1493 4560 θηλυκὰ
1528 4495 1643 4547 ἀπὸ
1687 4496 1808 4545 τῶν
1846 4491 1924 4545 εἰς
1960 4499 2025 4546 ῦς
2061 4491 2367 4560 ἀρςενικῶν
2401 4493 2695 4557 γινόμενα,
2735 4491 2784 4545 εί
2821 4493 2921 4557 μὲν
2958 4495 3050 4558 βα-

478 4562 741 4628 ρύνονται
776 4562 848 4614 τὰ
884 4561 962 4614 εἰς
998 4568 1070 4615 fi?
1105 4562 1387 4629 ἀρςενικά,
1426 4564 1920 4628 προπεριςπῶνται
1956 4560 2080 4614 οἷον
2114 4561 2286 4626 ταχύς
2320 4565 2540 4626 ταχεῖα,
2579 4561 2707 4613 ὀξύς
2744 4561 2909 4614 ὀξεῖα.
2969 4576 3049 4613 ςε-

481 4630 779 4695 ςημείωται
814 4631 884 4682 τὸ
921 4630 1121 4696 ἐλαχύς
1159 4630 1380 4695 ἐλάχεια
1415 4632 1506 4683 καὶ
1543 4630 1697 4693 λιγύς
1743 4628 1936 4691 λίγεια.
2007 4630 2098 4683 καὶ
2132 4629 2202 4681 τὸ
2241 4628 2342 4692 μὲν
2379 4628 2555 4692 λίγεια
2592 4628 2912 4694 βαρύνεται,
2961 4629 3050 4681 ὅτι

481 4697 589 4761 ἔχει
625 4699 774 4765 ῥῆμα
808 4698 1348 4765 ἀντιπαρακείμενον
1384 4701 1523 4762 λιγῶ
1559 4697 1629 4749 τὸ
1665 4697 1854 4761 ὑμνῶ,
1893 4696 1949 4749 ἐξ
1986 4699 2053 4751 οὗ
2090 4699 2181 4750 καί
2219 4696 2465 4760 λιγαίνω.
2534 4697 2606 4748 τὰ
2640 4696 2746 4762 γὰρ
2782 4696 2896 4749 ἀπὸ
2933 4696 3048 4749 ἑνε-

483 4765 717 4818 ςτώτων
754 4767 1086 4832 παρηγμένα
1121 4767 1209 4819 διὰ
1244 4771 1348 4819 τοῦ
1385 4772 1480 4820 ἒῑῑ
1517 4764 2005 4830 προπαροξύνεται
2040 4766 2264 4822 ἅπαντα
2289 4762 2412 4817 οἷον
2440 4764 2599 4829 μήδω
2625 4763 2861 4830 Μήδεια,
2901 4765 3047 4831 θέρω

483 4831 677 4897 θέρεια.
745 4836 815 4887 τό
862 4835 924 4887 δὲ
969 4835 1169 4899 ἐλαχύς
1206 4834 1452 4897 ὤφειλεν
1488 4832 2004 4899 προπαροξύνεςθαι
2047 4838 2133 4886 τῶ
2182 4834 2336 4899 λόγῳ
2380 4836 2501 4885 τῶν
2547 4832 2625 4885 είς
2661 4836 2727 4885 ῦς
2761 4832 2870 4885 ὑπὲ
2947 4834 3050 4886 δύο

484 4901 750 4966 ςυλλαβὰς
784 4902 853 4955 τὸ
889 4906 923 4954 ῦ
960 4902 1406 4968 ςυςτελλόντων,
1443 4904 1551 4968 τὴν
1586 4900 1691 4953 οὖν
1723 4887 2221 4982 κεχρεωςτημένην
2255 4901 2641 4967 παροξύτονον
2676 4899 2831 4953 τάςιν
2896 4917 2930 4952 ν
2964 4905 3048 4968 τῷ
