3664 5546
580 349 666 414 38
1213 386 1224 396 .
1515 348 1597 404 ΕΚ
1634 347 1774 404 ΤΩΝ
1817 348 2225 405 ΗΡΩΔΙΑΝΟΥ

580 521 820 600 νόμενα
874 521 1283 605 περιςπᾶτὰι,
1327 522 1753 605 Ξενοφῶν,
1811 521 2224 604 Ἱπποκῶν,
2268 521 2706 606 Δημοφῶν,
2751 521 3164 604 Ἀντιφῶν,

581 624 965 702 ἀμνοκῶν.
1054 624 1454 704 ςεςημείωται
1509 626 1585 691 τὸ
1628 626 2036 690 Ποςειδῶν
2090 625 2192 688 καὶ
2245 628 2449 690 ταῶν
2504 626 2607 689 καὶ
2650 625 2935 705 Τυφῶν
2991 644 3163 703 περι-

582 726 879 804 ςπώμενα
921 727 1066 809 μέν,
1113 717 1193 790 οὐ
1240 726 1456 805 μέντοι
1503 728 1607 793 διὰ
1650 730 1767 792 τοῦ
1813 729 1889 791 Vr
1944 728 2298 806 κλινόμενα.
2388 728 2491 790 καὶ
2542 729 2619 792 τὸ
2675 730 2791 807 μὲν
2833 727 3165 792 Ποςειδῶν

581 828 712 906 ἔχει
753 829 1057 908 τοιαύτην
1101 828 1478 906 ἀπολογίαν.
1568 830 1763 895 οὐδὲν
1817 831 2303 909 περιςπώμενον
2348 828 2437 892 εἰς
2470 818 2621 896 ἷῶ-ιῖ
2672 832 2863 908 λήγει.
2963 829 3039 893 τὸ
3096 829 3166 892 δὲ

521 942 554 990 5
581 931 916 995 Ποςειδῶν
960 930 1091 1009 ἔχει
1137 932 1212 997 τὸ
1257 919 1295 997 6
1339 933 1468 1010 πρὸ
1511 937 1630 996 τοῦ
1676 936 1746 998 ω.
1832 937 1964 997 τῶν
2022 934 2135 1011 μὲν
2182 932 2270 998 εἰς
2309 929 2409 998 ἰιῖν
2454 933 2951 1012 περιςπωμένων
3003 931 3166 1007 γίνε-

582 1052 683 1096 ται
729 1032 1019 1111 διαίρεςις
1064 1035 1170 1098 διὰ
1223 1038 1342 1099 τοῦ
1388 1037 1457 1116 δ,
1513 1039 1630 1102 τοῦ
1687 1036 1759 1099 δὲ
1802 1036 2137 1099 Ποςειδῶν
2198 1036 2276 1100 οὐ
2323 1037 2428 1100 διὰ
2486 1039 2602 1099 τοῦ
2648 1038 2717 1117 6,
2772 1034 2927 1099 ἀλλ’
2971 1035 3010 1112 ἢ
3067 1035 3171 1098 διὰ

582 1137 699 1198 τοῦ
742 1136 778 1198 ἒ
820 1135 859 1214 ἢ
906 1136 1011 1200 διὰ
1056 1140 1172 1202 τοῦ
1218 1141 1259 1200 ὰ
1305 1135 1449 1202 οἷον
1478 1137 1850 1202 Ποςειδέων
1892 1139 1994 1201 καὶ
2022 1137 2429 1204 Ποςειδάων·
2476 1139 2594 1203 οὐκ
2625 1138 2749 1216 ἄρα
2780 1140 3169 1215 περιςπᾶται.

583 1236 665 1301 τὰ
718 1237 806 1301 εἰς
849 1241 952 1302 W
1004 1240 1452 1318 περιςπώμενα
1508 1240 1589 1303 ού
1646 1240 2079 1318 παραλήγεται
2135 1241 2319 1320 φύςει
2376 1246 2581 1324 μακρᾷ
2636 1239 2780 1305 οἷον
2843 1240 3172 1319 Κτηςιφῶν

585 1338 932 1418 Δεξικρῶν.
1021 1342 1094 1406 τό
1140 1343 1213 1405 δὲ
1255 1342 1589 1407 Ποςειδῶν
1647 1342 1831 1421 φύςει
1886 1347 2091 1424 μακρᾷ
2144 1343 2608 1424 παραλήγεται,
2666 1343 2823 1408 ὥςτε
2871 1342 2951 1406 οὐ
2998 1362 3171 1421 περι-

489 1451 555 1502 10
588 1441 944 1519 ςπώμενον.
1034 1443 1228 1508 οὐδὲν
1273 1445 1756 1523 περιςπώμενον
1802 1444 2234 1509 ἀποκόπτεται
2286 1446 2443 1509 κατὰ
2486 1447 2743 1523 γενικὴν
2787 1449 3055 1526 πτῶςιν,
3098 1445 3173 1509 τό

590 1544 662 1637 δὲ
704 1543 1038 1609 Ποςειδῶν
1083 1546 1348 1625 ἐξεκόπη
1394 1547 1554 1625 παρ’
1599 1547 1867 1631 Ἀριςτίᾳ
1910 1548 2219 1612 Ποςειδῶ.
2294 1547 2503 1612 Πάλιν
2545 1552 2679 1612 τῶν
2725 1547 2813 1611 εἰς
2855 1550 2955 1610 W
2999 1566 3173 1624 περι-

590 1645 942 1724 ςπωμένων
988 1646 1352 1726 ὁμόχρονος
1396 1650 1434 1728 ἡ
1480 1651 1734 1727 κλητικὴ
1777 1656 1855 1733 τῇ
1910 1649 2152 1733 εὐθείᾳ·
2209 1649 2246 1713 6
2291 1648 2615 1729 Ξενοφῶν
2660 1648 2714 1713 ὦ
2759 1649 3082 1730 Ξενοφῶν
3136 1647 3175 1712 6

597 1747 926 1829 Κτηςιφῶν
991 1747 1045 1812 ὦ
1109 1749 1454 1829 Κτηςιφῶν.
1544 1755 1660 1815 τοῦ
1714 1752 2125 1817 Ποςειδῶνος
2182 1753 2253 1816 δὲ
2312 1752 2433 1829 οὐχ
2490 1752 2527 1829 ἡ
2585 1752 2744 1830 αὐτὴ
2791 1752 3079 1831 κλητική,
3139 1749 3175 1812 6

591 1849 925 1916 Ποςειδῶν
971 1852 1094 1929 γὰρ
1127 1853 1229 1916 καὶ
1279 1852 1331 1916 ὦ
1360 1853 1679 1918 Πόςειδον
1710 1853 1814 1917 διὰ
1844 1858 1962 1918 τοῦ
2007 1858 2044 1916 6
2077 1858 2329 1935 μικροῦ,
2375 1852 2533 1917 ὥςτε
2565 1852 2644 1917 οὐ
2676 1854 3175 1931 περιςπώμενον.

498 1962 557 2012 15
594 1951 788 2017 οὐδὲν
818 1953 1306 2034 περιςπώμενον
1338 1954 1498 2033 ὑπὲρ
1531 1955 1651 2020 δύο
1684 1956 1997 2035 ςυλλαβὰς
2024 1956 2240 2034 τρέπει
2269 1957 2344 2021 τὸ
2374 1960 2429 2020 ὦ
2462 1956 2549 2020 εἰς
2581 1959 2622 2018 ᾶ
2652 1956 2813 2034 παρ’
2835 1955 3176 2019 Αἰολεῦςιν.

509 2055 519 2066 “
591 2056 667 2121 τὸ
714 2058 785 2120 δὲ
827 2056 1161 2121 Ποςειδῶν
1217 2056 1473 2132 ἐγένετο
1517 2057 1817 2121 Ποςίδαν.
1909 2059 2026 2122 οὐκ
2080 2057 2204 2137 ἄρα
2258 2059 2759 2137 περιςπώμενον.
2860 2057 3001 2129 ἰδού
3059 2055 3178 2121 οὖν

593 2158 752 2224 κατὰ
797 2158 958 2223 ἑπτὰ
986 2159 1268 2237 τρόπου(
1297 2161 1400 2223 καὶ
1429 2159 1705 2224 κανόνα(
1736 2159 2048 2224 δείκνυται
2086 2161 2162 2225 τὸ
2194 2162 2527 2225 Ποςειδῶν
2558 2162 2639 2240 μὴ
2672 2160 3180 2240 περιςπώμενον,

596 2262 763 2338 λέγω
794 2262 867 2325 δὲ
897 2259 1026 2326 ἀπὸ
1060 2261 1391 2343 ληγούςης,
1437 2260 1568 2326 ἀπὸ
1601 2262 1981 2344 διαιρέςεως,
2027 2261 2158 2326 ἀπὸ
2190 2262 2466 2346 κλίςεως,
2510 2263 2640 2327 ἀπὸ
2670 2262 3181 2343 παραληγούςης,

595 2362 726 2429 ἀπὸ
772 2364 1141 2446 ἀποκοπῆς,
1187 2362 1319 2428 ἀπὸ
1364 2367 1653 2442 κλητικῆς
1698 2365 1799 2428 καὶ
1857 2363 1988 2428 ἀπὸ
2036 2365 2385 2429 διαλέκτου.
2474 2364 2528 2429 εἰ
2583 2367 2655 2428 δὲ
2697 2364 3182 2442 περιςπώμενον

492 2477 562 2526 ‘20
596 2467 715 2533 οὐκ
758 2467 914 2549 ἔςτι,
959 2465 1261 2545 δηλονότι
1308 2464 1615 2532 ὀξύνεται.
1689 2468 1791 2529 καὶ
1834 2466 1956 2543 γὰρ
2003 2466 2090 2530 εἰς
2136 2453 2269 2532 8ὧῖ
2315 2467 2528 2530 πολλὰ
2574 2467 2852 2533 ὀξύτονα
2898 2466 3182 2531 Χελιδών

598 2569 963 2648 Μυρμιδών.
1055 2569 1136 2632 τὰ
1182 2569 1248 2632 δ’
1279 2567 1367 2633 εἰς
1401 2555 1558 2633 δ-ωἷ
1593 2569 1874 2646 λήγοντα
1921 2569 2024 2632 διὰ
2070 2573 2107 2632 6
2152 2569 2458 2651 κλίνεται,
2517 2549 2709 2648 χωρὶς
2755 2570 2809 2632 εἰ
2853 2570 2933 2647 μὴ
2981 2588 3182 2645 παρα-

597 2673 859 2751 λήγοιτο
904 2677 995 2756 τῷ
1039 2674 1078 2737 ὓ
1126 2669 1270 2750 οἷρν
1320 2671 1623 2735 Καλυδών
1671 2671 1976 2750 Ἀμυδών.
2066 2670 2244 2749 εἴπερ
2302 2670 2423 2736 οὖν
2469 2671 2783 2738 ὀξύτονον
2838 2672 2913 2735 τὸ
2958 2670 3183 2734 Ποςει-

598 2780 761 2858 δῶν,
817 2775 948 2840 ἔδει
1007 2776 1110 2839 διὰ
1163 2779 1281 2839 τοῦ
1340 2776 1381 2836 6
1433 2773 1760 2838 κλίνεςθαι.
1852 2776 1931 2839 οὐ
1988 2773 2263 2839 κλίνεται
2320 2775 2407 2839 δέ.
2496 2775 2616 2840 οὐκ
2672 2772 2798 2853 ἄρα
2853 2772 3184 2841 ὀξύτονον.

598 2879 826 2957 Δῆλον
872 2876 1025 2959 οὖν,
1070 2877 1169 2941 ὅτι
1214 2877 1373 2940 κατὰ
1417 2880 1615 2940 ταῦτα
1668 2876 1882 2940 πάντα
1937 2877 2211 2956 μονῆρὲς
2267 2878 2391 2959 ἐςτι
2447 2879 2522 2941 τό
2577 2876 2787 2956 ὄνομα
2844 2876 2993 2940 οὔτε
3049 2878 3187 2939 τοῖς

496 2984 562 3035 25
598 2981 1011 3059 ὀξυνομένοις
1071 2980 1185 3057 τὴν
1254 2978 1454 3057 αὐτὴν
1519 2977 1907 3044 ἀκολουθίαν
1975 2984 2178 3045 ςῶζον
2256 2979 2405 3044 οὔτε
2471 2982 2608 3043 τοῖς
2668 2978 3186 3057 περιςπωμένοις.

599 3084 777 3148 Ἀλλ’
822 3083 988 3146 ἔςτιν
1045 3081 1280 3163 εἰπεῖν,
1346 3080 1442 3144 ὅτι
1487 3080 1856 3145 Ποςειδὲων
1912 3082 2368 3160 παροξυτόνως
2423 3082 2585 3159 παρ’
2628 3081 2789 3145 Ἴωςι
2846 3082 3094 3156 λέγεται
3150 3080 3188 3143 6

602 3185 763 3250 θεός.
824 3185 892 3248 ἐκ
938 3185 1010 3248 δὲ
1054 3184 1291 3247 τούτου
1337 3187 1453 3247 τοῦ
1496 3182 1863 3248 Ποςειδέων
1911 3183 2216 3267 ςυνῃρὲθη
2260 3184 2610 3248 Ποςειδῶν.
2682 3184 2752 3248 ἐκ
2793 3183 3024 3262 ταύτης
3070 3181 3189 3248 οὖν

604 3289 997 3365 ςυναλοιφῆς
1043 3285 1355 3350 δείκνυται
1400 3286 1902 3364 περιςπώμενον.
1991 3287 2029 3364 ἡ
2075 3287 2198 3365 γὰρ
2244 3285 2419 3353 ὀξεῖα
2465 3287 2565 3350 καὶ
2622 3288 2843 3367 βαρεῖα
2887 3287 2976 3350 εἰς
3016 3305 3191 3363 περι-

606 3387 942 3466 ςπωμένην
989 3386 1417 3464 ςυνὲρχονται.
1461 3421 1549 3431 -
1592 3386 1665 3451 τὸ
1713 3388 1783 3452 δὲ
1825 3387 2065 3467 Τυφῶν
2111 3390 2214 3452 καὶ
2267 3392 2441 3454 ταῶν
2498 3389 2616 3452 οὐκ
2670 3387 2880 3466 ἐκλίθη
2927 3388 3032 3452 διὰ
3074 3391 3191 3451 τοῦ

506 3500 574 3552 30
610 3495 715 3571 ν-τ,
763 3489 901 3553 ἐπεὶ
944 3489 1046 3552 καὶ
1088 3487 1313 3566 ἑτέραν
1358 3488 1498 3565 ἔςχε
1545 3488 1914 3568 κατάληξιν·
1960 3489 2194 3570 Τυφῶς
2238 3490 2361 3568 γὰρ
2407 3491 2509 3554 καὶ
2551 3494 2721 3554 ταῶς
2764 3490 2869 3553 διὰ
2912 3492 3028 3554 τοῦ
3072 3494 3119 3553 ς’.

779 3589 873 3653 Τὰ
918 3588 1006 3653 εἰς
1051 3594 1148 3653 HN
1191 3590 1431 3668 θηλυκὰ
1477 3592 1558 3668 μὴ
1607 3590 1710 3654 ἐπὶ
1753 3592 2011 3655 πόλεων
2056 3593 2579 3671 κατηγορούμενα
2624 3592 2948 3673 ὀξύνεται,
2995 3591 3193 3656 ὁπότε

612 3695 692 3773 μὴ
739 3692 844 3756 διὰ
889 3695 1004 3755 τοῦ
1051 3697 1104 3756 ῶ
1136 3692 1440 3774 κλίνεται,
1487 3693 1711 3775 χιών,
1759 3694 2050 3776 λαγών,
2094 3695 2437 3777 τρυγών,
2485 3695 2818 3775 ςταγών,
2864 3693 3192 3772 γοργών.

613 3987 731 4036 τοῖς
768 3981 845 4036 εἰς
882 3986 915 4032 ν
961 3982 1225 4048 λήγουςιν
1269 3982 1574 4049 ἀρςενικοῖς
1619 3983 1691 4036 τὰ
1738 3982 1816 4036 εἰς
1854 3988 1939 4035 W
1977 3983 2070 4035 ἐπὶ
2115 3983 2315 4036 τέλους
2361 3983 2466 4035 τὸν
2512 3983 2687 4035 τόνον
2734 3983 2965 4047 ἔχοντα,
3015 3980 3065 4034 εἰ
3107 3979 3195 4033 διὰ

612 4056 715 4105 τοῦ
754 4056 822 4103 <Vt
860 4049 1133 4115 κλίνοιτο,
1175 4055 1533 4118 περιςπᾱται,
1581 4049 1631 4104 εἰ
1676 4052 1736 4104 δὲ
1785 4054 1860 4117 μὴ
1898 4052 2116 4115 οὐκέτι,
2154 4054 2306 4118 πλὴν
2334 4051 2511 4116 μόνου
2536 4055 2639 4103 τοῦ
2667 4050 2975 4103 Ποςειδῶν.
3022 4052 3196 4101 τοῦτο

612 4122 719 4186 γὰρ
757 4119 1130 4186 περιεςπάςθη
1157 4120 1543 4187 ςυνῃρημένον
1579 4120 1641 4173 ἐκ
1678 4124 1781 4173 τοῦ
1807 4120 2144 4185 Ποςειδέων.
2192 4124 2315 4171 τῶν
2342 4119 2789 4185 περιςπωμένων
2814 4116 3196 4181 ὑποδείγματα

614 4189 931 4255 Δημοφῶν,
968 4188 1253 4254 ἀμνοκῶν,
1295 4189 1579 4255 Ἀντιφῶν
1615 4190 1705 4241 καὶ
1742 4188 1791 4241 εἴ
1827 4205 1881 4242 τι
1917 4192 2197 4253 τοιοῦτον,
2238 4190 2381 4240 unde
2419 4188 2610 4238 addidi
2635 4189 2771 4237 haec
2797 4189 2904 4237 tria
2931 4204 3083 4237 exem
3123 4187 3195 4239 la.

615 4259 967 4310 Herodianus
1003 4259 1061 4309 in
1100 4257 1206 4308 flue
1243 4259 1461 4310 articuli
1497 4257 1789 4311 Ποςειδῶν
1824 4260 1882 4309 in
1920 4260 2067 4308 Mon.
2110 4261 2199 4321 14,
2241 4261 2299 4307 11
2340 4258 2502 4307 dicit:
2551 4255 2638 4306 ὅτι
2685 4254 2932 4307 πολλοὺς
2971 4255 3076 4306 ἐπο
3101 4269 3195 4319 ηςε

616 4326 1024 4391 ςχηματιςμοὺς
1060 4325 1157 4389 (sc.
1196 4325 1509 4390 Ποςειδῶν)
1549 4327 1639 4378 καὶ
1676 4326 1738 4377 ἐν
1776 4326 1988 4391 ἑτέροις
2027 4324 2269 4391 εἴρηται,
2307 4331 2471 4390 atque
2512 4325 2689 4374 fusius
2725 4325 2791 4374 de
2829 4324 3197 4375 abnormitate

613 4396 850 4447 nominis
886 4410 996 4445 non
1032 4395 1206 4445 solum
1240 4395 1297 4445 in
1336 4396 1659 4446 Onomatico
1706 4396 1802 4458 (cf.
1844 4397 2037 4446 Choer.
2074 4398 2194 4457 298,
2232 4394 2287 4459 6)
2334 4394 2429 4444 sed
2471 4394 2641 4443 etiam
2689 4394 2746 4442 in
2783 4391 3072 4442 Catholica
3108 4408 3198 4441 ex-

615 4465 864 4530 posuisse
900 4464 1178 4530 putandus
1214 4468 1316 4515 est.
1390 4467 1572 4529 Quare
1610 4479 1751 4529 quae
1797 4464 1863 4515 de
1902 4462 2195 4515 Ποςειδῶν
2245 4462 2529 4528 proposui,
2577 4461 2900 4510 concinnavi
2946 4475 3011 4508 ex
3056 4460 3198 4508 Mon.

613 4538 663 4596 9,
700 4537 756 4593 3,
806 4533 881 4586 10.
919 4532 1005 4588 Al.
1046 4533 1082 4583 l.
1122 4550 1167 4585 c.
1215 4538 1273 4583 et
1319 4532 1498 4583 Cram.
1535 4533 1636 4583 An.
1675 4533 1777 4582 Ox.
1810 4533 1898 4584 111
1933 4535 2061 4593 240,
2108 4531 2202 4597 qui
2248 4531 2398 4581 locus
2440 4546 2508 4579 ex
2548 4530 2792 4579 fontibus
2830 4527 3200 4578 Herodianeis

613 4603 771 4653 fluxit
809 4602 901 4666 (ef.
937 4600 1172 4655 schedas
1207 4602 1589 4652 Herodianeas
1626 4616 1779 4651 meas
1814 4618 1871 4667 p.
1906 4605 1964 4665 3,
2012 4601 2229 4650 Ahrens
2274 4599 2331 4648 in
2376 4598 2576 4648 Philol.
2628 4596 2814 4651 XXIII
2860 4612 2909 4661 p.
2950 4598 2981 4646 8
3029 4611 3197 4659 seqq„

614 4672 707 4736 qui
730 4668 978 4723 Ποςίδαν
1003 4686 1100 4737 pro
1124 4667 1400 4721 Ποςειδάν
1437 4670 1782 4721 scribendum
1816 4685 1940 4721 osse
1967 4666 2206 4734 probat).
2343 4668 2381 4717 l.
2404 4669 2471 4717 29
2496 4673 2553 4716 et
2577 4669 2645 4717 30
2679 4665 2927 4729 supplevi
2952 4679 3017 4712 ex
3044 4665 3199 4713 Eust.

612 4742 739 4801 346,
781 4743 869 4791 13:
918 4738 1259 4804 Ἡρωδιανὸς
1306 4741 1424 4789 τοῖς
1470 4736 1548 4790 εἰς
1596 4741 1679 4789 ων
1717 4735 2162 4801 περιςπωμένοις
2209 4730 2333 4785 οἷον
2379 4738 2464 4799 τῶ
2502 4732 2856 4798 Δημοφῶντι
2904 4731 2992 4783 καὶ
3029 4731 3198 4783 Ξενο-

611 4808 800 4870 φῶντι
838 4808 929 4859 καὶ
964 4810 1083 4858 τοῖς
1131 4804 1343 4870 ὁμοίοις
1388 4806 1742 4873 ςυντετοιχὼς
1789 4805 1881 4857 καὶ
1927 4804 2033 4856 τὸν
2077 4804 2320 4868 τυφῶνα
2365 4802 2456 4853 καὶ
2500 4801 2606 4853 τὸν
2654 4801 2852 4853 ταῶνα
2897 4799 3072 4864 λέγει,
3120 4797 3199 4853 ὡς

612 4874 787 4939 μόνον
824 4875 893 4929 τὸ
930 4877 1134 4940 τυφῶν
1173 4876 1290 4927 κτλ.
