3664 5546
1537 447 1949 495 PRAEFATIO.
2866 447 3033 493 LXXI

471 614 688 667 treuer
732 602 1221 668 aufbcwahrten
1268 600 1559 666 Stiicken
1616 601 1730 666 des
1777 601 2115 667 Herodian
2172 601 2374 666 leidcr
2431 602 2652 682 leicht,
2708 602 2830 665 wie
2886 601 3035 664 sehr

468 703 576 769 die
628 703 1051 791 praktischen
1106 703 1387 769 Zwecke
1450 701 1566 767 der
1624 712 1888 789 spatern
1942 703 2435 768 Grammatikor
2497 726 2581 767 zu
2635 703 3035 788 Kiirzungen

468 805 791 892 gedrangt
830 804 1066 870 haben.

632 923 781 988 Den
827 922 1160 988 Herodian
1213 924 1315 988 ins
1369 923 1593 999 Leben
1649 923 2178 990 zuriickzurufen
2232 926 2320 987 ist
2374 924 2516 989 eine
2578 924 2815 988 schone
2869 925 3034 990 Auf-

466 1026 656 1112 gabe.
721 1026 828 1091 Sie
873 1024 1037 1089 wird
1080 1024 1278 1091 Muhe
1321 1024 1454 1089 und
1485 1024 1835 1091 Ausdauer
1877 1026 2179 1108 fordern,
2227 1027 2383 1092 aber
2425 1024 2815 1091 reichlichcn
2848 1025 3035 1091 Lohn

464 1128 811 1213 bringen.“

643 1330 733 1397 Π.
821 1332 1023 1411 Περὶ
1088 1333 1372 1411 κυρίων
1439 1336 1564 1398 καὶ
1626 1333 2008 1399 ἐπιθέτων
2069 1336 2194 1399 καὶ
2253 1339 2850 1413 προεηγορικῶν

1492 1453 1994 1534 μονόβιβλον.

632 1602 846 1668 Huius
890 1601 1041 1667 libri
1083 1603 1458 1668 memoriam
1504 1606 1792 1670 servavit
1821 1603 2035 1670 Schol.
2072 1603 2156 1668 ad
2185 1602 2485 1690 Euripid,
2516 1602 2853 1690 Hippolyt.
2885 1603 3030 1685 408,

465 1705 534 1770 in
597 1727 722 1791 quo
788 1704 870 1769 de
933 1706 1283 1770 meretricii
1346 1706 1584 1770 amoris
1649 1706 2156 1787 inventricibuS,
2218 1727 2491 1793 quarum
2555 1706 2819 1771 nomina
2882 1715 3034 1770 sunt

467 1810 709 1889 Μορφή
771 1809 1002 1892 Κλυτή,
1056 1807 1291 1892 agitur.
1378 1806 1525 1870 Non
1579 1807 1768 1892 plene
1821 1809 2258 1894 fragmentum
2321 1816 2651 1872 servatum
2715 1817 2847 1888 est,
2915 1807 3031 1872 scd

463 1911 604 1974 iure
648 1909 958 1974 Lehrsius
1003 1908 1251 1974 Herod.
1295 1931 1361 1995 p.
1404 1908 1533 1973 420
1584 1908 1834 1997 iudicat
1889 1910 2403 1976 demonstratum
2456 1909 2688 1989 fuisse,
2747 1908 3028 1995 appella-

463 2012 670 2077 tivum
736 2014 955 2092 μορφή
1012 2011 1349 2075 transiisse
1398 2010 1468 2074 in
1519 2011 1857 2098 proprium
1912 2014 2186 2097 Μορφή,
2253 2010 2649 2076 adiectivum
2709 2015 2902 2091 κλυτή
2963 2012 3029 2076 in

461 2113 796 2200 proprium
831 2114 1048 2193 Κλυτή.
1107 2112 1408 2178 Alterum
1438 2114 1769 2198 egregium
1813 2115 2251 2199 fragmentum
2290 2114 2483 2180 huius
2514 2111 2715 2178 libelli
2748 2115 3029 2178 auctoris

461 2216 718 2279 nomine
773 2235 1120 2300 suppresso
1179 2223 1393 2279 exstat
1445 2216 1512 2279 in
1568 2215 1692 2301 Ep.
1740 2215 1848 2280 Cr.
1906 2216 1941 2281 I
1996 2217 2162 2297 277,
2201 2215 2315 2296 29,
2373 2216 2441 2278 in
2499 2237 2625 2302 quo
2681 2215 3031 2299 exponitur

461 2322 662 2397 μοῦεα
691 2315 989 2402 primitus
1020 2314 1483 2402 appellativum
1514 2337 1657 2380 esse
1687 2326 1753 2381 et
1783 2317 2064 2403 speciem
2093 2317 2358 2404 quidem
2396 2316 2717 2401 generalis
2748 2316 3028 2382 nominis

460 2420 605 2503 θεά,
659 2439 813 2483 vere
868 2428 1082 2483 autem
1134 2419 1399 2504 propria
1454 2440 1597 2483 esse
1649 2421 1912 2484 nomina
1965 2418 2365 2503 singularum
2422 2417 2782 2482 Musarum.
2880 2417 3027 2483 Hoc

459 2521 897 2605 fragmentum
950 2518 1312 2585 Herodiani
1370 2536 1513 2584 esse
1566 2529 1747 2607 patet
1809 2531 1877 2585 et
1941 2543 2022 2584 cx
2088 2522 2568 2607 comparatione
2620 2520 2813 2583 unius
2880 2541 3028 2583 cum

458 2622 648 2687 titulo
705 2621 949 2686 servati
1003 2619 1446 2687 adnotamenti
1503 2630 1567 2686 et
1620 2644 1702 2686 ex
1747 2621 2082 2698 Mnaseae,
2148 2623 2330 2685 cuius
2389 2621 2769 2706 saepissime
2821 2621 3027 2685 Hero-

461 2723 694 2789 dianus
739 2723 807 2787 in
839 2721 1175 2793 Catholica
1218 2722 1539 2805 meminit,
1587 2723 1927 2807 citatione,
1970 2717 2055 2789 ¹ex
2101 2721 2293 2789 docta
2325 2721 2810 2789 dialecticarum
2838 2743 3026 2788 voca-

457 2826 594 2892 buli
639 2826 996 2913 specierum
1039 2825 1481 2912 expositione,
1528 2848 1612 2890 ex
1655 2825 1912 2890 erudita
1965 2835 2270 2890 accentus
2315 2825 2802 2912 explanatione,
2861 2848 3026 2911 quae

458 2927 758 3014 congruit
818 2937 1153 3013 praeterea
1217 2950 1365 2992 cum
1428 2927 1604 2991 Mon.
1656 2928 1766 3009 12,
1821 2927 1905 2992 28
1972 2939 2036 2992 et
2089 2926 2331 2992 Arcad.
2382 2927 2494 3004 97,
2559 2928 2656 2991 17.
2758 2926 2867 2991 Ex
2921 2927 3023 2991 his

460 3029 714 3097 duobus
756 3028 1171 3116 fragmentis,
1207 3028 1488 3093 maxime
1521 3051 1604 3094 ex
1635 3051 1738 3107 ec,
1780 3029 1955 3116 quod
1986 3030 2055 3092 in
2085 3029 2534 3116 Epimerismis
2567 3029 2863 3094 relictum
2904 3037 3021 3111 est,

458 3132 808 3197 coniectari
846 3142 1062 3218 potest
1093 3130 1538 3195 Herodianum
1579 3131 2083 3216 disputationem
2115 3153 2299 3196 suam
2329 3154 2413 3195 ex
2442 3129 2715 3215 singulis
2747 3131 3024 3195 maxime

456 3232 982 3300 memorabilibus
1013 3232 1348 3300 vocabulis
1396 3232 1815 3319 suspendisse
1861 3244 1925 3299 et
1968 3252 2087 3298 suo
2118 3255 2295 3298 more
2335 3255 2466 3296 non
2511 3231 2716 3297 solum
2764 3231 2844 3296 dc
2890 3255 3024 3297 mu-

455 3345 590 3400 tato
637 3334 742 3401 vel
786 3357 916 3399 non
958 3343 1204 3400 mutato
1247 3344 1552 3417 accentu,
1599 3334 1714 3399 sed
1760 3333 1842 3400 de
1883 3335 2134 3420 origine
2163 3334 2660 3418 vocabulorum,
2701 3334 2792 3399 de
2837 3334 3022 3398 dccli-

459 3447 650 3520 natu,
697 3437 779 3502 de
822 3436 1094 3502 historia
1146 3458 1367 3501 eorum
1422 3436 1570 3502 fuse
1629 3436 2038 3501 disseruisse.
2126 3438 2411 3521 Egregie
2455 3437 2627 3502 hunc
2671 3435 3023 3501 Prosodiae

455 3538 701 3620 locum,
767 3537 836 3604 in
900 3561 1025 3625 quo
1079 3538 1447 3604 Aristarchi
1507 3549 1575 3604 et
1629 3537 1970 3623 diligentia
2032 3548 2100 3603 et
2163 3560 2433 3603 acumen
2488 3560 2679 3624 quam
2742 3538 3023 3603 maxime

458 3638 787 3728 splendet,
854 3640 1163 3706 Lehrsius
1223 3639 1303 3705 de
1367 3638 1732 3706 Aristarchi
1786 3640 2024 3705 studiis
2069 3663 2134 3726 p.
2180 3639 2373 3704 264²·
2403 3663 2582 3727 seqq.
2651 3639 3021 3705 illustravit.

455 3743 824 3808 Aristarchi
865 3742 1145 3828 vestigia
1174 3742 1414 3829 pressit
1441 3741 1887 3824 Herodianus,
1934 3741 2037 3806 cui
2068 3741 2300 3805 summi
2330 3741 2734 3827 grammatici
2764 3743 3025 3825 egregia

453 3844 536 3910 de
590 3845 711 3910 hac
764 3845 1036 3910 materia
1091 3854 1435 3931 praecepta
1492 3843 1823 3909 debemus„
1912 3844 2019 3908 Ex
2072 3842 2433 3919 Herodiani
2489 3843 2691 3925 notis,
2747 3865 2914 3928 quac
2959 3853 3024 3907 ct

454 3970 538 4012 ex
566 3945 887 4013 Prosodia
916 3945 1253 4011 Catholica
1296 3955 1362 4010 et
1406 3968 1487 4009 ex
1517 3945 1866 4010 Homerica
1908 3945 2101 4012 nobis
2135 3954 2416 4027 restant,
2463 3943 2631 4009 hanc
2662 3943 3024 4009 doctrinam

452 4048 929 4135 quodammodo
975 4057 1343 4113 restaurare
1385 4057 1451 4112 et
1491 4069 1837 4134 possumus
1882 4057 1974 4130 et,
2034 4058 2110 4113 ut
2165 4048 2293 4112 viri
2338 4046 2552 4131 imago
2598 4046 3019 4132 exprimatur,

454 4149 784 4217 debemus.
846 4150 1065 4232 Quare
1096 4149 1348 4214 duobus
1381 4149 1767 4234 fragmentis
1800 4148 2108 4214 subiunxi
2152 4146 2431 4213 frustula
2458 4149 2649 4213 huius
2690 4147 3023 4213 doctrinae

452 4250 738 4339 undique
803 4249 1071 4318 collecta
1134 4274 1264 4317 non
1328 4274 1454 4338 quo
1510 4251 1588 4314 iis
1656 4249 1863 4316 libelli
1928 4248 2168 4336 perditi
2223 4253 2687 4336 praestantiam
2743 4251 2810 4313 in
2878 4247 3021 4312 lucc

453 4352 757 4420 collocari
799 4352 1090 4436 credam,
1145 4353 1263 4417 sed
1306 4363 1379 4419 ut
1422 4375 1675 4417 summa
1729 4361 1945 4416 tamen
1998 4351 2270 4437 fastigia
2328 4352 2673 4417 emineant.
2763 4350 2838 4415 In
2892 4372 3022 4435 qua

453 4478 554 4545 re,
598 4478 796 4543 quum
849 4455 1063 4540 aptior
1116 4453 1461 4519 ordinandi
1517 4456 1683 4520 ratio
1736 4453 1897 4517 mihi
1956 4476 2087 4519 non
2143 4454 2497 4536 succurrit,
2554 4453 2732 4517 viam
2786 4450 3018 4516 Catho-

453 4557 614 4623 licae
652 4557 1006 4622 Prosodiae
1049 4556 1380 4642 ingrediar
1435 4568 1500 4621 et
1543 4556 1820 4642 primum
1859 4576 2240 4641 componam
2284 4553 2602 4641 epitheta,
2649 4576 2814 4639 quae
2857 4554 3021 4617 fiunt

339 4656 350 4663 ’
455 4661 714 4745 propria
758 4670 1028 4724 accentu
1069 4667 1321 4725 mutato
1378 4668 1491 4723 aut
1533 4666 1782 4721 retento
1795 4705 1814 4739 ,
1872 4665 2009 4721 tum
2054 4655 2483 4742 appellativa,
2547 4677 2713 4741 quae
2767 4656 2833 4719 in
2878 4678 3017 4741 pro-

455 4762 598 4848 pria
641 4769 1151 4845 transmutantur
1194 4760 1505 4847 prosodia
1548 4768 1809 4823 servata
1851 4766 1965 4823 aut
2005 4767 2276 4825 mutata.
