3664 5546
1177 377 1336 433 ΠΕΡΙ
1378 376 1771 432 ΚΑΘΟΛΙΚΗ(
1807 376 2230 431 ΠΡΟΕΩιΔΙΑ(
2269 377 2347 430 ΙΑ.
2934 375 3056 441 257

471 548 638 630 λίας,
685 547 778 612 ῶς
819 548 1147 627 Πολύβιος
1191 548 1400 633 ἐνάτῃ.
1455 547 1864 626 Ἁλίκυρνα
1906 547 2084 627 κώμη
2130 546 2555 625 Ἀκαρνανίας.
2613 546 2914 628 (τράβων
2959 545 3059 630 (Χ

467 671 531 734 p.
575 648 751 733 459).
820 648 1226 728 Ἁλίςαρνα
1269 650 1458 715 πόλις
1499 653 1611 728 τῆς
1656 648 1962 727 Τρωάδος
2007 649 2201 728 χώρα.
2269 649 2672 729 Θεόπομπος.
2728 650 2904 714 Ἄτα
2919 670 3061 727 ρνα

414 742 422 754 ’
465 750 653 815 πόλις
698 751 927 829 μεταξὺ
974 749 1214 817 Μυςίας
1268 752 1373 831 καὶ
1414 752 1646 817 Λυδίας
1701 749 1971 829 πληςίον
2014 750 2273 831 Λέςβου.
2350 751 2817 830 Μηκύβερνα
2870 750 3061 815 πόλις

464 853 812 931 Παλλήνης
854 856 965 931 τῆς
1009 852 1081 916 ἐν
1127 853 1344 937 Θρᾴκῃ
1388 853 1801 932 χερρονήςου.
1868 850 2193 916 Ἑκαταῖος
2244 851 2534 945 Εὐρώπῃ.
2604 852 3061 931 Ἐλεύθερνα

466 955 655 1019 πόλις
703 954 939 1032 Κρήτης
968 953 1111 1041 ,ἀφῇ
1154 954 1302 1019 ἑνὸς
1355 959 1488 1020 τῶν
1538 954 1899 1033 Κουρήτων.
1971 952 2336 1032 Κάλαρνα
2388 954 2574 1019 πόλις
2632 954 3057 1037 Μακεδονίας,
3098 961 3133 1011 5

469 1056 562 1120 ῶς
604 1053 878 1121 Λούκιος
922 1055 960 1120 ὁ
990 1055 1327 1135 Ταρραῖος.
1373 1054 1766 1135 (άμορνα·
1812 1053 2021 1120 οὕτως
2064 1056 2105 1134 ἡ
2135 1055 2405 1136 Ἐφεςος
2449 1056 2755 1139 ἐκαλεῖτο.
2801 1055 3058 1120 Φαλά-

466 1178 710 1236 ςαρνα
751 1157 938 1222 πόλις
986 1159 1242 1237 Κρήτης.
1312 1157 1732 1234 Μέντυρνα
1774 1155 1962 1220 πόλις
2008 1155 2078 1223 ἐν
2126 1156 2348 1242 Ἰταλίᾳ
2395 1156 2739 1224 (αυνιτῶν.
2818 1157 3059 1223 Διονύ-

469 1279 602 1324 ςιος
646 1258 1083 1341 ἑκκαιδεκάτῳ.
1172 1258 1628 1338 Ἱεράπυτνα
1670 1256 1859 1322 πόλις
1907 1257 2162 1337 Κρήτης.

642 1390 678 1421 ο
720 1361 815 1426 Τὰ
870 1359 958 1425 εἰς
1013 1360 1140 1424 xm
1189 1359 1780 1441 προπαροξύνεται,
1837 1358 2210 1426 Φάλαννα
2262 1361 2449 1426 πόλις
2491 1361 2875 1443 Περραιβίας
2926 1360 3060 1425 ἀπὸ

468 1461 810 1541 Φαλάννης
854 1465 966 1539 τῆς
1009 1461 1258 1540 Τυροῦς
1302 1460 1633 1540 θυγατρός.
1720 1460 2085 1541 Λυκόφρων
2139 1464 2235 1544 (ν.
2281 1462 2433 1544 906)
2481 1463 2765 1528 «Γόννον
2809 1462 3061 1527 Φάλαν-
3102 1468 3167 1521 10

467 1584 589 1629 ναν
633 1564 744 1642 ἠδ’
788 1563 1190 1629 Ὀλοςςόνων
1233 1563 1451 1639 γύας».
1526 1562 1852 1626 Ἑκαταῖος
1896 1563 2192 1642 ἱςτοριῶν
2243 1564 2302 1628 α’
2346 1564 2590 1630 Ἱππίαν
2635 1565 2836 1644 αὐτὴν
2881 1566 3062 1629 καλεῖ

468 1666 572 1730 καὶ
622 1665 908 1745 Ἔφορος
959 1666 1306 1731 Φάλαννον
1351 1664 1550 1743 αὐτὴν
1595 1665 1776 1727 καλεῖ
1819 1663 1891 1727 ἐν
1935 1670 2027 1748 τῷ
2071 1664 2142 1729 θ’.
2232 1666 2357 1733 ἔςτι
2412 1668 2517 1732 καὶ
2571 1667 2755 1745 ἑτέρα
2805 1667 3060 1745 Κρήτης.

467 1766 804 1844 Ἔραννα
848 1767 1035 1832 πόλις
1078 1767 1458 1848 Τριφυλίας,
1503 1764 1638 1842 ἥτις
1686 1764 2061 1844 Κυπαριςςία
2103 1770 2402 1833 καλεῖται.
2461 1768 2833 1847 Ῥάβεννα
2876 1766 3063 1832 πόλις

472 1867 743 1933 Ἰταλίας.
800 1870 1154 1947 Ἕρμιππος
1198 1867 1235 1932 ὁ
1283 1867 1591 1947 Βηρύτιος
1621 1865 1970 1931 Ῥούενναν
2014 1868 2215 1948 αὐτὴν
2260 1852 2457 1935 καλεῖ.
2512 1869 2859 1934 Διονύςιος
2903 1868 2959 1933 δ’
2991 1868 3063 1932 ἐν

470 1969 892 2054 ἑκκαιδεκάτῳ
921 1970 1269 2049 Ῥωμαϊκῆς
1312 1965 1771 2048 ἀρχαιολογίας
1814 1968 1919 2031 καὶ
1947 1971 2384 2048 πληθυντικῶς
2427 1973 2529 2035 καὶ
2569 1971 2675 2035 διὰ
2718 1974 2834 2035 τοῦ
2878 1974 2916 2047 ἦ
2962 1972 3065 2035 καὶ
3102 1984 3165 2037 15

470 2070 559 2135 δι’
602 2071 748 2137 ἑνὸς
786 2071 830 2134 ν
885 2072 1279 2151 «ἀμφότεροι
1334 2070 1705 2148 άπήντηςαν
1754 2067 2179 2156 Οὐολουμνίῳ
2232 2073 2381 2151 περὶ
2423 2073 2576 2136 τοὺς
2619 2072 3060 2150 καλουμένους

467 2172 878 2253 Ῥαβηνούς».
931 2173 1289 2239 ,Ὕτεννα
1333 2172 1519 2237 πόλις
1560 2169 1804 2234 Λυκίας.
1886 2170 2248 2256 Φίλιννα,
2292 2174 2644 2255 Ἤριννα,
2694 2173 3060 2255 Κόριννα,

469 2274 801 2338 Βίτιννα.
863 2274 1260 2340 Βούκιννα
1296 2273 1486 2340 πόλις
1515 2269 1811 2336 (ικελίας.
1872 2274 2223 2340 Πέλιννα
2266 2275 2455 2340 πόλις
2486 2274 2825 2340 Θεςςαλίας
2869 2275 2941 2339 ἐν
2984 2281 3060 2358 τῇ

468 2375 782 2439 Φθιώτιδι.
827 2376 1120 2455 κέκληται
1165 2374 1297 2442 ἀπὸ
1339 2374 1664 2441 Πελίννου
1707 2377 1825 2438 τοῦ
1870 2375 2211 2466 Οἰχαλέως.
2290 2375 2611 2441 Ὤλιννα
2666 2377 2853 2442 πόλις
2896 2376 3063 2455 πρὸς

467 2483 543 2560 τῇ
602 2477 850 2561 Καςπίᾳῶ
894 2478 1185 2562 θαλάςςῃ.
1271 2479 1350 2544 τὸ
1409 2480 1481 2543 δὲ
1546 2474 1894 2541 Καπίννα
1952 2476 2308 2557 Τυρρηνικὴ
2375 2479 2561 2543 πόλις
2621 2477 3059 2556 παροξύνεται.
3098 2492 3167 2544 20

471 2579 719 2654 λέγεται
763 2580 866 2644 καὶ
904 2582 1356 2658 πληθυντικῶς.
1424 2580 1785 2660 Τόροννα
1828 2579 2017 2643 πόλις
2060 2577 2352 2643 (ικελίας.
2415 2579 2835 2658 Φόρουννα
2877 2578 3065 2643 πόλις

473 2680 738 2762 Θρᾴκης.
824 2681 1152 2761 Πολύβιος
1205 2680 1432 2765 ἐνάτῳ.
1519 2682 1935 2747 Δίκτυννα.
1981 2680 2377 2760 Ἕρκυννα.

639 2801 677 2836 ¹⁵
725 2782 820 2847 Τὰ
863 2782 954 2848 εἰς
1007 2788 1092 2847 ’νᾶ
1147 2770 1660 2866 ὑπερδιςύλλαβα
1714 2784 2041 2865 φωνήεντι
2095 2783 2598 2862 παραληγόμενα
2653 2782 3062 2862 προπαροξύ-

472 2903 679 2967 νεται,
723 2885 984 2964 Ἴχανα
1026 2886 1365 2965 πολίχνιον
1408 2890 1521 2965 τῆς
1565 2885 1874 2969 (ικελίας,
1931 2886 2037 2950 διὰ
2076 2885 2152 2948 τὸ
2207 2891 2284 2970 τῇ
2329 2885 2531 2950 αὐτοῦ
2574 2884 2803 2951 ἁλώςει
2846 2885 3063 2949 πολλὰ

475 2989 979 3075 προςλιπαρῆςαι
1044 2989 1198 3053 τοὺς
1264 2987 1702 3067 (υρακοςίους.
1789 2987 2017 3067 ἰχανᾶν
2072 2988 2144 3051 δὲ
2199 2987 2276 3050 τὸ
2335 2986 2677 3065 ἐπιθυμεῖν.
2756 2987 3063 3065 Κάρανα
3098 3002 3165 3052 25

470 3087 656 3153 πόλις
727 3088 1027 3153 Γαλατίας
1094 3090 1223 3155 ὑπὸ
1292 3089 1621 3170 Ῥωμαίων
1687 3091 2151 3154 ςυνοικιςθεῑςα.
2257 3088 2406 3167 Κάρ
2418 3109 2618 3167 μανα
2691 3092 2881 3166 νῆςος
2949 3090 3062 3165 τῆς

470 3190 742 3268 Ἰνδικῆς.
816 3189 1179 3269 Κάρνανα
1230 3190 1418 3256 πόλις
1465 3191 1755 3256 Μιναίων
1799 3189 2030 3255 ἔθνους
2080 3190 2347 3269 πληςίον
2392 3190 2691 3269 Ἐρυθρᾶς
2733 3188 3060 3267 θαλάςςης.

468 3291 813 3371 Ἄμμανα
855 3292 1041 3356 πόλις
1087 3291 1311 3371 (υρίας
1354 3292 1393 3370 ἡ
1437 3292 1704 3372 ὕςτερον
1750 3292 2066 3370 Ἀςτάρτη.
2137 3290 2522 3370 Μάργανα
2563 3291 2751 3356 πόλις
2794 3294 2905 3369 τῆς
2949 3291 3058 3354 Ἰν-

472 3396 661 3471 δικῆς.
748 3392 875 3458 ἔςτι
939 3395 1043 3457 καὶ
1108 3394 1448 3474 Μαργάναι
1521 3396 1975 3473 πληθυντικῶς.
2075 3392 2415 3475 τρίαινα,
2485 3392 2819 3472 μύραινα
2883 3390 3059 3456 εἶδος

473 3494 810 3559 θαλαςςίου
855 3493 1094 3572 θηρίου.
1140 3493 1496 3571 Ζύγαινα
1539 3500 1730 3574 νῆςος
1786 3495 1858 3559 ἐν
1904 3500 1981 3577 τῇ
2027 3495 2292 3578 Ἐρυθρᾷ
2335 3495 2626 3579 θαλάςςῃ.
2704 3494 3060 3561 Μάζαινα
3095 3507 3163 3559 30

472 3596 659 3660 πόλις
713 3596 1139 3674 Παλαιςτίνης
1201 3594 1334 3661 ἀπὸ
1399 3598 1745 3663 Μαζαίνου.
1831 3597 1898 3660 Δ
1912 3595 2190 3675 ρύαινα
2255 3596 2442 3661 πόλις
2511 3595 2779 3661 Κιλικίας
2844 3596 3060 3674 κτίςμα

468 3697 804 3775 Δρυαίνου
851 3697 941 3761 ὡς
972 3696 1387 3781 (κύθαινα,
1436 3699 1910 3780 Κηρύκαινα,
1954 3696 2338 3777 Δύμαινα.
2401 3697 2742 3778 Εὐφορίων
2776 3698 3059 3777 «δαίμων

471 3798 832 3863 ἀντιάςαιτο
907 3801 1443 3879 φιλοπλοκάμοιςι
1509 3800 1924 3880 Δυμαίναις».
2034 3799 2336 3877 Φιδήνα
2401 3800 2503 3864 καὶ
2564 3799 2808 3877 Φιδήνη
2873 3798 3060 3862 πόλις

472 3899 812 3980 Ἀλβανῶν.
903 3899 1228 3967 (ἅλωνα
1270 3901 1456 3966 πόλις
1505 3901 1830 3980 Ἐρετρίας.
1922 3899 2300 3978 Μόργυνα
2342 3901 2528 3965 πόλις
2572 3899 2863 3966 (ικελῶν.
2951 3898 3059 3963 Φί-

472 4003 677 4065 λιςτος
723 4002 1021 4086 δευτέρῳ.
1109 4002 1421 4082 Τάμυνα
1473 4003 1657 4067 πόλις
1703 4002 2029 4080 Ἐρετρίας.
2119 3999 2417 4080 (τράβων
2463 4003 2693 4084 δεκάτῃ
2741 3999 2829 4085 (p.
2873 3999 3054 4080 447).
3092 4013 3157 4064 35

470 4102 572 4166 καὶ
623 4104 1063 4181 πληθυντικῶς
1120 4102 1251 4168 «εἰς
1305 4104 1418 4168 τὰς
1471 4103 1810 4184 Ταμύνας»
1861 4099 2233 4186 (Demosth.
2291 4123 2341 4167 e.
2388 4101 2612 4166 Boeot.
2658 4123 2718 4185 p.
2765 4099 2921 4179 999,
2968 4099 3056 4182 8).

472 4202 754 4287 ἄμυνα,
801 4203 1125 4286 εὔθυνα,
1170 4204 1495 4287 χέλυνα,
1544 4206 1860 4287 Κίκυνα,
1907 4203 2197 4279 ςίγυνα.
2256 4203 2532 4279 Αἴγινα
2565 4206 2757 4280 νῆςος
2787 4202 2894 4281 μία
2923 4204 3056 4264 τῶν

475 4305 851 4389 Κυκλάδων,
895 4306 1030 4385 ἥτις
1069 4306 1323 4386 Οἰνώνη
1370 4307 1693 4386 ἐκαλεῖτο,
1739 4306 2005 4383 ὕςτερον
2050 4306 2121 4368 δὲ
2164 4302 2389 4379 Αἴγινα
2432 4304 2562 4368 ἀπὸ
2607 4306 2720 4380 τῆς
2764 4303 3056 4380 Ἀςωποῡ

473 4595 542 4644 ad
580 4595 682 4646 Od.
717 4595 795 4647 lv
828 4598 929 4648 228
973 4594 1319 4658 Πολύδαμνα
1365 4593 1444 4646 ὡς
1491 4591 1790 4657 Μήθυμνα.
1962 4589 1999 4640 l.
2037 4594 2069 4641 9
2115 4607 2291 4640 canon
2336 4607 2403 4641 ex
2441 4590 2710 4656 Stephani
2756 4590 3064 4642 nominibus

475 4664 809 4729 compositus
855 4670 941 4715 est
986 4670 1046 4714 et
1088 4680 1157 4714 ex
1201 4664 1584 4728 Theognosto,
1638 4677 1707 4710 ex
1753 4675 1863 4725 quo
1907 4663 2123 4724 sumpta
2169 4664 2299 4708 sunt
2343 4655 2578 4710 Φίλιννα
2621 4686 2687 4694 —-—
2735 4657 2959 4710 Βίτιννα
3004 4665 3062 4709 et

473 4727 784 4795 Δίκτυννα,
820 4729 1123 4797 Ἕρκυννα,
1162 4731 1308 4796 quod
1343 4731 1481 4780 Lob.
1515 4727 1683 4778 Pron.
1719 4729 1819 4777 2⁴28
1856 4730 1969 4775 not.
2008 4731 2040 4776 5
2086 4742 2184 4791 pro
2234 4732 2488 4791 corrupto
2533 4726 2705 4791 ἔρυνα
2752 4725 3061 4791 ponendum

476 4797 685 4849 suadet.
857 4800 893 4849 l.
929 4802 995 4850 23
1031 4814 1294 4849 canonem
1332 4797 1465 4847 finxi
1506 4811 1575 4845 ex
1613 4795 1878 4860 Stephani
1915 4794 2228 4843 nominibus
2274 4793 2481 4844 additis
2530 4811 2597 4844 ex
2634 4810 2842 4845 canone
2880 4794 3062 4844 ortho-

477 4866 740 4930 graphioo
775 4866 834 4916 in
867 4869 971 4920 An.
1009 4867 1112 4917 Ox.
1147 4867 1204 4916 11
1238 4869 1366 4929 325,
1401 4867 1468 4914 22
1501 4861 1747 4928 τρίαινα,
1798 4860 2039 4926 μύραινα
2072 4869 2128 4913 et
2167 4861 2199 4915 l.
2238 4864 2301 4913 37
2339 4858 2521 4924 ἄμυνα
2557 4891 2624 4898 -
2660 4860 2881 4926 ςίγυνα,
2921 4862 3062 4927 quod

491 5013 494 5016 Α
544 4983 920 5022 ιιιςιιουῐλιινε.
958 4969 1000 5019 Ι.
2582 4947 2655 5012 17
