3664 5546
1148 360 1306 415 ΠΕΡΙ
1355 359 1750 415 «Aeolum-{c
1786 357 2214 414 ΠΡΟΕΩιΔΙΑ(
2257 360 2328 413 Ις.
2905 359 3030 425 441

442 535 739 613 ἐρέχθω
783 533 861 597 τὸ
905 532 1091 610 ςχίζω
1138 536 1304 610 «νῆα
1346 533 1507 611 θοὴν
1552 531 1981 611 ἐρεχθομένην
2037 531 2361 610 ἀνέμοιςι»
2420 531 2509 613 (Ψ
2551 515 2756 612 317)‚'
2792 530 3033 614 ἄχθω,

446 637 598 701 ὅθεν
642 634 948 715 ἄχθομαι,
1005 632 1241 698 αἴςθω
1298 635 1402 699 καὶ
1446 633 1769 716 αἴςθομαι,
1826 633 2210 712 αἰςθήςομαι.
2298 637 2496 698 τοῦτο
2553 635 2625 697 δὲ
2681 631 2813 697 άπὸ
2859 652 3033 711 περι-

443 737 782 816 ςπωμένου
826 735 1103 812 ἐγένετο.
1171 737 1247 801 τὸ
1293 736 1510 816 μέντοι
1555 739 1793 815 μιςθῶ
1839 738 2247 815 περιςπᾶται,
2294 734 2393 798 ὅτι
2425 734 2653 813 μιςθός.
2710 734 2786 798 τὸ
2818 734 3033 813 μέντοι
3079 745 3084 750 ’

442 841 706 918 μοχθῶ
763 840 867 902 καὶ
919 837 1176 918 ῥοχθῶ
1231 844 1323 922 τῷ
1379 837 1419 901 ὃ
1474 837 1977 916 παραληγόμενα
2032 839 2423 915 περιςπᾶται.
2513 836 2913 916 ςεςημείωται
2955 837 3033 902 τὸ

443 939 748 1019 ὀρεχθῶ
795 941 1072 1003 «πολλοὶ
1116 941 1230 1020 μὲν
1278 939 1420 1019 βόες
1465 939 1655 1017 ἀργοὶ
1698 938 2051 1018 ὀρέχθεον»
2099 938 2188 1020 (Ψ
2229 936 2358 1020 30).
3060 951 3094 1001 5

611 1042 706 1106 Τὰ
740 1028 953 1106 εἰςῇ
995 1043 1493 1121 παραληγόμενα
1534 1046 1605 1107 εὖ
1640 1041 2010 1123 βαρύνεται,
2054 1041 2348 1122 πεύθω,
2394 1039 2722 1124 ἐλεύθω,
2769 1041 3033 1105 κεύθω.

611 1143 706 1207 Τὰ
739 1143 827 1208 εἰς
851 1130 950 1208 {su}
994 1144 1494 1223 παραληγόμενα
1537 1144 1724 1224 φύςει
1773 1147 1977 1225 μακρᾷ
2021 1144 2216 1221 χωρὶς
2259 1145 2392 1208 τῶν
2438 1143 2543 1206 διὰ
2586 1146 2704 1206 τοῦ
2748 1146 2823 1223 ἦ,
2867 1141 2922 1208 εἰ
2952 1143 3033 1222 μὴ

444 1244 653 1323 ὄνομα
704 1246 1253 1327 προκατάρχοιτο,
1309 1232 1678 1327 βαρύνεται,
1735 1246 2010 1327 πείθω,
2065 1245 2366 1325 κλώθω,
2423 1244 2726 1325 βρώθω,
2783 1241 2909 1323 ἀφ’
2954 1243 3034 1307 οὗ

447 1348 767 1428 βέβρωθα,
812 1347 1114 1424 πρώθω.
1172 1346 1572 1425 ςεςημείωται
1603 1348 1679 1412 τὸ
1712 1347 1903 1411 ὠθῶ.
1960 1347 2037 1410 τὸ
2068 1346 2285 1425 μέντοι
2330 1348 2540 1425 μυθῶ
2587 1345 2690 1408 καὶ
2731 1344 3032 1409 ἀπειθῶ

444 1452 905 1530 περιςπῶνται,
973 1448 1072 1511 ὅτι
1129 1452 1328 1528 μῦθος
1378 1448 1480 1512 καὶ
1533 1447 1811 1527 ἀπειθής.
1911 1449 1988 1513 τὸ
2047 1449 2119 1511 δὲ
2172 1445 2427 1511 ἀπιθῶ
2487 1446 2681 1514 «οὐδ>
2733 1443 3033 1525 ἀπίθηςεν
3072 1460 3138 1511 10

444 1551 624 1634 μύθῳ
671 1549 1038 1628 Ἀθηναίης»
1084 1550 1161 1630 (Α
1190 1547 1347 1631 220)
1390 1554 1764 1628 περιςπᾶται
1809 1550 2152 1615 ςυςτέλλον
2196 1550 2313 1628 τὴν
2356 1549 2871 1627 παραλήγουςαν.
2959 1551 3034 1614 τὸ

442 1653 567 1730 γὰρ
621 1651 821 1715 πείθω
877 1651 1209 1729 μετάγεται
1263 1650 1352 1716 εἰς
1404 1653 1891 1731 περιςπωμενον
1952 1654 2153 1732 πιθῶ,
2221 1649 2302 1714 οὗ
2359 1650 2397 1714 ὁ
2452 1651 2705 1729 μέλλων
2771 1652 3033 1732 πιθήςω,

445 1753 483 1817 ὁ
528 1752 819 1830 ἀόριςτος
863 1740 1183 1835 ἑπίθηςεν,
1243 1754 1334 1818 ὡς
1389 1755 1463 1818 τὸ
1508 1754 1713 1834 φείδω
1755 1754 1993 1829 γίνεται
2037 1757 2210 1832 φιδῶ
2253 1752 2737 1831 περιςπώμενον
2781 1751 2883 1816 καὶ
2924 1772 3033 1817 πε-

446 1856 791 1934 φιδήςεται.
881 1854 1089 1919 οὕτως
1133 1855 1259 1921 έςτὶ
1301 1856 1404 1920 καὶ
1444 1857 1521 1921 τὸ
1567 1855 1794 1920 ἀπιθῶ.
2449 1909 2458 1920 .
3027 1927 3032 1940 ,

613 1955 708 2020 Τὰ
762 1955 851 2020 εἰς
902 1943 999 2020 θῖι]
1052 1957 1396 2038 διςύλλαβα
1450 1958 1685 2036 ἔχοντα
1738 1959 1856 2037 τὴν
1912 1958 2040 2036 πρὸ
2098 1958 2325 2022 τέλους
2380 1958 2697 2035 ςυλλαβὴν
2751 1955 2841 2021 εἰς
2896 1978 3035 2037 φω-
3074 1967 3138 2018 15

445 2061 598 2135 νῆεν
645 2058 966 2136 λήγουςαν
1024 2060 1179 2138 μετὰ
1237 2058 1557 2141 βραχείας,
1615 2061 1697 2140 μὴ
1752 2063 1870 2124 τοῦ
1925 2063 1991 2142 ἒ,
2046 2061 2450 2141 περιςπᾶται,
2505 2049 2726 2141 τιθῶ,
2781 2061 3035 2141 ποθῶ,

444 2163 691 2243 μαθῶ,
757 2159 823 2227 ἐξ
880 2158 959 2224 οὗ
1012 2162 1088 2226 τὸ
1145 2160 1416 2241 μαθήςω.
1502 2153 1577 2226 τὸ
1645 2160 1863 2240 μέντοι
1908 2162 2153 2239 ςχέθω
2211 2160 2571 2240 βαρύτονον
2628 2159 2782 2239 ἔχον
2847 2161 2923 2226 τὸ
2985 2164 3035 2225 ἐἴ

445 2261 841 2340 ςεςημείωται
883 2263 959 2325 τὸ
1005 2261 1163 2326 ὄθω
1205 2264 1282 2328 τὸ
1328 2263 1652 2341 φροντίζω
1699 2261 1893 2326 «οὐδ’
1938 2261 2167 2341 ὄθομαι
2211 2262 2598 2328 κοτέοντος»
2644 2263 2721 2344 (Α
2770 2261 2936 2344 181).

613 2363 708 2427 Τὰ
762 2363 849 2427 εἰς
895 2351 1021 2445 (iffi,
1078 2364 1133 2427 εἰ
1189 2364 1328 2441 ἔχοι
1383 2364 1513 2441 πρὸ
1557 2364 1785 2428 τέλους
1829 2365 2146 2444 ςυλλαβὴν
2202 2363 2292 2428 εἰς
2347 2362 2747 2443 ἀμετάβολον
2801 2364 3035 2442 λήγου-

446 2485 592 2548 cuv,
663 2464 1135 2543 ὑπεςταλμένης
1192 2468 1302 2541 τῆς
1360 2468 1461 2546 ἐ-ῤ,
1529 2468 1944 2554 περιςπᾶται,
2007 2468 2357 2549 πτορθῶ,
2431 2465 2673 2547 ἀνθῶ,
2737 2469 3140 2549 πενθῶ,2ο

447 2565 669 2644 ὀρθῶ.
758 2566 1169 2643 ςεςημαίωται
1214 2566 1287 2628 τὸ
1333 2563 1560 2630 ἄλθω.
1649 2566 1725 2629 τὸ
1771 2568 1844 2630 δὲ
1887 2566 2150 2644 πέρθω
2205 2567 2306 2630 καὶ
2358 2566 2650 2645 έγέρθω
2697 2568 3033 2647 βαρύνεται

451 2667 541 2732 ὡς
584 2664 740 2744 ἔχον
787 2669 883 2744 ἐ-ρ.

614 2766 710 2833 Τὰ
753 2766 841 2834 εἰς
873 2771 973 2833 ''r-u]
1017 2768 1360 2851 διςύλλαβα
1403 2770 1484 2849 μὴ
1529 2769 1674 2836 κατ’
1720 2769 2074 2850 ἐπιπλοκὴν
2118 2775 2234 2836 τοῦ
2277 2773 2312 2834 ἰ
2351 2773 2755 2855 περιςπᾶται,
2800 2776 3034 2856 ζητῶ,

447 3057 651 3109 έςθων·
704 3056 1064 3123 καὶεῖρὴται
1117 3057 1196 3110 ὡς
1250 3057 1461 3123 ὁμοίως
1514 3058 1745 3122 ἐγένετο
1796 3063 1883 3125 τῷ
1938 3058 2193 3124 βιβάςθω.
2262 3059 2290 3111 ἐ
2356 3062 2478 3123 χθω
2531 3061 2762 3126 praebet
2803 3061 3034 3113 Lascar.

454 3128 575 3189 170,
612 3129 671 3187 9,
713 3126 942 3208 ⁸emplevi
989 3142 1056 3176 ex
1093 3127 1273 3177 Schol.
1310 3128 1383 3177 ad
1420 3127 1523 3180 Od.
1564 3142 1588 3178 ε
1627 3130 1718 3179 83:
1765 3126 2014 3192 ἐρέχθων
2051 3127 2131 3180 ὡς
2167 3141 2271 3179 κατ
2304 3129 2483 3191 ςθων,
2521 3128 2696 3193 δῆλον
2730 3127 2791 3180 δὲ
2829 3127 2891 3179 ἐκ
2927 3133 3031 3181 τοῦ

446 3195 773 3312 Ξέῗεῖἓδιῖν
788 3192 1916 3328 55513‘3‘1’1530§.ffsffssts‘ss‘zsssuzssssffz
1929 3194 3034 3328 ῙᾞΟέῗῑέὲῗὲςῖΐωῖῗέἕιηῖῗέχέοᾚῑἓέιέἓ

450 3333 633 3393 potest
668 3330 727 3378 in
762 3344 973 3380 canone
1020 3332 1193 3381 verba
1236 3348 1270 3381 a
1315 3332 1625 3382 nominibus
1672 3332 2040 3383 substantivis
2083 3336 2147 3382 ut
2192 3333 2365 3395 μιςθῶ
2411 3348 2444 3381 a
2490 3329 2677 3393 μιςθός
2724 3338 3035 3397 propagata

449 3395 622 3446 fuisse
660 3395 901 3447 discreta
937 3398 1007 3447 ab
1043 3398 1142 3460 iis,
1179 3414 1319 3462 quae
1357 3399 1427 3449 ab
1467 3399 1759 3450 adiectivis
1788 3399 2108 3450 verbalibus
2133 3405 2268 3449 nata
2295 3398 2577 3461 dicuntur,
2617 3415 2778 3464 porro
2805 3406 3037 3465 apparet

448 3463 822 3513 Herodianum
858 3480 995 3524 non,
1031 3470 1094 3515 ut
1128 3465 1251 3516 vult
1287 3465 1585 3528 Schmidt..
1620 3467 1922 3532 credidisse
1947 3467 2193 3517 vocalem
2228 3470 2261 3516 ἒ
2296 3467 2474 3532 ipsam
2511 3483 2610 3531 per
2642 3482 2700 3517 se
2725 3467 3036 3534 perispasin

452 3529 696 3592 efficere,
734 3546 857 3581 nam
894 3530 1075 3582 ἔςθων
1112 3538 1168 3583 ct
1204 3531 1455 3597 ἐρέχθων
1503 3535 1771 3599 barytona
1816 3550 1940 3586 esse
1977 3533 2181 3585 diserte
2218 3534 2470 3585 edicitur.
2507 3560 2573 3570 —
2611 3531 2769 3597 ἄχθω
2805 3536 3038 3601 praebet

450 3598 677 3651 Lascar.
714 3596 725 3611 ⁸
873 3598 911 3648 1.
948 3602 980 3649 2
1025 3597 1350 3664 αίςθήςομαι
1394 3602 1619 3653 inserui.
1656 3628 1723 3639 —
1758 3600 1827 3653 τὸ
1867 3600 2058 3664 μέντοι
2095 3604 2287 3666 μοχθῶ
2325 3628 2391 3637 --
2426 3604 2759 3667 περιςπᾶται
2796 3619 3041 3654 accesse-

447 3670 577 3715 runt
613 3682 678 3716 ex
714 3667 939 3716 Lascar.
977 3670 1091 3727 170,
1131 3671 1209 3718 10.
1279 3666 1643 3733 (εςημείωται
1678 3668 1747 3720 τὸ
1785 3668 2005 3734 ὸρεχθῶ
2043 3671 2166 3736 ipse
2201 3670 2391 3720 addidi
2428 3686 2496 3720 cx
2533 3669 2713 3721 Schol.
2751 3670 2821 3720 ad
2855 3671 3036 3736 Apoll.

449 3734 477 3783 Ι
514 3734 612 3783 275
648 3735 980 3797 περιςπᾶται
1024 3733 1093 3786 τὸ
1139 3734 1393 3799 ὀρεχθεῖν
1438 3735 1517 3788 ὡς
1563 3736 1632 3788 τὸ
1682 3737 2073 3801 ποιεῖν.,,ἔςτι
2119 3736 2180 3789 δὲ
2229 3734 2443 3802 μίμημα
2487 3738 2689 3802 φωνῆς
2736 3736 3035 3802 ἀνάρθρου.

447 3799 696 3865 Ὅμηρος
744 3829 805 3838 -
840 3799 922 3851 δεῖ
958 3801 1019 3852 δὲ
1065 3803 1279 3863 μᾶλλον
1321 3803 1618 3856 ἀκούεςθαι
1668 3803 1761 3856 ἐπὶ
1806 3809 1910 3857 τοῦ
1960 3805 2200 3866 ςτένειν;
2248 3805 2425 3855 altero
2469 3805 2617 3867 1000,
2665 3821 2827 3871 quem
2873 3807 3038 3858 affert

451 3868 634 3919 Schol.
679 3869 750 3918 ad
786 3868 887 3919 Od.
928 3883 954 3919 ε
990 3872 1055 3919 83
1102 3869 1164 3920 ἐν
1208 3868 1396 3933 ἄλγεςι
1440 3873 1620 3935 θυμὸν
1666 3871 1950 3937 ὀρεχθῶν,
1994 3873 2344 3924 Aristarchus
2388 3877 2534 3923 teste
2577 3874 2640 3923 E.
2687 3876 2760 3924 M.
2806 3877 2931 3936 371,
2970 3877 3036 3924 24

450 3933 727 3999 ἐρέχθων,
764 3935 943 4001 Apion
980 3934 1220 4000 ἑρίχθων
1256 3939 1493 4004 scripsit.
1565 3941 1639 3991 cf.
1676 3942 1811 3992 Lob.
1849 3941 2039 3992 Rhem.
2078 3943 2144 3992 9⁷
2181 3947 2240 3992 et
2278 3944 2390 3992 152.
2562 3939 2598 3990 l.
2637 3943 2668 3989 6
2712 3956 2809 4005 pro
2846 3940 3034 3993 λεύθω

449 4018 571 4052 cum
607 4004 744 4053 Lob.
778 4003 971 4056 Rham.
1010 4007 1074 4054 92
1110 4003 1329 4056 ἐλεύθω
1366 4008 1581 4074 scripsi.
1732 4009 1766 4058 l.
1802 4010 1835 4058 8
1873 4007 2077 4073 βρώθω
2116 4013 2174 4059 ct
2209 4007 2426 4073 πρώθω
2465 4007 2649 4058 adieci
2684 4024 2751 4057 ex
2789 4009 3036 4074 Theogn.

456 4072 570 4133 141,
610 4072 693 4120 27.
731 4096 795 4106 —-
834 4070 870 4119 l.
905 4074 970 4121 10
1003 4069 1073 4122 τὸ
1110 4071 1172 4123 δὲ
1207 4071 1393 4125 ἀπιθῶ
1431 4090 1603 4139 usquc
1641 4075 1713 4125 ad
1758 4075 1918 4127 finem
1963 4077 2192 4126 canonis
2227 4075 2416 4126 addidi
2461 4091 2527 4125 cx
2565 4074 2652 4128 Cr.
2690 4077 2788 4140 Ep.
2827 4076 2857 4125 Ι
2890 4079 2937 4138 7,
2981 4080 3033 4126 1:

448 4135 504 4189 οἱ
542 4136 671 4200 μέν,
709 4136 771 4188 ἐκ
808 4140 911 4189 τοῦ
949 4136 1185 4203 ἀπειθὴς
1222 4139 1395 4205 ἐςτιν,
1434 4141 1576 4207 ὅπερ
1611 4140 1665 4193 οί
1702 4141 1804 4205 μὲν
1852 4142 1914 4195 ἐν
1949 4147 2020 4208 τῇ
2054 4141 2319 4209 ςυνηθείᾳ
2365 4140 2453 4193 διὰ
2487 4144 2589 4205 τῆς
2624 4144 2674 4194 {i
2708 4141 3035 4208 γράφουςιν,

449 4203 503 4257 οί
539 4204 600 4256 δὲ
636 4203 725 4256 διὰ
759 4206 862 4257 τοῦ
900 4208 957 4257 ἶ·
1005 4206 1037 4257 ὁ
1084 4206 1146 4257 δὲ
1184 4207 1525 4272 Ἡρωδιανὸς
1570 4209 1721 4272 λέγει
1766 4209 1854 4261 ὅτι
1899 4210 1970 4263 τὰ
2014 4209 2130 4262 ἀπὸ
2177 4208 2509 4274 βαρυτόνων
2557 4209 2912 4273 μεταγόμενα
2958 4210 3036 4263 εἰς

451 4272 1199 4393 ῗὲἕκῖῗμεέἒΐξὲἴέἒὶῗ
1234 4276 1344 4393 ἷὲἴ)
1379 4275 2449 4411 “315²*32425532‘1{2303‘2222‘22223’
2483 4290 2553 4396 2}
2553 4278 2785 4410 1³·„⁰3;}¹9
2790 4278 3036 4409 ‘fbfffiffl‘

562 4380 575 4403 ι
702 4378 716 4403 ι
1022 4381 1035 4393 ·
1187 4384 1199 4396 ·
1359 4381 1372 4405 ι
1500 4382 1512 4395 ·
3006 4396 3014 4410 .

449 4407 725 4473 γράφεται
760 4408 850 4459 διὰ
886 4410 988 4459 τοῦ
1026 4412 1059 4461 ῖ
1096 4408 1176 4461 ὡς
1212 4409 1327 4461 ἀπὸ
1362 4415 1466 4463 τοῦ
1506 4414 1654 4463 πιθῶ
1692 4412 1958 4477 δευτέρου
1997 4413 2304 4476 μέλλοντος
2348 4411 2685 4477 γενόμενον,
2725 4413 2866 4477 παρ’
2901 4412 3036 4476 ἡμῖν

449 4474 511 4526 δὲ
546 4476 634 4527 διὰ
669 4476 979 4540 διφθόγγου
1014 4476 1292 4542 γράφεται
1329 4477 1391 4529 ἐκ
1426 4480 1529 4530 τοῦ
1574 4478 1808 4545 ἀπειθής
1855 4480 2136 4543 ὀνόματος
2181 4482 2324 4534 καθὰ
2370 4481 2460 4532 καὶ
2508 4481 2577 4532 τὸ
2622 4479 2839 4546 ἀφειδῶ
2885 4479 3036 4545 ῥῆμα

452 4542 514 4594 ἐκ
548 4547 651 4596 τοῦ
687 4543 936 4609 ἀφειδὴς.
1007 4546 1253 4609 Theogn.
1295 4548 1417 4607 149,
1452 4549 1501 4598 6.
1707 4546 1741 4596 l.
1779 4549 1843 4597 18
1888 4551 2056 4600 verba
2103 4548 2629 4599 Homerica'addidi
2676 4566 2744 4601 cx
2789 4549 3034 4615 Theogn.

456 4613 568 4674 141,
605 4616 695 4663 32:
734 4611 1098 4677 ςεςημείωται
1137 4612 1235 4664 ὅτε
1271 4614 1431 4677 δηλοῖ
1478 4613 1576 4677 (sc.
1614 4613 1757 4675 ὅθω)
1802 4613 1873 4665 τὸ
1921 4618 2176 4678 κινοῦμαι
2220 4617 2308 4669 διὰ
2351 4619 2455 4669 τοῦ
2502 4620 2534 4667 ὅ
2582 4620 2775 4682 μικροῦ
2823 4615 3037 4681 γραφό-

455 4691 650 4743 μενον,
689 4678 768 4732 ώς
806 4680 897 4731 καὶ
933 4680 965 4731 ὁ
1002 4680 1242 4745 ποιητής
1280 4682 1397 4732 κτλ.
1454 4682 1769 4747 Explicatio
1804 4682 2065 4733 vocabuli
2103 4688 2356 4745 κινοῠμαι
2392 4686 2646 4749 congruit
2680 4701 2800 4736 cum
2830 4684 3035 4738 Herod.

452 4746 511 4793 in
546 4746 791 4811 Sympos.
826 4748 903 4797 in.
941 4750 1033 4801 Et.
1071 4750 1258 4799 Orion.
1297 4752 1420 4811 124,
1461 4752 1522 4799 12
1558 4749 1679 4800 ὄθω
1715 4748 1786 4800 τὸ
1821 4749 2036 4815 δηλοῦν
2077 4751 2185 4816 τὴν
2222 4750 2460 4817 κίνηςιν,
2499 4753 2665 4805 ἔνθεν
2699 4752 2873 4805 «οὐδ’
2908 4752 3036 4805 ὄθο-

454 4824 549 4875 μαι
584 4813 735 4867 κτλ.»
869 4814 904 4866 l.
940 4819 1003 4867 21
1041 4815 1256 4895 ἑγέρθω
1294 4817 1473 4869 adieci
1507 4834 1575 4869 ex
1609 4818 1675 4870 11.
1713 4817 1804 4873 Pr.
1840 4816 1886 4873 Ν
1924 4821 2040 4872 809.
2459 4859 2470 4868 .
