<?xml version="1.0" encoding="UTF-8"?>
<!DOCTYPE html PUBLIC "-//W3C//DTD XHTML 1.0 Transitional//EN"
    "http://www.w3.org/TR/xhtml1/DTD/xhtml1-transitional.dtd">
<html xmlns="http://www.w3.org/1999/xhtml" xml:lang="en" lang="en">
 <head>
  <title>
</title>
<meta http-equiv="Content-Type" content="text/html;charset=utf-8" />
  <meta name='ocr-system' content='tesseract 3.04.00' />
  <meta name='ocr-capabilities' content='ocr_page ocr_carea ocr_par ocr_line ocrx_word'/>
</head>
<body>
  <div class='ocr_page' id='page_1' title='image "./grammaticigraec02unkngoog_0063.png"; bbox 0 0 3664 5546; ppageno 0'>
   <div class='ocr_carea' id='block_1_1' title="bbox 1540 418 3046 468">
    <p class='ocr_par' dir='ltr' id='par_1_1' title="bbox 1540 418 3046 468">
     <span class='ocr_line' id='line_1_1' title="bbox 1540 418 3046 468; baseline -0.002 -1"><span class='ocrx_word' id='word_1_1' title='bbox 1540 419 1957 468; x_wconf 79' lang='lat' dir='ltr'><strong>PRAEFATIO.</strong></span> <span class='ocrx_word' id='word_1_2' title='bbox 2897 418 3046 465; x_wconf 87' lang='lat' dir='ltr'>LVII</span> 
     </span>
    </p>
   </div>
   <div class='ocr_carea' id='block_1_2' title="bbox 422 572 3108 4951">
    <p class='ocr_par' dir='ltr' id='par_1_2' title="bbox 472 572 3048 2096">
     <span class='ocr_line' id='line_1_2' title="bbox 472 572 3042 666; baseline -0.004 -22"><span class='ocrx_word' id='word_1_3' title='bbox 472 601 598 666; x_wconf 91' lang='lat' dir='ltr'>quo</span> <span class='ocrx_word' id='word_1_4' title='bbox 631 577 1044 643; x_wconf 85' lang='lat' dir='ltr'>Herodianus</span> <span class='ocrx_word' id='word_1_5' title='bbox 1090 600 1237 642; x_wconf 88' lang='lat' dir='ltr'>cum</span> <span class='ocrx_word' id='word_1_6' title='bbox 1267 575 1614 664; x_wconf 88' lang='lat' dir='ltr'>Apollonio</span> <span class='ocrx_word' id='word_1_7' title='bbox 1646 597 1755 639; x_wconf 88' lang='lat' dir='ltr'>eas</span> <span class='ocrx_word' id='word_1_8' title='bbox 1800 595 1945 638; x_wconf 88' lang='lat' dir='ltr'>sese</span> <span class='ocrx_word' id='word_1_9' title='bbox 1990 574 2291 658; x_wconf 80' lang='lat' dir='ltr'>excipere</span> <span class='ocrx_word' id='word_1_10' title='bbox 2320 572 2546 637; x_wconf 86' lang='lat' dir='ltr'>voluit.</span> <span class='ocrx_word' id='word_1_11' title='bbox 2607 573 2755 638; x_wconf 85' lang='lat' dir='ltr'><strong>Lib.</strong></span> <span class='ocrx_word' id='word_1_12' title='bbox 2789 572 3042 636; x_wconf 84' lang='lat' dir='ltr'>I-XV</span> 
     </span>
     <span class='ocr_line' id='line_1_3' title="bbox 472 677 3044 767; baseline -0.002 -21"><span class='ocrx_word' id='word_1_13' title='bbox 472 679 982 766; x_wconf 88' lang='lat' dir='ltr'>complectuntur</span> <span class='ocrx_word' id='word_1_14' title='bbox 1024 682 1319 765; x_wconf 88' lang='lat' dir='ltr'>nomina,</span> <span class='ocrx_word' id='word_1_15' title='bbox 1367 681 1533 746; x_wconf 90' lang='lat' dir='ltr'>XVI</span> <span class='ocrx_word' id='word_1_16' title='bbox 1562 691 1629 745; x_wconf 90' lang='lat' dir='ltr'>et</span> <span class='ocrx_word' id='word_1_17' title='bbox 1658 680 1864 746; x_wconf 88' lang='lat' dir='ltr'><strong>XVII</strong></span> <span class='ocrx_word' id='word_1_18' title='bbox 1894 680 2167 745; x_wconf 86' lang='lat' dir='ltr'>verbum</span> <span class='ocrx_word' id='word_1_19' title='bbox 2210 702 2356 744; x_wconf 90' lang='lat' dir='ltr'>cum</span> <span class='ocrx_word' id='word_1_20' title='bbox 2386 680 2755 767; x_wconf 86' lang='lat' dir='ltr'>participio,</span> <span class='ocrx_word' id='word_1_21' title='bbox 2801 677 3044 742; x_wconf 89' lang='lat' dir='ltr'>XVIII</span> 
     </span>
     <span class='ocr_line' id='line_1_4' title="bbox 472 781 3041 871; baseline -0.002 -22"><span class='ocrx_word' id='word_1_22' title='bbox 472 782 817 864; x_wconf 72' lang='lat' dir='ltr'>articulOS,</span> <span class='ocrx_word' id='word_1_23' title='bbox 863 806 1248 870; x_wconf 86' lang='lat' dir='ltr'>pronomen,</span> <span class='ocrx_word' id='word_1_24' title='bbox 1293 783 1846 871; x_wconf 76' lang='lat' dir='ltr'>praepositioneS,</span> <span class='ocrx_word' id='word_1_25' title='bbox 1892 782 2066 847; x_wconf 88' lang='lat' dir='ltr'>XIX</span> <span class='ocrx_word' id='word_1_26' title='bbox 2097 782 2414 847; x_wconf 85' lang='lat' dir='ltr'>adverbia</span> <span class='ocrx_word' id='word_1_27' title='bbox 2444 792 2510 847; x_wconf 90' lang='lat' dir='ltr'>et</span> <span class='ocrx_word' id='word_1_28' title='bbox 2540 781 3041 846; x_wconf 65' lang='lat' dir='ltr'>coniunctiones</span> 
     </span>
     <span class='ocr_line' id='line_1_5' title="bbox 472 882 3042 973; baseline -0.002 -23"><span class='ocrx_word' id='word_1_29' title='bbox 472 885 824 950; x_wconf 88' lang='lat' dir='ltr'><strong>Nominum</strong></span> <span class='ocrx_word' id='word_1_30' title='bbox 866 884 1173 973; x_wconf 82' lang='lat' dir='ltr'>prosodia</span> <span class='ocrx_word' id='word_1_31' title='bbox 1216 887 1311 951; x_wconf 89' lang='lat' dir='ltr'>sic</span> <span class='ocrx_word' id='word_1_32' title='bbox 1355 884 1612 971; x_wconf 91' lang='lat' dir='ltr'>digesta</span> <span class='ocrx_word' id='word_1_33' title='bbox 1654 886 1812 966; x_wconf 85' lang='lat' dir='ltr'>fuit,</span> <span class='ocrx_word' id='word_1_34' title='bbox 1857 894 1931 949; x_wconf 90' lang='lat' dir='ltr'>ut</span> <span class='ocrx_word' id='word_1_35' title='bbox 1974 884 2141 949; x_wconf 90' lang='lat' dir='ltr'>XIV</span> <span class='ocrx_word' id='word_1_36' title='bbox 2184 883 2335 949; x_wconf 89' lang='lat' dir='ltr'>libri</span> <span class='ocrx_word' id='word_1_37' title='bbox 2380 893 2712 949; x_wconf 89' lang='lat' dir='ltr'>accentum</span> <span class='ocrx_word' id='word_1_38' title='bbox 2757 882 3042 947; x_wconf 87' lang='lat' dir='ltr'>nomina-</span> 
     </span>
     <span class='ocr_line' id='line_1_6' title="bbox 474 984 3043 1072; baseline -0.002 -19"><span class='ocrx_word' id='word_1_39' title='bbox 474 988 595 1053; x_wconf 89' lang='lat' dir='ltr'>tivi</span> <span class='ocrx_word' id='word_1_40' title='bbox 653 988 1008 1053; x_wconf 88' lang='lat' dir='ltr'>secundum</span> <span class='ocrx_word' id='word_1_41' title='bbox 1064 989 1553 1054; x_wconf 80' lang='lat' dir='ltr'>terminationes</span> <span class='ocrx_word' id='word_1_42' title='bbox 1609 986 2107 1068; x_wconf 82' lang='lat' dir='ltr'>constituerent,</span> <span class='ocrx_word' id='word_1_43' title='bbox 2165 1009 2433 1051; x_wconf 88' lang='lat' dir='ltr'>casuum</span> <span class='ocrx_word' id='word_1_44' title='bbox 2488 984 2897 1072; x_wconf 89' lang='lat' dir='ltr'>obliquorum</span> <span class='ocrx_word' id='word_1_45' title='bbox 2940 1007 3043 1049; x_wconf 88' lang='lat' dir='ltr'>ac-</span> 
     </span>
     <span class='ocr_line' id='line_1_7' title="bbox 473 1087 3045 1176; baseline -0.001 -22"><span class='ocrx_word' id='word_1_46' title='bbox 473 1100 729 1155; x_wconf 85' lang='lat' dir='ltr'>centum</span> <span class='ocrx_word' id='word_1_47' title='bbox 774 1098 1088 1155; x_wconf 84' lang='lat' dir='ltr'>tractaret</span> <span class='ocrx_word' id='word_1_48' title='bbox 1130 1090 1295 1156; x_wconf 91' lang='lat' dir='ltr'>liber</span> <span class='ocrx_word' id='word_1_49' title='bbox 1338 1091 1499 1173; x_wconf 72' lang='lat' dir='ltr'>XV,</span> <span class='ocrx_word' id='word_1_50' title='bbox 1545 1090 1610 1153; x_wconf 91' lang='lat' dir='ltr'>in</span> <span class='ocrx_word' id='word_1_51' title='bbox 1657 1111 1848 1176; x_wconf 90' lang='lat' dir='ltr'>quem</span> <span class='ocrx_word' id='word_1_52' title='bbox 1893 1090 2138 1175; x_wconf 87' lang='lat' dir='ltr'>recepti</span> <span class='ocrx_word' id='word_1_53' title='bbox 2182 1099 2367 1154; x_wconf 87' lang='lat' dir='ltr'>erant</span> <span class='ocrx_word' id='word_1_54' title='bbox 2410 1089 2606 1154; x_wconf 90' lang='lat' dir='ltr'>etiam</span> <span class='ocrx_word' id='word_1_55' title='bbox 2662 1087 3045 1169; x_wconf 88' lang='lat' dir='ltr'>numeralia,</span> 
     </span>
     <span class='ocr_line' id='line_1_8' title="bbox 473 1190 3045 1278; baseline -0.001 -22"><span class='ocrx_word' id='word_1_56' title='bbox 473 1214 641 1278; x_wconf 89' lang='lat' dir='ltr'>quae</span> <span class='ocrx_word' id='word_1_57' title='bbox 685 1214 884 1278; x_wconf 89' lang='lat' dir='ltr'>quum</span> <span class='ocrx_word' id='word_1_58' title='bbox 928 1193 1127 1257; x_wconf 87' lang='lat' dir='ltr'>variis</span> <span class='ocrx_word' id='word_1_59' title='bbox 1173 1192 1741 1257; x_wconf 78' lang='lat' dir='ltr'>terminationibus</span> <span class='ocrx_word' id='word_1_60' title='bbox 1787 1190 2089 1277; x_wconf 88' lang='lat' dir='ltr'>praedita</span> <span class='ocrx_word' id='word_1_61' title='bbox 2131 1193 2350 1275; x_wconf 84' lang='grc' dir='ltr'>(πέντε</span> <span class='ocrx_word' id='word_1_62' title='bbox 2395 1190 2561 1256; x_wconf 87' lang='grc' dir='ltr'>ὀκτώ</span> <span class='ocrx_word' id='word_1_63' title='bbox 2619 1191 3045 1273; x_wconf 88' lang='grc' dir='ltr'>πεντήκοντα)</span> 
     </span>
     <span class='ocr_line' id='line_1_9' title="bbox 475 1292 3043 1380; baseline -0 -23"><span class='ocrx_word' id='word_1_64' title='bbox 475 1303 651 1358; x_wconf 90' lang='lat' dir='ltr'>certo</span> <span class='ocrx_word' id='word_1_65' title='bbox 716 1292 1049 1358; x_wconf 88' lang='lat' dir='ltr'>nominum</span> <span class='ocrx_word' id='word_1_66' title='bbox 1116 1317 1200 1359; x_wconf 83' lang='lat' dir='ltr'>ex</span> <span class='ocrx_word' id='word_1_67' title='bbox 1261 1294 1390 1360; x_wconf 87' lang='lat' dir='ltr'>fine</span> <span class='ocrx_word' id='word_1_68' title='bbox 1458 1293 1922 1380; x_wconf 88' lang='lat' dir='ltr'>dispositorum</span> <span class='ocrx_word' id='word_1_69' title='bbox 1988 1292 2204 1358; x_wconf 87' lang='lat' dir='ltr'>ordini</span> <span class='ocrx_word' id='word_1_70' title='bbox 2262 1292 2495 1357; x_wconf 90' lang='lat' dir='ltr'>subiici</span> <span class='ocrx_word' id='word_1_71' title='bbox 2559 1314 2690 1357; x_wconf 92' lang='lat' dir='ltr'>non</span> <span class='ocrx_word' id='word_1_72' title='bbox 2753 1301 3043 1377; x_wconf 83' lang='lat' dir='ltr'>possent,</span> 
     </span>
     <span class='ocr_line' id='line_1_10' title="bbox 477 1391 3044 1482; baseline -0 -22"><span class='ocrx_word' id='word_1_73' title='bbox 477 1395 775 1461; x_wconf 88' lang='lat' dir='ltr'>doctrina</span> <span class='ocrx_word' id='word_1_74' title='bbox 818 1395 1151 1460; x_wconf 91' lang='lat' dir='ltr'>nominum</span> <span class='ocrx_word' id='word_1_75' title='bbox 1195 1394 1497 1463; x_wconf 82' lang='lat' dir='ltr'>absoluta</span> <span class='ocrx_word' id='word_1_76' title='bbox 1538 1395 1935 1480; x_wconf 88' lang='lat' dir='ltr'>subiungere</span> <span class='ocrx_word' id='word_1_77' title='bbox 1979 1396 2387 1482; x_wconf 89' lang='lat' dir='ltr'>aptissimum</span> <span class='ocrx_word' id='word_1_78' title='bbox 2433 1403 2535 1458; x_wconf 86' lang='lat' dir='ltr'>est</span> <span class='ocrx_word' id='word_1_79' title='bbox 2575 1394 2792 1458; x_wconf 84' lang='lat' dir='ltr'>visum</span> <span class='ocrx_word' id='word_1_80' title='bbox 2839 1391 3044 1459; x_wconf 90' lang='lat' dir='ltr'>Hero-</span> 
     </span>
     <span class='ocr_line' id='line_1_11' title="bbox 476 1495 3047 1583; baseline 0 -23"><span class='ocrx_word' id='word_1_81' title='bbox 476 1496 689 1562; x_wconf 84' lang='lat' dir='ltr'>diano.</span> <span class='ocrx_word' id='word_1_82' title='bbox 747 1497 1025 1563; x_wconf 90' lang='lat' dir='ltr'>Omnino</span> <span class='ocrx_word' id='word_1_83' title='bbox 1070 1499 1415 1583; x_wconf 83' lang='lat' dir='ltr'>sexaginta</span> <span class='ocrx_word' id='word_1_84' title='bbox 1456 1497 1704 1563; x_wconf 88' lang='lat' dir='ltr'>milium</span> <span class='ocrx_word' id='word_1_85' title='bbox 1738 1496 2202 1562; x_wconf 88' lang='lat' dir='ltr'>vocabulorum</span> <span class='ocrx_word' id='word_1_86' title='bbox 2247 1506 2586 1561; x_wconf 88' lang='lat' dir='ltr'>accentum</span> <span class='ocrx_word' id='word_1_87' title='bbox 2629 1495 3047 1560; x_wconf 87' lang='lat' dir='ltr'>constituisse</span> 
     </span>
     <span class='ocr_line' id='line_1_12' title="bbox 478 1596 3048 1684; baseline 0 -22"><span class='ocrx_word' id='word_1_88' title='bbox 478 1598 921 1664; x_wconf 87' lang='lat' dir='ltr'>Herodianum</span> <span class='ocrx_word' id='word_1_89' title='bbox 968 1599 1168 1665; x_wconf 86' lang='lat' dir='ltr'>tradit</span> <span class='ocrx_word' id='word_1_90' title='bbox 1211 1600 1307 1665; x_wconf 90' lang='grc' dir='ltr'>Ιο.</span> <span class='ocrx_word' id='word_1_91' title='bbox 1351 1601 1460 1666; x_wconf 87' lang='lat' dir='ltr'>Al.</span> <span class='ocrx_word' id='word_1_92' title='bbox 1505 1601 1578 1684; x_wconf 90' lang='lat'>4,</span> <span class='ocrx_word' id='word_1_93' title='bbox 1625 1601 1665 1664; x_wconf 87' lang='grc'>9</span> <span class='ocrx_word' id='word_1_94' title='bbox 1720 1609 1785 1665; x_wconf 88' lang='lat' dir='ltr'>et</span> <span class='ocrx_word' id='word_1_95' title='bbox 1828 1609 2056 1664; x_wconf 85' lang='lat' dir='ltr'>auctor</span> <span class='ocrx_word' id='word_1_96' title='bbox 2099 1599 2274 1664; x_wconf 85' lang='lat' dir='ltr'>vitae</span> <span class='ocrx_word' id='word_1_97' title='bbox 2319 1597 2416 1684; x_wconf 91' lang='lat'>(1)</span> <span class='ocrx_word' id='word_1_98' title='bbox 2472 1598 2673 1664; x_wconf 88' lang='lat' dir='ltr'>refert</span> <span class='ocrx_word' id='word_1_99' title='bbox 2727 1596 3048 1663; x_wconf 87' lang='lat' dir='ltr'>vocabula</span> 
     </span>
     <span class='ocr_line' id='line_1_13' title="bbox 476 1701 3048 1789; baseline -0.001 -24"><span class='ocrx_word' id='word_1_100' title='bbox 476 1701 560 1767; x_wconf 89' lang='lat' dir='ltr'>ab</span> <span class='ocrx_word' id='word_1_101' title='bbox 615 1702 807 1765; x_wconf 84' lang='lat' dir='ltr'>unius</span> <span class='ocrx_word' id='word_1_102' title='bbox 862 1701 1158 1788; x_wconf 85' lang='lat' dir='ltr'>syllabae</span> <span class='ocrx_word' id='word_1_103' title='bbox 1210 1725 1417 1789; x_wconf 91' lang='lat' dir='ltr'>usque</span> <span class='ocrx_word' id='word_1_104' title='bbox 1456 1702 1558 1767; x_wconf 69' lang='lat' dir='ltr'>‘ad</span> <span class='ocrx_word' id='word_1_105' title='bbox 1614 1725 1731 1767; x_wconf 86' lang='lat' dir='ltr'>sex</span> <span class='ocrx_word' id='word_1_106' title='bbox 1789 1701 2189 1789; x_wconf 84' lang='lat' dir='ltr'>syllabarum</span> <span class='ocrx_word' id='word_1_107' title='bbox 2252 1701 2568 1767; x_wconf 84' lang='lat' dir='ltr'>ambitum</span> <span class='ocrx_word' id='word_1_108' title='bbox 2632 1701 3048 1787; x_wconf 84' lang='lat' dir='ltr'>procedentia</span> 
     </span>
     <span class='ocr_line' id='line_1_14' title="bbox 475 1802 3044 1891; baseline -0.001 -24"><span class='ocrx_word' id='word_1_109' title='bbox 475 1813 740 1889; x_wconf 89' lang='lat' dir='ltr'>recepta</span> <span class='ocrx_word' id='word_1_110' title='bbox 781 1802 1009 1868; x_wconf 86' lang='lat' dir='ltr'>fuisse.</span> <span class='ocrx_word' id='word_1_111' title='bbox 1098 1803 1289 1868; x_wconf 89' lang='lat' dir='ltr'>Hanc</span> <span class='ocrx_word' id='word_1_112' title='bbox 1332 1805 1532 1869; x_wconf 86' lang='lat' dir='ltr'>totius</span> <span class='ocrx_word' id='word_1_113' title='bbox 1565 1805 1779 1891; x_wconf 90' lang='lat' dir='ltr'>operis</span> <span class='ocrx_word' id='word_1_114' title='bbox 1825 1804 2319 1891; x_wconf 87' lang='lat' dir='ltr'>dispositionem</span> <span class='ocrx_word' id='word_1_115' title='bbox 2362 1806 2687 1889; x_wconf 84' lang='lat' dir='ltr'>cognitam</span> <span class='ocrx_word' id='word_1_116' title='bbox 2731 1802 3044 1868; x_wconf 89' lang='lat' dir='ltr'>habemus</span> 
     </span>
     <span class='ocr_line' id='line_1_15' title="bbox 476 1904 3046 1994; baseline -0.001 -25"><span class='ocrx_word' id='word_1_117' title='bbox 476 1915 543 1969; x_wconf 87' lang='lat' dir='ltr'>ct</span> <span class='ocrx_word' id='word_1_118' title='bbox 596 1928 681 1970; x_wconf 88' lang='lat' dir='ltr'>ex</span> <span class='ocrx_word' id='word_1_119' title='bbox 737 1904 963 1971; x_wconf 88' lang='lat' dir='ltr'>tabula</span> <span class='ocrx_word' id='word_1_120' title='bbox 1014 1904 1329 1971; x_wconf 89' lang='lat' dir='ltr'>librorum</span> <span class='ocrx_word' id='word_1_121' title='bbox 1385 1905 1670 1971; x_wconf 87' lang='lat' dir='ltr'>Arcadio</span> <span class='ocrx_word' id='word_1_122' title='bbox 1724 1908 2052 1994; x_wconf 89' lang='lat' dir='ltr'>praefixa,</span> <span class='ocrx_word' id='word_1_123' title='bbox 2113 1929 2307 1994; x_wconf 88' lang='lat' dir='ltr'>quam</span> <span class='ocrx_word' id='word_1_124' title='bbox 2373 1907 2494 1971; x_wconf 90' lang='lat' dir='ltr'>toti</span> <span class='ocrx_word' id='word_1_125' title='bbox 2550 1905 2731 1992; x_wconf 91' lang='lat' dir='ltr'>operi</span> <span class='ocrx_word' id='word_1_126' title='bbox 2785 1913 2851 1969; x_wconf 91' lang='lat' dir='ltr'>et</span> <span class='ocrx_word' id='word_1_127' title='bbox 2905 1905 3046 1990; x_wconf 92' lang='lat' dir='ltr'>ipse</span> 
     </span>
     <span class='ocr_line' id='line_1_16' title="bbox 477 2007 2385 2096; baseline 0.001 -25"><span class='ocrx_word' id='word_1_128' title='bbox 477 2007 995 2094; x_wconf 88' lang='lat' dir='ltr'>praeponendam</span> <span class='ocrx_word' id='word_1_129' title='bbox 1040 2009 1298 2092; x_wconf 81' lang='lat' dir='ltr'>curavi,</span> <span class='ocrx_word' id='word_1_130' title='bbox 1346 2019 1413 2073; x_wconf 91' lang='lat' dir='ltr'>et</span> <span class='ocrx_word' id='word_1_131' title='bbox 1457 2031 1541 2074; x_wconf 89' lang='lat' dir='ltr'>ex</span> <span class='ocrx_word' id='word_1_132' title='bbox 1583 2007 1859 2074; x_wconf 89' lang='lat' dir='ltr'>Arcadii</span> <span class='ocrx_word' id='word_1_133' title='bbox 1903 2010 2182 2096; x_wconf 89' lang='lat' dir='ltr'>epitome</span> <span class='ocrx_word' id='word_1_134' title='bbox 2224 2009 2385 2095; x_wconf 89' lang='lat' dir='ltr'>ipsa.</span> 
     </span>
    </p>

    <p class='ocr_par' dir='ltr' id='par_1_3' title="bbox 422 2108 3108 4951">
     <span class='ocr_line' id='line_1_17' title="bbox 645 2108 3045 2198; baseline -0 -25"><span class='ocrx_word' id='word_1_135' title='bbox 645 2108 754 2173; x_wconf 85' lang='lat' dir='ltr'>Ex</span> <span class='ocrx_word' id='word_1_136' title='bbox 794 2108 917 2174; x_wconf 92' lang='lat' dir='ltr'>hoc</span> <span class='ocrx_word' id='word_1_137' title='bbox 958 2111 1324 2195; x_wconf 86' lang='lat' dir='ltr'>argumenti</span> <span class='ocrx_word' id='word_1_138' title='bbox 1353 2121 1705 2198; x_wconf 88' lang='lat' dir='ltr'>conspectu</span> <span class='ocrx_word' id='word_1_139' title='bbox 1733 2109 2132 2196; x_wconf 87' lang='lat' dir='ltr'>intellegitur</span> <span class='ocrx_word' id='word_1_140' title='bbox 2171 2111 2412 2196; x_wconf 83' lang='lat' dir='ltr'>viginti</span> <span class='ocrx_word' id='word_1_141' title='bbox 2456 2109 2660 2175; x_wconf 88' lang='lat' dir='ltr'>libros</span> <span class='ocrx_word' id='word_1_142' title='bbox 2693 2133 2776 2173; x_wconf 85' lang='lat' dir='ltr'>ex</span> <span class='ocrx_word' id='word_1_143' title='bbox 2807 2109 3045 2196; x_wconf 87' lang='lat' dir='ltr'>quibus</span> 
     </span>
     <span class='ocr_line' id='line_1_18' title="bbox 477 2209 3046 2298; baseline -0 -22"><span class='ocrx_word' id='word_1_144' title='bbox 477 2209 813 2276; x_wconf 87' lang='lat' dir='ltr'>Catholica</span> <span class='ocrx_word' id='word_1_145' title='bbox 855 2212 1221 2277; x_wconf 87' lang='lat' dir='ltr'>constitisse</span> <span class='ocrx_word' id='word_1_146' title='bbox 1279 2221 1343 2277; x_wconf 91' lang='lat' dir='ltr'>et</span> <span class='ocrx_word' id='word_1_147' title='bbox 1395 2214 1465 2276; x_wconf 91' lang='lat' dir='ltr'>in</span> <span class='ocrx_word' id='word_1_148' title='bbox 1519 2211 1634 2277; x_wconf 88' lang='lat' dir='ltr'>illa</span> <span class='ocrx_word' id='word_1_149' title='bbox 1684 2212 1914 2280; x_wconf 88' lang='lat' dir='ltr'>tabula</span> <span class='ocrx_word' id='word_1_150' title='bbox 1967 2213 2211 2279; x_wconf 87' lang='lat' dir='ltr'>diserte</span> <span class='ocrx_word' id='word_1_151' title='bbox 2269 2211 2506 2277; x_wconf 89' lang='lat' dir='ltr'>dicitur</span> <span class='ocrx_word' id='word_1_152' title='bbox 2559 2221 2623 2276; x_wconf 89' lang='lat' dir='ltr'>et</span> <span class='ocrx_word' id='word_1_153' title='bbox 2677 2211 2827 2276; x_wconf 92' lang='lat' dir='ltr'>inde</span> <span class='ocrx_word' id='word_1_154' title='bbox 2872 2210 3046 2298; x_wconf 92' lang='lat' dir='ltr'>quod</span> 
     </span>
     <span class='ocr_line' id='line_1_19' title="bbox 476 2312 3045 2396; baseline 0 -20"><span class='ocrx_word' id='word_1_155' title='bbox 476 2314 544 2377; x_wconf 89' lang='lat' dir='ltr'>in</span> <span class='ocrx_word' id='word_1_156' title='bbox 589 2312 860 2377; x_wconf 87' lang='lat' dir='ltr'>aliorum</span> <span class='ocrx_word' id='word_1_157' title='bbox 903 2314 1323 2380; x_wconf 87' lang='lat' dir='ltr'>citationibus</span> <span class='ocrx_word' id='word_1_158' title='bbox 1368 2314 1473 2379; x_wconf 92' lang='lat' dir='ltr'>hic</span> <span class='ocrx_word' id='word_1_159' title='bbox 1517 2338 1821 2379; x_wconf 89' lang='lat' dir='ltr'>numerus</span> <span class='ocrx_word' id='word_1_160' title='bbox 1881 2338 2011 2380; x_wconf 94' lang='lat' dir='ltr'>non</span> <span class='ocrx_word' id='word_1_161' title='bbox 2069 2314 2408 2380; x_wconf 82' lang='lat' dir='ltr'>exceditur</span> <span class='ocrx_word' id='word_1_162' title='bbox 2462 2314 2812 2378; x_wconf 88' lang='lat' dir='ltr'>coniectari</span> <span class='ocrx_word' id='word_1_163' title='bbox 2867 2312 3045 2396; x_wconf 89' lang='lat' dir='ltr'>licet,</span> 
     </span>
     <span class='ocr_line' id='line_1_20' title="bbox 475 2413 3046 2503; baseline 0.001 -25"><span class='ocrx_word' id='word_1_164' title='bbox 475 2415 544 2479; x_wconf 93' lang='lat' dir='ltr'>in</span> <span class='ocrx_word' id='word_1_165' title='bbox 587 2413 987 2500; x_wconf 86' lang='lat' dir='ltr'>singulorum</span> <span class='ocrx_word' id='word_1_166' title='bbox 1031 2426 1287 2481; x_wconf 85' lang='lat' dir='ltr'>tantum</span> <span class='ocrx_word' id='word_1_167' title='bbox 1332 2417 1795 2483; x_wconf 86' lang='lat' dir='ltr'>vocabulorum</span> <span class='ocrx_word' id='word_1_168' title='bbox 1852 2419 2229 2482; x_wconf 87' lang='lat' dir='ltr'>accentibus</span> <span class='ocrx_word' id='word_1_169' title='bbox 2283 2427 2583 2482; x_wconf 83' lang='lat' dir='ltr'>versatos</span> <span class='ocrx_word' id='word_1_170' title='bbox 2637 2438 2781 2480; x_wconf 83' lang='lat' dir='ltr'>esse</span> <span class='ocrx_word' id='word_1_171' title='bbox 2837 2438 3046 2503; x_wconf 90' lang='lat' dir='ltr'>neque</span> 
     </span>
     <span class='ocr_line' id='line_1_21' title="bbox 477 2516 3046 2605; baseline -0 -23"><span class='ocrx_word' id='word_1_172' title='bbox 477 2527 692 2582; x_wconf 88' lang='lat' dir='ltr'>tamen</span> <span class='ocrx_word' id='word_1_173' title='bbox 737 2516 1111 2604; x_wconf 84' lang='lat' dir='ltr'>complexos</span> <span class='ocrx_word' id='word_1_174' title='bbox 1157 2541 1299 2583; x_wconf 84' lang='lat' dir='ltr'>esse</span> <span class='ocrx_word' id='word_1_175' title='bbox 1341 2518 1714 2605; x_wconf 84' lang='lat' dir='ltr'>prosodiam</span> <span class='ocrx_word' id='word_1_176' title='bbox 1760 2518 2227 2585; x_wconf 87' lang='lat' dir='ltr'>vocabulorum</span> <span class='ocrx_word' id='word_1_177' title='bbox 2279 2519 2349 2581; x_wconf 91' lang='lat' dir='ltr'>in</span> <span class='ocrx_word' id='word_1_178' title='bbox 2393 2520 2702 2583; x_wconf 90' lang='lat' dir='ltr'>continua</span> <span class='ocrx_word' id='word_1_179' title='bbox 2754 2519 3046 2584; x_wconf 88' lang='lat' dir='ltr'>oratione</span> 
     </span>
     <span class='ocr_line' id='line_1_22' title="bbox 478 2618 3046 2706; baseline 0 -23"><span class='ocrx_word' id='word_1_180' title='bbox 478 2641 547 2683; x_wconf 93' lang='lat' dir='ltr'>se</span> <span class='ocrx_word' id='word_1_181' title='bbox 612 2620 1167 2706; x_wconf 87' lang='lat' dir='ltr'>subsequentium.</span> <span class='ocrx_word' id='word_1_182' title='bbox 1264 2620 1457 2685; x_wconf 84' lang='lat' dir='ltr'>Hanc</span> <span class='ocrx_word' id='word_1_183' title='bbox 1522 2630 1739 2685; x_wconf 89' lang='lat' dir='ltr'>autem</span> <span class='ocrx_word' id='word_1_184' title='bbox 1807 2622 1876 2684; x_wconf 91' lang='lat' dir='ltr'>in</span> <span class='ocrx_word' id='word_1_185' title='bbox 1932 2618 2271 2686; x_wconf 85' lang='lat' dir='ltr'>Catholica</span> <span class='ocrx_word' id='word_1_186' title='bbox 2325 2629 2674 2685; x_wconf 86' lang='lat' dir='ltr'>tractatam</span> <span class='ocrx_word' id='word_1_187' title='bbox 2730 2619 2937 2684; x_wconf 85' lang='lat' dir='ltr'>fuisse</span> <span class='ocrx_word' id='word_1_188' title='bbox 2990 2623 3046 2685; x_wconf 89' lang='lat' dir='ltr'>si</span> 
     </span>
     <span class='ocr_line' id='line_1_23' title="bbox 478 2720 3046 2809; baseline 0 -23"><span class='ocrx_word' id='word_1_189' title='bbox 478 2742 795 2809; x_wconf 88' lang='lat' dir='ltr'>nusquam</span> <span class='ocrx_word' id='word_1_190' title='bbox 840 2721 1148 2787; x_wconf 88' lang='lat' dir='ltr'>traditum</span> <span class='ocrx_word' id='word_1_191' title='bbox 1201 2736 1406 2806; x_wconf 84' lang='lat' dir='ltr'>esset,</span> <span class='ocrx_word' id='word_1_192' title='bbox 1462 2722 1850 2789; x_wconf 88' lang='lat' dir='ltr'>sumendum</span> <span class='ocrx_word' id='word_1_193' title='bbox 1906 2722 2076 2789; x_wconf 90' lang='lat' dir='ltr'>foret</span> <span class='ocrx_word' id='word_1_194' title='bbox 2134 2745 2219 2787; x_wconf 87' lang='lat' dir='ltr'>ex</span> <span class='ocrx_word' id='word_1_195' title='bbox 2261 2721 2469 2808; x_wconf 88' lang='lat' dir='ltr'>ipsius</span> <span class='ocrx_word' id='word_1_196' title='bbox 2526 2722 2738 2808; x_wconf 86' lang='lat' dir='ltr'>operis</span> <span class='ocrx_word' id='word_1_197' title='bbox 2794 2720 3046 2805; x_wconf 85' lang='lat' dir='ltr'>indole3</span> 
     </span>
     <span class='ocr_line' id='line_1_24' title="bbox 475 2812 3047 2909; baseline 0.001 -22"><span class='ocrx_word' id='word_1_198' title='bbox 475 2846 627 2888; x_wconf 90' lang='lat' dir='ltr'>nam</span> <span class='ocrx_word' id='word_1_199' title='bbox 669 2823 1088 2890; x_wconf 88' lang='lat' dir='ltr'>Herodianus</span> <span class='ocrx_word' id='word_1_200' title='bbox 1141 2826 1211 2888; x_wconf 90' lang='lat' dir='ltr'>in</span> <span class='ocrx_word' id='word_1_201' title='bbox 1255 2826 1597 2891; x_wconf 90' lang='lat' dir='ltr'>Prooemio</span> <span class='ocrx_word' id='word_1_202' title='bbox 1653 2829 1768 2893; x_wconf 88' lang='grc' dir='ltr'>τὸν</span> <span class='ocrx_word' id='word_1_203' title='bbox 1825 2828 1971 2907; x_wconf 86' lang='grc' dir='ltr'>περὶ</span> <span class='ocrx_word' id='word_1_204' title='bbox 2026 2812 2377 2892; x_wconf 77' lang='grc' dir='ltr'>ευντάξὲω(</span> <span class='ocrx_word' id='word_1_205' title='bbox 2432 2826 2631 2901; x_wconf 85' lang='grc' dir='ltr'>λόγον</span> <span class='ocrx_word' id='word_1_206' title='bbox 2689 2825 2906 2909; x_wconf 86' lang='lat' dir='ltr'>magni</span> <span class='ocrx_word' id='word_1_207' title='bbox 2961 2823 3047 2889; x_wconf 89' lang='lat' dir='ltr'>ad</span> 
     </span>
     <span class='ocr_line' id='line_1_25' title="bbox 477 2925 3045 3015; baseline 0.001 -27"><span class='ocrx_word' id='word_1_208' title='bbox 477 2925 849 3011; x_wconf 90' lang='lat' dir='ltr'>prosodiam</span> <span class='ocrx_word' id='word_1_209' title='bbox 894 2929 1200 2992; x_wconf 88' lang='lat' dir='ltr'>momenti</span> <span class='ocrx_word' id='word_1_210' title='bbox 1245 2950 1389 2992; x_wconf 89' lang='lat' dir='ltr'>esse</span> <span class='ocrx_word' id='word_1_211' title='bbox 1433 2927 1590 2992; x_wconf 91' lang='lat' dir='ltr'>dicit</span> <span class='ocrx_word' id='word_1_212' title='bbox 1630 2951 1840 3015; x_wconf 89' lang='lat' dir='ltr'>neque</span> <span class='ocrx_word' id='word_1_213' title='bbox 1884 2927 2058 3014; x_wconf 89' lang='lat' dir='ltr'>quod</span> <span class='ocrx_word' id='word_1_214' title='bbox 2101 2927 2244 3013; x_wconf 89' lang='lat' dir='ltr'>ipsc</span> <span class='ocrx_word' id='word_1_215' title='bbox 2274 2926 2737 3011; x_wconf 88' lang='lat' dir='ltr'>gravissimum</span> <span class='ocrx_word' id='word_1_216' title='bbox 2776 2925 3045 3009; x_wconf 89' lang='lat' dir='ltr'>iudicat,</span> 
     </span>
     <span class='ocr_line' id='line_1_26' title="bbox 478 3027 3047 3115; baseline 0.001 -25"><span class='ocrx_word' id='word_1_217' title='bbox 478 3027 774 3091; x_wconf 83' lang='lat' dir='ltr'>omisisse</span> <span class='ocrx_word' id='word_1_218' title='bbox 805 3029 1135 3115; x_wconf 89' lang='lat' dir='ltr'>putandus</span> <span class='ocrx_word' id='word_1_219' title='bbox 1168 3042 1285 3096; x_wconf 89' lang='lat' dir='ltr'>est.</span> <span class='ocrx_word' id='word_1_220' title='bbox 1326 3030 1675 3095; x_wconf 86' lang='lat' dir='ltr'>Praeterea</span> <span class='ocrx_word' id='word_1_221' title='bbox 1705 3029 1967 3094; x_wconf 87' lang='lat' dir='ltr'>tabulae</span> <span class='ocrx_word' id='word_1_222' title='bbox 1991 3029 2125 3093; x_wconf 89' lang='lat' dir='ltr'>XX</span> <span class='ocrx_word' id='word_1_223' title='bbox 2151 3028 2465 3094; x_wconf 89' lang='lat' dir='ltr'>librorum</span> <span class='ocrx_word' id='word_1_224' title='bbox 2490 3027 2665 3114; x_wconf 88' lang='lat' dir='ltr'>apud</span> <span class='ocrx_word' id='word_1_225' title='bbox 2689 3028 3047 3092; x_wconf 88' lang='lat' dir='ltr'>Arcadium</span> 
     </span>
     <span class='ocr_line' id='line_1_27' title="bbox 479 3129 3046 3217; baseline 0.002 -24"><span class='ocrx_word' id='word_1_226' title='bbox 479 3129 773 3194; x_wconf 88' lang='lat' dir='ltr'>additum</span> <span class='ocrx_word' id='word_1_227' title='bbox 818 3139 948 3195; x_wconf 85' lang='lat' dir='ltr'>est:</span> <span class='ocrx_word' id='word_1_228' title='bbox 1009 3133 1112 3197; x_wconf 84' lang='grc' dir='ltr'>ἐπὶ</span> <span class='ocrx_word' id='word_1_229' title='bbox 1157 3135 1228 3199; x_wconf 81' lang='grc' dir='ltr'>δὲ</span> <span class='ocrx_word' id='word_1_230' title='bbox 1272 3138 1409 3198; x_wconf 70' lang='grc' dir='ltr'>τοῖς</span> <span class='ocrx_word' id='word_1_231' title='bbox 1451 3133 1642 3199; x_wconf 71' lang='grc' dir='ltr'>εἴκοςι</span> <span class='ocrx_word' id='word_1_232' title='bbox 1701 3130 1769 3199; x_wconf 81' lang='grc' dir='ltr'>ἐν</span> <span class='ocrx_word' id='word_1_233' title='bbox 1826 3132 2005 3217; x_wconf 83' lang='grc' dir='ltr'>ἄλλῳ</span> <span class='ocrx_word' id='word_1_234' title='bbox 2052 3132 2267 3216; x_wconf 82' lang='grc' dir='ltr'>βιβλίῳ</span> <span class='ocrx_word' id='word_1_235' title='bbox 2321 3132 2396 3196; x_wconf 88' lang='grc' dir='ltr'>τὸ</span> <span class='ocrx_word' id='word_1_236' title='bbox 2442 3130 2912 3207; x_wconf 82' lang='grc' dir='ltr'>ἀναγνωετικόν</span> <span class='ocrx_word' id='word_1_237' title='bbox 2958 3131 3046 3197; x_wconf 86' lang='grc' dir='ltr'>εἶ-</span> 
     </span>
     <span class='ocr_line' id='line_1_28' title="bbox 479 3233 3046 3317; baseline 0.001 -20"><span class='ocrx_word' id='word_1_238' title='bbox 479 3238 590 3297; x_wconf 71' lang='grc' dir='ltr'>δος</span> <span class='ocrx_word' id='word_1_239' title='bbox 631 3234 790 3298; x_wconf 85' lang='grc' dir='ltr'>κατὰ</span> <span class='ocrx_word' id='word_1_240' title='bbox 833 3235 948 3312; x_wconf 87' lang='grc' dir='ltr'>τὴν</span> <span class='ocrx_word' id='word_1_241' title='bbox 992 3235 1279 3302; x_wconf 82' lang='grc' dir='ltr'>(ύνταξιν</span> <span class='ocrx_word' id='word_1_242' title='bbox 1321 3241 1452 3301; x_wconf 87' lang='grc' dir='ltr'>τῶν</span> <span class='ocrx_word' id='word_1_243' title='bbox 1508 3237 1743 3302; x_wconf 85' lang='grc' dir='ltr'>λέξεων</span> <span class='ocrx_word' id='word_1_244' title='bbox 1796 3236 2260 3317; x_wconf 81' lang='grc' dir='ltr'>παραδέδοται,</span> <span class='ocrx_word' id='word_1_245' title='bbox 2315 3233 2688 3299; x_wconf 72' lang='grc' dir='ltr'>ἀκολούθως</span> <span class='ocrx_word' id='word_1_246' title='bbox 2733 3235 2888 3313; x_wconf 87' lang='grc' dir='ltr'>μετὰ</span> <span class='ocrx_word' id='word_1_247' title='bbox 2931 3237 3046 3314; x_wconf 87' lang='grc' dir='ltr'>τὴν</span> 
     </span>
     <span class='ocr_line' id='line_1_29' title="bbox 479 3336 3046 3422; baseline 0.001 -24"><span class='ocrx_word' id='word_1_248' title='bbox 479 3336 749 3412; x_wconf 79' lang='grc' dir='ltr'>δήλωειν</span> <span class='ocrx_word' id='word_1_249' title='bbox 802 3338 912 3413; x_wconf 77' lang='grc' dir='ltr'>τῆ(</span> <span class='ocrx_word' id='word_1_250' title='bbox 969 3337 1114 3400; x_wconf 80' lang='grc' dir='ltr'>καθ’</span> <span class='ocrx_word' id='word_1_251' title='bbox 1170 3337 1430 3417; x_wconf 79' lang='grc' dir='ltr'>ἑκάετην</span> <span class='ocrx_word' id='word_1_252' title='bbox 1487 3338 1849 3422; x_wconf 79' lang='grc' dir='ltr'>προεωδία(</span> <span class='ocrx_word' id='word_1_253' title='bbox 1890 3337 2229 3416; x_wconf 79' lang='grc' dir='ltr'>γινομένη(</span> <span class='ocrx_word' id='word_1_254' title='bbox 2285 3338 2680 3401; x_wconf 78' lang='grc' dir='ltr'>διδαεκαλία(</span> <span class='ocrx_word' id='word_1_255' title='bbox 2725 3337 2871 3415; x_wconf 87' lang='grc' dir='ltr'>περὶ</span> <span class='ocrx_word' id='word_1_256' title='bbox 2914 3342 3046 3401; x_wconf 80' lang='grc' dir='ltr'>δια-</span> 
     </span>
     <span class='ocr_line' id='line_1_30' title="bbox 481 3437 3047 3521; baseline 0.001 -22"><span class='ocrx_word' id='word_1_257' title='bbox 481 3439 702 3513; x_wconf 78' lang='grc' dir='ltr'>ετολῆε</span> <span class='ocrx_word' id='word_1_258' title='bbox 768 3437 869 3501; x_wconf 83' lang='grc' dir='ltr'>καὶ</span> <span class='ocrx_word' id='word_1_259' title='bbox 929 3442 1340 3520; x_wconf 77' lang='grc' dir='ltr'>ευναλοιφῶν</span> <span class='ocrx_word' id='word_1_260' title='bbox 1405 3441 1508 3504; x_wconf 86' lang='grc' dir='ltr'>καὶ</span> <span class='ocrx_word' id='word_1_261' title='bbox 1570 3447 1701 3505; x_wconf 88' lang='grc' dir='ltr'>τῶν</span> <span class='ocrx_word' id='word_1_262' title='bbox 1759 3440 1976 3505; x_wconf 85' lang='grc' dir='ltr'>ἄλλων</span> <span class='ocrx_word' id='word_1_263' title='bbox 2043 3444 2173 3504; x_wconf 89' lang='grc' dir='ltr'>τῶν</span> <span class='ocrx_word' id='word_1_264' title='bbox 2239 3437 2906 3517; x_wconf 85' lang='grc' dir='ltr'>παρακολουθούντων</span> <span class='ocrx_word' id='word_1_265' title='bbox 2971 3445 3047 3521; x_wconf 87' lang='grc' dir='ltr'>τῇ</span> 
     </span>
     <span class='ocr_line' id='line_1_31' title="bbox 478 3537 3045 3625; baseline 0 -24"><span class='ocrx_word' id='word_1_266' title='bbox 478 3537 860 3622; x_wconf 77' lang='grc' dir='ltr'>ἀναγνώεει,</span> <span class='ocrx_word' id='word_1_267' title='bbox 904 3538 988 3601; x_wconf 91' lang='lat' dir='ltr'>ad</span> <span class='ocrx_word' id='word_1_268' title='bbox 1034 3541 1217 3603; x_wconf 88' lang='lat' dir='ltr'>cuius</span> <span class='ocrx_word' id='word_1_269' title='bbox 1262 3539 1414 3605; x_wconf 91' lang='lat' dir='ltr'>libri</span> <span class='ocrx_word' id='word_1_270' title='bbox 1458 3550 1913 3624; x_wconf 86' lang='lat' dir='ltr'>argumentum</span> <span class='ocrx_word' id='word_1_271' title='bbox 1970 3539 2553 3605; x_wconf 83' lang='lat' dir='ltr'>demonstrandum</span> <span class='ocrx_word' id='word_1_272' title='bbox 2610 3537 2910 3625; x_wconf 86' lang='lat' dir='ltr'>exempla</span> <span class='ocrx_word' id='word_1_273' title='bbox 2952 3540 3045 3602; x_wconf 91' lang='lat' dir='ltr'>in-</span> 
     </span>
     <span class='ocr_line' id='line_1_32' title="bbox 479 3637 3048 3728; baseline 0.002 -27"><span class='ocrx_word' id='word_1_274' title='bbox 479 3637 843 3703; x_wconf 87' lang='lat' dir='ltr'>clinationis</span> <span class='ocrx_word' id='word_1_275' title='bbox 890 3648 956 3703; x_wconf 89' lang='lat' dir='ltr'>et</span> <span class='ocrx_word' id='word_1_276' title='bbox 998 3641 1423 3727; x_wconf 88' lang='lat' dir='ltr'>anastrophes</span> <span class='ocrx_word' id='word_1_277' title='bbox 1473 3642 1914 3728; x_wconf 86' lang='lat' dir='ltr'>proferuntur.</span> <span class='ocrx_word' id='word_1_278' title='bbox 1978 3642 2376 3707; x_wconf 89' lang='lat' dir='ltr'>Subiunctus</span> <span class='ocrx_word' id='word_1_279' title='bbox 2407 3641 2609 3726; x_wconf 88' lang='lat' dir='ltr'>igitur</span> <span class='ocrx_word' id='word_1_280' title='bbox 2638 3641 2767 3705; x_wconf 88' lang='lat' dir='ltr'>fuit</span> <span class='ocrx_word' id='word_1_281' title='bbox 2809 3642 3048 3724; x_wconf 86' lang='lat' dir='ltr'>viginti</span> 
     </span>
     <span class='ocr_line' id='line_1_33' title="bbox 477 3737 3108 3827; baseline 0.002 -26"><span class='ocrx_word' id='word_1_282' title='bbox 477 3737 695 3822; x_wconf 89' lang='lat' dir='ltr'>libris,</span> <span class='ocrx_word' id='word_1_283' title='bbox 755 3740 865 3825; x_wconf 90' lang='lat' dir='ltr'>qui</span> <span class='ocrx_word' id='word_1_284' title='bbox 921 3741 1321 3827; x_wconf 88' lang='lat' dir='ltr'>singulorum</span> <span class='ocrx_word' id='word_1_285' title='bbox 1375 3742 1845 3809; x_wconf 88' lang='lat' dir='ltr'>vocabulorum</span> <span class='ocrx_word' id='word_1_286' title='bbox 1901 3754 2239 3809; x_wconf 89' lang='lat' dir='ltr'>accentum</span> <span class='ocrx_word' id='word_1_287' title='bbox 2285 3744 2690 3825; x_wconf 87' lang='lat' dir='ltr'>tractabant,</span> <span class='ocrx_word' id='word_1_288' title='bbox 2748 3766 2918 3808; x_wconf 87' lang='lat' dir='ltr'>unus</span> <span class='ocrx_word' id='word_1_289' title='bbox 2965 3742 3046 3807; x_wconf 90' lang='lat' dir='ltr'>de</span> <span class='ocrx_word' id='word_1_290' title='bbox 3105 3796 3108 3805; x_wconf 78' lang='grc'><strong>,</strong></span> 
     </span>
     <span class='ocr_line' id='line_1_34' title="bbox 478 3842 3045 3932; baseline 0.002 -28"><span class='ocrx_word' id='word_1_291' title='bbox 478 3851 747 3906; x_wconf 90' lang='lat' dir='ltr'>accentu</span> <span class='ocrx_word' id='word_1_292' title='bbox 791 3842 856 3905; x_wconf 93' lang='lat' dir='ltr'>in</span> <span class='ocrx_word' id='word_1_293' title='bbox 901 3844 1167 3929; x_wconf 83' lang='lat' dir='ltr'>syntaxi</span> <span class='ocrx_word' id='word_1_294' title='bbox 1213 3844 1678 3911; x_wconf 87' lang='lat' dir='ltr'>vocabulorum</span> <span class='ocrx_word' id='word_1_295' title='bbox 1720 3846 2044 3932; x_wconf 88' lang='lat' dir='ltr'>ponendo.</span> <span class='ocrx_word' id='word_1_296' title='bbox 2134 3846 2264 3927; x_wconf 80' lang='lat' dir='ltr'>Qui</span> <span class='ocrx_word' id='word_1_297' title='bbox 2307 3845 2474 3911; x_wconf 90' lang='lat' dir='ltr'>libor</span> <span class='ocrx_word' id='word_1_298' title='bbox 2516 3844 2667 3910; x_wconf 89' lang='lat' dir='ltr'>licet</span> <span class='ocrx_word' id='word_1_299' title='bbox 2712 3845 2797 3910; x_wconf 88' lang='lat' dir='ltr'>ab</span> <span class='ocrx_word' id='word_1_300' title='bbox 2841 3842 3045 3909; x_wconf 89' lang='lat' dir='ltr'>Hero-</span> 
     </span>
     <span class='ocr_line' id='line_1_35' title="bbox 480 3941 3045 4030; baseline 0.002 -24"><span class='ocrx_word' id='word_1_301' title='bbox 480 3941 672 4008; x_wconf 90' lang='lat' dir='ltr'>diano</span> <span class='ocrx_word' id='word_1_302' title='bbox 732 3943 790 4007; x_wconf 89' lang='lat' dir='ltr'>ei</span> <span class='ocrx_word' id='word_1_303' title='bbox 855 3967 1160 4010; x_wconf 87' lang='lat' dir='ltr'>numerus</span> <span class='ocrx_word' id='word_1_304' title='bbox 1232 3946 1525 4011; x_wconf 83' lang='lat' dir='ltr'>vicesimi</span> <span class='ocrx_word' id='word_1_305' title='bbox 1594 3949 1786 4012; x_wconf 87' lang='lat' dir='ltr'>unius</span> <span class='ocrx_word' id='word_1_306' title='bbox 1856 3946 2008 4013; x_wconf 89' lang='lat' dir='ltr'>libri</span> <span class='ocrx_word' id='word_1_307' title='bbox 2063 3948 2434 4014; x_wconf 87' lang='lat' dir='ltr'>Catholicae</span> <span class='ocrx_word' id='word_1_308' title='bbox 2489 3971 2618 4013; x_wconf 90' lang='lat' dir='ltr'>non</span> <span class='ocrx_word' id='word_1_309' title='bbox 2674 3948 3045 4030; x_wconf 87' lang='lat' dir='ltr'>assignatus</span> 
     </span>
     <span class='ocr_line' id='line_1_36' title="bbox 422 4045 3046 4129; baseline 0.002 -23"><span class='ocrx_word' id='word_1_310' title='bbox 422 4064 437 4072; x_wconf 79' lang='lat'><strong>·</strong></span> <span class='ocrx_word' id='word_1_311' title='bbox 479 4045 592 4124; x_wconf 86' lang='lat' dir='ltr'>sit,</span> <span class='ocrx_word' id='word_1_312' title='bbox 638 4053 857 4110; x_wconf 89' lang='lat' dir='ltr'>tamen</span> <span class='ocrx_word' id='word_1_313' title='bbox 900 4068 1048 4110; x_wconf 89' lang='lat' dir='ltr'>cum</span> <span class='ocrx_word' id='word_1_314' title='bbox 1094 4047 1433 4114; x_wconf 84' lang='lat' dir='ltr'>Catholica</span> <span class='ocrx_word' id='word_1_315' title='bbox 1476 4059 1610 4114; x_wconf 91' lang='lat' dir='ltr'>tam</span> <span class='ocrx_word' id='word_1_316' title='bbox 1656 4060 1834 4115; x_wconf 92' lang='lat' dir='ltr'>arcto</span> <span class='ocrx_word' id='word_1_317' title='bbox 1880 4048 2140 4114; x_wconf 84' lang='lat' dir='ltr'>vinculo</span> <span class='ocrx_word' id='word_1_318' title='bbox 2172 4051 2549 4115; x_wconf 87' lang='lat' dir='ltr'>coniunctus</span> <span class='ocrx_word' id='word_1_319' title='bbox 2595 4049 2752 4129; x_wconf 84' lang='lat' dir='ltr'>suit,</span> <span class='ocrx_word' id='word_1_320' title='bbox 2798 4057 2873 4112; x_wconf 90' lang='lat' dir='ltr'>ut</span> <span class='ocrx_word' id='word_1_321' title='bbox 2900 4071 3046 4112; x_wconf 89' lang='lat' dir='ltr'>cum</span> 
     </span>
     <span class='ocr_line' id='line_1_37' title="bbox 478 4147 3045 4238; baseline 0.003 -30"><span class='ocrx_word' id='word_1_322' title='bbox 478 4167 556 4209; x_wconf 90' lang='lat' dir='ltr'>ea</span> <span class='ocrx_word' id='word_1_323' title='bbox 595 4168 727 4210; x_wconf 88' lang='lat' dir='ltr'>una</span> <span class='ocrx_word' id='word_1_324' title='bbox 769 4147 984 4212; x_wconf 89' lang='lat' dir='ltr'>editus</span> <span class='ocrx_word' id='word_1_325' title='bbox 1030 4161 1095 4213; x_wconf 89' lang='lat' dir='ltr'>ct</span> <span class='ocrx_word' id='word_1_326' title='bbox 1137 4150 1500 4216; x_wconf 89' lang='lat' dir='ltr'>membrum</span> <span class='ocrx_word' id='word_1_327' title='bbox 1555 4153 1691 4216; x_wconf 87' lang='lat' dir='ltr'>eius</span> <span class='ocrx_word' id='word_1_328' title='bbox 1749 4150 2239 4218; x_wconf 88' lang='lat' dir='ltr'>indissociabile</span> <span class='ocrx_word' id='word_1_329' title='bbox 2293 4151 2498 4216; x_wconf 87' lang='lat' dir='ltr'>fuisse</span> <span class='ocrx_word' id='word_1_330' title='bbox 2553 4149 2881 4238; x_wconf 87' lang='lat' dir='ltr'>putandus</span> <span class='ocrx_word' id='word_1_331' title='bbox 2940 4150 3045 4215; x_wconf 89' lang='lat' dir='ltr'>sit.</span> 
     </span>
     <span class='ocr_line' id='line_1_38' title="bbox 477 4248 3047 4340; baseline 0.001 -28"><span class='ocrx_word' id='word_1_332' title='bbox 477 4284 558 4294; x_wconf 90' lang='lat'>-—</span> <span class='ocrx_word' id='word_1_333' title='bbox 591 4248 661 4312; x_wconf 86' lang='lat' dir='ltr'>Si</span> <span class='ocrx_word' id='word_1_334' title='bbox 705 4248 850 4333; x_wconf 92' lang='lat' dir='ltr'>quis</span> <span class='ocrx_word' id='word_1_335' title='bbox 895 4249 1060 4314; x_wconf 92' lang='lat' dir='ltr'>nihil</span> <span class='ocrx_word' id='word_1_336' title='bbox 1102 4273 1187 4315; x_wconf 88' lang='lat' dir='ltr'>ex</span> <span class='ocrx_word' id='word_1_337' title='bbox 1230 4251 1494 4317; x_wconf 88' lang='lat' dir='ltr'>Ioannis</span> <span class='ocrx_word' id='word_1_338' title='bbox 1528 4251 1963 4318; x_wconf 81' lang='lat' dir='ltr'>Alexandrini</span> <span class='ocrx_word' id='word_1_339' title='bbox 2008 4254 2228 4319; x_wconf 87' lang='lat' dir='ltr'>verbis</span> <span class='ocrx_word' id='word_1_340' title='bbox 2275 4253 2467 4318; x_wconf 91' lang='lat' dir='ltr'>modo</span> <span class='ocrx_word' id='word_1_341' title='bbox 2500 4251 2771 4340; x_wconf 87' lang='lat' dir='ltr'>prolatis</span> <span class='ocrx_word' id='word_1_342' title='bbox 2815 4251 3047 4316; x_wconf 87' lang='lat' dir='ltr'>coniici</span> 
     </span>
     <span class='ocr_line' id='line_1_39' title="bbox 480 4350 3044 4442; baseline 0.002 -30"><span class='ocrx_word' id='word_1_343' title='bbox 480 4370 669 4434; x_wconf 86' lang='lat' dir='ltr'>posse</span> <span class='ocrx_word' id='word_1_344' title='bbox 713 4350 1052 4436; x_wconf 89' lang='lat' dir='ltr'>opinatur,</span> <span class='ocrx_word' id='word_1_345' title='bbox 1101 4375 1299 4439; x_wconf 88' lang='lat' dir='ltr'>quum</span> <span class='ocrx_word' id='word_1_346' title='bbox 1342 4353 1513 4418; x_wconf 91' lang='lat' dir='ltr'>idem</span> <span class='ocrx_word' id='word_1_347' title='bbox 1560 4356 1753 4419; x_wconf 89' lang='lat' dir='ltr'>etiam</span> <span class='ocrx_word' id='word_1_348' title='bbox 1798 4354 2332 4442; x_wconf 88' lang='lat' dir='ltr'>orthographiam</span> <span class='ocrx_word' id='word_1_349' title='bbox 2377 4353 2648 4419; x_wconf 90' lang='lat' dir='ltr'>multum</span> <span class='ocrx_word' id='word_1_350' title='bbox 2696 4353 2780 4418; x_wconf 89' lang='lat' dir='ltr'>ad</span> <span class='ocrx_word' id='word_1_351' title='bbox 2825 4374 3044 4440; x_wconf 90' lang='lat' dir='ltr'>proso-</span> 
     </span>
     <span class='ocr_line' id='line_1_40' title="bbox 481 4448 3091 4542; baseline 0.004 -29"><span class='ocrx_word' id='word_1_352' title='bbox 481 4448 653 4514; x_wconf 88' lang='lat' dir='ltr'>diam</span> <span class='ocrx_word' id='word_1_353' title='bbox 708 4451 925 4516; x_wconf 84' lang='lat' dir='ltr'>valere</span> <span class='ocrx_word' id='word_1_354' title='bbox 991 4452 1199 4537; x_wconf 88' lang='lat' dir='ltr'>dicat,</span> <span class='ocrx_word' id='word_1_355' title='bbox 1264 4478 1458 4542; x_wconf 88' lang='lat' dir='ltr'>quam</span> <span class='ocrx_word' id='word_1_356' title='bbox 1524 4465 1741 4520; x_wconf 88' lang='lat' dir='ltr'>tamen</span> <span class='ocrx_word' id='word_1_357' title='bbox 1798 4478 1988 4522; x_wconf 90' lang='lat' dir='ltr'>nemo</span> <span class='ocrx_word' id='word_1_358' title='bbox 2058 4457 2145 4521; x_wconf 88' lang='lat' dir='ltr'>ad</span> <span class='ocrx_word' id='word_1_359' title='bbox 2201 4457 2583 4523; x_wconf 86' lang='lat' dir='ltr'>Prosodiam</span> <span class='ocrx_word' id='word_1_360' title='bbox 2644 4453 3046 4521; x_wconf 79' lang='lat' dir='ltr'>catholicam</span> <span class='ocrx_word' id='word_1_361' title='bbox 3078 4512 3091 4523; x_wconf 91' lang='lat'><strong>.</strong></span> 
     </span>
     <span class='ocr_line' id='line_1_41' title="bbox 481 4551 3048 4646; baseline 0.002 -31"><span class='ocrx_word' id='word_1_362' title='bbox 481 4551 720 4617; x_wconf 88' lang='lat' dir='ltr'>referre</span> <span class='ocrx_word' id='word_1_363' title='bbox 764 4555 1039 4637; x_wconf 87' lang='lat' dir='ltr'>auserit,</span> <span class='ocrx_word' id='word_1_364' title='bbox 1087 4556 1144 4620; x_wconf 91' lang='lat' dir='ltr'>ei</span> <span class='ocrx_word' id='word_1_365' title='bbox 1190 4557 1625 4643; x_wconf 88' lang='lat' dir='ltr'>reputandum</span> <span class='ocrx_word' id='word_1_366' title='bbox 1668 4569 1769 4624; x_wconf 86' lang='lat' dir='ltr'>est</span> <span class='ocrx_word' id='word_1_367' title='bbox 1813 4558 2345 4646; x_wconf 85' lang='lat' dir='ltr'>orthographiam</span> <span class='ocrx_word' id='word_1_368' title='bbox 2376 4582 2522 4624; x_wconf 89' lang='lat' dir='ltr'>cum</span> <span class='ocrx_word' id='word_1_369' title='bbox 2553 4557 2824 4642; x_wconf 88' lang='lat' dir='ltr'>singulis</span> <span class='ocrx_word' id='word_1_370' title='bbox 2856 4580 3048 4621; x_wconf 79' lang='lat' dir='ltr'>voca·</span> 
     </span>
     <span class='ocr_line' id='line_1_42' title="bbox 478 4652 3045 4748; baseline 0.002 -30"><span class='ocrx_word' id='word_1_371' title='bbox 478 4652 647 4718; x_wconf 88' lang='lat' dir='ltr'>bulis</span> <span class='ocrx_word' id='word_1_372' title='bbox 692 4656 1070 4738; x_wconf 88' lang='lat' dir='ltr'>cohaerere,</span> <span class='ocrx_word' id='word_1_373' title='bbox 1118 4681 1317 4745; x_wconf 88' lang='lat' dir='ltr'>quare</span> <span class='ocrx_word' id='word_1_374' title='bbox 1363 4658 1832 4748; x_wconf 89' lang='lat' dir='ltr'>orthographia</span> <span class='ocrx_word' id='word_1_375' title='bbox 1875 4662 1945 4724; x_wconf 90' lang='lat' dir='ltr'>in</span> <span class='ocrx_word' id='word_1_376' title='bbox 1989 4672 2260 4727; x_wconf 90' lang='lat' dir='ltr'>accentu</span> <span class='ocrx_word' id='word_1_377' title='bbox 2305 4658 2710 4745; x_wconf 88' lang='lat' dir='ltr'>singulorum</span> <span class='ocrx_word' id='word_1_378' title='bbox 2764 4660 3045 4725; x_wconf 85' lang='lat' dir='ltr'>vocabu-</span> 
     </span>
     <span class='ocr_line' id='line_1_43' title="bbox 480 4751 3044 4847; baseline 0.003 -30"><span class='ocrx_word' id='word_1_379' title='bbox 480 4751 682 4819; x_wconf 89' lang='lat' dir='ltr'>lorum</span> <span class='ocrx_word' id='word_1_380' title='bbox 729 4755 939 4822; x_wconf 88' lang='lat' dir='ltr'>locum</span> <span class='ocrx_word' id='word_1_381' title='bbox 984 4782 1174 4822; x_wconf 88' lang='lat' dir='ltr'>suum</span> <span class='ocrx_word' id='word_1_382' title='bbox 1237 4761 1527 4844; x_wconf 89' lang='lat' dir='ltr'>obtinet,</span> <span class='ocrx_word' id='word_1_383' title='bbox 1584 4762 1856 4827; x_wconf 88' lang='lat' dir='ltr'>enclisin</span> <span class='ocrx_word' id='word_1_384' title='bbox 1911 4785 2062 4828; x_wconf 83' lang='lat' dir='ltr'>vero</span> <span class='ocrx_word' id='word_1_385' title='bbox 2118 4773 2184 4827; x_wconf 89' lang='lat' dir='ltr'>et</span> <span class='ocrx_word' id='word_1_386' title='bbox 2237 4762 2826 4847; x_wconf 87' lang='lat' dir='ltr'>interpunctionem</span> <span class='ocrx_word' id='word_1_387' title='bbox 2883 4761 3044 4825; x_wconf 90' lang='lat' dir='ltr'>nihil</span> 
     </span>
     <span class='ocr_line' id='line_1_44' title="bbox 481 4858 3044 4951; baseline 0.003 -33"><span class='ocrx_word' id='word_1_388' title='bbox 481 4877 625 4919; x_wconf 89' lang='lat' dir='ltr'>cum</span> <span class='ocrx_word' id='word_1_389' title='bbox 668 4858 942 4943; x_wconf 84' lang='lat' dir='ltr'>singulis</span> <span class='ocrx_word' id='word_1_390' title='bbox 976 4861 1193 4926; x_wconf 87' lang='lat' dir='ltr'>verbis</span> <span class='ocrx_word' id='word_1_391' title='bbox 1240 4864 1571 4929; x_wconf 88' lang='lat' dir='ltr'>societatis</span> <span class='ocrx_word' id='word_1_392' title='bbox 1603 4863 1877 4944; x_wconf 84' lang='lat' dir='ltr'>habere,</span> <span class='ocrx_word' id='word_1_393' title='bbox 1924 4865 2039 4931; x_wconf 86' lang='lat' dir='ltr'>sed</span> <span class='ocrx_word' id='word_1_394' title='bbox 2085 4865 2171 4931; x_wconf 90' lang='lat' dir='ltr'>ad</span> <span class='ocrx_word' id='word_1_395' title='bbox 2217 4863 2528 4951; x_wconf 84' lang='lat' dir='ltr'>syntaxin</span> <span class='ocrx_word' id='word_1_396' title='bbox 2579 4862 3044 4928; x_wconf 90' lang='lat' dir='ltr'>vocabulorum</span> 
     </span>
    </p>
   </div>
  </div>
 </body>
</html>
