3664 5546
502 311 622 374 ,ΧΠ
1603 312 1947 360 PRAEFATI
1958 315 2021 359 Ο.

516 486 580 549 Ρ.
635 464 785 544 128,
841 464 882 526 2
939 475 1003 529 et
1051 464 1204 545 129,
1250 466 1312 528 5.
1401 466 1681 532 Ioannes
1739 475 1961 532 autem
2015 468 2537 553 Alexandrinae,
2595 471 2707 556 qui
2764 471 2924 535 nihil
2978 475 3104 537 nisi

517 565 884 631 Herodiani
930 565 1294 632 doctrinam
1327 568 1529 633 tradit
1571 580 1765 655 atque
1811 571 1905 634 sic
1951 593 2034 635 ex
2062 570 2423 636 Herodiani
2467 594 2750 658 persona
2792 572 3102 660 loquitur,

517 675 590 732 ut
644 667 773 731 alia
817 668 1180 733 Herodiani
1234 670 1476 757 scripta
1530 681 1842 758 tanquam
1899 695 2018 736 sua
2073 671 2295 737 laudet
2351 696 2406 737 e.
2463 697 2524 757 g.
2590 674 2699 756 18,
2745 675 2830 738 29
2887 679 2977 742 ὼε
3034 678 3103 743 ἐν

517 776 609 854 τῷ
655 772 801 850 περὶ
853 776 1144 851 μετοχῶν
1191 773 1312 857 (sc.
1359 772 1753 858 Herodiani)
1802 777 2142 859 δέδεικται,
2200 775 2575 862 ubicunque
2621 776 2867 840 fontem
2915 800 3103 841 suum

517 871 758 936 diserte
804 871 1024 954 affert,
1081 873 1449 938 Herodiani
1477 897 1726 953 §nomen
1771 877 1957 961 ponit
2004 875 2241 961 (Lehrs
2288 876 2373 940 ad
2407 877 2653 943 Herod.
2685 900 2747 963 p.
2781 878 2915 962 45).
2972 877 3102 943 Sed

519 973 887 1059 Stephanus
932 974 1331 1059 Byzantius,
1390 977 1501 1061 qui
1559 978 1899 1062 permultis
1959 978 2118 1043 locis
2164 977 2620 1044 Herodianum
2665 979 2877 1064 ipsum
2923 981 3100 1059 citat,

515 1074 718 1140 multo
775 1075 1075 1162 pluribus
1130 1085 1459 1141 auctorem
1528 1088 1733 1160 tacet,
1802 1078 2132 1144 nonnullis
2193 1079 2351 1147 locis
2419 1081 2784 1145 technicum
2850 1080 3101 1162 laudat,

516 1179 630 1264 qui
673 1178 918 1264 ubique
962 1186 1062 1242 est
1091 1177 1534 1244 Herodianus.
1602 1180 1772 1244 Nam
1816 1204 1945 1246 uno
1978 1180 2091 1247 illo
2137 1182 2309 1263 loco,
2356 1182 2471 1248 ubi
2519 1181 2797 1247 technici
2842 1183 3102 1248 nomine

516 1278 682 1344 alius
732 1290 926 1366 atque
970 1279 1386 1345 Herodianus
1430 1281 1710 1346 indicari
1755 1283 2021 1349 videtur
2063 1308 2114 1348 s.
2153 1286 2432 1365 Ἐρυείχη
2478 1307 2541 1370 p.
2573 1285 2734 1366 281,
2785 1285 2865 1348 14
2901 1284 3101 1349 Mein.

517 1383 553 1447 ὁ
598 1385 885 1462 τεχνικὸς
928 1384 1051 1461 γὰρ
1096 1385 1199 1447 καὶ
1243 1384 1279 1448 ὁ
1325 1385 1717 1464 Ἡρωδιανὸς
1760 1408 1954 1467 φαειν
2001 1388 2098 1453 ὅτι
2154 1389 2553 1466 εεεημείωται
2599 1390 2675 1453 τὸ
2721 1388 3103 1466 Ἐρυείχαιοε

515 1485 1173 1564 προπαροξυνόμενον
1219 1487 1289 1551 ἐν
1335 1490 1472 1552 τοῖς
1516 1488 1822 1575 ἐθνικοῑς,
1875 1489 1990 1552 ubi
2035 1487 2405 1551 Meinekius
2452 1498 2518 1551 et
2562 1488 3099 1552 Westermannus

516 1584 937 1671 Apollonium
982 1608 1099 1671 pro
1146 1585 1441 1652 technico
1501 1587 1776 1671 habent,
1835 1589 2106 1674 Bergkii
2162 1588 2247 1652 ad
2294 1587 2629 1653 Alcmanis
2688 1589 2769 1652 fr.
2817 1588 2901 1651 20
2955 1610 3101 1653 con-

516 1689 832 1751 iecturam
876 1688 1082 1752 verba
1135 1691 1238 1754 καὶ
1280 1689 1675 1769 Ἡρωδιανὸς
1721 1691 1999 1755 delenda
2044 1698 2109 1754 et
2166 1712 2284 1775 pro
2332 1692 2524 1770 φαείν
2581 1693 2768 1772 φηείν
2817 1690 3100 1756 scriben-

516 1791 672 1855 dum
728 1790 1052 1854 censentis
1111 1813 1227 1876 pro
1288 1791 1652 1856 certissima
1705 1791 1915 1857 habeo
1982 1802 2250 1876 propter
2315 1801 2723 1856 constantem
2790 1791 3105 1878 Stephani

516 1893 680 1977 Byz.
726 1914 935 1955 usum.
996 1891 1228 1957 Restat
1271 1916 1472 1957 unum
1518 1893 1796 1979 denique
1843 1891 2222 1980 opusculum
2267 1894 2337 1959 ἐκ
2378 1903 2511 1961 τῶν
2553 1900 2671 1960 τοῦ
2702 1896 3102 1973 Ἡρωδιανοῦ

514 1995 897 2078 inscriptum
955 1993 1173 2058 Cram.
1222 1995 1468 2061 Anecd.
1517 1993 1642 2059 Ox.
1692 1994 1790 2058 IV
1835 2019 1899 2081 p.
1946 1993 2341 2077 263—278,
2403 1997 2470 2058 in
2526 2019 2653 2082 quo
2711 2018 3102 2082 quamquam

515 2094 720 2160 multa
763 2094 981 2159 sutilia
1023 2119 1231 2181 neque
1263 2096 1641 2160 Herodiano
1690 2096 1890 2180 digna
1919 2097 2297 2178 traduntur,
2345 2107 2561 2161 tamen
2605 2099 2865 2183 saepius
2895 2096 3100 2161 Hero·

516 2198 750 2263 dianus
797 2190 928 2283 pro
960 2208 1127 2263 teste
1171 2199 1414 2262 citatur
1458 2207 1523 2260 et
1566 2196 1845 2260 technici
1895 2199 2155 2262 nominc
2210 2198 2315 2263 hic
2359 2200 2501 2285 ipse
2546 2200 2987 2283 significatur,
3032 2206 3105 2262 ut

516 2299 964 2365 demonstravi
1018 2301 1088 2362 in
1144 2298 1413 2363 Schedis
1461 2297 1902 2362 Herodianeis
1946 2321 2008 2384 p.
2064 2301 2160 2363 10.
2247 2300 2327 2364 In
2371 2301 2452 2364 iis
2500 2311 2715 2365 autem
2774 2299 3101 2385 scriptori·

514 2403 670 2484 buS‚
727 2402 840 2487 qui
897 2424 979 2464 ex
1033 2398 1252 2463 multis
1309 2398 1752 2482 grammaticis
1811 2423 1931 2464 sua
1986 2411 2400 2466 corrascrunt
2459 2401 2641 2466 velut
2683 2402 3099 2473 EustathiuS,

515 2515 580 2569 et
624 2505 690 2568 in
736 2501 1244 2586 EtymologiciS‚
1306 2522 1471 2586 quae
1528 2523 1610 2564 ex
1665 2502 1869 2566 variis
1926 2503 2220 2569 fontibus
2269 2503 2569 2568 derivata
2613 2512 2791 2585 sunt,
2848 2525 3103 2588 semper

513 2608 581 2669 in
628 2602 906 2688 singulis
954 2601 1146 2684 lociS‚
1192 2602 1305 2667 ubi
1350 2601 1683 2668 technicus
1730 2606 2136 2688 nominatur,
2196 2604 2687 2693 disquirendum
2741 2616 2869 2687 cst,
2927 2606 3100 2669 unde

515 2705 754 2791 sumpti
802 2704 964 2785 sint,
1012 2715 1077 2768 et
1122 2704 1178 2766 si
1224 2703 1291 2767 id
1339 2704 1465 2769 dici
1510 2726 1640 2770 non
1683 2717 1925 2794 potest,
1987 2730 2071 2771 ex
2114 2708 2309 2775 rebus
2372 2718 2436 2772 ct
2486 2708 2707 2772 verbis
2755 2709 3099 2773 aestiman-

516 2810 667 2873 dum
721 2817 852 2886 est,
910 2816 1129 2871 utrum
1175 2807 1540 2872 Herodiani
1596 2810 1728 2874 sint
1784 2833 1868 2873 an
1926 2834 2076 2875 non.
2166 2812 2274 2875 Sic
2328 2812 2396 2873 in
2442 2812 2521 2875 E.
2567 2811 2656 2875 M.
2705 2832 3097 2895 quamquam

513 2909 808 2995 plurimis
855 2906 1013 2973 locis
1061 2907 1396 2973 technicus
1443 2919 1543 2974 est
1586 2911 2003 2976 Herodianus
2018 2960 2036 2992 ,
2085 2920 2300 2975 tamen
2344 2934 2400 2974 e.
2443 2933 2505 2994 g.
2540 2933 2602 2994 p.
2633 2912 2795 2990 460,
2847 2913 2877 2972 1
2926 2910 3096 2973 tech-

514 3012 699 3074 nicus
752 3019 851 3073 est
894 3008 1336 3092 TheodosiuS,
1395 3034 1548 3075 nam
1607 3010 1786 3076 locus
1845 3012 2214 3096 exscriptus
2271 3020 2371 3074 est
2428 3034 2510 3073 ex
2567 3011 2797 3074 Choer.
2848 3010 3095 3074 Dictat.

511 3113 670 3192 410,
724 3112 821 3173 19.

211 3247 268 3286 0
284 3247 344 3286 Η.
349 3244 511 3286 oman
683 3217 722 3294 ξ
769 3212 829 3276 6.
917 3210 1282 3277 Herodiani
1337 3215 1585 3300 scripta
1639 3215 1768 3278 iam
1826 3213 2113 3298 antiquis
2165 3213 2570 3298 temporibus
2617 3214 3099 3278 commentariis

210 3329 230 3352 ⁰
234 3326 372 3352 ¹¹¹¹¹¹¹¹¹
375 3312 844 3379 '‘¹³¹⁰illustrata
889 3323 1069 3396 sunt,
1128 3315 1331 3382 Orum
1379 3316 1615 3379 scimus
1662 3317 1731 3379 in
1776 3315 2143 3380 Herodiani
2202 3314 2736 3400 orthographiam
2782 3313 3100 3399 singulari

211 3383 305 3422 'mu
250 3455 370 3499 ..μοι
311 3387 491 3554 ἾὲιιῘΞ..
427 3394 497 3420 x
484 3416 686 3481 libro
744 3425 1248 3480 commentatum
1306 3439 1449 3481 esse
1505 3428 1569 3482 ct
1625 3420 1830 3484 λύεει(
1887 3419 2261 3498 προτάεεων
2316 3423 2445 3483 τῶν
2490 3419 2890 3496 Ἡρωδιανοῦ
2943 3418 3098 3480 scri-

445 3518 757 3604 psisse,
817 3517 886 3579 in
943 3518 1180 3603 quibus
1239 3518 1425 3583 libris
1471 3517 1831 3584 Herodiani
1889 3518 2131 3582 scrinia
2186 3517 2481 3604 expilans
2539 3540 2685 3582 eum
2738 3541 2932 3604 saepe
2978 3518 3097 3581 im-

517 3618 838 3705 pugnavit
895 3618 1000 3703 (E.
1049 3619 1140 3682 M.
1189 3621 1341 3698 741,
1388 3619 1524 3706 47).
1611 3621 1697 3683 ef.
1744 3619 2019 3686 Ritschl.
2078 3620 2159 3685 de
2214 3620 2327 3684 Or.
2387 3628 2451 3684 et
2497 3619 2724 3684 Orion.
2784 3643 2846 3705 p.
2892 3621 2977 3684 3)
3035 3630 3099 3684 ct

513 3721 616 3784 38.
713 3721 1082 3806 Lupercum
1143 3721 1488 3807 Berytium
1545 3723 1945 3807 temporibus
2002 3720 2263 3785 Claudii
2324 3720 2608 3785 Secundi
2673 3720 3097 3812 Imperatoris

514 3822 717 3886 tradit
774 3821 957 3886 Suid.
1015 3846 1067 3886 s.
1116 3847 1180 3886 v.
1227 3832 1485 3906 praeter
1539 3821 1670 3887 alia
1726 3823 2068 3908 scripsisse
2123 3826 2269 3902 περὶ
2323 3830 2531 3898 γενῶν
2590 3822 2942 3901 ἀρρενικῶν
2999 3824 3100 3886 καὶ

516 3929 809 4004 θηλυκῶν
854 3927 956 3991 καὶ
999 3925 1361 4003 οὐδετέρων
1407 3926 1508 4007 ιγ’,
1554 3927 1623 3991 ἐν
1671 3925 1768 3990 οἷς
1814 3927 2029 3991 πολλὰ
2072 3928 2508 4003 κατευδοκιμεῑ
2536 3925 2968 4005 Ἡρωδιανοῦ,
3015 3945 3099 3986 ex

515 4049 641 4112 quo
689 4024 854 4090 libro
901 4025 1192 4089 servavit
1236 4025 1401 4090 duos
1457 4025 1631 4091 locos
1679 4026 1910 4091 Choer.
1957 4027 2132 4091 Diet.
2178 4027 2334 4107 339,
2388 4027 2465 4088 14
2509 4035 2574 4088 ct
2617 4025 2773 4104 350,
2827 4024 2923 4104 17,
2970 4047 3097 4108 quo

515 4127 874 4213 posteriore
930 4124 1073 4190 loco
1131 4126 1372 4191 diserte
1427 4128 1510 4192 ab
1558 4128 1934 4193 Herodiano
1982 4128 2363 4212 discessisse
2419 4125 2676 4190 dicitur.
2766 4125 2969 4190 Porro
3016 4148 3100 4188 cx

515 4226 875 4290 Herodiani
937 4224 1104 4291 libro
1172 4231 1317 4308 περὶ
1375 4232 1757 4310 πνευμάτων
1822 4228 2198 4316 Philippum
2263 4228 2588 4313 quendam
2655 4227 3099 4311 composuisse

515 4326 753 4391 librum
809 4331 955 4408 περὶ
1008 4331 1390 4410 πνευμάτων
1449 4332 1517 4395 ἐκ
1573 4339 1703 4397 τῶν
1757 4333 2157 4411 Ἡρωδιανοῦ
2213 4332 2372 4395 κατὰ
2429 4332 2744 4408 ετοιχεῖον
2802 4349 2841 4391 a
2894 4326 3099 4392 Suida

517 4427 845 4492 docemur.
935 4428 1058 4493 His
1114 4430 1379 4515 adiungi
1436 4443 1656 4517 potest
1701 4431 2223 4512 ChoeroboscuS‚
2282 4431 2391 4516 qui
2450 4453 2519 4493 sc
2565 4430 3098 4494 commentarium

516 4529 584 4590 in
630 4529 988 4594 Herodiani
1031 4528 1269 4595 librum
1313 4535 1459 4613 περὶ
1503 4534 1843 4613 ὀνομάτων
1893 4532 2237 4618 scripsisse
2282 4530 2581 4618 plurimis
2631 4529 2788 4595 locis
2837 4532 3096 4594 asserit.

685 4629 833 4694 Non
888 4630 1164 4696 multum
1219 4655 1260 4696 a
1317 4655 1472 4698 vcro
1531 4635 1840 4698 aberrare
1896 4658 2013 4700 nos
2073 4635 2337 4719 opinor,
2409 4632 2463 4696 si
2520 4655 2604 4696 ex
2661 4630 3098 4696 Choerobosei

517 4730 769 4796 ratione
814 4733 1234 4800 aestimantes
1282 4737 1593 4801 sumimus
1624 4735 1857 4800 horum
1901 4741 2475 4799 commentatorum
2520 4755 2783 4818 operam
2816 4733 3098 4797 maxime
