3664 5546
1137 375 1296 431 ΠΕΡΙ
1338 374 1730 448 «Aeolum-lc
1767 374 2190 430 ΠΡΟΕΩιΔΙΑ(
2231 375 2308 428 ΙΑ.
2894 372 3018 441 277

431 552 656 638 μεταξὺ
702 551 917 630 κοίλης
962 547 1184 627 (υρίας
1228 546 1331 611 καὶ
1374 545 1692 628 Ἀραβίας,
1739 543 2165 624 (εμιράμιδος.
2241 544 2386 623 ἕκτη
2436 541 2720 608 Κιλικίας
2756 543 2861 607 ἐπὶ
2903 547 3020 607 τοῦ

430 651 760 732 Πυράμου.
821 650 1056 732 ἑβδόμη
1099 648 1391 732 Πιερίας,
1437 649 1516 725 ἣν
1544 647 1827 725 Ἄραδον
1874 645 1938 710 οἱ
1978 645 2166 725 (ύροι
2210 649 2526 713 καλοῦςιν.
2584 645 2786 724 ὀγδόη
2831 645 2870 723 ἡ
2917 644 3023 709 ἐπὶ

429 756 542 832 τῆς
574 753 960 831 Καλλιρρόης
1005 750 1240 830 λίμνης.
1285 749 1477 828 ἐνάτη
1523 748 1629 813 ἐπὶ
1670 755 1763 831 τῷ
1807 747 2040 832 Ταύρῳ
2086 747 2156 814 ἐν
2206 748 2616 831 Κομμαγηνῇ,
2676 746 2903 824 δεκάτη
2949 747 3019 811 ἐν

432 854 673 938 (κυθίᾳ.
741 852 1044 931 ἑνδεκάτη
1094 852 1351 933 Καρίας,
1396 850 1531 929 ἥτις
1576 850 1679 915 καὶ
1720 850 2096 915 Πυθόπολις
2139 848 2447 913 ἐκαλεῖτο.
2518 848 2851 931 «Ἀντιόχῳ
2895 847 3017 925 γὰρ

429 962 520 1040 τῷ
577 955 889 1021 (ελεύκου
918 956 1113 1032 ’τρεῖς
1166 956 1461 1031 γυναῖκες
1522 951 1866 1029 ἐπέςτηςαν
1924 950 2116 1032 ὄναρ,
2183 950 2374 1014 κτίςαι
2403 948 2621 1014 Ἴπόλιν
2688 950 2772 1013 ἐν·
2820 948 3013 1033 Καρίᾳ
3045 957 3076 1006 5

430 1056 651 1135 ἑκάςτη
696 1056 984 1131 λέγουςα.
1059 1054 1097 1119 ὁ
1152 1056 1224 1119 δὲ
1278 1054 1627 1133 ὑπολαβὼν
1682 1054 1799 1132 τὴν
1857 1052 2094 1132 μητέρα
2137 1053 2240 1116 καὶ
2281 1053 2399 1130 τὴν
2443 1053 2712 1127 γυναῖκα
2755 1051 2858 1114 καὶ
2899 1051 3015 1128 τὴν

430 1157 750 1240 ἀδελφήν,
793 1156 979 1223 κτίζει
1023 1159 1192 1234 τρεῖς
1220 1155 1439 1219 πόλεις
1482 1153 1615 1219 ἀπὸ
1660 1154 1775 1233 μὲν
1819 1157 1931 1232 τῆς
1965 1152 2252 1232 ἀδελφῆς
2281 1153 2591 1231 Λαοδίκης
2621 1151 3015 1233 Λαοδίκειαν,

431 1258 561 1323 ἀπὸ
616 1259 687 1322 δὲ
740 1261 853 1334 τῆς
902 1257 1203 1332 γυναικὸς
1260 1257 1464 1335 Νύςης
1523 1247 1763 1336 Νῦςαν,
1832 1253 1964 1319 ἀπὸ
2021 1256 2093 1318 δὲ
2157 1257 2269 1331 τῆς
2333 1255 2568 1333 μητρὸς
2629 1252 3017 1331 Ἀντιοχίδος

433 1359 879 1437 Ἀντιόχειαν».
947 1358 1273 1436 δωδεκάτη
1318 1357 1390 1422 ἐν
1418 1363 1494 1441 τῇ
1528 1358 1866 1439 Μαργιανῇ
1895 1355 2299 1448 Παρθυαίων.
2370 1354 2667 1434 (τράβων
2713 1353 3014 1438 ἑνδεκάτῃ

430 1463 518 1546 (p.
561 1459 741 1542 516).
828 1459 1294 1538 τριςκαιδεκάτη
1338 1457 1377 1536 ἡ
1423 1458 1679 1537 Ταρςός.
1752 1446 2376 1537 τεςςαρεςκαιδέκάτη
2422 1457 2720 1534 Ἰςαυρίας
2763 1457 2802 1536 ἡ
2848 1457 3013 1536 Λαμ-
3055 1462 3118 1512 10

431 1564 628 1627 πωτὶς
675 1561 1003 1642 λεγομένη.
1061 1559 1576 1625 Ἀςπαλάθεια
1620 1559 1805 1624 πόλις
1850 1558 2133 1639 Ταφίων.
2211 1558 2564 1636 Νίκανδρος
2616 1558 3013 1637 ἑτεροιουμέ-

428 1684 563 1729 νων
606 1663 829 1746 πρώτῃ
862 1661 1310 1727 «Ἀςπαλάθεια
1356 1662 1727 1742 βοήροτος».
1787 1659 2186 1725 Ἀττάλεια
2219 1659 2690 1725 ,πόλιςΛυδίας
2736 1659 3013 1735 Ἁγνώ-

412 1784 599 1853 νεια
627 1764 814 1829 πόλις
844 1764 1094 1846 Θρᾴκης
1121 1763 1389 1841 πληςίον
1421 1762 1888 1845 Ἀμφιπόλεως,
1911 1762 2245 1838 Ἅγνωνος
2274 1760 2488 1841 κτίςμα
2516 1764 2633 1825 τοῦ
2664 1765 3014 1840 στρατηγοῦ

427 1871 558 1931 τῶν
603 1865 966 1943 Ἀθηναίων.
1039 1863 1418 1931 Αἰξώνεια
1460 1864 1647 1928 πόλις
1689 1863 2073 1943 Μαγνηςίας.
2160 1862 2623 1943 Ἀκαδήμεια
2665 1863 3012 1943 γυμνάςιον

430 1968 753 2046 Ἀθήνηςιν
799 1965 929 2030 ἀπὸ
962 1966 1331 2045 Ἀκαδήμου.
1387 1964 1700 2046 γράφεται
1746 1967 1848 2030 καὶ
1893 1965 1997 2030 διὰ
2040 1967 2158 2028 τοῦ
2201 1967 2236 2029 ἒ
2266 1964 2661 2045 Ἑκαδήμεια·
2704 1964 2769 2052 οἱ
2813 1964 2869 2028 δ’
2914 1964 3010 2028 ὅτι
3051 1967 3113 2019 15

424 2069 689 2148 Ἔχεμος
720 2067 757 2132 ὁ
784 2068 1004 2146 Ἀρκὰς
1030 2066 1477 2146 ςυςτρατεύςας
1503 2071 1639 2132 τοῖς
1661 2067 2087 2145 Διοςκούροις
2111 2065 2483 2144 ὑποχείριον
2515 2066 2655 2144 ἔςχε
2678 2067 2794 2144 τὴν
2819 2065 3011 2130 Ἀττι-

427 2172 571 2253 κήν,
617 2170 681 2235 ἐξ
726 2167 806 2233 οὗ
837 2167 1240 2248 Ἐχεδήμειάν
1271 2187 1480 2248 φαςιν.
1535 2168 1615 2248 μὴ
1650 2168 2029 2247 βουλόμενοι
2060 2170 2132 2231 δὲ
2164 2164 2563 2251 ςώζεςθαιζτό
2595 2164 2805 2247 ὄνομα
2835 2168 3010 2232 Ἀκα-

427 2271 689 2352 δήμειαν
720 2271 986 2350 ἔφαςαν.
1053 2268 1445 2348 ἀκρώρε-ια
1490 2268 1689 2346 ἄκρον
1726 2267 1939 2346 ὄρους.
1997 2269 2347 2335 Ἀλύζεια
2379 2268 2574 2333 πόλις
2605 2269 3014 2347 Ἀκαρνανίας

427 2371 557 2437 ἀπὸ
603 2375 721 2435 τοῦ
771 2372 1003 2436 παιδὸς
1034 2370 1296 2448 Ἰκαρίου
1350 2373 1643 2449 κληθεῑςα
1691 2370 1974 2435 Ἀλύζου.
2074 2370 2139 2433 Ἀ
2153 2370 2425 2449 μάςεια
2475 2370 2659 2434 πόλις
2708 2370 3009 2447 Ποντική.

302 2478 305 2479 ’
424 2473 754 2552 Ἄμφεια
782 2472 970 2536 πόλις
1000 2472 1339 2550 Μεςςήνης.
1385 2470 1754 2535 Παυςανίας
1777 2471 2061 2555 τετάρτῳ
2100 2470 2190 2554 (5,
2224 2470 2311 2551 8).
2359 2470 2863 2548 Ἁρπαλύκεια
2893 2471 3008 2535 πό-
3047 2473 3116 2525 20

429 2577 523 2637 λις
550 2573 829 2651 Φρυγίας
858 2573 1073 2651 κτίςμα
1104 2574 1142 2636 Γ
1145 2576 1637 2650 ορδιοτειχιτῶν.
1673 2573 1920 2636 Βάλκε
1939 2593 2011 2635 ια
2040 2572 2227 2637 πόλις
2257 2572 2402 2649 περὶ
2430 2572 2546 2652 τὴν
2576 2572 3009 2649 Προποντίδα.

430 2673 745 2737 Βατίεια
786 2673 987 2737 τόπος
1030 2675 1141 2749 τῆς
1171 2672 1478 2749 Τρωάδος
1523 2672 1775 2750 ὑψηλὸς
1819 2671 1951 2738 ἀπὸ
1984 2673 2241 2738 Βατείας
2284 2672 2478 2753 τινός,
2498 2672 2617 2737 -ὼς
2648 2672 3012 2737 Ἑλλάνικος

429 2775 498 2839 ἐν
530 2776 751 2858 πρώτῃ
782 2773 1086 2852 Τρωϊκῶν
1115 2772 1176 2856 ἦ,
1209 2772 1301 2838 ὡς
1331 2773 1794 2854 Ἐπαφρόδιτός
1823 2796 2046 2857 φηςιν,
2081 2772 2214 2840 ἀπὸ
2244 2770 2361 2839 τὀὓ
2393 2773 2602 2838 πάτου
2632 2779 2762 2839 τῶν
2791 2772 3008 2838 ἵππων

428 2876 629 2954 ἤγουν
673 2879 784 2952 τῆς
828 2875 1235 2954 ἀναςτροφῆς
1265 2882 1472 2960 τροπῇ
1515 2881 1632 2940 τοῦ
1674 2880 1726 2940 ‘ff
1769 2876 1859 2940 εἰς
1904 2863 1939 2958 Β
1984 2878 2022 2955 ἢ
2064 2875 2195 2942 ἀπὸ
2240 2881 2371 2942 τῶν
2419 2875 2644 2956 βάτων.
2729 2875 3013 2955 Ὅμηρος

427 2978 503 3059 (Β
536 2977 690 3059 813)
733 2979 888 3056 «τὴν
917 2977 1058 3056 ἤτοι
1102 2976 1333 3058 ἄνδρες
1366 2977 1653 3042 Βατίειαν
1696 2977 2173 3056 κικλήςκουςιν».
2217 2978 2421 3042 Βοαύ
2443 2981 2524 3041 λε
2546 2998 2620 3041 ια
2650 2978 2833 3042 πόλις
2860 2975 3009 3041 (κυ-
3047 2979 3113 3029 25

426 3080 577 3143 θίας.
654 3079 1049 3158 Πείςανδρος
1094 3079 1339 3163 εἰκοςτῇ
1384 3078 1545 3164 ἕκτῃ.
1627 3079 1960 3143 Βούδεια
2003 3080 2189 3144 πόλις
2240 3080 2311 3146 ἑν
2360 3079 2691 3162 Μαγνηςίᾳ
2736 3085 2809 3162 τῇ
2853 3079 3011 3143 κατὰ

425 3182 753 3260 Εὐρώπην.
830 3180 1115 3260 Ὅμηρος
1154 3182 1247 3263 (Π
1284 3178 1438 3260 572)
1485 3181 1792 3245 Βούδειον
1839 3180 1967 3260 ἔφη
2026 3181 2139 3246 «ὅς
2197 3180 2262 3259 ῤ’
2304 3181 2374 3246 ἐν
2419 3179 2703 3263 Βουδείῳ
2758 3179 3007 3244 εὐναιο·

428 3284 599 3365 μένῳ
614 3307 657 3345 ».
714 3282 844 3347 ἀπὸ
884 3285 1000 3346 τοῦ
1043 3281 1394 3347 οἰκίςαντος
1437 3282 1760 3347 Βουδείου.
1846 3281 2018 3348 οὕτω
2073 3285 2317 3360 τιμᾶται
2376 3281 2646 3363 Βούδειρι
2690 3283 2727 3360 ἡ
2782 3282 3010 3360 Ἀθηνᾶ

428 3383 499 3450 ἐν
541 3384 862 3466 Θετταλίᾳ.
909 3383 1268 3463 Λυκόφρων
1312 3385 1400 3467 (ν.
1432 3382 1584 3464 359)

1028 3485 1067 3563 ἡ
1112 3486 1325 3549 πολλὰ
1371 3487 1447 3563 δὴ
1495 3486 1803 3551 Βούδειαν
1850 3485 2099 3549 αἴθυιαν
2144 3486 2339 3564 κόρην
3045 3494 3113 3545 30

1028 3585 1287 3664 ἀρωγὸν
1333 3586 1651 3655 αὐδάξαςα
1693 3589 2015 3666 τάρροθον
2060 3588 2298 3667 γάμων.

427 3693 552 3755 ἔςτι
598 3689 700 3753 καὶ
744 3688 1016 3752 Βούδεια
1058 3688 1244 3751 πόλις
1288 3687 1582 3765 Φρυγίας.
1659 3690 2212 3769 Βουκεφάλεια
2254 3689 2440 3753 πόλις
2484 3688 2588 3751 ἐπὶ
2637 3693 2730 3769 τῷ
2776 3688 3006 3751 Βουκε-

427 3791 620 3875 φάλῳ
682 3789 894 3872 ἵππῳ,
962 3789 1041 3865 ἣν
1105 3788 1342 3852 ἔκτιςεν
1404 3790 1820 3868 Ἀλέξανδρος
1888 3792 1958 3856 ἐν
2025 3790 2210 3873 Ἰνδίᾳ
2280 3790 2454 3867 παρὰ
2521 3789 2635 3853 τὸν
2683 3786 3005 3866 Ὑδάςπην

427 3892 735 3972 ποταμόν.
827 3890 1332 3969 Γερμανίκεια
1386 3891 1571 3955 πόλις
1626 3891 2073 3972 Εὐφρατηςίας.
2177 3892 2214 3954 Γ
2228 3891 2451 3968 ήρεια
2514 3890 2701 3954 πόλις
2767 3890 3004 3967 Ἰνδική.

430 3998 468 4061 Γ
483 3982 859 4060 υλᾶκεια.’
895 3991 1102 4056 οὕτως
1154 3991 1444 4056 ἐκαλεῖτο
1490 3992 1527 4069 ἡ
1583 3995 1693 4070 τῆς
1737 3992 2036 4071 Ἰλλυρίας
2079 3992 2480 4056 Ἀπολλωνία
2545 3991 2676 4055 ἀπὸ
2735 3992 3010 4055 Γύλακος
3045 4001 3109 4052 35

431 4095 780 4175 Κορινθίου.
868 4091 1300 4158 Δαιδάλεια
1354 4092 1540 4156 πόλις
1594 4093 1852 4158 Ἰταλίας
1905 4093 2242 4157 Δαιδάλου
2306 4094 2533 4173 κτίςμα.
2621 4091 3006 4155 Δεκέλεια

427 4201 624 4277 δῆμος
678 4199 791 4274 τῆς
843 4194 1375 4260 Ἱπποθοωντίδος
1440 4197 1649 4273 φυλῆς
1712 4194 1844 4259 ἀπὸ
1887 4195 2179 4259 Δεκέλου
2244 4198 2359 4258 τοῦ
2414 4194 2812 4273 ἡγηςαμὲνου
2867 4196 3004 4281 τοῖς

426 4299 852 4376 Δ“ιοςκούροις
906 4297 994 4361 εἰς
1047 4295 1374 4377 Ἀφίδνας,
1408 4325 1413 4332 ·
1444 4295 1535 4359 ὡς
1588 4295 1938 4373 Ἡρόδοτος
1994 4295 2202 4378 ἐνάτῳ
2259 4297 2338 4376 (e.
2387 4295 2511 4376 73).
2602 4294 2848 4368 λέγεται
2902 4294 3004 4380 καὶ

427 4399 733 4481 Δεκελιά,
789 4398 940 4462 ὅθεν
993 4397 1068 4460 τὸ
1113 4398 1382 4461 τοπικὸν
1430 4398 1836 4461 Δεκελιᾶθεν.
1924 4396 2443 4474 Δικαιάρχεια
2498 4394 2683 4459 πόλις
2727 4395 3003 4476 Ἰταλίας,

429 4501 468 4578 ἢ
523 4501 821 4580 ἐκέκλητο
874 4498 1203 4563 Ποτίολοι.
1290 4498 1482 4563 πότια
1537 4500 1609 4562 δὲ
1663 4501 1743 4565 τὰ
1798 4499 2047 4577 φρέατα
2099 4499 2357 4561 καλοῦςι
2411 4495 2742 4577 Ῥωμαῖοι,
2809 4495 3006 4573 ὀλῆρε
3041 4506 3107 4554 4ο

564 4686 598 4742 l.
634 4692 700 4739 25
736 4689 802 4739 de
839 4685 1061 4738 Βατίεια
1100 4687 1171 4736 cf.
1207 4687 1274 4736 Il.
1310 4688 1400 4737 Pr.
1436 4685 1476 4738 Β
1512 4688 1637 4737 813:
1675 4685 1862 4737 οὕτως
1900 4682 2415 4749 προπαροξυτόνως
2442 4680 2699 4736 Βατίειαν
2736 4680 2815 4733 ὡς
2855 4681 3005 4733 Ἀλε-

431 4752 733 4820 ξάνδρειαν.
869 4756 905 4805 1.
944 4758 1009 4807 36
1047 4756 1112 4804 de
1150 4753 1420 4806 Δεκέλεια
1457 4760 1515 4804 et
1548 4751 1788 4807 Δεκελιά
1825 4759 1972 4803 reete
2000 4752 2337 4802 Meinekium
2370 4751 2643 4801 iudicasse
2682 4750 3005 4814 comprobat

431 4823 604 4874 simile
639 4820 904 4876 Πλώθεια
936 4830 996 4874 et
1028 4821 1292 4886 Πλωθιά,
1332 4822 1475 4887 quod
1510 4822 1631 4889 ipse
1669 4822 1984 4887 Stephanus
2022 4821 2186 4871 affert
2221 4836 2266 4874 s,
2306 4816 2542 4882 Ἀζηνιά.
