3664 5546
573 274 702 338 290
1510 275 1592 330 ΕΚ
1631 276 1771 330 ΤΩΝ
1813 276 2223 332 ΗΡΩΔΙΑΝΟΥ

574 444 841 508 (ινδία
884 444 1071 509 πόλις
1115 445 1361 510 Λυκίας.
1407 445 1729 510 Ἑκαταῖος
1775 446 1958 549 Ἀςίᾳ.
2013 445 2277 510 (Σιντία
2320 448 2508 511 πόλις
2556 447 2956 511 Μακεδονίας
2999 447 3165 525 πρὸς

570 551 645 627 τῇ
693 545 942 629 Θρᾴκῃ,
999 545 1088 610 ὡς
1145 546 1419 612 Εὔδοξος
1474 547 1545 610 έν
1588 545 1873 630 τετάρτῳ
1929 551 2046 625 γῆς
2098 547 2422 625 περιόδου.
2508 547 2800 612 (κυθία.
2868 546 3165 627 (κυφία

570 647 907 725 πολίχνιον
968 647 1441 730 Κλαζομενίων,
1500 649 1590 713 ὡς
1641 648 1927 728 Ἔφορος
1984 648 2055 713 ἐν
2109 650 2299 733 τρίτῳ
2368 649 2480 713 «ἐν
2538 648 2780 733 (κυφίᾳ
2836 651 3101 732 κατῴκει
3118 672 3178 720 ».,

568 749 736 811 τινἐς
781 749 850 812 δὲ
896 750 1001 812 διὰ
1043 753 1160 815 τοῦ
1203 753 1270 812 ’τί
1346 749 1741 829 (Σουματία
1792 748 1982 814 πόλις
2029 750 2372 828 Ἀρκαδίας.
2436 750 2751 830 γράφεται
2797 752 2868 814 δὲ
2913 750 3016 836 καὶ
3059 749 3165 814 διὰ

507 868 539 917 5
571 849 931 928 διφθόγγου
977 849 1341 929 Εουμήτεια.
1439 849 1770 930 (τρυβία
1835 855 2027 928 νῆςος
2082 856 2212 915 τῶν
2269 850 2640 930 Εποράδων.
2737 849 2926 915 (υἷα
2974 850 3163 915 πόλις

568 951 754 1030 μικρὰ
812 951 1071 1029 Κρήτης.
1161 951 1456 1030 Ταρχία
1510 952 1696 1016 πόλις
1751 951 2050 1029 (Σικελική.
2150 952 2441 1016 Φίλιςτος
2496 952 2747 1035 ἑβδόμῳ
2806 950 3161 1015 (ικελικῶν,

567 1051 948 1130 Τερβητία
990 1052 1177 1116 πόλις
1223 1051 1518 1118 Εικελίας.
1613 1053 2003 1131 Τορρηβία
2051 1053 2282 1130 Καρίου
2328 1053 2545 1131 μήτηρ.
2635 1052 2928 1130 Τραγία
2969 1054 3163 1130 νῆςος

565 1155 729 1230 πρὸς
772 1156 909 1217 ταῖς
944 1153 1265 1217 Κυκλάςιν.
1309 1153 1437 1218 ἔςτι
1484 1156 1584 1218 καὶ
1626 1154 1811 1217 πόλις
1858 1153 1928 1217 ἐν
1963 1153 2166 1237 Νάξῳ.
2215 1153 2489 1218 Εὔπολις
2534 1154 2639 1217 διὰ
2683 1157 2801 1216 τοῦ
2845 1156 2879 1216 ’ἑ
2923 1153 3162 1232 γράφει

566 1255 667 1317 καὶ
711 1258 1149 1332 πληθυντικῶς
1193 1254 1481 1331 Τραγεαί.
1570 1255 1918 1332 Τραλλία
1968 1257 2161 1333 μοῖρα
2205 1258 2316 1331 τῆς
2361 1252 2676 1332 Ἰλλυρίας.
2766 1253 3015 1329 λέγεται
3058 1255 3164 1318 καὶ

470 1372 533 1421 10
568 1354 883 1433 Τραλλική
927 1357 1030 1419 καὶ
1072 1355 1345 1432 Τράλλα.
1432 1356 1824 1447 Τριφυλία
1867 1355 1906 1433 ἡ
1952 1355 2149 1419 Ἦλις.
2239 1355 2632 1434 Τρωγιλία
2676 1358 2787 1432 τῆς
2835 1355 3160 1436 Μυκάλης,

567 1456 605 1532 ἢ
662 1456 911 1531 λέγεται
970 1457 1071 1520 καὶ
1115 1456 1488 1534 Τρωγίλιον.
1578 1457 1892 1521 Ὑαντία
1945 1456 2131 1519 πόλις
2176 1455 2459 1534 Λοκρῶν.
2546 1455 2918 1535 Ὑδραμία
2973 1456 3160 1520 πόλις

571 1556 810 1635 Κρήτης
856 1558 946 1621 ὡς
992 1555 1242 1621 Ξενίων
1288 1557 1326 1621 ὁ
1371 1558 1450 1620 τὰ
1498 1558 1763 1635 Κρητικὰ
1793 1558 2066 1635 γράψας.
2134 1556 2383 1636 Φαβία
2427 1558 2627 1644 πόλις,
2662 1558 3159 1632 Κελτογαλατῶν

566 1657 780 1736 κτίςμα
823 1658 1067 1737 Φαβίου
1114 1663 1466 1736 ςτρατηγοῦ
1512 1658 1858 1737 Ῥωμαίων.
1949 1658 2443 1735 Ἀπολλόδωρος
2500 1659 2571 1721 ἐν
2617 1659 2897 1742 δευτέρῳ
2943 1679 3158 1737 χρονι-

566 1764 714 1823 κῶν.
761 1758 1151 1839 Φαβεντία
1193 1759 1382 1823 πόλις
1415 1759 1688 1823 Ἰταλίας.
1734 1758 2015 1838 Φημίαι
2060 1759 2247 1822 πόλις
2278 1763 2389 1836 τῆς
2422 1760 2710 1836 Ἀρναίας
2746 1758 2881 1823 ἀπὸ
2911 1758 3158 1837 Φημίου

466 1877 528 1928 15
564 1863 682 1923 τοῦ
723 1861 1064 1938 Ἄμπυκος.
1153 1860 1516 1924 Ἑλλάνικος
1561 1860 1631 1924 ἐν
1677 1860 1900 1943 πρώτῃ
1944 1860 2475 1924 Δευκαλιωνείας.
2562 1859 2842 1940 Φοιβία
2885 1859 3160 1938 πόλιςμα

566 1959 941 2025 Εικυωνίων.
1029 1960 1339 2024 Φοιτίαι
1397 1961 1582 2024 πόλις
1629 1961 2038 2039 Ἀκαρνανίας
2094 1960 2225 2025 ἀπὸ
2279 1960 2542 2025 Φοιτίου
2599 1965 2717 2023 τοῦ
2763 1961 3157 2039 Ἀλκμέωνος

563 2065 679 2124 τοῦ
739 2062 1150 2141 Ἀμφιαράου.
1236 2062 1562 2141 Πολύβιος
1619 2061 1919 2146 τετάρτῳ.
2022 2062 2268 2136 λέγεται
2333 2063 2436 2125 καὶ
2489 2061 2768 2125 Φοίτιον.
2864 2055 3158 2125 Φυςκία

562 2164 747 2226 πόλις
793 2164 1021 2226 Λυκίας
1066 2163 1183 2243 ἐφ>
1229 2164 1488 2241 ὑψηλοῦ
1533 2162 1731 2240 ὄρους
1776 2165 2045 2242 κειμένη.
2096 2162 2390 2226 Χαλδία
2434 2164 2615 2241 χώρα
2658 2166 2769 2239 τῆς
2817 2163 3154 2242 Ἀρμενίας.

565 2263 902 2327 Μένιππος
964 2264 1034 2328 ἐν
1090 2265 1380 2348 περίπλῳ
1434 2268 1566 2327 τῶν
1623 2265 1742 2327 δύο
1798 2264 2077 2329 Πόντων
2135 2266 2441 2341 «τὴν....
2490 2265 2668 2343 μέχρι
2727 2264 2980 2327 τούτων
3024 2268 3156 2327 τῶν

459 2379 528 2430 20
566 2364 903 2443 βαρβάρων
961 2366 1123 2429 ἐςτὶν
1180 2366 1219 2443 ἡ
1272 2365 1554 2441 Ποντικὴ
1615 2365 1893 2443 βαςιλεία
1910 2392 1952 2428 ».
2047 2366 2150 2428 καὶ
2206 2364 2530 2430 Ἑκαταῖος
2590 2366 2999 2444 «Τιβαρηνίην
3055 2365 3157 2427 καὶ

565 2464 842 2544 Χαλδίην
897 2467 1000 2528 καὶ
1054 2464 1361 2542 Εαννικήν
1379 2492 1420 2528 ».
1513 2455 2016 2545 Χηνοβοςκία
2070 2465 2257 2531 πόλις
2312 2467 2651 2543 Αἰγύπτου.
2740 2466 3154 2543 Ἀλέξανδρος

562 2566 644 2629 ε’ν“
699 2568 938 2650 πρώτῳ
1004 2567 1443 2642 Αἰγυπτιακῶν
1514 2568 1944 2647 Χηνοβόςκιον
2016 2567 2317 2646 «ἀντικρὺ
2397 2570 2467 2632 δὲ
2532 2572 2650 2631 τοῦ
2715 2567 3153 2630 Διοςπολίτου

562 2672 767 2746 νομοῦ
816 2668 1280 2750 Χηνοβόςκιον,
1326 2670 1521 2747 μηδὲν
1569 2668 1660 2731 εἰς
1702 2670 1818 2746 τὴν
1867 2669 2302 2748 προςηγορίαν
2347 2670 2738 2748 ἐμφέρουςα·
2784 2669 2987 2747 νομὰς
3030 2668 3154 2745 γὰρ

562 2776 778 2847 χηνῶν
853 2770 972 2833 οὐκ
1046 2770 1125 2834 ἂν
1197 2768 1325 2835 ἴδοι
1390 2791 1514 2852 τις,
1583 2770 2107 2850 ὑπερβάλλουςαν
2171 2773 2242 2835 δὲ
2308 2772 2424 2848 τὴν
2492 2770 2637 2848 περὶ
2701 2771 3154 2847 κροκοδείλους

459 2889 524 2936 25
562 2872 908 2948 ςπουδήν».
966 2871 1395 2950 Χλαμυδία·
1442 2870 1649 2934 οὕτως
1695 2871 1985 2935 ἐκαλεῖτο
2016 2873 2256 2950 Δῆλος.
2316 2871 2713 2949 Χοραςμία
2757 2871 2942 2933 πόλις
2987 2871 3153 2947 πρὸς

562 2970 649 3033 ἕω
694 2971 992 3049 Πάρθων.
1062 2972 1385 3037 Ἑκαταῖος
1431 2974 1633 3037 Ἀςίας
1677 2967 2040 3051 περιηγήςει
2091 2974 2199 3035 «ἐν
2247 2973 2491 3035 αύτοῑςι
2536 2971 2723 3033 πόλις
2771 2970 3150 3047 Χοραςμίη».

563 3069 881 3147 Ὠγυγία
948 3076 1140 3150 νῆςος
1209 3073 1470 3155 ἀρχαία,
1536 3074 1692 3137 ἔνθα
1749 3072 2087 3137 Ὀδυςςεὺς
2154 3074 2223 3135 ἐκ
2286 3076 2403 3135 τοῦ
2463 3070 2773 3145 ναυαγίου
2835 3070 3151 3150 ἐξερρίφη.

563 3173 811 3247 λέγεται
867 3175 969 3236 καὶ
1024 3175 1062 3252 ἡ
1111 3175 1382 3238 Βοιωτία
1435 3175 1538 3236 καὶ
1592 3175 1630 3251 ἡ
1678 3174 1852 3253 Θήβη
1900 3172 2160 3250 Ὠγυγία
2212 3172 2343 3236 ἀπὸ
2391 3170 2668 3247 Ὠγύγου
2726 3171 2869 3235 υἱοῦ
2914 3171 3147 3251 Τερμέ-

561 3294 691 3351 ρας.
790 3274 1048 3350 ἐλέγετο
1107 3278 1222 3344 καὶ,
1263 3277 1301 3352 ἡ
1348 3276 1587 3352 Ἀττικὴ
1643 3279 1810 3339 πᾶςα
1867 3273 2154 3352 Ὠγυγία,
2216 3275 2305 3337 ὡς
2363 3273 2572 3351 Χάραξ
2632 3275 2825 3352 φηςὶν
2883 3273 2952 3336 ἐν
3010 3277 3148 3337 τοῖς

457 3393 525 3442 30
561 3378 900 3451 χρονικοῖς.
991 3373 1240 3438 Ὠςτία
1284 3375 1468 3438 πόλις
1514 3375 1785 3439 Ἰταλίας.
1836 3376 2029 3454 Ἰόβας
2075 3377 2145 3438 ἐν
2191 3375 2431 3457 πρώτῳ
2477 3375 2829 3452 Ῥωμαϊκῆς
2873 3374 3149 3452 ἱςτορίας

560 3475 732 3538 «ἀπὸ
779 3478 892 3554 μὲν
937 3480 1067 3538 τῶν
1117 3476 1385 3553 βορείων
1442 3481 1653 3553 μερῶν
1709 3476 1746 3538 ὁ
1791 3475 2068 3556 Τίβερις,
2128 3473 2332 3539 Ὠςτία
2389 3475 2575 3538 πόλις
2629 3476 2957 3553 πληςίον».
3048 3476 3148 3537 καὶ

558 3576 881 3655 Πολύβιος
927 3576 1089 3658 ἕκτῳ
1136 3577 1374 3640 «ἔκτιςε
1421 3579 1490 3640 δὲ
1536 3579 1640 3639 καὶ
1683 3578 1876 3640 πόλιν
1922 3575 2166 3658 Ὠςτίαν
2212 3577 2313 3639 ἐπὶ
2370 3581 2486 3640 τοῦ
2531 3576 2915 3656 Τιβέριδος».
2991 3575 3146 3638 ἐκτί-

557 3681 668 3754 ςθη
714 3677 770 3738 δ’
826 3677 951 3740 ὑπὸ
1001 3677 1291 3754 Μαρκίου
1339 3678 1672 3758 βαςιλέως,
1729 3683 1847 3739 τοῦ
1905 3676 2035 3739 ἀπὸ
2085 3677 2306 3755 Νουμᾶ
2361 3678 2607 3759 τρίτου,
2668 3680 2759 3741 ὡς
2802 3676 3147 3741 Διονύςιός

556 3796 747 3857 φηςιν
793 3779 863 3840 ἐν
908 3778 1221 3860 Ῥωμαϊκῇ
1267 3778 1703 3859 άρχαιολογίᾳ.
1794 3776 2095 3856 (Στράβων
2153 3780 2221 3842 δὲ
2267 3779 2338 3842 ἐν
2385 3787 2475 3862 τῷ
2532 3779 2579 3842 ε’
2628 3778 2720 3862 (p.
2767 3777 2922 3856 219)
2973 3778 3146 3841 οὕτω

454 3873 518 3952 35
556 3879 746 3957 φηςὶν
794 3878 1149 3955 οὐδετέρως
1197 3879 1316 3941 «τὰ
1358 3876 1577 3942 Ὤςτια
1631 3882 1742 3953 τῆς
1788 3878 2032 3956 Ῥώμης
2086 3878 2425 3944 ἐπίνειον».
2517 3879 2701 3943 Οὕτω
2757 3880 2859 3941 καὶ
2911 3877 3145 3957 (τρω-

556 3979 676 4041 τία
723 3980 1049 4057 Ἀρκαδικὴ
1096 3980 1281 4043 πόλις
1327 3979 1458 4042 ἀπὸ
1505 3983 1613 4056 τῆς
1659 3982 1974 4057 θυγατρὸς
2021 3978 2268 4044 Φενεοῦ
2323 3981 2746 4059 ὀνομαςθεῖςα
2794 3980 3144 4058 βαρύνεται.

555 4079 839 4158 Ὅμηρος
885 4082 961 4162 (Β
1006 4079 1160 4160 606)
1207 4078 1453 4158 «Ῥίπην
1508 4099 1576 4142 τε
1621 4078 1923 4158 Ετρατίην
1979 4101 2045 4144 τε
2103 4083 2204 4144 καὶ
2248 4081 2633 4160 ἠνεμόεςςαν
2680 4081 3008 4158 Ἐνίςπην»
3056 4080 3144 4143 εἰς

557 4181 853 4259 ἰδιότητα.
950 4183 1027 4246 τὸ
1083 4183 1206 4259 γὰρ
1263 4183 1616 4259 δηλωτικὸν
1672 4186 1788 4244 τοῦ
1847 4168 2235 4261 ’ςυςτήματος
2296 4188 2414 4246 τοῦ
2479 4184 2750 4259 ςτρατοῦ
2815 4180 2970 4256 μετὰ
3031 4182 3142 4254 τῆς

555 4283 751 4359 αὐτῆς
789 4287 1042 4363 γραφῆς
1084 4283 1389 4348 ὀξύνεται.
1449 4283 1524 4347 τὸ
1572 4284 1642 4345 δὲ
1686 4282 1929 4361 ἀξίωμα
1972 4284 2011 4361 ἡ
2058 4283 2346 4360 ςτρατεία
2387 4284 2486 4346 καὶ
2518 4282 2621 4345 διὰ
2652 4278 3010 4358 διφθόγγου
3040 4279 3142 4342 καὶ

451 4410 518 4459 40
557 4385 908 4463 βαρύνεται.
983 4385 1058 4448 τὸ
1104 4386 1173 4447 δὲ
1203 4385 1522 4448 Πλωθιά
1566 4387 1765 4461 δῆμος
1795 4384 2093 4462 Αἰγηΐδος
2136 4386 2376 4461 φυλῆς,
2425 4381 2899 4460 Ἁμαξαντιά
2942 4384 3142 4458 δῆμος

693 4571 727 4619 1.
765 4574 832 4620 40
871 4573 1088 4620 nomina
1125 4571 1398 4619 demotum
1436 4569 1666 4633 apposui
1705 4586 1772 4617 ex
1812 4571 1893 4619 St.
1931 4570 1993 4622 B.
2032 4568 2235 4618 collato
2271 4567 2467 4616 Aread.
2508 4583 2556 4630 p.
2598 4569 2680 4629 99,
2723 4570 2835 4621 100.
2910 4569 2985 4618 Ut
3025 4565 3141 4619 Κω-

554 4636 672 4689 πιαί
713 4640 790 4686 sic
828 4641 994 4686 etiam
1035 4634 1314 4688 Καλλίαι
1351 4636 1512 4687 πόλις
1561 4633 1656 4696 μία
1701 4639 1803 4699 τῆς
1851 4635 1912 4686 ἐν
1952 4633 2208 4699 Ἀρκαδίᾳ
2246 4633 2584 4697 τριπόλεως·
2633 4633 2746 4684 ἔςτι
2793 4635 2884 4685 καὶ
2931 4633 3141 4698 χωρίον

555 4703 790 4769 πληςίον
828 4704 1115 4769 Τάραντος
1152 4714 1420 4768 oxytonos
1456 4704 1802 4754 scribendum
1840 4704 2051 4752 iudicat
2076 4703 2343 4763 Meiuek.,
2384 4703 2463 4752 ita
2502 4702 2645 4752 enim
2672 4708 2759 4754 est
2783 4719 2874 4768 ap.
2900 4705 3139 4754 Pausan.

3471 5333 3607 5469 ,ι
