3664 5546
651 327 772 392 146
1579 329 1661 384 ΕΚ
1698 329 1840 384 ΤΩΝ
1881 328 2291 384 ΗΡΩΔΙΑΝΟΥ

812 500 907 565 Τά
960 499 1049 566 εἰς
1099 486 1235 567 ffic-
1261 500 1423 580 ὑπὲρ
1477 502 1597 566 δύο
1654 501 1969 582 ςυλλαβὰς
2022 500 2482 580 παραλήγοντα
2521 493 2558 563 ἶ
2608 501 2648 578 ἢ
2704 504 2741 561 ῦ
2798 500 2836 579 ἢ
2890 500 2995 565 καὶ
3046 499 3229 580 φύςει

643 607 848 687 μακρᾷ
891 604 1476 683 προπαροξύνεται·
1531 603 1585 668 εἰ
1631 605 1703 669 δέ
1746 626 1805 670 τι
1851 602 2174 685 ὀξύνεται,
2220 602 2574 668 ἐπιθετικόν
2621 601 2803 668 ἐςτιν.
2877 602 3229 667 Λάπιθος

642 705 768 786 ἀφ’
798 704 877 770 ού
908 705 1219 789 Λαπίθης,
1252 706 1595 789 λε’κιθος,
1642 706 1940 788 ἔριθος,
1987 703 2365 788 Μίκυθος,
2411 704 2703 770 ἄκυθος
2734 706 2773 784 ἡ
2805 706 2885 784 μὴ
2916 704 3228 787 τίκτουςα,

640 808 1162 887 μαμμάκυθοα
1198 807 1236 872 ὁ
1291 808 1536 891 μωρός,
1592 807 1927 888 Αἴνηθος
1982 806 2154 886 ὄρος.
2220 807 2543 886 Αἰςχύλος.
2609 807 2977 886 Λάπηθος
3043 807 3229 872 πόλις

577 917 612 967 5
645 910 920 989 Κύπρου.
1011 911 1423 990 Ἀλέξανδρος
1478 910 1762 990 Ἐφέςιος
1808 911 2064 988 «Βήλου
2110 909 2179 974 δ’
2223 908 2303 974 αὖ
2364 908 2570 974 Κίτιόν
2625 929 2694 973 τε
2749 910 2850 973 καὶ
2903 907 3230 987 ἱμερόεςςα

638 1012 939 1090 Λάπηθος
955 1038 997 1076 ».
1086 1012 1562 1091 Πεπάρηθος
1617 1016 1809 1090 νῆςος
1861 1017 1993 1077 τῶν
2043 1012 2386 1077 Κυκλάδων
2443 1010 2789 1090 ὁμώνυμον
2835 1010 3070 1090 ἔχουςα
3111 1011 3227 1075 πό-

639 1118 757 1179 λιν.
833 1108 1265 1193 (εςάρηθος
1307 1114 1497 1179 πόλις
1539 1113 2028 1197 Ταυλαντίνων,
2073 1114 2162 1179 ὥς
2206 1134 2397 1194 φηςιν
2443 1113 2782 1179 Ἑκαταῖος.
2842 1113 3228 1196 Κάνηθος,
3286 1138 3299 1150 ·

636 1215 1010 1299 Ὄρηθος,
1057 1215 1398 1297 (ἐβηθος
1451 1215 1660 1294 ὄνομα
1711 1220 2024 1295 ποταμοῦ.
2113 1215 2489 1294 ἐπίληθος
2547 1216 2908 1295 «νηπενθές
2965 1216 3030 1279 τ’
3075 1214 3226 1294 ἄχο-

640 1319 757 1382 λόν
800 1339 903 1401 τε,
948 1324 1159 1384 κακῶν
1203 1318 1508 1397 ἐπίληθον
1554 1317 1902 1383 ἁπάντων»
1949 1315 2104 1400 (Od.
2152 1323 2188 1383 δ
2231 1315 2404 1402 221).
2496 1317 2893 1382 Ναύαιθος
2937 1320 3227 1397 ποταμὸς

535 1424 602 1477 10
638 1420 911 1485 Ἰταλίας.
958 1420 1411 1501 Φάρβαιθος
1454 1420 1642 1485 πόλις
1685 1420 2025 1496 Αἰγύπτου.
2105 1420 2485 1484 Κέλαιθος
2529 1418 2718 1485 ἔθνος
2764 1420 3226 1499 Θεςπρωτικόν.

636 1521 888 1589 Ῥιανὸς
943 1522 1014 1586 δ’.
1092 1522 1389 1599 λέγονται
1444 1523 1548 1587 καί
1606 1522 1943 1587 Κελαιθεῑς.
2016 1521 2459 1605 Δάμαιθος,
2517 1521 2897 1588 Κύναιθος
2951 1520 3043 1587 εἷς
3095 1527 3224 1587 τῶν

635 1623 968 1690 Λυκάονος
1012 1626 1277 1690 παίδων.
1351 1624 1825 1706 Ὀλίγαιθος,
1878 1623 2240 1702 (ίμαιθος
2297 1623 2506 1703 ὄνομα
2560 1628 2871 1703 ποταμοῦ.
2948 1624 3224 1704 Ἀρίαι-

635 1732 787 1792 θος.
874 1727 951 1792 τὸ
999 1728 1069 1792 δὲ
1116 1727 1407 1807 βοηθός
1453 1727 1556 1791 καί
1598 1726 1932 1804 κακηθός
1978 1725 2016 1790 ὁ
2062 1727 2345 1791 κακιςτός
2390 1725 2697 1793 ὀξύνεται.

805 1828 900 1893 Τά
956 1828 1045 1894 εἰς
1096 1815 1212 1895 flu-c
1267 1828 1775 1909 ὑπερδιςύλλαβα
1841 1827 2078 1907 ἔχοντα
2141 1829 2301 1893 κατὰ
2364 1829 2480 1906 τὴν
2538 1829 3037 1907 παραλήγουςαν
3105 1829 3223 1894 δύο

535 1935 598 1987 15
636 1930 949 2010 ςύμφωνα
992 1933 1072 2010 μὴ
1117 1931 1276 1997 ὄντα
1321 1930 1639 1996 ἐπιθετικά
1693 1930 2333 2014 προπαροξύνονται,
2389 1930 2857 2009 Ἐρύμανθος
2912 1929 3070 2010 ὄρος
3122 1932 3223 1995 καὶ

632 2032 922 2111 ποταμός
986 2034 1063 2112 «ἢ
1121 2033 1282 2099 κατὰ
1323 2033 1649 2112 Τηΰγετον
1703 2033 2125 2111 περιμήκετον
2178 2033 2218 2111 ἢ
2275 2031 2706 2111 Ἐρύμανθον»
2764 2030 2921 2115 (Οά.
2967 2038 3000 2100 ζ
3060 2032 3223 2115 103).

632 2136 1013 2200 Ἄκανθος
1058 2135 1245 2200 πόλις
1291 2135 1541 2218 Θρᾴκης
1586 2133 1892 2200 ἀκάνθαις
1934 2135 2387 2217 πεφραγμένη,
2437 2134 2588 2200 ὅθεν
2632 2135 2954 2217 κέκληται,
3008 2136 3048 2214 ἢ
3093 2133 3224 2199 ἀπό

631 2257 809 2303 τινος
861 2236 1201 2320 Ἀκάνθου,
1270 2238 1362 2303 ὧς
1418 2237 1729 2303 Μναςέας.
1806 2233 1873 2316 β’.
1936 2236 2063 2302 ἔςτι
2128 2237 2231 2301 καὶ
2285 2235 2356 2301 ἐν
2412 2236 2710 2321 Αἰγύπτῳ
2763 2238 3091 2302 Ἀκανθος.
3146 2237 3223 2313 γ’.

631 2339 796 2417 ἄλλη
852 2339 923 2404 ἐν
994 2346 1072 2425 τῇ
1126 2339 1499 2424 χερρονήςῳ
1564 2340 1710 2418 περὶ
1759 2340 1878 2418 τὴν
1937 2337 2207 2404 Κνιδίαν.
2268 2339 2341 2403 δ’.
2410 2339 2539 2404 ἔςτι
2592 2340 2695 2403 καὶ
2747 2338 2785 2417 ή
2833 2335 3223 2419 Ἀθαμανίας.

529 2450 597 2501 20
630 2441 1045 2507 Φάλανθος
1091 2441 1247 2520 ὄρος
1290 2443 1394 2506 καὶ
1434 2441 1622 2507 πόλις
1652 2440 1996 2520 Ἀρκαδίας.
2040 2439 2408 2506 Παυςανίας
2451 2440 2668 2526 ὀγδόῳ
2714 2440 2799 2523 (ο.
2832 2439 2937 2522 35,
2978 2440 3047 2524 9)
3089 2440 3221 2505 ἀπὸ

631 2543 993 2610 Φαλάνθου.
1092 2542 1516 2621 Πύρανθος
1581 2542 1767 2608 πόλις
1835 2542 2022 2622 μικρὰ
2086 2544 2126 2621 ἢ
2192 2543 2368 2622 κώμη
2429 2542 2669 2622 Κρήτης
2722 2544 2868 2623 περὶ
2925 2543 3220 2623 Γόρτυνα.

632 2646 1043 2726 Ψίναφθος
1097 2644 1419 2721 Αἰγύπτου
1474 2645 1812 2724 πολίχνιον
1872 2645 1963 2710 ὡς
2009 2645 2424 2724 Ἀλέξανδρος
2477 2645 2548 2711 ἐν
2592 2644 3031 2722 Αἰγυπτιακῶν
3076 2651 3218 2710 δευ-

630 2748 814 2832 τέρῳ.
863 2748 1310 2831 Μέλανθος,
1354 2747 1877 2832 Λαβύρινθος,
1923 2746 2383 2832 Ὑάκυνθος,
2439 2747 2853 2831 Λέβινθος,
2907 2746 3219 2830 Προβά-

633 2907 754 2914 ..ι-ο...
783 2908 932 2914 ῃ----
963 2907 1036 2913 ..--

630 3004 803 3069 λαβάς
840 3003 981 3070 ἐςτι,
1020 3006 1300 3070 μονογενῆ
1341 3003 1846 3071 προπαροξύνεται.
1916 3003 1987 3056 τὸ
2024 3003 2083 3055 δὲ
2120 3002 2329 3067 ἀγαθός
2373 3002 2621 3069 τριγενές
2657 3002 2785 3056 ἐςτι.
2855 3005 3009 3057 Idem
3043 3020 3221 3056 canon

632 3083 717 3127 est
753 3074 921 3124 etiam
958 3090 1010 3139 p.
1046 3077 1131 3137 55,
1172 3077 1250 3136 13,
1287 3075 1383 3126 ubi
1419 3074 1643 3124 additur
1675 3073 2024 3140 Tryphonem
2062 3074 2229 3124 aliter
2262 3079 2617 3139 praeceptum
2661 3074 3038 3124 constituisse:
3078 3072 3218 3137 Τρύ-

629 3157 762 3207 φων
798 3142 859 3193 δὲ
896 3141 1108 3193 οὕτως·
1176 3140 1248 3192 τὰ
1294 3139 1372 3193 εἰς
1414 3144 1479 3194 ο“ς
1515 3143 1743 3206 τριγενῆ
1791 3138 2198 3206 παραλήγοντα
2242 3144 2327 3205 τῷ
2373 3142 2408 3191 ἃ
2454 3140 2544 3191 καὶ
2583 3139 2786 3204 ἔχοντα
2833 3139 2894 3192 ἐν
2938 3145 3010 3207 τῇ
3055 3139 3219 3205 τρίτῃ

628 3210 744 3262 ἀπὸ
791 3209 993 3261 τέλους
1039 3209 1281 3276 ςυλλαβῇ
1335 3213 1371 3260 ᾶ
1423 3209 1706 3274 ὀξύνεται,
1763 3207 2036 3274 μαδαρός,
2084 3207 2396 3272 πλαδαρός,
2454 3207 2691 3272 ἀγανός,
2745 3208 2932 3261 οὕτως
2976 3208 3080 3260 οὖν
3126 3209 3218 3259 καὶ

628 3276 854 3341 ἀγαθός.
933 3274 1301 3342 ςεςημείωται
1344 3277 1414 3329 τὸ
1461 3276 1752 3342 κάρχαρος.
1834 3275 2131 3341 βαρύνεται
2173 3275 2236 3328 δὲ
2282 3279 2480 3328 τοῦτο·
2534 3275 2605 3328 τὰ
2649 3275 2755 3342 γὰρ
2801 3276 2889 3328 διὰ
2932 3280 3035 3329 τοῦ
3083 3280 3219 3342 &oe

629 3345 783 3409 (hinc
828 3362 1005 3397 canon
1049 3346 1434 3397 Herodianeus
1478 3347 1758 3412 profertur
1801 3347 1872 3395 ef.
1923 3345 2116 3396 Arcad.
2164 3348 2256 3408 70,
2305 3346 2389 3409 10)
2438 3343 2678 3409 ώςπῖρεί
2725 3344 3218 3411 δεδιπλαςιαςμένα

629 3413 991 3478 βαρύνονται,
1033 3411 1344 3479 μάρμαρος,
1387 3412 1691 3479 Γάργαρος,
1729 3411 2047 3479 Τάρταρος,
2086 3411 2375 3478 βάρβαρος.
2436 3412 2622 3465 οὕτως
2659 3411 2762 3465 οὖν
2799 3415 2888 3465 καὶ
2926 3412 3217 3480 κάρχαρος.

629 3510 693 3519 -
730 3483 905 3533 Omisi
940 3479 1200 3546 Φάραθος
1238 3481 1402 3534 πόλις
1447 3484 1550 3547 τῆς
1592 3480 1894 3533 Γαλιλαίας.
1968 3480 2232 3547 Ἰώςηπος
2276 3480 2521 3547 πέμπτῳ
2571 3480 2871 3547 Ἰουδαϊκῆς
2927 3481 3217 3547 ἀρχαιολο-

626 3547 752 3612 γίας
787 3566 876 3632 ap.
915 3551 998 3601 St.
1032 3552 1123 3612 Β.,
1161 3552 1291 3616 quia
1328 3551 1567 3602 fortasse
1607 3566 1674 3601 ex
1710 3547 1994 3614 Φαραθών
2030 3552 2120 3601 vel
2156 3547 2402 3613 Φαραθὼ
2439 3555 2748 3615 corruptum
2784 3558 2886 3602 est.
3110 3553 3146 3602 1.
3183 3557 3216 3605 3

627 3617 739 3682 ἀφ’
773 3632 841 3670 ου
878 3615 1130 3683 Λαπίθης
1167 3618 1359 3668 addidi
1396 3634 1465 3669 ex
1502 3621 1583 3672 st.
1623 3618 1686 3668 B.
1727 3621 1851 3681 132,
1893 3621 1936 3668 1.
1971 3645 2036 3653 —
2075 3617 2143 3668 de
2179 3616 2385 3669 άκυθος
2430 3619 2500 3667 cf.
2548 3620 2612 3672 E.
2648 3618 2723 3672 M.
2758 3621 2852 3682 55,
2888 3622 2980 3682 20,
3017 3621 3113 3671 ubi
3147 3621 3214 3672 de

627 3686 732 3736 scri
775 3692 897 3736 tura
932 3685 1139 3738 ἆκυθος
1175 3693 1234 3737 et
1268 3685 1474 3738 ἄκυτος
1513 3687 1712 3752 agitur.
1761 3684 2125 3748 μαμμάκυθος
2163 3686 2341 3736 adieci
2378 3701 2447 3736 ex
2483 3685 2729 3752 Theogn.
2765 3690 2847 3745 59.
2884 3690 2935 3752 2,
2973 3685 3216 3754 Αίνηθος

627 3781 693 3789 --
730 3702 1040 3819 ἓεςάρηθος
1077 3770 1145 3805 ex
1182 3754 1260 3804 St.
1295 3755 1385 3816 Β.,
1427 3752 1678 3819 Κάνηθος
1713 3782 1779 3789 -
1816 3751 2060 3819 (έβηθος
2095 3770 2162 3805 ex
2199 3754 2447 3819 Theogn.
2483 3770 2517 3803 a
2552 3755 2687 3809 Lob.
2728 3755 2891 3806 Proll.
2927 3758 3027 3806 364
3062 3773 3214 3823 seqq.

628 3822 946 3886 emendata,
994 3819 1262 3886 ἐπίληθος
1309 3838 1376 3872 ex
1425 3822 1606 3876 Schol.
1642 3822 1747 3872 od.
1794 3821 1826 3872 δ
1862 3825 1987 3872 2213
2035 3821 2067 3873 ό
2114 3819 2526 3887 Ἀςκαλωνίτης
2570 3826 2922 3889 προπεριςπᾷ
2969 3827 3217 3890 μετοχὴν

626 3888 870 3941 ἀκούων.
953 3888 1306 3955 Ἀρίςταρχος
1357 3888 1421 3941 δὲ
1474 3888 1890 3955 προπαροξύνει
1946 3889 2128 3952 ὄνομα
2181 3888 2569 3953 ἐκδεχόμενος·
2625 3890 2781 3941 οὕτω
2835 3890 2896 3943 δὲ
2942 3892 3031 3943 καὶ
3078 3893 3216 3956 ἡμῖν

627 3956 869 4023 ἀρέςκει,
917 3957 1043 4010 ἐπεὶ
1088 3958 1180 4009 καί
1223 3957 1296 4009 τὰ
1341 3956 1683 4023 προκείμενα
1727 3956 1963 4010 ἐπίθετα
2013 3956 2086 4022 ήν
2138 3957 2458 4022 «νηπενθές
2502 3956 2565 4008 τ’
2608 3957 2817 4022 ἄχολόν
2862 3973 2983 4013 τε».
3060 3962 3215 4012 Idem

626 4028 954 4079 vocabulum
989 4027 1262 4077 contineri
1297 4027 1515 4078 videtur
1548 4029 1607 4077 in
1640 4028 1912 4092 corruptis
1936 4026 2301 4092 Theognosfi,
2341 4027 2409 4076 de
2436 4026 2633 4092 quibus
2657 4028 2901 4078 Lobeck.
2928 4030 3213 4096 despero-tt

626 4095 933 4146 θωνεκιθος
969 4099 1027 4145 et
1061 4092 1346 4158 ὀλόκιθος,
1384 4095 1442 4145 in
1479 4110 1708 4161 qnorum
1741 4095 1923 4160 priore
1950 4094 2125 4145 latere
2160 4096 2355 4161 opinor
2388 4096 2581 4146 κακῶν
2616 4093 2917 4160 ἐπίληθον,
2956 4097 3013 4147 in
3038 4097 3216 4149 altero

629 4163 661 4213 ό
698 4161 945 4225 λέκιθος;
985 4178 1156 4228 saepe
1194 4163 1340 4213 enim
1376 4165 1704 4215 somnolenti
1740 4164 2135 4229 epitomatores
2168 4163 2261 4214 vel
2298 4161 2511 4214 librarii
2536 4164 2829 4215 articulum
2853 4180 2973 4215 cum
2997 4167 3215 4218 nomine

627 4232 686 4280 in
722 4247 891 4281 unum
925 4235 1315 4281 contraxerunt
1348 4237 1412 4281 ut
1450 4231 1654 4283 factum
1690 4237 1779 4282 est
1809 4232 1868 4281 in
1905 4232 1968 4281 Ε.
2002 4229 2075 4280 Μ.
2110 4233 2228 4293 425,
2267 4233 2300 4282 3
2336 4229 2541 4296 ήλαξός
2580 4248 2675 4297 pro
2710 4231 2746 4296 ἠ
2784 4231 2965 4284 λαξός.
3014 4231 3215 4286 Ναύαι-

627 4299 754 4364 θος,
793 4315 891 4365 pro
928 4314 1036 4364 qno
1072 4299 1317 4366 Theogn.
1358 4298 1659 4352 Τενεαιθος
1696 4301 1731 4351 i.
1753 4316 1801 4350 e.
1844 4297 2076 4350 Νέαιθος
2111 4299 2309 4363 habet,
2348 4327 2411 4336 —-
2447 4297 2733 4361 Δάμαιθος
2770 4308 2898 4353 sunt
2924 4318 2990 4352 ex
3018 4303 3098 4357 St.
3125 4302 3212 4366 Β.,

627 4367 776 4431 apud
813 4383 976 4432 quem
1011 4383 1053 4419 s.
1091 4364 1422 4433 Πρυμνηςία
1457 4370 1626 4419 etiam
1663 4366 1968 4431 Μίμαιθος,
2009 4367 2153 4432 quod
2188 4367 2431 4423 Meinek.
2471 4384 2536 4418 ex
2573 4366 2859 4431 Δάμαιθος
2902 4375 3214 4435 corruptum

627 4441 804 4499 putat.
945 4435 980 4490 l.
1021 4438 1082 4486 11
1122 4433 1391 4488 Κύναιθος
1431 4453 1498 4487 ex
1533 4437 1781 4501 Theogn.
1817 4439 1901 4497 59,
1939 4441 1972 4487 5
2006 4440 2065 4486 et
2101 4435 2186 4486 St.
2212 4436 2273 4486 B.
2309 4439 2424 4500 393,
2463 4439 2511 4487 3.
2561 4433 2873 4499 Ὀλίγαιθος
2909 4465 2976 4474 -·
3015 4436 3214 4502 Ἀρίαι-

624 4503 722 4554 θος
760 4520 828 4554 ex
865 4503 1113 4570 Theogn.
1149 4530 1218 4540 —
1253 4502 1459 4569 βοηθός
1496 4521 1564 4555 ex
1601 4503 1843 4569 βοηθόος
1888 4509 2233 4554 contractum
2277 4509 2567 4554 accentum
2611 4504 2668 4554 in
2705 4504 2897 4556 ultima
2940 4506 3106 4557 habet
3150 4513 3215 4557 ut

625 4570 818 4634 λαξός,
865 4587 987 4622 cnm
1034 4588 1141 4637 quo
1189 4578 1539 4636 comparatur
1582 4574 1640 4622 in
1684 4574 1750 4623 Ε.
1797 4573 1872 4621 Μ.
1920 4572 1955 4622 1.
1993 4588 2038 4621 c.
2087 4580 2143 4623 et
2196 4570 2426 4636 δορυξός
2471 4589 2524 4638 p.
2562 4575 2688 4635 283,
2727 4576 2809 4624 34.
2854 4601 2919 4609 --
2967 4574 3211 4640 κακηθός

624 4639 764 4689 alian
802 4656 1065 4705 perversa
1101 4639 1327 4690 serioris
1366 4641 1573 4691 aetatis
1607 4641 2068 4706 pronunciatione
2114 4642 2171 4689 in
2208 4639 2431 4690 κακιθός
2470 4656 2785 4705 perversum
2829 4648 2938 4706 est,
2984 4659 3080 4709 pro
3117 4641 3212 4693 κά-

625 4721 807 4758 κιςτος
855 4724 976 4758 οιιιιι
1023 4707 1214 4758 Iacobi
1259 4713 1483 4774 propter
1526 4707 1679 4759 Suid.
1724 4726 1767 4759 s.
1817 4725 1867 4758 v.
1914 4706 2139 4759 κάκιθος
2186 4706 2218 4758 ό
2265 4706 2624 4771 κακιζόμενος
2670 4709 2893 4761 exhibui
2937 4711 3213 4763 κακιςτός.

622 4776 695 4824 ef.
736 4775 1001 4826 Schmidt.
1036 4777 1107 4826 ad
1145 4776 1385 4839 Hesych.
1423 4791 1469 4826 ε.
1507 4792 1557 4828 v·
1696 4776 1730 4826 1.
1768 4779 1832 4827 15
1872 4774 2209 4842 Ἐρύμανθος
2245 4776 2465 4841 explevi
2502 4793 2569 4827 ex
2606 4778 2687 4827 St.
2716 4780 2803 4836 Β.,
2841 4777 3119 4830 Ἄκανθος
3143 4808 3211 4815 —-

624 4840 910 4908 Ψίναφθος
936 4861 1002 4893 ex
1024 4844 1202 4908 St.B.‚
1221 4842 1529 4896 Ὑάκυνθος
1548 4872 1611 4880 -
1632 4843 2009 4910 Τρικόρυνθος
2029 4861 2095 4896 ex
2116 4845 2271 4899 ΜΒ.
2292 4852 2513 4910 praeter
2532 4845 2771 4898 όλυνθος
2795 4848 3210 4916 appellativum,
