3664 5546
1185 394 1343 450 ΠΕΡΙ
1385 394 1779 452 ΚΑΘΟΛΙΚΗ(
1814 395 2238 451 ΠΡΟΕΩιΔΙΑ(
2278 395 2348 449 Ις.
2940 397 3069 462 455

476 567 581 631 καὶ
634 571 943 647 χαιριῶ,
999 566 1358 648 ἐρευθιῶ,
1416 570 1755 650 φλεγιῶ,
1810 572 2134 649 κνηθιῶ,
2193 575 2486 649 κνιφιῶ
2538 570 2682 636 κατ’
2737 569 3064 636 ἐπέκταειν

474 672 591 732 τοῦ
635 668 669 731 ῖ
720 667 1038 747 γενόμενα
1093 668 1269 747 παρὰ
1321 669 1398 732 τὸ
1451 667 1684 750 χαίρω,
1740 667 2015 752 ἐρεύθω,
2071 670 2328 753 φλέγω,
2374 671 2618 753 κνήθω,
2674 670 2899 751 κνίφω.
2987 672 3064 736 τὸ

475 770 547 834 δὲ
591 769 819 834 ἐεθίω
872 770 977 834 καὶ
1030 770 1191 835 αὐτὸ
1236 769 1564 835 έπέκταειν
1608 774 1727 834 τοῦ
1770 775 1804 835 ἰ’
1849 772 2049 850 λαβὸν
2094 772 2198 835 καὶ
2239 770 2385 836 ἀίω
2442 773 2543 836 καὶ
2597 771 2788 836 ἀτίω
2844 773 3062 837 εύνθε-

471 891 590 936 τον
647 870 1048 951 βαρύνονται.
1148 872 1224 936 τὸ
1282 873 1354 937 δὲ
1411 871 1678 936 δειδίω
1734 872 1814 936 οὐ
1872 871 2085 951 ῥητόν.
2172 873 2249 937 τὸ
2316 874 2439 951 γὰρ
2495 873 2772 939 «δείδιε»
2828 873 2908 955 (C
2954 872 3060 954 34,

472 971 526 1037 Ω
555 970 712 1054 358)
755 972 876 1052 οὐχ
888 1021 909 1057 ,
955 972 1044 1038 ὥς
1084 993 1253 1040 τινες
1284 972 1565 1050 οἴονται,
1608 972 1867 1039 ἀπαιτεῖ
1909 956 2188 1053 θέμα”τό
2235 974 2476 1039 δειδίω·
2521 975 2577 1040 εἰ
2621 977 2693 1039 δὲ
2736 976 2840 1040 καὶ
2870 975 3057 1039 ἀπαι-
3087 982 3122 1034 5

470 1075 657 1158 τήεῃ,
714 1074 784 1138 ἐκ
827 1076 1297 1154 παρακειμένου
1343 1075 1423 1139 ἂν
1468 1073 1567 1154 εἴη
1611 1076 1986 1155 γενόμενον.
2075 1075 2151 1140 τὸ
2196 1077 2267 1140 δὲ
2311 1076 2547 1156 κηκίω
2589 1077 2666 1141 τὸ
2711 1076 3064 1156 ἀναδίδωμι

471 1177 542 1242 ἐκ
571 1179 1314 1256 διπλαειαεμοῦοιιπολλὴ
1346 1177 1414 1241 δ’
1442 1177 1774 1256 ἀνεκήκιεν
1805 1176 2033 1256 ἅλμη».
2098 1178 2173 1242 τὸ
2221 1179 2291 1243 δὲ
2334 1179 2622 1256 μαετίω
2666 1179 2813 1243 κατ’
2857 1178 3058 1243 ἔλλει-

454 1271 589 1357 ’ψιν
632 1282 751 1342 τοῦ
788 1264 823 1345 ἶ
866 1278 999 1343 ἀπὸ
1042 1282 1160 1342 τοῦ
1203 1278 1489 1358 μαετίζω.
1577 1277 1810 1343 (πάνια
1855 1278 1927 1343 δέ
1971 1277 2082 1343 εἰει
2127 1279 2207 1370 τὰ
2251 1280 2595 1359 διεύλλαβα
2638 1279 2798 1345 κατὰ
2841 1299 3058 1345 eucro-
3159 1353 3166 1368 ,

471 1382 590 1458 λὴν
650 1383 768 1444 τοῦ
811 1377 877 1461 ἶ,
947 1380 1039 1445 ώε
1101 1380 1206 1445 καὶ
1267 1381 1343 1445 τὸ
1409 1378 1543 1443 δίω
1609 1378 1781 1456 «τρὶε
1847 1381 1995 1459 περὶ
2035 1379 2212 1460 ζᾶετυ
2267 1380 2427 1459 μέγα
2479 1381 2802 1461 Πριάμοιο
2870 1382 3056 1448 δίον»

467 1478 576 1562 (11.
638 1481 689 1547 Χ
741 1479 896 1563 251)
948 1480 1050 1546 καὶ
1103 1481 1180 1546 τὸ
1238 1482 1615 1547 «κνώδαλον
1669 1480 1769 1545 ὅτι
1826 1479 2071 1546 δίοιτο»
2127 1479 2280 1564 (Od.
2331 1502 2369 1559 ρ
2413 1482 2568 1564 317)
2621 1484 2725 1547 καὶ
2787 1488 2926 1547 διῶ
2978 1485 3056 1550 τὸ
3095 1490 3161 1543 10

469 1584 714 1666 διώκω,
772 1582 958 1648 ἔνθεν
1012 1583 1088 1647 τὸ
1144 1582 1312 1662 δίημι
1357 1583 1650 1666 ἐγένετο,
1705 1583 1867 1660 παρ’
1910 1583 1949 1647 ὃ
2003 1583 2079 1647 τὸ
2126 1582 2353 1647 «ἵπποι
2397 1583 2771 1661 ἀερείποδεε
2814 1585 3058 1651 πολέος

467 1684 717 1750 πεδίοιο
763 1683 1041 1749 δίενται»
1099 1684 1203 1749 καὶ
1252 1682 1502 1749 «αὕτως
1547 1679 1874 1749 ἐνδίεεαν»
1919 1681 2023 1765 (Il.
2070 1683 2114 1747 C
2155 1682 2342 1767 584),
2398 1683 2491 1748 ἴω
2535 1687 2637 1750 καὶ
2685 1685 2770 1750 ἰῶ
2813 1685 2890 1751 τὸ
2935 1707 3055 1751 πο-

469 1786 734 1864 ρεύομαι
778 1786 882 1850 καὶ
921 1785 1058 1850 τίω
1111 1786 1189 1850 τὸ
1243 1792 1434 1868 τιμῶ,
1490 1792 1630 1850 τιῶ
1683 1786 1755 1850 δὲ
1799 1787 1875 1850 τὸ
1930 1791 2202 1864 τιμωρῶ.
2290 1787 2367 1851 τὸ
2413 1788 2485 1852 δὲ
2531 1791 2666 1866 βιῶ
2721 1790 2882 1867 βιοῖ(
2927 1791 3057 1869 βιοῖ

466 1889 542 1952 τὸ
587 1893 710 1969 ζῶ,
757 1892 894 1968 βιῶ
938 1889 1009 1952 δὲ
1055 1890 1190 1971 βιᾷε
1235 1891 1337 1971 βιᾷ
1379 1888 1456 1952 τὸ
1502 1887 1712 1968 βιάζω.
2345 1913 2354 1922 ·

633 2023 729 2087 Τὰ
767 2022 857 2087 εἰ(
897 2025 953 2087 ὦ
996 2023 1279 2101 καθαρὸν
1332 2022 1571 2101 ἔχοντα
1612 2026 1645 2085 ἶ
1699 2023 2121 2102 ἐκτεταμένον
2179 2025 2548 2106 βαρύνεται,
2605 2024 2659 2088 εί
2714 2026 2796 2103 μὴ
2843 2023 3053 2105 ὄνομα
3095 2033 3155 2083 15

464 2125 636 2208 ἔχοι,
684 2124 834 2203 ψίω
864 2124 941 2189 τὸ
973 2123 1452 2206 ἐμβρωματίζω,
1485 2125 1621 2188 λίω
1661 2125 1738 2191 τὸ
1770 2126 1971 2208 θέλω,
2015 2116 2196 2206 π’ίω,
2227 2124 2355 2204 ἀφ’
2400 2122 2480 2188 οὗ
2511 2123 2549 2187 ὁ
2581 2125 2834 2204 μέλλων
2865 2126 3050 2209 πίεω,

463 2224 590 2305 ἀφ’
633 2224 713 2290 οὗ
756 2226 1059 2309 πιπίεκω,
1100 2224 1193 2291 ἵω
1238 2226 1276 2290 ὃ
1322 2226 1425 2290 καὶ
1452 2229 1860 2308 περιεπᾶται,
1905 2224 1970 2291 ἐξ
2017 2224 2096 2290 οὗ
2132 2226 2235 2290 καὶ
2276 2225 2442 2307 ἵημι,
2487 2226 2800 2304 μνίω,τὸ
2846 2227 3049 2311 ἐεθίω,

464 2328 703 2406 δηρίω
759 2328 860 2390 καὶ
913 2331 1158 2406 δηριῶ
1212 2327 1698 2405 περισπώμενον
1760 2328 1879 2404 «δὴ
1935 2326 2081 2391 τότε
2127 2326 2482 2405 δηριόωντο
2525 2327 2903 2394 Ποεειδάων
2949 2331 3050 2393 καὶ

462 2428 871 2511 Ἀπόλλων»,
917 2427 1156 2508 μητίω
1201 2428 1303 2491 καὶ
1347 2433 1620 2511 μητιῶ,
1666 2428 1944 2510 κονίω,
1989 2427 2236 2510 μηνίω
2278 2428 2354 2494 τὸ
2401 2428 2730 2507 ὀργίζομαι
2776 2429 2815 2495 ὃ
2860 2434 3046 2509 διφο·

464 2602 501 2609 .-
584 2601 657 2607 ——.
708 2601 735 2605 ι-
768 2601 811 2604 --ι-
836 2600 865 2606 -.

462 2723 511 2771 ’ω
550 2717 801 2785 λήγοντα
836 2715 1059 2786 ῥήματα
1105 2717 1352 2783 ὁριετικὰ
1396 2717 1707 2769 ἑνεετῶτοε
1745 2718 1979 2784 χρόνου,
2030 2717 2080 2770 εί
2124 2718 2283 2783 λάβοι
2329 2719 2627 2771 ἐπέκταειν
2661 2723 2766 2772 τοῦ
2805 2723 2857 2786 ἴ,
2895 2735 3046 2788 περι-

460 2788 693 2840 επᾶεθαι
740 2786 890 2840 θέλει
934 2785 1111 2851 χαίρω
1158 2788 1351 2852 χαιριῶ
1387 2815 1454 2825 -
1488 2785 1633 2837 ἀλλὰ
1678 2785 1855 2849 μόνον
1898 2786 1967 2838 τὸ
2006 2786 2171 2839 ἑεθίω
2218 2787 2537 2853 βαρύνεται·
2592 2789 2661 2841 τὸ
2708 2789 2815 2855 γὰρ
2858 2788 3044 2854 δείδιε,

460 2854 565 2921 οὐχ
601 2854 680 2907 ὥς
714 2869 866 2907 τινε(
902 2852 1118 2906 οἴονται
1154 2880 1219 2890 -—-
1255 2853 1327 2905 ἂν
1363 2852 1451 2918 εἴη
1487 2853 1814 2920 γενόμενον.
2020 2857 2056 2906 l.
2094 2860 2126 2907 3
2171 2857 2261 2907 καί
2297 2854 2442 2908 αὐτὸ
2478 2883 2544 2893 -
2580 2856 2756 2920 λαβὸν
2792 2859 3047 2924 supplevi

460 2923 713 2975 consulto
746 2923 868 2977 Ιοοο
902 2921 1316 2974 Monadicorum
1360 2928 1418 2973 et
1451 2922 1721 2974 (ύνθετον
1758 2939 1792 2973 a
1835 2925 1996 2988 posui
2040 2924 2111 2974 ad
2155 2921 2298 2975 ἀτίω
2345 2941 2412 2976 ex
2447 2925 2634 2978 Dichr.
2672 2926 2800 2985 298,
2841 2929 2929 2977 10:
2973 2926 3046 2978 τὰ

458 2990 537 3044 είε
575 2994 625 3043 ‘w‘
660 2990 912 3055 λήγοντα
948 2988 1163 3055 καθαρὰ
1199 2988 1481 3056 βαρύτονα
1507 2989 1757 3055 ῥήματα,
1794 2938 1939 3055 ἕπερ
1964 2990 2063 3042 δύο
2089 2991 2360 3055 ευλλαβὰε
2385 2991 2740 3057 ὑπάρχοντα,
2781 2990 2831 3044 εί
2865 3007 3041 3058 παρα-

457 3058 691 3124 λήγοιτο
729 3062 763 3110 ῖ
798 3058 981 3138 μόνι-μ,
1020 3056 1575 3125 ἑκτεταμένῳ,αὐτῷ
1613 3057 2023 3124 παραλήγεται,
2061 3060 2231 3124 χωρὶς
2269 3058 2319 3111 εί
2346 3059 2420 3124 μὴ
2455 3058 2692 3111 εύνθετα
2729 3059 2817 3126 εἴη
2842 3061 2877 3124 ἢ
2905 3061 3043 3113 κατ’

458 3143 710 3208 ἔλλειψιν
754 3147 858 3196 τοῦ
897 3146 953 3208 ζ,
991 3140 1186 3207 κυλίω,
1224 3140 1392 3206 ἀλίω,
1433 3140 1644 3207 μηνίω,
1680 3142 1888 3208 δηρίω,
1926 3142 2128 3206 κονίω,
2169 3141 2306 3195 ἰδίω.
2349 3144 2420 3196 τὸ
2456 3144 2518 3196 δὲ
2554 3142 3042 3209 ἑεθίωρυετέλλει

455 3228 526 3281 τὸ
559 3230 612 3281 ῖ.
679 3227 1043 3294 ἐφυλαξάμην
1078 3227 1140 3279 δὲ
1174 3225 1412 3279 εύνθετα
1450 3225 1538 3278 διὰ
1572 3227 1642 3278 τὸ
1678 3226 1821 3278 ἀτίω
1857 3226 1968 3292 τήν
2002 3242 2067 3279 τε
2104 3227 2354 3292 ἔλλειψιν
2388 3232 2492 3280 τοῦ
2528 3231 2558 3282 ζ
2593 3228 2681 3280 διὰ
2704 3229 2775 3280 τὸ
2811 3228 3040 3293 μαετίω.

454 3296 526 3349 τὸ
561 3295 622 3348 δὲ
657 3293 843 3348 δειδίω
879 3294 948 3348 οὐ
984 3295 1176 3362 ῥητόν.
1247 3294 1316 3345 τὸ
1362 3294 1424 3346 δὲ
1470 3309 1501 3344 κ
1543 3292 1648 3346 κίω
1695 3294 1757 3346 ἑκ
1801 3295 2197 3359 διπλαειαεμοῦ
2234 3298 2463 3361 «πολλὴ
2502 3298 2654 3349 κτλ.»
2724 3299 2807 3348 De
2853 3295 3039 3351 δειδίω

454 3364 723 3415 Arcadius
759 3364 896 3415 haee
939 3364 1132 3415 habet:
1185 3362 1256 3414 τὸ
1303 3362 1365 3414 δὲ
1408 3361 1523 3413 δειδ
1547 3377 1594 3412 ω
1641 3363 1731 3414 καὶ
1778 3360 1958 3428 κηκίω
2004 3361 2446 3416 δεδιπλαείαὲται
2491 3363 2607 3417 ἀπὸ
2649 3367 2753 3416 τοθ
2800 3360 2904 3416 δίω
2949 3365 3039 3417 καὶ

455 3429 589 3496 κίω,
641 3432 870 3482 Lasear.
912 3435 1032 3494 171,
1070 3434 1161 3482 29:
1215 3430 1285 3482 τὸ
1321 3429 1383 3482 δὲ
1418 3428 1605 3482 δειδίω
1643 3432 1734 3481 καὶ
1780 3428 1959 3495 κηκίω
2005 3431 2076 3482 τὸ
2112 3430 2418 3495 ἀναδίδωμι
2462 3432 2579 3484 ἀπὸ
2623 3432 3037 3495 διπλαειαεμοθ.

456 3501 613 3563 Quae
686 3515 838 3550 arum
873 3504 1134 3550 accurate
1169 3498 1349 3549 relata
1389 3515 1456 3548 ex
1497 3499 1619 3564 ipso
1654 3499 1975 3550 Herodiano
2021 3505 2253 3565 utroque
2291 3500 2411 3550 loco
2446 3500 2695 3553 consulto
2731 3502 3040 3552 immutavi.

454 3567 526 3618 cf.
562 3516 740 3617 LeErs
776 3568 848 3617 ad
884 3567 1086 3618 Herod.
1130 3566 1164 3617 1.
1204 3584 1250 3621 ο.
1299 3572 1357 3616 et
1392 3567 1527 3617 Lob.
1568 3567 1759 3617 Rhem.
1797 3570 1887 3628 19;
1935 3567 2182 3633 Theogn.
2223 3570 2345 3628 149,
2383 3570 2468 3619 26.
2519 3595 2587 3605 -
2644 3568 2679 3618 1.
2716 3571 2745 3618 7
2781 3567 2917 3619 κατ’
2951 3568 3037 3619 ἔλ-

453 3635 639 3698 λειψιν
677 3650 744 3685 ox
780 3635 970 3685 Dichr.
1006 3636 1230 3686 inserui.
1301 3631 1419 3685 δίωΔ
1442 3640 1500 3684 et
1534 3633 1636 3685 διῶ
1675 3635 1901 3699 explevi
1936 3651 2004 3685 ex
2040 3635 2109 3687 11.
2148 3636 2298 3687 Pros.
2332 3635 2381 3689 Ψ
2414 3638 2540 3689 475:
2579 3635 2788 3689 πολέος
2822 3633 3044 3689 πεδίοιο

451 3700 686 3754 δίενταιε
726 3700 960 3765 εἴπομεν
995 3701 1063 3766 δὴ
1102 3701 1180 3752 ώε
1217 3701 1329 3752 ἐετι
1373 3701 1465 3752 καὶ
1508 3700 1611 3752 δίω
1658 3701 2070 3765 βαρυνόμενον,
2118 3701 2150 3753 ὃ
2188 3701 2440 3766 εημαίνοι
2488 3702 2558 3754 ἂν
2605 3703 2822 3767 διώκω,
2871 3702 3037 3755 ἔνθεν

451 3769 523 3823 τὸ
557 3770 719 3835 «τρὶς
755 3772 908 3822 κτλ.»
945 3769 1035 3821 καὶ
1070 3768 1140 3820 τὸ
1175 3767 1514 3820 «κνώδαλον
1560 3770 1712 3821 κτλ.»
1758 3770 1849 3820 καί
1896 3769 2352 3834 περιεπώμενον,
2399 3770 2565 3822 ἔνθεν
2609 3771 2679 3823 τὸ
2725 3769 2875 3835 δίημι
2920 3770 3036 3833 ἐγέ-

452 3852 612 3902 νετο,
660 3838 801 3901 παρ’
834 3837 868 3889 ὃ
903 3836 972 3889 τό
1008 3835 1372 3901 «ἀερείποδεε
1421 3837 1573 3889 κτλ.»
1608 3838 1698 3888 καί
1735 3836 1966 3888 «αὕτως
2013 3836 2304 3891 ἐνδίεεαν»
2353 3845 2410 3889 et
2456 3838 2513 3891 Μ
2550 3841 2675 3889 276:
2721 3838 2792 3890 τὸ
2829 3836 3035 3892 δίεεθαι

449 3904 487 3967 ἡ
526 3904 822 3970 παράδοειε
858 3903 1271 3971 προπαροξύνει
1308 3904 1398 3955 καὶ
1434 3903 1637 3969 ἔχομεν
1684 3904 1870 3956 ἐκεῖνο
1906 3905 2118 3969 λέγειν,
2167 3905 2254 3957 ὅτι
2299 3906 2348 3957 εί
2393 3906 2550 3958 οἶδεν
2599 3906 2632 3958 ὁ
2678 3908 2918 3971 ποιητὴς
2963 3906 3033 3958 τὸ

449 3971 661 4025 δίενται
697 3972 785 4037 (11.
820 3972 869 4026 Ψ
902 3975 1025 4032 475)
1065 3971 1143 4023 ώε
1178 3970 1428 4024 τίθενται
1466 3973 1555 4023 καί
1592 3970 1848 4025 ἐτίθεεαν
1882 3973 1952 4024 τὸ
1988 3972 2401 4037 ἀπαρέμφατον
2436 3972 2708 4036 τίθεεθαι,
2747 3972 2904 4025 οὕτω
2943 3974 3034 4025 καὶ

449 4039 566 4093 ἀπὸ
600 4043 705 4093 τοῦ
742 4038 947 4092 «ἵπποι
992 4038 1316 4103 ἀερείποδεε
1362 4040 1515 4091 κτλ.»
1559 4041 1648 4092 καί
1684 4041 1917 4093 «αὕτως
1964 4040 2259 4093 ἐνδίεεαν»
2303 4040 2522 4103 γένοιτ’
2555 4040 2628 4092 ἂν
2672 4041 2741 4092 τὸ
2788 4039 3032 4104 ἀπαρέμ-

449 4121 637 4172 φατον
671 4106 903 4171 δίεεθαι,
945 4108 1087 4160 ὥετε
1126 4109 1216 4158 καὶ
1252 4107 1366 4159 ἀπὸ
1401 4110 1524 4158 τῶν
1560 4107 1639 4160 εἰ(
1678 4113 1734 4171 μὶ
1772 4107 2182 4173 ἑεχημάτιεται·
2229 4108 2319 4159 καὶ
2364 4107 2495 4159 δέον
2532 4107 2646 4160 ἑετὶ
2682 4108 2751 4159 τὸ
2788 4105 2891 4159 δίω
2940 4109 3031 4171 βα-

447 4175 762 4241 ρυνόμενον
806 4175 954 4228 πολὺ
992 4174 1275 4241 πρότερον
1311 4178 1696 4242 περιεπᾶεθαι,
1739 4175 1836 4227 ἵνα
1880 4174 2190 4239 ἀποτελέεῃ
2235 4175 2305 4225 τὸ
2351 4173 2528 4239 δίημι,
2567 4174 2621 4227 ἐξ
2666 4174 2733 4226 οὗ
2782 4173 3032 4226 ἑνδίεεαν

448 4244 541 4296 καὶ
574 4242 797 4297 δίεεθαι.
867 4245 940 4296 cf.
982 4243 1021 4297 Ρ
1060 4247 1183 4305 110,
1237 4241 1276 4295 C
1317 4247 1412 4295 162
1451 4250 1509 4295 et
1541 4248 1668 4309 584,
1724 4244 1863 4295 Lob.
1900 4244 2093 4295 Rham.
2133 4245 2229 4293 144
2265 4250 2320 4292 et
2359 4245 2473 4293 190.
2524 4270 2587 4279 —
2644 4243 2678 4293 l.
2721 4246 2784 4294 13
2819 4244 2923 4295 τιῶ
2959 4244 3030 4295 τὸ

446 4313 678 4377 τιμωρῶ
716 4312 909 4363 addidi
943 4328 1011 4363 ex
1044 4314 1207 4362 Lase.
1247 4314 1360 4375 171,
1398 4315 1481 4365 32.
1621 4313 1656 4362 l.
1696 4315 1757 4361 16
1793 4308 1900 4362 λίω
1939 4327 2037 4377 per
2069 4310 2140 4362 τὸ
2176 4308 2327 4361 θέλω
2366 4311 2644 4374 explicavi
2679 4327 2748 4361 ex
2785 4311 3032 4374 Theogn.

449 4382 569 4445 146,
606 4383 697 4439 35,
754 4382 849 4445 qui
886 4381 1056 4431 habet
1101 4377 1207 4431 λίω
1244 4378 1335 4429 καὶ
1378 4378 1523 4430 αὐτὸ
1570 4379 1910 4444 διφορεῑταιν,
1956 4377 2194 4441 γεγονὸς
2229 4377 2345 4429 ἀπὸ
2389 4379 2494 4429 τοῦ
2532 4379 2615 4429 λῶ
2653 4379 2757 4429 λιῶ
2794 4381 2898 4429 τοῦ
2935 4378 3030 4443 δη-

447 4449 684 4500 λοθντοε
728 4448 800 4498 τὸ
845 4446 1022 4511 θέλω,
1068 4446 1179 4510 ἀφ’
1214 4444 1281 4497 οὗ
1329 4447 1418 4497 καί
1461 4446 1532 4498 τὸ
1577 4446 1800 4511 λιαρόν,
1850 4445 1927 4497 ώε
1975 4446 2066 4497 καὶ
2111 4446 2181 4498 τὸ
2226 4442 2458 4510 χλιαίνω
2504 4445 2735 4510 χλιαρόν
2781 4444 2887 4509 (sic
2931 4462 3029 4511 pro

446 4517 601 4578 χαλῶ
645 4514 888 4580 χαλερόν
932 4532 1000 4567 ex
1046 4516 1111 4569 E.
1148 4514 1221 4565 M.
1264 4513 1489 4579 χλιαρόε
1534 4513 1686 4579 παρὰ
1728 4514 1798 4566 τὸ
1844 4511 2107 4577 χλιαίνω,
2153 4512 2224 4565 τὸ
2269 4512 2330 4566 δὲ
2375 4511 2583 4577 λιαρόε’
2611 4511 2717 4566 οὐκ
2761 4512 2878 4565 ἀπὸ
2922 4517 3027 4565 τοῦ

447 4583 697 4647 χλιαρὸς,
736 4583 816 4635 ὥς
852 4596 1024 4647 τινες,
1062 4580 1206 4635 ἀλλὰ
1243 4581 1395 4646 παρὰ
1427 4583 1499 4634 τὸ
1534 4580 1640 4633 λίω
1685 4582 1754 4633 τὸ
1800 4584 2190 4647 προθυμοῦμαι
2239 4583 2311 4634 cf.
2347 4583 2484 4632 Lob,
2521 4582 2607 4632 El.
2640 4582 2667 4631 1
2707 4582 2853 4644 138),
2910 4579 3025 4632 πίω

449 4654 505 4700 et
535 4648 609 4701 ἵω
645 4668 713 4702 ex
749 4652 997 4717 Theogn.
1035 4650 1249 4713 addidi,
1297 4650 1387 4702 καὶ
1422 4649 1599 4715 δηριῶ
1638 4652 1875 4716 apposui
1910 4667 1978 4701 ex
2013 4651 2077 4702 E.
2114 4650 2187 4701 Μ.
2222 4651 2348 4712 366,
2386 4651 2453 4701 38
2497 4649 2559 4701 ἑκ
2604 4652 2707 4700 τοῦ
2756 4648 2909 4713 δῆρις
2945 4647 3025 4711 γί-

446 4730 602 4769 νεται
637 4717 789 4784 ῥῆμα
823 4717 999 4785 δηρίω
1036 4719 1127 4770 καὶ
1163 4718 1338 4782 δηριῶ
1376 4716 1804 4781 περιεπώμενον
1830 4718 1921 4769 καὶ
1947 4716 2285 4782 βαρύτονον,
2323 4716 2402 4768 ahc
2440 4717 2593 4769 κόνι(
2631 4715 2832 4781 κονίω,
2870 4716 3024 4780 δῆρις

446 4782 619 4848 δηρίω
655 4787 745 4838 καὶ
769 4787 944 4851 δηριῶ
969 4784 1094 4839 οἷον
1128 4786 1238 4850 «δὴ
1274 4786 1408 4838 τότε
1444 4787 1605 4839 κτλ.»
1642 4802 1802 4851 quem
1837 4787 2016 4852 ignoti
2049 4791 2244 4851 poetae
2281 4801 2496 4837 versum
2522 4786 2824 4837 Barnesius
2858 4786 3027 4836 inter-

450 4852 661 4919 polavit
706 4854 756 4908 Υ
801 4857 866 4906 67
881 4874 895 4919 ;
952 4855 1133 4921 μητιῶ
1189 4872 1256 4907 ex
1301 4855 1547 4921 Theogn.
1597 4857 1719 4919 146,
1764 4857 1858 4918 22,
1909 4854 1980 4906 τὸ
2035 4851 2320 4921 ὀργίζομαι
2375 4870 2442 4905 ex
2495 4856 2721 4907 Lasear.
2772 4855 2892 4916 171,
2938 4856 3023 4917 36,
