3664 5546
706 358 840 429 430
1647 357 1731 416 εκ
1766 358 1908 417 um
1950 357 2359 417 ΗΡΩΔιΑΝοΥ

710 534 1149 615 μοςθένεις,
1205 531 1269 596 οἱ
1322 531 1610 612 βελτίους
1664 533 1818 598 τούς
1863 532 2258 615 βελτίους,
2314 531 2376 596 οἱ
2429 530 2606 610 ἰχθῦς
2657 531 3153 613 περισπωμένως
3197 532 3310 597 καὶ
3401 617 3408 622 ,

707 635 863 699 τοὺς
908 634 1157 715 ἰχθῦς,
1203 632 1440 712 ὁμοίως
1484 632 1549 697 αἱ
1590 637 1801 698 κλιτῦς
1844 635 1959 698 τὰς
2002 636 2302 715 κλιτῦς,
2360 631 2421 697 οἱ
2466 636 2720 713 βαςιλῆς
2773 634 2929 699 τοὺς
2980 638 3309 715 βαςιλῆς

708 727 855 801 οἷον
902 736 1095 801 «τούς
1138 755 1209 799 τε
1254 735 1590 814 διςτάρχας
1633 734 1875 800 ὤλεςας
1907 737 2200 815 βαςιλῆς»
2244 735 2420 813 παρὰ
2461 740 2555 819 τῷ
2600 733 2923 814 (Σοφοκλεῖ
2954 735 3092 818 (Ai.
3123 735 3305 817 390).

876 837 950 901 Αἱ
976 837 1090 902 -εἰς
1150 842 1232 901 H?
1292 837 1628 919 λήγουςαι,
1695 835 2198 915 ςυνεςταλμένον
2242 835 2499 915 ἔχουςαι
2554 838 2660 902 τό-
2692 840 2769 920 ἃ,
2835 832 3141 917 δμότονοί
3185 837 3306 904 εἰςι

646 950 678 1000 5
708 942 848 1003 ταῖς
910 942 1364 1019 πληθυντικαῖς
1434 938 1737 1021 εὐθείαις,
1800 937 2066 1003 Αἴαντες
2131 936 2504 1021 Αἴαντας,
2569 939 2850 1017 Πάριδες
2914 939 3304 1022 Πάριδας,

704 1042 929 1121 ταχέες
973 1042 1284 1123 ταχέας,
1331 1039 1396 1104 αἱ
1438 1039 1858 1120 ἐκτεταμένον
1904 1039 2161 1119 ἔχουςαι
2205 1041 2368 1113 τὸᾶ
2412 1039 2546 1105 ἀπὸ
2594 1041 2709 1121 μὲν
2761 1040 3134 1121 βαρυτόνων
3167 1042 3308 1120 πρὸ

706 1146 849 1223 μιᾶς
893 1143 1109 1223 ἔχουςι
1162 1143 1279 1208 τὸν
1334 1142 1565 1225 τόνον,
1624 1142 1895 1220 Μήδειαι
1942 1142 2321 1225 Μηδείας,
2363 1142 2657 1208 τάλαιναι
2698 1142 3109 1209 ταλαίνας·
3163 1141 3305 1208 ἀπὸ

707 1247 779 1310 δὲ
823 1244 1154 1312 ὀξυτόνων
1184 1242 1557 1328 ὀξύνονται,
1600 1243 1787 1308 καλαί
1829 1243 2101 1327 καλάς,
2145 1244 2343 1324 ταφαί
2385 1244 2655 1323 ταφάς.
2714 1243 2845 1309 ἀπὸ
2876 1246 2948 1308 δὲ
2975 1264 3304 1323 περιςπω-

707 1346 924 1427 μένων
968 1352 1432 1430 περιςπῶνται,
1476 1348 1699 1411 διπλαῖ
1741 1348 2055 1428 διπλᾶς,
2100 1348 2282 1410 ςυκαῖ
2325 1348 2585 1429 ςυκᾶς,
2629 1350 2822 1421 γαλαῖ
2863 1349 3132 1422 γαλᾶς·
3181 1367 3302 1426 μα-

609 1456 673 1509 10
707 1449 867 1527 κρὸν
911 1450 983 1513 δὲ
1027 1447 1244 1527 ἔχουςι
1298 1449 1377 1513 τὸ
1432 1452 1475 1511 ἇ
1519 1448 1658 1512 ὅςαι
1712 1445 1864 1511 είςὶν
1910 1445 2041 1511 ἀπὸ
2095 1451 2230 1511 τῶν
2274 1446 2365 1512 εἰς
2406 1452 2476 1511 αἿ
2518 1448 2821 1531 εὐθειῶν,
2881 1448 2973 1513 ὡς
3027 1448 3092 1512 αἱ
3135 1468 3303 1527 προ-

705 1551 1012 1631 κείμεναι·
1070 1549 1273 1630 βραχὺ
1315 1550 1388 1613 δὲ
1418 1549 1484 1613 αἱ
1513 1547 1646 1614 ἀπὸ
1673 1554 1810 1614 τῶν
1826 1548 1935 1613 -εἰς
1979 1550 2081 1632 ἓξ,
2124 1547 2224 1615 ὧν
2263 1548 2459 1633 πάλιν
2489 1551 2688 1614 κεῖται
2730 1550 2812 1613 τὰ
2843 1549 3300 1630 ὑποδείγματα.

874 1650 949 1715 Αἱ
1004 1650 1094 1717 εἰς
1148 1655 1267 1715 6ῑί
1321 1650 1651 1714 αἰτιατικαὶ
1705 1650 1901 1716 πάλιν
1969 1653 2109 1715 ταῖς
2162 1650 2431 1715 εὐθείαις
2486 1649 2908 1717 ἀκολουθοῦςι
2964 1653 3123 1717 κατὰ
3175 1653 3301 1718 τὸν

706 1752 1044 1833 εἰρημένον
1072 1751 1347 1835 κανόνα,
1393 1752 1573 1831 φίλοι
1617 1751 1938 1835 φίλους,
1983 1752 2167 1816 καλοί
2197 1752 2485 1819 καλούς
2527 1751 2853 1821 ὀξυτόνως
2893 1755 2994 1818 καὶ
3022 1753 3304 1833 ἀργυροῖ

705 1854 1101 1934 ἀργυροῦς
1142 1853 1658 1933 περιςπωμένως.
2911 1880 2916 1885 ·

605 1963 670 2013 15
874 1957 967 2021 Τὰ
1012 1956 1256 2021 Ἀττικὰ
1299 1954 1683 2035 ὁμοτονοῦςι
1724 1958 1865 2020 ταῖς
1911 1955 2178 2022 εὐθείαις
2222 1962 2357 2022 τῶν
2401 1960 2845 2036 πληθυντικῶν
2892 1956 3037 2023 οἷον
3081 1957 3146 2022 οἱ
3190 1957 3300 2023 εὔ-

704 2078 835 2141 γεῳ
876 2059 1033 2123 τοὺς
1076 2057 1402 2138 εὔγεως,
1448 2055 1512 2120 οἱ
1545 2057 1850 2142 Μενέλεῳ
1893 2059 2048 2123 τοὺς
2097 2059 2546 2142 Μενέλεως,
2592 2058 2655 2124 οἱ
2699 2061 2830 2144 νεῴ
2866 2059 3022 2125 τούς
3063 2061 3298 2144 νεώς,

705 2159 768 2224 οἱ
813 2161 941 2243 λεῲ
984 2160 1140 2224 τούς
1186 2158 1397 2223 λεώς.

874 2261 964 2325 Τό
1011 2261 1359 2339 Ἐρετριέας
1404 2260 1796 2341 Ἐρετριᾶς
1834 2261 1941 2326 ’καὶ
1984 2261 2201 2327 ἁλιέας
2244 2262 2470 2327 ἁλιᾶς
2512 2257 2673 2328 κατὰ
2716 2262 3066 2343 ςυναίρεςιν
3117 2283 3300 2343 περι-

705 2366 986 2428 ςπῶνται
1028 2362 1188 2441 παρ’
1232 2361 1602 2442 Ἀθηναίοις.

600 2812 671 2866 20
891 2787 996 2853 Τὰ
1039 2788 1215 2867 περὶ
1256 2787 1502 2853 τόνου
1543 2793 1698 2853 τῶν
1744 2789 1935 2853 κατὰ
1980 2789 2171 2869 θέμα
2215 2788 2565 2869 ἀριθμῶν
2609 2788 3096 2856 ἐκλέλοιπεν.

754 3078 933 3142 ΠΕΡΙ
983 3076 1143 3142 ΤΩΝ
1191 3076 1305 3142 ΕΙΕ
1348 3079 1403 3145 ’ὧ
1451 3078 1565 3143 ΚΑΙ
1614 3076 1727 3142 ΕΙΕ
1770 3081 1837 3158 ᾗ
1884 3059 2267 3143 ΡΗΜΑΤΩΝ
2319 3077 2517 3143 ΚΑΤΑ
2559 3077 2729 3142 ΠΑΝ
2776 3076 3249 3143 ΠΡΟΕΩΠΟΝ.

1794 3247 2067 3302 ΒΙΒΛΙΟΝ
2104 3239 2190 3304 ις’.

867 3401 1013 3466 Πᾶν
1046 3398 1215 3481 ῥῆμα
1254 3401 1595 3481 βαρύνεται
1623 3403 1663 3481 ἢ
1692 3404 2097 3480 περιςπᾶται·
2142 3399 2451 3481 γράφω,
2493 3399 2786 3481 τύπτω,
2831 3403 3070 3482 ποιῶ,
3109 3405 3294 3480 βοῶ.

700 3499 989 3568 ὀξύνεται
1034 3502 1107 3565 δὲ
1152 3501 1468 3570 οὐδέποτε
1511 3504 1670 3568 κατὰ
1711 3505 1829 3581 τὴν
1861 3503 2083 3580 κοινὴν
2126 3501 2492 3583 ςυνήθειαν,
2539 3501 2593 3565 εἰ
2636 3502 2717 3580 μὴ
2760 3501 2937 3579 παρὰ
2966 3503 3295 3581 Δωριεῦςι

597 3628 662 3677 25
696 3603 776 3665 τὰ
820 3602 1217 3686 ςυνῃρημένα
1263 3603 1690 3686 ἀπαρέμφατα
1744 3603 1835 3668 εἰς
1887 3606 1987 3668 e-uv
2041 3602 2368 3682 ἀφαιρέςει
2410 3606 2527 3666 τοῦ
2571 3605 2633 3685 ἶ,
2687 3603 2917 3683 ποιέν
2973 3602 3117 3667 ἀντὶ
3168 3609 3295 3667 τοῦ

698 3706 944 3785 ποιεῖν,
989 3706 1503 3786 δαςμοφορέν
1547 3705 1688 3772 ἀντὶ
1728 3708 1848 3769 τοῦ
1893 3708 2346 3785 δαςμοφορεῖν.
2421 3697 2821 3783 ςεςημείωται
2872 3705 2944 3769 δέ
2988 3707 3130 3770 τινὰ
3177 3704 3304 3784 ῥή-·

698 3825 863 3885 ματα
906 3805 1197 3871 ὀξύτονα.
1285 3807 1356 3873 ἐν
1401 3809 1517 3888 μὲν
1559 3809 2040 3886 προςτακτικοῖς
2085 3804 2581 3886 μονοςυλλάβως
2635 3807 2725 3887 τὸ,
2771 3806 2938 3889 δός,
2994 3806 3151 3887 θές,
3209 3806 3295 3872 ἔς

696 3907 773 3973 τό
818 3905 1179 3991 ἀπόλυςον,
1224 3909 1431 3992 ςχές,
1477 3909 1692 3992 ςπές,
1739 3909 1885 3988 φρέ
1901 3930 1965 3991 ς,
1997 3907 2161 3988 ἅπερ
2206 3908 2311 3972 διὰ
2354 3908 2471 3986 τὴν
2505 3907 3086 3988 βραχυκαταληξίαν
3131 3905 3292 3971 οὐδὲ

694 4147 730 4197 l.
768 4149 801 4197 2
834 4147 888 4198 οἱ
926 4147 1148 4211 βαςιλῆς
1184 4144 1319 4197 τοὺς
1357 4145 1581 4211 βαςιλῆς
1618 4145 1806 4196 addidi
1842 4162 1912 4197 ex
1947 4146 2143 4201 Choer.
2180 4148 2300 4210 217,
2334 4144 2513 4196 Bekk.
2546 4145 2649 4196 An.
2691 4148 2848 4197 1195:
2893 4147 3214 4210 ςημειοῠται
3254 4144 3290 4198 ὁ

695 4214 1039 4279 Ἡρωδιανὸς
1085 4214 1238 4278 παρὰ
1280 4216 1365 4278 τῷ
1411 4212 1689 4278 Εοφοκλεῖ
1732 4213 1869 4265 τοὺς
1915 4215 2137 4279 βαςιλῆς
2180 4212 2270 4265 διὰ
2311 4216 2417 4265 τοθ
2467 4215 2505 4276 ῆ
2550 4213 2943 4279 γραφομένους
2989 4211 3132 4266 κατὰ
3173 4213 3292 4277 τὴν

696 4280 1040 4346 αἰτιατικὴν,
1077 4279 1203 4333 οῖον
1238 4282 1358 4332 κτλ.
1496 4282 1531 4332 1.
1564 4286 1751 4338 4-11·.
1789 4284 1869 4333 Ιο.
1904 4284 1993 4334 Al.
2026 4286 2119 4345 20,
2159 4285 2239 4333 19.
2313 4282 2382 4332 de
2418 4280 2632 4334 πόλεας
2666 4297 2701 4331 a
2737 4280 2944 4333 πόλεες
2982 4287 3039 4333 ot
3072 4280 3289 4333 πολέας

694 4367 729 4401 a
765 4348 968 4401 πολέες
1006 4350 1078 4400 cf.
1121 4350 1187 4400 11.
1231 4352 1323 4400 Pr.
1364 4349 1417 4402 Δ
1460 4351 1577 4402 308.
1649 4350 1718 4400 d'e
1761 4349 1972 4401 Dorica
2024 4367 2174 4402 corre
2217 4351 2370 4401 tione
2415 4350 2824 4402 terminationis
2867 4353 2932 4401 ᾶῐ
2977 4349 3048 4403 cf.
3095 4348 3292 4400 Dichr.

693 4420 821 4478 296,
868 4421 898 4468 ’1
941 4416 1013 4468 τὸ
1059 4415 1453 4480 ἐκτεινόμενον
1496 4419 1533 4470 ἃ
1577 4416 1671 4470 ἐπὶ
1706 4418 2110 4482 πληθυντικῶν
2143 4431 2179 4468 α
2200 4419 2452 4469 τατικῶν
2495 4415 2551 4469 οἱ
2592 4417 2831 4482 Δωριεῖς
2877 4415 3288 4481 ςυςτέλλουςιν,

691 4487 903 4536 ναῠτας
950 4480 1181 4537 Εκύθας.
1260 4485 1442 4539 Schol.
1486 4487 1582 4537 BL
1631 4487 1702 4536 ad
1745 4487 1810 4539 Π.
1859 4485 1905 4537 Θ
1951 4488 2052 4538 878
2101 4484 2332 4551 γηθήςει
2377 4482 2773 4550 προφανείςας.
2853 4485 2886 4537 ὁ
2940 4483 3289 4549 Ἡρωδιανὸς

695 4549 1077 4617 προφανείςας
1114 4552 1400 4619 βούλεται,
1439 4552 1758 4606 ςυςτέλλων
1791 4554 2070 4619 Δωρικῶς
2105 4553 2176 4604 τὸ
2212 4556 2275 4617 ἃ,
2323 4552 2371 4620 ᾧ
2411 4553 2501 4605 καὶ
2538 4552 2873 4616 πειθόμεθα·
3007 4553 3042 4604 1.
3083 4554 3292 4604 12—14

697 4636 766 4671 ex
798 4621 879 4671 10.
916 4620 1004 4672 Al.
1038 4624 1132 4685 20,
1170 4623 1255 4673 29.
1392 4624 1428 4674 l.
1466 4625 1664 4675 15-17
1702 4640 1769 4674 ox
1806 4622 2005 4674 Choer.
2043 4624 2170 4685 466,
2206 4623 2290 4676 29.
2430 4620 2469 4673 1.
2510 4623 2710 4673 18—19
2746 4638 2814 4673 ex
2848 4621 2926 4676 Io.
2965 4620 3051 4671 Al.
3077 4622 3161 4684 20,
3195 4622 3288 4675 82.

829 4688 866 4738 l.
901 4691 1103 4740 23—27
1146 4689 1368 4754 ῥήματα
1413 4689 1656 4743 ὀξύτονα
1704 4707 1773 4740 ex
1808 4690 1930 4743 Arc.
1972 4693 2093 4753 148,
2135 4693 2225 4752 133
2271 4688 2401 4740 inde
2446 4704 2621 4752 usquo
2668 4688 2740 4740 ad
2784 4689 2820 4739 l.
2857 4691 2923 4741 50
2969 4704 3037 4740 ex
3077 4688 3160 4739 Io.
3193 4688 3288 4740 Al.

694 4757 788 4817 21,
825 4759 884 4818 3,
922 4756 1023 4806 sed
1060 4772 1129 4807 ex
1164 4758 1363 4810 Arcad.
1401 4759 1472 4808 ad
1508 4757 1566 4809 ἕς
1603 4758 1785 4809 adieci
1818 4756 2135 4822 ἀπόλυςον,
2172 4774 2299 4808 nam
2336 4757 2466 4807 huic
2500 4757 2830 4821 imperativo
2864 4757 3004 4808 haec
3040 4754 3288 4821 explica.-

696 4822 774 4871 tio
809 4822 1007 4872 addita
1042 4827 1129 4873 ost
1162 4825 1326 4882 etiam
1363 4841 1452 4890 ap.
1490 4825 1685 4880 Choer.
1720 4827 1851 4889 494,
1889 4829 1976 4885 12,
2012 4842 2100 4892 ap.
2138 4825 2431 4877 Arcadium
2467 4831 2778 4889 corruptum
2824 4822 2959 4888 ςφές
3000 4824 3288 4875 continere

2731 5545 2780 5546 ff
2859 5373 3613 5546 *4-1
