3664 5546
1520 398 1937 447 PRAEFATIO.
2819 396 3028 444 CCXXI

618 553 766 619 Non
810 551 1298 617 Herodianeum
1343 562 1444 616 est
1486 552 1521 616 I
1549 553 1671 616 637
1720 552 2063 617 Θοαντιάς;
2111 552 2230 616 δύο
2274 552 2465 615 τύποι
2511 550 2624 615 εἰςὶ
2666 555 2795 638 τῶν
2840 554 3029 630 θηλυ-

452 663 582 722 κῶν
627 663 1133 735 πατρωνυμικῶν
1181 655 1218 719 ὸ
1263 656 1351 720 εἰς
1396 660 1474 719 E?
1520 654 1663 721 οἷον
1717 656 1997 738 Πηλιὰς,
2042 656 2145 718 καὶ
2187 653 2223 717 ὁ
2283 653 2369 718 εἰς
2415 659 2468 718 fc
2526 651 2670 717 οἷον
2714 653 3027 717 Πελοπίς·

452 760 553 822 καὶ
605 761 802 822 ταῦτα
846 761 917 822 δὲ
961 759 1049 823 εἰς
1093 761 1178 821 ἶς’
1221 759 1593 839 μεταβάλλει
1649 758 1764 836 τὴν
1806 757 2207 839 τελευταίαν,
2255 755 2473 833 ἐπειδὴ
2529 755 2661 833 ἔχει
2713 755 2788 819 τὸ
2833 757 2855 818 i
2898 755 3026 833 πρὸ

450 865 561 938 τῆς
604 861 968 925 τελευταίας
1024 863 1364 942 ςυλλαβῆς,
1416 860 1525 923 ἵνα
1582 862 1662 938 μὴ
1722 859 1818 938 εἴη
1876 859 2280 939 κακόφωνον.
2371 855 2540 919 Nam
2589 854 2832 919 Herod.
2878 858 3029 935 περὶ

451 968 675 1026 παθῶν
732 960 811 1023 Ε.
857 961 947 1023 Μ.
994 961 1151 1040 394,
1197 960 1281 1025 34
1335 982 1390 1023 6.
1435 982 1496 1044 g.
1547 962 1840 1026 Εὐξαντίς
1895 959 2155 1046 quidem
2213 981 2295 1021 ex
2340 959 2675 1025 Εὐξαντιάς
2734 962 2775 1021 ἆ
2820 956 3025 1022 eiecto

452 1073 665 1127 ortum
713 1062 1027 1148 sumpsit,
1085 1061 1201 1126 sed
1245 1059 1409 1126 nihil
1463 1062 1647 1126 addit
1692 1061 1772 1125 de
1817 1061 2159 1147 euphonia.
2250 1058 2377 1124 Sed
2424 1058 2598 1147 quod
2649 1060 2682 1123 I
2725 1059 2848 1123 491
2895 1060 3026 1126 ἀπὸ

450 1169 700 1243 γενικῆς
744 1169 1166 1243 πληθυντικῆς
1212 1164 1446 1240 γίνεται
1492 1166 1776 1244 κτητικὸς
1806 1165 2008 1229 τύπος
2049 1162 2137 1227 εἰς
2182 1183 2255 1226 ος
2299 1169 2389 1246 τῷ
2432 1166 2455 1227 i
2496 1163 3027 1241 παραληγόμενος

453 1266 596 1331 οἷον
663 1266 879 1331 ἄλλων
936 1266 1283 1349 ἀλλώνιος,
1350 1265 1604 1345 ἀνέμων
1658 1266 2014 1346 ἀνεμώνιος
2068 1263 2381 1343 traditur,
2441 1285 2524 1326 ex
2590 1261 3025 1327 Herodianeis

450 1365 720 1430 fluxisse
764 1366 1058 1446 videtur,
1103 1389 1268 1452 quae
1312 1366 1379 1429 in
1423 1367 1503 1430 E.
1548 1367 1637 1430 M.
1683 1367 1829 1447 387,
1875 1367 1960 1430 30
2004 1375 2266 1430 servata
2311 1373 2480 1428 sunt.

619 1468 725 1532 Ex
769 1467 902 1548 his,
948 1489 1115 1554 quae
1144 1468 1591 1552 exposuimus,
1639 1490 1956 1555 apparere
1987 1468 2245 1553 opinor,
2292 1465 2573 1553 plurima
2601 1468 3028 1551 grammatica

453 1570 920 1635 adnotamenta
963 1591 1046 1633 ex
1090 1569 1248 1655 ipsis
1295 1568 1658 1634 Herodiani
1703 1569 1964 1655 scriptis
2019 1569 2089 1632 in
2133 1568 2397 1633 Scholia
2440 1567 2774 1654 Apollonii
2820 1579 3025 1633 trans-

451 1672 586 1737 lata
629 1694 770 1736 esse
824 1694 1064 1758 neque,
1122 1673 1176 1736 si
1231 1672 1298 1734 in
1344 1670 1797 1756 Etymologico
1844 1670 1934 1734 M.
1990 1669 2309 1756 quaedam
2368 1668 2794 1749 explicatiora
2848 1671 3025 1735 inve-

448 1775 748 1856 niuntur,
819 1773 978 1837 haec
1043 1772 1260 1837 omnia
1323 1795 1408 1836 ex
1463 1771 1752 1858 pleniore
1810 1772 2220 1837 Scholiorum
2275 1771 2629 1857 exemplari
2683 1772 2750 1835 in
2806 1771 2887 1836 Ε.
2934 1771 3024 1835 Μ.

453 1875 746 1941 derivata
791 1898 964 1957 esse,
1009 1885 1083 1939 ut
1125 1874 1371 1939 factum
1415 1875 1674 1938 videtur
1715 1875 1784 1937 in
1827 1873 2285 1939 adnotamento
2331 1874 2411 1938 de
2441 1884 2713 1938 accentu
2742 1873 3024 1937 fluminis
3078 1864 3085 1872 ’

448 1980 794 2060 Πλεΐςτος,
842 1978 958 2042 sed
1004 1978 1321 2064 quaedam
1354 1977 1548 2041 etiam
1593 1999 1674 2041 ex
1719 1975 1868 2040 aliis
1913 1976 2389 2060 grammatici8‚
2438 1977 2546 2063 qui
2578 1975 3025 2040 Herodianum

451 2080 954 2165 expilaverunt,
997 2081 1375 2165 deprompta
1434 2102 1577 2143 esse
1632 2078 1813 2143 velut
1868 2078 2203 2144 adnotatio
2260 2079 2339 2143 de
2384 2078 2700 2164 Ὠρείδης,
2747 2101 2914 2164 quae
2958 2079 3026 2142 in

450 2165 663 2245 Schol.
713 2180 1016 2267 Apollon.
1062 2183 1203 2267 ipso
1249 2203 1334 2246 ex
1376 2180 1785 2261 Herodiano,
1834 2181 1901 2243 in
1950 2179 2029 2244 E:
2060 2180 2149 2244 M.
2197 2201 2280 2244 ex
2325 2179 2760 2245 Choerobosci
2791 2178 3024 2245 Ortho-

449 2283 724 2370 graphia
752 2285 957 2369 petita
987 2292 1108 2364 est,
1143 2282 1253 2368 qui
1280 2304 1412 2346 non
1444 2305 1528 2346 ex
1565 2281 1838 2348 Scholiis
1870 2280 2348 2368 Apollonianis,
2383 2282 2499 2346 sed
2530 2304 2615 2346 ex
2644 2282 3022 2346 Herodiano

448 2385 669 2450 hausit
724 2408 860 2450 sua.
952 2384 1115 2450 Sunt
1169 2393 1386 2448 autem
1458 2395 1718 2469 praeter
1775 2384 2177 2470 praestantia
2230 2382 2594 2449 Herodiani
2649 2396 3022 2470 praecepta,

449 2510 613 2573 quae
681 2486 929 2573 aliquid
987 2486 1296 2551 momenti
1352 2485 1437 2549 ad
1494 2487 1843 2569 genuinam
1902 2484 2259 2550 Prosodiae
2318 2483 2697 2551 Catholicae
2749 2486 3023 2550 formam

448 2589 964 2674 cognoscendam
1031 2587 1341 2668 afferunt,
1412 2588 1482 2649 in
1539 2585 1811 2651 Scholiis
1881 2587 2074 2650 etiam
2133 2586 2520 2672 quisquiliae
2586 2596 2649 2650 et
2712 2588 3020 2674 ineptiae,

448 2714 611 2777 quae
659 2691 919 2755 serioris
967 2689 1199 2753 aetatis
1245 2688 1564 2770 originem
1620 2710 1776 2775 prae
1822 2710 1891 2751 se
1936 2688 2186 2769 ferunt,
2247 2690 2341 2752 sic
2393 2697 2468 2752 ut
2525 2711 2602 2753 ea
2646 2690 2891 2777 opinio,
2940 2713 3023 2753 ex

448 2817 577 2881 qua
623 2792 884 2858 Scholia
924 2789 1141 2878 paullo
1200 2799 1353 2877 post
1393 2789 1755 2855 Herodiani
1811 2800 2107 2875 tempora
2158 2788 2435 2854 conflata
2490 2813 2633 2853 esse
2687 2801 3019 2877 putantur,

448 2894 877 2961 labefactetur
920 2904 986 2957 et
1030 2890 1390 2957 vacilletur.
1478 2890 1603 2956 Sed
1652 2890 1812 2955 mihi
1856 2914 1987 2956 non
2030 2902 2130 2956 est
2173 2893 2644 2978 quaerendum,
2692 2916 2818 2980 quo
2863 2903 3021 2959 tem-

446 3018 603 3082 pore
650 2995 912 3061 Scholia
957 2993 1283 3081 Apollonii
1341 3018 1482 3059 eam
1538 3015 1732 3079 quam
1777 3016 1949 3057 nunc
1992 2993 2238 3058 habent
2293 2995 2568 3059 formam
2626 2997 3018 3081 acceperint,

449 3098 564 3162 sed
610 3099 679 3163 id
724 3107 1009 3178 tantum,
1057 3096 1216 3184 quid
1260 3118 1407 3161 cum
1451 3094 1824 3178 Herodiano
1870 3098 2339 3161 communionis
2385 3096 2686 3162 habeant.

616 3201 831 3282 Quum
875 3199 1073 3284 igitur
1127 3197 1484 3263 viderimus
1545 3198 1803 3262 Scholia
1846 3197 2178 3284 Apollonii
2209 3199 2561 3263 .continerc
2604 3199 3021 3264 Herodianea

447 3302 726 3367 maxime
783 3325 865 3366 ex
923 3299 1265 3366 Catholica
1319 3301 1528 3386 petita
1579 3322 1907 3385 quumque
1964 3322 2046 3364 ex
2100 3299 2304 3387 ipsius
2363 3299 2722 3364 Herodiani
2776 3300 3017 3365 indicio

451 3404 653 3488 (Mon.
697 3405 802 3485 32,
853 3404 957 3490 13)
1006 3411 1070 3467 et
1113 3425 1198 3467 ex
1242 3401 1514 3467 Arcadii
1557 3402 1963 3487 praefatione
2020 3402 2348 3486 cognitum
2404 3401 2761 3466 habeamus
2809 3402 3018 3468 Hero-

449 3507 712 3569 dianum
782 3507 852 3569 in
922 3504 1259 3570 Catholica
1330 3504 1826 3586 vocabulorum,
1901 3525 2176 3590 quorum
2248 3512 2582 3568 accentum
2656 3504 3016 3586 constituit,

447 3606 783 3671 historiam
816 3606 1072 3670 dedisse
1105 3606 1489 3682 testimoniis
1522 3606 1914 3691 scriptorum
1946 3605 2425 3685 confirmatam,
2472 3605 2765 3690 quaestio
2810 3605 3020 3669 oritur

446 3731 602 3773 num
659 3709 726 3772 in
794 3707 1069 3772 Scholiis
1127 3705 1610 3793 Apollonianis,
1682 3729 1849 3793 quae
1905 3705 2241 3771 abundant
2292 3707 2616 3771 historicis
2684 3707 3020 3772 nominum

447 3809 1026 3897 explicationibUS,
1073 3809 1156 3873 ab
1201 3808 1574 3872 Herodiano
1619 3809 1685 3870 in
1718 3807 2058 3873 Catholica
2100 3809 2394 3893 prolatae
2437 3808 2746 3873 historiae
2792 3810 3013 3875 insint.

448 3913 663 3993 Quum
707 3911 774 3974 in
819 3912 1120 3998 Epitome
1165 3910 1437 3974 Arcadii
1491 3909 1938 3986 huiuscemodi
1993 3910 2481 3975 observationes
2540 3911 2800 3974 omnino
2856 3910 3015 3974 reci-

447 4036 554 4078 sae
600 4015 762 4093 sint,
810 4012 1210 4099 Stephanum
1263 4011 1693 4097 Byzantium,
1756 4010 1835 4075 de
1891 4013 2074 4076 cuius
2119 4012 2567 4077 Herodianum
2623 4012 3016 4099 excerpendi

446 4117 695 4180 ratione
765 4137 963 4200 supra
1026 4114 1236 4178 fusius
1306 4112 1816 4199 disputavimUS,
1874 4112 2218 4196 habemus,
2276 4136 2467 4200 quem
2533 4135 2680 4178 cum
2737 4113 3012 4179 Scholiis

447 4215 899 4303 Apollonianis
956 4237 1420 4303 comparemus
1523 4216 1602 4279 In
1657 4214 1771 4295 iis,
1830 4232 1996 4300 quae
2051 4216 2119 4277 in
2180 4215 2442 4281 Scholia
2496 4237 2580 4279 ex
2632 4215 3011 4281 Herodiano

445 4321 779 4383 transiisse
844 4341 1081 4383 nomen
1146 4319 1430 4383 auctoris
1497 4315 1796 4380 additum
1863 4316 2219 4400 significat,
2295 4316 2423 4379 iam
2487 4338 2687 4407 supra
2753 4315 3014 4381 Scholia

445 4445 591 4486 cum
622 4423 714 4487 St.
745 4421 822 4484 B.
856 4443 1210 4504 congruere
1254 4420 1537 4483 vidimus
1586 4418 1699 4503 (cf.
1732 4420 2133 4499 Ἄμφρυςςος
2178 4426 2242 4480 et
2271 4419 2704 4505 Ἀμαραντῶν)
2752 4430 2818 4484 et
2860 4419 3013 4483 hinc

445 4523 728 4608 suspicio
784 4523 1074 4586 nascitur
1127 4523 1325 4585 etiam
1380 4520 1525 4583 aliis
1581 4519 1769 4603 lociS,
1824 4520 1941 4585 ubi
1996 4519 2357 4586 Herodiani
2411 4543 2646 4585 nomen
2702 4520 2890 4585 abest
2943 4521 3011 4583 in

446 4623 751 4703 Scholiis,
810 4623 1259 4688 Herodianum
1313 4622 1677 4687 adhibitum
1745 4644 1887 4686 esse
1942 4631 2006 4687 et
2061 4622 2228 4688 hanc
2281 4623 2715 4709 suspicionem
2781 4622 3010 4686 confir-

443 4749 621 4791 mare
665 4725 973 4790 videntur
1018 4725 1082 4789 hi
1127 4723 1282 4789 loci:

611 4826 822 4894 Schol.
879 4829 913 4893 Ι
966 4828 1049 4892 49
1104 4829 1167 4893 αἱ
1221 4829 1419 4909 Φεραὶ
1472 4827 1926 4908 ὠνομάςθηςαν
1992 4828 2123 4894 ἀπὸ
2179 4831 2465 4910 Φέρητος
2520 4832 2637 4893 τοῦ
2697 4829 3007 4919 Κρηθέως,
