<?xml version="1.0" encoding="UTF-8"?>
<!DOCTYPE html PUBLIC "-//W3C//DTD XHTML 1.0 Transitional//EN"
    "http://www.w3.org/TR/xhtml1/DTD/xhtml1-transitional.dtd">
<html xmlns="http://www.w3.org/1999/xhtml" xml:lang="en" lang="en">
 <head>
  <title>
</title>
<meta http-equiv="Content-Type" content="text/html;charset=utf-8" />
  <meta name='ocr-system' content='tesseract 3.04.00' />
  <meta name='ocr-capabilities' content='ocr_page ocr_carea ocr_par ocr_line ocrx_word'/>
</head>
<body>
  <div class='ocr_page' id='page_1' title='image "./grammaticigraec02unkngoog_0307.png"; bbox 0 0 3664 5546; ppageno 0'>
   <div class='ocr_carea' id='block_1_1' title="bbox 1144 392 2999 482">
    <p class='ocr_par' dir='ltr' id='par_1_1' title="bbox 1144 392 2999 482">
     <span class='ocr_line' id='line_1_1' title="bbox 1144 392 2999 482; baseline -0.005 -33"><span class='ocrx_word' id='word_1_1' title='bbox 1144 396 1301 449; x_wconf 85' lang='grc' dir='ltr'>ΠΕΡΙ</span> <span class='ocrx_word' id='word_1_2' title='bbox 1346 393 1736 448; x_wconf 79' lang='grc' dir='ltr'>ΚΑΘΟΛΙΚΗ(</span> <span class='ocrx_word' id='word_1_3' title='bbox 1783 392 2205 482; x_wconf 53' lang='grc' dir='ltr'>ΠΕΟΕΩιΔΙΑ(</span> <span class='ocrx_word' id='word_1_4' title='bbox 2256 393 2304 445; x_wconf 86' lang='grc' dir='ltr'><strong>Γ.</strong></span> <span class='ocrx_word' id='word_1_5' title='bbox 2921 392 2999 456; x_wconf 85' lang='lat'>61</span> 
     </span>
    </p>
   </div>
   <div class='ocr_carea' id='block_1_2' title="bbox 335 564 3104 3505">
    <p class='ocr_par' dir='ltr' id='par_1_2' title="bbox 415 564 3102 1566">
     <span class='ocr_line' id='line_1_2' title="bbox 1704 564 2192 643; baseline 0 -15"><span class='ocrx_word' id='word_1_6' title='bbox 1704 564 1903 630; x_wconf 88' lang='grc' dir='ltr'>ὁπότε</span> <span class='ocrx_word' id='word_1_7' title='bbox 1949 565 2192 643; x_wconf 86' lang='grc' dir='ltr'>λύχνου</span> 
     </span>
     <span class='ocr_line' id='line_1_3' title="bbox 865 666 2500 749; baseline -0.002 -15"><span class='ocrx_word' id='word_1_8' title='bbox 865 668 1212 749; x_wconf 86' lang='grc' dir='ltr'>δαιομένου</span> <span class='ocrx_word' id='word_1_9' title='bbox 1257 669 1614 747; x_wconf 89' lang='grc' dir='ltr'>πυρόεντος</span> <span class='ocrx_word' id='word_1_10' title='bbox 1658 666 1819 745; x_wconf 85' lang='grc' dir='ltr'>ἄδην</span> <span class='ocrx_word' id='word_1_11' title='bbox 1868 668 2174 745; x_wconf 87' lang='grc' dir='ltr'>ἐγένοντο</span> <span class='ocrx_word' id='word_1_12' title='bbox 2218 666 2500 745; x_wconf 87' lang='grc' dir='ltr'>μύκητες.</span> 
     </span>
     <span class='ocr_line' id='line_1_4' title="bbox 416 767 3003 852; baseline -0.003 -14"><span class='ocrx_word' id='word_1_13' title='bbox 416 773 697 852; x_wconf 90' lang='grc' dir='ltr'>ςημαίνει</span> <span class='ocrx_word' id='word_1_14' title='bbox 744 774 815 836; x_wconf 79' lang='grc' dir='ltr'>δὲ</span> <span class='ocrx_word' id='word_1_15' title='bbox 861 772 962 835; x_wconf 87' lang='grc' dir='ltr'>καὶ</span> <span class='ocrx_word' id='word_1_16' title='bbox 1005 772 1159 836; x_wconf 85' lang='grc' dir='ltr'>τοὺς</span> <span class='ocrx_word' id='word_1_17' title='bbox 1203 769 1506 850; x_wconf 88' lang='grc' dir='ltr'>ἀμανίτας</span> <span class='ocrx_word' id='word_1_18' title='bbox 1549 771 1703 835; x_wconf 87' lang='grc' dir='ltr'>τοὺς</span> <span class='ocrx_word' id='word_1_19' title='bbox 1746 772 1892 848; x_wconf 90' lang='grc' dir='ltr'>περὶ</span> <span class='ocrx_word' id='word_1_20' title='bbox 1920 770 2003 834; x_wconf 86' lang='grc' dir='ltr'>τὰ</span> <span class='ocrx_word' id='word_1_21' title='bbox 2031 769 2266 847; x_wconf 78' lang='grc' dir='ltr'>δένδρα</span> <span class='ocrx_word' id='word_1_22' title='bbox 2294 767 2675 847; x_wconf 88' lang='grc' dir='ltr'>γινομένους</span> <span class='ocrx_word' id='word_1_23' title='bbox 2709 767 2798 831; x_wconf 76' lang='grc' dir='ltr'>ὡς</span> <span class='ocrx_word' id='word_1_24' title='bbox 2828 767 3003 845; x_wconf 87' lang='grc' dir='ltr'>παρὰ</span> 
     </span>
     <span class='ocr_line' id='line_1_5' title="bbox 419 867 3039 964; baseline -0.003 -24"><span class='ocrx_word' id='word_1_25' title='bbox 419 875 780 956; x_wconf 86' lang='grc' dir='ltr'>Ἀντιφάνει</span> <span class='ocrx_word' id='word_1_26' title='bbox 815 873 1024 938; x_wconf 72' lang='grc' dir='ltr'>«ὄπτα</span> <span class='ocrx_word' id='word_1_27' title='bbox 1051 874 1324 953; x_wconf 88' lang='grc' dir='ltr'>μύκητας</span> <span class='ocrx_word' id='word_1_28' title='bbox 1354 873 1685 951; x_wconf 90' lang='grc' dir='ltr'>πρινίνους</span> <span class='ocrx_word' id='word_1_29' title='bbox 1723 876 1949 936; x_wconf 84' lang='grc' dir='ltr'>τοῦςδε</span> <span class='ocrx_word' id='word_1_30' title='bbox 2001 872 2161 936; x_wconf 81' lang='grc' dir='ltr'>δύο»</span> <span class='ocrx_word' id='word_1_31' title='bbox 2208 868 2437 952; x_wconf 85' lang='lat' dir='ltr'><strong>(Mein.</strong></span> <span class='ocrx_word' id='word_1_32' title='bbox 2470 867 2551 931; x_wconf 84' lang='lat' dir='ltr'>fr.</span> <span class='ocrx_word' id='word_1_33' title='bbox 2583 889 2748 933; x_wconf 89' lang='lat' dir='ltr'><strong>com.</strong></span> <span class='ocrx_word' id='word_1_34' title='bbox 2780 891 2844 953; x_wconf 91' lang='lat' dir='ltr'><strong>p.</strong></span> <span class='ocrx_word' id='word_1_35' title='bbox 2877 869 2999 931; x_wconf 79' lang='lat'>557</span> <span class='ocrx_word' id='word_1_36' title='bbox 3031 955 3039 964; x_wconf 89' lang='lat'><strong>.</strong></span> 
     </span>
     <span class='ocr_line' id='line_1_6' title="bbox 419 971 3059 1058; baseline -0.003 -17"><span class='ocrx_word' id='word_1_37' title='bbox 419 976 521 1041; x_wconf 84' lang='lat' dir='ltr'><strong>ed.</strong></span> <span class='ocrx_word' id='word_1_38' title='bbox 568 978 773 1058; x_wconf 89' lang='lat' dir='ltr'><strong>min.).</strong></span> <span class='ocrx_word' id='word_1_39' title='bbox 842 976 1119 1055; x_wconf 89' lang='grc' dir='ltr'>ςημαίνει</span> <span class='ocrx_word' id='word_1_40' title='bbox 1166 977 1237 1039; x_wconf 82' lang='grc' dir='ltr'>δὲ</span> <span class='ocrx_word' id='word_1_41' title='bbox 1281 976 1384 1039; x_wconf 88' lang='grc' dir='ltr'>καὶ</span> <span class='ocrx_word' id='word_1_42' title='bbox 1424 977 1500 1040; x_wconf 89' lang='grc' dir='ltr'>τὸ</span> <span class='ocrx_word' id='word_1_43' title='bbox 1547 975 1737 1053; x_wconf 87' lang='grc' dir='ltr'>μέρος</span> <span class='ocrx_word' id='word_1_44' title='bbox 1781 977 1898 1051; x_wconf 85' lang='grc' dir='ltr'>τῆς</span> <span class='ocrx_word' id='word_1_45' title='bbox 1941 975 2134 1054; x_wconf 88' lang='grc' dir='ltr'>λαβῆς</span> <span class='ocrx_word' id='word_1_46' title='bbox 2178 975 2295 1037; x_wconf 89' lang='grc' dir='ltr'>τοῦ</span> <span class='ocrx_word' id='word_1_47' title='bbox 2339 972 2565 1052; x_wconf 85' lang='grc' dir='ltr'>ξίφους</span> <span class='ocrx_word' id='word_1_48' title='bbox 2612 971 2807 1035; x_wconf 81' lang='grc' dir='ltr'>«ἔνθα</span> <span class='ocrx_word' id='word_1_49' title='bbox 2852 991 2999 1049; x_wconf 86' lang='grc' dir='ltr'>κρα-</span> <span class='ocrx_word' id='word_1_50' title='bbox 3027 981 3059 1030; x_wconf 79' lang='grc'>5</span> 
     </span>
     <span class='ocr_line' id='line_1_7' title="bbox 416 1073 3000 1161; baseline -0.003 -17"><span class='ocrx_word' id='word_1_51' title='bbox 416 1083 513 1144; x_wconf 88' lang='grc' dir='ltr'>τεῖ</span> <span class='ocrx_word' id='word_1_52' title='bbox 555 1101 678 1161; x_wconf 87' lang='grc' dir='ltr'>τις,</span> <span class='ocrx_word' id='word_1_53' title='bbox 727 1077 806 1143; x_wconf 85' lang='grc' dir='ltr'>οὗ</span> <span class='ocrx_word' id='word_1_54' title='bbox 850 1078 1159 1142; x_wconf 89' lang='grc' dir='ltr'>πεςόντος</span> <span class='ocrx_word' id='word_1_55' title='bbox 1205 1078 1273 1141; x_wconf 84' lang='grc' dir='ltr'>ἐκ</span> <span class='ocrx_word' id='word_1_56' title='bbox 1316 1076 1612 1156; x_wconf 88' lang='grc' dir='ltr'>Περςέως</span> <span class='ocrx_word' id='word_1_57' title='bbox 1660 1076 1963 1153; x_wconf 88' lang='grc' dir='ltr'>Μυκήνας</span> <span class='ocrx_word' id='word_1_58' title='bbox 2019 1075 2678 1156; x_wconf 74' lang='grc' dir='ltr'>ςυνέβηκτιςθῆναι»,</span> <span class='ocrx_word' id='word_1_59' title='bbox 2724 1073 3000 1152; x_wconf 91' lang='grc' dir='ltr'>ςημαίνει</span> 
     </span>
     <span class='ocr_line' id='line_1_8' title="bbox 417 1175 3001 1262; baseline -0.003 -15"><span class='ocrx_word' id='word_1_60' title='bbox 417 1184 488 1247; x_wconf 80' lang='grc' dir='ltr'>δὲ</span> <span class='ocrx_word' id='word_1_61' title='bbox 534 1182 635 1245; x_wconf 80' lang='grc' dir='ltr'>καὶ</span> <span class='ocrx_word' id='word_1_62' title='bbox 677 1182 754 1245; x_wconf 88' lang='grc' dir='ltr'>τὸ</span> <span class='ocrx_word' id='word_1_63' title='bbox 800 1179 1054 1245; x_wconf 82' lang='grc' dir='ltr'>αἰδοῖον</span> <span class='ocrx_word' id='word_1_64' title='bbox 1097 1182 1214 1244; x_wconf 84' lang='grc' dir='ltr'>τοῦ</span> <span class='ocrx_word' id='word_1_65' title='bbox 1247 1178 1628 1262; x_wconf 85' lang='grc' dir='ltr'>ἀνθρώπου,</span> <span class='ocrx_word' id='word_1_66' title='bbox 1673 1178 1837 1257; x_wconf 87' lang='grc' dir='ltr'>ὅπερ</span> <span class='ocrx_word' id='word_1_67' title='bbox 1884 1178 2308 1257; x_wconf 88' lang='grc' dir='ltr'>ἰςοςυλλάβως</span> <span class='ocrx_word' id='word_1_68' title='bbox 2351 1175 2599 1240; x_wconf 82' lang='grc' dir='ltr'>ἔκλινεν</span> <span class='ocrx_word' id='word_1_69' title='bbox 2632 1176 3001 1254; x_wconf 88' lang='grc' dir='ltr'>Ἀρχίλοχος</span> 
     </span>
     <span class='ocr_line' id='line_1_9' title="bbox 415 1279 957 1366; baseline -0.002 -22"><span class='ocrx_word' id='word_1_70' title='bbox 415 1283 525 1366; x_wconf 83' lang='lat' dir='ltr'>(fr.</span> <span class='ocrx_word' id='word_1_71' title='bbox 572 1282 654 1346; x_wconf 81' lang='lat'>96</span> <span class='ocrx_word' id='word_1_72' title='bbox 701 1279 957 1366; x_wconf 83' lang='lat' dir='ltr'>Bergk)</span> 
     </span>
     <span class='ocr_line' id='line_1_10' title="bbox 1631 1380 2379 1462; baseline -0.003 -14"><span class='ocrx_word' id='word_1_73' title='bbox 1631 1382 1782 1448; x_wconf 83' lang='grc' dir='ltr'>ἀλλ’</span> <span class='ocrx_word' id='word_1_74' title='bbox 1826 1380 2231 1462; x_wconf 87' lang='grc' dir='ltr'>ἀπερρώγαςί</span> <span class='ocrx_word' id='word_1_75' title='bbox 2275 1402 2379 1460; x_wconf 91' lang='grc' dir='ltr'>μοι</span> 
     </span>
     <span class='ocr_line' id='line_1_11' title="bbox 1225 1486 3102 1566; baseline -0.001 -16"><span class='ocrx_word' id='word_1_76' title='bbox 1225 1486 1434 1566; x_wconf 89' lang='grc' dir='ltr'>μύκεω</span> <span class='ocrx_word' id='word_1_77' title='bbox 1478 1486 1800 1550; x_wconf 81' lang='grc' dir='ltr'>τένοντες·</span> <span class='ocrx_word' id='word_1_78' title='bbox 3036 1489 3102 1539; x_wconf 83' lang='grc'>10</span> 
     </span>
    </p>

    <p class='ocr_par' dir='ltr' id='par_1_3' title="bbox 335 1584 3104 3292">
     <span class='ocr_line' id='line_1_12' title="bbox 420 1584 2999 1671; baseline -0.002 -17"><span class='ocrx_word' id='word_1_79' title='bbox 420 1591 519 1654; x_wconf 81' lang='grc' dir='ltr'>καὶ</span> <span class='ocrx_word' id='word_1_80' title='bbox 563 1589 661 1654; x_wconf 85' lang='grc' dir='ltr'>ὅτι</span> <span class='ocrx_word' id='word_1_81' title='bbox 706 1589 787 1653; x_wconf 84' lang='grc' dir='ltr'>ὀὐ</span> <span class='ocrx_word' id='word_1_82' title='bbox 832 1590 908 1654; x_wconf 92' lang='grc' dir='ltr'>τὸ</span> <span class='ocrx_word' id='word_1_83' title='bbox 956 1588 1189 1667; x_wconf 89' lang='grc' dir='ltr'>μέτρον</span> <span class='ocrx_word' id='word_1_84' title='bbox 1234 1587 1439 1652; x_wconf 83' lang='grc' dir='ltr'>αἴτιόν</span> <span class='ocrx_word' id='word_1_85' title='bbox 1485 1587 1640 1671; x_wconf 82' lang='grc' dir='ltr'>ἐςτι,</span> <span class='ocrx_word' id='word_1_86' title='bbox 1697 1589 1891 1665; x_wconf 87' lang='grc' dir='ltr'>δῆλός</span> <span class='ocrx_word' id='word_1_87' title='bbox 1950 1588 2072 1652; x_wconf 88' lang='grc' dir='ltr'>ἑςτι</span> <span class='ocrx_word' id='word_1_88' title='bbox 2118 1587 2442 1652; x_wconf 84' lang='grc' dir='ltr'>Ἑκαταῖος</span> <span class='ocrx_word' id='word_1_89' title='bbox 2498 1585 2702 1650; x_wconf 87' lang='grc' dir='ltr'>οὕτως</span> <span class='ocrx_word' id='word_1_90' title='bbox 2756 1584 2999 1652; x_wconf 87' lang='grc' dir='ltr'>κλίνας·</span> 
     </span>
     <span class='ocr_line' id='line_1_13' title="bbox 418 1685 2999 1772; baseline -0.002 -18"><span class='ocrx_word' id='word_1_91' title='bbox 418 1692 570 1772; x_wconf 87' lang='grc' dir='ltr'>φηςὶ</span> <span class='ocrx_word' id='word_1_92' title='bbox 614 1692 736 1770; x_wconf 87' lang='grc' dir='ltr'>γὰρ</span> <span class='ocrx_word' id='word_1_93' title='bbox 785 1692 925 1755; x_wconf 75' lang='grc' dir='ltr'>«καὶ</span> <span class='ocrx_word' id='word_1_94' title='bbox 970 1691 1300 1771; x_wconf 86' lang='grc' dir='ltr'>ἐπαφήςας</span> <span class='ocrx_word' id='word_1_95' title='bbox 1343 1691 1461 1755; x_wconf 89' lang='grc' dir='ltr'>τὸν</span> <span class='ocrx_word' id='word_1_96' title='bbox 1505 1691 1738 1755; x_wconf 86' lang='grc' dir='ltr'>κολεὸν</span> <span class='ocrx_word' id='word_1_97' title='bbox 1778 1694 1895 1754; x_wconf 86' lang='grc' dir='ltr'>τοῦ</span> <span class='ocrx_word' id='word_1_98' title='bbox 1936 1690 2184 1772; x_wconf 87' lang='grc' dir='ltr'>ξίφεος,</span> <span class='ocrx_word' id='word_1_99' title='bbox 2229 1690 2345 1754; x_wconf 92' lang='grc' dir='ltr'>τὸν</span> <span class='ocrx_word' id='word_1_100' title='bbox 2377 1688 2576 1768; x_wconf 82' lang='grc' dir='ltr'>μύκην</span> <span class='ocrx_word' id='word_1_101' title='bbox 2607 1685 2793 1766; x_wconf 86' lang='grc' dir='ltr'>εὗρεν</span> <span class='ocrx_word' id='word_1_102' title='bbox 2839 1686 2999 1751; x_wconf 86' lang='grc' dir='ltr'>ἀπο-</span> 
     </span>
     <span class='ocr_line' id='line_1_14' title="bbox 418 1790 3000 1872; baseline -0.002 -16"><span class='ocrx_word' id='word_1_103' title='bbox 418 1793 858 1857; x_wconf 84' lang='grc' dir='ltr'>πεπτωκότα».</span> <span class='ocrx_word' id='word_1_104' title='bbox 947 1792 986 1856; x_wconf 88' lang='grc' dir='ltr'>ὁ</span> <span class='ocrx_word' id='word_1_105' title='bbox 1042 1794 1113 1857; x_wconf 79' lang='grc' dir='ltr'>δὲ</span> <span class='ocrx_word' id='word_1_106' title='bbox 1157 1794 1426 1871; x_wconf 88' lang='grc' dir='ltr'>Ἄρατος</span> <span class='ocrx_word' id='word_1_107' title='bbox 1482 1792 2071 1872; x_wconf 89' lang='grc' dir='ltr'>περιττοςυλλάβως</span> <span class='ocrx_word' id='word_1_108' title='bbox 2126 1792 2373 1856; x_wconf 79' lang='grc' dir='ltr'>ἔκλινεν</span> <span class='ocrx_word' id='word_1_109' title='bbox 2432 1791 2509 1869; x_wconf 85' lang='grc' dir='ltr'>«ἢ</span> <span class='ocrx_word' id='word_1_110' title='bbox 2569 1790 2831 1868; x_wconf 88' lang='grc' dir='ltr'>λύχνοιο</span> <span class='ocrx_word' id='word_1_111' title='bbox 2889 1790 3000 1867; x_wconf 80' lang='grc' dir='ltr'>μύ·</span> 
     </span>
     <span class='ocr_line' id='line_1_15' title="bbox 418 1892 3000 1984; baseline -0.001 -26"><span class='ocrx_word' id='word_1_112' title='bbox 418 1915 599 1972; x_wconf 89' lang='grc' dir='ltr'>κητες</span> <span class='ocrx_word' id='word_1_113' title='bbox 644 1893 1004 1984; x_wconf 84' lang='grc' dir='ltr'>ἀγείρονται</span> <span class='ocrx_word' id='word_1_114' title='bbox 1050 1895 1195 1972; x_wconf 87' lang='grc' dir='ltr'>περὶ</span> <span class='ocrx_word' id='word_1_115' title='bbox 1239 1895 1476 1973; x_wconf 80' lang='grc' dir='ltr'>μύξαν»</span> <span class='ocrx_word' id='word_1_116' title='bbox 1523 1893 1737 1975; x_wconf 83' lang='lat' dir='ltr'><strong>(Dios.</strong></span> <span class='ocrx_word' id='word_1_117' title='bbox 1784 1892 1954 1975; x_wconf 81' lang='lat'>244).</span> <span class='ocrx_word' id='word_1_118' title='bbox 2042 1895 2145 1958; x_wconf 86' lang='grc' dir='ltr'>καὶ</span> <span class='ocrx_word' id='word_1_119' title='bbox 2188 1894 2431 1973; x_wconf 86' lang='grc' dir='ltr'>μήποτε</span> <span class='ocrx_word' id='word_1_120' title='bbox 2477 1895 2675 1956; x_wconf 85' lang='grc' dir='ltr'>ταῦτα</span> <span class='ocrx_word' id='word_1_121' title='bbox 2719 1911 3000 1967; x_wconf 86' lang='grc' dir='ltr'>ςυναγω-</span> 
     </span>
     <span class='ocr_line' id='line_1_16' title="bbox 417 1994 3102 2078; baseline -0.001 -18"><span class='ocrx_word' id='word_1_122' title='bbox 417 1995 648 2062; x_wconf 82' lang='grc' dir='ltr'>νίζεται</span> <span class='ocrx_word' id='word_1_123' title='bbox 694 2002 786 2078; x_wconf 84' lang='grc' dir='ltr'>τῷ</span> <span class='ocrx_word' id='word_1_124' title='bbox 831 1996 1228 2078; x_wconf 87' lang='grc' dir='ltr'>Ἀριςτάρχῳ.</span> <span class='ocrx_word' id='word_1_125' title='bbox 1293 1998 1393 2061; x_wconf 86' lang='grc' dir='ltr'>καὶ</span> <span class='ocrx_word' id='word_1_126' title='bbox 1435 1996 1557 2075; x_wconf 86' lang='grc' dir='ltr'>γὰρ</span> <span class='ocrx_word' id='word_1_127' title='bbox 1600 2000 1797 2061; x_wconf 82' lang='grc' dir='ltr'>ταῦτα</span> <span class='ocrx_word' id='word_1_128' title='bbox 1843 2000 2035 2074; x_wconf 83' lang='grc' dir='ltr'>διχῶς</span> <span class='ocrx_word' id='word_1_129' title='bbox 2079 1996 2369 2061; x_wconf 86' lang='grc' dir='ltr'>κλιθέντα</span> <span class='ocrx_word' id='word_1_130' title='bbox 2414 1996 2494 2060; x_wconf 87' lang='grc' dir='ltr'>οὐ</span> <span class='ocrx_word' id='word_1_131' title='bbox 2541 1994 2840 2074; x_wconf 89' lang='grc' dir='ltr'>μετέβαλε</span> <span class='ocrx_word' id='word_1_132' title='bbox 2885 1994 3001 2058; x_wconf 87' lang='grc' dir='ltr'>τὸν</span> <span class='ocrx_word' id='word_1_133' title='bbox 3041 2001 3102 2052; x_wconf 85' lang='grc'>15</span> 
     </span>
     <span class='ocr_line' id='line_1_17' title="bbox 417 2095 2999 2180; baseline -0 -19"><span class='ocrx_word' id='word_1_134' title='bbox 417 2097 648 2180; x_wconf 86' lang='grc' dir='ltr'>τόνον,</span> <span class='ocrx_word' id='word_1_135' title='bbox 696 2097 793 2162; x_wconf 86' lang='grc' dir='ltr'>οἷς</span> <span class='ocrx_word' id='word_1_136' title='bbox 839 2098 1067 2177; x_wconf 86' lang='grc' dir='ltr'>ὅμοιον</span> <span class='ocrx_word' id='word_1_137' title='bbox 1113 2099 1375 2163; x_wconf 87' lang='grc' dir='ltr'>δύναται</span> <span class='ocrx_word' id='word_1_138' title='bbox 1422 2097 1586 2163; x_wconf 82' lang='grc' dir='ltr'>εἶναι</span> <span class='ocrx_word' id='word_1_139' title='bbox 1632 2100 1734 2163; x_wconf 84' lang='grc' dir='ltr'>καὶ</span> <span class='ocrx_word' id='word_1_140' title='bbox 1777 2099 1852 2163; x_wconf 89' lang='grc' dir='ltr'>τὸ</span> <span class='ocrx_word' id='word_1_141' title='bbox 1887 2099 2118 2176; x_wconf 90' lang='grc' dir='ltr'>Μέγης.</span> <span class='ocrx_word' id='word_1_142' title='bbox 2196 2099 2432 2177; x_wconf 89' lang='grc' dir='ltr'>Γύγης</span> <span class='ocrx_word' id='word_1_143' title='bbox 2478 2098 2583 2162; x_wconf 83' lang='grc' dir='ltr'>ἐπὶ</span> <span class='ocrx_word' id='word_1_144' title='bbox 2624 2100 2742 2160; x_wconf 85' lang='grc' dir='ltr'>τοῦ</span> <span class='ocrx_word' id='word_1_145' title='bbox 2785 2095 2999 2171; x_wconf 88' lang='grc' dir='ltr'>γίγαν-</span> 
     </span>
     <span class='ocr_line' id='line_1_18' title="bbox 416 2191 2999 2282; baseline -0 -20"><span class='ocrx_word' id='word_1_146' title='bbox 416 2218 529 2282; x_wconf 87' lang='grc' dir='ltr'>τος</span> <span class='ocrx_word' id='word_1_147' title='bbox 586 2199 688 2263; x_wconf 83' lang='grc' dir='ltr'>καὶ</span> <span class='ocrx_word' id='word_1_148' title='bbox 742 2199 847 2264; x_wconf 85' lang='grc' dir='ltr'>ἐπὶ</span> <span class='ocrx_word' id='word_1_149' title='bbox 913 2204 1029 2264; x_wconf 83' lang='grc' dir='ltr'>τοῦ</span> <span class='ocrx_word' id='word_1_150' title='bbox 1096 2201 1396 2280; x_wconf 88' lang='grc' dir='ltr'>βαςιλέως</span> <span class='ocrx_word' id='word_1_151' title='bbox 1463 2204 1573 2277; x_wconf 87' lang='grc' dir='ltr'>τῆς</span> <span class='ocrx_word' id='word_1_152' title='bbox 1629 2191 1878 2265; x_wconf 83' lang='grc' dir='ltr'>Λυδίας.</span> <span class='ocrx_word' id='word_1_153' title='bbox 1988 2199 2355 2279; x_wconf 89' lang='grc' dir='ltr'>Δράγγης</span> <span class='ocrx_word' id='word_1_154' title='bbox 2422 2199 2613 2264; x_wconf 84' lang='grc' dir='ltr'>ἔθνος</span> <span class='ocrx_word' id='word_1_155' title='bbox 2674 2199 2999 2277; x_wconf 87' lang='grc' dir='ltr'>Περςικῆς.</span> 
     </span>
     <span class='ocr_line' id='line_1_19' title="bbox 419 2300 3001 2387; baseline 0 -23"><span class='ocrx_word' id='word_1_156' title='bbox 419 2300 715 2380; x_wconf 83' lang='grc' dir='ltr'>(τράβων</span> <span class='ocrx_word' id='word_1_157' title='bbox 771 2303 1299 2387; x_wconf 86' lang='grc' dir='ltr'>πεντεκαιδεκάτῃ</span> <span class='ocrx_word' id='word_1_158' title='bbox 1356 2302 1451 2387; x_wconf 85' lang='lat' dir='ltr'><strong>(p.</strong></span> <span class='ocrx_word' id='word_1_159' title='bbox 1500 2301 1666 2382; x_wconf 80' lang='lat'>721).</span> <span class='ocrx_word' id='word_1_160' title='bbox 1758 2302 2079 2381; x_wconf 89' lang='grc' dir='ltr'>Μόργης</span> <span class='ocrx_word' id='word_1_161' title='bbox 2134 2302 2323 2367; x_wconf 84' lang='grc' dir='ltr'>ἔθνος</span> <span class='ocrx_word' id='word_1_162' title='bbox 2380 2300 2655 2366; x_wconf 88' lang='grc' dir='ltr'>Ἰταλίας.</span> <span class='ocrx_word' id='word_1_163' title='bbox 2722 2301 3001 2378; x_wconf 92' lang='grc' dir='ltr'>Βρίγης</span> 
     </span>
     <span class='ocr_line' id='line_1_20' title="bbox 420 2389 3000 2488; baseline 0.001 -23"><span class='ocrx_word' id='word_1_164' title='bbox 420 2402 456 2465; x_wconf 87' lang='grc' dir='ltr'>ὁ</span> <span class='ocrx_word' id='word_1_165' title='bbox 510 2402 882 2480; x_wconf 88' lang='grc' dir='ltr'>κατοικήςας</span> <span class='ocrx_word' id='word_1_166' title='bbox 938 2403 1008 2467; x_wconf 83' lang='grc' dir='ltr'>ἐν</span> <span class='ocrx_word' id='word_1_167' title='bbox 1057 2404 1456 2488; x_wconf 83' lang='grc' dir='ltr'>Μακεδονίᾳ,</span> <span class='ocrx_word' id='word_1_168' title='bbox 1525 2403 1649 2483; x_wconf 70' lang='grc' dir='ltr'>ἀφ’</span> <span class='ocrx_word' id='word_1_169' title='bbox 1717 2402 1796 2468; x_wconf 87' lang='grc' dir='ltr'>οὗ</span> <span class='ocrx_word' id='word_1_170' title='bbox 1861 2404 2076 2481; x_wconf 87' lang='grc' dir='ltr'>Βριγία</span> <span class='ocrx_word' id='word_1_171' title='bbox 2130 2404 2168 2481; x_wconf 84' lang='grc' dir='ltr'>ἡ</span> <span class='ocrx_word' id='word_1_172' title='bbox 2198 2389 2514 2485; x_wconf 49' lang='grc' dir='ltr'>κΤραιῑκή,</span> <span class='ocrx_word' id='word_1_173' title='bbox 2581 2403 2901 2467; x_wconf 89' lang='grc' dir='ltr'>τουτέςτιν</span> <span class='ocrx_word' id='word_1_174' title='bbox 2960 2400 3000 2479; x_wconf 86' lang='grc' dir='ltr'>ἡ</span> 
     </span>
     <span class='ocr_line' id='line_1_21' title="bbox 419 2502 3104 2584; baseline -0.001 -18"><span class='ocrx_word' id='word_1_175' title='bbox 419 2502 676 2582; x_wconf 90' lang='grc' dir='ltr'>Φρυγία.</span> <span class='ocrx_word' id='word_1_176' title='bbox 769 2504 1068 2582; x_wconf 87' lang='grc' dir='ltr'>Βρύγης</span> <span class='ocrx_word' id='word_1_177' title='bbox 1115 2505 1303 2570; x_wconf 85' lang='grc' dir='ltr'>ἔθνος</span> <span class='ocrx_word' id='word_1_178' title='bbox 1350 2507 1794 2571; x_wconf 88' lang='grc' dir='ltr'>Μακεδονικὸν</span> <span class='ocrx_word' id='word_1_179' title='bbox 1841 2508 2150 2584; x_wconf 77' lang='grc' dir='ltr'>προςεχὲς</span> <span class='ocrx_word' id='word_1_180' title='bbox 2195 2506 2521 2584; x_wconf 85' lang='grc' dir='ltr'>Ἰλλυριοῖς</span> <span class='ocrx_word' id='word_1_181' title='bbox 2578 2507 2616 2570; x_wconf 88' lang='grc' dir='ltr'>ὃ</span> <span class='ocrx_word' id='word_1_182' title='bbox 2672 2507 2774 2569; x_wconf 83' lang='grc' dir='ltr'>καὶ</span> <span class='ocrx_word' id='word_1_183' title='bbox 2818 2505 3001 2584; x_wconf 87' lang='grc' dir='ltr'>Βρύξ,</span> <span class='ocrx_word' id='word_1_184' title='bbox 3038 2512 3104 2563; x_wconf 77' lang='lat'>20</span> 
     </span>
     <span class='ocr_line' id='line_1_22' title="bbox 335 2605 3000 2692; baseline -0 -22"><span class='ocrx_word' id='word_1_185' title='bbox 335 2666 348 2679; x_wconf 90' lang='grc'>,</span> <span class='ocrx_word' id='word_1_186' title='bbox 420 2605 714 2684; x_wconf 88' lang='grc' dir='ltr'>Μίςγης</span> <span class='ocrx_word' id='word_1_187' title='bbox 758 2605 947 2670; x_wconf 80' lang='grc' dir='ltr'>ἔθνος</span> <span class='ocrx_word' id='word_1_188' title='bbox 992 2607 1263 2687; x_wconf 88' lang='grc' dir='ltr'>Ἰβήρων.</span> <span class='ocrx_word' id='word_1_189' title='bbox 1354 2606 1674 2672; x_wconf 86' lang='grc' dir='ltr'>Ἑκαταῖος</span> <span class='ocrx_word' id='word_1_190' title='bbox 1720 2607 2023 2692; x_wconf 83' lang='grc' dir='ltr'>Εὐρώπῃ,</span> <span class='ocrx_word' id='word_1_191' title='bbox 2080 2607 2392 2690; x_wconf 85' lang='grc' dir='ltr'>Λίργης,</span> <span class='ocrx_word' id='word_1_192' title='bbox 2448 2608 2727 2685; x_wconf 79' lang='grc' dir='ltr'>’Άργης</span> <span class='ocrx_word' id='word_1_193' title='bbox 2779 2608 3000 2685; x_wconf 88' lang='grc' dir='ltr'>κύριον</span> 
     </span>
     <span class='ocr_line' id='line_1_23' title="bbox 421 2707 3000 2793; baseline 0 -23"><span class='ocrx_word' id='word_1_194' title='bbox 421 2708 745 2787; x_wconf 80' lang='grc' dir='ltr'>«Βρόντην</span> <span class='ocrx_word' id='word_1_195' title='bbox 817 2727 885 2771; x_wconf 88' lang='grc' dir='ltr'>τε</span> <span class='ocrx_word' id='word_1_196' title='bbox 952 2707 1274 2788; x_wconf 78' lang='grc' dir='ltr'>(τερόπην</span> <span class='ocrx_word' id='word_1_197' title='bbox 1348 2729 1416 2773; x_wconf 92' lang='grc' dir='ltr'>τε</span> <span class='ocrx_word' id='word_1_198' title='bbox 1484 2710 1587 2773; x_wconf 87' lang='grc' dir='ltr'>καὶ</span> <span class='ocrx_word' id='word_1_199' title='bbox 1649 2710 1886 2789; x_wconf 88' lang='grc' dir='ltr'>Ἄργην</span> <span class='ocrx_word' id='word_1_200' title='bbox 1960 2710 2428 2791; x_wconf 72' lang='grc' dir='ltr'>ὀβριμόθυμον»</span> <span class='ocrx_word' id='word_1_201' title='bbox 2505 2710 2665 2789; x_wconf 83' lang='grc' dir='ltr'>παρ’</span> <span class='ocrx_word' id='word_1_202' title='bbox 2731 2708 3000 2793; x_wconf 82' lang='grc' dir='ltr'>Ἣςιόδῳ</span> 
     </span>
     <span class='ocr_line' id='line_1_24' title="bbox 416 2808 3000 2895; baseline 0.002 -25"><span class='ocrx_word' id='word_1_203' title='bbox 416 2808 785 2893; x_wconf 86' lang='lat' dir='ltr'><strong>(Theogon.</strong></span> <span class='ocrx_word' id='word_1_204' title='bbox 839 2808 1003 2895; x_wconf 89' lang='lat'>140).</span> <span class='ocrx_word' id='word_1_205' title='bbox 1102 2812 1177 2876; x_wconf 88' lang='grc' dir='ltr'>τὸ</span> <span class='ocrx_word' id='word_1_206' title='bbox 1235 2811 1450 2889; x_wconf 87' lang='grc' dir='ltr'>μέντοι</span> <span class='ocrx_word' id='word_1_207' title='bbox 1508 2811 1749 2891; x_wconf 88' lang='grc' dir='ltr'>ἀργής</span> <span class='ocrx_word' id='word_1_208' title='bbox 1806 2812 2160 2877; x_wconf 85' lang='grc' dir='ltr'>ἐπιτεθικὸν</span> <span class='ocrx_word' id='word_1_209' title='bbox 2225 2813 2435 2890; x_wconf 89' lang='grc' dir='ltr'>ὥςπερ</span> <span class='ocrx_word' id='word_1_210' title='bbox 2501 2814 2604 2876; x_wconf 82' lang='grc' dir='ltr'>καὶ</span> <span class='ocrx_word' id='word_1_211' title='bbox 2662 2814 2738 2877; x_wconf 89' lang='grc' dir='ltr'>τὸ</span> <span class='ocrx_word' id='word_1_212' title='bbox 2807 2811 3000 2889; x_wconf 88' lang='grc' dir='ltr'>ἀγής</span> 
     </span>
     <span class='ocr_line' id='line_1_25' title="bbox 419 2911 3000 2995; baseline 0 -19"><span class='ocrx_word' id='word_1_213' title='bbox 419 2911 549 2977; x_wconf 88' lang='grc' dir='ltr'>ἀπὸ</span> <span class='ocrx_word' id='word_1_214' title='bbox 597 2912 901 2977; x_wconf 89' lang='grc' dir='ltr'>ςυνθέτου</span> <span class='ocrx_word' id='word_1_215' title='bbox 948 2915 1520 2993; x_wconf 87' lang='grc' dir='ltr'>καταλελειμμένον</span> <span class='ocrx_word' id='word_1_216' title='bbox 1564 2919 1680 2978; x_wconf 84' lang='grc' dir='ltr'>τοῦ</span> <span class='ocrx_word' id='word_1_217' title='bbox 1727 2913 1930 2993; x_wconf 89' lang='grc' dir='ltr'>ἀαγής</span> <span class='ocrx_word' id='word_1_218' title='bbox 1974 2914 2012 2978; x_wconf 86' lang='grc' dir='ltr'>ὁ</span> <span class='ocrx_word' id='word_1_219' title='bbox 2058 2917 2138 2995; x_wconf 85' lang='grc' dir='ltr'>μὴ</span> <span class='ocrx_word' id='word_1_220' title='bbox 2184 2916 2527 2993; x_wconf 87' lang='grc' dir='ltr'>κλώμενος.</span> <span class='ocrx_word' id='word_1_221' title='bbox 2602 2916 2677 2979; x_wconf 91' lang='grc' dir='ltr'>τό</span> <span class='ocrx_word' id='word_1_222' title='bbox 2723 2916 2794 2979; x_wconf 85' lang='grc' dir='ltr'>δὲ</span> <span class='ocrx_word' id='word_1_223' title='bbox 2843 2916 3000 2979; x_wconf 88' lang='grc' dir='ltr'>Μο-</span> 
     </span>
     <span class='ocr_line' id='line_1_26' title="bbox 419 3014 3101 3096; baseline -0.001 -19"><span class='ocrx_word' id='word_1_224' title='bbox 419 3017 551 3091; x_wconf 91' lang='grc' dir='ltr'>γῆς</span> <span class='ocrx_word' id='word_1_225' title='bbox 598 3014 697 3078; x_wconf 85' lang='grc' dir='ltr'>καὶ</span> <span class='ocrx_word' id='word_1_226' title='bbox 741 3015 1064 3092; x_wconf 85' lang='grc' dir='ltr'>Δρογῆς</span> <span class='ocrx_word' id='word_1_227' title='bbox 1121 3015 1548 3096; x_wconf 89' lang='grc' dir='ltr'>ἰςοςυλλάβως</span> <span class='ocrx_word' id='word_1_228' title='bbox 1603 3018 1944 3096; x_wconf 90' lang='grc' dir='ltr'>κλινόμενα</span> <span class='ocrx_word' id='word_1_229' title='bbox 1998 3020 2389 3096; x_wconf 86' lang='grc' dir='ltr'>περιςπᾶται.</span> <span class='ocrx_word' id='word_1_230' title='bbox 2478 3018 2580 3081; x_wconf 85' lang='grc' dir='ltr'>καὶ</span> <span class='ocrx_word' id='word_1_231' title='bbox 2632 3017 2707 3081; x_wconf 89' lang='grc' dir='ltr'>τὸ</span> <span class='ocrx_word' id='word_1_232' title='bbox 2761 3017 2999 3095; x_wconf 83' lang='grc' dir='ltr'>ἀργῆς</span> <span class='ocrx_word' id='word_1_233' title='bbox 3036 3024 3101 3072; x_wconf 72' lang='lat'>:25</span> 
     </span>
     <span class='ocr_line' id='line_1_27' title="bbox 419 3115 3002 3199; baseline 0.001 -20"><span class='ocrx_word' id='word_1_234' title='bbox 419 3117 486 3180; x_wconf 83' lang='grc' dir='ltr'>ἐκ</span> <span class='ocrx_word' id='word_1_235' title='bbox 530 3120 646 3180; x_wconf 82' lang='grc' dir='ltr'>τοῦ</span> <span class='ocrx_word' id='word_1_236' title='bbox 691 3115 946 3194; x_wconf 84' lang='grc' dir='ltr'>ἀργήεις</span> <span class='ocrx_word' id='word_1_237' title='bbox 992 3120 1094 3181; x_wconf 83' lang='grc' dir='ltr'>καὶ</span> <span class='ocrx_word' id='word_1_238' title='bbox 1135 3120 1211 3182; x_wconf 88' lang='grc' dir='ltr'>τὸ</span> <span class='ocrx_word' id='word_1_239' title='bbox 1256 3122 1614 3199; x_wconf 82' lang='grc' dir='ltr'>φθογγῆς</span> <span class='ocrx_word' id='word_1_240' title='bbox 1660 3119 1728 3183; x_wconf 83' lang='grc' dir='ltr'>ἐκ</span> <span class='ocrx_word' id='word_1_241' title='bbox 1772 3123 1892 3183; x_wconf 84' lang='grc' dir='ltr'>τοῦ</span> <span class='ocrx_word' id='word_1_242' title='bbox 1936 3120 2285 3199; x_wconf 88' lang='grc' dir='ltr'>φθογγήεις</span> <span class='ocrx_word' id='word_1_243' title='bbox 2340 3120 2442 3183; x_wconf 85' lang='grc' dir='ltr'>καὶ</span> <span class='ocrx_word' id='word_1_244' title='bbox 2495 3119 2570 3183; x_wconf 89' lang='grc' dir='ltr'>τὸ</span> <span class='ocrx_word' id='word_1_245' title='bbox 2626 3118 2878 3196; x_wconf 87' lang='grc' dir='ltr'>Αὐγῆς</span> <span class='ocrx_word' id='word_1_246' title='bbox 2933 3117 3002 3182; x_wconf 84' lang='grc' dir='ltr'>ἐκ</span> 
     </span>
     <span class='ocr_line' id='line_1_28' title="bbox 417 3217 2765 3292; baseline -0.003 -11"><span class='ocrx_word' id='word_1_247' title='bbox 417 3222 535 3281; x_wconf 85' lang='grc' dir='ltr'>τοῦ</span> <span class='ocrx_word' id='word_1_248' title='bbox 578 3217 837 3292; x_wconf 87' lang='grc' dir='ltr'>Αὐγέας.</span> <span class='ocrx_word' id='word_1_249' title='bbox 2760 3284 2765 3291; x_wconf 50' lang='grc'>,</span> 
     </span>
    </p>

    <p class='ocr_par' dir='ltr' id='par_1_4' title="bbox 420 3309 3000 3505">
     <span class='ocr_line' id='line_1_29' title="bbox 588 3309 2998 3403; baseline 0.001 -20"><span class='ocrx_word' id='word_1_250' title='bbox 588 3320 682 3387; x_wconf 87' lang='grc' dir='ltr'>Τὰ</span> <span class='ocrx_word' id='word_1_251' title='bbox 739 3320 826 3384; x_wconf 89' lang='grc' dir='ltr'>εἰς</span> <span class='ocrx_word' id='word_1_252' title='bbox 872 3309 984 3401; x_wconf 52' lang='grc' dir='ltr'>ἧς</span> <span class='ocrx_word' id='word_1_253' title='bbox 1030 3322 1384 3402; x_wconf 88' lang='grc' dir='ltr'>διςύλλαβα-</span> <span class='ocrx_word' id='word_1_254' title='bbox 1417 3325 1497 3403; x_wconf 87' lang='grc' dir='ltr'>μὴ</span> <span class='ocrx_word' id='word_1_255' title='bbox 1544 3324 1648 3387; x_wconf 86' lang='grc' dir='ltr'>διὰ</span> <span class='ocrx_word' id='word_1_256' title='bbox 1692 3329 1810 3388; x_wconf 86' lang='grc' dir='ltr'>τοῦ</span> <span class='ocrx_word' id='word_1_257' title='bbox 1867 3326 1981 3389; x_wconf 77' lang='grc' dir='ltr'>ὄῦξ</span> <span class='ocrx_word' id='word_1_258' title='bbox 2036 3324 2376 3403; x_wconf 89' lang='grc' dir='ltr'>κλινόμενα</span> <span class='ocrx_word' id='word_1_259' title='bbox 2429 3324 2467 3401; x_wconf 84' lang='grc' dir='ltr'>ἢ</span> <span class='ocrx_word' id='word_1_260' title='bbox 2513 3325 2589 3387; x_wconf 89' lang='grc' dir='ltr'>τὸ</span> <span class='ocrx_word' id='word_1_261' title='bbox 2636 3342 2673 3385; x_wconf 96' lang='lat' dir='ltr'><strong>o</strong></span> <span class='ocrx_word' id='word_1_262' title='bbox 2710 3325 2998 3401; x_wconf 78' lang='grc' dir='ltr'>παραλη-</span> 
     </span>
     <span class='ocr_line' id='line_1_30' title="bbox 420 3421 3000 3505; baseline 0.001 -19"><span class='ocrx_word' id='word_1_263' title='bbox 420 3421 660 3502; x_wconf 90' lang='grc' dir='ltr'>γόμενα</span> <span class='ocrx_word' id='word_1_264' title='bbox 705 3423 1121 3505; x_wconf 88' lang='grc' dir='ltr'>βαρύνονται,</span> <span class='ocrx_word' id='word_1_265' title='bbox 1164 3424 1428 3503; x_wconf 87' lang='grc' dir='ltr'>Πύδης</span> <span class='ocrx_word' id='word_1_266' title='bbox 1473 3425 1659 3489; x_wconf 88' lang='grc' dir='ltr'>πόλις</span> <span class='ocrx_word' id='word_1_267' title='bbox 1705 3429 1807 3491; x_wconf 86' lang='grc' dir='ltr'>καὶ</span> <span class='ocrx_word' id='word_1_268' title='bbox 1850 3427 2137 3505; x_wconf 87' lang='grc' dir='ltr'>ποταμὸς</span> <span class='ocrx_word' id='word_1_269' title='bbox 2180 3425 2465 3491; x_wconf 87' lang='grc' dir='ltr'>Πιςιδίας</span> <span class='ocrx_word' id='word_1_270' title='bbox 2513 3426 2603 3490; x_wconf 81' lang='grc' dir='ltr'>ὡς</span> <span class='ocrx_word' id='word_1_271' title='bbox 2648 3427 2822 3504; x_wconf 86' lang='grc' dir='ltr'>παρὰ</span> <span class='ocrx_word' id='word_1_272' title='bbox 2866 3426 3000 3490; x_wconf 81' lang='grc' dir='ltr'>Ἀν-</span> 
     </span>
    </p>
   </div>
   <div class='ocr_carea' id='block_1_3' title="bbox 423 3677 3003 4972">
    <p class='ocr_par' dir='ltr' id='par_1_5' title="bbox 423 3677 3003 4972">
     <span class='ocr_line' id='line_1_31' title="bbox 423 3677 3003 3747; baseline 0.001 -20"><span class='ocrx_word' id='word_1_273' title='bbox 423 3691 620 3728; x_wconf 85' lang='grc' dir='ltr'>νοντες</span> <span class='ocrx_word' id='word_1_274' title='bbox 659 3677 780 3727; x_wconf 89' lang='lat' dir='ltr'><strong>coll.</strong></span> <span class='ocrx_word' id='word_1_275' title='bbox 816 3679 879 3728; x_wconf 88' lang='lat' dir='ltr'>E.</span> <span class='ocrx_word' id='word_1_276' title='bbox 918 3679 991 3732; x_wconf 85' lang='lat' dir='ltr'>M.</span> <span class='ocrx_word' id='word_1_277' title='bbox 1030 3682 1146 3742; x_wconf 79' lang='lat'>594,</span> <span class='ocrx_word' id='word_1_278' title='bbox 1187 3682 1263 3741; x_wconf 82' lang='lat'>12,</span> <span class='ocrx_word' id='word_1_279' title='bbox 1305 3681 1450 3745; x_wconf 85' lang='lat' dir='ltr'><strong>qnod</strong></span> <span class='ocrx_word' id='word_1_280' title='bbox 1487 3697 1553 3730; x_wconf 84' lang='lat' dir='ltr'><strong>ex</strong></span> <span class='ocrx_word' id='word_1_281' title='bbox 1592 3681 1784 3731; x_wconf 87' lang='lat' dir='ltr'><strong>codem</strong></span> <span class='ocrx_word' id='word_1_282' title='bbox 1821 3682 1975 3732; x_wconf 84' lang='lat' dir='ltr'><strong>fonte</strong></span> <span class='ocrx_word' id='word_1_283' title='bbox 2018 3683 2327 3747; x_wconf 77' lang='lat' dir='ltr'><strong>derivatum</strong></span> <span class='ocrx_word' id='word_1_284' title='bbox 2366 3690 2467 3737; x_wconf 81' lang='lat' dir='ltr'><strong>est,</strong></span> <span class='ocrx_word' id='word_1_285' title='bbox 2537 3682 2574 3732; x_wconf 90' lang='lat' dir='ltr'>l.</span> <span class='ocrx_word' id='word_1_286' title='bbox 2601 3683 2663 3732; x_wconf 82' lang='lat'>16</span> <span class='ocrx_word' id='word_1_287' title='bbox 2704 3679 2876 3744; x_wconf 85' lang='grc' dir='ltr'>Γύγης</span> <span class='ocrx_word' id='word_1_288' title='bbox 2915 3696 3003 3730; x_wconf 78' lang='lat' dir='ltr'><strong>ex-</strong></span> 
     </span>
     <span class='ocr_line' id='line_1_32' title="bbox 428 3746 2999 3815; baseline 0.002 -21"><span class='ocrx_word' id='word_1_289' title='bbox 428 3747 574 3811; x_wconf 82' lang='lat' dir='ltr'>plevi</span> <span class='ocrx_word' id='word_1_290' title='bbox 612 3762 678 3795; x_wconf 81' lang='lat' dir='ltr'><strong>ex</strong></span> <span class='ocrx_word' id='word_1_291' title='bbox 716 3746 911 3796; x_wconf 85' lang='lat' dir='ltr'><strong>Choer.</strong></span> <span class='ocrx_word' id='word_1_292' title='bbox 955 3750 1062 3807; x_wconf 85' lang='lat'>139,</span> <span class='ocrx_word' id='word_1_293' title='bbox 1107 3750 1184 3798; x_wconf 85' lang='lat'>13.</span> <span class='ocrx_word' id='word_1_294' title='bbox 1254 3748 1289 3797; x_wconf 88' lang='lat' dir='ltr'>l.</span> <span class='ocrx_word' id='word_1_295' title='bbox 1329 3751 1388 3799; x_wconf 85' lang='lat'>17</span> <span class='ocrx_word' id='word_1_296' title='bbox 1427 3747 1688 3814; x_wconf 85' lang='grc' dir='ltr'>Δράγγης</span> <span class='ocrx_word' id='word_1_297' title='bbox 1727 3767 1794 3799; x_wconf 86' lang='lat' dir='ltr'><strong>ex</strong></span> <span class='ocrx_word' id='word_1_298' title='bbox 1832 3750 2023 3815; x_wconf 83' lang='lat' dir='ltr'><strong>Steph.</strong></span> <span class='ocrx_word' id='word_1_299' title='bbox 2060 3752 2121 3801; x_wconf 91' lang='lat' dir='ltr'>B.</span> <span class='ocrx_word' id='word_1_300' title='bbox 2159 3755 2284 3813; x_wconf 74' lang='lat'>⁶237,</span> <span class='ocrx_word' id='word_1_301' title='bbox 2321 3754 2352 3801; x_wconf 83' lang='lat'><strong>3</strong></span> <span class='ocrx_word' id='word_1_302' title='bbox 2392 3767 2512 3800; x_wconf 88' lang='lat' dir='ltr'><strong>cnm</strong></span> <span class='ocrx_word' id='word_1_303' title='bbox 2537 3751 2675 3804; x_wconf 87' lang='lat' dir='ltr'><strong>Lob.</strong></span> <span class='ocrx_word' id='word_1_304' title='bbox 2705 3750 2787 3799; x_wconf 81' lang='grc' dir='ltr'><strong>ΕΙ.</strong></span> <span class='ocrx_word' id='word_1_305' title='bbox 2827 3751 2881 3799; x_wconf 92' lang='lat'>11</span> <span class='ocrx_word' id='word_1_306' title='bbox 2918 3752 2999 3811; x_wconf 77' lang='lat'>51,</span> 
     </span>
     <span class='ocr_line' id='line_1_33' title="bbox 425 3813 3001 3888; baseline 0.001 -26"><span class='ocrx_word' id='word_1_307' title='bbox 425 3815 515 3888; x_wconf 84' lang='lat' dir='ltr'><strong>qui</strong></span> <span class='ocrx_word' id='word_1_308' title='bbox 552 3815 719 3863; x_wconf 84' lang='lat' dir='ltr'><strong>etiam</strong></span> <span class='ocrx_word' id='word_1_309' title='bbox 758 3813 944 3878; x_wconf 87' lang='grc' dir='ltr'>Τάγης</span> <span class='ocrx_word' id='word_1_310' title='bbox 986 3813 1195 3880; x_wconf 82' lang='grc' dir='ltr'>Γάγγης</span> <span class='ocrx_word' id='word_1_311' title='bbox 1233 3819 1507 3882; x_wconf 78' lang='lat' dir='ltr'>proponit,</span> <span class='ocrx_word' id='word_1_312' title='bbox 1547 3834 1644 3882; x_wconf 87' lang='lat' dir='ltr'><strong>pro</strong></span> <span class='ocrx_word' id='word_1_313' title='bbox 1681 3814 1900 3883; x_wconf 79' lang='grc' dir='ltr'>(άγγης</span> <span class='ocrx_word' id='word_1_314' title='bbox 1937 3819 2176 3869; x_wconf 81' lang='lat' dir='ltr'><strong>exhibui.</strong></span> <span class='ocrx_word' id='word_1_315' title='bbox 2246 3819 2281 3868; x_wconf 94' lang='lat' dir='ltr'>l.</span> <span class='ocrx_word' id='word_1_316' title='bbox 2312 3820 2372 3868; x_wconf 87' lang='grc'>18</span> <span class='ocrx_word' id='word_1_317' title='bbox 2409 3816 2640 3882; x_wconf 85' lang='grc' dir='ltr'>Μόργης</span> <span class='ocrx_word' id='word_1_318' title='bbox 2680 3816 2899 3882; x_wconf 68' lang='lat' dir='ltr'><strong>explevi</strong></span> <span class='ocrx_word' id='word_1_319' title='bbox 2936 3833 3001 3866; x_wconf 88' lang='lat' dir='ltr'><strong>ex</strong></span> 
     </span>
     <span class='ocr_line' id='line_1_34' title="bbox 425 3881 2999 3952; baseline 0 -20"><span class='ocrx_word' id='word_1_320' title='bbox 425 3887 503 3932; x_wconf 66' lang='lat' dir='ltr'><strong>St.</strong></span> <span class='ocrx_word' id='word_1_321' title='bbox 553 3882 612 3933; x_wconf 75' lang='lat' dir='ltr'>B.</span> <span class='ocrx_word' id='word_1_322' title='bbox 648 3883 774 3945; x_wconf 82' lang='lat'>456,</span> <span class='ocrx_word' id='word_1_323' title='bbox 812 3886 859 3936; x_wconf 81' lang='lat'>9.</span> <span class='ocrx_word' id='word_1_324' title='bbox 935 3881 1133 3947; x_wconf 84' lang='grc' dir='ltr'>Βρίγης</span> <span class='ocrx_word' id='word_1_325' title='bbox 1171 3884 1361 3933; x_wconf 84' lang='lat' dir='ltr'><strong>addidi</strong></span> <span class='ocrx_word' id='word_1_326' title='bbox 1413 3902 1480 3934; x_wconf 85' lang='lat' dir='ltr'><strong>ex</strong></span> <span class='ocrx_word' id='word_1_327' title='bbox 1518 3887 1596 3935; x_wconf 81' lang='lat' dir='ltr'>St.</span> <span class='ocrx_word' id='word_1_328' title='bbox 1634 3887 1695 3935; x_wconf 91' lang='lat' dir='ltr'>B.</span> <span class='ocrx_word' id='word_1_329' title='bbox 1746 3888 1870 3948; x_wconf 83' lang='lat'>186,</span> <span class='ocrx_word' id='word_1_330' title='bbox 1915 3889 2001 3949; x_wconf 82' lang='lat'>14,</span> <span class='ocrx_word' id='word_1_331' title='bbox 2053 3886 2270 3951; x_wconf 77' lang='grc' dir='ltr'>Βρύγης</span> <span class='ocrx_word' id='word_1_332' title='bbox 2321 3904 2387 3937; x_wconf 81' lang='lat' dir='ltr'><strong>ex</strong></span> <span class='ocrx_word' id='word_1_333' title='bbox 2433 3904 2485 3952; x_wconf 82' lang='lat' dir='ltr'><strong>p.</strong></span> <span class='ocrx_word' id='word_1_334' title='bbox 2533 3888 2654 3947; x_wconf 81' lang='lat'>187,</span> <span class='ocrx_word' id='word_1_335' title='bbox 2705 3890 2784 3934; x_wconf 83' lang='lat'>11.</span> <span class='ocrx_word' id='word_1_336' title='bbox 2865 3884 2900 3934; x_wconf 87' lang='lat' dir='ltr'>l.</span> <span class='ocrx_word' id='word_1_337' title='bbox 2935 3887 2999 3933; x_wconf 76' lang='lat'>21</span> 
     </span>
     <span class='ocr_line' id='line_1_35' title="bbox 425 3947 3001 4019; baseline 0.001 -19"><span class='ocrx_word' id='word_1_338' title='bbox 425 3947 636 4013; x_wconf 78' lang='grc' dir='ltr'>Μίςγης</span> <span class='ocrx_word' id='word_1_339' title='bbox 675 3967 738 3999; x_wconf 81' lang='lat' dir='ltr'>cx</span> <span class='ocrx_word' id='word_1_340' title='bbox 781 3952 858 4001; x_wconf 78' lang='lat' dir='ltr'><strong>St.</strong></span> <span class='ocrx_word' id='word_1_341' title='bbox 897 3952 958 4000; x_wconf 89' lang='lat' dir='ltr'>B.</span> <span class='ocrx_word' id='word_1_342' title='bbox 991 3954 1119 4011; x_wconf 80' lang='lat'>454,</span> <span class='ocrx_word' id='word_1_343' title='bbox 1162 3955 1219 4000; x_wconf 91' lang='grc'>11</span> <span class='ocrx_word' id='word_1_344' title='bbox 1271 3957 1328 4001; x_wconf 88' lang='lat' dir='ltr'>et</span> <span class='ocrx_word' id='word_1_345' title='bbox 1366 3952 1560 4001; x_wconf 86' lang='lat' dir='ltr'><strong>Choer.</strong></span> <span class='ocrx_word' id='word_1_346' title='bbox 1604 3956 1723 4016; x_wconf 73' lang='lat'>142,</span> <span class='ocrx_word' id='word_1_347' title='bbox 1763 3957 1855 4015; x_wconf 77' lang='lat'>22,</span> <span class='ocrx_word' id='word_1_348' title='bbox 1900 3952 2102 4018; x_wconf 84' lang='grc' dir='ltr'>Λίργης</span> <span class='ocrx_word' id='word_1_349' title='bbox 2142 3961 2197 4005; x_wconf 91' lang='lat' dir='ltr'>et</span> <span class='ocrx_word' id='word_1_350' title='bbox 2234 3954 2442 4019; x_wconf 77' lang='grc' dir='ltr'>Ἀργηε</span> <span class='ocrx_word' id='word_1_351' title='bbox 2480 3971 2543 4004; x_wconf 82' lang='lat' dir='ltr'><strong>ex</strong></span> <span class='ocrx_word' id='word_1_352' title='bbox 2584 3955 2778 4006; x_wconf 80' lang='lat' dir='ltr'><strong>Choer.</strong></span> <span class='ocrx_word' id='word_1_353' title='bbox 2863 3952 2897 4002; x_wconf 93' lang='lat' dir='ltr'>l.</span> <span class='ocrx_word' id='word_1_354' title='bbox 2937 3955 3001 4002; x_wconf 78' lang='lat'>23</span> 
     </span>
     <span class='ocr_line' id='line_1_36' title="bbox 426 4016 3002 4087; baseline 0.002 -21"><span class='ocrx_word' id='word_1_355' title='bbox 426 4034 521 4082; x_wconf 84' lang='lat' dir='ltr'><strong>pro</strong></span> <span class='ocrx_word' id='word_1_356' title='bbox 558 4017 626 4067; x_wconf 87' lang='grc' dir='ltr'>τὸ</span> <span class='ocrx_word' id='word_1_357' title='bbox 664 4016 802 4082; x_wconf 86' lang='grc' dir='ltr'>ἀγής</span> <span class='ocrx_word' id='word_1_358' title='bbox 840 4016 1110 4069; x_wconf 87' lang='grc' dir='ltr'>ςύνθετον</span> <span class='ocrx_word' id='word_1_359' title='bbox 1146 4017 1262 4070; x_wconf 86' lang='grc' dir='ltr'>ἀπὸ</span> <span class='ocrx_word' id='word_1_360' title='bbox 1300 4022 1401 4084; x_wconf 89' lang='grc' dir='ltr'>τῆς</span> <span class='ocrx_word' id='word_1_361' title='bbox 1438 4022 1567 4084; x_wconf 86' lang='grc' dir='ltr'>γῆς,</span> <span class='ocrx_word' id='word_1_362' title='bbox 1618 4023 1761 4085; x_wconf 84' lang='lat' dir='ltr'><strong>quod</strong></span> <span class='ocrx_word' id='word_1_363' title='bbox 1800 4021 2066 4072; x_wconf 83' lang='lat' dir='ltr'><strong>Schmidt.</strong></span> <span class='ocrx_word' id='word_1_364' title='bbox 2112 4024 2168 4072; x_wconf 87' lang='lat' dir='ltr'>in</span> <span class='ocrx_word' id='word_1_365' title='bbox 2205 4021 2343 4087; x_wconf 86' lang='grc' dir='ltr'>ἀγῆς</span> <span class='ocrx_word' id='word_1_366' title='bbox 2381 4023 2645 4085; x_wconf 83' lang='lat' dir='ltr'><strong>mutavit,</strong></span> <span class='ocrx_word' id='word_1_367' title='bbox 2683 4022 2878 4085; x_wconf 79' lang='lat' dir='ltr'>scripsi</span> <span class='ocrx_word' id='word_1_368' title='bbox 2915 4037 3002 4070; x_wconf 85' lang='lat' dir='ltr'>ca-</span> 
     </span>
     <span class='ocr_line' id='line_1_37' title="bbox 425 4086 3000 4155; baseline 0.001 -20"><span class='ocrx_word' id='word_1_369' title='bbox 425 4087 580 4135; x_wconf 84' lang='lat' dir='ltr'><strong>nonis</strong></span> <span class='ocrx_word' id='word_1_370' title='bbox 618 4087 856 4152; x_wconf 76' lang='lat' dir='ltr'><strong>vestigia</strong></span> <span class='ocrx_word' id='word_1_371' title='bbox 895 4102 1144 4151; x_wconf 83' lang='lat' dir='ltr'><strong>premens</strong></span> <span class='ocrx_word' id='word_1_372' title='bbox 1183 4086 1299 4138; x_wconf 86' lang='grc' dir='ltr'>ἀπὸ</span> <span class='ocrx_word' id='word_1_373' title='bbox 1338 4088 1605 4139; x_wconf 79' lang='grc' dir='ltr'>ςυνθέτου</span> <span class='ocrx_word' id='word_1_374' title='bbox 1643 4089 2155 4153; x_wconf 84' lang='grc' dir='ltr'>καταλελειμμένον</span> <span class='ocrx_word' id='word_1_375' title='bbox 2189 4094 2293 4141; x_wconf 83' lang='grc' dir='ltr'>τοῦ</span> <span class='ocrx_word' id='word_1_376' title='bbox 2333 4089 2532 4155; x_wconf 86' lang='grc' dir='ltr'>ἀαγής,</span> <span class='ocrx_word' id='word_1_377' title='bbox 2573 4106 2698 4138; x_wconf 75' lang='lat' dir='ltr'><strong>nam</strong></span> <span class='ocrx_word' id='word_1_378' title='bbox 2736 4104 2843 4138; x_wconf 91' lang='lat' dir='ltr'>non</span> <span class='ocrx_word' id='word_1_379' title='bbox 2882 4104 3000 4137; x_wconf 87' lang='lat' dir='ltr'>cum</span> 
     </span>
     <span class='ocr_line' id='line_1_38' title="bbox 428 4153 3000 4223; baseline 0 -20"><span class='ocrx_word' id='word_1_380' title='bbox 428 4154 602 4203; x_wconf 85' lang='lat' dir='ltr'><strong>Bekk.</strong></span> <span class='ocrx_word' id='word_1_381' title='bbox 640 4156 740 4207; x_wconf 87' lang='lat' dir='ltr'><strong>An.</strong></span> <span class='ocrx_word' id='word_1_382' title='bbox 779 4155 813 4204; x_wconf 89' lang='lat' dir='ltr'>l.</span> <span class='ocrx_word' id='word_1_383' title='bbox 853 4171 898 4203; x_wconf 86' lang='lat' dir='ltr'>c.</span> <span class='ocrx_word' id='word_1_384' title='bbox 936 4153 1142 4219; x_wconf 85' lang='grc' dir='ltr'>εὐαγής</span> <span class='ocrx_word' id='word_1_385' title='bbox 1181 4156 1490 4220; x_wconf 84' lang='lat' dir='ltr'><strong>ponendum</strong></span> <span class='ocrx_word' id='word_1_386' title='bbox 1528 4173 1647 4207; x_wconf 81' lang='lat' dir='ltr'><strong>esee</strong></span> <span class='ocrx_word' id='word_1_387' title='bbox 1687 4158 1850 4208; x_wconf 87' lang='lat' dir='ltr'><strong>docet</strong></span> <span class='ocrx_word' id='word_1_388' title='bbox 1888 4160 2277 4223; x_wconf 77' lang='lat' dir='ltr'><strong>interpretatio</strong></span> <span class='ocrx_word' id='word_1_389' title='bbox 2313 4157 2345 4209; x_wconf 86' lang='grc' dir='ltr'>ό</span> <span class='ocrx_word' id='word_1_390' title='bbox 2385 4159 2458 4223; x_wconf 89' lang='grc' dir='ltr'>μὴ</span> <span class='ocrx_word' id='word_1_391' title='bbox 2498 4156 2787 4220; x_wconf 86' lang='grc' dir='ltr'>κλώμενος</span> <span class='ocrx_word' id='word_1_392' title='bbox 2824 4172 3000 4220; x_wconf 74' lang='lat' dir='ltr'><strong>nequo</strong></span> 
     </span>
     <span class='ocr_line' id='line_1_39' title="bbox 423 4221 3002 4291; baseline 0.001 -20"><span class='ocrx_word' id='word_1_393' title='bbox 423 4222 513 4271; x_wconf 86' lang='lat' dir='ltr'><strong>hic</strong></span> <span class='ocrx_word' id='word_1_394' title='bbox 550 4226 612 4271; x_wconf 88' lang='lat' dir='ltr'><strong>ut</strong></span> <span class='ocrx_word' id='word_1_395' title='bbox 647 4224 784 4274; x_wconf 89' lang='lat' dir='ltr'><strong>Lob.</strong></span> <span class='ocrx_word' id='word_1_396' title='bbox 823 4221 907 4274; x_wconf 80' lang='lat' dir='ltr'>El.</span> <span class='ocrx_word' id='word_1_397' title='bbox 945 4223 1001 4273; x_wconf 87' lang='grc' dir='ltr'>ΙΙ</span> <span class='ocrx_word' id='word_1_398' title='bbox 1038 4228 1097 4274; x_wconf 84' lang='grc'>51</span> <span class='ocrx_word' id='word_1_399' title='bbox 1140 4223 1425 4289; x_wconf 83' lang='lat' dir='ltr'><strong>opinatur,</strong></span> <span class='ocrx_word' id='word_1_400' title='bbox 1465 4225 1531 4274; x_wconf 88' lang='lat' dir='ltr'><strong>de</strong></span> <span class='ocrx_word' id='word_1_401' title='bbox 1572 4228 1742 4287; x_wconf 73' lang='lat' dir='ltr'><strong>crasi,</strong></span> <span class='ocrx_word' id='word_1_402' title='bbox 1781 4226 1879 4276; x_wconf 78' lang='lat' dir='ltr'><strong>sed</strong></span> <span class='ocrx_word' id='word_1_403' title='bbox 1918 4226 1985 4276; x_wconf 87' lang='lat' dir='ltr'><strong>de</strong></span> <span class='ocrx_word' id='word_1_404' title='bbox 2024 4226 2208 4291; x_wconf 84' lang='lat' dir='ltr'><strong>ellipsi</strong></span> <span class='ocrx_word' id='word_1_405' title='bbox 2242 4228 2419 4277; x_wconf 76' lang='lat' dir='ltr'><strong>sermo</strong></span> <span class='ocrx_word' id='word_1_406' title='bbox 2446 4230 2530 4277; x_wconf 83' lang='lat' dir='ltr'>est</span> <span class='ocrx_word' id='word_1_407' title='bbox 2569 4233 2625 4275; x_wconf 88' lang='lat' dir='ltr'>et</span> <span class='ocrx_word' id='word_1_408' title='bbox 2651 4225 3002 4275; x_wconf 77' lang='lat' dir='ltr'><strong>Herodianus</strong></span> 
     </span>
     <span class='ocr_line' id='line_1_40' title="bbox 425 4290 3003 4359; baseline 0.001 -20"><span class='ocrx_word' id='word_1_409' title='bbox 425 4290 697 4340; x_wconf 77' lang='lat' dir='ltr'><strong>diversam</strong></span> <span class='ocrx_word' id='word_1_410' title='bbox 735 4291 1106 4354; x_wconf 81' lang='lat' dir='ltr'><strong>quantitatem</strong></span> <span class='ocrx_word' id='word_1_411' title='bbox 1143 4291 1453 4356; x_wconf 78' lang='lat' dir='ltr'><strong>neglexisse</strong></span> <span class='ocrx_word' id='word_1_412' title='bbox 1493 4294 1771 4358; x_wconf 81' lang='lat' dir='ltr'><strong>putandus</strong></span> <span class='ocrx_word' id='word_1_413' title='bbox 1817 4300 1917 4347; x_wconf 85' lang='lat' dir='ltr'><strong>est.</strong></span> <span class='ocrx_word' id='word_1_414' title='bbox 1992 4295 2283 4344; x_wconf 81' lang='lat' dir='ltr'><strong>Caeterum</strong></span> <span class='ocrx_word' id='word_1_415' title='bbox 2330 4300 2548 4345; x_wconf 82' lang='lat' dir='ltr'><strong>veteres</strong></span> <span class='ocrx_word' id='word_1_416' title='bbox 2594 4294 2817 4359; x_wconf 81' lang='lat' dir='ltr'><strong>saepius</strong></span> <span class='ocrx_word' id='word_1_417' title='bbox 2864 4294 3003 4357; x_wconf 89' lang='lat' dir='ltr'><strong>prio·</strong></span> 
     </span>
     <span class='ocr_line' id='line_1_41' title="bbox 425 4360 3003 4427; baseline 0.002 -21"><span class='ocrx_word' id='word_1_418' title='bbox 425 4374 534 4407; x_wconf 85' lang='lat' dir='ltr'><strong>rem</strong></span> <span class='ocrx_word' id='word_1_419' title='bbox 570 4364 780 4424; x_wconf 82' lang='lat' dir='ltr'><strong>partem</strong></span> <span class='ocrx_word' id='word_1_420' title='bbox 826 4361 1239 4424; x_wconf 80' lang='lat' dir='ltr'><strong>compositionis</strong></span> <span class='ocrx_word' id='word_1_421' title='bbox 1285 4362 1467 4410; x_wconf 90' lang='lat' dir='ltr'><strong>omitti</strong></span> <span class='ocrx_word' id='word_1_422' title='bbox 1508 4367 1859 4427; x_wconf 75' lang='lat' dir='ltr'><strong>sumpserunt</strong></span> <span class='ocrx_word' id='word_1_423' title='bbox 1904 4362 2195 4412; x_wconf 87' lang='lat' dir='ltr'><strong>intellectu</strong></span> <span class='ocrx_word' id='word_1_424' title='bbox 2240 4379 2347 4412; x_wconf 90' lang='lat' dir='ltr'>non</span> <span class='ocrx_word' id='word_1_425' title='bbox 2394 4368 2604 4413; x_wconf 78' lang='lat' dir='ltr'><strong>mutato</strong></span> <span class='ocrx_word' id='word_1_426' title='bbox 2652 4379 2697 4412; x_wconf 89' lang='lat' dir='ltr'><strong>e.</strong></span> <span class='ocrx_word' id='word_1_427' title='bbox 2736 4378 2785 4427; x_wconf 82' lang='lat' dir='ltr'>g.</span> <span class='ocrx_word' id='word_1_428' title='bbox 2832 4360 3003 4410; x_wconf 85' lang='lat' dir='ltr'><strong>Hero-</strong></span> 
     </span>
     <span class='ocr_line' id='line_1_42' title="bbox 424 4425 3001 4495; baseline 0.001 -20"><span class='ocrx_word' id='word_1_429' title='bbox 424 4427 621 4476; x_wconf 74' lang='lat' dir='ltr'><strong>dianus</strong></span> <span class='ocrx_word' id='word_1_430' title='bbox 657 4425 889 4477; x_wconf 82' lang='grc' dir='ltr'>ἐτώςιον</span> <span class='ocrx_word' id='word_1_431' title='bbox 935 4429 1016 4477; x_wconf 82' lang='lat' dir='ltr'><strong>sic</strong></span> <span class='ocrx_word' id='word_1_432' title='bbox 1063 4428 1368 4493; x_wconf 80' lang='lat' dir='ltr'><strong>explicavit</strong></span> <span class='ocrx_word' id='word_1_433' title='bbox 1412 4427 1562 4493; x_wconf 84' lang='grc' dir='ltr'>παρὰ</span> <span class='ocrx_word' id='word_1_434' title='bbox 1609 4429 1678 4479; x_wconf 87' lang='grc' dir='ltr'>τὸ</span> <span class='ocrx_word' id='word_1_435' title='bbox 1722 4429 1886 4480; x_wconf 86' lang='grc' dir='ltr'>ἐτεὸν</span> <span class='ocrx_word' id='word_1_436' title='bbox 1929 4429 1999 4480; x_wconf 88' lang='grc' dir='ltr'>τὸ</span> <span class='ocrx_word' id='word_1_437' title='bbox 2045 4428 2248 4495; x_wconf 79' lang='grc' dir='ltr'>ἀληθὲς</span> <span class='ocrx_word' id='word_1_438' title='bbox 2292 4428 2363 4480; x_wconf 85' lang='grc' dir='ltr'>τὸ</span> <span class='ocrx_word' id='word_1_439' title='bbox 2407 4428 2680 4482; x_wconf 86' lang='grc' dir='ltr'>ἀετώςιον</span> <span class='ocrx_word' id='word_1_440' title='bbox 2724 4428 2816 4479; x_wconf 83' lang='grc' dir='ltr'>καὶ</span> <span class='ocrx_word' id='word_1_441' title='bbox 2861 4427 3001 4479; x_wconf 86' lang='grc' dir='ltr'>κατὰ</span> 
     </span>
     <span class='ocr_line' id='line_1_43' title="bbox 428 4491 3001 4563; baseline 0.001 -20"><span class='ocrx_word' id='word_1_442' title='bbox 428 4491 717 4557; x_wconf 88' lang='grc' dir='ltr'>ἀφαίρεςιν</span> <span class='ocrx_word' id='word_1_443' title='bbox 754 4493 973 4557; x_wconf 84' lang='grc' dir='ltr'>ἔμεινεν</span> <span class='ocrx_word' id='word_1_444' title='bbox 1007 4495 1077 4546; x_wconf 85' lang='grc' dir='ltr'>τὸ</span> <span class='ocrx_word' id='word_1_445' title='bbox 1115 4495 1177 4546; x_wconf 87' lang='grc' dir='ltr'>ἑν</span> <span class='ocrx_word' id='word_1_446' title='bbox 1212 4499 1283 4561; x_wconf 83' lang='grc' dir='ltr'>τῇ</span> <span class='ocrx_word' id='word_1_447' title='bbox 1322 4496 1567 4547; x_wconf 86' lang='grc' dir='ltr'>ςυνθέςει</span> <span class='ocrx_word' id='word_1_448' title='bbox 1604 4497 2013 4560; x_wconf 85' lang='grc' dir='ltr'>ςημαινόμενον</span> <span class='ocrx_word' id='word_1_449' title='bbox 2049 4500 2227 4563; x_wconf 82' lang='lat' dir='ltr'><strong>Epim.</strong></span> <span class='ocrx_word' id='word_1_450' title='bbox 2264 4500 2422 4551; x_wconf 83' lang='lat' dir='ltr'><strong>Hom.</strong></span> <span class='ocrx_word' id='word_1_451' title='bbox 2461 4502 2542 4552; x_wconf 79' lang='lat'>73.</span> <span class='ocrx_word' id='word_1_452' title='bbox 2732 4497 2767 4546; x_wconf 88' lang='lat' dir='ltr'>l.</span> <span class='ocrx_word' id='word_1_453' title='bbox 2804 4499 2870 4546; x_wconf 77' lang='lat'>24</span> <span class='ocrx_word' id='word_1_454' title='bbox 2906 4513 3001 4562; x_wconf 84' lang='lat' dir='ltr'><strong>pto</strong></span> 
     </span>
     <span class='ocr_line' id='line_1_44' title="bbox 425 4560 2999 4630; baseline 0.001 -18"><span class='ocrx_word' id='word_1_455' title='bbox 425 4560 621 4626; x_wconf 88' lang='grc' dir='ltr'>Μογῆς</span> <span class='ocrx_word' id='word_1_456' title='bbox 667 4565 925 4628; x_wconf 87' lang='lat' dir='ltr'><strong>proponit</strong></span> <span class='ocrx_word' id='word_1_457' title='bbox 974 4564 1235 4618; x_wconf 82' lang='lat' dir='ltr'><strong>Schmidt.</strong></span> <span class='ocrx_word' id='word_1_458' title='bbox 1275 4563 1455 4630; x_wconf 87' lang='grc' dir='ltr'>Βογῆς</span> <span class='ocrx_word' id='word_1_459' title='bbox 1506 4582 1570 4615; x_wconf 87' lang='lat' dir='ltr'><strong>ex</strong></span> <span class='ocrx_word' id='word_1_460' title='bbox 1609 4566 1873 4616; x_wconf 83' lang='lat' dir='ltr'><strong>Herodot.</strong></span> <span class='ocrx_word' id='word_1_461' title='bbox 1910 4568 2015 4617; x_wconf 88' lang='lat' dir='ltr'>VII</span> <span class='ocrx_word' id='word_1_462' title='bbox 2056 4570 2178 4629; x_wconf 83' lang='lat'>107,</span> <span class='ocrx_word' id='word_1_463' title='bbox 2216 4567 2316 4616; x_wconf 79' lang='lat' dir='ltr'><strong>sed</strong></span> <span class='ocrx_word' id='word_1_464' title='bbox 2356 4567 2703 4627; x_wconf 80' lang='lat' dir='ltr'><strong>dubitanter,</strong></span> <span class='ocrx_word' id='word_1_465' title='bbox 2753 4567 2880 4630; x_wconf 84' lang='lat' dir='ltr'><strong>qnia</strong></span> <span class='ocrx_word' id='word_1_466' title='bbox 2925 4567 2999 4614; x_wconf 88' lang='lat' dir='ltr'>ibi</span> 
     </span>
     <span class='ocr_line' id='line_1_45' title="bbox 425 4631 3002 4709; baseline 0.001 -31"><span class='ocrx_word' id='word_1_467' title='bbox 425 4631 722 4709; x_wconf 66' lang='lat' dir='ltr'><strong>parytonos</strong></span> <span class='ocrx_word' id='word_1_468' title='bbox 760 4633 1021 4698; x_wconf 81' lang='lat' dir='ltr'><strong>scriptum</strong></span> <span class='ocrx_word' id='word_1_469' title='bbox 1060 4638 1145 4683; x_wconf 84' lang='lat' dir='ltr'>est</span> <span class='ocrx_word' id='word_1_470' title='bbox 1180 4648 1392 4687; x_wconf 89' lang='lat' dir='ltr'><strong>nomen.</strong></span> <span class='ocrx_word' id='word_1_471' title='bbox 1557 4633 1592 4682; x_wconf 92' lang='grc'>1.</span> <span class='ocrx_word' id='word_1_472' title='bbox 1628 4636 1694 4683; x_wconf 79' lang='grc'>25</span> <span class='ocrx_word' id='word_1_473' title='bbox 1730 4632 1903 4698; x_wconf 84' lang='grc' dir='ltr'>ἀργῆς</span> <span class='ocrx_word' id='word_1_474' title='bbox 1939 4633 2001 4684; x_wconf 79' lang='grc' dir='ltr'>ἐκ</span> <span class='ocrx_word' id='word_1_475' title='bbox 2036 4637 2140 4685; x_wconf 82' lang='grc' dir='ltr'>τοῦ</span> <span class='ocrx_word' id='word_1_476' title='bbox 2178 4632 2399 4699; x_wconf 84' lang='grc' dir='ltr'>ἀργήεις</span> <span class='ocrx_word' id='word_1_477' title='bbox 2437 4635 2627 4685; x_wconf 84' lang='lat' dir='ltr'><strong>addidi</strong></span> <span class='ocrx_word' id='word_1_478' title='bbox 2665 4652 2731 4683; x_wconf 87' lang='lat' dir='ltr'><strong>ex</strong></span> <span class='ocrx_word' id='word_1_479' title='bbox 2769 4634 3002 4683; x_wconf 85' lang='lat' dir='ltr'><strong>Arcadio</strong></span> 
     </span>
     <span class='ocr_line' id='line_1_46' title="bbox 868 4702 2915 4731; baseline 0.001 -17"><span class='ocrx_word' id='word_1_480' title='bbox 868 4702 878 4712; x_wconf 89' lang='lat'><em>.</em></span> <span class='ocrx_word' id='word_1_481' title='bbox 1430 4703 1442 4715; x_wconf 88' lang='lat'><strong>.</strong></span> <span class='ocrx_word' id='word_1_482' title='bbox 2405 4705 2416 4716; x_wconf 88' lang='lat'><em>.</em></span> <span class='ocrx_word' id='word_1_483' title='bbox 2464 4705 2475 4716; x_wconf 90' lang='lat'><strong>.</strong></span> <span class='ocrx_word' id='word_1_484' title='bbox 2728 4706 2744 4723; x_wconf 73' lang='lat'>,</span> <span class='ocrx_word' id='word_1_485' title='bbox 2888 4706 2915 4731; x_wconf 72' lang='lat'>9</span> 
     </span>
     <span class='ocr_line' id='line_1_47' title="bbox 423 4698 3002 4835; baseline 0.003 -22"><span class='ocrx_word' id='word_1_486' title='bbox 423 4700 773 4817; x_wconf 46' lang='lat'>{223033312</span> <span class='ocrx_word' id='word_1_487' title='bbox 789 4698 1482 4820; x_wconf 48' lang='lat' dir='ltr'>“Qatss‘mzsspssiss‘zss</span> <span class='ocrx_word' id='word_1_488' title='bbox 1520 4700 2325 4835; x_wconf 46' lang='grc' dir='ltr'>ἐπιεέιιιεωῶειᾍὲῖΐ</span> <span class='ocrx_word' id='word_1_489' title='bbox 2355 4701 2785 4835; x_wconf 45' lang='lat' dir='ltr'>mmm·</span> <span class='ocrx_word' id='word_1_490' title='bbox 2824 4703 3002 4835; x_wconf 46' lang='lat' dir='ltr'>{20ss</span> 
     </span>
     <span class='ocr_line' id='line_1_48' title="bbox 428 4831 3001 4906; baseline 0.002 -24"><span class='ocrx_word' id='word_1_491' title='bbox 428 4831 616 4897; x_wconf 84' lang='grc' dir='ltr'>ἀργῆς.</span> <span class='ocrx_word' id='word_1_492' title='bbox 727 4835 759 4888; x_wconf 95' lang='lat' dir='ltr'>l.</span> <span class='ocrx_word' id='word_1_493' title='bbox 798 4838 864 4887; x_wconf 80' lang='lat'>28</span> <span class='ocrx_word' id='word_1_494' title='bbox 901 4838 957 4885; x_wconf 87' lang='lat' dir='ltr'>in</span> <span class='ocrx_word' id='word_1_495' title='bbox 996 4852 1204 4887; x_wconf 83' lang='lat' dir='ltr'><strong>canone</strong></span> <span class='ocrx_word' id='word_1_496' title='bbox 1243 4840 1481 4905; x_wconf 81' lang='lat' dir='ltr'><strong>apposui</strong></span> <span class='ocrx_word' id='word_1_497' title='bbox 1516 4838 1552 4902; x_wconf 85' lang='grc' dir='ltr'>ἢ</span> <span class='ocrx_word' id='word_1_498' title='bbox 1585 4837 1656 4889; x_wconf 85' lang='grc' dir='ltr'>τὸ</span> <span class='ocrx_word' id='word_1_499' title='bbox 1693 4844 1724 4889; x_wconf 85' lang='grc' dir='ltr'>ὁ</span> <span class='ocrx_word' id='word_1_500' title='bbox 1762 4838 2201 4904; x_wconf 88' lang='grc' dir='ltr'>παραληγόμενα</span> <span class='ocrx_word' id='word_1_501' title='bbox 2234 4845 2463 4906; x_wconf 80' lang='lat' dir='ltr'><strong>propter</strong></span> <span class='ocrx_word' id='word_1_502' title='bbox 2484 4838 2676 4904; x_wconf 86' lang='grc' dir='ltr'>Ποδῆς</span> <span class='ocrx_word' id='word_1_503' title='bbox 2714 4844 2770 4890; x_wconf 88' lang='lat' dir='ltr'>et</span> <span class='ocrx_word' id='word_1_504' title='bbox 2795 4838 3001 4903; x_wconf 87' lang='grc' dir='ltr'>Ῥοδῆς.</span> 
     </span>
     <span class='ocr_line' id='line_1_49' title="bbox 563 4902 2716 4972; baseline 0.004 -22"><span class='ocrx_word' id='word_1_505' title='bbox 563 4903 595 4957; x_wconf 91' lang='grc' dir='ltr'><strong>Ι.</strong></span> <span class='ocrx_word' id='word_1_506' title='bbox 634 4906 698 4953; x_wconf 78' lang='lat'>29</span> <span class='ocrx_word' id='word_1_507' title='bbox 734 4902 928 4969; x_wconf 83' lang='grc' dir='ltr'>Πύδης</span> <span class='ocrx_word' id='word_1_508' title='bbox 967 4905 1185 4970; x_wconf 80' lang='lat' dir='ltr'><strong>explevi</strong></span> <span class='ocrx_word' id='word_1_509' title='bbox 1222 4922 1287 4955; x_wconf 83' lang='lat' dir='ltr'><strong>ex</strong></span> <span class='ocrx_word' id='word_1_510' title='bbox 1327 4910 1404 4960; x_wconf 73' lang='lat' dir='ltr'>St.</span> <span class='ocrx_word' id='word_1_511' title='bbox 1445 4908 1504 4958; x_wconf 79' lang='grc' dir='ltr'><strong>Β.</strong></span> <span class='ocrx_word' id='word_1_512' title='bbox 1544 4910 1660 4972; x_wconf 82' lang='lat'>538,</span> <span class='ocrx_word' id='word_1_513' title='bbox 1701 4908 1763 4957; x_wconf 83' lang='lat'>14</span> <span class='ocrx_word' id='word_1_514' title='bbox 1801 4914 1856 4957; x_wconf 82' lang='lat' dir='ltr'>et</span> <span class='ocrx_word' id='word_1_515' title='bbox 1895 4909 2089 4959; x_wconf 81' lang='lat' dir='ltr'><strong>Choer.</strong></span> <span class='ocrx_word' id='word_1_516' title='bbox 2130 4911 2242 4972; x_wconf 78' lang='lat'>139,</span> <span class='ocrx_word' id='word_1_517' title='bbox 2281 4913 2360 4962; x_wconf 80' lang='lat'>15.</span> <span class='ocrx_word' id='word_1_518' title='bbox 2711 4954 2716 4958; x_wconf 90' lang='lat'>.</span> 
     </span>
    </p>
   </div>
  </div>
 </body>
</html>
