3664 5546
1189 399 1348 456 ΠΕΡΙ
1390 399 1780 456 «Aeolum-tc
1815 399 2238 456 U'POCQtAlAC
2277 402 2337 454 Η.
2877 422 2888 432 ·
2927 398 3053 465 223

642 571 737 636 Τὰ
779 569 868 637 εἰς
913 574 1031 635 ’το-ς
1078 570 1250 636 ἁπλᾶ
1294 570 1456 652 ὑπὲρ
1500 571 1621 637 δύο
1666 572 1980 654 ςυλλαβὰς
2025 571 2258 651 ἔχοντα
2287 572 2416 650 πρὸ
2445 574 2563 635 τοῦ
2606 574 2642 636 τ
2678 571 2877 651 ψιλὸν
2909 571 3051 635 κατ’

473 672 824 753 ἐπιπλοκὴν
856 671 1173 737 ἐπιθετικὰ
1201 672 1359 739 ὄντα
1403 676 1505 739 καὶ
1550 675 1854 754 ῥηματικὰ
1898 672 2243 756 ὀξύνεται,
2266 673 2598 757 ἑλικτός,
2637 671 3049 756 ἀμελκτός,

472 766 895 859 χαρακτός,
940 773 1285 855 ὀρεκτός.
1370 777 1447 842 τὸ
1491 777 1708 858 μέντοι
1749 775 2143 853 Αἴγυπτος
2183 811 2269 823 -
2311 776 2351 855 ἡ
2397 777 2576 854 χώρα
2624 775 2726 840 καὶ
2770 774 2808 838 6
2851 794 3049 839 ποτα-

470 875 601 955 μός.
665 876 894 954 ἐκλήθη
939 876 1072 943 ἀπὸ
1115 880 1232 941 τοῦ
1262 877 1615 962 Αἰγύπτου,
1662 879 1752 943 ὡς
1799 879 2010 958 Χάραξ
2043 879 2299 957 «Βήλου
2343 880 2491 942 παῖς
2536 878 2628 943 ὢν
2673 877 2775 942 καὶ
2809 874 3048 956 Ἀερίας

468 981 578 1057 τῆς
633 979 734 1043 καὶ
777 979 1205 1059 Ποταμίτιδος
1260 981 1625 1061 βαςιλεύςας
1681 981 1789 1060 ἔτη
1852 982 2193 1060 τριάκοντα
2246 978 2386 1058 τρία
2402 1006 2446 1044 ν».
2488 1015 2573 1026 -
2628 980 2730 1043 καὶ
2779 978 3043 1044 Πάνα-
3072 987 3107 1037 5

468 1101 651 1145 κτος
695 1081 797 1146 καὶ
829 1080 1292 1147 Ναύπακτος
1336 1082 1522 1147 πόλις
1549 1082 1856 1148 Αἰτωλίας
1887 1081 2016 1148 ἀπὸ
2047 1081 2400 1160 ναυπηγίας
2434 1086 2565 1148 τῶν
2596 1082 3045 1164 Ἡρακλειδῶν,

472 1182 562 1248 ὡς
604 1182 888 1264 Ἔφορος
930 1184 1034 1249 καὶ
1077 1182 1375 1265 (τράβων
1421 1182 1489 1266 (9
1523 1205 1587 1270 p.
1617 1182 1791 1268 427).
1880 1186 1981 1250 καὶ
2024 1185 2480 1267 Πρόνεκτος
2524 1184 2710 1249 πόλις
2757 1183 3044 1248 Βιθυνίας

467 1284 570 1349 καὶ
597 1284 1114 1351 Δατύλεπτος
1143 1285 1333 1351 ἔθνος
1356 1286 1623 1370 Θρᾴκης.
1667 1285 1992 1352 Ἑκαταῖος
2022 1286 2295 1371 Εὐρώπῃ
2318 1322 2404 1333 -
2434 1288 2515 1367 μὴ
2551 1286 2708 1353 ὄντα
2741 1284 3044 1365 ῥηματικὰ

467 1388 1037 1467 προπαροξύνεται.
1112 1387 1513 1468 ςεςημείωται
1554 1390 1630 1454 τὸ
1674 1388 2126 1469 δρυφακτός
2170 1386 2595 1471 ὀξυνόμενον,
2637 1388 2677 1466 ἡ
2722 1388 2884 1485 θύρα
2925 1391 3043 1452 τοῦ

468 1488 899 1573 δικαςτηρίου,
942 1490 982 1569 ἢ
1027 1489 1129 1555 καὶ
1173 1490 1479 1567 κιγκλίδες
1523 1495 1881 1557 καλοῦνται.
3081 1497 3146 1548 10

635 1592 728 1657 Τὰ
781 1591 870 1658 εἰς
915 1596 1070 1657 ff&
1110 1593 1294 1671 κύρια
1337 1593 1633 1672 ἀρςενικὰ
1663 1592 1877 1673 μόνως
1919 1594 1959 1671 ἢ
1991 1593 2230 1671 θηλυκὰ
2262 1592 2627 1676 βαρύνεται,
2660 1594 3041 1658 Ἀκαςτος.

465 1693 859 1760 Λύκαςτος
902 1694 1089 1759 πόλις
1138 1693 1394 1774 Κρήτης.
1438 1695 1724 1776 Ὅμηρος
1756 1694 2043 1761 ᾱΛύκτον
2075 1694 2361 1774 Μίλητόν
2404 1716 2472 1760 τε
2516 1697 2619 1760 καὶ
2662 1694 3043 1774 ἀργινόεντα

467 1795 832 1874 Λύκαςτον»
879 1797 956 1878 (Β
1000 1795 1155 1881 647)
1215 1796 1347 1861 ἀπὸ
1391 1796 1715 1863 Λυκάςτου
1770 1796 2168 1875 αὐτόχθονος
2223 1799 2261 1876 ἢ
2315 1798 2545 1863 παιδὸς
2599 1801 2716 1862 τοῦ
2763 1797 3040 1861 Μίνωος.

468 1896 594 1963 ἔςτι
640 1899 741 1963 καὶ
768 1898 1051 1977 Ποντικὴ
1096 1899 1430 1963 Λύκαςτος.
1489 1900 1606 1978 τὴν
1655 1899 1958 1978 Κρητικὴν
2001 1900 2324 1967 Λύκαςτον
2356 1899 2688 1968 ὀξύνουςιν
2735 1898 2797 1963 οἱ
2841 1898 3041 1977 ἐγχώ-

465 2019 623 2083 ριοι,
690 2000 779 2065 ὡς
841 1999 1080 2079 ἱςτορεῖ
1130 2000 1491 2066 Διονύςιος.
1592 1999 1710 2065 οὐκ
1773 1991 2094 2080 ἐπικρατεῖ
2157 2003 2229 2067 δὲ
2292 2003 2332 2081 ἡ
2400 2002 2610 2080 ἐθνικὴ
2672 2000 3036 2080 παράδοςις.
3078 2008 3138 2061 15

466 2102 907 2187 Ἣφαιςτρς.
962 2104 1388 2183 Ἀδραςτος
1435 2102 1753 2185 βαςιλεύς,
1809 2102 1934 2183 ἀφ’
1988 2102 2067 2168 οὗ
2123 2104 2307 2169 πόλις
2352 2104 2733 2182 Ἀδράςτεια.
2820 2103 3040 2185 Βίβα-

467 2224 645 2269 ςτος
690 2204 940 2287 Θρᾴκης
992 2204 1194 2269 πόλις.
1284 2204 1726 2285 Βούβαςτος
1780 2205 1968 2270 πόλις
2023 2205 2372 2287 Αἰγύπτου,
2428 2206 2507 2283 ἢν
2552 2203 2904 2283 Ἡρόδοτος
2951 2205 3037 2285 (e.

464 2325 528 2388 g.
573 2305 636 2388 2,
681 2304 795 2388 59)
840 2305 1185 2387 Βούβαςτίν
1231 2327 1381 2387 φηςι
1426 2306 1530 2371 διὰ
1572 2310 1689 2372 τοῦ
1733 2310 1780 2370 ῑ.
1842 2307 2009 2372 Μού
2024 2327 2117 2387 μα
2134 2327 2307 2372 ςτος
2351 2306 2536 2372 πόλις
2585 2306 2826 2384 Καρίας.
2871 2305 3040 2370 Ἀλέ-

464 2411 734 2485 ξανδρος
780 2409 1060 2493 δευτέρῳ
1111 2408 1411 2488 Καρικῶν.
1478 2408 1840 2485 ’Έγεςτος
1885 2409 1923 2473 6
1967 2408 2220 2491 Τρωός,
2263 2407 2388 2489 ἀφ’
2432 2406 2511 2473 οὗ
2555 2409 2815 2486 Ἔγεςτα
2855 2408 3042 2472 πόλις

465 2508 758 2575 (ικελίας.
832 2508 1207 2585 Αἴγεςτος
1263 2510 1606 2590 ςτρατηγός
1661 2531 1789 2593 τις,
1844 2509 1969 2590 ἀφ’
2013 2508 2092 2575 οὗ
2137 2509 2487 2587 Αἰγεςταῖοι
2545 2509 2607 2575 οἱ
2656 2510 3040 2588 Θεςπρωτοί.
3075 2520 3144 2569 20

464 2611 947 2691 Πραίνεςτος
990 2612 1176 2677 πόλις
1207 2611 1465 2678 Ἰταλίας
1495 2612 1626 2678 ἀπὸ
1655 2613 2054 2691 Πραινέςτου
2098 2616 2214 2677 τοῦ
2244 2612 2515 2678 Λατίνου
2546 2616 2662 2677 τοῦ
2694 2611 3041 2677 Ὀδυςςέως

465 2713 566 2779 καὶ
611 2715 831 2795 Κίρκης
875 2713 1037 2781 υἱοῦ.
1125 2714 1522 2781 Μάκιςτος
1582 2714 1619 2779 6
1664 2713 1951 2795 ἀδελφὸς
1994 2712 2230 2794 Φρίξου
2276 2717 2376 2780 καὶ
2417 2715 2604 2781 πόλις
2646 2718 2757 2793 τῆς
2801 2714 3039 2795 Τριφυ-

466 2815 615 2882 λίας.
703 2817 1241 2900 Ἀνάφλυςτος
1295 2819 1496 2897 δῆμος
1549 2820 1662 2895 τῆς
1718 2805 2107 2896 Ἀντιοχίδος
2161 2821 2371 2897 φυλῆς
2425 2817 2557 2882 ἀπὸ
2602 2817 3040 2897 Ἀναφλύςτου

462 2917 691 2998 ἥρωος.
778 2919 1145 2988 Παυςανίας
1190 2920 1470 3005 δευτέρῳ
1513 2919 1647 3002 (30,
1694 2918 1763 3001 9)
1811 2920 2188 2999 «Τροιζῆνος
2233 2919 2295 2984 οἱ
2339 2922 2562 2984 παῖδες
2606 2919 3040 2999 Ἀνάφλυςτος

462 3019 563 3084 καὶ
608 3019 956 3102 (φῆττοςιι.
1048 3022 1440 3101 Κάρυςτος
1495 3021 1534 3085 6
1582 3021 1904 3099 Χείρωνος
1959 3023 2062 3086 καὶ
2116 3018 2235 3085 ἀπ’
2289 3022 2488 3087 αὐτοῦ
2543 3022 2730 3087 πόλις
2784 3021 2913 3086 ὑπὸ
2961 3027 3037 3106 τῇ
3076 3033 3140 3082 25

460 3121 623 3207 Ὀχῃ
688 3122 823 3203 ὄρει
888 3127 1000 3203 τῆς
1056 3122 1336 3205 Εὐβοίας.
1424 3124 1552 3190 ἔςτι
1617 3125 1719 3189 καὶ
1777 3124 2094 3207 Κάρυςτος
2159 3124 2360 3189 τόπος
2415 3127 2526 3202 τῆς
2578 3123 2813 3200 Αἴγυος
2875 3123 3040 3202 πρὸς

442 3203 822 3309 ”Αρκαδίαν,
868 3224 994 3307 ἀφ’
1039 3224 1119 3291 οὗ
1155 3226 1500 3306 Καρύςτιον
1545 3224 1733 3292 οἶνον
1765 3226 2035 3307 Ἀλκμὰν
2081 3225 2239 3308 ἔφη,
2284 3227 2445 3290 καθὰ
2476 3224 2772 3307 (τράβων
2809 3225 3037 3310 δεκάτῃ

461 3325 553 3410 (p.
596 3324 767 3408 446).
853 3329 931 3392 τὰ
975 3328 1048 3392 δὲ
1090 3328 1524 3408 προςηγορικὰ
1569 3328 1857 3397 ὀξύνεται
1871 3327 2276 3412 ,,ἀγοςτός
2329 3328 2370 3407 ἡ
2427 3327 2701 3410 ἀγκάλη,
2756 3326 3037 3393 ὀῖςτός.

628 3456 667 3492 ιι
714 3428 808 3493 Τὰ
865 3430 955 3494 εἰς
1007 3431 1157 3495 c-ffie
1210 3437 1301 3515 τῷ
1354 3433 1393 3510 ἦ
1452 3431 1949 3511 παραληγόμενα
2003 3430 2185 3510 κύρια
2242 3429 2562 3513 ὀξύνεται,
2622 3428 3037 3509 Ὀγχηςτός

460 3526 670 3608 ἄλςος.
726 3530 1011 3610 Ὅμηρος
1043 3531 1420 3611 «Ὀγχηςτόν
1464 3533 1531 3597 θ’
1560 3531 1769 3617 ἱερόν,
1813 3534 2163 3613 Ποςιδήῑον
2208 3532 2452 3610 ἀγλαόν
2484 3531 2715 3598 ἄλςος»
2758 3533 2835 3614 (Β
2864 3530 3036 3613 506).
3072 3541 3140 3594 30

457 3665 542 3677 -—
586 3629 881 3711 ἱδρυνθὲν
927 3633 1055 3698 ὑπὸ
1100 3633 1447 3713 Ὀγχηςτοῦ
1491 3639 1609 3700 τοῦ
1655 3636 1974 3719 Βοιωτοῦ,
2019 3636 2108 3700 ὥς
2150 3655 2339 3715 φηςιν
2384 3635 2688 3701 Ἡςίοδος.
2763 3635 2889 3700 ἔςτι
2935 3635 3036 3698 καὶ

458 3732 677 3817 πόλις,
736 3735 825 3800 ὡς
866 3735 1227 3802 Παυςανίας
1283 3737 1494 3821 ἐνάτῳ
1537 3735 1681 3819 (26,
1727 3736 1812 3819 6).
1898 3736 2333 3803 Ἀπολλώνιος
2389 3739 2461 3802 δὲ
2516 3737 2553 3802 6
2599 3736 2846 3802 Ῥόδιος
2878 3787 2891 3801 .
2924 3787 2937 3801 .
2969 3786 2983 3799 .
3021 3785 3033 3799 .

457 3836 647 3902 πόλιν
692 3837 844 3918 φηςὶ
886 3838 1168 3917 μεγάλην
1211 3839 1327 3905 τὸν
1373 3839 1719 3919 Ὀγχηςτὸν
1764 3840 1994 3919 μεταξὺ
2039 3839 2406 3919 Ἁλιαρτίων
2451 3841 2553 3904 καὶ
2596 3830 3038 3918 Ἀκραιφνίων.

456 3938 916 4020 Τυφρηςτός
970 3939 1157 4005 πόλις
1208 3944 1321 4018 τῆς
1366 3941 1681 4021 Τραχῖνος
1737 3941 2159 4024 ὀνομαςθεῖςα
2214 3942 2344 4007 ἀπὸ
2401 3945 2512 4022 τῆς
2563 3941 2803 4022 τέφρας
2848 3938 3033 4018 Ἡρα-

457 4042 685 4107 κλέους
727 4041 768 4121 ἢ
814 4041 944 4108 ἀπὸ
989 4043 1370 4124 Τυφρηςτοῦ
1416 4043 1558 4108 υἱοῦ
1603 4042 1966 4123 (περχειοῦ.
3071 4052 3134 4103 35

623 4144 718 4209 Τὰ
761 4142 850 4209 εἰς
894 4149 1045 4210 ’ς”ῖόἑ
1089 4146 1408 4211 ἐπιθετικὰ
1449 4145 1624 4211 ἁπλᾶ
1655 4146 1960 4227 ῥηματικὰ
2005 4145 2165 4226 ὑπὲρ
2210 4147 2329 4211 δύο
2366 4146 2678 4226 ςυλλαβὰς
2722 4144 3034 4228 ὀξύνεται,

459 4363 535 4419 ώς
572 4364 880 4433 (ωρεντός.
1019 4369 1053 4422 l.
1091 4373 1124 4420 3
1161 4366 1443 4432 Αἴγυπτος
1483 4369 1698 4434 explevi
1747 4385 1813 4420 ex
1851 4371 1932 4420 St.
1970 4370 2032 4418 Β.
2071 4394 2135 4404 -
2175 4368 2242 4418 de
2292 4369 2462 4418 forma
2497 4365 2797 4419 Πάνακτος
2844 4366 3033 4417 Iacobi

457 4434 644 4486 laudat
667 4438 994 4503 Harpocrat.
1025 4439 1138 4498 144,
1162 4440 1246 4490 23.
1297 4435 1632 4489 Ναύπακτος
1669 4437 1889 4503 explevi
1916 4452 1983 4486 ex
2008 4436 2088 4489 St.
2112 4436 2191 4498 Β.,
2230 4434 2556 4501 Πρόνεκτος
2580 4442 2637 4486 et
2662 4434 3032 4487 Δατύλεπτος

461 4519 525 4553 ex
560 4504 749 4555 eodem
784 4505 983 4557 adieci.
1142 4505 1178 4559 1.
1219 4508 1277 4556 11
1316 4504 1352 4569 ἢ
1392 4503 1607 4569 θηλυκὰ
1640 4511 1868 4571 propter
1903 4505 2115 4554 urbium
2150 4505 2374 4554 nomina
2410 4504 2619 4566 adieci,
2656 4503 3031 4553 additamento

459 4567 711 4634 ἀρςενικὰ
747 4571 936 4636 μόνως
970 4571 1006 4638 ἢ
1044 4571 1259 4638 θηλυκὰ
1295 4573 1684 4622 discernuntur
1716 4573 1937 4637 propria
1972 4588 2004 4622 a
2042 4572 2350 4624 nominibus
2386 4571 2677 4626 adiectivis
2711 4571 2866 4621 velut
2898 4569 3031 4621 ἄλα-

459 4650 615 4757 {roci
647 4656 795 4759 11:1⁸3
824 4641 1047 4760 ‹infit-{m
1083 4657 1342 4758 genderqm
1378 4645 1524 4722 suqt.
1626 4639 1708 4756 bl.
1735 4642 1810 4757 312
1849 4636 2143 4760 ςύκαςῖίτοὲ
2166 4639 2359 4724 sen-'ipsi
2392 4655 2489 4705 pro
2525 4639 2796 4758 ’ἒὲαςτος
2839 4655 2909 4755 ξι
2947 4640 3029 4693 St.

460 4723 618 4823 ιιι-ἰπὶ
657 4725 965 4840 ἽῖΙφοῖίςτος
1007 4712 1241 4828 ἓῖιὲιξειῗ
1275 4722 1776 4840 Ῥὶεεςξιῖιῗτόῖςθξειῖμη
1788 4721 1972 4839 (Εὲἔὲ
1987 4723 2053 4828 aec
2098 4720 2551 4840 &Jtsswufssffitcsso
2596 4722 2899 4826 τοῧωιῗίιόῦα
2922 4722 3028 4825 ’ξὲῦ

462 4838 594 4891 Διός
620 4858 705 4908 ap.
735 4843 814 4894 st.
840 4846 902 4894 B.
926 4869 995 4880 —
1014 4844 1249 4895 Nomina
1275 4845 1403 4895 inde
1442 4845 1511 4894 ab
1537 4841 1841 4907 Ἀδραςτος
1877 4859 2049 4909 usque
2086 4844 2157 4894 ad
2186 4841 2463 4907 Κάρυςτος
2500 4844 2735 4910 apposui
2771 4859 2837 4892 ex
2863 4841 2940 4892 St.
2966 4845 3027 4894 B.

593 4908 630 4959 1.
651 4914 716 4962 ‘19
753 4926 1014 4962 canonem
1050 4912 1115 4962 de
1154 4912 1465 4962 nominibus
1500 4913 1556 4961 in
1595 4913 1759 4975 ῆςτος
1795 4913 1916 4978 ipse
1955 4913 2088 4963 fluuii
2125 4929 2193 4963 ex
2228 4911 2511 4964 vocabulis
2545 4927 2578 4963 a
2616 4913 2784 4963 St.13.
2822 4911 3029 4962 relatio.
