3664 5546
1127 355 1285 410 ΠΕΡΙ
1327 353 1719 410 ΚΑΘΟΛΙΚΗ(
1756 350 2178 407 ΠΡΟΕΩιΔΙΑ(
2218 353 2287 405 Ις.
2894 351 3016 415 461

430 528 745 610 ἑδάρης,
791 527 1038 606 τέτυφα
1088 525 1465 606 τέτυφας,
1508 524 1757 603 ἔτυψα
1796 523 2129 604 ἔτυψας,
2176 521 2417 588 ἔτυπον
2458 521 2753 587 ἔτυπες.
2798 520 2890 585 ἔτι
2919 522 3024 585 καὶ

427 631 508 694 τὰ
549 630 728 711 τρίτα
771 628 1077 707 ὁμοτονεῑ
1120 630 1258 691 τοῖς
1305 626 1663 707 δευτέροις,
1707 624 1934 703 ἔλαβες
1975 623 2292 704 ἔλαβεν,
2338 623 2582 702 ἔτυψας
2625 623 2935 701 ἔτυψεν.

598 731 693 794 Τὰ
736 730 825 794 εἰς
872 733 988 807 ’μαι
1046 727 1325 806 ὁριςτικά
1369 725 1978 806 προπαροξύνονται
2021 725 2061 802 ἢ
2117 729 2697 804 προπεριςπῶνται.
2783 724 2864 788 τὰ
2905 725 3021 804 μὲν

430 831 550 897 οὖν
618 830 878 914 βραχείᾳ
956 828 1457 908 παραληγόμενα
1533 826 2173 905 προπαροξύνονται,
2248 826 2608 909 λέγομαι,
2677 824 3020 903 ἵςταμαι,

429 933 795 1014 δύναμαι,
863 931 1185 1011 ἄγαμαι,
1253 930 1596 1007 δίδομαι·
1652 929 1731 992 τά
1786 929 1859 991 δὲ
1915 926 2100 1006 φύςει
2156 931 2362 1010 μακρᾷ
2414 927 2590 991 ἁπλᾶ
2642 926 2804 992 ὄντα
2858 941 3081 1005 προ-5

428 1038 886 1115 περιςπῶνται,
931 1035 1238 1113 κεῖμαι,
1293 1029 1509 1112 ἧμαι,
1564 1031 1982 1108 ποιοῦμαι,
2037 1031 2418 1111 γελῶμαι,
2477 1026 2811 1109 ἀγῶμαι,
2870 1028 3024 1091 ὑπε·

431 1131 796 1213 ςτῑιιλμένων
827 1138 958 1198 τῶν
988 1136 1100 1210 τῆς
1129 1131 1424 1196 Αἰολίδος
1453 1130 1822 1211 διαλέκτου,
1854 1127 2247 1207 ἀκάχημαι
2292 1129 2416 1207 γὰρ
2446 1131 2549 1194 καὶ
2593 1128 3021 1211 ἀλάλημαι,

430 1237 534 1300 καὶ
576 1240 692 1299 τοῦ
737 1234 1234 1313 παρακειμένου·
1282 1222 1476 1297 οὗτος
1523 1232 1594 1294 δὲ
1638 1230 2223 1308 προπαροξύνεται,
2272 1229 2591 1309 ὁμότονος
2619 1230 2713 1295 ὢν
2743 1236 2836 1313 τῷ
2883 1230 3022 1313 ἰδίῳ

432 1337 845 1420 ἐνεργητικῷ,
891 1336 1166 1413 νενόηκα
1210 1334 1624 1414 νενόημαι,
1668 1331 1988 1409 πεποίηκα
2032 1331 2478 1410 πεποίημαι.
2549 1332 2626 1397 τὸ
2672 1332 2743 1396 δὲ
2791 1331 3022 1395 κατά-

432 1457 690 1516 κειμαι
734 1439 838 1502 καὶ
881 1436 1212 1516 κάθημαι
1256 1432 1862 1514 προπαροξύνονται
1907 1432 2174 1497 ςύνθετα
2216 1430 2394 1497 ὄντα.

601 1539 697 1603 Τὰ
741 1538 830 1602 εἰς
871 1540 973 1602 ·“τῖι’ῑ
1002 1537 1181 1616 τρίτα
1211 1536 1550 1615 ὁμοφωνεῖ
1578 1535 1715 1598 τοῖς
1747 1533 1836 1597 εἰς
1875 1536 1982 1611 μῖᾱῑ
2024 1534 2337 1617 πρώτοις,
2379 1534 2696 1614 τύπτομαι
2738 1534 3020 1599 τύπτε-

432 1661 591 1723 ται,
619 1640 965 1719 πεποίημαι
994 1637 1451 1719 πεποίηται,
1494 1638 1799 1714 ποιοῦμαι
1830 1639 2212 1719 ποιεῖται,
2259 1634 2476 1715 οἴομαι
2506 1637 2609 1701 καὶ
2640 1635 2816 1716 οἶμαι
2861 1634 3022 1701 οἴε-

433 1761 580 1805 ται.
625 1741 707 1804 τὰ
753 1741 1023 1820 δεύτερα
1065 1739 1381 1818 πρόςωπα
1421 1743 1551 1803 τῶν
1595 1737 1685 1801 εἰς
1712 1742 1818 1813 μῑιί
1853 1736 2388 1818 ἰςοςυλλαβοῦντα
2417 1740 2532 1818 μὲν
2572 1741 2711 1803 τοῖς
2741 1739 3023 1817 πρώτοις

434 1842 538 1907 καὶ
593 1841 898 1920 ὁμοτονεῑ
951 1842 1173 1906 αὐτοῖς
1182 1889 1201 1923 ,
1267 1840 1506 1919 τίθεμαι
1561 1838 1886 1921 τίθεςαι,
1953 1838 2204 1917 δίδομαι
2270 1840 2607 1922 δίδοςαι,
2673 1839 3022 1919 πεποίημαι

437 1944 886 2021 πεποίηςαι·
930 1943 1240 2009 ἐνδέοντα
1285 1942 1356 2005 δὲ
1386 1944 1495 2023 μιᾷ
1524 1943 1832 2025 ςυλλαβῇ,
1879 1940 2011 2005 ἀπὸ
2056 1942 2171 2019 μὲν
2214 1941 2809 2020 προπαροξυτόνων
2840 1938 3022 2025 ὄντα,

437 2045 943 2129 παροξύνονται,
987 2046 1333 2125 τύπτομαι,
1374 2042 1652 2126 τύπτῃ,
1697 2041 2027 2121 γράφομαι
2072 2042 2368 2127 γράφῃ,
2413 2043 2546 2109 ἀπὸ
2591 2046 2666 2109 δὲ
2707 2062 3022 2123 περιςπω-

436 2148 648 2227 μένων
693 2149 1097 2227 περιςπᾶται,
1142 2150 1385 2225 βοῶμαι
1433 2148 1610 2227 βοᾷ,
1656 2147 1961 2223 ποιοῦμαι
2005 2150 2209 2227 ποιῇ.

602 2248 697 2311 Τὰ
740 2247 829 2312 εἰς
873 2250 981 2325 Ποῖ
1025 2246 1413 2311 ύποτακτικὰ
1458 2249 1888 2322 περιςπῶνται
1932 2247 2046 2324 μὲν
2101 2244 2234 2311 ἀπὸ
2284 2247 2785 2329 περιςπωμένων
2839 2245 3022 2329 ὄντα,

434 2349 550 2414 ἐὰν
594 2355 735 2415 νοῶ
779 2348 915 2414 ἐὰν
959 2354 1290 2431 νοῶμαι,
1335 2334 1451 2412 ἐὰν
1494 2349 1668 2426 φιλῶ
1714 2347 1850 2411 ἐὰν
1895 2350 2272 2426 φιλῶμαι’
2315 2349 2420 2412 καὶ
2461 2348 2618 2413 ὅταν
2664 2348 2774 2414 ὦςι
2818 2368 3022 2426 παρα-

432 2451 729 2530 κειμένου
775 2451 901 2530 ,καὶ
971 2448 1534 2531 ὑπερςυντελίκου,
1611 2448 1747 2514 ἐὰν
1813 2454 2302 2533 πεποιῶμαι,
2379 2450 2514 2515 ἐὰν
2581 2457 3022 2534 μεμνῶμαι,

320 2618 327 2627 ,
435 2553 571 2616 ἐὰν
626 2558 1045 2635 κεκτῶμαι,
1101 2551 1235 2617 ἐὰν
1295 2555 1804 2630 κεχρυςῶμαι.
1894 2550 2279 2631 βαρύνονται
2336 2552 2407 2616 δὲ
2461 2550 2594 2617 ἀπὸ
2650 2550 3022 2632 βαρυτόνων

333 2686 336 2690 ‡
438 2653 629 2736 ὄντα,
674 2652 788 2717 ἐὰν
818 2653 1036 2718 τύπτω
1081 2652 1217 2719 ἐὰν
1261 2653 1691 2734 τύπτωμαι,
1736 2652 1854 2716 ἐὰν
1883 2652 2065 2717 τύπω
2109 2651 2245 2718 ἐὰν
2275 2651 2665 2738 τύπωμαι,
2710 2653 2825 2719 ἐὰν
2857 2653 3023 2719 λίπω

437 2755 574 2820 ἐὰν
622 2754 996 2838 λίπωμαι,
1042 2753 1178 2821 ἐὰν
1218 2753 1519 2835 ἵκωμαι.

448 3026 457 3034 .
604 2978 642 3031 l.
680 2979 712 3029 5
747 2976 955 3042 ἄγαμαι
993 2983 1049 3029 et
1084 2977 1118 3027 1.
1155 2979 1189 3027 6
1230 2975 1451 3041 ἀγῶμαι
1499 2977 1691 3028 addidi
1734 2983 1962 3043 propter
2005 2977 2186 3032 Schol.
2233 2978 2306 3030 ad
2343 2977 2445 3029 od.
2482 2992 2510 3030 ε
2549 2982 2648 3030 129
2689 2979 2897 3044 άγαςθε
2943 2981 3024 3035 ὡς

434 3045 672 3098 δύναςθε
716 3049 820 3097 τοῦ
868 3044 1135 3111 δευτέρου
1179 3048 1215 3095 ἃ
1261 3044 1716 3108 ςυςτελλομένου.
1782 3045 2030 3097 δυνατὸν
2074 3045 2136 3097 δὲ
2190 3046 2281 3097 καὶ
2327 3044 2406 3097 ὡς
2451 3046 2673 3112 ήγᾶςθε.
2751 3047 2873 3100 οῑδε
2916 3049 3024 3115 γάρ

435 3114 613 3165 αὐτοῦ
652 3115 742 3165 καὶ
776 3113 847 3165 τὸ
886 3112 1030 3165 κατὰ
1065 3111 1326 3177 διαίρεςιν
1364 3112 1444 3165 ὡς
1467 3114 1536 3164 τὸ
1573 3115 1769 3165 «θεαῖς
1796 3111 2080 3176 ἀγάαςθε»
2117 3115 2259 3178 (119)
2297 3114 2388 3165 καὶ
2423 3114 2654 3179 «τόφρα
2688 3113 2742 3167 οἱ
2779 3115 3024 3181 ήγάαςθε

436 3181 599 3235 θεοί»
638 3183 801 3246 (122).
837 3208 902 3217 —
951 3182 1019 3231 de
1068 3179 1348 3245 ἀλάλημαι
1391 3183 1464 3232 cf.
1514 3182 1697 3233 fichol.
1743 3182 1813 3231 ad
1863 3181 1966 3232 Od.
2013 3196 2052 3245 μ
2093 3184 2219 3233 284ε
2266 3180 2571 3248 ἀλάληςθαι
2610 3183 3022 3250 Ἀςκαλωνίτης

436 3252 705 3316 περιςπᾷ,
740 3247 827 3300 ἵν’
863 3250 896 3313 ᾖ
936 3248 1349 3312 παρακειμένου
1386 3247 1592 3314 χρόνου
1628 3247 1744 3300 ἀπὸ
1780 3251 1884 3299 τοῦ
1923 3246 2044 3299 ἀλῶ
2083 3247 2162 3301 ὡς
2199 3251 2549 3316 πεποιῆςθαι.
2618 3249 2853 3303 δύναται
2889 3261 3023 3318 προ-

437 3311 841 3381 παρὸξύνεςθαι
878 3314 958 3367 ὡς
994 3315 1281 3380 Αἰολικὸν,
1317 3313 1403 3367 ἵν’
1438 3317 1472 3381 ᾖ
1510 3314 1816 3381 ἀλάληςθαι
1853 3315 2164 3368 ἐνεςτῶτος
2199 3317 2421 3383 χρόνου.
2455 3317 2525 3369 τὸ
2561 3317 2703 3382 θέμα
2737 3318 2908 3385 ἄλημι
2944 3319 3025 3373 ὡς

3055 1448 3125 1542 ΞΟ

3060 1957 3126 2010 15

3057 2467 3126 2519 20

434 3381 644 3449 τίθημι,
669 3383 869 3447 ἄλεμαι
894 3383 972 3436 ὡς
996 3381 1216 3447 τίθεμαι
1240 3384 1331 3435 καὶ
1355 3383 1747 3447 διπλαςιᾳςμὸς
1772 3397 1876 3447 μετ
1891 3383 1906 3401 ’
1928 3383 2283 3437 ἑπεκτάςεως
2308 3384 2566 3451 Αἰολικῆς
2591 3385 2870 3452 ἀλάλημαι
2894 3387 3025 3440 ἀλά-
3079 3413 3088 3420 ι

437 3451 598 3516 ληςαι
623 3450 922 3516 ἀλάληται,
951 3452 1131 3506 Schol.
1158 3452 1230 3502 ad
1256 3453 1355 3504 Od.
1380 3451 1411 3502 δ
1436 3455 1560 3503 806:
1598 3450 1927 3516 ἀκάχηςθαι;
1975 3451 2029 3503 οἱ
2062 3451 2293 3505 πλείους
2318 3452 2622 3518 ἀκάχηςθαι
2656 3453 2734 3507 ὡς
2768 3455 3023 3519 λέγεςθαι

438 3519 518 3571 ὡς
551 3517 813 3585 Αἰολικῆς
843 3521 947 3583 τῆς
982 3518 1214 3571 κλίςεως
1247 3519 1432 3584 οὔςης.
1491 3519 1523 3570 ό
1558 3519 1620 3570 δὲ
1648 3517 2061 3584 Ἀςκαλωνίτης
2096 3519 2175 3571 ὡς
2209 3523 2557 3587 πεποιῆςθαι.
2623 3524 2688 3574 11.
2712 3525 2799 3573 Pr.
2826 3523 2872 3576 Τ
2896 3528 3022 3575 335:

437 3585 765 3652 ἀκάχηςθαιε
811 3589 1259 3653 προπεριςπᾶται
1306 3585 1386 3638 ὼς
1430 3588 1799 3652 λελυπῆςθαι,
1847 3585 1900 3638 οἱ
1936 3586 1998 3638 δὲ
2034 3588 2487 3653 προπαρώξυναν
2536 3588 2616 3642 ὡς
2653 3587 2915 3643 Αἰολικὸν
2961 3590 3024 3643 ἐν

439 3657 789 3720 παρατατικῇ
817 3654 1066 3720 ςημαςίᾳ,
1088 3654 1212 3707 ἐπεὶ
1237 3653 1357 3706 οἵδε
1384 3655 1474 3706 καὶ
1497 3655 1606 3720 τὴν
1631 3654 1984 3719 ἀκαχήμενος
2004 3657 2250 3721 μετοχὴν
2268 3656 2560 3723 τοιαύτην,
2578 3655 2663 3710 οἷς
2683 3658 2774 3709 καὶ
2793 3657 3023 3725 ἑπείςθη

439 3723 474 3785 ἡ
515 3721 826 3787 παράδοςις.
860 3749 926 3759 -—
964 3725 1031 3772 de
1068 3721 1392 3784 κατάκειμαι
1430 3728 1488 3773 et
1525 3721 1766 3789 κάθημαι
1804 3726 1876 3774 cf.
1916 3726 1978 3773 h).
2005 3727 2079 3774 M.
2103 3728 2227 3782 483,
2263 3727 2354 3775 22:
2389 3723 2536 3777 διατί
2570 3723 2883 3791 ἀναβιβάζει
2915 3727 3024 3779 τὸν

437 3789 639 3852 τόνον;
677 3792 793 3841 πᾶν
827 3790 1143 3854 παθητικὸν
1180 3789 1258 3842 εἰς
1295 3793 1391 3853 [iai
1424 3791 1600 3854 λῆγον
1636 3790 1751 3842 ἀπὸ
1795 3792 1918 3841 τῶν
1965 3788 2045 3842 εἰς
2080 3794 2139 3854 ist
2173 3791 2509 3856 κλινόμενον
2552 3792 2614 3845 ἐν
2658 3799 2730 3860 τῇ
2777 3795 3023 3847 ςυνθέςει

437 3856 635 3923 τρίτην
671 3855 787 3909 ἀπὸ
822 3857 1024 3909 τέλους
1060 3857 1173 3922 ἔχει
1207 3858 1316 3922 τὴν
1352 3857 1584 3910 ὁξεῑανεν
1613 3861 1793 3922 κεῖμαι
1829 3857 2171 3923 κατάκειμαι.
2341 3863 2377 3911 l.
2415 3866 2478 3912 13
2513 3877 2622 3912 non
2660 3864 2883 3914 dubium
2919 3869 3022 3926 est,

439 3928 571 3992 quin
615 3927 718 3976 hoo
760 3926 879 3976 loco
915 3926 1268 3976 Herodianus
1310 3926 1682 3991 disputaverit
1729 3928 1899 3978 etiam
1944 3929 2012 3977 de
2059 3929 2280 3979 affectis
2325 3928 2522 3992 μυθέαι
2565 3927 2813 3994 (μύθεαι)
2857 3928 3023 3994 ἀκρά-

438 4007 614 4044 αντον
653 3993 779 4058 (Od.
815 3994 845 4056 β
882 3995 1004 4056 202)
1042 3998 1100 4044 et
1136 3994 1354 4057 μυθεῖαι
1388 3993 1509 4045 «ὠς
1545 3993 1676 4057 ςύγε
1723 3997 1969 4059 μυθεῖαι,
2016 3994 2149 4047 ἀλλ’
2186 3994 2248 4047 ἐν
2284 3995 2630 4060 πρώτοιςιν»
2647 3998 2792 4063 x(0d·
2829 3999 2862 4047 θ
2901 3997 3021 4063 180)

437 4067 493 4111 et
530 4061 720 4125 ὅρηαι,
767 4062 912 4125 quod
955 4061 1196 4126 quidam·
1222 4063 1399 4113 ectasi
1444 4069 1665 4112 auctum
1712 4064 1970 4114 dixerunt
2015 4079 2083 4113 ex
2129 4062 2284 4126 ὅρεαι
2321 4066 2449 4127 (Ep.
2488 4065 2574 4113 Cr.
2609 4065 2638 4114 I
2673 4067 2803 4128 327,
2847 4065 2911 4114 Ε.
2949 4066 3022 4114 Μ.

437 4132 557 4191 621,
593 4130 705 4192 37),
745 4129 840 4178 alii
877 4130 947 4179 ab
985 4127 1177 4193 ὅρημι,
1218 4130 1317 4179 alii
1352 4131 1422 4179 ab
1460 4128 1647 4193 ὁρέεαι
1690 4128 1847 4194 ὁρέαι
1892 4146 2013 4180 cum
2049 4133 2223 4180 ectasi
2267 4128 2430 4194 όρῆαι
2474 4136 2536 4179 ut
2573 4129 2769 4192 μυθέαι
2804 4133 3026 4194 μυθεῖαι

438 4197 1748 4330 zzssssffc‘sszuz‘a012232232121¹J<⁶³40ss⁴‘agfflssso
1761 4197 2732 4330 “Qssgss‘wwss‘zffsspffssffz‘SQS
2758 4212 3022 4319 3233&

440 4330 604 4396 όρῆαι
641 4330 1198 4397 προπεριςπωμένως
1235 4330 1297 4383 ἐκ
1332 4334 1436 4383 τοῦ
1476 4303 1674 4397 ὁρᾶται
1710 4330 1897 4398 ἐνδείᾳ
1928 4334 2035 4383 τοῦ
2073 4334 2106 4382 τ
2143 4332 2234 4382 καὶ
2270 4337 2454 4399 τροπῇ
2479 4335 2583 4384 τοῦ
2620 4334 2656 4383 ἃ
2682 4330 2761 4384 εἰς
2785 4336 2842 4400 ῆ,
2880 4350 3021 4398 quae

437 4403 619 4450 omnia
656 4399 831 4450 debeo
866 4399 1148 4450 Lobeckio
1184 4401 1269 4453 El.
1311 4401 1365 4450 11
1407 4403 1499 4450 127
1536 4416 1688 4465 seqq.
1825 4399 1859 4450 1.
1890 4401 1950 4449 18
1997 4399 2064 4449 de
2100 4400 2349 4464 perfecto
2386 4401 2727 4452 conium-,tivi
2750 4402 3022 4454 Theodns.

439 4470 595 4518 1037:
635 4464 736 4519 ἐάν
771 4467 1058 4530 κεκτῶμαι
1094 4465 1193 4518 ἐάν
1230 4468 1524 4531 μεμνῶμαι
1560 4465 2118 4531 προπεριςπωμένως
2165 4473 2223 4516 et
2259 4469 2454 4519 Choer.
2492 4471 2621 4528 806,
2659 4471 2742 4521 27.
2813 4470 2879 4520 In
2915 4470 3020 4521 fine

438 4534 628 4585 addidi
672 4534 771 4586 ἐὰν
817 4533 1095 4599 λίπωμαι,
1141 4533 1240 4586 ἐὰν
1281 4534 1491 4598 ἵκωμαι
1536 4551 1603 4584 ex
1650 4535 1715 4586 11.
1759 4536 1851 4583 Pr.
1894 4533 1936 4585 Χ
1986 4538 2106 4586 123:
2161 4531 2395 4598 ἵκωμαιε
2451 4533 2601 4588 τινὲς
2646 4535 2725 4588 ὡς
2770 4537 3021 4601 φιλῶμαι

439 4598 934 4666 ἀναγινώςκουςιν,
969 4601 1067 4654 ἵνα
1100 4603 1171 4654 τὸ
1208 4601 1476 4654 ἱκετεύςω
1513 4599 1774 4667 ςημαίνῃ·
1811 4600 1916 4651 οὐκ
1952 4600 2257 4664 ἀναγκαῖον
2292 4601 2354 4654 δὲ
2391 4601 2744 4656 ἑναλλάςςειν
2786 4604 2893 4656 τὸν
2928 4605 3021 4657 τό-

438 4683 562 4721 νον·
609 4670 698 4721 καί
742 4670 848 4735 γάρ
893 4669 1281 4737 βαρυνόμενον
1317 4668 1533 4720 ταύτὸν
1565 4669 1912 4732 ὑπιςχνεῖται
1956 4670 2045 4720 καὶ
2079 4669 2394 4722 ἀκόλουθόν
2428 4671 2541 4723 ἑςτι
2585 4671 2735 4740 μέςῳ
2770 4671 3021 4742 δευτέρῳ

437 4735 678 4805 ἀορίςτῳ
716 4739 972 4806 ὁριςτικῷ
1015 4741 1103 4805 τῷ
1148 4739 1300 4802 «τὴν
1336 4735 1536 4802 ἱκόμην
1572 4735 1851 4801 φεύγων»
1887 4737 1976 4802 (11.
2003 4736 2051 4792 Ξ
2079 4741 2219 4805 260).
2280 4737 2359 4789 ὠς
2394 4739 2499 4791 οῦν
2535 4739 2811 4810 ἐλιπόμην
2847 4739 3024 4795 λίπω-

441 4817 562 4874 μαι,
599 4803 802 4872 ἱκόμην
832 4804 1041 4873 ἵκωμαι
1077 4807 1147 4857 ef.
1186 4804 1232 4857 O
1271 4808 1350 4858 17.
