3664 5546
1187 368 1346 422 περι
1387 368 1780 423 κΑοοΛικΗς
1817 364 2241 423 ΠΡοςΩιΔιΑς
2282 368 2362 421 ιιι.
2939 357 3067 428 473

479 544 573 610 ὧν
618 544 837 622 πρώτη
882 543 1048 608 ἐςτίν
1093 541 1275 620 αὕτη.
1334 542 1398 606 αἱ
1454 542 1718 621 μετοχαὶ
1768 542 1807 619 ἢ
1864 540 2066 604 ἁπλαῖ
2109 538 2261 604 εἰςιν
2316 540 2355 618 ἢ
2401 538 2899 619 παραςύνθετρι,
2955 536 3064 601 οὐ-

479 647 712 710 δέποτε
757 648 829 709 δὲ
874 644 1191 709 ςύνθετοι·
1236 644 1456 722 ἐπειδὴ
1503 643 1622 708 οὖν
1668 644 1706 722 ἡ
1738 642 1948 707 ἀέκων
1983 641 2281 706 ςύνθετός
2325 642 2523 722 ἐςτιν,
2570 640 2744 704 οὐδὲ·
2768 639 2890 717 γὰρ
2935 638 3067 716 ἔχει

479 747 648 827 ῥῆμα
691 747 1119 825 προϋπάρχον
1165 746 1236 810 ἐν
1283 747 1597 822 ςυνθέςει,
1639 744 1750 810 ἵνα
1790 744 2273 822 παραςύνθετον
2318 743 2524 821 αὐτὴν
2566 741 2880 823 εἴπωμεν,
2925 740 3066 804 ἀλλ’

478 849 547 913 ἐν
591 854 669 933 τῇ
724 854 961 931 μετοχῇ
1015 847 1274 923 ἐγένετο
1329 848 1370 927 ἡ
1427 848 1705 913 ςύνθεςις
1760 845 1907 912 οἷον
1964 846 2129 911 ἑκών
2174 844 2416 927 ἀέκων,
2469 845 2707 908 τούτου
2762 843 2947 921 χάριν
2994 842 3064 907 ἐν

475 955 553 1034 τῇ
609 950 886 1014 ςυνθέςει
943 941 1290 1030 ἀνεβίβαςε·
1323 952 1440 1015 τὸν
1483 950 1715 1032 τόνον,
1766 948 1880 1013 ἵνα
1922 948 2122 1032 δείξῃ,
2178 948 2276 1012 ὅτι
2322 946 2619 1011 ςύνθετός
2669 946 2794 1010 ἐςτι
2839 945 2939 1008 καὶ
2983 944 3064 1008 οὐ
3093 957 3126 1006 5

476 1051 952 1130 παραςύνθετος
1009 1053 1099 1118 ὡς
1142 1051 1331 1117 ἄλλαι
1377 1052 1651 1131 μετοχαί.
1741 1053 2011 1130 δευτέρα
2062 1054 2135 1116 δὲ
2178 1047 2344 1114 αἰτία
2388 1048 2550 1113 ἐςτὶν
2596 1047 2781 1125 αὕτη·
2839 1047 2908 1110 ἐκ
2951 1051 3066 1111 τοῦ

476 1151 627 1218 εἴκω
671 1153 747 1217 τὸ
793 1153 1118 1232 ὑποχωρῶ
1161 1156 1392 1232 γέγονε
1435 1155 1474 1233 ἡ
1520 1155 1685 1219 ἑκών
1729 1155 1890 1218 κατὰ
1933 1154 2141 1218 πάθος
2185 1132 2466 1217 τουτέὶτι
2525 1150 2683 1214 κατὰ
2727 1148 3065 1228 ἀποβολὴν

475 1259 593 1319 τοῦ
636 1257 699 1337 ἶ,
754 1256 858 1319 καὶ
910 1255 1128 1334 ἐπειδὴ
1183 1257 1258 1322 τὸ
1313 1255 1464 1321 εἴκω
1520 1256 1688 1336 ῥῆμα
1742 1256 2094 1321 ςυνέςτειλε
2148 1257 2265 1333 τὴν
2309 1253 2808 1331 παραλήγουςαν
2865 1250 2936 1314 ἐν
2989 1256 3066 1332 τῇ

476 1355 642 1420 ἑκών
688 1363 955 1440 μετοχῇ,
1009 1357 1247 1422 τούτου
1302 1359 1487 1437 χάριν
1545 1357 1795 1436 ὠξύνθη
1842 1345 2080 1436 ὁμοίως
2124 1360 2263 1421 ταῖς
2316 1354 2540 1418 ἄλλαις
2586 1354 2886 1432 μετοχαῖς
2928 1355 3067 1417 ταῖς

478 1457 738 1541 βραχείᾳ
793 1460 1381 1542 παραληγομέναις,
1435 1461 1599 1539 φημὶ
1657 1462 1733 1538 δὴ
1790 1463 1930 1524 ταῖς
1984 1463 2101 1523 τοῦ
2164 1458 2469 1536 δευτέρου
2528 1454 2859 1534 ἀορίςτου,
2925 1453 3067 1519 ἀλλ’
3105 1466 3170 1517 10

477 1559 699 1637 ἐπειδὴ
756 1559 795 1637 ἡ
840 1559 1005 1626 ἑκών
1052 1561 1171 1625 οὐκ
1226 1561 1353 1626 ἔςτι
1397 1563 1704 1640 δευτέρου
1750 1554 2082 1643 ἀορίςτου,
2139 1559 2281 1624 ἀλλ’
2325 1559 2673 1623 ἐνεςτῶτος
2716 1557 2820 1621 καὶ
2862 1577 3063 1634 παρα-

475 1665 764 1745 τατικοῦ,
809 1661 1109 1740 δηλονότι
1155 1663 1274 1728 οὐκ
1317 1663 1598 1743 ὤφειλεν
1645 1663 1974 1732 ὀξύνεςθαι
2020 1661 2260 1741 ὁμοίως
2305 1661 2588 1725 ἐκείναις.
2650 1658 2898 1737 Ἐπειδὴ
2945 1658 3064 1724 οὖν

476 1763 865 1840 παραλόγως
920 1763 1307 1861 ςυνέδραμεν
1373 1764 1641 1830 ἐκείναις
1707 1766 1809 1829 καὶ
1870 1764 2118 1841 ὠξύνθη
2173 1763 2212 1841 ἡ
2270 1763 2433 1827 ἑκών
2491 1763 2762 1844 μετοχή,
2826 1761 3064 1825 τούτου

477 1864 663 1943 χάριν
707 1864 778 1929 ἐν
820 1871 897 1949 τῇ
942 1865 1254 1948 ςυνθέςει,
1307 1866 1469 1946 φημὶ
1525 1868 1604 1945 δὴ
1649 1866 1720 1931 ἐν
1763 1873 1841 1950 τῇ
1885 1865 2096 1930 ἀέκων
2141 1864 2488 1946 ἐβαρύνθη,
2540 1864 2651 1928 ἵνα
2700 1865 2816 1941 τὴν
2861 1862 3064 1941 παρά-

479 1968 681 2041 λογον
724 1966 899 2031 τάςιν
942 1969 1060 2030 τοῦ
1104 1965 1317 2031 ἁπλοῦ
1361 1967 1638 2052 ἐκφύγῃ,
1689 1969 1853 2048 φημὶ
1895 1970 1974 2046 δὴ
2016 1969 2135 2046 τὴν
2180 1966 2411 2034 ὀξεῖαν.
2454 2002 2541 2013 -
2595 1964 2775 2032 ἄξιον
2822 1965 2893 2028 δέ
2940 1965 3063 2028 ἐςτι
3103 1976 3166 2027 15

475 2067 781 2149 ζητῆςαι,“
814 2067 920 2131 διὰ
973 2068 1031 2132 τί
1087 2069 1126 2147 ἡ
1182 2068 1348 2134 ἑκών
1402 2071 1637 2149 μετοχὴ
1695 2070 1765 2135 ἐν
1821 2076 1899 2154 τῇ
1955 2069 2164 2134 ἀέκων
2222 2068 2648 2149 ἀναβιβὰςαςα
2703 2068 2819 2131 τὸν
2863 2067 3062 2130 τόνον

474 2168 682 2248 ἔμεινε
737 2171 971 2249 μετοχὴ
1028 2171 1131 2235 καὶ
1185 2170 1304 2236 οὐκ
1359 2159 1618 2247 ἐγένετο
1640 2217 1650 2228 ,
1674 2169 1911 2250 ὄνομα;
1967 2172 2071 2235 καὶ
2124 2171 2290 2235 ἔςτιν
2334 2169 2570 2250 εἰπεῖν,
2628 2168 2724 2233 ὅτι
2780 2169 2943 2234 λέξις
2995 2168 3063 2231 ἐκ

474 2275 585 2349 τῆς
640 2275 682 2334 ἆ
736 2272 1080 2350 ςτερήςεως
1133 2273 1536 2352 ςυντιθεμένη
1591 2273 1692 2338 καὶ
1746 2273 2158 2353 φυλάττουςα
2210 2272 2285 2336 τὸ
2327 2272 2545 2353 τέλος,
2601 2271 2909 2348 φυλάττει
2963 2270 3064 2333 καὶ

473 2375 549 2437 τὸ
595 2372 755 2438 αὐτὸ
799 2373 992 2451 μέρος
1034 2379 1151 2439 τοῦ
1198 2375 1399 2450 λόγου
1444 2374 1589 2439 οἷον
1635 2377 1874 2439 δοῦλος
1918 2373 2231 2455 ἄδουλος,
2277 2373 2468 2453 φίλος
2512 2371 2779 2454 ἄφιλος,
2838 2370 3063 2450 ςεμνός

475 2473 775 2553 ἄςεμνος,
821 2474 1012 2539 κακός
1055 2473 1323 2557 ἄκακος,
1370 2477 1614 2555 ψευδής
1658 2475 1979 2557 ἀψευδής,
2034 2476 2241 2555 ςαφής
2285 2474 2562 2554 ἀςαφής·
2618 2474 2694 2537 τὸ
2740 2474 2864 2552 γὰρ
2906 2472 3062 2538 τλάς
3095 2483 3165 2534 20

472 2574 703 2638 Ἄτλας
756 2575 858 2637 καὶ
910 2576 986 2639 τὸ
1020 2576 1179 2654 ,βᾶς’
1207 2576 1401 2656 Ἄβας
1454 2577 1828 2657 φυλάξαντα
1881 2578 1958 2640 τὸ
2024 2577 2210 2641 τέλος
2264 2578 2366 2640 καὶ
2421 2578 2502 2655 μή
2559 2575 2932 2656 φυλάξαντα
2985 2576 3061 2639 τὸ

476 2674 636 2739 αὐτὸ
702 2677 893 2754 μέρος
948 2680 1064 2740 τοῦ
1130 2677 1361 2759 λόγου,
1428 2677 1594 2742 ἀλλά
1655 2679 1972 2757 γενόμενα
2017 2678 2303 2775 ὀνόματα
2348 2678 2466 2743 οὐκ
2510 2676 2847 2742 ἀντίκειται
2891 2677 3061 2770 ἡμῖν,

461 2776 695 2873 ,ἐπειδὴ
757 2777 878 2841 οὐκ
941 2778 1156 2857 ἔχουςι
1219 2780 1336 2857 τὴν
1403 2784 1445 2844 ἃ
1507 2781 1818 2863 ςτέρηςιν,
1888 2780 2055 2845 ἀλλὰ
2118 2784 2234 2860 τὴν
2301 2767 2342 2843 ἀ
2407 2780 2686 2845 ἐπίταςὶν
2758 2780 2961 2845 οἱονεὶ
3023 2780 3060 2844 ὁ

475 2878 647 2942 πάνυ
700 2886 1059 2962 καρτερῶν,
1122 2881 1293 2944 πάνυ
1350 2882 1617 2961 βαίνων·
1684 2881 1902 2960 ἐπειδὴ
1962 2880 2082 2947 οὖν
2136 2882 2175 2960 ἡ
2233 2880 2442 2946 ἀέκων
2500 2882 2778 2963 ἐφύλαξε
2832 2884 2907 2947 τὸ
2962 2882 3060 2946 τέ-

476 2982 590 3044 λος
644 2983 755 3061 τῆς
812 2980 1008 3063 ἑκών,
1062 2982 1300 3047 τούτου
1356 2982 1541 3062 χάριν
1598 2984 1701 3048 καὶ
1753 2985 1829 3048 τὸ
1885 2984 2045 3049 αὐτὸ
2097 2985 2289 3062 μέρος
2342 2989 2461 3049 τοῦ
2524 2985 2724 3079 λόγου
2783 2984 3060 3063 ἐφύλαξε
3096 3000 3162 3077 ἳῤ

474 3081 576 3144 καὶ
618 3080 825 3160 ἔμεινε
868 3084 1122 3162 μετοχή.

697 3490 875 3555 ΠΕΡΙ
922 3490 1200 3556 ΤΟΝΟΥ
1244 3492 1558 3559 ΑΡΘΡΩΝ
1606 3492 2140 3559 ΑΝΤΩΝΥΜΙΩΝ
2192 3495 2306 3559 ΚΑΙ
2353 3492 2843 3560 ΠΡΟΘΕΕΕΩΝ.

1563 3679 1836 3735 ΒΙΒΛΙΟΝ
1875 3673 1961 3746 ιη’.
1997 3717 2008 3736 .

1486 3834 1680 3947 Περ-ἰ
1723 3832 2048 3913 ἄρθρων.

640 3965 787 4029 Πάν
833 3963 1074 4045 ἄρθρον
1119 3967 1443 4052 ὀξύνεται,
1488 3971 1681 4049 χωρὶς
1722 3975 1855 4035 τῶν
1899 3977 2169 4046 γενικῶν
2216 3971 2317 4034 καὶ
2361 3976 2660 4034 δοτικῶν’
2707 3970 2889 4033 αὗται
2934 3972 3057 4049 γὰρ
3094 3965 3162 4016 30

472 4071 931 4149 περιςπῶνται,
975 4072 1116 4133 τοῦ
1158 4076 1293 4154 τῷ,
1339 4075 1470 4148 τῆς
1512 4078 1633 4155 τῇ,
1677 4076 1853 4137 τοῖν
1897 4077 2106 4154 ταῖν,
2151 4078 2339 4153 τῶν,
2385 4075 2554 4135 τοῖς
2599 4075 2785 4136 ταῖς.
2845 4073 3055 4135 καὶτὰ

469 4167 724 4231 τούτων
770 4169 841 4233 δέ
887 4168 1304 4255 ὑποτακτικά,
1349 4171 1645 4257 ἀποβολῇ
1685 4178 1802 4237 τοῦ
1847 4176 1882 4236 ’ἶ
1922 4173 2259 4254 γινόμενα,
2305 4177 2746 4249 περιςπῶνται.
2819 4172 3057 4252 ὁμοίως

471 4268 574 4332 καὶ
616 4270 691 4332 τὸ
748 4271 1042 4347 κλητικὸν
1099 4270 1152 4334 ὦ
1211 4272 1453 4352 ἄρθρον
1498 4274 1612 4352 μὲν
1661 4275 1780 4339 οὐκ
1835 4274 2033 4356 ἔςτιν,
2092 4273 2234 4337 ἀλλ’
2290 4273 2630 4353 ἐπίρρημα,
2684 4278 3056 4352 περιςπᾶται

470 4369 542 4432 δὲ
588 4368 764 4450 ὅμως
808 4371 912 4434 καὶ
968 4375 1267 4475 ψιλοῦται
1322 4378 1452 4439 τῶν
1512 4374 1644 4440 ἀπὸ
1689 4378 2087 4455 φωνηέντων
2144 4374 2523 4454 ἀρχομένων
2569 4374 2826 4454 ἄρθρων
2873 4380 3056 4441 δαςυ-

472 4559 822 4623 transscripsi
859 4573 927 4608 ex
964 4576 1015 4624 p.
1048 4562 1176 4621 818,
1206 4563 1295 4623 15,
1342 4562 1413 4611 cf.
1451 4561 1682 4612 eundem
1721 4578 1774 4627 p.
1811 4565 1935 4619 734,
1978 4566 2022 4612 1.
2091 4563 2350 4615 Eustath.
2394 4565 2524 4613 1098
2567 4563 2716 4613 init.:
2760 4562 2831 4614 τὸ
2868 4561 3056 4614 ἀέκων

472 4624 842 4687 παροξύνεται
878 4626 1233 4690 παραδόξως·
1282 4628 1511 4692 οὐδεμία
1556 4630 1661 4694 γὰρ
1707 4631 1918 4694 μετοχὴ
1963 4629 2274 4694 ἀναβιβάζει
2308 4629 2415 4681 τὸν
2451 4630 2624 4683 τόνον
2661 4630 2747 4681 ὅτι
2794 4632 2868 4696 μὴ
2908 4630 3054 4695 μόνη

346 4693 362 4705 “
471 4689 507 4753 ἡ
561 4689 762 4743 ἀέκων.
854 4693 923 4745 τὸ
983 4693 1249 4746 Εὐέλθων
1308 4697 1411 4749 οὐκ
1470 4696 1774 4749 ἀντίκειται
1834 4698 1977 4763 πρὸς
2035 4698 2140 4750 τὸν
2197 4701 2461 4750 τοιοῦτον
2520 4698 2760 4761 κανόνα,
2821 4697 2890 4749 οὐ
2949 4698 3055 4763 γὰρ

473 4755 669 4810 ἁπλῶς
706 4761 943 4826 μετοχή,
981 4760 1124 4815 ἀλλὰ
1162 4763 1352 4828 κύριον
1398 4764 1538 4829 παρ’
1577 4764 1863 4831 Ἡροδότῳ
1908 4766 2205 4830 μετοχικὸν
2247 4766 2396 4818 ἐςτιν
2432 4766 2627 4829 ὄνομα.
2807 4767 2842 4821 l.
2889 4771 3055 4817 30—‘2

475 4840 599 4889 pag.
650 4842 763 4893 seq.
811 4846 879 4881 ex
925 4830 1005 4881 10.
1046 4831 1131 4883 ΑΙ.
1183 4835 1268 4895 22,
1328 4835 1417 4896 26;
1471 4835 1506 4884 1.
1544 4837 1608 4885 32
1654 4850 1753 4899 pro
1800 4833 2103 4898 κλινόμενα
2148 4836 2348 4901 scripsi
2390 4835 2687 4898 γινόμενα;
2736 4835 2772 4885 l.
2807 4837 3053 4887 341acu-
