3664 5546
1461 372 1878 421 PRAEFATIO.
2721 377 2958 423 LXXXV

375 527 547 594 libro
592 531 739 609 περὶ
783 534 1008 596 παθῶν
1053 528 1400 615 profertur.
1478 528 1605 593 Sed
1648 527 1811 593 haec
1855 530 2282 614 congruentia
2326 528 2764 596 Choerobosci
2810 551 2957 594 cum

377 633 622 717 scripto
669 633 814 711 περὶ
857 635 1085 697 παθῶν
1129 629 1281 695 inde
1326 630 1715 717 explicanda
1759 641 1892 713 est,
1937 629 2113 717 quod
2150 628 2637 697 Choeroboscus
2683 633 2957 698 eundem

379 733 617 799 librum
661 733 1043 820 exscripsit,
1089 733 1245 820 quin
1289 733 1527 799 diserte
1582 733 1797 798 fassus
1844 734 1951 798 sit.
2028 730 2331 819 Exempli
2374 733 2590 817 gratia
2631 733 2952 800 Choerob.

379 836 558 901 Dict.
607 836 721 917 72,
777 835 863 899 29
915 835 1189 901 eandem
1250 836 1428 901 vocis
1485 835 1723 912 ἀγαθός
1790 834 2286 919 originationem
2351 836 2691 922 proponit,
2759 859 2953 922 quam

383 936 667 1024 Etymol.
737 936 998 1002 Orionis
1065 938 1326 1003 disertis
1389 937 1609 1003 verbis
1674 934 2052 1001 Herodiano
2117 938 2432 1022 assignat.
2541 937 2756 1019 Quare
2820 962 2952 1004 non

347 1041 679 1106 -dubitavi
722 1041 929 1104 multa
973 1039 1053 1104 de
1099 1039 1552 1107 affectionibus
1608 1050 1958 1127 praecepta
2009 1061 2126 1125 per
2171 1038 2611 1105 Choerobosci
2652 1040 2948 1106 Canones

381 1154 446 1209 et
488 1142 1020 1228 orthographiam
1064 1164 1327 1229 sparsa,
1374 1142 1429 1206 si
1474 1136 1734 1229 quidem
1776 1140 2258 1206 Herodianeam
2301 1142 2615 1225 originem
2645 1141 2948 1228 produnt,

379 1246 549 1310 inter
593 1244 962 1329 fragmenta
1016 1243 1169 1310 libri
1222 1247 1367 1324 περὶ
1421 1248 1645 1309 παθῶν
1701 1245 1990 1328 recipere
2043 1253 2235 1330 atque
2278 1243 2651 1308 Lobeckius
2695 1245 2835 1331 ipse
2882 1246 2949 1308 in

380 1345 483 1411 El.
529 1345 597 1411 II
640 1347 726 1411 52
777 1346 1162 1433 pronunciat
1206 1344 1732 1412 Choeroboscum
1786 1366 1954 1432 quae
2011 1344 2094 1410 de
2149 1346 2320 1409 crasi
2371 1345 2646 1410 duorum
2690 1350 2753 1411 εὲ
2799 1347 2949 1411 sub-

379 1450 560 1514 iectis
615 1457 912 1513 veterum
965 1449 1350 1534 scriptorum
1406 1448 1794 1513 testimoniis
1851 1449 2085 1511 iterum
2137 1448 2499 1535 iterumque
2563 1449 2948 1514 sermocine-

379 1564 512 1632 tur,
580 1572 658 1615 ea
712 1552 851 1615 sine
909 1549 1104 1615 dubio
1160 1552 1375 1615 omnia
1438 1573 1521 1615 ex
1581 1547 1945 1614 Herodiani
2014 1547 2292 1614 diatribe
2332 1552 2503 1628 ’περὶ
2557 1557 2781 1617 παθῶν
2836 1574 2946 1615 ex-

375 1652 711 1740 cerpsisse.
800 1652 1025 1739 Neque
1083 1652 1328 1737 ambigi
1381 1662 1625 1738 potest,
1683 1652 1841 1739 quin
1900 1651 2096 1715 etiam
2142 1650 2271 1716 alia
2312 1651 2592 1738 plurima
2645 1652 2730 1716 ad
2783 1651 2944 1717 alias

371 1755 572 1820 etiam
615 1753 991 1819 affectiones
1038 1754 1404 1840 spectantia
1448 1776 1530 1819 ex
1576 1753 1802 1819 eodem
1854 1752 2037 1819 fonte
2082 1755 2408 1834 hauserit,
2459 1752 2611 1818 licet
2659 1756 2943 1819 maxime

369 1856 735 1923 cavendum
792 1855 909 1937 sit,
969 1877 1051 1920 ne
1105 1855 1262 1943 quid
1318 1855 1402 1921 ab
1448 1855 1823 1921 Herodiano
1869 1854 2149 1920 alienum
2198 1856 2265 1921 in
2312 1855 2696 1942 fragmentis
2743 1879 2942 1943 pona-

367 1981 547 2041 mus,
604 1980 756 2022 nam
802 1956 1289 2023 Choeroboscus
1349 1959 1546 2022 etiam
1599 1957 1772 2022 haud
1813 1979 1960 2023 raro
2011 1957 2326 2045 quaedam
2382 1955 2464 2022 de
2516 1980 2631 2022 suo
2690 1970 2803 2024 aut
2859 1981 2941 2023 ex

364 2060 509 2126 aliis
554 2059 932 2124 auctoribus
976 2057 1084 2124 vel
1128 2060 1594 2146 posterioribus
1638 2060 1847 2147 petita
1882 2060 2216 2147 proponit,
2262 2059 2437 2146 quod
2482 2069 2701 2125 tamen
2745 2062 2939 2124 etiam

364 2160 972 2249 Etymologicorum
1031 2171 1446 2247 excerptores
1501 2161 1749 2227 faciunt
1791 2160 1900 2227 vel
1953 2171 2117 2243 tum,
2177 2161 2289 2227 ubi
2334 2162 2694 2227 Herodiani
2736 2164 2941 2228 verba

365 2287 434 2329 se
502 2262 797 2351 proferre
857 2263 1266 2350 profitentur.
1365 2262 1592 2350 Neque
1657 2276 1871 2330 tamen
1940 2263 2429 2330 Choeroboscus
2496 2267 2667 2328 solus
2735 2264 2940 2330 multa

363 2363 823 2431 Herodianeae
865 2363 1277 2452 pathologiae
1306 2365 1674 2451 fragmenta
1717 2367 2025 2447 continet,
2072 2364 2188 2430 sed
2230 2365 2425 2431 etiam
2455 2364 2699 2454 {reliqui
2728 2366 2936 2433 Hero-

365 2466 544 2532 diani
607 2466 1081 2553 compilatores.
1172 2466 1411 2533 Omnes
1468 2480 1686 2534 autem
1751 2467 2087 2555 reliquias,
2155 2468 2224 2531 in
2288 2467 2522 2553 quibus
2579 2467 2934 2533 Herodiani

361 2592 596 2637 nomen
639 2590 771 2633 non
813 2569 1056 2635 diserte
1100 2567 1394 2635 additum
1451 2580 1582 2654 est,
1639 2568 1761 2636 hoc
1804 2570 1989 2655 signo
2036 2592 2065 2628 ἀ
2118 2568 2412 2634 distinxi.
2519 2569 2626 2635 Ad
2673 2570 2933 2657 explen-

364 2672 517 2737 dum
572 2669 812 2737 librum
867 2673 1013 2751 περὶ
1067 2678 1289 2739 παθῶν
1355 2673 1479 2737 sub
1545 2682 1731 2737 textu
1795 2672 1986 2759 posui
2052 2671 2267 2736 omnia
2320 2693 2484 2758 quae
2537 2672 2605 2735 in
2664 2673 2932 2759 reliquis

361 2773 724 2840 Herodiani
778 2772 1038 2861 scriptis
1096 2773 1179 2839 ad
1243 2777 1579 2862 passiones
1632 2775 2026 2862 pertinentia
2077 2785 2423 2841 occurrunt
2476 2773 2936 2840 adnotamenta

362 2899 506 2941 cum
548 2897 816 2941 numero
850 2875 1199 2961 fragmenti
1210 2885 1251 2959 ,⁶
1281 2899 1426 2941 cum
1467 2899 1593 2964 quo
1629 2877 1909 2942 maxime
1946 2875 2320 2958 cohaerent,
2366 2875 2467 2940 his
2501 2877 2804 2942 cancellis
2844 2881 2870 2962 [
2900 2881 2928 2962 ]

359 2978 882 3063 circumscripto,
929 2978 1129 3043 dubia
1171 2978 1367 3044 etiam
1400 2980 1523 3044 sub
1556 2989 1806 3045 textum
1849 2977 2136 3064 relegavi
2179 2978 2281 3043 his
2325 2977 2785 3066 parentheseos
2833 2981 2858 3065 (
2898 2981 2930 3067 )

362 3083 561 3167 signis
606 3079 1037 3162 circumdata,
1083 3081 1403 3167 quaedam
1447 3104 1673 3168 porro,
1721 3080 1802 3146 de
1846 3080 2080 3168 quibus
2126 3080 2370 3165 ambigi
2410 3089 2656 3166 potest,
2704 3083 2774 3146 in
2817 3081 2927 3147 ad-

357 3182 802 3248 notationibus
846 3183 1364 3249 commemoravi.

525 3284 672 3365 Quo
718 3283 944 3349 ordine
999 3284 1068 3349 in
1121 3283 1527 3372 explicandis
1571 3284 1912 3352 vocabulis
1960 3285 2373 3351 Herodianus
2418 3309 2578 3351 usus
2624 3288 2742 3369 sit,
2798 3310 2928 3352 non

359 3386 668 3453 traditum
713 3396 849 3468 est,
905 3387 1020 3451 sed
1062 3386 1373 3452 Lehrsius
1419 3397 1594 3452 recte
1649 3388 2021 3476 suspicatur
2072 3410 2150 3453 ea
2191 3412 2321 3454 non
2364 3412 2447 3454 ex
2491 3401 2670 3454 certa
2712 3388 2929 3475 aliqua

359 3487 498 3573 lege
545 3488 897 3574 disposita,
955 3488 1073 3553 sed
1115 3487 1383 3553 fortuito
1430 3491 1764 3577 scriptoris
1809 3491 2053 3577 impetu
2107 3492 2362 3577 prolata
2409 3492 2638 3556 fuisse.
2726 3492 2925 3578 Equi-

358 3590 500 3655 dem
556 3613 752 3671 vero,
807 3599 883 3653 ut
935 3612 1103 3678 quae
1158 3590 1518 3656 Herodiani
1574 3593 1653 3657 de
1710 3593 2162 3659 affectionibus
2221 3591 2517 3659 doctrina
2569 3593 2798 3676 fuerit,
2853 3593 2922 3658 in

356 3691 629 3758 clariore
686 3690 827 3757 luce
872 3702 1182 3778 ponatur,
1234 3695 1590 3759 secundum
1635 3695 1818 3760 varia
1861 3697 2232 3781 passionum
2274 3718 2514 3781 genera
2556 3695 2925 3781 fragmenta

354 3794 675 3860 ordinavi.
1151 3879 1156 3884 ὁ

517 3896 936 3961 Herodianus
998 3895 1173 3962 nullo
1240 3895 1380 3963 loco
1447 3898 1750 3964 distincte
1813 3900 2222 3987 explanavit,
2289 3901 2446 3986 quid
2509 3901 2713 3966 πάθος
2777 3922 2919 3964 esse

353 4001 652 4067 voluerit.
743 3997 876 4063 Sed
941 4021 1025 4064 ex
1089 3998 1378 4087 reliquiis
1441 3999 1651 4066 elucet
1717 4023 1864 4066 eum
1919 4023 2171 4067 omnem
2227 4026 2267 4067 a
2330 4001 2555 4067 nativa
2618 4002 2918 4066 vocabuli

352 4101 561 4168 forma
605 4101 1103 4168 declinationem
1147 4100 1475 4167 intellectu
1519 4126 1649 4169 non
1692 4102 2039 4168 admodum
2082 4113 2325 4170 mutato
2356 4104 2478 4168 hoc
2519 4103 2776 4169 nomine
2821 4104 2913 4166 in-

353 4204 723 4288 signivisse.
798 4204 1315 4290 Distinguendae
1361 4216 1576 4271 autem
1619 4215 1770 4271 sunt
1822 4206 2068 4271 formae
2111 4206 2411 4293 obliquae
2454 4229 2494 4270 a
2533 4205 2760 4292 primis
2804 4228 2912 4290 po-

353 4303 732 4388 sitionibus3
777 4303 959 4388 illae,
1016 4308 1073 4371 si
1129 4331 1168 4373 a
1209 4330 1437 4372 norma
1479 4309 1932 4391 discedebant,
1986 4330 2104 4394 pro
2159 4308 2407 4373 affectis
2455 4306 2717 4371 habitae
2763 4320 2913 4372 sunt

353 4406 527 4473 velut
578 4409 856 4491 πατρός,
911 4408 1083 4495 quod
1136 4431 1524 4496 quamquam
1581 4432 1919 4475 commune
1974 4420 2102 4491 est,
2168 4419 2384 4475 tamen
2439 4432 2584 4473 cum
2639 4412 2911 4488 πατέρος

355 4528 430 4571 ex
473 4506 706 4594 regula
746 4508 899 4575 ficto
942 4521 1385 4599 comparatum
1413 4513 1780 4597 passionem
1825 4512 2103 4578 subiisse
2145 4514 2515 4601 putabatur.
2581 4511 2660 4574 In
2687 4512 2910 4596 primis

356 4620 566 4674 autem
621 4609 1056 4696 positionibus
1111 4635 1304 4701 saepe
1357 4612 1548 4678 solita
1602 4613 1810 4679 forma
1863 4618 2057 4681 etiam
2111 4613 2493 4702 primigenia
2534 4611 2907 4678 Herodiano

359 4708 476 4776 fuit
525 4711 713 4776 velut
763 4712 834 4776 in
877 4712 956 4777 E.
1001 4714 1088 4779 M.
1136 4715 1294 4796 582,
1339 4715 1421 4780 43
1476 4737 1516 4778 a
1568 4718 1751 4783 ξένος
1813 4727 1879 4782 et
1927 4722 2134 4785 ξεῖνος
2191 4728 2255 4782 et
2309 4718 2529 4784 ξέννοε
2585 4716 2905 4801 repetivit.

359 4809 574 4899 Neque
620 4823 842 4879 tamen
887 4838 1140 4904 semper
1196 4839 1312 4905 pro
1367 4818 1592 4884 nativa
1634 4817 1845 4888 forma
1886 4829 2253 4886 consuetam
2298 4816 2554 4902 habuit3
2613 4817 2729 4885 sed
2770 4841 2906 4886 sae-
