3664 5546
1517 408 1912 460 PRAEFATIO
1923 446 1933 458 .
2769 421 3022 471 XXXVII

431 564 527 643 ei,
585 583 754 648 quae
796 564 868 626 in
912 558 1125 628 Schol.
1177 561 1262 626 ad
1306 563 1586 648 Dionys.
1645 574 1897 646 exstat,
1952 566 2295 653 probabile
2340 578 2457 634 est.
2547 572 2717 638 Tum
2762 577 3019 660 exposi-

430 674 569 729 tum
612 663 773 746 suit,
820 685 1019 750 quam
1047 664 1271 748 gravis
1304 665 1390 729 sit
1420 663 1718 730 doctrina
1761 677 2146 732 accentuum
2178 672 2568 757 quantisque
2609 671 3015 744 difficultati-

429 767 553 832 bus
582 764 956 851 implicata,
998 766 1240 852 quippe
1271 788 1440 852 quae
1468 788 1617 832 cum
1652 769 1952 833 omnibus
1984 770 2185 835 totius
2221 774 2683 855 grammatices
2715 778 3016 863 partibus

429 868 797 933 cohaereat.
888 865 1089 933 Cuius
1146 867 1610 952 expositionis,
1669 891 1869 953 quam
1925 879 2205 936 testatur
2261 874 2458 940 etiam
2516 874 2756 941 Arcad.
2806 879 2877 960 7,
2938 880 3016 944 16

428 973 545 1050 τὴν
591 971 661 1036 ἐν
715 977 808 1054 τῷ
851 970 1171 1053 προοιμίῳ
1227 973 1552 1051 διατριβὴν
1607 973 2014 1051 περιελόντες
2070 974 2559 1056 ἐνδεικνυμένην
2591 980 2690 1054 οτὸ
2747 982 3014 1060 μέγεθος

427 1077 541 1150 τῆς
582 1073 1040 1154 πραγματείας,
1085 1069 1352 1138 brevem
1397 1092 1711 1138 summam
1755 1074 2049 1139 servavit
2090 1074 2186 1139 Io.
2230 1073 2340 1139 Al.
2385 1097 2448 1161 p.
2496 1077 2536 1141 3
2582 1090 2646 1143 et
2690 1079 2750 1143 4.
2841 1074 3015 1145 Turn

429 1174 569 1257 egit
620 1171 1036 1238 Herodianus
1098 1171 1180 1236 de
1239 1173 1758 1238 antecessoribus
1818 1183 1884 1239 et
1940 1175 2098 1260 quid
2153 1176 2221 1240 in
2276 1198 2500 1242 eorum
2571 1179 2652 1243 de
2704 1181 3015 1266 prosodia

427 1275 694 1361 scriptis
739 1272 1224 1342 desideraretur
1267 1272 1629 1340 declaravit
1671 1297 2024 1362 eorumque
2067 1298 2319 1343 errores
2375 1277 2695 1346 refutavit
2740 1280 3013 1366 (Arcad.

426 1376 470 1441 l.
504 1399 559 1440 c.
605 1379 708 1443 καὶ
750 1383 903 1442 τῶν.
927 1376 1263 1455 προτέρων
1293 1377 1719 1458 γεγραφότων
1747 1380 1824 1443 τὸ
1872 1379 2085 1471 ἐνδεὲς
2130 1381 2545 1468 ἐλέγχουεαν)
2564 1430 2584 1464 ,
2631 1403 2822 1467 quam
2868 1406 3013 1469 par-

427 1490 559 1544 tem
603 1475 930 1542 Arcadius
976 1486 1042 1541 et
1086 1476 1177 1542 Io.
1223 1475 1714 1543 Alexandrinus
1771 1480 2058 1564 maximo
2111 1479 2449 1546 literarum
2493 1481 2735 1550 damno
2782 1485 3012 1550 omise-

424 1589 597 1646 runt.
672 1578 843 1643 Nam
886 1577 943 1641 si
988 1586 1252 1644 servata
1295 1589 1501 1660 esset,
1547 1601 1674 1643 non
1721 1579 1995 1646 dubium
2041 1593 2173 1665 est,
2218 1583 2375 1671 quin
2419 1594 2666 1650 certam
2710 1596 2776 1651 et
2820 1607 3008 1652 accu-

424 1690 636 1745 ratam
681 1679 763 1745 de
805 1687 953 1743 ortu
999 1688 1383 1745 accentuum
1429 1680 1637 1768 deque
1680 1682 1873 1747 huius
1921 1683 2258 1749 doctrinae
2301 1685 2759 1771 progressibus
2803 1710 3014 1772 usque

426 1782 513 1847 ad
544 1780 996 1846 Herodianum
1026 1781 1367 1847 historiam
1411 1783 1480 1844 in
1524 1783 1827 1848 manibus
1874 1784 2165 1850 habituri
2210 1787 2435 1852 simus.
2493 1787 2763 1853 Perdita
2791 1798 3013 1854 autem

424 1883 550 1949 hac
593 1882 828 1948 summi
856 1883 1265 1967 grammatici
1288 1884 1661 1948 narratione
1690 1886 2021 1950 variarum
2054 1887 2434 1973 opinionum
2478 1887 2766 1976 procella
2809 1891 3010 1956 iacta-

426 2007 604 2066 mur,
648 1984 789 2048 veri
834 1984 1212 2049 inveniendi
1256 2007 1371 2071 spe
1418 1983 1555 2050 fere
1601 1984 1915 2052 destituti.
2004 1987 2248 2054 Exstat
2302 1989 2568 2075 quidem
2614 2012 2718 2075 ap.
2763 1991 3009 2056 Arcad.

426 2110 489 2172 p.
539 2086 895 2168 186-191,
940 2086 981 2149 3
1024 2084 1243 2170 ampla
1287 2095 1353 2151 et
1397 2077 1682 2154 verbosa
1724 2087 2084 2175 disputatio
2130 2094 2275 2168 περὶ
2318 2096 2430 2169 τῆς
2473 2098 2603 2159 τῶν
2649 2094 2860 2161 τόνων
2907 2097 3010 2160 εὑ-

428 2190 658 2268 ρέεεω(
703 2191 804 2253 καὶ
848 2192 976 2254 τῶν
1023 2189 1357 2267 (χημάτων
1402 2190 1616 2256 αὐτῶν
1662 2197 1728 2253 et
1772 2190 1984 2272 locus,
2029 2191 2145 2255 ubi
2189 2212 2293 2277 ap.
2343 2191 2702 2258 Arcadium
2747 2191 3009 2279 legitur,

425 2291 596 2354 inter
640 2288 835 2354 finem
879 2288 1032 2352 libri
1076 2287 1252 2352 XIX
1297 2299 1362 2353 et
1406 2290 1666 2354 initium
1707 2287 1859 2356 libr.
1903 2291 2076 2374 XX,
2121 2293 2233 2378 qui
2278 2302 2342 2356 et
2386 2293 2527 2380 ipse
2572 2316 2656 2360 ex
2699 2317 3008 2379 germano

424 2389 807 2458 Herodiano
851 2399 1197 2475 excerptus
1229 2399 1357 2470 est,
1406 2413 1524 2476 per
1567 2413 1636 2456 se
1681 2391 1848 2457 hanc
1892 2391 2417 2460 dissertationem
2464 2406 2838 2483 suspectam
2880 2421 3011 2464 non

423 2490 761 2572 redderet,
828 2513 1028 2577 quum
1082 2513 1237 2556 vere
1295 2490 1713 2558 Herodianea
1778 2494 1975 2557 etiam
2042 2517 2125 2560 ex
2184 2492 2352 2562 libro
2412 2494 2790 2562 Catholicae
2857 2500 3008 2564 sub-

424 2595 645 2658 iuncto
689 2594 760 2656 in
803 2591 1043 2658 librum
1087 2592 1219 2657 XV
1265 2591 1640 2657 Catholicae
1685 2592 1906 2657 delata
1949 2594 2111 2676 sint;
2170 2597 2286 2659 sed
2344 2598 2630 2681 suspicio
2688 2598 3007 2683 quaedam

425 2695 509 2758 de
563 2694 980 2759 Herodianea
1034 2694 1285 2778 origine
1350 2693 1503 2758 inde
1567 2695 1890 2776 nascitur,
1953 2694 2131 2782 quod
2196 2717 2361 2783 quae
2426 2697 2594 2763 hanc
2649 2700 3008 2766 sectionem

424 2807 782 2883 sequuntur
825 2819 890 2883 p.
926 2796 1064 2877 191,
1109 2796 1384 2877 4-192,
1434 2796 1511 2859 16
1556 2800 1701 2875 περὶ
1744 2802 2124 2881 προεῳδιῶν
2167 2798 2486 2884 inscripta
2513 2822 2642 2865 non
2684 2824 2769 2867 ex
2797 2800 3007 2867 Hero-

424 2897 619 2965 diano
664 2898 960 2963 derivata
1004 2907 1187 2981 sunt,
1230 2906 1307 2963 ut
1350 2897 1575 2964 statim
1619 2895 2232 2964 demonstrabimus.
2324 2900 2806 2968 Gravissimum
2851 2925 3007 2968 vero

424 3010 523 3065 est
535 3048 554 3082 ,
601 2999 777 3086 quod
820 3020 989 3086 quae
1031 2999 1100 3062 in
1145 3020 1223 3063 ea
1266 2998 1710 3084 disputatione
1755 2999 2108 3065 traduntur
2126 3050 2144 3083 ,
2202 3022 2412 3087 neque
2471 3002 2557 3068 ab
2602 3004 2774 3068 omni
2818 3014 3006 3089 parte

421 3123 581 3166 vera
624 3108 777 3167 sunt
818 3121 1027 3186 neque
1071 3110 1437 3184 congruunt
1482 3122 1629 3165 cum
1672 3101 1753 3164 iis
1770 3149 1788 3183 ,
1846 3123 2012 3185 quae
2057 3100 2218 3167 alibi
2265 3101 2345 3167 de
2389 3101 2619 3168 eadem
2675 3126 2747 3168 re
2800 3103 3009 3170 relata

299 3232 305 3243 ·
423 3201 734 3286 legimus,
780 3200 954 3265 unde
995 3199 1193 3266 valde
1249 3201 1519 3267 dubium
1575 3201 1678 3279 fit,
1736 3224 1893 3267 num
1938 3201 2319 3269 Herodiano
2377 3206 2806 3289 grammatico
2852 3204 3006 3270 dili-

422 3302 802 3386 gentissimo
856 3312 924 3367 et
977 3301 1468 3387 religiosissimo
1534 3302 1696 3368 haec
1749 3305 2076 3389 assignari
2133 3316 2399 3391 queant.
2499 3305 2642 3370 Iam
2694 3306 3005 3371 Lehrsius

400 3403 507 3477 ,de
549 3405 754 3469 Arist.
802 3401 1038 3468 studiis
1094 3427 1160 3491 p.
1204 3404 1365 3469 251²
1411 3426 1587 3491 seqq.
1656 3404 2153 3491 Aristophanis,
2210 3428 2250 3470 a
2304 3428 2432 3492 quo
2486 3428 2591 3493 ap.
2647 3407 3007 3472 Arcadium

424 3516 619 3573 notae
684 3516 1066 3571 accentuum
1123 3506 1431 3575 inventae
1496 3526 1641 3570 esse
1708 3504 2045 3589 dicuntur,
2125 3528 2389 3594 operam
2451 3508 2520 3573 in
2584 3506 2704 3573 hoc
2767 3530 3006 3593 genere

424 3607 729 3692 exiguam
773 3629 917 3672 esse
962 3614 1028 3671 et
1070 3605 1230 3692 quid
1272 3606 1354 3672 de
1398 3606 1776 3673 accentibus
1834 3606 2077 3673 dixerit
2134 3608 2251 3673 vix
2306 3608 2507 3674 semel
2560 3619 2675 3674 aut
2728 3610 2832 3674 bis
2876 3631 3003 3674 me·

425 3717 743 3773 moratum
806 3707 937 3792 legi
1003 3706 1346 3789 docuerat,
1413 3710 1573 3795 quin
1634 3707 1901 3773 disertis
1966 3708 2189 3775 verbis
2245 3707 2426 3781 illam
2492 3709 2573 3775 de
2626 3711 3004 3775 inventione

424 3807 1059 3876 accentiuncularum
1087 3810 1531 3875 narrationem
1561 3810 1629 3874 in
1658 3810 2095 3896 suspicionem
2126 3822 2414 3877 vocaret.
2460 3812 2631 3876 Tum
2661 3810 3002 3876 Nauckius

426 3912 506 3976 de
558 3910 1004 3996 Aristophane
1059 3933 1124 3994 p.
1178 3912 1253 3974 12
1305 3912 1889 3998 pronunciaverat,
1961 3912 2260 3997 quamvis
2315 3911 2586 3978 Arcadii
2641 3914 3004 3977 narrationi

425 4035 568 4078 non·
596 4014 802 4076 omnis
864 4010 1028 4075 fides
1073 4010 1453 4097 deroganda
1495 4013 1613 4095 sit,
1661 4023 1884 4077 tamen
1925 4012 2167 4077 iniuria
2214 4012 2723 4099 Aristophanem
2776 4014 3000 4077 inven-

425 4124 627 4178 torem
695 4122 1076 4178 accentuum
1142 4113 1301 4196 dici,
1360 4136 1556 4199 quum
1620 4115 1752 4178 iam
1816 4121 1965 4176 ante
2033 4103 2544 4199 Aristophanem
2608 4112 3000 4192 exstiterint,

427 4215 535 4301 qui
579 4215 954 4279 accentibus
1011 4216 1112 4278 usi
1166 4214 1315 4278 sint.
1404 4214 1794 4301 Nuperrime
1839 4211 2224 4278 Theodorus
2269 4213 2598 4298 Bergkius
2657 4215 2730 4279 in>
2768 4211 2998 4277 Philol.

425 4314 632 4381 XXII
674 4339 739 4403 p.
775 4314 856 4380 15
897 4325 1032 4380 not.
1077 4313 1273 4400 longe
1315 4314 1689 4399 gravissimi
1735 4313 1817 4378 de
1861 4313 2264 4398 rationibus,
2313 4336 2474 4401 quas
2502 4324 2757 4381 veteres
2788 4336 3000 4399 gram-

425 4418 644 4481 matici
697 4419 766 4481 in
820 4417 1197 4482 accentibus
1251 4417 1456 4480 secuti
1513 4416 1677 4497 sint,
1735 4415 2110 4480 documenti
2163 4417 2234 4480 in
2279 4414 2496 4481 Anall.
2553 4416 2999 4499 grammaticis

425 4516 797 4583 Endlicheri
839 4540 900 4603 p.
944 4517 1065 4582 531
1114 4540 1292 4603 seqq.
1349 4516 1727 4582 memoriam
1780 4516 2130 4581 renovavit
2183 4517 2364 4598 (nam
2419 4502 2621 4582 multo
2679 4524 2830 4581 ante
2873 4515 2998 4580 Lo-

425 4618 697 4683 beckius
741 4619 810 4682 in
840 4616 1116 4702 scholis,
1162 4640 1323 4704 quas
1354 4617 1437 4682 de
1466 4618 1893 4701 grammatica
1922 4616 2180 4682 Graeca
2206 4617 2526 4698 habebat,
2573 4619 2743 4681 hunc
2786 4613 2999 4682 locum

427 4720 693 4785 maximi
735 4721 1043 4784 momenti
1086 4718 1171 4783 ad
1215 4717 1670 4804 prosodiarum
1714 4716 2056 4783 historiam
2113 4740 2254 4783 esse
2309 4715 2595 4797 dixerat)
2655 4723 2721 4780 et
2774 4715 2995 4780 admo-

426 4821 565 4902 nuit
605 4820 729 4885 hoc
772 4818 914 4886 loco
957 4819 1417 4906 Aristophanis
1463 4819 1770 4905 Byzantii
1824 4842 1908 4885 ne
1961 4820 2351 4887 mentionem
2404 4815 2666 4903 quidem
2708 4816 2887 4882 iniici
2932 4826 2997 4906 et
