3664 5546
1160 386 1320 441 ΠΕΡΙ
1361 385 1755 442 ΚΑΘΟΛΙΚΗΕ
1790 384 2214 441 ΠΡΟΕΩιΔΙΑ(
2252 385 2331 439 ΙΑ.
2930 382 3054 449 267

467 561 794 640 Μηριόνη(
858 559 1014 639 μετὰ
1068 558 1306 637 Τροίαν
1375 559 1603 641 ἔκτιςε,
1658 558 1899 636 Ζηῖλας
1963 559 2036 623 δὲ
2102 557 2273 624 εἷλεν
2338 557 2376 623 ὁ
2436 558 2835 638 Νικομήδους
2902 557 3052 624 υἱός.

462 663 891 743 Δημοςθένης.
977 662 1172 726 Ἴςςα
1215 661 1402 727 πόλις
1446 661 1516 725 ἐν
1561 660 1775 744 Λέςβῳ
1821 660 1953 725 ἀπὸ
1997 662 2192 740 Ἴςςης
2233 666 2345 741 τῆς
2390 661 2726 744 Μάκαρος,
2783 661 2908 726 ἔςτι
2952 662 3056 725 καὶ

461 770 655 844 νῆςος
710 764 901 830 πόλιν
957 763 1302 843 ὁμώνυμον
1357 763 1594 842 ἔχουςα
1635 763 1795 826 κατά
1839 763 2213 843 Δαλματίαν
2268 765 2371 831 καὶ
2414 763 2736 841 Ἰλλυρίαν.
2824 763 3055 828 Τίςςα

462 866 703 949 χωρίον
750 866 1041 932 (ικελίας.
1087 865 1378 930 Φίλιςτος
1422 864 1646 949 ἐνάτῳ.
1713 865 1953 957 κίςςα,
2001 866 2265 949 λύςςα,
2313 865 2522 947 ὄςςα,
2566 864 2877 944 κρόςςα’
2924 864 3053 931 ἔςτι

462 971 566 1035 καὶ
608 970 795 1034 πόλις
837 968 1001 1046 πρὸς
1042 974 1136 1052 τῷ
1179 967 1432 1050 Πόντῳ.
1478 966 1801 1031 Ἑκαταῖος
1834 967 2016 1051 Ἀςίᾳ.
2072 968 2314 1033 Κόςςα
2357 968 2544 1033 πόλις
2587 968 2934 1045 Οἰνωτρῶν
2979 967 3049 1032 ἐν
3079 974 3111 1025 5

463 1078 557 1157 τῷ
602 1070 922 1155 μεςογείῳ.
989 1069 1313 1134 Ἑκαταῖος
1356 1069 1644 1153 Εὐρώπῃ.
1711 1069 1975 1133 Πάςςα
2018 1069 2205 1135 πόλις
2250 1071 2517 1152 Θρᾴκης.
2589 1070 2811 1135 Ἄςςα
2866 1069 3052 1134 πόλις

462 1174 626 1251 πρὸς
680 1179 771 1256 τῷ
824 1172 1013 1254 Ἄθῳ.
1088 1171 1439 1249 Ἡρόδοτος
1503 1171 1738 1254 ἑβδόμῃ
1796 1170 1884 1255 (ο.
1935 1170 2102 1255 122).
2200 1171 2325 1237 ἔςτι
2379 1174 2484 1236 καὶ
2543 1173 2721 1252 κώμη
2777 1171 3051 1235 (κυθίας.

463 1276 783 1353 Προῦςα
837 1274 1024 1338 πόλις
1077 1274 1264 1352 μικρὰ
1310 1274 1601 1338 Βιθυνίας
1655 1273 1872 1353 κτίςμα
1912 1273 2239 1351 Προυςίου
2294 1278 2412 1338 τοῦ
2466 1275 2631 1352 πρὸς
2680 1273 2886 1351 Κῦρον
2931 1293 3052 1336 πο-

464 1377 867 1456 λεμήςαντος.
959 1375 1278 1453 Μοῦρςα
1332 1376 1518 1440 πόλις
1570 1375 1884 1440 Παιονίας
1936 1376 2149 1455 κτίςμα
2205 1376 2557 1453 Ἀδριανοῦ.
2648 1375 2896 1451 λέγεται
2949 1376 3053 1439 καὶ

467 1479 814 1556 Μούρςιον.
903 1477 1161 1555 Πέρςα
1214 1477 1402 1542 πόλις
1444 1478 1620 1555 παρὰ
1675 1484 1767 1562 τῷ
1812 1477 2113 1561 Εὐφράτῃ
2155 1478 2271 1557 ἷκαὶ
2315 1477 2714 1558 (αμοςάτοις.
2797 1477 3052 1555 Τάρςα
3091 1495 3156 1544 10

463 1582 641 1660 κώμη
697 1580 803 1644 ἐπὶ
854 1585 947 1663 τῷ
1002 1578 1322 1662 Εὐφράτῃ.
1409 1580 1485 1644 Ἄ
1498 1599 1635 1657 ρςα
1688 1579 1876 1644 πόλις
1920 1570 2256 1661 Ἱςπανίας,
2315 1580 2405 1644 ώς
2452 1580 2663 1658 Χάραξ
2708 1581 2778 1644 ἐν
2824 1579 3053 1662 δεκάτῃ

463 1687 799 1761 χρονικῶν.
888 1680 1153 1758 Τίρςαι
1217 1682 1405 1745 πόλις
1473 1682 1842 1757 Μυγδονίας
1906 1685 2018 1759 τῆς
2082 1682 2153 1746 ἐν
2211 1681 2579 1764 Μακεδονίᾳ
2645 1679 2777 1746 ἀπὸ
2831 1680 3055 1760 Τίρςης

464 1787 606 1864 μιᾶς
649 1786 783 1847 τῶν
828 1782 1196 1860 θυγατέρων
1245 1784 1517 1861 Γραςτοῦ
1560 1784 1792 1848 παιδὸς
1839 1784 2199 1859 Μυγδόνος.

633 1908 672 1944 ιι
716 1885 811 1949 Τὰ
853 1884 943 1949 εἰς
982 1886 1067 1948 ἱᾶ
1111 1885 1272 1963 ὑπὲρ
1329 1885 1447 1949 δύο
1509 1886 1821 1965 ςυλλαβὰς
1866 1885 2453 1968 προπαροξύνεται,
2508 1886 2824 1965 Ἄγριςα
2868 1886 3054 1950 πόλις

471 1985 839 2068 Καρμανίας.
921 1987 1209 2065 Λάριςα
1251 1987 1438 2052 πόλις
1484 1987 1823 2052 Θεςςαλίας
1869 1988 1908 2066 ἡ
1936 1988 2117 2065 ,πρὸς
2158 1993 2251 2070 τῷ
2294 1988 2585 2073 Πηνειῷ,
2631 1989 2710 2066 ἣν
2755 1987 3060 2066 Ἀκρίςιος,
3093 2004 3155 2055 15

463 2090 676 2155 ἔκτιςε.
733 2089 1001 2167 δευτέρα
1043 2089 1082 2167 ἡ
1120 2089 1468 2171 Κρεμαςτή,
1515 2089 1643 2154 ὑπό
1686 2110 1886 2154 τινων
1932 2091 2003 2153 δὲ
2032 2089 2369 2165 Πελαςγία.
2420 2091 2595 2169 τρίτη
2641 2090 2712 2154 ἐν
2755 2074 3052 2173 nawen]

462 2191 719 2270 χωρίον.
802 2191 1069 2270 τετάρτη
1127 2194 1240 2268 τῆς
1295 2190 1632 2274 Τρωάδος,
1689 2191 1769 2269 ἥν
1798 2211 2016 2270 ’φηςιν
2071 2191 2356 2270 Ὅμηρος
2418 2196 2594 2267 ςτῶν
2662 2191 2724 2255 οἱ
2777 2191 3053 2270 Λάριςαν

464 2293 859 2372 ἐριβώλακα»
907 2293 983 2374 (Β
1014 2291 1183 2373 841).
1228 2292 1479 2372 πέμπτη
1523 2293 1817 2357 Αἰολίδος
1861 2294 2007 2371 περὶ
2055 2293 2264 2373 Κύμην
2309 2296 2423 2372 τὴν
2468 2292 2844 2372 Φρικωνίδα.
2907 2292 3051 2370 ἕκτη

464 2394 717 2477 (υρίας,
773 2395 853 2472 ἣν
912 2393 1100 2472 (ύροι
1147 2393 1374 2471 (ίζαρα
1426 2398 1747 2465 καλοῦςιν.
1831 2395 2066 2475 ἑβδόμη
2121 2395 2367 2459 Λυδίας.
2457 2396 2657 2474 ὀγδόη
2714 2394 3053 2460 Θεςςαλίας

462 2498 626 2574 πρὸς
681 2502 756 2579 τῇ
804 2494 1208 2578 Μακεδονίᾳ,
1264 2495 1454 2574 ἐνάτη
1516 2496 1771 2574 Κρήτης.
1851 2496 2078 2574 δεκάτη
2137 2496 2414 2575 Ἀττικῆς
2467 2497 2592 2562 ἐςτι
2636 2496 2886 2575 Λάριςα.
2951 2498 3054 2561 καὶ
3088 2511 3157 2563 20

462 2598 501 2676 ἡ
547 2595 897 2674 ἀκρόπολις
940 2600 1057 2660 τοῦ
1099 2597 1374 2674 Ἄργους
1418 2597 1669 2674 Λάριςα.
1741 2597 1999 2675 Ἔμιςα
2041 2598 2228 2662 πόλις
2282 2598 2579 2677 Φοινίκης
2622 2598 3051 2685 Λιβανουςίας.

468 2698 783 2776 Κρίμιςα
847 2696 1032 2761 πόλις
1087 2698 1344 2762 Ἰταλίας
1408 2698 1674 2778 πληςίον
1742 2698 2077 2777 Κρότωνος
2141 2701 2245 2764 καὶ
2309 2701 2606 2779 Θουρίου.
2693 2701 3051 2780 Λυκόφρων

465 2797 560 2881 (v.
593 2797 761 2879 913).
808 2797 940 2864 ἀπὸ
976 2799 1260 2878 Κριμίςης
1290 2800 1560 2880 νύμφης.
1620 2800 1887 2879 ςάριςα
1932 2801 2107 2867 εἶδος
2152 2801 2455 2867 ἀκοντίου
2499 2808 2736 2883 μικροῦ.
2784 2805 2861 2868 Ἄ
2876 2824 3052 2883 μιςα

462 2900 647 2966 πόλις
695 2901 1047 2980 Γερμανίας.
1092 2901 1428 2980 Ὄδρυςα
1471 2904 1657 2967 πόλις
1700 2902 2058 2987 Ὀδρυςῶν,
2104 2905 2143 2982 ἢ
2188 2906 2290 2969 καὶ
2333 2905 2628 2983 Ὀδρυςία
2671 2906 2936 2982 λέγεται.

630 3003 725 3067 Τὰ
768 3003 857 3067 εἰς
900 3008 1019 3068 ῑςα
1065 3003 1571 3084 ύπερδιςύλλαβα
1601 3004 2196 3085 ἀπαραςχημάτιςτα
2236 3008 2824 3090 προπαροξύνεται,
2871 3007 2925 3072 εἰ
2968 3009 3050 3088 μὴ
3087 3022 3151 3072 25

461 3106 823 3184 παραλήγοι
854 3111 960 3188 ffi,
993 3105 1361 3188 θάλαςςα,
1394 3106 1870 3189 Ἰφιάναςςα,
1902 3109 2285 3187 θέρμαςςα
2314 3110 2352 3187 ἡ
2385 3109 2676 3192 κάμινος,
2725 3108 3050 3192 ἄναςςα,

463 3207 946 3286 ἀμφιέλιςςα.
1030 3208 1513 3288 Ἑρμώναςςα
1566 3195 1878 3296 πόλιςᾷν
1933 3215 2025 3293 τῷ
2087 3210 2394 3300 Κιμμερίῳ
2450 3211 2760 3294 Βοςπόρῳ
2816 3211 3050 3276 Ἰώνων

462 3308 731 3374 ἄποικος
795 3308 926 3373 ἀπὸ
987 3314 1103 3372 τοῦ
1168 3309 1569 3390 ἡγηςαμένου
1633 3311 1979 3389 Ἕρμωνος.
2064 3311 2393 3390 Ἀρριανὸς
2459 3314 2530 3377 δὲ
2596 3312 2767 3377 οὕτω
2834 3314 3050 3392 φηςίν·

466 3409 895 3489 «Ἑρμώναςςα
938 3411 1043 3475 ἐπὶ
1085 3411 1483 3495 Ἑρμωνάςςῃ
1526 3419 1602 3496 τῇ
1647 3414 1898 3488 γυναικὶ
1943 3412 2316 3493 (ημάνδρου
2364 3414 2800 3493 Μιτυληναίου
2853 3415 3048 3497 τινός,

463 3509 543 3574 οὗ
588 3531 763 3575 τινας
805 3516 936 3576 τῶν
981 3512 1266 3577 Αἰολέων
1310 3513 1400 3576 εἰς
1444 3514 1740 3579 άποικίαν
1786 3516 2284 3594 μεταςτήςαντος
2337 3517 2441 3595 καὶ
2482 3517 2796 3581 θανόντος
2841 3517 2911 3581 ἐν
2957 3523 3049 3601 τῷ
3084 3530 3154 3584 30

460 3616 572 3689 τῆς
614 3613 869 3677 πόλεως
914 3612 1167 3696 οἰκιςμῷ
1211 3614 1250 3692 ἡ
1295 3617 1454 3693 γυνὴ
1500 3619 1611 3694 τῆς
1662 3616 1918 3681 πόλεως
1964 3617 2268 3696 ἐγκρατὴς
2313 3619 2571 3695 ἐγένετο
2624 3619 2727 3682 καὶ
2775 3619 2852 3684 τὸ
2904 3619 3048 3683 ἑαυ-

461 3718 572 3791 τῆς
616 3711 824 3793 ὄνομα
867 3721 943 3797 τῇ
988 3715 1172 3779 πόλει
1219 3716 1543 3781 ἐπέθετο».
1609 3718 1845 3795 ταύτην
1890 3717 1928 3782 ὁ
1975 3717 2256 3799 (κύμνος
2300 3721 2403 3784 καὶ
2445 3720 2825 3800 Ἑρμώνειαν
2871 3724 3051 3785 καλεῖ

461 3812 728 3900 (Peripl.
786 3836 845 3899 p.
893 3813 1110 3895 XVI).
1212 3815 1509 3897 (τράβων
1565 3820 1637 3883 δὲ
1691 3818 1925 3904 ἑβδόμῃ
1990 3819 2083 3906 (p.
2127 3819 2283 3906 306)
2338 3821 2774 3902 Ἑρμώνακτος
2829 3823 3047 3902 κώμην

594 4053 629 4104 l.
668 4056 699 4103 2
746 4052 886 4106 Ἴςςα
923 4051 1088 4106 Τίςςα
1136 4070 1204 4104 ex
1255 4055 1335 4107 St.
1381 4058 1473 4118 Β.,
1523 4053 1674 4107 κίςςα
1718 4084 1785 4092 —-
1830 4056 2030 4123 κρόςςα
2076 4075 2144 4109 ex
2188 4059 2466 4126 Theogn.‚
2517 4049 2725 4126 Κρόςςα
2773 4062 3048 4127 proprium

458 4137 635 4186 usquo
672 4121 743 4172 ad
780 4121 940 4172 finem
975 4137 1041 4172 ex
1079 4122 1159 4172 St.
1198 4124 1260 4175 Β.
1434 4123 1469 4173 l.
1510 4127 1573 4175 14
1605 4124 1753 4178 hunc
1790 4141 2059 4176 canonem
2095 4143 2162 4177 ex
2199 4128 2277 4179 St.
2316 4131 2377 4180 B.
2415 4131 2726 4181 nominibus
2764 4133 2820 4179 et
2854 4129 3050 4182 Choer.

458 4190 613 4241 Orth.
639 4188 789 4240 finxi.
811 4216 875 4227 —-
900 4191 1105 4255 Magna
1130 4195 1215 4240 est
1239 4191 1297 4240 in
1323 4192 1610 4242 vocabulis
1632 4194 1691 4242 in
1715 4197 1799 4245 ῐς-(ι
1827 4196 2136 4259 scripturae
2160 4197 2554 4259 inconstantia,
2584 4197 2651 4247 de
2678 4213 2786 4263 qua
2811 4197 2885 4247 cf.
2911 4198 3048 4250 Lob.

352 4311 360 4318 ‚
458 4257 624 4308 Proll.
662 4259 763 4308 415
800 4263 856 4307 et
894 4257 973 4307 St.
1010 4260 1072 4307 B.
1110 4256 1328 4321 Λάριςα.
1400 4258 1593 4310 Choor.
1630 4261 1786 4312 Orth.
1823 4263 1924 4310 236
1971 4262 2078 4312 duo
2125 4267 2339 4314 tantum
2376 4265 2542 4314 affert
2584 4269 2647 4315 ut
2682 4282 2781 4330 per
2816 4264 3048 4329 simplex

457 4326 492 4376 ἶ
527 4326 733 4390 scripta
770 4323 851 4377 Λά
889 4340 974 4377 ιςα
1012 4332 1068 4375 et
1105 4324 1316 4390 ςάριςα,
1367 4328 1565 4391 quibus
1608 4344 1659 4392 p.
1699 4331 1795 4379 199
1832 4326 2023 4391 Ἐμιςα
2061 4330 2309 4392 additum
2357 4325 2446 4381 fiis
2492 4348 2561 4382 ex
2597 4332 2678 4382 St.
2711 4334 2775 4383 Β.
2814 4333 3048 4398 apposui

458 4390 714 4456 Ἀγριςα,
766 4392 840 4458 Κρ
865 4408 1017 4456 μιςα,
1055 4392 1252 4456 Ἄμιςα
1301 4399 1357 4444 et
1401 4410 1568 4445 unum
1610 4397 1668 4446 in
1704 4401 1806 4448 υ’ςα
1842 4395 2100 4460 Ὄδρυςα.
2171 4396 2458 4461 Μονόγιςα
2504 4416 2595 4465 ap.
2633 4400 2713 4452 St.
2754 4401 2814 4450 Β.
2871 4400 3046 4462 omisi,

459 4461 587 4524 quia
625 4467 686 4510 ut
722 4460 935 4525 Τόμιςα
970 4467 1219 4512 neutrum
1256 4478 1378 4512 esse
1416 4467 1618 4527 potest.
1676 4465 1801 4514 Huc
1839 4465 2082 4526 pertinet
2119 4466 2287 4516 etiam
2321 4464 2582 4531 Λάπερςα
2617 4467 2878 4532 θηλυκῶς
2916 4466 3047 4531 ὄρος

459 4526 815 4594 Λακωνικῆς,
853 4528 920 4582 οὗ
959 4527 1235 4595 μέμνηται
1273 4529 1487 4581 Ῥιανὸς
1524 4530 1586 4581 ἑν
1625 4530 1908 4597 Ἠλιακῶν
1944 4532 2161 4599 πρώτῳ
2201 4536 2281 4584 st.
2317 4536 2407 4596 Β.,
2453 4535 2550 4585 ubi
2593 4540 2779 4585 tamen
2816 4552 3045 4600 paroxy-

460 4599 619 4646 tonos
654 4598 919 4662 seriptum
958 4603 1058 4648 est.
1200 4599 1235 4648 l.
1272 4600 1337 4648 26
1377 4597 1580 4650 ἄναςςα
1616 4597 1946 4663 ἀμφιέλιςςα
1982 4603 2215 4666 apposui
2251 4617 2318 4652 ex
2353 4603 2418 4655 E.
2444 4601 2517 4651 M.
2557 4605 2671 4666 100,
2707 4605 2769 4653 41
2810 4602 3042 4654 ἄναςςα;

459 4677 562 4730 οὐκ
597 4678 713 4732 ἀπὸ
749 4685 851 4732 τοῦ
890 4680 1026 4733 ἄναξ
1063 4681 1287 4745 γέγονε·
1333 4682 1406 4734 τὰ
1439 4682 1545 4747 γὰρ
1581 4682 1697 4735 ἀπὸ
1732 4687 1855 4735 τῶν
1894 4681 1969 4736 εἰς
2007 4686 2033 4737 ξ
2071 4682 2149 4736 είς
2193 4691 2229 4738 ἃ
2265 4685 2631 4751 παραγόμενα
2678 4685 2868 4738 ἑθνικά
2913 4687 3043 4752 ἑςτι,

459 4744 646 4800 Φοῖνιξ
683 4747 967 4812 Φοίνιςςα,
1012 4748 1157 4802 Κίλιξ
1198 4748 1425 4802 Κίλιςςα.
1473 4754 1650 4802 τοῦτο
1685 4752 1745 4803 δὲ
1782 4753 1857 4817 μὴ
1896 4752 1964 4803 ὂν
2001 4753 2224 4805 ἑθνικὸν
2261 4751 2471 4817 ὁμοίως
2508 4753 2575 4807 οὐ
2614 4753 2859 4816 λέγεται·
2897 4754 3046 4807 ἔςτιν

459 4811 563 4865 οὖν
599 4814 714 4866 ἀπὸ
749 4819 852 4869 τοῦ
891 4816 1109 4869 ἀνάςςω
1148 4816 1227 4869 ώς
1265 4817 1458 4871 ἑλίςςω
1506 4818 1685 4871 ἕλιςςα
1733 4821 1824 4872 καὶ
1861 4819 2188 4884 ἀμφιέλιςςα
2233 4823 2324 4874 καὶ
2370 4822 2552 4875 νύςςω
2589 4822 2783 4886 νύςςα;
2833 4824 2901 4874 de
2947 4822 3045 4887 ἀμ-

462 4879 709 4944 φιέλιςςα
755 4884 1011 4939 ef.·Lob.
1058 4885 1262 4940 Parall.
1296 4890 1416 4937 472.
1487 4889 1724 4940 Nomina
1768 4889 1896 4940 inde
1946 4892 2013 4941 ab
2052 4888 2403 4954 Ἑρμώναςςα
2447 4906 2624 4957 usque
2661 4892 2734 4943 ad
2771 4891 3044 4957 Βέβρυςςα
