3664 5546
823 396 919 456 ΕΚ
942 398 1083 452 ΤΩΝ
1125 397 1533 453 ΗΡΩΔΙΑΝΟΥ
1568 397 1726 453 ΠΕΡΙ
1770 399 2163 455 ΚΑΘΟΛΙΚΗΕ
2199 399 2638 458 ΠΡΟΕΩιΔΙΑΕ.
2689 403 2733 457 Α
2993 404 3072 470 13

481 567 750 634 Αἰνιάν
795 569 984 636 ἔθνος
1027 567 1435 652 Περραιβῶν·
1489 571 1784 648 λέγονται
1841 573 1912 636 δὲ
1959 572 2061 636 καὶ
2104 570 2348 638 Αἰνιεῖς.
2443 572 2797 639 ἐκαλοῦντο
2844 575 2917 640 δὲ
2969 576 3072 639 καὶ

485 672 747 750 Μηλιεῖς
802 671 865 737 οἱ
917 671 1118 740 αὐτοί.
1208 672 1507 753 (Στράβων
1565 674 1635 738 δὲ
1693 673 1765 738 ἐν
1817 680 1895 759 τῇ
1940 674 2244 758 ἑνδεκάτῃ
2287 676 2381 760 (p.
2428 673 2583 757 508)
2627 677 2818 756 φηςὶν
2862 676 2934 742 έν
2978 683 3070 762 τῷ

479 774 715 858 Πόντῳ
777 772 1075 843 Αἰνιᾶνας
1141 773 1381 841 ἄλλους
1446 774 1643 859 εἶναι,
1708 777 1822 841 οὓς
1889 779 2208 841 καλεῖςθαι
2270 780 2389 841 νῦν
2443 777 2795 856 Παρςίους·
2853 780 2956 843 καὶ
3013 778 3069 845 εἰ

481 878 595 957 μὲν
641 875 773 942 ἀπὸ
816 881 934 942 τοῦ
977 877 1198 958 κυρίου
1241 877 1537 944 Αἰνιᾶνος
1580 878 1886 962 γέγονεν,
1933 877 2204 954 εὔλογος
2247 878 2288 958 ἡ
2333 877 2675 959 ὁμοφωνία
2732 880 2932 947 αὐτοῦ
2978 881 3068 948 ὡς

478 979 555 1044 τὸ
598 979 780 1058 Τρώς
824 980 926 1045 καὶ
969 980 1219 1059 Ἀχαιός
1262 981 1344 1060 μὴ
1389 981 1901 1061 ὁμοφωνοῦντος
1943 984 2061 1045 τοῦ
2091 980 2369 1060 Τευκρός
2411 982 2516 1045 καὶ
2560 982 2599 1047 Γ
2602 982 2847 1061 ραικός·
2893 982 2947 1048 εἰ
2992 984 3064 1049 δὲ
3092 997 3126 1047 5

477 1082 653 1161 παρὰ
695 1083 813 1162 τὴν
869 1069 1060 1148 πόλιν
1114 1082 1368 1167 Αἰνίαν,
1425 1083 1825 1164 εὑρεθήςεται
1878 1084 2202 1163 πρότερον
2255 1082 2471 1149 Αἴνιος
2530 1083 2620 1149 ῶς
2674 1088 2786 1164 τῆς
2839 1085 3067 1153 Λυκίας

477 1183 737 1268 Λύκιος,
795 1183 934 1250 εἶτα
986 1186 1092 1251 διὰ
1144 1187 1261 1266 τὴν
1314 1184 1693 1267 ὁμοφωνίαν
1747 1190 1866 1252 τοῦ
1921 1189 2215 1266 ποταμοῦ
2270 1186 2435 1264 πρὸς
2490 1185 2793 1266 διάκριςιν
2847 1186 3065 1254 Αἰνιάν

477 1286 761 1363 γενέςθαι
810 1286 901 1354 ῶς
954 1288 1239 1367 μέγιςτος
1293 1289 1588 1368 μεγιςτάν
1644 1289 1748 1354 καὶ
1799 1287 2063 1369 ἄλκιμος
2106 1289 2401 1368 Ἀλκιμάν
2415 1338 2434 1372 ,
2480 1287 2632 1354 ὅθεν
2687 1287 2725 1353 ὁ
2772 1289 3065 1374 Ἀλκμάν,

477 1390 581 1454 καὶ
634 1389 783 1456 νέος
835 1389 1023 1473 νεάν,
1080 1389 1232 1456 ὅθεν
1286 1390 1327 1469 ἡ
1383 1393 1597 1458 νεᾶνις
1651 1392 1754 1456 καὶ
1809 1391 2080 1457 νεανίας.
2170 1389 2560 1469 «Ἀκαρνάν
2624 1390 2662 1456 ὁ
2725 1391 2898 1471 ἥρως
2963 1394 3066 1457 καὶ

477 1490 666 1557 ἔθνος
719 1493 883 1572 πρὸς
936 1498 1029 1576 τῷ
1085 1491 1396 1576 Ἀχελῴῳ.
1496 1492 1812 1573 Ἀρκτάν
1869 1492 2058 1560 ἔθνος
2112 1492 2585 1573 Ἠπειρωτικόν.
2683 1492 2934 1560 Ῥιανὸς
2989 1493 3061 1560 ἐν
3100 1505 3166 1559 10

474 1594 743 1679 τετάρτῃ
787 1595 1199 1661 Θεςςαλικῶν.
1255 1595 1608 1662 Ἀτιντάν
1655 1594 1791 1662 υἱὸς
1838 1595 2216 1662 Μακεδόνος
2259 1595 2363 1659 καὶ
2406 1594 2597 1661 ἔθνος
2643 1595 3061 1662 Μακεδονίας.

478 1697 524 1761 Β
537 1717 680 1777 ραχ
692 1697 837 1777 μάν
882 1696 1141 1764 Ἰνδικόν
1186 1696 1375 1763 ἔθνος
1420 1699 1824 1781 ςοφώτατον,
1870 1699 1984 1765 οὓς
2027 1699 2131 1762 καὶ
2175 1696 2468 1777 Βράχμας
2510 1699 2827 1765 καλοῦςιν.
2895 1700 2934 1765 Γ
2948 1719 3059 1764 ιν-

475 1798 621 1864 δάν
678 1798 867 1866 ἔθνος
930 1800 1203 1883 Λιβυκὸν
1269 1799 1661 1881 λωτοφάγον
1731 1800 1841 1865 «οἳ
1904 1801 2020 1866 τὸν
2086 1799 2335 1879 καρπὸν
2402 1799 2606 1878 μόνον
2667 1803 2785 1865 τοῦ
2846 1803 3060 1866 λωτοῦ

475 1899 789 1967 ἐςθίοντες
853 1907 1040 1970 ζῶςι»
1107 1899 1453 1986 (Herodot.
1497 1900 1620 1982 IV,
1671 1902 1836 1985 177).
1934 1901 2211 1981 Δυμάν
2278 1899 2317 1965 ὁ
2380 1899 2516 1966 υἱὸς
2581 1901 2896 1986 Αἰγιμίου,
2969 1902 3060 1968 ῶς

473 2002 755 2083 Ἔφορος
798 1998 858 2069 α’
903 2004 1218 2086 «Αἰγίμιος
1261 2005 1383 2084 γὰρ
1427 2005 1508 2084 ἦν
1552 2009 1683 2071 τῶν
1726 2005 1875 2084 περὶ
1920 2003 2114 2084 Οἴτην
2158 2003 2474 2083 Δωριέων
2522 2005 2825 2084 βαςιλεύς.
2916 2003 3060 2085 ἔςχε
3096 2014 3162 2066 15

473 2106 546 2170 δὲ
589 2105 710 2171 δύο
753 2108 987 2173 παῖδας
1029 2107 1398 2188 Πάμφυλον
1442 2107 1546 2172 καὶ
1587 2106 1864 2186 Δυμᾶνα
1907 2107 2010 2172 καὶ
2052 2107 2169 2172 τὸν
2213 2109 2330 2171 τοῦ
2374 2105 2765 2185 Ἡρακλέους
2809 2106 3058 2173 Ὕλλον

473 2207 814 2288 ἔποιήςατο
857 2208 1093 2293 τρίτον,
1137 2209 1323 2289 χάριν
1368 2207 1659 2275 ἀποδοὺς
1703 2206 1857 2274 ἀνθ’
1900 2207 1993 2275 ὧν
2024 2207 2335 2288 Ἡρακλῆς
2375 2207 2829 2273 ἐκπεπτωκότα
2870 2209 3058 2288 κατή-

472 2329 716 2387 γαγεν.»
784 2311 887 2377 καὶ
929 2311 1231 2393 Δυμᾶνες
1274 2312 1448 2393 φυλὴ
1492 2309 1826 2391 Δωριέων.
1914 2310 2373 2389 Ἐγχελᾶνες
2416 2309 2607 2375 ἔθνος
2652 2310 2951 2391 Ἰλλυρίας
2996 2310 3059 2377 οἱ

471 2411 656 2478 αὐτοὶ
699 2415 837 2478 τοῖς
881 2413 1265 2498 Ἐγχελέαις,
1312 2414 1401 2479 ῶς
1448 2413 1742 2479 Μναςέας
1787 2412 1860 2478 έν
1904 2405 1963 2490 γ’
2004 2417 2135 2478 τῶν
2179 2412 2632 2491 περιηγήςεων.
2693 2412 2942 2489 λέγεται
2986 2414 3057 2478 δὲ

473 2514 789 2593 Ἐγχελέαι
835 2513 966 2580 ἀπὸ
1010 2520 1127 2581 τοῦ
1173 2516 1500 2595 Ἐγχελέης
1543 2515 1582 2593 ἢ
1630 2514 1987 2594 Ἐγχελέας·
2043 2515 2342 2593 λέγονται
2399 2515 2469 2578 δὲ
2514 2514 2618 2578 καὶ
2661 2513 2972 2593 Ἐγχελεῖς
3015 2515 3055 2594 ἢ
3091 2523 3159 2575 20

470 2614 604 2682 ἀπὸ
658 2620 776 2681 τοῦ
821 2616 1118 2696 Ἐγχελής
1171 2618 1210 2696 ἢ
1269 2616 1400 2683 ἀπὸ
1456 2620 1573 2682 τοῦ
1618 2616 1963 2695 Ἐγχελεύς.
2052 2615 2403 2696 Εύρυτάν
2458 2613 2647 2681 ἔθνος
2691 2615 3054 2683 Αἰτωλικόν.

468 2717 828 2800 Λυκόφρων
876 2717 1142 2799 «μάντιν
1188 2720 1259 2785 δὲ
1302 2720 1533 2799 νεκρὸν
1578 2719 1864 2800 Εὐρυτὰν
1911 2718 2123 2800 ςτέψει
2170 2717 2372 2784 λεώς»
2417 2717 2511 2801 (v.
2544 2715 2715 2800 799).
2800 2717 3055 2786 Λυκάν

469 2821 538 2887 ἐκ
580 2826 699 2887 τοῦ
741 2821 1011 2887 Λυκάων
1068 2822 1227 2887 κατὰ
1281 2823 1605 2903 ςυγκοπὴν
1653 2822 1743 2887 ῶς
1788 2821 1910 2888 Ἰάν
1965 2820 2036 2887 ἐκ
2087 2824 2206 2886 τοῦ
2261 2820 2458 2886 Ἰάων.
2546 2818 2813 2900 Φαράν
2868 2820 3056 2887 πόλις

469 2924 697 3002 μεταξὺ
739 2923 1065 3001 Αἰγύπτου
1108 2927 1212 2990 καὶ
1255 2924 1559 3007 Ἀραβίας.
1647 2923 1964 3003 Ἀρετάν
2008 2924 2300 3003 ποταμὸς
2347 2921 2794 3001 Κροτωνιάδος
2840 2922 3054 3002 χώρας

467 3026 641 3105 παρὰ
693 3027 812 3106 τὴν
869 3026 1129 3106 Ἀρέταν
1183 3028 1300 3107 τὴν
1355 3029 1626 3104 γυναῖκα
1679 3025 2004 3109 Ἀλκίμου,
2059 3023 2136 3105 ἧς
2191 3021 2481 3105 περιῤῥεῑ
2532 3024 2610 3089 τὸ
2663 3028 2904 3108 μνῆμα,
2963 3023 3052 3089 ῶς
3088 3034 3156 3085 25

466 3130 768 3208 μαρτυρεῖ
810 3126 1307 3209 Φιλοςτέφανος.

633 3230 728 3295 Τὰ
768 3229 857 3296 εἰς
900 3235 986 3295 ἂν
1029 3230 1295 3297 ςύνθετα
1338 3230 1469 3296 ἀπὸ
1514 3230 1742 3297 ἁπλῶν
1787 3229 2000 3311 ῥητῶν
2045 3228 2257 3295 πάντα
2303 3227 2690 3311 βαρύνονται
2736 3226 2883 3294 οἷον
2927 3248 2957 3293 ε
2973 3227 3051 3293 ὐ-

464 3331 734 3415 παίαν,
800 3332 1160 3417 Αἰγίπαν,
1216 3333 1631 3416 Ἑρμόπαν,
1700 3331 2094 3415 Ἀντίπαν,
2160 3329 2503 3414 Εὐήπαν,
2559 3329 3051 3413 Τιτανόπαν,

462 3432 892 3500 Αίνοτίταν.
978 3436 1055 3501 τὸ
1101 3438 1172 3501 δὲ
1216 3434 1511 3517 καρβάν
1556 3433 1847 3501 ὀξύνεται
1892 3435 1995 3499 καὶ
2037 3433 2155 3500 ὄςα
2199 3433 2281 3512 μὴ
2328 3431 2459 3497 ἀπὸ
2503 3430 2732 3498 ἁπλῶν
2778 3432 3006 3513 ῥητῶν.

630 3536 724 3601 Τὰ
768 3536 857 3603 εἰς
899 3540 982 3604 ἶν’
1028 3538 1311 3616 λήγοντα
1365 3539 1404 3617 ἢ
1449 3536 1826 3617 καθαρεύειν
1872 3536 2076 3602 ἐθέλει
2135 3535 2225 3600 ῶς
2267 3535 2345 3600 τὸ
2387 3532 2645 3599 Παιάν
2693 3534 2836 3600 Ἰάν
2891 3535 2931 3614 ἢ
2976 3534 3050 3599 ἓν
3086 3545 3154 3597 30

462 3634 633 3714 ἔχειν
680 3636 1029 3719 ςύμφωνον
1073 3639 1202 3718 πρὸ
1247 3642 1364 3705 τοῦ
1409 3641 1451 3703 ἇ
1496 3639 1588 3705 ῶς
1630 3639 1705 3705 τὸ
1749 3637 2008 3704 Λυκάν
2054 3636 2304 3721 Ἀζάν,
2357 3637 2397 3716 ἢ
2459 3636 2579 3701 δύο
2624 3636 2729 3700 καὶ
2769 3639 2967 3701 ταῦτα
3009 3636 3049 3715 ἢ

460 3740 619 3803 κατὰ
663 3739 979 3821 ςύλληψιν
1024 3742 1115 3808 ῶς
1158 3742 1234 3807 τὸ
1280 3740 1510 3820 ἰδμάν
1538 3726 1929 3821 ’μεγιςτάν
1972 3740 2012 3819 ἢ
2055 3738 2218 3804 κατὰ
2249 3738 2566 3805 διάςταςιν
2615 3738 2705 3804 ῶς
2733 3739 2811 3804 τὸ
2839 3739 3049 3818 Πορ-

460 3840 600 3907 θάν
642 3841 993 3929 Πελλάν,
1049 3842 1366 3910 οὐδέποτε
1422 3844 1493 3908 δὲ
1538 3842 1705 3924 τρία·
1763 3840 2163 3924 ςεςημείωται
2215 3842 2293 3907 τὸ
2337 3839 2665 3922 Ἀλκμάν
2709 3839 2866 3920 ἔχον
2909 3839 3052 3920 τρία

595 4029 632 4082 1.
670 4032 737 4081 27
774 4035 830 4081 et
866 4032 933 4082 28
968 4032 1040 4082 ad
1077 4031 1301 4084 Arcadii
1344 4032 1568 4083 nomina
1613 4035 1971 4084 accesserunt
2016 4027 2283 4093 εὐπαίαν,
2324 4025 2623 4091 Ἀντίπαν,
2659 4025 2919 4093 Εὐήπαν,
2958 4026 3047 4081 Τι-

457 4096 715 4149 τανόπαν
750 4115 819 4150 ex
855 4099 1049 4151 Choer.
1086 4102 1212 4158 271,
1248 4103 1281 4152 3
1318 4099 1579 4163 (Bekker.
1617 4099 1825 4151 Aneod.
1864 4100 1990 4161 986,
2030 4097 2115 4164 11)
2154 4108 2213 4150 et
2247 4099 2340 4160 68,
2380 4097 2460 4149 17.
2499 4096 2573 4147 cf.
2611 4096 2814 4147 Herod.
2848 4097 2907 4146 in
2942 4095 3045 4147 An.

457 4166 556 4217 Ox.
594 4168 689 4224 IV,
727 4170 844 4230 337,
884 4170 963 4219 17.
1007 4168 1253 4219 Lobeck.
1290 4167 1494 4222 Parall.
1535 4170 1634 4219 190
1678 4183 1746 4218 ex
1780 4166 2021 4233 Hesyeh.
2060 4182 2103 4217 s.
2142 4165 2376 4220 Τιτᾶνες
2424 4163 2582 4214 addit
2626 4160 2842 4215 ἀτίταν.
2877 4191 2944 4199 -
2982 4163 3047 4214 de

457 4231 667 4298 καρβάν
703 4234 896 4286 Choer.
935 4237 1018 4299 68,
1059 4238 1148 4287 18:
1187 4234 1363 4299 μόνον
1407 4234 1477 4286 τὸ
1514 4233 1725 4301 κάρβαν
1761 4231 2038 4300 (ςημαίνει
2072 4231 2135 4285 δὲ
2169 4232 2276 4285 τὸν
2312 4229 2613 4298 βάρβαρον)
2650 4230 2786 4283 οὔτε
2821 4228 3047 4284 ἁπλοῦν

457 4298 605 4352 ἐςτιν
649 4300 784 4354 οὔτε
831 4302 1131 4367 ςύνθετον,
1181 4304 1272 4356 καὶ
1319 4302 1600 4357 ὀξύνεται·
1648 4302 1763 4354 έςτι
1804 4302 1915 4367 γὰρ
1957 4300 2075 4355 ἀπὸ
2119 4303 2223 4354 τοῦ
2275 4299 2386 4366 Κάρ
2425 4298 2604 4364 Καρός
2651 4299 2744 4352 καὶ
2787 4302 2892 4352 τοί)
2941 4299 3045 4365 βοή

457 4368 713 4434 καριβοός
750 4369 1020 4423 ςύνθετον
1056 4369 1180 4425 οἷον
1217 4370 1250 4425 ὁ
1286 4370 1437 4436 ἔχων
1474 4372 1614 4437 βοὴν
1643 4369 1841 4437 Καρός,
1879 4368 2136 4422 τουτέςτι
2174 4367 2469 4435 βάρβαρον,
2507 4365 2560 4419 οἱ
2583 4367 2693 4434 γὰρ
2719 4367 2893 4434 Κᾶρες
2919 4365 3045 4432 βάρ-

457 4437 628 4503 βαρον
663 4439 871 4504 φωνὴν
907 4439 1082 4504 εἶχον,
1130 4438 1208 4492 ῶς
1246 4440 1337 4492 καὶ
1375 4439 1408 4492 ὁ
1444 4439 1683 4505 ποιητὴς
1719 4439 1881 4505 δηλοῖ
1923 4437 2130 4504 λέγων,
2170 4435 2387 4503 Νάςτης
2416 4434 2617 4501 Καρῶν
2641 4435 2892 4502 ήγήςατο
2917 4436 3043 4501 βαρ-

456 4505 815 4571 βαροφώνων
850 4506 917 4567 (Β
952 4507 1074 4574 867)
1114 4509 1185 4562 cf.
1222 4509 1288 4562 Ε.
1324 4509 1398 4562 Μ.
1435 4523 1479 4561 ε.
1517 4524 1570 4559 ν.
1710 4507 1747 4562 l.
1774 4510 1964 4573 30—p.
1995 4509 2059 4558 14
2093 4507 2187 4558 1.6
2224 4522 2292 4557 ex
2326 4505 2685 4570 'theognosto
2722 4505 2812 4556 Cr.
2838 4505 2924 4568 ΙΙ,
2960 4506 3045 4568 26,

454 4575 548 4637 24,
585 4576 682 4629 ubi
715 4577 773 4626 in
818 4575 924 4627 fine
960 4575 1147 4629 οὕτως
1185 4574 1528 4642 Ἡρωδιανὸς
1565 4574 1629 4628 ἐν
1672 4578 1743 4642 τῇ
1791 4576 2076 4641 καθολικῇ.
2132 4574 2365 4625 eundem
2408 4573 2589 4625 locum
2635 4589 2703 4624 ex
2749 4572 3046 4624 Catholica

456 4644 751 4710 exscripsit
788 4644 982 4697 Choer.
1011 4648 1128 4709 271,
1165 4647 1232 4697 28
1267 4647 1375 4697 sie:
1411 4643 1567 4698 ἄξιόν
1604 4642 1716 4696 ἐςτι
1750 4644 2009 4709 ζητῆςαι,
2047 4639 2097 4696 εί
2130 4641 2240 4708 ἄρα
2272 4641 2345 4693 τὰ
2380 4640 2459 4695 εἰς
2495 4643 2565 4694 εῖν
2600 4641 2634 4692 λ
2710 4654 2852 4694 οντα
2887 4638 3043 4692 οὐδέ-

455 4724 596 4762 ποτε
631 4710 758 4777 τρία
783 4711 1061 4779 ςύμφωνα
1085 4713 1266 4778 ἔχουςι
1291 4712 1404 4779 πρὸ
1428 4715 1533 4766 τοί)
1559 4716 1620 4777 ἃ,
1646 4710 1751 4764 ἀλλ
1767 4709 1782 4728 '
1804 4710 1842 4776 ἢ
1866 4709 2289 4777 καθαριεύουςιν
2322 4709 2401 4763 ὡς
2434 4709 2505 4762 τὸ
2530 4707 2644 4763 Παι
2684 4725 2718 4761 ν
2750 4709 2787 4775 ἢ
2826 4709 3044 4774 έχουςιν

455 4774 518 4828 ἓν
554 4778 862 4845 ςύμφωνον
900 4780 979 4833 ῶς
1013 4780 1084 4833 τὸ
1120 4780 1294 4834 Τιτάν
1330 4781 1442 4847 πρὸ
1477 4784 1581 4833 τοῦ
1621 4784 1656 4832 ἃ
1691 4779 1728 4846 ἢ
1753 4778 1884 4845 δύο,
1921 4780 2013 4833 καὶ
2050 4781 2231 4832 ταῦτα
2266 4778 2303 4845 ἢ
2329 4778 2473 4831 κατὰ
2508 4777 2789 4843 ςύλληψιν
2824 4777 2861 4843 ἢ
2897 4776 3043 4841 κατὰ

453 4844 744 4912 διάςταςιν,
783 4850 926 4902 κατὰ
961 4849 1238 4914 ςύλληψιν
1276 4851 1376 4912 μὲν
1422 4849 1500 4901 ὡς
1535 4847 1606 4901 τὸ
1644 4844 1807 4912 ίδμάν
1845 4847 2120 4915 (ςημαίνει
2157 4847 2217 4900 δὲ
2252 4847 2359 4899 τὸν
2396 4846 2718 4913 ἔμπειρον),
2758 4845 3040 4911 μεγιςτάν,

454 4913 598 4965 κατὰ
632 4915 907 4970 διάςταςιν
940 4917 1001 4970 δὲ
1040 4916 1118 4969 ὡς
1155 4917 1218 4970 ἐν
1252 4921 1337 4984 τῷ
1374 4916 1627 4983 Πορθάν,
1665 4915 1881 4982 Ἐλλάν,
1919 4916 2199 4970 οὐδέποτε
2234 4916 2309 4968 δὲ·
2330 4914 2458 4982 τρία
2494 4914 2774 4980 ςύμφωνα
2800 4915 3037 4981 ἔχουςιν,
