3664 5546
720 411 848 478 504
1653 410 1734 465 ΕΚ
1771 409 1933 464 ΤΩΝ·
1953 408 2359 464 ΗΡΩΔΙΑΝΟΥ

890 585 983 650 Τὰ
1028 585 1115 649 εἰς
1159 588 1243 648 ὦ
1283 585 1742 665 περιςπῶνται,
1786 587 2222 664 πανταχοῦ,
2268 582 2509 662 ἀγχοῦ
2557 583 2801 662 «ἀγχοῦ
2844 584 2912 646 δ’
2949 583 3275 663 ἱςταμὲνη»

724 690 800 770 (Β
851 687 1029 770 172),
1076 687 1306 769 ὁμοῦ,
1352 686 1596 760 αὐτοῦ
1641 684 1782 750 ἀντὶ
1822 690 1940 749 τοῦ
1984 684 2073 749 εἰς
2115 685 2232 749 τὸν
2275 687 2480 750 τόπον
2525 684 2723 749 αὐτὸν
2770 684 3007 749 «αὐτοῦ
3054 686 3277 764 πρὸςθε

723 792 991 855 ποδῶν»
1037 792 1104 870 (χ
1147 787 1247 870 4),
1300 789 1507 867 ὑψοῦ
1553 787 1771 867 «ὑψοῦ
1816 787 1886 850 δ’
1931 786 2034 850 ἐπὶ
2078 787 2459 867 ψαμάθοιςι»
2507 789 2584 870 (Α
2626 785 2780 868 486)
2822 791 3097 869 τηλοῦ,
3149 786 3280 852 ἀλ-

726 896 1001 973 λαχοῦ,
1067 891 1457 972 οὐδαμοῦ,
1513 889 1954 968 ἑκαςταχοῦ
2013 890 2102 954 ῶς
2168 891 2341 967 παρὰ
2394 876 2791 969 Δημοςθένει
2845 891 2938 975 (p.
2984 888 3136 966 308,
3177 887 3282 971 28)

649 1006 682 1056 5
731 995 872 1059 «καὶ
914 993 1006 1057 ἔτι
1049 994 1162 1057 τὰς
1215 993 1561 1071 ἑκαςταχοῦ
1618 995 2047 1071 βραδυτῆτας»
2106 992 2208 1056 καὶ
2249 992 2329 1057 τὰ
2374 994 2568 1057 λοιπὰ
2610 994 2777 1070 πλὴν
2830 996 2948 1060 τοῦ
2999 991 3169 1056 ἰδού
3210 994 3283 1057 τὸ

725 1096 1065 1178 δεικτικὸν,
1119 1095 1243 1160 ἰού
1300 1096 1374 1160 τὸ
1433 1095 1893 1174 ςχετλιαςτικόν
1947 1096 2050 1158 καὶ
2103 1093 2192 1157 οὔ
2245 1094 2319 1159 τὸ
2376 1092 2732 1175 ἀρνητικὸν.
2818 1098 3015 1159 τοῦτο
3069 1095 3139 1158 δὲ
3190 1096 3286 1158 καὶ

727 1199 797 1264 ἐν
863 1205 938 1282 τῇ
1006 1200 1300 1282 ςυνεπείᾳ
1355 1198 1659 1265 ὀξύνεται.
1749 1195 1828 1261 οὐ
1886 1196 2144 1276 μάχεται
2210 1197 2286 1260 τὸ
2343 1184 2548 1262 ὅπου
2620 1197 3090 1279 βαρυνόμενον,
3153 1195 3286 1260 ἀλλ’

728 1301 1011 1366 ἀνέδωκε
1055 1302 1171 1366 τὸν
1215 1300 1411 1365 τόνον
1457 1299 1694 1380 ὁμοίως
1737 1306 1826 1384 τῷ
1872 1305 1959 1382 πῇ
2005 1298 2133 1382 ὅπῃ
2146 1347 2163 1380 ,
2209 1302 2337 1363 ποῦ
2383 1298 2567 1364 ὅπου.

896 1404 1113 1479 Ὀλίγα
1170 1402 1331 1470 ἐςτίν
1387 1403 1476 1468 εἰς
1530 1407 1617 1469 εἶ).
1704 1403 1779 1467 τὸ
1836 1404 1949 1481 μὲν
2004 1399 2086 1465 εὖ
2141 1405 2509 1481 περιςπᾶται
2555 1403 2657 1466 καὶ
2698 1403 2773 1467 τὸ
2830 1405 2995 1482 φεῦ.
3084 1402 3288 1465 καὶτὸ

631 1514 694 1564 10
730 1505 919 1571 ἄνευ
964 1505 1301 1586 βαρύνεται
1354 1506 1456 1570 καὶ
1510 1507 1585 1571 τὸ
1643 1504 1993 1584 ὑπέρφευ
2050 1504 2360 1569 ςυντεθέν.
2441 1505 2516 1568 τὸ
2574 1504 2847 1569 ἐλελεῦ
2912 1507 3288 1581 περιςπᾶται.

855 1607 860 1610 ’
899 1607 992 1670 Τὰ
1035 1607 1123 1671 εἰς
1166 1612 1219 1671 ε“ι
1265 1606 1620 1688 δίφθογγον
1682 1607 1964 1685 λήγοντα
2019 1606 2408 1686 ἐπιρρήματα
2452 1606 2806 1685 όξυνόμενα
2849 1607 2974 1671 δύο
3019 1603 3171 1686 ἐςτί,
3222 1607 3291 1669 τὸ

733 1706 851 1773 ἀεί
905 1711 1008 1774 καὶ
1062 1709 1137 1774 τὸ
1194 1709 1358 1773 ἐπεί
1413 1710 1714 1788 χρονικόν
1762 1708 1941 1773 «ἐπεὶ
2004 1709 2081 1787 δὴ
2137 1708 2277 1772 λίπε
2333 1713 2513 1787 δῶμα
2569 1708 2957 1788 Καλυψοῦς»
3023 1709 3089 1790 (θ
3130 1705 3290 1789 452).

732 1811 858 1876 ἔςτι
900 1811 1023 1889 γὰρ
1071 1811 1107 1875 ὁ
1153 1812 1289 1875 ἐπεί
1333 1813 1435 1875 καὶ
1478 1812 1835 1889 ςύνδεςμος.
1924 1810 2245 1890 βαρύτονα
2299 1812 2372 1874 δὲ
2423 1810 2498 1874 τὸ
2554 1809 2807 1893 ἄγρει,
2864 1811 2904 1875 ὃ
2951 1811 3109 1875 κατὰ
3163 1830 3293 1874 ςυν-

732 1914 1046 1992 εκδρομὴν
1090 1917 1205 1977 τοῦ
1250 1913 1528 1992 ῥήματος
1558 1907 1992 1992 πληθυντικῶς
2035 1911 2273 1990 εἴρηται
2318 1908 2610 1991 «ἀγρεῖθ’
2655 1911 2719 1976 αἱ
2748 1914 2862 1992 μὲν
2887 1918 3080 1992 δῶμα
3118 1913 3294 1991 κορή-

632 2021 697 2072 15
735 2037 919 2081 ςατε»
966 2016 1031 2097 (υ
1081 2013 1257 2098 149),
1304 2014 1341 2078 ὁ
1388 2016 1458 2080 δέ
1502 2037 1575 2092 γε
1621 2015 1989 2095 Ἀντίμαχος
2032 2014 2283 2092 ἀργεῑτε
2328 2013 2453 2093 ἔφη
2499 2015 2919 2096 ύπερβιβὸιςας
2964 2016 3039 2080 τὸ
3086 2017 3140 2092 ὃ.
3204 2014 3297 2077 καὶ

734 2119 824 2183 ἔτι
870 2118 945 2183 τὸ
993 2116 1191 2182 οἴκει
1237 2119 1410 2196 παρὰ
1457 2118 1814 2201 Μενάνδρῳ
1860 2117 1998 2182 ἀντὶ
2040 2121 2158 2182 τοῦ
2203 2115 2385 2181 οἴκοι.
2471 2117 2919 2195 περιςπώμενα
2964 2118 3036 2181 δὲ
3080 2116 3298 2181 τοπικὰ

734 2222 991 2302 Δώρια,
1036 2223 1283 2303 τηνεῖ,
1329 2223 1624 2304 τουτεῑ,
1669 2223 1828 2302 πεῖ,
1875 2219 2109 2284 αὐτεῑ.
2197 2220 2273 2284 τὸ
2318 2220 2389 2283 δὲ
2435 2218 2601 2283 ἐκεῖ
2643 2217 3099 2285 ἀποκέκοπται.

738 2511 905 2566 οὐδὲν
941 2510 1019 2562 εἰς
1056 2527 1109 2561 αι
1147 2511 1323 2577 λῆγον
1358 2508 1633 2576 ἐπίρρημα
1668 2509 1812 2575 ὑπὲρ
1851 2507 1979 2573 μίαν
2015 2510 2293 2574 ςυλλαβὴν
2330 2509 2611 2572 ὀξύνεται,
2659 2507 2808 2570 λέγω
2850 2509 2915 2562 δὲ
2954 2510 3029 2574 μὴ
3069 2510 3301 2574 ςχετλια-

739 2580 942 2632 ςτικόν.
1011 2578 1083 2630 τὰ
1117 2577 1178 2631 δὲ
1213 2581 1447 2630 τοιαῦτα
1484 2581 1573 2631 καὶ
1609 2578 1894 2640 ὀξύνεται,
1933 2577 2086 2642 οὐαί,
2134 2575 2319 2642 βαβαί,
2367 2579 2456 2630 καὶ
2502 2579 2858 2642 περιςπᾶται,
2906 2577 3140 2641 ἀταταῑ,
3178 2576 3302 2638 αίαῑ,

740 2651 937 2700 παπαῖ.
1006 2646 1076 2698 τὸ
1112 2646 1172 2698 δὲ
1210 2646 1381 2698 πάλαι
1418 2646 1728 2712 βαρύνεται.
1798 2645 2020 2708 λέγεται
2055 2645 2124 2697 τὸ
2160 2644 2341 2698 αἴτιον
2378 2645 2440 2698 ἐν
2475 2649 2559 2710 τῷ
2598 2646 2724 2709 περὶ
2761 2643 3177 2713 ἐπιρρημάτων.

736 2716 772 2766 l.
813 2719 837 2766 1
879 2731 1141 2766 canonem
1191 2716 1260 2765 de
1304 2716 1588 2766 adverbiis
1635 2717 1691 2765 in
1727 2718 1794 2765 οὐ
1834 2716 2013 2781 rec-epi
2051 2731 2117 2765 ex
2152 2718 2277 2766 Arc.
2318 2716 2439 2777 183,
2476 2718 2557 2765 24.
2629 2714 2879 2780 exempla
2925 2716 3001 2765 ad
3045 2713 3218 2779 ἀγχοῦ
3255 2718 3307 2764 et

738 2785 916 2836 αὐτοῦ
953 2784 1188 2849 apposui
1224 2801 1289 2835 ex
1327 2784 1517 2847 Choer.
1555 2786 1705 2834 Dict.
1738 2786 1867 2844 429,
1904 2787 1996 2833 22:
2033 2783 2105 2835 τὰ
2140 2781 2489 2847 ἐπιρρήματα
2524 2782 2597 2833 τὰ
2640 2780 2717 2833 εἰς
2752 2782 2860 2847 τὴν
2896 2786 2965 2834 δῦ
3003 2781 3307 2848 δίφθογγον

741 2852 991 2917 λήγοντα
1027 2850 1062 2915 ἢ
1100 2850 1303 2903 τοπικά
1340 2848 1473 2903 εἰςιν
1508 2852 1544 2916 ἢ
1583 2850 1913 2915 παρηγμὲνα
1958 2850 2045 2903 διὰ
2091 2854 2193 2903 τοῦ
2232 2854 2333 2914 ῑοῡ
2371 2849 2484 2902 ἀπὸ
2532 2849 2738 2902 λέξεως
2784 2851 3078 2917 ποςότητα
3114 2850 3306 2914 δηλού-

739 2935 836 2986 ςης
873 2920 963 2971 καὶ
1001 2918 1187 2971 πάντα
1225 2921 1624 2984 περιςπῶνται·
1675 2918 1881 2970 τοπικὰ
1927 2917 2028 2981 μὲν
2063 2916 2188 2970 οἷον
2224 2919 2398 2983 ἀγχοῦ
2436 2917 2652 2981 «ἀγχοῦ
2690 2917 2748 2970 δ’
2784 2916 3124 2985 ἱςταμένη»,
3161 2918 3305 2982 ὑψοῦ

739 2989 935 3052 «ὑψοῦ
973 2987 1024 3039 δ’
1060 2987 1152 3039 ἐπὶ
1189 2986 1529 3052 ψαμάθοιςι»
1565 2988 1634 3053 (Α
1671 2986 1813 3052 486),
1852 2986 2058 3052 τηλοῦ,
2098 2989 2415 3051 πανταχοῦ,
2453 2985 2726 3050 ἀλλαχοῦ,
2765 2985 3049 3051 οὐδαμοῦ,
3089 2987 3310 3039 ἑκαςτα-

740 3058 840 3121 χοῦ
894 3054 1150 3107 τουτέςτι
1207 3055 1270 3107 ἑν
1323 3054 1536 3122 ἑκάςτῳ
1589 3055 1754 3121 τόπῳ
1812 3053 1892 3107 ὡς
1943 3053 2096 3119 παρὰ
2146 3054 2491 3120 Δημοςθένει
2535 3055 2669 3106 ((καί
2723 3052 2806 3105 ἔτι
2852 3054 2956 3108 τὰς
3004 3055 3305 3119 ἑκαςταχοῡ

742 3124 1133 3190 βραδυτῆτας»
1179 3123 1398 3175 «αὐτοῦ
1446 3122 1653 3188 πρὸςθε
1700 3123 1955 3176 ποδῶν».
2034 3122 2364 3188 παρηγμένα
2409 3122 2469 3174 δὲ
2514 3121 2601 3174 διὰ
2644 3125 2747 3173 τοῦ
2793 3123 2896 3189 iffi
2943 3122 3061 3175 ἀπὸ
3109 3122 3307 3176 λέξεως

740 3191 1030 3256 ποςότητα
1081 3192 1355 3256 δηλούςης
1408 3188 1531 3244 οἷον
1583 3188 1665 3243 δίς
1711 3191 1896 3255 διχοῦ,
1949 3189 2331 3255 τρίς”τριχοῦ,
2378 3189 2632 3256 τετράκις
2684 3194 2991 3258 τετραχοῦ,
3050 3189 3307 3244 πεντάκις

740 3262 1044 3322 πενταχοῦ.
1114 3259 1184 3309 τὸ
1218 3258 1325 3324 γὰρ
1360 3257 1441 3310 δίς
1476 3257 1598 3324 τρίς
1641 3258 1897 3325 τετράκις
1935 3257 2223 3340 ποςότητα
2267 3259 2443 3324 δηλοῖ.
2510 3258 2579 3311 τὸ
2625 3257 2771 3311 ὅπου
2822 3259 3066 3311 τοπικὸν
3112 3259 3179 3311 ὃν
3225 3258 3305 3310 καὶ

746 3329 819 3391 μὴ
858 3326 1286 3391 περιςπώμενον
1323 3325 1466 3377 ἀλλὰ
1492 3326 1873 3392 βαρυνόμενον
1898 3325 2002 3377 οὐκ
2027 3326 2331 3379 ἀντικειται
2355 3327 2514 3391 ἡμῖν,
2553 3325 2772 3392 ἐπειδή,
2813 3328 2890 3379 ῶς
2917 3342 3089 3393 φηςιν
3117 3328 3306 3379 Ἀπολ-

746 3394 949 3448 λώνιος
988 3394 1050 3445 ἐν
1085 3399 1169 3460 τῷ
1207 3394 1333 3459 περὶ
1372 3393 1772 3460 ἐπιρρημάτων
1811 3404 1884 3461 (p.
1920 3396 2039 3458 588)
2085 3394 2157 3446 τὰ
2193 3395 2578 3460 μονοςύλλαβα
2615 3396 2879 3448 πευςτικὰ
2915 3396 3304 3461 περιςπώμενα

744 3465 884 3516 ὄντα
922 3462 1424 3527 προςλαμβάνοντα
1461 3462 1529 3514 τὸ
1565 3466 1597 3515 ὃ
1635 3464 1723 3514 καὶ
1758 3462 2026 3525 γινόμενα
2062 3461 2374 3528 ἀναφορικὰ
2421 3463 2753 3528 βαρύνονται
2799 3462 2925 3516 οἷον
2972 3467 3098 3516 πῶς
3136 3463 3302 3520 ὅπως,

743 3536 823 3598 πῇ
863 3531 993 3596 ὅπῃ.
1051 3530 1238 3583 οὕτως
1276 3530 1379 3582 οῦν
1420 3531 1507 3582 καὶ
1544 3530 1613 3583 τὸ
1650 3530 1810 3583 ὅπου.
1871 3530 2063 3595 ἐπειδὴ
2100 3531 2203 3583 οὖν
2238 3531 2311 3583 τὰ
2344 3529 2470 3595 τρία
2497 3530 2639 3595 μόνα
2674 3533 2881 3595 ταῦτα,
2919 3530 3073 3594 λέγω
3098 3530 3167 3582 τὸ
3192 3529 3302 3583 ἰδού

745 3600 836 3651 καί
875 3596 960 3650 ἰού
998 3598 1089 3650 καὶ
1125 3598 1221 3663 οὔ,
1259 3597 1566 3664 εῦρέθηςαν
1611 3596 1690 3652 εἰς
1733 3599 1842 3664 τὴν
1876 3603 1944 3650 ὦ
1982 3597 2290 3663 δίφθογγον
2325 3599 2574 3663 λήγοντα
2617 3599 2707 3650 καὶ
2745 3600 2818 3663 μη
2866 3600 3011 3651 ὄντα
3049 3599 3188 3664 μήτε
3220 3613 3303 3649 το-

745 3666 879 3718 πικὰ
916 3666 1056 3731 μήτε
1094 3666 1182 3718 διὰ
1224 3670 1328 3719 τοῦ
1367 3670 1468 3735 χ-οῑι
1507 3666 1836 3733 παρηγμένα
1872 3666 1986 3718 ἀπὸ
2023 3667 2228 3720 λέξεως
2275 3667 2560 3733 ποςότητα
2603 3667 2876 3732 δηλούςης
2922 3667 3017 3733 (τὸ
3066 3667 3167 3731 μὲν
3207 3666 3303 3729 γὰρ

747 3734 867 3788 ἰδού
906 3734 1181 3785 δεικτικὸν
1229 3735 1367 3802 ἑςτι,
1412 3736 1482 3788 τὸ
1526 3734 1587 3788 δὲ
1634 3734 1719 3787 ἰού
1766 3735 2201 3799 ςχετλιαςτικόν,
2248 3736 2318 3788 τὸ
2362 3735 2422 3787 δὲ
2467 3734 2534 3787 οὔ
2580 3733 2907 3800 ἀρνητικὸν)
2953 3734 3190 3787 εἰκότως
3230 3732 3303 3784 ὡς

748 3800 1180 3867 παραλλάξαντα
1216 3804 1346 3868 περὶ
1379 3805 1449 3855 τὸ
1496 3803 1905 3868 ςημαινόμενον
1949 3803 2207 3868 διήλλαξε
2251 3804 2341 3856 καὶ
2386 3804 2515 3868 περὶ
2558 3804 2667 3868 τὴν
2710 3802 2866 3856 τάςιν
2912 3804 3006 3855 καί
3054 3802 3121 3854 οῦ
3165 3816 3302 3867 περι-

746 3872 1013 3922 ςπῶνται.
1038 3899 1105 3906 —
1127 3873 1213 3921 Ex
1237 3872 1338 3922 hoc
1362 3873 1479 3923 loco
1503 3872 1696 3922 addidi
1723 3873 1758 3922 l.
1783 3876 1813 3923 3
1838 3871 1987 3936 ὑψοῦ
2015 3900 2079 3907 -—
2103 3873 2138 3926 l.
2165 3876 2197 3923 5
2222 3871 2525 3936 ἑκαςταχοῦ
2552 3872 2581 3936 β
2655 3871 2898 3936 δυτῆτας
2922 3878 2981 3922 et.
3004 3872 3076 3922 ad
3102 3869 3216 3922 ἰδού
3238 3868 3301 3919 τὸ

746 3938 1025 3991 δεικτικὸν
1049 3945 1106 3989 et
1128 3938 1197 3991 τὸ
1223 3939 1632 4003 ςχετλιαςτικὸν
1657 3941 1725 3990 ad
1752 3937 1854 3991 ἰού.
1944 3941 1981 3990 l.
2006 3942 2035 3990 7
2060 3956 2157 4006 pro
2183 3938 2245 3991 ἑν
2268 3944 2338 4007 τῇ
2365 3942 2565 4004 ςυνηθε
2589 3955 2624 4005 ᾳ
2649 3941 2843 4005 scripsi
2867 3956 2989 3991 cum
3016 3939 3216 3992 Goettl.
3240 3937 3301 3986 de

745 4015 957 4059 accent.
993 4009 1093 4059 389
1130 4005 1192 4058 ἐν
1226 4013 1296 4073 τῇ
1335 4005 1610 4074 ςυνεπείᾳ.
1659 4009 1829 4058 verba
1865 4006 1934 4058 οὐ
1971 4005 2201 4072 μάχεται
2237 4024 2408 4074 usque
2445 4008 2514 4058 ad
2549 4008 2709 4058 finem
2734 4009 2965 4073 apposui
3002 4025 3072 4059 ex
3092 4009 3193 4072 Ep.
3218 4005 3299 4056 Cr.

746 4078 773 4127 I
809 4078 928 4140 418,
957 4078 1046 4125 26:
1086 4074 1233 4139 ὑψοῦ
1273 4078 1631 4142 περιςπᾱται,
1671 4075 2005 4139 ἑκαςταχοῦ,
2045 4079 2364 4140 πανταχοῦ,
2402 4074 2608 4139 αὐτοῦ,
2645 4076 2840 4140 τηλοῦ.
2887 4075 2954 4127 οὐ
2995 4074 3219 4139 μάχεται
3242 4098 3301 4108 -

750 4144 912 4196 ὅπου.
983 4142 1051 4194 τὸ
1089 4142 1238 4207 ὑψοῦ
1276 4144 1410 4209 ὕψοι
1447 4143 1701 4207 λέγουςιν
1736 4141 1790 4196 οἱ
1826 4142 2043 4196 Αἰολεῖς
2086 4148 2270 4210 τροπῇ
2317 4147 2418 4196 τοῦ
2455 4147 2488 4195 ῦ
2536 4141 2615 4195 είς
2651 4146 2684 4195 ἶ
2722 4140 2931 4207 ὁμοίως
2972 4147 3093 4195 τοῖς
3141 4142 3301 4195 Ἀττι-

748 4216 867 4264 κοῖς
905 4214 1195 4275 πανταχοῦ
1235 4214 1323 4263 καὶ
1361 4214 1663 4276 πανταχοῖ,
1709 4211 1957 4275 οὐδαμοῦ
2004 4213 2094 4263 καὶ
2140 4211 2400 4276 οὐδαμοῖ,
2448 4215 2558 4263 ποῦ
2595 4212 2686 4263 καὶ
2722 4215 2833 4263 ποῖ.
2903 4211 3007 4264 οὐκ
3044 4210 3152 4275 ἀεί,
3187 4206 3300 4261 ἀλλ’

749 4280 842 4332 ἐπὶ
883 4280 1131 4330 πολλῶν.
1335 4281 1370 4336 l.
1410 4285 1441 4333 9
1495 4281 1561 4332 de
1607 4281 1887 4332 adverbiis
1931 4281 1990 4330 in
2025 4284 2090 4331 ἐυ
2130 4281 2199 4331 of.
2236 4282 2296 4331 Ε.
2336 4282 2408 4330 Μ.
2451 4283 2564 4343 104,
2602 4284 2666 4332 53
2699 4279 2858 4332 ἄνεω
2898 4278 2955 4331 αἱ
2992 4278 3093 4342 μὲν
3128 4276 3202 4330 είς
3234 4278 3297 4327 ἐὖ

751 4348 923 4401 λέξεις
961 4346 1332 4412 βαρυνόμεναι
1369 4346 1625 4400 ἄπτωτοί
1662 4345 1781 4400 εἰςι·
1820 4347 2236 4416 περιςπώμενᾳι
2272 4347 2333 4399 δὲ
2371 4348 2646 4400 πτωτικαὶ
2686 4348 2936 4412 Ἀχιλλεῦ
2973 4346 3181 4411 Πηλεῦ.

751 4417 786 4466 l.
829 4419 887 4466 12
924 4432 1043 4466 cum
1079 4416 1182 4466 hoe
1220 4416 1337 4467 loco
1374 4419 1406 4468 θ
1443 4421 1542 4468 452
1582 4418 1921 4481 componitur
1957 4433 2043 4481 ap.
2083 4416 2262 4482 Apoll.
2302 4416 2368 4466 de
2409 4420 2550 4470 coni.
2586 4420 2699 4475 512,
2741 4419 2803 4466 14
2839 4423 2895 4465 et
2933 4418 2987 4465 in
3025 4416 3125 4480 Ep.
3162 4414 3243 4464 Cr.
3276 4412 3297 4460 1

753 4488 868 4546 161,
910 4486 972 4535 13
1010 4488 1065 4534 et
1101 4486 1193 4547 71,
1232 4487 1323 4535 32:
1371 4484 1494 4537 ἐπεὶ
1531 4482 1733 4549 Τροίης
1779 4482 1933 4549 ἱερὸν
1978 4482 2312 4548 πτολιέθρον
2358 4483 2589 4549 ἔπερςεν
2634 4485 2706 4535 cf.
2742 4484 2997 4534 Eustath.
3039 4484 3187 4543 1382,
3220 4483 3296 4540 43,

754 4553 846 4618 qui
882 4552 1282 4618 interpretatur
1318 4551 1597 4618 ἐπίρρημα
1633 4551 1895 4616 χρονικὸν
1939 4549 2063 4604 ἐπεί
2098 4551 2223 4602 ἀντὶ
2267 4555 2369 4603 τοῦ
2415 4551 2526 4616 ἀφ’
2560 4550 2627 4604 οῦ
2673 4558 2729 4602 et
2775 4552 2965 4602 Choer.
3005 4551 3157 4602 Orth.
3191 4550 3297 4603 212,

752 4621 834 4671 28.
872 4646 937 4654 -
976 4620 1010 4669 1.
1049 4623 1111 4671 15
1148 4619 1179 4671 ὁ
1215 4619 1276 4672 δὲ
1312 4636 1375 4683 γε
1413 4618 1739 4684 Ἀντίμαχος
1775 4648 1837 4656 -
1875 4619 1945 4670 τὸ
1980 4625 2013 4685 s>
2058 4621 2236 4670 adieci
2282 4637 2348 4671 ex
2396 4622 2496 4686 Ep.
2545 4621 2630 4670 Cr.
2677 4622 2702 4670 I
2748 4623 2838 4677 71,
2886 4622 2977 4681 25,
3024 4619 3116 4684 qui
3160 4616 3297 4667 locus

753 4692 942 4738 nostro
980 4688 1287 4739 simillimus
1324 4694 1423 4740 est.
1461 4717 1524 4726 —
1562 4689 1628 4740 de
1665 4689 1882 4739 Derieis
1918 4689 1987 4740 cf.
2024 4688 2235 4739 Ahrens
2272 4689 2339 4739 de
2377 4689 2509 4738 dial.
2547 4690 2674 4738 Dor.
2711 4704 2762 4753 p.
2789 4688 2881 4739 361
2923 4703 3039 4737 cum
3078 4690 3298 4737 nota.—

754 4756 835 4804 De
875 4753 988 4805 ἑκεῖ
1025 4755 1280 4806 similiter
1315 4758 1524 4808 iudicat
1559 4756 1737 4822 Apoll.
1788 4758 1853 4807 de
1902 4757 2025 4807 adv.
2061 4759 2188 4816 624,
2230 4760 2318 4820 10,
2364 4758 2433 4807 cf.
2482 4756 2649 4806 etiam
2692 4760 2791 4809 An.
2828 4758 2926 4808 Ox.
2966 4757 3021 4806 ΙΙ
3056 4755 3176 4812 366,
3210 4754 3293 4802 31:

757 4818 894 4871 ἐκεῑε
935 4820 1012 4873 εἰς
1046 4822 1115 4874 τὸ
1134 4828 1216 4874 ι’(ἑι
1242 4823 1660 4889 περιςπωμένη·
1699 4822 1754 4875 αἱ
1780 4823 2064 4876 ἀποκοπαὶ
2090 4821 2256 4887 ἡνίκα
2280 4822 2591 4889 φυλάςςωςι
2628 4824 2697 4875 τὸ
2722 4822 2864 4876 αὐτὸ
2891 4821 3055 4889 μέρος
3077 4822 3175 4873 τοῦ
3212 4817 3294 4871 λὸ·

757 4900 885 4951 γου,
924 4890 1015 4940 καὶ
1049 4890 1155 4941 τὸν
1191 4890 1369 4944 αὐτὸν
1404 4890 1578 4945 τόνον
1612 4890 1956 4957 φυλάττουςι
1991 4889 2115 4945 οἷον
2150 4893 2311 4957 δῶμα
2346 4893 2444 4944 δῶ.
