3664 5546
650 410 770 476 152
1579 407 1660 462 εκ
1698 407 1838 462 τΩΝ
1882 406 2288 461 ΗΡΩΔΙΑΝοΥ

644 584 683 660 ἢ
727 581 938 664 κύρια,
985 580 1184 645 ὁπότε
1226 586 1318 663 τῷ
1360 584 1393 643 ἶ
1438 581 1789 660 παραλήγει
1837 580 2313 664 ςυνεςταλμένῳ
2357 580 2943 661 προπαροξύνεται,
3000 578 3228 644 ἀνθέ-

647 704 896 767 ρικος,
946 682 1274 749 Κύζικος
1317 682 1503 747 πόλις
1546 685 1659 760 τῆς
1687 682 2175 765 Προποντίδος,
2219 681 2530 762 Ὤρικος
2573 683 2760 747 πόλις
2804 682 2875 747 ἐν
2906 688 2998 766 τῷ
3029 681 3230 764 Ἰονίῳ

647 786 886 870 κόλπῳ.
975 785 1300 850 Ἑκαταῖος
1356 784 1577 865 λιμένα
1627 789 1808 850 καλεῖ
1861 786 2163 865 Ἠπείρου
2216 787 2334 852 τὸν
2387 784 2648 866 Ὤρικον
2703 785 2774 851 ἐν
2827 790 2904 869 τῇ
2960 784 3234 865 Εὐρώπῃ

649 887 845 966 «μετὰ
889 889 961 952 δὲ
1009 888 1385 966 Βουθρωτός
1430 887 1646 969 πόλις,
1692 888 1851 966 μετὰ
1893 890 1966 953 δὲ
2009 886 2268 967 Ὠρικος
2315 889 2561 967 λιμήν».
2624 886 3116 965 Ἀπολλόδωρος
3161 886 3234 949 δὲ

588 1003 620 1053 5
653 989 843 1056 πόλιν
891 989 1091 1068 αὐτὴν
1138 987 1293 1054 οἶδε.
1353 989 1600 1065 λέγεται
1645 988 2020 1072 ἀρςενικῶς,
2067 991 2159 1056 ὡς
2201 989 2526 1071 Πολύβιος
2571 990 2823 1073 ἑβδόμῳ
2869 988 2972 1053 «οἱ
3017 988 3090 1053 δὲ
3118 988 3234 1052 τὸν

648 1090 913 1171 Ὤρικον
969 1097 1447 1176 κατοικοῦντες,
1503 1094 1569 1158 οἳ
1623 1093 1726 1157 καὶ
1780 1096 2026 1171 πρῶτοι
2084 1095 2321 1159 κεῖνται
2367 1095 2512 1172 περὶ
2563 1094 2679 1173 τὴν
2725 1092 3016 1171 εἰςβολὴν
3071 1091 3236 1168 πρὸς

648 1193 767 1259 τὸν
822 1190 1073 1272 Ἀδρίαν
1141 1192 1211 1258 ἐκ
1276 1197 1501 1260 δεξιῶν
1565 1192 1982 1261 εἰςπλέοντι».
2082 1195 2573 1278 Ἀςφόδικος,
2626 1194 2942 1273 Ὄρικος
2994 1192 3238 1272 κύριον,

655 1294 1008 1360 (ίνδικος
1053 1296 1239 1361 πόλις
1283 1298 1600 1376 προςεχὴς
1645 1302 1721 1381 τῇ
1765 1295 2023 1383 (κυθίᾳ,
2071 1298 2409 1377 Νήρικος
2453 1297 2640 1362 πόλις
2671 1295 3115 1377 Ἀκαρνανίας,
3159 1296 3238 1373 ἣν

652 1397 938 1477 Ὅμηρος
991 1394 1148 1479 (Od.
1195 1418 1249 1461 ω
1304 1396 1458 1480 377)
1512 1398 1709 1478 ἀκτήν
1776 1419 1930 1479 φηςι
1984 1399 2292 1479 ἠπείροιο.
2374 1399 2790 1480 Ὄμβρικος
2845 1398 3034 1463 ἔθνος
3091 1398 3239 1461 Ἰτα-

556 1512 621 1565 ιο
657 1499 850 1565 λικόν.
925 1501 999 1564 τὸ
1047 1500 1119 1563 δὲ
1162 1498 1506 1578 Θορικός
1551 1500 1613 1565 οἱ
1656 1501 1918 1567 πλείους
1963 1501 2311 1569 ὀξύνουςιν.
2379 1500 2505 1566 ἔςτι
2552 1503 2620 1567 δὲ
2667 1504 2866 1580 δῆμος
2909 1503 3022 1577 τῆς
3067 1499 3241 1564 Ἀκα-

657 1600 1227 1683 μαντίδοςφυλῆς.
1315 1601 1638 1668 Ἑκαταῖος
1683 1604 1755 1668 δὲ
1799 1603 1990 1670 πόλιν
2035 1604 2235 1683 αὐτήν
2281 1624 2490 1685 φηςιν.

826 1703 921 1768 Τὰ
965 1703 1055 1769 εἰς
1098 1707 1232 1770 ι’κ-(Γς
1286 1705 1541 1782 κτητικὰ
1596 1704 1915 1771 ἐπιθετικὰ
1970 1708 2072 1771 καὶ
2124 1706 2401 1784 θηλυκὸν
2455 1705 2692 1795 ἔχοντα
2736 1705 3059 1788 ὀξύνεται,
3113 1707 3245 1770 Γα-

661 1806 1009 1889 λατικός,
1056 1806 1454 1889 Ἰταλικός,
1508 1807 2096 1890 Πυθαγορικός,
2154 1807 2594 1890 Ὁμηρικός,
2651 1808 3059 1891 δουλικός,
3116 1812 3245 1888 βα-

661 1909 984 1992 ςιλικός,
1030 1909 1530 1991 δεςποτικός,
1573 1908 2000 1992 κλωπικός,
2031 1909 2395 1988 Τρωϊκός.
2438 1909 2780 1975 Ἀττικός
2813 1911 2971 1975 κατὰ
3000 1911 3248 1990 τροπὴν

568 2025 626 2076 15
663 2011 769 2076 διὰ
822 2013 940 2090 τὴν
996 2011 1342 2092 εὐφωνίαν.
1431 2011 1848 2094 Ταυρικός,
1910 2012 2409 2094 βαρβαρικός,
2469 2013 2922 2091 Γαδειρικός
2975 2012 3249 2078 Εὔπολις

661 2116 731 2180 ἐν
780 2114 1032 2196 Μαρικᾷ
1078 2112 1398 2192 «πότερον
1442 2113 1521 2192 ἦν
1566 2115 1642 2179 τὸ
1686 2113 1946 2193 τάριχος
1991 2114 2274 2193 Φρύγιον
2331 2114 2369 2193 ἢ
2418 2112 2837 2194 Γαδειρικόν».
2906 2114 3249 2192 Ἑλληνι-

662 2216 831 2298 κός,
875 2214 1342 2281 Ἑλλαδικός.
1393 2216 1737 2294 Καρικός.
1782 2215 2134 2294 Ἡρόδοτος
2179 2217 2249 2281 ἐν
2294 2216 2517 2301 πρώτῃ
2561 2216 2645 2299 (c.
2697 2216 2847 2297 171)
2905 2218 3022 2281 «τὸ
3070 2217 3250 2295 Καρι-

663 2320 780 2384 κὸν
826 2317 1014 2382 ἔθνος
1057 2317 1555 2396 δοκιμώτατον».
1613 2318 2072 2397 Λιβυςτικός
2117 2318 2523 2398 «Λιβυςτικὰς
2566 2319 2853 2385 πλάκας»
2887 2314 3250 2399 Λυκόφρων

663 2422 757 2504 (ν.
802 2419 986 2501 648),
1020 2419 1082 2487 ,ὅ
1126 2440 1295 2485 τινες
1350 2420 1453 2485 διὰ
1508 2422 1627 2484 τοῦ
1682 2423 1721 2496 Ῠ
1765 2419 2085 2500 γράφουςι
2130 2424 2350 2485 κακῶς.
2441 2421 2789 2498 Μηδικός
2847 2422 2925 2487 «ὁ
2972 2422 3256 2499 Μηδικὸς

563 2534 631 2585 20
667 2523 886 2588 ὀπός».
935 2520 1232 2602 (τράβων
1277 2522 1384 2604 (11
1432 2543 1494 2606 p.
1518 2520 1674 2605 525)
1722 2522 1946 2603 «φέρει
1992 2523 2063 2586 δὲ
2109 2521 2363 2602 ςίλφιον
2408 2522 2445 2600 ἡ
2492 2524 2692 2605 χώρα,
2738 2522 2864 2603 ἀφ’
2908 2522 2982 2602 ἧς
3027 2523 3065 2588 ὁ
3113 2523 3250 2600 Μη-

668 2626 842 2689 δικὸς
886 2623 1283 2703 καλούμενος
1328 2621 1522 2706 ὀπός,
1569 2624 1650 2688 οὐ
1695 2624 1866 2689 πολὺ
1914 2623 2293 2703 λειπόμενος
2338 2628 2453 2689 τοῦ
2503 2625 2954 2705 Κυρηναϊκοῦ».
2999 2626 3256 2690 Πελα-

669 2726 933 2804 ςγικός
981 2726 1419 2801 «Πελαςγικόν
1463 2726 1699 2806 Ἀργος
1743 2724 2005 2794 ἔναιον»
2051 2727 2129 2810 (Β
2155 2724 2342 2812 ι681).
2419 2726 2544 2794 ἔςτι
2590 2729 2659 2794 δὲ
2706 2729 2807 2793 καὶ
2852 2729 2921 2794 ἐν
2969 2727 3257 2806 Ἀθήναις
3293 2752 3318 2776 ⁸

669 2832 881 2908 τεῖχος
906 2828 1368 2908 «Πελαργικόν»
1399 2828 1540 2907 ἤτοι
1563 2829 1962 2905 Πελαςγικόν
2000 2829 2091 2894 ὡς
2125 2828 2162 2894 ὁ
2191 2832 2463 2909 κωμικὸς
2487 2834 2678 2909 δηλοῖ
2710 2830 2779 2897 ἐν
2814 2834 2951 2896 τοῖς
2973 2830 3257 2908 Ὄρνιςιν

672 2932 763 3015 (v.
796 2929 967 3012 832).
1027 2929 1419 2996 «‘chu<oc
1459 2930 1826 2996 ςκόπελος».
1878 2931 2360 3011 Χαλυβδικός
2417 2933 2572 3012 μετὰ
2626 2937 2744 2998 τοῦ
2789 2921 2841 2997 δ.
2900 2931 3259 3013 Λυκόφρων

568 3048 635 3098 25
674 3033 1091 3116 «Χαλυβδικῷ
1138 3034 1489 3099 κνώδοντι»
1537 3031 1764 3117 (1109)
1810 3034 1912 3097 καὶ
1963 3034 2000 3111 ἡ
2058 3034 2238 3113 χώρα
2283 3034 2616 3114 Χαλυβική.
2685 3034 3057 3100 (ινδ“ικός.
3113 3033 3260 3098 Τα-

673 3134 1063 3214 ναγρικός.
1135 3133 1486 3214 Ἡρόδοτος
1530 3136 1783 3220 πέμπτῃ
1831 3133 1917 3216 (e.
1963 3134 2076 3219 57)
2125 3135 2513 3214 «Ταναγρικὴ
2568 3139 2802 3215 μοῖρα»
2860 3137 2962 3200 καὶ
3006 3135 3260 3200 Μέναν-

674 3243 829 3316 δρος
896 3236 1294 3315 «Ταναγρικὴ
1358 3239 1581 3316 γυνή».
1671 3237 2175 3315 Χαιρωνικός.
2252 3236 2741 3316 Ἀπολλόδωρος
2806 3239 2875 3302 ἐν
2944 3241 3262 3317 χρονικῶν

674 3339 956 3422 δευτέρῳ
1013 3339 1213 3403 «κατὰ
1268 3340 1339 3403 δ“ε
1394 3338 1635 3422 μάχην,
1691 3339 1779 3404 ὥς
1825 3359 2010 3421 φαςι,
2064 3341 2182 3417 τὴν
2229 3339 2627 3417 Χαιρωνικήν
2645 3363 2686 3401 ».
2774 3338 3260 3404 Χαονιτικός.

676 3441 1035 3521 Λυκόφρων
1085 3443 1417 3521 «φθογγὴν
1464 3442 1728 3507 ἑδώλων
1775 3441 2169 3506 Χαονιτικῶν
2222 3439 2395 3504 ἄπο»
2443 3439 2539 3521 (v.
2573 3439 2782 3523 1320).
2831 3442 2931 3505 καὶ
2976 3440 3259 3504 Χαονι-

576 3564 643 3616 30
676 3544 826 3609 κός.
902 3542 1226 3608 Ἑκαταῖος
1271 3542 1543 3625 Εὐρώπῃ
1592 3543 1669 3606 «ὁ
1733 3547 1804 3607 δὲ
1870 3542 2113 3607 κόλπος
2161 3542 2452 3620 Κιρραῑος
2507 3543 2608 3606 καὶ
2661 3543 2736 3607 τὸ
2793 3542 3015 3606 πεδίον
3072 3542 3142 3606 ἐν
3188 3547 3263 3624 τῇ

681 3646 1017 3729 Χαονικῇ».
1107 3643 1517 3709 Ψυλλικός.
1584 3644 1907 3710 Ἑκαταῖος
1952 3644 2314 3734 περιηγήςει
2359 3643 2587 3724 Λιβύης
2635 3643 2713 3707 «ὁ
2759 3643 3075 3709 Ψυλλικὸς
3119 3642 3263 3707 κόλ-

684 3905 962 3965 quantem,
1001 3903 1096 3966 qui
1134 3901 1201 3952 de
1240 3901 1574 3967 possessivis
1610 3902 1741 3966 agit.
1812 3901 1880 3951 In
1924 3901 2074 3951 Mon.
2110 3900 2286 3951 allata
2332 3906 2460 3952 sunt
2496 3898 2785 3964 ἀνθέρικος
2825 3927 2886 3936 -
2929 3899 3266 3963 Ἀςφόδικος.

682 3967 901 4032 Ὤρικος
941 3969 1160 4035 explevi
1198 3985 1264 4020 ex
1301 3969 1568 4035 Theogn„
1602 3968 1753 4035 apud
1790 3985 1950 4034 quem
1985 3966 2229 4034 (ώρικος
2265 3970 2322 4019 in
2355 3968 2576 4033 Ὥρικος
2615 3968 2934 4019 mutandum
2971 3984 3091 4022 esse
3130 3968 3271 4019 vidit

681 4037 957 4099 Lobeck.‚
1013 4043 1069 4088 et
1116 4039 1195 4090 St.
1232 4039 1294 4087 B.
1332 4034 1556 4102 Ὄρικος
1603 4037 1795 4087 addidi
1841 4053 1907 4087 ex
1956 4037 2245 4102 'l'hoogn.‚·
2286 4039 2380 4089 ubi
2427 4034 2640 4101 Ἐρικος
2694 4052 2728 4086 a
2772 4038 2911 4088 Lob.
2958 4036 3124 4087 Proll.
3168 4039 3269 4087 325

685 4105 1060 4169 emendatum,
1115 4101 1363 4158 (ίνδικος
1403 4104 1639 4170 Νήρικος
1674 4105 1976 4169 Ὄμβρικος
2021 4112 2151 4157 sunt.
2193 4122 2261 4156 ex
2297 4106 2376 4156 St.
2413 4105 2500 4163 Β.,
2555 4101 2789 4169 Θορικός
2827 4121 2894 4156 ex
2930 4105 3175 4169 Theogn.
3212 4109 3268 4153 et

686 4175 766 4223 St.
803 4174 864 4223 Β.
904 4200 967 4208 —-
998 4173 1246 4238 Theogn.
1272 4177 1354 4236 60,
1380 4176 1411 4224 6
1447 4175 1611 4225 affert
1643 4172 1968 4238 ἀνθερικός,
2005 4171 2350 4238 ἀνθιήνικος,
2391 4173 2535 4239 quod
2569 4174 2815 4224 Lobeck.
2854 4179 2951 4224 aut
2988 4189 3054 4222 ex
3091 4173 3268 4238 priore

686 4242 948 4291 iteratum
1003 4247 1102 4291 aut.
1153 4242 1211 4292 in
1258 4241 1569 4308 Ἀρδέρικος
1616 4241 1704 4294 vel
1750 4241 2042 4306 Ἀνδρικος
2097 4242 2418 4292 mutandum
2460 4242 2801 4307 suspicatur,
2849 4239 3094 4305 (ώρικος
3146 4242 3182 4290 i.
3221 4257 3266 4290 e.

688 4308 935 4373 Ὥρικος,
973 4307 1187 4373 Ἐρικος
1224 4311 1257 4360 i.
1296 4328 1344 4362 e.
1385 4309 1610 4376 Ὄρικος
1657 4312 1748 4361 vel
1785 4309 2041 4375 Βέρικος,
2081 4308 2316 4372 Τέμικος
2362 4310 2543 4375 ὄνομα
2588 4309 2816 4362 πόλεως
2855 4308 3128 4374 Κρητικῆς
3165 4309 3268 4358 Lo·

687 4377 883 4428 beckio
927 4378 1196 4441 ignotum,
1246 4379 1313 4430 de
1357 4377 1664 4431 Λυκάνικος
1712 4376 1893 4441 ὄνομα
1942 4381 2199 4440 ποταμοῦ
2237 4380 2401 4438 ‚idem
2447 4379 2724 4444 desperat.
2798 4378 2971 4428 Omisi
3017 4374 3270 4439 Βέςβικος

687 4442 932 4511 νηςίδιον
970 4446 1098 4511 περὶ
1137 4445 1366 4499 Κύζικον
1403 4464 1490 4512 ap.
1532 4449 1610 4501 St.
1651 4449 1739 4508 Β.,
1778 4448 1908 4513 quia
1946 4447 2216 4511 quomodo
2253 4446 2727 4513 pronunciandum
2771 4449 2846 4497 sit
2890 4461 2998 4496 non
3036 4449 3269 4495 constat.

690 4514 924 4580 Propter
956 4520 1239 4565 accentum
1277 4516 1346 4566 ab
1390 4515 1491 4566 hoc
1527 4531 1737 4567 canone
1776 4517 2123 4567 aberrantem
2173 4516 2435 4582 praetorii
2474 4512 2732 4567 Καυλικοί
2776 4513 2938 4566 ἔθνος
2976 4511 3119 4564 κατὰ
3164 4510 3271 4562 τὸν

692 4581 883 4634 Ἰόνιον
921 4582 1165 4646 κόλπον,
1213 4580 1496 4635 Ἑκαταῖος
1532 4581 1807 4649 Εὐρώπῃ,
1855 4582 2122 4648 κέκληται
2156 4583 2217 4635 δ’
2253 4582 2368 4635 ἀπὸ
2407 4583 2600 4649 όρους,
2639 4581 2671 4634 δ
2710 4579 3093 4634 Ἀπολλώνιος
3132 4579 3273 4641 μετὰ

689 4653 792 4702 τοῦ
831 4653 866 4702 ἁ
905 4649 1217 4703 Καυλιακόν
1253 4664 1386 4715 φηςι
1427 4652 1578 4718 (Arg.
1614 4655 1662 4710 4,
1700 4651 1842 4715 324).
1917 4653 1996 4703 St.
2036 4653 2099 4702 B.
2136 4655 2263 4714 369,
2307 4654 2366 4701 12
2407 4649 2623 4704 Ὀπικοί
2660 4651 2822 4703 ἔθνος
2861 4647 3104 4701 Ἰταλίας.
3174 4646 3272 4700 Εὐ-

690 4718 867 4784 δοξοςι
893 4719 1044 4786 ἕκτῳ
1090 4722 1196 4783 γῆς
1246 4717 1524 4783 περιόδου.
1573 4748 1638 4756 -
1680 4717 1737 4770 οἱ
1779 4717 1841 4771 δὲ
1889 4718 1977 4771 ὅτι
2027 4718 2248 4785 Ὀφικοὶ
2293 4718 2407 4771 ἀπὸ
2453 4722 2575 4771 τῶν
2621 4717 2833 4784 ὄφεων.
2881 4725 2938 4769 et
2976 4716 3274 4780 Ὄμβρικος

692 4785 853 4838 ἔθνος
891 4788 973 4842 St.
1000 4791 1079 4851 Β.,
1119 4789 1274 4838 cuius
1310 4795 1569 4838 accentus
1603 4787 1749 4852 apud
1784 4788 1926 4838 alios
1960 4789 2208 4839 fluctuat.
2346 4788 2381 4838 l.
2415 4792 2475 4839 13
2515 4786 2811 4852 Ὁμηρικός
2851 4814 2910 4822 -
2948 4783 3276 4837 δεςποτικό(

694 4859 822 4904 sunt
868 4872 935 4905 ex
972 4855 1218 4921 Theogn.
1254 4858 1343 4916 59,
1382 4859 1431 4905 8.
1501 4854 1812 4919 κλωπικός,
1864 4855 2119 4920 Τρωϊκός
2173 4874 2241 4907 ex
2278 4857 2420 4909 Mon.
2458 4860 2549 4918 20,
2586 4859 2680 4917 22,
2731 4855 2944 4920 reliqua
2991 4870 3058 4904 ex
3096 4855 3177 4904 St„
3214 4854 3276 4903 B.

692 4922 773 4974 ita
808 4923 978 4989 elegi,
1016 4928 1078 4974 ut
1114 4939 1180 4974 ea
1217 4929 1429 4974 tantum
1465 4940 1957 4988 commemorarem,
1993 4926 2192 4991 quibus
2229 4924 2545 4978 testimonia
2571 4924 2895 4992 scriptorum
2931 4921 3122 4973 addita
3148 4925 3277 4973 sunt
