3664 5546
1497 390 1917 451 PRAEF'ATIO.
2778 388 2994 448 LXXXI

422 575 462 622 a
488 551 760 623 Lehrsio
805 558 888 622 ob
919 567 1129 622 certas
1174 556 1488 644 quasdam
1521 558 1804 621 rationes
1849 558 2199 642 praeterita
2243 577 2385 619 esse
2427 557 2522 620 ita
2562 566 2636 619 ut
2664 555 2819 620 mihi
2854 578 2993 641 per-

422 681 684 752 suasum
731 660 818 723 sit
860 660 986 723 nisi
1031 660 1233 724 Iliaca
1275 659 1588 723 Prosodia
1631 661 1723 724 sic
1768 669 2066 724 servetur
2118 667 2193 721 ut
2236 681 2275 720 a
2316 657 2589 722 Lehrsio
2642 658 2820 723 edita
2874 669 2993 738 est,

421 784 726 846 magnum
793 762 1101 826 damnum
1167 771 1649 826 contracturum
1717 783 1861 825 esse
1916 759 2363 825 Herodianum
2428 782 2843 844 germanum,
2912 760 2994 824 ad

424 1053 578 1120 δύνᾳ.
617 1055 683 1104 V.
733 1052 812 1105 ὡς
849 1059 972 1119 post
1006 1068 1175 1119 φηςιν
1212 1054 1404 1106 adieci.
1429 1080 1496 1089 —
1532 1056 1631 1104 229
1669 1051 1724 1104 ἐξ
1765 1051 2001 1105 Ἀθόως
2040 1052 2409 1116 παροξύνεται
2448 1053 2574 1113 (scr.
2612 1069 2708 1117 pro
2746 1066 2996 1116 προπαρ-

424 1121 724 1185 οξὺνεται)·
764 1122 1112 1184 πλεοναςμὸς
1137 1119 1244 1185 γάρ
1268 1120 1381 1172 ἐςτι
1416 1123 1519 1172 τοῦ
1557 1125 1603 1170 ὃ.
1643 1123 1806 1174 BLV.
1845 1122 1914 1171 cf.
1943 1115 1976 1172 Γ
2003 1124 2116 1170 122.
2156 1147 2213 1156 —-
2256 1123 2355 1170 264
2389 1118 2451 1170 τί
2490 1120 2524 1182 ἢ
2563 1119 2649 1184 δέ,
2688 1118 2994 1184 βαρυντέον

424 1189 530 1241 τὸν
565 1189 630 1253 ἧ,
669 1188 1024 1253 παρέλκοντα
1058 1189 1184 1241 ἀντὶ
1217 1192 1322 1239 τοῦ
1360 1188 1445 1253 δή.
1481 1192 1544 1239 V.
1580 1217 1646 1223 —-
1681 1191 1781 1240 284
1825 1188 2012 1240 οὕτως
2049 1187 2312 1240 Λεκτόν
2349 1186 2634 1240 ὀξυτόνως
2673 1186 2750 1238 ώς
2786 1186 2993 1251 φυτόν·

425 1257 609 1308 οὕτως
644 1251 749 1320 γὰρ
787 1257 819 1308 6
864 1257 1041 1309 τόπος
1088 1259 1347 1309 καλεῖται.
1385 1285 1444 1293 -
1485 1260 1583 1307 307
1629 1256 1688 1307 ἐν
1732 1255 2207 1322 πρυμνωρείῃ;
2259 1256 2320 1306 ἕν
2364 1255 2473 1307 ἐςτι
2518 1256 2587 1306 τό
2632 1249 2993 1320 πρυμνωρείῃ

427 1323 506 1376 ὠς
542 1323 838 1390 ἀκρωρείῃ.
884 1326 944 1376 A.
1020 1324 1098 1376 ώς
1147 1322 1424 1390 ἀκρωρείῃ
1473 1342 1539 1374 ex
1579 1327 1720 1375 BLV
1757 1341 1854 1390 pro
1899 1326 1971 1375 iis
2018 1341 2158 1389 quae
2205 1326 2258 1374 in
2296 1327 2342 1374 A
2381 1330 2603 1374 exstant
2651 1322 2889 1387 ώςπερεί
2936 1321 2998 1372 ἐν

426 1390 745 1457 ἀκροπόλει.
781 1421 846 1429 -
881 1396 983 1445 433
1018 1392 1355 1457 ἐϋρρεῖοςε
1396 1391 1620 1456 εὐρέεος
1658 1392 1871 1457 εὐρεῖος
1908 1391 1986 1444 ὡς
2025 1391 2221 1444 ἱππέες
2258 1390 2462 1443 ἱππεῖς.
2500 1394 2564 1445 V.
2637 1389 2858 1456 εὐρέεος
2897 1407 2997 1441 scr.

430 1478 527 1526 pro
564 1459 756 1525 εὐρέος
802 1462 872 1511 ef.
909 1461 958 1513 Φ
1000 1465 1044 1516 1.
1093 1490 1144 1497 -
1203 1459 1248 1512 Ο
1291 1464 1384 1510 144
1430 1463 1598 1512 θεοῖςι
1643 1461 1790 1521 μετ’
1835 1460 2097 1523 ᾰγγελοςε
2147 1462 2315 1511 θεοῑςι
2362 1459 2500 1523 μέτα
2546 1459 2607 1510 ἐν
2654 1462 2847 1511 θεοῑςι·
2894 1458 2997 1509 οὐκ

427 1528 663 1593 (addidi)
701 1528 1107 1593 ἀναςτρέφεται
1143 1528 1203 1580 δὲ
1240 1529 1327 1580 διὰ
1362 1528 1469 1591 τὴν
1506 1528 1869 1593 ςυναλοιφήν.
1908 1531 1968 1579 V.
2007 1555 2071 1564 —
2123 1533 2217 1579 155
2262 1527 2392 1578 οὐδέ
2442 1531 2659 1591 ςφωῖν
2706 1525 2843 1578 ἰδὼν
2880 1526 2999 1589 ἐχο-

427 1595 612 1661 λώθηῑ
653 1595 1001 1659 ἐγκλιτικῶς·
1039 1596 1151 1648 ἐςτι
1186 1597 1291 1660 γὰρ
1327 1595 1458 1647 οὐδὲ
1493 1595 1747 1661 ἐχολώθη
1784 1595 1978 1647 αὐτοῖς
2016 1594 2152 1647 ἰδὼν
2179 1595 2404 1646 αὐτούς.
2440 1597 2602 1646 BLV.
2638 1623 2702 1631 —
2744 1599 2835 1646 181
2875 1592 2998 1645 ἐπεί

428 1678 565 1716 ςεο;
605 1678 695 1715 ςεο
731 1663 1050 1717 ἀπολύτως.
1088 1668 1151 1716 V.
1190 1693 1250 1701 -—
1288 1662 1346 1715 Π
1382 1666 1414 1714 8
1449 1663 1731 1727 ἀνώγει;
1781 1664 2182 1729 παροξυτόνως
2216 1662 2612 1725 ἀναγνωςτέον
2648 1663 2912 1729 (addidi),
2952 1660 2999 1712 εί

429 1732 521 1783 καί
558 1730 634 1782 ώς
672 1731 1099 1796 περιςπώμενον
1134 1731 1278 1784 αὐτὸ
1314 1730 1518 1783 ἔκλινε·
1568 1733 1701 1783 «καὶ
1736 1732 1868 1783 τόδ’
1901 1731 2159 1795 ἀνώγεον
2205 1730 2384 1782 εἰπεῖν
2430 1731 2607 1782 ἔπος»
2646 1732 2733 1791 (ll.
2777 1731 2818 1783 Η
2858 1733 2998 1782 394).

428 1799 498 1851 τὸ
534 1799 595 1851 δὲ
630 1800 883 1865 «ἠνώγει
918 1798 1171 1865 Πρίαμός
1206 1813 1314 1851 τε»
1350 1799 1507 1864 (ibid.
1542 1804 1662 1854 386)
1700 1799 1910 1865 ἄδηλον
1949 1800 2022 1864 μὴ
2060 1797 2529 1863 ὑπερςυντελίκου
2565 1797 2731 1861 ἐςτίν,
2769 1797 2848 1849 ὡς
2889 1796 2999 1861 ἠεί-

430 1868 546 1919 δειν
580 1866 776 1932 ἠείδει·
824 1867 1117 1934 «ἠνώγεω
1164 1868 1253 1919 τοί
1297 1867 1358 1919 δὲ
1406 1867 1545 1931 μέγα
1593 1867 1784 1934 νήπιοι
1828 1867 1933 1919 οὐκ
1981 1865 2294 1919 ἐπίθοντο»
2335 1868 2454 1932 (Od.
2494 1882 2510 1917 ι
2545 1870 2632 1928 44)
2671 1865 2896 1932 ἠνώγει.
2934 1867 2997 1914 V.

432 1953 531 2002 pro
568 1935 724 2000 ἤῑδεν
761 1953 863 1988 ser.
902 1934 1073 2001 ἠείδει
1111 1943 1166 1987 et
1203 1953 1298 2002 pro
1321 1934 1548 1997 ἀνώγεα
1584 1963 1650 1971 -
1686 1935 1913 2000 ἠνώγεα
1953 1943 2010 1985 et
2045 1953 2140 2001 pro
2176 1934 2419 1997 ἀνώγειν
2455 1933 2664 2000 ἠνώγει
2701 1935 2819 1996 hoc,
2857 1933 2999 1998 quod

433 2010 562 2054 ante
599 2003 826 2066 ἀνώγεα
861 2005 1094 2086 positum
1133 2012 1244 2064 est,
1281 2006 1338 2053 in
1373 2003 1532 2054 finem
1570 2005 1876 2054 retrahenS.
1914 2032 1979 2039 -—
2016 2008 2082 2055 80
2125 2005 2276 2054 νεῶν
2320 2002 2452 2058 ἀπὸ
2497 2002 2693 2064 λοιγὸν
2739 2002 2995 2066 ἀμύνων;

431 2071 503 2123 τὸ
540 2070 662 2136 ἑξῆς
699 2071 1036 2135 ἀπαμυνων·
1083 2070 1136 2123 oi
1182 2071 1242 2123 δὲ
1286 2070 1688 2136 ἀναςτρέφουςι
1722 2072 1831 2134 τὴν
1877 2070 2006 2122 ἀπό.
2042 2073 2104 2121 V.
2150 2100 2215 2107 —-
2263 2074 2356 2122 161
2406 2074 2741 2136 αραιῇςινε
2790 2068 3000 2121 δαςέως

434 2138 552 2205 (pro
588 2137 805 2191 δαςείας
842 2139 967 2204 scr.)
1004 2139 1310 2202 ἀςθενέςιν,
1348 2138 1400 2190 οί
1435 2139 1497 2190 δὲ
1532 2140 1713 2203 ψιλῶς
1751 2140 2091 2203 βλαπτικαῑς.
2132 2141 2293 2193 BLV.
2329 2166 2395 2175 —
2429 2137 2467 2191 Ε
2502 2143 2602 2189 425
2649 2137 3000 2202 Ἀρίςταρχος

431 2207 502 2258 τὸ
538 2206 738 2272 ἀραιήν
775 2206 869 2258 ἐπὶ
906 2207 1008 2270 μὲν
1041 2210 1145 2258 τοῦ
1182 2206 1394 2273 άςθενῆ
1420 2206 1667 2272 δαςύνει,
1706 2205 1798 2258 ἐπὶ
1834 2207 1894 2259 δέ
1930 2209 2033 2258 τοῦ
2071 2206 2339 2272 ἐπιβλαβῆ
2376 2208 2529 2270 ψιλοῑ
2567 2208 2662 2257 sed
2701 2208 2774 2260 cf.
2813 2207 2875 2256 Il.
2914 2208 3001 2254 Pr.

434 2273 472 2327 C
508 2278 624 2326 411.
662 2303 726 2312 -
761 2279 863 2326 430
900 2274 1391 2339 κεκλήγοντεςε
1431 2274 1509 2326 ώς
1547 2274 1809 2337 λέγοντες
1846 2274 1961 2327 ἀπὸ
1999 2274 2218 2327 εὐθείας
2256 2275 2440 2339 ἑνικῆς
2483 2276 2586 2340 τῆς
2623 2272 2701 2326 εἰς
2737 2290 2769 2324 ν
2807 2272 3001 2337 κεκλή-

432 2357 570 2404 γων.
639 2342 765 2394 ἔθος
801 2342 861 2394 δέ
898 2346 981 2408 τῷ
1019 2346 1224 2408 ποιητῇ
1263 2342 1417 2393 οὕτω
1454 2342 1820 2406 ςχηματίζειν.
1855 2344 1916 2393 Α.
1955 2371 2019 2380 -
2055 2348 2155 2394 600
2190 2356 2366 2393 νεῶν
2400 2342 2461 2393 ἐν
2505 2342 2681 2405 ἀγῶνι
2727 2342 3000 2393 πεςόντα;

432 2409 662 2474 ἄμεινον
698 2410 1096 2475 παροξυτόνως
1132 2410 1532 2473 ἀναγινώςκειν
1568 2409 1736 2461 νέων·
1783 2410 1850 2461 οὐ
1886 2410 1993 2475 γὰρ
2037 2411 2189 2476 παρὰ
2231 2414 2353 2462 ταῖς
2397 2409 2589 2462 ναυςίν
2633 2410 2778 2462 ἐςτιν
2823 2409 2854 2460 ὁ
2891 2407 3002 2461 κίν-

433 2478 598 2530 δυνος
634 2482 739 2530 νῦν
775 2481 871 2544 (sc.
911 2485 970 2529 ut
1007 2478 1052 2531 Ο
1088 2482 1207 2542 428,
1243 2480 1338 2528 ubi
1375 2480 1516 2528 idem
1552 2479 1784 2542 versus).
1831 2478 1945 2530 ἔςτι
1981 2478 2041 2529 δὲ
2080 2479 2275 2541 ὅμοιον
2308 2481 2393 2543 τῷ
2431 2477 2623 2529 ((νέων
2660 2479 2718 2529 δ’
2753 2476 2999 2528 ἀλάπαζε

433 2545 769 2611 φάλαγγας»
807 2546 894 2610 (Il.
928 2547 971 2598 Λ
1007 2548 1149 2608 503).
1188 2575 1248 2583 —
1288 2550 1386 2597 523
1422 2545 1720 2598 ἄκεςςαιε
1760 2545 2113 2610 Ἀρίςταρχος
2148 2545 2559 2610 ἀπαρέμφατόν
2583 2560 2751 2610 φηςιν
2775 2544 3002 2608 ἀγνοῶν

433 2613 522 2666 ὅτι
557 2614 626 2666 τό
678 2613 800 2665 ἀκῶ
838 2612 1211 2680 ἐνεργητικῶς
1247 2612 1521 2665 οὐδέποτε
1570 2614 1787 2665 ἔκλινεν
1836 2615 1867 2664 6
1914 2614 2180 2680 ποιητής,
2228 2612 2355 2664 ἀλλ’
2388 2613 2423 2677 ἢ
2468 2616 2794 2678 παθητικῶς
2838 2613 2874 2676 ἢ
2912 2611 3003 2675 μέ-

433 2697 569 2734 ςως·
607 2682 752 2734 ἐςτιν
777 2681 881 2734 οὖν
907 2681 1330 2747 προςτακτικόν.
1366 2685 1432 2733 V.
1457 2709 1523 2718 —
1548 2684 1642 2736 651
1669 2680 1733 2745 ῆι
1771 2685 1981 2732 τοῦτον
2005 2681 2110 2733 τὸν
2135 2681 2170 2745 ῆ
2198 2681 2615 2746 περιεπαςτέον.
2642 2685 2703 2732 V.
2751 2697 3003 2747 praeees-

435 2756 587 2802 serat
625 2752 767 2801 enim
806 2749 1156 2815 μερμηρίζων
1192 2750 1244 2814 ἦ.
1283 2778 1349 2786 -
1399 2749 1436 2802 Ρ
1472 2753 1571 2801 240
1606 2748 1803 2802 νέκυος
1850 2749 2003 2816 πέρι
2048 2747 2245 2802 δείδιας
2294 2749 2435 2801 κατὰ
2474 2748 2829 2815 Ἀρίςταρχον
2874 2747 3002 2800 ἀνα-

435 2818 743 2884 ςτρεπτέον
777 2818 886 2882 τὴν
919 2817 1197 2883 πρόθεςιν.
1266 2818 1336 2870 τὸ
1372 2817 1478 2883 γὰρ
1514 2817 1639 2883 ἑξῆς
1676 2817 1788 2870 έςτι
1823 2819 1953 2883 περὶ
1996 2817 2207 2871 νέκυος.
2278 2819 2310 2870 6
2354 2817 2414 2869 δὲ
2451 2817 2859 2883 Ἀςκαλωνίτης
2896 2816 3006 2880 ὑφ’

436 2885 498 2938 ἓν
545 2885 858 2951 περιδείδια.
894 2889 960 2938 V.
1019 2889 1077 2937 in
1122 2888 1224 2938 fine
1272 2885 1573 2951 περιδείδια
1617 2888 1868 2952 apposui.
1917 2914 1977 2921 --
2022 2890 2121 2937 242
2175 2884 2280 2952 ἐμῇ
2327 2887 2548 2951 κεφαλῇ
2596 2887 2751 2950 περὶ
2806 2884 3003 2936 δείδια;

435 2952 635 3006 ἐνθάδε
682 2953 786 3005 οὐκ
838 2953 1253 3019 ἀναςτρεπτέον
1296 2955 1404 3019 τὴν
1449 2954 1737 3019 πρόθεςιν,
1794 2952 1918 3005 ἐπεὶ
1963 2954 2113 3006 δοκεῖ
2159 2953 2284 3006 ἀντὶ
2329 2957 2431 3018 τῆς
2476 2952 2617 3020 ὑπέρ
2662 2956 2868 3006 κεῖςθαι
2914 2953 3003 3003 καί

436 3021 772 3087 ἑνηλλάχθαι
810 3024 1034 3074 πτῶςις.
1104 3022 1229 3074 ἀντὶ
1264 3022 1369 3087 γὰρ
1404 3024 1507 3073 τοῦ
1554 3021 1697 3087 ὑπὲρ
1743 3021 1880 3087 ἐμῆς
1917 3025 2180 3088 κεφαλῆς.
2225 3024 2287 3074 Α.
2326 3050 2388 3058 -
2426 3025 2525 3072 368
2571 3021 2691 3086 ἠέρι
2725 3021 2831 3086 γὰρ
2876 3032 3004 3071 κατ-

437 3089 637 3154 έχοντο
682 3088 858 3155 μάχης
895 3089 989 3142 ἐπί
1024 3091 1087 3142 θ’
1122 3090 1284 3142 ὅςςον
1320 3089 1529 3154 ἀριςτοι
1571 3118 1638 3126 -
1682 3089 1941 3142 ἕςταςαν;
1990 3090 2061 3142 τὸ
2109 3089 2233 3156 ἑξῆς
2270 3089 2374 3152 ἐφ’
2415 3089 2547 3141 δςον
2592 3090 2682 3141 καὶ
2726 3088 2830 3141 οὐκ
2876 3088 3006 3139 ἀνα-

436 3156 759 3222 ςτρεπτὲον.
827 3157 860 3209 6
895 3158 956 3210 δὲ
991 3157 1055 3210 τὲ
1090 3157 1399 3211 πλεονάζει.
1471 3158 1582 3209 ἔςτι
1618 3157 1725 3222 γὰρ
1760 3157 1792 3208 6
1839 3156 2007 3221 λόγος
2044 3158 2135 3209 καί
2171 3158 2203 3209 6
2240 3160 2373 3209 νοῦς
2410 3158 2619 3209 οὕτως·
2660 3157 2752 3222 ἐφ’
2787 3157 2917 3209 ὅςον
2954 3156 3004 3207 οἱ

435 3225 646 3291 ἄριςτοι
684 3225 935 3290 ἕσαςαν,
971 3225 1064 3278 ἐπὶ
1098 3228 1335 3277 τοςοῠτο
1371 3224 1488 3291 ἀέρι
1524 3223 1869 3289 κατείχοντο.
1906 3229 1971 3277 V.
2039 3228 2264 3277 Lemma
2299 3228 2415 3291 ipse
2454 3243 2520 3277 ex
2558 3231 2691 3277 nota
2726 3226 3005 3287 constitui,

436 3296 494 3344 in
530 3296 574 3345 B
612 3301 698 3346 est
733 3295 954 3345 lemma:
1001 3293 1178 3357 μάχης
1223 3293 1315 3345 ἔπι
1360 3294 1421 3346 θ’
1457 3294 1604 3346 ὅςςοι
1646 3292 1870 3358 ἄριςτοι.
1957 3294 2245 3345 Bekkerus
2288 3295 2459 3344 habet
2504 3292 2680 3358 μάχης
2725 3293 2816 3344 έπι
2861 3293 3007 3344 ὅςςοι

436 3362 670 3426 ἀριςτοι,
709 3363 1092 3413 Lachmannus
1129 3360 1305 3426 μάχης
1340 3361 1502 3413 ὅςςον
1536 3361 1600 3411 τ’
1634 3361 1733 3413 ἐπ’
1767 3360 1991 3426 ἄριςτοι.
2027 3390 2093 3398 —-
2137 3365 2236 3414 392
2279 3359 2432 3423 τοίγε
2477 3359 2797 3412 διαςτάντες
2834 3359 3007 3411 ,τανύ-

439 3444 592 3481 ουςιν
624 3458 693 3467 --
728 3428 1030 3481 κυκλόςέ
1083 3428 1431 3494 Ἀρίςταρχος
1477 3429 1678 3481 κύκλος
1726 3428 1802 3480 ὡς
1840 3429 2101 3496 «πληθὺς
2147 3428 2505 3482 ἀπονέοντο»
2542 3429 2627 3491 (11.
2667 3429 2711 3480 Ο
2750 3430 2870 3491 305)
2918 3428 3007 3478 καὶ

437 3496 531 3549 ἐπὶ
566 3497 861 3551 Μενελάου
898 3495 1106 3560 ὁμοίως
1142 3498 1204 3548 έν
1238 3501 1309 3563 τῇ
1348 3498 1399 3548 Δ
1435 3496 1609 3562 (212)·
1648 3495 1700 3548 οἱ
1736 3496 1796 3547 δέ
1832 3497 1993 3549 ἄλλοι
2030 3497 2305 3563 ἐπίρρημα
2342 3497 2432 3548 καὶ
2470 3496 2885 3562 παροξύνουςιν.
2934 3497 3005 3546 cf.

437 3566 489 3619 Δ
525 3568 641 3618 212.
678 3593 741 3603 -
779 3570 872 3616 551
914 3564 942 3617 ἓ
976 3564 1218 3630 αὐτήνε
1266 3564 1540 3616 οὐδέποτε
1586 3564 1618 3615 6
1656 3565 1894 3629 ποιητὴς
1939 3565 2060 3617 οἶδε
2109 3564 2385 3617 ςυνθέτως
2431 3564 2799 3628 ἀντωνυμίας.
2837 3567 2904 3616 V.
2941 3591 3004 3600 —

440 3632 479 3686 C
515 3637 583 3684 40
617 3632 736 3698 Θόη
773 3634 836 3686 θ’
871 3631 1163 3697 Ἀλίητεε
1201 3631 1315 3683 ἀπὸ
1351 3634 1454 3684 τοῦ
1492 3637 1527 3682 ᾱ
1560 3632 1668 3696 τὴν
1704 3631 1881 3697 ἀρχὴν
1917 3637 2019 3685 τοῦ
2058 3633 2335 3696 ὀνόματος
2371 3633 2453 3684 δεῖ
2490 3636 2786 3697 ποιεῖςθαι,
2827 3631 3006 3698 Ἁλίη·

440 3700 647 3752 οἰκεῖον
683 3701 790 3767 γὰρ
829 3700 1059 3766 Νηρηΐδι
1094 3700 1245 3765 παρὰ
1280 3701 1388 3764 τὴν
1424 3699 1531 3750 ἅλα
1566 3702 1867 3765 παρῆχθαι.
1892 3702 1965 3753 Α.
2000 3728 2066 3738 —
2100 3704 2169 3752 44
2203 3700 2586 3766 Δεξαμένηε
2632 3701 2780 3752 τινὲς
2816 3700 3007 3752 ὀξυτό-

439 3783 555 3820 νως
591 3768 679 3820 διὰ
712 3768 782 3821 τὸ
817 3767 1151 3831 Δεξαμενός.
1220 3766 1600 3819 ἀντιτάςςεται
1645 3768 1704 3819 δὲ
1750 3767 1942 3820 αὐτοῖς
1986 3769 2056 3820 τὸ
2092 3768 2317 3821 Δαναός
2354 3767 2551 3834 Δανάη
2593 3767 2706 3833 [καὶ
2752 3768 3007 3819 κολωνός

440 3835 668 3902 κολώνη
706 3835 946 3902 seclusi}
984 3839 1045 3887 B.
1084 3865 1149 3872 —
1184 3838 1279 3886 481
1321 3834 1382 3887 ἕν
1418 3834 1530 3886 ἐςτι
1564 3834 1633 3886 τὸ
1670 3834 1896 3887 αὐτοῦ.
1936 3837 2000 3892 A.
2048 3838 2103 3887 la
2128 3837 2315 3888 Roehe
2345 3838 2506 3900 Text,
2540 3837 2779 3886 Zeichen
2804 3843 2906 3890 etc.
2947 3863 3010 3871 —-

443 3905 488 3957 Τ
514 3909 546 3956 3
582 3907 713 3956 θεοῦ
751 3903 928 3969 πάρα
963 3904 1118 3968 δῶρα
1153 3902 1426 3968 (peponem
1462 3902 1533 3954 τὰ
1568 3903 1719 3969 παρὰ
1756 3906 1889 3954 θεοῦ
1928 3903 2273 3968 δωρηθέντα.
2324 3904 2410 3955 διὸ
2447 3902 2889 3967 ἀναςτρεπτέον,
2930 3901 3008 3953 ώς

441 3972 533 4024 καί
567 3972 637 4024 τὸ
673 3970 1037 4035 «Ἡφαίςτοιο
1073 3970 1223 4036 πάρα
1259 3970 1435 4022 κλυτὰ
1470 3970 1671 4034 τεύχεα
1706 3970 1876 4023 δέξο»
1911 3971 2041 4036 (10).
2070 3999 2131 4008 -
2158 3972 2206 4024 Υ
2230 3975 2261 4022 2
2297 3970 2439 4034 ἀμφὶ
2465 3970 2555 4023 ςέε
2593 3970 3007 4035 ὀρθοτονητέον

439 4041 549 4104 τὴν
573 4039 930 4102 ἀντωνυμίαν
951 4039 1040 4092 διὰ
1063 4040 1171 4104 τὴν
1196 4037 1471 4104 πρόθεςιν.
1506 4041 1565 4091 Β.
1590 4067 1656 4076 -
1681 4039 1730 4091 Φ
1759 4044 1820 4089 14
1844 4041 2027 4103 ψιλῶς
2049 4039 2119 4091 τὸ
2145 4039 2177 4090 ὀ
2191 4053 2464 4104 ρμενον·
2491 4040 2644 4103 παρὰ
2667 4038 2772 4103 γὰρ
2796 4038 2864 4088 τὸ
2891 4038 3008 4101 ὀρω

441 4108 688 4159 κέκλιται
724 4108 1065 4173 φιλουμένου
1090 4107 1179 4158 καί
1214 4105 1607 4172 βαρυνομένου.
1667 4107 1757 4157 καὶ
1781 4108 1909 4171 ἦτοι
1934 4106 1995 4158 ἐκ
2028 4110 2132 4158 τοῦ
2167 4106 2424 4171 ώρμένον
2460 4106 2572 4159 ἐςτί
2597 4105 3009 4172 παρῳχημένον

443 4174 809 4241 ςημαίνοντος
835 4176 924 4227 καὶ
949 4175 1123 4227 ἔπαθε
1150 4174 1422 4238 ςυςτολὴν
1447 4175 1536 4225 καὶ
1570 4174 1893 4240 ἀναδρομὴν
1924 4178 2027 4226 τοῦ
2054 4174 2227 4227 τόνου
2262 4174 2296 4238 ἢ
2326 4173 2385 4225 ἐκ
2419 4178 2522 4226 τοῦ
2558 4173 2833 4239 ὀρόμενον
2859 4188 3007 4225 ςυνε-

443 4245 611 4310 κόπη.
635 4246 697 4294 Α.
723 4272 788 4280 —
817 4248 911 4294 112
946 4244 1128 4309 Ἄρη·
1166 4243 1313 4294 τινές
1337 4243 1397 4293 δὲ
1421 4241 1527 4307 ἀρῇ
1554 4241 1744 4308 βλάβῃ.
1769 4247 1832 4293 A.
1861 4271 1923 4279 —
1948 4246 2049 4293 252
2072 4240 2265 4294 αἰετοῦ
2292 4241 2521 4305 οἴματ’
2546 4242 2695 4306 ἔχων
2720 4241 3009 4305 μέλανος

443 4314 565 4363 τοῦ
591 4313 932 4377 θηρητῆρος;
957 4311 1027 4362 τὸ
1054 4311 1156 4374 μέν
1180 4309 1383 4373 οἵματα
1407 4310 1727 4373 δαςυντὲον,
1748 4310 1816 4360 τὸ
1842 4310 1902 4361 δὲ
1927 4313 2029 4361 τοῦ
2057 4309 2264 4375 ἄρθρον
2290 4309 2604 4370 ἐκδεκτέον,
2630 4309 2735 4373 οὐχ
2760 4309 2836 4361 ὥς
2860 4324 3009 4359 τινες

444 4379 555 4443 ὑφ’
590 4379 652 4431 ἓν
687 4378 1117 4441 ἀναγινώςκουςι
1155 4378 1516 4441 μελανόςτου.
1553 4380 1617 4431 A.
1653 4380 1722 4429 cf.
1762 4395 1827 4428 ex
1866 4380 1935 4430 B:
1977 4377 2360 4443 Ἀριςτοτέλης
2398 4377 2742 4440 μελανόςτου
2777 4380 2880 4428 τοῦ
2921 4376 3011 4439 μέ-

445 4449 588 4498 λανα
622 4447 759 4499 ὀςτᾶ
794 4446 1046 4510 ἔχοντος·
1092 4446 1281 4510 ἀγνοεῖ
1315 4446 1376 4498 δὲ
1412 4445 1491 4497 ὡς
1526 4446 1592 4496 οὐ
1632 4445 1713 4497 δεῖ
1749 4444 1864 4497 ἀπὸ
1899 4448 2021 4496 τῶν
2057 4446 2297 4510 ἀφανῶν
2334 4449 2602 4497 ποιεῖςθαι
2645 4444 2717 4496 τὰ
2760 4444 3009 4496 ἐπίθετα.

449 4513 799 4580 Ἀρίςταρχος
835 4514 1157 4578 ἐγκλιτικῶς
1194 4512 1431 4576 μέλανός
1465 4527 1591 4564 του·
1647 4513 1837 4575 ἀγνοεῖ
1881 4513 1941 4564 δὲ
1984 4513 2069 4566 ὅτι
2106 4514 2139 4566 6
2176 4514 2413 4579 ποιητὴς
2457 4517 2542 4581 τῷ
2579 4513 2870 4577 ἐγκλιτικῶ
2907 4517 3009 4562 του

447 4582 514 4634 οὐ
550 4585 761 4648 χρῆται.
829 4582 1060 4646 ἄμεινον
1093 4581 1198 4633 οὖν
1234 4581 1441 4647 ἄρθρον
1474 4579 1617 4631 αὐτὸ
1654 4580 1984 4644 ἐκδέχεςθαι.
2056 4581 2129 4633 οὐ.
2160 4581 2266 4646 γὰρ
2302 4581 2385 4633 ἀεί
2423 4581 2600 4633 λείπει
2634 4584 2753 4631 τοῖς
2789 4580 3009 4645 ἄρθροις

448 4650 481 4701 6
507 4649 759 4715 ποιητής.
797 4677 865 4688 -
899 4655 1015 4702 260.
1047 4653 1144 4701 261
1181 4653 1283 4701 τοῦ
1324 4649 1425 4713 μέν
1447 4663 1511 4699 τε
1537 4648 1883 4713 προρέοντος
1922 4649 2053 4701 ὑπὸ
2079 4651 2319 4715 ψηφῖδες
2357 4649 2561 4700 ἅπαςαι
2586 4676 2649 4685 --
2684 4647 3008 4711 ὀχλεῦνταιε

448 4718 484 4780 ἡ
521 4716 634 4769 ὑπό
670 4717 812 4783 πρὸς
847 4718 916 4770 τὸ
953 4717 1274 4782 ὀχλεῦνται,
1309 4716 1386 4769 ἵν’
1421 4718 1454 4781 ᾖ
1481 4717 1896 4768 ὑποκινοῠνται.
1938 4718 2001 4770 Β.
2026 4746 2093 4755 -
2116 4721 2213 4769 282
2251 4717 2539 4781 ψιλωτέον
2574 4715 2644 4766 τὸ
2681 4714 3007 4780 ἐρχθέντ’.

447 4789 512 4837 Α.
549 4786 604 4836 la
627 4787 811 4837 Roehe
835 4788 994 4850 Text,
1021 4787 1272 4837 Zeichen.
1307 4785 1420 4837 ἔςτι
1455 4784 1560 4848 γὰρ
1587 4783 1737 4849 παρὰ
1770 4783 1841 4835 τὸ
1878 4783 2063 4850 εἴργω.
2106 4786 2341 4838 Ἀττικοὶ
2379 4784 2439 4836 δέ
2474 4783 2813 4836 δαςύνουςιν.
2852 4786 2910 4834 Β.
2948 4812 3011 4819 -

450 4857 548 4904 319
582 4854 652 4905 τὸ
687 4853 968 4919 χέραδος
1014 4853 1314 4918 οὐδέτερον
1360 4852 1875 4918 προπαροξυτόνως
1920 4853 1998 4905 ώς
2044 4852 2280 4906 κίναδος.
2320 4856 2381 4907 V.
2426 4881 2493 4891 —·
2539 4855 2639 4903 356
2686 4850 2917 4903 καίετο
2960 4850 3012 4902 ἲς

523 4972 894 5009 ιιι-ιιιοοῐᾼιινε.
937 4956 981 5006 Ι.
2584 4934 2617 4998 f
