3664 5546
1536 432 1957 483 PRAEFATIO.
2769 434 3040 482 CLXXIII

633 588 811 652 Mon.
857 588 971 669 31,
1016 587 1101 650 24
1143 588 1433 667 Δούριζα
1478 589 1661 669 λίμνη
1706 590 1882 668 παρὰ
1934 589 2053 654 τὸν
2095 586 2284 653 Λίζαν
2329 588 2637 666 ποταμόν.
2725 588 3052 653 Ἑκαταῖος

468 692 826 770 περιηγήςει
871 688 1072 755 Ἀςίας
1132 694 1246 773 «τῇ
1305 692 1376 754 δὲ
1434 691 1618 775 λίμνῃ
1668 691 1957 769 Δούριζα
2011 686 2294 771 ὄνομα»,
2348 709 2457 774 ap.·
2500 687 2595 753 St.
2642 688 2722 751 Β.
2767 697 3049 774 praeter·

465 792 734 854 missum
780 799 912 872 est,
959 800 1180 855 exstat
1206 799 1425 854 tamen
1470 812 1574 877 ap.
1607 789 1899 874 Theogn.
1937 789 2088 870 100,
2139 788 2215 853 18
2245 791 2534 868 Δούριζα
2564 791 2781 870 λίμνης
2826 789 3050 870 ὄνομα.

633 892 813 957 Mon.
859 892 978 975 31,
1024 892 1108 955 25
1152 892 1400 972 Βόρυζα
1455 893 1643 958 πόλις
1696 894 1972 972 Περςικὴ
2021 892 2111 957 ὡς
2155 891 2476 956 Ἑκαταῖος
2530 894 2892 971 περιηγήςει
2938 892 3051 956 Εὐ-

449 995 686 1073 ’ρώπης
730 995 928 1073 «μετὰ
973 995 1334 1078 δὲιΒόρυζα
1378 993 1565 1058 πόλις
1609 994 1946 1077 Περςέων,
1991 993 2145 1073 μετὰ
2190 994 2262 1058 δὲ
2307 992 2602 1058 eumdem.
2666 992 2760 1056 St.
2806 992 2885 1056 Β.
2934 994 3049 1057 Βό-

470 1101 627 1174 ρυζα
670 1096 856 1161 πόλις
900 1096 1200 1174 Ποντική.

637 1197 731 1261 St.
788 1195 866 1260 B.
919 1196 1023 1277 13,
1088 1197 1124 1260 7
1184 1196 1546 1262 Μαντίνεια.
1635 1198 1883 1274 λέγεται
1939 1197 2040 1262 καὶ
2098 1197 2385 1275 Μαντίνη
2441 1197 2600 1262 κατὰ
2657 1198 3053 1275 ςυναλοιφὴν

468 1300 626 1377 παρ’
667 1298 985 1383 Ἑκαταίῳ.
1074 1296 1170 1362 St.
1221 1295 1296 1361 B.
1346 1296 1499 1378 704,
1546 1297 1587 1360 6
1630 1298 2014 1363 Ψυττάλειαε
2057 1334 2143 1345 -
2185 1297 2583 1377 Ἡρωδιανὸς
2629 1298 2842 1375 μέντοι
2888 1297 3051 1360 Ψυτ-

467 1401 665 1479 τάλην
708 1399 909 1478 αὐτὴν
965 1402 1173 1464 καλεῖ·
1227 1398 1398 1464 ἔοικε
1455 1401 1527 1464 δὲ
1571 1400 1927 1465 Ψυττάλεια
1981 1399 2409 1479 πρωτότυπον
2465 1396 2630 1464 εἶναι
2689 1398 2777 1462 ὡς
2832 1398 3051 1475 Ἀγάμ-

468 1520 610 1578 μεια
641 1499 1017 1583 Μαντίνεια,
1064 1500 1377 1583 Ἐρύθεια,
1421 1499 1548 1581 ἀφ’
1594 1499 1674 1565 οὗ
1705 1502 1865 1566 κἀτὰ
1895 1503 2291 1581 ςυναλοιφὴν
2324 1499 2583 1578 ἐγένετο
2630 1501 2720 1564 ὡς
2746 1496 3053 1580 Ἀγάμμη,

471 1601 788 1684 Μαντίνη,
832 1601 1035 1683 Ζέλη,
1081 1600 1319 1680 Ἐρύθη.

638 1701 733 1767 St.
783 1702 858 1766 B.
917 1703 1163 1782 Ἴδυρος
1218 1704 1403 1768 πόλις
1458 1705 1561 1768 καὶ
1613 1704 1904 1784 ποταμὸς
1960 1703 2359 1782 Παμφυλίας.
2446 1702 2799 1767 Ἑκαταῖος·
2857 1703 2897 1780 ἣ
2954 1700 3054 1765 καὶ

468 1804 683 1882 Ἰδυρίς
740 1801 1091 1872 ὀξυτόνως·
1147 1802 1440 1888 Theogn.
1486 1805 1732 1884 Ἴδυρος
1777 1804 1924 1891 (pro
1968 1805 2222 1883 Ἴπυρος
2265 1802 2461 1888 Lob.)
2507 1803 2717 1884 ὄνομα
2759 1806 3053 1882 ποταμοῦ

638 2004 732 2069 St.
781 1951 858 2069 Β.
906 2005 1063 2087 571,
1114 2005 1193 2069 12
1237 2006 1413 2075 (ίξος
1455 2008 1641 2074 πόλις
1689 1964 2085 2087 Μαςτιηνῶν.
2151 2006 2548 2072 *Εκαταιοςσι
2523 2007 2718 2087 «μετὰ
2762 2008 2834 2071 δὲ
2879 2005 3052 2073 (ίξος

468 2106 713 2171 πόλις».
804 2104 1258 2190 Theogn.69‚
1310 2107 1390 2171 15
1434 2108 1608 2176 (ίξος
1649 2110 1852 2174 πόλις.

637 2205 731 2271 St.
781 2205 859 2270 B.
903 2206 1020 2288 46,
1066 2207 1108 2270 6
1159 2207 1393 2287 Αἰθάλη
1453 2214 1646 2289 νῆςος
1699 2210 2083 2294 Τυρρηνῶν,
2145 2210 2469 2275 Ἑκαταῖος
2523 2210 2812 2293 Εὐρώπῃ.
2882 2209 3051 2274 ἔοικε

468 2309 538 2372 δὲ
583 2311 911 2386 κεκλῆςθαι
957 2310 1063 2374 διὰ
1104 2310 1181 2374 τὸ
1226 2309 1483 2389 ςίδηρον
1529 2312 1701 2391 ἔχειν
1745 2311 1863 2376 τὸν
1906 2310 1979 2375 ἐν
2024 2310 2250 2394 αἰθάλῃ
2295 2312 2412 2391 τὴν
2458 2311 2752 2389 ἐργαςίαν
2798 2310 3049 2391 ἔχοντα.

465 2409 753 2473 Φίλιςτος
807 2411 878 2474 δὲ
923 2409 994 2474 ἐν
1040 2409 1088 2474 ε’
1131 2409 1464 2478 (ικελικῶν
1513 2411 1850 2477 Αἰθάλειαν
1897 2411 2097 2491 αὐτὴν
2141 2415 2321 2477 καλεῖ
2363 2413 2465 2477 καὶ
2501 2413 2893 2491 Ἡρωδιανός
2937 2410 3052 2495 (cf.

467 2509 759 2594 Theogn.
803 2510 875 2590 5,
922 2510 990 2596 9)
1046 2511 1089 2574 i.
1148 2532 1204 2574 e.
1260 2509 1678 2576 Herodianus
1725 2522 2067 2598 utramque
2111 2512 2385 2577 formam
2446 2511 2836 2598 protulerat,
2894 2513 3050 2576 alte·

471 2632 608 2673 ram
654 2632 737 2675 ex
781 2609 1150 2692 Hecataeo,
1196 2609 1469 2676 alteram
1514 2635 1597 2677 ex
1642 2612 1915 2679 Philisto
1961 2635 2364 2699 comparans.

639 2711 733 2778 St.
781 2710 860 2775 B.
904 2712 1062 2794 376,
1114 2712 1195 2777 10
1247 2715 1506 2795 Κορςεαί
1560 2719 1751 2795 νῆςος
1804 2719 1918 2795 τῆς
1974 2716 2209 2782 Ἰωνίας
2264 2715 2523 2795 ἀντικρὺ
2579 2715 2807 2797 (ἀμου.
2881 2713 3051 2779 Ἑκα-

471 2817 650 2879 ταῖος
695 2813 985 2899 Εὐρώπῃ.
1059 2816 1452 2895 Ἡρωδιανὸς
1502 2818 1730 2897 Κορςία
1774 2819 1878 2883 διὰ
1921 2821 2039 2881 τοῦ
2082 2820 2131 2900 i,
2177 2814 2593 2881 Herodianus
2640 2816 2734 2879 sie
2780 2814 3051 2901 seripse-

470 2926 592 2980 rat.
687 2916 946 2995 Κορςεαί
990 2952 1072 2964 -
1116 2916 1439 2983 Ἑκαταῖος
1483 2918 1784 3002 Εὐρώπῃ,
1832 2919 2080 2995 λέγεται
2124 2920 2196 2983 δὲ
2239 2919 2340 2983 καὶ
2388 2918 2632 2997 Κορςία.

640 3034 736 3100 St.
769 3033 846 3098 B.
877 3033 947 3116 8,
998 3034 1075 3099 13
1117 3035 1370 3118 Ἀβοτις
1413 3038 1600 3103 πόλις
1641 3035 1975 3119 Αἰγυπτία,
2023 3037 2113 3101 ὼς
2144 3036 2497 3118 Ἑκαταῖος,
2541 3037 2621 3114 ἣν
2659 3036 3052 3114 Ἡρωδιανός

469 3158 621 3216 φηςι
678 3137 1066 3218 βαρύνεςθαι.
1174 3135 1238 3199 h.
1296 3158 1353 3200 e.
1409 3134 1659 3202 Herod.
1717 3137 1782 3199 in
1840 3135 2096 3202 Cathol.
2159 3136 2295 3223 (ap.
2353 3137 2507 3200 Are.
2569 3134 2681 3219 35)
2746 3144 3054 3221 posuerat

469 3239 718 3317 Ἄβοτις
760 3238 947 3303 πόλις
987 3236 1323 3320 Αἰγυπτία,
1383 3240 1472 3303 ὼς
1517 3237 1842 3303 Ἑκαταῖος
1899 3236 1992 3302 St.
2041 3236 2118 3302 Β.
2166 3236 2238 3320 9,
2283 3236 2327 3300 4
2367 3238 2587 3317 ’Άβροι
2642 3238 2830 3301 ἔθνος
2886 3239 3052 3315 πρὸς

466 3345 560 3423 τῷ
605 3339 819 3422 Ἁδρίᾳ
851 3338 1339 3422 Ταυλαντίνων,
1382 3341 1689 3418 προςεχὲς
1732 3342 1870 3405 τοῖς
1904 3340 2296 3405 Χελιδονίοις
2343 3340 2433 3405 ὡς
2462 3338 2801 3404 Ἑκαταῖος.
2861 3339 3049 3418 βαρύ-

469 3460 643 3505 νεται
687 3441 758 3504 δὲ
815 3438 906 3505 ὡς
966 3439 1248 3523 Κίμβροι,
1309 3440 1424 3506 οὕς
1466 3441 1634 3506 τινές
1690 3461 1844 3521 φαςι
1895 3442 2295 3524 Κιμμερίους,
2355 3439 2664 3520 (κόμβροι
2711 3442 2814 3504 καὶ
2868 3439 3049 3503 οὗτοι

469 3542 659 3605 ἔθνος
722 3540 810 3605 ώς
866 3539 1201 3621 (Σοφοκλῆς
1264 3539 1330 3608 h.
1388 3562 1443 3604 e.
1511 3539 1924 3606 Herodianus
1987 3541 2053 3604 in
2111 3539 2362 3605 Cathol.
2421 3541 2642 3605 omnia
2705 3542 2864 3604 haee
2929 3540 3053 3603 sub

469 3661 719 3704 canone
764 3638 846 3704 de
890 3640 1259 3706 nominibus
1303 3641 1372 3703 in
1427 3648 1611 3725 βρος,
1655 3642 1766 3728 qui
1811 3664 1915 3727 ap.
1961 3620 2118 3707 A'rc.
2165 3640 2441 3722 excidit,
2487 3636 2871 3728 protulerat.

639 3756 737 3822 St.
780 3758 860 3822 B.
915 3758 1064 3839 267,
1126 3758 1200 3823 17
1260 3760 1587 3841 Ἐλιβύργη
1652 3760 1840 3826 πόλις
1901 3760 2278 3839 Ταρτηςςοῦ.
2376 3758 2698 3825 Ἑκαταῖος
2762 3760 3050 3844 Εὐρώπῃ.

471 3858 622 3921 Are.
674 3857 824 3940 105,
876 3859 954 3922 12
997 3860 1339 3942 Ἐλιβύργη.

643 3976 737 4040 St.
787 3975 863 4041 B.
893 3976 1182 4060 409,10
1224 3978 1547 4044 Ἑκαταῖος
1575 3979 1847 4063 Εὐρώπῃ
1897 3979 2006 4044 «ἐν
2051 3981 2123 4045 δὲ
2165 3981 2457 4061 Λάμητος
2499 3980 2819 4063 ποταμός,
2864 3980 2936 4045 ἐν
2981 3981 3053 4045 δὲ

470 4076 1543 4163 Auunti'v01mTheog-n.75,11
1590 4081 1884 4160 Λάμητος
1930 4079 1968 4144 ὁ
2012 4082 2313 4160 ποταμός.

644 4195 738 4259 St.
791 4194 869 4259 B.
923 4195 1083 4276 425,
1140 4195 1181 4260 6
1242 4197 1542 4262 Μαδυτός
1596 4198 1781 4263 πόλις
1837 4197 2304 4277 Ἑλληςποντία.
2403 4197 2725 4263 Ἑκαταῖος
2780 4199 3053 4281 Εὐρώπῃ

474 4297 577 4361 καὶ
619 4297 839 4378 ἄλλοι,
892 4316 1053 4380 quos
1099 4318 1184 4360 ex
1203 4280 1604 4362 Herodiano
1651 4296 2024 4362 describere
2080 4297 2341 4382 longum
2396 4297 2524 4361 fuit
2568 4297 2896 4383 Stephano
2942 4306 3055 4362 aut

473 4396 613 4460 eius
660 4394 1094 4481 epitomatori.
1182 4396 1477 4481 Theogn.
1523 4398 1636 4480 75,
1683 4398 1773 4463 33
1814 4399 2114 4465 Μαδυτός
2158 4400 2361 4465 πόλις.

645 4514 741 4578 St.
773 4513 850 4577 B.
881 4513 1045 4595 440,
1088 4513 1132 4578 5
1178 4516 1401 4596 Μέδμη
1444 4518 1632 4582 πόλις
1662 4517 1919 4582 Ἰταλίας
1962 4519 2066 4583 καὶ
2094 4518 2292 4597 κρήνη
2323 4516 2679 4597 ὁμώνυμος.
2731 4517 3055 4584 Ἑκαταιος

476 4615 765 4702 Εὐρώπῃ.
853 4613 1146 4700 Theogn.
1199 4616 1349 4696 112,
1391 4615 1435 4679 4
1480 4617 1703 4699 Μέδμη
1747 4619 1950 4683 πόλις.

647 4733 741 4798 St.
789 4731 866 4797 Β.
911 4732 1072 4814 445,
1123 4734 1152 4796 1
1204 4734 1515 4814 Μενεκίνη
1570 4736 1756 4801 πόλις
1814 4735 2161 4816 Οἰνωτρῶν
2217 4738 2288 4804 ἐν
2339 4737 2647 4820 μεςογείᾳ.
2733 4736 3057 4804 Ἑκαταῖος

479 4834 768 4921 Εὐρώπῃ.
857 4833 1148 4920 Theogn.
1200 4835 1353 4919 114,
1403 4836 1435 4899 1
1484 4835 1796 4918 Μενεκίνη
1840 4837 1880 4918 ἡ
1923 4839 2125 4904 πόλις.
