3664 5546
684 358 812 419 466
900 316 911 321 ἐ
1625 356 1709 409 ΕΚ
1745 355 1886 410 ΤΩΝ
1929 354 2339 409 ΗΡΩΔΙΑΝΟΥ

687 528 1015 609 ςυρίςαι,
1062 526 1402 610 λεπίςαι,
1447 527 1781 609 τιθέναι,
1825 526 2162 607 ἱςτάναι,
2207 525 2551 607 διδόναι,
2596 524 3049 607 Ζευγνύναι,
3105 528 3291 602 ςτῆ-

684 651 843 712 ναι,
891 632 1149 710 βῆναι,
1194 634 1523 712 γνῶναι,
1582 633 1897 711 βιῶναι,
1952 628 2281 709 ἁλῶναι,
2326 630 2616 708 θεῖναι,
2673 630 2983 708 δοῦναι,
3039 624 3292 707 εἶναι,

686 735 1115 812 τυφθῆναι,
1158 731 1575 813 τετύφθαι,
1617 731 2070 813 τύπτεςθαι,
2113 731 2506 794 τυπέςθαι.

856 857 895 892 ÷÷
937 833 1084 897 Πᾶν
1125 831 1593 913 άπαρέμφατον
1638 831 1727 896 εἰς
1777 817 1914 896 ςθ-αι
1979 831 2232 897 ἁπλοῦν
2298 831 2557 896 πάντως
2623 830 2928 909 ὁμοτονεῖ
2982 835 3073 913 τῷ
3137 828 3289 912 ἰδίῳ

623 943 656 991 5
688 933 977 1018 ὁριςτικῷ
1009 933 1155 999 οἷον
1188 935 1488 999 τύπτεται
1532 933 1981 1016 τύπτεςθαι,
2030 937 2250 1013 βοᾶται
2297 936 2660 1013 βοᾶςθαι,
2704 935 3043 1011 χρυςοῦται
3087 951 3287 1009 χρυ-

686 1040 1034 1118 ςοῦςθαι,
1079 1039 1462 1117 τυφθήςεται
1491 1036 2054 1117 τυφθήςεςθαι,
2098 1036 2438 1112 τυπήςεται
2479 1035 2980 1115 τυπήςεςθαι,
3024 1033 3288 1111 ἔρχεται

686 1137 1080 1220 ἔρχεςθαι,
1127 1140 1412 1218 ἑτύψατο
1441 1139 1864 1217 τύψαςθαι,
1910 1138 2253 1215 ἑποιήςατο
2283 1137 2790 1217 ποιήςαςθαι,
2835 1135 3103 1215 τύψεται
3152 1135 3285 1198 τύ-

684 1245 967 1318 ψεςθαι
1013 1241 1207 1318 χωρὶς
1251 1250 1382 1307 τῶν
1429 1241 1517 1305 εἰς
1560 1226 1673 1304 θ-αἶ
1712 1238 2198 1319 ἀπαρεμφάτων
2241 1243 2360 1303 τοῦ
2410 1241 2760 1316 παθητικοῦ
2805 1237 3286 1317 παρακειμένου

581 1342 788 1438 ΓΠκαὶ
831 1341 1137 1419 δευτέρου
1197 1342 1389 1420 μέςου
1446 1341 1759 1421 ἀορίςτου.
1849 1345 2050 1405 ταῦτα
2103 1341 2227 1419 γὰρ
2284 1341 2406 1419 ούχ
2464 1339 2848 1419 ὁμοτονοῦςι
2906 1342 3043 1404 τοῖς
3093 1338 3285 1402 ἰδίοις

591 1450 652 1499 10
688 1442 1056 1523 ὁριςτικοῖς,
1112 1441 1279 1507 ἀλλὰ
1322 1445 1452 1522 πρὸ
1509 1446 1651 1522 μιᾶς
1696 1444 1909 1521 ἔχουςι
1953 1443 2069 1508 τὸν
2113 1442 2311 1506 τόνον
2357 1433 2503 1507 οἷον
2548 1442 2887 1520 πεποίηται
2944 1443 3284 1517 πεποιῆ-

688 1550 885 1626 ςθαι,
931 1543 1228 1622 νενόηται
1273 1548 1727 1627 νενοῆςθαι,
1785 1546 2085 1609 τέτυτὶται
2130 1545 2545 1626 τετύφθαι,
2601 1545 2950 1626 γέγραπται
2994 1542 3282 1620 γεγρά-

686 1651 907 1728 φθαι,
964 1646 1249 1711 λέλεκται
1308 1648 1706 1728 λελέχθαι,
1763 1646 2034 1710 ἐτύπετο
2085 1646 2491 1727 τυπέςθαι,
2546 1646 2815 1721 ἐνύῒετο
2871 1645 3281 1726 νυγὲςθαι,

685 1746 954 1827 ἐλάβετο
1001 1748 1399 1831 λαβέςθαι,
1440 1749 1615 1812 ἵκετο
1660 1748 1989 1830 ἱκέςθαι,
2036 1746 2305 1827 ἀφίκετο
2351 1747 2784 1827 ἀφικὲςθαι.
2874 1746 3282 1825 ςεςημείωται

683 1850 761 1912 τὸ
807 1840 1119 1927 ἔρέςθαι
1166 1850 1472 1928 δευτέρου
1517 1849 1711 1928 μέςου
1767 1849 2065 1928 ἀορίςτου
2111 1850 2190 1914 ὃν
2236 1850 2337 1913 καὶ
2381 1848 3074 1930 προπαροξυνόμενον,
3134 1847 3284 1924 περὶ

592 1960 650 2008 15
687 1948 768 2013 οὗ
828 1950 995 2015 ἔςτιν
1064 1950 1267 2016 εἰπεῖν
1334 1951 1433 2014 ὅτι
1489 1951 1949 2029 ἑξηκολούθηςε
2001 1957 2096 2034 τῷ
2157 1952 2517 2028 δέρεςθαι
2577 1953 2680 2015 καὶ
2744 1951 3120 2031 φέρεςθαι
3183 1949 3284 2012 καὶ

687 2053 1117 2134 ςτέρεςθαι,
1173 2052 1358 2118 ἅτινά
1402 2053 1554 2118 εἰςιν
1597 2052 1948 2117 ἐνεςτῶτος
1992 2053 2096 2117 καὶ
2138 2055 2602 2134 παρατατικοῦ,
2660 2053 2762 2117 καὶ
2816 2053 2885 2115 ἐκ
2929 2056 3046 2116 τοῦ
3093 2051 3280 2115 ἐναν·

684 2154 824 2218 τίου
870 2156 941 2218 δὲ
987 2155 1386 2233 ςεςημείωται
1449 2156 1525 2219 τὸ
1581 2157 1924 2219 λιτέςθαι
1982 2155 2329 2219 ἐνεςτῶτος
2384 2155 2487 2218 καὶ
2545 2157 2978 2232 παρατατικοῦ
3038 2154 3122 2216 ὂν
3181 2153 3282 2216 καὶ

685 2256 1214 2335 παροξυνόμενον
1284 2255 1430 2320 οἷον
1468 2255 1607 2320 .«0t
1669 2257 1735 2320 τ’
1788 2258 1966 2342 αὐτῷ
2022 2256 2304 2321 θάνατόν
2358 2248 2427 2320 τε
2483 2257 2680 2320 κακὸν
2739 2256 2843 2320 καὶ
2897 2257 3059 2334 κῆρα
3118 2255 3278 2319 λιτέ-

686 2362 863 2421 ςθαι»
911 2359 1004 2440 (Π
1045 2358 1158 2439 47)
1203 2357 1346 2422 ἀντὶ
1388 2361 1506 2422 τοῦ
1548 2357 1871 2423 ἱκετεύειν.
1945 2357 2186 2438 ὤφειλε
2229 2358 2356 2436 γάρ
2398 2357 2993 2436 προπαροξύνεςθαι
3037 2357 3279 2436 ὁμοίως

583 2468 652 2518 20
683 2465 776 2542 τῷ
834 2458 972 2542 ἰδίῳ
1027 2458 1318 2543 ὁριςτικῷ
1376 2466 1469 2544 τῷ
1526 2460 1772 2524 λίτεται.
1874 2460 2139 2524 κάλλιον
2194 2462 2266 2524 δὲ
2321 2458 2712 2539 ἠκολούθηςε
2767 2466 2860 2545 τῷ
2916 2459 3276 2523 λιπέςθαι

684 2561 947 2624 θέςθαι
1006 2561 1342 2645 ἰδέςθαι,
1409 2560 1594 2626 ἅτινά
1658 2562 1768 2626 εἰςι
1823 2563 2132 2640 δευτέρου
2188 2563 2381 2641 μέςου
2446 2561 2763 2641 ἀορίςτου.
2863 2560 3277 2641 (εςημείωται

687 2765 981 2816 discrimen
1025 2767 1281 2832 attigisse
1319 2766 1641 2818 sumendum
1679 2767 1755 2817 sit
1798 2760 1976 2817 cf.'11.
2016 2768 2104 2818 Pr.
2140 2764 2184 2818 Α
2222 2767 2348 2818 255:
2393 2765 2429 2831 ἢ
2470 2781 2569 2835 κεν
2603 2765 2839 2832 γηθήςαι
2875 2763 3160 2831 Πρίαμοςε
3207 2762 3276 2816 τὸ

685 2832 923 2899 γηθήςαι
960 2834 1479 2901 παροξυτονητέον,
1518 2833 1713 2899 ἐπειδὴ
1752 2833 2015 2886 εὐκτικὸν
2049 2834 2226 2899 ἐςτιν,
2264 2834 2299 2897 ἡ
2339 2834 2399 2886 δὲ
2435 2850 2489 2885 αι
2526 2834 2588 2886 ἐν
2623 2839 2744 2887 τοῖς
2780 2834 3056 2886 εὐκτικοῖς
3093 2831 3276 2898 μακρά

687 2900 835 2953 ἐςτιν
873 2901 919 2954 Τ
955 2906 1049 2966 81,
1092 2903 1133 2954 Η
1176 2907 1273 2954 129
1308 2909 1363 2954 et
1401 2907 1524 2962 130,
1562 2904 1640 2955 Ῑο.
1678 2903 1762 2953 Al.
1799 2906 1850 2965 θ,
1887 2906 1945 2965 2,
1984 2903 2181 2953 Choer.
2219 2905 2343 2966 763,
2386 2905 2472 2964 17ς
2513 2919 2580 2953 ex
2616 2920 2669 2969 p.
2706 2906 2831 2962 725,
2870 2906 2934 2954 31
2971 2903 3276 2953 infinitivus

685 2969 904 3022 τελέςαι
938 2998 1004 3007 -
1042 2969 1286 3035 λεπίςαι,
1326 2988 1394 3022 ex
1430 2989 1483 3038 p.
1508 2974 1607 3022 724
1632 2977 1689 3022 et
1713 2974 1812 3022 725
1835 2969 2048 3022 τιθέναι
2071 2997 2137 3006 -
2162 2966 2305 3021 εἶναι
2329 2970 2520 3020 addidi
2544 2977 2602 3021 et
2623 2969 2894 3023 τυπέςθαι
2929 2971 2985 3020 in
3019 2970 3132 3021 fine
3156 2972 3274 3035 ipse

686 3040 937 3104 apposui,
965 3056 1033 3090 ne
1061 3039 1280 3090 deesset
1303 3039 1608 3091 infinitivus
1632 3040 1823 3091 aoristi
1851 3040 1903 3088 11
1929 3039 2112 3088 medii.
2248 3039 2285 3093 l.
2315 3041 2448 3089 4—6
2476 3055 2600 3104 pag.
2627 3055 2740 3105 seq.
2769 3039 2958 3089 addidi
2984 3054 3053 3088 ex
3078 3039 3272 3090 Choer.

688 3109 804 3168 731,
831 3111 897 3158 30
933 3123 1107 3173 seqq„
1145 3124 1252 3173 quo
1289 3110 1347 3159 in
1385 3108 1505 3159 loeo
1540 3109 1629 3158 bis
1667 3108 1972 3158 Herodiani
1997 3106 2288 3157 Catholica
2315 3106 2539 3157 disertis
2563 3108 2750 3157 verbis
2774 3109 3002 3158 citatur:
3041 3104 3272 3178 κάλλιον

685 3171 748 3224 δέ
784 3189 953 3237 φηςιν
990 3174 1333 3239 Ἡρωδιανὸς
1371 3174 1432 3226 ἐν
1468 3179 1540 3242 τῇ
1579 3174 1823 3226 καθόλου
1861 3173 2209 3239 ἠκολούθηςε
2244 3178 2330 3241 τῷ
2369 3173 2620 3226 λιπέςθαι
2655 3175 2773 3226 κτλ.
2813 3180 2869 3225 et
2903 3175 2969 3224 de
3006 3172 3273 3239 ἐγρήγορ·

686 3243 778 3293 θαι
814 3269 880 3278 -
916 3242 1045 3306 περὶ
1081 3241 1149 3293 οὗ
1188 3242 1338 3305 λέγει
1375 3243 1718 3308 Ἡρωδιανὸς
1755 3241 1817 3293 ἑν
1853 3246 1924 3308 τῇ
1963 3242 2238 3306 καθόλου,
2276 3242 2363 3294 ὅτι
2390 3241 2643 3294 Αἰολίδος
2679 3243 2798 3294 κτλ.
2821 3269 2889 3279 ·-
2921 3243 3006 3292 De
3043 3249 3272 3292 accentu

687 3310 949 3361 infinitivi
985 3312 1219 3375 perfecti
1263 3313 1334 3362 ef.
1372 3312 1556 3363 Schol.
1597 3312 1668 3363 ad
1706 3312 1808 3363 od.
1846 3311 1872 3361 ξ
1910 3315 2038 3362 260:
2086 3310 2334 3375 ἔρυςθαι;
2383 3308 2696 3362 ἐνεςτῶτός
2741 3310 2891 3362 ἐςτιν
2936 3309 3013 3361 ὡς
3060 3309 3273 3374 πήγνυ-

687 3381 835 3441 ςθαι,
875 3378 1289 3442 παρακειμένου
1326 3379 1387 3431 δὲ
1426 3378 1693 3443 εἰρύςθαι,
1730 3393 1767 3441 γ
1802 3379 1930 3442 268,
1969 3393 1997 3429 ε
2031 3381 2159 3441 484,
2197 3381 2264 3430 de
2301 3378 2607 3443 ἀκάχηςθαι
2645 3386 2699 3428 et
2736 3377 3040 3443 ἀκαχῆςθαι
3077 3379 3150 3428 11.
3187 3381 3271 3428 Pr.

690 3446 702 3497 Ι
741 3449 857 3500 335.
897 3475 957 3482 —
998 3449 1079 3496 De
1124 3447 1399 3498 infinitivo
1445 3450 1638 3498 aon-isti
1684 3448 1738 3498 11
1778 3448 1842 3501 11.
1880 3447 1969 3501 Pr.
2009 3447 2053 3500 Α
2094 3451 2155 3498 19
2201 3445 2436 3498 ίκέςθαιε
2486 3444 2648 3508 μέςος
2693 3444 2949 3510 ἀόριςτος
2983 3444 3271 3509 δεύτερος·

688 3512 773 3564 διὸ
811 3513 1210 3578 παροξύνεται;
1259 3514 1324 3565 de
1362 3514 1580 3579 ἔρεςθαι
1624 3521 1681 3566 et
1724 3513 1969 3576 λιτέςθαι
2013 3515 2076 3567 11.
2112 3518 2204 3567 Pr.
2241 3515 2298 3566 Π
2332 3518 2424 3565 47:
2471 3512 2737 3565 λιτέςθαι;
2788 3513 2821 3565 ὁ
2861 3511 3272 3576 Ἀςκαλωνίτης

687 3578 826 3632 ἀξιοῖ
873 3580 1085 3645 ὁμοίως
1129 3586 1213 3647 τῷ
1259 3580 1552 3646 λίςςεςθαι,
1609 3583 1732 3635 ἐπεὶ
1787 3581 2100 3634 ἐνεςτῶτος
2152 3582 2359 3647 χρόνου
2403 3581 2518 3633 ἀπὸ
2565 3581 2841 3645 epte-nmo
2886 3584 2990 3632 τοῦ
3036 3579 3271 3644 λίτομαι.

688 3647 788 3699 elci
823 3649 885 3700 δὲ
929 3647 1423 3735 οἳυπαροέύνουςιν
1470 3649 1682 3714 ὁμοίως
1725 3654 1812 3716 τῷ
1858 3649 2130 3714 λαβέςθαι.
2200 3649 2314 3712 ἐγὼ
2359 3650 2417 3700 δ’
2453 3648 2667 3733 ἐπαινιῑ)
2713 3648 2818 3700 τὸν
2857 3647 3272 3712 Ἀςκαλωνίτην

687 3718 1688 3850 ἕξὲἔαὲἓῖᾋζέῗῖιὲῗέεὲἔῖετΐέκῖῗ
1712 3717 2241 3849 δῖῗᾶοήγάὲλέῗῶζ
2260 3716 3132 3850 κὲὲρὶἳοῖῗέοζὲξζὲἔνειῖμίἴιὶε
3153 3716 3272 3835 233

687 3850 891 3904 θάνως.
972 3853 1150 3918 ὅνπερ
1194 3854 1301 3919 γὰρ
1345 3855 1566 3920 τρόπον
1610 3855 1673 3906 ἐν
1719 3853 1933 3918 ἑτέροις
1978 3852 2372 3918 διαλαμβάνων
2426 3854 2555 3918 περὶ
2606 3856 2711 3904 τοῦ
2758 3854 3141 3917 «μεταλλῆςαι
3184 3851 3272 3902 καὶ

688 3919 945 3986 ἔρεςθαι»
983 3921 1114 3986 (Οᾶ.
1150 3936 1187 3984 γ
1221 3923 1310 3986 69)
1348 3922 1661 3975 ἀξιούντων
1697 3921 1937 3973 πάντων
1981 3922 2050 3973 τὸ
2095 3920 2311 3986 ἐρέςθαι
2354 3919 2565 3985 ὁμοίως
2599 3924 2685 3987 τῷ
2723 3920 3015 3985 πυθὲςθαι,
3055 3919 3270 3984 ἐπειδή·

686 4003 795 4055 περ
831 3989 994 4052 μέςος
1029 3990 1292 4054 δεύτερος
1327 3989 1583 4055 ἀόριςτός
1618 3992 1792 4053 ἐςτιν,
1840 3988 2224 4055 ἀπεφηνάμην
2269 3988 2349 4041 ὡς
2385 3991 2419 4052 ἡ
2458 3987 2759 4052 παράδοςις
2800 3988 2999 4054 τρίτην
3033 3988 3153 4041 ἀπὸ
3187 3986 3270 4037 τέ·

687 4058 822 4108 λους
859 4057 1087 4122 ἑποίηςε
1122 4059 1232 4123 τὴν
1274 4058 1463 4110 ὀξεῖαν
1509 4058 1577 4110 οὐ
1624 4064 1710 4126 τῷ
1756 4056 2146 4122 ςημαινομὲνῳ
2196 4061 2473 4110 πειςθεῑςα
2509 4056 2653 4108 ἀλλὰ
2696 4061 2781 4123 τῷ
2828 4059 3135 4122 χαρακτῆρι
3170 4057 3268 4119 τῆς

688 4128 917 4190 φωνῆς,
967 4125 1091 4178 ἐπεὶ
1135 4125 1209 4177 τὰ
1253 4129 1489 4177 τοιαῦτα
1534 4129 1656 4177 τῶν
1702 4125 2134 4190 ἀπαρεμφάτων
2187 4124 2699 4190 προπαρωξύνετο,
2756 4124 2897 4176 ὄντα
2938 4125 3265 4182 ἑνεςτῶτος,

687 4190 812 4244 οἷον
847 4192 1111 4260 φέρεςθαι
1146 4193 1421 4258 δέρεςθαι,
1460 4193 1495 4244 ἃ
1532 4194 1649 4258 εἶχε
1685 4196 1793 4260 τὴν
1829 4209 1892 4257 ρε
1932 4194 2213 4258 ςυλλαβὴν
2257 4210 2299 4245 π
2337 4193 2369 4245 ὸ
2415 4192 2644 4256 τέλους,
2688 4195 2794 4257 τῆς
2838 4192 3113 4258 ἀρχούςης
3150 4192 3265 4244 ςυλ·

686 4263 861 4326 λαβῆς
899 4260 978 4314 εἰς
1013 4262 1083 4314 τὸ
1118 4265 1152 4313 ἒ
1188 4262 1466 4328 ληγούςης
1502 4291 1567 4298 --
1604 4263 1760 4314 οὕτω
1798 4261 1889 4313 καὶ
1924 4261 1994 4313 τὸ
2032 4262 2252 4326 ἔρεςθαι
2293 4208 2706 4324 ἓναδεξάμενον
2748 4259 2853 4311 τὸν
2890 4261 3070 4312 αὐτὸν
3105 4274 3264 4325 χαρά·

688 4332 867 4393 κτῆρα
903 4329 1408 4394 παρωξύνετο,-ού
1443 4334 1529 4396 τῷ
1567 4330 1722 4397 λόγῳ
1765 4332 1871 4380 τοῦ
1918 4327 2205 4394 ἀορίςτου,
2253 4333 2324 4396 τῇ
2369 4329 2432 4381 δὲ
2476 4328 2769 4393 ὁμοιότητι
2811 4331 2914 4394 τῆς
2960 4331 3161 4395 φωνῆς
3203 4355 3264 4362 --

686 4398 793 4449 τὸν
827 4397 1008 4449 αὐτὸν
1042 4398 1261 4462 τρόπον
1298 4399 1388 4448 καὶ
1423 4397 1518 4450 ἐπὶ
1554 4402 1657 4450 τοῦ
1695 4396 2085 4463 προκειμένου,
2156 4396 2376 4462 ὀφείλει
2417 4397 2524 4462 γὰρ
2568 4399 2812 4450 λιτεςθαι
2855 4396 3264 4462 προπαροξύνε-

687 4461 824 4516 ςθαι.
893 4469 1069 4517 τοῦτο
1102 4465 1210 4540 γὰρ
1244 4463 1390 4517 αἰτεῖ
1425 4467 1516 4517 καὶ
1551 4467 1622 4519 τὸ
1659 4465 1873 4533 νοητὸν
1909 4465 2000 4516 καὶ
2036 4466 2069 4516 ὁ
2097 4467 2505 4530 (χηματιςμός,
2544 4466 2696 4530 παρὰ
2729 4464 2799 4517 τὸ
2835 4463 3071 4528 λίτομαι.
3137 4461 3268 4516 ἀλλ’

688 4548 813 4601 ἐπεὶ
858 4549 930 4601 τὰ
975 4548 1054 4602 εἰς
1094 4536 1226 4603 ’ςθαῖ
1267 4549 1649 4615 ἀπαρέμφατα
1692 4555 1777 4617 τῷ
1821 4550 1854 4602 ἒ
1908 4549 2374 4628 παραληῙόμενα,
2420 4549 2524 4601 οὐκ
2569 4549 2710 4600 ὄντα
2753 4548 2870 4601 ἀπὸ
2913 4552 3036 4601 τῶν
3081 4548 3159 4601 εἰς
3195 4551 3264 4610 ssu,

686 4616 1723 4753 Ξέἳᾜαμξῖξὲύέρὶἶῖῗιφῗὲωἶέὶοὲξε
1748 4619 1999 4750 (ἕιζλέἷῇ,
2029 4617 2678 4751 Ὦαὲωὲἷΐίἓῖἶλῗὲιῖἕῤ
2721 4617 3264 4750 ἓῗειὲᾞὲῗὲἃῖἒῖζ

688 4752 965 4815 πιθέςθαι,
1006 4751 1233 4816 ἰδέςθαι,
1274 4753 1507 4817 ἱκέςθαι,
1546 4756 1733 4807 οὕτως
1770 4756 1861 4806 καὶ
1899 4755 1967 4806 τὸ
2005 4754 2247 4807 λιτέςθαι
2285 4754 2616 4819 παρώξυνεν
2653 4755 2688 4817 ἡ
2727 4753 3054 4819 παράδοςις,
3089 4753 3157 4806 οὐ
3182 4755 3263 4817 τῷ

687 4818 842 4884 λόγῳ
879 4824 982 4868 τοῦ
1021 4821 1334 4872 ἑνεςτῶτος
1371 4825 1675 4887 πειςθεῑςα,
1720 4827 1805 4888 τῷ
1844 4823 1905 4875 δὲ
1950 4825 2055 4874 τοῦ
2102 4826 2475 4886 χαρακτῆρος·
2523 4822 2935 4887 παρεκτὲταται
2981 4822 3051 4873 τὸ
3098 4818 3261 4886 κεφά·
