3664 5546
1165 362 1323 419 ΠΕΡΙ
1366 361 1759 418 ΚΑΘΟΛΙΚΗ(
1795 362 2220 426 ΠΡΟΕΩιΔΙΑΕ
2261 364 2343 417 ΙΗ.
2910 362 3038 426 475

447 541 819 619 περιςπᾱται
878 536 1067 616 «ἐμεῦ
1122 535 1190 599 δ’
1244 535 1428 599 ἕλετο
1484 535 1683 615 μέγαν
1740 534 1979 614 ὅρκον»
2038 532 2196 618 (Od.
2253 539 2291 598 δ
2347 533 2515 615 746).
2615 534 2857 614 ὁμοίως
2918 539 3037 599 τοῦ
3093 547 3102 553 ·

448 641 754 720 δευτέρου
798 640 902 704 καὶ
944 642 1061 703 τοῦ
1104 638 1353 719 τρίτου,
1399 637 1526 701 ςέο
1573 641 1738 701 ςεϊο
1784 641 1910 701 ςεῦ
1957 637 2207 718 ςέθεν,
2253 636 2335 701 ἕο
2380 635 2501 701 εῐο
2547 635 2631 701 εὗ
2676 636 2869 701 ἕθεν.

614 740 689 808 Αἱ
732 742 938 805 δυϊκαὶ
981 741 1247 819 πρώτου
1301 740 1404 803 καὶ
1447 740 1753 818 δευτέρου
1797 740 2154 817 προςώπου
2198 740 2408 803 κοιναὶ
2461 739 2563 802 καὶ
2608 737 2873 803 ἀπαθεῖς
2930 745 3036 818 βα-

449 845 786 927 ρύνονται,
831 847 1001 924 νῶϊ,
1047 846 1263 921 ςφῶϊ.
1329 843 1433 906 καὶ
1476 842 1781 925 αἰτιατικῇ
1810 841 2045 906 ταύτας
2073 842 2232 906 κατὰ
2263 839 2599 919 ἀποβολὴν
2629 845 2748 904 τοῦ
2779 847 2815 904 ἶ
2842 861 3036 919 μονο-

450 945 778 1026 ςυλλάβως
830 944 1151 1023 Ἀθηναῖοι
1193 944 1627 1028 προφέρουςι,
1673 946 1778 1009 νώ
1825 943 2019 1025 ςφώ,
2072 942 2283 1007 οὐκέτι
2335 943 2859 1025 περιςπωμένως,
2891 944 3035 1006 καί·
3065 953 3098 1002 5

447 1069 548 1112 τοι
605 1054 698 1131 τῷ
754 1047 931 1130 λόγῳ
985 1049 1095 1123 τῆς
1152 1044 1489 1124 ἀποκοπῆς
1546 1045 1934 1125 ὀφειλούςας
1986 1049 2397 1125 περιςπᾱςθαι
2461 1045 2550 1109 ῶς
2614 1045 2690 1109 τὸ
2745 1045 3038 1110 Ποςειδῶ

449 1154 671 1215 κυκεῶ.
759 1148 902 1213 ἀλλ’
946 1148 1141 1213 οὐδὲν
1188 1153 1423 1213 δυϊκῶν
1469 1148 1716 1213 εὐθείας
1759 1148 2061 1212 πτώςεως
2105 1148 2208 1211 καὶ
2251 1147 2590 1224 αἰτιατικῆς
2635 1147 2723 1211 εἰς
2769 1151 2822 1211 ὦ
2864 1168 3038 1225 περι-

452 1256 707 1335 ςπᾶται,
763 1236 918 1316 ὅθεν
971 1249 1338 1329 ὠξύνθηςαν
1396 1252 1552 1331 μετὰ
1604 1252 1720 1329 τὴν
1780 1249 2142 1329 ἀποκοπήν.
2241 1248 2306 1314 αἱ
2367 1251 2437 1314 δὲ
2491 1251 2745 1315 τούτων
2798 1250 3042 1326 γενικαὶ

450 1347 643 1420 νῶϊν
709 1358 959 1432 ςφῶϊν
1025 1359 1603 1431 προπεριςπῶνται.
1701 1353 1935 1416 ταύτας
2001 1354 2072 1417 δέ
2139 1352 2298 1416 κατὰ
2360 1350 2708 1429 ςυναίρεςιν
2774 1352 3043 1416 Ἀττικοὶ

450 1455 892 1534 προφέρονται
948 1455 1475 1537 μονοςυλλάβως,
1529 1459 1647 1519 τοῦ
1688 1458 1721 1518 ἶ
1774 1454 2197 1534 γραφομένου
2253 1456 2334 1534 μὴ
2377 1455 3038 1533 ςυνεκφωνουμένου.
3079 1463 3144 1512 10

451 1558 544 1623 ὧν
589 1558 689 1623 καὶ
731 1557 770 1635 ἡ
815 1557 1259 1636 περιςπωμένη
1305 1557 1476 1635 μένει
1523 1557 1677 1636 μετὰ
1720 1559 1837 1634 τὴν
1883 1557 2232 1634 ςυναίρεςιν
2278 1555 2423 1620 οἷον
2468 1564 2624 1638 νῷν
2670 1563 2901 1640 ςφῶν.
2971 1554 3044 1619 Αἱ

450 1660 668 1738 τρίτου
721 1659 1074 1737 προςώπου
1140 1658 1480 1725 ὀξύνονται
1544 1662 1733 1723 πᾶςαι
1788 1659 1892 1722 καὶ
1953 1657 2349 1733 ἐγκλίνονται
2414 1662 2636 1740 πᾶςαι,
2703 1657 3044 1735 αἰτιατικῆς

453 1763 568 1840 μὲν
615 1762 824 1840 ςφωέ
870 1760 1007 1832 «τίς
1046 1761 1165 1839 τὰρ
1211 1781 1388 1840 ςφωε
1433 1766 1602 1825 θεῶν
1649 1759 1807 1839 ἔριδι
1852 1761 2112 1839 ξυνέηκε
2158 1743 2525 1840 μάχεςθαι»;
2572 1761 2649 1842 (Α
2676 1759 2762 1841 8).
2824 1760 3042 1824 εὐθεῖα

451 1864 574 1941 γὰρ
619 1863 857 1927 τούτου
913 1862 1032 1927 οὐκ
1076 1862 1233 1943 ἔςτι,
1293 1861 1451 1927 διότι
1508 1862 1773 1941 οὐδεμία
1828 1862 1994 1927 ἐςτὶν
2025 1862 2268 1926 ἐὐθεῖα
2313 1860 2712 1940 ἀντωνυμίας
2755 1862 3041 1937 ἐγκλινο-

455 1967 661 2046 μένης.
749 1969 998 2044 γενικῆς
1054 1966 1157 2028 καὶ
1210 1968 1465 2041 δοτικῆς
1521 1966 1769 2044 ςφωϊν
1829 1965 1970 2028 «καί
2025 1974 2231 2044 ςφωϊν
2290 1966 2404 2029 δὸς
2449 1963 2669 2039 ἄγειν»
2736 1965 2816 2044 (Α
2858 1962 3040 2043 338)·
3080 1972 3142 2021 15

452 2067 625 2151 τόνῳ
671 2069 785 2147 μὲν
831 2067 1008 2150 μόνῳ
1051 2070 1162 2145 τῆς
1206 2070 1324 2131 τοῦ
1370 2067 1675 2146 δευτέρου
1721 2067 2066 2143 διήνεγκεν.
2156 2067 2314 2131 ὥςτε
2361 2065 2469 2130 ὅτε
2516 2067 2630 2144 μὲν
2675 2066 2820 2144 περὶ
2863 2064 3039 2144 Ἀθη-

452 2172 567 2234 νᾶς
608 2170 713 2233 καὶ
754 2170 956 2247 Ἥρας
1001 2168 1166 2233 Ζεύς
1221 2170 1385 2247 πρὸς
1437 2172 1554 2247 τὴν
1599 2168 1750 2247 Ἶρίν
1806 2190 2032 2250 φηςιν,
2092 2168 2457 2244 ἐγκλιτικῶς
2519 2167 3037 2246 ἀναγινώςκομεν

456 2271 746 2347 «γυιώςὶι
792 2271 906 2350 μέν
952 2280 1158 2351 ςφωϊν
1205 2271 1328 2350 ὑφ’
1371 2270 1637 2350 ἅρμαςιν
1692 2270 1895 2338 ὠκέας
1935 2270 2218 2334 ἵππους»
2272 2267 2571 2366 (Θ’402ὶ.
2657 2268 2874 2347 τρίτου
2916 2269 3040 2347 γὰρ

452 2374 821 2452 προςώπου.
911 2373 1019 2437 ὅτε
1065 2374 1135 2437 δὲ
1180 2373 1342 2450 πρὸς
1387 2373 1585 2437 αὐτὰς
1634 2373 1673 2451 ἡ
1718 2372 1897 2454 Ἰρις,
1955 2371 2463 2451 ὀρθοτονοῦντες
2505 2377 3040 2450 προπεριςπῶμεν
3083 2383 3090 2390 “
3172 2366 3189 2377 ’

456 2476 788 2550 «γυιώςειν
834 2476 949 2553 μὲν
996 2478 1246 2553 ςφῶϊν
1292 2472 1415 2552 ὕφ’
1459 2473 1723 2553 ἅρμαςιν
1766 2473 1971 2538 ὠκέας
2010 2474 2293 2538 ἵππους»
2340 2474 2423 2555 (Θ
2453 2471 2622 2555 416).
3075 2480 3144 2531 20

458 2779 592 2832 κατ’
627 2779 658 2832 ὸ
696 2779 800 2831 θὸν
835 2778 1010 2831 τόνον
1046 2778 1406 2843 ἀναγνῶμεν,
1447 2780 1596 2832 ἔςται
1634 2779 1696 2831 ἐν
1730 2784 1851 2832 τοῖς
1886 2785 1989 2832 τοῦ
2020 2782 2251 2846 Νηρέως
2276 2780 2449 2832 οἴκοις
2476 2781 2507 2833 ό
2536 2781 2822 2846 Ἀχιλλεὺς
2858 2781 3042 2846 αὐτὴν

456 2848 634 2913 ἀκηκο
689 2862 730 2899 ς.
801 2847 1018 2912 ταύτην
1053 2848 1115 2899 δὲ
1149 2848 1258 2912 τὴν
1295 2846 1539 2912 ἰςτορίαν
1575 2848 1677 2899 οὐκ
1715 2849 1873 2899 οἶδεν
1907 2848 2181 2914 Ὄμηρος·
2218 2853 2464 2901 τοςαῦτα
2502 2849 2533 2900 ό
2563 2847 2914 2914 Ἀρίςταρχος
2950 2850 3041 2901 καὶ

456 2908 509 2969 ο’ἱ
554 2916 662 2968 ἀπ’
705 2916 899 2967 αὐτοῦ.
979 2916 1333 2979 Πτολεμαῖος
1378 2916 1439 2967 δὲ
1486 2915 1946 2978 ςυγκατατίθεται
1994 2918 2097 2981 μὲν
2141 2923 2210 2981 τῇ
2258 2917 2538 2981 ἐγκλιτικῇ
2586 2916 2924 2981 ἀναγνώςει,
2972 2917 3040 2969 οὐ

458 2985 569 3049 μὴν
613 2988 685 3047 τῇ
734 2984 1071 3050 προκειμένῃ
1120 2982 1296 3050 αἰτίᾳ,
1344 2983 1458 3046 εἴγε
1506 2986 1611 3049 ἤδη
1661 2985 1749 3035 καὶ
1796 2985 1971 3037 αὐτὸς
2019 2986 2050 3037 ὁ
2091 2985 2442 3050 Ἀρίςταρχος
2478 2984 2548 3035 τὸ
2583 2988 2840 3047 τοιοῦτο,
2888 2984 3040 3068 φηςί,

458 3052 910 3116 παρεφύλαςςεν,
959 3051 1037 3104 ὼς
1074 3052 1162 3103 ὅτι
1209 3056 1331 3104 ταῖς
1377 3052 1479 3115 μὲν
1526 3053 1927 3117 πρωτοτύποις
1973 3054 2160 3106 οὕτως
2205 3058 2402 3118 χρῆται
2451 3053 2592 3103 κατὰ
2639 3054 2747 3115 τὴν
2791 3068 3039 3116 γενικην,

456 3120 588 3183 ἐμέο
625 3119 803 3183 ἐμεῖο,
844 3120 1005 3183 ἐμεῦ,
1044 3119 1270 3183 ἐμέθεν,
1310 3118 1520 3181 ὁμοίως
1558 3120 1646 3171 καὶ
1684 3120 1777 3172 ἐπὶ
1813 3121 2081 3185 δευτέρου
2117 3122 2208 3173 καὶ
2244 3120 2465 3186 τρίτου,
2501 3125 2624 3172 ταῖς
2660 3120 2720 3172 δὲ
2757 3124 3042 3185 κτητικαῖς

455 3190 582 3252 ἤτοι
630 3187 766 3251 ἐμοῦ
816 3188 848 3252 ἢ
896 3188 1080 3251 ἐμοῖο,
1129 3191 1226 3240 ςοῦ
1274 3192 1414 3240 ςοῑο·
1465 3188 1693 3250 ἐγένετο
1739 3187 1869 3251 οὖν,
1918 3188 2077 3253 εἴπερ
2123 3190 2196 3253 ἦν
2244 3189 2505 3254 κτητική,
2555 3192 2697 3253 ςοῑο,
2747 3188 2890 3239 ὥςτε
2937 3187 3042 3240 κᾶν

458 3256 927 3321 ὀρθοτονήςωμεν
952 3257 1061 3318 τὴν
1097 3256 1216 3319 ςέο,
1244 3255 1311 3307 οὐ
1346 3255 1579 3307 δύναται
1604 3254 1916 3321 ἀμφίβολος
1941 3256 2308 3309 καθίςταςθαι.
2347 3257 2380 3320 ἡ
2408 3257 2514 3321 γὰρ
2538 3258 2730 3321 γραφὴ
2755 3255 3040 3320 διελέγχει,

458 3324 544 3374 ὅτι
571 3322 954 3387 πρωτότυπός
980 3323 1142 3375 ἐςτιν.
1180 3324 1409 3386 ἐγένετο
1434 3324 1538 3375 οῦν
1565 3324 1847 3388 ἐγκλιτικὴ
1874 3325 1908 3387 ἡ
1936 3323 2265 3389 ἀνάγνωςις,
2298 3325 2601 3389 ἐπειδήπερ
2626 3322 2778 3388 ἁπλῆ
2820 3324 2931 3376 ἐςτι
2951 3326 3042 3376 καὶ

458 3391 561 3443 οὐκ
587 3391 698 3454 ἔχει
724 3390 1162 3456 ἀντιδιαςτολήν.
1188 3393 1279 3442 καί
1305 3391 1686 3457 ἐπεκράτηςεν
1712 3393 1746 3455 ἡ
1775 3392 2100 3455 ἀνάγνωςις.
2128 3396 2198 3447 cf.
2222 3394 2404 3459 Apoll.
2428 3395 2495 3444 de
2524 3398 2666 3457 synt.
2689 3410 2741 3457 p.
2765 3395 2862 3443 158
2888 3410 3039 3458 seqq.

460 3466 515 3510 et
543 3460 609 3509 de
635 3476 788 3523 pron.
820 3461 932 3510 136.
1046 3460 1082 3509 l.
1106 3463 1137 3509 2
1163 3461 1227 3510 de
1256 3460 1385 3511 ἕθεν
1410 3462 1480 3515 ef.
1508 3463 1568 3510 Ε.
1597 3462 1737 3515 Gud.
1766 3464 1879 3523 161,
1905 3464 1988 3517 58,
2017 3464 2118 3527 Ep.
2148 3462 2234 3511 Cr.
2261 3464 2284 3511 1
2314 3465 2434 3511 142:
2469 3460 2624 3511 ἕθενῑ
2674 3459 2855 3512 εἴδους
2890 3475 3042 3525 πρω-

457 3526 725 3579 τοτύπου.
764 3524 816 3578 οἱ
843 3526 945 3589 μὲν
970 3526 1087 3579 νέοι
1113 3528 1255 3579 κατὰ
1279 3527 1523 3580 διάλυςιν
1550 3532 1800 3580 ποιοῡςιν
1828 3528 1890 3580 ἐκ
1915 3532 2017 3580 τοῦ
2040 3532 2136 3581 ςοῦ
2159 3530 2250 3581 ςέο
2270 3528 2463 3581 ςεόθεν
2483 3530 2574 3580 καὶ
2594 3528 2736 3579 κατὰ
2756 3530 3043 3592 ςυγκοπὴν

459 3596 549 3646 καί
574 3594 867 3659 ἀποβολὴν
890 3598 994 3645 τοῦ
1032 3599 1064 3646 ὃ
1090 3594 1233 3647 ἕθεν.
1283 3596 1314 3647 ό
1340 3596 1400 3647 δὲ
1427 3597 1769 3660 Ἡρωδιανὸς
1795 3596 1858 3648 ἐκ
1882 3600 1985 3648 τοῦ
2014 3596 2139 3662 ἐμέ,
2180 3597 2263 3661 ςέ,
2303 3598 2331 3649 ἕ
2354 3595 2549 3662 τρίτου
2575 3595 2883 3667 προςώπου
2910 3610 3014 3647 κατ
3031 3596 3044 3612 ’

459 3677 754 3730 ἐπέκταςιν
778 3680 882 3742 τῆς
918 3682 1031 3730 θεν.
1170 3681 1206 3730 l.
1244 3684 1275 3730 3
1313 3679 1620 3743 προςώπου
1657 3682 1781 3730 add.
1822 3682 2036 3744 Bloch,
2076 3683 2109 3731 l.
2148 3685 2177 3732 7
2218 3683 2472 3732 lacunam
2510 3682 2751 3747 explevit
2787 3682 3043 3731 Bloebius

458 3748 642 3797 verbis
687 3746 776 3796 καὶ
822 3744 1156 3812 αἰτιατικῆς,
1205 3748 1403 3812 quibus
1450 3749 1567 3813 ipse
1614 3745 1691 3799 εἰς
1728 3752 1777 3799 su*
1822 3751 2080 3815 apposui,
2128 3751 2273 3801 idem
2319 3751 2353 3799 l.
2395 3754 2452 3800 ll
2493 3749 2644 3813 μένει
2688 3750 2942 3800 inseruit.
2977 3778 3042 3784 —

459 3814 494 3865 l.
538 3818 601 3864 14
639 3808 893 3864 lacunam
929 3817 1146 3881 explevi
1183 3817 1368 3866 verbis
1404 3815 1554 3867 ἐςτίν
1590 3815 1779 3867 εὐθεῖα
1815 3819 2114 3869 secundum
2152 3820 2386 3868 Charac.
2424 3818 2601 3868 Bekk.
2640 3817 2739 3867 An.
2779 3820 2934 3867 1151:
2982 3816 3045 3868 ἐν

457 3886 579 3934 ταῖς
626 3880 864 3934 εὐθείαις
910 3881 1265 3947 ἀντωνυμίας
1313 3884 1387 3945 μὴ
1435 3882 1855 3949 ἐγκλινομένης;
1894 3886 1928 3935 l.
1970 3889 2032 3937 19
2079 3885 2522 3950 ὀρθοτονοῦντες
2567 3888 3043 3949 προπεριςπῶμεν

459 3952 659 4015 scripsi
697 3967 792 4015 pro
829 3949 1035 4014 ὁρθοτο
1062 3990 1225 4001 .....
1265 3954 1663 4015 περιςπῶνται.
1718 3956 1802 4003 De
1842 3954 2099 4004 dualibus
2138 3956 2344 4019 primae
2383 3960 2438 4004 et
2476 3953 2749 4003 secundae
2777 3970 3042 4017 personae

461 4019 533 4068 cf.
572 4019 672 4067 hos
707 4018 884 4068 locos:
922 4020 987 4070 Il.
1026 4022 1114 4072 Pr.
1154 4019 1196 4072 Α
1234 4022 1357 4071 574:
1397 4018 1549 4083 ςφωε
1589 4020 1656 4071 οὐ
1696 4020 2069 4084 πρωτόθετον
2104 4022 2287 4086 αὐτήν
2323 4036 2491 4086 φηςιν
2522 4020 2877 4084 Ἡρωδιανὸς.
2932 4021 3044 4072 δυϊ-

460 4085 563 4137 κὸν
599 4083 715 4136 ἀπὸ
751 4087 855 4150 τῆς
893 4089 1067 4151 ςφῶϊε
1116 4087 1202 4138 διὸ
1240 4086 1519 4139 ὀξύνεται·
1575 4087 1644 4139 τὸ
1681 4088 1787 4152 γὰρ
1824 4094 1874 4140 ῖῡ
1909 4092 2031 4139 τῶν
2077 4090 2287 4141 δυϊκῶν
2323 4088 2709 4152 ἀπέςτραπται
2746 4089 2853 4150 τὴν
2893 4104 3042 4153 περι-

461 4152 778 4219 ςπωμένην.
859 4152 897 4206 Ε
933 4158 1057 4205 219:
1113 4153 1223 4205 νώε
1280 4154 1349 4205 τὸ
1396 4155 1478 4205 νώ
1536 4156 1968 4221 βαρυτονητέον.
2048 4157 2194 4209 ἅπαξ
2230 4156 2292 4208 δέ
2346 4156 2407 4207 ἐν
2447 4154 2622 4207 Ἰλιάδι
2660 4157 2749 4206 καὶ
2785 4155 2932 4208 ἅπαξ
2979 4155 3042 4206 ἐν

464 4219 743 4287 Ὀδυςςείᾳ
778 4225 862 4287 τῷ
902 4222 983 4272 νώ
1022 4221 1295 4287 ἐχρήςατο
1332 4223 1465 4274 κατ’
1499 4221 1812 4288 αἰτιατικὴν
1850 4227 2091 4287 πτῶςιν,
2132 4224 2320 4288 ὥςπερ
2359 4224 2446 4274 καὶ
2490 4221 2711 4274 ἐνθάδε·
2750 4223 2875 4275 «νὼ
2914 4223 3044 4275 ἀνα-

460 4288 799 4353 βηςάμενοι»
846 4289 972 4354 (Od.
1017 4306 1049 4341 ο
1094 4289 1233 4354 475).
1314 4289 1492 4342 ὁπότε
1541 4291 1797 4354 μέντοιγε
1854 4292 1954 4344 ςὺν
2007 4297 2091 4358 τῷ
2147 4297 2179 4342 ῖ
2230 4292 2476 4354 λέγεται,
2532 4290 2622 4341 καὶ
2679 4289 2780 4342 ἐπ’
2825 4290 3043 4344 εὐθείας

459 4356 602 4409 αὐτὸ
639 4356 821 4409 τάςςει
859 4358 948 4409 καὶ
987 4357 1087 4409 ἐπ’
1122 4356 1431 4423 αἰτιατικῆς
1458 4360 1547 4409 καὶ
1574 4363 2022 4427 προπεριςπᾶτοᾳ
2059 4372 2089 4409 <<
2104 4362 2212 4411 νῶϊ
2233 4360 2292 4411 δ’
2315 4358 2427 4422 ἐγὼ
2455 4358 2770 4411 Εθένελος»
2796 4360 2885 4423 (Il.
2913 4360 2925 4411 Ι
2951 4359 3043 4423 48)

459 4425 549 4476 καὶ
586 4424 695 4476 ((οὐ
734 4426 796 4477 δ’
830 4424 901 4476 ἂν
936 4427 1044 4477 νῶϊ
1080 4425 1358 4491 διαδράκοι
1395 4425 1583 4490 ἠέλιός
1621 4442 1771 4491 περ»
1807 4428 1896 4493 (ΙΙ.
1935 4429 1982 4481 Ξ
2018 4428 2157 4493 344).
2229 4429 2355 4492 περὶ
2393 4428 2453 4479 δέ
2489 4426 2703 4479 τάςεως
2738 4431 2841 4479 τοῦ
2882 4443 3042 4491 μονο-

460 4492 761 4557 ςυλλάβου,
808 4493 896 4545 διὰ
946 4491 1001 4544 τί
1038 4494 1105 4545 οὐ
1144 4494 1544 4558 περιέςπάςθη,
1593 4493 1656 4545 ἐν
1698 4499 1784 4561 τῷ
1831 4496 1959 4561 περὶ
2006 4494 2382 4560 ἀντωνυμιῶν
2425 4496 2718 4560 δηλοῦται·
2767 4496 2857 4546 καί
2901 4494 3045 4559 τάχα

461 4559 581 4612 ἐπεὶ
617 4561 787 4613 οὐδέν
822 4561 1018 4614 δυϊκὸν
1064 4560 1143 4614 εἰς
1189 4568 1236 4613 ω’
1274 4564 1305 4614 λ
1347 4577 1450 4624 γον
1488 4565 1843 4626 περιςπᾶται·
1889 4565 2076 4616 οὕτως
2121 4564 2227 4628 γὰρ
2264 4564 2376 4628 ἔχει
2422 4565 2511 4615 καὶ
2546 4563 2616 4614 τὸ
2652 4562 2805 4627 ςφώ,
2852 4563 3042 4615 ταςςό-

463 4640 634 4690 μενον
672 4631 762 4681 καί
799 4629 901 4681 ἐπ’
937 4628 1157 4682 εὐθείας
1194 4630 1283 4682 καὶ
1349 4630 1419 4681 π’
1453 4628 1775 4695 αἰτιατικῆς.
1848 4633 1937 4683 καὶ
1985 4622 2319 4697 παρ’ῒιύτῷ
2367 4630 2534 4696 «ςφὼ
2580 4631 2641 4682 δὲ
2686 4629 2817 4694 μάλ’
2852 4631 3043 4697 ἠθέλε·

462 4709 608 4748 τον»
642 4697 731 4763 (n.
768 4698 813 4750 Λ
851 4698 973 4763 782)
1010 4696 1197 4750 «Ζεὺς
1235 4697 1359 4762 ςφὼ
1396 4697 1455 4749 ἐς
1492 4697 1684 4763 Ἴδην»
1720 4700 1809 4763 (ll.
1850 4700 1896 4752 Ο
1937 4700 2074 4764 146).
2146 4701 2185 4752 Β
2223 4704 2348 4750 262:
2385 4699 2455 4751 τὸ
2494 4699 2786 4751 πτωτικόν
2824 4705 2871 4750 u]
2910 4699 3042 4751 ἀπέ-

465 4777 734 4827 ςτραπται
768 4765 875 4817 τὸν
911 4765 1342 4831 περιςπώμενον
1377 4765 1566 4818 τόνον.
1638 4768 1931 4833 Egregium
1983 4770 2047 4818 de
2095 4770 2182 4819 his
2221 4768 2408 4819 formis
2453 4769 2816 4834 fragmentum
2859 4774 3044 4819 exstat

467 4832 767 4883 Herodiani
802 4835 859 4886 in
896 4838 956 4886 Ε.
994 4839 1069 4889 Μ.
1105 4838 1221 4902 609,
1247 4839 1338 4887 3οε
1377 4832 1486 4885 νώε
1526 4834 1673 4887 ἅπαξ
1711 4834 1984 4903 ἐχρήςατο
2020 4835 2200 4905 ταύτῃ
2236 4841 2307 4903 τῇ
2346 4837 2487 4889 λέξει
2526 4836 2557 4887 ὁ
2596 4837 2834 4905 ποιητὴς
2873 4835 2934 4888 ἐν
2969 4841 3040 4903 τῇ
