<?xml version="1.0" encoding="UTF-8"?>
<!DOCTYPE html PUBLIC "-//W3C//DTD XHTML 1.0 Transitional//EN"
    "http://www.w3.org/TR/xhtml1/DTD/xhtml1-transitional.dtd">
<html xmlns="http://www.w3.org/1999/xhtml" xml:lang="en" lang="en">
 <head>
  <title>
</title>
<meta http-equiv="Content-Type" content="text/html;charset=utf-8" />
  <meta name='ocr-system' content='tesseract 3.04.00' />
  <meta name='ocr-capabilities' content='ocr_page ocr_carea ocr_par ocr_line ocrx_word'/>
</head>
<body>
  <div class='ocr_page' id='page_1' title='image "./grammaticigraec02unkngoog_0207.png"; bbox 0 0 3664 5546; ppageno 0'>
   <div class='ocr_carea' id='block_1_1' title="bbox 1553 371 3054 420">
    <p class='ocr_par' dir='ltr' id='par_1_1' title="bbox 1553 371 3054 420">
     <span class='ocr_line' id='line_1_1' title="bbox 1553 371 3054 420; baseline 0.001 -2"><span class='ocrx_word' id='word_1_1' title='bbox 1553 371 1972 420; x_wconf 79' lang='lat' dir='ltr'>PRAEFATIO.</span> <span class='ocrx_word' id='word_1_2' title='bbox 2893 372 3054 420; x_wconf 85' lang='lat' dir='ltr'>CXCI</span> 
     </span>
    </p>
   </div>
   <div class='ocr_carea' id='block_1_2' title="bbox 391 522 3057 4367">
    <p class='ocr_par' dir='ltr' id='par_1_2' title="bbox 391 522 3057 4367">
     <span class='ocr_line' id='line_1_2' title="bbox 460 522 3057 611; baseline 0.002 -25"><span class='ocrx_word' id='word_1_3' title='bbox 460 524 532 586; x_wconf 93' lang='lat' dir='ltr'><strong>in</strong></span> <span class='ocrx_word' id='word_1_4' title='bbox 578 522 658 586; x_wconf 83' lang='lat' dir='ltr'><strong>E.</strong></span> <span class='ocrx_word' id='word_1_5' title='bbox 703 524 795 587; x_wconf 91' lang='lat' dir='ltr'><strong>M.</strong></span> <span class='ocrx_word' id='word_1_6' title='bbox 842 546 925 588; x_wconf 81' lang='lat' dir='ltr'><strong>ex</strong></span> <span class='ocrx_word' id='word_1_7' title='bbox 973 523 1207 590; x_wconf 89' lang='lat' dir='ltr'><strong>Choer.</strong></span> <span class='ocrx_word' id='word_1_8' title='bbox 1268 527 1416 605; x_wconf 85' lang='grc' dir='ltr'><strong>περὶ</strong></span> <span class='ocrx_word' id='word_1_9' title='bbox 1458 547 1601 590; x_wconf 90' lang='grc' dir='ltr'><strong>πος.</strong></span> <span class='ocrx_word' id='word_1_10' title='bbox 1663 535 1958 606; x_wconf 84' lang='lat' dir='ltr'><strong>exstant,</strong></span> <span class='ocrx_word' id='word_1_11' title='bbox 2016 524 2235 589; x_wconf 86' lang='lat' dir='ltr'><strong>omnia</strong></span> <span class='ocrx_word' id='word_1_12' title='bbox 2287 524 2371 588; x_wconf 86' lang='lat' dir='ltr'><strong>ad</strong></span> <span class='ocrx_word' id='word_1_13' title='bbox 2431 526 2818 611; x_wconf 82' lang='lat' dir='ltr'><strong>scripturam</strong></span> <span class='ocrx_word' id='word_1_14' title='bbox 2874 549 2991 611; x_wconf 75' lang='lat' dir='ltr'><strong>per</strong></span> <span class='ocrx_word' id='word_1_15' title='bbox 3035 531 3057 591; x_wconf 89' lang='grc' dir='ltr'><strong>ῐ</strong></span> 
     </span>
     <span class='ocr_line' id='line_1_3' title="bbox 461 624 3053 712; baseline 0.002 -25"><span class='ocrx_word' id='word_1_16' title='bbox 461 624 904 711; x_wconf 88' lang='lat' dir='ltr'><strong>subscriptum</strong></span> <span class='ocrx_word' id='word_1_17' title='bbox 972 627 1304 711; x_wconf 82' lang='lat' dir='ltr'>pertinent</span> <span class='ocrx_word' id='word_1_18' title='bbox 1367 627 1470 707; x_wconf 99' lang='grc'><strong>29,</strong></span> <span class='ocrx_word' id='word_1_19' title='bbox 1513 627 1590 690; x_wconf 89' lang='grc'><strong>31</strong></span> <span class='ocrx_word' id='word_1_20' title='bbox 1649 629 1942 709; x_wconf 82' lang='grc' dir='ltr'>Μινῷος;</span> <span class='ocrx_word' id='word_1_21' title='bbox 2003 625 2117 705; x_wconf 84' lang='grc'><strong>38,</strong></span> <span class='ocrx_word' id='word_1_22' title='bbox 2160 626 2243 688; x_wconf 86' lang='grc'><strong>34</strong></span> <span class='ocrx_word' id='word_1_23' title='bbox 2300 627 2493 708; x_wconf 70' lang='grc' dir='ltr'>ᾄρας,</span> <span class='ocrx_word' id='word_1_24' title='bbox 2561 627 2673 708; x_wconf 83' lang='grc'><strong>73,</strong></span> <span class='ocrx_word' id='word_1_25' title='bbox 2717 627 2802 692; x_wconf 78' lang='lat'><strong>55</strong></span> <span class='ocrx_word' id='word_1_26' title='bbox 2841 628 3053 712; x_wconf 74' lang='grc' dir='ltr'>ἁλῴης</span> 
     </span>
     <span class='ocr_line' id='line_1_4' title="bbox 464 725 3053 813; baseline 0.002 -24"><span class='ocrx_word' id='word_1_27' title='bbox 464 726 568 804; x_wconf 90' lang='grc'><strong>78,</strong></span> <span class='ocrx_word' id='word_1_28' title='bbox 609 727 688 790; x_wconf 82' lang='grc'><strong>51</strong></span> <span class='ocrx_word' id='word_1_29' title='bbox 733 729 959 811; x_wconf 70' lang='grc' dir='ltr'>ταύτῃ,</span> <span class='ocrx_word' id='word_1_30' title='bbox 1009 726 1158 808; x_wconf 91' lang='grc'>167,</span> <span class='ocrx_word' id='word_1_31' title='bbox 1202 727 1245 790; x_wconf 81' lang='lat'>5</span> <span class='ocrx_word' id='word_1_32' title='bbox 1289 728 1655 813; x_wconf 80' lang='grc' dir='ltr'>Ἀτρείδῃςι;</span> <span class='ocrx_word' id='word_1_33' title='bbox 1703 749 1788 790; x_wconf 84' lang='lat' dir='ltr'><strong>cx</strong></span> <span class='ocrx_word' id='word_1_34' title='bbox 1832 727 1933 789; x_wconf 91' lang='lat' dir='ltr'><strong>his</strong></span> <span class='ocrx_word' id='word_1_35' title='bbox 1982 725 2444 791; x_wconf 86' lang='lat' dir='ltr'><strong>adnotamenta</strong></span> <span class='ocrx_word' id='word_1_36' title='bbox 2485 727 2566 791; x_wconf 85' lang='lat' dir='ltr'><strong>de</strong></span> <span class='ocrx_word' id='word_1_37' title='bbox 2616 729 2805 812; x_wconf 83' lang='grc' dir='ltr'>ᾄρας,</span> <span class='ocrx_word' id='word_1_38' title='bbox 2853 730 3053 811; x_wconf 80' lang='grc' dir='ltr'>ἁλῴη,</span> 
     </span>
     <span class='ocr_line' id='line_1_5' title="bbox 462 821 3051 914; baseline 0.001 -23"><span class='ocrx_word' id='word_1_39' title='bbox 462 829 664 910; x_wconf 84' lang='grc' dir='ltr'>ταύτῃ</span> <span class='ocrx_word' id='word_1_40' title='bbox 709 826 776 889; x_wconf 89' lang='lat' dir='ltr'><strong>in</strong></span> <span class='ocrx_word' id='word_1_41' title='bbox 822 827 1039 891; x_wconf 85' lang='lat' dir='ltr'><strong>Cram.</strong></span> <span class='ocrx_word' id='word_1_42' title='bbox 1086 821 1524 893; x_wconf 54' lang='lat' dir='ltr'><strong>An.&#39;omnino</strong></span> <span class='ocrx_word' id='word_1_43' title='bbox 1567 851 1698 892; x_wconf 90' lang='lat' dir='ltr'><strong>non</strong></span> <span class='ocrx_word' id='word_1_44' title='bbox 1745 837 2041 911; x_wconf 81' lang='lat' dir='ltr'><strong>exstant3</strong></span> <span class='ocrx_word' id='word_1_45' title='bbox 2088 849 2254 913; x_wconf 86' lang='lat' dir='ltr'><strong>quae</strong></span> <span class='ocrx_word' id='word_1_46' title='bbox 2300 829 2382 892; x_wconf 89' lang='lat' dir='ltr'><strong>de</strong></span> <span class='ocrx_word' id='word_1_47' title='bbox 2428 830 2765 914; x_wconf 80' lang='grc' dir='ltr'>Ἀτρείδῃςι</span> <span class='ocrx_word' id='word_1_48' title='bbox 2812 852 2877 914; x_wconf 91' lang='lat' dir='ltr'><strong>p.</strong></span> <span class='ocrx_word' id='word_1_49' title='bbox 2908 831 3051 910; x_wconf 85' lang='grc'>307,</span> 
     </span>
     <span class='ocr_line' id='line_1_6' title="bbox 467 927 3050 1015; baseline 0 -23"><span class='ocrx_word' id='word_1_50' title='bbox 467 929 548 992; x_wconf 79' lang='lat'><strong>15</strong></span> <span class='ocrx_word' id='word_1_51' title='bbox 593 940 658 991; x_wconf 86' lang='lat' dir='ltr'><strong>et</strong></span> <span class='ocrx_word' id='word_1_52' title='bbox 699 927 781 992; x_wconf 86' lang='lat' dir='ltr'><strong>de</strong></span> <span class='ocrx_word' id='word_1_53' title='bbox 814 932 1078 1013; x_wconf 82' lang='grc' dir='ltr'>Μινῷος</span> <span class='ocrx_word' id='word_1_54' title='bbox 1123 930 1267 1009; x_wconf 89' lang='grc'>286,</span> <span class='ocrx_word' id='word_1_55' title='bbox 1301 930 1385 992; x_wconf 88' lang='grc'><strong>22</strong></span> <span class='ocrx_word' id='word_1_56' title='bbox 1415 928 1749 1010; x_wconf 87' lang='lat' dir='ltr'><strong>dicuntur,</strong></span> <span class='ocrx_word' id='word_1_57' title='bbox 1797 951 1925 992; x_wconf 91' lang='lat' dir='ltr'><strong>non</strong></span> <span class='ocrx_word' id='word_1_58' title='bbox 1960 929 2043 994; x_wconf 89' lang='lat' dir='ltr'><strong>ab</strong></span> <span class='ocrx_word' id='word_1_59' title='bbox 2076 933 2251 994; x_wconf 89' lang='lat' dir='ltr'><strong>omni</strong></span> <span class='ocrx_word' id='word_1_60' title='bbox 2282 940 2467 1015; x_wconf 88' lang='lat' dir='ltr'><strong>parte</strong></span> <span class='ocrx_word' id='word_1_61' title='bbox 2496 941 2867 1014; x_wconf 85' lang='lat' dir='ltr'><strong>congruunt</strong></span> <span class='ocrx_word' id='word_1_62' title='bbox 2905 953 3050 993; x_wconf 89' lang='lat' dir='ltr'><strong>cum</strong></span> 
     </span>
     <span class='ocr_line' id='line_1_7' title="bbox 464 1030 3050 1117; baseline 0 -24"><span class='ocrx_word' id='word_1_63' title='bbox 464 1031 544 1094; x_wconf 93' lang='lat' dir='ltr'><strong>E.</strong></span> <span class='ocrx_word' id='word_1_64' title='bbox 595 1031 715 1111; x_wconf 65' lang='lat' dir='ltr'><strong>M„</strong></span> <span class='ocrx_word' id='word_1_65' title='bbox 760 1053 969 1117; x_wconf 88' lang='lat' dir='ltr'><strong>neque</strong></span> <span class='ocrx_word' id='word_1_66' title='bbox 1014 1042 1234 1095; x_wconf 89' lang='lat' dir='ltr'><strong>tamen</strong></span> <span class='ocrx_word' id='word_1_67' title='bbox 1280 1042 1412 1095; x_wconf 91' lang='lat' dir='ltr'><strong>tam</strong></span> <span class='ocrx_word' id='word_1_68' title='bbox 1458 1030 1722 1095; x_wconf 88' lang='lat' dir='ltr'><strong>diversa</strong></span> <span class='ocrx_word' id='word_1_69' title='bbox 1767 1040 1950 1111; x_wconf 89' lang='lat' dir='ltr'><strong>sunt,</strong></span> <span class='ocrx_word' id='word_1_70' title='bbox 2008 1041 2081 1095; x_wconf 89' lang='lat' dir='ltr'><strong>ut</strong></span> <span class='ocrx_word' id='word_1_71' title='bbox 2124 1053 2255 1094; x_wconf 89' lang='lat' dir='ltr'><strong>non</strong></span> <span class='ocrx_word' id='word_1_72' title='bbox 2300 1055 2384 1095; x_wconf 82' lang='lat' dir='ltr'><strong>ex</strong></span> <span class='ocrx_word' id='word_1_73' title='bbox 2438 1031 2663 1095; x_wconf 89' lang='lat' dir='ltr'><strong>eodem</strong></span> <span class='ocrx_word' id='word_1_74' title='bbox 2721 1032 2899 1096; x_wconf 88' lang='lat' dir='ltr'><strong>fonte</strong></span> <span class='ocrx_word' id='word_1_75' title='bbox 2944 1032 3050 1094; x_wconf 86' lang='lat' dir='ltr'><strong>de-</strong></span> 
     </span>
     <span class='ocr_line' id='line_1_8' title="bbox 461 1131 3051 1220; baseline 0 -26"><span class='ocrx_word' id='word_1_76' title='bbox 461 1134 685 1197; x_wconf 83' lang='lat' dir='ltr'><strong>rivata</strong></span> <span class='ocrx_word' id='word_1_77' title='bbox 740 1155 882 1197; x_wconf 85' lang='lat' dir='ltr'><strong>esse</strong></span> <span class='ocrx_word' id='word_1_78' title='bbox 938 1143 1200 1220; x_wconf 82' lang='lat' dir='ltr'><strong>queant.</strong></span> <span class='ocrx_word' id='word_1_79' title='bbox 1297 1131 1464 1195; x_wconf 86' lang='lat' dir='ltr'><strong>Nam</strong></span> <span class='ocrx_word' id='word_1_80' title='bbox 1533 1133 1598 1196; x_wconf 90' lang='lat' dir='ltr'><strong>in</strong></span> <span class='ocrx_word' id='word_1_81' title='bbox 1668 1131 2101 1219; x_wconf 78' lang='lat' dir='ltr'><strong>excerpendis</strong></span> <span class='ocrx_word' id='word_1_82' title='bbox 2169 1135 2739 1216; x_wconf 82' lang='lat' dir='ltr'><strong>grammaticorum</strong></span> <span class='ocrx_word' id='word_1_83' title='bbox 2792 1133 3051 1218; x_wconf 84' lang='lat' dir='ltr'><strong>scriptis</strong></span> 
     </span>
     <span class='ocr_line' id='line_1_9' title="bbox 465 1232 3051 1319; baseline -0 -22"><span class='ocrx_word' id='word_1_84' title='bbox 465 1232 806 1319; x_wconf 87' lang='lat' dir='ltr'><strong>ampliatio</strong></span> <span class='ocrx_word' id='word_1_85' title='bbox 855 1246 919 1299; x_wconf 88' lang='lat' dir='ltr'><strong>ct</strong></span> <span class='ocrx_word' id='word_1_86' title='bbox 965 1234 1333 1298; x_wconf 78' lang='lat' dir='ltr'><strong>decurtatio</strong></span> <span class='ocrx_word' id='word_1_87' title='bbox 1381 1236 1540 1298; x_wconf 84' lang='lat' dir='ltr'><strong>satis</strong></span> <span class='ocrx_word' id='word_1_88' title='bbox 1587 1244 1937 1297; x_wconf 78' lang='lat' dir='ltr'><strong>consuetae</strong></span> <span class='ocrx_word' id='word_1_89' title='bbox 1983 1243 2153 1297; x_wconf 90' lang='lat' dir='ltr'><strong>sunt.</strong></span> <span class='ocrx_word' id='word_1_90' title='bbox 2203 1233 2348 1314; x_wconf 77' lang='lat' dir='ltr'><strong>Quo</strong></span> <span class='ocrx_word' id='word_1_91' title='bbox 2382 1233 2662 1314; x_wconf 83' lang='lat' dir='ltr'><strong>accedit,</strong></span> <span class='ocrx_word' id='word_1_92' title='bbox 2710 1244 2783 1298; x_wconf 91' lang='lat' dir='ltr'><strong>ut</strong></span> <span class='ocrx_word' id='word_1_93' title='bbox 2828 1236 3051 1314; x_wconf 79' lang='lat' dir='ltr'><strong>multa,</strong></span> 
     </span>
     <span class='ocr_line' id='line_1_10' title="bbox 463 1335 3049 1422; baseline 0.001 -24"><span class='ocrx_word' id='word_1_94' title='bbox 463 1357 635 1420; x_wconf 89' lang='lat' dir='ltr'><strong>quae</strong></span> <span class='ocrx_word' id='word_1_95' title='bbox 680 1336 745 1398; x_wconf 92' lang='lat' dir='ltr'><strong>in</strong></span> <span class='ocrx_word' id='word_1_96' title='bbox 801 1335 968 1400; x_wconf 89' lang='lat' dir='ltr'><strong>libro</strong></span> <span class='ocrx_word' id='word_1_97' title='bbox 1026 1339 1172 1414; x_wconf 86' lang='grc' dir='ltr'><strong>περὶ</strong></span> <span class='ocrx_word' id='word_1_98' title='bbox 1226 1337 1583 1414; x_wconf 84' lang='grc' dir='ltr'>ποςότητος</span> <span class='ocrx_word' id='word_1_99' title='bbox 1638 1358 1741 1422; x_wconf 86' lang='lat' dir='ltr'><strong>ap.</strong></span> <span class='ocrx_word' id='word_1_100' title='bbox 1791 1335 1902 1399; x_wconf 85' lang='lat' dir='ltr'><strong>Cr.</strong></span> <span class='ocrx_word' id='word_1_101' title='bbox 1959 1335 2294 1420; x_wconf 75' lang='lat' dir='ltr'><strong>leguntur,</strong></span> <span class='ocrx_word' id='word_1_102' title='bbox 2351 1336 2651 1400; x_wconf 88' lang='lat' dir='ltr'><strong>similiter</strong></span> <span class='ocrx_word' id='word_1_103' title='bbox 2705 1336 2769 1399; x_wconf 92' lang='lat' dir='ltr'><strong>in</strong></span> <span class='ocrx_word' id='word_1_104' title='bbox 2817 1335 3049 1400; x_wconf 82' lang='lat' dir='ltr'><strong>Choer.</strong></span> 
     </span>
     <span class='ocr_line' id='line_1_11' title="bbox 462 1435 3052 1522; baseline -0.001 -22"><span class='ocrx_word' id='word_1_105' title='bbox 462 1435 956 1522; x_wconf 77' lang='lat' dir='ltr'><strong>orthographia</strong></span> <span class='ocrx_word' id='word_1_106' title='bbox 1021 1435 1387 1501; x_wconf 88' lang='lat' dir='ltr'><strong>tradantur.</strong></span> <span class='ocrx_word' id='word_1_107' title='bbox 1501 1437 1942 1501; x_wconf 87' lang='lat' dir='ltr'><strong>Conferantur</strong></span> <span class='ocrx_word' id='word_1_108' title='bbox 2008 1437 2237 1501; x_wconf 81' lang='lat' dir='ltr'><strong>Choer.</strong></span> <span class='ocrx_word' id='word_1_109' title='bbox 2297 1437 2484 1502; x_wconf 84' lang='lat' dir='ltr'><strong>Orth.</strong></span> <span class='ocrx_word' id='word_1_110' title='bbox 2549 1437 2699 1514; x_wconf 83' lang='lat'>167,</span> <span class='ocrx_word' id='word_1_111' title='bbox 2755 1435 2838 1499; x_wconf 87' lang='grc'><strong>26</strong></span> <span class='ocrx_word' id='word_1_112' title='bbox 2907 1459 3052 1500; x_wconf 80' lang='lat' dir='ltr'><strong>cum</strong></span> 
     </span>
     <span class='ocr_line' id='line_1_12' title="bbox 460 1537 3052 1620; baseline -0.001 -17"><span class='ocrx_word' id='word_1_113' title='bbox 460 1539 611 1617; x_wconf 83' lang='grc' dir='ltr'><strong>περὶ</strong></span> <span class='ocrx_word' id='word_1_114' title='bbox 655 1560 795 1603; x_wconf 88' lang='grc' dir='ltr'><strong>πος.</strong></span> <span class='ocrx_word' id='word_1_115' title='bbox 839 1539 986 1618; x_wconf 91' lang='grc'>294,</span> <span class='ocrx_word' id='word_1_116' title='bbox 1038 1539 1147 1619; x_wconf 82' lang='grc'><strong>11;</strong></span> <span class='ocrx_word' id='word_1_117' title='bbox 1195 1537 1430 1603; x_wconf 87' lang='lat' dir='ltr'><strong>Choer.</strong></span> <span class='ocrx_word' id='word_1_118' title='bbox 1463 1537 1612 1619; x_wconf 80' lang='lat'><strong>273,</strong></span> <span class='ocrx_word' id='word_1_119' title='bbox 1661 1538 1744 1601; x_wconf 90' lang='grc'><strong>23</strong></span> <span class='ocrx_word' id='word_1_120' title='bbox 1790 1560 1935 1601; x_wconf 91' lang='lat' dir='ltr'><strong>cum</strong></span> <span class='ocrx_word' id='word_1_121' title='bbox 1983 1561 2047 1603; x_wconf 89' lang='grc' dir='ltr'><strong>π.</strong></span> <span class='ocrx_word' id='word_1_122' title='bbox 2078 1561 2142 1603; x_wconf 92' lang='grc' dir='ltr'><strong>π.</strong></span> <span class='ocrx_word' id='word_1_123' title='bbox 2188 1538 2347 1619; x_wconf 83' lang='grc'>283,</span> <span class='ocrx_word' id='word_1_124' title='bbox 2399 1539 2508 1620; x_wconf 82' lang='grc'>15;</span> <span class='ocrx_word' id='word_1_125' title='bbox 2555 1537 2788 1602; x_wconf 86' lang='lat' dir='ltr'><strong>Choer.</strong></span> <span class='ocrx_word' id='word_1_126' title='bbox 2819 1537 2980 1618; x_wconf 89' lang='grc'>276,</span> <span class='ocrx_word' id='word_1_127' title='bbox 3013 1540 3052 1601; x_wconf 86' lang='grc'>3</span> 
     </span>
     <span class='ocr_line' id='line_1_13' title="bbox 460 1637 3052 1723; baseline 0 -19"><span class='ocrx_word' id='word_1_128' title='bbox 460 1663 528 1704; x_wconf 88' lang='grc' dir='ltr'><strong>π.</strong></span> <span class='ocrx_word' id='word_1_129' title='bbox 576 1663 639 1705; x_wconf 88' lang='grc' dir='ltr'><strong>π.</strong></span> <span class='ocrx_word' id='word_1_130' title='bbox 685 1640 839 1719; x_wconf 86' lang='grc'>309,</span> <span class='ocrx_word' id='word_1_131' title='bbox 886 1639 1001 1722; x_wconf 80' lang='lat'><strong>263</strong></span> <span class='ocrx_word' id='word_1_132' title='bbox 1050 1637 1282 1703; x_wconf 85' lang='lat' dir='ltr'><strong>Choer.</strong></span> <span class='ocrx_word' id='word_1_133' title='bbox 1337 1640 1487 1720; x_wconf 89' lang='grc'>168,</span> <span class='ocrx_word' id='word_1_134' title='bbox 1534 1641 1575 1702; x_wconf 85' lang='grc'>6</span> <span class='ocrx_word' id='word_1_135' title='bbox 1619 1642 1766 1719; x_wconf 85' lang='grc' dir='ltr'><strong>περὶ</strong></span> <span class='ocrx_word' id='word_1_136' title='bbox 1809 1661 1950 1705; x_wconf 91' lang='grc' dir='ltr'><strong>πος.</strong></span> <span class='ocrx_word' id='word_1_137' title='bbox 1996 1640 2155 1721; x_wconf 87' lang='grc'>294,</span> <span class='ocrx_word' id='word_1_138' title='bbox 2201 1641 2318 1723; x_wconf 84' lang='grc'><strong>27;</strong></span> <span class='ocrx_word' id='word_1_139' title='bbox 2378 1641 2612 1706; x_wconf 87' lang='lat' dir='ltr'><strong>Choer.</strong></span> <span class='ocrx_word' id='word_1_140' title='bbox 2665 1640 2815 1720; x_wconf 87' lang='grc'>180,</span> <span class='ocrx_word' id='word_1_141' title='bbox 2868 1639 2945 1702; x_wconf 91' lang='grc'><strong>16</strong></span> <span class='ocrx_word' id='word_1_142' title='bbox 2989 1664 3052 1705; x_wconf 92' lang='grc' dir='ltr'><strong>π.</strong></span> 
     </span>
     <span class='ocr_line' id='line_1_14' title="bbox 459 1739 3053 1828; baseline -0.001 -22"><span class='ocrx_word' id='word_1_143' title='bbox 459 1764 527 1806; x_wconf 92' lang='grc' dir='ltr'><strong>π.</strong></span> <span class='ocrx_word' id='word_1_144' title='bbox 574 1741 719 1819; x_wconf 84' lang='grc'>288,</span> <span class='ocrx_word' id='word_1_145' title='bbox 750 1742 833 1805; x_wconf 85' lang='grc'><strong>32</strong></span> <span class='ocrx_word' id='word_1_146' title='bbox 877 1750 1000 1806; x_wconf 90' lang='lat' dir='ltr'><strong>etc.</strong></span> <span class='ocrx_word' id='word_1_147' title='bbox 1087 1741 1262 1804; x_wconf 91' lang='lat' dir='ltr'><strong>Hinc</strong></span> <span class='ocrx_word' id='word_1_148' title='bbox 1307 1739 1546 1805; x_wconf 90' lang='lat' dir='ltr'><strong>librum</strong></span> <span class='ocrx_word' id='word_1_149' title='bbox 1590 1744 1738 1820; x_wconf 81' lang='grc' dir='ltr'><strong>περὶ</strong></span> <span class='ocrx_word' id='word_1_150' title='bbox 1781 1764 1955 1823; x_wconf 89' lang='grc' dir='ltr'><strong>πος.,</strong></span> <span class='ocrx_word' id='word_1_151' title='bbox 2002 1741 2111 1827; x_wconf 92' lang='lat' dir='ltr'><strong>qui</strong></span> <span class='ocrx_word' id='word_1_152' title='bbox 2159 1752 2261 1805; x_wconf 90' lang='lat' dir='ltr'><strong>est</strong></span> <span class='ocrx_word' id='word_1_153' title='bbox 2306 1765 2410 1828; x_wconf 88' lang='lat' dir='ltr'><strong>ap.</strong></span> <span class='ocrx_word' id='word_1_154' title='bbox 2444 1743 2692 1823; x_wconf 65' lang='lat' dir='ltr'><strong>Uram„</strong></span> <span class='ocrx_word' id='word_1_155' title='bbox 2738 1763 2867 1805; x_wconf 91' lang='lat' dir='ltr'><strong>non</strong></span> <span class='ocrx_word' id='word_1_156' title='bbox 2913 1743 3053 1804; x_wconf 88' lang='lat' dir='ltr'><strong>sine</strong></span> 
     </span>
     <span class='ocr_line' id='line_1_15' title="bbox 461 1841 3053 1928; baseline -0 -23"><span class='ocrx_word' id='word_1_157' title='bbox 461 1845 679 1927; x_wconf 89' lang='lat' dir='ltr'><strong>specie</strong></span> <span class='ocrx_word' id='word_1_158' title='bbox 725 1843 861 1907; x_wconf 88' lang='lat' dir='ltr'><strong>veri</strong></span> <span class='ocrx_word' id='word_1_159' title='bbox 907 1841 1365 1906; x_wconf 83' lang='lat' dir='ltr'><strong>Ohoerobosco</strong></span> <span class='ocrx_word' id='word_1_160' title='bbox 1398 1841 1925 1928; x_wconf 77' lang='lat' dir='ltr'><strong>orthographiae</strong></span> <span class='ocrx_word' id='word_1_161' title='bbox 1970 1842 2225 1907; x_wconf 85' lang='lat' dir='ltr'><strong>auctori</strong></span> <span class='ocrx_word' id='word_1_162' title='bbox 2255 1844 2723 1926; x_wconf 89' lang='lat' dir='ltr'><strong>assignandum</strong></span> <span class='ocrx_word' id='word_1_163' title='bbox 2769 1842 3053 1922; x_wconf 81' lang='lat' dir='ltr'><strong>iudices;</strong></span> 
     </span>
     <span class='ocr_line' id='line_1_16' title="bbox 459 1942 3051 2029; baseline 0 -23"><span class='ocrx_word' id='word_1_164' title='bbox 459 1942 641 2028; x_wconf 88' lang='lat' dir='ltr'><strong>quod</strong></span> <span class='ocrx_word' id='word_1_165' title='bbox 686 1943 741 2005; x_wconf 93' lang='lat' dir='ltr'><strong>si</strong></span> <span class='ocrx_word' id='word_1_166' title='bbox 786 1944 928 2024; x_wconf 87' lang='lat' dir='ltr'><strong>fiat,</strong></span> <span class='ocrx_word' id='word_1_167' title='bbox 975 1942 1502 2008; x_wconf 86' lang='lat' dir='ltr'><strong>Choeroboscum</strong></span> <span class='ocrx_word' id='word_1_168' title='bbox 1547 1945 1614 2006; x_wconf 90' lang='lat' dir='ltr'><strong>in</strong></span> <span class='ocrx_word' id='word_1_169' title='bbox 1662 1942 2147 2029; x_wconf 87' lang='lat' dir='ltr'><strong>Orthographia</strong></span> <span class='ocrx_word' id='word_1_170' title='bbox 2190 1954 2435 2008; x_wconf 87' lang='lat' dir='ltr'><strong>rectam</strong></span> <span class='ocrx_word' id='word_1_171' title='bbox 2490 1944 2820 2010; x_wconf 89' lang='lat' dir='ltr'><strong>scribendi</strong></span> <span class='ocrx_word' id='word_1_172' title='bbox 2861 1949 3051 2008; x_wconf 87' lang='lat' dir='ltr'><strong>ratio-</strong></span> 
     </span>
     <span class='ocr_line' id='line_1_17' title="bbox 459 2044 3055 2132; baseline 0 -24"><span class='ocrx_word' id='word_1_173' title='bbox 459 2067 610 2108; x_wconf 88' lang='lat' dir='ltr'><strong>nem</strong></span> <span class='ocrx_word' id='word_1_174' title='bbox 671 2068 754 2108; x_wconf 81' lang='lat' dir='ltr'><strong>ex</strong></span> <span class='ocrx_word' id='word_1_175' title='bbox 820 2044 1155 2109; x_wconf 88' lang='lat' dir='ltr'><strong>literarum</strong></span> <span class='ocrx_word' id='word_1_176' title='bbox 1223 2045 1390 2108; x_wconf 89' lang='lat' dir='ltr'><strong>serie</strong></span> <span class='ocrx_word' id='word_1_177' title='bbox 1455 2044 1838 2126; x_wconf 83' lang='lat' dir='ltr'><strong>tradidisse,</strong></span> <span class='ocrx_word' id='word_1_178' title='bbox 1917 2047 1985 2108; x_wconf 92' lang='lat' dir='ltr'><strong>in</strong></span> <span class='ocrx_word' id='word_1_179' title='bbox 2051 2046 2219 2110; x_wconf 91' lang='lat' dir='ltr'><strong>libro</strong></span> <span class='ocrx_word' id='word_1_180' title='bbox 2287 2050 2434 2126; x_wconf 83' lang='grc' dir='ltr'><strong>περὶ</strong></span> <span class='ocrx_word' id='word_1_181' title='bbox 2499 2069 2639 2112; x_wconf 91' lang='grc' dir='ltr'><strong>πος.</strong></span> <span class='ocrx_word' id='word_1_182' title='bbox 2705 2057 3055 2132; x_wconf 87' lang='lat' dir='ltr'><strong>praecepta</strong></span> 
     </span>
     <span class='ocr_line' id='line_1_18' title="bbox 459 2143 3051 2232; baseline 0.001 -23"><span class='ocrx_word' id='word_1_183' title='bbox 459 2147 970 2232; x_wconf 86' lang='lat' dir='ltr'><strong>orthographica</strong></span> <span class='ocrx_word' id='word_1_184' title='bbox 1014 2146 1370 2210; x_wconf 87' lang='lat' dir='ltr'><strong>secundum</strong></span> <span class='ocrx_word' id='word_1_185' title='bbox 1416 2145 1740 2212; x_wconf 84' lang='lat' dir='ltr'><strong>vocalium</strong></span> <span class='ocrx_word' id='word_1_186' title='bbox 1786 2143 2169 2232; x_wconf 81' lang='lat' dir='ltr'><strong>qualitatem</strong></span> <span class='ocrx_word' id='word_1_187' title='bbox 2216 2158 2279 2211; x_wconf 89' lang='lat' dir='ltr'><strong>et</strong></span> <span class='ocrx_word' id='word_1_188' title='bbox 2318 2171 2561 2232; x_wconf 88' lang='lat' dir='ltr'><strong>genera</strong></span> <span class='ocrx_word' id='word_1_189' title='bbox 2588 2149 3051 2214; x_wconf 81' lang='lat' dir='ltr'><strong>vocabulorum</strong></span> 
     </span>
     <span class='ocr_line' id='line_1_19' title="bbox 460 2247 3053 2334; baseline 0.002 -23"><span class='ocrx_word' id='word_1_190' title='bbox 460 2247 804 2312; x_wconf 83' lang='lat' dir='ltr'><strong>ordinasse</strong></span> <span class='ocrx_word' id='word_1_191' title='bbox 849 2248 1015 2311; x_wconf 87' lang='lat' dir='ltr'><strong>sumi</strong></span> <span class='ocrx_word' id='word_1_192' title='bbox 1074 2248 1293 2313; x_wconf 87' lang='lat' dir='ltr'><strong>debet.</strong></span> <span class='ocrx_word' id='word_1_193' title='bbox 1384 2249 1514 2313; x_wconf 81' lang='lat' dir='ltr'><strong>Sed</strong></span> <span class='ocrx_word' id='word_1_194' title='bbox 1574 2247 1868 2334; x_wconf 89' lang='lat' dir='ltr'><strong>quisquis</strong></span> <span class='ocrx_word' id='word_1_195' title='bbox 1926 2248 2100 2310; x_wconf 85' lang='lat' dir='ltr'><strong>hunc</strong></span> <span class='ocrx_word' id='word_1_196' title='bbox 2155 2247 2447 2313; x_wconf 88' lang='lat' dir='ltr'><strong>libellum</strong></span> <span class='ocrx_word' id='word_1_197' title='bbox 2499 2252 2643 2329; x_wconf 88' lang='grc' dir='ltr'><strong>περὶ</strong></span> <span class='ocrx_word' id='word_1_198' title='bbox 2697 2252 3053 2330; x_wconf 83' lang='grc' dir='ltr'>ποςότητος</span> 
     </span>
     <span class='ocr_line' id='line_1_20' title="bbox 460 2332 3057 2438; baseline 0.001 -25"><span class='ocrx_word' id='word_1_199' title='bbox 460 2350 857 2435; x_wconf 84' lang='lat' dir='ltr'><strong>composuit,</strong></span> <span class='ocrx_word' id='word_1_200' title='bbox 903 2351 1042 2413; x_wconf 80' lang='lat' dir='ltr'><strong>sive</strong></span> <span class='ocrx_word' id='word_1_201' title='bbox 1088 2350 1582 2415; x_wconf 76' lang='lat' dir='ltr'><strong>Choeroboscus</strong></span> <span class='ocrx_word' id='word_1_202' title='bbox 1627 2351 1770 2414; x_wconf 87' lang='lat' dir='ltr'><strong>sive</strong></span> <span class='ocrx_word' id='word_1_203' title='bbox 1815 2332 2467 2414; x_wconf 30' lang='lat' dir='ltr'><strong>aliulehoerobosci</strong></span> <span class='ocrx_word' id='word_1_204' title='bbox 2513 2350 2771 2432; x_wconf 84' lang='lat' dir='ltr'><strong>similis,</strong></span> <span class='ocrx_word' id='word_1_205' title='bbox 2819 2352 3057 2438; x_wconf 80' lang='lat' dir='ltr'><strong>petivit</strong></span> 
     </span>
     <span class='ocr_line' id='line_1_21' title="bbox 461 2450 3052 2537; baseline 0 -22"><span class='ocrx_word' id='word_1_206' title='bbox 461 2452 604 2516; x_wconf 87' lang='lat' dir='ltr'><strong>fere</strong></span> <span class='ocrx_word' id='word_1_207' title='bbox 673 2451 890 2516; x_wconf 89' lang='lat' dir='ltr'><strong>omnia</strong></span> <span class='ocrx_word' id='word_1_208' title='bbox 954 2475 1038 2517; x_wconf 84' lang='lat' dir='ltr'><strong>ex</strong></span> <span class='ocrx_word' id='word_1_209' title='bbox 1094 2452 1452 2517; x_wconf 86' lang='lat' dir='ltr'><strong>Herodiani</strong></span> <span class='ocrx_word' id='word_1_210' title='bbox 1521 2450 2009 2537; x_wconf 76' lang='lat' dir='ltr'><strong>orthographia</strong></span> <span class='ocrx_word' id='word_1_211' title='bbox 2077 2473 2257 2515; x_wconf 92' lang='lat' dir='ltr'><strong>more</strong></span> <span class='ocrx_word' id='word_1_212' title='bbox 2311 2453 2457 2514; x_wconf 87' lang='lat' dir='ltr'><strong>aevi</strong></span> <span class='ocrx_word' id='word_1_213' title='bbox 2519 2452 2618 2515; x_wconf 90' lang='lat' dir='ltr'><strong>sui</strong></span> <span class='ocrx_word' id='word_1_214' title='bbox 2685 2450 3052 2517; x_wconf 85' lang='lat' dir='ltr'><strong>admiscens</strong></span> 
     </span>
     <span class='ocr_line' id='line_1_22' title="bbox 460 2550 3052 2640; baseline 0 -24"><span class='ocrx_word' id='word_1_215' title='bbox 460 2550 819 2640; x_wconf 86' lang='lat' dir='ltr'><strong>quaedam,</strong></span> <span class='ocrx_word' id='word_1_216' title='bbox 867 2575 1034 2639; x_wconf 88' lang='lat' dir='ltr'><strong>quae</strong></span> <span class='ocrx_word' id='word_1_217' title='bbox 1079 2554 1162 2617; x_wconf 86' lang='lat' dir='ltr'><strong>ab</strong></span> <span class='ocrx_word' id='word_1_218' title='bbox 1209 2554 1588 2617; x_wconf 88' lang='lat' dir='ltr'><strong>Herodiano</strong></span> <span class='ocrx_word' id='word_1_219' title='bbox 1634 2550 1850 2616; x_wconf 87' lang='lat' dir='ltr'><strong>aliena</strong></span> <span class='ocrx_word' id='word_1_220' title='bbox 1906 2563 2059 2617; x_wconf 90' lang='lat' dir='ltr'><strong>sunt</strong></span> <span class='ocrx_word' id='word_1_221' title='bbox 2114 2550 2296 2616; x_wconf 88' lang='lat' dir='ltr'><strong>velut</strong></span> <span class='ocrx_word' id='word_1_222' title='bbox 2350 2563 2703 2639; x_wconf 86' lang='lat' dir='ltr'><strong>praecepta</strong></span> <span class='ocrx_word' id='word_1_223' title='bbox 2758 2553 2841 2617; x_wconf 89' lang='lat' dir='ltr'><strong>de</strong></span> <span class='ocrx_word' id='word_1_224' title='bbox 2896 2556 3052 2617; x_wconf 88' lang='lat' dir='ltr'><strong>scri-</strong></span> 
     </span>
     <span class='ocr_line' id='line_1_23' title="bbox 461 2652 3050 2742; baseline 0 -25"><span class='ocrx_word' id='word_1_225' title='bbox 461 2665 660 2742; x_wconf 82' lang='lat' dir='ltr'><strong>ptura</strong></span> <span class='ocrx_word' id='word_1_226' title='bbox 713 2677 830 2740; x_wconf 89' lang='lat' dir='ltr'><strong>per</strong></span> <span class='ocrx_word' id='word_1_227' title='bbox 875 2659 913 2718; x_wconf 81' lang='grc' dir='ltr'>ὅ</span> <span class='ocrx_word' id='word_1_228' title='bbox 959 2666 1025 2719; x_wconf 92' lang='lat' dir='ltr'><strong>et</strong></span> <span class='ocrx_word' id='word_1_229' title='bbox 1069 2679 1122 2720; x_wconf 93' lang='grc' dir='ltr'>ω</span> <span class='ocrx_word' id='word_1_230' title='bbox 1177 2667 1243 2720; x_wconf 87' lang='lat' dir='ltr'><strong>et</strong></span> <span class='ocrx_word' id='word_1_231' title='bbox 1297 2676 1415 2740; x_wconf 94' lang='lat' dir='ltr'><strong>pro</strong></span> <span class='ocrx_word' id='word_1_232' title='bbox 1475 2652 1757 2738; x_wconf 87' lang='lat' dir='ltr'><strong>antiquis</strong></span> <span class='ocrx_word' id='word_1_233' title='bbox 1816 2654 1901 2719; x_wconf 90' lang='lat' dir='ltr'><strong>ab</strong></span> <span class='ocrx_word' id='word_1_234' title='bbox 1956 2653 2336 2718; x_wconf 85' lang='lat' dir='ltr'><strong>Herodiano</strong></span> <span class='ocrx_word' id='word_1_235' title='bbox 2392 2654 2623 2740; x_wconf 88' lang='lat' dir='ltr'><strong>positis</strong></span> <span class='ocrx_word' id='word_1_236' title='bbox 2679 2655 3050 2718; x_wconf 87' lang='lat' dir='ltr'><strong>nominibus</strong></span> 
     </span>
     <span class='ocr_line' id='line_1_24' title="bbox 460 2754 3048 2842; baseline -0.001 -21"><span class='ocrx_word' id='word_1_237' title='bbox 460 2758 814 2821; x_wconf 78' lang='lat' dir='ltr'><strong>inferciens</strong></span> <span class='ocrx_word' id='word_1_238' title='bbox 858 2758 1222 2822; x_wconf 87' lang='lat' dir='ltr'><strong>recentiora</strong></span> <span class='ocrx_word' id='word_1_239' title='bbox 1267 2766 1332 2821; x_wconf 86' lang='lat' dir='ltr'><strong>et</strong></span> <span class='ocrx_word' id='word_1_240' title='bbox 1377 2754 1778 2835; x_wconf 83' lang='lat' dir='ltr'><strong>Christiana,</strong></span> <span class='ocrx_word' id='word_1_241' title='bbox 1826 2755 1908 2819; x_wconf 90' lang='lat' dir='ltr'><strong>de</strong></span> <span class='ocrx_word' id='word_1_242' title='bbox 1952 2778 2078 2842; x_wconf 88' lang='lat' dir='ltr'><strong>quo</strong></span> <span class='ocrx_word' id='word_1_243' title='bbox 2128 2754 2646 2820; x_wconf 79' lang='lat' dir='ltr'><strong>Christianorum</strong></span> <span class='ocrx_word' id='word_1_244' title='bbox 2684 2754 3048 2819; x_wconf 87' lang='lat' dir='ltr'><strong>Herodiani</strong></span> 
     </span>
     <span class='ocr_line' id='line_1_25' title="bbox 460 2855 3051 2945; baseline -0.002 -21"><span class='ocrx_word' id='word_1_245' title='bbox 460 2869 922 2945; x_wconf 84' lang='lat' dir='ltr'><strong>excerptorum</strong></span> <span class='ocrx_word' id='word_1_246' title='bbox 966 2882 1145 2924; x_wconf 90' lang='lat' dir='ltr'><strong>more</strong></span> <span class='ocrx_word' id='word_1_247' title='bbox 1190 2859 1441 2923; x_wconf 89' lang='lat' dir='ltr'><strong>monuit</strong></span> <span class='ocrx_word' id='word_1_248' title='bbox 1482 2857 1690 2921; x_wconf 87' lang='lat' dir='ltr'><strong>Lehrs</strong></span> <span class='ocrx_word' id='word_1_249' title='bbox 1736 2882 1799 2943; x_wconf 91' lang='lat' dir='ltr'><strong>q.</strong></span> <span class='ocrx_word' id='word_1_250' title='bbox 1847 2881 1947 2944; x_wconf 89' lang='lat' dir='ltr'><strong>ep.</strong></span> <span class='ocrx_word' id='word_1_251' title='bbox 1993 2881 2056 2944; x_wconf 93' lang='lat' dir='ltr'><strong>p.</strong></span> <span class='ocrx_word' id='word_1_252' title='bbox 2109 2858 2229 2921; x_wconf 89' lang='grc'><strong>104</strong></span> <span class='ocrx_word' id='word_1_253' title='bbox 2269 2869 2404 2922; x_wconf 88' lang='lat' dir='ltr'><strong>not.</strong></span> <span class='ocrx_word' id='word_1_254' title='bbox 2451 2856 2770 2944; x_wconf 84' lang='lat' dir='ltr'><strong>exemplis</strong></span> <span class='ocrx_word' id='word_1_255' title='bbox 2815 2855 3051 2921; x_wconf 78' lang='lat' dir='ltr'><strong>allatis,</strong></span> 
     </span>
     <span class='ocr_line' id='line_1_26' title="bbox 462 2958 3053 3045; baseline 0 -21"><span class='ocrx_word' id='word_1_256' title='bbox 462 2961 577 3025; x_wconf 80' lang='lat' dir='ltr'><strong>Sic</strong></span> <span class='ocrx_word' id='word_1_257' title='bbox 621 2962 687 3024; x_wconf 93' lang='lat' dir='ltr'><strong>in</strong></span> <span class='ocrx_word' id='word_1_258' title='bbox 733 2959 899 3025; x_wconf 91' lang='lat' dir='ltr'><strong>libro</strong></span> <span class='ocrx_word' id='word_1_259' title='bbox 943 2965 1089 3041; x_wconf 87' lang='grc' dir='ltr'><strong>περὶ</strong></span> <span class='ocrx_word' id='word_1_260' title='bbox 1133 2984 1274 3027; x_wconf 91' lang='grc' dir='ltr'><strong>πος.</strong></span> <span class='ocrx_word' id='word_1_261' title='bbox 1321 2960 1480 3041; x_wconf 86' lang='grc'>292,</span> <span class='ocrx_word' id='word_1_262' title='bbox 1532 2958 1611 3022; x_wconf 90' lang='grc'>10</span> <span class='ocrx_word' id='word_1_263' title='bbox 1667 2959 1733 3022; x_wconf 90' lang='lat' dir='ltr'><strong>in</strong></span> <span class='ocrx_word' id='word_1_264' title='bbox 1790 2982 2037 3024; x_wconf 86' lang='lat' dir='ltr'><strong>canone</strong></span> <span class='ocrx_word' id='word_1_265' title='bbox 2094 2960 2173 3023; x_wconf 89' lang='lat' dir='ltr'><strong>de</strong></span> <span class='ocrx_word' id='word_1_266' title='bbox 2228 2958 2782 3045; x_wconf 84' lang='lat' dir='ltr'><strong>hyperdisyllabis</strong></span> <span class='ocrx_word' id='word_1_267' title='bbox 2840 2959 2908 3022; x_wconf 92' lang='lat' dir='ltr'><strong>in</strong></span> <span class='ocrx_word' id='word_1_268' title='bbox 2954 2965 3053 3024; x_wconf 74' lang='grc' dir='ltr'><strong>Γος</strong></span> 
     </span>
     <span class='ocr_line' id='line_1_27' title="bbox 462 3062 3051 3149; baseline -0 -22"><span class='ocrx_word' id='word_1_269' title='bbox 462 3062 733 3149; x_wconf 86' lang='lat' dir='ltr'><strong>antiquo</strong></span> <span class='ocrx_word' id='word_1_270' title='bbox 777 3086 895 3148; x_wconf 87' lang='lat' dir='ltr'><strong>pro</strong></span> <span class='ocrx_word' id='word_1_271' title='bbox 942 3063 1255 3149; x_wconf 80' lang='lat' dir='ltr'><strong>exemplis</strong></span> <span class='ocrx_word' id='word_1_272' title='bbox 1300 3070 1755 3148; x_wconf 89' lang='lat' dir='ltr'><strong>proponuntur</strong></span> <span class='ocrx_word' id='word_1_273' title='bbox 1795 3063 2198 3145; x_wconf 85' lang='grc' dir='ltr'>Προκόπιος,</span> <span class='ocrx_word' id='word_1_274' title='bbox 2247 3065 2285 3127; x_wconf 89' lang='grc' dir='ltr'>Γ</span> <span class='ocrx_word' id='word_1_275' title='bbox 2288 3064 2556 3141; x_wconf 86' lang='grc' dir='ltr'>εώργιος</span> <span class='ocrx_word' id='word_1_276' title='bbox 2569 3112 2587 3145; x_wconf 92' lang='grc'><strong>,</strong></span> <span class='ocrx_word' id='word_1_277' title='bbox 2634 3063 3051 3145; x_wconf 83' lang='grc' dir='ltr'>Ἀναςτάςιος,</span> 
     </span>
     <span class='ocr_line' id='line_1_28' title="bbox 462 3163 3051 3251; baseline 0 -23"><span class='ocrx_word' id='word_1_278' title='bbox 462 3164 705 3251; x_wconf 85' lang='lat' dir='ltr'><strong>quibus</strong></span> <span class='ocrx_word' id='word_1_279' title='bbox 763 3164 1070 3229; x_wconf 86' lang='lat' dir='ltr'><strong>substitui</strong></span> <span class='ocrx_word' id='word_1_280' title='bbox 1136 3174 1412 3250; x_wconf 85' lang='lat' dir='ltr'><strong>possunt</strong></span> <span class='ocrx_word' id='word_1_281' title='bbox 1477 3186 1560 3227; x_wconf 83' lang='lat' dir='ltr'><strong>ex</strong></span> <span class='ocrx_word' id='word_1_282' title='bbox 1617 3164 1710 3227; x_wconf 82' lang='lat' dir='ltr'><strong>St.</strong></span> <span class='ocrx_word' id='word_1_283' title='bbox 1768 3164 1845 3226; x_wconf 92' lang='lat' dir='ltr'><strong>B.</strong></span> <span class='ocrx_word' id='word_1_284' title='bbox 1908 3163 2063 3243; x_wconf 84' lang='lat'><strong>167,</strong></span> <span class='ocrx_word' id='word_1_285' title='bbox 2123 3164 2163 3226; x_wconf 89' lang='grc'>9</span> <span class='ocrx_word' id='word_1_286' title='bbox 2229 3165 2603 3247; x_wconf 83' lang='grc' dir='ltr'>Θεοδόςιος,</span> <span class='ocrx_word' id='word_1_287' title='bbox 2661 3165 3051 3245; x_wconf 84' lang='grc' dir='ltr'>Ἀθανάςιος,</span> 
     </span>
     <span class='ocr_line' id='line_1_29' title="bbox 391 3255 3050 3350; baseline -0.001 -19"><span class='ocrx_word' id='word_1_288' title='bbox 391 3282 395 3286; x_wconf 84' lang='grc'><em>“</em></span> <span class='ocrx_word' id='word_1_289' title='bbox 463 3267 847 3346; x_wconf 84' lang='grc' dir='ltr'>Ἀμβρόςιος.</span> <span class='ocrx_word' id='word_1_290' title='bbox 936 3264 1252 3329; x_wconf 88' lang='lat' dir='ltr'><strong>Similiter</strong></span> <span class='ocrx_word' id='word_1_291' title='bbox 1297 3264 1704 3329; x_wconf 89' lang='lat' dir='ltr'><strong>Theodosius</strong></span> <span class='ocrx_word' id='word_1_292' title='bbox 1752 3263 1855 3327; x_wconf 90' lang='lat' dir='ltr'><strong>ed.</strong></span> <span class='ocrx_word' id='word_1_293' title='bbox 1889 3263 2233 3349; x_wconf 83' lang='lat' dir='ltr'><strong>Goettling</strong></span> <span class='ocrx_word' id='word_1_294' title='bbox 2262 3255 2341 3350; x_wconf 70' lang='lat' dir='ltr'><strong>¹p.</strong></span> <span class='ocrx_word' id='word_1_295' title='bbox 2371 3266 2483 3346; x_wconf 86' lang='lat'><strong>33,</strong></span> <span class='ocrx_word' id='word_1_296' title='bbox 2530 3265 2646 3329; x_wconf 91' lang='lat' dir='ltr'><strong>ubi</strong></span> <span class='ocrx_word' id='word_1_297' title='bbox 2692 3265 3050 3330; x_wconf 88' lang='lat' dir='ltr'><strong>Herodiani</strong></span> 
     </span>
     <span class='ocr_line' id='line_1_30' title="bbox 464 3363 3049 3453; baseline 0 -23"><span class='ocrx_word' id='word_1_298' title='bbox 464 3366 549 3430; x_wconf 89' lang='lat' dir='ltr'><strong>de</strong></span> <span class='ocrx_word' id='word_1_299' title='bbox 595 3365 806 3431; x_wconf 87' lang='lat' dir='ltr'><strong>vocali</strong></span> <span class='ocrx_word' id='word_1_300' title='bbox 849 3371 881 3431; x_wconf 79' lang='grc' dir='ltr'>ἒ</span> <span class='ocrx_word' id='word_1_301' title='bbox 927 3367 1406 3453; x_wconf 82' lang='lat' dir='ltr'><strong>expositionem</strong></span> <span class='ocrx_word' id='word_1_302' title='bbox 1451 3365 1646 3429; x_wconf 90' lang='lat' dir='ltr'><strong>etiam</strong></span> <span class='ocrx_word' id='word_1_303' title='bbox 1699 3365 1770 3428; x_wconf 90' lang='lat' dir='ltr'><strong>in</strong></span> <span class='ocrx_word' id='word_1_304' title='bbox 1814 3363 2031 3431; x_wconf 86' lang='lat' dir='ltr'><strong>Schol.</strong></span> <span class='ocrx_word' id='word_1_305' title='bbox 2088 3366 2174 3429; x_wconf 90' lang='lat' dir='ltr'><strong>ad</strong></span> <span class='ocrx_word' id='word_1_306' title='bbox 2217 3366 2495 3451; x_wconf 81' lang='lat' dir='ltr'><strong>Dionys.</strong></span> <span class='ocrx_word' id='word_1_307' title='bbox 2544 3368 2668 3431; x_wconf 87' lang='grc'><strong>799</strong></span> <span class='ocrx_word' id='word_1_308' title='bbox 2722 3378 3049 3433; x_wconf 82' lang='lat' dir='ltr'><strong>servatam</strong></span> 
     </span>
     <span class='ocr_line' id='line_1_31' title="bbox 462 3466 3051 3556; baseline 0.001 -26"><span class='ocrx_word' id='word_1_309' title='bbox 462 3468 745 3556; x_wconf 83' lang='lat' dir='ltr'><strong>profert,</strong></span> <span class='ocrx_word' id='word_1_310' title='bbox 810 3492 928 3554; x_wconf 88' lang='lat' dir='ltr'><strong>pro</strong></span> <span class='ocrx_word' id='word_1_311' title='bbox 994 3468 1255 3533; x_wconf 90' lang='lat' dir='ltr'><strong>nomine</strong></span> <span class='ocrx_word' id='word_1_312' title='bbox 1319 3470 1388 3532; x_wconf 89' lang='lat' dir='ltr'><strong>in</strong></span> <span class='ocrx_word' id='word_1_313' title='bbox 1455 3473 1530 3533; x_wconf 75' lang='grc' dir='ltr'><strong>ὅς’</strong></span> <span class='ocrx_word' id='word_1_314' title='bbox 1597 3469 1679 3532; x_wconf 90' lang='lat' dir='ltr'><strong>ab</strong></span> <span class='ocrx_word' id='word_1_315' title='bbox 1737 3467 2116 3532; x_wconf 85' lang='lat' dir='ltr'><strong>Herodiano</strong></span> <span class='ocrx_word' id='word_1_316' title='bbox 2177 3466 2458 3553; x_wconf 83' lang='lat' dir='ltr'><strong>exempli</strong></span> <span class='ocrx_word' id='word_1_317' title='bbox 2526 3488 2727 3531; x_wconf 87' lang='lat' dir='ltr'><strong>causa</strong></span> <span class='ocrx_word' id='word_1_318' title='bbox 2796 3468 3051 3555; x_wconf 88' lang='lat' dir='ltr'><strong>prolato</strong></span> 
     </span>
     <span class='ocr_line' id='line_1_32' title="bbox 462 3570 3050 3649; baseline 0 -15"><span class='ocrx_word' id='word_1_319' title='bbox 462 3571 750 3648; x_wconf 73' lang='grc' dir='ltr'>’Όμηρος</span> <span class='ocrx_word' id='word_1_320' title='bbox 795 3570 1137 3635; x_wconf 86' lang='lat' dir='ltr'><strong>substituit</strong></span> <span class='ocrx_word' id='word_1_321' title='bbox 1184 3571 1496 3636; x_wconf 75' lang='grc' dir='ltr'>Νικόλαος</span> <span class='ocrx_word' id='word_1_322' title='bbox 1541 3579 1608 3633; x_wconf 87' lang='lat' dir='ltr'><strong>et</strong></span> <span class='ocrx_word' id='word_1_323' title='bbox 1657 3573 1695 3635; x_wconf 88' lang='grc' dir='ltr'>Γ</span> <span class='ocrx_word' id='word_1_324' title='bbox 1697 3572 1969 3649; x_wconf 85' lang='grc' dir='ltr'>εώργιος</span> <span class='ocrx_word' id='word_1_325' title='bbox 2024 3580 2090 3633; x_wconf 89' lang='lat' dir='ltr'><strong>et</strong></span> <span class='ocrx_word' id='word_1_326' title='bbox 2147 3570 2212 3632; x_wconf 92' lang='lat' dir='ltr'><strong>in</strong></span> <span class='ocrx_word' id='word_1_327' title='bbox 2273 3591 2523 3633; x_wconf 89' lang='lat' dir='ltr'><strong>canone</strong></span> <span class='ocrx_word' id='word_1_328' title='bbox 2580 3570 2751 3634; x_wconf 89' lang='lat' dir='ltr'><strong>orth.</strong></span> <span class='ocrx_word' id='word_1_329' title='bbox 2809 3574 2875 3634; x_wconf 93' lang='lat' dir='ltr'><strong>in</strong></span> <span class='ocrx_word' id='word_1_330' title='bbox 2922 3574 3050 3634; x_wconf 89' lang='lat' dir='ltr'><strong>An.</strong></span> 
     </span>
     <span class='ocr_line' id='line_1_33' title="bbox 463 3670 3052 3757; baseline 0 -23"><span class='ocrx_word' id='word_1_331' title='bbox 463 3670 599 3734; x_wconf 87' lang='lat' dir='ltr'><strong>Ox.</strong></span> <span class='ocrx_word' id='word_1_332' title='bbox 644 3670 715 3734; x_wconf 90' lang='lat' dir='ltr'><strong>II</strong></span> <span class='ocrx_word' id='word_1_333' title='bbox 758 3672 904 3752; x_wconf 82' lang='lat'>348,</span> <span class='ocrx_word' id='word_1_334' title='bbox 951 3673 1064 3752; x_wconf 85' lang='grc'><strong>32,</strong></span> <span class='ocrx_word' id='word_1_335' title='bbox 1111 3672 1224 3757; x_wconf 92' lang='lat' dir='ltr'><strong>qui</strong></span> <span class='ocrx_word' id='word_1_336' title='bbox 1270 3694 1354 3734; x_wconf 85' lang='lat' dir='ltr'><strong>ex</strong></span> <span class='ocrx_word' id='word_1_337' title='bbox 1396 3670 1742 3757; x_wconf 87' lang='lat' dir='ltr'><strong>prosodico</strong></span> <span class='ocrx_word' id='word_1_338' title='bbox 1786 3694 2141 3736; x_wconf 89' lang='lat' dir='ltr'><strong>conversus</strong></span> <span class='ocrx_word' id='word_1_339' title='bbox 2188 3679 2320 3751; x_wconf 85' lang='lat' dir='ltr'><strong>est,</strong></span> <span class='ocrx_word' id='word_1_340' title='bbox 2366 3693 2485 3756; x_wconf 86' lang='lat' dir='ltr'><strong>pro</strong></span> <span class='ocrx_word' id='word_1_341' title='bbox 2532 3672 2801 3735; x_wconf 87' lang='lat' dir='ltr'><strong>Arcadii</strong></span> <span class='ocrx_word' id='word_1_342' title='bbox 2831 3673 2936 3752; x_wconf 81' lang='grc'><strong>43,</strong></span> <span class='ocrx_word' id='word_1_343' title='bbox 2976 3674 3052 3735; x_wconf 75' lang='grc'><strong>18</strong></span> 
     </span>
     <span class='ocr_line' id='line_1_34' title="bbox 461 3771 3050 3858; baseline 0 -22"><span class='ocrx_word' id='word_1_344' title='bbox 461 3771 840 3837; x_wconf 89' lang='lat' dir='ltr'><strong>nominibus</strong></span> <span class='ocrx_word' id='word_1_345' title='bbox 921 3775 1199 3853; x_wconf 84' lang='grc' dir='ltr'>Θηβαῖος</span> <span class='ocrx_word' id='word_1_346' title='bbox 1264 3774 1576 3854; x_wconf 83' lang='grc' dir='ltr'>Ῥωμαῖος</span> <span class='ocrx_word' id='word_1_347' title='bbox 1653 3773 1995 3858; x_wconf 88' lang='lat' dir='ltr'><strong>supposita</strong></span> <span class='ocrx_word' id='word_1_348' title='bbox 2070 3782 2223 3836; x_wconf 89' lang='lat' dir='ltr'><strong>sunt</strong></span> <span class='ocrx_word' id='word_1_349' title='bbox 2291 3772 2683 3839; x_wconf 77' lang='grc' dir='ltr'>(ἶαδουκαῑος</span> <span class='ocrx_word' id='word_1_350' title='bbox 2749 3774 3050 3854; x_wconf 82' lang='grc' dir='ltr'>Ἑβραῖος.</span> 
     </span>
     <span class='ocr_line' id='line_1_35' title="bbox 463 3871 3051 3960; baseline -0.001 -21"><span class='ocrx_word' id='word_1_351' title='bbox 463 3874 594 3939; x_wconf 88' lang='lat' dir='ltr'><strong>His</strong></span> <span class='ocrx_word' id='word_1_352' title='bbox 672 3875 963 3959; x_wconf 83' lang='lat' dir='ltr'><strong>exceptis</strong></span> <span class='ocrx_word' id='word_1_353' title='bbox 1041 3871 1294 3960; x_wconf 89' lang='lat' dir='ltr'><strong>reliqua</strong></span> <span class='ocrx_word' id='word_1_354' title='bbox 1360 3873 1498 3938; x_wconf 86' lang='lat' dir='ltr'><strong>fere</strong></span> <span class='ocrx_word' id='word_1_355' title='bbox 1568 3874 1788 3940; x_wconf 90' lang='lat' dir='ltr'><strong>omnia</strong></span> <span class='ocrx_word' id='word_1_356' title='bbox 1854 3896 1938 3937; x_wconf 83' lang='lat' dir='ltr'><strong>ex</strong></span> <span class='ocrx_word' id='word_1_357' title='bbox 2004 3873 2378 3937; x_wconf 89' lang='lat' dir='ltr'><strong>Herodiano</strong></span> <span class='ocrx_word' id='word_1_358' title='bbox 2456 3874 2844 3960; x_wconf 89' lang='lat' dir='ltr'><strong>deprompta</strong></span> <span class='ocrx_word' id='word_1_359' title='bbox 2907 3897 3051 3937; x_wconf 87' lang='lat' dir='ltr'><strong>esse</strong></span> 
     </span>
     <span class='ocr_line' id='line_1_36' title="bbox 463 3973 3047 4062; baseline -0.001 -23"><span class='ocrx_word' id='word_1_360' title='bbox 463 3973 752 4039; x_wconf 89' lang='lat' dir='ltr'><strong>ostendit</strong></span> <span class='ocrx_word' id='word_1_361' title='bbox 783 3976 1118 4040; x_wconf 86' lang='lat' dir='ltr'><strong>doctrinae</strong></span> <span class='ocrx_word' id='word_1_362' title='bbox 1171 3975 1574 4062; x_wconf 85' lang='lat' dir='ltr'><strong>praestantia</strong></span> <span class='ocrx_word' id='word_1_363' title='bbox 1602 3997 1948 4061; x_wconf 86' lang='lat' dir='ltr'><strong>rerumque</strong></span> <span class='ocrx_word' id='word_1_364' title='bbox 1995 3998 2140 4039; x_wconf 91' lang='lat' dir='ltr'><strong>cum</strong></span> <span class='ocrx_word' id='word_1_365' title='bbox 2176 3974 2556 4040; x_wconf 87' lang='lat' dir='ltr'><strong>Herodiano</strong></span> <span class='ocrx_word' id='word_1_366' title='bbox 2600 3976 3047 4058; x_wconf 83' lang='lat' dir='ltr'><strong>congruentia,</strong></span> 
     </span>
     <span class='ocr_line' id='line_1_37' title="bbox 463 4075 3049 4163; baseline 0.001 -23"><span class='ocrx_word' id='word_1_367' title='bbox 463 4076 536 4140; x_wconf 89' lang='lat' dir='ltr'><strong>id</strong></span> <span class='ocrx_word' id='word_1_368' title='bbox 567 4076 740 4162; x_wconf 87' lang='lat' dir='ltr'><strong>quod</strong></span> <span class='ocrx_word' id='word_1_369' title='bbox 774 4100 856 4140; x_wconf 79' lang='lat' dir='ltr'><strong>ex</strong></span> <span class='ocrx_word' id='word_1_370' title='bbox 885 4077 1030 4162; x_wconf 88' lang='lat' dir='ltr'><strong>ipso</strong></span> <span class='ocrx_word' id='word_1_371' title='bbox 1063 4087 1378 4142; x_wconf 79' lang='lat' dir='ltr'><strong>contextu</strong></span> <span class='ocrx_word' id='word_1_372' title='bbox 1407 4099 1556 4141; x_wconf 88' lang='lat' dir='ltr'><strong>cum</strong></span> <span class='ocrx_word' id='word_1_373' title='bbox 1585 4075 1854 4163; x_wconf 88' lang='lat' dir='ltr'><strong>reliquis</strong></span> <span class='ocrx_word' id='word_1_374' title='bbox 1888 4076 2179 4141; x_wconf 87' lang='lat' dir='ltr'><strong>fontibus</strong></span> <span class='ocrx_word' id='word_1_375' title='bbox 2211 4075 2639 4140; x_wconf 87' lang='lat' dir='ltr'><strong>Herodianeis</strong></span> <span class='ocrx_word' id='word_1_376' title='bbox 2676 4086 3049 4162; x_wconf 85' lang='lat' dir='ltr'><strong>comparato</strong></span> 
     </span>
     <span class='ocr_line' id='line_1_38' title="bbox 462 4176 3047 4264; baseline -0.001 -21"><span class='ocrx_word' id='word_1_377' title='bbox 462 4177 769 4244; x_wconf 86' lang='lat' dir='ltr'><strong>elucebit.</strong></span> <span class='ocrx_word' id='word_1_378' title='bbox 829 4179 958 4243; x_wconf 89' lang='lat' dir='ltr'><strong>Hic</strong></span> <span class='ocrx_word' id='word_1_379' title='bbox 990 4180 1148 4244; x_wconf 89' lang='lat' dir='ltr'><strong>satis</strong></span> <span class='ocrx_word' id='word_1_380' title='bbox 1194 4179 1402 4244; x_wconf 89' lang='lat' dir='ltr'><strong>habeo</strong></span> <span class='ocrx_word' id='word_1_381' title='bbox 1449 4178 1577 4243; x_wconf 89' lang='lat' dir='ltr'><strong>duo</strong></span> <span class='ocrx_word' id='word_1_382' title='bbox 1618 4178 1853 4242; x_wconf 86' lang='lat' dir='ltr'><strong>afferre</strong></span> <span class='ocrx_word' id='word_1_383' title='bbox 1898 4176 2227 4263; x_wconf 81' lang='lat' dir='ltr'><strong>exempla:</strong></span> <span class='ocrx_word' id='word_1_384' title='bbox 2276 4201 2470 4264; x_wconf 88' lang='lat' dir='ltr'><strong>quum</strong></span> <span class='ocrx_word' id='word_1_385' title='bbox 2505 4177 2960 4261; x_wconf 88' lang='lat' dir='ltr'><strong>Theognostus</strong></span> <span class='ocrx_word' id='word_1_386' title='bbox 3006 4177 3047 4240; x_wconf 90' lang='lat' dir='ltr'><strong>l.</strong></span> 
     </span>
     <span class='ocr_line' id='line_1_39' title="bbox 465 4279 3051 4367; baseline 0 -22"><span class='ocrx_word' id='word_1_387' title='bbox 465 4302 668 4367; x_wconf 86' lang='lat' dir='ltr'><strong>supra</strong></span> <span class='ocrx_word' id='word_1_388' title='bbox 709 4303 764 4344; x_wconf 91' lang='lat' dir='ltr'><strong>c.</strong></span> <span class='ocrx_word' id='word_1_389' title='bbox 809 4281 999 4346; x_wconf 88' lang='lat' dir='ltr'><strong>verbi</strong></span> <span class='ocrx_word' id='word_1_390' title='bbox 1041 4285 1254 4365; x_wconf 79' lang='grc' dir='ltr'>χρῄζω</span> <span class='ocrx_word' id='word_1_391' title='bbox 1306 4282 1594 4366; x_wconf 86' lang='lat' dir='ltr'><strong>ineptam</strong></span> <span class='ocrx_word' id='word_1_392' title='bbox 1650 4279 2113 4366; x_wconf 85' lang='lat' dir='ltr'><strong>etymologiam</strong></span> <span class='ocrx_word' id='word_1_393' title='bbox 2168 4292 2516 4364; x_wconf 84' lang='lat' dir='ltr'><strong>proponat,</strong></span> <span class='ocrx_word' id='word_1_394' title='bbox 2573 4280 2853 4364; x_wconf 88' lang='lat' dir='ltr'><strong>scriptor</strong></span> <span class='ocrx_word' id='word_1_395' title='bbox 2906 4283 3051 4358; x_wconf 87' lang='grc' dir='ltr'><strong>περὶ</strong></span> 
     </span>
    </p>
   </div>
   <div class='ocr_carea' id='block_1_3' title="bbox 355 4380 3048 4462">
    <p class='ocr_par' dir='ltr' id='par_1_3' title="bbox 355 4380 3048 4462">
     <span class='ocr_line' id='line_1_40' title="bbox 355 4380 3048 4462; baseline -0.003 -13"><span class='ocrx_word' id='word_1_396' title='bbox 355 4420 365 4429; x_wconf 87' lang='grc'><em>·</em></span> <span class='ocrx_word' id='word_1_397' title='bbox 463 4383 822 4462; x_wconf 88' lang='grc' dir='ltr'>ποςότητος</span> <span class='ocrx_word' id='word_1_398' title='bbox 883 4405 1105 4448; x_wconf 89' lang='lat' dir='ltr'><strong>veram</strong></span> <span class='ocrx_word' id='word_1_399' title='bbox 1169 4380 1524 4446; x_wconf 83' lang='lat' dir='ltr'><strong>Herodiani</strong></span> <span class='ocrx_word' id='word_1_400' title='bbox 1582 4383 1974 4447; x_wconf 85' lang='lat' dir='ltr'><strong>sententiam</strong></span> <span class='ocrx_word' id='word_1_401' title='bbox 2030 4380 2348 4445; x_wconf 83' lang='lat' dir='ltr'><strong>exhibuit.</strong></span> <span class='ocrx_word' id='word_1_402' title='bbox 2453 4380 2645 4460; x_wconf 79' lang='lat' dir='ltr'><strong>Quod</strong></span> <span class='ocrx_word' id='word_1_403' title='bbox 2703 4380 2768 4442; x_wconf 89' lang='lat' dir='ltr'><strong>in</strong></span> <span class='ocrx_word' id='word_1_404' title='bbox 2830 4381 2910 4443; x_wconf 88' lang='grc' dir='ltr'><strong>Ε.</strong></span> <span class='ocrx_word' id='word_1_405' title='bbox 2957 4380 3048 4443; x_wconf 87' lang='grc' dir='ltr'><strong>Μ.</strong></span> 
     </span>
    </p>
   </div>
   <div class='ocr_carea' id='block_1_4' title="bbox 465 4483 3115 4874">
    <p class='ocr_par' dir='ltr' id='par_1_4' title="bbox 465 4483 3115 4874">
     <span class='ocr_line' id='line_1_41' title="bbox 466 4483 3049 4570; baseline 0 -23"><span class='ocrx_word' id='word_1_406' title='bbox 466 4484 621 4563; x_wconf 85' lang='grc'>741,</span> <span class='ocrx_word' id='word_1_407' title='bbox 667 4484 750 4547; x_wconf 84' lang='grc'><strong>43</strong></span> <span class='ocrx_word' id='word_1_408' title='bbox 797 4484 1107 4549; x_wconf 83' lang='lat' dir='ltr'><strong>traditur:</strong></span> <span class='ocrx_word' id='word_1_409' title='bbox 1155 4487 1230 4550; x_wconf 87' lang='grc' dir='ltr'><strong>τὸ</strong></span> <span class='ocrx_word' id='word_1_410' title='bbox 1277 4492 1441 4570; x_wconf 84' lang='grc' dir='ltr'>ςῷος</span> <span class='ocrx_word' id='word_1_411' title='bbox 1485 4486 1706 4560; x_wconf 83' lang='grc' dir='ltr'>ἔλεγεν</span> <span class='ocrx_word' id='word_1_412' title='bbox 1754 4484 1791 4547; x_wconf 89' lang='grc' dir='ltr'>ὁ</span> <span class='ocrx_word' id='word_1_413' title='bbox 1834 4484 2122 4562; x_wconf 82' lang='grc' dir='ltr'>Δίδυμος</span> <span class='ocrx_word' id='word_1_414' title='bbox 2168 4483 2279 4547; x_wconf 88' lang='grc' dir='ltr'><strong>ςὺν</strong></span> <span class='ocrx_word' id='word_1_415' title='bbox 2335 4484 2410 4547; x_wconf 85' lang='grc' dir='ltr'><strong>τὸ</strong></span> <span class='ocrx_word' id='word_1_416' title='bbox 2464 4486 2485 4546; x_wconf 87' lang='grc' dir='ltr'>ἰ</span> <span class='ocrx_word' id='word_1_417' title='bbox 2528 4483 2909 4563; x_wconf 84' lang='grc' dir='ltr'>γράφεςθαι,</span> <span class='ocrx_word' id='word_1_418' title='bbox 2959 4484 3049 4547; x_wconf 82' lang='grc' dir='ltr'><strong>ὡς</strong></span> 
     </span>
     <span class='ocr_line' id='line_1_42' title="bbox 465 4583 3050 4668; baseline -0.001 -19"><span class='ocrx_word' id='word_1_419' title='bbox 465 4586 601 4649; x_wconf 88' lang='grc' dir='ltr'><strong>ἀπὸ</strong></span> <span class='ocrx_word' id='word_1_420' title='bbox 644 4590 762 4650; x_wconf 85' lang='grc' dir='ltr'><strong>τοῦ</strong></span> <span class='ocrx_word' id='word_1_421' title='bbox 808 4586 845 4649; x_wconf 90' lang='grc' dir='ltr'>ὁ</span> <span class='ocrx_word' id='word_1_422' title='bbox 892 4592 1012 4651; x_wconf 82' lang='grc' dir='ltr'><strong>(ῶς</strong></span> <span class='ocrx_word' id='word_1_423' title='bbox 1056 4591 1172 4652; x_wconf 84' lang='grc' dir='ltr'><strong>τοῦ</strong></span> <span class='ocrx_word' id='word_1_424' title='bbox 1218 4592 1332 4651; x_wconf 85' lang='grc' dir='ltr'><strong>ςῶ·</strong></span> <span class='ocrx_word' id='word_1_425' title='bbox 1387 4588 1467 4650; x_wconf 87' lang='grc' dir='ltr'><strong>τὰ</strong></span> <span class='ocrx_word' id='word_1_426' title='bbox 1509 4586 1632 4663; x_wconf 81' lang='grc' dir='ltr'><strong>γὰρ</strong></span> <span class='ocrx_word' id='word_1_427' title='bbox 1677 4585 1808 4649; x_wconf 86' lang='grc' dir='ltr'><strong>ἀπὸ</strong></span> <span class='ocrx_word' id='word_1_428' title='bbox 1854 4590 1988 4649; x_wconf 88' lang='grc' dir='ltr'><strong>τῶν</strong></span> <span class='ocrx_word' id='word_1_429' title='bbox 2035 4584 2123 4649; x_wconf 88' lang='grc' dir='ltr'><strong>εἰς</strong></span> <span class='ocrx_word' id='word_1_430' title='bbox 2169 4586 2257 4646; x_wconf 76' lang='grc' dir='ltr'><strong>ιῖῖέ</strong></span> <span class='ocrx_word' id='word_1_431' title='bbox 2303 4585 2407 4648; x_wconf 81' lang='grc' dir='ltr'><strong>διὰ</strong></span> <span class='ocrx_word' id='word_1_432' title='bbox 2460 4589 2577 4648; x_wconf 87' lang='grc' dir='ltr'><strong>τοῦ</strong></span> <span class='ocrx_word' id='word_1_433' title='bbox 2621 4587 2754 4645; x_wconf 69' lang='grc' dir='ltr'><strong>ἀΤοῖῖ</strong></span> <span class='ocrx_word' id='word_1_434' title='bbox 2801 4583 2914 4646; x_wconf 89' lang='grc' dir='ltr'><strong>ςὺν</strong></span> <span class='ocrx_word' id='word_1_435' title='bbox 2958 4591 3050 4668; x_wconf 81' lang='grc' dir='ltr'><strong>τῷ</strong></span> 
     </span>
     <span class='ocr_line' id='line_1_43' title="bbox 465 4670 3115 4773; baseline -0.002 -22"><span class='ocrx_word' id='word_1_436' title='bbox 465 4690 489 4751; x_wconf 86' lang='grc' dir='ltr'>ἰ</span> <span class='ocrx_word' id='word_1_437' title='bbox 534 4688 754 4752; x_wconf 88' lang='grc' dir='ltr'>Μίνως</span> <span class='ocrx_word' id='word_1_438' title='bbox 801 4689 1091 4773; x_wconf 84' lang='grc' dir='ltr'>Μινῷος,</span> <span class='ocrx_word' id='word_1_439' title='bbox 1137 4690 1307 4767; x_wconf 86' lang='grc' dir='ltr'>ἥρως</span> <span class='ocrx_word' id='word_1_440' title='bbox 1351 4689 1596 4770; x_wconf 82' lang='grc' dir='ltr'>ἡρῷος·</span> <span class='ocrx_word' id='word_1_441' title='bbox 1644 4686 1815 4750; x_wconf 85' lang='grc' dir='ltr'>οὕτω</span> <span class='ocrx_word' id='word_1_442' title='bbox 1875 4693 1997 4750; x_wconf 87' lang='grc' dir='ltr'><strong>ςῶς</strong></span> <span class='ocrx_word' id='word_1_443' title='bbox 2042 4691 2234 4770; x_wconf 86' lang='grc' dir='ltr'>ςῷος·</span> <span class='ocrx_word' id='word_1_444' title='bbox 2291 4686 2328 4749; x_wconf 89' lang='grc' dir='ltr'>ὁ</span> <span class='ocrx_word' id='word_1_445' title='bbox 2384 4687 2456 4749; x_wconf 79' lang='grc' dir='ltr'><strong>δὲ</strong></span> <span class='ocrx_word' id='word_1_446' title='bbox 2500 4685 2893 4762; x_wconf 83' lang='grc' dir='ltr'>Ἡρωδιανὸς</span> <span class='ocrx_word' id='word_1_447' title='bbox 2940 4687 3049 4747; x_wconf 78' lang='grc' dir='ltr'><strong>λα·</strong></span> <span class='ocrx_word' id='word_1_448' title='bbox 3100 4670 3115 4689; x_wconf 73' lang='grc'><strong>’</strong></span> 
     </span>
     <span class='ocr_line' id='line_1_44' title="bbox 465 4783 3051 4874; baseline -0.001 -20"><span class='ocrx_word' id='word_1_449' title='bbox 465 4791 743 4873; x_wconf 85' lang='grc' dir='ltr'>βόμενος</span> <span class='ocrx_word' id='word_1_450' title='bbox 787 4788 986 4854; x_wconf 83' lang='grc' dir='ltr'>αὐτοῦ</span> <span class='ocrx_word' id='word_1_451' title='bbox 1033 4792 1232 4874; x_wconf 84' lang='grc' dir='ltr'>λέγει,</span> <span class='ocrx_word' id='word_1_452' title='bbox 1278 4789 1375 4854; x_wconf 86' lang='grc' dir='ltr'><strong>ὅτι</strong></span> <span class='ocrx_word' id='word_1_453' title='bbox 1418 4788 1494 4854; x_wconf 84' lang='grc' dir='ltr'><strong>τὸ</strong></span> <span class='ocrx_word' id='word_1_454' title='bbox 1541 4792 1664 4854; x_wconf 89' lang='grc' dir='ltr'><strong>ςῶς</strong></span> <span class='ocrx_word' id='word_1_455' title='bbox 1709 4787 1841 4852; x_wconf 81' lang='grc' dir='ltr'><strong>ἀπὸ</strong></span> <span class='ocrx_word' id='word_1_456' title='bbox 1884 4793 2002 4852; x_wconf 87' lang='grc' dir='ltr'><strong>τοῦ</strong></span> <span class='ocrx_word' id='word_1_457' title='bbox 2033 4793 2200 4853; x_wconf 82' lang='grc' dir='ltr'>ςῶος</span> <span class='ocrx_word' id='word_1_458' title='bbox 2243 4789 2559 4871; x_wconf 85' lang='grc' dir='ltr'><strong>πέπονθε,</strong></span> <span class='ocrx_word' id='word_1_459' title='bbox 2605 4784 2727 4848; x_wconf 86' lang='lat' dir='ltr'><strong>hoc</strong></span> <span class='ocrx_word' id='word_1_460' title='bbox 2772 4783 3051 4871; x_wconf 86' lang='lat' dir='ltr'><strong>scriptor</strong></span> 
     </span>
    </p>
   </div>
  </div>
 </body>
</html>
