3664 5546
594 256 718 321 308
1532 261 1614 315 ΕΚ
1651 262 1790 316 ΤΩΝ
1835 262 2243 316 ΗΡΩΔΙΑΝΟΥ

593 433 766 512 νέμω
810 431 1037 513 νομὴ,
1085 431 1339 511 (τρέφω
1372 433 1703 515 ςτροφή,
1751 431 1983 515 ῥοπή,
2031 434 2368 515 ςπονδή,
2405 433 2628 516 ὁλκή,
2659 435 2926 513 πλοκή.
2973 435 3181 499 οὕτως

592 535 694 599 καὶ
738 535 969 615 φορβή.
1059 533 1418 611 προςέθηκα
1461 540 1553 617 τῷ
1598 537 1630 598 ἒ
1673 534 2172 614 παραληγόμενα
2216 535 2425 619 μόνῳ,
2478 535 2589 600 ἵνα
2637 540 2757 601 νῦν
2801 536 3060 617 ἐκφύγω
3103 537 3180 601 τὸ

461 682 473 692 .
591 637 869 715 πόρπη.
958 640 1151 700 τοῦτο
1197 635 1320 714 γὰρ
1367 634 1498 699 ἀπὸ
1541 640 1657 700 τοῦ
1702 637 1919 714 πείρω.

759 738 852 802 Τὰ
908 737 996 803 εἰς
1053 725 1135 817 ᾗ
1174 738 1682 817 ὑπερδιςύλλαβα
1727 739 1807 816 μὴ
1854 739 2355 819 παραληγόμενα
2398 745 2473 824 τῇ
2525 744 2590 824 οῖ
2622 739 2956 825 διφθόγγῳ
2990 740 3176 820 βαρύ-

529 843 563 894 5
592 861 796 922 νεται,
830 840 1100 921 Ἀλύβη
1134 840 1445 917 «τηλόθεν
1476 839 1540 905 ἐξ
1577 839 1874 920 Ἀλύβης,
1908 837 2059 904 ὅθεν
2090 840 2376 919 ἀργύρου
2412 840 2541 906 ἐςτὶ
2562 842 2872 920 γενέθλη»
2905 843 2980 924 (Β
3008 841 3173 923 857).

588 941 951 1006 Ἑλλάνικος
997 941 1068 1005 δέ
1111 962 1302 1020 φηςιν
1350 941 1573 1020 λίμνην
1619 940 1783 1005 εἶναι
1814 941 2156 1020 Ποντικήν.
2203 943 2518 1023 καλύβη.
2571 943 2694 1007 ἔςτι
2726 944 2828 1008 καὶ
2876 944 3173 1023 Καλύβη

588 1044 775 1108 πόλις
823 1044 1105 1125 Θρᾴκης,
1164 1041 1433 1107 ἄποικος
1481 1042 1912 1124 Μακεδόνων,
1973 1042 2245 1127 Νιόβη,
2302 1043 2643 1125 ἀςτράβη
2702 1044 2878 1109 εἶδος
2923 1044 3171 1125 ἁμάξης.

589 1145 795 1210 οὕτως
840 1145 912 1208 δὲ
957 1145 1244 1208 ἐκαλεῖτο
1295 1144 1493 1209 Κάςος
1540 1143 1645 1222 μία
1688 1148 1818 1208 τῶν
1870 1144 2230 1209 Κυκλάδων.
2305 1144 2586 1227 Ἑκάβη.
2656 1146 2975 1227 Ἀρίςβη-
2992 1146 3172 1211 πόλις

587 1250 698 1322 τῆς
743 1246 1050 1328 Τρῳάδος
1097 1246 1547 1324 Μυτιληναίων
1594 1244 1894 1327 ἄποικος,
1943 1244 2017 1321 ἦς
2062 1245 2322 1310 οἰκιςταὶ
2353 1247 2784 1327 Εκαμάνδριος
2828 1249 2931 1314 καὶ
2966 1248 3168 1313 Ἀςκά-

486 1364 553 1416 10
588 1368 725 1412 νιος
771 1346 907 1411 υἱὸς
949 1346 1216 1411 Αἰνείου.
1310 1347 1622 1427 Κεφάλων
1669 1347 1739 1410 δέ
1785 1368 2009 1428 φηςιν,
2055 1346 2154 1410 ὅτι
2195 1348 2546 1427 Δάρδανος
2591 1350 2722 1414 ἀπὸ
2768 1350 3170 1432 (αμοθρᾴκης

587 1451 795 1514 ἐλθὼν
841 1447 930 1512 εἰς
974 1449 1089 1525 τὴν
1134 1448 1408 1526 Τρωάδα
1465 1451 1580 1527 τὴν
1626 1448 1911 1526 Τεύκρου
1956 1452 2072 1513 τοῦ
2121 1447 2360 1528 Κρητὸς
2415 1452 2732 1529 θυγατέρα
2786 1454 2973 1529 γαμεῖ
3016 1451 3169 1529 Ἀρί-

587 1556 754 1631 ςβην.
841 1549 1205 1614 Ἑλλάνικος
1251 1552 1322 1614 δὲ
1369 1550 1633 1614 Βάτειαν
1689 1549 1891 1626 αὐτήν
1949 1571 2157 1629 φηςιν.
2245 1550 2373 1616 ἔςτι
2428 1552 2613 1630 ἑτέρα
2668 1553 2738 1618 ἐν
2782 1552 2999 1636 Λέςβῳ
3043 1550 3169 1615 ἀπὸ

586 1649 865 1731 Ἀρίςβης
920 1654 1031 1729 τῆς
1079 1651 1384 1729 Μάκαρος
1443 1652 1776 1729 θυγατρός.
1865 1649 2149 1730 Ἔφορος
2205 1654 2277 1717 δὲ
2336 1653 2643 1732 Μέροπος
2698 1654 2898 1731 αὐτὴν
2956 1673 3168 1729 γενεα-

587 1756 770 1829 λογεῖ
824 1754 927 1818 καὶ
980 1753 1241 1832 πρώτην
1286 1753 1683 1836 Ἀλεξάνδρῳ
1736 1759 1829 1837 τῷ
1885 1753 2181 1834 Πριάμου
2237 1757 2609 1834 γαμηθῆναι.
2696 1756 3047 1834 Ἡρόδοτος
3099 1755 3169 1818 δὲ

484 1853 549 1906 15
586 1856 688 1919 καὶ
744 1854 938 1921 ἰάζων
995 1855 1279 1933 Ἀρίςβαν
1336 1857 1517 1918 καλεῖ
1572 1854 1641 1918 ἐν
1698 1856 1921 1937 πρώτῃ
1980 1854 2064 1937 (e.
2115 1855 2279 1936 151).
2369 1856 2767 1937 Ἀςτελέβη
2823 1857 3010 1921 πόλις
3052 1856 3165 1920 Λυ-

586 1957 737 2021 δίας.
827 1955 1083 2021 Ξάνθος
1128 1955 1198 2019 ἐν
1243 1955 1509 2038 τετάρτῃ
1552 1955 1899 2021 Λυδιακῶν.
1995 1957 2366 2036 Κακκάβη.
2424 1958 2630 2024 οὕτως
2675 1958 2963 2022 ἐκαλεῖτο
3016 1958 3165 2035 Καρ-

584 2058 818 2137 χηδών.
875 2057 1086 2140 τούτῳ
1133 2059 1203 2121 δὲ
1250 2056 1407 2120 κατὰ
1450 2058 1567 2134 τὴν
1615 2055 1851 2121 οἰκείαν
1883 2057 2301 2146 αὐτῶνρλέξιν
2333 2057 2540 2123 ἵππου
2571 2062 2817 2139 κεφαλὴ
2850 2063 3165 2138 δηλοῦται.

582 2158 1035 2238 Ὑποθῆβαι·
1091 2160 1258 2224 τινὲς
1314 2158 1521 2222 οὕτως
1581 2159 1734 2237 φαςὶ
1787 2159 1900 2222 τὰς
1955 2159 2236 2224 Ποντίας
2291 2163 2401 2237 τῆς
2460 2162 2765 2225 Βοιωτίας
2829 2164 3165 2237 κεκλῆςθαι.

584 2260 647 2325 οἱ
701 2263 773 2326 δὲ
830 2260 1245 2340 πολιςμάτιόν
1300 2281 1358 2323 τι
1414 2259 1518 2323 διὰ
1572 2260 1686 2337 τὴν
1747 2263 1865 2323 τοῦ
1919 2260 2127 2324 τόπου
2193 2260 2362 2325 θέςιν
2421 2261 2628 2325 οὕτως
2694 2247 3166 2342 ὠνομαςμένον,

479 2378 548 2430 20
584 2364 673 2428 ὡς
718 2364 832 2442 τὴν
876 2361 1312 2440 Ὑποχαλκίδα
1356 2363 1614 2425 καλοῦςι
1661 2361 1765 2424 διὰ
1808 2361 1886 2425 τὸ
1933 2361 2060 2425 ὑπὸ
2105 2362 2182 2425 τὸ
2227 2361 2383 2440 ὄρος
2439 2364 2555 2441 τὴν
2599 2363 2875 2428 Χαλκίδα
2919 2366 3165 2428 κεῖςθαι.

583 2465 819 2530 πολλοὶ
874 2466 946 2529 δὲ
1002 2464 1157 2543 μετὰ
1212 2464 1576 2541 προθέςεως
1632 2463 1852 2545 τόποι,
1911 2462 2389 2546 Ἐπικνημίδιοι,
2448 2463 2898 2547 Ὑπερβόρεοι,
2952 2466 3166 2542 Παρα-

582 2567 915 2648 ποτάμιοι,
960 2565 1361 2646 Προποντίς,
1407 2565 1910 2641 Παρωκεανῑται.
1999 2565 2309 2645 κολόβη.
2385 2566 2649 2630 Ἀττικοὶ
2702 2567 2773 2630 δὲ
2818 2565 3166 2632 ὀξύνουςιν.

582 2670 657 2732 τὸ
704 2668 774 2731 δὲ
820 2665 1103 2746 ἀμοιβή
1148 2665 1440 2733 ὀξύνεται
1486 2663 1574 2727 ὡς
1620 2664 1774 2742 ἕχον
1819 2666 1937 2742 τὴν
1985 2668 2044 2729 δι
2091 2666 2469 2745 δίφθογγον.

752 2767 846 2832 Τὰ
901 2767 988 2833 εἰς
1034 2755 1125 2849 BH
1155 2767 1406 2848 ἰαμβικὰ
1449 2765 1634 2845 κύρια
1677 2767 1716 2844 ἢ
1762 2766 2118 2847 παρώνυμα
2165 2768 2530 2851 βαρύνεται,
2575 2769 2747 2850 Ἀβη
2792 2771 2978 2835 πόλις
3021 2769 3162 2834 Φω-

479 2884 546 2935 25
582 2872 752 2952 κική,
809 2872 848 2949 ἢ
893 2872 995 2935 καὶ
1037 2872 1196 2951 Ἄβα
1252 2871 1354 2932 καὶ
1404 2871 1842 2946 πληθυντικῶς
1887 2869 2065 2948 Ἄβαι
2124 2870 2215 2934 ὼς
2258 2870 2531 2950 Ἀμύκλα
2574 2870 2882 2950 Ἀμύκλαι.
2968 2872 3166 2937 Λυκό-

582 2994 770 3052 φρων
817 2973 910 3053 (v.
960 2970 1153 3051 1074)
1200 2973 1594 3045 «ποθοῦντες
1623 2970 1975 3048 Ἄμφιςςάν
2020 2991 2087 3035 τε
2132 2972 2234 3035 καὶ
2277 2972 2527 3037 κλεινὰς
2571 2973 2820 3053 Ἄβας».
2853 2958 3165 3050 ’κέκληται

582 3074 653 3138 δὲ
698 3074 829 3137 ἀπὸ
886 3072 1099 3150 ἥρωος
1143 3073 1316 3152 Ἄβα.
1405 3069 1642 3150 Τάβαι
1700 3072 1885 3135 πόλις
1939 3072 2200 3153 Λυδίας,
2256 3074 2402 3151 περὶ
2456 3072 2548 3136 ὧν
2604 3072 2642 3137 ὁ
2698 3074 2970 3153 χρηςμός
3019 3094 3165 3153 φηςι

580 3176 745 3253 πρὸς
786 3173 1049 3238 Πιςίδας
1098 3171 1285 3236 «ἄςτυ
1330 3171 1558 3250 Ταβῶν
1604 3172 1887 3249 ἐρικυδὲς
1931 3173 2273 3251 ἐλεύθερον
2319 3174 2707 3241 οἰκίζεςθαι».
2796 3177 2898 3240 καὶ
2941 3176 3166 3240 Ἀπολ-

581 3277 817 3339 λώνιος
863 3274 1073 3356 ἐνάτῳ
1122 3273 1507 3351 «ἐδεήθηςαν
1553 3274 1732 3339 ὅπως
1773 3275 2012 3339 αὐτοὺς
2058 3273 2144 3338 εἰς
2190 3275 2397 3354 Τάβας
2428 3276 2884 3352 καταγάγωςι».
2936 3277 3165 3354 ἐκλήθη

477 3392 546 3443 30
580 3379 651 3441 δὲ
696 3376 828 3441 ἀπὸ
874 3375 1089 3455 Τάβου
1133 3374 1362 3453 ἥρωος.
1440 3374 1501 3438 οἱ
1547 3375 1616 3439 δέ
1662 3396 1815 3455 φαςι
1860 3376 1977 3440 τὸν
2026 3376 2295 3457 Κιβύραν
2341 3377 2442 3441 καὶ
2489 3378 2794 3455 Μαρςύαν
2839 3377 3166 3457 ἀδελφοὺς

580 3480 695 3543 τὸν
741 3479 856 3557 μὲν
902 3477 1095 3541 κτίςαι
1131 3475 1400 3556 Κιβύραν
1446 3478 1669 3559 πόλιν,
1715 3478 1831 3543 τὸν
1878 3478 1949 3541 δὲ
1994 3477 2233 3560 Τάβας,
2279 3479 2382 3542 καὶ
2425 3480 2678 3544 καλέςαι
2723 3479 2853 3543 ἀπὸ
2898 3483 3015 3543 τοῦ
3063 3479 3166 3542 ἐπὶ

577 3580 814 3657 πέτρας
857 3579 1180 3643 οἰκεῑςθαι·
1244 3578 1444 3657 τάβαν
1488 3579 1611 3656 γὰρ
1655 3580 1772 3656 τὴν
1817 3578 2059 3656 πέτραν
2104 3579 2406 3657 Ἕλληνες
2467 3581 2933 3660 ἑρμηνεύουςιν.
3006 3581 3165 3645 ἔνιοι

577 3679 709 3744 ἀπὸ
734 3680 1051 3768 ,Ταβηνοῦ
1096 3680 1397 3758 Ἀργείου.
1488 3678 1613 3742 ἕςτι
1656 3680 1760 3743 καὶ
1812 3678 1974 3756 ἄλλη
2033 3679 2219 3744 πόλις
2269 3680 2494 3759 Καρίας
2537 3682 2751 3761 Τάβαι.
2840 3684 2942 3746 καὶ
2991 3682 3163 3761 τρίτη

576 3785 688 3858 τῆς
741 3781 1050 3863 Περαίας,
1111 3781 1189 3859 ἣν
1245 3780 1662 3857 Ἀλέξανδρος
1727 3779 1795 3843 ἐν
1857 3785 1950 3862 τῷ
2007 3782 2152 3858 περὶ
2218 3781 2442 3860 (υρίας
2509 3783 2836 3862 ἑρμηνεύει
2902 3782 3163 3861 ἀγαθήν.

474 3897 542 3951 35
578 3880 811 3962 (άβαι
869 3883 1054 3947 πόλις
1111 3882 1349 3962 μεγάλη
1405 3880 1672 3956 πληςίον
1728 3884 1841 3958 τῆς
1897 3881 2194 3960 Ἐρυθρᾶς
2253 3882 2573 3961 θαλάςςης.
2672 3884 2937 3965 Λάβαι·
2980 3884 3167 3949 πόλις

577 3985 939 4064 Χαττηνίας.
983 3984 1310 4063 Πολύβιος
1352 3981 1853 4063 τριςκαιδεκάτῳ.
1904 3982 2163 4062 βλάβη.
2211 3984 2501 4051 ὀξύνεται
2547 3985 2617 4048 δὲ
2660 3988 2887 4067 ταῦτα,
2935 3985 3164 4067 λαβή,

575 4088 795 4166 τριβή
842 4085 1149 4166 ῥηματικὰ
1199 4081 1371 4147 ὄντα.

710 4240 746 4292 Ι.
785 4244 816 4291 5
854 4238 1058 4302 Ἀλύβη
1097 4236 1315 4301 explevi
1354 4251 1421 4285 ex
1459 4236 1538 4286 St.
1577 4236 1656 4293 Β.,
1697 4234 1918 4300 Καλύβη
1956 4238 2086 4287 urbs
2122 4252 2188 4287 ex
2228 4238 2418 4288 eodem
2454 4238 2649 4289 addita
2686 4244 2772 4290 est
2807 4245 2866 4289 ut
2892 4238 3162 4304 Ἀςτράβη

574 4308 775 4358 insula.
854 4308 939 4357 Ex
987 4307 1177 4356 eodem
1223 4310 1573 4355 accesserunt
1611 4302 1828 4368 Ἀρίςβη
1869 4302 1980 4369 (ap.
2027 4305 2293 4356 Herodot.
2337 4305 2598 4370 Ἀριςβαν
2643 4307 2992 4358 scribendum
3040 4322 3161 4357 esse

575 4381 764 4426 censet
810 4374 1106 4437 Meinek.)‚
1156 4370 1477 4436 Ἀςτελὲβη,
1529 4369 1813 4436 Κακκάβη,
1865 4371 2188 4436 Ὑποθῆβαι.
2234 4401 2300 4409 -—
2358 4372 2566 4438 κολόβη
2615 4374 2803 4424 addidi
2851 4392 2917 4425 ox
2965 4374 3161 4426 Choer.

575 4442 729 4493 Orth.
769 4445 887 4503 227,
928 4444 1005 4492 11.
1080 4442 1163 4490 Ex
1199 4441 1301 4491 hoc
1347 4455 1557 4491 canone
1604 4441 1773 4490 otiam
1817 4446 2079 4490 accentus
2126 4443 2360 4491 nominis
2396 4440 2653 4504 Μοναβαί
2700 4441 2867 4511 πόλις
2902 4441 3160 4506 Ἰςαυρίας

574 4525 662 4573 ap.
700 4510 780 4560 St.
817 4512 881 4560 B.
920 4508 1276 4573 corrigendus
1312 4512 1414 4560 est.
1523 4507 1558 4556 l.
1596 4511 1661 4557 24
1699 4524 1797 4573 pro
1835 4506 2027 4571 κύριον
2064 4508 2257 4558 addidi
2292 4509 2360 4558 ad
2397 4508 2537 4573 Ἀβη
2577 4526 2643 4560 ex
2681 4512 2761 4561 St:
2799 4513 2862 4562 B.
2900 4510 3059 4574 Ἀβαι
3099 4538 3162 4545 —-

574 4574 689 4626 ἀπὸ
727 4574 945 4627 εὐθείας
994 4576 1178 4639 ἑνικής
1222 4578 1325 4638 τῆς
1361 4574 1502 4638 Ἀβη
1549 4577 1718 4625 verba
1764 4575 1927 4625 πόλις
1965 4574 2221 4640 Φωκική;
2270 4594 2337 4626 ex
2383 4577 2575 4626 eodem
2622 4578 2797 4629 adieci
2843 4577 3042 4641 Τάβαι,
3092 4578 3160 4627 de

574 4658 706 4706 quo:
746 4643 1039 4708 βαρύνεται
1077 4642 1156 4693 ὡς
1194 4640 1361 4703 (ἀβαι
1399 4641 1589 4704 κύριον
1626 4642 1715 4692 καὶ
1754 4641 2033 4707 ίαμβικόν,
2082 4644 2222 4693 unde
2270 4652 2502 4709 apparet
2546 4662 2635 4711 ap.
2676 4647 2755 4696 St.
2791 4647 2853 4698 Β.
2892 4662 2934 4695 s.
2975 4664 3022 4696 v.
3062 4660 3161 4711 pro

573 4707 742 4772 (αβαί
779 4712 1123 4761 scribendum
1160 4726 1276 4758 esse
1315 4706 1506 4771 (άβαι,
1546 4710 1689 4772 qnod
1729 4712 1908 4775 reeopi
1944 4726 2116 4775 aeque
2155 4717 2320 4775 atque
2359 4709 2529 4774 Λὰβαι
2568 4729 2634 4762 ex
2672 4715 2749 4765 st.
2790 4714 2848 4763 Β.

3531 5444 3540 5457 Ι

856 5486 871 5495 ι
978 5484 1027 5493 --
1096 5486 1217 5503 *nn—n-
1272 5486 1473 5497 -—--=
1542 5488 1914 5502 *μ’-ῃ..-
1933 5486 1942 5493 -
1999 5488 2012 5497 ι-
2057 5488 2188 5497 -—
2897 5492 2984 5546 -
3051 5490 3425 5546 —
3503 5478 3540 5546 .
