3664 5546
653 377 779 441 488
1593 371 1675 425 εκ
1710 370 1852 424 mm
1894 367 2303 422 ΗΡΩΔιΑΝογ

656 550 693 627 ἢ
740 548 1032 626 ἔτυμον
1077 543 1280 623 ἐρέω»
1329 543 1407 626 (Κ
1435 539 1591 622 534,
1625 548 1662 605 δ
1697 540 1870 625 140),
1917 539 2030 617 «ἠὲ
2073 538 2258 605 νέον
2306 539 2635 619 μεθέπεις»
2683 539 2755 622 (α
2789 538 2960 624 175),
3007 542 3234 606 «νέον

656 651 723 715 δ’
768 648 1087 728 ἀπέληγεν
1133 646 1416 723 ἐδωδῆς»
1464 644 1547 727 (Ω
1583 642 1768 724 475),
1816 642 1938 706 «οὐ
1970 644 2084 721 μὲν
2115 642 2314 706 καλὸν
2360 641 2736 722 ὑπέρβιον
2781 642 3233 721 εὐχετάαςθαι»

656 753 734 835 (Ρ
785 750 924 833 19),
973 749 1241 826 «Ἕκτωρ
1288 747 1355 811 δ’
1399 746 1593 824 ἐχάρη
1639 746 1828 826 μέγα
1874 747 2074 823 μῦθον
2119 742 2430 808 ἀκούςας»
2478 743 2549 827 (Γ
2596 744 2735 827 76),
2782 744 2905 809 «οὐ
2951 747 3064 825 μὲν
3107 767 3236 810 κα-

658 856 798 920 λὸν
844 853 1176 932 ἀτέμβειν»
1226 848 1376 933 (Od.
1409 872 1460 929 φ
1487 847 1676 932 312),
1722 847 1954 911 «δείδω
1986 848 2066 926 μὴ
2110 846 2211 910 καὶ
2254 849 2465 925 τεῖχος
2512 846 2964 927 ὑπέρμορον
3020 847 3238 915 ἐξαλα-

597 967 631 1016 5
660 957 825 1041 πάξῃ
874 953 959 1037 (Υ
1002 953 1148 1036 30),
1208 953 1339 1018 «ὡς
1393 951 1493 1017 καὶ
1546 954 1663 1015 νῦν
1716 949 2005 1025 Αἴγιςθος
2063 948 2472 1028 ὑπέρμορον»
2533 948 2605 1031 (α
2654 948 2794 1031 34)·
2859 950 3123 1016 δύναται
3169 952 3243 1015 δὲ

659 1063 859 1124 ταῦτα
900 1057 1001 1121 καὶ
1043 1055 1203 1120 κατὰ
1247 1055 1529 1118 διάλυςιν
1575 1052 2106 1128 ἀναγινώςκεςθαι
2151 1050 2389 1128 ὁμοίως
2432 1058 2523 1134 τῷ
2581 1077 2604 1108 <‹
2623 1052 2702 1131 μὴ
2748 1053 2850 1116 καὶ
2892 1053 3051 1131 ὑπὲρ
3098 1056 3240 1132 μοῖ-

663 1181 782 1241 ραν
825 1160 1082 1224 Ἀἰδος»
1130 1154 1216 1238 (Υ
1259 1154 1431 1238 336).
1519 1154 1733 1218 πολλὰ
1786 1155 1858 1216 δὲ
1914 1153 2016 1217 καὶ
2068 1159 2143 1237 τῇ
2188 1152 2400 1236 εὐθείᾳ
2444 1156 2576 1216 τῶν
2630 1156 3069 1231 πληθυντικῶν
3125 1154 3238 1219 ού-

664 1262 941 1340 δετέρων
989 1260 1067 1338 «ἦ
1114 1279 1228 1339 μευ
1262 1258 1466 1322 καλὰ
1509 1257 1716 1334 πατὴρ
1762 1255 1851 1319 ὣς
1896 1255 2152 1333 κήδεαι»
2199 1252 2353 1338 (od.
2401 1275 2437 1332 ρ
2481 1253 2669 1338 397),
2729 1254 2851 1319 «οὐ
2906 1241 3019 1334 μὲν
3077 1257 3242 1320 καλὰ

664 1366 867 1444 χόλον
911 1360 1100 1427 τόνδ’
1129 1360 1358 1425 ἔνθεο»
1407 1356 1515 1442 (Il.
1547 1358 1602 1422 Ζ
1637 1356 1814 1439 326),
1862 1356 2061 1424 «δεῖξ’
2106 1355 2413 1422 ἐνδέξια
2442 1360 2670 1421 πᾶςιν»
2704 1357 2786 1440 (Η
2826 1356 2999 1440 184),
3045 1357 3245 1424 «ἔνθα

566 1474 632 1525 10
665 1487 773 1532 κεν
829 1465 1195 1543 Ἀργείοιςιν
1264 1461 1668 1540 ὑπέρμορα
1732 1459 1956 1542 νόςτος
2023 1458 2292 1537 ἐτύχθη»
2352 1457 2428 1541 (Β
2489 1457 2671 1542 155),
2728 1461 3024 1524 «πυκνὰ
3075 1459 3247 1539 μάλα

669 1566 1095 1644 ςτενάχοντα»
1144 1564 1229 1647 (Φ
1273 1563 1451 1646 417),
1499 1563 1743 1628 «πύκα
1785 1564 2128 1640 ποιητοῖο»
2177 1560 2251 1642 (C
2281 1559 2436 1645 608)
2482 1563 2563 1642 μὴ
2607 1561 2903 1642 φυλάξαν
2946 1562 3057 1641 τὴν
3099 1583 3238 1642 φω-

669 1671 788 1748 νὴν
830 1671 949 1732 τοῦ
1005 1665 1357 1747 ὀνόματος,
1412 1665 1578 1729 ἀλλὰ
1621 1663 2077 1747 ἀποβολῇ·τοῦ
2131 1668 2169 1728 V
2213 1664 2563 1741 πεποιηκὸς
2609 1664 2996 1744 βαρύτονον·
3038 1663 3237 1728 ὠκέα

670 1771 854 1852 ὦκα,
900 1768 1150 1847 ςαφέα
1193 1767 1426 1850 ςάφα,
1481 1767 1768 1845 κρατέα
1810 1765 2009 1844 κράτα
2053 1765 2152 1829 καὶ
2195 1766 2266 1830 ἐν
2323 1765 2646 1844 ὑπερθέςει
2692 1766 2963 1846 κάρτα,
3018 1763 3241 1830 ἀντία

672 1870 816 1937 οἷον
866 1869 1074 1934 «ἀντί>
1120 1869 1563 1948 Ἀλεξάνδροιο
1607 1869 1721 1933 θεὰ
1765 1869 2062 1947 κατέθηκε
2098 1868 2425 1948 φέρουςα»
2474 1864 2582 1949 (ΙΙ.
2617 1869 2654 1930 Γ
2682 1866 2838 1949 425)
2881 1869 2982 1932 καὶ
3024 1867 3243 1950 ἄντα,

576 1983 636 2035 15
672 1974 774 2039 καὶ
816 1972 1066 2037 τούτων
1123 1969 1496 2050 ἀνεβιβάςθη
1543 1970 1580 2033 ὁ
1635 1970 1826 2036 τόνος
1882 1971 2036 2049 μετὰ
2092 1970 2207 2049 τὴν
2265 1968 2656 2048 ὑπεξαίρεςιν
2712 1974 2828 2034 τοῦ
2870 1972 2906 2034 ἒ
2948 1971 2988 2049 ἢ
3033 1974 3151 2034 τοῦ
3193 1974 3244 2034 ἶ.

672 2075 750 2140 τό
794 2075 864 2138 δὲ
908 2071 1110 2152 θαμά
1153 2070 1465 2139 ὀξότονον
1510 2070 1641 2136 ἀπὸ
1686 2074 1885 2152 θαμός
1930 2071 2256 2140 ὀξυτόνου.
2334 2074 2826 2152 «καλλιγραφεῖς
2869 2074 2970 2137 καὶ
3013 2072 3248 2151 ταχύ·
3329 2097 3340 2106 ·

673 2197 861 2241 τατα
915 2174 1231 2258 διαλέγῃ».
1331 2172 1461 2239 ἀπὸ
1516 2178 1632 2238 τοῦ
1688 2174 1868 2240 ἐτεόν
1924 2173 2234 2241 ὀξυτόνου
2292 2172 2472 2238 «ἀλλ’
2525 2175 2708 2239 ἐτεὸν
2760 2176 2871 2254 μὲν
2924 2174 3240 2239 ἐοικότες»

675 2279 778 2344 καὶ
820 2278 1013 2342 ἐτεά.
1102 2276 1201 2340 καὶ
1244 2275 1375 2341 ἀπὸ
1419 2280 1536 2341 τοῦ
1580 2277 1721 2342 ἐτός
1764 2276 1959 2340 πάλιν
2005 2276 2316 2342 ὀξυτόνου
2362 2275 2494 2339 ἐτά
2538 2275 2887 2359 ὀξυτόνως,
2945 2277 3038 2341 ὠς
3097 2277 3241 2341 «ἐτὰ

574 2373 583 2378 ’
677 2381 1036 2460 Τημενίδεω
1082 2379 1351 2458 χρύςεον
1396 2379 1626 2455 γένος»
1672 2379 1773 2443 καὶ
1816 2378 1922 2442 ἐπὶ
1965 2377 2227 2444 πάντων
2273 2377 2529 2456 ὁμοίως.

672 2604 1010 2667 όνομαςτικῇ
1047 2599 1396 2665 πληθυντικῇ
1433 2598 1629 2651 οὐδέτε
1667 2614 1717 2650 α.
1823 2600 1858 2650 l.
1883 2603 1915 2650 2
1951 2598 2019 2651 οὑ
2058 2598 2157 2662 μὲν
2194 2599 2370 2651 καλὸν
2408 2627 2471 2636 -
2507 2599 2542 2651 1.
2568 2603 2597 2650 7
2633 2599 2821 2653 Ἄϊδος
2860 2602 3042 2666 recepi
3077 2617 3142 2651 ex
3179 2600 3247 2653 ΙΙ.

674 2672 767 2724 Pr.
796 2669 844 2721 Υ
869 2672 961 2720 30:
997 2665 1163 2719 δείδω
1192 2666 1264 2730 μὴ
1290 2668 1382 2718 καὶ
1413 2671 1599 2731 τεῖχος
1621 2615 1942 2733 ιξπέρμορον
1966 2666 2305 2732 ἐξαλαπάξῃ;
2346 2667 2690 2733 ὑπέρμορον;
2734 2667 3133 2734 Ἀριςτοφάνης
3169 2668 3252 2721 ὡς

675 2737 971 2804 ὑπέρβιον,
1009 2735 1070 2789 ἓν
1106 2733 1271 2800 μέρος
1305 2734 1477 2799 λόγου
1504 2738 1712 2799 ποιῶν,
1752 2736 1843 2787 καὶ
1880 2736 1911 2788 ό
1951 2734 2387 2802 Ἀςκαλωνίτης,
2427 2736 2551 2789 ἐπεὶ
2585 2735 2710 2789 ἀντὶ
2745 2736 3121 2804 ἐπιρρήματος
3145 2740 3251 2789 τοῦ

675 2805 1011 2871 ὑπερμόρως
1047 2802 1419 2869 παρείληπται
1457 2802 1666 2867 ὁμοίως
1702 2806 2066 2872 πληθυντικῷ
2113 2808 2197 2870 τῷ
2235 2805 2413 2858 ((ἑνθα
2457 2821 2555 2857 κεν
2595 2805 2914 2869 Ἀργείοιςιν
2960 2804 3255 2871 ὑπέρμορα

674 2874 915 2926 νόςτος»
952 2872 1040 2935 (11.
1079 2872 1120 2924 Β
1159 2874 1280 2933 155)
1315 2873 1406 2923 καὶ
1442 2871 1508 2923 ὃν
1544 2871 1763 2936 τρόπον
1798 2872 1908 2924 «οὐ
1947 2872 2049 2936 μὲν
2087 2872 2262 2924 καλὸν
2286 2874 2586 2937 ἀτέμβειν»
2622 2872 2748 2925 ἀντὶ
2782 2877 2886 2926 τοῦ
2924 2875 3111 2926 καλῶς
3138 2873 3256 2926 ἐςτί

676 2943 766 2994 καί
800 2941 871 2993 τὸ
908 2940 1292 3006 πληθυντικόν
1326 2939 1436 2992 «οὐ
1475 2939 1576 3003 μὲν
1612 2940 1754 2992 καλὰ
1789 2940 1960 3004 χόλον
1995 2939 2150 2992 τόνδ’
2186 2940 2390 2993 ἔνθεο»
2427 2942 2519 3007 (Il.
2556 2941 2602 2994 Z
2639 2941 2796 3005 326),
2834 2942 3021 2994 οὕτως
3056 2942 3149 2993 καὶ
3185 2942 3254 2994 τὸ

679 3006 1344 3140 ἕὲἕᾶῧμῗὲνκαῗνὲέῧὶ.
1366 3006 2051 3141 Ἑαὲιρῑὶᾌῖϊνῖὲὶῗὲπὲἑῗ,
2065 3090 2094 3129 »
2107 3008 2241 3128 ‘331‘
2243 3009 2950 3142 {²310.“225¹÷R23}‘53.55
2951 3008 3250 3143 Ἐὲἓὲιῗῖἕὲ

682 3145 935 3198 νόςτος».
1014 3143 1260 3195 ἐντελῶς
1307 3144 1368 3195 δὲ
1414 3143 1475 3195 ἐν
1519 3148 1589 3210 τῇ
1638 3144 1677 3197 Β
1725 3144 1875 3209 (155)
1923 3128 2048 3208 περὶ
2092 3147 2192 3209 τῆς
2238 3145 2551 3211 προςῳδίας
2597 3144 2937 3209 διελάβομεν.
3017 3145 3102 3197 διὸ
3147 3149 3250 3196 νῦν

681 3211 930 3277 παρίημι.
981 3211 1162 3263 ἐκεῖνο
1200 3211 1390 3274 μέντοι
1426 3211 1763 3277 ὑπομνήςω,
1802 3212 1882 3264 ὡς
1919 3213 2005 3264 ὅτι
2041 3211 2270 3265 δύναται
2307 3214 2395 3265 καὶ
2429 3217 2605 3265 τοῦτο
2642 3214 2732 3265 καὶ
2766 3213 2835 3265 τὸ
2875 3213 2937 3265 ἐν
2975 3212 3254 3280 Ὀδυςςείᾳ

684 3282 745 3347 (α
780 3279 869 3343 35)
906 3279 1056 3341 λέγω
1093 3278 1154 3331 δὲ
1190 3279 1259 3330 τὸ
1295 3280 1417 3331 «ὡς
1461 3280 1551 3331 καὶ
1598 3283 1701 3331 νῦν
1738 3279 1991 3343 Αἴγιςθος
2036 3280 2366 3346 ὑπέμορον»
2410 3280 2552 3333 κατὰ
2597 3280 2839 3334 διάλυςιν
2885 3279 3256 3345 ἀναγινώςκε-

685 3352 805 3402 ςθαι
841 3345 1050 3411 ὁμοίως
1085 3350 1169 3413 τῷ
1206 3348 1323 3411 «μὴ
1364 3347 1451 3399 καὶ
1487 3347 1630 3412 ὑπὲρ
1668 3352 1865 3413 μοῖραν
1901 3348 2075 3411 δόμον
2111 3349 2325 3411 Ἄϊδος,
2363 3350 2549 3414 ὥςπερ
2585 3351 2692 3415 ἤδη
2729 3348 3163 3416 ἀπεφηνάμην».
3189 3378 3260 3384 -

682 3418 718 3469 1.
757 3420 787 3468 7
842 3415 1026 3468 πολλὰ
1060 3442 1125 3451 —
1160 3414 1479 3480 οὐδετέρων
1514 3417 1634 3482 ipse
1671 3418 1873 3480 adieci,
1914 3418 2218 3483 exemphun
2255 3436 2321 3468 ex
2356 3419 2458 3471 od.
2491 3433 2524 3482 ρ
2560 3421 2658 3469 397
2696 3420 2930 3484 apposui
2963 3435 3029 3469 ex
3062 3417 3125 3467 11.
3164 3418 3257 3468 Pr.

687 3485 726 3538 Β
768 3486 890 3536 155:
926 3482 1240 3548 ὑπέρμορα;
1277 3483 1464 3535 οὕτως
1500 3482 1608 3548 ὑφ’
1633 3482 1695 3535 ἓν
1728 3484 1796 3535 τὸ
1834 3484 2145 3550 ὑπέρμορα·
2183 3484 2251 3536 οὐ
2286 3484 2416 3550 γάρ,
2456 3485 2534 3537 ὥς
2569 3500 2744 3549 τινες,
2782 3485 2925 3538 κατὰ
2958 3484 3259 3538 διάςταςιν·

688 3552 836 3604 ἐςτιν
871 3549 974 3602 οὖν
1008 3566 1062 3602 τι
1096 3550 1283 3615 μόρος,
1322 3550 1353 3603 ὃ
1391 3553 1654 3604 ςυντεθέν
1688 3551 1902 3616 γίνεται
1935 3552 2250 3617 ὑπέρμορος
2287 3553 2364 3604 ὠς
2402 3553 2712 3619 ὠκύμορος,
2749 3553 2816 3605 οὗ
2852 3553 3152 3618 οὐδέτερον
3187 3553 3259 3605 τὸ

688 3620 1008 3684 ὑπέρμορον
1061 3619 1150 3670 καὶ
1188 3620 1570 3685 πληθυντικὸν
1613 3620 1685 3672 τὰ
1721 3620 2030 3685 ὑπέρμορα’
2086 3620 2165 3672 ώς
2212 3621 2316 3673 οὖν
2360 3622 2429 3673 τὸ
2468 3622 2610 3674 καλὰ
2645 3623 2735 3673 καὶ
2772 3621 2952 3685 ὄνομα
2987 3621 3129 3674 ἀλλὰ
3163 3622 3258 3673 καὶ

690 3686 967 3753 ἐπίρρημα
1003 3687 1079 3751 «ἦ
1107 3702 1209 3750 μευ
1246 3687 1387 3739 καλὰ
1426 3689 1614 3752 πατὴρ
1639 3688 1717 3740 ὣς
1743 3689 1976 3754 κήδεαι»
2013 3688 2140 3753 (Od.
2162 3705 2197 3754 ρ
2221 3688 2344 3754 397)
2381 3690 2471 3741 καὶ
2507 3689 2734 3742 «πυκνὰ
2759 3689 2905 3753 μάλα
2930 3691 3258 3753 ςτενάχων»

688 3755 780 3821 (11.
816 3753 854 3807 C
891 3754 1035 3818 318),
1073 3754 1260 3806 οὕτως
1295 3756 1386 3807 καὶ
1424 3755 1712 3821 ὑπέρμορα
1748 3756 1945 3809 νόςτος
1982 3756 2204 3822 ἐτύχθη.
2274 3758 2345 3809 of.
2383 3759 2482 3823 Ep.
2520 3759 2607 3809 Cr.
2645 3759 2670 3809 1
2704 3761 2823 3823 419,
2859 3762 2891 3810 9
2928 3764 2985 3809 et
3019 3761 3137 3821 422,
3173 3760 3257 3810 32.

692 3822 995 3888 exemplum
1032 3840 1099 3874 ex
1136 3824 1199 3874 11.
1234 3821 1283 3875 Ζ
1318 3827 1417 3875 326
1453 3825 1557 3875 hue
1593 3826 1855 3876 transtuli
1891 3841 1957 3875 ex
1993 3826 2056 3877 Il.
2093 3826 2180 3875 Pr.
2217 3825 2265 3877 Υ
2301 3829 2383 3881 30.
2443 3854 2503 3862 -
2558 3827 2593 3879 l.
2630 3830 2661 3877 9
2708 3843 2864 3877 exem
2905 3827 3016 3877 lum
3062 3827 3260 3876 adver·

688 3892 771 3941 bii
805 3889 1016 3943 ἐνδέξια
1053 3907 1120 3941 ox
1156 3892 1220 3945 11.
1258 3893 1344 3944 Pr.
1386 3891 1428 3944 Η
1470 3894 1590 3943 184:
1628 3892 1866 3944 ἐνδέξια;
1906 3892 2046 3943 ὅταν
2080 3892 2204 3944 ἀντὶ
2243 3892 2617 3959 ἐπιρρήματος
2654 3894 2688 3959 ᾖ
2724 3897 2828 3945 τοῦ
2889 3893 3151 3959 ,πιδεξίως
3187 3893 3259 3945 τὸ

691 3958 930 4021 ἐνδέξια,
967 3956 1128 4024 τρίτη
1165 3958 1279 4011 ἀπὸ
1314 3958 1513 4012 τέλους
1550 3959 1585 4022 ἡ
1624 3959 1789 4012 ὀξεῖα.
1862 3962 1934 4013 cf.
1973 3960 1984 4012 Ι
2023 3963 2148 4021 236,
2200 3963 2503 4027 exemplum
2549 3962 2801 4013 adverbii
2843 3961 3133 4027 ὑπέρμορα
3180 3978 3262 4012 re-

693 4028 817 4092 cepi
854 4043 920 4077 ex
955 4027 1020 4077 Il.
1058 4028 1145 4079 Pr.
1187 4026 1226 4079 Β
1265 4030 1380 4079 155.
1417 4054 1485 4065 —-
1517 4028 1554 4078 1.
1594 4031 1656 4079 13
1691 4026 1900 4093 κρατέα
1935 4056 2000 4064 -
2036 4027 2214 4093 κάρτα
2248 4031 2456 4081 inserui
2493 4047 2560 4081 ex
2595 4032 2658 4081 Ε.
2684 4033 2756 4083 Μ.
2780 4033 2900 4093 492,
2922 4034 3014 4081 44:
3054 4029 3257 4095 κάρτα;

691 4093 844 4159 παρὰ
878 4093 947 4145 τὸ
983 4094 1187 4159 κρατύς
1224 4095 1431 4159 κρατέα
1468 4093 1546 4147 ὡς
1581 4096 1753 4161 ταχύς
1788 4094 1986 4159 ταχέα·
2025 4096 2114 4147 καὶ
2151 4097 2294 4150 κατὰ
2319 4099 2604 4162 ςυγκοπὴν
2630 4098 2720 4150 καὶ
2747 4097 3032 4161 μεταθέςει
3066 4096 3260 4163 κάρτα.

693 4161 870 4227 κάρτα
904 4162 1073 4213 habet
1109 4164 1276 4213 etiam
1313 4166 1432 4217 Arc.
1471 4166 1583 4223 184,
1621 4167 1668 4216 7.
1803 4163 1967 4215 ἀντία
2003 4171 2061 4215 et
2094 4163 2237 4216 ἄντα
2272 4166 2306 4216 l.
2346 4170 2408 4216 14
2444 4166 2631 4217 addidi
2665 4182 2732 4217 ex
2768 4167 2969 4221 Herod.
3006 4169 3063 4217 in
3095 4168 3160 4216 Ε.
3185 4167 3259 4215 Μ.

695 4234 809 4313 111,
847 4233 937 4282 50:
978 4229 1165 4313 ὥςπερ
1200 4230 1314 4283 ἀπὸ
1350 4234 1452 4313 τοι]
1488 4231 1638 4312 ὠκέα
1676 4231 1822 4296 ὦκα,
1862 4231 2046 4314 οὕτως
2082 4232 2244 4285 ἀντία
2268 4233 2437 4296 ἄντα,
2475 4234 2510 4297 ἢ
2537 4234 2688 4298 παρὰ
2711 4233 2781 4285 τὸ
2818 4233 2972 4286 ἀντῶ
3011 4233 3090 4286 ὡς
3123 4236 3259 4296 ςιγῶ

693 4296 2534 4432 23⁰2ffissssffisssspssffiffiffibmaffi‘offlae§.353⁸:135¹032255v¹²ss⁶<ss¹5
2561 4298 3153 4435 82‡3„{³†⁸.;‚„{‘{22.4²3⁸.;2
3172 4302 3262 4420 δὲ

693 4432 843 4497 ςάφα
878 4433 1029 4498 παρὰ
1062 4434 1131 4485 τὸ
1179 4434 1358 4499 ςαφέα
1402 4439 1651 4501 ςυγκοπῇ
1697 4439 1799 4487 τοῦ
1838 4441 1870 4488 ἓ
1916 4437 2006 4489 καὶ
2051 4436 2112 4488 ἐκ
2147 4440 2251 4489 τοῦ
2298 4436 2448 4489 ὠκέα
2497 4436 2632 4491 ὦκα.
2712 4437 3072 4504 ςεςημείωται
3118 4436 3265 4489 κατὰ

692 4501 798 4552 τὸν
834 4501 1006 4553 τόνον
1039 4502 1107 4553 τὸ
1145 4503 1358 4568 ςφόδρα
1392 4507 1495 4555 τοῦ
1534 4503 1812 4567 ὀνόματος
1849 4504 2204 4568 ὁξυνομένου.
2252 4507 2402 4557 Idem
2442 4507 2506 4557 de
2544 4508 2630 4558 his
2654 4508 2868 4557 iudicat
2891 4509 3061 4558 etiam
3082 4506 3262 4572 Apoll.

697 4570 765 4619 de
802 4569 924 4620 adv,
962 4572 1077 4633 563,
1117 4573 1164 4622 5.
1305 4572 1339 4622 1.
1367 4574 1429 4621 16
1465 4572 1629 4623 aliter
1662 4574 1706 4624 A
1751 4573 1842 4623 oll.
1880 4574 1948 4624 de
1974 4574 2097 4624 adv.
2123 4577 2239 4637 563,
2266 4578 2295 4625 7
2333 4575 2480 4638 θαμά
2516 4592 2550 4625 a
2585 4574 2764 4638 θαμύς
2798 4577 3004 4640 repetit
3028 4579 3264 4625 accentu

695 4638 969 4702 abnormi,
1016 4639 1110 4703 qui
1143 4641 1201 4689 in
1237 4641 1438 4692 affecta
1483 4642 1658 4692 forma
1742 4656 1814 4704 μα
1859 4643 1918 4692 in
1961 4643 2236 4708 integrum
2280 4645 2621 4694 restituatur.
2660 4672 2722 4679 —-
2757 4646 2824 4695 In
2859 4644 2923 4693 11.
2959 4645 3048 4694 Pr.
3085 4642 3126 4694 Β
3161 4644 3266 4694 655

695 4706 779 4823 ἓίἰὲ
813 4710 1309 4839 (ὲαιὶοζιηοιῧτὲιαῐιιίι
1344 4710 1545 4792 Her-old.
1581 4709 1652 4761 τὰ
1688 4707 1900 4830 είςῖωός·
1921 4710 2169 4830 λήγοντᾶα
2214 4710 2589 4830 ἐπιρρήματὲ,
2638 4709 2688 4762 εἰ
2732 4710 2847 4831 ἔέχοι
2883 4708 3266 4831 παρακείμενα

699 4838 872 4905 cam,
909 4789 1043 4894 69ξῖ
1079 4841 1129 4895 ει
1155 4777 1836 4911 ’..“ἷ’ρ.ξῖ.’ῑΐέ“.ἷῖ,ἵέῗῖ-Οἶ
1874 4781 2871 4913 ῗῗεὲὸιᾶτζῖωᾷἐέεῗῖ,,ἓεέἓικιξῑὲ
2898 4794 3034 4900 ἓῖἷ.
3064 4779 3266 4913 ῗῧῖῗξ
