<?xml version="1.0" encoding="UTF-8"?>
<!DOCTYPE html PUBLIC "-//W3C//DTD XHTML 1.0 Transitional//EN"
    "http://www.w3.org/TR/xhtml1/DTD/xhtml1-transitional.dtd">
<html xmlns="http://www.w3.org/1999/xhtml" xml:lang="en" lang="en">
 <head>
  <title>
</title>
<meta http-equiv="Content-Type" content="text/html;charset=utf-8" />
  <meta name='ocr-system' content='tesseract 3.04.00' />
  <meta name='ocr-capabilities' content='ocr_page ocr_carea ocr_par ocr_line ocrx_word'/>
</head>
<body>
  <div class='ocr_page' id='page_1' title='image "./grammaticigraec02unkngoog_0534.png"; bbox 0 0 3664 5546; ppageno 0'>
   <div class='ocr_carea' id='block_1_1' title="bbox 659 293 2309 358">
    <p class='ocr_par' dir='ltr' id='par_1_1' title="bbox 659 293 2309 358">
     <span class='ocr_line' id='line_1_1' title="bbox 659 293 2309 358; baseline -0.007 0"><span class='ocrx_word' id='word_1_1' title='bbox 659 293 788 358; x_wconf 80' lang='lat'>288</span> <span class='ocrx_word' id='word_1_2' title='bbox 1598 295 1681 348; x_wconf 88' lang='grc' dir='ltr'>εκ</span> <span class='ocrx_word' id='word_1_3' title='bbox 1718 294 1857 348; x_wconf 83' lang='grc' dir='ltr'>τΩΝ</span> <span class='ocrx_word' id='word_1_4' title='bbox 1900 294 2309 348; x_wconf 80' lang='grc' dir='ltr'>ΗΡΩΔΙΑΝοΥ</span> 
     </span>
    </p>
   </div>
   <div class='ocr_carea' id='block_1_2' title="bbox 540 463 3264 3076">
    <p class='ocr_par' dir='ltr' id='par_1_2' title="bbox 660 463 3249 546">
     <span class='ocr_line' id='line_1_2' title="bbox 660 463 3249 546; baseline 0.002 -19"><span class='ocrx_word' id='word_1_5' title='bbox 660 466 965 543; x_wconf 85' lang='grc' dir='ltr'>κληθῆναι</span> <span class='ocrx_word' id='word_1_6' title='bbox 998 464 1328 546; x_wconf 84' lang='grc' dir='ltr'>Βρεττίαν,</span> <span class='ocrx_word' id='word_1_7' title='bbox 1375 463 1514 528; x_wconf 82' lang='grc' dir='ltr'>εἶτα</span> <span class='ocrx_word' id='word_1_8' title='bbox 1543 464 1915 543; x_wconf 77' lang='grc' dir='ltr'>Οἰνωτρίαν.</span> <span class='ocrx_word' id='word_1_9' title='bbox 1963 464 2396 542; x_wconf 88' lang='grc' dir='ltr'>Βρικιννίαι</span> <span class='ocrx_word' id='word_1_10' title='bbox 2436 463 2621 528; x_wconf 87' lang='grc' dir='ltr'>πόλις</span> <span class='ocrx_word' id='word_1_11' title='bbox 2653 464 2948 529; x_wconf 79' lang='grc' dir='ltr'>(ικελίας.</span> <span class='ocrx_word' id='word_1_12' title='bbox 3003 467 3049 530; x_wconf 99' lang='grc' dir='ltr'>Β</span> <span class='ocrx_word' id='word_1_13' title='bbox 3063 486 3249 546; x_wconf 86' lang='grc' dir='ltr'>ρου-</span> 
     </span>
    </p>

    <p class='ocr_par' dir='ltr' id='par_1_3' title="bbox 540 564 3264 3076">
     <span class='ocr_line' id='line_1_3' title="bbox 590 564 3247 645; baseline 0.002 -17"><span class='ocrx_word' id='word_1_14' title='bbox 590 585 609 602; x_wconf 50' lang='lat'><strong>⁸</strong></span> <span class='ocrx_word' id='word_1_15' title='bbox 658 564 939 644; x_wconf 92' lang='grc' dir='ltr'>τοβρία</span> <span class='ocrx_word' id='word_1_16' title='bbox 1004 566 1194 630; x_wconf 90' lang='grc' dir='ltr'>πόλις</span> <span class='ocrx_word' id='word_1_17' title='bbox 1259 567 1489 644; x_wconf 86' lang='grc' dir='ltr'>μεταξὺ</span> <span class='ocrx_word' id='word_1_18' title='bbox 1536 566 1782 630; x_wconf 90' lang='grc' dir='ltr'>Βαίτιος</span> <span class='ocrx_word' id='word_1_19' title='bbox 1847 569 2143 645; x_wconf 85' lang='grc' dir='ltr'>ποταμοῦ</span> <span class='ocrx_word' id='word_1_20' title='bbox 2207 566 2312 629; x_wconf 87' lang='grc' dir='ltr'>καὶ</span> <span class='ocrx_word' id='word_1_21' title='bbox 2366 565 2832 642; x_wconf 81' lang='grc' dir='ltr'>Τουρδιτανῶν.</span> <span class='ocrx_word' id='word_1_22' title='bbox 2923 571 3112 645; x_wconf 86' lang='grc' dir='ltr'>δηλοῖ</span> <span class='ocrx_word' id='word_1_23' title='bbox 3174 570 3247 632; x_wconf 81' lang='grc' dir='ltr'>δὲ</span> 
     </span>
     <span class='ocr_line' id='line_1_4' title="bbox 660 666 3245 750; baseline 0.001 -21"><span class='ocrx_word' id='word_1_24' title='bbox 660 666 1166 744; x_wconf 87' lang='grc' dir='ltr'>Βρουτούπολιν.</span> <span class='ocrx_word' id='word_1_25' title='bbox 1254 668 1330 731; x_wconf 85' lang='grc' dir='ltr'>τὸ</span> <span class='ocrx_word' id='word_1_26' title='bbox 1386 667 1509 746; x_wconf 79' lang='grc' dir='ltr'>γὰρ</span> <span class='ocrx_word' id='word_1_27' title='bbox 1577 667 1718 747; x_wconf 92' lang='grc' dir='ltr'>βρία</span> <span class='ocrx_word' id='word_1_28' title='bbox 1772 670 1968 731; x_wconf 89' lang='grc' dir='ltr'>τοῦτο</span> <span class='ocrx_word' id='word_1_29' title='bbox 2025 666 2302 745; x_wconf 88' lang='grc' dir='ltr'>ςημαίνει</span> <span class='ocrx_word' id='word_1_30' title='bbox 2362 666 2453 731; x_wconf 87' lang='grc' dir='ltr'>ὡς</span> <span class='ocrx_word' id='word_1_31' title='bbox 2499 668 2948 750; x_wconf 79' lang='grc' dir='ltr'>-Πολτυμβρία,</span> <span class='ocrx_word' id='word_1_32' title='bbox 3007 668 3245 749; x_wconf 62' lang='grc' dir='ltr'>(ηλυμ-</span> 
     </span>
     <span class='ocr_line' id='line_1_5' title="bbox 659 766 3244 847; baseline 0.002 -18"><span class='ocrx_word' id='word_1_33' title='bbox 659 766 814 846; x_wconf 87' lang='grc' dir='ltr'>βρία.</span> <span class='ocrx_word' id='word_1_34' title='bbox 890 769 1271 846; x_wconf 91' lang='grc' dir='ltr'>Βρουττία</span> <span class='ocrx_word' id='word_1_35' title='bbox 1315 771 1508 847; x_wconf 87' lang='grc' dir='ltr'>μοῖρα</span> <span class='ocrx_word' id='word_1_36' title='bbox 1552 767 1851 833; x_wconf 73' lang='grc' dir='ltr'>(Σικελίας.</span> <span class='ocrx_word' id='word_1_37' title='bbox 1928 768 2361 845; x_wconf 91' lang='grc' dir='ltr'>Βρυςτακία</span> <span class='ocrx_word' id='word_1_38' title='bbox 2405 768 2591 831; x_wconf 92' lang='grc' dir='ltr'>πόλις</span> <span class='ocrx_word' id='word_1_39' title='bbox 2637 767 2999 847; x_wconf 76' lang='grc' dir='ltr'>Οἰνωτρῶν.</span> <span class='ocrx_word' id='word_1_40' title='bbox 3073 772 3112 834; x_wconf 96' lang='grc' dir='ltr'>Γ</span> <span class='ocrx_word' id='word_1_41' title='bbox 3125 791 3244 835; x_wconf 86' lang='grc' dir='ltr'>αι-</span> 
     </span>
     <span class='ocr_line' id='line_1_6' title="bbox 540 868 3241 949; baseline 0.003 -21"><span class='ocrx_word' id='word_1_42' title='bbox 540 877 614 948; x_wconf 48' lang='grc' dir='ltr'>λε’)</span> <span class='ocrx_word' id='word_1_43' title='bbox 656 868 937 932; x_wconf 89' lang='grc' dir='ltr'>τουλία</span> <span class='ocrx_word' id='word_1_44' title='bbox 981 871 1160 948; x_wconf 85' lang='grc' dir='ltr'>χώρα</span> <span class='ocrx_word' id='word_1_45' title='bbox 1189 869 1434 949; x_wconf 89' lang='grc' dir='ltr'>Λιβύης.</span> <span class='ocrx_word' id='word_1_46' title='bbox 1484 869 1815 933; x_wconf 87' lang='grc' dir='ltr'>Γαλατία</span> <span class='ocrx_word' id='word_1_47' title='bbox 1860 869 1899 947; x_wconf 84' lang='grc' dir='ltr'>ἡ</span> <span class='ocrx_word' id='word_1_48' title='bbox 1943 870 2138 947; x_wconf 86' lang='grc' dir='ltr'>χώρα.</span> <span class='ocrx_word' id='word_1_49' title='bbox 2199 870 2479 933; x_wconf 89' lang='grc' dir='ltr'>Γαλλία</span> <span class='ocrx_word' id='word_1_50' title='bbox 2508 869 2693 934; x_wconf 89' lang='grc' dir='ltr'>ἐντὸς</span> <span class='ocrx_word' id='word_1_51' title='bbox 2721 870 3017 935; x_wconf 84' lang='grc' dir='ltr'>Ἄλπεων</span> <span class='ocrx_word' id='word_1_52' title='bbox 3046 872 3241 949; x_wconf 87' lang='grc' dir='ltr'>χώρα.</span> 
     </span>
     <span class='ocr_line' id='line_1_7' title="bbox 657 969 3241 1051; baseline 0.001 -18"><span class='ocrx_word' id='word_1_53' title='bbox 657 970 1044 1049; x_wconf 89' lang='grc' dir='ltr'>Γεδρωςία</span> <span class='ocrx_word' id='word_1_54' title='bbox 1074 971 1257 1048; x_wconf 91' lang='grc' dir='ltr'>χώρα</span> <span class='ocrx_word' id='word_1_55' title='bbox 1288 971 1527 1047; x_wconf 91' lang='grc' dir='ltr'>Ἰνδική.</span> <span class='ocrx_word' id='word_1_56' title='bbox 1576 970 1796 1034; x_wconf 90' lang='grc' dir='ltr'>Γετία</span> <span class='ocrx_word' id='word_1_57' title='bbox 1820 969 1860 1047; x_wconf 87' lang='grc' dir='ltr'>ἡ</span> <span class='ocrx_word' id='word_1_58' title='bbox 1892 971 2072 1048; x_wconf 88' lang='grc' dir='ltr'>χώρα</span> <span class='ocrx_word' id='word_1_59' title='bbox 2099 976 2231 1035; x_wconf 92' lang='grc' dir='ltr'>τῶν</span> <span class='ocrx_word' id='word_1_60' title='bbox 2267 972 2487 1035; x_wconf 84' lang='grc' dir='ltr'>Γετῶν.</span> <span class='ocrx_word' id='word_1_61' title='bbox 2537 969 2861 1045; x_wconf 75' lang='grc' dir='ltr'>Γλαυκία</span> <span class='ocrx_word' id='word_1_62' title='bbox 2905 972 3241 1051; x_wconf 90' lang='grc' dir='ltr'>πολίχνιον</span> 
     </span>
     <span class='ocr_line' id='line_1_8' title="bbox 653 1068 3239 1151; baseline 0.001 -17"><span class='ocrx_word' id='word_1_63' title='bbox 653 1071 906 1135; x_wconf 91' lang='grc' dir='ltr'>Ἰωνίας.</span> <span class='ocrx_word' id='word_1_64' title='bbox 956 1072 994 1134; x_wconf 99' lang='grc' dir='ltr'>Γ</span> <span class='ocrx_word' id='word_1_65' title='bbox 1012 1071 1240 1135; x_wconf 89' lang='grc' dir='ltr'>ουνία</span> <span class='ocrx_word' id='word_1_66' title='bbox 1284 1072 1464 1149; x_wconf 87' lang='grc' dir='ltr'>χώρα</span> <span class='ocrx_word' id='word_1_67' title='bbox 1506 1071 1909 1151; x_wconf 88' lang='grc' dir='ltr'>Περραιβίας.</span> <span class='ocrx_word' id='word_1_68' title='bbox 1953 1068 2267 1151; x_wconf 82' lang='grc' dir='ltr'>γράφεται</span> <span class='ocrx_word' id='word_1_69' title='bbox 2313 1073 2384 1136; x_wconf 74' lang='grc' dir='ltr'>δὲ</span> <span class='ocrx_word' id='word_1_70' title='bbox 2426 1073 2529 1135; x_wconf 82' lang='grc' dir='ltr'>καὶ</span> <span class='ocrx_word' id='word_1_71' title='bbox 2573 1073 2767 1150; x_wconf 83' lang='grc' dir='ltr'>χωρὶς</span> <span class='ocrx_word' id='word_1_72' title='bbox 2811 1076 2928 1136; x_wconf 90' lang='grc' dir='ltr'>τοῦ</span> <span class='ocrx_word' id='word_1_73' title='bbox 2973 1078 3026 1136; x_wconf 82' lang='grc' dir='ltr'>ὖ.</span> <span class='ocrx_word' id='word_1_74' title='bbox 3083 1074 3239 1137; x_wconf 90' lang='grc' dir='ltr'>Δα-</span> 
     </span>
     <span class='ocr_line' id='line_1_9' title="bbox 652 1172 3238 1262; baseline 0.001 -27"><span class='ocrx_word' id='word_1_75' title='bbox 652 1172 775 1236; x_wconf 89' lang='grc' dir='ltr'>κία</span> <span class='ocrx_word' id='word_1_76' title='bbox 820 1172 1002 1250; x_wconf 86' lang='grc' dir='ltr'>χώρα</span> <span class='ocrx_word' id='word_1_77' title='bbox 1042 1173 1312 1250; x_wconf 88' lang='grc' dir='ltr'>πληςίον</span> <span class='ocrx_word' id='word_1_78' title='bbox 1359 1173 1812 1250; x_wconf 89' lang='grc' dir='ltr'>Βορυςθένους.</span> <span class='ocrx_word' id='word_1_79' title='bbox 1859 1172 2274 1250; x_wconf 83' lang='grc' dir='ltr'>Δαρδανία</span> <span class='ocrx_word' id='word_1_80' title='bbox 2318 1173 2356 1251; x_wconf 84' lang='grc' dir='ltr'><strong>ἡ</strong></span> <span class='ocrx_word' id='word_1_81' title='bbox 2410 1172 2591 1262; x_wconf 86' lang='grc' dir='ltr'>χώρα</span> <span class='ocrx_word' id='word_1_82' title='bbox 2634 1174 2673 1250; x_wconf 83' lang='grc' dir='ltr'>ἢ</span> <span class='ocrx_word' id='word_1_83' title='bbox 2719 1174 2821 1237; x_wconf 87' lang='grc' dir='ltr'>καὶ</span> <span class='ocrx_word' id='word_1_84' title='bbox 2849 1174 3238 1252; x_wconf 91' lang='grc' dir='ltr'>Δαρδανική.</span> 
     </span>
     <span class='ocr_line' id='line_1_10' title="bbox 652 1272 3237 1354; baseline 0.002 -19"><span class='ocrx_word' id='word_1_85' title='bbox 652 1272 1366 1352; x_wconf 89' lang='grc' dir='ltr'>Δελματία“Ἰταλίας</span> <span class='ocrx_word' id='word_1_86' title='bbox 1421 1274 1615 1353; x_wconf 90' lang='grc' dir='ltr'>χώρα.</span> <span class='ocrx_word' id='word_1_87' title='bbox 1712 1274 1969 1352; x_wconf 90' lang='grc' dir='ltr'>Δηλί·α</span> <span class='ocrx_word' id='word_1_88' title='bbox 2023 1274 2209 1338; x_wconf 88' lang='grc' dir='ltr'>πόλις</span> <span class='ocrx_word' id='word_1_89' title='bbox 2268 1272 2511 1351; x_wconf 87' lang='grc' dir='ltr'>Καρίας.</span> <span class='ocrx_word' id='word_1_90' title='bbox 2608 1274 2979 1339; x_wconf 88' lang='grc' dir='ltr'>Δολοπία</span> <span class='ocrx_word' id='word_1_91' title='bbox 3044 1276 3237 1354; x_wconf 86' lang='grc' dir='ltr'>χώρα.</span> 
     </span>
     <span class='ocr_line' id='line_1_11' title="bbox 555 1374 3236 1456; baseline 0.002 -23"><span class='ocrx_word' id='word_1_92' title='bbox 555 1381 618 1433; x_wconf 88' lang='grc'>10</span> <span class='ocrx_word' id='word_1_93' title='bbox 653 1374 962 1453; x_wconf 87' lang='grc' dir='ltr'>Δρυμία</span> <span class='ocrx_word' id='word_1_94' title='bbox 1003 1375 1191 1438; x_wconf 88' lang='grc' dir='ltr'>πόλις</span> <span class='ocrx_word' id='word_1_95' title='bbox 1234 1374 1540 1438; x_wconf 85' lang='grc' dir='ltr'>Φωκίδος.</span> <span class='ocrx_word' id='word_1_96' title='bbox 1595 1374 1964 1452; x_wconf 93' lang='grc' dir='ltr'>Δρυοπία</span> <span class='ocrx_word' id='word_1_97' title='bbox 2006 1379 2137 1439; x_wconf 90' lang='grc' dir='ltr'>τῶν</span> <span class='ocrx_word' id='word_1_98' title='bbox 2168 1374 2500 1451; x_wconf 85' lang='grc' dir='ltr'>Δρυόπων</span> <span class='ocrx_word' id='word_1_99' title='bbox 2531 1376 2679 1452; x_wconf 89' lang='grc' dir='ltr'>περὶ</span> <span class='ocrx_word' id='word_1_100' title='bbox 2707 1375 3006 1456; x_wconf 86' lang='grc' dir='ltr'>Τραχῖνα.</span> <span class='ocrx_word' id='word_1_101' title='bbox 3053 1377 3236 1440; x_wconf 84' lang='grc' dir='ltr'>Ἐλι-</span> 
     </span>
     <span class='ocr_line' id='line_1_12' title="bbox 652 1473 3236 1560; baseline 0.001 -21"><span class='ocrx_word' id='word_1_102' title='bbox 652 1475 784 1555; x_wconf 87' lang='grc' dir='ltr'>μία</span> <span class='ocrx_word' id='word_1_103' title='bbox 827 1475 1014 1541; x_wconf 88' lang='grc' dir='ltr'>πόλις</span> <span class='ocrx_word' id='word_1_104' title='bbox 1062 1475 1486 1541; x_wconf 82' lang='grc' dir='ltr'>Μακεδονίας.</span> <span class='ocrx_word' id='word_1_105' title='bbox 1576 1476 1876 1555; x_wconf 73' lang='grc' dir='ltr'>(Στράβων</span> <span class='ocrx_word' id='word_1_106' title='bbox 1931 1476 2184 1560; x_wconf 87' lang='grc' dir='ltr'>ἑβδόμῳ</span> <span class='ocrx_word' id='word_1_107' title='bbox 2230 1473 2323 1560; x_wconf 89' lang='lat' dir='ltr'>(p.</span> <span class='ocrx_word' id='word_1_108' title='bbox 2369 1474 2538 1556; x_wconf 77' lang='lat'>326).</span> <span class='ocrx_word' id='word_1_109' title='bbox 2626 1475 2758 1541; x_wconf 85' lang='grc' dir='ltr'>ἀπὸ</span> <span class='ocrx_word' id='word_1_110' title='bbox 2807 1478 3073 1557; x_wconf 82' lang='grc' dir='ltr'>Ἐλύμου</span> <span class='ocrx_word' id='word_1_111' title='bbox 3120 1482 3236 1542; x_wconf 88' lang='grc' dir='ltr'>τοῦ</span> 
     </span>
     <span class='ocr_line' id='line_1_13' title="bbox 650 1575 3234 1664; baseline 0.001 -24"><span class='ocrx_word' id='word_1_112' title='bbox 650 1577 867 1655; x_wconf 89' lang='grc' dir='ltr'>ἥρωος</span> <span class='ocrx_word' id='word_1_113' title='bbox 911 1577 951 1655; x_wconf 84' lang='grc' dir='ltr'>ἢ</span> <span class='ocrx_word' id='word_1_114' title='bbox 996 1576 1129 1642; x_wconf 85' lang='grc' dir='ltr'>ἀπὸ</span> <span class='ocrx_word' id='word_1_115' title='bbox 1174 1576 1434 1664; x_wconf 76' lang='grc' dir='ltr'>Ἑλένου</span> <span class='ocrx_word' id='word_1_116' title='bbox 1478 1577 1518 1656; x_wconf 84' lang='grc' dir='ltr'>ἢ</span> <span class='ocrx_word' id='word_1_117' title='bbox 1564 1575 1695 1642; x_wconf 86' lang='grc' dir='ltr'>ἀπὸ</span> <span class='ocrx_word' id='word_1_118' title='bbox 1742 1577 1973 1656; x_wconf 83' lang='grc' dir='ltr'>Ἐλύμα</span> <span class='ocrx_word' id='word_1_119' title='bbox 2015 1581 2133 1642; x_wconf 91' lang='grc' dir='ltr'>τοῦ</span> <span class='ocrx_word' id='word_1_120' title='bbox 2179 1578 2531 1656; x_wconf 83' lang='grc' dir='ltr'>Τυρρηνῶν</span> <span class='ocrx_word' id='word_1_121' title='bbox 2576 1580 2892 1657; x_wconf 84' lang='grc' dir='ltr'>βαςιλέως.</span> <span class='ocrx_word' id='word_1_122' title='bbox 2952 1579 3234 1645; x_wconf 83' lang='grc' dir='ltr'>Ἀλέξαν-</span> 
     </span>
     <span class='ocr_line' id='line_1_14' title="bbox 652 1677 3233 1764; baseline 0.001 -23"><span class='ocrx_word' id='word_1_123' title='bbox 652 1682 806 1756; x_wconf 92' lang='grc' dir='ltr'>δρος</span> <span class='ocrx_word' id='word_1_124' title='bbox 851 1678 907 1741; x_wconf 82' lang='grc' dir='ltr'>δ’</span> <span class='ocrx_word' id='word_1_125' title='bbox 950 1678 1022 1744; x_wconf 91' lang='grc' dir='ltr'>ἐν</span> <span class='ocrx_word' id='word_1_126' title='bbox 1067 1677 1340 1761; x_wconf 85' lang='grc' dir='ltr'>Εὐρώπῃ</span> <span class='ocrx_word' id='word_1_127' title='bbox 1385 1678 1691 1758; x_wconf 83' lang='grc' dir='ltr'>Ἐλίμειον</span> <span class='ocrx_word' id='word_1_128' title='bbox 1746 1679 1901 1758; x_wconf 87' lang='grc' dir='ltr'>φηςὶ</span> <span class='ocrx_word' id='word_1_129' title='bbox 1956 1679 2061 1743; x_wconf 86' lang='grc' dir='ltr'>διὰ</span> <span class='ocrx_word' id='word_1_130' title='bbox 2116 1683 2358 1758; x_wconf 84' lang='grc' dir='ltr'>μακροῦ</span> <span class='ocrx_word' id='word_1_131' title='bbox 2402 1681 2518 1756; x_wconf 90' lang='grc' dir='ltr'>τὴν</span> <span class='ocrx_word' id='word_1_132' title='bbox 2563 1683 2661 1758; x_wconf 70' lang='grc' dir='ltr'>ιῖεῖ</span> <span class='ocrx_word' id='word_1_133' title='bbox 2715 1680 3065 1764; x_wconf 86' lang='grc' dir='ltr'>ςυλλαβήν,</span> <span class='ocrx_word' id='word_1_134' title='bbox 3119 1682 3233 1758; x_wconf 88' lang='grc' dir='ltr'>τὴν</span> 
     </span>
     <span class='ocr_line' id='line_1_15' title="bbox 651 1767 3233 1860; baseline 0 -16"><span class='ocrx_word' id='word_1_135' title='bbox 651 1783 722 1844; x_wconf 81' lang='grc' dir='ltr'>δὲ</span> <span class='ocrx_word' id='word_1_136' title='bbox 768 1767 832 1844; x_wconf 56' lang='grc' dir='ltr'>ᾗ</span> <span class='ocrx_word' id='word_1_137' title='bbox 876 1780 983 1843; x_wconf 86' lang='grc' dir='ltr'>διὰ</span> <span class='ocrx_word' id='word_1_138' title='bbox 1027 1780 1297 1858; x_wconf 84' lang='grc' dir='ltr'>βραχέος</span> <span class='ocrx_word' id='word_1_139' title='bbox 1326 1783 1374 1843; x_wconf 84' lang='grc' dir='ltr'>ἶ.</span> <span class='ocrx_word' id='word_1_140' title='bbox 1442 1780 1808 1845; x_wconf 82' lang='grc' dir='ltr'>Ἐλλοπία</span> <span class='ocrx_word' id='word_1_141' title='bbox 1852 1780 2091 1858; x_wconf 89' lang='grc' dir='ltr'>χωρίον</span> <span class='ocrx_word' id='word_1_142' title='bbox 2124 1779 2387 1860; x_wconf 86' lang='grc' dir='ltr'>Εὐβοίας</span> <span class='ocrx_word' id='word_1_143' title='bbox 2433 1781 2533 1844; x_wconf 86' lang='grc' dir='ltr'>καὶ</span> <span class='ocrx_word' id='word_1_144' title='bbox 2580 1781 2739 1858; x_wconf 85' lang='grc' dir='ltr'>αὐτὴ</span> <span class='ocrx_word' id='word_1_145' title='bbox 2785 1783 2824 1860; x_wconf 89' lang='grc' dir='ltr'>ἡ</span> <span class='ocrx_word' id='word_1_146' title='bbox 2870 1784 3061 1859; x_wconf 88' lang='grc' dir='ltr'>νῆςος</span> <span class='ocrx_word' id='word_1_147' title='bbox 3105 1778 3233 1846; x_wconf 85' lang='grc' dir='ltr'>ἀπὸ</span> 
     </span>
     <span class='ocr_line' id='line_1_16' title="bbox 554 1880 3234 1968; baseline 0.002 -29"><span class='ocrx_word' id='word_1_148' title='bbox 554 1887 615 1938; x_wconf 83' lang='grc'>15</span> <span class='ocrx_word' id='word_1_149' title='bbox 647 1882 969 1968; x_wconf 79' lang='grc' dir='ltr'>’Έλλοπος</span> <span class='ocrx_word' id='word_1_150' title='bbox 1013 1884 1129 1945; x_wconf 91' lang='grc' dir='ltr'>τοῦ</span> <span class='ocrx_word' id='word_1_151' title='bbox 1171 1880 1410 1946; x_wconf 84' lang='grc' dir='ltr'>Ἴωνος.</span> <span class='ocrx_word' id='word_1_152' title='bbox 1470 1881 1729 1957; x_wconf 85' lang='grc' dir='ltr'>ἐλέγετο</span> <span class='ocrx_word' id='word_1_153' title='bbox 1773 1882 1878 1945; x_wconf 83' lang='grc' dir='ltr'>καὶ</span> <span class='ocrx_word' id='word_1_154' title='bbox 1919 1881 1957 1959; x_wconf 84' lang='grc' dir='ltr'>ἡ</span> <span class='ocrx_word' id='word_1_155' title='bbox 2003 1882 2149 1960; x_wconf 88' lang='grc' dir='ltr'>περὶ</span> <span class='ocrx_word' id='word_1_156' title='bbox 2192 1881 2532 1960; x_wconf 88' lang='grc' dir='ltr'>Δωδώνην</span> <span class='ocrx_word' id='word_1_157' title='bbox 2577 1884 2756 1960; x_wconf 86' lang='grc' dir='ltr'>χώρα</span> <span class='ocrx_word' id='word_1_158' title='bbox 2802 1883 3118 1964; x_wconf 85' lang='grc' dir='ltr'>Ἐλλοπία,</span> <span class='ocrx_word' id='word_1_159' title='bbox 3161 1880 3234 1959; x_wconf 90' lang='grc' dir='ltr'>ἧς</span> 
     </span>
     <span class='ocr_line' id='line_1_17' title="bbox 651 1980 3233 2070; baseline 0 -24"><span class='ocrx_word' id='word_1_160' title='bbox 651 1981 714 2046; x_wconf 79' lang='grc' dir='ltr'>οἱ</span> <span class='ocrx_word' id='word_1_161' title='bbox 773 1981 1102 2060; x_wconf 84' lang='grc' dir='ltr'>οἰκήτορες</span> <span class='ocrx_word' id='word_1_162' title='bbox 1158 1980 1365 2045; x_wconf 84' lang='grc' dir='ltr'>Ἑλλοί</span> <span class='ocrx_word' id='word_1_163' title='bbox 1424 1984 1527 2046; x_wconf 89' lang='grc' dir='ltr'>καὶ</span> <span class='ocrx_word' id='word_1_164' title='bbox 1582 1982 1821 2046; x_wconf 77' lang='grc' dir='ltr'>(ελλοί.</span> <span class='ocrx_word' id='word_1_165' title='bbox 1921 1981 2047 2047; x_wconf 88' lang='grc' dir='ltr'>ἔςτι</span> <span class='ocrx_word' id='word_1_166' title='bbox 2112 1983 2215 2046; x_wconf 86' lang='grc' dir='ltr'>καὶ</span> <span class='ocrx_word' id='word_1_167' title='bbox 2253 1982 2466 2070; x_wconf 36' lang='grc' dir='ltr'>,πόλις</span> <span class='ocrx_word' id='word_1_168' title='bbox 2530 1984 2677 2062; x_wconf 83' lang='grc' dir='ltr'>περὶ</span> <span class='ocrx_word' id='word_1_169' title='bbox 2728 1983 3072 2048; x_wconf 90' lang='grc' dir='ltr'>Δολοπίαν</span> <span class='ocrx_word' id='word_1_170' title='bbox 3136 1983 3233 2047; x_wconf 80' lang='grc' dir='ltr'>καὶ</span> 
     </span>
     <span class='ocr_line' id='line_1_18' title="bbox 650 2081 3232 2166; baseline -0 -18"><span class='ocrx_word' id='word_1_171' title='bbox 650 2084 831 2162; x_wconf 87' lang='grc' dir='ltr'>χώρα</span> <span class='ocrx_word' id='word_1_172' title='bbox 883 2084 1032 2161; x_wconf 85' lang='grc' dir='ltr'>περὶ</span> <span class='ocrx_word' id='word_1_173' title='bbox 1086 2081 1375 2147; x_wconf 84' lang='grc' dir='ltr'>Θεςπιάς.</span> <span class='ocrx_word' id='word_1_174' title='bbox 1465 2083 1800 2148; x_wconf 85' lang='grc' dir='ltr'>Είλωτία</span> <span class='ocrx_word' id='word_1_175' title='bbox 1858 2085 1897 2162; x_wconf 90' lang='grc' dir='ltr'>ἡ</span> <span class='ocrx_word' id='word_1_176' title='bbox 1952 2084 2149 2162; x_wconf 90' lang='grc' dir='ltr'>χώρα.</span> <span class='ocrx_word' id='word_1_177' title='bbox 2237 2084 2499 2147; x_wconf 83' lang='grc' dir='ltr'>Ἐλπία</span> <span class='ocrx_word' id='word_1_178' title='bbox 2551 2085 2738 2149; x_wconf 90' lang='grc' dir='ltr'>πόλις</span> <span class='ocrx_word' id='word_1_179' title='bbox 2789 2085 2860 2148; x_wconf 86' lang='grc' dir='ltr'>ἐν</span> <span class='ocrx_word' id='word_1_180' title='bbox 2905 2084 3232 2166; x_wconf 89' lang='grc' dir='ltr'>Δαυνίοις,</span> 
     </span>
     <span class='ocr_line' id='line_1_19' title="bbox 648 2182 3234 2265; baseline 0 -17"><span class='ocrx_word' id='word_1_181' title='bbox 648 2186 865 2265; x_wconf 89' lang='grc' dir='ltr'>κτίςμα</span> <span class='ocrx_word' id='word_1_182' title='bbox 909 2182 1194 2248; x_wconf 88' lang='grc' dir='ltr'>Ῥοδίων.</span> <span class='ocrx_word' id='word_1_183' title='bbox 1259 2184 1579 2250; x_wconf 81' lang='grc' dir='ltr'>Ἐπουῖα</span> <span class='ocrx_word' id='word_1_184' title='bbox 1622 2185 1809 2249; x_wconf 88' lang='grc' dir='ltr'>πόλις</span> <span class='ocrx_word' id='word_1_185' title='bbox 1852 2185 1893 2264; x_wconf 83' lang='grc' dir='ltr'>ἡ</span> <span class='ocrx_word' id='word_1_186' title='bbox 1936 2189 2056 2250; x_wconf 91' lang='grc' dir='ltr'>νῦν</span> <span class='ocrx_word' id='word_1_187' title='bbox 2102 2185 2435 2265; x_wconf 86' lang='grc' dir='ltr'>Ἀμβρακία</span> <span class='ocrx_word' id='word_1_188' title='bbox 2477 2185 2517 2264; x_wconf 85' lang='grc' dir='ltr'>ή</span> <span class='ocrx_word' id='word_1_189' title='bbox 2562 2186 2883 2264; x_wconf 90' lang='grc' dir='ltr'>πρότερον</span> <span class='ocrx_word' id='word_1_190' title='bbox 2926 2186 3234 2264; x_wconf 80' lang='grc' dir='ltr'>Παραλία</span> 
     </span>
     <span class='ocr_line' id='line_1_20' title="bbox 648 2285 3233 2369; baseline 0.001 -19"><span class='ocrx_word' id='word_1_191' title='bbox 648 2287 1121 2365; x_wconf 85' lang='grc' dir='ltr'>Εὐκρατι-δία</span> <span class='ocrx_word' id='word_1_192' title='bbox 1163 2285 1351 2351; x_wconf 90' lang='grc' dir='ltr'>πόλις</span> <span class='ocrx_word' id='word_1_193' title='bbox 1396 2286 1697 2365; x_wconf 87' lang='grc' dir='ltr'>Βάκτρων</span> <span class='ocrx_word' id='word_1_194' title='bbox 1739 2287 1916 2365; x_wconf 86' lang='grc' dir='ltr'>παρὰ</span> <span class='ocrx_word' id='word_1_195' title='bbox 1959 2288 2074 2351; x_wconf 90' lang='grc' dir='ltr'>τὸν</span> <span class='ocrx_word' id='word_1_196' title='bbox 2107 2286 2508 2365; x_wconf 86' lang='grc' dir='ltr'>Εὐκρατίδαν.</span> <span class='ocrx_word' id='word_1_197' title='bbox 2574 2286 2872 2367; x_wconf 73' lang='grc' dir='ltr'>(Στράβων</span> <span class='ocrx_word' id='word_1_198' title='bbox 2916 2287 3233 2369; x_wconf 81' lang='grc' dir='ltr'>ἑνδεκάτῳ</span> 
     </span>
     <span class='ocr_line' id='line_1_21' title="bbox 546 2386 3231 2474; baseline 0.001 -27"><span class='ocrx_word' id='word_1_199' title='bbox 546 2395 615 2447; x_wconf 83' lang='lat'>20</span> <span class='ocrx_word' id='word_1_200' title='bbox 648 2388 742 2474; x_wconf 90' lang='lat' dir='ltr'>(p.</span> <span class='ocrx_word' id='word_1_201' title='bbox 784 2387 959 2468; x_wconf 76' lang='lat'>516).</span> <span class='ocrx_word' id='word_1_202' title='bbox 1047 2386 1395 2451; x_wconf 85' lang='grc' dir='ltr'>Εὐπαλία</span> <span class='ocrx_word' id='word_1_203' title='bbox 1439 2387 1626 2453; x_wconf 92' lang='grc' dir='ltr'>πόλις</span> <span class='ocrx_word' id='word_1_204' title='bbox 1670 2388 2010 2471; x_wconf 84' lang='grc' dir='ltr'>Λοκρίδος,</span> <span class='ocrx_word' id='word_1_205' title='bbox 2064 2389 2143 2466; x_wconf 86' lang='grc' dir='ltr'>ἣν</span> <span class='ocrx_word' id='word_1_206' title='bbox 2198 2388 2520 2453; x_wconf 85' lang='grc' dir='ltr'>Εὐπάλιον</span> <span class='ocrx_word' id='word_1_207' title='bbox 2565 2388 3022 2469; x_wconf 88' lang='grc' dir='ltr'>Ἀρτεμίδωρός</span> <span class='ocrx_word' id='word_1_208' title='bbox 3065 2409 3231 2470; x_wconf 88' lang='grc' dir='ltr'>φηςι.</span> 
     </span>
     <span class='ocr_line' id='line_1_22' title="bbox 594 2481 3233 2569; baseline 0 -16"><span class='ocrx_word' id='word_1_209' title='bbox 594 2550 602 2559; x_wconf 85' lang='grc'>,</span> <span class='ocrx_word' id='word_1_210' title='bbox 647 2488 1039 2567; x_wconf 86' lang='grc' dir='ltr'>Εὐπατρία</span> <span class='ocrx_word' id='word_1_211' title='bbox 1069 2488 1257 2553; x_wconf 91' lang='grc' dir='ltr'>πόλις</span> <span class='ocrx_word' id='word_1_212' title='bbox 1286 2488 1531 2554; x_wconf 83' lang='grc' dir='ltr'>Λυδῶν.</span> <span class='ocrx_word' id='word_1_213' title='bbox 1579 2481 1894 2553; x_wconf 84' lang='grc' dir='ltr'>Ἠλιδία.</span> <span class='ocrx_word' id='word_1_214' title='bbox 1939 2489 2318 2569; x_wconf 84' lang='grc' dir='ltr'>Ψωφιδία.</span> <span class='ocrx_word' id='word_1_215' title='bbox 2364 2487 2679 2568; x_wconf 85' lang='grc' dir='ltr'>Ἠμαθία</span> <span class='ocrx_word' id='word_1_216' title='bbox 2708 2490 2895 2553; x_wconf 91' lang='grc' dir='ltr'>πόλις</span> <span class='ocrx_word' id='word_1_217' title='bbox 2924 2491 3027 2553; x_wconf 87' lang='grc' dir='ltr'>καὶ</span> <span class='ocrx_word' id='word_1_218' title='bbox 3057 2491 3233 2569; x_wconf 92' lang='grc' dir='ltr'>χώρα</span> 
     </span>
     <span class='ocr_line' id='line_1_23' title="bbox 645 2590 3231 2670; baseline 0 -16"><span class='ocrx_word' id='word_1_219' title='bbox 645 2590 684 2668; x_wconf 84' lang='grc' dir='ltr'>ἡ</span> <span class='ocrx_word' id='word_1_220' title='bbox 740 2596 858 2655; x_wconf 91' lang='grc' dir='ltr'>νῦν</span> <span class='ocrx_word' id='word_1_221' title='bbox 918 2590 1301 2655; x_wconf 88' lang='grc' dir='ltr'>Μακεδονία.</span> <span class='ocrx_word' id='word_1_222' title='bbox 1402 2591 1510 2654; x_wconf 86' lang='grc' dir='ltr'>Θα</span> <span class='ocrx_word' id='word_1_223' title='bbox 1524 2590 1652 2670; x_wconf 92' lang='grc' dir='ltr'>μία</span> <span class='ocrx_word' id='word_1_224' title='bbox 1706 2591 1894 2654; x_wconf 91' lang='grc' dir='ltr'>πόλις</span> <span class='ocrx_word' id='word_1_225' title='bbox 1950 2591 2307 2655; x_wconf 86' lang='grc' dir='ltr'>Θεςςαλίας.</span> <span class='ocrx_word' id='word_1_226' title='bbox 2393 2590 2645 2656; x_wconf 87' lang='grc' dir='ltr'>Ῥιανὸς</span> <span class='ocrx_word' id='word_1_227' title='bbox 2700 2591 2780 2654; x_wconf 86' lang='grc' dir='ltr'>ιδ’</span> <span class='ocrx_word' id='word_1_228' title='bbox 2836 2591 3231 2655; x_wconf 88' lang='grc' dir='ltr'>Θεςςαλικῶν</span> 
     </span>
     <span class='ocr_line' id='line_1_24' title="bbox 646 2690 3232 2775; baseline 0 -19"><span class='ocrx_word' id='word_1_229' title='bbox 646 2693 750 2756; x_wconf 85' lang='grc' dir='ltr'>καὶ</span> <span class='ocrx_word' id='word_1_230' title='bbox 795 2692 1073 2770; x_wconf 88' lang='grc' dir='ltr'>Θαμίεια.</span> <span class='ocrx_word' id='word_1_231' title='bbox 1122 2691 1523 2770; x_wconf 86' lang='grc' dir='ltr'>Θαυμακία</span> <span class='ocrx_word' id='word_1_232' title='bbox 1567 2692 1753 2757; x_wconf 90' lang='grc' dir='ltr'>πόλις</span> <span class='ocrx_word' id='word_1_233' title='bbox 1800 2691 2181 2770; x_wconf 84' lang='grc' dir='ltr'>Μαγνηςίας.</span> <span class='ocrx_word' id='word_1_234' title='bbox 2226 2692 2512 2771; x_wconf 88' lang='grc' dir='ltr'>Ὅμηρος</span> <span class='ocrx_word' id='word_1_235' title='bbox 2556 2694 2632 2775; x_wconf 90' lang='grc' dir='ltr'>(Β</span> <span class='ocrx_word' id='word_1_236' title='bbox 2664 2690 2815 2772; x_wconf 83' lang='grc'>716)</span> <span class='ocrx_word' id='word_1_237' title='bbox 2862 2691 2968 2755; x_wconf 78' lang='grc' dir='ltr'>«οἱ</span> <span class='ocrx_word' id='word_1_238' title='bbox 3011 2692 3067 2755; x_wconf 82' lang='grc' dir='ltr'>δ’</span> <span class='ocrx_word' id='word_1_239' title='bbox 3110 2691 3232 2770; x_wconf 85' lang='grc' dir='ltr'>ἄρα</span> 
     </span>
     <span class='ocr_line' id='line_1_25' title="bbox 651 2792 3229 2874; baseline 0 -17"><span class='ocrx_word' id='word_1_240' title='bbox 651 2795 973 2873; x_wconf 83' lang='grc' dir='ltr'>Μηθώνην</span> <span class='ocrx_word' id='word_1_241' title='bbox 1030 2794 1133 2857; x_wconf 88' lang='grc' dir='ltr'>καὶ</span> <span class='ocrx_word' id='word_1_242' title='bbox 1178 2793 1542 2873; x_wconf 86' lang='grc' dir='ltr'>Θαυμακίην</span> <span class='ocrx_word' id='word_1_243' title='bbox 1600 2793 1953 2874; x_wconf 82' lang='grc' dir='ltr'>ἐνέμοντο»</span> <span class='ocrx_word' id='word_1_244' title='bbox 1999 2792 2132 2857; x_wconf 85' lang='grc' dir='ltr'>ἀπὸ</span> <span class='ocrx_word' id='word_1_245' title='bbox 2179 2793 2521 2873; x_wconf 86' lang='grc' dir='ltr'>Θαυμάκου</span> <span class='ocrx_word' id='word_1_246' title='bbox 2575 2799 2692 2859; x_wconf 89' lang='grc' dir='ltr'>τοῦ</span> <span class='ocrx_word' id='word_1_247' title='bbox 2736 2793 3061 2859; x_wconf 90' lang='grc' dir='ltr'>Ποίαντος</span> <span class='ocrx_word' id='word_1_248' title='bbox 3112 2814 3229 2857; x_wconf 81' lang='grc' dir='ltr'>πα·</span> 
     </span>
     <span class='ocr_line' id='line_1_26' title="bbox 543 2894 3229 2975; baseline 0 -19"><span class='ocrx_word' id='word_1_249' title='bbox 543 2906 609 2957; x_wconf 83' lang='lat'>25</span> <span class='ocrx_word' id='word_1_250' title='bbox 646 2896 812 2973; x_wconf 90' lang='grc' dir='ltr'>τρός.</span> <span class='ocrx_word' id='word_1_251' title='bbox 914 2895 1183 2974; x_wconf 93' lang='grc' dir='ltr'>δευτέρα</span> <span class='ocrx_word' id='word_1_252' title='bbox 1246 2895 1432 2960; x_wconf 87' lang='grc' dir='ltr'>πόλις</span> <span class='ocrx_word' id='word_1_253' title='bbox 1507 2894 1665 2959; x_wconf 86' lang='grc' dir='ltr'>κατὰ</span> <span class='ocrx_word' id='word_1_254' title='bbox 1726 2896 1844 2959; x_wconf 90' lang='grc' dir='ltr'>τὸν</span> <span class='ocrx_word' id='word_1_255' title='bbox 1913 2895 2244 2959; x_wconf 86' lang='grc' dir='ltr'>Μαλιακὸν</span> <span class='ocrx_word' id='word_1_256' title='bbox 2310 2895 2557 2960; x_wconf 87' lang='grc' dir='ltr'>κόλπον</span> <span class='ocrx_word' id='word_1_257' title='bbox 2617 2895 2656 2973; x_wconf 85' lang='grc' dir='ltr'><strong>ἡ</strong></span> <span class='ocrx_word' id='word_1_258' title='bbox 2722 2896 2825 2960; x_wconf 88' lang='grc' dir='ltr'>καὶ</span> <span class='ocrx_word' id='word_1_259' title='bbox 2891 2894 3229 2975; x_wconf 76' lang='grc' dir='ltr'>Θαυμακοί.</span> 
     </span>
     <span class='ocr_line' id='line_1_27' title="bbox 646 2986 3264 3076; baseline -0.001 -15"><span class='ocrx_word' id='word_1_260' title='bbox 646 2996 1101 3074; x_wconf 84' lang='grc' dir='ltr'>Θεςπρωτία</span> <span class='ocrx_word' id='word_1_261' title='bbox 1157 2996 1343 3059; x_wconf 90' lang='grc' dir='ltr'>πόλις</span> <span class='ocrx_word' id='word_1_262' title='bbox 1401 2996 1502 3059; x_wconf 81' lang='grc' dir='ltr'>καὶ</span> <span class='ocrx_word' id='word_1_263' title='bbox 1534 2986 1735 3074; x_wconf 67' lang='grc' dir='ltr'>Ϊχώρα</span> <span class='ocrx_word' id='word_1_264' title='bbox 1800 2995 1924 3063; x_wconf 84' lang='grc' dir='ltr'>ἔξω</span> <span class='ocrx_word' id='word_1_265' title='bbox 1976 3001 2094 3060; x_wconf 91' lang='grc' dir='ltr'>τοῦ</span> <span class='ocrx_word' id='word_1_266' title='bbox 2151 2997 2563 3076; x_wconf 83' lang='grc' dir='ltr'>Ἀμβρακικοῦ</span> <span class='ocrx_word' id='word_1_267' title='bbox 2621 2996 2884 3060; x_wconf 85' lang='grc' dir='ltr'>κόλπου.</span> <span class='ocrx_word' id='word_1_268' title='bbox 2974 2995 3264 3060; x_wconf 86' lang='grc' dir='ltr'>Ἰαιτία·</span> 
     </span>
    </p>
   </div>
   <div class='ocr_carea' id='block_1_3' title="bbox 3627 667 3646 2857">
    <p class='ocr_par' dir='ltr' id='par_1_4' title="bbox 3627 667 3646 2857">
     <span class='ocr_line' id='line_1_28' title="bbox 3627 667 3646 2857; baseline 0 0"><span class='ocrx_word' id='word_1_269' title='bbox 3627 667 3646 2857; x_wconf 95' lang='lat' dir='ltr'> </span> 
     </span>
    </p>
   </div>
   <div class='ocr_carea' id='block_1_4' title="bbox 644 3096 3368 3192">
    <p class='ocr_par' dir='ltr' id='par_1_5' title="bbox 644 3096 3368 3192">
     <span class='ocr_line' id='line_1_29' title="bbox 644 3096 3368 3192; baseline 0 -30"><span class='ocrx_word' id='word_1_270' title='bbox 644 3099 831 3163; x_wconf 82' lang='grc' dir='ltr'>πόλις</span> <span class='ocrx_word' id='word_1_271' title='bbox 877 3096 1173 3161; x_wconf 76' lang='grc' dir='ltr'>Εικελίας.</span> <span class='ocrx_word' id='word_1_272' title='bbox 1219 3096 1510 3162; x_wconf 90' lang='grc' dir='ltr'>Φίλιςτος</span> <span class='ocrx_word' id='word_1_273' title='bbox 1555 3096 1890 3162; x_wconf 78' lang='grc' dir='ltr'>(ικελικῶν</span> <span class='ocrx_word' id='word_1_274' title='bbox 1936 3098 2232 3181; x_wconf 85' lang='grc' dir='ltr'>δευτέρῳ.</span> <span class='ocrx_word' id='word_1_275' title='bbox 2274 3097 2558 3190; x_wconf 28' lang='grc' dir='ltr'>,Ἰβηρία</span> <span class='ocrx_word' id='word_1_276' title='bbox 2600 3097 2782 3175; x_wconf 92' lang='grc' dir='ltr'>χώρα</span> <span class='ocrx_word' id='word_1_277' title='bbox 2823 3097 2862 3175; x_wconf 86' lang='grc' dir='ltr'>ἡ</span> <span class='ocrx_word' id='word_1_278' title='bbox 2908 3100 3023 3176; x_wconf 76' lang='grc' dir='ltr'>μὲν</span> <span class='ocrx_word' id='word_1_279' title='bbox 3066 3097 3231 3176; x_wconf 85' lang='grc' dir='ltr'>πρὸς</span> <span class='ocrx_word' id='word_1_280' title='bbox 3359 3182 3368 3192; x_wconf 38' lang='grc'>,</span> 
     </span>
    </p>
   </div>
   <div class='ocr_carea' id='block_1_5' title="bbox 518 3188 3229 4796">
    <p class='ocr_par' dir='ltr' id='par_1_6' title="bbox 518 3188 3229 4796">
     <span class='ocr_line' id='line_1_30' title="bbox 641 3188 3229 3282; baseline 0 -19"><span class='ocrx_word' id='word_1_281' title='bbox 641 3188 1196 3275; x_wconf 56' lang='grc' dir='ltr'>ταῑς”(Ηρακλείας</span> <span class='ocrx_word' id='word_1_282' title='bbox 1242 3199 1492 3276; x_wconf 87' lang='grc' dir='ltr'>ςτήλαις</span> <span class='ocrx_word' id='word_1_283' title='bbox 1548 3197 1679 3262; x_wconf 90' lang='grc' dir='ltr'>ἀπὸ</span> <span class='ocrx_word' id='word_1_284' title='bbox 1723 3198 1970 3276; x_wconf 80' lang='grc' dir='ltr'>Ἴβηρος</span> <span class='ocrx_word' id='word_1_285' title='bbox 2021 3203 2332 3279; x_wconf 82' lang='grc' dir='ltr'>ποταμοῦ.</span> <span class='ocrx_word' id='word_1_286' title='bbox 2420 3197 2877 3276; x_wconf 88' lang='grc' dir='ltr'>Ἀρτεμίδωρος</span> <span class='ocrx_word' id='word_1_287' title='bbox 2929 3198 3000 3263; x_wconf 85' lang='grc' dir='ltr'>ἐν</span> <span class='ocrx_word' id='word_1_288' title='bbox 3055 3204 3129 3282; x_wconf 81' lang='grc' dir='ltr'>τῇ</span> <span class='ocrx_word' id='word_1_289' title='bbox 3175 3198 3229 3278; x_wconf 87' lang='grc' dir='ltr'>β’</span> 
     </span>
     <span class='ocr_line' id='line_1_31' title="bbox 641 3297 3229 3387; baseline -0 -24"><span class='ocrx_word' id='word_1_290' title='bbox 641 3305 773 3364; x_wconf 87' lang='grc' dir='ltr'>τῶν</span> <span class='ocrx_word' id='word_1_291' title='bbox 827 3298 1434 3387; x_wconf 80' lang='grc' dir='ltr'>γεωγραφουμένων</span> <span class='ocrx_word' id='word_1_292' title='bbox 1492 3297 1663 3363; x_wconf 82' lang='grc' dir='ltr'>«ἀπὸ</span> <span class='ocrx_word' id='word_1_293' title='bbox 1721 3300 1792 3363; x_wconf 79' lang='grc' dir='ltr'>δὲ</span> <span class='ocrx_word' id='word_1_294' title='bbox 1844 3303 1977 3365; x_wconf 92' lang='grc' dir='ltr'>τῶν</span> <span class='ocrx_word' id='word_1_295' title='bbox 2028 3298 2416 3377; x_wconf 90' lang='grc' dir='ltr'>Πυρηναίων</span> <span class='ocrx_word' id='word_1_296' title='bbox 2473 3297 2649 3376; x_wconf 88' lang='grc' dir='ltr'>ὀρῶν</span> <span class='ocrx_word' id='word_1_297' title='bbox 2706 3300 2828 3364; x_wconf 85' lang='grc' dir='ltr'>ἕως</span> <span class='ocrx_word' id='word_1_298' title='bbox 2881 3304 3013 3364; x_wconf 91' lang='grc' dir='ltr'>τῶν</span> <span class='ocrx_word' id='word_1_299' title='bbox 3070 3299 3229 3364; x_wconf 85' lang='grc' dir='ltr'>κατὰ</span> 
     </span>
     <span class='ocr_line' id='line_1_32' title="bbox 518 3386 3227 3486; baseline 0 -23"><span class='ocrx_word' id='word_1_300' title='bbox 518 3409 608 3463; x_wconf 74' lang='grc'>’30</span> <span class='ocrx_word' id='word_1_301' title='bbox 645 3400 908 3479; x_wconf 88' lang='grc' dir='ltr'>Γάδειρα</span> <span class='ocrx_word' id='word_1_302' title='bbox 950 3400 1319 3464; x_wconf 77' lang='grc' dir='ltr'>τόπων’καὶ</span> <span class='ocrx_word' id='word_1_303' title='bbox 1363 3400 1682 3480; x_wconf 83' lang='grc' dir='ltr'>ἐνδοτέρω</span> <span class='ocrx_word' id='word_1_304' title='bbox 1728 3386 1956 3480; x_wconf 87' lang='grc' dir='ltr'>Ἰβηρία</span> <span class='ocrx_word' id='word_1_305' title='bbox 1988 3420 2056 3465; x_wconf 91' lang='grc' dir='ltr'>τε</span> <span class='ocrx_word' id='word_1_306' title='bbox 2101 3402 2203 3464; x_wconf 83' lang='grc' dir='ltr'>καὶ</span> <span class='ocrx_word' id='word_1_307' title='bbox 2246 3399 2520 3464; x_wconf 87' lang='grc' dir='ltr'>Ἱςπανία</span> <span class='ocrx_word' id='word_1_308' title='bbox 2559 3403 2854 3465; x_wconf 85' lang='grc' dir='ltr'>καλεῖται.</span> <span class='ocrx_word' id='word_1_309' title='bbox 2944 3394 3227 3486; x_wconf 67' lang='grc' dir='ltr'>διῄρηται</span> 
     </span>
     <span class='ocr_line' id='line_1_33' title="bbox 643 3500 3226 3582; baseline 0 -16"><span class='ocrx_word' id='word_1_310' title='bbox 643 3504 714 3566; x_wconf 78' lang='grc' dir='ltr'>δὲ</span> <span class='ocrx_word' id='word_1_311' title='bbox 760 3502 887 3567; x_wconf 87' lang='grc' dir='ltr'>ὑπὸ</span> <span class='ocrx_word' id='word_1_312' title='bbox 918 3500 1247 3580; x_wconf 88' lang='grc' dir='ltr'>Ῥωμαίων</span> <span class='ocrx_word' id='word_1_313' title='bbox 1293 3501 1381 3567; x_wconf 89' lang='grc' dir='ltr'>εἰς</span> <span class='ocrx_word' id='word_1_314' title='bbox 1412 3501 1541 3565; x_wconf 86' lang='grc' dir='ltr'>δύο·</span> <span class='ocrx_word' id='word_1_315' title='bbox 1574 3501 1913 3582; x_wconf 86' lang='grc' dir='ltr'>ἐπαρχίας.</span> <span class='ocrx_word' id='word_1_316' title='bbox 1944 3553 1957 3566; x_wconf 92' lang='grc'>.</span> <span class='ocrx_word' id='word_1_317' title='bbox 1983 3552 2034 3565; x_wconf 93' lang='grc'>..</span> <span class='ocrx_word' id='word_1_318' title='bbox 2075 3500 2476 3566; x_wconf 90' lang='grc' dir='ltr'>διατείνουςα</span> <span class='ocrx_word' id='word_1_319' title='bbox 2520 3500 2651 3567; x_wconf 84' lang='grc' dir='ltr'>ἀπὸ</span> <span class='ocrx_word' id='word_1_320' title='bbox 2680 3507 2810 3567; x_wconf 91' lang='grc' dir='ltr'>τῶν</span> <span class='ocrx_word' id='word_1_321' title='bbox 2839 3503 3226 3582; x_wconf 89' lang='grc' dir='ltr'>Πυρηναίων</span> 
     </span>
     <span class='ocr_line' id='line_1_34' title="bbox 643 3601 3225 3689; baseline 0 -23"><span class='ocrx_word' id='word_1_322' title='bbox 643 3602 818 3682; x_wconf 92' lang='grc' dir='ltr'>ὀρῶν</span> <span class='ocrx_word' id='word_1_323' title='bbox 864 3601 1075 3668; x_wconf 82' lang='grc' dir='ltr'>ἅπαςα</span> <span class='ocrx_word' id='word_1_324' title='bbox 1117 3602 1297 3689; x_wconf 79' lang='grc' dir='ltr'>μέχρι</span> <span class='ocrx_word' id='word_1_325' title='bbox 1340 3606 1452 3680; x_wconf 89' lang='grc' dir='ltr'>τῆς</span> <span class='ocrx_word' id='word_1_326' title='bbox 1488 3603 1714 3681; x_wconf 86' lang='grc' dir='ltr'>Καινῆς</span> <span class='ocrx_word' id='word_1_327' title='bbox 1750 3602 2183 3682; x_wconf 88' lang='grc' dir='ltr'>Καρχηδονίας</span> <span class='ocrx_word' id='word_1_328' title='bbox 2227 3603 2330 3667; x_wconf 83' lang='grc' dir='ltr'>καὶ</span> <span class='ocrx_word' id='word_1_329' title='bbox 2370 3607 2501 3667; x_wconf 89' lang='grc' dir='ltr'>τῶν</span> <span class='ocrx_word' id='word_1_330' title='bbox 2547 3607 2664 3667; x_wconf 89' lang='grc' dir='ltr'>τοῦ</span> <span class='ocrx_word' id='word_1_331' title='bbox 2697 3603 2947 3668; x_wconf 89' lang='grc' dir='ltr'>Βαίτιος</span> <span class='ocrx_word' id='word_1_332' title='bbox 2978 3607 3225 3685; x_wconf 80' lang='grc' dir='ltr'>πηγῶν,</span> 
     </span>
     <span class='ocr_line' id='line_1_35' title="bbox 640 3703 3226 3784; baseline -0 -16"><span class='ocrx_word' id='word_1_333' title='bbox 640 3707 750 3783; x_wconf 88' lang='grc' dir='ltr'>τῆς</span> <span class='ocrx_word' id='word_1_334' title='bbox 795 3705 866 3768; x_wconf 78' lang='grc' dir='ltr'>δὲ</span> <span class='ocrx_word' id='word_1_335' title='bbox 914 3704 1213 3782; x_wconf 88' lang='grc' dir='ltr'>δευτέρας</span> <span class='ocrx_word' id='word_1_336' title='bbox 1258 3703 1563 3783; x_wconf 78' lang='grc' dir='ltr'>ἐπαρχίας</span> <span class='ocrx_word' id='word_1_337' title='bbox 1616 3705 1696 3768; x_wconf 86' lang='grc' dir='ltr'>τὰ</span> <span class='ocrx_word' id='word_1_338' title='bbox 1752 3705 1933 3784; x_wconf 91' lang='grc' dir='ltr'>μέχρι</span> <span class='ocrx_word' id='word_1_339' title='bbox 1981 3704 2294 3782; x_wconf 88' lang='grc' dir='ltr'>Γαδείρων</span> <span class='ocrx_word' id='word_1_340' title='bbox 2348 3705 2452 3768; x_wconf 81' lang='grc' dir='ltr'>καὶ</span> <span class='ocrx_word' id='word_1_341' title='bbox 2503 3703 2972 3769; x_wconf 78' lang='grc' dir='ltr'>Λουςιτανίας».</span> <span class='ocrx_word' id='word_1_342' title='bbox 3059 3703 3098 3781; x_wconf 84' lang='grc' dir='ltr'>ἡ</span> <span class='ocrx_word' id='word_1_343' title='bbox 3154 3704 3226 3767; x_wconf 81' lang='grc' dir='ltr'>δὲ</span> 
     </span>
     <span class='ocr_line' id='line_1_36' title="bbox 638 3805 3224 3891; baseline -0 -23"><span class='ocrx_word' id='word_1_344' title='bbox 638 3806 803 3883; x_wconf 89' lang='grc' dir='ltr'>πρὸς</span> <span class='ocrx_word' id='word_1_345' title='bbox 828 3805 1112 3891; x_wconf 66' lang='grc' dir='ltr'>,Πέρςαα</span> <span class='ocrx_word' id='word_1_346' title='bbox 1180 3805 1507 3869; x_wconf 89' lang='grc' dir='ltr'>Ἰλαττία</span> <span class='ocrx_word' id='word_1_347' title='bbox 1550 3806 1736 3869; x_wconf 91' lang='grc' dir='ltr'>πόλις</span> <span class='ocrx_word' id='word_1_348' title='bbox 1785 3805 2041 3884; x_wconf 86' lang='grc' dir='ltr'>Κρήτης.</span> <span class='ocrx_word' id='word_1_349' title='bbox 2105 3805 2430 3885; x_wconf 87' lang='grc' dir='ltr'>Πολύβιος</span> <span class='ocrx_word' id='word_1_350' title='bbox 2473 3805 2976 3889; x_wconf 84' lang='grc' dir='ltr'>τριςκαιδεκάτῳ.</span> <span class='ocrx_word' id='word_1_351' title='bbox 3041 3805 3224 3869; x_wconf 85' lang='grc' dir='ltr'>Ἰνα-</span> 
     </span>
     <span class='ocr_line' id='line_1_37' title="bbox 537 3905 3222 3989; baseline 0 -20"><span class='ocrx_word' id='word_1_352' title='bbox 537 3918 602 3969; x_wconf 82' lang='lat'>35</span> <span class='ocrx_word' id='word_1_353' title='bbox 637 3906 764 3985; x_wconf 92' lang='grc' dir='ltr'>χία</span> <span class='ocrx_word' id='word_1_354' title='bbox 809 3908 848 3985; x_wconf 89' lang='grc' dir='ltr'>ἡ</span> <span class='ocrx_word' id='word_1_355' title='bbox 891 3907 1427 3989; x_wconf 91' lang='grc' dir='ltr'>Πελοπόννηςος,</span> <span class='ocrx_word' id='word_1_356' title='bbox 1473 3906 1553 3971; x_wconf 86' lang='grc' dir='ltr'>οὐ</span> <span class='ocrx_word' id='word_1_357' title='bbox 1599 3907 1803 3985; x_wconf 91' lang='grc' dir='ltr'>μόνον</span> <span class='ocrx_word' id='word_1_358' title='bbox 1848 3908 2232 3989; x_wconf 52' lang='grc' dir='ltr'>τὸῖἈργος,</span> <span class='ocrx_word' id='word_1_359' title='bbox 2276 3906 2407 3971; x_wconf 84' lang='grc' dir='ltr'>ἀπὸ</span> <span class='ocrx_word' id='word_1_360' title='bbox 2454 3905 2700 3986; x_wconf 86' lang='grc' dir='ltr'>Ἰνάχου</span> <span class='ocrx_word' id='word_1_361' title='bbox 2751 3910 2868 3971; x_wconf 89' lang='grc' dir='ltr'>τοῦ</span> <span class='ocrx_word' id='word_1_362' title='bbox 2912 3909 3222 3985; x_wconf 88' lang='grc' dir='ltr'>ποταμοῦ.</span> 
     </span>
     <span class='ocr_line' id='line_1_38' title="bbox 639 4005 3225 4087; baseline -0.001 -17"><span class='ocrx_word' id='word_1_363' title='bbox 639 4008 843 4073; x_wconf 86' lang='grc' dir='ltr'>Ἰξίαι</span> <span class='ocrx_word' id='word_1_364' title='bbox 897 4011 1337 4086; x_wconf 85' lang='grc' dir='ltr'>πληθυντικῶς</span> <span class='ocrx_word' id='word_1_365' title='bbox 1391 4009 1632 4087; x_wconf 92' lang='grc' dir='ltr'>χωρίον</span> <span class='ocrx_word' id='word_1_366' title='bbox 1695 4011 1808 4086; x_wconf 86' lang='grc' dir='ltr'>τῆς</span> <span class='ocrx_word' id='word_1_367' title='bbox 1861 4008 2094 4073; x_wconf 86' lang='grc' dir='ltr'>Ῥόδου</span> <span class='ocrx_word' id='word_1_368' title='bbox 2148 4007 2280 4073; x_wconf 85' lang='grc' dir='ltr'>ἀπὸ</span> <span class='ocrx_word' id='word_1_369' title='bbox 2333 4009 2499 4075; x_wconf 84' lang='grc' dir='ltr'>Ἴξου</span> <span class='ocrx_word' id='word_1_370' title='bbox 2557 4008 2828 4086; x_wconf 87' lang='grc' dir='ltr'>λιμένος.</span> <span class='ocrx_word' id='word_1_371' title='bbox 2915 4005 3225 4072; x_wconf 88' lang='grc' dir='ltr'>Ἰςινδία</span> 
     </span>
     <span class='ocr_line' id='line_1_39' title="bbox 637 4107 3222 4192; baseline -0 -20"><span class='ocrx_word' id='word_1_372' title='bbox 637 4108 879 4187; x_wconf 90' lang='grc' dir='ltr'>χωρίον</span> <span class='ocrx_word' id='word_1_373' title='bbox 936 4107 1205 4192; x_wconf 89' lang='grc' dir='ltr'>Ἰωνίας,</span> <span class='ocrx_word' id='word_1_374' title='bbox 1273 4109 1522 4185; x_wconf 87' lang='grc' dir='ltr'>λέγεται</span> <span class='ocrx_word' id='word_1_375' title='bbox 1589 4110 1690 4173; x_wconf 89' lang='grc' dir='ltr'>καὶ</span> <span class='ocrx_word' id='word_1_376' title='bbox 1750 4110 1981 4174; x_wconf 85' lang='grc' dir='ltr'>Ἴςινδα</span> <span class='ocrx_word' id='word_1_377' title='bbox 2043 4110 2149 4173; x_wconf 81' lang='grc' dir='ltr'>καὶ</span> <span class='ocrx_word' id='word_1_378' title='bbox 2200 4110 2479 4174; x_wconf 87' lang='grc' dir='ltr'>Ἴςινδος.</span> <span class='ocrx_word' id='word_1_379' title='bbox 2585 4107 2972 4186; x_wconf 91' lang='grc' dir='ltr'>Κανθηλία</span> <span class='ocrx_word' id='word_1_380' title='bbox 3034 4107 3222 4171; x_wconf 87' lang='grc' dir='ltr'>πόλις</span> 
     </span>
     <span class='ocr_line' id='line_1_40' title="bbox 637 4206 3223 4292; baseline -0.002 -19"><span class='ocrx_word' id='word_1_381' title='bbox 637 4211 783 4288; x_wconf 89' lang='grc' dir='ltr'>περὶ</span> <span class='ocrx_word' id='word_1_382' title='bbox 842 4209 1231 4288; x_wconf 88' lang='grc' dir='ltr'>Καρχηδόνα.</span> <span class='ocrx_word' id='word_1_383' title='bbox 1306 4211 1556 4287; x_wconf 83' lang='grc' dir='ltr'>λέγεται</span> <span class='ocrx_word' id='word_1_384' title='bbox 1611 4212 1714 4275; x_wconf 89' lang='grc' dir='ltr'>καὶ</span> <span class='ocrx_word' id='word_1_385' title='bbox 1779 4210 2082 4289; x_wconf 87' lang='grc' dir='ltr'>Κανθήλη.</span> <span class='ocrx_word' id='word_1_386' title='bbox 2160 4208 2482 4275; x_wconf 80' lang='grc' dir='ltr'>Ἑκαταῖος</span> <span class='ocrx_word' id='word_1_387' title='bbox 2526 4209 2710 4292; x_wconf 85' lang='grc' dir='ltr'>Ἀςίᾳ.</span> <span class='ocrx_word' id='word_1_388' title='bbox 2788 4206 3223 4287; x_wconf 89' lang='grc' dir='ltr'>Κανταβρία</span> 
     </span>
     <span class='ocr_line' id='line_1_41' title="bbox 635 4309 3220 4398; baseline -0 -24"><span class='ocrx_word' id='word_1_389' title='bbox 635 4312 832 4391; x_wconf 80' lang='grc' dir='ltr'>χώρα</span> <span class='ocrx_word' id='word_1_390' title='bbox 879 4310 1177 4391; x_wconf 78' lang='grc' dir='ltr'>(τράβων</span> <span class='ocrx_word' id='word_1_391' title='bbox 1220 4310 1396 4395; x_wconf 82' lang='grc' dir='ltr'>τρίτῃ</span> <span class='ocrx_word' id='word_1_392' title='bbox 1439 4312 1533 4398; x_wconf 88' lang='lat' dir='ltr'>(p.</span> <span class='ocrx_word' id='word_1_393' title='bbox 1570 4310 1734 4393; x_wconf 83' lang='lat'>157).</span> <span class='ocrx_word' id='word_1_394' title='bbox 1814 4312 2188 4391; x_wconf 83' lang='grc' dir='ltr'>Καρπηῖα·</span> <span class='ocrx_word' id='word_1_395' title='bbox 2245 4311 2450 4375; x_wconf 85' lang='grc' dir='ltr'>οὕτως</span> <span class='ocrx_word' id='word_1_396' title='bbox 2503 4311 2671 4374; x_wconf 83' lang='grc' dir='ltr'>τινὲς</span> <span class='ocrx_word' id='word_1_397' title='bbox 2720 4309 2978 4388; x_wconf 88' lang='grc' dir='ltr'>Κάλπην</span> <span class='ocrx_word' id='word_1_398' title='bbox 3028 4309 3220 4373; x_wconf 75' lang='grc' dir='ltr'>πόλιν</span> 
     </span>
     <span class='ocr_line' id='line_1_42' title="bbox 532 4409 3222 4493; baseline -0.001 -19"><span class='ocrx_word' id='word_1_399' title='bbox 532 4422 600 4474; x_wconf 88' lang='grc' dir='ltr'>4ο</span> <span class='ocrx_word' id='word_1_400' title='bbox 639 4411 929 4477; x_wconf 90' lang='grc' dir='ltr'>Βιθυνίας</span> <span class='ocrx_word' id='word_1_401' title='bbox 972 4410 1180 4492; x_wconf 89' lang='grc' dir='ltr'>φαςίν.</span> <span class='ocrx_word' id='word_1_402' title='bbox 1258 4414 1652 4492; x_wconf 90' lang='grc' dir='ltr'>Κεκροπία</span> <span class='ocrx_word' id='word_1_403' title='bbox 1694 4413 1891 4493; x_wconf 87' lang='grc' dir='ltr'>χώρα.</span> <span class='ocrx_word' id='word_1_404' title='bbox 1971 4413 2343 4492; x_wconf 91' lang='grc' dir='ltr'>Κορηςςία</span> <span class='ocrx_word' id='word_1_405' title='bbox 2385 4411 2724 4491; x_wconf 89' lang='grc' dir='ltr'>πολίχνιον</span> <span class='ocrx_word' id='word_1_406' title='bbox 2778 4413 2892 4489; x_wconf 87' lang='grc' dir='ltr'>τῆς</span> <span class='ocrx_word' id='word_1_407' title='bbox 2940 4409 3075 4473; x_wconf 88' lang='grc' dir='ltr'>Κέω</span> <span class='ocrx_word' id='word_1_408' title='bbox 3118 4410 3222 4473; x_wconf 84' lang='grc' dir='ltr'>καὶ</span> 
     </span>
     <span class='ocr_line' id='line_1_43' title="bbox 544 4510 3219 4593; baseline -0.001 -16"><span class='ocrx_word' id='word_1_409' title='bbox 544 4528 556 4541; x_wconf 81' lang='lat'><strong><em>‘</em></strong></span> <span class='ocrx_word' id='word_1_410' title='bbox 633 4512 932 4578; x_wconf 87' lang='grc' dir='ltr'>ἐπίνειον.</span> <span class='ocrx_word' id='word_1_411' title='bbox 1026 4513 1375 4592; x_wconf 90' lang='grc' dir='ltr'>Κωρυκία</span> <span class='ocrx_word' id='word_1_412' title='bbox 1417 4513 1817 4593; x_wconf 87' lang='grc' dir='ltr'>ἀκρωτήριον</span> <span class='ocrx_word' id='word_1_413' title='bbox 1868 4514 2106 4593; x_wconf 89' lang='grc' dir='ltr'>Κρήτης</span> <span class='ocrx_word' id='word_1_414' title='bbox 2161 4515 2264 4578; x_wconf 87' lang='grc' dir='ltr'>καὶ</span> <span class='ocrx_word' id='word_1_415' title='bbox 2318 4514 2505 4591; x_wconf 84' lang='grc' dir='ltr'>λιμὴν</span> <span class='ocrx_word' id='word_1_416' title='bbox 2547 4512 2890 4579; x_wconf 84' lang='grc' dir='ltr'>Αἰθιοπίας.</span> <span class='ocrx_word' id='word_1_417' title='bbox 2978 4510 3219 4575; x_wconf 87' lang='grc' dir='ltr'>Λυδία</span> 
     </span>
     <span class='ocr_line' id='line_1_44' title="bbox 632 4611 3217 4698; baseline -0.001 -21"><span class='ocrx_word' id='word_1_418' title='bbox 632 4614 673 4691; x_wconf 87' lang='grc' dir='ltr'>ἡ</span> <span class='ocrx_word' id='word_1_419' title='bbox 718 4615 914 4693; x_wconf 89' lang='grc' dir='ltr'>χώρα.</span> <span class='ocrx_word' id='word_1_420' title='bbox 973 4613 1229 4678; x_wconf 89' lang='grc' dir='ltr'>Ξάνθος</span> <span class='ocrx_word' id='word_1_421' title='bbox 1275 4614 1348 4678; x_wconf 82' lang='grc' dir='ltr'>ἐν</span> <span class='ocrx_word' id='word_1_422' title='bbox 1390 4614 1722 4680; x_wconf 90' lang='grc' dir='ltr'>Λυδιακῶν</span> <span class='ocrx_word' id='word_1_423' title='bbox 1766 4615 2022 4698; x_wconf 86' lang='grc' dir='ltr'>πρώτῳ.</span> <span class='ocrx_word' id='word_1_424' title='bbox 2083 4614 2321 4679; x_wconf 91' lang='grc' dir='ltr'>Λυκία</span> <span class='ocrx_word' id='word_1_425' title='bbox 2363 4612 2402 4690; x_wconf 84' lang='grc' dir='ltr'>ἡ</span> <span class='ocrx_word' id='word_1_426' title='bbox 2447 4614 2628 4692; x_wconf 91' lang='grc' dir='ltr'>χώρα</span> <span class='ocrx_word' id='word_1_427' title='bbox 2670 4611 2802 4678; x_wconf 85' lang='grc' dir='ltr'>ἀπὸ</span> <span class='ocrx_word' id='word_1_428' title='bbox 2846 4612 3057 4677; x_wconf 84' lang='grc' dir='ltr'>Λύκου</span> <span class='ocrx_word' id='word_1_429' title='bbox 3100 4613 3217 4674; x_wconf 89' lang='grc' dir='ltr'>τοῦ</span> 
     </span>
     <span class='ocr_line' id='line_1_45' title="bbox 631 4712 3218 4796; baseline -0.001 -19"><span class='ocrx_word' id='word_1_430' title='bbox 631 4713 1026 4781; x_wconf 89' lang='grc' dir='ltr'>Πανδίονος·</span> <span class='ocrx_word' id='word_1_431' title='bbox 1082 4714 1208 4779; x_wconf 83' lang='grc' dir='ltr'>ἔςτι</span> <span class='ocrx_word' id='word_1_432' title='bbox 1252 4715 1356 4779; x_wconf 84' lang='grc' dir='ltr'>καὶ</span> <span class='ocrx_word' id='word_1_433' title='bbox 1396 4714 1591 4780; x_wconf 91' lang='grc' dir='ltr'>Λυκία</span> <span class='ocrx_word' id='word_1_434' title='bbox 1634 4715 1674 4794; x_wconf 83' lang='grc' dir='ltr'>ἡ</span> <span class='ocrx_word' id='word_1_435' title='bbox 1718 4715 1883 4793; x_wconf 85' lang='grc' dir='ltr'>πρὸς</span> <span class='ocrx_word' id='word_1_436' title='bbox 1931 4715 2236 4796; x_wconf 87' lang='grc' dir='ltr'>Κιλικίαν,</span> <span class='ocrx_word' id='word_1_437' title='bbox 2279 4713 2356 4793; x_wconf 84' lang='grc' dir='ltr'>ἦς</span> <span class='ocrx_word' id='word_1_438' title='bbox 2399 4713 2556 4793; x_wconf 82' lang='grc' dir='ltr'>ἦρχε</span> <span class='ocrx_word' id='word_1_439' title='bbox 2599 4714 2968 4794; x_wconf 75' lang='grc' dir='ltr'>Εαρπηδών.</span> <span class='ocrx_word' id='word_1_440' title='bbox 3024 4712 3218 4791; x_wconf 87' lang='grc' dir='ltr'>Λυρ-</span> 
     </span>
    </p>
   </div>
   <div class='ocr_carea' id='block_1_6' title="bbox 982 5486 3507 5546">
    <p class='ocr_par' dir='ltr' id='par_1_7' title="bbox 982 5486 3507 5546">
     <span class='ocr_line' id='line_1_46' title="bbox 982 5486 3507 5546; baseline 0.003 -50"><span class='ocrx_word' id='word_1_441' title='bbox 982 5486 1061 5495; x_wconf 74' lang='grc'>1-</span> <span class='ocrx_word' id='word_1_442' title='bbox 1110 5488 1491 5497; x_wconf 75' lang='lat'><em>-——-————</em></span> <span class='ocrx_word' id='word_1_443' title='bbox 1536 5492 1858 5499; x_wconf 75' lang='lat'>-—-——-—-</span> <span class='ocrx_word' id='word_1_444' title='bbox 2947 5496 3507 5546; x_wconf 89' lang='lat'>-—</span> 
     </span>
    </p>
   </div>
  </div>
 </body>
</html>
