3664 5546
610 265 739 329 368
1547 263 1630 318 ΕΚ
1668 263 1806 317 ΤΩΝ
1852 263 1894 317 Η
1903 263 2260 317 ΡΩΔΙΑΝΟΥ

614 435 1056 502 Βυζάντιον
1121 434 1309 508 πόλις
1365 435 1786 514 διαςημοτάτη
1841 435 2007 512 πρὸς
2058 440 2135 517 τῇ
2190 433 2588 513 Προποντίδι
2651 434 2816 512 πρὸς
2880 439 2973 517 τῷ
3028 434 3206 513 μέρει

612 540 722 614 τῆς
768 536 1092 615 Εὐρώπης.
1182 535 1411 614 ἐκλήθη
1458 536 1514 599 δ’
1558 535 1690 600 ἀπὸ
1737 535 2056 602 Βύζαντος
2100 538 2219 600 τοῦ
2268 529 2608 614 Κεροέςςης
2653 539 2764 612 τῆς
2809 535 2966 599 Ἰοῦς
3009 541 3204 611 θυγα-

612 639 764 716 τρὸς
819 638 925 702 καὶ
966 637 1393 702 Ποςειδῶνος.
1481 638 1520 715 ἢ
1578 636 1675 700 ὅτι
1730 641 1850 702 τοῦ
1893 638 2127 701 ςτόλου
2174 637 2373 715 Βύζης
2424 636 2505 714 ἦν
2559 635 2832 715 ἡγεμών.
2921 637 3048 701 ἔςτι
3100 637 3206 701 καὶ

615 739 964 805 Βυζάντιον
1010 738 1236 816 ἕτερον
1282 738 1353 801 ἐν
1398 745 1473 822 τῇ
1519 738 1757 821 Ἰνδικῇ.
1848 737 2338 818 Βαβράντιον
2380 737 2584 802 τόπος
2627 738 2774 816 περὶ
2821 737 2991 802 Χίον.
3064 738 3204 802 Πο-

554 849 586 899 5
616 840 835 919 λύβιος
889 839 1327 923 ἑκκαιδεκάτῳ.
1415 838 1585 903 ἔοικε
1641 839 1697 902 δ’
1752 837 2237 917 ὑποκοριςτικόν
2299 842 2418 903 τοῦ
2475 838 2741 918 Βάβρας.
2836 838 3205 902 Παλλάν-

614 962 783 1006 τιον
826 942 1011 1005 πόλις
1058 941 1385 1018 Ἀρκαδίας
1430 939 1561 1004 ἀπὸ
1605 940 2020 1022 Πάλλαντος,
2077 941 2224 1004 ἑνὸς
2267 944 2398 1005 τῶν
2442 940 2772 1030 Λυκάονος
2815 944 3064 1004 παιδῶν
3111 940 3204 1003 ὡς

614 1043 920 1107 Ἡςίοδος.
974 1043 1142 1106 τινὲς
1186 1044 1258 1106 δὲ
1285 1041 1745 1106 Παλλαντιάδα
1788 1044 2103 1107 καλοῦςιν.
2158 1041 2610 1119 Παρέντιον
2656 1042 2843 1105 πόλις
2886 1041 2987 1105 καὶ
3018 1042 3204 1119 λιμὴν

614 1144 884 1222 πληςίον
930 1143 1194 1221 Ἰςτρίας.
1255 1143 1756 1221 Μοργέντιον
1800 1143 1987 1207 πόλις
2033 1142 2290 1206 Ἰταλίας
2336 1141 2467 1206 ἀπὸ
2515 1141 2895 1220 Μοργήτων.
2956 1142 3207 1218 λέγεται

616 1245 718 1309 καὶ
765 1244 1146 1322 Μοργεντία.
1203 1244 1704 1308 Πολλέντιον
1750 1245 1787 1320 ἡ
1818 1244 2193 1309 Πολλεντός
2236 1243 2438 1308 πόλις.
2496 1227 2972 1321 ζυρρέντιον
3016 1243 3203 1306 πόλις

426 1402 437 1410 .
522 1356 583 1405 10
615 1345 969 1424 Τυρρηνίας
1034 1346 1137 1408 καὶ
1203 1345 1574 1423 (υρρεντόν.
1684 1345 2118 1423 Φερέντιον
2184 1345 2370 1409 πόλις
2436 1344 2757 1409 (Σαυνιτῶν
2824 1345 2893 1409 ἐν
2961 1345 3202 1426 Ἰταλίᾳ.

620 1447 1017 1528 λεόντιον,
1064 1445 1573 1528 δρακόντιον,
1622 1445 2014 1512 ἀκόντιον.
2093 1446 2219 1511 ἔςτι
2261 1447 2366 1511 καὶ
2409 1446 2809 1511 Ἀκόντιον
2852 1446 3036 1510 πόλις
3067 1444 3203 1521 Ἀρ-

616 1549 835 1612 καδίας
880 1546 1011 1611 ἀπὸ
1058 1547 1383 1612 Ἀκοντίου
1425 1551 1544 1624 τοῦ
1587 1548 1935 1612 Λυκάονος.
2024 1547 2152 1613 ἔςτι
2206 1549 2309 1612 καὶ
2362 1547 2548 1625 ἑτέρα
2591 1547 2857 1627 Εὐβοίας
2871 1596 2889 1629 ,
2948 1546 3036 1611 ὡς
3081 1545 3203 1609 Ξε-

596 1635 898 1727 ’ναγόρας
943 1650 1048 1712 καὶ
1092 1648 1475 1727 Ἀνδροτίων
1521 1647 1737 1732 ὀγδόῃ.
1828 1648 2202 1713 ὀδόντιον
2257 1648 2295 1726 ἡ
2343 1649 2581 1727 βοτάνη
2635 1650 2739 1712 καὶ
2782 1649 2860 1712 τὸ
2904 1651 3020 1712 τοῦ
3065 1647 3203 1710 ςτό-

619 1770 833 1830 ματος.
919 1750 1379 1831 γερόντιον,
1438 1750 1988 1814 Μεταπόντιον
2042 1750 2230 1814 πόλις
2275 1750 2532 1813 Ἰταλίας
2586 1750 2626 1827 ἡ
2672 1749 2993 1829 πρότερον
3039 1748 3206 1826 (ῖρις

522 1862 583 1913 15
620 1850 750 1915 ἀπὸ
798 1851 1101 1930 Μετάβου
1143 1854 1261 1914 τοῦ
1307 1850 1585 1930 (ιςύφου
1629 1854 1747 1914 τοῦ
1794 1851 2043 1915 Αἰόλου.
2131 1852 2247 1916 τὸν
2297 1852 2420 1930 γὰρ
2468 1851 2896 1916 Μετάποντον
2950 1849 3013 1913 οἱ
3057 1849 3205 1928 βάρ-

623 1958 813 2032 βαροι·
862 1952 1161 2033 Μέταβον
1223 1952 1470 2027 ἔλεγον.
1569 1951 1994 2030 Ἱερόντιον
2061 1952 2097 2029 ἡ
2154 1954 2353 2017 πόλις.
2451 1953 2955 2017 Δυςπόντιον
3021 1951 3207 2015 πόλις

618 2054 915 2136 Πιςαίας,
961 2053 1092 2117 ἀπὸ
1137 2053 1527 2118 Δυςπόντου
1571 2057 1688 2118 τοῦ
1717 2053 2058 2135 Πέλοπος,
2102 2054 2277 2132 παρὰ
2319 2054 2434 2131 τὴν
2480 2053 2642 2119 ὁδὸν
2685 2055 2801 2132 τὴν
2847 2053 2911 2120 ἐξ
2944 2054 3206 2141 ’ῌλιδος

621 2153 709 2219 εἰς
755 2155 1121 2233 Ὀλυμπίαν.
1212 2154 1667 2233 Μαμέρτιον
1710 2155 1899 2219 πόλις
1945 2154 2220 2219 Ἰταλίας.
2307 2154 2771 2235 Λαφύςτιον.

786 2313 824 2348 κ
873 2290 967 2354 Τὰ
1011 2290 1115 2354 διὰ
1145 2293 1263 2354 τοῦ
1294 2293 1459 2369 &To-x?
1489 2289 1798 2368 οὐδέτερα
1831 2294 2156 2370 μονογενῆ
2187 2290 2772 2372 προπαροξύνεται,
2817 2292 3205 2370 ζωΰφιον,

519 2407 587 2458 20
621 2391 1146 2474 δενδρύφιον,
1213 2390 1645 2474 ὀρνύφιον,
1712 2391 2055 2478 ωύφιον,
2121 2391 2592 2475 χρυςάφιον,
2665 2390 3204 2471 ἀργυράφιονί

622 2494 1071 2573 μοιράφιον.
2071 2491 2082 2502 “

788 2646 826 2682 ιι
874 2615 968 2692 T&
1013 2629 1116 2693 διὰ
1160 2633 1277 2693 τοῦ
1306 2629 1460 2705 Tuo-v
1506 2628 1668 2707 ὑπὲρ
1712 2631 1882 2707 τρεῖς
1928 2630 2244 2709 ςυλλαβὰς
2288 2629 2600 2707 οὐδέτερα
2631 2627 3207 2708 προπαροξύνεται,

622 2730 967 2810 ὀνύχιον.
1055 2727 1182 2795 ἔςτι
1247 2730 1351 2795 καὶ
1404 2730 1773 2810 Ὀνύχιον
1832 2731 2036 2796 τόπος
2097 2731 2367 2814 Κρήτης,
2435 2730 2566 2796 ἀπὸ
2631 2730 2888 2808 ὄνυχος·
2930 2728 3209 2807 ἀγκύρας

622 2831 1010 2911 ἑνςχεθείςης
1054 2831 1123 2896 ἐν
1169 2832 1345 2914 αὐτῷ
1389 2837 1519 2896 τῶν
1552 2831 1941 2911 Ἀμυκλαίων
1973 2832 2475 2910 ἀποικηςὰντων.
2534 2832 2992 2911 Δυρράχιον
3024 2830 3210 2895 πόλις

521 2952 587 3001 25
624 2935 924 3013 Ἰλλυρικὴ
971 2934 1073 2997 καὶ
1116 2933 1493 3010 Ἐπίδαμνος
1537 2935 1831 3013 κληθεῑςα
1876 2934 2008 2998 ἀπὸ
2041 2933 2436 3012 Ἐπιδάμνου.
2499 2932 2737 2999 τούτου
2768 2932 3046 3011 θυγάτηρ
3078 2932 3208 2995 Μέ-

625 3039 825 3117 λιςςα,
874 3033 948 3112 ἧς
1005 3035 1108 3098 καὶ
1162 3037 1279 3098 τοῦ
1322 3033 1733 3099 Ποςειδῶνος
1778 3034 1816 3098 ὁ
1862 3036 2247 3114 Δυρράχιος.
2337 3034 2636 3115 (Στράβων
2691 3034 2763 3099 ἐν
2814 3034 2871 3112 η’
2915 3036 3008 3118 (p.
3052 3031 3209 3112 316)

625 3136 775 3216 φηςί
832 3136 1029 3215 «μετὰ
1083 3137 1155 3200 δὲ
1210 3137 1325 3202 τὸν
1380 3136 1727 3203 Ῥιζονικὸν
1758 3137 2002 3202 -Λίςςος
2071 3137 2198 3201 ἐςτὶ
2251 3136 2437 3200 πόλις
2504 3137 2607 3200 καὶ
2660 3120 3053 3214 Ἀκρόλιςςοξ
3105 3134 3208 3203 καὶ

626 3237 1000 3316 Ἐπίδαμνος
1050 3237 1450 3315 Κερκυραίων
1495 3238 1741 3321 κτίςμα,
1787 3240 1827 3316 ἡ
1872 3241 1990 3303 νῦν
2035 3238 2411 3316 Δυρράχιον
2456 3237 2813 3316 ὁμωνύμως
2862 3243 2937 3320 τῇ
2982 3255 3208 3315 χερρο-

624 3340 797 3421 νήςῳ
866 3339 1210 3421 λεγομένη,
1275 3340 1380 3418 ἐφ’
1440 3338 1515 3417 ἧς
1576 3340 1884 3418 ἵδρυται».
1973 3339 2420 3418 Ἐρατοςθένης
2483 3339 2540 3415 γ’
2602 3338 3206 3417 γεωγραφουμένων

524 3459 592 3509 30
628 3440 964 3519 «ἐχόμενοι
1030 3440 1086 3504 δ’
1152 3439 1390 3504 οἰκοῡςι
1453 3441 1850 3507 Ταυλάντιοι.
1950 3441 2135 3504 πόλις
2201 3441 2272 3504 δὲ
2325 3440 2608 3518 Ἑλληνὶς
2665 3439 3040 3517 Ἐπίδαμνος
3105 3438 3206 3500 ἐπὶ

627 3543 1021 3620 χερρονήςου
1064 3544 1176 3617 τῆς
1221 3542 1617 3621 καλουμένης
1662 3542 2051 3621 Δυρραχίου.
2110 3542 2388 3621 ποταμοὶ
2432 3542 2503 3604 δὲ
2533 3541 2796 3619 Δρίλων
2840 3540 2944 3604 καὶ
2989 3539 3208 3624 Ἀῷος,

627 3643 772 3721 περὶ
827 3644 940 3706 οὓς
996 3641 1059 3706 οἱ
1108 3642 1361 3723 Κάδμου
1417 3644 1527 3719 καὶ
1562 3644 1898 3723 Ἁρμονίας
1940 3644 2139 3723 τάφοι
2194 3644 2607 3708 δείκνυνται».
2697 3643 2863 3718 λέγει
2916 3643 2987 3704 δὲ
3032 3640 3209 3704 Παυ-

628 3743 841 3808 ςανίας
886 3741 940 3815 ς’
983 3745 1067 3825 (e.
1105 3744 1215 3825 10,
1250 3744 1318 3826 8)
1361 3745 1507 3823 περὶ
1550 3749 1660 3823 τῆς
1705 3744 1970 3823 ἀρχαίας
2015 3745 2118 3808 καὶ
2159 3748 2269 3823 τῆς
2312 3748 2446 3811 νῦν,
2475 3745 2729 3809 πόλεως
2775 3743 2978 3807 οὕτως
3012 3742 3209 3804 «Ἐπι-

628 3845 880 3924 δάμνιοι
934 3847 1048 3924 μὲν
1104 3849 1323 3925 χώραν
1377 3847 1581 3925 ἥνπερ
1637 3847 1739 3909 καὶ
1783 3845 1849 3912 ἐξ
1894 3846 2125 3929 ἀρχῆς,
2180 3847 2371 3910 πόλιν
2426 3848 2498 3909 δὲ
2547 3846 2748 3922 αὐτὴν
2791 3842 3059 3921 ἀρχαίαν
3104 3842 3212 3905 ἐπὶ

525 3965 590 4015 35
625 3948 804 4027 ἡμῶν
851 3947 1134 4030 ἔχουςιν,
1191 3947 1433 4027 ἐκείνης
1489 3948 1545 4011 δ’
1590 3946 2019 4028 ἀφεςτηκυῑαν
2076 3947 2317 4023 ὀλίγον.
2406 3947 2615 4026 ὄνομα
2670 3947 2740 4009 δὲ
2783 3950 2860 4027 τῇ
2903 3945 3090 4039 πόλει
3134 3949 3206 4024 τῇ

626 4054 744 4117 νῦν
789 4048 1163 4129 Δυρράχιον
1221 4049 1353 4114 ἀπὸ
1407 4053 1525 4113 τοῦ
1580 4049 1855 4114 οἰκιςτοῦ
1871 4074 1917 4114 ».
2005 4049 2420 4127 Ἀλέξανδρος
2474 4049 2546 4113 δὲ
2601 4046 2670 4110 ἐν
2725 4045 3002 4129 Εὐρώπῃ
3056 4043 3201 4123 μετὰ

761 4377 797 4427 1.
826 4380 884 4427 11
925 4373 1183 4429 λεόντιον
1220 4402 1284 4413 -—-
1318 4372 1613 4439 γερόντιον
1651 4391 1716 4426 ex
1740 4374 1987 4438 Theogn.
2016 4377 2128 4431 123,
2153 4377 2185 4425 3
2222 4373 2412 4423 addito
2449 4388 2516 4422 ex
2553 4371 2632 4421 St,
2661 4372 2725 4424 B.
2764 4370 2980 4436 proprio
3015 4363 3198 4417 Ἀκόν·

627 4458 767 4507 τιον,
807 4444 1209 4496 Μεταπόντιον
1248 4461 1312 4494 ex
1349 4444 1595 4509 Theogn.
1633 4449 1691 4493 et
1729 4444 1810 4494 St.
1843 4444 1922 4505 Β.,
1963 4440 2254 4506 Ἱερόντιον
2291 4442 2557 4505 Theogu.‚
2594 4438 2953 4490 Δυςπόντιον
2991 4463 3046 4470 -
3088 4431 3206 4485 Μα·

631 4511 855 4575 μέρτιον
894 4515 973 4563 St.
1004 4512 1089 4573 B.‚
1127 4510 1448 4575 Λαφύςτιον
1483 4512 1728 4576 Theogn.
1758 4513 1880 4571 125,
1925 4514 2001 4560 14.
2109 4511 2142 4560 Ι.
2171 4513 2233 4560 19
2270 4524 2445 4558 canon
2482 4511 2730 4570 sumptus
2765 4514 2851 4556 est
2877 4521 2944 4556 ex
2969 4504 3212 4567 Theogn.

634 4581 746 4640 126,
783 4583 866 4634 30.
1005 4580 1038 4629 l.
1075 4583 1141 4630 23
1177 4578 1405 4642 ὀνύχιον
1445 4595 1513 4629 ex
1550 4579 1798 4641 Theogn.
1842 4581 1964 4641 126,
2003 4581 2091 4640 22,
2145 4575 2403 4638 Ὀνύχιον
2441 4590 2506 4624 ex
2545 4576 2626 4625 St.
2665 4576 2752 4631 B..
2791 4571 3110 4636 Δυρράχιον
3147 4584 3212 4618 ex

632 4648 712 4696 St.
752 4647 812 4699 B.
860 4653 917 4696 et
961 4662 1101 4713 quae
1147 4646 1213 4697 de
1260 4648 1565 4697 mutatione
1610 4647 1765 4695 vocis
1800 4643 2114 4710 Δυςράχιον
2157 4646 2212 4695 in
2250 4641 2566 4707 Δυρράχιον
2616 4643 2898 4709 proposita
2943 4644 3102 4697 sunt,-
3142 4650 3208 4683 ex

630 4714 888 4763 Eustath.
924 4715 995 4764 ad
1030 4714 1261 4779 Dionys,
1299 4716 1417 4778 389,
1454 4713 1668 4777 reliqua
1705 4714 1886 4763 omnia
1922 4730 1987 4764 ex
2027 4716 2106 4765 St.
2143 4715 2207 4767 B.
