3664 5546
593 308 723 372 364
1527 306 1609 359 εκ
1646 305 1785 358 mn
1829 303 2237 359 ΗΡΩΔιΑΝοΥ

597 478 782 542 λέςαι.
871 476 976 541 διὰ
1031 475 1150 540 οὖν
1209 476 1320 541 τὰς
1378 475 1629 541 εἰκόνας
1676 475 1813 540 ἐκεῖ
1868 479 2296 555 διαγραφῆναι
2354 476 2616 541 Ἰκόνιον
2670 478 2993 555 κληθῆναι.
3080 478 3183 540 καὶ

596 580 722 644 ἔδει
770 578 875 643 διὰ
920 579 1294 658 διφθόγγου.
1381 579 1925 657 Πελεθρόνιον
1981 576 2137 656 ὄρος
2190 578 2549 642 Θετταλίας.
2636 578 3182 656 Παραιτόνιον

594 681 779 745 πόλις
810 681 1091 759 πληςίον
1123 680 1627 761 Ἀλεξανδρείας,
1672 681 1750 757 ἣν
1783 679 2139 758 Ἀμμωνίαν
2183 682 2461 744 καλοῦςι.
2525 678 2950 744 Λινδόνιον
2994 679 3183 744 πόλις

596 786 706 859 τῆς
763 782 1155 859 Βρεττανίας.
1254 780 1711 857 Φλυγόνιον
1779 780 1966 845 πόλις
2024 780 2330 846 Φωκίδος.
2433 781 2683 855 λέγεται
2739 782 2842 844 καὶ
2894 784 3183 859 θηλυκῶς

534 895 566 945 5
597 883 940 958 Φλυγονία.
1029 883 1505 961 Ἀργύννιον.
1580 881 2037 961 Ἀριςτοφάνης
2093 884 2164 946 δὲ
2221 881 2588 972 Ἀργύνειον
2647 880 2751 945 διὰ
2803 882 3181 962 διφθόγγου.

596 984 962 1048 Βιθύνιον
1010 984 1195 1048 πόλις
1242 984 1548 1048 Βιθυνίας.
1635 982 2001 1048 Παυςανίας
2045 982 2263 1066 ὀγδόῳ
2309 981 2400 1065 (9,
2435 983 2516 1064 7).
2573 983 2980 1062 Ἑρκύνιον
3025 983 3182 1061 ὄρος

595 1084 883 1168 Ἰταλίας,
931 1085 1046 1165 ἀφ’
1090 1083 1170 1147 οὗ
1203 1083 1478 1162 Ἑρκυνίς
1522 1085 1561 1165 ἡ
1592 1085 1771 1162 χώρα
1805 1086 1907 1148 καὶ
1937 1084 2257 1163 Ἑρκύνιος
2289 1086 2364 1149 τὸ
2397 1085 2704 1163 κτητικόν.
2766 1085 3181 1162 Ἀλέξανδρος

524 1237 537 1248 .
594 1185 884 1269 Εὐρώπῃ.
969 1186 1378 1263 Ἀρδύνιον
1423 1186 1610 1250 πόλις
1655 1185 1726 1250 ἐν
1758 1185 1971 1266 Θήβης
2013 1186 2248 1269 πεδίῳ,
2296 1186 2386 1250 ὡς
2429 1186 2688 1251 Ξάνθος
2734 1187 2804 1251 ἐν
2849 1188 3182 1252 Λυδιακῶν

595 1288 891 1370 δευτέρῳ.
997 1288 1420 1370 παιώνιον,
1487 1289 1935 1369 κωδώνιον,
1997 1288 2423 1370 χελώνιον,
2490 1287 2886 1369 ὀψώνιον,
2953 1286 3179 1366 χιτώ-

496 1399 560 1450 10
596 1409 802 1470 νιον,
877 1389 1328 1470 τριβώνιον,
1404 1390 1862 1471 πωγώνιον,
1933 1389 2436 1471 Πλατώνιον,
2502 1386 2921 1453 Ἱππώνιον
2994 1387 3179 1452 πόλις

597 1490 941 1572 Βρεττίων,
987 1489 1118 1554 ἀπὸ
1148 1490 1379 1568 ἥρωος.
1425 1491 1966 1555 Ἀςκαλώνιον.
2026 1491 2129 1554 καὶ
2158 1490 2364 1555 οὕτως
2397 1490 2644 1566 λέγεται
2683 1490 2721 1568 ἡ
2753 1491 2939 1556 πόλις
2971 1490 3180 1554 Ἀςκά-

596 1595 745 1655 λων.
811 1592 1272 1656 Πανιώνιον
1317 1592 1580 1670 τέμενος
1624 1593 1724 1656 καὶ
1767 1591 1955 1656 πόλις
1999 1592 2069 1656 ἐν
2113 1598 2190 1675 τῇ
2234 1591 2514 1676 παραλίᾳ
2558 1597 2689 1657 τῶν
2735 1591 3038 1671 Ἐφεςίων
3081 1592 3184 1653 καὶ

596 1692 860 1773 (αμίων.
910 1693 1427 1768 Μεταγώνιον
1474 1693 1659 1757 πόλις
1689 1693 1936 1772 Λιβύης.
1982 1692 2305 1757 Ἑκαταῖος
2351 1694 2534 1776 Ἀςίᾳ.
2581 1697 2871 1772 θηλυκῶς
2915 1693 2986 1756 δὲ
3028 1692 3180 1755 ταύ-

594 1815 710 1872 την
755 1793 924 1873 φαςί.
1000 1795 1496 1874 Θεμιςώνιον
1542 1794 1781 1873 χωρίον
1826 1794 2119 1872 Φρυγίας.
2167 1795 2640 1874 Ἀρτεμίδωρος.
2707 1795 3180 1873 Λαμπώνιον

497 1905 556 1956 15
594 1896 781 1960 πόλις
811 1895 1134 1977 Τρῳάδος.
1191 1895 1576 1977 Ἑλλάνικος,
1620 1894 1944 1959 Ἑκαταῖος
1989 1897 2062 1960 δὲ
2105 1896 2274 1979 Ἀςίᾳ
2303 1896 2726 1976 Λαμπώνειαν
2771 1895 2972 1973 αὐτήν
3012 1916 3178 1975 φηςι.

595 1996 1007 2075 Θηγώνιον
1069 1997 1256 2062 πόλις
1301 1997 1654 2063 Θεςςαλίας.
1744 1995 2108 2086 τΕκλλάνικος
2165 1998 2387 2081 πρώτῃ
2431 1996 2964 2062 Δευκαλιωνείας.
3041 1997 3177 2060 Κυ-

592 2098 881 2162 τώνιον
925 2083 1114 2164 πόλις
1145 2099 1374 2178 μεταξὺ
1411 2098 1650 2163 Μυςίας
1680 2098 1782 2162 καὶ
1810 2098 2057 2163 Λυδίας.
2104 2097 2495 2177 Θεόπομπος
2523 2098 2905 2177 Ἑλληνικῶν
2940 2098 3173 2180 ὀγδόῳ.

590 2200 1109 2278 Πολεμώνιον
1165 2200 1235 2266 ἐν
1279 2200 1518 2283 Πόντῳ
1575 2200 1759 2279 λιμὴν
1805 2199 1908 2263 καὶ
1951 2198 2155 2263 πόλις.
2241 2199 2730 2264 Ποπλώνιον
2788 2200 2974 2264 πόλις
3018 2200 3175 2277 Τυρ-

595 2307 827 2379 ρηνῶν.
918 2300 1399 2379 (Σκιρτώνιον
1444 2302 1632 2366 πόλις
1676 2300 2035 2382 Ἀρκαδίας,
2096 2300 2186 2365 ὡς
2228 2300 2594 2366 Παυςανίας
2650 2300 2870 2384 ὀγδόῳ
2913 2300 3045 2383 (27,
3090 2301 3176 2382 4).

490 2414 559 2464 20
591 2403 913 2481 Ταρχών
932 2423 1052 2467 ιον
1085 2400 1270 2467 πόλις
1300 2403 1681 2484 Τυρρηνίας,
1712 2401 1844 2466 ἀπὸ
1875 2401 2180 2481 Τηλέφου
2211 2404 2441 2466 παιδὸς
2471 2402 2834 2481 Τάρχωνος.
2883 2400 3176 2480 Τιθρώ-

594 2524 769 2569 νιον
814 2504 1064 2587 Φωκικὴ
1095 2503 1297 2569 πόλις.
1343 2504 1736 2583 Τιμώνιον
1767 2502 1952 2567 πόλις
1981 2503 2467 2582 Παφλαγονίας.
2514 2504 2952 2582 Τριχώνιον
2995 2503 3178 2567 πόλις

472 2687 485 2698 „
592 2604 913 2668 Αἰτωλίας.
962 2604 1397 2682 Γερούνιον
1442 2607 1629 2669 πόλις
1674 2605 1948 2669 Ἰταλίας.
1997 2603 2400 2683 Ἐλύμνιον
2446 2608 2635 2684 νῆςος
2678 2604 2944 2684 Εὐβοίας
2988 2604 3176 2669 πόλιν

593 2707 844 2786 ἔχουςα.
934 2706 1181 2784 λέγεται
1225 2707 1328 2770 καὶ
1370 2706 1677 2786 Ἐλυμνία.

760 2829 799 2864 ⁹⁶
848 2807 942 2873 Τὰ
995 2807 1083 2872 εἰς
1139 2812 1242 2872 ὢν
1293 2796 1327 2875 ἒ
1383 2810 1421 2886 ἢ
1467 2813 1515 2872 ff
1557 2807 2056 2888 παραληγόμενα
2101 2807 2412 2887 οὐδέτερα
2459 2809 2620 2887 ὑπὲρ
2664 2812 2834 2887 τρεῖς
2866 2809 3180 2888 ςυλλαβὰς

490 2922 556 2972 25
592 2911 1179 2992 προπαροξύνεται,
1227 2908 1650 2989 Ἀμφὰξιον
1695 2910 1899 2973 πόλις.
1988 2910 2108 2973 δύο
2155 2909 2310 2989 μέρη
2365 2909 2581 2985 λόγου.
2670 2910 3178 2989 Ὑπερδέξιον

593 3014 833 3092 χωρίον
877 3013 1150 3093 Λέςβου,
1196 3011 1267 3075 ἐν
1313 3010 1366 3092 ᾧ
1413 3010 1578 3075 Ζεὺς
1623 3010 2030 3088 Ὑπερδέξιος
2076 3013 2177 3075 καὶ
2219 3010 2594 3089 Ὑπερδεξία
2666 3010 2912 3089 Ἀθηνᾶ.
2979 3011 3178 3089 ἐρεί-

593 3134 794 3178 πιον.
841 3114 943 3177 καὶ
988 3113 1155 3188 λέγει
1199 3113 1237 3176 ὁ
1282 3112 1589 3194 Δίδυμος,
1636 3110 1733 3175 ὅτι
1777 3112 1854 3175 τό
1899 3110 2098 3190 ἐρίπω
2144 3112 2245 3176 καὶ
2290 3112 2498 3190 ἑρίπια
2544 3112 2648 3176 διὰ
2688 3116 2806 3177 τοῦ
2861 3114 2890 3174 ι’
2937 3112 3178 3191 ὤφειλε

592 3214 975 3295 γράφεςθαι,
1033 3214 1249 3297 ἐπειδὴ
1305 3214 1480 3291 παρὰ
1534 3214 1609 3277 τὸ
1655 3213 1878 3292 ἐρίπνη
1924 3212 2119 3293 ἐςτίν,
2178 3212 2339 3291 ὅπερ
2394 3213 2672 3292 ςημαίνει
2725 3214 2841 3291 τὴν
2885 3213 3180 3292 μεγάλως

593 3314 1119 3399 περιπνεομένην.
1207 3316 1282 3379 τὸ
1338 3316 1408 3378 δὲ
1464 3313 1687 3393 ἑρίπνη
1732 3314 1837 3377 διὰ
1881 3317 1999 3378 τοῦ
2041 3316 2075 3375 ῖ
2128 3315 2304 3391 παρὰ
2347 3315 2461 3392 τὴν
2518 3314 2611 3392 ἑρί
2657 3315 2953 3378 ἐπίταςιν.
3026 3312 3064 3377 ὁ
3108 3315 3219 3404 δὲ(

492 3425 559 3477 30
594 3417 941 3482 Φιλόξενος
988 3415 1191 3497 λέγει,
1248 3413 1345 3478 ὅτι
1377 3415 1575 3493 ἑρίπω
1620 3416 1724 3480 διὰ
1768 3419 1884 3479 τοῦ
1930 3418 1962 3478 ’ἰ
2006 3414 2318 3497 ὤφειλεν,
2367 3416 2457 3480 ῶς
2488 3417 2590 3480 καὶ
2617 3416 2920 3493 Δίδυμος.
2978 3414 3179 3478 εἰπὼν

594 3520 666 3582 δὲ
733 3517 1096 3596 «ὤφειλεν»
1162 3517 1481 3595 ἐδήλωςεν
1553 3516 1633 3580 οὐ
1697 3516 1803 3580 διὰ
1861 3519 1978 3580 τοῦ
2022 3517 2057 3578 ῖ
2109 3514 2488 3598 γράφεςθαι,
2555 3516 2720 3581 ἀλλὰ
2787 3516 2891 3581 διὰ
2954 3519 3068 3592 τῆς
3124 3519 3177 3577 ξι

595 3604 968 3698 διφθόγγου.
1058 3617 1264 3681 οὕτως
1322 3618 1444 3695 γὰρ
1500 3618 1630 3697 ἔχει
1686 3618 1724 3696 ἡ
1781 3617 2148 3694 παράδοςις.
2236 3616 2361 3681 ἔςτι
2418 3618 2488 3681 δὲ
2544 3619 2651 3682 καὶ
2704 3616 2834 3681 ἀπὸ
2889 3620 3006 3681 τοῦ
3061 3615 3177 3693 ἔρα

595 3720 632 3798 ἡ
688 3722 767 3795 γῆ
823 3719 1070 3797 έρέπτω
1126 3720 1227 3782 καὶ
1279 3722 1660 3800 πλεοναςμῷ
1725 3723 1844 3783 τοῦ
1899 3722 1928 3780 ῑ
1996 3719 2096 3782 καὶ
2161 3718 2455 3800 ἀποβολῇ
2519 3722 2636 3782 τοῦ
2679 3721 2716 3782 ῖ·
2780 3718 3012 3795 ἑρείπω
3076 3717 3179 3797 καὶ

594 3820 853 3898 ἐρείπια.
942 3820 1288 3886 ἐνώπιον
1342 3822 1418 3885 τὸ
1464 3806 1659 3884 ἔνδον
1704 3826 1836 3884 τῶν
1882 3824 2129 3902 θυρῶν,
2184 3820 2651 3896 προνώπιον
2702 3819 2778 3883 τὸ
2823 3818 3178 3897 ἔμπροςθεν

493 3932 557 3983 35
594 3925 724 3987 τῶν
781 3924 997 4000 θυρῶν
1051 3922 1208 3987 ἔνθα
1261 3922 1326 4012 αἱ
1385 3921 1626 3985 εἰκόνες
1689 3922 1993 4002 τίθενται,
2059 3920 2548 4002 ἀνθρώπιον,
2614 3920 3034 3999 παρώπιον
3101 3918 3198 3982 τὸ.

594 4191 977 4257 Πελεθρόνιον
1014 4219 1078 4227 —--
1119 4190 1406 4256 Ἀρδύνιον
1452 4194 1682 4257 apposui
1728 4209 1795 4242 ex
1842 4192 1922 4242 st.
1963 4193 2023 4241 Β.
2057 4217 2124 4228 -
2167 4191 2203 4241 1.
2241 4194 2272 4242 9
2318 4189 2601 4252 ταγώνιον
2647 4208 2734 4256 ap.
2774 4192 3020 4255 Theogn.
3064 4204 3175 4239 cor-

595 4266 811 4325 ruptum
857 4260 1074 4311 videtur
1120 4276 1185 4310 ex
1231 4257 1633 4321 Μεταγώνιον,
1692 4260 1834 4324 quod
1883 4265 2073 4324 postea
2118 4276 2186 4309 ex
2230 4258 2312 4311 St.
2359 4260 2420 4311 B.
2467 4258 2699 4324 protuli,
2751 4274 2849 4324 pro
2895 4255 3178 4308 πετώνιον

595 4329 793 4446 {351252
811 4325 2099 4460 essfflfflivjffe’ngssff031232‘3'32'20212'13‘3'01353
2137 4329 2204 4377 ²⁰
2249 4331 2721 4444 ⁰1ff¹f23¹⁹2¹2¹303250
2768 4326 2850 4444 ἒξ
2857 4323 3180 4443 'mm

514 4498 525 4507 ·
594 4481 653 4528 in
690 4479 806 4529 ξιον
842 4480 1118 4542 composui
1158 4494 1223 4527 ex
1259 4480 1573 4529 nominibus
1610 4495 1644 4527 a
1680 4479 1757 4528 St.
1784 4480 1845 4528 Β.
1883 4477 2102 4540 relatiS,
2141 4478 2207 4528 de
2246 4478 2397 4528 exitu
2434 4480 2566 4529 τῖόῦ
2592 4494 2657 4527 ex
2684 4478 2928 4542 Theogn.
2957 4478 3071 4537 126,
3099 4477 3177 4526 10.

596 4572 658 4581 -
700 4544 1019 4609 Ἀμφάξιον.
1065 4544 1165 4595 δύο
1212 4545 1350 4611 μέρη
1397 4544 1569 4607 λόγου
1624 4547 1704 4596 oie
1754 4545 2136 4611 intellegenda
2192 4546 2411 4611 opinor,
2465 4551 2527 4596 ut
2578 4545 2928 4595 Herodianus
2981 4544 3183 4592 dixerit

598 4614 813 4677 proprie
864 4611 1041 4675 Ἀμφ’
1076 4612 1263 4664 Ἀξιον
1311 4614 1415 4662 duo
1459 4613 1630 4663 verba
1677 4627 1828 4676 esse,
1883 4613 1980 4663 sed
2026 4614 2082 4661 in
2129 4629 2294 4663 unum
2341 4613 2666 4664 coalescere.
2701 4639 2768 4649 —
2804 4607 3051 4675 ἑρείπιον
3088 4625 3180 4659 ex-

598 4680 750 4742 plevi
786 4695 853 4728 ex
888 4681 951 4732 Ε.
978 4682 1050 4729 Μ.
1075 4682 1192 4739 372,
1217 4681 1301 4741 28,
1338 4681 1432 4730 ubi
1469 4680 1500 4731 ό
1539 4679 1641 4743 μὲν
1667 4679 2011 4745 Ἡρωδιανὸς
2046 4679 2135 4731 διὰ
2169 4682 2273 4744 τῆς
2307 4682 2357 4731 ἴι
2380 4679 2691 4744 διφθόγγου
2717 4679 2921 4729 collato
2945 4679 3008 4729 E.
3036 4676 3177 4727 Gud.

596 4747 715 4808 205,
754 4748 847 4809 32,
887 4746 983 4796 ubi
1019 4744 1097 4796 ὥς
1132 4759 1303 4810 φηςιν
1340 4746 1372 4796 ὁ
1408 4747 1678 4811 τεχνικός.
