3664 5546
1182 426 1343 482 περι
1385 424 1778 481 κΑοοΛικΗς
1815 423 2243 480 προςΩιΔιΑς
2283 424 2339 478 κ.
2840 391 2851 396 ’
2916 423 3046 489 525
3156 399 3161 402 ’

457 600 752 677 ποιηταῖς
796 598 902 662 διὰ
946 596 1205 675 μέτρον·
1261 595 1428 660 ἀλλὰ
1481 599 1682 661 ταῦτα
1735 596 1857 660 διὰ
1884 595 2117 676 μέτρον
2175 595 2451 680 ἐγένετο.
2537 594 2665 659 ἔςτι
2716 595 2840 673 γὰρ
2883 592 3047 658 αὐτὰ

458 700 673 778 εὑρεῖν
719 699 1101 777 ἐκτεταμένα
1143 697 1478 763 πολλάκις·
1534 698 1610 763 τὸ
1655 698 1872 776 μέντοι
1919 697 2259 775 Θρήῑκος
2303 696 2616 762 ςυςτέλλει
2660 695 2738 759 τὸ
2781 698 2834 778 ἱ,
2889 695 3045 774 ἔχον

459 800 826 877 διαλλαγὴν.
887 800 1137 875 λέγεται
1181 799 1304 876 γὰρ
1347 800 1450 863 καὶ
1492 798 1651 864 κατὰ
1696 799 2093 878 ςυναλοιφήν
2125 796 2389 883 Θρῃκός.
2447 797 2524 862 τὸ
2569 798 2640 862 δὲ
2682 796 2856 875 ἧλιξ
2902 813 3045 861 ςυν-

458 905 679 980 εξῆλθε
723 904 861 965 τοῖς
906 901 1119 979 ἔχουςι
1162 901 1239 966 τὸ
1284 889 1321 966 λ
1366 900 1496 978 πρὸ
1537 904 1654 965 τοῦ
1685 902 1735 982 ἱ,
1781 899 2129 982 χόλικος,
2175 898 2468 982 ἕλικος,
2514 899 2869 980 χόλικος,
2913 897 3044 962 κύ-

460 1007 694 1069 λικος.
782 1003 859 1066 τὸ
905 1001 1285 1080 ςύμμιγος
1328 1001 1631 1078 ςύνθετόγ
1675 1002 1818 1065 ἐςτι.
3085 1011 3119 1058 5

625 1130 665 1166 ι·
712 1102 807 1167 Τὰ
851 1102 939 1168 εἰς
983 1090 1062 1171 {J}
1112 1103 1558 1183 μονοςύλλαβα
1613 1103 1934 1167 ςυςτέλλει
1989 1103 2066 1168 τὸ
2123 1107 2193 1183 ῡ,
2258 1101 2471 1185 τρύξ,
2516 1102 2754 1184 Φρύξ,
2818 1100 3043 1182 πτύξ,

461 1206 668 1272 (roz.
746 1204 983 1283 χρόνος
1041 1203 1079 1268 ὁ
1124 1204 1320 1269 αὐτὸς
1363 1204 1468 1267 καὶ
1509 1204 1615 1268 ἐπὶ
1655 1207 1925 1281 γενικῆς.
1997 1204 2077 1268 τὰ
2120 1204 2210 1269 εἰς
2263 1191 2351 1269 ιῖἷ
2380 1203 2724 1283 διςύλλαβα
2752 1204 2855 1268 καὶ
2883 1201 3047 1267 αὐτὰ
3109 1216 3116 1224 ’

461 1307 775 1373 ςυςτέλλει
821 1305 898 1370 τὸ
944 1311 1015 1388 fi,
1060 1306 1366 1385 φυλάττει
1409 1306 1624 1383 μέντοι
1655 1307 1731 1370 τὸ
1775 1311 1814 1370 ῦ
1861 1304 2393 1388 ςυνεςταλμένον,
2439 1304 2637 1369 ὁπότε
2679 1304 2757 1369 τὸ
2802 1308 2841 1384 χ
2884 1304 2924 1381 ἢ
2968 1304 3045 1368 τὸ

459 1412 500 1485 Ῠ
541 1409 648 1473 ἐπὶ
689 1410 942 1484 γενικῆς
987 1406 1150 1489 ἔχει,
1200 1405 1615 1489 ςτόνυχος,
1662 1405 1986 1489 ὄνυχος,
2032 1406 2404 1489 ὄρτυγος,
2460 1406 2781 1487 ἤλυγος,
2837 1405 3044 1472 δίζυ·

459 1530 634 1592 γος,
665 1508 1057 1590 φάρυγος,
1089 1506 1164 1570 τὸ
1196 1508 1268 1572 δὲ
1298 1508 1688 1583 κόκκυγος
1718 1509 2116 1573 ςυςτέλλουςι
2147 1509 2251 1573 καὶ
2281 1507 2681 1573 ἐκτείνουςιν.
2745 1506 2801 1571 εἰ
2830 1506 3044 1586 μέντοι
3084 1516 3149 1568 10

460 1611 567 1675 διὰ
609 1613 727 1675 τοῦ
770 1612 807 1672 ι’(
849 1610 888 1687 ἡ
933 1608 1122 1673 κλίςις
1167 1608 1474 1690 ὑπάρχοι,
1519 1615 1608 1692 πῇ
1654 1612 1768 1688 μὲν
1813 1609 2122 1690 φυλάττει
2164 1610 2240 1674 τὸ
2283 1613 2325 1673 ὖ
2368 1607 2902 1691 ςυνεςταλμένον,
2955 1612 3046 1692 πῆ

461 1714 532 1776 δὲ
577 1710 851 1775 ἐκτείνει.
937 1711 1255 1788 Ἔρυκος
1297 1711 1422 1787 γὰρ
1467 1712 1980 1789 ςυνεςταλμένως
2034 1711 2134 1775 καὶ
2190 1710 2566 1793 ἄμβυκος,
2616 1710 3045 1791 Βέβρυκος,

461 1814 829 1894 κάλυκος,
878 1813 1255 1894 Γάνυκος,
1286 1810 1602 1901 ,ἴβυκος,
1648 1810 2078 1891 ἐκτεταμένως
2106 1814 2177 1877 δὲ
2224 1812 2651 1894 βόμβυκος,
2688 1810 3045 1891 αἴθυκος,

462 1916 814 1993 κήρυκος.
902 1915 979 1978 τὸ
1027 1914 1286 1992 «κήρυκι
1333 1912 1677 1996 Ἠπυτίδῃ»
1725 1912 1801 1996 (Ρ
1845 1913 1999 1995 324)
2044 1914 2149 1978 διὰ
2192 1915 2426 1994 μέτρον
2481 1914 2673 1994 φαςὶν
2727 1913 2898 1992 ἔχειν
2942 1933 3046 1977 ςυ-

461 2016 710 2093 ςτολήν.
798 2015 879 2079 τὰ
923 2016 1138 2093 μέντοι
1195 2014 1285 2079 εἰς
1325 2002 1402 2080 U}
1446 2014 1609 2092 ὑπὲρ
1647 2015 1773 2079 δύο
1819 2016 2141 2095 ςυλλαβὰο
2175 2016 2317 2093 ἤτοι
2347 2015 2615 2081 ςύνθετα
2656 2016 2695 2093 ἢ
2740 2015 2845 2080 καὶ
2872 2013 3047 2079 ἁπλᾶ
3085 2022 3148 2074 15

459 2115 791 2194 πρόδηλον
835 2114 968 2194 ἔχει
1010 2116 1128 2181 τὸν
1170 2116 1432 2194 χρόνον.

630 2237 666 2272 κ
715 2216 808 2281 Τὰ
852 2216 940 2282 εἰς
984 2222 1080 2295 ιῑῷ
1127 2218 1288 2296 ὑπὲρ
1333 2218 1481 2297 μίαν
1510 2218 1828 2298 ςυλλαβὴν
1861 2238 2074 2299 φαμεν
2106 2219 2463 2283 ςυςτέλλειν
2490 2218 2567 2283 τὸ
2611 2221 2684 2300 ἆ,
2732 2219 3045 2296 λαῖλαψ.

463 2318 532 2382 ἐν
579 2318 652 2381 δὲ
695 2318 1201 2399 μονοςυλλάβοις
1243 2317 1321 2382 τὸ
1366 2319 1575 2399 δράψ
1622 2319 1961 2408 ἐκτείνεται
2017 2318 2308 2400 κείμενον
2359 2320 2537 2399 παρὰ
2578 2319 3048 2399 Ἀριςτοφάνει·

461 2420 564 2483 καὶ
617 2418 693 2483 τὸ
750 2418 908 2498 λάψ
963 2420 1141 2498 παρὰ
1197 2419 1625 2498 Ταραντίνοις.
1711 2421 1752 2499 ἡ
1809 2422 1882 2486 δέ
1935 2440 1975 2496 γ
1989 2421 2148 2500 ράψ
2202 2422 2307 2486 καὶ
2360 2421 2530 2502 φάψ
2576 2424 2830 2505 θηλυκῷ
2876 2420 3047 2496 γένει

462 2519 961 2600 κατακλειόμενα
1005 2522 1417 2586 ςυςτέλλεται.
3081 2526 3149 2579 20

628 2642 667 2676 a*
715 2620 811 2685 Τὰ
853 2621 943 2687 εἰς
986 2624 1068 2701 ῖῷ
1111 2622 1560 2703 μονοςύλλαβα
1603 2622 1972 2707 ἐκτείνεται,
2019 2623 2255 2704 ὁμοίως
2299 2623 2415 2716 καὶ,
2445 2623 2548 2688 ἐπὶ
2601 2625 2871 2701 γενικῆς.
2945 2623 3046 2686 διὸ

463 2723 500 2803 ἡ
557 2722 794 2805 λιβός.
832 2726 1048 2804 γενικὴ
1105 2724 1469 2806 ςημειώδης.
1555 2722 1635 2789 τὰ
1689 2725 1761 2790 δὲ
1828 2726 1989 2805 ὑπὲρ
2046 2724 2194 2806 μίαν
2256 2726 2571 2806 ςυλλαβὴν
2637 2725 3050 2791 ςυςτέλλεται.

415 2881 434 2888 -
462 2827 714 2891 θέλουςι
771 2827 843 2890 δὲ
898 2826 1287 2906 πεδότριψ
1345 2826 1676 2907 ἐκτείνειν
1731 2828 2144 2908 πλανώμενοι
2200 2828 2269 2892 ἐκ
2321 2831 2439 2892 τοῦ
2493 2828 2653 2905 παρ’
2697 2827 3047 2910 Ἀρχιλόχῳ

466 2925 745 3005 «ἄνδρας
789 2926 1225 3009 ἀμφιτρίβας».

629 3055 667 3090 ιι
714 3029 809 3093 Τὰ
852 3028 942 3094 εἰς
986 3050 1063 3093 ας
1119 3031 1570 3109 περιςπώμενα
1623 3030 1984 3107 ἀναγκαίως
2034 3030 2167 3110 ἔχει
2220 3030 2296 3096 τὸ
2341 3050 2383 3093 α
2439 3031 2712 3113 μακρόν,
2768 3028 3047 3111 ἀλλᾶς,
3084 3039 3149 3089 ‘25

463 3129 713 3208 (,Ηρᾶς
762 3131 1096 3214 Βορρᾶς,
1141 3134 1489 3197 πελεκᾶς.

631 3231 725 3295 Τὰ
775 3231 865 3296 εἰς
917 3252 993 3296 ας
1037 3231 1332 3311 ἀρςενικὰ
1378 3232 1702 3312 βαρυτονα
1744 3233 1873 3299 εἴτε
1918 3233 2206 3313 ὀνόματα
2247 3232 2374 3299 εἴτε
2412 3235 2683 3321 μετοχαὶ
2734 3231 3048 3298 ἐκτείνον-

462 3352 619 3415 ται,
671 3330 885 3415 Αἴας,
944 3334 1179 3415 Θόας,
1236 3332 1535 3416 Δρύας,
1592 3333 1937 3417 Αἰνείας,
1995 3335 2248 3417 λέξας,
2301 3336 2641 3417 γράψας,
2698 3334 3047 3411 ποιήςας.

464 3433 863 3512 ςεςημείωται
916 3435 992 3497 τὸ
1048 3434 1285 3514 μέγας
1340 3433 1634 3500 ἐπίθετον
1687 3437 1792 3500 καὶ
1843 3435 1921 3501 τὸ
1970 3438 2198 3501 «λᾶας
2242 3434 2546 3514 ἀναιδής»
2602 3437 2668 3518 (λ
2711 3434 2884 3515 598).
2971 3435 3047 3498 τὸ

466 3534 693 3612 «δουρὶ
735 3536 806 3599 δὲ
851 3539 1052 3619 ξυςτῷ
1097 3536 1371 3615 μέμηνεν
1416 3533 1642 3600 Αἶας»
1689 3536 2086 3619 (Alemanis)
2117 3538 2220 3602 καὶ
2262 3536 2378 3602 ὅςα
2405 3541 2670 3602 τοιαῦτα
2712 3537 2872 3601 κατὰ
2915 3535 3047 3600 διά·
3084 3543 3152 3596 30

467 3636 724 3717 λεκτον,
773 3638 1046 3712 «δῆςας
1090 3635 1590 3721 ἀλυκτοπέδῃςι»
1638 3635 1955 3722 (Theogn.
1999 3636 2169 3720 521).
2900 3660 2903 3663 ·

633 3734 726 3798 Τὰ
766 3735 854 3800 εἰς
901 3741 984 3802 ‘isc
1029 3737 1333 3820 ὀξύτονα,
1388 3737 1442 3802 εἰ
1487 3738 1602 3817 μὲν
1647 3736 1748 3817 εἴη
1790 3739 2106 3820 ὀνόματα,
2163 3741 2637 3823 ςυςτέλλονται,
2695 3739 2748 3804 εἰ
2792 3740 2864 3803 δὲ
2909 3758 3048 3816 μετ-

464 3835 638 3914 οχαί,
696 3836 1115 3921 ἐκτείνονται,
1175 3839 1467 3921 Ἀρκάς,
1536 3841 1821 3924 φυγάς,
1890 3841 2111 3924 ἐθάς,
2164 3841 2679 3923 πολυδειράς,
2748 3841 3049 3922 κιχράς,

462 3937 708 4021 ἱςτάς,
752 3941 1127 4023 πιμπράς,
1175 3941 1409 4021 βιβάς.
1483 3943 1884 4020 ςεςημείωται
1929 3942 2005 4006 τὸ
2049 3942 2227 4023 ἱμάς
2270 3945 2374 4008 καὶ
2416 3942 2746 4021 ἀνδριάς
2788 3943 2890 4004 καὶ
2934 3940 3051 4004 ὅςα

355 4092 362 4097 .
461 4039 637 4116 παρὰ
679 4041 754 4103 τὸ
800 4041 1131 4124 κέκραμαι,
1178 4042 1528 4123 ἰςοκράς,
1574 4043 1914 4122 ἁλικράς.
3086 4052 3151 4102 35

631 4142 724 4205 Τὰ
768 4141 858 4224 εἰς
903 4147 959 4207 ιῖ
1002 4142 1127 4207 εἴτε
1173 4144 1453 4221 καθαρὸν
1499 4142 1624 4206 εἴτε
1669 4145 1750 4222 μὴ
1784 4145 2109 4224 βαρύτονα
2152 4143 2279 4209 εἴτε
2308 4143 2606 4221 ἀρςενικὰ
2651 4141 2775 4207 εἴτε
2808 4135 3048 4221 θηλυκὰ

462 4241 780 4304 ςυςτέλλει
841 4243 919 4305 τὸ
981 4246 1035 4325 ἰ,
1106 4242 1256 4320 ὄϊς,
1302 4245 1535 4325 πάϊς,
1602 4242 1797 4326 ἔρις,
1864 4245 2120 4325 Θέτις,
2188 4248 2446 4326 μῆνις,
2508 4243 2787 4326 Πάρις,
2854 4242 3048 4326 ἔχις,

598 4528 635 4578 1.
672 4530 704 4578 6
741 4527 1206 4590 Dichr.285,19.
1353 4528 1490 4580 l.17
1528 4529 1717 4580 Di.chr
1751 4528 2283 4596 286,14.1.21
2320 4528 2510 4584 Dichr.
2547 4532 2666 4595 286,
2701 4534 2755 4583 9.
2908 4532 2943 4583 l.
2983 4535 3051 4584 26

463 4597 535 4645 Di
537 4596 645 4646 chr.
683 4598 802 4658 283,
838 4598 922 4646 20.
1058 4565 1093 4650 l’,
1120 4600 1186 4647 27
1222 4596 1418 4647 Arcad.
1447 4600 1560 4653 193,
1584 4600 1632 4647 8.
1690 4597 1883 4662 Δρύας
1918 4596 2138 4662 γράψας
2174 4599 2352 4649 adieci
2390 4601 2822 4664 exDiohr.283‚
2861 4603 2940 4664 12,
2979 4617 3049 4652 ex
3086 4641 3105 4647 -

464 4663 654 4714 eodem
697 4664 821 4715 loco
857 4664 930 4713 ad
967 4661 1136 4726 μέγα(
1180 4663 1371 4713 addidi
1415 4661 1679 4715 ἐπίθετον
1724 4674 1781 4716 et
1823 4682 1921 4731 pro
1966 4667 2103 4717 λᾶας
2140 4667 2310 4732 ,posui
2356 4665 2531 4717 locum
2566 4667 2942 4731 Homericum,
2976 4667 3048 4719 τὸ

464 4730 524 4780 δὲ
559 4729 715 4795 δουρί
749 4746 922 4797 neque
969 4732 1042 4781 ad
1083 4732 1244 4782 finem
1292 4747 1360 4781 ex
1395 4732 1582 4786 Dichr.
1617 4735 1868 4798 apposui.
2075 4733 2110 4785 Ι.
2146 4736 2212 4785 32
2246 4733 3049 4799 Ατο.193,11,πολυδειράε

465 4799 654 4847 addidi
687 4815 756 4849 ex
779 4799 1111 4861 Diohr.283,
1137 4802 1218 4863 18,
1245 4798 1397 4863 βιβάς
1424 4815 1493 4849 ex
1517 4800 1700 4850 Dichr.
1725 4803 1843 4861 291,
1872 4805 1918 4852 1.
2059 4801 2095 4855 l.
2118 4804 2184 4853 36
2218 4802 2344 4853 Arc.
2370 4804 2484 4861 196,
2508 4807 2559 4865 4,
2586 4800 2701 4855 εἴτε
2726 4810 2855 4854 ante
2880 4805 3049 4855 καθα-

465 4863 569 4926 ρὸν
592 4870 650 4914 et
673 4872 787 4916 tum
822 4864 938 4918 εἴτε
967 4866 1085 4930 μὴ
1069 4884 1189 4932 ιρεε
1219 4870 1452 4932 apposui
1482 4873 1539 4919 et
1574 4875 1797 4935 propter
1824 4868 2075 4935 καθαρὸν
2102 4874 2296 4935 postea
2326 4869 2411 4921 ὄϊς
2441 4867 2572 4924 πάϊς
2600 4887 2669 4923 ex
2694 4874 2816 4924 Are.
2844 4873 2937 4936 28,
2966 4873 3048 4935 15,
