3664 5546
660 386 747 450 30
1598 382 1680 438 ΕΚ
1716 382 1857 437 ΤΩΝ
1899 381 2307 436 ΗΡΩΔΙΑΝΟΥ

658 560 1064 639 περιςπᾶται,
1109 555 1521 639 Ἱπποκῶν,
1553 554 1908 637 Λαοκῶν,
1945 555 2378 635 Καλλικῶν,
2408 553 2723 632 Δηϊκῶν
2764 549 2803 615 6
2835 549 3240 631 Ἠρακλέους,

658 659 1095 738 Ἀθηνακῶν
1140 658 1179 722 ὁ
1223 657 1303 722 τὰ
1348 657 1747 741 Εαμοθρᾴκια
1788 657 2062 736 γράψας.
2137 657 2215 720 τὰ
2260 656 2477 735 μέντοι
2523 656 2603 734 μὴ
2650 652 2857 719 οὕτως
2901 654 3243 733 κλινόμενα

654 763 758 825 καὶ
800 760 1299 841 παραληγόμενα
1340 766 1432 845 τῷ
1477 763 1519 824 ἇ
1562 759 1884 841 ὀξύνεται,
1939 758 1998 823 εἴ
2041 757 2165 824 ἑςτι
2207 758 2607 836 τοπικώτερα
2652 754 2796 821 οἷον
2842 755 3241 849 χαρακών,

654 862 1101 945 ἀνθρακών,
1167 862 1596 942 φαρμακών
1650 862 1727 927 τὸ
1784 863 2074 942 βαφεῑον.
2172 865 2431 925 τοιοῦτο
2500 861 2601 925 καὶ
2664 860 2740 923 τὸ
2809 858 3242 947 γυναικών,

592 977 626 1027 5
658 965 1001 1050 Ἑλικών,
1051 966 1139 1030 ὡς
1184 964 1468 1030 τοπικόν.
1555 964 1632 1029 τὸ
1690 964 1907 1043 μέντοι
1954 963 2343 1045 Τριάκων,
2401 962 2760 1027 ςαλάκων
2815 961 2918 1025 καὶ
2958 959 3241 1025 Αἰολο-

654 1068 883 1135 ςίκων
928 1068 1124 1145 ὑγιῶς
1168 1067 1524 1148 βαρύνεται.
1612 1065 1693 1132 οὐ
1737 1067 1860 1146 γάρ
1906 1065 2017 1130 εἰςι
2060 1066 2306 1131 τοπικά.
2924 1058 2927 1059 ’

824 1170 917 1234 Τὰ
972 1169 1060 1235 εἰς
1116 1156 1251 1236 λ-αἶν
1298 1170 1640 1250 διςύλλαβα
1697 1169 2082 1250 βαρύνονται
2140 1170 2221 1249 μὴ
2278 1166 2438 1232 ὄντα
2490 1166 2724 1231 τοπικὰ
2781 1163 2926 1230 οἷον
2982 1163 3241 1229 δόλων

654 1272 757 1337 καὶ
785 1273 1106 1354 Δόλων,
1152 1271 1446 1354 Φίλων,
1493 1272 1750 1336 Γέλων
1796 1271 1836 1335 ὁ
1865 1269 2090 1349 Αἴτνης
2137 1271 2236 1334 καὶ
2278 1269 2551 1352 Ἱμὲρου,
2595 1268 2725 1352 άφξ
2757 1266 2837 1332 οὗ
2871 1268 3027 1333 Γέλα
3056 1266 3242 1331 πόλις

657 1373 966 1458 Εικελίας,
1015 1375 1104 1439 ῶς
1132 1375 1463 1454 Πρόξενος
1508 1374 1578 1440 ἐν
1623 1374 1846 1457 πρώτῃ
1875 1377 2008 1439 τῶν
2052 1373 2200 1450 περὶ
2241 1372 2465 1450 πόρων
2497 1369 2832 1435 (ικελικῶν
2877 1370 2980 1434 καὶ
3023 1369 3239 1435 Ἑλλά-

557 1484 621 1535 10
656 1497 848 1542 νικος.
911 1477 1229 1560 Μόλων,
1273 1477 1638 1559 Πέλλων,
1685 1476 2006 1540 Χέλλων
2042 1473 2434 1553 Καλλίμαχος
2481 1473 2836 1552 «δημεχθέα
2869 1473 3241 1553 Χέλλωνα»,

655 1579 799 1643 Τέλ
816 1582 1001 1661 λων,
1067 1580 1243 1659 παρὰ
1299 1579 1599 1658 (ώφρονι
1655 1580 1731 1644 τὸ
1785 1577 2025 1660 ὄνομα,
2088 1577 2421 1642 Θάλλων
2489 1574 2698 1655 ὄνομα
2762 1575 2984 1653 κύριον
3049 1573 3242 1639 κυνὸς

653 1682 829 1760 παρὰ
882 1681 1297 1764 Ξενοφῶντι,
1343 1680 1640 1746 (ίλλων
1684 1679 2061 1760 Ἐπίχαρμος
2093 1679 2472 1761 Χορευταῖς,
2523 1678 2841 1742 Κάλλων
2886 1675 2925 1740 6
2969 1675 3242 1754 ἀθλητὴς

654 1783 813 1849 κατὰ
844 1782 1293 1863 ὑποκοριςμόν.
1355 1784 1710 1865 Βούλων,
1757 1781 1884 1863 ἀφ’
1930 1780 2009 1847 οὗ
2042 1782 2269 1855 Βοῦλις
2314 1781 2500 1846 πόλις
2531 1779 2852 1860 Φωκίδος,
2897 1778 3241 1858 Ὕβλων,

654 1886 727 1950 ὃς
783 1886 888 1950 καὶ
942 1886 1217 1969 Ὕβλος,
1281 1885 1551 1964 οἰκιςτὴς
1604 1884 1847 1965 Ὕβλης
1901 1883 2186 1965 πόλεως,
2247 1883 2543 1964 Μίλων,
2603 1882 2887 1962 Χίλων,
2944 1878 3240 1959 (όλων,

561 1995 623 2046 15
661 1987 969 2071 Μέλων,
1027 1988 1319 2066 Μήλων
1377 1987 1414 2051 6
1464 1986 1804 2069 Ἡρακλῆς,
1861 1986 2152 2067 κήλων,
2202 1984 2497 2067 Κύλων,
2540 1983 2824 2048 Πύλων
2879 1982 2954 2046 τό
2999 1981 3240 2061 κύριον,

654 2089 926 2171 τίλων,
974 2089 1266 2170 βρίλων
1305 2089 1342 2153 6
1375 2089 1702 2169 βαλανεύς.
1759 2089 1834 2153 τὸ
1867 2088 2236 2152 δὲπυλών
2268 2087 2369 2151 καὶ
2398 2086 2663 2151 αὐλών
2708 2086 2810 2150 καὶ
2854 2084 3117 2163 μυλών
3152 2084 3241 2148 ῶς

654 2192 886 2257 τοπικὰ
929 2191 1285 2259 ὀξύνονται.
1361 2190 1599 2269 ὁμοίως
1644 2191 1744 2256 καὶ
1787 2190 2062 2256 Αὐλῶν
2106 2189 2292 2254 πόλις
2336 2188 2730 2270 Λακωνικῆς,
2776 2185 2884 2265 μία
2924 2189 3057 2251 τῶν
3100 2184 3240 2249 ἑκα-

652 2293 787 2358 τόν.
875 2293 1143 2373 δευτέρα
1185 2293 1371 2358 πόλις
1417 2292 1758 2372 Ἀρκαδίας.
1829 2291 2005 2371 τρίτη
2051 2291 2236 2357 πόλις
2286 2290 2523 2370 Κρήτης
2564 2290 2604 2368 ἢ
2649 2289 2867 2354 τόπος.
2956 2287 3081 2353 ἔςτι
3139 2288 3243 2352 καὶ

652 2395 854 2459 τόπος
901 2395 1204 2475 Ἀραβίας.
1293 2376 1418 2460 ἔςτῖ
1464 2396 1566 2460 καὶ
1608 2395 1838 2460 Αὐλών
1894 2395 1972 2460 ὃν
2019 2393 2317 2458 ἐπόλιςαν
2367 2393 2827 2473 Κροτωνιᾶται,
2883 2390 3018 2468 ἥτις
3075 2389 3240 2455 ὠνο-

552 2507 621 2557 20
656 2497 855 2578 μάςθη
906 2497 1240 2563 Καυλωνία
1280 2533 1368 2544 -
1409 2498 1511 2562 καὶ
1556 2498 1826 2562 Βελών.
1867 2496 2055 2562 πόλις
2110 2497 2212 2561 καὶ
2255 2495 2543 2574 ποταμὸς
2600 2494 2672 2560 ἐν
2714 2499 2791 2577 τῇ
2838 2493 3086 2577 Βαιτίκῃ
3131 2496 3241 2571 τῆς

654 2598 979 2665 Ἱςπανίας.

826 2702 920 2767 Τὰ
983 2701 1072 2767 εἰς
1130 2687 1273 2768 λων
1341 2701 1624 2782 λήγοντα
1689 2702 1850 2781 ὑπὲρ
1913 2702 2031 2766 δύο
2099 2700 2413 2782 ςυλλαβὰς
2487 2698 2871 2781 βαρύνονται
2937 2698 3018 2777 μὴ
3083 2695 3242 2762 ὄντα

654 2806 1034 2890 περιεκτικά,
1067 2805 1450 2871 Ἀςκάλων
1482 2805 1667 2870 πόλις
1701 2804 1925 2884 copiae
1953 2806 2117 2884 πρὸς
2148 2810 2223 2887 τῇ
2256 2801 2554 2885 Ἰουδαίᾳ·
2586 2803 2845 2867 Ξάνθος
2876 2800 2946 2866 ἐν
2975 2800 3241 2884 τετάρτῃ

656 2906 985 2974 Λυδιακῶν
1033 2894 1224 2987 φηςιν
1279 2906 1377 2972 ὅτι
1424 2906 1751 2972 Τάνταλος
1796 2907 1899 2971 καὶ
1941 2907 2249 2971 Ἄςκαλος
2293 2907 2519 2968 παῖδες
2564 2903 2921 2982 Ὑμεναίου.
3007 2903 3123 2968 τὸν
3171 2903 3241 2966 δὲ

553 3021 619 3070 25
654 3009 969 3076 ’Άςκαλον
1024 3010 1152 3075 ὑπὸ
1199 3010 1495 3088 Ἀκιαμοῡ
1548 3012 1667 3074 τοῦ
1722 3008 1950 3073 Λυδῶν
2008 3008 2308 3089 βαςιλέως
2364 3005 2697 3084 αἱρεθέντα
2750 3005 3098 3085 ςτρατηγὸν
3154 3003 3241 3069 εἰς

661 3200 890 3206 .-.-..--
911 3199 1058 3206 ..ῳ-

658 3319 738 3378 10,
775 3318 802 3366 1
842 3322 1066 3382 recepta
1106 3314 1398 3369 Καλλικῶν
1435 3343 1498 3349 -
1541 3313 1872 3379 Ἀθηνακῶν
1908 3321 1966 3366 et
1998 3315 2035 3365 1.
2071 3317 2102 3364 2
2139 3319 2263 3379 post
2299 3312 2485 3366 οὕτως
2522 3315 2713 3365 addidi
2747 3311 3062 3376 κλινόμενα.

655 3383 689 3433 l.
724 3387 759 3432 4
803 3382 1120 3448 φαρμακών
1167 3400 1262 3449 pro
1298 3382 1601 3447 δαρμακών
1650 3383 1912 3434 librorum
1957 3384 2270 3432 emendavit
2315 3384 2423 3433 iam
2468 3384 2605 3436 Lob.
2652 3382 2721 3434 ad
2754 3384 2841 3434 Ai.
2886 3399 2936 3448 p.
2977 3384 3099 3446 160,
3145 3397 3240 3446 pro

657 3448 861 3502 ἑλικών
910 3453 1103 3517 scripsi
1148 3452 1422 3518 proprium
1468 3458 1691 3517 propter
1736 3448 1814 3501 ὡς
1850 3449 2105 3502 τοπικόν.
2141 3479 2207 3485 -
2245 3449 2539 3502 Caeterum
2584 3466 2759 3502 canon
2804 3467 2913 3503 non
2958 3451 3119 3515 plene
3158 3466 3238 3500 re-

655 3519 803 3570 latus
840 3525 954 3584 est,
993 3536 1116 3570 nam
1151 3520 1448 3572 verisimile
1487 3524 1574 3570 est
1616 3525 1838 3585 praeter
1863 3517 2092 3570 Ἑλικών
2117 3518 2249 3583 ὄρος
2287 3519 2567 3585 (topicam)
2606 3520 2777 3570 etiarm
2812 3520 3085 3585 proprium
3111 3516 3240 3569 Ἑλι-

656 3585 776 3637 κών
824 3586 856 3637 ὁ
901 3588 1123 3652 κτιςτὴς
1170 3591 1274 3653 τῆς
1312 3584 1525 3652 Ἑλίκης
1571 3586 1798 3639 πόλεως
1847 3588 1926 3639 St.
1961 3589 2025 3638 Β.
2061 3589 2187 3651 267,
2228 3591 2252 3638 1
2304 3594 2659 3639 memoratum
2708 3588 2885 3638 fuisse
2932 3592 2989 3637 et
3034 3585 3238 3638 ἑλικών

655 3655 1078 3707 instrumentum
1113 3658 1403 3719 musicum3
1442 3671 1618 3720 neque
1657 3656 1915 3722 neglecta
1952 3657 2126 3707 fuisse
2172 3656 2355 3721 topica
2390 3657 2689 3721 ban-ytona:
2729 3652 3041 3720 Ταρράκων
3077 3652 3241 3705 πόλις

655 3722 1038 3788 δυςμικωτέρα
1072 3727 1175 3789 τῆς
1212 3721 1682 3791 Ταρρακωνηςίας
1719 3722 1907 3789 χώρας
1945 3724 2025 3775 St.
2050 3725 2112 3778 B.
2139 3727 2265 3788 604,
2294 3726 2357 3774 14
2392 3721 2821 3787 Ποταμοςάκων
2858 3722 3113 3784 ποταμὸς
3152 3722 3241 3773 καὶ

656 3793 821 3855 νῆςος
857 3793 962 3857 τῆς
1000 3789 1252 3844 Αἰολίδος
1295 3797 1411 3855 533,
1454 3795 1534 3843 14.
1588 3790 1881 3855 Ὀβόλκων
1921 3790 2277 3855 Ὀβόλκωνος
2314 3791 2477 3844 πόλις
2516 3789 2743 3856 Ἰβηρίας
2778 3794 2898 3854 482,
2940 3794 3020 3854 18,
3060 3789 3242 3854 Ἀδέρ-

655 3872 775 3911 κων
813 3859 976 3912 πόλις
1017 3858 1243 3926 Ἰβηρίας
1281 3859 1360 3912 ὡς
1401 3858 1686 3913 Ἀςκάλων
1723 3863 1806 3926 26,
1848 3864 1929 3924 13,
1968 3878 2033 3912 ex
2073 3877 2179 3926 quo
2216 3866 2489 3926 postremo
2538 3861 2786 3926 exemplo
2830 3864 2987 3926 patet
3035 3860 3241 3909 diserte
3348 3893 3353 3910 .

655 3928 877 3980 huiusce
918 3931 1062 3981 modi
1106 3930 1328 3981 nomina
1370 3929 1589 3980 urbium
1636 3945 1665 3982 e
1715 3946 1925 3981 canone
1975 3938 2205 3996 excepta
2252 3930 2454 3991 fuisse,
2503 3929 2741 3979 fortasse
2789 3929 2893 3980 sic:
2938 3926 3010 3978 τὰ
3055 3926 3116 3978 δὲ
3163 3924 3242 3978 είς

656 3998 775 4048 κ’ωἳ
810 4000 896 4062 τῷ
934 4001 968 4049 ii
1004 3997 1038 4062 ἢ
1077 3995 1366 4063 ςυμφώνω
1405 3997 1849 4061 παραληγόμενα
1884 3997 1978 4048 ἐπὶ
2014 3997 2247 4050 πόλεων
2284 3995 2599 4061 βαρύνεται.
2829 3997 2861 4045 1.
2899 3999 2931 4048 8
3005 3998 3243 4060 roprium

654 4064 862 4117 Δόλων
902 4067 1138 4117 accessit
1174 4083 1241 4116 ex
1277 4066 1523 4132 Theogn.
1560 4070 1654 4130 35,
1690 4069 1781 4130 30,
1842 4064 2028 4117 Γέλων
2065 4067 2285 4132 explevi
2331 4082 2399 4116 ex
2436 4065 2513 4115 st.
2551 4067 2614 4118 B.
2650 4067 2775 4128 201,
2816 4067 2860 4120 1.
2994 4063 3148 4114 όλων
3184 4069 3243 4113 et

653 4132 899 4186 Πέλλων
936 4151 1003 4184 ex
1040 4135 1234 4186 Choer.
1273 4136 1355 4197 79,
1391 4136 1475 4197 26,
1514 4135 1601 4185 cui
1640 4135 1808 4186 etiam
1842 4132 2059 4185 Πύλων
2102 4151 2225 4185 eum
2261 4133 2507 4200 Theogn.
2546 4148 2829 4184 commune
2865 4137 2970 4182 est.

653 4201 690 4255 l.
725 4206 784 4254 10
819 4201 1053 4254 Χέλλων
1089 4230 1155 4238 -
1189 4204 1225 4254 l.
1254 4206 1317 4254 13
1354 4201 1496 4254 κατὰ
1531 4201 1913 4268 ὑποκοριςμόν
1951 4219 2018 4253 ex
2054 4203 2201 4253 Mon.
2242 4204 2321 4266 12,
2360 4206 2420 4264 5,
2460 4199 2695 4252 Βούλων
2733 4217 2801 4251 ex
2838 4200 2918 4251 St.
2956 4202 3017 4251 B.
3046 4201 3160 4261 182,
3190 4201 3241 4260 5,

653 4269 884 4333 Ὕβλων
920 4273 1047 4334 439,
1089 4274 1177 4332 10,
1224 4268 1428 4324 Μίλων
1473 4299 1536 4306 -
1583 4269 1792 4337 βρίλων
1839 4287 1906 4320 ex
1952 4270 2197 4336 Theogn.
2234 4273 2328 4332 35,
2366 4273 2458 4333 28,
2505 4286 2538 4320 a
2580 4270 2650 4319 ud
2697 4285 2857 4334 quem
2903 4284 3000 4335 pro
3045 4266 3241 4332 κήλων

653 4340 916 4405 seriptum
954 4344 1041 4389 est
1076 4336 1308 4404 Χήλων,
1351 4356 1448 4406 pro
1487 4337 1687 4391 Κύλων
1725 4337 1961 4392 (κύλων
1999 4344 2056 4388 et
2090 4336 2267 4389 τιλών
2303 4343 2360 4389 et
2396 4337 2514 4402 βριλ
2572 4353 2603 4387 ν
2641 4343 2833 4388 eontra
2866 4338 3042 4402 ipsum
3079 4352 3241 4386 eano-

652 4413 1106 4527 nffiffimffss·
1151 4477 1183 4526 a
1229 4409 1280 4527 ἐ·
1303 4410 1440 4527 »1.ῗῶ
1444 4407 1732 4527 οῗέιτὸιδὲ
1755 4424 1838 4526 §¹
1861 4408 2109 4525 Tss⁶⁰{⁰‘
2137 4408 2354 4526 {nssssff
2372 4404 2590 4527 ἔέιλὲἔ
2617 4402 2797 4525 ἔὲἷὲοε
2843 4401 3243 4525 522¹⁷1i¹³⁸²23

653 4492 761 4609 guo
796 4514 942 4609 ospud
975 4512 1224 4611 The6gn.
1250 4491 1333 4608 3⁶6,
1370 4544 1431 4595 31
1471 4514 1723 4610 eorr'up'te
1762 4492 2080 4595 (xffwgne,
2103 4491 2345 4608 εΞλέίλων
2379 4543 2532 4594 Theo
2573 4559 2627 4593 n.
2654 4544 2740 4604 35,
2767 4545 2852 4606 29,
2890 4511 3035 4606 qu'od
3071 4488 3241 4590 fllelin.

655 4612 934 4678 Stephano
959 4613 1093 4679 Byz.
1129 4628 1228 4679 pro
1253 4611 1593 4676 Δριλώνιος,
1635 4609 1796 4664 πόλις
1835 4610 2075 4676 μεγάλη,
2116 4609 2317 4676 ἑςχάτη
2355 4612 2476 4661 τῶν
2560 4611 2801 4662 ελτικῶν
2839 4607 3240 4661 restituendum

653 4681 982 4746 suspicatur.
1018 4681 1116 4731 sed
1152 4680 1370 4731 diverse
1416 4696 1451 4730 a
1486 4680 1731 4747 Theogn.
1779 4688 2050 4746 oxytonos
2087 4676 2329 4743 Δριλών.
2402 4679 2673 4744 Equidem
2710 4680 2903 4745 opinor
2946 4694 3031 4744 ap.
3072 4681 3235 4727 Area·

667 4749 803 4798 iium
839 4750 1244 4815 exemptionem
1282 4749 1349 4800 de
1385 4749 1613 4800 urbibus
1650 4750 1946 4812 excidisse,
1994 4765 2061 4798 ex
2108 4749 2306 4814 quibus
2350 4764 2513 4799 unam
2551 4745 2822 4809 Βαβυλών
2874 4749 3049 4810 acuit,
3098 4745 3244 4795 hunc.

655 4833 771 4883 fere
808 4835 866 4883 in
913 4834 1126 4885 modum
1163 4832 1234 4886 τὰ
1259 4832 1320 4885 δὲ
1358 4831 1437 4886 εἰς
1472 4834 1593 4885 λων
1638 4836 1725 4898 τῷ
1771 4835 1806 4883 ἇ
1852 4833 1885 4896 ἢ
1932 4849 1948 4884 ι
2002 4831 2442 4897 παραληγόμενα
2497 4831 2589 4884 ἐπὶ
2638 4830 2867 4883 πόλεων
2924 4829 3241 4895 βαρύνεται,

651 4899 880 4966 ζάλων,
916 4901 1161 4969 Δρίλων.
