3664 5546
656 353 785 418 462
1595 347 1678 403 εκ
1715 343 1857 402 mu
1900 347 2310 403 ΗΡΩΔιΑΝοΥ

825 519 1095 597 Ζήτηςιν
1127 522 1199 585 δὲ
1230 521 1443 598 ἔχουςι
1473 519 1554 582 τὰ
1582 520 1700 581 τοῦ
1732 517 2079 581 ἐνεστῶτος
2109 517 2355 596 χρόνου
2382 519 2501 581 τοῦ
2529 515 2663 582 ἀπὸ
2693 522 2825 582 τιῖιν
2856 515 2945 583 εἰς
2972 521 3058 602 ᾖ,
3088 517 3254 583 πότε

656 619 1258 701 προπαροξύνονται
1303 618 1407 681 καὶ
1448 617 1606 681 πότε
1635 624 2225 696 προπεριςπῶνταις
2270 619 2373 683 καὶ
2413 617 2580 684 ἔςτιν
2625 618 2829 684 εἰπεῖν
2858 619 2988 702 ὅτι,
3033 620 3088 685 εἰ
3133 622 3252 700 μὲν

656 722 845 800 ἔχωςι
889 721 966 785 τὸ
1012 719 1419 799 ἐνεργητικὸν
1460 717 1774 797 ὁριςτικὸν
1818 717 1891 782 ἐν
1935 718 2181 801 χρήςει,
2225 725 2820 805 προπεριςπῶνται,
2865 722 3068 801 τίθημι
3112 722 3251 787 ἐὰν

653 826 1015 904 τιθῶμαι,
1056 821 1261 900 ἵςτημι
1306 820 1443 885 ἐὰν
1487 819 1843 901 ἱςτῶμαι,
1891 820 2115 899 δίδωμι
2161 819 2295 885 ἐὰν
2336 824 2687 900 διδῶμαι.
2759 822 2918 887 εἰδὲ
2946 824 3029 901 μὴ
3058 821 3252 900 ἔχωςι

592 939 626 991 5
657 927 731 989 τὸ
776 923 1180 1003 ἐνεργητικὸν
1225 921 1296 987 ἐν
1327 921 1572 1002 χρήςει,
1617 920 2202 1003 προπαροξύνεται,
2248 921 2521 1001 δύναμαι
2566 922 2706 988 ἐὰν
2751 923 3097 1002 δύνωμαι
3141 923 3252 1004 (τὸ

652 1028 777 1105 γάρ
822 1027 1049 1105 δύνημι
1095 1023 1216 1088 οὐκ
1260 1024 1330 1088 ἐν
1375 1020 1652 1103 χρήςει),
1699 1020 2025 1100 ἐπίςταμαι
2070 1021 2205 1088 ἐὰν
2251 1023 2709 1103 ἐπίςτωμαι,
2754 1023 3061 1104 κρέμαμαι
3103 1023 3249 1088 ἐὰν

653 1130 1066 1209 κρέμωμαι.

823 1231 918 1295 Τά
972 1228 1242 1306 δεύτερα
1294 1231 1428 1290 τῶν
1485 1224 1575 1290 εἰς
1628 1226 1751 1301 μὴν
1796 1225 2285 1308 παρῳχημένων
2332 1228 2702 1311 βαρύνεται,
2759 1227 2958 1298 δπότε
3017 1232 3251 1308 βραχυ-

652 1333 1043 1410 καταληκτεῖ.
1111 1331 1213 1394 καὶ
1241 1326 1849 1406 προπαροξύνονται
1895 1327 2009 1404 μὲν
2055 1328 2213 1390 κατὰ
2254 1329 2330 1392 τὸ
2363 1330 2670 1408 δεύτερον
2700 1329 3052 1409 πρόςωπον
3082 1330 3250 1408 ὑπὲρ

552 1447 620 1518 u)
655 1435 775 1498 δύο
820 1431 1135 1511 ςυλλαβάς
1180 1430 1508 1511 ὑπάρχον,
1553 1427 1887 1510 ἐτίθεςο,
1933 1427 2284 1511 ἐδίδοςο,
2331 1429 2792 1514 ἐπεποίηςο,
2838 1431 3115 1495 ἔκειςο.
3167 1431 3251 1494 τὸ

654 1537 727 1599 δὲ
770 1533 908 1612 ἦςο
953 1534 1459 1611 προπεριςπᾶται
1501 1529 1591 1594 ὡς
1633 1528 2034 1608 διςύλλαβον.
2102 1530 2156 1593 εἰ
2201 1532 2273 1594 δὲ
2314 1536 2520 1615 μακρᾷ
2563 1534 2900 1616 λήγουςιν,
2945 1532 3250 1611 ἀορίςτου

652 1638 769 1717 μὲν
798 1634 960 1700 ὄντα
987 1633 1493 1714 παροξύνονται,
1537 1631 1892 1714 ἐγράψω,
1923 1631 2300 1714 ἐποιήςω,
2330 1632 2646 1716 ἐγένου,
2679 1634 2997 1714 ἐλάβου·
3041 1651 3250 1711 παρα-

652 1741 910 1801 τατικοῦ
954 1737 1026 1800 δὲ
1071 1733 1233 1800 ὄντα
1286 1734 1418 1799 ἀπὸ
1478 1733 1852 1816 βαρυτόνων
1907 1732 2198 1811 θεμάτων
2245 1735 2660 1817 βαρύνονται,
2719 1735 3033 1816 ἐλεγόμην
3075 1735 3251 1799 ἐλέ-

652 1860 833 1924 γου,
889 1837 1244 1917 ἐκρεμάμην
1289 1836 1609 1915 ἐκρέμω.
1697 1835 1752 1898 εἰ
1809 1836 1881 1898 δὲ
1934 1834 2067 1899 ἀπὸ
2123 1837 2625 1914 περιςπωμένων
2681 1836 3012 1919 ῥημάτων,
3067 1855 3252 1915 περι-

554 1955 617 2009 15
654 1946 967 2022 ςπῶνται,
1012 1938 1366 2017 ἐποιούμην
1411 1936 1726 2018 ἐποιοῦ,
1771 1935 2086 2015 ἐνικώμην
2131 1936 2401 2021 ἐνικῶ,
2446 1937 2816 2017 ἐκρεμώμην
2862 1938 3180 2018 ἐκρεμῶ.

822 2041 969 2107 Τῶν
1014 2041 1105 2105 εἰς
1147 2043 1279 2118 W
1320 2039 1626 2104 εὐκτικῶν
1671 2037 1751 2101 τὰ
1794 2038 2064 2115 δεύτερα
2098 2038 2411 2116 πρόςωπα
2456 2039 2544 2103 εἰς
2588 2042 2627 2102 ὃ
2672 2041 3095 2119 καταλήγουςι
3138 2041 3252 2104 καὶ

652 2145 692 2223 ἢ
736 2143 1341 2224 προπαροξύνονται
1385 2141 1425 2219 ἢ
1470 2144 2051 2218 προπεριςπῶνται.
2139 2148 2698 2222 προπεριςπῶνται
2751 2144 2867 2221 μὲν
2910 2142 2991 2206 τὰ
3034 2142 3251 2206 διςύλ-

653 2249 846 2329 λαβα,
904 2246 1163 2325 ςχοίμην
1208 2244 1466 2325 ςχοῖο,
1511 2242 1738 2320 δοίμην
1785 2244 1983 2305 δοῖο.
2070 2241 2163 2305 ἔτι
2207 2244 2311 2306 καὶ
2362 2241 2457 2307 ὧν
2500 2245 2580 2308 τὰ
2632 2244 3003 2323 ἐνεργητικὰ
3045 2244 3134 2308 εἰς
3177 2248 3250 2322 {st

653 2348 942 2431 λήγουςι,
999 2346 1272 2425 νοοίμην
1326 2347 1591 2426 νοοῖο,
1647 2345 1950 2421 ποιοίμην
2007 2331 2322 2426 ποιοῖο,
2369 2346 2612 2428 βιῲμην
2668 2350 2876 2430 βιῷο.
2969 2344 3251 2424 Ὁμοίως

550 2470 619 2522 20
652 2451 724 2514 δέ
768 2450 933 2514 ἐςτιν
978 2448 1212 2531 εἰπεῖν,
1256 2447 1374 2512 ὅςα
1416 2445 1549 2511 ἀπὸ
1591 2452 1724 2510 τῶν
1769 2444 1861 2509 εἰς
1904 2449 1970 2521 μί
2000 2444 2331 2524 ὁριςτικῶν
2363 2446 2475 2511 εἰςι
2506 2449 2608 2511 καὶ
2637 2447 2851 2526 ἔχουςι
2882 2447 2962 2511 τὰ
2989 2447 3251 2518 εὐκτικὰ

652 2550 1022 2630 ἐνεργητικὰ
1075 2549 1165 2614 εἰς
1217 2551 1302 2625 ἦν
1354 2548 1668 2631 καθαρόν,
1723 2552 2316 2625 προπεριςπῶνται,
2371 2549 2575 2628 τίθημι
2619 2549 2897 2628 τιθείμην
2950 2552 3249 2632 τιθεῖο,

650 2654 887 2731 τιθείην
929 2652 1056 2729 γὰρ
1098 2651 1176 2716 τὸ
1220 2651 1510 2715 εὐκτικὸν
1554 2648 1979 2728 ἐνεργητικόν.
2046 2650 2122 2712 τὸ
2165 2650 2238 2713 δὲ
2268 2651 2578 2730 δυναίμην
2624 2652 2903 2716 δύναιο
2947 2657 3280 2730 προπαρ-’

653 2755 968 2823 οξύτονον
1025 2753 1131 2817 διὰ
1183 2754 1260 2819 τὸ
1326 2753 1408 2833 μὴ
1453 2751 1624 2831 ἔχειν
1694 2751 1920 2831 δύνημι
1986 2751 2057 2817 ἐν
2122 2752 2337 2831 χρήςει
2397 2751 2549 2817 οὔτε
2605 2753 2869 2832 δυναίην
2933 2753 3247 2818 εὐκτικόν.

651 2863 1211 2936 προπεριςπῶνται
1262 2856 1334 2919 δὲ
1388 2856 1492 2919 καὶ
1544 2854 1624 2917 τά
1675 2858 1792 2918 τοῦ
1847 2854 2351 2941 παρακειμένου,
2409 2855 2710 2935 δεδοίμην
2765 2858 3072 2938 δεδοῖο,
3128 2875 3248 2919 πε-

548 2962 928 3044 25ποιῄμην
993 2962 1368 3042 πεποιῇο,
1434 2958 1760 3040 μεμνῄμην
1816 2960 2152 3039 μεμνῇο,
2218 2959 2562 3041 μεμνῲμην
2606 2963 2936 3043 μεμνῷο.
3034 2957 3114 3020 τὰ
3168 2953 3248 3022 δὲ

651 3062 850 3127 λοιπὰ
902 3059 1115 3125 πάντα
1171 3060 1438 3137 δεύτερα
1493 3059 1807 3137 πρόςωπα
1862 3057 1953 3122 εἰς
2009 3059 2048 3119 ὄ
2104 3058 2388 3137 λήγοντα
2440 3060 3078 3143 προπαροξύνονται,
3135 3080 3247 3122 τυ-

648 3164 923 3257 πτρίμην
965 3163 1326 3245 τύπτοιο,
1374 3161 1674 3238 λεγοίμην
1708 3160 2017 3242 λέγοιο,
2045 3160 2437 3239 τετυψοίμην
2466 3162 2877 3240 τετύψοιο·
2924 3161 3098 3225 οὕτω
3139 3163 3249 3226 καὶ

650 3266 1027 3349 μεμνεῲμην
1071 3285 1115 3344 μ
1128 3283 1159 3327 ε
1173 3286 1215 3343 μ
1227 3285 1264 3329 ν
1279 3264 1310 3327 ἐ
1325 3285 1378 3347 ῳ
1393 3282 1449 3326 ο.

823 3509 859 3558 1.
897 3510 930 3557 6
974 3503 1074 3556 ἐὰν
1111 3501 1399 3567 κρέμωμαι
1443 3501 1634 3553 addidi
1679 3509 1904 3569 propter
1939 3501 2134 3555 Choer.
2174 3503 2303 3565 883,
2340 3503 2374 3553 4
2416 3504 2528 3554 iam
2574 3517 2741 3569 supra.
2779 3501 3083 3555 laudatum.
3152 3505 3245 3558 De

648 3573 902 3637 δύνωμαι
936 3577 1012 3625 ef.
1048 3573 1111 3623 11.
1148 3575 1236 3623 Pr.
1272 3570 1320 3623 Z
1356 3574 1481 3622 229:
1518 3570 1745 3635 δύνηαιε
1786 3569 1866 3621 ὠς
1907 3568 2105 3635 λέγηαι
2149 3570 2240 3621 καὶ
2289 3568 2496 3636 φέρηαι
2539 3571 2650 3623 <cb
2696 3569 2758 3622 δέ
2801 3585 2901 3623 κεν
2944 3572 3124 3625 κακὸν
3158 3572 3246 3625 οἲ-

647 3657 752 3694 τον
789 3643 994 3707 ὄληαι»
1031 3641 1118 3702 (11.
1160 3639 1194 3692 Γ
1229 3642 1367 3705 417).
1438 3637 1771 3702 Τυραννίων
1817 3637 1880 3690 δὲ
1914 3641 2271 3704 προπεριςπᾷ
2308 3639 2398 3689 καὶ
2433 3639 2610 3704 δῆλον
2645 3639 2735 3689 ὅτι
2771 3640 2863 3691 καὶ
2896 3638 2967 3692 τό
3002 3643 3246 3705 πρῶτον

648 3709 827 3762 αὐτοῦ
866 3709 1175 3773 πρόςωπον
1210 3707 1375 3759 δώςει
1409 3706 1666 3770 δυνῶμαι
1702 3705 1782 3757 ὠς
1818 3709 2079 3769 νικῶμαι·
2116 3705 2251 3757 αλλ’
2286 3705 2338 3757 εί
2370 3705 2517 3759 ἅπαξ
2543 3706 2658 3758 ἐςτὶ
2682 3706 2752 3758 τὸ
2778 3706 3058 3771 όριςτικόν
3085 3709 3244 3761 κατὰ

648 3779 867 3843 χρῆςιν,
904 3777 1142 3840 δύναμαι
1178 3774 1407 3828 δύναςαι
1444 3774 1536 3825 καὶ
1572 3775 1935 3837 ὁμολογεῖται
1971 3773 2086 3825 απὸ
2121 3778 2245 3827 τῶν
2283 3771 2362 3826 είς
2397 3779 2482 3841 Ῑῑι,
2520 3774 2852 3839 όμοτονήςει
2887 3775 3110 3827 τούτοις
3145 3778 3243 3827 καὶ

647 3846 721 3897 τὰ
754 3844 1134 3897 ύποτακτικά..
1168 3843 1355 3896 οὕτως
1382 3841 1736 3907 Ἀρίςταρχος
1773 3842 1865 3891 καὶ
1899 3841 2075 3895 ἄλλοι.
2132 3845 2203 3895 ef.
2234 3843 2429 3894 Choer.
2454 3847 2680 3906 θοᾷ-27,
2716 3846 2818 3908 ΕΡ.
2845 3844 2934 3894 Cr.
2959 3845 2989 3894 1
3013 3847 3131 3907 177,
3159 3848 3242 3895 17.

817 3915 852 3964 l.
887 3916 920 3964 8
973 3911 1052 3965 είς
1099 3916 1209 3976 W
1253 3909 1688 3978 παρῳχημένων
1734 3913 1932 3976 scripsi
1976 3926 2074 3976 pro
2112 3908 2190 3960 εἰς
2228 3912 2285 3972 ssu
2320 3912 2747 3975 προςτακτικῶν
2794 3918 2851 3961 et
2893 3911 3244 3975 βραχυκατα-

648 3984 680 4034 λ
756 3984 843 4033 τεϊ
878 3997 999 4032 cum
1035 3980 1338 4032 Schmidtio
1373 3980 1584 4030 inserui
1621 3987 1677 4029 et
1712 3986 1842 4044 post
1876 3977 2405 4042 προπαροξύνονται
2442 3994 2632 4030 vocem
2668 3977 2787 4041 μέν.
2923 3980 2960 4033 l.
2988 3984 3053 4030 14
3087 3982 3243 4044 εκρε-
3303 4010 3311 4025 .

649 4066 687 4114 μ
727 4065 851 4115 μην·
873 4048 1092 4114 ἐκρέμω
1131 4056 1189 4099 et
1222 4049 1280 4097 in
1314 4047 1423 4097 fine
1462 4045 1798 4112 ἐκρεμώμην
1839 4044 2059 4110 ἐκρεμῶ
2096 4048 2288 4096 addidi
2322 4053 2546 4112 propter
2581 4048 2777 4098 Choer.
2800 4048 2918 4099 883.
2962 4048 3084 4099 Hoc
3117 4051 3241 4100 loco

648 4122 820 4171 etiam
862 4121 930 4169 de
967 4119 1175 4169 affecta
1220 4118 1395 4166 fo'rma
1437 4117 1595 4166 velut
1640 4113 1803 4167 ἑκλέο
1848 4130 1948 4179 pro
1994 4112 2189 4164 ἐκλέεο
2235 4112 2461 4178 ἐκλέου,
2508 4130 2672 4180 quam
2716 4115 3073 4167 Herodianus
3101 4132 3240 4182 ,pro—

647 4193 1045 4254 paroxytonos,
1081 4184 1438 4237 Ptolemaeus
1472 4190 1846 4261 parffltonos
1880 4182 2133 4232 exhibuit
2166 4185 2476 4248 expositum
2512 4185 2686 4233 fuisse
2710 4184 3017 4234 coniectari
3050 4190 3242 4250 potest

647 4290 716 4323 ex
750 4275 816 4325 ΙΙ.
851 4274 943 4324 Pr.
977 4268 1023 4321 Ω
1058 4273 1184 4322 202:
1222 4266 1396 4319 ἐκλε’;
1434 4266 1545 4331 τὴν
1582 4268 1679 4317 κλε
1716 4265 1997 4330 ςυλλαβὴν
2034 4265 2287 4319 ὀξυτονεῖ
2325 4268 2357 4320 ό
2383 4267 2798 4338 Ἀςκαλωνίτης
2824 4271 3141 4338 ἡγούμενος
3164 4276 3238 4328 τὸ

647 4341 860 4405 πλῆρες
906 4338 1052 4391 εἶναι
1082 4334 1311 4388 ἐκλέου.
1379 4333 1484 4385 οὐκ
1530 4333 1644 4386 ἔςτι
1688 4332 1777 4397 δέ,
1825 4333 1959 4384 ἀλλ’
1996 4332 2190 4386 ἐκλὲεο
2235 4339 2714 4403 τετραςυλλάβως.
2785 4342 2877 4391 καὶ
2921 4342 3097 4407 δῆλον
3145 4342 3239 4395 ὅτι

646 4407 763 4460 εἴτε
800 4406 1174 4470 ςυγκέκοπται
1209 4407 1244 4466 η
1284 4402 1436 4455 ὀξεῖα
1472 4401 1588 4454 εἴτε
1625 4404 1659 4465 ἡ
1700 4404 1894 4466 βαρεῖα
1929 4402 1963 4464 ή
2004 4401 2145 4465 μετὰ
2189 4404 2298 4468 τὴν
2343 4405 2556 4473 ὀξεῖαν,
2603 4406 2821 4472 ὀφείλει
2867 4408 3038 4462 πάλιν
3070 4410 3242 4497 τρίτη

646 4476 762 4528 ἀπὸ
797 4475 999 4527 τέλους
1036 4477 1070 4537 ὴ
1110 4473 1263 4525 ὀξεῖα
1299 4468 1699 4535 φυλάττεςθαι·
1737 4470 1871 4521 οὐδὲ
1905 4469 2013 4534 γὰρ
2050 4470 2081 4521 ὁ
2119 4473 2405 4537 χαρακτὴρ
2443 4470 2672 4527 κωλύει·
2717 4476 2788 4527 τὸ
2834 4475 3027 4540 μέντοι
3073 4479 3139 4530 ςὺ
3176 4479 3209 4530 δ

645 4543 800 4596 αίδέο
836 4544 928 4595 καὶ
965 4541 1033 4607 μ’
1066 4540 1298 4607 ἐλέηςον
1336 4541 1423 4604 (ΙΙ.
1461 4538 1510 4587 Φ
1547 4543 1637 4605 74)
1674 4538 1765 4590 καὶ
1808 4538 1882 4589 τὰ
1916 4540 2153 4590 τοιαῦτα
2189 4539 2423 4606 πρώτης
2459 4542 2601 4593 ὄντα
2636 4542 2890 4607 ςυζυγίας
2925 4547 3048 4598 τῶν
3083 4558 3239 4612 περι·

645 4611 966 4676 ςπωμὲνων
1001 4609 1176 4675 ἄλλης
1212 4603 1513 4669 ἀναλογίας
1549 4605 1735 4670 ἔχεται
1771 4604 1852 4657 ὡς
1888 4604 1951 4657 ἐν
1988 4605 2199 4671 ἑτέροις
2235 4608 2451 4672 εἴρηται
2485 4612 2554 4661 of.
2589 4614 2728 4663 Lob.
2763 4613 2846 4662 ΕΙ.
2883 4613 2913 4664 1
2947 4617 3047 4666 273
3083 4631 3239 4682 seqq.

783 4683 818 4732 l.
852 4683 918 4731 22
964 4676 1327 4744 ἐνεργητικόν
1371 4674 1594 4739 addidi,
1640 4676 1676 4726 l.
1709 4678 1778 4725 24
1822 4678 2149 4741 πεποιῄμην
2197 4692 2317 4727 cum
2361 4693 2378 4727 ι
2423 4681 2642 4745 scripsi,
2690 4682 2835 4746 quod
2880 4681 3089 4735 formae
3135 4696 3238 4735 πε-

645 4753 819 4817 ποιῇο
853 4750 963 4799 iam
997 4747 1259 4798 Schmidt.
1295 4746 1636 4809 subiecerat,
1684 4744 1977 4794 et‘addidi
2018 4746 2316 4813 μεμνῄμην
2352 4750 2597 4815 μεμνῇό,
2645 4749 2957 4815 μεμνὼμην
3001 4764 3040 4815 μ
3111 4754 3238 4819 νῷο

648 4822 787 4873 etin
809 4818 916 4871 fine
941 4816 1098 4869 οὕτω
1123 4843 1187 4854 -
1213 4813 1472 4882 μεμνέῳο
1497 4820 1723 4881 propter
1744 4814 1808 4868 11.
1835 4816 1927 4866 Pr.
1952 4815 2002 4869 Ψ
2024 4819 2147 4868 361:
2184 4818 2790 4891 προπαροξυτονητέον
2813 4800 2883 4869 :td
2907 4765 3237 4893 μεμνῗῳτο·
