3664 5546
1183 312 1340 368 ΠΕΡΙ
1382 312 1776 369 ΚΑΘΟΛΙΚΗΕ
1810 313 2233 397 ΠΡΟΕΩιΔΙᾼ(
2272 314 2348 368 ΙΒ.
2935 315 3061 380 333

475 485 894 563 Πακτυήνη
939 484 1040 549 καὶ
1084 485 1543 565 Δινδυμήνη
1597 484 1636 562 ἡ
1682 483 1826 549 Ῥέα
1883 483 2013 550 ἀπὸ
2057 485 2409 565 Δινδύμων
2454 484 2628 564 ὀρῶν
2684 489 2795 563 τῆς
2840 485 3058 563 Τρωά-

477 593 605 653 δος.
711 589 814 653 καὶ
876 588 1449 667 Πορδοςελήνη
1514 591 1706 666 νῆςος
1768 587 1916 665 περὶ
1978 587 2094 666 τῂν
2155 587 2392 668 Λὲςβον
2457 588 2647 653 πόλιν
2715 587 3059 667 ὁμώνυμον

475 691 725 769 ἔχουςα.
813 690 979 755 τινες
1023 691 1094 753 δὲ
1139 688 1533 754 ἐκκλίνοντες
1575 690 1650 753 τὸ
1696 688 2031 769 δύςφημον
2083 692 2200 753 τοῦ
2245 688 2563 777 ὀνόματος
2606 690 3058 785 Πὶοροςελή-

476 814 614 871 νην
660 793 980 857 ἐκάλεςαν.
1046 791 1150 856 καὶ
1195 792 1660 872 Ἀμφιςςήνη
1706 792 1886 869 χώρα
1929 793 2040 867 τῆς
2084 793 2301 870 μικρᾶς
2332 790 2684 873 Ἀρμενίας,
2733 791 2823 856 ὡς
2868 790 3058 869 (τρά-

478 900 609 975 βων
657 895 736 959 ια’
782 895 869 979 (p.
913 891 1087 975 528).
1176 894 1250 958 τὸ
1296 894 1368 957 δὲ
1412 892 1834 972 Παταληνή
1880 894 2070 970 νῆςος
2116 892 2335 969 Ἰνδική
2389 890 2709 973 ὀξύνεται,
2762 894 2929 958 τινὲς
2985 893 3056 956 δὲ
3098 900 3131 950 5

477 998 578 1061 καὶ
622 997 988 1077 βαρυτόνως
1029 996 1418 1074 Παταλήνην
1464 994 1554 1059 ώς
1595 994 1885 1073 Πριήνην
1931 993 2484 1069 ἀναγινώςκουςιν.

644 1099 737 1162 Τὰ
783 1097 870 1164 είς
912 1100 994 1175 νῆ
1026 1098 1369 1177 διςύλλαβα
1398 1100 1718 1176 μονογενῆ
1750 1102 1843 1180 τῷ
1873 1097 1905 1158 ἶ
1935 1095 2433 1174 παραληγόμενα
2462 1096 2501 1173 ἢ
2532 1102 2609 1181 τῇ
2639 1100 2692 1161 ξι
2723 1095 3058 1179 διφθόγγῳ

478 1199 845 1282 βαρύνεται,
900 1199 1153 1281 κλίνη,
1199 1199 1370 1277 δίνη
1425 1197 1464 1275 ἡ
1511 1198 1864 1279 ςυςτροφή,
1922 1197 2104 1274 Βίνη
2147 1196 2186 1274 ἡ
2233 1197 2448 1280 πόλις,
2503 1197 2762 1280 πείνη,
2810 1198 3058 1274 λέγεται

477 1304 547 1365 δὲ
592 1302 696 1366 καὶ
736 1303 956 1384 πεῖνα,
1003 1300 1175 1379 ῥίνη
1222 1300 1260 1363 ὁ
1306 1298 1510 1381 ἰχθῦς,
1555 1300 1631 1364 τὸ
1678 1300 1749 1363 δὲ
1794 1298 2079 1377 ὄργανον
2125 1298 2430 1366 ὀξύνεται.

644 1403 738 1467 Τὰ
781 1403 870 1467 εἰς
912 1405 992 1479 νὴ
1041 1393 1547 1481 ύπερδιςύλλαβα
1590 1404 1912 1479 μονογενῆ
1957 1400 2453 1479 παραληγόμενα
2496 1408 2586 1485 τῷ
2624 1400 2657 1464 ἶ
2704 1403 3060 1483 βαρύνεται,
3102 1408 3165 1458 ¹0

477 1503 874 1586 εἰλαπίνη,
921 1504 1276 1585 μυρςίνη,
1322 1502 1762 1585 θριδακίνη,
1807 1501 2063 1585 ἀξίνη,
2111 1503 2418 1585 ύςμίνη,
2466 1502 2761 1583 ςατίνη·
2818 1502 2941 1567 ἔςτι
2978 1507 3058 1587 ,δὲ

478 1604 653 1670 εἶδος
709 1605 1004 1685 ἅρματος.
1092 1605 1414 1685 μυρςίνη
1468 1606 1572 1668 καὶ
1629 1604 1983 1683 Μυρρίνη
2041 1605 2145 1668 διὰ
2202 1603 2321 1669 δύο
2381 1608 2492 1686 ρῖ),
2549 1605 2865 1687 δωτίνη,
2920 1626 3058 1668 πυ-

380 1784 390 1792 ,
476 1707 677 1789 τίνη,
722 1706 1071 1789 Αἰητίνη,
1119 1706 1458 1789 ἰατρίνης
1497 1705 1828 1789 ἡρωῖνη,
1877 1704 2312 1785 Ὠκεανίνη,
2363 1705 2818 1786 Μολυβδίνη
2875 1707 3062 1770 πόλις

480 1809 873 1887 Μαςτιηνῶν.
961 1807 1282 1872 Ἑκαταῖος
1331 1807 1617 1891 Εὐρώπῃ.
1710 1807 2061 1885 Μαντίνη
2118 1806 2157 1884 ἡ
2216 1807 2592 1889 Μαντίνεια,
2650 1806 3058 1891 κηρυκίνη,

477 1909 799 1993 ὀρφίνη,
859 1909 1223 1991 Ἀρικίνη,
1277 1908 1652 1990 Ἐρυκίνη,
1711 1908 2612 1990 Ἀδρηςτίνη,“Εύηνίνη,
2671 1910 3056 1987 Μενεκίνη
3098 1924 3161 1975 15

474 2012 658 2075 πόλις
707 2010 1070 2089 ,Οἰνωτρῶν
1137 2010 1208 2076 ἐν
1275 2009 1583 2094 μεςογείᾳ.
1676 2009 1998 2074 Ἑκαταῖος
2062 2010 2364 2094 Εὐρώπῃ,
2432 2011 2704 2090 μελίνη
2770 2010 3057 2093 κέγχρος,

473 2111 786 2191 χοιρίνη
826 2111 865 2189 ἡ
909 2113 1220 2189 δικαςτικὴ
1251 2115 1497 2194 ψῆφος,
1535 2111 1818 2190 Καρίνη
1860 2111 1899 2188 ἡ
1933 2112 2139 2194 πόλις,
2175 2111 2487 2192 Ὑρμίνη
2519 2112 2706 2175 πόλις
2740 2115 2852 2189 τῆς
2880 2113 3055 2176 Ἤλι-

474 2218 588 2279 δος
632 2214 861 2279 «ὅςςον
906 2204 1023 2293 ἐφ’
1051 2212 1313 2292 Ὑρμίνη
1359 2215 1462 2277 καὶ
1500 2213 1819 2291 Μύρςινος
1865 2213 2264 2291 ἑςχατόωςα»
2298 2212 2376 2296 (Β
2407 2211 2579 2296 616).
2639 2206 3055 2296 Εύκολίνη,

472 2315 794 2398 Λογίνη,
841 2315 908 2378 Ἀ
925 2316 1278 2393 μαντίνη·
1333 2313 1542 2378 οὕτως
1577 2314 1973 2393 Καλλίμαχος
2016 2317 2194 2378 καλεῖ
2222 2314 2559 2393 Ἀμαντίαν
2603 2317 2834 2393 μοῖραν
2868 2315 3055 2379 Ἰλλυ-

473 2421 629 2494 ριῶν
663 2418 799 2480 «καὶ
829 2415 1200 2494 Ἀμαντίνην
1233 2417 1463 2499 ᾦκιςαν
1491 2414 1818 2494 Ὠρικίην».
1851 2415 2254 2494 Ἀρκεςίνη’
2273 2415 2379 2494 μία
2407 2420 2539 2480 τῶν
2570 2420 2765 2494 τριῶν
2795 2417 3055 2482 πόλεων
3092 2433 3162 2483 20

470 2521 602 2581 τῶν
639 2517 709 2580 ἐν
741 2516 1031 2600 Ἀμοργῷ
1074 2523 1150 2597 τῇ
1195 2517 1384 2598 νήςω.
1443 2516 1768 2595 Πολύβιος
1814 2518 1886 2580 δὲ
1916 2511 2257 2595 ἀρςενικῶς
2300 2517 2417 2581 τὸν
2450 2517 2804 2596 Ἀρκεςίνην
2850 2516 3054 2597 φηςίν.

475 2615 880 2695 Ἀχραδίνη
927 2620 1116 2692 νῆςος
1159 2618 1350 2681 πόλιν
1396 2617 1631 2695 ἔχουςα
1673 2618 1839 2695 πρὸς
1892 2621 2030 2684 ταῖς
2073 2616 2525 2701 (υρακούςαις,
2579 2621 2658 2697 ἢν
2705 2619 3053 2699 ἐπολέμηςε

475 2715 738 2795 Μάκρος
782 2716 819 2781 ὁ
863 2715 1191 2797 Ῥωμαίων
1237 2719 1609 2802 ςτρατηγός,
1654 2718 1819 2784 ἀλλὰ
1865 2721 1967 2785 καὶ
2012 2720 2342 2799 Ἀχραδίνη
2388 2723 2581 2800 μοῖρα
2622 2720 3054 2800 (υρακουςῶν.

476 2818 685 2897 Χάραξ
731 2820 802 2883 δὲ
848 2820 1064 2897 χώραν
1110 2820 1309 2897 αὐτὴν
1354 2824 1536 2885 καλεῖ
1576 2822 1680 2885 καὶ
1722 2824 1933 2899 νῆςον.
2022 2821 2264 2901 Ἀςίνη
2322 2823 2507 2888 πόλις
2551 2824 2878 2901 Λακωνικὴ
2922 2823 3055 2889 ἀπὸ

473 2920 712 2999 Ἀςίνης
766 2922 1078 2999 θυγατρὸς
1129 2922 1633 3006 Λακεδαίμονος,
1693 2923 1959 3001 δευτέρα
2005 2923 2329 3002 Μεςςήνης
2382 2925 2556 3003 παρὰ
2611 2927 2726 3003 τὴν
2775 2926 3054 2990 Λακωνι-
3090 2918 3158 2991 25

473 3022 622 3104 κήν,
679 3021 1012 3086 οἰκιςθεῖςα
1067 3023 1215 3106 ὑπό
1240 3024 1558 3103 Ἀργείων.
1635 3024 1818 3111 ,τρίτη
1869 3025 2144 3102 Κύπρου.
2231 3025 2496 3104 τετάρτη
2558 3025 2839 3090 Κιλικίας.
2930 3027 3055 3090 ἔςτι

473 3125 542 3188 δὲ
587 3124 690 3187 καὶ
732 3124 918 3188 πόλις
972 3126 1135 3203 πρὸς
1179 3124 1487 3210 Ἑρμιόνῃ.
1578 3125 1893 3206 Βιβλίνη
1950 3127 2131 3205 χώρα
2186 3127 2452 3208 Θρᾴκης.
2541 3126 2673 3192 ἀπὸ
2728 3128 2961 3206 ταύτης
3016 3127 3054 3191 ὁ

473 3223 760 3303 Βίβλινος
806 3223 1005 3290 οἶνος.
1094 3225 1172 3290 οῖ’
1212 3228 1284 3291 δὲ
1340 3226 1471 3292 ἀπὸ
1518 3227 1767 3307 Βιβλίας
1822 3227 2168 3307 ἀμπέλου..
2219 3228 2422 3306 (ἦμος
2468 3229 2523 3293 δ’
2567 3229 2605 3292 ὁ
2648 3230 2896 3308 Δήλιος
2938 3230 3054 3295 τὸν

474 3323 705 3391 Νάξιόν
751 3347 971 3408 φηςιν,
1017 3326 1236 3405 ἐπειδὴ
1285 3328 1498 3394 Νάξου
1541 3330 1829 3407 ποταμὸς
1875 3328 2117 3408 Βίβλος.
2172 3331 2607 3410 ’Βολβιτίνη
2652 3331 2840 3395 πόλις
2871 3331 3053 3407 Αἰγύ-

471 3447 654 3490 πτου.
699 3425 1036 3492 Ἑκαταῖος.
1111 3429 1399 3508 Βολίνη
1443 3430 1629 3494 πόλις
1675 3430 1958 3513 Ἀχαΐας,
2013 3431 2102 3494 ὡς
2147 3430 2397 3496 Ῥιανὸς
2441 3431 2511 3496 ἐν
2558 3432 2863 3511 Ἀχαϊκῶν
2910 3437 3050 3498 δευ-
3088 3446 3155 3497 30
3246 3483 3261 3501 .

470 3528 653 3611 τέρῳ.
731 3529 1071 3608 Βουλίνη
1116 3529 1302 3594 πόλις
1347 3533 1491 3609 περὶ
1535 3529 1881 3614 Ἰλλυρίαν,
1922 3532 2009 3596 ὥς
2054 3552 2245 3611 φηςιν
2292 3533 2775 3617 Ἀρτεμίδωρος,
2820 3533 2935 3614 ἀφ’
2979 3533 3055 3613 ἧς

470 3628 545 3692 τὸ
600 3629 851 3694 ἐθνικόν
910 3632 1228 3695 Βουλῖνοι.
1319 3632 1820 3712 Ἐλεφαντίνη
1887 3634 2073 3698 πόλις
2133 3633 2470 3709 Αἰγύπτου.
2557 3635 2917 3714 Παρθένιος
2982 3638 3053 3700 δὲ

423 3759 428 3762 -
469 3729 885 3809 Ἐλεφαντίδα
929 3731 1127 3811 αὐτήν
1173 3753 1379 3812 φηςιν.
1455 3734 1737 3813 Ἐχῖναι
1782 3739 1962 3813 νῆςοι
2006 3736 2153 3814 περὶ
2194 3737 2310 3814 τὴν
2354 3735 2663 3802 Αἰτωλίαν
2674 3787 2694 3818 ,
2738 3736 2837 3802 αἷς
2883 3738 3050 3816 Ἀχε-

604 4018 639 4073 l.
683 4022 705 4069 1
746 4018 1071 4085 Δινδυμήνῃ
1110 4019 1330 4086 explevi
1366 4037 1432 4071 ex
1471 4022 1549 4072 St.
1575 4023 1638 4072 B.
1661 4051 1727 4059 -
1766 4025 2106 4089 Quamquam
2130 4024 2401 4076 Arcadius
2438 4030 2496 4075 et
2522 4025 2906 4091 Theognostus
2942 4026 3049 4076 tria

469 4089 682 4137 tantum
718 4087 990 4152 bal-ytona
1027 4089 1292 4151 afferunt,
1330 4094 1514 4140 tamen
1551 4089 1949 4157 Πορδοςελήνη
1989 4098 2046 4141 et
2084 4090 2421 4157 Ἀμφιςςήνη
2460 4100 2686 4159 propter
2720 4093 2983 4144 traditum
3020 4110 3053 4143 a

472 4154 553 4205 St.
589 4157 650 4205 B.
692 4161 974 4206 nocentum
1011 4157 1206 4222 recepi.
1275 4153 1588 4222 Παταληνή
1625 4161 1866 4209 accessit
1901 4176 1968 4210 ex
2002 4161 2158 4210 Eust.
2204 4161 2276 4209 ad
2314 4161 2543 4225 Dionys,
2586 4162 2739 4224 1088,
2785 4162 2880 4211 ubi
2908 4160 3049 4217 ,ὀξυ-

467 4221 680 4286 τόνως,
719 4220 798 4274 ὡς
834 4221 886 4274 οί
922 4222 1160 4287 ἀκριβεῖς
1206 4222 1424 4286 λέγουςι
1467 4226 1505 4275 i.
1544 4241 1589 4278 e.
1631 4226 1982 4276 Herodianus
2029 4232 2086 4276 et
2123 4227 2434 4292 Stephanus
2484 4244 2549 4278 ex
2589 4228 2909 4279 Herodiano
2960 4245 3046 4279 ex-

471 4290 724 4356 scriptus.
926 4291 963 4341 l.
1002 4293 1033 4341 8
1088 4289 1220 4356 Βίνη
1275 4293 1461 4357 recepi
1505 4309 1572 4342 ex
1616 4294 1864 4358 Theogn.
1904 4297 2026 4356 113,
2072 4297 2165 4355 27;
2214 4296 2283 4345 ad
2327 4294 2494 4359 πείνη
2541 4295 2720 4347 adieci
2773 4299 2939 4347 πεῖνα
2983 4315 3050 4347 ex

469 4357 742 4423 Theogn.;
793 4358 860 4408 de
906 4356 1032 4423 ῥίνη
1079 4361 1148 4409 of.
1197 4360 1337 4410 Lob.
1373 4359 1540 4409 Proll.
1576 4362 1658 4410 66.
1728 4363 1810 4410 Ex
1856 4360 1958 4412 hoc
2005 4360 2325 4413 Catholicae
2385 4364 2503 4413 loco
2560 4379 2660 4413 sua
2716 4364 3053 4430 deprompsit

471 4425 665 4475 Choer.
705 4426 860 4476 Orth.
898 4429 1015 4488 255,
1053 4429 1110 4477 5:
1158 4424 1340 4478 ίςτὲον
1387 4425 1475 4478 ὅτι
1521 4426 1635 4478 ἑςτί
1679 4426 1803 4492 ῥινή
1842 4427 2115 4481 ὀξύτονον
2151 4431 2242 4480 καὶ
2276 4428 2402 4495 ῥίνη
2441 4430 2765 4494 βαρύτονον.
2803 4430 2946 4483 ἀλλὰ
2979 4433 3049 4483 τὸ
3109 4449 3113 4458 ·

473 4493 574 4552 μὲν
611 4491 882 4545 ὀξύτονον
919 4491 1168 4558 ςημαίνει
1204 4494 1272 4545 τὸ
1310 4493 1621 4557 λεγόμενον
1657 4494 1863 4560 ῥινίον,
1902 4496 1972 4546 τὸ
2009 4496 2069 4547 δὲ
2107 4497 2419 4562 βαρύτονον
2456 4498 2605 4549 εἶδος
2644 4497 2845 4561 ἰχθύος.

470 4558 505 4608 l.
547 4563 602 4609 11
643 4560 833 4626 ςατίνη
870 4590 935 4597 -—
973 4559 1295 4628 Μολυβδίνη
1333 4564 1539 4613 inserui
1578 4580 1645 4613 ex
1681 4564 1867 4614 Diohr.
1903 4567 2020 4626 291,
2058 4568 2121 4615 23
2159 4565 2351 4615 addito
2387 4562 2643 4631 Μυρρίνη
2683 4583 2749 4616 ex
2788 4568 2867 4618 St.
2904 4571 2967 4618 B.
3006 4584 3047 4618 s.

473 4624 758 4690 Φάρςαλος
803 4635 860 4679 et
897 4628 1220 4693 Μολυβδίνη
1269 4646 1337 4680 ex
1384 4631 1461 4680 St.
1502 4633 1563 4681 B.
1612 4631 1847 4696 expleto.
1919 4631 2177 4696 Μαντίνη
2216 4661 2280 4668 --
2316 4631 2525 4701 Λογίνη
2572 4634 2841 4685 debentur
2876 4636 3049 4687 'l'heo-

473 4700 691 4757 gnostO,
739 4713 773 4746 a
817 4697 1099 4747 Lobeckio
1147 4698 1311 4749 Pron.
1352 4702 1450 4749 216
1496 4699 1813 4762 emendam,
1870 4701 2016 4750 inter
2068 4717 2207 4766 quae
2254 4700 2537 4767 Μενεκίνη
2595 4707 2650 4753 et
2696 4701 2926 4767 Ὑρμίνη
2982 4720 3049 4753 ex

473 4761 552 4810 St.
593 4763 648 4812 B.
698 4764 962 4830 ampliata
1009 4772 1151 4819 sunt.
1228 4764 1528 4832 Ἀμαντίνη
1567 4795 1630 4802 -·
1668 4764 1922 4834 (Ζιβερίνη
1967 4771 2094 4819 sunt
2131 4765 2195 4818 ex
2236 4769 2317 4824 St.
2356 4771 2448 4835 B.,
2498 4768 2680 4835 Ἀςίνη
2726 4773 2925 4835 partim
2964 4788 3050 4823 ex-

1289 5091 1319 5108 d
