3664 5546
698 405 921 454 LXVIII
1777 405 2193 456 PRAEFATIO.

695 559 893 641 libro,
957 558 1211 647 qualem
1274 570 1547 647 uterque
1612 570 1903 625 nostrum
1968 560 2181 625 animo
2246 560 2667 626 informatum
2720 560 3067 642 habemus,
3130 560 3258 626 duo

692 663 982 729 homines
1044 672 1178 728 tam
1239 662 1686 727 concinentem
1750 663 2079 748 epitomen
2128 664 2343 727 facere
2397 663 2733 749 potuisse?
2807 662 2895 727 Et
2957 662 3116 749 quid
3170 663 3264 726 ait

691 764 993 829 Lascaris
1047 765 1115 828 in
1171 785 1291 828 sua
1346 763 1662 851 epistola?
1747 764 1840 830 Ut
1894 763 2195 851 equidem
2244 764 2468 829 video:
2528 787 2597 829 se
2655 766 2788 828 iam
2844 786 3039 852 saepe
3092 764 3261 849 cogi-

691 877 866 932 tasse
927 865 1168 932 librum
1242 866 1627 948 Theodosii,
1696 866 1809 952 qui
1879 876 1944 931 et
2005 867 2149 953 ipse
2211 870 2287 933 τὸ
2364 871 2559 949 μῆκος
2630 866 2999 948 retinuerit,
3064 888 3260 954 quum

692 970 982 1051 βραχίετη
1029 970 1292 1050 ἑπιτομή
1348 967 1488 1032 fieri
1542 990 1674 1033 non
1729 968 2013 1054 potuerit
2056 1007 2137 1016 —
2178 968 2563 1055 praesertim
2615 968 2684 1031 in
2738 977 3011 1033 accentu
3057 968 3260 1034 nomi-

687 1071 1056 1135 nativorum
1103 1068 1508 1154 (ὀνομαετική
1560 1070 1830 1134 Lascari
1875 1080 1976 1135 est
2029 1081 2338 1135 consueta
2378 1093 2511 1135 vox
2568 1092 2683 1157 pro
2729 1069 3127 1134 nominativo
3171 1068 3257 1133 cf.

687 1170 904 1236 Anall.
946 1171 1361 1236 Herodianea
1400 1195 1464 1264 p.
1506 1171 1660 1252 412,
1715 1172 1909 1236 etiarn
1963 1173 2292 1253 ἐξαιρεῖται
2338 1171 2431 1237 ibi
2476 1169 2747 1236 allatum
2798 1172 2905 1235 hic
2948 1170 3257 1252 occurrit)

688 1283 822 1337 tam
867 1271 1238 1359 multiplici,
1287 1273 1610 1358 cogitasse
1653 1273 1851 1358 igitur
1894 1271 2076 1337 illum
2105 1272 2345 1340 librum
2375 1273 2755 1354 Theodosii,
2801 1273 2884 1337 ob
2922 1272 3257 1359 idipsum,

688 1375 862 1461 quod
908 1380 1103 1455 μῆκος
1147 1375 1359 1438 adhuc
1402 1384 1536 1438 tam
1578 1373 1846 1459 longum
1876 1376 2019 1456 sit,
2078 1375 2147 1438 in
2203 1374 2465 1440 brevius
2528 1375 2933 1441 contrahere.
3018 1372 3148 1438 Sed
3190 1374 3258 1438 id
3378 1373 3385 1380 ’

687 1475 830 1539 fieri
875 1498 1002 1540 non
1047 1478 1357 1563 potuisse.
1418 1477 1510 1541 At
1552 1476 1717 1541 liber
1759 1476 1841 1541 de
1886 1476 2085 1541 verbo
2117 1514 2200 1524 —
2232 1476 2313 1542 de
2342 1500 2419 1543 eo
2450 1477 2590 1541 fieri
2619 1476 2775 1564 quid
2808 1484 3042 1562 potest.
3101 1475 3259 1540 Pos-

687 1587 838 1641 sunt
882 1600 937 1641 e.
983 1599 1045 1662 g.
1091 1581 1308 1643 omnia
1348 1579 1555 1643 verba
1597 1578 1665 1641 in
1706 1582 1778 1659 [ff
1821 1579 2065 1660 omitti,
2119 1601 2285 1665 quae
2328 1579 2545 1644 omnia
2586 1587 2921 1643 accentum
2966 1587 3143 1642 certo
3187 1579 3257 1641 in

685 1676 827 1744 loco
870 1678 1113 1745 habent
1159 1682 1473 1767 (exceptis
1519 1680 1964 1767 quibusdam).
2025 1679 2270 1746 Saltem
2299 1680 2461 1745 haec
2502 1680 2608 1745 hic
2652 1681 2890 1745 omisit.
2926 1717 3001 1727 —
3036 1681 3257 1765 Atque

685 1780 1114 1866 amplissimos
1161 1783 1337 1848 viros
1382 1779 1543 1845 nihil
1587 1780 1768 1845 aliud
1812 1781 2044 1847 docere
2086 1782 2229 1847 vult
2282 1782 2410 1846 nisi
2456 1782 2538 1847 de
2582 1781 2800 1848 verbis
2846 1782 2911 1845 in
2958 1784 3042 1865 ὦ,
3088 1803 3256 1868 quae

685 1879 1065 1963 βαρύνονται
1119 1893 1186 1948 et
1250 1905 1417 1969 quae
1472 1889 1933 1966 περιεπῶνται,
1992 1894 2057 1949 et
2112 1882 2338 1948 ordine
2391 1884 2651 1971 quidem
2702 1906 2872 1948 nunc
2931 1887 3001 1952 in
3064 1907 3254 1949 usum

681 1995 1093 2070 receptarum
1150 1994 1456 2072 quattuor
1509 1984 2061 2070 coniugationum.
2147 1985 2343 2050 Hunc
2404 1985 2693 2051 ordinem
2748 1987 3103 2070 ((υντάξαε)
3146 1986 3255 2051 hic

681 2084 993 2151 habemus
1039 2096 1104 2150 et
1147 2085 1432 2151 concidit
1474 2088 1854 2170 (ευντεμών)
1882 2086 2122 2153 librum
2150 2088 2281 2151 iam
2325 2109 2437 2169 ec,
2485 2089 2658 2176 quod
2689 2089 2985 2174 quintam
3017 2088 3254 2175 (verba

684 2187 752 2250 in
794 2189 885 2273 μι)
944 2211 1211 2275 prorsus
1266 2191 1724 2274 praetermisit.
1822 2189 2100 2276 Reliqua
2153 2189 2439 2254 concisio
2484 2192 2906 2274 ((υντέμνειν)
2960 2212 3119 2255 sane
3173 2211 3251 2254 eo

682 2290 1086 2373 continetur,
1133 2289 1309 2376 quod
1353 2291 1675 2378 quaedam
1717 2291 2005 2376 pressius
2051 2292 2348 2378 concepit
2390 2313 2447 2356 e.
2492 2314 2557 2377 g.
2609 2292 2665 2356 si

1047 2405 1052 2410 ’
1249 2395 1328 2458 τὰ
1371 2394 1459 2459 εἰ(
1499 2399 1595 2470 γ-α]
1642 2394 1964 2475 βαρύτονα

1306 2532 1389 2545 —-
1516 2532 1600 2540 —
1643 2495 1893 2577 ἰαμβικά

1302 2637 1385 2647 -
1496 2602 1590 2663 κὐῡ
1633 2599 1973 2679 διεύλλαβα
2018 2619 2163 2662 cum
2210 2597 2497 2662 Arcadio
2542 2597 2860 2663 conferas.

677 2700 814 2764 Nec
854 2700 1134 2764 fortasse
1177 2700 1470 2788 profiteri
1511 2698 1724 2765 voluit
1779 2722 1850 2764 se
1904 2697 2062 2762 nihil
2120 2698 2249 2762 nisi
2293 2698 2681 2764 describere.
2756 2700 3023 2782 Pauca,
3079 2719 3261 2788 quae‘

675 2802 873 2867 habet
938 2803 1113 2889 apud
1167 2802 1525 2867 Arcadium
1579 2826 1711 2868 non
1766 2803 2123 2883 exstantia,
2190 2801 2532 2867 ostendere
2598 2802 2903 2867 videntur
2970 2802 3039 2864 in
3105 2804 3244 2866 cius

672 2904 1116 2992 Manuscripto
1175 2890 1280 2969 hic
1332 2904 1466 2970 illic
1520 2902 1806 2991 paullulo
1863 2901 2009 2989 plus
2066 2904 2413 2968 verborum
2467 2903 2672 2969 fuisse
2729 2903 2821 2989 (v.
2876 2906 2956 2969 τὰ
3011 2905 3100 2970 εἰ(
3155 2892 3245 2972 iffi

673 3010 782 3085 τῆ(
828 3009 1128 3087 δευτέρας
1169 3008 1316 3072 καθ’
1348 3008 1508 3087 ἡμᾶς
1540 3005 1978 3088 βαρύνονται),
2023 3003 2301 3069 fortasse
2343 3007 2539 3071 etiam
2567 3028 2766 3070 unum
2797 3004 3072 3071 alterum
3099 3027 3243 3070 ver·

673 3110 828 3174 bum
856 3118 1080 3195 utpote
1110 3108 1299 3172 homo
1331 3106 1557 3171 doctus
1590 3106 1674 3170 de
1710 3128 1824 3170 suo
1859 3105 2274 3200 adscripsit.“
2308 3144 2386 3154 —
2412 3107 2594 3172 Haec
2628 3106 2967 3189 Lehrsius,
3006 3108 3243 3195 quibus

671 3208 832 3273 nihil
877 3208 1118 3274 addere
1161 3208 1392 3273 habeo.
1422 3245 1506 3254 —-
1533 3206 1666 3272 Ubi
1710 3205 1879 3270 hanc
1923 3208 2244 3291 epitomen
2289 3207 2588 3291 adhibui,
2634 3209 2938 3274 Lascaris
2983 3211 3242 3274 nomine

670 3333 828 3375 usus
874 3333 1045 3391 sum3
1093 3307 1373 3395 reliquos
1418 3306 1620 3373 libros
1663 3308 1895 3371 iisdem
1938 3307 2169 3392 literis,
2218 3310 2451 3396 quibus
2498 3310 2823 3393 Schmidt,
2875 3311 3240 3395 significavi

669 3435 880 3498 neque
925 3423 1140 3475 tamen
1181 3411 1421 3497 ubique
1467 3409 1937 3495 discrepantias
1983 3432 2201 3475 omnes
2249 3411 2468 3495 attuli,
2526 3412 2640 3477 sed
2687 3435 2797 3477 eas
2840 3421 3125 3494 tantum,
3170 3414 3239 3476 in

670 3513 907 3599 quibus
962 3510 1207 3599 aliquid
1274 3513 1578 3575 momenti
1643 3513 1856 3575 inesse
1924 3510 2311 3595 videbatur,
2379 3536 2588 3601 neque
2657 3516 2825 3579 enim
2881 3513 3237 3580 Arcadium

670 3615 861 3679 cdere
904 3612 1111 3694 volui,
1157 3614 1339 3677 cuius
1370 3612 1806 3677 emendationi
1838 3615 1993 3677 satis
2024 3612 2418 3679 Schmidtius
2459 3615 2812 3697 consuluit,
2856 3615 2972 3680 sed
3004 3616 3237 3679 Catho-

669 3714 860 3779 licam
904 3719 1264 3779 restituere.
1313 3752 1396 3762 —
1439 3712 1802 3779 Nonnullas
1850 3716 2330 3781 emendationes
2377 3725 2444 3781 et
2487 3718 2976 3782 observationes
3032 3717 3235 3782 debeo

669 3816 954 3881 Henrico
1012 3816 1266 3898 Iacobi,
1327 3839 1367 3880 a
1422 3838 1548 3903 quo
1606 3815 1903 3881 relictum
1961 3818 2294 3904 exemplar
2353 3818 2621 3883 Arcadii
2677 3828 2999 3883 mercatus
3069 3843 3237 3884 sum.

669 3917 1012 3983 Possessor
1056 3928 1120 3983 et
1160 3921 1300 4004 ipse
1346 3917 1427 3982 de
1483 3918 1740 3983 edenda
1785 3916 2119 3983 Catholica
2174 3921 2517 4005 cogitavit,
2573 3920 2690 3985 sed
2746 3921 2948 3986 multo
3003 3921 3235 3986 arctio-

666 4020 845 4091 ribus
900 4020 1137 4085 finibus
1193 4042 1386 4106 quam
1443 4041 1561 4103 ego
1619 4042 1780 4106 opus
1836 4041 2023 4083 suum
2077 4021 2583 4108 circumscripsit
2627 4021 2804 4107 (nam
2862 4045 2941 4087 ea
2983 4033 3236 4087 tantum

667 4122 1042 4187 Catholicae
1085 4122 1484 4206 fragmenta,
1531 4142 1696 4207 quae
1739 4119 2100 4186 Herodiani
2144 4124 2401 4187 nomine
2446 4123 2759 4208 insignita
2800 4124 2885 4189 ad
2930 4147 3046 4189 nos
3089 4146 3233 4211 per-

664 4232 1012 4304 venerunt,
1067 4225 1346 4307 margini
1401 4221 1751 4309 appinxit).
1841 4221 2003 4287 Eius
2047 4233 2268 4306 notas,
2315 4225 2427 4289 ubi
2473 4223 2745 4291 alicuius
2788 4228 2980 4312 prefii
3023 4235 3231 4307 erant,

662 4327 879 4410 recepi
925 4327 1206 4389 auctoris
1249 4325 1507 4389 nomine
1553 4323 1970 4408 significatas.

829 4428 1129 4492 Ἰωάννου
1173 4428 1635 4506 Ἀλεξανδρέως
1677 4427 1900 4491 τονικὰ
1944 4429 2434 4509 παραγγέλματα
2477 4451 2624 4493 cum
2670 4428 2841 4494 Aelii
2874 4429 3230 4494 Herodiani

662 4531 806 4609 περὶ
849 4529 1182 4607 (χημάτων
1226 4526 1392 4591 libro
1437 4527 1857 4613 supposificio
1904 4526 2108 4591 edidit
2149 4528 2511 4594 Guilelmus
2541 4530 2924 4595 Dindorfius
2965 4532 3230 4618 Lipsiae

660 4629 929 4695 libraria
970 4628 1518 4693 Weidmanniana
1560 4628 1674 4711 (G.
1719 4626 2012 4714 Reimer)
2068 4630 2251 4695 1825.
2341 4632 2448 4696 Ex
2501 4632 2906 4718 praefatione
2962 4633 3229 4698 editoris

659 4729 818 4795 haec
862 4732 944 4796 de
986 4731 1316 4797 codicibus
1364 4730 1692 4795 describo:

849 4832 1110 4897 Ioannis
1176 4832 1607 4898 Alexandrini
1680 4835 1904 4898 τονικὰ
1976 4837 2469 4915 παραγγέλματα
2543 4858 2625 4900 ex
2693 4837 2916 4901 eodem
2986 4835 3226 4902 Codice
