3664 5546
1207 430 1366 486 ΠΕΡΙ
1406 431 1798 487 ΚΑΘΟΛΙΚΗ(
1836 431 2257 519 ΠΡΟΕΩιΔΙᾼ(
2306 432 2359 487 Ε.
2818 426 2826 433 ’
2992 431 3114 495 119

519 603 758 682 ὁμοίως
823 604 924 668 καὶ
987 603 1467 682 Φιλοςτέφανός
1529 624 1678 682 φηςι
1743 605 1846 667 καὶ
1913 602 2116 669 ἄλλοι.
2217 603 2491 683 Θίβιος
2547 603 2735 668 ἔθνος
2787 604 2952 681 πρὸς
3016 609 3108 686 τῷ

518 705 755 790 Πόντῳ
804 707 1210 787 βαςκαντικὸν
1257 707 1359 770 καὶ
1387 706 1828 787 φθοροποιὸν,
1878 706 1968 769 ῶς
1995 706 2285 784 Δίδυμος
2328 705 2398 769 ἐν
2445 705 2724 788 δευτέρῳ
2771 701 3105 784 ςυμποςια·

518 814 651 874 κῶν
698 812 1008 874 «θανατοῖ
1050 809 1122 872 δὲ
1177 808 1253 872 τὸ
1309 812 1556 887 πνεῦμα
1612 807 1825 871 αὐτῶν
1886 806 1983 872 οἷς
2039 808 2118 872 ἂν
2163 808 2486 890 πληςιάζῃ.
2573 809 2676 871 καὶ
2729 808 2807 871 τὰ
2852 808 3107 885 ςώματα

517 911 733 976 αὐτῶν
778 912 866 976 εἰς
909 911 1220 976 θάλαςςαν
1267 908 1536 990 ῥιφέντα
1580 910 1660 974 ού
1703 909 2120 974 καταδύουςιν
2137 934 2181 973 ».
2270 910 2550 990 Εὔβιος
2597 910 2784 973 ἔθνος
2827 909 3104 984 Λιγυςτι-

517 1012 650 1077 κόν.
741 1014 999 1097 Γάβιοι
1056 1014 1241 1079 πόλις
1295 1013 1580 1078 Λατίνων
1636 1013 1739 1076 καὶ
1800 1012 2083 1095 ἐθνικόν,
2143 1012 2233 1076 ὡς
2286 1011 2632 1076 Διονύςιος
2686 1011 2758 1076 ἐν
2821 1011 3102 1094 τετάρτῳ
3130 1023 3162 1072 5

515 1114 864 1192 Ῥωμαϊκῆς
908 1115 1375 1195 ἀρχαιολογίας.
1465 1113 1738 1195 Τάβιοι
1783 1114 1968 1177 πόλις
2013 1114 2298 1196 Ἰταλίας,
2356 1114 2426 1177 ἐν
2484 1115 2520 1197 ᾗ
2581 1114 2643 1178 οἱ
2687 1114 2832 1192 περὶ
2876 1112 3102 1191 Ῥέμον

514 1216 989 1297 ἐπαιδεύθηςαν.
1077 1219 1180 1282 καὶ
1223 1218 1297 1282 τὸ
1343 1217 1595 1281 ἐθνικὸν
1641 1216 1895 1305 ὁμοίως.
1984 1217 2516 1297 Τολοςτόβιος
2572 1217 2759 1280 ἔθνος
2805 1217 3102 1280 Γαλατῶν

513 1319 821 1397 ἑςπερίῶν
867 1320 1370 1399 μετοικηςάντων
1416 1320 1485 1383 ἐκ
1527 1322 1636 1396 τῆς
1686 1318 2184 1395 Κελτογαλατίας
2229 1318 2318 1383 εἰς
2362 1318 2675 1383 Βιθυνίαν.
2744 1318 3099 1395 Ἐρατοςθέ-

512 1442 628 1499 νης
697 1422 763 1485 δ’
818 1422 888 1486 ἐν
950 1423 1189 1506 πρώτῳ
1259 1423 1614 1486 Γαλατικῶν
1670 1411 2213 1501 Τολιςτοβωγίους
2277 1421 2515 1485 αὐτούς
2579 1440 2784 1499 φηςιν.
2885 1420 3105 1499 Ἀρά--

511 1528 707 1605 Ζιος·.,
766 1522 1183 1606 (αβάζιος,
1248 1523 1683 1605 Ἀκάνθιος,
1749 1521 1877 1603 ἀφ’
1938 1521 2018 1586 οὗ
2074 1523 2729 1596 «Ἀκάνθιος,τέττιξ»
2800 1524 2903 1587 ἐπὶ
2967 1529 3098 1588 τῶν
3140 1528 3203 1583 lo

510 1624 832 1708 ἀφώνων,
887 1629 1170 1690 τοιοῦτοι
1224 1626 1347 1703 γάρ
1392 1624 1454 1689 οἱ
1498 1628 1607 1702 τῆς
1650 1626 1865 1703 χώρας
1920 1627 2225 1708 τέττιγες,
2284 1626 2373 1689 ὡς
2418 1624 2778 1703 (ιμῶνίδης.
2854 1624 3097 1691 (αλά-

510 1748 687 1805 μιος
732 1728 918 1792 ἔθνος
962 1726 1263 1808 Ἀράβων.
1352 1727 1597 1805 ςάλαμα
1641 1728 1711 1791 δὲ
1757 1728 1794 1805 ἡ
1842 1728 2075 1805 εἰρήνη.
2164 1727 2617 1805 ώνομάςθηςαν
2675 1728 2747 1791 δὲ
2804 1726 2934 1792 ἀπὸ
2980 1732 3097 1793 τοῦ

510 1830 852 1893 ἔνςπονδοι
909 1830 1195 1905 γενέςθαι
1251 1832 1388 1893 τοῖς
1445 1828 1839 1909 Ναβαταίοις.
1943 1830 2266 1911 Κράνιοι
2321 1830 2507 1894 πόλις
2561 1829 2632 1893 ἐν
2693 1829 3096 1912 Κεφαλληνίᾳ

507 1938 584 2014 τῇ
641 1932 828 2015 νήςῳ.
918 1930 1385 2009 Δανδάριος
1441 1932 1629 1996 ἔθνος
1672 1932 1820 2008 περὶ
1863 1933 1978 1995 τὸν
2039 1932 2397 2014 Καύκαςον,
2458 1933 2546 1995 ὡς
2604 1931 2924 1996 Ἑκαταῖος
2981 1933 3092 1996 Εὐ-

508 2034 709 2117 ρώπῃ.
798 2033 1235 2112 (αγγάριος
1291 2033 1477 2098 ἔθνος
1531 2036 1643 2110 τῆς
1699 2033 1873 2098 κάτω
1919 2034 2196 2112 Φρυγίας
2252 2033 2607 2113 ὁμωνύμως
2662 2040 2752 2117 τῶ
2808 2041 3093 2117 ποταμῷ.
3135 2042 3194 2093 15

505 2135 944 2214 Ψυκτήριος
986 2136 1185 2200 τόπος
1232 2136 1301 2200 ἐν
1348 2135 1595 2219 Θρᾴκῃ,
1640 2134 1771 2200 άπὸ
1803 2136 2189 2213 Ἡρακλέους
2219 2135 2669 2215 ἀναψύξαντος
2709 2137 2826 2200 τὸν
2855 2136 3092 2213 ἱδρῶτα

505 2238 575 2302 ἐν
619 2244 710 2321 τῷ
754 2242 1208 2303 καταπαλαῑςαι
1252 2239 1368 2302 τὸν
1413 2238 1842 2319 Ἀδραμύλην,
1888 2238 2095 2302 καθώς
2138 2259 2327 2318 φηςιν
2360 2238 2794 2302 Ἀπολλώνιος
2838 2238 2908 2302 ἐν
2955 2239 3090 2303 Κνί-

456 2349 468 2359 “
504 2344 623 2405 δου
667 2340 866 2405 κτίςει.
955 2342 1057 2405 καὶ
1113 2342 1188 2405 τὸ
1233 2341 1484 2404 ἐθνικόν
1530 2339 1915 2419 ὁμοφώνως.
1986 2341 2319 2405 Βάντιος
2363 2342 2551 2404 ἔθνος
2596 2339 2860 2421 Θρᾴκης.
2917 2340 3087 2404 Ἑκα-

502 2445 695 2507 ταῖος.
745 2442 1165 2522 Μαράφιος
1211 2443 1400 2507 ἔθνος
1444 2442 1514 2506 ἐν
1544 2441 1863 2520 Περςίδι
1910 2441 2041 2507 ἀπὸ
2090 2443 2439 2522 Μαραφίου
2489 2442 3086 2522 βαςιλέως.-Τηλέ-

502 2564 687 2623 φιος
743 2547 941 2621 δῆμος
994 2543 1237 2608 Λυκίας.
1340 2544 1707 2623 Μέναιχμος
1761 2544 1885 2622 γάρ
1942 2566 2131 2624 φηςιν
2190 2544 2286 2608 ὅτι
2355 2543 2529 2608 «ἀπὸ
2590 2544 2749 2608 ἑπτὰ
2815 2545 3085 2609 ςταδίων
3120 2555 3189 2604 20

499 2646 820 2723 Πατάρων
866 2645 1167 2724 Τηλέφου
1218 2645 1424 2724 Κρήνη
1471 2646 1783 2710 δείκνυται
1840 2647 1945 2709 διὰ
1997 2648 2072 2711 τὸ
2117 2646 2417 2725 Τήλεφον
2474 2645 2905 2725 ἀπονίψαςθαι
2958 2647 3087 2710 ἐκεῖ

499 2750 575 2814 τὸ
619 2752 895 2830 τραῦμα,
951 2748 1229 2826 θολερὰν
1285 2748 1354 2812 δὲ
1401 2745 1581 2812 εἶναι.
1670 2748 1794 2814 ἔςτι
1851 2749 1954 2813 καὶ
2008 2751 2206 2828 δῆμος
2251 2749 2628 2828 Τηλέφιος».
2717 2748 3081 2814 Ὑπαιλό-

503 2873 665 2930 χιοι
711 2852 898 2915 ἔθνος
946 2849 1359 2916 Μολοςςικόν.
1446 2850 1695 2915 Ῥιανὸς
1741 2851 1810 2915 ἐν
1857 2851 2137 2935 τετάρτῳ
2183 2851 2593 2917 Θεςςαλικῶν.
2681 2839 3081 2930 Αἰδήψιος.

502 2953 893 3032 Καλλίμαχος
922 2951 1145 3037 Ἑκάλῃ
1193 2951 1450 3031 «ἄρκιος
1479 2953 1517 3029 ἢ
1549 2953 1851 3031 χείρεςςιν
1883 2953 2049 3019 ἑλῶν
2081 2954 2396 3031 Αἰδήψιον
2426 2953 2548 3030 ἄορ
2564 2977 2607 3016 ».
2654 2953 2923 3031 Λυκάψ
2942 2975 3079 3036 ιος,

500 3057 914 3134 Γαλήψιος.
987 3056 1063 3119 τὸ
1109 3056 1179 3119 δὲ
1227 3054 1656 3134 χαραδριός
1702 3053 1991 3120 ὀξύνεται
2037 3057 2138 3120 καὶ
2181 3056 2559 3135 θαλαμιός
2604 3055 2641 3119 ὸ
2686 3057 3080 3135 κωπηλάτης.
3115 3065 3182 3115 ‘25

664 3158 760 3223 Τὰ
813 3155 943 3221 ἀπὸ
998 3161 1128 3220 τῶν
1182 3155 1270 3220 εἰς
1324 3160 1398 3220 δί
1453 3157 1558 3221 διὰ
1620 3162 1739 3221 τοῦ
1791 3161 1898 3222 ffi?
1960 3159 2513 3237 προπαροξύνεται
2580 3160 3080 3237 ςυνεςταλμένου

493 3264 610 3326 τοῦ
653 3261 717 3340 ἶ,
772 3258 828 3323 εἰ
882 3259 962 3337 μή
1017 3259 1356 3339 τριβράχεα
1412 3258 1517 3323 ἐπὶ
1570 3259 1804 3337 κυρίων
1861 3258 1990 3342 εἴη,
2057 3262 2469 3344 πολέμιος,
2526 3261 2921 3339 ποτάμιος
2978 3262 3079 3324 καὶ

493 3359 1099 3440 παραποτάμιος
1155 3361 1245 3425 ώς
1298 3361 1898 3441 Παρακηφίςιος
1965 3365 2066 3427 καὶ
2130 3363 2735 3442 προςωκεάνιος.
2835 3363 3076 3428 Διονύ-

494 3485 623 3529 ςιος
677 3465 716 3527 ὁ
771 3462 1282 3540 Ἁλικαρναςςεὺς
1337 3463 1408 3527 ἐν
1462 3470 1538 3548 τῇ
1594 3464 1671 3527 ιθ’
1725 3468 1837 3542 τῆς
1889 3465 2234 3542 Ῥωμαῖκῆς
2290 3464 2744 3544 ἀρχαιολογίας
2800 3465 3076 3546 «Λιβύην

493 3554 956 3645 χειρωςάμενος
1001 3565 1177 3644 μέχρι
1222 3567 1325 3629 καὶ
1366 3570 1496 3630 τῶν
1539 3567 2010 3643 παρωκεανίων-
2046 3567 2312 3631 ἐθνῶν».
2401 3552 2777 3646 παρηγμένα
2830 3566 2898 3630 ἐκ
2954 3567 3073 3631 δύο
3109 3576 3178 3626 30

491 3669 580 3734 εἰς
624 3669 710 3734 ἕν.
774 3668 1105 3748 μίςθιος,
1153 3665 1509 3751 ῥύθμιος,
1554 3668 1851 3750 φίλιος,
1901 3649 2198 3750 ξένιοέ,
2245 3670 2539 3747 δήμιος.
2634 3668 2955 3733 Κλυτίος
3001 3670 3073 3733 δὲ

489 3773 566 3836 τὸ
610 3771 832 3849 κύριον
875 3769 1313 3846 παροξύνεται.
2378 3855 2385 3862 .

659 3872 754 3936 Τὰ
808 3871 912 3935 διὰ
970 3874 1088 3935 τοῦ
1144 3871 1277 3933 ςἰδῐ
1330 3873 1432 3935 καὶ
1484 3875 1619 3937 ῖΓ-ος
1673 3873 2307 3954 προπαροξύνονται,
2365 3874 2418 3937 εἰ
2475 3875 2555 3951 μὴ
2601 3854 2785 3951 κύρια
2827 3873 2924 3951 εἴη
2970 3875 3071 3936 καὶ

488 3965 857 4056 τριβρόίχεα,
903 3971 1309 4054 ἀςπάςιος,
1355 3975 1855 4053 πρυμνήςιος.
1931 3975 2420 4040 Ταυλάντιος
2478 3976 2817 4053 Ἰλλυρικὸν
2863 3976 3067 4039 ἔθνος.

487 4077 827 4158 Εὐφορίων
873 4076 943 4139 δὲ
989 4075 1143 4152 μετά
1191 4079 1307 4139 τοῦ
1353 4079 1389 4139 ν
1435 4076 1909 4143 Ταυλαντίνους
1960 4077 2196 4143 αὐτούς
2241 4098 2410 4156 φηςι.
2456 4078 2903 4158 θαλάττιος,
2956 4081 3065 4141 δι-
3102 4085 3168 4137 35

486 4179 846 4258 πλάςιος,
891 4175 1305 4258 Ταράςιος,
1350 4176 1812 4263 ἀμβρόςιος,
1866 4181 2188 4264 ἱκέςιος,
2244 4179 2651 4262 ἀνάρςιος,
2696 4180 3065 4259 Ἐφέςιος.

620 4402 657 4452 l.
697 4403 763 4451 25
800 4416 896 4465 pro
930 4397 1168 4463 χλωριός
1204 4400 1404 4465 scripsi
1438 4414 1505 4449 ex
1540 4399 1603 4453 Ε.
1643 4400 1715 4451 Μ.
1754 4404 1870 4464 380,
1907 4405 1973 4452 30
2007 4399 2314 4466 χαραδριός,
2508 4400 2543 4448 l.
2582 4404 2646 4451 ‘27
2684 4402 2773 4452 καί
2810 4415 3061 4465 παραπο-

486 4469 679 4535 τάμιος
715 4497 782 4504 -—
821 4465 899 4518 εἰς
936 4466 999 4517 ἕν
1038 4484 1104 4517 ex
1131 4467 1212 4518 St.
1237 4467 1299 4517 B.
1337 4471 1454 4530 707,
1487 4471 1547 4530 4,
1585 4484 1653 4517 ex
1690 4470 1881 4520 eodem
1915 4467 2125 4533 δήμιος.
2172 4472 2277 4519 Pro
2304 4465 2545 4533 Φρυγίος
2574 4471 2772 4535 scripsi
2810 4468 3058 4535 Κλυτίος,

486 4555 648 4603 quum
686 4538 996 4587 derivatum
1031 4551 1065 4584 a
1100 4537 1314 4586 nomine
1348 4538 1406 4586 in
1442 4540 1503 4588 οἳ
1539 4538 1868 4599 requiratur.
1939 4537 2141 4589 Simssis
2187 4553 2363 4588 canon
2408 4542 2593 4588 exstat
2628 4538 2686 4587 in
2724 4538 2917 4589 Choer.
2958 4540 3055 4604 Ep.

487 4609 542 4656 in
577 4606 781 4658 Psalm.
819 4606 902 4665 34,
940 4606 996 4653 2:
1035 4603 1137 4655 ὅςα
1172 4603 1287 4655 ἀπὸ
1324 4606 1445 4655 τῶν
1481 4602 1560 4656 εἰς
1598 4604 1660 4657 οἱ
1698 4605 2006 4670 ἀρςενικῶν
2043 4607 2132 4657 καὶ
2169 4604 2489 4669 οὐδετέρων
2532 4603 2620 4655 διὰ
2663 4608 2766 4657 τοῦ
2802 4606 2885 4658 Γοῖ
2923 4621 3058 4671 παρ-

487 4677 648 4739 ῆκται
686 4670 1128 4733 ςυνεςταλμένου
1164 4671 1332 4723 ὄντος
1367 4676 1471 4724 τοῦ
1507 4678 1540 4724 ἰ’
1577 4674 2062 4739 προπαροξύνεται
2097 4673 2220 4726 οἷον
2244 4672 2400 4725 ξένος
2426 4672 2627 4736 ξένιος,
2654 4671 2817 4736 φίλος
2854 4673 3056 4740 φίλιος,

489 4742 739 4806 ποταμός
774 4737 1064 4804 ποτάμιος,
1102 4739 1298 4803 δεςμός
1324 4740 1561 4804 δέςμιος·
1598 4743 1786 4794 οὕτως
1822 4742 1926 4793 οὖν
1964 4743 2054 4794 καὶ
2089 4747 2257 4807 κῦρος
2296 4741 2496 4805 κύριος.
2600 4741 2635 4790 l.
2661 4744 2726 4791 34
2762 4759 2858 4806 pro
2894 4744 3056 4793 libro-

491 4825 604 4860 rum
647 4812 926 4874 scriptura
958 4809 1283 4871 ταλάντιος,
1333 4812 1422 4860 cui
1470 4811 1731 4864 Schmidt.
1783 4809 2106 4864 Ἀτλάντιος
2153 4811 2469 4874 substituit,
2518 4810 2676 4875 posui
2713 4808 3058 4863 Ταυλάντιος

491 4893 610 4927 oum
650 4877 1020 4944 explicatione
1065 4895 1132 4929 ex
1179 4879 1257 4928 St.
1292 4880 1386 4941 B„
1441 4881 1658 4930 nomina
1703 4879 1831 4929 inde
1876 4895 1910 4929 a
1957 4878 2237 4932 διπλάςιος
2284 4894 2456 4943 usque
2494 4878 2566 4928 ad
2606 4875 2952 4941 Ἀχερόντιος
2992 4897 3058 4930 ex

489 4945 730 5012 Theogn.
778 4948 867 5004 56,
906 4947 996 5008 25,
1041 4945 1190 5012 apud
1237 4961 1394 5009 quem
1442 4948 1672 4998 diserte:
1720 4944 2110 5013 (υρακόςςιος,
2156 4945 2313 4999 οὕτω
2358 4946 2464 5009 γὰρ
2501 4945 2840 5010 Ἡρωδιανὸς
2889 4945 2952 4997 ἐν
2986 4951 3057 5012 τῇ
