3664 5546
1591 374 2010 422 PRAEFATIO.
2780 376 3071 426 CLXXVII

653 525 1044 613 Scymnus
1092 529 1421 614 profertur
1458 529 1543 592 ab
1587 527 1837 592 Herod.
1886 528 2060 591 Mon.
2113 529 2213 609 19,
2258 529 2300 592 5
2344 541 2609 615 propter
2650 529 2924 596 fiuvium
2967 535 3069 611 Ἴς,

486 629 621 691 eius
668 628 1111 694 testimonium
1155 652 1260 714 ap.
1293 629 1388 693 St.
1421 629 1498 692 B.
1542 630 1691 711 337,
1743 633 1851 711 ll,
1898 630 2009 716 qui
2054 652 2253 693 unum
2292 630 2697 696 Herodotum
2744 656 2827 697 ex
2857 632 3068 698 Hero-

486 732 680 796 diano
726 731 1168 796 transcribere
1226 731 1386 795 satis
1432 729 1697 813 habuit,
1755 731 2119 813 intercidit,
2178 754 2284 817 ap.
2321 732 2417 797 St.
2451 733 2526 796 B.
2574 745 2804 819 quater
2848 735 3071 799 lauda·

487 844 621 915 tur,
676 857 807 897 uno
864 833 1007 897 loco
1063 856 1126 918 p.
1171 833 1329 914 233,
1376 833 1417 897 3
1473 855 1706 897 versus
1762 855 1847 897 ex
1902 845 2121 919 poeta,
2178 857 2368 918 quem
2414 835 2770 921 Scymnum
2816 836 3068 918 dicunt,

489 946 941 1020 proponuntur
983 935 1069 999 cf.
1116 933 1357 998 Mulier
1402 935 1644 1018 Geogr.
1692 934 1851 998 Min.
1902 936 1934 999 I
1978 958 2043 1019 p.
2090 935 2353 1000 LXXV
2400 960 2578 1022 seqq.

656 1036 1192 1122 Thucydides
1260 1037 1521 1121 saepius
1581 1058 1620 1098 a
1676 1037 1909 1102 Choer.
1967 1038 2209 1101 citatur
2262 1061 2323 1124 p.
2393 1039 2541 1116 152,
2597 1039 2637 1103 8
2702 1051 2967 1126 propter
3030 1041 3069 1119 ἡ

486 1142 958 1219 τριακονταέτις
1028 1144 1137 1218 τῆς
1210 1140 1760 1217 τριακονταέτιδος
1837 1145 2006 1205 «τῶν
2080 1142 2651 1218 τριακονταετίδων
2727 1149 3066 1209 ςπονδῶν»

490 1242 550 1325 (Ι
598 1242 704 1323 87)
753 1251 818 1305 et
873 1240 1037 1306 ibid.
1083 1239 1167 1302 20
1222 1239 1502 1326 propter'
1540 1243 2050 1332 τριακοντούτεις
2109 1244 2390 1308 ςπονδάς
2448 1243 2510 1328 (Ι
2556 1243 2702 1325 23);
2762 1266 2802 1307 a
2853 1244 2944 1309 St.
2990 1245 3068 1308 B.

488 1344 870 1429 saepissime
913 1344 1008 1406 ita
1053 1349 1127 1405 ut
1170 1363 1253 1405 ex
1298 1341 1676 1407 Herodiano
1720 1343 1861 1406 eius
1906 1344 2351 1407 testimonium
2395 1356 2729 1430 sumptum
2774 1368 2917 1410 esse
2963 1369 3070 1431 ap-

488 1455 716 1530 pareat
760 1467 818 1507 e.
869 1466 936 1529 g.
989 1444 1143 1524 105,
1194 1443 1275 1506 14
1329 1444 1685 1509 Ἀποδωτοί
1733 1446 1823 1510 ὡς
1869 1446 2139 1510 Βοιωτοί
2183 1446 2372 1512 ἔθνος
2415 1446 2738 1512 Αἰτωλίας.
2828 1450 3070 1512 Θουκυ-

488 1549 690 1626 δίδης;
747 1569 810 1632 p.
857 1546 1013 1628 380,
1063 1547 1098 1610 7
1159 1547 1543 1624 Κροκύλειον
1599 1550 1789 1623 νῆςος
1846 1547 2096 1627 Ἰθάκης.
2187 1549 2582 1627 Θουκυδίδης
2635 1550 2841 1634 τρίτῃ,
2898 1549 3073 1633 quod

485 1669 721 1712 nomen
780 1650 979 1713 etiam
1025 1646 1318 1730 Theogn.
1374 1646 1576 1711 habet
1631 1648 1930 1733 quamvis
1979 1658 2388 1734 corruptum,
2446 1673 2510 1733 p.
2554 1651 2671 1731 46,
2717 1651 2759 1715 5
2808 1659 3074 1736 propter

487 1750 730 1833 gentile
775 1751 1066 1815 Αἰθαιεύς
1112 1759 1177 1812 et
1219 1771 1285 1833 p.
1332 1748 1447 1828 92,
1496 1749 1532 1812 7
1579 1759 1848 1834 propter
1890 1750 2295 1832 gentilicium
2341 1751 2644 1831 Ἀναῑτης.

655 1852 958 1938 Denique
1005 1848 1456 1934 Xenophon
1513 1860 1579 1912 et
1630 1850 1698 1913 in
1745 1850 2112 1915 Herodiani
2166 1851 2426 1936 scriptis
2477 1852 2818 1934 laudatur,
2875 1854 3072 1918 etiam

488 1975 594 2037 ap.
640 1952 872 2018 Choer.
915 1953 1098 2016 Dict.
1142 1952 1290 2033 217,
1325 1951 1422 2038 ι30
1474 1961 1740 2036 propter
1792 1954 1947 2018 τοὺς
2003 1958 2221 2033 νομῆς,
2259 1963 2327 2017 et
2369 1976 2409 2016 a
2455 1954 2551 2018 St.
2598 1954 2671 2019 B.
2718 1977 2774 2017 e.
2820 1977 2884 2038 g.
2935 1959 3071 2021 Μυ-

490 2056 788 2134 ρίανδρος
833 2056 1020 2119 πόλις
1052 2053 1276 2132 (υρίας
1316 2053 1480 2131 πρὸς
1511 2061 1587 2137 τῇ
1618 2054 1898 2139 Φοινίκῃ.
1955 2056 2281 2136 Ξενοφῶν
2314 2057 2384 2121 ἐν
2417 2057 2656 2140 πρώτῳ
2688 2058 3071 2138 ἀναβάςεως.

655 2157 797 2220 Iam
846 2178 930 2220 ex
974 2154 1224 2238 ingenti
1268 2177 1539 2218 numero
1585 2153 2011 2240 scriptorum,
2058 2179 2221 2242 quos
2268 2168 2334 2221 et
2365 2157 2736 2242 Stephanus
2772 2169 2837 2222 et
2872 2159 3072 2224 Hero-

487 2257 720 2321 dianus
766 2259 835 2321 in
879 2256 1326 2321 testimonium
1358 2264 1628 2336 vocant,
1676 2257 1960 2342 suspicio
2006 2258 2210 2322 oritur
2242 2257 2639 2343 Stephanum
2686 2259 2753 2322 in
2789 2259 3071 2325 citandis

488 2359 920 2446 scriptoribus
966 2357 1252 2444 pendere
1283 2380 1366 2422 ex
1397 2357 1790 2422 auctoritate
1821 2357 2220 2441 Herodiani3
2266 2382 2493 2424 verum
2528 2359 2596 2422 id
2626 2359 2799 2446 quod
2832 2384 2915 2426 ex
2958 2385 3074 2425 nu-

489 2484 662 2526 mero
721 2459 1043 2546 suspicari
1095 2460 1310 2540 licuit,
1378 2459 1793 2545 perspicuum
1863 2459 2081 2524 reddit
2133 2461 2423 2546 maxima
2489 2484 2737 2542 rerum,
2806 2473 3072 2548 propter

488 2587 648 2649 quas
695 2564 780 2627 ab
826 2573 1098 2647 utroque
1143 2570 1344 2625 testes
1384 2561 1700 2642 citantur,
1755 2562 2214 2646 congruentia,
2262 2563 2636 2648 explicandi
2680 2563 3071 2650 dicendique

489 2687 737 2730 summa
780 2660 1165 2749 aequalitas„
1255 2662 1430 2725 Hinc
1472 2663 1646 2726 effici
1692 2663 1967 2749 cogique
2027 2664 2319 2745 videtur,
2380 2675 2455 2728 ut
2510 2666 2705 2728 etiarn
2759 2689 2837 2728 ca
2892 2667 3070 2729 testi-

490 2766 740 2848 monia,
797 2788 964 2852 quae
1017 2764 1103 2830 ab
1147 2764 1524 2829 Herodiano
1582 2763 1970 2852 deprompta
2025 2788 2169 2829 esse
2224 2778 2490 2852 propter
2546 2763 2871 2849 mutilam,
2943 2791 3071 2852 qua

492 2872 574 2934 ad
618 2891 734 2933 nos
781 2876 1251 2955 pervenerunt,
1312 2889 1578 2953 operum
1634 2868 1772 2931 eius
1836 2869 2113 2931 formam
2170 2866 2605 2932 demonstrari
2660 2891 2789 2932 non
2832 2881 3068 2954 potest,

490 2972 891 3056 Stephanum
951 2969 1036 3033 ab
1111 2970 1336 3033 eodem
1397 2968 1774 3033 Herodiano
1850 2968 2167 3055 petivisse
2233 2970 2609 3051 credamus,
2690 2973 3071 3055 praesertim

445 3095 684 3159 ,quum
741 3094 965 3135 omnes
1021 3071 1106 3134 ab
1163 3070 1537 3136 Herodiano
1592 3070 1941 3157 scriptores
1996 3072 2283 3135 Graecos
2344 3070 2543 3136 lectos
2608 3094 2754 3135 esse
2812 3071 3071 3135 facilius

491 3174 675 3238 nobis
722 3172 1262 3259 persuaderemus
1317 3195 1511 3259 quam
1568 3196 1769 3236 unum
1827 3172 2113 3259 aliquem
2156 3171 2526 3257 neglectum
2580 3195 2753 3253 esse,
2813 3175 3074 3238 etiamsi

490 3276 662 3340 omni
729 3284 906 3339 certo
973 3274 1359 3340 documento
1422 3275 1719 3339 destituti
1775 3297 2088 3338 essemuS.
2181 3277 2272 3339 At
2338 3276 2653 3340 habemus
2716 3275 2909 3339 huius
2976 3277 3070 3339 rei

489 3387 755 3458 testem,
802 3398 929 3462 quo
973 3398 1160 3440 nemo
1190 3375 1608 3462 locupletior,
1655 3399 1844 3440 nemo
1888 3376 2219 3441 honestior
2264 3376 2535 3461 reperiri
2572 3386 2816 3460 potest,
2864 3377 3072 3442 Hero·

489 3479 755 3543 dianum
799 3480 1034 3564 ipsum.
1122 3478 1190 3542 Is
1236 3479 1304 3541 in
1349 3476 1516 3543 libro
1561 3481 1708 3558 περὶ
1753 3485 1978 3545 παθῶν
2024 3479 2103 3543 Ε.
2144 3477 2237 3543 Μ.
2281 3479 2438 3559 515,
2491 3480 2570 3541 19
2614 3478 2708 3542 sic
2753 3476 3066 3564 loquitur:

491 3583 682 3660 Κρῑςα
733 3581 919 3645 πόλις
971 3584 1082 3658 τῆς
1137 3581 1454 3645 Φωκίδος·
1523 3581 1654 3645 ἀπὸ
1709 3581 1947 3645 τούτου
2006 3582 2260 3657 λέγουςι
2320 3581 2612 3659 Κριςαῖον
2669 3582 2916 3646 κόλπον
2971 3583 3072 3646 καὶ

485 3684 769 3763 Ὅμηρος
827 3683 1099 3760 «Κρῖςάν
1155 3703 1222 3746 τε
1281 3683 1554 3761 Ζαθέην»
1624 3684 1700 3765 (Β
1762 3682 1933 3764 520).
2032 3683 2358 3761 ὑπέρθεςις
2412 3683 2648 3758 γίνεται
2719 3684 2905 3761 Κίρςα
2970 3686 3073 3747 καὶ

489 3786 678 3863 Κίρρα
725 3785 816 3849 ως
860 3786 1242 3863 χερςόνηςος
1286 3785 1690 3864 χερρόνηςος.
1757 3785 2115 3863 Λεωκρίνης
2160 3786 2229 3849 δὲ
2276 3784 2520 3863 ἡγεῖται
2563 3784 2682 3848 δύο
2735 3783 2900 3850 εἶναι
2952 3785 3069 3849 πό-

486 3890 645 3968 λεις,
690 3886 894 3963 ἄλλην
940 3887 1055 3964 τὴν
1106 3886 1332 3964 Κρῖςαν
1377 3887 1479 3949 καὶ
1524 3885 1725 3963 ἄλλην
1757 3889 1873 3964 τὴν
1908 3887 2153 3964 Κίρραν.
2216 3885 2571 3964 ἀντείρηται
2619 3886 2689 3949 δὲ
2735 3887 2863 3951 ὑπὸ
2908 3889 3070 3950 πολ-

486 3991 637 4052 λῶν.
726 3987 910 4051 οὔτε
954 3988 1100 4065 γὰρ
1144 3988 1646 4067 γεω-γράφων
1693 3986 1866 4051 εἶπέ
1923 4008 2039 4051 τις
2084 3988 2357 4051 πόλεις
2404 3989 2546 4051 δύο
2593 3987 3067 4069 διαφόρους,

484 4089 642 4152 ἀλλ’
674 4088 861 4152 οὐδὲ
891 4094 1044 4152 τῶν
1076 4094 1594 4167 περιηγητῶν.
1641 4089 1840 4167 μόνος
1872 4090 1942 4153 δὲ
1974 4087 2169 4152 αὐτὸς
2201 4090 2529 4153 καὶτοῦτο
2552 4089 2632 4152 δι’
2655 4087 2925 4163 ἄγνοιαν
2949 4094 3067 4151 τοῦ

482 4190 742 4253 πάθους.
810 4189 963 4254 ὅθεν
995 4189 1273 4268 ἱςτορίαν
1305 4190 1518 4254 δίδωςι
1550 4190 2040 4270 διεψευςμένην·
2086 4189 2124 4266 ἡ
2156 4189 2315 4268 αὐτὴ
2351 4189 2471 4255 οὖν
2507 4190 2694 4268 Κρῖςα
2724 4190 2825 4253 καὶ
2859 4189 3066 4267 Κίρρα

484 4293 724 4356 Omnes
772 4289 1180 4375 geographos
1237 4301 1304 4354 et
1346 4291 1712 4374 periegetas
1771 4312 1841 4353 se
1885 4290 2123 4373 legisse
2167 4292 2510 4375 profitetur
2565 4300 2757 4374 atque
2813 4300 3066 4353 tantum

482 4393 702 4472 abest,
749 4402 824 4455 ut
869 4391 1007 4454 eius
1054 4390 1271 4456 verbis
1319 4390 1723 4465 diffidamus,
1772 4400 1846 4455 ut
1888 4392 2412 4455 commemoratio
2457 4390 2824 4470 LeocriniS,
2879 4391 3065 4454 cuius

484 4516 745 4575 nomen,
803 4494 935 4556 nisi
980 4492 1338 4557 Herodiani
1397 4493 1684 4556 omnium
1740 4493 2193 4557 historicorum
2252 4493 2769 4579 perscrutatione
2821 4490 2889 4554 id
2935 4513 3064 4553 ser-

485 4606 702 4659 vatum
750 4602 958 4675 esset,
1006 4595 1194 4661 nobis
1240 4615 1507 4679 prorsus
1553 4595 1850 4678 ignotum
1895 4605 2100 4676 esset,
2148 4604 2214 4659 et
2254 4594 2541 4677 vestigia
2582 4591 2875 4656 lectionis
2907 4593 3065 4655 assi·

485 4697 833 4761 duissimae
880 4718 996 4781 per
1039 4698 1255 4761 omnia
1285 4696 1533 4780 scripta
1576 4695 1772 4759 obvia
1799 4696 2187 4761 confirment
2221 4694 2343 4760 hoc
2371 4696 2575 4781 ipsius
2610 4693 3065 4758 testimonium.

487 4798 653 4876 Quid
699 4799 908 4863 vero?
957 4798 1121 4878 Quis
1154 4798 1379 4862 credat
1406 4797 1786 4861 Leocrinem
1818 4797 2140 4862 hominem
2174 4798 2707 4863 obscurissimum
2739 4793 2824 4858 ab
2856 4793 3064 4858 Hero—

553 4934 934 4970 nsnomlfflvs.
977 4921 1020 4971 I.
2593 4919 2655 4959 m
