3664 5546
831 239 866 257 J

634 327 761 391 388
1570 327 1652 381 ΕΚ
1690 327 1830 380 ΤΩΝ
1873 327 1914 380 Η
1926 326 2283 379 ΡΩΔΙΑΝΟΥ

633 499 818 575 λιμὴν
863 501 973 574 τῆς
1012 500 1161 576 ’μιᾶς
1205 502 1337 562 τῶν
1384 497 1453 561 ἐν
1484 496 1689 580 Ῥόδῳ
1733 497 2011 560 πόλεων.
2059 494 2357 573 Εύεδρα
2399 495 2585 558 πόλις
2616 493 2928 572 Ἰςαυρίας.
2984 494 3221 572 βάρα-

633 602 668 660 θ
683 617 821 674 ρον
865 599 1065 662 τόπος
1108 602 1329 664 κοῖλος
1373 599 1476 662 καὶ
1520 597 1768 678 ὄρυγμα
1811 599 2224 676 καλούμενος.
2313 597 2438 661 ἔςτι
2496 597 2597 660 καὶ
2642 596 3005 674 Βάραθρα
3059 597 3221 673 πλη-

632 700 768 763 ςίον
811 703 929 762 τοῦ
978 700 1218 764 Καςίου.
1293 699 1656 778 Τάβαθρα
1699 699 1885 763 πόλις
1934 699 2180 779 Λιβύης.
2264 698 2592 777 Πολύβιος
2643 696 3005 778 δωδεκάτῳ.
3082 696 3221 759 Κά-

631 820 970 877 ναςτρον
1037 801 1237 879 ἄκρον
1305 801 1556 882 Θρᾴκη(
1619 803 1724 865 καὶ
1782 800 2203 865 Μακεδονίας.
2284 797 2543 874 ’λέγεται
2607 799 2712 862 καὶ
2773 799 3219 876 Καναςτραῖον.

557 910 590 959 5
632 903 1027 981 Ἄθυμβρα
1069 902 1256 965 πόλις
1290 903 1518 979 Καρίας
1560 903 1736 981 παρὰ
1769 902 2155 986 Μαιάνδρῳ,
2201 891 2553 979 Ἀθύμβρὸυ
2597 901 2844 981 κτίςμα,
2886 898 3023 977 ἥτις
3066 897 3223 978 μετὰ

630 1007 829 1067 ταῦτα
875 1003 1080 1067 Νύςςα
1124 1003 1374 1080 ἐκλήθη.
1446 1003 1962 1083 Παλίμβοθρα
2004 1003 2191 1066 πόλις
2235 1001 2472 1078 Ἰνδική.
2545 1000 2970 1079 Φάλακρον
3016 998 3222 1076 ἀκρω-

630 1104 853 1181 τήριον
902 1102 1253 1185 Κορκύρας,
1312 1105 1401 1168 ὡς
1446 1104 1903 1184 Ἀρτεμίδωρος
1958 1104 2029 1168 ἐν
2072 1104 2340 1186 πέμπτῳ
2394 1102 3003 1182 γεωγραφουμένων
3054 1100 3222 1181 φηςί.

629 1205 1055 1282 Πάνακρον
1101 1207 1287 1269 πόλις
1334 1206 1611 1284 Κύπρου.
1701 1205 1817 1268 εἰςὶ
1869 1205 1940 1267 δὲ
1985 1204 2088 1267 καὶ
2130 1204 2442 1282 Πάνακρα
2484 1201 2603 1281 ὄρη
2653 1204 2909 1282 Κρήτης.
3002 1202 3221 1265 Καλλί-

632 1327 834 1384 μαχος
881 1306 1155 1370 «Ἰδαίοις
1200 1307 1271 1371 ἐν
1317 1306 1589 1390 ὄρεςςιν,
1648 1307 1758 1370 ἅτε
1815 1306 2087 1370 κλείουςι
2128 1305 2499 1382 Πάνακρα».
2554 1304 2979 1389 Τέγεςτρα
3032 1303 3222 1367 πόλις

531 1414 599 1466 10
632 1407 932 1485 Ἰλλυρίας
976 1408 1139 1484 πρὸς
1191 1414 1267 1490 τῇ
1311 1409 1563 1492 Ἀκυλίᾳ
1608 1407 1740 1472 ἀπὸ
1789 1406 2159 1484 Τεγέςτρου.
2248 1406 2706 1485 Ἀρτεμίδωρος
2749 1407 2821 1470 δὲ
2867 1383 3221 1483 Τέγεςτρον

633 1499 833 1586 αὐτὴν
880 1507 983 1571 καὶ
1026 1509 1242 1588 κώμην
1289 1509 1468 1574 οἶδεν
1517 1509 1688 1574 «ἀπὸ
1733 1508 2087 1585 Τεγέςτρου
2132 1507 2345 1586 κώμης
2388 1508 2492 1570 καὶ
2544 1511 2663 1571 τοῦ
2708 1506 2912 1587 μυχοῦ
2958 1507 3063 1570 ἐπὶ
3102 1507 3220 1571 τὸν

635 1609 886 1687 Ἀδρίαν
934 1610 1154 1673 ςτάδια
1198 1607 1384 1692 ε,κε’».

699 1725 700 1728 ’
801 1710 895 1775 Τὰ
946 1710 1035 1774 εἰς
1089 1714 1208 1788 §bv
1266 1712 1773 1790 ὑπερδιςύλλαβα
1828 1714 2034 1792 μακρᾷ
2087 1709 2588 1788 παραληγόμενα
2641 1709 3221 1790 προπαροξύνεται,

632 1811 964 1888 Ἄμηρον
1009 1810 1218 1890 ὄνομα
1262 1811 1490 1894 ὄρους,
1547 1812 1898 1890 ἄνδηρον
1943 1815 2075 1876 τῶν
2130 1815 2438 1890 ποταμῶν
2483 1812 2559 1876 τὸ
2604 1814 2853 1892 χεῖλος,
2915 1811 3223 1888 Κύθηρα

535 1922 597 1972 15
633 1915 823 1990 νῆςος
867 1911 1058 1977 πόλιν
1105 1912 1452 1994 ὁμώνυμον
1507 1911 1741 1990 ἔχουςα
1796 1914 1961 1989 πρὸς
2003 1919 2083 1996 τῇ
2131 1912 2334 1995 Κρήτῃ
2393 1911 2524 1976 ἀπὸ
2575 1913 2865 1991 Κυθήρου
2909 1914 3028 1992 τοῦ
3072 1909 3221 1973 Φοί-

632 2034 825 2078 νικος.
913 2013 1282 2092 Φάληρον
1329 2018 1526 2093 δῆμος
1570 2015 1673 2078 καὶ
1717 2014 1999 2078 ἐπίνειον
2051 2016 2161 2091 τῆς
2206 2013 2500 2090 Ἀττικῆς.
2573 2014 2941 2078 Παυςανίας
2984 2011 3222 2094 πρώτῳ

632 2114 1061 2192 περιηγήςεως
1119 2115 1424 2179 Ἑλλάδος
1477 2115 1562 2197 (c.
1615 2115 1683 2196 1,
1728 2113 1814 2196 2).
1904 2115 2005 2178 καὶ
2059 2116 2497 2192 πληθυντικῶς
2557 2114 2839 2192 Φάληρα.
2938 2112 3064 2178 ἔςτι
3122 2113 3225 2176 καὶ

634 2216 977 2280 Θετταλίας
1020 2215 1181 2294 ἄλλη
1227 2218 1393 2295 πρὸς
1435 2223 1512 2300 τῇ
1558 2215 1746 2299 Οἴτη,
1794 2217 1873 2294 ἣν
1919 2215 2169 2279 Ῥιανὸς
2213 2216 2319 2279 διὰ
2361 2219 2479 2279 τοῦ
2523 2217 2565 2279 ἆ
2607 2200 2873 2298 γράφει,
2916 2215 3224 2292 Φάλαρον

635 2318 842 2392 λέγων
899 2319 1001 2380 καὶ
1053 2317 1356 2397 Φάληρον
1413 2318 1517 2382 διὰ
1571 2323 1688 2382 τοῦ
1742 2321 1798 2395 ἦ.
1887 2318 2011 2382 ἔςτι
2068 2317 2170 2380 καὶ
2235 2317 2422 2380 πόλις
2481 2317 2552 2381 ἐν
2608 2317 2926 2400 Ὀπικοῖς,
2990 2315 3081 2380 εἰς
3142 2316 3223 2392 ἣν

533 2429 601 2479 20
636 2418 969 2497 ἑξεβράςθη
1014 2418 1404 2497 Παρθενόπη
1459 2418 1498 2496 ἡ
1544 2418 1800 2501 (ειρήν,
1857 2419 1895 2496 ἣ
1952 2420 2231 2482 καλεῖται
2291 2417 2625 2483 Νεάπολις.
2711 2419 3050 2497 Ἄβδηρα
3103 2416 3223 2480 πό-

637 2523 764 2584 λεις
809 2520 957 2583 δύο·
1002 2518 1040 2596 ἡ
1087 2521 1200 2598 μὲν
1235 2520 1484 2602 Θρᾴκης
1528 2519 1659 2584 ἀπὸ
1693 2519 2004 2598 Ἀβδήρου
2048 2522 2166 2582 τοῦ
2211 2518 2354 2582 υἱοῦ
2385 2518 2612 2600 Ἑρμοῦ
2643 2519 3031 2597 Ἡρακλέους
3063 2516 3222 2596 ἐρω-

635 2622 863 2702 μένου,
920 2621 997 2684 ὃν
1059 2618 1123 2683 αἱ
1167 2620 1539 2700 Διομήδους
1579 2620 1768 2685 ἵπποι
1814 2620 2262 2702 διεςπάςαντο,
2320 2620 2410 2684 ῶς
2454 2619 2820 2685 Ἑλλάνικος
2874 2621 2977 2683 καὶ
3035 2618 3223 2683 ἄλλοι

636 2722 845 2802 φαςίν.
933 2720 971 2799 ἡ
1019 2722 1088 2785 δὲ
1135 2723 1402 2801 δευτέρα
1444 2726 1555 2800 τῆς
1602 2722 1862 2802 Ἰβηρίας
1907 2723 2071 2800 πρὸς
2126 2725 2264 2787 τοῖς
2312 2709 2660 2805 Γαδείροις,
2719 2721 2810 2785 ὡς
2853 2720 3222 2800 Ἀρτεμίδω-

636 2843 749 2900 ρος
805 2823 894 2888 ἐν.
932 2824 1211 2906 δευτέρῳ
1264 2824 1887 2903 γεωγραφουμένων.
1987 2823 2369 2903 Ἀλίφηρα
2423 2823 2608 2887 πόλις
2668 2822 3025 2905 Ἀρκαδίας,
3091 2822 3223 2886 ἀπὸ

534 2936 600 2985 25
635 2924 966 2988 Λυκάονος
1020 2926 1252 2990 παιδὸς
1307 2925 1674 3003 Ἀλιφήρου.
1775 2924 2031 3002 εὕρηται
2086 2925 2125 3003 ἡ
2182 2926 2641 3002 παραλήγουςα
2696 2924 2802 2987 διὰ
2846 2924 3223 3002 διφθόγγου.

638 3025 940 3105 Βάςηρα
983 3027 1171 3090 πόλις
1216 3026 1530 3103 Φοινίκης.
1592 3024 1944 3105 ἄβληρον
1990 3027 2028 3104 ἡ
2072 3026 2252 3108 ἡνία,
2299 3024 2637 3102 εὔληρον
2685 3025 2786 3088 ἐπὶ
2828 3025 3077 3104 ἱματίου
3120 3025 3225 3088 καὶ

635 3127 738 3190 ἐπὶ
810 3130 1058 3206 δεςμοῡ.
1174 3126 1548 3208 ἄλευρον,
1624 3127 2178 3209 φθινόπωρον,
2253 3126 2754 3208 μετόπωρον,
2827 3127 3223 3206 πέλωρον,

635 3228 985 3307 κνέωρον
1031 3225 1398 3292 ἀκανθῶδες
1443 3228 1667 3308 φυτόν.
1761 3228 2128 3306 Κύτωρον
2173 3228 2359 3292 πόλις
2399 3227 2897 3310 Παφλαγονίας,
2954 3226 3017 3291 οἱ
3067 3228 3139 3290 δὲ
3181 3226 3224 3305 ἡ

639 3329 935 3406 Κύτωρός
979 3348 1146 3409 φαςι.
1238 3329 1604 3406 Κοτύωρα
1648 3330 1823 3410 κώμη
1868 3330 2034 3407 πρὸς
2075 3335 2169 3412 τῷ
2200 3320 2479 3412 Πόντῳ,
2528 3329 2619 3393 ὡς
2661 3328 3007 3407 Ἀρριανόε.
3064 3327 3222 3391 Ἀν-

535 3441 601 3491 30
635 3430 997 3509 νίχωρον.
1073 3430 1374 3509 μέμνηται
1432 3431 1721 3510 Ἀλκμάν.
1797 3430 2282 3509 Μαινόβωρα
2334 3430 2521 3493 πόλις
2584 3431 2979 3508 Μαςτιηνῶν.
3051 3428 3223 3492 Ἐκα-

637 3534 815 3594 ταῖος
861 3531 1148 3615 Εὐρώπῃ.
1221 3532 1454 3596 Ἀςςω
1470 3552 1609 3611 ρον
1657 3530 1814 3610 ὄρος
1859 3530 2103 3614 Εάμου,
2150 3512 2302 3596 ὅθεν
2349 3530 2448 3609 ῥεῖ
2490 3530 2528 3593 ὁ
2558 3530 2953 3611 Ἀμφίλυςος.
3012 3530 3223 3610 Εὐφο-

637 3631 794 3721 ρίων
839 3632 1278 3717 Ἀρτεμιδώρῳ
1327 3636 1597 3713 «δαῖμον
1644 3634 1716 3697 ὃς
1760 3632 2172 3713 Ἀμφιλύςοιο
2220 3632 2418 3711 ῥόονζ
2448 3656 2577 3696 ...»
2614 3638 2623 3645 '
2665 3633 2973 3711 Ἴςαυρα
3016 3631 3222 3713 πόλις,

639 3732 849 3810 Χάραξ
896 3735 966 3797 δὲ
1011 3738 1320 3813 θηλυκῶς.
1411 3734 1834 3813 Μάςταυρα
1886 3734 2073 3798 πόλις
2116 3734 2379 3816 Λυδίας,
2437 3732 2567 3798 ἀπὸ
2615 3735 2775 3798 Μᾶς.
2865 3734 2974 3797 Μᾶ
3030 3734 3104 3795 δὲ
3145 3727 3223 3814 τῇ

633 3831 781 3917 Ῥέᾳ
825 3835 1071 3918 εἵπετο,
1115 3836 1155 3919 ᾗ
1200 3837 1532 3914 παρέδωκε
1577 3835 1741 3899 Ζεὺς
1786 3835 2112 3900 Διόνυςον
2157 3836 2437 3915 τρέφειν.
2509 3836 2612 3898 καὶ
2653 3835 2693 3912 ἡ
2741 3836 2851 3899 Μᾶ
2892 3835 3069 3912 παρὰ
3111 3835 3253 3910 τῆ(

535 3948 598 3999 35
634 3936 836 4012 Ἥρας
880 3936 1290 4020 ἐρωτηθεῖςα,
1335 3937 1509 4001 τίνος
1555 3935 1651 4014 εἴη
1695 3937 1771 4001 τὸ
1819 3937 2093 4019 βρέφος,
2137 3937 2363 4014 Ἄρεος
2408 3936 2553 4017 ἔφη.
2629 3937 2733 4000 καὶ
2775 3936 2950 4014 παρὰ
2997 3935 3223 4013 Καρςὶν

636 4036 674 4099 ὁ
729 4037 1048 4101 Διόνυςος
1107 4039 1390 4116 Μάςαρις
1443 4037 1629 4102 ἔνθεν
1686 4037 1932 4117 ἐκλήθη.
2022 4038 2309 4102 ἐκαλεῖτο
2365 4040 2438 4102 δὲ
2490 4039 2594 4103 καὶ
2657 4038 2697 4117 ἡ
2745 4021 2902 4102 ’Ῥέα
2959 4038 3067 4102 Μᾶ
3120 4038 3225 4100 καὶ

634 4142 871 4216 ταῦρος
914 4139 1074 4222 αὐτῇ
1120 4140 1342 4205 ἐθύετο
1388 4139 1563 4218 παρὰ
1616 4139 1884 4221 Λυδοῖς,
1953 4137 2067 4218 ἀφ’
2110 4138 2188 4219 ἧς
2240 4140 2281 4219 ἡ
2326 4140 2533 4205 πόλις.
2620 4140 2984 4218 ’Ἀνδειρα
3036 4139 3225 4202 πόλις

637 4276 1046 4284 -ῳ--ᾃ--α-

769 4361 805 4414 l.
837 4362 899 4411 14
933 4359 1188 4425 Ἀμηρον
1224 4354 1462 4426 explevi*
1480 4377 1547 4411 ex
1572 4361 1845 4425 Theogn.,
1886 4359 2108 4425 Κύθηρα
2135 4376 2203 4410 ex
2226 4360 2472 4426 Theogn.
2501 4363 2615 4423 131,
2644 4363 2707 4410 10
2734 4366 2792 4411 et
2818 4361 2897 4411 St.
2924 4362 2986 4410 B.
3013 4357 3222 4419 addidi,

635 4427 902 4492 Φάληρον
937 4454 1003 4464 ·-
1041 4426 1259 4494 Βάςηρα
1296 4445 1364 4479 ex
1401 4429 1481 4479 St.
1521 4431 1607 4489 Β.,
1654 4427 1902 4493 ἄβληρον
1939 4444 2007 4478 ex
2044 4429 2195 4479 Theo
2237 4444 2317 4491 n.,
2365 4427 2607 4492 εὔληρον
2645 4444 2711 4477 ex
2750 4428 2934 4479 Schol.
2971 4429 3015 4477 B
3052 4426 3125 4476 ad
3160 4426 3226 4476 11.

637 4495 683 4547 Ψ
719 4498 846 4547 481:
885 4494 1118 4561 εὔληρα·
1156 4496 1187 4547 ὁ
1225 4495 1566 4560 Ἡρωδιανὸς
1602 4495 1694 4548 καὶ
1730 4493 1824 4546 ἐπὶ
1861 4492 2082 4558 ἱματίου
2129 4511 2199 4547 κα
2266 4493 2359 4545 ἐπὶ
2406 4495 2607 4557 δεςμοῡ
2654 4492 2902 4546 τίθεςθαί
2939 4508 3071 4559 φηςι
3114 4493 3225 4556 τὴν

637 4562 798 4615 λέξιν.
868 4563 981 4615 ἔςτι
1016 4564 1078 4615 δὲ
1114 4564 1265 4629 παρὰ
1299 4564 1369 4614 τὸ
1408 4560 1541 4615 εἰλῶ
1580 4562 1775 4629 εἴληρα
1819 4563 1911 4614 καὶ
1948 4562 2172 4629 εὔληρα.
2206 4590 2273 4599 -
2316 4562 2351 4612 l.
2388 4565 2454 4613 27
2491 4561 2831 4627 μετόπωρον
2865 4560 3225 4624 -·κνέωρον

637 4647 704 4679 ex
739 4630 985 4696 Theogn.
1026 4636 1141 4697 131,
1181 4637 1260 4684 17.
1334 4631 1603 4696 Κύτωρον
1648 4648 1715 4681 ex
1752 4631 2000 4695 Theogn.
2047 4638 2104 4681 et
2140 4631 2220 4683 St.
2266 4629 2679 4693 B.,s}(0‘rt'1wp0t
2729 4646 2902 4695 usque
2947 4629 3017 4679 ad
3062 4628 3225 4678 finem

637 4712 703 4745 ex
741 4697 822 4747 st.
856 4699 921 4753 B.
992 4698 1279 4764 ”Accwpov
1321 4700 1356 4752 1.
1394 4703 1456 4749 31
1495 4715 1586 4763 ap.
1623 4701 1706 4750 St.
1743 4700 1805 4752 B.
1857 4704 2125 4762 oxytonos
2170 4699 2431 4761 seriptum
2477 4704 2589 4762 est,
2635 4699 2889 4763 equidem
2933 4702 3226 4747 accentum

639 4762 763 4814 huie
800 4769 999 4816 canoni
1034 4768 1401 4818 accomodavi.
