3664 5546
1198 426 1357 481 πεΡι
1399 426 1790 482 κΑοοΛικι-ις
1825 426 2246 482 ΠΡοςςιιΔιΑς
2276 428 2337 482 Α.
2984 430 3066 493 21

472 600 721 677 γενικῆς
766 596 857 664 ὡς
903 596 1034 663 ἀπὸ
1080 601 1196 662 τοῦ
1240 597 1515 662 κάλυκος
1569 598 1609 678 ἡ
1654 598 1892 680 καλύκη
1949 600 2053 665 καὶ
2105 602 2217 678 τῆς
2261 605 2534 680 χιτῶνος
2590 602 2629 680 ἡ
2674 602 2910 680 χιτώνη
2966 602 3072 667 καὶ

472 700 787 781 ἡγεμόνος
831 699 1165 780 Ἡγεμόνη.
1226 699 1491 781 Ἑρμιών
1537 702 1609 766 δὲ
1654 701 1913 778 ἐλέγετο
1945 701 2077 768 ἀπὸ
2107 705 2226 767 τοῦ
2270 703 2386 768 τὸν
2417 702 2549 767 Δία
2580 705 2682 768 καὶ
2710 705 2827 782 τὴν
2858 704 3066 782 Ἥραν

473 803 747 869 ἐνταῦθα
798 800 934 867 ἀπὸ
983 801 1222 882 Κρήτης
1266 801 1701 883 ἀφικομένους
1756 804 2123 884 ὁρμιςθῆναι
2179 805 2284 869 καὶ
2337 811 2544 890 τροπῇ
2600 809 2719 871 τοῦ
2775 809 2813 869 ὃ
2871 804 2958 871 είς
3012 808 3066 888 ἒ,

473 905 626 970 ὅθεν
669 905 772 968 καὶ
827 903 1006 983 ἱερὸν
1051 904 1253 982 Ἥρας
1309 905 1636 983 παρθένου
1691 906 1771 985 ἦν
1830 907 1901 972 ἐν
1946 906 2133 991 αὐτῇ·
2183 906 2496 972 Μεδιών
2551 907 2736 973 πόλις
2780 909 2946 987 πρὸς
2989 914 3066 992 τῇ

470 1006 773 1091 Αἰτωλίᾳ·
828 1006 1157 1086 Πολύβιος
1212 1005 1750 1093 ὀκτωκαιδεκάτῳ.
1838 1009 2186 1075 Αὐενιών
2241 1008 2428 1091 πόλις
2485 1010 2844 1076 Μαςςαλίας
2898 1011 3063 1089 πρὸς
3090 1021 3124 1071 5

470 1116 562 1192 τῷ
613 1107 937 1193 Ῥοδανῷ,
997 1108 1446 1188 Καβελλιών
1500 1110 1687 1175 πόλις
1734 1112 2110 1176 Μαςςαλίας.
2195 1112 2650 1191 Ἀρτεμίδωρος
2716 1112 2787 1177 ἐν
2842 1113 3067 1195 πρώτῃ

471 1211 1098 1293 γεωγραφουμένων.
1174 1210 1582 1290 Κορουιών
1628 1212 1814 1278 πόλις
1856 1213 2147 1279 Αἰκανῶν
2193 1213 2264 1277 ἐν
2310 1214 2550 1298 Ἰταλίᾳ.
2640 1215 2986 1280 Διονύςιος
3032 1211 3071 1278 ι’

470 1315 821 1395 Ῥωμαῖκῆς
877 1311 1334 1392 ἀρχαιολογίας
1390 1311 1476 1397 (ο.
1523 1312 1661 1399 24).
1761 1315 2004 1395 Ἰβιών
2059 1314 2247 1380 πόλις
2304 1314 2374 1381 ἐν
2430 1305 2762 1401 Αἰγύπτῳ,
2819 1319 3069 1398 μᾶλλον

473 1419 546 1483 δὲ
588 1420 797 1495 νῆςος.
3198 1498 3203 1503 .

640 1519 735 1584 Τὰ
780 1516 868 1584 εἰς
913 1519 1010 1584 ω“ν“
1051 1519 1507 1598 πατρωνυμικὰ
1550 1519 1652 1584 καὶ
1696 1519 1911 1585 ἑθνικὰ
1965 1526 2041 1604 τῇ
2088 1522 2142 1585 ε“ι
2187 1520 2522 1605 διφθόγγῳ
2566 1519 3068 1600 παραληγόμενα
3107 1532 3172 1583 10

474 1621 842 1704 βαρύνεται,
889 1619 1283 1702 Ἀτρείων,
1313 1621 1708 1707 Πηλείων,
1739 1622 2136 1706 Ἀργείων,
2172 1622 2604 1706 Καδμείων,
2637 1623 3069 1703 Βακχείων,

472 1722 981 1805 Ἡρακλείων,
1029 1722 1526 1800 Χαρικλείων.

642 1850 681 1885 -ae
725 1825 818 1890 Τὰ
875 1824 964 1889 εἰς
1006 1826 1176 1890 ’ᾶῖῶῑῑ
1229 1825 1573 1905 διςύλλαβα
1618 1826 1987 1910 βαρύνεται,
2046 1826 2317 1892 Μαίων
2373 1827 2448 1892 τὸ
2507 1826 2760 1892 ἐθνικὸν
2818 1825 3068 1906 ὁμωνύ-

471 1949 606 2009 μως
648 1934 740 2012 τῷ
786 1933 992 2012 κτιςτῇ
1037 1928 1140 1991 καὶ
1183 1929 1473 2007 ποταμὸς
1517 1930 1663 2007 περὶ
1705 1929 1822 2006 τὴν
1855 1929 2106 1994 Ἀςιάδα
2148 1933 2269 2008 γῆν
2316 1928 2512 2009 ῥέων·
2559 1929 2660 1994 καὶ
2704 1935 2914 2014 τροπῇ
2957 1932 3070 2007 τῆς

471 2035 539 2093 fii
584 2029 944 2110 διφθόγγου
990 2026 1077 2093 εἰς
1121 2032 1159 2106 ἦ
1208 2030 1438 2108 Μήων·
1486 2030 1744 2108 Μήονες
1789 2031 1861 2096 δὲ
1906 2031 2258 2097 ἐκαλοῦντο
2306 2030 2368 2096 οἱ
2411 2032 2607 2096 Λυδοὶ
2650 2031 2725 2095 τὸ
2770 2031 3071 2114 παλαιόν,
3110 2045 3175 2097 15

473 2130 613 2196 εἶτα
656 2132 854 2198 Λυδοὶ
910 2129 1041 2196 ἀπὸ
1102 2132 1314 2197 Λυδοῦ
1369 2135 1486 2197 τοῦ
1529 2132 1786 2198 Ἄτυος·
1860 2133 1936 2198 τὸ
1993 2135 2064 2198 δὲ
2120 2133 2311 2199 αἰών
2366 2132 2577 2213 ὄνομα
2630 2132 2874 2213 χρόνου
2929 2133 3072 2200 ὀξύ,

472 2254 665 2299 νεται.

641 2336 736 2401 Τὰ
779 2334 868 2402 είς
911 2335 1078 2401 α-ιῶν
1124 2335 1661 2419 ὑπερδιςύλλαβα,
1706 2335 1761 2401 εἰ
1805 2339 1887 2417 μὴ
1946 2335 2043 2416 εἴη
2089 2336 2377 2419 ὀνόματα
2417 2340 2636 2418 μηνῶν
2677 2337 2717 2416 ἢ
2760 2341 3070 2416 ποταμῶν

471 2441 510 2519 ἢ
578 2437 965 2521 περιεκτικά,
1033 2439 1420 2519 βαρύνονται
1486 2436 1632 2504 οἷον
1700 2439 2157 2523 Εὐφραίων,
2220 2439 2597 2522 Αἰγαίων,
2666 2439 3069 2522 Ἀκταίων,

606 2627 644 2677 l.
684 2629 749 2680 10
782 2627 903 2678 Arc.
942 2627 1033 2690 17,
1069 2628 1137 2677 25
1171 2623 1442 2691 Πηλείων
1481 2642 1549 2676 ex
1593 2625 1789 2678 Choer.
1831 2629 1932 2690 70,
1969 2630 2060 2690 20,
2112 2624 2382 2692 Ἀργείων
2423 2625 2712 2690 Καδμείων
2758 2643 2825 2677 ex
2871 2626 3070 2681 Choer.

471 2698 555 2758 72,
595 2698 675 2757 12,
715 2692 1005 2758 Βακχείων
1039 2695 1286 2813 Τῑιεοῗτι.
1325 2694 1409 2757 28,
1448 2696 1530 2755 21,
1571 2692 1917 2757 Ἡρακλείων
1955 2693 2300 2759 Χαρικλείων
2338 2710 2405 2744 ex
2442 2694 2634 2746 eodem
2667 2697 2751 2757 46,
2790 2697 2872 2744 26.

472 2764 509 2816 l.
550 2766 616 2816 13
658 2779 923 2815 canonem
970 2762 1038 2815 de
1083 2763 1204 2827 bisy
1231 2762 1375 2814 labis
1418 2763 1477 2814 in
1519 2764 1661 2815 ἇι-ιίῖν
1709 2781 1775 2816 ex
1823 2765 1902 2816 St.
1947 2763 2011 2814 B.
2056 2765 2184 2827 426,
2226 2768 2314 2823 13,
2363 2760 2568 2815 Μαίων
2613 2764 2733 2829 ipse
2788 2763 3067 2826 constitui,

473 2833 643 2883 verba
678 2834 863 2897 τροπῇ
899 2833 1003 2896 τῆς
1039 2836 1094 2882 ᾶι
1129 2829 1440 2894 διφθόγγου
1478 2829 1555 2883 εἰς
1591 2835 1624 2896 η
1663 2831 1850 2897 Μήων
1889 2849 1955 2882 ex
1991 2832 2144 2884 Euat.
2183 2832 2253 2883 ad
2292 2833 2450 2884 Hom.
2488 2834 2613 2892 365,
2652 2835 2744 2881 27:
2786 2829 3066 2894 Ἡρακλεί-

471 2901 572 2965 δης
608 2898 745 2951 ἄνευ
780 2902 885 2951 τοῦ
925 2903 958 2950 ἶ
993 2898 1197 2964 γράφει
1242 2899 1379 2950 τοὺς
1423 2897 1539 2951 ἀπὸ
1586 2899 1839 2953 Μαίονος
1886 2898 2197 2965 κληθέντας
2243 2897 2504 2964 Μήονας,
2552 2897 2739 2961 λέγων
2788 2897 3068 2951 Βοιωτίαν

473 2968 619 3020 εἶναι
662 2968 771 3033 τὴν
816 2966 1089 3034 τοιαύτην
1134 2968 1455 3033 μεταβολὴν
1501 2965 1580 3020 ὡς
1625 2970 1748 3020 τῶν
1794 2967 2066 3020 Βοιωτῶν
2109 2968 2219 3033 τὴν
2265 2967 2408 3032 ὅλην
2452 2971 2505 3018 fii
2550 2965 2861 3031 δίφθογγον
2906 2965 2984 3019 είς
3029 2971 3064 3032 ἦ

473 3034 793 3100 καταμόνας
829 3034 1335 3100 μεταβαλλόντων,
1375 3035 1454 3088 ῶς
1489 3051 1603 3088 που
1640 3038 1731 3088 καὶ
1767 3035 2135 3101 Χοιροβοςκὸς
2171 3037 2673 3101 παραςημειοῠται,
2722 3033 2784 3086 ἐν
2822 3032 2907 3086 οἷς
2945 3033 3063 3101 ἐξη-

471 3109 653 3169 γεῖται
688 3103 797 3156 τὸν
833 3103 1183 3170 Ἡρωδιανὸν
1228 3105 1347 3156 κτλ.
1396 3105 1469 3155 cf.
1504 3105 1717 3156 Ahrens
1766 3106 1835 3156 de
1873 3104 2002 3156 dial.
2038 3107 2229 3156 Boeot.
2270 3105 2367 3156 186
2413 3112 2525 3157 not.
2567 3106 2612 3157 1.
2686 3104 2869 3155 Verba
2906 3102 3063 3167 Μήο·

471 3189 568 3226 νες
603 3201 668 3209 -
705 3172 911 3225 Ἀτυος
956 3174 1187 3239 praebet
1222 3173 1401 3224 Schol.
1439 3174 1486 3223 A
1522 3173 1593 3223 ad
1629 3174 1694 3228 Il.
1737 3172 1770 3226 Γ
1804 3177 1901 3225 401
1942 3173 2154 3224 addens
2189 3174 2246 3223 in
2283 3173 2388 3223 fine
2426 3169 2505 3224 ὥς
2540 3186 2710 3238 φηςιν
2748 3171 3065 3236 Ἡρωδια-

471 3241 602 3294 νός.
671 3241 1024 3292 Herodianus
1067 3257 1155 3307 ap.
1204 3241 1284 3293 St.
1329 3243 1395 3294 B.
1440 3241 1733 3292 discrimen
1777 3246 2037 3292 accentus
2082 3243 2227 3293 inter
2262 3237 2467 3292 Μαίων
2504 3241 2955 3304 andronymicum
3007 3247 3065 3291 et

473 3310 709 3375 gentile,
757 3309 902 3375 quod
949 3309 1131 3361 Schol.
1169 3308 1217 3359 A
1261 3309 1332 3359 ad
1377 3308 1429 3361 Δ
1473 3312 1573 3361 394
1615 3309 1804 3362 οὕτως
1851 3307 2056 3361 Μαίων
2103 3307 2431 3375 βαρυτόνως
2477 3306 2555 3360 είς
2600 3308 2909 3372 ἀποφυγὴν
2955 3310 3060 3360 τοῦ

473 3379 694 3431 εθνικοῦ
734 3378 961 3440 statuit,
998 3393 1109 3428 non
1154 3378 1429 3444 agnoscit3
1469 3394 1634 3430 voces
1667 3376 1870 3430 Παίων
1907 3377 2095 3430 παιών
2143 3383 2199 3429 et
2244 3374 2419 3441 βαίων
2465 3377 2534 3428 ob
2582 3378 2807 3428 testium
2857 3376 3067 3428 discre-

470 3448 717 3513 pantiam
754 3447 1003 3496 omittere
1042 3446 1218 3495 satius
1255 3445 1404 3495 duxi.
1453 3447 1554 3512 Ep.
1590 3448 1752 3497 Hom.
1789 3449 1909 3510 276,
1946 3450 1975 3498 7
2013 3449 2076 3497 Ε.
2102 3447 2175 3498 Μ.
2201 3447 2320 3509 583,
2348 3447 2414 3497 38
2451 3443 2547 3512 (τὰ
2585 3443 2662 3496 είς
2700 3448 2786 3494 ῶν
2812 3442 3066 3509 λήγοντα

473 3514 712 3568 ὀξύτονα
747 3517 819 3580 τῇ
857 3516 911 3565 αῖ
945 3512 1236 3579 διφθόγγῳ
1274 3513 1743 3578 παραληγόμενα,
1790 3511 1840 3566 εί
1877 3512 1980 3578 μὲν
2023 3512 2157 3565 ὧςιν
2195 3512 2410 3578 ἐθνικά,
2456 3513 2723 3578 τρέπουςι
2757 3511 2827 3563 τὸ
2866 3515 2913 3563 ω
2960 3516 3064 3578 τῆς

473 3582 691 3635 εὐθείας
717 3579 796 3634 εἰς
826 3587 859 3634 ὃ
887 3581 982 3635 ἐπὶ
1010 3582 1234 3645 γενικῆς
1263 3579 1387 3633 οἷον
1407 3581 1609 3634 Παιών
1627 3581 1895 3646 Παιόνας,
1924 3578 2217 3635 «Παίόνας
2244 3580 2448 3646 ἄνδρας
2478 3581 2637 3644 ἄγων
2664 3581 3066 3645 δολιχεγχέας»

472 3650 548 3717 (Φ
589 3650 726 3715 164),
765 3649 969 3702 Μαιών
1008 3647 1283 3702 Μαιόνος·
1322 3648 1373 3701 εί
1406 3649 1467 3702 δὲ
1506 3651 1579 3714 μὴ
1607 3649 1740 3702 ὡςιν
1767 3649 1975 3713 ἐθνικά,
2014 3649 2358 3715 φυλάττουςι
2393 3649 2464 3701 τὸ
2503 3653 2550 3701 ω
2588 3649 2682 3702 ἐπὶ
2707 3651 2811 3714 τῆς
2835 3652 3061 3714 γενικῆς

473 3717 598 3772 οἷον
635 3716 810 3783 βαιών
848 3718 1111 3782 βαιῶνος·
1149 3717 1262 3769 ἔςτι
1299 3716 1361 3769 δὲ
1398 3717 1578 3783 ὄνομα
1617 3715 1822 3782 ἰχθύος.
1870 3717 2071 3772 Παιών
2096 3719 2362 3772 Παιῶνος
2396 3717 2577 3783 ὄνομα
2605 3716 2821 3783 κύριον)
2858 3715 3062 3770 Παίων

471 3789 682 3854 pariter
717 3793 883 3853 atquo
922 3785 1127 3840 Μαίων
1164 3788 1382 3839 omnino
1419 3793 1658 3851 exytona
1703 3804 1825 3838 esse
1873 3793 1929 3839 et
1976 3787 2305 3838 declinatum
2353 3792 2565 3837 tantum
2604 3788 2670 3837 in
2715 3786 2934 3837 diverso
2980 3787 3065 3836 in·

470 3856 698 3908 tellecta
735 3855 1011 3907 diversum
1050 3871 1172 3905 esse
1208 3859 1485 3916 statuunt,
1525 3855 1593 3905 de
1630 3872 1737 3921 quo
1776 3856 2090 3906 declinatus
2128 3855 2443 3906 differentia
2470 3856 2666 3906 Choer.
2694 3857 2775 3916 71,
2803 3856 2866 3904 29
2903 3853 3062 3914 nihil,

471 3925 576 3975 imo
614 3924 800 3974 omnia
834 3925 892 3974 in
929 3925 1014 3974 ῶν
1057 3923 1338 3988 disyllaba
1381 3922 1561 3974 voc-ali
1603 3923 1872 3990 producta
1917 3925 2007 3974 vel
2054 3923 2111 3973 di
2150 3922 2393 3989 hthongo
2443 3923 2731 3990 praefinita
2778 3937 2877 3986 per
2921 3923 3058 3975 ὄνοῖ

471 3993 615 4044 flecti
652 3992 809 4054 dicit;
849 4008 970 4042 cum
1006 3992 1183 4058 Epim.
1220 3990 1473 4056 congruit
1506 3991 1750 4057 Theogn.
1789 3993 1882 4055 38,
1922 3995 1945 4042 1
1987 3991 2058 4044 τὰ
2095 3941 2173 4043 εἵς
2211 3994 2295 4044 ὢν
2342 3991 2589 4056 καθαρὸν
2626 3988 2868 4042 ὀξύτονα
2905 3989 3058 4055 ἀρςε-

474 4060 596 4112 νικὰ
634 4060 708 4125 μὴ
747 4059 887 4111 ὄντα
925 4058 1116 4113 ἐθνικά
1150 4058 1239 4110 διὰ
1275 4059 1377 4109 τοῦ
1415 4062 1464 4109 ῖῡ
1503 4058 1748 4122 μεγάλου
1783 4059 2060 4125 γράφεται
2095 4060 2204 4124 τὴν
2229 4059 2666 4125 παραλήγουςαν
2702 4058 2803 4120 τῆς
2831 4061 3056 4124 γενικῆς

471 4126 596 4180 οἷον
651 4126 838 4180 παιών
891 4130 1144 4180 παιῶνος
1193 4125 1285 4179 ἐπὶ
1338 4128 1441 4178 τοῦ
1486 4126 1694 4191 ὕμνου,
1750 4126 1844 4179 ἐπὶ
1894 4128 2000 4193 γὰρ
2055 4130 2158 4180 τοῦ
2206 4129 2402 4182 ἔθνους
2455 4128 2543 4180 διὰ
2597 4128 2701 4178 τοῦ
2758 4128 2789 4177 ὃ
2843 4130 3055 4191 μικροῦ.

473 4198 727 4248 Eustath.
770 4198 884 4259 138,
924 4199 988 4247 10
1025 4204 1080 4248 et
1117 4198 1265 4256 1109,
1305 4197 1392 4244 11:
1431 4192 1633 4247 Παίων
1670 4193 1919 4248 Παίονος
1963 4195 2033 4246 τὸ
2080 4194 2303 4249 ἐθνικὸν
2350 4195 2429 4247 ώς
2466 4194 2671 4248 Μαίων
2718 4193 2807 4245 καί
2844 4193 3052 4258 κύριον.

473 4263 657 4317 παιών
693 4262 756 4316 δὲ
792 4266 1042 4317 παιῶνος
1089 4262 1168 4315 ὡς
1213 4261 1356 4315 αίών
1392 4262 1654 4327 Ληναιών
1699 4262 1768 4315 τὸ
1814 4263 1908 4316 ἐπὶ
1955 4262 2148 4328 ἰατροῦ
2186 4265 2562 4328 «Ἀςκληπιοῡ
2602 4264 2853 4314 παιῶνος
2890 4262 3048 4326 εὐμε-

472 4336 605 4385 νοῦς
641 4331 873 4396 τυχών»
912 4331 1102 4399 (Arist.
1139 4332 1287 4383 Plut.
1325 4331 1447 4396 636)
1484 4329 1686 4383 Παίων
1723 4333 1995 4384 ethnicum
2035 4338 2089 4382 et
2124 4333 2569 4395 andronymicum
2606 4334 2676 4382 ab
2713 4330 3053 4397 appellativo

473 4408 529 4453 et
564 4406 799 4453 accentu
834 4406 890 4452 et
925 4402 1203 4452 deelinatu
1249 4400 1472 4450 differre
1518 4399 1676 4461 dicit,
1729 4401 1929 4453 Suidas
1965 4402 2216 4454 παιῶνος
2262 4401 2355 4453 ἐπὶ
2400 4403 2504 4453 τοί)
2548 4399 2755 4463 ὕμνου,
2800 4395 3051 4452 παίωνος

473 4469 533 4521 δὲ
566 4471 671 4521 τοῦ
710 4466 904 4534 ἰατροῦ
943 4471 1108 4521 etiam
1146 4468 1482 4535 appellativo
1518 4469 1574 4517 in
1612 4468 1832 4519 diverso
1868 4468 2179 4534 significatu
2216 4470 2488 4522 diversum
2525 4473 2827 4526 accentum,
2865 4483 3053 4532 parem

475 4537 802 4588 declinatum
840 4540 1104 4604 assignat.
1149 4538 1214 4588 In
1251 4537 1355 4586 hac
1392 4537 1820 4602 explicationum
1859 4537 2232 4602 discrepantia
2264 4539 2359 4588 vix
2397 4554 2535 4604 quae
2571 4535 2922 4587 Herodianea
2958 4539 3048 4600 sit,

477 4605 762 4672 expedia83
802 4605 899 4656 sed
934 4601 1388 4657 verisimillimam
1426 4605 1643 4656 videtur
1679 4605 2056 4655 Herodianum
2089 4603 2292 4657 Παίων
2330 4607 2603 4673 proprium
2652 4619 2750 4667 per
2784 4604 2919 4658 δῖος
2958 4605 3049 4655 de-

476 4673 710 4725 clinasse
747 4679 803 4724 et
838 4690 1127 4740 gravasse,
1165 4671 1351 4725 παιών
1397 4689 1527 4723 vera
1566 4671 1710 4722 idem
1753 4679 1919 4739 atque
1956 4672 2126 4724 παιάν
2162 4675 2477 4740 significans
2511 4690 2609 4740 per
2643 4675 2792 4726 ffivo'e
2828 4674 3051 4726 flexisse

479 4748 532 4792 et
566 4744 795 4795 acuisse.
873 4744 1093 4794 Pariter
1135 4744 1405 4793 incertum
1452 4747 1536 4793 est
1583 4738 1756 4804 βαιών
1812 4747 1869 4792 et
1902 4743 1973 4792 ad
2019 4748 2304 4793 accentum
2350 4749 2407 4794 et
2451 4741 2521 4792 ad
2570 4740 2936 4805 declinatum,
2984 4741 3052 4793 de

480 4825 582 4873 quo
616 4811 679 4861 E.
715 4811 788 4860 M.
828 4816 1047 4876 praeter
1079 4812 1257 4862 locum
1293 4811 1405 4860 iam
1439 4809 1669 4860 allatum
1707 4827 1756 4875 p.
1794 4810 1912 4876 192,
1951 4813 2015 4862 52
2051 4811 2151 4861 hoc
2187 4810 2380 4862 tradit:
2420 4808 2621 4874 βαίων,
2669 4809 2732 4863 ὃς
2770 4811 2860 4862 καί
2898 4810 3054 4875 βλὲν·

481 4891 574 4929 νος
617 4876 854 4940 λέγεται.
926 4876 1252 4944 Ἐπίχαρμος
1287 4877 1348 4928 δὲ
1386 4876 1610 4941 βαιόνας
1647 4876 1811 4941 λέγει.
1967 4878 2003 4929 l.
2044 4880 2133 4940 18,
2170 4879 2364 4930 Arcad.
2404 4881 2483 4941 18,
2523 4881 2601 4927 11.
2670 4881 2878 4931 inserui
2912 4879 2951 4934 1.
2994 4881 3056 4930 19

482 4943 518 5008 ἢ
553 4944 893 5011 περιεκτικά,
933 4963 1073 5014 quae
1111 4946 1490 5000 Herodianum
1527 4946 1777 5000 omisisse
1813 4963 1923 4999 non
1961 4953 2045 4999 est
2083 4947 2411 5011 verisimile,
2452 4943 2698 5012 Αἰγαίων
2745 4954 2802 5000 et
2836 4948 3059 5000 nomina
