3664 5546
654 392 772 440 LVI
1726 391 2140 439 PBAEI'ATIO.

658 546 997 633 phrastus,
1043 547 1279 632 quibus
1325 545 1851 610 adnumerandus
1899 545 2156 609 videtur
2199 543 2663 608 Athenodorus
2678 592 2695 626 ‚
2742 546 2853 631 qui
2898 542 3223 630 quandam

656 650 1026 737 prosodiam
1056 652 1418 731 μονότονον
1459 647 1849 734 appellavit,
1894 671 2085 735 quam
2115 647 2382 713 Servius
2416 646 2689 713 eandem
2720 658 2912 734 atque
2945 646 3225 712 mediam

658 774 800 816 esse
865 752 1186 837 opinatur.
1278 749 1410 815 Alii
1466 750 1742 836 denique
1810 772 1928 814 sex
1982 751 2322 835 prosodias
2387 773 2532 814 esse
2599 750 2980 831 voluerunt,
3047 748 3227 814 velut

660 853 947 919 Glaucus
994 853 1283 933 Samius,
1342 851 1451 938 qui
1511 852 1719 917 tribus
1774 850 2096 937 prosodiis
2153 853 2450 939 ἀνειμένῃ
2496 853 2568 938 (i.
2616 874 2670 916 e.
2732 851 3010 936 βαρείᾳ),
3056 853 3227 936 μεέῃ,

659 956 1070 1039 ἐπιτεταμένῃ
1126 954 1198 1038 (i.
1244 976 1298 1018 e.
1358 954 1557 1039 ὀξείᾳ)
1616 962 1743 1017 tres
1799 956 2249 1037 κεκλαεμὲνην,
2305 955 2976 1038 ἀντανακλαζομένην,
3032 957 3227 1033 νήτην

660 1056 962 1120 adiunxit
1003 1058 1485 1137 περιεπωμένην
1528 1064 1909 1141 propterea,
1956 1054 2130 1142 quod
2177 1056 2436 1120 diverso
2480 1054 2673 1120 modo
2723 1054 3113 1133 flecteretur,
3158 1054 3229 1117 in

662 1168 793 1222 tres
841 1157 1090 1242 species
1137 1156 1532 1242 dispescens.

830 1257 952 1321 Vis
997 1267 1062 1322 et
1103 1269 1340 1324 natura
1381 1268 1762 1324 accentuum
1807 1260 1938 1323 iam
1984 1260 2267 1345 antiquis
2322 1259 2726 1346 temporibus
2781 1266 3125 1346 perspecta
3167 1267 3232 1322 et

666 1361 933 1426 nomina
972 1361 1066 1423 rei
1110 1371 1267 1445 apta
1309 1361 1575 1424 inventa
1618 1370 1799 1439 sunt,
1852 1362 2042 1446 signa
2084 1384 2124 1424 a
2167 1383 2292 1446 quo
2322 1370 2584 1446 reperta
2613 1370 2680 1425 et
2709 1360 2991 1445 primum
3020 1359 3233 1446 posita

668 1464 828 1544 sint,
886 1462 1243 1545 nescimus3
1298 1461 1808 1548 AristophaneS‚
1885 1464 1942 1526 si
1996 1461 2154 1549 quid
2214 1463 2354 1527 veri
2409 1463 2478 1526 in
2534 1461 2808 1527 Arcadii
2861 1463 3232 1527 narratione

667 1567 861 1646 inest,
909 1564 1430 1630 antecessoribus
1489 1564 1863 1648 diligentius
1919 1575 2303 1630 accentuum
2349 1565 2669 1628 rationem
2712 1563 2945 1629 habuit
2985 1585 3233 1627 eorum-

669 1688 794 1753 que
849 1667 1037 1750 signa
1090 1666 1328 1752 posuit.
1425 1665 1555 1730 Sed
1610 1665 1799 1750 longe
1858 1676 2201 1753 superatus
2276 1676 2375 1730 est
2429 1665 2514 1731 ab
2568 1665 2989 1747 Aristarcho,
3045 1688 3236 1753 quem

666 1768 949 1854 primum
992 1777 1368 1833 constanter
1412 1768 1629 1832 omnia
1669 1767 1993 1833 vocabula
2046 1767 2424 1832 accentibus
2468 1776 2733 1832 notasse
2787 1765 2941 1831 inde
2999 1767 3238 1854 probat

672 1870 1012 1949 Lehrsius,
1071 1868 1245 1956 quod
1288 1868 1699 1935 Herodianus
1755 1892 1981 1955 saepe,
2037 1893 2224 1955 quem
2281 1878 2617 1933 accentum
2663 1867 3082 1933 Aristarchus
3129 1891 3239 1956 po-

673 1971 906 2053 suerit,
953 1972 1151 2053 sciat,
1197 1971 1430 2057 quibus
1474 1981 1692 2036 autem
1748 1971 2114 2036 rationibus
2171 1972 2407 2035 ductus
2464 1971 2581 2052 sit,
2637 1970 2891 2035 nesciat
2948 1992 3238 2036 nonnun-

673 2095 867 2158 quam
908 2073 1189 2138 rationes
1235 2073 1317 2138 ab
1362 2073 1743 2138 Aristarcho
1789 2071 2034 2138 alienas
2081 2073 2141 2137 ei
2186 2073 2500 2138 tribuens.

842 2174 1258 2240 Aristarchus
1304 2186 1520 2240 autem
1564 2185 1696 2239 tres
1729 2185 1984 2239 tantum
2014 2184 2319 2240 accentus
2363 2173 2662 2239 adhibuit
2689 2173 2935 2256 ὀξεῖαν,
2981 2177 3240 2254 βαρεῖαν

676 2288 742 2343 et
785 2279 1298 2359 περιεπωμὲνην,
1341 2277 1548 2363 iisque
1594 2277 1788 2342 etiam
1820 2277 2237 2343 Herodianus
2281 2298 2484 2363 aeque
2528 2285 2722 2362 atque
2760 2285 2950 2361 pater
2978 2272 3240 2361 Apollo-

675 2379 821 2442 nius
868 2401 1022 2443 usus
1079 2388 1179 2443 est
1223 2388 1288 2442 et
1331 2378 1398 2442 hi
1442 2367 1565 2444 soli
1610 2380 1678 2443 in
1708 2401 2113 2444 communem
2141 2401 2330 2443 usum
2362 2377 2604 2463 recepti
2648 2386 2833 2458 sunt,
2880 2375 3033 2441 licet
3075 2398 3243 2440 unus

676 2478 924 2545 alterve
966 2480 1427 2565 grammaticus
1474 2481 1754 2568 reliquos
1798 2502 2084 2567 quoquc,
2142 2503 2305 2566 quos
2361 2501 2559 2565 supra
2604 2477 2974 2561 attulimus,
3019 2500 3243 2543 aecen-

679 2591 782 2646 tus
827 2581 1196 2664 admiserit,
1242 2605 1516 2669 quorum
1560 2583 1804 2647 formas
1837 2581 2152 2668 quasdem
2182 2585 2256 2668 in'
2277 2580 2615 2646 Alcmanis
2645 2579 3011 2665 fragmento
3039 2601 3247 2666 nuper

675 2693 931 2770 reperto
974 2684 1302 2769 Bergkius
1347 2685 1415 2748 in
1459 2683 1691 2749 Philol.
1738 2683 1778 2748 l.
1827 2707 1882 2748 c.
1928 2693 2216 2749 retentas
2264 2706 2407 2748 6886
2452 2682 2826 2748 arbitratur.

847 2785 1202 2851 Generalcs
1282 2788 1480 2851 trium
1556 2798 1939 2852 accentuum
2014 2787 2185 2870 leges
2252 2784 2703 2850 Herodianum
2774 2785 2844 2848 in
2907 2784 3245 2849 Prooemio

679 2888 1054 2954 Catholicae
1108 2890 1415 2953 statuisse
1474 2889 1752 2953 Ioannes
1808 2887 2297 2952 Alexandrinus
2354 2887 2660 2951 ostendit.
2751 2886 2859 2951 Ex
2911 2887 2995 2950 iis
3007 2935 3026 2968 ,
3084 2908 3247 2972 quae

677 2990 848 3055 idem
892 3013 976 3055 ex
1021 2990 1362 3055 Prooemio
1409 2988 1693 3074 profert,
1751 2989 2093 3054 concludat
2146 2989 2291 3075 quis
2347 2988 2728 3075 quantitatis
2785 2998 2850 3052 et
2904 2987 3247 3074 spirituum

680 3093 1044 3158 doctrinam
1102 3101 1371 3156 eatenus
1428 3090 1499 3153 in
1555 3090 1875 3155 Prosodia
1930 3089 2268 3155 Catholica
2322 3089 2632 3155 traditam
2689 3111 2866 3172 esse,
2933 3098 3248 3176 quatenus

679 3216 826 3259 cum
868 3193 1243 3257 accentibus
1289 3191 1572 3278 propriis
1617 3191 1964 3256 coniuncta
2017 3192 2169 3255 sint.
2259 3190 2388 3255 Sed
2444 3213 2833 3276 quamquam
2889 3200 2956 3255 et
2999 3191 3250 3277 quanti·

682 3297 833 3358 tatis
879 3304 945 3358 et
988 3294 1335 3379 spirituum
1381 3292 1815 3376 cognitionem
1872 3293 1957 3357 ad
2013 3303 2314 3357 accentus
2367 3303 2542 3358 recte
2596 3292 2932 3378 ponendos
2987 3292 3250 3379 plurimi

682 3396 987 3459 momenti
1032 3416 1175 3458 esse
1221 3403 1286 3458 et
1328 3392 1654 3460 intellexit
1698 3403 1764 3458 et
1808 3393 2059 3478 docuit,
2107 3392 2323 3460 tanien
2367 3404 2622 3480 tempus
2680 3403 2745 3458 et
2789 3394 3094 3481 spiritum
3137 3417 3253 3480 per

686 3520 755 3561 86
798 3495 1139 3582 prosodias
1185 3517 1327 3558 6886
1370 3495 1579 3560 voluit
1634 3506 1698 3559 et
1753 3496 1834 3560 iis
1880 3507 2128 3583 partem
2186 3496 2270 3561 ab
2329 3495 2704 3561 accentibus
2764 3506 3134 3580 separatam
3183 3495 3255 3559 in

685 3596 1027 3662 Catholica
1069 3595 1451 3681 assignavit.
1510 3599 1727 3684 Atque
1772 3608 2053 3663 mentem
2081 3598 2444 3663 Herodiani
2486 3598 2650 3663 bene
2694 3598 3031 3684 perspexit
3059 3596 3253 3663 Scho-

686 3699 878 3764 liasta
919 3698 1259 3783 Dionysii,
1319 3701 1430 3786 qui
1477 3698 1919 3763 definitionem
1963 3699 2448 3765 Herodianeam
2501 3699 2692 3764 nobis
2738 3699 3058 3764 servavit:
3106 3699 3254 3780 678,

686 3802 802 3865 27:
852 3801 1056 3867 ἰετεόν
1101 3801 1196 3866 ὅτι
1242 3804 1321 3867 οὐ
1365 3803 1519 3867 τοὺ(
1561 3802 1792 3868 τόνου(
1837 3804 2039 3881 μόνον
2085 3804 2356 3883 ὼρίεατο
2412 3804 2514 3868 καὶ
2569 3803 2841 3868 τούτου(
2895 3801 3257 3887 προεῳδίαε

687 3904 1011 3987 ἐκάλεεεν,
1057 3903 1144 3968 ὥς
1188 3925 1301 3969 τιει
1345 3903 1559 3986 ἔδοξε,
1614 3908 2020 3983 πλανηθεῑειν
2076 3907 2144 3969 ἐκ
2198 3911 2313 3970 τοῦ
2369 3905 2570 3970 εἰπεῖν
2624 3904 2782 3969 ποιὰ
2834 3906 3035 3988 τάειε,
3092 3903 3260 3969 ἀλλὰ

688 4008 791 4071 καὶ
832 4007 984 4071 τοὺ(
1027 4006 1303 4085 χρόνου(
1347 4007 1450 4070 καὶ
1491 4007 1570 4070 τὰ
1613 4008 1958 4086 πνεύματα.
2018 4009 2120 4072 καὶ
2146 4008 2269 4086 γὰρ
2313 4008 2415 4072 καὶ
2459 4007 2520 4071 οἱ
2549 4008 2773 4085 χρόνοι
2818 4008 2992 4072 τάειν
3023 4005 3258 4089 ἔχουει,

689 4109 847 4173 καθὸ
891 4108 928 4171 ὸ
974 4109 1088 4186 μὲν
1134 4108 1498 4191 ἐκτείνεται,
1542 4108 1581 4172 ὁ
1626 4110 1697 4172 δὲ
1743 4110 2160 4173 ευετέλλεται·
2204 4112 2307 4174 καὶ
2349 4111 2428 4173 τὰ
2471 4110 2802 4187 πνεύματα
2843 4109 2944 4192 δέ,
3001 4109 3141 4173 ἐπεὶ
3181 4108 3258 4172 τὸ

689 4213 803 4290 μὲν
847 4210 917 4274 ἐκ
958 4213 1074 4274 τοῦ
1130 4211 1418 4289 θώρακος
1473 4211 1754 4289 πρόειειν
1809 4211 2299 4293 ἐπιτεταμένως,
2344 4212 2418 4276 τὸ
2475 4212 2545 4275 δὲ
2590 4211 2654 4278 ἐξ
2698 4210 2913 4290 ἄκρων
2957 4215 3088 4276 τῶν
3129 4229 3257 4289 χει-

689 4314 856 4377 λέων
902 4312 1422 4389 ευνεεταλμένωε.
1465 4349 1552 4359 -

857 4411 1083 4498 Ipsum
1126 4411 1476 4477 Prosodiae
1521 4398 1896 4479 Catholicae
1942 4437 2102 4500 opus
2148 4414 2220 4477 in
2265 4412 2427 4477 duas
2474 4424 2691 4499 partes
2736 4414 2993 4479 ambitu
3036 4436 3260 4478 secun·

691 4514 845 4579 dum
889 4513 983 4576 rei
1028 4521 1327 4577 naturam
1368 4514 1738 4600 inaequales
1772 4515 2061 4581 divisum
2104 4525 2235 4598 est,
2283 4538 2554 4601 quarum
2598 4514 2805 4580 altera
2847 4517 3263 4602 propriorum

688 4625 1104 4699 accentuum,
1152 4615 1357 4681 altera
1400 4618 1784 4702 quantitatis
1832 4629 1897 4683 et
1942 4618 2285 4705 spirituum
2333 4617 2693 4683 doctrinam
2738 4618 3048 4683 eontinet;
3136 4615 3266 4681 Illa

690 4719 865 4784 XIX
921 4719 1106 4784 libris
1163 4717 1489 4804 explicata
1543 4728 1672 4800 est,
1740 4718 1902 4784 haec
1961 4721 2152 4785 unius
2219 4720 2369 4785 libri
2436 4719 2677 4785 finibus
2748 4710 3260 4806 circumscripta.

692 4821 995 4886 Materies
1051 4808 1284 4907 prioris
1342 4820 1544 4907 partis
1603 4820 1926 4907 disposita
1979 4821 2109 4886 fuit
2164 4844 2246 4886 ex
2305 4822 2532 4887 ordine
2586 4822 2869 4909 partium
2925 4822 3262 4902 orationis,

3428 4631 3446 4657 Ι
