3664 5546
1175 359 1333 414 περι
1373 355 1765 413 κΑοοΛικΗς
1801 356 2181 412 πΡοςΩιΔιΑ
2232 356 2289 410 Β.
2944 354 3030 418 49

613 530 706 594 Τὰ
737 529 824 594 εἰς
855 534 952 595 'off
983 531 1193 595 πάντα
1237 531 1652 611 βαρύνονται,
1699 526 1990 610 ῥήτωρ,
2036 527 2367 608 κλήτωρ,
2409 526 2677 609 ἵςτωρ,
2722 526 3028 606 Ἕκτωρ,

447 633 742 713 πέλωρ,
804 633 866 698 ἐξ
925 631 1008 698 οὗ
1062 633 1100 698 ὁ
1155 633 1503 714 πελώριος,
1560 632 1844 712 κέλωρ,
1902 631 2178 709 ςημαίνει
2235 630 2306 693 δὲ
2363 629 2478 693 τὸν
2534 628 2674 694 υἱὸν
2730 628 2903 707 παρὰ
2954 629 3028 692 τὸ

447 734 833 816 κελεύεςθαι,
901 735 1193 816 ἄκτωρ,
1261 734 1669 815 Επέρχωρ,
1737 732 1949 812 ἄχωρ
2014 734 2088 798 τὸ
2155 736 2265 810 τῆς
2331 734 2613 811 κεφαλῆς
2678 731 3028 814 πιτύριςμα,

448 836 764 919 ἀνάκτωρ,
798 837 1171 916 Ἀννίχωρ
1204 837 1242 900 ὁ
1286 836 1483 901 οἰκῶν
1516 834 1936 917 Ἀννίχωρον,
1972 832 2051 899 οὗ
2083 835 2385 914 μέμνηται
2419 833 2716 914 Ἀλκμάν,
2762 831 3028 910 πληςίον

446 939 728 1016 Περςῶν.
791 938 1087 1022 λέγονται
1119 940 1190 1004 δὲ
1220 937 1283 1002 οἱ
1315 938 1687 1016 Ἀννίχωρες
1717 939 1818 1001 καὶ
1851 937 2254 1018 Ἀννίχωροι,
2305 937 2495 1000 Κάςτ
2517 956 2651 1017 ωρ,
2684 935 3027 1016 Θέςτωρ,

451 1040 792 1122 Νέςτωρ,
849 1042 1152 1119 μήςτωρ
1198 1041 1301 1104 καὶ
1347 1040 1687 1117 Μήςτωρ.
1776 1039 2130 1120 φράτωρ,
2192 1039 2230 1102 ὃ
2285 1039 2387 1102 καὶ
2445 1036 2697 1116 φράτηρ
2752 1037 3029 1117 ἐλέγετο,

447 1141 615 1206 ἀλλὰ
658 1142 733 1206 τὸ
780 1144 893 1220 μὲν
939 1144 1191 1222 φράτηρ
1236 1141 1509 1221 ἀρχαῖον
1555 1143 1710 1221 μετὰ
1739 1143 1850 1219 τῆς
1895 1140 2095 1204 αὐτοῦ
2128 1140 2405 1221 κλίςεως,
2450 1139 2723 1216 θάτερον
2769 1139 2842 1202 δὲ
2872 1139 3030 1203 νεώ-

447 1264 670 1326 τερον,
720 1243 1046 1321 Μέντωρ
1092 1244 1312 1322 κύριον
1358 1244 1459 1308 καὶ
1503 1242 1691 1307 ἔθνος
1734 1243 1899 1320 πρὸς
1944 1245 2080 1306 τοῖς
2122 1241 2473 1322 Λιβυρνοῑς.
2553 1240 2874 1305 Ἑκαταῖος
2917 1240 3033 1305 Εὐ·

449 1347 649 1429 ρώπῃ.
718 1346 1123 1428 κωμήτωρ,
1170 1345 1541 1426 οἰκήτωρ,
1587 1344 2097 1425 παγκράτωρ,
2143 1344 2602 1425 προπάτωρ,
2646 1343 3032 1424 Νικάνωρ,

447 1447 799 1525 ἠλέκτωρ
848 1446 885 1510 ὁ
929 1447 1140 1530 ἥλιος,
1194 1447 1511 1525 ταλάωρ
1554 1447 1628 1510 τό
1680 1447 1887 1513 τόξον.
1978 1445 2406 1524 Χαλκήτωρ
2465 1446 2503 1509 ὁ
2550 1445 2821 1523 οἰκήτωρ
2869 1444 3031 1509 Χαλ-

451 1549 747 1628 κητορίου
792 1548 1044 1613 πόλεως
1095 1550 1348 1629 Κρήτης.
1427 1549 1739 1627 Κρατερὸς
1785 1549 1855 1611 ἐν
1902 1554 1991 1632 τῷ
2036 1548 2186 1626 περὶ
2231 1548 2679 1630 ψηφιςμάτων,
2726 1546 3033 1611 Ἀπολλό-

450 1643 666 1729 δωρος’
705 1652 776 1714 δὲ
810 1650 1234 1729 Χαλκητορεῖς
1279 1651 1515 1716 αὐτούς
1558 1671 1706 1731 φηςι
1752 1650 2032 1733 τετάρτῳ
2070 1654 2388 1728 χρονικῶν
2438 1649 2621 1728 «μεθ’
2655 1646 2733 1712 οὗ
2768 1648 3034 1726 Χαρίδη-

452 1773 568 1832 μος
623 1752 702 1832 ἦν
761 1752 971 1832 φυγὰς
1031 1752 1526 1832 Χαλκητορεύς».
1617 1752 1975 1831 ἀλάςτωρ
2033 1750 2070 1816 ὁ
2126 1752 2292 1816 Ζεὺς
2348 1749 2385 1815 ὁ
2443 1751 2828 1816 ὑποπτεύων
2884 1750 3036 1814 τοὺς

451 1853 690 1918 άλαςτὰ
734 1854 836 1918 καὶ
878 1854 1127 1932 χαλεπὰ
1171 1860 1543 1919 ποιοῦντας·
1631 1856 1670 1934 ἢ
1717 1854 1754 1918 ὁ
1800 1853 2023 1933 ἀςεβὴς
2069 1855 2107 1932 ἢ
2166 1853 2203 1918 ὁ
2249 1854 2609 1918 κακοποιός.
2699 1857 3035 1931 ςημειῶδες

374 2026 380 2032 ,
453 1956 575 2035 ἄρα
620 1956 694 2020 τὸ
742 1956 929 2035 ἰχώρ
974 1957 1177 2035 μόνον
1223 1956 1633 2037 ὀξυνόμενον.
1707 1957 1782 2019 τὸ
1830 1956 1902 2019 δὲ
1946 1977 2185 2038 αιτιον,
2232 1954 2329 2020 ὅτι
2371 1959 2566 2020 τοῦτο
2611 1954 2814 2033 μόνον
2861 1955 3033 2032 διήλ-

454 2061 598 2124 λαξε
655 2057 799 2136 περὶ
853 2059 968 2135 τὴν
1026 2059 1233 2123 κλίςιν.
1321 2060 1400 2123 τὰ
1456 2059 1579 2137 γὰρ
1632 2059 1720 2123 εἰς
1778 2080 1872 2136 ωρ
1930 2057 2224 2136 άρςενικὰ
2268 2057 2610 2138 διςύλλαβα
2663 2058 2744 2135 μὴ
2801 2056 3036 2135 ἔχοντα

450 2161 525 2224 τὸ
589 2147 629 2224 λ
674 2160 779 2224 διὰ
822 2163 938 2223 τοῦ
985 2163 1021 2223 ὃ
1068 2161 1388 2225 κλίνονται
1435 2160 1579 2226 οἷον
1628 2161 1943 2238 Νέςτορος
1986 2159 2317 2238 “·Εκτορος
2362 2161 2438 2223 τὸ
2486 2158 2704 2223 τοίνυν
2751 2157 2906 2237 ἰχώρ
2953 2161 3034 2239 μὴ

453 2261 688 2341 ὁμοίως
733 2264 868 2325 τοῖς
913 2261 1133 2326 ἄλλοις
1177 2264 1387 2327 κλιθὲν
1435 2263 1737 2341 ἐνήλλαξε
1783 2264 1890 2327 καὶ
1928 2263 2073 2340 περὶ
2116 2262 2232 2325 τὸν
2277 2260 2490 2326 τόνον.

623 2364 716 2428 Τὰ
760 2363 848 2428 εἰς
891 2367 988 2443 ἐῶ
1035 2363 1195 2442 ὑπὲρ
1241 2364 1385 2443 μίαν
1428 2366 1743 2444 ςυλλαβὴν
1788 2364 2067 2442 άςυνήθη
2108 2364 2252 2444 μέν,
2299 2364 2378 2427 τὰ
2421 2365 2492 2427 δὲ
2544 2362 2882 2441 εὑρεθέντα
2928 2367 3034 2442 βα-

455 2465 741 2546 ρύνεται,
802 2466 1073 2544 Βέχειρ
1137 2465 1324 2531 ἔθνος
1380 2465 1711 2548 (κυθικόν,
1781 2465 2066 2543 (άπειρ
2134 2465 2172 2543 ἢ
2236 2465 2390 2543 μετὰ
2443 2468 2558 2528 τοῦ
2612 2468 2645 2527 'c‘
2702 2464 3034 2543 (άςπειρ

454 2567 641 2632 ἔθνος
687 2567 756 2630 ἐν
804 2567 1103 2651 μεςογαίᾳ
1144 2571 1255 2645 τῆς
1298 2568 1615 2646 Ποντικῆς
1661 2566 1722 2632 οἱ
1766 2572 1884 2632 νῦν
1941 2569 2045 2631 διὰ
2096 2569 2213 2630 τοῦ
2267 2555 2301 2647 Β
2347 2566 2682 2646 λεγόμενοι
2724 2565 3036 2648 (άβειρες,

455 2669 834 2749 Ἀλάζειρ,
889 2668 1151 2746 Λίγειρ
1197 2671 1483 2748 ποταμὸς
1546 2671 1692 2748 περὶ
1748 2670 2086 2750 Γαλατίαν,
2143 2668 2481 2746 Ἐλάτειρ
2540 2668 2775 2747 ὁμοίως
2830 2667 3036 2747 ὄνομα

454 2775 764 2851 ποταμοῦ.
853 2769 1352 2855 ἑκατόγχειρ,
1397 2770 1784 2853 ἀντίχειρ,
1842 2770 2308 2850 χρυςοέθειρ
2366 2770 2523 2849 παρ’
2568 2769 2917 2856 Ἀρχιλόχῳ
2964 2770 3034 2835 ἐν

459 2929 698 2937 ...η-4-
739 2928 856 2934 --..——.

456 3045 579 3079 raro
616 3029 1016 3090 commiserunt,
1053 3028 1243 3078 eodem
1283 3029 1423 3078 enim
1462 3028 1580 3078 loco
1614 3026 1938 3093 τριβολέτερ
1975 3032 2031 3078 et
2064 3024 2387 3092 τριβόλετερ
2423 3027 2685 3092 scriptum
2724 3032 2832 3089 est,
2871 3032 3033 3092 atque

457 3095 788 3162 τριβολετήρ
825 3103 1092 3161 oxytonos
1136 3097 1383 3147 exhibuit
1417 3097 1624 3147 Ahrens
1671 3098 1737 3146 de
1786 3097 1917 3145 dial.
1954 3095 2104 3146 Aeol.
2143 3113 2196 3161 p.
2239 3098 2301 3146 14
2348 3102 2456 3146 not.
2502 3098 2559 3146 16
2608 3102 2664 3144 et
2701 3097 2795 3146 114
2834 3100 2945 3148 not.

599 3167 689 3215 1.1
721 3166 998 3215 (janonem
1025 3165 1092 3214 de
1120 3166 1427 3215 nominibus
1463 3166 1520 3214 in
1558 3181 1639 3228 ωρ
1675 3166 1762 3215 bis
1785 3165 2053 3215 Arcadius
2119 3165 2493 3229 rofertp1.9,
2524 3165 2584 3213 16
2622 3161 2704 3213 ἔτι
2726 3162 2798 3214 τὰ
2835 3160 2912 3215 εἰς
2952 3178 3034 3227 ωρ

457 3232 675 3298 ῥήτωρ,
715 3231 924 3296 κέλωρ,
962 3231 1153 3296 ἄπωρ,
1204 3249 1298 3298 pro
1346 3248 1450 3298 quo
1487 3235 1625 3283 Io.b
1662 3230 1817 3298 ἄχωρ
1885 3181 2150 3285 Schmigt.
2186 3181 2387 3296 πάτωρ
2436 3231 2523 3282 vel
2559 3230 2752 3296 ἄκτωρ
2796 3232 3035 3282 scribere

457 3302 647 3352 volunt
672 3307 728 3352 et
762 3317 811 3365 p.
839 3305 922 3363 20,
949 3305 1033 3364 20,
1074 3303 1163 3351 ubi
1201 3301 1454 3366 exempla
1494 3299 1747 3365 Νέςτωρ,
1785 3248 2032 3365 ΡΕκτωρ,
2069 3298 2225 3364 ἄχωρ
2264 3306 2643 3366 proponuntur
2678 3307 2733 3350 et
2769 3298 2906 3364 ἰχώρ
2943 3317 3033 3350 ex-

460 3371 676 3434 cipitur.
747 3370 864 3433 Ego
904 3386 1166 3419 canonem
1205 3370 1311 3419 huc
1354 3370 1596 3434 relegavi
1648 3380 1704 3419 et
1747 3370 1954 3419 auxilio
2002 3372 2145 3421 Mon.
2193 3372 2389 3429 32,13
2434 3384 2538 3433 exp
2545 3369 2655 3418 levi
2702 3368 2821 3417 ubi·
2871 3365 3030 3432 ἰχώρ·

458 3436 624 3488 οὐδὲν
661 3436 738 3488 εἰς
776 3439 859 3501 ωρ
896 3440 1069 3500 λῆγον
1104 3436 1248 3521 ὑπὲρ
1286 3435 1415 3500 μίαν
1452 3438 1730 3501 ςυλλαβὴν
1766 3436 2054 3488 ὀξύνεςθαι
2090 3435 2266 3499 θέλει,
2304 3434 2448 3487 ἀλλὰ
2473 3434 2659 3487 πάντα
2685 3434 3029 3518 βαρύνεςθαι,

458 3504 669 3571 ῥήτωρ,
708 3504 954 3569 κλήτωρ,
990 3504 1182 3569 ἵςτωρ,
1221 3504 1456 3586 “Ἐκτωρ,
1497 3504 1708 3569 πέλωρ,
1748 3504 1951 3569 κέλωρ,
1989 3504 2207 3569 ἄκτωρ,
2247 3501 2545 3568 Επέρχωρ,
2586 3501 2849 3568 Ἀνίχωρ,
2889 3506 3029 3570 quod

461 3590 526 3624 ex
564 3575 642 3623 St.
683 3574 742 3624 B.
781 3590 822 3624 s.
857 3589 907 3625 v.
973 3570 1244 3637 Ἀννίχωρ
1282 3576 1480 3639 scripsi
1518 3575 1747 3624 historia
1786 3574 2002 3635 addita,
2041 3572 2214 3637 ἄχωρ,
2253 3570 2528 3637 ἀναΰζωρ,
2577 3589 2673 3639 pro
2718 3589 2822 3638 quo
2861 3573 3031 3623 lehr-

459 3644 572 3691 sius
608 3648 704 3691 aut
742 3636 1038 3705 Γανύκτωρ
1075 3648 1171 3691 aut
1204 3640 1467 3706 ἀνάκτωρ
1504 3643 1848 3692 scribendum
1886 3643 2190 3707 proposuit,
2238 3657 2461 3706 quorum
2512 3642 2784 3706 posterius
2829 3641 3031 3705 recepi,

461 3709 496 3772 ἡ
535 3708 596 3760 δὲ
633 3707 844 3773 ίςτορία
885 3711 1006 3760 τῶν
1042 3707 1344 3771 ὀνομάτων
1390 3708 1606 3774 εἴρηταί
1653 3725 1743 3772 μοι
1789 3707 1852 3759 ἐν
1896 3708 2144 3772 δευτέρω
2189 3708 2317 3772 περὶ
2364 3708 2661 3772 καθολικῆς
2703 3707 3031 3774 προςῳδίας.

461 3777 760 3842 ςημειῶδες
797 3777 903 3841 ἄρα
939 3777 1007 3827 τὸ
1047 3775 1182 3841 ἰχώρ
1220 3777 1394 3838 μόνον
1430 3777 1784 3840 ὀξυνόμενον.
1859 3777 1928 3828 τὸ
1964 3776 2025 3829 δὲ
2062 3760 2242 3828 αἴτιον
2288 3774 2500 3841 εἴρηται
2545 3774 2607 3826 ἐν
2652 3778 2736 3842 τῷ
2775 3777 2902 3840 περὶ
2938 3791 3030 3827 κα-

461 3846 686 3908 Θολικῆς
733 3843 1071 3911 προςῳδίας;
1123 3861 1291 3895 causa
1335 3852 1516 3896 autem
1564 3846 1714 3895 nulla
1762 3846 1874 3895 alia
1909 3852 1995 3896 est
2039 3847 2147 3896 nisi
2193 3861 2285 3907 ea,
2333 3862 2493 3910 quam
2531 3845 2724 3895 Choer.
2760 3846 2934 3910 Epim.
2975 3845 3032 3894 in

460 3913 778 3976 Psalm.45,
821 3918 883 3963 18
918 3914 1096 3976 affert,
1132 3913 1278 3963 unde
1315 3914 1349 3964 1.
1389 3918 1514 3963 14-—
1525 3917 1579 3964 17
1620 3913 1829 3964 addidi.
2000 3913 2037 3963 l.
2075 3915 2106 3964 5
2142 3911 2371 3977 Θέςτωρ
2409 3914 2648 3963 accessit
2684 3930 2750 3962 ex
2787 3912 3031 3977 Theogn.

459 3985 544 4044 42,
583 3985 638 4044 6,
679 3998 746 4031 ex
784 3982 902 4034 eod.
944 3979 1198 4045 Νέςτωρ,
1237 3980 1464 4046 μήςτωρ
1503 3999 1566 4031 ex
1608 3983 1799 4033 Choer.
1838 3982 1941 4047 Ep.
1985 3982 2042 4031 in
2078 3983 2276 4033 Psalm.
2311 3985 2403 4042 45,
2442 3985 2508 4032 20
2553 3986 2608 4031 ct
2644 3978 2894 4044 Μήςτωρ
2935 3983 3031 4045 1;.p

463 4051 619 4102 Hom.
661 4051 773 4110 146,
810 4053 858 4110 5,
898 4047 1135 4114 φράτωρ
1174 4066 1239 4099 ex
1279 4052 1357 4101 St.
1384 4052 1448 4102 B.
1473 4053 1589 4113 671,
1631 4054 1673 4113 1,
1713 4049 1961 4115 Μέντωρ
1985 4053 2102 4111 445,
2143 4053 2223 4111 11,
2261 4048 2547 4113 κωμήτωρ
2581 4051 2698 4109 401,
2736 4054 2782 4103 5.
2819 4049 3033 4113 reliqua

463 4134 529 4168 ex
557 4117 751 4167 Chocr.
779 4121 873 4168 321
914 4123 971 4166 et
1007 4121 1091 4179 87,
1133 4115 1391 4182 Νικάνωρ
1429 4086 1675 4183 Τὴεάῖςῐι
1702 4121 1789 4181 42,
1814 4123 1866 4182 6,
1903 4116 2214 4182 Χαλκήτωρ
2253 4120 2333 4169 St.
2359 4121 2421 4168 B.
2446 4120 2561 4178 683,
2590 4121 2637 4178 7,
2675 4114 2932 4195 ἀλάςτωρ
2970 4119 3032 4167 12.

465 4186 603 4237 Gud.
642 4189 726 4246 3·2,
765 4189 848 4247 35,
887 4186 979 4235 ubi
1015 4184 1200 4236 οὕτως
1238 4185 1591 4250 ’.Ηρωδιανός
1764 4186 1800 4236 l.
1842 4157 1904 4236 19
1942 4203 2205 4236 canonem
2243 4187 2307 4236 de
2346 4187 2655 4236 nominibus
2690 4185 2745 4233 in
2782 4189 2891 4248 ειρ,
2940 4186 3031 4250 qui

464 4271 552 4319 ap.
606 4253 802 4303 Are-ad.
850 4270 1113 4304 canonem
1162 4255 1228 4304 de
1275 4255 1584 4304 nominibus
1631 4255 1686 4303 in
1733 4270 1815 4318 ωρ
1872 4255 2183 4319 praecedit,
2239 4255 2396 4319 sequi
2447 4255 2600 4305 iussi.
2669 4254 3033 4317 Praeceptum

463 4338 642 4387 1psum
680 4321 902 4385 explevi
938 4339 1004 4371 ex
1045 4323 1233 4387 steph.
1275 4324 1335 4373 B.
1380 4324 1491 4384 166,
1534 4326 1610 4383 11,
1652 4319 1843 4386 Βέχειρ
1879 4326 2087 4383 et555,
2129 4324 2189 4370 12
2226 4320 2431 4386 (άπειρ
2469 4321 2590 4373 coll.
2618 4320 2680 4373 Ε.
2708 4323 2779 4371 M.
2822 4324 2933 4377 195,
2971 4325 3035 4371 43

467 4388 656 4453 Βέχειρ
692 4389 855 4440 ἔθνος
892 4386 1179 4453 Εκυθικόν,
1219 4388 1298 4441 ὼς
1335 4390 1533 4453 Απειρ
1580 4389 1614 4453 ἢ
1654 4389 1793 4451 μετὰ
1809 4336 1932 4441 ρτοῦ
1971 4406 1996 4439 ς
2036 4386 2267 4454 Εάπειρ,
2317 4389 2459 4454 quod
2504 4406 2571 4439 ex
2609 4390 2686 4438 St.
2723 4388 2784 4437 B.
2824 4394 3035 4438 mutan-

466 4459 590 4508 dum
626 4474 746 4508 esse
785 4464 974 4508 censet
999 4459 1338 4511 HolsteniuS.
1479 4458 1605 4508 1.2·2
1642 4462 1807 4508 etiam
1846 4459 1925 4507 St.
1952 4457 2014 4510 Β,
2054 4462 2115 4507 ut
2140 4459 2337 4509 Arcad.
2375 4458 2544 4507 habet
2572 4454 2857 4520 ’,Ελεάζειρ
2897 4457 3039 4521 quod

465 4527 599 4575 Lob.
640 4527 694 4575 in
735 4524 982 4589 Ἀλάζειρ
1019 4528 1253 4576 mutavit
1291 4543 1358 4577 ex
1394 4526 1639 4591 Theogn.
1675 4529 1758 4588 41,
1796 4528 1889 4588 25,
1927 4526 2019 4591 qui
2056 4526 2159 4576 hoc
2196 4524 2314 4576 loco
2363 4527 2493 4576 mire
2534 4542 2653 4575 cum
2693 4526 2772 4578 St.
2816 4526 2874 4573 Β.
2915 4541 3038 4575 con·

467 4597 631 4658 gruit.
804 4594 840 4644 l.
876 4597 942 4644 23
989 4596 1131 4659 quod
1179 4595 1542 4645 Lobeek.1·].l
1581 4595 1634 4643 11
1674 4596 1775 4644 290
1822 4594 1961 4643 dicit
1997 4593 2265 4658 Stephani
2302 4595 2556 4659 Byzantii
2592 4593 3041 4643 adnotamentum

469 4663 536 4713 de
571 4678 813 4727 apocope
853 4679 967 4712 voc.
1005 4661 1339 4728 χρυςοέθειρ,
1379 4664 1507 4727 quia
1543 4678 1576 4711 a
1614 4662 1845 4726 reliquis
1881 4662 2332 4727 epitomatoribus
2372 4661 2673 4712 Herodinni
2721 4662 2895 4722 absit,
2934 4660 3042 4710 He·

467 4731 694 4780 rodiano
731 4731 1155 4781 abiudicandum
1193 4748 1340 4789 esse,
1379 4748 1487 4781 uon
1526 4729 1850 4795 persuadet,
1888 4745 2051 4795 quum
2089 4733 2314 4795 saepius
2353 4732 2559 4780 factum
2598 4729 2696 4790 sit,
2736 4736 2795 4778 ut
2831 4729 2900 4778 ab
2940 4745 3045 4778 uno

461 4803 682 4851 ‚tantum
721 4804 1040 4864 excerptore
1079 4800 1484 4849 Herodianeum
1524 4798 1654 4862 quid
1703 4804 1978 4848 servatum
2015 4798 2117 4857 sit,
2157 4799 2253 4847 sed
2300 4799 2469 4851 habet
2505 4798 2842 4863 Theognost.
2880 4797 3046 4847 etiam

471 4866 612 4917 idem
648 4866 716 4918 τὸ
754 4865 1070 4931 χρυςοέθειρ
1107 4865 1221 4919 ἀπὸ
1257 4870 1360 4918 τοι)
1398 4865 1778 4932 χρυςοέθειρος
1816 4865 2216 4918 ἀποκέκοπται.

540 4985 918 5022 nnnonmuvs,
957 4970 998 5018 1.
2609 4949 2653 5012 4

3076 1452 3136 1500 10

3074 1965 3136 2016 15
