3664 5546
1186 396 1344 449 ΠΕΡΙ
1386 395 1776 449 ΚΑΘΟΛΙΚΗ(
1814 395 2236 448 ΠΡΟΕΩιΔΙΑ(
2278 397 2345 446 Ις.
2926 394 3054 456 465

464 565 746 644 ὁμότονα
790 565 1230 642 καθεςτήκαςιν
1276 564 1421 630 οἷον
1467 566 1564 629 ὅτι
1610 566 1827 641 λέγετε
1857 601 1937 610 —-
1973 565 2275 647 λέγετε,
2323 564 2419 627 ὅτι
2466 563 2650 639 ἄγετε
2679 598 2765 608 -
2800 562 3049 638 ἄγετε.

463 666 775 731 ἐπίςταςιν
822 665 959 731 οὖν
987 666 1117 745 ἔχει
1172 669 1248 731 τὸ
1304 667 1488 732 ἔςτε.
1575 669 1653 732 τὸ
1709 669 1824 746 μὲν
1882 666 2196 745 ὁριςτικὸν
2243 665 2563 747 ὀξύνεται,
2619 666 2695 728 τὸ
2741 666 2813 727 δὲ
2857 684 3051 741 προς-

460 769 753 833 τακτικὸν
801 768 1156 848 βαρύνεται.
1246 769 1483 848 ὁμοίως
1525 770 1628 833 καὶ
1672 769 1747 833 τὸ
1792 769 2007 848 φάτε.
2849 773 2856 778 ’

628 891 666 925 ³*
714 870 809 934 Τὰ
866 871 953 934 εἰς
985 856 1101 934 *cb—e
1144 872 1565 949 προςτακτικὰ
1609 870 2159 950 ὁμοιοκατάληκτα
2211 875 2302 953 τῷ
2360 869 2570 953 οἰκείῳ
2616 863 2906 953 ὁριςτικῷ
2951 872 3053 934 καὶ

461 971 749 1052 ὁμότονά
792 971 957 1036 ἐςτιν
1002 972 1209 1057 αὐτῷ,
1256 973 1590 1036 ἐτύπτεςθε
1638 1009 1724 1019 -
1767 971 2176 1054 τύπτεςθε,
2233 971 2524 1047 ἐλέγεςθε
2566 1007 2652 1017 -
2697 971 3050 1053 λέγεςθε,

461 1073 746 1139 ἑπίθεςθε
790 1074 1137 1156 πίθεςθε,
1184 1074 1480 1154 έλάβεςθε
1527 1076 1871 1155 λάβεςθε.
1930 1076 2006 1138 τὸ
2052 1075 2124 1137 δὲ
2168 1073 2488 1138 πιθέςθε
2536 1074 2859 1153 λαβέςθε
2891 1092 3049 1150 παρ-

463 1177 819 1255 οξυνόμενα
864 1177 1409 1255 μεταγενεςτέρων
1455 1176 1688 1241 Ἰώνων
1733 1176 1914 1241 ἐςτίν.

608 1277 724 1341 ,Τὰ
768 1276 855 1370 εἰς
901 1280 963 1340 (Tu
1010 1277 1519 1358 ὑπερδιςύλλαβα
1562 1278 1986 1355 προςτακτικὰ
2031 1279 2667 1360 προπαροξύνονται,
2712 1277 3049 1359 ποῖηςαι,

462 1378 825 1461 ἄςπαςαι,
871 1379 1232 1458 πείρηςαι
1283 1380 1378 1443 «εἰ
1423 1380 1489 1443 δ’
1533 1379 1648 1456 ἄγε
1681 1382 1802 1458 μὴν
1835 1379 2161 1459 πείρηςαι»
2209 1379 2287 1460 (Α
2330 1367 2517 1460 30255
2564 1378 2770 1444 «ἀλλὰ
2817 1382 2888 1443 ςὺ
2935 1383 3051 1458 μὲν

462 1481 924 1547 κατάλεξαι»
958 1478 1113 1562 (od.
1145 1503 1180 1544 τ
1207 1480 1342 1565 44),
1391 1485 1549 1546 «νῦν
1595 1482 1661 1545 δ’
1692 1479 1841 1544 αὖτ’
1873 1481 2028 1560 ἐμὸν
2060 1480 2251 1558 ἔγχος
2297 1479 2614 1544 ἄλευαι»
2661 1478 2765 1562 (ΙΙ.
2801 1482 2849 1545 Χ
2876 1480 3049 1561 285).

463 1584 538 1646 τὸ
584 1584 654 1646 δὲ
701 1587 976 1647 λοῦςαι
1021 1584 1123 1646 καὶ
1166 1584 1380 1649 δέξαι
1424 1585 1527 1647 καὶ
1572 1586 1843 1660 κτῆςαι
1892 1582 2275 1663 βαρύνονται
2325 1582 2413 1646 ὡς
2459 1582 2817 1662 διςύλλαβα.

632 1684 778 1749 Πᾶν
833 1683 1299 1764 ἀπαρέμφατον
1357 1685 1396 1762 ἣ
1452 1685 1539 1749 εἰς
1597 1688 1635 1747 V
1691 1685 1869 1762 λήγει
1923 1685 1962 1762 ἣ
2021 1684 2110 1749 εἰς
2152 1687 2235 1745 Hi.
2325 1685 2426 1747 καὶ
2480 1684 2690 1749 τάεἰς
2735 1688 2772 1748 V
2818 1706 3050 1764 μακρο-

464 1786 821 1863 κατάληκτα
866 1786 987 1849 δύο
1031 1785 1162 1864 ἔχει
1207 1786 1455 1852 τόνους.
1542 1788 1582 1865 ἢ
1628 1788 1750 1864 γὰρ
1797 1786 2183 1866 βαρύνονται
2226 1786 2265 1863 ἢ
2311 1790 2756 1864 περιςπῶνται.
2831 1788 2931 1852 καὶ
2974 1789 3052 1852 τὰ

465 1888 578 1965 μὲν
623 1887 1072 1967 μονοςύλλαβα
1115 1895 1572 1971 περιςπῶνται,
1619 1891 1883 1971 πλεῖν,
1939 1888 2139 1970 ῥεῖν,
2193 1890 2359 1969 ζῆν,
2418 1891 2626 1965 δρᾶν.
2713 1890 2792 1952 τὰ
2835 1891 3052 1968 μέντοι

465 1989 626 2067 ὑπὲρ
692 1989 836 2067 μίαν
901 1991 1215 2077 ςυλλαβῂν
1280 1992 1320 2069 ἢ
1392 1991 1725 2071 βαρύνεται
1790 1991 1830 2068 ἢ
1899 1992 2288 2068 περιςπᾶται.
2390 1981 2725 2068 βαρύνεται
2793 1993 2907 2069 μὲν
2972 1993 3051 2055 τὰ

462 2088 594 2153 ἀπὸ
653 2091 1024 2170 βαρυτόνων
1092 2093 1346 2170 χρόνων
1413 2093 1760 2157 ἐνεςτῶτος
1824 2093 1926 2156 καὶ
1993 2092 2343 2170 μέλλοντος
2409 2077 2644 2153 τύπτω
2694 2092 3051 2174 τύπτειν,

461 2191 651 2270 τύψω
709 2193 1026 2274 τύψειν,
1081 2194 1326 2271 ποιήςω
1381 2195 1759 2272 ποιήςειν.
1847 2193 1993 2256 τότε
2051 2194 2121 2256 δὲ
2175 2195 2581 2273 περιςπᾶται,
2649 2192 2756 2257 ὅτε
2814 2194 2917 2256 καὶ
2972 2194 3051 2257 τὰ

463 2292 739 2372 ὁριςτικὰ
767 2301 1226 2378 περιςπῶνται,
1263 2299 1433 2359 ποιῶ
1466 2297 1768 2376 ποιεῖν,
1813 2300 2033 2357 κτυπῶ
2064 2296 2417 2376 κτυπεῖν,
2465 2296 2661 2357 ςτελῶ
2708 2297 3049 2390 ςτελεῖν,

464 2401 672 2474 χρυςῶ
706 2400 1078 2479 χρυςοῦν,
1126 2401 1259 2477 βοῶ
1307 2400 1516 2477 βοᾶν.
1573 2398 1674 2460 καὶ
1707 2394 1768 2459 οἱ
1800 2397 1913 2473 μὲν
1947 2395 2283 2459 ἑνεςτῶτες
2313 2393 2445 2458 ἀπὸ
2475 2394 2793 2460 ἐντελείας
2837 2395 3051 2474 ἔχουςι

460 2497 579 2572 τὴν
634 2498 1120 2576 περιςπωμένην
1176 2498 1420 2562 ποιέειν
1475 2502 1721 2579 ποιεῖν,
1777 2495 1840 2560 οἱ
1884 2497 1957 2559 δὲ
2012 2487 2298 2574 δεύτεροι
2357 2498 2700 2584 μέλλοντες
2747 2497 2852 2561 οὔ·
2920 2497 3051 2561 ἀπὸ

462 2597 586 2674 γὰρ
632 2602 750 2661 τοῦ
796 2598 1238 2677 εὐφρανεῖν
1273 2599 1502 2675 γέγονε
1548 2599 1705 2662 κατὰ
1737 2597 2020 2661 διάλυςιν
2051 2599 2128 2662 τὸ
2160 2598 2559 2678 εὐφρανέειν.
2620 2601 2722 2663 καὶ
2749 2600 2828 2664 τὰ
2861 2601 2931 2663 δὲ
2963 2596 3050 2664 εἰς

464 2699 502 2760 V
547 2701 665 2761 τοῦ
712 2699 1018 2778 δευτέρου
1063 2699 1362 2779 ἀορίςτου
1407 2698 1538 2763 ἀπὸ
1580 2701 1839 2763 κλίςεως
1871 2704 2326 2783 περιςπῶνται,
2373 2700 2584 2779 ὥςπερ
2622 2702 2724 2765 καὶ
2753 2702 2831 2765 τὰ
2875 2721 3050 2780 περι-

464 2800 792 2882 ςπώμενα,
841 2804 1570 2885 δραμεῖν,,φαγεῖν,
1601 2805 1847 2884 πιεῖν,
1880 2800 2176 2885 ἐλθεῖν,
2224 2802 2440 2867 ἰδεῖν.
2495 2804 2572 2867 τὸ
2605 2805 2676 2867 δὲ
2706 2804 3050 2883 πέφνειν

465 2902 882 2979 ςεςημείωται.
971 2901 1284 2982 ἐβαρύνθη
1331 2903 1434 2986 δέ,
1481 2902 1699 2981 ἐπειδὴ
1743 2904 1848 2966 καὶ
1891 2903 1930 2981 ἡ
1976 2905 2210 2982 μετοχὴ
2255 2905 2493 2969 τούτου
2538 2904 2868 2984 ἐβαρύνθη.

634 3003 728 3067 Τὰ
793 3005 863 3068 δὲ
933 3004 1022 3068 εἰς
1086 3007 1149 3065 Gt
1218 3004 1501 3082 λήγοντα
1565 3004 1996 3084 ἀπαρέμφατα
2067 3006 2278 3070 πάντα
2344 3007 2714 3091 βαρύνεται,
2778 3007 3048 3090 τύψαι,

468 3108 822 3187 ποιῆςαι,
868 3109 1125 3185 κεῖραι
1179 3126 1267 3152 -’
1308 3108 1384 3170 τὸ
1431 3107 1501 3170 δὲ
1545 3107 1801 3184 ποιήςαι
1847 3106 2045 3185 κείραι
2104 3107 2356 3172 εύκτικά
2409 3106 2534 3171 ἑςτι
2576 3143 2663 3154 -
2705 3109 3048 3191 τελέςαι,

464 3295 559 3343 ubi
594 3308 921 3359 quamquam
966 3291 1114 3357 φάτε
1160 3310 1268 3343 non
1315 3293 1522 3344 diserte
1568 3300 1922 3357 memoratur,
1973 3301 2159 3345 tamen
2201 3294 2305 3344 hoc
2349 3295 2595 3360 proferre
2641 3310 2752 3345 non
2800 3295 3051 3346 dubitavi

467 3362 541 3411 cf.
579 3362 755 3412 Lehrs
792 3367 1002 3425 quaest.
1039 3378 1125 3426 ep.
1164 3378 1216 3426 p.
1258 3364 1369 3411 126.
1481 3361 1516 3411 l.
1557 3366 1588 3412 3
1625 3363 1768 3412 huno
1804 3378 2068 3412 canonem
2105 3363 2225 3428 ipse
2262 3364 2543 3428 composui
2581 3363 2836 3413 consulta
2869 3365 2933 3414 11.
2958 3366 3049 3414 Pr.

466 3426 503 3481 C
541 3430 666 3478 266:
713 3425 968 3479 πίθεςθεε
1008 3426 1341 3492 Τυραννίων
1389 3428 1684 3493 παρώξυνε
1729 3429 1799 3480 τὸ
1846 3426 2101 3492 πίθεςθε,
2148 3428 2376 3492 ἀγνοῶν
2423 3429 2510 3482 ὅτι
2557 3429 3048 3495 μεταγενεστέρων

466 3495 674 3547 Ἰώνων
711 3494 825 3546 ἑςτὶ
860 3494 932 3546 τὰ
965 3499 1200 3547 τοιαῦτα
1237 3496 1463 3548 πιθέςθε
1499 3495 1745 3559 λαβέςθε.
1896 3497 1932 3549 l.
1969 3502 2000 3549 9
2037 3494 2291 3563 πείρηςαι
2327 3525 2392 3534 —
2428 3496 2623 3550 ἄλευαι
2659 3499 2845 3549 addidi
2883 3515 2948 3549 ex
2986 3498 3048 3548 11.

427 3569 436 3575 “
466 3565 552 3617 Pr.
580 3563 622 3614 Α
649 3566 773 3614 302:
815 3560 863 3614 εἰ
887 3562 949 3613 δ’
975 3561 1075 3625 ἄγε
1103 3564 1213 3628 μὴν
1250 3562 1533 3629 πείρηςαιε
1573 3563 2180 3630 προπαροξυτονητέον
2215 3564 2284 3615 τὸ
2311 3564 2593 3631 πείρηςαι,
2628 3564 2724 3618 ἵνα
2747 3567 2782 3631 ᾖ
2810 3579 3048 3630 προςτα-

464 3630 659 3681 κτικὸν
705 3628 783 3681 ὡς
836 3630 907 3682 τὸ
952 3631 1059 3682 «ct»
1113 3631 1174 3683 δέ
1228 3630 1473 3696 φράςαι»
1521 3631 1630 3697 (83)
1684 3630 1882 3683 miror
1911 3631 2181 3684 πολλάκις
2223 3636 2345 3684 τῶν
2397 3633 2680 3685 τοιούτων
2723 3630 2830 3685 τὸν
2874 3633 3048 3686 τόνον

3091 1488 3154 1539 10

3093 1999 3152 2048 15

3088 2508 3156 2559 20

3085 3019 3150 3068 ⁶25

466 3697 721 3762 ἐχόντων
755 3701 877 3748 τῶν
914 3697 1371 3764 ἀπαρεμφάτων,
1411 3699 1561 3763 λέγω
1606 3698 1668 3750 δὲ
1716 3704 1838 3750 τῶν
1875 3698 1954 3751 εἰς
1990 3704 2044 3752 ᾶῖ
2082 3699 2406 3764 ληγόντων·
2453 3701 2639 3753 «ἀλλά
2685 3717 2751 3764 με
2798 3705 3046 3753 κακκεῖαι
3113 3724 3118 3728 ·

464 3766 565 3817 ςὺν
600 3765 857 3829 τεύχεςι»
894 3765 951 3830 (λ
978 3766 1066 3830 74)
1102 3769 1215 3831 ((τῆ
1253 3767 1314 3819 δέ
1349 3768 1481 3820 τόδε
1519 3767 1834 3833 κρήδεμνον
1869 3767 1985 3819 ὑπὸ
2032 3767 2298 3832 ςτέρνοιςι
2333 3769 2637 3821 τανύςςαι»
2674 3770 2814 3845 (0ιίἸ
2838 3784 2864 3820 ε
2902 3772 3045 3834 346).

465 3834 532 3885 οὐ
572 3833 764 3896 μέντοι
798 3833 868 3884 τὸ
903 3836 1133 3885 τοιοῦτο
1169 3835 1439 3899 διηνεκές.
1497 3834 1610 3886 ἔςτι
1644 3835 1750 3899 γὰρ
1786 3833 1821 3885 ἃ
1859 3836 1949 3886 καὶ
1987 3834 2273 3900 ἐφύλαξαν
2307 3836 2413 3888 τὸν
2449 3836 2590 3889 ἴδιον
2625 3836 2823 3889 τόνον·
2860 3837 3047 3889 «ἀλλὰ

466 3901 529 3953 ςὺ
578 3901 680 3964 μέν
724 3899 1061 3953 κατάλεξαι»
1106 3903 1196 3954 καὶ
1232 3905 1381 3954 «νῦν
1424 3901 1561 3954 αὖτ’
1595 3902 1736 3966 ἐμὸν
1779 3902 1942 3966 ἔγχος
1988 3903 2239 3957 ἄλευαι».
2311 3905 2519 3957 καὶτὸ
2565 3908 2794 3956 τοιοῦτο
2840 3904 3046 3958 διδάξαι

466 3968 566 4033 ἄν,
605 3968 692 4020 ὅτι
729 3968 823 4020 ἐπὶ
867 3972 1044 4019 τινῶν
1090 3970 1194 4033 μέν
1239 3971 1486 4034 ἤλλαξαν
1529 3970 1664 4022 τοὺς
1709 3969 1939 4034 τόνους,
1987 3970 2081 4023 ἐπὶ
2125 3973 2302 4022 τινῶν
2350 3973 2409 4023 δ’
2445 3972 2528 4023 οὔ.
2610 3971 2809 4025 ἐνθάδε
2856 3971 3046 4035 μέντοι

465 4036 607 4088 κατὰ
661 4036 836 4100 λόγον
887 4037 1040 4088 δοκεῖ
1085 4037 1120 4100 ἡ
1170 4039 1544 4103 προςτακτικὴ
1590 4037 1899 4100 ἀνάγνωςις
1945 4040 2177 4091 κεῖςθαι·
2233 4037 2283 4090 εἰ
2334 4038 2439 4103 γὰρ
2485 4039 2775 4103 πρόκειται
2827 4041 2897 4091 τὸ
2944 4039 3046 4102 ἄγε

465 4104 978 4169 παρακελευςτικὸν
1023 4103 1329 4171 ἐπίρρημα,
1377 4106 1520 4172 ὅπερ
1565 4106 1793 4171 ςημεῑόν
1841 4105 1958 4159 ἑςτι
2000 4109 2410 4171 προςτακτικῆς
2448 4104 2774 4172 ἑγκλίςεως,
2823 4106 3046 4159 οἰκείως

465 4173 556 4225 καὶ
591 4171 664 4223 τὰ
699 4174 802 4236 τῆς
839 4171 1212 4234 ἀναγνώςεως
1250 4172 1504 4237 ἐγένετο,
1543 4173 1643 4236 ἄγε
1680 4172 1964 4238 πείρηςαι,
2003 4172 2082 4225 ὡς
2119 4174 2209 4224 καὶ
2246 4172 2309 4225 ἐν
2335 4173 2545 4238 ἑτέροις
2581 4174 2784 4239 «δεῦρ’
2817 4173 2919 4237 ἄγε
2955 4176 3045 4226 καὶ

465 4240 529 4292 ςὺ
566 4242 708 4292 ξεῖνε
747 4238 1001 4307 πείρηςαι
1038 4238 1305 4294 ἀέθλων»
1342 4242 1468 4305 (od.
1504 4243 1535 4292 θ
1575 4242 1713 4307 145).
1919 4242 1954 4291 l.
1994 4243 2055 4293 16
2097 4241 2302 4293 τύπτω
2337 4241 2505 4305 τύψω
2550 4244 2670 4307 ipse
2719 4245 2952 4309 apposui
2990 4250 3047 4293 et

467 4309 502 4358 l.
544 4312 605 4360 19
643 4308 757 4371 βοῶ
806 4308 956 4371 βοᾶν.
1036 4308 1205 4359 verba
1249 4309 1340 4360 καὶ
1384 4307 1436 4360 οἱ
1483 4308 1585 4372 μὲν
1630 4307 1938 4360 ἑνεςτῶτες
1974 4334 2040 4344 ——
2077 4310 2113 4358 l.
2149 4312 2211 4359 21
2256 4309 2329 4360 τὸ
2374 4307 2708 4373 εὐφρανέειν
2752 4312 2935 4361 adieci
2981 4328 3048 4361 ex

462 4377 529 4426 11.
568 4377 653 4426 Pr.
694 4375 728 4428 Γ
764 4378 890 4427 236:
929 4373 1121 4427 ἰδέεινε
1159 4376 1263 4428 οὐκ
1301 4376 1448 4429 ἔςτιν
1485 4375 1710 4428 ἐντελὲς
1744 4376 1815 4428 τὸ
1855 4373 2046 4441 ἰδέειν,
2085 4374 2229 4427 ἀλλὰ
2253 4374 2593 4428 τούναντίον
2627 4376 2742 4429 ἀπὸ
2777 4381 2880 4430 τοῦ
2910 4376 3046 4430 ἰδεῖν

464 4442 665 4507 γέγονε
703 4442 846 4495 κατὰ
882 4442 1152 4509 διάλυςιν,
1191 4444 1381 4510 ὥςπερ
1417 4443 1532 4496 ἀπὸ
1567 4446 1671 4495 τοῦ
1710 4443 2015 4508 εὐφρανεῖν
2057 4443 2127 4495 τὸ
2165 4444 2522 4510 εὐφρανέειν·
2568 4442 2621 4496 οῖ
2654 4445 2762 4510 γὰρ
2797 4445 3049 4511 δεύτεροι

466 4509 709 4576 ἀόριςτοι
755 4512 845 4563 κάἰ
894 4510 1198 4576 μέλλοντες
1244 4511 1347 4563 οὐκ
1392 4511 1575 4575 έχουςι
1618 4513 1727 4577 τὴν
1775 4511 2211 4576 περιςπωμένην
2255 4510 2371 4564 ἀπὸ
2418 4511 2701 4565 ἑντελείας
2754 4513 2943 4579 ὥςπερ
2996 4513 3049 4566 οἱ

467 4579 881 4643 περιςπώμενοι
917 4578 1241 4632 ἐνεςτῶτες.
1310 4581 1460 4631 Idem
1506 4580 1676 4631 habet
1713 4580 1909 4633 Choer.
1946 4581 2073 4642 662,
2111 4583 2160 4633 5.
2229 4582 2465 4646 Propter
2507 4582 2718 4632 inserta
2751 4584 2922 4634 verba
2959 4581 3049 4633 καὶ

468 4652 598 4697 ante
633 4647 705 4699 τὰ
740 4647 802 4699 δὲ
839 4646 917 4699 εἰς
954 4650 988 4699 V
1032 4649 1363 4713 interposui,
1409 4665 1509 4715 pro
1554 4647 1753 4699 ἄκλιτα
1800 4649 1997 4714 scripsi
2042 4646 2157 4699 ἀπὸ
2203 4645 2463 4715 κλίςεως,
2512 4656 2862 4715 opponuntur
2906 4652 3051 4701 enim

470 4711 584 4764 ἀπὸ
619 4713 852 4767 κλίςεως
889 4714 1288 4780 περιςπώμενα
1323 4719 1442 4768 τοῖς
1488 4715 1603 4767 ἀπὸ
1641 4713 1925 4767 ὲντελείας
1961 4714 2144 4780 ἔχουςι
2178 4716 2287 4781 τὴν
2324 4716 2773 4783 περιςπωμένην.
2811 4746 2876 4755 —-
2913 4718 2946 4768 1.
2987 4719 3053 4767 24

470 4777 744 4848 ἐβαρύνθη
780 4800 953 4849 usque
991 4783 1062 4834 ad
1098 4782 1258 4836 finem
1294 4785 1580 4836 adiehfex
1619 4782 1812 4835 Choer.
1852 4786 1968 4844 730,
2006 4787 2037 4835 9
2075 4785 2145 4835 cf.
2184 4784 2247 4835 ΙΙ.
2284 4786 2371 4837 Pr.
2408 4785 2466 4837 Π
2499 4788 2627 4850 827,
2668 4784 2706 4838 Ρ
2743 4790 2857 4839 539.

470 4847 507 4898 l.
535 4851 601 4898 26
636 4846 707 4901 τὸ
745 4849 805 4901 δὲ
843 4850 1067 4916 ποιήςαι
1103 4851 1279 4918 κείραι
1319 4851 1547 4904 εὐκτικά
1581 4850 1694 4903 ἑςτι
1731 4852 1968 4915 inserui,
2007 4854 2136 4918 quia
2171 4852 2264 4903 hic
2302 4853 2504 4908 alicubi
2537 4855 2912 4907 Herodianum
2951 4855 3053 4906 hoc

539 4966 913 5003 nunonunvs.
952 4955 994 5008 1.
1896 4955 1904 4969 “
2565 4938 2651 5002 30
