3664 5546
1159 308 1318 362 Περι
1356 306 1748 362 κΑοοΛκιΗς
1782 305 2206 362 ΠΡοςΩιΔιΑς
2242 307 2322 360 ιΑ.
2611 282 2618 288 ’
2914 304 3040 369 303

452 500 561 557 κης
608 479 705 543 ὡς
743 478 1160 555 Ἀλέξανδρος
1204 479 1306 542 καὶ
1349 477 1596 559 Φίλων,
1642 476 1773 541 ἀπὸ
1821 477 2109 554 Μάρςου.
2168 477 2426 540 Μινύα
2468 475 2655 539 πόλις
2701 474 3042 539 Θεςςαλίας

450 580 490 657 ἡ
542 580 862 658 πρότερον
906 578 1221 658 Ἀλμωνία
1273 578 1404 642 ἀπὸ
1462 578 1716 643 Μινύου
1773 581 2083 656 κληθεῖςα.
2188 577 2315 641 ἔςτι
2381 578 2483 641 καὶ
2537 576 2722 654 ἑτέρα
2777 576 2848 640 ἐν
2871 567 2880 577 ’
2902 579 3040 640 τοῖς

451 680 652 759 ὁρίοις
707 679 953 744 Λυκίας.
1048 679 1249 758 Κρύα
1303 681 1489 744 πόλις
1542 679 1787 744 Λυκίας.
1879 680 2356 757 Ἀρτεμίδωρος.
2445 677 2787 743 Ἁλικύαι
2853 676 3041 740 πόλις

452 781 744 852 (ικελίας.
791 781 1194 858 Θεόπομπος.
1240 782 1469 859 μεταξὺ
1514 781 1765 858 κειμένη
1812 780 2141 857 Ἐντέλλης
2185 781 2287 843 καὶ
2329 779 2686 860 Λιλυβαίου.
2739 778 3041 857 Καφύαι
3125 806 3132 814 ·

450 882 636 946 πόλις
702 882 1031 959 Ἀρκαδίας
1099 880 1231 944 ἀπὸ
1292 880 1546 945 Κάπυος
1610 885 1727 944 τοῦ
1794 881 2037 958 πατρὸς
2100 881 2387 959 Ἀγχίςου
2449 881 2488 958 ἢ
2555 879 2687 943 ἀπὸ
2754 879 3036 960 Κηφέως.
3080 889 3116 940 5

456 983 720 1047 Καπύα
764 983 951 1046 πόλις
994 982 1267 1045 Ἰταλίας.
1356 982 1679 1046 Ἑκαταῖος
1723 981 2015 1064 Εὐρώπῃ.
2089 980 2220 1044 ἀπὸ
2270 981 2525 1045 Κάπυος
2573 985 2690 1044 τοῦ
2734 980 3040 1059 Τρωϊκοῦ.

451 1083 827 1162 Τραμπύα
893 1084 1080 1149 πόλις
1147 1086 1259 1160 τῆς
1316 1083 1617 1161 Ἠπείρου
1683 1083 1952 1159 πληςίον
2009 1082 2392 1164 Βουνείμων.
2493 1082 2803 1156 Φλεγύα
2853 1082 3042 1145 πόλις

451 1186 756 1250 Βοιωτίας
799 1183 931 1248 ἀπὸ
976 1184 1272 1260 Φλεγύου
1317 1189 1435 1248 τοῦ
1478 1185 1721 1262 Ἄρεως
1765 1184 1869 1248 καὶ
1916 1184 2157 1260 Χρυςῆς
2200 1182 2443 1247 παιδός.
2526 1182 2812 1259 (ιγγύα
2854 1183 3041 1247 πόλις

448 1287 851 1366 Παμφυλίας.
926 1285 1251 1350 Μαντύα
1301 1286 1485 1349 πόλις
1531 1285 1878 1363 Ῥωμαίων.
1965 1284 2277 1362 γράφεται
2323 1287 2394 1348 δὲ
2439 1286 2543 1349 καὶ
2588 1284 2902 1349 Μάντουα
2944 1288 3035 1366 τῷ

449 1391 578 1451 τῶν
632 1386 961 1465 Ῥωμαίων
1020 1386 1166 1450 ἔθει.
1257 1386 1514 1467 ἰγνύα,
1570 1386 1784 1464 ὀρύα.
1874 1384 2277 1463 Ἀρίςταρχος
2335 1383 2430 1468 (Ῥ)
2488 1386 2802 1449 ςυςτέλλει
2860 1387 2935 1449 τὸ
2999 1386 3041 1447 ἆ
3081 1397 3145 1448 10

449 1490 551 1552 καὶ
595 1488 852 1551 ἐκτείνει
910 1489 984 1551 τὸ
1032 1488 1069 1549 ὗ
1113 1488 1215 1550 καὶ
1270 1486 1776 1568 προπαροξύνει,
1835 1487 2196 1564 ἐναλλαγὴν
2242 1487 2441 1550 τόνου
2494 1487 2596 1551 καὶ
2640 1487 2882 1565 χρόνου
2927 1506 3037 1548 πε-

448 1590 746 1678 ποιηκῲς.

617 1689 711 1752 Τὰ
755 1689 842 1753 εἰς
888 1689 929 1753 ἇ
975 1690 1215 1768 μακρὸν
1272 1689 1553 1767 καθαρὸν
1599 1695 1690 1769 τῷ
1744 1685 1799 1750 ’ὧ
1855 1689 2355 1767 παραληγόμενα
2412 1689 2780 1770 βαρύνεται,
2836 1688 2946 1752 ὤα
2998 1689 3038 1765 ἡ

449 1792 738 1872 μηλωτή,
775 1791 1026 1868 Κριώα
1070 1794 1268 1869 δῆμος
1312 1795 1422 1869 τῆς
1455 1789 1843 1868 Ἀντιοχίδος
1874 1793 2114 1871 φυλῆς,
2161 1791 2435 1869 ψοθώα
2476 1791 2515 1867 ἡ
2562 1792 2772 1868 ψώρα.
2831 1790 3038 1853 ὡςαύ-

449 1912 574 1955 τως
621 1892 722 1955 καὶ
767 1892 1038 1974 Μινῴα
1081 1892 1268 1955 πόλις
1312 1892 1382 1954 ἐν
1429 1892 1718 1973 Ἀμοργῷ
1763 1897 1838 1974 τῇ
1891 1891 2062 1974 νήςῳ
2116 1896 2224 1975 μιᾷ
2279 1896 2409 1955 τῶν
2459 1890 2818 1956 Κυκλάδων.
2894 1895 3037 1954 δευ-
3078 1906 3139 1957 15

448 1992 599 2069 τέρα
641 1992 828 2056 πόλις
873 1992 1166 2058 (ικελίας.
1254 1987 1428 2070 τρίτη
1475 1992 1544 2055 ἑν
1591 1990 1808 2075 (ίφνῳ
1864 1996 1972 2073 μιᾷ
2014 1996 2145 2056 τῶν
2195 1991 2553 2056 Κυκλάδων.
2642 1992 2773 2070 ἔχει
2819 1993 2890 2056 δὲ
2935 1992 3038 2056 καὶ
3143 2008 3158 2019 ·
3209 1985 3228 1992 ’

450 2092 719 2175 Μινῲαν
776 2094 1031 2171 κρήνην.
1122 2094 1409 2157 ἐκαλεῖτο
1477 2093 1579 2156 καὶ
1642 2092 1681 2169 ἡ
1742 2092 1902 2157 Γάζα
1959 2092 2217 2175 Μινῴα,
2279 2093 2376 2157 ὅτι
2435 2093 2656 2157 Μίνως
2720 2093 2833 2157 ςὺν
2899 2096 3036 2156 τοῖς

446 2192 759 2272 ἀδελφοῖς
802 2195 1011 2277 Αἰακῷ
1067 2195 1171 2257 καὶ
1214 2194 1633 2273 Ῥαδαμάντυι
1692 2194 1806 2258 ἰὼν
1865 2194 1929 2260 ἐξ
1974 2194 2173 2257 αὑτοῦ
2228 2195 2464 2271 ταύτην
2511 2194 2820 2258 ἐκάλεςεν.
2909 2193 3034 2257 ἔςτι

446 2296 548 2357 καὶ
592 2295 895 2374 Ἀραβίας.
984 2296 1109 2360 ἔςτι
1156 2296 1257 2359 καὶ
1305 2295 1558 2373 Κρήτης.
1646 2294 1771 2358 ἔςτι
1817 2295 1920 2358 καὶ
1975 2293 2136 2373 ἄλλη
2182 2298 2370 2371 νῆςος
2426 2296 2506 2358 οὐ
2549 2296 2774 2373 πόρρω
2821 2294 3034 2369 Μεγά-

448 2415 580 2472 ρων
624 2396 726 2458 καὶ
767 2394 807 2472 ἡ
838 2396 1061 2474 Πάρος
1095 2396 1340 2478 Μινῴα.
1398 2397 1594 2478 ἠῴα,
1639 2398 2100 2478 προθυρῲα,
2149 2396 2466 2478 ύπερῴα
2509 2400 2781 2474 τριγενῆ.
2837 2400 3035 2459 ταῦτα
3071 2411 3138 2462 20

448 2485 520 2559 δὲ
567 2497 646 2559 οὐ
692 2497 869 2574 παρὰ
911 2501 1097 2561 πᾶςιν
1141 2497 1272 2574 ἔχει
1318 2499 1394 2560 τὸ
1439 2500 1486 2560 ἶ.

615 2618 651 2652 x
700 2596 794 2661 Τὰ
837 2598 924 2660 εἰς
966 2599 1010 2659 ἆ
1056 2599 1389 2682 διφθόγγῳ
1431 2598 1931 2677 παραληγόμενα
1973 2604 2052 2681 τῇ,
2096 2598 2201 2661 διὰ
2244 2602 2361 2661 τοῦ
2408 2602 2444 2661 fi
2490 2599 2832 2679 διςύλλαβα
2875 2618 3034 2676 προ-

447 2701 851 2779 περιςπᾶται,
896 2697 1107 2760 Ταῦα
1150 2699 1335 2762 πόλις
1378 2699 1731 2781 Αἰγύπτου,
1788 2699 1939 2761 Εὖα
1982 2699 2170 2762 πόλις
2216 2699 2556 2777 Ἀρκαδίας.
2646 2699 3035 2779 Θεόπομπος
3128 2707 3136 2722 ’

447 2799 517 2862 ἐν
574 2799 766 2882 ἕκτῳ,
825 2800 902 2863 τὰ
957 2801 1028 2863 δὲ
1084 2800 1244 2877 ὑπὲρ
1301 2801 1420 2865 δύο
1479 2802 1794 2881 ςυλλαβὰς
1849 2800 2420 2878 προπαροξύνεται.
2508 2801 2783 2880 Ἐρευα
2840 2804 2879 2880 ἡ
2936 2802 3036 2865 καὶ

446 2899 777 2978 Ἐλευθερᾶ
789 2950 808 2983 ,
855 2900 979 2978 ἀφ’
1023 2900 1097 2977 ἧς
1143 2901 1472 2979 Ἐρευάτης
1516 2903 1703 2965 πόλις
1745 2901 1988 2966 Λυκίας.
3067 2919 3136 2969 ‘25

448 3072 651 3079 ——.—..-.—--
704 3073 847 3079 Q*

577 3188 612 3237 1.
650 3190 682 3237 8
727 3186 934 3249 (ιγγύα
978 3194 1036 3237 et
1081 3186 1322 3239 Μαντύα
1367 3204 1454 3252 up.
1504 3189 1581 3238 St.
1627 3189 1689 3237 B.
1736 3182 2210 3254 broparoxytonos
2265 3192 2473 3255 scripta
2520 3195 2647 3241 sunt
2690 3194 2747 3240 et
2792 3187 3033 3241 Μαντύα

444 3256 609 3303 etiam
646 3271 732 3321 ap.
770 3256 1024 3305 Eustath.
1060 3259 1174 3312 302.
1214 3258 1243 3305 7
1280 3271 1457 3319 neque
1497 3262 1681 3306 tamen
1718 3272 1836 3305 cum
1863 3258 2204 3321 Goettlingio
2241 3260 2307 3307 de
2345 3263 2559 3308 accent-
2602 3276 2654 3324 p.
2685 3261 2779 3308 139
2813 3258 3033 3307 credam

443 3321 501 3370 in
538 3322 637 3371 hoe
685 3322 952 3372 vocabuio
997 3329 1279 3372 accentum
1328 3325 1585 3372 Latinum
1632 3331 1911 3373 retentum
1960 3340 2109 3385 esse,
2159 3340 2320 3389 quum
2365 3326 2510 3375 idem
2559 3326 2625 3375 de
2678 3324 2876 3376 Καπύα
2923 3325 3032 3374 (1ίοί

446 3390 646 3451 possit,
704 3391 846 3453 quod
902 3406 989 3454 ap.
1038 3391 1118 3440 St.
1168 3392 1227 3442 B.
1276 3406 1445 3455 pai-ox
1487 3398 1657 3441 tonon
1718 3398 1817 3442 est.
1864 3419 1931 3427 —
1979 3390 2140 3453 ίγνύα
2185 3408 2359 3457 nsque
2415 3394 2485 3441 ad
2531 3393 2688 3443 finem
2737 3394 2921 3456 recepi
2965 3408 3032 3441 ex

443 3456 688 3520 Theogn.
729 3457 849 3506 oon.
888 3457 1064 3508 Bekk.
1104 3460 1202 3506 An.
1239 3458 1411 3507 ludio.
1448 3407 1639 3521 ἷγνύα,
1677 3459 1733 3508 in
1772 3460 1930 3509 euius
1967 3461 2341 3510 adnotamenti
2387 3461 2491 3510 fine
2547 3461 2793 3510 additum
2831 3464 2918 3509 est
2953 3458 3031 3509 ὥς

442 3537 611 3586 φηςιν
648 3523 1002 3586 Ἡρωδιανὸς.
1074 3525 1142 3573 of.
1192 3534 1481 3589 praeterea
1529 3526 1710 3589 schol.
1759 3527 1829 3575 ad
1867 3528 1932 3576 11.
1985 3526 2025 3576 Ν
2075 3530 2173 3576 212
2221 3526 2417 3591 ἰγνύην
2455 3527 2714 3578 Ἰωνικῶς
2761 3525 3030 3590 μετέβαλε

441 3591 547 3640 τὸν
582 3590 783 3653 τόνον,
822 3590 960 3640 ἐπεὶ·
991 3590 1060 3640 τὸ
1097 3590 1413 3642 ἀκόλουθον
1458 3591 1624 3653 ίγνυά
1659 3591 1836 3657 ἐςτιν,
1884 3592 1962 3643 ὡς
2001 3594 2342 3658 Ἡρωδιανὸς
2390 3594 2452 3645 ἐν
2498 3599 2584 3660 τῷ
2622 3588 2691 3645 ια’
2727 3597 2830 3658 τῆς
2868 3593 3030 3644 καθό-

442 3657 572 3721 λου,
611 3676 678 3707 ex
716 3660 914 3722 quibus
950 3660 1134 3707 verbis
1171 3661 1469 3724 suspiceris
1515 3677 1613 3724 pro
1655 3659 2007 3723 Ἀρίςταρχος
2055 3663 2318 3727 scriptum
2367 3664 2540 3713 fuisse
2588 3663 2620 3713 ὁ
2659 3665 2760 3726 τῆς
2797 3661 3030 3713 ἀκολου-

441 3723 561 3775 θίας
599 3725 768 3787 λόγος
803 3725 892 3775 vel
930 3726 1107 3775 simile
1157 3728 1303 3790 quid.
1376 3728 1447 3776 cf.
1498 3729 1665 3777 etiam
1703 3730 1884 3778 schol.
1923 3726 1972 3779 Φ
2011 3733 2136 3788 242,
2187 3732 2363 3780 Lehrs
2399 3730 2567 3780 Arist.
2605 3747 2655 3795 p.
2696 3734 2794 3781 302
2835 3730 2918 3782 ed.
2958 3730 3031 3787 11,

440 3794 579 3845 Lob.
618 3794 910 3857 Phrynich.
954 3810 1004 3857 p.
1042 3798 1140 3842 302
1179 3799 1236 3841 et
1272 3793 1355 3843 ΕΙ.
1381 3796 1435 3844 11
1471 3798 1556 3859 29,
1596 3796 1692 3845 nbi
1726 3797 2043 3860 suspicatur
2079 3814 2175 3861 pro
2200 3796 2342 3862 ὀρύα
2369 3798 2675 3862 ponendum
2713 3813 2836 3847 esse
2873 3796 3028 3860 ὀξύα,

441 3862 570 3922 quia
608 3876 715 3910 non
754 3861 1052 3909 verisimile
1090 3862 1166 3910 sit
1202 3862 1574 3910 Aristarchum
1619 3863 1685 3911 de
1733 3867 1950 3913 nomine
1996 3865 2227 3928 ignobili
2273 3864 2414 3928 ὀρύα
2459 3866 2813 3925 disseruisse,
2860 3872 3029 3927 atque

441 3928 803 3991 significatam
841 3944 961 3979 esse
997 3929 1162 3977 etiam
1201 3929 1473 3977 diversam
1516 3932 1840 3994 scripturam
1887 3933 1966 3980 ita
2013 3940 2073 3980 ut.
2118 3929 2281 3993 ἰγνύα
2318 3932 2480 3995 ὀξύα,
2520 3933 2615 3981 sed
2653 3930 2836 3992 ἶγνυια
2873 3930 3029 3982 ὅξυια

440 3996 909 4058 pronunciandum
955 3997 1233 4045 censuerit
1276 3997 1652 4060 Aristarchus,
1711 3998 1855 4047 idem
1910 3999 1976 4047 de
2023 4001 2299 4062 scriptura
2355 3998 2515 4062 ὄρυια
2568 4000 2742 4048 sentit
2789 3998 3025 4048 Meinek.

442 4062 574 4125 phil.
614 4064 864 4116 exercitt.
904 4064 959 4111 iu
996 4062 1193 4114 Athen.
1232 4064 1289 4113 11
1325 4080 1374 4127 p.
1414 4068 1491 4113 10.
1700 4065 1734 4114 l.
1773 4070 1836 4114 14
1885 4064 2066 4127 Κριώα
2114 4066 2331 4130 explevi
2368 4083 2432 4115 ex
2471 4068 2551 4116 St.
2589 4067 2682 4128 B„
2721 4063 2924 4129 Μινῴα
2961 4078 3028 4114 ex

440 4129 629 4179 eodem
664 4130 882 4185 addidi,
922 4131 1015 4179 ubi
1053 4132 1194 4180 falso
1231 4138 1464 4179 accentu
1502 4130 1707 4198 Μίνῳα
1756 4134 2021 4196 scriptum
2058 4141 2143 4181 est
2179 4134 2271 4194 (cs.
2312 4134 2447 4185 Lob.
2488 4134 2572 4183 ΕΙ.
2611 4135 2636 4181 Ι
2673 4134 2774 4181 446
2810 4138 2924 4181 not.
2965 4136 3027 4182 19

441 4203 495 4245 et
532 4199 747 4262 Kn‘iiger
782 4197 851 4247 ad
887 4197 1136 4261 Thucyd.
1172 4199 1250 4247 IV
1286 4201 1371 4260 67,
1412 4200 1490 4261 1),
1540 4200 1804 4249 feminina
1850 4199 2248 4248 adiectivorum
2285 4198 2412 4263 ήῲα
2447 4215 2620 4263 usque
2659 4200 2726 4248 ad
2766 4198 2926 4248 finem
2961 4216 3026 4249 ex

440 4265 686 4329 Theogn.
730 4268 842 4327 106,
878 4267 944 4314 25
981 4270 1199 4330 sumpta
1236 4271 1378 4318 suut.
1428 4269 1509 4315 De
1549 4280 1565 4315 ι
1602 4267 1917 4330 subscripto
1953 4267 2022 4314 cf.
2061 4267 2197 4315 Lob.
2223 4266 2307 4314 ΕΙ.
2331 4268 2357 4316 Ι
2393 4269 2492 4315 452
2528 4282 2647 4315 eum
2683 4273 2842 4328 notu,
2878 4267 3025 4317 unde

440 4339 670 4397 apparet
706 4332 1120 4382 annotationem
1158 4332 1229 4381 do
1265 4347 1281 4382 ι
1318 4333 1591 4383 ineffabili
1637 4348 1744 4382 non
1788 4333 1861 4381 ad
1911 4338 2154 4382 extrema
2200 4336 2411 4381 tantum
2457 4333 2761 4395 adientium,
2809 4333 2908 4383 sed
2954 4334 3026 4383 ad

440 4401 618 4514 oulnnia
654 4401 928 4450 voeabula
965 4402 1256 4464 pertinere.
1364 4400 1399 4449 l.
1435 4404 1499 4449 22
1536 4401 1682 4449 hunc
1715 4415 1980 4449 canonem
2016 4401 2291 4463 composui
2328 4417 2395 4449 ex
2435 4401 2742 4450 nominibus
2784 4416 2817 4449 a
2857 4402 2936 4454 St.
2963 4404 3026 4455 B.

440 4480 493 4514 re
522 4472 646 4519 atis.
1374 4472 1387 4491 ³

1428 4655 1463 4663 ..-
