3664 5546
1589 429 2009 478 PRAEFATIO.
2915 428 3075 477 CCXI

501 593 798 648 secutum
843 604 987 647 esse
1031 583 1222 648 docet
1265 584 1343 648 E.
1390 583 1567 649 Gud.
1612 583 1728 663 49,
1774 584 1892 665 39,
1940 583 2138 647 ctiam
2183 582 2460 661 ἀμείνων
2506 583 2685 663 ἀρειή
2732 583 2799 646 in
2844 582 3078 647 Choer.

502 685 692 749 Orth.
743 686 897 768 176,
944 685 985 748 6
1030 694 1093 748 et
1141 686 1281 766 177,
1325 685 1368 749 4
1411 685 1850 770 reperiuntur,
1906 707 2099 773 porro
2155 684 2406 764 ἀτειρής
2455 685 2595 765 177,
2640 684 2754 766 20,
2814 683 2930 749 sed
2976 707 3078 772 ap.

501 788 810 853 Orionem
855 785 1271 851 Herodianea
1315 787 1695 872 originatio‚
1755 787 1997 875 quippe
2043 808 2208 874 quae
2252 808 2357 873 ap.
2404 784 2634 851 Choer.
2683 787 2893 874 primo
2937 784 3080 850 loco

500 891 715 976 posita
778 889 893 972 sit,
960 890 1134 969 παρὰ
1197 892 1273 956 τὸ
1338 891 1526 969 τείρω
1596 889 1948 954 intercidit.
2045 886 2381 954 Articulus
2448 888 2635 972 ἄβαξ,
2701 890 2757 953 si
2821 889 3079 976 quidem

499 990 860 1055 Herodiani
907 1001 1006 1055 est
1018 1040 1036 1074 ,
1094 993 1310 1079 potius
1356 1013 1440 1056 ex
1484 990 1819 1057 Catholica
1863 1013 2057 1079 quam
2104 1014 2187 1055 ex
2229 990 2397 1055 libro
2453 992 2601 1070 περὶ
2642 996 2868 1057 παθῶν
2915 990 3082 1054 deri-

501 1103 697 1157 vatus
752 1092 1036 1157 videtur.
1136 1094 1456 1173 ἀγρυπνία
1521 1095 1721 1160 habet
1785 1093 2336 1179 subscriptionem
2402 1094 2609 1160 οὕτως
2672 1093 3081 1173 Ἡρωδιανός.

503 1194 1009 1282 Interrumpitur
1053 1207 1190 1262 tum
1236 1196 1436 1259 series
1481 1196 2043 1261 Herodian'eorum
2087 1195 2577 1275 adnotamentO,
2635 1197 2739 1261 cni
2784 1194 3081 1260 additum

502 1306 631 1360 est:
698 1299 904 1364 οὕτως
964 1297 1159 1377 εὗρον
1225 1299 1295 1364 ἐν
1363 1299 1764 1378 ὑπομνήματι
1822 1299 1912 1364 εἰς
1968 1299 2461 1381 Ἀριστοφάνην,
2524 1306 2661 1362 tum
2727 1306 3086 1385 sequuntur

499 1401 694 1479 Ἄρης
738 1399 862 1480 ἀήρ
908 1399 1215 1480 ἀμβροςία
1259 1401 1522 1478 ἀγγεῖον
1569 1401 1762 1484 ἄγκη,
1818 1399 1991 1464 inter
2043 1421 2204 1486 quas
2262 1399 2625 1465 notationes
2681 1399 2803 1491 ἀήρ
2860 1400 2954 1464 sic
2998 1399 3083 1464 ab

502 1499 878 1585 Herodiano
925 1521 1053 1565 non
1099 1512 1199 1566 est
1227 1503 1563 1589 profecta,
1606 1502 1887 1588 reliquas
1933 1501 2018 1567 ab
2050 1501 2429 1566 Herodiano
2473 1524 2603 1567 non
2634 1502 2793 1566 *esse
2824 1501 3083 1565 demon-

503 1604 696 1668 strari
741 1625 871 1668 non
916 1612 1151 1690 potest.
1237 1604 1330 1669 Ut
1385 1604 1707 1691 quomodo
1753 1627 1858 1669 res
1905 1625 1974 1668 se
2018 1604 2291 1685 habeat,
2351 1602 2588 1667 clarius
2642 1602 2761 1667 fiat
2811 1604 2881 1668 in
2939 1601 3083 1667 aliis

502 1706 704 1769 etiam
747 1703 951 1770 literis
999 1704 1379 1787 intervalla,
1438 1729 1606 1793 quae
1650 1708 1822 1771 inter
1869 1706 2188 1771 Soranum
2242 1716 2307 1771 et
2350 1702 2770 1770 Heraclidem
2814 1707 3084 1770 interce-

502 1806 700 1890 dunt,
767 1818 1268 1894 perscrutemur.
1357 1808 1436 1871 In
1491 1810 1533 1873 Ε
1586 1809 1654 1873 id
1711 1810 2026 1895 spatium,
2096 1831 2221 1894 quo
2285 1806 2707 1872 Herodianea
2768 1806 3086 1873 contineri

504 1909 839 1988 dicuntur,
910 1909 1279 1975 notationes
1345 1910 1498 1974 inde
1554 1910 1639 1975 ab
1697 1912 1891 1978 ἕδνον
1945 1932 2153 1997 usque
2208 1910 2294 1974 ad
2350 1910 2684 1990 εἰλικρινής
2737 1910 3083 1996 pertinent,

501 2035 656 2076 nam
708 2020 858 2100 post
913 2014 1137 2088 ἔλεγος
1180 2048 1262 2059 --
1321 2013 1492 2078 οὕτω
1536 2014 1824 2093 Δίδυμος
1892 2013 1962 2077 ἐν
2029 2020 2120 2097 τῷ
2172 2013 2320 2091 περὶ
2372 2016 2657 2091 ποιητῶν
2713 2011 3084 2076 Heraclidis

503 2136 776 2199 regnum
821 2114 1081 2200 incipit3
1142 2137 1224 2179 cx
1279 2113 1578 2179 undecim
1635 2113 2167 2179 adnotationibus
2224 2114 2391 2178 duae
2443 2114 2710 2199 ἐρωδιός
2751 2151 2835 2162 -
2881 2115 3086 2181 οὕτως

501 2216 896 2297 Ἡρωδιανὸς
950 2217 1020 2281 ἐν
1075 2224 1165 2301 τῷ
1221 2217 1368 2295 περὶ
1420 2223 1645 2283 παθῶν
1704 2227 1769 2282 et
1813 2217 1985 2285 εὖνις
2027 2253 2113 2263 -
2168 2217 2375 2282 οὕτως
2430 2215 2624 2295 εὗρον
2681 2216 2751 2282 ἐν
2804 2224 2896 2303 τῷ
2940 2218 3086 2297 περὶ

502 2325 729 2384 παθῶν
774 2317 943 2383 libro
989 2319 1136 2397 περὶ
1176 2324 1435 2403 παθῶν,
1491 2341 1623 2382 una
1678 2319 1906 2398 ἑχυρός
1949 2354 2033 2366 -
2090 2317 2262 2383 οὕτω
2317 2320 2506 2398 φηςὶν
2563 2318 2957 2397 Ἡρωδιανὸς
3013 2319 3083 2384 ἐν

501 2428 581 2506 τῇ
612 2420 1019 2505 ὀρθογραφίᾳ
1052 2418 1573 2506 Ortbographiae
1620 2421 2067 2504 assignantur,
2115 2440 2201 2482 ex
2231 2416 2497 2504 reliquis
2529 2420 2769 2485 ἐκεῖθεν
2801 2426 3084 2507 ςυγκοπῇ

503 2527 623 2589 τοῦ
666 2522 987 2589 ἐκεινόθεν
1033 2522 1209 2587 Μοιι.
1256 2522 1336 2585 27
1384 2531 1448 2585 et
1503 2522 1823 2599 ἔκπαγλος
1869 2519 2100 2585 Choer.
2146 2520 2323 2584 Dict.
2373 2521 2529 2601 629,
2577 2521 2617 2585 6
2660 2522 3087 2608 comprobant

504 2624 867 2689 Herodiani
923 2645 1098 2705 esse,
1157 2626 1350 2690 ἕδνον
1407 2624 1721 2703 ἐτήτυμον
1778 2623 2024 2702 ἐρινύες
2079 2622 2450 2687 testimonio
2513 2622 2889 2688 confirmari
2952 2646 3083 2687 non

503 2734 812 2814 possunt,
870 2727 1153 2809 ἐλαφρός
1209 2726 1304 2790 sic
1359 2734 1533 2790 certe
1590 2725 1673 2790 ab
1719 2724 2096 2791 Herodiano
2150 2747 2281 2790 non
2327 2734 2457 2806 est,
2514 2725 2707 2806 εἴρων
2752 2726 3086 2806 εἰλικρινής

505 2851 590 2893 ex
636 2827 822 2893 Orth.
870 2837 1129 2916 sumpta
1172 2827 1504 2908 videntur,
1552 2849 1751 2913 quum
1795 2837 2055 2892 exstent
2099 2829 2293 2892 etiam
2339 2829 2407 2891 in
2451 2826 2679 2892 Choer.
2719 2827 2906 2893 Orth.
2938 2828 3084 2913 202,

505 2931 589 2995 33
635 2940 700 2995 et
733 2931 881 3011 204,
912 2931 974 2994 5.
1042 2930 1122 2994 In
1169 2933 1182 2996 Ι
1229 2929 1597 2995 notationes
1643 2929 2024 2994 Herodiano
2069 2928 2503 3014 assignandae
2548 2928 2700 2994 inde
2745 2932 2830 2995 ab
2876 2931 3086 3010 ἰςθμός

503 3054 712 3118 usque
757 3032 842 3096 ad
887 3033 1046 3113 ἴδρις
1088 3042 1396 3120 pergunt,
1452 3053 1606 3095 nam
1650 3030 1997 3096 articulum
2053 3032 2241 3116 ἱςτία,
2297 3032 2400 3095 cui
2458 3030 2900 3118 subscriptum
2952 3041 3082 3095 est:

507 3134 680 3200 οὕτω
732 3135 1076 3201 Φιλόξενος
1121 3135 1191 3200 ἐν
1236 3142 1326 3220 τῷ
1371 3137 1519 3214 περὶ
1561 3139 1671 3214 τῆς
1715 3135 1916 3200 Ἰάδος
1958 3135 2264 3219 διαλέκτῳ
2316 3133 2730 3198 Herodianus
2775 3134 2844 3197 in
2898 3155 3086 3198 usum

507 3256 698 3300 suum
744 3236 1146 3301 convertisse
1191 3235 1668 3301 existimandus
1715 3246 1832 3301 est.
1914 3235 2020 3299 Ex
2064 3235 2302 3320 viginti
2346 3244 2652 3322 quattuor
2697 3237 3085 3324 praeceptis,

509 3360 783 3425 quorum
827 3360 1029 3402 unum
1077 3337 1157 3402 de
1203 3339 1340 3404 ἰλύς
1383 3339 1731 3424 repetitur,
1789 3339 2076 3425 quinque
2120 3336 2481 3401 Herodiani
2526 3359 2758 3402 nomen
2813 3360 2971 3425 prae
3017 3360 3086 3402 se

508 3437 728 3504 ferunt
775 3441 1027 3524 ἵμερος,
1072 3439 1254 3524 ἷπος,
1301 3441 1510 3525 ἰκμάς,
1558 3441 1685 3507 ἰξός
1731 3448 1795 3503 et
1824 3440 2040 3519 ἱμονιά
2084 3461 2233 3503 cum
2273 3436 2428 3504 libri
2472 3438 2662 3504 titulo
2693 3440 3087 3520 Ἡρωδιανὸς

509 3542 580 3607 ἐν
624 3548 699 3626 τῇ
743 3542 1163 3626 ὀρθογραφίᾳ.
1249 3542 1357 3607 Ex
1401 3540 1888 3628 Orthographia
1934 3540 2290 3607 Herodiani
2335 3541 2448 3604 ubi
2502 3552 2771 3628 propter
2811 3542 3085 3630 scriptu-

509 3665 652 3707 ram
704 3666 823 3729 per
879 3647 933 3708 ᾗ
987 3641 1280 3729 prolatae
1336 3651 1549 3724 erant,
1607 3642 1992 3728 desumptae
2046 3651 2198 3707 sunt
2252 3641 2375 3705 hae
2424 3664 2616 3707 voces
2674 3644 2808 3710 ἰλύς
2853 3644 3086 3710 Choer.

509 3741 695 3810 Orth.
753 3744 907 3826 225,
965 3745 1007 3807 2
1061 3744 1204 3811 Ἶςις
1259 3743 1490 3809 Choer.
1558 3744 1741 3809 Orth.
1802 3745 1955 3824 221,
2020 3745 2097 3807 16
2154 3754 2217 3808 et
2272 3743 2352 3807 E.
2409 3743 2498 3808 M.
2555 3744 2715 3825 476,
2770 3745 2884 3827 48,
2953 3747 3087 3812 ἰτέα

510 3846 742 3910 Choer.
790 3846 946 3928 224,
998 3846 1105 3928 10,
1149 3846 1256 3926 ἴλη
1300 3845 1455 3924 225,
1508 3847 1618 3927 15,
1665 3846 1813 3926 Ἶρις
1846 3846 2000 3927 221,
2050 3847 2085 3910 7
2131 3856 2197 3910 et
2244 3846 2354 3927 19,
2402 3844 2536 3912 ἶνες
2578 3846 2735 3927 220,
2786 3847 2899 3928 18,
2946 3849 3087 3934 qui-

509 3948 631 4012 bus
699 3947 1019 4013 accedunt
1071 3947 1194 4014 ἶνις
1206 3998 1224 4032 ,
1277 3948 1414 4033 ἴον,
1472 3949 1704 4032 ἰάλλω,
1770 3947 1906 4028 ἴτης
1949 3948 2245 4034 quamvis
2291 3948 2658 4013 testimonio
2704 3947 3084 4032 destitutae3

509 4051 674 4129 ἱήίὀς
729 4072 813 4114 ex
869 4048 1138 4114 Prosod.
1185 4041 1523 4114 Catholica
1579 4047 1852 4113 fluxisse
1907 4048 2200 4132 videtur,
2257 4051 2411 4136 quia
2465 4059 2733 4137 propter
2786 4049 3085 4137 spiritum

511 4150 780 4215 affertur
826 4150 939 4230 (cf.
987 4153 1128 4232 ἥϊος
1173 4150 1251 4217 Il.
1297 4152 1403 4216 Pr.
1452 4153 1503 4216 0
1534 4151 1688 4230 365,
1736 4153 1792 4216 Υ
1827 4151 2008 4236 152),
2057 4174 2141 4215 ex
2184 4150 2350 4216 libro
2396 4153 2541 4230 περὶ
2583 4157 2809 4218 παθῶν
2854 4152 3087 4236 ἰςθμός,

511 4254 716 4337 ἰςχάς,
763 4253 948 4338 ἰωκή,
993 4255 1184 4338 ἴδρις,
1243 4252 1359 4317 sed
1420 4251 1659 4317 dubiae
1704 4262 1971 4317 manent
2012 4254 2156 4334 ἴφια
2200 4257 2397 4336 μῆλα,
2455 4274 2653 4339 quum
2708 4251 3087 4318 Herodiano

514 4354 861 4441 explicatio
909 4357 1050 4421 κατ’
1095 4356 1468 4436 ἀντίφραςιν
1511 4375 1640 4418 non
1686 4363 2000 4420 consueta
2043 4354 2163 4435 sit,
2224 4363 2288 4418 et
2332 4355 2506 4433 ἰχθύς
2550 4364 2818 4443 propter
2858 4354 3091 4418 miram

516 4455 599 4521 ab
643 4457 797 4522 ἰθύω
842 4458 1365 4541 originationem.
1418 4494 1486 4504 —
1539 4458 1617 4521 In
1663 4456 1852 4520 litera
1898 4456 1940 4520 C
1993 4464 2145 4542 post
2188 4456 2419 4520 Sorani
2465 4455 2862 4521 notationem
2907 4458 3091 4536 ςκέλη

517 4559 847 4643 profertur
892 4560 1157 4637 ςτυγνός
1200 4582 1346 4625 cum
1393 4557 1871 4641 subscriptione
1916 4559 2260 4626 Φιλόξενος
2315 4558 2385 4624 ἐν
2429 4565 2520 4643 τῷ
2576 4559 2719 4637 περὶ
2763 4558 3091 4637 Ῥωμαίων

518 4662 877 4745 διαλέκτου,
934 4659 1107 4747 quod
1165 4661 1694 4725 adnotamentum
1750 4681 1834 4723 ex
1879 4659 2237 4725 Herodiani
2293 4657 2461 4725 libro
2517 4660 2663 4738 περὶ
2713 4663 2940 4726 παθῶν
2985 4682 3092 4746 pe-

518 4759 706 4825 titum
763 4760 1062 4845 videtur,
1117 4772 1256 4827 tum
1313 4765 1683 4843 ςπάργανον
1729 4784 1814 4826 ex
1863 4763 2272 4842 ςπαράγανον
2330 4770 2393 4825 et
2438 4761 2691 4839 ςτερρός
2735 4783 2821 4826 ex
2865 4760 3094 4827 eodem

519 4858 683 4926 libro
739 4865 1068 4950 exscripta
1124 4864 1436 4946 arbitror,
1497 4867 1767 4945 ςτεροπή
1825 4862 2148 4948 indidem,
2206 4863 2321 4928 sed
2375 4885 2686 4950 perversa
2734 4863 3097 4929 Herodiani

2596 4989 2632 5030 Ο
2655 4970 2688 5007 ‘k
