3664 5546
659 403 788 468 420
1596 403 1678 457 ΕΚ
1715 402 1857 456 ΤΩΝ
1900 400 2304 455 ΗΡΩΔΙΑΝΟΥ

826 575 922 638 Τὰ
976 573 1064 639 εἰς
1118 577 1219 637 EN
1274 575 1629 652 ςυγκριτικὰ
1688 574 1851 652 ὑπὲρ
1913 573 2033 637 δύο
2080 571 2395 652 ςυλλαβὰς
2440 568 2603 636 ὄντα
2645 570 3266 649 προπαροξύνονται

658 677 816 741 κατὰ
859 678 976 754 τὴν
1030 677 1326 755 κλητικὴν
1383 673 1530 741 οἶον
1585 675 1623 739 6
1683 673 1950 756 βελτίων
1995 673 2049 738 ὦ
2095 674 2449 755 βέλτιον,
2507 672 2545 736 6
2602 671 2882 752 ἀμείνων
2939 670 2993 735 ὦ
3036 671 3264 751 ἄμει-

657 798 832 861 νον,
878 777 916 842 6
961 778 1238 855 γλυκίων
1282 776 1336 841 ὦ
1379 777 1742 861 γλύκιον,
1787 775 1826 840 6
1872 775 2107 854 ἀρείων
2153 774 2207 838 ὦ
2252 774 2545 853 ἄρειον.
2841 781 2846 786 ’

1285 949 1481 1026 Περὶ
1524 947 1764 1013 τόνου
1809 950 1946 1024 τῆς
1990 948 2260 1024 δυϊκῆς
2304 943 2632 1010 εὐθείας.

597 1091 630 1141 5
829 1086 1016 1150 Πᾶςα
1059 1083 1275 1162 εὐθεῖα
1319 1086 1499 1164 δυϊκὴ
1544 1084 1632 1149 εἰς
1678 1086 1720 1148 ἆ
1750 1084 1927 1162 λήγει
1971 1083 2010 1160 ἢ
2044 1080 2132 1146 εἰς
2176 1083 2211 1144 ἒ
2252 1081 2291 1158 ἢ
2324 1080 2413 1145 είς
2443 1086 2514 1145 is).
2545 1116 2631 1127 —
2659 1080 2734 1144 Αἱ
2763 1081 2853 1145 εἰς
2888 1084 2921 1145 ἒ
2951 1081 3263 1158 λήγουςαι

659 1190 771 1265 τῆς
814 1186 903 1250 εἰς
947 1189 989 1249 ἃ
1033 1186 1372 1264 αἰτιατικῆς
1402 1186 1618 1264 ἔχουςι
1663 1187 1780 1251 τὸν
1810 1186 2041 1267 τόνον,
2088 1184 2197 1247 ὅτε
2242 1182 2369 1248 ἐςτὶ
2413 1182 2602 1265 ῥητή,
2647 1182 2888 1248 Αἴαντα
2930 1181 3262 1264 Αἴαντε,

659 1289 915 1366 Πάριδα
957 1286 1290 1371 Πάριδε,
1337 1287 1544 1367 ἄνδρα
1586 1287 1858 1371 ἄνδρε,
1903 1287 2176 1362 γυναῖκα
2216 1288 2556 1359 γυναῖκε.
2621 1285 2809 1350 ἔνθεν
2841 1285 3036 1349 πάλιν
3078 1284 3265 1362 παρὰ

658 1389 734 1452 τὸ
779 1388 922 1453 τινά
967 1387 1257 1455 ὀξύνεται
1311 1392 1388 1454 τὸ
1442 1391 1611 1455 τινέ
1669 1390 1895 1457 «ξείνω
1943 1389 2022 1468 δή
2065 1410 2238 1454 τινε»
2284 1387 2440 1471 (od.
2488 1392 2526 1451 δ
2569 1385 2712 1470 26),
2767 1387 2842 1450 τὸ
2900 1387 2972 1451 δὲ
3016 1405 3262 1465 πυςμοι-

657 1491 834 1555 τικόν
879 1490 1072 1555 πάλιν
1121 1490 1473 1571 βαρύνεται.
1551 1492 1660 1557 ὅτε
1716 1494 1788 1556 δὲ
1844 1492 1927 1571 μή
1983 1490 2108 1556 ἐςτι
2166 1489 2321 1569 ῥητὴ
2377 1490 2418 1569 ἡ
2474 1488 2564 1554 εἰς
2619 1491 2660 1550 ἇ
2714 1486 3052 1570 αἰτιατική,
3103 1487 3264 1551 τότε

564 1596 625 1648 10
657 1599 735 1675 τῇ
783 1592 871 1657 εἰς
918 1597 1003 1656 ὀἳ
1044 1599 1262 1677 γενικῇ
1308 1593 1613 1671 ὁμοτονεῖ
1665 1595 1741 1658 τὸ
1800 1593 2054 1676 δυῖκόν,
2110 1592 2341 1670 ταχέος
2383 1585 2645 1673 ταχέε,
2701 1590 2944 1668 πήχεος
2998 1589 3261 1667 πήχεε.

660 1695 740 1758 τὰ
785 1694 905 1758 δύο
952 1699 1018 1759 ἐξ
1063 1694 1152 1758 εἰς
1194 1696 1233 1771 ἦ
1280 1699 1679 1773 ςυναιροῦςιν
1725 1695 2065 1774 Ἀθηναῖοι.

748 1794 877 1873 ἐγὼ
925 1797 998 1861 δέ
1042 1816 1142 1860 τοι
1187 1797 1523 1875 πεπόνηκα
1566 1800 1791 1881 κομιδῇ
1836 1799 1929 1861 τὼ
1976 1797 2203 1876 ςκέλη
2251 1792 2614 1882 (Aristoph.
2659 1793 2814 1856 Pae.
2859 1791 3032 1878 820).

752 1897 872 1962 οὐκ
915 1897 1072 1977 ἐμοῦ
1118 1901 1453 1964 κινοῦντος
1498 1897 1673 1962 αὐτὼ
1719 1900 1811 1962 τὼ
1859 1899 2040 1977 ςκέλη
2087 1898 2436 1976 χορεύετον
2483 1895 2720 1980 (Arist.
2767 1894 2919 1957 Pac.
2963 1893 3139 1978 325).

752 2000 855 2063 καὶ
897 1999 1060 2077 πρός
1102 2019 1177 2076 γε
1220 2000 1475 2065 τούτοις
1518 2000 1749 2078 ἥκετον
1794 2003 2085 2080 πρεςβῆ
2134 1999 2254 2064 δύο
2302 1997 2538 2083 (Arist.
2585 1997 2665 2060 fr.
2711 1995 2840 2060 495
2885 1992 3138 2078 Dind.).

561 2106 626 2156 15
666 2103 765 2165 δεῖ
808 2103 1175 2179 προςθεῖναι
1221 2102 1414 2179 χωρὶς
1457 2106 1587 2167 τῶν
1633 2100 1963 2169 ὀξυτόνων
2006 2107 2312 2185 γενικῶν,
2357 2101 2462 2166 ἐπὶ
2504 2100 2756 2165 τούτων
2785 2099 2910 2177 γὰρ
2953 2097 2993 2176 ἡ
3039 2097 3262 2162 εὐθεῖα

665 2203 787 2281 ούχ
832 2202 1166 2285 ὁμοτονεῖ,
1213 2203 1370 2282 μυός
1415 2205 1580 2285 μύε,
1628 2204 1777 2269 ςυός
1823 2204 1982 2287 ςύε,
2028 2204 2222 2282 δρυός
2267 2203 2483 2285 δρύε,
2530 2202 2666 2267 λιός
2712 2204 2846 2266 λῖε.

828 2305 923 2369 Τὰ
979 2304 1068 2369 εἰς
1117 2306 1163 2367 ἃ
1219 2306 1501 2384 λήγοντα
1555 2306 1738 2369 δυῑκὰ
1794 2305 1926 2370 ἀπὸ
1983 2307 2098 2386 μὲν
2154 2304 2481 2372 ὀξυτόνων
2544 2303 2916 2385 ὀξύνονται,
2984 2301 3113 2366 ἀπὸ
3179 2302 3259 2364 δὲ

660 2406 1161 2486 περιςπωμὲνων
1206 2412 1650 2486 περιςπῶνται.
1738 2411 1859 2471 τοῦ
1903 2409 2019 2487 μὲν
2063 2407 2330 2485 πρώτου
2382 2406 2687 2486 αἰχμητής
2732 2403 3094 2485 αἰχμητά,
3142 2406 3256 2466 λο-

659 2509 871 2587 γιςτής
916 2508 1262 2584 λογιςτά·
1329 2512 1446 2573 τοῦ
1493 2510 1565 2573 δὲ
1610 2508 1917 2587 δευτέρου
1962 2509 2184 2589 Ἑρμῆς
2228 2509 2483 2591 Ἑρμᾶ,
2542 2509 2851 2585 Ἀπελλῆς
2904 2506 3256 2570 Ἀπελλᾶ.

559 2618 626 2668 20
661 2608 791 2675 ἀπὸ
839 2611 910 2674 δὲ
956 2608 1329 2690 βαρυτόνων
1374 2612 1503 2688 πρὸ
1548 2614 1691 2690 μιᾶς
1735 2610 1951 2690 ἔχουςι
1995 2612 2111 2675 τὸν
2155 2610 2385 2692 τόνον,
2430 2609 2547 2675 κᾶν
2576 2609 2617 2688 ἡ
2662 2609 2879 2675 εὐθεῖα
2920 2626 3256 2686 προπαρο-

661 2712 951 2796 ξύνηται,
1008 2711 1113 2777 διὰ
1167 2711 1243 2776 τὸ
1301 2712 1567 2792 μέγεθος
1620 2716 1738 2778 τοῦ
1794 2712 1851 2777 ἆ.
1939 2714 2014 2778 τὸ
2070 2713 2193 2792 γὰρ
2252 2712 2323 2779 ἑν
2380 2715 2624 2779 δυῖκοῖς
2679 2714 2722 2776 ἆ
2775 2709 3019 2791 μακρόν
3064 2708 3257 2791 ἐςτιν,

663 2813 701 2878 6
745 2813 993 2881 Αἰνείας
1035 2814 1128 2878 τὼ
1171 2813 1470 2897 Αἰνεία,
1513 2814 1552 2892 ἡ
1601 2815 1851 2893 Μήδεια
1893 2815 1974 2879 τὰ
2020 2816 2331 2895 Μηδεία.

831 2917 926 2981 Τὰ
970 2916 1059 2982 εἰς
1104 2919 1160 2981 ὦ
1204 2918 1488 2995 λήγοντα
1534 2917 1717 2981 δυῑκὰ
1760 2918 1799 2994 ἢ
1848 2916 2137 2983 ὀξύνεται
2182 2919 2221 2995 ἢ
2270 2918 2639 3000 βαρύνεται,
2695 2917 3126 2994 ἀπέςτραπται
3181 2915 3260 2978 δὲ

660 3019 777 3098 τὴν
808 3019 1325 3101 περιςπωμένην,
1371 3017 1558 3083 ἔνθεν
1602 3019 1706 3083 καὶ
1748 3019 1826 3083 τὸ
1871 3020 2070 3084 τώδε
2115 3020 2337 3086 δυῖκὸν
2383 3019 2464 3084 οὐ
2505 3021 3042 3100 προπεριςπᾶται,
3086 3015 3260 3081 ἀλλὰ

662 3272 711 3339 ᾧ
766 3272 855 3325 καὶ
903 3269 1235 3338 ἐπείςθηςαν
1283 3272 1473 3338 ὥςπερ
1514 3273 1625 3339 ἤδη
1680 3270 2030 3339 προείπομεν
2085 3271 2179 3325 ἐπὶ
2232 3275 2335 3325 τοῦ
2393 3271 2749 3337 ὀλβιόδαιμον
2802 3271 3112 3336 γένομενοι.
3182 3271 3258 3321 cf.

663 3342 860 3395 Choer.
899 3345 1018 3405 438,
1056 3345 1122 3395 26
1160 3343 1286 3408 (Ep.
1314 3341 1403 3391 Cr.
1440 3342 1467 3392 1
1505 3340 1589 3407 17)
1630 3340 2006 3406 ςημειούμεθα
2041 3340 2102 3392 δὲ
2140 3342 2230 3392 καὶ
2263 3341 2335 3392 τὸ
2371 3340 2671 3404 Παλαῖμον
2708 3338 3258 3405 προπεριςπώμενον

662 3410 806 3461 κατὰ
840 3410 949 3473 τὴν
986 3409 1260 3473 κλητικὴν
1295 3409 1385 3460 καί
1422 3408 1490 3460 οὐ
1529 3409 2122 3474 προπαροξυνόμενον.
2177 3408 2290 3461 ἔςτι
2326 3409 2387 3460 δὲ
2423 3409 2694 3461 ςύνθετον
2732 3407 2885 3473 παρὰ
2919 3409 3027 3471 τὴν
3064 3405 3258 3471 πάλην

663 3476 752 3527 καί
789 3477 858 3527 τὸ
894 3474 1107 3541 αἵμων,
1155 3476 1187 3527 ὃ
1226 3475 1475 3542 ςημαίνει
1521 3476 1626 3527 τὸν
1673 3476 2032 3542 ἑπιςτήμονα.
2102 3477 2323 3529 θέλουςι
2370 3478 2461 3528 καὶ
2507 3476 2577 3529 τὸ
2623 3475 2898 3539 Εὔδαιμον
2943 3475 3012 3526 τό
3058 3474 3256 3539 κύριον

663 3545 737 3607 μὴ
776 3544 1225 3609 προπαροξύνειν
1263 3545 1405 3596 κατὰ
1440 3545 1548 3609 τὴν
1585 3545 1857 3610 κλητικὴν
1894 3544 2038 3597 ἀλλὰ
2074 3547 2464 3610 προπεριςπᾶν
2500 3542 2626 3597 οἷον
2664 3543 2940 3611 Εὐδαῖμον
2979 3542 3120 3607 πρὸς
3157 3541 3254 3593 ἀν-

658 3611 1017 3676 τιδιαςτολὴν
1062 3615 1166 3664 τοῦ
1215 3612 1503 3664 ἐπιθέτου·
1550 3611 1733 3664 ἐκεῖνο
1777 3613 1886 3676 γὰρ
1931 3612 2418 3677 προπαροξύνεται
2463 3613 2607 3665 κατὰ
2651 3612 2760 3732 ‘nx'
2805 3611 3076 3677 κλητικὴν
3121 3607 3252 3661 οἷον

664 3678 927 3742 εὔδαιμον
966 3678 1155 3745 ὥςπερ
1191 3680 1261 3732 τὸ
1300 3681 1638 3743 κακόδαιμον
1675 3680 1766 3731 καί
1804 3680 2176 3745 ὀλβιόδαιμον.
2224 3682 2444 3732 Pariter
2478 3688 2644 3746 atque
2685 3679 2698 3697 '
2747 3679 3034 3744 γάμεμνον
3072 3676 3252 3745 Αὐτό-

664 3746 834 3810 μεδον
878 3748 1195 3800 Lobeckius
1239 3749 1323 3800 El.
1359 3750 1415 3798 11
1450 3752 1550 3799 279
1598 3750 1934 3809 vocativum,
1981 3766 2087 3815 quo
2132 3750 2309 3799 utitur
2343 3748 2606 3811 Αἱοαοιιε,
2652 3745 2982 3813 Εὐρύδαμαν
3026 3761 3254 3813 propar-

662 3820 933 3878 oxytonoe
971 3817 1142 3867 scribi
1179 3816 1324 3877 vult,
1363 3831 1472 3865 non
1509 3824 1911 3881 paroxytonos,
1949 3825 2012 3867 ut
2051 3818 2303 3883 prolatus
2341 3823 2426 3869 est
2462 3832 2551 3882 ap.
2590 3816 2785 3867 Choer.
2828 3819 2946 3877 105,
2983 3818 3068 3866 35.

662 3882 697 3932 l.
725 3885 751 3932 1
791 3900 1060 3934 canonem
1097 3883 1163 3934 de
1201 3885 1461 3933 vocativo
1486 3885 1983 3948 comparativorum
2007 3886 2192 3951 recepi
2217 3901 2284 3935 ex
2310 3884 2503 3935 Choer.
2528 3885 2647 3947 438,
2674 3886 2740 3935 34
2772 3882 2975 3934 collato
2999 3883 3250 3947 Theogu.

663 3952 782 4013 119,
822 3955 869 4004 1.
1012 3952 1050 4002 1.
1088 3955 1257 4003 5-14
1292 3967 1361 4002 ex
1395 3952 1476 4001 10.
1515 3952 1600 4001 Al.
1640 3955 1720 4013 14,
1761 3955 1838 4012 15,
1877 3954 1933 4003 in
1970 3954 2223 4003 versibus
2261 3952 2669 4003 constituendis
2704 3956 2927 4005 secutus
2962 3967 3082 4001 sum
3115 3950 3256 3999 Din-

662 4018 910 4069 dorfium.
1047 4020 1083 4069 1.
1122 4021 1322 4069 16-16
1358 4034 1426 4069 ex
1461 4019 1664 4072 Arcad.
1705 4023 1826 4083 131,
1870 4024 1946 4071 14.
1986 4047 2051 4057 —
2099 4019 2166 4070 de
2204 4021 2413 4085 πρεςβῆ
2452 4021 2524 4074 ef.
2561 4020 2755 4072 Choer.
2790 4022 2918 4079 441,
2955 4021 3046 4069 25:
3084 4016 3119 4079 ἡ
3159 4015 3252 4069 εὐ-

662 4088 785 4138 θεῖα
828 4089 951 4137 τῶν
1004 4086 1216 4138 δυῑκῶν
1259 4086 1344 4137 τὼ
1392 4086 1603 4152 πρέςβη
1660 4087 1813 4152 παρὰ
1856 4091 1977 4139 τοῖς
2022 4087 2247 4153 ῥήτορςι
2304 4086 2631 4152 βαρυτόνως
2685 4084 3122 4148 ἀναγινώςκεται
3169 4082 3254 4136 ὡς

661 4152 777 4205 ἀπὸ
813 4157 916 4206 τοῦ
957 4153 1193 4219 πρέςβυς
1230 4154 1497 4219 πρέςβεος
1535 4154 1768 4218 πρέςβεε
1806 4154 2045 4219 πρέςβη,
2084 4155 2237 4220 παρὰ
2280 4155 2341 4207 δὲ
2380 4153 2766 4220 Ἀριςτοφάνει
2803 4151 3252 4218 περιςπωμένως

661 4220 741 4273 ὡς
776 4220 892 4274 ἀπὸ
929 4220 1149 4274 εὐθεῖα(
1194 4222 1468 4275 ὀξυτόνου
1513 4220 1637 4274 οἷον
1683 4221 1762 4274 ὡς
1798 4221 1915 4273 ἀπὸ
1957 4226 2061 4274 τοῦ
2112 4222 2382 4288 πρεςβεύς
2431 4222 2698 4288 πρεςβέος
2745 4223 2836 4273 καὶ
2885 4220 3115 4287 πρεςβέε
3161 4218 3252 4269 τὼ

662 4291 887 4355 πρεςβῆ.
959 4292 1096 4341 Lob.
1132 4290 1219 4341 El.
1257 4292 1312 4342 11
1348 4295 1430 4343 56.
1533 4292 1567 4341 1.
1607 4294 1805 4343 17—22
1842 4307 1913 4340 ex
1948 4293 2025 4341 Ιο.
2059 4292 2146 4343 Al.
2188 4294 2269 4353 14,
2307 4294 2389 4342 25.
2500 4291 2534 4344 l.
2572 4294 2741 4342 23-3
2816 4305 2903 4355 ag.
2941 4306 3056 4353 seq.
3094 4285 3252 4351 φίλω

662 4371 729 4408 ex
773 4359 852 4409 10.
887 4358 972 4410 Al.
1015 4361 1103 4421 14,
1140 4362 1232 4421 313
1280 4358 1315 4409 l.
1353 4362 1420 4410 24
1466 4358 1630 4411 ἔνθεν
1675 4358 1766 4411 καὶ
1812 4357 1883 4409 τὸ
1929 4356 2079 4410 τώδε
2129 4386 2195 4395 --
2244 4357 2617 4423 παροξύνεται
2665 4376 2735 4409 ex
2817 4357 2967 4411 hoer.
3002 4359 3128 4419 441,
3165 4358 3254 4404 29.

658 4424 725 4479 11.
763 4426 918 4478 Pros.
955 4425 993 4478 Ε
1028 4429 1128 4477 219
1167 4428 1478 4491 quaeritur,
1515 4443 1610 4477 eur
1644 4426 1728 4477 νώ
1768 4443 1837 4477 ex
1874 4428 1981 4477 νῶϊ
2016 4443 2124 4478 non
2164 4428 2647 4483 circumflectatur;
2687 4427 2779 4477 καὶ
2814 4423 2960 4488 τάχα
2995 4423 3119 4476 ἐπεὶ
3155 4420 3254 4473 ού-

660 4492 757 4544 δὲν
793 4494 988 4546 δυῖκὸν
1023 4492 1102 4546 εἰς
1140 4498 1187 4545 ὦ
1226 4494 1402 4559 λῆγον
1448 4496 1795 4559 περιςπᾶται.
1868 4493 1913 4546 Θ
1955 4495 2050 4545 110
2094 4494 2271 4547 τώδεε
2317 4493 2693 4560 παροξύνεται
2737 4492 2807 4544 τὸ
2853 4491 3024 4544 τώδε·
3073 4504 3268 4561 παρα-ι

663 4577 872 4641 λόγως·
910 4577 1115 4643 ἀληθὲς
1151 4578 1257 4643 γὰρ
1294 4578 1374 4630 ὡς
1411 4578 1499 4631 ὅτι
1534 4578 1606 4631 τὰ
1641 4578 1730 4631 διὰ
1764 4582 1868 4631 τοῦ
1906 4579 1967 4631 δε
2005 4577 2456 4643 ἑπεκτεταμὲνα,
2496 4577 2546 4630 εἰ
2589 4579 2707 4643 ἔχοι
2751 4577 2864 4642 πρὸ
2899 4578 3100 4629 τέλους
3143 4574 3254 4640 φύ-

663 4660 741 4697 ςει
788 4645 1031 4712 μακράν,
1079 4649 1541 4712 προπεριςπᾶται.
1587 4646 1730 4712 ὅπερ
1780 4646 1991 4713 ὤφειλε
2040 4646 2175 4699 κάπὶ
2220 4650 2324 4699 τοῦ
2362 4647 2554 4700 «τώδε
2601 4646 2662 4699 δὲ
2698 4648 2850 4700 νῶϊ»
2896 4644 3067 4707 εἶναι,
3115 4642 3252 4694 ἀλλ’

664 4713 821 4775 ὅμως
858 4714 1028 4766 πάλιν
1065 4714 1362 4779 ἐπεκράτει
1398 4716 1489 4766 καὶ
1525 4714 1617 4767 ἐπὶ
1654 4715 1866 4767 τούτου
1902 4714 2014 4780 πρὸ
2051 4714 2252 4767 τέλους
2296 4714 2331 4778 ή
2371 4714 2538 4766 ὀξεῖα.
2608 4717 2791 4767 ταῦτα
2836 4713 2868 4764 ὁ
2907 4709 3252 4778 Ἡρωδιανὸς

664 4780 727 4831 ἐν
761 4786 833 4848 τῇ
870 4781 943 4847 Ζ,
983 4782 1131 4834 ὅπου
1169 4782 1298 4847 περὶ
1331 4785 1436 4833 τοῦ
1475 4781 1543 4848 ἰῷ
1581 4782 1941 4846 διαλαμβάνει
1978 4782 2050 4848 (Ζ
2082 4784 2224 4848 422).
2296 4783 2339 4835 Λ
2376 4786 2477 4834 432
2514 4782 2718 4835 τοιώδε
2753 4781 2924 4846 ἄνδρε
2961 4776 3253 4832 κατακτεί-

665 4880 791 4917 νας;
829 4866 1049 4931 ἔφαμεν
1083 4868 1191 4930 τὴν
1228 4866 1317 4918 διὰ
1340 4868 1444 4918 τοῦ
1478 4852 1547 4917 δῖ
1581 4866 1878 4918 ἑπέκταςιν
1916 4869 2422 4932 προπεριςπᾶςθαι,
2461 4866 2511 4918 εί
2547 4868 2663 4932 ἔχοι
2701 4867 2813 4932 πρὸ
2850 4866 3050 4918 τέλους
3086 4863 3252 4928 φύςει
