3664 5546
628 362 746 408 mv
1699 359 2116 408 PRAEFATIO.

797 516 851 580 Ξ
898 514 1021 582 249
1074 515 1193 595 ἤδη
1246 517 1368 593 γάρ
1434 536 1507 593 με
1574 516 1674 579 καὶ
1727 514 1889 580 ἄλλο
1955 517 2064 594 τεὴ
2131 515 2454 581 ἑπίνυεεεν
2519 516 2760 595 ἐφετμή
2817 512 3204 595 Ατίειατοίι.,

628 619 860 684 ἄλλοτε
904 618 942 701 ᾗ
988 654 1072 664 -
1115 619 1356 700 ἐφετμῇ
1400 615 1894 698 Parmeniscus,
1953 618 2010 680 Ψ
2059 616 2179 680 160
2232 618 2406 696 παρὰ
2461 620 2527 681 δ’
2573 617 2636 681 οἱ
2678 618 2864 694 ταγοὶ
2905 607 3056 697 ἄμμι
3102 637 3204 694 με-

628 721 879 785 νόντων
926 717 1386 799 Aristarchus,
1443 717 1803 802 Dionysius
1851 716 2226 781 abundante
2269 741 2336 783 τε
2381 720 2442 782 τ’
2487 719 2650 795 ἀγοί.
2694 755 2779 765 -
2831 719 2882 783 Λ
2926 719 3051 782 636
3095 715 3206 780 alii

628 821 857 905 ἇλλοε,
903 820 1015 883 alii
1058 819 1292 903 ἄλλος,
1338 818 1449 882 alii
1494 816 1772 904 denique
1816 819 1958 884 ἀλλ’
2002 821 2075 885 ὃ(
2119 819 2320 884 scribi
2362 818 2737 899 voluerunt,
2789 819 3206 886 Herodianus

629 921 1125 987 Aristarcheum
1170 921 1367 987 ἄλλο(
1412 918 1820 1006 amplecitur.
1911 924 1955 987 Ε
1997 922 2121 987 638
2167 923 2500 1009 Tyrannio
2560 924 2830 989 ἀλλοῖον
2886 922 3208 1001 exhibuit,

630 1023 850 1088 Nicias
895 1023 1035 1089 ἀλλ’
1081 1023 1261 1106 οἷον,
1308 1021 1726 1088 Herodianus
1773 1046 1922 1088 cum
1965 1023 2325 1089 Philoxeno
2370 1027 2511 1091 ἀλλ’
2556 1025 2732 1109 οἷον,
2773 1027 2839 1091 ’Λ
2889 1026 3001 1088 101
3051 1025 3209 1089 κατὰ

632 1126 946 1192 διάεταείν
1003 1126 1128 1191 ἑετι
1187 1129 1260 1205 βῆ
1331 1126 1439 1207 ῥα,
1508 1125 1647 1191 εἶτα
1702 1127 1897 1210 Ἶεον,
1966 1125 2077 1191 alii
2135 1130 2418 1208 Βήριεον.
2482 1165 2567 1175 -
2631 1128 2683 1192 Ο
2741 1127 2819 1191 10
2884 1131 3000 1206 κῆρ
3067 1125 3208 1191 ἀπι-

631 1228 877 1292 νύεεων
944 1225 1341 1308 Aristarch.,
1413 1232 1573 1307 κῆρα
1643 1230 1962 1295 πινύεεων
2031 1228 2139 1293 alii
2210 1229 2294 1293 ab
2360 1228 2739 1294 Herodiano
2810 1227 3207 1314 reprehensi,

632 1330 689 1394 Ξ
742 1329 861 1391 183
904 1329 1205 1407 τρίγληνα
1251 1331 1566 1408 μορόεντα
1613 1330 2017 1412 Aristarch.,
2078 1330 2188 1395 alii
2245 1333 2533 1412 τρίγλην’
2578 1333 2960 1413 ἀμορόεντα,
3005 1332 3056 1395 Λ
3088 1329 3212 1394 754

633 1431 723 1495 δι’
779 1430 1075 1496 ἀεπιδέο(
1139 1429 1503 1495 Aristarch.
1574 1454 1720 1494 cum
1783 1431 2091 1497 Ascalon.
2107 1485 2125 1516 ,
2192 1432 2302 1496 alii
2380 1435 2483 1499 διὰ
2562 1435 2849 1516 emisset,
2920 1433 2963 1497 C
3015 1433 3092 1496 77
3150 1434 3214 1496 ‘t'

633 1532 897 1610 ἀεκήλια
964 1531 1324 1596 Aristarch.
1403 1554 1549 1596 cum
1621 1532 1943 1598 Alexione
2014 1546 2081 1599 et
2149 1534 2559 1617 Ascalonita,
2640 1533 2750 1599 alii
2825 1536 2906 1599 τὰ
2972 1535 3209 1617 ἑκήλια,

639 1635 682 1696 Κ
735 1632 861 1696 246
914 1635 1148 1700 τούτου
1201 1637 1271 1734 γ’
1326 1637 1703 1714 ἑεπομένοιο
1760 1638 2024 1702 δύναται
2091 1639 2194 1702 καὶ
2248 1639 2626 1722 επομὲνοιο,
2694 1637 2868 1723 quod
2924 1636 3210 1701 Bekker.

634 1734 897 1821 recepit.

804 1835 1198 1923 Saepissime
1242 1840 1696 1924 quaerebatur,
1743 1850 1962 1904 utrum
2007 1863 2037 1906 ε
2082 1840 2167 1905 ad
2214 1840 2600 1905 antecedens
2647 1839 3041 1906 vocabulum
3083 1850 3212 1904 tra-

635 1938 923 2004 hendum
985 1949 1160 2010 esset
1213 1963 1295 2005 an
1352 1950 1423 2004 ut
1470 1951 1888 2025 augmentum
1947 1941 2303 2029 temporale
2359 1944 2444 2007 ad
2490 1944 2892 2030 subsequens
2940 1944 3214 2008 verbum

639 2041 726 2125 (e.
757 2063 822 2126 g.
858 2044 904 2106 Β
934 2042 1056 2106 427
1103 2045 1252 2124 μῆρ’
1297 2043 1475 2126 ἐκάη,
1524 2043 1933 2109 Ptolemaeus
1980 2051 2135 2126 μῆρε
2166 2047 2316 2129 κάη,
2362 2047 2408 2109 Β
2438 2045 2560 2109 808
2593 2047 2658 2110 δ’
2704 2046 2902 2129 ἔλυς’,
2947 2042 3214 2131 quidam

512 2237 523 2246 ¹
639 2142 711 2209 δὲ
757 2145 916 2228 λῦ(’,
963 2146 1016 2209 Θ
1056 2144 1169 2207 161
1216 2147 1362 2224 περὶ
1405 2147 1519 2225 μέν
1566 2169 1629 2212 ce
1674 2148 1846 2230 τίον,
1901 2147 2166 2233 quidam
2213 2149 2273 2212 c'
2316 2150 2490 2213 ἔτιον
2544 2146 2629 2211 cf.
2679 2148 2724 2212 Ρ
2776 2147 2958 2230 174),
3018 2146 3212 2210 inter-

641 2244 792 2309 dum
837 2253 1052 2307 utrum
1098 2268 1164 2310 κε
1210 2245 1529 2332 particula
1584 2270 1667 2312 an
1725 2246 2156 2332 reduplicatio
2203 2248 2386 2312 verbi
2441 2271 2480 2311 a
2522 2253 2557 2312 ι’(
2602 2249 2975 2335 incipientis
3022 2258 3215 2313 esset.

639 2345 720 2438 Il.
764 2349 815 2411 Α
863 2347 982 2410 168
1027 2346 1445 2413 Herodianus
1503 2371 1649 2413 cum
1707 2349 2089 2414 Aristarcho
2145 2350 2444 2414 exhibuit
2498 2352 2634 2416 ἐπεί
2693 2372 2762 2416 κε
2817 2351 3026 2433 κάμω,
3083 2348 3215 2430 alii,

642 2458 714 2512 ut
758 2449 1148 2534 scripturam
1191 2450 1353 2530 ἐπήν
1397 2474 1464 2516 κε
1509 2454 1688 2533 κάμω
1735 2460 2166 2538 praeteream,
2223 2453 2360 2517 ἐπεὶ
2402 2454 2651 2532 κεκάμω
2697 2451 2916 2516 Bekk.
2963 2450 3212 2515 Anecd.

648 2549 829 2613 1158.
894 2552 951 2615 Φ
980 2549 1106 2614 575
1148 2573 1266 2637 pro
1311 2556 1420 2618 κεν
1466 2556 1753 2633 ὑλαγμὸν
1799 2554 2082 2619 obtrusit
2117 2555 2488 2618 Zenodotus
2534 2564 2766 2640 poetae
2810 2555 3216 2632 κυνυλαγμόν

640 2674 680 2714 a
726 2650 1097 2717 Stesichoro
1152 2665 1522 2740 receptum,
1578 2655 1749 2740 quod
1807 2657 2237 2742 compositum
2293 2656 2711 2721 Herodianus
2777 2653 3217 2742 reprehendit,

642 2752 793 2839 quia
836 2754 1160 2820 vocabula
1213 2755 1281 2820 in
1338 2759 1497 2838 γμόε
1552 2783 1679 2823 non
1724 2768 2191 2844 componantur
2245 2759 2374 2824 nisi
2429 2781 2576 2823 cum
2621 2758 3101 2845 praepositione
3154 2767 3218 2822 et

641 2865 981 2942 praeterea
1034 2858 1251 2943 priore
1308 2870 1492 2944 parte
1547 2861 1895 2925 accedente
1951 2860 2110 2924 nihil
2165 2861 2523 2926 sententiae
2579 2859 2884 2925 vocabuli
2942 2862 3221 2941 ὑλαγμόε

641 2959 771 3021 iam
823 2980 1055 3022 canum
1106 2958 1419 3025 latratum
1464 2963 1893 3045 significantis
1951 2962 2320 3027 adiiciatur.
2409 2964 2498 3027 Ut
2541 2968 2609 3028 ’κὲ
2655 2962 3049 3027 dubitationi
3110 2961 3217 3026 ob-

645 3059 911 3125 noxium
966 3060 1123 3140 fuit,
1179 3062 1273 3126 sic
1330 3065 1523 3127 etiam
1581 3065 1687 3130 ἀν;
1753 3066 1796 3127 Κ
1840 3064 1924 3126 34
1983 3064 2467 3129 Aristarcheam
2525 3065 2916 3150 scripturam
2972 3065 3220 3144 ἀνηρεί-

647 3182 858 3240 ψαντο
914 3159 1258 3225 disiunctis
1304 3165 1523 3228 verbis
1571 3168 1650 3230 ἂν
1707 3167 2058 3244 ἠρείψαντο
2113 3175 2375 3251 propter
2431 3165 2593 3230 duas
2650 3168 2931 3230 maxime
2989 3188 3222 3229 causas

644 3261 934 3348 praefert
987 3262 1406 3329 Herodianus
1464 3267 1741 3351 primum
1802 3267 1976 3352 quod
2043 3279 2235 3353 poeta
2299 3269 2571 3332 verbum
2636 3290 2965 3354 nunquam
3034 3266 3225 3332 aliter

648 3362 775 3424 nisi
822 3383 968 3424 cum
1013 3364 1138 3430 ἀνὰ
1182 3369 1609 3453 compositum
1655 3369 1975 3454 proferat,
2034 3368 2268 3434 deinde
2322 3369 2493 3456 quod
2537 3368 2898 3454 particulae
2952 3370 3032 3435 ἄν
3076 3391 3222 3433 con-

648 3463 885 3526 trarius
943 3463 1029 3527 sit
1085 3469 1556 3535 coniunctionis
1614 3473 1713 3537 καί
1774 3471 2197 3556 significatus.
2286 3472 2838 3557 Compositionem
2897 3471 3225 3557 praeposi-

649 3564 843 3629 tionis
898 3569 1334 3634 necessariam
1388 3582 1577 3656 putat
1621 3573 1866 3636 Herod.
1914 3575 1970 3637 Υ
2015 3574 2097 3636 70
2139 3576 2304 3659 Ἥρῃ
2361 3576 2424 3640 δ’
2478 3574 2773 3655 ἀντὲετη,
2829 3579 3045 3657 δοτικῇ
3103 3574 3225 3651 γὰρ

652 3667 1048 3765 ευντάεεετάι
1095 3673 1184 3737 ὡ(
1232 3675 1467 3753 «Λητοῖ
1511 3678 1577 3740 δ’
1623 3676 1965 3754 ἀντέετην»
2011 3677 2085 3739 τὸ
2132 3678 2202 3740 δὲ
2246 3676 2437 3759 ἄντα,
2491 3676 2652 3753 ὅπερ
2708 3676 2873 3740 ἐετὶν
2931 3677 2995 3741 ἐξ
3041 3676 3225 3740 ἐναν-

650 3777 784 3842 τίας
837 3782 1079 3860 γενικῇ·
1140 3776 1300 3841 ἄντα
1356 3778 1421 3840 δ’
1477 3779 1803 3843 Ἐνυαλίου
1863 3778 2059 3842 «ἄντα
2115 3779 2181 3842 δ’
2224 3777 2335 3856 ἄρ’
2379 3778 2815 3859 Ἡφαίστοιο»,
2876 3778 2939 3841 Π
2983 3776 3110 3841 305
3155 3777 3226 3842 ἓν

653 3880 775 3945 ἐετι
820 3881 895 3944 τό
941 3879 1365 3961 ἀνθίεταεθαι,
1424 3880 1568 3957 οὐχὶ
1618 3879 1777 3944 ἄντα
1834 3880 2145 3959 ἐπίρρημα
2201 3881 2302 3943 καὶ
2341 3879 2597 3944 ἵεταντο
2656 3878 2746 3943 ὥ(
2790 3899 2973 3943 τινες.
3019 3914 3104 3925 ——-
3148 3876 3226 3940 In

652 3979 777 4046 Od.
822 4002 864 4046 α
912 3981 1031 4045 186
1077 3981 1295 4066 Apion
1340 3982 1410 4045 ἐν
1458 3982 1657 4060 λιμένι
1701 3981 1961 4065 Ῥείθρῳ
1991 3982 2351 4065 Ὑπονηῑῳ,
2397 3979 2507 4043 alii
2554 3981 2681 4045 ὑπὸ
2729 3981 2903 4064 Νηίῳ
2947 4002 3227 4065 pronun·

651 4083 988 4147 ciaverunt
1043 4081 1263 4147 Bekk.
1310 4082 1558 4145 Anecd.
1612 4082 1807 4162 1158,
1855 4081 2268 4147 Herodianus
2315 4084 2558 4168 Apioni
2602 4081 3035 4167 adstipulatus
3084 4103 3229 4145 esse

651 4184 913 4251 videtur
965 4184 1049 4248 ef.
1099 4180 1311 4247 Schol.
1358 4182 1444 4246 ad
1491 4183 1615 4247 Od.
1662 4182 1702 4247 l.
1750 4208 1806 4248 c.
1853 4221 1937 4230 ——
1994 4187 2008 4248 Ι
2063 4184 2181 4247 130
2231 4182 2650 4248 Aristarchus
2705 4184 2966 4269 scripsit
3017 4184 3229 4251 ἐξελό-

652 4310 806 4371 μην,
862 4285 972 4350 alii
1026 4287 1092 4353 ἓξ
1138 4286 1402 4369 ἑλόμην,
1459 4287 1513 4351 Ζ
1557 4285 1681 4349 319
1739 4288 1800 4350 οἱ
1857 4290 1969 4365 μὲν
2018 4292 2361 4366 διαιροῦειν
2415 4288 2625 4368 ἔχεν,
2682 4286 2821 4351 εἶτα
2880 4286 3226 4367 δεκάπηχυ,

652 4390 716 4453 οἱ
769 4391 838 4454 δὲ
895 4388 1307 4466 ἑνδεκάπηχυ.
1395 4387 1447 4450 Ω
1490 4387 1615 4450 318
1660 4389 1910 4467 ἑϋκλήϊ(
1967 4389 2239 4468 ἀραρυῖα
2282 4387 2647 4453 Aristarchi
2701 4386 2830 4451 fuit
2887 4389 3227 4474 scriptura,

653 4488 763 4554 alii
808 4490 1264 4555 disiunxerunt
1318 4489 1388 4552 εὖ
1446 4492 1648 4567 κληῗς’
1701 4491 1976 4570 ἀραρυῖα
2031 4491 2114 4555 ab
2161 4490 2535 4554 Herodiano
2593 4490 2967 4576 reprehensi
3025 4511 3231 4576 aeque

654 4601 849 4677 atque
893 4593 968 4673 ii,
1015 4590 1127 4676 qui
1173 4590 1227 4654 Ζ
1276 4589 1397 4652 160
1438 4611 1557 4675 pro
1604 4593 1695 4656 δῖ’
1745 4594 2000 4660 Ἄντεια
2043 4593 2349 4658 Διάντεια
2405 4601 2470 4655 et
2522 4594 2572 4658 Τ
2615 4592 2699 4655 90
2752 4613 2870 4677 pro
2922 4594 3070 4658 ecoe
3126 4594 3231 4657 διὰ

654 4697 864 4760 πάντα
906 4697 1170 4775 τελευτᾷ
1223 4693 1479 4757 θεόεδια
1533 4701 1597 4754 et
1643 4693 1694 4756 Ο
1739 4693 1865 4756 679
1909 4716 2026 4778 pro
2071 4695 2408 4772 κελητίζειν
2453 4697 2667 4774 κέλητ’
2719 4694 2877 4761 ἵζειν
2930 4692 3232 4777 neglecta

656 4796 1082 4881 aspiratione,
1126 4815 1293 4880 quae
1339 4795 1534 4856 etiam
1579 4792 1886 4858 Hermiae
1930 4797 1993 4860 Π
2022 4796 2144 4858 207
2176 4798 2357 4860 ταῦτ’
2402 4797 2529 4876 ἅμα
2571 4818 2689 4881 pro
2718 4801 2915 4862 ταῦτα
2946 4798 3017 4874 μ’
3061 4796 3230 4873 ἀγει-
