3664 5546
574 385 701 450 216
1506 384 1587 438 ΕΚ
1624 382 1764 438 ΤΩΝ
1806 383 2214 438 ΗΡΩΔΙΑΝΟΥ

571 558 826 638 βατός,
871 559 1147 637 φατός,
1192 557 1447 636 θετός,
1492 556 1748 637 δετός,
1794 555 1970 620 έτός
2013 555 2052 619 6
2095 553 2333 633 ἀληθής
2377 555 2509 620 ἀπὸ
2551 559 2666 618 τοῦ
2697 555 2847 637 εἰμί,
2893 556 3148 632 ὃδηλοῖ

567 662 643 725 τὸ
675 659 959 737 ὑπάρχω.
1014 659 1316 723 πλυτός.
1370 658 1446 722 τὸ
1491 659 1561 722 δὲ
1606 658 1869 736 τρίτος
1911 657 2016 721 ἐπὶ
2055 656 2340 736 ἀριθμοῦ.

738 761 832 826 Τὰ
875 763 962 827 εἰς
1004 767 1116 827 τος
1163 762 1501 841 διςύλλαβα
1544 760 2042 839 παραληγόμενα
2073 763 2104 823 ῑ
2148 767 2364 843 μακρῷ
2410 761 2777 841 βαρύνεται,
2823 763 3036 823 ςῑτος
3063 795 3148 805 -

570 865 779 941 ὥςπερ
823 866 999 944 παρὰ
1040 866 1117 930 τὸ
1163 864 1503 942 ἐργάζομαι
1547 863 1783 938 γίνεται
1829 863 2132 941 ἐργαςτής
2175 863 2277 927 καὶ
2319 862 2615 947 ἀποβολῇ
2645 866 2762 926 τοῦ
2806 865 2838 925 ς’
2883 861 3149 940 ἐργάτης

495 977 527 1026 5
574 966 1011 1048 βαρυνόμενον
1055 968 1157 1032 καὶ
1199 966 1330 1031 ἀπὸ
1373 969 1491 1030 τοῦ
1537 965 1879 1044 δεςποςτής
1924 964 2257 1047 δεςπότης,
2313 965 2521 1029 οἰςτός
2566 962 2775 1046 οἶτος,
2831 963 3004 1028 οὕτω
3048 965 3151 1028 καὶ

568 1069 743 1147 παρὰ
796 1070 872 1134 τὸ
927 1069 1217 1134 ςέςειςται
1273 1067 1506 1133 ςειςτός
1559 1066 1855 1150 ἀποβολῇ
1910 1071 2025 1131 τοῦ
2092 1070 2123 1130 Ε
2189 1069 2291 1132 καὶ
2334 1071 2365 1132 ἒ
2431 1069 2600 1132 ςῑτος
2641 1101 2727 1113 -
2778 1065 3058 1145 Τρῑτος
3112 1065 3150 1129 6

572 1171 889 1253 ποταμός,
936 1174 1155 1250 ρῖτος
1198 1171 1436 1252 φρέαρ,
1480 1170 1556 1234 τό
1601 1169 1816 1248 μέντοι
1863 1169 2072 1234 λιτός
2116 1170 2413 1246 τριγενές.

740 1273 833 1338 Τὰ
877 1273 965 1339 εἰς
1010 1277 1127 1339 τος
1172 1273 1514 1352 διςύλλαβα
1565 1272 2062 1351 παραληγόμενα
2115 1278 2207 1355 τῷ
2263 1280 2301 1334 D
2355 1273 2786 1351 προςηγορικά
2842 1270 3151 1350 ὀξύνεται,

575 1374 854 1455 βρυτός
898 1375 936 1439 ὁ
984 1376 1226 1457 βρύων,
1271 1374 1538 1455 χυτός,
1591 1372 1855 1454 ρυτός,
1911 1373 2173 1455 λυτός,
2230 1374 2540 1456 κλυτός,
2594 1373 2918 1455 πλυτός,
2973 1393 3151 1452 τρυ-

478 1485 540 1536 10
573 1477 718 1541 τός.
805 1478 881 1543 τὸ
927 1479 997 1542 δὲ
1045 1477 1289 1541 Βύτος
1333 1476 1554 1553 κύριον
1600 1474 1950 1556 βαρύνεται,

741 1577 836 1642 Τὰ
877 1578 967 1644 εἰς
1008 1579 1123 1642 fo?
1166 1578 1507 1657 διςύλλαβα
1551 1577 1787 1656 ἔχοντα
1829 1579 1946 1655 τὴν
1989 1576 2117 1656 πρὸ
2147 1578 2372 1642 τέλους
2402 1579 2718 1657 ςυλλαβὴν
2750 1579 2838 1643 εἰς
2877 1582 2918 1657 ’ρ
2963 1598 3149 1642 κατα-

576 1681 892 1757 λήγουςαν
936 1681 974 1758 ἢ
1020 1681 1166 1745 καθ’
1210 1679 1372 1745 ὅλου
1428 1679 1516 1744 εἰς
1569 1678 1971 1760 ἀμετάβολον
2019 1679 2384 1762 βαρύνεται,
2439 1680 2494 1743 εἰ
2549 1682 2630 1759 μὴ
2688 1681 3006 1744 ἑπιθετικὰ
3057 1680 3154 1759 εἴη

575 1783 811 1861 ἔχοντα
873 1782 1178 1865 θηλυκόν,
1238 1781 1567 1865 φόρτος,
1626 1783 1942 1865 χόρτος,
2000 1782 2285 1861 μύρτος
2353 1783 2454 1846 καὶ
2510 1782 2823 1862 Μύρτος
2865 1783 2904 1861 ἡ
2950 1784 3154 1864 πόλις,

575 1883 843 1967 ἄρτος,
889 1885 1187 1964 μίλτος,
1236 1884 1543 1965 δέλτος,
1589 1883 1878 1963 κίρτος·
1936 1885 2111 1963 παρὰ
2156 1883 2465 1967 (ιμωνίδῃ
2508 1887 2548 1964 ἡ
2594 1889 2820 1963 χρῆςις.
2910 1884 3154 1963 Τοῦρ-

478 1996 539 2046 15
576 2006 731 2052 τος·
777 1984 983 2051 οὕτως
1028 1989 1208 2050 καλεῖ
1238 1985 1692 2064 Ἀρτεμίδωρος
1735 1987 1889 2052 τοὺς
1932 1986 2268 2065 οἰκήτορας
2298 1990 2409 2065 τῆς
2450 1986 2939 2066 Τουρδητανίας.
2985 1988 3153 2051 Ἄλ-

576 2110 707 2154 τος
737 2089 976 2167 χωρίον
1016 2087 1282 2167 πληςίον
1310 2087 1781 2167 Θεςςαλονίκης.
1831 2088 2144 2154 Πάλτος
2174 2089 2359 2154 πόλις
2389 2088 2627 2169 (ἶυρίας.
2685 2088 3155 2168 Ἀρτεμίδωρος.

578 2191 870 2256 πόντος
913 2191 1015 2254 καὶ
1057 2189 1268 2255 ἰδικῶς
1312 2188 1350 2252 6
1394 2189 1733 2257 Εὔξεινος.·
1792 2190 2088 2269 Κύρτος
2131 2191 2317 2255 πόλις
2360 2191 2682 2267 Αἰγύπτου
2728 2191 2798 2255 έν
2842 2197 2934 2274 τῷ
2979 2212 3157 2269 μεςο-

577 2292 746 2375 γείῳ.
814 2292 915 2356 καὶ
969 2292 1249 2369 κύρτος
1316 2289 1491 2357 εἶδος
1546 2292 1818 2357 δικτύου.
1909 2293 2302 2372 ςεςημείωται
2370 2294 2654 2359 κοντός
2709 2294 2811 2358 καὶ
2865 2293 3160 2357 παλτός

580 2394 949 2474 ὀξυνόμενα.
1035 2395 1110 2458 τὸ
1168 2395 1239 2459 δὲ
1293 2394 1662 2477 ςπαρτός,
1726 2394 2040 2477 κυρτός,
2109 2395 2422 2477 καρτός,
2490 2396 2757 2461 θικτός
2822 2395 3158 2461 ὀξύνονται

479 2505 547 2555 20
583 2499 674 2562 ὡς
715 2496 958 2575 θηλυκὰ
1001 2497 1251 2575 ἔχοντα.
1339 2496 1629 2562 ὀξύνεται
1675 2497 1744 2561 δὲ
1789 2497 1892 2560 καὶ
1941 2497 2231 2574 Κυρτός
2285 2498 2362 2561 τὸ
2408 2498 2659 2563 ἐθνικόν
2716 2499 2804 2562 ὡς
2848 2499 2950 2561 καὶ
2994 2496 3159 2562 (ἶιν-

582 2598 715 2663 τός
759 2598 947 2663 ἔθνος
993 2598 1339 2681 Θρᾳκικόν,
1395 2598 1461 2663 οἳ
1516 2599 1619 2663 καὶ
1662 2597 1898 2662 (ίντιες
1953 2599 2055 2663 καὶ
2110 2598 2338 2664 (ἶίντιοι
2395 2600 2778 2680 ἐκαλοῦντο,
2834 2600 2936 2665 καὶ
2982 2599 3161 2686 Κελ-

582 2700 746 2784 τός,
793 2701 905 2765 οὓς
953 2699 1185 2765 Κέλτας
1230 2698 1528 2782 (τράβων
1573 2700 1738 2781 φηςί.
1795 2701 1898 2764 καὶ
1940 2701 2016 2765 τὸ
2063 2699 2411 2781 (παρτός
2454 2737 2540 2749 —-
2569 2701 2706 2768 υἱὸς
2739 2703 3163 2782 Ἀμύκλαντος

583 2807 700 2869 τοῦ
744 2802 1020 2879 Λέλεγος
1064 2804 1167 2869 καὶ
1211 2803 1485 2883 (παρτοί
1530 2804 1591 2869 οἱ
1635 2804 1790 2883 μετὰ
1839 2802 2093 2883 Κάδμου
2132 2840 2217 2852 -
2260 2804 2481 2884 κύριον
2525 2804 2831 2871 ὀξύνεται.

720 3126 752 3179 Ι.
795 3131 815 3178 1
857 3127 1046 3190 δετός,
1084 3126 1210 3179 ἐτός
1246 3127 1436 3178 addidi
1471 3144 1537 3178 ex
1576 3127 1824 3193 Theogn.
1862 3129 1955 3189 75,
1992 3130 2037 3178 2.
2085 3128 2156 3178 ad
2194 3128 2361 3191 βατός
2398 3128 2601 3179 addere
2641 3131 2790 3194 potui
2828 3127 2992 3192 βάτος
3030 3128 3091 3179 δέ
3127 3128 3162 3192 ἡ

586 3196 800 3247 ἄκανθα
838 3214 903 3246 ex
944 3198 1005 3247 1⁴2.
1042 3197 1112 3249 M.
1156 3200 1266 3258 191,
1305 3199 1395 3257 54,
1433 3197 1528 3247 ubi
1564 3196 1811 3247 Philonis
1849 3196 1974 3261 (scr.
2015 3196 2325 3260 Philoxeni)
2373 3198 2689 3248 observatio
2735 3199 3033 3262 profertur:
3074 3196 3165 3261 βά-

586 3279 681 3316 τος
719 3264 753 3328 ή
793 3262 1006 3315 ἄκανθα
1043 3263 1191 3315 έςτίν
1227 3264 1289 3315 ἐν
1325 3263 1479 3330 τόνῳ
1516 3256 1885 3330 ’παροξυτόνῳ
1923 3264 2013 3315 καὶ
2049 3268 2283 3315 τοιαῦτα
2321 3264 2505 3315 πολλὰ
2542 3264 2619 3317 ὡς
2659 3265 2809 3329 παρὰ
2845 3264 2913 3315 τὸ
2954 3264 3164 3329 Κυρτὸς

590 3332 818 3397 κύρτος,
857 3331 1055 3384 ξανθὸς
1094 3330 1338 3394 Ξάνθος,
1378 3331 1574 3383 λευκός
1610 3331 1821 3383 Λεῦκος
1861 3331 2040 3393 ὄνομα
2077 3332 2270 3396 κύριον
2307 3332 2397 3383 καὶ
2434 3331 2589 3383 οὕτω
2632 3332 2798 3396 βατός
2837 3331 3019 3396 βάτος.
3090 3333 3161 3386 cf.

592 3401 827 3463 Hesyeh.
866 3399 1031 3463 βατός
1069 3400 1102 3450 6
1138 3397 1524 3464 διαπεράςιμος
1559 3400 1758 3451 τόπος·
1796 3400 1832 3462 ἡ
1871 3399 1931 3451 δέ
1967 3399 2181 3451 ἄκανθα
2219 3399 2401 3464 βάτος.
2517 3400 2555 3455 l.
2594 3407 2626 3452 3
2663 3404 2809 3452 ςῑτος
2847 3402 3064 3465 explevi
3100 3418 3166 3451 ex

592 3470 651 3518 Ε.
680 3470 750 3520 Μ.
779 3471 893 3528 714,
919 3470 1002 3527 31,
1030 3468 1121 3516 ubi
1148 3472 1321 3529 ςῑτος,
1347 3466 1496 3529 λέγει
1522 3467 1554 3518 6
1579 3467 1861 3531 τεχνικός,
1889 3484 2044 3532 quem
2071 3470 2437 3520 Herodianum
2465 3486 2585 3520 esse
2614 3469 2867 3519 concludi
2893 3475 3076 3534 potest
3100 3486 3166 3519 ex

592 3538 652 3585 Β.
679 3538 769 3585 Or.
802 3539 920 3597 113,
948 3541 978 3585 υ
1015 3536 1194 3587 οἶτος·
1234 3534 1573 3600 Ἡρωδιανὸς
1610 3535 1671 3587 ἐν
1700 3534 2097 3600 Ἐπιμεριςμοῑς
2135 3535 2283 3599 λέγει
2322 3536 2472 3601 παρὰ
2506 3536 2575 3587 τὸ
2612 3535 2716 3587 οἴω
2753 3536 2821 3588 τὸ
2850 3536 3060 3601 δηλοῦν
3096 3536 3166 3587 τὸ

591 3602 779 3667 φέρω,
817 3602 884 3654 ού
923 3602 1146 3666 μέλλων
1183 3601 1336 3667 οἷςω,
1374 3602 1559 3655 οίςτός
1592 3604 1764 3655 οἶτος.
1802 3611 1859 3655 et
1895 3605 1955 3656 11.
1995 3605 2081 3654 Pr.
2116 3603 2159 3655 Ω
2193 3608 2318 3667 228,
2357 3606 2452 3655 ubi
2488 3604 2742 3668 ποταμός
2779 3622 2844 3655 ex
2883 3604 3165 3667 ποταςμός

594 3673 862 3737 repetitur
887 3672 1079 3721 Choer.
1106 3672 1161 3721 in
1188 3671 1344 3722 Orth.
1370 3674 1488 3733 256,
1520 3675 1579 3721 16
1605 3671 1813 3736 ῥειτόςε
1855 3687 1902 3723 ει
1925 3669 2227 3736 δίφθογγος
2255 3672 2287 3737 ἢ
2315 3673 2465 3737 ῥῑτος
2501 3677 2536 3724 ι’.
2587 3673 2619 3724 6
2653 3670 2714 3724 δὲ
2741 3671 3079 3737 Ἡρωδιανὸς
3105 3670 3168 3723 ὲν

591 3744 661 3805 τῇ
701 3739 945 3791 καθόλου
982 3737 1147 3801 λέγει,
1188 3738 1275 3790 ὅτι
1310 3738 1399 3790 διὰ
1432 3740 1534 3790 τοῦ
1570 3755 1586 3791 ι
1617 3738 1893 3803 γράφεται
1932 3739 2021 3791 καὶ
2058 3739 2353 3805 βαρύνεται
2381 3739 2505 3792 οἷον
2530 3742 2700 3804 ῥῑτος,
2739 3744 2904 3803 ςῑτος,
2943 3741 3167 3805 Τρῑτος,

594 3808 707 3859 έςτι
733 3807 792 3859 δὲ
819 3807 997 3869 ὄνομα
1023 3810 1295 3869 ποταμοῦ.
1345 3807 1431 3857 Cr.
1458 3810 1559 3858 An.
1586 3810 1687 3857 Ox.
1716 3810 1767 3858 11
1793 3811 1893 3859 293
1919 3808 2047 3872 περὶ
2075 3807 2416 3874 ποςότητος;
2455 3809 2487 3860 6
2515 3808 2616 3871 μὲν
2643 3808 2982 3872 Ἡρωδιανὸς
3009 3807 3168 3872 βαρύ-

596 3890 677 3926 νει
701 3875 845 3927 αύτὰ
872 3875 961 3926 καί
984 3874 1073 3926 διὰ
1096 3878 1199 3926 τοῦ
1235 3891 1251 3926 ι
1282 3873 1483 3940 γράφει
1509 3873 1718 3937 ὁμοίως
1743 3875 1812 3927 τὸ
1840 3880 2014 3937 ςῑτος,
2043 3876 2194 3940 ρῑτος
2220 3877 2293 3926 cf.
2316 3879 2379 3927 Ε.
2407 3879 2476 3930 Μ.
2504 3880 2619 3939 703,
2649 3880 2728 3927 15.
2826 3877 2860 3929 1.
2886 3881 2917 3926 9
2956 3875 3170 3927 πλυτός

593 3944 796 4008 τρυτό(
834 3944 1023 3994 addidi
1061 3960 1125 3993 ex
1162 3944 1408 4009 Theogn.
1447 3946 1529 4005 ⁷4,
1565 3948 1656 4006 323
1696 3943 1764 3994 τὸ
1800 3943 1861 3995 δὲ
1900 3943 2078 3996 Βύτος
2119 3961 2186 3994 ex
2224 3948 2302 3995 St.
2345 3947 2404 3998 B.
2443 3947 2560 4007 281,
2600 3950 2648 3996 3.
2804 3944 2838 3994 l.
2878 3948 2931 3994 11
2973 3946 3031 3995 in
3069 3947 3169 4010 Ep.

595 4014 683 4063 Cr.
722 4013 745 4063 1
781 4014 895 4069 «1:21,
938 4016 999 4061 13
1034 4028 1208 4062 canon
1246 4014 1324 4061 sic
1362 4012 1661 4076 profertur:
1699 4011 1770 4063 τὰ
1807 4010 1884 4064 είς
1923 4026 2018 4064 τος
2057 4012 2352 4075 διςύλλαβα
2398 4010 2923 4077 ἀπαραςχημάτιςτα
2960 4012 3167 4076 ἔχοντα

595 4080 657 4131 έν
695 4084 763 4145 τῇ
802 4079 913 4143 πρὸ
951 4078 1150 4130 τέλους
1187 4078 1255 4131 τὸ
1292 4094 1323 4144 ρ
1360 4078 1683 4143 βαρύνεται,
1722 4079 1952 4144 κύρτος,
1991 4077 2220 4145 Μύρτος
2258 4080 2291 4143 ἡ
2332 4080 2521 4142 πόλις,
2560 4078 2769 4144 κίρτος·
2808 4079 2959 4145 παρὰ
2996 4078 3170 4143 (ιμω-

597 4146 721 4214 νίδῃ
762 4148 795 4210 ή
836 4149 1048 4211 χρῆςις,
1086 4148 1230 4197 unde
1267 4164 1364 4213 pro
1401 4145 1628 4212 Μύρτος
1665 4147 1734 4199 τὸ
1772 4148 1965 4211 κύριον
2001 4148 2219 4198 Arcadii
2258 4150 2452 4213 scripsi
2490 4147 2719 4213 Μύρτος
2764 4147 2798 4210 ἡ
2847 4147 3037 4211 πόλις,
3085 4150 3173 4198 oui

597 4216 1592 4348 350552013123?¹⁸ssoz¹z¹42¹c¹”‘³1¹xsszz
1619 4217 2680 4335 ‘¹¹¹⁰ss03205“22031‘1'52120323553?
2709 4217 3174 4347 ξῗὲοὲΐῶθῗῡῗ

595 4300 718 4415 toz,
747 4353 812 4403 de
837 4367 969 4417 quo:
1009 4350 1220 4415 Κύρτος
1248 4323 1407 4404 πόλις
1434 4350 1719 4413 Αἰγύπτου
1746 4350 1808 4403 ἐν
1832 4355 1918 4418 τῷ
1945 4351 2230 4418 μεςογείῳ.
2280 4353 2312 4404 ὁ
2338 4352 2503 4404 τόνος
2537 4355 2641 4404 τοῦ
2658 4322 2770 4415 ’μὲν
2795 4351 3017 4403 ἐθνικοῠ
3045 4352 3174 4405 ὀξὺς

597 4420 903 4485 ὁμόφωνος
941 4423 1025 4485 τῷ
1063 4418 1227 4471 πάθει
1264 4422 1362 4483 (sc.
1401 4419 1644 4485 κυρτός),
1682 4421 1783 4471 τοῦ
1820 4419 1882 4471 δέ
1921 4417 2111 4484 κυρίου
2147 4424 2250 4485 τῆς
2287 4420 2512 4473 πόλεως
2539 4420 2708 4485 βαρὺς
2744 4418 2824 4471 ὡς
2862 4419 3059 4472 κόςτος
3085 4420 3175 4471 καὶ

599 4488 824 4542 πόντος.
860 4516 925 4525 ——
973 4487 1173 4553 κύρτος
1220 4489 1613 4555 appellativum
1656 4489 1847 4539 addidi
1894 4504 1961 4538 ex
1999 4489 2096 4553 Bp.
2134 4490 2221 4539 Cr.
2261 4491 2288 4540 1
2323 4492 2450 4550 232,
2495 4493 2552 4540 17
2599 4488 2799 4553 κύρτος
2848 4488 3174 4552 βαρυτόνως

598 4558 747 4610 εἶδος
783 4556 1036 4619 δικτύου,
1076 4556 1277 4621 κυρτός
1314 4556 1599 4610 ὀξυτόνως
1644 4555 1712 4607 τὸ
1750 4554 2017 4607 ἐπίθετον
2065 4558 2137 4611 cf.
2179 4559 2239 4607 Ε.
2281 4559 2352 4607 Μ.
2392 4559 2516 4616 548,
2555 4560 2644 4613 47,
2691 4557 2871 4608 Schol.
2911 4559 2955 4606 L
3002 4557 3073 4606 ad
3111 4557 3175 4606 ΙΙ.

600 4626 638 4678 Β
676 4628 896 4683 ‘218ae—
932 4628 1013 4676 De
1052 4625 1253 4678 κοντός
1290 4627 1351 4676 Ε.
1389 4626 1461 4676 Μ.
1500 4628 1624 4685 529,
1663 4628 1717 4675 6:
1757 4626 1909 4689 παρὰ
1952 4624 2021 4676 τό
2058 4623 2242 4675 κέντω
2291 4625 2437 4688 ῥῆμα
2487 4623 2798 4688 βαρύτονον
2847 4623 3048 4676 κοντός
3095 4624 3174 4675 ὼς

599 4692 795 4759 τρέφω
839 4692 1054 4759 τροφός
1101 4692 1190 4744 καὶ
1238 4691 1445 4757 πέμπω
1493 4692 1732 4754 πομπός.
1807 4690 2034 4758 Κυρτὸς
2064 4691 2289 4744 έθνικὸν
2334 4693 2524 4743 addidi
2572 4710 2639 4742 ex
2685 4696 2765 4744 st.
2803 4692 2862 4741 B.
2915 4692 2947 4743 1.
2983 4708 3058 4746 c..
3108 4709 3175 4742 ex

602 4763 791 4814 eodem
826 4761 1048 4826 (ιντός,
1098 4760 1303 4813 Κελτός
1350 4778 1415 4812 ex
1456 4761 1709 4811 Eustath.
1756 4762 1827 4811 ad
1869 4763 2092 4825 Dionys.
2128 4764 2227 4811 298
2273 4760 2362 4810 καὶ
2397 4760 2466 4811 τὸ
2503 4758 2760 4824 Campus<
2806 4760 2996 4825 κύριον
3046 4759 3176 4810 finxi

603 4847 669 4879 ex
707 4832 788 4881 St.
822 4835 883 4884 Β.
920 4834 1018 4883 407
1055 4827 1308 4894 (παρτός
1347 4830 1379 4881 ὁ
1422 4828 1812 4893 Ἀμύκλαντος.
1886 4828 2179 4879 Caeterum
2216 4828 2429 4893 φόρτος
2475 4835 2532 4880 et
2566 4827 2764 4893 χόρτος
2803 4828 3049 4894 generali
3086 4845 3176 4879 ca·

605 4898 734 4947 noni
778 4899 1003 4949 subiicit
1044 4898 1248 4949 Herod.
1297 4900 1352 4948 in
1398 4898 1460 4949 11.
1497 4900 1585 4963 Ριχ.
1621 4896 1665 4949 Ω
1699 4899 1799 4949 316
1843 4895 1915 4948 τὰ
1960 4896 2037 4949 είς
2086 4912 2147 4950 ος
2193 4896 2443 4960 λήγοντα
2493 4896 2787 4960 διςύλλαβα
2836 4897 2910 4960 μὴ
2969 4895 3174 4961 ἔχοντα
