3664 5546
1211 405 1369 460 Περι
1411 402 1800 459 κΑοοΛικΗς
1835 362 2256 460 πΡοςΩιὶιιΑς
2298 404 2359 458 Η.
2934 402 3063 469 225

389 602 393 608 ·
478 578 755 659 -ὀρνὲου,
800 576 1075 658 ζόφος,
1121 574 1458 658 δνόφος,
1511 575 1843 658 γνόφος,
1893 579 2213 659 γρῖφος,
2268 578 2551 656 ψῆφος.
2637 576 2712 641 τὸ
2767 576 2839 641 δὲ
2882 596 3060 655 κρυ-

490 681 633 762 φός
677 679 781 744 καὶ
825 676 1070 757 ςυφός
1113 675 1243 755 ἔχει
1286 678 1362 742 τὸ
1409 681 1446 740 ῦ
1502 678 1701 757 βραχὺ
1747 678 2132 757 ςημαίνοντα
2186 679 2454 757 τοπικὴν
2506 677 2783 743 ἔννοιαν.
2870 679 2945 744 τὸ
2991 680 3062 743 δὲ

490 787 737 863 κῦφος
781 781 856 844 τὸ
903 785 986 843 kt]
1031 779 1293 862 μακρόν,
1341 779 1431 844 ὼς
1474 780 1576 843 καὶ
1617 780 1693 845 τὸ
1736 784 2002 861 τῦφος.
2057 780 2135 845 τὸ
2179 781 2250 844 δὲ
2300 780 2553 861 Κύφος
2596 783 2747 846 παῖς
2789 772 3061 860 Περραι-

491 889 638 967 βοῦ,
705 881 830 963 ἀφ’
886 880 966 946 ού
1026 881 1242 961 Κύφος
1305 881 1491 946 πόλις
1543 881 1959 964 Περραιβίας,
2029 881 2155 947 ἔςτι
2209 881 2312 946 καὶ
2364 882 2653 961 ποταμὸς
2716 882 2931 963 Κύφος
2980 918 3067 929 -

493 985 807 1052 «Γουνεὺς
872 984 937 1048 δ’
992 983 1062 1047 ἐκ
1117 982 1340 1062 Κύφου
1416 980 1532 1061 ἦγε
1612 984 1748 1048 δύω
1822 984 1925 1049 καὶ
1988 982 2201 1049 εἴκοςι·
2245 987 2443 1062 νῆας»
2510 980 2613 1066 (Il.
2670 984 2716 1047 Β
2773 982 2925 1069 748)
2978 1019 3065 1031 -
3105 992 3139 1041 5

492 1088 691 1168 βραχὺ
734 1086 892 1166 ἔχον
934 1085 1011 1150 τὸ
1055 1086 1095 1145 ῡ
1137 1083 1578 1163 παροξύνεται.
1663 1086 1742 1151 τὸ
1785 1088 1857 1151 δὲ
1901 1085 2156 1167 ἀλφός
2198 1086 2275 1169 τό
2320 1087 2673 1166 ςωματικόν
2716 1086 2922 1152 πάθος
2964 1088 3067 1150 καὶ

492 1189 803 1270 πολφός
846 1185 1022 1267 ὄψον
1066 1207 1125 1251 τι
1169 1186 1383 1266 ἔχουςι
1427 1187 1504 1252 τὸ
1549 1174 1588 1251 λ
1634 1188 1725 1254 ὡς
1767 1189 1870 1285 καὶ
1913 1190 1989 1254 τὸ
2019 1188 2331 1270 Δελφοί
2374 1189 2561 1253 πόλις
2607 1186 2713 1252 ἐπὶ
2744 1191 2861 1252 τοῦ
2888 1188 3064 1266 Παρ-

492 1294 726 1357 ναςςοῦ
769 1290 931 1368 πρὸς
972 1294 1050 1373 τῇ
1094 1288 1328 1353 Φωκίδι
1371 1288 1474 1352 καὶ
1516 1289 1592 1353 τὸ
1637 1289 1890 1356 ἑθνικὸν
1935 1289 2303 1371 ὁμοφώνως
2344 1296 2421 1374 τῇ
2464 1289 2766 1355 πόλει-
2804 1289 3065 1368 ἐκλήθη-

492 1414 605 1458 ςαν
661 1393 733 1457 δὲ
786 1390 1074 1474 Δελφοί,
1139 1389 1238 1455 ὅτι
1298 1389 1630 1455 Ἀπόλλων
1695 1392 2075 1458 ςυνέπλευςε
2141 1394 2396 1472 δελφῖνι
2450 1390 2764 1457 εἰκαςθείς.
2849 1391 2930 1456 τὰ
2995 1393 3067 1457 δὲ

493 1494 750 1560 ἐπίθετα
805 1493 1127 1575 ὀξύνεται,
1194 1492 1471 1575 ςοφός,
1525 1494 1814 1577 κυφός,
1865 1493 2160 1577 κωφός,
2228 1491 2326 1559 οἷς
2378 1493 2771 1573 ἠκολούθηςε
2825 1495 2928 1558 καὶ
2989 1494 3066 1557 τὸ
3104 1498 3171 1551 10

493 1595 810 1677 τροφός.
875 1594 951 1659 τὸ
996 1595 1066 1658 δὲ
1111 1597 1410 1675 κοῦφος
1451 1599 1974 1675 προπεριςπᾶται.

661 1698 756 1763 Τὰ
797 1696 886 1762 εἰς
929 1700 1062 1776 W
1118 1695 1625 1777 ύπερδιςύλλαβα
1677 1697 1858 1762 ἁπλᾶ·
1904 1698 1984 1777 μὴ
2030 1700 2351 1776 δηλοῦντα
2395 1697 2720 1777 ἐνέργειαν
2777 1718 3068 1778 προπαρ-

499 1801 823 1882 οξύνεται,
866 1798 1298 1881 κρόταφος,
1341 1796 1672 1881 ἔλαφος,
1718 1798 2130 1881 ςκίραφος,
2176 1800 2214 1865 ὃ
2247 1799 2524 1879 ςημαίνει
2564 1801 2683 1866 τὸν
2715 1799 3068 1866 ἀκόλαςτον

496 1904 599 1967 καὶ
641 1900 983 1983 κυβευτήν,
1027 1898 1158 1964 ἀπὸ
1189 1904 1321 1965 τῶν
1365 1898 1435 1965 ἐν
1467 1899 1666 1984 (κίρῳ
1706 1901 2196 1983 διατριβόντων,
2239 1902 2615 1985 Ἔπαφος,
2665 1903 3069 1982 Κέρκαφος

495 1988 716 2069 Ἡλίου
759 2005 943 2085 παῖς,
1000 2001 1406 2083 Τέκταφος
1460 2001 1497 2066 ὁ
1541 2002 1785 2082 Δώρου
1840 2007 1958 2068 τοῦ
2006 2004 2347 2088 Ἕλληνος,
2402 2004 2784 2087 κόλαφος,
2839 2003 3068 2070 ἀςκά-
3110 2010 3169 2061 15

499 2109 796 2187 λαφος,
853 2104 1167 2186 ἔριφος,
1224 2103 1559 2184 (έριφος
1612 2105 1720 2183 μία
1772 2110 1904 2170 τῶν
1948 2104 2333 2188 (ποράδων,
2384 2106 2784 2190 Ἄντιφος,
2829 2106 3067 2186 Τήλε-

497 2229 646 2290 φος
691 2208 1038 2286 Τάρχωνος
1066 2206 1307 2288 πατήρ,
1350 2204 1543 2284 Αἴγης
1574 2206 1675 2271 καὶ
1702 2206 2102 2286 Τεύθραντος
2132 2206 2269 2272 υἱός
2279 2256 2297 2291 ,
2343 2206 2699 2288 ἄργυφος
2744 2208 2783 2272 ὁ
2822 2209 3066 2289 λευκός,

497 2312 918 2392 κόςςυφος,
968 2308 1406 2390 Κόττυφος,
1452 2306 1818 2391 (ίςυφος,
1863 2309 2246 2393 κόρυφος,
2294 2310 2634 2391 Κίνυφος
2678 2310 2716 2374 ὁ
2759 2311 3067 2390 ποταμός.

497 2414 574 2478 τό
618 2414 691 2477 δὲ
736 2409 1088 2490 ἀδελφός
1133 2408 1423 2475 ὀξύνεται
1466 2411 1568 2474 καὶ
1609 2409 1760 2476 ἴςως
1806 2411 1897 2476 ὡς
1939 2411 2236 2489 τριγενές.
2324 2412 2403 2475 τὰ
2458 2414 2581 2491 γὰρ
2635 2413 2831 2477 λοιπὰ
2875 2433 3068 2492 μονο-

502 2518 672 2592 γενῆ.
785 2513 886 2577 καὶ
949 2511 1030 2575 τὰ
1096 2509 1420 2589 ἐνέργειαν
1486 2516 1807 2590 δηλοῦντα
1870 2513 2323 2596 παροξύνεται,
2398 2515 3068 2596 πορφυροβάφος,
3105 2523 3174 2572 2⁰

501 2612 1281 2695 ὑποδηματορράφος
1323 2611 1428 2677 καὶ
1467 2612 1984 2695 ἱπποτρόφος.

673 2717 766 2782 Τὰ
820 2713 908 2780 εἰς
952 2718 1068 2794 ῐόἰ
1113 2714 1456 2797 διςύλλαβα
1509 2716 1590 2796 μὴ
1636 2714 1795 2782 ὄντα
1854 2716 2171 2783 ἐπιθετικὰ
2217 2719 2581 2802 βαρύνεται,
2636 2717 2925 2797 κόλχος
2969 2719 3069 2783 καὶ

509 2820 836 2901 Κόλχος,
894 2816 1263 2899 βρόγχος,
1319 2819 1603 2897 μόςχος
1648 2821 1749 2884 καὶ
1795 2820 2100 2899 Μόςχος
2156 2819 2343 2886 ἔθνος
2386 2821 2695 2902 προςεχὲς
2748 2824 2886 2885 τοῖς
2933 2822 3068 2886 Μα-

502 2924 760 3001 τιηνοῖς.
834 2919 1155 2984 Ἑκαταῖος
1210 2919 1397 3003 Ἀςίᾳ-
1472 2921 1792 3004 κόγχος,
1848 2922 2140 3001 τρόχος
2193 2922 2232 2986 ὁ
2286 2922 2487 2988 τόπος
2541 2922 2613 2988 ἐν
2670 2922 2724 3005 ᾧ
2778 2923 3069 3002 τρέχουςι

506 3024 594 3088 ὡς
637 3023 798 3102 παρ’
842 3020 1140 3105 Εὐριπίδῃ
1183 3020 1255 3085 ἐν
1302 3022 1548 3106 Μηδείᾳ
1589 3021 1729 3104 (46)
2660 3008 2667 3016 ’
3105 3031 3172 3082 25

499 3213 715 3277 γνόφος
753 3228 821 3262 ex
855 3210 960 3276 Ep.
998 3208 1085 3260 Cr.
1123 3211 1152 3261 Ι
1186 3211 1302 3270 372,
1338 3212 1564 3275 γρῖφος,
1602 3212 1795 3276 ψῆφος
1831 3228 1900 3263 ex
1936 3212 2180 3278 Theogn.
2219 3214 2310 3278 76,
2350 3215 2440 3276 14,
2483 3214 2667 3279 τῦφος
2704 3228 2771 3263 ex
2807 3212 3070 3279 Theogn.,

504 3281 690 3344 Κύφος
728 3297 795 3330 ex
831 3277 911 3329 St.
949 3280 1042 3336 B.,
1079 3278 1213 3328 item
1249 3275 1483 3342 Δελφοί.
1553 3279 1637 3328 Ex
1682 3279 1786 3331 hoe
1832 3295 2043 3342 canone
2090 3283 2252 3332 etiam
2300 3279 2526 3346 πόμφος
2569 3298 2687 3333 cum
2731 3281 2869 3333 Lob.
2903 3281 3070 3331 Pron.

505 3354 618 3413 131,
653 3365 761 3398 non
798 3345 1027 3411 πομφός
1062 3346 1409 3396 scribendum
1446 3351 1555 3410 θείς
1592 3347 1806 3412 τρόφος
1851 3349 1907 3398 in
1951 3365 2160 3402 canone
2197 3366 2284 3415 ap.
2325 3350 2563 3400 Cramer.
2607 3351 2754 3400 inter
2799 3350 3069 3415 berytona

503 3418 736 3468 relatum
769 3421 877 3474 est,
918 3414 1013 3466 sed
1050 3429 1212 3479 quum
1248 3414 1337 3466 hic
1379 3423 1443 3464 ut
1478 3430 1564 3480 ap.
1601 3415 1846 3482 Theogn.
1882 3417 2185 3468 masculina
2228 3434 2348 3468 oum
2384 3419 2596 3470 neutris
2640 3419 3070 3484 permisceantur

503 3493 561 3535 et
605 3500 780 3535 canon
824 3483 1042 3532 omnino
1087 3480 1249 3532 valde
1305 3481 1664 3534 detruncatus
1720 3486 1816 3543 sit,
1872 3484 2031 3536 fidem
2083 3485 2455 3552 derogandam
2508 3486 2693 3536 iudico
2747 3485 3069 3551 praesertim

504 3567 665 3618 quum
700 3549 914 3615 τροφός
950 3552 1031 3599 ita
1067 3550 1125 3599 in
1162 3549 1495 3601 adiectivam
1529 3556 1780 3602 naturam
1816 3554 2008 3616 abeat,
2044 3560 2107 3604 ut
2143 3554 2309 3604 etiam
2345 3560 2596 3605 neutrum
2633 3553 2864 3616 habeat,
2903 3559 3067 3619 atque

381 3679 392 3692 ⁸
503 3623 696 3686 opinor
729 3613 793 3670 Ε.
828 3621 905 3670 Μ.
944 3620 1057 3676 529,
1095 3620 1127 3667 6
1162 3618 1466 3669 Herodiani
1509 3619 1714 3671 referre
1750 3623 2108 3673 sententiam:
2156 3621 2357 3675 κοντός
2400 3621 2552 3688 παρὰ
2585 3620 2656 3674 τὸ
2692 3621 2877 3673 κέντω
2921 3620 3070 3686 ῥῆμα

505 3687 840 3754 βαρύτονον·
888 3685 1090 3736 κοντός
1127 3683 1206 3736 ὡς
1241 3684 1437 3750 τρέφω
1474 3686 1686 3751 τροφός
1734 3688 1822 3739 καὶ
1860 3687 2068 3752 πέμπω
2116 3690 2368 3754 πομπός,
2415 3706 2556 3756 quae
2601 3695 2905 3755 congruunt
2949 3706 3068 3739 eum

510 3755 813 3807 Herodiani
848 3753 1098 3804 doctrina
1133 3769 1206 3818 ap
1259 3759 1381 3806 Are.
1420 3757 1503 3818 79,
1543 3759 1604 3806 13
1641 3763 1696 3806 et
1731 3758 1822 3822 67,
1861 3759 1908 3809 5.
1978 3758 2123 3808 Hine
2156 3763 2281 3824 post
2316 3757 2511 3823 κωφός
2546 3758 2781 3809 inserui:
2818 3753 2904 3808 οἷς
2939 3756 3068 3821 ἠκο-

506 3823 744 3888 λούθηςε
792 3822 883 3874 καί
926 3820 995 3872 τὸ
1027 3820 1259 3886 τροφός.
1295 3848 1360 3857 -
1397 3822 1603 3886 ςκύφος
1647 3830 2096 3877 commemoratur
2141 3843 2175 3877 a
2216 3827 2486 3893 Theogn„
2532 3826 2628 3877 sed
2674 3828 2921 3892 suspicor
2972 3826 3069 3875 hoe.

504 3894 572 3943 ab
609 3891 930 3942 Herodiano
965 3891 1110 3940 inter
1145 3895 1343 3940 neutra
1378 3891 1612 3941 relatum
1647 3907 1796 3955 esse;
1845 3895 1893 3944 si
1929 3894 2017 3944 hie
2064 3901 2536 3946 commemoratum
2582 3895 2717 3957 fuit,
2762 3894 2907 3944 hune
2953 3893 3068 3942 fere

502 3963 558 4011 in
594 3959 812 4010 modum
849 3960 1055 4010 factum
1091 3973 1213 4008 esse
1248 3959 1508 4009 arbitror:
1554 3958 1763 4024 ςκύφος
1796 3960 1869 4011 τὸ
1904 3964 1939 4013 ῦ
1976 3961 2146 4027 βραχὺ
2192 3962 2281 4015 καὶ
2328 3962 2555 4029 μακρόν.
2625 3959 2943 4024 λέγεται-δέ
2980 3960 3069 4011 καὶ

502 4027 832 4093 οὐδετέρως.
970 4027 1006 4077 1.
1045 4030 1108 4077 13
1143 4023 1408 4091 ςκίραφος
1443 4043 1512 4077 ex
1542 4027 1620 4077 St.
1655 4028 1715 4078 B.
1749 4030 1869 4089 575,
1896 4033 1984 4094 13,
2020 4032 2115 4081 ubi
2150 4030 2483 4095 ςκιραφόρος
2519 4046 2553 4080 a
2577 4030 2856 4081 Meinekio
2892 4044 3069 4078 emen-

503 4098 706 4147 datum.
783 4094 1096 4160 Κέρκαφος,
1135 4093 1429 4159 Τέκταφος
1465 4095 1655 4145 addidi
1692 4111 1758 4147 ex
1793 4096 1874 4149 St.
1912 4097 2003 4158 B..
2041 4097 2233 4163 ἔριφος
2280 4115 2349 4149 ex
2391 4099 2637 4164 Theogn.
2675 4099 2770 4161 76,
2808 4100 2899 4158 14,
2936 4097 3068 4145 item

503 4164 768 4230 Εέριφος,
807 4162 951 4230 quod
987 4167 1172 4214 exstat
1207 4165 1374 4214 etiam
1410 4180 1498 4230 ap.
1538 4164 1617 4214 St.
1656 4164 1743 4223 B„
1779 4163 2049 4230 Ἄντιφος
2086 4182 2154 4216 ex
2190 4167 2289 4232 Ep.
2326 4167 2415 4221 Cr.
2452 4168 2481 4218 1
2514 4169 2632 4228 388,
2673 4168 2761 4228 14,
2795 4165 2892 4216 ubi
2926 4164 3069 4213 idem

503 4249 679 4284 canon
715 4248 812 4299 pro
854 4233 1064 4292 unitur,
1103 4229 1376 4295 κόςςυφος
1413 4248 1482 4283 ex
1517 4232 1787 4297 Theogn„
1835 4233 1967 4284 item
2003 4231 2296 4298 Κόττυφος
2333 4233 2595 4298 (ίςυφος,
2644 4249 2711 4283 ex
2748 4233 2944 4298 quibus
2978 4247 3066 4295 ap.

502 4302 748 4364 Theogn.
839 4298 1119 4363 ολόςυφος
1168 4305 1478 4365 corruptam
1524 4305 1684 4364 putat
1726 4301 1863 4354 Lob.
1908 4301 2072 4352 Proll.
2107 4304 2231 4363 296,
2280 4299 2517 4364 (ίςυφος
2563 4302 2731 4352 habet
2778 4302 2945 4351 etiam
2992 4299 3070 4348 St.

503 4371 564 4421 Β.
608 4396 671 4406 -
719 4365 968 4433 κόρυφος
1013 4383 1081 4417 ex
1126 4367 1404 4432 Theogn.,
1454 4364 1694 4430 Κίνυφος
1737 4369 2084 4419 emendatum
2130 4384 2164 4418 a
2207 4371 2341 4421 Lob.
2392 4370 2427 4420 1.
2463 4387 2509 4419 e.
2554 4385 2622 4420 ex
2671 4368 2866 4420 Choer.
2914 4368 3070 4418 Orth.

505 4439 622 4501 257,
658 4439 718 4487 3:
753 4433 1018 4500 (έριφοςε
1056 4437 1106 4485 ῖ.
1151 4433 1225 4486 τὰ
1258 4434 1364 4500 γὰρ
1401 4432 1478 4486 εἰς
1515 4439 1623 4498 &oe
1661 4437 1939 4501 μονογενῆ
1978 4436 2053 4500 μὴ
2089 4435 2229 4488 ὄντα
2265 4435 2561 4501 οὐδέτερα,
2600 4435 2780 4500 ἁπλᾶ,
2818 4435 2891 4499 μὴ
2931 4434 3071 4486 ὄντα

509 4501 741 4557 Ἰταλικὰ
777 4503 859 4555 ἑνὶ
895 4503 1185 4569 φωνήεντι
1221 4502 1440 4556 θέλουςι
1476 4502 1887 4567 παραλήγεςθαι
1923 4500 2047 4555 οἶον
2083 4503 2302 4569 ἔριφος,
2341 4503 2630 4569 Τήλεφος,
2671 4501 2936 4568 Κίνυφος·
2981 4516 3071 4568 ςη-

510 4570 683 4635 μαίνει
718 4571 779 4624 δὲ
814 4570 920 4622 τὸν
955 4569 1227 4623 ποικίλον.
1296 4571 1614 4635 πρόςκειται
1652 4573 1929 4636 μονογενῆ
1966 4571 2054 4623 διὰ
2096 4571 2167 4623 τὸ
2204 4573 2237 4624 ὁ
2272 4575 2485 4636 κοῦφος
2520 4571 2557 4635 ὴ
2604 4571 2790 4637 κούφη
2837 4572 2907 4622 τὸ
2945 4573 3070 4621 κοῦ-

509 4654 639 4703 φον·
688 4641 762 4704 μὴ
808 4639 949 4691 ὄντα
993 4638 1263 4704 οὐδέτερα
1306 4638 1396 4691 διὰ
1437 4637 1506 4689 τὸ
1551 4639 1777 4702 λαῖφος,
1825 4638 1980 4691 ἁπλᾶ
2023 4639 2085 4692 δὲ
2131 4640 2220 4692 διὰ
2264 4640 2334 4692 τὸ
2373 4641 2666 4705 φιλοῖφος,
2714 4638 2964 4705 ςημαίνει
3011 4638 3071 4688 δὲ

508 4707 610 4758 τὸν
645 4706 1063 4772 ςυνουςιαςτήν·
1103 4706 1337 4759 Ἰταλικὰ
1370 4706 1432 4759 δὲ
1467 4706 1554 4758 διὰ
1588 4706 1658 4756 τὸ
1695 4705 1948 4770 Ῥοῦφος.
1982 4736 2048 4745 -
2085 4707 2329 4773 ἀδελφός
2366 4708 2584 4774 explevi
2621 4723 2688 4758 ex
2712 4709 2813 4773 Ep.
2838 4707 2932 4760 Cr.
2965 4707 2998 4756 l.
3027 4721 3073 4756 e.

639 4778 674 4827 l.
708 4780 776 4828 23
815 4774 1023 4839 Κόλχος
1059 4780 1116 4825 et
1151 4774 1373 4839 Μόςχος
1410 4775 1631 4840 propria
1665 4774 1855 4824 addidi
1900 4791 1965 4826 ex
2001 4777 2084 4829 St.
2120 4780 2210 4838 B..
2247 4775 2450 4840 κόγχος
2497 4792 2594 4841 pro
2629 4775 2832 4839 κόχλος
2878 4776 3071 4838 scripsi

513 4857 628 4893 eum
672 4844 994 4906 Schmidtio‚
1040 4846 1132 4907 qui
1190 4850 1479 4908 praeterea
1534 4840 1698 4904 λόχος
1750 4848 1808 4892 et
1860 4842 2072 4908 πόλχος
2126 4847 2397 4911 proponit.
2470 4846 2673 4894 Locum
2720 4842 3073 4907 Euripideum

514 4911 696 4962 addidi
729 4928 800 4962 ex
835 4913 1029 4961 Choer.
1069 4912 1216 4964 Diet.
1250 4913 1367 4972 239,
1407 4914 1448 4968 1,
1487 4925 1592 4972 quo
1629 4910 1752 4958 hinc
1786 4913 2007 4962 transiit
2052 4915 2124 4966 cf.
2163 4915 2222 4963 E.
2260 4915 2333 4963 M.
2372 4915 2491 4974 769,
2528 4917 2609 4967 50.
2648 4939 2712 4948 —
2748 4913 2832 4961 De
2869 4908 3073 4974 τρόχος

581 5028 956 5064 nano-numm.
997 5013 1038 5064 Ι.
2591 4995 2671 5058 15
