3664 5546
1140 405 1297 462 ΠεΡι
1339 406 1731 462 κΑοοΛικΗς
1766 403 2189 461 προςΩιΔιΑς
2228 407 2287 460 Α.
2923 405 3009 471 39

413 583 490 648 τὸ
535 584 607 647 δὲ
653 583 999 664 τρήρων,
1057 581 1349 665 μήκων,
1391 580 1725 676 γλήχωψ
1764 580 2149 661 βαρύνονται
2195 577 2609 661 φυλάττοντα
2661 582 2740 647 τὸ
2785 585 2840 645 ῶ
2897 580 3005 647 ἐπὶ

414 687 525 763 τῆς
568 689 833 764 γενικῆς.
1485 689 1494 720 ²

583 786 677 850 Τὰ
732 786 821 851 εἰς
877 789 974 852 HN
1029 787 1371 867 διςύλλαβα
1425 786 1530 852 ἐπὶ
1583 785 1843 852 πόλεων
1900 784 2266 852 ὀξύνονται·
2333 785 2389 851 εἰ
2442 787 2513 852 δέ
2577 809 2635 852 τι
2692 791 2995 872 βαρυνθῇ,

414 889 611 973 ἑτέρῳ
655 892 997 969 χαρακτῆρι
1054 890 1092 967 ἢ
1150 892 1446 974 διαςτολῇ
1503 889 1999 971 ςημαινομένου,
2054 888 2325 972 Ἠϊών,
2378 889 2791 973 Πλευρών,
2834 890 2994 954 Πυ-

413 990 601 1073 θών,
649 989 930 1072 (ιδών,
978 992 1018 1055 Γ
1031 992 1291 1070 υρτών
1349 992 1535 1057 πόλις
1579 989 1918 1056 Θεςςαλίας
1972 992 2076 1055 καὶ
2116 991 2529 1075 Περραιβίας,
2586 993 2664 1071 ἣν
2708 991 2994 1071 Ὅμηρος
3022 1004 3055 1055 5

417 1094 749 1171 Γυρτώνην
803 1096 984 1158 καλεῖ
1041 1094 1130 1157 ὡς
1176 1094 1429 1172 Ἰτώνην
1486 1094 1589 1158 καὶ
1639 1093 1901 1176 Ἴτωνα,
1957 1091 2088 1158 ἀπὸ
2146 1093 2475 1172 Γύρτωνος
2530 1098 2647 1159 τοῦ
2700 1095 2999 1171 Φλεγύου

415 1194 738 1277 ἀδελφοῦ,
806 1194 973 1259 ὅςτις
1047 1195 1246 1274 αὐτὴν
1311 1195 1566 1260 ἔκτιςεν.
1666 1194 1931 1261 Αἰςών.
2032 1195 2364 1274 Δερτών
2436 1196 2623 1261 πόλις
2684 1196 2999 1280 Λιγύρων,

418 1297 770 1376 Κρηςτών
815 1296 1002 1361 πόλις
1047 1297 1298 1380 Θρᾴκης
1340 1298 1499 1376 παρ’
1544 1297 1877 1384 Ἡροδότῳ
1924 1294 1989 1380 (Ι
2017 1295 2162 1382 57)·
2212 1298 2460 1374 λέγεται
2512 1299 2614 1364 καὶ
2661 1299 2996 1378 Κρηςτώνη

413 1398 774 1480 Λυκόφρων
820 1398 913 1481 (v.
939 1397 1093 1483 937)
1142 1400 1622 1480 «ὁρμοκωτῆςαι
1664 1400 1782 1464 τόν
1811 1420 1879 1464 τε
1916 1399 2284 1479 Κρηςτώνης
2314 1399 2526 1466 θεόν».
2592 1400 2996 1483 Κραννών,

415 1501 646 1567 Νεών.
732 1501 808 1565 τὸ
863 1501 1075 1566 Ἴτων
1128 1503 1313 1567 πόλις
1360 1501 1696 1566 Θεςςαλίας
1755 1501 2092 1582 βαρύνεται
2151 1503 2241 1567 ὡς
2299 1502 2496 1587 ἑτέρῳ
2557 1502 2778 1568 κανόνι
2834 1503 2993 1568 ὑπο·
3033 1516 3102 1568 10

411 1603 607 1668 πεςόν
651 1638 736 1648 -
780 1603 1059 1668 καθόλου
1102 1604 1225 1682 γὰρ
1268 1604 1350 1667 τὰ
1394 1604 1482 1668 εἰς
1511 1606 1649 1670 r‘u‘ffi
1677 1605 2020 1687 διςύλλαβα
2050 1604 2234 1686 φύςει
2265 1610 2471 1689 μακρᾷ
2499 1604 2998 1686 παραληγόμενα

414 1705 779 1786 βαρύνεται,
825 1707 906 1783 μὴ
952 1704 1112 1771 ὄντα
1153 1706 1399 1771 τοπικά.
1487 1706 1847 1786 πρόςκειται
1905 1708 1987 1786 μὴ
2048 1705 2208 1773 ὄντα
2248 1708 2481 1772 τοπικὰ
2536 1708 2641 1773 διὰ
2695 1708 2771 1772 τὸ
2832 1729 2996 1773 κοι-

410 1807 584 1873 τών.
644 1808 723 1871 τὰ
768 1808 838 1871 δὲ
883 1805 1049 1871 ἄλλα
1094 1808 1430 1888 βαρύτονα.
1490 1810 1916 1892 Πλούτων,
1947 1809 2265 1892 γείτων,
2297 1809 2630 1892 Τρίτων,
2665 1809 2997 1892 Κρίτων,

412 1909 683 1974 Βίτων.
745 1909 1067 1974 ἐκτέταται
1111 1912 1182 1974 δὲ
1225 1915 1566 1990 ποιητικῶς
1610 1912 1685 1976 τὸ
1735 1909 2000 1975 «Ἴτωνά
2028 1931 2097 1975 τε
2143 1911 2379 1990 μητέρα
2422 1911 2682 1990 μήλων»
2719 1912 2796 1994 (Β
2827 1910 2996 1994 696).

412 2011 474 2076 οἱ
519 2014 590 2076 δὲ
622 2011 919 2089 ἐγχώριοι
951 2011 1270 2079 ὀξυτόνως
1300 2012 1501 2091 αὐτήν
1547 2033 1739 2094 φαςιν
1771 2013 1972 2079 Ἰτών·
2017 2015 2182 2077 τινὲς
2227 2015 2296 2078 δὲ
2329 2012 2571 2078 Ειτῶνα
2615 2013 2815 2094 αὐτήν
2846 2035 2997 2094 φαςι
3037 2025 3100 2078 15

411 2115 515 2178 διὰ
546 2113 622 2178 τὸ
668 2113 1033 2192 ςιτοφόρον.
1097 2115 1343 2191 λέγεται
1391 2116 1462 2178 δὲ
1496 2116 1598 2178 καὶ
1641 2115 1680 2194 ἡ
1711 2116 1970 2180 Ἴτωνος
2003 2113 2133 2180 ἀπὸ
2167 2116 2420 2181 Ἰτώνου
2465 2114 2713 2198 ἥρωος,
2761 2114 2889 2197 ἀφ’
2918 2115 2999 2181 οὗ

409 2216 511 2279 καὶ
555 2215 792 2280 Ἰτωνία
834 2216 875 2294 ἡ
908 2216 1167 2299 Ἀθηνᾶ,
1212 2215 1347 2294 ἥτις
1391 2218 1495 2280 καὶ
1523 2216 1754 2296 Ἰτώνη.
1845 2216 2244 2296 ςεςημείωται
2287 2218 2362 2282 τό
2396 2215 2439 2280 C
2454 2217 2595 2281 ούλ
2610 2238 2768 2297 μων
2814 2217 3000 2283 πόλις

410 2317 702 2382 Εικελίας.
791 2318 868 2382 τὸ
914 2320 986 2382 δὲ
1036 2319 1352 2397 Κρότων
1398 2320 1735 2396 διαςτολὴν
1780 2318 1912 2398 ἔχει
1958 2319 2439 2399 ςημαινομένου.

576 2419 669 2483 Τὰ
713 2419 801 2484 εἰς
843 2424 947 2484 ἀῖῦ
991 2420 1152 2499 ὑπὲρ
1198 2419 1336 2484 δύο
1364 2420 1674 2500 ςυλλαβάς
1719 2419 1823 2484 ἐπὶ
1880 2421 2139 2486 πόλεων
2185 2419 2511 2488 ὀξύνεςθαι
2556 2421 2756 2504 θέλει,
2816 2420 2873 2486 εἰ
2916 2423 2996 2502 μὴ

407 2522 495 2587 εἰς
545 2509 694 2587 'suiv'
729 2523 945 2604 λήγοι,
992 2522 1228 2600 ἔχοντα
1270 2523 1400 2601 πρὸ
1445 2526 1562 2587 τοῦ
1618 2523 1847 2588 τέλους
1893 2527 1965 2605 ἃ,
2021 2524 2060 2601 ἢ
2116 2522 2379 2588 ἔννοιαν
2434 2523 2779 2588 ςυνθέςεως
2827 2523 2993 2606 ἔχοι,
3032 2535 3101 2586 20

407 2624 715 2706 Ἐλεών,
765 2624 1095 2689 Μεδεών
1142 2624 1446 2703 Βοιωτικὴ
1491 2623 1694 2689 πόλις.
1755 2626 1858 2688 καὶ
1900 2625 2151 2706 Φωκικὴ
2196 2624 2396 2703 ἑτέρα.
2459 2623 2757 2705 (τρὰβων
2802 2624 2994 2709 ἐνάτῃ

408 2726 501 2812 (p.
545 2724 691 2790 410.
736 2723 915 2809 423).
1007 2725 1237 2805 ἐκλήθη
1283 2727 1355 2792 δὲ
1398 2725 1528 2792 ἀπὸ
1577 2727 1923 2792 Μεδεῶνος
1968 2730 2085 2792 τοῦ
2128 2726 2441 2792 Πυλάδου
2485 2727 2588 2791 καὶ
2633 2727 2989 2808 Ἠλέκτρας.

405 2828 533 2894 ἔςτι
563 2829 666 2893 καὶ
692 2831 805 2906 τῆς
833 2828 1135 2906 Ἠπείρου
1167 2828 1353 2907 πόλις
1382 2828 1487 2892 καὶ
1520 2829 1813 2908 κώμη....
1855 2829 2175 2894 Πετεών
2205 2828 2392 2894 πόλις
2423 2829 2750 2913 Βοιωτίας,
2778 2830 2989 2910 Πορ-

406 2931 721 3011 φυρεών
774 2929 960 2994 πόλις
992 2929 1287 3013 Φοινίκη,
1343 2930 1691 3013 Μεδιών,
1738 2929 2066 3014 (ικυών,
2125 2931 2513 3011 Βαβυλών.
2588 2930 2990 3012 ςεςημείωται

405 3034 480 3098 τὸ
527 3031 910 3098 Ἀςκάλων
955 3033 1058 3096 καὶ
1105 3030 1523 3097 Καςτάλων
1569 3033 1892 3112 βαρύτονα
1937 3032 2027 3097 ὡς
2072 3032 2158 3098 εἰς
2205 3020 2383 3098 (iffi
2415 3032 2766 3114 ληγόμενα·
2808 3034 2885 3100 τὸ
2917 3036 2989 3101 δέ
3025 3049 3091 3101 25

538 3221 574 3272 1.
610 3224 644 3271 4
684 3217 856 3272 Ἠϊών
892 3236 987 3287 pro
1028 3218 1147 3271 Ἰών
1185 3220 1447 3271 Schmidt.
1483 3236 1551 3272 ex
1588 3220 1670 3271 St.
1706 3221 1767 3270 B.
1805 3223 1887 3285 55,
1927 3222 1986 3282 5,
2025 3235 2351 3287 quamquam
2388 3237 2453 3272 eo
2487 3221 2610 3287 ipso
2655 3221 2776 3272 loco
2815 3219 2988 3277 Ἠίών

404 3294 715 3355 corruptum
761 3304 881 3339 esse
927 3293 1150 3354 propter
1195 3288 1479 3354 sequentia
1523 3290 1695 3339 verba
1738 3285 1977 3341 πάντων
2021 3287 2059 3351 ἠ
2106 3286 2274 3341 κλίςις
2320 3287 2408 3340 διὰ
2452 3291 2556 3341 τοῦ
2604 3293 2653 3341 ’ὤ
2699 3289 2991 3341 adnotavit

403 3358 646 3410 Moinek.
848 3356 885 3407 1.
922 3360 953 3407 5
1004 3355 1229 3421 Γυρτών
1274 3357 1463 3408 addidi
1509 3372 1577 3408 ex
1623 3356 1702 3408 St.
1738 3358 1801 3408 B.
1839 3358 1966 3420 215,
2004 3359 2097 3416 20,
2146 3372 2252 3422 quo
2288 3358 2347 3407 in
2382 3356 2501 3409 loco
2537 3356 2654 3409 ἀπὸ
2695 3356 2985 3422 Γύρτωνος

403 3426 702 3478 secundum
736 3423 995 3475 Eustath.
1029 3428 1146 3487 333,
1182 3427 1250 3476 25
1287 3433 1342 3477 et
1376 3425 1549 3476 libros
1585 3422 1855 3491 Step'hani
1900 3425 2094 3491 scripsi
2136 3430 2394 3477 monente
2428 3427 2664 3478 Lehrsio
2715 3426 2782 3478 de
2819 3426 2985 3477 Arist.

402 3498 502 3547 277
514 3494 553 3560 ²,
592 3497 699 3544 etsi
724 3494 891 3543 Mein.
929 3492 1152 3543 exhibet
1181 3491 1470 3558 Γυρτῶνος
1506 3495 1588 3544 ita
1624 3499 1686 3544 ut
1720 3495 1868 3545 inter
1890 3493 2334 3560 andronymicum
2358 3498 2416 3545 ot
2440 3495 2654 3561 gentile
2691 3494 2984 3546 discrimen

403 3580 513 3613 non
558 3563 735 3627 magis
779 3566 1061 3611 statuatur
1105 3576 1266 3627 quam
1310 3563 1367 3612 in
1406 3560 1666 3626 Κρότων;
1715 3562 1814 3612 sed
1858 3562 2120 3613 librorum
2164 3563 2435 3628 scriptura
2480 3565 2538 3613 in
2581 3564 2668 3615 his
2709 3563 2983 3615 servanda

402 3630 649 3692 videtur,
698 3644 861 3695 quum
905 3644 1106 3694 magna
1149 3644 1281 3679 usus
1323 3631 1696 3681 inconstantia.
1741 3631 1799 3680 in
1848 3630 2290 3681 discriminandis
2332 3631 2486 3682 hisce
2531 3632 2846 3683 nominibus
2890 3634 2981 3684 sit.

402 3698 436 3752 l.
465 3701 494 3749 7
522 3694 705 3749 Αἰςών
730 3697 962 3748 accessit
987 3713 1054 3746 ex
1080 3699 1160 3750 St.
1187 3698 1247 3747 Β.
1273 3698 1308 3752 l.
1336 3713 1500 3764 supra
1525 3700 1718 3762 citat0,
1754 3697 1995 3764 Δερτών
2018 3701 2138 3762 226,
2165 3700 2213 3758 8,
2253 3696 2519 3764 Κρηςτών
2544 3703 2661 3762 383,
2688 3703 2768 3751 16.
2809 3700 2979 3766 Κραν-

403 3765 523 3817 νών
557 3767 592 3815 l.
629 3781 792 3831 supra
829 3764 1082 3828 laudate,
1123 3762 1287 3817 Νεών
1322 3766 1400 3816 St.
1437 3768 1501 3818 B.
1539 3768 1629 3829 55,
1667 3767 1698 3817 5
1745 3771 1802 3818 et
1834 3769 1963 3829 473,
2002 3768 2080 3818 10.
2291 3767 2325 3817 1.
2367 3771 2429 3818 10
2475 3768 2641 3820 πόλις
2678 3767 2978 3823 Θεςςαλίας

402 3834 595 3885 addidi
632 3850 698 3884 ex
736 3833 817 3888 St.
854 3834 917 3883 B.
950 3836 1068 3896 342,
1105 3835 1153 3885 5.
1292 3833 1325 3882 l.
1367 3837 1427 3884 12
1464 3833 1783 3900 πρόςκειται
1821 3834 1897 3899 μὴ
1936 3832 2076 3885 ὄντα
2111 3833 2316 3885 τοπικὰ
2341 3839 2572 3901 apposui
2601 3841 2824 3917 propter
2857 3853 2979 3890 sen-

401 3903 635 3954 tentiam
674 3907 731 3952 et
765 3902 799 3951 l.
838 3904 900 3953 13
936 3899 1079 3952 ἄλλα
1117 3939 1128 3951 .
1166 3939 1176 3951 .
1218 3899 1434 3965 Κρίτων
1480 3918 1547 3952 ex
1584 3903 1664 3953 St.
1701 3903 1761 3952 B.
1803 3905 1928 3964 171,
1970 3905 2061 3965 12,
2109 3900 2293 3954 Βίτων
2331 3906 2421 3961 54,
2460 3905 2508 3955 5.
2579 3902 2874 3956 ἐκτεταται
2910 3932 2978 3942 -

405 3969 603 4035 μήλων
629 3986 696 4021 ex
714 3970 899 4024 Dichr.
919 3972 1038 4030 297,
1063 3973 1129 4021 33
1154 3969 1350 4019 adieci.
1375 3996 1438 4006 -
1464 3970 1498 4024 l.
1522 3972 1584 4020 15
1604 3968 1656 4022 οἱ
1680 3969 1742 4021 δέ
1768 3968 2110 4034 ἐγχώριοι-
2132 3971 2166 4021 l.
2190 3974 2251 4021 17
2280 3970 2473 4038 Ἰτώνη
2500 3988 2567 4023 ex
2593 3972 2675 4025 St.
2697 3973 2759 4023 B.
2780 3976 2897 4034 342,
2918 3977 2975 4034 5;

404 4035 768 4104 ςεςημείωται
805 4053 871 4087 ex
910 4037 1029 4087 eod.
1054 4040 1137 4098 55,
1173 4042 1221 4088 6.
1268 4035 1515 4090 (ικελίας
1552 4054 1660 4089 non
1696 4039 2015 4088 mutandum
2051 4054 2173 4089 esse
2208 4041 2267 4089 in
2295 4036 2523 4091 Ἰταλίας
2557 4041 2767 4091 monuit
2789 4042 2977 4105 Mein.,

403 4108 529 4172 quia
567 4106 913 4157 Herodianus
949 4105 1190 4157 Siciliam
1227 4106 1294 4157 de
1329 4107 1589 4157 inferiore
1622 4112 1781 4172 parte
1815 4106 2019 4157 Italiae
2056 4106 2196 4157 dixit
2230 4106 2458 4158 cf.'Arc.
2485 4111 2570 4170 83,
2605 4110 2637 4158 6
2674 4106 2976 4173 Λωμεντός

403 4173 720 4239 Λαυρεντός
757 4172 1030 4225 (ικελικαὶ
1066 4173 1276 4239 πόλεις,
1316 4190 1473 4240 quem
1509 4191 1664 4225 usum
1702 4179 1922 4225 secutus
1960 4180 2046 4225 est
2081 4174 2161 4224 St.
2198 4177 2258 4225 B.
2294 4178 2411 4239 570,
2448 4179 2480 4228 8
2518 4174 2776 4229 (ινόεςςα
2813 4175 2975 4230 πόλις

403 4240 649 4296 (ικελίας
689 4243 781 4305 (cf.
819 4241 1027 4307 Proll.).
1164 4243 1198 4292 l.
1239 4246 1299 4293 18
1335 4260 1432 4309 pro
1470 4244 1620 4307 πλὴν
1657 4245 1758 4294 τοῦ
1801 4240 2034 4307 Κρότων
2071 4243 2320 4307 exhibui,
2368 4259 2510 4309 quae
2547 4245 2731 4327 posui,
2768 4262 2975 4297 canone

400 4311 1452 4441 22⁸z1zuffis¹25<23f5330355³„isica
1470 4310 2001 4443 ὖὲὲύῒετὲἶῗθὲῗᾜᾞ
2037 4327 2342 4445 ἷῗὲἓὲοἰὲψ
2375 4314 2523 4444 ἓζῖοῗ
2534 4314 2974 4446 ’(ξΐαῇΐὲἒῗὲἰζ

402 4447 479 4498 ὡς
513 4447 583 4498 τὸ
624 4444 855 4511 Κρότων
892 4445 1202 4511 βαρύνεται.
1258 4447 1600 4510 ὀξυνόμενον
1636 4446 1741 4511 γὰρ
1776 4446 1937 4512 δηλοῖ
1972 4447 2247 4510 ζωΰφιον·
2282 4448 2319 4511 ἢ
2357 4450 2663 4513 χαρακτῆρι
2698 4447 2974 4513 ὑπάγοιτο

402 4514 479 4567 ὡς
513 4514 583 4566 τὸ
619 4515 783 4567 Ἴτων
820 4516 1229 4579 ςυναπενεχθὲν
1267 4520 1349 4581 τῷ
1388 4514 1611 4582 Τρίτων
1640 4513 1816 4566 Γίτων
1844 4512 2028 4565 Βίτων
2064 4512 2188 4566 οἷον
2228 4513 2399 4567 Ἠῑών
2445 4514 2713 4581 Κραννών
2751 4516 2976 4582 Γυρτών

404 4581 582 4635 Νεών.
641 4581 1003 4648 ςεςημείωται
1039 4583 1108 4635 τὸ
1145 4582 1440 4647 ζούλμων·
1491 4583 1604 4635 ἔςτι
1641 4581 1802 4634 πόλις
1842 4580 2085 4634 Ἰταλίας.
2222 4583 2260 4637 l.
2297 4587 2365 4635 20
2400 4588 2447 4635 iis
2485 4586 2540 4635 in
2577 4588 2613 4636 ᾶ
2649 4589 2885 4637 mutavit
2921 4591 2978 4637 et

402 4650 516 4715 ἔχοι
553 4651 774 4702 addidit
807 4652 1010 4711 Schm„
1046 4651 1192 4704 idem
1231 4650 1462 4715 Ἐλεών,
1501 4651 1644 4717 quod
1680 4652 1849 4702 habet
1883 4653 1962 4701 St.
2000 4653 2061 4703 B.
2098 4654 2223 4714 266,
2267 4656 2354 4716 16,
2392 4668 2488 4718 pro
2525 4651 2733 4704 ἐλαιών
2770 4659 2827 4704 et
2862 4653 2975 4706 Με·

401 4719 548 4770 δεών
593 4736 690 4785 pro
736 4718 960 4784 μηδεών
1008 4737 1075 4771 ex
1120 4720 1182 4773 11.
1220 4723 1309 4773 Pr.
1346 4720 1386 4773 Β
1426 4723 1548 4771 717ι
1599 4718 1898 4770 Ὀλιζῶνα;
1950 4720 2504 4784 προπεριςπωμένως
2552 4718 2630 4773 ὡς
2677 4720 2973 4785 Μεδεῶνα,

402 4803 597 4837 nomen
634 4788 853 4852 expievi
889 4803 956 4837 ex
993 4789 1072 4840 St.
1110 4790 1171 4838 B.
1207 4792 1322 4852 439,
1365 4793 1445 4850 19,
1483 4804 1549 4839 ex
1586 4788 1774 4839 eodem
1799 4787 1990 4837 addidi
2014 4786 2254 4839 Πετεών
2279 4792 2395 4852 519,
2425 4792 2486 4840 13
2524 4793 2580 4840 et
2614 4788 2976 4856 Πορφυρεών

401 4858 518 4918 533,
545 4858 592 4905 7.
644 4852 873 4906 Μεδιών
908 4872 972 4905 ex
1010 4858 1089 4906 St.
1117 4859 1179 4908 B.
1203 4859 1322 4915 440,
1352 4861 1376 4907 1
1417 4858 1487 4907 cf.
1518 4872 1679 4922 supra
1705 4873 1756 4921 p.
1779 4858 1865 4917 21,
1890 4858 1939 4909 4.
2032 4855 2067 4906 l.
2092 4858 2159 4908 25
2194 4873 2292 4923 pro
2331 4854 2651 4921 Καετάλων,
2690 4859 2835 4922 quod
2870 4861 2978 4910 iam

403 4923 706 4988 Gocttling.
749 4924 1056 4989 proposuit,
1096 4925 1152 4974 in
1186 4925 1344 4976 libris
1381 4924 1671 4988 Αςςάλων,
1709 4941 1797 4990 ap.
1836 4924 2083 4990 Theogn.
2121 4928 2206 4989 36,
2243 4928 2273 4976 6
2323 4923 2625 4977 Ναςςάλων
2663 4924 2842 4990 ὄνομα
2878 4926 2979 4979 πό-
