3664 5546
1137 440 1296 496 ΠΕΡΙ
1337 438 1731 495 ΚΑΘΟΛΙΚΗ(
1766 437 2192 495 ΠΡΟΕΩιΔΙΑ(
2235 441 2288 494 ς.
2668 511 2672 515 ,
2894 439 3010 505 151

597 615 691 680 Τὰ
744 612 832 680 εἰς
875 615 989 678 ι’(ὃῖ
1042 612 1204 692 ὑπὲρ
1248 611 1368 678 δύο
1424 611 1739 693 ςυλλαβὰς
1794 614 2002 695 μακρᾷ
2053 612 2513 691 παραλήγοντα
2566 610 2799 677 ςπάνια
2853 611 3014 677 ὄντα

429 718 795 802 βαρύνεται,
838 718 1215 796 Ἄτρηκος
1259 716 1445 781 πόλις
1489 714 1787 797 Κρητική,
1832 715 2177 793 μάληκος
2221 713 2430 793 ὄνομα
2459 713 2728 795 ὀρνέου,
2774 717 3011 793 μαλη-

427 821 557 886 κός
603 822 675 885 δὲ
718 819 850 885 ἀπὸ
893 822 1012 884 τοῦ
1056 818 1335 897 μαλακός
1378 823 1586 901 τροπῇ
1629 820 1747 881 τοῦ
1791 820 1835 880 fi
1877 815 1966 881 εἰς
2009 820 2048 894 ἦ
2096 815 2417 899 ὀξύνεται,
2461 814 2807 895 πίθηκος.
2852 818 3010 895 Πή-

428 927 660 1004 ληκος
703 923 889 987 πόλις
934 921 1005 987 ἐν
1049 921 1276 1006 Λιβύῃ,
1330 920 1687 999 Ζάληκος
1732 918 1943 999 ὄνομα
1985 921 2313 1001 ποταμοῦ,
2369 917 2828 1000 Ἀμάληκος,
2885 918 3012 1000 ἀφ’

427 1024 507 1091 οὗ
552 1026 941 1104 Ἀμαληκῖτις
986 1023 1231 1103 ἐκλήθη.
1292 1022 1648 1088 Κόθωκος
1691 1021 1903 1101 ὄνομα
1944 1020 2175 1099 ἥρωος.
2239 1021 2316 1086 τὸ
2362 1021 2433 1085 δὲ
2478 1020 2778 1086 Ἰωλκός
2823 1021 3008 1086 πόλις
3038 1032 3071 1082 5

427 1126 767 1194 Θεςςαλίας
812 1125 1085 1206 «Βοίβην
1130 1126 1234 1190 καὶ
1278 1124 1611 1205 Γλαφυρὰς
1668 1124 1771 1189 καὶ
1814 1123 2183 1202 ἐϋκτιμένην
2228 1122 2564 1190 Ἰαωλκόν»
2610 1120 2720 1204 (Il.
2768 1124 2813 1186 Β
2860 1121 3011 1203 712)

425 1230 557 1296 ἀπὸ
602 1230 858 1295 Ἰωλκοῦ
900 1231 1019 1293 τοῦ
1062 1227 1368 1310 Ἀμύρου,
1412 1229 1514 1292 καὶ
1556 1225 1966 1304 Ἀρδηςκός
2010 1224 2317 1293 ὀξύνεται.

577 1332 688 1397 νΤιίι
744 1330 833 1396 εἰς
888 1333 1003 1395 RBE
1055 1329 1555 1410 παραληγόμενα
1608 1329 1676 1392 ffi
1727 1328 1768 1406 ἢ
1814 1331 1881 1391 ὃῖ
1934 1327 2017 1408 μή
2073 1326 2391 1393 ἐπιθετικὰ
2432 1327 3010 1411 προπαροξύνεται,

422 1435 851 1516 Πάταικος,
895 1432 1324 1514 Φάλαικος,
1373 1430 1788 1513 Μίθαικος,
1835 1431 2234 1513 ςόλοικος,
2290 1430 2665 1510 μόνοικος
2720 1430 2795 1494 τὸ
2851 1430 3010 1494 κατὰ

425 1528 839 1616 ςυναλοιφήν.
930 1534 1055 1600 ἔςτι
1110 1535 1215 1600 καὶ
1269 1532 1457 1599 πόλις
1499 1532 1845 1612 Λιγυςτική.
1945 1531 2269 1598 Ἑκαταῖος
2321 1532 2610 1616 Εὐρώπῃ.
2709 1531 3009 1596 Μοςςύ-
3051 1544 3114 1595 10
3185 1570 3190 1577 ·

424 1659 693 1704 νοικος
765 1637 955 1702 ἔθνος
1020 1636 1422 1717 καλούμενον
1483 1635 1659 1715 παρὰ
1723 1635 1838 1700 τὰς
1896 1633 2196 1717 οἰκήςεις,
2261 1636 2410 1713 περὶ
2467 1630 2547 1698 οὗ
2602 1633 2879 1699 Εὔδοξος
2937 1634 3008 1697 ἐν

423 1741 661 1824 πρώτῳ
715 1744 831 1818 γῆς
898 1740 1222 1818 περιόδου.
1309 1739 1387 1804 τὸ
1444 1740 1515 1804 δ“ε
1569 1737 1941 1818 Εὐβοικός
1995 1736 2284 1804 ὀξύνεται
2339 1736 2695 1801 ἐπιθετικόν
2752 1735 2846 1800 ὄν.
2934 1737 3010 1799 τὸ

424 1845 495 1911 δὲ
539 1842 918 1922 ἄγροικος
964 1841 1269 1906 ςύνθετον
1315 1841 1417 1905 καὶ
1459 1839 2015 1920 προπαροξύνεται
2058 1838 2162 1904 καὶ
2204 1841 2724 1917 προπεριςπᾶται.

592 1944 685 2009 Τὰ
750 1943 838 2009 εἰς
904 1949 1020 2008 ιῖὄὲ
1087 1943 1593 2023 ύπερδιςύλλαβα
1658 1941 1713 2008 εἰ
1775 1941 2214 2021 παραλήγοιτο
2274 1942 2306 2004 ῑ
2368 1946 2585 2025 μακρῷ
2653 1940 3008 2024 βαρύνεται,

423 2048 748 2113 Εὔνικος
792 2046 1046 2129 κύριον,
1105 2046 1385 2110 Κάῖκος
1439 2044 1761 2128 ποταμός,
1818 2044 1971 2110 ὅθεν
2026 2042 2263 2123 ἄνεμος
2311 2043 2559 2109 Καικίας
2619 2043 2711 2108 ὡς
2765 2043 3005 2109 ἐκεῖθεν
3048 2056 3109 2107 15

422 2150 674 2232 πνέων,
722 2148 1091 2226 Γρήνικος
1136 2142 1438 2227 ποταμός.
1524 2147 1982 2229 Φιλόνικος,
2040 2145 2524 2227 Ἑλλάνικος,
2580 2145 3006 2224 Ἀριςτόνι-

422 2271 571 2316 κος.
659 2249 715 2315 εἰ
772 2252 843 2315 δὲ
896 2257 973 2334 τῇ
1028 2253 1082 2314 {i
1127 2249 1492 2334 διφθόγγῳ,
1548 2249 1875 2330 ὀξύνεται,
1935 2246 2329 2329 δαρεικός,
2387 2248 2695 2326 βοεικός
2749 2251 3007 2328 «βοεικὰ

420 2354 648 2432 ζεύγη»
696 2351 727 2415 ἶ
786 2354 825 2431 ἡ
880 2352 1260 2434 παράδοςις,
1316 2350 1484 2416 ἀλλὰ
1539 2353 1643 2417 διὰ
1698 2351 2058 2432 διφθόγγου
2112 2352 2211 2414 δεῖ
2262 2349 2643 2433 γράφεςθαι,
2699 2349 2831 2416 ἀπὸ
2883 2351 3006 2431 γὰρ

419 2460 538 2520 τοῦ
608 2454 896 2535 βοειακός
961 2454 1120 2518 κατὰ
1186 2454 1510 2532 ςυγκοπὴν
1579 2453 1681 2518 ὡς’
1736 2454 1839 2517 καὶ
1891 2450 2369 2517 Δεκελεικός
2434 2450 2567 2516 ἀπὸ
2632 2457 2750 2517 τοῦ
2804 2453 3004 2518 Δεκε-

422 2558 689 2623 λειακός.
738 2554 1227 2636 Κεραμεικός.
1316 2556 1716 2636 ςεςημείωται
1771 2557 1849 2621 τὸ
1899 2553 2229 2633 Καμικός
2285 2553 2387 2618 καὶ
2442 2552 2481 2617 ὁ
2532 2552 2776 2634 κτίςτης
2818 2556 2922 2620 καὶ
2964 2558 3002 2634 ἡ
3040 2572 3107 2623 20

419 2661 605 2725 πόλις
650 2658 927 2724 (ικελίας
972 2656 1285 2724 ὀξύτονον
1341 2658 1445 2722 καὶ
1487 2658 1642 2737 ἔχον
1686 2657 1763 2723 τὸ
1806 2660 1843 2720 ἶ
1885 2656 2125 2737 μακρὸν
2182 2656 2273 2721 ὡς
2328 2656 2403 2719 τὸ
2457 2655 2817 2722 Παλικός.
2891 2657 3006 2723 εἰεί

419 2756 491 2828 δὲ
532 2760 803 2827 Παλικοί
846 2758 1143 2839 δαίμονές
1185 2779 1352 2825 τινες
1396 2760 1510 2825 οὓς
1540 2758 1847 2840 Αἰςχύλος
1891 2758 1961 2825 ἐν
2006 2757 2257 2825 Αἴτναις
2287 2760 2665 2836 γενεαλογεῖ
2692 2759 2856 2826 Διὸς
2900 2761 3005 2826 καὶ

419 2864 691 2930 Θαλείας
732 2868 844 2941 τῆς
889 2861 1268 2945 Ἡφαίςτου,
1324 2865 1629 2942 κληθῆναι
1675 2864 1745 2928 δὲ
1788 2863 1943 2928 τοὺς
1985 2861 2310 2927 Παλικοὺς
2365 2861 2471 2928 διὰ
2512 2861 2589 2927 τὸ
2635 2860 3000 2929 ἀποθανόν-

416 2988 530 3032 τας
572 2966 766 3031 πὰλιν
811 2964 900 3030 εἰς
944 2962 1328 3043 ἀνθρώπους
1368 2963 1619 3030 ἱκέςθαι.
3029 3049 3034 3056 ,

589 3093 627 3130 ιι
671 3068 765 3133 Τὰ
817 3068 906 3133 εἰς
959 3071 1078 3132 ῐόῖ
1131 3067 1414 3147 λήγοντα
1465 3067 1711 3160 καθαρὰ
1765 3066 1928 3145 ὑπὲρ
1983 3064 2102 3131 δύο
2157 3065 2500 3150 ςυλλαβάς,
2565 3069 3000 3147 προςηγορικὰ
3036 3085 3102 3134 25

551 3325 586 3375 l.
622 3327 655 3375 2
690 3324 966 3390 Ἄτρηκος
1013 3340 1080 3375 ex
1115 3323 1389 3391 Theogn.‚
1437 3323 1533 3375 ubi
1576 3339 1674 3390 per
1708 3323 2051 3375 iotacismum
2095 3321 2352 3388 Ἀτρικος
2390 3323 2650 3390 scriptum
2687 3326 2800 3386 est,
2838 3325 2999 3389 posui

417 3411 514 3460 pro
549 3393 771 3444 Arcadii
809 3393 1099 3458 ἔςτρηκος,
1139 3406 1464 3458 quamquam
1509 3396 1798 3458 utrumqne
1846 3407 1939 3443 sus
1983 3392 2208 3442 iciosum
2251 3397 2339 3442 est
2381 3392 2454 3442 cf.
2486 3393 2639 3442 'Lob.
2672 3391 2841 3444 Proll.
2879 3395 2996 3455 323,

416 3461 662 3527 μάληκος
700 3461 919 3527 explevi
954 3477 1024 3511 ex
1048 3460 1316 3527 Theogn„
1352 3461 1498 3511 unde
1536 3461 1701 3511 etiam
1740 3459 1924 3526 μαληκ
1964 3475 1990 3511 ς
2026 3460 2062 3509 i.
2088 3476 2140 3526 q.
2178 3458 2426 3523 μαλακός
2462 3460 2670 3525 recepi,
2707 3465 2996 3527 utrumque

412 3529 696 3581 Lobeckio
749 3534 1059 3592 suspectum
1112 3535 1221 3585 est;
1276 3528 1545 3594 Πήληκος
1590 3545 1659 3580 ex
1702 3529 1950 3594 Theogn.
1995 3534 2050 3578 et
2094 3529 2175 3579 St.
2221 3531 2285 3579 Β.
2332 3530 2456 3590 521,
2505 3533 2564 3591 3,
2617 3525 2874 3593 Ζάληκος
2930 3546 2997 3578 ex

414 3599 680 3663 Theogn„
720 3595 1058 3661 Ἀμάληκος,
1098 3597 1243 3661 quod
1278 3597 1521 3648 Meinek.
1559 3596 1629 3647 ad
1666 3597 1746 3647 St.
1781 3599 1846 3650 Β.
1884 3598 2001 3659 210,
2040 3598 2069 3647 7
2116 3612 2215 3661 pro
2251 3594 2498 3661 μάληκος
2535 3596 2758 3647 Arcadii
2792 3612 2994 3662 ponere

412 3666 559 3729 vult,
599 3682 667 3716 ex
705 3665 786 3718 St.
823 3665 912 3726 Β.,
955 3662 1218 3716 Κόθωκος
1255 3681 1323 3715 ex
1357 3665 1603 3730 Theogn.
1677 3663 1898 3717 Ἰωλκός
1935 3665 2154 3730 explevi
2190 3680 2257 3714 ex
2295 3665 2374 3715 St.
2411 3666 2475 3717 Β.
2511 3667 2629 3727 343,
2666 3666 2715 3714 4.
2887 3665 2925 3714 1.
2964 3669 2995 3716 9

412 3733 486 3785 ad
523 3732 782 3797 μόνοικος
817 3733 987 3782 verba
1024 3731 1137 3782 ἔςτι
1173 3732 1264 3782 καὶ
1298 3761 1365 3769 -
1400 3731 1694 3797 Λιγυςτική
1732 3732 1923 3784 addidi
1959 3749 2026 3784 ex
2063 3731 2143 3782 St.
2169 3732 2253 3795 Β.,
2291 3749 2356 3783 ex
2395 3732 2588 3783 eodem
2613 3730 2993 3784 Μοςςύνοικος

413 3810 469 3854 et
504 3802 563 3852 in
598 3801 704 3852 fine
739 3798 809 3851 τὸ
845 3798 906 3851 δὲ
942 3798 1200 3864 ἄγροικος
1236 3800 1354 3851 κτλ.
1391 3817 1460 3851 ex
1495 3800 1577 3853 St.
1612 3803 1678 3852 B.
1716 3819 1759 3853 s.
1796 3798 1994 3865 ἀγρός,
2030 3801 2127 3850 ubi
2163 3815 2302 3865 quae
2343 3800 2409 3850 de
2449 3800 2717 3852 derivatis
2753 3806 2810 3851 et
2847 3818 2992 3852 com-

410 3870 608 3936 positis
645 3869 714 3920 ab
752 3867 920 3933 ἀγρός
954 3868 1274 3930 traduntur,
1312 3885 1378 3920 ex
1402 3868 1723 3919 Herodiano
1748 3870 2042 3932 fluxerunt,
2081 3867 2362 3920 ςυνθέτως
2398 3867 2656 3933 ἄγροικος
2694 3868 2785 3919 καὶ
2809 3866 2992 3933 ἀγροῖ-

411 3953 525 3992 κος.
575 3936 1064 3989 Grammaticorum
1088 3935 1369 3987 discordes
1405 3937 1716 3988 sententias
1740 3937 1807 3987 de
1834 3937 2148 3989 discrimine
2174 3942 2435 3987 accentus
2458 3938 2669 4002 profert
2693 3936 2992 4002 Goettling.

412 4007 480 4057 de
518 4011 732 4060 accent.
773 4022 823 4070 p.
850 4006 968 4056 322.
1006 4032 1068 4041 -
1106 4004 1332 4056 Excidit
1369 4021 1547 4057 canon
1583 4006 1649 4055 de
1687 4006 1976 4058 vocabulis
2009 4006 2068 4056 iu
2103 4009 2296 4070 ξυιὶδὲ,
2337 4019 2476 4069 quae
2514 4020 2639 4055 rara
2676 4007 2735 4055 et
2806 4007 2992 4070 ropria

409 4080 538 4126 sunt
569 4091 615 4126 e.
652 4091 704 4141 g.
742 4071 1013 4125 (ἐλευκος
1051 4074 1131 4124 St.
1165 4074 1228 4126 Β.
1264 4075 1382 4136 560,
1420 4077 1483 4125 10
1520 4079 1577 4124 et
1611 4071 1897 4126 Ζάλευκος
1933 4078 2396 4139 proparoxytona.
2585 4072 2621 4122 l.
2659 4074 2723 4123 15
2800 4073 2989 4127 ὔνικος

409 4145 603 4210 scripsi
638 4158 758 4194 cum
793 4143 960 4192 Mein.
995 4142 1124 4195 hist.
1162 4142 1283 4192 crit.
1318 4144 1417 4193 249
1453 4158 1548 4208 pro
1583 4142 1806 4193 Arcadii
1841 4141 2064 4193 Ἀνικος
2101 4146 2158 4191 et
2193 4139 2535 4207 Theognosti
2571 4138 2807 4192 Αἴνικος.
2870 4141 2991 4195 Κάϊ-

411 4226 509 4263 κος
544 4211 765 4278 explevi
802 4226 869 4261 ex
905 4211 1064 4262 Eust.
1100 4212 1219 4272 890,
1259 4212 1346 4260 17:
1388 4208 1646 4273 Γρήνικος
1684 4208 2172 4275 προπαροξύνεται
2207 4208 2350 4260 κατὰ
2384 4209 2455 4259 τὸ
2481 4206 2795 4261 Ἑλλάνικος
2833 4210 2989 4262 Ξένι-

410 4293 506 4332 κος
553 4278 947 4344 Ἀριςτόνικος·
991 4277 1100 4343 ἤδη
1142 4276 1203 4329 δὲ
1251 4277 1341 4329 καὶ
1389 4276 1586 4330 Κάῖκος
1632 4278 1912 4342 ποταμός,
1961 4276 2095 4329 ὅθεν
2140 4277 2282 4329 κατὰ
2327 4275 2433 4327 τὸν
2474 4277 2737 4340 τεχνικὸν
2782 4277 2988 4343 ἄνεμος

414 4345 659 4411 Καικίας,
687 4346 766 4399 ὡς
803 4346 1017 4398 ἐκεῖθεν
1051 4344 1248 4398 πνέων
1284 4363 1353 4398 ex
1386 4362 1494 4412 quo
1528 4347 1649 4396 loco
1673 4347 1881 4413 sumpsi
1906 4345 2073 4395 etiam
2096 4342 2409 4397 Ἑλλάνικος
2437 4343 2824 4411 Ἀριςτόνικος,
2862 4364 2990 4399 nam

410 4415 641 4468 Ξένικος
667 4432 736 4466 ex
756 4412 980 4467 Εὔνικος
1000 4420 1312 4480 corruptum
1337 4415 1555 4466 videtur
1577 4416 1788 4479 pariter
1808 4419 1977 4479 atque
1996 4411 2333 4479 Φίλικοςοῳ.
2356 4412 2550 4462 Arcad.
2575 4430 2672 4479 pro
2696 4431 2802 4480 quo
2823 4413 2989 4468 Φιλό-

410 4498 559 4536 νικος
585 4486 763 4550 posni.
806 4483 888 4534 Ad
915 4482 1130 4546 βοεικός
1154 4482 1345 4532 addidi
1379 4498 1445 4533 ex
1469 4481 1673 4533 Herod.
1699 4483 1855 4534 Orth.
1888 4498 1974 4547 sp.
2012 4482 2206 4533 Choer.
2231 4481 2320 4533 Cr.
2349 4481 2407 4531 II
2446 4483 2565 4533 183:
2602 4481 2759 4544 βοϊκὰ
2791 4482 2989 4549 ζεύγη·

409 4556 442 4603 ἶ
464 4551 501 4616 ἡ
530 4549 841 4616 παράδοςις.
888 4549 1228 4616 Ἡρωδιανὸς
1253 4550 1314 4602 δὲ
1339 4549 1647 4614 δίφθογγον
1679 4549 1839 4616 αὐτῷ
1865 4548 2061 4602 ἔταξεν
2085 4547 2147 4600 ἐν
2170 4552 2241 4615 τῇ
2268 4546 2633 4617 ὀρθογραφίᾳ.
2667 4556 2726 4602 et
2748 4568 2891 4616 qnae
2919 4553 2986 4604 de

409 4636 648 4686 syncope
684 4620 831 4670 dicta
865 4625 1017 4682 sunt,
1056 4635 1124 4670 ex
1159 4619 1349 4670 eodem
1374 4619 1568 4670 Choer.
1596 4620 1711 4682 196,
1736 4620 1770 4669 8
1801 4616 2172 4671 Δεκελειακός
2208 4618 2299 4668 καί
2335 4616 2477 4669 κατὰ
2503 4619 2790 4683 ςυγκοπὴν
2814 4620 2986 4672 Δεκε-

411 4688 619 4752 λεικός,
667 4703 827 4754 qnam
873 4688 1179 4739 Herodiani
1224 4688 1555 4739 sententiam
1604 4686 1774 4737 fuisse
1820 4691 1984 4753 putat
2029 4687 2198 4737 etiam
2243 4687 2381 4739 Lob.
2418 4686 2589 4738 Proll.
2626 4690 2742 4741 331.
2818 4687 2983 4754 Κερα-

413 4756 598 4818 μεικός
632 4758 712 4807 ita
746 4755 1121 4807 Herodianum
1157 4756 1528 4822 explicavisse
1563 4754 1886 4805 sumendum
1923 4760 2030 4814 est,
2067 4760 2130 4804 ut
2163 4770 2250 4820 ap.
2278 4754 2473 4807 Choer.
2507 4755 2743 4824 legimns
2777 4774 2832 4823 p.
2856 4761 2983 4810 233:

413 4822 681 4888 κεραμεύς
715 4826 819 4874 τοῦ
857 4822 1144 4888 κεραμέως
1179 4828 1263 4890 τῷ
1300 4822 1528 4889 κεραμέϊ
1563 4822 1905 4888 κεραμεικός.
1955 4821 2191 4886 Καμικός
2229 4822 2448 4888 explevi
2485 4841 2551 4875 ex
2588 4828 2668 4880 St.
2691 4831 2752 4882 B.
2788 4828 2872 4890 49,
2901 4828 2981 4893 18,

412 4893 506 4957 qui
541 4894 709 4943 etiam
742 4891 989 4944 Παλικός
1024 4899 1408 4944 commemorat
1439 4895 1558 4955 496,
1586 4895 1626 4944 ,9
1664 4897 1723 4942 et
1760 4889 2016 4956 Γράνικος
2051 4894 2169 4954 212,
2210 4893 2294 4943 17.
2466 4893 2502 4943 l.
2538 4897 2604 4947 25
2640 4902 2783 4954 hunc
2817 4921 2983 4957 cano-

409 4976 532 5011 nem
569 4976 633 5011 εκ
669 4960 812 5011 Mon.
848 4962 941 5024 20,
981 4963 1042 5011 19
1087 4962 1295 5026 sumpsi
1337 4963 1585 5013 inserens
1621 4959 1999 5026 προςηγορικὰ
2043 4959 2078 5024 ἢ
2125 4958 2284 5025 κύρια
2329 4966 2554 5028 propter
2598 4986 2865 5024 canonem
2899 4992 2982 5026 ΒΘ-
