3664 5546
678 275 763 339 80
1616 275 1698 329 ΕΚ
1736 275 1877 329 ΤΩΝ
1919 275 2328 331 ΗΡΩΔΙΑΝΟΥ

677 447 1239 530 πρωτοπαγής,
1314 445 1801 530 ἀριφραδής,
1887 447 2331 528 διοπειθής,
2415 447 2947 529 πολυδευκής,
3034 446 3265 525 ἀϊδής

678 549 1080 627 «δυςμενέων
1126 549 1192 613 δ’
1237 549 1459 628 ἀὶδής»
1522 549 1689 625 λέγει
1745 549 2166 630 Βακχυλίδης,
2222 548 2303 613 οὗ
2357 551 2433 613 τὸ
2481 549 2830 628 οὐδέτερον
2875 548 3051 614 ἀῑδές
3109 554 3267 614 «τοῦ

676 652 748 715 δὲ
792 652 1006 733 τάφον
1050 652 1157 715 καὶ
1209 652 1353 729 ςῆμ’
1409 650 1584 714 ἀῑδὲς
1637 650 1961 730 ποίηςεν».
2047 650 2341 716 Ἡςίοδος
2395 650 2605 734 (Scut.
2655 650 2843 734 447),
2901 651 3265 732 Ἀριφρά-

677 758 815 832 δης
861 754 1082 829 δὲκαὶ
1122 752 1594 835 Διοπείθης,
1638 751 2183 835 Πολυδεύκης,
2229 753 2481 832 Ἀΐδης
2523 755 2605 818 τὰ
2647 754 2833 845 κύρια
2878 753 3265 834 βαρύνονται

613 871 646 920 5
679 856 770 920 ὼς
814 858 917 920 καὶ
959 856 1036 920 τό
1082 855 1644 935 Ἀριςτοφάνης
1688 853 2114 934 Διομήδης.
2204 855 2439 934 ὁμοίως
2496 855 2834 922 ὀξύνονται
2891 857 2993 920 καὶ
3045 856 3126 919 τὰ
3178 856 3269 920 εἰς

674 961 786 1021 fo}
840 959 957 1037 τὴν
1011 958 1268 1036 γενικὴν
1324 960 1668 1038 ποιοῦντα,
1726 956 2092 1040 ἡμιθνὴς,
2158 957 2511 1041 ἡμιτρής,
2575 958 2932 1039 ἑπιβλής·
2996 959 3097 1021 διὸ
3167 959 3269 1021 καὶ

674 1060 850 1137 παρὰ
881 1059 1317 1141 Ἀριςτοφάνει
1350 1056 1582 1143 (Vesp.
1618 1057 1774 1139 590)
1812 1057 2017 1123 τὸ,«ὁ
2061 1058 2255 1138 μέγας
2295 1057 2488 1125 οὗτος
2530 1061 2989 1139 κολακώνυμος
3046 1059 3264 1124 ἀςπι-

676 1162 1158 1244 δαποβλής»,
1213 1161 1251 1226 ὅ
1309 1162 1434 1225 ἐςτι
1494 1160 1828 1242 ῥίψαςπις,
1892 1161 2091 1225 καίτοι
2158 1161 2227 1225 ἐκ
2280 1165 2476 1238 τριῶν
2532 1162 2941 1241 ςυγκείμενον
3006 1161 3266 1243 λέξεων,

675 1264 849 1343 ὅμως
894 1262 1210 1329 ὀξύνεται·
1256 1262 1336 1327 οὐ
1381 1265 1592 1328 καλῶς
1637 1261 1757 1329 οὖν
1800 1263 1878 1327 τὸ
1924 1263 2185 1343 ἐπιβλής
2230 1264 2487 1343 βαρύνει
2534 1263 2967 1347 Ἀρίςταρχος,
3011 1263 3109 1327 ὅτι
3157 1268 3266 1327 δο-

580 1382 642 1433 10
676 1365 788 1430 κός
831 1365 1013 1429 ἐςτιν.
1103 1365 1182 1430 οὐ
1226 1365 1349 1444 γάρ
1394 1365 1518 1430 ἑςτι
1565 1366 1717 1444 βλής
1763 1365 2250 1445 μονοςύλλαβον
2295 1366 2442 1430 καθ’
2486 1366 2678 1431 ἑαυτὸ
2729 1367 2835 1430 ἐπὶ
2876 1365 3111 1444 ταύτης
3154 1369 3268 1442 τῆς

676 1467 959 1549 ἐννοίας,
1014 1467 1125 1533 ἵνα
1178 1467 1248 1534 ἐν
1295 1468 1573 1533 ςυνθέςει
1630 1467 1975 1547 βαρύνηται
2021 1467 2234 1546 ὥςπερ
2288 1469 2365 1533 τὸ
2427 1469 2590 1548 Κρής
2634 1467 2975 1548 Ἐτεόκρης.
3065 1467 3266 1546 Βαρύ-

673 1589 897 1634 νονται
955 1571 1025 1634 δὲ
1079 1571 1160 1634 τὰ
1214 1571 1388 1647 παρὰ
1444 1570 1521 1634 τὸ
1578 1569 1713 1634 ὄλω
1770 1570 2170 1651 πανώλης,
2227 1570 2549 1653 ἐξώλης,
2605 1570 2975 1649 προώλης
3030 1571 3135 1634 καὶ
3187 1571 3268 1633 τά

675 1672 850 1750 παρὰ
903 1673 979 1736 τὸ
1032 1671 1210 1750 ἀρκῶ
1272 1672 1695 1753 αὐτάρκης,
1761 1670 2167 1751 ποδάρκης
2220 1707 2307 1719 -
2360 1671 2639 1751 ςημαίνει
2692 1674 2810 1739 τὸν
2864 1672 3067 1753 ταχὺν
3121 1673 3269 1751 περὶ

675 1774 790 1838 τὸν
822 1773 1065 1853 δρόμον
1097 1772 1136 1837 ὁ
1163 1777 1303 1839 τοῖς
1348 1775 1496 1837 ποςὶ
1538 1776 1676 1837 τοῖς
1722 1773 1956 1838 ἑαυτοῦ
2001 1772 2301 1852 ἐπαρκεῖν
2342 1775 2699 1855 δυνάμενος
2743 1775 2909 1853 πρὸς
2952 1776 3030 1839 τὸ
3076 1775 3266 1839 ὑπεκ-

583 1894 639 1942 15
675 1880 911 1956 φυγεῖν
955 1876 994 1955 ἢ
1041 1876 1292 1941 διώκειν
1335 1875 1491 1940 τοὺς
1535 1875 1900 1955 πολεμίους.
1999 1875 2285 1955 Ὅμηρος
2316 1878 2684 1957 «ποδάρκης
2715 1880 2857 1942 δῖος
2902 1877 3265 1956 Ἀχιλλεύς»

675 1980 752 2061 (Α
802 1978 967 2059 121).
1054 1978 1180 2043 ἔςτι
1225 1979 1297 2043 δὲ
1342 1977 1444 2041 καὶ
1487 1977 1696 2057 ὄνομα
1740 1977 1979 2057 κύριον.
2058 1977 2299 2058 ὤφειλε
2347 1981 2419 2043 δὲ
2463 1978 2628 2045 εἶναι
2673 1980 3001 2059 ποδαρκής
3047 1978 3266 2045 ὀξυτό-

585 2094 593 2103 ·
674 2102 805 2147 νως
864 2082 954 2146 ὡς
1010 2080 1335 2163 ἐπίθετον,
1398 2079 1565 2145 ἀλλὰ
1622 2080 2023 2165 ςεςημείωται
2077 2082 2158 2144 τὰ
2216 2082 2392 2160 παρὰ
2455 2081 2532 2145 τὸ
2600 2080 2791 2159 ἀρκῶ.
2888 2080 3127 2156 γίνεται
3196 2081 3268 2145 δὲ

674 2185 712 2261 ἡ
769 2185 1022 2263 κλητικὴ
1076 2183 1395 2260 πόδαρκες
1452 2183 1543 2247 ώς
1597 2181 1932 2261 αὔταρκες·
1989 2183 2092 2246 καὶ
2143 2183 2220 2247 τὸ
2276 2182 2626 2262 οὐδέτερον
2679 2183 2999 2262 ποδαρκές
3045 2181 3264 2250 ὀξυτό-

675 2306 834 2369 νως,
902 2290 1033 2351 τῶν
1095 2284 1315 2351 ἄλλων
1380 2284 1916 2365 ὁμοφωνούντων
1980 2291 2057 2370 τῇ
2124 2288 2379 2370 κλητικῇ
2445 2290 2563 2350 τοῦ
2626 2284 2979 2364 ἀρςενικοῦ.
3093 2305 3265 2363 ςεςη-

571 2402 640 2453 2²0
675 2387 929 2466 μείωται
975 2389 1045 2452 δὲ
1100 2389 1204 2452 καὶ
1254 2388 1334 2452 τὰ
1388 2387 1563 2467 παρὰ
1617 2388 1694 2452 τό
1750 2386 1926 2452 ἀντῶ
1982 2408 2027 2451 π
2041 2406 2175 2465 ρος
2195 2387 2432 2467 άντης
2487 2389 2591 2452 καὶ
2641 2390 2722 2453 τὰ
2777 2388 2952 2466 παρὰ
3004 2388 3082 2453 τό
3128 2386 3265 2451 ἅδω

673 2490 1036 2568 αὐθάδης.
1125 2490 1217 2554 Τὰ
1263 2490 1479 2570 με’ντοι
1523 2490 1700 2567 παρὰ
1744 2488 1912 2569 ῥῆμα
1956 2490 2223 2554 ςύνθετα
2277 2490 2366 2554 εἰς
2420 2493 2503 2552 ffi
2559 2490 2796 2570 ἔχοντα
2848 2491 2965 2568 τὴν
3008 2491 3265 2568 γενικὴν

673 2592 1008 2672 βαρύνεται
1052 2591 1198 2657 οἷον
1229 2596 1431 2657 πωλῶ
1461 2588 2023 2676 παντοπώλης,
2067 2596 2278 2671 μετρῶ
2321 2592 2805 2674 γεωμέτρης,
2848 2590 3042 2671 τρίβω
3088 2611 3262 2656 παι-

673 2694 1068 2777 δοτρίβης,
1114 2694 1361 2776 ὀφείλω
1407 2694 1942 2778 χρεωφείλης,
2000 2695 2197 2776 βαίνω
2252 2694 2679 2778 ναυβάτης,
2737 2697 2892 2771 μιςῶ
2948 2692 3262 2771 ἑργομί-

672 2818 831 2880 ςης,
874 2797 1094 2862 τύπτω
1137 2797 1716 2877 πατροτύπτης.
1773 2798 1851 2861 τὸ
1898 2797 2114 2876 μέντοι
2170 2798 2617 2878 φιλαλήθης
2675 2798 2777 2860 καὶ
2834 2797 3261 2877 μιςαλήθης

571 2916 637 2966 25
674 2902 777 2964 καὶ
820 2899 1109 2979 εὐήθης
1153 2900 1255 2964 καὶ
1296 2901 1689 2980 κακοήθης
1733 2899 2092 2979 παρώνυμά
2135 2899 2317 2984 εἰςιν,
2363 2899 2444 2964 οὐ
2489 2900 2663 2978 παρὰ
2709 2898 2890 2978 ῥῆμα.

841 3002 937 3066 Τὰ
978 3002 1142 3080 παρ’
1186 3001 1495 3080 οὐδέτερα
1540 3002 1888 3082 διςύλλαβα
1930 3003 2020 3067 εἰς
2065 3007 2138 3065 ὃ“ς
2185 3003 2497 3084 λήγοντα,
2549 3002 2631 3080 μὴ
2675 3007 2768 3085 τῷ
2812 3004 2851 3078 ἦ
2896 3000 3260 3079 παραληγό-

672 3125 863 3187 μενα,
909 3103 1348 3185 ςυντιθέμενα,
1406 3103 1498 3168 εἰς
1539 3106 1615 3182 ῆὶ
1661 3104 1975 3186 λήγοντα,
2031 3103 2327 3184 ἀρςενικὰ
2382 3103 2669 3183 ὀνόματα
2721 3102 3011 3171 ὀξύνεται
3057 3103 3260 3168 ἐπιθε-

671 3207 812 3271 τικὰ
841 3204 1022 3289 ὄντα,
1052 3203 1229 3271 εἶδος
1258 3205 1608 3289 εὐειδής,
1640 3205 1837 3286 βάθος
1870 3204 2350 3287 «ἀγχιβαθής
2382 3208 2454 3272 δὲ
2484 3206 2802 3272 θάλαςςα»
2834 3203 2990 3288 (Od.
3021 3226 3052 3270 ε
3081 3204 3261 3289 413),

673 3427 1061 3494 πρωτοπαγής
1099 3444 1166 3479 cx
1204 3429 1398 3482 Chocr.
1435 3431 1518 3494 55,
1559 3430 1641 3493 18,
1678 3427 1989 3496 ἀριφραδής
2026 3430 2227 3481 Choer.
2256 3433 2370 3495 138,
2394 3432 2427 3481 8
2463 3435 2519 3481 et
2556 3430 2669 3494 127,
2706 3427 2991 3494 διοπειθής
3014 3427 3257 3493 Theogn.

669 3501 757 3561 44,
787 3500 849 3547 12
887 3505 942 3548 et
978 3497 1171 3548 Chocr.
1194 3501 1279 3561 48,
1306 3500 1398 3561 28,
1436 3496 1787 3564 πολυδευκής
1813 3502 1959 3560 Arc.,
1998 3497 2156 3563 ἀϊδής
2182 3498 2358 3564 Epim.
2385 3499 2543 3549 Hom.
2572 3500 2654 3553 65.
2691 3500 2789 3558 22;
2839 3497 2872 3547 l.
2899 3501 2931 3547 5
2968 3495 3047 3547 ὡς
3074 3494 3256 3547 καὶτὸ

675 3564 1082 3630 Ἀριςτοφάνης
1117 3566 1208 3616 καὶ
1245 3565 1531 3632 Διομήδης
1568 3583 1634 3617 ex
1672 3566 1870 3617 Choer.
1902 3570 1987 3630 48,
2025 3570 2107 3621 28.
2181 3567 2290 3617 Hic
2329 3568 2566 3618 fortasse
2606 3566 2773 3615 etiam
2811 3570 3111 3614 memorata
3150 3564 3259 3613 fuc-

673 3640 800 3684 runt
835 3633 1042 3698 εὐαγής
1079 3641 1135 3684 et
1160 3632 1376 3701 Εὐάγης
1403 3633 1733 3700 Ὑδρεάτης,
1771 3633 2072 3702 κωμῳδίας
2098 3633 2363 3700 ποιητής,
2403 3633 2482 3686 ὡς
2508 3633 2798 3686 Διονύςιος
2823 3630 3060 3698 είκοςτῷ
3086 3628 3257 3697 τρίτῳ

671 3704 775 3766 τῆς
812 3705 1073 3767 μουςικῆς
1109 3701 1377 3768 ίςτορίας,
1415 3702 1488 3768 ἦν
1522 3703 1585 3755 δὲ
1630 3703 1663 3753 ὁ
1700 3701 1919 3769 Εὐάγης
1965 3703 2180 3767 ποιμήν
2224 3716 2309 3754 τις
2356 3700 2715 3768 ἀγράμματος
2761 3700 2974 3766 δηλαδὴ
3022 3701 3121 3751 καὶ·
3158 3700 3257 3762 τῆς

672 3769 848 3835 ἄλλης
885 3769 1137 3822 παιδείας
1174 3770 1422 3836 ἄπειρος,
1461 3771 1701 3836 ποιητὴς
1738 3771 1797 3822 δ’
1834 3770 2044 3835 ἀγαθὸς
2081 3771 2419 3838 κωμῳδιῶν,
2458 3787 2583 3821 nam
2620 3771 2707 3820 hic
2745 3770 2901 3820 locus
2937 3769 3191 3833 Dionysii
3226 3781 3258 3815 a

672 3840 953 3904 Stephano
990 3841 1136 3902 (646,
1171 3843 1228 3902 4)
1275 3857 1344 3890 cx
1389 3841 1727 3901 Hei-odinum
1769 3857 1930 3905 quem
1975 3842 2234 3903 Dionysii
2277 3842 2485 3905 scripta
2534 3839 2737 3903 legisse
2784 3853 2851 3886 ex
2891 3836 3096 3887 Suidae
3145 3836 3257 3885 vita

670 3909 962 3957 coniectari
1001 3908 1150 3966 licet,
1188 3909 1498 3973 exscriptus
1524 3924 1644 3958 esse
1679 3908 1913 3960 videtur.
1964 3909 2151 3960 Iacobi
2178 3909 2233 3957 in
2262 3908 2562 3972 exemplari
2590 3923 2687 3956 suo
2710 3906 2875 3956 affert
2899 3905 3085 3955 Photii
3121 3905 3258 3970 glos-

671 3991 811 4025 sam:
850 3974 1169 4042 Περιάλγης
1206 3969 1285 4027 ώς
1321 3974 1603 4041 Περιήρης
1638 3979 1724 4040 τῷ
1760 3976 1919 4042 τόνῳ
1957 3975 2100 4027 κατὰ
2134 3978 2240 4026 τοῦ
2277 3974 2557 4040 δράματος
2593 3972 2989 4026 Πλατωνικοῦ.
3162 3971 3194 4021 1.
3229 3973 3260 4019 5

670 4060 935 4095 canonem
981 4045 1049 4095 de
1095 4044 1381 4095 vocabulis
1427 4046 1485 4094 in
1530 4048 1597 4108 ῆὶ
1632 4047 1766 4109 ῆτῖῖς
1813 4046 2021 4110 sumpsi
2066 4061 2134 4094 ex
2180 4046 2437 4095 Eustath.
2478 4045 2635 4106 1359,
2675 4046 2704 4093 7
2751 4040 2991 4106 ἡμιθνὴς
3025 4036 3258 4104 ἡμιτρής

671 4112 883 4163 addens
920 4129 988 4163 ex
1025 4112 1222 4163 Chocr.
1257 4115 1349 4174 54,
1390 4115 1451 4164 1‘1
1491 4113 1743 4165 consulto
1790 4114 1958 4162 ctiam
2005 4113 2176 4163 simili
2225 4112 2346 4162 loco
2383 4113 2445 4166 E,
2485 4112 2557 4164 M.
2594 4113 2720 4173 358,
2756 4113 2789 4160 9
2834 4110 2982 4160 unde
3031 4107 3258 4175 apposui

671 4179 760 4231 ὅτι
804 4178 972 4232 δοκὸς
1017 4178 1167 4232 ἐςτιν
1208 4196 1381 4246 usque
1428 4180 1501 4230 ad
1548 4179 1844 4247 Ἐτεόκρης
1890 4181 1926 4231 1.
1973 4183 2062 4243 11,
2117 4196 2243 4230 nam
2289 4179 2640 4231 Aristarchus
2691 4185 2987 4244 propterea
3030 4173 3257 4239 ἐπιβλής

670 4264 934 4314 gravasse
970 4248 1216 4310 videtur,
1257 4248 1402 4314 quod
1437 4264 1545 4299 non
1582 4250 1944 4311 adisctivum,
1983 4249 2083 4299 sod
2117 4249 2523 4300 substantivum
2561 4248 2651 4296 sit.
2822 4246 2858 4300 l.
2899 4249 2960 4296 11
2999 4257 3258 4295 canonem

669 4318 737 4366 de
776 4318 1085 4369 nominibus
1121 4318 1192 4367 ab
1230 4317 1379 4382 ὀλω,
1418 4314 1602 4382 ἀρκῶ,
1640 4317 1826 4381 ἀντῶ,
1863 4314 1984 4366 ἅδω
2022 4316 2195 4383 petivi
2231 4333 2298 4366 cx
2332 4316 2531 4370 Arcad.
2571 4317 2686 4378 117,
2724 4317 2813 4377 19,
2852 4315 2915 4363 Ε.
2951 4313 3025 4362 Μ.
3061 4314 3178 4375 628,
3210 4311 3257 4366 2.

669 4385 845 4451 Epim.
881 4388 1041 4437 Hom.
1076 4387 1194 4448 348,
1234 4389 1316 4450 16,
1354 4387 1496 4436 unde
1536 4387 1603 4436 de
1642 4385 1943 4451 ποδάρκης.
2141 4385 2176 4436 l.
2212 4389 2274 4435 21
2316 4391 2669 4451 praeceptum
2707 4383 2775 4432 de
2810 4381 3132 4433 verbalibus
3164 4391 3259 4445 per

670 4457 737 4507 ὀυ
774 4455 1072 4506 declinatis
1105 4454 1225 4519 ipsc
1264 4456 1591 4504 concinnavi
1631 4455 1766 4506 duce
1804 4453 2000 4504 Chocr.
2037 4456 2125 4512 54,
2166 4456 2254 4514 10,
2299 4453 2477 4517 Epim.
2515 4453 2717 4503 Psalm.
2758 4453 2844 4514 18,
2884 4453 2944 4500 11
2994 4466 3091 4514 pro
3127 4460 3255 4512 προ·

668 4521 889 4587 τύπτης
934 4538 1001 4572 cx
1050 4521 1339 4573 Constant.
1410 4523 1637 4573 Lascar.
1693 4522 1892 4586 scripsi
1938 4520 2361 4586 πατροτύπτης.
2567 4519 2602 4574 l.
2638 4523 2706 4571 26
2757 4534 2854 4585 pro
2897 4517 3122 4569 Arcadii
3174 4530 3255 4564 ca-

669 4607 837 4641 none:
882 4589 954 4641 τὰ
998 4587 1078 4642 είς
1123 4594 1189 4654 ης
1235 4588 1396 4653 κύρια
1450 4587 1567 4640 ἀπὸ
1608 4592 1733 4640 τῶν
1788 4587 1866 4640 εἰς
1910 4593 1973 4640 ὅς
2028 4588 2350 4652 οὐδετέρων
2406 4587 2644 4640 ςύνθετα
2698 4585 3024 4651 βαρύνεται,
3073 4582 3254 4648 Δημο-

670 4657 762 4710 ςθέ
841 4672 894 4721 ς,
933 4656 1209 4723 Διογένης
1263 4657 1355 4709 καί
1389 4655 1461 4708 τὰ
1498 4655 1702 4720 ἔχοντα
1746 4659 1782 4720 ῆ
1821 4655 1884 4708 ἐν
1928 4661 2000 4723 τῇ
2042 4655 2444 4721 παραληγούςῃ
2488 4655 2603 4708 ἀπὸ
2646 4651 2975 4718 διςυλλάβου
3019 4652 3254 4736 ςυνήθης

670 4741 810 4778 κακο
849 4728 966 4792 θης.
1045 4726 1117 4778 τὰ
1160 4725 1223 4777 δὲ
1259 4726 1334 4789 μὴ
1371 4727 1607 4777 τοιαῦτα
1642 4722 1899 4790 ἐπίθετα,Ι
1921 4725 2179 4778 ὀξύνεται
2224 4723 2487 4790 εὐγενής,
2523 4723 2757 4790 ἀγενής,
2796 4721 3064 4787 εὐμενής,
3102 4732 3255 4772 euw-

670 4795 770 4859 χής
821 4797 940 4861 ipsc
996 4812 1060 4844 ex
1117 4796 1359 4846 sontibus
1413 4794 1782 4846 Ilcrodianeis
1836 4794 1965 4843 finxi
2020 4809 2284 4844 canonem
2329 4801 2385 4843 et
2439 4792 2659 4859 quidem
2704 4793 2995 4842 maximam
3049 4795 3253 4856 partem
