3664 5546
1132 364 1291 418 ΠΕΡΙ
1330 362 1723 418 ΚΑΘΟΛΙΚΗ(
1758 360 2181 417 ΠΡΟΕΩιΔΙΑ(
2222 362 2290 414 Ις.
2886 358 3013 423 463

580 522 689 599 ’Τὰ
742 533 831 598 εἰς
885 536 967 596 ib*
1021 533 1199 612 τρίτα
1251 537 1383 597 τῶν
1438 532 1745 597 εὐκτικῶν
1810 530 2116 608 ὁμοτονεῑ
2168 533 2307 595 τοῖς
2364 527 2617 594 οἰκείοις
2670 528 3016 610 δευτέροις,

425 640 616 701 νοοῖο
651 638 979 718 νοοῖτο,
1034 635 1306 699 τύπτοιο
1350 634 1759 715 τύπτοιτο,
1817 639 2059 715 μεμνῇο
2116 637 2459 716 μεμνῇτο
2517 631 2609 694 ῶς
2650 628 2811 707 παρ’
2854 628 3015 707 Ἀρι-

427 738 732 818 ςτοφάνει
798 737 871 801 έν
925 735 1207 816 Πλούτῳ
1274 732 1556 816 δευτέρῳ
1625 731 1772 796 «ἵνα
1825 730 2072 809 τούμὸν
2123 730 2376 811 ἱμάτιον
2442 735 2673 811 φορῶν
2740 729 3017 813 μεμνῇτό

426 857 628 919 μου»,
685 840 947 919 μεμνῷο
1005 854 1092 913 με
1105 839 1365 915 μνῷτο
1409 832 1586 909 παρὰ
1628 831 2016 911 Ξενοφῶντι
2060 833 2133 897 ἐν
2182 832 2392 911 Κύρου
2434 832 2724 898 παιδείας
2776 831 3016 915 πρώτῳ

425 938 528 1020 (6,
574 938 643 1018 3)
690 936 872 1000 «ἀλλ’
916 936 1024 1015 ὅτε
1069 936 1151 1000 τὰ
1193 933 1411 1013 ἄριςτα
1453 933 1755 1012 πράττοι,
1801 934 1948 997 τότε
1992 934 2255 1012 μάλιςτα
2297 935 2415 1000 τὸν
2459 936 2613 998 θεὸν
2657 939 2951 1017 μεμνῷτο
2965 956 3013 997 ».
3056 947 3090 997 5

426 1039 720 1123 μεμνέῳο
767 1037 1207 1118 μεμνέῳτο,
1253 1033 1387 1098 «ὡς
1431 1033 1761 1115 μεμνέῳτο
1808 1033 2092 1114 δρόμου»
2140 1035 2228 1117 (Ψ
2270 1034 2426 1116 361)

596 1138 692 1201 Τὰ
735 1138 823 1201 εἰς
868 1141 946 1201 ’τῦ
991 1136 1172 1214 τρίτα
1212 1141 1345 1200 τῶν
1390 1135 1721 1213 ὁριςτικῶν
1767 1134 2276 1216 ὑπερδιςύλλαβα
2319 1136 2479 1202 ὄντα
2520 1137 2666 1201 τότε
2710 1155 3016 1215 προπερι-

429 1244 743 1321 ςπῶνται,
799 1236 908 1301 ὅτε
961 1237 1042 1301 τὰ
1096 1237 1345 1301 ἑαυτῶν
1401 1237 1670 1315 δεύτερα
1723 1241 2188 1321 περιςπῶνται,
2246 1238 2443 1303 ένοοῦ
2500 1237 2846 1303 ένοεῖτο·
2908 1238 3016 1303 ὅτε

428 1344 500 1407 δὲ
542 1341 624 1405 τὰ
666 1339 936 1417 δεύτερα
977 1339 1059 1418 μὴ
1102 1340 1508 1419 περιςπᾶται,
1564 1338 1645 1400 τὰ
1686 1338 1865 1415 τρίτα
1907 1340 2543 1423 προπαροξύνονται,
2600 1340 2796 1406 ἐδέξω
2848 1339 3017 1403 ἐδέ-

428 1450 652 1525 ξατο,
710 1441 941 1517 ἐγένου
995 1439 1335 1515 έγένετο.
1423 1438 1540 1516 ἧςο
1595 1440 1669 1501 δὲ
1720 1439 1798 1501 τὸ
1854 1440 2124 1515 καθέζου
2177 1441 2281 1503 καὶ
2333 1439 2476 1517 ἦτο
2529 1441 2606 1506 τὸ
2649 1441 2866 1520 τρίτον
2915 1441 3020 1504 καὶ
3058 1452 3123 1504 10

430 1548 816 1626 πλεοναςμῷ
858 1545 977 1605 τοῦ
1021 1542 1055 1604 ἒ
1098 1540 1285 1619 ἧςτο
1328 1544 1908 1619 προπεριςπῶνται.

601 1646 747 1710 Πᾶν
802 1644 1290 1723 μονοςύλλαβον
1344 1643 1803 1721 προστακτικὸν
1861 1643 2664 1722 μακροκαταληκτούμενον
2717 1644 3018 1731 περιςπᾶ-

432 1768 566 1831 ται,
608 1750 782 1830 θλᾶ,
826 1747 1000 1827 κλᾶ,
1046 1748 1164 1827 ζῆ,
1205 1748 1294 1821 τῆ
1339 1743 1481 1808 ἀντὶ
1521 1747 1641 1807 τοῦ
1686 1744 1874 1808 δέξαι.
1964 1745 2561 1823 βραχυκατάληκτον
2606 1746 2678 1810 δὲ
2707 1744 3021 1828 ὀξύνεται,

435 1850 650 1931 ςπές,
697 1847 901 1928 ςχές,
946 1846 1054 1928 ἕς,
1099 1844 1223 1924 ἀφ’
1267 1844 1348 1908 οὗ
1390 1846 1469 1909 τὸ
1512 1844 1707 1927 ἄφες,
1755 1845 1920 1927 δός,
1965 1847 2160 1925 φρές
2199 1849 2277 1912 τὸ
2320 1848 2498 1927 φέρε.

602 1950 698 2014 Τὰ
754 1948 843 2012 εἰς
895 1935 957 2012 θῖ
1002 1946 1423 2025 προςτακτικὰ
1467 1947 1888 2029 βαρύνονται,
1939 1947 2254 2030 τύπηθι,
2311 1939 2619 2032 δάρηθι,
2662 1948 3019 2034 ζτύφθηθι
3057 1970 3122 2023 15

436 2053 539 2116 καὶ
598 2051 971 2133 τύφθητί,
1038 2051 1240 2129 βῆθι,
1305 2052 1549 2131 ςτῆθι,
1614 2047 1767 2112 ἴςθι
1820 2050 1897 2112 τὸ
1952 2048 2232 2124 γίνωςκε.
2319 2053 2397 2115 τὸ
2453 2052 2642 2131 φαθί
2703 2051 3019 2119 ὀξύτονον

434 2151 849 2231 ςεςημείωται.
936 2153 1133 2214 τοῦτο
1187 2151 1261 2213 δὲ
1313 2149 1682 2232 ὀξύνουςιν,
1747 2149 1886 2214 ἐπεὶ
1938 2153 2069 2215 πᾶν
2128 2151 2296 2232 ῥῆμα
2347 2156 2479 2217 τῶν
2534 2152 2623 2218 εἰς
2679 2157 2747 2231 {fi
2810 2160 3020 2237 τροπῇ

433 2259 551 2320 τοῦ
592 2256 636 2333 μ
672 2254 765 2318 εἰς
808 2239 845 2317 ὅ
889 2252 1230 2318 ςυςτέλλον
1272 2253 1391 2330 τὴν
1435 2254 1936 2331 παραλήγουςαν
1981 2251 2072 2317 εἰς
2127 2255 2243 2331 τὴν
2287 2257 2406 2317 τοῦ
2460 2256 2724 2333 πρώτου
2768 2256 3019 2334 προςώ-

433 2376 563 2420 που
606 2362 738 2420 τῶν
783 2358 1225 2437 πληθυντικῶν
1256 2354 1415 2432 μετὰ
1456 2357 1574 2417 τοῦ
1603 2353 1806 2417 αὐτοῦ
1849 2354 2048 2419 τόνου
2076 2356 2534 2433 προςτακτικὸν
2574 2358 2749 2420 ποιεῖ
2756 2406 2777 2439 ,
2818 2356 3023 2435 τίθημι

431 2459 715 2540 τίθετι,
766 2456 970 2536 ἵςτημι
1021 2455 1276 2521 ἵςταθι
1332 2456 1434 2519 καὶ
1488 2456 1708 2533 ἐπειδὴ
1762 2455 2054 2521 ὀξύνεται
2096 2458 2174 2520 τὸ
2219 2457 2407 2540 φημί,
2463 2456 2753 2525 ὀξύνεται
2797 2458 2902 2523 καὶ
2943 2457 3020 2522 τὸ
3059 2482 3128 2534 20

434 2560 607 2640 φαθί.
695 2558 825 2633 ἐγὼ
880 2558 953 2621 δὲ
1008 2557 1088 2621 οὐ
1134 2557 1652 2636 ςυγκαθατίθεμαι
1692 2558 1828 2621 τοῖς
1875 2556 2278 2641 ὀξυτονοῦςι,
2331 2559 2527 2625 οὐδὲν
2570 2561 2693 2638 γὰρ
2750 2578 3023 2638 προςτα-

434 2662 648 2727 κτικὸν
693 2659 783 2725 εἰς
827 2647 888 2723 ὁὶ
944 2661 1145 2737 λῆγον
1191 2659 1499 2728 ὀξύνεται.
1587 2659 1978 2737 παραλόγως
2022 2660 2094 2723 δὲ
2140 2658 2469 2726 ὀξύνεςθαι
2514 2661 2953 2740 ἐπεκράτηςεν.

434 2830 713 2897 γράφεται
749 2830 812 2883 δὲ
848 2831 939 2882 καὶ
974 2829 1075 2882 ςὺν
1110 2833 1197 2898 τῷ
1233 2832 1283 2881 ἶ,
1301 2830 1371 2881 τὸ
1405 2831 1473 2880 TI).
1521 2828 1676 2880 οὕτω
1713 2828 1774 2880 δὲ
1810 2829 1903 2881 καὶ
1939 2829 1972 2881 6
2010 2829 2448 2897 Ἀςκαλωνίτης,
2487 2829 2549 2884 ἐκ
2584 2834 2688 2886 τοῦ
2727 2831 3024 2897 μεμνέοιτο

434 2902 755 2964 ηγούμενος
790 2897 935 2951 αὐτὸ
973 2899 1142 2950 εἶναι·
1180 2898 1333 2963 παρὰ
1377 2897 1571 2961 μέντοι
1606 2897 1944 2962 Ξενοφῶντι
1988 2897 2125 2951 ἄνευ
2161 2904 2265 2962 τοῦ
2302 2903 2336 2952 ἒ
2380 2900 2529 2953 ἐςτιν
2575 2901 2608 2952 6
2653 2899 3024 2967 ςχηματιςμὸς

436 2969 528 3020 καὶ
564 2969 1038 3033 προπεριςπᾶται,
1078 2966 1140 3018 ἐν
1179 2966 1360 3031 Κύρου
1398 2963 1649 3017 παιδείας
1687 2965 1902 3032 πρώτῳ
1940 2965 2116 3018 «ἀλλ’
2150 2967 2248 3020 ὅτε
2285 2970 2447 3022 κτλ.»
2471 2996 2536 3005 -
2561 2968 2631 3020 τὸ
2654 2968 2717 3020 δέ
2742 2967 3024 3032 ἀνάλογον

432 3035 524 3088 διὰ
558 3039 663 3087 τοῦ
700 3037 735 3102 ἦ
775 3033 1179 3101 προςκειμένου
1214 3037 1319 3086 τοῦ
1361 3035 1391 3084 ῖ
1427 3033 1569 3098 παρ’
1596 3032 1986 3098 Ἀριστοφάνει
2023 3033 2085 3086 έν
2121 3034 2375 3103 Πλούτῳ
2412 3035 2661 3104 δευτέρῳ
2698 3034 2835 3088 (ἵνα
2871 3038 3024 3089 κτλ.»

433 3132 501 3140 -
534 3104 629 3156 καὶ
664 3103 834 3155 πάλιν
872 3101 1412 3168 προπεριςπαςτέον.
1485 3103 1547 3153 έν
1586 3101 1798 3167 ἑτέροις
1836 3101 2029 3165 μέντοι
2068 3107 2146 3176 (in
2181 3105 2325 3154 libro
2371 3105 2501 3169 περὶ
2536 3103 2809 3170 ῥημάτων
2845 3113 2908 3155 ut
2943 3106 3025 3156 vi-

437 3173 602 3223 detur
669 3171 917 3223 ἑντελῶς
965 3171 1095 3235 περὶ
1147 3172 1251 3221 τοῦ
1307 3171 1681 3234 ςχηματιςμοῡ
1737 3167 2011 3233 διέλαβον.
2082 3173 2154 3222 ef.
2201 3173 2380 3224 Schol.
2426 3173 2498 3223 ad
2537 3176 2710 3225 Arist.
2754 3173 2792 3224 l.
2837 3189 2884 3229 e.
2927 3188 3025 3238 pro

434 3252 585 3304 τυψο
609 3254 718 3305 μην
753 3239 960 3303 τύψοιο
996 3255 1117 3290 cum
1153 3239 1329 3291 Schm.
1368 3239 1591 3288 exhibui
1625 3236 1979 3304 τετυψοίμην
2014 3238 2300 3303 τετύψοιο.
2538 3241 2575 3291 1.
2612 3244 2644 3291 2
2680 3242 2896 3308 μεμνῇο
2933 3254 3025 3305 με·

438 3311 618 3372 μνῇτο
656 3314 713 3358 et
747 3309 977 3373 μεμνῷο
1014 3308 1280 3371 μεμνῷτο
1316 3310 1373 3357 et
1409 3304 1670 3370 μεμνέῳο
1706 3306 2004 3373 μεμνέῳτο
2041 3323 2161 3358 eum
2206 3309 2541 3374 testimoniis
2584 3310 2819 3375 apposui
2855 3326 2923 3360 ex
2957 3310 3025 3359 11.

435 3379 528 3426 Pr.
566 3378 601 3426 1.
635 3391 683 3425 e.
786 3375 821 3427 1.
863 3380 926 3426 13
962 3374 1029 3425 de
1066 3376 1138 3439 τῆ
1177 3375 1357 3428 fichol.
1395 3375 1467 3424 ad
1504 3374 1606 3424 Od.
1646 3377 1680 3424 θ
1716 3378 1845 3425 477:
1881 3373 1951 3425 τὸ
1987 3376 2058 3439 τῆ
2095 3374 2248 3440 ῥῆμα
2284 3377 2697 3441 προςτακτικόν
2733 3375 2847 3429 έςτι
2872 3375 3025 3441 παρὰ

436 3445 556 3494 τοῖς
593 3446 853 3507 ποιηταῖς
890 3440 1188 3508 εἰρημένον
1234 3441 1440 3505 χρόνου
1486 3440 1816 3492 ἑνεςτῶτος.
1887 3441 1979 3492 καὶ
2024 3442 2173 3494 ἐςτιν
2220 3443 2335 3496 ἀπὸ
2382 3444 2624 3509 θέματος
2671 3448 2775 3496 τοῦ
2818 3446 2905 3495 τῶ
2944 3443 3024 3496 ὠς

439 3512 525 3562 λῶ
561 3511 663 3576 λῇς
699 3512 798 3576 λῇ,
844 3512 923 3563 ζῶ
970 3513 1067 3576 ζῇς
1112 3511 1207 3576 Ζῇ,
1253 3509 1411 3561 οὕτω
1455 3511 1541 3560 τῶ
1586 3513 1688 3573 τῇς
1733 3513 1821 3574 τῇ.
1894 3509 1926 3560 6
1972 3513 2356 3574 παρατατικὸς
2401 3511 2552 3564 ἔτων
2598 3513 2677 3564 ὼς
2724 3511 2884 3566 ἔζων.
2953 3511 3024 3563 τὸ

438 3577 707 3641 δεύτερον
744 3577 834 3628 καὶ
867 3575 1061 3642 τρίτον
1097 3578 1231 3642 ἔτης
1267 3577 1368 3643 έτη
1407 3575 1486 3629 ὡς
1523 3576 1649 3642 ἔζης
1686 3575 1797 3641 ἔζη.
1847 3575 1909 3628 ἐκ
1945 3577 2156 3630 τούτου
2191 3583 2296 3632 τοῦ
2331 3579 2526 3646 τρίτου
2564 3581 2696 3632 κατ’
2730 3580 3025 3644 ἀποβολὴν

430 3649 543 3714 ,τοῦ
578 3649 611 3697 ἒ
645 3644 859 3709 γίνεται
892 3645 963 3697 τὸ
999 3647 1413 3710 προςτακτικὸν
1449 3645 1529 3696 ὼς
1565 3644 1798 3709 έχρύςου
1845 3644 2064 3709 χρύςου.
2102 3675 2167 3682 ——-
2203 3665 2300 3714 pro
2345 3647 2450 3700 ςπέ
2487 3649 2754 3700 Schmidt.
2802 3651 3026 3715 scripsit
3129 3690 3154 3706 ,

439 3713 601 3778 (πές,
638 3714 737 3766 sed
773 3729 870 3780 pro
905 3712 999 3777 ςχέ
1035 3715 1181 3764 idem
1215 3721 1444 3779 propter
1478 3715 1900 3779 compositorum
1947 3715 2150 3767 formas
2197 3721 2373 3783 sigma
2419 3724 2676 3768 carentes
2721 3718 3023 3768 rescribere

439 3784 623 3833 noluit
656 3783 877 3836 iniuria.
948 3782 1267 3832 Zenodotue
1310 3786 1369 3831 in
1407 3783 1469 3834 Ε.
1508 3781 1583 3832 Μ.
1622 3784 1746 3844 740,
1782 3785 1842 3844 6,
1890 3784 1985 3847 qui
2029 3785 2252 3850 saepius
2288 3787 2664 3836 Herodianum
2711 3786 3024 3850 exscripsit,
3057 3787 3067 3797 “

438 3851 541 3901 hoe
575 3851 777 3902 tradit:
814 3847 938 3914 ςχές
976 3850 1066 3901 καὶ
1102 3848 1339 3913 πρόςχες
1374 3849 1525 3913 ῥῆμα
1550 3850 1963 3913 προετακτικὸν
1988 3851 2349 3916 καταλήξεως
2372 3854 2496 3904 τῶν
2532 3852 2610 3906 εἰς
2648 3859 2731 3918 μἰ,
2767 3853 2838 3904 τὸ
2873 3852 3027 3918 ῥῆμα

439 3920 601 3982 ςχῆμι
638 3920 743 3982 (eie
776 3921 937 3969 scrib.
973 3934 1070 3983 pro
1105 3917 1313 3983 ῖςχημι)
1352 3919 1443 3968 καὶ
1478 3915 1693 3979 γίνεται
1728 3917 1791 3968 ἐκ
1827 3920 1932 3969 τοῦ
1969 3921 2084 3981 ςχῶ
2122 3919 2155 3970 6
2181 3919 2407 3983 μέλλων
2443 3922 2656 3986 ςχὴςω,
2693 3921 2726 3971 6
2762 3920 3026 3984 δεύτερος

437 3985 694 4050 ἀόριςτος
730 3984 921 4050 έςχην·
958 3999 995 4047 η
1036 3988 1247 4050 μετοχὴ
1285 3983 1430 4048 ςχείς
1465 3983 1693 4048 ςχέντος
1730 3985 1820 4037 καὶ
1865 3986 1936 4037 τὸ
1983 3988 2395 4051 προςτακτικὸν
2445 3987 2583 4052 ςχές.
2655 3988 2688 4039 6
2723 3988 2785 4039 δὲ
2824 3987 3027 4039 Ἀπολ-

439 4053 645 4105 λώνιος
679 4053 796 4106 ἀπὸ
829 4056 934 4105 τοῦ
972 4055 1085 4117 ςχῶ
1122 4051 1428 4117 κανονίζει,
1476 4054 1653 4116 μόνον
1695 4053 1842 4105 αὐτὸ
1887 4055 2299 4118 ςημειούμενος.
2379 4055 2569 4120 ὥςπερ
2615 4057 2685 4106 τὸ
2731 4054 2863 4107 ςπές
2908 4054 3026 4106 ἀπὸ

437 4125 543 4173 τοῦ
582 4124 707 4173 ςπῶ
744 4122 836 4172 καὶ
870 4121 941 4172 τὸ
976 4120 1116 4185 φρές
1153 4121 1268 4172 ἀπὸ
1304 4123 1409 4171 τοῦ
1446 4124 1577 4184 φρῶ
1598 4159 1611 4184 ,
1650 4121 1807 4172 οὕτω
1848 4123 1937 4172 καὶ
1972 4125 2148 4174 τοῦτο
2184 4123 2300 4175 ἀπὸ
2334 4126 2439 4174 τοῦ
2466 4128 2610 4188 ςχῶ,
2647 4122 2793 4175 ἀλλὰ
2821 4126 3025 4174 κακῶς.

438 4189 545 4253 οὐχ
581 4187 890 4254 εὑρίςκεται
927 4189 960 4240 6
994 4188 1250 4253 τεχνικὸς
1285 4193 1685 4254 ςημειούμενος
1729 4188 1823 4240 ἐπὶ
1858 4193 1981 4240 τῶν
2027 4188 2106 4242 εἰς
2143 4195 2192 4241 ω
2227 4189 2306 4243 εἰς
2351 4195 2411 4242 ἒς
2456 4189 2867 4255 προςτακτικόν
2901 4190 3025 4244 κτλ.

439 4257 595 4309 οὕτω
630 4256 936 4324 Ζηνόβιος,
983 4261 1042 4306 in
1080 4273 1186 4322 quo
1221 4258 1636 4320 adnotamento,
1685 4273 2013 4323 quamquam
2058 4259 2300 4309 technioi
2342 4261 2560 4310 nomine
2607 4259 3025 4310 Choeroboseus

442 4326 745 4392 significari
779 4327 1002 4376 videtur
1035 4325 1183 4378 Diet.
1219 4327 1345 4388 874,
1382 4329 1477 4389 20,
1515 4332 1700 4375 tamen
1745 4325 2174 4376 declinationem
2220 4327 2541 4391 imperativi
2587 4325 2711 4390 ςχές
2754 4329 2826 4378 ab
2862 4326 3025 4390 ςχῆμι

438 4396 607 4446 verbo
640 4396 699 4444 in
736 4396 795 4458 μἿ
829 4399 887 4444 et
923 4393 1361 4459 reprobationem
1395 4393 1674 4459 Apollonii
1709 4395 1779 4443 ab
1814 4393 2134 4444 Herodiano
2169 4399 2349 4444 ortum
2383 4393 2589 4446 habere
2624 4397 2880 4446 arbitror.
2951 4396 3023 4445 cf.

439 4463 576 4513 Lob.
612 4464 697 4514 El.
734 4464 791 4514 11
826 4464 945 4514 207.
1152 4462 1186 4514 Ι.
1227 4465 1285 4512 17
1322 4463 1499 4513 τοῦτο
1534 4460 1596 4512 δὲ
1631 4458 1923 4510 ὀξύνουςιν
1969 4476 2143 4526 usque
2189 4462 2262 4511 ad
2295 4462 2457 4513 finem
2493 4464 2718 4528 explevi
2753 4462 3026 4514 consultio

440 4530 531 4585 Cr.
566 4533 669 4583 An.
706 4532 810 4583 Ox,
845 4531 900 4581 11
934 4530 1056 4593 468,
1093 4532 1125 4581 9
1163 4533 1285 4595 (An.
1309 4530 1486 4580 Paris.
1510 4529 1597 4579 Lu
1630 4530 1748 4591 316,
1783 4530 1867 4590 4):
1905 4526 2059 4591 φαθί.
2105 4527 2194 4580 διὰ
2227 4529 2284 4581 τί
2318 4530 2504 4583 ὸξύνει
2538 4531 2608 4582 τὸ
2645 4528 2787 4595 φαθί
2822 4530 3023 4582 Ἀπολ-

440 4616 671 4681 λώνιος;
708 4615 902 4681 ἐπειδὴ
941 4615 1057 4668 πᾶν
1090 4615 1243 4681 ῥῆμα
1283 4617 1407 4665 τῶν
1443 4610 1521 4664 εἰς
1556 4613 1613 4674 fii
1646 4614 1831 4678 τροπῇ
1878 4613 1982 4661 τοῦ
2021 4615 2057 4675 p]
2094 4611 2173 4664 εἰς
2208 4617 2241 4665 θ
2285 4614 2584 4668 ςυςτέλλον
2627 4617 2738 4683 τὴν
2773 4616 3023 4682 παραλή-

439 4699 646 4750 γουςαν
688 4688 808 4738 κτλ.
844 4709 913 4722 —·
952 4684 1025 4736 τὸ
1070 4683 1225 4750 φαθί.
1296 4683 1328 4734 6
1373 4681 1435 4733 δὲ
1472 4678 1812 4745 Ἡρωδιανὸς
1860 4679 2111 4746 βαρύνει,
2158 4682 2325 4735 οὐδὲν
2368 4683 2477 4749 γὰρ
2520 4685 2639 4737 κτλ.
2720 4685 2907 4737 Schol.
2953 4687 3024 4736 ad

438 4760 609 4810 Arist.
654 4758 793 4824 qu.
837 4757 932 4806 22:
977 4754 1049 4806 τὸ
1094 4752 1235 4817 φάθι
1279 4753 1311 4805 ὁ
1357 4750 1459 4818 μὲν
1507 4748 1888 4802 Ἀπολλώνιος
1933 4750 2145 4815 ὸξύνει,
2199 4751 2232 4802 6
2275 4751 2338 4805 δὲ
2382 4752 2726 4820 Ἡρωδιανὸς
2774 4755 3021 4823 βαρύνει,

441 4834 779 4905 παραλόγως
814 4830 922 4897 γὰρ
959 4825 1274 4897 ὀξύνεςθαι,
1314 4829 1514 4905 in-fine
1551 4828 1778 4880 verbum
1814 4821 2195 4893 ἑπεκράτηςεν
2231 4845 2299 4879 ex
2331 4832 2610 4898 superiore
2649 4832 2770 4885 loeo
2796 4825 3024 4883 Arcadii
