3664 5546
664 366 747 432 84
1597 367 1678 421 ΕΚ
1715 366 1854 423 ΤΩΝ
1897 366 2304 422 ΗΡΩΔΙΑΝΟΥ

830 561 868 597 ιι
916 538 1010 603 Τὰ
1055 537 1142 605 εἰς
1189 543 1241 603 ῖς
1288 541 1528 618 θηλυκὰ
1572 539 1733 619 ὑπὲρ
1778 539 1923 618 μίαν
1956 540 2272 620 ςυλλαβὴν
2318 538 2491 604 ἁπλᾶ
2542 538 2905 605 ἐκτείνοντα
2947 539 3023 604 τὸ
3070 541 3099 602 ἶ
3142 538 3247 604 ἐπὶ

661 642 888 707 τέλους
931 641 1146 721 ἔχουςι
1189 644 1306 707 τὸν
1351 643 1548 708 τόνον
1595 642 1738 708 οἷον
1784 641 2084 725 κνημίς,
2132 641 2438 725 κρηπίς,
2485 640 2853 723 ςφραγίς,
2898 640 3106 720 ἁψίς.

833 768 870 803 x·
914 744 1009 809 Τὰ
1065 745 1153 809 εἰς
1222 749 1276 808 ι“ς“
1344 745 1626 824 λήγοντα
1692 744 2006 828 καθαρόν,
2062 745 2275 823 μόνως
2333 743 2603 825 θηλυκά,
2670 743 2998 810 ὀξύνεςθαι
3055 744 3244 826 θέλει,

661 846 882 929 Θαῒς,
926 846 1142 930 Λαῒς,
1200 847 1633 931 Ἀμυκλαῒς,
1680 847 1986 925 Ἀργαῒς
2041 850 2234 925 νῆςος
2305 847 2469 925 πρὸς
2521 851 2598 929 τῇ
2653 838 2878 930 Ᾱυκίᾳ,
2946 846 3242 911 Πτολε-

598 957 630 1005 5
661 950 867 1031 μαῒς,
916 950 1220 1014 Κωπαῒς
1266 949 1481 1032 λίμνη,
1530 950 1882 1031 Γερραῒς,
1929 948 2224 1028 θηβαῒς
2268 950 2371 1013 καὶ
2412 948 2592 1027 χώρα
2636 948 2739 1012 καὶ
2765 948 2957 1032 γυνή,
3009 949 3241 1027 Κυρη-

658 1053 865 1134 ναῒς,
909 1050 1260 1135 Ῥωμαῖε,
1305 1052 1652 1133 Φωκαῒς,
1698 1050 2037 1133 Δαναῒς,
2093 1052 2363 1132 Θιβαῒς
2417 1050 2619 1116 τόπος
2663 1051 2827 1128 πρὸς
2872 1056 2963 1134 τῷ
3006 1050 3242 1133 Πόντῳ

657 1152 787 1219 ἀπὸ
834 1157 977 1232 μιᾶς
1020 1158 1150 1218 τῶν
1195 1153 1559 1233 Ἀμαζόνων
1604 1153 1729 1233 ὑφ’
1771 1152 2159 1231 Ἡρακλέους
2202 1151 2680 1231 ἀναιρεθειςῶν·
2723 1155 2939 1218 πεςεῖν
2968 1152 3090 1230 γάρ
3121 1172 3240 1231 φη-

660 1276 754 1320 ςιν
800 1256 1131 1335 Ἀρριανὸς
1174 1257 1288 1321 τὰς
1333 1257 1594 1336 μάλιςτα
1638 1254 2070 1336 διαφερούςας
2113 1254 2409 1334 Τράλλαν
2439 1274 2509 1319 τε
2553 1256 2655 1320 καὶ
2686 1254 3098 1333 Ἰςοκρὰτειαν
3142 1256 3243 1317 καὶ

658 1356 855 1438 Θίβαν
911 1360 1012 1423 καὶ
1065 1358 1335 1423 Πάλλαν
1390 1358 1493 1421 καὶ
1550 1357 1740 1423 Κοίαν
1795 1358 1901 1422 καὶ
1955 1357 2226 1422 Κοινίαν.
2326 1357 2748 1439 Πλαταιῒς,
2816 1357 3240 1439 Τυμφαιῒς,

561 1465 624 1516 10
660 1460 974 1542 Ἀχαιῒς,
1024 1459 1370 1540 Κυταιῖς,
1417 1460 1779 1541 Ἀκταιῖς,
1841 1460 2043 1541 ληῒς,
2103 1459 2463 1541 Κιρφηῒς,
2522 1461 2864 1541 Βριςηῒς,
2926 1458 3240 1541 Νηρηῒς,

659 1561 1294 1644 Ἀλαλκομενηῒς,
1341 1562 1502 1640 ὅπερ
1549 1561 1629 1627 ού
1673 1563 1849 1640 παρὰ
1892 1563 1968 1626 τὸ
2015 1560 2336 1643 ἀλαλκεῖν,
2385 1562 2475 1625 ὡς
2520 1561 2951 1643 Ἀρίςταρχος,
2996 1561 3076 1640 ἦν
3119 1560 3240 1638 γὰρ

659 1664 985 1744 Ἀλαλκηῒς
1075 1663 1228 1728 ἀλλ’
1273 1664 1485 1743 ὥςπερ
1530 1663 1772 1742 Θηςεύς
1817 1663 2079 1747 Θηςηῒς,
2135 1662 2341 1728 οὕτως
2398 1664 2895 1744 Ἀλαλκομενεύς
2944 1664 3240 1728 Ἀλαλκο-

656 1769 904 1849 μενηῒς,
962 1714 1406 1847 Κίθιοπηῒς,
1460 1765 1732 1847 Αἰγηῒς
1789 1767 1963 1847 φυλὴ
2019 1770 2130 1844 τῆς
2187 1767 2495 1850 Ἀττικῆς,
2565 1767 2816 1849 Ἰδηῒς,
2870 1766 3238 1846 Ἀλυβηῒς.

656 1867 995 1948 Εὐφορίων
1026 1868 1095 1932 ἐν
1141 1868 1352 1947 Ἀραῒς
1396 1869 1435 1946 ἢ
1466 1869 1997 1952 Ποτηριοκλέπτῃ
2045 1868 2254 1933 «ὅςτις
2285 1869 2400 1948 μὲν
2431 1869 2694 1950 κελέβην
2727 1869 3060 1949 Ἀλυβηῒδα
3091 1871 3240 1946 μοῦ-

556 1976 619 2026 15
657 1990 771 2034 νος
816 1969 1111 2049 ἀπηύρα»
1159 1969 1440 2035 τουτέςτι
1483 1971 1600 2049 τὴν
1645 1969 1933 2051 ἀργυρᾶν
1977 1971 2081 2034 διὰ
2125 1971 2204 2034 τὰ
2262 1971 2557 2050 μέταλλα.
2644 1971 3032 2052 Ἀμυρηῒς,
3086 1970 3239 2034 Πα-

656 2073 960 2155 ταληῒς,
1019 2074 1408 2155 βαςιληῒς,
1467 2072 1767 2155 Οἰτηῒς,
1826 2073 2168 2156 Βοιβηῒς,
2230 2072 2582 2151 Καδμηῒς.
2683 2072 2972 2136 ἐκαλεῖτο
3040 2070 3243 2136 οὕτως

654 2174 692 2251 ἡ
740 2174 1011 2238 Βοιωτία
1058 2173 1147 2239 ὼς
1193 2174 1586 2252 Θουκυδίδης
1631 2171 1868 2257 (112),
1915 2175 2281 2257 Βρυγηῒς,
2324 2175 2757 2257 Παταρηῒς,
2801 2175 3245 2254 Πελοπηῒς,

657 2275 1015 2358 Γολγηῒς,
1086 2276 1449 2360 Μινυηῒς,
1509 2275 1875 2359 Ῥοιτηῒς,
1945 2276 2303 2358 Γρυνηῒς,
2361 2277 2683 2359 Θυνηῒς,
2739 2276 3151 2354 Δολοπηῒς
3204 2275 3243 2353 ἡ

655 2378 837 2457 χώρα
869 2382 999 2443 τῶν
1045 2377 1412 2461 Δολόπων,
1456 2377 1848 2457 Λελεγηῒς.
1939 2378 2112 2443 οὕτω
2157 2383 2418 2458 πρῶτον
2468 2379 2747 2458 Μίλητος
2781 2378 3068 2444 ἐκαλεῖτο
3113 2376 3243 2441 ἀπὸ

552 2488 620 2540 20
655 2484 786 2545 τῶν
831 2480 1260 2573 ἐνοικούντων
1307 2481 1636 2563 Λελέγων,
1696 2481 1786 2545 ὡς
1830 2479 2118 2559 Δίδυμος
2176 2480 2246 2546 ἐν
2292 2484 2756 2562 ςυμποςιακοῖς.
2845 2480 3243 2561 Λιλυβηῒς,

653 2581 1019 2664 Λυκτηῒς,
1065 2582 1502 2665 Δραγγηῒς,
1547 2582 1974 2666 Ταμυνηῒς,
2016 2582 2460 2667 Δρυοπηῒς,
2504 2583 2835 2662 Δωτηῒς.
2892 2580 3143 2646 Ῥιανὸς
3173 2580 3243 2646 ἐν

655 2684 711 2748 δ’
758 2684 1207 2762 Μεςςηνιακῶν
1265 2684 1508 2763 «αὐδὴν
1564 2685 1890 2764 εἰςάμενος
1947 2685 2233 2764 Δωτηῒδι
2290 2685 2718 2769 Νικοτελείῃ».
2811 2684 3242 2763 Μελανηῒς·

656 2787 863 2851 οὕτως
909 2786 1197 2852 ἐκαλεῖτο
1229 2787 1507 2867 Ἐρὲτρια
1553 2787 1683 2853 ἀπὸ
1719 2789 2068 2854 Μελανέως
2111 2792 2229 2853 τοῦ
2261 2788 2546 2867 Εὐρύτου
2586 2787 2845 2866 πατρός.
2912 2787 3242 2870 Δρυηῒς,

655 2888 1069 2974 Τριοπηῒς,
1116 2890 1531 2972 Μακριηῒς,
1577 2889 1922 2974 Ὑλληῒς,
1972 2892 2404 2974 Μεγαρηῒς,
2448 2891 2824 2973 Φυλληῒς,
2869 2890 3243 2969 Φιλυρηῒς

552 3003 619 3056 25
656 2993 1039 3076 πλεοναςμῷ
1087 2996 1203 3057 τοῦ
1259 2994 1297 3070 ἦ
1353 2993 1527 3071 παρὰ
1582 2994 1659 3057 τὸ
1704 2991 1994 3075 Φιλυρίς,
2049 2993 2398 3071 Πλατηῒς
2452 2997 2646 3071 νῆςος
2696 2993 2872 3071 παρὰ
2913 2998 2989 3076 τῇ
3034 2993 3242 3076 Λυκίᾳ.

658 3093 964 3177 Ἐπειῖς,
1009 3093 1389 3175 Τηλεβοῒς
1447 3097 1640 3174 μοῖρα
1694 3098 1804 3174 τῆς
1862 3094 2270 3173 Ἀκαρνανίας
2338 3093 2469 3159 ἀπὸ
2516 3095 2845 3174 Τηλεβόου
2913 3096 2952 3173 ἢ
3012 3095 3242 3173 πρότε-

657 3383 787 3447 ὄφις
823 3383 961 3447 ἔχις
999 3375 1213 3436 Θέτις.
1282 3387 1387 3436 τοῦ
1425 3384 1485 3436 δὲ
1522 3383 1789 3449 δευτέρου
1824 3380 1999 3448 ἀκτίς,
2038 3381 2261 3448 δελφίς,
2300 3383 2527 3449 κρηπίς,
2565 3383 2772 3450 ψηφίς,
2812 3382 3007 3450 κνημίς
3045 3385 3137 3436 καὶ
3171 3382 3243 3436 τὰ

655 3451 882 3504 τούτων
907 3451 1171 3517 ςύνθετα)
1192 3454 1642 3518 οιιιιιὶειοκγιοιιε,
1665 3452 1913 3518 produci.
1952 3453 2247 3503 Caeterum
2267 3468 2334 3503 ex
2354 3453 2639 3504 Eustathii
2666 3453 2784 3503 loeo
2806 3453 2996 3504 addidi
3020 3454 3243 3504 nomina

654 3520 871 3574 Ἄλεξις
897 3520 1181 3586 Πρύτανις
1207 3521 1319 3585 ἐχις
1345 3520 1522 3573 Θέτις.
1660 3521 1694 3570 l.
1722 3523 1750 3570 1
1786 3537 2051 3572 canonem
2075 3522 2262 3587 recepi
2287 3537 2353 3572 ex
2380 3523 2441 3571 E.
2471 3524 2542 3574 M.
2573 3523 2686 3585 184,
2711 3524 2743 3572 3
2778 3526 2835 3571 et
2861 3521 3056 3573 Choer.
3084 3521 3241 3573 Orth.

657 3592 772 3650 172,
794 3591 826 3639 8
852 3591 1071 3640 omissis
1093 3591 1277 3641 verbis
1296 3588 1617 3654 πρόςκειται
1641 3587 1796 3640 ἁπλᾶ
1818 3587 1907 3640 διὰ
1930 3588 2000 3640 τὸ
2025 3586 2371 3653 τανυκρήπις
2397 3588 2683 3653 ςύνθετον,
2706 3590 2837 3654 quia
2862 3589 2931 3641 de
2956 3590 3042 3641 his
3066 3605 3243 3641 canon

655 3658 914 3724 specialis
949 3660 1198 3724 sequitur
1233 3665 1290 3708 et
1327 3659 1460 3722 quia
1495 3673 1686 3723 parum
1720 3661 1850 3722 apte
1887 3655 2235 3721 τανυκρήπις
2272 3673 2551 3708 commune
2590 3659 2888 3724 opponitur
2920 3656 3109 3721 μόνως
3146 3659 3242 3722 θη·

654 3725 858 3777 λυκοῑς.
997 3726 1032 3775 l.
1068 3729 1100 3777 3
1136 3726 1278 3777 hunc
1313 3742 1578 3777 canonem
1615 3726 1880 3775 constitui
1919 3742 1986 3776 ex
2021 3726 2085 3776 11.
2123 3728 2213 3779 Pr.
2249 3725 2293 3776 Λ
2330 3727 2429 3776 677
2467 3733 2522 3777 et
2557 3724 2606 3777 Ξ
2642 3729 2742 3777 387
2786 3725 3071 3791 Stephano
3110 3728 3241 3791 Byz.

654 3793 921 3857 adhibito,
955 3794 1101 3844 unde
1127 3795 1309 3845 omnia
1335 3794 1556 3844 nomina
1581 3799 1803 3858 praeter
1828 3809 1912 3850 ea,
1951 3809 2093 3858 quae
2119 3797 2176 3844 in
2198 3793 2263 3845 11.
2291 3795 2379 3849 Pr.
2407 3799 2650 3857 exstant,
2687 3796 2919 3860 sumpsi;
2956 3810 3025 3846 ex
3050 3793 3242 3845 eodem

658 3866 787 3913 sunt
824 3863 995 3912 etiam
1031 3860 1269 3925 Θμοθϊς,
1311 3859 1510 3925 «pate,
1549 3860 1696 3925 Εύϊς,
1736 3862 1878 3926 quod
1915 3877 2004 3927 ap.
2045 3862 2242 3912 Choer.
2281 3865 2364 3925 56,
2400 3865 2467 3914 35
2505 3868 2561 3913 et
2597 3862 2711 3925 188,
2747 3865 2781 3913 4
2816 3860 2943 3915 Εόῖς
2980 3863 3243 3928 scriptum

656 3934 759 3980 est.
831 3930 1005 3981 Omisi
1049 3936 1277 3996 propter
1323 3937 1607 3980 accentum
1661 3931 1928 3980 incertum
1978 3928 2012 3982 Γ
2013 3929 2183 3995 υψηΐς
2230 3931 2398 3994 vaco<
2433 3926 2722 3982 Αἰθιοπίας
2759 3947 2847 3995 ap.
2887 3931 2967 3982 St.
3005 3930 3101 3994 Β.,
3151 3931 3244 3981 ubi

652 3998 819 4049 Mein.
860 3996 1067 4062 Γύψηϊς
1104 4003 1577 4063 proparoxytonos
1614 3998 1780 4048 scribi
1823 3998 2178 4083 vultz’porro
2215 3996 2423 4050 Τάναϊς
2468 3997 2633 4050 πόλις
2670 3994 2972 4061 ὁμώνυμος
3016 4001 3102 4064 τῷ
3140 4012 3241 4049 πο-

653 4079 887 4199 ἶὲἷμᾞὴν
906 4064 1176 4198 (ἦὶἶῇᾞν
1191 4063 2380 4196 533⁶ffi1ffl÷3¹‘'zxffid’ssfflm'zstsszzzssfigc
2398 4065 3241 4200 ⁶ffssx}2’‘÷ffi‘:‚’v.:?f{,<{{<‡35

654 4201 880 4266 Ταναῐς,
918 4201 1040 4265 ἥτις
1079 4200 1167 4252 καὶ
1208 4199 1505 4266 Ἐμπόριον
1542 4201 1685 4267 ὸνομ
1784 4216 1903 4266 ται,
1950 4204 2046 4254 ubi
2081 4203 2320 4255 Meinek.
2366 4220 2463 4269 pro
2501 4202 2709 4255 Ταναῑς
2747 4201 2955 4255 Τάναϊς
3003 4205 3240 4254 scriben-

653 4272 779 4320 dum
832 4270 1168 4335 suspicatur,
1214 4271 1371 4322 omisi
1415 4275 1706 4336 praeterea
1762 4271 1930 4323 dubia
1978 4280 2038 4322 ut
2086 4270 2362 4334 Ἰθωμαῒς,
2420 4287 2516 4336 pro
2563 4287 2669 4336 quo
2713 4271 2883 4322 Mein.
2936 4270 3239 4335 Ἰθωμᾶτις,

657 4336 886 4400 Νυςαῖς,
927 4353 1023 4402 pro
1060 4353 1166 4402 qno
1205 4339 1349 4389 idem
1388 4338 1617 4404 Νυςηῖς,
1659 4339 1971 4403 Ἀςτερηῑς,
2011 4339 2157 4404 quod
2192 4340 2335 4390 idern
2376 4338 2673 4404 Ἀςτερῑτις
2711 4341 2879 4392 scribi
2914 4339 3052 4389 vult.

652 4405 690 4458 l.
729 4409 788 4456 11
840 4405 909 4456 de
963 4404 1398 4471 Ἀλαλκομενηῒς
1442 4408 1512 4459 ef.
1559 4410 1659 4473 Ep.
1711 4409 1805 4458 Cr.
1851 4408 1877 4457 1
1916 4410 2007 4470 76,
2054 4409 2145 4458 23:
2201 4405 2467 4459 ἐπίθετον
2518 4410 2623 4472 τῆς
2673 4407 2911 4473 Ἀθηνᾶς
2957 4405 3110 4472 παρὰ
3152 4410 3237 4472 τῷ

654 4476 878 4540 ποιητῇ.
950 4473 1101 4539 παρὰ
1135 4473 1196 4526 δὲ
1230 4474 1420 4527 ἄλλοις
1457 4475 1632 4541 Ἥρας
1669 4476 1759 4526 καὶ
1795 4473 1946 4527 Διός.
2021 4474 2463 4537 Ἀλαλκομενεύς
2507 4475 2614 4541 γὰρ
2649 4474 2795 4528 Ζεὺς
2834 4476 3124 4539 πολλαχοῦ
3160 4489 3237 4525 τι-

655 4543 846 4604 μᾶται·
881 4540 936 4594 oi
973 4542 1036 4594 δὲ
1060 4541 1176 4594 ἀπό
1209 4557 1360 4594 τινος
1389 4542 1847 4607 Ἀλαλκομενέως
1885 4541 2250 4608 ίδρυςαμένου
2285 4542 2444 4662 ufir?
2480 4543 2631 4595 νεὼν
2668 4544 2759 4596 καὶ
2793 4543 3045 4613 τέμενος.
3090 4540 3144 4595 οἱ
3180 4543 3243 4595 δὲ

653 4607 769 4661 ἀπὸ
814 4609 1228 4676 Ἀλαλκομένης
1281 4613 1385 4675 τῆς
1443 4611 1675 4674 Ὠγύγου
1728 4610 2022 4676 θυγατρός.
2093 4609 2147 4663 οἱ
2193 4610 2253 4662 δὲ
2307 4610 2342 4673 ἡ
2436 4613 2870 4679 παλεξικητικὴν
2922 4608 3239 4678 προθυμίαν

654 4676 854 4740 ἔχουςα
889 4678 924 4742 ἢ
970 4678 1006 4741 ἡ
1052 4677 1115 4729 ἐν
1150 4676 1295 4746 ἀλκῇ
1334 4678 1595 4742 μένουςα·
1641 4677 1785 4743 ἀλκή
1831 4679 1893 4730 δὲ
1938 4679 1973 4742 ἡ
2014 4677 2159 4743 μάχη
2208 4678 2299 4730 καὶ
2334 4677 2593 4734 ἀλκάζειν
2639 4680 2708 4732 τὸ
2747 4679 3024 4744 μάχεςθαι.
3095 4680 3239 4731 κατὰ

653 4745 1050 4809 διπλαςιαςμὸν
1095 4746 1131 4809 ἡ
1170 4746 1343 4810 λέξις,
1382 4745 1720 4812 ἀλκομενηῑς
1764 4746 1871 4810 γὰρ
1917 4747 2007 4798 καὶ
2046 4747 2481 4812 Ἀλαλκομενηῒς
2530 4748 2608 4801 ὡς
2655 4747 2865 4815 ἀτηρός
2901 4747 3237 4813 ἀταρτηρός,

655 4812 857 4875 ἔτυμος
895 4812 1170 4878 ἐτήτυμος
1209 4816 1298 4867 καὶ
1335 4813 1615 4867 ἀτίταλλε.
1687 4812 2058 4880 ἑςχηματίςθη
2096 4813 2156 4866 δὲ
2193 4813 2308 4866 ἀπὸ
2344 4819 2447 4866 τοῦ
2490 4815 2933 4880 Ἀλαλκομενεύς
2974 4816 3237 4870 Ἀλαλκο-

655 4881 849 4946 μενηῒς
886 4880 964 4932 ώς
1001 4881 1211 4948 Θηςεύς
1249 4883 1481 4949 Θηςηΐς,
1521 4881 1721 4936 Οἰνεύς
1759 4881 1979 4948 Οίνηῒς,
2020 4882 2241 4948 Βριςεύς
2280 4882 2511 4949 Βριςηῐς.
