3664 5546
641 275 770 339 300
1584 272 1666 327 εκ
1703 266 1843 325 mm
1887 270 2294 325 ΗΡΩΔιΑΝοΥ

641 445 1000 524 Λυκόφρων
1046 446 1140 525 (ν.
1171 441 1326 524 326)
1373 443 1491 520 «ἣν
1537 441 1602 506 ἐς
1649 444 1906 522 βαθεῖαν
1956 440 2234 518 λαιμίςας
2277 440 2776 519 Ποιμανδρίαν».
2851 439 3233 518 Τενεβρία

640 548 816 626 κώμη
873 546 1147 627 Ἰβηρίας.
1242 543 1526 622 Εατρία
1589 544 1775 606 πόλις
1844 543 2119 606 Ἰταλίας.
2223 541 2566 619 Νουκρία
2621 541 2806 604 πόλις
2861 540 3228 619 Τυρρηνίας.

546 671 553 684 ·
640 648 931 712 Φίλιςτος
977 647 1073 710 ια’.
1152 645 1407 723 εὕρηται
1452 646 1554 710 καὶ
1599 644 1894 722 Νακρία
1950 644 2054 708 διὰ
2097 647 2213 707 τοῦ
2257 646 2315 706 ἆ.
2390 642 2796 721 Ῥεμουρία
2839 642 3026 705 πόλις
3068 645 3226 720 πλη-

643 751 780 815 ςίον
838 749 1098 827 Ῥώμης.
1198 747 1622 824 Τρινακρία
1677 746 1715 824 ἡ
1774 745 2019 810 Εικελία
2075 745 2251 822 παρὰ
2303 745 2378 808 τὸ
2432 747 2604 821 τρεῖς
2660 743 2830 822 ἔχειν
2889 741 3098 820 ἄκρας.
3185 744 3224 821 ἢ

576 860 609 910 5
641 851 738 915 ὅτι
782 848 1024 928 θρίνακί
1068 848 1232 912 ἐςτιν
1278 847 1482 926 ὁμοία.
1541 848 1755 912 πολλὰ
1800 848 1871 911 δὲ
1915 846 2047 911 ἀπὸ
2091 850 2203 925 τῆς
2247 845 2627 924 ὁμοιότητος
2671 844 2873 923 χωρία
2901 864 3224 922 προςαγο-

639 952 922 1033 ρεύεται,
975 950 1333 1029 Λυρνηςςός
1398 948 1768 1026 Βρεντέςιον
1826 948 2065 1026 Εαρδώ.
2156 946 2425 1026 Είβυλλα
2481 947 2551 1010 δὲ
2611 946 2715 1009 διὰ
2773 946 2852 1009 τὸ
2909 945 3221 1025 Τρίνακον

640 1053 960 1133 βούκολον
1016 1052 1132 1116 τὸν
1178 1052 1593 1115 Ποςειδῶνος
1638 1048 1914 1113 Εικελίας
1960 1047 2169 1127 ἄρξαι·

1045 1151 1377 1230 Τρινακίης
1419 1151 1648 1232 νήςου,
1694 1151 1772 1228 ἣν
1819 1150 2019 1215 ἔκτιςε
2066 1149 2373 1228 Τρίνακος
2417 1149 2624 1231 ἥρως,

1047 1253 1186 1318 υἱὸς
1230 1253 1661 1332 ποντομέδοιο
1705 1251 2164 1316 Ποςειδὰωνος
2209 1248 2500 1315 ἄνακτος.

541 1365 604 1418 10
639 1357 853 1435 Ὑρία
909 1355 1152 1434 χωρίον
1205 1356 1473 1433 πληςίον
1518 1352 1804 1418 Αὐλίδος.
1894 1352 2185 1417 Ἡςίοδος
2242 1351 2309 1416 δ’
2364 1350 2434 1416 ἐν
2480 1352 2662 1436 Ὑρίᾳ
2722 1352 2837 1429 τὴν
2884 1351 3221 1430 Ἀντιόπην

641 1458 795 1538 φηςὶ
837 1457 1158 1538 γενέςθαι,
1203 1455 1539 1534 Εὐριπίδης
1583 1455 1651 1518 δ’
1696 1455 1765 1519 ἐν
1812 1453 2065 1519 Ὑςιαῖς.
2140 1454 2268 1518 ἔςτι
2315 1454 2387 1518 δὲ
2431 1453 2468 1530 ἡ
2515 1454 2629 1532 μὲν
2676 1453 2857 1531 Ὑρία
2900 1454 3063 1531 πρὸς
3105 1455 3221 1519 τὸν

642 1558 949 1640 Εὔριπον,
993 1557 1058 1621 αἱ
1103 1558 1174 1622 δὲ
1218 1558 1415 1622 Ὑςιαί
1459 1560 1570 1634 τῆς
1600 1556 2030 1635 Παραςώπίας
2077 1556 2194 1619 ὑπ’
2224 1555 2424 1619 αὐτὸν
2470 1556 2584 1620 τὸν
2621 1555 2987 1632 Κιθαιρῶνα.
3054 1554 3221 1620 ἔςτιν

642 1659 824 1738 Ὑρία
878 1659 981 1723 καί
1036 1659 1075 1735 ἡ
1121 1660 1278 1723 κατὰ
1323 1659 1623 1736 Ἰςαυρίαν
1680 1657 2043 1738 Εελεύκεια,
2098 1657 2135 1740 ᾗ
2194 1659 2508 1735 παραρρεῖ
2563 1655 2601 1719 ὁ
2651 1656 3087 1738 Καλύκαδνος,
3140 1658 3220 1722 ὃν

648 1760 977 1829 Κάλυδνόν
1020 1780 1188 1824 τινες
1219 1763 1533 1824 καλοῦςιν.
1594 1759 1760 1823 ἔςτιν
1791 1759 1973 1837 Ὑρία
2015 1759 2179 1837 πρὸς
2223 1765 2299 1841 τῇ
2331 1758 2638 1840 Ἰαπυγίᾳ,
2690 1757 2948 1835 Κρητῶν
2990 1758 3219 1836 κτίςμα.

543 1870 605 1920 15
640 1863 992 1940 Ἡρόδοτος
1036 1862 1270 1944 ἑβδόμῃ
1327 1862 1407 1942 (ο.
1459 1861 1623 1942 170).
1711 1860 2152 1938 Φιλωτερία
2206 1860 2393 1923 πόλις
2447 1857 2662 1936 κοίλης
2720 1859 2974 1941 Ευρίας,
3030 1860 3067 1937 ἣ
3123 1854 3223 1924 καὶ

641 1963 988 2041 Φιλωτέρα.
1076 1963 1166 2027 Τὸ
1213 1963 1427 2043 μέντοι
1475 1962 1785 2040 Ετειριά
1829 1965 2030 2040 δῆμος
2072 1961 2348 2025 Ἀττικὸς
2390 1964 2501 2036 τῆς
2530 1961 2963 2026 Πανδιονίδος
2991 1964 3220 2043 φυλῆς,

643 2066 890 2140 λέγεται
936 2066 1006 2127 δὲ
1051 2065 1152 2129 καὶ
1196 2064 1570 2141 οὐδετέρως.
1830 2133 1841 2139 ⁴
2112 2150 2177 2155 —

810 2166 904 2231 Τὰ
949 2166 1036 2230 εἰς
1080 2170 1122 2229 fi
1168 2165 1409 2244 μακρὸν
1456 2164 1955 2242 παραληγόμενα
1986 2170 2061 2248 τῇ
2106 2168 2199 2246 λι,
2239 2164 2316 2242 ἧς
2361 2168 2733 2242 προηγεῖται
2778 2167 2841 2246 ἃ,
2887 2164 3221 2245 βαρύνεται

641 2267 899 2345 πρᾶγμα
943 2270 1283 2348 ςημαῖνον,
1329 2266 1815 2347 διδαςκαλία,
1863 2264 2322 2348 ἀταςθαλία,
2370 2267 2406 2343 ἢ
2455 2264 2742 2345 ὀνόματα
2784 2272 3047 2348 χωρῶν,
3093 2266 3221 2330 Οἰ-

539 2375 606 2424 20
642 2369 874 2447 χαλία
917 2368 1136 2451 πόλις,
1190 2369 1269 2445 ἣν
1315 2367 1599 2447 Ὅμηρος
1655 2368 1725 2431 ἐν
1779 2373 1873 2450 τῷ
1917 2368 2289 2451 Πελαςγικῷ
2334 2368 2546 2445 Ἄργει
2600 2368 2805 2432 τάςςει
2864 2368 3071 2442 λέγων
3118 2367 3224 2431 «οἵ

641 2470 705 2533 τ’
750 2470 907 2549 ἔχον
952 2468 1290 2552 Οἰχαλίην,
1335 2470 1526 2533 πόλιν
1572 2469 1899 2547 Εὐρύτου»
1948 2469 2022 2550 (Β
2070 2466 2237 2548 730).
2310 2467 2372 2532 οἱ
2417 2470 2488 2532 δὲ
2533 2469 2836 2546 νεώτεροι
2881 2469 3220 2533 τεθείκαςιν

640 2571 841 2648 αὐτὴν
898 2570 968 2634 ἐν
1024 2570 1269 2654 Εὐβοίᾳ.
1368 2569 1494 2635 ἔςτι
1562 2572 1662 2633 καὶ
1717 2570 2028 2646 Μεςςηνὶς
2087 2568 2352 2648 Οἰχαλία
2417 2571 2519 2635 καὶ
2574 2570 2758 2648 ἑτέρα
2814 2570 2883 2634 ἐν
2940 2571 3217 2649 Τραχῖνι.

644 2671 1022 2735 Θεςςαλία
1067 2671 1197 2735 ἀπὸ
1244 2672 1566 2736 Θεςςαλοῦ
1612 2673 1650 2750 ἡ
1695 2671 2015 2749 πρότερον
2060 2662 2397 2746 Πελαςγία.
2456 2670 2830 2748 ,Παραλία
2872 2674 2983 2748 τῆς
3030 2671 3220 2735 Ἀττι-

642 2778 769 2850 κῆς.
861 2773 1105 2838 Χαλία
1148 2772 1334 2837 πόλις
1380 2772 1703 2837 Βοιωτίας.
1792 2772 2180 2850 Θεόπομπος
2227 2769 2320 2852 με’
2366 2775 2521 2851 «τὴν
2567 2773 2637 2837 δε
2685 2772 2923 2837 Χαλίαν
2968 2773 3066 2837 καὶ
3105 2773 3222 2852 τὴν
3272 2789 3276 2793 ’

539 2883 604 2933 25
642 2875 1041 2954 καλουμένην
1086 2875 1337 2956 Ὑρίαν,
1405 2875 1444 2951 ἥ
1499 2895 1619 2951 περ
1675 2874 1837 2938 ἐςτὶν
1895 2874 2124 2953 ἐφεξῆς
2181 2874 2453 2955 ἐκείνης,
2519 2878 2632 2950 τῆς
2695 2873 3133 2938 Βοιωτίας...
3167 2900 3220 2936 .»

644 2975 1051 3048 Μαιναλία
1108 2977 1293 3040 πόλις
1353 2975 1670 3039 Γαλατίας.
1773 2975 2168 3039 Μαςςαλία
2233 2976 2420 3039 πόλις
2472 2979 2584 3051 τῆς
2638 2975 3000 3051 Λιγυςτικῆς
3068 2977 3223 3041 κατὰ

641 3079 757 3154 τὴν
807 3077 1136 3158 Κελτικήν,
1181 3075 1449 3140 ἄποικος
1496 3075 1838 3143 Φωκαέων.
1898 3076 2219 3139 Ἑκαταῖος
2264 3076 2552 3158 Εὐρώπῃ.
2612 3075 2871 3154 Τίμαιος
2918 3078 2988 3140 δέ
3031 3097 3222 3156 φηςιν

642 3178 739 3241 ὅτι
784 3177 1168 3254 προςπλέων
1224 3176 1262 3240 ὁ
1307 3178 1691 3257 κυβερνήτης
1745 3178 1846 3242 καὶ
1891 3177 2046 3243 ἰδὼν
2102 3177 2284 3241 ἁλιέα
2328 3177 2613 3241 ἐκέλευςε
2668 3177 2887 3255 μάςςαι
2941 3179 3016 3242 τὸ
3061 3177 3221 3241 ἀπό-

642 3298 821 3353 γειον
851 3277 1160 3357 ςχοινίον·
1206 3278 1425 3356 μάςςαι
1469 3280 1590 3357 γὰρ
1621 3280 1696 3343 τὸ
1728 3280 1905 3357 δῆςαί
1950 3300 2141 3358 φαςιν
2171 3278 2447 3343 Αἰολεῖς·
2483 3278 2614 3343 ἀπὸ
2650 3283 2812 3354 γοῦν
2842 3283 2959 3343 τοῦ
2991 3279 3222 3343 ἁλιέως

537 3384 606 3434 30
642 3379 890 3443 καὶτοῦ
937 3378 1153 3456 μάςςαι
1184 3378 1558 3458 ὠνόμαςται.
1625 3380 2008 3445 Καςταλία
2052 3380 2237 3444 πόλις
2272 3380 2557 3443 Κιλικίας.
2625 3379 2994 3444 Ἀλλαλία
3037 3380 3226 3444 πόλις

597 3532 601 3542 ,
643 3480 714 3543 ἐν
772 3479 995 3562 Κύρνῳ
1049 3485 1124 3563 τῇ
1182 3482 1353 3564 νήςῳ
1407 3481 1621 3561 κτίςμα
1674 3482 2034 3563 Φωκαέων,
2099 3481 2188 3545 ὡς
2244 3480 2593 3558 Ἡρόδοτος
2648 3480 2711 3561 (Ι
2761 3480 2925 3562 165).
3013 3482 3223 3545 Παυ-

640 3580 869 3644 ταλία
926 3583 1117 3659 μοῖρα
1162 3582 1427 3664 Θρᾴκης.
1514 3584 1567 3647 εἰ
1625 3585 1694 3648 δὲ
1741 3584 1822 3662 μὴ
1881 3582 2117 3663 οὕτως,
2174 3581 2495 3664 ὀξύνεται,
2552 3580 3025 3662 ἀμυγδαλιά,
3081 3603 3223 3661 φυ-

642 3681 902 3763 ταλιά,
952 3681 1212 3764 λαλιά,
1259 3685 1498 3749 καλιά.
1584 3685 1662 3748 τὸ
1708 3685 1779 3748 δὲ
1824 3682 2162 3747 ἀςπαλία
2206 3685 2244 3763 ἡ
2290 3683 2470 3748 ἁλεία
2515 3683 2868 3764 βαρύνεται.

811 3782 907 3845 Τὰ
944 3782 1038 3848 ,εἰς
1083 3787 1124 3846 ἃ
1167 3786 1409 3862 μακρὸν
1454 3786 1835 3864 τριςύλλαβα
1891 3785 2389 3863 παραληγόμενα
2441 3791 2533 3870 τῷ
2575 3788 2607 3848 ἶ
2665 3785 2769 3848 ἐπὶ
2813 3784 3027 3848 οὐςίας
3072 3786 3225 3862 λαμ·
3329 3831 3334 3834 -

540 3888 604 3938 35
643 3884 963 3965 βανόμενα
1009 3886 1342 3963 βαρύνεται
1388 3885 1580 3963 χωρίς
1624 3906 1853 3966 τινων,
1897 3885 2200 3962 καρδία·
2246 3884 2371 3950 ἔςτι
2422 3885 2715 3983 Καρδία
2758 3885 2860 3949 καί
2898 3885 3083 3949 πόλις
3114 3888 3227 3961 τῆς

643 3986 713 4050 ἐν
759 3986 974 4068 Θρᾴκῃ
1023 3985 1427 4063 Χερρονήςου
1480 3987 1520 4065 ἡ
1576 3987 1842 4064 ύςτερον
1887 3986 2278 4065 Λυςιμάχεια.
2366 3987 2759 4065 (Ερμοχὰρου
2817 3988 2886 4051 δὲ
2938 3990 3055 4050 τοῦ
3099 4007 3225 4061 κτι-

644 4091 793 4151 ςτοῡ
838 4087 1111 4150 θύοντος
1155 4086 1396 4164 κόρακα
1437 4088 1553 4165 τὴν
1609 4088 1871 4167 καρδίαν
1917 4087 2285 4165 ἁρπάςαντα
2340 4089 2441 4151 καὶ
2485 4086 2856 4151 ἀναπτάντα
2913 4089 2978 4171 ἐς
3034 4087 3226 4152 τόνδε

641 4189 757 4251 τὸν
803 4191 1020 4266 χῶρον
1065 4190 1346 4266 μεθεῖναι
1390 4188 1493 4251 καὶ
1536 4188 1640 4252 διὰ
1684 4193 1880 4253 τοῦτο
1926 4188 2133 4252 οὕτως
2164 4189 2411 4266 ἐκλήθη.
2480 4189 2516 4265 ἢ
2550 4187 2662 4251 ’ὅτι
2693 4187 2949 4253 Εκυθών
2978 4189 3226 4272 γλώςςῃ

643 4287 814 4352 οὕτω
880 4291 1223 4367 κεκλῆςθαι.
1313 4289 1610 4372 ςχεδία,
1673 4290 1928 4372 ζημία,
1998 4290 2257 4373 ςηπία,
2326 4290 2562 4372 οἰκία,
2626 4290 2901 4372 φυλία,
2966 4289 3225 4373 τηλία,

776 4578 812 4626 1.
854 4579 912 4626 16
949 4574 1073 4629 (τει
1114 4575 1167 4627 ιά
1202 4577 1416 4641 explevi
1454 4594 1521 4627 ex
1558 4577 1637 4628 St.
1677 4578 1740 4627 B.
1879 4579 1914 4628 l.
1954 4581 2015 4629 19
2053 4576 2287 4641 Οἰχαλία
2325 4578 2549 4643 explevi
2584 4594 2652 4629 ex
2689 4579 2770 4628 St.
2810 4577 2895 4637 B„
2932 4579 3068 4628 item
3092 4575 3225 4629 Θες-

643 4641 827 4707 ςαλία,
865 4643 1066 4708 Παραλ
1090 4658 1126 4694 α
1161 4672 1226 4678 -—-
1261 4643 1557 4696 Παυταλία
1593 4662 1660 4695 ex
1699 4646 1892 4695 eodem
1928 4646 2178 4711 apposui.
2348 4645 2385 4698 l.
2422 4649 2487 4696 33
2532 4643 2696 4696 λαλιά
2733 4643 2895 4696 καλιά
2931 4645 3122 4694 addidi
3157 4661 3226 4695 ex
3335 4683 3346 4694 .

544 4713 562 4722 “
644 4710 890 4777 Theogn.
922 4711 1034 4774 105,
1057 4713 1123 4761 26
1161 4711 1234 4760 cs.
1263 4714 1321 4762 E.
1351 4714 1423 4763 M.
1448 4715 1565 4775 555,
1588 4715 1672 4764 4⁶2.
1785 4714 1819 4763 l.
1844 4716 1909 4764 35
1948 4710 2150 4777 Καρδία
2184 4714 2462 4778 proprium
2500 4730 2566 4764 ex
2594 4715 2674 4764 St.
2699 4714 2761 4767 Β.
2801 4712 3019 4771 addidi,
3052 4708 3228 4777 φυλία
