3664 5546
664 451 806 500 c-Lll
1739 446 2157 494 PRAEFATIO.

660 604 1036 686 Dict.289,
1091 605 1167 668 15
1226 612 1292 667 et
1336 601 1625 687 Theogn.
1675 602 1787 682 38,
1834 601 1920 664 20
1976 600 2216 665 diserte
2274 599 2493 666 Αύςών
2538 600 2821 665 Αύςόνος
2879 596 3241 662 acuendum

659 707 1150 795 praescribunt,
1197 704 1419 791 Steph.
1464 705 1538 768 B.
1590 706 1810 770 Αύςών
1856 702 2095 787 gentile
2149 711 2214 767 et
2266 700 2807 787 andronymicum
2863 679 3093 764 eodem
3139 720 3241 762 ac·

658 820 854 876 centu
897 816 1339 895 paroxytonos
1384 807 1634 892 profert
1677 827 1885 891 neque
1917 806 2135 871 Αύςών
2166 803 2511 888 distinguit
2554 803 2638 866 ab
2667 803 2888 868 Αὔςων
2934 809 3007 865 ut
3037 801 3241 867 Αἴςων

659 911 1202 997 andronymicum
1247 909 1330 975 ab
1375 908 1557 974 urbis
1602 909 1864 972 nomine
1908 908 2141 991 Αἰςών,
2188 905 2420 971 Choer.
2466 906 2646 970 Dict.
2694 905 2807 986 77,
2860 903 2937 966 12
2980 903 3242 970 Ἁλίζων

659 1015 830 1079 inter
886 1013 1150 1077 nomina
1203 1008 1745 1098 hyperdisyllaba
1813 1010 2134 1096 barytona
2193 1011 2261 1072 in
2313 1013 2422 1076 ’ὤν’
2472 1008 2674 1072 refert
2738 1006 2984 1092 pariter
3047 1015 3244 1091 atque

662 1119 958 1201 Theogn.
1012 1116 1129 1191 33,
1184 1113 1300 1195 22,
1354 1113 1453 1202 St.
1510 1113 1588 1177 B.
1646 1136 1699 1176 s.
1755 1137 1818 1176 v.
1876 1113 2207 1180 Ἁλιζῶνες
2279 1111 2536 1192 scribit,
2596 1108 2889 1193 Theogn.
2952 1107 3103 1189 127,
3160 1107 3244 1171 28

662 1222 930 1288 Λύκειον
976 1218 1351 1302 (γυμνάςιον
1395 1216 1741 1299 Ἀθήνηςι),
1787 1214 1883 1280 St.
1927 1214 2001 1279 B.
2051 1215 2320 1281 Λυκεῖον
2364 1212 2662 1293 exhibet,
2708 1209 2954 1296 Herod.
3003 1211 3243 1290 Εὐηνός

667 1322 844 1387 acuit
901 1318 1174 1404 (Arcad.
1217 1317 1334 1399 65,
1385 1317 1476 1403 1),
1536 1317 1627 1382 St.
1689 1339 1739 1380 s.
1798 1317 2128 1397 Λυκόρμας
2183 1324 2750 1402 proparoxytonos
2805 1313 3044 1392 Εὔηνος
3096 1333 3244 1398 pro-

665 1425 828 1506 fert3
874 1446 938 1509 p.
983 1422 1130 1504 487,
1175 1420 1216 1483 2
1262 1419 1502 1485 diserte
1548 1418 1905 1484 secundum
1951 1417 2402 1483 Herodianum
2448 1417 2638 1482 docet
2682 1416 2777 1481 St.
2822 1416 2969 1497 487,
3014 1414 3056 1478 2
3099 1415 3243 1482 ὀξύ-

665 1547 839 1593 νεται
883 1526 958 1591 τὸ
1005 1524 1358 1606 Οἰνωτρός,
1401 1532 1619 1586 tamen
1664 1529 2038 1602 constanter
2081 1520 2284 1586 octies
2331 1518 2547 1585 decies
2592 1518 2658 1582 in
2705 1516 2897 1584 codd.
2930 1516 3246 1603 Stephani

667 1628 994 1706 Οἴνωτρος
1048 1624 1286 1711 legitur
1339 1632 1639 1690 monente
1695 1622 1986 1687 Meinek.
2048 1623 2133 1688 ad
2195 1622 2349 1703 118,
2395 1622 2455 1685 3.
2544 1618 2790 1685 Herod.
2847 1641 2953 1704 ap.
3000 1618 3239 1683 Arcad.

669 1731 817 1811 120,
863 1728 945 1792 28
999 1729 1188 1793 unice
1245 1726 1483 1813 probat
1544 1728 1976 1806 Καναςτραῖον
2032 1723 2685 1811 properispomenon,
2746 1720 2969 1807 Steph.
3027 1732 3242 1786 autem

665 1831 746 1896 de
802 1840 1071 1895 accentu
1125 1829 1415 1894 dubitat:
1481 1829 1873 1913 Κάναςτρον,
1931 1827 2131 1907 ἄκρον
2189 1829 2439 1911 Θρᾴκης
2505 1828 2608 1891 καὶ
2663 1825 3080 1892 Μακεδονίας.
3167 1826 3243 1890 τὸ

666 1934 918 1999 ἐθνικὸν
989 1933 1440 2010 Καναςτραῖος·
1507 1930 1843 2012 (οφοκλῆς
1904 1932 1976 1995 δὲ
2044 1929 2573 2010 ὑπομνηματίζων
2645 1929 2724 1993 τὰ
2789 1927 3244 2006 Ἀργοναυτικὰ

665 2037 1181 2114 «Καναςτραῖον»
1229 2034 1420 2113 φηςίν
1468 2032 1910 2111 «ἀκρωτήριον
1943 2034 2056 2111 τῆς
2087 2033 2504 2111 Παλλήνης»·
2550 2030 2704 2096 ἀλλ’
2735 2029 3135 2094 ἐναντιοῦται
3164 2029 3244 2093 τὰ

665 2138 910 2220 ἑθνικά,
956 2137 1011 2202 εἰ
1054 2138 1134 2217 μὴ
1179 2135 1282 2200 καὶ
1322 2138 1516 2199 τοῦτο
1563 2131 1681 2217 (sc.
1734 2133 2192 2219 Κανάςτραιον)
2240 2133 2611 2215 ἐκλάβοιμεν
2656 2130 3108 2211 παραπληςίως
3151 2138 3243 2215 τῷ

665 2240 937 2318 Λέχαιον
983 2239 1085 2303 καὶ
1114 2238 1383 2316 Λεχαῖος
1427 2237 1529 2300 καὶ
1566 2236 1832 2302 Λύκειον
1877 2237 1952 2302 τὸ
1997 2235 2343 2316 γυμνάςιον
2392 2234 2591 2320 (unde
2620 2232 2798 2300 locus
2831 2230 3050 2318 paullo
3094 2242 3245 2297 ante

664 2339 900 2404 allatus
957 2339 1041 2404 ab
1107 2339 1532 2424 epitomatore
1588 2348 1930 2424 corruptus
1988 2337 2276 2422 videtur)
2335 2340 2438 2403 καὶ
2497 2337 2761 2402 Λυκεῖος
2817 2336 2854 2400 ὁ
2908 2336 3244 2401 Ἀπόλλων

668 2444 770 2508 καὶ
831 2442 1170 2522 Νύμφαιον
1227 2442 1328 2506 καὶ
1390 2442 1740 2521 Νυμφαῖος.
1784 2478 1871 2488 -
1915 2439 2062 2504 Hoc
2116 2438 2256 2504 loco
2318 2438 2685 2525 Stephanus
2741 2460 2871 2502 non
2925 2446 3001 2502 ut
3055 2437 3242 2518 solet,

663 2541 859 2608 nullis
925 2543 1310 2628 ambagibus
1367 2541 1732 2608 Herodiani
1799 2541 2187 2607 sententiam
2243 2539 2689 2627 amplectitur,
2760 2538 2877 2604 sed
2941 2539 3081 2627 ipse
3139 2539 3243 2604 de·

663 2645 932 2728 liberat,
1001 2643 1129 2710 alio
1196 2643 1335 2710 loco
1397 2646 1838 2711 necessarium
1889 2643 2141 2709 iudicat
2194 2641 2557 2708 Herodiani
2608 2664 2856 2707 canone
2911 2642 3245 2727 proposito

664 2770 928 2830 cavere,
996 2769 1078 2812 ne
1143 2745 1558 2813 Herodianus
1625 2746 1793 2812 male
1863 2745 2307 2832 intellegatur:
2375 2745 2667 2813 Πιάςταιῑ
2730 2744 3107 2826 «βαρύνεται
3174 2746 3245 2811 δὲ

665 2853 901 2933 ὁμοίως
944 2858 1036 2938 τῷ
1082 2851 1393 2930 Ὀρέςται·
1451 2852 1688 2932 ὁμοίως
1746 2853 1816 2916 δὲ
1873 2853 1976 2916 καὶ
2032 2851 2094 2915 οἱ
2138 2850 2411 2915 Διὲςται.
2502 2848 2909 2913 Μακεδονικὰ
2964 2848 3035 2912 δέ
3092 2848 3244 2913 εἰςιν

663 2955 833 3033 ἔθνη.
903 2955 1006 3017 καὶ
1049 2953 1111 3018 οἱ
1152 2954 1476 3019 Πιάςται».
1566 2956 1685 3034 χρὴ
1731 2955 1802 3018 δὲ
1848 2954 2112 3036 εἰδέναι,
2159 2953 2257 3017 ὅτι
2303 2951 2382 3016 οὔ
2428 2972 2577 3030 φηςι
2624 2951 2725 3015 καὶ
2767 2950 2922 3015 τοὺς
2962 2950 3243 3015 Πιάςτας

666 3055 1108 3122 Μακεδονικὸν
1174 3055 1363 3120 ἔθνος
1428 3055 1625 3139 εἶναι,
1691 3055 1859 3120 ἀλλὰ
1920 3054 2515 3135 ςυμβαρυνομένους
2579 3056 2717 3117 τοῖς
2781 3052 3074 3117 Διέςταις
3142 3055 3246 3118 καὶ

666 3159 1014 3241 Ὀρέςταις,
1058 3156 1173 3220 ubi
1217 3178 1347 3221 non
1392 3178 1554 3242 opus
1600 3166 1701 3221 est
1743 3165 2011 3241 propter
2041 3177 2188 3237 φηςι
2234 3159 2296 3219 in
2341 3153 2664 3241 principio
2711 3162 2860 3218 ante
2907 3155 3244 3236 βαρύνεται

664 3280 903 3345 ponere
961 3257 1354 3337 Ἡρωδιανὸς
1417 3280 1566 3322 cum
1623 3256 1990 3337 MeinekiO,
2050 3255 2203 3321 vide
2257 3256 2464 3322 Lehrs
2522 3255 2607 3320 ad
2662 3255 2839 3320 Mon.
2903 3278 2967 3341 p.
3011 3254 3114 3319 44.
3161 3291 3244 3301 —-

665 3360 964 3445 Denique
1019 3381 1150 3423 non
1205 3359 1748 3445 praetereundum
1805 3368 1907 3423 est
1950 3357 2350 3446 Stephanum
2395 3358 2471 3424 B.
2519 3382 2571 3424 s.
2616 3360 2850 3438 Ἀργος
2906 3356 3245 3422 discedere

666 3484 706 3525 a
749 3483 998 3525 canone
1041 3459 1127 3524 ab
1171 3460 1548 3525 Herodiano
1592 3460 1658 3524 in
1702 3459 1780 3527 Il.
1827 3461 1937 3526 Pr.
1983 3462 2040 3526 Φ
2081 3460 2205 3525 471
2264 3471 2513 3526 statuto
2569 3469 2633 3526 et
2677 3459 2859 3546 sequi
2914 3459 3015 3542 id,
3073 3460 3245 3546 quod

667 3560 881 3627 Schol.
928 3560 991 3623 V
1049 3561 1132 3624 ad
1178 3562 1257 3625 Il.
1303 3560 1344 3627 l.
1394 3585 1450 3627 c.
1479 3562 1729 3645 tradit,
1777 3566 2060 3642 Ἀργεῖος
2113 3585 2242 3628 non
2297 3562 2381 3628 ab
2439 3573 2667 3627 neutro
2710 3564 2976 3642 Ἄργος,
3034 3561 3148 3626 sed
3206 3584 3248 3625 a

666 3663 1005 3728 conditore
1049 3665 1281 3742 Ἄργος
1325 3665 1709 3751 propagari,
1755 3674 1951 3750 atque
1996 3663 2256 3730 Scholia
2300 3664 2385 3727 ad
2429 3663 2786 3729 Homerum
2842 3686 2988 3728 eum
3032 3663 3245 3749 inspe-

663 3766 845 3831 xisse
912 3764 1042 3829 iam
1099 3787 1297 3850 supra
1353 3787 1416 3850 p.
1465 3764 1801 3829 GXXXX
1859 3764 2028 3847 dixi,
2083 3787 2256 3830 nunc
2317 3764 2521 3847 addo,
2579 3763 2754 3851 quod
2808 3765 2937 3830 iam
2996 3764 3249 3829 monuit

669 3867 1065 3949 Meinekius,
1099 3866 1294 3930 etiam
1340 3866 1408 3929 in
1440 3864 1714 3933 articulo
1745 3870 2063 3950 Καβαςςός
2093 3868 2407 3955 quaedam
2458 3868 2539 3933 de
2573 3869 2882 3949 Καβηςςός
2910 3890 2993 3933 ex
3025 3866 3241 3934 Schol.

664 3970 749 4036 ad
795 3968 874 4034 Il.
927 3971 975 4034 Ν
1022 3968 1147 4033 363
1191 3968 1394 4053 petita
1438 3990 1597 4033 esse.

835 4071 940 4135 Ex
983 4070 1098 4152 iis,
1156 4092 1322 4155 quae
1367 4069 1580 4135 adhuc
1638 4073 1945 4158 exposui,
2005 4094 2320 4160 apparere
2375 4073 2605 4158 opinor
2660 4072 3062 4159 Stephanum
3115 4075 3247 4159 By·

663 4173 950 4237 zantium
1006 4171 1073 4234 in
1127 4171 1322 4236 rebus
1378 4174 1825 4257 grammaticis
1880 4174 2156 4260 ubique,
2212 4174 2341 4238 nisi
2397 4184 2572 4238 certa
2626 4174 2946 4261 quaedam
3000 4174 3248 4240 indicia

663 4274 1060 4340 contrarium
1104 4273 1416 4355 innuunt,
1475 4275 1837 4340 Herodiani
1898 4276 2181 4360 vestigia
2235 4277 2578 4361 pressisse.
2674 4277 2820 4342 Iam
2875 4286 3114 4358 restat,
3173 4288 3249 4343 ut

665 4376 1106 4441 demonstrem
1151 4397 1191 4439 a
1221 4375 1551 4463 Stephano
1596 4379 1861 4443 nomina
1889 4376 2322 4463 geographica
2365 4377 2432 4441 in
2477 4377 2778 4444 lemmate
2823 4377 3246 4444 articulorum
3365 4456 3373 4465 ἱ

663 4488 728 4544 et
773 4475 1006 4542 mediis
1050 4477 1118 4540 in
1160 4478 1452 4544 articulis
1510 4479 1727 4567 posita
1783 4502 1929 4544 cum
1984 4477 2526 4565 explicationibus
2580 4504 2712 4547 non
2767 4482 2975 4548 solum
3033 4503 3246 4566 gram-

662 4579 954 4661 maticis,
1002 4577 1119 4643 sed
1171 4581 1370 4644 etiam
1426 4581 1782 4664 historicis,
1841 4590 2160 4669 quatenus
2217 4605 2365 4647 cum
2420 4583 2699 4648 nominis
2754 4582 2963 4670 ipsius
3020 4583 3245 4649 defini·

662 4683 840 4747 tione
885 4691 950 4745 et
994 4680 1425 4765 originatione
1470 4683 1852 4749 coniunctae
1898 4694 2077 4764 sunt,
2124 4706 2209 4748 ex
2253 4683 2619 4749 Herodiani
2677 4686 2962 4751 maxime
3007 4684 3244 4751 Catho—

662 4781 789 4847 lica
831 4785 925 4847 ita
968 4782 1176 4870 petita
1220 4805 1396 4865 esse,
1442 4793 1544 4865 ut,
1591 4808 1789 4872 quum
1835 4785 2250 4851 Herodianus
2296 4786 2456 4852 haec
2508 4789 2772 4854 nomina
2814 4809 2889 4854 eo
2935 4785 3112 4870 loco,
3158 4787 3247 4853 ad

663 4906 855 4971 quem
900 4894 1164 4971 propter
1207 4896 1547 4952 accentum
1591 4909 1674 4952 ex
1720 4887 2178 4954 terminatione
2223 4897 2539 4954 statutum
2600 4891 2961 4977 pertinent,
3009 4910 3247 4976 propo-
