3664 5546
1445 470 1869 519 PRAEFATIO.
2766 472 2959 519 xcvn

382 651 445 714 p.
503 623 884 707 XXXVII,
951 646 1204 689 summa
1266 623 1460 688 huius
1527 622 1718 704 libri,
1785 633 1860 688 ut
1921 622 2432 705 demonstretur,
2499 647 2669 710 quae
2735 622 2962 690 literae

384 730 678 794 connecti
721 735 996 814 possent
1038 749 1333 814 quaeque
1377 748 1510 791 non
1551 735 1839 812 possent.
1929 725 2127 790 Initio
2172 725 2325 791 libri
2381 727 2577 791 etiam
2629 726 2697 792 id
2750 728 2964 793 obiter

383 832 682 916 tetigisse
726 836 942 916 potest
981 827 1435 908 HerodianuS,
1482 850 1598 892 cur
1641 828 1868 893 literae
1913 849 1989 893 eo
2035 850 2161 915 quo
2210 827 2421 894 solent
2462 827 2689 894 ordine
2735 851 2804 892 se
2851 851 2962 893 ex-

385 934 707 1019 ciperent,
776 952 894 996 cur
953 929 998 995 ἆ
1058 929 1313 995 literam
1381 929 1571 996 litera
1628 920 1666 1011 β
1715 940 2097 1018 sequeretur
2161 940 2227 995 et
2279 929 2535 996 literam
2591 917 2626 1011 ᾗ
2679 929 2871 995 litera
2922 936 2963 1009 Ῠ

385 1037 566 1121 (nam
613 1034 696 1098 ab
739 1032 865 1097 hac
923 1031 1300 1119 quaestione
1357 1041 1606 1096 veteres
1663 1054 1792 1097 non
1845 1031 2243 1097 abstinuisse
2298 1031 2490 1097 docet
2531 1031 2833 1120 Apollon.
2880 1032 2962 1097 de

357 1147 671 1223 tsyntsp.
721 1135 821 1216 10,
873 1134 952 1197 10
993 1134 1142 1200 ἴεωε
1187 1137 1259 1200 δὲ
1302 1136 1404 1200 καὶ
1444 1136 1483 1213 ἡ
1527 1135 1698 1203 τάξι(
1739 1140 1872 1201 τῶν
1918 1136 2244 1215 ετοιχείων
2301 1135 2371 1199 ἐν
2417 1135 2591 1219 λόγῳ
2635 1139 2962 1216 παραλαμ-

390 1238 707 1318 βανομὲνη
752 1241 870 1302 τοῦ
913 1238 1075 1301 omri
1117 1237 1192 1302 τὸ
1237 1241 1279 1300 ἇ
1320 1238 1676 1320 πρόκείται,
1722 1236 1861 1301 εἶτα
1901 1237 2031 1317 μετ’
2073 1236 2229 1302 αὐτὸ
2274 1237 2349 1302 τὸ
2398 1223 2462 1321 ᾗ,
2507 1236 2833 1316 ἀπαιτήεει
2863 1239 2965 1302 καὶ

385 1342 504 1419 τὴν
547 1340 703 1404 κατὰ
750 1340 949 1415 λόγον
992 1344 1121 1405 τῶν
1177 1343 1388 1420 μερῶν
1442 1343 1559 1404 τοῦ
1618 1339 1815 1415 λόγου
1869 1339 2107 1419 τάξιν),
2164 1337 2275 1404 scd
2324 1338 2521 1403 cardo
2566 1336 2718 1402 libri
2762 1339 2830 1402 in
2887 1360 2962 1403 eo
3010 1396 3035 1414 ,

389 1441 806 1521 vertebatur,
863 1462 1028 1526 quae
1081 1437 1310 1505 literae
1362 1463 1572 1527 quave
1625 1441 1880 1505 ratione
1933 1440 2106 1503 inter
2169 1461 2238 1503 se
2291 1441 2653 1506 consociari
2707 1451 2965 1528 queant,

385 1563 590 1629 quare
635 1563 863 1606 verum
905 1539 1056 1606 libri
1101 1540 1362 1606 titulum
1405 1543 1552 1621 περὶ
1596 1542 1947 1610 ευντάξεωε
1992 1563 2136 1605 esse
2184 1542 2484 1608 arbitror.

560 1643 719 1709 Tria
773 1651 1026 1707 tantum
1081 1641 1272 1709 titulo
1327 1643 1647 1730 inscripta
1698 1643 2074 1729 fragmenta
2140 1653 2521 1730 supersunt,
2589 1642 2705 1707 sed
2761 1644 2968 1709 multa

390 1766 622 1832 sparsa
675 1754 828 1809 sunt
881 1766 999 1831 per
1053 1744 1548 1830 epitomatorum
1616 1757 1958 1833 excerpta,
2024 1744 2120 1809 ita
2185 1756 2259 1810 ut
2316 1742 2467 1810 libri
2531 1743 2966 1812 adumbrandi

390 1845 673 1912 facultas
721 1846 878 1910 data
922 1846 1027 1911 sit.

561 1949 961 2032 Fragmenta
1017 1946 1245 2013 relicta
1304 1970 1692 2034 comparans
1747 1970 1895 2012 cum
1951 1947 2061 2029 iis,
2129 1969 2293 2035 quae
2340 1947 2408 2011 in
2451 1949 2665 2014 Bekk.
2713 1949 2963 2015 Anecd.

393 2051 460 2114 in
493 2047 768 2114 Scholiis
813 2048 899 2113 ad
928 2049 1204 2136 Dionys.
1249 2051 1372 2115 sub
1416 2047 1606 2115 titulo
1650 2052 1795 2131 περὶ
1842 2051 2164 2130 στοιχείων
2207 2072 2272 2135 p.
2305 2050 2638 2115 770-819
2680 2060 2965 2133 exstant,

396 2152 621 2238 opinor
663 2152 889 2237 paucis
935 2152 1154 2216 verbis
1201 2150 1281 2215 de
1324 2151 1656 2216 literarum
1702 2161 1768 2216 et
1813 2173 2078 2216 numero
2126 2161 2190 2215 et
2234 2150 2457 2216 ordine
2502 2161 2567 2217 et
2610 2154 2867 2218 nomine
2897 2155 2965 2217 in

393 2253 768 2318 universum
836 2253 1210 2340 praemissis
1279 2254 1560 2338 primum
1617 2253 1697 2318 de
1754 2252 2090 2318 vocalibus
2156 2263 2375 2318 actum
2441 2276 2612 2337 esse,
2680 2266 2819 2319 tum
2886 2255 2966 2319 de

395 2355 924 2420 consonantibus
1013 2355 1115 2418 De
1169 2352 1507 2420 vocalibus
1566 2355 1658 2419 sic
1714 2355 2075 2441 disputatio
2130 2355 2434 2420 instituta
2487 2379 2630 2421 esse
2685 2357 2966 2439 videtur,

395 2467 469 2521 ut
510 2457 791 2542 primum
834 2455 1193 2521 seeundum
1236 2458 1663 2542 quantitatem
1711 2456 2025 2543 temporis
2074 2456 2652 2539 distribuerentur,
2710 2459 2778 2521 in
2833 2480 2964 2543 quo

397 2557 889 2643 disceptabatur
933 2559 1102 2623 inter
1145 2557 1305 2641 alia,
1363 2568 1513 2623 utra
1565 2557 1812 2623 vocalis
1868 2559 2133 2623 brevior
2187 2568 2359 2623 esset
2416 2565 2449 2624 'c'
2492 2581 2575 2623 an
2621 2565 2658 2624 ὅ
2715 2560 2825 2642 (fr.
2876 2561 2965 2644 1),

397 2670 535 2725 tum
592 2660 674 2724 de
727 2661 1130 2725 connexione
1195 2658 1600 2745 singularum
1662 2682 1807 2725 cum
1874 2659 2019 2724 aliis
2076 2659 2412 2725 vocalibus
2471 2661 2583 2747 (ῐῖᾷ
2625 2661 2704 2725 fr.
2751 2662 2823 2743 2,
2881 2669 2965 2740 ῆύ

398 2764 482 2829 fr.
515 2762 586 2849 3)
634 2771 702 2828 et
742 2763 1247 2829 consonantibus
1283 2761 1389 2847 (654
1420 2762 1503 2829 fr.
1534 2763 1602 2845 6)
1650 2771 2114 2849 exponeretur,
2160 2762 2230 2826 in
2261 2786 2393 2849 qua
2434 2785 2506 2828 re
2547 2763 2615 2827 in
2646 2762 2966 2851 principio

395 2865 746 2950 singularis
811 2854 1058 2931 vocalis
1123 2887 1286 2951 quae
1352 2866 1433 2930 de
1497 2865 1758 2929 nomine
1822 2865 1963 2929 cius
2031 2862 2249 2951 deque
2307 2866 2633 2951 scriptura
2696 2875 2966 2930 accentu

396 2968 604 3052 digna
646 2960 865 3033 essent
908 2976 1165 3048 notatu,
1214 2969 1546 3053 proposita
1589 2967 1856 3032 fuerunt
1901 2966 2011 3051 (fr.
2041 2967 2084 3029 4
2127 2966 2209 3030 de
2252 2966 2434 3054 iota).
2524 2968 2672 3048 Qua
2713 2967 2967 3031 ratione

390 3070 464 3133 in
507 3069 810 3135 consonis
857 3068 1280 3155 processerit,
1324 3093 1498 3134 nunc
1530 3067 1896 3134 accuratius
1928 3088 2316 3151 cognoscere
2356 3068 2510 3133 licet
2539 3091 2623 3133 ex
2654 3069 2967 3155 opusculo

393 3171 727 3237 Timothei
772 3170 996 3235 Gazae
1040 3171 1307 3237 κανόνες
1351 3173 1676 3236 καθολικοὶ
1718 3172 1865 3251 περὶ
1910 3170 2259 3238 (υντάξεωε
2316 3170 2564 3236 Anecd.
2612 3171 2820 3235 Paris.
2867 3170 2964 3233 IV

389 3272 735 3337 239—244
762 3280 926 3336 extr.
944 3319 963 3353 ,
1009 3271 1182 3358 quod
1227 3272 1292 3336 in
1324 3271 1684 3338 Herodiani
1730 3270 1897 3337 libro
1928 3271 2049 3336 niti
2079 3271 2232 3336 inde
2262 3269 2495 3353 claret,
2542 3271 2716 3360 quod
2758 3272 2971 3360 prima

391 3374 720 3462 particula
752 3373 924 3460 (293,
962 3373 1271 3456 15—240,
1302 3374 1373 3459 4)
1407 3373 1489 3439 de
1531 3372 1869 3439 literarum
1903 3373 1972 3437 in
2006 3371 2292 3459 syllabas
2329 3374 2729 3459 digestione,
2774 3397 2966 3461 quam

391 3475 849 3542 Herodianum
906 3476 1102 3540 etiam
1163 3476 1230 3539 in
1283 3474 1766 3563 Orthographia
1827 3485 2145 3541 tractasse
2207 3477 2448 3541 scimus
2512 3498 2596 3541 ex
2644 3476 2966 3542 Priscian.

391 3580 470 3643 II
515 3579 591 3662 3,
635 3578 936 3663 congruit
994 3600 1141 3643 cum
1198 3576 1498 3643 doctrina
1540 3576 1958 3643 Herodianea
2010 3600 2051 3641 a
2108 3578 2443 3643 Prisciano
2501 3588 2566 3643 et
2618 3579 2968 3645 Eustathio

391 3690 681 3745 servata.
741 3678 967 3765 Neque
1012 3689 1232 3744 autem
1277 3680 1510 3744 mirum
1556 3688 1656 3743 est
1695 3678 2143 3745 Herodianum
2188 3680 2269 3744 de
2300 3680 2527 3745 eadem
2572 3703 2641 3745 re
2687 3681 2968 3745 diversis

390 3782 561 3848 locis
607 3780 1026 3857 disseruisse,
1072 3804 1267 3868 quum
1314 3790 1655 3868 appareat,
1702 3804 1894 3868 quam
1941 3792 2119 3845 arcte
2164 3781 2321 3847 haec
2377 3781 2458 3846 de
2513 3782 2777 3867 syntaxi
2832 3781 2969 3846 lite·

385 3906 616 3948 rarum
660 3882 1016 3971 disputatio
1060 3884 1402 3950 cohaereat
1444 3895 1510 3950 et
1549 3907 1695 3948 cum
1734 3881 2217 3968 orthographia
2262 3893 2326 3947 et
2365 3906 2513 3948 cum
2558 3883 2966 3969 Pathologia.

387 3988 604 4051 Porro
667 3985 844 4072 quod
908 4009 947 4050 a
1012 3986 1194 4052 Gaza
1266 3987 1346 4051 de
1413 3987 1776 4067 λαγβάτανα
1841 3984 2153 4066 traditur,
2219 3986 2502 4050 concinit
2562 4008 2711 4050 cum
2775 3985 2968 4050 huius

385 4084 605 4152 libelli
648 4086 1015 4172 fragmento
1060 4109 1165 4173 ap.
1213 4087 1435 4173 Steph.
1481 4087 1558 4151 B.
1605 4085 1647 4151 l.
1693 4110 1786 4168 c.,
1832 4109 1999 4174 quae
2044 4109 2107 4173 p.
2141 4087 2288 4169 243,
2334 4086 2585 4150 24-29
2629 4087 2967 4173 proferun-

385 4201 540 4270 tur,
586 4191 998 4254 consentiunt
1041 4211 1188 4253 cum
1230 4187 1588 4254 Herodian.
1636 4211 1741 4275 ap.
1787 4188 2019 4253 Choer.
2063 4188 2219 4265 503,
2280 4198 2345 4252 et
2387 4211 2551 4274 quae
2609 4188 2690 4253 de
2735 4181 2768 4252 Ε
2822 4208 2969 4251 cum

381 4290 700 4356 omnibus
746 4291 943 4357 mutis
990 4293 1060 4358 ἐν
1106 4293 1411 4371 ευλλήψει
1455 4289 1941 4377 pronunciando
1996 4289 2374 4373 traduntur,
2432 4292 2781 4356 concinunt
2820 4312 2968 4354 cum

381 4394 764 4477 fragmento
809 4392 879 4456 in
924 4391 998 4457 E.
1045 4392 1131 4458 M.
1176 4392 1320 4474 249,
1373 4394 1469 4474 15,
1516 4391 1692 4478 quod
1739 4391 1876 4455 sine
1923 4390 2121 4456 dubio
2167 4390 2527 4456 Herodiani
2552 4402 2693 4457 est.
2780 4390 2969 4455 Hanc

382 4497 485 4562 ob
556 4515 817 4558 causam
885 4494 1006 4558 hoc
1070 4504 1276 4559 totum
1341 4493 1666 4559 Timothei
1732 4493 1958 4556 Gazae
2018 4490 2313 4557 libellum
2377 4494 2545 4558 inter
2608 4493 2972 4577 fragmenta

381 4594 769 4662 Herodiani
810 4595 1024 4680 recepi
1068 4596 1163 4661 ita
1203 4607 1277 4661 ut
1318 4597 1593 4683 primam
1639 4590 2025 4680 particulam
2079 4594 2161 4657 de
2204 4591 2605 4679 syllabarum
2662 4593 2970 4659 distribu-

382 4701 615 4776 tione,
660 4718 740 4760 ne
782 4696 955 4762 idem
999 4697 1103 4762 bis
1147 4720 1480 4783 ponerem,
1527 4696 1613 4760 ad
1656 4693 2181 4779 orthographiam
2225 4693 2612 4778 relegarem,
2658 4695 2973 4780 reliquam

383 4810 656 4887 partem
699 4797 847 4862 huic
892 4796 1110 4864 libello
1156 4800 1579 4883 assignarem.
1623 4799 1893 4862 Praeter
1934 4818 2146 4882 pauca
2188 4796 2587 4881 fragmenta,
2634 4819 2800 4883 quae
2846 4799 2971 4863 sub

383 4900 766 4966 Herodiani
817 4902 1076 4966 nomine
1132 4911 1391 4966 servata
1444 4901 1790 4981 habemus,
1854 4897 1982 4961 huc
2048 4897 2386 4963 referenda
2442 4907 2594 4962 sunt
2656 4898 2971 4964 nonnulla

467 5036 853 5076 annorumve.
893 5025 934 5075 Ι.
2527 5019 2573 5084 g
