3664 5546
102 0 3367 106 —

1470 453 1889 502 rammi-10.
2168 505 2175 522 ¹
2752 456 2971 503 cxx1x

323 671 336 680 .
388 623 603 677 tamen
650 609 911 695 ineptiis
958 607 1095 672 suis
1142 607 1386 672 additis
1434 616 1497 670 et
1541 607 1824 672 auctoris
1873 608 2197 672 sententia
2240 629 2552 694 perversa
2595 608 2973 697 plerumque

388 714 810 797 exstinguere
864 732 991 774 non
1052 718 1425 796 potuerunt.
1516 710 1623 774 Sic
1666 709 1980 775 Lehrsius
2026 709 2224 775 Arist.
2281 735 2342 796 p.
2388 711 2510 776 387
2557 711 2659 776 ed.
2707 712 2778 777 II
2823 713 2974 777 arti·

389 815 608 880 culum
654 814 722 877 in
766 811 890 900 Ep.
939 810 1048 877 Cr.
1096 810 1129 875 I
1175 835 1238 899 p.
1269 810 1426 893 488,
1472 810 1554 875 26
1600 813 1688 878 ὥς
1730 822 2079 899 propterea
2123 811 2206 877 ab
2239 811 2614 879 Herodiano
2659 836 2788 878 non
2831 837 2975 901 pro-

391 917 636 982 fectum
683 938 824 980 esse
871 936 1122 979 summo
1181 915 1320 976 iure
1381 912 1752 996 contendit,
1810 912 1986 998 quod
2041 914 2125 978 ad
2182 913 2677 1002 discipulorum,
2737 916 3011 1003 quibus‘

390 1017 816 1084 Herodianus
882 1038 1010 1080 non
1082 1014 1374 1100 scripsit,
1434 1026 1697 1102 captum
1754 1016 2281 1080 accommodatus
2350 1027 2482 1099 est,
2550 1019 2663 1083 sed
2728 1017 2976 1084 fontem

321 1163 332 1168 -
393 1143 540 1185 esse
585 1118 1073 1184 Herodianeum
1138 1115 1291 1180 inde
1337 1114 1699 1198 concludit,
1756 1117 1930 1203 quod
1986 1141 2117 1183 non
2172 1119 2380 1183 solum
2436 1120 2859 1185 Aristarchus
2916 1131 2982 1184 et

261 1215 270 1224 ⁸
395 1222 736 1310 Tyrannio
780 1221 1232 1300 nominantur,
1274 1217 1390 1283 sed
1437 1218 1633 1283 etiam
1679 1219 2003 1305 quaedam
2048 1219 2349 1307 exempla
2393 1223 2729 1308 proposita
2772 1221 2976 1287 Hero-

399 1324 576 1389 diani
639 1323 1012 1388 memoriam
1079 1321 1390 1386 excitant.
1493 1320 1807 1386 Similiter
1873 1345 1937 1408 p.
1994 1322 2152 1404 445,
2207 1322 2292 1386 20
2357 1345 2524 1409 quae
2586 1324 2666 1388 de
2730 1325 2979 1390 ἐώθουν

398 1429 652 1507 ἑώρακα
706 1424 853 1490 aliis
909 1423 1286 1503 traduntur,
1343 1444 1736 1509 quamquam
1792 1424 2113 1510 quaedam
2182 1424 2398 1489 aliena
2452 1426 2754 1490 immixta
2809 1437 2981 1506 sunt,

399 1540 616 1594 tamen
662 1550 746 1592 ex
791 1524 1173 1592 Herodiano
1220 1525 1518 1590 derivata
1562 1548 1702 1590 esse
1760 1524 2063 1610 exempla
2121 1550 2203 1591 ex
2250 1526 2721 1613 Aristophane,
2768 1527 2983 1614 Eupo-

403 1630 559 1710 lide,
608 1628 1052 1694 Demosthene
1097 1625 1296 1692 allata
1342 1626 1714 1693 ostendunt.
1778 1627 2115 1693 Articulus
2160 1632 2349 1710 χερός
2393 1652 2457 1716 p.
2503 1630 2650 1714 440,
2696 1640 2983 1716 praeter-

404 1755 596 1819 quam
642 1730 815 1818 quod
863 1730 1080 1795 verbis
1127 1730 1314 1810 φθείρ
1345 1730 1471 1795 εἴτε
1517 1732 1688 1810 ἥρω(
1735 1731 1858 1796 εἴτε
1905 1737 2078 1816 ζῷον
2123 1731 2248 1796 εἴτε
2282 1733 2318 1797 ὁ
2352 1734 2594 1812 καρπὸς
2622 1737 2732 1813 τῆς
2761 1735 2985 1799 πίτυος

405 1835 797 1920 epitomator
874 1833 958 1898 ob
1030 1831 1424 1896 brevitatem
1489 1832 1855 1897 Herodiani
1914 1833 2318 1896 ‘sententiam
2393 1835 2714 1920 corrupit,
2790 1856 2984 1921 quem

407 1938 557 2018 Φθίρ
607 1936 947 2022 proprium
993 1956 1111 2020 per
1164 1937 1186 1999 i
1234 1934 1576 2019 scripsisse
1622 1934 1864 1999 scimus
1880 1984 1897 2015 ,
1956 1944 2055 1998 est
2097 1933 2587 2018 HerodianeuS,
2645 1933 2819 2022 quod
2876 1935 2983 2000 de-

407 2047 727 2105 monstrat
771 2048 836 2101 et
880 2035 1213 2101 doctrinae
1258 2036 1692 2123 praestantia,
1742 2037 2098 2103 Simonidis
2158 2047 2222 2102 et
2268 2037 2691 2124 Hippocratis
2735 2039 2983 2119 citatio,

404 2162 594 2229 porro
652 2136 1092 2219 Artemidori,
1152 2160 1342 2224 quem
1397 2161 1482 2203 ex
1540 2137 1634 2204 St.
1683 2139 1760 2202 Β.
1817 2140 1902 2204 ab
1959 2138 2337 2205 Herodiano
2393 2162 2589 2226 saepe
2647 2137 2983 2204 laudatum

103 2277 106 2364 Ι
407 2266 543 2308 esse
609 2241 946 2321 novimus,
1013 2249 1352 2325 praeterea
1419 2252 1723 2305 accurata
1790 2240 2288 2307 Homericorum
2356 2241 2834 2329 exemplorum,
2916 2243 2983 2307 in

406 2346 640 2432 quibus
687 2344 822 2424 χείρ
868 2365 983 2429 per
1029 2347 1082 2407 εἶ
1127 2349 1192 2405 et
1243 2364 1360 2427 per
1403 2347 1434 2408 ἒ
1489 2343 1841 2429 reperitur,
1895 2344 2319 2431 comparatio.
2415 2343 2509 2408 Ut
2563 2345 2790 2430 paucis
2847 2367 2984 2408 rem

103 2421 106 2540 ἑ
408 2446 749 2513 absolvam
810 2484 879 2493 —
945 2467 1095 2509 nam
1166 2444 1383 2510 omnia
1448 2445 1514 2508 in
1587 2443 1808 2510 limine
1886 2446 2100 2532 operis
2170 2447 2297 2509 mei
2363 2448 2667 2533 persequi
2720 2445 2986 2531 longum

103 2541 106 2586 ι

407 2560 506 2614 est
547 2549 805 2614 —oduo
849 2557 1104 2612 tantum
1151 2544 1451 2631 exempla
1494 2547 1560 2610 in
1605 2569 1881 2612 examen
1926 2570 2108 2613 voco.
2200 2543 2322 2633 Ep.
2375 2547 2525 2625 173,
2573 2547 2615 2612 5
2667 2546 2986 2613 articulus

399 2651 489 2716 de
535 2653 726 2734 εἴβειν
772 2659 836 2715 et
881 2652 1109 2732 λείβειν
1154 2647 1370 2735 prodit
1413 2647 1867 2715 Herodianum
1924 2660 2250 2714 auctorem
2312 2659 2620 2714 accurata
2674 2659 2740 2713 et
2786 2651 2983 2735 signi-

409 2753 727 2819 ficationis
795 2761 858 2818 et
920 2749 1161 2839 poetici
1228 2775 1383 2816 usus
1451 2752 1942 2835 observatione,
2006 2776 2132 2839 quo
2192 2752 2482 2836 accedit,
2551 2751 2722 2840 quod
2790 2753 2981 2817 etiam

103 2904 106 2941 ᾧ
410 2855 833 2921 derivationis
880 2866 945 2918 ct
989 2851 1444 2918 declinationis
1492 2854 1734 2919 mentio
1780 2854 1874 2919 fit.
1936 2854 2160 2940 Neque
2207 2855 2427 2920 obstat
2470 2854 2672 2942 quod,
2717 2864 2791 2919 ut
2819 2855 2983 2920 Lob.

103 2948 106 3065 h
408 2956 513 3022 El.
545 2957 580 3021 Ι
626 2958 746 3021 109
791 2955 1093 3037 adnotat,
1140 2978 1265 3020 non
1313 2956 1396 3020 ab
1442 2960 1614 3021 omni
1660 2968 1843 3044 parte
1889 2979 2115 3021 verum
2162 2967 2292 3039 est,
2341 2958 2396 3021 si
2453 2957 2859 3044 pertenditur
2902 2958 2984 3022 ab

103 3082 106 3149 Ι
412 3060 564 3141 εἴβω
607 3080 812 3146 neque
857 3056 1178 3122 vocabula
1222 3056 1510 3122 derivari
1554 3082 1764 3145 neque
1809 3069 2103 3145 tempora
2159 3060 2438 3142 moveri,
2496 3082 2692 3147 quum
2749 3060 2987 3140 εἷβιμοε

103 3158 104 3165 '
411 3171 476 3225 et
521 3163 705 3248 εἰφθῇ
750 3160 1171 3247 reperiantur.
1231 3160 1401 3227 Nam
1446 3158 1606 3226 haec
1652 3172 1785 3225 tam
1831 3160 2194 3246 singularia
2225 3171 2408 3244 sunt,
2456 3172 2528 3225 ut
2570 3160 2984 3225 Herodianus

103 3182 106 3373 ι
412 3286 491 3328 ea
546 3263 840 3328 consulto
886 3262 1404 3348 praetermittere
1459 3264 1760 3349 potuerit.
1851 3263 1917 3328 Si
1965 3286 2119 3328 vero
2176 3264 2258 3328 ob
2304 3264 2406 3345 id,
2464 3262 2637 3349 quod
2682 3265 2750 3326 in
2795 3263 2905 3328 αἶα
2950 3267 2989 3339 Ῠ

411 3364 735 3431 abiectum
765 3387 906 3429 esse
938 3364 1206 3445 dicitur,
1255 3364 1635 3450 Apollonio,
1684 3365 1793 3451 qui
1825 3365 1994 3431 hanc
2037 3368 2424 3431 sententiam
2472 3367 2550 3430 de
2581 3387 2762 3452 pron.
2808 3389 2871 3452 p.
2908 3367 2990 3430 74

411 3469 898 3553 pronunciavit,
946 3465 1320 3529 adscribere
1366 3464 1552 3531 malis
1606 3466 1728 3531 hoc
1785 3467 2258 3553 fragmentum,
2305 3469 2512 3550 ratio,
2571 3491 2700 3555 qua
2754 3467 2825 3532 id
2881 3468 2987 3533 de-

414 3580 840 3648 monstratur,
887 3570 1094 3652 magis
1142 3567 1500 3632 Herodiani
1546 3568 1776 3633 similis
1822 3580 1952 3649 cst,
2000 3570 2379 3656 praesertim
2440 3570 2492 3633 si
2548 3569 2846 3637 conferas
2895 3569 2988 3635 St.

412 3671 491 3735 B.
541 3696 590 3736 S.
637 3696 697 3735 v.
742 3677 855 3755 γῆ,
912 3670 1086 3735 unde
1128 3669 1234 3734 hic
1277 3668 1458 3735 locus
1504 3670 2088 3757 Epimerismorum
2144 3670 2391 3759 expleri
2448 3671 2646 3737 debet
2697 3676 2871 3753 παρὰ
2913 3675 2990 3738 τὸ

412 3778 569 3849 γαῖα
609 3777 719 3854 μὲν
766 3775 1026 3850 ἐγένετο
1085 3773 1387 3839 (ύνθετον
1443 3777 1750 3854 γαιήοχος
1804 3776 1909 3839 καὶ
1963 3777 2353 3853 παραγωγὸν
2414 3774 2534 3859 (sc.
2579 3775 2840 3854 γαιάτηε
2884 3772 2989 3837 vel

411 3878 688 3960 γαιήϊοε,
735 3897 904 3962 quae
948 3874 1144 3940 habet
1188 3873 1284 3939 St.
1331 3875 1436 3961 B.)
1487 3876 1640 3942 οὐδὲ
1686 3878 1860 3956 παρὰ
1904 3879 1981 3941 τὸ
2027 3875 2170 3959 αἶα,
2216 3900 2408 3961 quam
2453 3879 2666 3963 ipsam
2712 3876 2797 3940 ob
2844 3898 2986 3938 cau-

414 3999 558 4040 sam
599 3977 796 4041 etiam
841 4000 947 4064 ap.
994 3977 1087 4041 St.
1135 3976 1245 4057 B„
1294 3976 1400 4040 cui
1443 3978 1771 4042 maximae
1817 4000 2012 4043 curae
2057 3988 2157 4042 est
2202 3977 2501 4043 derivata
2556 4000 2595 4041 a
2651 3974 2988 4041 vocabulis

412 4079 483 4141 in
531 4077 821 4145 lemmate
851 4079 1086 4165 positis
1119 4077 1483 4164 explicare,
1532 4089 1781 4145 tantum
1811 4080 1932 4146 Αἶα
1961 4080 2327 4166 proprium,
2361 4104 2492 4145 non
2521 4076 2988 4166 appellativum

413 4181 531 4246 αἶα
572 4182 925 4266 profertur.
1023 4181 1377 4247 Praeterea
1431 4182 1628 4246 etiam
1685 4182 1770 4246 ad
1826 4180 2214 4247 vocabulum
2268 4183 2522 4263 κίνημαε
2583 4182 2686 4247 ἐπὶ
2740 4182 2989 4246 τούτων

414 4283 615 4348 οὐδὲν
656 4287 880 4365 κίνημα
924 4286 1097 4364 παρὰ
1141 4287 1216 4350 τὸ
1263 4284 1413 4365 εἴβω
1459 4283 1710 4348 attendi
1757 4282 1972 4347 velim.

615 4386 734 4450 Hic
799 4385 976 4450 locus
1049 4385 1208 4449 mihi
1273 4387 1824 4474 opportunitatem
1892 4386 2165 4471 praebet
2230 4386 2441 4452 obiter
2516 4383 2825 4471 tangendi
2896 4382 2985 4449 lo-

417 4510 573 4568 cos,
637 4490 743 4574 qui
812 4510 943 4553 non
1006 4487 1091 4552 ab
1158 4489 1333 4552 omni
1387 4500 1570 4575 parte
1635 4497 1813 4550 recta
1870 4487 2245 4552 contineant
2307 4510 2514 4576 neque
2569 4498 2784 4551 tamen
2840 4484 2987 4551 ideo

419 4588 792 4653 Herodiano
859 4587 1298 4655 abiudicanda
1363 4591 1520 4669 sint,
1590 4588 1645 4653 si
1713 4598 1894 4652 certa
1956 4590 2276 4675 quaedam
2343 4590 2474 4654 alia
2540 4587 2990 4653 Herodianeac

417 4690 686 4774 originis
731 4692 1014 4776 vestigia
1060 4692 1295 4757 adsint.
1354 4693 1523 4757 Nam
1553 4689 2003 4753 Herodianum
2048 4712 2175 4755 non
2207 4714 2462 4777 semper
2491 4712 2715 4754 verum
2748 4688 2992 4753 vidisse

417 4801 703 4875 constat,
751 4792 998 4858 sufficit
1042 4816 1169 4858 uno
1215 4791 1512 4879 exemplo
1558 4814 1692 4855 rem
1738 4790 2092 4856 declarare.
2157 4792 2356 4878 Apud
2403 4792 2760 4856 Arcadium
2790 4813 2852 4875 p.
2885 4788 2990 4875 23,

363 4922 376 4927 ·
419 4894 502 4956 22
549 4893 961 4959 Herodianus
1006 4897 1162 4974 ἀγήε
1207 4897 1243 4960 ὁ
1289 4900 1369 4977 μὴ
1401 4897 1726 4974 κλώμενοε
1755 4893 1993 4978 repetit
2035 4893 2117 4957 ab
2151 4894 2351 4972 ἀαγήε
2380 4893 2632 4957 abiecto
2678 4895 2747 4973 ἆ,
2793 4912 2991 4976 quum

493 5032 867 5066 nsnmnaxvs.
908 5017 949 5069 1.
2570 5016 2592 5057 l
