3664 5546
1224 296 1381 351 ΠΕΡΙ
1425 295 1817 351 ΚΑΘΟΛΙΚΗΕ
1856 293 2277 349 ΠΡΟΕΩιΔΙΑ(
2317 295 2387 347 ΙΓ.
2970 294 3097 359 365

510 467 1148 546 ἐπιτιθέμενον·τοῖς
1189 466 1413 532 ἵπποις
1471 467 1670 546 δέρμα
1726 465 1853 530 ἀνὰ
1905 466 2019 531 τὰς
2063 465 2267 544 ὄψεις.
2343 464 2749 546 εἰςώπιον,
2796 465 3095 529 Μεςςά-

508 590 691 633 πιον
758 567 914 647 ὄρος
980 568 1243 648 Εὐβοίας
1316 568 1447 632 άπὸ
1515 568 1860 633 Μεςςάπου
1923 571 2040 632 τοῦ
2106 567 2593 645 μετοικήςαντος
2659 565 2748 631 εἰς
2813 567 3094 630 Ἰταλίαν.

511 669 1068 735 Μελανίππιον
1124 669 1312 733 πόλις
1354 669 1755 749 Παμφυλίας.
1844 668 2168 733 Ἑκαταῖος
2234 667 2430 752 Ἀςίᾳ,
2496 669 2664 732 τινὲς
2731 670 2803 732 δὲ
2865 669 3096 733 Λυκίας

508 772 679 852 φαςί.
770 771 1181 835 Ἐλλόπιον
1235 770 1422 834 πόλις
1475 770 1797 835 Αἰτωλίας.
1896 770 2225 849 Πολύβιος
2280 769 2377 833 ια’.
2466 768 2847 860 Τριόπιον
2911 769 3096 832 πόλις

513 873 739 952 Καρίας
798 872 929 937 ἀπὸ
987 872 1272 951 Τριόπου
1327 874 1445 934 τοῦ
1499 872 1743 949 πατρὸς
1800 871 2253 950 Ἐρυςίχθονος.
2353 871 2600 946 λέγεται
2659 871 2763 935 καὶ
2805 870 3090 948 Τριοπία.
3134 880 3168 929 5

507 974 888 1038 Αἰθόπιον
945 972 1185 1052 χωρίον
1240 972 1472 1036 Λυδίας
1527 972 1702 1050 παρὰ
1757 972 1983 1056 Ὕλλῳ
2034 973 2073 1050 ἢ
2127 972 2396 1051 πληςίον
2453 976 2570 1035 τοῦ
2615 970 2934 1054 Εὐρίπου,
2981 971 3096 1052 ἀφ’

510 1073 588 1139 οὗ
631 1075 670 1152 ἡ
714 1077 1002 1154 Ἄρτεμι(
1044 1073 1327 1138 Αἰθοπία.
1418 1071 1479 1136 οἱ
1524 1075 1596 1138 δὲ
1639 1073 1738 1137 ὅτι
1782 1074 1959 1153 παρὰ
2000 1077 2139 1137 τοῖς
2181 1072 2435 1152 Αἰθίοψι
2481 1074 2824 1150 διάγουςαν
2871 1073 3097 1137 Ἀπόλ-

512 1180 643 1241 λων
698 1177 937 1255 ἤγαγεν
993 1175 1226 1257 αὐτήν,
1285 1174 1347 1239 οἱ
1413 1177 1484 1239 δὲ
1539 1177 1656 1261 τὴν
1711 1175 2041 1258 αὐτὴν,τῇ
2097 1176 2328 1258 ςελήνῃ
2381 1175 2558 1253 παρὰ
2612 1176 2688 1239 τὸ
2744 1173 2946 1238 αἴθειν
3006 1174 3097 1238 ὼς

515 1278 940 1357 Καλλίμαχος,
987 1276 1050 1340 οἱ
1094 1278 1167 1341 δὲ
1211 1276 1308 1340 ὅτι
1352 1277 1391 1354 ἡ
1437 1275 1598 1353 αὐτή
1643 1276 1769 1341 ἐςτι
1811 1283 1888 1360 τῇ
1935 1276 2185 1359 Ἑκάτῃ,
2230 1276 2365 1353 ἥτις
2410 1276 2511 1339 ἀεὶ
2553 1281 2752 1359 δᾷδας
2796 1275 2959 1357 ἔχει,
3007 1276 3096 1339 ὡς

512 1379 973 1458 Ἐρατοςθὲνης.
1068 1378 1493 1442 Κωνώπιον
1537 1378 1725 1442 πόλις
1768 1380 1881 1454 τῆς
1928 1378 2294 1442 Μαιώτιδος
2340 1378 2572 1456 λίμνης.
3135 1387 3199 1437 10

678 1505 716 1540 τι
766 1481 860 1545 Τὰ
905 1480 1010 1544 διὰ
1065 1473 1183 1544 τοῦ
1229 1483 1381 1558 ῖῖον
1439 1479 1602 1557 ὑπὲρ
1658 1482 1828 1557 τρεῖς
1883 1479 2196 1558 ςυλλαβὰς
2238 1479 2837 1560 προπαροξύνεται,
2896 1478 3097 1557 ὀψά-

513 1603 719 1664 ριον,
776 1581 1177 1662 οἰνάριον,
1233 1581 1652 1662 ἱππάριον,
1708 1580 2104 1660 φυτάριον
2149 1579 2250 1644 καὶ
2305 1579 2762 1662 (ουδάριον,
2817 1579 3097 1643 κελλά-

514 1705 690 1762 ριον
738 1681 868 1746 ἀπὸ
914 1685 1026 1759 τῆς
1069 1687 1200 1746 τῶν
1230 1681 1575 1760 ῙΡωμαίων
1621 1682 1956 1748 διαλέκτου
2002 1680 2421 1759 ἑκτεταμὲνου
2463 1686 2580 1746 τοῦ
2625 1685 2681 1745 ἇ.
2727 1680 3095 1760 Ὁμάριον

514 1785 700 1849 πόλις
743 1783 1020 1848 Ἰταλίας.
1067 1783 1457 1862 Θεόπομπος
1487 1783 1885 1848 Φιλιππικῶν
1918 1782 2030 1845 κα’.
2090 1783 2554 1862 Μαρμάριον
2599 1784 2785 1848 πόλις
2815 1782 3098 1862 Εὐβοίας.

510 1920 597 1932 -—
638 1885 1177 1966 περιςτέριον,
1223 1884 1659 1963 διφθέριον.
1717 1883 2089 1961 Κυτέριον
2133 1884 2322 1947 πόλις
2367 1884 2711 1962 Οἰνωτρῶν
2756 1884 2828 1949 ἐν
2872 1890 2948 1967 τῇ
2994 1903 3098 1963 με-
3139 1893 3200 1944 15

512 1986 742 2070 ςογείᾳ.
830 1984 1155 2051 Ἑκαταῖος
1205 1981 1492 2068 Εὐρώπῃ.
1586 1985 1931 2063 Κιέριον·
2003 1984 2211 2050 οὕτως
2263 1985 2460 2064 Ἄρνη
2516 1986 2703 2052 πόλις
2759 1985 3100 2050 Θεςςαλίας

513 2091 808 2152 καλεῖται.
902 2087 1330 2165 Κραςέριον
1376 2085 1655 2151 (Σικελίας
1698 2087 2037 2167 φρούριον.
2104 2085 2394 2151 Φίλιςτος
2439 2086 2674 2171 ὀγδόῳ.
2744 2086 3095 2165 Ἀμὲριον

512 2190 698 2253 πόλις
744 2189 1018 2253 Ἰταλίας.
1067 2188 1558 2266 Ἐλευθέριον
1602 2187 2246 2266 πολίχνιον,Μυςίας.
2298 2186 2662 2266 ἀςτὲριον
2710 2188 2811 2251 καὶ
2855 2187 3097 2252 Ἀςτέ-

513 2311 687 2370 ριον
732 2290 917 2354 πόλις
950 2290 1310 2354 Θετταλίας.
1356 2289 1640 2369 Ὅμηρος
1673 2288 1874 2353 «οἵτ’
1917 2285 2072 2367 ἔχον
2105 2288 2422 2367 Ἀςτέριον
2464 2288 2762 2353 Τιτάνοιό
2790 2308 2857 2352 τε
2905 2289 3099 2352 λευκὰ

511 2392 796 2484 κάρηνα»
842 2392 919 2472 (Β
966 2390 1133 2472 735).
1222 2390 1394 2455 οὕτω
1439 2392 1510 2454 δὲ
1555 2394 1838 2455 καλεῖται
1884 2390 1990 2454 διὰ
2030 2392 2106 2455 τὸ
2154 2391 2480 2472 λαμπρόν,
2537 2390 2634 2454 ὅτι
2690 2389 2794 2469 ἐφ’
2838 2388 3097 2468 ὑψηλοῦ
3132 2400 3199 2450 20

515 2491 713 2572 ὄρους
757 2491 1009 2572 κειμένη
1053 2495 1191 2556 τοῖς
1233 2492 1572 2571 πόρρωθεν
1620 2493 1711 2556 ὡς
1742 2491 1936 2571 ἀςτὴρ
1967 2492 2276 2572 φαίνεται.
2322 2493 2361 2570 ἢ
2407 2490 2540 2555 ἀπό
2573 2490 2890 2569 Ἀςτερίου
2921 2491 3097 2555 τινὸς

513 2594 745 2673 ἥρωος.
832 2592 1176 2679 Ἀτὲριρν
1222 2594 1409 2660 πόλις
1456 2594 1747 2658 (ικελίας.
1836 2593 2223 2671 Τολέριον
2268 2592 2453 2658 πόλις
2499 2593 2774 2657 Ἰταλίας.
2851 2592 3097 2656 Φαλέ-

516 2715 692 2773 ριον
749 2695 936 2758 πόλις
990 2695 1356 2773 Τυρρηνίας.
1459 2695 1872 2775 Χειμέριον
1941 2693 2103 2772 ἄκρα
2169 2693 2589 2772 Θεςπρωτίας.
2687 2695 3096 2776 θυτήριον,

516 2798 1076 2877 μοναςτήριον,
1120 2795 1599 2876 ἱλαςτήριον.
1658 2796 2114 2876 (φακτήρια
2159 2797 2459 2875 μεθόριον
2491 2796 2754 2862 Ἠλείων
2794 2800 2904 2873 τῆς
2933 2798 3098 2876 πρὸς

517 2899 848 2977 Μεςςήνην
894 2898 1125 2976 χώρας.
1213 2898 1502 2977 κέκληται
1560 2899 1617 2964 δ’
1662 2899 1868 2963 οὕτως
1882 2946 1900 2980 ,
1957 2897 2046 2961 ὥς
2090 2896 2806 2979 φηςιν.Ἐχεφυλλίδης,
2864 2898 2969 2960 διὰ
3021 2899 3098 2961 τὸ
3133 2911 3198 2960 25

515 3000 584 3065 ἑν
646 2998 822 3080 αὐτῷ
882 2999 1432 3079 ςφαγιαςαμένους
1494 3002 1649 3064 τοὺς
1704 2998 2112 3077 Ἡρακλείδας
2175 3000 2343 3077 πρὸς
2396 2998 2674 3064 Ὄξυλον
2728 2999 3098 3076 ποιήςαςθαι

515 3101 825 3179 ςυνθήκας
868 3101 1014 3178 περὶ
1058 3101 1272 3180 φιλίας
1317 3102 1420 3164 καὶ
1463 3101 1785 3180 ὁμονοίας.
1855 3100 2266 3179 Καβείριον
2311 3100 2499 3164 πόλις
2541 3103 2652 3177 τῆς
2696 3100 2867 3164 κάτω
2899 3101 3100 3165 Ἀςίας

515 3202 554 3279 ἡ
599 3202 701 3265 καὶ
749 3201 1037 3280 Καβειρία
1091 3203 1193 3265 καὶ
1242 3202 1559 3282 Κάβειρος.
1647 3201 2177 3283 ὀςχοφόριον,
2233 3201 2771 3287 προςφόρὶιον,
2830 3207 3098 3282 θεςμο-

516 3302 840 3384 φόριον,
909 3301 1408 3385 ώμοφόριον,
1477 3302 1875 3382 ἐμπόριον.
1965 3302 2090 3367 ἔςτι
2159 3304 2230 3366 δὲ
2285 3304 2387 3366 καὶ
2443 3303 2855 3382 Ἐμπόριον
2913 3303 3100 3368 πόλις

521 3404 807 3486 Κελτική,
874 3404 1088 3481 κτίςμα
1145 3404 1637 3485 Μαςςαλιωτῶν.
1735 3405 2004 3483 δευτέρα
2057 3402 2476 3469 Μακεδονίας.
2572 3404 2746 3484 τρίτη
2806 3403 3097 3468 (ικελίας.
3134 3415 3201 3467 30

422 3561 434 3569 .
515 3505 781 3583 τετάρτη
830 3504 1209 3582 Καμπανίας.
1297 3506 1825 3583 παλινδόριον
1870 3507 1947 3569 τὸ
1992 3505 2405 3585 εἰργαςμένον
2451 3506 2679 3589 δέρμα,
2736 3506 3096 3585 κιχόριον

425 3634 438 3646 ·
516 3603 692 3670 εἶδος
750 3604 1038 3686 βοτάνης.
1125 3606 1625 3686 Ἀνακτόριον
1667 3607 2076 3686 Ἀκαρνανίας
2130 3608 2347 3688 πόλις,
2410 3607 2757 3687 Κορινθίων
2812 3607 3097 3673 ἄποικος.

517 3706 911 3785 Θουκυδίδης
950 3706 1215 3790 τετάρτῃ
1259 3708 1344 3788 (c.
1373 3707 1501 3788 49).
1548 3707 1895 3787 ἀρςενικῶς
1933 3709 2108 3787 παρὰ
2144 3709 2477 3788 (οφοκλεῖ.
2555 3710 3097 3788 Χαλκητόριον

516 3808 701 3872 πόλις
737 3807 992 3885 Κρήτης.
1028 3807 1527 3887 Νικηφόριον.
1561 3809 1768 3874 οὕτως
1798 3811 1838 3888 ἡ
1867 3812 2308 3875 Κωνςταντῖνα
2339 3811 2376 3888 ἡ
2401 3812 2546 3888 περὶ
2567 3811 2862 3875 ’Ἑδεςςαν
2894 3812 3100 3876 πόλις.

517 3908 960 3985 Βοςπόριον
1003 3912 1122 3972 τοῦ
1153 3909 1501 3974 Βυζαντίου
1533 3912 1750 3993 λιμήν,
1798 3913 1872 3976 ὃς
1904 3914 2006 3976 καὶ
2037 3913 2368 3989 Βόςπορος
2411 3912 2676 3987 λέγεται.
2738 3911 3098 3989 Ἀμόριον
3136 3922 3199 3973 35

516 4009 701 4073 πόλις
745 4011 857 4086 τῆς
904 4010 1177 4089 μεγάλης
1208 4010 1501 4089 Φρυγίας.
1558 4011 1857 4092 (τράβων
1902 4012 2227 4096 δωδεκάτῃ
2271 4014 2364 4097 (p.
2395 4011 2565 4092 576).
2610 4010 3098 4095 mtxnvdptov

686 4330 721 4382 l.
762 4334 785 4381 1
828 4330 1149 4384 Μεςςάπιον
1190 4359 1244 4368 -
1290 4331 1603 4385 Κωνώπιον
1648 4334 1878 4399 apposui
1922 4349 1988 4383 ex
2036 4334 2119 4383 St.
2157 4332 2218 4386 B.
2393 4333 2427 4382 l.
2467 4337 2527 4383 11
2565 4329 2805 4397 ὀψάριον
2849 4328 3098 4397 οἰνάριον

518 4405 644 4449 sunt
679 4417 746 4450 ex
782 4401 1030 4465 Theogn.
1072 4403 1187 4465 124,
1224 4405 1305 4463 31,
1347 4399 1616 4465 ἱππάριον
1654 4428 1715 4436 -
1752 4398 2048 4464 κελὴάριον
2086 4416 2152 4450 ex
2187 4400 2376 4452 Dichr.
2416 4404 2540 4460 291,
2583 4403 2663 4452 19.
2732 4399 2995 4465 Ὁμάριον
3033 4428 3097 4438 -

520 4464 851 4531 Μαρμάριον
888 4484 953 4518 ex
992 4469 1071 4519 St.
1108 4468 1199 4531 Β.,
1238 4467 1614 4532 περιςτέριον,
1652 4467 1938 4531 διφθέριον
1977 4484 2043 4517 ex
2079 4468 2324 4532 Theogn.
2356 4471 2469 4529 125,
2507 4471 2591 4529 25,
2631 4466 2844 4532 Κιέριον
2880 4497 2944 4503 -
2981 4468 3098 4520 Χει-

520 4532 709 4597 μέριον
747 4552 812 4585 ex
852 4538 930 4590 St,
958 4537 1019 4586 B.
1060 4542 1281 4600 praeter
1315 4534 1570 4598 ἀςτέριον
1606 4536 2032 4599 appellativum,
2072 4535 2213 4598 quod
2251 4540 2436 4585 exstat
2473 4552 2561 4599 ap.
2586 4537 2831 4601 Theogn.
2971 4538 3006 4590 1.
3029 4534 3098 4588 ’23

520 4602 786 4665 θυτήριον
822 4631 885 4639 -
923 4602 1242 4667 ἱλαςτήριον
1289 4620 1358 4653 ex
1394 4602 1639 4666 Theogn.
1680 4605 1799 4659 124,
1837 4608 1895 4664 6,
1944 4599 2302 4666 Εφαρκτήρια
2348 4608 2404 4653 et
2449 4601 2735 4667 Καβείριον
2781 4621 2848 4654 ex
2897 4606 2977 4654 St.
3013 4607 3100 4667 Β.,

524 4665 859 4733 ὀςχοφόριον
900 4698 954 4708 -
997 4670 1241 4734 κιχόριον
1288 4686 1356 4720 ex
1391 4670 1636 4734 Theogn.
1678 4672 1798 4730 126,
1835 4673 1868 4718 4
1912 4670 2122 4719 inserto
2168 4685 2232 4717 ex
2279 4670 2470 4735 Steph.
2508 4672 2640 4734 Byz.
2686 4672 2836 4722 urbis
2882 4673 3098 4723 nomine

523 4732 846 4800 Ἐμπόριον,
884 4738 1106 4789 nomina
1142 4738 1270 4788 inde
1317 4740 1387 4789 ab
1429 4735 1789 4800 Ἀνακτόριον
1835 4751 2009 4801 usque
2056 4737 2125 4787 ad
2171 4736 2332 4788 finem
2379 4755 2446 4789 ex
2484 4739 2671 4805 Steph.
2708 4739 2841 4804 Byz.
2879 4745 3104 4805 praeter
