3664 5546
689 409 911 461 valn
1768 409 2184 460 PRAEFATIO.

686 566 883 647 libro,
948 564 1201 653 qualem
1266 575 1537 651 uterque
1603 575 1896 630 nostrum
1960 565 2173 630 animo
2237 565 2658 630 informatum
2712 563 3058 646 habemus,
3121 564 3253 629 duo

683 670 973 734 homines
1035 679 1169 732 tam
1230 667 1676 732 concinentem
1741 667 2068 753 epitomen
2119 668 2335 732 facere
2388 667 2724 753 potuisse?
2798 665 2887 731 Et
2948 666 3106 753 quid
3162 666 3260 730 ait

681 771 985 836 Lascaris
1038 771 1107 833 in
1162 791 1283 833 sua
1336 769 1653 856 epistola?
1739 769 1831 835 Ut
1885 768 2183 856 equidem
2237 767 2459 834 video:
2519 790 2588 832 se
2648 769 2778 832 iam
2834 790 3030 855 saepe
3083 768 3256 852 eogi-

682 885 856 937 tasse
917 871 1158 938 librum
1233 870 1618 953 Theodosii,
1687 871 1799 958 qui
1869 882 1935 936 et
1999 871 2140 958 ipse
2203 873 2278 937 τὸ
2356 875 2550 952 μῆκος
2621 870 2989 953 retinuerit,
3055 892 3255 956 quum

683 975 974 1057 βραχίετη
1020 974 1284 1054 ἐπιτομὴ
1340 973 1481 1038 fieri
1533 995 1666 1036 non
1720 973 2005 1059 potuerit
2047 1011 2128 1020 —
2170 972 2554 1059 praesertim
2606 972 2674 1035 in
2730 980 3003 1037 accentu
3049 972 3255 1038 nomi-

679 1076 1047 1140 nativorum
1095 1073 1500 1159 (ὀνομαετική
1551 1074 1821 1139 Lascari
1867 1084 1967 1139 est
2020 1084 2329 1140 consueta
2370 1097 2502 1139 vox
2558 1095 2675 1160 pro
2720 1073 3118 1138 nominativo
3162 1073 3251 1137 cf.

679 1176 897 1242 Anall.
938 1177 1353 1241 Herodianea
1393 1200 1456 1268 p.
1498 1176 1652 1256 412,
1708 1176 1901 1241 etiam
1955 1178 2285 1257 ἐξαιρεῖται
2330 1175 2423 1241 ibi
2468 1174 2739 1240 allatum
2789 1175 2897 1239 hic
2940 1173 3250 1256 occurrit)

680 1289 814 1342 tam
858 1277 1230 1365 multiplici,
1278 1278 1602 1363 cogitasse
1644 1278 1844 1363 igitur
1885 1276 2066 1342 illum
2097 1277 2336 1344 librum
2366 1276 2747 1358 Theodosii,
2792 1277 2876 1341 ob
2914 1275 2984 1340 id
3013 1276 3249 1362 ipsum,

679 1380 855 1466 quod
901 1385 1095 1460 μῆκος
1139 1380 1351 1444 adhuc
1395 1389 1529 1443 tam
1571 1379 1837 1464 longum
1868 1379 2012 1461 sit,
2071 1380 2139 1443 in
2195 1379 2458 1444 brevius
2519 1377 2924 1444 contrahere.
3011 1376 3141 1441 Sed
3183 1377 3251 1441 id

679 1481 821 1544 fieri
868 1504 996 1546 non
1038 1483 1349 1568 potuisse.
1410 1482 1502 1546 At
1544 1480 1709 1546 liber
1752 1481 1832 1546 de
1879 1481 2078 1546 verbo
2109 1518 2193 1528 —
2223 1480 2305 1546 de
2335 1503 2411 1547 eo
2442 1482 2582 1546 fieri
2611 1480 2767 1566 quid
2799 1488 3034 1566 potest.
3094 1479 3250 1544 Pos-

679 1591 831 1646 sunt
874 1606 929 1646 ο.
975 1605 1037 1668 g.
1084 1586 1300 1649 omnia
1342 1583 1547 1648 verba
1588 1583 1654 1646 in
1699 1587 1771 1665 ιῖι
1815 1582 2057 1664 omitti,
2111 1605 2277 1670 quae
2320 1583 2538 1648 omnia
2579 1590 2915 1648 accentum
2958 1590 3135 1646 certo
3180 1582 3249 1644 in

678 1683 819 1749 loco
864 1684 1105 1750 habent
1151 1687 1465 1772 (exceptis
1512 1682 1956 1772 quibusdam).
2018 1683 2263 1749 Saltem
2292 1684 2453 1749 haec
2496 1684 2600 1749 hic
2645 1684 2883 1749 omisit.
2918 1720 2993 1731 —
3028 1683 3247 1768 Atque

678 1785 1106 1872 amplissimos
1153 1788 1330 1853 viros
1374 1784 1537 1850 nihil
1580 1785 1759 1851 aliud
1804 1785 2037 1852 docere
2078 1786 2222 1852 vult
2275 1786 2403 1849 nisi
2448 1786 2531 1851 de
2574 1786 2792 1852 verbis
2838 1785 2903 1850 in
2951 1788 3035 1869 ὦ,
3081 1806 3246 1873 quae

678 1885 1056 1969 βαρύνονται
1112 1899 1178 1954 et
1242 1910 1411 1975 quae
1466 1893 1926 1971 περιεπῶνται,
1984 1898 2049 1952 et
2104 1887 2331 1952 ordine
2384 1888 2644 1974 quidem
2694 1910 2864 1952 nunc
2924 1890 2995 1955 in
3057 1911 3244 1952 usum

676 2001 1085 2076 receptarum
1143 1999 1448 2076 quattuor
1502 1988 2053 2075 coniugationum.
2140 1990 2335 2054 Hunc
2395 1989 2683 2055 ordinem
2740 1992 3097 2074 ((υντάξαε)
3138 1990 3245 2054 hic

675 2090 986 2156 habemus
1032 2102 1097 2156 et
1139 2090 1425 2157 concidit
1467 2093 1846 2175 (ευντεμών)
1877 2088 2113 2157 librum
2144 2092 2273 2155 iam
2317 2113 2429 2174 ec,
2478 2092 2650 2180 quod
2682 2092 2977 2179 quintam
3010 2091 3246 2178 (verba

675 2193 745 2255 in
787 2194 878 2279 μι)
937 2216 1204 2282 prorsus
1259 2195 1717 2278 praetermisit.
1815 2192 2092 2280 Reliqua
2146 2193 2431 2259 concisio
2476 2195 2898 2278 (ευντέμνειν)
2953 2215 3112 2259 sane
3167 2214 3242 2257 eo

676 2295 1080 2378 continetur,
1126 2295 1303 2382 quod
1346 2295 1668 2383 quaedam
1710 2296 1999 2382 pressius
2045 2295 2341 2382 concepit
2383 2318 2439 2360 e.
2484 2317 2549 2381 g.
2601 2296 2659 2360 si

1242 2400 1320 2464 τὰ
1364 2398 1452 2464 eie
1494 2404 1588 2475 Ῠῖῡ
1636 2399 1956 2479 βαρύτονα

1299 2537 1382 2550 —
1508 2536 1594 2546 —
1636 2500 1887 2580 ἰαμβικά

1295 2641 1378 2652 -
1490 2607 1582 2668 κῖὖ
1626 2604 1967 2683 διεύλλαβα
2011 2624 2156 2667 cum
2204 2601 2489 2667 Arcadio
2535 2600 2853 2667 conferas.

671 2706 807 2769 Nec
848 2705 1127 2770 fortasse
1169 2705 1464 2793 profiteri
1507 2702 1719 2770 voluit
1772 2726 1844 2768 se
1898 2702 2057 2767 nihil
2113 2702 2242 2766 nisi
2286 2702 2674 2768 describere.
2750 2704 3015 2786 Pauca,
3071 2723 3249 2791 quae'

669 2809 866 2873 habet
931 2808 1107 2895 apud
1160 2807 1518 2873 Arcadium
1572 2831 1704 2873 non
1759 2808 2116 2887 exstantia,
2183 2807 2526 2871 ostendere
2591 2807 2896 2871 videntur
2963 2805 3033 2869 in
3097 2807 3234 2870 eius

667 2910 1110 2997 Manuscripto
1167 2909 1273 2974 hie
1326 2910 1460 2974 illic
1513 2908 1804 2995 paullulo
1856 2907 2003 2994 plus
2060 2908 2405 2973 verborum
2460 2907 2665 2974 fuisse
2722 2906 2814 2994 (v.
2870 2910 2949 2974 τὰ
3004 2910 3091 2974 εἰ(
3147 2895 3236 2975 Z—uJ

667 3017 776 3091 τῆ(
822 3015 1120 3092 δευτέρας
1164 3012 1310 3077 καθ’
1341 3013 1502 3092 ἡμᾶε
1534 3010 1971 3093 βαρύνονται),
2015 3008 2293 3074 fortasse
2336 3011 2533 3076 etiam
2561 3032 2760 3075 unum
2791 3008 3063 3074 alterum
3093 3031 3235 3073 ver-

665 3114 820 3180 bum
850 3122 1075 3199 utpote
1103 3113 1293 3177 homo
1325 3112 1552 3176 doctus
1586 3111 1668 3175 de
1704 3134 1819 3175 suo
1854 3109 2268 3203 adscripsit.“
2302 3149 2379 3159 —
2405 3111 2587 3177 Haec
2621 3110 2960 3192 LehrsiuS,
2999 3111 3234 3198 quibus

666 3214 826 3278 nihil
871 3213 1113 3279 addere
1155 3213 1386 3278 habeo.
1417 3250 1502 3260 -—
1528 3211 1658 3277 Ubi
1703 3210 1873 3275 hanc
1917 3212 2239 3297 epitomen
2282 3212 2581 3295 adhibui,
2627 3213 2932 3278 Lascaris
2976 3215 3234 3278 nomine

664 3338 822 3380 usus
868 3338 1040 3397 sum3
1087 3314 1368 3401 reliquos
1412 3312 1614 3378 libros
1657 3313 1889 3377 iisdem
1933 3312 2164 3397 literis,
2211 3315 2446 3400 quibus
2492 3313 2815 3397 Schmidt,
2869 3314 3232 3399 significavi

665 3440 874 3504 neque
919 3428 1134 3480 tamen
1176 3417 1416 3502 ubique
1461 3415 1931 3501 discrepantias
1977 3437 2195 3480 omnes
2243 3415 2463 3499 attuli,
2520 3416 2636 3481 sed
2681 3439 2791 3481 eas
2834 3425 3118 3497 tantum,
3164 3418 3231 3480 in

666 3519 902 3604 quibus
957 3516 1202 3604 aliquid
1269 3518 1573 3581 momenti
1638 3518 1850 3580 inesse
1918 3515 2305 3600 videbatur,
2373 3541 2582 3605 neque
2651 3520 2819 3583 enim
2876 3516 3230 3584 Arcadium

665 3620 855 3683 edere
899 3618 1107 3700 volui,
1152 3619 1334 3683 cuius
1365 3617 1801 3682 emendationi
1831 3619 1986 3683 satis
2018 3619 2412 3684 Schmidtius
2453 3619 2806 3701 consuluit,
2849 3619 2967 3684 sed
2998 3619 3231 3683 Catho-

665 3719 855 3784 lieam
900 3725 1260 3785 restituere.
1307 3758 1390 3768 —
1434 3716 1796 3786 Nonnullas
1844 3721 2324 3785 emendationes
2371 3730 2439 3785 et
2482 3722 2969 3787 observationes
3027 3720 3229 3786 debeo

664 3820 949 3886 Henrico
1006 3822 1262 3905 Iacobi,
1323 3845 1362 3886 a
1417 3842 1543 3909 quo
1600 3820 1896 3886 relictum
1955 3823 2287 3909 exemplar
2345 3823 2616 3887 Arcadii
2672 3833 2994 3887 mercatus
3064 3846 3230 3888 sum.

664 3922 1008 3989 Possessor
1051 3935 1116 3989 et
1156 3927 1295 4010 ipse
1341 3923 1423 3988 de
1478 3923 1734 3989 edenda
1779 3922 2113 3988 Catholiea
2168 3925 2511 4010 cogitavit,
2567 3924 2684 3989 sed
2740 3925 2942 3990 multo
2997 3925 3229 3990 arctio-

661 4026 840 4097 ribus
896 4026 1133 4090 finibus
1188 4048 1382 4112 quam
1437 4047 1556 4110 ego
1614 4047 1774 4112 opus
1829 4046 2017 4089 suum
2071 4026 2577 4113 circumscripsit
2621 4026 2799 4111 (nam
2856 4049 2936 4091 ea
2977 4037 3229 4091 tantum

662 4127 1037 4192 Catholicae
1080 4127 1479 4212 fragmenta,
1525 4148 1690 4213 quae
1733 4125 2096 4191 Herodiani
2139 4130 2396 4193 nomine
2441 4129 2753 4213 insignita
2795 4128 2880 4193 ad
2924 4151 3041 4193 nos
3084 4151 3228 4216 per-

659 4238 1007 4310 venerunt,
1064 4231 1339 4314 margini
1396 4227 1745 4315 appinxit).
1834 4227 1998 4292 Eius
2042 4238 2228 4293 notas
2245 4278 2263 4311 ,
2310 4230 2422 4294 ubi
2467 4228 2739 4295 alicuius
2783 4231 2976 4317 pretii
3020 4240 3225 4313 erant,

658 4333 873 4417 recepi
920 4333 1201 4396 auctoris
1245 4331 1503 4394 nomine
1548 4329 1965 4415 significatas.

825 4434 1125 4499 Ἰωάννου
1168 4433 1631 4512 Ἀλεξανδρέως
1673 4434 1895 4497 τονικὰ
1937 4434 2429 4514 παραγγέλματα
2473 4457 2618 4499 eum
2664 4433 2836 4499 Aelii
2867 4434 3225 4499 Herodiani

657 4537 801 4615 περὶ
845 4537 1177 4616 (χημάτων
1221 4533 1386 4599 libro
1432 4533 1852 4619 suppositicio
1898 4532 2102 4598 edidit
2144 4533 2506 4600 Guilelmus
2536 4536 2918 4600 Dindorfius
2959 4536 3225 4622 Lipsiae

656 4636 923 4701 libraria
966 4634 1514 4700 VVeidmanniana
1556 4634 1669 4717 (G.
1714 4632 2007 4720 Reimer)
2064 4635 2246 4701 1825.
2336 4638 2443 4702 Ex
2495 4637 2901 4723 praefatione
2957 4637 3224 4703 editoris

655 4737 814 4802 haec
858 4739 939 4803 de
980 4737 1312 4803 codicibus
1360 4735 1687 4801 describo:

843 4838 1105 4905 Ioannis
1170 4838 1604 4904 Alexandrini
1675 4841 1898 4905 τονικά
1970 4843 2464 4922 παραγγέλματα
2538 4864 2621 4907 ex
2688 4843 2911 4907 eodem
2981 4840 3222 4907 Codice
