3664 5546
668 390 841 439 LVIII
1699 382 2116 432 PRAEFATIO.

525 585 534 616 .
617 546 779 623 Ὄχη
823 551 887 605 61
932 542 1086 624 ὀχή,
1133 561 1299 626 (11166
1345 563 1397 602 s.
1448 539 1774 618 Κάρυςτοςν
1806 536 2113 621 legimus3
2163 538 2254 600 sie
2300 536 2492 600 etiam
2536 537 2755 615 Πυθῆς
2810 534 2934 599 sub
2978 535 3193 601 Πυθό-

617 649 803 711 πολις
857 644 988 709 ἀπὸ
1043 644 1270 708 Πυθοῦ
1324 643 1815 721 περιςπωμένως
1883 639 1971 704 ὡς
2034 639 2166 704 ἀπὸ
2224 643 2334 717 τῆς
2374 636 2614 718 *Ερμοῦ
2668 641 2920 717 γενικῆς
2977 637 3192 717 Ἑρμό-

616 751 821 813 πολις.

785 846 1175 931 Priusquam
1219 854 1545 908 transeam
1604 844 1689 908 ad
1732 840 2305 908 demonstrandum
2350 841 2681 905 nominum
2727 839 3192 926 explicationes

617 974 657 1014 a
702 949 1031 1034 Stephano
1077 947 1409 1033 appositas
1454 968 1538 1010 ex
1581 943 1958 1009 Herodiano
2012 943 2251 1029 petitas
2308 965 2485 1025 esse,
2545 965 2673 1005 non
2728 943 3192 1007 inconveniens

618 1051 833 1116 iudico
879 1071 1158 1114 canones
1202 1045 1546 1112 nonnullos
1594 1046 1860 1111 Arcadii
1904 1043 2181 1110 lustrare
2227 1067 2300 1108 eo
2345 1043 2647 1125 consilio,
2706 1055 2779 1107 ut
2832 1045 3193 1125 videamus,

619 1176 786 1240 quae
829 1153 1090 1215 nomina
1134 1151 1462 1235 Stephano
1519 1170 1666 1213 cum
1719 1171 1795 1212 eo
1852 1157 1918 1211 et
1971 1145 2235 1233 reliquis
2281 1146 2644 1210 Herodiani
2704 1147 3195 1231 excerptoribus

620 1255 984 1320 communia
1028 1255 1192 1334 sint,
1251 1273 1416 1338 quae
1462 1249 1789 1336 Stephano
1845 1251 2064 1336 priva,
2124 1246 2296 1313 unde
2352 1247 2543 1313 facile
2600 1248 2919 1334 suspicari
2975 1247 3198 1312 licebit

621 1379 729 1438 ea,
776 1378 942 1442 quae
986 1378 1069 1419 ex
1114 1353 1442 1440 Stephano
1486 1351 1838 1433 accedunt,
1887 1374 1926 1415 a
1970 1349 2233 1437 reliquis
2281 1352 2521 1415 omissa
2566 1373 2730 1414 esse.

790 1457 867 1519 In
920 1458 1127 1543 primo
1182 1477 1426 1520 canone
1470 1453 1740 1518 Arcadii
1793 1452 2100 1537 leguntur
2144 1454 2297 1537 Ἰάν,
2343 1454 2642 1537 Δωριάν,
2693 1454 2974 1535 Καρβὰν,
3033 1474 3198 1538 (11166

599 1563 820 1646 ι6116111
866 1560 958 1624 St.
1009 1558 1084 1621 B.
1130 1556 1359 1638 habet,
1407 1578 1490 1620 ex
1532 1558 1644 1635 iis,
1702 1577 1867 1641 quae
1912 1553 2205 1638 Theogn.
2254 1576 2337 1619 ex
2381 1554 2717 1619 Catholica
2776 1556 3041 1641 petivit,
3090 1576 3197 1617 ex-

623 1672 798 1726 stant
841 1685 948 1747 ap.
993 1659 1088 1724 St.
1136 1659 1211 1722 B.
1256 1660 1498 1742 Λυκάν,
1545 1659 1726 1725 Ἀζάν
1742 1709 1759 1742 ,
1805 1658 2067 1741 Δυμάν,
2124 1679 2271 1720 611111
2326 1656 2613 1721 Arcadio
2670 1665 3036 1741 congruunt
3092 1678 3197 1741 ap.

624 1765 715 1829 St.
765 1764 842 1827 B.
894 1763 1010 1844 58,
1064 1762 1093 1825 1
1141 1764 1216 1826 τὸ
1274 1762 1525 1826 ἐθνικὸν
1581 1798 1665 1808 —
1719 1761 2026 1839 Ἀκαρνάν
2076 1761 2164 1824 ὡς
2217 1759 2464 1843 Αἰνιάν,
2523 1761 2843 1843 Ἀτιντάν,
2900 1760 3199 1840 Ἀθαμάν,

623 1867 847 1949 Αἰῑάν,
893 1865 1066 1929 ἁπλᾶ
1110 1863 1259 1942 γάρ·
1305 1864 1380 1928 τὸ
1425 1863 1785 1927 Τιτανόπαν
1834 1862 2136 1927 ςύνθετον
2182 1862 2357 1943 (περὶ
2400 1866 2516 1926 τοῦ
2560 1862 2791 1941 Δύμαν
2844 1859 3198 1943 εἰρήςεται).

625 1967 826 2031 Priva
883 1976 1033 2030 sunt
1089 1963 1417 2050 Stephano
1464 1964 1757 2048 Ἀρκτάν,
1806 1963 2135 2046 Βραχμάν,
2197 1964 2235 2026 Γ
2238 1964 2419 2028 ινοάν
2433 2014 2450 2046 ,
2507 1964 2836 2047 Ἐγχελάν,
2895 1963 3199 2044 Εὐρυτάν,

625 2071 878 2153 Φαράν,
924 2088 1091 2154 (11166
1135 2067 1406 2145 inserui,
1454 2075 1719 2150 propter
1764 2074 2105 2128 accentum
2161 2063 2361 2128 dubia
2406 2078 2554 2128 sunt
2597 2065 2834 2130 (όανες
2877 2065 3200 2144 Φρίκανες.

797 2168 1039 2234 Arcad.
1088 2169 1197 2249 71,
1246 2169 1325 2232 19
1379 2170 1457 2233 τὰ
1512 2169 1599 2233 εἰς
1644 2170 1757 2246 ρᾶς
1812 2169 1973 2245 ὑπὲρ
2030 2167 2148 2231 δύο
2205 2168 2517 2248 ςυλλαβὰς
2570 2168 3069 2248 παραληγόμενα
3124 2172 3200 2248 τῇ

629 2279 680 2338 ᾖ
728 2273 1057 2355 διφθόγγῳ
1102 2272 1141 2349 ἢ
1197 2270 1375 2353 μόνῳ
1431 2278 1523 2355 τῷ
1578 2274 1599 2336 i
1654 2271 2045 2352 ἐκτεταμένῳ
2103 2269 2469 2353 βαρύνεται,
2531 2270 2867 2352 Κάμειρος,
2925 2268 3199 2350 ὄνειρος,

629 2377 962 2458 πέπειρος,
995 2373 1324 2454 μάγειρος,
1357 2371 1690 2454 (τάλιρος,
1736 2370 2009 2450 (ύςιρος.
2039 2409 2113 2417 -
2156 2368 2252 2433 St.
2278 2369 2353 2433 B.
2392 2371 2548 2452 351,
2585 2371 2661 2433 16
2701 2372 2970 2449 Κάμιρο(
3017 2371 3202 2434 πόλις

629 2478 699 2542 ἐν
745 2476 947 2559 Ῥόδῳ
993 2474 1123 2540 ἀπὸ
1167 2477 1285 2539 τοῦ
1330 2475 1557 2539 παιδὸς
1616 2473 1952 2553 Κερκάφου
1999 2478 2115 2537 τοῦ
2170 2473 2473 2538 Ἡλιάδου
2519 2475 2619 2537 καὶ
2679 2473 3030 2555 Κυδίππης,
3090 2472 3198 2556 qui

627 2577 804 2641 locus
852 2599 935 2641 ex
979 2574 1280 2640 Eustath.
1324 2573 1411 2638 ad
1453 2576 1731 2660 Dionys,
1776 2574 1905 2638 504
1948 2575 2058 2660 qui
2104 2585 2187 2639 ex
2232 2573 2521 2659 pleniore
2568 2574 2660 2637 St.
2711 2575 2788 2637 B.
2845 2571 3200 2658 exemplari

630 2679 852 2744 retulit
898 2679 1167 2758 Κάμιρο(
1210 2679 1313 2743 διὰ
1356 2681 1475 2742 τοῦ
1519 2681 1541 2743 ἰ
1582 2678 1959 2758 γραφομένη
2003 2678 2167 2754 πρὸς
2211 2677 2689 2757 ἀντιδιαςτολὴν
2721 2679 2837 2740 τοῦ
2869 2675 3107 2754 κυρίου.
3164 2675 3202 2737 ὁ

629 2785 749 2862 γὰρ
799 2783 1105 2861 Κάμειρος
1148 2783 1223 2846 τὸ
1269 2780 1490 2859 κύριον
1536 2782 1641 2845 διὰ
1685 2781 2043 2861 διφθόγγου
2086 2780 2401 2860 γράφεται
2458 2778 2817 2863 explendus
2875 2788 2974 2841 est
3030 2777 3201 2841 sicut

628 2882 1078 2967 intellegamus
1123 2882 1570 2949 Herodianum
1626 2882 1966 2966 utriusque
2025 2879 2268 2943 formae
2327 2890 2392 2945 et
2451 2882 2721 2962 Κάμιρος
2756 2882 2842 2943 'et
2899 2881 3202 2960 Κάμειρος

630 2986 1020 3049 mentionem
1064 2983 1332 3064 fecisse,
1379 2981 1737 3048 Arcadium
1793 2993 2008 3047 autem
2063 3004 2260 3045 111111111
2310 2984 2645 3065 Κάμειρος,
2705 2981 3013 3066 Stephani
3072 2982 3200 3066 epi-

630 3097 1012 3151 tomatorem
1063 3087 1334 3167 Κάμιρος
1381 3084 1587 3149 solum
1632 3085 1975 3169 recepisse.
2065 3085 2319 3163 (ύςιρος
2366 3107 2467 3170 ap.
2518 3085 2613 3149 St.
2669 3107 2801 3148 11011
2857 3085 3200 3169 reperitur,

631 3200 704 3253 111
747 3212 917 3253 1111116
962 3186 1222 3274 quidem
1276 3186 1545 3270 legitur,
1603 3187 1717 3250 secl
1775 3195 1993 3250 exstat
2045 3207 2149 3271 ap.
2207 3185 2500 3270 Theogn.
2547 3187 2658 3267 71,
2704 3186 2818 3268 31,
2877 3207 3023 3248 cum
3079 3207 3204 3270 quo

632 3291 996 3354 communia
1049 3297 1390 3375 praeterea
1443 3286 1642 3351 habet
1695 3288 1990 3367 Πίςτιρος
2055 3297 2121 3352 61
2177 3288 2544 3372 (τάγειρος,
2614 3288 2805 3373 priva
2862 3299 3011 3350 sunt
3065 3285 3204 3351 Ste-

632 3391 842 3478 phano
893 3391 1236 3470 Κάςπειρος
1291 3392 1578 3473 ἤπειρος,
1626 3388 2044 3473 Theognosto
2095 3390 2423 3473 Κόνειρος,
2478 3393 2839 3473 Ἄνδειρος,
2890 3390 3204 3470 Κύςτιρος,

632 3494 939 3575 Δύςιρος,
985 3493 1334 3572 Βεδύςιρος.
1421 3490 1545 3555 His
1590 3491 1886 3556 omnibus
1933 3491 2305 3576 compositis
2350 3513 2561 3556 canon
2606 3490 2745 3555 fere
2789 3514 2867 3555 ea
2910 3489 3208 3576 exempla

633 3594 1032 3676 continebit,
1079 3616 1244 3680 quae
1290 3592 1703 3657 Herodianus
1749 3601 2199 3679 proposuerat.

803 3694 1290 3780 Explicationes
1333 3696 1664 3760 nominum
1706 3695 2290 3780 geographicorum
2343 3698 2538 3758 situm
2584 3693 2841 3759 urbium
2899 3703 2963 3758 et
3006 3704 3205 3758 terra-

635 3819 774 3860 rum
837 3796 1219 3861 definientes
1279 3806 1343 3860 et
1398 3797 1713 3880 originem
1769 3798 2047 3861 nominis
2103 3805 2217 3861 aut
2272 3819 2357 3862 ex
2413 3806 2647 3861 natura
2705 3797 2826 3861 loci
2883 3798 3207 3883 rebusque

633 3899 723 3965 ibi
768 3899 1184 3963 nascentibus
1233 3909 1347 3963 6111
1405 3921 1486 3962 ex
1541 3898 1875 3964 conditore
1935 3908 2298 3986 repetentes
2354 3898 2771 3963 Herodianus
2827 3909 2941 3963 aut
2996 3899 3207 3963 brevi-

633 4002 754 4067 bus
801 4001 1018 4067 verbis
1075 4011 1187 4065 aut
1232 4001 1424 4064 etiam
1468 4000 1681 4065 fusius
1727 4001 2098 4067 nominibus
2154 4002 2314 4086 ipsis
2374 3999 2694 4083 addebat,
2754 4022 2946 4086 saepe
3000 4001 3095 4064 ita
3135 4011 3208 4064 ut

633 4127 718 4168 ex
781 4102 998 4189 aliquo
1065 4104 1373 4168 historico
1439 4102 1542 4167 vel
1597 4102 1967 4190 geographo
2022 4103 2491 4189 expositionem
2551 4112 2813 4167 auctore
2880 4102 3208 4165 nominato

633 4202 1112 4272 transcriberet.
1214 4205 1357 4269 Hoc
1414 4216 1479 4269 61
1532 4227 1616 4269 ex
1670 4206 1781 4286 iis,
1840 4226 2006 4290 quae
2062 4206 2128 4269 in
2187 4204 2400 4290 capite
2454 4205 2672 4291 priore
2730 4205 2810 4268 de
2868 4204 3209 4269 Catholica

635 4308 957 4388 diximuS,
1004 4318 1070 4371 et
1114 4329 1196 4370 ex
1241 4304 1591 4392 exemplis,
1639 4329 1806 4392 quae
1851 4309 2040 4371 modo
2085 4308 2574 4393 proposuimus,
2622 4309 2779 4371 satis
2825 4318 3022 4393 patet.
3082 4307 3209 4371 Hic

635 4409 953 4495 quaedam
1000 4408 1269 4489 addam,
1326 4431 1492 4495 quae
1549 4419 1661 4473 aut
1713 4420 1980 4494 propter
2023 4408 2538 4491 Herodianeam,
2596 4431 2792 4495 quam
2847 4431 3046 4495 supra
3104 4406 3209 4471 de-

637 4510 1014 4595 scripsimus
1027 4556 1044 4590 ,
1091 4509 1460 4595 explicandi
1505 4512 1820 4576 rationem
1866 4520 1981 4576 aut
2025 4533 2131 4587 co,
2178 4510 2353 4597 quod
2396 4510 2667 4575 aliorum
2713 4511 3209 4597 epitomatorum

637 4613 1117 4699 comparatione
1170 4611 1610 4692 illustrantur,
1680 4612 2130 4677 memorabilia
2186 4623 2357 4678 sunt.
2460 4613 2555 4678 St.
2605 4613 2680 4676 B.
2741 4615 2964 4693 Μύρα
3026 4613 3212 4678 πόλις

636 4716 863 4781 Λυκίας
894 4715 1024 4780 ἀπὸ
1072 4717 1291 4795 μύρων
1335 4717 1374 4793 ἢ
1420 4715 1550 4781 ἀπὸ
1585 4717 1904 4795 Μύρωνος
1948 4717 1986 4794 ἢ
2034 4715 2164 4782 ἀπὸ
2199 4717 2427 4795 Μύρου
2473 4720 2765 4795 ποταμοῦ
2810 4717 3207 4795 παραρρέον-

639 4839 762 4883 τος.
862 4818 1191 4897 ἄμεινον
1260 4820 1331 4882 δὲ
1399 4819 1485 4882 τό
1551 4824 1883 4897 πρῶτον.
1952 4858 2029 4863 -
2104 4819 2350 4900 Κρήτη
2426 4819 2463 4897 ἡ
2530 4820 2778 4900 μεγίςτη
2843 4823 3064 4899 νῆςος,
3132 4818 3211 4898 ἣν
