<?xml version="1.0" encoding="UTF-8"?>
<!DOCTYPE html PUBLIC "-//W3C//DTD XHTML 1.0 Transitional//EN"
    "http://www.w3.org/TR/xhtml1/DTD/xhtml1-transitional.dtd">
<html xmlns="http://www.w3.org/1999/xhtml" xml:lang="en" lang="en">
 <head>
  <title>
</title>
<meta http-equiv="Content-Type" content="text/html;charset=utf-8" />
  <meta name='ocr-system' content='tesseract 3.04.00' />
  <meta name='ocr-capabilities' content='ocr_page ocr_carea ocr_par ocr_line ocrx_word'/>
</head>
<body>
  <div class='ocr_page' id='page_1' title='image "./grammaticigraec02unkngoog_0328.png"; bbox 0 0 3664 5546; ppageno 0'>
   <div class='ocr_carea' id='block_1_1' title="bbox 513 385 2158 455">
    <p class='ocr_par' dir='ltr' id='par_1_1' title="bbox 513 385 2158 455">
     <span class='ocr_line' id='line_1_1' title="bbox 513 385 2158 455; baseline -0.001 -13"><span class='ocrx_word' id='word_1_1' title='bbox 513 388 596 455; x_wconf 85' lang='lat'>82</span> <span class='ocrx_word' id='word_1_2' title='bbox 1312 392 1321 399; x_wconf 41' lang='lat'>³</span> <span class='ocrx_word' id='word_1_3' title='bbox 1447 386 1530 442; x_wconf 89' lang='grc' dir='ltr'>εκ</span> <span class='ocrx_word' id='word_1_4' title='bbox 1567 387 1706 441; x_wconf 81' lang='grc' dir='ltr'>τΩΝ</span> <span class='ocrx_word' id='word_1_5' title='bbox 1749 385 2158 442; x_wconf 79' lang='grc' dir='ltr'>ΗΡΩΔιΑΝοΥ</span> 
     </span>
    </p>
   </div>
   <div class='ocr_carea' id='block_1_2' title="bbox 412 556 3102 3805">
    <p class='ocr_par' dir='ltr' id='par_1_2' title="bbox 511 556 3099 949">
     <span class='ocr_line' id='line_1_2' title="bbox 512 556 3096 652; baseline -0.003 -25"><span class='ocrx_word' id='word_1_6' title='bbox 512 561 949 652; x_wconf 87' lang='grc' dir='ltr'>Τηλαύγης,</span> <span class='ocrx_word' id='word_1_7' title='bbox 1012 559 1577 640; x_wconf 90' lang='grc' dir='ltr'>Καλλιςθένης,</span> <span class='ocrx_word' id='word_1_8' title='bbox 1623 557 2188 638; x_wconf 73' lang='grc' dir='ltr'>Δημοςθένης,Ι</span> <span class='ocrx_word' id='word_1_9' title='bbox 2236 556 2713 636; x_wconf 92' lang='grc' dir='ltr'>Ἀντιγένης,</span> <span class='ocrx_word' id='word_1_10' title='bbox 2760 556 3096 633; x_wconf 83' lang='grc' dir='ltr'>Ἀριςτο-</span> 
     </span>
     <span class='ocr_line' id='line_1_3' title="bbox 511 657 3099 746; baseline -0.003 -17"><span class='ocrx_word' id='word_1_11' title='bbox 511 665 776 746; x_wconf 88' lang='grc' dir='ltr'>μένης,</span> <span class='ocrx_word' id='word_1_12' title='bbox 821 661 1343 741; x_wconf 87' lang='grc' dir='ltr'>Πυλαιμένης.</span> <span class='ocrx_word' id='word_1_13' title='bbox 1430 660 1510 726; x_wconf 89' lang='grc' dir='ltr'>οὐ</span> <span class='ocrx_word' id='word_1_14' title='bbox 1556 660 1815 740; x_wconf 85' lang='grc' dir='ltr'>μάχεται</span> <span class='ocrx_word' id='word_1_15' title='bbox 1861 659 1937 724; x_wconf 84' lang='grc' dir='ltr'>τὸ</span> <span class='ocrx_word' id='word_1_16' title='bbox 1983 658 2348 739; x_wconf 86' lang='grc' dir='ltr'>Εὐμενής·</span> <span class='ocrx_word' id='word_1_17' title='bbox 2424 658 2503 722; x_wconf 91' lang='grc' dir='ltr'>οὐ</span> <span class='ocrx_word' id='word_1_18' title='bbox 2548 658 2671 737; x_wconf 88' lang='grc' dir='ltr'>γὰρ</span> <span class='ocrx_word' id='word_1_19' title='bbox 2716 659 2975 722; x_wconf 86' lang='grc' dir='ltr'>πάντως</span> <span class='ocrx_word' id='word_1_20' title='bbox 3020 657 3099 720; x_wconf 88' lang='grc' dir='ltr'>τὰ</span> 
     </span>
     <span class='ocr_line' id='line_1_4' title="bbox 511 758 3098 846; baseline -0.003 -15"><span class='ocrx_word' id='word_1_21' title='bbox 511 768 626 846; x_wconf 80' lang='grc' dir='ltr'>μὲν</span> <span class='ocrx_word' id='word_1_22' title='bbox 671 767 856 844; x_wconf 91' lang='grc' dir='ltr'>κύρια</span> <span class='ocrx_word' id='word_1_23' title='bbox 898 763 999 828; x_wconf 84' lang='grc' dir='ltr'>ἀεὶ</span> <span class='ocrx_word' id='word_1_24' title='bbox 1043 763 1411 845; x_wconf 84' lang='grc' dir='ltr'>βαρύνεται,</span> <span class='ocrx_word' id='word_1_25' title='bbox 1466 764 1546 828; x_wconf 87' lang='grc' dir='ltr'>τὰ</span> <span class='ocrx_word' id='word_1_26' title='bbox 1600 765 1670 827; x_wconf 82' lang='grc' dir='ltr'>δὲ</span> <span class='ocrx_word' id='word_1_27' title='bbox 1716 762 2035 826; x_wconf 84' lang='grc' dir='ltr'>ἐπιθετικὰ</span> <span class='ocrx_word' id='word_1_28' title='bbox 2079 761 2400 842; x_wconf 84' lang='grc' dir='ltr'>ὀξύνεται,</span> <span class='ocrx_word' id='word_1_29' title='bbox 2444 760 2596 825; x_wconf 77' lang='grc' dir='ltr'>ἀλλ’</span> <span class='ocrx_word' id='word_1_30' title='bbox 2642 758 2700 824; x_wconf 83' lang='grc' dir='ltr'>εἴ</span> <span class='ocrx_word' id='word_1_31' title='bbox 2731 780 2861 824; x_wconf 91' lang='grc' dir='ltr'>που</span> <span class='ocrx_word' id='word_1_32' title='bbox 2908 759 3098 839; x_wconf 88' lang='grc' dir='ltr'>βαρύ-</span> 
     </span>
     <span class='ocr_line' id='line_1_5' title="bbox 511 863 1980 949; baseline -0.004 -16"><span class='ocrx_word' id='word_1_33' title='bbox 511 888 686 934; x_wconf 90' lang='grc' dir='ltr'>νεται</span> <span class='ocrx_word' id='word_1_34' title='bbox 730 868 806 932; x_wconf 86' lang='grc' dir='ltr'>τὸ</span> <span class='ocrx_word' id='word_1_35' title='bbox 851 867 1104 949; x_wconf 89' lang='grc' dir='ltr'>κύριον,</span> <span class='ocrx_word' id='word_1_36' title='bbox 1149 866 1225 930; x_wconf 87' lang='grc' dir='ltr'>τὸ</span> <span class='ocrx_word' id='word_1_37' title='bbox 1272 865 1626 930; x_wconf 87' lang='grc' dir='ltr'>ἐπιθετικὸν</span> <span class='ocrx_word' id='word_1_38' title='bbox 1673 863 1980 932; x_wconf 85' lang='grc' dir='ltr'>ὀξύνεται.</span> 
     </span>
    </p>

    <p class='ocr_par' dir='ltr' id='par_1_3' title="bbox 450 963 3101 1455">
     <span class='ocr_line' id='line_1_6' title="bbox 450 963 3098 1046; baseline -0.002 -15"><span class='ocrx_word' id='word_1_39' title='bbox 450 979 483 1031; x_wconf 89' lang='lat'>5</span> <span class='ocrx_word' id='word_1_40' title='bbox 682 970 778 1035; x_wconf 88' lang='grc' dir='ltr'>Τὰ</span> <span class='ocrx_word' id='word_1_41' title='bbox 819 969 994 1046; x_wconf 86' lang='grc' dir='ltr'>παρὰ</span> <span class='ocrx_word' id='word_1_42' title='bbox 1037 969 1115 1032; x_wconf 89' lang='grc' dir='ltr'>τὰ</span> <span class='ocrx_word' id='word_1_43' title='bbox 1160 966 1248 1032; x_wconf 90' lang='grc' dir='ltr'>εἰς</span> <span class='ocrx_word' id='word_1_44' title='bbox 1301 970 1340 1046; x_wconf 85' lang='grc' dir='ltr'>ἦ</span> <span class='ocrx_word' id='word_1_45' title='bbox 1399 967 1681 1045; x_wconf 86' lang='grc' dir='ltr'>λήγοντα</span> <span class='ocrx_word' id='word_1_46' title='bbox 1734 967 1977 1046; x_wconf 85' lang='grc' dir='ltr'>θηλυκὰ</span> <span class='ocrx_word' id='word_1_47' title='bbox 2032 964 2441 1044; x_wconf 88' lang='grc' dir='ltr'>ςυντιθέμενα</span> <span class='ocrx_word' id='word_1_48' title='bbox 2496 964 2598 1028; x_wconf 87' lang='grc' dir='ltr'>καὶ</span> <span class='ocrx_word' id='word_1_49' title='bbox 2652 963 2739 1029; x_wconf 89' lang='grc' dir='ltr'>εἰς</span> <span class='ocrx_word' id='word_1_50' title='bbox 2786 968 2860 1042; x_wconf 75' lang='grc' dir='ltr'>ἦς’</span> <span class='ocrx_word' id='word_1_51' title='bbox 2903 983 3098 1042; x_wconf 90' lang='grc' dir='ltr'>περα-</span> 
     </span>
     <span class='ocr_line' id='line_1_7' title="bbox 510 1066 3096 1151; baseline -0.002 -15"><span class='ocrx_word' id='word_1_52' title='bbox 510 1072 793 1151; x_wconf 90' lang='grc' dir='ltr'>τούμενα</span> <span class='ocrx_word' id='word_1_53' title='bbox 836 1070 1156 1135; x_wconf 85' lang='grc' dir='ltr'>ἐπιθετικὰ</span> <span class='ocrx_word' id='word_1_54' title='bbox 1198 1070 1343 1135; x_wconf 88' lang='grc' dir='ltr'>τότε</span> <span class='ocrx_word' id='word_1_55' title='bbox 1389 1069 1716 1136; x_wconf 90' lang='grc' dir='ltr'>ὀξύνεςθαι</span> <span class='ocrx_word' id='word_1_56' title='bbox 1760 1068 1960 1151; x_wconf 83' lang='grc' dir='ltr'>θέλει,</span> <span class='ocrx_word' id='word_1_57' title='bbox 2018 1067 2175 1133; x_wconf 87' lang='grc' dir='ltr'>ὅταν</span> <span class='ocrx_word' id='word_1_58' title='bbox 2223 1066 2337 1150; x_wconf 87' lang='grc' dir='ltr'>ἔχῃ</span> <span class='ocrx_word' id='word_1_59' title='bbox 2386 1066 2735 1145; x_wconf 81' lang='grc' dir='ltr'>οὐδετέρου</span> <span class='ocrx_word' id='word_1_60' title='bbox 2779 1086 3096 1145; x_wconf 89' lang='grc' dir='ltr'>παραςχη-</span> 
     </span>
     <span class='ocr_line' id='line_1_8' title="bbox 513 1168 3097 1253; baseline -0.002 -15"><span class='ocrx_word' id='word_1_61' title='bbox 513 1174 815 1253; x_wconf 87' lang='grc' dir='ltr'>ματιςμόν</span> <span class='ocrx_word' id='word_1_62' title='bbox 859 1174 964 1238; x_wconf 89' lang='grc' dir='ltr'>καὶ</span> <span class='ocrx_word' id='word_1_63' title='bbox 1003 1173 1120 1250; x_wconf 87' lang='grc' dir='ltr'>τὴν</span> <span class='ocrx_word' id='word_1_64' title='bbox 1165 1172 1421 1250; x_wconf 86' lang='grc' dir='ltr'>γενικὴν</span> <span class='ocrx_word' id='word_1_65' title='bbox 1467 1171 1554 1235; x_wconf 90' lang='grc' dir='ltr'>εἰς</span> <span class='ocrx_word' id='word_1_66' title='bbox 1600 1174 1720 1235; x_wconf 68' lang='grc' dir='ltr'>ο-ῦῐ</span> <span class='ocrx_word' id='word_1_67' title='bbox 1763 1170 2278 1252; x_wconf 87' lang='grc' dir='ltr'>περατουμένην,</span> <span class='ocrx_word' id='word_1_68' title='bbox 2325 1169 2633 1249; x_wconf 85' lang='grc' dir='ltr'>εὐτυχοῦς</span> <span class='ocrx_word' id='word_1_69' title='bbox 2673 1168 2935 1247; x_wconf 88' lang='grc' dir='ltr'>εὐτυχές</span> <span class='ocrx_word' id='word_1_70' title='bbox 2974 1168 3097 1232; x_wconf 91' lang='grc' dir='ltr'>εὐ-</span> 
     </span>
     <span class='ocr_line' id='line_1_9' title="bbox 511 1269 3101 1359; baseline -0.002 -19"><span class='ocrx_word' id='word_1_71' title='bbox 511 1279 801 1359; x_wconf 86' lang='grc' dir='ltr'>τυχεῖς,</span> <span class='ocrx_word' id='word_1_72' title='bbox 860 1276 1261 1353; x_wconf 84' lang='grc' dir='ltr'>εὐρυπυλοῦς</span> <span class='ocrx_word' id='word_1_73' title='bbox 1317 1273 1670 1352; x_wconf 83' lang='grc' dir='ltr'>εὐρυπυλές</span> <span class='ocrx_word' id='word_1_74' title='bbox 1724 1272 2220 1351; x_wconf 88' lang='grc' dir='ltr'>εὐρυπυλεῑς.</span> <span class='ocrx_word' id='word_1_75' title='bbox 2310 1271 2516 1336; x_wconf 87' lang='grc' dir='ltr'>οὕτως</span> <span class='ocrx_word' id='word_1_76' title='bbox 2573 1269 2693 1337; x_wconf 84' lang='grc' dir='ltr'>οὖν</span> <span class='ocrx_word' id='word_1_77' title='bbox 2751 1271 2944 1350; x_wconf 82' lang='grc' dir='ltr'>ἐχρῆν</span> <span class='ocrx_word' id='word_1_78' title='bbox 2998 1271 3101 1335; x_wconf 85' lang='grc' dir='ltr'>καὶ</span> 
     </span>
     <span class='ocr_line' id='line_1_10' title="bbox 511 1372 3099 1455; baseline -0.001 -15"><span class='ocrx_word' id='word_1_79' title='bbox 511 1378 587 1442; x_wconf 86' lang='grc' dir='ltr'>τὸ</span> <span class='ocrx_word' id='word_1_80' title='bbox 633 1378 915 1455; x_wconf 87' lang='grc' dir='ltr'>νεήκης</span> <span class='ocrx_word' id='word_1_81' title='bbox 971 1376 1147 1453; x_wconf 88' lang='grc' dir='ltr'>παρὰ</span> <span class='ocrx_word' id='word_1_82' title='bbox 1201 1376 1276 1439; x_wconf 88' lang='grc' dir='ltr'>τὸ</span> <span class='ocrx_word' id='word_1_83' title='bbox 1333 1374 1452 1454; x_wconf 87' lang='grc' dir='ltr'>ἀκή</span> <span class='ocrx_word' id='word_1_84' title='bbox 1500 1375 1960 1454; x_wconf 88' lang='grc' dir='ltr'>ςυντιθέμενον.</span> <span class='ocrx_word' id='word_1_85' title='bbox 2048 1374 2221 1453; x_wconf 89' lang='grc' dir='ltr'>ὅμως</span> <span class='ocrx_word' id='word_1_86' title='bbox 2277 1374 2493 1454; x_wconf 88' lang='grc' dir='ltr'>μέντοι</span> <span class='ocrx_word' id='word_1_87' title='bbox 2548 1373 2586 1450; x_wconf 91' lang='grc' dir='ltr'>ὴ</span> <span class='ocrx_word' id='word_1_88' title='bbox 2632 1373 2979 1452; x_wconf 88' lang='grc' dir='ltr'>παράδοςις</span> <span class='ocrx_word' id='word_1_89' title='bbox 3022 1372 3099 1437; x_wconf 88' lang='grc' dir='ltr'>τὸ</span> 
     </span>
    </p>

    <p class='ocr_par' dir='ltr' id='par_1_4' title="bbox 420 1474 3099 1867">
     <span class='ocr_line' id='line_1_11' title="bbox 420 1474 3098 1558; baseline 0 -20"><span class='ocrx_word' id='word_1_90' title='bbox 420 1488 481 1539; x_wconf 81' lang='lat'>10</span> <span class='ocrx_word' id='word_1_91' title='bbox 514 1480 742 1557; x_wconf 89' lang='grc' dir='ltr'>νεήκης</span> <span class='ocrx_word' id='word_1_92' title='bbox 785 1478 888 1542; x_wconf 84' lang='grc' dir='ltr'>καὶ</span> <span class='ocrx_word' id='word_1_93' title='bbox 929 1478 1322 1556; x_wconf 90' lang='grc' dir='ltr'>ταναήκης</span> <span class='ocrx_word' id='word_1_94' title='bbox 1378 1478 1633 1558; x_wconf 85' lang='grc' dir='ltr'>βαρύνει</span> <span class='ocrx_word' id='word_1_95' title='bbox 1689 1477 1849 1542; x_wconf 86' lang='grc' dir='ltr'>κατὰ</span> <span class='ocrx_word' id='word_1_96' title='bbox 1895 1477 2326 1556; x_wconf 89' lang='grc' dir='ltr'>ςυνεκδρομὴν</span> <span class='ocrx_word' id='word_1_97' title='bbox 2382 1479 2497 1540; x_wconf 81' lang='grc' dir='ltr'>τοῦ</span> <span class='ocrx_word' id='word_1_98' title='bbox 2553 1474 2854 1557; x_wconf 89' lang='grc' dir='ltr'>εὐμήκης,</span> <span class='ocrx_word' id='word_1_99' title='bbox 2910 1493 3098 1554; x_wconf 87' lang='grc' dir='ltr'>μεγα-</span> 
     </span>
     <span class='ocr_line' id='line_1_12' title="bbox 512 1576 3099 1659; baseline -0.002 -14"><span class='ocrx_word' id='word_1_100' title='bbox 512 1580 715 1658; x_wconf 87' lang='grc' dir='ltr'>κήτης.</span> <span class='ocrx_word' id='word_1_101' title='bbox 804 1580 897 1645; x_wconf 88' lang='grc' dir='ltr'>Τὰ</span> <span class='ocrx_word' id='word_1_102' title='bbox 942 1581 1013 1645; x_wconf 78' lang='grc' dir='ltr'>δὲ</span> <span class='ocrx_word' id='word_1_103' title='bbox 1057 1579 1189 1644; x_wconf 87' lang='grc' dir='ltr'>ἀπὸ</span> <span class='ocrx_word' id='word_1_104' title='bbox 1232 1584 1363 1644; x_wconf 85' lang='grc' dir='ltr'>τῶν</span> <span class='ocrx_word' id='word_1_105' title='bbox 1410 1579 1497 1644; x_wconf 90' lang='grc' dir='ltr'>εἰς</span> <span class='ocrx_word' id='word_1_106' title='bbox 1540 1582 1581 1657; x_wconf 83' lang='grc' dir='ltr'>ἦ</span> <span class='ocrx_word' id='word_1_107' title='bbox 1624 1582 1917 1659; x_wconf 88' lang='grc' dir='ltr'>θηλυκῶν</span> <span class='ocrx_word' id='word_1_108' title='bbox 1963 1577 2051 1643; x_wconf 85' lang='grc' dir='ltr'>εἰς</span> <span class='ocrx_word' id='word_1_109' title='bbox 2094 1582 2168 1656; x_wconf 72' lang='grc' dir='ltr'>ῆῖ</span> <span class='ocrx_word' id='word_1_110' title='bbox 2210 1579 2518 1657; x_wconf 89' lang='grc' dir='ltr'>γινόμενα</span> <span class='ocrx_word' id='word_1_111' title='bbox 2573 1579 2653 1657; x_wconf 81' lang='grc' dir='ltr'>μὴ</span> <span class='ocrx_word' id='word_1_112' title='bbox 2707 1576 2945 1656; x_wconf 84' lang='grc' dir='ltr'>ἔχοντα</span> <span class='ocrx_word' id='word_1_113' title='bbox 2988 1576 3099 1640; x_wconf 90' lang='grc' dir='ltr'>οὐ-</span> 
     </span>
     <span class='ocr_line' id='line_1_13' title="bbox 514 1678 3097 1763; baseline -0.002 -16"><span class='ocrx_word' id='word_1_114' title='bbox 514 1683 777 1761; x_wconf 86' lang='grc' dir='ltr'>δέτερον</span> <span class='ocrx_word' id='word_1_115' title='bbox 833 1683 936 1746; x_wconf 83' lang='grc' dir='ltr'>καὶ</span> <span class='ocrx_word' id='word_1_116' title='bbox 991 1681 1082 1746; x_wconf 85' lang='grc' dir='ltr'>εἰς</span> <span class='ocrx_word' id='word_1_117' title='bbox 1134 1685 1217 1745; x_wconf 63' lang='lat' dir='ltr'>ffi</span> <span class='ocrx_word' id='word_1_118' title='bbox 1272 1682 1509 1761; x_wconf 81' lang='grc' dir='ltr'>ἔχοντα</span> <span class='ocrx_word' id='word_1_119' title='bbox 1563 1683 1678 1760; x_wconf 88' lang='grc' dir='ltr'>τὴν</span> <span class='ocrx_word' id='word_1_120' title='bbox 1735 1682 1992 1760; x_wconf 84' lang='grc' dir='ltr'>γενικὴν</span> <span class='ocrx_word' id='word_1_121' title='bbox 2060 1680 2476 1763; x_wconf 88' lang='grc' dir='ltr'>βαρύνονται,</span> <span class='ocrx_word' id='word_1_122' title='bbox 2542 1678 3097 1761; x_wconf 88' lang='grc' dir='ltr'>ἀκειροκόμης,</span> 
     </span>
     <span class='ocr_line' id='line_1_14' title="bbox 514 1782 2772 1867; baseline -0.002 -17"><span class='ocrx_word' id='word_1_123' title='bbox 514 1784 1074 1867; x_wconf 89' lang='grc' dir='ltr'>ἑλλανοδίκης,</span> <span class='ocrx_word' id='word_1_124' title='bbox 1120 1784 1575 1863; x_wconf 89' lang='grc' dir='ltr'>μιςογύνης,</span> <span class='ocrx_word' id='word_1_125' title='bbox 1623 1782 2183 1865; x_wconf 75' lang='grc' dir='ltr'>κυανοχαίτης,</span> <span class='ocrx_word' id='word_1_126' title='bbox 2227 1782 2772 1861; x_wconf 85' lang='grc' dir='ltr'>κλυτοτέχνης.</span> 
     </span>
    </p>

    <p class='ocr_par' dir='ltr' id='par_1_5' title="bbox 683 1882 3099 1967">
     <span class='ocr_line' id='line_1_15' title="bbox 683 1882 3099 1967; baseline -0.001 -17"><span class='ocrx_word' id='word_1_127' title='bbox 683 1886 777 1950; x_wconf 86' lang='grc' dir='ltr'>Τὰ</span> <span class='ocrx_word' id='word_1_128' title='bbox 821 1885 908 1951; x_wconf 87' lang='grc' dir='ltr'>εἰς</span> <span class='ocrx_word' id='word_1_129' title='bbox 951 1887 1027 1962; x_wconf 78' lang='grc' dir='ltr'>ης</span> <span class='ocrx_word' id='word_1_130' title='bbox 1070 1886 1244 1963; x_wconf 86' lang='grc' dir='ltr'>παρὰ</span> <span class='ocrx_word' id='word_1_131' title='bbox 1288 1887 1364 1951; x_wconf 87' lang='grc' dir='ltr'>τὸ</span> <span class='ocrx_word' id='word_1_132' title='bbox 1409 1885 1604 1964; x_wconf 83' lang='grc' dir='ltr'>ἔργον</span> <span class='ocrx_word' id='word_1_133' title='bbox 1649 1883 1972 1967; x_wconf 86' lang='grc' dir='ltr'>ὀξύνεται,</span> <span class='ocrx_word' id='word_1_134' title='bbox 2028 1884 2556 1966; x_wconf 87' lang='grc' dir='ltr'>λεπτουργής,</span> <span class='ocrx_word' id='word_1_135' title='bbox 2615 1882 3099 1965; x_wconf 87' lang='grc' dir='ltr'>Ναξουργής,</span> 
     </span>
    </p>

    <p class='ocr_par' dir='ltr' id='par_1_6' title="bbox 420 1987 1746 2070">
     <span class='ocr_line' id='line_1_16' title="bbox 420 1987 1746 2070; baseline 0.002 -22"><span class='ocrx_word' id='word_1_136' title='bbox 420 1998 479 2049; x_wconf 86' lang='grc'>15</span> <span class='ocrx_word' id='word_1_137' title='bbox 517 1988 1095 2070; x_wconf 88' lang='grc' dir='ltr'>Ἀττικουργής,</span> <span class='ocrx_word' id='word_1_138' title='bbox 1144 1987 1746 2066; x_wconf 91' lang='grc' dir='ltr'>Κορινθουργής.</span> 
     </span>
    </p>

    <p class='ocr_par' dir='ltr' id='par_1_7' title="bbox 513 2086 3102 2477">
     <span class='ocr_line' id='line_1_17' title="bbox 681 2086 3098 2171; baseline -0.001 -17"><span class='ocrx_word' id='word_1_139' title='bbox 681 2090 777 2154; x_wconf 88' lang='grc' dir='ltr'>Τὰ</span> <span class='ocrx_word' id='word_1_140' title='bbox 820 2089 908 2154; x_wconf 89' lang='grc' dir='ltr'>εἰς</span> <span class='ocrx_word' id='word_1_141' title='bbox 951 2096 1026 2167; x_wconf 76' lang='grc' dir='ltr'>ἠς</span> <span class='ocrx_word' id='word_1_142' title='bbox 1070 2088 1202 2154; x_wconf 87' lang='grc' dir='ltr'>ἀπὸ</span> <span class='ocrx_word' id='word_1_143' title='bbox 1245 2094 1376 2155; x_wconf 85' lang='grc' dir='ltr'>τῶν</span> <span class='ocrx_word' id='word_1_144' title='bbox 1421 2089 1509 2155; x_wconf 83' lang='grc' dir='ltr'>εἰς</span> <span class='ocrx_word' id='word_1_145' title='bbox 1555 2095 1628 2156; x_wconf 74' lang='grc' dir='ltr'>ιῖί</span> <span class='ocrx_word' id='word_1_146' title='bbox 1671 2089 1999 2156; x_wconf 86' lang='grc' dir='ltr'>ὀξυτόνων</span> <span class='ocrx_word' id='word_1_147' title='bbox 2031 2090 2146 2169; x_wconf 80' lang='grc' dir='ltr'>μὲν</span> <span class='ocrx_word' id='word_1_148' title='bbox 2178 2087 2534 2171; x_wconf 88' lang='grc' dir='ltr'>ὀξύνονται,</span> <span class='ocrx_word' id='word_1_149' title='bbox 2581 2087 2796 2168; x_wconf 90' lang='grc' dir='ltr'>βριθύς</span> <span class='ocrx_word' id='word_1_150' title='bbox 2840 2086 3098 2167; x_wconf 85' lang='grc' dir='ltr'>ἐμβρι-</span> 
     </span>
     <span class='ocr_line' id='line_1_18' title="bbox 514 2178 3102 2275; baseline -0.001 -20"><span class='ocrx_word' id='word_1_151' title='bbox 514 2192 680 2275; x_wconf 91' lang='grc' dir='ltr'>θής,</span> <span class='ocrx_word' id='word_1_152' title='bbox 726 2191 919 2272; x_wconf 90' lang='grc' dir='ltr'>βαρύς</span> <span class='ocrx_word' id='word_1_153' title='bbox 963 2191 1286 2274; x_wconf 85' lang='grc' dir='ltr'>ἀβαρής,</span> <span class='ocrx_word' id='word_1_154' title='bbox 1329 2192 1486 2270; x_wconf 89' lang='grc' dir='ltr'>ἡδύς</span> <span class='ocrx_word' id='word_1_155' title='bbox 1526 2178 1806 2275; x_wconf 67' lang='grc' dir='ltr'>ἀηδής,</span> <span class='ocrx_word' id='word_1_156' title='bbox 1851 2191 1967 2268; x_wconf 85' lang='grc' dir='ltr'>ἠΰς</span> <span class='ocrx_word' id='word_1_157' title='bbox 2012 2190 2272 2270; x_wconf 85' lang='grc' dir='ltr'>ἐνηής·</span> <span class='ocrx_word' id='word_1_158' title='bbox 2319 2189 2527 2254; x_wconf 87' lang='grc' dir='ltr'>οὕτως</span> <span class='ocrx_word' id='word_1_159' title='bbox 2572 2188 2692 2254; x_wconf 86' lang='grc' dir='ltr'>οὐν</span> <span class='ocrx_word' id='word_1_160' title='bbox 2725 2188 2966 2269; x_wconf 85' lang='grc' dir='ltr'>ὤφειλε</span> <span class='ocrx_word' id='word_1_161' title='bbox 2997 2191 3102 2254; x_wconf 86' lang='grc' dir='ltr'>καὶ</span> 
     </span>
     <span class='ocr_line' id='line_1_19' title="bbox 513 2290 3101 2377; baseline -0.001 -18"><span class='ocrx_word' id='word_1_162' title='bbox 513 2296 589 2360; x_wconf 87' lang='grc' dir='ltr'>τὸ</span> <span class='ocrx_word' id='word_1_163' title='bbox 633 2296 999 2372; x_wconf 77' lang='grc' dir='ltr'>ποδώκης</span> <span class='ocrx_word' id='word_1_164' title='bbox 1045 2292 1507 2377; x_wconf 83' lang='grc' dir='ltr'>ὀξυτονεῖςθαι,</span> <span class='ocrx_word' id='word_1_165' title='bbox 1564 2295 1909 2374; x_wconf 89' lang='grc' dir='ltr'>γινόμενον</span> <span class='ocrx_word' id='word_1_166' title='bbox 1968 2293 2099 2358; x_wconf 88' lang='grc' dir='ltr'>ἀπὸ</span> <span class='ocrx_word' id='word_1_167' title='bbox 2142 2296 2261 2357; x_wconf 84' lang='grc' dir='ltr'>τοῦ</span> <span class='ocrx_word' id='word_1_168' title='bbox 2307 2291 2501 2356; x_wconf 85' lang='grc' dir='ltr'>ὠκύς·</span> <span class='ocrx_word' id='word_1_169' title='bbox 2557 2290 2724 2356; x_wconf 85' lang='grc' dir='ltr'>ἀλλά</span> <span class='ocrx_word' id='word_1_170' title='bbox 2775 2312 2966 2375; x_wconf 83' lang='grc' dir='ltr'>φαςιν</span> <span class='ocrx_word' id='word_1_171' title='bbox 3011 2291 3101 2356; x_wconf 88' lang='grc' dir='ltr'>εἰς</span> 
     </span>
     <span class='ocr_line' id='line_1_20' title="bbox 515 2394 3100 2477; baseline -0.002 -16"><span class='ocrx_word' id='word_1_172' title='bbox 515 2396 796 2476; x_wconf 81' lang='grc' dir='ltr'>ἰδιότητα</span> <span class='ocrx_word' id='word_1_173' title='bbox 851 2400 969 2461; x_wconf 78' lang='grc' dir='ltr'>τοῦ</span> <span class='ocrx_word' id='word_1_174' title='bbox 1025 2396 1363 2475; x_wconf 84' lang='grc' dir='ltr'>Ἀχιλλέως</span> <span class='ocrx_word' id='word_1_175' title='bbox 1419 2398 1950 2476; x_wconf 88' lang='grc' dir='ltr'>βεβαρυτονῆςθαι</span> <span class='ocrx_word' id='word_1_176' title='bbox 2004 2395 2081 2459; x_wconf 88' lang='grc' dir='ltr'>τὸ</span> <span class='ocrx_word' id='word_1_177' title='bbox 2138 2395 2454 2473; x_wconf 83' lang='grc' dir='ltr'>ποδώκης.</span> <span class='ocrx_word' id='word_1_178' title='bbox 2554 2394 2729 2473; x_wconf 86' lang='grc' dir='ltr'>παρὰ</span> <span class='ocrx_word' id='word_1_179' title='bbox 2792 2398 2952 2470; x_wconf 85' lang='grc' dir='ltr'>γοῦν</span> <span class='ocrx_word' id='word_1_180' title='bbox 3007 2400 3100 2477; x_wconf 83' lang='grc' dir='ltr'>τῷ</span> 
     </span>
    </p>

    <p class='ocr_par' dir='ltr' id='par_1_8' title="bbox 412 2493 3101 2886">
     <span class='ocr_line' id='line_1_21' title="bbox 412 2493 3101 2583; baseline -0.002 -20"><span class='ocrx_word' id='word_1_181' title='bbox 412 2508 481 2559; x_wconf 82' lang='grc'>20</span> <span class='ocrx_word' id='word_1_182' title='bbox 515 2498 787 2583; x_wconf 84' lang='grc' dir='ltr'>Ἣςιόδῳ</span> <span class='ocrx_word' id='word_1_183' title='bbox 831 2495 1222 2575; x_wconf 87' lang='grc' dir='ltr'>ἀνεγνώκαςι</span> <span class='ocrx_word' id='word_1_184' title='bbox 1269 2499 1608 2575; x_wconf 81' lang='grc' dir='ltr'>«ποδωκὴς</span> <span class='ocrx_word' id='word_1_185' title='bbox 1653 2498 1719 2560; x_wconf 80' lang='grc' dir='ltr'>δ&gt;</span> <span class='ocrx_word' id='word_1_186' title='bbox 1764 2497 2111 2576; x_wconf 84' lang='grc' dir='ltr'>Ἀταλάντη</span> <span class='ocrx_word' id='word_1_187' title='bbox 2166 2493 2383 2577; x_wconf 86' lang='lat' dir='ltr'>(catal.</span> <span class='ocrx_word' id='word_1_188' title='bbox 2432 2493 2672 2558; x_wconf 88' lang='lat' dir='ltr'>XXVI</span> <span class='ocrx_word' id='word_1_189' title='bbox 2716 2493 3101 2577; x_wconf 84' lang='lat' dir='ltr'>Marksch.).</span> 
     </span>
     <span class='ocr_line' id='line_1_22' title="bbox 513 2597 3099 2679; baseline -0.002 -14"><span class='ocrx_word' id='word_1_190' title='bbox 513 2602 572 2665; x_wconf 89' lang='grc' dir='ltr'>τί</span> <span class='ocrx_word' id='word_1_191' title='bbox 616 2599 738 2666; x_wconf 87' lang='grc' dir='ltr'>οὐν</span> <span class='ocrx_word' id='word_1_192' title='bbox 783 2599 888 2664; x_wconf 85' lang='grc' dir='ltr'>ἐπὶ</span> <span class='ocrx_word' id='word_1_193' title='bbox 927 2604 1045 2664; x_wconf 83' lang='grc' dir='ltr'>τοῦ</span> <span class='ocrx_word' id='word_1_194' title='bbox 1089 2599 1408 2664; x_wconf 88' lang='grc' dir='ltr'>Δόλωνος</span> <span class='ocrx_word' id='word_1_195' title='bbox 1463 2599 1623 2664; x_wconf 86' lang='grc' dir='ltr'>κατὰ</span> <span class='ocrx_word' id='word_1_196' title='bbox 1678 2603 1938 2679; x_wconf 86' lang='grc' dir='ltr'>βαρεῖαν</span> <span class='ocrx_word' id='word_1_197' title='bbox 1994 2599 2169 2663; x_wconf 85' lang='grc' dir='ltr'>τάςιν</span> <span class='ocrx_word' id='word_1_198' title='bbox 2215 2598 2608 2674; x_wconf 88' lang='grc' dir='ltr'>ἀνεγνώκαςι</span> <span class='ocrx_word' id='word_1_199' title='bbox 2659 2598 2761 2662; x_wconf 85' lang='grc' dir='ltr'>καὶ</span> <span class='ocrx_word' id='word_1_200' title='bbox 2804 2598 2908 2662; x_wconf 83' lang='grc' dir='ltr'>ἐπὶ</span> <span class='ocrx_word' id='word_1_201' title='bbox 2951 2597 3099 2661; x_wconf 89' lang='grc' dir='ltr'>τού-</span> 
     </span>
     <span class='ocr_line' id='line_1_23' title="bbox 513 2697 3101 2794; baseline -0.002 -27"><span class='ocrx_word' id='word_1_202' title='bbox 513 2723 659 2780; x_wconf 91' lang='grc' dir='ltr'>του;</span> <span class='ocrx_word' id='word_1_203' title='bbox 708 2703 823 2794; x_wconf 75' lang='grc' dir='ltr'>«ὃς</span> <span class='ocrx_word' id='word_1_204' title='bbox 867 2702 944 2782; x_wconf 87' lang='grc' dir='ltr'>δή</span> <span class='ocrx_word' id='word_1_205' title='bbox 988 2723 1088 2767; x_wconf 89' lang='grc' dir='ltr'>τοι</span> <span class='ocrx_word' id='word_1_206' title='bbox 1135 2700 1311 2767; x_wconf 83' lang='grc' dir='ltr'>εἶδος</span> <span class='ocrx_word' id='word_1_207' title='bbox 1355 2704 1469 2782; x_wconf 75' lang='grc' dir='ltr'>μὲν</span> <span class='ocrx_word' id='word_1_208' title='bbox 1515 2700 1627 2782; x_wconf 86' lang='grc' dir='ltr'>ἔην</span> <span class='ocrx_word' id='word_1_209' title='bbox 1672 2702 1894 2785; x_wconf 83' lang='grc' dir='ltr'>κακός,</span> <span class='ocrx_word' id='word_1_210' title='bbox 1940 2698 2106 2765; x_wconf 85' lang='grc' dir='ltr'>ἀλλὰ</span> <span class='ocrx_word' id='word_1_211' title='bbox 2150 2701 2489 2779; x_wconf 81' lang='grc' dir='ltr'>ποδώκης»</span> <span class='ocrx_word' id='word_1_212' title='bbox 2538 2697 2642 2783; x_wconf 90' lang='lat' dir='ltr'><strong>(Il.</strong></span> <span class='ocrx_word' id='word_1_213' title='bbox 2695 2701 2739 2764; x_wconf 92' lang='grc' dir='ltr'>Κ</span> <span class='ocrx_word' id='word_1_214' title='bbox 2783 2698 2954 2782; x_wconf 84' lang='grc'>316).</span> <span class='ocrx_word' id='word_1_215' title='bbox 3021 2700 3101 2763; x_wconf 86' lang='grc' dir='ltr'>τὰ</span> 
     </span>
     <span class='ocr_line' id='line_1_24' title="bbox 516 2803 2909 2886; baseline -0.001 -17"><span class='ocrx_word' id='word_1_216' title='bbox 516 2807 587 2870; x_wconf 82' lang='grc' dir='ltr'>δὲ</span> <span class='ocrx_word' id='word_1_217' title='bbox 632 2803 762 2870; x_wconf 86' lang='grc' dir='ltr'>ἀπὸ</span> <span class='ocrx_word' id='word_1_218' title='bbox 811 2805 1185 2885; x_wconf 89' lang='grc' dir='ltr'>βαρυτόνων</span> <span class='ocrx_word' id='word_1_219' title='bbox 1233 2806 1648 2885; x_wconf 90' lang='grc' dir='ltr'>βαρύνονται,</span> <span class='ocrx_word' id='word_1_220' title='bbox 1693 2808 1900 2884; x_wconf 86' lang='grc' dir='ltr'>πῆχυς</span> <span class='ocrx_word' id='word_1_221' title='bbox 1944 2803 2356 2886; x_wconf 88' lang='grc' dir='ltr'>τριπήχης,</span> <span class='ocrx_word' id='word_1_222' title='bbox 2401 2804 2909 2882; x_wconf 76' lang='grc' dir='ltr'>τετραπήχης.</span> 
     </span>
    </p>

    <p class='ocr_par' dir='ltr' id='par_1_9' title="bbox 684 2905 3098 2987">
     <span class='ocr_line' id='line_1_25' title="bbox 684 2905 3098 2987; baseline -0.001 -16"><span class='ocrx_word' id='word_1_223' title='bbox 684 2907 778 2971; x_wconf 86' lang='grc' dir='ltr'>Τὰ</span> <span class='ocrx_word' id='word_1_224' title='bbox 823 2906 913 2972; x_wconf 89' lang='grc' dir='ltr'>εἰς</span> <span class='ocrx_word' id='word_1_225' title='bbox 956 2911 1031 2985; x_wconf 75' lang='grc' dir='ltr'>ῆς</span> <span class='ocrx_word' id='word_1_226' title='bbox 1090 2906 1355 2972; x_wconf 90' lang='grc' dir='ltr'>ςύνθετα</span> <span class='ocrx_word' id='word_1_227' title='bbox 1408 2908 1488 2987; x_wconf 90' lang='grc' dir='ltr'>μὴ</span> <span class='ocrx_word' id='word_1_228' title='bbox 1545 2905 1677 2970; x_wconf 87' lang='grc' dir='ltr'>ἀπὸ</span> <span class='ocrx_word' id='word_1_229' title='bbox 1722 2906 2221 2985; x_wconf 88' lang='grc' dir='ltr'>μονοςυλλάβων</span> <span class='ocrx_word' id='word_1_230' title='bbox 2272 2908 2388 2985; x_wconf 88' lang='grc' dir='ltr'>τὴν</span> <span class='ocrx_word' id='word_1_231' title='bbox 2433 2906 2879 2984; x_wconf 89' lang='grc' dir='ltr'>πρωτοτύπων</span> <span class='ocrx_word' id='word_1_232' title='bbox 2924 2906 3098 2970; x_wconf 88' lang='grc' dir='ltr'>τάςιν</span> 
     </span>
    </p>

    <p class='ocr_par' dir='ltr' id='par_1_10' title="bbox 413 3007 3101 3500">
     <span class='ocr_line' id='line_1_26' title="bbox 413 3007 3097 3091; baseline 0.001 -20"><span class='ocrx_word' id='word_1_233' title='bbox 413 3021 480 3071; x_wconf 81' lang='lat'>25</span> <span class='ocrx_word' id='word_1_234' title='bbox 517 3010 856 3091; x_wconf 88' lang='grc' dir='ltr'>φυλάττει,</span> <span class='ocrx_word' id='word_1_235' title='bbox 902 3009 1230 3089; x_wconf 87' lang='grc' dir='ltr'>ἐρανιςτής</span> <span class='ocrx_word' id='word_1_236' title='bbox 1276 3007 1913 3090; x_wconf 88' lang='grc' dir='ltr'>ἀρχιερανιςτής,</span> <span class='ocrx_word' id='word_1_237' title='bbox 1960 3008 2284 3085; x_wconf 91' lang='grc' dir='ltr'>δανειςτής</span> <span class='ocrx_word' id='word_1_238' title='bbox 2316 3009 2944 3090; x_wconf 89' lang='grc' dir='ltr'>μιςοδανειςτής,</span> <span class='ocrx_word' id='word_1_239' title='bbox 2992 3012 3097 3090; x_wconf 89' lang='grc' dir='ltr'>λῃ-</span> 
     </span>
     <span class='ocr_line' id='line_1_27' title="bbox 516 3109 3097 3195; baseline -0.001 -19"><span class='ocrx_word' id='word_1_240' title='bbox 516 3111 663 3190; x_wconf 89' lang='grc' dir='ltr'>ςτής</span> <span class='ocrx_word' id='word_1_241' title='bbox 727 3111 1233 3195; x_wconf 85' lang='grc' dir='ltr'>ἀρχιλῃςτής,</span> <span class='ocrx_word' id='word_1_242' title='bbox 1285 3110 1592 3189; x_wconf 89' lang='grc' dir='ltr'>κορυςτής</span> <span class='ocrx_word' id='word_1_243' title='bbox 1647 3109 2269 3191; x_wconf 81' lang='grc' dir='ltr'>ἱπποκορυςτής,</span> <span class='ocrx_word' id='word_1_244' title='bbox 2337 3109 2643 3187; x_wconf 86' lang='grc' dir='ltr'>Ἀπελλῆς</span> <span class='ocrx_word' id='word_1_245' title='bbox 2703 3110 3097 3174; x_wconf 89' lang='grc' dir='ltr'>Φιλαπελ-</span> 
     </span>
     <span class='ocr_line' id='line_1_28' title="bbox 518 3211 3098 3296; baseline -0.001 -19"><span class='ocrx_word' id='word_1_246' title='bbox 518 3216 681 3295; x_wconf 92' lang='grc' dir='ltr'>λῆς,</span> <span class='ocrx_word' id='word_1_247' title='bbox 740 3213 949 3293; x_wconf 91' lang='grc' dir='ltr'>ςαφής</span> <span class='ocrx_word' id='word_1_248' title='bbox 1015 3211 1350 3296; x_wconf 83' lang='grc' dir='ltr'>ἇςαφής,</span> <span class='ocrx_word' id='word_1_249' title='bbox 1417 3211 1928 3294; x_wconf 89' lang='grc' dir='ltr'>ἀντεραςτής,</span> <span class='ocrx_word' id='word_1_250' title='bbox 1995 3211 2514 3294; x_wconf 88' lang='grc' dir='ltr'>φιλαθλητής,</span> <span class='ocrx_word' id='word_1_251' title='bbox 2581 3211 3098 3293; x_wconf 90' lang='grc' dir='ltr'>φιλοψευδής.</span> 
     </span>
     <span class='ocr_line' id='line_1_29' title="bbox 518 3303 3101 3395; baseline -0.001 -15"><span class='ocrx_word' id='word_1_252' title='bbox 518 3314 918 3394; x_wconf 88' lang='grc' dir='ltr'>ςεςημείωται</span> <span class='ocrx_word' id='word_1_253' title='bbox 962 3313 1202 3394; x_wconf 91' lang='grc' dir='ltr'>ἀληθής</span> <span class='ocrx_word' id='word_1_254' title='bbox 1246 3315 1685 3395; x_wconf 87' lang='grc' dir='ltr'>φιλαλήθης</span> <span class='ocrx_word' id='word_1_255' title='bbox 1743 3349 1826 3359; x_wconf 94' lang='grc'>-</span> <span class='ocrx_word' id='word_1_256' title='bbox 1881 3313 2097 3392; x_wconf 86' lang='grc' dir='ltr'>ἐπειδὴ</span> <span class='ocrx_word' id='word_1_257' title='bbox 2150 3314 2231 3376; x_wconf 87' lang='grc' dir='ltr'>τὰ</span> <span class='ocrx_word' id='word_1_258' title='bbox 2287 3313 2391 3377; x_wconf 89' lang='grc' dir='ltr'>διὰ</span> <span class='ocrx_word' id='word_1_259' title='bbox 2445 3317 2561 3378; x_wconf 83' lang='grc' dir='ltr'>τοῦ</span> <span class='ocrx_word' id='word_1_260' title='bbox 2605 3303 2762 3393; x_wconf 75' lang='grc' dir='ltr'>ηθης</span> <span class='ocrx_word' id='word_1_261' title='bbox 2834 3315 3101 3379; x_wconf 89' lang='grc' dir='ltr'>ςύνθετα</span> 
     </span>
     <span class='ocr_line' id='line_1_30' title="bbox 516 3415 3100 3500; baseline 0 -20"><span class='ocrx_word' id='word_1_262' title='bbox 516 3417 873 3496; x_wconf 90' lang='grc' dir='ltr'>παρώνυμα</span> <span class='ocrx_word' id='word_1_263' title='bbox 926 3417 1263 3496; x_wconf 90' lang='grc' dir='ltr'>βαρύνεται</span> <span class='ocrx_word' id='word_1_264' title='bbox 1318 3415 1463 3482; x_wconf 79' lang='grc' dir='ltr'>οἷον</span> <span class='ocrx_word' id='word_1_265' title='bbox 1519 3416 1676 3495; x_wconf 89' lang='grc' dir='ltr'>ἦθος</span> <span class='ocrx_word' id='word_1_266' title='bbox 1734 3415 1995 3498; x_wconf 86' lang='grc' dir='ltr'>εὐήθης,</span> <span class='ocrx_word' id='word_1_267' title='bbox 2063 3415 2362 3498; x_wconf 88' lang='grc' dir='ltr'>ςυνήθης,</span> <span class='ocrx_word' id='word_1_268' title='bbox 2430 3416 2777 3500; x_wconf 89' lang='grc' dir='ltr'>κακοήθης,</span> <span class='ocrx_word' id='word_1_269' title='bbox 2844 3418 3100 3481; x_wconf 91' lang='grc' dir='ltr'>τούτοις</span> 
     </span>
    </p>

    <p class='ocr_par' dir='ltr' id='par_1_11' title="bbox 415 3517 3101 3805">
     <span class='ocr_line' id='line_1_31' title="bbox 415 3517 3099 3600; baseline 0.001 -20"><span class='ocrx_word' id='word_1_270' title='bbox 415 3531 481 3580; x_wconf 83' lang='grc'>30</span> <span class='ocrx_word' id='word_1_271' title='bbox 517 3517 1089 3597; x_wconf 89' lang='grc' dir='ltr'>ςυνεξηκολούθηςε</span> <span class='ocrx_word' id='word_1_272' title='bbox 1135 3521 1236 3583; x_wconf 86' lang='grc' dir='ltr'>καὶ</span> <span class='ocrx_word' id='word_1_273' title='bbox 1277 3519 1355 3584; x_wconf 90' lang='grc' dir='ltr'>τό</span> <span class='ocrx_word' id='word_1_274' title='bbox 1387 3519 1745 3599; x_wconf 85' lang='grc' dir='ltr'>φιλαλήθης</span> <span class='ocrx_word' id='word_1_275' title='bbox 1789 3517 2253 3596; x_wconf 86' lang='grc' dir='ltr'>παναλήθης</span> <span class='ocrx_word' id='word_1_276' title='bbox 2295 3553 2381 3564; x_wconf 94' lang='grc'><strong>-</strong></span> <span class='ocrx_word' id='word_1_277' title='bbox 2410 3520 2514 3581; x_wconf 86' lang='grc' dir='ltr'>καὶ</span> <span class='ocrx_word' id='word_1_278' title='bbox 2543 3519 3099 3600; x_wconf 89' lang='grc' dir='ltr'>δικαιοκρίτης,</span> 
     </span>
     <span class='ocr_line' id='line_1_32' title="bbox 519 3619 3101 3704; baseline 0.001 -21"><span class='ocrx_word' id='word_1_279' title='bbox 519 3619 1093 3704; x_wconf 88' lang='grc' dir='ltr'>ὀνειροκρίτης,</span> <span class='ocrx_word' id='word_1_280' title='bbox 1139 3621 1356 3700; x_wconf 82' lang='grc' dir='ltr'>ἐπειδὴ</span> <span class='ocrx_word' id='word_1_281' title='bbox 1387 3620 1762 3700; x_wconf 88' lang='grc' dir='ltr'>παράλογός</span> <span class='ocrx_word' id='word_1_282' title='bbox 1806 3620 1973 3684; x_wconf 79' lang='grc' dir='ltr'>ἐςτιν</span> <span class='ocrx_word' id='word_1_283' title='bbox 2019 3619 2090 3684; x_wconf 83' lang='grc' dir='ltr'>ἐν</span> <span class='ocrx_word' id='word_1_284' title='bbox 2134 3626 2210 3704; x_wconf 86' lang='grc' dir='ltr'>τῇ</span> <span class='ocrx_word' id='word_1_285' title='bbox 2252 3620 2559 3699; x_wconf 86' lang='grc' dir='ltr'>ἁπλότητι</span> <span class='ocrx_word' id='word_1_286' title='bbox 2605 3621 2642 3698; x_wconf 86' lang='grc' dir='ltr'>ἡ</span> <span class='ocrx_word' id='word_1_287' title='bbox 2690 3621 2865 3686; x_wconf 85' lang='grc' dir='ltr'>ὀξεῖα</span> <span class='ocrx_word' id='word_1_288' title='bbox 2905 3621 3101 3702; x_wconf 86' lang='grc' dir='ltr'>τάςις,</span> 
     </span>
     <span class='ocr_line' id='line_1_33' title="bbox 518 3721 3100 3805; baseline 0 -19"><span class='ocrx_word' id='word_1_289' title='bbox 518 3721 760 3803; x_wconf 82' lang='grc' dir='ltr'>ὤφειλε</span> <span class='ocrx_word' id='word_1_290' title='bbox 819 3724 941 3802; x_wconf 86' lang='grc' dir='ltr'>γὰρ</span> <span class='ocrx_word' id='word_1_291' title='bbox 997 3724 1370 3804; x_wconf 89' lang='grc' dir='ltr'>βαρύνεςθαι</span> <span class='ocrx_word' id='word_1_292' title='bbox 1433 3723 1509 3787; x_wconf 88' lang='grc' dir='ltr'>τὸ</span> <span class='ocrx_word' id='word_1_293' title='bbox 1564 3722 1802 3801; x_wconf 89' lang='grc' dir='ltr'>κριτής·</span> <span class='ocrx_word' id='word_1_294' title='bbox 1862 3723 1938 3786; x_wconf 91' lang='grc' dir='ltr'>τὸ</span> <span class='ocrx_word' id='word_1_295' title='bbox 1997 3723 2069 3786; x_wconf 78' lang='grc' dir='ltr'>δὲ</span> <span class='ocrx_word' id='word_1_296' title='bbox 2124 3722 2581 3805; x_wconf 82' lang='grc' dir='ltr'>ὑποκριτής,</span> <span class='ocrx_word' id='word_1_297' title='bbox 2635 3723 3100 3805; x_wconf 90' lang='grc' dir='ltr'>προκριτής,</span> 
     </span>
    </p>
   </div>
   <div class='ocr_carea' id='block_1_3' title="bbox 519 3863 921 3870">
    <p class='ocr_par' dir='ltr' id='par_1_12' title="bbox 519 3863 921 3870">
     <span class='ocr_line' id='line_1_34' title="bbox 519 3863 921 3870; baseline 0 1676"><span class='ocrx_word' id='word_1_298' title='bbox 519 3863 921 3870; x_wconf 95' lang='lat' dir='ltr'> </span> 
     </span>
    </p>
   </div>
   <div class='ocr_carea' id='block_1_4' title="bbox 514 3924 3102 4812">
    <p class='ocr_par' dir='ltr' id='par_1_13' title="bbox 516 3924 3102 4675">
     <span class='ocr_line' id='line_1_35' title="bbox 518 3924 3099 4062; baseline -0.001 -12"><span class='ocrx_word' id='word_1_299' title='bbox 518 3945 768 4062; x_wconf 59' lang='grc' dir='ltr'>ἒὲξῖἒῖῖἓ</span> <span class='ocrx_word' id='word_1_300' title='bbox 788 3927 1604 4048; x_wconf 51' lang='grc' dir='ltr'>θίἶιθῗῗῗόαῗιοὲὶιέιίἳῑέἓὲἔ</span> <span class='ocrx_word' id='word_1_301' title='bbox 1644 3926 2030 4057; x_wconf 59' lang='lat'>3¹³5¹325⁶¹2335¹</span> <span class='ocrx_word' id='word_1_302' title='bbox 2054 3924 2149 4045; x_wconf 64' lang='lat'>33.</span> <span class='ocrx_word' id='word_1_303' title='bbox 2172 3924 2948 4060; x_wconf 48' lang='lat' dir='ltr'>&#39;‘effi&#39;ffffsffiz‘ssdfifflfifflfissffffz</span> <span class='ocrx_word' id='word_1_304' title='bbox 2982 3930 3099 4060; x_wconf 67' lang='grc' dir='ltr'>ιέἷέῗ</span> 
     </span>
     <span class='ocr_line' id='line_1_36' title="bbox 516 4060 3100 4132; baseline 0 -16"><span class='ocrx_word' id='word_1_305' title='bbox 516 4070 584 4116; x_wconf 87' lang='grc'>40</span> <span class='ocrx_word' id='word_1_306' title='bbox 629 4067 838 4132; x_wconf 80' lang='lat' dir='ltr'>excipit</span> <span class='ocrx_word' id='word_1_307' title='bbox 883 4063 1127 4129; x_wconf 83' lang='grc' dir='ltr'>Εὐρετής</span> <span class='ocrx_word' id='word_1_308' title='bbox 1181 4062 1430 4128; x_wconf 87' lang='grc' dir='ltr'>Εὐμενής</span> <span class='ocrx_word' id='word_1_309' title='bbox 1485 4061 1721 4127; x_wconf 89' lang='grc' dir='ltr'>Εὐςεβής</span> <span class='ocrx_word' id='word_1_310' title='bbox 1774 4061 2023 4127; x_wconf 82' lang='grc' dir='ltr'>Εὐτυχής</span> <span class='ocrx_word' id='word_1_311' title='bbox 2077 4060 2376 4127; x_wconf 86' lang='grc' dir='ltr'>Εὐπρεπής</span> <span class='ocrx_word' id='word_1_312' title='bbox 2434 4063 2728 4130; x_wconf 87' lang='grc' dir='ltr'>Νημερτής</span> <span class='ocrx_word' id='word_1_313' title='bbox 2779 4063 3100 4130; x_wconf 88' lang='grc' dir='ltr'>Διοτρεφής</span> 
     </span>
     <span class='ocr_line' id='line_1_37' title="bbox 517 4129 3098 4198; baseline -0.001 -12"><span class='ocrx_word' id='word_1_314' title='bbox 517 4133 732 4198; x_wconf 83' lang='grc' dir='ltr'>Ψευδής</span> <span class='ocrx_word' id='word_1_315' title='bbox 768 4133 858 4185; x_wconf 82' lang='grc' dir='ltr'>καὶ</span> <span class='ocrx_word' id='word_1_316' title='bbox 895 4131 964 4184; x_wconf 87' lang='grc' dir='ltr'>τὸ</span> <span class='ocrx_word' id='word_1_317' title='bbox 1001 4130 1236 4196; x_wconf 87' lang='grc' dir='ltr'>ςύνηθες</span> <span class='ocrx_word' id='word_1_318' title='bbox 1276 4129 1586 4195; x_wconf 84' lang='grc' dir='ltr'>Καλοετής,</span> <span class='ocrx_word' id='word_1_319' title='bbox 1624 4131 1771 4196; x_wconf 84' lang='lat' dir='ltr'>apud</span> <span class='ocrx_word' id='word_1_320' title='bbox 1809 4132 2003 4182; x_wconf 87' lang='lat' dir='ltr'>Choer.</span> <span class='ocrx_word' id='word_1_321' title='bbox 2047 4134 2160 4195; x_wconf 89' lang='grc'>177,</span> <span class='ocrx_word' id='word_1_322' title='bbox 2199 4137 2261 4182; x_wconf 76' lang='grc'>21</span> <span class='ocrx_word' id='word_1_323' title='bbox 2300 4133 2614 4183; x_wconf 83' lang='lat' dir='ltr'>eximuntur</span> <span class='ocrx_word' id='word_1_324' title='bbox 2648 4131 2894 4197; x_wconf 86' lang='grc' dir='ltr'>Εὐγενής</span> <span class='ocrx_word' id='word_1_325' title='bbox 2930 4131 3098 4186; x_wconf 86' lang='grc' dir='ltr'>Εὐτυ-</span> 
     </span>
     <span class='ocr_line' id='line_1_38' title="bbox 516 4197 3101 4267; baseline -0.001 -13"><span class='ocrx_word' id='word_1_326' title='bbox 516 4201 617 4267; x_wconf 86' lang='grc' dir='ltr'>χής</span> <span class='ocrx_word' id='word_1_327' title='bbox 645 4200 931 4266; x_wconf 88' lang='grc' dir='ltr'>Ἀπρεπής</span> <span class='ocrx_word' id='word_1_328' title='bbox 951 4199 1272 4264; x_wconf 85' lang='grc' dir='ltr'>Διοτρεφής</span> <span class='ocrx_word' id='word_1_329' title='bbox 1300 4197 1595 4263; x_wconf 88' lang='grc' dir='ltr'>Νημερτής</span> <span class='ocrx_word' id='word_1_330' title='bbox 1622 4197 1897 4263; x_wconf 82' lang='grc' dir='ltr'>Ἀψευδὴς</span> <span class='ocrx_word' id='word_1_331' title='bbox 1923 4205 1979 4250; x_wconf 83' lang='lat' dir='ltr'>et</span> <span class='ocrx_word' id='word_1_332' title='bbox 2007 4197 2290 4264; x_wconf 87' lang='grc' dir='ltr'>Κακοετής</span> <span class='ocrx_word' id='word_1_333' title='bbox 2315 4200 2386 4250; x_wconf 87' lang='lat' dir='ltr'>cf.</span> <span class='ocrx_word' id='word_1_334' title='bbox 2414 4201 2607 4254; x_wconf 72' lang='lat' dir='ltr'>Lehrs.</span> <span class='ocrx_word' id='word_1_335' title='bbox 2627 4202 2794 4253; x_wconf 79' lang='lat' dir='ltr'>Arist.</span> <span class='ocrx_word' id='word_1_336' title='bbox 2820 4217 2872 4266; x_wconf 89' lang='lat' dir='ltr'>p.</span> <span class='ocrx_word' id='word_1_337' title='bbox 2893 4200 3020 4253; x_wconf 79' lang='lat'><strong>279²</strong></span> <span class='ocrx_word' id='word_1_338' title='bbox 3043 4207 3101 4252; x_wconf 87' lang='lat' dir='ltr'>et</span> 
     </span>
     <span class='ocr_line' id='line_1_39' title="bbox 518 4266 3099 4335; baseline -0.001 -14"><span class='ocrx_word' id='word_1_339' title='bbox 518 4286 569 4335; x_wconf 91' lang='lat' dir='ltr'>q.</span> <span class='ocrx_word' id='word_1_340' title='bbox 608 4287 693 4335; x_wconf 85' lang='lat' dir='ltr'>ep.</span> <span class='ocrx_word' id='word_1_341' title='bbox 719 4273 831 4321; x_wconf 88' lang='lat'><strong>150.</strong></span> <span class='ocrx_word' id='word_1_342' title='bbox 944 4269 980 4319; x_wconf 93' lang='lat' dir='ltr'>l.</span> <span class='ocrx_word' id='word_1_343' title='bbox 1010 4272 1033 4318; x_wconf 92' lang='lat' dir='ltr'>l</span> <span class='ocrx_word' id='word_1_344' title='bbox 1073 4266 1373 4332; x_wconf 82' lang='grc' dir='ltr'>Τηλαύγης</span> <span class='ocrx_word' id='word_1_345' title='bbox 1409 4268 1589 4318; x_wconf 86' lang='lat' dir='ltr'>adieci</span> <span class='ocrx_word' id='word_1_346' title='bbox 1625 4283 1692 4317; x_wconf 86' lang='lat' dir='ltr'>ex</span> <span class='ocrx_word' id='word_1_347' title='bbox 1730 4267 1925 4317; x_wconf 87' lang='lat' dir='ltr'>Choer.</span> <span class='ocrx_word' id='word_1_348' title='bbox 1953 4271 2036 4328; x_wconf 83' lang='lat'>59,</span> <span class='ocrx_word' id='word_1_349' title='bbox 2074 4271 2156 4326; x_wconf 81' lang='lat'>21,</span> <span class='ocrx_word' id='word_1_350' title='bbox 2198 4266 2567 4334; x_wconf 86' lang='grc' dir='ltr'>Καλλιςθένης</span> <span class='ocrx_word' id='word_1_351' title='bbox 2606 4286 2674 4319; x_wconf 83' lang='lat' dir='ltr'>ex</span> <span class='ocrx_word' id='word_1_352' title='bbox 2709 4269 2953 4335; x_wconf 81' lang='lat' dir='ltr'><strong>Theogn.</strong></span> <span class='ocrx_word' id='word_1_353' title='bbox 2991 4269 3099 4331; x_wconf 66' lang='lat' dir='ltr'>le„</span> 
     </span>
     <span class='ocr_line' id='line_1_40' title="bbox 517 4333 3101 4403; baseline -0.001 -13"><span class='ocrx_word' id='word_1_354' title='bbox 517 4336 881 4403; x_wconf 86' lang='grc' dir='ltr'>Δημοςθένης</span> <span class='ocrx_word' id='word_1_355' title='bbox 916 4338 1056 4398; x_wconf 67' lang='grc' dir='ltr'>Δια,</span> <span class='ocrx_word' id='word_1_356' title='bbox 1096 4334 1417 4399; x_wconf 86' lang='grc' dir='ltr'>Ἀντιγένης</span> <span class='ocrx_word' id='word_1_357' title='bbox 1457 4333 1848 4400; x_wconf 84' lang='grc' dir='ltr'>Ἀριςτομένης</span> <span class='ocrx_word' id='word_1_358' title='bbox 1886 4335 2082 4385; x_wconf 86' lang='lat' dir='ltr'>Choer.</span> <span class='ocrx_word' id='word_1_359' title='bbox 2119 4339 2203 4394; x_wconf 83' lang='lat'>59,</span> <span class='ocrx_word' id='word_1_360' title='bbox 2240 4338 2322 4385; x_wconf 78' lang='lat'>21.</span> <span class='ocrx_word' id='word_1_361' title='bbox 2461 4337 2496 4387; x_wconf 92' lang='lat' dir='ltr'>l.</span> <span class='ocrx_word' id='word_1_362' title='bbox 2535 4341 2567 4388; x_wconf 84' lang='lat'>5</span> <span class='ocrx_word' id='word_1_363' title='bbox 2601 4339 2829 4388; x_wconf 78' lang='lat' dir='ltr'>canonis</span> <span class='ocrx_word' id='word_1_364' title='bbox 2865 4340 3101 4403; x_wconf 82' lang='lat' dir='ltr'>priorem</span> 
     </span>
     <span class='ocr_line' id='line_1_41' title="bbox 517 4402 3101 4471; baseline 0 -16"><span class='ocrx_word' id='word_1_365' title='bbox 517 4414 731 4470; x_wconf 87' lang='lat' dir='ltr'>partem</span> <span class='ocrx_word' id='word_1_366' title='bbox 766 4405 975 4470; x_wconf 81' lang='lat' dir='ltr'>sumpsi</span> <span class='ocrx_word' id='word_1_367' title='bbox 1009 4421 1075 4455; x_wconf 83' lang='lat' dir='ltr'>ex</span> <span class='ocrx_word' id='word_1_368' title='bbox 1111 4404 1174 4454; x_wconf 83' lang='grc' dir='ltr'>ΙΙ.</span> <span class='ocrx_word' id='word_1_369' title='bbox 1202 4404 1349 4456; x_wconf 56' lang='lat' dir='ltr'>Pro&amp;</span> <span class='ocrx_word' id='word_1_370' title='bbox 1378 4402 1419 4455; x_wconf 95' lang='grc' dir='ltr'>Ν</span> <span class='ocrx_word' id='word_1_371' title='bbox 1459 4406 1575 4463; x_wconf 86' lang='grc'>391,</span> <span class='ocrx_word' id='word_1_372' title='bbox 1614 4405 1846 4454; x_wconf 85' lang='lat' dir='ltr'>alteram</span> <span class='ocrx_word' id='word_1_373' title='bbox 1882 4403 2008 4453; x_wconf 83' lang='lat' dir='ltr'>inde</span> <span class='ocrx_word' id='word_1_374' title='bbox 2048 4406 2117 4455; x_wconf 86' lang='lat' dir='ltr'>ab</span> <span class='ocrx_word' id='word_1_375' title='bbox 2154 4403 2226 4454; x_wconf 88' lang='grc' dir='ltr'>τὰ</span> <span class='ocrx_word' id='word_1_376' title='bbox 2261 4403 2322 4454; x_wconf 80' lang='grc' dir='ltr'>δὲ</span> <span class='ocrx_word' id='word_1_377' title='bbox 2360 4402 2474 4455; x_wconf 88' lang='grc' dir='ltr'>ἀπὸ</span> <span class='ocrx_word' id='word_1_378' title='bbox 2511 4406 2633 4455; x_wconf 85' lang='grc' dir='ltr'>τῶν</span> <span class='ocrx_word' id='word_1_379' title='bbox 2670 4403 2748 4456; x_wconf 82' lang='grc' dir='ltr'>εἰς</span> <span class='ocrx_word' id='word_1_380' title='bbox 2784 4408 2819 4471; x_wconf 82' lang='grc' dir='ltr'>ἦ</span> <span class='ocrx_word' id='word_1_381' title='bbox 2857 4406 2892 4456; x_wconf 90' lang='lat' dir='ltr'>l.</span> <span class='ocrx_word' id='word_1_382' title='bbox 2935 4409 2993 4456; x_wconf 91' lang='lat'>11</span> <span class='ocrx_word' id='word_1_383' title='bbox 3031 4422 3101 4456; x_wconf 83' lang='lat' dir='ltr'>ex</span> 
     </span>
     <span class='ocr_line' id='line_1_42' title="bbox 518 4469 3100 4537; baseline -0 -13"><span class='ocrx_word' id='word_1_384' title='bbox 518 4474 712 4525; x_wconf 84' lang='lat' dir='ltr'>Choer.</span> <span class='ocrx_word' id='word_1_385' title='bbox 755 4476 850 4536; x_wconf 81' lang='lat'>47,</span> <span class='ocrx_word' id='word_1_386' title='bbox 888 4474 962 4537; x_wconf 49' lang='lat'>‚14</span> <span class='ocrx_word' id='word_1_387' title='bbox 1015 4474 1214 4523; x_wconf 79' lang='lat' dir='ltr'>omisso</span> <span class='ocrx_word' id='word_1_388' title='bbox 1266 4469 1726 4536; x_wconf 81' lang='grc' dir='ltr'>Ὀλυμπιονίκης,</span> <span class='ocrx_word' id='word_1_389' title='bbox 1784 4471 1926 4537; x_wconf 89' lang='lat' dir='ltr'><strong>quod</strong></span> <span class='ocrx_word' id='word_1_390' title='bbox 1981 4472 2300 4522; x_wconf 80' lang='lat' dir='ltr'>Herodiano</span> <span class='ocrx_word' id='word_1_391' title='bbox 2347 4473 2548 4523; x_wconf 83' lang='lat' dir='ltr'>Anecd.</span> <span class='ocrx_word' id='word_1_392' title='bbox 2594 4474 2696 4525; x_wconf 82' lang='lat' dir='ltr'>Ox.</span> <span class='ocrx_word' id='word_1_393' title='bbox 2741 4475 2817 4524; x_wconf 84' lang='lat' dir='ltr'>IV</span> <span class='ocrx_word' id='word_1_394' title='bbox 2863 4476 2987 4537; x_wconf 85' lang='lat'><strong>336,</strong></span> <span class='ocrx_word' id='word_1_395' title='bbox 3038 4478 3100 4524; x_wconf 76' lang='lat'>16</span> 
     </span>
     <span class='ocr_line' id='line_1_43' title="bbox 516 4539 3102 4607; baseline -0 -14"><span class='ocrx_word' id='word_1_396' title='bbox 516 4542 878 4593; x_wconf 79' lang='lat' dir='ltr'>thematicum</span> <span class='ocrx_word' id='word_1_397' title='bbox 912 4547 1012 4590; x_wconf 84' lang='lat' dir='ltr'>est.</span> <span class='ocrx_word' id='word_1_398' title='bbox 1175 4540 1207 4590; x_wconf 90' lang='lat'>1.</span> <span class='ocrx_word' id='word_1_399' title='bbox 1246 4543 1309 4590; x_wconf 79' lang='lat'>14</span> <span class='ocrx_word' id='word_1_400' title='bbox 1345 4556 1629 4601; x_wconf 84' lang='lat' dir='ltr'>canonem,</span> <span class='ocrx_word' id='word_1_401' title='bbox 1672 4557 1831 4605; x_wconf 84' lang='lat' dir='ltr'>quem</span> <span class='ocrx_word' id='word_1_402' title='bbox 1865 4539 2133 4590; x_wconf 75' lang='lat' dir='ltr'>Arcadius</span> <span class='ocrx_word' id='word_1_403' title='bbox 2170 4555 2294 4590; x_wconf 83' lang='lat' dir='ltr'>eum</span> <span class='ocrx_word' id='word_1_404' title='bbox 2338 4555 2539 4604; x_wconf 80' lang='lat' dir='ltr'>praece</span> <span class='ocrx_word' id='word_1_405' title='bbox 2582 4547 2639 4592; x_wconf 82' lang='lat' dir='ltr'>to</span> <span class='ocrx_word' id='word_1_406' title='bbox 2677 4541 2743 4591; x_wconf 83' lang='lat' dir='ltr'>de</span> <span class='ocrx_word' id='word_1_407' title='bbox 2783 4543 3102 4607; x_wconf 80' lang='lat' dir='ltr'>compositis</span> 
     </span>
     <span class='ocr_line' id='line_1_44' title="bbox 516 4557 2964 4675; baseline -0 -15"><span class='ocrx_word' id='word_1_408' title='bbox 516 4612 586 4660; x_wconf 86' lang='lat' dir='ltr'>ab</span> <span class='ocrx_word' id='word_1_409' title='bbox 625 4609 753 4662; x_wconf 85' lang='grc' dir='ltr'>ἔτος</span> <span class='ocrx_word' id='word_1_410' title='bbox 788 4609 1089 4672; x_wconf 80' lang='lat' dir='ltr'><strong>coniunxit,</strong></span> <span class='ocrx_word' id='word_1_411' title='bbox 1126 4611 1382 4675; x_wconf 80' lang='lat' dir='ltr'>separavi</span> <span class='ocrx_word' id='word_1_412' title='bbox 1418 4615 1474 4659; x_wconf 84' lang='lat' dir='ltr'>et</span> <span class='ocrx_word' id='word_1_413' title='bbox 1512 4625 1580 4659; x_wconf 87' lang='lat' dir='ltr'>ex</span> <span class='ocrx_word' id='word_1_414' title='bbox 1618 4611 1698 4658; x_wconf 68' lang='lat' dir='ltr'>St.</span> <span class='ocrx_word' id='word_1_415' title='bbox 1736 4610 1797 4659; x_wconf 90' lang='lat' dir='ltr'>B.</span> <span class='ocrx_word' id='word_1_416' title='bbox 1832 4609 2066 4674; x_wconf 77' lang='lat' dir='ltr'>apposui</span> <span class='ocrx_word' id='word_1_417' title='bbox 2105 4605 2501 4673; x_wconf 85' lang='grc' dir='ltr'>Ἀττικουργής</span> <span class='ocrx_word' id='word_1_418' title='bbox 2541 4557 2964 4675; x_wconf 52' lang='grc' dir='ltr'>ἕορινθουργής.</span> 
     </span>
    </p>

    <p class='ocr_par' dir='ltr' id='par_1_14' title="bbox 514 4673 3098 4812">
     <span class='ocr_line' id='line_1_45' title="bbox 514 4673 3098 4743; baseline 0.001 -16"><span class='ocrx_word' id='word_1_419' title='bbox 514 4678 550 4727; x_wconf 88' lang='lat'>1.</span> <span class='ocrx_word' id='word_1_420' title='bbox 592 4681 652 4728; x_wconf 85' lang='grc'>16</span> <span class='ocrx_word' id='word_1_421' title='bbox 689 4694 951 4729; x_wconf 82' lang='lat' dir='ltr'>canonem</span> <span class='ocrx_word' id='word_1_422' title='bbox 990 4677 1215 4727; x_wconf 78' lang='lat' dir='ltr'>Arcadii</span> <span class='ocrx_word' id='word_1_423' title='bbox 1250 4677 1455 4728; x_wconf 79' lang='lat' dir='ltr'>auxilio</span> <span class='ocrx_word' id='word_1_424' title='bbox 1494 4678 1559 4726; x_wconf 87' lang='lat'>11.</span> <span class='ocrx_word' id='word_1_425' title='bbox 1597 4676 1898 4727; x_wconf 76' lang='lat' dir='ltr'>Prosodiae.</span> <span class='ocrx_word' id='word_1_426' title='bbox 1934 4674 1976 4727; x_wconf 93' lang='grc' dir='ltr'>Β</span> <span class='ocrx_word' id='word_1_427' title='bbox 2013 4677 2111 4727; x_wconf 84' lang='grc'>764</span> <span class='ocrx_word' id='word_1_428' title='bbox 2145 4673 2430 4740; x_wconf 82' lang='lat' dir='ltr'>complevi.</span> <span class='ocrx_word' id='word_1_429' title='bbox 2638 4678 2672 4727; x_wconf 93' lang='lat' dir='ltr'>l.</span> <span class='ocrx_word' id='word_1_430' title='bbox 2714 4681 2780 4728; x_wconf 77' lang='grc'>26</span> <span class='ocrx_word' id='word_1_431' title='bbox 2827 4676 3098 4743; x_wconf 81' lang='grc' dir='ltr'>κορυςτής</span> 
     </span>
     <span class='ocr_line' id='line_1_46' title="bbox 517 4742 3098 4812; baseline 0 -15"><span class='ocrx_word' id='word_1_432' title='bbox 517 4744 935 4811; x_wconf 81' lang='grc' dir='ltr'>ίπποκορυςτής</span> <span class='ocrx_word' id='word_1_433' title='bbox 971 4746 1160 4796; x_wconf 84' lang='lat' dir='ltr'>addidi</span> <span class='ocrx_word' id='word_1_434' title='bbox 1195 4763 1261 4796; x_wconf 85' lang='lat' dir='ltr'>ex</span> <span class='ocrx_word' id='word_1_435' title='bbox 1297 4746 1397 4812; x_wconf 86' lang='lat' dir='ltr'>Ep.</span> <span class='ocrx_word' id='word_1_436' title='bbox 1433 4746 1590 4796; x_wconf 88' lang='lat' dir='ltr'>Hom.</span> <span class='ocrx_word' id='word_1_437' title='bbox 1628 4747 1745 4807; x_wconf 76' lang='lat'>212,</span> <span class='ocrx_word' id='word_1_438' title='bbox 1787 4748 1807 4793; x_wconf 89' lang='lat'>1</span> <span class='ocrx_word' id='word_1_439' title='bbox 1853 4742 1939 4808; x_wconf 86' lang='lat' dir='ltr'>(E.</span> <span class='ocrx_word' id='word_1_440' title='bbox 1975 4744 2050 4793; x_wconf 87' lang='lat' dir='ltr'>M.</span> <span class='ocrx_word' id='word_1_441' title='bbox 2082 4746 2202 4805; x_wconf 79' lang='lat'>474,</span> <span class='ocrx_word' id='word_1_442' title='bbox 2238 4743 2343 4806; x_wconf 76' lang='lat'><strong>23).</strong></span> <span class='ocrx_word' id='word_1_443' title='bbox 2514 4745 2552 4799; x_wconf 87' lang='lat' dir='ltr'>l.</span> <span class='ocrx_word' id='word_1_444' title='bbox 2586 4748 2651 4796; x_wconf 86' lang='grc'>27</span> <span class='ocrx_word' id='word_1_445' title='bbox 2689 4745 2872 4811; x_wconf 89' lang='grc' dir='ltr'>ςαφής</span> <span class='ocrx_word' id='word_1_446' title='bbox 2907 4775 2973 4783; x_wconf 80' lang='lat'>-—</span> <span class='ocrx_word' id='word_1_447' title='bbox 3011 4761 3098 4811; x_wconf 87' lang='grc' dir='ltr'>φι-</span> 
     </span>
    </p>
   </div>
   <div class='ocr_carea' id='block_1_5' title="bbox 516 4826 3099 4964">
    <p class='ocr_par' dir='ltr' id='par_1_15' title="bbox 516 4826 3099 4964">
     <span class='ocr_line' id='line_1_47' title="bbox 516 4826 3099 4897; baseline 0 -16"><span class='ocrx_word' id='word_1_448' title='bbox 516 4830 798 4896; x_wconf 76' lang='grc' dir='ltr'>λοψευδὴς</span> <span class='ocrx_word' id='word_1_449' title='bbox 836 4848 902 4882; x_wconf 81' lang='lat' dir='ltr'>ex</span> <span class='ocrx_word' id='word_1_450' title='bbox 938 4831 1002 4881; x_wconf 90' lang='grc' dir='ltr'>ΙΙ.</span> <span class='ocrx_word' id='word_1_451' title='bbox 1030 4832 1119 4882; x_wconf 88' lang='lat' dir='ltr'>Pr.</span> <span class='ocrx_word' id='word_1_452' title='bbox 1159 4828 1216 4880; x_wconf 91' lang='grc' dir='ltr'><strong>Μ</strong></span> <span class='ocrx_word' id='word_1_453' title='bbox 1256 4832 1370 4879; x_wconf 80' lang='grc'>164.</span> <span class='ocrx_word' id='word_1_454' title='bbox 1506 4829 1540 4882; x_wconf 94' lang='lat' dir='ltr'>l.</span> <span class='ocrx_word' id='word_1_455' title='bbox 1579 4831 1645 4878; x_wconf 79' lang='lat'>28</span> <span class='ocrx_word' id='word_1_456' title='bbox 1681 4827 1875 4893; x_wconf 80' lang='grc' dir='ltr'>ἐπειδὴ</span> <span class='ocrx_word' id='word_1_457' title='bbox 1911 4826 1983 4879; x_wconf 85' lang='grc' dir='ltr'>τὰ</span> <span class='ocrx_word' id='word_1_458' title='bbox 2019 4826 2108 4878; x_wconf 87' lang='grc' dir='ltr'>διὰ</span> <span class='ocrx_word' id='word_1_459' title='bbox 2142 4829 2246 4878; x_wconf 80' lang='grc' dir='ltr'>τοῦ</span> <span class='ocrx_word' id='word_1_460' title='bbox 2284 4830 2425 4894; x_wconf 90' lang='grc' dir='ltr'>ηθης</span> <span class='ocrx_word' id='word_1_461' title='bbox 2473 4857 2536 4866; x_wconf 92' lang='lat'>—-</span> <span class='ocrx_word' id='word_1_462' title='bbox 2583 4830 2616 4881; x_wconf 93' lang='lat' dir='ltr'>l.</span> <span class='ocrx_word' id='word_1_463' title='bbox 2655 4834 2723 4883; x_wconf 88' lang='lat'>30</span> <span class='ocrx_word' id='word_1_464' title='bbox 2767 4831 3099 4897; x_wconf 88' lang='grc' dir='ltr'>παναλήθης</span> 
     </span>
     <span class='ocr_line' id='line_1_48' title="bbox 520 4893 3099 4964; baseline 0 -16"><span class='ocrx_word' id='word_1_465' title='bbox 520 4915 587 4949; x_wconf 81' lang='lat' dir='ltr'>ex</span> <span class='ocrx_word' id='word_1_466' title='bbox 626 4901 686 4950; x_wconf 88' lang='lat' dir='ltr'>E.</span> <span class='ocrx_word' id='word_1_467' title='bbox 726 4902 797 4951; x_wconf 83' lang='grc' dir='ltr'>Μ.</span> <span class='ocrx_word' id='word_1_468' title='bbox 834 4902 952 4962; x_wconf 81' lang='lat'>435,</span> <span class='ocrx_word' id='word_1_469' title='bbox 988 4902 1074 4963; x_wconf 77' lang='lat'>43,</span> <span class='ocrx_word' id='word_1_470' title='bbox 1114 4899 1309 4949; x_wconf 83' lang='lat' dir='ltr'>Choer.</span> <span class='ocrx_word' id='word_1_471' title='bbox 1345 4915 1394 4964; x_wconf 89' lang='lat' dir='ltr'>p.</span> <span class='ocrx_word' id='word_1_472' title='bbox 1438 4899 1549 4947; x_wconf 87' lang='grc'>177.</span> <span class='ocrx_word' id='word_1_473' title='bbox 1732 4897 1766 4947; x_wconf 90' lang='lat' dir='ltr'>l.</span> <span class='ocrx_word' id='word_1_474' title='bbox 1804 4900 1865 4948; x_wconf 85' lang='lat'>31</span> <span class='ocrx_word' id='word_1_475' title='bbox 1906 4893 2289 4962; x_wconf 86' lang='grc' dir='ltr'>ὀνειροκίρτης</span> <span class='ocrx_word' id='word_1_476' title='bbox 2325 4926 2390 4932; x_wconf 87' lang='lat'>—</span> <span class='ocrx_word' id='word_1_477' title='bbox 2428 4896 2618 4963; x_wconf 84' lang='grc' dir='ltr'>κιρτής</span> <span class='ocrx_word' id='word_1_478' title='bbox 2656 4899 2689 4949; x_wconf 94' lang='grc'>1.</span> <span class='ocrx_word' id='word_1_479' title='bbox 2726 4903 2792 4950; x_wconf 79' lang='lat'>32</span> <span class='ocrx_word' id='word_1_480' title='bbox 2837 4900 3099 4964; x_wconf 84' lang='lat' dir='ltr'>indidem,</span> 
     </span>
    </p>
   </div>
   <div class='ocr_carea' id='block_1_6' title="bbox 2275 4813 2426 4822">
    <p class='ocr_par' dir='ltr' id='par_1_16' title="bbox 2275 4813 2426 4822">
     <span class='ocr_line' id='line_1_49' title="bbox 2275 4813 2426 4822; baseline 0 724"><span class='ocrx_word' id='word_1_481' title='bbox 2275 4813 2426 4822; x_wconf 95' lang='lat' dir='ltr'> </span> 
     </span>
    </p>
   </div>
  </div>
 </body>
</html>
