3664 5546
639 302 764 368 248
1568 300 1649 355 ΕΚ
1686 301 1825 354 ΤΩΝ
1869 299 2273 375 ῌΡΩΔΙΑΝΟΥ

982 625 1159 690 ΠεΡι
1208 625 1485 690 τοΝοΥ
1528 624 1686 689 τΩΝ
1735 622 1847 688 εις
1892 627 1933 687 a
1978 621 2357 688 οΗΛΥκΩΝ
2406 571 2869 687 οΝοΜΑτΩΝ.

1712 808 1982 864 ΒΙΒΛΙΟΝ
2023 802 2107 861 ια’.

786 954 903 1048 ’Τὰ
947 983 1036 1048 εἰς
1082 985 1124 1046 ἇ
1169 982 1448 1061 λήγοντα
1494 981 1735 1062 μακρὸν
1780 980 2024 1060 θηλυκὰ
2066 985 2196 1045 τῶν
2241 980 2328 1044 εἰς
2373 983 2456 1044 οἱ
2508 980 2930 1059 ὁμοτονοῦςιν
2973 978 3215 1061 αὐτοῖς,

642 1087 745 1150 καὶ
786 1084 879 1150 ἔτι
931 1084 1155 1150 τὰ-εἰς
1199 1087 1268 1166 ἦ,
1324 1084 1606 1164 φοβερός
1660 1081 2004 1165 φοβερά,
2062 1081 2311 1161 ἰςχυρός
2367 1082 2669 1165 ἰςχυρά,
2726 1081 2929 1162 ςοφός
2984 1079 3216 1163 ςὀφή,

574 1200 606 1248 5
643 1186 837 1252 καλός
881 1186 1105 1269 καλή,
1160 1185 1393 1266 φίλος
1438 1185 1648 1266 φίλη.
1738 1185 1813 1248 τὸ
1873 1184 2088 1263 μέντοι
2146 1183 2492 1264 βαρύτερος
2547 1184 2936 1265 βαρυτέρα
2988 1184 3088 1249 καὶ
3137 1182 3216 1247 τὰ

644 1288 866 1370 ὅμοια,
912 1287 965 1351 εἰ
1008 1287 1112 1351 καὶ
1152 1288 1269 1353 τὸν
1312 1287 1518 1352 τόπον
1566 1286 1951 1367 ἐνήλλαξαν,
1997 1284 2150 1349 ἀλλ’
2195 1285 2275 1350 ού
2318 1286 2435 1351 τὸν
2478 1286 2692 1351 τόνον.

813 1388 906 1453 Τὰ
948 1388 1036 1454 εἰς
1081 1393 1122 1452 ἇ
1166 1388 1406 1469 μακρὸν
1450 1390 1553 1453 καὶ
1596 1387 1768 1466 εἰς-ἦ
1811 1391 1945 1452 τῶν
1990 1387 2079 1452 εἰς
2123 1392 2238 1452 6ῦὶ
2292 1388 2791 1468 περιςπωμένων
2847 1390 3214 1467 περιςπᾶται

644 1490 965 1572 ἀργυροῦς
1008 1489 1335 1573 ἀργυρᾶ,
1391 1489 1517 1554 ἔςτι
1561 1491 1634 1555 δὲ
1677 1490 1780 1555 καὶ
1824 1490 2211 1569 μητρόπολις
2265 1493 2376 1568 τῆς
2419 1489 2489 1556 ἐν
2536 1490 2754 1574 Ἰνδικῇ
2799 1489 3218 1571 Ταπροβάνης

646 1595 859 1672 νήςου.
946 1595 1217 1671 χρυςοῦς
1260 1594 1534 1676 χρυςῆ,
1578 1594 1844 1683 διπλοῦς
1888 1594 2140 1669 διπλῆ.

545 1706 612 1757 10
814 1693 907 1759 Τὰ
950 1692 1187 1772 ἔχοντα
1227 1693 1304 1758 τὸ
1350 1698 1391 1757 ἃ
1435 1695 1635 1773 βραχὺ
1679 1693 1784 1758 διὰ
1836 1696 1953 1758 τοῦ
1995 1699 2135 1773 ῖριῖι
2179 1695 2765 1777 προπαροξύνεται,
2809 1694 3219 1779 αύλήτρια,

645 1796 1023 1877 ψάλτρια,
1086 1796 1488 1878 ποιήτρια,
1556 1796 1959 1878 μεςήτρια,
2024 1795 2490 1878 ὁδηγήτρια,
2558 1795 3017 1879 ὀρχήςτρια,
3088 1818 3218 1876 μα-

645 1898 952 1980 θήτρια,
1021 1897 1431 1976 λεκάςτρια
1494 1898 1533 1976 ἡ
1598 1896 1824 1976 πόρνη.
1924 1897 2264 1977 Ἐρέτρια
2322 1899 2506 1963 πόλις
2563 1897 2842 1978 Εὐβοίας.
2938 1899 3221 1979 Ὅμηρος

648 1999 968 2065 «Χαλκίδα
1009 2000 1073 2063 τ’
1113 1999 1429 2079 Ἐρέτριάν
1487 2019 1593 2064 τε»
1657 1996 1760 2081 (ΙΙ.
1808 2000 1854 2062 Β
1893 1998 2050 2083 537)
2107 1998 2237 2065 ἀπὸ
2293 2000 2650 2080 Ἐρετριέως
2700 2005 2817 2066 τοῦ
2856 2001 3222 2066 Φαέθοντος

648 2100 806 2166 υἱοῦ.
905 2102 982 2167 τὸ
1053 2102 1125 2166 δὲ
1189 2101 1464 2181 μετρία
1528 2101 1632 2166 καὶ
1695 2099 2071 2180 ἀλλοτρία
2127 2103 2203 2166 τὸ
2260 2104 2301 2166 ἆ
2365 2102 2605 2182 μακρὸν
2657 2102 2887 2182 ἔχουςι.
2984 2103 3085 2167 καὶ
3146 2102 3221 2167 τὸ

553 2215 612 2265 15
647 2204 959 2270 πότνια·
1025 2204 1151 2268 ἔςτι
1206 2205 1279 2267 δὲ
1336 2204 1437 2268 καὶ
1488 2202 1822 2268 Πότνιαι
1877 2203 2063 2268 πόλις
2120 2205 2438 2269 Βοιωτίας.
2533 2205 2636 2269 καὶ
2690 2202 3012 2287 ὄμπνια,
3067 2205 3223 2269 Πο-

647 2304 962 2388 λύμνια,
1007 2304 1294 2385 Ἰάμνια
1337 2303 1675 2384 πολίχνιον
1720 2303 2047 2388 Φοινίκης,
2105 2305 2401 2387 (τράβων
2456 2308 2527 2372 δὲ
2580 2307 2796 2386 κώμην
2852 2305 3039 2386 φηςίν
3091 2305 3222 2387 (16,

647 2429 711 2492 p.
760 2406 911 2488 759)
959 2406 1130 2472 «ἀπὸ
1161 2406 1409 2487 Ἰάμνου
1452 2409 1490 2485 ἢ
1537 2407 1634 2472 ὅτι
1681 2407 1945 2488 ἰάμνους
1992 2407 2264 2473 ἐκάλουν
2308 2409 2461 2473 τοὺς
2503 2408 2861 2487 καθύγρους
2905 2410 3007 2473 καὶ
3047 2413 3224 2486 τεθη-

651 2508 841 2573 λότας
885 2510 1188 2573 τόπους».
1275 2509 1521 2588 Λάμια
1564 2510 1749 2574 πόλις
1795 2510 2136 2575 Θεςςαλίας
2178 2514 2307 2576 τῶν
2356 2510 2688 2593 Μηλιέων,
2748 2510 2839 2575 ὡς
2879 2509 3224 2591 Πολύβιος,

653 2610 716 2675 οἱ
761 2611 889 2690 μὲν·
920 2609 1051 2675 ἀπὸ
1096 2610 1314 2690 Λάμου
1356 2614 1474 2674 τοῦ
1518 2609 1904 2689 Ἡρακλέους
1947 2611 2168 2695 φαςίν,
2226 2611 2286 2676 οἱ
2341 2614 2413 2677 δὲ
2457 2611 2588 2677 ἀπὸ
2633 2611 2866 2692 Λαμίας
2907 2611 3224 2694 γυναικός,

547 2723 617 2777 20
650 2713 690 2792 ἣ
735 2712 1085 2793 ἑβαςίλευςε
1129 2713 1511 2796 Τραχινίων·
1567 2712 1691 2778 ἔςτι
1736 2713 1839 2778 καὶ
1881 2712 2044 2794 ἄλλη
2093 2714 2359 2780 Κιλικίας
2402 2750 2487 2760 —-
2528 2713 3098 2795 προπαροξύνεται.

821 2815 917 2881 Τὰ
959 2815 1048 2880 εἰς
1092 2818 1191 2879 ε-ιᾶ
1234 2813 1365 2879 ἀπὸ
1408 2819 1538 2880 τῶν
1584 2813 1673 2880 εἰς
1714 2818 1839 2881 {ff
1880 2817 2463 2900 προπαροξύνεται,
2516 2816 2802 2897 βαςιλεύς
2848 2816 3226 2898 βαςίλεια,

652 2917 916 2983 πολιεύς
959 2917 1307 2998 πολίεια,
1350 2916 1623 2981 Πιτυεύς
1652 2917 2012 3001 Πιτύεια,
2058 2918 2553 2998 Ἀλαλκομενεύς
2594 2918 3225 2999 Ἀλαλκομένεια,

650 3020 706 3085 ἱε
750 3019 857 3084 εύς
920 3018 1186 3098 ἱέρεια.
1272 3021 1465 3083 τοῦτο
1526 3020 1598 3083 δὲ
1663 3019 1725 3083 οἱ
1788 3018 2054 3086 Ἀττικοὶ
2116 3020 2503 3087 ἐκτείνοντες
2558 3021 2634 3085 τὸ
2691 3023 2733 3083 ἃ
2784 3019 3226 3099 παροξύνουςι.

653 3122 733 3186 ἀλ
789 3121 804 3144 ²
849 3121 1059 3186 οὐκέτι
1102 3120 1567 3202 πανδόκεια,
1613 3121 1977 3200 βαςίλεια,

789 3376 826 3427 l.
863 3380 893 3428 3
929 3392 1104 3427 canon
1139 3377 1194 3425 in
1234 3375 1332 3425 An.
1368 3375 1541 3426 Paris.
1578 3376 1663 3426 111
1700 3379 1814 3434 299,
1851 3379 1916 3426 24
1955 3379 2034 3427 sie
2069 3382 2368 3442 conceptus
2404 3383 2512 3428 est:
2560 3374 2661 3427 θεά
2696 3375 2973 3430 ὀξύνεται·
3017 3374 3090 3426 τὰ
3124 3374 3229 3440 γὰρ

657 3442 736 3496 εἰς
773 3448 807 3497 ἃ
843 3443 1093 3506 λ’γοντα
1130 3442 1505 3506 ἐκτεταμένον
1542 3444 1576 3508 ἢ
1612 3447 1648 3509 ἦ
1686 3443 2238 3508 παρεςχηματιςμένα
2280 3448 2400 3497 τοῖς
2445 3443 2522 3496 εἰς
2559 3449 2626 3497 ὃῖ
2662 3443 2921 3510 λήγουςιν
2967 3443 3230 3507 ὁνόμαςιν

658 3513 764 3564 τὸν
802 3512 892 3564 ἑκε
918 3527 1036 3562 νων
1072 3511 1244 3564 τόνον
1269 3510 1635 3575 ἀναδέχονται
1658 3508 1784 3563 οἷον
1808 3512 2051 3577 φοβερός
2077 3511 2309 3577 φοβερά,
2348 3511 2563 3577 ίςχυρός
2601 3511 2816 3577 ἰςχυρά,
2854 3511 3027 3577 ςοφός
3063 3510 3237 3575 ςοφή,

660 3579 790 3632 θεός
827 3578 953 3642 θεά,
992 3583 1207 3644 κοῦφος
1244 3579 1447 3645 κούφη.
1582 3581 1617 3631 l.
1655 3583 1687 3632 8
1726 3579 1965 3645 Ἀργυρᾶ
2000 3583 2275 3646 proprium
2308 3581 2492 3631 adieci
2528 3597 2595 3630 ex
2632 3582 2710 3631 St.
2741 3583 2798 3633 B.
2938 3581 2974 3630 l.
3020 3583 3074 3629 11
3115 3593 3231 3631 ποι·

658 3647 821 3713 ήτρια
856 3675 921 3684 —-
958 3647 1233 3714 μαθήτρια
1268 3648 1472 3713 sumpsi
1507 3664 1573 3697 ex
1609 3648 1797 3702 Dichr.
1836 3650 1960 3712 289,
1998 3651 2056 3712 8,
2104 3647 2396 3713 λεκάςτρια
2440 3665 2507 3699 ex
2542 3649 2787 3714 Theogn.
2823 3650 2915 3704 98,
2952 3651 3043 3711 25,
3091 3645 3231 3711 Ἐρέ-

656 3730 782 3780 τρια
829 3733 896 3767 ex
944 3717 1023 3770 St.
1074 3717 1132 3765 B.
1178 3722 1233 3766 et
1278 3719 1376 3782 Ep.
1425 3715 1512 3766 Cr.
1558 3717 1584 3766 1
1630 3719 1757 3778 370,
1801 3720 1893 3780 21,
1942 3719 2042 3770 An.
2090 3718 2264 3768 Paris.
2308 3718 2392 3767 111
2437 3719 2529 3767 351
2588 3722 2645 3768 et
2701 3720 2820 3777 136,
2874 3714 3113 3768 Πότνιαι
3165 3732 3232 3765 ex

661 3786 740 3837 St.
787 3786 873 3843 Β.,
929 3783 1222 3847 Πολύμνια
1268 3813 1330 3821 -
1377 3782 1555 3847 Λάμια
1612 3800 1679 3834 ex
1731 3785 1918 3837 Dichr.
1970 3785 2004 3836 1.
2053 3801 2096 3834 ο.
2144 3790 2200 3835 et
2245 3786 2324 3837 St.
2373 3787 2433 3834 Β.
2489 3801 2530 3835 s.
2575 3801 2663 3835 vv.
2743 3786 2808 3834 In
2853 3786 2956 3849 Ep.
3002 3784 3039 3837 l.
3086 3800 3132 3833 ο.
3177 3791 3233 3833 et

659 3852 760 3907 An.
809 3853 934 3902 Par.
981 3852 1035 3902 11.
1076 3869 1151 3902 ce.
1200 3852 1285 3902 his
1330 3852 1548 3902 additur
1596 3850 1861 3916 Ἀκυλήϊα
1905 3852 2084 3915 ὄνομα
2129 3851 2380 3917 πόλεως,
2429 3854 2523 3903 sed
2569 3853 2818 3904 dubitavi
2865 3852 2966 3902 hoe
3009 3851 3229 3914 addere,

660 3922 786 3985 quia
823 3927 879 3971 et
914 3937 1001 3985 ap.
1030 3923 1107 3972 St.
1138 3922 1209 3972 Β..
1236 3919 1500 3984 Ἀκυληῑα
1538 3922 1799 3985 scriptum
1836 3925 1922 3970 est
1959 3926 2017 3971 et
2054 3922 2123 3971 ab
2157 3922 2490 3986 Epimerista
2528 3921 2775 3985 exeeptis
2811 3922 2881 3970 ab
2919 3919 3233 3969 Herodiano

661 3988 951 4038 vocabulis
995 3989 1259 4038 adiectum
1309 3988 1553 4051 videtur,
1601 4004 1726 4038 nam
1771 4005 1980 4038 canone
2029 3992 2307 4054 proposito
2353 3990 2602 4039 additur:
2649 3988 2729 4040 δεῖ
2776 3988 3096 4051 προςθεῖναι
3143 3986 3234 4037 καὶ

659 4056 831 4121 χωρὶς
867 4058 969 4107 τοῦ
1011 4055 1303 4120 Ἀκυλήῑα,
1344 4071 1483 4120 quae
1520 4057 1649 4107 urbs
1686 4057 1851 4105 etiam
1881 4054 2137 4108 Ἀκύλεια
2164 4057 2379 4111 dieitur.
2416 4059 2539 4107 Huc.
2574 4056 2766 4107 referri
2805 4060 3032 4121 possunt
3069 4056 3236 4105 etiam

664 4123 884 4176 Ἐλαύῖα
929 4123 1203 4188 φρούριον
1248 4121 1510 4177 (Σικελίας.
1591 4122 1848 4176 Φίλιςτος
1894 4116 1940 4187 β’
1987 4121 2073 4189 ap'.
2122 4127 2202 4175 St.
2243 4126 2330 4184 Β.,
2378 4126 2532 4176 cuius
2578 4124 2784 4190 gentile
2834 4121 3154 4187 Ἐλαυιάτης
3197 4121 3233 4185 ἢ

664 4189 949 4256 Ἐλαυίτης
995 4198 1341 4257 comparatur
1386 4208 1506 4242 eum
1544 4190 1850 4256 Ἰαμνιάτης
1896 4192 1932 4256 ἢ
1973 4191 2269 4258 Ἰαμνίτης,
2317 4208 2476 4259 porro
2526 4191 2774 4257 Νηκούϊα
2821 4190 2982 4242 πόλις
3022 4187 3236 4254 Ὀμβρί-

662 4274 796 4311 κων.
865 4258 1156 4312 Διονύςιος
1193 4258 1651 4327 ἑπτακαιδεκάτῳ
1690 4259 2002 4324 Ῥωμαῖκῆς
2038 4258 2453 4324 ἀρχαιολογίας;
2502 4261 2693 4311 eodem
2737 4264 2969 4310 accentu
3005 4259 3236 4323 insigni-

662 4337 774 4379 tum
810 4334 895 4379 est
930 4345 1016 4394 ap.
1056 4328 1135 4380 St.
1174 4331 1237 4380 Β.
1277 4326 1554 4393 Ἐπάκρια.
1734 4329 1770 4378 l.
1808 4332 1874 4378 22
1911 4325 2131 4379 πολίεια
2164 4345 2340 4393 usque
2378 4330 2449 4380 ad
2488 4326 2919 4391 Ἀλαλκομένεια
2955 4327 3135 4378 adieci
3169 4342 3235 4375 ex

665 4400 747 4450 St.
784 4399 845 4447 B.
884 4424 949 4431 -
983 4398 1158 4448 τοῦτο
1194 4396 1254 4448 δὲ
1290 4413 1463 4461 usque
1499 4397 1569 4447 ad
1607 4395 1767 4446 finem
1804 4398 2032 4447 canonis
2067 4398 2252 4462 recepi
2277 4413 2343 4447 ex
2371 4396 2555 4447 Dichr.
2581 4399 2696 4458 290,
2725 4399 2790 4445 20
2826 4395 3006 4445 collat.
3042 4394 3237 4444 Arcad.

668 4467 780 4526 194,
817 4466 907 4523 22,
945 4465 1002 4514 in
1042 4480 1146 4529 quo
1181 4465 1301 4515 loco
1341 4466 1532 4516 Iacobi
1568 4465 1733 4515 scribi
1768 4464 1914 4514 vult:
1952 4462 2141 4516 οὐκέτι
2176 4463 2237 4516 δὲ
2274 4461 2595 4526 πανδοκεία,
2636 4461 2901 4526 βαςιλεία,
2949 4463 3092 4528 quod
3128 4478 3237 4511 non

663 4547 896 4594 necesse
943 4538 1053 4594 eet,
1103 4549 1267 4598 quum
1303 4533 1657 4598 subintellegi
1709 4533 1914 4599 possit:
1968 4531 2311 4598 προφέρουςι
2355 4528 2684 4594 πανδοκεία,
2734 4527 3001 4593 βαςιλεία,
3060 4545 3238 4594 neque

664 4607 872 4651 rectum
909 4605 1019 4656 est.
1069 4601 1213 4665 quod
1250 4601 1513 4652 Lehrsius
1560 4617 1627 4651 ex
1665 4600 1859 4653 Choer.
1897 4603 2102 4653 Dictat.
2137 4604 2260 4661 200,
2302 4603 2364 4649 14
2411 4616 2508 4665 pro
2554 4614 2722 4649 causa
2769 4599 2954 4649 affert:
3009 4596 3076 4649 οὔ
3131 4595 3238 4660 γάρ

600 4685 619 4708 ⁴
663 4667 760 4720 είςι
800 4667 941 4719 κατὰ
983 4668 1539 4733 παραςχηματιςμόν,
1588 4666 1731 4719 ἀλλὰ
1775 4667 1919 4719 κατὰ
1955 4667 2299 4733 παρώνυμον
2343 4666 2717 4732 παραγωγήν,
2763 4683 2889 4717 nam
2934 4664 3239 4717 πανδόκεια

662 4745 717 4786 et
755 4735 997 4799 βαςίλεια
1034 4738 1241 4802 pariter
1278 4737 1540 4787 feminina
1576 4736 1996 4786 masculinorum
2021 4735 2335 4788 πανδοκεὺς
2361 4741 2418 4786 et
2443 4734 2693 4800 βαςίλεύς
2729 4739 2856 4785 sunt
2880 4743 3044 4799 atque
3069 4732 3241 4797 ἱέρεια

663 4805 978 4855 femininum
1016 4805 1305 4855 masculini
1347 4802 1527 4869 ἱερεύς
1567 4809 1623 4852 et
1661 4804 2071 4854 Choeroboscus
2119 4805 2252 4854 dicit
2297 4804 2362 4854 de
2408 4804 2772 4856 substantivis
2822 4802 3117 4854 abstractis
3153 4802 3239 4853 εὐ·
