3664 5546
638 403 820 452 CCXX
1716 401 2135 452 PRAEFATIO.

634 559 880 623 inserto
925 557 1227 623 Eustath.
1277 559 1472 639 1746,
1531 557 1608 620 Ε.
1657 556 1829 622 Gud.
1877 558 2029 638 330,
2075 556 2159 623 59
2203 558 2524 636 ἀρέςκεται
2573 555 2692 641 (sc.
2738 558 2776 623 ὁ
2820 557 3213 637 Ἡρωδιανὸς

635 661 706 726 ἐν
762 668 839 745 τῇ
894 660 1205 743 καθόλου)
1276 660 1488 740 ὥςπερ
1543 661 1759 740 ἑρπύω
1825 660 2078 740 ἑρπύζω
2135 663 2235 724 καὶ
2298 661 2438 740 μύω
2495 661 2703 744 μύζω,
2757 661 2930 740 τρύω
2982 661 3211 745 τρύζω,

637 764 843 829 οὕτως
887 762 1051 829 εἶναι
1094 764 1198 827 καὶ
1239 763 1411 828 κνύω
1455 763 1694 846 κνύζω,
1740 764 1802 830 ἐξ
1850 762 1929 828 οὗ
1973 763 2074 827 καὶ
2116 763 2193 826 τὸ
2224 767 2430 830 κνυζῶ
2460 762 2698 841 ὁμοίως
2726 769 2819 847 τῷ
2862 763 3013 830 δίζω
3044 768 3212 831 διζῶ.

804 863 875 929 II
931 865 1058 929 205
1111 865 1291 943 κῶμά
1345 864 1468 929 ἐςτι
1521 866 1678 930 κατὰ
1736 866 2058 943 ςυγκοπὴν
2121 863 2252 929 ἀπὸ
2308 868 2427 929 τοῦ
2493 865 2765 944 κοίμημα
2834 863 2923 930 ὡς
2977 863 3214 945 οἴμημα

637 966 791 1046 οἶμα
834 968 936 1032 καὶ
979 966 1228 1046 δόμημα
1283 972 1464 1046 δῶμα
1517 967 1618 1031 καὶ
1672 974 1881 1051 τροπῇ
1935 969 2046 1044 τῆς
2090 971 2155 1030 ὃῑ
2199 967 2559 1046 διφθόγγου
2614 966 2704 1031 εἰς
2750 971 2804 1030 ’ω’
2860 972 3053 1045 κῶμα.
3143 966 3212 1031 Si

635 1078 812 1132 recte
855 1067 1230 1133 Lobeckius
1274 1064 1379 1130 El.
1425 1067 1460 1131 I
1504 1067 1627 1131 348
1674 1068 1875 1131 sumit
1916 1066 2369 1132 Herodianum
2422 1067 2491 1130 in
2533 1067 2713 1133 Mon.
2759 1068 2874 1149 37,
2920 1067 3005 1131 34
3059 1067 3213 1147 οἶμα

635 1168 999 1235 solitarium
1042 1191 1161 1255 per
1203 1169 1574 1254 passionem
1620 1191 1999 1252 excusasse,
2045 1169 2432 1256 praesertim
2476 1190 2673 1255 quum
2720 1192 2825 1255 ap.
2872 1169 3036 1233 Zon.
3083 1169 3210 1234 589

636 1277 831 1351 δωμῶ
898 1274 1167 1353 δωμήςω
1234 1272 1499 1350 δώμημα
1561 1273 1665 1336 καὶ
1738 1272 1897 1336 κατὰ
1966 1273 2285 1351 ςυγκοπὴν
2353 1275 2561 1351 δῶμα·
2629 1272 2802 1338 οὕτω
2868 1266 3210 1337 Φιλόξενος

634 1374 1067 1457 Philoxenus,
1115 1372 1300 1436 euius
1345 1394 1493 1436 cum
1522 1371 1902 1438 Herodiano
1947 1373 2487 1473 necessitudinem
2517 1374 2646 1438 iam
2680 1373 2940 1459 saepius
2970 1394 3210 1457 cogno·

637 1475 853 1540 vimus
866 1525 885 1558 ,
946 1484 1175 1540 auctor
1229 1474 1421 1538 huius
1479 1475 1841 1539 sententiae
1896 1474 2186 1557 dicatur,
2244 1474 2556 1540 credibile
2611 1485 2710 1539 cst
2764 1477 2887 1540 hoc
2941 1474 3208 1540 adnota-

635 1587 920 1643 mentum
968 1600 1050 1642 ex
1093 1576 1452 1641 Herodiani
1498 1575 1702 1662 copiis
1748 1587 2123 1663 promptum
2167 1600 2328 1641 esse.

804 1679 903 1744 IV
953 1679 1116 1744 1599
1159 1679 1531 1745 ἁλοςύδναι;
1575 1680 1896 1745 θαλὰςςιαι
1942 1679 2073 1744 ἀπὸ
2116 1684 2234 1745 τοῦ
2276 1681 2347 1745 ἑν
2392 1681 2497 1745 ἁλὶ
2540 1681 2789 1763 δύνειν,
2843 1681 2881 1745 ὅ
2927 1681 3093 1745 ἐςτιν
3139 1680 3209 1745 ἐν

635 1788 711 1866 τῇ
767 1783 1041 1865 Θαλάςςῃ
1109 1783 1312 1861 ὁρμᾶν
1371 1791 1525 1844 sunt
1581 1804 1665 1845 ex
1731 1779 2024 1866 longiore
2090 1779 2551 1868 explicatione,
2621 1803 2789 1867 quae
2853 1780 3212 1846 Herodiani

635 1884 895 1947 nomine
940 1884 1138 1949 tacito
1181 1881 1502 1948 translata
1545 1892 1645 1946 est
1688 1883 1756 1946 in
1799 1883 1921 1969 Ep.
1967 1885 2074 1948 Cr.
2122 1883 2157 1947 I
2201 1885 2305 1965 79,
2352 1883 2546 1965 9‚·E.
2592 1883 2683 1948 Μ.
2733 1885 2831 1966 70,
2884 1884 2989 1963 12,
3036 1882 3209 1949 Gud.

635 1985 739 2065 38,
783 1986 862 2049 51
910 1984 1155 2070 pariter
1199 1993 1392 2073 atque
1437 1984 1509 2049 II
1551 1984 1675 2049 635
1720 1985 1894 2050 ἰδίως
1937 1985 2162 2077 ἠβαιόν
2208 1987 2284 2051 τὸ
2331 1987 2438 2050 διὰ
2484 1987 2858 2067 (μικρότητα
2904 1987 3080 2067 βάςιν
3131 1988 3210 2064 μὴ

637 2089 793 2166 ἔχον
824 2087 1051 2168 ἄβαιόν
1095 2109 1154 2152 τι
1199 2087 1277 2153 ὄν
1323 2109 1406 2151 ex
1446 2085 1612 2151 libro
1656 2089 1801 2167 περὶ
1829 2094 2086 2172 παθῶν,
2132 2086 2305 2151 unde
2336 2088 2667 2172 excerpsit
2698 2087 2774 2151 E.
2807 2087 2897 2150 M.
2929 2088 3075 2169 417,
3112 2087 3209 2149 16.

805 2188 936 2253 Sed
999 2197 1153 2252 sunt
1217 2187 1537 2274 quaedam
1603 2187 1980 2253 futilissima
2043 2189 2423 2254 inferiorum
2486 2191 3055 2274 grammaticorum
3118 2188 3210 2251 in-

637 2299 836 2355 venta
878 2290 1207 2354 immixta:
1257 2289 1364 2354 III
1412 2291 1574 2355 1093
1629 2292 1841 2371 Αἰαίης
1895 2294 2119 2371 νήςου;
2179 2294 2518 2358 πλεονάζει
2560 2292 2598 2369 ἡ
2646 2298 2712 2356 ffi
2767 2293 3073 2374 ςυλλαβή,
3130 2290 3211 2354 de

636 2415 763 2479 quo
808 2415 892 2457 ex
934 2393 1178 2456 Herod.
1227 2402 1402 2456 recte
1448 2393 1540 2456 St.
1573 2391 1648 2455 Β.
1690 2393 1791 2473 37,
1837 2394 1878 2458 3
1920 2392 2067 2458 Αἶας
2114 2395 2190 2460 τὸ
2235 2394 2488 2459 ἐθνικὸν
2532 2393 2759 2471 Αἰαῖος,
2794 2395 2884 2459 ὡς
2930 2395 2968 2457 Γ
2970 2398 3209 2477 αῑαῑος,

635 2497 711 2561 τὸ
756 2496 1033 2574 θηλυκὸν
1077 2494 1272 2559 Αἰαία.

807 2595 904 2660 IV
955 2596 1030 2659 14
1077 2597 1326 2662 ὀῖςςατο
1372 2596 1502 2662 ἀπὸ
1545 2598 1829 2663 τοῦοἴω
1874 2600 2103 2675 γέγονε
2152 2597 2317 2677 ῥῆμα
2360 2598 2518 2662 κατὰ
2563 2598 2901 2664 διάςταςιν.
2971 2599 3213 2679 μήποτε

637 2704 739 2766 καὶ
793 2700 1101 2766 δοάςςατο
1158 2708 1429 2785 περιςςῷ
1484 2701 1779 2781 κέχρηται
1844 2708 1934 2787 τῷ
1985 2687 2036 2765 δ
2085 2699 2174 2765 ὡς
2230 2701 2333 2764 καὶ
2388 2702 2716 2782 δνοφερὸν
2774 2701 2975 2781 ὕδωρ·
3039 2701 3213 2782 παρὰ

635 2804 758 2884 γὰρ
803 2805 879 2869 τὸ
923 2805 1128 2884 νέφος
1171 2804 1527 2884 πεποίηται.
1580 2806 1682 2869 καὶ
1725 2805 1901 2882 παρὰ
1943 2803 2018 2867 τὸ
2063 2802 2207 2881 ἴψαι
2255 2802 2590 2883 Εοφοκλῆς
2635 2804 2704 2869 ἐν
2751 2805 2951 2870 Ἰξίονι
2996 2805 3214 2885 δίψιόν

551 2989 566 2998 ρ
638 2928 789 2987 φηςι
832 2906 947 2971 τὸν
995 2908 1428 2986 βεβλαμμένον
1484 2908 1586 2971 καὶ
1628 2907 1914 2986 Ὅμηρος
1960 2905 2392 2985 «πολυδίψιον
2436 2907 2670 2984 Ἄργος
2723 2906 3009 2986 ἱκοίμην»
3056 2910 3214 2970 πολ-

637 3009 815 3073 λάκις
862 3009 1326 3091 βεβλαμμένην,
1375 3006 1455 3072 de
1500 3030 1625 3090 quo
1671 3005 1811 3070 loco
1861 3007 1995 3090 egit
2036 3006 2201 3072 Lob.
2247 3007 2352 3071 El.
2398 3007 2433 3071 I
2478 3007 2559 3071 98
2604 3009 2817 3071 minus
2865 3029 3088 3071 severe
3135 3006 3215 3070 de

638 3095 1028 3189 πολυδίψιος
1070 3107 1401 3190 iudicanS,
1462 3108 1636 3196 quod
1689 3132 1821 3174 non
1868 3108 1945 3172 Ε.
1993 3108 2086 3173 Μ.
2143 3118 2393 3173 tantum
2439 3109 2596 3191 681,
2647 3111 2719 3173 11
2769 3108 3049 3195 placuit,
3097 3107 3213 3172 sed

637 3210 765 3274 nisi
829 3209 1024 3275 fallor
1090 3210 1287 3274 etiam
1349 3210 1759 3292 Herodiano,
1821 3233 2010 3297 quem
2078 3220 2347 3296 propter
2410 3210 2671 3276 doctam
2739 3211 3213 3297 expositionem

638 3323 971 3376 auctorem
1015 3311 1459 3377 adnotamenti
1502 3314 1571 3376 in
1615 3312 1738 3397 Ep.
1787 3312 1895 3375 Cr.
1941 3311 1976 3375 I
2017 3313 2175 3393 378,
2220 3313 2303 3377 25
2347 3313 2521 3400 quod
2564 3313 2645 3377 Ε.
2689 3312 2780 3377 Μ.
2838 3313 2904 3376 in
2945 3311 3215 3377 brevius

640 3413 1004 3494 contraxit,
1052 3413 1364 3500 suspicor.
1454 3413 1582 3479 Sed
1630 3436 1794 3501 quae
1841 3413 1919 3478 de
1975 3416 2288 3481 δοάςςατο
2344 3416 2412 3478 in
2459 3413 2670 3480 Schol.
2717 3413 2936 3502 Apoll.
2981 3436 3213 3500 propo-

637 3515 816 3579 nitur
860 3515 1175 3601 suspicio,
1223 3514 1413 3600 longe
1458 3515 1853 3581 alienissima
1897 3528 1997 3583 est
2051 3517 2134 3581 ab
2191 3517 2473 3598 Herod,
2519 3517 2632 3603 qui
2674 3539 2714 3580 a
2757 3518 2934 3582 δοιός
2977 3517 3258 3608 repetit„

638 3618 708 3681 in
751 3616 830 3681 E.
877 3616 966 3681 M.
1011 3617 1158 3699 281,
1204 3618 1317 3700 33,
1366 3619 1527 3684 Zon.
1571 3619 1717 3683 565.

807 3717 991 3783 Idem
1035 3720 1215 3784 valet
1259 3720 1338 3785 de
1382 3720 1489 3785 III
1531 3722 1655 3785 276
1708 3724 1996 3787 τέλλεται
2051 3723 2210 3787 κατὰ
2265 3721 2597 3802 ἀφαίρεςιν
2650 3725 2768 3786 τοῦ
2813 3727 2846 3785 ξ
2900 3721 3043 3786 ἀντὶ
3093 3725 3211 3785 τοῦ

640 3823 989 3906 ςτέλλεται,
1036 3822 1116 3886 de
1163 3821 1196 3884 Ι
1226 3823 1352 3887 674
1395 3824 1600 3904 μόλις;
1647 3830 1852 3889 κακῶς
1898 3825 2004 3888 διὰ
2046 3827 2163 3888 τοῦ
2209 3813 2273 3890 λ·
2301 3825 2451 3888 ’ἔδει
2485 3825 2607 3902 γὰρ
2640 3825 2745 3888 διὰ
2789 3827 2905 3888 τοῦ
2950 3828 2989 3899 Ῠ
3033 3823 3213 3902 μόγις

640 3927 814 4004 παρὰ
855 3926 971 3991 τὸν
1017 3926 1236 4003 μόγον.
1315 3926 1543 4011 Neque
1584 3924 1946 3990 Herodiani
1991 3935 2091 3989 est
2135 3925 2240 3989 III
2286 3925 2407 3989 847
2451 3926 2705 4003 Δαῑραν
2751 3926 2882 3989 κατ’
2925 3924 3212 4004 ἔλλειψίν

640 4027 763 4092 ἐςτι
806 4032 921 4093 τοῦ
965 4030 999 4092 ’ἑ
1043 4029 1148 4092 διὰ
1191 4029 1266 4092 τὸ
1312 4029 1574 4108 μέτρον·
1618 4028 1869 4107 Δάειρα
1910 4028 2032 4106 γάρ
2079 4027 2243 4093 ἐςτιν
2288 4025 2434 4090 coll.
2480 4025 2576 4090 St.
2623 4027 2700 4090 B.
2747 4049 2799 4089 s.
2850 4027 3056 4105 Καρία.

808 4129 886 4193 In
932 4127 1335 4193 derivatione
1389 4128 1473 4193 ab
1522 4128 1939 4194 Herodianea
1994 4128 2291 4192 doctrina
2346 4126 2632 4193 deflectit
2673 4126 2888 4193 Schol.
2936 4127 3032 4192 IV
3095 4127 3214 4192 175

640 4232 954 4310 ἀγρῶςται
1012 4231 1075 4296 οἱ
1130 4231 1390 4310 κυνηγοὶ
1445 4231 1575 4296 ἀπὸ
1640 4236 1757 4296 τοῦ
1811 4232 2114 4310 ἀγρώςςω
2173 4232 2449 4311 ῥήματος
2505 4231 2866 4312 πέπτωκεν,
2922 4251 3074 4292 nam
3129 4252 3213 4293 cx

641 4331 719 4398 Il.
767 4334 874 4396 Pr.
921 4334 964 4397 Ε
1015 4331 1131 4396 158
1174 4335 1249 4398 τὸ
1294 4335 1468 4413 παρὰ
1515 4333 1834 4414 (οφοκλεῖ
1878 4334 1947 4404 ἐν
1994 4334 2387 4418 Ἀλεξάνδρῳ
2436 4333 2738 4410 «ςτείχων
2785 4331 2853 4396 δ>
2883 4330 3212 4411 ἀγρώςτην

641 4437 842 4514 ὄχλον
886 4435 1317 4515 παρώνυμον»
1365 4436 1481 4520 (cf.
1517 4437 1565 4500 Ν
1597 4436 1750 4520 382)
1799 4435 2037 4498 scimus
2070 4432 2446 4499 Herodiano
2478 4434 2601 4498 hoc
2630 4457 2760 4499 non
2790 4432 3213 4496 rhematicum

640 4536 844 4601 fuisse
885 4572 971 4583 --
1013 4546 1151 4600 tum
1196 4538 1363 4600 enim
1409 4537 1733 4617 ἀγρωςτής
1764 4546 2085 4623 oxytonos
2116 4535 2532 4600 scribendum
2572 4534 2701 4600 fuit
2741 4571 2826 4583 —
2869 4531 2985 4597 sed
3026 4555 3213 4617 paro-

642 4661 881 4724 nymon
924 4646 991 4702 ct
1034 4660 1256 4704 veram
1299 4639 1666 4704 Herodiani
1721 4637 2084 4704 doctrinam
2141 4636 2245 4702 hic
2298 4647 2373 4701 ut
2418 4660 2672 4723 semper
2728 4638 2865 4701 fere
2922 4633 3216 4699 servavit

643 4739 866 4826 Steph.
898 4739 975 4804 B.
1021 4741 1241 4822 ἀγρόςε
1288 4742 1579 4822 ἀγρώτης
1624 4742 1714 4806 ὡς
1746 4742 2009 4807 Μαλλός
2043 4741 2430 4822 Μαλλώτης,
2472 4741 2779 4820 Ἤπειρος
2825 4738 3212 4816 Ἠπειρώτης

644 4845 745 4908 καὶ
788 4843 1110 4924 ἀγρώςτης
1153 4849 1534 4927 πλεοναςμῷ
1576 4847 1693 4909 τοῦ
1738 4846 1785 4906 E.
