3664 5546
638 282 768 348 320
1575 281 1658 336 ΕΚ
1694 281 1835 335 ΤΩΝ
1876 280 2285 335 ΗΡΩΔΙΑΝΟΥ

807 451 1297 531 Ἀναδράμωμεν
1361 453 1467 516 ἐπὶ
1529 454 1606 517 τὸ
1671 453 2126 533 προκείμενον,
2192 452 2621 530 παραθέμενοι
2677 453 2754 515 τὸ
2810 451 2999 531 τύλη,
3066 451 3229 527 ὅπερ

641 555 759 619 οὐκ
801 555 882 634 ἦν
925 555 1087 632 παρ’
1131 555 1450 618 Ἀττικοῖς
1539 554 1707 618 ἀλλὰ
1751 555 2055 634 μέμνηται
2102 553 2349 633 (απφῶ
2396 555 2467 618 ἐν
2514 554 2795 637 δευτέρῳ

1450 656 1578 731 ἐγὼ
1624 657 1684 720 δ’
1728 656 1834 720 ἐπὶ
1874 656 2201 734 μαλθάκαν

1129 759 1331 824 τύλαν
1376 758 1713 823 καςπολέω
1760 759 1955 838 μέλεα

577 878 610 925 5
639 861 743 924 καὶ

1447 961 1767 1040 άςάμενον

1107 1064 1288 1147 πύλᾳ
1333 1063 1689 1147 καςπολέῳ.
1802 1104 1812 1111 -

640 1165 720 1230 οὐ
747 1166 887 1254 ,γὰρ
932 1163 971 1229 ὁ
1015 1166 1084 1230 τέ
1130 1166 1484 1244 ςύνδεςμος
1577 1166 1776 1243 μύλη
1830 1165 1935 1230 καὶ
1980 1165 2233 1229 Μύλαι
2290 1165 2477 1229 πόλις
2523 1164 2819 1229 (Σικελίας.
2907 1163 3229 1227 Ἑκαταῖος

638 1268 928 1351 Εὐρώπῃ.
997 1269 1099 1332 καὶ
1156 1267 1516 1333 Θετταλίας.
1575 1266 1794 1346 πύλη.
1862 1268 1986 1331 ἔςτι
2043 1269 2143 1331 καὶ
2194 1266 2396 1331 τόπος
2448 1267 2775 1344 Ἀρκαδίας
2815 1265 3102 1346 Πύλαι,
3156 1266 3230 1327 ὃς

542 1386 604 1436 ιο
639 1370 742 1433 καὶ
783 1369 1052 1433 Πυλαία.
1142 1370 1225 1434 ςύ
1242 1372 1329 1447 λη
1374 1368 1445 1432 ἐν
1490 1368 1740 1448 (αμίων
1795 1368 2005 1446 ὥροις.
2096 1371 2236 1432 «καὶ
2280 1368 2520 1433 οὐδένα
2576 1368 2913 1446 κατέδηςεν
2974 1366 3067 1431 ὦν
3120 1370 3231 1443 τῆς

643 1472 832 1549 ςύλης
877 1472 1206 1549 μεταςχεῑν
1222 1494 1266 1532 ».
1355 1469 1558 1547 Λύλη
1603 1469 1791 1534 πόλις
1836 1470 2192 1552 Ἀρκαδίας,
2238 1469 2379 1548 ὕλη
2423 1472 2527 1534 καὶ
2569 1470 2757 1548 Ὕλη
2801 1469 2987 1533 πόλις
3032 1469 3267 1532 Βοιω-’

641 1573 793 1637 τίας.
883 1572 1170 1651 Ὅμηρος
1213 1568 1290 1651 (Β
1332 1570 1488 1653 500)
1537 1572 1643 1636 «οἵ
1683 1573 1749 1636 τ’
1794 1573 2054 1637 Ἐλεῶν’
2097 1571 2280 1650 εἶχον
2326 1571 2425 1648 ἠδ’
2468 1571 2675 1650 Ὕλην
2720 1571 2823 1635 καὶ
2863 1571 3227 1635 Πετεῶνα».

642 1674 884 1753 εἴρηται
928 1672 1061 1738 ἀπὸ
1091 1674 1295 1751 Ὕλης
1337 1677 1448 1751 τῆς
1478 1674 1797 1739 Θεςπιὲως
1840 1675 1880 1752 ἢ
1926 1675 2025 1737 ὅτι
2070 1675 2322 1752 ὑλώδης
2366 1674 2548 1739 ἐςτίν.
2614 1674 2741 1737 ἔςτι
2786 1673 2856 1737 δὲ
2901 1672 3004 1735 καὶ
3046 1671 3230 1734 πόλις

648 1776 906 1853 Κύπρου
969 1776 1070 1838 καὶ
1124 1774 1290 1853 Ὕλη
1346 1775 1584 1853 χωρίον
1642 1777 1870 1856 μεταξὺ
1926 1779 2038 1854 τῆς
2092 1774 2377 1854 (Σαβίνων
2431 1776 2532 1839 καὶ
2574 1773 2905 1853 Ῥωμαίων
2961 1772 3227 1837 πόλεως.

549 1894 608 1943 15
645 1880 919 1955 μονῆρες
981 1875 1106 1954 ἄρα
1148 1877 1224 1941 τὸ
1275 1878 1479 1955 φυλή
1523 1876 1934 1956 ὀξυνόμενον.
2024 1877 2149 1941 ἔςτι
2196 1880 2269 1941 δὲ
2307 1878 2384 1942 τὸ
2428 1877 2642 1955 τρίτον
2687 1874 2864 1939 εἶδος
2906 1878 3038 1939 τῶν
3082 1874 3230 1950 παρ’

641 1978 893 2057 Ἕλληςι
940 1981 1297 2042 κοινωνιῶν
1343 1979 1443 2041 καὶ
1494 1980 1694 2057 δῆμος
1738 1978 2038 2057 Οἰνηίδος
2081 1982 2307 2058 φυλῆς.
2383 1978 2840 2056 Ἀριςτοφάνης
2871 1977 3229 2054 Ἀχαρνεῡςι

642 2078 868 2160 (1023)
936 2079 1202 2154 «πόθεν;
1271 2078 1402 2143 ἀπὸ
1466 2079 1681 2157 Φυλῆς
1745 2079 1983 2160 ἔλαβον
2057 2080 2118 2143 οἱ
2186 2081 2538 2144 Βοιώτιοι».
2648 2079 2750 2143 καὶ
2815 2078 2886 2143 ἐν
2951 2077 3229 2159 Πλούτῳ

643 2179 868 2263 (1146)
914 2182 1033 2260 «μὴ
1081 2182 1530 2265 μνηςικακήςῃς
1573 2181 1628 2244 εἰ
1675 2181 1747 2246 ςύ
1791 2181 2013 2259 Φυλὴν
2059 2181 2454 2261 κατέλαβες».

815 2307 853 2343 ιι
898 2282 991 2346 Τὰ
1034 2283 1140 2347 διὰ
1183 2286 1301 2347 τοῦ
1345 2269 1466 2363 ἦ
1513 2283 1818 2364 ῥηματικὰ
1848 2283 2008 2348 ὄντα
2052 2282 2374 2365 ὀξύνεται,
2421 2283 2661 2347 ςτέλλω
2704 2282 2969 2364 ςτολή,
3016 2281 3230 2361 βάλλω

542 2401 610 2452 20
645 2384 868 2464 βολή,
912 2384 1043 2462 χέω
1086 2386 1298 2463 χολή.

815 2508 853 2544 ιι
895 2485 1303 2566 Διςύλλαβον
1349 2485 1437 2551 εἰς
1477 2472 1615 2565 ιὐ-λῖι
1683 2486 2149 2552 ἀςυνάλειπτον
2213 2486 2335 2565 οὐχ
2392 2485 2679 2567 εὕρηται,
2747 2486 2824 2549 τὸ
2881 2486 3230 2560 δὲ-πωλῆ

643 2589 1014 2665 περιςπᾶται
1061 2586 1193 2651 ἀπὸ
1238 2588 1667 2666 ςυναιρέςεως.

811 2688 906 2752 Τὰ
971 2688 1076 2752 διὰ
1141 2693 1260 2753 τοῦ
1317 2677 1448 2768 GKR
1513 2690 2021 2769 ύπερδιςύλλαβα
2086 2694 2408 2769 μονογενῆ
2471 2688 2897 2754 άςυνάλειπτα
2965 2687 3229 2768 βαρύνε-

642 2808 771 2854 ται·
844 2789 1109 2870 Ἑκάλη
1186 2794 1383 2871 δῆμος
1453 2794 1564 2869 τῆς
1623 2792 1966 2857 Λεοντίδος
2023 2796 2264 2875 φυλῆς,
2338 2792 2718 2873 μαςχάλη,
2792 2790 3071 2867 αἰθάλη
3130 2790 3233 2853 καὶ

541 2909 607 2958 25
642 2890 933 2971 Αἰθάλη
978 2895 1168 2969 νῆςος
1211 2893 1576 2972 Τυρρηνῶν.
1666 2893 1992 2958 Ἑκαταῖος
2036 2894 2323 2978 Εὐρώπῃ.
2414 2893 2582 2958 ἔοικε
2637 2894 2709 2957 δὲ
2754 2895 3078 2970 κεκλῆςθαι
3124 2892 3235 2954 διὰ

643 2994 720 3057 τὸ
777 2993 1032 3072 ςίδηρον
1089 2993 1259 3072 ἔχειν
1314 2995 1389 3058 τὸ
1446 2995 1516 3059 ἐν
1570 2993 1797 3078 αἰθάλι]
1855 2997 1971 3074 τὴν
2026 2996 2319 3074 ἐργαςίαν
2364 2995 2615 3074 ἔχοντα.
2703 2994 2990 3058 Φίλιςτος
3043 2993 3101 3056 δ’
3158 2993 3232 3057 ἐν

644 3091 694 3158 ε’
725 3092 1056 3158 (Σικελικῶν
1087 3095 1422 3159 Αἰθάλειαν
1453 3095 1652 3175 αὐτὴν
1683 3099 1877 3160 καλεῖ.
1910 3098 2259 3180 δαμάλη,
2291 3096 2620 3179 ἀγκάλη,
2650 3096 2925 3178 φιάλη,
2954 3094 3232 3175 ξυάλη,

644 3195 1006 3274 Ἀγχιάλη
1063 3195 1248 3260 πόλις
1297 3197 1563 3262 Κιλικίας
1620 3200 2092 3275 παραθαλαςςία
2144 3200 2308 3278 πρὸς
2361 3206 2438 3282 τῇ
2484 3198 2707 3279 Ταρςῶ
2764 3198 2868 3262 καὶ
2908 3196 3229 3278 Ζεφυρίῳ.

643 3297 783 3361 ἔςτι·
815 3298 886 3361 δὲ
930 3297 1148 3375 κτίςμα
1192 3297 1525 3376 Ἀγχιάλης
1566 3302 1676 3376 τῆς
1721 3300 2006 3364 Ἰαπετοῦ
2049 3300 2393 3381 θυγατρός,
2455 3300 2545 3364 ὡς
2589 3299 3031 3377 Ἀθηνόδωρος
3085 3298 3233 3375 περὶ

542 3414 609 3465 30
642 3401 759 3462 τοῦ
804 3397 1006 3461 αὐτοῦ
1050 3399 1355 3475 πατρίδος
1396 3399 1670 3480 γράφων
1714 3403 1817 3465 καὶ
1857 3403 2220 3480 παρατιθεὶς
2263 3400 2610 3479 Διόδωρον
2654 3402 2771 3464 τὸν
2800 3400 3231 3479 γραμματικὸν

644 3502 1116 3578 ςυμφωνοῦντα
1143 3499 1525 3584 Πτολεμαίῳ
1572 3505 1808 3580 βαςιλεῑ
1855 3505 2134 3579 «γίνεται
2180 3504 2239 3568 δ’
2269 3504 2552 3567 Ἰαπετοῦ
2597 3502 2877 3580 θυγάτηρ
2908 3500 3229 3581 Ἀγχιάλη,

644 3600 748 3662 καὶ
801 3600 986 3666 κτίζει
1041 3600 1231 3664 πόλιν
1283 3601 1650 3684 Ἀγχιάλην,
1711 3603 2045 3682 Ἀγχιαλέα
2099 3625 2168 3668 τε
2224 3606 2341 3669 τὸν
2396 3604 2863 3682 παρακείμενον
2917 3601 3228 3680 ποταμόν.

642 3705 841 3782 γεννᾷ
885 3701 942 3765 δ’
986 3700 1128 3767 υἱὸν
1164 3702 1442 3786 Κύδνον,
1489 3703 1615 3784 ἀφ’
1660 3703 1740 3769 οὗ
1781 3707 2070 3785 ποταμὸς
2106 3705 2462 3771 Κύδνοςέν
2492 3706 2749 3788 Ταρςῷ,
2796 3702 2834 3767 ὁ
2880 3704 2951 3767 δὲ
2986 3702 3231 3768 Κύδνος

647 3803 788 3869 υἱὸν
832 3804 1230 3886 Παρθένιον,
1288 3804 1410 3886 ἀφ’
1456 3804 1535 3870 οὗ
1579 3807 1617 3885 ἡ
1674 3807 1861 3873 πόλις
1917 3793 2369 3888 μετωνομάςθη
2413 3808 2755 3886 Παρθενία.
2845 3805 3229 3884 μεταπεςόν-

645 3977 756 3984 -.-—.-—-

647 4113 828 4178 recepi
864 4128 932 4162 ex
969 4112 1115 4162 Mon.
1153 4114 1237 4175 39,
1277 4115 1336 4162 11
1376 4112 1599 4165 insertis
1636 4130 1703 4165 ex
1742 4114 1819 4167 St.
1850 4115 1911 4164 Β.
1949 4112 2164 4178 Μύλαι,
2204 4114 2350 4178 quod
2386 4113 2462 4165 ibi
2503 4112 2643 4164 falso
2671 4115 2941 4176 oxytonos
2967 4111 3231 4174 scriptum

646 4185 759 4244 est,
799 4186 855 4231 et
891 4177 1104 4244 Πύλαι,
1153 4185 1440 4245 praeterea
1487 4181 1667 4247 Λύλη,
1715 4180 1825 4246 ὕλη
1872 4181 1963 4232 καὶ
2000 4181 2144 4246 Ὕλη
2194 4187 2250 4232 et
2285 4184 2341 4230 in
2380 4181 2485 4231 fine
2522 4179 2635 4231 ἔςτι
2681 4178 2743 4230 δὲ
2786 4178 2961 4242 δῆμος
2999 4205 3062 4213 —-
3100 4191 3230 4228 κατ-

646 4247 839 4312 έλαβες
877 4264 944 4298 ex
981 4248 1173 4299 eodem
1210 4249 1464 4300 adiectis,
1533 4251 1779 4314 Theogn.
1820 4250 1989 4301 habet
2022 4248 2158 4313 ὕλη,
2208 4248 2386 4314 πύλη,
2428 4247 2598 4312 μύλη,
2636 4246 2807 4311 τύλη,
2845 4243 3016 4311 φυλή.

646 4316 683 4369 l.
725 4319 785 4367 19
828 4316 973 4366 hunc
1012 4331 1278 4367 canonem
1324 4333 1389 4367 ex
1425 4318 1670 4383 Theogn.
1713 4320 1832 4376 110,
1871 4319 1935 4367 22
1983 4319 2278 4382 composui.
2452 4317 2486 4365 l.
2523 4318 2586 4365 21
2635 4329 2901 4365 canonem
2945 4313 3116 4364 statui
3162 4329 3230 4362 ex

643 4383 887 4449 Theogn.
929 4386 1044 4446 110,
1079 4386 1144 4435 25
1180 4385 1385 4435 collato
1425 4386 1680 4436 Eustath.
1717 4385 1787 4434 ad
1815 4385 2044 4449 Dionys·
2082 4388 2199 4437 591.
2304 4386 2339 4437 l.
2365 4387 2433 4434 24
2470 4381 2667 4447 Ἑκάλη
2706 4382 2925 4446 explevi
2963 4398 3029 4431 ex
3057 4383 3134 4433 St.
3164 4381 3227 4433 B.

643 4449 959 4502 Meinekius
997 4449 1195 4516 Ἑκαλή
1243 4452 1456 4503 demum
1501 4457 1770 4518 oxytonos
1816 4453 1987 4504 scribi
2028 4454 2152 4503 vult
2194 4457 2258 4502 ut
2304 4453 2471 4501 etiam
2527 4456 2721 4501 eontra
2750 4450 2934 4516 ‚libros
2977 4449 3231 4499 exhibuit

646 4516 968 4585 (φενδαλή;
1018 4520 1116 4571 sed
1161 4535 1270 4571 non
1317 4522 1490 4571 omnis
1546 4521 1953 4571 terminationis
2008 4520 2151 4570 demi
2204 4525 2477 4569 acuuntur
2530 4533 2709 4583 neque
2762 4517 3117 4567 Herodianus
3171 4517 3228 4564 in

645 4603 792 4655 Mon.
817 4608 900 4668 39,
942 4607 988 4666 1,
1026 4605 1119 4655 ubi
1159 4605 1572 4656 accuratissime
1610 4604 1674 4654 de
1704 4605 1987 4655 vocabulis
2023 4605 2081 4654 in
2114 4589 2225 4668 ἇλῆ
2272 4605 2415 4669 agit,
2463 4602 2840 4652 huiuscemodi
2887 4600 3231 4666 exceptionis

645 4674 906 4724 meminit.
951 4670 1164 4737 Αἰθάλη
1201 4674 1474 4738 proprium
1514 4689 1580 4723 ex
1618 4673 1696 4722 St.
1725 4674 1784 4722 B.
1823 4674 2079 4738 apposui;
2118 4670 2335 4735 δαμάλη
2364 4687 2460 4736 pro
2485 4668 2717 4736 δειμάλη
2753 4669 3067 4719 emendavit
3090 4667 3231 4718 Lob.

647 4741 810 4792 Proll.
839 4743 900 4793 91
940 4745 1053 4793 not..
1084 4744 1147 4793 15
1185 4747 1241 4790 et
1279 4740 1526 4790 Schmidt
1563 4742 1785 4806 recepit.
1834 4737 2050 4804 ἀγκάλη
2081 4768 2141 4777 -
2167 4738 2339 4802 ξυάλη
2378 4743 2507 4790 sunt
2545 4756 2613 4792 ex
2637 4740 2784 4792 Mon.
2808 4738 2840 4789 1.
2868 4754 2933 4798 c.‚
2966 4732 3227 4800 Ἀγχιάλη
