3664 5546
1571 424 1988 475 PRAEFATIO.
2898 425 3085 474 CCVII

511 583 830 649 translata
872 573 1042 647 sunt.
1112 580 1452 662 Quaedam
1495 579 1960 645 adnotamenta
2004 603 2087 644 ex
2117 579 2462 666 Apollonio
2506 581 2573 643 in
2616 581 3087 666 Epimerismos

513 687 916 751 transierunt
960 695 1154 770 atque
1211 683 1350 747 iure
1395 682 1706 746 Lehrsius
1760 683 1830 744 in
1887 692 2137 767 quaest.
2186 705 2286 767 ep.
2332 706 2395 769 p.
2443 682 2564 746 327
2613 692 2842 747 contra
2885 683 3086 746 Bern-

511 786 836 874 hardyum
879 787 945 849 in
989 784 1140 849 hist.
1185 786 1281 849 lit.
1331 785 1561 849 Graec.
1608 807 1673 870 p.
1718 783 1845 848 519
1892 784 2125 847 asserit
2180 805 2307 847 non
2364 783 2571 848 solum
2616 785 3082 861 Herodianum,

513 889 629 954 sed
685 890 880 953 etiam
928 887 1347 975 Apollonium
1399 908 1440 948 a
1493 885 1968 971 posterioribus
2024 885 2470 971 grammaticis
2528 885 2891 951 adhibitum
2944 909 3087 951 esse

510 993 597 1056 cf.
642 992 767 1077 Ep.
812 991 973 1074 434,
1024 991 1065 1054 3
1110 991 1231 1070 χρή
1285 1011 1433 1051 611111
1477 984 1695 1072 Apoll.
1753 987 1836 1050 de
1890 987 2040 1051 adv.
2099 988 2255 1070 538,
2316 988 2439 1071 Ep.
2491 988 2641 1070 182,
2694 989 2772 1052 19
2810 988 2891 1053 (16
2936 990 3085 1066 ἠΰτε

510 1116 656 1157 611111
713 1090 931 1179 Apoll.
980 1091 1060 1155 de
1105 1090 1256 1154 adv.
1301 1090 1455 1170 560,
1525 1089 1648 1174 Ep.
1696 1089 1853 1168 290,
1903 1090 1981 1153 18
2037 1092 2262 1169 νέρθεν
2319 1111 2464 1152 611111
2518 1089 2738 1176 Apoll.
2794 1091 2875 1155 de
2929 1090 3082 1155 adv.

512 1195 666 1276 603,
713 1196 839 1280 Ep.
883 1195 924 1258 3
970 1193 1153 1269 ἄγετε
1201 1213 1347 1254 611111
1394 1189 1610 1276 Apoll.
1662 1190 1740 1253 de
1786 1191 1935 1255 adv.
1979 1193 2137 1272 553,
2184 1192 2256 1274 63
2312 1215 2377 1278 p.
2424 1191 2496 1271 5,
2543 1193 2623 1254 31
2675 1215 2819 1256 cum
2867 1190 3085 1279 Apoll.

512 1296 592 1360 de
636 1295 902 1382 syntaxi
944 1317 1008 1380 p.
1060 1295 1210 1372 179,
1256 1295 1298 1355 4
1354 1293 1464 1374 ((16
1519 1314 1702 1378 pron.
1768 1294 1938 1379 146).
2027 1293 2213 1374 Quae
2270 1316 2354 1357 ex
2406 1292 2553 1356 aliis
2610 1294 3085 1379 antiquioribus
3195 1349 3199 1354 .

510 1397 950 1481 grammaticis
996 1395 1444 1482 proferuntur,
1503 1417 1628 1458 non
1674 1417 1758 1458 ex
1801 1394 1962 1480 ipsis
2019 1394 2396 1481 plerumque
2452 1394 2741 1459 fontibus
2788 1395 3087 1460 derivata

512 1511 694 1580 sunt,
753 1499 870 1563 sed
914 1521 998 1561 ex
1042 1496 1258 1578 libris,
1316 1498 1384 1559 in
1429 1496 1664 1581 quibus
1722 1496 1805 1560 ab
1852 1497 2364 1581 antiquioribus,
2421 1498 2705 1561 maxime
2749 1497 2833 1563 ab
2879 1496 3086 1561 Hero-

511 1601 704 1665 diano
761 1600 943 1664 citati
996 1599 1277 1663 fuerant.
1365 1597 1533 1660 Nam
1580 1620 1779 1683 supra
1837 1598 2119 1662 vidimus
2164 1598 2337 1663 hune
2392 1597 2707 1663 excellere
2754 1599 3085 1681 citatione,

486 1702 931 1792 refutatione,
974 1700 1501 1786 comprobatione
1538 1700 1979 1780 decessorum,
2028 1701 2382 1790 eodemque
2425 1700 2563 1765 loco
2594 1700 2902 1765 nonnulla
2931 1701 3088 1787 Epi-

511 1804 958 1868 merismorum
1015 1812 1395 1889 praecepta,
1452 1825 1618 1887 quae
1675 1811 1739 1867 et
1792 1824 2004 1865 sermo
2050 1812 2115 1867 et
2158 1802 2615 1889 explicationis
2670 1803 2837 1867 ratio
2880 1802 3086 1866 Hero-

512 1906 693 1970 diani
739 1928 879 1970 esse
925 1907 1307 1985 ostendunt,
1355 1907 1422 1968 in
1452 1927 1728 1968 examen
1767 1908 2167 1969 vocavimus.
2241 1906 2346 1970 Ad
2389 1903 2551 1968 haec
2594 1916 2772 1969 certa
2815 1903 3085 1988 originis

511 2007 764 2071 indicia
798 2008 1048 2071 accedit
1094 2008 1354 2091 saepius
1401 2007 1828 2091 congruentia
1873 2029 2018 2070 cum
2064 2005 2209 2071 aliis
2241 2007 2602 2071 Herodiani
2648 2007 3085 2093 epitomatori-

507 2110 660 2190 bus,
707 2133 764 2173 e.
810 2132 872 2194 g.
919 2111 985 2172 in
1032 2110 1154 2196 Ep.
1187 2109 1300 2190 84,
1352 2109 1381 2171 1
1430 2108 1708 2173 nominis
1754 2111 2034 2188 Ἀντρών
2080 2108 2307 2174 eadem
2351 2110 2694 2194 originatio
2738 2119 2934 2195 atque
2979 2130 3101 2195 ap.⁸

512 2211 606 2277 St.
665 2212 742 2275 B.
800 2235 852 2275 8.
911 2235 970 2276 v.
1018 2212 1419 2297 proponitur.
1517 2215 1734 2296 Atque
1802 2234 1996 2297 saepe
2065 2212 2480 2298 Epimerismi
2547 2235 2693 2276 cum
2758 2211 3086 2298 Stephano

510 2315 894 2394 concinunt,
950 2314 1045 2377 ita
1103 2324 1316 2377 tamen
1363 2323 1433 2377 ut
1477 2313 1898 2398 Epimerismi
1956 2337 2084 2378 non
2143 2337 2225 2378 ex
2281 2313 2377 2379 St.
2422 2315 2500 2378 B.
2548 2314 2912 2394 hauserint,
2971 2311 3088 2377 sed

511 2438 592 2479 ex
635 2416 779 2502 ipso
825 2415 1219 2479 Herodiano.
1309 2415 1433 2500 Ep.
1477 2415 1561 2478 59
1605 2415 1847 2479 habent
1891 2415 2453 2497 adnotamentum,
2511 2416 2687 2503 quod
2741 2416 2821 2484 E.
2866 2415 2955 2479 M.
3002 2437 3088 2479 ex

510 2516 677 2582 libro
723 2520 870 2596 περὶ
922 2522 1145 2582 παθῶν
1204 2516 1658 2602 (16Ρ10111Ρ111111
1713 2539 1857 2580 6886
1904 2525 2209 2597 testatur,
2267 2517 2381 2581 sed
2440 2517 2642 2582 multo
2695 2515 3084 2606 explicatius

511 2641 702 2705 quam
746 2620 815 2682 in
854 2620 932 2683 E.
963 2620 1086 2701 M.,
1136 2619 1202 2681 in
1249 2640 1375 2703 quo
1421 2617 1682 2703 saepius
1730 2617 2087 2682 Herodiani
2132 2641 2368 2682 nomen
2414 2629 2748 2683 servatum
2793 2630 2925 2700 est,
2971 2618 3087 2682 ubi

509 2722 576 2785 in
633 2717 758 2808 Ep.
816 2719 992 2784 idem
1053 2729 1470 2806 praeceptum
1525 2720 1892 2786 accuratius
1951 2721 2090 2785 sine
2145 2721 2406 2787 nomine
2461 2720 2786 2808 prolatum
2844 2729 2944 2785 est
2999 2720 3082 2785 cf.

511 2846 566 2887 e.
611 2847 673 2909 g.
722 2825 801 2888 E.
849 2822 937 2887 M.
996 2823 1152 2904 651,
1209 2822 1293 2886 25
1360 2824 1534 2902 πάρα
1603 2845 1753 2887 611111
1819 2823 1945 2908 Ep.
2002 2824 2160 2904 362,
2215 2826 2329 2907 27,
2391 2823 2567 2887 idem
2633 2832 2847 2888 autem
2912 2823 3083 2909 quod

510 2927 631 3012 Ep.
679 2926 763 2989 59
809 2925 889 2989 de
934 2924 1311 3011 compositis
1372 2947 1412 2987 a
1468 2924 1722 2990 duabus
1779 2924 2050 2989 vocibus
2095 2925 2409 3007 traditur,
2467 2935 2685 2990 exstat
2737 2925 2933 2989 etiam
2976 2946 3081 3011 ap.

511 3030 600 3092 St.
646 3027 722 3090 B.
770 3027 911 3108 707,
958 3028 1029 3108 4,
1078 3025 1193 3090 sed
1239 3049 1343 3113 ap.
1390 3027 1560 3090 hunc
1605 3026 1855 3091 accedit
1898 3025 2268 3112 exemplum
2310 3030 2752 3107 παρωκεάνιο(
2798 3027 3082 3091 168111110-

507 3130 613 3193 1110
658 3129 966 3215 Dionysii
1011 3128 1611 3194 Halicarnassensis
1657 3128 2005 3193 firmatum.
2094 3129 2203 3194 Ex
2244 3130 2620 3194 Herodiano
2675 3152 2866 3215 porro
2912 3151 3082 3192 sum-

507 3241 657 3316 ptus
705 3241 805 3295 est
848 3229 1160 3295 articulus
1191 3233 1256 3295 in
1288 3232 1413 3316 Ep.
1446 3231 1545 3311 80,
1579 3231 1636 3312 8,
1682 3240 1756 3295 111
1785 3230 2322 3315 Themistagorae
2363 3233 2520 3318 ipsis
2560 3232 2777 3297 verbis
2807 3230 3084 3295 relatum

507 3332 951 3398 testimonium
994 3333 1374 3419 persuadet3
1431 3333 1527 3397 St.
1572 3334 1647 3396 B.
1695 3332 2232 3418 Themistagorae
2275 3332 2418 3398 loco
2465 3335 2701 3398 omisso
2745 3332 3082 3418 Ephorum

506 3433 764 3515 laudat,
817 3435 1001 3498 cuius
1048 3446 1266 3499 tamen
1310 3435 1632 3521 expositio
1678 3434 1763 3498 ad
1807 3458 2038 3501 nomen
2086 3434 2249 3499 nihil
2292 3437 2623 3521 pertinens
2668 3457 2707 3499 a
2752 3433 3082 3522 Stephano

508 3536 784 3602 fortasse
830 3536 1073 3601 indicio
1119 3536 1481 3601 Herodiani
1525 3537 1858 3623 exscripta
1888 3548 2016 3613 est,
2074 3547 2139 3602 et
2183 3537 2369 3603 addit
2421 3561 2647 3603 vocem
2699 3538 2897 3601 etiam
2951 3559 3081 3601 ma-

508 3635 752 3702 sculine
798 3638 1130 3725 usurpari,
1175 3639 1283 3702 cui
1328 3638 1762 3705 observationi
1809 3638 1925 3703 lux
1968 3640 2261 3705 oboritur
2288 3626 2387 3704 ‘ex
2421 3642 2500 3705 E.
2532 3641 2621 3704 M.
2656 3641 2758 3721 75,
2803 3639 2908 3703 52.
2955 3638 3078 3703 His

506 3738 665 3805 locis
712 3742 1104 3826 comparatis
1148 3750 1331 3825 patet
1374 3763 1895 3833 unumquemque
1952 3741 2148 3805 trium
2204 3743 2705 3828 epitomatorum
2760 3741 3080 3807 Herodia-

505 3865 659 3907 num
704 3852 856 3906 ante
901 3840 1121 3905 0611108
1165 3841 1503 3923 habuisse,
1556 3865 1756 3928 quum
1801 3842 1981 3908 aliud
2025 3845 2300 3929 quisque
2344 3867 2566 3908 eorum
2610 3843 2859 3923 tradat,
2907 3845 3081 3930 quod

503 3944 689 4010 alteri
734 3946 1109 4010 omiserunt.
1185 3944 1576 4029 Compositis
1623 3943 1822 4027 igitur
1868 3944 2066 4009 trium
2096 3948 2594 4031 epitomatorum
2638 3944 2797 4010 locis
2844 3947 3080 4010 evadet

505 4046 863 4112 Herodiani
919 4046 1447 4110 adnotamentum
1506 4047 1803 4131 quamvis
1857 4068 1986 4110 non
2041 4047 2408 4112 absolutum
2473 4057 2543 4111 at
2598 4046 2827 4111 saltem
2883 4069 3076 4132 quam

503 4148 969 4235 plenissimum.
1059 4147 1372 4213 Similiter
1427 4170 1495 4211 se
1538 4147 1738 4213 habet
1793 4147 2105 4212 articulus
2163 4150 2495 4218 Ἁλίζωνε(
2551 4172 2654 4237 ap.
2714 4150 2807 4213 St.
2865 4149 2943 4213 B.
3012 4158 3077 4211 et

505 4252 628 4337 Ep.
677 4252 791 4332 78,
836 4251 940 4314 24.
1027 4251 1109 4315 Ι11
1149 4251 1230 4314 Ε.
1275 4250 1363 4314 M.
1419 4250 1593 4313 hunc
1645 4249 1860 4315 locum
1917 4274 1999 4315 ex
2053 4252 2180 4338 Ep.
2237 4252 2279 4316 l.
2326 4278 2383 4317 6.
2438 4249 2775 4318 transtulit
2829 4249 3076 4314 Metho-

504 4354 682 4435 dius,
729 4354 840 4440 qui
885 4352 1316 4439 Epaphroditi
1360 4352 1854 4437 originationem
1898 4354 2356 4440 praetermisit.

638 4534 739 4588 De
780 4530 1239 4600 Epimerismis
1283 4532 1431 4588 cod.
1477 4532 1678 4588 Goisl.
1718 4534 1840 4589 387
1884 4533 1956 4587 in
1998 4532 2253 4588 Anecd.
2297 4532 2509 4589 Paris·
2553 4535 2658 4591 111
2699 4548 2765 4602 p.
2809 4534 2937 4588 294

502 4681 775 4747 quorum
818 4660 1285 4747 praestantiam
1329 4661 1452 4722 viri
1500 4659 1677 4725 docti
1722 4659 2022 4724 laudibus
2070 4659 2418 4744 extollunt,
2476 4660 2636 4725 nihil
2687 4662 2899 4726 dicam
2944 4663 3073 4726 nisi

501 4763 703 4828 multa
766 4763 1094 4827 continere
1160 4764 1620 4828 adnotamenta
1684 4761 2043 4827 Herodiani
2108 4763 2362 4828 nomine
2428 4764 2774 4848 insignita,
2848 4762 3070 4846 multa,

503 4888 668 4952 quae
713 4867 1011 4952 quamvis
1057 4867 1315 4929 nomine
1357 4867 1673 4931 destituta
1702 4864 1862 4943 sint,
1914 4863 1993 4927 de
2025 4874 2286 4930 auctore
2318 4866 2621 4931 dubitare
2652 4890 2783 4931 non
2815 4869 3067 4932 sinunt:
