3664 5546
1548 350 1965 401 PRAEFATIO.
2914 349 3081 399 cxxl

499 511 844 601 positionis
905 512 971 574 in
1025 508 1170 574 cod.
1231 508 1321 586 A,
1381 508 1446 576 in
1502 529 1628 594 quo
1671 507 1880 572 etiam
1937 504 2180 571 diserte
2236 504 2654 571 Aristarchus
2720 507 3083 573 ἀντιτέτυξο

504 614 880 680 exhibuisse
925 622 1225 676 narratur
1273 611 1366 695 (la
1397 609 1591 676 Roch.
1639 611 1942 693 opinatur
1986 609 2190 675 Arist.
2238 611 2380 677 ἀντὶ
2423 613 2640 678 τέτυξο
2686 610 3115 696 ειοιῆρείιιιιιο).ἱ

507 715 705 781 Nihili
754 726 909 780 sunt
941 714 1158 780 Schol.
1189 714 1303 778 BL
1350 713 1434 778 ad
1478 715 1534 780 Ξ
1572 713 1649 776 10
1691 721 1756 776 et
1797 713 1864 778 Π
1905 713 2019 794 59,
2069 722 2139 777 ut
2184 735 2266 777 ex
2311 713 2792 799 comparatione
2835 712 3080 777 codicis

509 823 566 886 A
611 820 840 885 elucet.
930 817 1157 882 Priore
1201 815 1343 882 loco
1392 816 1455 880 in
1501 816 1562 879 A
1609 814 1892 879 refertur
1939 814 2383 879 Aristarchum
2429 819 2693 895 πτῆξεν,
2742 814 3082 879 Sidonium

509 928 661 1001 πῆξε
716 920 1094 1007 scripsisse,
1154 917 1329 1006 quod
1386 918 1480 982 sic
1511 917 1624 982 BL
1669 917 2046 982 immutant:
2096 919 2489 998 Ἡρωδιανὸς
2531 922 2726 995 πῆξεν
2772 919 3082 998 ἀποδέχε-

509 1048 636 1108 ται,
677 1026 772 1089 ‘iv'
819 1025 856 1108 ᾖ
901 1025 976 1088 τὸ
1022 1023 1092 1087 ἐν
1138 1022 1419 1106 ἀκινηςίᾳ
1465 1022 1757 1099 ἐποίηςεν
1801 1019 2027 1084 codice
2070 1020 2127 1081 V
2174 1020 2469 1084 tradente
2513 1022 2883 1099 Ζηνόδοτος
2928 1026 3084 1099 πῆξε

510 1130 610 1191 καὶ
652 1127 937 1205 ἑταίρων.
980 1161 1066 1172 -
1106 1124 1172 1189 Π
1213 1123 1297 1187 59
1340 1121 1487 1187 cod.
1533 1123 1626 1185 A:
1687 1123 1725 1201 ἡ
1784 1126 1974 1200 διπλῆ
2032 1123 2128 1188 ὅτι
2174 1123 2318 1188 ἀντὶ
2369 1128 2485 1188 τοῦ
2540 1123 2843 1203 ἀτιμήτου
2901 1144 3083 1203 μετα-

512 1231 743 1294 νάςτου
790 1229 881 1293 ὡς
925 1229 1001 1292 τὸ
1048 1227 1224 1291 «ἐπεί
1271 1227 1338 1304 μ’
1384 1225 1695 1306 ἀφέλεςθέ
1738 1245 1812 1301 γε
1859 1226 2121 1290 δόντες»
2167 1224 2309 1289 ἀντὶ
2351 1230 2469 1290 τοῦ
2515 1225 2704 1309 ἐμοῦ,
2751 1223 2923 1289 unde
2974 1224 3084 1288 BL

516 1331 551 1396 ὁ
603 1332 1004 1409 Ἀρίςταρχος
1066 1328 1300 1408 γράφει
1367 1329 1787 1410 μεταναςτήν,
1851 1329 1953 1391 καὶ
2017 1329 2179 1406 πρὸς
2236 1329 2530 1407 Βριςηῖδα
2594 1327 2841 1392 ἀκούει·
2911 1328 2949 1392 ὁ
3015 1331 3087 1393 δὲ

516 1426 902 1512 Ἡρωδιανὸς
947 1431 1288 1509 αἰτιατικὴν
1334 1429 1476 1493 ἀντὶ
1517 1433 1766 1507 γενικῆς
1809 1451 2032 1513 φηςιν,
2085 1430 2182 1495 ἵν’
2226 1431 2265 1514 ᾖ
2314 1430 2447 1494 «ὡς
2500 1431 2568 1494 ἐκ
2613 1432 2824 1510 χειρὸς
2868 1430 3085 1510 ἀτιμή-

517 1556 629 1600 του
684 1534 1072 1614 μετανάςτου
1124 1532 1491 1612 ἀφείλετο».
1592 1528 1905 1595 Similiter
1949 1553 2017 1596 se
2076 1530 2276 1596 habet
2327 1533 2385 1597 Υ
2427 1531 2582 1612 228,
2631 1530 2746 1596 ubi
2790 1532 2879 1596 A:
2930 1534 3087 1612 Ἀρί-

521 1658 777 1716 ςταρχος
807 1636 984 1700 ἀλλ’
1014 1635 1146 1699 ὅτε
1192 1635 1303 1716 δέ,
1337 1633 1523 1698 ἄλλοι
1555 1634 1625 1698 δέ
1657 1634 1828 1698 ἀλλ’
1860 1635 1990 1700 ὅτε
2037 1637 2125 1714 δή
2159 1638 2263 1700 διὰ
2292 1641 2408 1700 τοῦ
2440 1639 2506 1714 ῆς
2552 1635 2637 1698 B:
2687 1636 3088 1715 Ἀρίςταρχος

523 1738 825 1821 ἄλλοτε,
882 1737 920 1801 ὁ
968 1738 1038 1802 δὲ
1082 1736 1475 1815 Ἡρωδιανὸς
1530 1735 1699 1801 ἀλλ’
1743 1737 1889 1802 ὅτε.
1980 1734 2056 1799 In
2113 1736 2501 1823 quibusdam
2558 1737 2719 1802 locis
2776 1759 2893 1821 pro
2940 1737 3089 1801 Ari·

523 1840 802 1920 starcho,
848 1837 1035 1903 cuius
1092 1860 1326 1903 nomen
1394 1838 1458 1900 in
1519 1836 1743 1901 codice
1787 1840 1851 1901 A
1897 1849 2143 1920 exstat,
2201 1839 2617 1904 Herodianus
2674 1838 2927 1925 positus
2987 1848 3089 1902 est

522 1939 600 2003 ob
641 1939 883 2005 nullam
928 1938 1156 2020 aliam,
1203 1949 1276 2003 ut
1311 1937 1598 2020 videtur,
1645 1961 1911 2004 causam
1941 1963 2131 2026 quam
2164 1941 2340 2028 quod
2372 1941 2763 2006 deteriorum
2794 1940 3089 2006 codicum

521 2041 1145 2108 consarcinatoribus
1207 2064 1338 2106 non
1381 2042 1781 2127 incognitum
1839 2042 1965 2106 fuit
2012 2042 2452 2109 Herodianum
2509 2043 2890 2131 plerumque
2942 2066 3089 2108 cum

519 2143 897 2210 Aristarcho
943 2143 1298 2209 concinere.
1363 2147 1413 2210 Α
1459 2144 1584 2209 258
1632 2147 1737 2210 διὰ
1779 2151 1897 2210 τοῦ
1943 2151 1980 2211 ’ν
2027 2150 2299 2231 βουλήν,
2344 2149 2424 2212 ού
2472 2148 2577 2212 διὰ
2622 2152 2739 2213 τοῦ
2784 2151 2819 2212 i.
2882 2146 3089 2214 οὕτως

516 2245 915 2329 Ἀρίςταρχος
946 2246 1029 2310 A.
1060 2248 1135 2312 τὸ
1165 2284 1245 2293 --
1280 2250 1518 2328 βουλήν
1551 2250 1654 2313 διὰ
1683 2252 1801 2312 τοῦ
1831 2252 1869 2313 ν
1902 2252 2004 2314 καὶ
2033 2250 2113 2314 ού
2145 2251 2249 2315 διὰ
2293 2254 2409 2315 τοῦ
2453 2254 2474 2314 i
2486 2299 2504 2331 ‚
2550 2250 2638 2314 ὥς
2669 2271 2856 2330 φηςιν
2887 2249 3087 2328 Ἡρω-

510 2351 730 2417 διανός
776 2349 913 2414 BL.
961 2388 1040 2397 -
1083 2349 1143 2414 Ψ
1186 2349 1271 2413 39
1314 2351 1713 2430 Ἀρίςταρχος
1755 2351 2057 2416 κέλευςαν
2102 2355 2542 2430 πληθυντικῶς
2585 2352 2665 2417 A.
2752 2353 3087 2417 ἐκέλευςαν

504 2451 952 2530 πληθυντικῶς
999 2453 1059 2518 οἱ
1105 2456 1395 2535 βαςιλεῑς,
1443 2453 1532 2518 ὼς
1563 2452 1956 2530 Ἡρωδιανὸς
2001 2452 2076 2516 Β.
2115 2489 2187 2500 -
2227 2454 2279 2518 Ο
2313 2452 2394 2516 72
2438 2454 2644 2519 οὕτως
2689 2454 3089 2533 Ἀρίςταρχος

498 2555 700 2629 Χωρὶς
757 2561 878 2621 τοῦ
939 2559 1002 2639 ἱ,
1058 2556 1245 2621 παύω
1301 2554 1382 2618 Α.
1485 2553 1639 2619 ἄνευ
1694 2558 1811 2619 τοῦ
1883 2559 1913 2618 ς
1970 2556 2031 2619 οἱ
2098 2557 2244 2634 περὶ
2298 2555 2694 2634 Ἡρωδιανόν
2751 2554 2946 2619 BLV.
3012 2593 3079 2602 —

495 2642 546 2703 Ν
595 2652 728 2721 541
794 2657 1003 2723 οὕτως
1061 2658 1458 2737 Ἀρίςταρχος
1511 2658 1704 2736 χωρὶς
1760 2661 1878 2721 τοῦ
1932 2660 1982 2739 ἰ,
2040 2657 2200 2722 ἔνιοι
2259 2659 2330 2721 δὲ
2386 2657 2632 2723 Αἰνείας
2688 2659 2756 2723 δ’
2801 2659 3091 2738 Ἀφαρῆα

483 2737 572 2802 A·
674 2760 898 2840 ὥςπερ
963 2759 1249 2843 Ἑρμὲας,
1313 2759 1518 2825 οὕτως
1572 2757 1823 2840 Αἰνέας,
1881 2761 2089 2825 καθὼς
2143 2759 2550 2845 Ἡρωδιανῷ“
2586 2764 2762 2827 δοκεῖ
2826 2759 2961 2823 BL.
3015 2797 3081 2807 —-

583 2847 681 2911 69
746 2864 1161 2942 πυλαωρούς;
1221 2863 1621 2942 Ἀρίςταρχος
1674 2862 2050 2941 θυραωρούς
2104 2863 2557 2942 θυροφύλακας
2602 2863 2682 2926 A.
2782 2863 3088 2942 Ἡρωδια-

425 2927 590 3026 sd(
661 2965 1070 3045 θυραωρούς
1122 2964 1372 3045 γράφει.
1447 2965 1654 3029 πύλας
1707 2963 1829 3042 γὰρ
1890 2964 1995 3028 ἐπὶ
2049 2965 2306 3029 πόλεών
2363 2986 2512 3045 φηςι
2570 2963 2642 3027 Β.
2709 3002 2778 3011 —-
2843 2966 2907 3030 Μ
2964 2964 3090 3030 276

399 3086 752 3186 blec:
807 3068 1207 3147 Ἀρίςταρχος
1250 3070 1432 3131 νῖκος
1473 3066 1576 3129 διὰ
1619 3069 1735 3129 τοῦ
1779 3068 1814 3130 ἰ.
1906 3067 2197 3146 βούλεται
2256 3067 2379 3146 γὰρ
2438 3068 2720 3143 λέγεςθαι
2763 3072 2872 3146 τῆς
2917 3069 3091 3147 νίκης

282 3112 424 3223 W
543 3178 872 3251 ἧτταν
921 3171 1002 3233 A.
1090 3169 1483 3249 Ἡρωδιανὸς
1527 3169 1632 3233 διὰ
1686 3168 1889 3247 μόνου
1932 3174 2048 3233 τοῦ
2093 3172 2144 3251 i,
2186 3168 2295 3234 ἵνα
2340 3173 2529 3248 δηλοῖ
2569 3171 2645 3234 τὸ
2690 3170 2915 3250 νίκημα
2958 3169 3089 3235 BL.

224 3270 868 3375 lh‘sss—ifessto
914 3292 1294 3356 perversum
1339 3282 1440 3335 est
1469 3268 1683 3334 Schol.
1719 3268 1780 3331 V
1826 3269 1912 3334 ad
1956 3268 2035 3334 Il.
2071 3272 2118 3336 Η
2158 3271 2277 3335 110
2320 3272 2719 3352 Ἀρίςταρχος
2762 3273 2861 3336 καὶ
2889 3272 3089 3352 Ἡρω-

216 3351 726 3472 ὶθςνὸε
788 3373 919 3438 ἀνὰ
974 3374 1038 3437 δ’
1081 3372 1272 3452 ἴςχεο.
1371 3370 1539 3436 Nam
1593 3382 1674 3435 ex
1729 3370 2093 3436 Herodiani
2150 3372 2232 3437 de
2299 3382 2572 3439 accentu
2638 3372 2886 3438 formae
2944 3376 3090 3454 ςχέο

247 3456 941 3560 ’(Ῡᾼῐιοῒεῑίοηο
987 3473 1053 3536 in
1110 3472 1332 3539 codice
1379 3474 1440 3536 A
1485 3483 1757 3559 apparet
1815 3473 2263 3541 Herodianum
2317 3473 2558 3559 legisse
2613 3477 2739 3542 ἀνὰ
2796 3480 2869 3542 δὲ
2924 3479 3091 3560 ςχέο,

286 3552 598 3685 ‘'Qua-e
725 3577 939 3642 etiam
982 3574 1351 3640 Aristarchi
1408 3575 1729 3661 scriptura
1779 3573 1929 3639 fuit.
2019 3575 2187 3641 Nam
2220 3576 2450 3657 fichol.
2499 3579 2560 3641 A
2617 3578 2743 3643 ἀνὰ
2798 3581 2869 3644 δὲ
2915 3580 3089 3657 ςχέο;

350 3678 920 3759 ,Ρκᾳὶεταρχος
975 3676 1100 3742 ἀνὰ
1156 3679 1224 3743 δ’
1278 3678 1539 3761 ἄνςχεο,
1598 3677 1881 3758 ἀνάςχου
1939 3681 2010 3744 δὲ
2066 3690 2445 3766 corruptum
2511 3702 2654 3744 esse
2721 3678 3091 3769 vel‘inter·

393 3780 793 3877 §natatio
840 3780 1124 3859 ἀνάςχου
1169 3780 1240 3845 δέ
1284 3779 1724 3859 demonstrat,
1771 3780 1945 3845 unde
1990 3783 2387 3862 Ἀρίςταρχος
2433 3781 2558 3847 ἀνὰ
2603 3785 2674 3849 δὲ
2719 3784 2866 3862 ςχέο
2912 3780 3093 3844 resti-

431 3879 829 3947 mendum
874 3892 995 3947 est.
1053 3879 1354 3945 Ridicule
1398 3881 1762 3947 doctrinam
1806 3904 1991 3946 suam
2040 3883 2335 3948 venditat
2378 3882 2439 3945 V
2486 3882 2567 3948 ad
2613 3885 2662 3950 Λ
2709 3884 2822 3947 101
2869 3883 3093 3950 Ποςεί-

462 3989 751 4050 ’διπττος
798 3986 1056 4065 βήριςον
1103 3984 1224 4065 ὑφ’
1270 3984 1357 4049 ἕν.
1445 3984 1840 4064 Ἡρωδιανὸς
1895 3986 2093 4063 μόνος
2151 3990 2329 4051 καλεῖ
2382 3989 2456 4052 τὸ
2504 3991 2634 4068 βῆρ.
2723 3986 3094 4065 Ζηνόδοτος

503 4087 589 4151 ’δὲ
638 4088 837 4166 χωρὶς
893 4090 1010 4151 τοῦ
1054 4090 1089 4164 β
1137 4090 1253 4166 «βῆ
1311 4085 1472 4152 Ἷςόν
1529 4108 1654 4152 τε».
1745 4085 1964 4166 Quum
2022 4087 2195 4151 enim
2248 4087 2316 4152 in
2373 4087 2519 4153 cod.
2575 4090 2637 4152 A
2695 4087 2775 4152 de
2831 4086 3095 4152 diversa

541 4185 846 4272 scriptura
904 4192 978 4268 βῆ
1033 4187 1197 4254 Ἶςον
1255 4187 1608 4269 Zenodoti,
1678 4193 1752 4270 βῆ
1811 4190 1878 4269 ῥ’
1932 4190 2096 4255 Ἰςον
2152 4189 2519 4253 Aristarchi
2586 4200 2651 4255 et
2708 4186 3091 4269 Herodiani‚

560 4292 786 4370 Βήριςον
831 4287 1172 4376 Posidippi
1218 4299 1477 4374 agatur,
1535 4289 1641 4355 hic
1697 4289 2096 4354 immiscetur
2149 4312 2251 4355 res
2313 4291 2396 4356 ab
2451 4290 2577 4357 hoc
2628 4289 2771 4355 loco
2829 4310 3093 4374 prorsus

571 4394 738 4464 aliena
776 4412 861 4455 ex
905 4389 1092 4456 Pros.
1140 4389 1479 4457 Catholica
1521 4392 1758 4478 petita,
1805 4389 1916 4455 ubi
1965 4392 2137 4457 inter
2165 4392 2620 4479 monosyllaba
2660 4393 2729 4456 in
2773 4400 2853 4472 ήρ
2898 4391 3096 4455 etiam

571 4494 921 4568 Phoenicum
975 4515 1106 4557 vox
1166 4496 1281 4575 βήρ
1343 4496 1419 4559 τὸ
1476 4495 1684 4573 φρέαρ
1742 4494 2078 4579 proposita
2123 4504 2295 4576 erat,
2363 4505 2434 4559 ut
2500 4516 2583 4559 ex
2648 4492 2870 4579 Steph.
2928 4493 3091 4579 Byz.

571 4599 678 4680 167,
718 4595 755 4660 9
794 4594 997 4659 Mein.
1045 4593 1466 4679 intellegitur.

696 4696 797 4761 Ex
859 4696 995 4778 his,
1062 4696 1177 4761 ubi
1236 4695 1531 4761 codicum
1588 4695 1768 4759 BLV
1832 4720 1980 4763 cum
2047 4697 2191 4765 cod.
2248 4701 2309 4764 A
2378 4696 2770 4783 comparatio
2838 4697 3093 4763 institui

569 4809 774 4890 potest,
832 4796 915 4863 de
959 4797 1041 4862 iis
1096 4797 1255 4865 locis
1309 4798 1599 4863 iudicare
1653 4797 1835 4882 licet,
1892 4800 1962 4863 in
2017 4801 2251 4887 quibus
2309 4797 2514 4866 simile
2569 4797 3092 4867 adnotamentum
