3664 5546
1189 291 1349 345 Περι
1388 289 1780 345 κΑοοΛικΗς
1814 289 2237 345 ΠΡοςΩιΔιΑς
2274 290 2344 342 ιτ.
2947 286 3074 353 353

488 465 596 529 ἐπὶ
636 469 728 547 τῷ
773 461 1102 545 Εὐφράτῃ,
1144 459 1237 546 ξὸν
1283 462 1699 541 Ἀλέξανδρος
1752 461 1973 528 ζεύξας
2027 461 2278 526 άλύςεςι
2333 460 2639 541 διεβίβαςε
2694 461 2774 523 τὰ
2819 461 3075 538 ςτρατό-

485 570 667 630 πεδα.
756 563 1010 643 ῥῆγμα
1053 564 1157 628 καὶ
1199 561 1478 642 Ῥῆγμα
1521 564 1708 628 πόλις
1762 565 1868 628 καὶ
1921 564 2161 628 κόλπος
2216 564 2363 642 περὶ
2404 564 2523 626 τὸν
2566 562 2882 640 Περςικὸν
2926 562 3072 625 κόλ-

484 687 629 732 πον.
719 668 1003 747 δῆγμα,
1068 667 1381 747 δεῖγμα,
1438 668 1723 748 λῆμμα,
1777 665 2059 747 τύῖιμα,
2116 663 2331 747 οἶμα,
2387 664 2550 741 ὅπερ
2606 662 2732 727 ἑςτὶ
2786 666 3073 742 μονῆρες.

489 768 684 833 οὐδὲν
737 768 861 845 γὰρ
916 766 1004 830 εἰς
1061 769 1145 845 μᾶ
1201 769 1404 843 λῆγον
1461 767 1743 845 καθαρὸν
1811 767 2192 849 διςύλλαβον
2234 765 2608 843 ιούδέτερον
2663 765 2792 842 πρὸ
2848 764 3075 828 τέλους

485 870 615 948 ἔχει
658 871 776 948 τὴν
819 872 884 932 οῖ
929 868 1316 949 δίφθογγον,
1374 866 1540 932 ἀλλὰ
1586 868 1788 946 μόνον
1834 868 1910 931 τὸ
1969 865 2153 950 οἶμα,
2206 869 2282 932 τὸ
2338 868 2461 945 γὰρ
2520 864 2714 943 οἶδμα
2759 863 2838 929 οὐ
2883 869 3070 929 καθα·
3102 873 3134 922 5

486 975 696 1048 ρεῦον.
784 970 1048 1035 δύναται
1103 970 1227 1047 γὰρ
1282 969 1385 1033 καὶ
1439 967 1569 1033 ἀπὸ
1617 971 1968 1051 ςυμφώνου
2023 968 2320 1047 ἄρχεςθαί
2361 987 2504 1032 τινα
2546 967 2585 1045 ἢ
2638 965 2769 1030 ἀπὸ
2816 967 3072 1047 ςυμφώ·

486 1091 652 1153 νων,
693 1070 804 1136 ἵνα
846 1071 929 1152 μή
969 1092 1064 1136 τις
1109 1071 1296 1154 λέγῃ,
1325 1070 1438 1134 ’ὅτι
1483 1070 1646 1134 ἄλλο
1693 1069 1847 1148 οἶμα
1892 1069 2180 1148 ἐπιζητῶ.
2269 1070 2370 1133 διὸ
2415 1069 2611 1147 ἔθηκα
2654 1068 2783 1148 πρὸ
2827 1067 3073 1132 τέλους.

483 1209 569 1219 -
623 1173 702 1237 τὰ
759 1174 830 1237 δὲ
894 1172 1056 1251 ὑπὲρ
1121 1172 1241 1236 δύο
1308 1171 1622 1252 ςυλλαβὰς
1685 1170 2275 1253 προπαροξύνεται,
2341 1170 2670 1253 ποίημα,
2738 1168 3075 1250 ὄρυγμα,

485 1275 847 1356 τέλεςμα,
893 1273 1315 1355 μελέτημα,
1361 1273 1743 1355 βούλημα,
1790 1273 2103 1352 εὕρημα.
2194 1272 2442 1348 λέγεται
2487 1273 2592 1335 καὶ
2642 1270 2927 1349 εὕρεμα
2970 1270 3077 1334 διὰ
3182 1258 3189 1270 ’

485 1379 604 1439 τοῦ
649 1378 706 1439 ἒ·
774 1375 875 1440 καί
929 1374 1039 1439 εἰςι
1094 1376 1209 1454 μὲν
1254 1374 1355 1438 καὶ
1409 1372 1797 1453 ἀμφοτέρων
1844 1375 2122 1456 χρήςεις,
2179 1373 2479 1451 κρείττων
2525 1373 2597 1436 δὲ
2642 1373 2680 1451 ἡ
2728 1372 2832 1437 διὰ
2874 1376 2991 1436 τοῦ
3035 1376 3074 1449 ἦ
3117 1378 3179 1428 10

490 1477 581 1541 ώς
623 1475 755 1541 ἀπὸ
799 1475 1286 1555 περιςπωμένου
1329 1478 1447 1538 τοῦ
1492 1475 1693 1557 εὑρῶ,
1740 1473 1820 1539 οὗ
1864 1477 1980 1554 τὴν
2032 1475 2400 1553 περίςπαςιν
2455 1473 2701 1552 ἐλέγχει
2745 1473 2783 1536 ὁ
2829 1474 3076 1551 εὑρήςω

488 1578 770 1659 μέλλων,
826 1578 1216 1655 περιττεύων
1271 1580 1388 1639 τοῦ
1443 1576 1788 1641 ἐνεςτῶτος
1832 1579 1940 1658 μιᾷ
1984 1578 2278 1656 ςυλλαβῇ.
2365 1574 2648 1656 ὄνομα,
2705 1574 2743 1639 ὅ
2790 1575 2914 1638 ἐςτι
2962 1595 3075 1653 μο-

488 1681 693 1756 νῆρες.
769 1678 964 1742 οὐδὲν
1009 1680 1132 1756 γὰρ
1177 1677 1266 1742 εἰς
1311 1680 1394 1756 ᾗ
1440 1679 1640 1755 λῆγον
1686 1676 2035 1754 οὐδέτερον
2080 1676 2333 1741 ἁπλοῦν
2377 1676 2449 1740 ἐν
2492 1678 2630 1740 ταῖς
2674 1676 2804 1754 πρὸ
2847 1676 3076 1740 τέλους

490 1779 610 1843 δύο
656 1782 994 1858 ςυλλαβαῖς
1038 1779 1246 1843 διςςὸν
1291 1779 1423 1857 ἔχει
1466 1779 1542 1842 τὸ
1589 1781 1660 1860 ὃ,
1708 1778 1799 1842 ώς
1844 1780 2045 1856 δῆλον
2092 1778 2161 1841 ἐκ
2189 1782 2321 1842 τῶν
2352 1776 2701 1859 τοιούτων,
2745 1776 2929 1855 ποιίη
2943 1797 3074 1858 μα,

490 1880 771 1962 νόημα,
844 1880 1174 1961 δόνημα,
1235 1879 1578 1960 φίλημα,
1651 1878 2043 1961 ἀνάθημα,
2120 1879 2490 1960 φώνημα,
2565 1877 3076 1957 ςτεφάνωμα,
3118 1883 3178 1932 15

491 1981 888 2063 χρύςωμα,
932 1981 1276 2062 κώλυμα,
1322 1980 1595 2062 ἔλυμα,
1650 1979 1896 2060 ἔρυμα
1939 1980 2042 2045 καὶ
2096 1979 2259 2044 ἄλλο
2305 1979 2530 2059 μυρίον
2575 1981 2821 2055 πλῆθος
2863 1978 3079 2043 τοιού-

489 2101 638 2146 των·
677 2082 1018 2161 ὀνομάτων
1078 2081 1485 2175 ἀδιάπτωτον
1550 2084 1724 2146 ποιεῖ
1786 2082 1906 2146 τὸν
1960 2080 2219 2146 κανόνα.
2307 2082 2509 2157 δῆλον
2579 2080 2670 2143 ὡς
2732 2080 2808 2143 τὸ
2869 2079 3079 2157 ὄνομα

365 2244 381 2263 ,
490 2182 767 2261 μονῆρές
810 2183 963 2247 ἑςτι·
1010 2183 1112 2247 καὶ
1155 2183 1278 2260 γὰρ
1322 2182 1363 2260 ἥ
1405 2203 1475 2247 τε
1519 2183 1695 2261 τρίτη
1741 2181 1874 2246 ἀπὸ
1917 2183 2146 2247 τέλους
2186 2181 2262 2246 τὸ
2309 2186 2347 2244 ὃ
2393 2181 2523 2260 ἔχει
2569 2182 2671 2245 καὶ
2723 2180 2762 2258 ἡ
2807 2182 2934 2258 πρὸ
2980 2180 3077 2243 τέ-

492 2286 663 2348 λους.
751 2284 1002 2348 Αἰολεῖς
1058 2285 1129 2348 δὲ
1185 2282 1394 2361 ὄνυμα
1459 2284 1759 2360 λέγοντες
1824 2283 1985 2347 αὐτὸ
2051 2281 2404 2347 ἀπολύουςι
2468 2285 2586 2346 τοῦ
2651 2281 3079 2360 προκειμένου

489 2385 775 2462 ἐλέγχου.
838 2385 1195 2462 πρόςκειται
1238 2390 1331 2468 τῷ
1376 2383 1596 2448 κανόνι
1642 2383 1917 2466 ἁπλοῦν,
1959 2383 2069 2448 ἵνα
2113 2385 2195 2463 μή
2231 2404 2326 2448 τις
2367 2387 2568 2448 ταῦτα
2610 2382 2876 2447 ςύνθετα
2919 2382 3079 2447 ὄντα
3113 2389 3183 2439 ‘20

495 2485 585 2549 ὡς
628 2483 1087 2550 ἀντιπίπτοντα
1132 2485 1461 2568 παρατάξῃ
1504 2488 1784 2562 ςυνεχῶς
1839 2485 1911 2548 ἐν
1954 2490 2029 2569 τῇ
2076 2485 2366 2568 ςυνηθείᾳ
2413 2484 2746 2567 λεγόμενα,
2794 2484 2961 2560 λέγω
3007 2485 3077 2547 δὲ

490 2586 568 2649 τὸ
611 2587 973 2665 πρόδομα
1015 2585 1053 2663 ἢ
1099 2585 1503 2667 πρόπομα,
1549 2585 1710 2663 ὅπερ
1754 2587 1859 2649 καὶ
1901 2586 2598 2673 πρόπωμαῖλέγεται.
2664 2584 2916 2650 τούτων
2953 2584 3075 2649 οὖν

495 2686 703 2752 οὕτως
746 2686 1032 2765 ἐχόντων
1078 2685 1254 2753 ἄξιόν
1301 2687 1426 2750 ἐςτι
1470 2690 1753 2770 ζητῆςαι,
1801 2687 1963 2750 διατί
2007 2686 2077 2751 ἐν
2120 2693 2213 2770 τῷ
2251 2687 2460 2768 ὄνομα
2504 2686 2567 2752 οἱ
2594 2688 2845 2752 Αἰολεῖς
2886 2686 2961 2751 τὸ
3007 2685 3077 2750 ἐν

496 2795 569 2871 τῇ
614 2789 1069 2873 παραληγούςῃ
1115 2791 1153 2851 ὀ
1198 2788 1479 2866 ἔτρεψαν
1525 2786 1616 2853 εἰς
1657 2790 1734 2853 τὸ
1779 2789 1817 2851 s)
1865 2787 2010 2853 οἷον
2054 2788 2261 2869 ὄνυμα
2304 2790 2406 2854 καὶ
2449 2791 2530 2869 μὴ
2574 2790 2650 2853 τὸ
2682 2788 2751 2853 ἐν
2798 2795 2873 2872 τῇ
2917 2809 3078 2866 προ·

494 2890 950 2975 παραληγούςῃ
1007 2888 1153 2954 οἷον
1208 2889 1430 2968 ὔνομα
1517 2889 1720 2954 ’Έςτιν
1765 2889 1888 2954 οὖν
1932 2890 2134 2956 εἰπεῖν
2189 2892 2304 2954 τὰς
2347 2889 2545 2955 αἰτίας
2585 2889 2849 2954 ταύτας·
2901 2894 3077 2968 πρῶ·
3113 2897 3179 2946 25

492 3011 609 3055 τον
666 2993 782 3070 μὲν
826 2991 924 3055 ὅτι
967 2993 1043 3056 τὸ
1090 2990 1160 3055 ἐν
1205 2998 1281 3076 τῇ
1326 2991 1783 3074 παραληγούςη
1829 2996 1869 3053 ὃ
1911 2992 2172 3069 γνήςιόν
2204 2991 2398 3073 ἐςτιν,
2444 2989 2576 3055 ἀπὸ
2606 2992 2728 3069 γὰρ
2759 2994 2877 3054 τοῦ
2907 2990 3078 3069 νέμω

492 3093 723 3168 γέγονε
767 3092 933 3172 νόμα
976 3093 1080 3156 καὶ
1122 3092 1280 3156 κατὰ
1324 3093 1728 3171 πλεοναςμὸν
1773 3096 1891 3157 τοῦ
1937 3095 1975 3157 ὃ
2021 3092 2259 3175 ὄνομα,
2314 3095 2390 3158 τὸ
2436 3094 2507 3156 δὲ
2560 3092 2631 3156 ἐν
2674 3098 2751 3176 τῇ
2796 3092 3078 3177 ἀρχούςῃ

495 3193 626 3257 ἀπὸ
670 3197 1078 3271 πλεοναςμοῦ
1103 3193 1303 3258 ἐςτιν.
1392 3192 1642 3258 ἄτοπον
1688 3194 1759 3257 δέ
1804 3194 1930 3258 ἐςτι
1975 3196 2051 3259 τὸ
2096 3193 2227 3259 ἀπὸ
2279 3197 2688 3274 πλεοναςμοῦ
2742 3196 3079 3276 τραπῆναι,

492 3293 602 3357 ἵνα
645 3294 944 3372 εὑρεθῶςι
990 3295 1110 3358 δύο
1157 3295 1360 3376 πάθη,
1406 3296 1809 3373 πλεοναςμὸς
1853 3296 1956 3359 καὶ
1997 3296 2224 3375 τροπή.
2286 3296 2591 3374 δεύτερον
2637 3297 2708 3361 δὲ
2753 3295 2851 3360 ὅτι
2895 3298 2998 3359 καὶ
3040 3295 3078 3358 ὁ

449 3413 456 3418 ·
496 3397 813 3474 χαρακτὴρ
859 3394 1112 3460 ἀπαιτεῖ
1154 3398 1229 3461 τὸ
1274 3395 1345 3460 ἐν
1389 3401 1465 3479 τῇ
1509 3397 1966 3481 παραληγούςῃ
2012 3401 2050 3461 ὁ
2094 3399 2425 3475 τραπῆναι.
2496 3397 2711 3478 πολλὰ
2753 3396 2876 3476 γάρ
2928 3388 3080 3483 εἰςιν
3116 3403 3183 3455 30

497 3496 584 3559 εἰς
627 3495 1024 3574 ἃούδέτερα
1065 3497 1169 3560 διὰ
1212 3501 1330 3561 τοῦ
1374 3500 1509 3575 ῦιῖὰ
1566 3498 1964 3577 ἐκφερόμενα
2020 3496 2165 3562 οἷον
2219 3498 2511 3580 κώλυμα,
2566 3497 2799 3580 ἔρυμα,
2853 3501 3078 3580 κῦμα,

496 3600 675 3676 θῦμα.
751 3596 957 3660 οὕτως
1002 3596 1123 3661 οὖν
1167 3600 1270 3661 καὶ
1312 3597 1535 3677 ὄνομα
1610 3600 1711 3663 καὶ
1752 3600 1990 3664 τούτου
2036 3599 2222 3678 χάριν
2264 3599 2340 3662 τὸ
2388 3599 2456 3664 ἐν
2502 3605 2577 3683 τῇ
2622 3598 3079 3683 παραληγούςῃ

496 3698 736 3776 ἐτράπη
780 3698 883 3761 καὶ
927 3697 1007 3761 οὐ
1050 3698 1127 3762 τὸ
1172 3698 1243 3763 ἐν
1285 3706 1361 3782 τῇ
1406 3698 1703 3784 ἀρχούςῃ.

547 3881 552 3886 ¹
665 3800 765 3863 Εἰς
809 3802 852 3861 ἃ
896 3797 1136 3878 μακρὸν
1192 3800 1231 3877 ἢ
1277 3800 1365 3863 εἰς
1417 3802 1456 3877 ἦ
1503 3800 1610 3864 ἐπὶ
1652 3801 1861 3880 ἑνικῆς
1904 3802 2151 3867 εὐθείας
2194 3801 2513 3880 ὀνόματος
2564 3801 2914 3880 οὐδετέρου
2960 3802 3079 3867 οὐκ

498 3900 663 3963 ἐςτιν
707 3900 948 3978 εὑρεῖν·
1015 3899 1091 3962 τὸ
1146 3900 1268 3978 γὰρ
1324 3899 1518 3978 κάρα
1571 3899 1703 3966 ἀπὸ
1759 3907 1878 3967 τοῦ
1932 3904 2215 3982 κάρανον
2270 3905 2374 3968 καὶ
2426 3905 2503 3967 τὸ
2548 3903 2741 3982 κάρη
2786 3902 2918 3967 ἀπὸ
2962 3907 3079 3966 τοῦ
3115 3911 3179 3962 35

499 3999 778 4078 κάρηνον
825 3999 1272 4065 ἀποκέκοπται.
1360 4002 1436 4065 τὸ
1480 4001 1604 4081 γὰρ
1649 4004 1845 4081 καρή
1891 4004 2203 4070 ὀξύτονον
2234 4005 2524 4083 ,θηλυκόν
2570 4004 2751 4069 ἐςτιν.

497 4187 630 4237 item
666 4184 852 4250 ῥῆγμα
891 4193 947 4237 et
981 4185 1219 4250 Ῥῆγμα,
1256 4186 1440 4252 δῆγμα
1475 4215 1541 4223 -
1576 4186 1765 4251 τύμμα
1803 4205 1870 4239 ex
1907 4190 2152 4255 Theogn.
2192 4192 2275 4249 77,
2314 4191 2395 4252 16,
2432 4189 2568 4252 οἶμα
2604 4206 2672 4240 ex
2707 4190 2854 4239 Mon.
2878 4191 2961 4251 37,
2997 4192 3079 4240 24.

497 4254 531 4309 l.
568 4258 601 4304 9
636 4252 875 4318 τέλεςμα
911 4282 976 4290 -
1014 4254 1267 4320 βούλημα
1301 4256 1511 4306 inserui
1549 4271 1615 4306 ex
1651 4256 1895 4321 Theogn.
1933 4259 2013 4317 77,
2051 4260 2134 4308 23.
2204 4256 2419 4322 εὕρημα
2455 4274 2522 4308 ex
2564 4257 2673 4306 levi
2719 4274 2787 4307 ex
2822 4258 3081 4308 Eustath.

501 4325 658 4385 1809,
697 4325 784 4379 52,
838 4323 898 4372 in
945 4338 1051 4387 quo
1096 4321 1212 4373 loco
1258 4339 1355 4388 pro
1399 4321 1666 4389 ἐπικρίνει
1725 4323 1940 4386 μᾶλλον
1985 4323 2326 4388 Ἡρωδιανὸς
2369 4325 2478 4390 τὴν
2522 4273 2610 4375 gt&
2654 4327 2758 4376 τοῦ
2804 4328 2842 4390 ἦ
2888 4326 3082 4390 scripsi

499 4387 774 4454 κρείττων
809 4389 870 4440 δὲ
907 4388 959 4454 ἡ.
998 4416 1062 4425 -
1101 4390 1136 4441 1.
1177 4393 1237 4440 12
1275 4390 1454 4453 ὄνομα
1488 4417 1555 4428 -
1593 4391 1629 4444 1.
1655 4394 1720 4441 22
1758 4390 2045 4455 πρόπωμα
2081 4391 2303 4454 λέγεται
2339 4394 2575 4459 apposui
2611 4408 2677 4442 ex
2714 4394 2858 4444 Mon.
2885 4396 2968 4454 29,
2999 4395 3077 4455 12,

499 4473 617 4507 cum
653 4473 761 4522 quo
796 4458 914 4509 loco
952 4460 1207 4522 congruit
1242 4458 1437 4510 Choer.
1462 4460 1579 4521 368,
1618 4461 1665 4520 7,
1705 4475 1873 4525 quare
1910 4459 2099 4510 addidi
2137 4476 2277 4524 quae
2316 4455 2405 4526 ap.'
2441 4461 2709 4511 Choerob.
2747 4465 3077 4526 sequuntur:

496 4523 723 4576 τούτων
759 4524 862 4577 οὖν
898 4524 1086 4577 οὕτως
1122 4524 1376 4589 ἐχόντων
1411 4543 1584 4593 usque
1621 4528 1693 4578 ad
1728 4527 1890 4577 finem
1927 4529 2169 4579 canonis.
2226 4529 2381 4578 Haec
2418 4529 2628 4579 habent
2663 4529 2830 4579 etiam
2867 4529 2924 4577 in
2959 4530 3078 4579 bre·

501 4593 621 4643 vius
665 4600 951 4644 contracta
985 4595 1163 4659 Epim.
1202 4594 1291 4646 Cr.
1328 4595 1354 4645 1
1393 4597 1509 4649 327.
1650 4595 1683 4649 1.
1723 4598 1789 4645 34
1835 4597 2006 4647 verba
2053 4593 2131 4646 εἰς
2168 4599 2204 4646 fi
2241 4596 2455 4660 μακρὸν
2500 4611 2673 4659 usque
2719 4597 2789 4645 ad
2836 4593 3080 4659 κάρανον

500 4660 618 4723 καὶ,
666 4676 806 4725 quae
854 4662 1057 4712 absunt
1101 4663 1171 4712 ab
1209 4663 1472 4724 ArcadiO,
1521 4664 1730 4729 sumpsi
1774 4680 1841 4713 ex
1879 4663 2123 4728 Theogn.
2167 4666 2287 4726 120,
2326 4667 2392 4713 24
2438 4668 2493 4714 et
2529 4664 2617 4726 78,
2655 4666 2742 4714 28.
2786 4663 3081 4718 ,Arcadius

501 4727 670 4777 habet
712 4727 781 4779 τὸ
817 4727 958 4794 κάρη
1004 4727 1119 4780 ἀπὸ
1163 4732 1266 4781 τοῦ
1314 4729 1454 4795 κάρα
1500 4730 1728 4796 γέγονε,
1775 4731 1875 4782 sed
1920 4731 2160 4795 praetuli
2206 4732 2547 4798 Theognosti
2593 4735 2919 4796 scripturam
2963 4728 3079 4783 ἀπὸ

571 4845 950 4881 εειιουιηνε.
990 4832 1033 4883 1.
2588 4812 2674 4880 23
