3664 5546
1194 421 1355 478 περι
1395 417 1788 475 κΑοοΛικΗς
1823 389 2248 474 προςΩιΔιΑς
2289 417 2347 472 κ.
2930 415 3051 483 521

632 594 781 658 Πᾶν
845 593 1150 671 δίχρονον
1216 591 1285 657 ἐκ
1349 590 1630 669 κράςεως
1694 590 1774 656 ὂν
1843 587 2211 670 ἐκτείνεται,
2281 587 2491 653 ἀέκων
2555 587 2796 670 ἄκων,
2862 589 3058 667 κρέαα

467 695 682 776 κρέα,
728 695 924 773 κέραα
968 694 1180 772 κέρα·
1228 693 1282 758 εἰ
1326 693 1544 772 μέντοι
1588 690 1933 770 ἀποκοπήν
1972 711 2121 755 τινα
2165 690 2407 758 δέξεται
2451 693 2562 768 τῆς
2598 692 2681 755 τᾶ
2725 692 3055 771 ςυλλαβῆς,

466 801 583 863 τοῦ
629 797 863 874 κέρατα
906 795 1059 874 κέρα
1097 796 1200 859 καὶ
1242 795 1474 872 κρέατα
1519 793 1672 871 κρέα
1703 792 2205 872 ςυνεςταλμένον
2241 792 2369 858 ἐςτὶ
2396 792 2472 857 τὸ
2506 793 2828 871 δίχρονον.
2886 792 3056 857 Θέτιι

468 899 647 964 Θέτι
695 897 946 961 «πάντα
977 897 1126 961 Θέτι
1156 895 1651 978 καλλιπλοκάμῳ
1683 893 1757 976 (C
1785 893 1973 977 407),
2020 896 2186 973 μήτιι
2231 895 2405 973 μήτι
2453 895 2635 973 «μήτι
2680 894 2750 958 δ’
2790 892 3056 972 ἡνίοχος

468 999 932 1078 περιγίγνεται»
990 998 1079 1078 (Ψ
1122 995 1308 1078 318),
1364 997 1583 1075 μάςτι
1640 995 1728 1078 (Ψ
1769 995 1957 1078 500),
2015 995 2165 1060 Χίος
2213 995 2386 1061 Χίιος
2429 996 2533 1060 καὶ
2578 995 2794 1079 Χῖος,
2850 993 3057 1073 ἱερεύς
3089 999 3124 1051 ὓ

467 1100 712 1181 ἱρεύς,
766 1099 969 1182 ἴρηξ,
1025 1099 1090 1163 οἱ
1142 1100 1363 1164 νέκυες
1417 1096 1480 1162 οἱ
1535 1097 1763 1163 νέκυς
1818 1098 1975 1162 τοὺς
2028 1098 2258 1163 νέκυας
2309 1097 2497 1162 τοὺς
2556 1097 2784 1162 νέκυς
2830 1096 2940 1160 «ἐκ
2985 1098 3056 1161 δὲ

467 1201 653 1267 νέκυς
698 1200 897 1266 οἴκων
943 1200 1232 1280 φόρεον»
1280 1197 1436 1281 (Od.
1469 1220 1523 1263 ω
1551 1197 1739 1281 417),
1787 1198 1851 1264 οἱ
1891 1200 2149 1281 βότρυς,
2195 1198 2483 1277 ἐρύεςθαι
2530 1197 2801 1277 ῥῦςθαι
2855 1198 3056 1262 «πάν-

466 1323 598 1368 των
643 1302 1007 1381 ἀνθρώπων
1055 1301 1273 1381 ῥῡςθαι
1315 1301 1547 1379 γενεήν
1586 1289 1656 1365 τε
1700 1300 1896 1366 τόκον
1940 1297 2209 1382 τε»”(Ι1.
2233 1299 2286 1364 O
2314 1298 2494 1382 147),
2540 1300 2845 1365 δαινύατο
2891 1304 3054 1363 δαν·

467 1408 660 1469 νῦτο
704 1410 819 1487 «τῇ
866 1402 1097 1488 δεκάτῃ
1142 1403 1214 1468 δέ
1259 1423 1328 1468 κε
1373 1403 1697 1482 θάπτομεν
1743 1402 2008 1467 δαινῦτό
2052 1422 2122 1467 τε
2166 1402 2363 1466 λαός»
2410 1399 2493 1483 (Ω
2536 1399 2723 1483 665),
2769 1404 3054 1466 λελῦτο

467 1507 538 1571 δὲ
592 1507 743 1581 γυῖα
795 1504 1099 1570 ἑκάςτου»
1158 1501 1316 1587 (od.
1363 1525 1396 1568 ς
1439 1502 1626 1586 237),
1683 1507 1861 1586 χοᾶ,
1918 1504 2264 1582 Ἐρετριᾶ
2316 1503 2655 1581 Πειραιᾶ
2716 1501 3055 1584 (τειριᾶ,
3096 1506 3158 1558 10

469 1607 718 1686 εὐφυᾶ
763 1609 1033 1689 διφυᾶ,
1067 1605 1374 1671 εὐκλεᾶ.
1420 1606 1496 1671 τὸ
1528 1606 1743 1685 μέντοι
1777 1605 2165 1692 «ῥπερδέα
2195 1608 2399 1683 δῆμον
2431 1603 2740 1682 ἔχοντας»
2772 1603 2850 1685 (Ρ
2878 1601 3055 1684 330),

468 1710 570 1773 καὶ
615 1708 985 1773 «δυςκλέα
1026 1708 1259 1785 Ἀργος
1303 1707 1577 1772 ἱκέςθαι»
1623 1708 1700 1788 (Β
1750 1705 1932 1789 115),
1988 1707 2092 1771 καὶ
2137 1705 2419 1785 «νηλέα
2474 1706 2718 1785 θυμόν»
2765 1706 2836 1786 (Γ
2878 1703 3054 1786 229),

470 1810 588 1876 οὐκ
633 1809 759 1874 ἔςτι
804 1810 963 1873 κατὰ
1005 1811 1254 1891 κρᾶςιν,
1300 1807 1469 1873 ἀλλὰ
1512 1809 1670 1873 κατὰ
1712 1807 1967 1873 ἔνδειαν
2011 1812 2130 1873 τοῦ
2175 1807 2321 1872 ἑνὸς
2365 1808 2413 1871 ἒ.

633 1929 671 1965 ff
717 1911 863 1975 Πᾶν
907 1910 1212 1989 δίχρονον
1258 1909 1413 1987 ἔχον
1458 1910 1913 1988 διπλαςιαςμὸν
1970 1909 2373 1990 ἀμεταβόλου
2428 1907 2907 1988 ἐπιφερομένου
2953 1930 3056 1973 ςυ-

468 2014 823 2078 ςτέλλεςθαι
878 2013 1080 2093 θέλει,
1133 2012 1569 2093 Πράξιλλα,
1624 2010 2079 2093 Τελέςιλλα,
2147 2010 2428 2092 ἄμμος,
2491 2010 2860 2092 Κόριννα,
2920 2009 3055 2074 ἄλ·
3096 2015 3158 2067 15

470 2118 635 2196 λος,
689 2113 1014 2195 γάλλος,
1069 2114 1388 2195 θαλλός,
1445 2113 1736 2196 θάλλω,
1791 2113 2093 2196 πάλλω,
2154 2112 2526 2193 ἅλλομαι,
2572 2110 3054 2193 ἀγάλλομαι,

468 2215 778 2294 πυρρός.
866 2216 1253 2293 παραλόγως
1298 2214 1418 2280 οὖν
1464 2215 1757 2279 ἐκτέτατο
1800 2215 1879 2280 τὸ
1924 2218 2237 2293 μᾶλλον.
2324 2215 2399 2281 τὸ
2445 2215 2517 2279 δὲ

1073 2317 1300 2398 ἄλλα,
1346 2317 1428 2395 μὴ
1474 2316 1832 2394 μεγαλύνεο
1879 2314 2191 2380 δακτυλίω
2235 2316 2380 2395 πέρι

468 2421 569 2484 καὶ

1072 2519 1350 2602 ἄλλαν,
1396 2520 1537 2598 μήτι
1582 2520 1725 2583 κατ’
1768 2517 2127 2599 ἀμμετέραν
2172 2519 2385 2600 φρένα
3091 2522 3161 2574 20

469 2642 569 2686 και

1033 2723 1238 2807 ,ἅβρα
1282 2721 1473 2803 δηῦτε
1516 2721 1689 2808 πάχῃ
1736 2723 1943 2808 ςπόλᾳ
1994 2721 2347 2804 ἀλλόμαν

469 2827 625 2891 κατὰ
669 2826 1000 2892 διάλεκτόν
1047 2825 1230 2891 ἐςτιν.
2536 2908 2555 2918 ³

637 2951 675 2986 ιι
719 2927 808 2993 Τὸ
854 2927 896 2992 ἆ
937 2928 977 3006 ἡ
1023 2927 1299 3004 ςτέρηςις
1344 2927 1774 2993 ςυςτέλλεςθαι
1819 2929 2021 3010 θέλει,
2067 2927 2391 3010 ἄκακος,
2448 2928 2814 3008 ἆςεμνος,
2870 2926 3055 3007 ἄφι-

468 3034 617 3095 λος.
662 3030 739 3095 τὸ
783 3031 907 3108 γὰρ
952 3028 1349 3116 ἀθάνατος
1395 3031 1496 3093 καὶ
1540 3028 1939 3108 ἀκάματος
1982 3030 2300 3096 ἐξέτειναν
2345 3032 2420 3095 τὸ
2467 3032 2509 3094 ἇ
2553 3031 2656 3094 διὰ
2698 3030 2812 3094 τὰς
2857 3029 3053 3094 ἐπαλ-
3091 3036 3157 3085 25

469 3134 665 3211 λήλας
707 3133 1006 3217 τέςςαρας
1053 3132 1374 3213 βραχείας,
1421 3131 1487 3195 αἵ
1528 3151 1694 3196 τινες
1740 3131 1958 3196 ἄθετοί
2002 3132 2157 3197 εἰςιν
2202 3131 2292 3197 εἰς
2334 3132 2615 3210 ἡρωϊκὸν
2660 3132 2909 3210 μέτρον.

634 3233 723 3299 Τὸ
769 3235 969 3311 ᾶπρὸ
999 3237 1117 3297 τοῦ
1164 3219 1654 3315 βςυςτέλλεται,
1702 3232 2025 3314 ῥάβδος,
2069 3233 2506 3315 Λάβδακος,
2554 3232 2827 3315 βλάβη,
2875 3230 3055 3312 βλά-

469 3340 631 3416 βος,
662 3337 1020 3416 Ἄβυδος,
1069 3335 1435 3416 ςτραβός,
1479 3336 1734 3416 Ἀβος,
1780 3335 2047 3417 άβρός,
2092 3336 2500 3418 Ἀβδηρος,
2548 3334 3054 3417 Ἀβαρβαρέη,

466 3438 968 3517 ἐπιγράβδην.
1058 3435 1138 3500 οὐ
1184 3435 1445 3515 μάχεται
1490 3437 1566 3500 τὸ
1613 3435 1653 3499 ἆ
1698 3436 1904 3517 βάλε.
1995 3436 2115 3501 δύο
2159 3437 2281 3514 γὰρ
2328 3437 2484 3515 μέρη
2531 3438 2733 3512 λόγου
2776 3435 2903 3500 είςί.
2976 3437 3053 3500 τὸ
3098 3449 3111 3455 ’

468 3541 538 3603 δ“ε
583 3538 1000 3620 ἁβάςομεν,
1059 3537 1352 3618 ἄναβος
1398 3539 1555 3602 κατὰ
1599 3538 1936 3602 διάλεκτον
1982 3537 2240 3614 ἐγένετο
2285 3536 2356 3601 ἐκ
2408 3541 2525 3602 τοῦ
2580 3537 2895 3618 ἡβήςομεν
2953 3538 3055 3601 καὶ
3092 3542 3160 3593 30

472 3637 725 3717 ἄνηβος.

640 3738 730 3803 Τὸ
775 3743 817 3803 ἆ
860 3738 987 3816 πρὸ
1016 3744 1135 3804 τοῦ
1179 3744 1219 3819 μ
1251 3740 1676 3822 ςυςτέλλεται,
1721 3739 2043 3822 ἅμιλλα,
2088 3740 2443 3825 ἀμύμων,
2489 3741 2668 3825 ἅμα,
2713 3740 3053 3823 ἀμύςςω,

474 3838 751 3920 ἅμαξα,
798 3838 1078 3921 ἀμνός,
1124 3841 1410 3924 ἀμάρα,
1456 3840 1803 3926 ἄμυςτις,
1850 3841 2211 3926 ἄμεινον,
2257 3843 2468 3926 ἀμίς,
2519 3842 2819 3924 ἀμύνω,
2864 3841 3053 3921 ἄμα-

473 4043 882 4108 ριὀᾱιιοιατιιιιι,
919 4046 1016 4096 sed
1054 4047 1220 4096 etiam
1259 4050 1630 4111 correpturum
1665 4048 1938 4098 vocalium
1973 4049 2030 4097 in
2066 4048 2428 4113 sequentibus
2464 4051 2864 4112 proponuntur.

475 4112 508 4161 Ι.
552 4115 574 4160 1
615 4112 808 4163 Arcad.
845 4116 961 4175 196,
1002 4116 1081 4164 17.
1148 4111 1337 4164 ἀέκων
1373 4141 1437 4149 -
1474 4112 1542 4163 τὸ
1580 4112 1842 4179 δίχρονον
1877 4115 1913 4165 l.
1950 4118 1980 4166 3
2018 4132 2085 4165 ex
2121 4115 2311 4169 Dichr.
2335 4115 2453 4176 282,
2490 4117 2523 4164 4
2558 4114 2818 4179 apposui,
2854 4129 2923 4163 ex
2959 4113 3053 4164 iis·

472 4179 591 4229 dom
628 4177 759 4231 Θέτι
797 4180 1044 4246 explevi,
1084 4178 1214 4245 μήτι
1252 4181 1469 4237 addidi;
1509 4178 1667 4242 μάςτι
1704 4210 1769 4217 -
1806 4181 1936 4233 Χῖος
1975 4199 2043 4233 ex
2081 4184 2159 4233 St.
2197 4185 2259 4232 B.
2297 4182 2422 4243 693,
2468 4184 2554 4243 14,
2594 4185 2947 4246 praeceptum
2985 4180 3053 4232 do

368 4307 386 4315 -
467 4245 596 4298 Χῖος
631 4249 906 4313 praebent
943 4248 1110 4297 etiam
1147 4249 1369 4313 regulae
1403 4248 1630 4299 Prosod.
1667 4251 1967 4301 Hermann.
1990 4251 2108 4311 426,
2145 4252 2226 4299 27.
2261 4274 2327 4283 -
2363 4247 2399 4297 l.
2423 4251 2454 4297 6
2490 4246 2625 4299 τοὺς
2660 4247 2825 4299 νέκυς
2861 4248 3055 4298 addidi

467 4330 532 4365 ox
568 4313 635 4368 ΙΙ.
662 4317 752 4365 Pr.
788 4314 846 4365 Μ
883 4316 1011 4372 286,
1052 4331 1118 4364 ex
1155 4330 1261 4380 quo
1298 4315 1419 4366 loco
1456 4317 1622 4365 etiam
1649 4315 1845 4378 ῥῡςθαι
1870 4315 2116 4381 explevi,
2154 4315 2385 4367 δαινῠτο
2410 4320 2468 4366 et
2492 4316 2701 4367 λελῦτο
2729 4316 3054 4382 deprompta

470 4388 597 4432 sunt
634 4397 700 4431 ex
735 4382 802 4431 11.
839 4383 928 4433 Pr.
965 4378 1011 4430 Ω
1044 4383 1170 4443 665,
1209 4380 1324 4433 Χοᾶ
1358 4410 1424 4417 -
1463 4379 1678 4445 (τειριᾶ
1715 4399 1781 4433 ox
1817 4382 2003 4433 Diehr.
2037 4386 2152 4443 291,
2194 4386 2285 4446 14,
2321 4381 2493 4446 διφυᾶ
2529 4399 2597 4435 ex
2630 4383 2695 4434 11.
2727 4384 2816 4433 Pr.
2855 4381 2900 4435 Θ
2937 4385 3054 4434 441.

468 4476 533 4485 —-
578 4451 662 4500 De
707 4446 945 4499 δυςκλέα
990 4448 1062 4500 cf.
1109 4448 1173 4497 11.
1222 4449 1310 4499 Pr.
1359 4447 1399 4501 Β
1449 4452 1569 4499 115ε
1626 4449 1965 4501 ςυςταλτέον
2008 4451 2117 4514 τὴν
2166 4448 2499 4501 τελευταίαν
2542 4453 2645 4501 τοῦ
2694 4450 2930 4502 δυςκλέα
2974 4450 3053 4503 ὡς

468 4513 834 4580 ἀμφηρεφέα,
873 4511 1086 4576 ὁμοίως
1120 4518 1206 4580 τῷ
1242 4514 1417 4568 ἀκλέα
1451 4514 1691 4579 ἀνδρῶν.
1760 4518 1832 4572 of.
1871 4518 2008 4569 Lob.
2046 4518 2131 4572 El.
2171 4520 2195 4568 1
2231 4520 2347 4568 264.
2483 4519 2521 4569 l.
2562 4520 2625 4568 14
2659 4518 2846 4569 Dichr.
2873 4521 2994 4581 292,
3022 4523 3051 4570 7

469 4585 592 4638 coll.
631 4585 774 4635 Mon.
810 4584 894 4639 26,
933 4584 1013 4633 13.
1150 4582 1185 4631 l.
1220 4585 1287 4633 24
1321 4583 1510 4636 Diohr.
1536 4586 1653 4635 295.
1789 4585 1826 4634 l.
1864 4586 1928 4635 27
1967 4584 2113 4652 apud
2148 4585 2441 4637 Arcadium
2477 4604 2529 4653 p.
2568 4588 2682 4649 195,
2720 4588 2787 4637 26
2824 4586 2931 4638 duo
2965 4602 3052 4637 oa-

470 4683 641 4718 nones
667 4667 1062 4718 Dichronorum
1104 4666 1381 4717 coniuncti
1419 4670 1546 4717 sunt
1579 4666 1649 4719 τὸ
1683 4670 1721 4719 ’ἃ
1755 4667 1868 4733 πρὸ
1905 4671 2009 4721 τοῦ
2048 4671 2078 4733 β
2114 4669 2149 4733 ἢ
2184 4670 2254 4733 Π,
2302 4686 2438 4735 quos
2484 4672 2724 4727 seiuuxh
2773 4671 2831 4720 in
2869 4671 3051 4736 priore

470 4751 536 4785 ex
570 4735 759 4786 Dichr.
785 4736 900 4793 296,
937 4737 1004 4785 24
1038 4733 1231 4786 addidi
1268 4731 1468 4797 βλάβος
1505 4750 1678 4801 usque
1715 4736 1787 4786 ad
1823 4734 1981 4787 finem
2017 4753 2149 4789 exce
2194 4738 2265 4787 tis
2300 4736 2573 4803 Ἄβδηρος
2609 4764 2678 4774 -
2712 4736 3051 4804 ἐπιγράβδην

471 4817 610 4866 quae
656 4808 782 4854 suut
829 4818 896 4853 ex
943 4803 1007 4857 11.
1045 4803 1134 4853 Pr.
1169 4799 1215 4853 Ω
1249 4804 1371 4859 343;
1418 4804 1476 4853 in
1513 4804 1818 4868 posteriore
1864 4806 2100 4872 apposui
2182 4805 2366 4870 μύςςω
2412 4833 2476 4842 -
2521 4803 2707 4874 ἀμάρα
2751 4823 2821 4858 ex
2865 4806 3051 4871 Dichr,

469 4871 587 4934 297,
623 4872 680 4935 4,
719 4870 931 4941 reliqua
967 4887 1142 4941 usque
1178 4870 1251 4921 ad
1286 4869 1446 4921 finem
1484 4888 1552 4925 ox
1585 4873 1732 4924 Mon.
1767 4876 1854 4937 43,
1892 4877 1938 4927 1.
