3664 5546
1670 1420 1793 1485 ΤΑ
1874 1417 2027 1485 ΕΙ(
2103 1415 2156 1486 ν.

1717 1604 1989 1661 ΒΙΒΛΙΟΝ
2029 1598 2096 1659 α’.

793 1782 887 1847 Τὰ
943 1782 1031 1847 εἰς
1085 1785 1168 1846 {fv
1224 1780 1509 1859 λήγοντα
1560 1778 1734 1843 ἁπλᾶ
1798 1777 2087 1858 ὀνόματα
2142 1778 2468 1846 ὀξύνεςθαι
2535 1776 2735 1860 θέλει,
2798 1777 2910 1860 ἐπ’
2964 1775 3212 1843 εὐθείας

623 1884 925 1951 πτώςεως
997 1884 1078 1964 μὴ
1144 1884 1391 1962 τροπὴν
1458 1879 1895 1960 ἀναδεξάμενα
1961 1879 2092 1946 ἀπὸ
2147 1887 2278 1948 τῶν
2345 1880 2433 1947 εἰς
2485 1880 2571 1958 ἦν
2625 1880 2998 1962 βαρυτόνων
3065 1878 3210 1945 οἶον

622 1986 917 2069 Παιάν,
982 1985 1159 2068 Ἰάν,
1225 1982 1589 2065 Δωριάν,
1656 1982 2014 2067 Ἀλκμάν,
2082 1984 2336 2068 τιτάν,
2414 1984 2774 2050 πελεκάν.
2885 1982 3209 2062 Ἀθαμάν

562 2096 597 2147 5
627 2087 817 2155 ἔθνος
871 2088 1204 2170 Ἰλλυρίας,
1271 2085 1335 2151 οἱ
1389 2086 1462 2150 δὲ
1517 2084 1877 2150 Θετταλίας.
1976 2085 2194 2154 Ἀζάν
2249 2085 2288 2151 ὁ
2343 2087 2647 2166 Ἀρκάδος
2702 2087 2805 2151 καὶ
2857 2085 3046 2152 ἔθνος
3102 2088 3213 2163 τῆς

627 2190 982 2271 Ἀρκαδίας·
1028 2192 1278 2268 λέγεται
1322 2189 1395 2254 δὲ
1439 2188 1543 2253 καὶ
1584 2185 1786 2265 Ἀζήν.
1876 2188 2185 2268 Ἀγριάν
2239 2189 2429 2256 ἔθνος
2470 2189 2814 2272 Παιονίας,
2860 2187 2951 2254 ὥς
3006 2187 3076 2254 ἐν
3120 2192 3211 2271 τῷ

628 2293 1044 2375 ἐπιγράμματι
1088 2291 1399 2373 γραφέντι
1444 2288 1532 2355 εἰς
1578 2289 2033 2371 Νεοπτόλεμον
2077 2292 2342 2371 Πιςίδην
2368 2291 2600 2357 ,οὕτως

878 2395 1002 2475 εἰμὶ
1046 2394 1494 2472 Νεοπτόλεμος
1543 2392 1834 2476 Κρεςςοῦ,
1878 2397 2140 2471 τριςςῶν
2186 2394 2254 2459 δ’
2297 2394 2399 2459 ἕν’
2442 2392 2750 2474 ἀδελφῶν

973 2498 1238 2565 ἔςταςαν
1282 2496 1558 2578 Τλωεῖς,
1603 2497 1797 2559 κῦδος
1842 2495 1997 2575 ἐμὸν
2043 2496 2345 2576 δόρατος·

528 2604 592 2655 10
880 2600 1146 2667 οὕνεκεν
1189 2600 1282 2665 ὢν
1325 2596 1587 2664 Πιςίδας
1630 2597 1734 2661 καὶ
1774 2596 2063 2665 Παίονας
2106 2599 2221 2678 ἠδ’
2265 2599 2598 2679 Ἀργιᾶνας

971 2705 1075 2769 καὶ
1119 2702 1399 2770 Γαλάτας
1442 2699 1708 2767 τόςςους
1753 2697 2049 2768 ἀντιάςας
2093 2701 2369 2782 ςτόρεςα.

792 2927 829 2982 1.
868 2930 900 2978 5
945 2944 1044 2994 pro
1097 2925 1318 2992 δωρεάν
1364 2926 1628 2978 librorum
1682 2926 1958 2990 scriptura
2012 2940 2134 2976 cum
2177 2925 2464 2978 Lobeckio
2508 2926 2714 2977 Parall.
2762 2929 2858 2978 190
2893 2930 3007 2976 not.
3044 2928 3075 2975 2
3121 2941 3210 2977 ex-

623 2996 776 3047 hibui
821 2994 1051 3060 Δωριάν
1089 2995 1305 3062 (Steph.
1341 2996 1572 3060 Byzant.
1609 2996 1728 3057 253,
1764 2994 1850 3057 7),
1889 2993 2228 3045 Schmidtius
2270 2996 2508 3062 recepit,
2547 2995 2692 3060 quod
2728 2994 2875 3045 idem
2909 2995 3049 3048 Lob.
3089 3010 3209 3059 pro·

623 3065 811 3131 posuit
863 3062 1109 3129 Δαρειάν
1172 3079 1294 3114 cum
1351 3061 1605 3128 Ἀργειάν
1665 3061 2119 3127 comparandum;
2182 3060 2400 3127 longius
2453 3063 2641 3126 abest,
2705 3062 2849 3129 quod
2904 3062 3085 3114 Schm.
3137 3062 3210 3112 ad

623 3132 862 3198 Hesych.
900 3130 1149 3197 ὁρείονες
1188 3131 1533 3182 commendat
1576 3128 1762 3195 όρεάν.
1834 3130 2068 3180 Nomina
2112 3129 2241 3180 inde
2288 3132 2358 3181 ab
2399 3128 2645 3194 Ἀθαμάν
2687 3147 2862 3196 usque
2907 3130 2980 3181 ad
3015 3128 3208 3195 Φαράν

625 3199 697 3265 (p.
737 3203 801 3251 13
837 3200 873 3249 1.
898 3200 987 3262 23)
1025 3198 1218 3250 addidi
1255 3214 1323 3249 ex
1359 3198 1549 3265 Steph.
1576 3198 1830 3263 Byzant„
1873 3195 2117 3259 Ἀθαμάν
2153 3214 2221 3248 ex
2257 3214 2312 3264 p.
2338 3201 2423 3262 33,
2453 3202 2538 3261 10,
2575 3200 2675 3250 ubi
2712 3195 3015 3263 Ἀθαμανία
3051 3195 3209 3262 χώρα

628 3266 915 3333 Ἰλλυρίας,
953 3266 1007 3318 οἱ
1041 3267 1102 3319 δὲ
1139 3263 1453 3319 Θεςςαλίας.
1524 3264 1593 3317 τὸ
1630 3264 1856 3317 ἑθνικὸν
1894 3264 2200 3329 Ἀθαμᾶνες
2235 3271 2403 3332 atque
2439 3266 2585 3317 hunc
2619 3270 2677 3318 in
2712 3267 2929 3317 modum
2965 3267 3209 3332 reliquos

626 3335 778 3387 locos
816 3335 1083 3401 Stephani
1117 3334 1406 3386 immutavi
1443 3340 1504 3386 ut
1540 3334 1610 3385 ad
1646 3350 1778 3396 rem,
1817 3333 1885 3383 de
1923 3349 2030 3398 qua
2057 3349 2272 3400 quoque
2298 3335 2421 3386 loco
2446 3336 2651 3401 agitur,
2689 3335 3207 3388 accommodaretur.

628 3402 791 3457 Ἀζάν
827 3419 895 3454 ex
930 3406 1015 3466 30,
1057 3405 1135 3466 16,
1189 3399 1413 3466 Ἀγριάν
1447 3404 1531 3463 21,
1571 3403 1651 3452 17.
1719 3402 2118 3466 Neoptolemus
2154 3408 2340 3452 autem
2377 3408 2465 3453 est
2509 3405 2811 3469 imperator
2846 3403 3207 3464 Mithridatis,

626 3471 696 3522 de
741 3487 850 3536 qno
897 3472 1098 3523 Strabo
1145 3473 1235 3534 73,
1272 3472 1398 3532 307,
1444 3466 1637 3522 Αἰνιάν
1682 3471 1777 3533 51,
1824 3471 1857 3519 2
1904 3469 2108 3521 collato
2152 3470 2447 3522 Eustathio
2491 3472 2557 3522 11.
2604 3463 2662 3536 2,
2699 3474 2825 3534 749,
2871 3473 2959 3522 cui
3004 3471 3208 3522 similia.

625 3539 795 3590 habet
829 3539 894 3589 Ε.
927 3539 1005 3590 Μ.
1042 3540 1161 3602 599,
1201 3540 1281 3590 15.
1356 3535 1629 3602 Ἀκαρνάν
1666 3540 1751 3602 58,
1792 3541 1839 3601 1,
1874 3538 1973 3588 ubi
2010 3536 2284 3603 Ἀκαρνάν
2320 3537 2399 3590 ὡς
2437 3537 2627 3593 Αἰνιάν
2666 3537 2924 3592 Ἀτιντάν
2963 3537 3207 3602 Ἀθαμάν

628 3605 811 3660 Ἀζάν·
859 3605 1013 3658 ἁπλᾶ
1056 3604 1184 3672 γάρ·
1230 3605 1301 3658 τὸ
1347 3604 1674 3658 Τιτανόπαν
1718 3604 2005 3657 ςὺνθετον.
2088 3604 2326 3670 Ἀρκτάν
2371 3609 2496 3671 122,
2545 3612 2597 3671 1,
2647 3605 2907 3661 Ἀτιντάν
2954 3610 3077 3670 142,
3126 3610 3206 3670 14,

626 3673 886 3740 Βραχμάν
924 3676 1038 3739 184,
1077 3675 1158 3737 18,
1200 3672 1393 3726 Γινδάν
1429 3674 1545 3737 208,
1583 3676 1632 3736 6,
1668 3671 1869 3738 Δυμάν
1905 3676 2023 3737 240,
2059 3676 2116 3738 6,
2156 3675 2253 3726 ubi
2289 3676 2615 3728 exciderunt
2659 3692 2800 3742 quae
2838 3692 2884 3725 e.
2922 3692 2974 3727 v.
3017 3674 3207 3740 Ἀκαρ·

625 3741 789 3795 νανία
835 3759 894 3794 se
941 3743 1008 3794 de
1055 3744 1231 3794 forma
1275 3743 1429 3794 vocis
1477 3742 1752 3793 dicturum
1798 3758 1921 3793 esse
1968 3743 2291 3809 promiserat
2334 3744 2420 3795 his
2454 3744 2665 3797 verbis:
2703 3744 2833 3809 περὶ
2866 3745 2970 3795 τοῦ
3008 3742 3208 3807 Δύμαν

625 3808 926 3877 εἰρήςεται;
975 3812 1046 3864 cf.
1084 3810 1276 3862 Choer.
1315 3812 1468 3861 Dict.
1503 3811 1680 3863 Gaias.
1717 3813 1843 3873 271,
1882 3813 1970 3862 15:
2021 3811 2149 3875 περὶ
2196 3813 2299 3862 τοῦ
2347 3811 2574 3876 Δύμαν,
2623 3811 2738 3863 ἀπὸ
2775 3810 2941 3863 ποίας
2988 3809 3206 3864 εὐθείας

625 3878 792 3944 ἐςτίν,
830 3878 893 3931 ἐν
928 3882 1013 3945 τῷ
1049 3877 1371 3945 ὀνοματικῷ
1410 3877 1752 3943 Ἡρωδιανοῦ
1791 3877 2150 3943 μαθηςόμεθα
2187 3884 2243 3930 et
2279 3882 2369 3942 37,
2407 3883 2474 3931 20
2509 3879 2595 3943 (Ε.
2623 3880 2697 3932 M.
2733 3883 2852 3943 291,
2891 3879 2976 3943 17)
3013 3879 3207 3943 Δύμας

625 3946 939 4011 Δύμαντος.
1013 3945 1336 4011 Ἐγχελᾶνες
1383 3947 1488 4009 (sic
1532 3963 1653 3998 cum
1697 3948 1864 3997 Mein.
1909 3947 2110 4013 scripsi
2155 3964 2251 4012 pro
2291 3946 2634 4011 Ἐγγελᾶνες)
2672 3950 2796 4011 260,
2833 3950 2884 3999 5.
2955 3946 3208 4014 Εὐρυτάν

624 4017 741 4080 287,
778 4020 828 4068 3.
900 4015 1086 4068 Λυκάν
1121 4018 1238 4078 420,
1278 4018 1366 4078 17,
1404 4016 1499 4066 ubi
1533 4012 1773 4067 Λυκάων
1818 4015 1911 4066 καὶ
1947 4013 2134 4067 Λυκάν
2171 4014 2249 4067 ὡς
2286 4014 2574 4079 μεγιςτάν,
2658 4016 2769 4067 uod
2801 4018 3038 4080 mutavi,
3077 4017 3207 4101 quia

627 4083 887 4148 μεγιςτάν
931 4085 1041 4135 iam
1088 4089 1565 4135 commemoratum
1602 4088 1723 4135 erat
1761 4088 1819 4134 et
1854 4088 1945 4146 ut,
1993 4083 2139 4149 qnod
2182 4083 2262 4136 St.
2300 4085 2364 4134 Β.
2402 4088 2530 4147 323,
2571 4088 2596 4135 1
2674 4099 2706 4136 κ
2751 4087 2855 4135 τοῦ
2896 4083 3053 4136 Ἰάων
3118 4083 3206 4136 Ιάν

623 4153 822 4216 habet,
858 4153 1174 4204 insererem.
1246 4150 1440 4218 Φαράν
1477 4152 1603 4216 658,
1645 4155 1723 4204 12.
1799 4150 2034 4217 Ἀρετάν
2071 4168 2137 4203 ex
2174 4153 2240 4206 E.
2274 4153 2351 4203 M.
2390 4155 2513 4216 138,
2549 4155 2615 4204 22
2659 4153 2867 4216 adieci,
2915 4153 3009 4219 qui
3054 4152 3208 4205 locus

624 4238 691 4272 ex
727 4221 974 4288 pleniore
1011 4220 1283 4286 Stephani
1322 4219 1622 4286 exemplari
1655 4221 1882 4272 fluxisse
1917 4220 2164 4277 videtum
2213 4220 2707 4287 Philostephannm
2754 4226 2940 4273 antem
2985 4222 3208 4288 saepius

623 4291 693 4341 ab
730 4289 1051 4340 Herodiano
1095 4290 1152 4339 in
1190 4289 1559 4340 testimoninm
1594 4293 1855 4339 vocatum
1904 4304 2024 4340 esse
2070 4289 2128 4338 in
2163 4288 2578 4354 Prolegomenis
2620 4289 2875 4340 vidimus,
2945 4289 2990 4338 E
3037 4290 3205 4340 nomi-

625 4359 788 4409 nibus
834 4374 869 4407 a
915 4357 1199 4424 Stephano
1246 4357 1442 4413 relatis
1485 4357 1645 4407 omisi
1691 4354 1900 4409 (ὀανες
1946 4356 2109 4409 ἔθνος
2162 4356 2446 4422 ἀνδρεῖον,
2495 4356 2573 4409 ὡς
2619 4355 2887 4423 (τράβων
2933 4355 3203 4423 ἑνδεκάτῃ

624 4423 906 4492 «πληςίον
942 4423 1003 4476 δὲ
1041 4425 1131 4476 καὶ
1167 4424 1220 4477 οἱ
1256 4423 1506 4478 (όανες)
1542 4441 1594 4491 p.
1631 4425 1747 4483 581,
1788 4427 1843 4487 1,
1882 4428 2014 4491 quia
2046 4430 2314 4477 accentus
2348 4441 2456 4477 non
2494 4427 2747 4492 congruit
2793 4442 2916 4476 cum
2962 4426 3205 4490 reliquia,

624 4496 755 4561 quin
792 4494 1001 4545 diserte
1048 4494 1168 4544 eius
1213 4493 1540 4545 variationis
1583 4494 1789 4545 mentio
1839 4494 1991 4546 facta
2036 4495 2135 4555 sit3
2184 4510 2346 4560 porro
2392 4491 2665 4558 Φρίκανες
2712 4510 2764 4559 p.
2803 4496 2920 4553 672,
2956 4497 3014 4558 6,
3061 4494 3207 4560 quod

623 4563 789 4614 Mein.
824 4569 1004 4613 utrum
1042 4560 1313 4627 Φρικᾶνες
1349 4576 1423 4611 an
1458 4559 1747 4626 Φρίκωνες
1783 4562 2130 4613 scribendum
2168 4562 2243 4614 sit
2278 4562 2518 4616 dubitat.
2565 4561 2702 4614 Cum
2737 4559 2944 4614 (όανες
2980 4567 3208 4629 propter

625 4637 912 4682 accentum
960 4635 1242 4696 comparat
1285 4629 1531 4683 Lobeck.
1578 4629 1616 4681 l.
1657 4644 1704 4683 c.
1751 4628 2001 4695 ψάγδαν,
2047 4628 2210 4682 Εὔαν.
2280 4631 2502 4681 Profert
2547 4630 2695 4681 idem
2740 4631 2872 4682 ibid,
2916 4636 3207 4696 praeterea

627 4697 888 4764 μαριθάν,
927 4695 1129 4761 Αἰγάν,
1167 4697 1314 4763 quod
1359 4697 1558 4747 nititur
1603 4697 1661 4747 in
1708 4698 1999 4751 Strabonis
2050 4700 2169 4751 loco
2218 4701 2280 4750 13
2327 4713 2378 4764 p.
2414 4700 2513 4750 615
2559 4714 2751 4765 perum
2793 4698 3085 4751 intellecto
3131 4699 3206 4750 cf.

624 4769 791 4818 Mein.
837 4766 911 4817 ad
947 4767 1028 4817 St.
1066 4766 1129 4817 B.
1169 4782 1212 4820 a.
1258 4763 1396 4827 Αἰγά
1442 4765 1567 4825 (hoc
1612 4766 1758 4816 enim
1804 4782 2001 4817 nomen
2051 4767 2159 4818 fuit
2206 4767 2576 4833 promontorio
2612 4767 2888 4831 Aeolico);
2934 4767 2994 4818 in
3038 4766 3123 4818 El.
3160 4768 3203 4829 I,

623 4837 724 4886 278
749 4840 862 4887 not.
903 4832 1102 4900 Ἐρμάν
1129 4850 1194 4886 ex
1220 4836 1401 4899 Etym.
1429 4832 1572 4883 Gud.
1598 4835 1717 4896 530,
1753 4839 1812 4884 et
1848 4832 2049 4899 ἁρμάν,
2087 4833 2119 4886 δ
2155 4833 2407 4899 ςημαίνει
2442 4835 2548 4887 τὸν
2586 4834 2839 4898 πόλεμον
2877 4834 2939 4887 ἐν
2974 4837 3049 4901 τῇ
3082 4835 3205 4886 τῶν

626 4901 870 4968 Φρυγῶν
904 4901 1183 4969 διαλέκτῳ
1221 4919 1287 4954 ex
1322 4904 1388 4953 E.
1423 4900 1610 4966 Magn.
1653 4904 1765 4960 145,
1802 4904 1885 4952 42.
