3664 5546
1179 316 1336 371 ΠΕΡΙ
1385 310 1778 371 ΚΑΘΟΛΙΚΗΕ
1816 303 2241 371 ΠΡΟΕΩιΔΙΑΕ
2280 316 2351 368 ΙΓ.
2931 316 3058 381 369

470 493 588 553 τοῦ
634 489 668 551 ἱ
711 488 1078 567 Δυςράχιον
1125 486 1323 566 αὐτὴν
1371 490 1552 551 καλεῖ
1597 486 2009 565 «Δυςραχίου
2054 488 2117 550 τ’
2164 487 2539 566 Ἐπίδαμνος
2594 487 2702 551 ἐπ’
2747 486 3061 564 ἀγχιάλου

472 592 710 669 χθονὸς
753 589 1003 665 ἀκτῆς».
1092 588 1436 667 δυςράχιον
1483 590 1604 667 γάρ
1650 589 1807 671 ἐςτι,
1866 588 1904 652 ὅ
1951 589 2073 653 ἐςτι
2120 589 2483 669 δυςέξοχον.
2572 589 2820 667 τρέψαν
2867 590 2938 652 δὲ
2987 590 3061 653 τὸ

471 695 505 755 ἒ
550 693 638 757 εἰς
683 695 721 770 ρ
765 690 1222 771 εὐφωνότερον
1268 693 1550 755 λαλεῖται
1594 691 2002 774 Δυρράχιον,
2060 691 2341 768 καθάπερ
2387 692 2489 754 καὶ
2533 691 2855 769 Τυρςηνός
2900 691 3061 770 Τυρ-

475 794 698 877 ρηνός,
755 792 987 871 ταρςός
1042 791 1304 873 ταρρός,
1364 791 1601 870 πυρςός
1646 793 1907 870 πυρρός.
1997 792 2442 869 Δουλίχιον
2489 791 2596 870 μία
2649 798 2780 856 τῶν
2828 782 3061 869 Ἐχινά-

475 899 607 960 δων
652 892 885 976 νήςων,
931 895 970 972 ἡ
1016 894 1119 957 καὶ
1161 893 1416 971 Δολίχα
1458 893 1819 972 καλουμένη
1866 891 1997 957 ἀπὸ
2035 891 2394 971 Δουλιχίου
2437 897 2554 957 τοῦ
2598 894 3057 972 Τριπτολέμου.
3091 908 3122 956 5

475 996 843 1075 Ὠρύχιον
887 995 1089 1058 τόπος
1132 998 1245 1071 τῆς
1290 994 1583 1072 Ἀττικῆς.

573 1173 582 1178 ‚
643 1098 737 1162 Τὰ
793 1098 899 1162 διὰ
953 1101 1070 1162 τοῦ
1126 1099 1280 1160 W
1332 1100 1653 1175 μονογενῆ
1709 1096 1870 1174 ὑπὲρ
1928 1096 2047 1160 δύο
2104 1097 2418 1176 ςυλλαβὰς
2482 1097 3062 1180 προπαροξύνεται,

473 1200 922 1279 Ἥραιοντὸ
967 1199 1232 1278 τέμενος
1276 1199 1379 1262 καὶ
1423 1198 1608 1262 πόλις
1654 1198 1922 1280 Θρᾴκης.
1979 1197 2641 1281 Ἡρόδοτοςκτετάρτῃ
2686 1198 2771 1279 (ο.
2814 1197 2941 1279 90).
2986 1200 3061 1263 τὸ

476 1304 547 1366 δὲ
592 1301 914 1379 Ἡραῖον
959 1303 1189 1381 τεῖχος.
1267 1299 1572 1382 ἔλαιον,
1617 1299 2039 1382 Δίρκαιον,
2091 1298 2461 1377 Κίρκαιον
2517 1300 2593 1363 τὸ
2640 1297 2827 1382 ὄρος,
2883 1300 3061 1378 τρό-

475 1423 711 1467 παιον
757 1404 858 1466 καὶ
915 1405 1306 1480 τροπαῖον
1352 1401 1674 1483 Ἀττικῶς,
1731 1401 2069 1479 νόμαιον
2125 1401 2201 1464 τὸ
2232 1401 2638 1482 νμονογενὲς,
2699 1401 3062 1484 οὐραιον,
3102 1414 3166 1463 10

480 1504 922 1568 (κύλλαιον
969 1501 1161 1584 ἄκρα,
1208 1503 1354 1581 περὶ
1395 1501 1471 1580 ἧς
1516 1502 1840 1566 Ἑκαταῖος
1885 1502 1954 1566 ἐν
2001 1501 2272 1585 Εὐρώπῃ
2317 1501 2524 1581 φηςίν.
2612 1501 3063 1594 πρέμναιον.

483 1605 863 1669 Κότταιον
907 1605 982 1668 τὸ
1029 1601 1216 1686 ὄρος,
1262 1605 1659 1687 Ἕρμαιον,
1705 1603 2122 1685 Φοίβαιον,
2184 1603 2516 1667 Κύταιον
2571 1603 2757 1668 πόλις
2808 1604 3065 1686 Κρήτης,

476 1707 841 1788 γύναιον,
896 1706 1235 1770 Λύκαιον
1290 1707 1366 1769 τὸ
1412 1703 1599 1787 ὄρος,
1655 1705 2041 1786 κώπαιον,
2102 1704 2456 1787 δέραιον,
2514 1706 2918 1784 νύμφαιον
2965 1706 3066 1768 καὶ

480 1808 894 1888 Νύμφαιον
939 1808 1125 1871 πόλις
1155 1807 1431 1885 Ταυρική
1477 1806 1707 1885 μεταξὺ
1742 1805 2227 1870 Παντικαπαίου
2272 1807 2731 1884 μητροπόλεως
2775 1807 2877 1870 καὶ
2906 1807 3066 1870 Θεο-

478 1909 720 1992 δοςίας,
767 1908 855 1972 ὥς
899 1928 1050 1988 φηςι
1096 1907 1393 1988 Ετράβων
1436 1908 1504 1988 (7
1536 1930 1599 1992 p.
1632 1906 1818 1989 309),
1864 1908 1940 1972 τὸ
1986 1908 2056 1971 δὲ
2101 1911 2501 1987 νυμφαῖον
2547 1909 2853 1987 κτητικόν.
2927 1907 3062 1972 Λὲ-
3106 1921 3167 1970 15

477 2028 734 2092 χαιον,
780 2010 1124 2074 Φύταιον
1155 2009 1342 2073 πόλις
1370 2009 1693 2073 Αἰτωλίας.
1738 2008 2066 2088 Πολύβιος
2097 2008 2433 2092 ἑνδεκάτῳ.
2489 2009 2835 2073 Χάλαιόν
2879 2010 3066 2073 πόλις

476 2112 762 2190 Λοκρῶν.
830 2111 1153 2175 Ἑκαταῖος
1200 2111 1471 2194 Εὐρώπῃ
1519 2111 1715 2189 «μετὰ
1761 2111 1831 2174 δὲ
1876 2108 2139 2187 Λοκροί·
2185 2110 2254 2173 ἐν
2300 2112 2371 2173 δὲ
2406 2110 2688 2175 Χάλαιον
2733 2111 2946 2192 πόλις,
2994 2111 3064 2175 ἑν

479 2215 549 2277 δὲ
607 2213 845 2291 Οἰάνθη
901 2214 1142 2277 πόλις».
1234 2213 1620 2291 ςπήλαιον
1676 2213 1751 2275 τὸ
1808 2210 2067 2288 ἄντρον.
2166 2211 2518 2276 Τύπαιον
2574 2211 2728 2289 ὄρος
2783 2212 3065 2275 Ἤλιδος.

475 2314 841 2379 Παυςανίας
873 2315 1185 2378 Ἠλιακῶν
1231 2310 1289 2376 α’
1318 2314 1403 2395 (c.
1436 2312 1510 2393 6,
1544 2312 1627 2393 7).
1675 2312 2066 2390 (άρδαιον
2114 2311 2270 2390 ὄρος
2314 2314 2460 2391 περὶ
2490 2311 2795 2377 Ἀςωπόν.
2855 2311 3066 2390 Μάρ-

478 2436 702 2481 καιον
751 2414 907 2493 ὄρος
951 2419 1062 2494 τῆς
1106 2415 1414 2498 Τρῳάδος
1469 2415 1634 2491 πρὸς
1686 2419 1763 2496 τῇ
1810 2413 2068 2491 Γέργιθι.
2156 2413 2453 2492 Λήναια
2513 2412 2691 2490 ἀγὼν
2736 2413 3065 2478 Διονύςου
3102 2427 3170 2475 ‘20

478 2517 548 2580 ἐν
593 2516 835 2596 ἀγροῖς.
908 2517 983 2592 τὸ
1029 2518 1100 2579 δὲ
1145 2516 1246 2579 To
1261 2519 1499 2594 μαῖον
1546 2514 1702 2593 ὄρος
1745 2515 1921 2592 παρά
1965 2515 2040 2578 τὸ
2091 2515 2494 2594 Κορυφάςιον
2539 2518 2650 2592 τῆς
2693 2514 2922 2579 Πύλου
2967 2515 3067 2578 καὶ

480 2617 815 2695 (ηταῖον
860 2617 1099 2694 χωρίον
1145 2617 1320 2694 παρὰ
1351 2616 1619 2697 (ύβαριν
1665 2616 1764 2679 καὶ
1797 2614 2187 2693 Ευρμαῖον
2219 2615 2444 2679 πεδίον
2482 2616 2711 2694 μεταξὺ
2748 2615 3065 2695 Νομάδων

477 2739 546 2783 τε
591 2719 692 2783 καὶ
739 2718 1130 2797 Ναβαταίων.
1217 2718 1563 2796 Τυχαῑον
1608 2714 1764 2795 ὄρος
1810 2716 2039 2796 μεταξὺ
2085 2717 2395 2796 Ἐρετρίας
2452 2718 2555 2782 καὶ
2598 2718 2903 2783 Βοιωτίας
2964 2720 3067 2784 καὶ
3164 2710 3172 2717 ’

480 2821 826 2898 Θυραῖον
873 2819 1058 2883 πόλις
1095 2819 1418 2897 Ἀρκάδων
1466 2819 1978 2883 καὶΠιςςαῖον
2023 2819 2210 2883 πόλις
2240 2819 2659 2895 Πελαγονίας.
2708 2820 3066 2887 Μαζαῖον

476 2923 678 2985 τόπος
722 2922 792 2986 ἐν
839 2922 1096 3004 Βιθυνίᾳ
1142 2904 1300 2984 κατὰ
1343 2919 1776 3000 παραφθορὰν
1822 2919 1891 2983 ἐκ
1936 2923 2053 2983 τοῦ
2098 2920 2540 3002 Ἀμαζόνειον,
2600 2920 2690 2985 ὡς
2734 2922 3063 3000 Ἀρριανὸς
3104 2938 3165 2986 25
3192 2949 3209 2962 ⁴

479 3023 549 3101 ἐν
596 3011 1008 3087 Βιθυνιακοῖς.
1096 3021 1402 3087 Ῥιπαῖα
1458 3020 1614 3099 ὄρος
1657 3021 2110 3100 Ὑπερβορέων
2153 3056 2240 3068 -—
2292 3026 2794 3100 προπεριςπᾶται
2858 3023 3064 3088 ἐπιθε-

477 3125 617 3188 τικὰ
662 3122 837 3188 ὄντα.
911 3124 987 3187 τὸ
1034 3122 1372 3202 ἀρχαῖον
1417 3125 1923 3200 προπεριςπᾶται
1971 3124 2060 3187 ὡς
2103 3125 2387 3202 τριγενὲς
2431 3125 2532 3188 καὶ
2574 3125 2650 3188 τὸ
2697 3127 2928 3203 χαῖον
2974 3124 3063 3188 ὡς

480 3225 877 3305 διςύλλαβον.

647 3327 742 3390 Τὰ
792 3326 896 3389 διὰ
939 3330 1058 3389 τοῦ
1101 3329 1252 3391 αῖον
1310 3329 1631 3404 μονογενῆ
1691 3326 1853 3404 ὑπὲρ
1907 3329 2077 3404 τρεῖς
2131 3326 2443 3407 ςυλλαβὰς
2485 3329 3064 3411 προπαροξύνεται,
3130 3310 3137 3319 ’
3218 3396 3229 3400 ,

480 3428 893 3506 Ἀθήναιον
938 3427 1022 3491 τὸ·
1059 3427 1356 3509 τέμενος,
1410 3428 1838 3506 Λιλύβαιον
1884 3428 1923 3506 ἡ
1968 3428 2132 3505 πρὸς
2178 3428 2351 3493 δύςιν
2398 3427 2560 3505 ἄκρα
2611 3432 2722 3506 τῆς
2768 3429 3062 3494 (ικελίας.
3099 3444 3165 3496 30

479 3518 803 3591 Ἑκαταῖος
848 3527 1135 3612 Εὐρώπῃ.
1197 3527 1324 3592 ἔςτι
1369 3528 1468 3592 καὶ
1512 3529 1716 3592 πόλις.
1761 3528 2238 3612 κεφάλαιον,
2296 3516 2849 3612 περιβόλαιον,
2896 3532 3061 3595 Φω-

618 3750 653 3798 1.
688 3750 720 3798 8
774 3746 1008 3812 *Ἠραιον
1056 3749 1274 3813 explevi
1321 3764 1387 3799 ex
1435 3749 1513 3799 St.
1561 3750 1648 3811 Β.,
1698 3747 1968 3812 Δίρκαιον
2015 3764 2110 3813 pro
2155 3747 2414 3813 Δίκαιον,
2465 3750 2611 3814 quod
2667 3751 2793 3801 libri
2837 3752 3062 3802 Arcadii

481 3819 775 3881 praebent,
815 3832 880 3866 ex
917 3816 1164 3880 Theogn.
1205 3820 1317 3878 127,
1354 3823 1386 3866 9
1423 3818 1533 3866 iam
1570 3818 1815 3866 restituit
1844 3814 2135 3879 Schmidt„
2177 3816 2432 3881 Κίρκαιον
2470 3818 2689 3883 explevi
2726 3835 2792 3868 ex
2817 3820 3061 3884 Theogn.

479 3886 563 3934 Do
600 3883 875 3947 τρόπαιον
915 3890 972 3933 et
1007 3886 1284 3946 τροπαῖον
1322 3883 1502 3935 Schol.
1541 3885 1608 3932 ad
1647 3885 1875 3948 Dionys.
1912 3887 2028 3947 678,
2071 3889 2148 3945 19,
2188 3887 2282 3935 ubi
2317 3885 2623 3935 Herodiani
2658 3886 2903 3936 definitio
2942 3903 3063 3951 pro-

481 3952 672 4000 sodiae
710 3952 1044 4015 explicatum
1082 3949 1242 4013 ἡμεῖς
1281 3950 1383 4014 μὲν
1418 3949 1715 4012 ἀναλόγως
1750 3950 2025 4015 τρόπαιον
2070 3951 2311 4015 λέγομεν
2348 3951 2425 4003 ὡς
2463 3950 2763 4016 ςπήλαιον,
2811 3953 3059 4004 ςύλαιον·

482 4015 514 4066 ὁ
559 4016 620 4067 δὲ
668 4016 1010 4083 Θουκυδίδης
1055 4020 1331 4081 τροπαῖον
1369 4016 1639 4070 Ἀττικῶς
1685 4024 1741 4068 et
1785 4021 1852 4070 Ε.
1898 4022 1970 4070 Μ.
2010 4022 2130 4074 769,
2174 4023 2236 4070 14
2281 4022 2396 4071 πᾶν
2442 4019 2711 4084 κτητικὸν
2758 4019 3060 4084 οὐδέτερον

482 4080 597 4133 ἀπὸ
634 4084 881 4148 θηλυκοῦ
917 4085 1154 4148 γεγονὸς
1190 4083 1388 4150 τρίτην
1424 4083 1539 4136 ἀπὸ
1575 4085 1774 4136 τέλους
1812 4086 1924 4149 ἔχει
1960 4088 2068 4151 τὴν
2104 4086 2290 4139 ὀξεῖαν
2325 4084 2451 4138 οἷον
2485 4086 2705 4150 κεφαλή
2734 4086 3059 4153 κεφάλαιον,

479 4150 1103 4284 ἶὲἴιὲιέῗναόἔέρέἱῖἱν
1124 4152 1469 4284 θὶαῗιιῖξὲἒέ
1514 4152 1835 4271 ζὲῗᾷἓῖἱέἷῖιι
1866 4152 2300 4273 Οὲκὲῗιέιέἕωὲἒ
2341 4154 2581 4272 ἲέἕὲῗέὶ
2626 4158 3061 4273 33⁰35⁹¹13“‘²;;²·

481 4287 663 4351 pletis.
700 4314 765 4324 —-
803 4286 995 4338 εὔαιον
1030 4289 1188 4338 omisi
1223 4293 1285 4336 ut
1319 4289 1522 4338 vitiose
1560 4290 1856 4353 repetitum
1896 4305 1962 4338 ex
2000 4287 2203 4339 ἔλαιον.
2243 4316 2305 4325 --
2344 4287 2625 4352 νύμφαιον
2663 4291 2837 4353 petivi
2875 4307 2941 4340 ex
2980 4292 3058 4345 St.

480 4357 540 4404 B.
579 4370 620 4404 s.
656 4353 965 4419 Νακόλεια,
1008 4354 1303 4420 Νύμφαιον
1342 4371 1408 4404 ex
1448 4354 1638 4405 eodem
1675 4371 1716 4404 s.
1757 4371 1837 4412 v.‚
1883 4354 2118 4417 Λέχαιον
2156 4374 2223 4406 ex
2262 4357 2342 4407 St.
2382 4357 2443 4410 B.
2484 4374 2525 4406 s,
2567 4354 2910 4420 Κάναςτρον,
2950 4356 3060 4410 Φύ-

479 4435 639 4472 ταιον
673 4450 740 4457 -
776 4420 989 4487 Λήναια
1037 4423 1141 4485 (sic
1187 4424 1328 4473 enim
1367 4422 1605 4472 Meinek.
1651 4438 1748 4487 pro
1785 4420 2024 4486 Λήναιος
2070 4424 2348 4487 emendat)
2386 4440 2452 4474 ex
2491 4425 2573 4474 St.
2611 4425 2672 4476 Β.
2704 4453 2767 4477 r-
2809 4424 2845 4474 l.
2881 4428 2943 4474 21
2990 4425 3060 4476 τὸ

480 4487 540 4539 δὲ
577 4488 826 4552 Τομαῑον
867 4507 1040 4556 usque
1076 4492 1146 4541 ad
1186 4490 1402 4542 Ῥιπαῖα
1440 4506 1504 4539 cx
1542 4491 1619 4544 St.
1657 4492 1719 4540 B.
1757 4492 2037 4555 composui
2072 4492 2189 4557 ipse
2228 4492 2489 4541 traditum
2516 4496 2803 4541 accentum
2841 4500 3061 4543 secutus

483 4563 540 4605 et
576 4555 863 4609 ἑπιθετικὰ
899 4558 1039 4609 ὄντα
1078 4575 1144 4608 ex
1182 4574 1328 4609 more
1356 4558 1709 4607 Herodianeo
1745 4557 2037 4611 adiicienS.
2140 4559 2174 4610 1.
2203 4561 2267 4608 27
2305 4557 2490 4609 καὶτὸ
2526 4561 2687 4622 χαῖον
2725 4575 2792 4608 ex
2817 4560 3060 4625 Theogn.

485 4626 598 4687 127,
633 4627 665 4674 4
702 4627 960 4691 apposui,
1000 4627 1143 4692 quod
1181 4630 1403 4692 propter
1440 4626 1607 4676 etiam
1646 4626 1702 4674 in
1738 4626 1860 4690 ipso
1896 4642 2105 4678 canone
2145 4642 2241 4691 pro
2278 4625 2422 4690 ὑπὲρ
2457 4629 2607 4691 τρεῖς
2644 4626 2916 4691 ςυλλαβάς
2954 4645 3062 4678 non

479 4690 812 4755 τριςύλλαβα
849 4710 966 4743 cnm
1006 4694 1303 4745 Schmidtio
1344 4693 1594 4753 exhibui,
1634 4693 1731 4744 sed
1768 4695 1919 4757 τρεῖς
1964 4694 2019 4743 in
2056 4693 2157 4745 δύο
2196 4696 2419 4745 mutavi.
2592 4693 2628 4743 l.
2667 4698 2731 4744 30
2767 4694 3062 4758 Λιλύβαιον

483 4760 701 4823 explevi
738 4777 805 4809 ex
843 4764 922 4812 st.
961 4763 1050 4824 B.‚
1089 4761 1411 4815 Φωτίναιον
1457 4763 1694 4813 necessit
1741 4778 1805 4812 ex
1845 4761 1923 4814 St.
1966 4763 2053 4823 Β.,
2100 4763 2195 4813 ubi
2232 4762 2438 4813 diserte
2478 4779 2518 4814 s,
2557 4778 2608 4813 v.
2643 4762 3063 4827 προπαροξυτό-

553 4876 928 4914 ιικπουιᾼιινε.
965 4863 1010 4915 1.
2575 4846 2660 4910 24
