3664 5546
1163 363 1322 418 ΠΕΡΙ
1363 365 1755 419 ΚΑΘΟΛΙΚΗ(
1791 366 2215 421 ΠΡΟΕΩιΔΙΑ(
2254 370 2309 421 Β.
2366 355 2373 360 ’
2961 373 3045 437 53

459 537 738 603 Βιθύας
783 538 972 602 ἔθνος
1017 538 1266 620 Θρᾴκη(
1322 537 1453 604 ἀπὸ
1500 537 1724 603 Βίθυος
1794 542 1924 615 τοῦ,
1967 540 2194 618 Ἄρεος
2249 543 2351 605 καὶ
2409 541 2604 621 (ήτης
2660 547 2771 621 τῆς
2815 543 3040 623 Ῥήςου

457 638 756 719 ἀδελφῆς.
856 639 1213 717 Φλεγύας
1275 641 1312 705 ὁ
1366 641 1592 718 Ἄρεος
1648 642 1749 704 καὶ
1806 641 2050 720 Χρυςῆς
2105 645 2255 707 παῖς
2312 645 2413 708 καὶ
2472 643 2660 709 ἔθνος
2718 646 3037 711 Βοιωτίας.

455 743 738 822 Ὅμηρος
781 741 861 824 (Ν
894 740 1048 822 302)
1095 743 1210 821 «ἠὲ
1256 743 1410 821 μετὰ
1454 742 1743 819 Φλεγύας
1789 744 2284 823 μεγαλήτορας».
2345 745 2472 811 ἔςτι
2503 748 2573 811 δὲ
2619 748 2721 811 καὶ
2748 747 3039 827 Φλεγύης
3088 825 3103 835 .

458 849 495 926 ἡ
551 846 766 910 εὐθεῖα
817 846 921 909 καὶ
973 844 1236 920 Φλέγυς.
1337 844 1632 910 (ατύας
1686 847 1910 924 κύριον
1968 846 2129 924 παρ’
2184 845 2550 932 Ἡγηςίππῳ
2609 852 2711 914 καὶ
2767 851 3038 929 Ἀρύας

456 949 741 1028 ποταμὸς
785 948 940 1026 παρ’
987 945 1411 1024 Ἐρατοςθένει
1460 949 1539 1026 «ἡ
1596 950 1667 1013 δὲ
1713 949 1874 1026 ὑπὲρ
1920 948 2262 1027 Ἀρύαντος
2323 949 2427 1013 ἐπὶ
2481 957 2796 1031 προχοαῖς
2839 975 3037 1019 ποτα-
3072 957 3106 1009 5

457 1054 673 1134 μίων».
760 1050 834 1115 τὸ
881 1050 1096 1144 μέντοι
1142 1049 1359 1126 τριάς
1404 1051 1681 1129 θηλυκὸν
1727 1052 1828 1115 καὶ
1874 1051 2370 1130 ςυςτελλόμενον
2416 1051 2546 1131 ἔχει
2591 1057 2665 1120 τὸ
2712 1060 2768 1119 ἇ.

624 1154 719 1218 Τὰ
763 1153 851 1217 εἰς
897 1157 1008 1232 βας
1056 1153 1465 1232 βαρύνονται·
1531 1152 1758 1232 Βίβας
1814 1154 1889 1218 τὸ
1936 1153 2188 1235 κύριον,
2245 1154 2578 1238 Φόρβας,
2637 1156 2854 1221 Ἡλίου
2903 1157 3038 1223 υἱὸς

457 1259 557 1323 καί
614 1256 799 1320 πόλις
856 1259 986 1319 τῶν
1060 1254 1130 1318 έν
1193 1253 1498 1337 Θεςςαλίᾳ
1555 1254 1856 1336 Ἀχαιῶν,
1902 1256 2128 1335 Ἄβας
2186 1259 2473 1336 ποταμὸς
2538 1259 2641 1322 καὶ
2699 1259 2872 1338 ἥρως
2936 1261 3040 1324 καὶ

456 1361 676 1442 ἔθνος,
721 1358 948 1439 Ἴβας,
996 1355 1347 1437 (κρίβας,
1380 1356 1972 1438 Ψευδαρτάβας,
2021 1358 2403 1440 Ἀννίβας,
2440 1358 2717 1442 Κάβας,
2748 1360 3036 1442 Λάβας,

461 1463 729 1543 Ἰόβας,
774 1460 1044 1540 Ῥήβας
1089 1460 1377 1536 ποταμὸς
1431 1459 1605 1537 παρὰ
1660 1465 1751 1543 τῷ
1795 1459 2035 1543 Πόντῳ
2093 1460 2194 1524 καὶ
2251 1461 2462 1542 χώρα,
2507 1462 2784 1542 Ἄλβας
2838 1483 3036 1527 ποτα-
3077 1466 3141 1518 10

458 1566 573 1644 μὸς
618 1565 656 1628 ὁ
702 1568 818 1627 νῦν
867 1561 1213 1639 λεγόμενος
1242 1560 1482 1641 Τίβερις
1513 1557 1843 1641 Τιβερίνου
1886 1565 2003 1626 τοῦ
2051 1563 2350 1641 βαςιλέως
2396 1564 2466 1627 ἐν
2498 1563 2673 1648 αὐτῷ
2705 1565 3035 1630 θανόντος.

460 1666 765 1746 Χάλβας
809 1665 1097 1743 ποταμὸς
1142 1663 1393 1745 (Συρίας,
1442 1662 1743 1743 (ἀμβας
1787 1663 1996 1741 ὄνομα
2039 1669 2362 1746 ποταμοῦ,
2407 1665 2846 1748 Λυκάμβας,
2896 1667 3036 1746 Χη-

459 1767 770 1847 ράμβας.
850 1767 1180 1846 Κύρβας,
1229 1765 1539 1846 Θίςβας,
1586 1763 1956 1847 λυκάβας,
2005 1766 2322 1846 Ἀρύβας
2369 1767 2623 1849 κύριον,
2668 1768 3036 1849 Ἀρύββας

460 1870 712 1934 ἔθνικὸν
759 1869 936 1947 παρὰ
980 1875 1071 1954 τῷ
1119 1869 1427 1946 Ἀλκμᾶνι.
1517 1867 1804 1947 ἀλίβας.
1882 1868 2224 1948 Ἀλύβας·
2279 1873 2514 1934 τοῦτον
2560 1870 2623 1934 οἱ
2667 1871 2781 1949 μὲν
2829 1871 3035 1936 Μετα-

458 1972 726 2036 πόντιον
771 1971 1044 2050 ἤκουςαν
1089 1975 1197 2049 τῆς
1242 1970 1532 2051 Ἰταλίας,
1580 1969 1639 2033 οἱ
1685 1971 1754 2033 δὲ
1802 1969 2053 2051 Θρᾴκης
2106 1971 2330 2052 πόλιν,
2394 1971 2483 2035 ὡς
2526 1971 2824 2051 Ὅμηρος.
2913 1971 3035 2037 ἔςτι
3078 1976 3139 2029 15

459 2077 527 2140 δὲ
574 2076 676 2138 καὶ
718 2063 921 2138 ἔθνος.
1010 2071 1346 2156 ὀκρίβας,
1435 2074 1511 2137 τὸ
1569 2073 1638 2137 δὲ
1687 2072 1973 2150 Βοιβᾶς
2027 2076 2414 2151 περιςπᾶται.
2513 2076 2588 2139 τὸ
2646 2076 2715 2139 δὲ
2773 2073 3039 2154 ςτιβάς

457 2178 733 2256 θηλυκὸν
779 2178 880 2240 καὶ
924 2175 1419 2252 ςυςτελλόμενον
1465 2174 1594 2253 ἔχει
1640 2175 1714 2238 τὸ
1762 2176 1832 2255 ἆ,
1881 2175 1983 2238 καὶ
2024 2175 2100 2238 τὸ
2148 2175 2364 2254 βιβάς
2409 2177 2642 2255 μετοχή
2690 2176 2869 2241 ἐςτιν.

626 2279 719 2343 Τὰ
764 2278 851 2343 εἰς
893 2280 1016 2354 fd?
1067 2276 1279 2342 πάντα
1324 2276 1691 2358 βαρύνεται,
1752 2278 1806 2340 εἰ
1864 2278 1943 2355 μὴ
1991 2276 2094 2340 ἐπὶ
2150 2276 2516 2355 ςκώμματος
2571 2276 2701 2360 εἴη,
2761 2279 2851 2343 ὡς
2907 2278 3038 2357 ἔχει

456 2382 532 2447 τὸ
576 2385 865 2461 φαγᾶς,
911 2380 1160 2460 γίγας,
1207 2380 1443 2457 μέγας
1500 2380 1599 2442 καὶ
1658 2379 1953 2457 Μέγας,
2003 2378 2282 2459 Μίγας,
2338 2377 2671 2461 (ἀγγας,
2728 2381 3037 2462 Ἄλγας,
3106 2413 3111 2418 ·

458 2483 739 2562 Βρίγας
794 2481 1016 2560 κύριον
1074 2481 1174 2545 καὶ
1229 2480 1449 2562 ἔθνος,
1512 2480 1770 2555 Ζύγας
1825 2481 2015 2545 ἔθνος
2069 2478 2297 2559 Λιβύης
2358 2480 2463 2543 «οἵ
2519 2501 2684 2545 τινες
2745 2482 2823 2545 τὰ
2876 2481 3036 2560 ἄνθη
3072 2487 3140 2539 20

456 2585 871 2661 ςυλλέγοντες
928 2584 1064 2662 μέλι
1122 2587 1412 2646 ποιοῦςιν
1468 2581 1624 2645 ὥςτε
1683 2583 1762 2660 μὴ
1820 2582 2133 2645 λείπεςθαι
2197 2585 2313 2645 τοῦ
2372 2582 2499 2646 ὑπὸ
2556 2586 2703 2672 τῶν,
2735 2586 3035 2660 μελιςςῶν

454 2687 870 2766 γινομένου»,
935 2687 1023 2750 ὡς
1081 2685 1355 2750 Εὔδοξος
1412 2684 1449 2748 ὁ
1509 2683 1754 2748 Κνίδιος
1809 2683 1880 2747 ἐν
1937 2683 2098 2766 ἕκτῳ
2157 2687 2272 2761 γῆς
2323 2682 2649 2760 περιόδου.
2740 2683 3036 2762 (ἀλγας

455 2792 743 2870 ποταμὸς
787 2793 896 2867 τῆς
930 2787 1388 2869 Μαυριτανίας,
1436 2787 1828 2865 Βηςςύγας
1873 2786 2160 2864 ποταμὸς
2200 2790 2310 2864 τῆς
2341 2786 2608 2864 Ἰνδικῆς.
2671 2786 3036 2866 Ἀκράγας

454 2894 639 2958 πόλις
699 2891 975 2956 (ικελίας
1030 2889 1160 2954 ἀπὸ
1217 2894 1509 2968 ποταμοῦ
1566 2889 2063 2967 παραρρέοντος.
2153 2889 2302 2967 φηςὶ
2361 2889 2483 2967 γὰρ
2528 2889 2772 2967 Δοῦρις
2830 2890 2927 2954 ὅτι
2972 2890 3037 2955 αἱ

456 2999 736 3059 πλεῑςται
793 2997 924 3057 τῶν
981 2991 1253 3056 (ικελῶν
1309 2992 1568 3056 πόλεων
1635 2990 1703 3055 ἐκ
1758 2995 1890 3055 τῶν
1956 2994 2263 3068 ποταμῶν
2320 2989 2778 3074 ὀνομάζονται,
2840 2990 3034 3070 (υρα-
3069 2999 3136 3050 25

454 3084 714 3177 κούςας,
777 3096 1004 3175 Γέλαν,
1060 3093 1336 3174 Ἱμέραν,
1383 3093 1765 3158 (ελινοῦντα
1822 3093 1924 3155 καὶ
1978 3092 2403 3156 Φοινικοῦντα
2458 3093 2560 3156 καὶ
2618 3093 2877 3172 Ἐρύκην
2934 3095 3036 3158 καὶ

458 3197 727 3277 Καμικόν
773 3196 1058 3262 Ἁλικύας
1101 3216 1170 3261 τε
1215 3197 1316 3260 καὶ
1360 3195 1612 3275 Θέρμον
1658 3195 1760 3258 καὶ
1806 3194 2204 3276 Καμαρῑναν,
2250 3194 2340 3258 ὡς
2381 3195 2484 3257 καὶ
2527 3194 2596 3259 ἐν
2641 3195 2882 3279 Ἰταλίᾳ.
2972 3195 3036 3259 οἱ

454 3303 524 3366 δὲ
570 3301 700 3365 ἀπὸ
746 3299 1167 3376 Ἀκράγαντος
1222 3302 1338 3369 τοῦ
1381 3297 1544 3362 Διὸς
1599 3297 1700 3361 καὶ
1755 3296 2130 3375 Ἀςτερόπης
2184 3300 2294 3374 τῆς
2340 3293 2662 3361 Ὠκεανοῦ.
2752 3297 2877 3362 ἔςτι
2934 3299 3035 3361 καὶ

454 3405 702 3486 Θρᾴκης
746 3403 848 3465 καὶ
891 3401 1154 3479 Εὐβοίας
1200 3402 1299 3465 καὶ
1348 3400 1605 3478 Κύπρου
1650 3399 1752 3463 καὶ
1794 3398 2114 3462 Αἰτωλίας.
2187 3398 2511 3478 Πολύβιος
2556 3400 2625 3463 δὲ
2669 3400 2787 3465 τὸν
2831 3420 3030 3463 ποτα-

454 3508 574 3584 μὸν
620 3505 720 3568 καὶ
761 3505 876 3581 τὴν
921 3504 1112 3568 πόλιν
1157 3503 1289 3567 ἀπὸ
1334 3506 1444 3581 τῆς
1488 3503 1701 3582 χώρας
1746 3500 2109 3580 ὠνομάςθαι
2143 3500 2445 3579 Ἀκράγης
2491 3502 2596 3565 διὰ
2639 3501 2716 3565 τὸ
2763 3499 3025 3577 εὔγεων.
3065 3508 3132 3560 30

452 3710 655 3764 Herod,
694 3711 838 3759 Mon.
874 3711 959 3772 34,
999 3710 1056 3757 11
1099 3711 1156 3758 et
1192 3710 1271 3758 st.
1313 3709 1372 3756 B.
1408 3708 1525 3768 454,
1561 3708 1610 3757 4.
1680 3703 1939 3769 Φλεγύας
1977 3706 2145 3756 habet
2180 3707 2348 3757 etiam
2389 3705 2584 3760 Choer,
2622 3708 2715 3766 32,
2753 3706 2810 3767 6,
2852 3704 2930 3755 St.
2970 3707 3030 3755 B.

451 3782 568 3843 667,
609 3781 689 3841 15,
726 3776 943 3829 Μιλύας
980 3781 1248 3841 sumptum
1288 3780 1372 3825 est
1410 3792 1478 3824 ex
1513 3776 1593 3825 St.
1633 3774 1692 3829 Β.
1730 3778 1859 3837 453,
1901 3777 1990 3836 16,
2029 3773 2228 3825 Βιθύας
2267 3777 2386 3835 169,
2429 3775 2507 3824 17.
2678 3774 2713 3824 l.
2747 3775 2780 3823 4
2817 3770 3029 3825 (ατύας

454 3851 674 3914 praeter
708 3846 952 3910 Theogn.
999 3844 1171 3896 habet
1212 3845 1379 3895 etiam
1417 3843 1635 3907 Choer„
1683 3845 1773 3893 cui
1820 3843 2052 3893 debetur
2090 3840 2303 3906 Ἀρύας.
2374 3840 2669 3892 Caeterum
2714 3840 2781 3892 de
2814 3841 2904 3891 his
2939 3858 3031 3891 no-

451 3916 690 3967 minibus
727 3912 1092 3964 oonferendus
1129 3917 1215 3962 est
1253 3913 1386 3962 Lob.
1426 3911 1707 3963 Pr011.487
1733 3928 1899 3976 seqq.,
1940 3911 2006 3961 de
2045 3909 2407 3959 circumflexis
2442 3911 2612 3960 etiam
2637 3909 2709 3959 ad
2731 3910 3027 3973 Phrynieh:

453 4000 502 4050 p.
539 3987 655 4037 433.
864 3981 896 4031 Ι.
936 3983 965 4030 ’1
1006 3980 1075 4030 ad
1113 3978 1274 4043 Βίβας
1312 3978 1381 4029 τὸ
1418 3978 1607 4044 κύριον
1653 3979 1890 4045 apposui
1935 3984 2159 4043 propter
2203 3975 2368 4040 βιβάς.
2441 3976 2658 4041 Φόρβας
2707 3976 2925 4040 explevi
2962 3995 3029 4028 ex

452 4056 528 4102 St.
567 4054 628 4104 B.
667 4053 781 4111 670,
822 4054 868 4109 5,
909 4048 1079 4111 Ἄβας
1118 4065 1184 4099 ex
1222 4048 1416 4098 Choer.
1455 4051 1535 4107 33,
1576 4050 1607 4097 5
1645 4054 1698 4098 et
1737 4050 1814 4097 St.
1846 4049 1906 4097 B.
1935 4051 1979 4106 1,
2019 4050 2069 4109 2,
2108 4046 2201 4096 ubi
2237 4044 2349 4096 έςτι
2384 4044 2446 4097 δὲ
2482 4043 2737 4107 ποταμὸς
2778 4041 3025 4109 Ἰταλίας,

454 4119 593 4185 quod
633 4119 797 4168 Mein.
834 4124 928 4166 aut
962 4118 1018 4166 in
1059 4114 1236 4169 Ἀςίας
1275 4121 1372 4165 aut
1406 4117 1462 4165 in
1503 4113 1790 4178 Ἀλβανίας
1829 4115 2149 4165 mutandum
2194 4118 2374 4179 putat,
2412 4112 2553 4176 Ἴβας
2592 4130 2658 4163 ex
2696 4111 2914 4167 Choer..
2963 4130 3030 4163 ex

452 4188 572 4239 eod.
610 4184 858 4250 (κρίβας,
898 4185 1040 4249 quod
1079 4191 1394 4250 suspectum
1431 4190 1530 4244 est,
1571 4192 1628 4233 et
1652 4182 2071 4246 Ψευδαρτάβας,
2111 4181 2255 4246 quod
2282 4198 2378 4247 pro
2416 4179 2730 4245 ψευδάρτας
2768 4182 3029 4232 substitui

452 4257 523 4306 ef.
579 4256 712 4305 Lob.
763 4254 928 4304 Proll.
971 4255 1086 4304 288.
1163 4250 1413 4315 Ἀννίβας
1459 4280 1522 4286 —
1568 4249 1762 4313 ΛάβοιςΔ
1803 4254 1933 4301 item
1989 4268 2055 4300 ex
2103 4249 2326 4313 Choma,
2390 4248 2556 4313 Ἰόβας
2611 4255 2666 4299 et
2712 4243 2906 4313 Ῥήβας
2961 4265 3029 4299 ex

453 4323 645 4373 Choer.
683 4328 740 4371 et
779 4323 858 4375 St.
899 4324 957 4371 B.
997 4324 1112 4378 542,
1154 4324 1234 4382 10,
1272 4320 1476 4382 Ἄλβας
1514 4336 1580 4369 ex
1620 4323 1695 4370 St.
1735 4321 1794 4369 B.
1831 4322 1922 4378 69,
1960 4322 2007 4368 9.
2079 4315 2295 4380 Χάλβας
2332 4346 2397 4352 --
2438 4316 2668 4382 Ἀρύβας
2705 4333 2772 4367 ex
2810 4316 3025 4379 Choma,

454 4391 718 4456 Ἀρύββας
756 4407 821 4439 ex
861 4391 939 4439 St.
981 4392 1038 4439 B.
1083 4394 1193 4451 1⁶29,
1232 4392 1280 4451 8,
1319 4386 1511 4450 ἀλίβας
1551 4388 1741 4437 Choer.
1775 4390 1868 4447 41,
1911 4389 1995 4443 12,
2037 4385 2270 4448 Ἀλύβας
2309 4388 2372 4436 St
2426 4388 2487 4436 B.
2527 4389 2617 4446 79,
2655 4387 2688 4435 4
2735 4390 2792 4435 et
2831 4383 3025 4438 Choer.

450 4465 529 4521 33,
567 4464 651 4511 30.
790 4458 822 4507 l.
867 4462 926 4507 16
961 4458 1083 4507 Are.
1121 4458 1316 4508 habet:
1353 4454 1423 4506 τὸ
1459 4454 1520 4505 δὲ
1557 4454 1781 4519 ἀκριβᾶς
1820 4455 2176 4518 περιςπᾱται,
2217 4455 2359 4519 quod
2394 4456 2473 4504 sic
2512 4453 2746 4515 mutavi,
2784 4457 2846 4502 ut
2880 4449 3026 4516 ὀκρί-

451 4529 547 4590 βας
595 4526 878 4591 barytonis
924 4528 1264 4592 assignarem
1312 4531 1366 4574 et
1405 4522 1600 4586 Βοιβᾶς
1647 4540 1712 4572 ex
1758 4524 1834 4573 Io.
1874 4523 1956 4573 Al.
1993 4525 2048 4581 8,
2100 4525 2160 4572 19
2205 4523 2514 4587 reciperem.
2583 4524 2647 4573 In
2694 4520 2799 4570 fine
2845 4520 3028 4570 adieci

452 4610 631 4674 ςτιβάς
680 4611 816 4660 duce
863 4610 1118 4660 Eustath.
1160 4612 1314 4671 1571,
1354 4614 1443 4660 30:
1500 4605 1840 4672 Ἡρωδιανὸς
1886 4604 1989 4656 οῦν
2037 4605 2320 4671 παραδοὺς
2365 4606 2438 4657 τὰ
2483 4603 2560 4658 εἰς
2604 4606 2669 4656 ἃς
2716 4603 2804 4656 διὰ
2847 4607 2950 4655 τοῦ
2996 4606 3027 4656 δ

451 4677 726 4731 κλίνεςθαι
751 4676 875 4728 οἷον
900 4676 1081 4740 ςτιβάς
1108 4675 1357 4740 ςτιβάδος
1383 4677 1518 4739 κτλ.,
1548 4684 1604 4725 ot
1628 4673 1805 4739 βιβάς,
1832 4675 1990 4724 euius
2012 4675 2340 4725 mentionem
2367 4675 2625 4725 iniecisse
2656 4673 3029 4723 Herodianum

453 4750 700 4813 suspicor
736 4762 803 4795 ex
837 4749 915 4796 Io.
944 4748 1024 4795 ΑΙ.
1049 4750 1131 4796 22.
1175 4750 1251 4805 13,
1289 4747 1384 4796 ubi
1421 4743 1570 4796 Ιςτάς
1609 4741 1794 4807 κιχράς
1834 4750 1890 4793 et
1929 4743 2054 4792 inde
2093 4742 2235 4807 quod
2274 4760 2360 4808 ap.
2386 4743 2508 4792 Are.
2551 4738 2712 4803 Βίβας
2753 4743 3029 4806 proprium

451 4815 681 4865 relatum
720 4820 820 4863 est.
994 4814 1025 4863 l.
1071 4818 1129 4864 19
1166 4813 1290 4863 iude
1329 4831 1362 4862 a
1401 4812 1591 4874 Μέγας
1629 4841 1691 4847 -—·
1731 4808 2016 4875 Ετροάγας
2054 4816 2271 4875 sumpta
2311 4818 2437 4861 sunt
2474 4811 2693 4860 nomina
2731 4826 2797 4859 ex
2836 4811 3030 4862 Choer.

453 4887 536 4945 33,
574 4886 657 4945 32,
698 4878 896 4945 Βρίγας
935 4888 992 4931 et
1031 4879 1299 4945 Ἀκράγας
1343 4882 1512 4933 babet
1557 4882 1727 4933 etiam
1765 4882 1847 4932 St.
1883 4881 1944 4930 B.
1986 4880 2109 4943 186,
2149 4881 2179 4929 5
2215 4883 2273 4929 et
2307 4882 2397 4937 62,
2440 4882 2519 4929 10.
2592 4878 2706 4929 Soli
2745 4878 3030 4943 Stephano
