3664 5546
574 364 692 427 168
1501 363 1584 417 ΕΚ
1622 362 1761 416 ΤΩΝ
1804 362 2212 417 ΗΡΩΔΙΑΝΟΥ

736 534 829 598 Τὰ
873 535 961 599 εἰς
1005 537 1124 611 Iso?
1179 535 1417 613 ἔχοντα
1470 536 1585 614 τὴν
1640 534 1770 612 πρὸ
1825 535 2053 600 τέλους
2106 535 2195 600 εἰς
2238 538 2280 613 μ
2322 537 2803 615 καταλήγουςαν
2854 536 3152 616 ἀρςενικὰ

567 638 1033 720 προςηγορικά,
1079 638 1133 701 εἰ
1177 636 1308 702 ἀπὸ
1343 641 1455 716 τῆς
1484 638 1743 716 πρώτης
1787 636 1885 715 εἴη
1917 637 2234 720 ςυζυγίας,
2280 638 2601 723 ὀξύνεται,
2646 640 2879 720 γράφω
2910 660 3151 719 γραμ-

568 741 735 821 μός,
791 740 984 821 τρίβω
1039 740 1393 822 τριμμός,
1449 740 1643 820 θλίβω
1699 740 2063 824 θλιμμός,
2116 742 2332 806 κόπτω
2382 726 2693 822 ’κομμός.
2781 743 2857 807 τὸ
2903 743 2974 807 δὲ
3018 742 3150 821 ἄμ-

568 863 706 922 μος
749 843 853 906 καὶ
908 842 1222 923 ψάμμος
1277 842 1534 921 θηλυκά.
1623 834 1715 908 ἔτι
1774 843 1877 906 καὶ
1914 845 1993 923 τὸ
2050 844 2353 924 μάμμος
2408 845 2447 909 6
2502 845 2771 922 ἔκγονος
2817 844 3155 925 βαρύνεται

507 954 539 1003 5
569 946 925 1040 ἐπιθετικόν
971 944 1066 1009 ὄν.

737 1082 833 1146 Τὰ
878 1082 965 1146 εἰς
1009 1085 1126 1158 Iso?
1173 1082 1516 1162 διςύλλαβα
1560 1088 1651 1165 τῷ
1705 1084 1743 1159 ἦ
1801 1084 2301 1163 παραληγόμενα
2354 1083 2539 1162 κύρια
2592 1084 2751 1150 ὄντα
2798 1085 3155 1167 βαρύνεται,

575 1186 905 1265 Κνῆμος,
964 1183 1237 1268 (ῆμος,
1283 1184 1556 1264 Ῥῆμος
1613 1183 1822 1264 ὄνομα
1876 1190 2186 1265 ποταμοῦ.
2274 1186 2353 1251 τὰ
2410 1189 2480 1252 δὲ
2531 1188 2965 1266 προςηγορικὰ
3010 1185 3154 1253 ὀξύ-

570 1308 776 1369 νεται,
822 1287 875 1350 εἰ
919 1288 1000 1366 μὴ
1047 1288 1344 1365 διαςτολή
1389 1307 1481 1351 τις
1526 1285 1652 1370 εἴη,
1697 1288 1935 1366 κημός
1980 1288 2019 1366 ἡ
2065 1289 2271 1369 χώνη,
2326 1290 2402 1354 τὸ
2449 1284 2884 1368 ἐπιτιθέμενον
2930 1290 3034 1353 ἐπὶ
3060 1296 3155 1373 ’τῇ

572 1390 757 1475 ὑδρίᾳ
802 1389 865 1455 ἐξ
911 1388 986 1467 ἧς
1031 1388 1095 1452 αἱ
1141 1391 1353 1469 ψῆφοι
1397 1389 1727 1469 φέρονται.
1815 1390 1919 1454 καὶ
1962 1394 2098 1456 τοῖς
2149 1391 2371 1456 ἵπποις
2416 1394 2488 1456 δὲ
2531 1392 3000 1472 περιτιθέμενος
3046 1390 3154 1456 οὕ-

471 1497 535 1547 10
570 1514 696 1556 τως
753 1491 1040 1555 ἐκαλεῖτο
1097 1492 1293 1571 κημός
1349 1490 1387 1555 ὁ
1444 1491 1839 1571 καλούμενος
1896 1492 2121 1575 φιμός,
2190 1494 2281 1558 ὡς
2335 1493 2660 1574 Ξενοφῶν
2716 1493 2787 1560 ἐν
2831 1497 2968 1560 τοῖς
3011 1496 3159 1572 περὶ

572 1594 830 1671 ἱππικῆς
875 1592 1009 1676 (10,
1044 1591 1133 1675 8).
1179 1596 1368 1672 δηλοῖ
1414 1595 1485 1657 δὲ
1530 1594 1633 1657 καὶ
1675 1594 1927 1674 πλέγμα
1971 1616 2028 1659 τι
2075 1595 2143 1659 ἐκ
2187 1596 2483 1675 ςχοινίων
2528 1596 2882 1676 γενόμενον
2928 1596 3157 1677 ὅμοιον

571 1696 783 1780 ἠθμῷ,
860 1697 912 1779 ᾧ
980 1696 1093 1759 τὰς
1158 1696 1503 1776 πορφύρας
1571 1697 2030 1779 λαμβάνουςιν,
2106 1696 2195 1762 εἰς
2262 1698 2298 1762 ὃ
2365 1697 2429 1761 αἱ
2496 1699 2827 1779 πορφύραι
2906 1700 3008 1763 καὶ
3078 1699 3158 1763 τὰ

572 1799 880 1877 κογχύλια
937 1796 1346 1876 εἰςέρπουςιν.
1445 1797 1514 1862 ἐν
1571 1798 1792 1863 αὐτοῖς
1850 1801 1921 1865 δὲ
1984 1800 2239 1865 τούτοις
2306 1800 2432 1866 έςτὶ
2481 1802 2583 1881 καὶ
2625 1802 2701 1866 τὸ
2748 1801 3008 1884 δέλεαρ,
3067 1801 3159 1866 ὡς

575 1900 908 1981 Εοφοκλῆς
975 1901 1045 1965 ἐν
1101 1899 1406 1979 Ποιμέςιν
1476 1903 1759 1979 «κημοῖςι
1826 1904 2125 1966 πλεκτοῖς
2190 1903 2535 1983 πορφύρας
2601 1904 2844 1982 φθείρει
2909 1904 3156 1979 γένος».

475 2016 537 2067 15
572 2004 878 2082 Αἰςχύλος
934 2003 1003 2067 ἐν
1063 2002 1412 2086 Λυκούργῳ
1469 2001 1909 2082 ἀλληγορικῶς
1962 2006 2115 2069 τοὺς
2172 2006 2441 2085 δεςμοὺς
2495 2006 2735 2086 κημοὺς
2790 2004 2998 2085 εἴρηκε
3054 2007 3161 2070 διὰ

574 2105 826 2169 τούτων
904 2105 1049 2169 «καὶ
1118 2108 1344 2169 τοῦςδε
1411 2104 1651 2182 κημούς
1721 2104 2089 2184 ςτόματος».
2201 2107 2490 2186 κνημός
2558 2107 2596 2172 ὁ
2657 2109 2893 2186 τραχὺς
2959 2106 3160 2173 τόπος

575 2213 709 2271 τῶν
755 2207 994 2289 ὀρέων,
1042 2207 1280 2286 δημός
1324 2206 1399 2271 τὸ
1432 2204 1647 2287 λίπος,
1694 2210 1939 2285 δῆμος
1985 2210 2055 2273 δὲ
2087 2208 2124 2274 6
2153 2209 2384 2291 ὄχλος,
2432 2208 2522 2274 ὡς
2563 2210 2633 2275 ἑν
2666 2209 2899 2290 (φηξὶν
2930 2208 3021 2293 (v,
3049 2209 3163 2292 41)

579 2310 734 2374 «τὸν
780 2313 984 2388 δῆμον
1029 2308 1207 2388 ἡμῶν
1255 2309 1549 2389 βούλεται
1595 2309 1931 2374 διῑςτάνειν
1947 2335 1989 2373 ».
2052 2312 2240 2375 «θεὸς
2286 2311 2353 2374 δ’
2398 2312 2486 2376 ὣς
2516 2312 2684 2376 τίετο
2717 2314 2936 2397 δήμῳ»
2970 2310 3074 2395 (Il.
3108 2312 3159 2376 Ν

577 2410 745 2493 218).
795 2410 1029 2489 «εὐνήν
1073 2412 1138 2475 τ’
1179 2410 1484 2490 αἰδομένη
1529 2410 1753 2476 πόςιος
1800 2412 2028 2491 δήμοιό
2059 2433 2125 2476 τε
2158 2416 2398 2493 φῆμιν»
2444 2411 2671 2495 (Οςὶ.π
2703 2413 2812 2496 75)
2858 2416 2959 2478 καὶ
2987 2413 3027 2478 6
3071 2412 3166 2479 εἷς

475 2526 543 2576 20
579 2513 854 2593 δημότης
901 2513 1021 2578 «οὐ
1069 2515 1183 2593 μὲν
1228 2513 1398 2577 ἔοικε
1444 2516 1648 2592 δῆμον
1694 2512 1925 2578 ἐόντα»
1972 2512 2076 2595 (Il.
2126 2516 2189 2580 Μ
2234 2513 2388 2595 212)
2447 2517 2549 2580 καὶ
2604 2515 2642 2579 ὁ
2686 2517 2887 2582 τόπος
2939 2517 3163 2601 «δήμῳ

579 2617 674 2680 ένὶ
715 2616 1001 2695 Τρώων»
1049 2614 1205 2697 (Od.
1251 2636 1288 2679 ν
1332 2613 1486 2695 266)
1542 2615 1644 2680 καὶ
1687 2616 1889 2681 τόπος
1935 2617 2004 2682 ἑν
2052 2616 2283 2701 Ἰθάκῃ,
2330 2618 2403 2683 ὃς
2449 2618 2550 2682 καὶ
2598 2618 3017 2702 Κροκύλειον,
3064 2621 3168 2683 καὶ

578 2720 739 2797 παρ’
786 2719 1137 2798 Ἀθηναίοις
1181 2718 1218 2797 ἡ
1265 2718 1456 2799 κώμη.
1503 2719 1605 2782 καὶ
1650 2718 1686 2782 ὁ
1718 2719 2171 2799 Ἀςκαλωνίτης
2219 2720 2386 2796 λέγει
2431 2721 2504 2785 τὸ
2551 2722 2666 2800 μὲν
2698 2721 2802 2786 ἐπὶ
2845 2725 2961 2787 τοῦ
3004 2721 3165 2799 πλή-

526 2893 538 2899 ,
580 2828 735 2885 θους
781 2822 954 2900 παρὰ
1010 2822 1084 2885 τὸ
1131 2820 1324 2899 δέμας
1369 2824 1739 2898 γεγενῆςθαι
1787 2821 1992 2886 οἱονεὶ
2037 2822 2213 2901 ςῶμά
2256 2844 2312 2886 τι
2357 2822 2681 2901 τυγχάνον
2728 2825 2765 2902 ἢ
2821 2825 2996 2902 παρὰ
3050 2824 3169 2889 τὸν

580 2925 834 3003 δαςμόν.
900 2924 975 2988 τὸ
1021 2925 1093 2987 δὲ
1139 2922 1242 2986 ἐπὶ
1285 2928 1400 2988 τοῦ
1448 2923 1673 2988 λίπους
1711 2924 1886 3003 παρὰ
1929 2925 2005 2989 τὸ
2052 2925 2236 2989 δαίω·
2282 2925 2628 2990 εὔκαυςτον
2673 2927 2795 3004 γὰρ
2839 2927 2915 2990 τὸ
2962 2926 3167 2991 λίπος.

477 3037 544 3088 25
582 3027 842 3090 δύναιτο
889 3027 954 3090 δ’
998 3024 1077 3089 ἄν
1122 3046 1215 3089 τις
1261 3025 1363 3089 καὶ
1392 3024 1606 3090 ἄλλως
1636 3025 2084 3108 ἐτυμολογεῖν,
2132 3027 2185 3092 εἰ
2220 3029 2395 3107 παρὰ
2438 3028 2512 3092 τὸ
2558 3028 2684 3092 δέω
2728 3028 2984 3104 γένοιτο
3030 3029 3167 3093 δέε-

582 3148 699 3207 μος
745 3130 845 3192 καὶ
890 3127 960 3191 ἑν
1006 3130 1363 3210 ςυναλοιφῇ
1409 3131 1639 3211 δῆμος,
1685 3129 1760 3193 τὸ
1806 3129 2269 3208 ςυνδεδεμὲνον
2322 3132 2584 3209 πλῆθος.
2672 3130 2748 3194 τὸ
2803 3131 2926 3209 γὰρ
2981 3130 3167 3196 ἐναν-

582 3229 720 3293 τίον
768 3229 886 3308 λύη
932 3228 1063 3294 ἀπὸ
1108 3232 1219 3306 τῆς
1264 3229 1625 3295 διαλύςεως.

754 3364 848 3429 Τὰ
904 3366 992 3429 εἰς
1047 3370 1212 3443 άμός
1270 3370 1589 3443 μονογενῆ
1659 3367 2001 3446 διςύλλαβα
2058 3368 2422 3452 βαρύνεται,
2488 3368 2826 3450 πράμος,
2892 3370 3168 3451 γάμος,

585 3466 834 3546 (Σάμος
891 3467 1207 3546 ἐπιφανὴς
1263 3467 1427 3544 πρὸς
1481 3473 1556 3552 τῇ
1616 3467 1807 3552 Καρίᾳ
1855 3473 2078 3549 νῆςος,
2141 3471 2230 3534 ὡς
2287 3471 2701 3550 Ἀλέξανδρος
2756 3471 2826 3536 ἐν
2882 3477 2973 3555 τῷ
3023 3474 3173 3549 περὶ

585 3791 1027 3857 παραληγόμενα
1062 3789 1384 3853 ὁξύνονται,
1420 3791 1630 3855 τορμός
1667 3790 1832 3857 (quod
1869 3783 2040 3858 vulgo‘
2068 3792 2276 3859 τόρμος
2312 3796 2615 3858 scribitur),
2666 3795 2894 3860 κορμός,
2935 3797 3172 3862 φορμός.

588 3860 764 3923 μόνον
801 3860 868 3911 τὸ
907 3860 1076 3925 ὅρμος
1114 3858 1431 3923 βαρύνεται·
1472 3859 1648 3923 μόνον
1682 3859 1787 3925 γὰρ
1824 3859 1939 3912 ἀπὸ
1976 3861 2313 3926 φωνήεντος
2349 3862 2591 3928 ἄρχεται.
2662 3865 2839 3916 Deest
2874 3867 3041 3916 etiam
3080 3883 3176 3918 ca-

586 3946 696 3978 non
735 3929 800 3979 de
829 3927 1320 3994 hyperdisyllabiS,
1359 3928 1446 3992 ςιιιί
1473 3929 1873 3978 subiiciendum
1906 3930 2049 3981 foret
2074 3929 2373 3995 Πάνορμος
2400 3930 2562 3983 πόλις
2590 3930 2840 3984 (ικελίας
2867 3933 2955 3984 καὶ
2982 3932 3169 3998 λιμήν,

588 3996 666 4048 ὡς
704 3996 997 4059 Πολύβιος.
1069 3995 1181 4047 ἔςτι
1218 3995 1308 4046 καὶ
1343 3997 1510 4059 λιμὴν
1550 3993 1805 4060 Κυζίκου,
1847 3997 1941 4047 sed
1977 3999 2205 4050 allatum
2244 4000 2351 4050 fuit
2390 4000 2630 4051 fortasse
2666 4002 2723 4050 in
2758 4004 3078 4066 compositis}
3112 4005 3173 4054 in

590 4081 667 4116 oc.
808 4065 841 4115 1.
881 4069 912 4116 3
949 4063 1149 4115 κόπτω
1185 4064 1397 4126 κομμός
1434 4064 1648 4127 addidi,
1689 4065 1816 4129 quia
1854 4066 1956 4116 hoe
1994 4083 2200 4117 canone
2242 4073 2559 4130 excusatur,
2598 4085 2760 4133 quum
2800 4076 3005 4136 pugnet
3040 4088 3172 4121 con-

591 4141 675 4184 tra
722 4149 989 4184 canonem
1037 4134 1350 4194 generalem
1395 4133 1806 4183 Herodianeum
1852 4150 1937 4199 ap.
1984 4138 2139 4186 Eust.
2191 4139 2346 4198 1746,
2390 4139 2482 4186 29:
2538 4136 2611 4188 τὰ
2657 4135 2736 4189 εἰς
2781 4141 2845 4191 οῖ
2890 4141 3172 4204 μονογενῆ

588 4201 884 4263 διςύλλαβα
919 4204 1004 4266 τῷ
1042 4204 1074 4251 ὅ
1110 4201 1550 4266 παραληγόμενα
1586 4201 1620 4265 ἢ
1668 4200 1723 4253 ἐξ
1761 4200 1938 4253 αὐτοί)
1975 4203 2255 4267 ἀρχόμενα
2303 4205 2337 4269 ἢ
2377 4204 2580 4267 ἔχοντα
2624 4205 2706 4257 δὶς
2750 4206 2820 4258 τὸ
2854 4206 2998 4258 αὐτὸ
3044 4205 3174 4269 ςύμ-

589 4285 789 4334 φωνον
827 4267 1123 4334 βαρύνεται
1160 4269 1386 4332 κόννος,
1428 4269 1622 4334 όρρος,
1661 4269 1888 4332 κόκκος,
1929 4271 2158 4336 κόττος,
2199 4273 2378 4325 ὅςςος·
2418 4270 2631 4338 εἴρηται
2667 4273 2727 4325 δὲ
2767 4277 3044 4339 μονογενῆ
3083 4275 3174 4327 διὰ

588 4338 658 4389 τὸ
696 4337 923 4390 πολλός.
996 4336 1226 4401 μάχεται
1261 4342 1346 4403 τῷ
1385 4336 1581 4390 κανόνι
1616 4337 1685 4388 τὸ
1722 4337 1950 4400 κομμός.
2132 4342 2165 4394 l.
2206 4344 2234 4392 7
2281 4341 2352 4391 ad
2391 4341 2590 4405 Ῥῆμος
2628 4342 2816 4393 addidi
2855 4343 3032 4406 ὄνομα
3070 4358 3174 4394 πο-

589 4410 769 4468 ταμοί)
819 4422 886 4456 ex
923 4406 1167 4471 Theogn.
1204 4409 1292 4465 63,
1333 4409 1385 4456 5.
1466 4405 1643 4471 κημός
1689 4407 1914 4472 explevi
1962 4425 2027 4459 ex
2073 4409 2253 4460 Schoi.
2303 4411 2369 4459 ad
2417 4410 2692 4477 Aristoph.
2731 4413 2831 4477 Eq.
2878 4415 3026 4467 1150.
3074 4413 3173 4461 ubi

592 4481 717 4538 post
759 4474 852 4524 καὶ
897 4472 966 4524 τὸ
1010 4473 1208 4538 δέλεαρ
1253 4475 1436 4539 posita
1481 4481 1608 4524 suut
1651 4477 1845 4527 verba:
1895 4475 1974 4528 ὥς
2019 4492 2188 4542 φηςιν
2225 4477 2565 4541 Ἡρωδιανὸς
2613 4478 3053 4543 παρατιθέμενος
3098 4479 3175 4532 τὰ

591 4541 946 4606 (οφοκλέους
984 4542 1045 4593 ἐκ
1081 4541 1399 4604 Ποιμένων.
1447 4544 1567 4593 Non
1605 4543 1778 4593 solum
1815 4560 1905 4606 ea,
1945 4547 2144 4611 quibus
2179 4546 2487 4597 Herodiani
2524 4563 2721 4597 nomen
2757 4548 3029 4600 adiectum
3065 4555 3172 4612 est,

591 4628 658 4660 ex
696 4612 1013 4662 Herodiano
1051 4611 1373 4675 deprompta
1411 4627 1530 4660 esse
1570 4610 1730 4660 docet
1766 4620 1823 4662 et
1860 4613 2197 4664 consuetudo
2234 4615 2653 4678 epitomatorum
2688 4621 2745 4665 et
2768 4616 3174 4681 TheognostnS,

592 4680 685 4743 qui
722 4681 922 4730 omissa
957 4678 1182 4728 Arcadii
1218 4679 1582 4743 explicatione
1622 4677 1758 4729 haec
1802 4680 1996 4731 habet:
2044 4680 2221 4747 κημός
2266 4681 2335 4731 τὸ
2382 4681 2769 4746 ἐπιτιθέμενον
2814 4687 2933 4735 τοῖς
2974 4682 3174 4737 ἵπποις

594 4745 656 4796 ἐν
694 4747 951 4811 ςτόματι,
991 4744 1212 4807 πλέγμα
1238 4745 1493 4808 ςχοινίου.
1541 4747 1806 4811 Exempla
1835 4749 1905 4798 ad
1930 4766 2084 4801 usum
2123 4751 2277 4800 vocis
2312 4749 2485 4816 δῆμος
2510 4752 2964 4816 comprobandum
2988 4754 3176 4817 posita

594 4821 723 4863 sunt
760 4831 826 4864 ex
865 4816 944 4864 St.
983 4817 1069 4874 B„
1110 4829 1249 4877 quae
1290 4813 1357 4863 de
1397 4815 1739 4865 derivatione
1777 4819 1932 4868 vocis
1968 4819 2288 4876 traduntur,
2328 4835 2396 4867 ex
2431 4820 2496 4869 ΙΙ.
2534 4822 2623 4870 Pr.
2663 4819 2709 4871 Θ
2746 4823 2870 4882 240,
2908 4835 3025 4869 eum
3063 4835 3174 4884 quo

595 4881 666 4935 ef.
705 4880 760 4932 Μ
798 4885 916 4934 213.
1053 4882 1085 4932 1.
1125 4884 1189 4932 28
1227 4879 1443 4945 πράμος
1481 4898 1575 4948 pro
1613 4880 1818 4946 βράμος
1856 4886 1992 4937 Lob.
2032 4886 2114 4936 ΕΙ.
2151 4887 2177 4936 Ι
2213 4888 2312 4938 336
2349 4893 2462 4941 not.
2502 4891 2563 4939 13
2599 4890 2856 4948 correxit,
2896 4885 3075 4951 (ἀμος
3113 4896 3177 4941 et
