3664 5546
613 423 820 471 CCXVI
1696 417 2113 467 PRAEFATIO.

616 577 882 642 dianum
927 575 1278 662 scriptum,
1327 573 1441 637 scd
1488 596 1574 638 cx
1620 596 1696 639 eo
1742 594 2125 660 perversum
2172 593 2318 636 esse
2361 572 2679 636 existimo.
2740 569 2963 636 Pauca
2990 570 3199 637 Hero-

616 678 797 744 diani
863 676 1324 742 adnotamenta
1388 674 1612 741 insunt
1674 675 1741 738 in
1796 673 2072 740 Scholiis
2144 673 2240 738 ad
2297 673 2762 756 Pindarum,
2821 672 3200 739 Callima-

540 850 546 859 ,
615 780 876 862 chum,
943 779 1574 866 Lycophronem‚
1638 775 2164 856 Nicandrum,
2228 768 2585 858 Aratum,
2654 774 3201 858 Theocritum,

616 879 1204 968 Thucydidem,
1252 878 1824 960 Aristotelem,
1871 876 2185 942 nonnulla
2227 877 2297 941 in
2340 876 2617 943 Scholiis
2664 881 2757 942 ad
2801 879 3195 963 tragicos,

616 983 808 1072 plura
872 984 942 1046 in
1012 980 1290 1047 Scholiis
1357 981 1451 1045 ad
1515 980 2175 1067 Aristophanem,
2243 980 2562 1066 quaedam
2628 981 2697 1045 in
2761 979 3038 1046 Scholiis
3106 981 3204 1045 ad

617 1084 1104 1172 Dionysium
1147 1083 1618 1170 periegeten
1676 1091 1742 1146 et
1795 1082 1894 1147 ad
1937 1082 2419 1167 Dionysium
2463 1082 2884 1166 Thracem3
2945 1086 3007 1148 in
3066 1081 3201 1169 qui·

617 1188 740 1252 bus
789 1187 1031 1252 diserte
1073 1184 1378 1250 laudatur
1421 1206 1485 1270 p.
1533 1183 1688 1266 948,
1738 1184 1817 1248 13
1861 1192 1927 1247 et
1969 1206 2032 1271 p.
2081 1183 2225 1249 850.
2314 1183 2544 1249 Paullo
2599 1184 2987 1271 explicatius
3041 1183 3203 1249 mihi

1202 1364 1287 1420 de
1333 1361 1623 1419 scholiis
1665 1361 1756 1418 ad
1798 1361 2237 1430 Apollonium
2278 1363 2623 1421 Rhodium

623 1492 1071 1559 disserendum
1116 1513 1260 1556 esse
1304 1489 1520 1557 vide0.

793 1592 1205 1659 Herodianus
1252 1602 1326 1657 ut
1369 1590 1646 1656 aliorum
1691 1591 2114 1677 scriptorum,
2173 1614 2214 1656 a
2257 1592 2494 1678 quibus
2552 1591 2877 1658 vocabula
2931 1594 3015 1658 ab
3057 1594 3201 1678 ipso

622 1694 875 1784 prolata
946 1705 1012 1760 et
1071 1692 1398 1781 explicata
1461 1701 1648 1759 erant
1708 1704 2056 1780 usurpata,
2123 1693 2497 1759 testimonia
2566 1695 2637 1759 in
2710 1696 2971 1781 scriptis
3045 1695 3203 1776 suis,

625 1798 907 1863 maxime
951 1798 1020 1860 in
1051 1794 1387 1861 Catholica
1430 1793 1680 1878 attulit,
1729 1797 1824 1860 sic
1858 1796 2055 1861 etiam
2087 1794 2508 1882 Apollonium
2541 1806 2796 1884 poetam
2830 1797 3206 1884 saepissime

623 1899 939 1967 laudavit.
1029 1898 1203 1961 Hinc
1259 1898 1508 1961 factum
1553 1907 1684 1978 est,
1737 1907 1813 1961 ut
1870 1898 1948 1979 ii,
2010 1897 2119 1984 qui
2167 1897 2428 1963 Scholia
2481 1899 2549 1962 in
2594 1898 3017 1986 Apollonium
3060 1920 3205 1964 con-

626 2000 1151 2079 sarcinaverunt,
1230 1997 1436 2063 multa
1511 1999 1973 2063 adnotamenta
2046 2000 2560 2066 transcriberent
2625 2011 2818 2088 atque
2883 2001 2979 2065 sic
3049 1999 3209 2065 satis

628 2124 938 2188 magnum
984 2123 1320 2166 numerum
1365 2102 1885 2185 fragmentorum
1924 2100 2488 2167 Herodianeorum
2533 2111 2873 2169 servarent
2917 2102 2999 2167 cf.
3044 2102 3210 2166 indi·

629 2226 771 2270 cem
816 2204 898 2269 ad
944 2203 1207 2270 Scholia
1250 2226 1301 2268 s.
1343 2226 1406 2267 v.
1452 2202 1894 2269 Herodianus.
1980 2203 2326 2270 Nonnullis
2371 2203 2531 2271 locis
2573 2204 2935 2270 Herodiani
2975 2226 3212 2270 nomen

628 2316 984 2393 posuerunt
1038 2304 1190 2371 libri
1245 2305 1574 2370 notatione
1628 2305 1871 2370 omissa
1927 2306 1959 2371 Ι
2020 2306 2139 2370 132
2204 2308 2492 2388 φυλακός
2547 2309 2834 2374 Ἰωνικῶς
2888 2306 2926 2372 ὸ
2982 2308 3208 2387 φύλαξ.

629 2411 844 2475 Ἴωνες
889 2411 961 2474 δὲ
1005 2408 1075 2473 ἐκ
1117 2412 1250 2474 τῶν
1296 2413 1565 2484 γενικῶν
1615 2412 1902 2473 ποιοῦςιν
1958 2409 2240 2490 εὐθείας,
2299 2415 2415 2475 τοῦ
2470 2411 2758 2491 φύλακος
2815 2409 2853 2475 ὁ
2898 2409 3209 2491 φύλακος,

632 2516 749 2578 τοῦ
794 2512 1112 2592 μάρτυρος
1157 2511 1196 2575 ὁ
1241 2510 1586 2591 μάρτυρος·
1647 2515 1765 2575 τοῦ
1820 2513 1892 2576 δὲ
1936 2511 2228 2591 φύλακος
2282 2512 2707 2591 όξυτονητὲον
2759 2513 2877 2591 τὴν
2929 2512 3209 2591 πρώτην.

631 2613 1027 2693 Ἡρωδιανὸς
1095 2616 1167 2678 δὲ
1230 2615 1347 2692 τὴν
1413 2612 1780 2677 τελευταίαν
1836 2611 2049 2680 ὀξύνει
2117 2634 2205 2676 sc.
2271 2610 2343 2678 in
2396 2613 2582 2679 Pros.
2637 2612 2828 2678 cath.
2895 2635 3000 2699 ap.
3054 2613 3211 2677 Arc.

633 2716 748 2796 51,
795 2715 868 2797 8,
914 2715 1030 2781 ubi
1075 2714 1345 2780 docetur
1388 2715 1683 2781 Φύλακος
1727 2716 1802 2781 τὸ
1848 2715 2103 2800 κύριον,
2161 2717 2450 2797 φυλακός
2508 2719 2579 2783 δὲ
2624 2717 2662 2783 ὁ
2708 2717 2937 2798 φύλαξ.
3026 2714 3215 2779 Prior

634 2818 989 2899 sententia,
1060 2840 1144 2882 ex
1208 2840 1340 2904 qua
1403 2819 1692 2899 φύλακος
1756 2828 2325 2904 proparoxytonos
2399 2819 2815 2884 scribendum
2890 2829 3022 2900 est,
3090 2817 3217 2882 fuit

635 2918 999 3006 Apollonii,
1043 2929 1119 2984 ut
1162 2920 1613 3004 cognoscimus
1670 2942 1753 2984 ex
1800 2918 1898 2984 St.
1945 2919 2021 2983 B.
2066 2943 2132 3006 p.
2178 2921 2334 3002 325,
2386 2924 2416 2984 1
2465 2944 2518 2986 S.
2562 2924 2747 3002 Ἴβηρ.
2836 2921 3052 3002 Quum
3094 2921 3215 3004 igi-

631 3031 737 3086 tur
782 3019 995 3087 Schol.
1043 3019 1129 3086 ad
1173 3020 1391 3107 Apoll.
1440 3030 1766 3084 auctorem
1812 3019 1987 3085 illius
2024 3024 2391 3087 sententiae
2436 3021 2857 3109 Apollonium
2904 3031 3214 3103 tacerent,

636 3145 827 3209 quem
872 3122 1101 3208 procul
1155 3122 1355 3187 dubio
1401 3121 1818 3186 Herodianus
1866 3123 1967 3187 his
2022 3123 2182 3209 ipsis
2239 3124 2494 3204 verbiS,
2551 3124 2785 3211 quibus
2842 3144 2948 3209 ap.
2996 3123 3090 3187 St.
3138 3122 3215 3186 B.

640 3223 919 3289 relatum
965 3222 1270 3308 legimus,
1328 3224 1394 3287 in
1449 3223 1891 3289 testimonium
1948 3237 2326 3307 vocaverat,
2385 3227 2482 3292 St.
2527 3225 2603 3289 B.
2647 3223 3011 3289 Herodiani
3065 3245 3215 3288 con·

543 3377 546 3380 Α
640 3327 911 3392 trariam
956 3325 1037 3389 de
1082 3335 1354 3391 accentu
1399 3325 1772 3411 opinionem
1814 3326 2063 3408 omisit,
2111 3328 2207 3392 ita
2237 3328 2435 3393 uthis
2468 3328 2721 3393 duobus
2766 3327 2926 3394 locis
2959 3350 3217 3413 compa·

645 3430 805 3493 ratis
828 3426 1188 3492 Ilerodiani
1209 3424 1522 3513 placitum
1547 3426 1905 3512 expleatur.
1956 3429 2040 3493 cf.
2066 3454 2130 3517 p.
2154 3430 2582 3496 GXXXXII.
2609 3469 2693 3478 —-
2714 3431 2918 3494 Porro
2942 3428 3218 3515 legimus

642 3531 714 3596 II
747 3530 910 3594 1270
950 3530 1392 3613 πεπτάμενον,
1438 3530 1831 3609 Ἡρωδιανὸς
1875 3536 2358 3612 παροξυτόνως,
2407 3535 2519 3620 qui
2559 3532 2742 3600 locus
2789 3542 2889 3597 est
2917 3554 3000 3596 ex
3032 3543 3219 3619 parte

643 3629 1054 3711 Catholicae,
1100 3631 1213 3696 ubi
1258 3631 1340 3695 de
1387 3632 1874 3717 participiorum
1919 3645 2192 3699 accentu
2235 3635 2553 3719 agebatur
2597 3636 2749 3699 Arc.
2797 3658 2862 3719 p.
2911 3636 3050 3699 177.
3141 3634 3223 3698 In

642 3732 966 3798 nonnullis
1013 3733 1520 3812 adnotamentiS,
1570 3756 1738 3819 quae
1794 3758 1880 3800 ex
1923 3734 2261 3801 Catholica
2315 3747 2578 3823 sumpta
2634 3759 2776 3801 esse
2832 3736 3221 3823 subscriptio

645 3835 917 3917 indicat,
974 3858 1106 3901 non
1162 3834 1243 3900 de
1288 3847 1593 3918 accentu,
1653 3836 1766 3900 sed
1825 3838 1908 3901 de
1967 3840 2293 3924 scriptura
2336 3837 2671 3925 Apollonii
2714 3838 2955 3904 Rhodii
3009 3860 3220 3904 sermo

646 3947 774 4020 cst,
822 3941 931 4025 qui
976 3937 1101 4003 loci
1146 3937 1569 4018 confirmant,
1616 3938 1787 4025 quod
1821 3939 2146 4004 Arcadius
2197 3941 2355 4004 dicit
2397 3941 2467 4004 in
2498 3940 2838 4005 Catholica
2882 3940 2962 4006 de
3007 3942 3220 4007 ortho-

644 4041 923 4127 graphia
987 4041 1393 4126 singularum
1459 4062 1690 4105 vocum
1747 4051 2099 4107 tractatum
2155 4042 2392 4107 fuisse:
2462 4042 2497 4106 I
2554 4043 2713 4107 1297
2781 4042 3105 4121 ὄςτλιγγες
3161 4044 3227 4108 αἱ

651 4144 1056 4226 λαμπηδόνες
1097 4181 1183 4191 -
1223 4147 1417 4210 τοῦτο
1465 4145 1535 4208 δέ
1581 4165 1770 4224 φηςιν
1814 4145 2211 4224 Ἡρωδιανὸς
2268 4145 2337 4211 ἐν
2394 4152 2486 4228 τῷ
2541 4147 2819 4230 δευτέρῳ
2876 4151 2986 4225 τῆς
3039 4146 3224 4211 καθό-

649 4252 798 4313 λου·
854 4247 1029 4325 παρὰ
1085 4249 1199 4326 μὲν
1243 4247 1656 4330 Ἀπολλωνίῳ
1711 4247 1811 4311 καὶ
1854 4248 2096 4332 Φιλητᾷ
2140 4250 2244 4313 διὰ
2287 4252 2403 4313 τοῦ
2447 4253 2504 4312 ἆ.
2593 4248 2665 4312 II
2709 4249 2783 4311 17
2832 4248 3225 4327 ἀπηλεγέον-

647 4371 775 4415 τες;
837 4384 924 4395 ——-
978 4349 1015 4413 ὸ
1072 4351 1144 4413 δὲ
1198 4349 1591 4428 Ἡρωδιανὸς
1646 4348 2011 4427 ἀνηλεγέως
2078 4353 2231 4431 φηςὶ
2284 4353 2388 4416 διὰ
2452 4355 2568 4416 τοῦ
2634 4355 2673 4415 ν
2729 4352 2798 4415 ἐν
2854 4358 2945 4435 τῷ
3011 4355 3052 4428 ’Ῠ
3117 4355 3230 4429 τῆς

651 4452 931 4517 καθόλου
977 4460 1043 4515 et
1087 4449 1121 4513 I
1167 4452 1291 4515 785
1345 4452 1747 4531 ἀπηλεγέωςε
1811 4452 2205 4531 Ἡρωδιανὸς
2260 4453 2330 4517 ἐν
2385 4459 2477 4537 τῷ
2533 4454 2724 4538 τρίτῳ
2780 4457 2890 4531 τῆς
2947 4455 3229 4519 καθόλου

650 4554 1014 4633 ἀνηλεγέως
1069 4555 1236 4634 φηςί.
1323 4552 1394 4617 11
1442 4552 1563 4615 110
1606 4554 1889 4634 Ὠρεΐδης
1944 4556 2012 4619 δ’
2056 4555 2376 4636 Ἀμύκοιοε
2436 4557 2541 4619 διὰ
2595 4559 2706 4633 τῆς
2763 4561 2816 4620 ξι
2871 4556 3229 4637 διφθόγγου

650 4658 690 4736 ἢ
745 4658 1231 4750 παραλήγουςα·
1289 4657 1495 4721 οὕτως
1548 4655 1942 4735 Ἡρωδιανὸς
2000 4658 2069 4724 ἐν
2125 4665 2216 4742 τῷ
2272 4657 2463 4742 τρίτῳ
2518 4661 2630 4736 τῆς
2687 4659 2985 4724 καθόλου.
3086 4658 3232 4722 Hoc

652 4766 870 4821 tamen
924 4780 1053 4822 non
1108 4755 1373 4845 plenum
1429 4756 1792 4821 Herodiani
1847 4759 2381 4824 adnotamentum
2435 4781 2579 4822 csse
2632 4767 2815 4846 patet
2868 4782 2949 4824 ex
2997 4759 3227 4826 Choer.

653 4858 733 4922 E.
779 4858 869 4924 M.
918 4859 1072 4940 823,
1117 4860 1231 4924 45:
1291 4858 1570 4939 Ὠρείτης
1627 4860 1664 4924 ὸ
1721 4861 2011 4940 πολίτης’
2068 4863 2240 4940 παρὰ
2294 4862 2371 4928 τὸ
2418 4861 2638 4941 Ὠρεός
2684 4862 2912 4941 Ὠρεοῦ
2970 4863 3227 4954 γίνεται.
