3664 5546
621 374 747 439 456
1559 370 1641 423 εκ
1680 368 1821 423 ΤΩΝ
1864 362 2274 424 ΗΡΩΔΙΑΝΟΥ

619 550 821 625 ρεῑται
864 545 1025 609 κατὰ
1066 543 1185 609 τὸν
1227 541 1503 624 χρόνον,
1548 542 1651 605 καὶ
1694 547 1975 623 μηνιῶ,
2018 541 2096 604 τὸ
2141 542 2214 606 δὲ
2260 540 2351 606 ἰῶ
2395 541 2581 621 ἰῶμαι
2617 540 2743 623 ἰός,
2789 548 2976 619 κριῶ
3019 542 3219 622 κριός,

618 647 817 714 ἀνιῶ
861 645 1024 711 ἀνία.
1740 662 1747 665 Δ

790 749 886 813 Τὰ
940 747 1031 812 εἰς
1090 751 1143 811 ὦ
1200 747 1483 826 καθαρὸν
1539 745 2041 825 παραληγόμενα
2092 751 2183 829 τῷ
2228 746 2267 808 ὃ
2323 747 2503 829 μόνῳ
2562 749 2966 827 περιςπᾶται,
3021 752 3217 828 νοῶ,

621 857 810 933 βοῶ,
853 858 1048 933 γοῶ,
1094 857 1331 933 θροῶ,
1375 855 1573 933 ποῶ,
1620 855 1933 929 μακκοῶ
1976 849 2053 912 τὸ
2097 847 2428 929 μωραίνω,
2486 854 2734 929 πτοῶ,
2787 850 2980 929 λοῶ,
3025 854 3218 929 κοῶ,

545 962 579 1011 5
624 953 923 1034 ἀγνοῶ,
981 952 1274 1035 ἀκροῶ,
1331 951 1562 1016 ἀλοῶ.
1651 950 1715 1015 αἱ
1761 951 1979 1030 μέντοι
2025 950 2331 1015 ἑντέλειαι
2375 956 2507 1015 τῶν
2552 949 3051 1029 περισπωμένων
3107 953 3217 1029 βα-

622 1056 959 1137 ρύνονται,
1005 1053 1344 1136 χρυςόω,
1389 1052 1839 1134 ςτεφανόω,
1881 1051 2179 1132 γυψόω.

792 1155 888 1221 T&
945 1155 1035 1222 εἰς
1088 1160 1144 1220 ὧ
1202 1156 1484 1232 καθαρὸν
1531 1153 2031 1233 παραληγόμενα
2074 1159 2151 1237 τῇ
2196 1156 2259 1216 ffi
2315 1153 2650 1237 διφθόγγῳ
2703 1157 3105 1235 περιςπᾶται,
3160 1154 3220 1218 εἰ

612 1260 706 1339 ’μὴ
752 1257 1062 1324 διὰςταςις
1104 1258 1363 1333 γε’νοιτο
1406 1259 1525 1320 τοῦ
1569 1257 1634 1331 ἶ,
1689 1262 1919 1337 ποιῶ,
1976 1254 2118 1319 οἰῶ
2162 1255 2240 1319 τὸ
2285 1261 2494 1337 μονῶ,
2550 1254 2804 1320 ἀλοιῶ
2856 1255 2933 1320 τὸ
2977 1255 3216 1331 τύπτω,

624 1358 924 1424 ἀλλοιῶ
979 1360 1056 1424 τὸ
1112 1363 1469 1439 μεταποιῶ,
1526 1363 1812 1440 πτοιῶ,
1867 1362 2142 1439 χροιῶ,
2209 1355 2490 1440 ὁμοιῶ,
2558 1357 2904 1435 ἑτεροιῶ.
3003 1356 3078 1421 τὸ
3143 1358 3220 1421 δὲ

526 1467 591 1519 10
626 1460 801 1543 οἴω,
848 1461 1001 1526 ὅθεν
1049 1459 1266 1539 οἴομαι
1310 1459 1413 1523 καὶ
1456 1457 1664 1537 οἶμαι,
1710 1461 2074 1541 διαιρεῖται,
2119 1457 2240 1522 ὀῖω
2284 1458 2407 1536 γὰρ
2448 1465 2808 1538 ποιητικῶς.
2874 1458 2912 1522 ὁ
2956 1460 3028 1523 δὲ
3073 1457 3220 1523 οἴω

626 1562 896 1630 ἑνεςτῶς
938 1566 1057 1627 τοῦ
1102 1560 1257 1627 οἴςω
1301 1561 1653 1639 μέλλοντος
1698 1560 1817 1624 οὐκ
1859 1560 2027 1624 ἔςτιν
2072 1560 2143 1624 ἐν
2189 1560 2415 1638 χρήςει.
2533 1635 2537 1638 Α
2997 1580 3004 1585 ·

796 1663 892 1728 T&
946 1650 1053 1728 231⁸&
1107 1668 1226 1728 τοῦ
1282 1666 1379 1727 ῡῶ
1434 1661 1782 1742 διςύλλαβα
1828 1661 2167 1742 βαρύνεται
2212 1661 2315 1726 καὶ
2369 1666 2759 1740 περιςπᾶται.
2847 1666 3221 1742 περιςπᾶται

627 1765 774 1848 μέν,
820 1764 939 1830 ὅςα
981 1765 1113 1845 ἔχει
1159 1763 1369 1845 ὄνομα
1412 1765 1451 1842 ἢ
1497 1763 1642 1827 κατ’
1686 1762 2049 1843 ἐναλλαγὴν
2094 1763 2356 1846 γέγονε,
2391 1754 2600 1846 ’δυῶ,
2655 1770 2815 1828 θυῶ
2867 1765 2944 1829 τὸ
2996 1769 3223 1845 θυμιῶ,

628 1867 727 1933 ὅτι
771 1867 957 1944 θύος,
1004 1873 1167 1946 μυῶ
1210 1868 1313 1932 καὶ
1357 1866 1516 1945 μύω
1542 1863 1957 1949 -βαρύτονον,
2002 1872 2157 1930 κυῶ
2202 1865 2483 1931 Ἀττικὸν
2528 1865 2597 1931 ἐκ
2640 1870 2758 1931 τοῦ
2801 1866 2951 1931 κύω.
3023 1866 3104 1929 τὰ
3147 1867 3223 1929 δὲ

530 1975 595 2026 15
631 1970 713 2049 μὴ
770 1967 978 2035 οὕτως
1031 1968 1270 2048 ἔχοντα
1325 1968 1694 2050 βαρύνεται,
1751 1967 1936 2049 δύω,
2003 1968 2067 2035 ἐξ
2125 1967 2204 2032 οὗ
2260 1969 2466 2049 δύνω,
2523 1968 2710 2051 θύω,
2770 1968 2833 2035 ἐξ
2891 1966 2972 2033 οὗ
3023 1967 3224 2049 θύνω,

630 2069 817 2152 λύω,
861 2071 1055 2152 μύω,
1099 2070 1290 2153 κύω,
1333 2070 1518 2152 ξύω,
1563 2067 1699 2151 ὕω,
1746 2070 1987 2153 βρύω,
2031 2070 2280 2153 πτύω,
2327 2070 2499 2148 ῥύω.

796 2172 927 2237 Ἐτι
970 2173 1052 2236 τὰ
1095 2172 1200 2237 διὰ
1251 2175 1370 2237 τοῦ
1425 2177 1523 2240 ῦῶ
1580 2170 2090 2252 ὑπερδιςύλλαβα
2138 2172 2505 2255 βαρύνεται,
2559 2173 2615 2237 εἰ
2668 2174 2750 2251 μὴ
2805 2171 2946 2250 ἔχοι
2990 2169 3226 2252 ὄνομα,

629 2272 874 2357 ἀλύω,
939 2272 1232 2356 ἀρτύω,
1296 2274 1652 2356 πληθύω,
1722 2275 2034 2358 κωλύω,
2108 2274 2496 2355 ζευγνύω,
2564 2273 2859 2357 ὀμνύω,
2927 2273 3230 2355 ὀρνύω,

631 2373 1010 2459 ςβεννύω,
1056 2375 1302 2459 ἀνύω,
1346 2374 1643 2458 μηνύω,
1690 2374 1932 2457 ἀρύω,
1978 2375 2332 2458 ζωννύω,
2386 2375 2799 2457 χρωννύω,
2861 2375 3230 2456 ῥωννύω,

529 2483 599 2535 20
632 2477 995 2561 χωννύω,
1051 2478 1492 2558 ςτρωννύω.
1579 2476 1657 2542 τὸ
1702 2478 1775 2543 δὲ
1820 2477 2060 2556 ἰχθυῶ
2115 2477 2247 2555 ἔχει
2301 2476 2377 2541 τὸ
2422 2476 2631 2560 ἰχθῦς,
2686 2478 2790 2541 καὶ
2843 2477 2920 2541 τὸ
2964 2476 3232 2553 ἐγγυῶ

629 2577 737 2669 τό“
751 2577 947 2659 ἐγγύη
991 2581 1097 2644 καὶ
1138 2579 1215 2644 τὸ
1262 2586 1566 2662 βοτρ·υῶ
1609 2580 1687 2644 τὸ
1732 2579 1979 2661 βότρυς.

802 2680 898 2744 Τὰ
953 2680 1041 2746 εἰς
1092 2680 1150 2743 ’ὧ
1204 2682 1486 2760 καθαρὸν
1551 2682 2091 2761 παραληγόμενον
2136 2689 2213 2767 τῇ
2267 2684 2334 2748 Ui
2381 2681 2742 2761 βαρύνεται,
2812 2680 2867 2746 εἰ
2927 2682 3008 2762 μὴ
3064 2680 3231 2759 παρ’

634 2782 844 2862 ὄνομα
886 2782 1014 2865 εἴη,
1060 2782 1336 2868 ἀλυίω,
1383 2783 1668 2866 ὀπυίω,
1715 2784 2022 2863 μεθυὶω.
2104 2786 2180 2848 τὸ
2227 2786 2298 2850 δὲ
2343 2790 2537 2861 γυιῶ
2581 2787 2972 2862 περιςπᾶται.

567 2951 575 2971 ,
804 2884 901 2949 Τὰ
942 2884 1031 2950 εἰς
1073 2889 1133 2950 ὦ
1178 2886 1463 2966 καθαρὸν
1507 2885 2008 2965 παραληγόμενα
2050 2893 2141 2970 τῷ
2188 2891 2243 2950 ὦ
2288 2886 2656 2967 βαρύνεται,
2708 2887 2908 2967 ζώω,
2954 2885 3233 2966 πλώω,

530 2993 598 3045 25
634 2986 835 3069 ςώω,
881 2986 1087 3069 χώω,
1130 2988 1383 3066 τρώω,
1430 2988 1631 3068 ῥώω,
1675 2986 1935 3069 ἁλώω,
1980 2986 2220 3067 ἡβώω.
2308 2988 2502 3065 χωρὶς
2546 2991 2663 3051 τοῦ
2709 2990 3014 3070 κολωῶ,
3061 2986 3235 3064 ὅπερ

634 3087 767 3152 ἀπὸ
812 3092 930 3152 τοῦ
976 3089 1229 3171 κολῳός
1270 3090 1533 3167 γέγονε,
1578 3089 1681 3153 καὶ
1724 3087 1857 3168 ἔχει
1899 3091 1933 3152 ἶ
1974 3090 2616 3172 προςγεγραμμένον,
2663 3090 2755 3154 ὡς
2798 3088 3165 3155 Φιλόξενος.

803 3188 898 3254 Τὰ
954 3188 1043 3254 εἰς
1094 3177 1331 3256 ξ-ω’καὶ
1384 3193 1498 3269 ’ῷῶ
1540 3193 1947 3274 περιςπᾶται,
2006 3196 2243 3273 διψῶ,
2300 3198 2561 3273 γυψῶ,
2618 3195 3051 3271 κενοδοξῶ,
3097 3212 3235 3270 ‹pt--

636 3294 979 3373 λοδοξῶ,
1033 3289 1339 3374 ἀδοξῶ,
1377 3291 1617 3375 αὐξῶ,
1671 3290 1952 3375 ἀλεξῶ,
2010 3292 2189 3371 ἑψῶ.
2276 3292 2353 3357 τὸ
2398 3293 2522 3372 γὰρ
2576 3291 2781 3359 αὔξω
2825 3291 2928 3356 καὶ
2970 3290 3235 3357 ἀλὲξω

633 3392 738 3456 καὶ
780 3390 947 3469 ἕψω
991 3392 1285 3459 Ἀττικῶς
1330 3394 1685 3472 βαρύνεται.
1771 3391 1848 3455 τὸ
1894 3394 1966 3457 δὲ
2006 3393 2174 3476 ἵξω,
2234 3393 2314 3458 οὗ
2370 3396 2409 3459 ὁ
2452 3393 2879 3472 παρατατικὸς
2932 3390 3072 3460 ἷξον
3119 3419 3148 3450 ‹
3169 3393 3240 3457 οἱ

536 3500 604 3552 30
638 3492 707 3557 δ’
749 3490 890 3559 ἷξον
934 3493 1156 3573 κοίλην
1200 3493 1680 3573 Λακεδαίμονα»
1727 3491 1880 3576 (Od.
1918 3499 1954 3559 δ
2002 3494 2068 3576 1)
2112 3497 2214 3560 καὶ
2255 3496 2333 3559 τὸ
2378 3495 2562 3578 ἄξω,
2608 3494 2688 3560 οὗ
2731 3496 2809 3560 τό
2854 3515 3234 3575 προςτακτι-

635 3594 753 3660 κὸν
810 3592 1030 3661 «ἄξετε
1084 3596 1156 3659 δὲ
1209 3594 1530 3674 Πριάμοιο
1587 3595 1767 3675 βίην»
1823 3597 1900 3678 (Γ
1944 3595 2094 3678 105)
2146 3598 2251 3662 καὶ
2303 3597 2381 3661 τὸ
2435 3597 2766 3678 ὄψωρκαὶ
2807 3596 3055 3676 ὄψομαι
3065 3645 3086 3680 ,
3145 3595 3233 3664 οὗ

3017 3765 3050 3778 Q

638 3884 822 3949 μηνιῶ
870 3899 938 3934 ex
974 3885 1221 3951 Theogn.
1262 3879 1385 3949 14⁴6,
1419 3888 1502 3936 21.
1639 3886 1675 3940 l.
1711 3888 1745 3935 4
1789 3889 1953 3937 πτοῶ
1999 3913 2066 3922 -
2109 3885 2264 3938 ἀλοῶ
2315 3889 2436 3953 (pro
2481 3885 2661 3949 ἀκοῶ)
2709 3904 2777 3938 ex
2820 3888 3064 3953 Theogn-
3110 3889 3232 3952 147,

635 3955 728 4015 20,
772 3951 976 4015 γυψόω
1021 3968 1089 4002 ex
1133 3954 1379 4018 Theogn.
1416 3956 1532 4018 149,
1569 3954 1654 4003 28.
1825 3953 1862 4003 1.
1889 3957 1922 4005 8
1958 3956 2104 4006 ποιῶ
2141 3981 2209 3991 -
2254 3955 2432 4018 ὁμοιῶ
2481 3972 2548 4006 ex
2582 3956 2828 4022 Theogn.
2869 3957 2991 4017 148,
3027 3959 3118 4017 24,
3159 3973 3232 4008 ex

636 4022 800 4075 Laoc.
850 4023 972 4080 172,
1019 4024 1087 4072 29
1126 4021 1200 4072 τὸ
1249 4020 1312 4072 δὲ
1365 4018 1470 4072 οἴω
1515 4047 1582 4056 -
1628 4024 1938 4086 ποιητικῶς
1974 4040 2088 4087 xpro
2133 4023 2356 4074 Arcadii
2402 4025 2611 4075 verbis:
2665 4023 2736 4075 τὸ
2780 4023 2842 4075 δὲ
2887 4020 2993 4075 οἴω
3036 4022 3230 4085 οἴομαι

636 4086 745 4139 ὁῐω
790 4085 1005 4150 γίνεται
1060 4089 1131 4140 cf.
1182 4088 1383 4142 Herod.
1438 4105 1526 4155 ap.
1575 4090 1654 4142 St.
1701 4091 1764 4140 B.
1812 4093 1940 4153 359,
1986 4091 2019 4140 8
2066 4090 2178 4142 ἔςτι
2225 4090 2311 4142 ὅτι
2360 4089 2502 4154 μετὰ
2547 4091 2656 4156 τὴν
2703 4089 2963 4156 διαίρεςιν
3009 4090 3232 4144 ἐκταςις

633 4153 849 4218 γίνεται
894 4155 1110 4219 ὀΐομαι,
1158 4156 1344 4220 όῖγον,
1399 4155 1525 4207 ὄῑδα
1569 4157 1713 4221 παρ’
1756 4156 2047 4209 Αἰολεῠςιν
2098 4156 2229 4209 ἀντὶ
2271 4162 2376 4211 τοῦ
2432 4158 2574 4210 οἶδα.
2756 4160 2792 4214 l.
2842 4161 2906 4210 14
2949 4173 3044 4224 pro
3090 4158 3231 4210 ὅθεν

635 4222 770 4275 θύος
807 4225 1003 4291 scripsi
1041 4241 1163 4275 eum
1198 4223 1461 4278 Schmidt.
1497 4223 1586 4275 ὅτι
1622 4224 1772 4276 θύος.
1844 4226 2089 4277 Lobeck.
2127 4226 2319 4280 Rhem.
2357 4230 2457 4278 290
2492 4233 2604 4278 not.
2640 4228 2808 4278 scribi
2843 4228 2965 4277 vult
2999 4227 3119 4277 θυῶ
3155 4227 3231 4278 τὸ

637 4289 731 4342 ἐπὶ
784 4290 915 4343 ςυὸς
968 4291 1058 4342 καὶ
1111 4290 1426 4355 βαρύτονον
1477 4291 1547 4343 τὸ
1600 4292 1786 4356 ὀρμῶ,
1845 4293 1982 4344 ὅθεν
2033 4291 2184 4345 θύος.
2255 4295 2311 4344 in
2359 4295 2463 4345 fine
2508 4293 2595 4345 ὕω
2642 4321 2708 4330 -
2753 4293 2875 4360 ῥύω
2921 4294 3114 4345 addidi
3157 4312 3234 4345 ex

636 4358 884 4424 Theogn.
924 4361 1040 4422 148,
1080 4361 1158 4409 19.
1262 4359 1298 4408 l.
1338 4362 1400 4409 19
1435 4357 1593 4411 ἀνύω
1631 4362 1873 4413 accessit
1911 4378 1978 4411 ex
2015 4361 2174 4414 Laso.
2217 4365 2339 4424 172,
2376 4366 2436 4425 9,
2474 4361 2671 4428 μηνύω
2708 4388 2775 4398 —-
2810 4360 3119 4426 ςτρωννύω
3155 4377 3232 4413 ex

637 4426 885 4492 'l'heog-n.
926 4428 1039 4490 149,
1081 4430 1127 4477 1.
1264 4426 1303 4480 l.
1338 4429 1404 4479 23
1442 4425 1652 4490 μεθυίω
1692 4430 1900 4479 inserui
1938 4445 2005 4479 ex
2042 4429 2288 4495 Theogn.
2328 4433 2440 4494 149,
2480 4434 2528 4481 5.
2666 4431 2699 4483 l.
2728 4433 2795 4480 25
2830 4430 2994 4494 χώω,
3029 4427 3230 4492 τρώω,

636 4491 774 4557 ῥώω
811 4493 1001 4545 addidi
1039 4510 1107 4544 ex
1141 4494 1387 4560 Theogn.
1427 4498 1550 4558 149,
1594 4498 1680 4559 17,
1727 4494 1904 4547 ἁλώω
1941 4494 2117 4559 ἡβώω
2165 4513 2232 4548 ex
2270 4499 2432 4551 Lase.
2475 4499 2596 4559 172,
2638 4501 2699 4548 14
2735 4503 2793 4549 et
2828 4497 3072 4562 Theogn.
3109 4499 3232 4558 148,

640 4563 730 4625 16,
770 4559 849 4613 ὡς
886 4560 1187 4613 Φιλόξενος
1222 4564 1281 4612 in
1327 4563 1431 4613 fine
1478 4579 1547 4612 ex
1582 4564 1831 4631 Theogn.
1868 4564 1903 4614 1.
1939 4581 1984 4617 e.
2030 4566 2206 4616 τοῦτο
2244 4564 2340 4631 (sc.
2379 4565 2609 4631 κολῳῶ)
2650 4593 2712 4603 -
2748 4562 2901 4628 παρὰ
2936 4561 3232 4631 Φιλοξένῳ

637 4627 739 4680 ςὺν
773 4631 858 4694 τῷ
894 4631 943 4680 ἶ.
1079 4629 1113 4679 1.
1153 4632 1219 4681 28
1256 4627 1380 4695 ἑψῶ
1404 4631 1596 4700 'adieci
1630 4632 1751 4698 ipse
1791 4638 2015 4698 propter
2059 4649 2296 4699 sequens
2332 4632 2473 4697 ἕψω.
2545 4634 2626 4684 De
2663 4634 2970 4684 Atticorum
3004 4634 3235 4696 baryto-

638 4697 760 4746 nesi
792 4697 864 4747 ef.
904 4697 1100 4748 Choer.
1137 4700 1264 4760 488,
1304 4702 1395 4762 13,
1443 4700 1543 4765 Ep.
1583 4700 1671 4750 Cr.
1709 4702 1736 4750 I
1771 4702 1867 4764 86,
1904 4703 1966 4762 4,
2015 4702 2079 4750 Ε.
2114 4701 2186 4752 Μ.
2224 4704 2352 4766 237,
2390 4704 2482 4764 28,
2532 4703 2624 4766 qui
2671 4701 2821 4752 locus
2864 4716 2933 4751 ex
2978 4700 3234 4766 Theogu.

638 4763 947 4814 translatus
992 4769 1095 4815 est.
1166 4763 1271 4816 ἵξω
1318 4769 1500 4831 recepi
1545 4784 1613 4819 ex
1657 4768 1865 4818 Herod.
1910 4769 1968 4819 in
2014 4769 2077 4818 Ε.
2118 4771 2189 4819 Μ.
2225 4771 2352 4831 472,
2395 4773 2457 4820 13
2501 4769 2573 4819 cf.
2620 4769 2798 4820 Schol.
2847 4767 2919 4818 ad
2967 4767 3069 4820 Od.
3106 4766 3139 4819 δ
3183 4772 3238 4832 1,

639 4826 756 4882 ἄξω
793 4845 862 4882 ex
896 4831 1099 4882 Herod.
1135 4847 1223 4899 ap.
1260 4832 1457 4884 Choer.
1495 4836 1619 4898 763,
1660 4833 1788 4900 ὄψω
1812 4835 2039 4900 ,ὄψομαι
2075 4834 2281 4901 ὄψεςθε
2321 4852 2388 4888 ex
2427 4837 2630 4889 Herod.
2667 4839 2729 4888 iu
2763 4838 2827 4890 Ε.
2866 4837 2936 4888 Μ.
2975 4837 3104 4899 646,
3141 4837 3240 4891 20.
