3664 5546
1216 370 1374 425 ΠΕΡΙ
1415 369 1806 426 ΚΑΘΟΛΙΚΗ(
1843 370 2262 426 ΠΡΟΕΩιΔΙΑ(
2302 372 2334 425 Ι.
2931 371 3054 436 247

486 545 597 620 τῆς
642 541 954 620 Ἠπείρου.
1011 542 1294 621 Ὅμηρος
1341 543 1483 606 «καὶ
1517 542 1849 622 Κροκύλει’
1892 541 2199 623 ἐνέμοντο
2242 544 2349 608 καὶ
2379 543 2672 621 Αἰγίλιπα
2714 546 3052 623 τρηχεῖαν»

486 645 561 726 (Β
590 642 759 724 633).
824 642 1049 724 εἴληφε
1092 645 1164 709 δὲ
1206 645 1322 724 τὴν
1367 644 1797 725 προςηγορίαν
1842 645 1949 709 διὰ
1989 646 2066 711 τὸ
2109 646 2439 724 πετρώδης
2483 644 2647 741 εἶναι
2692 647 2794 710 καὶ
2838 646 3054 725 ὑψηλὴ

486 747 587 810 καὶ
629 744 1043 825 ἀπρόςβατος.

653 847 746 911 Τὰ
789 847 877 911 εἰς
919 850 1016 926 ff&
1062 847 1428 932 βαρύνεται,
1477 848 1719 928 Κίνυψ
1765 848 1803 913 6
1851 850 2063 928 λιμήν·
2108 849 2234 915 ἔςτι
2277 851 2348 914 δὲ
2392 850 2495 914 καὶ
2537 850 2838 930 ποταμός.
2908 850 3053 916 Χά-

488 953 669 1032 λυψ,
723 950 870 1028 περὶ
920 951 1041 1015 τὸν
1095 948 1356 1015 Πόντον
1410 950 1598 1015 ἔθνος
1655 950 1759 1015 ἐπὶ
1810 957 1903 1036 τῷ
1946 956 2214 1035 ποταμῷ
2259 952 2697 1035 Θερμώδοντι,
2762 954 2907 1045 περὶ1
2974 951 3053 1017 οὗ
3096 961 3128 1011 5

375 1096 379 1105 -
485 1050 759 1119 Εὔδοξος
802 1052 873 1117 ἐν
916 1052 1154 1136 πρώτῳ
1210 1051 1318 1116 «ἐκ
1373 1052 1445 1116 δὲ
1498 1054 1609 1128 τῆς
1656 1051 1967 1134 Χαλύβων
2021 1052 2235 1132 χώρας
2288 1053 2326 1118 6
2382 1055 2633 1133 ςίδηρος
2687 1053 2725 1118 6
2782 1055 2928 1133 περὶ
2977 1055 3056 1118 τὰ

486 1153 858 1233 ςτομώματα
892 1153 1353 1233 ἐπαινούμενος
1384 1152 1726 1230 ἐξάγεται».
1817 1154 2129 1219 «τούτους
2158 1155 2442 1235 Ὅμηρος
2473 1155 2813 1223 Ἁλίζωνάς
2858 1177 3053 1237 φηςιν

485 1255 554 1322 ἐν
597 1261 690 1340 τῷ
734 1256 891 1334 μετὰ
935 1255 1090 1321 τοὺς
1131 1255 1573 1335 Παφλαγόνας
1617 1256 1953 1340 καταλόγῳ
1999 1252 2103 1337 (Il.
2155 1258 2201 1320 Β
2245 1255 2399 1338 856)

884 1357 1084 1435 αὐτὰρ
1129 1356 1486 1422 Ἁλιζώνων
1532 1356 1742 1422 Ὀδίος
1785 1358 1889 1422 καὶ
1932 1357 2349 1440 Ἐπίςτροφος
2393 1357 2595 1438 ἦρχον

881 1459 1150 1538 τηλόθεν
1195 1458 1258 1527 ἐξ
1304 1459 1614 1541 Ἀλύβων,
1661 1458 1812 1524 ὅθεν
1857 1457 2143 1538 ἀργύρου
2188 1460 2316 1526 ἐςτὶ
2356 1462 2642 1539 γενέθλη.
3096 1474 3159 1526 lo

483 1562 622 1641 ἤτοι
667 1565 779 1640 τῆς
830 1565 1082 1642 γραφῆς
1137 1560 1564 1640 μετατεθείςης
1621 1560 1750 1627 ἀπὸ
1803 1565 1923 1626 τοῦ
1969 1562 2272 1641 *τηλόθεν
2328 1562 2396 1628 ἐκ
2441 1563 2765 1644 Χαλύβης’
2821 1564 2861 1642 ἢ
2926 1568 3057 1630 τῶν

484 1662 843 1741 ἀνθρώπων
887 1667 1146 1741 πρῶτον
1191 1662 1473 1744 Ἀλύβων
1519 1664 1886 1742 λεγομένων
1930 1662 2072 1728 ἀντὶ
2112 1669 2229 1729 τοῦ
2276 1664 2647 1745 Χαλύβων».
2704 1666 2805 1730 καὶ
2850 1666 3054 1731 Χάλυᾱ

485 1769 585 1844 βοι
627 1764 787 1843 παρ’
816 1763 1115 1847 Ἑκαταίῳ
1148 1764 1527 1845 «Χαλύβοιςι
1572 1764 1736 1844 πρὸς
1782 1760 1979 1831 νότον
2010 1765 2323 1845 Ἀρμένιοι
2367 1765 2764 1847 ὁμορέουςι».
2808 1768 3054 1847 Ἀρυψ

485 1866 546 1931 οἱ
591 1866 720 1931 ἀπὸ
765 1866 1004 1931 δύςεως
1048 1866 1224 1946 μέχρι
1269 1866 1507 1946 Ἰςθμοῦ
1538 1867 1789 1946 Ἀχαιοί.
1855 1871 2049 1932 τοῦτο
2096 1869 2166 1933 δὲ
2210 1869 2312 1933 καὶ
2355 1869 2849 1950 μονοςυλλάβως
2892 1868 3055 1949 Ῥύψ

485 1969 746 2044 λέγεται.
3095 1983 3156 2034 15

648 2070 747 2135 Εἰς
791 2073 888 2148 W
931 2069 1050 2134 οὐκ
1090 2069 1259 2135 ἔςτιν
1304 2069 1514 2148 εὑρεῖν
1558 2070 1655 2135 ὅτι
1701 2072 1781 2151 μὴ
1827 2071 2032 2151 μόνον
2075 2071 2151 2136 τὸ
2196 2072 2465 2151 κώληψ
2514 2072 2889 2153 βαρύτονον.

645 2171 739 2237 Τὰ
794 2170 883 2244 εἰς
941 2193 1048 2250 ωψ
1104 2171 1556 2253 πολυςύλλαβα
1608 2173 1794 2252 κύρια
1849 2172 2009 2238 ὄντα
2059 2173 2098 2252 ἢ
2153 2175 2585 2253 προςηγορικά
2651 2174 3054 2258 βαρύνονται,

483 2274 852 2355 Κύκλωψ,
908 2274 1222 2353 Ἄλμωψ
1278 2271 1316 2337 6
1370 2274 1780 2339 Ποςειδῶνος
1838 2277 1940 2340 καὶ
1994 2275 2222 2355 Ἕλλης
2277 2279 2396 2340 τοῦ
2450 2275 2873 2358 Ἀθάμαντος,
2930 2275 3054 2357 ἀφ’

480 2374 558 2440 οὗ
603 2375 923 2455 Ἀλμωπία
965 2376 1145 2455 χώρα
1187 2378 1298 2454 τῆς
1344 2374 1775 2460 Μακεδονίας,
1834 2377 1934 2441 καὶ
1977 2376 2052 2441 τὸ
2098 2376 2348 2442 ἐθνικόν
2394 2376 2776 2457 ὁμοφώνως.
2863 2376 3051 2461 ἰ’ωψ,

479 2478 789 2556 μώλωψ.
875 2477 1302 2561 ςεςημείωται,
1370 2476 1458 2543 ὥς
1523 2477 1691 2544 τινές
1755 2498 1940 2558 φαςι,
2005 2479 2082 2543 τὸ
2143 2478 2408 2557 εὐρώψ
2466 2477 2875 2558 ὀξυνόμενον.
2973 2480 3052 2544 τὰ
3087 2497 3155 2547 20

480 2578 695 2656 μέντοι
751 2579 1068 2643 ἐπιθετικὰ
1122 2578 1409 2646 ὀξύνεται
1465 2578 1954 2658 ὑπεςταλμένων
2009 2582 2142 2646 τῶν
2196 2580 2759 2645 ὑποπεπτωκότων
2815 2580 3051 2660 κυρίοις

481 2680 519 2756 ἢ
573 2684 703 2744 τῶν
759 2678 1128 2746 ἰδιαζόντων
1195 2681 1472 2760 μονώψ
1529 2679 1567 2744 6
1623 2681 2115 2766 μονόφθαλμος,
2181 2682 2615 2765 κελαινώψ,
2681 2683 3049 2766 τυφλώψ,

481 2782 851 2861 γλαυκώψ
919 2785 1328 2858 «γλαυκῶπες
1396 2783 1816 2867 δράκοντες»,
1884 2785 2101 2864 εὐώψ
2170 2784 2432 2875 «εὐῶπα
2496 2784 2808 2863 παρειάν»
2874 2785 3051 2863 παρὰ

482 2881 798 2964 (οφοκλεῑ
834 2882 1091 2967 (Antig.
1123 2883 1276 2966 530)
1308 2884 1637 2951 «εὐῶπες»
1685 2887 1859 2966 παρὰ
1887 2887 2254 2967 Λυκόφρονι
2295 2887 2384 2968 (ν.
2414 2884 2557 2969 23),
2601 2908 2708 2951 πα
2720 2886 3046 2967 ραβλώψ

479 2987 942 3065 «παραβλῶπές
994 2987 1060 3050 τ’
1114 2986 1468 3067 ὀφθαλμώ»
1525 2984 1627 3069 (Il.
1678 2988 1691 3051 Ι
1737 2986 1908 3069 503).
1994 2989 2069 3053 τό
2124 2990 2195 3053 δὲ
2250 2987 2543 3067 ἑλίκωψ
2595 2987 2773 3054 καὶὸ
2819 2989 3046 3068 μύωψ
3084 3008 3147 3058 ‘25

476 3085 513 3152 6
543 3087 701 3167 μυὸς
731 3085 1107 3168 ὀφθαλμούς
1135 3087 1305 3166 ἔχων
1336 3089 1439 3153 καὶ
1479 3089 1899 3169 νυκτάλωψ
1933 3090 2299 3172 βαρύνεται,
2345 3090 2556 3170 ὥςπερ
2590 3091 2665 3155 τό
2715 3089 3043 3169 Κύκλωψ

474 3190 576 3253 καὶ
619 3189 932 3270 κέρκωψ
977 3190 1017 3255 6
1061 3190 1280 3256 δόλιος
1324 3191 1425 3256 καὶ
1468 3188 1622 3271 ἰ’ωψ
1669 3190 1706 3255 ὁ
1752 3191 1942 3270 ἰχθῦς.

472 3342 640 3350 -——-———-

606 3443 642 3493 l.
679 3446 712 3494 4
750 3442 927 3509 Κίνυψ
953 3445 1172 3513 explevi
1196 3461 1264 3496 ex
1287 3445 1535 3512 Theogn.
1562 3447 1644 3508 98,
1672 3449 1720 3509 3,
1745 3444 1942 3510 Χάλυψ
1969 3462 2033 3497 ex
2055 3445 2135 3499 St.
2160 3448 2244 3510 Β.,
2266 3446 2409 3513 apud
2435 3463 2593 3512 quem
2615 3448 2785 3498 verba
2808 3445 3046 3499 τούτους

474 3510 724 3577 ’Ὄμηρος
759 3538 824 3550 -
860 3512 984 3565 ἀντὶ
1019 3515 1123 3564 τοῦ
1162 3511 1436 3576 Χαλύβων
1472 3515 1533 3577 (l.
1571 3516 1758 3577 7—12)
1796 3530 1863 3565 ex
1899 3513 2168 3565 Strabone
2205 3532 2255 3581 p.
2292 3517 2392 3566 649
2435 3516 2614 3580 petita
2649 3523 2793 3568 sunt.
2862 3513 3045 3579 Ἀρυψ

473 3580 651 3630 adieci
678 3596 746 3630 ex
771 3580 1013 3646 Theogn.
1047 3583 1130 3643 98,
1153 3584 1204 3644 4,
1241 3597 1327 3647 ap.
1356 3583 1434 3633 St.
1460 3582 1521 3635 B.
1551 3580 1764 3648 Ἀρύπη
1791 3581 1954 3634 πόλις
1986 3579 2071 3647 [ἐν
2100 3581 2313 3649 Ἀχαΐᾳ]
2354 3580 2420 3646 ἦς
2444 3581 2498 3634 οἱ
2533 3584 2759 3635 πολῖται
2782 3581 3045 3647 Ἀρυπες,

473 3645 551 3700 ὡς
578 3647 918 3711 Ἡρωδιανὸς
945 3654 1002 3698 et
1026 3647 1222 3700 Ῥύπαι
1247 3648 1408 3701 πόλις
1437 3649 1664 3715 Ἀχαῖκή
1693 3678 1754 3687 —-
1781 3650 1813 3702 6
1840 3648 2075 3715 πολίτης
2103 3649 2254 3714 Ῥύψ.
2356 3650 2392 3701 l.
2410 3655 2472 3702 16
2498 3667 2595 3717 pro
2619 3651 2839 3701 Arcadii
2860 3652 3046 3702 verbis

469 3714 540 3766 τὰ
564 3712 643 3767 εἰς
677 3718 757 3780 ῆῐμ
795 3715 1117 3780 βαρύνεται,
1154 3716 1357 3782 κὼληψ
1396 3720 1554 3783 posui
1588 3718 1931 3784 Theognosti
1967 3734 2227 3769 canonem
2266 3735 2315 3784 p.
2341 3721 2426 3782 97,
2450 3721 2534 3770 32.
2639 3720 2673 3770 l.
2703 3721 2765 3770 18
2800 3717 3044 3783 Ἀλμωψ

470 3784 678 3834 inserui
715 3799 782 3835 ex
819 3786 901 3837 St.
937 3787 1027 3843 B..
1071 3783 1346 3849 γλαυκώψ
1384 3813 1445 3822 -
1484 3785 1802 3851 παραβλώψ
1850 3802 1917 3837 ex
1952 3786 2203 3838 Eustath.
2241 3788 2365 3849 768,
2402 3789 2493 3849 39,
2540 3788 2712 3838 verba
2748 3787 3044 3838 Homerica

470 3851 680 3903 addens
718 3869 785 3903 ex
820 3851 888 3907 11.
925 3853 1013 3905 Pr.
1053 3850 1065 3904 Ι
1104 3855 1223 3915 503,
1261 3852 1569 3918 νυκτάλωψ
1605 3855 1707 3906 hoc
1744 3855 1864 3906 loeo
1900 3870 1968 3906 ex
2003 3855 2158 3906 Eust.
2198 3855 2232 3906 l.
2273 3871 2319 3908 ο.
2358 3855 2690 3920 interposui,
2727 3855 2857 3919 quia
2894 3855 3040 3905 simi·
3068 3897 3079 3906 .

467 3919 596 3970 liter
638 3925 806 3986 atque
855 3919 1025 3985 μύωψ
1071 3926 1128 3971 et
1172 3922 1575 3974 substantivum
1620 3928 1676 3973 et
1718 3922 2060 3974 adiectis-um
2105 3927 2214 3984 θεὶς
2260 3938 2357 3990 pro
2404 3920 2635 3988 κέκρωψ
2679 3922 2879 3987 scripsi
2921 3937 3038 3972 cum

469 3987 711 4041 Lobeek.
747 3986 1005 4052 κέρκωψ,
1045 4004 1142 4055 pro
1176 3986 1294 4052 ἵωψ
1331 3988 1363 4040 6
1399 3990 1622 4042 κυνικός
1659 3991 1858 4056 scripsi
1894 3987 2075 4054 ἰχθῦς,
2123 4006 2249 4041 nam
2322 3991 2452 4042 iscis
2494 4006 2690 4046 nomen
2727 3997 2917 4041 notum
2955 3996 3040 4040 est

467 4055 754 4107 Athenaeo
789 4073 842 4123 p.
879 4060 995 4119 300,
1035 4057 1294 4108 Schmidt.
1330 4056 1581 4110 κυνίςκος
1619 4059 1884 4111 exhibuit.
1945 4059 2236 4109 Caeterum
2310 4074 2339 4109 e
2376 4058 2479 4108 hoc
2513 4073 2721 4109 canone
2757 4056 3037 4107 conferen-

469 4122 571 4175 dus
614 4130 701 4175 est
737 4124 872 4178 Lob.
922 4125 1119 4176 Parall.
1162 4141 1213 4191 p.
1259 4127 1358 4176 293
1406 4135 1462 4178 et
1507 4126 1578 4176 ad
1623 4128 1705 4177 Αἱ.
1754 4144 1806 4192 p.
1843 4128 1941 4177 407
1989 4141 2139 4191 seqq.
2223 4126 2575 4190 Quorundam
2620 4124 2774 4176 velut
2820 4120 3035 4187 ἑλίκωψ

468 4197 752 4242 accentum
798 4191 1163 4259 disceptatum
1208 4193 1380 4244 fuisse
1423 4197 1660 4260 appare!
1698 4207 1766 4244 ex
1809 4194 1875 4244 11.
1911 4193 1999 4243 Pr.
2042 4192 2080 4246 l.
2117 4210 2161 4243 e.
2211 4193 2614 4256 παραβλῶπεςι
2660 4204 3035 4255 προπεριςπα-

467 4257 627 4310 ςτέον
666 4257 874 4324 ὁμοίως
910 4263 995 4326 τῷ
1031 4262 1355 4325 τυφλῶπες.
1402 4259 1517 4313 ἀπὸ
1552 4260 1658 4326 γὰρ
1695 4258 2035 4324 ὁξυνομένης
2071 4258 2290 4312 εὐθείας
2325 4259 2551 4321 ἐγένετο
2575 4260 2677 4323 τῆς
2701 4257 3034 4323 παραβλώψ.

465 4325 536 4377 τὰ
569 4326 631 4380 δέ
665 4329 900 4380 τοιαῦτα
935 4327 1025 4380 καί
1062 4327 1412 4395 βαρυνόμενα
1449 4327 1650 4394 εὑρέθη
1688 4330 1777 4379 καὶ
1816 4325 2125 4388 ὀξυνόμενα
2161 4326 2350 4391 ὥςπερ
2384 4327 2455 4378 τὸ
2493 4326 2767 4379 ἑλικῶπες
2802 4327 2895 4377 καὶ
2935 4324 3033 4377 Κύ-

467 4395 717 4510 ιὲλωπες,
755 4396 883 4461 περὶ
920 4394 1005 4447 ὧν
1040 4395 1436 4461 ἑντελέςτερον
1471 4395 1692 4458 λέγεται
1729 4394 1791 4447 ἐν
1827 4396 1946 4446 τοῖς
1983 4394 2109 4458 περὶ
2146 4393 2460 4458 ςχημάτων.
2499 4395 2687 4445 Fluxit
2728 4410 2793 4444 ex
2832 4395 3036 4445 Herod.

513 4465 714 4519 ustath.
753 4464 786 4515 1.
824 4481 868 4516 c.

1445 4685 1582 4693 -—--—
1617 4686 1798 4691 ---—-—
1829 4684 2043 4693 —.-—-
