3664 5546
1176 399 1334 455 ΠΕΡΙ
1381 398 1770 454 ΚΑΘΟΛΙΚΗ(
1804 398 2224 454 ΠΡΟΕΩιΔίΑΕ
2263 399 2340 452 ΙΑ.
2911 397 3039 464 255

463 572 870 651 εἰςεκώμαςεν
885 594 929 635 ».
987 571 1375 636 Ἄνθυλλα
1416 567 1666 649 ἀδελφὴ
1700 568 2073 651 Μέμνονος,
2118 567 2243 650 ἀφ’
2272 568 2347 647 ἧς
2391 569 2463 634 ἐν
2492 575 2585 653 τῷ
2616 569 2821 654 Νείλῳ
2853 569 3038 634 πόλις

464 674 822 755 ὁμώνυμος.
897 672 1246 751 Ἡρόδοτος
1276 671 1542 754 δευτέρᾳ
1572 672 1651 755 (e.
1685 668 1795 752 98)
1827 671 2155 738 «Τουτέων
2186 673 2257 736 δὲ
2286 672 2325 750 ἡ
2357 673 2471 751 μὲν
2500 673 2819 737 Ἄνθυλλα
2847 671 3038 736 ἑοῦςα

465 776 687 857 λογίμη
718 775 904 841 πόλις
934 774 1000 839 ἐς
1031 773 1406 853 ὑποδήματα
1435 773 1801 852 ἐξαίρετος».
1854 774 1898 837 Ἴ
1916 777 2050 854 βυλ
2068 776 2160 839 λα
2190 774 2375 839 πόλις
2403 774 2792 853 Ταρτηςςίας.
2850 772 3037 851 Ἀρί-

466 882 779 960 ςτυλλα,
824 877 1233 958 φθίνυλλα.
1291 876 1611 955 Ἔχετλα
1653 875 1839 940 πόλις
1871 874 2164 940 (ικελίας.
2224 881 2422 942 ταῦτα
2452 877 2566 957 μὲν
2597 874 2718 941 οὖν
2749 895 3036 955 προπαρ-

465 982 834 1062 οξύνονται,
879 980 1303 1058 παροξύνεται
1347 979 1419 1043 δὲ
1451 978 1526 1043 τὸ
1561 978 1871 1045 Μεςόλα
1912 977 2099 1043 πόλις
2134 978 2487 1062 Μεςςήνης,
2534 979 2642 1059 μία
2682 982 2813 1043 τῶν
2841 977 3033 1043 πέντε
3062 989 3095 1038 5

468 1083 780 1149 Νικόλαος
835 1080 1134 1165 τετάρτῳ.
1221 1081 1324 1145 καὶ
1376 1078 1691 1144 Ἱππόλα
1732 1079 1920 1144 πόλις
1975 1079 2205 1159 ἀρχαία
2246 1080 2591 1159 Λακωνική.
2677 1079 3040 1145 Παυςανίας

461 1185 649 1268 τρίτῳ
695 1186 780 1267 (c.
814 1181 918 1263 25,
962 1181 1047 1264 9).
1138 1184 1239 1248 καὶ
1283 1182 1543 1247 Θυέλα
1595 1181 1780 1269 πόλις
1825 1181 2204 1264 Οἰνωτρίας,
2260 1182 2330 1248 έν
2384 1183 2423 1266 ᾗ
2480 1186 2672 1263 μοῖρα
2714 1181 3037 1248 Φωκαέων

465 1287 737 1372 ᾧκηςεν,
789 1286 878 1352 ὡς
921 1283 1270 1364 Ἡρόδοτος
1314 1284 1553 1367 πρώτῳ
1597 1284 1681 1366 (ο.
1733 1282 1898 1365 167).
1965 1284 2298 1348 Βοῖλλαι
2343 1286 2529 1350 πόλις
2571 1284 2875 1350 Λατίνων.
2939 1283 3041 1348 καὶ

465 1388 931 1469 Βουκεφάλα
973 1386 1160 1451 πόλις
1215 1386 1501 1468 Ἰνδικῆς,
1555 1386 1635 1465 ἣν
1689 1384 1928 1450 ἔκτιςεν
1972 1384 2385 1464 Ἀλέξανδρος
2442 1386 2594 1451 «ἐπ’
2650 1385 3042 1467 ἀμφοτέραις

463 1495 601 1557 ταῖς
643 1489 865 1569 ὄχθαις
909 1492 1025 1554 τοῦ
1054 1487 1380 1555 Ὑδάςπου
1424 1491 1717 1568 ποταμοῦ
1760 1486 1981 1551 πόλεις
2024 1488 2237 1573 ᾦκιςε,
2284 1488 2543 1554 Νίκαιαν
2585 1521 2671 1537 ——
2715 1487 3039 1569 Βουκεφά-
3084 1497 3143 1548 ιο

468 1596 586 1659 λαν
631 1594 704 1657 δὲ
747 1591 903 1657 ἔνθα
947 1590 1287 1671 διαβάντος
1330 1590 1433 1654 καὶ
1475 1589 1843 1670 μαχομένου
1876 1587 2196 1655 ἀπέθανεν
2241 1589 2441 1655 αὐτοῦ
2486 1590 2524 1654 ό
2565 1590 2765 1655 ἵππος
2810 1592 3039 1655 Βουκε-

466 1694 678 1775 φάλας
722 1693 1126 1773 λεγόμενος».
1214 1693 1317 1757 καὶ
1360 1692 1566 1757 Ἀἷλα
1609 1692 1852 1756 κόλπος
1894 1691 2053 1755 κατά
2094 1711 2286 1757 τινας.
2378 1693 2652 1758 Γλαῦκος
2702 1693 2778 1758 ’δὲ
2822 1692 3040 1771 κώμην

466 1795 665 1875 αὐτὴν
713 1794 881 1871 λέγει
926 1794 998 1860 ἐν
1043 1794 1387 1875 Ἀραβικῶν
1430 1792 1620 1877 τρίτῳ
1669 1793 1788 1858 «τὰ
1829 1794 1994 1872 πρὸς
2025 1793 2115 1857 ἕω
2142 1796 2254 1872 τῆς
2285 1795 2492 1861 Ἀἲλας
2519 1795 2790 1874 κώμης».
2836 1794 3039 1859 ὼςαύ-

467 1918 593 1962 τως
637 1898 738 1964 καὶ
781 1896 1183 1976 Φιλομήλα
1224 1896 1490 1975 Δώριον
1533 1901 1740 1980 τροπῇ
1783 1899 1902 1961 τοῦ
1943 1898 1985 1973 ἦ
2029 1895 2118 1962 εἰς
2160 1899 2203 1960 ἃ
2243 1897 2694 1976 πεποιημένον.

635 1999 729 2063 Τὰ
784 1998 871 2063 εἰς
915 2002 998 2077 Ῑὶἇ
1041 1998 1283 2078 θηλυκὰ
1327 2000 1557 2063 ςπάνια
1599 1997 1759 2063 ὄντα
1803 1998 2167 2083 βαρύνεται,
2211 1998 2485 2082 τόλμα,
2531 1998 2801 2082 θέρμα,
2847 1999 3036 2064 Ἀττι-
3079 2009 3139 2060 15

469 2105 594 2167 κῶς
659 2102 729 2165 δὲ
794 2100 992 2180 τόλμη
1058 2101 1161 2165 καὶ
1224 2100 1436 2181 θέρμη.
1545 2099 1670 2166 ἔςτι
1733 2100 1804 2165 δὲ
1869 2101 1971 2164 καὶ
2042 2100 2228 2165 πόλις
2293 2101 2582 2183 Θέρμα,
2660 2102 2699 2179 ἣ
2775 2101 3039 2179 ὕςτερον

469 2202 891 2282 Θεςςαλονίκη
922 2202 1227 2269 ἐκαλεῖτο.
1320 2202 1476 2267 Μές
1489 2223 1583 2282 μα
1628 2203 1812 2267 πόλις
1858 2202 2129 2267 Ἰταλίας.
2198 2202 2689 2282 Ἀπολλόδωρος
2733 2202 2804 2268 ἐν
2849 2202 3038 2286 τρίτῳ

463 2325 798 2384 χρονικων.

464 2474 680 2540 Ἴβυλλα
719 2492 785 2526 ex
824 2478 904 2527 St.
941 2475 1023 2541 B„
1062 2474 1344 2528 Ἄνθυλλα
1382 2476 1601 2543 explevi
1648 2492 1713 2526 ex
1748 2476 2003 2529 Eustath.
2044 2478 2167 2543 117,
2202 2478 2298 2543 44,
2335 2478 2608 2543 reperitur
2642 2477 2810 2528 etiam
2845 2476 2901 2527 in
2938 2477 3039 2542 Ep.

465 2560 551 2611 Cr.
587 2563 614 2613 1
649 2564 733 2623 60,
769 2561 862 2610 28:
899 2559 971 2612 τὰ
1006 2559 1095 2612 διὰ
1130 2559 1231 2611 δύο
1269 2547 1339 2612 λλ
1373 2559 1625 2624 ὀνόματα
1661 2561 1995 2627 παραλήξεις
2033 2560 2145 2626 ἔχει
2180 2562 2301 2612 τῶν
2336 2561 2693 2628 φωνηέντων
2728 2560 2897 2626 χωρὶς
2933 2562 3036 2611 τοῦ

465 2630 500 2694 ἦ
536 2630 627 2680 καὶ
661 2630 727 2680 ἰῢ.
771 2626 992 2690 ἄμαλλα
1029 2629 1046 2688 (
1090 2644 1145 2680 ro
1182 2628 1508 2693 αὔμαλλος),
1546 2628 1734 2681 πάλλα
1769 2628 1804 2692 ἡ
1845 2632 2049 2694 ςφαῑρα
2086 2630 2188 2693 (sic
2213 2630 2347 2681 Lob.
2387 2630 2598 2681 emend.
2635 2631 2692 2680 in
2731 2628 2895 2683 Proll.
2925 2630 3037 2683 137.

467 2699 523 2747 in
557 2696 761 2749 Pan-all.
795 2697 896 2746 464
930 2694 1035 2747 ἀνά
1071 2698 1260 2782 αλλαὶ·
1297 2696 1367 2749 τὸ
1402 2700 1434 2749 ἓ
1471 2695 1699 2749 δίκελλα
1731 2697 1963 2750 θύελλα·
2009 2697 2079 2749 τὸ
2116 2701 2147 2750 ῖ
2183 2695 2494 2763 Πράξιλλα,
2532 2696 2863 2761 Τελέςιλλα,
2900 2695 2969 2748 τὸ
3004 2699 3037 2747 ὃ

469 2763 662 2817 κόλλα·
699 2762 768 2816 τὸ
804 2767 837 2816 ῦ
876 2762 1120 2831 (κύλλα,
1157 2766 1373 2831 ψυλλα,
1410 2764 1714 2843 Ἄνθυλλα·
1751 2765 1821 2819 τὸ
1859 2768 1909 2818 ’ω’
1945 2765 2034 2818 καὶ
2070 2765 2140 2819 τό
2176 2768 2213 2831 ἦ
2251 2765 2644 2834 παρῃτήςατο,
2690 2763 2814 2818 ἐπεὶ
2860 2762 3040 2830 μακρά

469 2848 602 2902 ἑςτι·
641 2849 1002 2915 παρῃτήςατο
1039 2849 1100 2902 δὲ
1137 2850 1171 2913 ή
1210 2850 1299 2902 διὰ
1334 2849 1436 2902 δύο
1472 2852 1538 2903 λλ
1579 2852 1822 2916 ςυλλαβὴ
1868 2850 1939 2902 τὰ
1982 2850 2143 2916 φύςει
2191 2851 2372 2917 μακρὰ
2414 2851 2559 2917 ὑπὲρ
2604 2854 2707 2903 τοθ
2747 2852 2820 2916 μὴ
2860 2848 3040 2915 μακρὰ

468 2916 560 2970 ἐπὶ
606 2921 833 2984 μακροῖς
878 2916 1143 2979 γενέςθαι.
1187 2946 1253 2956 --
1302 2916 1627 2984 Ἀρίςτυλλα
1674 2921 1866 2986 scripsi
1912 2936 2009 2986 pro
2057 2917 2353 2985 Ἐρέτυλλα
2400 2937 2487 2987 ap.
2525 2921 2772 2986 Theogn.
2816 2926 2873 2971 et
2917 2916 3041 2983 φθί-

467 2986 641 3038 νυλλα
686 3002 784 3053 pro
828 2983 1084 3050 δίφυλλα.
1132 3014 1197 3022 —-
1243 2985 1477 3051 Ἐχετλα
1532 3004 1651 3038 cum
1705 2989 1984 3039 Meinekio
2041 2989 2264 3040 exhibui
2316 3005 2413 3055 pro
2467 2988 2727 3040 librorum
2773 2988 3041 3054 scriptura

469 3052 706 3118 Ἐχέτλα.
780 3055 976 3106 Omnia
1011 3054 1138 3105 inde
1175 3058 1244 3107 ab
1281 3056 1382 3106 hoc
1418 3057 1633 3107 nomino
1669 3071 1733 3107 us
1772 3070 1841 3107 ue
1880 3056 1949 3107 ad
1990 3055 2147 3108 Ἀϊλα
2182 3062 2311 3108 sunt
2346 3073 2414 3107 ex
2451 3057 2531 3107 St.
2568 3059 2659 3120 B„
2708 3058 2802 3122 qui
2837 3055 3039 3106 diserte

466 3123 530 3173 de
569 3127 803 3174 accentu
837 3138 882 3173 a.
909 3119 1155 3186 Ἀβολλα
1192 3123 1450 3175 adnotat:
1487 3123 1520 3176 ὁ
1556 3123 1723 3175 τόνος
1829 3122 1930 3188 ρὺς
1967 3122 2047 3176 ὡς
2070 3123 2319 3188 Ἄγυλλα
2356 3131 2414 3175 et
2440 3141 2481 3175 s.
2508 3122 2695 3184 Βάλλα
2729 3121 2807 3176 ὡς
2831 3123 3041 3176 Πέλλα.

464 3188 754 3256 Φιλομήλα
790 3193 1027 3243 accessit
1062 3208 1130 3242 ex
1171 3193 1321 3243 Euat.
1359 3195 1507 3255 1687,
1551 3194 1628 3243 18.
1665 3218 1732 3228 —-
1767 3194 1968 3244 Parum
2006 3198 2266 3244 accurate
2302 3195 2458 3245 Euat.
2485 3193 2788 3244 Herodiani
2825 3196 3042 3243 senten·

464 3277 596 3326 tiam
636 3276 896 3353 retulissg
930 3275 1165 3339 videtur,
1205 3292 1367 3342 quum
1402 3277 1722 3329 sumendum
1757 3278 1831 3327 sit
1868 3293 1989 3328 eum
2026 3293 2133 3329 non
2171 3277 2355 3329 omnia
2379 3281 2596 3330 omnino
2621 3279 2841 3328 nomina
2878 3278 2934 3327 in
2970 3265 3040 3328 λα

465 3376 561 3426 per
613 3360 816 3428 duplex
860 3360 894 3412 λ
932 3361 1218 3412 scribenda
1255 3377 1395 3426 esse,
1434 3362 1531 3413 sed
1570 3362 1859 3412 maximam
1902 3369 2112 3428 partem
2160 3363 2423 3417 docuisse.
2497 3363 2779 3415 Eustathii
2816 3362 3041 3413 adnota-

465 3433 649 3480 menta
685 3428 1014 3482 sunbhaeo:
1054 3431 1163 3486 117,
1198 3431 1290 3479 44:
1330 3427 1512 3482 ίςτέον
1548 3427 1636 3482 ὅτι
1671 3428 1924 3494 καθάπερ
1961 3428 2162 3496 ὁμίχλη
2198 3430 2287 3483 διὰ
2321 3433 2424 3483 τοῦ
2462 3433 2524 3496 ῆ,
2561 3429 2716 3483 οὕτω
2753 3429 2843 3481 καὶ
2879 3427 3039 3494 κίχλη

467 3497 557 3547 καὶ
592 3494 796 3561 ζεύγλη
834 3496 924 3547 καὶ
960 3493 1185 3562 τρίγλη,
1222 3495 1302 3548 ὡς
1337 3496 1571 3563 ἁρέςκον
1617 3496 1730 3550 ἐςτὶ
1775 3501 1861 3563 τῷ
1897 3496 2239 3576 ζΗρωδιανῷ.
2308 3501 2380 3552 τὰ
2425 3498 2616 3562 μέντοι
2662 3496 2740 3551 είς
2785 3501 2849 3565 ἃ,
2886 3494 3040 3572 φηςί,

466 3583 702 3632 τοιαῦτα
739 3579 990 3643 ὀνόματα
1026 3579 1168 3646 ὑπὲρ
1203 3581 1273 3634 τὸ
1304 3567 1342 3633 λ
1377 3582 1468 3633 καὶ
1515 3582 1710 3647 ἕτερον
1746 3581 1859 3646 ἔχει
1894 3583 1946 3647 λ,
1983 3583 2161 3647 ἤγουν
2196 3583 2285 3636 διὰ
2308 3583 2409 3636 δύο
2434 3571 2501 3637 λλ
2540 3584 2873 3650 ἐκφέρονται
2918 3580 3042 3636 οἷον

466 3646 732 3713 Είβυλλα,
779 3647 1061 3700 Ἄνθυλλα
1115 3648 1331 3714 ἀδελφὴ
1379 3649 1705 3715 Μέμνονος,
1752 3649 1866 3714 ἀφ’
1908 3649 1974 3716 ἧς
2031 3650 2093 3703 ἐν
2136 3654 2221 3717 τῷ
2271 3650 2454 3720 Νείλῳ
2511 3653 2671 3705 πόλις
2726 3652 3040 3716 ὁμώνυμος.

466 3716 600 3769 ὅθεν
637 3713 800 3782 φηςί,
838 3715 906 3767 τὸ
944 3716 1177 3780 ςτρέβλα
1213 3717 1552 3783 παραλόγως
1586 3717 1806 3784 γραφὲν
1844 3718 1957 3771 ύπό
1993 3734 2169 3771 τινων
2204 3719 2570 3785 διορθωτέον·
2609 3718 3041 3786 ἀναλογώτερον

465 3801 569 3866 γὰρ
604 3800 674 3853 τὸ
712 3799 961 3866 ςτρέβλη.
998 3829 1064 3836 -
1099 3819 1148 3867 p.
1189 3805 1336 3865 1934,
1375 3805 1466 3853 22:
1502 3802 1574 3855 τὰ
1610 3801 1689 3856 εἰς
1725 3791 1794 3856 XT!
1841 3803 2091 3869 λήγοντα
2136 3803 2351 3870 θηλυκὰ
2395 3805 2505 3871 πρὸ
2541 3808 2644 3857 τοῦ
2669 3792 2715 3858 ‘A
2763 3790 3044 3885 ἕτερονὲ

465 3886 606 3950 ἔχει,
654 3885 887 3949 ςκύλλα,
935 3883 1121 3952 κίλλα,
1163 3886 1364 3952 κόλλα,
1415 3886 1644 3953 βδέλλα,
1692 3888 1920 3953 ἅμιλλα,
1969 3887 2214 3954 ἄμαλλα,
2255 3890 2577 3944 Τελέςιλλα·
2623 3890 2696 3943 τὰ
2738 3891 2800 3943 δὲ
2845 3889 2922 3943 εἰς
2967 3891 3038 3957 λη

464 3953 680 4017 οὐκέτι,
720 3951 948 4019 ὁμίχλη,
987 3954 1188 4020 χύτλη,
1227 3956 1491 4021 γενέθλη·
1527 3955 1683 4007 οὕτω
1723 3957 1812 4009 καὶ
1849 3956 2010 4023 κίχλη
2046 3958 2081 4022 ἥ
2116 3972 2181 4010 τε
2219 3958 2371 4024 ὄρνις
2406 3959 2498 4011 καί
2536 3957 2706 4023 ίχθῡς.
2752 3957 3039 4024 ἀρέςκεται

464 4026 548 4090 τῷ
583 4021 830 4089 τοιούτῳ
866 4021 1063 4101 κανόνι
1100 4023 1189 4074 καὶ
1227 4023 1565 4089 Ἡρωδιανὸς
1612 4026 1684 4075 cf.
1725 4027 1920 4077 Choer.
1958 4028 2101 4079 Diot.
2139 4030 2265 4091 325,
2308 4031 2395 4079 10:
2445 4025 2652 4090 ίςτέον,
2692 4025 2780 4079 ὅτι
2817 4026 2915 4078 ἐὰν
2951 4026 3039 4079 εύ-

464 4108 665 4173 ρεθῶςι
718 4106 820 4158 δύο
865 4108 959 4172 λλ,
1006 4111 1091 4173 τῷ
1127 4111 1162 4159 ἃ
1198 4106 1477 4173 χαίρουςιν
1523 4107 1671 4187 οἷον·
1682 4111 1918 4174 θύελλα,
1957 4107 2157 4176 ἄελλα,
2196 4110 2426 4176 ἅμιλλα,
2465 4111 2709 4174 Εκύλλα,
2749 4111 2899 4175 πλὴν
2933 4114 3037 4163 τοῦ

463 4191 634 4270 Ἕλλη
671 4192 763 4243 καὶ
799 4191 1009 4259 Πέλλη.
1081 4192 1200 4245 ἰδοὺ
1248 4196 1430 4246 ταθτα
1467 4194 1568 4247 δύο
1603 4196 1672 4247 λλ
1709 4195 1915 4260 ἔχοντα
1952 4193 2029 4247 είς
2066 4198 2101 4259 ἦ
2139 4195 2566 4261 καταλήγουςιν·
2604 4195 2703 4248 ἐὰν
2739 4195 2799 4247 δὲ
2835 4194 3036 4262 εὑρεθῇ

465 4275 527 4329 ἓν
562 4279 595 4328 λ
634 4276 708 4342 μὴ
746 4275 878 4340 ἔχον
902 4278 1335 4343 προηγούμενον
1370 4278 1706 4345 ςύμφωνον,
1743 4284 1827 4348 τῷ
1865 4282 1901 4345 ῆ
1937 4278 2112 4345 χαίρει
2148 4276 2271 4332 οἷον
2299 4279 2579 4347 Ἐριφύλη,
2607 4280 2839 4346 Εεμέλη,
2866 4279 3038 4345 πύλη,

463 4345 638 4411 αὐλή,
666 4344 840 4409 φυλή,
867 4344 1010 4411 χηλή
1037 4346 1170 4400 ὄνυξ
1196 4347 1347 4411 πλὴν
1371 4349 1473 4399 τοθ
1501 4349 1690 4400 παῦλα
1714 4349 1805 4400 καὶ
1828 4351 1932 4401 τοῦ
1959 4346 2280 4412 ἀνάπαυλα,
2316 4348 2387 4399 τὸ
2413 4348 2519 4414 γὰρ
2543 4348 2836 4415 Φιλομήλα
2859 4348 3040 4413 Δωρι-

464 4432 580 4482 κῶς
605 4429 811 4494 ἔτρεψε
846 4429 915 4482 τὸ
950 4433 987 4493 ἥ
1013 4429 1092 4483 είς
1115 4431 1186 4484 τὸ
1210 4434 1245 4482 ἃ
1271 4431 1484 4497 μακρόν
1550 4431 1843 4498 Φιλομήλη
1876 4431 1982 4496 γὰρ
2006 4432 2092 4496 ἦν.
2142 4430 2352 4496 ὁμοίως
2387 4432 2448 4484 δὲ
2473 4433 2563 4484 καὶ
2586 4433 2659 4485 τὰ
2683 4432 2886 4497 ἔχοντα
2911 4432 2980 4485 τὸ
3006 4419 3040 4486 λ

466 4496 527 4549 ἐν
564 4497 842 4562 ἑπιπλοκῇ
881 4499 1189 4563 ςυμφώνου
1223 4503 1308 4566 τῷ
1343 4503 1377 4564 ἦ
1414 4472 1696 4565 χαίρουςιν
1734 4529 1790 4538 -
1832 4497 1958 4552 οἷον
1984 4527 2048 4536 -
2073 4500 2305 4566 ζεύγλη,
2342 4499 2569 4566 τρίγλη,
2608 4499 2797 4566 κίχλη,
2837 4499 3038 4568 ὁμίχλη

467 4565 559 4630 (τὸ
595 4565 699 4630 γὰρ
736 4566 941 4629 ζεθγλα
979 4566 1210 4632 εὑρεθὲν
1253 4568 1404 4634 παρὰ
1449 4573 1566 4620 τοῖς
1611 4567 1856 4634 ἀρχαίοις
1902 4568 2045 4621 κατὰ
2089 4568 2387 4633 ποιητικὴν
2434 4566 2684 4621 ἐξουςίαν
2728 4567 3038 4621 ςυνέςτειλε

464 4632 533 4685 τὸ
569 4638 604 4699 ἦ
642 4633 721 4685 είς
757 4633 833 4697 ἂ).
1039 4636 1073 4685 1.
1111 4640 1174 4688 15
1220 4636 1310 4687 hie
1348 4653 1521 4687 canon
1559 4653 1590 4687 a
1635 4674 1646 4685 .
1683 4637 1978 4687 Arcadium
2012 4637 2365 4703 praecedenti
2400 4639 2746 4756 praegositus
2783 4643 2884 4688 est.
2954 4640 3038 4689 De

465 4701 644 4764 τόλμα
679 4702 882 4753 Herod.
930 4719 1015 4769 ap.
1053 4705 1211 4756 Eunt.
1251 4706 1411 4768 1687,
1452 4708 1573 4756 18ε.
1608 4718 1718 4756 ςως
1763 4703 1825 4756 δὲ
1870 4702 2096 4770 Δώριον
2141 4704 2231 4756 καὶ
2273 4703 2480 4768 τόλμα,
2607 4702 3039 4770 ἀναλογώτερον

467 4771 567 4820 τοθ
613 4769 797 4835 τόλμη
843 4771 1012 4835 φηςὶν
1049 4771 1402 4836 Ἡρωδιανὸς.
1482 4770 1670 4835 Θέρμα
1724 4790 1790 4822 ex
1848 4774 1927 4823 St.
1974 4775 2037 4824 B.
2084 4789 2124 4824 s,
2174 4771 2545 4838 Θεςςαλονίκη
2599 4774 2802 4825 collato
2857 4775 3038 4827 Strab.

469 4852 519 4901 p.
554 4840 652 4889 330
686 4838 865 4888 adieci
901 4839 996 4899 (ef.
1023 4840 1265 4891 Meinek.
1300 4842 1371 4891 ad
1407 4842 1488 4891 St..
1520 4841 1622 4904 B.),
1661 4839 1859 4903 Μὲςμα
1896 4841 2028 4891 item
2065 4858 2133 4892 ex
2171 4842 2250 4892 St.
2275 4843 2335 4894 B.
2362 4869 2425 4878 —
2452 4841 2518 4892 de
2557 4841 2733 4907 Θέρμα
2771 4849 2827 4892 et
2862 4841 3037 4908 θέρμη

471 4904 543 4954 cf.
581 4906 714 4957 Lob.
753 4906 822 4954 ad
861 4907 1153 4970 Phrynich.
1190 4910 1286 4958 331
1325 4914 1382 4958 et
1419 4909 1657 4960 Meinek.
1694 4908 1825 4973 phil.
1865 4913 2111 4962 exercitt.
2151 4905 2217 4959 in'
2241 4909 2438 4960 Athen.
2477 4900 2616 4976 11⁸1).
2656 4911 2737 4960 28.
