3664 5546
1153 301 1311 355 ΠΕΡΙ
1353 299 1743 355 ΚΑΘΟΜΚΗ(
1780 299 2203 355 ΠΡΟΕΩιΔΙΑΕ
2243 301 2317 355 ΙΒ.
2893 301 3020 366 335

601 472 694 536 Τὰ
739 472 843 535 διὰ
887 476 1004 536 τοῦ
1046 474 1182 550 ’ὄῆ
1237 472 1743 552 ύπερδιςύλλαβα
1801 471 2186 550 βαρύνονται
2239 472 2341 535 καὶ
2386 470 2739 538 ὀξύνονται.
2829 471 3016 551 βαρύ-

432 593 605 639 νεται
650 576 794 653 μἐν,
820 574 902 637 τὰ
943 574 1297 653 παρώνυμα
1352 574 1565 657 κύρια,
1623 573 2064 656 Ἀντιγόνη,
2125 574 2491 652 Ἠριγόνη
2546 572 2824 652 θυγάτηρ
2870 573 3016 637 Ἰκα-

432 675 604 758 ρίου,
663 674 1040 754 Ἡγεμόνη
1086 676 1217 739 ἀπό
1274 679 1383 753 τῆς
1428 676 1743 755 ἡγεμόνος
1787 679 2069 758 γενικῆς,
2126 674 2486 754 Ἑρμιόνη
2544 674 2674 739 ἀπὸ
2731 678 2842 752 τῆς
2885 674 3016 753 Ἑρ-

432 777 652 856 μιόνος
697 780 974 859 γενικῆς,
1024 778 1265 855 Χιόνη
1312 778 1560 859 νύμφη,
1610 778 1923 855 Νακόνη
1955 777 2140 842 πόλις
2173 777 2466 842 (ικελίας.
2540 777 3016 858 Καλλιγόνη,

433 879 829 960 Ἀλκυόνη,
885 879 1256 957 Πληῑόνη.
1345 880 1437 943 ἔτι
1494 880 1594 943 καὶ
1650 883 1879 961 ταῦτα,
1938 879 2367 961 ςφενδόνη,
2426 877 2699 960 ὀθόνη,
2755 877 3013 957 ἀκόνη.
3044 890 3076 937 5

430 982 556 1045 ἕςτι
604 983 673 1047 δὲ
718 982 819 1045 καὶ
865 980 1169 1044 Ἀκόναι
1213 981 1551 1058 πολίχνιον
1598 981 1863 1060 πληςίον
1909 981 2293 1058 Ἡρακλείας.
2356 979 2750 1058 ἐπικέκληται
2797 982 2867 1043 δὲ
2913 981 3018 1044 διὰ

429 1085 504 1147 τὸ
558 1086 805 1160 πλῆθος
857 1087 988 1147 τῶν
1045 1082 1115 1145 ἐν
1171 1076 1330 1165 αὐτῇ
1387 1084 1549 1161 πρὸς
1605 1082 1843 1147 ἀκόνας
1897 1083 2348 1161 πεποιημένων
2406 1082 2636 1164 λίθων,
2700 1082 3017 1164 βελόνη,

431 1185 755 1266 περόνη,
801 1183 1152 1263 εὐφρόνη
1197 1185 1301 1247 καὶ
1343 1185 1738 1267 Εὐφρόνη,
1790 1183 2208 1263 ἀμπεχόνη.
2286 1182 2574 1249 ὀξύνεται
2621 1185 2691 1247 δὲ
2734 1182 3014 1265 ἡδονή,

429 1285 872 1367 φλεγμονή,
917 1286 1359 1367 πληςμονή,
1404 1285 1687 1369 αὐονή,
1733 1288 2116 1367 καλλονή,
2162 1286 2531 1365 χαρμονή.

597 1388 691 1451 Τὰ
736 1386 823 1450 εἰς
867 1390 945 1463 νῆ
993 1386 1334 1467 διςύλλαβα
1376 1393 1466 1470 τῷ
1513 1390 1550 1449 ὗ
1594 1394 1812 1471 μακρῷ
1858 1388 2356 1467 παραληγόμενα
2401 1387 2769 1469 βαρύνεται,
2818 1388 3014 1466 μύνη
3056 1398 3118 1448 10

427 1489 465 1566 ἡ
522 1489 891 1570 προτροπή,
950 1489 1184 1570 Βύνη,
1241 1488 1537 1571 Φρύνη,
1595 1490 1802 1569 Θύνη
1860 1490 2046 1554 πόλις
2101 1489 2330 1569 Λιβύης
2398 1490 2487 1553 ὼς
2555 1488 2593 1551 ὁ
2653 1480 3012 1566 πολυίςτωρ

429 1591 857 1669 Ἀλέξανδρος.
925 1592 1001 1654 τὸ
1047 1591 1119 1653 δὲ
1167 1590 1363 1668 Κυνή
1408 1592 1592 1655 πόλις
1637 1591 1882 1656 Λυδίας.
1949 1590 2273 1656 Ἑκαταῖος
2317 1590 2605 1673 Εὐρώπῃ.
2671 1591 2772 1654 καὶ
2817 1591 3012 1667 γυνή

427 1693 717 1758 ὀξύνεται
762 1693 837 1756 τὸ
885 1692 920 1754 ὖ
968 1692 1167 1770 βραχὺ
1211 1692 1464 1771 ἔχοντα.

596 1795 689 1858 Τὰ
735 1793 822 1858 εἰς
865 1799 948 1872 νῆ
993 1794 1497 1873 ὑπερδιςύλλαβα
1541 1797 1861 1873 μονογενῆ
1894 1794 2392 1874 παραληγόμενα
2436 1800 2526 1876 τῷ
2573 1799 2609 1856 fi
2658 1793 3012 1875 βαρύνεται,

427 1895 785 1977 αἰςχύνη,
854 1896 1129 1978 ὀδύνη,
1194 1895 1608 1979 Δελφύνη,
1675 1897 2000 1978 χελύνη,
2078 1897 2414 1979 Κορύνη,
2478 1895 2817 1979 Ταμύνη,
2881 1917 3011 1960 το-
3058 1909 3114 1958 15

428 1997 648 2077 ρύνη,
706 1998 1010 2079 ςιγύνη,
1072 1997 1548 2079 δουλοςύνη,
1605 1997 2147 2079 ἀγνωμοςύνη,
2203 1996 2537 2076 κερδοςύ
2558 2018 2647 2075 νη
2706 1998 2834 2061 «ὣς
2888 2018 3012 2077 φα-

426 2098 581 2176 ’μὲνη
628 2100 730 2162 καὶ
773 2099 1120 2182 κερδοςύνῃ
1176 2098 1441 2178 ἡγήςατ’
1498 2099 1768 2178 Ἀθήνη»
1815 2096 1925 2181 (Il.
1975 2100 2024 2165 Χ
2068 2099 2254 2181 247),
2312 2099 2762 2180 βριθοςύνη,
2820 2099 3011 2164 ύποκ

426 2200 856 2283 θημοςύνη,
902 2200 1360 2282 ἁγιωςύνη,,
1388 2202 1929 2283 μεγαλωςύνη,
1989 2201 2466 2281 χαρμοςύνη,
2525 2200 3009 2283 δικαιοςύνη,

426 2302 909 2385 εὐφροςύνη,
954 2303 1375 2381 ξεινοςύνη
1425 2300 1668 2380 «ἀρχὴν
1699 2303 2105 2379 ξεινοςύνης»
2152 2301 2309 2383 (Od.
2342 2324 2393 2383 φ
2424 2302 2534 2383 35)
2578 2306 3009 2377 «πλαγκτο-

427 2390 663 2493 ςύνης
731 2405 785 2467 δ>
839 2402 960 2467 οὐκ
1016 2403 1142 2467 ἔςτι
1200 2404 1436 2468 κακόν»
1500 2401 1656 2484 (Οά.
1707 2424 1743 2466 ο
1789 2402 1960 2483 343).
2052 2405 2206 2481 «τὴν
2262 2404 2318 2467 δ>
2373 2404 2556 2485 ᾔνης’
2620 2404 2660 2480 ἥ
2731 2403 2793 2467 οἱ
2848 2403 3009 2481 πόρε
3048 2420 3115 2467 20

428 2504 981 2582 μαχλοςύνην»
1029 2502 1131 2587 (13.
1180 2503 1232 2566 Ω
1276 2503 1405 2584 30).
1497 2504 2015 2583 «δρηςτοςύνη
2073 2505 2191 2569 οὐκ
2235 2504 2316 2569 ἄν
2362 2526 2507 2584 μοι»
2557 2502 2711 2586 (Οά.
2760 2525 2798 2568 ο
2836 2502 3008 2583 321).

429 2605 944 2687 «ταρβοςύνῃ,
1001 2605 1135 2684 φὰν
1190 2606 1311 2682 γάρ
1371 2625 1514 2684 μιν»
1574 2603 1725 2686 (Od.
1773 2626 1803 2669 ς
1857 2605 2027 2686 342).
2096 2608 2528 2687 «γηθοςύνη
2570 2608 2668 2681 ,δὲ
2734 2605 3011 2670 θάλαςςα

429 2704 743 2770 διίςτατο»
797 2704 882 2787 (Ν
926 2703 1054 2786 29).
1144 2704 1180 2768 ὁ
1240 2708 1308 2769 δὲ
1367 2705 1764 2786 Ἀρίςταρχος
1829 2709 2148 2787 γηθοςύνη
2216 2710 2286 2772 δὲ
2316 2709 2624 2773 -θάλαςςα
2688 2707 2829 2772 ἀντὶ
2894 2710 3010 2769 τοῦ

426 2808 809 2889 γηθόςυνος,
855 2806 1174 2885 χαίρουςα.
1232 2806 1398 2872 ἀλλὰ
1442 2809 1521 2873 τὰ
1567 2809 1672 2872 διὰ
1716 2793 2031 2888 τοῦς-υῦῆ
2078 2812 2320 2889 θηλυκὰ
2363 2811 2589 2889 εὑρέθη
2641 2810 2758 2873 οὐκ
2803 2809 3009 2871 ἐπιθε-

426 2913 610 2974 τικῶς
655 2908 812 2972 κατά
855 2929 1031 2973 τινος
1082 2909 1362 2993 θηλείας,
1416 2912 1800 2989 κατηγορικά
1860 2913 1929 2976 δὲ
1985 2914 2369 2991 πράγματος.
2459 2912 2538 2977 οὐ
2598 2911 2719 2988 γὰρ
2776 2909 3009 2985 ἀγαθο-
3045 2924 3116 2980 25,

424 3009 713 3090 φροςύνη
760 3011 938 3088 γυνή.
1028 3010 1146 3075 οὐκ
1190 3010 1317 3088 ἄρα
1359 3011 1616 3086 γένοιτο
1662 3013 1979 3091 γηθοςύνη
2025 3014 2314 3078 θάλαςςα.
2390 3012 2556 3077 εἰκός
2598 3031 2739 3088 τινα
2783 3012 3008 3091 φήςειν

424 3112 585 3190 ὑπὲρ
631 3112 1038 3189 Ἀριςτάρχου
1084 3113 1185 3176 καὶ
1227 3117 1357 3177 τῶν
1403 3112 1620 3178 ἄλλων
1670 3113 1758 3177 ὡς
1814 3112 1910 3179 ὅτι
1958 3114 2151 3179 αὐτὸς
2196 3116 2315 3193 ἤδη
2362 3114 2399 3178 ὁ
2455 3115 2720 3192 ποιητὴς
2764 3103 3005 3190 ἀρςενι-

423 3218 548 3277 κῶς
592 3217 785 3277 τοῦτο
832 3212 1213 3293 ἀπεφήνατο
1262 3200 1654 3292 «γηθόςυνος
1698 3215 1754 3278 δ’
1799 3215 1978 3300 οὔρῳ
1996 3241 2017 3270 ³>
2075 3214 2228 3297 (Od.
2276 3236 2305 3279 ε
2350 3214 2520 3297 269).
2609 3215 2814 3280 οὕτως
2859 3214 3007 3278 ἀκό-

426 3317 664 3379 λουθον
710 3316 988 3391 θηλυκὸν
1032 3316 1289 3390 γε’νοιτο
1337 3316 1415 3380 ἂν
1461 3319 1535 3380 τὸ
1580 3317 1917 3395 γηθοςύνη.
1997 3319 2074 3382 ὃν
2120 3318 2455 3397 διδάξομεν
2504 3319 2593 3382 ὡς
2637 3317 2733 3381 ὅτι
2778 3317 2857 3380 τὰ
2902 3317 3007 3380 διὰ

422 3419 539 3479 τοῦ
583 3417 786 3478 ‘duffii
840 3415 893 3478 εἰ
949 3417 1305 3495 παράγοιτο
1361 3417 1724 3483 ἐπιθετικῶς
1781 3418 2075 3496 ἀρςενικὰ
2130 3419 2504 3497 ὑπάρχοντα
2559 3420 2769 3497 μηκέτι
2832 3421 3006 3482 ποιεῖ
3042 3431 3109 3481 30

422 3518 580 3580 κατὰ
625 3518 697 3580 τὸ
741 3520 970 3581 πλεῖον
1017 3521 1293 3597 θηλυκοῦ
1338 3519 1569 3595 γε’νους
1613 3523 2223 3599 παραςχηματιςμόν.
2313 3522 2388 3585 τὸ
2435 3519 2554 3585 οὖν
2608 3520 3004 3584 δικαιόςυνος

421 3618 586 3682 Ζεὺς
629 3618 749 3683 οὐκ
793 3619 922 3696 ἔχει
975 3619 1051 3682 τὸ
1107 3621 1467 3702 δἰκαιοςύνη
1522 3623 1800 3700 θηλυκὸν
1859 3621 1950 3686 ἔτι
2009 3622 2374 3687 ἑπιθετικῶς
2430 3623 2588 3687 κατά
2631 3642 2805 3686 τινος
2849 3624 3004 3685 θεοῦ

421 3740 824 3798 ταςςομενον.

579 3858 824 3866 ——-.—-.

559 3942 592 3990 1.
628 3944 659 3989 2
699 3939 959 4005 Ἠριγόνη
998 3942 1215 4006 explevi
1252 3959 1320 3991 ex
1356 3943 1434 3992 St.
1473 3944 1563 4005 B.,
1612 3959 1678 3993 ex
1715 3945 1903 3995 eodem
1939 3945 2127 3996 addidi
2164 3944 2470 4010 Ἡγεμόνη,
2510 3944 2790 4011 Ἑρμιόνη,
2829 3945 3000 4011 Χιόνη

419 4014 474 4057 et
514 4008 767 4073 Νακόνη,
808 4010 874 4058 de
914 4025 1019 4074 quo
1061 4009 1284 4075 Νακόνη
1324 4009 1402 4060 ὡς
1439 4008 1642 4075 ἀκόνης
1685 4011 1996 4077 Καλλιγόνη
2032 4041 2098 4048 -
2134 4011 2394 4078 Πληῑόνη
2435 4031 2500 4062 ex
2538 4015 2784 4079 Theogn.
2813 4018 2926 4076 115,
2950 4019 3000 4076 6,

425 4075 648 4127 Ἀκόναι
686 4093 752 4126 ex
791 4076 869 4126 St.
909 4077 997 4134 Β..
1045 4077 1298 4143 εὐφρόνη
1345 4086 1399 4127 et
1437 4075 1698 4144 Εὐφρόνη
1735 4097 1798 4129 ex
1838 4082 1939 4144 Ep.
1978 4083 2066 4130 Cr.
2102 4082 2129 4131 Ι
2165 4083 2223 4145 6,
2261 4083 2324 4130 28
2364 4086 2420 4129 et
2459 4084 2582 4144 180,
2626 4086 2685 4131 12
2722 4081 2844 4135 coll.
2883 4085 2998 4136 260.

422 4145 509 4206 14,
547 4143 840 4207 ἀμπεχόνη
877 4145 945 4193 e'x
981 4145 1082 4196 An.
1122 4146 1223 4195 Ox.
1259 4147 1314 4195 11
1349 4147 1466 4206 348,
1503 4148 1595 4210 293
1634 4146 1813 4211 αὐονή
1851 4175 1916 4182 --
1953 4147 2203 4212 χαρμονή
2242 4165 2310 4198 ex
2344 4148 2619 4214 Theogn„
2659 4150 2804 4214 apud
2842 4165 2997 4213 quem

425 4212 564 4260 falso
602 4214 899 4277 barytonos
947 4213 1109 4263 scribi
1155 4213 1388 4263 adnotat
1425 4214 1559 4262 Lob.
1607 4216 1676 4264 ad
1714 4218 1918 4265 Buttm.
1957 4233 2008 4280 p.
2046 4218 2163 4268 405.
2235 4216 2299 4265 In
2338 4217 2399 4265 Ε.
2436 4219 2508 4267 Μ.
2550 4219 2670 4279 794,
2710 4220 2774 4267 47
2821 4233 2998 4267 canon

421 4279 498 4327 sic
547 4286 848 4344 conceptus
894 4285 1004 4329 ese:
1051 4279 1122 4330 τὰ
1158 4280 1253 4348 διὰ
1299 4283 1401 4331 τοῦ
1440 4282 1575 4344 (ῖνῆ,
1625 4280 1672 4332 εἰ
1718 4281 1819 4344 μὲν
1865 4280 2057 4332 οὺςίαν
2103 4281 2379 4347 ςημαίνει,
2429 4281 2615 4335 πάντα
2663 4283 2998 4348 βαρύνονται

420 4342 543 4395 οἷον
581 4346 811 4412 βελόνη,
852 4347 1095 4412 περόνη,
1136 4346 1391 4412 ἀγχόνη
1429 4350 1498 4400 τὸ
1538 4347 1801 4412 ςχοινίον·
1841 4348 1933 4400 ἐπὶ
1970 4349 2031 4401 δε
2075 4353 2178 4400 τοῦ
2215 4350 2540 4414 πράγματος
2579 4351 2835 4403 ὀξύνεται
2874 4349 2998 4403 οἷον

419 4412 625 4477 ἡδονή,
664 4414 940 4479 καλλονή,
980 4414 1238 4481 ἀγχονή
1284 4415 1319 4477 ἡ
1366 4415 1532 4478 ἄγξις.
1601 4417 1820 4482 Duplex
1865 4424 2129 4467 accentus
2173 4421 2229 4468 in
2275 4417 2487 4484 ἀγχόνη
2534 4426 2591 4469 et
2627 4419 2838 4484 ἀγχονή
2886 4426 3000 4470 sta·

421 4481 595 4530 tuitm·
631 4485 798 4532 etiam
841 4485 898 4532 in
933 4485 1035 4533 An.
1072 4487 1173 4536 Ox,
1211 4486 1268 4534 11
1305 4485 1340 4537 l.
1381 4502 1424 4537 c,
1564 4485 1600 4538 l.
1641 4488 1698 4534 11
1749 4483 1905 4550 Θύνη
1943 4485 2131 4535 addidi
2168 4502 2235 4536 ex
2271 4488 2353 4534 St.
2393 4489 2479 4548 B„
2520 4488 2653 4536 item
2692 4487 2859 4552 Κυνή.

423 4547 456 4596 l.
498 4550 558 4599 15
592 4549 865 4614 Δελφύνη
904 4579 968 4585 --
1005 4550 1216 4614 τορύνη
1253 4558 1609 4603 accesserunt
1646 4570 1712 4602 ex
1748 4554 1937 4603 Diehr.
1976 4555 2092 4614 287,
2131 4556 2221 4614 23,
2260 4552 2450 4618 ςιγύνη
2491 4570 2558 4604 ex
2594 4555 2839 4620 Theogn.
2881 4559 2996 4618 115,

413 4617 485 4663 »16
523 4617 596 4665 cf.
633 4620 769 4671 Lob,
807 4619 972 4668 Proll.
1010 4613 1135 4679 22⁶2&
1177 4619 1508 4685 κερδοςύνη,
1549 4621 1615 4670 ad
1656 4620 1798 4685 qnod
1838 4610 2005 4670 vbrba
2044 4622 2339 4671 Homerica
2375 4638 2442 4671 ex
2478 4622 2546 4672 11.
2582 4625 2673 4672 Pr.
2717 4623 2757 4673 Ν
2795 4626 2862 4674 29
2901 4640 2997 4689 ap·

420 4685 603 4746 posui,
640 4701 811 4749 usque
859 4687 928 4736 ad
967 4685 1367 4754 ὑποθημοςύνη
1415 4707 1480 4738 ex
1519 4689 1636 4740 Arc.
1675 4693 1795 4750 193,
1846 4687 2126 4753 ἁγιωςύνη
2166 4715 2227 4724 —-
2265 4689 2583 4755 εὐφροςύνη
2623 4707 2691 4740 ex
2726 4692 2770 4740 Τ
2777 4692 2993 4758 hengst,

420 4751 701 4815 ξεινοςύνη
741 4770 911 4818 usqne
950 4754 1018 4803 acl
1055 4756 1212 4804 finem
1254 4773 1319 4806 ox
1363 4757 1420 4807 n.
1463 4759 1548 4808 Pr.
1589 4757 1622 4805 1.
1662 4775 1707 4807 c.
1746 4758 1915 4812 adeas
1951 4758 2086 4808 Lob.
2123 4757 2287 4810 Pron.
2326 4761 2442 4809 232.
