3664 5546
1146 401 1304 457 ΠΕΡΙ
1347 401 1746 461 ΚΑΘΟΝΚΗΕ.
1773 401 2196 472 ΠΡΟΕΩιΔΙΑῼ
2241 402 2305 454 Δ.
2902 401 3016 464 107

447 3558 506 3606 Ε.
545 3558 616 3606 Μ.
658 3561 770 3618 184,
811 3563 858 3609 5.
1030 3558 1064 3607 l.
1103 3561 1163 3608 21
1204 3561 1273 3608 cf.
1315 3559 1514 3622 choen
1548 3562 1663 3621 354,
1702 3561 1762 3608 21
1801 3558 1873 3610 τὰ
1910 3557 1987 3609 εἰ(
2026 3562 2072 3610 ιξ
2110 3557 2507 3622 περιεπώμενα
2545 3557 2760 3623 θηὶσυκὰ
2787 3557 2884 3623 ςδιὰ
2920 3560 3022 3612 τοῦ

444 3643 539 3692 boc
585 3639 870 3693 κλίνονται
915 3642 1022 3694 καὶ·
1053 3640 1130 3694 εἰ(
1175 3646 1208 3692 ν
1256 3642 1443 3706 μόνω(
1491 3643 1672 3707 ἔχουει
1717 3643 1824 3706 τὴν
1882 3640 2194 3708 αἰτιατικὴν
2240 3639 2365 3692 οἷον
2414 3641 2628 3705 Βενδῖς,
2679 3642 3024 3707 Ἀταργατῑε,

365 3714 368 3718 ’
446 3709 642 3773 Μολῑε,
681 3709 849 3761 Τιτῖε.
887 3709 986 3762 εἰεί
1023 3710 1083 3762 δὲ
1119 3714 1299 3762 ταῦτα
1335 3711 1588 3775 ὀνόματα
1624 3710 1910 3773 δαιμόνων
1956 3711 2293 3774 τιμωμένων
2340 3709 2490 3775 παρὰ
2528 3709 2743 3776 Θρᾳξίν.
2817 3730 2866 3777 p.
2911 3715 3023 3770 103,

449 3782 510 3828 15
548 3779 855 3829 afferuntur
890 3778 1123 3842 Μενδῑς,
1163 3778 1367 3841 Μολῖε,
1409 3781 1675 3843 Ἀταρτῑε.
1746 3781 1816 3832 cf.
1863 3781 2000 3830 Lob.
2037 3779 2201 3830 Ptoll.
2239 3781 2355 3831 372.
2564 3779 2760 3832 Choer.
2801 3782 2923 3837 123,
2947 3781 3024 3829 ⁴27

446 3863 610 3897 unum
646 3848 702 3896 in
740 3851 785 3899 ῖ(
825 3847 1369 3913 προπεριεπώμενον
1408 3849 1641 3912 profert,
1680 3849 1821 3912 quod
1860 3848 1994 3898 nihil
2034 3850 2119 3897 sui
2156 3847 2334 3897 simile
2371 3846 2567 3906 habet,
2608 3849 2826 3910 κομβῑε,
2868 3848 3025 3896 cuius

342 3921 356 3933 “
445 3917 734 3977 genetivus
776 3923 839 3964 ut
884 3915 1341 3966 deminutivorum
1386 3918 1443 3965 in
1488 3918 1551 3966 ῡ(
1598 3917 1655 3965 ἰῐι
1700 3919 1762 3976 ῡ,
1812 3917 1891 3966 sic
1936 3918 2045 3965 ini
2091 3916 2337 3965 finiatur:
2386 3913 2452 3966 οὐ
2500 3914 2675 3977 μόνον
2721 3914 2792 3966 τὰ
2839 3913 2915 3965 εἰ(
2962 3919 3025 3965 ιΤ(

445 3982 839 4048 ὑποκοριετικά
875 3983 1244 4048 (ημειούμεθα
1281 3983 1342 4034 ἐν
1378 3988 1462 4048 τῷ
1501 3982 1692 4035 κανόνι
1730 3983 1873 4035 ἀλλὰ
1919 3984 2008 4034 καὶ
2045 3983 2144 4034 τὰ(
2182 3982 2259 4035 εἰ(
2298 4001 2343 4037 ι(
2380 3981 2791 4046 περιεπώμενα.
2845 3985 3026 4033 ταῦτα

446 4051 550 4115 γὰρ
586 4050 840 4116 ἀποβολῇ
880 4054 982 4103 τοῦ
1031 4057 1058 4104 ἰ
1108 4054 1323 4103 ποιοῦει
1360 4053 1467 4116 τὴν
1511 4050 1757 4115 γενικήν,
1797 4050 1921 4102 οἷον
1959 4052 1990 4102 ὁ
2030 4054 2217 4116 κομβῑε
2255 4056 2358 4104 τοῦ
2399 4052 2572 4113 κομβῑ.
2623 4049 2804 4101 ίετὲον
2841 4049 2901 4101 δὲ
2939 4050 3025 4100 ὅτι

448 4119 684 4185 μονῆρέε
732 4120 844 4172 ἐετι
887 4120 957 4171 τὸ
996 4120 1175 4182 ὄνομα
1220 4122 1420 4183 τοῦτο,
1468 4119 1572 4172 οὐκ
1619 4119 1732 4183 ἔχει
1777 4120 1884 4184 γὰρ
1920 4119 2059 4171 ἄλλο
2098 4119 2297 4191 ὅμοιον
2331 4118 2489 4184 αὐτῷ
2526 4118 2587 4169 ἑν
2623 4117 2822 4182 χρήεει.
