3664 5546
524 418 531 429 .
628 359 757 426 454
832 346 845 360 '
1569 358 1650 412 εκ
1688 358 1830 412 mu
1873 358 2282 413 ΗΡΩΔιΑΝοΥ

629 533 893 608 αγωγόν
946 530 1026 595 τὸ
1070 530 1315 613 ἑννύω,
1379 531 1565 608 νέω,
1621 531 1805 612 χέω,
1863 530 2042 611 κέω,
2099 530 2164 596 ἐξ
2221 528 2301 594 οὗ
2356 530 2433 594 τὸ
2490 531 2712 610 κέομαι
2764 532 2868 596 καὶ
2919 532 2991 597 ἐν
3032 535 3239 597 πλεο-

629 640 850 718 ναςμῷ
903 637 1021 699 τοῦ
1077 627 1111 696 ἶ
1169 632 1274 697 καὶ
1330 639 1615 717 ςυγκοπῇ
1672 636 1788 696 τοῦ
1851 634 1892 695 ὅ
1946 635 2183 715 κεῖμαι,
2249 633 2432 715 δέω,
2495 634 2672 713 ξέω,
2738 633 2919 715 θέω,
2982 633 3238 716 πνέω,

630 735 873 819 πλέω,
920 734 1099 816 ῥέω,
1143 735 1422 817 ποιέω,
1467 734 1717 811 νοέω,
1760 733 2023 798 τελέω.
2089 733 2436 812 κιρνάμενα
2479 735 2551 799 δὲ
2596 733 2738 798 ἔνια
2780 741 3238 816 περιςπῶνται,

631 844 869 920 ποιῶ,
914 843 1105 918 νοῶ,
1151 840 1366 901 τελῶ.
1455 836 1858 918 ςεςημείωται
1911 836 1987 900 τὸ
2045 834 2143 900 ἐῶ
2199 836 2736 916 περιςπώμενον.-
2789 835 2866 899 τὸ
2921 837 2992 901 δὲ
3047 841 3240 903 θεῶ,

570 951 603 1003 5
634 939 787 1005 ὅθεν
830 940 908 1003 τὸ
952 943 1222 1021 θεῶμαι,
1267 937 1399 1017 ἔχει
1442 939 1520 1003 τὸ
1551 940 1697 1021 θέα,
1742 939 1846 1002 καὶ
1887 939 1965 1002 τὸ
2010 944 2162 1004 νεῶ
2206 938 2282 1001 τὸ
2327 938 2494 1013 νέος.
2561 938 2664 1001 καὶ
2704 938 2782 1002 τὸ
2829 942 2981 1033 δεῶ
3024 938 3239 1016 δεήςω

631 1040 764 1107 ἀπὸ
808 1045 926 1106 τοῦ
971 1040 1332 1121 βαρυτόνου
1378 1040 1507 1105 δέω
1550 1040 1839 1117 γέγονεν.

802 1142 899 1207 T&
941 1142 1031 1207 εἰς
1076 1145 1131 1205 ὦ
1174 1141 1457 1220 καθαρὸν
1488 1141 1991 1221 παραληγόμενα
2034 1149 2112 1225 τῇ
2159 1145 2214 1207 {i
2256 1142 2592 1225 διφθόγγῳ
2639 1141 3005 1221 βαρύνεται,
3051 1141 3104 1205 εἰ
3146 1144 3239 1220 μὴ

635 1244 848 1325 ὄνομα
901 1243 1076 1326 ἔχοι,
1132 1243 1345 1323 ςείω,
1402 1245 1618 1326 θείω,
1673 1242 1887 1325 κείω,
1957 1242 2022 1308 ἐξ
2079 1240 2159 1306 οὗ
2216 1242 2566 1321 παθητικὸν
2620 1243 2864 1321 κείομαι
2920 1244 3024 1308 καὶ
3075 1244 3244 1307 κατὰ

526 1330 540 1357 ⁴
636 1347 963 1424 ςυγκοπὴν
1007 1349 1245 1428 κεῖμαι,
1293 1346 1670 1427 βρωςείω,
1716 1344 2002 1427 ὀψείω,
2048 1344 2351 1426 κιχείω,
2395 1344 2705 1426 τελείω,
2752 1343 3073 1425 ὀκνείω,
3119 1344 3241 1422 ῥι-

537 1461 603 1515 10
636 1448 858 1531 γείω,
903 1446 1287 1531 θαλπείω,
1332 1447 1735 1525 γαμηςείω.
1822 1447 1900 1510 τὸ
1945 1445 2164 1525 μέντοι
2208 1450 2398 1524 μειῶ
2451 1445 2584 1523 ἔχει
2628 1449 2807 1524 μεῑος
2850 1447 2953 1510 καὶ
2992 1447 3069 1510 τὸ
3112 1466 3242 1510 τε-

642 1554 829 1615 λειῶ
874 1551 951 1614 τὸ
994 1549 1242 1613 τέλειος
1282 1549 1388 1613 καὶ
1415 1550 1492 1613 τὸ
1538 1548 1578 1612 ἀ
1591 1551 1775 1626 ρειῶ
1818 1548 1898 1612 τὸ
1928 1546 2164 1625 ἀρείων
2195 1547 2298 1611 καὶ
2339 1545 2381 1610 ἀ
2395 1551 2581 1624 ρειῶ
2626 1545 2846 1631 ἀρειᾷς
2883 1548 2959 1613 τὸ
2990 1546 3244 1613 ἀπειλῶ

642 1651 734 1717 ὡς
785 1651 949 1730 παρ’
1004 1650 1383 1715 Ἱππώνακτι
1440 1648 1701 1733 «ἀρειᾷς
1757 1649 2144 1727 ςύκινόνμε
2199 1651 2496 1726 ποιῆςαι»
2552 1645 2660 1729 (fr.
2712 1647 2796 1712 70
2848 1646 3105 1733 Bergk)
3155 1650 3244 1716 τὸ

642 1753 823 1833 ἀρειή
880 1752 981 1817 καὶ
1033 1752 1110 1816 τὸ
1169 1751 1466 1831 ἀχρειῶ
1511 1752 1587 1815 τὸ
1633 1750 1926 1833 ἀχρεῖος,
1981 1751 2056 1814 τὸ
2112 1749 2379 1814 οἰκειῶ
2423 1749 2500 1814 τὸ
2547 1749 2782 1815 οἰκεῖος
2838 1751 3060 1816 καὶτὸ
3103 1750 3244 1816 ἀν·
3309 1792 3318 1798 -

642 1858 876 1934 δρειῶ
918 1854 996 1919 τὸ
1042 1853 1359 1932 ἀνδρεῖος.

545 1972 608 2023 15
809 1978 848 2015 ιι-
898 1956 1107 2021 Οὐδὲν
1152 1955 1243 2023 εἰς
1284 1960 1341 2019 ὦ
1398 1958 1602 2032 λῆγον
1661 1954 1827 2033 ῥῆμα
1885 1954 2244 2033 βαρύτονον
2302 1955 2584 2034 καθαρὸν
2631 1954 3013 2036 διςύλλαβον
3063 1962 3156 2038 τῷ
3199 1959 3246 2035 ἦ

644 2060 1031 2140 παραλήγει,
1076 2056 1245 2123 ἀλλὰ
1288 2057 1493 2136 μόνον
1538 2056 1615 2120 τὸ
1658 2057 1814 2135 δήω
1862 2058 2036 2134 δήεις
2085 2056 2296 2134 «δήεις
2339 2056 2529 2133 τόνγε
2575 2056 2774 2122 ςύεςςι
2822 2057 3245 2138 παρήμενον»

645 2163 712 2243 (ν
742 2158 915 2242 407).
969 2161 1046 2224 τὸ
1082 2159 1206 2237 γὰρ
1252 2158 1408 2237 ἔκηα
1453 2158 1533 2222 οὐ
1578 2158 1840 2224 πάντως
1884 2158 2199 2224 ἐνεςτῶτα
2242 2158 2359 2222 τὸν
2385 2146 2561 2236 ’κήω
2605 2157 2871 2241 αἰτήςει,
2917 2157 3008 2224 ὡς
3051 2157 3244 2223 ἀπαι-

645 2265 743 2326 τεῖ
794 2261 1157 2329 Φιλόξενος.
1244 2257 1283 2339 ἡ
1341 2262 1413 2325 δὲ
1467 2260 1730 2338 τοιαύτη
1783 2260 2133 2338 παράληξις
2187 2259 2227 2336 ἢ
2285 2259 2728 2337 περιςπωμένη
2776 2258 2973 2343 ἐςτίν,
3027 2259 3245 2338 ὥςπερ

644 2364 722 2428 τό
768 2368 957 2445 θηῶ,
1011 2367 1169 2441 νηῶ
1210 2359 1252 2441 ἢ
1298 2360 1478 2441 εἴπερ
1525 2362 1850 2443 βαρύτονα
1894 2360 2024 2443 εἴη,
2077 2360 2338 2425 πάντως
2380 2360 2539 2424 κατὰ
2592 2360 2960 2443 διάλεκτον,
3018 2362 3108 2426 ὡς
3160 2363 3247 2427 τὸ

545 2483 613 2534 20
647 2463 818 2528 παίω
870 2464 1039 2542 πήω
1096 2464 1450 2543 λεγόμενον
1504 2464 1681 2542 παρὰ
1736 2464 2077 2546 Βοιωτοῖς,
2140 2463 2217 2526 τὸ
2282 2463 2535 2526 παλαίω
2591 2483 2692 2526 πα
2711 2463 2868 2540 λήω
2924 2464 3028 2527 καὶ
3079 2464 3250 2542 παρ’

646 2567 976 2630 Αἰολεῦςιν
1036 2565 1142 2630 ἐπὶ
1205 2568 1340 2630 τῶν
1407 2565 1569 2644 ὑπὲρ
1637 2566 1756 2630 δύο
1828 2565 2173 2648 ςυλλαβάς,
2243 2562 2540 2642 ἀδικήω
2610 2562 2899 2644 «Ψάπφ’,
2955 2564 3250 2643 ἀδικήει»

647 2665 924 2753 (Sapph.
970 2665 1051 2728 fr.
1097 2663 1134 2729 I
1176 2666 1320 2747 20),
1374 2669 1650 2746 ποθήω
1708 2668 1855 2732 «καὶ
1905 2669 2132 2746 ποθήω
2186 2667 2290 2739 καὶ
2333 2665 2613 2746 μάομαι»
2673 2665 2751 2730 τό
2796 2685 2866 2730 τε
2912 2665 3115 2742 κλήω
3176 2665 3254 2730 ἐκ

647 2773 769 2835 τοῦ
812 2769 1002 2834 κλείω
1046 2769 1420 2850 γενόμενον.

819 2871 914 2936 T&
957 2870 1047 2936 εἰς
1093 2872 1147 2936 ὦ
1190 2866 1474 2950 καθαρὸν
1519 2872 2029 2953 ὑπερδιςύλλαβα
2072 2873 2572 2951 παραληγόμενα
2597 2874 2634 2935 ’ῑ
2678 2875 2899 2951 βραχεῖ
2939 2867 3253 2950 περιςπᾶ-

546 2992 615 3045 25
649 2994 782 3056 ται,
829 2977 1134 3055 μειδιῶ,
1180 2981 1459 3057 κοπιῶ,
1506 2973 1725 3057 ἀξιῶ,
1771 2974 2144 3057 ἐρυθριῶ,
2176 2973 2518 3058 ἀγωνιῶ,
2567 2972 2889 3057 ἀκηδιῶ,
2921 2980 3241 3057 μετριῶ,

648 3263 834 3330 recepi
871 3278 939 3313 ex
972 3263 1219 3328 Theogn.
1258 3266 1380 3328 146,
1417 3265 1473 3325 5,
1516 3266 1611 3331 qui
1645 3281 1813 3316 unam
1848 3282 1918 3317 ex
1955 3266 2191 3318 diversis
2225 3268 2384 3317 verbi
2431 3270 2613 3329 κεῖμαι
2659 3268 2730 3318 ab
2771 3268 3087 3320 Herodiano
3123 3285 3252 3334 pro-

649 3332 847 3398 positis
884 3332 1377 3397 propagationibus
1413 3349 1665 3384 servasse
1704 3334 1948 3397 videtur,
1990 3350 2153 3399 quum
2190 3334 2421 3385 alteram
2460 3350 2492 3384 a
2528 3333 2690 3399 κέημι
2721 3334 2913 3406 κέεμαι
2948 3352 3017 3387 ex
3053 3337 3252 3388 eodem

651 3400 806 3450 fonte
844 3400 1075 3463 peritam
1112 3399 1379 3450 Choerob.
1404 3402 1522 3462 667,
1549 3404 1613 3452 25
1636 3402 1950 3456 tradiderit.
1975 3429 2037 3439 —
2065 3400 2369 3468 κιρνάμενα
2404 3401 2465 3455 δὲ
2503 3401 2622 3454 ἔνια
2649 3430 2715 3439 -
2739 3404 2892 3457 τελῶ
2920 3420 2987 3456 ex
3015 3406 3181 3455 Lace.

584 3474 625 3494 ··
648 3466 684 3517 1.
724 3468 756 3517 8
792 3464 929 3517 θείω
966 3467 1152 3531 recepi
1176 3482 1245 3516 ex
1270 3466 1514 3533 Theogn.
1546 3472 1658 3529 146,
1690 3472 1750 3519 15
1779 3475 1837 3520 et
1867 3471 1926 3523 Ε.
1958 3469 2028 3520 Μ.
2064 3473 2165 3520 449
2202 3469 2469 3533 (Favorin
2494 3473 2612 3530 239,
2645 3473 2726 3536 10)
2764 3469 3017 3536 θείομενῑ
3058 3470 3249 3528 1(τέον

654 3533 744 3586 ὅτι
788 3534 903 3597 ἥμα
976 3546 1041 3584 εν
1077 3532 1420 3598 Ἡρωδιανὸς
1447 3534 1785 3600 ἀρεςάμενος
1820 3537 1891 3589 τὸ
1917 3535 2054 3589 θείω
2081 3537 2380 3590 ἐνεςτῶτα.
2427 3537 2541 3589 ἔςτι
2565 3537 2627 3590 δὲ
2648 3537 3034 3591 ὑποτακτικὸν
3058 3539 3250 3593 δευτέ-

650 3615 755 3719 8ῗὲ
768 3599 2270 3732 ⁶2⁰3,‘3321052‘2z1⁶423⁹5022{31¹w“*{‘}¹‘“1{¹²⁶‹3;3“5-21
2295 3604 2686 3726 ‘missi
2704 3605 2784 3725 ‘²132‘
2787 3606 2820 3658 ὁ
2842 3608 3071 3728 ’ῗὲοὲῗ
3079 3605 3249 3727 εθείῗ

653 3739 764 3787 750.
792 3734 879 3800 50)
916 3734 1120 3787 τελείω
1147 3737 1486 3803 βαρύτονον,
1526 3738 1582 3791 ἐξ
1619 3737 1688 3790 οὗ
1726 3738 1796 3791 τὸ
1831 3738 2156 3793 «ἐτελείετο
2169 3755 2222 3793 >>·
2258 3710 2331 3793 τὰ
2365 3740 2472 3807 γὰρ
2495 3744 2731 3793 τοιαῦτα
2767 3691 3008 3807 τῗαραγω
3047 3741 3084 3794 ὰ
3119 3740 3251 3808 ἄχρι

651 3806 757 3855 τοῦ
795 3807 1179 3873 παρατατικοῠ
1217 3803 1465 3859 κλίνεται
1502 3806 1645 3859 κατὰ
1680 3809 1864 3859 πᾱςαν
1900 3808 2140 3871 ἐγκλιςιν
2173 3810 2264 3861 καί
2289 3807 2378 3861 διὰ
2400 3811 2503 3873 τῆς
2529 3813 2580 3860 H
2604 3809 2915 3875 διφθόγγου
2939 3825 2976 3875 γ
3047 3824 3249 3876 φεται·

652 3868 781 3924 οἷον
805 3886 856 3922 κι
895 3874 943 3923 ῶ
972 3871 1191 3938 κιχείω,
1230 3875 1315 3924 θῶ
1342 3871 1507 3938 θείω,
1547 3876 1625 3926 ςῶ
1652 3873 1811 3940 ςείω,
1848 3876 2000 3927 τελῶ
2026 3875 2254 3928 τελείω·
2293 3874 2476 3928 ίςτέον
2512 3876 2572 3929 δὲ
2599 3877 2687 3929 ὅτι
2712 3876 2827 3929 ἀπὸ
2853 3880 2975 3948 τῶν
3012 3878 3254 3932 ἐνεςτώ-

651 3953 775 3991 των
809 3886 1023 4002 Yam-m
1059 3941 1150 3991 καὶ
1185 3939 1302 3993 ἀπὸ
1341 3940 1700 4004 μελλόντων·
1740 3944 1831 3994 καί
1867 3943 1939 3996 τὰ
1977 3943 2078 4007 μὲν
2114 3943 2230 3996 ἀπὸ
2276 3943 2611 3997 ἐνεςτώτων
2648 3945 2832 4009 ἔχουςι
2869 3947 2960 3999 καὶ
2998 3961 3254 4013 παρατα-

651 4007 834 4060 τικόν·
868 4007 942 4060 τὰ
977 4007 1039 4060 δέ
1073 4007 1189 4061 ἀπὸ
1227 4008 1562 4069 μελλόντων
1599 4008 1914 4063 ὲνεςτῶτας
1953 4010 2188 4075 μόνους·
2225 4011 2361 4065 ὅθεν
2391 4010 2756 4078 ςεςημείωται
2791 4013 2862 4066 τὸ
2899 4014 3095 4080 ὤψεον
3130 4013 3252 4068 ἀπὸ

652 4077 756 4128 τοῦ
782 4073 964 4139 ὁψείω
1006 4078 1096 4137 (ef.
1127 4077 1323 4128 Choer.
1353 4079 1496 4130 Diet.
1522 4081 1640 4138 527,
1669 4084 1735 4130 35
1763 4122 1775 4134 .
1811 4081 1965 4131 τελῶ
1991 4078 2220 4132 τελείω·
2255 4080 2328 4132 τὰ
2352 4078 2431 4132 εἰς
2458 4086 2506 4131 ω
2541 4080 2795 4146 λήγοντα
2828 4083 3044 4149 καθαρὰ
3069 4098 3251 4148 παρα-

651 4142 939 4208 ληγόμενα
974 4147 1046 4262 T?
1082 4147 1133 4197 ἴι
1167 4143 1337 4208 διφθό
1413 4161 1460 4213 ῳ
1509 4145 1868 4212 βαρύνονται·
1916 4145 1965 4200 εί
2009 4147 2071 4200 δέ
2106 4162 2160 4199 τι
2204 4146 2608 4214 περιεςπάςθη,
2663 4153 2841 4202 τοῦτο
2885 4151 3029 4216 παρ’
3065 4150 3254 4215 ὄνομα

652 4209 906 4273 ἐγένετο·
960 4225 1017 4262 ςε
1042 4226 1118 4275 ω,
1165 4213 1343 4277 βρωςε
1370 4227 1444 4275 ω,
1490 4212 1692 4267 τελείω
1738 4214 1988 4267 ἐτέλειον
2009 4215 2204 4268 ῐ«Διὸς
2248 4215 2326 4267 δ’·
2343 4215 2624 4269 ἐτελείετο
2671 4218 2890 4283 βουλή»
2940 4218 3010 4285 (Α
3047 4218 3130 4284 5)·
3177 4219 3253 4272 τὸ

653 4277 845 4342 μέντοι
882 4280 1021 4344 μειῶ
1059 4278 1211 4344 παρὰ
1246 4280 1315 4331 τὸ
1354 4284 1512 4343 μεῖον
1547 4282 1639 4334 καί
1674 4282 1743 4334 τὸ
1778 4284 1982 4336 τελειῶ
2020 4282 2172 4348 παρὰ
2205 4283 2275 4334 τὸ
2311 4282 2528 4338 τέλειος
2564 4284 2750 4337 καὶτὸ
2775 4285 2948 4351 ἀρειῶ
2986 4287 3137 4352 παρὰ
3172 4288 3248 4340 τὸ

651 4345 848 4413 Ἄρης·
893 4344 1144 4413 ςημαίνει
1191 4347 1339 4400 δύα·
1377 4349 1447 4401 τὸ
1493 4349 1698 4415 ἀχρειῶ
1744 4351 1898 4416 παρὰ
1941 4350 2011 4402 τὸ
2058 4350 2292 4416 ἀχρεῖος.
2338 4379 2403 4388 -
2448 4351 2619 4417 ἀρειῶ
2664 4352 2852 4420 ἀρειᾷς
2898 4357 3132 4421 apposui
3180 4373 3257 4407 ex

657 4415 716 4468 Ε.
760 4416 829 4468 Μ.
870 4418 990 4470 139.
1032 4417 1094 4465 36
1148 4415 1266 4467 loeo
1317 4417 1664 4471 Herodianeo
1709 4420 1779 4469 ef.
1819 4420 2023 4470 Herod.
2068 4421 2124 4470 in
2168 4421 2226 4472 Β.
2265 4420 2337 4475 Μ,
2382 4425 2502 4484 134,
2540 4426 2604 4473 52
2650 4420 3046 4486 ἀραριημένος·
3099 4421 3252 4475 {crui

653 4481 835 4545 ὄνομα
871 4482 1023 4547 παρὰ
1057 4486 1144 4550 τῷ
1181 4488 1389 4551 ποιητῇ
1426 4484 1611 4552 ἀρειή,
1649 4485 1761 4550 ἀφ’
1795 4485 1864 4538 οὗ
1902 4487 2050 4552 ῥῆμα
2087 4486 2259 4552 ἀρειῶ
2297 4489 2417 4540 κτλ.
2453 4516 2520 4525 -
2555 4487 2746 4542 οἰκειῶ
2784 4489 3024 4555 ἀνδρειῶ
3060 4507 3254 4543 neees-

655 4556 849 4601 eerunt
883 4565 949 4601 ex
984 4551 1213 4616 'Pheogn
1280 4556 1399 4615 145,
1440 4559 1523 4606 24.
1666 4555 1699 4608 1.
1747 4559 1805 4606 15
1842 4571 2103 4606 canonem
2143 4558 2324 4621 recepi
2361 4572 2430 4606 ex
2467 4557 2610 4607 Mon.
2646 4561 2739 4619 43,
2777 4560 2844 4610 20
2891 4558 3142 4625 exempla
3177 4560 3253 4611 ad

655 4615 867 4683 ἀδικήω
907 4629 961 4667 et
997 4619 1200 4685 ποθήω
1237 4621 1450 4672 addens
1488 4638 1553 4673 ex
1583 4623 1782 4676 Herod.
1821 4622 1950 4686 περὶ
1983 4624 2188 4675 παθῶν
2224 4625 2282 4678 in
2309 4625 2368 4677 E.
2396 4623 2537 4675 Gnd.
2567 4627 2689 4686 294,
2714 4628 2809 4677 37.
2853 4626 2913 4677 E.
2945 4628 3013 4676 M.
3038 4630 3157 4690 486,
3181 4631 3257 4679 40

658 4685 729 4734 ef.
771 4685 938 4736 Lehrn
972 4687 1178 4738 Herod.
1218 4704 1270 4753 p.
1304 4692 1425 4750 131,
1465 4690 1681 4741 Ahrens
1715 4690 1847 4741 dial.
1887 4694 2014 4742 Dor.
2045 4695 2156 4743 133.
2249 4691 2285 4745 1.
2307 4693 2385 4758 025
2418 4689 2632 4757 ἀκηδιῶ
2670 4695 2880 4757 μετριῶ
2918 4695 3153 4760 apposni
3185 4711 3258 4747 ex

655 4750 902 4818 Theogn.
944 4756 1064 4816 146,
1101 4758 1163 4805 21
1214 4753 1486 4820 (ἀγαλλιῶ
1532 4763 1606 4821 ut,
1646 4759 1716 4809 ab
1762 4758 2010 4824 Theogn.
2055 4759 2180 4825 ipso
2229 4775 2297 4811 ex
2340 4760 2514 4810 saeris
2559 4761 2922 4827 scriptoribus
2965 4763 3253 4814 adiectum

659 4819 866 4884 omisi),
901 4823 1097 4886 χαιριῶ
1134 4850 1199 4858 —
1236 4827 1441 4887 κνιφιῶ
1481 4840 1601 4876 cum
1636 4827 1996 4877 annotatione
2034 4828 2216 4893 recepi
2261 4843 2330 4879 ex
2365 4827 2512 4878 Mon.
2547 4830 2643 4890 43,
2679 4832 2770 4881 31:
2817 4828 3034 4893 ὲςθίωχ
3058 4829 3132 4881 τὰ
3171 4829 3254 4884 εἰς
