3664 5546
1543 402 1961 450 PRAEFATIO.
2785 403 2823 450 C
2834 403 3051 452 Lxxxl

470 573 541 625 ut
592 563 657 623 in
713 557 1164 622 terminatione
1223 549 1336 624 λος
1393 556 1780 638 subsistam,
1850 556 2068 620 omnia
2136 555 2399 622 nomina
2463 557 2531 619 in
2586 562 2774 640 αλος,
2830 562 3050 641 αλλος,

467 653 691 740 dish-(ff,
734 648 965 744 ffiffif,
1019 647 1216 747 porro
1287 660 1356 723 in
1413 647 1528 726 ἧς
1583 661 1725 739 μετ’
1769 661 2121 736 ἐπιπλοκῆς
2179 659 2545 738 ςυμφώνου.
2646 659 2774 723 Sed
2830 659 2898 722 in
2943 660 3047 741 iis,

467 788 630 851 quae
674 765 741 827 in
785 785 972 827 suam
1020 784 1152 825 rem
1197 772 1578 825 convertere
1619 759 1863 844 potuit,
1911 759 2403 824 accuratissime
2445 758 2807 824 Herodiani
2852 761 3049 825 vesti-

465 868 574 950 gia
617 866 854 952 pressit
909 867 1108 929 etiam
1164 885 1462 927 sermone
1504 860 1886 949 plerumque
1945 871 2204 925 servato
2262 859 2374 945 (de
2418 861 2678 939 ὁρᾱςθαι
2721 885 2838 947 pro
2885 864 3043 942 εὑρί-

467 975 705 1034 ςκεςθαι
770 967 855 1031 ef.
909 964 1118 1030 Lehrs
1176 965 1426 1029 Herod.
1495 988 1553 1050 p.
1609 964 1767 1045 4093
1838 963 1919 1028 de
1985 961 2269 1027 dictione
2339 964 2782 1044 ἱςτορούμεναι
2850 967 3046 1032 λέξεις

465 1070 668 1133 Lehrs
715 1069 798 1133 ad
845 1067 1092 1133 Herod.
1141 1066 1316 1131 Mon.
1364 1068 1426 1148 5,
1479 1067 1584 1146 193
1635 1065 1933 1149 Theogn.
1980 1086 2044 1149 p.
2088 1065 2204 1145 40,
2256 1066 2336 1128 10
2378 1067 2710 1144 κατάληξις
2751 1103 2837 1113 —-
2880 1068 3045 1132 ἱςτο-

466 1172 601 1250 ρίας
644 1172 745 1235 καὶ
802 1171 922 1235 οὐκ
965 1169 1316 1246 ἀναλογίας
1375 1169 1648 1247 ἐχομένη
1703 1168 1789 1230 ef.
1835 1189 1983 1231 eum
2026 1166 2202 1230 Mon.
2256 1167 2365 1248 12,
2413 1167 2522 1251 22)
2580 1167 2675 1232 ita
2719 1178 2790 1232 ut
2839 1190 2921 1230 ex
2966 1191 3043 1230 eo

465 1295 590 1336 non
635 1269 844 1336 solum
890 1271 973 1336 ab
1019 1270 1396 1334 Herodiano
1443 1268 1646 1334 allata
1689 1267 2012 1333 voeabula
2056 1306 2133 1315 -
2179 1269 2530 1334 immiscuit
2586 1279 2805 1332 autem
2848 1270 3045 1334 etiam

464 1371 864 1438 alienissima
907 1394 962 1436 e.
1008 1395 1071 1456 g.
1115 1371 1351 1436 Latina
1394 1375 1629 1454 φόςςα,
1674 1372 1898 1452 κέλλα,
1945 1370 2136 1435 ςέλλα
2181 1368 2426 1455 pariter
2469 1380 2664 1455 atque
2697 1369 2930 1434 Choer.
2977 1372 3045 1434 in

464 1474 648 1539 Orth.
691 1473 1004 1538 Latinum
1045 1476 1240 1553 τέρρα
1293 1475 1464 1538 inter
1509 1472 1768 1537 Graeca
1811 1470 2072 1534 infersit
2112 1507 2228 1551 -—,
2277 1470 2395 1534 sed
2440 1472 2637 1534 etiam
2694 1470 2885 1535 solidi
2942 1493 3045 1535 ea·

462 1597 662 1648 nones
704 1575 1019 1639 accedant
1049 1574 1130 1638 ad
1177 1573 1448 1638 Arcadii
1494 1576 1839 1660 epitomen.
1896 1572 2114 1636 Unum
2145 1572 2482 1659 utriusque
2526 1572 2785 1657 generis
2830 1596 3045 1638 exem-

462 1676 640 1762 plum
685 1699 818 1740 rem
864 1676 1185 1744 absolvat.

633 1778 873 1842 Arcad.
929 1779 1043 1859 52,
1106 1778 1182 1842 18
1250 1777 1334 1841 ad
1400 1777 1594 1841 θόλος
1661 1775 1967 1840 addenda
2023 1788 2174 1841 sunt
2229 1778 2456 1859 χόλος,
2522 1777 2764 1859 ψόλος,
2833 1778 3046 1860 βόλος,

462 1883 696 1963 πόλος,
740 1882 962 1963 κόλος,
1008 1882 1238 1962 μόλος,
1286 1880 1543 1961 ςτόλος,
1576 1879 1765 1944 ςόλος
1797 1882 1898 1943 καὶ
1931 1878 2151 1956 (Σόλοι,
2199 1879 2354 1943 ὅλος
2386 1889 2449 1942 et
2481 1889 2815 1964 oxytonou
2847 1880 3042 1944 θολός

464 2005 546 2045 ex
605 1981 899 2066 Theogn.
959 1983 1073 2061 62,
1135 1981 1244 2060 19,
1311 2001 1476 2066 quae
1530 1979 1736 2043 verba
1788 1980 1857 2041 in
1916 1980 2231 2044 Prosodia
2288 1978 2625 2043 Catholiea
2679 1979 2847 2043 lecta
2901 2002 3045 2043 esse

464 2084 656 2147 etiam
702 2082 964 2147 aliunde
1010 2082 1443 2146 demonstrari
1487 2089 1735 2167 potest,
1780 2103 1933 2145 nam
1977 2083 2184 2147 πόλος
2230 2083 2457 2147 ςτόλος
2502 2089 2655 2144 sunt
2698 2081 2765 2143 in
2811 2078 2888 2144 ll.
2936 2081 3043 2144 Pr.

468 2188 510 2249 Κ
561 2186 710 2264 134,
758 2186 998 2265 ψόλος,
1045 2185 1229 2267 ὅλος,
1275 2186 1505 2266 χόλος,
1563 2184 1756 2248 δόλος
1813 2183 1879 2246 in
1926 2171 2050 2268 Ep.
2101 2182 2211 2247 Cr.
2256 2184 2291 2246 I
2333 2182 2493 2264 44:33
2553 2184 2745 2248 κόλος
2804 2181 2883 2245 Il.
2932 2182 3041 2249 Pr.

461 2289 524 2351 Π
571 2286 721 2365 117,
768 2289 962 2351 θολός
1007 2285 1086 2349 ΙΙ.
1131 2285 1238 2348 Pr.
1292 2287 1336 2349 Κ
1388 2286 1526 2348 134.

629 2386 855 2451 Canon
900 2411 984 2450 ex
1029 2386 1320 2470 Theogn.
1365 2387 1479 2466 50,
1533 2387 1604 2448 11
1654 2385 2060 2450 adiiciendus
2106 2397 2206 2451 est
2251 2386 2334 2450 ad
2380 2384 2623 2450 Aread.
2669 2386 2787 2465 38,
2832 2387 2918 2448 :20
2961 2385 3044 2449 de

463 2487 828 2552 nominibus
871 2488 938 2551 in
983 2494 1166 2562 ’νὲοςς
1213 2510 1404 2572 porro
1461 2510 1544 2552 ex
1599 2487 1824 2552 eodem
1879 2489 2224 2574 insequens
2282 2509 2488 2551 canon
2540 2489 2620 2553 τὰ
2674 2489 2764 2553 εἰς
2812 2509 2882 2551 ος
2932 2490 3042 2567 λή-

462 2612 659 2667 γοντα
718 2590 1004 2669 ὀνόματα
1069 2590 1200 2655 ἀπὸ
1264 2595 1395 2656 τῶν
1462 2591 1566 2653 διὰ
1617 2595 1736 2680 τοῦ
1794 2594 1923 2657 stiffi
1978 2591 2285 2668 γινόμενα
2342 2590 2664 2671 ὀξύνεται,
2720 2589 2815 2652 sie
2870 2590 3041 2651 enim

465 2691 864 2777 Theognosti
907 2713 1116 2756 canon
1162 2689 1698 2776 orthographieus
1746 2690 2102 2755 vertendus
2149 2700 2280 2770 est,
2337 2691 2445 2775 qui
2495 2712 2701 2754 canon
2748 2688 3037 2775 prosodi-

463 2817 573 2857 cus
620 2803 841 2858 exstat
883 2794 1078 2857 etiam
1123 2793 1341 2859 verbis
1387 2791 1676 2879 paullum
1723 2795 1989 2858 mutatis
2034 2794 2103 2857 in
2147 2793 2221 2857 Il.
2270 2792 2378 2856 Pr.
2425 2795 2483 2858 Ψ
2535 2794 2673 2856 160.

629 2895 849 2960 Etiam
896 2893 1132 2959 multas
1177 2892 1644 2979 explicationes
1691 2906 1754 2960 et
1800 2894 2342 2981 appellativorum
2396 2896 2727 2958 nominum
2785 2905 2849 2958 et
2898 2918 3038 2979 pro-

465 2997 783 3082 priorum,
852 2996 920 3058 in
983 2996 1220 3083 quibus
1285 2996 1450 3059 mire
1515 2997 1819 3080 congruit
1886 3020 2033 3061 eum
2090 2995 2454 3081 Stephane,
2522 2995 2606 3060 ab
2664 2995 3039 3060 Herodiano

465 3099 829 3183 propositas
874 3098 1364 3181 Theognostum
1410 3120 1707 3162 servasse
1752 3100 1885 3162 iam
1929 3121 2127 3185 supra
2171 3099 2463 3183 exposui.

625 3199 752 3265 Est
805 3200 1009 3282 igitur
1064 3199 1516 3283 Theognostus
1575 3199 1658 3264 ad
1713 3201 2150 3285 cognitionem
2204 3200 2534 3265 doetrinae
2590 3198 3042 3263 Herodianeae

463 3299 882 3381 utilissimus,
949 3323 1096 3364 nam
1164 3310 1228 3364 et
1291 3300 1617 3366 vocabula
1681 3304 1765 3367 ab
1820 3300 2199 3367 Herodiano
2256 3299 2509 3386 prolata
2571 3311 2636 3364 et
2692 3311 3042 3387 praecepta

464 3402 818 3466 Herodiaui
866 3401 1145 3489 plurima
1190 3402 1367 3468 solus
1422 3405 1716 3468 servavit
1771 3416 1837 3470 et
1891 3405 2173 3469 maxime
2229 3406 2294 3467 in
2352 3401 2432 3466 iis
2490 3403 2815 3489 1›artibuS‚
2875 3425 3039 3487 quas

463 3503 782 3568 Arcadius
827 3505 1246 3587 neglegenter
1289 3505 1648 3589 excerpsit,
1696 3505 1880 3570 velut
1922 3508 1991 3570 in
2021 3507 2263 3590 eapite,
2313 3506 2485 3591 quod
2531 3514 2632 3567 est
2676 3504 2757 3568 de
2790 3506 3040 3568 neutris

463 3605 524 3668 in
571 3609 671 3670 165
704 3610 839 3671 ’ἐῖόῖν
874 3609 1040 3684 (Rev,
1087 3605 1347 3689 plurimi
1385 3606 1828 3671 aestimandus
1844 3655 1861 3687 ,
1908 3606 2061 3672 lieet
2106 3604 2442 3672 fatendum
2473 3608 2557 3670 sit
2600 3629 2747 3669 oum
2792 3616 3040 3670 scatere

462 3729 588 3771 non
633 3705 841 3770 solum
887 3706 1214 3771 scribendi
1259 3707 1470 3787 vitiis,
1526 3730 1696 3793 quae
1748 3709 1815 3771 in
1862 3709 2156 3773 itacismo
2214 3710 2341 3773 sita
2393 3717 2545 3771 sunt
2604 3707 2780 3772 velut
2828 3731 2889 3792 p.
2934 3709 3038 3787 58,

461 3807 571 3887 30,
618 3806 732 3870 sed
778 3809 972 3894 etiam
1019 3808 1257 3871 crassis
1314 3808 1644 3872 erroribus
1702 3820 1766 3873 et
1819 3810 2083 3896 ineptiis
2130 3809 2432 3874 absurdis
2477 3809 2712 3895 quibus
2759 3832 2797 3873 a
2840 3810 3039 3891 magi-

462 3909 659 3973 stellis
707 3908 1094 3994 Byzantinis
1142 3909 1500 3973 doctrinam
1547 3922 1843 3974 veterum
1900 3911 2529 3995 technographorum
2584 3910 2774 3973 foede
2830 3911 3037 3994 inqui-

461 4012 598 4074 nari
654 4011 814 4075 satis
869 4019 1094 4073 notum
1139 4022 1259 4075 est.
1347 4011 1455 4075 Ab
1512 4009 1892 4075 Herodiano
1950 4012 2215 4077 aberrat
2270 4035 2324 4075 e.
2370 4034 2429 4095 g.
2489 4035 2548 4096 p.
2602 4012 2752 4092 105,
2800 4012 2866 4089 8,
2924 4013 3039 4075 ubi

464 4122 801 4195 postquam
846 4113 1199 4176 seeundum
1243 4111 1690 4177 Herodianum
1737 4112 1847 4197 (E.
1893 4112 2008 4177 Or.
2054 4114 2163 4193 88,
2210 4115 2292 4177 23
2339 4124 2404 4177 et
2448 4114 2562 4192 89,
2609 4112 2722 4197 29)
2777 4113 3041 4176 nomina

460 4211 526 4274 in
580 4220 642 4277 ια’
695 4235 736 4276 a
787 4213 1160 4277 nominibus
1217 4217 1284 4277 in
1341 4236 1393 4279 ις
1448 4214 1752 4279 derivata
1806 4216 2191 4279 memoravit
2248 4216 2482 4293 Κύπρις
2543 4215 2811 4296 Κυπρία,
2867 4214 3040 4278 κόνις

462 4314 669 4397 κονία,
714 4337 864 4378 eum
909 4314 1008 4378 his
1053 4316 1384 4400 componit
1429 4317 1598 4395 ῥῆςις
1655 4315 1835 4395 ῥηςία
1887 4317 2229 4396 παρρηςία,
2287 4320 2496 4394 κλῆςις
2552 4316 2768 4394 κληςία
2822 4314 3037 4393 ἐκκλη-

429 4418 588 4497 -ςία,
633 4416 823 4481 κλίςις
868 4416 1101 4499 κλιςία,
1156 4417 1324 4482 δόςις
1382 4418 1560 4483 δοςία
1613 4419 1955 4500 προδοςία,
2013 4419 2177 4483 θὲςις
2232 4418 2402 4482 Θεςία
2456 4417 2817 4497 ἀςυνθεςία,
2872 4438 3039 4499 quae

461 4515 780 4579 voeabula
824 4516 1272 4580 Herodianum
1317 4540 1357 4580 a
1398 4518 1620 4581 futuro
1666 4519 1856 4582 verbi
1900 4519 2169 4583 duxisse
2215 4530 2279 4584 et
2322 4519 2563 4583 Aread.
2610 4518 2721 4597 99,
2769 4517 2807 4580 3
2853 4526 2917 4580 et
2960 4516 3038 4583 Π.

465 4618 567 4680 Pr.
614 4617 666 4681 Ω
710 4617 837 4681 235
880 4615 991 4700 (ad
1037 4641 1228 4703 quem
1276 4617 1318 4682 l.
1367 4620 1449 4684 ef.
1493 4618 1731 4703 Lehrs>
1780 4619 2247 4685 demonstrant.
2334 4621 2414 4685 In
2457 4621 2570 4700 iis,
2629 4640 2794 4703 quae
2851 4618 2930 4681 de
2986 4619 3039 4682 ὧ

461 4720 657 4783 πόποι
704 4718 1001 4801 tradidit,
1045 4720 1358 4785 Lehrsius
1403 4721 1461 4785 ei
1508 4720 1702 4785 fidem
1735 4720 2007 4805 derogat
2052 4720 2131 4785 de
2162 4723 2367 4787 Arist.
2401 4719 2568 4785 stud.
2609 4743 2674 4806 p.
2712 4721 2831 4783 118
2862 4742 3039 4806 seqq.

463 4818 559 4882 ed.
606 4820 691 4885 ΙΙ.
791 4820 1189 4888 Insulsitatis
1246 4823 1774 4888 condemnandus
1843 4835 1942 4886 est
1998 4846 2055 4908 p.
2108 4824 2259 4905 142,
2313 4825 2419 4903 11,
2476 4821 2623 4903 ubi,
2691 4844 2887 4907 quum
2955 4845 3037 4886 ex
