3664 5546
1152 383 1310 439 ΠΕΡΙ
1351 383 1745 439 ΚΑΘΟΛΙΚΗ(
1781 382 2205 438 ΠΡΟΕΩιΔΙΑ(
2241 381 2293 437 ς.
2904 381 3026 446 165

434 560 689 637 ραιβίας.
774 556 1059 636 Ὅμηρος
1116 563 1246 641 «τῷ
1301 555 1368 621 δ’
1422 555 1695 633 Ἐνιῆνες
1742 556 1984 621 ἕποντο
2039 554 2499 635 μενεπτόλεμοί
2554 574 2622 618 τε
2672 554 3018 634 Περαιβοί»

433 660 509 741 (Β
555 657 738 742 749),
786 659 983 723 ταῦτά
1024 679 1192 724 τινες
1236 659 1645 738 μετέγραψαν
1692 664 1826 743 «τῷ
1883 657 1951 723 δ’
1995 657 2105 736 ἄρ’
2147 658 2358 722 Ἰωλοι
2415 657 2655 723 ἕποντο
2714 657 3018 737 μενεπτό-

434 762 613 840 λεμοί
652 781 718 825 τε
759 761 1138 843 Περαιβοί»,
1187 762 1628 837 Μάγδωλος
1667 759 1856 825 πόλις
1898 758 2237 835 Αἰγύπτου.
2284 759 2610 825 Ἑκαταῖος
2643 761 3018 839 περιηγήςει.

432 864 808 943 Τύμωλος
884 862 922 927 ὁ
990 863 1254 942 Τμῶλος
1328 863 1487 927 κατὰ
1552 863 1884 942 ποιητικὸν
1962 862 2555 942 μεταςχηματιςμόν.
2651 862 3020 927 Ἐτέωλος

431 966 640 1047 ὄνομα
695 966 962 1045 λιμένος.
1035 967 1429 1045 Ἄρρωλος
1484 964 1694 1043 ὄνομα
1751 963 2024 1029 πόλεως.
2104 965 2509 1031 Καςτωλός
2564 967 2634 1029 δὲ
2680 1000 2765 1010 -
2807 964 2887 1044 ἦν
2944 966 3076 1029 δὲ5

432 1069 617 1134 πόλις
661 1068 732 1135 ἐν
775 1068 975 1152 Λυδίᾳ
1018 1103 1102 1114 -
1156 1067 1387 1146 ἐκλήθη
1441 1068 1512 1132 δὲ
1569 1066 1667 1131 ὅτι
1728 1066 2108 1132 Καςτωλοὺς
2161 1067 2316 1132 τοὺς
2370 1070 2651 1146 Δωριεῖς
2708 1067 2770 1131 οἱ
2822 1067 3018 1131 Λυδοί

430 1192 624 1251 φαςιν
666 1207 752 1218 -
794 1170 1084 1238 ὀξύνεται
1130 1170 1285 1249 ἔχον
1329 1170 1449 1234 δύο
1496 1169 1842 1251 ςύμφωνα,
1898 1167 1993 1234 ὧν
2049 1170 2126 1234 τὸ
2179 1171 2253 1235 ἓν
2309 1173 2347 1235 ’Ῑ
2392 1169 2589 1252 ἐςτίν,
2649 1170 2740 1234 ως
2795 1170 2898 1234 καὶ
2939 1170 3015 1233 τὸ

428 1273 876 1339 Πακτωλός.
965 1273 1041 1338 τὸ
1101 1271 1316 1352 μέντοι
1373 1271 1846 1350 (πάρτωλος
1904 1271 2257 1352 βαρύνεται.
2347 1271 2473 1337 ἔςτι
2529 1274 2601 1336 δὲ
2645 1271 2831 1336 πόλις
2879 1272 3015 1336 Μα-

428 1376 751 1459 κεδονίας,
810 1377 900 1441 ὡς
957 1374 1349 1453 Θουκυδίδης
1405 1374 1476 1439 ἑν
1532 1373 1799 1457 δευτέρᾳ
1856 1373 1941 1454 (ο.
1989 1372 2117 1458 79).
2215 1375 2295 1438 τὰ
2348 1375 2471 1453 γὰρ
2525 1374 2645 1440 δύο
2703 1374 3015 1454 ςύμφωνα

430 1478 546 1542 οὐκ
591 1477 743 1543 εἰςὶν
788 1477 858 1543 ἐν
905 1477 1245 1559 ςυλλήψει,
1291 1476 1444 1541 ἀλλ’
1487 1475 1558 1540 ἐν
1603 1476 1930 1541 διαςτάςει.
2017 1477 2093 1542 τὸ
2140 1479 2211 1541 δὲ
2253 1475 2598 1541 Αἰτωλός
2641 1476 2942 1554 τριγενές.
3055 1485 3118 1535 ιο

596 1580 691 1645 Τὰ
734 1581 839 1645 διὰ
866 1583 985 1644 τοῦ
1031 1583 1201 1645 ωλος
1246 1578 1754 1658 ὑπερδιςύλλαβα
1798 1578 1972 1642 ἁπλᾶ
2017 1578 2324 1659 ῥηματικὰ
2357 1578 2595 1658 ἔχοντα
2636 1580 2753 1656 τὴν
2797 1577 3012 1657 τρίτην

429 1683 673 1763 μακρὰν
719 1682 1040 1766 ὀξύνεται,
1086 1682 1517 1763 φειδωλός,
1563 1680 1901 1745 αἰτωλός
1944 1681 2020 1745 τὸ
2052 1681 2346 1746 ἐπίθετον
2390 1682 2565 1759 παρὰ
2608 1682 2684 1745 τὸ
2729 1679 2894 1760 ῥῆμα
2938 1682 3013 1745 τό

427 1785 658 1870 αἰτεῖν,
713 1785 1193 1865 ἁμαρτωλός.
1280 1784 1356 1848 τὸ
1415 1784 1631 1862 μέντοι
1701 1782 1952 1847 ἕωλος
2007 1782 2045 1847 ὁ
2106 1783 2392 1862 χθεςινός
2459 1784 3014 1861 προπαροξύνεται

429 1889 519 1953 ὡς
562 1888 957 1968 παρώνυμον
1001 1887 1103 1952 καὶ
1146 1888 1261 1966 τὴν
1304 1886 1520 1965 τρίτην
1567 1887 1870 1964 βραχεῖαν
1914 1884 2061 1964 ἔχει.

598 2013 636 2049 ιι
680 1991 781 2054 καὶ
824 1989 1065 2054 ἄλλως·
3051 1997 3112 2047 15

595 2092 687 2157 Τὰ
745 2092 833 2157 εἰς
880 2078 1050 2157 iffi}
1094 2091 1391 2170 ἀρςενικὰ
1433 2091 1562 2169 πρὸ
1607 2096 1724 2156 τοῦ
1766 2091 1823 2157 ffi
1868 2091 1944 2156 τὸ
1975 2094 2010 2155 i
2055 2090 2293 2171 ἔχοντα
2340 2090 2661 2172 ὀξύνεται,
2711 2090 2968 2155 Καςτω
2986 2130 3010 2140 -

426 2193 591 2276 λός,
645 2194 1104 2275 Πακτωλός,
1161 2193 1657 2276 ἁμαρτωλός,
1701 2195 1898 2260 Αἰτω
1919 2195 2053 2259 λός
2108 2192 2146 2258 ὁ
2192 2194 2642 2273 Ἐνδυμίωνος,
2700 2193 2773 2257 ὃς
2828 2193 3009 2257 ἐκπε-

426 2298 553 2362 ςών
609 2296 740 2362 ἀπὸ
796 2297 990 2375 Πίςης
1046 2296 1173 2361 ὑπὸ
1228 2295 1620 2376 (αλμωνέως
1676 2301 1974 2381 ςυνῴκιςε
2040 2298 2157 2374 τὴν
2225 2296 2345 2360 ἀπ’
2410 2297 2609 2360 αὐτοῦ
2677 2298 3009 2374 κληθεῖςαν

422 2397 763 2481 Αἰτωλίαν,
819 2400 923 2463 καὶ
975 2400 1052 2464 τὸ
1110 2398 1361 2463 ἑθνικὸν
1417 2398 1802 2480 ὁμοφώνως.
1887 2398 1964 2462 τὸ
2022 2397 2446 2476 (πάρτωλο
2462 2419 2494 2462 ς
2549 2397 2825 2476 θηλυκόν
2884 2397 3007 2462 ἐςτι

423 2501 643 2566 καὶτὸ
692 2500 1130 2566 Μαύςωλος
1176 2500 1294 2564 οὐκ
1337 2499 1467 2579 ἔχει
1511 2502 1587 2566 τὸ
1631 2504 1683 2566 i
3045 2508 3113 2558 20

590 2602 685 2667 Τὰ
741 2602 828 2666 εἰς
884 2589 1011 2668 λὀἷ
1042 2602 1551 2683 ὑπερδιςύλλαβα
1606 2603 2105 2684 παραληγόμενα
2159 2609 2236 2687 τῇ
2282 2604 2386 2667 διὰ
2429 2606 2546 2667 τοῦ
2592 2605 2629 2667 i)
2673 2600 3007 2685 διφθόγγῳ

423 2704 1008 2784 προπαροξύνεται.
1054 2704 1408 2787 δίαυλος,
1455 2704 1883 2793 θύραυλοσς,
1926 2704 2234 2788 ἴουλος,
2286 2704 2718 2789 Κάμουλος,
2763 2704 3006 2769 ὕπου-

423 2811 587 2889 λος,
657 2808 696 2870 Γ
709 2808 983 2872 αίτουλ
1000 2828 1037 2872 ο
1054 2828 1086 2872 ς
1152 2806 1343 2872 ἔθνος
1406 2807 1666 2890 Λιβύης,
1733 2809 1771 2873 ὃ
1838 2808 2297 2887 Ἀρτεμίδωρος
2366 2794 2772 2873 Γαιτουλίους
2839 2809 3005 2887 φηςί.

388 2908 573 2974 -Τού
590 2914 781 2988 ρδου
802 2911 888 2974 λο
906 2931 935 2975 ς
992 2909 1182 2974 ἔθνος
1237 2913 1347 2987 τῆς
1392 2909 1682 2991 Ἰβηρίας,
1740 2911 1806 2974 οἳ
1861 2912 1962 2974 καὶ
2006 2909 2458 2990 Τουρδητανοί.
2550 2910 3005 2990 Ἀρτεμίδωρος

422 3012 492 3077 δὲ
536 3012 863 3090 Τούρτους
909 3012 1148 3080 αὐτοὺς
1190 3014 1371 3077 καλεῖ
1414 3012 1516 3076 καὶ
1557 3011 2047 3091 Τουρτιτανούς.
3039 3020 3105 3070 25

421 3256 772 3303 accesserunt
809 3268 874 3303 ex
912 3252 991 3302 St.
1030 3251 1115 3312 B„
1156 3248 1425 3303 Ἐτέωλος
1462 3249 1751 3316 Ἀρρωλος
1789 3268 1858 3301 ex
1893 3250 2140 3317 Theogn.
2176 3254 2268 3314 62,
2307 3254 2389 3303 31.
2459 3249 2775 3303 Πακτωλός
2821 3266 2887 3300 ex
2924 3250 3004 3301 St.

416 3322 479 3371 Β.
518 3324 600 3383 55,
639 3322 718 3372 15.
873 3320 907 3373 l.
948 3322 1008 3369 12
1046 3319 1117 3369 ad
1152 3316 1398 3370 αἰτωλός
1433 3319 1604 3369 verba
1638 3319 1708 3370 τὸ
1746 3317 2011 3370 ἐπίθετον
2047 3347 2112 3355 -
2148 3318 2325 3372 αἰτεῖν
2363 3337 2429 3371 ex
2468 3320 2545 3373 St.
2584 3320 2645 3369 B.
2684 3322 2767 3380 55,
2808 3322 2871 3369 15
2906 3319 3004 3368 ad-

314 3404 317 3411 ·
418 3390 541 3438 ieci.
586 3388 669 3437 Ex
704 3388 808 3438 hoc
842 3403 1050 3438 canone
1087 3388 1335 3438 concludi
1372 3392 1558 3452 potest
1580 3388 1959 3439 Herodianum
1996 3387 2175 3440 ἕωλος
2214 3390 2281 3439 ab
2321 3387 2430 3440 ἕως
2467 3388 2795 3454 repetivisse
2833 3394 3001 3452 atque

419 3457 748 3506 dissensisse
787 3472 820 3505 a
852 3456 1169 3518 Philoxeno,
1206 3457 1299 3521 qui
1334 3455 1558 3507 verbum
1597 3454 1675 3507 ἕω
1713 3457 2022 3507 substruxit
2055 3458 2119 3507 Ε.
2146 3457 2218 3506 Μ.
2244 3460 2360 3519 352,
2389 3460 2450 3508 16
2487 3455 2667 3508 ἕωλος
2694 3454 2726 3506 ὁ
2753 3453 3000 3518 χθεςινός

418 3524 509 3576 καὶ
546 3523 730 3575 ἕωλον
766 3522 913 3586 ὄψον
949 3522 1018 3573 τὸ
1054 3522 1320 3586 χθεςινόν.
1366 3523 1518 3588 παρὰ
1552 3524 1660 3588 τὴν
1697 3523 1775 3576 ἕω
1810 3523 1920 3588 τὴν
1955 3523 2172 3589 ἡμέραν
2206 3524 2419 3588 γίνεται
2457 3524 2651 3576 ἕωλος.
2699 3522 3000 3576 Φιλόξενος

416 3609 478 3661 δὲ
517 3607 693 3671 λέγει,
733 3606 820 3657 ὅτι
854 3605 1068 3668 γίνεται
1113 3605 1228 3658 ἀπὸ
1272 3610 1395 3659 τῶν
1432 3605 1510 3660 εἰς
1547 3623 1594 3659 ω
1641 3607 1913 3674 ῥημάτων
1955 3608 2209 3673 ὀνόματα
2246 3608 2323 3661 εἰς
2361 3612 2456 3661 λος
2503 3607 2627 3661 οἷον
2663 3605 2843 3672 φείδω
2882 3622 3000 3671 ‹pet-

416 3676 627 3740 δωλός,
666 3675 899 3740 ἁμαρτω
937 3674 1286 3739 ἁμαρτωλός.
1356 3676 1511 3728 οὕτω
1549 3676 1638 3728 καὶ
1676 3677 1828 3742 παρὰ
1863 3676 1932 3728 τὸ
1971 3676 2049 3728 ἕω
2094 3678 2163 3728 τὸ
2209 3677 2499 3742 κορεννύω
2544 3675 2757 3739 γίνεται
2805 3675 2999 3728 ἕωλος.

418 3746 559 3797 ὅταν
592 3743 710 3810 [γὰρ
755 3741 1108 3808 κορεςθῶμέν
1159 3757 1338 3807 τινος,
1394 3743 1674 3809 εἰώθαμεν
1716 3744 1789 3796 τὰ
1834 3745 2003 3797 λοιπὰ
2055 3745 2127 3797 τὰ
2173 3744 2250 3797 εἰς
2285 3747 2393 3811 τὴν
2440 3746 2564 3810 ἑξῆς
2609 3743 2998 3809 φυλάττοντες

418 3812 570 3865 ἕωλα
608 3811 805 3873 λέγειν.
951 3810 987 3861 1.
1028 3814 1089 3861 15
1134 3827 1297 3876 quum
1334 3818 1564 3878 uterque
1612 3818 1669 3864 et
1705 3814 1927 3864 Arcadii
1974 3819 2030 3864 et
2076 3817 2153 3866 St.
2191 3815 2449 3880 Byzantii
2496 3829 2673 3864 canon
2722 3830 2788 3863 ex
2825 3814 2998 3863 Hero·

418 3883 583 3932 diano
640 3881 849 3947 petitus
902 3880 975 3929 sit
1019 3894 1197 3943 neque
1252 3887 1439 3931 tamen
1492 3883 1793 3933 consociari
1852 3884 2055 3946 possit,
2111 3883 2435 3933 sumendum
2486 3887 2572 3933 est
2627 3881 2999 3932 Herodianum

417 3966 621 4032 duplici
656 3965 816 4015 modo
852 3970 1202 4031 praeceptum
1239 3965 1306 4015 de
1344 3966 1653 4016 nominibus
1698 3967 1755 4016 in
1792 3968 1941 4019 ωλος
1979 3968 2359 4031 constituisse,
2407 3982 2575 4031 quare
2624 3968 2704 4017 St.
2741 3966 2998 4030 Byzantii

415 4050 677 4086 canonem
722 4033 931 4084 additis
974 4033 1158 4083 verbis
1203 4033 1292 4084 καί
1338 4032 1525 4084 ἄλλως
1578 4034 1813 4097 inserui3
1871 4051 2132 4087 summam
2185 4037 2472 4101 utriusque
2525 4035 2752 4085 canonis
2807 4033 2998 4084 eodem

415 4103 593 4153 redire
632 4102 975 4168 perspicuum
1013 4109 1113 4154 est.
1317 4101 1355 4152 l.
1392 4104 1458 4152 22
1494 4100 1769 4167 θύραυλος
1806 4104 2040 4153 accessit
2079 4121 2146 4153 ex
2184 4106 2262 4157 st
2304 4105 2364 4154 B.
2406 4105 2527 4164 146,
2569 4106 2658 4161 12,
2700 4098 2996 4154 Γαίτουλος

417 4187 483 4222 ex
521 4170 711 4221 eodem
748 4176 804 4220 et
840 4170 1097 4223 Eustath.
1136 4170 1208 4219 ad
1244 4170 1472 4234 Dionys,
1499 4172 1617 4234 215,
1655 4172 1749 4221 ubi
1786 4171 2020 4221 diserte
2063 4171 2348 4224 Γαιτοῦλοι
2385 4199 2448 4207 —-
2487 4171 2518 4221 ὁ
2554 4169 2614 4221 δὲ
2654 4169 2995 4234 Ἡρωδιανὸς

416 4253 827 4319 προπαροξύνει
863 4253 1049 4316 λέγων
1087 4253 1174 4306 ὅτι
1218 4253 1290 4306 τὰ
1336 4251 1414 4306 εἰς
1450 4256 1546 4307 λος
1584 4255 2023 4320 παραληγόμενα
2059 4255 2351 4322 διφθόγγῳ
2399 4254 2486 4306 διὰ
2530 4257 2633 4306 τοῦ
2673 4257 2706 4305 υ”
2745 4269 2994 4320 προπαρ-

416 4322 685 4376 οξύνεται.
722 4351 786 4359 —-
823 4322 1175 4389 Τούρδουλος
1212 4340 1279 4373 ex
1318 4325 1395 4375 st.
1434 4324 1650 4387 Β.629,
1694 4326 1775 4385 18,
1813 4324 1908 4373 ubi
1945 4322 2290 4387 Τουρδοῦλοι
2330 4324 2611 4389 scriptum.
