3664 5546
650 302 778 367 272
1589 299 1671 354 ΕΚ
1709 300 1848 354 ΤΩΝ
1892 298 2301 354 ΗΡΩΔΙΑΝΟΥ

649 479 725 556 τῇ
768 473 835 535 ffi
880 470 1215 551 διφθόγγῳ
1260 440 1847 550 προπαροξύνεται,
1908 468 2179 533 Νίκαια
2221 469 2439 549 πόλις,
2498 468 2761 532 νικαία
2816 467 2887 531 δὲ
2932 467 3007 531 τὸ
3052 469 3252 546 θηλυν

649 575 766 638 κόν
823 577 940 637 τοῦ
992 575 1252 637 νικαῑος.
1343 571 1469 636 ἔςτι
1523 572 1593 636 δὲ
1652 571 1875 635 Νίκαια
1928 571 2115 636 πόλις
2171 570 2493 652 Βιθυνίας,
2552 569 2899 634 Βοττιαίων
2955 566 3251 633 ἄποικος.

650 675 940 740 ἐκαλεῖτο
987 676 1058 739 δὲ
1102 674 1424 753 πρότερον
1469 673 1785 755 Ἀγκώρη,
1845 671 1984 737 εἶτα
2028 673 2448 756 Ἀντιγόνεια,
2503 669 2770 750 ὕςτερον
2827 673 2898 736 δὲ
2954 669 3085 734 ἀπὸ
3134 673 3253 747 τῆς

649 777 1008 856 Λυςιμάχου
1082 776 1384 852 γυναικὸς
1451 774 1672 839 Νίκαια
1750 776 2112 854 μετεκλήθη.
2222 774 2490 852 δευτέρα
2561 778 2692 838 τῶν
2763 771 3248 852 Ἐπικνημιδίων

574 890 608 940 5
651 879 933 957 Λοκρῶν.
1021 877 1195 956 τρίτη
1241 877 1311 941 ἐν
1356 863 1659 955 Ἰλλυρίδι.
1733 876 2000 954 τετάρτη
2047 877 2117 941 ἐν
2162 876 2401 940 Ἰνδοῖς.
2478 876 2731 955 πέμπτη
2778 874 2848 939 ἐν
2899 875 3121 957 Κύρνῳ
3165 879 3248 957 τῇ

650 982 840 1065 νήςῳ.
886 978 1032 1059 ἕκτη
1078 979 1148 1045 ἐν
1194 979 1533 1057 Λεύκτροις
1575 982 1688 1056 τῆς
1733 978 2056 1042 Βοιωτίας.
2113 978 2348 1058 ἑβδόμη
2398 977 2722 1059 Κελτικῆς,
2770 978 3247 1041 Μαςςαλιωτῶν

651 1082 940 1147 ἄποικος.
986 1080 1188 1158 ὀγδόη
1236 1080 1503 1161 Θρᾴκης.
1570 1078 1682 1143 εἰςὶ
1727 1081 1798 1142 δὲ
1842 1080 1945 1142 καὶ
1988 1078 2193 1143 ἄλλαι.
2260 1079 2562 1143 Δίπαια
2604 1079 2791 1143 πόλις
2835 1077 3161 1156 Ἀρκαδίας
3204 1076 3247 1153 ἡ

654 1187 760 1249 καὶ
812 1182 1142 1248 Διπαιεύς.
1216 1182 1500 1245 Δίκαια
1555 1181 1740 1245 πόλις
1798 1181 2050 1264 Θρᾴκης
2105 1180 2237 1245 ἀπὸ
2292 1180 2566 1245 Δικαίου
2629 1185 2749 1245 τοῦ
2801 1180 3244 1244 Ποςειδῶνος·

653 1287 780 1350 ἔςτι
825 1286 927 1349 καὶ
970 1284 1156 1361 ἑτέρα
1200 1282 1271 1348 ἐν
1315 1289 1406 1366 τῷ
1438 1283 1808 1367 Τυρρηνικῷ
1853 1284 2077 1367 κόλπῳ
2122 1284 2355 1347 Ἰώνων
2399 1282 2684 1348 ἄποικος.
2741 1281 3018 1347 Λίλαια
3059 1281 3250 1345 πόλις
3357 1274 3374 1285 ’

552 1396 618 1446 10
653 1386 957 1451 Φωκίδος.
1032 1384 1392 1464 Λυκόφρων
1444 1382 1534 1465 (v,
1585 1382 1778 1467 1073)
1839 1384 2128 1463 «πάτραν
2183 1384 2443 1449 Λίλαιαν
2498 1384 2928 1465 κάνεμωρείας
2980 1383 3183 1447 πέδον
3199 1406 3245 1445 ».

658 1488 999 1566 Κάρθαια
1054 1486 1163 1566 μία
1216 1480 1327 1563 τῆς
1380 1485 1451 1550 ἐν
1511 1486 1647 1568 Κέῳ
1700 1486 2148 1564 τετραπόλεως
2203 1486 2334 1551 ἀπὸ
2384 1486 2700 1564 Καρθαίου
2754 1486 3248 1563 τελευτήςαντος

654 1590 799 1654 ἐκεῖ.
872 1587 1184 1653 Ἱςτίαια
1239 1588 1424 1653 πόλις
1478 1586 1759 1667 Εὐβοίας.
1849 1587 2134 1667 Ὅμηρος
2191 1589 2734 1668 «πολυςτάφυλον
2801 1589 2867 1651 θ’
2921 1587 3246 1651 Ἱςτίαιαν»

654 1692 731 1772 (Β
773 1689 944 1772 537).
1030 1691 1071 1768 ἡ
1117 1691 1188 1754 δὲ
1233 1690 1338 1753 διὰ
1380 1692 1498 1753 τοῦ
1541 1692 1574 1752 ῖ
1618 1689 1857 1769 Ἰωνικὴ
1901 1690 2119 1769 γραφή
2167 1689 2366 1755 ἐςτιν..
2435 1690 2562 1754 ἔςτι
2615 1692 2689 1754 δὲ
2739 1690 2842 1753 καὶ
2886 1687 3248 1753 Θετταλίας.

653 1795 767 1868 τῆς
811 1793 880 1856 δὲ
927 1791 1195 1871 Εὐβοίας
1239 1789 1601 1870 ἀδιάφορος
1645 1792 1804 1855 κατὰ
1849 1793 1965 1869 τὴν
1995 1793 2254 1871 γραφὴν
2299 1792 2403 1856 καὶ
2448 1792 2552 1856 διὰ
2596 1796 2714 1856 τοῦ
2757 1795 2792 1853 ἶ
2834 1791 2939 1856 καὶ
2982 1791 3086 1855 διὰ
3129 1793 3250 1854 τοῦ

552 1904 617 1955 15
651 1898 685 1957 ’ἑ
731 1896 947 1971 ψιλοῦ.
1037 1892 1324 1955 Εὔταια
1378 1892 1565 1957 πόλις
1610 1892 1953 1979 Ἀρκαδίας.
2027 1892 2351 1972 Ξενοφῶν
2396 1893 2777 1972 Ἑλληνικῶν
2834 1892 2996 1977 ἕκτῳ
3052 1890 3135 1975 (c.
3182 1890 3249 1972 5,

657 1993 769 2074 12,
825 1992 912 2056 20
968 2002 1033 2056 et
1075 1992 1208 2074 21).
1295 1993 1683 2057 Ποτίδαια
1735 1994 1923 2058 πόλις
1978 1994 2244 2076 Θρᾴκης.
2347 1994 2689 2073 Βάρκαια
2752 1994 2940 2059 πόλις
2996 1994 3250 2075 Λιβύης,

654 2097 693 2174 ἣ
739 2097 841 2160 καὶ
871 2094 1408 2176 Βάρκη“λέγεται,
1451 2094 1785 2174 Ἄφθαια
1827 2096 2016 2160 πόλις
2043 2095 2398 2177 Αἰγύπτου,
2446 2095 2769 2175 Ἀφθαία
2813 2098 2885 2160 δὲ
2927 2094 2968 2172 ἡ
3006 2094 3252 2175 Ἑκάτη,

656 2197 999 2262 Φάςταια
1055 2195 1241 2261 πόλις
1296 2195 1366 2260 ἐν
1425 2195 1679 2279 (άκαις,
1734 2197 2039 2275 Δέραια
2093 2197 2281 2262 πόλις
2326 2198 2668 2275 Ἀρκαδίας.
2756 2198 3033 2276 Ἣραια
3086 2194 3255 2273 ἄκρα

654 2299 1031 2376 καταντικρὺ
1103 2297 1542 2375 Καλχηδόνος·
1609 2298 1845 2376 ταύτην
1912 2299 1978 2363 δ’
2047 2299 2118 2364 ἑν
2185 2300 2476 2384 ςυνηθείᾳ
2531 2299 2784 2379 Ἠερίαν
2852 2299 3005 2379 φαςί
3059 2317 3252 2379 τινες,

552 2412 621 2462 20
654 2408 877 2468 κακῶς.
967 2399 1155 2464 ἄλλοι
1221 2400 1294 2463 δὲ
1346 2399 1603 2482 Ἤριον,
1671 2405 2177 2479 μυθοποιοῦντες
2246 2403 2337 2467 ὡς
2404 2402 2532 2466 ἐκεῖ
2596 2401 2941 2479 ὀρύξαντες
2995 2400 3252 2479 τάφους

656 2506 891 2584 χύτρας
936 2500 1132 2579 εὗρον
1178 2502 1280 2564 καὶ
1323 2500 1490 2567 ὀςτᾶ.
1556 2503 1850 2568 πειςτέον
1897 2506 1969 2568 δὲ
2015 2507 2262 2583 μᾶλλον
2304 2510 2397 2587 τῷ
2444 2505 2692 2587 Βιθυνῷ
2735 2502 3131 2582 Δημοςθένει
3177 2499 3253 2564 ἐν

654 2613 745 2690 τῷ
791 2605 845 2669 δ’
893 2603 1111 2687 βιβλίῳ
2764 2614 2768 2618 ’

1063 2706 1188 2770 ἔςτι
1235 2705 1306 2770 δέ
1348 2706 1887 2786 τις-προπάροιθε
1934 2711 2162 2786 κλυτῆς
2208 2708 2619 2789 Καλχηδόνος
2662 2706 2819 2785 ἄκρη

1064 2809 1331 2891 Ἣραια,
1377 2809 1729 2891 τρήχουςα,
1774 2812 2188 2876 πολυςπιλάς.
2277 2811 2493 2876 ἔνδοθι
2523 2811 2605 2896 ,δ’
2650 2810 2846 2886 αὐτῆς

556 2922 623 2970 25
1066 2911 1328 2975 λαΐνεον
1372 2911 1519 2989 περὶ
1559 2914 1773 2989 τεῖχος
1819 2910 1937 2977 ἰὼν
1982 2911 2364 2977 κοιλαίνεται
2409 2911 2555 2976 εἴςω

1064 3012 1307 3075 κόλπος
1351 3011 1533 3076 ἁλός·
1580 3013 1772 3091 φαίης
1816 3033 1926 3078 κεν
1971 3013 2128 3078 ἰδὼν
2175 3013 2516 3094 βαθυδινέα
2558 3013 2768 3096 πάντῃ

1065 3114 1357 3195 ἔμμεναι,
1404 3113 1660 3193 είαμενὴ
1707 3116 1779 3179 δὲ
1821 3116 1926 3179 καὶ
1970 3114 2050 3178 οὐ
2099 3116 2288 3195 βυθός
2330 3115 2456 3179 ἐςτι
2500 3109 2823 3192 θαλάςέης.

1065 3215 1223 3279 ἔνθα
1265 3235 1333 3279 τε
1379 3219 1534 3292 νῆας
1577 3215 1773 3297 ἦγον,
1819 3216 2106 3295 ὀϊόμενοι
2151 3217 2380 3281 ςκέπας
2425 3215 2589 3281 εἶναι

1065 3317 1439 3397 αὐτοφυοῦς
1482 3318 1741 3400 ὅρμοιο,
1787 3324 1960 3403 κακῶ
2005 3318 2062 3382 δ’
2108 3317 2448 3396 ἑνέκυρςαν
2493 3319 2744 3402 ἑτοίμῳ.
2861 3351 2874 3362 -

559 3427 627 3478 30
661 3420 763 3485 καὶ
817 3418 1005 3484 ἄλλοι
1064 3418 1286 3483 οὕτως.
1374 3419 1501 3483 ἔςτι
1562 3421 1667 3484 καὶ
1729 3421 1918 3485 πόλις
1974 3420 2330 3502 Ἀρκαδίας,
2396 3422 2435 3497 ἢ
2502 3420 2762 3495 ἐλέγετο
2803 3419 3250 3498 -Εολογοργός,

660 3520 926 3599 Ἡραία
969 3522 1041 3585 δὲ
1085 3523 1365 3584 καλεῖται
1409 3519 1449 3598 ἦ
1495 3521 1777 3586 ἐλάττων
1823 3527 1954 3588 τῶν
2008 3527 2204 3600 τριῶν
2249 3522 2508 3586 πόλεων
2555 3520 2862 3605 (ικελίας,
2908 3523 2975 3587 αἳ
3018 3523 3253 3602 Ὕβλαι

662 3623 976 3697 λέγονται.
1069 3622 1359 3686 Κάθαια
1402 3622 1587 3687 πόλις
1631 3623 1871 3701 Ἰνδική.
1950 3622 2378 3690 Κυναίθαια
2420 3624 2608 3688 πόλις
2653 3623 3010 3706 Ἀρκαδίας,
3064 3625 3103 3701 ἢ
3148 3624 3252 3687 καὶ

667 3724 945 3787 Κύναιθα
1002 3723 1267 3799 λέγεται.
1357 3724 1644 3788 Λύκαια
1709 3726 1896 3789 πόλις
1958 3724 2298 3801 Ἀρκαδίας.
2389 3725 2779 3805 Θεόπομπος
2843 3730 3250 3807 πεντηκοςτῶ

663 3826 842 3908 ἕκτῳ.
901 3825 1076 3902 παρὰ
1124 3826 1194 3889 δὲ
1242 3826 1555 3908 Μενελάῳ
1600 3826 1880 3890 Λύκαιθα
1923 3826 2079 3906 μετὰ
2122 3831 2240 3891 τοῦ
2284 3813 2337 3891 θ.
2388 3827 2750 3906 Μάργαια
2778 3827 2963 3891 πόλις
2987 3826 3251 3890 Ἠλείας.

560 3932 626 3984 35
664 3927 1045 3991 Μελίταια
1084 3927 1270 3991 πόλις
1300 3927 1653 3992 Θεςςαλίας.
1699 3928 2115 4006 Ἀλέξανδρος
2144 3927 2326 4012 Ἀςίᾳ.
2374 3929 2764 4008 Θεόπομπος
2809 3930 2881 3993 δὲ
2913 3928 3251 3992 Μελίτειαν

662 4023 883 4106 αὐτήν
922 4047 1127 4107 φηςιν.
1203 4029 1303 4091 καὶ
1350 4028 1647 4092 Μελίτεια
1699 4028 1915 4095 Φίλων
1970 4029 2220 4109 γράφει.
2313 4030 2590 4094 Νίναια
2645 4030 2832 4094 πόλις
2887 4028 3248 4106 Οἰνωτρῶν.

661 4130 987 4194 Ἑκαταῖος
1031 4129 1319 4214 Εὐρώπῃ.
1411 4129 1683 4195 Νίςαια
1726 4131 2009 4195 ἐπίνειον
2058 4131 2436 4208 Μεγαρίδος.
2513 4132 2616 4195 καὶ
2659 4131 2819 4209 αὐτὴ
2863 4132 2903 4208 ἡ
2956 4128 3249 4207 Μεγαρίς.

663 4229 795 4296 ἀπὸ
843 4231 1035 4295 Νίςου
1078 4234 1196 4296 τοῦ
1224 4231 1608 4296 Πανδίονος.
1664 4232 2030 4296 Ἑλλάνικος
2075 4231 2144 4297 ἐν
2176 4232 2444 4311 Ἱερειῶν
2488 4234 2830 4315 πρώτῃ...
2856 4282 2869 4294 .
2915 4233 3018 4295 καὶ
3060 4231 3131 4295 ἐν
3175 4237 3251 4312 τῇ

664 4333 932 4417 δευτέρᾳ
991 4332 1134 4397 «καὶ
1178 4332 1436 4398 Νίςαιάν
1490 4353 1560 4397 τε
1615 4333 1746 4398 εἷλε
1800 4335 1905 4398 καὶ
1959 4334 2160 4398 Νῖςον
2208 4335 2325 4398 τὸν
2368 4334 2738 4399 Πανδίονος
2792 4333 2895 4398 καὶ
2952 4333 3254 4410 Μεγαρέα

561 4444 629 4494 4ο
662 4435 779 4499 τὸν
811 4432 1185 4513 Ὀγχήςτιον
1215 4434 1588 4500 ἀπέκτεινεν
1604 4461 1648 4500 ».
1694 4435 2153 4501 Φαλάνναια
2195 4436 2381 4500 πόλις
2414 4437 2669 4515 Κρήτης.
2726 4434 3041 4499 Φώκαια
3068 4434 3255 4498 πόλις

666 4608 893 4615 ..ὴ-.-

666 4741 733 4776 ex
782 4726 861 4779 St.
912 4728 985 4776 13:
1026 4732 1084 4775 et
1129 4726 1379 4790 Theogn.
1422 4728 1544 4786 102,
1582 4729 1672 4789 33,
1728 4728 1821 4791 qui
1875 4726 2045 4777 habet
2094 4722 2315 4789 Νίκαια,
2361 4721 2664 4790 Ποτίδαια,
2717 4725 2985 4791 Κάρθαια,
3031 4722 3254 4787 Δίλαια,

665 4790 893 4857 Δίκαια,
938 4791 1208 4858 Βάρκαια,
1248 4790 1489 4857 Ἱςτίαια,
1527 4793 1758 4845 Ὀςταια
1785 4794 1886 4858 (Ρ),
1934 4794 2144 4857 Ἀφαια
2191 4792 2461 4859 (Ἄφθαια
2498 4794 2577 4844 St.
2616 4792 2736 4858 R),
2784 4791 3044 4846 Πλάταια
3090 4797 3147 4842 et
3192 4792 3260 4841 de
