3664 5546
618 309 748 374 240
1549 308 1632 363 ΕΚ
1669 307 1807 362 ΤΩΝ
1851 307 2258 362 ΗΡΩΔΙΑΝΟΥ

620 481 692 545 δὲ
735 479 894 544 κατὰ
935 481 1052 559 τὴν
1094 478 1446 558 παράδοςιν
1490 479 1596 544 διὰ
1623 482 1734 557 τῆς
1778 484 1831 542 ε“ι
1863 478 2223 559 διφθόγγου
2264 477 2370 542 καὶ
2398 477 2761 561 βαρύνεται,
2805 482 2936 545 τῶν
2972 477 3190 543 ἄλλων

619 586 911 661 θηλυκῶν
957 582 1118 660 ὑπὲρ
1162 580 1307 661 μίαν
1340 581 1654 662 ςυλλαβὴν
1684 583 1924 646 κοινῶν
1969 582 2085 660 τὴν
2131 584 2184 644 ἑῑ
2214 579 2572 661 δίφθογγον
2602 576 3190 660 ἀποστρεφομένων

619 685 722 749 καὶ
750 682 1160 775 ὀξυνομένων
1193 684 1284 749 ῶς
1315 682 1492 762 ῥανίς
1523 683 1696 764 βολίς
1727 683 1919 762 θυρίς.
1975 682 2040 747 αἱ
2071 684 2143 747 δὲ
2172 683 2435 764 μετοχαὶ
2464 682 2803 750 ὀξύνονται
2832 682 3190 765 τυφθείς,

617 788 914 870 τυπείς,
977 787 1254 865 δαρείς.
1340 787 1418 851 τὸ
1473 787 1543 850 δὲ
1599 785 1810 850 κτείς
1876 783 2190 852 ὀξύτονον
2249 785 2339 850 ῶς
2403 785 2889 865 μονοςύλλαβον
2949 783 3053 849 καὶ
3114 785 3191 850 τὸ

559 895 593 946 ὃ
624 889 850 954 κλείς.
936 892 1132 954 τοῦτο
1188 889 1260 952 δὲ
1314 888 1383 953 ἐν
1426 894 1503 972 τῇ
1560 888 1838 953 ςυνθέςει
1884 887 2220 968 βαρύνεται
2275 885 2420 952 οἷον
2462 886 2891 952 κατάκλειε.
2977 885 3080 951 καὶ
3129 885 3194 950 οἱ
3248 968 3255 975 ι

617 991 889 1056 Βοιωτοὶ
931 991 1007 1055 τὸ
1050 994 1100 1069 ἦ·
1145 994 1275 1056 τῶν
1331 989 1419 1055 εἰς
1464 994 1546 1068 η’(
1603 988 1691 1054 εἰς
1737 993 1791 1053 εἶ
1844 989 2189 1068 τρέποντες
2234 987 2528 1056 ὀξύνουςι
2583 989 2663 1053 τὰ
2707 988 3011 1072 ὀξύτονα,
3066 988 3188 1053 εύ-

617 1093 872 1170 γενείς
916 1091 1058 1158 ἀντὶ
1101 1092 1396 1174 εὐγενής,
1442 1090 1755 1169 ἀγενείς
1804 1090 1946 1157 ἀντὶ
1990 1089 2237 1169 ἀγενής.
2323 1092 2401 1156 τὸ
2445 1093 2518 1156 δὲ
2561 1090 2827 1156 οὐδείς
2871 1091 2991 1156 δύο
3036 1090 3191 1171 μέρη

619 1194 820 1271 λόγου
863 1194 977 1259 εἰςὶ
1018 1194 1093 1258 τό
1137 1214 1205 1259 τε
1251 1194 1332 1259 ού
1376 1195 1479 1259 καὶ
1524 1195 1599 1259 τὸ
1655 1193 1799 1258 δείς.
1889 1192 2045 1258 οὐδὲ
2088 1193 2211 1272 γὰρ
2253 1192 2385 1257 ἔςτι
2440 1191 2759 1278 ςύνθετον.
2848 1192 2902 1257 εἰ
2944 1193 3066 1272 γὰρ
3109 1191 3191 1272 ἦν

618 1297 954 1379 ςύνθετον,
1007 1296 1238 1376 ἤμελλε
1294 1297 1427 1374 πρὸ
1481 1298 1624 1375 μιᾶς
1679 1294 1850 1374 ἔχειν
1903 1296 2021 1360 τὸν
2074 1294 2289 1360 τόνον.
2375 1298 2505 1360 πᾶν
2561 1296 2682 1374 γὰρ
2736 1294 2946 1375 ὄνομα
2998 1315 3191 1376 μονο-

517 1407 584 1457 10
620 1398 938 1478 ςύλλαβον
984 1398 1432 1478 ςυντιθέμενον
1477 1396 1837 1478 ἀναβιβάζει
1882 1398 1998 1462 τὸν
2041 1396 2240 1462 τόνον
2283 1398 2434 1461 παῖς
2478 1396 2730 1481 εὔπαις,
2784 1397 2959 1477 χθών
3002 1397 3190 1462 αὐτό-

616 1505 811 1583 χθων,
857 1501 1027 1583 Θρᾷξ
1073 1498 1395 1584 Εαμόθρᾳξ
1440 1500 1634 1579 χωρὶς
1677 1502 1794 1564 τοῦ
1838 1500 2013 1566 πτώξ
2042 1499 2405 1566 πολυπτώξ.
2453 1502 2641 1578 δηλοῖ
2669 1502 2741 1564 δὲ
2769 1500 2873 1564 καὶ
2899 1499 2938 1577 ὴ
2976 1500 3191 1578 γενικὴ

618 1601 987 1682 ὀξυνομένη.
1056 1600 1111 1665 εἰ
1152 1601 1275 1680 γὰρ
1317 1601 1398 1682 ἦν
1444 1601 1515 1666 ἐν
1560 1601 1869 1684 ςυνθέςει,
1912 1601 2184 1680 ἤμελλεν
2228 1602 2268 1680 ἡ
2313 1603 2526 1680 γενικὴ
2575 1601 2961 1681 βαρύνεςθαι.
3025 1603 3193 1665 πᾶςα

616 1704 739 1782 γὰρ
784 1704 997 1782 γενικὴ
1043 1702 1203 1781 ὑπὲρ
1248 1704 1368 1768 δύο
1413 1704 1728 1784 ςυλλαβὰς
1771 1703 1862 1768 εἰς
1912 1706 1989 1766 ἐἰ
2033 1704 2314 1781 λήγουςα
2345 1701 2774 1782 ἀπέςτραπται
2818 1704 2935 1782 τὴν
2977 1703 3192 1770 ὀξεῖαν

617 1805 794 1871 τάςιν
840 1804 1032 1884 χωρὶς
1074 1808 1192 1869 τοῦ
1237 1805 1534 1881 γυναικός
1577 1807 1682 1871 καὶ
1723 1804 2052 1884 θυγατρός.

521 1918 584 1968 15
787 1906 882 1972 Τὰ
937 1906 1027 1972 εἰς
1081 1910 1201 1973 ‹is-c
1258 1909 1713 1988 πολυςύλλαβα
1777 1907 2192 1990 βαρύνονται,
2253 1907 2694 1991 χιλιόναυς,
2761 1906 3191 1988 ὠμόγραυς.

616 2010 697 2074 τὰ
740 2010 812 2074 δὲ
856 2008 1030 2073 ἁπλᾶ
1072 2012 1503 2088 περιςπῶνται
1548 2012 1819 2091 γραῦς,
1865 2012 2070 2074 ναῦς.

787 2111 882 2177 Τὰ
923 2110 1013 2177 εἰς
1055 2115 1174 2177 ε-υῖ
1217 2116 1447 2178 κοινῶς
1493 2113 1606 2192 μὲν
1652 2111 1976 2194 ὀξύνεται,
2035 2112 2428 2196 βαςιλεύς,
2483 2112 2822 2194 Πηλεύς,
2868 2111 3192 2193 Τυδεύς,

618 2213 1008 2297 ἀριςτεύς,
1049 2214 1426 2297 Περςεύς,
1464 2214 1854 2296 Πορθεύς,
1884 2213 2290 2297 Πρωτεύς,
2321 2212 2620 2297 ἁλιεύς,
2651 2214 2950 2298 οἰνεύς,
2995 2215 3190 2300 Λυγο-

617 2316 830 2399 κεύς,
877 2316 1304 2399 Ἀχιλλεύς,
1334 2316 1658 2399 Τηρεύς,
1690 2315 2015 2399 Θηςεύς,
2050 2315 2476 2385 Ὀδυςςεύς.
2533 2316 2661 2381 ἔςτι
2695 2317 2797 2382 καὶ
2825 2317 3012 2382 πόλις
3043 2318 3191 2397 Ἰβη-

517 2427 585 2477 20
620 2418 756 2497 ρίας
787 2417 1107 2483 Ὀδυςςεῖς
1142 2417 1499 2498 ἀρςενικῶς.
1547 2417 1898 2501 Βριςεύς,
1929 2418 2251 2497 Ἀτρεύς.
2296 2418 2718 2501 Λεοντεύς,
2747 2419 3190 2500 Αἰθιοπεύς,

621 2520 685 2587 ἐξ
729 2518 810 2585 οὗ
853 2521 928 2584 τὸ
958 2520 1303 2599 Αἰθιοπῆας
1332 2521 1482 2600 παρ’
1510 2520 1766 2605 Ὁμήρῳ
1795 2516 1907 2602 (ΙΙ.
1936 2520 1986 2585 Α
2021 2518 2195 2602 423),
2227 2518 2547 2596 ἀγυιεύς
2577 2520 2921 2601 δ’τοπίτης.
2968 2521 3191 2597 λέγον-

615 2642 717 2686 ται
761 2623 863 2687 καὶ
906 2622 1219 2703 ὀβελίςκοι
1248 2625 1423 2688 θεοῖς
1467 2622 1809 2705 ἀνειμένοι,
1858 2621 1948 2686 ὡς
1979 2622 2266 2687 Εὔπολις.
2324 2622 2571 2701 λέγεται
2600 2623 2705 2687 καὶ
2737 2622 2890 2689 κίων
2934 2622 3191 2700 ἀγυιεύς

617 2725 707 2791 εἰς
736 2724 850 2792 ὀξὺ
880 2724 1264 2810 ἀπολήγων,
1307 2725 1347 2791 ὁ
1391 2726 1520 2805 πρὸ
1561 2729 1693 2792 τῶν
1747 2729 1962 2804 θυρῶν
2014 2723 2361 2806 ἱςτάμενος.
2449 2725 2907 2807 Ἀριςτοφάνης
2953 2725 3190 2806 Θεςμο-

617 2829 1071 2908 φοριαζούςαις
1123 2829 1216 2910 (v.
1260 2826 1414 2910 489)
1479 2829 1582 2893 καὶ
1634 2827 1671 2892 ὁ
1729 2827 2063 2893 Ἀπόλλων
2129 2827 2386 2905 ἀγυιεύς
2441 2828 2763 2893 τουτέςτιν
2816 2828 2856 2893 ὁ
2908 2828 3190 2909 ἐφόδιος.

516 2940 583 2990 25
623 2930 1123 3014 Μοψοπιεύς,
1171 2930 1628 3012 Ἐρετριεύς,
1673 2929 2100 3014 Φωκαιεύς,
2144 2930 2557 3013 Θεςπιεύς,
2599 2930 3191 3014 Ἀλεξανδρεύς,

621 3032 1096 3115 Ἀντιοχεύς,
1143 3031 1598 3115 (ελευκεύς,
1641 3032 2072 3108 Αἰγιαλεύς.
2138 3033 2478 3111 εὑρίςκεται
2524 3034 2595 3098 δὲ
2639 3033 2743 3097 καὶ
2784 3031 3191 3109 αἰγιαλεύς

618 3135 725 3201 ἐπὶ
767 3135 999 3215 ἰχθύος.
1043 3134 1518 3216 Αἰγικορεῖς,
1550 3134 1946 3213 Ἀργαδεῖς
1992 3135 2192 3215 φυλαὶ
2234 3134 2511 3199 παλαιαί.
2554 3134 2957 3200 Αἰθυςςεῖς
3001 3134 3191 3201 ἔθνος

617 3236 888 3318 Λιβυκὸν
936 3237 1371 3317 Μαρμαρίδαις
1414 3236 1759 3320 πάροικον,
1805 3236 1896 3303 ῶς
1950 3235 2213 3302 Ῥιανός.
2258 3236 2599 3301 Αἰολεύς.
2646 3236 2852 3302 οὕτως
2895 3237 3190 3314 λέγονται

619 3338 682 3403 οἱ
725 3341 840 3419 τὴν
884 3338 1123 3419 Λέςβον
1155 3338 1480 3404 οἰκοῦντες
1525 3337 1655 3403 ἀπὸ
1698 3343 1829 3403 τῶν
1868 3338 2103 3404 Αἰόλου
2147 3338 2394 3403 παίδων
2442 3338 2533 3403 ὡς
2562 3338 2840 3417 Δωριεῖς
2885 3338 3016 3404 ἀπὸ
3059 3344 3189 3405 τῶν

519 3450 587 3500 :30
620 3441 881 3519 Δώρου.
940 3440 1216 3506 Ἁλιεῖς
1257 3440 1442 3505 πόλις
1472 3440 1839 3519 Ἀργολικῆς
1882 3439 2352 3521 παραθαλαςςία
2394 3442 2495 3505 καὶ
2537 3441 2612 3506 τὸ
2657 3441 2909 3506 ἐθνικὸν
2938 3440 3190 3521 ὁμοίως.

615 3543 900 3623 Ἔφορος
944 3542 1014 3608 ἐν
1044 3549 1136 3627 τῷ
1181 3542 1340 3626 ἕκτῳ
1366 3543 1717 3622 «Τιρύνθιοί
1759 3543 1912 3609 εἰςιν
1944 3542 2124 3609 οὗτοι
2152 3544 2254 3608 καὶ
2283 3543 2732 3611 ἐξαναςτάντες
2761 3543 3186 3624 ἐβουλεύοντο

618 3644 816 3709 οἰκεῖν
869 3664 1010 3709 τινα
1062 3645 1267 3710 τόπον
1332 3646 1434 3710 καὶ
1492 3645 1761 3724 ἠρώτων
1804 3648 1922 3711 τὸν
1977 3646 2144 3711 θεόν.
2231 3645 2453 3726 ἔχρηςε
2519 3646 2585 3709 δ’
2629 3645 2861 3732 οὕτως,
2904 3649 3059 3709 «ποῖ
3112 3667 3188 3710 τυ
3284 3679 3302 3690 -

620 3747 834 3827 λαβὼν
878 3749 982 3812 καὶ
1023 3751 1139 3812 ποῖ
1166 3768 1241 3811 τυ
1272 3747 1499 3815 καθίξω
1529 3749 1630 3812 καὶ
1659 3747 1899 3828 οἴκηςιν
1945 3747 2112 3827 ἔχων
2143 3747 2325 3813 ἁλιέα
2352 3768 2421 3813 τε
2451 3750 2837 3827 κεκλῆςθαι».
2885 3748 3189 3824 ἐλέγοντο

619 3849 687 3913 δ’
730 3849 937 3913 οὕτως
981 3849 1086 3913 διὰ
1127 3851 1204 3913 τὸ
1249 3851 1537 3916 πολλοὺς
1578 3855 1709 3914 τῶν
1754 3850 2135 3930 Ἑρμιονέων
2179 3850 2636 3930 ἁλιευομένους
2678 3851 2837 3915 κατὰ
2876 3854 3071 3916 τοῦτο
3114 3850 3191 3915 τὸ

518 3961 584 4012 35
621 3952 812 4031 μέρος
843 3951 1040 4016 οἰκεῖν
1070 3954 1180 4029 τῆς
1220 3952 1451 4031 χώρας.
1539 3953 2168 4018 Ἀντικονδυλεῖς
2214 3951 2276 4017 οἱ
2321 3953 2390 4018 ἐν
2426 3953 2696 4036 Βοιωτίᾳ
2731 3951 3190 4036 Κολοίφρυγες,

621 4055 710 4118 ὡς
764 4053 1222 4134 Ἀριςτοφάνης
1283 4053 1320 4118 ὁ
1383 4054 1536 4119 τοῦς
1590 4054 1885 4135 Θηβαίων
1950 4055 2163 4134 ὥρους
2216 4056 2577 4136 γεγραφώς.
2662 4053 2938 4119 Αύςεῖς
3003 4054 3193 4120 ἔθνος

616 4156 864 4237 Λιβύης.
952 4155 1443 4235 Ἀπολλόδωρος
1508 4157 1774 4241 δευτέρᾳ
1839 4158 1984 4236 περὶ
2042 4161 2157 4236 γῆς
2222 4158 2327 4222 καὶ
2378 4155 2727 4236 Ἡρόδοτος
2792 4155 2862 4220 ἐν
2927 4157 3191 4239 τετάρτῃ

617 4260 702 4341 (c.
753 4257 918 4339 180).
1009 4259 1434 4337 Γαργαρεῖς
1479 4258 1700 4343 ἔθνος,
1745 4259 1783 4323 ὃ
1828 4259 2115 4338 μίγνυται
2160 4262 2296 4325 ταῖς
2341 4258 2698 4342 Ἀμαζόςιν,
2749 4257 2848 4326 ,ὡς
2894 4256 3190 4338 (τράβων

617 4486 851 4533 accentu
888 4483 1179 4548 compositi
1213 4481 1507 4534 κατάκλειε
1540 4482 1715 4547 petivi
1759 4497 1826 4532 ex
1864 4481 2058 4532 Ohoer.
2098 4481 2254 4532 Orth.
2293 4482 2420 4543 233,
2457 4481 2505 4530 3.
2540 4504 2609 4516 -
2643 4479 2678 4529 l.
2714 4482 2747 4530 6
2789 4494 2886 4545 pro
2920 4477 3066 4532 αὐτά
3100 4496 3191 4547 po-

620 4552 702 4602 sui
740 4548 1006 4614 ὁξύτονα,
1046 4551 1189 4616 quod
1225 4566 1452 4602 necesse
1490 4557 1577 4601 est
1614 4555 1837 4616 propter
1870 4547 2055 4615 Λάχης
2090 4547 2312 4614 Λάχεις,
2351 4548 2523 4611 πένης
2559 4545 2763 4599 πένεις.
2822 4547 3191 4600 Adnotamen·

619 4627 731 4669 tum
768 4618 835 4668 de
872 4616 1057 4670 οὐδείς
1101 4620 1340 4670 accessit
1385 4635 1451 4669 ex
1497 4619 1561 4668 E.
1598 4618 1670 4668 M.
1716 4621 1845 4682 639,
1886 4619 1975 4682 16,
2021 4619 2116 4669 ubi
2162 4616 2391 4668 zenobii
2437 4631 2633 4666 nomen
2679 4617 3043 4682 subscriptum
3086 4624 3193 4682 est,

618 4702 777 4769 qpqm
814 4688 1035 4752 saepius
1070 4687 1445 4772 Herodianun3
1482 4687 1840 4770 exscripsisse
1864 4687 2125 4805 ἑιῖξίιιῙιῧιιιιι.ει
2201 4685 2404 4805 0εέᾢὸ
2439 4682 2715 4805 ἶὲιοςεξὲῢὲ(
2729 4683 3077 4806 -Αέςιιῖῗεέὲςε
3099 4686 3192 4804 ag}

618 4755 1028 4873 ἱιίι.ὼῐ)ῗ.ΧΝΜέἳῦ
1053 4757 1207 4873 6οοίῗῖ
1228 4756 1402 4873 ⁸51szss-
1439 4753 1826 4885 203ῗυίεῖςξῖε4ξῗ
1841 4829 1889 4885 3,
1929 4770 2362 4886 τείἰίιυιιρῗιηιηία
2401 4838 2467 4873 ex
2504 4823 2586 4871 St.
2623 4823 2684 4876 B.
2729 4792 2742 4816 ⁹
