3664 5546
617 411 805 460 CLXII
1692 407 2110 460 PRAEFATIO.

616 563 955 651 Pamphilo
1016 566 1084 628 in
1140 564 1584 629 testimonium
1644 573 1911 630 vocatos
1969 565 2157 650 quasi
2213 563 2356 652 ipse
2410 561 2679 646 legisset
2731 559 3038 640 afferens,
3091 583 3199 624 ne-

617 667 776 730 mini
830 689 958 731 non
1014 675 1238 731 notum
1297 675 1417 731 est.
1515 665 1664 731 Hoc
1719 665 1895 729 idem
1949 665 2187 730 fecisse
2242 663 2643 749 Stephanum
2700 663 2927 727 harum
2981 684 3198 725 rerum

613 769 835 853 gnaris
881 789 1009 831 non
1055 768 1458 852 incognitum
1502 767 1630 832 fuit
1675 777 1746 851 et
1782 789 1865 831 ex
1909 766 2019 849 iis,
2066 788 2231 853 quae
2276 765 2486 830 adhuc
2518 766 2941 853 exposuimus
2956 813 2974 845 ,
3023 772 3199 828 certo

613 869 907 934 concludi
953 877 1202 955 potest3
1248 869 1364 934 sed
1410 891 1609 956 quum
1654 870 1721 933 in
1767 868 2151 934 adornanda
2181 865 2517 934 Catholica
2561 865 2769 931 multa
2813 866 3199 952 scriptorum

612 971 987 1036 testimonia
1030 972 1395 1037 nominibus
1442 970 1897 1057 geographicis
1944 980 2010 1035 et
2038 962 2369 1035 historicis
2402 969 2848 1056 apposuerim,
2894 990 2976 1032 ne
3007 977 3198 1031 teme-

613 1076 822 1137 ritatis
882 1072 1128 1138 crimen
1187 1075 1255 1138 in
1308 1097 1411 1138 me
1468 1071 1845 1154 admittam,
1902 1094 2041 1136 rem
2108 1073 2476 1137 accuratius
2533 1071 2692 1135 mihi
2750 1069 3201 1156 exponendam

612 1197 757 1239 esse
803 1171 1131 1259 intellego·
3067 1174 3081 1188 '

782 1276 852 1341 Si
896 1276 1173 1341 indicem
1221 1278 1610 1360 scriptorum
1654 1276 1740 1340 ab
1771 1274 2147 1340 Herodiano
2192 1277 2540 1341 citatorum
2587 1274 2669 1339 ad
2714 1272 2960 1338 calcem
2992 1272 3199 1337 Hero-

614 1377 994 1442 dianeorum
1063 1378 1256 1442 trium
1326 1379 1710 1463 scriptorum
1783 1399 1823 1442 a
1888 1377 2160 1441 Lehrsio
2226 1377 2523 1442 additum
2590 1383 2654 1440 et
2721 1375 3068 1460 scriptores
3131 1374 3199 1436 in

613 1479 1001 1563 fragmentis
1045 1476 1436 1565 reliquorum
1484 1478 1846 1544 Herodiani
1894 1479 2206 1545 librorum
2264 1477 2564 1543 laudatos
2620 1497 3081 1562 percensemus
3138 1483 3202 1537 et

612 1602 758 1645 cum
802 1580 905 1643 his
950 1579 1318 1664 catalogum
1363 1582 1754 1667 scriptorum
1799 1603 1840 1644 a
1883 1580 2105 1666 Steph.
2153 1580 2475 1665 Byzantio
2532 1576 2876 1644 allatorum
2923 1576 3199 1642 conferi-

612 1703 782 1762 mus,
843 1679 1388 1768 deprehendimus
1432 1684 1762 1767 ingentem
1817 1704 2160 1747 numerum
2217 1683 2638 1768 scriptorum,
2697 1682 2805 1766 qui
2865 1680 2949 1744 ab
2995 1678 3198 1742 Hero-

520 1810 524 1814 ’
614 1782 808 1847 diano
852 1783 1301 1868 proferuntur,
1350 1784 1544 1847 etiam
1600 1806 1640 1846 a
1696 1783 2025 1869 Stephano
2080 1781 2338 1848 laudari
2391 1805 2601 1869 neque
2661 1804 2805 1846 eam
2861 1782 3200 1866 cogitatio-

612 1907 787 1967 nem,
820 1894 893 1948 ut
921 1882 1281 1948 Herodiani
1312 1885 1682 1950 testimonia
1705 1903 1761 1949 'a
1792 1883 2121 1969 Stephano
2152 1885 2585 1972 transscripta
2614 1906 2757 1948 esse
2786 1884 3199 1961 arbitremur,

611 1987 964 2072 reprimere
1019 1991 1393 2071 possumuS,
1463 1986 1591 2048 imo
1659 1986 2060 2050 accuratiore
2124 1988 2607 2072 comparatione
2664 2008 2738 2050 eo
2796 1984 3199 2061 deducimur,

611 2096 715 2168 ut,
763 2087 935 2173 quod
981 2086 1167 2150 initio
1212 2087 1527 2171 suspicati
1571 2109 1821 2166 sumus,
1870 2086 2057 2152 nobis
2103 2107 2491 2172 persuasum
2533 2087 2912 2153 habeamus.

781 2187 872 2253 Ut
915 2209 955 2251 a
984 2189 1426 2272 grammaticis
1471 2187 1835 2270 ordiamur,
1881 2189 1951 2252 in
1983 2186 2340 2253 Herodiani
2388 2191 2646 2275 scriptis
2693 2198 2757 2252 ct
2800 2209 2840 2251 a
2869 2187 3198 2273 Stephano

614 2288 967 2355 laudantur
1010 2290 1212 2374 Apio,
1261 2288 1695 2374 Apollodorus
1707 2338 1725 2370 ,
1774 2287 2193 2375 Apollonius,
2253 2292 2702 2371 Aristarchus,
2762 2287 3209 2368 Callistratus,

616 2391 878 2473 Crates,
945 2390 1354 2473 Demetrius,
1422 2390 1785 2478 Didymus,
1842 2391 2212 2474 Diodorus,
2271 2391 2630 2478 Dionysius
2692 2390 3197 2476 (Tryphonis?),

613 2492 973 2578 Dionysius
1030 2491 1290 2574 Thrax,
1358 2491 1883 2579 EpaphrodituS,
1951 2492 2260 2573 Habron,
2330 2492 2724 2574 Heracleon,
2793 2490 3199 2571 HeraclideS,

613 2594 950 2675 Hermias,
1018 2592 1461 2677 Menecrates,
1529 2594 2018 2675 Parmeniscus,
2086 2593 2515 2676 PhiloxenuS,
2585 2593 2929 2675 Seleucus,
2997 2591 3215 2671 Theos

615 2695 921 2781 TryphO,
984 2693 1377 2759 Zenodotus.
1469 2695 1675 2761 Nemo
1731 2695 2172 2781 exspectabit,
2235 2707 2309 2759 ut
2353 2696 2433 2760 de
2478 2718 2608 2760 uno
2654 2717 2910 2783 quoque
2966 2693 3197 2757 horum

613 2797 1183 2881 grammaticorum
1263 2796 1738 2863 demonstretur
1811 2799 2243 2883 congruentia
2324 2819 2577 2880 eorum,
2659 2820 2824 2884 quae
2902 2820 2985 2861 ex
3053 2794 3199 2859 aliis

614 2898 872 2984 seriptis
925 2897 1288 2964 Herodiani
1354 2900 1598 2964 tradita
1663 2907 1848 2980 sunt,
1917 2922 2065 2964 cum
2132 2900 2212 2963 iis
2225 2947 2243 2980 ,
2312 2921 2478 2984 quae
2532 2899 2902 2985 Stephanus
2969 2920 3053 2962 ex
3119 2899 3197 2962 iis

616 2998 917 3085 protulit3
985 3002 1220 3063 mirum
1286 3021 1442 3065 sane
1509 3010 1710 3081 esset,
1779 3003 1834 3064 si
1892 3023 1977 3065 ex
2036 3011 2170 3065 tam
2228 3013 2413 3066 vasto
2472 2999 2704 3086 pelago
2762 3000 3203 3065 Herodianeo-

613 3122 755 3165 rum
813 3103 1202 3186 scriptorum
1256 3101 1455 3165 iidem
1512 3100 1706 3166 rivuli
1749 3102 1818 3164 in
1864 3100 2265 3186 Stephanum
2313 3102 2593 3167 derivati
2638 3112 2856 3166 essent
2899 3112 3094 3189 atque
3133 3102 3203 3164 in

616 3200 898 3288 reliquos
964 3201 1177 3266 fontes
1246 3201 1580 3266 doctrinae
1635 3201 2123 3284 Herodianeae,
2197 3205 2307 3288 qui
2376 3202 2569 3267 hodie
2634 3213 2922 3267 manant.
3025 3202 3201 3268 Satis

616 3304 769 3384 erit,
836 3304 890 3366 si
947 3302 1028 3367 de
1083 3302 1477 3388 quibusdam
1534 3316 1648 3367 aut
1701 3302 2134 3368 demonstrari
2189 3314 2303 3367 aut
2357 3304 2620 3389 probari
2677 3307 2984 3390 potuerit.
3072 3302 3206 3368 Sed

619 3402 912 3487 singulos
958 3405 1421 3488 grammaticos
1466 3401 1957 3489 perlustremuS.

789 3504 893 3568 De
934 3505 1246 3590 Apione
1289 3504 1448 3568 nihil
1491 3506 1652 3569 certi
1683 3502 1812 3569 dici
1843 3514 2086 3591 potest,
2133 3507 2251 3572 sed
2297 3529 2465 3593 quae
2509 3529 2594 3571 ex
2638 3529 2714 3572 eo
2758 3506 3202 3593 proferuntur,

620 3605 705 3670 ab
751 3604 1128 3670 Herodiano
1174 3606 1438 3669 minime
1484 3604 1852 3671 abhorrent.

788 3705 1332 3792 Apollodorus
1389 3706 1473 3771 ab
1538 3705 1913 3771 Herodiano
1977 3710 2063 3773 ad
2129 3710 2207 3774 Il.
2266 3713 2312 3775 Β
2366 3710 2493 3775 592
2552 3720 2970 3790 memoratur,
3029 3708 3206 3795 quod

621 3830 769 3871 cum
831 3809 1212 3872 Aristarcho
1264 3807 1567 3892 congruit
1620 3810 1689 3871 in
1742 3818 2015 3874 accentu
2084 3810 2365 3875 nominis
2422 3813 2616 3894 Αἰπύ,
2673 3812 2768 3875 St.
2828 3810 2904 3874 B.
2962 3811 3030 3874 in
3084 3809 3208 3874 hac

621 3931 781 3973 voce
837 3918 1097 3974 secutus
1154 3919 1255 3974 est
1299 3908 1782 3992 Herodianum,
1842 3912 1952 3995 qui
2000 3910 2338 3996 analogiae
2392 3915 2601 3997 magis
2646 3913 2992 3978 convenire
3037 3910 3204 3977 Αἶπυ

621 4009 661 4073 Ι.
694 4033 752 4075 c.
781 4011 1243 4096 pronunciavit
1277 4032 1404 4074 non
1439 4007 1678 4074 oblitus
1712 4009 1957 4074 addere
1991 4011 2343 4096 paradosin
2385 4012 2839 4078 Aristarchum
2874 4014 3085 4100 sequi3
3120 4012 3206 4077 ab

620 4112 1044 4198 epitomatore
1087 4114 1327 4176 omissa
1371 4119 1526 4176 sunt
1554 4115 1797 4193 omnia,
1844 4134 2011 4198 quae
2040 4112 2457 4180 Herodianus
2502 4119 2570 4180 in
2599 4114 2678 4179 Il.
2711 4115 2818 4181 Pr.
2852 4122 2917 4179 et
2947 4111 3205 4179 Cathol.

621 4213 831 4278 fusius
876 4222 1293 4300 exposuerat.
1383 4210 1516 4277 Sed
1562 4212 2040 4298 Apollodorum
2097 4216 2162 4278 in
2219 4217 2657 4281 testimonium
2712 4224 3016 4283 vocatum
3061 4237 3208 4279 esse

618 4336 659 4376 a
704 4314 1035 4400 Stephano
1080 4322 1342 4379 auctore
1387 4313 1768 4378 Herodiano
1812 4337 1888 4378 eo
1934 4315 2447 4400 demonstratur,
2496 4318 2672 4404 quod
2717 4318 2785 4381 in
2829 4340 3077 4384 canone
3123 4316 3206 4380 de

621 4415 988 4480 nominibus
1032 4415 1103 4478 in
1147 4435 1306 4480 avoc
1359 4437 1465 4502 ap.
1516 4415 1746 4480 Choer.
1795 4415 2012 4501 Epim.
2070 4420 2139 4481 in
2184 4416 2422 4483 Psalm.
2472 4419 2584 4500 79,
2634 4421 2740 4483 11:
2810 4422 2890 4486 τὰ
2946 4421 3033 4485 εἰς
3090 4424 3207 4484 V&

621 4518 784 4597 ὑπὲρ
831 4517 951 4582 δύο
1008 4519 1320 4598 ςυλλαβὰς
1375 4518 1613 4596 ἔχοντα
1668 4519 1796 4598 πρὸ
1854 4520 2082 4585 τέλους
2137 4522 2215 4585 τὸ
2260 4523 2301 4583 ἆ
2358 4523 2858 4602 ςυνεςταλμένον
2914 4543 3206 4600 προπαρ-

624 4620 949 4703 οξύνεται,
995 4618 1049 4683 εἰ
1093 4621 1175 4699 μὴ
1221 4622 1580 4700 ςχηματίζοι
1625 4621 1702 4685 τὸ
1746 4622 2029 4699 θηλυκὸν
2073 4622 2263 4699 γένος
2308 4620 2452 4688 οἷον
2499 4624 2848 4706 ςτέφανος,
2902 4624 3206 4706 γέρανρς·

625 4723 1025 4802 ςεςημείωται
1077 4720 1154 4785 τὸ
1209 4714 1520 4804 οὐρανός,
1578 4721 1871 4805 (ικανός,
1927 4722 2053 4788 ἔςτι
2110 4725 2180 4788 δὲ
2237 4724 2438 4789 τόπος
2483 4725 2770 4807 Ἰβηρίας,
2829 4725 2938 4809 qui
2996 4746 3205 4788 canon

623 4823 922 4905 congruit
974 4830 1122 4886 cum
1175 4821 1420 4885 Arcad.
1467 4822 1583 4903 64,
1646 4823 1726 4885 10
1780 4833 1845 4888 et
1900 4844 1986 4886 ex
2038 4823 2375 4889 Catholica
2428 4825 2847 4910 depromptus
2904 4834 3004 4891 est
3058 4847 3205 4889 cum
