3664 5546
1151 396 1309 452 ΠΕΡΙ
1350 394 1743 452 ΚΑΘΟΛΙΚΗ(
1779 394 2206 452 ΠΡΟΕΩιΔΙΑΕ
2245 396 2314 448 Ις.
2903 393 3032 460 443

1152 567 1429 634 ἔπταζον
1475 567 1631 631 ὥςτ’
1674 566 1928 646 ὄρνιθες
1973 565 2146 631 ὦκυν

1155 668 1373 735 αἴετον
1418 668 1716 736 ἐξαπίνας
1760 668 2055 748 φανέντα

444 771 588 838 ἀντὶ
630 775 747 836 τοῦ
791 771 1131 850 ἔπτηςςον·
1175 774 1278 837 καὶ
1320 775 1439 836 τοῦ
1482 770 1749 837 πλάζω

1153 875 1269 939 τὸν
1315 874 1382 936 δ>
1424 871 1846 938 ἑπιπλάζοντ’
1890 869 2116 951 ἄνεμοι
2162 872 2429 951 φέροιεν

1152 976 1254 1039 καὶ
1298 974 1631 1053 μελέδωνα
2328 1032 2361 1060 .<
3060 984 3093 1032 5

447 1077 589 1144 ἀντὶ
633 1081 750 1143 τοῦ
795 1079 1277 1156 ἑπιπλήςςοντα.
1365 1076 1457 1141 ἔτι
1502 1077 1606 1140 καὶ
1650 1075 1987 1155 βαρύνεται
2029 1075 2110 1140 τὰ
2152 1075 2319 1154 πρὸς
2360 1080 2453 1158 τῷ
2511 1078 2553 1138 ἇ
2596 1075 2834 1154 ἔχοντα
2884 1076 2959 1139 τὸ
3005 1079 3034 1139 ἰ’

449 1180 856 1262 ςφαδᾴζω,
903 1180 1229 1262 τερᾴζω,
1267 1179 1584 1260 ’ματᾲζω
1627 1178 1731 1242 καὶ
1773 1178 1850 1243 τὸ
1895 1176 2141 1242 παίζω
2185 1177 2389 1255 μόνον
2436 1175 2591 1256 ἔχον
2635 1177 2765 1255 πρὸ
2808 1178 3036 1242 τέλους

446 1283 561 1358 τὴν
607 1283 672 1344 ffi
716 1282 1075 1360 δίφθογγον
1121 1280 1640 1361 ἐκφωνουμένην.

617 1405 657 1441 κ
701 1382 795 1446 Τὰ
849 1383 938 1448 εἰς
966 1369 1072 1450 ’ζῙυ
1121 1383 1627 1463 παραληγόμενα
1668 1387 1762 1466 τῷ
1804 1385 1840 1446 ἒ
1883 1380 2252 1463 βαρύνεται,
2309 1380 2485 1464 ἕζω,
2531 1380 2759 1464 χέζω,
2807 1379 3034 1464 ῥέζω,

446 1484 617 1550 πιέζ
633 1507 686 1548 ω
730 1484 933 1564 μόνον
979 1484 1069 1550 εἰς
1112 1471 1214 1552 {OE
1266 1485 1432 1562 ὑπὲρ
1487 1484 1608 1548 δύο
1666 1483 1982 1563 ςυλλαβὰς
2037 1482 2394 1562 βαρύτονον
2450 1488 2543 1566 τῷ
2585 1484 2620 1546 ἒ
2669 1483 3034 1561 παραληγό-
3072 1490 3140 1543 10

449 1606 677 1668 μενον,
732 1588 1011 1665 Δωριεῖς
1064 1587 1272 1664 ,πιάζω
1327 1584 1843 1664 ἀναλογώτερον.
1931 1577 2126 1649 τοῦτο
2181 1586 2253 1647 δὲ
2307 1583 2410 1647 καὶ
2466 1582 2598 1648 ἀπὸ
2641 1585 3035 1664 περιςπωμέ-

449 1708 587 1752 νου.
675 1688 751 1753 τὸ
799 1690 870 1753 δὲ
914 1709 949 1752 τ
964 1691 1271 1766 ραπεζῶ
1314 1690 1721 1770 περιςπᾶται,
1766 1685 1865 1751 ὅτι
1912 1686 2208 1764 τράπεζα.
2571 1741 2576 1744 .

618 1807 656 1842 ³*
705 1789 799 1853 Τὰ
843 1790 931 1854 εἰς
972 1778 1091 1857 {iffi
1141 1789 1512 1872 βαρύνεται,
1568 1789 1831 1871 τρίζω,
1889 1786 2151 1870 ςχίζω,
2217 1787 2489 1870 πρίζω,
2546 1787 2803 1870 κτίζω,
2863 1787 3036 1871 ἵζω,

453 1890 775 1974 χαρίζω,
821 1892 1154 1973 χωρίζω,
1202 1892 1575 1972 βαπτίζω,
1620 1890 2024 1971 ὀνειδίζω,
2056 1888 2352 1972 αἰκίζω,
2399 1890 2760 1971 ςτηρίζω,
2807 1892 3038 1968 θρυλ-

453 1991 666 2074 λίζω,
713 1993 1028 2077 λυρίζω,
1076 1993 1450 2075 ςαλπίζω,
1497 1993 1805 2077 ςυρίζω,
1852 1991 3036 2074 χαιτίζω,κιθαρίζω,Δωρίζω,
3080 1999 3140 2050 15

452 2093 925 2179 Θετταλίζω,
972 2096 1096 2175 ἀφ’
1130 2094 1209 2161 οὗ
1239 2095 1316 2160 τὸ
1347 2093 1938 2171 ἐντεθετταλίςμεθα
1965 2093 2142 2171 παρὰ
2185 2099 2278 2177 τῷ
2315 2092 2614 2157 Εὐπόλιδι
2659 2092 2731 2158 ἐν
2763 2092 3038 2177 Μαρικᾷ,

448 2196 732 2260 τουτέςτι
789 2199 1081 2278 χλαμύδα
1136 2198 1519 2276 Θετταλικὴν
1574 2199 1941 2278 φοροῦμεν,
1998 2195 2367 2276 (κυθίζω,
2412 2194 2798 2277 Περςίζω,
2855 2214 3038 2274 ςφε-

449 2297 743 2376 τερίζω.
809 2299 883 2363 τὸ
930 2302 1002 2365 δὲ
1048 2300 1231 2379 ῥιζῶ
1274 2301 1678 2380 περιςπᾶται,
1724 2296 1822 2362 ὅτι
1870 2296 2023 2376 ῥίζα.

454 2638 597 2704 πρὸς
632 2641 718 2703 τῷ
755 2638 791 2689 ἃ
824 2636 894 2689 τὸ
932 2640 965 2688 ἶ
1001 2637 1089 2689 διὰ
1124 2637 1194 2687 τὸ
1232 2635 1488 2702 ματᾴζω,
1526 2636 1805 2702 ςφαδᾴζω.
1878 2636 2127 2688 ἔςτωςαν
2171 2635 2233 2688 δὲ
2270 2635 2692 2702 παραδείγματα
2735 2640 2840 2689 τοῦ
2877 2636 3041 2689 κανό-

383 2708 393 2714 ’
454 2721 551 2758 νος
585 2709 790 2757 ταῦτα·
829 2703 1056 2769 ςκιάζω,
1105 2703 1469 2769 ἑνθουςιάζω,
1517 2702 1790 2769 ἀγοράζω.
1812 2743 1834 2765 „
1861 2705 2010 2756 τινὲς
2056 2704 2117 2756 δὲ
2161 2702 2466 2757 ἑκτείνουςι
2509 2705 2579 2757 τὸ
2615 2705 2751 2757 «ὅδ’
2785 2704 3043 2772 ἀγοράζει

454 2772 635 2826 κλεῖδ’
671 2772 864 2838 ἔχων»
899 2772 1190 2826 τουτέςτιν
1228 2772 1290 2824 ἐν
1326 2771 1503 2840 ἀγορᾷ
1539 2770 1828 2837 διατρίβει,
1869 2771 2012 2839 πρὸς
2036 2771 2461 2838 ἀντιδιαςτολὴν
2496 2777 2599 2827 τοῦ
2627 2772 2850 2839 ἑτέρου,
2889 2773 3041 2838 λέγω

453 2841 515 2894 δὲ
538 2844 641 2893 τοΟ
670 2840 944 2893 ὠνεῖςθαι.
970 2843 1119 2893 Hine
1144 2844 1351 2908 sumpsi
1375 2846 1600 2907 praeter
1622 2839 1835 2905 ςφάζω,
1899 2857 1968 2892 uo
1997 2841 2203 2893 dhabet
2229 2843 2398 2894 etiam
2422 2843 2648 2892 Lascar.
2677 2845 2792 2905 169,
2821 2848 2864 2903 1,
2890 2842 3041 2907 χάζω

455 2907 655 2975 (αἰάζω
689 2937 755 2946 -
789 2907 1060 2962 ἀλαπάζω
1095 2914 1224 2961 sunt
1250 2927 1318 2961 ex
1351 2911 1532 2967 Lasc..
1561 2907 1832 2972 ςκεδάζω,
1907 2907 2103 2973 ρπάζω
2138 2926 2207 2959 ex
2242 2911 2384 2959 Mon.
2410 2914 2493 2972 44,
2520 2910 2575 2973 3)
2611 2937 2678 2945 -
2703 2907 3041 2964 ἑνθουςιάζω

457 2975 650 3042 (βιάζω
691 3005 750 3014 -
791 2975 999 3030 ἁλιάζω
1039 2983 1169 3028 sunt
1205 2994 1273 3028 ex
1310 2978 1390 3028 St.
1428 2978 1489 3027 B.
1527 2980 1650 3036 300,
1692 2980 1753 3027 13
1791 2975 2033 3028 Ἡλιαίαῑ
2085 2975 2145 3028 ἐκ
2181 2979 2284 3028 τοῦ
2331 2974 2451 3029 ἅλις
2496 2975 2624 3028 ἁλία
2667 2975 2904 3040 γίνεταν
2952 2978 3043 3029 καί

455 3046 533 3096 ὡς
582 3042 670 3109 βία
716 3043 911 3108 βιάζω,
948 3042 1098 3097 αἰτία
1141 3042 1400 3109 αἰτιάζω,
1446 3043 1602 3095 οὕτω
1650 3041 1779 3095 ἁλία
1824 3042 2059 3109 ἁλιάζω)
2105 3045 2288 3095 omnia
2334 3046 2403 3095 ab
2451 3043 2707 3109 ἀγοράζω
2753 3061 2925 3109 nsque
2970 3046 3044 3096 ad

456 3112 698 3178 ματᾲζω.
804 3113 839 3168 l.
879 3116 908 3164 7
945 3112 1127 3166 παίζω
1165 3113 1353 3163 addidi
1389 3128 1457 3162 ex
1492 3113 1737 3177 Theogn.
1778 3115 1895 3176 142,
1932 3115 1965 3162 2
2002 3119 2057 3163 et
2093 3114 2239 3163 Mon.
2278 3115 2371 3173 22,
2410 3117 2473 3164 31
2511 3110 2721 3166 παίζω;
2761 3111 2928 3165 οὐδὲν
2963 3111 3043 3165 εἰς

454 3185 537 3252 fu]
571 3198 748 3262 λῆγον
783 3196 934 3262 ῥῆμα
980 3197 1092 3262 ἔχει
1138 3196 1250 3262 πρὸ
1294 3196 1496 3248 τέλους
1540 3197 1651 3261 τὴν
1696 3194 2106 3275 ᾱῖ-μδίέιθογγον
2154 3195 2626 3262 ἑκφωνουμένην,
2675 3196 2819 3249 ἀλλὰ
2866 3196 3044 3261 μόνον

455 3281 526 3333 τὸ
563 3280 762 3335 παίζω.
906 3282 942 3330 l.
978 3285 1010 3333 9
1047 3299 1311 3333 canonem
1347 3282 1414 3333 de
1453 3284 1637 3333 verbis
1672 3284 1731 3333 in
1768 3283 1877 3333 εζω
1915 3281 2162 3332 consulto
2197 3283 2442 3347 Theogn.
2471 3285 2586 3346 142,
2614 3285 2660 3344 1,
2700 3283 2795 3346 qui
2829 3288 3045 3333 tantum

455 3364 601 3430 ῥέζω
640 3364 748 3417 ἕζω
784 3366 981 3427 habet,
1032 3371 1088 3417 et
1124 3366 1319 3417 Arcad.
1357 3367 1639 3433 composui
1674 3383 1743 3417 ex
1778 3368 1925 3417 Mon.
1962 3368 2054 3426 44,
2092 3368 2123 3416 3
2168 3364 2370 3419 πιέζωε
2417 3364 2490 3416 τὰ
2535 3363 2614 3418 είς
2659 3367 2738 3418 ζω
2792 3365 3043 3431 λήγοντα

457 3430 681 3497 ῥήματα
717 3432 863 3497 ὑπὲρ
898 3432 1000 3484 δύο
1036 3432 1308 3498 ςυλλαβὰς
1346 3434 1629 3499 βαρύτονα
1665 3433 1945 3485 οὐδέποτε
1980 3437 2066 3499 τῷ
2103 3435 2136 3484 ’ἑ
2170 3432 2588 3499 παραλήγεςθαι
2624 3432 2801 3497 θέλει,
2839 3433 3041 3498 εὐάζω,

457 3499 728 3563 ςκεδάζω,
777 3499 1061 3565 ςκεπάζω,
1108 3500 1369 3566 ἁρπάζω,
1419 3500 1651 3567 λυρίζω,
1708 3499 1983 3563 ςαλπίζω,
2043 3501 2254 3565 βαΰζω,
2311 3500 2566 3564 χαιτίζω,
2622 3500 2910 3566 κιθαρίζω,
2958 3501 3044 3566 ἑρ-

457 3567 634 3620 πύζω.
704 3569 1007 3632 ςημειῶδες
1060 3568 1168 3634 ἄρα
1221 3570 1363 3634 παρ’
1399 3569 1674 3622 Ἀττικοῖς
1728 3570 1818 3620 καὶ
1873 3568 2016 3633 παρ’
2060 3567 2204 3620 Ἴωςι
2258 3567 2570 3632 λεγόμενον
2614 3568 2702 3620 διὰ
2747 3571 2851 3622 τοῦ
2895 3571 2930 3621 ἓ
2973 3571 3043 3622 τὸ

458 3635 660 3697 πιέζω,
700 3634 889 3700 ὥςπερ
925 3637 1015 3687 καὶ
1051 3636 1205 3702 παρὰ
1239 3641 1323 3703 τῷ
1361 3641 1584 3703 ποιητῇ.
1626 3635 1954 3702 προςέθηκα
1989 3636 2051 3688 δὲ
2087 3636 2177 3688 καὶ
2213 3636 2314 3688 τὰς
2351 3635 2702 3701 διαλέκτους,
2742 3635 2867 3688 ἐπεὶ
2902 3639 3046 3702 παρ’

460 3701 700 3787 Ἀλκαίιρ
746 3703 914 3766 διχῶς
960 3702 1209 3769 λέγεται,
1256 3704 1409 3769 παρὰ
1438 3705 1513 3756 .δὲ
1564 3704 1827 3768 Ἀλκμᾶνι
1872 3703 1962 3755 διὰ
2004 3707 2107 3755 τοῦ
2153 3707 2190 3756 ἃ
2236 3707 2361 3755 «τῶ
2408 3704 2672 3756 δέςποινα
2718 3706 2821 3756 θεὰ
2867 3705 3045 3757 κατὰν

458 3769 634 3835 κάραν
690 3769 905 3834 Αμβᾶς’
940 3770 1174 3823 ἐπίαζε»
1218 3771 1309 3824 καὶ
1345 3772 1519 3836 δῆλον
1569 3771 1658 3824 ὅτι
1693 3772 1838 3835 πρὸς
1884 3772 1989 3823 τὸν
2033 3772 2356 3836 χαρακτῆρα
2401 3770 2805 3837 ἀναλογωτέρα
2841 3771 2877 3834 ή
2916 3775 3045 3838 χρῆ-

458 3852 535 3890 ςις
572 3837 606 3900 ἡ
646 3837 734 3889 διὰ
769 3840 872 3890 τοῦ
910 3841 946 3889 ἃ
983 3838 1078 3902 (cf.
1118 3840 1219 3906 Ep.
1259 3839 1346 3893 Cr.
1385 3842 1411 3890 Ι
1448 3843 1563 3899 232,
1601 3842 1667 3891 25
1701 3840 1771 3891 τὸ
1811 3839 1913 3902 μὲν
1948 3838 2237 3893 ὑποπιέζω
2284 3838 2397 3891 ἐςτὶ
2434 3838 2653 3903 κοινόν,
2702 3841 2772 3892 τὸ
2810 3838 2870 3892 δὲ
2906 3841 3044 3893 ὑπο-

457 3904 638 3958 πιάζω
675 3904 939 3970 Δωρικόν
975 3912 1032 3957 et
1065 3910 1197 3978 291,
1232 3910 1267 3957 4
1310 3906 1400 3957 καὶ
1436 3908 1507 3958 τὸ
1544 3906 1825 3972 πελεμίζει
1862 3906 1978 3959 ἀπὸ
2024 3910 2125 3958 τοῦ
2164 3905 2394 3972 παλάμη
2432 3905 2727 3971 παλαμίζω
2765 3906 2843 3959 ὡς
2880 3907 3044 3973 χαίτη

458 3971 685 4041 χαιτίζω
733 3973 822 4024 καὶ
867 3974 936 4024 τὸ
985 3972 1164 4026 πιάζω
1209 3972 1263 4025 οί
1298 3974 1490 4026 Ἴωνες
1535 3974 1706 4028 πιέζω
1755 3975 1846 4026 καὶ
1886 3974 2129 4027 Ἀττικοί
2175 3975 2264 4040 καὶ
2309 3972 2527 4027 Αἰολεῖς
2563 3976 2745 4039 «χειρὶ
2789 3975 2848 4026 δ’
2894 3976 3045 4027 ἑλὼν

453 4039 637 4094 ἐπίεζε
694 4038 1004 4105 βραχίονα»
1060 4040 1143 4106 [Π
1188 4041 1332 4161 51Οὲ.
1410 4041 1650 4106 Δωριεῖς
1706 4042 1888 4097 πιάζω
1946 4040 2424 4107 ἀναλογώτερον).
2515 4041 2838 4107 πρόςκειται
2895 4042 3043 4107 ὑπὲρ

458 4108 560 4161 δύο
598 4108 871 4171 ςυλλαβὰς
906 4112 991 4175 τῷ
1030 4108 1251 4173 κανόνι,
1321 4110 1414 4162 πεί
1453 4109 1750 4174 διςύλλαβά
1786 4110 1900 4162 ἑςτι
1925 4109 2367 4175 παραληγόμενα
2390 4113 2475 4174 τῷ
2511 4112 2561 4173 ἒ,
2602 4108 2681 4160 ὡς
2707 4109 2842 4173 ἕζω,
2881 4109 3044 4174 χέζω,

457 4175 616 4241 ῥέζω.
688 4175 969 4240 βαρύτονα
1006 4176 1067 4228 δὲ
1101 4176 1190 4228 διὰ
1223 4178 1295 4229 τὸ
1339 4180 1602 4243 τραπεζῶ
1650 4177 2081 4243 περιςπώμενον
2126 4178 2268 4240 παρ’
2305 4176 2591 4245 Ἀττικοῖς.
2662 4177 2841 4227 Schol.
2879 4178 2978 4227 Od.
3015 4178 3046 4228 δ

456 4247 583 4295 419:
630 4242 839 4296 πιέζειν
884 4243 963 4296 ὡς
1008 4244 1261 4298 δικάζειν.
1331 4246 1464 4310 φηςὶ
1508 4247 1651 4309 γοῦν
1696 4245 1832 4297 «ἐπὶ
1871 4244 2118 4308 μάςτακα
2163 4244 2302 4308 χειρὶ
2345 4241 2540 4297 πίεζε»
2578 4243 2756 4307 (287).
2831 4243 3046 4297 Ἀπίων

460 4311 653 4376 μέντοι
691 4315 931 4377 περιςπᾷ
966 4313 1158 4377 «χερςὶ
1195 4314 1472 4378 ςτιβαρῇςι
1508 4312 1774 4366 πιέζευν»
1811 4312 1939 4393 (qd.
1979 4327 2016 4375 μ
2054 4312 2192 4375 174).
2228 4313 2364 4365 Lob.
2401 4312 2591 4363 Rhem.
2633 4313 2746 4393 147ἶ
2906 4313 2942 4362 1.
2983 4316 3046 4365 13

457 4377 1204 4514 {a‘sswffea‘gffffcssxffi
1221 4381 1731 4512 ‘'Jpfflfflssffx
1753 4380 2269 4512 12‘25‘32fffusszaff
2306 4382 2553 4499 ἒέίὲιιὲῗιῐ
2592 4378 3046 4510 0{“1‘21¹{²1²1'.Z4‚“2›¹‚3

461 4514 659 4579 ςυρίζω
696 4516 856 4570 Lasc.
897 4518 1022 4579 170,
1060 4520 1150 4580 25,
1198 4515 1425 4579 χαιτίζω
1462 4541 1528 4551 -
1565 4513 1825 4580 κιθαρίζω
1861 4518 2038 4580 Mon.,
2083 4513 2323 4579 Δωρίζω
2358 4541 2427 4551 -
2460 4512 2714 4578 Περςίζω
2760 4530 2824 4565 ex
2863 4516 2941 4570 St.
2982 4517 3044 4566 B.

460 4585 573 4639 311,
610 4586 642 4633 2
680 4588 738 4634 et
774 4586 890 4646 519,
927 4588 987 4647 3,
1034 4581 1342 4649 ςφετερίζω
1381 4598 1449 4634 ex
1486 4586 1632 4634 Mon.
1669 4585 1761 4645 28,
1804 4586 1892 4634 13:
1940 4581 1990 4635 εἴ
2023 4597 2107 4634 τις
2143 4582 2324 4647 λέγοι,
2377 4580 2456 4634 ὡς
2505 4583 2592 4633 καί
2634 4581 2668 4645 ἡ
2717 4579 3045 4645 ἀντωνυμία

462 4648 724 4715 ποικίλην
760 4653 1110 4717 παραγωγὴν
1157 4651 1291 4716 ἔχει·
1340 4649 1422 4703 εἴς
1456 4665 1520 4702 τε
1565 4651 1671 4715 γὰρ
1708 4649 1919 4715 ἑαυτὴν
1967 4653 2246 4715 παρῆκται
2291 4650 2382 4702 καὶ
2428 4649 2509 4703 είς
2554 4648 2858 4716 ἐπίρρημα,
2905 4648 3043 4703 ἴςτω

462 4715 548 4767 ὅτι
583 4716 881 4783 ἑνέλειψαν
916 4724 1035 4772 τοῖς
1073 4718 1453 4784 κυριωτάτοις.
1524 4717 1675 4782 λέγω
1712 4718 1774 4770 δὲ
1809 4716 2014 4783 ῥήματι
2051 4719 2142 4770 καὶ
2177 4716 2436 4782 ὀνόματι·
2472 4719 2542 4770 τὸ
2578 4717 2684 4782 γὰρ
2720 4717 3046 4783 ήμετέρειος

460 4783 553 4904 {tofi
589 4786 1047 4905 ςφὶτεριζόμενος
1084 4790 1207 4840 τῶν
1242 4786 1603 4852 παραλόγων.
1649 4788 1785 4838 Lob.
1822 4787 2015 4841 Rhem.
2052 4790 2167 4838 224.
2216 4786 2350 4854 ῥιζῶ
2387 4787 2557 4849 habet
2591 4792 2815 4857 praeter
2847 4787 3044 4840 Aroad.

516 4868 626 4903 mm
711 4869 889 4906 aseer.
