3664 5546
1206 344 1365 402 ΠΕΡΙ
1407 343 1799 399 ΚΑΘΟΛΙΚΗΕ
1836 340 2259 396 ΠΡΟΕΩιΔΙΑ(
2307 341 2375 395 ΙΓ.
2545 372 2562 383 ·
2821 337 2830 342 “
2964 339 3091 404 349

667 518 814 584 Πᾶν
873 504 1221 594 οὐδέτερον
1289 515 1447 580 κατὰ
1502 512 1840 594 ἀποβολὴν
1897 517 2015 577 τοῦ
2070 516 2104 575 ἒ
2157 511 2512 591 γενόμενον
2568 508 2701 576 ἀπὸ
2756 509 3090 589 ἀρςενικοῦ

497 622 613 685 τὸν
670 620 873 684 αὐτὸν
929 618 1128 694 τόνον
1195 617 1503 697 φυλάττει
1569 623 1662 700 τῷ
1717 613 2061 698 ἀρςενικῷ,
2126 615 2319 692 μέγας
2386 613 2611 694 μέγα,
2653 611 3089 690 .λειπόπατρις

501 721 1005 801 λειπόπατρι,
1050 718 1282 783 ἄπολις
1326 717 1595 800 ἄπολι,
1651 716 1800 783 ὀξύς
1845 716 2011 799 ὀξύ,
2067 716 2261 795 ταχύς
2303 715 2530 796 ταχύ,
2575 714 2792 794 ἥμιςυς
2834 713 3088 795 ἥμιςυ,

497 823 683 904 Λίβυς
726 822 944 904 Λίβυ,
990 819 1184 885 οὗτος
1212 824 1492 901 τοῦτο,
1538 820 1783 884 ἐκεῖνος
1826 818 2124 900 ἐκεῖνο,
2169 817 2364 882 αὐτός
2407 816 2613 880 αὐτό.
2664 815 2728 879 αἱ
2773 817 2896 893 γὰρ
2940 814 3088 880 ἀντ-

499 924 764 1004 ωνυμίαι
821 923 910 988 εἰς
957 926 995 986 ὃ
1050 924 1478 999 περατοῦνται
1533 921 1690 985 κατὰ
1743 921 1819 985 τὸ
1864 919 2079 998 τρίτον
2123 921 2473 997 πρόςωπον
2528 917 2686 982 κατὰ
2740 917 2933 992 γένος
2974 916 3086 980 οὐ-
3115 925 3148 975 5

499 1027 779 1105 δέτερον.
869 1025 931 1088 οἱ
977 1026 1047 1088 δὲ
1092 1023 1414 1101 Ἀθηναῖοι
1446 1022 1601 1101 μετὰ
1640 1026 1758 1086 τοῦ
1787 1021 2033 1099 ἄρθρου
2074 1022 2230 1101 φαςὶ
2255 1022 2332 1086 τὸ
2365 1019 2710 1097 οὐδέτερον
2741 1022 2852 1097 τῆς
2896 1019 3090 1083 αὐτός

497 1127 749 1193 ταύτόν.
837 1124 1202 1200 ἀναλόγως·
1258 1124 1297 1200 ἡ
1342 1124 1466 1202 γὰρ
1511 1123 1753 1188 ἐκεῖνος
1798 1124 1901 1187 καὶ
1942 1123 1981 1201 ἡ
2029 1121 2222 1188 οὗτος
2276 1120 2663 1201 ἀντωνυμίαι
2720 1124 3086 1199 ςτεροῦνται

498 1228 756 1308 ἄρθρου.
798 1228 896 1293 ἵν’
918 1225 1039 1291 οὖν
1070 1230 1286 1308 διαςτῇ
1316 1226 1509 1301 γένος
1540 1224 1874 1303 ἀρςενικὸν
1905 1226 2009 1289 καὶ
2039 1223 2406 1305 οὐδέτερον,
2439 1223 2527 1288 εἰς
2555 1225 2631 1288 τὸ
2664 1227 2702 1286 ὅ
2734 1226 3087 1300 περατοῦν-

498 1350 596 1395 ται
628 1330 786 1394 κατὰ
815 1329 892 1393 τὸ
922 1327 1272 1405 οὐδέτερον
1304 1326 1537 1408 ἐκεῖνο,
1567 1330 1793 1408 τοῦτο,
1822 1326 1934 1391 ἵνα
1965 1327 2041 1390 τὸ
2084 1327 2199 1404 μὲν
2230 1325 2319 1390 εἰς
2350 1327 2388 1388 ὃ
2420 1324 2682 1406 ςημαίνῃ
2722 1326 2800 1389 τὸ
2833 1323 3086 1388 οὐδέτε-

499 1452 650 1514 ρον,
682 1432 757 1495 τὸ
801 1432 872 1494 δὲ
914 1430 1002 1495 εἰς
1045 1433 1081 1493 ν
1125 1430 1200 1494 τὸ
1243 1428 1576 1507 ἀρςενικὸν
1618 1428 1870 1494 ἐκεῖνον
1882 1478 1901 1510 ,
1940 1432 2191 1493 τοῦτον.
2249 1428 2287 1506 ἡ
2323 1428 2394 1490 δὲ
2434 1426 2628 1490 αὐτός
2658 1424 2901 1504 ἄρθρον
2934 1428 3088 1504 λαμ·
3130 1430 3193 1488 10

498 1534 689 1614 βάνει.
780 1531 990 1596 οὐκέτι
1042 1530 1168 1610 ἄρα
1218 1529 1466 1610 ὀφείλει
1515 1529 1686 1609 ἔχειν
1740 1530 1815 1594 τὸ
1873 1527 2219 1607 οὐδέτερον
2266 1528 2354 1594 εἰς
2399 1533 2436 1591 ὃ
2481 1527 2720 1607 ὁμοίως
2775 1532 2852 1608 τῇ
2895 1527 3089 1604 χωρὶς

497 1634 757 1713 ἄρθρου.
817 1633 948 1711 ἔχει
983 1633 1106 1710 γὰρ
1138 1632 1243 1696 διὰ
1272 1634 1389 1696 τοῦ
1419 1629 1662 1709 ἄρθρου
1693 1631 2014 1710 ςημάίνειν
2045 1633 2120 1696 τὸ
2150 1631 2359 1706 γένος.
2407 1630 2729 1708 Ἀθηναῖοι
2759 1628 2981 1693 τοίνυν
3010 1628 3086 1691 τὸ

497 1734 739 1814 ἄρθρον
781 1735 1251 1813 προςνέμοντες
1278 1734 1381 1797 καὶ
1422 1734 1498 1797 τὸ
1545 1735 1581 1796 ν
1614 1737 1854 1797 διδούςι
1903 1732 2180 1797 «ταύτὸν
2213 1732 2417 1811 θύμον
2447 1731 2811 1811 φαγόντες»
2844 1729 3082 1812 (Arist.

498 1833 670 1898 Plut.
700 1835 874 1918 253).
922 1835 1119 1900 ταύτὸ
1163 1836 1286 1913 γὰρ
1331 1832 1613 1914 ὤφειλεν
1658 1832 1840 1899 εἶναι.
1897 1834 2055 1902 ὅταν
2101 1832 2222 1898 οὐν
2253 1833 2516 1898 Ἀττικοὶ
2547 1833 2799 1909 λέγουςι
2829 1832 3087 1913 ταύτόν,

498 1939 574 2003 τὸ
625 1937 1057 2019 ὀφειλόμενον
1111 1935 1559 2019 ἀποδιδόαςιν,
1615 1935 1695 2001 οὐ
1751 1935 2235 2002 πλεονάζουςιν.
2324 1935 2482 2000 οὐδὲ
2537 1933 2766 2000 ἐνθάδε
2809 1931 3087 1998 πλεονά-
3126 1945 3191 1996 15

499 2046 699 2106 ζουςι·
744 2043 1076 2121 τοςοῦτον,
1119 2041 1514 2117 τηλικοῦτον.
1577 2037 1656 2102 οὐ
1688 2037 1812 2116 γὰρ
1857 2039 2127 2114 ἔγκειται
2172 2038 2212 2116 ἡ
2258 2035 2450 2102 οὗτος
2482 2035 2862 2115 ἀντωνυμία.
2922 2034 3090 2099 ἀλλὰ

499 2145 745 2221 μᾶλλον
788 2141 864 2205 τὸ
909 2144 1180 2205 τοςοῦτο
1226 2141 1328 2204 καὶ
1370 2144 1629 2204 τοιοῦτο
1670 2139 1999 2205 πέπονθεν
2040 2140 2292 2205 ἔνδειαν
2335 2142 2452 2203 τοῦ
2498 2140 2551 2202 ν.
2640 2137 2943 2201 ὼςαύτως
2986 2137 3090 2199 καὶ

498 2241 697 2308 ἄλλος
740 2241 936 2324 ἄλλο,
980 2245 1176 2306 τοῦτο
1222 2243 1292 2305 δὲ
1339 2240 1749 2321 ἐπιλαμβάνει
1800 2242 1877 2307 τὸ
1922 2244 1961 2305 ν
2018 2240 2088 2305 ἐν
2131 2247 2225 2325 τῷ
2280 2239 2815 2318 ἀλλοπρόςαλλον
2869 2239 2973 2302 καὶ
3017 2237 3088 2302 ἐν

500 2351 589 2429 τῷ
634 2345 906 2412 ἔξαλλον
948 2344 1054 2407 καὶ
1096 2342 1409 2408 ἄπαλλον.

665 2447 811 2511 Πᾶν
856 2444 945 2509 εἰς
1000 2448 1079 2507 ὃν
1136 2444 1493 2510 ἐπιθετικόν
1550 2444 1899 2522 οὐδέτερον
1959 2444 2622 2524 παρεςχηματιςμένον
2677 2445 2814 2507 τοῖς
2870 2441 2958 2506 εἰς
3003 2445 3088 2505 ἶς’
3122 2457 3193 2507 20

501 2548 799 2626 λήγουςιν
843 2544 1198 2623 ἀρςενικοῖς
1241 2546 1493 2611 τούτων
1538 2546 1846 2626 φυλάττει
1903 2547 2022 2611 τὸν.
2064 2546 2293 2629 τόνον,
2349 2545 2716 2626 φιλόςοφος
2758 2543 3086 2623 φιλόςο-

499 2669 689 2731 φον,
734 2646 993 2726 ἀχρεῖος
1038 2645 1368 2726 ἀχρεῖον
1413 2649 1516 2713 καὶ
1559 2649 1853 2713 Ἀττικῶς
1895 2647 2151 2726 ἄχρειος
2195 2647 2544 2726 ἄχρείον.

667 2750 761 2835 Τά
807 2749 896 2815 εἰς
940 2751 1058 2815 δῦῖ
1100 2748 1383 2827 λήγοντα
1423 2754 1556 2815 τῶν
1601 2748 1943 2830 ὀνομάτων
1983 2749 2226 2829 ἔχοντα
2286 2747 2634 2826 οὐδετέρου
2679 2767 3086 2827 παραςχημα-

499 2853 714 2932 τιςμόν
770 2852 1137 2932 δμοτονοῦν
1195 2851 1409 2931 ἔχουςι
1473 2852 1549 2916 τὸ
1607 2851 1985 2935 οὐδέτερον,
2051 2854 2323 2931 χρυςοῦς
2377 2853 2753 2931 χρυςοῦν,
2810 2853 3087 2928 χαλκοῦς

500 2958 877 3036 χαλκοῦν,
922 2952 1152 3018 εὔνους
1196 2952 1506 3019 εὔνουν.
2640 2995 2650 3002 -
3122 2970 3189 3018 25

667 3056 760 3120 Τὰ
805 3055 893 3120 εἰς
938 3060 1039 3120 HJ?
1082 3055 1365 3132 λήγοντα
1408 3055 1645 3133 ἔχοντα
1688 3054 2039 3135 οὐδετέρου
2082 3055 2677 3136 παραςχηματιςμόν
2721 3054 3087 3133 ὁμοτονοῦν

499 3158 712 3235 ἔχουςι
757 3159 833 3222 τὸ
880 3158 1259 3238 οὐδέτερον,
1304 3155 1651 3235 ἀξιόχρεως
1695 3157 2162 3240 ἀξιόχρεων,
2214 3156 2555 3222 ἀνάπλεως
2600 3155 3043 3221 ἀνάπλεων.

667 3259 761 3323 Τὰ
813 3259 901 3322 εἰς
955 3263 1032 3322 ας
1087 3258 1324 3337 ἔχοντα
1378 3257 1725 3337 οὐδετέρου
1786 3259 2383 3338 παραςχηματιςμὸν
2438 3258 2805 3338 δμοτονοῦν
2872 3256 3106 3336 ἔχουςι·

3220 1528 3248 1548 l

499 3580 667 3645 ταχύ,
705 3578 871 3644 φίλος
908 3576 1106 3643 φίλον,
1152 3578 1402 3645 ςώφρων
1446 3581 1692 3645 ςῶφρον.
1762 3580 1898 3634 ὅθεν
1943 3578 1994 3634 εἰ
2036 3582 2224 3636 οὕτως
2267 3582 2599 3648 ἀνέγνωμεν
2643 3579 2853 3635 «οὐδέν
2898 3579 3086 3635 ὄλιζον

501 3648 741 3712 ἕξομεν»
779 3647 869 3698 καὶ
902 3646 972 3698 τὸ
1011 3645 1217 3699 ὀλίζων
1253 3647 1514 3712 βαρύνειν
1557 3646 1881 3713 ὀφείλομεν.
1953 3651 2043 3702 καὶ
2085 3649 2192 3717 γὰρ
2237 3652 2516 3705 οὐδέποτε
2560 3656 2680 3704 τοῖς
2727 3650 2806 3702 εἰς
2841 3651 2926 3702 ὢν
2963 3651 3084 3703 ὀξυ-

499 3717 755 3780 νομένοις
793 3713 1025 3778 ὁνόμαςι
1061 3713 1390 3779 παράκειται
1416 3714 1719 3781 οὐδετέρου
1743 3719 2287 3785 παραςχηματιςμός,
2323 3723 2441 3772 τοῖς
2470 3719 2661 3783 μέντοι
2688 3719 3085 3784 βαρυνομένοις

498 3786 757 3849 ςῶφρον,
794 3783 1029 3847 τλῆμον.
1100 3780 1148 3833 εί
1183 3782 1251 3847 δὴ
1290 3782 1618 3848 παράκειται
1655 3784 1724 3835 τὸ
1762 3784 1977 3851 ὄλιζον,
2024 3786 2199 3851 δῆλον
2236 3787 2324 3838 ὅτι
2362 3789 2451 3839 καὶ
2486 3788 2556 3839 τὸ
2594 3786 2885 3852 ἀρςενικὸν
2923 3786 3086 3853 βαρύ-

497 3866 668 3904 νεται.
827 3851 864 3901 1.
899 3854 931 3902 3
967 3849 1167 3902 ἄπολις
1203 3850 1400 3915 ἄπολι,
1438 3851 1566 3904 ὀξύς
1603 3851 1702 3905 ὀξύ
1738 3854 1931 3905 addidi
1969 3871 2036 3905 ex
2071 3855 2317 3921 Theogn.
2361 3860 2474 3919 119,
2516 3858 2604 3919 17,
2643 3852 2808 3918 Λίβυς
2846 3854 2981 3920 Λίβυ
3018 3871 3084 3905 ex

497 3920 578 3970 St.
606 3923 665 3971 Β.
688 3922 809 3985 415,
851 3921 932 3981 14,
969 3917 1138 3969 οὗτος
1174 3920 1350 3970 τοῦτο
1385 3946 1451 3954 —
1487 3919 1630 3970 αὐτό
1667 3922 1852 3987 recepi
1889 3923 2168 3973 indicante
2196 3924 2555 3987 'Phcognosto
2588 3922 2624 3972 l.
2660 3940 2705 3971 c.
2744 3929 2803 3971 et
2841 3926 2955 3981 118,
2996 3926 3084 3973 17:

497 3990 611 4039 πᾶν
647 3986 949 4050 οὐδέτερον
987 3983 1064 4037 εἰς
1101 3988 1179 4039 ὃν
1204 3987 1382 4051 λῆγον
1416 3985 1531 4039 ἀπὸ
1568 3986 1856 4052 ἀρςενικοθ
1906 3986 2278 4053 ίςοςυλλάβως
2326 3989 2659 4054 κλινομένου
2702 3988 3085 4054 γεγενημένον

496 4054 710 4107 ταύτόν
758 4054 906 4106 ἐςτιν
952 4053 1096 4105 κατὰ
1140 4054 1249 4117 τὴν
1292 4054 1520 4119 γραφὴν
1566 4059 1636 4121 τῇ
1684 4055 1961 4121 αἰτιατικῇ
2006 4059 2111 4107 τοῦ
2158 4058 2465 4122 ἀρςενικοῡ.
2504 4084 2567 4094 -
2605 4056 2968 4122 ςεςημείωται
3014 4056 3084 4107 τὸ

495 4122 665 4187 αὐτό,
704 4121 872 4184 ἄλλο,
910 4124 1113 4185 τοῦτο,
1152 4122 1336 4174 ἐκεῖνο
1375 4121 1462 4172 ὅτι
1497 4125 1618 4174 τῶν
1643 4123 1952 4189 ἀρςενικῶν
1978 4122 2056 4176 εἰς
2081 4128 2115 4176 ν
2150 4124 2407 4189 ἑχόντων
2431 4125 2540 4188 τὴν
2564 4121 2878 4187 αἰτιατικὴν
2902 4128 3084 4176 ταῦτα

496 4192 667 4255 χωρὶς
701 4193 806 4243 τοῦ
845 4192 878 4242 V
917 4189 1051 4242 είςὶν
1088 4189 1151 4242 ἐν
1185 4193 1271 4256 τῷ
1308 4188 1621 4256 οὐδετέρῳ,
1661 4193 1803 4259 quod
1841 4194 2153 4244 accuratius
2190 4196 2501 4258 expositum
2526 4193 2694 4243 estin
2722 4193 2915 4256 fragm.
2954 4192 3083 4256 περὶ

496 4261 697 4311 παθῶν
733 4260 792 4309 in
826 4261 891 4311 E.
931 4261 1003 4310 M.
1039 4260 1156 4321 748,
1192 4263 1251 4321 3,
1289 4259 1433 4309 unde
1471 4262 1659 4323 recepi
1696 4260 1865 4310 verba
1901 4260 2030 4311 indo
2076 4260 2145 4310 ab
2191 4258 2246 4311 αἱ
2291 4259 2398 4326 γὰρ
2433 4257 2779 4322 ἀντωνυμίαι
2814 4286 2877 4296 -
2916 4258 2952 4324 ἡ
2991 4258 3084 4311 οὐ·

494 4340 591 4377 τος
628 4324 956 4391 ἀντωνυμία
993 4325 1030 4376 1.
1072 4329 1161 4390 16,
1199 4341 1338 4392 quae
1376 4331 1489 4376 tum
1526 4332 1855 4391 sequuntur,
1902 4332 2033 4377 sunt
2069 4343 2136 4377 ex
2171 4327 2427 4377 Eustath.
2467 4329 2592 4390 617,
2629 4329 2722 4377 44:
2770 4326 2820 4378 εἰ
2863 4327 2953 4378 καὶ
2990 4326 3082 4378 οὐ-

495 4393 726 4459 δέτερον
761 4395 940 4446 αὐτοῦ
979 4394 1078 4457 (sc.
1114 4396 1218 4444 τοῦ
1244 4392 1438 4456 ἄλλος)
1478 4393 1714 4457 ὀφεῖλον
1751 4392 1898 4444 εἶναι
1937 4393 2152 4456 μᾶλλον
2189 4394 2330 4456 μετὰ
2363 4396 2468 4446 τοῦ
2507 4398 2540 4445 ’ν’
2577 4394 2889 4457 ἀναλόγως.
2927 4394 3082 4459 ὅμως

497 4461 783 4513 πέπονθεν
820 4462 997 4514 αὐτοῦ
1035 4460 1279 4525 ἔνδειαν,
1320 4459 1400 4512 ὡς
1436 4462 1525 4512 καὶ
1560 4459 1630 4511 τὸ
1666 4463 1908 4512 τοςοῡτο
1944 4461 2035 4511 καὶ
2069 4464 2325 4524 τοιοῦτο,
2373 4460 2507 4512 ἀλλ’
2541 4460 2902 4526 ἐπιλαμβάνει
2937 4462 3082 4515 αὐτὸ

497 4530 630 4580 καθ’
666 4529 1014 4594 Ἠρωδιανὸν
1058 4528 1240 4581 εἰπεῖν
1289 4527 1352 4579 ἐν
1395 4532 1480 4594 τῷ
1527 4526 2016 4591 ἀλλοπρόςαλλον·
2063 4528 2218 4579 οὕτω
2264 4529 2325 4580 δὲ
2372 4530 2462 4580 καὶ
2499 4529 2560 4582 ἐν
2596 4532 2682 4596 τῷ
2720 4530 2954 4582 ἔξαλλον
2990 4533 3081 4582 καὶ

495 4594 766 4648 ἄπαλλον.
960 4598 998 4651 1.
1034 4601 1100 4647 22
1140 4599 1244 4648 scri
1284 4599 1331 4648 si
1367 4612 1487 4646 cum
1524 4595 1711 4646 Iacobi
1757 4602 1985 4660 propter
2019 4597 2216 4647 Arcad.
2253 4600 2337 4659 87,
2376 4601 2405 4649 7
2444 4596 2536 4660 (cs.
2574 4614 2740 4662 supra
2779 4616 2833 4664 p.
2872 4603 2988 4656 136.
3030 4601 3080 4663 l)

496 4679 595 4728 pro
632 4665 902 4717 Ἀττικῶς
947 4663 1185 4728 ἄχρειως
1268 4676 1498 4729 χρειων,
1546 4678 1685 4726 quac
1728 4662 1968 4712 exhibui.
2163 4665 2196 4715 l.
2234 4668 2299 4715 24
2346 4682 2444 4731 pro
2489 4665 2822 4729 όμοτονοῠςι
2867 4669 3081 4733 scripsi,

496 4747 635 4795 quae
669 4734 953 4784 sententia.
991 4732 1262 4798 postulat,
1302 4731 1621 4794 όμοτονοῦν
1667 4728 1849 4793 ἔχουςι
1885 4729 1955 4781 τὸ
1998 4729 2326 4797 οὐδέτερον,
2365 4735 2507 4785 idem
2547 4736 2738 4786 vitium
2772 4736 2828 4784 in
2868 4735 3081 4787 duobus

497 4801 852 4863 sequentibus
901 4801 1214 4865 praeceptis
1250 4799 1466 4849 sustuli.
1606 4798 1642 4848 1.
1678 4800 1743 4847 28
1779 4798 1851 4847 cf.
1890 4798 2077 4850 Dichr.
2115 4804 2231 4861 290,
2273 4805 2315 4851 1.
