3664 5546
1132 367 1293 424 ΠΕΡΙ
1333 367 1726 424 ΚΑΘΟΛΙΚΗ(
1761 366 2183 423 ΠΡΟΕΩιΔΙΑ(
2220 370 2271 421 ς.
2889 368 3010 432 159

423 557 612 620 φεται
657 539 816 606 κατὰ
857 539 975 619 τὴν
1018 540 1281 619 πρώτην
1328 540 1644 620 ςυλλαβὴν
1687 540 1752 604 Π
1765 560 1802 618 ρ
1817 540 1859 605 ά
1872 561 1903 605 ς
1918 561 1953 604 τ
1966 561 1985 605 ι
2000 543 2036 604 λ
2051 542 2087 604 λ
2102 559 2183 604 ος
2228 539 2318 604 ὡς
2362 538 2650 604 Εὔπολις.
2708 538 2825 615 Ῥή
2840 559 2909 614 γι
2925 542 2961 603 λ
2982 577 3008 589 -

425 645 559 707 λος
600 641 883 724 (αβίνων
915 642 1117 709 πόλις.
1163 642 1685 725 Ἀρίςτυλλος,
1729 644 2146 724 Ἣρυλλος,
2184 641 2668 723 Θράςυλλος,
2714 641 3006 705 Βάθυλ-

424 747 460 809 λ
476 764 513 809 ο
527 766 559 809 ς
605 745 1053 825 ύποκοριςτικά
1064 794 1083 829 ,
1144 746 1209 809 Μ
1226 765 1258 810 ε
1272 747 1308 808 λ
1323 744 1363 809 ά
1379 766 1419 823 μ
1431 766 1482 825 φ
1496 766 1533 808 υ
1549 747 1583 809 λ
1601 748 1636 808 λ
1653 765 1688 809 o
1706 765 1739 810 ς
1793 744 2001 809 οὕτως
2044 744 2276 822 ἐκλήθη
2327 743 2646 822 πρότερον
2701 744 2739 822 ἡ
2787 741 3007 821 (άμος.

420 847 497 911 ’Ἀ
511 852 546 928 β
561 870 598 911 υ
614 850 648 911 λ
667 851 704 912 λ
718 868 756 912 ο
772 869 803 913 ς
850 847 1038 912 ἔθνος
1080 846 1245 926 πρὸς
1288 852 1365 930 τῇ
1404 845 1894 929 Τρωγλοδυτικῇ
1940 846 2195 922 ἔγγιςτα
2236 851 2329 929 τῷ
2375 846 2580 931 Νείλῳ
2593 894 2611 928 ,
2660 846 2750 910 ὡς
2781 846 3007 909 Ἀπολ-

423 948 715 1029 λόδωρος
772 950 1052 1035 δευτέρῳ
1117 949 1264 1028 περὶ
1320 951 1450 1027 γῆς.
1537 949 1614 1014 τὸ
1680 950 1751 1013 δὲ
1806 947 1845 1013 ὀ
1857 970 1904 1013 π
1917 969 1953 1012 τ
1966 948 1985 1012 ί
1998 950 2034 1012 λ
2053 951 2088 1012 λ
2103 968 2140 1012 ο
2156 969 2188 1013 ς
2251 949 2691 1027 παροξύνεται.
2778 950 2882 1012 καὶ
2929 948 3006 1012 τὸ
3034 957 3067 1007 5

420 1052 838 1129 νεογιλλός
880 1052 1012 1131 ἔχει
1056 1051 1351 1132 θηλυκόν.
1520 1040 1526 1048 ’

590 1153 685 1218 Τὰ
740 1152 830 1219 εἰς
882 1142 1072 1237 οὑξ-οἶ,
1130 1153 1186 1220 εἰ
1230 1154 1359 1233 ἔχει
1403 1156 1519 1234 τὴν
1562 1153 1777 1232 τρίτην
1822 1152 1954 1218 ἀπὸ
1998 1153 2226 1218 τέλους
2270 1153 2513 1232 μακράν
2528 1202 2545 1236 ,
2600 1153 3007 1232 προπαροξύ-

422 1275 631 1339 νεται,
706 1255 819 1321 Κώ
835 1261 871 1321 δ
886 1260 976 1321 αλ
992 1278 1030 1322 ο
1046 1277 1108 1341 ς,
1173 1256 1224 1321 Τ
1239 1256 1534 1322 άνταλο
1549 1277 1611 1339 ς,
1676 1254 1801 1336 ἀφ’
1858 1253 1937 1320 οὗ
1991 1256 2096 1319 καὶ
2149 1255 2478 1321 Τάνταλος
2541 1255 2696 1334 ὄρος
2751 1255 3012 1336 Λέςβου,

421 1358 841 1442 Ἅρπαλος,
898 1357 1203 1442 ἴξαλος,
1262 1358 1643 1423 δαίδαλος
1696 1357 1801 1422 καὶ
1854 1358 2291 1442 Δαίδαλος,
2357 1358 2677 1440 ἤκαλος,
2723 1355 3008 1422 πάςςα-

424 1463 460 1524 λ
475 1481 511 1524 ο
527 1480 573 1526 ς.
608 1459 620 1474 ’
652 1461 717 1524 Μ
731 1461 855 1527 αίν
871 1481 912 1525 α
926 1463 960 1525 λ
976 1481 1013 1526 o
1028 1482 1059 1525 ς
1104 1461 1142 1525 ὁ
1187 1460 1519 1527 Λυκάονος
1563 1461 1667 1525 καὶ
1709 1459 1898 1524 πόλις
1944 1459 2284 1538 Ἀρκαδίας.
2361 1460 2426 1524 Μ
2440 1460 2680 1524 άνταλ
2695 1480 2732 1523 o
2747 1479 2778 1523 ς
2821 1460 3008 1524 πόλις
3052 1469 3111 1519 10

421 1562 730 1646 Φρυγίας,
778 1562 869 1627 ὼς
913 1561 952 1626 ὁ
997 1563 1359 1641 πολυίςτωρ
1405 1562 1823 1640 Ἀλέξανδρος
1837 1611 1856 1644 ,
1901 1560 2270 1642 ὁμοφώνως
2313 1568 2406 1646 τῷ
2451 1562 2676 1645 κτίςτῃ.
2754 1562 2798 1626 Κ
2812 1562 2865 1625 ώ
2879 1583 2913 1625 κ
2927 1582 2969 1626 α
2984 1599 3007 1610 -

423 1666 460 1727 λ
476 1685 514 1728 o
528 1685 591 1747 ς,
634 1665 711 1729 Ἀ
725 1667 908 1730 (καλ
924 1684 961 1728 ο
979 1684 1040 1747 ς,
1086 1664 1150 1731 ἐξ
1197 1663 1276 1729 οὗ
1307 1663 1607 1743 Ἀςκάλης
1657 1664 1747 1730 ὡς
1794 1664 2080 1743 δ’άμαλος
2126 1690 2152 1722 «
2167 1664 2452 1742 δαμάλης
2494 1663 2658 1742 ἔρως
2679 1689 2704 1720 »
2738 1663 3008 1746 (Anaer.

423 1763 499 1830 fr.
543 1766 631 1851 2).
716 1767 989 1861 Ἄραξος
1033 1765 1292 1845 Ἀράξης
1306 1816 1324 1849 ,
1383 1765 1670 1845 Χάραξος
1717 1767 2006 1846 Χαράξης
2021 1815 2038 1848 ,
2095 1765 2377 1831 Λάπιθος
2427 1765 2722 1845 Λαπίθης.
2812 1766 2870 1830 Ψ
2882 1766 2919 1829 ύ
2932 1787 2970 1830 τ
2983 1805 3007 1815 -

421 1888 457 1931 τ
470 1888 510 1931 α
525 1870 561 1932 λ
577 1887 614 1931 ο
632 1888 662 1933 ς
675 1917 694 1952 ,
750 1866 844 1949 ἀφ
860 1869 875 1892 ’
932 1866 1012 1933 οὗ
1069 1868 1427 1933 Ψυττάλεια
1480 1872 1689 1947 νῆςος.
1775 1868 2177 1949 ςεςημείωται
2233 1869 2308 1932 τὸ
2367 1867 2405 1932 ὀ
2418 1889 2458 1946 μ
2474 1889 2525 1948 φ
2539 1889 2579 1931 α
2594 1871 2630 1932 λ
2648 1868 2684 1932 ό
2702 1888 2732 1933 ς
2790 1869 2891 1933 καὶ
2933 1869 3010 1933 τὸ

423 1970 476 2034 Θ
489 1990 520 2035 ε
536 1992 567 2035 ς
582 1990 612 2035 ς
625 1990 666 2034 α
679 1974 715 2035 λ
729 1970 766 2035 ό
782 1990 813 2036 ς
856 1971 932 2036 τὸ
978 1969 1229 2035 ἑθνικὸν
1275 1969 1644 2051 ὁμοφώνως
1686 1976 1777 2056 τῷ
1823 1969 2074 2055 οἰκιςτῇ.
2583 2045 2596 2062 .
3045 1980 3110 2032 15

590 2071 685 2136 Τὰ
738 2072 827 2138 εἰς
884 2077 1042 2138 αλος
1097 2071 1333 2152 ἔχοντα
1382 2073 1498 2150 τὴν
1561 2073 1775 2152 τρίτην
1848 2073 2346 2152 ςυνεςταλμένην
2409 2075 2701 2153 θηλυκῶν
2761 2073 3006 2152 ἐςτερη-

423 2175 581 2253 μένα
593 2224 612 2257 ,
681 2174 735 2240 εἰ
790 2176 871 2254 μὴ
926 2181 1281 2258 περιεκτικῇ
1338 2174 1598 2259 ςημαςίᾳ
1666 2173 2039 2258 ἐκφέρηται,
2103 2175 2687 2255 προπαροξύνεται,
2759 2176 2803 2240 Κ
2818 2176 2848 2240 έ
2863 2197 2914 2256 φ
2927 2197 2968 2240 α
2982 2214 3006 2225 -

423 2280 460 2341 λ
474 2297 511 2341 ο
525 2298 557 2342 ς
621 2279 830 2357 πατὴρ
893 2277 1160 2356 Πρόνου
1174 2289 1201 2359 ,“
1261 2275 1473 2355 (άμου
1486 2326 1504 2360 ,
1570 2277 1842 2356 Πηλέως
1857 2326 1876 2359 ,
1941 2276 2213 2355 Κρανίου
2226 2327 2242 2360 ,
2300 2276 2396 2358 ἀφ
2412 2279 2426 2300 ²
2485 2277 2579 2342 ὧν
2632 2277 3007 2356 τετράπολις

421 2379 460 2457 ἡ
538 2382 730 2458 νῆςος
801 2379 1204 2460 Κεφαλληνία
1219 2428 1236 2462 ,
1312 2380 1377 2444 Μ
1391 2399 1481 2442 ακ
1495 2399 1531 2458 ρ
1547 2399 1585 2443 ο
1598 2401 1635 2443 κ
1648 2378 1679 2442 έ
1698 2400 1749 2459 φ
1768 2399 1809 2443 α
1821 2381 1858 2442 λ
1872 2398 1910 2442 o
1924 2399 1955 2444 ς
2028 2378 2217 2445 ἔθνος
2281 2380 2447 2458 πρὸς
2510 2382 2648 2444 τοῖς
2724 2379 3007 2458 Κόλχοις.

422 2480 899 2564 ἐγκέφαλος,
944 2481 1228 2546 ςίαλος.
1297 2480 1626 2564 Φίαλος,
1670 2480 1795 2561 ἀφ’
1842 2477 1921 2544 οὗ
1967 2481 2260 2564 Φιάλεια,
2307 2481 2687 2564 δάμαλος,
2738 2480 3004 2547 Ῥόπα-
3040 2494 3109 2545 20

424 2585 459 2646 λ
474 2605 511 2648 o
527 2605 575 2648 ς.
661 2584 726 2648 Π
738 2583 779 2648 ά
793 2604 829 2662 ρ
844 2604 885 2647 α
899 2587 934 2647 λ
951 2603 988 2648 ο
1007 2604 1038 2648 ς
1103 2583 1174 2647 ἐν
1230 2583 1539 2666 Θεςςαλίᾳ
1604 2583 1791 2648 πόλις
1848 2587 1980 2648 τῶν
2037 2582 2363 2662 Μηλιέων·
2430 2583 2737 2662 Πάραλος
2781 2584 2852 2647 δὲ
2907 2584 3011 2648 καὶ

421 2683 460 2748 ὁ
515 2684 789 2764 οἰκήτωρ
844 2685 1176 2763 Παραλίας
1227 2688 1339 2763 τῆς
1392 2685 1685 2762 Ἀττικῆς.
1782 2684 1848 2748 Π
1861 2684 1945 2749 άτ
1958 2704 2000 2748 α
2017 2687 2051 2747 λ
2066 2705 2103 2748 ο
2119 2705 2150 2749 ς
2205 2688 2396 2763 νῆςος
2440 2685 2865 2765 παρακειμένη
2931 2692 3007 2769 τῇ

424 2787 618 2870 Καρίᾳ
629 2836 648 2871 ,
697 2788 743 2851 Κ
755 2787 792 2850 ύ
807 2808 847 2851 α
862 2791 897 2851 λ
912 2807 950 2851 ο
964 2807 995 2851 ς
1039 2787 1226 2851 πόλις
1266 2787 1497 2853 Λυδίας
1551 2790 1861 2875 κτιςθεῑςα
1910 2787 2039 2852 ύπὸ
2089 2787 2339 2852 Κυάλου
2382 2792 2500 2853 τοῦ
2528 2788 2710 2853 Διός.
2802 2789 2846 2853 Κ
2861 2809 2896 2867 ρ
2911 2810 2965 2853 ω
2981 2828 3007 2839 -

423 2889 546 2970 βία
561 2892 597 2953 λ
612 2909 649 2953 ο
665 2910 696 2954 ς
749 2889 1089 2969 πολίχνιον
1145 2891 1310 2968 πρὸς
1366 2896 1442 2975 τῇ
1500 2889 1800 2974 Ποντικῇ.
1877 2889 2312 2956 Ἀπολλώνιος
2372 2891 2652 2975 δευτέρῳ
2711 2892 2804 2973 (ν.
2852 2890 3007 2973 942)

422 3018 449 3049 «
469 2991 836 3072 Κρωβίαλον
871 2991 1180 3072 Κρῶμνάν
1223 3012 1291 3056 τε
1335 2993 1439 3057 καὶ
1484 2992 1761 3070 ὑλήεντα
1807 2991 2109 3070 Κύτωρον
2125 3016 2169 3055 ».
2217 2991 2284 3056 Ἀ
2297 3013 2337 3070 μ
2350 3013 2401 3072 φ
2417 2992 2489 3057 ία
2503 2996 2539 3057 λ
2553 3014 2590 3057 ο
2606 3014 2637 3057 ς
2648 3043 2667 3076 ,
2713 2993 2756 3057 Ε
2769 2992 2808 3055 ὐ
2821 3013 2857 3071 ρ
2872 2994 2910 3057 ύ
2924 3013 2964 3056 α
2978 3016 3004 3041 -·
3041 3008 3108 3056 25

423 3097 592 3177 λος,
647 3093 1095 3176 Ἀςτύαλος,
1151 3093 1490 3178 ὕφαλος,
1546 3092 1941 3172 ἀγχίαλος.
2039 3094 2114 3159 τὸ
2170 3094 2241 3158 δὲ
2299 3095 2586 3159 Ἰταλός
2642 3094 2680 3158 ὁ
2738 3095 3006 3172 οἰκιςτής

419 3197 523 3260 καὶ
575 3197 652 3260 τὸ
712 3196 962 3261 ἐθνικὸν
1028 3196 1320 3263 ὀξύνεται
1385 3197 1488 3261 καὶ
1539 3196 1616 3260 τὸ
1672 3216 1715 3261 α
1728 3195 1800 3272 ἰγ
1816 3217 1835 3260 ι
1851 3217 1892 3261 α
1907 3199 1941 3260 λ
1956 3195 1992 3261 ό
2007 3218 2039 3262 ς
2093 3196 2502 3275 περιεκτικόν.
2603 3195 2728 3262 ἔςτι
2783 3199 2857 3262 δὲ
2905 3199 3008 3262 καὶ

419 3363 768 3430 Πράςτιλλος
806 3367 1037 3433 praebet
1072 3368 1339 3434 Theogn„
1380 3365 1668 3432 Ῥήγιλλος
1706 3383 1773 3418 ex
1810 3367 1891 3419 St.
1926 3368 1990 3420 B.
2027 3369 2144 3431 544,
2185 3370 2263 3421 12.
2311 3366 2664 3431 Ἀρίςτυλλος
2703 3373 2759 3420 et
2795 3369 3006 3434 reliqua

420 3435 762 3486 deminutiva
797 3442 1015 3500 sumpta
1051 3440 1180 3486 sunt
1216 3452 1285 3487 ex
1319 3436 1525 3488 Herod.
1563 3435 1693 3500 περὶ
1728 3437 1933 3486 παθῶν
1967 3435 2003 3500 ἢ
2042 3433 2119 3487 εἰς
2144 3435 2251 3500 τὴν
2280 3434 2667 3487 Ἀπολλωνίου
2693 3434 3006 3501 είςαγωγήν

418 3503 485 3553 Ε.
523 3504 596 3552 Μ.
638 3504 754 3563 142,
788 3503 872 3559 26,
909 3501 1328 3568 Μελάμφυλλος
1366 3521 1433 3555 ex
1471 3506 1549 3555 St.
1588 3506 1668 3565 Β.,
1705 3519 1831 3554 nam
1868 3505 2171 3569 composita
2208 3504 2441 3570 proferri
2477 3516 2586 3555 non
2623 3505 2865 3555 alienum
2903 3512 3005 3568 est,

420 3577 482 3621 ut
518 3571 675 3621 docet
710 3566 1001 3622 ἀνάςιλλος
1038 3579 1094 3621 et
1129 3587 1367 3637 sequens
1389 3572 1723 3635 νεογιλλός,
1745 3571 2021 3635 Ἀβυλλος
2060 3588 2126 3622 ex
2163 3574 2243 3625 St.
2281 3573 2345 3624 Β.
2393 3573 2478 3623 De
2513 3570 2785 3636 ’Κύριλλος
2811 3573 3007 3623 Choer.

419 3638 577 3689 Orth.
624 3639 752 3700 227,
805 3639 893 3687 16:
939 3642 972 3690 ῖ
1011 3636 1089 3690 ὡς
1135 3640 1638 3704 προπαροξύτονον
1683 3638 1788 3703 οὐχ
1825 3637 1903 3691 ὡς
1943 3637 2247 3705 Ἀςτυάγης
2283 3639 2703 3704 παροξυτόνως.
2781 3639 2854 3692 τὰ
2900 3640 3006 3705 γὰρ

420 3722 626 3786 ἔχοντα
662 3721 764 3774 δύο
801 3722 869 3773 λλ
907 3721 984 3775 είς
1019 3723 1086 3775 ὅς’
1122 3721 1283 3788 κύρια
1319 3723 1406 3776 διὰ
1440 3727 1543 3776 τοῦ
1583 3727 1615 3776 ἶ
1652 3722 1931 3789 γράφεται
1955 3725 2046 3775 καί
2072 3724 2571 3789 προπαροξύνεται.
2605 3730 2612 3737 ·
2733 3725 2768 3778 1.
2796 3728 2827 3777 8
2865 3724 3007 3777 Τάν-

418 3793 591 3843 ταλος
628 3791 847 3857 explevi
882 3808 950 3842 ex
987 3792 1070 3844 St.
1108 3793 1189 3854 Β.,
1226 3790 1505 3844 Δαίδαλος
1542 3793 1821 3858 proprium
1858 3809 1926 3843 ex
1963 3792 2154 3844 eodem
2190 3794 2390 3859 recepi.
2462 3793 2671 3856 ἤκαλος
2710 3801 2766 3844 et
2805 3791 3006 3845 πάςςα-

420 3860 518 3911 λος
563 3864 693 3910 sunt
738 3876 804 3910 ex
842 3861 902 3909 E.
940 3859 1012 3908 M.
1048 3862 1140 3921 44,
1178 3862 1281 3911 292⁰
1319 3858 1380 3910 ἐκ
1425 3862 1529 3911 τοθ
1575 3859 1686 3924 ἦκα
1730 3858 1945 3924 γίνεται
1991 3859 2338 3925 παραγωγὸν
2383 3860 2618 3924 ἤκαλος,
2669 3858 2748 3912 ὡς
2795 3861 3004 3924 πέμπω

421 3926 711 3991 πέμπελος
745 3927 837 3978 καὶ
874 3926 996 3990 ἄγω
1042 3926 1244 3990 ἆγελος
1280 3928 1370 3978 καὶ
1415 3926 1666 3990 ἄγγελος.
1738 3928 1829 3979 καὶ
1866 3928 2009 3980 κατὰ
2046 3929 2318 3993 ςυςτολὴν
2361 3927 2569 3981 ἀκαλός
2617 3928 2650 3980 6
2686 3930 2886 3993 ἥςυχος
2926 3928 3004 3981 ὡς

419 3994 638 4047 ἁπαλός
675 3993 887 4059 ὁμαλός
922 3995 1234 4060 χθαμαλὸς,
1272 3994 1544 4047 ὀξύνεται.
1612 3996 1682 4046 τὸ
1729 3996 1790 4048 δὲ
1825 3996 2034 4060 ἤκαλος
2071 3996 2557 4061 προπαροξύνεται
2604 3997 2683 4047 ὡς
2727 3995 3004 4049 πάςςαλος

422 4062 670 4115 Κόκαλος
709 4068 832 4126 (scr.
874 4062 1193 4128 Κώκαλος),
1231 4061 1550 4128 Τάνταλος,
1598 4080 1739 4129 quae
1777 4081 1845 4115 ex
1881 4064 2200 4115 Herodiano
2239 4068 2415 4131 petita
2460 4082 2581 4118 esse
2620 4070 2791 4130 patet.
2863 4064 3004 4117 Μαί-

419 4133 607 4213 ναλος.
642 4160 707 4167 -
760 4130 1052 4183 Ψύτταλος
1104 4136 1234 4183 sunt
1294 4147 1362 4182 ex
1415 4133 1510 4182 Ste
1554 4133 1604 4182 h.
1659 4135 1816 4197 Byz„
1882 4130 2185 4184 Μάνταλος
2248 4135 2448 4183 canoni
2501 4133 2849 4208 Herotiianeo
2911 4134 3004 4184 ad-

418 4207 638 4332 :3232
661 4202 1059 4321 „metm
1095 4198 1492 4332 fffidffiss3211⁷110¹2⁴
1508 4199 1948 4333 ρξ”.ῗέῗξηῖἶέὶξ
1982 4198 2226 4318 ἓέρὲἔέἓξ
2262 4199 3003 4329 ῗῖἑὲήέἓέτῗέἕιίἆτὲξέἒέἰ

418 4338 550 4388 urbs
586 4337 770 4401 potius
806 4335 1111 4389 Μανταλός
1148 4343 1415 4401 oxytonos
1462 4337 1665 4402 scripta
1709 4337 1924 4386 fuisset.
1996 4334 2077 4384 Ad
2112 4334 2390 4386 Θεςςαλός
2436 4352 2502 4386 ex
2539 4337 2619 4386 St.
2659 4340 2723 4390 B.
2769 4338 3003 4404 apposui

416 4404 487 4455 τὸ
524 4402 748 4455 ἐθνικὸν
785 4403 1109 4470 ὁμοφώνως
1146 4406 1218 4455 cf.
1257 4405 1436 4455 Lehrs
1471 4405 1638 4456 Arist.
1674 4406 1772 4455 273
1810 4408 1869 4453 et
1903 4405 2002 4453 276
2038 4403 2124 4453 ed.
2151 4404 2218 4454 11.
2288 4405 2566 4455 Praeterii
2601 4403 2876 4470 Ἄρδαλος
2912 4422 3001 4471 ap.

419 4474 500 4526 St.
538 4472 599 4524 B.
641 4475 755 4536 115,
795 4474 857 4523 16
895 4479 1120 4540 propter
1155 4477 1412 4523 accentus
1435 4471 1889 4531 instabilitatem,
1926 4486 2051 4521 nam
2089 4471 2533 4535 andronymieum
2557 4473 2636 4523 ibi
2672 4490 3001 4540 proparoxy·

419 4546 578 4591 tonos
616 4540 885 4605 prolatum
924 4549 1036 4603 est,
1084 4541 1293 4607 gentile
1334 4538 1627 4604 Ἀρδαλός;
1683 4541 1787 4591 ‘roo
1828 4536 2080 4603 Ἀρδαλίς
2117 4536 2408 4604 ἀρςενικὸν
2447 4538 2713 4603 Ἀρδαλός
2751 4541 2829 4593 ὡς
2865 4540 3001 4594 Θετ-

417 4607 617 4672 ταλός,
656 4608 804 4674 quod
839 4610 1077 4662 fortasse
1114 4616 1320 4661 rectum
1355 4614 1457 4660 est.
1662 4608 1696 4658 l.
1739 4610 1799 4658 17
1841 4606 2097 4673 Κέφαλος
2134 4613 2189 4657 et
2225 4606 2673 4672 Μακροκέφαλος
2711 4627 2776 4660 ex
2815 4613 2897 4661 St.
2934 4613 3000 4662 B.

421 4676 634 4739 addidi,
673 4693 771 4742 pro
807 4674 1007 4730 πίαλος
1053 4679 1243 4743 scripsi
1281 4693 1401 4728 cum
1438 4678 1575 4727 Lob.
1610 4676 1776 4727 Proll.
1816 4679 1913 4727 104
1961 4674 2173 4739 ςίαλος,
2223 4693 2319 4741 pro
2356 4674 2600 4739 Φίγαλος
2645 4694 2764 4727 oum
2810 4680 3001 4729 eodem

421 4741 656 4806 Φίαλος,
704 4745 849 4808 quod
895 4748 1063 4796 etiam
1109 4763 1197 4811 ap.
1245 4745 1323 4796 St.
1363 4748 1423 4798 B.
1463 4748 1588 4808 664,
1629 4747 1688 4795 11
1738 4750 1944 4795 exstat.
2016 4744 2292 4796 Ῥόπαλος
2337 4774 2402 4781 —-
2441 4743 2762 4810 Κρωβίαλος
2807 4747 3003 4797 addita

421 4817 551 4861 sunt
585 4828 653 4861 ex
690 4812 770 4864 St.
806 4814 869 4866 Β.
942 4812 1247 4878 Ἀμφίαλος
1282 4842 1349 4850 -
1385 4812 1649 4878 ἀγχίαλος
1684 4829 1749 4862 ex
1774 4813 1838 4863 ll.
1866 4815 1953 4865 Pr.
1980 4811 2025 4865 O
2053 4815 2170 4876 705,
2211 4812 2417 4866 Ἰταλός
2455 4813 2671 4879 explevi
2707 4831 2775 4865 ex
2812 4815 2890 4865 St.
2915 4817 2999 4878 Β.,

420 4882 553 4929 item
595 4877 860 4942 αἰγιαλός.
941 4882 1233 4932 Caeterum
1291 4898 1470 4933 canon
1528 4899 1587 4934 se
1642 4881 2031 4947 rectexhaben
2085 4897 2214 4933 nam
2264 4898 2592 4949 quamquam
2646 4885 2716 4935 ab
2763 4884 3001 4936 Arcadio
