3664 5546
1549 453 1961 501 PRAEFATIO.
2142 409 2151 424 ⁸
2875 455 3043 504 Lxlx

472 609 836 674 Havniensi
886 608 1048 673 1965
1092 609 1449 695 descripta,
1496 631 1580 673 ex
1625 631 1750 694 quo
1794 631 2003 694 nuper
2045 608 2490 673 Herodianum
2535 611 2680 689 περὶ
2722 612 3044 690 μονήρουε

474 712 704 780 λέξεως
759 709 968 794 edidi,
1036 711 1114 777 O.
1159 711 1246 775 D.
1292 710 1542 777 Blochii
1612 711 1936 774 amicitiae
1994 709 2218 776 debeo.
2318 710 2481 775 Eius
2541 709 2692 775 libri
2748 712 2873 776 duo
2931 712 3042 780 alii

472 821 910 877 memorantur
941 811 1245 895 Codices,
1294 813 1458 877 alter
1488 813 1909 877 Taurinensis
1956 812 2020 897 (I
2061 812 2171 899 25)
2217 813 2394 898 apud
2434 813 2766 877 Pasinium
2810 813 2939 878 vol.
2970 814 3042 878 II

469 938 535 1000 p.
580 914 736 996 375,
783 915 955 1002 quod
1000 924 1306 1001 quattuor
1356 915 1743 1000 paginarum
1797 914 2236 999 fragmentum
2282 925 2406 996 est,
2463 914 2823 980 Vaticanus
2879 915 3042 980 alter

471 1017 727 1103 (1766),
772 1017 840 1081 in
885 1016 1241 1104 Anecdotis
1286 1016 1579 1082 Bekkeri
1623 1015 1750 1082 vol.
1797 1015 1905 1081 III
1948 1039 2011 1102 p.
2063 1015 2245 1080 1352.
2310 1016 2670 1082 Vaticanus
2716 1026 2788 1080 ut
2832 1028 2929 1083 est
2971 1020 3039 1082 in

473 1118 599 1184 fine
641 1117 946 1201 mutilus,
991 1121 1086 1183 ita
1128 1118 1273 1184 aliis
1317 1121 1380 1183 in
1428 1119 1585 1184 locis
1629 1117 2009 1205 locupletior
2054 1116 2415 1183 Havniensi
2461 1141 2601 1183 esse
2645 1119 2924 1200 videtur,
2967 1131 3039 1185 ut
3080 1189 3081 1192 ,

469 1224 536 1286 in
580 1244 705 1307 quo
729 1207 997 1285 'nullum
1040 1223 1323 1308 supersit
1364 1222 1709 1306 vestigium
1740 1219 1865 1286 loci
1909 1243 1950 1284 a
1978 1219 2285 1285 Bekkero
2330 1223 2607 1307 appositi
2628 1271 2645 1303 ,
2693 1223 2755 1288 οἱ
2798 1224 3037 1289 ἰδιῶται

470 1329 580 1403 τῆ(
625 1327 687 1388 ist
726 1325 1082 1405 διφθόγγου
1124 1326 1200 1390 τὸ
1245 1327 1267 1389 i
1309 1324 1452 1389 κατ’
1498 1323 1698 1403 ἰδικὴν
1744 1326 2060 1404 ευλλαβήν
2105 1324 2583 1404 προφερόμενοι
2629 1326 2781 1405 φαεὶ
2826 1330 3036 1406 βαβαῖ·

472 1426 551 1492 οὐ
595 1431 694 1492 δεῖ
737 1428 838 1509 δέ,
883 1425 1049 1492 ἀλλὰ
1094 1427 1478 1508 διευλλάβω(
1524 1426 1704 1507 βαβαί
1747 1426 2151 1505 θαυμάζοντά
2192 1447 2251 1489 τι
2294 1427 2333 1504 ἢ
2379 1425 2766 1492 ἐπαινοῦντα
2810 1428 3034 1505 λέγειν.

635 1528 739 1592 De
806 1529 1281 1614 epitomatoris,
1354 1528 1468 1613 qui
1531 1525 1858 1591 Arcadius
1931 1524 2037 1590 vel
2104 1525 2508 1590 Theodosius
2587 1527 2856 1611 dicitur,
2926 1552 3034 1593 no—

470 1632 641 1695 mine
700 1640 765 1694 et
817 1631 1072 1714 ingenio
1127 1629 1333 1717 deque
1377 1628 1672 1715 partibus
1717 1628 1869 1692 libri
1912 1628 2018 1692 vel
2065 1628 2279 1694 dubiis
2326 1627 2432 1692 v‘el
2488 1630 2922 1715 suppositiciis
2966 1632 3035 1695 in

465 1733 676 1820 capite
721 1732 802 1796 de
845 1730 1134 1797 fontibus
1192 1731 1528 1796 doctrinae
1570 1728 1983 1794 Herodianae
2039 1730 2352 1795 disseram
2406 1732 2650 1814 pariter
2704 1742 2898 1819 atque
2954 1733 3034 1797 de

467 1833 710 1898 Ioanne
755 1831 1203 1898 Alexandrino
1260 1842 1325 1897 et
1368 1832 1696 1918 Stephano
1740 1833 2100 1918 Byzantio,
2158 1833 2270 1918 qui
2324 1835 2552 1897 tertius
2607 1832 2753 1897 fons
2800 1833 3033 1898 Catho-

464 1935 628 2000 licae
672 1935 1045 2021 principalis
1092 1943 1209 2000 est.
1301 1935 1586 1999 Textum
1631 1933 1900 1998 exhibui
1955 1957 2040 1998 ex
2093 1936 2463 1999 recensione
2507 1933 2817 1999 Meinekii
2865 1936 3031 2019 (Ste-

465 2039 663 2122 phabi
703 2037 1008 2122 Byzantii
1039 2035 1461 2102 Ethnicorum
1506 2035 1840 2122 reliquiae.
1899 2044 2110 2099 tomus
2141 2037 2338 2122 prior.
2394 2035 2681 2101 Berolini
2726 2036 3032 2121 impensis

465 2138 550 2205 G.
581 2139 863 2204 Reimeri
912 2138 1138 2224 1849),
1185 2160 1225 2202 a
1268 2160 1397 2225 qua
1440 2161 1567 2202 non
1612 2140 1851 2202 recessi
1895 2140 2021 2202 nisi
2063 2140 2338 2223 receptis
2386 2136 2777 2224 quibusdam
2822 2161 3031 2202 emen-

464 2240 832 2306 dationibus
879 2239 1147 2304 editoris
1192 2238 1567 2322 clarissimi,
1613 2261 1775 2325 quas
1819 2241 2118 2326 quamvis
2149 2241 2406 2324 egregie
2453 2241 2784 2326 scriptoris
2828 2241 3034 2307 verba

462 2343 870 2407 restituentes
913 2343 982 2406 in
1026 2351 1211 2406 textu
1254 2363 1493 2428 ponere
1539 2338 1897 2424 dubitavit,
1959 2352 2025 2405 et
2077 2344 2417 2428 perpaucis
2474 2343 2653 2406 meis,
2743 2341 3030 2422 Quartus

464 2445 605 2509 fons
671 2442 1043 2509 Catholicae
1110 2452 1209 2508 est
1259 2445 1709 2529 Theognostus
1774 2444 1859 2509 ab
1917 2443 1970 2508 I.
2028 2443 2110 2507 A.
2170 2443 2476 2508 Cramero
2541 2445 2611 2508 in
2664 2443 3028 2510 Anecdoto-

462 2568 606 2612 rum
661 2545 1059 2611 Graecorum
1116 2545 1580 2612 Oxoniensium
1636 2544 1766 2610 vol.
1811 2544 1885 2610 II
1929 2545 2199 2632 (Oxonii
2247 2544 2437 2628 1835)
2495 2568 2578 2608 ex
2630 2546 2850 2620 codice
2906 2546 3029 2611 Ba-

460 2649 757 2714 rocciano
811 2648 897 2714 50
961 2649 1192 2713 editus.
1300 2647 1423 2712 His
1488 2646 1777 2712 fontibus
1835 2648 2157 2733 primariis
2202 2646 2542 2717 faccedunt
2596 2645 3029 2713 Choerobosci

460 2750 727 2815 Dictata
770 2759 835 2815 et
863 2750 1280 2837 Epimerismi
1321 2751 1389 2815 in
1420 2747 1710 2814 Psalmos
1758 2748 1934 2814 edita
1978 2748 2184 2815 tribus
2228 2747 2664 2814 voluminibus
2709 2770 2749 2813 a
2779 2749 3031 2814 Thoma

462 2852 834 2919 Gaisfordio
885 2852 1124 2918 Oxonii
1180 2852 1373 2933 1842,
1442 2851 1733 2916 eiusdem
1774 2854 2212 2933 Ὀρθογραφία
2264 2851 2440 2916 edita
2493 2852 2556 2915 in
2608 2851 2855 2916 Anecd.
2901 2852 3026 2917 Ox.

460 2953 531 3019 ΙΙ
584 2953 736 3019 inde
793 2977 833 3019 a
883 2978 947 3041 p.
995 2955 1111 3019 167
1169 2965 1233 3018 et
1287 2954 1798 3038 scriptumuepi
1856 2955 2207 3033 ποεότητοε
2259 2952 2419 3018 ibid.
2477 2951 2628 3017 inde
2682 2975 2722 3016 a
2769 2976 2832 3038 p.
2880 2953 3025 3036 283,

460 3056 791 3122 Eustathii
832 3056 1280 3122 commentarii
1325 3057 1409 3121 ad
1452 3056 1805 3121 Homerum
1863 3066 1927 3120 et
1969 3055 2359 3141 Dionysium
2403 3055 2814 3139 Periegeten,
2874 3056 3027 3140 Epi-

458 3159 745 3223 merismi
788 3159 1120 3223 Homerici
1163 3159 1229 3221 in
1273 3158 1521 3224 Anecd.
1571 3158 1695 3225 Ox.
1746 3157 1848 3240 ΙΙ,
1896 3155 2155 3222 Scholia
2197 3155 2279 3220 ad
2324 3157 2713 3241 Dionysium
2755 3158 2822 3220 in
2854 3156 3024 3221 Bek-

459 3259 604 3324 keri
637 3259 1028 3342 AnecdotiS,
1073 3262 1329 3325 omnino
1376 3261 1593 3325 omnia
1635 3261 1877 3346 scripta
1919 3260 2371 3344 grammatica,
2413 3280 2579 3343 quae
2623 3259 2691 3321 in
2737 3258 3028 3323 Crameri

459 3361 818 3428 Anecdotis
863 3360 1341 3427 Oxoniensibus
1387 3372 1452 3426 et
1494 3362 1970 3426 Parisiensibus
2028 3369 2091 3424 et
2136 3359 2831 3437 Bekkeri„Anecdotis
2878 3381 3025 3424 con-

458 3467 773 3546 tinentur,
831 3461 1286 3550 Etymologica
1339 3464 1650 3550 Magnum
1714 3475 1779 3529 et
1835 3463 2208 3529 Gtsdianum
2266 3462 2444 3546 (nam
2498 3461 2716 3547 Etym.
2765 3460 3025 3526 Orionis

457 3587 782 3653 perpauca
815 3565 908 3630 ,ad
952 3566 1319 3652 prosodiam
1363 3566 1752 3651 pertinentia
1793 3565 2091 3651 praebet)
2110 3612 2128 3645 ,
2176 3562 2433 3629 Scholia
2475 3563 2559 3627 ad
2612 3564 2829 3627 varios
2874 3565 3026 3628 scri-

455 3678 677 3755 ptores
708 3668 1014 3734 Graecos,
1038 3705 1122 3715 —-
1144 3668 1783 3732 Praestantissimum
1813 3676 2031 3731 autem
2061 3665 2421 3730 subsidium
2451 3664 2534 3728 ad
2565 3663 3027 3747 restituendam

457 3768 861 3835 Catholicam
903 3779 1055 3834 sunt
1097 3771 1340 3855 scripta
1367 3768 1727 3833 Herodiani
1769 3770 1994 3852 ipsius.
2057 3768 2227 3830 Nam
2271 3789 2468 3852 quum
2499 3765 2837 3831 Catholica
2877 3789 3024 3831 cum

456 3871 752 3937 omnibus
803 3873 1256 3956 grammatices
1305 3871 1599 3956 partibus
1653 3870 2014 3935 arctissimo
2067 3867 2325 3933 viuculo
2375 3869 2719 3933 cohaereat
2773 3877 2836 3932 et
2879 3889 3026 3932 con-

456 3983 589 4037 stet
616 3972 790 4038 idem
819 3972 991 4060 quod
1021 3974 1089 4037 in
1119 3972 1263 4037 aliis
1297 3974 1587 4058 scriptis,
1631 3974 1828 4037 etiam
1859 3973 1929 4036 in
1959 3969 2291 4035 Catholica
2321 3969 2629 4035 traditum
2669 3991 2843 4051 esse,
2879 3992 3024 4033 con-

456 4077 746 4162 sequitur
788 4073 1054 4139 lacunas
1085 4096 1246 4161 quas
1277 4066 1773 4160 epitomatoru'm
1802 4071 1996 4158 culpa
2025 4071 2360 4137 Catholica
2402 4072 2649 4152 hausit,
2696 4073 3025 4156 aptissime

455 4175 705 4261 expleri
749 4199 936 4261 posse
992 4199 1077 4241 ex
1129 4173 1391 4261 reliquis
1449 4177 1726 4262 scriptis.
1820 4174 2039 4255 Quare
2095 4183 2159 4237 et
2210 4174 2578 4259 fragmenta
2632 4171 3024 4258 reliquorum

456 4280 879 4365 scriptorum,
936 4300 1101 4364 quae
1154 4279 1294 4363 ipse
1353 4275 1616 4362 collegi,
1674 4276 2052 4362 saepissime
2108 4274 2406 4356 adhibui,
2464 4276 2750 4340 maximo
2809 4283 3024 4337 autem

455 4381 604 4445 usui
660 4380 926 4445 fuerunt
980 4380 1222 4466 scripta
1277 4380 1403 4443 tria
1455 4401 1496 4441 a
1537 4377 1808 4442 Lehrsio
1857 4377 2279 4462 (Regimontii
2336 4377 2763 4442 Borussorum
2822 4376 3013 4459 1848)

455 4481 657 4562 edita,
703 4504 820 4567 per
863 4504 1027 4567 quae
1073 4480 1328 4545 demum
1375 4480 1623 4545 aditum
1667 4479 1754 4544 ad
1794 4479 2255 4545 accuratiorem
2298 4479 2745 4544 Herodianeae
2791 4478 3022 4542 doctri-

455 4604 577 4647 nae
619 4585 1050 4668 cognitionem
1092 4581 1488 4668 patefactum
1534 4603 1676 4646 esse
1722 4603 1908 4645 nemo
1953 4580 2358 4645 infitiabitur.

621 4684 742 4748 His
791 4684 1088 4749 omnibus
1133 4684 1425 4749 fontibus
1470 4682 1733 4747 assidua
1761 4682 2038 4748 lectione
2083 4693 2147 4747 et
2177 4682 2473 4768 diligenti
2513 4681 3022 4768 perscrutatione

455 4783 786 4849 exhaustis
828 4796 1097 4851 conatus
1145 4807 1321 4867 sum,
1388 4796 1701 4872 quatenus
1757 4785 1899 4849 fieri
1954 4786 2189 4870 potuit,
2246 4782 2605 4850 Herodiani
2650 4783 3023 4848 Prosodiam

456 4884 853 4951 Catholicam
927 4888 1267 4952 restituere
1332 4897 1526 4973 atque
1604 4908 1987 4973 quamquam
2052 4888 2306 4951 omnino
2380 4884 2856 4975 desperandum
2928 4896 3028 4952 est
