3664 5546
1118 441 1276 513 ΠΕΡΙ
1317 440 1710 506 ΚΑΘΟΛΙΚΗΕ
1745 442 2167 500 ΠΡΟΕΩιΔΙΑΕ
2204 446 2270 499 Δ.
2899 442 2984 510 99

399 615 763 698 βαρύνεται,
808 608 1089 696 Πάρις,
1138 615 1373 694 Βάρις
1416 617 1619 681 πόλις.
1711 616 1956 693 λέγεται
2004 617 2224 698 βάρις
2280 617 2319 696 ἡ
2366 617 2561 701 οἰκία,
2609 616 2711 683 ὡς
2753 617 2980 683 Ποςεί-

397 723 662 817 διππος,
708 712 810 781 καὶ
851 714 889 795 ἡ
937 719 1219 784 ςυνοικία
1263 717 1353 783 ὼς
1397 719 1718 803 ’,Εφορος
1766 720 2026 803 χάρις,
2071 720 2313 800 Φᾶρις
2367 720 2554 786 πόλις
2610 724 2721 799 τῆς
2765 720 2980 785 Λακω-

396 824 585 897 νικῆς.
633 875 643 885 .
688 794 973 899 Ὅμηρος
1020 820 1260 899 «Φᾶρίν
1313 842 1384 886 τε
1429 821 1722 901 Επάρτην
1776 842 1845 886 τε
1890 823 2361 901 πολυτρήρωνά
2415 844 2484 887 τε
2530 822 2821 901 Μέςςην»
2870 820 2979 905 (Il.

399 920 448 985 Β
491 920 660 1007 582).
736 923 934 1006 ἔρις,
980 927 1234 1006 δῆρις,
1280 927 1531 1005 νῆρις,
1575 923 1786 1007 Ἶρις,
1831 926 2035 1011 κῖρις
2080 923 2257 989 εἶδος
2304 924 2572 1008 ὀρνέου,
2617 928 2813 1003 ξῖρις
2858 945 2981 1003 φυ-

394 1026 530 1137 τόν
567 1014 999 1127 ἀρωματικὸν,
1058 1024 1269 1104 (Σῖρις
1324 1027 1511 1091 πόλις
1557 1028 1813 1092 Ιταλίας
1873 1026 2141 1106 πληςίον
2196 1030 2313 1092 τοῦ
2372 1026 2823 1092 Μεταποντίου
2877 1029 2980 1092 καὶ
3007 1036 3040 1083 5

396 1106 712 1206 ποτἀμός·
759 1127 884 1193 ἕςτι
933 1129 1034 1192 καὶ
1080 1128 1246 1207 (ῖρις
1293 1128 1362 1193 ἐν
1406 1129 1700 1213 Παιονίᾳ.
1790 1130 1894 1195 καὶ
1948 1129 1986 1193 6
2035 1130 2264 1194 Νεῖλος
2320 1129 2475 1209 μετὰ
2521 1129 2769 1209 (υήνην
2818 1128 2986 1207 (Σῖρις

287 1242 342 1307 ,“
397 1226 769 1308 ὠνόμαςται.
875 1231 1102 1309 Κύρις
1148 1231 1534 1310 μητρόπολις
1595 1231 1895 1312 Εαβίνων.
1998 1230 2231 1310 Τύρις
2301 1232 2486 1297 πόλις
2543 1233 2645 1296 καὶ
2698 1232 2987 1310 ποταμὸς

396 1331 466 1401 ἐν
509 1331 781 1415 Εὐξείνῳ
825 1332 1063 1417 πόντῳ.
1154 1333 1401 1409 λέγεται
1446 1335 1546 1398 καὶ
1590 1326 1815 1412 Τύρὰς.
1909 1333 2217 1418 Χαῖρις,
2266 1334 2593 1417 Μοῖρις,
2651 1332 2777 1414 ἀφ’
2823 1331 2903 1397 οὗ
2948 1333 2986 1411 ἡ

399 1432 707 1512 Μοίριδος
755 1433 968 1518 λίμνη,
1023 1436 1328 1518 θοῦρις,
1389 1437 1668 1515 Κοῦρις
1725 1436 1762 1501 6
1807 1435 2136 1515 Ῥωμαῖος.
2237 1434 2574 1504 ὀξύνονται
2630 1437 2700 1499 δὲ
2749 1436 2988 1514 Νηρίς

385 1535 590 1603 πόλις
638 1536 983 1615 Μεςςήνης.
1085 1537 1398 1602 Νικόλαος
1457 1537 1772 1623 τετάρτῳ,
1840 1537 2048 1618 Ὑρίς
2117 1538 2292 1617 ἄκρα.
2398 1539 2855 1619 Ἀρτεμίδωρος
2915 1538 2985 1603 ἐν
3026 1543 3091 1594 10

353 1638 718 1729 ἑνδεκάτῳ
767 1638 1407 1723 Γεωγραφουμένων,
1468 1641 1852 1724 μοιρίς,κ
1816 1641 2087 1720 κουρίς
2145 1636 2241 1708 τό’
2277 1640 2614 1720 ἐργαλεῖον
2668 1644 2786 1705 τοῦ
2840 1661 2987 1705 κου-

347 1716 574 1845 ρέως.
697 1744 710 1755 “

521 1818 658 1926 ·Τὰ
702 1860 791 1925 εἰς
834 1881 965 1939 κρις
1012 1860 1195 1940 κύρια
1250 1862 1362 1941 μὲν
1410 1861 1568 1927 ὄντα
1614 1862 1984 1945 βαρύνεται,
2044 1861 2373 1941 Μάκρις·
2432 1861 2639 1928 οὕτως
2699 1862 2987 1928 ἐκαλεῖτο

396 1954 626 2042 Εὔβοια
670 1948 773 2026 καὶ
817 1962 1073 2041 Ἑλλένη
1119 1967 1310 2041 νῆςος
1367 1968 1478 2043 τῆς
1525 1965 1799 2043 Ἀττικῆς
1859 1965 1960 2029 καὶ
2002 1965 2248 2044 Ἴκαρος
2292 1967 2485 2042 νῆςος
2544 1965 2648 2045 μία
2691 1969 2822 2030 τῶν
2873 1965 2987 2029 Κυ-

387 2065 651 2131 κλάδων
698 2066 802 2130 διὰ
845 2065 920 2129 τὸ
966 2068 1178 2144 μῆκος.
1266 2065 1642 2149 Πρόκρις,
1688 2067 1964 2145 ’.Ακρις
2034 2068 2113 2131 τὰ
2157 2068 2228 2132 δὲ
2272 2068 2354 2146 μὴ
2402 2066 2630 2150 οὕτως,
2676 2065 2990 2147 ὀξύνεται,
3031 2071 3092 2121 15

393 2166 647 2249 ἀκρίς,
693 2166 989 2245 Λοκρίς.
1213 2198 1244 2227 0

565 2286 659 2350 T6
704 2286 793 2351 εἰς
837 2290 936 2365 ριῐ
979 2287 1120 2365 μετ’
1164 2287 1514 2366 ἐπιπλοκῆς
1560 2289 1752 2368 μέςου
1796 2289 1835 2365 ἢ
1868 2289 2095 2353 δαςέος
2138 2288 2178 2366 ἢ
2222 2291 2340 2351 τοῦ
2384 2288 2433 2350 π’
2479 2287 2816 2368 βαρύνεται
2865 2291 2901 2353 fi
2949 2288 2988 2366 ἢ

393 2390 427 2450 Y
470 2388 1001 2467 παραληγόμενα·
1058 2388 1113 2452 εἰ
1158 2391 1228 2453 δὲ
1274 2392 1354 2468 μὴ
1402 2389 1630 2472 οὕτως,
1677 2390 1999 2473 ὀξύνεται,
2046 2390 2239 2468 χωρὶς
2285 2388 2340 2454 εἰ
2381 2391 2461 2468 μὴ
2494 2390 2844 2470 ςύμφωνον
2892 2389 2987 2469 εἴη

279 2574 294 2591 .
394 2490 1030 2573 δεδιπλαςιαςμένον,
1077 2489 1331 2573 ὕβρις,
1382 2492 1686 2570 Κύπρις.
1746 2492 2087 2571 Θύμβρις
2119 2491 2408 2570 ποταμὸς
2452 2491 2726 2575 Ῥώμης,
2773 2494 2845 2557 ὃς
2890 2493 2991 2557 καὶ

394 2592 655 2672 Τίβερις.
729 2592 855 2663 ἔςτι
901 2593 1003 2656 καὶ
1048 2593 1325 2673 Θύμβρις
1367 2594 1656 2672 ποταμὸς
1687 2592 2031 2678 Τρῳάδος,
2079 2592 2224 2673 dap*
2252 2592 2332 2658 οὗ
2364 2593 2775 2659 ’Λπόλλωνος
2820 2594 2986 2672 Θυμ-
3024 2602 3093 2651 20

396 2694 620 2776 βραίου
663 2693 872 2776 ἱερόν,
919 2693 989 2758 ἐν
1036 2695 1088 2779 ᾧ
1136 2695 1433 2773 ἐτοξεύθη
1481 2695 1818 2773 Ἀχιλλεύς.
1908 2695 2173 2773 Τίγρις
2230 2695 2534 2775 ποταμός.
2625 2696 2870 2771 λέγεται
2917 2698 2982 2761 δὲ

392 2798 499 2862 καὶ
542 2797 786 2876 Τίγρης.
863 2797 1152 2864 ὀξύνεται
1199 2800 1270 2862 δὲ
1313 2799 1388 2863 τὸ
1434 2797 1711 2878 νεβρίς.
1788 2797 1960 2863 οὕτω
2006 2799 2076 2861 δὲ
2109 2798 2356 2874 λέγεται
2387 2799 2488 2862 καὶ
2518 2797 2763 2876 Ἁλώνη
2796 2800 2987 2874 νῆςος

395 2901 562 2978 πρὸς
607 2906 683 2985 τῇ
733 2899 985 2984 Κυζίκῳ.
1065 2900 1358 2986 ,κεδρίᾳ
1434 2900 1508 2965 τὸ
1556 2901 1626 2964 δὲ
1673 2899 1948 2978 ἄγγρις
1993 2901 2511 2965 δεδιπλαςίαςται.

564 3041 600 3076 κ
650 3017 743 3082 Τὰ
788 3017 877 3082 εἰς
919 3023 1052 3097 τρῖς
1099 3019 1442 3100 διςύλλαβα
1484 3019 1840 3097 παρώνυμα
1885 3018 2172 3086 ὀξύνεται
2232 3017 2376 3085 οἷον
2431 3018 2739 3101 πατρίς,
2794 3019 2872 3082 τὰ
2918 3023 2987 3083 δὲ

395 3122 478 3200 μὴ
527 3119 732 3185 οὕτως
781 3121 1116 3200 βαρύνεται
1164 3119 1309 3185 οἷον
1355 3120 1640 3200 λάτρις.
2296 3165 2305 3174 .
2477 3173 2503 3198 ,
3024 3133 3087 3180 25

569 3237 663 3302 Τὰ
706 3238 795 3303 εἰς
839 3239 934 3317 6ῑὶ
980 3239 1140 3317 ὑπὲρ
1187 3238 1306 3303 δύο
1354 3239 1667 3318 ςυλλαβὰς
1711 3240 2208 3320 παραληγόμενα
2251 3246 2343 3326 τῷ
2388 3243 2430 3303 ἃ
2476 3239 2831 3322 βαρύνεται,
2876 3238 2986 3302 κί-

397 3345 658 3422 θαρις,
705 3340 1061 3425 εὔμαρις,
1108 3339 1435 3421 (Σύβαρις
1492 3341 1679 3406 πόλις
1725 3341 1982 3406 Ἰταλίας
2038 3342 2141 3406 καὶ
2183 3341 2485 3421 ποταμός.
2573 3341 2986 3419 κάππαρις.

396 3443 682 3520 Ἵλαρις
725 3443 912 3507 πόλις
955 3442 1213 3525 Λυκίας,
1262 3441 1612 3521 Μάςαρις
1669 3442 1706 3507 6
1751 3443 2073 3509 Διόνυςος
2128 3443 2302 3522 παρὰ
2351 3442 2608 3526 Καρςίν,
2664 3442 2719 3506 εἰ
2763 3444 2843 3522 μὴ
2891 3442 2988 3522 εἴη

398 3543 490 3609 ὡς
538 3545 984 3623 ὑποκοριςτικὰ
1027 3546 1066 3624 ἢ
1111 3545 1563 3623 πατρωνυμικά
1619 3545 1658 3623 ἢ
1706 3545 1775 3609 ἐν
1819 3552 1896 3631 τῇ
1939 3547 2112 3630 τρίτῃ
2155 3547 2231 3610 τὸ
2274 3549 2307 3609 ἐ’
2353 3545 2618 3624 ἔχοντα·
2675 3546 2819 3609 τότε
2864 3546 2988 3622 γὰρ

394 3646 721 3729 ὀξύνεται,
771 3646 1153 3729 Μεγαρίς,
1201 3648 1615 3730 βλεφαρίς,
1663 3647 1931 3724 θεαρίς
1991 3647 2030 3725 ἡ
2076 3647 2332 3730 θεωρίς,
2379 3647 2606 3725 ἐαρίς.
2698 3649 2987 3725 Γαργα-
3026 3659 3094 3710 :30

395 3749 552 3832 ρίς,
602 3749 961 3832 Γαδαρίς,
1009 3747 1331 3827 Ἰςμαρίς
1379 3749 1578 3828 λίμνη.
1667 3748 2017 3827 Ἡρόδοτος
2061 3749 2111 3815 ζ’
2158 3749 2242 3833 (ο.
2296 3747 2465 3832 199).

397 4070 658 4124 ὀξύνεται
696 4071 840 4137 πρὸς
876 4070 1300 4136 ἀντιδιαςτολήν
1336 4072 1602 4123 Lobeckii
1647 4072 1911 4122 iudicium
1949 4079 2175 4123 secutus
2210 4072 2376 4123 Proll.
2415 4073 2497 4122 66.
2668 4070 2703 4125 l.
2746 4078 2771 4121 1
2809 4070 2987 4137 Πάρις

399 4157 470 4191 ex
507 4142 753 4206 Theogn.
787 4145 881 4204 47,
922 4144 1001 4191 14.
1072 4138 1233 4203 Βάρις
1273 4139 1355 4189 St.
1393 4142 1455 4190 B.
1595 4140 1631 4195 1.
1669 4144 1700 4190 2
1737 4139 1910 4204 Φᾶρις
1948 4141 2030 4192 St.
2068 4140 2157 4203 Β.,
2195 4140 2230 4193 l.
2267 4144 2301 4190 4
2338 4139 2450 4204 ἔρις
2486 4140 2732 4204 Theogn.
2770 4143 2866 4199 47,
2908 4144 2987 4194 15.

397 4211 556 4273 νῆρις
596 4226 662 4258 ox
701 4209 931 4260 Nicand.
961 4209 1124 4261 Ther.
1155 4212 1251 4259 531
1291 4216 1516 4273 proptor
1550 4214 1829 4273 oxytonon
1869 4206 2038 4271 Νηρίς
2076 4224 2146 4274 ap
2151 4208 2282 4259 ..St
2308 4211 2391 4269 Β.,
2427 4208 2462 4257 l.
2490 4210 2521 4257 8
2560 4206 2758 4272 Μοῖρις
2799 4211 2880 4258 St.
2909 4211 2986 4272 Β.,

397 4275 500 4341 Ὑρ
502 4276 549 4329 ic
588 4279 670 4328 St.
703 4279 786 4340 Β,
823 4278 860 4330 l.
902 4281 959 4327 11
1001 4274 1176 4340 μοιρίς
1217 4286 1439 4341 propter
1470 4278 1795 4340 barytonum
1837 4274 2033 4339 Μοῖρις
2073 4292 2139 4325 ex
2176 4275 2411 4326 Nicand.
2448 4276 2697 4340 Alexiph.
2738 4279 2854 4325 329.

397 4344 432 4394 l.
461 4349 525 4396 13
561 4343 779 4409 Μάκρις
817 4346 1034 4411 explevi
1073 4361 1140 4396 ex
1169 4347 1248 4395 st.
1275 4346 1338 4394 B.
1364 4371 1432 4380 -
1468 4344 1535 4394 de
1572 4343 1727 4408 ἄκρις
1763 4341 1919 4408 ἀκρίς
1957 4346 2019 4392 Ε.
2043 4345 2116 4393 M.
2155 4347 2238 4407 52,
2275 4347 2340 4394 33
2376 4341 2531 4407 ἄκρις
2569 4343 2882 4407 βαρύτονον
2919 4343 2989 4395 τὸ

396 4409 772 4478 ἀκρωτήριον.
821 4411 1040 4478 εἴρηται
1078 4411 1439 4477 παρωνύμως
1477 4411 1628 4476 παρὰ
1665 4411 1733 4463 τὸ
1772 4410 1916 4475 ἄκρα
1950 4409 2105 4475 ἄκρις
2141 4409 2219 4462 ὡς
2256 4409 2398 4475 χαρά
2435 4410 2603 4477 χάρις.
2675 4409 2829 4475 ἀκρίς
2867 4411 2989 4463 ὀξυ-

397 4479 586 4532 τόνως
621 4480 692 4531 τὸ
728 4483 891 4533 Ζῶον.
963 4483 1066 4546 Ep.
1101 4483 1261 4531 Hom.
1298 4484 1382 4543 47,
1421 4484 1481 4530 31
1522 4479 1710 4544 Ακρις
1748 4479 1891 4543 πρός
1928 4478 2355 4543 ἀντιδιαςτολὴν
2388 4481 2493 4530 τοῦ
2532 4481 2697 4545 ζῴου.
2852 4481 2887 4530 l.
2927 4483 2989 4530 17

398 4551 433 4597 ῦ
481 4548 517 4611 ἢ
563 4565 577 4599 ι
623 4521 1066 4614 παραληγόμενα
1113 4549 1330 4610 addidi,
1378 4565 1502 4598 nam
1552 4548 1698 4613 quod
1745 4548 2085 4599 Schmidtius
2130 4549 2384 4613 proponit
2430 4547 2753 4612 βαρύνεται,
2810 4545 2860 4598 εί
2915 4548 2988 4613 μὴ

399 4616 543 4680 παρ’
578 4617 760 4679 ὄνομα
798 4617 883 4682 εἴη
921 4634 1030 4668 non
1068 4625 1256 4683 aptum
1292 4623 1394 4676 est,
1437 4631 1598 4681 quum
1638 4614 1843 4679 Κύπρις
1880 4631 2234 4681 paronymum
2271 4618 2344 4666 sit
2382 4624 2438 4667 et
2474 4622 2746 4682 gravetur.
2853 4615 2992 4667 l.19

400 4683 642 4750 Θύμβρις
681 4683 866 4749 Τίγρις
904 4685 1097 4736 addidi
1133 4701 1196 4735 ox
1233 4685 1311 4737 St.
1353 4687 1414 4734 Β.
1489 4681 1684 4747 Νεβρίς
1719 4687 1998 4749 proprium
2035 4701 2102 4736 ex
2139 4685 2347 4735 eodem.
2490 4685 2525 4734 l.
2551 4687 2618 4734 24
2652 4684 2794 4733 hunc
2829 4700 2990 4735 cano·

402 4768 528 4802 nem
563 4756 842 4818 composui
877 4759 1100 4821 propter
1134 4751 1323 4817 λάτρις
1360 4751 1547 4801 Dichr.
1584 4754 1682 4801 299
1720 4757 1774 4801 et
1812 4750 2030 4817 πατρίς.
2229 4754 2262 4802 1.
2301 4756 2364 4803 27
2404 4750 2635 4816 Εὑβαρις
2673 4751 2887 4816 explevi
2923 4767 2989 4801 ex

404 4821 484 4869 St.
523 4823 608 4884 B.,
645 4821 846 4885 Ἵλαρις
883 4822 1071 4872 addidi
1109 4839 1176 4872 ex
1215 4821 1431 4883 eodem,
1479 4821 1574 4870 ubi
1619 4819 1841 4870 additur
1877 4819 1956 4872 ὡς
1992 4818 2365 4884 Πολύχαρμος
2401 4819 2464 4871 ἑν
2503 4820 2820 4881 Λυκιακοῖς,
2858 4821 2992 4870 item

404 4885 650 4953 Μάεαρις
688 4906 756 4940 ex
793 4893 995 4955 p.436,
1036 4893 1113 4939 11.
1153 4918 1214 4928 -
1263 4891 1401 4942 1.30
1437 4905 1532 4953 pro
1577 4885 1778 4951 θεωρίς
1822 4890 2022 4954 scripsi
2060 4889 2319 4939 Doricam
2366 4889 2593 4938 formam
2638 4884 2823 4950 θεαρίς
2869 4903 2991 4938 eum

402 4955 896 5022 interpretamento
932 4957 967 5021 ἡ
1007 4956 1223 5022 Θεωρίς.
1260 4986 1325 4993 -
1366 4953 1630 5021 Γαργαρίς
1665 4971 1839 5022 usque
1877 4958 1947 5008 ad
1983 4957 2143 5008 finem
2181 4963 2309 5007 sunt
2345 4973 2410 5008 ex
2450 4959 2532 5008 St.
2566 4957 2629 5007 Β.

2487 5040 2584 5105 7*
