3664 5546
595 380 912 428 CLXXVIII
1681 379 2099 427 PRAEFATIO.

599 534 794 597 diano
839 531 1076 596 lectum
1119 554 1294 613 esse,
1342 530 1791 613 Hellanicum,
1826 531 2196 617 Ephorum,
2244 531 2771 617 Theopompum,
2818 528 3186 606 Philistum,

597 636 874 718 Istrum,
923 628 1302 720 Polybium,
1350 633 1509 699 alios
1557 656 1700 698 esse
1745 631 2095 718 neglectos
2189 634 2404 719 Atque
2449 634 2530 696 de
2575 631 2870 718 plurimis
2922 632 3189 718 probari

595 746 810 823 potest
840 760 922 801 ex
953 737 1226 818 ratione,
1259 758 1388 823 qua
1419 757 1638 799 eorum
1685 736 2055 799 testimonia
2086 734 2525 819 proferuntur,
2558 757 2641 798 ex
2672 735 2891 814 rebuS,
2923 743 3190 819 propter

596 861 757 924 quas
791 838 1109 920 citantur,
1157 860 1265 901 eos
1313 860 1352 900 a
1384 837 1714 923 Stephano
1746 847 2010 901 auctore
2057 835 2436 900 Herodiano
2472 831 2775 900 laudatos
2808 857 2970 915 esse,
3010 834 3189 897 velut

599 939 1062 1026 Theopompus
1120 940 1236 1021 88,
1295 940 1334 1000 8
1391 940 1728 1019 Ἀμύργιον
1795 941 2021 1004 πεδίον
2091 939 2345 1022 (ακῶν,
2413 938 2778 1003 Ἑλλάνικος
2844 938 3187 1017 (κυθικοῑς,

598 1042 758 1122 551,
811 1042 890 1104 19
936 1041 1182 1121 (ἀλμος
1227 1043 1412 1106 πόλις
1460 1043 1793 1124 Βοιωτίας,
1844 1043 1933 1106 ὡς
1977 1041 2342 1106 Ἑλλάνικος
2387 1041 2457 1105 ἐν
2505 1041 2785 1124 δευτέρῳ
2815 1041 3186 1103 Δευκαλιω-

597 1145 796 1219 νείας;
843 1143 949 1223 32,
996 1143 1036 1204 3
1081 1144 1400 1210 Ἀζειῶται
1446 1143 1635 1208 ἔθνος
1680 1148 1789 1222 τῆς
1820 1143 2160 1232 Τρωάδος,
2210 1144 2299 1207 ὼς
2339 1142 2701 1206 Ἑλλάνικος
2748 1142 2818 1205 ἐν
2863 1144 2999 1204 τοῖς
3045 1140 3189 1217 περὶ

594 1246 825 1311 Λυδίας
895 1246 1095 1327 λέγει,
1162 1243 1466 1329 Ephorus
1533 1267 1596 1330 p.
1653 1244 1768 1323 63,
1829 1243 1870 1304 8
1935 1244 2198 1328 propter
2261 1240 2598 1327 gentilicia
2652 1242 3055 1322 Ἀκραίφνιος
3125 1250 3190 1302 et

597 1348 1095 1428 Ἀκραιφνιώτης
1141 1346 1459 1426 citantur,
1508 1346 1625 1409 sed
1668 1344 1939 1427 longum
1994 1355 2059 1409 et
2101 1344 2451 1409 molestum
2507 1353 2608 1408 est
2664 1344 2883 1407 omnia
2926 1363 3187 1427 compa-

595 1470 774 1529 rare3
833 1469 961 1510 uno
1019 1447 1220 1512 verbo
1279 1448 1532 1530 attingo
1590 1468 1675 1510 ex
1721 1444 2040 1530 Stephani
2094 1445 2287 1526 lociS,
2348 1445 2462 1509 ubi
2518 1446 2799 1530 scriptor
2857 1443 3021 1506 alias
3081 1464 3186 1527 ap.

597 1548 1043 1612 Herodianum
1111 1570 1237 1611 non
1308 1549 1543 1613 obvius
1610 1547 1974 1632 profertur,
2043 1544 2323 1611 aliorum
2391 1548 2895 1632 epitomatorum
2952 1541 3190 1606 menda

597 1648 738 1714 tolli
783 1672 975 1735 posse
1021 1671 1076 1714 e.
1122 1672 1187 1733 g.
1234 1649 1474 1713 Arcad.
1522 1649 1632 1729 63,
1685 1650 1761 1712 18
1807 1649 2022 1727 Φῆνος
2068 1648 2105 1712 ὁ
2148 1649 2351 1713 τόπος
2406 1671 2490 1713 ex
2547 1649 2641 1713 St.
2690 1647 2766 1709 B.
2813 1648 3022 1725 Λῆνος
3066 1666 3187 1723 χω-

598 1752 739 1831 ρίον
783 1758 913 1817 τῶν
958 1752 1270 1817 Πιςατῶν.
1359 1752 1397 1816 ὁ
1442 1753 1706 1830 πολίτης
1749 1752 2029 1829 Ληναῖος
2076 1753 2165 1816 ὡς
2208 1752 2477 1827 Φλέγων
2523 1751 2621 1829 μη’
2670 1748 3046 1828 Ὀλυμπιάδι
3093 1745 3188 1808 sic

597 1851 1074 1917 emendandum
1138 1874 1282 1916 esse
1347 1854 1595 1937 Φῆνος,
1672 1855 1880 1931 Λῆνος
1947 1852 1984 1916 ὁ
2049 1855 2251 1918 τόπος
2327 1862 2392 1916 et
2456 1873 2688 1915 moneo
2758 1847 3186 1934 Stephanum,

595 1976 987 2040 quamquam
1030 1956 1281 2039 ingenti
1328 1976 1595 2018 numero
1641 1953 1925 2018 indicem
1985 1963 2323 2019 auctorum
2378 1952 2463 2017 ab
2507 1949 2886 2016 Herodiano
2932 1947 3182 2014 adhibi-

598 2067 812 2120 torum
857 2056 1079 2138 auxit,
1136 2054 1376 2120 multos
1435 2066 1653 2120 tamen
1710 2054 2039 2134 omisisse,
2100 2077 2260 2140 quos
2317 2052 2580 2117 aliunde
2633 2050 3058 2137 cognovimus
3105 2050 3188 2113 ab

597 2155 976 2222 Herodiano
1044 2156 1379 2243 appositos
1446 2156 1685 2238 fuisse,
1754 2179 1810 2220 e.
1858 2178 1923 2239 g.
1992 2156 2236 2219 nomini
2302 2158 2564 2236 Ἅδρυξ,
2631 2156 2739 2218 cui
2806 2176 2890 2217 ex
2955 2153 3188 2216 Choer.

597 2258 776 2323 Dict.
823 2260 936 2340 81,
982 2259 1063 2323 27
1111 2257 1398 2344 Philippi
1443 2256 1735 2321 historici
1782 2257 2239 2321 auctoritatem
2294 2256 2618 2321 adiectam
2674 2255 2879 2319 fuisse
2926 2254 3188 2334 scimuS,

597 2360 765 2425 hanc
811 2360 1119 2425 detraxit.

767 2461 898 2526 Sed
944 2461 1024 2525 de
1069 2459 1394 2527 nonnullis
1440 2462 1868 2547 scriptoribus
1901 2484 2062 2549 quos
2106 2483 2264 2524 num
2293 2460 2709 2525 Herodianus
2739 2461 3001 2525 omnino
3032 2460 3187 2522 cita-

596 2566 768 2629 verit
811 2563 1083 2629 dubium
1129 2585 1275 2627 esse
1319 2573 1565 2649 potest,
1611 2586 1821 2651 pauca
1866 2563 2144 2627 dicenda
2188 2562 2347 2626 mihi
2390 2586 2533 2627 esse
2576 2561 2791 2627 vide0.
2878 2560 3188 2626 Lehrsius

598 2667 850 2730 monuit
891 2687 993 2728 me
1041 2665 1126 2729 ab
1172 2666 1659 2752 ‚antiquioribus
1718 2665 2164 2749 grammaticis
2220 2687 2429 2750 neque
2486 2662 2849 2729 Diodorum
2895 2661 3184 2728 Siculum

597 2790 805 2854 neque
848 2766 1334 2853 Dionysium
1387 2766 2159 2833 Halicarnasensem
2216 2790 2426 2854 neque
2472 2765 2861 2831 Strabonem
2907 2762 3186 2845 laudari,

598 2892 799 2956 quare
854 2868 1013 2932 mihi
1068 2869 1491 2952 cogitandum
1547 2871 1840 2957 reliquit,
1897 2892 2050 2934 num
2107 2869 2191 2933 ab
2247 2867 2624 2933 Herodiano
2681 2867 2864 2932 citati
2920 2867 3185 2930 fuerint.

593 2970 955 3035 Diodorum
1010 2991 1139 3035 non
1195 2993 1441 3054 moror,
1511 2973 1752 3058 quippe
1819 2973 1932 3057 qui
1992 2970 2170 3057 apud
2214 2969 2615 3056 Stephanum
2676 2991 2807 3033 non
2865 2980 3184 3048 occurrat,

595 3073 989 3158 Dionysium
1034 3095 1151 3137 cur
1194 3074 1280 3137 ab
1311 3072 1692 3137 Herodiano
1738 3072 2103 3138 adhibitum
2149 3064 2290 3135 esse
2333 3073 2735 3152 existimem,
2784 3093 2983 3157 supra
3027 3072 3185 3141 dixi.

596 3183 801 3237 restat
846 3173 1155 3239 Strabo,
1246 3173 1374 3237 Sed
1420 3177 1590 3239 hunc
1636 3176 1836 3237 etiam
1881 3170 2257 3260 Pamphilus
2313 3173 2382 3235 in
2427 3173 2869 3236 testimonium
2913 3194 3186 3237 vocasse

599 3275 891 3355 videtur,
935 3297 1087 3339 nam
1133 3297 1237 3360 ap.
1287 3274 1529 3338 Athen.
1562 3274 1668 3338 III
1720 3275 1872 3356 121,
1919 3297 2119 3361 quum
2165 3275 2386 3338 statim
2430 3283 2581 3359 post
2625 3272 2968 3339 Strabonis
3012 3296 3185 3336 men·

598 3377 835 3439 tionem
882 3374 1123 3439 diserte
1154 3374 1534 3460 Pamphilus
1580 3378 1650 3442 ἑν
1694 3381 1834 3442 τοῖς
1878 3379 2024 3457 περὶ
2068 3376 2408 3456 ὀνομάτων
2453 3376 2719 3456 citetur,
2767 3379 2964 3440 etiam
3009 3375 3184 3439 Stra-

597 3476 832 3540 bonem
899 3499 938 3539 a
1003 3475 1346 3562 Pamphilo
1410 3475 1665 3541 laudari
1731 3479 2233 3563 epitomatorum
2304 3475 2706 3541 consuetudo
2772 3475 3184 3541 exscribendi

600 3576 851 3661 probat.
943 3576 1074 3641 Sed
1120 3601 1204 3651 ex
1245 3579 1388 3664 ipso
1434 3577 1765 3663 Stephano
1811 3579 2170 3643 coniectari
2231 3576 2382 3642 licet
2435 3579 2520 3643 ab
2565 3578 2944 3643 Herodiano
2999 3599 3184 3641 usur-

597 3689 821 3763 patum
865 3700 1010 3742 esse
1053 3678 1464 3745 Strabonem.
1555 3681 1724 3743 Nam
1767 3703 1821 3743 s.
1874 3682 2085 3759 Μηδία
2138 3679 2413 3763 legimus
2471 3681 2508 3744 ὁ
2556 3682 2836 3759 Μηδικὸς
2895 3680 3090 3761 ὀπός,
3146 3685 3185 3759 ἡ

603 3782 852 3860 Μηδικὴ
900 3783 1154 3861 βοτάνη.
1217 3782 1516 3863 (τράβων
1564 3810 1676 3839 «—-
1720 3784 1824 3847 καὶ
1865 3784 2100 3847 πάλιν»
2147 3784 2249 3846 καὶ
2294 3784 2409 3860 τὴν
2444 3782 2720 3861 βοτάνην
2763 3783 2880 3860 τὴν
2926 3783 3188 3860 μάλιςτα

600 3884 960 3963 τρέφουςαν
1004 3885 1159 3948 τοὺς
1199 3884 1472 3967 ἵππους,
1518 3886 1597 3962 ἣν
1644 3885 1907 3962 μηδίκην
1952 3887 2333 3962 καλοῦμεν».
2392 3883 2595 3968 Atqui
2641 3904 2744 3968 ap.
2779 3882 3021 3946 Arcad.
3067 3883 3183 3945 107

599 3985 769 4047 inter
823 3982 1361 4071 hyperdisyllaba
1417 3985 1485 4046 in
1532 3989 1628 4062 iffi
1685 3984 1965 4048 relatum
2017 3985 2383 4048 invenimus
2438 3985 2692 4065 μηδίκη,
2751 3984 2836 4046 ad
2892 3984 3063 4069 quod
3118 3985 3185 4047 in
3270 4021 3280 4030 ·

600 4085 897 4168 originali
952 4084 1329 4150 Catholicae
1394 4107 1588 4171 opere
1646 4085 1989 4151 Strabonis
2056 4085 2271 4149 locum
2338 4084 2677 4149 testandae
2744 4086 2924 4149 vocis
2986 4107 3187 4148 causa

599 4186 926 4251 adiectum
972 4210 1118 4251 esse
1162 4187 1468 4251 arbitror.
1555 4187 1759 4253 Porro
1805 4189 1950 4274 quis
1996 4209 2129 4253 non
2183 4186 2572 4250 affinitatem
2618 4187 2942 4272 quandam
2986 4186 3184 4251 adno-

599 4290 868 4352 tamenti
913 4288 1316 4355 Herodianei
1361 4289 1444 4353 E.
1488 4289 1577 4353 M.
1626 4290 1770 4369 659,
1815 4290 1900 4353 48
1944 4291 2474 4368 Πελοπόννηςος;
2535 4289 2796 4354 δύναται
2843 4290 2945 4352 καὶ
2987 4292 3183 4353 τοῦτο

599 4395 981 4475 πλεοναςμῷ
1046 4391 1217 4469 ἔχειν
1284 4393 1361 4455 τὸ
1416 4394 1469 4455 ν.
1570 4393 1744 4472 παρὰ
1799 4394 1924 4471 γὰρ
1981 4392 2098 4469 τὴν
2152 4391 2460 4455 Πέλοπος
2516 4392 2791 4468 γενικήν.
2883 4391 3185 4454 ὡςαύτως

599 4493 702 4556 καὶ
742 4494 818 4556 τὸ
862 4493 1318 4570 Προκόννηςος
1363 4492 1495 4558 ἀπὸ
1539 4497 1650 4572 τῆς
1692 4493 2126 4571 Προκόνηςος.
2214 4493 2359 4570 περὶ
2402 4497 2627 4557 παθῶν
2672 4513 2819 4556 eum
2862 4490 3184 4555 Strabone

598 4593 776 4656 XIII
829 4617 894 4679 p.
940 4592 1066 4656 618
1120 4597 1464 4658 καλοῦνται
1523 4595 1589 4658 δ’
1634 4594 2075 4673 Ἑκατόννηςοι
2131 4594 2476 4677 ςυνθέτως,
2536 4594 2627 4658 ὡς
2681 4593 3183 4671 Πελοπόννηςος

599 4696 758 4759 κατὰ
813 4694 962 4759 ἔθος
1014 4717 1074 4759 τι
1131 4700 1247 4760 τοῦ
1306 4699 1343 4759 V
1398 4696 1766 4774 γράμματος
1826 4697 2303 4763 πλεονάζοντος
2367 4695 2437 4757 ἐν
2492 4697 2630 4759 τοῖς
2685 4696 3035 4777 τοιούτοις,
3094 4695 3184 4758 ὡς

603 4796 978 4876 Μυόννηςος
1033 4800 1134 4862 καὶ
1176 4798 1633 4876 Προκόννηςος
1690 4798 1940 4873 λέγεται
1997 4797 2099 4860 καὶ
2143 4795 2523 4874 Ἁλόννηςος
2578 4796 2936 4879 agnoscat?
3025 4794 3181 4857 For-
