3664 5546
1359 1457 1453 1521 ΕΚ
1496 1456 1655 1520 ΤΩΝ
1707 1453 2177 1520 ΗΡΩΔΙΑΝΟΥ

1227 1626 1457 1702 περὶ
1529 1597 2325 1701 ἐγκλινομένων.

647 1843 1130 1922 Ἐγκλινόμενόν
1174 1844 1297 1908 ἐςτι
1336 1845 1563 1923 μόριον
1596 1843 1756 1910 λέξις
1785 1844 1946 1910 κατὰ
1988 1844 2064 1908 τὸ
2094 1844 2281 1908 τέλος
2313 1843 2700 1927 όξυνομένη,
2746 1846 3065 1924 τρέπουςα

479 1950 550 2012 δὲ
594 1947 682 2011 εἰς
728 1949 990 2027 βαρεῖαν
1027 1945 1191 2012 κατὰ
1232 1946 1349 2023 τὴν
1392 1949 1510 2010 τοῦ
1555 1944 1755 2019 λόγου
1800 1944 2121 2027 ςὺνταξιν,
2177 1944 2460 2023 καθάπερ
2504 1945 2635 2023 ἔχει
2683 1947 2777 2010 «εἰ
2819 1949 2901 2026 μὴ
2947 1969 3059 2026 μη-

475 2049 657 2128 τρυιὴ
700 2048 1083 2126 περικαλλὴς
1112 2045 1467 2126 Ἠερίβοια»
1512 2045 1586 2127 (Ε
1611 2043 1781 2126 389).
1847 2045 2229 2120 Ἐγκλιτικὸν
2275 2046 2346 2110 δέ
2391 2046 2515 2110 ἐςτι
2557 2046 2815 2129 μόριον,
2860 2049 2899 2112 ὃ
2943 2051 3060 2128 τὴν
3089 2052 3121 2102 5

477 2149 641 2215 ἰδίαν
697 2148 912 2215 ὀξεῖαν
978 2147 1259 2226 κοιμίζον
1312 2149 1429 2225 τὴν
1485 2147 1908 2226 προκειμένην
1966 2150 2226 2227 βαρεῖαν
2281 2147 2369 2211 εἰς
2424 2145 2639 2214 ὀξεῖαν
2691 2149 3060 2227 μεθίςτηςιν,

476 2253 531 2332 ᾧ
587 2252 626 2329 ἢ
682 2249 945 2328 δυνάμει
999 2248 1040 2327 ἢ
1093 2248 1278 2326 φὺςει
1339 2248 1526 2326 ἑτέρα
1592 2251 1814 2327 βαρεῖα
1868 2246 2261 2329 ὑπέρκειται,
2323 2247 2587 2326 δυνάμει
2648 2250 2763 2327 μὲν
2832 2251 2924 2314 ὡς
2984 2252 3059 2315 τὸ

478 2351 783 2430 «δώματά
831 2370 1013 2431 μοι»,
1069 2349 1255 2427 φὺςει
1310 2351 1382 2413 δὲ
1436 2348 1720 2425 καθάπερ
1766 2348 2192 2425 «Ἀρκεςίλαός
2243 2368 2313 2413 τε
2328 2371 2372 2410 ».
2463 2347 2941 2424 (υνεγκλιτικὸν
2987 2352 3059 2415 δέ

474 2455 599 2518 ἐςτι
644 2453 927 2517 ςὺνταξις
974 2453 1160 2514 δυοῖν
1203 2451 1242 2528 ἢ
1298 2449 1620 2513 πλειόνων
1675 2448 1919 2526 μορίων
1973 2448 2339 2523 ἐγκλιτικῶν
2395 2448 2779 2527 ἐπαλλήλων
2832 2450 3057 2518 ὀξυνο-

474 2554 718 2634 μένων,
767 2551 856 2615 ὡς
900 2551 1031 2630 ἔχει
1074 2553 1154 2615 τὰ
1195 2554 1461 2615 τοιαῦτα
1506 2549 1583 2628 «ἤ
1629 2549 1707 2613 νύ
1755 2548 1820 2613 ςέ
1865 2569 1997 2613 που
2041 2550 2191 2613 δέος
2230 2548 2429 2628 ἴςχει»
2482 2550 2555 2631 (Ε
2598 2549 2767 2632 812).
2856 2552 2895 2616 ὁ
2939 2554 3058 2631 μὲν
3098 2556 3162 2607 10

473 2656 596 2733 γὰρ
640 2654 680 2731 ἤ
725 2653 1012 2719 ὀξύνεται
1058 2653 1162 2716 διὰ
1204 2652 1281 2716 τὸ
1314 2652 1393 2716 νύ
1424 2650 1804 2732 ἐγκλιτικόν,
1848 2651 1924 2715 τὸ
1969 2651 2042 2716 δὲ
2085 2651 2164 2715 νύ
2196 2651 2300 2714 διὰ
2343 2652 2461 2729 τὴν
2491 2650 2895 2731 ἀντωνυμίαν
2940 2655 3057 2731 τὴν

476 2755 571 2835 ςὲ,
637 2755 676 2833 ἡ
734 2756 805 2820 δὲ
861 2753 925 2820 ςέ
980 2752 1350 2833 ἀντωνυμία
1410 2754 1515 2818 διὰ
1577 2754 1694 2818 τὸν
1759 2757 1890 2817 ποῦ
1955 2754 2623 2832 παραπληρωματικὸν
2691 2753 3054 2834 ςὺνδεςμον.

476 2854 713 2934 εἴρηται
759 2857 829 2920 δὲ
875 2855 1340 2930 ςυνεγκλιτικὸν
1396 2856 1499 2919 διὰ
1553 2854 1628 2918 τὸ
1674 2855 1786 2919 ςὺν
1845 2854 2171 2937 ἐγκλιτικῷ
2215 2856 2882 2945 παραλαμβανόμενον
2929 2861 3053 2922 διε-

472 2957 706 3035 γείρειν
749 2958 866 3034 τὴν
911 2955 1366 3035 ὑπερκειμένην
1412 2957 1483 3020 ἐν
1526 2962 1619 3038 τῷ
1661 2955 1828 3020 τέλει
1874 2958 1985 3033 τῆς
2029 2956 2261 3022 λέξεως
2303 2955 2534 3021 ὀξεῖαν.

607 3247 652 3295 E
691 3245 992 3308 scriptione
1029 3244 1230 3308 viginti
1266 3243 1422 3293 libris
1459 3242 1782 3292 Catholicae
1820 3242 2072 3294 subiecta
2108 3242 2330 3306 (Arcad.
2370 3260 2421 3309 p.
2447 3244 2501 3307 5)
2541 3245 2683 3294 duae
2720 3245 2866 3309 apud
2890 3244 3058 3295 Arca-

475 3314 621 3363 dium
659 3312 727 3361 de
764 3311 959 3361 enclisi
993 3311 1270 3376 epitomae
1305 3311 1654 3375 reperiuntur
1694 3311 1754 3359 in
1787 3309 2029 3361 alienum
2063 3311 2240 3361 locum
2283 3311 2354 3361 ad
2390 3311 2510 3361 libr.
2548 3313 2649 3362 XV
2695 3327 2829 3362 casu
2870 3313 3057 3379 aliquo
3122 3326 3129 3331 ’

477 3380 725 3442 delatae,
760 3395 871 3429 una
905 3380 1128 3430 brevior
1163 3394 1216 3443 p.
1261 3380 1373 3440 139,
1415 3380 1655 3439 1—141,
1696 3379 1758 3427 19
1796 3378 1926 3441 περὶ
1960 3380 2084 3429 τῶν
2128 3376 2544 3440 ἐγκλινομένων
2582 3377 2824 3444 μορίων,
2872 3380 3055 3431 altera

397 3448 402 3451 Ἴ
475 3447 704 3512 amplior
739 3463 788 3511 p.
815 3448 928 3509 141,
964 3448 1215 3505 20-148,
1252 3448 1285 3496 9
1320 3444 1403 3496 ἔτι
1439 3445 1566 3507 περὶ
1600 3445 1724 3495 τῶν
1759 3442 2190 3508 ἐγκλινομένων.
2236 3448 2539 3496 Praeterea
2564 3449 2621 3496 in
2648 3447 2822 3497 Bekk.
2850 3448 3056 3498 Anecd.

477 3531 526 3579 p.
555 3515 907 3565 1142—1148
941 3517 1127 3564 exstat
1158 3514 1412 3578 scriptio:
1454 3510 1799 3575 Ἡρωδιανοῠ
1846 3513 1973 3576 περὶ
2018 3511 2435 3574 ἐγκλινομένων
2469 3514 2560 3565 καὶ
2595 3513 2928 3576 ἑγκλιτικῶν
2963 3515 3053 3566 καὶ

474 3580 991 3645 ςυνεγκλινομένων
1015 3577 1246 3645 μορίων,
1271 3595 1412 3646 qnae
1437 3580 1570 3630 item
1594 3570 1660 3628 ei
1680 3580 1999 3630 Herodiano
2025 3596 2186 3630 excer
2226 3585 2287 3630 ta
2311 3587 2420 3640 est;
2447 3582 2851 3632 Herodianeum
2877 3586 3056 3643 ortum

442 3686 446 3693 .
475 3649 716 3714 produnt
740 3649 947 3698 ibidem
970 3665 1021 3713 p.
1050 3651 1176 3699 1157
1203 3652 1491 3713 excerpta,
1530 3662 1671 3710 qnae
1697 3647 1967 3711 inscripta
1996 3652 2123 3697 sunt
2148 3596 2339 3699 Alliou
2371 3649 2498 3713 περὶ
2518 3648 2935 3712 ἐγκλινομένων
2968 3649 3053 3701 λέ-

474 3717 646 3778 ξεων;
686 3732 827 3780 quae
862 3715 1063 3766 ibidem
1099 3715 1356 3781 leguntur
1380 3732 1435 3779 p.
1460 3716 1591 3765 1155
1615 3714 1743 3777 περὶ
1767 3711 2209 3777 ἐγκλινομένων,
2248 3732 2358 3766 non
2380 3717 2738 3768 Herodianea
2769 3733 2889 3767 esse
2924 3718 3053 3768 inde

473 3788 734 3849 apparet,
773 3783 919 3848 quod
956 3781 1057 3845 μέν
1093 3790 1152 3834 et
1185 3781 1247 3834 δέ
1280 3785 1431 3833 inter
1465 3781 1725 3832 enclitica
1749 3781 1930 3832 relata
1953 3787 2110 3846 sunt3
2147 3785 2358 3848 p.11156
2393 3782 2699 3835 καὶᾶλλως
2724 3786 2852 3849 περὶ
2877 3784 3054 3846 ἐγκλι-

473 3851 734 3914 νομένων
778 3855 1086 3915 congruunt
1138 3851 1254 3901 fere
1302 3865 1424 3900 eum
1466 3849 1713 3900 Arcadio.
1791 3849 2063 3914 Equidem
2105 3850 2163 3900 in
2210 3853 2588 3902 concinnanda
2632 3853 2935 3903 Herodiani
2984 3853 3051 3901 de

475 3920 670 3969 enclisi
694 3919 948 3969 doctrina
972 3934 1092 3968 eam
1116 3918 1217 3967 inii
1241 3918 1527 3979 rationem,
1553 3923 1615 3967 nt
1638 3917 1865 3966 Arcadii
1902 3917 2222 3983 ampliorem
2259 3921 2534 3984 epitomen
2569 3936 2667 3985 pro
2696 3919 3052 3968 fundamento

473 3989 736 4050 iacerem,
775 4002 843 4037 ex
879 3985 1105 4050 reliquis
1142 3985 1416 4050 excerptis
1462 4000 1602 4049 quae
1638 3984 1834 4035 melius
1870 4000 2033 4051 quam
2076 4002 2165 4050 ap.
2202 3986 2397 4035 Arcad.
2443 3992 2670 4036 servata
2716 3992 2870 4047 sunt,
2917 3986 3051 4035 reci—

475 4071 686 4120 perem,
733 4069 873 4120 quae
911 4070 997 4118 ap.
1036 4069 1161 4103 eum
1196 4052 1423 4115 desunt,
1468 4051 1807 4118 supplerem,
1854 4053 1911 4102 in
1949 4054 2309 4103 annotatione
2347 4053 2528 4101 omnia
2565 4052 2788 4102 aliunde
2825 4053 3049 4117 cognita

470 4122 777 4173 Herodiani
811 4125 1110 4187 praecepta
1142 4135 1548 4185 componerem,
1586 4123 1650 4169 ut
1685 4120 2047 4183 congruentia
2081 4120 2442 4183 epitomarum
2487 4134 2610 4169 eum
2644 4134 2905 4183 germano
2940 4121 3052 4169 He-

473 4190 699 4239 rodiano
737 4191 1075 4253 patesceret,
1112 4187 1320 4237 additis
1356 4191 1673 4251 praeterea,
1709 4202 1855 4249 quae
1892 4186 1963 4236 ad
1988 4202 2101 4236 rem
2126 4185 2511 4245 illustrandam
2535 4192 2669 4251 apta
2693 4186 3047 4247 videbantur,
3140 4200 3145 4205 ’

471 4255 889 4319 religiosissime
943 4254 1178 4311 secutus
1219 4254 1474 4332 vestigia·
1516 4254 1738 4303 Lehrsii
1793 4255 2168 4317 praeceptoris
2221 4252 2530 4333 clarissimi.
2747 4253 2783 4306 l.
2821 4253 2977 4307 3—1.
3015 4257 3047 4303 6

471 4339 612 4440 ξὲἕὲ
637 4336 1054 4438 ⁸3322132⁰¹2332
1067 4319 2029 4437 ⁶¹1>¹³0⁰¹51sscssffiii12³22⁰0ib3i0ss1¹23
2043 4322 3048 4449 2323?OEssss“gimebssiissssffpssii

469 4456 649 4523 Apoll.
677 4456 745 4505 de
770 4470 922 4519 pron.
952 4470 1003 4518 p.
1025 4457 1094 4504 43
1118 4455 1188 4504 C:
1234 4451 1291 4504 ui
1328 4452 1430 4516 μὲν
1465 4451 1569 4503 οὖν
1604 4451 2077 4516 ὸρθοτονούμεναι
2112 4453 2204 4505 καὶ
2237 4453 2645 4518 προτάςςονται
2680 4455 2771 4505 καὶ
2806 4453 3047 4505 ὑποτάς-

471 4539 686 4588 ςονται,
725 4521 848 4585 ἐμοὶ
883 4520 1130 4584 ἔδωκαν,
1169 4520 1383 4572 ἔδωκεν
1419 4517 1556 4581 ἐμοί.
1625 4518 1683 4570 αἱ
1717 4518 1778 4570 δὲ
1813 4518 2199 4583 ἑγκλινόμεναι
2245 4520 2433 4583 μόνως
2481 4520 2615 4573 εἰςιν
2659 4519 3044 4573 ὑποτακτικαί.

471 4590 719 4657 διαφέρει
754 4589 815 4641 δὲ
851 4587 1234 4643 ὑποτακτικὸν
1268 4585 1751 4650 ὑποταςςομένου,
1799 4585 1837 4652 ᾗ
1872 4587 1941 4639 τὸ
1979 4586 2081 4651 μὲν
2117 4586 2365 4639 πάντοτε
2410 4588 2472 4640 ἑν
2516 4588 2804 4654 ὑποταγῇ,
2841 4587 2947 4639 τὸν
2983 4588 3044 4640 δὲ
3136 4600 3145 4606 ·

471 4655 612 4710 ἴδιον
653 4659 828 4710 τόνον
871 4654 975 4708 οὐκ
1013 4655 1152 4719 ἔχει,
1197 4654 1267 4706 τὸ
1313 4653 1375 4705 δὲ
1419 4653 1876 4715 ὑποταςςόμενον
1920 4656 2011 4705 καὶ
2048 4654 2415 4719 προτάςςεται
2463 4656 2554 4706 καὶ
2589 4656 2696 4707 τὸν
2729 4656 2904 4707 τόνον
2938 4656 3044 4708 τὸν

475 4722 675 4776 ἑαυτοῦ
711 4726 850 4788 ἔχει,
888 4723 1012 4787 ἐμοὶ
1046 4722 1152 4787 γὰρ
1188 4722 1405 4774 ἔδωκας
1476 4721 1691 4773 ἔδωκας
1735 4720 1884 4785 ἐμοί,
1932 4721 2083 4784 λέγω
2128 4722 2189 4773 δὲ
2234 4721 2589 4787 διςυλλάβως.
2658 4723 2729 4773 τὸ
2766 4724 2825 4775 δέ
2863 4723 3042 4778 ἔδωκέ

475 4804 564 4850 μοι
599 4792 689 4842 καὶ
725 4792 1036 4856 βαρύτονον
1070 4792 1161 4841 καὶ
1198 4760 1617 4854 μονοςὺλλαβον
1652 4789 1742 4840 καὶ
1776 4789 2052 4842 οὐδέποτε
2088 4788 2322 4842 πάντως
2358 4790 2752 4856 προτακτικὸν.
2813 4790 2881 4843 ὃν
2915 4807 2950 4841 τ
2987 4791 3041 4843 ό-

473 4870 584 4907 πον
620 4859 707 4907 καὶ
744 4858 1141 4922 ἑγκλινόμενον
1175 4858 1507 4922 ἐγκλιτικοῦ.
1577 4856 1647 4908 τὸ
1685 4855 1787 4919 μὲν
1821 4858 1928 4923 γὰρ
1963 4857 2361 4922 ὲγκλινόμενον
2405 4858 2548 4927 αὐτρ
2594 4858 2771 4921 μόνον
2815 4875 2942 4923 κοιμ
2964 4861 3042 4913 ζει
