3664 5546
1152 392 1311 447 ΠΕΡΙ
1352 392 1745 447 ΚΑΘΟΛΙΚΗ(
1780 391 2205 447 ΠΡΟΕΩιΔΙΑ(
2245 393 2327 445 ΙΔ.
2904 390 3033 455 403

612 589 652 624 41-
700 562 800 627 Εἰς
844 564 928 626 δὲ
986 564 1471 643 μονοςύλλαβον
1529 562 1647 628 οὐκ
1702 563 1868 628 ἔςτιν
1928 563 2156 641 εὑρεῖν.
2242 563 2319 625 τὸ
2374 562 2496 641 γὰρ
2551 559 2695 626 πός
2740 558 2886 626 οἷον
2935 561 3031 644 «ᾧ

445 666 570 729 πὸς
613 664 746 747 ἄγ’,
808 663 1183 744 ἱεμένοιςιν»
1241 664 1373 729 ἀπὸ
1431 668 1548 729 τοῦ
1591 664 1758 729 πούς
1800 665 2031 740 γέγονε
2086 664 2244 727 κατὰ
2287 662 2623 743 ἀποβολὴν
2678 665 2797 726 τοῦ
2842 667 2881 727 ῡ
2933 664 3034 726 καὶ

444 768 520 830 τὸ
556 766 639 831 ὅς
683 766 926 845 ἄρθρον
957 766 1135 831 ἐςτίν.
1192 768 1296 830 καὶ
1338 766 1503 832 ἔςτιν
1552 765 1785 849 εἰπεῖν,
1831 765 1930 829 ὅτι
1975 765 2191 829 κανών
2222 764 2386 829 ἐςτιν
2432 763 2471 828 6
2517 764 2725 839 λέγων
2757 763 2855 827 ὅτι
2901 766 3030 828 πᾶν

445 866 655 948 ὄνομα
700 869 1188 949 μονοςύλλαβον
1245 871 1862 948 μακροκαταληκτεῖν
1915 868 2083 932 θέλει
2128 866 2310 946 φύςει
2353 867 2394 944 ἢ
2450 866 2612 931 θέςει
2666 866 2861 944 χωρὶς
2913 870 3031 929 τοῦ

443 969 551 1033 τίς.
639 968 854 1033 ἄλλως
910 990 976 1034 τε
1034 970 1152 1034 δύο
1207 970 1475 1035 κανόνες
1527 970 1808 1049 ἤμελλον
1866 967 2183 1048 μάχεςθαι.
2271 968 2429 1032 καθὸ
2485 968 2599 1045 μὲν
2643 967 2765 1045 γὰρ
2811 966 2899 1032 εἰς
2950 971 3029 1030 δί
3059 972 3091 1021 5

446 1069 628 1153 εἰςίν,
685 1070 967 1149 ὤφειλεν
1023 1070 1111 1136 εἰς
1163 1075 1248 1134 δῦ
1302 1072 1473 1150 ἔχειν
1517 1073 1633 1149 τὴν
1676 1071 1951 1148 γενικήν.
2039 1071 2197 1134 καθὸ
2254 1071 2323 1133 δὲ
2381 1068 2575 1132 πάλιν
2628 1071 2795 1133 πᾶςα
2839 1087 3032 1146 μονο-

447 1174 759 1253 ςύλλαβος
813 1173 1030 1236 εὐθεῖα
1085 1171 1508 1252 ἰςοςυλλάβως
1571 1172 1913 1250 κλινομένη
1968 1170 2263 1255 ἀποβολῇ
2316 1173 2434 1234 τοῦ
2499 1172 2533 1234 ἰ
2597 1171 2714 1248 τήν
2777 1171 3033 1247 γενικὴν

445 1276 622 1338 ποιεῖ
673 1273 712 1338 6
770 1274 938 1338 Χνᾶς
993 1278 1110 1342 τοῦ
1157 1274 1321 1357 Χνᾶ,
1380 1273 1419 1338 6
1476 1275 1658 1352 Δρῆς
1708 1276 1827 1337 τοῦ
1883 1274 2063 1355 Δρῆ,
2121 1271 2160 1336 6
2213 1275 2371 1336 νοῦς
2412 1275 2529 1335 τοῦ
2572 1274 2728 1353 νοῦ,
2785 1270 2822 1335 6
2879 1270 3033 1350 ῥοῦς

445 1380 562 1439 τοῦ
608 1375 757 1458 ῥοῦ,
803 1374 1244 1452 ἠναγκάζοντο
1290 1376 1393 1440 καὶ
1435 1379 1634 1440 ταῦτα
1663 1375 1960 1456 ἀποβολῇ
2004 1377 2122 1438 τοῦ
2166 1376 2200 1436 Ε
2242 1374 2358 1452 τὴν
2402 1374 2657 1451 γενικὴν
2688 1371 3033 1437 ἀποτελεῖν

446 1480 550 1542 καὶ
602 1477 749 1555 οὐχὶ
804 1475 891 1541 εἰς
944 1479 1061 1556 τὴν
1117 1481 1200 1542 ὀῦ
1257 1476 1615 1556 δίφθογγον
1671 1475 1844 1554 ἔχειν
1899 1475 2116 1553 αὐτήν.
2203 1479 2335 1540 τῶν
2392 1473 2512 1539 οὖν
2569 1475 2689 1538 δύο
2734 1474 3032 1539 κανόνων
3072 1481 3138 1532 10

448 1579 830 1659 μαχομένων
875 1576 1308 1644 ἐπιλελοίπαςι
1351 1579 1432 1642 τὰ
1476 1577 1564 1642 εἰς
1608 1582 1692 1641 δί
1738 1577 2187 1657 μονοςύλλαβα
2230 1575 2531 1656 ὀνόματα.

615 1679 709 1743 Τὰ
754 1679 841 1744 εἰς
870 1683 955 1743 Ta?
985 1680 1433 1760 μονοςύλλαβα
1461 1684 1923 1761 περιςπῶνται,
1969 1681 2135 1760 μῦς,
2182 1682 2395 1756 δρῦς
2440 1678 2567 1743 ἔςτι
2599 1679 2671 1742 δὲ
2705 1678 2807 1743 καὶ
2850 1678 3037 1742 πόλις

450 1781 716 1863 Θρᾴκης.
771 1780 1094 1846 Ἑκαταῖος
1139 1781 1429 1866 Εὐρώπῃ.
1475 1784 1603 1846 ςῦς
1646 1783 1748 1846 καὶ
1793 1779 1892 1845 ὗς.
1939 1780 2323 1859 φυλάςςουςι
2369 1781 2440 1844 δὲ
2482 1781 2559 1844 τὸ
2605 1782 2642 1846 fi
2674 1780 2744 1844 ἐν
2787 1786 2863 1865 τῇ
2909 1779 3035 1844 κλί·

449 1900 565 1946 ςει·
620 1886 752 1947 τῶν
808 1883 879 1946 δὲ
936 1882 1096 1960 ὑπὲρ
1141 1882 1286 1961 μίαν
1345 1885 1660 1963 ςυλλαβὴν
1717 1881 2066 1960 ἀρςενικῶν
2121 1881 2194 1945 ἓν
2249 1882 2452 1960 μόνον
2497 1881 2536 1945 6
2580 1881 2755 1960 ἰχθῦς
2798 1881 3037 1961 ὁμοίως

448 1984 658 2061 ἐκλίθη
700 1986 839 2047 τοῖς
881 1985 1382 2064 προειρημένοις.
3076 1990 3138 2040 15

615 2084 708 2148 Τὰ
753 2083 841 2148 εἰς
885 2086 986 2147 fise·
1031 2084 1326 2164 ἀρςενικὰ
1370 2086 1820 2166 μονοςύλλαβα
1863 2085 2406 2164 περιττοςύλλαβα
2450 2082 2773 2166 ὀξύνεται,
2825 2084 3039 2162 Τρώς

446 2175 523 2249 τό
567 2186 819 2250 ἐθνικὸν
863 2185 1221 2266 ὁμόφωνον
1276 2194 1369 2271 τῶ
1425 2194 1631 2272 κτιςτῇ
1692 2187 1781 2252 ὡς
1825 2186 2106 2268 Ἀχαιός,
2163 2186 2459 2268 Δαναός,
2517 2185 2800 2267 (ικελός,
2857 2186 3035 2266 θώς,

446 2288 658 2352 πλῶς
703 2286 877 2365 ἰχθῦς
917 2308 1027 2352 τις.
1117 2291 1352 2371 δμώς,
1398 2290 1563 2368 φώς
1608 2287 1647 2352 6
1692 2287 2069 2370 ἄνθρωπος,
2115 2288 2319 2366 χρώς
2363 2286 2544 2351 «ἐπεὶ
2594 2286 2672 2351 οὐ
2709 2307 2814 2366 ςφι
2862 2285 3036 2350 λίθος

447 2391 618 2466 χρὼς
662 2388 817 2453 οὐδὲ
863 2389 1114 2466 ςίδηρος
1158 2386 1262 2470 (11.
1306 2390 1369 2452 Δ
1414 2389 1587 2470 510).
1680 2388 1858 2454 Μώς
1901 2390 1977 2452 τὸ
2034 2388 2240 2453 ἔθνος.
2306 2388 2381 2452 τὸ
2427 2388 2644 2466 μέντοι
2687 2387 2846 2451 κατὰ
2889 2407 3035 2465 τρο-

446 2490 575 2566 πὴν
604 2490 909 2567 Δωρικὴν
953 2489 1298 2572 γινόμενον
1345 2493 1491 2569 β’ῶς
1534 2489 1665 2554 ἀπὸ
1710 2492 1828 2553 τοῦ
1875 2494 2026 2578 βοῦς
2074 2489 2225 2569 βοός
2255 2492 2644 2568 περιςπᾶται.
2708 2489 2787 2553 τὰ
2819 2489 3034 2568 μέντοι
3069 2497 3139 2549 20

450 2589 827 2669 ἰςοςύλλαβα
880 2595 1340 2673 περιςπῶνται,
1412 2596 1556 2656 ςῶς
1613 2594 1771 2655 «νῦν
1824 2610 1925 2654 τοι
1970 2594 2093 2655 ςῶς
2134 2590 2321 2655 αἰπὺς
2367 2590 2676 2668 ὄλεθρος»
2724 2591 2804 2672 (Ν
2855 2589 3035 2670 773)·

448 2689 676 2765 γέγονε
723 2690 793 2753 δὲ
824 2691 875 2786 ,ἢ
922 2690 1053 2755 ἀπὸ
1098 2695 1214 2755 τοῦ
1260 2692 1440 2775 ςόος,
1498 2692 1588 2757 ὡς
1633 2690 1832 2755 οἴεται
1877 2691 2250 2775 Φιλόξενος,
2303 2692 2344 2769 ἢ
2399 2691 2468 2755 ἐκ
2510 2695 2628 2756 τοῦ
2674 2695 2838 2757 ςῶος
2881 2692 2921 2770 ἢ
2967 2691 3036 2755 ἐκ

447 2795 564 2855 τοῦ
609 2791 776 2855 ςάος.
848 2792 1058 2870 Κρῶς
1102 2793 1310 2872 ὄνομα
1353 2794 1568 2871 ἥρωος
1598 2792 2000 2872 ὁμοφωνοῦν
2044 2801 2120 2878 τῇ
2159 2794 2374 2877 πόλει,
2420 2792 2547 2859 ἔςτι
2593 2794 2663 2858 δὲ
2693 2794 3032 2871 Αἰγύπτου.

448 2893 774 2957 Ἑκαταῖος
816 2894 1179 2973 περιηγήςει
1210 2894 1428 2959 'Acium
1487 2896 1689 2959 Γλῶς
1719 2893 1930 2973 ὄνομα
1971 2895 2216 2977 ἥρωος,
2265 2894 2420 2959 Κῶς
2465 2894 2650 2959 πόλις
2680 2896 2783 2958 καὶ
2825 2898 3033 2973 νῆςος.

448 2997 549 3059 καὶ
592 2994 879 3073 Ὅμηρος
927 2997 1069 3059 «καὶ
1117 2997 1260 3060 Κῶν
1305 2996 1708 3074 Εὐρυπύλοιο
1753 2996 1986 3061 πόλιν»
2031 2998 2108 3079 (Β
2153 2995 2322 3077 677).
2398 2996 2646 3072 λέγεται
2692 2996 2795 3060 καὶ
2842 2997 3034 3061 Κωως
3070 3010 3135 3058 25

449 3096 553 3160 διὰ
597 3096 717 3159 δύο
771 3100 887 3160 ῖιῖῶ
929 3098 1031 3161 καὶ
1078 3097 1284 3179 Κόως,
1330 3096 1446 3177 ἀφ’
1491 3095 1570 3162 οὗ
1612 3099 1688 3162 τὸ
1733 3097 1884 3175 παρ’
1912 3096 2168 3183 Ὁμήρῳ
2199 3098 2465 3161 τοπικὸν
2513 3098 2651 3161 «καί
2681 3119 2784 3177 μιν
2815 3097 3033 3162 ἔπειτα

451 3198 692 3261 Κόωνδ’
747 3197 1167 3278 εὐναιομένην
1236 3198 1611 3263 ἀπένεικας»
1682 3196 1785 3280 (Il.
1844 3199 1900 3263 Ξ
1957 3197 2126 3279 255).
2228 3198 2475 3274 λέγεται
2510 3194 2644 3262 ’καὶ
2701 3199 2861 3263 Κόος
2927 3200 3031 3263 διὰ

451 3300 571 3362 δύο
616 3302 714 3364 ο-ο.
802 3299 1011 3364 ἔοικεν
1068 3299 1189 3364 οὖν
1243 3301 1318 3364 τὸ
1371 3301 1799 3378 πρωτότυπον
1860 3302 2011 3364 Κῶς.
2100 3300 2307 3364 οὕτως
2363 3301 2484 3377 γὰρ
2541 3301 2644 3363 καὶ
2687 3299 2725 3363 6
2770 3299 3029 3378 κτιςτής.

446 3400 572 3464 ἕςτι
628 3402 730 3465 καὶ
783 3400 853 3465 ἐν
906 3401 1200 3485 Αἰγύπτῳ
1255 3402 1439 3467 πόλις
1489 3404 1641 3467 Κῶς.
1729 3401 1857 3466 ἔςτι
1922 3403 1994 3465 δὲ
2059 3402 2161 3465 καὶ
2214 3407 2340 3465 κῶς
2394 3403 2471 3465 τὸ
2524 3401 2773 3479 ὄρυγμα
2822 3402 2899 3465 τό
2957 3402 3028 3465 ἐν

581 3620 616 3670 1.
658 3625 683 3670 1
723 3621 865 3672 hunc
901 3621 967 3671 do
1003 3623 1394 3688 monosyllabis
1432 3623 1486 3672 iu
1522 3625 1585 3675 ὃς
1624 3638 1887 3674 canonem
1921 3626 2038 3688 ipse
2074 3624 2307 3688 apposui
2342 3639 2409 3673 ex
2433 3622 2678 3687 Theogn.
2719 3639 2771 3687 p.
2800 3625 2914 3688 136,
2944 3625 3025 3684 13,

447 3689 931 3806 ἓπὲαουιιιῐιιιιέἰοιὶῐ
969 3689 1392 3809 ιῑιιίιΞιΙΙιιιῐιᾱίτιὺιόξ
1439 3690 1760 3808 νοιίαὺιιΙιιιῖη
1781 3697 2029 3809 ἐνδείξει·
2074 3706 2368 3807 pronometu
2423 3691 2635 3808 egil-eh
2655 3691 3024 3807 ιῖοιιιῖῑιιιιιιευ

448 3773 582 3888 πΐός,
615 3773 788 3888 ¹qnugre
815 3772 1199 3902 gethperossfupa
1222 3771 3024 3890 ἕ48ῗῐὲ66ἓο’11.φέῗΜ.θέἓὸἷω21383ἔέιῗξιιξτειιιεῐι,αςύιίΕὲετςῗόίεῗιῗί

485 3892 708 3941 lacitum
745 3891 951 3941 referre
996 3891 1218 3941 vuletur
1261 3893 1350 3942 hic
1394 3898 1458 3943 ut
1501 3895 1617 3944 fere
1662 3895 1885 3958 ubique.
1952 3895 2099 3944 Hine
2142 3897 2298 3959 patet
2341 3894 2507 3944 etiam
2557 3909 2643 3957 ap.
2683 3892 2765 3945 St.
2802 3896 2865 3943 B.
2913 3909 3023 3943 non
3082 3920 3092 3942 ι

492 3956 545 4009 o(
581 3958 744 4009 ἔθνος
780 3959 877 4010 sed
914 3957 1012 4009 Χοῑ
1048 3959 1214 4008 scribi
1251 3960 1464 4010 debere.
1603 3960 1637 4014 l.
1676 3964 1738 4011 12
1775 3960 1928 4025 Apo(
1965 3963 2240 4026 proprium
2276 3960 2464 4024 recepi
2499 3976 2567 4010 ex
2605 3961 2687 4012 st.
2724 3963 2788 4012 B.
2822 3961 3019 4010 verba:

444 4024 777 4089 φυλάςςουςι
821 4025 881 4076 δὲ
926 4025 996 4076 τὸ
1043 4027 1079 4076 fi
1122 4042 1296 4092 usque
1346 4029 1416 4078 ad
1461 4028 1619 4078 finem
1665 4046 1733 4080 ox
1779 4029 2035 4080 Eustath.
2083 4032 2239 4087 1859,
2290 4030 2350 4077 16
2395 4027 2486 4089 (ef.
2535 4028 2598 4076 Ε.
2644 4028 2716 4077 Μ.
2761 4028 2890 4090 288,
2935 4030 3020 4090 29,

446 4094 639 4144 Choer.
679 4095 782 4158 Ep.
820 4094 878 4143 in
914 4094 1116 4155 Psalm.
1152 4096 1235 4157 66,
1273 4094 1388 4161 29),
1427 4097 1520 4147 nbi
1564 4101 1855 4162 postquam
1901 4097 2206 4160 expositum
2253 4100 2339 4145 est
2386 4094 2563 4155 ὸςφῦς
2610 4099 2667 4143 et
2701 4092 2883 4157 ὀφρῦς
2920 4095 3022 4143 cir-

444 4161 704 4211 cumflexe
743 4161 1118 4213 Herodianum
1156 4164 1420 4225 scribere,
1459 4164 1682 4214 additur
1717 4162 1779 4214 ἐν
1815 4162 2005 4214 ἄλλοις
2043 4162 2102 4213 δὲ
2137 4163 2287 4213 δοκεῖ
2334 4161 2530 4224 ὅμοιον
2573 4160 2747 4211 τόνον
2783 4159 3020 4212 ἐπιτιθέ-

446 4243 533 4279 ναι
579 4229 670 4278 καί
714 4232 786 4293 τῇ
836 4226 1023 4290 ἰχθύος
1077 4228 1288 4295 εὐθείᾳ·
1342 4228 1523 4282 εἰπὼν
1569 4230 1674 4295 γὰρ
1719 4230 1782 4282 ἐν
1827 4233 1946 4283 τοῖς
1992 4230 2120 4293 περὶ
2164 4232 2286 4280 τῶν
2318 4227 2410 4279 εἰς
2456 4232 2518 4279 υς
2573 4227 3020 4292 περιςπωμένων

445 4294 880 4359 μονοςυλλάβων
916 4295 1250 4360 ἀρςενικῶν,
1299 4295 1378 4348 ὡς
1424 4297 1757 4360 φυλάςςουςι
1800 4298 1871 4349 τὸ
1908 4301 1940 4348 ῦ
1980 4298 2098 4348 κτλ.
2134 4325 2199 4333 —-
2236 4296 2300 4347 ὗς
2337 4302 2395 4345 et
2436 4298 2531 4347 ςῦς
2575 4299 2807 4361 praebet
2852 4298 3021 4346 etiam

444 4364 519 4413 10.
556 4364 640 4414 Al.
680 4367 729 4430 7,
766 4368 849 4415 30.
956 4364 993 4416 l.
1021 4366 1081 4414 16
1115 4365 1189 4415 ad
1226 4363 1388 4428 Τρώς
1426 4364 1647 4417 ἑθνικόν
1684 4366 1802 4416 κτλ.
1841 4366 2032 4416 addidi
2068 4381 2135 4415 ex
2163 4366 2241 4416 St.
2267 4366 2330 4413 B.
2354 4367 2473 4427 638,
2512 4366 2576 4414 14
2613 4363 2735 4417 coll.
2770 4380 2823 4429 p.
2852 4366 2933 4426 51,
2959 4364 3018 4425 8;

443 4430 621 4494 δμώς,
660 4431 813 4496 φώς,
852 4430 1002 4495 χρώς
1038 4438 1388 4483 aecossserunt
1422 4450 1489 4484 ex
1524 4435 1770 4499 Theogn.
1811 4437 1923 4493 135,
1960 4436 2027 4483 20
2063 4438 2120 4483 et
2155 4432 2352 4484 Choor.
2386 4434 2516 4496 264,
2551 4430 2622 4481 ad
2657 4430 2808 4496 χρώς
2852 4433 3023 4483 verba

445 4498 736 4550 Homerica
772 4499 951 4550 adieci
988 4516 1054 4550 ex
1092 4501 1158 4554 11.
1195 4503 1285 4551 Pr.
1324 4500 1366 4552 Ν
1408 4504 1522 4562 191,
1560 4503 1656 4552 ubi
1691 4502 1895 4552 diserte
1934 4500 2096 4550 huius
2132 4500 2455 4550 nominativi
2491 4500 2665 4549 forma
2699 4504 2761 4549 ut
2786 4500 3021 4549 Homero

443 4570 651 4617 usitata
687 4569 990 4633 profertum
1025 4568 1061 4617 1.
1091 4571 1153 4618 18
1190 4566 1330 4619 mm<
1357 4585 1424 4618 ex
1449 4570 1695 4635 Theogn.
1740 4569 1775 4618 1.
1804 4572 1866 4619 19
1902 4568 1975 4619 ad
2010 4567 2231 4632 τροπὴν
2267 4568 2501 4633 apposui
2536 4564 2803 4630 Δωρικὴν
2840 4583 2907 4618 ex
2944 4567 3022 4617 10.

444 4632 527 4682 Al.
560 4638 620 4696 8,
659 4638 714 4696 13
762 4650 903 4700 quae
940 4636 1012 4686 ad
1050 4637 1161 4687 ςῶς
1195 4636 1413 4686 adnexa
1455 4643 1612 4700 sunt,
1658 4638 1902 4702 prompsi
1937 4653 2005 4687 ex
2038 4636 2111 4703 11..
2142 4637 2232 4685 Pr.
2270 4633 2307 4686 Ε
2343 4637 2439 4685 887
2479 4641 2537 4684 ot
2571 4635 2634 4683 Ε.
2671 4637 2744 4687 Μ.
2783 4637 2899 4698 741,
2936 4637 3022 4697 43,

444 4699 586 4749 unde
630 4702 700 4752 τὸ
746 4704 856 4754 ςῶς
892 4701 1007 4754 ἀπὸ
1049 4706 1153 4755 τοῦ
1192 4705 1337 4755 ςῶοε
1374 4703 1643 4759 πέπονθε.
1718 4704 1875 4768 Κρῶς
1912 4709 2129 4770 praeter
2162 4702 2360 4752 Aread.
2402 4702 2572 4753 habet
2619 4704 2787 4753 etiam
2822 4705 2900 4754 Io.
2936 4703 3024 4753 Al.

446 4767 504 4827 7,
540 4770 631 4830 36,
680 4769 760 4820 St.
799 4773 860 4820 B.
896 4774 1024 4834 388,
1059 4776 1091 4821 2
1129 4778 1186 4821 et
1220 4773 1314 4834 63,
1355 4774 1444 4836 14,
1491 4773 1635 4824 unde
1684 4773 1927 4838 explevi3
1970 4770 2122 4823 Γλῶς
2163 4772 2333 4821 etiam
2366 4771 2445 4820 Ῑο.
2480 4769 2601 4834 Al„
2650 4768 2773 4822 Κῶ(
2809 4771 2885 4821 10.
2919 4770 3024 4834 AL,

447 4834 527 4885 St.
551 4834 616 4889 B.
653 4839 778 4899 402,
817 4840 879 4887 12
918 4843 973 4888 et
1007 4842 1092 4903 49,
1133 4843 1213 4902 19,
1253 4840 1507 4891 Eustath.
1547 4841 1618 4890 ad
1654 4840 1811 4891 Hom.
1837 4841 1956 4903 318,
1992 4841 2075 4902 36,
2114 4840 2229 4890 κῶς
2264 4837 2334 4889 τὸ
2373 4837 2590 4901 ὄρυγμα
2628 4839 2707 4889 St.
2734 4841 2798 4890 B.
2830 4841 2949 4901 402,
2975 4839 3027 4893 8.

2488 4920 2626 4985 26*
