3664 5546
687 411 852 458 1,er
1761 411 2178 463 PRAEFATIO.

680 588 822 629 mae
877 575 942 630 et
987 565 1451 651 paenultimae‚
1510 569 1824 645 ετοιχεῑον
1881 588 2316 632 consonarum
2372 568 2880 653 composituram
2939 566 3046 631 vel
3102 567 3258 632 scri-

679 679 938 755 pturam
968 689 1083 753 per
1113 664 1474 752 simplicem
1506 666 1799 731 vocalem
1832 671 1918 751 (e.
1951 691 2014 753 g.
2045 669 2093 756 i)
2138 678 2251 733 aut
2280 691 2395 755 per
2428 668 2898 756 diphthongum
2932 669 3018 753 (e.
3051 690 3116 754 g.
3149 671 3257 752 εἶ),

669 772 884 854 ιπόιθοε
925 769 1332 833 affectionem
1375 805 1458 816 —
1503 766 1690 833 multi
1735 779 1835 834 est
1886 768 2155 835 laboris.
2244 770 2465 851 Quare
2510 793 2676 858 quae
2723 770 2899 858 apud
2942 770 3257 835 Herodia-

679 894 832 936 num
900 870 1249 934 coniuncta
1311 870 1575 934 fuerunt
1635 868 1963 957 dispescui
2031 881 2095 936 et
2160 870 2415 957 singula
2482 873 2703 938 statim
2771 896 2891 938 usu
2957 873 3255 960 probatis

660 971 993 1060 *exemplis
1041 971 1360 1064 appositis
1404 970 1748 1036 illustravi.
1834 972 2003 1037 Nam
2049 973 2177 1036 nisi
2222 973 2412 1038 simul
2457 975 2677 1040 statim
2731 974 2937 1040 multa
2991 984 3059 1039 et
3107 996 3255 1061 pro-

676 1077 836 1140 bata
891 1074 1152 1162 quidem
1215 1072 1516 1159 exempla
1579 1073 1664 1138 ad
1727 1095 2248 1163 unamquamque
2315 1076 2759 1143 definitionem
2815 1085 3253 1163 apponuntur,

676 1177 929 1242 animus
979 1175 1198 1241 deficit
1240 1174 1335 1239 ita
1377 1185 1453 1240 ut
1495 1198 1623 1240 non
1668 1175 1863 1240 facile
1907 1174 2155 1263 reliqua
2198 1180 2499 1265 persequi
2544 1188 2763 1265 queat.

847 1278 1257 1365 Quamquam
1311 1277 1471 1343 haec
1524 1300 1758 1364 parum
1811 1276 2006 1366 plane
2058 1281 2493 1366 pronunciata
2545 1290 2728 1363 sunt,
2786 1292 3039 1363 tamen,
3095 1281 3252 1366 quid

677 1384 847 1445 inter
890 1403 1072 1445 suam
1116 1381 1442 1467 epitomen
1487 1390 1550 1445 et
1594 1380 1978 1465 originalem
2035 1380 2269 1446 librum
2326 1382 2414 1446 ad
2468 1383 3004 1469 perspicuitatem
3058 1383 3251 1447 inter-

677 1506 820 1549 esse
865 1482 1144 1549 voluerit
1175 1483 1336 1546 satis
1367 1481 1650 1567 intellegi
1679 1491 1917 1568 potest.
1976 1481 2392 1548 Herodianus
2424 1484 2689 1549 videtur
2717 1507 2940 1550 omnes
2970 1506 3250 1549 canones

677 1586 758 1650 de
804 1583 1121 1669 singulari
1165 1585 1350 1649 exitu
1394 1607 1446 1648 e.
1482 1606 1543 1669 g.
1593 1585 1675 1649 de
1705 1585 2078 1650 nominibus
2124 1586 2192 1649 in
2237 1573 2534 1652 πτωρ
2576 1597 2753 1653 arcte
2799 1586 3247 1667 connexuisse,

676 1699 750 1753 ut
794 1711 960 1753 unus
1007 1686 1484 1774 quodammodo
1530 1709 1738 1753 canon
1784 1697 1957 1752 esset
2002 1710 2059 1752 e.
2105 1710 2168 1773 g.
2215 1688 2387 1753 hunc
2428 1688 2565 1753 fere
2610 1690 2675 1753 in
2721 1688 3014 1754 modum:

845 1792 938 1856 Τὰ
982 1790 1071 1855 εἰ(
1103 1777 1254 1855 bun]
1295 1790 1638 1871 διεύλλαβα
1682 1790 1971 1859 ὀξύνεται
2016 1792 2118 1856 καὶ
2163 1792 2515 1870 βαρύνεται.
2600 1793 2681 1857 τὰ
2738 1792 2826 1858 εἰ(
2854 1777 3005 1857 W
3060 1793 3248 1871 ὑπερ-

675 1895 1044 1976 διεύλλαβα,
1090 1894 1144 1957 εἰ
1187 1893 1625 1972 παραλήγοιτο
1669 1900 1761 1978 τῷ
1803 1896 1844 1972 ἦ
1888 1896 1927 1973 ἢ
1972 1896 2013 1957 ἆ
2056 1895 2095 1972 ἢ
2143 1894 2182 1956 ὖ
2226 1895 2593 1978 βαρύνεται,
2638 1896 2716 1959 τὰ
2747 1894 2836 1960 εἰ(
2879 1883 3014 1960 5OE
3058 1895 3246 1973 ὑπερ-

675 1998 1018 2076 διεύλλαβα
1071 1984 1361 2063 ὀξύνεται
1416 1997 1875 2074 παραλήγοντα
1929 2002 2022 2080 τῷ
2077 1998 2099 2059 ῐ
2157 1996 2195 2072 ἢ
2254 1995 2542 2076 ὀνόματα
2597 1997 2857 2061 πόλεων
2914 1999 2953 2076 ἢ
3012 1997 3244 2077 ἐθνικά,

672 2101 751 2164 τὰ
797 2099 885 2164 εἰς
929 2105 1062 2163 δων
1107 2099 1348 2176 θηλυκὰ
1392 2097 1716 2181 ὀξύνεται,
1760 2099 1841 2162 τὰ
1886 2099 1989 2162 διὰ
2032 2101 2149 2162 τοῦ
2174 2084 2348 2163 {Sus—v
2394 2097 2690 2177 ἀρεενικά
2738 2119 2807 2164 τε
2863 2100 2967 2164 καὶ
3009 2097 3245 2177 θηλυκὰ

674 2204 834 2281 ὑπὲρ
881 2202 1000 2267 δύο
1046 2201 1358 2280 ευλλαβὰε
1402 2199 1576 2263 ἁπλᾶ
1619 2198 1944 2282 ὀξύνεται,
1989 2198 2070 2264 τὰ
2114 2200 2219 2264 διὰ
2260 2205 2377 2265 τοῦ
2422 2207 2596 2280 ηδων
2642 2199 2938 2279 ἀρεενικὰ
2991 2202 3095 2266 καὶ
3138 2185 3245 2276 ΙΘη-

674 2306 832 2369 λυκὰ
877 2304 1380 2383 ὑπερδιεύλλαβα
1425 2302 1529 2366 διὰ
1572 2305 1687 2366 τοῦ
1733 2305 1771 2365 ὃ
1827 2302 2167 2381 κλινόμενα
2222 2300 2543 2385 ὀξύνεται,
2596 2304 2677 2367 τὰ
2735 2304 2839 2368 διὰ
2894 2305 3011 2367 τοῦ
3054 2307 3243 2367 ωδων

674 2407 1024 2487 βαρύνεται.
1137 2404 1307 2469 Tum
1381 2402 1852 2489 sequebantur,
1935 2403 2197 2488 opinor,
2270 2413 2428 2489 apta
2504 2404 2590 2468 ad
2660 2426 2858 2469 unam
2923 2425 3244 2491 quamque

669 2520 923 2594 partem
965 2507 1230 2572 canonis
1287 2503 1589 2590 exempla
1642 2527 1791 2569 cum
1846 2503 2237 2569 testimoniis
2295 2508 2715 2591 scriptorum,
2772 2528 2918 2571 cum
2963 2502 3243 2592 explica-

670 2613 844 2676 tione
899 2622 964 2676 et
1018 2609 1226 2674 omnis
1283 2607 1541 2694 generis
1598 2608 2163 2690 adnotationibus3
2210 2606 2443 2693 quibus
2490 2607 2756 2672 additae
2800 2617 2987 2672 erant
3029 2629 3243 2672 exem-

669 2715 925 2801 ptiones
957 2713 1195 2778 iterum
1229 2732 1378 2775 cum
1408 2709 1798 2777 testimoniis
1830 2720 1898 2775 et
1927 2709 2518 2776 observationibus.
2552 2747 2637 2759 —-
2665 2710 2991 2776 Arcadius
3023 2709 3243 2795 igitur,

667 2826 744 2881 ut
806 2815 1257 2903 perspicuitati
1321 2814 1717 2895 consuleret,
1790 2812 1965 2878 hunc
2036 2834 2349 2877 canonem
2415 2810 2784 2897 generalem
2849 2811 3112 2877 diremit
3176 2811 3243 2874 in

670 2930 918 3005 septem
965 2915 1357 3002 singulares,
1404 2937 1439 2980 e
1483 2915 1754 3002 quibuS,
1779 2925 1875 3001 ‘ut
1919 2937 2002 2978 ex
2046 2915 2529 3001 comparatione
2563 2913 2995 2998 Theognosti,
3040 2912 3240 2977 Choe-

667 3021 925 3087 robosci
971 3030 1036 3083 et
1080 3015 1393 3103 Stephani
1436 3015 1748 3103 Byzantii
1789 3014 2119 3097 videmus,
2166 3027 2299 3081 tres
2345 3016 2562 3081 omisit
2616 3026 2684 3080 et
2728 3014 3001 3099 singulis
3057 3035 3241 3101 prae-

669 3123 876 3208 ceptis
920 3120 1143 3185 statim
1187 3117 1646 3201 vulgatissima
1689 3115 1989 3201 exempla
2033 3118 2353 3203 apposuit.

838 3222 1033 3286 Hunc
1075 3221 1144 3284 in
1188 3218 1450 3283 modum
1493 3238 1741 3284 canone
1784 3217 2073 3301 generali
2119 3218 2332 3284 diviso
2377 3220 2445 3284 in
2489 3229 2709 3306 partes
2767 3220 2824 3284 si
2879 3218 3085 3285 lector
3140 3240 3237 3282 ar·

666 3333 972 3409 gumento
1015 3321 1525 3407 uniuscuiusque
1559 3308 1837 3384 'canonis
1883 3319 2151 3384 assidua
2191 3320 2467 3385 lectione
2508 3331 2817 3408 percepto
2862 3321 3239 3386 universum

669 3447 982 3492 canonem
1025 3447 1108 3489 ex
1154 3422 1424 3507 singulis
1469 3421 1767 3508 partibus
1824 3423 2042 3487 animo
2101 3433 2475 3509 componat,
2532 3434 2599 3487 et
2659 3425 2752 3487 sic
2804 3424 2871 3487 in
2915 3423 3236 3507 integrum

667 3528 858 3615 quasi
902 3527 1230 3608 restituat,
1286 3523 1408 3588 hac
1463 3525 1740 3610 epitome
1794 3524 2130 3589 utentibus
2187 3547 2316 3590 non
2371 3523 2582 3590 solum
2635 3523 3066 3606 brevitatem,
3123 3521 3238 3587 sed

669 3631 868 3695 etiam
935 3627 1464 3716 perspicuitatem
1529 3626 2040 3692 redundaturam
2109 3648 2272 3691 esse.
2372 3627 2598 3713 Neque
2663 3624 3079 3692 diffitendum
3140 3633 3239 3688 est

667 3742 1018 3817 praecepta
1061 3730 1182 3793 hac
1228 3727 1550 3807 divisione
1595 3738 1660 3793 et
1705 3729 1929 3794 statim
1972 3728 2319 3816 unicuique
2365 3728 2598 3793 canoni
2654 3726 2923 3815 speciali
2967 3725 3236 3791 adiectis

669 3831 981 3919 exemplis
1026 3831 1232 3916 magis
1288 3830 1634 3916 perspicua
1689 3829 1861 3911 fieri,
1922 3828 1993 3893 id
2049 3830 2225 3915 quod
2280 3829 2567 3896 Arcadio
2625 3828 3028 3894 discentibus
3085 3827 3236 3892 scri-

666 3936 846 3999 benti
902 3936 1227 3998 maximae
1278 3933 1407 3996 fuit
1450 3954 1674 4015 curae,
1717 3955 1848 3997 non
1893 3931 2305 4015 Herodiano,
2362 3933 2468 3997 cui
2524 3952 2669 3994 cum
2712 3928 3237 4015 intellegentibus

665 4047 731 4102 et
777 4037 985 4102 doctis
1028 4036 1189 4100 viris
1234 4058 1336 4100 res
1380 4033 1528 4097 fuit.

833 4139 1190 4204 Brevitatis
1245 4158 1445 4200 causa
1497 4136 1710 4220 pergit
1754 4135 2076 4200 Arcadius
2133 4158 2204 4200 se
2257 4158 2512 4202 omnem
2570 4134 2640 4198 in
2692 4143 3037 4220 utramque
3090 4156 3236 4220 par-

635 4221 795 4307 ⁰tcm
841 4239 1350 4327 disputationem
1393 4236 1705 4302 recidisse
1749 4247 1814 4302 et
1858 4236 2242 4323 ambagibus
2286 4239 2503 4302 missis
2549 4235 2872 4303 rationem
2914 4237 2998 4302 ab
3030 4236 3236 4302 Hero-

664 4344 859 4410 diano
904 4342 1246 4430 probatam
1290 4345 1631 4427 recepisse.
1689 4340 1782 4404 Ut
1825 4339 1895 4403 in
1926 4340 2221 4426 exemplo
2251 4340 2587 4405 nominum
2619 4339 2688 4403 in
2719 4325 2886 4406 —oTnV
2911 4337 3234 4419 insistam,

667 4447 748 4512 de
805 4456 1073 4511 accentu
1137 4443 1416 4509 nominis
1470 4445 1804 4508 Ποεειδῶν
1871 4441 1942 4505 id
2004 4451 2257 4507 tantum
2313 4441 2617 4528 protulit,
2683 4463 2811 4529 quo
2875 4440 3232 4528 perispasis

666 4548 1076 4630 defenditur,
1125 4569 1233 4623 ea,
1280 4567 1447 4631 quae
1492 4554 1720 4609 contra
1764 4544 1890 4609 dici
1934 4553 2289 4632 potuerunt
2332 4555 2398 4609 et
2442 4543 2509 4607 in
2552 4543 2731 4608 Mon.
2779 4542 2853 4625 9,
2899 4543 2939 4606 3
2985 4539 3234 4626 (Cram.

663 4653 793 4717 An.
850 4652 978 4717 Ox.
1039 4649 1145 4714 III
1200 4648 1352 4732 240)
1410 4645 1759 4733 explanata
1813 4656 1987 4728 sunt,
2044 4666 2309 4732 prorsus
2368 4646 2667 4711 resecuit.
2725 4682 2808 4692 —-
2863 4642 2992 4709 Sed
3061 4640 3232 4729 quod

663 4755 960 4819 omnibus
1006 4754 1143 4816 fere
1188 4748 1551 4815 Herodiani
1595 4748 2129 4835 epitomatoribus
2185 4746 2451 4830 accidit,
2507 4756 2582 4810 ut
2631 4768 2829 4833 quum
2872 4744 3232 4809 Herodiani

661 4865 1078 4944 praeceptum
1120 4855 1190 4916 in
1221 4853 1485 4919 brevius
1519 4851 1897 4916 contrahere
1944 4848 2219 4933 vellent,
2266 4850 2666 4927 omitterent,
2711 4869 2876 4935 quae
2908 4846 2991 4912 ab
3024 4846 3230 4912 Hero·
