3664 5546
626 435 710 499 22
1565 438 1648 492 ΕΙ(
1686 439 1826 493 ΤΩΝ
1871 439 2280 494 ΗΡΩΔΙΑΝΟΥ

628 608 1084 691 Ἀλκμαίων,
1133 610 1532 694 Ἀνταίων,
1580 610 1705 691 ἀφ’
1750 609 1829 675 οὗ
1875 610 2360 676 Ἀνταιούπολις
2404 612 2592 677 πόλις
2636 613 2707 677 ἐν
2753 612 3071 697 Αἰγύπτῳ,
3115 613 3221 678 καὶ

624 711 701 774 τὸ
745 709 999 776 ἑθνικὸν
1045 710 1446 795 ὁμοφώνως,
1492 713 1878 796 Εύγαίων,
1917 713 2355 797 Καδμαίων,
2403 714 2859 796 Ἀθηναίων,
2892 714 3216 798 εὐαίων,

629 811 1000 895 δυςαίων,
1047 811 1336 879 ἰςαίων.
1397 815 1473 880 τό
1519 817 1590 881 δὲ
1636 815 2211 895 Ἑκατομβαιών
2256 816 2465 896 ὄνομα
2508 818 2738 899 μηνός,
2794 818 2871 883 τὸ
2917 817 2988 882 δὲ
3014 867 3215 881 ......

625 912 836 993 ὄνομα
879 918 1206 999 ποταμοῦ,
1250 917 1326 981 τὸ
1373 918 1443 981 δὲ
1489 918 1777 983 ἑλαιών
1821 918 2235 996 περιεκτικόν.

565 1024 597 1075 5
800 1038 839 1074 ιι-
881 1016 977 1081 Τὰ
1019 1015 1107 1083 είς
1152 1040 1333 1084 αυων
1380 1020 1747 1103 βαρύνεται,
1797 1020 2071 1085 Χαύων
2127 1021 2307 1099 χώρα
2353 1024 2463 1098 τῆς
2511 1020 2784 1099 Μηδίας·
2847 1020 3103 1101 Κτηςίας
3146 1022 3217 1086 ἐν

625 1117 863 1202 πρώτῳ
916 1119 1245 1198 Περςικῶν
1305 1122 1382 1201 «ἡ
1441 1124 1512 1188 δὲ
1568 1123 1896 1202 (εμίραμις
1951 1123 2248 1188 ἐντεῦθεν
2304 1121 2626 1189 ἐξελαύνει
2691 1122 2853 1200 αὐτή
2909 1143 2978 1188 τε
3033 1125 3137 1188 καὶ
3178 1125 3217 1204 ἡ

626 1222 882 1300 ςτρατιὰ
926 1223 1026 1287 καὶ
1070 1222 1426 1303 ἀφικνεῖται
1472 1224 1560 1290 εἰς
1606 1225 1871 1291 Χαύονα
1923 1229 2035 1304 τῆς
2082 1225 2327 1311 Μηδίας
2345 1250 2388 1289 ».
2476 1226 2579 1289 καὶ
2633 1226 2708 1290 τὸ
2754 1224 3007 1290 ἑθνικόν
3065 1225 3217 1305 ὁμο-

626 1323 882 1403 φώνως.

797 1449 835 1484 ιι·
878 1426 972 1490 Τὰ
1017 1425 1105 1492 εἰς
1151 1430 1289 1492 ιῖαῖῦ
1336 1430 1681 1513 διςύλλαβα
1727 1430 2095 1513 βαρύνεται,
2143 1430 2350 1495 κύων
2395 1430 2470 1494 τὸ
2503 1435 2707 1514 ζῶον,
2753 1430 2989 1496 Μύων
3034 1430 3219 1497 πόλις

527 1535 591 1586 10
624 1528 891 1608 Λοκρῶν
949 1529 1018 1595 ἐν
1061 1536 1137 1614 τῇ
1183 1529 1426 1618 ἠπείρῳ
1482 1534 1521 1613 ἡ
1576 1535 1679 1599 καὶ
1725 1534 2009 1600 Μυονία·
2053 1535 2128 1600 τὸ
2188 1532 2440 1598 ἑθνικὸν
2498 1532 2883 1613 ὁμοφώνως.
2974 1534 3217 1599 Θουκυ-

628 1632 802 1711 δίδης
847 1634 918 1697 δὲ
962 1631 1136 1715 τρίτῃ
1185 1631 1368 1719 (101)
1417 1637 1717 1701 Μυονέας
1762 1637 2001 1702 αὐτούς
2045 1658 2212 1718 φηςι.

793 1735 887 1800 Τὰ
932 1735 1020 1801 εἰς
1064 1735 1201 1803 υ-αΤν
1248 1736 1410 1817 ὑπὲρ
1468 1739 1588 1804 δύο
1645 1739 1960 1819 ςυλλαβάς
2016 1740 2117 1804 καὶ
2176 1738 2510 1819 βαρύνεται
2568 1736 2670 1802 καὶ
2725 1736 3031 1804 ὀξύνεται.
3119 1741 3223 1804 καὶ

627 1837 962 1916 βαρύνεται
1008 1841 1123 1919 μὲν
1170 1840 1286 1906 ὅςα
1330 1840 1604 1905 κλίνεται
1650 1842 1754 1906 διὰ
1797 1844 1918 1906 τοῦ
1963 1846 2050 1924 ὦ,
2096 1842 2176 1920 μὴ
2210 1840 2645 1920 ςυμπίπτοντα
2674 1841 2935 1905 πόλεςιν
2969 1842 3059 1906 ώς
3088 1841 3220 1920 ἔχει

625 1938 1146 2025 Ἀμφιτρύων,
1192 1942 1713 2024 Ἠλεκτρύων,
1771 1943 2117 2025 Ἰχθύων,
2176 1942 2590 2028 Ἡμικύων,
2648 1944 2975 2023 Ἡμίκυνες
3031 1943 3220 2008 ἔθνος

527 2045 590 2097 15
626 2041 706 2107 οὐ
751 2041 977 2122 πόρρω
1026 2044 1453 2121 Μαςςαγετῶν
1499 2046 1602 2109 καὶ
1644 2045 2114 2124 Ὑπερβορέων.
2205 2045 2456 2124 (ιμμίας
2504 2045 2574 2110 ἐν
2620 2046 2977 2112 Ἀπόλλωνι

930 2145 1288 2226 Ἡμικύνων
1333 2147 1402 2210 τ’
1446 2146 1678 2225 ἑνόηςα
1720 2147 1912 2223 γένος
1956 2147 2274 2224 περώςιον
2320 2145 2600 2231 ἀνδρῶν,

928 2250 1065 2313 τοῖς
1109 2248 1302 2328 ὤμων
1348 2248 1742 2327 καθύπερθεν
1787 2248 2189 2328 ἑϋςτρεφέων
2235 2249 2461 2314 κύνεος
2504 2249 2658 2329 κράς

929 2350 1208 2430 τέτραφε
1251 2353 1614 2434 γαμφηλῇςι
1658 2350 2162 2429 περικρατέεςςιν
2208 2350 2495 2431 ἐρυμνός.

931 2457 1060 2518 τῶν
1106 2452 1221 2532 μέν
1266 2452 1334 2517 θ’
1378 2452 1535 2517 ὥςτε
1579 2456 1794 2518 κυνῶν
1843 2452 2040 2532 ὑλακὴ
2086 2453 2297 2535 πέλει,
2344 2453 2499 2518 οὐδέ
2542 2474 2599 2516 τι
2644 2453 2819 2531 τοίγε

525 2557 592 2608 20
931 2554 1150 2621 ἄλλων
1196 2553 1582 2631 ἀγνώςςουςι
1630 2559 1882 2635 βροτῶν
1928 2554 2373 2634 ὀνομάκλυτον
2419 2556 2641 2635 αὐδήν.

626 2656 730 2721 καὶ
785 2657 1102 2721 Ἡςίοδος·
1158 2657 1233 2722 τὸ
1291 2658 1362 2722 δὲ
1418 2657 1712 2722 (ικυών
1770 2656 2090 2724 ὀξύνεται·
2158 2656 2284 2721 ἔςτι
2345 2658 2415 2722 δὲ
2471 2658 2657 2723 πόλις
2709 2659 3220 2740 Πελοποννήςου

627 2759 730 2823 καὶ
773 2758 812 2825 ὁ
855 2760 1096 2839 κτιςτὴς
1140 2759 1523 2842 ὁμοφώνως.
1588 2759 1892 2824 ὡςαύτως
1938 2759 2010 2824 δὲ
2054 2759 2158 2824 καὶ
2206 2759 2622 2841 Κρεμμυών
2668 2761 2844 2841 κώμη
2891 2762 3219 2842 Κορίνθου.

628 2861 904 2930 Εὔδοξος
949 2862 1020 2927 ἐν
1066 2862 1228 2947 ἕκτῳ
1273 2867 1390 2941 γῆς
1434 2862 1760 2941 περιόδου.
1850 2861 1954 2926 καὶ
2001 2861 2429 2942 Κρομμυών
2485 2863 2672 2928 πόλις
2716 2864 2960 2945 Λιβύηέ.
3049 2864 3219 2929 Ἑκα-

628 2967 822 3029 ταῖος.
911 2965 1007 3030 Τὰ
1050 2966 1268 3045 μέντοι
1313 2965 1471 3029 κατὰ
1515 2966 1771 3043 γενικὴν
1815 2964 2137 3043 τρέποντα
2181 2965 2256 3029 τὸ
2305 2969 2359 3027 ὤ
2404 2965 2493 3030 εἰς
2539 2971 2575 3025 ὃ
2624 2965 2946 3050 ὀξύνεται,
2993 2966 3219 3032 ἀλεκ-

524 3067 592 3119 25
627 3067 916 3149 τρυών,
963 3068 1305 3150 Γηρυών,
1355 3067 1745 3147 Κερκυών,
1793 3066 2309 3150 Ἀμφικτυών,
2356 3069 2893 3151 κελενδρυών,
2939 3071 3219 3134 κολοκ-

627 3169 899 3247 τρυών,

647 3282 651 3286 ⁴
797 3270 892 3336 Τὰ
936 3268 1024 3334 εἰς
1071 3257 1220 3351 β’ωιῗ
1263 3269 1607 3351 διςύλλαβα
1663 3269 1960 3348 ἀρςενικὰ
2017 3270 2385 3354 βαρύνεται,
2441 3270 2495 3335 εἰ
2550 3274 2631 3352 μὴ
2687 3272 2879 3352 μέρος
2935 3261 3223 3353 ςώματος

630 3374 820 3450 δηλοῖ
876 3370 1022 3437 οἷον
1081 3372 1441 3454 ςτίλβων,
1487 3372 1808 3455 (τίβων,
1865 3373 2183 3456 τρίβων,
2230 3373 2620 3458 (τράβων,
2677 3374 2970 3459 ἄμβων,
3027 3376 3220 3456 Νάρ-

632 3478 783 3553 βων
830 3473 1139 3553 ἐμπόριον
1184 3477 1288 3540 καὶ
1329 3475 1518 3540 πόλις
1565 3474 1841 3553 Κελτική.
1909 3474 2209 3555 (τράβων
2253 3476 2521 3561 τετάρτῃ
2569 3475 2662 3562 (p.
2702 3476 2877 3561 181),
2924 3478 3220 3559 (ίρβων

629 3664 758 3715 inde
805 3664 875 3714 ab
924 3660 1242 3727 Ἀλκμαίων
1291 3677 1462 3729 usque
1507 3664 1580 3714 ad
1627 3660 1819 3715 ἰςαίων
1866 3667 2097 3728 excepto
2136 3661 2441 3724 Ἀνταίων,
2490 3666 2635 3730 quod
2679 3682 2747 3716 ex
2797 3666 2876 3716 St.
2922 3667 2984 3718 B.
3030 3669 3121 3727 97,
3161 3670 3223 3717 14

630 3739 733 3794 est,
771 3732 976 3798 sumpsi
1011 3749 1081 3783 ex
1116 3732 1364 3798 Theogn.
1400 3734 1486 3796 29,
1530 3734 1575 3781 1.
1712 3732 1747 3783 l.
1784 3735 1816 3782 3
1852 3730 1921 3782 τὸ
1958 3730 2020 3782 δὲ
2058 3728 2473 3795 Ἑκατομβαιών
2509 3732 2702 3783 addidi
2739 3738 2960 3801 propter
2997 3737 3223 3786 canonis

629 3802 802 3853 verba
838 3801 1039 3866 μηνῶν
1076 3799 1330 3863 ὀνόματα
1368 3805 1424 3850 et
1457 3797 1527 3850 τὸ
1564 3798 1624 3851 δὲ
1661 3828 1724 3835 -
1763 3799 1943 3861 ὄνομα
1982 3800 2240 3862 ποταμοῦ
2278 3815 2397 3851 cum
2434 3801 2634 3851 lacuna
2677 3807 2903 3869 propter
2935 3803 3088 3853 fluvii
3132 3820 3223 3853 no-

631 3887 782 3932 men,
830 3869 978 3936 quod
1024 3870 1290 3921 excidisse
1330 3868 1649 3919 sumendum
1703 3873 1816 3924 est,
1876 3867 2032 3918 cuius
2080 3873 2266 3919 tamen
2318 3870 2539 3934 generis
2586 3871 2891 3936 exemplum
2937 3871 3071 3921 mihi
3115 3888 3223 3922 non

631 3939 890 4001 occurrit3
930 3939 1063 3988 item
1099 3936 1308 3989 ἐλαιών
1345 3936 1539 3987 addidi
1574 3952 1641 3986 ex
1676 3936 1923 4001 Theogn.
1960 3938 2045 3997 28,
2083 3938 2166 3989 30.
2338 3937 2371 3989 Ι.
2411 3941 2442 3988 5
2478 3953 2743 3988 canonem
2779 3938 2912 3989 finxi
2948 3955 3013 3989 ex
3053 3940 3132 3992 St.
3162 3941 3222 3993 B.

632 4006 864 4067 Χαύων;
902 4011 1129 4072 propter
1163 4006 1465 4072 scripturae
1501 4005 1829 4055 varietatem
1867 4001 2058 4068 χαβών
2095 4009 2150 4055 et
2185 4003 2413 4066 χαυνών
2449 4005 2689 4070 Hesyeh.
2727 4012 3005 4071 oxytonon
3030 4006 3222 4070 χαυών

633 4076 836 4126 addere
874 4075 1043 4125 nolui.
1219 4075 1255 4128 1.
1283 4077 1315 4125 9
1352 4089 1617 4123 canonem
1654 4072 1722 4122 de
1746 4070 2036 4138 bisyllabis
2074 4073 2131 4122 in
2169 4088 2292 4123 υων
2339 4074 2457 4139 ipse
2495 4077 2776 4140 composui
2813 4075 2947 4126 duce
2975 4075 3221 4142 Theogn.

629 4147 716 4208 29,
758 4147 839 4206 14,
875 4142 1022 4193 unde
1062 4141 1312 4208 exempla
1351 4143 1581 4207 sumpsi,
1620 4139 1803 4192 Μύων
1843 4140 2072 4205 explens
2110 4157 2177 4192 ex
2215 4143 2292 4193 St.
2332 4143 2395 4196 B.
2430 4143 2547 4204 462,
2591 4146 2655 4193 10
2694 4149 2750 4193 et
2784 4145 2902 4207 465,
2943 4146 3030 4204 17;
3067 4143 3223 4195 δύων

634 4229 720 4278 ap.
760 4212 1011 4276 Theogn.
1051 4215 1362 4275 corruptum
1400 4210 1573 4261 omisi.
1719 4209 1752 4258 1.
1793 4211 1853 4257 12
1890 4208 2086 4262 Arcad.
2129 4210 2207 4272 15,
2244 4213 2326 4260 22.
2378 4209 2604 4274 Ἰχθύων
2642 4211 2833 4262 addidi
2869 4227 2937 4262 ex
2973 4212 3220 4278 Theogn.

632 4284 726 4342 29,
769 4282 848 4343 17,
898 4277 1180 4342 Ἠμικύων
1220 4295 1286 4328 ex
1324 4277 1400 4329 St.
1439 4280 1500 4328 B.
1536 4279 1662 4340 302,
1701 4279 1763 4340 3,
1803 4273 2021 4327 (ἶικυών
2059 4276 2279 4345 explevi
2327 4295 2392 4328 ex
2438 4279 2518 4331 St.
2565 4279 2627 4331 Β.
2674 4282 2797 4342 569,
2836 4282 2868 4330 3
2915 4284 2969 4330 et
3013 4282 3099 4344 49,
3140 4283 3222 4343 19,

638 4344 948 4413 Κρεμμυών
986 4352 1043 4397 et
1082 4343 1396 4410 Κρομμυών
1434 4362 1502 4396 ex
1539 4344 1618 4395 St.
1647 4346 1704 4394 B.
1743 4347 1861 4406 382,
1898 4348 1990 4406 21,
2031 4343 2339 4409 Κρεμμυών
2379 4346 2547 4397 habet
2586 4349 2751 4398 etiam
2776 4348 3041 4413 Theogn„
3077 4348 3223 4399 unde

634 4419 988 4467 accesserunt
1024 4412 1396 4479 κελενδρυών,
1435 4413 1502 4464 do
1541 4429 1647 4479 quo
1685 4413 1917 4464 Photius
1956 4416 2071 4475 154,
2106 4417 2138 4465 4
2174 4412 2551 4479 κελενδρυόνα
2589 4414 2700 4479 (hic
2736 4420 3001 4467 accentus
3036 4432 3102 4467 ex
3126 4417 3223 4467 Ar·

635 4485 782 4535 cadii
828 4499 1037 4533 canone
1083 4483 1367 4547 ponendus
1413 4481 1520 4544 est)
1567 4478 1926 4545 κιχὴςιππον·
1973 4480 2088 4532 ἀπὸ
2133 4484 2237 4533 τοῦ
2288 4482 2585 4534 κελέοντος
2640 4483 2730 4534 καὶ
2781 4486 2884 4548 τῆς
2931 4483 3097 4548 δρυός
3144 4483 3222 4536 ὡς

638 4551 852 4615 μακρὸν
890 4550 980 4602 καὶ
1014 4548 1148 4602 δαςύ
1184 4551 1256 4600 cf.
1295 4552 1428 4601 Hes,
1468 4567 1508 4605 s.
1544 4566 1623 4607 v.,
1670 4554 1725 4600 et
1762 4548 2154 4614 κολοκτρυών,
2203 4555 2265 4600 ut
2304 4567 2398 4616 pro
2434 4551 2783 4617 κολουτριών
2821 4569 2888 4602 ex
2922 4554 3056 4604 Ηοε.
3094 4570 3136 4604 s.
3172 4570 3223 4606 v.

637 4620 988 4672 scribendum
1023 4625 1135 4682 est,
1175 4619 1352 4670 Schol.
1380 4618 1449 4668 ad
1475 4619 1640 4668 Arist.
1668 4619 1804 4670 Rau.
1832 4620 1957 4669 932:
1996 4617 2458 4682 ἱππαλεκτρυόνα
2495 4618 2772 4684 γράφεται
2817 4620 3219 4687 κολοκτρυὸνα,
3284 4651 3291 4656 -

637 4688 716 4740 ὡς
752 4687 914 4751 γένος
951 4702 1004 4738 τι
1040 4686 1319 4751 Περςικὸν
1355 4684 1681 4749 ἀττελάβοις
1720 4685 1935 4748 ὅμοιον.
2076 4687 2109 4739 1.
2148 4687 2214 4736 28
2251 4685 2492 4749 ςτίλβων
2531 4704 2650 4738 cum
2682 4690 2812 4740 Lob.
2838 4689 2909 4739 ad
2936 4690 3019 4747 Αἰ.
3046 4707 3099 4756 p.
3129 4692 3223 4740 166

637 4773 733 4822 pro
771 4754 1008 4819 ςτείβων
1045 4755 1240 4822 scripsi
1278 4771 1344 4804 ex
1371 4755 1568 4806 Choer.
1596 4757 1676 4811 74,
1714 4757 1808 4818 26,
1848 4752 2065 4817 (τίβων
2101 4753 2292 4804 addidi
2330 4771 2396 4804 ex
2433 4755 2680 4822 Theogn.
2720 4761 2802 4818 30,
2839 4759 2931 4820 32;
2972 4756 3222 4822 Εκρίβων

637 4842 724 4890 ap.
765 4824 959 4874 Choer.
999 4829 1055 4875 et
1088 4824 1333 4889 Theogn.
1370 4827 1428 4872 et
1466 4821 1698 4887 Κάρβων
1743 4839 1834 4887 ap.
1872 4823 2119 4888 Theogn.
2157 4829 2410 4889 corrupta
2447 4831 2576 4874 sunt
2622 4842 2689 4875 ex
2727 4823 2942 4889 (ίρβων
2988 4833 3046 4877 et
3084 4824 3222 4890 Νάρ-

640 4893 757 4954 βων
793 4908 880 4959 ap.
932 4894 1008 4943 St.
1046 4893 1109 4943 B.
1144 4893 1272 4951 469,
1313 4894 1376 4941 10
1421 4897 1477 4941 et
1520 4893 1644 4950 572,
1680 4891 1740 4950 4,
1789 4904 1929 4954 quae
1975 4889 2222 4956 apposui.
2292 4891 2539 4942 Lobeck.
2586 4892 2657 4942 ad
2694 4894 2778 4946 Ai.
2825 4910 2875 4959 p.
2919 4897 3012 4945 117
3059 4910 3223 4959 qutun

639 4977 725 5027 ap.
765 4961 843 5010 St.
881 4961 944 5013 B.
979 4961 1099 5024 469,
1140 4964 1203 5012 10
1239 4955 1457 5024 (ίρβων
1493 4987 1556 4993 --
1591 4957 1661 5010 τὸ
1698 4957 1968 5024 κτητικόν
2005 4955 2304 5022 (ιρβώνιος
2353 4958 2430 5012 ὡς
2471 4959 2827 5026 Κιθαιρώνιος
2867 4961 2955 5012 καὶ
2998 4961 3221 5026 Ἀργαν·

3302 1402 3351 1492 ¹²⁸¹·
