3664 5546
1529 442 1941 490 PRAEFATIO.
2858 443 3027 488 LXXI

461 608 679 663 treuer
724 596 1213 663 aufbcwahrten
1259 595 1551 662 Stiicken
1607 596 1722 660 des
1769 596 2107 662 Herodian
2164 597 2367 662 leidcr
2420 596 2644 677 leicht,
2700 598 2823 660 wie
2879 594 3028 660 sehr

461 700 567 765 die
620 698 1043 786 praktischen
1098 698 1378 764 Zwecke
1442 697 1558 762 der
1617 708 1880 783 spatern
1935 698 2426 764 Grammatikor
2489 721 2573 762 zu
2627 698 3028 782 Kiirzungen

460 801 782 888 gedrangt
820 800 1057 866 haben.

625 920 774 984 Den
819 918 1150 983 Herodian
1204 919 1307 982 ins
1361 918 1585 994 Leben
1641 918 2170 985 zuriickzurufen
2223 921 2312 983 ist
2365 919 2507 984 eine
2570 919 2807 983 achone
2861 920 3026 985 Auf-

458 1023 648 1107 gabe.
712 1021 820 1086 Sie
865 1019 1029 1085 wird
1072 1019 1270 1085 Miihe
1312 1020 1448 1084 und
1478 1021 1826 1086 Ausdauer
1870 1021 2171 1105 sordern,
2219 1022 2376 1087 aber
2418 1019 2807 1086 reichlichen
2841 1020 3027 1086 Lohn

456 1122 803 1209 bringen.“

635 1325 725 1392 II.
813 1328 1015 1407 Περὶ
1079 1329 1363 1407 κυρίων
1431 1331 1556 1394 καὶ
1618 1329 2000 1394 ἐπιθέτων
2062 1329 2186 1393 καὶ
2246 1335 2842 1408 προεηγορικῶν

1484 1449 1987 1530 μονόβιβλον.

624 1598 838 1664 Huius
882 1598 1032 1663 libri
1076 1599 1450 1663 memoriam
1496 1602 1784 1665 servavit
1813 1598 2028 1666 Schol.
2062 1598 2148 1663 ad
2177 1598 2477 1686 Euripid,
2509 1598 2846 1686 Hippolyt.
2877 1599 3022 1680 408,

457 1701 525 1766 in
590 1722 715 1787 quo
780 1700 862 1765 de
924 1702 1276 1765 meretricii
1338 1702 1576 1766 amori-s
1641 1702 2113 1768 inventricibus
2130 1750 2148 1783 ,
2212 1723 2484 1788 quarum
2546 1701 2811 1767 nomina
2874 1711 3027 1765 sunt

459 1806 701 1885 Μορφή
763 1805 994 1888 Κλυτή,
1048 1803 1283 1888 agitur.
1370 1802 1518 1867 Non
1571 1803 1760 1888 plene
1813 1805 2251 1890 fragmentum
2314 1812 2643 1868 servatum
2708 1812 2839 1884 est,
2907 1802 3021 1867 scd

455 1907 596 1970 iure
640 1905 950 1970 Lehrsius
995 1904 1243 1970 Herod.
1287 1928 1354 1992 p.
1396 1904 1525 1969 420
1575 1905 1825 1971 iudicat
1882 1906 2396 1972 demonstratum
2448 1905 2680 1986 fuisse,
2739 1903 3021 1990 appella-

456 2008 662 2073 tivum
730 2010 947 2088 μορφή
1005 2007 1341 2072 transiisse
1389 2007 1461 2070 in
1511 2007 1849 2094 proprium
1904 2010 2179 2093 Μορφή,
2245 2006 2641 2072 adiectivum
2701 2010 2894 2086 κλυτή
2954 2007 3022 2072 in

452 2109 788 2196 proprium
824 2111 1041 2189 Κλυτή.
1099 2108 1400 2174 Alterum
1430 2110 1761 2194 egregium
1807 2111 2243 2195 fragmentum
2282 2110 2475 2174 huius
2507 2107 2710 2174 libelli
2740 2110 3022 2173 auctoris

453 2213 710 2276 nomine
765 2232 1113 2297 suppresso
1171 2219 1386 2275 exstat
1437 2212 1506 2275 in
1560 2211 1684 2298 Ep.
1732 2211 1840 2276 Cr.
1898 2212 1933 2277 I
1988 2213 2154 2292 277,
2194 2211 2308 2292 29,
2367 2212 2433 2274 in
2491 2233 2616 2298 quo
2674 2210 3024 2295 exponitur

453 2318 655 2394 μοῦεα
684 2311 981 2399 primitus
1013 2311 1475 2398 appellativum
1506 2334 1649 2377 esse
1679 2322 1745 2378 et
1776 2313 2056 2400 speciem
2086 2313 2351 2400 quidem
2389 2312 2709 2397 generalis
2742 2312 3021 2377 nominis

452 2417 596 2499 θεά,
653 2436 805 2480 vere
860 2425 1074 2481 autem
1125 2415 1392 2499 propria
1446 2436 1588 2479 esse
1642 2417 1904 2480 nomina
1958 2415 2360 2500 singularum
2414 2413 2774 2478 Musarum.
2872 2413 3020 2480 Hoc

451 2517 891 2601 fragmentum
942 2514 1305 2581 Herodiani
1362 2533 1506 2581 esse
1558 2525 1739 2603 patet
1801 2528 1869 2583 et
1934 2539 2014 2580 ex
2080 2519 2560 2603 comparatione
2613 2516 2805 2580 unius
2872 2537 3021 2579 cum

450 2619 641 2684 titulo
698 2617 942 2683 servati
995 2615 1439 2683 adnotamenti
1496 2627 1560 2683 et
1612 2641 1694 2682 ex
1739 2618 2074 2694 Mnaseae,
2140 2620 2322 2682 cuius
2381 2617 2761 2703 saepissime
2814 2617 3019 2682 Hero-

453 2720 686 2786 dianus
731 2719 800 2783 in
831 2717 1168 2789 catholica
1211 2718 1531 2802 meminit,
1579 2719 1920 2804 citatione,
1962 2713 2049 2785 ¹ex
2094 2718 2286 2785 docta
2317 2717 2803 2785 dialecticarum
2830 2741 3018 2784 voca-

449 2822 586 2888 buli
631 2822 988 2909 specierum
1032 2822 1473 2908 expositione,
1520 2844 1604 2886 ex
1647 2820 1904 2886 erudita
1957 2831 2263 2887 accentus
2307 2820 2795 2908 explanatione,
2853 2844 3017 2907 quae

450 2923 751 3010 congruit
811 2933 1146 3009 praeterea
1209 2946 1358 2989 cum
1421 2923 1597 2987 Mon.
1649 2924 1758 3006 12,
1815 2923 1897 2988 28
1964 2935 2029 2987 et
2082 2922 2324 2987 Arcad.
2374 2923 2486 3000 97,
2550 2924 2648 2987 17.
2751 2923 2859 2987 Ex
2915 2922 3015 2987 his

451 3025 706 3092 duobus
748 3024 1164 3111 fragmentis,
1199 3024 1481 3089 maxime
1513 3047 1598 3089 ex
1627 3047 1730 3103 ec,
1772 3024 1947 3112 quod
1978 3026 2048 3088 in
2078 3025 2527 3111 Epimerismis
2560 3025 2856 3089 relictum
2898 3033 3014 3106 est,

449 3128 801 3194 coniectari
838 3138 1056 3214 potest
1085 3125 1530 3191 Herodianum
1571 3126 2075 3212 disputationem
2108 3148 2292 3191 suam
2322 3149 2406 3191 ex
2434 3126 2709 3211 singulis
2739 3127 3017 3191 maxime

448 3227 974 3296 memorabilibus
1006 3228 1341 3295 vocabulis
1389 3227 1819 3314 suspendisse·
1854 3239 1918 3294 et
1961 3248 2080 3294 suo
2111 3251 2287 3293 more
2328 3251 2459 3292 non
2504 3225 2710 3293 solum
2758 3227 2838 3291 de
2882 3250 3016 3293 mu-

447 3341 582 3397 tato
629 3331 735 3397 vel
777 3353 907 3395 non
951 3339 1197 3396 mutato
1240 3339 1545 3413 accentu,
1592 3330 1708 3395 sed
1753 3330 1835 3395 de
1875 3331 2126 3416 origine
2157 3329 2652 3413 vocabulorum,
2694 3329 2785 3395 de
2830 3330 3014 3395 decli-

450 3443 642 3516 natu,
689 3434 770 3497 de
813 3432 1085 3498 historia
1138 3454 1361 3497 eorum
1415 3432 1563 3497 fuse
1622 3433 2030 3497 disseruisse.
2120 3433 2403 3517 Egregie
2448 3431 2619 3497 hunc
2664 3431 3015 3497 Prosodiae

447 3534 693 3615 locum,
760 3533 828 3599 in
893 3556 1017 3622 quo
1072 3533 1438 3600 Aristarchi
1500 3545 1568 3600 et
1622 3532 1963 3619 diligentia
2025 3542 2094 3599 et
2156 3556 2425 3599 acumen
2481 3556 2672 3620 quam
2735 3533 3016 3598 maxime

449 3635 779 3723 splendet,
846 3636 1156 3702 Lehrsius
1215 3635 1295 3701 de
1360 3634 1724 3701 Aristarchi
1779 3636 2017 3700 studiis
2062 3659 2127 3721 p.
2172 3635 2366 3700 264²·
2396 3659 2574 3722 seqq.
2642 3634 3013 3700 illustravit.

448 3738 814 3803 Aristarchi
858 3737 1137 3823 vestigia
1163 3738 1407 3823 pressit
1434 3736 1880 3819 Herodianus,
1926 3737 2030 3801 cui
2061 3737 2294 3801 summi
2323 3737 2728 3823 grammatici
2757 3739 3018 3821 egregia

446 3840 529 3905 de
582 3840 704 3906 hac
758 3841 1029 3905 materia
1082 3849 1428 3926 praecepta
1485 3838 1816 3904 debemus,
1904 3840 2012 3904 Ex
2065 3838 2426 3903 Herodiani
2481 3839 2683 3921 notia,
2740 3860 2907 3925 quae
2951 3849 3016 3903 et

446 3966 530 4007 ex
558 3941 879 4009 Prosodia
909 3940 1245 4007 Catholica
1289 3950 1354 4006 et
1397 3964 1480 4005 ex
1510 3940 1859 4006 Homerica
1901 3941 2094 4008 nobis
2128 3951 2410 4023 restant,
2455 3940 2624 4005 hanc
2655 3939 3016 4004 doctrinam

444 4044 922 4131 quodammodo
968 4053 1335 4108 restaurare
1378 4052 1444 4107 et
1484 4065 1829 4130 possumus
1876 4052 1968 4126 et,
2029 4054 2104 4108 ut
2158 4044 2287 4107 viri
2330 4043 2544 4127 imago
2591 4042 3011 4127 exprimatur,

446 4145 777 4212 debemus.
840 4146 1057 4227 Quare
1088 4146 1341 4211 duobus
1373 4144 1760 4230 fragmentis
1794 4145 2102 4211 subiunxi
2146 4142 2423 4209 frustula
2451 4144 2642 4209 huius
2683 4143 3016 4209 doctrinae

441 4246 730 4335 undique
795 4246 1064 4314 collecta
1127 4270 1257 4313 non
1320 4269 1447 4333 quo
1503 4247 1581 4311 iis
1650 4246 1857 4312 libelli
1921 4245 2161 4332 perditi
2216 4249 2680 4332 praestantiam
2735 4246 2804 4309 in
2871 4241 3014 4308 lucc

442 4348 749 4416 collocari
791 4348 1083 4433 credam,
1138 4349 1256 4413 sed
1299 4358 1373 4415 ut
1415 4371 1668 4414 summa
1723 4358 1938 4412 tamen
1992 4346 2263 4433 fastigia
2321 4348 2665 4412 emineant.
2753 4346 2831 4411 In
2885 4368 3015 4432 qua

439 4474 547 4543 γε,
591 4475 788 4539 quum
842 4451 1055 4537 aptior
1110 4449 1454 4516 ordinandi
1511 4451 1675 4516 ratio
1730 4449 1890 4514 mihi
1949 4472 2080 4514 non
2135 4450 2490 4532 succurrit,
2547 4449 2723 4513 viam
2778 4446 3012 4511 Catho-

440 4553 607 4619 licae
645 4553 999 4619 Prosodiae
1041 4551 1374 4638 ingrediar
1429 4564 1494 4617 et
1537 4553 1814 4638 primum
1852 4571 2232 4637 componam
2277 4549 2594 4637 epitheta,
2641 4572 2806 4634 quac
2850 4549 3014 4612 fiunt

320 4655 332 4663 ’
441 4657 707 4743 propria
750 4665 1021 4721 accentu
1061 4664 1314 4721 mutato
1373 4664 1484 4719 aut
1526 4663 1776 4718 retento
1789 4702 1807 4735 ,
1865 4661 2002 4717 tum
2046 4650 2476 4738 appellativa,
2540 4672 2706 4736 quae
2758 4650 2825 4714 in
2868 4673 3009 4739 pro-

442 4759 593 4846 pria
635 4766 1144 4843 transmutantur
1186 4756 1498 4843 prosodia
1541 4764 1802 4820 servata
1845 4763 1958 4819 aut
1998 4763 2269 4821 mutata.
