3664 5546
620 415 745 481 222
1549 413 1630 468 ΕΚ
1670 413 1808 467 ΤΩΝ
1852 412 2255 467 ΗΡΩΔΙΑΝΟΥ

620 586 881 652 λεκτέον
926 585 1027 650 καὶ
1069 586 1427 666 Ἀραχώτης
1471 585 1573 649 καὶ
1616 584 1991 664 Ἀραχωτός.
2082 583 2545 662 Βουθρωτός
2602 586 2792 662 νῆςος
2847 582 2993 661 περὶ
3039 581 3186 661 Κέρ-

618 709 833 767 κυραν.
920 687 1046 753 ἔςτι
1099 689 1202 752 καὶ
1244 688 1443 752 πόλις.
1532 686 1997 765 Θεςπρωτός
2042 684 2261 768 ἔθνος,
2318 686 2618 765 μυωτός
2665 684 2840 750 εἶδος
2896 688 3187 766 χιτῶνος,

618 790 873 855 άλωτό
892 812 938 856 ς.
966 789 1059 854 ’τὸ
1090 791 1160 854 δὲ
1205 789 1715 868 δορυάλωτος
1761 789 2065 853 ςύνθετον
2094 788 2663 867 προπαροξύνεται.
2716 788 2797 851 τὰ
2839 788 2910 851 δὲ
2954 786 3190 865 ἔχοντα

619 893 688 957 ἐν
732 899 808 977 τῇ
852 892 1075 976 πρώτῃ
1117 893 1192 958 τὸ
1240 894 1281 955 ἇ
1325 892 1681 971 ςτερητικὸν
1726 890 2310 973 προπαροξύνεται,
2366 889 2757 972 ἄγνωτος,
2803 888 3187 970 ἄτρωτος,

559 1008 592 1059 5
622 993 1008 1077 ἄπτωτος,
1065 993 1390 1060 ἄζωτος·
1478 992 1603 1058 ἔςτι
1661 995 1763 1058 καὶ
1803 994 2138 1059 Ἄζωτος
2192 992 2378 1057 πόλις
2422 990 2857 1069 Παλαιςτίνης.
2945 991 3047 1054 καὶ
3098 988 3189 1055 ἔτι

618 1097 697 1161 τὰ
743 1096 1037 1179 ςύνθετα,
1085 1095 1578 1161 ἀνακίδωτος
1623 1094 1777 1159 ἄνευ
1809 1093 2055 1177 ἀκίδος,
2102 1092 2600 1177 ἀπύργωτος,
2644 1092 3190 1175 πολύγνωτος,

621 1197 1130 1279 ἀκηλίδωτος.
1189 1197 1586 1285 ςεςημείωται
1618 1198 1693 1262 τὸ
1723 1198 2101 1277 ’Ἀςβωτος
2131 1195 2316 1261 πόλις
2348 1196 2687 1261 Θεςςαλίας
2731 1196 2833 1260 καὶ
2877 1194 3189 1260 Μάςκω-

619 1320 752 1365 τος
794 1288 985 1365 πόλις
1025 1298 1269 1380 Λιβύης.
1357 1299 1682 1365 Ἑκαταῖος
1723 1298 2154 1378 περιηγήςεως
2200 1298 2268 1378 β’.

787 1402 881 1467 Τὰ
925 1401 1013 1468 εἰς
1042 1404 1163 1466 iffi
1205 1402 1711 1482 ύπερδιςύλλαβα
1739 1401 1923 1479 κύρια
1964 1401 2065 1465 καὶ
2093 1400 2525 1480 προςηγορικά
2554 1400 2814 1465 ἔννοιαν
2846 1399 3192 1464 ςυνθέςεως

527 1516 595 1570 10
627 1503 862 1583 ἔχοντα
905 1505 1006 1568 καὶ
1049 1502 1140 1567 ἔτι
1184 1505 1301 1581 τὴν
1345 1503 1840 1582 παραλήγουςαν
1895 1501 1983 1566 εἰς
2027 1500 2428 1583 ἀμετάβολον
2480 1503 2959 1580 καταλήγουςαν
3005 1500 3193 1582 βαρύ-

620 1627 826 1689 νεται,
881 1605 935 1670 εἰ
992 1606 1073 1686 μὴ
1130 1605 1425 1683 διαςτολή
1480 1626 1572 1670 τις
1626 1604 1912 1687 γένοιτο,
1969 1602 2369 1682 Ἁλίαρτος
2421 1603 2608 1668 πόλις
2655 1601 2959 1667 Βοιωτίας
3014 1601 3193 1681 ἀρςε-

621 1713 825 1773 νικῶς.
892 1707 1176 1787 Ὅμηρος
1222 1708 1544 1786 «ποιήενθ’
1587 1706 1959 1785 Ἁλίαρτον»
2006 1702 2113 1787 (Il.
2149 1706 2195 1769 Β
2224 1703 2399 1788 503).
2447 1705 2692 1780 λέγεται
2737 1707 2809 1769 δὲ
2854 1704 3191 1782 οἰκιςθῆναι

621 1810 751 1875 ὑπὸ
795 1809 1126 1889 Ἁλιάρτου
1170 1814 1287 1874 τοῦ
1319 1809 1742 1889 Θερςάνδρου.
1789 1807 2153 1888 Ἀρμενίδας
2198 1808 2266 1872 δ’
2296 1808 2366 1873 ἐν
2409 1813 2500 1891 τῷ
2545 1806 2940 1886 ρἈρίαρτόν
2986 1824 3191 1887 φηςιν.

619 1913 1010 1992 Ἄψυρτος
1077 1915 1229 1977 παῖς
1282 1911 1512 1991 Αἰήτου
1567 1912 1669 1975 καὶ
1721 1910 1923 1975 τόπος
1989 1910 2060 1975 ἐν
2123 1915 2214 1994 τῷ
2271 1908 2540 1994 Εὐξείνῳ
2594 1910 2848 1994 πόντῳ,
2904 1909 3193 1988 Ἄψαρος

522 2026 587 2080 15
623 2013 887 2092 ὕςτερον
955 2013 1318 2091 λεγόμενος.
1416 2011 1874 2092 Ἀρτεμίδωρος
1939 2011 2008 2076 ἐν
2074 2012 2356 2096 ἐπιτομῇ.
2460 2012 2560 2075 καὶ
2622 2010 2946 2092 Πολύβιος
2999 2014 3194 2089 νῆςον

621 2116 951 2195 Ἄψυρτον
980 2115 1228 2194 ἱςτορεῑ.
1291 2114 1661 2196 (ίβυρτος
1691 2114 1878 2179 πόλις
1912 2113 2166 2192 Κρήτης.
2233 2113 2652 2193 ἄςφαλτος.
2719 2113 3193 2193 Ἀμάραντος

622 2219 697 2283 τὸ
742 2217 993 2301 κύριον,
1037 2218 1113 2282 τὸ
1159 2219 1231 2283 δὲ
1275 2218 1527 2282 ἐθνικὸν
1558 2216 1848 2284 ὀξύνεται
1895 2215 1984 2280 ὡς
2016 2215 2497 2294 Ἀπεραντός.
2565 2216 2677 2281 εἰςὶ
2720 2217 2791 2280 δὲ
2821 2213 3194 2295 Ἀμαραντοί

628 2320 936 2399 Κολχικὸν
982 2319 1203 2402 ἔθνος,
1249 2318 1373 2399 ἀφ’
1417 2317 1509 2383 ὧν
1555 2317 1592 2382 ὁ
1636 2316 1828 2382 Φᾶςις
1871 2317 1970 2396 ῥεῖ
1979 2366 1997 2400 ,
2043 2317 2194 2383 ὅθεν
2238 2318 2340 2381 καὶ
2382 2316 2797 2397 Ἀμαράντιον
2841 2319 2957 2383 τὸν
3001 2314 3196 2381 Φᾶςίν

623 2442 832 2502 φαςιν.
901 2421 963 2486 οἱ
1006 2423 1078 2487 δὲ
1123 2421 1495 2499 Ἀπεραντοί
1541 2419 1728 2485 ἔθνος
1773 2418 2130 2485 Θεςςαλίας.
2175 2418 2652 2499 Ὀδόμαντος
2697 2419 2886 2485 ἔθνος
2930 2420 3195 2502 Θρᾴκης.

522 2539 591 2592 20
624 2524 1014 2603 Θουκυδίδης
1069 2523 1335 2607 δευτέρᾳ
1379 2524 1464 2605 (ο.
1516 2520 1679 2603 101).
1768 2521 2216 2599 (άγουντος
2270 2522 2455 2588 πόλις
2509 2523 2579 2587 ἐν
2634 2521 2981 2588 Ἱςπανίαις.
3053 2521 3195 2586 Τά-

625 2646 910 2704 ραντος
954 2626 1141 2690 πόλις
1173 2624 1495 2708 Βιθυνίας,
1539 2624 1695 2689 ἔνθα
1724 2627 1970 2704 τιμᾶται
2000 2624 2397 2703 Ταρανταῑος
2426 2624 2621 2708 Ζεύς,
2665 2625 2755 2689 ὡς
2784 2623 3198 2717 Δημοςθένης

626 2728 695 2794 ἐν
754 2727 1034 2812 δευτέρῳ
1081 2728 1502 2810 Βιθυνιακῶν,
1558 2726 1904 2807 ἀρςενικῶς
1960 2727 2288 2808 λεγομένη.
2377 2725 2631 2807 εὕρηται
2683 2726 2786 2792 καὶ
2841 2726 2945 2792 διὰ
3000 2729 3116 2791 τοῦ
3160 2730 3196 2790 δ

623 2829 987 2909 Δάρανδος.
1074 2830 1499 2895 Δύςποντο
1519 2851 1549 2895 ς
1604 2829 1641 2894 ὁ
1685 2829 2023 2913 Πέλοπος,
2080 2829 2204 2910 ἀφ’
2260 2828 2339 2894 οὗ
2389 2829 2800 2895 Δυςπόντιον
2854 2830 3038 2893 πόλις
3082 2828 3196 2893 Πι-

626 2933 816 2998 ςαίας.
862 2932 1152 2999 ὀξύνεται
1184 2934 1255 2998 δὲ
1284 2934 1364 2997 τὰ
1397 2933 1526 3012 πρὸ
1556 2932 1782 2997 τέλους
1811 2935 1895 2997 ἵν’
1928 2931 2196 3015 ἔχοντα,
2239 2932 2679 3014 Λωμεντός,
2723 2930 3198 3012 Λαυρεντός,

522 3049 589 3100 25
625 3034 1057 3117 (ωρεντός,
1104 3034 1610 3117 Βενεβεντός,
1664 3034 1704 3113 ἢ
1761 3034 1863 3099 καὶ
1909 3034 2284 3099 Μαλοεντός
2334 3035 2606 3109 ἐλέγετο.
2700 3033 3198 3112 Καρουεντός

622 3136 967 3203 Διονύςιος
1013 3134 1064 3218 β’
1108 3136 1453 3216 Ῥωμαῖκῆς
1497 3135 1975 3215 ἀρχαιολογίας·
2042 3135 2115 3201 ἔν
2158 3157 2273 3201 τιςι
2331 3137 2403 3201 δὲ
2455 3137 2767 3216 γράφεται
2817 3134 3198 3214 Καρυεντός·

622 3238 1063 3321 Ῥαρεντός,
1107 3239 1326 3303 πόλεις
1371 3236 1704 3322 (ικελικαί,
1751 3238 2053 3303 ὡςαύτως
2097 3239 2200 3302 καὶ
2240 3239 2715 3304 Πο-λλεντός.
2774 3238 2866 3303 ἔτι
2910 3237 3196 3306 ὀξύνεται

625 3342 727 3405 καὶ
780 3342 857 3406 τὸ
900 3341 1322 3418 κονιορτός
1367 3341 1468 3404 καὶ
1509 3339 1995 3418 κολοςυρτός
2039 3338 2304 3405 ςύνθετα
2347 3339 2520 3406 ὄντα.
2607 3340 2685 3405 τὰ
2729 3341 2946 3420 μέντοι
2992 3340 3195 3405 ἐπιθε-

624 3443 764 3508 τικὰ
808 3442 1130 3526 ὀξύνεται,
1172 3441 1529 3526 ἱμερτός,
1573 3442 1925 3525 ἐγερτός,
1969 3442 2339 3523 ύφαντός.

627 3698 997 3764 Θεςπρωτός,
1043 3699 1260 3752 ἄζωτος
1306 3715 1372 3749 ex
1409 3700 1655 3764 Theogn.
1709 3705 1764 3749 et
1808 3698 2061 3752 Ἄζωτος
2116 3714 2183 3748 ex
2228 3699 2308 3752 St.
2356 3702 2418 3751 B.
2463 3726 2526 3735 —
2573 3700 2637 3750 In
2683 3700 2785 3751 fine
2838 3696 3200 3764 ςεςημείωται

627 3769 911 3832 Ἀςβωτος
947 3768 1037 3819 καὶ
1074 3766 1389 3820 Μάςκωτος
1426 3783 1492 3817 ex
1529 3771 1791 3829 accentu,
1830 3782 1990 3832 quem
2026 3767 2163 3817 haee
2199 3768 2419 3819 nomina
2457 3783 2546 3834 ap.
2582 3768 2665 3819 St.
2691 3770 2752 3818 Β.
2788 3768 3012 3830 habent,
3050 3766 3198 3816 finxi.

761 3837 796 3887 l.
833 3840 865 3888 9
910 3834 1286 3902 προςηγορικὰ
1331 3851 1454 3884 eum
1499 3834 1758 3886 Schmidt.
1802 3835 2037 3894 inserui,
2083 3830 2371 3899 Ἁλίαρτος
2426 3836 2643 3901 explevi
2699 3852 2764 3886 ex
2810 3839 2889 3887 st.
2934 3836 3024 3897 B.‚
3068 3836 3200 3886 item

627 3904 938 3970 Ἄψυρτος
981 3921 1048 3955 ex
1084 3904 1272 3955 eodem
1315 3902 1502 3953 addidi
1540 3898 1818 3967 (ίβυρτος.
1855 3929 1923 3939 -
1965 3903 2047 3953 De
2084 3901 2430 3967 Ἀμαραντός
2467 3905 2648 3954 Schol.
2695 3904 2764 3954 ad
2808 3903 2985 3969 Apoll.
3024 3902 3197 3955 Rhod.

628 3971 667 4025 Β
704 3975 803 4024 399
841 3975 928 4034 (Ε.
963 3974 1038 4022 Μ.
1076 3975 1160 4035 77,
1194 3971 1286 4032 45)
1327 3970 1693 4035 Ἀμαραντῶν
1730 3969 2196 4035 περιςπωμένως,
2243 3970 2321 4024 ὥς
2358 3986 2526 4037 φηςιν
2563 3970 2903 4036 Ἡρωδιανὸς
2947 3969 3010 4021 ἐν
3045 3973 3129 4036 τῷ
3164 3972 3199 4034 ἦ

624 4043 729 4106 τῆς
765 4038 1032 4092 καθόλου·
1070 4039 1183 4091 ἔςτι
1228 4037 1289 4090 δὲ
1329 4037 1673 4103 Ἀμαραντός
1719 4038 1881 4090 πόλις
1929 4038 1991 4089 ἐν
2026 4036 2269 4105 Πόντῳ,
2320 4038 2399 4091 ὡς
2442 4039 2504 4091 δὲ
2539 4038 2711 4091 αὐτός
2748 4054 2908 4105 φηςι,
2946 4038 3051 4104 ὄρη
3097 4040 3201 4103 τῆς

630 4107 918 4174 Κολχίδος,
957 4107 1014 4161 ἐξ
1052 4105 1136 4159 ὧν
1172 4107 1205 4158 ὁ
1230 4105 1397 4159 Φᾶςις
1423 4105 1677 4169 ποταμὸς
1709 4105 2114 4171 καταφέρεταις
2153 4107 2340 4173 paullo
2377 4113 2524 4173 post:
2565 4107 2652 4159 ὅτι
2687 4107 2749 4159 δὲ
2784 4106 2856 4159 τὰ
2883 4106 3201 4172 Ἀμαραντὰ

628 4176 732 4243 ὄρη
769 4176 882 4229 ἑςτί
931 4173 1194 4240 Κολχίδος
1238 4172 1443 4240 ίςτορεῖ
1490 4171 1723 4238 Κτηςίας
1768 4173 1830 4226 ὲν
1867 4177 1951 4240 τῷ
1990 4170 2054 4238 β’,
2102 4175 2246 4225 unde
2291 4176 2668 4242 intellegimus
2714 4173 3060 4240 Ἀμαραντός
3106 4175 3200 4225 ad-

626 4245 827 4296 ieetive
873 4251 1192 4311 usurpatum
1238 4259 1360 4294 esse
1404 4244 1511 4305 ita,
1558 4248 1621 4293 nt
1654 4235 1999 4307 Ἀμαραντοί
2032 4243 2321 4308 populum,
2370 4242 2688 4308 Ἀμαραντά
2732 4250 2948 4296 montes
2994 4243 3199 4309 signifi-

629 4319 797 4367 caret.
867 4314 932 4364 In
965 4315 1031 4363 Ε.
1057 4313 1130 4364 Μ.
1169 4311 1415 4362 additur:
1450 4310 1524 4363 τὰ
1559 4308 1851 4378 ἀμάραντα
1887 4308 2118 4373 ςώματα
2152 4312 2452 4376 berytonos
2486 4312 2832 4364 scribendum
2870 4328 3019 4375 esse,
3056 4311 3200 4362 unde

627 4381 919 4432 concludas
953 4398 1041 4447 ap.
1076 4380 1452 4431 Herodianum
1488 4380 1771 4431 exstitisse
1809 4376 2154 4443 Ἀμάραντος
2189 4378 2260 4430 τὸ
2297 4378 2487 4445 κύριον
2524 4379 2603 4433 ὡς
2638 4379 2956 4446 ἀμάραντος
2990 4379 3061 4431 τὸ
3086 4378 3200 4431 ἑπι-

628 4446 865 4500 θετικόν.
901 4477 967 4485 -
1004 4449 1084 4500 St.
1120 4450 1184 4498 B.
1220 4451 1304 4511 83,
1345 4451 1407 4499 13
1445 4445 1780 4512 Ἀμαραντοί
1816 4446 2129 4512 ὀξυτόνως,
2171 4446 2439 4511 Κολχικὸν
2476 4447 2663 4511 ἔθνος;
2707 4452 2818 4513 104,
2849 4452 2909 4500 12
2945 4446 3014 4500 τὸ
3042 4447 3200 4500 Ἀπε-

627 4515 824 4581 ραντοί
860 4515 939 4568 ὡς
978 4513 1315 4582 Ἀμαραντοί
1359 4515 1672 4581 ὀξυτόνως,
1719 4516 1864 4568 unde
1910 4515 2085 4566 adieci
2131 4513 2210 4567 ὡς
2254 4515 2323 4567 τὸ
2363 4515 2721 4581 Ἀπεραντός.
2756 4545 2822 4554 -
2861 4514 3201 4580 Ὀδόμαντος

631 4611 694 4620 -
729 4584 1062 4637 Δύςποντος
1108 4591 1459 4636 accesserunt
1513 4601 1580 4634 ex
1626 4586 1706 4636 St.
1741 4586 1803 4636 B.
1840 4611 1905 4620 —
1950 4581 2253 4648 Λωμεντός
2298 4584 2467 4635 habet
2509 4587 2677 4636 etiam
2713 4585 2794 4637 St.
2828 4587 2890 4639 B.
2975 4601 3033 4636 ro
3080 4581 3200 4635 Νω-

631 4652 860 4719 μεντός,
900 4655 981 4705 sie
1016 4660 1079 4704 ut
1122 4669 1272 4704 error
1307 4653 1622 4704 Herodiano
1669 4651 2038 4720 assignandus
2082 4654 2181 4703 sit:
2227 4650 2531 4716 Λωμεντός
2578 4653 2740 4706 πόλις
2780 4653 2919 4706 Ἰταλ
2943 4667 3032 4716 ας,
3078 4650 3200 4704 ὀξυ-

627 4720 814 4774 τόνως
867 4723 958 4774 καὶ
1012 4721 1113 4773 ὅςα
1165 4717 1243 4773 είς
1285 4721 1389 4773 ’τ’-(ἥ
1548 4723 1612 4774 ’ἐν
1657 4722 1900 4787 ςυλλαβῇ
1956 4719 2281 4785 παραλήγει.
2360 4717 2678 4786 (ωρεντός,
2734 4738 2831 4788 pro
2885 4738 2990 4788 quo
3033 4720 3200 4774 Mein.

630 4788 940 4856 Ευρρεντός
966 4805 1169 4856 ponere
1195 4790 1341 4854 vult,
1366 4818 1431 4827 —
1458 4789 1470 4807 ‘
1517 4788 1752 4857 αρεντός
1778 4807 1847 4841 ex
1872 4790 1953 4839 St.
1978 4790 2041 4843 B.
2068 4790 2289 4841 inserui.
2339 4788 2533 4841 πόλεις
2559 4787 2832 4843 (ικελικαὶ
2858 4806 2965 4841 non
2990 4795 3201 4840 mutan-

629 4857 753 4908 dum
791 4866 877 4909 est
902 4860 958 4908 in
986 4856 1264 4920 Ἰταλικαί,
1340 4873 1464 4909 uum
1487 4859 1689 4912 Herod.
1715 4858 1957 4910 Siciliam
1983 4872 2080 4921 pro
2106 4857 2368 4908 inferiore
2395 4864 2553 4925 parte
2578 4860 2780 4910 Italiae
2806 4858 2957 4909 dieat
2981 4858 3053 4908 ef.
3077 4859 3197 4910 Are.

634 4930 712 4989 16,
738 4929 805 4976 24
831 4925 1102 4988 Εούλμων
1126 4925 1289 4978 πόλις
1357 4926 1578 4980 ικελίας.
1623 4929 1807 4980 Etiam
1831 4923 2157 4978 Πολλεντός
2184 4941 2249 4977 ex
2276 4926 2356 4978 St.
2381 4928 2446 4980 B.
2473 4929 2733 4992 accessit,
2756 4928 2849 4979 ubi
2874 4924 3199 4980 Πολλεντός
