3664 5546
1153 319 1310 401 ΠεΡι
1354 347 1745 401 κΑοοΛικΗς
1782 347 2204 402 πΡοςΩιΔιΑς
2246 348 2318 402 ur.
2907 307 3030 412 367

447 517 698 595 Ἀδρίαν
743 516 874 581 ἀπὸ
907 516 1187 594 Βρέντου
1232 516 1618 595 Ἡρακλέους
1662 518 1701 595 ἢ
1750 517 1842 583 ὡς
1883 518 2212 596 εὐλίμενος
2257 517 2441 581 οὖςα·
2487 516 2582 581 ἑνὶ
2624 519 2747 595 γὰρ
2780 518 3032 595 ςτόματι

447 619 693 698 λἰμένες
736 619 974 682 πολλοὶ
1002 618 1496 682 κατακλείονται.
1565 619 1655 683 ὼς
1700 617 1947 681 ἐοικυῖα
1988 619 2207 682 τοίνυν
2251 622 2498 701 κεφαλῇ
2545 618 2797 697 ἐλάφου
2828 618 3034 682 οὕτως

447 718 801 799 ὠνομάςθη.
892 719 1159 799 βρέντον
1215 719 1338 796 γὰρ
1392 719 1567 796 παρὰ
1615 718 2008 784 Μαςςαπίοις
2063 720 2103 797 ἡ
2157 723 2268 796 τῆς
2312 719 2563 799 ἐλάφου
2608 719 2889 809 κεφαλή,
2945 720 3034 784 ὡς

448 821 753 885 (έλευκος
819 822 890 885 ἐν
960 820 1240 902 δευτέρῳ
1295 823 1613 895 γλωςςῶν.
1701 820 2062 884 Εἰλέςιον
2118 820 2305 883 πόλις
2350 820 2670 885 Βοιωτίας.
2747 821 3034 900 Ὅμηρος

449 924 592 987 «καὶ
635 924 914 987 Εἰλέςιον
959 923 1061 986 καὶ
1104 921 1441 1000 Ἐρυθράς»
1487 924 1563 1004 (Β
1592 920 1764 1002 499).
1824 922 2333 1000 Μαραθήςιον
2377 921 2565 986 πόλις
2614 921 2855 1000 Καρίας.
2901 922 3030 986 ἔςτι
3074 931 3106 981 5

448 1026 550 1089 καὶ
592 1025 779 1088 πόλις
824 1023 1142 1103 Ἐφεςίων.
1231 1023 1684 1101 Ἀκακήςιον
1741 1023 1929 1086 πόλις
1974 1023 2336 1104 Ἀρκαδίας,
2391 1021 2523 1086 ἀπὸ
2570 1022 2835 1088 Ἀκάκου
2890 1045 3033 1087 παι-

448 1127 561 1190 δὸς
613 1126 975 1207 Λυκάονος,
1046 1125 1136 1189 ὡς
1190 1119 1556 1190 Παυςανίας
1613 1123 1814 1207 ὀγδόῃ
1872 1123 1971 1206 (3,
2016 1123 2102 1204 2).
2191 1124 2542 1200 Ἀλήςιον
2607 1127 2720 1200 τῆς
2771 1125 3034 1187 Ἤλιδος

335 1309 354 1328 ·
449 1227 725 1306 «πέτρης
790 1227 854 1290 τ’
911 1225 1196 1304 Ὠλενίης
1261 1225 1364 1289 καὶ
1417 1225 1745 1303 Ἀληςίου»
1802 1221 1923 1306 (Il.
1978 1226 2028 1290 Λ
2086 1225 2265 1306 757).
2365 1224 2496 1297 ἀπὸ
2554 1219 2850 1302 ’Ἀληςίου
2915 1229 3033 1288 τοῦ

451 1327 871 1392 (κιλλοῦντος
917 1327 1076 1391 υἱοῦ.
1137 1326 1451 1406 γράφεται
1493 1327 1596 1390 καὶ
1627 1325 1944 1390 Ἀλείςιον.
2005 1325 2130 1391 ἔςτι
2177 1327 2280 1390 καὶ
2325 1326 2611 1405 Ἀλήςιον
2655 1326 2880 1391 πεδίον
2925 1329 3037 1402 τῆς

448 1429 777 1511 Ἠπείρου,
835 1427 925 1492 ὼς
979 1428 1392 1507 πηγνυμένου
1437 1428 1567 1491 ἐκεῖ
1608 1431 1862 1492 πολλοῦ
1914 1428 2086 1492 ἁλός.
2175 1428 2582 1505 Μανήςιον
2639 1427 2824 1490 πόλις
2867 1427 3032 1505 Φρυ-
3076 1438 3137 1489 10

447 1530 603 1606 γίας.
673 1530 1105 1606 Ἀλέξανδρος.
1172 1528 1303 1593 ἀπὸ
1349 1529 1581 1594 Μανοῦ
1625 1529 1876 1609 ςφόδρα
1919 1529 2205 1607 εὐπόρου
2250 1532 2514 1592 κτιςτοῦ.
2606 1528 3033 1606 Γαλλήςιον

448 1631 633 1695 πόλις
665 1630 948 1710 Ἐφέςου.
1007 1629 1370 1708 Παρθένιος
1414 1630 1483 1693 ἑν
1531 1629 1867 1711 ἐπικηδείῳ
1911 1636 2005 1712 τῷ
2049 1629 2139 1693 εἰς
2168 1628 2511 1707 Αύξίθεμιν.
2558 1629 3033 1707 Ἀρτεμίςιον

449 1732 634 1795 πόλις
680 1731 1026 1810 Οἰνωτρῶν
1083 1731 1154 1795 ἐν
1199 1731 1534 1814 μεςογείῳ.
1609 1730 1933 1795 Ἑκαταῖος
1988 1730 2275 1814 Εὐρώπῃ.
2363 1730 2655 1795 Φίλιςτος
2710 1732 2780 1794 δὲ
2828 1731 3034 1807 Ἀρτε-
3134 1803 3141 1808 ,

450 1831 652 1911 μίτιον
698 1831 898 1910 αὐτὴν
944 1834 1152 1914 καλεῖ,
1196 1831 1346 1896 ἴςως
1392 1836 1691 1911 δωρικῶς.
1747 1831 1876 1896 ἔςτι
1921 1832 2021 1896 καὶ
2063 1832 2251 1895 πόλις
2282 1831 2561 1922 Εὐβοίας.
2618 1832 3032 1908 Ζευγίςιον.

450 1933 630 1997 πόςις
673 1933 902 1997 πόςιον
948 1934 1050 1996 καὶ
1096 1934 1547 2011 ςυμπόςιον.
1637 1933 1805 2012 βόςις
1851 1934 1891 2012 ἡ
1935 1934 2148 2013 τροφὴ
2193 1931 2690 2012 ἱπποβόςιον.
2741 1933 3034 1996 Διονύ·
3076 1945 3136 1995 15

450 2054 651 2115 ςιον,
719 2034 1108 2098 Κανύςιον
1164 2033 1411 2112 μεγίςτη
1466 2038 1597 2098 τῶν
1654 2034 2090 2099 Ἰταλιωτίδων
2146 2034 2423 2098 πόλεων.
2525 2033 2822 2114 (τράβων
2888 2033 3035 2114 ἕκτῃ

449 2137 541 2219 (p.
587 2134 758 2215 283).
835 2134 1080 2210 λέγεται
1125 2135 1228 2199 καὶ
1276 2136 1624 2200 Καινύςιον.
1700 2136 2185 2213 Περραίςιον
2230 2136 2416 2199 πόλις
2462 2135 2568 2214 μία
2610 2140 2741 2199 τῶν
2788 2136 3037 2199 δώδεκα

449 2241 581 2301 τῶν
637 2229 811 2313 παρὰ
864 2239 1002 2300 τοῖς
1046 2236 1403 2314 Τυρρηνοῖς
1458 2236 1818 2315 ἀρχητίδων
1876 2237 2309 2315 καλουμένων.
2400 2236 2853 2314 Μερούςιον
2910 2255 3034 2313 χω-

450 2339 592 2416 ρίον
638 2337 948 2419 (ικελίας,
1008 2337 1098 2400 ὡς
1144 2337 1533 2416 Θεόπομπος
1577 2337 1976 2402 Φιλιππικῶν
2031 2344 2380 2419 τριακοςτῷ
2437 2337 2661 2422 ἐνάτῳ.
2749 2337 2919 2400 τινὲς
2964 2337 3034 2399 δὲ

449 2439 581 2503 ἀπὸ
630 2438 886 2516 Μερόης
932 2440 1042 2514 τῆς
1088 2436 1427 2502 Αἰθιοπίας.
1494 2424 1948 2517 Πηλούὲιον
1994 2440 2180 2503 πόλις
2208 2438 2563 2520 Αἰγύπτου,
2610 2439 2699 2502 εἰς
2743 2438 2822 2515 ἣν
2868 2438 3037 2515 ἐκρεῖ
3070 2454 3138 2503 20

448 2541 524 2603 τὸ
580 2543 841 2617 πρῶτον
899 2534 1094 2617 ςτόμα
1148 2544 1266 2602 τοῦ
1325 2538 1572 2602 Νείλου.
1660 2538 1787 2602 ἔςτι
1852 2541 1954 2602 καὶ
2005 2539 2374 2618 Πηλούςιον
2430 2542 2614 2619 λιμὴν
2674 2539 3033 2603 Θετταλίας.

449 2639 974 2719 Δαφνούςιον
1021 2639 1341 2714 Αἰγύπτου
1387 2639 1581 2718 κώμη.
1668 2640 2156 2718 Τιλφούςιον
2211 2641 2396 2705 πόλις
2443 2641 2763 2705 Βοιωτίας.
2841 2639 3033 2718 (τρά-

452 2746 582 2821 βων
628 2740 820 2824 ἐνάτῃ
866 2741 960 2825 (p.
1005 2740 1176 2822 410).
2072 2818 2077 2831 ‚
2580 2749 2589 2762 ’

621 2863 660 2898 ÷÷
704 2843 797 2906 Τὰ
852 2842 957 2905 διὰ
1010 2846 1128 2905 τοῦ
1175 2846 1330 2906 {BV
1382 2843 1544 2920 ὑπὲρ
1600 2846 1772 2921 τρεῖς
1839 2844 2151 2925 ςυλλαβὰς
2205 2845 2793 2928 προπαροξύνεται,
2849 2844 3032 2909 ἁλά-
3125 2915 3131 2921 ,

449 2965 653 3027 τιον,
718 2941 1085 3027 ἀκάτιον,
1151 2943 1572 3026 γονάτιον,
1640 2944 2066 3027 δωμάτιον,
2141 2947 2539 3029 κεράτιον,
2608 2947 3031 3011 Παλάτιον.
3069 2962 3134 3010 25

450 3045 796 3110 Ῥεάτιον
850 3045 1036 3109 πόλις
1063 3045 1358 3110 Ἳταλίας.
1445 3045 2148 3125 Φοροβρεντάτιον
2205 3048 2390 3112 πόλις
2440 3047 2692 3129 Λιβύης.
2782 3047 3033 3125 Ἐργέ-

449 3168 636 3239 τιονὑ
667 3147 854 3211 πόλις
900 3146 1193 3211 (ικελίας.
1282 3146 1573 3212 Φίλιςτος
1620 3146 1956 3211 (Σικελικῶν
2014 3148 2298 3232 δευτέρᾳ.
2387 3149 2792 3229 Ἀρρήτιον
2847 3149 3034 3212 πόλις

448 3248 815 3327 Τυρρηνίας.
896 3248 1400 3328 Κορυφήτιον
1445 3249 1521 3312 τὸ
1567 3247 1722 3325 ὄρος
1767 3247 2069 3314 Ἀζανίας.
2147 3250 2532 3328 Βαρήτιον
2587 3250 2824 3328 χωρίον
2869 3250 3034 3327 πρὸς

447 3354 539 3431 τῷ
586 3348 813 3431 Ἀδρίᾳ.
880 3349 1269 3428 Θεόπομπος
1301 3356 1706 3434 πεντηκοςτῷ
1751 3351 2047 3433 δευτέρῳ.
2108 3349 2590 3428 (κυλλήτιον
2635 3351 2821 3415 πόλις
2868 3351 3032 3414 (ικε-

451 3449 619 3531 λίας,
666 3451 754 3514 ὡς
800 3449 1073 3515 Εὔδοξος
1118 3449 1281 3533 ἕκτῃ.
1336 3451 1729 3516 Παπίτιον
1774 3451 1961 3515 πόλις
1990 3451 2476 3531 Παφλαγονίας.
2534 3452 3032 3531 Ζηνοδότιον
3072 3468 3138 3517 30

397 3552 414 3567 ‘
449 3551 635 3614 πόλις
691 3550 1038 3630 Ὀςροηνῆς
1103 3552 1370 3629 πληςίον
1439 3552 1850 3632 Νικηφορίου.
1938 3553 2269 3631 Ἀρριανὸς
2322 3554 2665 3632 Παρθικῶν
2733 3552 3029 3637 δευτέρῳ.

450 3651 868 3715 Ζιποίτιον
935 3653 1122 3716 πόλις
1191 3653 1479 3718 Βιθυνίας
1545 3653 1677 3718 ἀπὸ
1742 3653 2052 3718 Ζιποίτου
2120 3656 2439 3735 βαςιλέως.
2553 3656 2927 3720 Αἰάντιον
2994 3656 3032 3733 ἡ

449 3753 649 3817 πόλις.
728 3753 1150 3832 βαλάντιον
1194 3754 1269 3818 τὸ
1314 3754 1632 3820 ἀκόντιον.
1702 3742 2201 3834 Περγάντιον
2246 3757 2499 3832 Λιγύων
2544 3758 2747 3821 πόλις.
2826 3757 3032 3821 Ἀκα-

452 3854 777 3932 μάντιον
822 3854 1008 3918 πόλις
1051 3858 1161 3931 τῆς
1205 3856 1481 3933 μεγάλης
1524 3855 1832 3939 Φρυγίας,
1892 3858 2277 3937 Ἀκάμαντος
2323 3860 2540 3938 κτίςμα
2591 3863 2709 3922 τοῦ
2755 3858 3033 3939 Θηςέως,

453 3959 505 4039 ᾧ
562 3958 1024 4036 ςυμμαχήςαντι
1089 3958 1253 4033 πρὸς
1320 3957 1475 4021 τοὺς
1531 3957 1859 4036 (ολύμους
1913 3960 2029 4024 τὸν
2095 3959 2302 4025 τόπον
2360 3961 2639 4026 δέδωκεν
2692 3960 3033 4037 Ἴςανδρος.
3071 3957 3135 4025 35

454 4242 796 4309 Ἀρτεμίςιον
834 4261 902 4296 ex
940 4245 1018 4298 St.
1055 4245 1120 4296 B.
1293 4244 1327 4293 l.
1364 4247 1395 4295 9
1428 4242 1705 4309 γράφεται
1743 4246 1832 4298 καὶ
1874 4244 2141 4298 Ἀλείςιον
2189 4264 2255 4299 ex
2292 4248 2489 4300 Choer.
2528 4249 2583 4298 in
2623 4251 2684 4301 Ε.
2721 4249 2795 4300 Μ.
2832 4251 2913 4312 61,
2952 4249 3034 4302 37.

585 4314 619 4363 1.
661 4316 720 4363 14
755 4311 1028 4374 ζευγίςιον
1053 4340 1124 4374 ,-
1162 4309 1458 4363 Διονύςιον
1495 4330 1560 4362 ex
1598 4315 1843 4379 Theogn.
1885 4318 2005 4373 125,
2043 4319 2096 4371 2,
2137 4323 2447 4380 suspectum
2483 4314 2743 4382 ἄντικρυς
2779 4315 3032 4381 ἀντικρύ-

450 4394 565 4431 ςιον
603 4382 762 4431 omisi
799 4382 869 4432 ef.
907 4382 1043 4430 Lob.
1069 4380 1234 4429 Proll.
1269 4383 1396 4442 429,
1440 4378 1706 4431 Κανύςιον
1743 4409 1805 4418 --
1846 4381 2183 4445 Τιλφούςιον
2220 4400 2289 4433 ex
2326 4386 2407 4434 St.
2432 4387 2493 4439 B.
2554 4426 2559 4433 .
2631 4385 2665 4434 l.
2700 4388 2766 4435 24
2802 4383 3032 4436 ἁλάτιον

451 4476 512 4483 --
549 4447 841 4500 Παλάτιον
888 4454 1014 4498 sunt
1059 4464 1125 4496 ex
1171 4447 1417 4511 Theogn.
1466 4451 1586 4510 122,
1634 4453 1725 4505 33.
1772 4447 2021 4500 Ῥεάτιον
2072 4479 2130 4485 ——
2182 4449 2458 4514 Ἐργέτιον
2494 4468 2557 4501 ex
2594 4452 2672 4501 St.
2710 4456 2798 4517 B.,
2841 4451 3031 4518 Ἀρρή-

447 4530 595 4580 τιον,
642 4517 786 4582 quod
832 4533 918 4581 ap.
966 4516 1211 4580 Theogn.
1262 4519 1383 4577 125,
1435 4519 1497 4566 13
1550 4518 1606 4566 in
1656 4516 1948 4581 Ἀργήτιον
1986 4524 2297 4583 corruptum
2345 4523 2454 4580 est,
2502 4536 2569 4571 ex
2606 4521 2683 4570 St.
2721 4524 2813 4583 B.,
2864 4519 3032 4585 Κορυ·

447 4584 655 4647 φήτιον
709 4601 776 4635 ex
831 4585 1105 4648 Theogn„
1160 4581 1437 4647 Βαρήτιον
1489 4609 1558 4619 —--
1608 4583 1901 4637 Ζιποίτιον
1956 4602 2023 4635 ex
2078 4589 2157 4637 St.
2206 4588 2296 4649 B.,
2351 4584 2612 4638 Αίάντιον
2667 4604 2731 4638 ex
2787 4589 3033 4655 Theogu.

452 4656 566 4715 124,
605 4655 661 4712 8,
709 4651 1073 4704 Παλλάντιον
1118 4669 1184 4701 ex
1230 4653 1475 4714 Theogn.
1527 4658 1582 4701 et
1628 4653 1706 4702 St.
1752 4655 1838 4711 B.,
1888 4653 2187 4715 βαλάντιον
2234 4656 2501 4719 Τὴοοςῃ.,
2552 4654 2922 4719 Ἀκαμάντιον
2966 4683 3033 4693 —-

450 4717 781 4838 &etpkv‘rtogc
820 4720 964 4836 {uod
1002 4737 1035 4770 a
1072 4719 1312 4770 Meinek.
1352 4736 1446 4784 pro
1483 4719 1846 4785 Φερεντῖνος,
1894 4738 2033 4787 qnae
2082 4728 2169 4773 est
2212 4725 2341 4774 urbs
2388 4725 2669 4788 Etruriae,
2716 4726 3035 4776 restitutum

451 4802 510 4836 es
550 4825 562 4851 ‚
602 4804 669 4838 ex
775 4824 789 4839 .
876 4826 887 4839 .
