3664 5546
669 344 797 410 562
1483 343 1566 398 ΕΚ
1602 342 1749 398 ΤΟΥ
1786 343 2061 399 ΒΙΒΛΙΟΥ
2097 343 2245 399 ΤΟΥ
2280 343 2441 399 ΠΕΡΙ

669 516 986 595 τεςςάρων
1031 514 1287 595 χρόνων
1329 514 1522 580 τόνος
1565 513 1792 579 πίπτει.
1860 514 1925 578 αἱ
1969 516 2040 595 δὲ
2086 515 2304 580 λοιπαὶ
2344 516 2460 593 τὴν
2503 517 2632 594 πρὸ
2677 514 2890 580 αὐτῶν
2938 515 3221 594 ἐγείρουςι

671 621 945 698 βαρεῖαν.
1034 616 1154 681 οὐκ
1197 617 1302 681 ἐπὶ
1352 616 1554 695 πάςης
1601 620 1911 699 ςυλλαβῆς
1956 617 2190 695 ταύτην
2247 617 2510 696 ἐγείρειν
2555 618 2886 684 δύνανται·
2958 618 3037 682 ού
3091 619 3218 701 γάρ,

668 720 721 784 εἰ
776 721 1155 798 ςπουδειακὴ
1211 719 1515 797 τυγχάνοι
1570 719 1609 796 ἡ
1665 720 2049 798 προκειμένη
2107 720 2268 786 λέξις
2322 722 2426 784 καὶ
2479 720 2853 803 βαρύνοιτο,
2919 720 2957 798 ἡ
3025 725 3226 800 βαρεῖα

663 821 894 900 ταύτης
946 820 985 900 ἡ
1046 822 1150 886 ἐπὶ
1203 822 1370 885 τέλει
1426 820 1728 899 ἐγείρεται
1787 821 2000 885 «οὕτω
2053 843 2184 887 που
2230 821 2344 885 Διῒ
2397 823 2610 900 μέλλει
2669 822 3006 901 ὑπερμενέϊ
3047 823 3223 902 φίλον

592 939 623 988 5
670 923 874 988 εἶναι»
923 922 1001 1005 (Β
1036 923 1216 1010 116),
1263 923 1422 1002 «ἤδη
1465 935 1559 991 τις
1588 922 1808 989 εἶπεν»
1857 924 1959 988 καὶ
1990 922 2158 988 οὔτε,
2182 925 2298 1003 τὴν
2340 927 2432 989 ’ἴω
2464 927 2780 1004 ςυλλαβὴν
2824 928 2942 988 τοῦ
2986 923 3224 988 «οὕτω»

666 1025 978 1106 ὀξύνομεν
1026 1024 1176 1090 οὔτε
1205 1026 1322 1103 τὴν
1368 1012 1444 1105 δη
1487 1028 1604 1090 τοῦ
1650 1025 1809 1104 «ἤδη
1826 1050 1871 1088 ».
1959 1024 2101 1090 ἀλλ’
2145 1025 2328 1108 οὔτε,
2373 1025 2428 1090 εἰ
2472 1026 2718 1107 ἰαμβικὴ
2762 1026 2944 1104 τύχοι
2989 1027 3091 1090 καὶ
3131 1031 3224 1106 βα-

667 1128 927 1205 ρύνοιτο
975 1127 1121 1194 οἷον
1176 1129 1405 1209 «λέβης
1448 1148 1614 1210 τις»,
1672 1127 1891 1191 «ὅπως
1942 1147 2076 1203 γε».
2166 1128 2315 1193 οὔτε
2329 1178 2348 1212 ,
2395 1128 2448 1193 εἰ
2491 1130 2868 1208 πυρριχιακὴ
2914 1128 3095 1207 τύχοι
3137 1130 3228 1192 καὶ

667 1231 1006 1309 βαρύνοιτο
1052 1227 1197 1295 οἷον
1245 1230 1476 1310 «φίλος
1518 1249 1685 1312 τις»,
1733 1230 1956 1296 «ξένος
1998 1250 2151 1294 τις».
2220 1232 2324 1295 ἐπὶ
2354 1231 2477 1309 γὰρ
2506 1231 2757 1323 τούτων
2801 1237 2894 1315 τῷ
2923 1236 3020 1314 νῷ
3066 1231 3228 1314 μόνῳ

606 1411 611 1415 ,
663 1332 1203 1411 καταλαμβάνεται
1246 1331 1286 1409 ἡ
1332 1333 1615 1407 ἔγκλιςις.
1704 1333 1804 1396 διὸ
1864 1336 2260 1410 ςημειοῦνται
2314 1335 2391 1397 τὸ
2448 1333 2632 1399 «ἔνθ’
2687 1332 2836 1399 ἔςάν
2891 1331 2953 1397 οἱ
3005 1333 3227 1396 πέπλοι

566 1448 629 1499 10
665 1433 1077 1511 παμποίκιλοι
1135 1434 1292 1513 ἔργα
1343 1439 1703 1509 γυναικῶν»
1762 1432 1847 1515 (Ζ
1889 1431 2062 1517 289).
2147 1435 2535 1513 παραλόγως
2587 1435 2710 1513 γὰρ
2768 1435 3057 1513 ένεκλίθη
3099 1435 3136 1513 ἡ
3178 1434 3229 1498 οἱ

663 1534 1027 1616 ἀντωνυμία
1062 1536 1400 1615 πυρριχίου
1431 1528 1869 1614 προκειμένου.
1929 1541 2328 1616 ςημειοῦνται
2359 1536 2463 1601 καὶ
2490 1538 2603 1601 τὰς
2635 1538 2739 1601 διὰ
2768 1540 2885 1601 τοῦ
2917 1540 3005 1615 ’ςῷ
3040 1535 3227 1600 ἀντω-

661 1638 909 1717 νυμίας·
964 1635 1148 1702 αὗται
1192 1638 1315 1714 γὰρ
1359 1635 1800 1715 ἀναπέμπουςι
1846 1638 1962 1703 τὸν
2006 1638 2205 1703 τόνον
2249 1645 2324 1723 τῇ
2370 1639 2826 1721 προηγουμένη
2882 1639 3050 1704 λέξει
3095 1637 3226 1702 οἷον

664 1739 1009 1820 «Ἀτρείδής
1055 1760 1262 1821 ςφιςι»
1312 1739 1508 1804 «ἔνθά
1553 1758 1751 1817 ςφεας
1782 1738 2014 1816 ἐκίχαν’
2050 1739 2188 1805 υἱὸς
2216 1742 2494 1806 Δολίοιο
2531 1740 2943 1807 Μελανθεύς»
2971 1726 3066 1823 (ρ
3088 1739 3225 1817 212)

664 1847 811 1913 «ἵνά
841 1840 945 1927 (φ’
976 1842 1181 1922 ἀγορή
1210 1861 1279 1905 τε
1308 1842 1482 1920 θέμις
1509 1859 1617 1904 τε»
1651 1838 1729 1921 (Λ
1761 1839 1939 1925 807),
1985 1840 2133 1906 «ἵνά
2164 1863 2328 1923 ςφιςι
2361 1830 2524 1908 δῶκ’
2555 1844 2970 1920 Ἐνοςίχθων»
3008 1842 3078 1927 (η
3106 1843 3224 1926 35),

562 1960 622 2011 15
661 1949 811 2014 «ὅτέ
869 1965 1063 2026 ςφεας
1118 1942 1543 2023 εἰςαφίκηται»
1606 1940 1675 2025 (μ
1727 1940 1873 2026 40),
1942 1942 2136 2010 «τόξά
2193 1946 2410 2025 ςφεών
2478 1966 2572 2010 τις
2631 1944 2847 2024 ἄριςτα
2905 1944 3216 2011 Κυδώνια»

661 2046 944 2135 (Gallim.
974 2044 1056 2109 fr.
1090 2043 1266 2128 284),
1314 2043 1663 2108 «πολλὰκίς
1707 2063 1962 2124 ςφεας».
2051 2045 2106 2108 εἰ
2148 2047 2362 2124 μέντοι
2404 2048 2968 2126 προπαροξύνοιτο
3005 2050 3045 2127 ἡ
3083 2068 3221 2125 προ-

656 2153 906 2233 κειμένη
949 2149 1110 2215 λέξις
1151 2150 1285 2212 τῶν
1326 2146 1695 2222 ἐγκλιτικῶν
1738 2146 2010 2228 μορίων,
2057 2146 2280 2225 ἐγείρει
2323 2150 2439 2227 τὴν
2482 2149 2553 2214 έν
2582 2156 2674 2234 τῷ
2705 2150 2870 2213 τέλει
2902 2149 3099 2226 αὐτῆς
3129 2154 3227 2228 βα-

656 2258 837 2336 ρεῖαν
884 2252 974 2317 ὡς
1019 2248 1403 2328 «ἄνθρωπός
1446 2268 1614 2330 τις»,
1660 2246 1730 2312 ἐν
1761 2248 1884 2325 γὰρ
1914 2253 1989 2332 τῇ
2036 2252 2119 2312 ἂν
2156 2253 2434 2336 ςυλλαβῇ
2465 2252 2568 2316 καὶ
2595 2259 2671 2336 τῇ
2718 2254 2843 2315 ff?
2871 2251 3044 2318 ὀξεῖα
3072 2251 3228 2314 τίθε-

654 2379 790 2440 ται,
839 2351 1261 2431 «Ἀρκεςίλαός
1302 2369 1446 2432 τε»,
1493 2348 1762 2427 «ἤκουςέ
1799 2371 2000 2432 μου»,
2047 2352 2361 2430 «Ὅμηρός
2392 2353 2593 2431 έςτι»,
2644 2353 3014 2431 «ἄνθρωποί
3056 2351 3226 2433 εἰςι»,

553 2470 621 2523 20
656 2455 969 2523 «κάκιςτοί
1013 2452 1221 2518 εἰςιν».
1309 2450 1573 2529 εἴπομεν
1617 2451 1773 2534 γάρ,
1831 2452 1924 2517 ὡς
1968 2452 2036 2517 έν
2082 2453 2450 2532 έπιρρήμαςι
2496 2456 2719 2534 μόνοις
2774 2456 2876 2520 καὶ
2920 2455 2989 2520 ἐν
3035 2454 3230 2519 εὐκτι-

651 2564 788 2627 κοῖς
830 2561 872 2638 ἡ
916 2561 980 2622 {st
1024 2556 1126 2621 καὶ
1167 2554 1207 2632 ἡ
1251 2558 1319 2617 ffi
1347 2552 1571 2633 μακροί
1619 2552 1799 2618 εἰςιν·
1845 2554 1916 2618 ἐν
1949 2556 2020 2619 δὲ
2051 2559 2188 2620 τοῖς
2222 2558 2476 2637 λοιποῖς
2509 2558 2626 2621 οὐκ
2670 2558 2761 2622 ἔτι
2792 2557 3024 2637 μακραί
3069 2556 3233 2620 εἰςιν.

818 2659 1091 2741 Ὁμοίως
1135 2655 1189 2720 εἰ
1233 2660 1724 2739 προπεριςπῷτο
1781 2656 1820 2733 ἡ
1877 2659 2259 2737 προκειμένη
2320 2659 2481 2725 λέξις
2535 2659 2882 2734 έγκλιτικοῡ
2928 2660 3235 2738 ἐπιφερο-

651 2766 881 2848 μένου,
949 2759 1173 2837 ἐγείρει
1228 2759 1343 2836 τὴν
1400 2757 1556 2838 μετὰ
1610 2759 1725 2836 τὴν
1780 2761 2268 2840 περιςπωμένην
2316 2764 2576 2842 βαρεῖαν
2630 2758 2774 2828 οἷον
2833 2759 3062 2827 «οἶκός
3108 2782 3237 2826 τις»

653 2866 966 2948 «Εχοῖνόν
1020 2882 1089 2927 τε
1151 2861 1409 2926 (κῶλόν
1463 2880 1573 2944 τε»
1636 2860 1714 2943 (Β
1757 2860 1949 2944 497),
2010 2864 2343 2939 «γυναῖκές
2409 2864 2601 2929 εἰςιν»
2657 2900 2739 2911 -
2795 2865 2994 2943 χωρὶς
3054 2863 3108 2927 εἰ
3160 2864 3235 2942 μὴ

650 3059 787 3067 ---———-

651 3175 685 3229 1.
713 3177 775 3225 12
810 3170 974 3224 αὗται
998 3169 1104 3233 γὰρ
1130 3165 1517 3230 ἀναπέμπουςι
1541 3166 1647 3219 τὸν
1669 3167 1844 3220 τόνον
1876 3171 1947 3233 τῇ
1976 3169 2372 3233 προηγουμένη
2408 3170 2552 3223 λέξει
2584 3171 2744 3236 posui
2783 3186 2850 3220 ex
2873 3172 3002 3223 Arc.
3038 3174 3158 3232 140,
3183 3172 3238 3220 25

652 3258 749 3309 pro
774 3243 870 3304 iia,
899 3255 1038 3306 quae
1066 3239 1240 3288 altero
1262 3236 1387 3286 Ιοοο
1416 3241 1666 3286 exstant:
1705 3236 1795 3287 καὶ
1819 3233 1983 3287 αὗται
2007 3236 2113 3301 γὰρ
2147 3219 2438 3303 πυρριχίου
2463 3236 2834 3303 προκειμένου
2860 3236 3239 3301 ἐγκλίνονται,

650 3327 774 3361 nam
811 3310 917 3359 hoc
951 3323 1060 3357 non
1098 3307 1164 3356 de
1202 3300 1547 3371 pyrrhichio,
1592 3304 1690 3354 sed
1738 3305 1805 3354 de
1843 3305 2093 3355 omnibus
2138 3307 2372 3371 podibus
2417 3308 2585 3360 valet.
2657 3307 2834 3357 Bekk.
2875 3309 3045 3358 1143:
3095 3307 3241 3369 πλὴν

650 3375 700 3429 εἰ
736 3377 809 3442 μὴ
847 3375 916 3427 τὸ
955 3372 1372 3439 ἐπιφερόμενον
1419 3371 1615 3436 μόριον
1659 3371 2038 3437 (διςύλλαβον)
2086 3371 2172 3437 εἴη
2210 3373 2326 3426 ἀπὸ
2361 3378 2463 3426 τοῦ
2503 3380 2575 3439 ἑῷ
2618 3373 2957 3439 ἀρχόμενον·
3009 3373 3244 3425 ἀκολου-

650 3445 804 3511 θήςει
838 3444 943 3508 γὰρ
978 3444 1099 3495 τοῖς
1136 3439 1607 3506 παροξυνομένοις
1655 3438 1758 3491 οὐκ
1804 3438 1867 3490 ἐν
1915 3440 2071 3507 μόνῳ
2116 3441 2390 3511 τροχαίῳ,
2436 3442 2578 3496 ἀλλὰ
2624 3443 2714 3494 καὶ
2758 3441 2819 3493 ἐν
2855 3441 3058 3494 ἄλλοις
3099 3439 3244 3504 ποςί,

650 3530 815 3580 quare
862 3511 1109 3577 exempla
1157 3528 1223 3561 ex
1270 3517 1502 3573 utroque
1548 3508 1768 3559 Arcadii
1812 3508 1932 3559 looo
1978 3514 2035 3559 ot
2078 3510 2281 3562 Herod.
2329 3529 2419 3577 ap.
2469 3511 2648 3564 Bekk.
2692 3512 2773 3561 ita
2821 3512 3143 3577 composui,
3190 3516 3249 3560 ut

649 3582 953 3649 spondeus,
1010 3581 1328 3641 trochaeum
1375 3576 1718 3644 pyrrhichius
1772 3575 2008 3636 (iambus
2062 3579 2204 3628 enim
2253 3580 2481 3630 fortuito
2527 3579 2753 3644 excidit)
2808 3585 2865 3630 et
2911 3580 3250 3645 pronomina

647 3666 759 3700 una
805 3648 1020 3714 syllaba
1063 3654 1120 3697 et
1157 3649 1369 3698 duabus
1414 3645 1728 3696 constantia
1763 3641 1882 3716 (ἵνά
1917 3644 2035 3708 (φ’,
2081 3644 2179 3696 ὅτέ
2225 3646 2422 3712 ςφεας)
2467 3650 2524 3698 ἰιι
2570 3651 2925 3713 conspectum
2965 3649 3248 3698 venirent.

645 3720 786 3769 Item
819 3719 879 3767 in
916 3718 1277 3781 sequentibus
1315 3712 1579 3778 exemplis
1617 3710 1968 3777 Ἀρκεςίλαός
2002 3727 2067 3764 τε
2103 3729 2171 3763 ex
2206 3716 2382 3766 Bekk.
2423 3721 2480 3766 et
2513 3713 2766 3781 Ὅμηρός
2803 3712 2917 3766 ἐςτι
2958 3732 3032 3765 ex
3073 3716 3252 3765 altero

647 3785 871 3836 Arcadii
905 3784 1027 3834 loco
1064 3785 1266 3846 adiecit,
1311 3779 1640 3843 διςύλλαβον
1686 3782 1743 3831 in
1789 3780 1965 3833 Bekk.
2003 3779 2037 3832 l.
2076 3798 2123 3833 ο.
2162 3784 2232 3833 ab
2282 3784 2640 3849 epitomatore
2686 3784 2905 3833 illatum
2953 3799 3088 3833 esse
3127 3798 3249 3848 per-

648 3854 846 3905 suadet
879 3852 1055 3904 Lehrs
1104 3870 1192 3918 qu.
1231 3867 1317 3916 ep.
1357 3851 1472 3899 106.
1510 3875 1576 3883 -
1618 3849 1702 3900 De
1748 3848 2060 3913 pyrrhichio
2107 3851 2178 3902 of.
2215 3851 2279 3901 11.
2313 3854 2404 3903 Pr.
2443 3850 2482 3903 Β
2520 3856 2643 3904 255:
2689 3850 2759 3901 τὸ
2808 3848 2896 3901 δτι
2946 3848 3006 3902 οἱ
3046 3848 3112 3901 ἐν
3152 3852 3250 3913 μιᾷ

646 3918 799 3987 ὀξείᾳ
835 3920 1235 3984 προενεκτέον·
1275 3919 1422 3970 πᾶςα
1457 3915 1564 3979 γὰρ
1598 3913 1856 4034 δίβξαχυς
1893 3916 2035 3969 λέξις
2071 3917 2183 3982 πρὸ
2220 3918 2532 3981 ἑγκλιτικοῠ
2571 3918 2675 3971 οὐκ
2711 3917 3039 3983 ἐπιδέχεται
3078 3917 3256 3970 ἐπάλ-

647 3991 823 4054 ληλον
859 3989 1071 4052 ὀξεῖαν,
1110 3988 1161 4041 εἰ
1196 3989 1269 4052 μὴ
1308 3984 1634 4049 ἐπιφέροιτο
1708 3982 1995 4048 ντωνυμία
2031 3984 2119 4038 διὰ
2153 3989 2255 4038 τοῦ
2295 3993 2395 4051 esp,
2440 3986 2885 4052 ςεςημειωμένου
2922 3990 3038 4038 τοῦ
3078 3986 3256 4038 «ἔνθ’

647 4057 778 4110 ἔςάν
821 4056 875 4109 οἱ
920 4056 1166 4110 πέπλοι»
1210 4056 1339 4121 (od,
1380 4052 1424 4105 O
1465 4051 1602 4129 103).
1678 4052 1860 4103 Schol.
1908 4054 1978 4103 ad
2026 4053 2130 4107 od.
2168 4069 2203 4105 α
2242 4058 2364 4106 17οε
2411 4055 2591 4108 πόθεν
2638 4053 2742 4108 εἰς;
2794 4055 3105 4118 ἑγκλιτέον
3143 4055 3254 4120 τὴν

648 4141 753 4206 εἰς,
791 4141 917 4193 ἀλλ’
952 4141 1055 4196 οὐκ
1080 4139 1279 4209 ἐγείρει
1313 4139 1422 4203 τὴν
1459 4141 1557 4189 θεν
1594 4135 1896 4200 ςυλλαβήν·
1935 4140 2264 4203 πυρριχιακὴ
2302 4138 2408 4204 γάρ
2443 4140 2604 4192 ἐςτιν.
2661 4140 2727 4193 11.
2754 4142 2842 4190 Pr.
2868 4139 2916 4191 Z
2946 4143 3086 4191 289:
3129 4140 3260 4191 ἔνθ’

648 4209 778 4262 ἔςάν
814 4209 868 4262 οἱ
904 4210 1137 4264 πέπλου
1177 4204 1581 4271 ἑγκεκλιμένως
1618 4204 2014 4267 ἀναγνωςτέον
2049 4206 2204 4258 οὕτω
2241 4208 2341 4259 δύο
2376 4209 2610 4271 τόνους,
2649 4206 2830 4259 καίτοι
2865 4210 3256 4273 πυρριχιακῆς

646 4278 813 4344 οῠςης
849 4281 950 4343 τῆς
988 4280 1224 4344 λέξεως,
1260 4276 1355 4328 ἵνα
1393 4274 1466 4338 μὴ
1504 4271 1710 4337 ἄρθρον
1747 4274 1926 4339 νοηθῇ
1963 4272 2033 4324 τὸ
2070 4275 2150 4339 ο-ι,
2187 4274 2311 4328 ἀλλ’
2345 4274 2686 4339 ἀντωνυμία.
2747 4275 2934 4327 Schol.
2978 4277 3058 4328 ad
3092 4277 3202 4327 Od.
3225 4291 3257 4327 ο

647 4350 768 4398 105:
809 4345 934 4398 ἔνθ’
980 4346 1109 4402 ἐςάν
1146 4345 1199 4398 οἱ
1235 4343 1467 4396 πέπλοιτ
1513 4343 1662 4405 τρεῖς
1707 4339 1893 4393 ὀξεῖαι.
1964 4341 2054 4391 καί
2100 4342 2334 4408 εἴπομεν
2380 4343 2441 4396 ἐν
2484 4349 2556 4411 τῇ
2598 4342 2773 4396 Ἰλιάδι
2816 4342 2886 4394 τὸ
2933 4343 3154 4396 αἴτιον.
3191 4371 3251 4379 -—

642 4417 724 4466 De
764 4417 1175 4481 pronominibus
1211 4432 1244 4464 a
1277 4417 1350 4476 ξφ
1388 4409 1779 4474 incipientibus
1824 4410 1895 4461 cf.
1931 4410 1998 4459 ΙΙ.
2037 4412 2123 4460 Pr.
2160 4410 2208 4463 Ζ
2245 4416 2367 4464 367:
2407 4413 2488 4463 ἔτι
2525 4427 2680 4476 ςφιν;
2729 4411 2920 4463 οὕτως
2962 4412 3053 4463 ἔτι
3096 4424 3247 4477 ςφιν·

643 4480 722 4535 εἷς
759 4482 957 4548 τόνος,
1016 4483 1197 4537 καίτοι
1243 4480 1413 4546 ἐχρῆν
1465 4474 1707 4528 δύο’διὰ
1757 4475 1828 4527 τὸ
1875 4474 2232 4542 ἐπιφέρεςθαι
2278 4479 2640 4543 ἀντωνυμίαν
2695 4478 2808 4531 ἀπὸ
2865 4483 2951 4543 ὦ
3010 4478 3249 4546 ἀρχομέ-

642 4566 748 4617 νην
796 4551 1005 4617 ὁμοίως
1039 4556 1124 4604 τῶ
1171 4549 1304 4603 «ὅθί
1338 4561 1483 4612 ςφιςι
1528 4542 1778 4608 πέφραδ’
1822 4543 2148 4608 Ἀχιλλεύς»
2193 4549 2283 4614 (ΙΙ.
2321 4548 2368 4600 Ψ
2407 4548 2543 4613 138).
2613 4547 2691 4612 «ἦ
2732 4562 2794 4611 χε
2838 4546 2900 4597 δ’
2953 4547 3073 4613 ἄρά
3119 4562 3253 4609 ςφιν

642 4618 778 4674 ἄναξ
831 4620 1055 4687 ἀνδρῶν
1098 4604 1512 4684 Ἅγαμέμνων»
1566 4612 1653 4679 (ΙΙ.
1700 4610 1748 4663 Ξ
1794 4611 1934 4676 137).
2026 4614 2388 4681 ςεςημείωται
2443 4616 2546 4668 οὖν
2599 4617 2634 4679 ἡ
2691 4562 3019 4677 ἕνάγνωςις
3079 4614 3248 4679 μόνη,

648 4686 725 4738 ὡς
768 4688 835 4740 ἐν
872 4691 1111 4743 ἄλλοις
1164 4689 1196 4741 ό
1250 4682 1591 4751 Ἡρωδιανὸς
1645 4679 1810 4744 λέγει.
2054 4685 2090 4737 l.
2136 4687 2342 4736 22—1.
2389 4688 2455 4736 20
2509 4702 2634 4752 pag.
2682 4700 2795 4749 seq.
2849 4685 3070 4735 Arcad.
3127 4685 3251 4745 146,

654 4758 855 4818 1—21;
900 4759 935 4814 Ι,
981 4764 1045 4810 24
1100 4755 1337 4822 (χοῖνόν
1389 4768 1453 4804 τε
1513 4748 1744 4801 (κῶλόν
1797 4761 1862 4799 τε
1918 4765 1984 4799 ex
2045 4753 2218 4803 Bekk.
2272 4757 2401 4805 1143
2455 4770 2551 4819 pro
2606 4751 2838 4805 (κῶλόν
2894 4765 3002 4816 τε,
3062 4753 3259 4815 γυναῖ-

652 4820 748 4873 κές
796 4822 894 4875 εἰςι
929 4844 997 4877 ex
1041 4827 1239 4880 Arcad.
1291 4827 1413 4880 139,
1457 4821 1524 4871 28
1561 4817 1766 4868 addidi.
1806 4843 1872 4852 --
1914 4820 2082 4884 χωρὶς
2138 4817 2186 4873 εἰ
2232 4821 2306 4886 μὴ
2363 4821 2669 4886 προκέηται
2715 4835 2888 4885 usque
2944 4822 3024 4871 ad
3077 4820 3258 4885 κῆρυξ
