3664 5546
1129 434 1287 492 ΠΕΡΙ
1329 436 1719 493 ΚΑΘΟΛΙΚΗ(
1757 435 2180 492 ΠΡΟΕΩιΔΙΑ(
2218 435 2270 491 Ε.
2882 435 3004 501 109

420 611 661 689 ’Ίςτρου
717 609 969 689 πηγάς»
1028 606 1272 695 (Strab.
1318 607 1452 671 VII
1498 630 1560 695 p.
1606 608 1783 691 304).
1873 609 1975 673 καὶ
2031 610 2192 686 παρ’
2247 608 2548 672 Ἀττικοῖς
2609 608 2679 671 δὲ
2735 608 2814 671 τὰ
2873 612 3004 673 τῶν

424 711 685 777 οἰκετῶν
731 711 1015 790 ὀνόματα
1061 711 1232 777 Δᾶοι
1277 714 1378 776 καὶ
1426 714 1467 775 Γ
1467 698 1616 775 ἔται.
1676 712 1923 786 λέγεται
1968 712 2041 775 δὲ
2085 711 2187 774 καὶ
2226 710 2461 774 Δᾶκος.
2525 708 2615 773 ἔτι
2661 711 2764 776 καὶ
2803 710 3005 775 Λᾶος

380 815 708 894 ’ποταμὸς
752 815 855 878 καὶ
898 814 1084 879 ἣόλις
1126 812 1485 879 Λευκανίας.
1512 820 1529 847 ·
1553 813 2082 891 Ἀπολλόδωρος*
2112 812 2181 877 ἐν
2226 818 2317 895 τῷ
2361 812 2505 890 περὶ
2547 815 2662 891 γῆς
2707 813 3003 896 δευτέρῳ.

421 918 522 980 καὶ
565 915 723 981 Λᾶοι
750 912 841 980 ὀἱ
896 915 1226 980 οἰκοῦντες
1269 915 1401 980 Λᾶν
1456 916 1647 980 πόλιν
1705 914 2084 993 Λακωνικῆς.
2175 914 2428 979 Χνᾶος
2493 912 2696 979 ἔθνος.
2770 915 2874 978 καὶ
2927 915 3004 978 τό

421 1023 674 1101 πρᾷος
731 1019 801 1082 δὲ
854 1016 1165 1105 ἐπίθετον.
1226 1018 1302 1082 τὸ
1354 1018 1573 1101 μέντοι
1640 1018 1825 1082 ταός
1893 1017 2050 1096 παρ’
2105 1018 2613 1094 Ἀλεξανδρεῦςιν
2680 1015 2820 1081 ἀντὶ
2883 1019 2999 1080 τοῦ
3031 1024 3062 1075 5

421 1120 591 1185 ταῶς
644 1120 1059 1199 ςεςημείωται.
1137 1120 1231 1183 ·τό
1301 1118 1370 1183 δὲ
1438 1123 1626 1184 λᾶος
1680 1120 1867 1201 ,παρὰ
1935 1119 2253 1199 (οφοκλεῖ
2321 1119 2470 1183 «ἐπ’
2535 1116 2735 1197 ἄκρου
2797 1118 3000 1182 λάου»

423 1220 613 1306 (Oed.
661 1219 796 1286 Col.
844 1220 995 1303 1⁴95)
1050 1221 1181 1287 ἀπὸ
1236 1226 1486 1300 γενικῆς
1541 1225 1650 1300 τῆς
1706 1224 1861 1287 λᾶος
1918 1224 2115 1286 «λᾶος
2173 1220 2299 1285 ὑπὸ
2353 1219 2537 1299 ῥιπῆς
2580 1221 2674 1303 (Μ
2718 1218 2872 1301 462)
2916 1219 3005 1284 εἰς

422 1322 677 1415 εὐθεῖαν
722 1326 1119 1405 μετεποιήθη.
1178 1368 1193 1381 .

589 1426 683 1517 Tc}
720 1425 815 1491 ἐἰς
859 1430 1003 1488 ἇιδς
1052 1409 1423 1509 δι’ςύλλαβα,
1469 1424 1523 1490 εἰ
1553 1412 1779 1505 μῆ·εἴη
1807 1426 2022 1509 κύρια,
2069 1423 2389 1508 ὀξύνεται,
2435 1425 2688 1507 λαιός,
2734 1424 3002 1506 φαιός,

424 1527 1029 1609 βαιός,.ςκαιός.
1060 1529 1136 1593 τὸ
1195 1514 1506 1613 ἐπίθξτον.
1595 1526 1874 1592 (καῑος
1930 1528 2002 1592 δὲ
2045 1528 2121 1593 τὸ
2166 1528 2422 1611 κύριον,
2484 1527 2572 1593 ὡς
2617 1530 2856 1593 Βαῑος
2898 1548 3003 1590 κυ-
3041 1535 3106 1586 10

426 1630 729 1709 βερνήτης
776 1628 1150 1711 Ὀδυςςέιύς,
1199 1631 1238 1693 Γ
1253 1633 1506 1725 potine,
1550 1600 1819 1727 Παῑος.

452 1756 459 1765 ·
590 1730 683 1795 Τὰ
713 1731 817 1795 διὰ
846 1734 964 1795 τοῦ
995 1710 1535 1825 αὖοςζδιῖύλλαβα
1569 1733 1928 1815 βαρύνεται,
1955 1736 2229 1816 ναῦος,
2261 1730 2454 1797 αὖος
2486 1731 2523 1796 6
2553 1732 2757 1811 ξηρός.
2800 1728 3002 1794 Αὖος

422 1834 711 1929 ποταμὸς
756 1833 1192 1916 Θεὲπρωτίας,
1248 1832 1976 1925 ῖραῦος’·κύ,ῤ”ιον,καὶ
2030 1836 2105 1899 τὸ
2151 1838 2407 1914 ψαῦος
2472 1834 2633 1912 παρ’
2691 1833 2999 1913 Ἀλκμᾶνι.

420 1937 497 2000 τὸ
542 1937 613 2000 δὲ
657 1935 958 2011 ἀγαυός
1001 1936 1447 2016 τριςύλλαβονῖ
1558 1924 1567 1932 ’

422 2063 433 2076 ·
582 2037 686 2102 Τὰ
724 2037 819 2101 εἰς
860 2038 1388 2139 &Kc-bicinium
1432 2038 1740 2127 ὀξύνεται,
1786 2039 1841 2104 εἰ
1885 2041 1966 2119 μὴ
2011 2038 2108 2118 εἴη
2152 2040 2336 2118 κύρια
2379 2039 2481 2103 καὶ
2522 2038 2873 2118 πυςματικὰ
2901 2038 3005 2102 καὶ
3041 2048 3103 2098 15

424 2138 922 2231 ἀναφορικὰικαὶ
949 2139 1025 2205 τὸ
1054 2142 1094 2203 ὃ
1138 2141 1478 2208 πλεονάζει
1514 2124 1589 2207 ἐν
1631 2148 1708 2226 τῇ
1753 2141 1949 2226 ἀρχῇ,
2003 2163 2034 2206 ς
2048 2141 2277 2222 μοιός
2316 2136 2646 2223 ἐπίθετον,
2687 2140 3003 2205 ςκλοιός

424 2241 461 2305 6
537 2242 814 2325 ςκολιός,
888 2242 1139 2325 δοιός,
1217 2243 1523 2341 γλριόςῦ
1569 2244 1673 2308 ἐπὶ
1737 2243 2019 2327 κόπρου,
2112 2222 2383 2326 βοιιόςζ,
2431 2242 2733 2325 κλοιός,
2799 2242 2837 2305 ὃ
2902 2242 3003 2306 καὶ

424 2344 631 2427 κλῳός
677 2343 956 2426 λέγεται,
1001 2344 1315 2423 φλοιός.
1403 2346 1479 2410 τὸ
1523 2348 1791 2428 ποῖος,
1837 2348 2093 2428 τοῖος,
2140 2348 2395 2428 κοῖος,
2448 2342 2622 2410 οἶος
2667 2344 3003 2425 βαρύνεται

1556 1994 1599 2029 ι.
1738 2000 1761 2029 c
1935 1974 2004 2013 ·“

421 2635 456 2685 l.
491 2638 526 2685 4
560 2633 740 2687 Χνᾶος
777 2633 938 2687 ἔθνος
974 2651 1041 2684 ex
1068 2634 1147 2684 St.
1171 2635 1232 2689 B.
1271 2635 1463 2686 adieci.
1603 2637 1641 2686 l.
1667 2640 1698 2688 5
1737 2636 1804 2686 de
1840 2634 1976 2688 ταός
2012 2636 2082 2692 of.
2112 2636 2308 2688 Choer.
2330 2622 2617 2700 Dietfaoo,
2641 2637 2709 2686 26
2742 2632 2813 2684 τὸ
2848 2634 3002 2685 ταῶς

424 2702 528 2755 οὐκ
563 2702 811 2768 ἠδύνατο
848 2700 963 2753 ἀπὸ
999 2705 1102 2753 τοῦ
1140 2701 1275 2754 ταός
1310 2706 1414 2754 τοῦ
1441 2701 1529 2754 διὰ
1562 2706 1664 2755 τοῦ
1702 2706 1734 2756 δ
1768 2703 1944 2769 εἶναι,
1983 2703 2202 2769 ἐπειδή,
2241 2703 2320 2756 ὥς
2356 2717 2524 2768 φηςιν
2561 2701 2902 2767 Ἡρωδιανὸς
2939 2700 3002 2752 ἐν

422 2775 494 2838 τῇ
533 2770 805 2835 καθόλου,
841 2769 912 2822 τὸ
948 2770 1083 2823 ταός
1118 2770 1187 2823 τὸ
1223 2769 1313 2823 διὰ
1346 2776 1448 2823 τοῦ
1486 2777 1547 2824 oc
1583 2771 1687 2824 οὐκ
1724 2770 1838 2825 ἔςτι
1874 2772 2107 2839 ςύνηθες
2143 2776 2263 2825 τοῖς
2298 2771 2569 2838 Ἕλληςιν.
2732 2771 2765 2822 1.
2801 2772 2833 2820 6
2869 2770 3002 2822 λᾶος

426 2841 643 2905 explevi
683 2857 748 2890 ex
789 2840 969 2890 Sobel.
1010 2840 1078 2890 ad
1116 2840 1276 2905 Soph.
1315 2842 1348 2891 l.
1386 2857 1429 2891 e.
1475 2838 1577 2892 ἐπ’
1610 2840 1784 2907 ἄκρου
1822 2840 1988 2893 λάου;
2027 2840 2141 2892 ἀπὸ
2187 2843 2291 2906 τῆς
2327 2839 2462 2892 λαός
2509 2841 2634 2903 (eor.
2670 2841 2826 2903 λᾶος)
2865 2853 3001 2902 παρ-

424 2907 763 2973 οξυνομένης
801 2909 925 2971 (ser.
967 2906 1367 2973 βαρυνομένης)
1408 2906 1626 2961 εὐθείας
1661 2908 1971 2975 γενομένης
1996 2908 2111 2961 ἀπὸ
2135 2911 2359 2974 γενικῆς
2382 2911 2487 2973 τῆς
2513 2909 2647 2960 λᾶος
2683 2909 2850 2959 «λᾶος
2887 2905 3002 2958 ὑπὸ

424 2976 639 3041 ῥιπῆς».
710 2975 897 3027 οὕτως
936 2974 1276 3039 Ἡρωδιανὸς
1313 2974 1375 3027 ἐν
1411 2980 1494 3043 τῷ
1533 2968 1576 3028 ε’
1624 2982 1725 3043 τῆς
1763 2977 2023 3030 καθόλου.
2093 2979 2158 3028 In
2195 2977 2477 3043 Sophoclis
2525 2978 2642 3027 loeo
2688 2975 3004 3026 Dindorfius

428 3061 523 3109 pro
548 3042 687 3096 λάου
724 3044 943 3109 scripsit
977 3044 1110 3095 λᾶος
1144 3044 1518 3095 Herodianum
1554 3047 1759 3097 vitiosa
1795 3049 2063 3112 scriptura
2102 3045 2390 3111 deceptum
2413 3061 2533 3096 esse
2570 3045 2823 3095 iudicans
2860 3059 3003 3094 eum·

426 3129 530 3178 que
570 3118 790 3163 secutus
828 3118 915 3162 est
951 3112 1279 3163 MeinekiuS.
1417 3112 1451 3162 l.
1487 3117 1518 3164 9
1554 3112 1722 3178 φαιός
1761 3121 1817 3165 et
1857 3113 2009 3178 βαιὸς
2045 3114 2236 3165 addidi
2273 3130 2340 3165 ex
2375 3114 2625 3179 Theogn.
2659 3117 2742 3175 48,
2780 3117 2828 3162 6.
2895 3113 3004 3163 Pro

425 3179 607 3233 Μαῑος
664 3182 925 3232 librorum
978 3181 1250 3246 scriptura
1303 3181 1549 3233 exhibuit
1606 3183 1870 3238 Schmidt.
1927 3181 2114 3246 Βαῖος,
2171 3182 2313 3247 quod
2363 3187 2590 3233 tuentur
2642 3187 2700 3232 et
2755 3181 3001 3245 Theogn.
3059 3215 3080 3232 .

426 3248 602 3313 βαιός·
640 3247 754 3300 ἔςτι
788 3248 849 3300 δὲ
885 3248 976 3299 καὶ
1013 3247 1204 3313 κύριον
1241 3247 1420 3312 ὄνομα
1458 3250 1842 3315 βαρυνόμενον
1879 3259 1933 3300 et
1970 3253 2049 3305 St.
2089 3255 2151 3303 B.
2195 3254 2317 3311 155,
2358 3253 2445 3334 140,
2492 3250 2638 3300 unde
2685 3247 3004 3314 explicatio-

426 3333 876 3438 253021'3'332021,
898 3317 1324 3450 {522⁰{i1s23233‘
1338 3316 2814 3451 sffzf‘fflz'zz150152220502333⁶vss⁵535122“a’sszwfartffi
2880 3332 3006 3435 ²233:

429 3454 632 3503 dictum
680 3459 767 3503 est
812 3451 964 3505 (αῑοι
1008 3457 1071 3502 ut
1121 3450 1289 3504 Νάῑος
1337 3452 1504 3505 Ναῖος
1550 3456 1619 3504 cf.
1668 3457 1803 3508 Lob.
1851 3456 2040 3506 Rhem.
2078 3458 2180 3505 274
2223 3459 2337 3505 not.
2397 3455 2495 3520 Ap.
2545 3454 2624 3504 St.
2661 3454 2726 3505 B.
2774 3456 2902 3518 573,
2943 3456 3007 3504 10

426 3517 614 3574 (καιοί
649 3518 810 3571 ἔθνος
849 3520 1053 3583 μεταξὺ
1097 3523 1201 3584 τῆς
1238 3519 1503 3587 Τρῳάδος
1549 3522 1639 3573 καὶ
1684 3525 1787 3587 τῆς
1823 3522 2045 3589 Θρᾴκης
2092 3527 2361 3588 oxytonos
2398 3521 2674 3588 seriptum'
2704 3526 2791 3573 est
2836 3527 3005 3586 atque

426 3591 667 3640 fortasse
706 3589 1151 3653 distinguebatur
1187 3589 1628 3655 andronymicum
1668 3608 1701 3642 a
1738 3593 1962 3656 gentili,
2001 3591 2144 3657 quod
2188 3607 2323 3656 cum,
2345 3590 2637 3643 adiectivis
2674 3590 3005 3656 cognatione

426 3658 662 3723 quadam
697 3657 1045 3707 coniunctum
1079 3663 1182 3707 est.
1253 3656 1545 3730 Qaeterum
1581 3675 1756 3710 canon
1791 3659 2243 3726 orthographicas
2267 3659 2609 3724 Theognosti
2643 3658 2813 3709 etiam
2846 3659 2904 3708 in
2939 3658 3003 3708 E.

422 3728 498 3780 M.
535 3728 653 3784 417,
691 3729 757 3777 26
793 3729 994 3774 exstat.
1041 3726 1493 3777 Praetermissum
1531 3733 1617 3778 eet
1652 3730 1809 3790 γαῑος
1847 3727 1879 3779 ὁ
1916 3725 2154 3792 ἐργάτης
2192 3728 2346 3791 βοῦς·
2383 3727 2473 3778 καὶ
2510 3726 2542 3778 6
2577 3725 2844 3788 ἀπόγειος
2880 3722 3004 3777 ἄνε-

426 3807 528 3857 μος
566 3795 716 3855 Ηοε.,
755 3793 900 3858 quod
937 3794 1449 3858 properispomenon
1484 3800 1597 3858 est,
1645 3797 1773 3861 quia
1817 3812 1886 3847 ex
1922 3794 2078 3858 γάϊος
2114 3802 2451 3846 contractum
2499 3802 2585 3846 est
2628 3795 2702 3847 of.
2741 3795 2877 3847 Lob.
2917 3793 3005 3847 ΕΙ.

423 3864 480 3914 11
515 3863 599 3913 36.
736 3861 771 3910 1.
811 3864 871 3910 12
907 3859 1043 3911 αὖος
1079 3877 1199 3911 cum
1236 3875 1431 3927 aspero
1470 3864 1575 3913 scri
1617 3865 1664 3914 si
1701 3880 1769 3915 ex
1806 3864 2112 3914 Herodiani
2143 3864 2392 3914 doctrina
2424 3863 2490 3914 11.
2517 3864 2606 3912 Pr.
2632 3862 2678 3914 Ψ
2703 3865 2819 3913 327.
2858 3859 3004 3913 Αύος

427 3930 617 3980 addidi
650 3945 718 3980 ex
755 3931 836 3980 St.
874 3931 965 3991 B..
1004 3929 1214 3994 reliqua
1250 3945 1314 3978 ex
1349 3931 1412 3980 11.
1450 3934 1536 3982 Pr.
1676 3935 1797 3994 137,
1838 3934 1933 3984 ubi
1979 3932 2080 3983 hoe
2127 3931 2193 3982 de
2230 3930 2367 3983 αὖος
2405 3932 2857 3982 adnotamentum
2894 3945 3006 3980 ser·

425 4003 614 4049 vatum
651 4004 763 4048 est:
801 3995 967 4048 αὕας;
1009 3997 1406 4061 βαρυτονοῦςιν
1442 3996 1495 4050 οἱ
1531 3997 1774 4052 πλείους.
1827 3998 2015 4052 Νικίας
2052 3998 2236 4052 ὀξύνει
2272 3999 2360 4051 διὰ
2392 3999 2460 4051 τὸ
2487 3997 3003 4063 μεταφραΖόμενον,

427 4064 550 4117 ἐπεὶ
586 4066 676 4116 καὶ
712 4064 781 4116 τὸ
819 4063 984 4130 ξηρός
1021 4063 1291 4118 ὀξύνεται.
1362 4064 1576 4132 εἴρηται
1612 4067 1673 4119 δὲ
1710 4068 1838 4131 περὶ
1874 4069 1996 4118 τῶν
2031 4066 2339 4132 τοιούτων,
2378 4067 2466 4119 ὅτι
2512 4066 2579 4118 οὐ
2617 4066 2699 4118 δεῖ
2735 4065 2877 4131 πρὸς
2914 4079 3004 4128 με-

425 4133 823 4198 ταφραζόμενα
858 4133 959 4184 τὰς
1000 4132 1172 4185 λέξεις
1218 4136 1442 4184 τονοῦν.
1512 4134 1545 4186 6
1589 4134 1650 4187 δὲ
1690 4134 2099 4200 Ἀςκαλωνίτης
2146 4134 2383 4201 βαρύνει.
2453 4135 2557 4200 χρὴ
2605 4133 2796 4198 μέντοι
2839 4131 3004 4196 γινώ-

427 4216 575 4253 ςκειν
611 4200 700 4253 ὅτι
736 4200 983 4267 μονήρης
1020 4200 1168 4252 ὲςτίν
1204 4200 1239 4264 ἡ
1278 4200 1443 4253 λέξις·
1480 4201 1647 4255 οὐδὲν
1681 4203 1904 4269 γὰρέἰς
1939 4209 2002 4256 δέ
2042 4205 2218 4268 λῆγον
2254 4203 2503 4269 καθαρὸν
2539 4202 2894 4265 διςύλλαβον,
2932 4205 3002 4264 τῆ

426 4275 496 4321 ἆυ
534 4269 824 4336 διφθόγγῳ
864 4269 1006 4320 κατὰ
1039 4269 1148 4333 τὴν
1186 4268 1467 4334 ἡμετέραν
1510 4268 1805 4323 διάλεκτον
1856 4270 2352 4338 παραληγόμενον,
2399 4270 2649 4336 τριγενές
2696 4270 2869 4333 ἐςτιν,
2917 4254 3004 4320 διό

426 4338 560 4391 οὐδὲ
595 4337 1025 4403 ἀντιπαράθεςιν
1070 4337 1197 4401 ἔχει.
1266 4335 1399 4389 ῖςως
1443 4336 1504 4389 δὲ
1549 4339 2016 4405 βεβαρυτόνηται,
2064 4338 2188 4390 ἐπεὶ
2234 4339 2324 4390 καὶ
2368 4338 2437 4390 τὸ
2485 4343 2656 4391 ναῦος
2701 4337 3005 4403 ἐβαρύνετο

428 4407 517 4459 καὶ
540 4406 610 4458 τὸ
636 4405 855 4470 Τραῠος
880 4405 1074 4471 κύριον
1099 4406 1189 4457 καὶ
1223 4404 1293 4456 τὸ
1331 4408 1513 4469 ψαῦος
1539 4407 1679 4470 παρ’
1711 4408 1988 4471 Ἀλκμᾶνι.
2093 4407 2127 4456 1.
2155 4409 2233 4459 15.
2261 4410 2324 4457 16
2362 4407 2452 4459 καὶ
2477 4405 2790 4472 ἀναφορικά
2816 4406 3006 4457 addidi

427 4493 495 4527 ex
530 4475 774 4541 Theogn.
810 4477 894 4538 49,
934 4479 1024 4536 22,
1064 4490 1160 4539 pro
1197 4473 1413 4525 ςκλοιός
1450 4475 1618 4526 habet
1654 4476 1899 4541 Theogn.
1936 4474 2144 4538 ςκοιός,
2194 4476 2291 4526 sed
2329 4474 2545 4527 ςκλοιός
2583 4476 2833 4528 defendit
2868 4475 3005 4527 Lob.

428 4544 511 4592 El.
556 4544 583 4592 Ι
627 4547 743 4594 502.
814 4540 846 4592 ὃ
900 4541 989 4592 καὶ
1034 4541 1220 4609 κλῳός
1265 4541 1488 4604 λέγεται
1534 4544 1715 4594 adieci
1767 4544 1969 4595 collato
2022 4545 2214 4595 Arcad.
2262 4547 2351 4602 38,
2397 4548 2456 4600 8.
2512 4543 2711 4608 φλοιός
2766 4561 2833 4594 ex
2886 4542 3006 4598 eod.

425 4612 691 4676 Theogn„
729 4609 918 4674 μνοιός
956 4609 988 4661 ὁ
1027 4608 1215 4673 ἰπνός,
1255 4611 1398 4675 quod
1436 4611 1583 4662 idem
1621 4611 1814 4670 habet,
1853 4629 1918 4663 ex
1954 4628 2213 4678 perversa
2252 4614 2705 4679 pronunciatione
2744 4628 2810 4662 ex
2850 4609 3005 4673 μνιός

428 4677 486 4743 (6
522 4678 765 4744 ἁπαλός)
804 4687 980 4729 ortum
1015 4680 1162 4730 inter
1196 4679 1462 4730 voeabula
1500 4682 1555 4729 in
1590 4681 1674 4731 ffiz
1710 4682 1919 4746 recepi3
1957 4675 2402 4746 praetermissum
2428 4687 2514 4731 est
2550 4678 2736 4744 κροιός
2772 4678 2865 4730 ἐπὶ
2902 4681 3004 4729 ‘roo

430 4747 667 4810 κολοβοῦ
705 4749 951 4811 Theogn.
989 4751 1071 4811 ⁶21,
1115 4750 1199 4810 16,
1238 4746 1423 4810 κροιός
1460 4747 1492 4799 ὁ
1527 4746 1805 4814 νοςώδης,
1844 4747 2079 4814 ἀςθενής
2118 4750 2273 4808 Ηοε.,
2313 4752 2464 4801 κοῖος
2500 4746 2619 4800 οἶος
2656 4765 2722 4799 ex
2757 4748 3007 4813 Theogn.

432 4815 725 4865 Caeterum
759 4822 983 4880 propter
1017 4832 1280 4866 canonem
1314 4816 1517 4881 ipsum.
1555 4819 1699 4867 sicut
1742 4818 1799 4867 in
1836 4818 2105 4883 principio
2141 4815 2453 4883 propositus
2491 4825 2602 4883 est,
2654 4834 2750 4882 pro
2787 4816 3008 4866 Arcadii

430 4883 612 4934 verbis
656 4881 727 4933 τὸ
774 4886 961 4946 ποῖος,
997 4887 1179 4948 τοῖος,
1226 4882 1348 4936 οἶος
1385 4883 1417 4935 6
1455 4884 1624 4948 μόνος
1662 4884 1959 4950 βαρύνεται
2007 4883 2086 4938 ὡς
2130 4884 2444 4949 πυςματικά
2491 4886 2718 4937 exhibui
2762 4901 2902 4951 quae
2948 4884 3005 4933 in

430 4954 587 5004 textu
622 4956 765 5004 sunt.
838 4950 1195 5003 Pleonasmus
1231 4952 1437 5004 vocalis
1473 4957 1505 5006 ὃ
1542 4955 1599 5004 in
1634 4952 1756 5006 οἶος
1793 4956 2059 5006 statuitur
2096 4956 2265 5006 etiam
2302 4957 2404 5022 Ep.
2445 4955 2643 5008 Herod.
2688 4957 2782 5007 Et.
2819 4954 3004 5008 Orion.
