3664 5546
1160 328 1319 382 ΠΕΡΙ
1361 325 1772 381 ΚΑΘΟΛΙΚΗΕ-
1789 326 2212 382 ΠΡΟΕΩιΔΙΑ(
2253 328 2323 382 ΙΓ.
2776 393 2783 396 .
2913 325 3040 389 385

457 503 787 576 ςπεῖρον
839 500 915 563 τὸ
969 498 1250 580 ἱμάτιον,
1306 501 1593 586 ςκῖρον.
1682 497 1807 562 ἔςτι
1863 498 1967 561 καὶ
2012 497 2287 575 (κίρον
2342 495 2545 560 τόπος
2588 495 2862 559 Ἀττικὸς
2907 493 3038 559 ἀπὸ

458 601 682 679 (Σκίρου
710 600 941 678 ἥρωος.
1004 599 1189 678 Εκίρα
1232 600 1305 663 δὲ
1346 599 1386 676 ἡ
1432 598 1621 677 ἑορτὴ
1653 602 1935 683 καλεῖται
1980 598 2137 663 κατά
2180 618 2356 682 τινας
2402 599 2516 675 μὲν
2562 596 2659 659 ὅτι
2704 596 2809 659 ἐπὶ
2839 595 3039 678 (Σκίρῳ

457 701 689 784 Ἀθηνᾷ
733 700 975 783 θύεται,
1021 701 1165 764 κατ’
1211 700 1450 764 ἄλλους
1507 702 1578 763 δὲ
1623 699 1755 765 ἀπὸ
1799 706 1932 765 τῶν
1976 700 2334 778 γινομένων
2378 697 2570 775 ἱερῶν
2601 697 2890 776 Δήμητρι
2940 698 3043 760 καὶ

460 802 625 884 Κόρῃ
670 801 739 865 ἐν
784 808 861 884 τῇ
896 800 1086 883 ἑορτῇ
1120 802 1317 884 ταύτῃ
1353 801 1457 864 ἐπὶ
1501 800 1715 885 Εκίρψ.
1783 801 2034 876 λέγεται
2067 801 2172 863 καὶ
2204 799 2243 862 ὁ
2276 798 2497 877 Εκῖρος
2528 799 2631 862 καὶ
2663 799 2739 861 τὸ
2771 796 3041 879 Εκίριον,

454 907 778 984 νεῦρον,
824 906 1081 982 φῆρον
1130 907 1348 981 βρῶμα
1391 907 1587 984 θεῶν,
1633 907 1876 982 μῆρον
1923 906 2130 980 «μῆρα
2181 902 2252 964 δὲ
2291 901 2607 964 κείαντες»
2655 896 2810 980 (Od.
2843 897 3039 979 ν26).
3082 909 3116 958 5

455 1004 686 1079 γέγονε
732 1005 803 1066 δὲ
848 1003 916 1066 ἐκ
961 1008 1277 1080 ςυγκοπῆς
1318 1007 1437 1067 τοῦ
1482 1004 1723 1082 μηρίον.
1771 1004 1910 1067 ἐπεί
1938 1023 2038 1067 τοι
2083 1002 2414 1065 εὐθύνεται
2458 1000 2497 1063 ὁ
2539 1000 2748 1063 τόνος.
2796 1001 2876 1064 τὰ
2918 1002 3042 1077 γὰρ

457 1105 546 1168 εἰς
599 1111 672 1167 ος
719 1105 1030 1186 λήγοντα,
1077 1105 1635 1183 μεταπλαςςόμενα
1680 1105 1768 1169 εἰς
1814 1104 2161 1183 οὐδέτερον
2205 1104 2396 1177 γένος
2439 1103 2516 1166 τὸ
2562 1101 2650 1165 εἰς
2693 1105 2774 1163 ffi
2820 1103 3043 1182 λῆγον,

457 1207 572 1285 τὸν
620 1206 820 1270 αὐτὸν
864 1206 1062 1269 τόνον
1109 1205 1437 1286 φυλάςςει·
1491 1205 1530 1268 ὁ
1574 1206 1763 1281 Ζυγός
1816 1208 1892 1271 τὸ
1939 1206 2132 1282 Ζυγόν
2176 1240 2263 1252 --
2305 1204 2385 1267 τὰ
2427 1203 2587 1278 ζυγά
2586 1251 2617 1288 ,
2675 1202 2905 1283 δίφρος
2956 1202 3045 1265 δί-

458 1328 664 1389 φρον,
711 1307 923 1385 δίφρα.
1012 1306 1162 1370 ὅθεν
1209 1306 1262 1370 εἰ
1306 1308 1411 1370 καὶ
1454 1308 1683 1389 μηρός,
1737 1309 1842 1371 καὶ
1884 1308 2086 1386 μηρόν
2130 1309 2233 1371 καὶ
2276 1305 2457 1384 μηρά.
2548 1303 2602 1367 εἰ
2648 1303 3045 1385 δὲ’δοίημεν,

459 1408 556 1471 ὅτι
586 1409 816 1485 κυρίως
845 1409 925 1472 τὰ
969 1408 1355 1486 ἁγιαζόμενα
1384 1411 1557 1472 θεοῖς
1586 1412 1752 1487 μῆρα
1794 1412 2107 1491 καλεῖται,
2151 1409 2228 1471 τὸ
2259 1408 2406 1483 περὶ
2433 1408 2550 1469 τοῦ
2582 1405 3045 1484 ςημαινομένου
3084 1412 3154 1461 10

453 1511 562 1592 καὶ
589 1514 705 1574 τοῦ
748 1512 895 1588 περὶ
938 1511 1055 1575 τὸν
1084 1512 1282 1575 τόνον
1313 1510 1757 1590 ἁμαρτήματος
1786 1513 1901 1588 τήν
1936 1510 2102 1576 λέξιν
2136 1509 2425 1573 ἀπολύει.
2487 1508 2563 1572 τὸ
2596 1509 2667 1570 δὲ
2696 1507 3044 1583 πλευρόν

459 1611 590 1676 ἀπὸ
634 1615 752 1675 τοῦ
796 1611 1046 1689 πλευρά
1089 1612 1681 1691 μεταπλαςςόμενον
1712 1613 1827 1677 τὸν
1861 1611 2060 1674 αὐτὸν
2088 1611 2285 1675 τόνον
2316 1609 2620 1689 φυλάςςει
2651 1609 2741 1672 ὡς
2770 1607 3046 1684 καὶπυρά

341 1799 345 1803 ⁶
459 1711 590 1777 ἀπὸ
634 1716 752 1776 τοῦ
795 1712 1006 1789 πυραί.
1077 1715 1152 1778 τὸ
1199 1716 1270 1777 δὲ
1314 1717 1557 1791 νεῦρα
1600 1713 1923 1793 διάφορον
1966 1716 2082 1776 τοῦ
2126 1712 2345 1790 νευραί
2388 1711 2520 1789 ἔχει
2565 1710 3044 1788 ςημαινόμενον.

628 1813 723 1876 Τὰ
765 1812 854 1877 εἰς
898 1818 1018 1892 [Ἑν
1065 1814 1573 1894 ὑπερδιςύλλαβα
1616 1814 2116 1894 παραληγόμενα
2157 1819 2249 1894 τῷ
2307 1815 2347 1886 ᾇ
2391 1813 2429 1889 ἢ
2473 1818 2566 1894 τῷ
2610 1814 2642 1874 ἒ
2689 1812 3045 1894 βαρύνεται,

461 1914 834 1992 μέγαρον·
900 1914 1035 1979 ἔςττ
1083 1917 1187 1978 καὶ
1231 1916 1551 1994 Μέγαρα
1593 1917 1778 1979 πόλις
1822 1916 1969 1992 περὶ
2022 1915 2139 1978 τὸν
2185 1913 2451 1995 Ἰςθμόν,
2509 1913 2657 1992 μέςη
2702 1913 3043 1976 Πελοπον-
3083 1919 3145 1968 15

461 2016 659 2092 νήςου
701 2017 808 2079 καὶ
851 2016 1122 2094 Ἀττικῆς
1166 2018 1269 2079 καὶ
1314 2017 1649 2097 Βοιωτίας,
1691 2016 1767 2093 ἧς
1812 2016 2092 2080 ἐπίνειον
2137 2014 2176 2091 ἡ
2225 2015 2457 2078 Νίςαια.
2526 2013 2754 2091 ἐκλήθη
2799 2015 2871 2077 δὲ
2915 2012 3046 2077 ἀπὸ

462 2117 812 2196 Μεγαρέως
858 2121 975 2181 τοῦ
1019 2118 1432 2182 Ἀπόλλωνος
1475 2119 1514 2195 ἢ
1559 2122 1677 2182 τοῦ
1706 2117 1946 2192 Αἰγέως
1989 2120 2106 2180 τοῦ
2135 2115 2500 2179 Πανδίονος
2543 2119 2662 2178 τοί)
2708 2115 3047 2193 Ἐρεχθέως

459 2222 576 2280 τοῦ
621 2218 968 2298 Ἡφαίςτου
1011 2219 1051 2295 ἢ
1098 2219 1204 2281 διὰ
1247 2220 1324 2283 τὸ
1366 2219 1565 2297 τραχὺ
1610 2222 1721 2296 τῆς
1764 2220 1993 2296 χώρας.
2070 2215 2193 2280 ἔςτι
2237 2217 2340 2279 καὶ
2386 2216 2654 2293 Μέγαρα
2697 2216 2767 2279 ἐν
2815 2216 3046 2280 Θεττα-

463 2319 581 2401 λίᾳ.
649 2319 823 2397 τρίτη
870 2319 940 2384 ἐν
983 2319 1237 2401 Πόντῳ.
1285 2319 1550 2397 τετάρτη
1598 2319 1667 2383 ἐν
1713 2318 2033 2399 Ἰλλυρίδι,
2078 2318 2327 2395 πέμπτη
2374 2316 2445 2379 ἐν
2483 2317 2854 2399 Μολοςςίδι,
2903 2317 3045 2393 ἕκτη

461 2419 530 2482 ἐν
590 2418 831 2502 Εικελίᾳ
886 2420 924 2497 ἡ
977 2421 1296 2497 πρότερον
1352 2420 1558 2499 Ὕβλη
1615 2419 1746 2484 ἀπὸ
1802 2419 2141 2497 Ὕβλωνος
2197 2418 2514 2497 βαςιλέως.
2612 2419 3047 2499 βλέφαρον,
3083 2424 3152 2475 20

460 2519 899 2598 γάργαρον·
955 2520 1082 2583 ἔςτι
1137 2522 1240 2584 καὶ
1289 2521 1640 2599 Γάργαρα
1694 2519 1882 2583 πόλις
1934 2524 2046 2597 τῆς
2090 2519 2399 2602 Τρῳάδος
2451 2519 2557 2581 ἐπὶ
2609 2525 2685 2602 τῇ
2731 2517 2893 2601 ἄκρᾳ
2936 2522 3048 2595 τῆς

459 2621 657 2702 Ἴδης,
708 2621 1250 2699 Παλαιγάργαρος
1291 2623 1681 2702 καλουμένη,
1738 2621 1817 2698 ἣν
1873 2620 2169 2697 Αἰολικὴν
2226 2619 2526 2698 ὀνομάζει
2581 2618 2878 2699 Ετράβων
2937 2619 3049 2701 (13

461 2741 521 2805 p.
564 2720 710 2784 583.
755 2719 908 2802 610)
952 2721 1436 2802 καὶῇΕκαταῑος.
1525 2722 1797 2802 Ἀλκμὰν
1843 2722 1916 2785 δὲ
1959 2724 2247 2799 θηλυκῶς
2302 2722 2418 2799 τὴν
2468 2720 2792 2799 Γάργαρόν
2838 2741 3046 2801 φηςιν.

463 2822 533 2885 ἐν
578 2823 616 2904 ᾗ
663 2824 995 2905 κατῴκουν
1042 2822 1106 2885 οἱ
1149 2822 1433 2899 Λέλεγες.
1522 2823 1859 2902 ῶνομάςθη
1917 2824 1973 2887 δ’
2017 2822 2148 2887 ἀπὸ
2197 2823 2524 2901 Γαργάρου
2580 2826 2696 2885 τοῦ
2740 2823 2903 2886 Διὸς
2946 2824 3049 2885 καὶ

460 2922 758 3001 Λαρίςςης
801 2927 912 3000 τῆς
956 2923 1026 2987 ἑν
1073 2923 1394 3007 Θεςςαλίᾳ.
1468 2927 1570 2987 καί
1618 2925 1908 3002 Γάργαρα
1950 2922 2129 3000 ἄκρα.
2203 2923 2666 3003 Ἐπαφρόδιτος
2720 2923 2790 2985 δέ
2835 2944 3046 3005 φηςιν,
3083 2932 3150 3003 25

462 3024 558 3087 ὅτι
603 3024 641 3101 ἡ
687 3026 800 3103 μὲν
845 3024 1031 3088 πόλις
1076 3027 1361 3102 θηλυκῶς
1407 3027 1686 3108 λέγεται,
1730 3027 1806 3089 τὸ
1854 3027 1924 3088 δὲ
1971 3025 2369 3102 ἀκρωτήριον
2403 3024 2774 3100 οὐδετέρως.
2829 3023 3049 3087 Ἑλλά-

461 3145 635 3189 νικος
678 3126 751 3189 δὲ
785 3125 1106 3205 Γάργαςον
1152 3126 1280 3206 ἔφη
1323 3128 1440 3204 τὴν
1484 3127 1674 3190 πόλιν
1708 3126 1811 3189 διὰ
1855 3129 1972 3189 τοῦ
2016 3129 2082 3207 ἰ,
2127 3124 2280 3189 ἀλλ’
2322 3124 2535 3204 οἴομαι
2566 3124 2823 3205 ςφάλμα
2866 3124 3046 3189 εἶναι.

462 3224 588 3289 ἔςτι
617 3228 720 3289 καὶ
749 3226 1104 3306 Λαμψάκου
1145 3227 1561 3305 πολιςμάτιον
1595 3228 1940 3306 Γάργαρον.
2001 3225 2129 3289 ἔςτι
2172 3227 2277 3289 καὶ
2304 3224 2490 3305 ἑτέρα
2517 3229 2628 3303 τῆς
2658 3226 2915 3291 Ἰταλίας
2947 3228 3049 3291 καὶ

461 3329 573 3402 τῆς
603 3327 903 3406 Ἠπείρου
934 3328 1115 3407 ἄλλη.
1174 3329 1599 3410 Ταίναρον,
1633 3326 1984 3405 οἴναρον.
2040 3326 2301 3405 Αὔαρα
2328 3327 2514 3391 πόλις
2544 3328 2847 3406 Ἀραβίας.
2912 3328 3047 3391 Γά-

464 3430 658 3503 δαρα
686 3428 872 3492 πόλις
900 3431 1115 3508 κοίλης
1147 3430 1400 3512 Ευρίας,
1431 3430 1564 3508 ἥτις
1604 3430 1707 3493 καὶ
1737 3429 2086 3507 Ἀντιόχεια
2119 3429 2223 3492 καὶ
2253 3427 2584 3492 Εελεύκεια
2613 3428 2860 3506 ἐκλήθη.
2917 3428 3044 3491 ἔςτι
3084 3437 3151 3488 30
3208 3472 3219 3481 .

463 3529 565 3591 καὶ
597 3528 845 3605 Γάδαρα
874 3533 1048 3609 κώμη
1082 3531 1496 3596 Μακεδονίας.
1546 3531 1877 3609 Γίνδαρα
1917 3531 2093 3609 κώμη
2124 3530 2288 3606 πρὸς
2317 3536 2393 3614 τῇ
2424 3529 2789 3613 Ἀντιοχείᾳ.
2835 3529 3048 3592 Δαύ-

464 3648 652 3705 ςαρα
694 3607 880 3694 πόλις
923 3633 1072 3710 περὶ
1113 3635 1229 3711 τὴν
1258 3634 1570 3697 Ἐδεςςαν.
1642 3631 2000 3710 Κύδραρα
2043 3632 2228 3695 πόλις
2274 3633 2437 3710 πρὸς
2480 3633 2634 3695 τοὺς
2679 3631 2874 3709 ὅρους
2916 3636 3046 3695 τῶν

462 3730 737 3808 Φρυγῶν
782 3732 885 3797 καὶ
927 3731 1170 3797 Λυδῶν.
1228 3733 1577 3811 Ἡρόδοτος
1621 3732 1857 3816 ἑβδόμῃ
1901 3734 1982 3813 (ο.
2027 3731 2155 3813 30).
2214 3730 2530 3810 Λάβαρα
2571 3732 2757 3796 πόλις
2806 3732 3047 3810 Καρίας.

463 3831 877 3909 Ἀλέξανδρος
932 3834 1213 3917 δευτέρῳ
1267 3836 1413 3912 περὶ
1474 3834 1715 3912 Καρίας.
1802 3833 2070 3911 Ζόαρα
2123 3832 2311 3896 πόλις
2372 3834 2664 3911 Περςική.
2754 3833 2879 3897 ἔςτι
2945 3835 3050 3896 καὶ

464 3934 639 4011 κώμη
686 3933 925 4010 μεγάλη
979 3934 1018 4010 ἢ
1076 3933 1394 4013 φρούριον
1452 3935 1523 3998 ἑν
1567 3933 1955 4017 Παλαιςτίνῃ
2013 3933 2117 3996 ἐπὶ
2159 3940 2236 4017 τῇ
2282 3934 2699 4014 Ἀςφαλτίτιδι
2756 3933 3046 4015 θαλάςςῃ.
3084 3942 3151 3993 35

463 4032 804 4109 “’Υκαρον
849 4034 1171 4113 φρούριον
1218 4034 1523 4117 Εικελίας,
1572 4035 1661 4098 ὡς
1703 4035 1992 4101 Φίλιςτος
2038 4034 2373 4098 (Σικελικῶν
2419 4037 2673 4116 πρώτῳ.
2741 4033 3048 4096 Ἀπολλό-

465 4138 678 4211 δωρος
722 4135 778 4198 δ’
823 4134 894 4200 ἐν
939 4135 1221 4219 δευτέρῳ
1260 4126 1576 4214 χρονικῶν
1622 4137 1811 4200 πόλιν
1860 4135 2028 4210 λέγει
2073 4135 2273 4212 αὐτὴν
2319 4136 2397 4197 τὰ
2427 4134 2691 4212 Ὕκαρα.
2748 4133 3047 4213 μέμνηται

597 4356 634 4406 l.
673 4358 699 4405 1
739 4358 928 4419 ςκῖρον
964 4359 1024 4405 et
1059 4352 1259 4418 (κίρον
1294 4370 1362 4404 ex
1400 4355 1479 4408 St.
1506 4355 1568 4404 B.
1617 4354 1723 4405 Pro
1762 4356 1943 4418 μῆρον
1978 4353 2069 4404 καὶ
2106 4351 2333 4417 μηρίον,
2373 4354 2430 4401 in
2468 4354 2666 4416 quibus
2691 4351 2781 4403 καί
2805 4353 3045 4403 Meinek.

461 4424 866 4489 interpretatur
900 4422 1057 4486 ἤτοι,
1095 4423 1280 4487 posui,
1320 4437 1460 4486 quae
1500 4426 1627 4471 sunt
1661 4424 1720 4472 in
1755 4422 1819 4472 11.
1860 4425 2014 4472 Pros,
2055 4419 2097 4472 Α
2131 4423 2232 4470 464
2269 4420 2391 4470 coll.
2433 4418 2472 4470 Β
2508 4423 2608 4470 427
2647 4422 2718 4470 cf,
2752 4422 2856 4485 Ep.
2897 4420 2985 4470 Cr.
3020 4423 3048 4471 Ι

464 4493 591 4553 250,
632 4494 711 4543 16.
784 4493 891 4542 Pro
939 4488 1304 4553 ςεςημείωται
1338 4488 1409 4539 τὸ
1445 4488 1696 4553 πλευρόν
1744 4490 1871 4539 dedi
1916 4490 2086 4539 verba
2133 4504 2199 4538 ex
2245 4487 2308 4538 ΙΙ.
2354 4490 2442 4538 Pr.
2491 4486 2524 4538 Γ
2560 4492 2626 4538 35
2671 4489 2798 4537 huic
2846 4488 3045 4538 canoni

468 4558 753 4623 adaptata.
824 4559 894 4610 ef.
932 4558 1070 4611 Lob.
1108 4557 1277 4608 Proll.
1314 4573 1364 4621 p.
1403 4560 1482 4608 13.
1688 4557 1725 4610 l.
1765 4559 1828 4606 15
1865 4554 2097 4619 Μέγαρα
2135 4560 2191 4605 et
2229 4553 2478 4619 Γάργαρα
2515 4554 2706 4604 addidi
2742 4572 2809 4604 ex
2847 4556 2925 4605 St.
2962 4558 3045 4617 B„

466 4623 747 4689 Ταίναρον
784 4630 840 4675 et
875 4623 1108 4688 οῖναρον
1145 4641 1211 4674 ex
1247 4625 1348 4690 Ep.
1387 4625 1474 4674 Cr.
1509 4625 1535 4673 Ι
1571 4626 1699 4687 277,
1736 4626 1830 4686 26,
1873 4624 1991 4673 ubi:
2028 4623 2100 4673 τὰ
2135 4621 2223 4673 διὰ
2261 4625 2369 4673 τοῦ
2409 4627 2546 4685 ἄρον
2586 4625 2864 4686 μονογενῆ
2902 4621 3046 4685 ὑπὲρ

465 4692 566 4742 δύο
610 4691 882 4755 ςυλλαβὰς
929 4692 1252 4755 βαρύνεται,
1303 4690 1618 4755 βλέφαρον,
1672 4690 1982 4754 Ταίναρον,
2042 4689 2348 4755 Γάργαρον,
2403 4688 2646 4754 οἴναρον.
2728 4689 3047 4754 πρόςκειται

465 4758 609 4821 ὑπὲρ
645 4759 746 4809 δύο
783 4759 1055 4823 ςυλλαβὰς
1092 4759 1179 4810 διὰ
1214 4757 1283 4809 τὸ
1323 4758 1506 4822 ςαρόν.
1577 4761 1812 4810 Nomina
1859 4760 2081 4823 propria
2118 4757 2308 4820 Αὔαρα
2343 4774 2517 4823 usque
2561 4759 2633 4807 ad
2669 4756 2943 4822 Τάρφαρα
2979 4774 3045 4807 ex

533 4875 911 4914 annonarum.
949 4862 992 4910 1.
2291 4872 2317 4896 ο
2557 4840 2643 4904 25
