3664 5546
1198 386 1357 441 ΠΕΡΙ
1399 386 1791 441 ΚΑΘΟΛΙΚΗ(
1828 386 2250 442 ΠΡΟΕΩιΔΙΑΕ
2289 387 2372 441 ΙΔ.
2959 388 3083 454 397

498 556 735 634 κύριον.
825 554 906 619 οὐ
963 555 1228 619 δύναται
1286 558 1356 635 δὲ
1415 559 1755 633 καταλῆξαι
1810 559 1914 621 καὶ
1975 557 2320 636 ύπερετέθη
2373 557 2449 623 τὸ
2495 560 2536 622 ν
2578 559 2682 621 καὶ
2725 558 2966 638 ἐτράπη
3009 559 3085 622 τὸ

498 660 533 721 ι’(
576 657 666 721 εἰς
700 643 741 723 ξ
785 657 964 722 πνύξ.
1052 657 1387 735 ὑπέρθεςιν
1431 657 1557 736 ἄρα
1600 658 1730 737 ἔχει
1776 658 1882 722 διὰ
1924 660 2041 737 τὴν
2086 658 2450 737 κατάληξιν·
2520 658 2590 723 ἐν
2634 659 2707 722 δὲ
2748 666 2826 741 τῇ
2869 666 3084 743 γενικῇ

498 757 779 838 ἀπέλαβε
834 760 952 838 τὴν
995 757 1179 823 ,τάξιν
1236 759 1392 837 μετὰ
1446 764 1564 823 τοῦ
1619 762 1656 822 ἱ
1709 759 1874 826 πνύξ
1930 760 2170 825 πυκνός
2216 763 2370 838 «τῆς
2419 761 2662 841 πυιςνός
2704 761 2818 824 τὰς
2860 762 3080 839 ἡνίας»

339 913 343 917 ,
426 882 441 917 ο
500 862 659 923 «τοῦ
705 860 886 923 λίθου
930 863 1088 923 τοῦν
1132 866 1207 943 τῇ
1252 860 1479 924 πυκνί»
1526 861 1629 924 καὶ
1674 861 1983 949 «πύκνα».
2050 861 2340 940 κέκληται
2384 863 2456 925 δὲ
2498 862 2675 940 παρὰ
2718 862 2793 925 τὸ
2836 863 3082 926 πυκνὸν

496 965 628 1025 τῶν
672 961 868 1024 πάλαι
914 960 1276 1043 ᾡκιςμένων
1310 961 1572 1043 οἰκιῶν,
1626 962 1809 1036 λύγξ
1854 963 1957 1025 καὶ
1997 962 2192 1037 Λύγξ
2237 964 2425 1027 πόλις
2464 963 2694 1043 Λιβύης
2736 965 2900 1040 πρὸς
2942 966 3080 1027 τοῖς
3109 972 3142 1021 5

501 1052 819 1140 Γαδείροις
863 1062 1019 1140 μετὰ
1060 1062 1177 1127 τὸν
1221 1062 1564 1126 Ἄτλαντα·
1609 1064 1711 1126 καὶ
1754 1065 1947 1139 νῆςος
1990 1064 2339 1129 Ἄτλαντος
2383 1064 2487 1128 καὶ
2528 1064 2715 1130 πόλις
2757 1065 2946 1147 Λύγξ,
2992 1065 3085 1129 ὡς

499 1163 974 1243 Ἀρτεμίδωρος.

665 1265 758 1330 Τὰ
813 1264 901 1328 εἰς
946 1252 1043 1331 {xl—5:
1086 1265 1534 1344 μονοςύλλαβα
1576 1264 1899 1348 ὀξύνεται,
1933 1265 2165 1348 Ῥαίξ,
2200 1267 2452 1349 Γραίξ,
2501 1269 2753 1345 Γραῖκεε
2781 1267 2904 1345 γὰρ
2934 1267 3085 1345 παρ’

498 1367 792 1456 Ἀλιςμᾶνι
847 1366 912 1429 αἱ
969 1370 1102 1430 τῶν
1156 1365 1478 1445 Ἑλλήνων
1542 1367 1805 1446 μητέρες
1858 1368 1962 1430 καὶ
2013 1368 2188 1445 παρὰ
2244 1367 2564 1448 (Σοφοκλεῖ
2628 1369 2698 1433 ἐν
2752 1368 3081 1447 Ποιμέςιν·

498 1467 609 1532 εἰςὶ
653 1471 725 1532 δὲ
769 1468 870 1531 καὶ
916 1468 1168 1544 Γραῖκες
1209 1467 1495 1531 Αἰολέων
1550 1466 1615 1532 οἱ
1667 1469 1742 1532 τὸ
1785 1467 2038 1545 Πάριον
2086 1466 2426 1532 οἰκοῦντες.
2514 1468 2641 1533 ἔςτι
2699 1471 2771 1533 δὲ
2813 1471 2852 1547 ἢ
2899 1489 3082 1549 μετα·
3120 1479 3188 1531 10

497 1570 783 1648 πλαςμός
824 1569 863 1645 ἢ
910 1571 1021 1645 τῆς
1069 1567 1244 1645 Γραίξ
1289 1567 1536 1632 εὐθείας
1590 1569 1781 1633 κλίςις
1839 1568 2023 1634 ἐςτίν.
2113 1567 2280 1633 ἀλλὰ
2337 1569 2457 1633 δύο
2503 1570 2669 1648 μόνα
2712 1571 2966 1649 εὕρηται
3011 1572 3082 1636 ἐν

498 1676 574 1753 τῇ
633 1672 884 1748 ςυνήθει
941 1670 1181 1747 χρήςει·
1235 1670 1311 1733 τό
1356 1668 1474 1736 αἲξ
1519 1670 1624 1734 ἐπὶ
1666 1674 1782 1734 τοῦ
1825 1672 2028 1754 ζῴου·
2084 1672 2187 1734 καὶ
2242 1674 2436 1735 τοῦτο
2481 1671 2545 1735 οἱ
2591 1672 2855 1737 Ἀττικοὶ
2907 1688 3082 1750 περι-

501 1776 725 1853 ςπῶςι,
771 1771 873 1834 καὶ
913 1771 989 1834 τό
1034 1771 1268 1852 Θρᾷξ,
1326 1770 1488 1849 ὅπερ
1544 1771 1699 1835 οὐδὲ
1743 1771 2024 1851 ἐκφωνεῖ
2066 1772 2143 1835 τὸ
2188 1774 2236 1834 ῖ.
2322 1776 2517 1837 τοῦτο
2563 1775 2634 1837 δὲ
2687 1778 3082 1856 περιςπᾶται,
3127 1812 3135 1821 -

501 1871 638 1935 ἐπεὶ
680 1873 783 1935 καὶ
825 1871 1267 1949 ἑντελέςτερον
1312 1870 1512 1934 αὐτοῦ
1556 1873 1633 1936 τὸ
1664 1873 1859 1951 Θράῖξ
1889 1873 2270 1953 διςύλλαβον
2316 1874 2668 1952 «Θρήϊκας»
2716 1873 2820 1957 (ΙΙ.
2852 1878 2898 1941 Β
2929 1874 3083 1956 844)

499 1973 600 2036 καὶ
645 1973 952 2052 «Θρήϊκες
996 1972 1129 2036 οἵδ’
1174 1971 1498 2036 ἀπάνευθε
1541 1973 1887 2051 νεήλυδες»
1920 1973 1999 2055 (Κ
2027 1973 2183 2055 434)
2227 1976 2330 2038 καὶ
2361 1975 2745 2053 «Θρηΐκιον»
2793 1976 2881 2057 (Ψ
2909 1974 3081 2057 230).
3121 1985 3184 2036 15

666 2075 760 2138 Τὰ
805 2074 892 2138 εἰς
933 2061 1051 2140 53}-
1093 2073 1542 2154 μονοςύλλαβά
1585 2074 1697 2139 εἰςι
1742 2075 1864 2139 δύο
1914 2074 2112 2157 μόνα,
2170 2077 2246 2140 τὸ
2291 2076 2519 2159 Ταῦξ,
2575 2078 2913 2154 ἱςτορεῖται
2971 2075 3081 2140 οὗ·

495 2196 609 2240 τος
663 2176 954 2253 ποταμὸς
1006 2176 1152 2253 περὶ
1196 2173 1512 2258 Εικελίαν,
1568 2176 1670 2240 καὶ
1722 2180 1918 2240 τοῦτο
1973 2180 2377 2260 περιςπᾶται,
2433 2179 2536 2242 καὶ
2591 2178 2666 2242 τὸ
2710 2179 2985 2259 γλαύξ,
3042 2179 3081 2242 ὃ

496 2278 644 2354 παρ’
688 2278 837 2357 ἡμῖν
881 2278 997 2355 μὲν
1037 2276 1362 2358 ὀξύνεται,
1408 2277 1582 2354 παρὰ
1627 2278 1699 2341 δὲ
1738 2278 2092 2356 Ἀθηναίοις
2121 2280 2221 2342 καὶ
2262 2279 2456 2342 τοῦτό
2487 2299 2652 2344 τινες
2683 2283 3081 2356 περιςπῶςιν.

664 2378 872 2442 Οὐδὲν
918 2376 1006 2441 εἰς
1048 2364 1149 2444 BT}-
1193 2379 1370 2455 λήγει
1400 2377 1609 2456 ὄνομα
1648 2380 1817 2456 πλὴν
1864 2379 2067 2458 μόνον
2099 2378 2136 2455 ἡ
2183 2380 2411 2456 προίξ
2456 2381 2558 2444 καὶ
2587 2380 2895 2447 ὀξύνεται.

661 2480 807 2543 Πᾶν
837 2479 1055 2542 τοίνυν
1087 2477 1175 2542 εἰς
1202 2464 1236 2546 ξ
1260 2479 1746 2559 μονοςύλλαβον
1781 2480 2398 2561 κοινολεκτούμενον
2441 2480 2731 2548 ὀξύνεται
2762 2482 2930 2560 πλὴν
2961 2484 3077 2545 τοῦ
3114 2493 3181 2543 20

498 2581 667 2662 Θρᾷξ
706 2580 811 2642 καὶ
848 2584 965 2644 τοῦ
1011 2584 1151 2659 βῶξ.
1670 2664 1683 2672 ,

664 2680 758 2744 Τὰ
803 2680 892 2745 εἰς
934 2683 971 2759 ὃ
1018 2680 1311 2759 ἀρςενικὰ
1354 2682 1458 2746 καὶ
1500 2683 1742 2760 θηλυκὰ
1772 2684 2221 2763 μονοςύλλαβα
2265 2682 2574 2751 ὀξύνεται,
2638 2684 2832 2761 Πάρ·
2876 2684 3078 2749 τόπος

498 2783 570 2846 δέ
614 2782 778 2846 ἐςτιν
823 2782 894 2845 ἐν
936 2789 1028 2865 τῷ
1073 2785 1219 2861 περὶ
1263 2784 1505 2868 Θυρέᾳ,
1551 2785 1622 2849 ἐν
1668 2785 1721 2865 ᾧ
1768 2785 2164 2865 ἑμαχήςαντο
2212 2785 2275 2849 οἱ
2319 2787 2593 2864 Ἀργεῖοι
2636 2787 2738 2850 καὶ
2778 2786 3077 2852 Λακεδαι-

497 2884 722 2963 μόνιοι.
814 2882 994 2962 Κάρ·
1050 2884 1176 2948 ἔςτι
1220 2887 1292 2949 δὲ
1336 2885 1525 2950 ἔθνος
1568 2885 1912 2965 ὁμονύμως
1954 2894 2047 2972 τῷ
2091 2893 2312 2970 κτιςτῇ.
2403 2887 2573 2964 Μὰρ
2599 2887 2806 2952 ’ἔθνος
2850 2908 3076 2965 προςε-

495 2986 603 3062 χὲς
648 2986 785 3049 τοῖς
831 2985 1303 3051 Μοςςυνοίκοις.
1391 2986 1714 3053 Ἑκαταῖος
1758 2988 1942 3071 Ἀςίᾳ.
2033 2988 2214 3067 ψάρ·
2269 2989 2397 3052 ἔςτι
2456 2990 2529 3052 δὲ
2583 2986 2761 3052 εἶδος
2813 2988 3079 3066 ὀρνέου·
3114 2999 3180 3048 25

492 3089 687 3149 τοῦτο
732 3086 802 3149 δὲ
846 3087 1021 3162 παρὰ
1063 3094 1156 3170 τῷ
1199 3094 1432 3171 ποιητῇ
1477 3090 1578 3151 καὶ
1622 3089 1727 3152 διὰ
1770 3093 1888 3153 τοῦ
1932 3091 1974 3151 fi
2018 3090 2361 3167 εὑρίςκεται
2404 3091 2507 3153 καὶ
2550 3089 2656 3153 διὰ
2683 3093 2800 3153 τοῦ
2842 3092 2882 3165 ἦ
2930 3087 3075 3155 οἷον

494 3187 835 3251 «κολοιούς
877 3207 948 3251 τε
994 3188 1208 3267 ψῆράς
1249 3208 1360 3252 τε»
1408 3188 1500 3270 (Π
1541 3186 1698 3270 583)
1740 3191 1844 3256 καὶ
1889 3196 2161 3269 «ψαρῶν
2208 3191 2413 3270 νέφος
2455 3191 2744 3269 ἔρχεται»
2791 3190 2868 3272 (Ρ
2908 3190 3078 3272 755).

630 3406 665 3458 1.
705 3409 737 3458 5
773 3405 906 3468 λύγξ
944 3409 1180 3458 accessit
1206 3423 1274 3457 ex
1300 3409 1493 3458 Choer.
1514 3409 1663 3459 Diet.
1687 3412 1805 3471 344,
1828 3411 1913 3462 22.
1968 3411 2237 3465 Choetob.
2272 3412 2376 3477 Ep.
2412 3411 2471 3461 in
2505 3411 2708 3463 Psalm.
2744 3416 2828 3476 39,
2866 3416 2930 3464 82
2966 3418 3077 3463 tra·

495 3490 577 3539 dit
609 3489 681 3541 τὰ
718 3489 797 3542 εἰς
832 3493 895 3543 υξ
943 3491 1195 3557 λήγοντα
1239 3490 1492 3556 ὀνόματα
1537 3492 1925 3558 μονοςύλλαβα
1969 3493 2291 3558 ὀξύνονται,
2338 3491 2387 3545 εἰ
2433 3493 2507 3558 μὴ
2555 3493 2821 3559 διάφορος
2865 3493 3077 3560 ίςτορία

494 3557 1001 3623 παρακολουθήςει,
1042 3562 1198 3610 euius
1233 3562 1450 3625 generis
1486 3561 1808 3613 vocabulum
1844 3578 1952 3612 non
1991 3562 2254 3613 traditum
2292 3568 2394 3613 est.
2442 3563 2513 3612 ef.
2550 3570 2839 3628 praeterea
2874 3565 3076 3614 Herod.

494 3641 582 3689 ap.
610 3627 861 3676 Eustath.
884 3629 1001 3689 229,
1027 3631 1111 3680 40.
1251 3628 1285 3677 1.
1312 3630 1344 3679 8
1378 3628 1648 3678 Arcadius
1673 3628 1843 3679 habet
1876 3635 2091 3679 tantum
2115 3627 2224 3682 αἲξ·
2262 3630 2354 3681 καὶ
2376 3631 2553 3681 τοῦτο
2577 3628 2630 3680 οἱ
2657 3629 2900 3682 Ἀττικοὶ
2925 3645 3076 3695 περι-

493 3694 684 3743 ςπῶςι.
730 3694 858 3759 Ipse
896 3710 1161 3745 canonem
1197 3696 1523 3746 concinnavi
1560 3711 1628 3745 ex
1652 3696 1898 3763 Theogn.
1925 3700 2037 3759 132,
2063 3700 2128 3747 27
2167 3703 2223 3748 et
2260 3697 2342 3752 St.
2369 3699 2430 3747 B.
2461 3713 2503 3750 s,
2544 3696 2765 3760 Γραῖκες
2791 3705 2848 3750 et
2871 3700 3075 3750 Herod.

492 3775 582 3825 ap.
628 3762 885 3810 Eustath.
927 3763 1057 3812 1922
1104 3761 1136 3812 ὁ
1180 3764 1361 3813 ταῦτα
1411 3761 1697 3826 παραδοὺς
1742 3765 1840 3827 (sc.
1889 3767 1983 3829 qui
2028 3772 2160 3816 ante
2207 3766 2521 3816 nominatus
2567 3771 2653 3816 est
2699 3766 3076 3828 Herodianus)

491 3842 581 3894 καὶ
616 3843 689 3895 τὰ
724 3842 803 3896 εἰς
827 3845 911 3897 αιξ
948 3842 1027 3896 εἰς
1061 3844 1162 3896 δύο
1201 3846 1345 3908 μόνα
1381 3844 1759 3911 παραγράφει·
1797 3845 1884 3900 αἲξ
1929 3846 2035 3912 γὰρ
2080 3846 2238 3912 αἰγός
2282 3849 2373 3901 καὶ
2410 3847 2558 3916 Θρᾷξ
2595 3848 2833 3917 Θρᾷκος·
2871 3849 3075 3901 ὑποτέ-

491 3925 688 3963 τακται
723 3911 856 3976 γάρ,
905 3910 1064 3976 φηςί,
1110 3912 1178 3963 τὸ
1216 3917 1250 3963 ῖ
1283 3917 1369 3979 τῷ
1416 3917 1477 3977 ἃ,
1526 3912 1575 3965 εἰ
1620 3915 1693 3978 μὴ
1731 3919 2174 3978 ςυνεκφωνεῖται
2221 3916 2298 3968 ὡς
2345 3917 2520 3981 δῆλον
2569 3916 2631 3968 ἐκ
2676 3921 2780 3968 τοῦ
2830 3916 3074 3982 Θρήϊκας

491 3978 581 4029 καὶ
618 3976 886 4044 Θρηΐκιον
923 3980 1013 4031 καὶ
1048 3982 1171 4031 τῶν
1207 3979 1422 4044 ὁμοίων
1458 3981 1602 4044 (cum
1638 3997 1744 4046 quo
1782 3985 2037 4048 congruit
2071 3985 2314 4050 Theogn.
2355 3983 2502 4051 Θρᾷξ
2540 3983 2681 4048 ὅπερ
2717 3984 2850 4035 οὐδὲ
2888 3983 3074 4049 ἐκφω-

491 4050 576 4096 νεῖ
609 4045 680 4097 τὸ
714 4049 749 4098 ἶ
786 4045 818 4096 ὃ
856 4047 946 4098 καὶ
982 4045 1152 4112 Θρήῑξ
1189 4047 1531 4112 διευλλάβως
1567 4048 1842 4114 λέγεται),
1882 4057 1939 4101 et
1974 4052 2054 4105 Io,
2091 4052 2177 4102 Al.
2215 4054 2272 4115 7,
2308 4054 2401 4114 26,
2444 4053 2540 4102 ubi
2575 4067 2695 4102 cum
2729 4052 2967 4102 Arcadio
3006 4053 3073 4103 de

490 4111 577 4165 αἷξ
613 4115 891 4180 congruit,
930 4119 986 4165 et
1020 4118 1069 4177 7,
1104 4118 1188 4178 21,
1224 4116 1370 4166 unde
1407 4117 1478 4166 ad
1503 4115 1650 4182 Θρᾷξ
1686 4117 1882 4167 addidi
1917 4120 2083 4168 verba
2118 4120 2292 4169 τοῦτο
2328 4117 2389 4169 δὲ
2425 4120 2784 4183 περιςπᾶται,
2823 4116 2945 4169 ἐπεὶ
2982 4119 3075 4169 καὶ

491 4179 885 4246 ἑντελέςτερον
921 4198 1091 4247 usque
1128 4182 1200 4232 ad
1236 4183 1413 4233 finem.
1483 4185 1567 4235 De
1604 4183 1751 4250 Θρᾷξ
1799 4185 1868 4234 cf.
1916 4187 2087 4234 etiam
2131 4185 2196 4239 11.
2234 4187 2322 4236 Pr.
2362 4185 2374 4235 Ι
2412 4187 2512 4236 604
2557 4184 2725 4247 λόγος
2760 4184 2946 4249 ’ἔα-(ν,
2994 4183 3074 4237 ὡς

491 4250 638 4300 πᾶςα
685 4247 874 4301 εὐθεῖα
918 4248 1208 4313 ἀρσενικοῦ
1255 4249 1535 4314 ὀνόματος
1585 4250 1648 4302 ἐν
1692 4255 1763 4318 τῇ
1800 4249 2100 4318 τελευταίᾳ
2144 4251 2246 4302 δύο
2291 4251 2490 4316 ἔχουςα
2537 4251 2846 4316 φωνήεντα
2890 4255 3072 4304 ταῦτα

490 4314 740 4380 ἑκφωνεῑ
776 4316 947 4382 χωρὶς
983 4319 1085 4367 τοῦ
1124 4316 1271 4384 Θρᾷξ
1311 4323 1367 4368 et
1398 4319 1502 4384 Ep.
1542 4319 1633 4368 Cr.
1670 4320 1698 4368 1
1732 4323 1816 4381 25,
1856 4321 1912 4382 5,
1951 4321 2015 4369 Ε.
2048 4320 2122 4371 Μ.
2159 4323 2253 4383 36,
2290 4323 2373 4369 51.
2512 4319 2550 4369 l.
2592 4323 2653 4369 16
2700 4335 2966 4370 canonem
3005 4321 3072 4370 de

491 4402 801 4452 nominibus
836 4402 895 4451 in
929 4403 1030 4454 αυξ
1068 4403 1351 4467 composui
1385 4418 1453 4452 ex
1488 4402 1633 4453 Mon.
1670 4405 1755 4464 41,
1791 4405 1876 4463 20,
1914 4403 1994 4454 Ῑο.
2028 4402 2115 4454 ΑΙ.
2154 4405 2200 4462 7,
2237 4404 2303 4453 26
2341 4407 2398 4453 et
2436 4402 2527 4455 Cr.
2563 4404 2665 4453 An.
2703 4405 2805 4455 Ox.
2837 4405 2923 4455 111
2957 4406 3072 4464 243,

492 4486 571 4534 10.
606 4486 676 4534 cf.
713 4486 880 4535 etiam
915 4487 981 4537 Ε.
1016 4486 1090 4537 Μ.
1128 4489 1219 4549 96,
1255 4488 1347 4545 56,
1393 4488 1488 4536 ubi
1524 4485 1691 4536 οὐδὲν
1737 4483 1814 4536 εἰς
1852 4488 1878 4536 ξ
1915 4487 2271 4550 περιςπᾶται·
2315 4485 2387 4537 τὸ
2429 4484 2625 4537 τοίνυν
2669 4485 2754 4540 αἲξ
2791 4487 3072 4540 ὀξύνεται·

489 4549 558 4600 τὸ
594 4551 655 4602 δὲ
691 4551 838 4619 Θρᾷξ
877 4555 1234 4618 περιςπᾶται·
1272 4553 1363 4604 καὶ
1397 4553 1468 4604 τὸ
1493 4553 1644 4605 Ταῠξ
1680 4553 1771 4603 καὶ
1806 4554 1997 4615 γλαῦξ.
2136 4553 2171 4602 1.
2213 4556 2276 4604 19
2310 4563 2663 4619 praeceptum
2701 4555 2766 4604 de
2805 4554 2967 4620 προίξ
3004 4572 3073 4607 ex

489 4618 634 4670 Mon.
671 4623 757 4682 41,
794 4623 858 4670 21
896 4622 1180 4684 transtuli,
1216 4622 1313 4671 ubi
1351 4623 1679 4686 quamquain
1713 4621 1875 4683 προῖξ
1921 4620 2323 4671 circumflexum
2361 4628 2473 4681 est,
2517 4628 2700 4673 tamen
2733 4623 2839 4682 ,καὶ
2884 4622 3072 4675 ὀξύνε-

488 4698 581 4735 ται
616 4690 874 4753 apposm’,
912 4690 1043 4754 quia
1077 4691 1146 4740 ab
1182 4688 1419 4739 Arcadio
1454 4689 1600 4737 inter
1636 4694 1804 4737 acuta
1840 4688 2110 4738 vocabula
2144 4689 2400 4739 refertur.
2425 4717 2490 4726 —
2524 4692 2558 4740 1.
2583 4693 2649 4741 20
2684 4691 2802 4754 ipse
2839 4690 2968 4741 finxi
3006 4709 3073 4742 ex

491 4769 635 4804 more
667 4756 1036 4807 Herodianeo.
1170 4756 1204 4810 l.
1241 4759 1306 4807 22
1342 4754 1539 4808 Arcad.
1578 4757 1702 4818 125,
1738 4758 1787 4805 9.
1822 4784 1890 4791 —-
1924 4753 2052 4819 Πάρ
2087 4757 2304 4821 explevi
2342 4774 2408 4807 ex
2445 4758 2642 4809 Choer.
2679 4759 2827 4812 Dict.
2863 4760 2947 4823 84,
2987 4763 3071 4825 3⁶2,

494 4818 605 4885 Κάρ
641 4838 707 4872 ex
744 4823 823 4873 St.
860 4825 952 4888 Β.,
990 4823 1119 4889 Μάρ
1156 4841 1223 4875 ex
1260 4825 1449 4875 eodem
1485 4826 1746 4888 apposui;
1783 4822 1901 4889 ψάρ
1937 4839 2004 4874 ex
2043 4823 2237 4874 Choer.
2273 4827 2356 4887 84,
2396 4829 2443 4874 1.
2861 4825 2878 4832 ⁸
