3664 5546
604 263 731 326 282
1542 262 1623 316 ΕΚ
1663 261 1801 315 ΤΩΝ
1844 262 2254 316 ΗΡΩΔΙΑΝΟΥ

603 433 790 516 378),
838 433 1199 511 Ἀθηναία
1243 435 1281 510 ἡ
1328 434 1478 496 θεὸς
1522 437 1910 511 μονογενῶς.
2000 433 2250 507 λέγεται
2310 434 2380 496 δὲ
2426 434 2530 497 καὶ
2580 433 2687 496 ἐπὶ
2727 432 3056 513 γυναικός,
3103 432 3194 497 ὡς

530 521 543 532 '
604 533 790 598 ἄλλοι
835 535 949 615 μὲν
995 535 1261 616 πολλοί,
1306 535 1607 613 Φιλήμων
1654 535 1725 597 δὲ
1771 533 1978 597 οὕτως
2024 533 2094 598 ἐν
2139 533 2473 618 Πτερυγίῳ

1093 637 1238 700 νυνὶ
1282 636 1346 699 δ’
1392 636 1550 700 ὅταν
1598 635 1756 717 λάβῃ
1800 656 1893 699 τις
1939 635 2027 699 εἰς
2071 636 2188 713 τὴν
2234 635 2436 699 οἰκίαν

1090 738 1204 801 τὰς
1247 738 1603 801 Ἱππονίκας
1647 740 1832 813 τᾶςδε
1878 738 1982 800 καὶ
2024 737 2483 814 Ναυςιςτράτας

714 883 723 890 -
1095 840 1195 902 καὶ
1242 839 1644 919 Ναυςινίκας,
1689 838 1802 902 τὰς
1851 838 2179 915 Ἀθηναίας
2224 839 2409 913 λέγω.

601 941 887 1019 Δίδυμος
933 940 1003 1004 δέ
1048 960 1270 1022 φηςιν,
1315 940 1413 1004 ὅτι
1458 940 1788 1018 Ἀθηναίας
1834 940 2127 1015 λέγουςιν
2174 937 2316 1003 ἀντὶ
2357 944 2477 1003 τοῦ
2524 940 2816 1004 Ἀττικάς.
2883 939 3074 1006 ἀςτὰς
3117 943 3186 1005 δὲ

601 1043 713 1106 τὰς
769 1045 1074 1117 γυναῖκας
1131 1042 1359 1117 ἔλεγον
1416 1042 1496 1105 οὐ
1564 1041 1668 1106 διὰ
1723 1042 1799 1106 τὸ
1855 1044 1936 1121 μὴ
1992 1042 2293 1106 δύναςθαι
2351 1041 2560 1116 λέγειν
2616 1041 2979 1124 Ἀθηναίας,
3039 1043 3186 1107 ἀλλ’

602 1144 820 1221 ἐπειδὴ
882 1144 986 1206 καὶ
1038 1144 1191 1206 τοὺς
1247 1141 1484 1219 ἄνδρας
1540 1142 1771 1207 ἀετοὺς
1826 1143 2116 1207 ἐκάλουν,
2206 1141 2626 1226 ἀναγκαία,
2684 1142 3001 1225 ἀρχαία,
3056 1151 3184 1208 θυ-

603 1245 780 1323 ραία
833 1244 938 1307 ἐπὶ
989 1247 1100 1321 τῆς
1157 1244 1480 1326 διεξόδου,
1547 1244 1823 1309 εύναία
1876 1249 2187 1322 τραγικῶς
2230 1245 2269 1323 ἡ
2315 1244 2588 1323 ἄγκυρα·
2656 1245 2781 1309 ἔςτι
2847 1247 2952 1310 καὶ
3004 1246 3185 1310 πόλις

502 1354 568 1405 10
600 1347 876 1424 Ἄργους
941 1345 1241 1410 Εὐναία.
1349 1347 1768 1429 γαληναία,
1848 1347 2371 1428 ςφενδοναία,
2439 1347 2869 1430 δραχμαία,
2916 1347 3183 1427 ὀπαία,

605 1449 859 1526 κεραμὶς
912 1448 1030 1524 τὴν
1076 1446 1245 1526 ὀπὴν
1292 1447 1721 1531 ἐπικλείοσςα,
1766 1448 2384 1530 περικεφαλαία,
2430 1448 2773 1512 πυκναία
2816 1449 2978 1528 παρ’
3019 1451 3182 1514 Ἴωνι

602 1549 641 1626 ἡ
706 1549 885 1616 πνύξ.
982 1547 1269 1627 Δίδυμος
1333 1550 1405 1613 δέ
1469 1571 1660 1629 φηςιν
1726 1551 1823 1615 ὅτι
1881 1552 2036 1628 «τὴν
2100 1549 2310 1613 πύκνα
2375 1549 2455 1615 ἂν
2512 1549 2608 1629 εἴη
2666 1550 2893 1625 λέγων.
2988 1551 3065 1615 τὸ
3117 1551 3186 1614 δὲ

603 1650 878 1715 πυκναία
921 1649 1053 1714 ἀπὸ
1096 1654 1214 1713 τοῦ
1257 1651 1465 1729 πυκνή
1509 1641 1857 1734 παρῆκται,
1902 1653 2064 1729 ὅπερ
2112 1651 2236 1741 οὐκ,
2275 1650 2531 1730 εἴρηται.
2622 1651 2834 1716 οὐδεὶς
2877 1651 3002 1729 γὰρ
3047 1649 3184 1716 εἶπε

602 1756 1085 1830 προςηγορικῶς
1138 1750 1178 1829 ἢ
1235 1752 1466 1829 κυρίως
1529 1754 1604 1817 τὸ
1662 1754 1886 1831 πυκνή.
1986 1754 2066 1817 τὰ
2121 1739 2258 1831 γὰρ’
2298 1757 2565 1818 τοιαῦτα
2621 1754 2713 1817 ῶς
2766 1752 3000 1819 ἐπίπαν
3056 1751 3184 1818 ἀπὸ

505 1862 566 1914 15
603 1852 1236 1932 μακροπαραλήκτων
1300 1854 1685 1935 παράγεται,
1755 1855 1910 1934 εὐνή
1978 1854 2286 1936 εύναία,
2345 1856 2383 1918 Γ
2387 1855 2505 1933 υρή
2565 1853 2879 1936 Γυραία,
2945 1853 3186 1933 ἀνάγκη

602 1955 1002 2031 ἀναγκαία.
1089 1956 1165 2019 τὸ
1212 1955 1303 2019 ὡς
1347 1957 1580 2021 ἐπίπαν
1626 1955 1866 2036 εἴρηται
1924 1957 2028 2021 διὰ
2078 1958 2156 2022 τὸ
2212 1956 2416 2036 ἅμαξα
2458 1955 2796 2034 ἁμαξαία
2848 1958 2952 2020 καὶ
3004 1957 3187 2034 κέρας

600 2057 929 2134 κεραία».
992 2057 1358 2122 -Ἰουδαία
1403 2057 1818 2137 Ἀλέξανδρος
1864 2058 1901 2122 ὁ
1946 2058 2308 2135 πολυίςτωρ
2365 2056 2498 2122 ἀπὸ
2542 2061 2672 2124 τῶν
2718 2057 2969 2122 παίδων
3015 2057 3184 2136 (εμι-

601 2159 865 2237 ράμιδος
920 2159 1126 2222 Ἰούδα
1182 2160 1283 2222 καὶ
1340 2159 1684 2242 Ἰδουμαία,
1751 2161 1843 2224 ῶς
1897 2160 1967 2223 δὲ
2029 2159 2338 2223 Κλαύδιος
2392 2158 2654 2223 Ἰούλιος
2719 2158 2851 2223 ἀπὸ
2908 2159 3185 2225 Οὐδαίου

601 2259 909 2337 (πὰρτων
955 2260 1102 2324 ἑνὸς
1146 2260 1215 2323 ἐκ
1261 2260 1473 2339 Θήβης
1531 2263 1686 2340 μετὰ
1742 2261 2073 2324 Διονύςου
2129 2261 2629 2338 ἐςτρατευκότος.
2719 2261 3030 2325 Ἀλθαία
3072 2259 3184 2324 πό·

499 2370 566 2420 20
604 2365 695 2426 λις
755 2361 1102 2426 Ὀλκάδων.
1202 2361 1507 2438 Αἰγαία“
1578 2363 1783 2426 οὕτως
1840 2362 2127 2426 ἐκαλεῖτο
2182 2363 2221 2440 ἡ
2284 2362 2597 2440 Κάρυςτος
2651 2360 2783 2425 ἀπὸ
2838 2361 3186 2436 Αἰγαίωνος

600 2468 718 2528 τοῦ
775 2463 1292 2527 δυναςτεύοντος.
1383 2463 1641 2528 Ἀναία
1694 2464 1879 2528 πόλις
1941 2463 2167 2541 Καρίας
2214 2462 2514 2541 «ἀντικρὺ
2572 2461 2849 2541 (ἀμοιω)
2898 2463 3184 2539 κέκληται

601 2564 732 2628 ἀπὸ
778 2564 1027 2629 Ἀναίας
1072 2564 1417 2644 Ἀμαζόνος
1462 2566 1590 2629 ἐκεῖ
1630 2566 1964 2647 ταφείςης,
2013 2565 2103 2629 ῶς
2146 2566 2445 2644 Ἔφορος.
2528 2564 2959 2644 Ἀμφαναία
3000 2563 3184 2626 πόλις

599 2667 879 2744 Δωρική.
948 2666 1335 2746 Θεόπομπος
1379 2667 1449 2731 ἐν
1495 2668 1762 2751 πέμπτῳ
1806 2667 2221 2730 Φιλιππικῶν.
2281 2667 2605 2745 Ἀμφανάς
2649 2668 2721 2729 δὲ
2763 2669 2944 2731 καλεῖ
2987 2665 3185 2742 αὐτὴν

599 2768 921 2835 Ἑκαταῖος
966 2770 1036 2834 ἐν
1082 2769 1304 2853 πρώτῃ
1348 2772 1797 2845 γενεαλογιῶν.
1854 2767 2218 2834 Ἀνακαία
2263 2771 2459 2847 δῆμος
2503 2772 2616 2847 τῆς
2657 2766 3186 2833 Ἱπποθοωντίδος

498 2881 564 2931 25
600 2875 827 2951 φυλῆς.
926 2872 1240 2949 Ἀρταία
1291 2871 1565 2948 Περςικὴ
1621 2872 1832 2952 χώρα,
1889 2872 1968 2948 ἢν
2025 2871 2277 2936 ἐπόλιςε
2333 2871 2580 2949 Πέρςης
2639 2870 2677 2934 ὁ
2732 2870 3032 2948 Περςέως
3085 2870 3188 2933 καὶ

601 2973 1038 3051 Ἀνδρομέδας.
1138 2972 1501 3037 Ἑλλάνικος
1569 2972 1638 3036 ἐν
1692 2973 2020 3049 Περςικῶν
2077 2973 2318 3054 πρώτῃ.
2418 2972 2671 3036 Ἀταία
2731 2972 2918 3035 πόλις
2971 2971 3183 3036 Λακω-

600 3075 756 3152 νική.
847 3073 1189 3148 Βελγαία
1232 3073 1270 3148 ἡ
1318 3073 1511 3150 χώρα.
1603 3074 1945 3151 Βουραία
1989 3073 2172 3137 πόλις
2218 3074 2476 3137 Ἰταλίας
2522 3073 2650 3137 ὑπὸ
2700 3073 3018 3151 Βουραίου
3054 3092 3184 3135 κτι-

570 3174 824 3238 ’ςθεῑςα.
927 3175 966 3237 Γ
981 3174 1313 3251 ορδυαία
1367 3175 1546 3252 χώρα
1598 3175 1873 3252 Περςικὴ
1929 3174 2060 3239 ἀπὸ
2120 3176 2158 3238 Γ
2162 3175 2395 3252 όρδυος
2441 3174 2883 3252 Τριπτολέμου
2937 3172 3183 3254 παιδός,

598 3279 714 3339 τοῦ
758 3276 918 3338 κατὰ
948 3275 1198 3353 ζήτηςιν
1244 3276 1400 3340 Ἰοῦς
1445 3277 1508 3341 ἐξ
1538 3277 1812 3354 Ἄργους
1859 3276 2165 3341 ἐλθόντος
2211 3275 2298 3340 εἰς
2331 3275 2576 3352 (Συρίαν.
2638 3275 2766 3339 ἔςτι
2798 3275 2868 3338 δὲ
2917 3276 2956 3353 ἡ
3002 3274 3185 3338 πόλις

497 3388 565 3439 30
600 3378 773 3453 παρὰ
836 3377 950 3441 τὰς
1007 3376 1273 3456 ἐκβολὰς
1339 3381 1455 3441 τοῦ
1512 3377 1817 3456 Τίγριδος.
1921 3377 2174 3440 Ἐλαία
2237 3376 2424 3441 πόλις
2489 3381 2600 3453 τῆς
2657 3376 2855 3441 Ἀςίας
2909 3375 3184 3456 Αἰολική,

597 3478 1041 3556 Περγαμηνῶν
1086 3477 1366 3569 ἐπίνειον
1422 3480 1460 3556 ἣ
1511 3480 1797 3544 Κυδαινίς
1852 3479 2253 3561 ὠνομάζετο,
2313 3478 2683 3543 Μενεςθέως
2738 3478 2971 3556 κτίςμα.
3058 3476 3183 3540 ἔςτι

600 3580 702 3642 καὶ
744 3580 928 3644 πόλις
973 3577 1268 3658 Φοινίκης
1315 3580 1524 3644 Ἐλαία
1569 3582 1795 3659 μεταξὺ
1842 3580 2055 3659 Τύρου
2110 3581 2214 3644 καὶ
2258 3580 2570 3661 (Σιδῶνος,
2631 3581 2719 3643 ώς
2764 3577 2997 3642 Φίλων.
3083 3576 3186 3641 καὶ

600 3680 808 3744 Ἐλαία
855 3681 1144 3745 Βιθυνίας
1188 3682 1472 3747 ἐπίνειον
1518 3683 1784 3759 πληςίον
1834 3681 2091 3746 Μυςίας.
2180 3681 2307 3745 ἔςτι
2353 3682 2454 3744 καὶ
2499 3683 2684 3759 λιμὴν
2714 3679 3042 3744 Αἰθιοπίας
3087 3679 3186 3742 καὶ

598 3784 778 3859 νῆςοι
824 3785 1008 3860 τρεῖς.
1100 3783 1458 3862 Ἐλυμαία
1501 3786 1681 3862 χώρα
1726 3783 2063 3860 Ἀςςυρίων
2111 3784 2272 3861 πρὸς
2317 3790 2394 3865 τῇ
2424 3783 2696 3864 Περςικῇ
2741 3785 2850 3857 τῆς
2883 3780 3181 3845 (ουςίδος

495 3893 561 3945 35
598 3884 801 3959 ἐγγύς.
864 3884 1215 3962 Ἐορδαία
1258 3884 1378 3949 δύο
1424 3889 1656 3965 χῶραι,
1705 3884 2073 3959 Μυγδονίας
2116 3886 2218 3948 καὶ
2261 3883 2691 3949 Μακεδονίας·
2738 3882 2854 3946 εἰςὶ
2883 3883 2954 3946 δὲ
2998 3881 3184 3945 ἄλλαι

599 3984 749 4066 δύο,
792 3986 831 4063 ἡ
878 3988 993 4065 μὲν
1040 3987 1327 4067 Ἰβηρίας,
1382 3986 1420 4062 ἡ
1469 3986 1539 4049 δὲ
1587 3986 1836 4068 Θρᾴκης
1893 3985 2023 4049 ἀπὸ
2071 3985 2336 4063 Ἐορδοῦ
2391 4003 2579 4048 τινος.
2668 3983 2969 4046 Ἡλιαία
3016 3987 3183 4046 δικα-

528 851 560 900 5

598 4242 679 4292 St.
716 4244 797 4303 Β.,
835 4242 928 4291 ubi
969 4239 1209 4305 Γενήτης
1246 4241 1413 4304 λιμὴν
1450 4241 1540 4291 καὶ
1577 4240 1832 4302 ποταμὸς
1873 4237 2284 4291 Καππαδοκίας.
2356 4238 2649 4303 Εοφοκλῆς
2687 4237 2947 4299 ποταμὸν
2985 4234 3186 4288 Γένετά

597 4323 781 4373 φηςιν.
853 4309 1001 4360 ἐςτιν
1037 4308 1141 4359 οὖν
1177 4307 1239 4358 ἐκ
1284 4311 1387 4372 τῆς
1437 4307 1673 4372 Γένητος
1720 4310 1945 4372 γενικῆς
1995 4306 2289 4372 Γενηταῑος
2336 4308 2426 4359 καὶ
2467 4303 2736 4369 Γενηταία
2780 4304 2938 4369 ἄκρα.
3012 4304 3184 4368 Ἡρω-

599 4376 787 4428 διανὸς
822 4375 883 4427 δὲ
920 4375 1041 4428 «ῶς
1077 4376 1146 4426 τὸ
1184 4374 1472 4440 ςεληναία,
1511 4375 1790 4439 ἅμαξαία»
1827 4374 1979 4440 φηςί.
2043 4377 2116 4428 cf.
2154 4377 2291 4427 Lob.
2329 4375 2492 4425 Proll.
2531 4377 2648 4424 315.
2683 4400 2754 4410 —-
2791 4370 3058 4438 Ἀθηναία
3095 4388 3184 4423 ex·

599 4445 747 4509 plevi
785 4461 852 4494 ex
888 4446 968 4494 St.
1008 4445 1094 4506 Β.,
1140 4442 1414 4511 ἀναγκαία
1450 4442 1649 4508 ἀρχαία
1696 4445 1888 4494 addidi
1933 4462 2000 4495 ex
2047 4445 2234 4494 Dichr.
2272 4444 2399 4505 288,
2437 4446 2531 4505 24,
2587 4439 2786 4505 θυραία
2833 4457 2901 4491 ex
2937 4440 3185 4505 Theogn.

603 4514 724 4572 103,
764 4516 853 4573 15,
902 4527 968 4561 ex
1014 4527 1120 4576 qno
1168 4512 1436 4562 vocabulo
1481 4529 1567 4577 ap.
1602 4513 1899 4562 Arcadium
1945 4509 2181 4576 θηροαία
2225 4514 2536 4575 corruptum
2583 4509 2830 4571 videtur,
2877 4505 3074 4559 εὐναία
3117 4523 3184 4557 ex

600 4578 843 4644 Theogn.
890 4585 948 4629 et
992 4580 1245 4631 Bustath.
1291 4582 1418 4639 474,
1462 4583 1555 4642 44,
1603 4577 1806 4631 Εύναία
1854 4578 2017 4630 πόλις
2075 4596 2142 4630 ex
2189 4579 2269 4629 st.
2316 4580 2407 4641 Β.,
2462 4575 2738 4640 γαληναία
2785 4604 2850 4612 -
2897 4572 3073 4627 ὀπαία
3118 4590 3184 4624 ex

599 4644 873 4710 Theogn.‚
920 4644 1163 4697 πυκναία
1209 4663 1277 4697 ex
1324 4648 1402 4697 St.
1442 4649 1502 4700 B.
1542 4663 1583 4697 s.
1629 4646 1787 4698 πνύξ.
1863 4645 2093 4697 Ἰουδαία
2129 4646 2348 4710 explevi
2395 4662 2462 4695 ex
2499 4645 2578 4695 St.
2617 4645 2706 4705 Β.,
2753 4644 2855 4694 reli
2894 4659 2965 4694 ua
3002 4642 3184 4693 omnia

600 4718 730 4762 sunt
764 4730 831 4764 ex
869 4715 949 4764 St.
976 4716 1055 4776 Β.,
1093 4715 1186 4778 qui
1222 4712 1287 4763 de
1324 4712 1515 4765 Ἀναία
1553 4714 1785 4765 diserte:
1823 4713 2244 4777 παροξυτόνως,
2282 4710 2385 4776 οὐχ
2422 4712 2500 4764 ὡς
2525 4710 2737 4773 Λίλαια,
2779 4712 2876 4763 Ἱςτ
2899 4725 3008 4774 αια,
3049 4706 3183 4774 Κάρ-
