3664 5546
1438 425 1829 475 PRAEFATIO
1842 460 1856 474 .
2662 424 2939 473 LXXXIII

1073 639 1124 715 β.
1193 637 1339 715 περὶ
1382 634 1816 712 Ὀδυςςειακῆς
1861 631 2238 716 προςῳδίας.

526 767 682 855 Ipse
725 768 1144 834 Herodianus
1190 769 1361 835 hunc
1405 768 1642 834 librum
1690 769 1880 834 affert
1921 770 1989 834 in
2034 768 2217 833 Pros.
2264 766 2342 831 11.
2386 770 2436 833 Α
2479 767 2631 831 294:
2695 769 2940 833 ἐντελέ-

358 893 588 952 ςτερον
645 871 1089 952 διαληψόμεθα
1167 874 1237 938 ἐν
1301 879 1379 958 τῇ
1440 875 1477 938 Γ
1530 877 1641 951 τῆς
1699 873 2085 955 Ὀδυςςείας,
2156 872 2219 936 Μ
2279 869 2397 933 157
2453 871 2524 935 ἐν
2579 875 2655 954 τῇ
2711 871 2775 935 Μ
2832 874 2942 949 τῆς

357 975 720 1041 Ὀδυςςείας
767 974 1130 1055 ῥηθήςεταις
1191 976 1237 1040 Η
1290 973 1412 1038 199
1465 976 1536 1040 ἐν
1597 981 1671 1059 τῇ
1717 975 1766 1040 Τ
1808 978 1921 1052 τῆς
1966 973 2318 1039 Ὀδυςςείας
2370 973 2756 1052 παραλόγως
2808 973 2940 1037 ἑνε-

357 1078 695 1157 κλίναμεν;
740 1086 1080 1162 praeterea
1123 1087 1660 1142 commemoratur
1702 1077 1768 1140 in
1813 1073 2028 1140 Schol.
2069 1075 2151 1139 ad
2195 1077 2260 1141 Π
2288 1073 2441 1138 390:
2494 1075 2563 1139 ἐν
2608 1074 2822 1154 μέντοι
2865 1081 2940 1159 τῇ

358 1181 768 1264 Ὀδυςςειακῇ
813 1181 1143 1264 προςῳδίᾳ
1187 1186 1487 1259 φανερῶς
1517 1180 1592 1244 τὸ
1621 1182 1904 1258 γραπτῦς
1932 1182 2234 1260 περιςπᾷ,
2281 1177 2346 1240 in
2378 1173 2592 1241 Schol.
2624 1174 2707 1239 ad
2736 1177 2940 1239 Arist.

358 1284 496 1347 Ar.
546 1281 690 1347 861.
781 1281 1175 1362 Ἡρωδιανὸς
1219 1281 1289 1345 ἐν
1343 1288 1418 1365 τῇ
1467 1282 1658 1365 βίβλῳ
1712 1282 1864 1362 φηςὶ
1917 1283 2027 1358 τῆς
2072 1280 2507 1357 Ὀδυςςειακῆς
2562 1279 2943 1364 προςῳδίας,

357 1406 556 1471 porro
603 1393 668 1448 et
699 1382 1014 1447 Choerob.
1047 1381 1194 1464 462,
1226 1382 1311 1446 30
1354 1383 1391 1447 ὁ
1422 1383 1815 1462 Ἡρωδιανὸς
1862 1382 1931 1447 ἐν
1976 1389 2051 1466 τῇ
2091 1382 2142 1447 Α
2170 1385 2281 1460 τῆς
2313 1382 2746 1461 Ὀδυςςειακῆς
2779 1382 2942 1462 ῥαψ-

359 1488 518 1573 upbit
585 1488 742 1569 (scr.
809 1485 1211 1568 προςῳδίας).
1299 1482 1613 1568 ‘Vestigia
1676 1483 2036 1548 Herodiani
2101 1484 2346 1568 pariter
2401 1492 2594 1571 atque
2647 1484 2941 1569 Didymi,

363 1588 750 1667 Aristonici,
795 1587 1136 1652 Nicanoris
1169 1584 1555 1672 quocunque
1598 1584 1835 1670 pedem
1879 1586 2172 1672 posueris
2217 1585 2286 1649 in
2316 1584 2590 1651 Scholiis
2622 1588 2706 1651 ad
2735 1587 2943 1673 Odys-

364 1713 547 1755 seam
592 1691 791 1755 obvia
834 1711 978 1753 esse
1031 1688 1280 1753 monuit
1321 1686 1631 1751 Lehrsius
1691 1685 1772 1751 de
1815 1687 2022 1752 Arist.
2068 1686 2239 1752 stud.
2284 1711 2348 1774 p.
2394 1689 2479 1752 30
2520 1699 2651 1753 not.
2700 1688 2803 1753 ed.
2850 1688 2942 1769 II,

362 1791 516 1857 licet
573 1793 641 1857 in
694 1791 873 1856 nullo
927 1792 1182 1872 codice,
1253 1790 1363 1876 qui
1419 1787 1677 1854 Scholia
1729 1790 1814 1854 ad
1870 1789 2240 1875 Odysseam
2295 1791 2612 1872 continet,
2683 1790 2943 1856 disertis

341 1896 586 1959 ⁴verbis
653 1904 729 1958 ut
792 1894 860 1956 in
914 1892 1133 1957 codice
1187 1891 1438 1955 Veneto
1493 1891 1557 1956 A
1607 1890 1868 1955 Scholia
1923 1890 2009 1955 ad
2062 1891 2335 1957 Iliadem
2391 1892 2738 1958 exhibente
2794 1893 2942 1958 sub-

366 1997 720 2082 scriptione
773 1992 1099 2059 indicetur
1154 2002 1462 2079 quattuor
1514 1994 1805 2059 virorum
1861 1992 2045 2058 libris
2102 1991 2361 2059 Scholia
2412 2003 2720 2060 contexta
2773 2016 2938 2058 esse.

364 2097 647 2163 Omnino
704 2095 921 2160 nullus
980 2117 1062 2159 ex
1113 2096 1195 2159 iis
1255 2095 1618 2176 codicibus,
1685 2097 1796 2182 qui
1863 2095 2122 2161 Scholia
2181 2096 2545 2182 Odyssiaca
2606 2098 2943 2183 praebent,

365 2200 445 2265 ad
486 2199 968 2286 praestantiam
1010 2197 1252 2262 codicis
1297 2197 1360 2261 A
1404 2196 1812 2283 aliquatenus
1860 2197 2142 2279 accedit,
2201 2200 2486 2263 omnium
2542 2199 2733 2283 longe
2784 2199 2945 2285 opti-

363 2325 502 2366 mus
556 2310 660 2364 est
701 2298 1095 2364 Harleianus
1145 2298 1302 2383 (H),
1354 2300 1421 2363 in
1466 2320 1656 2384 quem
1700 2300 1808 2385 qui
1854 2299 2116 2365 Scholia
2156 2299 2520 2380 transtulit,
2578 2301 2751 2364 bona
2795 2300 2944 2364 sub·

364 2403 533 2468 sidia
568 2403 653 2467 ad
681 2423 915 2466 manus
947 2399 1257 2466 habuisse
1288 2409 1537 2465 certum
1568 2410 1699 2483 est,
1747 2402 1872 2466 etsi
1914 2424 1995 2466 ne
2026 2401 2349 2466 deteriora
2379 2400 2640 2487 quidem
2674 2404 2943 2487 respuit.

364 2505 713 2570 Proximus
757 2503 911 2569 huic
955 2512 1056 2567 est
1098 2503 1308 2568 codex
1350 2503 1720 2568 Marcianus
1769 2502 1927 2587 (M),
1985 2525 2375 2590 quamquam
2432 2512 2684 2568 tantum
2742 2526 2943 2589 usque

365 2608 446 2672 ad
491 2615 803 2694 quartum
847 2604 1088 2670 librum
1130 2605 1398 2689 antiqua
1441 2614 1506 2669 et
1549 2603 1733 2689 larga
1777 2604 2038 2669 Scholia
2080 2606 2388 2670 continet.
2458 2605 2684 2692 Neque
2714 2590 2944 2669 ¹tamen

365 2710 429 2772 in
472 2719 668 2775 tanta
709 2709 931 2790 ruina,
977 2729 1106 2795 qua
1149 2704 1408 2772 Scholia
1443 2705 1784 2794 Odysseae
1827 2728 2138 2793 oppressa
2183 2715 2365 2789 sunt,
2411 2708 2643 2794 reliqui
2687 2706 2942 2772 codices

364 2812 719 2899 spernendi
775 2819 960 2892 sunt,
1017 2811 1352 2875 continent
1404 2807 1552 2895 plus
1608 2811 1904 2874 minusve
1961 2832 2044 2875 ex
2097 2809 2470 2874 Herodiano
2530 2808 2835 2876 haustum
2883 2819 2947 2873 et

365 2937 596 3001 saepe,
639 2913 754 2977 ubi
796 2933 1111 2998 perversa
1150 2909 1449 2992 tradunt,
1494 2911 1786 2977 indicant
1826 2920 2002 2976 certe
2046 2932 2122 2975 eo
2166 2909 2305 2976 loco
2350 2911 2712 2976 IIerodiani
2762 2934 2944 2997 prae-

363 3026 630 3103 ceptum
676 3014 1045 3094 exstitisse,
1090 3012 1264 3100 quod
1307 3013 1422 3078 ubi
1457 3035 1539 3077 ex
1574 3012 1717 3078 aliis
1748 3013 2110 3079 Herodiani
2154 3013 2412 3099 scriptis
2442 3015 2775 3099 cognitum
2822 3024 2943 3096 est,

364 3119 869 3204 epitomatorum
928 3114 1189 3201 ineptiis
1236 3115 1684 3179 substituimus
1705 3164 1724 3198 ,
1792 3116 2108 3202 optimum
2153 3124 2367 3180 autem
2433 3115 2793 3181 subsidium
2862 3116 2946 3181 ad

365 3197 709 3299 damnum,
766 3217 943 3304 quod
998 3216 1258 3282 defectu
1312 3215 1556 3282 codicis
1602 3216 1857 3282 Veneto
1899 3217 1962 3281 A
2019 3214 2249 3282 similis
2307 3219 2707 3304 accepimuS,
2763 3220 2945 3283 resti·

365 3321 685 3385 tuendum
737 3320 954 3404 ipsum
998 3340 1141 3382 esse
1185 3318 1473 3384 codicem
1517 3320 1611 3401 A,
1657 3321 1767 3405 qui
1811 3321 2051 3407 quippe
2098 3320 2460 3384 sexcenties
2507 3318 2683 3386 locos
2730 3320 2942 3409 Odys·

363 3444 512 3486 seae
560 3421 821 3502 laudet,
879 3442 1031 3485 vere
1083 3421 1543 3507 pronunciavit
1598 3421 1678 3484 de
1721 3420 2014 3486 Karaian
2069 3422 2230 3486 iiber
2284 3421 2389 3486 die
2434 3421 2947 3488 Handschriften

364 3524 477 3588 der
506 3522 820 3589 Scholien
865 3544 983 3586 zur
1014 3521 1326 3610 Odyssee.
1361 3560 1444 3573 ·-
1473 3522 1789 3609 Excerpsi
1832 3524 2031 3607 igitur
2074 3546 2158 3588 ex
2202 3522 2476 3588 Scholiis
2522 3547 2562 3589 a
2604 3525 2947 3590 Dindorfio

258 3673 262 3678 ·
365 3624 559 3690 editis
608 3626 1106 3706 adnotamenta,
1165 3646 1331 3711 quae
1388 3648 1472 3690 ex
1516 3625 1881 3711 Odyssiaca
1922 3624 2238 3691 Prosodia
2282 3625 2584 3690 derivata
2636 3627 2945 3691 videban-

363 3736 487 3808 tur,
535 3739 606 3794 et
651 3727 898 3792 inserui
940 3736 1127 3791 notas
1173 3749 1256 3791 ex
1299 3725 1379 3791 Il.
1424 3727 1767 3808 Prosodia,
1813 3749 1979 3813 quae
2023 3726 2109 3791 ad
2154 3726 2521 3814 prosodiam
2562 3726 2686 3792 loci
2733 3727 2942 3814 Odys-

364 3830 522 3893 siaci
569 3837 878 3916 spectant
921 3828 1234 3915 appositis
1266 3831 1461 3893 etiam
1504 3829 1832 3894 nonnullis
1878 3827 2035 3893 locis
2083 3851 2167 3893 ex
2210 3828 2354 3893 aliis
2387 3828 2747 3893 Herodiani
2794 3831 2947 3893 scri-

363 3931 493 4016 ptis
540 3930 672 3996 hoe
703 3930 893 4014 signo
925 3934 966 4011 †
995 3952 1189 4012 usus3
1232 3952 1445 4017 pauca
1473 3954 1639 4017 quae
1669 3931 1738 3994 in
1782 3928 1927 3994 aliis
1960 3932 2220 4017 scriptis
2250 3941 2590 4017 praeterea
2619 3953 2701 3994 ex
2733 3931 2942 4015 Odys-

364 4032 542 4096 siaca
587 4031 917 4097 Prosodia
958 4031 1163 4118 petita
1205 4032 1455 4114 inveni,
1504 4033 1628 4097 hac
1674 4042 1834 4099 nota
1878 4057 1907 4096 *ι
1954 4032 2341 4116 significavi.

1278 4219 1433 4284 VII.
1523 4222 1714 4300 Περὶ
1756 4225 2042 4287 παθῶν.

531 4353 617 4420 ln
665 4351 1070 4440 explicandis
1117 4354 1357 4420 Graeci
1399 4356 1713 4421 sermonis
1760 4355 2209 4421 affectionibus
2238 4356 2686 4422 Herodianum
2727 4354 2943 4441 plures

366 4465 898 4538 antecesserunt,
943 4457 1237 4542 inprimis
1268 4457 1629 4546 Didymus,
1674 4459 1857 4522 euius
1903 4456 2140 4524 librum
2182 4461 2329 4539 περὶ
2363 4465 2587 4526 παθῶν
2630 4479 2945 4522 commen-

369 4561 528 4623 tario
585 4560 915 4623 instruxit
971 4558 1388 4624 Herodianus
1447 4582 1765 4646 quemque
1829 4560 2207 4646 saepissime
2270 4560 2338 4624 in
2403 4584 2518 4624 suo
2573 4558 2737 4623 libro
2802 4562 2949 4639 περὶ

369 4667 592 4727 παθῶν
640 4661 1019 4745 respexisse
1063 4661 1258 4726 etiam
1301 4662 1451 4726 inde
1496 4669 1798 4746 apparet,
1858 4662 2030 4748 quod
2074 4662 2443 4747 fragmenta
2493 4661 2683 4725 huius
2734 4662 2947 4746 operis

369 4762 652 4849 plurima
713 4772 1084 4846 congruunt
1137 4785 1282 4827 cum
1339 4763 1572 4848 glossis
1631 4763 2066 4850 Hesychianis
2125 4765 2208 4846 (e.
2268 4787 2329 4848 g.
2390 4762 2467 4826 E.
2512 4763 2602 4827 M.
2659 4764 2815 4843 674,
2866 4764 2950 4826 25

373 4867 586 4945 τραςιά
631 4885 790 4931 cum
835 4862 995 4928 HeS.
1038 4869 1324 4952 τραςιήν,
1379 4867 1457 4930 Ε.
1502 4865 1593 4930 M.
1646 4867 1792 4948 188,
1837 4866 1920 4930 33
1978 4868 2302 4948 βράδιςτος
2347 4887 2493 4929 cum
2537 4864 2693 4931 Hes.
2741 4866 2949 4945 βάρδι-

2476 4966 2550 5031 f*
