3664 5546
596 446 616 453 ,
690 374 841 447 524,
1629 371 1714 429 ΕΚ
1749 370 1891 426 ΤΩΝ
1933 369 2345 427 ΗΡΩΔΙΑΝΟΥ

691 566 874 628 ςων,
919 546 1105 611 ἔνθεν
1149 543 1314 623 παρ’
1342 542 1703 627 Ἐπιχάρμῳ
1738 543 1986 623 βάςςον.
2051 540 2128 606 τὸ
2159 541 2538 621 ἐλάςςων,
2583 536 2881 604 θάςςων
2929 538 3268 603 «θάςςονας

690 648 924 727 ἰρήκων
993 646 1209 725 ἔμεναι
1272 647 1678 724 καλλίτριχα(
1728 643 2013 709 ἵππους»
2084 643 2163 725 (Ν
2222 641 2375 722 819)
2431 640 2864 722 ςεςημείωται,
2931 641 3028 706 ὅτι
3096 641 3268 722 φύςει

689 753 896 832 μακρᾷ
939 747 1390 826 παραλήγεται.

861 873 898 909 κ·
943 850 1038 914 Τά
1082 847 1171 913 εἰς
1212 851 1313 913 W
1358 849 1701 928 διςύλλαβα
1729 854 1822 931 τῷ
1867 850 1888 911 ἰ
1929 846 2431 925 παραληγόμενα
2474 847 2556 925 μὴ
2601 844 2761 909 ὄντα
2791 845 2975 923 κύρια
3019 844 3267 911 ἐκτείνει

616 963 648 1013 5
692 951 885 1035 αὐτό,
931 952 1152 1032 κίων,
1198 950 1479 1032 πρίων,
1524 948 1738 1015 πίων.
1825 949 1902 1013 τὸ
1948 950 2020 1013 δὲ
2063 948 2314 1030 Δίων,
2358 948 2524 1013 Ἴων
2570 946 2755 1026 κύριά
2800 945 2966 1011 εἰςιν.

863 1076 901 1111 ιε
945 1051 1039 1116 Τὰ
1083 1051 1172 1117 εἰς
1216 1058 1290 1119 αξ
1336 1053 1618 1130 λήγοντα
1661 1053 1764 1115 και
1791 1049 2050 1116 ἐκτείνει
2094 1051 2170 1114 τὸ
2216 1052 2258 1113 ἇ
2301 1050 2403 1114 καὶ
2447 1049 2790 1114 ςυςτέλλει·
2837 1048 2955 1112 ὅςα
2996 1049 3112 1127 μὲν
3156 1048 3267 1114 οὖν

691 1154 1036 1234 διςύλλαβα
1079 1152 1240 1217 ὄντα
1282 1152 1413 1232 ἔχει
1468 1152 1597 1231 πρὸ
1640 1153 1870 1218 τέλους
1914 1153 1996 1231 μὴ
2042 1153 2228 1232 φύςει
2272 1151 2548 1233 μακράν,
2603 1149 2747 1214 ἀλλ’
2801 1150 2840 1227 ἢ
2896 1152 3193 1230 βραχεῖαν
3233 1151 3269 1228 ἢ

604 1320 613 1329 ,
692 1255 855 1320 θέςει
921 1255 1197 1337 μακράν,
1265 1253 1631 1335 ἀδιάφορον
1687 1254 1819 1333 ἔχει
1874 1254 1992 1319 τὸν
2047 1254 2287 1332 χρόνον
2354 1257 2472 1318 τοῦ
2538 1254 2610 1334 ἆ,
2676 1251 2946 1333 κόραξ,
3007 1252 3272 1333 κόλαξ,

693 1357 976 1440 φύλαξ,
1042 1356 1264 1439 ἄναξ,
1329 1356 1547 1439 βόαξ,
1616 1358 1829 1439 νέαξ,
1893 1355 2182 1438 ὄμφαξ,
2246 1355 2566 1436 φόρταξ.
2665 1353 2721 1417 εἰ
2776 1353 2993 1431 μέντοι
3049 1353 3088 1430 ἡ
3152 1354 3271 1431 πρὸ

594 1469 658 1520 10
693 1457 922 1524 τέλους
977 1459 1161 1538 φύςει
1216 1460 1424 1539 μακρὰ
1478 1457 1607 1541 εἴη,
1661 1458 1701 1537 ἡ
1756 1459 1827 1523 δέ
1884 1455 2216 1522 τελευταία
2268 1456 2701 1538 ςυςτέλλοιτο,
2755 1454 2947 1530 γένος
3002 1453 3271 1533 θηλυκὸν

693 1558 948 1642 ὁρᾶται,
1005 1564 1271 1642 πῖδαξ,
1330 1564 1637 1644 κλῖμαξ,
1694 1563 1996 1641 λεῖμαξ,
2055 1562 2327 1639 βῶλαξ.
2417 1556 2518 1622 διὸ
2574 1558 2677 1621 καὶ
2717 1555 2807 1620 τὸ
2859 1559 3136 1653 μεῖραξ
3181 1555 3274 1620 ἐπὶ

697 1664 952 1745 θηλυκῷ
994 1662 1326 1741 τιθέμενον
1372 1661 1444 1727 εὖ
1476 1663 1556 1727 ἂν
1586 1661 1741 1740 ἔχοι.
1803 1662 1923 1726 οὐκ
1966 1650 2190 1736 ἀγνοῶ
2226 1662 2298 1725 δὲ
2334 1660 2424 1724 ὡς
2456 1658 2593 1723 ἔςθ’
2624 1658 2734 1722 ὅτε
2765 1658 2828 1722 οἱ
2871 1657 3137 1738 κωμικοὶ
3178 1678 3274 1720 και

693 1761 1002 1847 ἀρςενικῷ
1048 1764 1218 1838 γένει
1252 1766 1369 1842 τὴν
1402 1765 1690 1831 ςύνταξιν
1721 1766 2091 1828 ποιοῦνται·
2137 1744 2280 1826 ἄλλ’
2310 1761 2479 1826 εἰκὸς
2509 1760 2745 1824 αὐτοὺς
2775 1763 3013 1844 θήλυκῇ
3044 1779 3275 1838 προςη-

691 1863 879 1948 γορίᾳ
936 1865 1244 1930 ςκώπτειν
1299 1866 1455 1930 τοὺς
1509 1872 2001 1944 παςχητιῶντας.
2090 1863 2209 1928 ὅςα
2264 1864 2482 1942 μέντοι
2537 1862 2668 1941 ἔχει
2719 1862 2835 1940 τὴν
2879 1862 3028 1940 πρὸ
3055 1862 3278 1926 τέλους

595 1976 658 2028 15
693 1964 877 2045 φύςει
922 1966 1167 2045 μακρὰν
1212 1966 1507 2045 ἀρςενικὰ
1550 1966 1710 2032 ὄντα
1753 1967 1858 2031 καὶ
1900 1967 1976 2030 τὸ
2022 1966 2064 2029 ἃ
2107 1966 2275 2029 θέλει
2318 1965 2490 2044 ἔχειν
2522 1963 2970 2045 ἐκτεταμένον,
3017 1962 3106 2027 ὡς
3153 1960 3278 2042 ἔχει

692 2066 769 2131 τὸ
814 2066 1090 2150 Φαίαξ,
1136 2069 1420 2151 θώραξ,
1465 2067 1671 2143 οἴαξ,
1713 2067 2093 2150 πλούταξ,
2141 2070 2430 2149 βώμαξ,
2476 2068 2805 2131 κνῶδαξ·
2863 2063 3280 2144 ςημειούμεθα

692 2168 767 2234 τὸ
827 2169 1063 2236 Γῦναξ
1119 2171 1222 2234 καὶ
1280 2171 1545 2253 Γῦλαξ,
1611 2169 1850 2249 ἔχοντα
1903 2168 2087 2249 φύςει
2119 2170 2390 2261 νμακρὰν
2445 2169 2562 2247 τὴν
2620 2167 3120 2245 παραλήγουςαν
3185 2167 3285 2231 καὶ

694 2271 1118 2336 ςυςτέλλοντα
1161 2272 1236 2335 τὸ
1280 2273 1337 2335 ἆ.
1402 2271 1515 2336 εἰςὶ
1558 2273 1629 2336 δέ
1672 2275 1873 2337 ταῦτα
1915 2271 2099 2348 κύρια
2143 2270 2460 2352 ὀνόματα,
2504 2271 2608 2334 καὶ
2649 2270 2725 2335 τὸ
2772 2273 3005 2334 ςαῦςα
3022 2275 3085 2350 ξ,
3135 2269 3285 2349 φαςὶ

693 2372 766 2438 δέ
809 2370 974 2438 εἶναι
1018 2376 1214 2437 τοῦτο
1246 2372 1557 2457 ὄςπρεον,
1602 2374 1706 2438 καὶ
1746 2373 1823 2437 τὸ
1870 2373 2106 2438 καύαξ
2152 2373 2650 2452 διφορούμενον.
2716 2375 2913 2436 τοῦτο
2953 2372 3076 2448 γάρ
3127 2386 3294 2435 ποτε·

593 2485 660 2537 20
694 2476 808 2553 μὲν
856 2462 1171 2539 ςυςτέλλει
1212 2475 1290 2540 τὸ
1336 2478 1408 2556 ἃ,
1451 2476 1610 2539 ποτὲ
1655 2475 1727 2539 δέ
1772 2474 2030 2538 ἐκτείνει
2075 2474 2251 2539 αὐτό.
2317 2474 2446 2538 ἔςτι
2491 2475 2568 2537 δέ
2614 2470 2867 2550 ὄρνεον.
2927 2472 3022 2536 Τὰ
3066 2472 3282 2549 μέντοι
3361 2522 3370 2529 .

694 2575 855 2653 ὑπὲρ
902 2576 1022 2640 δύο
1069 2575 1383 2656 ςυλλαβὰς
1427 2576 1686 2640 ἐκτείνει
1729 2575 1807 2639 τὸ
1853 2577 1895 2638 ἇ
1939 2578 2020 2654 μὴ
2077 2574 2235 2640 ὄντα
2279 2576 2575 2657 ςύνθετα,
2629 2573 2846 2652 ἱέραξ
2860 2623 2878 2656 ,
2931 2573 3284 2638 Ἐπιδαύ-

695 2683 862 2758 ραξ,
909 2676 1209 2760 ὀρθίαξ,
1255 2676 1610 2756 θυμέλαξ.
1676 2677 1757 2740 τὰ
1802 2677 1874 2741 δέ
1920 2675 2184 2742 ςύνθετα
2229 2677 2553 2757 βαρύτονα
2595 2677 2698 2740 καὶ
2739 2675 2855 2739 τὸν
2889 2682 3022 2739 τῶν
3054 2675 3283 2739 ἁπλῶν

695 2778 937 2858 χρόνον
982 2778 1321 2862 φυλάττει,
1366 2780 1972 2861 Ἀχαρνοφαίαξ,
2029 2779 2440 2862 Ἱππῶναξ,
2497 2777 2952 2859 Ἀρχεάναξ,
3006 2778 3287 2857 ἐριβῶ-

698 2884 862 2963 λαξ,
908 2884 1374 2948 πολυπῖδαξ.
1447 2881 1527 2945 τὰ
1572 2883 1643 2946 δὲ
1688 2880 1966 2948 ὀξύτονα
1996 2880 2263 2946 ςύνθετα
2308 2881 2623 2946 ςυςτέλλει
2666 2881 2743 2943 τὸ
2790 2881 2864 2960 ἃ,
2911 2879 3285 2958 διαςφάξ,

592 2995 659 3046 25
698 2983 1275 3062 βλεφαροςπάξ.
1363 2983 1444 3047 τὰ
1499 2983 1717 3063 μέντοι
1774 2983 2224 3063 μονοςύλλαβα
2267 2983 2508 3062 θηλυκὰ
2552 2982 2667 3060 μὲν
2712 2981 2901 3062 ὄντα,
2959 2981 3130 3044 θέλει
3186 3002 3286 3044 ςυ-

697 3085 976 3149 ςτέλλειν
1022 3086 1097 3149 τὸ
1144 3085 1216 3167 ἆ,
1261 3084 1491 3166 ,ςπάξ,
1549 3083 1756 3148 οὕτως
1811 3082 1850 3147 ὁ
1895 3083 2067 3149 κύων
2111 3084 2288 3161 παρὰ
2330 3085 2635 3165 Πέρςαις,
2694 3080 2992 3164 [κλάξ],
3054 3080 3286 3161 πλάξ,

696 3185 917 3266 γλάξ,
975 3185 1193 3268 δράξ,
1249 3188 1288 3265 ἡ
1346 3188 1418 3250 δὲ
1478 3184 1613 3264 ῥάξ
1668 3185 2008 3249 ἐκτέταται.
2095 3186 2174 3248 τὰ
2229 3188 2300 3249 δὲ
2354 3185 2718 3249 ἐκτείνοντα
2769 3184 2847 3248 τὸ
2905 3185 2946 3246 ἇ
2990 3181 3288 3260 ἀρςενικά

697 3287 856 3368 ἐςτι,
925 3287 1142 3369 βλάξ,
1208 3287 1421 3368 κράξ,
1486 3287 1709 3353 πτάξ·
1768 3287 1846 3352 τὸ
1901 3289 1972 3351 δέ
2033 3286 2247 3364 Πράξ
2311 3286 2648 3364 ἱςτορεῖται
2703 3287 2818 3364 μὲν
2880 3284 3286 3349 ἐκτείνεςθαι·
3372 3347 3386 3364 ,

696 3388 954 3463 ἐγένετο
1001 3390 1073 3453 δὲ
1118 3388 1454 3467 Ἀχιλλέως
1497 3389 1862 3470 ἀπόγονος,
1918 3387 2103 3453 ἔνθεν
2149 3388 2212 3453 οἱ
2253 3388 2535 3466 Πρᾶκες·
2593 3387 2987 3452 ςυςτέλλεται
3034 3388 3106 3451 δέ
3154 3385 3289 3449 ἐςθ’

596 3501 663 3552 30
697 3488 811 3560 ὅτι
850 3490 925 3554 τὸ
971 3492 1028 3553 ἃ.

863 3609 901 3645 ⁴⁶
951 3591 1045 3655 Τὰ
1099 3591 1317 3670 μέντοι
1373 3591 1461 3656 εἰς
1519 3599 1570 3658 ιξ
1627 3591 2076 3671 μονοςύλλαβα
2131 3592 2445 3656 ςυςτέλλει
2500 3590 2576 3654 τὸ
2624 3593 2646 3654 ῐ
2689 3590 2927 3668 ἔχοντα
2972 3590 3092 3653 δύο
3141 3588 3288 3667 ςύμ-

697 3712 891 3779 φωνα
934 3691 1063 3771 πρὸ
1108 3696 1225 3756 τοῦ
1268 3694 1320 3775 i,
1366 3693 1553 3776 ςτίξ,
1599 3694 1811 3775 φρίξ,
1858 3693 2039 3771 θρίξ.
2112 3692 2187 3756 τὸ
2233 3693 2450 3771 μέντοι
2493 3691 2562 3757 ἴξ
2608 3692 2709 3755 καὶ
2753 3690 2884 3757 Φίξ
2929 3691 3288 3755 ἐκτείνεται.

696 3793 776 3857 τὰ
821 3794 1039 3872 μέντοι
1084 3793 1173 3858 εἰς
1227 3801 1278 3861 ιξ
1332 3796 1616 3874 λήγοντα
1681 3796 1841 3873 ὑπὲρ
1899 3794 2043 3872 μίαν
2100 3796 2415 3874 ςυλλαβὴν
2470 3794 2681 3857 πάντα
2737 3793 3052 3857 ςυςτέλλει
3118 3792 3196 3855 τὸ
3253 3793 3289 3853 i.

697 3895 803 3959 ἐπὶ
847 3896 1064 3974 μέντοι
1108 3902 1322 3979 γενικῇ
1368 3902 1455 3978 πῇ
1501 3896 1616 3975 μἐν
1649 3896 1955 3976 φυλάττει
1999 3896 2075 3960 τὸ
2121 3895 2707 3975 ῑςυνεςταλμένον,
2759 3900 2848 3978 πῇ
2895 3896 2965 3976 δὲ
3010 3893 3288 3958 ἐκτείνει.

594 4008 659 4058 35
697 3997 797 4061 καί
840 4017 992 4077 φαςι
1047 3998 1300 4077 τήρηςίν
1356 4019 1498 4063 τινα
1552 3995 1716 4061 εἶναι
1771 3997 2104 4078 τοιαύτην,
2163 3999 2253 4061 ῶς
2306 3997 2386 4060 τὰ
2442 3995 2677 4074 ἔχοντα
2726 3996 2855 4073 πρὸ
2902 3997 3130 4060 τέλους
3177 4015 3288 4073 μα-

697 4098 852 4176 κρὸν
898 4098 1029 4178 ἔχει
1076 4099 1146 4163 ἐν
1191 4105 1267 4183 τῇ
1311 4105 1526 4182 γενικῇ
1573 4098 2015 4178 ἐκτεινόμενον
2060 4099 2136 4163 τὸ
2181 4101 2232 4179 i,
2279 4100 2580 4179 φοῖνιξ,
2627 4097 2924 4179 βέμβιξ,
2969 4095 3288 4174 Τέμμιξ,

696 4201 1015 4281 πέμφιξ,
1061 4201 1350 4283 τέττιξ,
1398 4200 1742 4282 ςκάνδιξ,
1787 4200 2090 4281 πέρδιξ,
2137 4202 2410 4278 χοῖνιξ.
2462 4198 2872 4276 Πτολεμαῖος
2902 4198 2974 4261 δὲ
3004 4196 3042 4260 ὁ
3075 4197 3286 4259 Ἀςκα-

697 4300 966 4380 λωνίτής
1011 4302 1200 4381 φήςὶν
1248 4302 1338 4367 ὡς
1391 4305 1503 4379 τῆς
1557 4301 1858 4379 πέρδικος
1902 4302 2005 4365 καὶ
2046 4301 2328 4379 χοίνικος
2372 4303 2624 4377 γενικῆς
2677 4301 2716 4378 ἡ
2769 4299 2917 4378 μέςη
2964 4298 3288 4362 ςυςτέλλε-

695 4423 828 4487 ται,
883 4404 1152 4469 πειςθεὶς
1197 4401 1635 4482 Ἀριςτοφάνει
1689 4409 1781 4486 τῷ
1838 4408 2242 4486 γραμματικῷ
2300 4402 2405 4465 καὶ
2456 4404 2596 4466 τοῖς
2651 4399 2824 4465 οὕτω
2873 4398 3290 4478 χρηςαμένοις

833 4693 869 4744 l.
904 4696 938 4744 4
973 4695 1117 4744 hune
1153 4709 1421 4744 canonem
1456 4694 1639 4758 recepi
1675 4708 1743 4742 ex
1780 4693 1845 4745 Ε.
1870 4693 1942 4743 Μ.
1980 4693 2099 4752 674,
2135 4693 2168 4741 5
2204 4689 2409 4741 collato
2446 4689 2644 4740 Aread.
2687 4691 2767 4749 18,
2806 4689 2837 4739 5
2874 4688 3091 4752 propria
3128 4682 3293 4737 Δίων

701 4761 910 4811 addens
947 4777 1015 4812 ex
1054 4762 1404 4824 Choer.286,
1442 4765 1522 4824 16,
1561 4760 1691 4813 Ἴων
1727 4777 1795 4811 ex
1831 4760 1910 4811 St.
1948 4761 2009 4810 B.
2046 4761 2132 4823 49,
2171 4762 2222 4812 9.
2384 4757 2418 4808 l.
2456 4760 2489 4806 6
2526 4757 2711 4808 Diehr.
2745 4727 2864 4819 283,
2901 4757 2983 4807 25.
3144 4752 3186 4804 l.
3228 4755 3290 4803 31

701 4828 887 4882 Dichr.
924 4829 1043 4892 285,
1080 4832 1129 4880 5.
