3664 5546
618 368 703 435 42
1554 370 1637 427 ΕΚ
1675 371 1815 428 ΤΩΝ
1858 369 2265 426 ΗΡΩΔΙΑΝΟΥ

669 710 845 776 ΠΕΡΙ
893 710 1051 776 ΤΩΝ
1099 712 1210 778 ΕΙ(
1250 699 1284 779 ξ
1336 713 1449 778 ΚΑΙ
1498 713 1610 779 ΕΙ(
1654 717 1690 792 β
1740 713 1853 778 ΚΑΙ
1902 712 2013 777 ΕΙ(
2055 715 2140 800 EC
2181 711 2605 778 ΛΗΓΟΝΤΩΝ
2654 712 3123 831 ΟΝΟΜΑΤῼΝ.

1717 900 1988 955 ΒΙΒΛΙΟΝ
2029 894 2089 966 β’.

782 1072 928 1136 Πᾶν
959 1070 1166 1149 ὄνομα
1199 1070 1287 1135 εἰς
1320 1057 1420 1137 ἀἶ
1451 1074 1651 1150 λῆγον
1686 1073 1847 1149 ὑπὲρ
1880 1071 2025 1150 μίαν
2056 1072 2371 1151 ςυλλαβὴν
2409 1071 2775 1154 βαρύνεται,
2821 1071 2875 1136 εἰ
2910 1073 2990 1151 μὴ
3025 1072 3202 1150 παρὰ

620 1173 784 1252 ῥῆμα
829 1172 924 1252 εἴη
973 1173 1480 1256 ςυντεθειμένον,
1527 1174 1629 1237 καὶ
1674 1173 1818 1252 μίαν
1880 1174 2195 1253 ςυλλαβὴν
2241 1172 2554 1252 φυλάττοι
2612 1178 2729 1238 τοῦ
2777 1174 3053 1254 ῥήματος
3098 1174 3201 1238 καὶ

556 1286 588 1335 5
620 1275 973 1340 ἐπιθετικόν
1021 1274 1328 1358 ὑπάρχοι,
1376 1276 1455 1354 μὴ
1502 1274 1785 1358 ἐθνικόν,
1831 1276 2098 1358 κόραξ,
2143 1274 2267 1339 ἔςτι
2312 1276 2416 1339 καὶ
2463 1275 2710 1354 Κόραξ
2767 1276 2922 1354 ὄρος
2968 1276 3198 1355 μεταξὺ

624 1376 1071 1441 Καλλιπόλεως
1137 1378 1239 1442 καὶ
1309 1375 1710 1442 Ναυπάκτου.
1817 1377 2143 1457 Πολύβιος
2218 1376 2507 1461 εἰκοςτῷ·
2572 1378 2845 1460 κόλαξ,
2913 1379 3200 1458 φύλαξ,

619 1478 840 1560 ἄναξ,
909 1479 1121 1561 βόαξ,
1182 1480 1398 1562 νέαξ,
1465 1480 1742 1562 φέναξ,
1809 1480 2140 1562 κόρδαξ,
2208 1478 2492 1563 ἅρπαξ,
2556 1481 2865 1562 κέκραξ,
2930 1479 3198 1561 λάλαξ,

619 1579 887 1663 λάταξ,
933 1580 1206 1663 χάραξ,
1251 1581 1377 1646 ἔςτι
1421 1582 1525 1646 καὶ
1570 1581 1827 1660 Χάραξ
1858 1580 2279 1659 Ἀλεξάνδρου
2323 1581 2522 1647 τόπος
2567 1583 2712 1660 περὶ
2746 1582 3050 1646 Κελαινάς
3088 1585 3199 1659 τῆς

618 1682 927 1765 Φρυγίας,
972 1682 1128 1747 ἔνθα
1172 1684 1586 1761 Ἀλέξανδρος
1632 1683 1669 1747 6
1714 1688 1831 1748 τοῦ
1876 1684 2197 1748 Φιλίππου
2243 1683 2873 1762 ἐςτρατοπεδεύςοιτο.
2934 1683 3058 1747 ἔςτι
3099 1684 3202 1747 καὶ

520 1795 583 1846 10
622 1783 848 1862 Καρίας
893 1782 1054 1862 ἄλλη
1112 1785 1296 1850 πόλις
1344 1786 1554 1864 Χάραξ
1608 1787 1648 1864 ἡ
1705 1788 1823 1849 νῦν
1871 1784 2156 1863 Τράλλις.
2245 1785 2371 1850 ἔςτι
2428 1787 2530 1850 καὶ
2583 1785 2782 1851 ἄλλος
2828 1785 3038 1864 Χάραξ
3096 1786 3198 1864 ἐμ-

618 1886 848 1964 πόριον
906 1887 1225 1971 μέγιςτον,
1282 1889 1352 1953 ἐν
1403 1893 1495 1972 τῷ
1549 1891 1658 1965 τῆς
1710 1886 2121 1966 Νικομηδείας
2176 1888 2398 1971 κόλπῳ
2454 1887 2720 1965 πληςίον
2775 1887 2985 1966 αὐτῆς.
3074 1887 3200 1952 ἔςτι

617 1989 719 2052 καὶ
762 1987 960 2053 ἄλλος
1004 1989 1204 2054 τόπος
1247 1994 1358 2068 τῆς
1401 1990 1735 2068 Ποντικῆς.
1822 1991 2043 2054 ’Άταξ
2092 1989 2412 2071 ποταμός,
2472 1988 2728 2068 Μίμαξ
2784 1989 2971 2054 ἔθνος
3014 1989 3197 2069 Λιβυ-

617 2089 749 2154 κόν.
837 2089 1125 2156 Φίλιςτος
1183 2090 1516 2156 (ικελικῶν
1563 2090 1799 2175 ὀγδόῳ.
1893 2091 2158 2156 Μύλαξ
2207 2090 2397 2156 ἔθνος
2443 2091 2911 2170 Ἠπειρωτικόν.
2998 2090 3198 2156 Λυκό·

617 2212 803 2271 φρων
836 2190 930 2276 (v.
968 2191 1158 2274 1021.)
1209 2193 1477 2271 «Κρᾶθις
1521 2194 1593 2258 δὲ
1631 2193 1862 2270 γείτων
1908 2193 2021 2271 ἠδὲ
2069 2192 2391 2259 Μυλάκων
2437 2192 2592 2272 ὄρος
2608 2219 2653 2257 ».
2717 2193 2967 2272 Νύραξ
3011 2194 3198 2258 πόλις

519 2306 580 2357 15
621 2293 895 2372 Κελτική.
996 2293 1318 2360 Ἑκαταῖος
1373 2295 1661 2380 Εὐρώπῃ.
1749 2295 2072 2362 Ῥύνδαξ
2129 2296 2418 2375 ποταμὸς
2475 2295 2703 2376 μεταξὺ
2760 2294 3037 2374 Φρυγίας
3094 2296 3199 2359 καὶ

615 2393 1081 2474 Ἐλληςπόντου
1146 2396 1183 2460 6
1252 2398 1351 2461 καὶ
1417 2397 1776 2463 Ῥύνδακος.
1892 2398 2177 2465 Κὰςταξ
2245 2399 2428 2463 πόλις
2492 2398 2768 2477 Ἰβηρίας.
2873 2396 3196 2476 Μάρμαξ

617 2497 804 2561 ἔθνος
848 2497 1242 2563 Αἰθιοπικόν·
1306 2497 1627 2565 Ἑκαταῖος
1673 2500 1855 2584 Ἀςίᾳ.
1927 2500 2232 2579 Θόρναξ
2276 2500 2432 2579 ὄρος
2475 2504 2586 2578 τῆς
2620 2499 2997 2578 Λακωνικῆς.
3091 2499 3195 2563 Νι-

617 2599 851 2664 κόλαος
896 2600 968 2663 δ’.
1056 2601 1383 2680 Ἄμβραξ
1428 2603 1530 2666 καὶ
1572 2603 1914 2682 Ἀμπραξ
1971 2600 2008 2666 6
2053 2606 2202 2668 παῖς
2249 2590 2633 2681 Θεςπρωτοῦ
2690 2606 2806 2666 τοῦ
2850 2600 3195 2666 Λυκάονος.

616 2700 973 2782 Τάμβραξ
1029 2703 1215 2767 πόλις
1270 2704 1674 2784 Παρθυαίων.
1774 2703 2069 2789 ὄμφαξ,
2125 2705 2454 2787 φόρταξ,
2510 2704 2778 2770 Φαίαξ·
2833 2703 3197 2768 Ἑλλάνικος

512 2819 581 2871 20
614 2803 881 2882 Ἱερειῶν
927 2805 984 2868 α’
1034 2805 1268 2873 «Φαίαξ
1314 2808 1352 2871 6
1396 2809 1807 2873 Ποςειδῶνος
1863 2810 1964 2872 καὶ
2012 2808 2325 2886 Κερκύρας
2380 2811 2489 2886 τῆς
2534 2806 2908 2887 Ἀςωπίδος,
2954 2805 3079 2885 ἀφ’
3121 2805 3196 2884 ἧς

613 2906 652 2983 ἡ
698 2909 888 2984 νῆςος
936 2906 1215 2987 Κερκύρα
1270 2909 1531 2992 ἐκλήθη,
1588 2911 1664 2975 τὸ
1718 2911 1872 2988 ,πρὶν
1915 2910 2226 2989 Δρεπάνη
2283 2929 2350 2973 τε
2411 2911 2513 2973 καὶ
2565 2908 2789 2987 (χερία
2842 2911 3194 2987 κληθεῑςα».

613 3008 717 3073 καὶ
757 3009 832 3074 τὸ
879 3009 1129 3091 ἐθνικὸν
1175 3008 1558 3091 ὁμοφώνως.
1647 3014 1928 3091 θώραξ·
1986 3011 2111 3076 ἔςτι
2168 3012 2269 3076 καὶ
2322 3011 2508 3076 πόλις
2550 3010 2852 3076 Αἰτωλίας
2910 3011 3012 3075 καὶ
3058 3011 3193 3075 Μα-

614 3110 896 3193 γνηςΐας,
944 3110 1150 3195 οἴαξ,
1196 3114 1576 3196 πλούταξ,
1625 3115 1913 3197 βῲμαξ,
1960 3113 2280 3178 κνώδαξ.
2345 3111 2614 3191 Νῶραξ
2662 3112 2699 3176 6
2740 3111 3053 3190 Ἐρυθείας
3094 3113 3196 3176 καὶ

613 3211 839 3292 Ἑρμοῦ
892 3213 981 3277 ὡς
1037 3214 1432 3297 Παυςανίας,
1491 3218 1753 3297 πῑδαξ,
1811 3217 2115 3297 κλῖμάξ,
2174 3218 2489 3297 λεῖμοιξ,
2548 3216 2835 3297 βῶλαξ,
2893 3218 3194 3297 μεῖραξ,

513 3330 577 3380 25
617 3315 883 3397 Γῢναξ,
931 3317 1206 3399 Γῦλαξ,
1253 3316 1365 3381 εἰςὶ
1407 3317 1479 3381 δὲ
1521 3321 1719 3381 ταῦτα
1764 3317 1948 3395 κύρια
1993 3316 2306 3399 ὀνόματα,
2352 3320 2669 3398 ςαῦςαξ,
2714 3317 2867 3396 φαςὶ
2911 3317 2982 3381 δὲ
3028 3314 3195 3380 εἶναι

613 3420 807 3480 τοῦτο
853 3415 1163 3499 ὄςπρεον,
1212 3418 1505 3499 ςχίδαξ,
1551 3416 1822 3501 αὖλαξ,
1870 3422 2169 3500 θρῑδαξ,
2201 3418 2474 3501 καύαξ,
2506 3416 2899 3499 ἀςπάλαξ,
2943 3418 3192 3499 ἱέραξ,

617 3517 1113 3601 Ἐπιδαύραξ,
1171 3519 1559 3585 Τεκτόςαξ
1618 3519 1806 3584 ἔθνος
1868 3522 1906 3585 Γ
1909 3521 2226 3585 αλατικόν.
2325 3519 2577 3599 εὕρηται
2642 3521 2744 3585 καὶ
2802 3520 3196 3599 Τεκτοςάγης

616 3620 833 3683 εὐθεῖα
876 3620 979 3712 καὶ
1021 3620 1429 3698 Τεκτοςάγαι·
1478 3622 1567 3686 ὡς
1610 3624 1733 3701 γὰρ
1782 3622 2206 3687 Καππάδοκος
2255 3622 2704 3703 Καππαδόκης,
2750 3620 2921 3686 οὕτω
2967 3622 3193 3687 Τεκτό-

617 3741 807 3796 ςαγος
851 3721 1257 3800 Τεκτοςάγης.
1319 3722 1619 3806 ὀρθίαξ,
1666 3724 2034 3805 θυμέλαξ,
2067 3723 2675 3805 Ἀχαρνοφαίαξ,
2720 3724 3192 3806 λινοθώραξ,

513 3838 581 3889 30
615 3822 1053 3908 (αμόθρᾳξ,
1115 3824 1533 3909 Ἱππῶναξ,
1606 3826 2066 3908 Ἀρχεάναξ,
2142 3826 2682 3909 χαρτοφύλαξ,
2757 3826 3193 3908 φιλάρπαξ,

617 3926 1026 4008 ἐριβῶλαξ,
1082 3931 1547 3994 πολυπῖδαξ.
1644 3929 1722 3993 τά
1786 3930 1857 3992 δὲ
1926 3928 2056 3994 ἀπὸ
2121 3928 2397 4007 ῥήματος
2466 3928 2834 4008 ςυγκείμενα
2904 3928 3193 3993 ὀξύνεται

747 4163 792 4234 l.'
822 4188 853 4236 3
890 4182 968 4236 εἰς
1004 4168 1300 4249 ἇξέοτίρεί
1336 4199 1430 4249 pro
1466 4181 1544 4236 εἰς
1581 4172 1632 4238 ξ]
1672 4184 1967 4235 Caeterum
1990 4200 2253 4237 canonem
2279 4157 2499 4236 :Arcadii
2527 4187 2604 4241 18,
2634 4187 2713 4248 18,
2788 4200 2910 4235 uem
2943 4183 3195 4236 similiter

613 4253 899 4317 proferunt
943 4253 1117 4318 Epim.
1154 4251 1212 4302 in
1247 4253 1346 4302 An.
1371 4255 1497 4304 Par.
1520 4254 1604 4305 111
1627 4256 1745 4315 307,
1771 4256 1820 4316 2,
1859 4253 2078 4318 explevi
2115 4270 2183 4303 ex
2217 4254 2402 4304 Dichr.
2426 4256 2544 4315 283,
2574 4254 2636 4303 15
2672 4259 2729 4303 et
2808 4253 2954 4304 hoer.
2980 4253 3191 4302 Dictat.

613 4339 840 4401 303—63
889 4337 1217 4402 simplicium
1261 4338 1317 4387 in
1362 4340 1425 4391 αξ
1463 4340 1854 4403 barytonorum
1893 4338 2144 4403 exempla
2180 4338 2317 4389 haec
2353 4343 2568 4389 tantum
2595 4354 2684 4402 ap.
2710 4337 2906 4389 Arcad.
2942 4341 3192 4388 exstant:

616 4404 818 4468 Φαίαξ,
866 4404 1080 4469 θώραξ,
1127 4404 1289 4468 ἄναξ,
1339 4405 1562 4470 κλίμαξ,
1610 4405 1784 4458 αύλαξ
1843 4412 1900 4456 et
1943 4404 2181 4470 Ἀςφαξ;
2231 4407 2441 4471 reli'qua
2486 4406 2675 4456 addidi
2721 4423 2788 4457 ex
2832 4405 3044 4467 Diohr.‚
3094 4404 3192 4456 sed

615 4475 890 4539 prnprium
929 4472 1104 4537 Κόραξ
1153 4490 1219 4523 ex
1257 4476 1336 4524 St.
1376 4477 1436 4525 B.
1475 4491 1518 4527 ε.
1555 4491 1633 4533 v„
1675 4475 1710 4525 1.
1749 4477 1778 4525 7
1816 4473 1991 4538 φέναξ
2028 4502 2094 4509 -—
2131 4472 2302 4526 λάταξ
2348 4490 2411 4524 ex
2450 4474 2672 4534 Choer.‚
2712 4476 2749 4529 l.
2786 4475 2818 4524 8
2854 4471 3035 4537 Χάραξ
3071 4489 3191 4538 pro-

615 4544 788 4608 prium
825 4559 894 4592 ex
930 4543 1007 4592 St.
1045 4542 1134 4599 B..
1171 4541 1205 4591 l.
1247 4544 1307 4591 12
1343 4541 1512 4595 Ἀταξ
1559 4559 1626 4592 ex
1673 4542 1865 4593 eodem
1909 4558 2082 4608 usque
2129 4543 2200 4592 ad
2244 4543 2278 4594 1.
2320 4545 2382 4592 19
2417 4540 2702 4608 Τάμβραξ;
2751 4558 2817 4592 ex
2863 4541 3053 4592 eodem
3101 4558 3191 4591 ex-

616 4611 768 4676 plevi
803 4607 978 4663 Φαίαξ
1017 4616 1074 4660 et
1109 4608 1295 4674 θώραξ
1332 4617 1390 4661 et
1428 4609 1624 4675 Νῶραξ
1662 4611 1860 4661 adieci.
1997 4612 2033 4663 l.
2057 4614 2123 4662 25
2159 4627 2254 4676 pro
2296 4609 2466 4661 Γῠναξ
2508 4609 2680 4664 Γῦλαξ
2718 4612 2776 4660 in
2800 4610 2985 4660 Dichr.
3021 4609 3193 4658 habet

617 4680 810 4729 Choer.
858 4678 1033 4731 ’Ύλαξ
1089 4685 1146 4730 et
1203 4676 1374 4742 Κῆαξ;
1433 4679 1577 4729 idem
1634 4680 1802 4731 ςαῠαξ
1857 4695 1953 4744 pro
1999 4680 2221 4730 (αὓςαξ
2277 4676 2526 4731 ἀςπάλαξ
2576 4679 2810 4731 accessit
2863 4694 2930 4729 ex
2977 4677 3192 4739 Choer„

617 4745 896 4799 Τεκτόςαξ
934 4764 1002 4798 ex
1038 4747 1117 4797 St.
1152 4747 1238 4810 Β.,
1276 4745 1583 4811 λινοθώραξ
1623 4763 1690 4797 ex
1728 4747 1950 4808 Choer.,
1987 4763 2053 4797 ex
2091 4748 2172 4800 st.
2210 4750 2274 4798 B.
2312 4744 2626 4813 (αμόθρᾳξ,
2665 4747 2810 4814 quod
2845 4761 3043 4796 nomen
3080 4746 3190 4795 He-

617 4815 902 4866 rodianum
938 4830 1201 4881 gravasse
1239 4814 1460 4865 Arcadii
1495 4832 1667 4866 canon
1706 4815 1867 4865 docet
1904 4815 1972 4866 cf.
2009 4822 2298 4881 praeterea
2333 4815 2398 4870 Ε.
2420 4817 2496 4868 Μ.
2531 4819 2648 4880 435,
2686 4819 2776 4875 34,
2812 4813 3189 4878 χαρτοφὺλαξ,

617 4881 900 4950 φιλάρπαξ
939 4900 1005 4935 ex
1042 4882 1260 4947 Choer„
1297 4881 1554 4947 ἀποςφάξ
1592 4900 1658 4934 ex
1695 4884 1796 4950 Ep.
1831 4883 1990 4939 Hom.
2027 4887 2110 4947 34,
2144 4886 2229 4946 20,
2266 4884 2327 4935 Ε.
2368 4883 2506 4936 Gud.
2543 4887 2627 4949 52,
2664 4887 2751 4949 22,
2787 4882 2882 4934 ubi
2903 4883 3049 4933 idem
3073 4881 3191 4932 fere
