3664 5546
1223 425 1380 480 ΠΕΡΙ
1421 423 1816 480 ΚΑΘΟΛΙΚΗΕ
1851 422 2272 479 ΠΡΟΕΩιΔΙΑΕ
2308 427 2360 478 ς.
2433 436 2437 440 ’
2802 432 2815 451 “
2974 423 3094 489 153

507 623 632 667 πος
676 602 870 681 μέγας
914 599 1017 664 καὶ
1061 598 1286 681 βαθύς,
1330 601 1524 676 τριῶν
1568 597 1858 676 ἡμερέων
1904 595 2169 661 πλόος».
2260 595 2770 677 Ἀγριανικός,
2830 596 2919 660 ὡς
2969 595 3093 660 Χά-

509 710 622 786 ραξ
686 704 757 768 ἐν
825 702 1106 786 δευτέρῳ
1167 704 1501 780 χρονικῶν.
1609 698 2023 779 Ληναϊκός,
2090 696 2601 780 (μυρναϊκός,
2663 698 3095 777 Πειραῖκός

511 809 777 891 ςυςτολῇ
821 808 938 870 τοῦ
982 808 1039 869 ἇ.
1128 802 1715 883 Ἀκαδημαϊκός,
1764 788 2312 880 Γαλάδραϊκός.
2398 801 2726 880 Πολύβιος
2771 801 2842 864 δὲ
2887 800 2957 864 ἐν
3002 806 3093 884 τῶ

510 910 590 986 ιγ’
637 907 1020 987 Γαλαδρικόν
1075 926 1243 987 φηςι.
1331 904 1406 970 τὸ
1463 905 1535 969 δὲ
1590 902 1866 969 ἄδικος
1924 903 2004 969 οὐ
2050 901 2355 982 κτητικόν.
2443 903 2519 968 τὸ
2572 904 2644 967 δὲ
2686 902 2949 980 ἡλίκος
2995 904 3097 967 καὶ

511 1010 832 1089 πηλίκος
886 1010 990 1074 καὶ
1043 1008 1362 1088 τηλίκος
1416 1006 1593 1085 παρὰ
1644 1007 1941 1084 ποιηταῖς
1994 1006 2096 1070 καὶ
2151 1004 2526 1085 ὁπηλίκος
2590 1005 3154 1083 παροξύνονται·5

514 1113 593 1179 οὐ
637 1113 761 1191 γὰρ
805 1110 1073 1191 κτητικά.

681 1214 775 1280 Τὰ
817 1214 907 1279 εἰς
951 1217 1118 1278 ῖῑκόξ
1162 1211 1669 1293 ὑπερδιςύλλαβα
1721 1210 1906 1290 κύρια
1956 1211 1996 1289 ἢ
2042 1210 2475 1289 προςηγορικὰ
2531 1211 2613 1288 μὴ
2670 1209 2909 1289 ἔχοντα
2952 1209 3097 1273 κατ’

515 1318 678 1383 ἰδίαν
722 1316 964 1394 θηλυκὰ
1007 1319 1291 1395 κτητικῆς
1335 1314 1587 1379 ἐννοίας
1632 1313 1906 1394 ἐχόμενα
1950 1311 2317 1394 βαρύνεται,
2361 1312 2684 1394 Ἴβυκος,
2734 1312 3097 1392 Ἄμυκος,

421 1490 441 1503 „
519 1421 888 1498 Κώρυκος
933 1417 1118 1483 πόλις
1167 1414 1452 1482 Κιλικίας.
1516 1416 1876 1496 Παρθένιος
1919 1421 2395 1498 προπεμπτικῷ.
2460 1414 2625 1480 ἔνιοι
2657 1416 2728 1480 δὲ
2759 1416 2875 1493 τὴν
2907 1414 3097 1478 πόλιν

520 1521 879 1600 Κωρύκειαν
910 1519 1119 1600 φαςίν.
1177 1519 1304 1585 ἔςτι
1349 1519 1452 1584 καὶ
1499 1520 1795 1598 Κώρυκος
1840 1517 1996 1597 ὄρος
2041 1516 2383 1597 ἀρςενικῶς
2430 1515 2781 1596 λεγόμενον
2826 1515 3098 1596 πληςίον
3136 1526 3201 1578 10

515 1624 656 1689 Τέω
698 1626 811 1700 τῆς
855 1622 1091 1688 Ἰωνίας
1135 1623 1237 1687 καὶ
1278 1622 1629 1704 Ἐρυθρῶν,
1676 1622 1768 1687 ῶς
1811 1620 2137 1686 Ἑκαταῖος
2179 1619 2470 1703 Εὐρώπῃ.
2556 1620 2660 1683 καὶ
2705 1620 2889 1698 λιμὴν
2932 1617 3101 1697 ὁμώ-

517 1747 715 1805 νυμος
760 1725 863 1790 καὶ
905 1723 1124 1803 νηςίον
1167 1722 1529 1804 ὁμώνυμον.
1602 1724 1899 1789 Ἴνυκος
1942 1722 2130 1788 πόλις
2176 1721 2469 1787 (ικελίας.
2543 1722 2871 1787 Ἄλυκος
2915 1720 3102 1785 πόλις

517 1827 1029 1905 Πελοποννήςου
1076 1825 1196 1892 «εἰς
1240 1827 1486 1906 Ἀςίνην
1511 1827 1785 1892 Ἄλυκόν
1821 1846 1891 1903 τε
1937 1827 2039 1890 καὶ
2082 1824 2167 1905 ἂμ
2209 1823 2400 1889 πόλιν
2424 1823 2872 1903 Ἑρμιονήων».
2944 1823 3100 1888 Καλ-

522 1931 800 2010 λίμαχος.
848 1929 1236 1995 Ἐλίςυκος
1282 1929 1471 1996 ἔθνος
1501 1929 1769 2006 Λιγύων.
1815 1927 2139 1993 Ἑκαταῖος
2178 1927 2467 2011 Εὐρώπῃ.
2512 1925 2873 1992 Πάτυκος
2917 1925 3103 1990 πόλις

521 2032 866 2112 Οἰνωτρῶν
910 2032 981 2097 ἐν
1026 2033 1335 2115 μεςογείᾳ.
1380 2030 1858 2110 Ἁρπάλυκος
1901 2031 2111 2110 ὄνομα
2150 2029 2408 2112 κύριον,
2453 2028 2806 2094 Εὔτυκος.
2858 2028 3102 2106 Κήρυ-
3144 2037 3206 2088 15

520 2155 653 2200 κος
698 2134 907 2213 ὄνομα
935 2133 1172 2212 κύριον.
1223 2132 1584 2215 (ίμυκος,
1632 2132 1965 2198 (ίτυκος.
2013 2134 2087 2197 τὸ
2133 2133 2205 2198 δὲ
2248 2130 2583 2212 Λιβυκός
2628 2131 2730 2195 καὶ
2763 2128 3103 2209 θηλυκός

520 2237 626 2301 καὶ
667 2235 954 2301 ἁλυκός
998 2234 1287 2302 ὀξύνεται
1331 2236 1574 2314 θηλυκὰ
1616 2235 1868 2314 ἔχοντα.

688 2339 783 2404 Τὰ
847 2336 936 2403 εἰς
997 2344 1147 2403 ς-κδῖ
1201 2342 1232 2402 ῑ
1299 2341 1337 2417 ἢ
1403 2343 1444 2405 fi
1509 2337 2009 2417 παραληγόμενα
2084 2335 2541 2418 παροξύνεται,
2608 2332 3104 2416 ςατυρίςκος,

519 2440 967 2522 νεανίςκος,
1010 2439 1454 2524 παιδίςκος,
1500 2440 1985 2521 ἀςτερίςκος,
2031 2438 2470 2521 ὀβελίςκος,
2514 2437 2915 2519 πανίςκος,
2951 2437 3104 2501 Κω-

521 2542 916 2625 ραλίςκος,
964 2542 1467 2625 οὐρανίςκος,
1516 2541 1947 2621 Βορμίςκος
1991 2541 2177 2607 πόλις
2224 2540 2642 2607 Μακεδονίας.
2706 2538 3106 2618 Δορίςκος
3142 2548 3211 2602 20

521 2644 706 2710 πόλις
765 2644 1014 2727 Θρᾴκης
1072 2646 1175 2710 καὶ
1227 2645 1469 2711 πεδίον.
1568 2644 1953 2710 Φαλίςκος
2020 2644 2206 2708 πόλις
2264 2643 2518 2707 Ἰταλίας
2584 2643 2685 2706 καὶ
2739 2641 2777 2705 ὁ
2833 2641 3107 2720 οἰκήτωρ

522 2747 909 2828 ὁμοφώνως.
999 2747 1535 2826 Ἱππουρίςκος
1579 2750 1770 2825 νῆςος
1819 2746 2063 2825 Καρίας.
2154 2743 2622 2824 (κορδίςκος
2673 2742 2863 2810 ἔθνος
2905 2744 3105 2809 Παιο-

523 2850 660 2916 νίας
717 2851 806 2915 ὡς
849 2849 1119 2927 Φλέγων
1174 2850 1244 2915 ἐν
1290 2849 1740 2928 Ὀλυμπιάδων
1796 2848 1884 2914 ιε’.
1950 2848 2495 2934 ,Τριποδίςκος
2549 2847 2651 2911 καὶ
2704 2845 3107 2925 Τριποδίςκοι

521 2954 698 3032 κώμη
742 2956 856 3031 τῆς
900 2952 1277 3030 Μεγαρίδος.
1369 2953 1616 3027 λέγεται
1666 2951 1768 3016 καὶ
1812 2950 2210 3030 Τριποδίςκη.
2297 2947 2876 3030 Ἐλευθερίςκος
2921 2949 3107 3014 πόλις

525 3054 940 3120 Μακεδονίας.
1028 3053 1457 3133 Ταυρίςκος
1512 3053 1702 3119 ἔθνος
1755 3054 1902 3132 περὶ
1956 3053 2034 3117 τὰ
2085 3053 2353 3117 Ἄλπεια
2415 3052 2551 3131 ὄρη.
2654 3052 2950 3128 λέγονται
3005 3052 3107 3114 καὶ
3141 3059 3207 3108 25

523 3156 861 3238 Ταυρῖνοι,
907 3157 998 3220 ὼς
1041 3156 1368 3235 Πολύβιος
1412 3154 1601 3240 τρίτῳ
1650 3155 1729 3238 (ο.
1775 3154 1880 3236 60,
1926 3155 2017 3237 8).
2105 3154 2552 3235 Ἐρατοςθὲνης
2604 3153 2938 3232 Τερίςκους
2994 3153 3104 3217 αύ-

523 3259 676 3323 τούς
720 3280 871 3339 φηςι
917 3259 1020 3323 διά
1062 3261 1181 3322 τοῦ
1226 3263 1288 3341 ἒ,
1346 3259 1430 3323 οἳ-
1455 3260 1557 3323 καὶ
1599 3258 1838 3336 Ταῦροι
1883 3258 2196 3334 λέγονται.
2286 3258 2363 3322 τὸ
2423 3257 2640 3337 μέντοι
2685 3255 3107 3334 Δαμαςκός

523 3398 608 3407 --
654 3361 779 3426 ἔςτι
835 3362 906 3425 δὲ
966 3360 1152 3425 πόλις
1199 3359 1420 3439 cupiat
1462 3396 1550 3408 —
1592 3362 1695 3425 καὶ
1738 3361 2145 3440 Ἀρδηςκός
2204 3360 2308 3424 καὶ
2350 3357 2808 3439 Δραβηςκός
2855 3356 3107 3439 Θρᾴκης

526 3462 796 3545 χωρίον,
843 3463 1235 3541 Θουκυδίδης
1280 3463 1337 3526 α’
1384 3461 1467 3546 (c.
1521 3461 1702 3547 100),
1748 3461 2038 3529 ὀξύνεται
2082 3465 2117 3526 ἶ
2161 3462 2278 3527 οὐκ
2322 3461 2573 3541 ἔχοντα.
2738 3483 2741 3488 ·

692 3564 787 3629 Τὰ
841 3565 931 3630 εἰς
985 3551 1098 3631 λος
1143 3564 1443 3644 διβράχεα
1488 3564 1854 3645 βαρύνεται·
1906 3565 1960 3629 εἰ
2016 3565 2088 3629 δέ
2131 3586 2189 3628 τι
2234 3564 2555 3646 ὀξύνεται,
2614 3564 2951 3640 διαςτολὴν
2997 3561 3107 3625 πὲ-
3145 3569 3212 3620 30

526 3672 768 3732 πονθεν
822 3669 861 3745 ἢ
919 3667 1106 3733 ἕνεκα
1149 3666 1528 3749 τριγενείας,
1583 3667 1807 3731 Ἄλος
1862 3667 2049 3732 πόλις
2087 3647 2354 3746 ’Ἀχαΐας
2413 3668 2514 3731 καὶ
2568 3665 2922 3730 Φθιώτιδος
2979 3664 3107 3729 ὑπὸ

527 3775 619 3852 τῷ
662 3769 883 3848 πέρατι
927 3772 1039 3847 τῆς
1069 3769 1362 3848 Ὄθρυος.
1411 3767 1448 3833 ὁ
1478 3769 1745 3846 ποιητὴς
1792 3768 1900 3833 «οἵ
1944 3771 2008 3840 τ’
2038 3771 2234 3834 Ἄλον
2283 3768 2439 3834 οἵτ’
2470 3767 2787 3846 Ἀλόπην»
2831 3768 2908 3848 (Β
2937 3764 3106 3846 682).

529 3869 766 3949 εἴρηται
813 3871 880 3935 δ’
923 3871 1054 3937 ἀπὸ
1101 3874 1211 3949 τῆς
1259 3869 1647 3949 Ἀθάμαντος
1692 3869 1851 3950 ἄλης
1905 3872 2051 3950 περὶ
2094 3872 2247 3936 τοὺς
2300 3871 2544 3936 τόπους
2597 3868 2879 3934 ἐκείνους
2924 3889 3107 3945 γενο-

530 4134 626 4179 aut
661 4143 803 4193 quae
842 4128 908 4178 ob
945 4128 1112 4178 aliam
1148 4141 1371 4177 oausam
1407 4126 1673 4178 notabilia
1708 4135 1849 4178 sunt.
1886 4154 1949 4163 —
1986 4124 2213 4192 τηλίκος
2242 4154 2306 4165 -
2342 4123 2612 4192 ὁπηλίκος
2648 4124 2825 4176 adieci
2862 4141 2928 4174 ex
2965 4125 3110 4175 Mon.

529 4197 564 4247 l.
598 4214 642 4246 c.
717 4198 900 4248 Verba
937 4195 1003 4247 οὐ
1049 4194 1156 4260 γὰρ
1204 4192 1437 4260 κτητικά
1483 4210 1620 4245 sana
1667 4203 1810 4246 sunt.
1894 4196 2033 4246 Nam
2081 4211 2244 4261 quum
2285 4195 2638 4246 Herodianus
2682 4195 2785 4245 hoo
2825 4192 2943 4243 loco
2991 4209 3108 4258 pro-

531 4265 828 4316 nominalia
873 4280 992 4314 cum
1028 4263 1323 4314 adiectivis
1367 4263 1787 4329 composuisset,
1841 4263 1981 4313 haec
2024 4280 2194 4314 causa
2238 4263 2609 4314 aben-ationis
2655 4279 2688 4312 a
2734 4277 2923 4312 norma
2971 4262 3109 4311 satis

532 4340 665 4399 apta
702 4337 812 4394 est;
851 4333 906 4382 in
945 4334 1109 4391 Mon„
1146 4332 1244 4382 ubi
1277 4346 1399 4381 cnm
1435 4332 1746 4382 nominibus
1782 4333 1840 4382 in
1870 4331 1993 4382 ἵκος
2041 4333 2257 4383 omnino
2302 4336 2612 4397 comparat,
2661 4330 2810 4380 dicta
2856 4328 3108 4380 solitaria

533 4417 654 4452 esse
691 4403 1022 4466 pronunciat
1060 4400 1291 4451 addens:
1348 4397 1588 4450 πάντων
1623 4398 1684 4450 δὲ
1719 4398 1901 4451 λύςεις
1939 4398 2135 4460 δίδωμι
2171 4399 2234 4450 ἐν
2269 4403 2352 4464 τῷ
2392 4399 2518 4463 περὶ
2558 4398 2853 4461 καθολικῆς
2893 4410 3107 4462 προςῳ-

531 4466 665 4533 δίας,
705 4485 844 4535 quae
885 4467 1185 4520 solutiones
1220 4472 1283 4517 nt
1320 4483 1505 4518 omnes
1545 4468 1660 4516 fere
1698 4470 1767 4518 ab
1805 4467 2038 4518 Arcadio
2076 4469 2309 4518 omissae
2346 4472 2474 4517 sunt
2511 4472 2609 4516 aut
2644 4465 3013 4516 miserabilem
3052 4465 3107 4515 in

534 4538 746 4587 modum
792 4538 1016 4590 recisae.
1223 4534 1257 4585 1.
1293 4539 1325 4585 9
1375 4532 1637 4599 Κώρυκος
1684 4535 1854 4585 habet
1900 4535 2017 4586 cod.
2054 4537 2126 4595 A,
2178 4533 2423 4599 Κάρυκος
2472 4535 2591 4596 BC,
2640 4531 2904 4597 Κώρυκος
2942 4533 3109 4583 etiam

534 4606 612 4656 St.
649 4606 710 4659 B.
746 4607 865 4667 401,
903 4606 950 4664 7,
987 4604 1129 4655 unde
1168 4604 1391 4669 explevi
1427 4604 1530 4653 hoc
1568 4609 1624 4652 et
1660 4601 1872 4654 Ἴνυκος
1911 4620 1975 4653 ex
2015 4621 2064 4669 p.
2102 4607 2219 4665 332,
2260 4607 2347 4664 18;
2385 4619 2451 4652 ex
2489 4601 2680 4653 eodem
2717 4606 2845 4651 sunt
2870 4599 3109 4652 Ἀλυκος

537 4699 596 4708 -
631 4671 910 4724 Πάτυκος.
949 4700 1009 4708 -
1048 4669 1395 4736 Ἀρπάλυκος
1433 4700 1496 4706 -
1535 4668 1765 4724 Είτυκος
1804 4687 1871 4720 ex
1896 4670 2143 4737 Th'eogn.
2169 4673 2254 4734 60,
2283 4673 2368 4731 13;
2409 4671 2507 4723 sod
2534 4670 2641 4721 tria
2668 4673 2914 4720 extrema
2941 4668 3110 4718 dubia

538 4746 676 4794 sunt.
747 4741 820 4792 cf.
855 4741 990 4791 Lob.
1028 4741 1193 4792 Proll.
1233 4758 1281 4806 p.
1320 4745 1436 4791 331.
1507 4740 1589 4790 De
1628 4738 1862 4802 Λιβυκός
1910 4744 1966 4790 st
2001 4739 2205 4791 ἁλυκός
2246 4740 2317 4789 cf.
2356 4739 2458 4805 Ep.
2495 4739 2582 4792 Cr.
2624 4739 2647 4788 1
2683 4739 2810 4797 349,
2848 4739 2910 4786 21
2953 4741 3010 4786 ot
3048 4738 3110 4785 Ε.

540 4807 675 4858 Gnd.
712 4810 828 4865 356,
865 4811 945 4859 30.
1083 4808 1116 4859 l.
1158 4811 1218 4858 19
1253 4804 1567 4872 ἀςτερίςκος
1605 4834 1668 4842 —-
1708 4804 2057 4871 Κωραλίςκος
2095 4813 2223 4859 sunt
2258 4824 2325 4858 ex
2362 4808 2506 4857 Mon.
2543 4809 2625 4868 20,
2662 4809 2745 4862 33,
2783 4801 3109 4869 οὐρανίςκος

539 4889 602 4923 ex
634 4876 876 4942 Theogn.
913 4878 1004 4939 60,
1039 4879 1131 4940 21,
1177 4877 1392 4941 reliqua
1429 4892 1494 4927 ex
1534 4879 1614 4927 St.
1659 4876 1751 4936 Β.,
1790 4892 1856 4925 ex
1904 4892 2010 4942 quo
2049 4878 2214 4927 etiarn
2251 4874 2576 4940 Δραβηςκός
2621 4873 2885 4933 accessit,
2924 4888 3109 4937 quam-

542 4956 696 5006 quam
741 4960 830 5009 ap.
878 4943 957 4994 St.
1000 4942 1324 5009 Δαρβῆςκος
1371 4945 1635 5010 εςιτίριιιιιι
1681 4949 1782 4996 est.
1980 4946 2014 4995 l.
2051 4948 2111 4996 31
2161 4944 2329 4996 Ἀλος
2375 4943 2567 4994 addidi
2613 4959 2681 4993 ex
2727 4941 2915 5007 Steph.
2958 4942 3109 5004 Byz„
