3664 5546
1216 379 1374 434 ΠΕΡΙ
1415 379 1809 435 ΚΑΘΟΛΙΚΗ(
1846 378 2269 435 ΠΡΟΕΩιΔΙΑ(
2306 380 2360 436 Ε.
2962 381 3082 447 117

497 552 800 633 ματιςμὸν
844 551 1111 617 ἐντελές.
1200 551 1411 630 ὥςπερ
1465 552 1589 630 γὰρ
1644 549 1776 615 ἀπὸ
1832 555 1952 616 τοῦ
2006 550 2261 631 ἁρμόζω
2313 550 2551 627 γίνεται
2607 551 2912 632 ἁρμόδιος
2966 553 3084 618 τὸν

497 656 696 719 αὐτὸν
741 655 988 733 τρόπον
1032 653 1163 719 ἀπὸ
1208 657 1324 718 τοῦ
1370 652 1562 732 ῥοίζω
1605 654 1843 729 γίνεται
1887 652 2128 732 ροίδιος
2174 654 2277 717 καὶ
2318 657 2701 739 πλεοναςμῷ
2744 659 2862 720 τοῦ
2906 659 2939 720 ἐ’
2982 656 3087 719 καί

496 756 735 822 ἐκτάςει
779 760 896 822 τοῦ
941 760 978 820 ὃ
1026 756 1114 821 εἰς
1161 762 1214 821 ὦ
1260 756 1527 839 ἐρῳδιός
1573 757 1674 820 καὶ
1718 756 1889 835 μένει
1933 756 2009 821 τὸ
2055 758 2087 817 ῑ
2128 757 2753 836 προςγεγραμμένον.

665 859 760 923 Τὰ
812 859 902 924 εἰς
957 880 1156 949 ωνιος
1221 858 1860 941 προπαροξύνονται,
1912 858 2457 941 Κιθαιρώνιος,
2526 860 3081 941 Μαραθώνιος,

495 963 1064 1045 Ἀπολλώνιος,
1121 961 1603 1045 Ἑλικώνιος,
1661 961 2142 1045 ἐναγώνιος,
2200 961 2656 1045 Ἀμμώνιος,
2721 962 3150 1029 αἰώνιος)5

494 1063 1039 1147 Πλευρώνιος,
1095 1064 1606 1144 (ιδώνιος,’ὃ
1658 1064 1817 1128 κατὰ
1874 1064 2181 1141 ςυςτολὴν
2240 1061 2422 1128 εἶπεν
2466 1063 2504 1128 6
2549 1067 2814 1144 ποιητὴς
2862 1063 3080 1128 «cabo-

494 1167 653 1232 νίων
700 1166 1026 1247 βαςιλεύς»
1073 1162 1229 1247 (od.
1275 1171 1312 1231 δ
1355 1164 1546 1251 618),
1594 1166 2039 1246 λαβρώνιος
2085 1163 2261 1230 εἶδος
2306 1165 2711 1250 ἐκπώματος,
2757 1167 3080 1246 Τροφώ-

495 1290 683 1334 νιος.
735 1269 1175 1347 Κυρτώνιος
1220 1268 1407 1333 πόλις
1452 1268 1726 1332 Ἰταλίας.
1782 1267 2110 1347 Πολύβιος
2154 1267 2360 1350 τρίτῳ.
2416 1267 2875 1352 (ιρβώνιος,
2922 1268 3079 1346 Ἀρ-

493 1372 967 1453 γανθώνιος,
1015 1370 1521 1452 Ἀβυδώνιος,
1568 1369 2014 1452 Ἀγκώνιος,
2056 1370 2527 1447 Ἀντρώνιος
2573 1370 2728 1436 ὄνος
2772 1373 2812 1450 ἡ
2856 1390 3080 1449 παροι-

494 1473 633 1556 μία,
692 1472 1224 1554 Βαβυλώνιος,
1279 1470 1693 1554 Αἰςώνιος,
1749 1472 2256 1555 Ἀλαβώνιος,
2318 1473 2865 1555 Κολοφώνιος,
2923 1473 3078 1536 Ἀλ-
3121 1489 3185 1542 10

493 1576 821 1656 μώνιος,
905 1574 1414 1657 Ἀμυδώνιος,
1498 1574 1928 1657 Αὐλώνιος,
2000 1573 2463 1656 Εικυώνιος,
2545 1575 3080 1657 Καλυδώνιος,

499 1677 981 1758 Καυλώνιος,
1032 1675 1538 1753 Κραννώνιος
1585 1676 1687 1740 καὶ
1728 1676 1807 1741 τὰ
1852 1675 2059 1755 ὅμοια.

662 1778 756 1843 Τὰ
799 1776 888 1843 εἰς
933 1779 1070 1842 th'c'
1115 1777 1396 1843 καθόλου
1442 1778 1604 1857 ὑπὲρ
1647 1781 1816 1857 τρεῖς
1852 1777 2168 1859 ςυλλαβὰς
2198 1779 2783 1862 προπαροξύνεται,
2833 1779 3079 1843 Ἐλευ-

494 1881 773 1963 ςίνιος,
821 1878 1324 1965 (αλαμίνιος,
1370 1880 1771 1961 Τιτάνιος,
1831 1881 2234 1964 Γερήνιος,
2280 1880 2708 1963 Ἑλλήνιος,
2753 1880 3080 1959 Τροιζή-

496 2003 699 2065 νιος,
744 1981 1198 2060 παρθένιος.
1286 1983 1388 2046 καὶ
1430 1982 1877 2060 Παρθένιος
1921 1983 2211 2062 ποταμὸς
2255 1982 2327 2048 ἐν
2372 1983 2539 2067 μέςῳ
2582 1987 2692 2063 τῆς
2723 1984 3083 2063 Ἀμαςτρια-
3120 1997 3184 2048 15

494 2089 628 2150 νῶν
673 2084 927 2149 πόλεως
973 2082 1158 2162 ῥέων.
1218 2083 1448 2163 ἐκλήθη
1495 2086 1566 2150 δὲ
1611 2084 1680 2149 ἐκ
1723 2088 1841 2149 τοῦ
1887 2089 2166 2164 ςυνεχῶς
2200 2084 2348 2162 περὶ
2378 2084 2577 2150 αὐτὸν
2609 2087 2726 2165 τὴν
2754 2086 3080 2164 παρθένον

491 2188 783 2267 Ἄρτεμιν
831 2188 1196 2265 κυνηγετεῖν
1252 2187 1291 2265 ἢ
1348 2187 1454 2250 διὰ
1507 2186 1581 2250 τὸ
1636 2186 1946 2266 ἠρεμαῖον
2001 2187 2105 2251 καὶ
2146 2191 2557 2266 παρθενῶδες
2609 2192 2727 2252 τοῦ
2774 2187 3084 2267 ῥεύματος

498 2290 664 2354 «ώε-
683 2288 889 2353 ἀκαλὰ
944 2288 1277 2371 προρέων,
1341 2289 1430 2353 ὡς
1495 2287 1656 2369 ἁβρὴ
1713 2289 2036 2367 παρθένος
2092 2287 2249 2355 εἶςιν
2266 2316 2307 2353 a».
2396 2291 2564 2354 τινες
2619 2289 2716 2355 ὅτι
2772 2290 2842 2355 έν
2907 2290 3082 2374 αὐτῷ

494 2390 719 2456 ἔπεςεν
763 2390 1083 2469 παρθένος
1127 2393 1407 2455 παλαιοῦ
1450 2410 1625 2456 τινος
1672 2391 1973 2471 βαςιλέως
2018 2390 2324 2469 θυγάτηρ·
2382 2392 2484 2456 καὶ
2537 2392 2654 2470 τὴν
2707 2393 2822 2470 μὲν
2866 2394 3080 2456 τελευ-

492 2497 670 2572 τῆςαι
716 2494 875 2575 ἐκεῖ,
930 2498 1022 2575 τῷ
1079 2493 1150 2556 δὲ
1204 2498 1473 2576 ποταμῷ
1516 2492 1884 2571 Παρθένιον
1939 2492 2148 2571 ὄνομα
2200 2494 2353 2558 τοὺς
2406 2494 2826 2572 προςχώρους
2870 2493 3079 2558 θέςθαι
3114 2508 3184 2558 20

495 2596 600 2660 ἐπὶ
643 2602 735 2679 τῷ
778 2594 965 2659 πάθει
1009 2597 1121 2672 τῆς
1166 2594 1510 2673 παρθένου.
1598 2593 1723 2659 ἔςτι
1768 2594 1871 2658 καὶ
1924 2593 2325 2674 ἀκρωτήριον
2380 2596 2647 2675 πληςίον
2690 2593 3082 2678 Ἡρακλείας,

495 2696 575 2764 οὗ
641 2698 944 2778 μέμνηται
1009 2696 1466 2777 Ἀρτεμίδωρος
1535 2696 1606 2761 ἐν
1673 2695 1835 2781 ἕκτῳ
1899 2697 2520 2778 γεωγραφουμένων.
2619 2697 3079 2780 πυθμένιος,

494 2802 962 2882 Λυκαόνιος,
1009 2799 1541 2882 Μακεδόνιος,
1588 2799 2032 2882 δαιμόνιος,
2077 2799 2657 2883 (αρπηδόνιος,
2688 2799 3078 2878 Ζηράνιος

495 2904 682 2969 ἔθνος
727 2902 994 2984 Θρᾴκης.
1042 2902 1429 2981 Θεόπομπος
1473 2901 1734 2985 εἰκοςτῷ
1777 2901 2063 2984 πέμπτῳ.
2154 2903 2549 2968 Ἀςκάνιος
2593 2902 2895 2981 ποταμός.
2963 2901 3076 2965 Εύ-

495 3005 745 3084 φορίων
794 3004 1031 3069 Χιλιάςι
1078 3005 1219 3068 «καὶ
1248 3004 1432 3070 Ψίλιν
1463 3003 1786 3068 Ἀςκάνιόν
1834 3024 1901 3068 τε
1950 3003 2357 3070 Ναυαίθοιο».
2406 3005 2841 3084 Βαρκάνιος
2886 3003 3074 3069 ἔθνος
3109 3018 3177 3069 25

496 3110 632 3172 τοῖς
677 3106 1013 3186 Ὑρκανοῖς
1059 3106 1323 3186 ὅμορον.
1380 3105 1866 3184 Τραυχένιος
1910 3105 2098 3171 ἔθνος
2143 3108 2288 3185 περὶ
2340 3108 2457 3172 τὸν
2512 3107 2759 3172 πόντον
2802 3106 2918 3171 τὸν
2965 3104 3076 3169 Εὔ-

494 3216 701 3277 ξεινον
748 3207 992 3289 ὅμορον
1039 3207 1298 3274 (ίνδοιε.
1378 3207 1807 3286 Τυρμένιος
1853 3207 2154 3273 (κυθικὸν
2200 3209 2386 3274 ἔθνος
2429 3208 2918 3275 ναυτικώτατον.
2974 3207 3075 3286 ἑρ-

495 3311 875 3390 μηνεύονται
923 3312 1002 3376 δὲ
1056 3311 1356 3389 φυγάδες.
1446 3308 1780 3386 ώγένιος
1834 3311 1873 3373 6
1928 3309 2211 3390 ἀρχαῖος.
2298 3312 2658 3390 Παρθένιος
2716 3310 2755 3375 6
2809 3309 3075 3374 Νικαεὺς

493 3413 699 3497 Δήλῳ
747 3414 904 3479 «ςὺν
956 3419 1033 3498 τῇ
1088 3413 1218 3489 ἐγὼ
1262 3412 1473 3492 Τηθύν
1517 3433 1586 3477 τε
1640 3413 1743 3476 καὶ
1797 3412 2065 3493 ώγενίης
2109 3411 2346 3490 (τυγὸς
2401 3414 2576 3492 ὕδωρ
2592 3439 2636 3477 ».
2726 3411 3071 3493 Ὀλβυςί-

495 3535 665 3580 νιος
730 3515 937 3581 ἔθνος.
1014 3515 1380 3598 Χαόνιος,
1456 3515 2015 3594 Χαλκηδόνιος.
2100 3516 2577 3594 Βεληδόνιος
2650 3515 2838 3580 ἔθνος
2911 3514 3070 3593 παρ’
3106 3527 3173 3578 30

495 3616 795 3701 Ὠκεανῷ.
850 3618 1210 3696 Παρθένιος
1268 3617 1337 3681 ἐν
1380 3617 1585 3700 Δήλῳ
1645 3617 1837 3682 «οὐδ’
1893 3617 1998 3681 ἐπὶ
2050 3618 2356 3695 τηλίςτων
2401 3617 2563 3697 ἄκρα
2607 3616 3010 3696 Βεληδονίων
3027 3642 3070 3679 ».

496 3719 931 3802 Βιςτόνιος,
988 3719 1149 3797 ὅπερ
1205 3720 1308 3783 καὶ
1372 3718 1691 3783 ἐκτέταται
1746 3723 2089 3799 ποιητικῶς
2144 3720 2501 3785 Βιςτώνιος.
2602 3719 3070 3784 Χελιδόνιος

494 3821 685 3887 ἔθνος
740 3822 1108 3901 Ἰλλυρικόν·
1186 3821 1507 3886 Ἑκαταῖος
1572 3821 1845 3905 Εὐρώπῃ
1906 3820 2341 3900 «(εςαρηθίων
2405 3822 2568 3900 πρὸς
2635 3822 2842 3903 βορέω
2906 3821 3069 3884 οἰκέ-

497 3945 633 3989 ουςι
675 3924 1090 3990 Χελιδόνιοι».
1159 3923 1567 4002 Ἑρκύνιος.
1641 3924 2054 4003 Ἀλέξανδρος
2098 3925 2391 4009 Εὐρώπῃ.
2478 3926 2553 3989 τὸ
2610 3925 2680 3989 δὲ
2741 3922 3069 3988 Κλονίος

495 4026 918 4104 παροξύνεται
999 4027 1089 4092 ὡς
1173 4026 1395 4103 κύριον
1472 4026 1574 4089 καὶ
1647 4026 2066 4106 τριςύλλαβον
2143 4026 2256 4108 ὄν,
2333 4027 2409 4092 τὸ
2486 4028 2557 4091 δὲ
2628 4026 2884 4091 Ἄνιος
2967 4023 3070 4087 καὶ
3104 4035 3171 4086 35

501 4129 830 4208 Κρόνιος
871 4130 974 4193 καὶ
1017 4128 1303 4194 Ξένιος
1346 4127 1915 4207 προπαροξύνεται.
2003 4129 2079 4194 τὸ
2134 4130 2206 4193 δὲ
2253 4129 2554 4207 Μηνιός
2609 4127 2818 4206 ὄνομα
2871 4145 3069 4189 ποτα-

632 4351 666 4406 1.
692 4355 724 4401 5
760 4367 827 4402 ex
863 4351 1104 4417 Theogn.
1130 4354 1212 4413 55,
1252 4353 1276 4400 1
1314 4349 1506 4400 addidi
1542 4350 1762 4400 nomina
1796 4349 1929 4400 inde
1969 4350 2037 4399 ab
2064 4346 2376 4402 Ἑλικώνιος
2412 4364 2586 4414 usque
2622 4349 2693 4399 ad
2717 4346 3069 4412 Τροφώνιος,
3114 4319 3117 4324 .

499 4417 766 4473 (ιὸώνιος
811 4419 1030 4485 explevi
1075 4435 1143 4470 ex
1191 4420 1292 4485 Ep.
1332 4419 1421 4472 Cr.
1470 4419 1498 4469 1
1542 4420 1668 4478 387,
1707 4419 1799 4479 263
1849 4417 2063 4483 reliqua
2108 4418 2313 4484 sumpsi
2357 4434 2425 4467 ex
2472 4419 2551 4468 St.
2592 4417 2653 4466 B.
2701 4416 2885 4467 multis
2968 4431 3071 4465 uae

497 4488 646 4555 apud
682 4504 806 4538 eum
841 4487 1082 4542 exstant}
1122 4488 1540 4553 praetermissis.
1654 4486 1689 4535 1.
1727 4488 1790 4536 14
1825 4486 2061 4537 Nomina
2093 4486 2221 4536 inde
2259 4501 2292 4535 a
2329 4482 2585 4537 Τιτάνιος
2619 4500 2792 4550 usque
2829 4483 2902 4534 ad
2980 4496 3072 4547 αρ-

500 4555 766 4620 πηδόνιος
805 4572 872 4607 ex
909 4555 1154 4622 Theogn.
1190 4555 1400 4617 addidi3
1437 4551 1750 4618 Παρθένιος
1787 4553 2009 4619 explevi
2044 4570 2112 4605 ex
2149 4555 2230 4608 St.
2268 4556 2358 4615 Β.,
2406 4568 2474 4603 ex
2510 4569 2615 4620 quo
2652 4552 2864 4617 reliqua
2901 4567 3073 4617 usque

501 4625 571 4674 ad
609 4621 885 4689 Ἐρκύνιος
920 4626 1170 4690 apposui.
1326 4623 1361 4673 l.
1400 4625 1466 4674 35
1500 4621 1569 4672 τὸ
1606 4619 1667 4672 δὲ
1703 4620 1890 4673 Ἀνιος
1928 4651 1987 4656 --
2029 4621 2223 4674 Ξένιος
2252 4620 2745 4687 προπαροξύνεται
2782 4636 2849 4670 ex
2884 4621 2947 4671 11.
2984 4622 3076 4671 Pr.

503 4691 543 4743 Β
578 4696 678 4744 495
714 4693 799 4752 (Ε.
838 4695 911 4743 Μ.
950 4695 1063 4751 521,
1104 4691 1186 4754 10)
1224 4692 1449 4743 inserui:
1492 4687 1748 4742 Κλονίοςῑ
1787 4690 2178 4753 παροξύνεται,
2217 4689 2341 4741 ἐπεὶ
2376 4688 2448 4740 τὰ
2485 4688 2563 4741 εἰς
2599 4691 2666 4740 o‘c‘
2701 4686 2952 4753 λήγοντα
2988 4690 3072 4753 τῷ

505 4757 1354 4880 ἓπαρίαληγόμὲναΑλτριβράχεὲ
1398 4757 1492 4810 ἐπὶ
1538 4753 1747 4890 κυβὲιὲἔ
1776 4759 2191 4879 ιπαροξύνὲταλ,
2239 4756 2505 4878 (χεδίῗςά
2545 4753 2832 4877 ἔπὲίοὲὠ
2857 4753 3077 4876 {moe

511 4828 1825 4960 3423va22‘15233212254‘1320m‘0<
1862 4841 2083 4961 ζμ.
2119 4840 2319 4960 ..ἔὲῖὶ
2338 4841 2408 4877 “⁰¹
2509 4840 2541 4890 ‘³
2615 4840 2630 4876 ¹
2868 4865 2917 4878 “
3002 4839 3080 4877 ⁰⁶·
