3664 5546
1164 385 1323 439 ΠΕΡΙ
1366 384 1759 440 ΚΑΘΟΛΙΚΗΕ
1794 382 2218 439 ΠΡΟΕΩιΔΙΑ(
2260 383 2315 436 Κ.
2917 383 3043 447 523

454 561 572 620 τοῦ
618 560 686 638 ὗ,
744 558 824 636 μὴ
881 558 1041 621 κατὰ
1094 556 1289 621 κλίςιν
1338 555 1710 637 ῥηματικὴν,
1768 554 2143 619 ἐκτείνεςθαι
2198 553 2402 635 θέλει,
2463 554 2653 635 Ἰνώ,
2704 555 3040 637 Ἴναχος,

458 658 680 722 ἰνίον.
769 657 1123 722 ἀντιπίπτει
1177 659 1252 721 τὸ
1304 656 1433 721 ἵνα
1488 656 1612 721 εἴτε
1670 656 1982 736 ἐπίρρημα
2037 654 2154 735 εἴη’
2189 655 2314 720 εἴτε
2367 656 2723 734 ςύνδεςμος.
2813 656 3040 733 προςέ-

456 765 614 838 θηκα
658 761 730 823 δὲ
775 761 856 838 μὴ
903 760 972 824 ἐν
1019 758 1229 824 κλίςει’
1254 759 1554 843 ῥηματικῇ
1601 759 1706 823 διὰ
1749 760 1823 822 τὸ
1869 757 2030 821 ἰ’ναι
2076 758 2176 821 καὶ
2220 757 2467 824 ἐξίναι
2510 755 2955 836 ἀπαρέμφατα.

621 879 659 912 ·³t·
706 860 779 924 Αἱ
825 862 929 925 διὰ
973 865 1089 926 τοῦ
1134 865 1166 925 ῖ
1210 861 1413 939 μόνου
1457 860 1815 924 ἐπεκτὰςεις
1860 860 1930 923 ἐν
1977 859 2339 942 οἱῳδήποτε
2397 859 2570 937 μέρει
2623 859 2824 934 λόγου
2870 858 3038 923 ἐκτε-

454 961 732 1040 ταμένον
778 962 994 1040 ἔχουςι
1050 962 1125 1027 τὸ
1179 965 1229 1043 i,
1290 962 1457 1044 ὡδί,
1515 962 1809 1044 ἐνθαδί,
1867 961 2069 1044 νυνί,
2126 961 2360 1039 δευρί.
2448 961 2523 1024 τὸ
2570 960 2729 1025 αὐτὸ
2785 961 2889 1024 καὶ
2933 958 3098 1025 ἐπὶ5

453 1068 585 1127 τῶν
630 1062 1079 1145 ἀντωνυμιῶν,
1127 1062 1496 1145 ἐκεινοςί,
1542 1063 1829 1128 οὑτοςί.
1929 1090 1936 1097 ·

620 1167 766 1229 Πᾶν
811 1164 1019 1244 ὄνομα
1063 1165 1555 1244 μονοςύλλαβον·
1580 1163 2180 1244 μακροκατάληκτόν
2209 1163 2335 1228 ἐςτι
2377 1162 2563 1243 φύςει
2592 1163 2825 1241 ἢ-θέςει
2871 1162 3038 1245 οἷον,

455 1266 661 1348 ςτύξ,
708 1266 870 1347 νύξ,
915 1271 1092 1349 πᾶς,
1141 1268 1357 1347 Γρᾶς,
1395 1258 1647 1348 Πράς,
1694 1266 1911 1348 κράς,
1943 1265 2090 1347 λίς,
2135 1265 2280 1346 κίς,
2324 1264 2475 1347 ῥίς,
2519 1263 2834 1359 ἴς,.μῦς,
2881 1269 3036 1347 ςῦς,
3130 1350 3142 1360 ι

455 1371 674 1447 δρῦς,
718 1372 898 1449 πῦρ,
945 1368 1133 1449 ψάρ,
1185 1368 1351 1445 Κάρ.
1441 1370 1543 1432 διὸ
1588 1368 1663 1433 τὸ
1707 1366 1821 1432 τίς
1868 1367 2287 1446 ςημειούμεθα
2332 1367 2832 1445 ςυςτελλόμενον
2877 1366 2953 1431 τὸ
2999 1368 3036 1430 i.

454 1455 623 1533 εἶ’δέ
666 1489 834 1533 τινες
870 1474 1006 1553 ἱτοῦ
1059 1471 1154 1534 Ἴς
1209 1469 1314 1533 ἐπὶ
1359 1473 1653 1548 ποταμοῦ
1697 1470 1772 1533 τὸ
1828 1472 1851 1534 ῑ
1905 1470 1993 1534 εἰς
2046 1467 2397 1548 ἀποφυγὴν
2454 1466 2691 1532 τούτου
2746 1467 2867 1531 «οὐ
2912 1467 3035 1545 γὰρ
3075 1476 3141 1526 10

453 1569 567 1648 ἐμὴ
612 1571 672 1634 ἲς
714 1570 885 1634 Ἔςθ’
941 1570 1044 1650 οἵη
1099 1571 1306 1648 πάρος
1363 1570 1582 1636 ἔςκεν»
1630 1571 1707 1653 (Λ
1752 1568 1939 1653 668),
1997 1570 2285 1634 πταίουςι
2340 1570 2444 1633 καὶ
2486 1570 2631 1646 περὶ
2674 1570 2788 1633 τὸν
2836 1569 3035 1644 λόγον

456 1672 559 1734 καὶ
601 1672 748 1749 περὶ
788 1673 903 1749 τὴν
946 1670 1244 1750 ἱςτορίαν.
1330 1674 1407 1737 τὸ
1455 1675 1526 1737 δὲ
1574 1673 1851 1738 «ςτὰδα
1896 1671 2158 1751 λίμνην»
2215 1672 2254 1749 ἢ
2317 1670 2603 1735 «κλάδα
2657 1670 3034 1748 χρυςεόκαρ-

454 1792 624 1836 πον»
684 1772 805 1851 οὐχ
862 1771 982 1838 ἕξει
1038 1774 1182 1837 τινὰ
1248 1773 1503 1838 εὐθεῖαν
1560 1775 1703 1839 ςτάς
1746 1774 1785 1851 ἢ
1831 1773 2002 1837 κλάς.
2091 1772 2524 1851 μεταπλαςμοὶ
2576 1771 2699 1849 γάρ
2742 1770 2870 1836 εἰςι.
2958 1772 3034 1835 τὸ

453 1874 525 1937 δὲ
571 1873 674 1940 «ἐξ
720 1872 931 1951 ὀρέων
977 1873 1080 1938 ἐπὶ
1122 1876 1305 1952 κὰρ»
1356 1876 1448 1957 (Π
1476 1874 1630 1957 392)
1675 1875 1832 1939 κατὰ
1876 1875 2099 1939 πάθος.
2166 1872 2298 1938 ἀπὸ
2343 1874 2465 1950 γὰρ
2509 1873 2830 1967 τοῦκκάρη
2876 1873 3036 1937 κατὰ

451 1973 792 2053 ἀποκοπὴν
838 1978 954 2039 τοῦ
998 1978 1035 2054 ἦ
1082 1977 1369 2052 γέγονεν.
3075 1986 3139 2037 15

614 2076 760 2141 Πᾶν
806 2075 1140 2153 ἀρςενικόν
1184 2079 1223 2156 ἢ
1270 2079 1547 2158 θηλυκὸν
1592 2078 1683 2143 εἰς
1727 2077 2129 2158 ἀμετάβολον
2186 2081 2384 2155 λῆγον
2435 2078 3034 2157 μακροκαταληκτεῑ,

451 2177 808 2260 Ἀλκμάν,
866 2179 1136 2261 παιάν,
1203 2179 1471 2262 Τιτάν,
1538 2179 1853 2261 δελφίν,
1920 2178 2169 2260 ἀκτίν,
2227 2177 2380 2259 ῥίν,
2437 2177 2803 2259 (αλαμίν,
2859 2176 3033 2259 κάρ,

450 2277 638 2361 ψάρ,
684 2280 993 2359 μάρτυρ.
1085 2282 1187 2344 καὶ
1239 2284 1356 2345 τοῦ
1401 2282 1739 2362 Φόρκυν,
1794 2281 2113 2345 Πόλτυν
2159 2281 2326 2343 τινὲς
2370 2281 2484 2358 μὲν
2530 2277 2769 2343 ἀξιοῦςι
2814 2280 2917 2349 καὶ
2963 2278 3033 2342 ἐν

448 2387 524 2463 τῇ
571 2380 783 2464 εὐθείᾳ
829 2381 1201 2445 ἐκτείνεςθαι
1246 2382 1321 2444 τὸ
1380 2383 1448 2463 ῦ,
1500 2381 1648 2460 ἐμοὶ
1702 2383 1773 2444 δὲ
1832 2383 2040 2455 δοκεῖ,
2098 2379 2194 2444 ὅτι
2252 2379 2323 2444 ἐν
2376 2381 2490 2459 μὲν
2530 2386 2606 2462 τῇ
2661 2379 2873 2462 εὐθείᾳ
2933 2400 3035 2443 ςυ-

344 2538 357 2543 -
453 2482 774 2545 (τέλλεται
821 2480 895 2543 τὸ
945 2485 1014 2562 ῦ,
1061 2480 1132 2544 ἐν
1178 2483 1249 2544 δὲ
1278 2484 1416 2545 ταῖς
1446 2482 1738 2557 πλαγίαις
1770 2481 2124 2545 ἐκτείνεται.
2187 2482 2588 2560 ςεςημείωται
2633 2481 2709 2546 τὸ
2756 2481 3032 2564 μάκαρ,
3069 2492 3137 2542 20

452 2580 720 2659 δάμαρ.
2825 2608 2828 2613 ·

625 2706 661 2741 κ
704 2680 798 2746 Τὰ
842 2681 930 2746 εἰς
973 2684 1057 2760 (ιι-ρ
1103 2683 1385 2761 λήγοντα
1429 2684 1590 2762 ὑπὲρ
1635 2685 1780 2763 μίαν
1839 2686 2152 2764 ςυλλαβὴν
2209 2684 2313 2748 ἐπὶ
2356 2670 2598 2750 παντὸς
2653 2685 2885 2761 γένους
2931 2704 3034 2749 ςυ-

451 2785 690 2849 ςτέλλει
745 2785 822 2848 τὸ
875 2789 947 2867 ἃ,
1005 2785 1283 2868 μάκαρ,
1340 2785 1518 2868 ὄαρ,
1574 2778 1842 2870 θέναρ,
1899 2787 2182 2867 φρέαρ,
2246 2788 2497 2866 ςτέαρ.
2587 2788 2907 2853 Ἀττικοὺς
2962 2788 3034 2853 δέ

450 2907 641 2966 φαςιν
687 2885 983 2950 ἐκτείνειν
1026 2887 1102 2950 τὸ
1149 2888 1333 2965 ςτέαρ
1377 2889 1480 2952 καὶ
1523 2888 1748 2968 φρέαρ.

621 3010 658 3045 σε
703 2986 796 3051 Τά
840 2987 928 3053 εἰς
970 2990 1077 3054 'GN
1124 2990 1407 3067 λήγοντα
1461 2991 1705 3068 καθαρὰ
1750 2990 2136 3073 ςυγκριτικά,
2193 2990 2391 3055 ὁπότε
2446 2991 2884 3069 παραλήγοιτο
2940 2997 3033 3075 τῷ
3069 3002 3136 3052 25

451 3092 506 3171 ῑ,
554 3089 1153 3177 ἐκτεταμένῳμύτῷ
1184 3092 1699 3174 παραλήγονται,
1745 3091 2123 3175 καλλίων,
2154 3093 2425 3175 ἡδίων,
2460 3094 2821 3175 βελτίων,
2852 3097 3032 3168 γλυ-

450 3191 665 3273 κίων,
711 3193 1020 3256 κακίων.
1090 3192 1547 3272 Ἀριςτοφάνης
1592 3195 1664 3257 δὲ
1708 3192 1779 3257 ἐν
1824 3193 2129 3258 Ἀττικαῖς
2174 3194 2409 3261 λέξεςιν
2440 3194 2757 3259 Ἀττικοὺς
2798 3194 3035 3273 ἱςτορεῖ

453 3292 883 3380 προφέρεςθαι
929 3293 1371 3374 ἐκτεταμένως.
2058 3361 2064 3366 .
2168 3294 2175 3301 ’

617 3391 710 3457 Τὰ
766 3393 854 3458 εἰς
896 3399 1064 3459 {ciffi
1121 3396 1475 3473 ςυγκριτικὰ
1530 3395 1847 3461 οὐδέποτε
1903 3395 2295 3481 ἐκτεταμένῳ
2347 3389 2628 3481 διχρόνῳ
2670 3399 3033 3477 παραλήγε-

449 3512 578 3575 ται,
626 3494 974 3573 βράςςων
1005 3495 1082 3578 (Κ
1122 3495 1306 3579 226),
1351 3496 1662 3561 πάςςων
1708 3496 1769 3579 (ζ
1813 3496 1999 3580 229),
2045 3499 2384 3581 μάςςων,
2428 3498 2811 3582 γλύςςων,
2859 3500 3030 3584 BQ·
3069 3510 3136 3561 30

583 3747 618 3796 1.
657 3749 688 3796 4
725 3749 912 3800 Dichr.
950 3754 1067 3812 301,
1104 3755 1153 3805 3.
1276 3751 1309 3801 1.
1335 3753 1367 3801 8
1403 3752 1523 3802 Arc.
1562 3755 1677 3813 193,
1707 3755 1748 3801 1.
1797 3752 1831 3804 Γ
1832 3753 1934 3816 ρᾶς
1970 3778 2036 3790 -
2074 3752 2208 3818 κράς
2246 3755 2429 3819 recepi
2466 3770 2532 3805 ex
2568 3755 2759 3805 Diohr.
2794 3756 2911 3819 282,
2952 3759 3030 3816 12,

352 3814 357 3820 ’
450 3812 532 3876 ῥίς
568 3813 618 3864 ἴς
658 3832 725 3865 ex
762 3819 906 3867 Mon.
949 3820 1028 3878 19,
1071 3822 1115 3878 1,
1155 3821 1258 3881 μῦς
1296 3846 1357 3855 —-
1394 3817 1510 3884 ψάρ
1546 3836 1612 3870 ex
1649 3819 1837 3871 Diohr.
1876 3820 1911 3872 1.
1947 3837 1992 3871 0.
2135 3822 2169 3875 1.
2196 3825 2228 3872 9
2264 3838 2361 3888 pro
2397 3822 2622 3872 Arcadii
2657 3823 2842 3873 verbis
2878 3823 3032 3888 πλὴν

448 3884 551 3931 τοῦ
589 3879 674 3933 τίς
712 3885 870 3948 posui
905 3884 991 3935 διὸ
1028 3884 1097 3936 τὸ
1134 3884 1218 3937 τίς
1258 3915 1317 3922 -
1355 3886 1424 3937 τὸ
1458 3886 1481 3938 ῑ
1518 3903 1585 3937 ex
1622 3887 1832 3952 Dichr.,
1881 3887 1930 3940 εἰ
1963 3887 2024 3940 δέ
2059 3903 2209 3941 τινες
2246 3916 2309 3925 -
2347 3890 2474 3954 περὶ
2509 3889 2618 3954 τὴν
2654 3887 2900 3954 ἱςτορίαν
2937 3892 3034 3941 ad-

450 3950 553 3998 ieci
594 3966 660 3999 ex
696 3953 869 4012 Mon.,
907 3951 976 4003 τὸ
1013 3952 1072 4004 δέ
1109 3952 1280 4005 ςτάδα
1316 3970 1488 4019 usque
1527 3955 1596 4005 ad
1631 3955 1792 4005 finem
1830 3973 1896 4006 ex
1934 3957 2117 4009 Dichr.
2273 3957 2309 4007 1.
2352 3959 2413 4008 16
2451 3958 2570 4006 Arc.
2615 3961 2734 4019 193,
2773 3961 2820 4006 4.
2857 3957 3031 4008 Τιτάν

449 4017 658 4066 inserui
695 4035 761 4068 ex
799 4020 986 4069 Diehr.
1025 4023 1142 4083 283,
1179 4026 1227 4073 9.
1278 4024 1478 4072 Vocem
1514 4021 1727 4086 μάρτυρ
1764 4027 2014 4088 sequitur
2049 4040 2135 4089 ap.
2161 4024 2360 4077 Arcad.
2398 4024 2612 4088 φόρην,
2651 4026 2708 4074 in
2746 4041 2853 4089 quo
2889 4022 3031 4090 Φόρ-

450 4099 552 4133 κυν
589 4087 859 4135 contineri
897 4088 1137 4149 videtur,
1179 4089 1528 4141 desideratur
1573 4092 1717 4140 enim
1762 4108 1960 4142 nomen
1995 4093 2052 4141 in
2100 4092 2361 4156 liquidam
2404 4091 2616 4141 finitum
2662 4093 3030 4157 praecedente

449 4153 693 4217 ancipiti.
768 4157 921 4217 Quae
970 4171 1066 4220 pro
1113 4155 1215 4206 hac
1260 4157 1494 4223 simplici
1538 4174 1668 4209 voce
1717 4161 1876 4223 posui
1921 4158 2012 4209 καί
2056 4161 2159 4209 τοῦ
2197 4155 2424 4222 Φόρκυν
2460 4185 2525 4194 —-
2561 4157 2820 4222 πλαγίαις
2856 4158 3029 4211 ἐκτεί-

449 4233 632 4282 νεται,
690 4222 953 4272 constitui
1006 4238 1071 4272 ex
1122 4225 1318 4274 Choer.
1366 4226 1510 4277 Dict.
1558 4228 1683 4287 283,
1734 4230 1820 4276 1οε
1863 4220 2052 4278 ἰςτέον
2103 4226 2189 4277 ὅτι
2234 4224 2492 4289 διάφοροι
2548 4225 2701 4278 δόξαι
2748 4227 2877 4291 περὶ
2922 4231 3027 4279 τοῦ

451 4285 657 4350 χρόνου
693 4290 795 4351 τῆς
834 4286 1051 4341 εὐθείας
1087 4290 1410 4354 γεγόναςιν,
1447 4290 1502 4343 οἱ
1541 4292 1642 4354 μὲν
1677 4292 1782 4356 γὰρ
1818 4291 2024 4345 ἀξιοῦςι
2049 4293 2139 4345 καὶ
2176 4292 2238 4344 ἐν
2272 4296 2344 4359 τῇ
2382 4292 2570 4361 εὐθείᾳ
2607 4294 2697 4345 καὶ
2734 4293 2796 4346 ἐν
2833 4293 3030 4348 πάςαις

446 4358 567 4405 ταῖς
605 4354 882 4407 πτώςεςιν
919 4355 1256 4410 ἑκτείνεςθαι
1292 4359 1362 4410 τὸ
1398 4363 1458 4421 U,
1498 4357 1551 4411 οἱ
1586 4359 1645 4410 δὲ
1682 4359 1938 4422 λέγουςιν
1983 4360 2068 4411 ὅτι
2105 4359 2168 4412 ἐν
2205 4360 2307 4425 μέν
2342 4365 2412 4427 τῇ
2451 4359 2639 4427 εὐθείᾳ
2676 4361 3029 4415 ςυςτέλλεται

446 4423 516 4473 τὸ
553 4425 614 4486 fi,
654 4422 716 4473 ἐν
751 4422 813 4474 δέ
847 4426 968 4475 ταῖς
1004 4423 1198 4477 ἄλλαις
1233 4425 1474 4479 πτώςεςι
1509 4431 1631 4480 ταῖς
1668 4426 1927 4490 πλαγίαις
1965 4426 2285 4481 ἐκτείνεται.
2335 4429 2424 4480 καὶ
2458 4428 2716 4494 διάφοροί
2743 4428 2839 4483 είςι
2875 4430 3028 4483 δόξαι

448 4493 569 4540 τῶν
605 4492 882 4554 τεχνικῶν
919 4493 1046 4557 περὶ
1083 4492 1294 4544 τούτου
1333 4495 1535 4545 collato
1574 4496 1770 4546 Aread.
1798 4499 1933 4558 ¹193,
1972 4499 2060 4546 24:
2109 4496 2178 4548 τὸ
2216 4495 2482 4561 μόςυνος,
2520 4496 2838 4562 Φόρκυνος,
2876 4497 3027 4550 Πόλ-

448 4570 615 4610 τυνος
652 4559 773 4609 τῶν
810 4558 1049 4610 εὐθειῶν
1085 4562 1542 4626 ςυςτελλομένων
1578 4561 1860 4615 ἐξέτειναν
1897 4564 1965 4615 τὸ
2001 4568 2062 4628 U,
2102 4563 2181 4615 ὼς
2218 4561 2574 4628 Ἡρωδιανὸς.
2679 4565 2713 4614 l.
2739 4569 2804 4615 22
2841 4567 3024 4617 Diehr.

450 4625 566 4702 289,
606 4630 682 4676 19.
823 4626 858 4680 1.
898 4630 963 4678 25
1000 4628 1184 4680 Diehr.
1222 4632 1337 4687 291,
1379 4633 1461 4680 10.
1602 4632 1633 4684 Ι.
1671 4634 1736 4682 29
1782 4632 1976 4681 Arcad.
2018 4635 2139 4689 195,
2181 4634 2236 4694 1,
2275 4630 2503 4685 πάςςων
2540 4659 2604 4669 -
2639 4633 2895 4694 γλύςςων
2931 4633 3026 4683 ad-

452 4690 567 4754 ᾷιάί
601 4709 667 4742 ex
703 4695 886 4744 Dichr.
922 4699 1040 4757 291,
1078 4702 1127 4756 5,
1166 4694 1416 4760 βράςςων
1452 4713 1571 4748 cum
1608 4699 1923 4763 Epicharmi
1960 4701 2273 4752 testimonio
2311 4703 2545 4766 apposui
2581 4717 2648 4751 ex
2685 4702 2832 4751 Mon.
2869 4704 2951 4762 37,
2977 4705 3027 4751 4.

453 4756 522 4814 cf.
562 4759 624 4807 Ε.
660 4762 732 4808 Μ.
773 4763 886 4825 158,
930 4766 1005 4820 13,
1042 4764 1137 4813 ubi
1174 4765 1379 4816 diserte
1415 4764 1579 4817 ἄςςον
1617 4766 1845 4818 bibreve
1882 4782 2005 4818 esse
2042 4769 2434 4833 pronunciatur
2470 4775 2527 4818 et
2561 4767 2787 4818 ,additur
2813 4769 3027 4819 Eudae-

451 4838 662 4875 monem
698 4830 862 4878 etiam
897 4829 1098 4892 ῥᾶςςον
1135 4838 1190 4883 et
1230 4829 1461 4886 Νάςςων
1496 4834 1531 4884 ἄ
1568 4835 1889 4900 productum
1925 4836 2131 4891 habere
2168 4835 2384 4887 docere.
