3664 5546
1179 385 1339 441 ΠΕΡΙ
1380 373 1773 440 ΚΑΘΟΛΙΚΗ(
1808 381 2231 437 ΠΡΟΕΩιΔΙΑ(
2271 381 2343 437 ΙΕ.
2907 380 3049 445 ,427
3149 365 3160 370 “

461 560 905 639 ἑντελεςτέρου
959 563 1078 624 τοῦ
1134 556 1285 623 πάϊς
1337 558 1643 638 γέγονεν,
1710 554 1801 620 ὡς
1856 556 1938 634 μὴ
1994 552 2159 619 εἶναι
2226 553 2409 635 φύςει
2468 553 2868 634 διςύλλαβον.
2955 552 3051 620 ἔτι

464 664 593 729 ἐςτὶ
632 663 870 728 πάντες
914 661 1262 743 πάντων,
1306 657 1430 739 οὐχ
1474 658 1573 723 ὅτι
1617 656 1688 722 ἐκ
1727 661 1847 722 τοῦ
1891 656 2209 739 ἅπαντος,
2255 656 2344 721 ὥς
2388 656 2813 756 τινέςβφαςιν,
2857 654 3049 736 ἀφαι-

466 767 628 844 ρέςει
671 767 790 829 τοῦ
835 767 878 827 ἆ
918 764 1219 840 γέγονεν·
1266 761 1406 826 ἐπεὶ
1448 760 1578 825 ἔδει
1624 760 1728 825 καὶ
1768 760 1846 825 τὸ
1890 759 2134 823 παντός
2177 759 2279 823 καὶ
2306 758 2497 823 παντί
2533 758 2935 839 βαρύνεςθαι,
2981 757 3052 822 ἐκ

354 885 361 890 ·
462 870 581 932 τοῦ
624 865 912 931 ἅπαντος
956 864 1189 930 ἅπαντι
1233 862 1643 948 ἀφῃρημένα·
1699 861 1843 927 ἀλλ’
1885 860 1984 925 ὅτι
2039 863 2311 939 μετοχῆς
2364 857 2631 940 εἴληφεν
2676 853 3080 942 ἀναλογίαν,

466 969 557 1034 ὡς
601 968 674 1033 ἐν
714 975 809 1052 τῶ
852 969 998 1047 περὶ
1041 972 1334 1046 μετοχῶν
1381 966 1721 1047 δέδεικται,
1768 964 1821 1046 ᾧ
1869 963 2046 1046 λόγῳ
2090 961 2193 1026 καὶ
2234 963 2311 1027 τὸ
2354 966 2501 1026 πᾶςι
2533 961 3046 1043 βεβαρυτόνηται,
3077 971 3111 1021 5

468 1072 557 1135 ὡς
604 1073 771 1135 ςτᾶςι
819 1072 1053 1134 δοῦςιν.
1141 1067 1235 1132 ἔτι
1279 1072 1471 1151 δᾷδες
1524 1067 1813 1149 δᾴδων·
1882 1066 2096 1129 δαῖδες
2154 1064 2395 1130 δαΐδων
2444 1064 2568 1143 γὰρ
2618 1063 3049 1144 τριςυλλάβως

463 1174 539 1238 τὸ
583 1171 851 1237 ἐντελές.
907 1171 998 1236 ἔτι
1044 1173 1193 1234 λᾶες
1237 1170 1464 1234 λάων.
1517 1169 1594 1233 τὸ
1637 1167 1761 1246 γὰρ
1805 1166 2059 1232 ἐντελὲς
2094 1165 2225 1231 ἀπὸ
2269 1169 2387 1230 τοῦ
2418 1168 2575 1230 λᾶας
2605 1166 2798 1230 λάαες
2829 1165 3050 1230 λαάων

464 1273 660 1339 πάλιν
704 1272 1144 1353 τριςύλλαβον.
1201 1270 1435 1337 ἔνατόν
1480 1270 1606 1335 ἐςτι
1648 1270 1725 1334 τὸ
1770 1272 1995 1348 κρᾶτες
2040 1270 2347 1347 κράτων
2404 1268 2695 1346 «κράτων
2738 1266 3050 1347 τυπτομέ-

465 1397 642 1442 νων»
688 1373 840 1457 (Οᾶ.
885 1394 925 1454 χ
968 1371 1124 1454 309,
1171 1393 1226 1436 ω
1274 1370 1425 1453 184)
1479 1370 1629 1437 ἴςως
1682 1369 1814 1435 ἀπὸ
1868 1375 1986 1437 τοῦ
2040 1370 2308 1450 κράατες
2361 1370 2656 1448 κραάτων
2701 1369 3052 1435 ἐντελεςτέ-

467 1497 602 1556 ρου.
695 1476 902 1555 Χωρὶς
947 1476 1020 1539 δὲ
1063 1475 1315 1539 τούτων
1361 1473 1487 1540 ἑςτὶ
1528 1473 1631 1539 καὶ
1674 1473 1886 1553 ἕτερα·
1944 1473 2078 1538 ςέες
2134 1472 2328 1539 ςέων
2383 1472 2488 1536 ἐπὶ
2529 1474 2663 1537 τῶν
2707 1472 3050 1550 ςκωλήκων
3091 1483 3152 1535 10

469 1580 561 1645 ῶς
604 1578 754 1658 παρ’
797 1576 1238 1656 Ἀριςτοφάνει
1284 1575 1454 1641 «ὑπὸ
1498 1583 1631 1642 τῶν
1675 1576 1838 1641 ςέων
1869 1574 2481 1654 καταπονούμενον»
2528 1571 2717 1659 (Lys.
2753 1571 2907 1654 730)
2950 1574 3052 1637 καὶ

468 1685 756 1765 φῴδων
771 1730 790 1764 ,
837 1680 929 1747 ὡς
957 1679 1108 1758 παρ’
1136 1678 1575 1759 Ἀριςτοφάνει
1608 1679 1818 1756 «πλὴν
1848 1680 2097 1760 φῴδων
2138 1676 2207 1741 ἐκ
2237 1676 2617 1757 βαλανείου»
2649 1673 2847 1758 (Plut.
2874 1672 3051 1757 535),

468 1784 859 1865 οὐδένων,
903 1781 1280 1846 Φθάντων
1335 1786 1429 1863 τῷ
1473 1780 1650 1862 λόγῳ
1694 1784 1826 1844 τῶν
1872 1784 2166 1858 μετοχῶν
2221 1779 2314 1845 ὥς
2368 1779 2626 1844 ςτάντες
2671 1777 3050 1859 ςτάντων,

469 1883 695 1966 βάντες
742 1885 1077 1967 βάντων,
1121 1883 1347 1949 δόντες
1391 1881 1712 1947 δόντων.
1799 1880 1961 1946 Φαςὶ
2012 1881 2084 1946 δέ
2127 1900 2296 1946 τινες
2338 1879 2862 1960 ἀπολογούμενοι
2906 1880 3054 1957 περὶ

468 1986 646 2052 ὅλων
691 1990 824 2052 τῶν
870 1985 1413 2067 ςεςημειωμένων,
1459 1982 1559 2049 ὅτι
1600 1982 1681 2047 τὰ
1725 1980 1814 2048 εἰς
1863 1984 1896 2047 ἰ
1942 1984 2226 2062 λήγοντα
2269 1982 2716 2063 μονοςύλλαβα
2745 1982 2905 2048 κατὰ
2934 1983 3052 2060 τὴν
3091 1997 3154 2049 15

469 2089 727 2168 γενικὴν
767 2087 1311 2168 περιττοςύλλαβα
1351 2086 1430 2151 τὰ
1474 2086 1590 2173 μὲν
1635 2085 1941 2169 ὀξύτονα,
1974 2085 2088 2150 ἐὰν
2133 2084 2240 2150 διὰ
2283 2085 2648 2165 ςυμφώνων
2692 2082 3076 2174 κλίνωνται,

467 2196 862 2270 περιπῶνται
895 2189 1056 2254 κατὰ
1084 2191 1201 2268 τὴν
1230 2188 1486 2268 γενικὴν
1515 2187 1971 2269 πληθυντικήν,
2005 2188 2114 2266 ςής
2147 2186 2331 2266 ςητός
2365 2189 2544 2263 ςῆτες
2575 2206 2656 2265 ςη
2671 2190 2854 2268 τῶν,
2890 2185 3051 2264 Κρής

470 2293 709 2372 Κρητός
758 2291 990 2371 Κρῆτες
1038 2292 1363 2370 Κρητῶν.
1452 2289 1567 2355 ἐὰν
1620 2290 1692 2353 δὲ
1745 2289 1853 2353 δίὰ
1906 2291 2190 2367 καθαροῦ
2231 2292 2351 2352 τοῦ
2394 2293 2478 2351 ο“ς
2521 2290 2805 2370 κλιθῶςι,
2864 2288 3052 2367 βαρύ-

465 2413 690 2459 νονται
746 2392 904 2457 κατὰ
956 2394 1073 2471 τὴν
1129 2393 1386 2470 γενικὴν
1440 2391 1904 2472 πληθυντικήν,
1959 2389 2141 2467 Τρώς
2185 2389 2408 2468 Τρωός
2461 2390 2678 2467 Τρῶες
2731 2389 3052 2472 Τρώων,

467 2495 640 2574 δμώς
684 2493 897 2573 δμωός
940 2498 1148 2571 δμῶες
1191 2492 1487 2570 δμώων.
1574 2492 1651 2557 τὸ
1707 2493 1779 2555 δὲ
1832 2490 2073 2555 τίνων
2129 2489 2219 2555 εἰς
2264 2491 2588 2571 διαφορὰν
2638 2496 2770 2556 τῶν
2813 2497 3052 2557 τινῶν
3087 2504 3155 2557 20

468 2597 571 2659 καὶ
623 2596 701 2660 τὸ
756 2595 1068 2673 κράτων
1120 2596 1252 2657 τῶν
1307 2596 1612 2672 κεφαλῶν
1666 2591 1756 2657 εἰς
1810 2591 2135 2671 διαφορὰν
2189 2598 2322 2662 τῶν
2377 2599 2685 2671 κρατῶν
2741 2591 2873 2658 ἀπὸ
2934 2597 3052 2658 τοῦ

469 2696 700 2777 κράτος
743 2696 784 2775 ἡ
828 2694 1009 2775 ἀρχή.
1082 2694 1158 2758 τὸ
1203 2694 1275 2757 δὲ
1319 2695 1610 2778 φῴδων
1655 2694 1758 2759 καὶ
1800 2694 2061 2784 δᾴδων
2108 2692 2239 2759 ἀπὸ
2282 2700 2414 2759 τῶν
2459 2696 2729 2776 φωῒδων
2773 2695 2876 2761 καὶ
2918 2696 3051 2760 δαῖ-

470 2804 623 2864 δων.
709 2798 789 2862 τὰ
834 2799 906 2862 δὲ
948 2797 1396 2876 περιςπώμενα
1439 2795 1509 2862 ἐκ
1551 2799 1669 2861 τοῦ
1714 2795 2010 2862 ἐναντίου
2052 2797 2321 2874 γίνεται·
2374 2797 2490 2862 ἐὰν
2544 2798 2659 2877 μὲν
2714 2799 2819 2863 διὰ
2862 2802 3052 2863 καθα-

474 2903 593 2979 ροῦ
623 2902 741 2965 τοῦ
776 2903 857 2964 ὀἳ
887 2898 1256 2981 κλίνωνται,
1287 2905 1630 2978 περιςπῶςι
1659 2899 1773 2962 τὰς
1802 2899 2056 2976 γενικὰς
2086 2899 2534 2982 πληθυντικάς,
2565 2903 2681 2979 μῦς
2710 2899 2868 2978 μυός
2901 2900 3052 2980 μύες

470 3008 713 3084 μυῶν,
759 3005 911 3081 βοῦς
957 3000 1111 3081 βοός
1154 3005 1392 3082 βοῶν,
1439 3000 1627 3079 δρύες
1672 3005 1961 3083 δρυῶν,
2008 2999 2150 3066 ςύες
2194 3006 2412 3066 ςυῶν.
2477 3000 2593 3066 ἐὰν
2639 3002 2710 3065 δὲ
2755 3000 2861 3065 διὰ
2906 3022 3052 3083 ςυμ-
3087 3012 3154 3064 25

469 3104 733 3187 φώνου,
792 3102 1210 3185 βαρύνονται,
1265 3105 1416 3167 παῖς
1472 3101 1701 3168 παιδός
1753 3103 1983 3167 παῖδες
2026 3102 2359 3186 παίδων,
2414 3102 2653 3168 πάντες
2705 3102 3054 3168 πάντων·

469 3206 545 3270 τὸ
591 3207 663 3269 δὲ
708 3204 920 3269 λάων
966 3203 1281 3285 ἐβαρύνθη
1327 3202 1415 3268 εἰς
1460 3203 1783 3285 διαφορὰν
1826 3210 1960 3269 τῶν
2007 3206 2230 3269 λαῶν.
2296 3202 2464 3269 ἀλλὰ
2508 3211 2716 3270 κακῶς
2760 3204 3053 3281 λέγουςιν

471 3304 533 3370 οἱ
579 3305 786 3371 οὕτως
815 3304 1373 3384 ἀπολογηςάμενοι
1417 3310 1681 3383 πρῶτον
1726 3308 1840 3384 μὲν
1886 3304 1984 3370 ὅτι
2028 3304 2158 3371 ἀπὸ
2191 3312 2324 3373 τῶν
2356 3306 2872 3387 ςεςημειωμένων
2903 3307 3053 3371 πλέ-

471 3428 646 3472 κουςι
689 3408 807 3471 τὸν
850 3406 1124 3488 κανόνα,
1182 3406 1488 3485 δεύτερον
1547 3408 1617 3472 δὲ
1672 3406 1771 3472 ὅτι
1815 3405 2154 3472 ἀντίκειται
2195 3407 2453 3473 τούτοις
2510 3408 2586 3472 τὸ
2640 3408 2733 3473 κίς
2776 3409 2911 3474 κιός
2954 3409 3057 3473 καὶ

471 3508 567 3573 λίς
611 3506 776 3572 λιός·
830 3510 1029 3571 ταῦτα
1081 3508 1205 3586 γὰρ
1263 3506 1603 3574 ὀξύνονται
1657 3509 1817 3573 κατὰ
1870 3510 1986 3587 τὴν
2040 3508 2293 3574 εὐθεῖαν
2350 3515 2483 3575 τῶν
2534 3508 2760 3575 ἑνικῶν
2806 3510 2909 3574 καὶ
2950 3509 3054 3574 διὰ
3091 3519 3158 3573 30

471 3611 755 3686 καθαροῦ
806 3611 925 3672 τοῦ
970 3612 1049 3673 ἴς
1107 3610 1429 3675 κλίνονται
1483 3610 1587 3674 καὶ
1638 3609 1812 3689 ὅμως
1856 3610 1938 3674 οὐ
1985 3609 2367 3690 βαρύνονται
2422 3611 2493 3676 ἐν
2543 3617 2622 3694 τῇ
2663 3618 2880 3695 γενικῇ
2922 3618 3055 3677 τῶν

471 3713 936 3790 πληθυντικῶν,
981 3708 1148 3775 ἀλλὰ
1190 3716 1637 3789 περιςπῶνται.
1723 3718 1912 3777 κι.ῶν
1968 3710 2091 3789 γὰρ
2148 3711 2252 3776 καὶ
2306 3715 2498 3777 λιῶν
2541 3712 3054 3793 περιςπωμένως.

607 3964 643 4014 1.
682 3967 746 4015 10
779 3963 950 4029 χωρὶς
986 3962 1047 4016 δὲ
1089 3963 1318 4017 τούτων
1352 3988 1419 4001 ·--
1455 3963 1737 4018 Φθάντων
1779 3983 1848 4017 ex
1883 3966 2010 4017 Arc.
2049 3967 2170 4030 134,
2206 3968 2240 4017 4
2276 3966 2482 4018 additis
2512 3967 2903 4033 Aristophanis
2936 3983 3058 4018 ver-

473 4033 627 4083 sibus
664 4037 722 4083 et
756 4032 943 4083 verbis
977 4035 1063 4097 τῷ
1110 4032 1265 4100 λόγῳ
1310 4034 1434 4084 τῶν
1480 4035 1739 4096 μετοχῶν
1777 4063 1838 4072 -
1875 4034 2102 4086 δόντων
2147 4050 2213 4084 ox
2261 4034 2455 4085 Choer.
2490 4038 2618 4096 453,
2659 4037 2747 4096 113
2785 4034 2819 4085 1.
2858 4037 3058 4086 14—27

474 4098 553 4152 εἰς
589 4098 868 4164 διαφορὰν
903 4101 1025 4151 τῶν
1061 4100 1220 4152 λαῶν
1257 4117 1324 4152 ex
1360 4102 1481 4152 Arc.
1523 4104 1645 4163 134,
1683 4105 1748 4163 6,
1785 4102 1883 4153 sed
1918 4103 1997 4152 ita
2034 4106 2095 4151 ut
2133 4117 2226 4167 pro
2273 4099 2385 4153 ἐςτι
2421 4100 2482 4152 δὲ
2519 4098 2700 4153 εἰπεῖν
2735 4102 2864 4166 περὶ
2901 4101 3058 4153 ὅλων

473 4170 596 4219 τῶν
632 4166 1096 4232 ςεςημειωμένων
1133 4184 1391 4234 ponerem
1425 4168 1558 4233 φαςί
1603 4167 1665 4220 δέ
1699 4184 1850 4221 τινες
1886 4168 2337 4231 ἀπολογούμενοι
2382 4169 2511 4233 περὶ
2557 4168 2715 4221 ὅλων
2748 4170 2871 4220 τῶν
2907 4183 3057 4234 ςεςη-

476 4234 811 4300 μειωμὲνων
844 4236 973 4286 coll.
1011 4235 1205 4289 Choer.
1242 4239 1375 4299 463,
1408 4240 1496 4287 14:
1534 4236 1683 4288 ἐςτιν
1719 4236 1824 4288 οῦν
1870 4235 2320 4301 ἀπολογήςαςθαι
2364 4236 2494 4300 περὶ
2539 4236 2695 4289 ὅλων
2740 4239 2862 4288 τῶν
2908 4251 3058 4302 ςεςη-

476 4303 808 4367 μειωμένων
851 4302 1066 4366 οὕτως,
1123 4320 1248 4354 nam
1294 4305 1440 4355 hune
1496 4320 1762 4356 canonem
1814 4306 2168 4371 impugnasse
2215 4305 2585 4355 Herodianum
2639 4304 2814 4355 tradit
2860 4305 3058 4359 Choer.

471 4374 601 4435 464,
644 4375 703 4421 1⁶2.
749 4371 900 4422 δοκεῖ
935 4369 997 4422 δὲ
1043 4370 1075 4423 ὁ
1123 4370 1464 4435 Ἡρωδιανὸς
1511 4371 1885 4435 λαμβάνεςθαι
1929 4371 2140 4425 τούτου
2186 4374 2290 4423 τοῦ
2338 4370 2578 4425 κανόνος
2624 4374 2716 4425 καὶ
2760 4371 2909 4436 λέγει
2956 4371 3056 4437 (sc.

476 4438 764 4505 Choerob.)
803 4438 891 4491 ὅτι
928 4438 1115 4490 κακῶς
1151 4438 1418 4503 λαμβάνει
1453 4439 1559 4491 τὸν
1594 4439 1831 4492 κανόνα·
1868 4442 2104 4506 πρῶτον
2143 4439 2245 4502 μὲν
2280 4439 2386 4504 γὰρ
2421 4440 2508 4491 ὅτι
2545 4442 2663 4492 κτλ.
2733 4442 2892 4492 Unde
2927 4443 2964 4494 l.
2992 4443 3057 4492 27

474 4510 606 4557 —32
653 4523 776 4558 rece
821 4508 839 4556 i
884 4523 953 4558 ex
987 4507 1296 4558 Herodiani
1337 4509 1617 4559 sententia
1662 4508 2000 4575 praefigens:
2049 4507 2193 4560 ἀλλὰ
2238 4509 2426 4560 κακῶς
2473 4507 2727 4570 λέγουςιν
2771 4505 2826 4560 οἱ
2870 4507 3058 4560 οὕτω(

477 4571 764 4639 ἀπολογης
805 4588 979 4638 μενοι.
1015 4601 1083 4612 -
1119 4574 1384 4626 Choerob.
1423 4575 1615 4626 eodem
1650 4575 1770 4627 loco
1806 4576 2356 4630 dicit'Herodianum
2390 4577 2572 4641 ipsum
2606 4592 2844 4628 canones
2868 4575 2959 4628 vel
2991 4592 3060 4626 ox

478 4641 687 4693 duobus
723 4642 992 4708 exemplis
1028 4643 1383 4693 constituisse
1422 4646 1478 4693 et
1512 4642 1572 4694 ἑν
1611 4641 1821 4707 ἑτέροις
1848 4645 2244 4710 pronunciasse
2280 4642 2365 4696 κίς
2401 4649 2458 4694 ot
2494 4642 2577 4696 λίς
2613 4644 2800 4694 aut'in
2825 4647 3060 4694 accentu

478 4714 573 4759 aut
609 4710 667 4759 in
702 4709 987 4761 declinata
1022 4726 1056 4761 a
1091 4710 1343 4776 legitima
1386 4711 1479 4762 via
1526 4711 1809 4774 aberrare,
1856 4712 2000 4777 qnod
2042 4712 2099 4763 in
2145 4712 2286 4763 libro
2332 4710 2459 4776 περὶ
2505 4709 2807 4775 ὀνομάτων
2855 4713 3059 4762 factum

480 4790 600 4826 osee
638 4778 849 4842 opinor.
922 4776 1304 4829 conferendus
1348 4783 1436 4829 est
1468 4778 1768 4829 Herodian.
1815 4781 1873 4829 in
1917 4780 1984 4831 11.
2020 4780 2172 4832 Pros.
2211 4779 2254 4831 Ν
2295 4782 2416 4830 103:
2463 4777 2662 4830 θώωντ
2704 4777 3059 4843 Ἀρίςταρχοε

362 4897 369 4905 ,
480 4841 703 4908 βαρύνει
735 4842 806 4895 τὸ
843 4843 1043 4909 θώων,
1081 4846 1171 4898 καὶ
1208 4844 1435 4911 ἑπείςθη
1471 4845 1507 4909 ἡ
1546 4844 1868 4912 παράδοςις·
1906 4847 1939 4901 ὁ
1974 4846 2038 4902 δὲ
2071 4846 2372 4913 Πάμφιλος
2408 4850 2675 4915 περιςπᾷ,
2712 4844 2838 4900 ἐπεὶ
2871 4846 2944 4901 τὰ
2980 4844 3060 4901 εἰς
