3664 5546
596 262 724 329 418
1532 262 1615 320 ΕΚ
1652 265 1792 321 ΤΩΝ
1836 264 2245 322 ΗΡΩΔΙΑΝΟΥ

596 439 865 516 ξιφήρης
920 433 973 498 ὦ
1028 438 1384 516 ξιφῆρες,
1438 435 1686 501 Αἰνείας
1741 435 1795 499 ὦ
1856 436 2150 521 Αἰνεία,
2205 436 2358 502 Αἴας
2409 436 2463 501 ὦ
2505 436 2700 503 Αἶαν
2755 437 2823 521 (ὁ
2878 439 2994 518 μὲν
3036 437 3193 503 Αἴας

596 538 915 605 ὀξύνεται·
973 536 1180 616 μακρὰ
1222 537 1346 614 γάρ
1392 538 1520 615 πρὸ
1565 542 1805 618 μακρᾶς
1853 537 1932 603 οὐ
1975 542 2349 616 περιςπᾶται
2363 588 2382 623 ,
2440 541 2515 605 τὸ
2561 541 2633 604 δ“ε
2675 538 2835 604 Αἶαν
2880 560 3191 619 προπερι-

596 645 853 722 ςπᾶται,
898 642 1017 704 τοῦ
1061 641 1145 702 ἂν
1192 640 1463 718 βραχέος
1507 638 1726 705 ὄντος·
1771 643 1940 705 πᾶςα
1982 641 2108 720 γὰρ
2156 642 2341 721 φύςει
2386 642 2593 720 μακρὰ
2635 642 2763 718 πρὸ
2803 641 3073 722 βραχέος
3116 641 3212 707 ἐν·

594 741 692 806 ἑνὶ
733 743 906 821 μέρει
954 740 1112 805 οὖςα
1141 740 1580 826 περιςπᾶται),
1624 742 1895 821 ποιητής
1925 741 1979 806 ὦ
2019 743 2342 826 ποιητά,
2389 743 2686 822 ςοφιςτής
2731 741 2785 806 ὦ
2830 743 3188 825 ςοφιςτά,

518 850 550 901 5
595 844 859 923 τοξότης
901 842 955 906 ὦ
1000 844 1298 910 τοξότα.
1370 843 1471 908 Ἐν
1516 846 1655 908 τοῖς
1698 843 1788 909 εἰς
1832 846 1954 921 ‘fil-c
2010 845 2390 923 βαρυτόνοις
2436 845 2703 923 τέςςαρα
2748 844 3187 923 ςεςημείωνται

594 945 1059 1026 ἀναβιβάςαντα
1101 947 1491 1037 τὸν,τόνον,
1547 946 1942 1028 δέςποτα,.
1983 944 2370 1028 εὐρύοπα,
2427 946 2778 1029 μητίετα,
2822 944 3186 1025 ἀκάκητα.

590 1048 720 1112 Ἔτι
766 1047 1071 1128 ὁμοτονεῖ
1113 1049 1312 1128 ἄρςην
1357 1047 1410 1111 ὧ
1454 1046 1717 1130 ἄρςεν,
1775 1047 1962 1126 λιμήν
2008 1045 2062 1109 ὦ
2106 1047 2372 1129 λιμήν,
2426 1047 2649 1127 Ἑρμῆς
2693 1047 2749 1112 ὦ
2791 1047 3026 1128 Ἑρμῆ.
3112 1047 3187 1111 Αἱ

591 1147 682 1213 εἰς
725 1146 781 1207 ὖ]
825 1133 1127 1221 λήγουςαι
1174 1142 1412 1207 εὐθεῖαι
1457 1149 1723 1226 θηλυκαὶ
1764 1149 1868 1212 καὶ
1910 1147 2004 1213 ἔτι
2058 1148 2123 1212 αἱ
2166 1148 2256 1213 εἰς
2300 1152 2390 1213 ῶῖ
2433 1149 2650 1232 Λητώ,
2711 1149 2944 1230 Κλειώ,
2991 1148 3186 1214 αἰδώς

589 1246 723 1323 ἠώς
767 1245 856 1310 εἰς
899 1250 963 1309 ὃῖ
1009 1245 1222 1325 ἔχουςι
1266 1246 1379 1310 τὰς
1423 1250 1713 1327 κλητικὰς
1757 1250 2256 1331 περιςπωμένας.
2330 1256 2757 1328 περιςπῶνται
2803 1251 2874 1314 δὲ
2919 1250 3024 1313 διὰ
3066 1251 3185 1328 τὴν

492 1356 558 1407 10
594 1349 1024 1427 ςυνέμπτωςιν
1078 1350 1192 1424 τῆς
1247 1352 1513 1427 δοτικῆς.
1602 1348 1786 1415 αὗται
1844 1353 1960 1431 μὲν
2015 1351 2135 1417 οὖν
2191 1351 2255 1417 αἱ
2312 1354 2593 1432 κλητικαὶ
2648 1351 2755 1417 ἐπὶ
2816 1354 2930 1429 τῆς
2988 1350 3187 1428 αὐτῆς

592 1453 905 1532 ςυλλαβῆς
948 1453 1088 1514 ταῖς
1133 1449 1404 1515 εὐθείαις
1443 1452 1563 1517 τὸν
1607 1446 1807 1519 τόνον
1854 1453 2199 1533 ἐφύλαξαν.

757 1552 832 1617 Αἱ
876 1550 1322 1631 ἀναβιβάςαςαί
1365 1553 1516 1630 εἰςιν
1562 1552 1693 1619 ἀπὸ
1739 1560 1869 1620 τῶν
1916 1554 2004 1620 εἰς
2038 1560 2117 1633 ῆῖ
2162 1555 2482 1620 ςυνθέτων
2529 1556 2900 1636 βαρυτόνων
2946 1555 3052 1619 καὶ
3093 1553 3184 1619 εἰς

589 1658 707 1719 ’ὀῖῐῐ
752 1654 1037 1733 ἐχόντων
1080 1655 1199 1732 τὴν
1242 1654 1534 1739 γενικήν,
1579 1656 2112 1739 Δημόςθενες,
2159 1656 2586 1740 (ώκρατες,
2630 1657 3045 1736 Διόμηδες.
3103 1655 3179 1718 τὸ

588 1758 712 1835 γὰρ
756 1760 1083 1836 ξιφῆρες
1137 1757 1240 1820 καὶ
1293 1760 1685 1836 φρενῆρες
1739 1758 1844 1821 καὶ
1898 1759 1977 1823 τὰ
2033 1758 2138 1822 διὰ
2181 1762 2300 1823 τοῦ
2343 1760 2502 1837 W
2545 1759 2758 1823 πάντα
2808 1758 2912 1822 καὶ
2952 1757 3034 1821 τὰ
3077 1755 3182 1820 διὰ

387 1934 398 1941 ·
490 1866 555 1917 15
588 1862 708 1923 τοῦ
766 1862 935 1936 &W
981 1859 1086 1921 καὶ
1137 1858 1217 1921 τὰ
1273 1859 1378 1922 διὰ
1432 1863 1550 1923 τοῦ
1607 1865 1779 1938 ωδης
1835 1842 2009 1925 ἁπλᾶ
2064 1859 2188 1925 ἐςτι
2241 1862 2345 1924 καὶ
2397 1861 2477 1924 οὐ
2523 1859 2818 1943 ςύνθετα,
2864 1859 3017 1924 ὅθεν
3063 1857 3182 1922 οὐκ

593 1959 1041 2041 ἀναβιβάζουςι
1105 1961 1223 2025 τὸν
1287 1961 1500 2026 τόνον.
1588 1963 1693 2026 καὶ
1754 1962 1834 2026 τὰ
1899 1961 2004 2025 διὰ
2065 1965 2182 2025 τοῦ
2250 1948 2420 2041 {EX-rs(
2484 1961 2604 2025 οὐκ
2668 1959 3180 2041 ἀναβιβάζουςιν·

590 2061 873 2129 ἐξῶλες
924 2062 1047 2139 γὰρ
1104 2062 1208 2125 καὶ
1259 2066 1623 2140 πανῶλες
1676 2062 2319 2141 προπεριςπωμένως.
2407 2064 2485 2127 τὰ
2542 2065 2615 2131 δὲ
2670 2063 2848 2142 παρὰ
2902 2063 2979 2126 τὸ
3022 2064 3178 2139 ἠῖῆῖ

587 2165 900 2242 τανυήκης
954 2163 1339 2242 τανύηκες
1393 2167 1497 2229 καὶ
1552 2165 1632 2229 τὰ
1685 2166 1864 2243 παρὰ
1918 2166 1994 2229 τὸ
2049 2168 2206 2242 αδης
2249 2164 2531 2242 αὐθάδης
2573 2164 2913 2229 αὔθαδες
2956 2165 3058 2227 καὶ
3100 2164 3180 2228 τὰ

586 2265 762 2343 παρὰ
792 2265 865 2328 τὸ
906 2284 1099 2342 αρκης
1131 2264 1448 2344 αὐτάρκης
1491 2266 1876 2344 αὔταρκες
1889 2314 1907 2348 ,
1953 2265 2282 2345 ποδάρκης
2326 2265 2721 2343 πόδαρκες
2764 2266 2976 2330 καὶτὰ
3004 2264 3181 2343 παρὰ

485 2368 554 2427 20
586 2369 662 2432 τὸ
712 2386 910 2443 αντης
940 2367 1251 2446 κατάντης
1294 2368 1702 2451 κάταντες,
1747 2367 2110 2445 προςάντης
2152 2367 2595 2445 πρόςαντες
2639 2367 2853 2445 ἔχουςι
2883 2368 2999 2445 τὴν
3031 2369 3177 2444 κλη-

585 2470 761 2548 τικὴν
807 2467 1404 2549 προπαροξύτονον.
1493 2471 1597 2533 καὶ
1650 2468 1730 2532 τὰ
1786 2467 1874 2531 εἰς
1919 2471 2004 2546 ᾗ
2058 2468 2314 2533 ἐπίθετα
2361 2469 2681 2548 βαρύτονά
2734 2469 3001 2533 ςύνθετα
3044 2465 3176 2531 ἀπὸ

587 2570 982 2652 οὐδετέρων,
1050 2569 1287 2650 ἔχοντα
1350 2573 1466 2649 τὴν
1520 2572 1816 2650 κλητικὴν
1875 2570 1963 2635 εἰς
2021 2575 2119 2654 ἶς’,
2185 2570 2814 2666 προπαροξύνονται,
2844 2570 3003 2635 κατὰ
3061 2570 3177 2647 τὴν

583 2743 660 2794 Io.
698 2741 785 2792 Al.
823 2743 917 2805 32,
952 2742 1022 2792 20
1058 2745 1116 2792 et
1149 2743 1242 2804 23,
1283 2738 1372 2802 15;
1420 2739 1457 2795 l.
1497 2744 1520 2790 1
1570 2740 1601 2792 ὁ
1648 2740 1750 2805 μὲν
1797 2738 1933 2794 Αἴας
1965 2766 2034 2778 —-
2070 2741 2104 2790 l.
2145 2743 2176 2791 2
2222 2741 2554 2805 περιςπᾶται
2599 2756 2666 2791 ex
2711 2738 2909 2790 Arcad.
2950 2742 3074 2801 130,
3111 2740 3178 2802 26

583 2811 811 2862 inserui.
882 2810 921 2861 l.
956 2810 988 2858 6
1025 2825 1122 2875 pro
1160 2809 1369 2874 εύρυτα
1406 2825 1475 2859 ex
1512 2809 1707 2860 Choer.
1744 2812 1864 2872 433,
1900 2813 1967 2861 26
2004 2810 2110 2859 seri
2151 2810 2199 2859 si
2234 2808 2502 2873 εὐρύοπα.
2573 2810 2658 2859 De
2694 2808 2780 2859 his
2815 2809 2886 2859 cf.
2921 2807 2991 2859 11.
3015 2810 3104 2859 Pr.
3132 2808 3176 2860 Α

586 2881 709 2930 175:
750 2874 1013 2942 μητίεταε
1053 2876 1241 2929 οὕτως
1281 2873 1634 2941 Ἀρίςταρχος
1668 2874 1869 2941 τρίτην
1914 2874 2029 2927 ἀπὸ
2066 2890 2099 2926 τ
2134 2878 2266 2928 λους
2313 2879 2461 2927 ποιεῖ
2506 2877 2614 2940 τὴν
2652 2875 2861 2929 ὀξεῖαν·
2909 2875 2999 2927 καὶ
3047 2873 3177 2926 ἐπε-

584 2943 862 3010 κράτηςεν
900 2943 934 3005 ἡ
964 2942 1299 3006 ἀνάγνωςις·
1338 2944 1429 2995 καὶ
1464 2941 1598 2995 ίςως
1635 2942 1748 2995 ἐςτὶ
1775 2943 2129 3008 πλεοναςμὸς
2164 2946 2269 2995 τοῦ
2305 2946 2352 2995 ἓ.
2408 2944 2541 2994 ibid.
2566 2946 2666 2995 608
2703 2941 2964 3008 μητίεταε
3004 2942 3176 3007 ἐχρῆν

584 3011 727 3065 αὐτὸ
784 3010 1150 3076 παροξύνειν,
1205 3010 1320 3074 εἴγε
1373 3011 1446 3063 τὰ
1499 3009 1578 3063 είς
1629 3016 1732 3075 της
1788 3011 2039 3076 λήγοντα
2094 3011 2376 3076 βαρύτονά
2437 3009 2663 3078 βραχείᾳ
2716 3010 3174 3077 παραληγόμενα,

583 3079 958 3144 ἀπρόςληπτα
1000 3082 1103 3130 τοῦ
1152 3081 1184 3131 ’ς’
1228 3078 1322 3130 ἐπὶ
1366 3081 1591 3143 γενικῆς
1638 3080 1727 3130 καὶ
1783 3079 1877 3131 ἐπὶ
1922 3080 2190 3145 κλητικῆς
2235 3079 2634 3144 παροξύνεται,
2683 3076 2901 3144 οἰκέτα,
2950 3077 3173 3144 φιλέτα,

583 3146 802 3199 εὐνέτα.
874 3145 1216 3211 παραλόγως
1251 3145 1358 3210 ἄρα
1395 3145 1429 3208 ἡ
1470 3145 1748 3211 εὐρύοπα,
1796 3146 2040 3199 δέςποτα
2077 3147 2168 3197 καί
2203 3146 2272 3198 τὸ
2311 3145 2571 3211 μητίετα·
2617 3146 2732 3200 ἐςτι
2767 3146 2829 3197 δὲ
2866 3145 3049 3198 εἰπεῖν
3084 3143 3176 3197 ὅτι

582 3213 698 3266 ἀπὸ
732 3216 838 3266 τοῦ
880 3217 1085 3278 μητῑτα
1120 3213 1263 3267 κατὰ
1299 3213 1657 3278 πλεοναςμὸν
1691 3217 1796 3266 τοῦ
1834 3218 1866 3268 ἒ
1903 3216 1994 3266 καὶ
2032 3215 2269 3281 ςυςτολῇ
2314 3217 2419 3266 τοῦ
2456 3217 2489 3265 ἶ
2524 3212 2638 3267 ἀπὸ
2674 3216 2779 3279 τῆς
2816 3212 3036 3267 εὐθείας
3069 3216 3176 3278 τῆς

583 3280 821 3347 μητίτης
859 3282 1103 3346 κλητικὴ
1130 3281 1330 3345 γέγονε
1369 3281 1627 3346 μητίετα·
1674 3283 1765 3333 καὶ
1800 3282 1832 3333 ὁ
1870 3281 2038 3334 τόνος
2084 3281 2178 3334 ἐπὶ
2222 3285 2326 3334 τοῦ
2373 3280 2552 3333 αὐτοῦ
2588 3280 2774 3334 τόπου
2812 3281 2995 3346 ἔμεινε
3032 3281 3176 3345 μετὰ

579 3349 686 3400 τὸν
722 3348 1096 3411 πλεοναςμόν.
1167 3351 1298 3402 ibid.
1339 3354 1440 3401 540
1476 3350 1646 3415 (quod
1681 3351 2131 3402 adnotamentum
2169 3351 2396 3400 transiit
2432 3351 2490 3400 in
2527 3352 2588 3402 Ε.
2626 3350 2697 3399 Μ.
2733 3352 2851 3414 282,
2887 3351 2976 3414 42)
3013 3348 3176 3400 δολο-

582 3419 756 3481 μῆταε
806 3416 1329 3480 προπεριςπαςτὲον
1374 3416 1447 3468 τὸ
1489 3418 1777 3481 δολομῆτα
1823 3416 2036 3480 ὁμοίως
2085 3421 2170 3483 τῷ
2218 3417 2474 3480 ((ςχέτλιε
2521 3417 2939 3481 ποικιλομῆτα»
2975 3416 3104 3479 (Οά.
3141 3431 3176 3467 ν

579 3487 701 3548 293)
741 3484 832 3535 καὶ
869 3483 1114 3536 καθόλου
1158 3484 1230 3536 τὰ
1274 3482 1352 3536 είς
1388 3492 1489 3547 της
1535 3486 1785 3549 λήγοντα
1832 3485 2140 3550 βαρύτονά,
2189 3484 2287 3535 ὅτε
2333 3484 2427 3536 ἐπὶ
2472 3486 2740 3550 κλητικῆς
2785 3484 2866 3537 είς
2912 3488 2948 3537 ἃ
2992 3483 3172 3549 λήγει,

580 3553 1056 3616 προπεριςπᾶται,
1094 3551 1302 3617 ἀλῆτα,
1342 3555 1630 3617 πλανῆτα,
1670 3555 1896 3617 νικῆτα,
1935 3552 2180 3616 πεδῆτα,
2218 3549 2550 3617 αίςυμνῆτα·
2598 3551 2763 3604 ἔνθεν
2799 3552 2903 3604 οὖν
2938 3565 3177 3618 ςημειω-

579 3618 713 3670 τέον
748 3618 820 3670 τὸ
856 3617 1124 3684 ἀκάκητα.
1195 3619 1253 3672 Π
1291 3623 1415 3672 185:
1456 3619 1809 3685 Ἀρίςταρχος
1855 3619 2272 3684 προπαροξύνει
2316 3619 2592 3685 ἀκάκητα·
2638 3618 2693 3672 οἱ
2737 3619 2799 3671 δέ
2843 3619 3004 3672 ἄλλοι
3039 3617 3174 3672 ἀνα-

579 3684 704 3748 λογί
779 3686 1103 3750 πειθόμενοι
1139 3690 1619 3753 προπεριςπῶςιν·
1657 3685 1887 3752 ἐπείςθη
1924 3687 1985 3739 δὲ
2021 3688 2056 3750 ή
2096 3686 2409 3752 παράδοςις.
2479 3692 2583 3739 An.
2623 3684 2812 3739 Paris:
2838 3690 2916 3740 IV
2950 3690 3068 3750 364,
3108 3691 3174 3738 12
3205 3707 3218 3726 ν

577 3752 650 3806 τά
686 3768 713 3806 ε
739 3768 766 3806 ς
801 3759 868 3820 ῆς
904 3754 1158 3820 ὀνόματα
1185 3755 1467 3821 βαρύτονά
1502 3759 1587 3821 τῷ
1624 3758 1660 3818 ῆ
1697 3754 2138 3820 παραληγόμενα
2163 3756 2255 3807 καὶ
2281 3753 2359 3808 είς
2395 3759 2430 3806 ἇ
2465 3755 2574 3820 τὴν
2598 3755 2871 3821 κλητικήν
2895 3757 3175 3807 ποιοῦντα

577 3825 963 3887 περιςπῶνται
1000 3820 1125 3876 οἷον
1160 3823 1524 3888 ἀγκυλομῆτα
1560 3824 1713 3887 πλὴν
1748 3826 1851 3874 τοῦ
1890 3821 2160 3888 ἀκάκητα.
2232 3825 2303 3876 of.
2342 3823 2520 3876 Lehrs
2552 3826 2721 3876 Arist.
2757 3841 2808 3890 p.
2846 3823 2979 3875 259²
3014 3838 3170 3889 seqq.

576 3918 641 3928 —
680 3892 716 3941 l.
758 3894 816 3941 11
855 3894 979 3943 ταῖς
1025 3890 1263 3944 εὐθείαις
1311 3907 1412 3956 pro
1454 3893 1559 3955 τῆς
1604 3888 1825 3943 εὐθείας
1870 3892 2067 3956 scripsi
2111 3908 2232 3942 cum
2275 3892 2520 3943 Bloehio.
2565 3918 2634 3928 --
2676 3894 2759 3942 De
2806 3891 2981 3956 Λητοῖ
3025 3888 3174 3943 αἰδοῖ

575 3960 851 4010 vocativis
899 3960 1090 4013 Choer.
1137 3962 1265 4011 335:
1312 3958 1403 4010 καὶ
1449 3957 1600 4019 λέγει
1645 3958 1677 4008 ό
1725 3957 2068 4024 Ἡρωδιανὸς
2113 3958 2331 4024 ταύτην
2375 3960 2485 4024 τὴν
2538 3956 2853 4021 ἀπολογίαν
2900 3960 3000 4023 (se.
3048 3959 3173 4010 eius

576 4029 957 4091 enormitatiS,
1004 4043 1113 4092 qua
1148 4027 1394 4078 vocativi
1439 4027 1498 4075 in
1543 4030 1596 4076 ὃῑ
1631 4031 1823 4077 contra
1865 4027 2048 4092 legem
2092 4026 2281 4092 plures
2324 4043 2487 4092 quam
2531 4028 2903 4079 nominativus
2946 4026 3174 4080 vocales

574 4094 809 4160 habent)
837 4094 925 4147 ὅτι
949 4093 1021 4147 τά
1055 4093 1256 4159 ἀρχαῖα
1291 4095 1415 4144 τῶν
1438 4092 1807 4158 ἀντιγράφων
1844 4093 1907 4145 ἑν
1941 4097 2063 4145 ταῖς
2091 4091 2170 4147 εἰς
2208 4095 2256 4145 ὤ
2293 4094 2592 4160 ληγούςαις
2629 4092 2869 4147 εὐθείαις
2904 4092 3060 4158 εἶχον
3095 4092 3171 4145 τὸ

576 4163 609 4212 ἶ
640 4161 1180 4226 προςγεγραμμένον
1215 4159 1339 4214 οἷον
1376 4160 1411 4225 ἡ
1446 4160 1669 4226 Ὰητωί,
1708 4163 1742 4224 ἡ
1783 4160 2028 4225 (απφωί
2063 4162 2165 4213 ςὺν
2199 4166 2271 4213 τ’
2324 4166 2372 4215 ἶ.
2442 4161 2710 4215 ςυςταλὲν
2756 4162 2861 4215 οὖν
2895 4161 2965 4213 τὸ
3002 4165 3050 4214 ῶ
3086 4159 3171 4213 είς

573 4228 643 4280 τὸ
679 4232 713 4280 ὃ
750 4228 813 4282 ἐν
847 4234 919 4296 τῇ
957 4231 1193 4296 κλητικῇ
1230 4227 1564 4295 ἐξεφωνήθη
1599 4229 1670 4282 τὸ
1706 4233 1756 4294 ῖ,
1793 4229 2003 4282 τούτου
2039 4228 2200 4294 χάριν
2236 4178 2286 4293 ἓ)
2311 4231 2547 4296 κλητικὴ
2584 4230 2738 4283 ἔδοξε
2776 4228 3010 4282 πλείονα
3046 4243 3172 4293 φω-

571 4295 785 4360 νήεντα
824 4297 971 4361 ἔχειν
1007 4300 1109 4362 τῆς
1148 4295 1287 4351 ίδίας
1322 4295 1557 4349 εὐθείας.
1629 4299 1746 4350 Lex
1781 4298 1929 4363 ipsa,
1970 4314 2079 4363 qua
2114 4300 2403 4350 vocativus
2437 4300 2656 4351 brevior
2691 4300 3033 4349 nominativo
3069 4303 3173 4348 aut

573 4381 680 4430 par
714 4382 838 4418 esse
875 4366 1124 4430 iubetur,
1164 4367 1235 4418 ab
1271 4367 1589 4419 Herodiano
1624 4368 1912 4432 proposita
1950 4371 2039 4416 est
2072 4369 2131 4418 in
2167 4366 2308 4418 libro
2354 4367 2482 4432 περὶ
2518 4363 2833 4419 ςυντάξεω(
2866 4367 2990 4417 τῶν
3025 4378 3171 4416 (τοι-

572 4430 745 4496 χείων
781 4435 840 4484 in
877 4433 1059 4484 Schol.
1099 4435 1171 4484 ad
1206 4435 1436 4500 Dionys.
1474 4451 1525 4499 p.
1565 4436 1680 4485 798.
1818 4434 1857 4484 1.
1897 4437 2096 4486 12-17
2133 4434 2578 4499 περιςπωμένως
2616 4451 2685 4485 ex
2721 4436 2800 4488 Io.
2835 4434 2926 4485 Al.
2963 4436 3044 4497 13,
3079 4435 3169 4487 29.

708 4501 745 4550 l.
785 4504 849 4551 14
885 4501 976 4552 καὶ
1011 4500 1083 4553 τὰ
1118 4501 1207 4555 διὰ
1241 4505 1345 4553 τοῦ
1385 4517 1539 4568 ωρης
1586 4502 1764 4554 adieci
1799 4518 1871 4553 ex
1904 4502 2101 4554 Aroad.
2142 4505 2260 4568 117,
2298 4504 2363 4553 18
2398 4531 2463 4541 -
2500 4502 2536 4556 1.
2577 4504 2640 4554 16
2676 4502 2768 4553 καὶ
2810 4500 2885 4554 τὰ
2927 4499 3016 4552 διὰ
3057 4502 3168 4552 τοῦ

574 4586 727 4649 ωλης
763 4583 868 4635 οὐκ
893 4583 1273 4650 ἀναβιβάζουςι
1311 4588 1500 4638 addidi
1524 4593 1751 4653 propter
1785 4588 2079 4652 sequentia
2104 4585 2318 4652 ἐξώλης
2341 4585 2447 4651 γάρ
2483 4588 2554 4638 cf.
2578 4587 2776 4638 Aroad.
2800 4588 2883 4651 27,
2910 4589 2941 4636 9
2968 4590 3025 4636 et
3051 4587 3168 4648 11⁷,

575 4656 654 4703 19.
689 4679 757 4689 —
794 4653 829 4703 l.
869 4655 1059 4707 17—1.
1096 4659 1128 4706 8
1164 4671 1291 4720 pag.
1328 4670 1441 4721 seq.
1480 4672 1549 4706 ex
1583 4655 1781 4707 Aroad.
1818 4657 1942 4712 117.
1977 4658 2238 4715 §zo—118,
2276 4658 2309 4704 2
2346 4660 2403 4705 et
2439 4655 2633 4710 Choer.
2668 4657 2785 4713 436,
2823 4654 3075 4715 30—437,
3118 4656 3172 4703 5.

571 4718 652 4773 10.
678 4720 763 4770 Al.
802 4721 836 4769 l.
861 4724 928 4771 35
963 4721 1102 4772 haee
1135 4727 1351 4773 tantum
1386 4724 1579 4774 habet:
1616 4721 1686 4773 τὸ
1722 4721 2001 4786 αὔταρκες
2036 4722 2127 4774 καὶ
2164 4721 2402 4774 αὔθαδες
2438 4723 2608 4787 φηςὶν
2645 4722 2678 4773 ὁ
2704 4719 3045 4786 Ἡρωδιανὸς
3082 4721 3163 4785 μὴ
