3664 5546
1153 379 1312 434 ΠΕΡΙ
1355 376 1748 433 ΚΑΘΟΛΙΚΗ(
1784 375 2207 431 ΠΡΟΕΩιΔΙΑ(
2247 376 2331 429 ΙΔ.
2909 374 3029 437 401

450 553 572 633 «μὴ
616 552 833 616 Δνεὺς
877 551 1202 633 χίμαιραν,
1245 549 1473 626 ἄγριον
1520 548 1822 628 ὀφλήςεις
1838 571 1883 610 ».
1970 548 2046 611 τὸ
2092 546 2308 626 μέντοι
2352 548 2534 610 νεῦς
2576 545 2617 624 ἡ
2662 549 2819 609 ναῦς
2862 564 3036 623 περι-

447 657 671 719 ςπᾶται
716 653 928 730 ὥςπερ
972 652 1075 715 καὶ
1117 652 1194 715 τὸ
1237 655 1484 728 γρεῦς.

607 755 709 839 ,Τὰ
753 753 842 818 εἰς
898 757 1016 817 δίῖς·
1070 752 1547 834 μονοςύλλαβα,
1604 749 1731 815 εἴτε
1786 749 2000 828 ἀπαθῆ
2067 748 2194 813 εἴτε
2251 748 2680 834 ςυνῃρημὲνα,
2734 751 3037 827 περιςπᾶ-

444 877 576 939 ται,
623 859 835 938 βοῦς,
880 858 1156 937 πλοῦς,
1203 852 1422 938 ῥοῦς,
1469 855 1753 935 φλοῦς,
1796 855 2068 933 χλοῦς,
2117 852 2359 916 Γλοῦς
2402 850 2441 914 ὁ
2487 852 2744 934 λῃςτής,
2789 855 3039 936 χνοῦς

357 941 360 944 ’
444 959 620 1038 παρὰ
685 957 1037 1037 (οφοκλεῑ,
1099 959 1367 1037 κνοῦς,
1437 957 1704 1036 θροῦς,
1767 957 1987 1035 νοῦς,
2056 955 2267 1034 ςοῦς,
2325 955 2565 1031 χροῦς
2629 954 2800 1017 πολὺ
2864 953 3106 1030 παρὰ5

443 1064 583 1125 τοῖς
651 1060 845 1141 Ἴωςι,
911 1060 1099 1137 χοῦς
1173 1058 1277 1120 καὶ
1351 1056 1548 1120 Χοῦς
1616 1054 1806 1119 ἔθνος
1874 1054 2188 1132 Βεχείρων
2268 1053 2474 1129 ἐγγύς.
2579 1052 2900 1118 Ἑκαταῖος
2966 1054 3037 1118 ἐν

393 1161 611 1245 ’Ἀςίᾳ
670 1159 801 1224 «εἰς
855 1159 971 1238 μὲν
1025 1161 1220 1221 τοῦτο
1275 1158 1315 1236 ἡ
1370 1158 1723 1239 Βεχειρική,
1779 1155 2037 1235 ἔχονται
2095 1155 2162 1219 δ’
2218 1154 2432 1219 αὐτῶν
2480 1154 2641 1218 Χοῖ»
2698 1156 2799 1218 καὶ
2842 1154 3036 1219 πάλιν

448 1263 668 1342 «μέχρι
726 1263 841 1340 μὲν
894 1260 1147 1324 τούτων
1194 1260 1354 1324 Χοῖ»
1413 1260 1513 1323 καὶ
1565 1258 1762 1322 πάλιν
1809 1258 2031 1322 «Χοῑςι
2087 1258 2158 1321 δὲ
2202 1256 2582 1337 ὁμουρέουςι
2640 1257 2805 1334 πρὸς
2848 1256 3035 1334 ἥλιον

444 1364 788 1442 ἀνίςχοντα
830 1363 1161 1440 Δίζηρες».
1233 1362 1336 1425 καὶ
1377 1362 1454 1425 τὸ
1503 1359 1643 1425 οὗς
1693 1359 2057 1438 οὐδέτερον.
2131 1362 2327 1422 τοῦτο
2373 1360 2445 1421 δὲ
2489 1357 2696 1421 οὕτως
2742 1358 3036 1434 ἐγένετο·

444 1466 619 1543 παρὰ
662 1465 738 1528 τὸ
783 1462 922 1527 αὔω
966 1464 1043 1527 τὸ
1088 1467 1293 1543 φωνῶ
1336 1462 1574 1538 γίνεται
1618 1460 1806 1526 αὔας·
1862 1462 1965 1540 καὶ
2006 1466 2215 1544 τροπῇ
2258 1464 2376 1523 τοῦ
2421 1461 2463 1521 ἇ
2508 1459 2595 1523 εἰς
2640 1460 2679 1522 ὃ
2725 1458 2883 1523 οὖας
2896 1508 2914 1542 ,
2958 1459 3033 1522 τὸ
3073 1468 3139 1520 10

442 1569 554 1643 τῆς
597 1568 823 1644 φωνῆς
867 1564 1320 1642 ἀντιληπτικὸν
1364 1563 1796 1641 αἰςθητήριον·
1852 1562 2129 1626 κλίνεται
2175 1561 2411 1626 οὔατος
2468 1560 2560 1624 ὡς
2615 1561 2805 1638 δέρας
2849 1561 3033 1639 δέρα-

441 1688 570 1731 τος.
658 1667 726 1730 ἐκ
772 1667 844 1729 δὲ
887 1665 1126 1729 τούτου
1169 1665 1407 1741 γίνεται
1454 1665 1611 1729 κατὰ
1656 1663 1994 1743 ἀποβολὴν
2038 1666 2155 1726 τοῦ
2200 1665 2239 1726 ῦ
2282 1660 2399 1726 ὄας
2455 1665 2558 1726 καὶ
2614 1663 2773 1727 κατὰ
2817 1665 3032 1740 κρᾶςιν

445 1767 561 1832 οὖς
604 1767 708 1831 καὶ
750 1767 909 1830 κατὰ
951 1766 1231 1844 Δωριεῖς
1274 1765 1379 1830 ὦς.
1467 1766 1852 1844 ςημειωτέον
1896 1766 1973 1829 τὸ
2017 1764 2212 1828 πούς
2265 1761 2674 1841 ὀξυνόμενον.
2762 1768 3033 1843 μετοχῆς

443 1869 567 1946 γὰρ
613 1867 874 1934 ἐδέξατο
919 1867 1135 1931 τόνον.
1222 1868 1326 1931 καὶ
1367 1867 1491 1945 γὰρ
1536 1868 1611 1931 τὸ
1658 1867 1814 1931 δούς
1859 1864 2166 1932 ὀξύνεται.

610 1969 705 2033 Τὰ
771 1969 860 2032 εἰς
929 1971 1014 2045 ἦς’
1082 1969 1240 2032 κατὰ
1315 1969 1650 2033 διάλεκτον
1725 1967 2033 2046 γινόμενα
2099 1966 2349 2031 ἐκεῖνον
2424 1966 2554 2045 ἔχει
2627 1968 2743 2031 τὸν
2808 1968 3028 2049 τόνον,
3067 1977 3132 2027 15

443 2070 681 2135 ὁποῖον
737 2070 840 2133 καὶ
893 2069 974 2132 τὰ
1027 2069 1446 2153 πρωτότυπα,
1521 2070 1645 2149 μήν
1703 2070 1842 2148 μής
1866 2118 1884 2150 ,
1940 2069 2076 2133 δαίς
2133 2069 2300 2150 δής,
2353 2071 2503 2132 παῖς
2547 2069 2724 2149 πῆς,
2781 2065 2871 2131 εῐς
2906 2066 3028 2146 ,ἧς

441 2172 616 2250 παρὰ
660 2171 784 2248 γὰρ
830 2169 1119 2235 Ῥίνθωνι
1168 2171 1351 2235 «οὐδ’
1394 2169 1469 2249 ἦς
1513 2171 1746 2234 κύων».

610 2272 720 2338 Τὰ,
758 2271 848 2336 εἰς
893 2274 973 2350 HE
1028 2272 1475 2352 μονοςύλλαβα
1529 2272 1809 2350 τυχόντα
1874 2273 2139 2350 φυςικῆς
2193 2271 2592 2349 καταλήξεως
2643 2271 2684 2348 ἢ
2739 2270 3029 2338 ὀξύνεται

441 2376 480 2453 ἢ
524 2376 923 2452 περιςπᾶται·
980 2374 1084 2437 καὶ
1127 2372 1418 2439 ὀξύνεται
1469 2374 1585 2451 μὲν
1639 2373 1720 2436 τὰ
1762 2371 2351 2450 περιττοςυλλάβως
2401 2359 2773 2453 κλινόμενα,
2835 2371 3028 2450 Κρής

443 2475 481 2538 ὁ
525 2476 689 2538 Διὸς
733 2476 834 2538 καὶ
878 2475 1100 2539 Ἰδαίας
1143 2475 1397 2552 νύμφης
1442 2476 1593 2537 παῖς
1635 2473 1738 2536 καὶ
1782 2472 1819 2535 ὁ
1865 2473 2160 2554 πολίτης,
2219 2474 2345 2551 ςής
2389 2471 2713 2553 ὁρκώληξ
2763 2474 2866 2538 καὶ
2908 2493 3026 2537 πο-
3063 2484 3133 2536 20

442 2579 646 2653 ταμοῦ
692 2574 932 2657 ὄνομα,
992 2575 1180 2652 Γνής
1234 2573 1426 2638 ἔθνος
1480 2573 1738 2651 οἰκῆςαν
1781 2576 1899 2653 τὴν
1943 2572 2201 2637 Ῥόδον·
2260 2573 2447 2638 ἔνθεν
2490 2572 2743 2652 ἴγνητες
2788 2573 2853 2638 οἱ
2897 2573 3027 2637 ἰθα-

442 2679 680 2752 γενεῖς·
748 2675 994 2751 λέγεται
1049 2676 1172 2753 γὰρ
1226 2675 1330 2739 καὶ
1394 2675 1550 2753 μετὰ
1601 2678 1719 2738 τοῦ
1763 2675 1796 2735 ἶ
1850 2663 2116 2753 ἴγνητες.
2212 2675 2418 2753 Φρής
2482 2673 2672 2740 ἔθνος
2735 2676 3028 2759 Λιβυκόν,

446 2778 634 2856 Γλής
678 2776 868 2842 ἔθνος
912 2778 1214 2858 Ἰβηρικὸν
1259 2779 1415 2856 μετὰ
1457 2778 1611 2842 τοὺς
1658 2776 1959 2855 Κύνητας.
2017 2776 2386 2855 Ἡρόδωρος
2418 2778 2662 2862 δεκάτῳ
2707 2785 2838 2843 τῶν
2882 2779 3030 2843 καθ’

442 2878 759 2958 Ἡρακλέα
812 2877 1108 2957 ἱςτοριῶν
1166 2879 1281 2942 «τὸ
1339 2880 1410 2942 δὲ
1463 2877 1769 2958 Ἰβηρικὸν
1822 2878 2015 2954 γένος
2068 2881 2297 2960 τοῦτο,
2364 2878 2526 2958 ὅπερ
2582 2881 2742 2960 φημὶ
2798 2880 3027 2944 οἰκέειν

440 3200 691 3266 χίμαιρα,
747 3200 872 3253 ςεύς
916 3199 949 3252 ό
996 3199 1241 3267 ςκώληξ,
1287 3203 1469 3251 ταῦτα
1513 3199 1602 3263 δέ,
1656 3199 1802 3264 φημὶ
1846 3199 1916 3250 τὸ
1962 3198 2145 3252 Φλεύς
2198 3199 2286 3251 καὶ
2335 3199 2479 3252 Νεύς
2532 3201 2622 3252 καὶ
2666 3200 2849 3255 Δνεύς
2893 3202 3026 3256 οὐδὲ

443 3269 653 3334 ςυνήθη
690 3267 788 3320 είςὶ
823 3272 943 3320 τοῖς
978 3267 1227 3333 ’Ἐλληςι,
1264 3267 1333 3319 τὸ
1371 3267 1432 3319 δὲ
1479 3266 1603 3319 ςεύς
1647 3266 1778 3318 οὐδὲ
1823 3266 2056 3332 εὕρηται
2101 3266 2163 3319 ἐν
2208 3267 2395 3333 χρήςει
2441 3268 2585 3320 κατὰ
2627 3269 2736 3333 τὴν
2780 3269 3023 3333 εὐθεῖαν,

442 3336 585 3388 ἀλλὰ
620 3335 764 3387 κατὰ
797 3335 898 3387 τὰς
943 3333 1231 3397 πλαγίους.
1301 3335 1621 3399 πρόςκειται
1666 3334 1931 3399 δηλονότι
1976 3334 2481 3398 κοινολεκτούμενα
2527 3334 2615 3387 διὰ
2657 3337 2730 3388 τὰ
2777 3336 3022 3403 Αίολικά,

443 3403 495 3455 οἱ
532 3403 637 3468 γὰρ
673 3401 890 3456 Αἰολεῖς
928 3404 996 3465 βα
1033 3402 1254 3454 υτόνως
1290 3402 1509 3465 λέγουςι
1548 3399 1861 3466 Ἀχίλλευς,
1898 3401 2152 3467 Πήλευς,
2189 3401 2449 3466 Ἀτρεύς·
2495 3406 2759 3456 τοιοῦτον
2803 3405 2863 3456 δέ
2910 3405 3024 3458 ἑςτι

444 3471 533 3521 καί
585 3470 654 3521 τὸ
700 3469 900 3534 Ἄρευς
946 3417 1207 3522 Αειλικὸν
1261 3470 1328 3521 ὂν
1373 3466 1497 3521 οἷον
1551 3468 1767 3522 Αἰολεῖς
1821 3468 1891 3520 τὸ
1936 3469 2110 3535 Ἄρης
2154 3468 2355 3533 Ἄρευς
2407 3471 2649 3534 λέγουςι·
2703 3473 3024 3537 πρόςκειται

389 3538 414 3547 '
443 3537 784 3602 «ἀρςενικὰ»
829 3536 917 3588 διὰ
959 3537 1029 3588 τὸ
1078 3541 1236 3602 νεῡς,
1274 3539 1455 3602 γρεῦς.
1524 3539 1707 3588 ταῦτα
1750 3536 1811 3588 δὲ
1857 3536 2257 3601 περιςπώμενα
2303 3537 2437 3589 ἀλλ’
2472 3537 2575 3591 οὐκ
2623 3538 2722 3591 είςί
2766 3539 3023 3605 ἀρςενικὰ

442 3605 585 3657 ἀλλὰ
619 3603 862 3670 θηλυκά,
902 3607 1032 3656 νεῡς
1068 3604 1129 3657 δέ
1166 3605 1314 3658 ἐςτιν
1350 3604 1385 3668 ὴ
1423 3607 1562 3656 ναῦς
1600 3604 1691 3656 καὶ
1739 3607 1906 3669 γρεῦς
1950 3604 1986 3667 ή
2025 3607 2213 3670 γραῦς.
2283 3607 2352 3659 cf.
2393 3607 2568 3658 Lehrs
2614 3608 2687 3657 ad
2722 3608 2868 3660 Mon.
2904 3609 2940 3658 1.
2975 3626 3020 3659 c.

443 3681 495 3723 ct
530 3674 667 3724 Lob.
703 3672 908 3723 Parall.
945 3689 997 3737 p.
1031 3676 1117 3723 92.
1252 3674 1288 3724 1.
1316 3676 1348 3724 3
1384 3675 1554 3724 verba
1592 3670 1706 3724 εἴτε
1744 3669 1935 3737 ἀπαθῆ
1974 3670 2088 3723 εἴτε
2127 3672 2480 3739 ςυνῃρημένα
2517 3677 2697 3741 recepi
2733 3692 2799 3726 ex
2835 3677 2913 3727 Ῑο.
2938 3677 3022 3729 ΑΙ.

442 3745 491 3804 7,
528 3743 619 3798 3·2;
659 3741 878 3790 nomina
913 3745 1136 3804 praeter
1167 3740 1374 3803 πλοῦς,
1412 3740 1571 3804 ῥοῦς,
1609 3741 1802 3804 χροῡς,
1843 3755 1984 3805 quae
2009 3747 2233 3791 exstant
2257 3758 2347 3806 ap.
2374 3742 2601 3805 Aread.,
2640 3749 2857 3809 sumpta
2894 3749 3025 3795 sunt

443 3825 510 3860 ex
548 3809 693 3862 Mon.
735 3811 814 3871 14,
850 3810 917 3857 26
955 3812 1011 3856 et
1049 3810 1129 3866 15,
1169 3811 1217 3870 1,
1252 3807 1393 3858 uude
1431 3813 1666 3873 apparet
1701 3809 1870 3872 χροῦς
1907 3823 1995 3873 ap.
2033 3808 2226 3861 Arcad.
2272 3824 2382 3858 non
2428 3810 2744 3860 mutandum
2792 3827 2915 3862 esse
2963 3812 3022 3862 in

440 3878 603 3940 χοῦς,
641 3879 703 3925 ut
740 3875 1055 3939 suspicatur
1089 3874 1437 3926 Schmidtius.
1507 3876 1612 3927 Est
1646 3876 1813 3925 etiam
1848 3877 1995 3926 inter
2027 3877 2301 3928 vocabula
2338 3893 2372 3927 a
2399 3876 2592 3928 Choer.
2619 3877 2797 3930 relata
2819 3881 2903 3937 63,
2928 3881 3021 3929 20:

441 3942 630 3993 πάντα
662 3941 733 3993 τὰ
770 3940 850 3993 εἰς
883 3945 985 3993 ὃῡῗ
1020 3940 1173 3993 ἁπλᾶ
1209 3945 1590 4006 περιςπῶνται
1632 3938 1757 3993 οἷον
1802 3942 1936 4005 βοῦς
1968 3945 2151 3994 ·κνοῦς
2194 3945 2364 4007 χροῦς
2407 3942 2531 4006 οὐχὶ
2577 3942 2691 3996 ἀπὸ
2736 3947 2840 3996 τοῦ
2887 3945 3020 4009 βόος

442 4008 609 4060 κνόος
660 4008 852 4073 χρόος,
905 4007 1000 4060 ἵνα
1053 4009 1195 4061 κατὰ
1239 4007 1543 4074 ςυναίρεςιν
1587 4009 1894 4074 γένωνται,
1942 4008 2086 4061 ἀλλὰ
2129 4008 2334 4075 κυρίως
2377 4009 2446 4060 τὸ
2494 4009 2634 4073 θέμα
2688 4010 2884 4063 αὐτῶν
2939 4011 3019 4063 είς

442 4078 543 4127 ὃῑς·
578 4075 753 4140 ἔςχον.
825 4077 898 4128 cf.
945 4078 1010 4127 ll.
1047 4078 1135 4127 Pr.
1176 4077 1218 4129 Ν
1261 4080 1382 4129 191:
1429 4076 1501 4141 ἦν
1546 4076 1703 4144 αὐτῷ
1752 4076 1849 4140 (sc.
1896 4077 2155 4141 Homero)
2203 4078 2330 4128 ἔθος
2375 4077 2599 4128 εὐθεῖαν
2645 4078 2746 4141 μὲν
2795 4078 3016 4131 ἑπίςτα-

441 4146 562 4196 ςθαι
599 4140 678 4195 εἰς
714 4147 792 4196 ᾗ
830 4144 1257 4209 περατουμένην
1293 4145 1393 4207 (se.
1428 4143 1629 4210 χρώς),
1673 4143 1775 4197 τὰς
1820 4144 1882 4195 δὲ
1927 4142 2101 4195 ἄλλας
2146 4142 2385 4206 πλαγίας
2429 4143 2584 4195 οἶδεν
2628 4144 2743 4198 ἀπὸ
2780 4148 2883 4212 τῆς
2919 4149 3021 4198 (Ἧὸ

443 4209 660 4263 εὐθείας
696 4209 862 4276 «χροῒ
896 4212 955 4262 δ’
989 4211 1146 4263 ἔντε’
1181 4210 1408 4264 ἐδύςετο
1444 4212 1920 4276 παμφανόωντα»
1957 4212 2102 4274 κτλ.,
2142 4226 2282 4276 quae
2319 4212 2661 4263 transierunt
2696 4216 2753 4264 in
2790 4215 2891 4279 Ep.
2929 4216 3019 4266 Cr.

438 4281 466 4330 1
501 4282 618 4342 447,
659 4282 737 4334 11.
776 4307 842 4315 —
877 4281 1019 4343 χοῦς·
1047 4281 1168 4345 ipse
1205 4280 1397 4330 addidi
1431 4285 1656 4345 propter
1691 4281 1965 4346 proprium
1990 4277 2134 4329 Χοῦς
2170 4295 2258 4344 ap.
2296 4278 2376 4333 St.
2402 4281 2490 4343 Β.,
2527 4281 2675 4345 apud
2714 4296 2874 4346 quem
2908 4299 3019 4333 non

441 4344 565 4410 Χοί,
605 4347 704 4398 sed
739 4345 837 4400 Χοῑ
874 4348 1220 4398 scribendum
1256 4354 1360 4397 est.
1395 4373 1460 4383 —
1495 4349 1580 4397 De
1619 4347 1992 4429 originatione
2028 4348 2179 4397 vocis
2215 4344 2314 4397 οὓς
2351 4362 2492 4412 quae
2528 4348 2744 4411 addidi,
2783 4356 2913 4400 sunt
2951 4367 3019 4400 ex

438 4415 578 4467 libro
615 4414 743 4479 περὶ
780 4416 984 4466 παθῶν
1019 4417 1083 4467 Ε.
1124 4416 1194 4464 Μ.
1231 4417 1347 4476 638,
1386 4417 1477 4476 543
1526 4414 1592 4465 de
1629 4428 1772 4465 πους
1809 4430 1909 4479 pro
1943 4413 2168 4464 Arcadii
2202 4414 2387 4465 verbis
2430 4413 2499 4465 τὸ
2541 4414 2606 4466 δὲ
2642 4415 2788 4468 πούς
2823 4415 3016 4469 ὀξύτο-

439 4497 542 4533 νον
588 4482 679 4533 καὶ
723 4481 793 4533 τὸ
840 4481 971 4534 δούς
1020 4480 1230 4547 μετοχή
1279 4482 1543 4533 substitui
1590 4497 1731 4547 quae
1778 4481 2043 4546 leguntur
2086 4482 2141 4530 in
2180 4483 2325 4531 Mon.
2365 4484 2454 4546 15,
2492 4486 2524 4534 5
2568 4485 2689 4549 ipse
2734 4500 3018 4551 apponens

440 4549 530 4600 καὶ
566 4549 671 4614 γὰρ
705 4550 776 4601 τὸ
813 4549 946 4603 δούς
981 4548 1254 4602 ὀξύνεται.
1425 4550 1461 4600 l.
1498 4552 1560 4600 16
1607 4549 1672 4600 de
1709 4549 1821 4613 πῆς
1859 4549 1930 4598 cf.
1952 4551 2068 4601 .An.
2109 4547 2211 4598 Ox.
2248 4550 2276 4599 1
2310 4552 2434 4612 346,
2472 4553 2505 4600 6
2540 4548 2593 4602 οἱ
2629 4550 2870 4603 Βοιωτοὶ
2903 4552 3013 4617 τὴν

439 4619 494 4667 ᾶῖ
517 4612 837 4681 ’δίφθογγον
874 4615 953 4670 εἰς
988 4620 1026 4682 ῆ
1060 4617 1369 4682 τρέποντες
1405 4618 1518 4682 πῆς
1555 4616 1809 4679 λέγουςιν
1845 4614 1972 4667 ἀντὶ
2007 4617 2110 4666 τοῦ
2133 4619 2287 4670 ,παῖς
2323 4618 2538 4669 Abu-ons
2581 4619 2647 4669 de
2693 4620 2823 4670 dial.
2861 4621 3013 4671 Aeol.

440 4701 493 4749 p.
532 4687 627 4736 187
663 4690 780 4736 not.
850 4684 917 4749 ἧς
951 4687 1283 4738 Rhinthonis
1323 4686 1637 4735 testimonio
1669 4684 1883 4734 firmavi
1919 4699 1987 4733 ex
2023 4685 2126 4749 Ep.
2165 4684 2254 4734 Cr.
2291 4685 2318 4734 1
2356 4687 2468 4746 171,
2505 4688 2587 4740 20.
2692 4688 2727 4738 1.
2769 4691 2832 4738 19
2870 4686 3015 4752 Κρής

440 4752 662 4817 explevi
696 4769 764 4802 ex
802 4755 883 4805 st.
920 4755 1010 4815 Β.,
1047 4753 1145 4819 ςής
1181 4771 1250 4805 ex
1285 4754 1530 4818 Theogn.
1569 4756 1692 4813 134,
1730 4753 1823 4813 263
1864 4750 1899 4803 Γ
1900 4750 2001 4815 νής
2039 4767 2105 4801 ex
2142 4750 2223 4801 St.
2260 4752 2349 4811 Β.,
2397 4751 2549 4818 Φρής
2587 4770 2653 4804 ex
2691 4755 2883 4806 eodem
2919 4756 3015 4806 ad·

441 4819 556 4869 didi
592 4836 642 4885 p.
667 4823 786 4885 672,
815 4825 861 4883 1,
898 4822 993 4870 ubi
1028 4821 1252 4872 diserte:
1289 4819 1368 4875 ὡς
1394 4818 1734 4884 Ἡρωδιανὸς
1771 4810 1854 4870 ιδ’.
1912 4818 1947 4871 Γ
1950 4817 2053 4883 λής
2090 4824 2146 4870 et
2170 4817 2346 4885 Τλής,
2385 4837 2492 4886 quo
2528 4827 2759 4887 utroque
2798 4825 3015 4875 nomine

510 4936 884 4973 nssnonuuvs.
922 4923 966 4977 1.
985 4967 1007 4974 -
2530 4903 2615 4970 26
