<?xml version="1.0" encoding="UTF-8"?>
<!DOCTYPE html PUBLIC "-//W3C//DTD XHTML 1.0 Transitional//EN"
    "http://www.w3.org/TR/xhtml1/DTD/xhtml1-transitional.dtd">
<html xmlns="http://www.w3.org/1999/xhtml" xml:lang="en" lang="en">
 <head>
  <title>
</title>
<meta http-equiv="Content-Type" content="text/html;charset=utf-8" />
  <meta name='ocr-system' content='tesseract 3.04.00' />
  <meta name='ocr-capabilities' content='ocr_page ocr_carea ocr_par ocr_line ocrx_word'/>
</head>
<body>
  <div class='ocr_page' id='page_1' title='image "./grammaticigraec02unkngoog_0439.png"; bbox 0 0 3664 5546; ppageno 0'>
   <div class='ocr_carea' id='block_1_1' title="bbox 1182 327 3063 393">
    <p class='ocr_par' dir='ltr' id='par_1_1' title="bbox 1182 327 3063 393">
     <span class='ocr_line' id='line_1_1' title="bbox 1182 327 3063 393; baseline 0.004 -7"><span class='ocrx_word' id='word_1_1' title='bbox 1182 331 1341 386; x_wconf 86' lang='grc' dir='ltr'>ΠΕΡΙ</span> <span class='ocrx_word' id='word_1_2' title='bbox 1381 328 1774 386; x_wconf 54' lang='lat' dir='ltr'>nooman(</span> <span class='ocrx_word' id='word_1_3' title='bbox 1808 328 2233 386; x_wconf 73' lang='grc' dir='ltr'>ΠΡΟΕΩιΔΙΑ(</span> <span class='ocrx_word' id='word_1_4' title='bbox 2272 331 2333 383; x_wconf 92' lang='grc' dir='ltr'>Η.</span> <span class='ocrx_word' id='word_1_5' title='bbox 2941 327 3063 393; x_wconf 85' lang='grc'>193</span> 
     </span>
    </p>
   </div>
   <div class='ocr_carea' id='block_1_2' title="bbox 480 498 3175 2625">
    <p class='ocr_par' dir='ltr' id='par_1_2' title="bbox 482 498 3063 791">
     <span class='ocr_line' id='line_1_2' title="bbox 485 498 3063 587; baseline -0.002 -19"><span class='ocrx_word' id='word_1_6' title='bbox 485 502 612 587; x_wconf 80' lang='grc' dir='ltr'>εἴη,</span> <span class='ocrx_word' id='word_1_7' title='bbox 658 502 1026 587; x_wconf 84' lang='grc' dir='ltr'>βαρύνεται,</span> <span class='ocrx_word' id='word_1_8' title='bbox 1071 501 1458 587; x_wconf 79' lang='grc' dir='ltr'>(φαῑρος,</span> <span class='ocrx_word' id='word_1_9' title='bbox 1502 501 1849 580; x_wconf 84' lang='grc' dir='ltr'>(καῑρος.</span> <span class='ocrx_word' id='word_1_10' title='bbox 1916 499 1971 566; x_wconf 85' lang='grc' dir='ltr'>εἰ</span> <span class='ocrx_word' id='word_1_11' title='bbox 2015 502 2087 566; x_wconf 80' lang='grc' dir='ltr'>δὲ</span> <span class='ocrx_word' id='word_1_12' title='bbox 2131 501 2216 581; x_wconf 86' lang='grc' dir='ltr'>μὴ</span> <span class='ocrx_word' id='word_1_13' title='bbox 2261 499 2496 584; x_wconf 84' lang='grc' dir='ltr'>οὕτως,</span> <span class='ocrx_word' id='word_1_14' title='bbox 2529 498 2852 584; x_wconf 82' lang='grc' dir='ltr'>ὀξύνεται,</span> <span class='ocrx_word' id='word_1_15' title='bbox 2896 521 3063 565; x_wconf 85' lang='grc' dir='ltr'>και-</span> 
     </span>
     <span class='ocr_line' id='line_1_3' title="bbox 484 602 3062 689; baseline -0.002 -18"><span class='ocrx_word' id='word_1_16' title='bbox 484 606 649 689; x_wconf 87' lang='grc' dir='ltr'>ρός,</span> <span class='ocrx_word' id='word_1_17' title='bbox 694 605 1001 687; x_wconf 90' lang='grc' dir='ltr'>θαιρός,</span> <span class='ocrx_word' id='word_1_18' title='bbox 1046 604 1085 671; x_wconf 91' lang='grc' dir='ltr'>ὃ</span> <span class='ocrx_word' id='word_1_19' title='bbox 1117 606 1396 686; x_wconf 85' lang='grc' dir='ltr'>ςημαίνει</span> <span class='ocrx_word' id='word_1_20' title='bbox 1425 605 1541 683; x_wconf 86' lang='grc' dir='ltr'>τὴν</span> <span class='ocrx_word' id='word_1_21' title='bbox 1572 605 1926 686; x_wconf 92' lang='grc' dir='ltr'>ςτρόφιγγα</span> <span class='ocrx_word' id='word_1_22' title='bbox 1971 602 2193 684; x_wconf 75' lang='grc' dir='ltr'>«ῥῆξαι</span> <span class='ocrx_word' id='word_1_23' title='bbox 2238 603 2305 668; x_wconf 81' lang='grc' dir='ltr'>δ’</span> <span class='ocrx_word' id='word_1_24' title='bbox 2335 602 2458 669; x_wconf 79' lang='grc' dir='ltr'>ἀπ’</span> <span class='ocrx_word' id='word_1_25' title='bbox 2487 602 2897 685; x_wconf 85' lang='grc' dir='ltr'>ἀμφοτέρους</span> <span class='ocrx_word' id='word_1_26' title='bbox 2930 608 3062 667; x_wconf 89' lang='grc' dir='ltr'>θαι-</span> 
     </span>
     <span class='ocr_line' id='line_1_4' title="bbox 482 705 2677 791; baseline -0.001 -18"><span class='ocrx_word' id='word_1_27' title='bbox 482 709 674 787; x_wconf 80' lang='grc' dir='ltr'>ρούς»</span> <span class='ocrx_word' id='word_1_28' title='bbox 721 708 817 791; x_wconf 87' lang='grc' dir='ltr'>(Μ</span> <span class='ocrx_word' id='word_1_29' title='bbox 846 705 1019 788; x_wconf 86' lang='grc'>459).</span> <span class='ocrx_word' id='word_1_30' title='bbox 1105 708 1180 773; x_wconf 86' lang='grc' dir='ltr'>τὸ</span> <span class='ocrx_word' id='word_1_31' title='bbox 1226 708 1297 772; x_wconf 82' lang='grc' dir='ltr'>δὲ</span> <span class='ocrx_word' id='word_1_32' title='bbox 1342 709 1618 786; x_wconf 89' lang='grc' dir='ltr'>δαῑρος</span> <span class='ocrx_word' id='word_1_33' title='bbox 1665 710 2025 788; x_wconf 88' lang='grc' dir='ltr'>διφορεῖται</span> <span class='ocrx_word' id='word_1_34' title='bbox 2067 706 2210 785; x_wconf 86' lang='grc' dir='ltr'>ἤτοι</span> <span class='ocrx_word' id='word_1_35' title='bbox 2254 705 2293 770; x_wconf 85' lang='grc' dir='ltr'>ὁ</span> <span class='ocrx_word' id='word_1_36' title='bbox 2337 706 2677 772; x_wconf 88' lang='grc' dir='ltr'>καυςτικός.</span> 
     </span>
    </p>

    <p class='ocr_par' dir='ltr' id='par_1_3' title="bbox 480 808 3172 1611">
     <span class='ocr_line' id='line_1_5' title="bbox 646 808 3062 894; baseline -0.001 -19"><span class='ocrx_word' id='word_1_37' title='bbox 646 810 743 875; x_wconf 88' lang='grc' dir='ltr'>Τὰ</span> <span class='ocrx_word' id='word_1_38' title='bbox 786 809 876 877; x_wconf 81' lang='grc' dir='ltr'>εἰς</span> <span class='ocrx_word' id='word_1_39' title='bbox 919 814 1036 888; x_wconf 68' lang='grc' dir='ltr'>’ρόἰ</span> <span class='ocrx_word' id='word_1_40' title='bbox 1082 809 1425 891; x_wconf 64' lang='grc' dir='ltr'>διςύλλαβα</span> <span class='ocrx_word' id='word_1_41' title='bbox 1465 814 1541 894; x_wconf 85' lang='grc' dir='ltr'>τῇ</span> <span class='ocrx_word' id='word_1_42' title='bbox 1587 813 1670 873; x_wconf 63' lang='lat' dir='ltr'>Hs,</span> <span class='ocrx_word' id='word_1_43' title='bbox 1713 809 2049 893; x_wconf 85' lang='grc' dir='ltr'>διφθόγγῳ</span> <span class='ocrx_word' id='word_1_44' title='bbox 2080 810 2575 888; x_wconf 90' lang='grc' dir='ltr'>παραληγόμενα</span> <span class='ocrx_word' id='word_1_45' title='bbox 2619 809 2724 874; x_wconf 81' lang='grc' dir='ltr'>ἐπὶ</span> <span class='ocrx_word' id='word_1_46' title='bbox 2753 808 3062 889; x_wconf 84' lang='grc' dir='ltr'>ἐμψύχων</span> 
     </span>
     <span class='ocr_line' id='line_1_6' title="bbox 480 910 3125 995; baseline -0.002 -18"><span class='ocrx_word' id='word_1_47' title='bbox 480 913 772 992; x_wconf 82' lang='grc' dir='ltr'>τιθέμενα</span> <span class='ocrx_word' id='word_1_48' title='bbox 814 911 1184 995; x_wconf 81' lang='grc' dir='ltr'>βαρύνεται,</span> <span class='ocrx_word' id='word_1_49' title='bbox 1238 914 1629 994; x_wconf 85' lang='grc' dir='ltr'>φλαῦρος,</span> <span class='ocrx_word' id='word_1_50' title='bbox 1686 916 2004 995; x_wconf 84' lang='grc' dir='ltr'>ςαῦρος,</span> <span class='ocrx_word' id='word_1_51' title='bbox 2060 914 2347 990; x_wconf 84' lang='grc' dir='ltr'>καῦρος</span> <span class='ocrx_word' id='word_1_52' title='bbox 2399 910 2437 975; x_wconf 86' lang='grc' dir='ltr'>ὁ</span> <span class='ocrx_word' id='word_1_53' title='bbox 2480 910 2688 976; x_wconf 84' lang='grc' dir='ltr'>κακός.</span> <span class='ocrx_word' id='word_1_54' title='bbox 2775 914 3125 989; x_wconf 83' lang='grc' dir='ltr'>ταῦρος5</span> 
     </span>
     <span class='ocr_line' id='line_1_7' title="bbox 481 1011 3065 1096; baseline -0.001 -17"><span class='ocrx_word' id='word_1_55' title='bbox 481 1016 583 1079; x_wconf 84' lang='grc' dir='ltr'>καὶ</span> <span class='ocrx_word' id='word_1_56' title='bbox 623 1014 931 1094; x_wconf 87' lang='grc' dir='ltr'>Ταῦρος</span> <span class='ocrx_word' id='word_1_57' title='bbox 971 1013 1162 1079; x_wconf 86' lang='grc' dir='ltr'>ἔθνος</span> <span class='ocrx_word' id='word_1_58' title='bbox 1203 1013 1349 1092; x_wconf 82' lang='grc' dir='ltr'>περὶ</span> <span class='ocrx_word' id='word_1_59' title='bbox 1377 1014 1457 1078; x_wconf 85' lang='grc' dir='ltr'>τὰ</span> <span class='ocrx_word' id='word_1_60' title='bbox 1484 1014 1754 1079; x_wconf 85' lang='grc' dir='ltr'>Ἄλπεια</span> <span class='ocrx_word' id='word_1_61' title='bbox 1795 1013 1950 1096; x_wconf 88' lang='grc' dir='ltr'>ὄρη,</span> <span class='ocrx_word' id='word_1_62' title='bbox 1995 1014 2061 1079; x_wconf 87' lang='grc' dir='ltr'>οἳ</span> <span class='ocrx_word' id='word_1_63' title='bbox 2105 1014 2209 1077; x_wconf 82' lang='grc' dir='ltr'>καὶ</span> <span class='ocrx_word' id='word_1_64' title='bbox 2250 1012 2581 1091; x_wconf 79' lang='grc' dir='ltr'>Ταυρίςκοι</span> <span class='ocrx_word' id='word_1_65' title='bbox 2613 1012 2715 1077; x_wconf 81' lang='grc' dir='ltr'>καὶ</span> <span class='ocrx_word' id='word_1_66' title='bbox 2743 1011 3065 1091; x_wconf 89' lang='grc' dir='ltr'>Ταυρῖνοι.</span> 
     </span>
     <span class='ocr_line' id='line_1_8' title="bbox 482 1114 3067 1199; baseline -0.002 -17"><span class='ocrx_word' id='word_1_67' title='bbox 482 1117 605 1183; x_wconf 86' lang='grc' dir='ltr'>ἔςτι</span> <span class='ocrx_word' id='word_1_68' title='bbox 635 1117 740 1181; x_wconf 85' lang='grc' dir='ltr'>καὶ</span> <span class='ocrx_word' id='word_1_69' title='bbox 781 1114 938 1195; x_wconf 87' lang='grc' dir='ltr'>ὄρος</span> <span class='ocrx_word' id='word_1_70' title='bbox 970 1116 1076 1180; x_wconf 87' lang='grc' dir='ltr'>διὰ</span> <span class='ocrx_word' id='word_1_71' title='bbox 1105 1115 1294 1195; x_wconf 85' lang='grc' dir='ltr'>μέςης</span> <span class='ocrx_word' id='word_1_72' title='bbox 1320 1115 1536 1180; x_wconf 74' lang='grc' dir='ltr'>Ἀςίας</span> <span class='ocrx_word' id='word_1_73' title='bbox 1551 1120 1804 1199; x_wconf 85' lang='grc' dir='ltr'>διῆκον,</span> <span class='ocrx_word' id='word_1_74' title='bbox 1851 1116 2012 1181; x_wconf 84' lang='grc' dir='ltr'>διότι</span> <span class='ocrx_word' id='word_1_75' title='bbox 2041 1116 2318 1195; x_wconf 86' lang='grc' dir='ltr'>ταύρους</span> <span class='ocrx_word' id='word_1_76' title='bbox 2349 1114 2411 1179; x_wconf 79' lang='grc' dir='ltr'>οἱ</span> <span class='ocrx_word' id='word_1_77' title='bbox 2454 1116 2720 1181; x_wconf 85' lang='grc' dir='ltr'>παλαιοὶ</span> <span class='ocrx_word' id='word_1_78' title='bbox 2747 1114 2960 1180; x_wconf 90' lang='grc' dir='ltr'>πάντα</span> <span class='ocrx_word' id='word_1_79' title='bbox 2987 1116 3067 1178; x_wconf 85' lang='grc' dir='ltr'>τὰ</span> 
     </span>
     <span class='ocr_line' id='line_1_9' title="bbox 482 1216 3066 1302; baseline -0.001 -19"><span class='ocrx_word' id='word_1_80' title='bbox 482 1218 725 1299; x_wconf 88' lang='grc' dir='ltr'>μεγάλα</span> <span class='ocrx_word' id='word_1_81' title='bbox 767 1218 871 1283; x_wconf 84' lang='grc' dir='ltr'>καὶ</span> <span class='ocrx_word' id='word_1_82' title='bbox 915 1218 1084 1299; x_wconf 87' lang='grc' dir='ltr'>βίαια</span> <span class='ocrx_word' id='word_1_83' title='bbox 1127 1216 1566 1297; x_wconf 81' lang='grc' dir='ltr'>ἐπωνόμαζον.</span> <span class='ocrx_word' id='word_1_84' title='bbox 1626 1219 1665 1297; x_wconf 89' lang='grc' dir='ltr'>ἢ</span> <span class='ocrx_word' id='word_1_85' title='bbox 1709 1225 2004 1302; x_wconf 84' lang='grc' dir='ltr'>προτομῇ</span> <span class='ocrx_word' id='word_1_86' title='bbox 2048 1217 2290 1296; x_wconf 90' lang='grc' dir='ltr'>ταύρου</span> <span class='ocrx_word' id='word_1_87' title='bbox 2334 1218 2415 1281; x_wconf 83' lang='grc' dir='ltr'>τὰ</span> <span class='ocrx_word' id='word_1_88' title='bbox 2457 1217 2622 1296; x_wconf 86' lang='grc' dir='ltr'>πρὸς</span> <span class='ocrx_word' id='word_1_89' title='bbox 2672 1222 2748 1301; x_wconf 80' lang='grc' dir='ltr'>τῇ</span> <span class='ocrx_word' id='word_1_90' title='bbox 2793 1216 3066 1300; x_wconf 84' lang='grc' dir='ltr'>θαλὰςςῃ</span> 
     </span>
     <span class='ocr_line' id='line_1_10' title="bbox 483 1318 3068 1404; baseline -0.001 -19"><span class='ocrx_word' id='word_1_91' title='bbox 483 1320 842 1386; x_wconf 86' lang='grc' dir='ltr'>ἀπείκαςαν.</span> <span class='ocrx_word' id='word_1_92' title='bbox 933 1320 1251 1399; x_wconf 81' lang='grc' dir='ltr'>Μαῦρος</span> <span class='ocrx_word' id='word_1_93' title='bbox 1296 1320 1485 1386; x_wconf 83' lang='grc' dir='ltr'>ἔθνος</span> <span class='ocrx_word' id='word_1_94' title='bbox 1530 1321 1691 1400; x_wconf 85' lang='grc' dir='ltr'>μέγα</span> <span class='ocrx_word' id='word_1_95' title='bbox 1731 1320 1993 1404; x_wconf 89' lang='grc' dir='ltr'>Λιβύης,</span> <span class='ocrx_word' id='word_1_96' title='bbox 2037 1321 2075 1386; x_wconf 86' lang='grc' dir='ltr'>ὃ</span> <span class='ocrx_word' id='word_1_97' title='bbox 2120 1321 2222 1385; x_wconf 87' lang='grc' dir='ltr'>καὶ</span> <span class='ocrx_word' id='word_1_98' title='bbox 2267 1318 2680 1399; x_wconf 87' lang='grc' dir='ltr'>Μαυρούςιοι.</span> <span class='ocrx_word' id='word_1_99' title='bbox 2755 1319 3068 1396; x_wconf 84' lang='grc' dir='ltr'>Ξαῦρος</span> 
     </span>
     <span class='ocr_line' id='line_1_11' title="bbox 484 1420 3172 1502; baseline -0.003 -15"><span class='ocrx_word' id='word_1_100' title='bbox 484 1421 692 1502; x_wconf 89' lang='grc' dir='ltr'>ὄνομα</span> <span class='ocrx_word' id='word_1_101' title='bbox 735 1422 956 1501; x_wconf 88' lang='grc' dir='ltr'>κύριον</span> <span class='ocrx_word' id='word_1_102' title='bbox 1002 1424 1104 1487; x_wconf 86' lang='grc' dir='ltr'>καὶ</span> <span class='ocrx_word' id='word_1_103' title='bbox 1147 1422 1268 1487; x_wconf 78' lang='grc' dir='ltr'>ἀπ’</span> <span class='ocrx_word' id='word_1_104' title='bbox 1322 1423 1523 1488; x_wconf 85' lang='grc' dir='ltr'>αὐτοῦ</span> <span class='ocrx_word' id='word_1_105' title='bbox 1566 1423 1825 1501; x_wconf 88' lang='grc' dir='ltr'>Ξαῡρος</span> <span class='ocrx_word' id='word_1_106' title='bbox 1878 1422 2065 1487; x_wconf 87' lang='grc' dir='ltr'>πόλις</span> <span class='ocrx_word' id='word_1_107' title='bbox 2110 1421 2529 1487; x_wconf 84' lang='grc' dir='ltr'>Μακεδονίας.</span> <span class='ocrx_word' id='word_1_108' title='bbox 2620 1420 2948 1502; x_wconf 87' lang='grc' dir='ltr'>ςημείωςαι</span> <span class='ocrx_word' id='word_1_109' title='bbox 2991 1421 3067 1486; x_wconf 86' lang='grc' dir='ltr'>τὸ</span> <span class='ocrx_word' id='word_1_110' title='bbox 3107 1428 3172 1479; x_wconf 83' lang='grc'>10</span> 
     </span>
     <span class='ocr_line' id='line_1_12' title="bbox 486 1522 2939 1611; baseline -0.001 -21"><span class='ocrx_word' id='word_1_111' title='bbox 486 1524 814 1604; x_wconf 89' lang='grc' dir='ltr'>ςταυρός</span> <span class='ocrx_word' id='word_1_112' title='bbox 856 1524 1135 1603; x_wconf 85' lang='grc' dir='ltr'>ἄψυχον.</span> <span class='ocrx_word' id='word_1_113' title='bbox 1223 1525 1325 1589; x_wconf 87' lang='grc' dir='ltr'>καὶ</span> <span class='ocrx_word' id='word_1_114' title='bbox 1367 1525 1443 1590; x_wconf 90' lang='grc' dir='ltr'>τὸ</span> <span class='ocrx_word' id='word_1_115' title='bbox 1489 1524 1784 1605; x_wconf 90' lang='grc' dir='ltr'>μαυρός</span> <span class='ocrx_word' id='word_1_116' title='bbox 1826 1523 1959 1590; x_wconf 90' lang='grc' dir='ltr'>ἀπὸ</span> <span class='ocrx_word' id='word_1_117' title='bbox 2004 1527 2121 1589; x_wconf 87' lang='grc' dir='ltr'>τοῦ</span> <span class='ocrx_word' id='word_1_118' title='bbox 2169 1522 2452 1604; x_wconf 82' lang='grc' dir='ltr'>ἀμαυρός</span> <span class='ocrx_word' id='word_1_119' title='bbox 2495 1524 2784 1601; x_wconf 86' lang='grc' dir='ltr'>γέγονεν.</span> <span class='ocrx_word' id='word_1_120' title='bbox 2934 1600 2939 1611; x_wconf 36' lang='grc'>,</span> 
     </span>
    </p>

    <p class='ocr_par' dir='ltr' id='par_1_4' title="bbox 486 1624 3071 1812">
     <span class='ocr_line' id='line_1_13' title="bbox 650 1624 3071 1712; baseline -0.001 -19"><span class='ocrx_word' id='word_1_121' title='bbox 650 1624 745 1693; x_wconf 87' lang='grc' dir='ltr'>Τᾰ</span> <span class='ocrx_word' id='word_1_122' title='bbox 800 1625 890 1692; x_wconf 84' lang='grc' dir='ltr'>εἰς</span> <span class='ocrx_word' id='word_1_123' title='bbox 932 1629 1051 1705; x_wconf 66' lang='lat'>{566</span> <span class='ocrx_word' id='word_1_124' title='bbox 1094 1626 1436 1706; x_wconf 88' lang='grc' dir='ltr'>διςύλλαβα</span> <span class='ocrx_word' id='word_1_125' title='bbox 1478 1633 1555 1712; x_wconf 81' lang='grc' dir='ltr'>τῇ</span> <span class='ocrx_word' id='word_1_126' title='bbox 1601 1629 1673 1692; x_wconf 70' lang='grc' dir='ltr'>εὖ</span> <span class='ocrx_word' id='word_1_127' title='bbox 1716 1626 2215 1707; x_wconf 88' lang='grc' dir='ltr'>παραληγόμενα</span> <span class='ocrx_word' id='word_1_128' title='bbox 2260 1626 2491 1692; x_wconf 89' lang='grc' dir='ltr'>ςπάνια</span> <span class='ocrx_word' id='word_1_129' title='bbox 2536 1626 2887 1709; x_wconf 88' lang='grc' dir='ltr'>βαρύτονα,</span> <span class='ocrx_word' id='word_1_130' title='bbox 2944 1624 3071 1691; x_wconf 81' lang='grc' dir='ltr'>εὖ·</span> 
     </span>
     <span class='ocr_line' id='line_1_14' title="bbox 486 1727 3069 1812; baseline -0 -18"><span class='ocrx_word' id='word_1_131' title='bbox 486 1749 651 1812; x_wconf 90' lang='grc' dir='ltr'>ρος,</span> <span class='ocrx_word' id='word_1_132' title='bbox 694 1732 1055 1807; x_wconf 85' lang='grc' dir='ltr'>πλεῦρος.</span> <span class='ocrx_word' id='word_1_133' title='bbox 1143 1727 1219 1793; x_wconf 87' lang='grc' dir='ltr'>τὸ</span> <span class='ocrx_word' id='word_1_134' title='bbox 1265 1729 1337 1793; x_wconf 81' lang='grc' dir='ltr'>δὲ</span> <span class='ocrx_word' id='word_1_135' title='bbox 1383 1728 1664 1808; x_wconf 89' lang='grc' dir='ltr'>λευρός</span> <span class='ocrx_word' id='word_1_136' title='bbox 1708 1728 2002 1795; x_wconf 82' lang='grc' dir='ltr'>ἐπίθετον</span> <span class='ocrx_word' id='word_1_137' title='bbox 2058 1729 2161 1794; x_wconf 85' lang='grc' dir='ltr'>καὶ</span> <span class='ocrx_word' id='word_1_138' title='bbox 2206 1729 2508 1807; x_wconf 90' lang='grc' dir='ltr'>Νευρός</span> <span class='ocrx_word' id='word_1_139' title='bbox 2563 1728 2774 1810; x_wconf 87' lang='grc' dir='ltr'>ὄνομα</span> <span class='ocrx_word' id='word_1_140' title='bbox 2822 1727 3069 1793; x_wconf 86' lang='grc' dir='ltr'>ἔθνους.</span> 
     </span>
    </p>

    <p class='ocr_par' dir='ltr' id='par_1_5' title="bbox 486 1829 3173 2121">
     <span class='ocr_line' id='line_1_15' title="bbox 654 1829 3070 1916; baseline 0.002 -27"><span class='ocrx_word' id='word_1_141' title='bbox 654 1853 693 1889; x_wconf 53' lang='grc' dir='ltr'><strong>κ</strong></span> <span class='ocrx_word' id='word_1_142' title='bbox 737 1829 827 1896; x_wconf 89' lang='grc' dir='ltr'>Τὸ</span> <span class='ocrx_word' id='word_1_143' title='bbox 872 1834 1152 1910; x_wconf 83' lang='grc' dir='ltr'>χοῖρος</span> <span class='ocrx_word' id='word_1_144' title='bbox 1204 1830 1409 1909; x_wconf 89' lang='grc' dir='ltr'>μόνον</span> <span class='ocrx_word' id='word_1_145' title='bbox 1465 1831 1846 1912; x_wconf 86' lang='grc' dir='ltr'>διςύλλαβον</span> <span class='ocrx_word' id='word_1_146' title='bbox 1902 1830 1991 1898; x_wconf 85' lang='grc' dir='ltr'>εἰς</span> <span class='ocrx_word' id='word_1_147' title='bbox 2033 1833 2117 1897; x_wconf 63' lang='grc' dir='ltr'>’ἴς</span> <span class='ocrx_word' id='word_1_148' title='bbox 2160 1837 2237 1915; x_wconf 83' lang='grc' dir='ltr'>τῇ</span> <span class='ocrx_word' id='word_1_149' title='bbox 2280 1834 2344 1895; x_wconf 79' lang='grc' dir='ltr'>’ὀι</span> <span class='ocrx_word' id='word_1_150' title='bbox 2397 1832 2733 1916; x_wconf 87' lang='grc' dir='ltr'>διφθόγγῳ</span> <span class='ocrx_word' id='word_1_151' title='bbox 2786 1834 3070 1910; x_wconf 91' lang='grc' dir='ltr'>παραλη-</span> 
     </span>
     <span class='ocr_line' id='line_1_16' title="bbox 486 1933 3173 2015; baseline -0.004 -17"><span class='ocrx_word' id='word_1_152' title='bbox 486 1933 764 2015; x_wconf 89' lang='grc' dir='ltr'>γόμενον</span> <span class='ocrx_word' id='word_1_153' title='bbox 809 1935 1329 2012; x_wconf 89' lang='grc' dir='ltr'>προπεριςπᾶται.</span> <span class='ocrx_word' id='word_1_154' title='bbox 3112 1939 3173 1989; x_wconf 81' lang='lat'>15</span> 
     </span>
     <span class='ocr_line' id='line_1_17' title="bbox 653 2034 3069 2121; baseline -0 -20"><span class='ocrx_word' id='word_1_155' title='bbox 653 2035 747 2101; x_wconf 88' lang='grc' dir='ltr'>Τὰ</span> <span class='ocrx_word' id='word_1_156' title='bbox 791 2034 879 2101; x_wconf 86' lang='grc' dir='ltr'>εἰς</span> <span class='ocrx_word' id='word_1_157' title='bbox 922 2037 1041 2113; x_wconf 61' lang='lat' dir='ltr'><em>W</em></span> <span class='ocrx_word' id='word_1_158' title='bbox 1083 2035 1426 2116; x_wconf 89' lang='grc' dir='ltr'>διςύλλαβα</span> <span class='ocrx_word' id='word_1_159' title='bbox 1477 2035 1652 2101; x_wconf 83' lang='grc' dir='ltr'>ἁπλᾶ</span> <span class='ocrx_word' id='word_1_160' title='bbox 1694 2036 2193 2117; x_wconf 90' lang='grc' dir='ltr'>παραληγόμενα</span> <span class='ocrx_word' id='word_1_161' title='bbox 2245 2042 2322 2121; x_wconf 81' lang='grc' dir='ltr'>τῇ</span> <span class='ocrx_word' id='word_1_162' title='bbox 2365 2038 2449 2102; x_wconf 76' lang='grc' dir='ltr'>δῦ</span> <span class='ocrx_word' id='word_1_163' title='bbox 2500 2038 2834 2120; x_wconf 85' lang='grc' dir='ltr'>διφθόγγῳ</span> <span class='ocrx_word' id='word_1_164' title='bbox 2882 2036 3069 2117; x_wconf 91' lang='grc' dir='ltr'>βαρύ-</span> 
     </span>
    </p>

    <p class='ocr_par' dir='ltr' id='par_1_6' title="bbox 486 2135 3175 2625">
     <span class='ocr_line' id='line_1_18' title="bbox 486 2135 3070 2222; baseline -0.001 -20"><span class='ocrx_word' id='word_1_165' title='bbox 486 2157 691 2220; x_wconf 88' lang='grc' dir='ltr'>νεται,</span> <span class='ocrx_word' id='word_1_166' title='bbox 737 2136 791 2201; x_wconf 84' lang='grc' dir='ltr'>εἰ</span> <span class='ocrx_word' id='word_1_167' title='bbox 835 2137 918 2216; x_wconf 89' lang='grc' dir='ltr'>μή</span> <span class='ocrx_word' id='word_1_168' title='bbox 962 2157 1021 2201; x_wconf 90' lang='grc' dir='ltr'>τι</span> <span class='ocrx_word' id='word_1_169' title='bbox 1065 2135 1163 2217; x_wconf 84' lang='grc' dir='ltr'>εἴη</span> <span class='ocrx_word' id='word_1_170' title='bbox 1206 2137 1365 2202; x_wconf 87' lang='grc' dir='ltr'>κατὰ</span> <span class='ocrx_word' id='word_1_171' title='bbox 1407 2141 1775 2222; x_wconf 87' lang='grc' dir='ltr'>διαςτολήν,</span> <span class='ocrx_word' id='word_1_172' title='bbox 1821 2137 2063 2218; x_wconf 86' lang='grc' dir='ltr'>οὖρος</span> <span class='ocrx_word' id='word_1_173' title='bbox 2107 2138 2146 2202; x_wconf 86' lang='grc' dir='ltr'>ὁ</span> <span class='ocrx_word' id='word_1_174' title='bbox 2191 2138 2458 2221; x_wconf 85' lang='grc' dir='ltr'>ἄνεμος,</span> <span class='ocrx_word' id='word_1_175' title='bbox 2505 2138 2743 2217; x_wconf 89' lang='grc' dir='ltr'>οὐρός</span> <span class='ocrx_word' id='word_1_176' title='bbox 2787 2137 2988 2202; x_wconf 85' lang='grc' dir='ltr'>τόπος</span> <span class='ocrx_word' id='word_1_177' title='bbox 3032 2138 3070 2200; x_wconf 88' lang='grc' dir='ltr'>ὁ</span> 
     </span>
     <span class='ocr_line' id='line_1_19' title="bbox 487 2238 3071 2323; baseline 0 -19"><span class='ocrx_word' id='word_1_178' title='bbox 487 2239 865 2319; x_wconf 81' lang='grc' dir='ltr'>περιορίζων</span> <span class='ocrx_word' id='word_1_179' title='bbox 921 2238 1036 2303; x_wconf 87' lang='grc' dir='ltr'>τὰς</span> <span class='ocrx_word' id='word_1_180' title='bbox 1090 2242 1278 2323; x_wconf 83' lang='grc' dir='ltr'>ναῦς,</span> <span class='ocrx_word' id='word_1_181' title='bbox 1332 2240 1699 2318; x_wconf 87' lang='grc' dir='ltr'>Φροῦρος</span> <span class='ocrx_word' id='word_1_182' title='bbox 1752 2241 1829 2305; x_wconf 86' lang='grc' dir='ltr'>τὸ</span> <span class='ocrx_word' id='word_1_183' title='bbox 1886 2241 2136 2319; x_wconf 87' lang='grc' dir='ltr'>κύριον·</span> <span class='ocrx_word' id='word_1_184' title='bbox 2193 2239 2319 2305; x_wconf 90' lang='grc' dir='ltr'>ἔςτι</span> <span class='ocrx_word' id='word_1_185' title='bbox 2374 2242 2446 2306; x_wconf 85' lang='grc' dir='ltr'>δὲ</span> <span class='ocrx_word' id='word_1_186' title='bbox 2501 2239 2691 2305; x_wconf 84' lang='grc' dir='ltr'>ἔθνος</span> <span class='ocrx_word' id='word_1_187' title='bbox 2748 2240 3071 2322; x_wconf 79' lang='grc' dir='ltr'>(κυθικόν,</span> 
     </span>
     <span class='ocr_line' id='line_1_20' title="bbox 487 2338 3070 2429; baseline -0 -23"><span class='ocrx_word' id='word_1_188' title='bbox 487 2338 844 2421; x_wconf 88' lang='grc' dir='ltr'>φρουρός</span> <span class='ocrx_word' id='word_1_189' title='bbox 887 2341 964 2405; x_wconf 90' lang='grc' dir='ltr'>τό</span> <span class='ocrx_word' id='word_1_190' title='bbox 1010 2340 1335 2424; x_wconf 83' lang='grc' dir='ltr'>ἐπίθετον,</span> <span class='ocrx_word' id='word_1_191' title='bbox 1381 2346 1699 2425; x_wconf 82' lang='grc' dir='ltr'>κοῦρος,</span> <span class='ocrx_word' id='word_1_192' title='bbox 1743 2346 2069 2429; x_wconf 41' lang='grc' dir='ltr'>θοῦροος,</span> <span class='ocrx_word' id='word_1_193' title='bbox 2114 2344 2408 2421; x_wconf 87' lang='grc' dir='ltr'>λοῦρος</span> <span class='ocrx_word' id='word_1_194' title='bbox 2447 2345 2849 2409; x_wconf 83' lang='grc' dir='ltr'>πλακοῦντος</span> <span class='ocrx_word' id='word_1_195' title='bbox 2880 2340 3070 2406; x_wconf 76' lang='grc' dir='ltr'>εἶδος.</span> 
     </span>
     <span class='ocr_line' id='line_1_21' title="bbox 488 2440 3175 2525; baseline 0.001 -18"><span class='ocrx_word' id='word_1_196' title='bbox 488 2444 560 2507; x_wconf 90' lang='grc' dir='ltr'>τὸ</span> <span class='ocrx_word' id='word_1_197' title='bbox 603 2444 672 2507; x_wconf 74' lang='grc' dir='ltr'>τε</span> <span class='ocrx_word' id='word_1_198' title='bbox 717 2442 1119 2522; x_wconf 82' lang='grc' dir='ltr'>κηπουρός</span> <span class='ocrx_word' id='word_1_199' title='bbox 1164 2440 1284 2508; x_wconf 80' lang='grc' dir='ltr'>καὶ’</span> <span class='ocrx_word' id='word_1_200' title='bbox 1310 2442 1685 2521; x_wconf 86' lang='grc' dir='ltr'>οἰκουρός</span> <span class='ocrx_word' id='word_1_201' title='bbox 1733 2445 1822 2510; x_wconf 80' lang='grc' dir='ltr'>ὡς</span> <span class='ocrx_word' id='word_1_202' title='bbox 1855 2443 2121 2510; x_wconf 90' lang='grc' dir='ltr'>ςύνθετα</span> <span class='ocrx_word' id='word_1_203' title='bbox 2163 2445 2546 2525; x_wconf 82' lang='grc' dir='ltr'>τριςύλλαβα</span> <span class='ocrx_word' id='word_1_204' title='bbox 2587 2444 2704 2522; x_wconf 87' lang='grc' dir='ltr'>τὴν</span> <span class='ocrx_word' id='word_1_205' title='bbox 2750 2442 3072 2523; x_wconf 83' lang='grc' dir='ltr'>ἄρχουςαν</span> <span class='ocrx_word' id='word_1_206' title='bbox 3107 2450 3175 2501; x_wconf 79' lang='lat'>20</span> 
     </span>
     <span class='ocr_line' id='line_1_22' title="bbox 489 2543 1364 2625; baseline 0.002 -17"><span class='ocrx_word' id='word_1_207' title='bbox 489 2545 730 2625; x_wconf 85' lang='grc' dir='ltr'>μακρὰν</span> <span class='ocrx_word' id='word_1_208' title='bbox 775 2543 1014 2624; x_wconf 80' lang='grc' dir='ltr'>ἔχοντα</span> <span class='ocrx_word' id='word_1_209' title='bbox 1058 2544 1364 2614; x_wconf 81' lang='grc' dir='ltr'>ὀξύνεται.</span> 
     </span>
    </p>
   </div>
   <div class='ocr_carea' id='block_1_3' title="bbox 491 2736 892 2745">
    <p class='ocr_par' dir='ltr' id='par_1_7' title="bbox 491 2736 892 2745">
     <span class='ocr_line' id='line_1_23' title="bbox 491 2736 892 2745; baseline -0.007 -1"><span class='ocrx_word' id='word_1_210' title='bbox 491 2736 532 2741; x_wconf 39' lang='lat'>*-</span> <span class='ocrx_word' id='word_1_211' title='bbox 575 2736 892 2745; x_wconf 48' lang='lat' dir='ltr'>-n—F--fl</span> 
     </span>
    </p>
   </div>
   <div class='ocr_carea' id='block_1_4' title="bbox 433 2870 3080 4912">
    <p class='ocr_par' dir='ltr' id='par_1_8' title="bbox 433 2870 3080 4912">
     <span class='ocr_line' id='line_1_24' title="bbox 621 2870 3074 2936; baseline -0 -14"><span class='ocrx_word' id='word_1_212' title='bbox 621 2873 658 2926; x_wconf 91' lang='lat' dir='ltr'>l.</span> <span class='ocrx_word' id='word_1_213' title='bbox 697 2874 722 2922; x_wconf 94' lang='lat'>1</span> <span class='ocrx_word' id='word_1_214' title='bbox 763 2871 1000 2923; x_wconf 76' lang='lat' dir='ltr'><strong>fortasse</strong></span> <span class='ocrx_word' id='word_1_215' title='bbox 1038 2871 1108 2921; x_wconf 79' lang='lat' dir='ltr'>ad</span> <span class='ocrx_word' id='word_1_216' title='bbox 1145 2870 1335 2936; x_wconf 89' lang='grc' dir='ltr'>καιρός</span> <span class='ocrx_word' id='word_1_217' title='bbox 1369 2871 1618 2922; x_wconf 80' lang='lat' dir='ltr'><strong>additum</strong></span> <span class='ocrx_word' id='word_1_218' title='bbox 1658 2873 1764 2923; x_wconf 82' lang='lat' dir='ltr'><strong>fuit</strong></span> <span class='ocrx_word' id='word_1_219' title='bbox 1798 2871 1831 2924; x_wconf 83' lang='grc' dir='ltr'>ὁ</span> <span class='ocrx_word' id='word_1_220' title='bbox 1868 2870 2096 2936; x_wconf 83' lang='grc' dir='ltr'>χρόνος,</span> <span class='ocrx_word' id='word_1_221' title='bbox 2135 2874 2325 2936; x_wconf 83' lang='grc' dir='ltr'>καῖρος</span> <span class='ocrx_word' id='word_1_222' title='bbox 2360 2871 2422 2923; x_wconf 80' lang='grc' dir='ltr'>δὲ</span> <span class='ocrx_word' id='word_1_223' title='bbox 2458 2870 2492 2923; x_wconf 83' lang='grc' dir='ltr'>ὁ</span> <span class='ocrx_word' id='word_1_224' title='bbox 2522 2871 2698 2936; x_wconf 79' lang='grc' dir='ltr'>μίτος,</span> <span class='ocrx_word' id='word_1_225' title='bbox 2736 2878 2798 2923; x_wconf 86' lang='lat' dir='ltr'><strong>ut</strong></span> <span class='ocrx_word' id='word_1_226' title='bbox 2833 2872 3074 2922; x_wconf 76' lang='lat' dir='ltr'><strong>traditur</strong></span> 
     </span>
     <span class='ocr_line' id='line_1_25' title="bbox 491 2939 3074 3006; baseline 0.001 -18"><span class='ocrx_word' id='word_1_227' title='bbox 491 2939 545 2988; x_wconf 85' lang='lat' dir='ltr'>in</span> <span class='ocrx_word' id='word_1_228' title='bbox 579 2939 698 2990; x_wconf 84' lang='lat' dir='ltr'><strong>loeo</strong></span> <span class='ocrx_word' id='word_1_229' title='bbox 735 2940 988 2991; x_wconf 78' lang='lat' dir='ltr'><strong>Eustath.</strong></span> <span class='ocrx_word' id='word_1_230' title='bbox 1029 2939 1188 2990; x_wconf 88' lang='lat' dir='ltr'><strong>modo</strong></span> <span class='ocrx_word' id='word_1_231' title='bbox 1221 2939 1454 2992; x_wconf 79' lang='lat' dir='ltr'><strong>laudato</strong></span> <span class='ocrx_word' id='word_1_232' title='bbox 1490 2956 1541 3005; x_wconf 89' lang='lat' dir='ltr'>p.</span> <span class='ocrx_word' id='word_1_233' title='bbox 1566 2942 1683 3004; x_wconf 82' lang='grc'>907,</span> <span class='ocrx_word' id='word_1_234' title='bbox 1711 2943 1774 2991; x_wconf 79' lang='lat'>12</span> <span class='ocrx_word' id='word_1_235' title='bbox 1812 2940 2015 2990; x_wconf 73' lang='lat' dir='ltr'><strong>collato</strong></span> <span class='ocrx_word' id='word_1_236' title='bbox 2052 2956 2171 2989; x_wconf 83' lang='lat' dir='ltr'>eum</span> <span class='ocrx_word' id='word_1_237' title='bbox 2211 2939 2388 2991; x_wconf 79' lang='lat' dir='ltr'><strong>Schol.</strong></span> <span class='ocrx_word' id='word_1_238' title='bbox 2425 2939 2527 2993; x_wconf 87' lang='lat' dir='ltr'>Od.</span> <span class='ocrx_word' id='word_1_239' title='bbox 2566 2956 2600 3006; x_wconf 88' lang='grc' dir='ltr'>η</span> <span class='ocrx_word' id='word_1_240' title='bbox 2639 2943 2753 3005; x_wconf 92' lang='grc'>107,</span> <span class='ocrx_word' id='word_1_241' title='bbox 2793 2940 2885 3006; x_wconf 85' lang='lat' dir='ltr'>qui</span> <span class='ocrx_word' id='word_1_242' title='bbox 2921 2940 3074 2990; x_wconf 76' lang='lat' dir='ltr'><strong>locus</strong></span> 
     </span>
     <span class='ocr_line' id='line_1_26' title="bbox 493 3007 3070 3073; baseline 0.001 -16"><span class='ocrx_word' id='word_1_243' title='bbox 493 3025 556 3057; x_wconf 77' lang='lat' dir='ltr'>ex</span> <span class='ocrx_word' id='word_1_244' title='bbox 591 3010 743 3061; x_wconf 84' lang='lat' dir='ltr'><strong>Pros.</strong></span> <span class='ocrx_word' id='word_1_245' title='bbox 782 3007 980 3071; x_wconf 75' lang='lat' dir='ltr'><strong>Odyss.</strong></span> <span class='ocrx_word' id='word_1_246' title='bbox 1019 3015 1299 3073; x_wconf 78' lang='lat' dir='ltr'><strong>promptus</strong></span> <span class='ocrx_word' id='word_1_247' title='bbox 1335 3009 1568 3059; x_wconf 80' lang='lat' dir='ltr'><strong>videtur.</strong></span> <span class='ocrx_word' id='word_1_248' title='bbox 1639 3007 1828 3073; x_wconf 87' lang='grc' dir='ltr'>θαιρός</span> <span class='ocrx_word' id='word_1_249' title='bbox 1866 3007 2056 3058; x_wconf 80' lang='lat' dir='ltr'><strong>addidi</strong></span> <span class='ocrx_word' id='word_1_250' title='bbox 2093 3025 2158 3058; x_wconf 86' lang='lat' dir='ltr'>ex</span> <span class='ocrx_word' id='word_1_251' title='bbox 2197 3008 2389 3060; x_wconf 84' lang='lat' dir='ltr'><strong>Choer.</strong></span> <span class='ocrx_word' id='word_1_252' title='bbox 2427 3009 2605 3073; x_wconf 84' lang='lat' dir='ltr'><strong>Epim.</strong></span> <span class='ocrx_word' id='word_1_253' title='bbox 2653 3010 2710 3059; x_wconf 87' lang='lat' dir='ltr'>in</span> <span class='ocrx_word' id='word_1_254' title='bbox 2746 3010 2947 3061; x_wconf 71' lang='lat' dir='ltr'><strong>Psalm.</strong></span> <span class='ocrx_word' id='word_1_255' title='bbox 2984 3011 3070 3070; x_wconf 79' lang='lat'>46,</span> 
     </span>
     <span class='ocr_line' id='line_1_27' title="bbox 490 3073 3071 3143; baseline 0 -17"><span class='ocrx_word' id='word_1_256' title='bbox 490 3079 578 3126; x_wconf 74' lang='lat'>36:</span> <span class='ocrx_word' id='word_1_257' title='bbox 614 3076 686 3127; x_wconf 84' lang='grc' dir='ltr'>τὰ</span> <span class='ocrx_word' id='word_1_258' title='bbox 721 3074 800 3126; x_wconf 81' lang='grc' dir='ltr'>εἰς</span> <span class='ocrx_word' id='word_1_259' title='bbox 838 3078 937 3138; x_wconf 75' lang='grc' dir='ltr'>’ροῖ</span> <span class='ocrx_word' id='word_1_260' title='bbox 972 3075 1188 3140; x_wconf 83' lang='grc' dir='ltr'>καθαρὰ</span> <span class='ocrx_word' id='word_1_261' title='bbox 1221 3075 1519 3140; x_wconf 84' lang='grc' dir='ltr'>διςύλλαβα</span> <span class='ocrx_word' id='word_1_262' title='bbox 1553 3079 1625 3143; x_wconf 76' lang='grc' dir='ltr'>τῇ</span> <span class='ocrx_word' id='word_1_263' title='bbox 1663 3079 1718 3128; x_wconf 65' lang='lat' dir='ltr'>&lt;Tu</span> <span class='ocrx_word' id='word_1_264' title='bbox 1754 3075 2044 3142; x_wconf 85' lang='grc' dir='ltr'>διφθόγγῳ</span> <span class='ocrx_word' id='word_1_265' title='bbox 2082 3078 2306 3142; x_wconf 87' lang='grc' dir='ltr'>παραλη</span> <span class='ocrx_word' id='word_1_266' title='bbox 2346 3075 2522 3141; x_wconf 88' lang='grc' dir='ltr'>όμενα</span> <span class='ocrx_word' id='word_1_267' title='bbox 2561 3073 2610 3129; x_wconf 83' lang='grc' dir='ltr'>εἰ</span> <span class='ocrx_word' id='word_1_268' title='bbox 2634 3075 2735 3140; x_wconf 84' lang='grc' dir='ltr'>μέν</span> <span class='ocrx_word' id='word_1_269' title='bbox 2769 3074 2868 3129; x_wconf 80' lang='grc' dir='ltr'>είςι</span> <span class='ocrx_word' id='word_1_270' title='bbox 2890 3075 3071 3141; x_wconf 85' lang='grc' dir='ltr'>κύρια,</span> 
     </span>
     <span class='ocr_line' id='line_1_28' title="bbox 494 3140 3072 3211; baseline 0 -17"><span class='ocrx_word' id='word_1_271' title='bbox 494 3142 827 3208; x_wconf 85' lang='grc' dir='ltr'>βαρύνονται</span> <span class='ocrx_word' id='word_1_272' title='bbox 861 3140 985 3195; x_wconf 78' lang='grc' dir='ltr'>οἷον</span> <span class='ocrx_word' id='word_1_273' title='bbox 1021 3142 1292 3209; x_wconf 74' lang='grc' dir='ltr'>Εφοίίρος,</span> <span class='ocrx_word' id='word_1_274' title='bbox 1331 3141 1589 3209; x_wconf 80' lang='grc' dir='ltr'>(καῖρος,</span> <span class='ocrx_word' id='word_1_275' title='bbox 1627 3143 1677 3198; x_wconf 74' lang='grc' dir='ltr'>εἰ</span> <span class='ocrx_word' id='word_1_276' title='bbox 1712 3145 1774 3197; x_wconf 79' lang='grc' dir='ltr'>δὲ</span> <span class='ocrx_word' id='word_1_277' title='bbox 1813 3143 1915 3209; x_wconf 90' lang='grc' dir='ltr'>μή,</span> <span class='ocrx_word' id='word_1_278' title='bbox 1953 3143 2250 3197; x_wconf 84' lang='grc' dir='ltr'>ὁξύνονται</span> <span class='ocrx_word' id='word_1_279' title='bbox 2286 3158 2318 3196; x_wconf 93' lang='grc' dir='ltr'>ο</span> <span class='ocrx_word' id='word_1_280' title='bbox 2343 3159 2410 3196; x_wconf 90' lang='grc' dir='ltr'>ον</span> <span class='ocrx_word' id='word_1_281' title='bbox 2447 3144 2636 3211; x_wconf 85' lang='grc' dir='ltr'>καιρός</span> <span class='ocrx_word' id='word_1_282' title='bbox 2661 3144 2851 3210; x_wconf 88' lang='grc' dir='ltr'>θαιρός</span> <span class='ocrx_word' id='word_1_283' title='bbox 2889 3151 2946 3195; x_wconf 80' lang='lat' dir='ltr'><strong>et</strong></span> <span class='ocrx_word' id='word_1_284' title='bbox 2971 3145 3072 3195; x_wconf 79' lang='lat' dir='ltr'>An.</span> 
     </span>
     <span class='ocr_line' id='line_1_29' title="bbox 493 3213 3071 3279; baseline 0 -17"><span class='ocrx_word' id='word_1_285' title='bbox 493 3213 590 3262; x_wconf 85' lang='lat' dir='ltr'>Ox.</span> <span class='ocrx_word' id='word_1_286' title='bbox 625 3214 681 3264; x_wconf 88' lang='lat' dir='ltr'><strong>H</strong></span> <span class='ocrx_word' id='word_1_287' title='bbox 717 3214 843 3274; x_wconf 77' lang='lat'><strong>365,</strong></span> <span class='ocrx_word' id='word_1_288' title='bbox 882 3216 938 3273; x_wconf 88' lang='lat'>3,</span> <span class='ocrx_word' id='word_1_289' title='bbox 985 3213 1130 3263; x_wconf 83' lang='lat' dir='ltr'><strong>unde</strong></span> <span class='ocrx_word' id='word_1_290' title='bbox 1169 3213 1592 3278; x_wconf 79' lang='lat' dir='ltr'>explicationem</span> <span class='ocrx_word' id='word_1_291' title='bbox 1627 3220 1686 3264; x_wconf 83' lang='lat' dir='ltr'><strong>et</strong></span> <span class='ocrx_word' id='word_1_292' title='bbox 1719 3214 1893 3264; x_wconf 81' lang='lat' dir='ltr'><strong>verba</strong></span> <span class='ocrx_word' id='word_1_293' title='bbox 1926 3214 2225 3264; x_wconf 75' lang='lat' dir='ltr'><strong>Homerica</strong></span> <span class='ocrx_word' id='word_1_294' title='bbox 2262 3215 2488 3279; x_wconf 76' lang='lat' dir='ltr'><strong>sumpsi.</strong></span> <span class='ocrx_word' id='word_1_295' title='bbox 2728 3214 2763 3264; x_wconf 93' lang='lat'>1.</span> <span class='ocrx_word' id='word_1_296' title='bbox 2799 3217 2831 3266; x_wconf 80' lang='lat'><strong>5</strong></span> <span class='ocrx_word' id='word_1_297' title='bbox 2864 3214 3071 3278; x_wconf 79' lang='grc' dir='ltr'>ταῦρος</span> 
     </span>
     <span class='ocr_line' id='line_1_30' title="bbox 494 3278 3076 3347; baseline 0.002 -20"><span class='ocrx_word' id='word_1_298' title='bbox 494 3281 610 3344; x_wconf 80' lang='lat' dir='ltr'><strong>ipse</strong></span> <span class='ocrx_word' id='word_1_299' title='bbox 646 3284 872 3347; x_wconf 81' lang='lat' dir='ltr'><strong>propter</strong></span> <span class='ocrx_word' id='word_1_300' title='bbox 906 3278 1149 3345; x_wconf 79' lang='grc' dir='ltr'>Ταῦρος,</span> <span class='ocrx_word' id='word_1_301' title='bbox 1198 3281 1343 3347; x_wconf 87' lang='lat' dir='ltr'><strong>quod</strong></span> <span class='ocrx_word' id='word_1_302' title='bbox 1382 3297 1448 3332; x_wconf 81' lang='lat' dir='ltr'>ex</span> <span class='ocrx_word' id='word_1_303' title='bbox 1486 3283 1565 3336; x_wconf 80' lang='lat' dir='ltr'><strong>St.</strong></span> <span class='ocrx_word' id='word_1_304' title='bbox 1604 3282 1668 3332; x_wconf 87' lang='grc' dir='ltr'>Β.</span> <span class='ocrx_word' id='word_1_305' title='bbox 1704 3282 1911 3344; x_wconf 76' lang='lat' dir='ltr'><strong>adieci,</strong></span> <span class='ocrx_word' id='word_1_306' title='bbox 1958 3283 2216 3347; x_wconf 76' lang='lat' dir='ltr'><strong>apposui,</strong></span> <span class='ocrx_word' id='word_1_307' title='bbox 2265 3279 2525 3347; x_wconf 82' lang='grc' dir='ltr'>Μαῦρος,</span> <span class='ocrx_word' id='word_1_308' title='bbox 2561 3281 2783 3347; x_wconf 84' lang='grc' dir='ltr'>Ξαῦρος</span> <span class='ocrx_word' id='word_1_309' title='bbox 2829 3297 3076 3334; x_wconf 74' lang='lat' dir='ltr'><strong>accesse-</strong></span> 
     </span>
     <span class='ocr_line' id='line_1_31' title="bbox 433 3347 3075 3415; baseline 0.002 -18"><span class='ocrx_word' id='word_1_310' title='bbox 433 3347 442 3356; x_wconf 87' lang='lat'><strong><em>‘</em></strong></span> <span class='ocrx_word' id='word_1_311' title='bbox 495 3353 617 3399; x_wconf 84' lang='lat' dir='ltr'><strong>runt</strong></span> <span class='ocrx_word' id='word_1_312' title='bbox 662 3365 730 3400; x_wconf 80' lang='lat' dir='ltr'>ex</span> <span class='ocrx_word' id='word_1_313' title='bbox 775 3349 855 3397; x_wconf 80' lang='lat' dir='ltr'>St.</span> <span class='ocrx_word' id='word_1_314' title='bbox 895 3350 955 3398; x_wconf 90' lang='lat' dir='ltr'>B.</span> <span class='ocrx_word' id='word_1_315' title='bbox 1032 3350 1116 3400; x_wconf 82' lang='lat' dir='ltr'>De</span> <span class='ocrx_word' id='word_1_316' title='bbox 1165 3347 1412 3415; x_wconf 86' lang='grc' dir='ltr'>ἀμαυρός</span> <span class='ocrx_word' id='word_1_317' title='bbox 1459 3350 1531 3401; x_wconf 87' lang='lat' dir='ltr'>cf.</span> <span class='ocrx_word' id='word_1_318' title='bbox 1578 3351 1757 3401; x_wconf 74' lang='lat' dir='ltr'><strong>Lehrs</strong></span> <span class='ocrx_word' id='word_1_319' title='bbox 1802 3349 1871 3400; x_wconf 80' lang='lat' dir='ltr'>ad</span> <span class='ocrx_word' id='word_1_320' title='bbox 1914 3350 1979 3401; x_wconf 91' lang='lat'>11.</span> <span class='ocrx_word' id='word_1_321' title='bbox 2028 3352 2182 3401; x_wconf 84' lang='lat' dir='ltr'><strong>Pros.</strong></span> <span class='ocrx_word' id='word_1_322' title='bbox 2223 3348 2269 3402; x_wconf 87' lang='grc' dir='ltr'>Θ</span> <span class='ocrx_word' id='word_1_323' title='bbox 2318 3352 2440 3414; x_wconf 84' lang='grc'>178,</span> <span class='ocrx_word' id='word_1_324' title='bbox 2488 3351 2625 3403; x_wconf 87' lang='lat' dir='ltr'><strong>Lob.</strong></span> <span class='ocrx_word' id='word_1_325' title='bbox 2668 3350 2839 3405; x_wconf 87' lang='lat' dir='ltr'><strong>Proll.</strong></span> <span class='ocrx_word' id='word_1_326' title='bbox 2883 3366 2938 3415; x_wconf 89' lang='lat' dir='ltr'>p.</span> <span class='ocrx_word' id='word_1_327' title='bbox 2975 3352 3075 3410; x_wconf 70' lang='lat'>209</span> 
     </span>
     <span class='ocr_line' id='line_1_32' title="bbox 495 3416 3072 3485; baseline 0.001 -19"><span class='ocrx_word' id='word_1_328' title='bbox 495 3422 603 3466; x_wconf 93' lang='lat' dir='ltr'><strong>not.</strong></span> <span class='ocrx_word' id='word_1_329' title='bbox 643 3419 705 3468; x_wconf 83' lang='lat'>18</span> <span class='ocrx_word' id='word_1_330' title='bbox 743 3421 800 3465; x_wconf 83' lang='lat' dir='ltr'><strong>et</strong></span> <span class='ocrx_word' id='word_1_331' title='bbox 834 3416 919 3465; x_wconf 86' lang='grc' dir='ltr'>ΕΙ.</span> <span class='ocrx_word' id='word_1_332' title='bbox 954 3418 981 3467; x_wconf 96' lang='lat' dir='ltr'>I</span> <span class='ocrx_word' id='word_1_333' title='bbox 1016 3433 1067 3481; x_wconf 88' lang='lat' dir='ltr'>p.</span> <span class='ocrx_word' id='word_1_334' title='bbox 1105 3421 1185 3467; x_wconf 76' lang='lat'>22.</span> <span class='ocrx_word' id='word_1_335' title='bbox 1288 3417 1323 3468; x_wconf 89' lang='lat' dir='ltr'>l.</span> <span class='ocrx_word' id='word_1_336' title='bbox 1363 3421 1425 3468; x_wconf 79' lang='lat'>12</span> <span class='ocrx_word' id='word_1_337' title='bbox 1464 3418 1839 3484; x_wconf 78' lang='lat' dir='ltr'><strong>diphthongus</strong></span> <span class='ocrx_word' id='word_1_338' title='bbox 1873 3419 1925 3469; x_wconf 63' lang='grc' dir='ltr'>ᾗ</span> <span class='ocrx_word' id='word_1_339' title='bbox 1960 3420 2356 3484; x_wconf 71' lang='lat' dir='ltr'><strong>praetermissa</strong></span> <span class='ocrx_word' id='word_1_340' title='bbox 2392 3422 2481 3469; x_wconf 81' lang='lat' dir='ltr'><strong>ost</strong></span> <span class='ocrx_word' id='word_1_341' title='bbox 2517 3419 2756 3470; x_wconf 72' lang='lat' dir='ltr'><strong>fortasse</strong></span> <span class='ocrx_word' id='word_1_342' title='bbox 2794 3419 2925 3485; x_wconf 79' lang='lat' dir='ltr'><strong>quia</strong></span> <span class='ocrx_word' id='word_1_343' title='bbox 2960 3419 3072 3470; x_wconf 78' lang='lat' dir='ltr'>He-</span> 
     </span>
     <span class='ocr_line' id='line_1_33' title="bbox 495 3483 3075 3552; baseline 0.002 -20"><span class='ocrx_word' id='word_1_344' title='bbox 495 3485 751 3535; x_wconf 72' lang='lat' dir='ltr'><strong>rodimus</strong></span> <span class='ocrx_word' id='word_1_345' title='bbox 787 3483 1063 3549; x_wconf 78' lang='lat' dir='ltr'><strong>bisyllaba</strong></span> <span class='ocrx_word' id='word_1_346' title='bbox 1099 3487 1156 3535; x_wconf 88' lang='lat' dir='ltr'>in</span> <span class='ocrx_word' id='word_1_347' title='bbox 1181 3488 1277 3550; x_wconf 70' lang='grc' dir='ltr'>ρδς</span> <span class='ocrx_word' id='word_1_348' title='bbox 1304 3485 1644 3552; x_wconf 79' lang='lat' dir='ltr'><strong>diphthongo</strong></span> <span class='ocrx_word' id='word_1_349' title='bbox 1670 3485 1953 3552; x_wconf 80' lang='lat' dir='ltr'><strong>praefiniri</strong></span> <span class='ocrx_word' id='word_1_350' title='bbox 1977 3489 2234 3552; x_wconf 77' lang='lat' dir='ltr'><strong>negavit,</strong></span> <span class='ocrx_word' id='word_1_351' title='bbox 2269 3486 2362 3537; x_wconf 74' lang='lat' dir='ltr'>sed</span> <span class='ocrx_word' id='word_1_352' title='bbox 2398 3502 2466 3537; x_wconf 81' lang='lat' dir='ltr'>ex</span> <span class='ocrx_word' id='word_1_353' title='bbox 2497 3486 2766 3552; x_wconf 78' lang='lat' dir='ltr'><strong>Hesychii</strong></span> <span class='ocrx_word' id='word_1_354' title='bbox 2799 3488 3075 3552; x_wconf 71' lang='lat' dir='ltr'><strong>scriptura</strong></span> 
     </span>
     <span class='ocr_line' id='line_1_34' title="bbox 495 3550 3071 3622; baseline 0.002 -20"><span class='ocrx_word' id='word_1_355' title='bbox 495 3556 702 3617; x_wconf 85' lang='grc' dir='ltr'>ςκεῑρος</span> <span class='ocrx_word' id='word_1_356' title='bbox 739 3550 1016 3617; x_wconf 84' lang='grc' dir='ltr'>(λατύπη)</span> <span class='ocrx_word' id='word_1_357' title='bbox 1054 3559 1111 3603; x_wconf 87' lang='lat' dir='ltr'><strong>et</strong></span> <span class='ocrx_word' id='word_1_358' title='bbox 1148 3552 1360 3618; x_wconf 88' lang='grc' dir='ltr'>ςκειρός</span> <span class='ocrx_word' id='word_1_359' title='bbox 1396 3553 1683 3620; x_wconf 87' lang='grc' dir='ltr'>(ςκληρός)</span> <span class='ocrx_word' id='word_1_360' title='bbox 1722 3561 1777 3606; x_wconf 80' lang='lat' dir='ltr'><strong>et</strong></span> <span class='ocrx_word' id='word_1_361' title='bbox 1812 3552 1997 3619; x_wconf 89' lang='grc' dir='ltr'>νειρός</span> <span class='ocrx_word' id='word_1_362' title='bbox 2034 3553 2275 3619; x_wconf 89' lang='grc' dir='ltr'>ςφοδρός</span> <span class='ocrx_word' id='word_1_363' title='bbox 2311 3554 2567 3606; x_wconf 77' lang='lat' dir='ltr'><strong>concludi</strong></span> <span class='ocrx_word' id='word_1_364' title='bbox 2610 3561 2797 3622; x_wconf 73' lang='lat' dir='ltr'><strong>potest</strong></span> <span class='ocrx_word' id='word_1_365' title='bbox 2840 3556 3071 3606; x_wconf 84' lang='lat' dir='ltr'><strong>mentio-</strong></span> 
     </span>
     <span class='ocr_line' id='line_1_35' title="bbox 492 3620 3075 3689; baseline 0 -19"><span class='ocrx_word' id='word_1_366' title='bbox 492 3635 612 3671; x_wconf 84' lang='lat' dir='ltr'>nem</span> <span class='ocrx_word' id='word_1_367' title='bbox 647 3627 797 3671; x_wconf 82' lang='lat' dir='ltr'><strong>certe</strong></span> <span class='ocrx_word' id='word_1_368' title='bbox 834 3621 1090 3671; x_wconf 80' lang='lat' dir='ltr'><strong>iniectam</strong></span> <span class='ocrx_word' id='word_1_369' title='bbox 1128 3620 1301 3672; x_wconf 77' lang='lat' dir='ltr'><strong>fuisse</strong></span> <span class='ocrx_word' id='word_1_370' title='bbox 1339 3624 1721 3673; x_wconf 79' lang='lat' dir='ltr'><strong>vocabulorum</strong></span> <span class='ocrx_word' id='word_1_371' title='bbox 1747 3640 1780 3674; x_wconf 80' lang='lat' dir='ltr'><strong>a</strong></span> <span class='ocrx_word' id='word_1_372' title='bbox 1807 3623 2132 3688; x_wconf 79' lang='lat' dir='ltr'><strong>quibusdam</strong></span> <span class='ocrx_word' id='word_1_373' title='bbox 2157 3640 2255 3689; x_wconf 82' lang='lat' dir='ltr'>per</span> <span class='ocrx_word' id='word_1_374' title='bbox 2289 3627 2339 3675; x_wconf 75' lang='grc' dir='ltr'>ἒῑ</span> <span class='ocrx_word' id='word_1_375' title='bbox 2363 3624 2715 3689; x_wconf 75' lang='lat' dir='ltr'><strong>scriptorum,</strong></span> <span class='ocrx_word' id='word_1_376' title='bbox 2754 3624 3075 3689; x_wconf 72' lang='lat' dir='ltr'><strong>praesertim</strong></span> 
     </span>
     <span class='ocr_line' id='line_1_36' title="bbox 494 3673 3077 3757; baseline 0.001 -19"><span class='ocrx_word' id='word_1_377' title='bbox 494 3704 652 3753; x_wconf 87' lang='lat' dir='ltr'>quum</span> <span class='ocrx_word' id='word_1_378' title='bbox 700 3690 756 3739; x_wconf 92' lang='lat' dir='ltr'>in</span> <span class='ocrx_word' id='word_1_379' title='bbox 789 3673 988 3739; x_wconf 64' lang='lat' dir='ltr'><strong>bhoer.</strong></span> <span class='ocrx_word' id='word_1_380' title='bbox 1034 3689 1190 3741; x_wconf 84' lang='lat' dir='ltr'><strong>Orth.</strong></span> <span class='ocrx_word' id='word_1_381' title='bbox 1236 3695 1295 3740; x_wconf 79' lang='lat' dir='ltr'><strong>et</strong></span> <span class='ocrx_word' id='word_1_382' title='bbox 1337 3691 1396 3740; x_wconf 87' lang='lat' dir='ltr'>in</span> <span class='ocrx_word' id='word_1_383' title='bbox 1441 3691 1507 3744; x_wconf 84' lang='grc' dir='ltr'>Ε.</span> <span class='ocrx_word' id='word_1_384' title='bbox 1543 3692 1615 3741; x_wconf 81' lang='grc' dir='ltr'>Μ.</span> <span class='ocrx_word' id='word_1_385' title='bbox 1663 3690 1975 3742; x_wconf 83' lang='lat' dir='ltr'><strong>huiusmodi</strong></span> <span class='ocrx_word' id='word_1_386' title='bbox 2020 3692 2297 3757; x_wconf 76' lang='lat' dir='ltr'><strong>scriptura</strong></span> <span class='ocrx_word' id='word_1_387' title='bbox 2340 3697 2684 3743; x_wconf 79' lang='lat' dir='ltr'><strong>memoretur.</strong></span> <span class='ocrx_word' id='word_1_388' title='bbox 2765 3694 2949 3756; x_wconf 71' lang='lat' dir='ltr'><strong>Quare</strong></span> <span class='ocrx_word' id='word_1_389' title='bbox 2996 3694 3077 3742; x_wconf 72' lang='lat' dir='ltr'>sie</span> 
     </span>
     <span class='ocr_line' id='line_1_37' title="bbox 495 3756 3075 3827; baseline 0.002 -22"><span class='ocrx_word' id='word_1_390' title='bbox 495 3756 606 3808; x_wconf 80' lang='lat' dir='ltr'><strong>fere</strong></span> <span class='ocrx_word' id='word_1_391' title='bbox 645 3772 912 3808; x_wconf 76' lang='lat' dir='ltr'><strong>canonem</strong></span> <span class='ocrx_word' id='word_1_392' title='bbox 995 3758 1292 3808; x_wconf 77' lang='lat' dir='ltr'>recessisse</span> <span class='ocrx_word' id='word_1_393' title='bbox 1338 3758 1599 3809; x_wconf 78' lang='lat' dir='ltr'><strong>arbitror:</strong></span> <span class='ocrx_word' id='word_1_394' title='bbox 1645 3758 1718 3810; x_wconf 86' lang='grc' dir='ltr'>τὰ</span> <span class='ocrx_word' id='word_1_395' title='bbox 1763 3757 1842 3811; x_wconf 72' lang='grc' dir='ltr'>εἰς</span> <span class='ocrx_word' id='word_1_396' title='bbox 1878 3763 1975 3825; x_wconf 58' lang='lat' dir='ltr'>fibi:</span> <span class='ocrx_word' id='word_1_397' title='bbox 2012 3758 2311 3823; x_wconf 84' lang='grc' dir='ltr'>διςύλλαβα</span> <span class='ocrx_word' id='word_1_398' title='bbox 2356 3762 2427 3826; x_wconf 74' lang='grc' dir='ltr'>τῇ</span> <span class='ocrx_word' id='word_1_399' title='bbox 2465 3762 2513 3812; x_wconf 66' lang='grc' dir='ltr'>ἐἶ</span> <span class='ocrx_word' id='word_1_400' title='bbox 2562 3758 2853 3827; x_wconf 82' lang='grc' dir='ltr'>διφθόγγῳ</span> <span class='ocrx_word' id='word_1_401' title='bbox 2900 3772 3075 3823; x_wconf 80' lang='grc' dir='ltr'>παρα·</span> 
     </span>
     <span class='ocr_line' id='line_1_38' title="bbox 493 3773 3075 3893; baseline 0.001 -19"><span class='ocrx_word' id='word_1_402' title='bbox 493 3824 777 3890; x_wconf 87' lang='grc' dir='ltr'>ληγόμενα</span> <span class='ocrx_word' id='word_1_403' title='bbox 811 3773 1274 3889; x_wconf 57' lang='grc' dir='ltr'>ἀμφιὲαλλόμενα</span> <span class='ocrx_word' id='word_1_404' title='bbox 1310 3822 1512 3877; x_wconf 86' lang='grc' dir='ltr'>ςπάνια</span> <span class='ocrx_word' id='word_1_405' title='bbox 1547 3825 1835 3879; x_wconf 83' lang='grc' dir='ltr'>ἑπιθετικὰ</span> <span class='ocrx_word' id='word_1_406' title='bbox 1872 3827 1974 3892; x_wconf 88' lang='grc' dir='ltr'>μὲν</span> <span class='ocrx_word' id='word_1_407' title='bbox 2010 3827 2151 3879; x_wconf 79' lang='grc' dir='ltr'>ὄντα</span> <span class='ocrx_word' id='word_1_408' title='bbox 2187 3826 2473 3892; x_wconf 89' lang='grc' dir='ltr'>ὀξύνεται,</span> <span class='ocrx_word' id='word_1_409' title='bbox 2521 3827 2734 3892; x_wconf 87' lang='grc' dir='ltr'>ςκειρός</span> <span class='ocrx_word' id='word_1_410' title='bbox 2770 3827 2803 3880; x_wconf 87' lang='grc' dir='ltr'>ὁ</span> <span class='ocrx_word' id='word_1_411' title='bbox 2838 3825 3075 3893; x_wconf 84' lang='grc' dir='ltr'>ςκληρός</span> 
     </span>
     <span class='ocr_line' id='line_1_39' title="bbox 493 3891 3075 3981; baseline 0 -36"><span class='ocrx_word' id='word_1_412' title='bbox 493 3893 582 3945; x_wconf 80' lang='grc' dir='ltr'>καὶ</span> <span class='ocrx_word' id='word_1_413' title='bbox 617 3892 800 3958; x_wconf 86' lang='grc' dir='ltr'>νειρός</span> <span class='ocrx_word' id='word_1_414' title='bbox 837 3892 870 3945; x_wconf 87' lang='grc' dir='ltr'>ὁ</span> <span class='ocrx_word' id='word_1_415' title='bbox 907 3892 1174 3957; x_wconf 84' lang='grc' dir='ltr'>ςφοδρός,</span> <span class='ocrx_word' id='word_1_416' title='bbox 1206 3892 1281 3975; x_wconf 68' lang='grc' dir='ltr'>τὸ</span> <span class='ocrx_word' id='word_1_417' title='bbox 1318 3891 1380 3944; x_wconf 84' lang='grc' dir='ltr'>δὲ</span> <span class='ocrx_word' id='word_1_418' title='bbox 1417 3894 1827 3976; x_wconf 84' lang='grc' dir='ltr'>προςηγορικὸν</span> <span class='ocrx_word' id='word_1_419' title='bbox 1864 3900 2077 3961; x_wconf 83' lang='grc' dir='ltr'>ςκεῖρος</span> <span class='ocrx_word' id='word_1_420' title='bbox 2113 3895 2149 3959; x_wconf 88' lang='grc' dir='ltr'>ἡ</span> <span class='ocrx_word' id='word_1_421' title='bbox 2189 3895 2413 3962; x_wconf 87' lang='grc' dir='ltr'>λατύπη</span> <span class='ocrx_word' id='word_1_422' title='bbox 2452 3895 2765 3981; x_wconf 53' lang='grc' dir='ltr'>βαρύνεται.</span> <span class='ocrx_word' id='word_1_423' title='bbox 2938 3897 2972 3946; x_wconf 88' lang='lat'>1.</span> <span class='ocrx_word' id='word_1_424' title='bbox 3012 3898 3075 3945; x_wconf 86' lang='lat'>14</span> 
     </span>
     <span class='ocr_line' id='line_1_40' title="bbox 493 3961 3075 4098; baseline 0.001 -19"><span class='ocrx_word' id='word_1_425' title='bbox 493 3967 866 4093; x_wconf 46' lang='lat' dir='ltr'>{zaffffffi</span> <span class='ocrx_word' id='word_1_426' title='bbox 879 3961 1335 4094; x_wconf 56' lang='grc' dir='ltr'>ῗθψῖἱὲἓῖὶῧρῖῖ</span> <span class='ocrx_word' id='word_1_427' title='bbox 1361 3961 1882 4098; x_wconf 50' lang='grc' dir='ltr'>ᾒέἷὲοῖέςῖἓθοξὲῥ</span> <span class='ocrx_word' id='word_1_428' title='bbox 1915 3968 2112 4083; x_wconf 53' lang='grc' dir='ltr'>ἵεοᾰοΒὲ</span> <span class='ocrx_word' id='word_1_429' title='bbox 2158 3965 2388 4096; x_wconf 39' lang='lat'><strong>&amp;¹330</strong></span> <span class='ocrx_word' id='word_1_430' title='bbox 2400 3966 2670 4084; x_wconf 57' lang='lat' dir='ltr'>dioc⁰⁰1¹&lt;³31⁶</span> <span class='ocrx_word' id='word_1_431' title='bbox 2706 3961 3075 4083; x_wconf 61' lang='grc' dir='ltr'>Ξῗοέ”οἷὶ;,ῗ.</span> 
     </span>
     <span class='ocr_line' id='line_1_41' title="bbox 493 4094 3077 4165; baseline 0.001 -19"><span class='ocrx_word' id='word_1_432' title='bbox 493 4094 818 4162; x_wconf 87' lang='grc' dir='ltr'>ἀνεγνώςθη</span> <span class='ocrx_word' id='word_1_433' title='bbox 854 4096 916 4148; x_wconf 84' lang='grc' dir='ltr'>δὲ</span> <span class='ocrx_word' id='word_1_434' title='bbox 950 4096 1086 4150; x_wconf 79' lang='grc' dir='ltr'>κατ’</span> <span class='ocrx_word' id='word_1_435' title='bbox 1120 4095 1307 4150; x_wconf 81' lang='grc' dir='ltr'>ὀξεῖαν</span> <span class='ocrx_word' id='word_1_436' title='bbox 1341 4095 1512 4148; x_wconf 86' lang='grc' dir='ltr'>τάςιν.</span> <span class='ocrx_word' id='word_1_437' title='bbox 1584 4098 1616 4150; x_wconf 86' lang='grc' dir='ltr'>ὁ</span> <span class='ocrx_word' id='word_1_438' title='bbox 1652 4098 1759 4165; x_wconf 85' lang='grc' dir='ltr'>γὰρ</span> <span class='ocrx_word' id='word_1_439' title='bbox 1798 4099 2149 4164; x_wconf 78' lang='grc' dir='ltr'>Ἀρίςταρχος</span> <span class='ocrx_word' id='word_1_440' title='bbox 2186 4099 2559 4165; x_wconf 89' lang='grc' dir='ltr'>παρήγγελεν.</span> <span class='ocrx_word' id='word_1_441' title='bbox 2630 4097 2762 4151; x_wconf 80' lang='grc' dir='ltr'>ἴςως</span> <span class='ocrx_word' id='word_1_442' title='bbox 2798 4097 2860 4150; x_wconf 79' lang='grc' dir='ltr'>δὲ</span> <span class='ocrx_word' id='word_1_443' title='bbox 2897 4112 3077 4164; x_wconf 76' lang='grc' dir='ltr'>ςημει·</span> 
     </span>
     <span class='ocr_line' id='line_1_42' title="bbox 494 4162 3077 4233; baseline 0.001 -17"><span class='ocrx_word' id='word_1_444' title='bbox 494 4163 641 4232; x_wconf 85' lang='grc' dir='ltr'>ώδης</span> <span class='ocrx_word' id='word_1_445' title='bbox 678 4165 711 4216; x_wconf 87' lang='grc' dir='ltr'>ό</span> <span class='ocrx_word' id='word_1_446' title='bbox 745 4164 938 4217; x_wconf 85' lang='grc' dir='ltr'>τόνος·</span> <span class='ocrx_word' id='word_1_447' title='bbox 974 4164 1046 4217; x_wconf 85' lang='grc' dir='ltr'>τὰ</span> <span class='ocrx_word' id='word_1_448' title='bbox 1080 4164 1187 4231; x_wconf 82' lang='grc' dir='ltr'>γὰρ</span> <span class='ocrx_word' id='word_1_449' title='bbox 1222 4162 1301 4216; x_wconf 82' lang='grc' dir='ltr'>είς</span> <span class='ocrx_word' id='word_1_450' title='bbox 1335 4167 1439 4230; x_wconf 57' lang='grc' dir='ltr'>βπ</span> <span class='ocrx_word' id='word_1_451' title='bbox 1475 4165 1726 4229; x_wconf 86' lang='grc' dir='ltr'>λήγοντα</span> <span class='ocrx_word' id='word_1_452' title='bbox 1760 4168 2058 4231; x_wconf 87' lang='grc' dir='ltr'>διςύλλαβα</span> <span class='ocrx_word' id='word_1_453' title='bbox 2091 4166 2245 4218; x_wconf 82' lang='grc' dir='ltr'>ἁπλᾶ</span> <span class='ocrx_word' id='word_1_454' title='bbox 2280 4167 2485 4230; x_wconf 77' lang='grc' dir='ltr'>ἔχοντα</span> <span class='ocrx_word' id='word_1_455' title='bbox 2520 4167 2629 4233; x_wconf 81' lang='grc' dir='ltr'>τὴν</span> <span class='ocrx_word' id='word_1_456' title='bbox 2663 4171 2730 4219; x_wconf 64' lang='grc' dir='ltr'>οῖ)</span> <span class='ocrx_word' id='word_1_457' title='bbox 2767 4164 3077 4230; x_wconf 76' lang='grc' dir='ltr'>δίφθογγον</span> 
     </span>
     <span class='ocr_line' id='line_1_43' title="bbox 494 4231 3077 4353; baseline 0 -70"><span class='ocrx_word' id='word_1_458' title='bbox 494 4231 823 4353; x_wconf 56' lang='grc' dir='ltr'>ἐβαρύνετο,</span> <span class='ocrx_word' id='word_1_459' title='bbox 861 4236 1092 4300; x_wconf 80' lang='grc' dir='ltr'>κοῦρος,</span> <span class='ocrx_word' id='word_1_460' title='bbox 1130 4235 1359 4298; x_wconf 81' lang='grc' dir='ltr'>θοῦρος,</span> <span class='ocrx_word' id='word_1_461' title='bbox 1397 4231 1579 4298; x_wconf 82' lang='grc' dir='ltr'>οὖρος.</span> <span class='ocrx_word' id='word_1_462' title='bbox 1651 4235 1741 4287; x_wconf 81' lang='grc' dir='ltr'>καὶ</span> <span class='ocrx_word' id='word_1_463' title='bbox 1775 4234 1883 4299; x_wconf 82' lang='grc' dir='ltr'>γὰρ</span> <span class='ocrx_word' id='word_1_464' title='bbox 1919 4236 2101 4286; x_wconf 82' lang='grc' dir='ltr'>ταῦτα</span> <span class='ocrx_word' id='word_1_465' title='bbox 2135 4234 2395 4300; x_wconf 86' lang='grc' dir='ltr'>περιςςὸν</span> <span class='ocrx_word' id='word_1_466' title='bbox 2431 4235 2545 4299; x_wconf 84' lang='grc' dir='ltr'>ἔχει</span> <span class='ocrx_word' id='word_1_467' title='bbox 2580 4234 2650 4287; x_wconf 87' lang='grc' dir='ltr'>τὸ</span> <span class='ocrx_word' id='word_1_468' title='bbox 2685 4239 2735 4285; x_wconf 85' lang='grc' dir='ltr'>ῦ.</span> <span class='ocrx_word' id='word_1_469' title='bbox 2803 4233 2939 4286; x_wconf 79' lang='grc' dir='ltr'>ἴςως</span> <span class='ocrx_word' id='word_1_470' title='bbox 2973 4232 3077 4285; x_wconf 86' lang='grc' dir='ltr'>οὖν</span> 
     </span>
     <span class='ocr_line' id='line_1_44' title="bbox 494 4299 3077 4368; baseline 0 -16"><span class='ocrx_word' id='word_1_471' title='bbox 494 4314 518 4351; x_wconf 90' lang='grc' dir='ltr'>ε</span> <span class='ocrx_word' id='word_1_472' title='bbox 544 4315 571 4353; x_wconf 94' lang='grc' dir='ltr'>ς</span> <span class='ocrx_word' id='word_1_473' title='bbox 606 4301 913 4366; x_wconf 86' lang='grc' dir='ltr'>ἀποφυγὴν</span> <span class='ocrx_word' id='word_1_474' title='bbox 947 4305 1052 4353; x_wconf 84' lang='grc' dir='ltr'>τοῦ</span> <span class='ocrx_word' id='word_1_475' title='bbox 1100 4300 1194 4354; x_wconf 79' lang='grc' dir='ltr'>ἐπὶ</span> <span class='ocrx_word' id='word_1_476' title='bbox 1237 4303 1340 4352; x_wconf 83' lang='grc' dir='ltr'>τοῦ</span> <span class='ocrx_word' id='word_1_477' title='bbox 1386 4299 1611 4366; x_wconf 87' lang='grc' dir='ltr'>ἀνέμου.</span> <span class='ocrx_word' id='word_1_478' title='bbox 1681 4303 1773 4355; x_wconf 79' lang='grc' dir='ltr'>καὶ</span> <span class='ocrx_word' id='word_1_479' title='bbox 1814 4301 1923 4368; x_wconf 82' lang='grc' dir='ltr'>γὰρ</span> <span class='ocrx_word' id='word_1_480' title='bbox 1966 4301 2058 4353; x_wconf 80' lang='grc' dir='ltr'>καὶ</span> <span class='ocrx_word' id='word_1_481' title='bbox 2095 4300 2196 4352; x_wconf 77' lang='grc' dir='ltr'>ἐπ’</span> <span class='ocrx_word' id='word_1_482' title='bbox 2233 4301 2426 4354; x_wconf 80' lang='grc' dir='ltr'>ἄλλων</span> <span class='ocrx_word' id='word_1_483' title='bbox 2470 4302 2540 4353; x_wconf 85' lang='grc' dir='ltr'>τὸ</span> <span class='ocrx_word' id='word_1_484' title='bbox 2585 4306 2814 4355; x_wconf 79' lang='grc' dir='ltr'>τοιοῦτο</span> <span class='ocrx_word' id='word_1_485' title='bbox 2860 4304 3009 4353; x_wconf 79' lang='grc' dir='ltr'>ποιεῖ</span> <span class='ocrx_word' id='word_1_486' title='bbox 3045 4303 3077 4352; x_wconf 83' lang='grc' dir='ltr'>ὁ</span> 
     </span>
     <span class='ocr_line' id='line_1_45' title="bbox 494 4367 3078 4435; baseline 0 -16"><span class='ocrx_word' id='word_1_487' title='bbox 494 4367 649 4435; x_wconf 88' lang='grc' dir='ltr'>ἀνήρ.</span> <span class='ocrx_word' id='word_1_488' title='bbox 721 4372 1212 4421; x_wconf 81' lang='lat' dir='ltr'><strong>Commemoratum</strong></span> <span class='ocrx_word' id='word_1_489' title='bbox 1249 4370 1358 4419; x_wconf 82' lang='lat' dir='ltr'><strong>fuit</strong></span> <span class='ocrx_word' id='word_1_490' title='bbox 1392 4369 1485 4419; x_wconf 77' lang='lat' dir='ltr'>hic</span> <span class='ocrx_word' id='word_1_491' title='bbox 1521 4371 1689 4421; x_wconf 78' lang='lat' dir='ltr'><strong>etiam</strong></span> <span class='ocrx_word' id='word_1_492' title='bbox 1725 4370 1791 4423; x_wconf 92' lang='grc' dir='ltr'>οὖ</span> <span class='ocrx_word' id='word_1_493' title='bbox 1830 4384 1893 4422; x_wconf 90' lang='grc' dir='ltr'>ος</span> <span class='ocrx_word' id='word_1_494' title='bbox 1929 4368 1963 4421; x_wconf 82' lang='grc' dir='ltr'>ὁ</span> <span class='ocrx_word' id='word_1_495' title='bbox 1999 4368 2157 4434; x_wconf 87' lang='grc' dir='ltr'>ὅρος,</span> <span class='ocrx_word' id='word_1_496' title='bbox 2199 4370 2266 4419; x_wconf 78' lang='lat' dir='ltr'>de</span> <span class='ocrx_word' id='word_1_497' title='bbox 2341 4387 2410 4420; x_wconf 90' lang='lat' dir='ltr'>uo</span> <span class='ocrx_word' id='word_1_498' title='bbox 2448 4368 2492 4422; x_wconf 95' lang='grc' dir='ltr'>Α</span> <span class='ocrx_word' id='word_1_499' title='bbox 2529 4373 2653 4421; x_wconf 77' lang='lat'>554:</span> <span class='ocrx_word' id='word_1_500' title='bbox 2694 4370 2967 4435; x_wconf 86' lang='grc' dir='ltr'>εὔκηλον;</span> <span class='ocrx_word' id='word_1_501' title='bbox 3006 4370 3078 4420; x_wconf 91' lang='grc' dir='ltr'>τὸ</span> 
     </span>
     <span class='ocr_line' id='line_1_46' title="bbox 496 4435 3078 4504; baseline 0 -17"><span class='ocrx_word' id='word_1_502' title='bbox 496 4436 735 4504; x_wconf 84' lang='grc' dir='ltr'>εὔκηλον</span> <span class='ocrx_word' id='word_1_503' title='bbox 772 4438 1033 4502; x_wconf 84' lang='grc' dir='ltr'>ψιλοῠται</span> <span class='ocrx_word' id='word_1_504' title='bbox 1069 4437 1212 4490; x_wconf 85' lang='grc' dir='ltr'>κατὰ</span> <span class='ocrx_word' id='word_1_505' title='bbox 1246 4437 1348 4489; x_wconf 91' lang='grc' dir='ltr'>δύο</span> <span class='ocrx_word' id='word_1_506' title='bbox 1384 4436 1616 4503; x_wconf 90' lang='grc' dir='ltr'>λόγους,</span> <span class='ocrx_word' id='word_1_507' title='bbox 1654 4439 1744 4490; x_wconf 79' lang='grc' dir='ltr'>καὶ</span> <span class='ocrx_word' id='word_1_508' title='bbox 1854 4454 1885 4489; x_wconf 89' lang='grc' dir='ltr'>ι.</span> <span class='ocrx_word' id='word_1_509' title='bbox 1905 4436 1975 4489; x_wconf 87' lang='grc' dir='ltr'>τὸ</span> <span class='ocrx_word' id='word_1_510' title='bbox 2011 4439 2044 4489; x_wconf 88' lang='grc' dir='ltr'><strong>ῦ</strong></span> <span class='ocrx_word' id='word_1_511' title='bbox 2083 4435 2312 4489; x_wconf 81' lang='grc' dir='ltr'>ὲπεντιθ</span> <span class='ocrx_word' id='word_1_512' title='bbox 2346 4452 2518 4502; x_wconf 88' lang='grc' dir='ltr'>μενον</span> <span class='ocrx_word' id='word_1_513' title='bbox 2552 4438 2707 4502; x_wconf 82' lang='grc' dir='ltr'>ψιλοί</span> <span class='ocrx_word' id='word_1_514' title='bbox 2742 4437 2817 4491; x_wconf 86' lang='grc' dir='ltr'>τὰ</span> <span class='ocrx_word' id='word_1_515' title='bbox 2849 4438 3078 4490; x_wconf 76' lang='grc' dir='ltr'>δαςυνό·</span> 
     </span>
     <span class='ocr_line' id='line_1_47' title="bbox 498 4504 3080 4572; baseline 0 -16"><span class='ocrx_word' id='word_1_516' title='bbox 498 4519 634 4567; x_wconf 89' lang='grc' dir='ltr'>μενα</span> <span class='ocrx_word' id='word_1_517' title='bbox 670 4505 1007 4572; x_wconf 88' lang='grc' dir='ltr'>φωνήεντα,</span> <span class='ocrx_word' id='word_1_518' title='bbox 1046 4506 1179 4572; x_wconf 82' lang='grc' dir='ltr'>ὅρος</span> <span class='ocrx_word' id='word_1_519' title='bbox 1213 4505 1412 4571; x_wconf 84' lang='grc' dir='ltr'>οὖρος,</span> <span class='ocrx_word' id='word_1_520' title='bbox 1449 4504 1580 4557; x_wconf 85' lang='grc' dir='ltr'>ὅλος</span> <span class='ocrx_word' id='word_1_521' title='bbox 1617 4505 1786 4558; x_wconf 85' lang='grc' dir='ltr'>οὖλος</span> <span class='ocrx_word' id='word_1_522' title='bbox 1832 4506 1924 4558; x_wconf 82' lang='grc' dir='ltr'>καὶ</span> <span class='ocrx_word' id='word_1_523' title='bbox 1961 4505 2050 4558; x_wconf 87' lang='grc' dir='ltr'>ὅτι</span> <span class='ocrx_word' id='word_1_524' title='bbox 2086 4506 2231 4570; x_wconf 84' lang='grc' dir='ltr'>κτλ.,</span> <span class='ocrx_word' id='word_1_525' title='bbox 2280 4512 2337 4556; x_wconf 83' lang='lat' dir='ltr'><strong>et</strong></span> <span class='ocrx_word' id='word_1_526' title='bbox 2381 4504 2549 4572; x_wconf 84' lang='grc' dir='ltr'>οὖρος</span> <span class='ocrx_word' id='word_1_527' title='bbox 2594 4505 2627 4558; x_wconf 86' lang='grc' dir='ltr'>ὁ</span> <span class='ocrx_word' id='word_1_528' title='bbox 2664 4506 2872 4571; x_wconf 83' lang='grc' dir='ltr'>φύλαξ,</span> <span class='ocrx_word' id='word_1_529' title='bbox 2923 4508 3080 4557; x_wconf 83' lang='lat' dir='ltr'><strong>cuius</strong></span> 
     </span>
     <span class='ocr_line' id='line_1_48' title="bbox 496 4570 3078 4640; baseline 0 -18"><span class='ocrx_word' id='word_1_530' title='bbox 496 4575 742 4625; x_wconf 81' lang='lat' dir='ltr'><strong>meminit</strong></span> <span class='ocrx_word' id='word_1_531' title='bbox 781 4572 824 4625; x_wconf 94' lang='grc' dir='ltr'>Ν</span> <span class='ocrx_word' id='word_1_532' title='bbox 860 4577 986 4638; x_wconf 78' lang='grc'>450,</span> <span class='ocrx_word' id='word_1_533' title='bbox 1033 4577 1129 4625; x_wconf 85' lang='lat' dir='ltr'>ubi</span> <span class='ocrx_word' id='word_1_534' title='bbox 1176 4574 1244 4625; x_wconf 81' lang='lat' dir='ltr'>de</span> <span class='ocrx_word' id='word_1_535' title='bbox 1289 4570 1551 4638; x_wconf 75' lang='grc' dir='ltr'>ἐπίουρος</span> <span class='ocrx_word' id='word_1_536' title='bbox 1598 4574 1734 4640; x_wconf 76' lang='lat' dir='ltr'><strong>agit.</strong></span> <span class='ocrx_word' id='word_1_537' title='bbox 1773 4600 1837 4612; x_wconf 93' lang='lat'>—-</span> <span class='ocrx_word' id='word_1_538' title='bbox 1882 4575 1967 4626; x_wconf 80' lang='lat' dir='ltr'>De</span> <span class='ocrx_word' id='word_1_539' title='bbox 2014 4572 2271 4639; x_wconf 86' lang='grc' dir='ltr'>Φροῦρος</span> <span class='ocrx_word' id='word_1_540' title='bbox 2316 4581 2375 4625; x_wconf 81' lang='lat' dir='ltr'><strong>et</strong></span> <span class='ocrx_word' id='word_1_541' title='bbox 2417 4573 2667 4639; x_wconf 89' lang='grc' dir='ltr'>φρουρός</span> <span class='ocrx_word' id='word_1_542' title='bbox 2701 4575 2958 4627; x_wconf 79' lang='lat' dir='ltr'><strong>Eustath.</strong></span> <span class='ocrx_word' id='word_1_543' title='bbox 3007 4574 3078 4624; x_wconf 74' lang='lat' dir='ltr'>nd</span> 
     </span>
     <span class='ocr_line' id='line_1_49' title="bbox 497 4640 3079 4707; baseline 0.002 -17"><span class='ocrx_word' id='word_1_544' title='bbox 497 4640 720 4707; x_wconf 77' lang='lat' dir='ltr'><strong>Dionys.</strong></span> <span class='ocrx_word' id='word_1_545' title='bbox 745 4644 869 4694; x_wconf 76' lang='lat'><strong>752:</strong></span> <span class='ocrx_word' id='word_1_546' title='bbox 907 4640 1152 4707; x_wconf 82' lang='grc' dir='ltr'>Φροῠροι</span> <span class='ocrx_word' id='word_1_547' title='bbox 1178 4640 1449 4696; x_wconf 77' lang='grc' dir='ltr'>(κυθικὸν</span> <span class='ocrx_word' id='word_1_548' title='bbox 1487 4640 1650 4693; x_wconf 83' lang='grc' dir='ltr'>ἔθνος</span> <span class='ocrx_word' id='word_1_549' title='bbox 1686 4641 1828 4706; x_wconf 82' lang='grc' dir='ltr'>πρὸς</span> <span class='ocrx_word' id='word_1_550' title='bbox 1864 4640 2290 4707; x_wconf 81' lang='grc' dir='ltr'>ἀντιδιαςτολὴν</span> <span class='ocrx_word' id='word_1_551' title='bbox 2326 4645 2430 4694; x_wconf 81' lang='grc' dir='ltr'>τοῦ</span> <span class='ocrx_word' id='word_1_552' title='bbox 2469 4640 2736 4707; x_wconf 84' lang='grc' dir='ltr'>φρουροί,</span> <span class='ocrx_word' id='word_1_553' title='bbox 2776 4642 2920 4707; x_wconf 86' lang='grc' dir='ltr'>ὅπερ</span> <span class='ocrx_word' id='word_1_554' title='bbox 2956 4641 3079 4696; x_wconf 86' lang='grc' dir='ltr'>ὀξυ-</span> 
     </span>
     <span class='ocr_line' id='line_1_50' title="bbox 498 4707 3077 4776; baseline 0.002 -20"><span class='ocrx_word' id='word_1_555' title='bbox 498 4707 736 4773; x_wconf 87' lang='grc' dir='ltr'>νόμενον</span> <span class='ocrx_word' id='word_1_556' title='bbox 771 4710 932 4776; x_wconf 79' lang='grc' dir='ltr'>δηλοῖ</span> <span class='ocrx_word' id='word_1_557' title='bbox 967 4709 1104 4763; x_wconf 84' lang='grc' dir='ltr'>τοὺς</span> <span class='ocrx_word' id='word_1_558' title='bbox 1149 4709 1420 4774; x_wconf 85' lang='grc' dir='ltr'>φύλακας.</span> <span class='ocrx_word' id='word_1_559' title='bbox 1489 4711 1575 4761; x_wconf 81' lang='lat' dir='ltr'>Ad</span> <span class='ocrx_word' id='word_1_560' title='bbox 1613 4709 1900 4775; x_wconf 88' lang='grc' dir='ltr'>κηπουρός</span> <span class='ocrx_word' id='word_1_561' title='bbox 1948 4707 2206 4775; x_wconf 82' lang='grc' dir='ltr'>οἰκουρός</span> <span class='ocrx_word' id='word_1_562' title='bbox 2252 4708 2492 4762; x_wconf 87' lang='grc' dir='ltr'>ςύνθετα</span> <span class='ocrx_word' id='word_1_563' title='bbox 2530 4711 2794 4765; x_wconf 79' lang='lat' dir='ltr'><strong>Schmidt.</strong></span> <span class='ocrx_word' id='word_1_564' title='bbox 2864 4710 3077 4776; x_wconf 81' lang='grc' dir='ltr'>τριςύλ·</span> 
     </span>
     <span class='ocr_line' id='line_1_51' title="bbox 500 4774 3080 4845; baseline 0.002 -21"><span class='ocrx_word' id='word_1_565' title='bbox 500 4774 636 4841; x_wconf 87' lang='grc' dir='ltr'>λαβα</span> <span class='ocrx_word' id='word_1_566' title='bbox 671 4777 984 4829; x_wconf 80' lang='lat' dir='ltr'><strong>addendum</strong></span> <span class='ocrx_word' id='word_1_567' title='bbox 1019 4779 1356 4843; x_wconf 77' lang='lat' dir='ltr'><strong>suspicatur,</strong></span> <span class='ocrx_word' id='word_1_568' title='bbox 1393 4778 1491 4830; x_wconf 77' lang='lat' dir='ltr'>sed</span> <span class='ocrx_word' id='word_1_569' title='bbox 1527 4778 1631 4829; x_wconf 83' lang='lat' dir='ltr'>hoe</span> <span class='ocrx_word' id='word_1_570' title='bbox 1657 4793 1764 4829; x_wconf 91' lang='lat' dir='ltr'>non</span> <span class='ocrx_word' id='word_1_571' title='bbox 1801 4779 2111 4842; x_wconf 75' lang='lat' dir='ltr'><strong>satisfacit,</strong></span> <span class='ocrx_word' id='word_1_572' title='bbox 2151 4795 2217 4829; x_wconf 83' lang='lat' dir='ltr'>ex</span> <span class='ocrx_word' id='word_1_573' title='bbox 2243 4794 2294 4843; x_wconf 90' lang='lat' dir='ltr'>p.</span> <span class='ocrx_word' id='word_1_574' title='bbox 2322 4782 2403 4844; x_wconf 86' lang='grc'>73,</span> <span class='ocrx_word' id='word_1_575' title='bbox 2431 4780 2463 4830; x_wconf 83' lang='grc'><strong>5</strong></span> <span class='ocrx_word' id='word_1_576' title='bbox 2500 4777 2753 4844; x_wconf 76' lang='lat' dir='ltr'><strong>supplevi</strong></span> <span class='ocrx_word' id='word_1_577' title='bbox 2789 4785 3080 4845; x_wconf 78' lang='lat' dir='ltr'><strong>praeterea</strong></span> 
     </span>
     <span class='ocr_line' id='line_1_52' title="bbox 497 4843 2105 4912; baseline 0 -16"><span class='ocrx_word' id='word_1_578' title='bbox 497 4843 602 4910; x_wconf 81' lang='grc' dir='ltr'>τὴν</span> <span class='ocrx_word' id='word_1_579' title='bbox 636 4844 913 4911; x_wconf 80' lang='grc' dir='ltr'>ἅρχουςαν</span> <span class='ocrx_word' id='word_1_580' title='bbox 948 4845 1164 4912; x_wconf 86' lang='grc' dir='ltr'>μακρὰν</span> <span class='ocrx_word' id='word_1_581' title='bbox 1200 4845 1419 4910; x_wconf 86' lang='grc' dir='ltr'>ἔχοντα.</span> <span class='ocrx_word' id='word_1_582' title='bbox 2100 4875 2105 4882; x_wconf 89' lang='lat'><strong>·</strong></span> 
     </span>
    </p>
   </div>
   <div class='ocr_carea' id='block_1_5' title="bbox 565 4930 2675 5000">
    <p class='ocr_par' dir='ltr' id='par_1_9' title="bbox 565 4930 2675 5000">
     <span class='ocr_line' id='line_1_53' title="bbox 565 4930 2675 5000; baseline -0 -3"><span class='ocrx_word' id='word_1_583' title='bbox 565 4962 939 5000; x_wconf 60' lang='lat' dir='ltr'><strong>nunonuxvffi</strong></span> <span class='ocrx_word' id='word_1_584' title='bbox 977 4947 1020 4996; x_wconf 88' lang='lat'>1.</span> <span class='ocrx_word' id='word_1_585' title='bbox 2597 4930 2675 4996; x_wconf 85' lang='lat'>13</span> 
     </span>
    </p>
   </div>
   <div class='ocr_carea' id='block_1_6' title="bbox 3655 2766 3664 4606">
    <p class='ocr_par' dir='ltr' id='par_1_10' title="bbox 3655 2766 3664 4606">
     <span class='ocr_line' id='line_1_54' title="bbox 3655 2766 3664 4606; baseline 0 0"><span class='ocrx_word' id='word_1_586' title='bbox 3655 2766 3664 4606; x_wconf 95' lang='lat' dir='ltr'> </span> 
     </span>
    </p>
   </div>
  </div>
 </body>
</html>
