3664 5546
580 963 611 1010 ὃ

636 372 763 437 518
1014 364 1019 369 “
1574 369 1656 422 εκ
1694 368 1836 423 τΩΝ
1878 365 2288 421 ΗΡΩΔΙΑΝοΥ

942 542 1016 618 ἠὲ
1060 542 1215 606 νέον
1260 541 1549 620 μεθέπεις
1595 540 1632 617 ἦ
1680 541 1781 605 καὶ
1823 540 2152 617 πατρώϊός
2198 540 2318 605 ἐςςι
2363 540 2434 621 (α
2485 537 2647 619 175).
3171 616 3188 626 -

640 646 1076 720 διαζευκτικῆς
1108 640 1228 706 οὖν
1275 641 1464 720 οὔςης
1506 646 1617 719 τῆς
1661 641 1898 709 τάξεως
1941 646 2071 706 τῶν
2118 645 2625 722 διαπορητικῶν,
2670 642 2708 704 6
2755 644 2869 720 μὲν
2914 640 3231 718 πρότερος

641 745 962 826 ὀξύνεται,
1020 744 1058 807 6
1114 745 1185 807 δὲ·
1240 743 1541 821 δεύτερος
1596 747 1986 823 περιςπᾶται.
2076 741 2268 827 οὗτος
2324 745 2394 806 δὲ
2451 742 2489 806 6
2545 744 3057 823 περιςπώμενος,
3114 741 3230 806 ἐὰν

640 846 967 928 προςλάβῃ
1012 846 1088 909 τὸ
1132 848 1197 926 ἒ,
1242 845 1549 924 φυλάττει
1593 847 1710 923 τὴν
1754 845 2273 927 περιςπωμὲνην,
2322 842 2466 909 οἷόν
2514 844 2706 908 ἐςτιν·

944 948 984 1025 ἢ
1031 946 1143 1021 ὅγε
1189 946 1525 1026 φάςγανον
1570 945 1684 1014 ὀξὺ
1731 946 2151 1026 ἑρυςςάμενος
2194 946 2368 1025 παρὰ
2413 949 2616 1024 μηροῦ

944 1049 1098 1112 τοὺς
1141 1050 1256 1127 μὲν
1302 1048 1739 1130 ἀναςτήςειεν,
1785 1048 1823 1112 6
1871 1049 1937 1111 6’
1982 1048 2301 1126 Ἀτρείδην
2346 1047 2653 1127 ἐναρίζοι,

946 1150 1019 1249 ᾖε
1064 1149 1267 1228 χόλον
1312 1150 1610 1214 παύςειεν
1656 1149 1972 1228 ἐρητύςειέ
2016 1168 2085 1213 τε
2131 1149 2333 1226 θυμόν
2379 1148 2455 1229 (Α
2508 1146 2883 1228 190-192).

546 1330 554 1335 ι
641 1254 757 1317 τὸν
803 1253 918 1329 μἐν
963 1249 1285 1328 πρότερον
1332 1251 1678 1328 ςύνδεςμον
1726 1251 2230 1332 βαρυτονητέον,
2283 1251 2400 1314 τὸν
2457 1251 2528 1314 δὲ
2574 1250 2884 1327 δεύτερον
2929 1269 3232 1328 περιςπα-

551 1467 609 1515 ΙΟ

550 1974 609 2024 15

645 1353 844 1423 ςτὲον.
933 1354 1346 1430 διαπορητικὴ
1391 1352 1513 1431 γάρ
1559 1352 1723 1416 ἐςτιν
1770 1350 1806 1429 ἡ
1856 1351 2155 1417 ςύνταξις.

811 1452 964 1517 Ὅτε
1010 1455 1081 1517 δὲ
1126 1453 1338 1531 μόνως
1369 1453 1834 1532 ἐρωτηματικός
1880 1453 2042 1517 ἐςτιν
2088 1452 2126 1517 6
2157 1453 2194 1531 ἦ
2228 1453 2421 1531 χωρὶς
2451 1453 2857 1535 διαζεύξεως,
2905 1452 3021 1517 κᾶν
3067 1452 3235 1518 ἅπαξ

644 1556 762 1620 κᾶν
806 1555 1114 1619 πολλάκις
1157 1558 1580 1638 παραληφθῇ,
1625 1558 2032 1637 περιςπᾶται,
2079 1556 2160 1634 μὴ
2207 1553 2398 1631 οὔςης
2441 1557 2553 1631 τῆς
2583 1554 2951 1632 ἑρωτήςεως
2995 1554 3065 1618 ἐν
3101 1558 3234 1617 δια-

643 1656 860 1722 ζεύξει.
949 1650 1019 1719 ἔν
1076 1656 1189 1733 μὲν
1242 1656 1366 1733 γὰρ
1420 1661 1511 1738 τῷ
1570 1656 1649 1733 «ἢ
1707 1657 1934 1735 δολιχὴ
1996 1659 2226 1720 νοῦςος
2282 1655 2320 1733 ἦ
2375 1655 2664 1733 Ἄρτεμι(
2719 1655 3044 1733 ἰοχέαιρα»
3100 1660 3234 1719 δια-

644 1758 967 1821 ζευκτικόν
1025 1758 1099 1820 τὸ
1156 1756 1491 1835 αἰφνιδίως
1545 1760 1907 1835 τελευτῆςαι
1953 1761 2071 1821 τοῦ
2117 1759 2602 1835 μακροχρονεῖν.
2690 1755 2841 1820 ὅθεν
2895 1756 2932 1819 ὁ
2976 1762 3237 1834 πρῶτος

645 1858 1022 1939 ἐγκλίνεται,
1092 1858 1130 1921 6
1191 1859 1261 1921 δὲ
1324 1857 1621 1936 δεύτερος
1687 1863 2080 1937 περιςπᾶται.
2179 1859 2249 1922 ἐν
2308 1858 2523 1935 μέντοι
2589 1860 2726 1922 τοῖς
2792 1857 3239 1935 ὑποκειμένοις

645 1958 817 2023 ἔπεςι
862 1959 1099 2023 πάντες
1143 1963 1571 2037 περιςπῶνται
1617 1960 2076 2038 ἑρωτηματικοὶ
2117 1958 2304 2023 ὄντες
2319 2006 2337 2039 ,
2384 1959 2502 2023 οὐκ
2547 1959 2617 2025 ἐν
2664 1958 2996 2025 διαζεύξει·

912 2046 1021 2137 ’ἦέ
1066 2081 1124 2123 τι
1171 2061 1630 2139 Μυρμιδόνεςςι
1674 2061 2060 2140 πιφαύςκεαι
2106 2060 2142 2138 ἦ
2191 2061 2332 2137 ἐμοὶ
2376 2061 2582 2145 αὐτῷ;

644 2162 682 2241 ἦ
727 2168 818 2244 τῷ
864 2162 1137 2240 Ἀχιλλεῖ
1180 2162 1217 2239 ἦ
1262 2165 1398 2226 τοῖς
1448 2162 1868 2244 Μυρμιδόςιν,
1914 2161 2058 2225 ἀντὶ
2101 2166 2216 2225 τοῦ
2260 2162 2474 2245 τούτῳ
2520 2161 2846 2226 κάκείνοις.

656 2338 721 2343 ’,ἶ
758 2337 763 2341 .
848 2335 1043 2342 ————-—-

646 2465 786 2502 ςεως
823 2450 913 2501 καὶ
950 2448 1183 2515 ἀπορίας
1222 2453 1379 2515 posui
1415 2468 1481 2501 ex
1518 2451 1821 2501 Herodiani
1862 2452 2164 2512 sententia,
2214 2466 2352 2515 quae
2391 2451 2607 2515 scripsi.
2851 2450 2884 2499 l.
2923 2453 2953 2500 2
2991 2467 3088 2515 pro
3123 2450 3238 2502 δια-

645 2516 921 2572 Ζευκτικοί
968 2518 1282 2569 emendavit
1328 2520 1518 2569 Lehrs.
1567 2520 1599 2572 1.
1639 2535 1682 2569 ο.
1728 2519 2123 2582 διαζευκτικῆς.
2173 2546 2235 2553 —-
2284 2520 2365 2567 De
2415 2533 2471 2566 re
2509 2519 2579 2567 ef.
2617 2517 2680 2567 Il.
2718 2518 2805 2570 Pr.
2845 2517 2887 2569 Α
2931 2522 3051 2569 19οε
3097 2518 3132 2581 ἢ
3170 2545 3241 2554 --

645 2585 740 2649 ἦε;
780 2586 884 2637 τὸν
929 2584 1031 2648 μὲν
1067 2584 1349 2650 πρότερον
1393 2585 1696 2649 ςύνδεςμον
1742 2585 2190 2651 βαρυτονητέον,
2234 2584 2340 2635 τὸν
2387 2584 2448 2636 δὲ
2493 2584 2763 2650 δεύτερον
2809 2585 3238 2650 περιςπαςτὲον,

646 2654 1015 2719 διαπορητικὴ
1051 2652 1163 2717 γάρ
1195 2653 1343 2705 ἐςτιν
1380 2653 1423 2716 ἡ
1455 2653 1722 2706 ςύνταξις.
1770 2653 1862 2705 καὶ
1899 2653 2086 2705 οὕτως
2123 2651 2186 2704 ἑν
2221 2657 2291 2717 τῇ
2330 2651 2591 2703 καθόλου.
2644 2652 2677 2704 Γ
2714 2656 2813 2703 239
2851 2660 2907 2703 et
2943 2657 3069 2704 240:
3108 2654 3143 2716 ἢ
3171 2679 3242 2689 --

646 2721 710 2785 ἦε
750 2720 782 2771 6
820 2720 922 2784 μὲν
959 2722 1189 2785 πρῶτος
1226 2722 1260 2786 ἤ
1299 2720 1595 2786 ςύνδεςμος
1634 2720 1958 2787 βαρύνεται,
1998 2720 2029 2772 6
2068 2720 2128 2771 δὲ
2164 2720 2432 2785 δεύτερος
2464 2722 2824 2786 περιςπᾶται,
2870 2718 2964 2771 ἵνα
2999 2719 3240 2788 τοιαύτη

648 2789 683 2852 ή
723 2786 919 2853 φράςις
954 2788 1213 2854 γένηται,
1250 2790 1284 2853 ἢ
1323 2789 1427 2841 οὐκ
1465 2789 1854 2855 ἠκολούθηςαν
1891 2790 1925 2853 ἦ
1964 2788 2356 2853 ἠκολούθηςαν
2394 2787 2496 2851 μὲν
2533 2787 2638 2840 οὐκ
2672 2787 2919 2840 ἑθέλουςι
2957 2788 3018 2840 δὲ
3053 2788 3243 2855 μάχην

649 2855 1024 2919 καταδύμεναι
1060 2855 1299 2921 ἀνδρῶν.
1369 2855 1407 2909 Ε
1443 2859 1542 2906 672
1580 2866 1637 2908 et
1661 2860 1786 2909 673:
1825 2858 1889 2921 ἤε
1931 2858 1962 2908 6
2001 2856 2103 2921 μὲν
2139 2855 2416 2921 πρότερος
2455 2859 2631 2906 κεῖται
2668 2855 2793 2906 ἀντὶ
2830 2860 2933 2907 τοῦ
2970 2856 3241 2921 πότερον,

647 2924 754 2976 τὸν
789 2923 850 2975 δὲ
884 2923 1153 2988 δεύτερον
1190 2923 1611 2989 περιεπαςτέον.
1663 2925 1701 2976 Κ
1727 2927 2022 2976 505-5Ο7;
2063 2925 2125 2989 ἠε
2165 2923 2562 2988 διαπορητικὸς
2600 2923 2631 2974 6
2668 2923 2924 2988 ὕςτερος,
2962 2923 3048 2975 διὸ
3085 2939 3243 2989 περι-

650 2991 937 3044 ςπαςτέος.
986 2991 1115 3043 -τὸν
1150 2991 1211 3042 δὲ
1246 2994 1481 3057 πρῶτον
1526 2993 1616 3043 καὶ
1661 2991 1932 3057 δεύτερον
1976 2994 2094 3056 (qui
2139 3000 2224 3041 est
2267 2991 2302 3054 ἢ
2340 2989 2741 3053 διαζευκτικός)
2789 2989 3090 3053 ἑγκλιτέον.
3163 2994 3242 3042 cf.

650 3060 827 3110 Lehrs
875 3077 961 3125 qu.
1010 3076 1097 3125 ep.
1143 3063 1226 3109 55.
1305 3058 1363 3111 Π
1409 3063 1535 3110 436:
1587 3060 1694 3112 τὸν
1751 3060 1856 3124 μὲν
1901 3061 2135 3124 πρῶτον
2183 3059 2218 3122 ἡ
2264 3058 2666 3123 ὀξυτονητέον,
2714 3057 2820 3109 τὸν
2864 3058 2924 3109 δὲ
2968 3058 3245 3124 δεύτερον

650 3126 1081 3192 περιςπαςτέον,
1121 3126 1155 3191 ἦ
1194 3126 1301 3192 ἤδη
1340 3125 1587 3191 χείρεςςι.
1660 3127 1703 3180 Χ
1740 3131 1868 3177 246;
1907 3126 2313 3190 περιςπαςτέον
2348 3125 2454 3176 τὸν
2500 3126 2534 3189 ἦ
2573 3124 2906 3188 ςύνδεςμονε
2956 3125 3244 3178 ἀδύνατον

649 3193 756 3259 γὰρ
793 3198 876 3258 τῷ
923 3195 958 3258 ἦ
1005 3194 1287 3259 ςυνδέςμῳ
1327 3193 1613 3258 ἑπόμενον
1649 3194 1828 3246 αὐτὸν
1874 3194 2179 3246 ὀξύνεςθαι.
2265 3193 2444 3243 Schol.
2482 3195 2553 3242 ad
2591 3195 2691 3243 od.
2729 3207 2765 3255 γ
2803 3197 2890 3243 72:
2930 3194 2964 3257 ἤ
3005 3208 3058 3244 τι
3093 3195 3243 3247 κατὰ

652 3263 853 3327 πρῆξιν
889 3261 953 3325 ἦς
1002 3261 1033 3312 6
1078 3265 1309 3327 πρῶτος
1345 3266 1381 3328 ἦ
1417 3262 1717 3324 ςύνδεςμος
1754 3261 2016 3314 ὀξύνεται
2060 3261 2147 3312 διὰ
2185 3261 2253 3311 τό
2296 3276 2375 3322 τι,
2413 3261 2446 3312 6
2483 3261 2542 3312 δὲ
2579 3260 2843 3325 δεύτερος
2891 3265 3242 3325 περιςπᾶται.

649 3328 1072 3394 ἐρωτηματικὸς
1106 3329 1227 3393 γάρ.
1290 3335 1418 3381 ⁶214:
1457 3329 1488 3381 6
1526 3332 1755 3395 πρῶτος
1791 3330 1825 3394 ἤ
1865 3329 2148 3392 ὀξύνεται,
2187 3327 2220 3380 6
2256 3327 2316 3378 δὲ
2351 3327 2614 3392 δεύτερος
2650 3330 2999 3393 περιςπᾶται.
3057 3331 3085 3381 ζ
3115 3333 3239 3380 149:

652 3395 782 3449 θεός
819 3396 886 3447 νύ
912 3411 995 3447 τις
1033 3395 1067 3460 ἦ
1106 3395 1307 3460 βροτός
1343 3396 1475 3449 eccl:
1517 3398 1621 3448 τὸν
1657 3401 1691 3461 ἦ
1730 3398 1761 3449 6
1791 3395 2205 3461 Ἀςκαλωνίτης
2244 3399 2484 3462 περιςπᾷ
2509 3395 2935 3460 ἑρωτηματικὸν
2972 3395 3244 3462 νομίζων,

652 3464 684 3515 ὃ
722 3463 814 3516 καὶ
849 3464 1218 3528 χαριέςτερον.
1293 3464 1345 3516 οἱ
1381 3465 1441 3517 δὲ
1477 3464 1766 3516 ἐνέκλιναν
1803 3465 1884 3517 ὡς
1921 3463 1971 3516 εἰ
2008 3464 2203 3525 ἔλεγεν
2241 3461 2355 3514 εἴτε
2393 3463 2524 3515 θεὸς
2562 3463 2677 3515 εἴτε
2713 3463 3034 3528 ἄνθρωπος.
3107 3468 3238 3516 280:

651 3534 713 3596 ἦε
752 3530 921 3584 οὗτος
958 3531 1241 3595 ὀξύνεται,
1281 3532 1312 3583 6
1349 3532 1408 3582 δὲ
1444 3532 1569 3597 ἑξῆς
1608 3534 1751 3596 (283)
1791 3535 2143 3597 περιςπᾶται.
2219 3547 2234 3580 ι
2272 3532 2397 3581 280:
2437 3531 2472 3595 ἤ
2504 3543 2616 3582 που
2653 3531 2753 3582 ἐπ’
2788 3531 3037 3596 ἐςχατιῆς
3074 3531 3108 3594 ἡ
3148 3533 3243 3583 καί

654 3599 875 3664 ςχεδόνι
924 3599 1331 3662 περιςπαςτέον
1374 3598 1479 3651 τὸν
1525 3600 1796 3664 δεύτερον
1840 3603 1892 3663 ῆ.
1972 3599 2138 3666 τινες,
2169 3599 2230 3650 δὲ
2277 3598 2512 3650 ὤξυναν.
2597 3614 2629 3648 κ
2675 3602 2767 3649 52:
2817 3599 2848 3650 6
2896 3598 3157 3664 δεύτερος
3204 3604 3241 3663 ῆ

654 3665 1173 3730 περιςπαςθήςεται.
1243 3682 1274 3717 ο
1317 3669 1438 3718 168:
1485 3668 1519 3730 ἢ
1556 3695 1620 3703 -——
1658 3667 1721 3731 ἦε
1768 3667 1876 3718 τὸν
1913 3667 2184 3732 δεύτερον
2220 3665 2628 3731 περιςπαςτέον
2675 3664 2752 3717 ὡς
2798 3665 3244 3731 ἑρωτηματικόν.

655 3749 696 3784 π
730 3738 821 3784 95;
862 3733 929 3797 ἠὲ
966 3733 1118 3784 ἑκὼν
1152 3732 1535 3797 ύποδάμναςαι
1582 3735 1615 3798 ἦ
1655 3734 1711 3787 ςὲ
1745 3750 1809 3797 γε
1848 3733 1998 3787 λαοίε
2050 3734 2081 3786 ὁ
2118 3733 2383 3798 δεύτερος
2426 3733 2462 3796 ἦ
2503 3735 2856 3798 περιςπᾶται.
2937 3748 2970 3798 ρ
3006 3738 3130 3785 237;
3169 3735 3243 3786 τὸ

652 3803 689 3863 ἦ
733 3801 804 3852 τὸ
852 3801 1124 3865 δεύτερον
1168 3801 1589 3865 περιςπαςτέον.
1680 3818 1715 3864 γ
1761 3807 1885 3853 170:
1943 3802 1977 3865 ἢ
2025 3801 2344 3866 καθύπερθε
2389 3799 2541 3853 Χίοιο
2598 3801 2861 3864 νεοίμεθα
2917 3804 3247 3867 (sequuntur

654 3886 703 3919 v.
745 3872 840 3919 172
878 3867 913 3931 ἦ
952 3868 1226 3933 ὑπένερθε
1273 3867 1475 3925 Χίοιο);
1522 3870 1552 3921 6
1590 3873 1628 3934 ἦ
1668 3870 1770 3921 δύο
1813 3870 1972 3922 τόνω
2017 3868 2326 3932 ἐπιδέχεται
2369 3869 2405 3932 ἢ
2452 3868 2885 3935 περιςπωμένην
2920 3870 2954 3933 ἢ
2985 3871 3241 3934 βαρεῖαν,

654 3936 796 4001 ὅπερ
834 3935 1079 3987 κάλλιον.
1148 3937 1178 3987 δ
1203 3940 1330 3988 372:
1370 3936 1598 4002 (νήπιός
1636 3936 1739 4002 εἰς)
1776 3937 1843 4001 ἦε
1884 3937 2034 3989 ἑκὼν
2060 3935 2288 4000 μεθίειςε
2328 3935 2558 3997 ἄμεινον
2592 3935 2855 4000 κοιμίζειν
2891 3939 2993 3988 τοθ
3031 3936 3098 4002 ἠέ
3132 3939 3244 4001 τὴν

656 4004 749 4055 ἐπὶ
784 4002 982 4055 τέλους
1019 4003 1233 4065 ὀξεῖαν,
1267 4002 1362 4055 ἵνα
1396 4004 1624 4071 γένηται
1659 4004 2061 4059 διαζευκτικός·
2102 4005 2198 4056 ὅτε
2233 4002 2340 4067 γάρ
2376 4003 2485 4055 εςτι
2510 4003 2907 4069 διαπορητικός
2931 4004 2962 4055 6
2996 4007 3054 4068 ἦ,
3093 4020 3244 4070 περι·

657 4074 860 4123 ςπᾶται
906 4071 985 4122 ὡς
1028 4071 1099 4122 τὸ
1144 4072 1255 4136 «ἦε
1300 4072 1475 4136 χόλον
1521 4073 1785 4125 παύςειεν
1830 4072 2117 4139 ἑρητύςειέ
2161 4086 2225 4123 τε
2270 4070 2494 4135 θυμόν)
2538 4073 2608 4137 (Α
2648 4071 2800 4135 192),
2848 4088 2953 4137 quo
2998 4074 3118 4124 loeo
3164 4074 3244 4124 sic

656 4140 964 4190 Herodiani
999 4143 1334 4190 sententiam
1372 4145 1704 4206 processisse
1741 4143 2005 4192 arbitror:
2045 4138 2325 4202 κομίζουςί
2359 4153 2508 4190 τινες
2545 4140 2648 4190 τοῦ
2686 4139 2751 4203 ἠέ
2774 4140 2883 4203 τὴν
2918 4139 3008 4191 ἐπὶ
3043 4140 3240 4192 τέλους

657 4207 870 4270 ὀξεῖαν,
907 4205 1003 4257 ἵνα
1036 4206 1269 4273 γένηται
1305 4208 1703 4261 διαζευκτικός·
1742 4209 1975 4272 ἄμεινον
2011 4207 2072 4259 δὲ
2106 4206 2418 4270 ἐκδέχεςθαι
2454 4205 2876 4272 διαπορητικὸν·
2925 4206 2957 4258 6
2992 4207 3098 4272 γὰρ
3132 4209 3240 4259 δια·

658 4273 964 4339 πορητικὸς
1001 4277 1035 4337 ῆ
1075 4277 1405 4338 περιςπᾶται
1441 4274 1519 4327 ὡς
1552 4277 1625 4332 τὸ
1661 4278 1780 4327 κτλ.
1857 4276 1898 4328 Β
1935 4277 2059 4327 368;
2101 4274 2165 4338 ἦ;
2211 4272 2567 4336 Πτολεμαῖος
2605 4278 2845 4341 περιςπᾷ
2880 4275 2987 4326 τὸν
3022 4279 3085 4341 ῆ,
3131 4275 3242 4326 δια-

658 4341 977 4406 πορητικὸν
1005 4341 1399 4405 ἐκδεχόμενος·
1449 4341 1550 4394 είςὶ
1583 4342 1655 4394 -δὲ
1689 4341 1742 4395 οἳ
1779 4343 2095 4406 ὀξύνουςιν,
2153 4341 2342 4406 ὥςπερ
2390 4343 2481 4392 καὶ
2517 4340 2582 4395 οἱ,
2608 4342 2735 4406 περὶ
2775 4340 3107 4404 Ἀλεξίωνα,
3156 4343 3242 4394 ἐκ·

580 4467 591 4488 ἢ
658 4408 946 4473 δεχόμενοι
974 4410 1509 4473 παραδιαζευκτικὸν
1542 4411 1650 4463 τὸν
1684 4412 1738 4476 ἤ.
1809 4410 1851 4461 Ν
1880 4414 2004 4462 308:
2044 4410 2079 4473 ἢ
2117 4408 2209 4460 ἐπὶ
2245 4409 2495 4473 δεξιόφιν
2530 4409 2749 4461 παντὸς
2785 4413 3027 4474 ςτρατοῠ
3064 4410 3098 4473 ἦ
3135 4409 3245 4462 ἀνὰ

660 4476 884 4538 μέςςους
922 4476 956 4540 ἦ
995 4477 1093 4528 ἐπ’
1129 4476 1510 4543 ἀριςτερόφινε
1551 4478 1698 4531 τινὲς
1733 4478 1839 4531 τὸν
1877 4479 1911 4543 ἠ
1949 4477 2217 4541 δεύτερον
2255 4477 2345 4528 καὶ
2381 4474 2573 4541 τρίτον
2612 4476 3008 4541 περιέςπαςαν·
3053 4477 3247 4529 διαπο-

657 4544 883 4609 ρητικὸς
918 4543 1025 4609 γάρ
1061 4544 1210 4596 ἐςτιν
1248 4548 1319 4596 ef.
1360 4548 1531 4599 Lehrs
1568 4563 1657 4612 qu.
1680 4564 1765 4613 ep.
1796 4550 1878 4598 57.
1934 4573 1999 4581 -
2052 4546 2086 4594 l.
2113 4548 2144 4595 8
2181 4562 2275 4631 ρτο
2310 4546 2388 4599 Ιο.
2416 4545 2499 4594 Al.
2537 4547 2723 4595 verbis
2757 4546 3100 4608 διαζευκτικὴ
3136 4545 3249 4609 γὰρ

659 4610 695 4672 ἡ
734 4610 929 4676 φράςις
969 4612 1132 4674 (μετὰ
1168 4614 1323 4663 addit
1361 4612 1555 4675 Lehrs)
1592 4613 1995 4679 διαπορήςεως.
2068 4612 2172 4664 ἀλλ
2238 4613 2269 4664 6
2307 4612 2571 4676 δεύτερος
2607 4615 3058 4678 προπεριςπᾶται
3095 4614 3245 4676 dedi,

661 4694 801 4743 quae
841 4685 969 4730 sunt
1006 4681 1063 4729 in
1099 4686 1283 4740 textu,
1322 4698 1387 4733 ex
1422 4682 1490 4732 11.
1518 4685 1609 4735 Pr.
1640 4682 1682 4734 Α
1709 4686 1834 4744 190,
1871 4683 1968 4733 ubi
1994 4682 2196 4731 diserte
2233 4681 2481 4731 additur:
2521 4681 2613 4730 καὶ
2649 4680 2838 4733 οὕτως
2873 4680 2937 4732 ἐν
2971 4685 3042 4747 τῇ
3078 4680 3249 4732 καθό-

663 4746 781 4797 λου.
854 4749 1037 4812 potuit
1074 4749 1239 4799 etiam
1277 4750 1387 4800 diei
1422 4749 1790 4815 διαπορητικὴ
1827 4749 1934 4814 γὰρ
1971 4749 2005 4812 ἡ
2044 4747 2241 4813 φράςις
2279 4747 2420 4810 μετὰ
2456 4747 2800 4799 διαζεύξεως.
2971 4750 3007 4799 l.
3047 4752 3109 4800 10
3146 4765 3253 4815 pro

665 4811 835 4873 μόνος
872 4815 1067 4880 scripsi
1103 4815 1292 4878 μόνως
1329 4844 1391 4853 -
1431 4818 1467 4871 1.
1510 4822 1568 4868 17
1606 4818 1640 4881 ἡ
1679 4821 1764 4882 τῷ
1806 4817 2043 4882 Ἀχιλλεῖ
2078 4843 2145 4853 -—
2180 4813 2455 4868 κάκείνοις
2501 4815 2690 4866 addidi
2739 4833 2805 4867 ex
2841 4817 2961 4866 Arc.
3002 4819 3121 4877 185,
3162 4820 3252 4879 14,
