3664 5546
1541 379 1958 451 PRAEFATlo.
2817 408 3042 455 xxxlx

456 557 727 626 ὀξεῖαν
795 558 1199 638 ἑπονομάςας
1244 560 1282 641 ’,
1349 561 1466 637 τὴν
1524 559 1594 622 δὲ
1660 559 1956 624 ἐναντίαν
2011 559 2210 642 ταύτῃ
2266 565 2586 641 βαρεῖαν
2636 562 2675 625 “.
2774 562 2913 626 ἐπεὶ
2969 564 3041 628 δὲ

457 661 629 738 ἑώρα
669 663 787 739 τὴν
830 659 953 727 ἔξω
996 665 1113 726 τοῦ
1165 661 1399 739 μέλους
1443 661 1610 726 λέξιν
1661 661 1741 725 οὐ
1799 660 1957 724 κατὰ
2009 662 2085 724 τὸ
2142 663 2300 741 βαρὺ
2357 665 2558 741 μόνον
2616 663 2765 727 οὐδ’
2819 663 2889 728 ἐν
2945 669 3038 745 τῷ

456 763 593 830 ὀξεῖ
635 763 1140 844 καταμένουςαν,
1170 761 1360 826 ἀλλὰ
1405 763 1507 826 καὶ
1549 762 1764 841 τρίτου
1808 762 1984 828 τινὸς
2030 763 2340 842 δεομένην
2395 765 2625 846 τόνου,
2679 765 2916 830 τούτου
2961 766 3039 842 δὴ
3081 774 3140 823 15

455 870 575 932 τοῦ
618 866 1140 945 περιςπωμένου,
1184 865 1507 941 πρότερον
1553 864 1747 940 αὐτῆς
1789 868 1901 941 τῆς
1947 868 2172 944 φωνῆς
2216 867 2332 943 τὴν
2378 864 2645 945 δύναμιν
2691 867 3038 931 έςκοπεῖτο.

460 971 561 1032 καὶ
616 969 754 1032 ἐπεὶ
809 968 1141 1047 ςυνέβαινε
1193 969 1329 1030 ταῖς
1384 966 1888 1044 περιςπωμέναις
1946 967 2181 1032 λέξεςιν
2250 965 2439 1031 εὐθὺς
2503 966 2867 1046 ἀρχομένην
2922 968 3038 1046 τὴν

454 1070 685 1149 φωνὴν
730 1069 841 1136 ὀξύ
887 1091 946 1134 τι
994 1067 1296 1149 ὑπηχεῖν,
1342 1068 1754 1146 κατατρέπειν
1800 1069 1873 1131 δὲ
1919 1067 2009 1132 ὥς
2054 1067 2142 1132 εἰς
2185 1069 2260 1132 τὸ
2307 1067 2496 1148 βαρύ,
2550 1069 2742 1134 οὐδὲν
2789 1068 2951 1132 ἄλλο
2997 1070 3036 1146 ἢ
3074 1077 3142 1124 220

453 1172 611 1251 μίξιν
656 1173 758 1235 καὶ
803 1173 1016 1248 κράςιν
1061 1169 1125 1235 ἐξ
1172 1168 1449 1250 ἀμφοῖν,
1494 1173 1612 1233 τοῦ
1657 1190 1725 1233 τε
1772 1168 1957 1234 ὀξέος
2014 1170 2115 1233 καὶ
2171 1173 2288 1233 τοῦ
2335 1169 2594 1251 βαρέος,
2639 1170 3033 1248 ἡγηςάμενος

451 1271 615 1337 εἶναι
658 1274 737 1337 τὸ
782 1271 1296 1353 περιςπώμενον,
1343 1270 1551 1335 οὕτως
1596 1270 1772 1351 αὐτῷ
1827 1272 1931 1334 καὶ
1971 1270 2047 1334 τὸ
2105 1274 2306 1350 ςχῆμα
2363 1270 2723 1348 έποιήςατο.
2774 1268 2785 1354 Ι
2834 1271 3030 1350 έφαρ-
3089 1269 3201 1329 188

450 1374 805 1452 μοςάμενος
849 1373 973 1450 γάρ
1017 1372 1324 1450 ἀλλήλαις
1379 1372 1492 1436 τὰς
1549 1371 1794 1437 εὐθείας
1839 1372 2167 1453 ἑκατέρας,
2224 1372 2341 1449 τήν
2395 1392 2465 1436 τε
2520 1376 2636 1436 τοῦ
2695 1372 2877 1439 ὀξέος
2931 1375 3034 1436 καὶ

449 1478 565 1553 τὴν
608 1479 725 1539 τοῦ
770 1476 1029 1556 βαρέος,
1071 1475 1308 1552 ταύτην
1354 1472 1518 1538 εἶναι
1563 1475 1680 1551 τὴν
1725 1472 2211 1551 περιςπωμένην
2256 1473 2511 1555 ἔλεγεν,
2549 1473 2695 1555 ζῶδέ
2738 1494 2876 1538 πως
2920 1474 3033 1537 αὐ-

424 1567 564 1654 τὴν
610 1576 674 1642 ἐξ
718 1574 965 1655 ἀμφοῖν
1018 1577 1157 1639 τοῖν
1213 1575 1433 1639 τόνοιν
1490 1574 1553 1640 ἐξ
1609 1573 1701 1639 ὧν
1756 1574 2014 1649 ἐγένετο
2067 1575 2092 1595 Α
2144 1573 2614 1654 ὀξυβάρειαν
2671 1573 3027 1652 ὀνομάζων.
3060 1581 3091 1628 5

449 1678 586 1741 ἐπεὶ
632 1679 699 1741 δὲ
748 1676 1092 1756 ὁμοιότητα
1135 1677 1211 1739 τό
1258 1680 1457 1755 ςχῆμα
1500 1680 1618 1740 τοῦ
1662 1675 1861 1740 τόνου
1917 1676 2081 1753 πρὸς
2133 1680 2264 1740 τῶν
2322 1676 2706 1755 γραμμάτων
2765 1676 3030 1756 ἔμελλεν

449 1779 610 1845 ἕξειν
639 1780 715 1843 τὸ
746 1779 827 1859 Λ,
873 1779 1181 1842 δεδοικὼς
1223 1777 1306 1856 μή
1351 1799 1408 1842 τι
1453 1776 1579 1855 ἄρα
1624 1777 1694 1841 ἐν
1740 1783 1813 1860 τῇ
1864 1778 2203 1854 παραθέςει
2235 1781 2365 1842 τῶν
2396 1777 2784 1857 γραμμάτων
2829 1797 3032 1855 παρα-

447 1879 795 1959 μιγνύηται·
823 1879 860 1956 ἡ
907 1879 1295 1960 ἀνάγνωςις,
1344 1879 1543 1958 βραχύ
1586 1900 1643 1941 τι
1690 1883 1821 1942 τῶν
1867 1878 2133 1943 εὐθειῶν
2188 1881 2302 1955 τὴν
2348 1879 2588 1954 γωνίαν
2646 1879 2875 1943 κλάςας
2933 1880 3032 1942 καὶ

446 1981 800 2060 περιτείνας
845 1980 1042 2044 αὐτὰς
1086 1980 1175 2044 εἰς
1220 1979 1618 2060 ἡμικύκλιον,
1665 1978 1792 2059 ἅμα
1837 1985 1930 2063 τῷ
1976 1981 2234 2058 ςχήματι
2281 1984 2391 2056 τῆς
2435 1981 3031 2059 περιςπωμένης
3073 1985 3135 2034 10
3190 2000 3197 2006 ⁴

444 2084 547 2146 καὶ
589 2083 665 2146 τὸ
711 2082 920 2160 ὄνομα
965 2081 1069 2145 ἐπὶ
1113 2082 1187 2146 τὸ
1234 2080 1619 2159 οἰκειότερόν
1666 2101 1733 2144 τε
1779 2082 1881 2145 καὶ
1926 2080 2385 2159 εὐφωνότερον
2432 2081 2790 2160 μετέβαλεν.
2863 2080 3030 2143 Ἀλλ’

444 2184 683 2267 ἑκάςτῳ
726 2183 1036 2261 πνεύματι
1082 2183 1200 2247 οὐκ
1245 2180 1529 2260 ἀτέχνως
1587 2182 1737 2246 οὐδ’
1782 2181 2078 2259 ἀμούςως
2130 2182 2210 2244 τά
2266 2185 2485 2261 ςημεῖα
2539 2181 2576 2244 ὁ
2634 2182 2828 2245 αὐτὸς
2884 2181 3027 2246 ἐπέ-

443 2290 621 2349 θετο·
668 2283 951 2362 καθάπερ
997 2283 1061 2348 οἱ
1103 2287 1241 2347 τοῖς
1287 2284 1512 2347 αὐλοῖς
1566 2283 1645 2347 τὰ
1688 2283 1973 2361 τρήματα
2017 2281 2356 2361 εὑράμενοι
2402 2282 2810 2361 ἑπιφράττειν
2869 2280 3029 2345 αὐτὰ
3071 2288 3129 2337 15

444 2386 544 2450 καὶ
601 2385 972 2461 ὑπανοίγειν
1029 2385 1226 2449 ὁπότε
1294 2385 1669 2465 βούλοιντο,
1739 2385 1949 2461 κέραςί
2012 2405 2168 2448 τιςιν
2222 2385 2260 2461 ἢ
2330 2383 2623 2463 βόμβυξιν
2690 2382 3028 2462 ὑφὀλμίοις

443 2487 979 2566 ἐπετεχνάςαντο,
1047 2485 1184 2550 ἄνω
1249 2506 1316 2549 τε
1384 2487 1484 2549 καὶ
1539 2486 1710 2549 κάτω
1764 2486 1867 2549 καὶ
1922 2485 2115 2550 ἔνδον
2171 2505 2242 2548 τε
2295 2485 2398 2548 καὶ
2453 2484 2575 2550 ἔξω
2644 2484 3027 2563 ςτρέφοντες

392 2635 399 2640 -
442 2588 636 2670 αὐτά,
683 2589 915 2653 οὑτωςὶ
969 2586 1265 2652 κάκεῖνος
1318 2587 1528 2664 ὥςπερ
1585 2587 1817 2664 κέρατα
1872 2586 1950 2650 τὰ
2007 2589 2228 2664 ςημεῖα
2283 2585 2626 2661 έποιήςατο
2683 2589 2775 2665 τῷ
2831 2584 3023 2648 πνεύ-

441 2710 616 2770 ματι,
662 2690 733 2754 ἕν
777 2710 834 2753 τι
881 2692 1083 2767 ςχῆμα
1127 2688 1406 2770 ἑκατέρῳ
1452 2686 1922 2768 ςημηνάμενος,
1953 2691 2162 2750 τοῦτο
2195 2687 2272 2764 δὴ
2317 2687 2393 2750 τὸ
2439 2686 2510 2750 ἓν
2558 2685 2770 2764 ὥςπερ
2813 2685 3021 2748 αὐλοῦ
3059 2692 3125 2741 20

440 2791 622 2873 ὅλμῳ
667 2791 905 2871 ἐοικός,
960 2790 1120 2867 ὅπερ
1176 2788 1372 2854 ἔνδον
1429 2790 1530 2853 καὶ
1585 2788 1707 2853 ἔξω
1765 2788 2058 2867 ςτρέφων
2105 2787 2516 2867 ἑπιφράττειν
2561 2807 2628 2850 τε
2674 2788 2774 2850 καὶ
2822 2787 3021 2851 ὑπαν-

441 2891 639 2965 οίγειν
705 2891 781 2955 τὸ
847 2895 1096 2971 πνεῦμα
1164 2892 1460 2958 διέταξεν.
1572 2890 1941 2970 ἐπιφράττει
2007 2890 2121 2967 μὲν
2201 2888 2326 2966 γάρ
2397 2888 2556 2952 αὐτὸ
2621 2889 2723 2950 καὶ
2789 2888 3022 2967 ἐπέχει,

440 2992 640 3056 ὁπότε
688 2995 972 3070 ψιλοῦν
1020 2993 1368 3057 ἐπιτάττοι·
1422 2991 1638 3070 ἀφίηςι
1695 2992 1765 3054 δὲ
1822 2992 1924 3054 καὶ
1979 2989 2310 3064 ὑπανοίγει
2366 2988 2548 3067 ἡνίκα
2605 2989 3019 3053 ἐπιπνέοντες

439 3094 620 3172 ἡμεῖς
664 3093 955 3158 δαςέως
1001 3094 1259 3169 λέγειν
1304 3092 1798 3169 ἀναγκαζόμεθα.
3058 3098 3125 3146 25

610 3195 980 3273 Ἐποιήςατο
1036 3197 1107 3259 δὲ
1162 3196 1264 3259 καὶ
1316 3201 1391 3277 τῇ
1447 3191 1806 3275 πεπονθυίᾳ
1865 3191 2024 3258 λέξει
2081 3194 2362 3274 ςημεῖα,“
2390 3193 2469 3255 τά
2522 3212 2589 3254 τε
2649 3194 3018 3269 ςυναληλιμ-
3075 3187 3193 3250 189

438 3297 599 3375 μένα
640 3296 788 3376 ἡμῖν
834 3297 1239 3375 διακρίνοντα
1282 3296 1382 3359 καὶ
1425 3296 1504 3358 τὰ
1548 3293 1917 3374 ςυγκείμενα
1961 3295 2061 3358 καὶ
2103 3295 2182 3357 τὰ
2215 3293 2559 3375 λελυμένα,
2606 3292 2749 3356 οἷον
2795 3292 2927 3368 τῆν’
2955 3313 3021 3355 τε

437 3397 591 3462 ἀπό
607 3418 959 3476 ςτροφον
1006 3402 1122 3463 νῦν
1169 3397 1566 3476 καλουμένην
1612 3396 1713 3459 ἐπὶ
1756 3398 1894 3459 τοῖς
1926 3395 2488 3475 ςυναληλιμμένοις
2524 3394 2713 3460 τάξας
2759 3392 2859 3457 καὶ
2901 3395 3019 3470 τὴν

438 3499 1020 3578 ὑποδιαςτολὴν
1067 3499 1170 3564 ἐπὶ
1212 3501 1351 3563 τοῖς
1396 3495 1514 3562 ἀπ’
1568 3496 1871 3575 ἀλλήλων
1929 3496 2268 3575 λυομένοις
2311 3494 2433 3560 καῖ’
2468 3494 2549 3559 αὖ
2603 3497 2719 3574 τὴν
2767 3494 3017 3559 ὑποτεί-
3050 3502 3081 3551 5

440 3787 758 3839 emendavit
794 3789 1008 3838 Braune
1043 3787 1100 3835 in
1136 3786 1317 3836 Iahnii
1351 3786 1489 3836 Anu.
1525 3786 1623 3835 LV
1658 3786 1757 3836 537
1793 3783 2075 3834 indicante
2111 3783 2319 3834 Iacobi.
2360 3811 2422 3817 —
2458 3783 2491 3831 l.
2533 3786 2593 3833 13
2631 3788 2756 3849 post
2794 3786 3021 3848 βαρεῖαν

438 3856 599 3906 addit
632 3856 678 3904 Τ
716 3853 871 3905 κάτω
908 3852 1230 3917 φερομένην
1267 3853 1455 3917 ὥςπερ
1492 3851 1606 3903 ὑπό
1642 3866 1793 3903 τινος
1831 3849 2092 3915 ὀργάνου.
2119 3878 2185 3887 -
2211 3849 2420 3901 ἐπεῖδε
2443 3851 2651 3900 Nauck.
2680 3867 2774 3915 pro
2809 3850 3019 3914 ἐπειδή.

438 3951 503 3959 -
542 3923 579 3974 1.
612 3925 674 3973 15
709 3922 823 3974 ὀξεῖ
861 3937 958 3987 pro
996 3920 1093 3973 ὀξὺ
1131 3937 1231 3971 em.
1270 3921 1481 3972 Nauck.
1522 3948 1585 3955 -
1625 3921 1660 3970 l.
1703 3922 1762 3970 17
1800 3935 1898 3984 pro
1936 3917 2140 3983 ἑαυτῆς
2179 3934 2281 3969 scr.
2318 3917 2495 3981 αὐτῆς
2533 3920 2598 3968 N.
2634 3945 2700 3953 --
2735 3917 2769 3966 l.
2811 3922 2874 3970 19
2912 3918 3023 3968 ὑπ’

437 3996 568 4041 ante
603 3989 919 4054 ἀρχομένην
956 3988 1167 4039 delevit
1200 3991 1266 4040 N.
2359 4050 2362 4053 ,

580 4059 689 4107 188.
719 4058 799 4127 ,1.
840 4057 864 4107 l
912 4054 1364 4119 ἑφαρμοςάμενος
1410 4072 1505 4121 pro
1552 4052 2026 4132 {voguncduevog
2050 4070 2150 4103 em.
2187 4055 2253 4105 N.
2307 4080 2372 4087 —
2427 4051 2462 4104 l.
2499 4054 2531 4102 5
2584 4051 2727 4102 αὐτὸ
2773 4056 2900 4117 acte
2948 4052 3017 4103 τὸ

438 4144 619 4205 ςχῆμα
654 4156 776 4191 cum
809 4142 873 4193 N.
910 4141 1095 4201 omisi,
1142 4140 1239 4190 sed
1286 4140 1482 4205 reliqui
1525 4139 1594 4189 τὸ
1640 4139 1673 4189 λ
1720 4155 1818 4204 pro
1863 4140 1947 4201 τῷ
1994 4139 2053 4200 λ,
2100 4153 2263 4201 quum
2311 4136 2688 4187 connectenda
2727 4137 2840 4185 sint
2875 4135 3017 4199 πρὸς

438 4227 561 4276 τῶν
585 4223 929 4288 γραμμάτων
964 4224 1033 4274 τὸ
1071 4227 1118 4275 λ.
1160 4251 1221 4260 -
1260 4223 1295 4272 l.
1332 4228 1365 4275 8
1409 4222 1445 4285 ἡ
1483 4220 1793 4285 ἀνάγνωςις
1830 4221 2029 4286 scripsi
2064 4237 2162 4285 pro
2197 4221 2307 4285 τὴν
2344 4218 2688 4282 ἀνάγνωςιν,
2729 4218 3017 4270 Nauckius

440 4309 538 4357 pro
576 4292 1023 4357 παραμιγνὺηται
1068 4292 1232 4343 scribi
1275 4291 1395 4341 vult
1441 4290 1813 4355 παραμιγνύῃ.
1850 4315 1916 4323 --
1952 4289 1988 4339 l.
2013 4292 2045 4339 9
2084 4305 2178 4353 pro
2223 4288 2332 4351 τὴν
2367 4287 2593 4338 εὐθεῖαν
2629 4288 2750 4336 τῶν
2786 4288 3017 4348 γωνιῶν

439 4360 638 4424 sbi-ipsi
674 4376 795 4410 cum
830 4359 1071 4409 Braunio
1108 4361 1230 4409 τῶν
1267 4357 1505 4409 εὐθειῶν
1539 4358 1646 4421 τὴν
1680 4354 1913 4419 γωνίαν.
1949 4383 2010 4392 -
2048 4356 2083 4405 l.
2113 4359 2175 4406 10
2212 4353 2289 4407 εἰς
2329 4372 2424 4421 pro
2459 4354 2524 4419 ἓν
2561 4371 2659 4406 scr.
2687 4356 2753 4405 N.
2789 4380 2856 4390 -·
2893 4353 2925 4403 1.
2955 4356 3010 4403 11

437 4444 535 4493 pro
579 4430 663 4493 τῷ
708 4425 957 4492 νοήματι,
993 4426 1308 4477 emendavit
1350 4425 1420 4476 τὸ
1468 4424 1648 4488 ὄνομα
1694 4425 1986 4476 BrauniUS.
2044 4448 2116 4460 —-
2166 4423 2202 4476 l.
2251 4426 2311 4473 12
2360 4421 2663 4485 μετέβαλεν
2709 4438 2804 4486 pro
2856 4418 3014 4482 μετέ-

439 4494 646 4557 βαλλεν
684 4511 785 4544 em.
822 4496 889 4545 N.
944 4521 1010 4529 --
1064 4494 1097 4543 l.
1138 4497 1201 4544 14
1256 4509 1352 4559 pro
1388 4493 1519 4555 ὅλα,
1568 4493 1711 4557 quod
1746 4494 1792 4542 Τ
1832 4491 2014 4553 addit,
2069 4491 2354 4541 Nauckius
2399 4490 2432 4541 ό
2478 4489 2653 4540 αὐτὸς
2702 4489 3016 4553 suspicatus

438 4566 554 4623 est,
594 4562 737 4627 quod
774 4562 973 4626 recepi.
1008 4588 1075 4597 -
1111 4561 1148 4611 l.
1188 4564 1250 4611 16
1290 4577 1387 4626 pro
1422 4557 1711 4624 ὑφορκίοις
1748 4560 1790 4609 C
1841 4560 1930 4610 vel
1967 4556 2257 4622 ὑφολκίοις
2294 4560 2340 4608 Τ
2386 4557 2700 4608 emendavit
2736 4558 2800 4607 N.
2840 4554 3014 4618 ὑφολ-

440 4627 599 4692 μίοις.
650 4657 716 4664 -—
768 4630 802 4682 1.
844 4632 905 4680 17
949 4643 1013 4680 τε
1064 4636 1189 4695 post
1234 4626 1355 4679 ἄνω
1401 4628 1558 4678 addit
1592 4629 1656 4677 T.
1713 4654 1777 4662 —
1831 4627 1865 4677 l.
1907 4630 1970 4677 18
2017 4644 2111 4691 pro
2157 4624 2496 4690 ςτρέφοντες
2541 4627 2736 4674 ταῦτα.
2808 4621 3014 4673 οὑτωςὶ

438 4694 714 4748 κάκείνοις
751 4712 850 4750 scr.
891 4698 955 4746 N.
1008 4724 1074 4732 —
1126 4696 1160 4746 1.
1198 4699 1261 4746 21
1310 4712 1407 4761 pro
1445 4695 1601 4760 αὐλῷ
1642 4696 1840 4760 scripsi
1882 4693 2060 4745 αὐλοῦ
2100 4693 2273 4757 ὅλμῳ.
2329 4720 2394 4728 -
2448 4693 2481 4740 l.
2519 4696 2582 4741 22
2636 4708 2732 4756 pro
2769 4687 3015 4741 ἐδίδαξεν

441 4781 541 4815 em.
578 4766 646 4819 N.
683 4763 945 4815 διέταξεν.
970 4790 1036 4800 —-
1072 4764 1106 4813 l.
1132 4768 1197 4815 23
1235 4762 1601 4827 ἐπιφράττειν
1627 4767 1684 4813 et
1706 4760 1931 4825 ἐπέχειν
1955 4766 2013 4812 in
2038 4759 2370 4825 ἑπιφράττει
2397 4763 2452 4809 et
2477 4756 2661 4820 ἐπέχει
2689 4759 2922 4809 mutavit
2947 4758 3013 4807 N.

577 4833 690 4884 189.
762 4832 798 4883 1.
839 4834 869 4882 ὅ
905 4830 1003 4883 ἀπ’
1040 4848 1137 4897 pro
1173 4831 1264 4883 ἐπ’
1301 4847 1400 4883 scr.
1439 4832 1506 4884 N.
1544 4857 1607 4866 ·—
1641 4830 1676 4884 1.
1714 4833 1745 4881 6
1782 4846 1881 4896 pro
1906 4829 2086 4893 αὐτὴν
2125 4845 2228 4882 scr.
2266 4828 2337 4879 αὖ
2363 4827 2471 4890 τὴν
2498 4825 2701 4891 Schm„
2742 4827 2823 4876 sic
2849 4825 3014 4876 etiam
