3664 5546
1116 357 1274 412 ΠΕΡΙ
1316 354 1704 411 ΚΑΘΟΛΙΚΗ(
1741 354 2160 410 ΠΡΟΕΩιΔΙΑ(
2201 354 2282 409 ΙΘ.
2858 353 2984 418 493

421 531 501 596 ἂν
547 532 881 610 βαειλῆαε»
930 527 1007 611 (Β
1035 525 1210 612 250).
1284 527 1360 592 τὸ
1407 527 1495 592 ὥε
1539 526 1639 591 ἀεὶ
1680 525 1999 609 ὀξύνεται,
2052 525 2169 591 κᾶν
2197 525 2285 589 ι(ἐν
2330 523 2490 608 ἀρχῇ
2535 525 2653 589 κᾶν
2698 525 2767 589 ἐν
2819 526 2983 608 μέεῳ

415 632 531 696 κᾶν
575 631 646 694 ἐν
689 630 857 695 τέλει
902 631 974 713 ᾖ,
1019 632 1186 707 πλὴν
1232 629 1433 708 μόνον
1479 629 1586 693 ὅτε
1632 628 1909 707 εημαίνει
1951 627 2025 692 τὸ
2071 626 2309 710 οὕτως,
2354 626 2552 691 ὁπότε
2595 646 2667 702 γε
2713 625 2981 690 ὑποτάε-

417 754 590 799 cotto
636 732 992 815 ευνδέεμῳ,
1038 719 1129 796 ὡς’
1174 731 1571 810 Ἀρίεταρχοε
1615 730 1715 795 καὶ
1758 729 2159 812 Τυραννίων,
2203 730 2242 807 ἢ
2290 729 2380 793 ὼε
2422 728 2550 804 ἐγὼ
2593 728 2866 808 ἡγοῦμαι
2907 728 2983 793 τὸ

412 835 602 915 ὅμως.
655 833 798 898 τότε
844 833 965 912 γὰρ
1009 836 1396 912 περιεπᾶται.
1454 832 1741 899 ὀξύνεται
1788 833 1902 911 μὲν
1947 831 2018 895 ἐν
2063 830 2225 914 ἀρχῇ
2269 830 2477 896 οὕτως
2524 831 2652 894 «ὣς
2698 832 2768 896 δὲ
2815 830 2982 895 λέων

412 938 606 1017 ἐχάρη
649 937 721 1017 (Γ
763 934 874 1018 23)
921 935 1356 1014 κοιμιζομὲνηε
1399 934 1469 999 ἐν
1511 935 1724 1018 τούτῳ
1767 938 1880 1012 τῆ(
1922 932 2126 1000 ὀξείας
2171 934 2275 997 διὰ
2316 935 2392 997 τὸ
2438 935 2518 1012 μὴ
2574 930 2739 999 εἶναι
2789 933 2865 997 τὸ
2910 932 2980 997 δέ
3008 945 3042 994 5

411 1036 777 1116 ἐγκλιτικόν.
865 1036 965 1099 καὶ
1020 1037 1089 1101 ἐν
1145 1037 1312 1119 μέζω
1372 1036 1500 1101 «ὣς
1556 1035 1654 1100 ἀεὶ
1704 1035 1820 1101 τὸν
1877 1034 2107 1114 ὁμοῖον
2171 1034 2308 1111 ἄγει
2375 1036 2464 1099 ὣ(
2527 1035 2643 1101 τὸν
2709 1035 2940 1115 ὁμοῖον
2957 1061 2996 1089 »·

410 1142 478 1223 (ρ
520 1135 675 1220 218)
721 1140 888 1203 κτὼ(
932 1138 1001 1202 δέ
1049 1138 1107 1203 c'
1150 1136 1524 1221 ἀπεχθήρω,
1580 1138 1668 1202 ὣς
1720 1141 1840 1202 νῦν
1896 1137 2183 1213 ἔκπαγλα
2238 1137 2505 1217 φίληεα»
2564 1138 2635 1220 (Γ
2676 1136 2830 1219 415)
2884 1138 2984 1202 καὶ

410 1242 482 1306 ἑν
525 1242 691 1306 τέλει
739 1239 995 1318 «Τρῶες
1038 1242 1153 1319 μὲν
1196 1244 1436 1324 κλαγγῇ
1479 1239 1542 1304 τ’
1586 1240 1788 1323 ἐνοπῇ
1834 1239 1899 1304 τ’
1941 1237 2081 1304 ἴεαν
2128 1237 2379 1317 ὄρνιθες
2422 1238 2554 1304 ὥς»
2601 1240 2672 1321 (Γ
2712 1238 2800 1324 2).
2866 1242 2984 1304 τοῦ

412 1345 482 1408 δὲ
526 1342 1041 1424 περιεπωμένου,
1088 1333 1214 1406 ὅτε
1240 1345 1427 1420 δηλοῖ
1457 1344 1534 1406 τὸ
1565 1342 1736 1422 ὅμως
1783 1339 1991 1405 «ἀλλὰ
2034 1342 2136 1406 καὶ
2179 1340 2266 1406 ὧ(
2311 1341 2511 1405 ἐθέλω
2557 1340 2817 1419 δόμεναι
2863 1341 2982 1407 πά-

413 1449 545 1528 λιν,
600 1444 654 1510 εἰ
698 1443 843 1519 τόγ’
886 1442 1188 1522 ἄμεινον»
1235 1444 1314 1527 (Α
1361 1441 1508 1525 116)
1565 1443 1772 1508 «ἀλλὰ
1814 1444 1917 1509 καὶ
1959 1442 2049 1507 ὧ(
2100 1442 2351 1508 ἱππεῦει
2394 1443 2792 1522 μετέπρεπον
2835 1442 2982 1521 ἡμε-
3020 1452 3086 1506 10

409 1548 681 1625 τέροιειν
724 1581 810 1592 —-
869 1546 971 1611 καὶ
1024 1545 1216 1612 πεζός
1269 1566 1390 1624 περ
1445 1545 1604 1629 ἐών,
1660 1545 1797 1611 ἐπεὶ
1853 1545 1943 1610 ὣς
1999 1544 2112 1620 ἄγε
2166 1547 2380 1609 νεῖκος
2424 1545 2691 1625 Ἀθήνη»
2738 1545 2817 1627 (Λ
2861 1542 2986 1607 720

411 1658 477 1711 et
520 1646 702 1730 721),
746 1648 822 1711 τὸ
867 1650 982 1726 μὲν
1026 1647 1345 1726 πρότερον
1391 1647 1478 1713 ὧ(
1521 1648 2045 1729 περιεπωμένωε,
2088 1647 2165 1711 τὸ
2210 1648 2281 1711 δὲ
2325 1646 2547 1726 ἕτερον
2592 1646 2736 1711 κατ’
2779 1647 2983 1723 ἔγκλι-

414 1771 538 1833 ew,
584 1750 926 1828 ἐπειδήπερ
969 1749 1045 1813 τὸ
1090 1751 1592 1830 μεταφραετικὸν
1638 1749 1838 1814 αὐτοῦ
1883 1749 2080 1832 ἐςτιν,
2135 1748 2275 1814 ἐπεὶ
2317 1748 2523 1815 οὕτω(
2566 1748 2686 1828 ἦγε
2734 1750 2811 1814 τὸ
2855 1751 2982 1814 νεῖ-

413 1874 524 1918 κος
568 1852 812 1930 Ἀθήνη.
888 1850 1096 1916 «ἀλλὰ
1138 1853 1243 1916 καὶ
1284 1851 1371 1916 ὧ(
1412 1850 1662 1917 ἱππεῦει
1705 1851 2112 1932 μετέεεομαι»
2170 1851 2262 1934 (Δ
2306 1850 2460 1934 322)
2505 1850 2657 1932 «ἐμὲ
2711 1850 2779 1916 δ’
2832 1850 2986 1916 οὐδ>

415 1953 503 2019 ὧ(
545 1955 740 2033 θυμὸς
782 1952 1071 2033 ἀνῆκεν».
3020 1964 3082 2016 15

413 2194 486 2228 an
530 2183 591 2227 ut
637 2177 749 2228 fere
795 2176 1018 2227 videtur
1059 2175 1167 2240 τῶ)
1224 2191 1332 2226 non
1386 2181 1537 2227 certo
1589 2177 1854 2227 traditum
1907 2181 2009 2227 est.
2082 2177 2203 2239 Qua
2248 2175 2316 2226 de
2363 2191 2420 2226 re
2474 2176 2605 2242 quid
2649 2176 2983 2228 iudicaverit

295 2301 310 2313 ,
410 2245 674 2295 Lehrsius
707 2246 767 2294 in
801 2247 993 2296 Museo
1027 2244 1292 2295 Rhenano
1332 2243 1507 2308 (Neue
1533 2244 1708 2311 Folge
1742 2245 1798 2295 11
1834 2261 1901 2294 zu
1936 2245 2222 2294 Herodian
2257 2244 2369 2294 und
2393 2244 2739 2310 Apollonius)
2776 2246 2867 2295 hic
2903 2261 2983 2295 re-

410 2319 602 2380 petere
637 2313 847 2363 additis
882 2313 1225 2378 quibusdam,
1264 2327 1401 2377 quae
1436 2313 1555 2378 ipse
1590 2328 1735 2363 nunc
1771 2327 1830 2363 se
1867 2312 2181 2363 additurum
2219 2327 2339 2364 esse
2376 2328 2583 2363 mecum
2620 2313 2981 2363 communica-

409 2383 521 2444 vit,
568 2382 918 2432 utilissimum
973 2381 1226 2433 arbitror.
1303 2382 1601 2445 Postquam
1655 2379 2052 2431 animadvertit
2104 2382 2161 2431 in
2214 2380 2261 2430 A
2302 2380 2465 2432 ollon.
2508 2381 2575 2431 de
2619 2381 2743 2432 adv.
2797 2397 2848 2446 p.
2883 2383 2982 2431 612

410 2465 555 2500 nunc
599 2465 853 2515 magnum
905 2449 1096 2499 vitium
1142 2449 1351 2510 inesse,
1400 2464 1562 2513 quum
1606 2447 1784 2499 lector
1828 2449 2085 2529 opinatus
2131 2448 2198 2498 de
2278 2462 2355 2500 ω(
2403 2454 2458 2499 et
2502 2445 2580 2500 ele
2614 2447 2647 2500 δ
2681 2464 2983 2500 sermonem

323 2553 334 2560 -
413 2533 532 2568 esse
572 2518 755 2568 subito
793 2516 1168 2581 deprehendat
1206 2517 1271 2566 de
1308 2516 1420 2566 alia
1457 2517 1728 2580 particula
1763 2532 1856 2581 agi
1894 2532 2120 2581 eamque
2158 2532 2279 2566 esse
2314 2516 2430 2580 τώ,
2469 2532 2629 2582 quam
2663 2517 2985 2581 Apollonius

416 2587 495 2636 sic
531 2586 752 2651 scripsit
787 2585 1059 2635 adnotans
1098 2585 1266 2634 ctiam
1304 2581 1684 2648 μαρτυρούεη(
1721 2582 1812 2635 καὶ
1848 2585 1951 2648 τῆς
1987 2584 2350 2648 παραδόεεω(
2396 2584 2488 2635 καὶ
2525 2585 2668 2636 κατὰ
2702 2583 2857 2636 τάειν
2895 2584 2983 2635 καὶ

411 2652 639 2718 γραφὴν
665 2655 744 2704 sic
769 2654 977 2718 pergit:
1016 2654 1204 2704 Ueber
1225 2652 1549 2718 Apollonius
1573 2652 1846 2703 berichtet
1871 2652 1970 2702 das
1994 2653 2430 2718 Etymologicum
2451 2658 2618 2704 unter
2643 2653 2766 2703 dem
2791 2654 2981 2704 Worte

416 2722 633 2788 richtig.
699 2722 882 2771 Wenn
918 2723 1051 2771 aber
1087 2720 1478 2771 ebendaselbst
1513 2727 1710 2787 geeagt
1745 2720 1909 2783 witti,
1945 2721 2229 2771 Herodian
2263 2721 2510 2773 schreibe
2558 2723 2643 2771 τῶ
2680 2721 2790 2771 und
2827 2736 2981 2787 enge,

416 2807 476 2847 so
519 2791 656 2841 habe
705 2791 795 2840 dic
831 2789 1128 2840 Paradosis
1176 2787 1358 2853 [jcncs
1404 2805 1575 2858 sagen
1620 2789 1759 2839 auch
1805 2789 1895 2839 die
1940 2790 2334 2854 Epimerismen
2381 2790 2560 2845 Cram.
2596 2792 2625 2841 1
2658 2793 2783 2852 416,
2831 2790 2981 2842 nicht

415 2857 932 2909 iibereinstimmend
968 2858 1068 2906 mit
1102 2857 1250 2907 ihrer
1283 2857 1584 2922 Abicitung
1618 2873 1719 2907 aus
1754 2855 1853 2921 τό,
1900 2856 2080 2910 dieses
2125 2855 2329 2923 nicht],
2378 2874 2438 2909 eo
2485 2859 2560 2908 ist
2604 2858 2795 2908 beidcs
2839 2858 2980 2907 ohne

414 2927 638 2976 Zweisel
676 2927 766 2976 ein
802 2926 1005 2976 Fehler
1039 2924 1172 2975 oder
1206 2926 1296 2975 ein
1331 2925 1871 2977 Missverstiindniss:
1910 2924 2009 2975 das
2046 2926 2301 2985 letztere‚
2338 2927 2461 2977 weil
2495 2926 2780 2977 Herodian
2816 2925 2980 2976 keine

414 2995 614 3044 andere
652 2994 946 3045 Paradosis
982 2993 1162 3043 haben
1198 2992 1404 3043 konntc
1450 2994 1535 3043 als
1570 2993 1921 3059 Apollonius:
1969 2993 2068 3044 das
2114 2998 2349 3059 erstem,
2397 2992 2525 3045 weil
2573 2994 2673 3045 der
2705 2993 2982 3047 Verdacht

412 3063 769 3128 wenigstens,
808 3062 913 3111 den
948 3077 1073 3111 man
1111 3061 1281 3111 sehon
1317 3076 1418 3111 aus
1451 3061 1648 3110 innern
1687 3061 1950 3113 Griinden
1995 3060 2244 3128 dagegen
2289 3061 2470 3113 haben
2513 3063 2748 3119 miisete.
2796 3062 2980 3112 bestii-

412 3131 520 3196 tigt
563 3128 700 3180 wird
748 3129 916 3179 durch
951 3131 1030 3180 10.
1065 3128 1217 3181 Alex.
1257 3130 1310 3179 S.
1347 3132 1408 3180 31
1458 3127 1528 3179 τὸ
1563 3126 1678 3193 τώ,
1727 3127 1822 3180 ὅτε
1862 3127 1930 3179 τὸ
1976 3127 2062 3180 διὸ
2107 3127 2355 3195 εημαίνει
2399 3128 2526 3181 «τὼ
2575 3128 2679 3181 οὐκ
2724 3128 2794 3180 ἂν
2839 3130 2980 3192 Buci-

413 3198 551 3262 λῆα(
565 3213 608 3249 >).
680 3200 825 3248 Dass
862 3198 976 3247 sich
1013 3201 1198 3262 spiiter
1229 3198 1315 3246 τῶ
1352 3196 1600 3263 Geltung
1635 3197 1992 3259 verschaffte,
2032 3192 2178 3248 sieht
2215 3214 2355 3248 man.
2425 3200 2506 3249 Zu
2542 3199 2642 3248 Od.
2680 3199 2710 3262 β
2747 3200 2843 3248 281
2882 3198 2981 3248 hat

413 3267 567 3316 Harl.
611 3280 693 3330 γρ.
740 3264 830 3315 καὶ
876 3263 946 3315 τὸ
992 3262 1079 3315 τώ
1124 3263 1262 3327 μετὰ
1307 3261 1502 3315 ὀξείας.
1580 3265 1711 3315 Also
1759 3266 1898 3315 doch
1944 3266 2085 3316 wohl
2138 3268 2209 3316 im
2256 3268 2602 3331 Gegensatzc
2647 3282 2825 3331 gegcn
2864 3267 2976 3318 τῶ.

420 3332 567 3399 [Und
603 3335 701 3384 das
737 3336 821 3398 τῷ
850 3346 1066 3397 (φεωνε
1104 3331 1416 3395 ἐγκλικτικὴ
1445 3332 1546 3395 μὲν
1582 3330 1617 3395 ἡ
1645 3346 1838 3395 (φεων
1873 3332 2027 3395 ὅμως
2062 3331 2132 3384 τὸ
2156 3335 2241 3384 τῶ
2280 3332 2447 3385 πάλιν
2484 3333 2979 3400 περιεπαεθήεεται

414 3404 485 3451 im
523 3404 692 3457 Marc.
731 3417 800 3451 zu
834 3401 937 3450 Od.
972 3414 1009 3462 γ
1045 3402 1142 3452 134
1175 3416 1324 3466 mag,
1363 3401 1610 3451 wiewohl
1639 3401 1783 3464 jetzt
1819 3402 2288 3463 unverstiindlich,
2327 3402 2598 3455 ebenfalle
2632 3403 2735 3453 auf
2765 3403 2855 3452 ein
2890 3404 2976 3453 τῶ

417 3468 653 3535 ίῖὶὶιτοῃ]
726 3471 858 3519 Man
894 3469 1037 3519 sieht
1075 3470 1162 3518 ein
1200 3469 1408 3519 solches
1446 3468 1581 3519 auch
1629 3469 1873 3518 deutlich
1921 3484 2020 3519 aue
2067 3470 2188 3519 dem
2223 3470 2681 3536 Etymologicum,
2718 3487 2801 3520 wo
2836 3472 2975 3521 auch

413 3538 795 3589 verschiedene
834 3536 1272 3603 Begriindungen
1311 3536 1473 3586 dafiir
1508 3536 1793 3587 enthalten
1830 3537 1971 3591 sind.
2040 3537 2186 3588 Aber
2220 3553 2342 3589 vom
2380 3540 2413 3589 ῖ
2449 3539 2526 3588 ist
2549 3540 2686 3589 auch
2714 3535 2785 3588 da
2810 3538 2974 3589 keine

415 3608 567 3672 Spur.
611 3631 677 3641 -—
725 3606 848 3655 Wie
899 3605 987 3655 die
1031 3605 1196 3655 Alten
1239 3605 1340 3654 das
1382 3606 1468 3655 τῖυ
1513 3605 1828 3668 schrieben,
1886 3605 2122 3657 welches
2167 3605 2432 3656 bedentet
2477 3607 2733 3670 «daun»,
2788 3606 2975 3658 οὕτω(

414 3674 816 3740 paraphrasin-t,
873 3675 1035 3724 weiss
1087 3672 1176 3722 ich
1220 3673 1389 3722 nicht.
1475 3673 1577 3722 Bei
1630 3671 1715 3722 τώ
1761 3686 1822 3723 κε
1875 3670 2011 3736 τάχ’
2054 3672 2276 3737 ἠμύεειε
2320 3672 2481 3726 πόλι(
2530 3674 2569 3727 Β
2614 3678 2713 3728 373
2758 3678 2831 3726 ist
2879 3676 2978 3726 das

413 3743 668 3792 Scholion
705 3757 805 3791 aus
839 3740 886 3790 A
921 3757 1090 3805 zwar,
1128 3740 1265 3790 doch
1300 3756 1408 3791 von
1442 3740 1852 3791 unbekanntem
1891 3742 2202 3807 Ursprung:
2249 3740 2319 3792 τὸ
2354 3756 2439 3793 τω
2487 3743 2671 3794 πολλὰ
2707 3741 2978 3809 (ημαίνεν

414 3808 507 3861 ἐπὶ
545 3809 644 3872 μὲν
679 3811 781 3859 τοῦ
818 3807 1080 3859 τοιούτου
1116 3810 1447 3873 περιεπᾶται
1471 3808 1562 3858 καὶ
1596 3808 1666 3858 τὸ
1704 3811 1737 3859 ῖ
1771 3806 1876 3859 οὐκ
1901 3807 2026 3872 ἔχει.
2086 3811 2413 3862 Eustathius
2449 3812 2663 3862 scheint
2697 3813 2755 3862 in
2792 3812 2982 3863 beider

413 3878 744 3941 Bedeutung·
779 3893 939 3927 unser
961 3879 1046 3942 τῷ
1074 3892 1140 3927 zu
1164 3876 1368 3938 haben,
1407 3876 1799 3927 ausdriicklich
1824 3877 1981 3927 redet
1999 3894 2058 3927 er
2081 3880 2217 3928 iiber
2238 3879 2482 3945 Bildnng
2504 3879 2615 3929 und
2641 3880 2982 3945 Schreibung

415 3947 584 3995 nicht.
621 3971 682 3980 -
722 3945 792 3997 cf.
826 3947 994 3995 etiam
1027 3945 1333 3994 Herodiani
1357 3944 1815 4010 orthographiam
1851 3947 1950 3995 sub
1986 3945 2100 4009 τώ,
2136 3947 2233 3996 ubi
2257 3946 2444 3997 Photii
2478 3947 2656 3997 locum
2691 3963 2724 3996 a
2751 3948 2980 3998 Lehmio

416 4013 760 4064 emendatum
788 4018 844 4062 et
869 4012 1195 4078 explicatum
1219 4028 1533 4078 proponam.
1557 4040 1622 4048 -—
1648 4012 1684 4065 l.
1709 4017 1739 4063 2
1765 4019 1890 4078 post
1920 4012 2106 4065 οὕτω(
2131 4016 2364 4079 apposui
2389 4014 2563 4065 ὁπότε
2589 4029 2652 4076 γε
2677 4042 2743 4049 —
2769 4014 2979 4079 Τυραν-

416 4079 556 4131 νίων
592 4098 659 4130 ex
695 4083 793 4146 Ep.
820 4081 908 4130 Cr.
931 4082 1096 4143 1448,
1133 4082 1198 4131 26
1235 4088 1290 4131 ct
1325 4081 1383 4130 11
1404 4083 1534 4142 472,
1577 4084 1638 4130 14
1675 4086 1731 4135 et
1766 4082 1802 4133 l.
1828 4085 1860 4132 3
1896 4098 1992 4146 pro
2028 4081 2119 4132 καὶ
2156 4084 2399 4133 scribens
2431 4082 2467 4145 ἢ
2494 4080 2571 4133 ὡς
2599 4081 2712 4145 ἐγὼ
2738 4081 2980 4146 ἡγοῦμαι

417 4166 484 4199 ex
520 4149 825 4199 Herodiani
861 4150 1138 4199 sententia
1175 4155 1393 4200 secutus
1419 4150 1613 4200 Lehm.
1637 4148 1804 4201 Arist.
1829 4165 1881 4214 p.
1906 4152 2005 4201 386
2031 4165 2181 4215 seqq.
2209 4149 2296 4201 ed.
2321 4150 2406 4211 11,
2440 4150 2537 4199 ubi
2571 4152 2976 4202 accuratissime

419 4218 485 4267 de
524 4217 624 4266 hoc
659 4216 779 4267 loco
815 4222 1108 4267 tractatum
1153 4224 1253 4269 est.
1418 4216 1453 4269 1.
1486 4219 1517 4267 9
1551 4215 1621 4266 τὸ
1658 4215 1812 4267 οὕτω
1861 4216 1896 4279 ἢ
1943 4218 2133 4279 omisi,
2181 4233 2345 4281 quum
2390 4219 2499 4267 iam
2545 4223 2675 4269 ante
2726 4218 2976 4269 divers'ac

414 4286 798 4351 explicationis
834 4285 1165 4335 circumflexi
1209 4283 1286 4335 ὡς
1330 4286 1532 4334 mentio
1578 4285 1728 4333 facta
1775 4285 1874 4345 sit,
1933 4299 2074 4349 quea.
2128 4285 2382 4347 insertis»,
2442 4300 2581 4350 quae
2634 4286 2793 4337 modo
2848 4287 2974 4347 dixi,

414 4354 598 4405 verbis
647 4355 854 4403 monitu
891 4353 1106 4404 Lehrsii
1151 4352 1474 4417 significavi.
1541 4352 1847 4401 Aristarchi
1893 4358 1949 4401 et
1983 4354 2352 4416 Tyrannionis
2399 4355 2678 4405 sententia
2724 4356 2791 4404 de
2836 4356 2968 4420 peris

413 4423 565 4487 spasi
600 4422 848 4472 adverbii
884 4418 965 4472 ὧ(
1000 4421 1139 4470 locis
1175 4420 1416 4470 laudatis
1453 4421 1531 4469 sic
1566 4421 1822 4469 refertur:
1866 4417 2215 4484 Ἀρίεταρχο(
2250 4421 2340 4471 καὶ
2376 4419 2706 4484 Τυραννίων
2741 4436 2854 4486 παρ
2894 4437 2977 4474 νει

413 4488 482 4540 τὸ
519 4488 597 4541 ὡ(
635 4489 697 4540 ἐν
735 4487 868 4555 μέεῃ
907 4487 1102 4553 φράεει
1137 4486 1439 4551 περιεπᾶν,
1488 4485 1536 4537 εἰ
1580 4484 1949 4538 ὑποτάεεοιτο
1997 4487 2278 4554 (υνδέεμψ
2315 4487 2499 4540 «ἀλλὰ
2534 4490 2623 4539 καί
2670 4487 2749 4541 ὧ(
2795 4490 2858 4541 ἐθ
2892 4492 2975 4542 λω
3050 4534 3053 4537 ,

415 4557 566 4611 κτλ.»
601 4586 664 4593 -
705 4559 738 4608 Ι.
778 4562 836 4607 11
878 4574 965 4623 ap.
1001 4560 1076 4610 lo.
1113 4556 1198 4607 Al.
1235 4553 1358 4605 ἐπεὶ
1395 4551 1473 4605 (Dc
1509 4552 1608 4615 ἄγε
1645 4557 1828 4605 νεῖκος
1868 4553 2076 4620 Ἀθήνη
2113 4572 2232 4605 cum
2269 4557 2411 4607 falso
2448 4562 2682 4607 accentu
2717 4559 2975 4625 scriptum

417 4632 528 4687 est,
568 4628 820 4691 equidem
856 4626 1087 4675 Lehrsio
1125 4628 1421 4689 praeeunte
1457 4623 1630 4672 locum
1670 4623 1890 4687 plenius
1923 4623 2127 4687 protuli
2173 4629 2228 4674 et
2266 4625 2541 4690 explicavi
2585 4626 2976 4678 adnotamento

413 4694 616 4745 Iliacae
656 4697 808 4745 Pros.
847 4691 889 4745 Λ
925 4696 1024 4743 720
1061 4698 1119 4742 ct
1155 4694 1248 4742 721
1285 4706 1458 4755 usque
1495 4690 1566 4739 ad
1613 4689 1646 4738 l.
1689 4693 1749 4739 14
1785 4693 1967 4741 νεῖκος
2007 4689 2230 4755 Ἀθήνη.
2265 4718 2333 4729 --
2368 4693 2659 4744 Caeterum
2696 4694 2833 4745 haec
2866 4697 2977 4747 He—

415 4763 707 4813 rodianeae
753 4762 819 4811 de
867 4759 946 4812 ὡ(
991 4761 1298 4810 sententiae
1345 4758 1663 4809 testimonia
1709 4763 2004 4821 supersunt
2046 4760 2110 4812 11.
2147 4761 2237 4811 Pr.
2286 4759 2328 4811 Η
2377 4764 2467 4812 31:
2517 4759 2639 4814 ἐπεὶ
2685 4760 2769 4821 ὣς
2808 4761 2976 4828 φίλον

416 4828 623 4884 ἔπλετο
674 4833 861 4898 θυμῷε
919 4825 1328 4895 βαρυτονητέον
1381 4825 1449 4878 τὸ
1503 4825 1596 4879 ὥς.
1664 4824 1822 4895 δηλοῖ
1874 4825 1980 4894 γὰρ
2030 4826 2100 4880 τὸ
2154 4826 2356 4882 οὕτως.
2425 4832 2547 4883 Arc.
2598 4832 2725 4896 182,
2764 4833 2852 4884 18:
2904 4831 2975 4889 τὸ
