3664 5546
1163 369 1320 424 Περι
1362 369 1753 424 κΑοοΛικι-ις
1788 369 2208 425 πΡοςΩιΔιΑς
2249 371 2331 425 ιΑ.
2904 370 3031 437 253

458 543 574 605 τοῦ
617 539 806 619 Λήδη.
862 539 1126 606 δύναται
1172 541 1245 605 δὲ
1289 542 1392 606 καὶ
1418 545 1958 620 προπεριςπᾶςθαι
2004 540 2164 608 κατὰ
2204 541 2280 606 τὸ
2327 541 2567 606 Μοῦςα.
2618 542 3032 621 Καρύανδα

457 643 642 708 πόλις
685 643 788 707 καὶ
832 643 1016 721 λιμὴν
1061 641 1402 725 ὁμώνυμος
1445 643 1711 722 πληςίον
1759 643 2009 708 Μίνδου
2054 645 2155 709 καὶ
2203 644 2333 725 Κῶ,
2380 642 2471 708 ῶς
2499 642 2838 710 Ἑκαταῖος.
2903 643 3031 709 ἔςτι

460 745 531 809 δὲ
572 745 676 809 καὶ
720 744 1084 824 οὐδέτερον.
1169 745 1470 824 Ἴλερδα
1512 745 1698 810 πόλις
1740 747 1906 824 πρὸς
1948 752 2024 829 τῇ
2066 745 2334 830 Πυρήνῃ
2379 744 2653 826 Ἰβηρίας.
2727 746 2829 812 καὶ
2872 745 3029 810 Ἀν-

457 846 801 926 δρομέδα
843 846 1109 925 Δώριον
1151 854 1359 932 τροπῇ
1403 849 1521 912 τοῦ
1564 849 1603 926 ἦ
1649 847 1738 913 εἰς
1784 850 1825 911 ἆ
1867 847 2302 927 πεποιημένον
2345 847 2890 929 παροξυνόμενον.

624 949 718 1013 Τὰ
772 947 861 1013 εἰς
905 936 995 1012 θᾶ
1039 947 1275 1027 ἔχοντα
1326 950 1402 1015 τὸ
1459 953 1501 1013 ἆ
1557 951 1755 1030 βραχὺ
1821 950 2188 1031 βαρύνεται,
2255 948 2481 1029 μίνθα
2544 950 2617 1015 τὸ
2684 950 3027 1034 ἡδύοςμον,
3056 959 3089 1009 t»

457 1050 680 1129 Ἐρθα
723 1050 907 1115 πόλις
949 1050 1234 1129 Παρθίας
1280 1050 1383 1116 ἐπὶ
1424 1058 1517 1137 τῷ
1561 1051 1894 1135 Εὐφράτῃ,
1941 1052 2031 1117 ῶς
2079 1052 2353 1116 Γλαῦκος
2396 1051 2467 1116 ἐν
2498 1051 2842 1134 Ἀραβικῶν
2888 1056 3028 1116 δευ-

458 1153 641 1235 τέρῳ.
727 1150 1061 1235 ἄκανθα,
1105 1153 1556 1218 κολόκυνθα
1598 1154 1637 1232 ἡ
1682 1152 1977 1218 Ἀττικῶς
2019 1153 2389 1232 κολοκύντη.
2460 1153 2802 1219 Λύκαιθα
2842 1154 3030 1218 πόλις

459 1254 784 1333 Ἀρκαδίας
843 1255 1019 1333 παρὰ
1086 1254 1431 1341 Μενελάῳ,
1488 1256 1568 1334 ἣν
1625 1255 2013 1335 Θεόπομπος
2069 1253 2345 1320 Λύκαιάν
2410 1276 2577 1335 φηςι.
2684 1256 3029 1321 Κύπαιθα

457 1355 643 1421 πόλις
685 1355 946 1440 Λιβύης,
995 1357 1344 1422 Κύναιθα
1385 1357 1573 1422 πόλις
1615 1356 1969 1436 Ἀρκαδίας·
2015 1355 2140 1421 ἔςτι
2183 1356 2288 1421 καὶ
2334 1356 2607 1422 Κύναιθα
2649 1357 2834 1422 πόλις
2878 1356 3028 1422 Ἰθά-

458 1478 569 1536 κης
613 1456 740 1522 ὑπὸ
784 1464 876 1543 τῷ
922 1459 1170 1544 Νηρίτῳ
1213 1458 1367 1539 ὄρει.
1424 1458 1765 1539 (ύμαιθα
1805 1459 1993 1524 πόλις
2038 1458 2395 1524 Θετταλίας.
2440 1458 2801 1524 Ζάκανθα
2841 1459 3028 1524 πόλις
3069 1468 3134 1521 10

459 1559 746 1642 Ἰβηρίας,
798 1560 878 1638 ἣν
931 1563 1221 1626 καθεῖλεν
1266 1561 1581 1644 Ἀννίβας,
1639 1561 1730 1626 ὡς
1787 1560 2280 1639 Ἀπολλόδωρος
2333 1560 2404 1626 ἐν
2460 1565 2777 1640 χρονικῶν
2819 1560 3028 1646 τρίτῳ.

459 1659 862 1740 (ἀργανθα
902 1661 1088 1727 πόλις
1130 1663 1407 1744 Ἰβηρίας.

629 1786 668 1823 ιι
709 1762 805 1827 Τὰ
836 1762 937 1828 εἰς
979 1767 1061 1827 ffi
1106 1765 1472 1849 βαρύνεται,
1515 1765 1750 1841 Ὄγκα
1791 1764 2096 1844 ἡ,Ἀθηνᾶ
2125 1765 2283 1830 κατὰ
2315 1763 2629 1831 Φοίνικας.
2675 1764 3032 1844 (ἀλμυκα

457 1864 644 1929 πόλις
685 1865 849 1943 πρὸς
891 1865 1005 1930 τὰς
1033 1865 1399 1945 Ἡρακλείας
1431 1868 1675 1946 ςτήλας.
1719 1867 1968 1943 λέγεται
2012 1867 2114 1933 καὶ
2143 1865 2447 1947 (αλμύκη.
2497 1866 2802 1932 Ταύακα
2844 1867 3031 1932 πόλις

459 1965 751 2032 (ικελίας.
796 1967 1084 2033 Φίλιςτος
1127 1968 1359 2054 ὀγδόῳ.
1404 1969 1692 2034 Ὄλοκα
1734 1968 1922 2034 πόλις
1969 1969 2386 2037 Μακεδονίας.
2443 1968 2831 2049 Θεόπομπος
2874 1969 3028 2049 πέμ-
3068 1979 3132 2031 15

457 2088 598 2155 πτῳ
640 2069 1053 2145 Φιλιππικῶν.
1140 2072 1216 2137 τὸ
1261 2073 1332 2137 δὲ
1379 2073 1722 2138 Ναυςικᾱ
1764 2071 1923 2136 κατὰ
1966 2071 2172 2136 πάθος
2219 2070 2492 2147 ἐγένετο.

622 2171 715 2236 Τὰ
770 2172 858 2236 εἰς
909 2159 992 2237 ’λᾶ
1051 2173 1291 2252 θηλυκὰ
1350 2174 1718 2256 βαρύνεται,
1783 2173 2079 2254 ψύλλα·
2136 2172 2262 2238 ἔςτι
2331 2175 2433 2239 καὶ
2496 2174 2734 2254 χωρίον
2801 2174 3030 2254 μεταξὺ

454 2273 819 2353 Ἡρακλείας
862 2276 966 2339 καὶ
1010 2278 1126 2340 τοῦ
1168 2275 1448 2341 Πόντου.
1538 2276 1877 2341 Μένιππος
1931 2275 2002 2341 ἐν
2056 2274 2346 2359 περίπλῳ
2389 2279 2506 2341 τοῦ
2548 2276 2812 2341 Πόντου
2856 2275 3029 2341 «ἀπὸ

459 2376 781 2455 Κρηνίδων
827 2375 916 2443 εἰς
958 2377 1223 2442 Ψύλλαν
1278 2377 1517 2457 χωρίον
1563 2378 1782 2443 ςτάδια
1842 2378 1917 2460 κ’,
1972 2375 2102 2442 ἀπὸ
2146 2376 2405 2456 Ψύλλης
2458 2378 2699 2457 χωρίου
2743 2378 2832 2443 εἰς
2875 2378 3029 2444 Τίον

454 2478 643 2543 πόλιν
688 2480 792 2543 καὶ
833 2481 1125 2559 ποταμὸν
1171 2481 1472 2544 Βιλλαῖον
1518 2479 1736 2546 ςτάδια
1779 2480 1895 2544 π’».
1967 2477 2285 2544 (κύλλα.
2331 2477 2676 2559 (ίβυλλα.
2731 2480 3029 2561 ἅμιλλα.
3064 2495 3133 2546 20

457 2579 716 2644 ἄελλα.
767 2583 1023 2645 παῦλα
1067 2584 1168 2646 καὶ
1211 2580 1642 2664 ἀνάπαυλα.
1710 2581 1923 2645 Βάλα
1951 2581 2135 2645 πόλις
2179 2582 2291 2657 τῆς
2324 2580 2667 2647 Γαλιλαίας.
2728 2583 3027 2660 Ἰώςηπος

461 2679 645 2765 (Ant.
671 2679 811 2744 Iud.
841 2680 904 2764 6,
936 2681 1028 2765 6).
1078 2684 1160 2747 Γέ
1179 2687 1271 2748 λα
1298 2683 1485 2747 πόλις
1515 2681 1811 2749 (ικελίας.
1857 2685 2138 2748 καλεῖται
2169 2683 2240 2748 δέ
2271 2681 2402 2748 ἀπὸ
2433 2687 2726 2763 ποταμοῦ
2759 2684 2944 2767 Γέλα,
2989 2682 3027 2747 ὁ

460 2786 530 2849 δὲ
574 2784 859 2863 ποταμὸς
903 2784 999 2849 ὅτι
1042 2788 1292 2865 πολλὴν
1336 2787 1588 2865 πάχνην
1632 2790 1848 2869 γεννᾷ.
1935 2786 2171 2865 ταύτην
2228 2786 2350 2865 γὰρ
2393 2793 2470 2871 τῇ
2516 2786 2794 2853 Ὀπικῶν
2839 2793 3028 2871 φωνῇ

458 2888 560 2950 καὶ
602 2885 874 2952 (ικελῶν
916 2887 1111 2963 γέλαν
1158 2888 1459 2964 λέγεςθαι.
1544 2886 1875 2965 Πρόξενος
1918 2888 1987 2952 δ’
2031 2887 2101 2951 ἐν
2144 2888 2367 2972 πρώτῃ
2419 2891 2552 2953 τῶν
2605 2890 2754 2967 περὶ
2804 2888 3028 2968 πόρων

457 2987 788 3054 (ικελικῶν
843 2991 944 3053 καὶ
986 2989 1349 3055 Ἑλλάνικος
1403 2989 1533 3054 ἀπὸ
1581 2989 1868 3078 Γέλωνος
1922 2993 2039 3054 τοῦ
2092 2988 2320 3069 Αἴτνης
2374 2991 2478 3056 καὶ
2526 2989 2782 3070 Ἱμέρου.
2870 2991 3029 3070 Ἀρι-
3064 3007 3130 3088 253

455 3091 771 3155 ςταίνετος
817 3091 883 3155 δ’
928 3092 999 3159 ἐν
1043 3093 1264 3176 πρώτῃ
1307 3092 1441 3156 τῶν
1485 3092 1632 3170 περὶ
1673 3091 2045 3174 Φαςήλιδα,.
2083 3091 2181 3155 ὅτι
2232 3091 2461 3157 Λάκιος
2505 3094 2608 3156 καὶ
2649 3092 3029 3173 Ἀντίφημος
3122 3147 3131 3154 .
3176 3093 3191 3105 ‘

453 3192 728 3274 ,ἀδελφοὶ
772 3194 1068 3260 ἐλθόντες
1110 3194 1203 3260 εἰς
1230 3194 1545 3275 Δελφοὺς
1587 3194 2075 3276 ἐμαντεύςαντο,
2120 3195 2236 3284 τὴν
2280 3195 2352 3260 δὲ
2380 3194 2628 3259 Πυθίαν
2656 3194 2852 3261 οὐδὲν
2882 3195 3032 3273 περὶ

457 3449 659 3501 Herod.
698 3467 785 3515 ap.
823 3450 1078 3501 Eustath.
1119 3453 1266 3514 1687,
1311 3455 1396 3514 18,
1443 3454 1573 3502 item
1613 3449 1976 3515 Ἀνδρομέδαε
2025 3448 2208 3502 ἰςτέον
2256 3449 2344 3502 ὅτι
2386 3449 2456 3502 τὸ
2493 3448 2647 3516 Λήδη
2684 3449 2836 3516 Λῆδα
2871 3448 3025 3512 λέγε·

454 3531 545 3568 ται
581 3517 724 3569 κατὰ
759 3517 1104 3582 Ἡρωδιανὸν
1126 3518 1417 3583 Δωρικῶς.
1463 3517 1658 3585 Δώρια
1693 3518 1753 3571 δέ
1790 3533 1924 3584 φηςι
1960 3518 2051 3570 καί
2087 3519 2120 3581 ἡ
2159 3516 2449 3584 Φιλομήλα
2486 3520 2578 3570 καὶ
2613 3521 2647 3582 η
2689 3517 3026 3583 Ἀνδρομέδα

454 3589 638 3651 τροπῇ
683 3588 786 3637 τοῦ
833 3590 867 3652 ῆ
915 3584 993 3638 είς
1036 3591 1072 3637 ᾱ
1116 3586 1513 3652 πεποιημένον.
1593 3587 1682 3638 καὶ
1735 3586 1885 3650 λέγει
1932 3585 2144 3638 ἐκεῖνος
2188 3584 2280 3638 καί
2321 3601 2447 3638 τινα
2499 3585 2683 3638 αἰτίαν
2729 3585 2807 3639 είς
2851 3589 3026 3639 τοῦτο

454 3654 743 3718 περιςπῶν
778 3655 848 3706 τὸ
886 3654 1038 3719 Λῆδα
1074 3654 1216 3707 κατὰ
1249 3655 1319 3706 τὸ
1357 3653 1568 3707 Μοῦςα.
1645 3653 1779 3707 ἴςως
1824 3655 1886 3706 δὲ
1921 3654 2147 3719 Δώριον
2193 3655 2283 3706 καὶ
2330 3654 2364 3718 ἡ
2403 3654 2612 3720 τόλμα,
2661 3653 2693 3705 ὃ
2738 3653 3025 3719 ἀναλογῶ-

452 3735 621 3787 τερον
655 3723 757 3773 τοῦ
795 3722 976 3788 τόλμη
1013 3724 1182 3788 φηςὶν
1208 3722 1574 3788 Ἡρωδιανὸς,
1613 3740 1733 3774 cum
1807 3739 1876 3775 uo
1913 3724 2034 3774 loco
2071 3724 2141 3773 ef.
2168 3723 2434 3774 Choerob.
2461 3726 2604 3774 vict.
2630 3727 2748 3785 325,
2780 3729 2831 3774 1:
2868 3723 3024 3789 Λήδη

452 3788 887 3855 ἀναλογὼτερόν
924 3788 1036 3842 ἐςτι
1071 3793 1174 3842 τοῦ
1214 3790 1368 3856 Λήδα
1412 3792 1501 3843 καί
1539 3791 1776 3856 Ἀνδρομ
1810 3791 1878 3857 δη
1914 3793 2017 3842 τοθ
2059 3790 2418 3856 Ἀνδρομέδα
2466 3789 2608 3842 ἀλλὰ
2653 3790 2891 3854 λέγομεν
2937 3791 3025 3843 ὅτι

453 3857 605 3924 Λήδη
650 3858 741 3910 καί
781 3857 1118 3925 Ἀνδρομέδη
1154 3858 1295 3923 ἢςαν
1348 3860 1438 3911 καὶ
1484 3859 1730 3924 ἔτρεψαν
1775 3859 2051 3923 Δωρικῶς
2094 3858 2164 3911 τὸ
2200 3861 2235 3924 ἦ
2282 3857 2359 3910 είς
2395 3862 2457 3922 ἃ,
2502 3858 2767 3924 δηλονότι
2811 3859 3026 3923 μακρὸν

453 3927 541 3977 καί
578 3925 808 3989 ἐγένετο
844 3927 997 3992 Λήδα
1033 3927 1123 3979 καὶ
1163 3925 1512 3991 Ἀνδρομέδα.
1684 3928 1717 3978 l.
1744 3930 1776 3978 6
1811 3925 1981 3992 ’epea
2016 3929 2250 3978 accessit
2285 3945 2352 3978 ex
2390 3931 2467 3979 St.
2492 3929 2576 3989 Β.,
2613 3929 2743 3980 item
2780 3926 3025 3978 Λύκαιθα

452 4010 622 4060 usque
660 3994 730 4044 ad
767 3995 951 4057 finem;
1000 3997 1169 4047 verba
1204 3996 1423 4046 Arcadii
1469 3996 1599 4060 μεθ’
1635 3993 1720 4047 ὧν
1757 3995 1847 4047 καί
1884 3993 2065 4048 δίαιτα
2101 3997 2283 4058 omisi,
2331 3998 2459 4060 quia
2504 3997 2651 4046 infra
2697 3995 3025 4046 vocabulum

453 4063 510 4112 iu
544 4078 752 4113 canone
790 4064 855 4113 de
893 4066 1201 4115 nominibus
1237 4065 1294 4114 in
1328 4067 1401 4115 ’ῖᾶ
1437 4065 1727 4131 proferam.
1800 4064 2073 4114 Abhorret
2115 4062 2337 4129 Θεβηθά
2382 4062 2652 4129 φρούριον
2698 4061 3027 4115 Μεςοποτα-

453 4128 577 4192 μίας
617 4129 903 4195 Ἀρριανὸς
939 4129 1001 4183 ἐν
1038 4130 1326 4198 ἑνδεκάτῃ.
1461 4134 1500 4184 l.
1541 4138 1602 4183 13
1638 4148 1901 4183 canonem
1938 4148 2005 4181 ex
2045 4132 2312 4197 Stephani
2348 4133 2657 4183 nominibus
2693 4131 2838 4183 finxi.
2888 4129 3023 4183 (άλ-

453 4213 596 4261 μυκα
642 4202 911 4265 reperitur
953 4200 1100 4265 apud
1145 4201 1226 4251 St.
1275 4204 1337 4252 B.
1382 4217 1426 4251 s.
1478 4218 1528 4255 v.
1588 4209 1642 4250 et
1686 4219 1728 4252 s.
1771 4198 1975 4265 Τρίτη,
2032 4197 2293 4263 Εαλμύκη
2348 4216 2389 4249 s.
2448 4198 2774 4262 Ἀκκαβικὸν
2825 4201 3024 4262 τεῖχος.

452 4267 693 4318 Meinek.
733 4270 980 4332 praefert
1017 4272 1374 4335 posteriorem
1411 4269 1664 4333 formam,
1705 4269 1834 4333 quia
1860 4265 2077 4329 Εάλμυξ
2104 4265 2365 4331 Εαλμύκη
2393 4268 2589 4318 melius
2614 4273 2880 4332 congruat
2904 4283 3025 4317 eum

451 4332 610 4399 Ἔρυξ
651 4332 874 4400 Ἐρύκη,
914 4336 1012 4387 sed
1049 4338 1167 4401 ipse
1205 4337 1569 4387 variationem
1609 4353 1633 4385 s
1675 4340 1909 4386 eeiermn
1946 4336 2001 4384 in
2037 4337 2072 4398 ἦ
2111 4341 2167 4385 et.
2202 4338 2238 4386 'd
2273 4336 2439 4385 breve
2478 4352 2528 4401 p.
2564 4339 2679 4397 440,
2719 4338 2750 4385 8
2788 4335 3024 4400 explica-

453 4404 546 4455 vit.
627 4403 801 4455 Omisi
845 4402 1174 4469 Πετροςάκα
1218 4401 1428 4469 χωρίον
1476 4403 1642 4469 Ἀρκα
1679 4401 1764 4455 ίας
1818 4410 2042 4469 propter
2085 4408 2366 4453 accentum
2413 4404 2704 4453 diversum.
2784 4402 3023 4454 Ναυςικᾶ

453 4473 636 4537 recepi
683 4488 748 4521 ex
797 4473 857 4522 Ε.
893 4475 964 4524 Μ.
1011 4475 1105 4533 ⁶24,
1151 4476 1240 4524 43:
1284 4471 1488 4536 Ἀθήνη
1529 4470 1793 4537 Ἀθηναία
1840 4467 1919 4520 ὡς
1964 4468 2087 4536 δίκη
2142 4469 2322 4522 δικαία
2373 4471 2465 4522 καὶ
2511 4471 2699 4535 ὥςπερ
2747 4468 3023 4522 Ναυςικάα

453 4538 592 4590 κατὰ
628 4541 817 4605 κρᾶςιν
852 4541 973 4591 τῶν
1008 4539 1109 4592 δύο
1144 4543 1215 4592 &fi
1252 4538 1331 4592 είς
1367 4543 1401 4591 ᾶ
1439 4538 1652 4604 μακρὸν
1687 4536 1901 4601 γίνεται
1940 4535 2205 4602 Ναυςικᾶ,
2252 4537 2408 4590 οὕτω
2445 4537 2535 4589 καὶ
2571 4536 2686 4590 ἀπὸ
2721 4540 2824 4591 τοθ
2866 4537 3023 4604 Ἀθη-

453 4605 576 4658 ναία
611 4606 867 4674 ἀποβολῇ
903 4611 1007 4659 τοῦ
1045 4612 1078 4660 ῖ
1111 4606 1326 4671 γίνεται
1353 4606 1600 4674 Ἀθηνάα
1633 4606 1723 4658 καὶ
1760 4605 1946 4671 κράςει
1979 4608 2101 4657 τῶν
2137 4606 2237 4658 δύο
2273 4609 2346 4657 (ῖᾶ
2372 4605 2450 4659 είς
2486 4610 2520 4657 ά
2559 4606 2772 4671 μακρὸν
2800 4606 3021 4672 Ἀθηνᾶ.

454 4676 648 4726 collato
684 4676 922 4726 Arcadio
958 4679 1050 4740 96,
1088 4680 1171 4730 23.
1382 4678 1415 4730 1.
1455 4678 1515 4726 17
1563 4680 1686 4741 post
1721 4673 1937 4741 θηλυκὰ
1983 4677 2149 4726 verba
2186 4673 2386 4727 (πάνια
2433 4674 2572 4727 ὄντα
2608 4692 2725 4726 cum
2764 4676 2807 4725 A
2845 4676 3022 4738 omisi,

454 4741 640 4795 Ψύλλα
679 4746 952 4811 proprium
990 4746 1229 4797 accessit
1275 4762 1340 4796 ex
1380 4747 1462 4795 St.
1499 4745 1559 4798 B.
1599 4770 1661 4780 —
1703 4741 1943 4807 Είβυλλα
1988 4743 2130 4794 salso
2178 4746 2233 4793 in
2272 4744 2584 4795 Endlicheri
2619 4742 2796 4793 Anall.
2834 4760 2884 4808 p.
2922 4746 3021 4795 529

455 4812 690 4862 traditur
735 4819 1113 4878 paroxytonon
1166 4829 1320 4874 esse,
1367 4813 1620 4877 quoniam
1669 4812 1834 4877 longa
1881 4813 1955 4861 sit
2000 4811 2219 4875 ultima,
2264 4828 2442 4878 neque
2489 4819 2636 4863 recte
2682 4818 3023 4878 eomparatur
3066 4845 3073 4858 .

454 4894 569 4930 cnm
608 4878 937 4946 Καςςάνδρα.
977 4910 1034 4930 τ-
1076 4879 1253 4943 Βάλα,
1293 4879 1458 4944 Γέλα,
1496 4879 1640 4932 Φίλα
1677 4887 1806 4930 sunt
1844 4896 1911 4931 ex
1948 4881 2026 4930 St.
2064 4882 2126 4932 B.
