3664 5546
538 329 744 377 CCXIV
1639 326 2057 375 PRAEFATIO.

539 483 868 548 emendari
924 494 988 548 et
1056 492 1274 567 potest
1339 490 1405 546 et
1471 481 1685 548 debet.
1788 480 2134 546 Praeterea
2201 481 2596 545 transierunt
2660 480 2728 543 in
2784 478 3112 564 Etymolo-
3176 504 3185 513 ·

534 587 681 672 gica
723 584 1144 672 Epimerismi
1188 584 1520 649 Homerici
1564 584 1701 649 fere
1745 606 2000 663 omneS,
2050 583 2226 672 quod
2270 606 2398 670 qua
2441 583 2694 649 ratione
2737 581 2987 647 factum
3030 581 3118 645 sit

535 688 846 753 Lehrsius
892 688 961 750 in
1004 684 1222 752 Anall.
1267 709 1329 772 p.
1376 687 1496 750 411
1548 686 1863 772 singulari
1914 685 2213 774 exemplo
2260 685 2751 750 demonstravit.
2826 683 3118 771 Recepta

536 800 636 856 est
688 792 753 854 in
800 788 1254 876 Etymologica
1299 788 1733 855 Choerobosei
1779 788 2269 875 Orthographia
2324 796 2389 852 et
2444 810 2530 852 ex
2588 787 2790 853 multo
2830 785 3118 873 pleniore

536 891 796 980 quidem
843 912 1038 978 quam
1085 912 1260 955 nunc
1302 889 1616 955 habemus
1663 889 2056 977 exemplari,
2115 892 2210 956 ita
2260 900 2334 955 ut
2389 913 2614 956 eorum
2670 912 2791 976 ope
2837 888 3118 955 Choero-

535 994 717 1061 bosci
763 993 1157 1074 doctrinam,
1204 1015 1371 1079 quae
1417 1016 1500 1057 ex
1528 991 1908 1058 Herodiano
1952 992 2251 1057 derivata
2295 1002 2425 1075 est,
2472 992 2839 1058 accuratius
2885 1013 3118 1076 cogno-

538 1118 716 1162 scere
764 1104 828 1159 et
874 1095 1054 1160 vitiis
1093 1092 1372 1160 liberare
1404 1095 1752 1182 possimus.
1820 1092 1900 1157 In
1936 1095 2310 1159 universum
2341 1103 2559 1159 autem
2590 1093 3121 1180 Etymologicum

537 1199 851 1283 Magnum
908 1220 1052 1261 cum
1110 1196 1415 1263 Gudiano
1476 1217 1730 1282 semper
1783 1195 2298 1282 comparandum
2364 1219 2508 1261 esse
2565 1196 2681 1261 vix
2746 1205 2880 1277 est,
2948 1194 3118 1281 quod

539 1323 857 1365 moneam.
944 1298 1111 1362 Nam
1155 1299 1353 1364 modo
1410 1299 1478 1362 in
1532 1298 1656 1363 hoc
1706 1298 1899 1364 modo
1946 1297 2014 1360 in
2059 1295 2169 1361 illo
2214 1309 2327 1363 aut
2382 1299 2586 1364 verba
2629 1305 3121 1385 praeceptorum

542 1413 656 1469 aut
698 1402 1072 1468 testimonia
1116 1401 1509 1488 scriptorum
1555 1399 1784 1466 melius
1832 1410 2097 1465 servata
2140 1411 2311 1464 sunt.
2379 1401 2456 1464 In
2501 1400 2582 1465 E.
2612 1401 2853 1485 Magno
2898 1400 3122 1463 insunt

544 1505 748 1570 multa
807 1512 1157 1592 praecepta
1224 1526 1308 1567 ex
1366 1501 1802 1567 Choerobosci
1857 1501 2138 1566 Dictatis
2194 1504 2402 1588 petita
2462 1525 2578 1566 nec
2645 1524 2775 1567 non
2840 1525 2923 1566 ex
2982 1502 3119 1566 eius

544 1607 1031 1694 EpimerismiS,
1099 1604 1422 1691 quaedam
1475 1626 1560 1668 ex
1605 1605 2021 1689 Theognosto
2077 1613 2141 1668 et
2186 1602 2724 1691 Orthographicis
2778 1603 3036 1691 scriptis
3081 1626 3123 1667 a

545 1710 852 1776 Cramero
900 1708 1128 1791 editis,
1177 1706 1498 1794 quaedam
1545 1729 1628 1771 ex
1673 1705 1949 1771 Scholiis
1994 1704 2361 1771 Homericis
2409 1715 2473 1770 et
2516 1704 2994 1792 Apollonianis.

713 1809 1108 1876 Ritschelius
1155 1812 1235 1874 de
1281 1808 1413 1874 Oro
1460 1820 1527 1873 et
1571 1807 1813 1873 Orione
1858 1832 1922 1894 p.
1969 1808 2052 1872 56
2098 1830 2276 1894 seqq.
2322 1808 2653 1895 pertendit
2701 1806 3014 1895 quidquid
3056 1807 3121 1870 in

547 1912 1017 2001 Etymologicis
1081 1912 1446 1997 reperiatur
1508 1910 1590 1975 ad
1653 1909 1924 1994 gentilia
1988 1919 2288 1997 spectans
2354 1918 2419 1975 et
2471 1908 2972 1997 geographiam,
3040 1909 3126 1973 ab

548 2018 680 2081 Oro
736 2024 990 2080 tantum
1045 2036 1177 2078 non
1234 2035 1421 2078 omne
1466 2021 1796 2098 sumptum
1854 2034 1996 2076 esse
2051 2035 2257 2099 neque
2323 2035 2357 2075 e
2411 2011 2739 2099 Stephano
2805 2033 3126 2075 manasse.

550 2116 744 2199 Quod
797 2139 923 2180 non
978 2138 1207 2181 verum
1267 2136 1410 2179 esse
1465 2115 1597 2178 iam
1651 2115 1719 2178 in
1773 2136 2050 2178 censura
2102 2114 2663 2179 commentationis
2720 2110 3127 2178 Kleistianae

548 2219 708 2285 dixi.
796 2217 986 2283 Multi
1033 2218 1203 2282 enim
1247 2215 1439 2281 huius
1494 2215 1753 2302 generis
1810 2216 2073 2281 articuli
2117 2224 2229 2280 aut
2286 2239 2369 2280 ex
2414 2214 2852 2281 Choerobosci
2896 2214 3126 2280 Ortho-

549 2320 829 2408 graphia
870 2342 926 2384 e.
972 2341 1037 2405 g.
1083 2320 1297 2400 Ἐμεια
1352 2341 1437 2383 ex
1493 2341 1558 2405 p.
1604 2318 1759 2398 206,
1806 2317 1919 2401 20,
1965 2319 2247 2385 Ἐνιπεύς
2304 2340 2386 2383 ex
2436 2341 2499 2404 p.
2550 2317 2698 2399 199,
2744 2317 2860 2400 24,
2919 2318 3126 2397 Εὐρώ-

550 2444 699 2490 πεια
742 2444 824 2487 ex
869 2446 932 2507 p.
978 2420 1138 2503 206,
1189 2420 1268 2485 15
1310 2420 1497 2506 petiti
1543 2430 1727 2502 sunt,
1786 2416 1900 2484 alii
1954 2418 2131 2484 haud
2175 2421 2369 2506 pauci
2424 2443 2508 2484 ex
2551 2418 2884 2505 Stephano
2939 2429 3003 2483 et
3046 2441 3127 2482 ex

552 2524 841 2613 pleniore
874 2546 1070 2610 quam
1101 2546 1273 2587 nunc
1317 2524 1631 2589 habemus
1678 2521 2038 2608 exemplari
2083 2544 2137 2587 e.
2171 2544 2236 2606 g.
2266 2524 2559 2607 Ἐφεεοε,
2590 2521 2893 2608 Ἐρεμβοί,
2918 2522 3126 2599 Ἑλλη-

552 2630 841 2711 νόπολιε,
874 2626 1213 2710 Competit,
1245 2627 1591 2709 Καμπανοί,
1622 2626 2089 2707 Ἀμαετριανόε,
2123 2622 2236 2688 alii
2265 2624 2375 2710 qui
2407 2624 2641 2687 desunt
2671 2646 2775 2710 ap.
2808 2623 2900 2689 St.
2937 2624 3013 2687 B.
3047 2645 3129 2687 ex

553 2730 759 2818 ipsius
790 2728 1152 2794 Herodiani
1184 2726 1520 2794 Catholica
1564 2751 1618 2793 e.
1651 2750 1715 2814 g.
1745 2728 2111 2812 Ἐγκτηνεε,
2158 2726 2267 2814 qui
2311 2725 2624 2791 articulus
2658 2749 2803 2792 cum
2836 2726 3131 2812 Theogn.

553 2834 658 2912 27,
694 2832 772 2895 12
815 2831 1137 2916 congruit,
1171 2833 1449 2916 Ἀρετάν,
1495 2831 1600 2894 cui
1631 2828 2104 2917 Polystephani
2141 2830 2402 2915 saepius
2439 2830 2523 2894 ab
2556 2828 2915 2894 Herodiani
2952 2828 3132 2893 citati

556 2934 892 3020 scriptoris
936 2933 1380 2997 testimonium
1424 2931 1721 2997 additum
1767 2942 1898 3011 est,
1946 2931 2214 3018 quidam
2260 2931 2453 2996 etiam
2480 2954 2583 2995 -ex
2614 2930 2882 3012 Orione,
2916 2931 3026 3016 qui
3070 2937 3135 2993 et

557 3038 696 3122 ipse
742 3033 1146 3100 Catholicam
1191 3033 1519 3116 adhibuit,
1567 3033 1862 3099 translati
1908 3043 2062 3097 sunt
2105 3055 2162 3096 e.
2207 3055 2270 3117 g.
2320 3035 2602 3111 Μυκάλη.

726 3132 1131 3201 Catholicam
1186 3138 1344 3221 quin
1387 3134 1826 3221 Etymologiei
1886 3136 2347 3222 epitomatores
2402 3136 2472 3201 in
2526 3133 2829 3199 manibus
2888 3133 3130 3198 habue-

559 3240 718 3320 rint,
778 3237 1050 3301 dubium
1103 3257 1233 3302 non
1287 3247 1418 3320 est3
1485 3246 1743 3323 praeter
1797 3236 2274 3323 geographicos
2333 3235 2641 3303 articulos
2688 3235 3135 3301 demonstrant

561 3341 630 3405 id
676 3340 874 3404 etiam
928 3337 1041 3403 alii
1091 3338 1177 3403 cf.
1225 3360 1292 3420 e„
1325 3361 1388 3424 g.
1436 3340 1513 3403 E.
1563 3339 1653 3403 M.
1698 3340 1857 3421 283,
1904 3341 1985 3403 33
2032 3341 2282 3419 δραξών
2339 3361 2484 3405 cum
2529 3339 2822 3424 Theogn.
2867 3339 2984 3420 38,
3029 3337 3134 3419 20,

561 3442 643 3506 Ε.
686 3440 778 3505 Μ.
825 3441 977 3521 512,
1025 3442 1060 3505 7
1108 3444 1422 3522 κυρηβιών
1478 3464 1622 3505 cum
1676 3441 1969 3526 Theogn.
2016 3441 2128 3522 38,
2180 3441 2288 3523 1ος
2336 3463 2400 3526 p.
2445 3441 2603 3524 696,
2649 3441 2732 3506 28
2787 3442 3027 3508 Πύθων
3073 3449 3141 3504 et

560 3545 800 3611 Πυθών
845 3565 991 3606 cum
1037 3543 1189 3609 Arc.
1244 3545 1340 3626 11,
1385 3543 1497 3626 25;
1544 3543 1688 3626 513,
1732 3544 1817 3608 20
1865 3545 2173 3623 Κιθαιρών
2219 3565 2366 3607 cum
2398 3545 2552 3609 Arc.
2590 3545 2700 3626 12,
2738 3543 2779 3608 5
2823 3552 2888 3607 et
2936 3543 3047 3627 16,
3076 3542 3137 3607 3.

561 3643 1046 3711 Herodianeam
1093 3646 1407 3730 originem
1452 3645 1675 3732 prodit
1730 3648 1929 3711 etiam
1984 3655 2290 3709 accurata
2345 3645 2425 3711 de
2481 3654 2752 3712 accentu
2804 3646 3139 3710 nominum

562 3748 629 3811 in
674 3768 747 3825 ηε
794 3747 1117 3832 expositio
1163 3772 1226 3835 p.
1272 3748 1425 3829 435,
1472 3749 1573 3813 26.
1669 3749 1836 3813 Sunt
1879 3757 2092 3811 autem
2137 3747 2461 3834 quaedam
2519 3747 2600 3812 de
2644 3756 2913 3812 accentu
2958 3769 3139 3833 prae-

565 3858 783 3937 cepta,
841 3871 1006 3935 quae
1048 3872 1178 3912 non
1223 3858 1375 3913 sunt
1419 3848 1781 3914 Herodiani
1825 3850 1909 3914 cf.
1957 3872 2010 3914 e.
2058 3871 2122 3933 g.
2168 3847 2247 3912 E.
2294 3850 2384 3914 M.
2432 3850 2589 3931 742,
2635 3850 2719 3914 20
2773 3850 2853 3915 de
2899 3851 3140 3930 (ωρεόε

564 3975 712 4018 cum
754 3950 833 4015 Il.
879 3951 987 4015 Pr.
1031 3951 1090 4016 Ψ
1139 3952 1280 4015 160.
2824 4013 2835 4018 ,

732 4052 1023 4117 Plurima
1063 4051 1218 4116 libri
1261 4054 1406 4132 περὶ
1449 4059 1676 4120 παθῶν
1722 4053 2093 4138 fragmenta
2147 4058 2277 4121 iam
2323 4077 2521 4142 supra
2564 4053 2704 4119 dixi
2761 4055 2828 4119 in
2872 4053 3139 4140 Etymo·

568 4157 774 4242 logico
829 4154 1070 4238 Magno
1139 4164 1400 4219 servata
1456 4178 1618 4220 esse.
1709 4155 1841 4220 Sed
1895 4157 2057 4222 haec
2114 4158 2198 4223 ab
2254 4155 2796 4243 epitomatoribus
2856 4158 3144 4240 ipsorum

567 4257 826 4344 ineptiis
884 4255 1061 4320 haud
1117 4278 1264 4321 raro
1324 4255 1690 4322 deformata
1749 4280 1891 4322 esse
1952 4261 2201 4325 monuit
2256 4258 2587 4323 LehrsiuS.
2679 4259 2899 4339 Quare
2957 4267 3022 4321 ct
3077 4257 3143 4320 in

566 4361 668 4424 his
715 4369 780 4424 et
824 4358 890 4421 in
936 4357 1236 4423 omnibus
1283 4359 1542 4423 omnino
1587 4359 2120 4425 adnotationibus
2152 4360 2500 4446 diligenter
2529 4364 2613 4424 ad
2643 4363 3143 4446 epitomatorum

571 4459 1103 4547 interpolationes
1152 4470 1216 4523 et
1260 4462 1643 4525 vexationes
1689 4462 2154 4528 attendendum
2200 4474 2321 4527 est.

739 4563 861 4626 Est
903 4573 977 4626 ut
1018 4563 1384 4648 praeceptis
1429 4585 1662 4628 nomen
1707 4566 2087 4629 recentioris
2143 4565 2549 4651 grammatici
2595 4563 3032 4649 subscriptum
3079 4569 3146 4625 et

570 4673 786 4728 tamen
829 4674 1252 4749 praeceptum
1298 4665 1509 4750 ipsum
1556 4674 1670 4728 aut
1714 4675 1921 4729 totum
1967 4678 2081 4731 aut
2134 4667 2370 4753 partim
2416 4666 2780 4731 Herodiani
2823 4665 2935 4746 sit3
2992 4685 3143 4727 nam

571 4765 961 4852 posteriores
1004 4766 1413 4851 grammatici
1459 4764 1685 4831 alienis
1719 4766 2291 4835 observationibus
2322 4791 2555 4835 nomen
2601 4791 2789 4833 suum
2836 4779 3147 4857 tanquam
