3664 5546
671 365 794 431 104
1609 364 1689 420 ΕΚ
1727 364 1870 419 ΤΩΝ
1914 364 2322 420 ΗΡΩΔΙΑΝΟΥ

666 539 830 603 τίδες
873 542 1053 616 νῆςοι
1096 539 1261 618 πρὸς
1304 545 1397 623 τῷ
1443 541 1656 625 Ἀδρίᾳ
1701 539 1832 605 ἀπὸ
1881 539 2202 618 Ἀψύρτου
2247 539 2477 605 παιδὸς
2520 538 2753 618 Αἰήτου
2799 540 2869 605 ἐν
2915 546 3023 625 μιᾷ
3067 546 3253 608 δολο-

665 642 1070 723 φονηθέντος
1115 642 1244 708 ὑπὸ
1289 645 1400 720 τῆς
1446 640 1733 724 ἀδελφῆς
1780 642 2080 722 Μηδείας.

835 744 929 808 Τὰ
974 744 1064 809 εἰς
1107 750 1199 809 τῖς
1242 744 1371 823 πρὸ
1418 745 1620 810 αὐτοῦ
1664 746 1863 824 ψιλὸν
1908 744 2147 823 ἔχοντα
2188 744 2268 809 τὰ
2324 746 2439 823 μὲν
2486 745 2853 828 βαρύνεται,
2908 748 3256 831 κλέπτις,

665 847 866 912 ’ίκτις
910 852 1115 930 ζῷον,
1162 845 1436 919 λάκτις
1482 848 1521 926 ἡ
1565 848 1822 927 τορύνη.
1911 848 1990 912 τὰ
2035 848 2105 911 δὲ
2152 845 2474 930 ὀξύνεται,
2521 849 2882 931 φλυκτίς,
2927 850 3213 929 πηκτίς.

604 958 637 1007 5
837 949 932 1014 Τὰ
989 948 1077 1013 εἰς
1133 949 1253 1014 δύο
1310 953 1382 1011 fi·
1440 949 1673 1015 ςπάνια
1715 949 1876 1016 ὄντα
1919 949 1999 1013 τὰ
2045 950 2157 1028 μὲν
2207 950 2575 1033 βαρύνεται,
2631 952 2917 1034 Ἄττις,
2962 952 3258 1034 Ζήβυτ·

666 1073 783 1116 τις
828 1052 1016 1117 πόλις
1059 1051 1306 1131 Λιβύης.
1395 1051 1719 1116 Ἑκαταῖος
1764 1052 1946 1135 Ἀςίᾳ.
2022 1051 2523 1131 Ἀδράμυττις
2579 1055 2770 1131 νῆςος
2814 1053 2885 1119 ἐν
2931 1061 3006 1140 τῇ
3050 1055 3258 1140 Λυκίᾳ.

670 1155 749 1219 τὰ
794 1157 866 1218 δὲ
914 1153 1235 1236 ὀξύνεται,
1280 1154 1669 1236 τριοττίς,
1713 1154 2038 1220 νεοττίς.

841 1256 934 1320 Τὰ
979 1254 1067 1331 εἰς
1113 1258 1243 1320 ’ςτις
1291 1256 1634 1337 διςύλλαβα
1681 1257 2048 1340 βαρύνεται,
2094 1256 2149 1321 εἰ
2195 1257 2274 1336 μὴ
2320 1257 2937 1338 ὑποκοριςτικώτερα
2980 1259 3098 1342 εἴη,
3141 1261 3261 1325 πί·

672 1379 862 1441 ςτις,
910 1362 1051 1439 μνῆ
1071 1379 1245 1423 ςτις.
1336 1358 1610 1424 Θέςτις
1654 1360 1842 1423 πόλις
1887 1358 2173 1439 Ἀράβων
2229 1359 2333 1423 καὶ
2386 1358 2549 1439 ἄλλη
2593 1359 2840 1440 Λιβύης.
2927 1363 3003 1427 τὸ
3048 1363 3262 1441 μέντοι

573 1467 639 1519 10
673 1462 922 1526 κιςτίς
991 1460 1279 1527 ὀξύνεται
1340 1462 1430 1527 ὡς
1486 1460 1989 1540 ὑποκοριςτικόν.
2077 1463 2151 1526 τὸ
2210 1464 2280 1526 δὲ
2327 1462 2595 1527 Νεςτίς
2649 1462 2688 1541 ἡ
2745 1463 2924 1541 χώρα
2968 1463 3099 1529 ἀπὸ
3147 1465 3262 1530 Νέ-

674 1584 856 1645 ςτου,
903 1564 1157 1628 πόλεως
1202 1564 1304 1628 καὶ
1347 1567 1642 1643 ποταμοῦ
1688 1564 2020 1646 Ἰλλυρίας,
2065 1564 2316 1630 ἐθνικόν
2363 1565 2545 1629 ἐςτιν.

841 1665 971 1729 Ἔτι
1015 1665 1094 1730 τὰ
1139 1665 1226 1731 εἰς
1272 1668 1406 1730 ςτἾ
1460 1667 1622 1745 ὑπὲρ
1679 1666 1798 1731 δύο
1846 1667 2190 1749 ςυλλαβάς,
2246 1666 2301 1731 εἰ
2358 1668 2438 1746 μὴ
2489 1667 2744 1732 ἐπίθετα
2789 1666 2919 1751 εἴη,
2973 1689 3265 1749 προπαρ-

677 1766 1001 1849 ὀξύνεται,
1073 1768 1595 1852 βούβρωςτις,
1663 1767 2078 1852 ἄγρωςτις,
2145 1769 2541 1844 Αὔγωςτις
2606 1770 2791 1834 πόλις
2855 1771 3161 1849 Λοκρίδος
3226 1774 3266 1852 ἣ

675 1869 878 1934 τόπος
921 1871 960 1948 ἢ
1006 1870 1246 1949 χωρίον
1295 1870 1478 1935 ἐντὸς
1520 1874 1632 1948 τῆς
1675 1871 1963 1955 πόλεως,
2012 1872 2102 1936 ὼς
2147 1871 2626 1951 Ἐπαφρόδιτος.
2714 1871 3097 1948 Ζάγυςτις
3141 1895 3266 1953 χω-

577 1986 637 2037 15
677 1972 817 2051 ρίον
861 1971 1107 2053 Λιβύης.
1197 1972 1612 2051 Ἀλέξανδρος
1656 1972 1725 2038 ἐν
1770 1972 1961 2057 τρίτῳ
2006 1973 2308 2053 Λιβυκῶν.
2397 1972 2687 2049 ὀξύνεται
2742 1975 2819 2039 τὸ
2869 1974 3269 2053 Κεραςτίς·

678 2074 884 2140 οὕτως
930 2075 1219 2141 ἐκαλεῖτο
1275 2076 1313 2155 ἡ
1365 2076 1618 2153 Κύπρος
1672 2074 1803 2139 ἀπὸ
1847 2078 1965 2139 τοῦ
2009 2076 2258 2140 πολλὰς
2302 2074 2498 2153 ἄκρας
2549 2075 2720 2154 ἔχειν
2761 2112 2848 2124 -
2890 2076 3269 2154 Λιγυςτίς.

675 2177 1034 2253 Λιγυςτίδες
1088 2180 1267 2256 νῆςοι
1325 2177 1388 2241 αἱ
1445 2178 1549 2242 καὶ
1594 2176 1962 2259 (τοιχάδες,
2021 2176 2414 2259 Λιβυςτίς,
2465 2177 2876 2257 Κυρρεςτίς
2933 2181 2972 2259 ἡ
3019 2181 3270 2265 Ἀθηνᾶ,

678 2280 1109 2363 Γεραιςτίς,
1156 2279 1493 2358 Ὀρεςτίς
1540 2280 1630 2345 ὡς
1675 2278 2008 2343 ἐπιθετικά.

845 2407 882 2443 ιι
931 2381 1023 2446 Τὰ
1070 2381 1159 2446 εἰς
1203 2386 1304 2445 ‘fif
1360 2381 1703 2462 διςύλλαβα
1757 2386 1797 2445 ν
1858 2383 1985 2460 πρὸ
2042 2385 2161 2445 τοῦ
2203 2385 2240 2447 τ
2286 2382 2522 2461 ἔχοντα
2568 2383 2939 2465 βαρύνεται,
2996 2384 3273 2451 (ἀντις

574 2495 642 2546 20
677 2483 865 2548 πόλις
916 2484 1204 2565 Κελτική,
1253 2483 1515 2549 (ίντις
1560 2485 1878 2568 Θρᾳκικὸν
1926 2482 2145 2565 ἔθνος,
2192 2484 2314 2564 ὑφ’
2359 2482 2451 2549 ὧν
2496 2489 2758 2563 πρῶτον
2791 2486 3018 2569 ᾡκίςθη
3063 2488 3102 2567 ἡ
3148 2487 3270 2567 Λῆ-

678 2606 837 2665 μνος
881 2589 1103 2669 νῆςος,
1154 2586 1243 2650 ὡς
1290 2585 1604 2666 (τράβων.

849 2687 943 2751 Τὰ
987 2686 1076 2752 εἰς
1119 2690 1220 2752 ff:
1263 2689 1718 2769 πολυςύλλαβα
1762 2688 1800 2753 ν
1847 2690 1975 2767 πρὸ
2020 2693 2138 2753 τοῦ
2175 2692 2211 2750 τ
2256 2688 2492 2767 ἔχοντα
2537 2691 2617 2770 μὴ
2664 2691 3091 2770 παρακείμενα
3134 2695 3274 2757 τοῖς

679 2790 767 2854 εἰς
815 2775 934 2869 τῆς
989 2789 1311 2873 ὀξύνεται,
1365 2791 1821 2868 Προποντίς
1877 2793 1917 2870 ἡ
1973 2792 2101 2870 πρὸ
2158 2795 2276 2856 τοῦ
2320 2791 2584 2856 Πόντου
2642 2797 2758 2857 τοῦ
2803 2793 3100 2859 Εὐξείνου
3162 2797 3271 2860 θά-

682 2896 875 2956 λαςςα
936 2895 1039 2958 καὶ
1091 2898 1172 2972 γῆ
1232 2893 1608 2960 Βυζαντίων.
1684 2893 2257 2972 Ἑλληςποντίς.
2334 2894 2682 2974 Ἀβαντίς
2750 2895 2789 2974 ἡ
2859 2895 3118 2978 Εὔβοια,
3182 2899 3285 2962 ὡς.

582 3007 648 3058 25
683 2995 975 3060 ‘Heioboc
1022 2996 1091 3061 ἐν
1136 2995 1421 3075 Αἰγιμίου
1470 2996 1522 3076 β’
1567 2996 1713 3082 περὶ
1755 2996 1913 3061 Ἰοῦς
2214 2995 2227 3006 '

1911 3098 2084 3182 νήςῳ
2128 3098 2199 3163 ἐν
2245 3098 2555 3178 Ἀβαντίδι
2600 3098 2731 3182 δίῃ,
2806 3085 2809 3088 “

1088 3202 1205 3279 τὴν
1249 3202 1400 3279 πρὶν
1446 3200 1776 3280 Ἀβαντίδα
1820 3200 2150 3279 κίκληςκον
2196 3201 2333 3263 θεοὶ
2376 3200 2513 3266 αἰὲν
2558 3202 2805 3283 ἐόντες,

1089 3304 1205 3381 τὴν
1252 3303 1398 3366 τότ’
1445 3302 1788 3381 ἐπώνυμον
1837 3302 2109 3382 Εὔβοιαν
2157 3303 2310 3381 βοὸς
2354 3303 2684 3383 ὠνόμαςεν
2729 3304 2914 3369 Ζεύς.

685 3403 916 3481 ἐκλήθη
963 3405 1033 3468 δὲ
1079 3404 1209 3470 ἀπὸ
1253 3404 1565 3484 Ἄβαντος
1609 3408 1726 3467 τοῦ
1758 3403 2046 3481 Ἀργείου
2090 3405 2128 3482 ἢ
2174 3408 2291 3469 τοῦ
2337 3405 2479 3470 υἱοῦ
2508 3406 2921 3471 Ποςειδῶνος
2966 3410 3067 3471 καὶ
3106 3409 3274 3488 Ἀρε-

587 3512 655 3563 30
687 3505 948 3586 θούςης,
996 3507 1086 3571 ὡς
1132 3507 1626 3585 Ἀριςτοκράτης.
1674 3505 2001 3571 Ὑαντίς.
2078 3507 2285 3571 οὕτως
2328 3507 2647 3586 πρότερον
2702 3510 2740 3588 ἡ
2784 3509 3054 3573 Αἰτωλία
3099 3512 3278 3589 χώρα

685 3608 991 3672 ἐκαλεῖτο.
1051 3609 1523 3687 Ἀκαμαντίς.
1608 3607 1814 3672 οὕτως
1874 3608 2163 3673 ἐκαλεῖτο
2219 3609 2258 3687 ἡ
2319 3608 2586 3688 Κύπρος.
2673 3611 3035 3689 Παρθένιος
3094 3613 3159 3677 δ’
3205 3613 3274 3677 ἐν

698 3710 1024 3795 Αφροδίτῃ
1073 3710 1489 3790 Ἀκαμαντίδα
1533 3709 1733 3787 αὐτήν
1782 3730 2003 3790 φηςιν·
2051 3712 2338 3776 ἐκαλεῖτο
2384 3712 2487 3775 καὶ
2531 3714 2705 3792 φυλὴ
2755 3714 3118 3792 Ἀκαμαντίς
3162 3719 3273 3792 τῆς

686 3795 996 3895 Ἀττικῆς,
1047 3813 1136 3877 ὡς
1183 3812 1545 3891 (ιμωνίδης.
1593 3812 2079 3891 Ἀθαμαντίς·
2126 3812 2331 3877 οὕτως
2377 3813 2516 3878 Τέω
2573 3815 2764 3880 πόλιν
2810 3815 3045 3880 Ἰωνίας
3097 3819 3278 3881 καλεῖ

857 4069 893 4119 1.
931 4073 962 4121 3
999 4070 1088 4120 hie
1124 4085 1386 4119 canonem
1426 4084 1513 4134 ap.
1553 4068 1843 4118 Arcadium
1881 4069 2111 4133 priorem
2150 4070 2446 4120 antecedit.
2515 4069 2586 4121 τὰ
2624 4069 2726 4132 μὲν
2763 4071 2979 4122 addidit
3015 4071 3277 4130 Schmidt,

687 4138 832 4190 idem
869 4137 1081 4202 τορύνη
1119 4154 1215 4203 pro
1251 4135 1479 4201 τρυγών
1529 4137 1750 4202 scripsit
1796 4137 2071 4200 Hesychio
2119 4143 2355 4191 auctore.
2438 4140 2542 4189 Pro
2589 4136 2779 4190 νυκτίς
2825 4140 3084 4191 librorum
3131 4141 3279 4191 idem

687 4207 809 4258 vult
845 4203 1153 4269 ἐπινυκτίς,
1194 4205 1290 4256 sed
1330 4221 1492 4270 quum
1530 4205 1596 4254 de
1634 4205 1924 4267 bisyllabis
1961 4206 2053 4268 agi
2092 4205 2374 4269 videatur,
2412 4205 2648 4269 φλυκτίς
2685 4224 2888 4273 ponere
2926 4209 3109 4258 malui.

690 4277 726 4328 l.
764 4278 795 4325 5
831 4275 979 4340 apud
1013 4274 1305 4325 Arcadium
1342 4271 1627 4324 παιτέττις
1664 4274 1922 4337 scriptum
1962 4278 2075 4336 est,
2124 4275 2267 4337 quod
2319 4274 2694 4340 Goettlingius
2739 4278 2797 4325 in
2832 4275 3022 4328 Ἄττις
3067 4281 3280 4328 mutare
3388 4301 3393 4310 ·

688 4344 882 4404 voluit,
922 4344 1157 4393 fortasse
1192 4343 1452 4393 exstabat
1487 4340 1696 4406 Ἄττης
1735 4341 1824 4392 καὶ
1862 4339 2051 4392 Ἄττις
2088 4348 2145 4391 et
2181 4342 2326 4392 inter
2369 4348 2611 4407 oxytona
2650 4344 2878 4393 relatum
2918 4349 3037 4394 erat
3078 4342 3277 4408 Ἀττίς,

689 4411 834 4476 quod
871 4412 1040 4461 habet
1077 4412 1317 4475 Hesych.
1354 4426 1472 4459 cum
1513 4409 1881 4475 explicatione
1922 4409 2148 4472 Ἀθῆναι
2186 4407 2501 4475 (Ἀθηναία)
2538 4427 2635 4476 pro
2676 4408 2871 4463 Ἀτθίς.
2918 4413 3187 4477 Equidem
3223 4421 3281 4465 et

689 4479 880 4532 Ἄττις
918 4480 1103 4544 recepi
1141 4485 1198 4529 et
1236 4478 1414 4528 adieci
1453 4493 1519 4528 ex
1557 4477 1639 4527 St.
1667 4479 1729 4528 B.
1770 4476 2046 4542 Ζήβυττις
2088 4484 2142 4528 et
2168 4477 2541 4543 Ἀδράμυττις.
2721 4481 2752 4529 Ι.
2781 4483 2812 4530 9
2849 4478 3041 4532 Θέςτις
3082 4488 3139 4530 et.
3177 4480 3281 4532 Νε-

691 4545 803 4599 (τίς
839 4564 907 4598 ex
947 4551 1026 4602 st.
1065 4550 1127 4598 B.
1167 4551 1530 4598 accesserunt.
1735 4546 1773 4597 l.
1815 4549 1876 4595 13
1925 4543 2208 4608 Αὔγωςτις
2243 4545 2514 4609 Ζάγυςτις
2562 4564 2630 4598 ex
2668 4549 2749 4598 St.
2786 4551 2849 4600 B.
2898 4548 3088 4598 addita
3135 4557 3278 4613 sunt,

694 4612 954 4681 Κεραςτίς
999 4633 1067 4667 ex
1103 4615 1296 4668 eodem
1343 4615 1580 4679 explevi,
1630 4615 1763 4664 item
1800 4612 2080 4678 Λιγυςτίς,
2118 4612 2368 4677 Λιβυςτίς
2405 4615 2574 4666 habet
2622 4617 2790 4666 etiam
2827 4616 2935 4680 St„
2982 4633 3047 4668 ex
3088 4618 3279 4668 eodem

695 4683 985 4748 Κυρρεςτίς
1027 4680 1297 4750 Γεραιςτίς
1338 4680 1581 4746 Ὀρεςτίς
1618 4699 1688 4747 ap
1727 4682 1872 4732 osita
1910 4687 2057 4732 sunt.
2130 4684 2206 4732 cf.
2244 4684 2377 4732 Lob.
2418 4683 2623 4734 Pax-all.
2661 4688 2777 4736 443.
2940 4684 2973 4735 1.
3014 4688 3075 4736 19
3113 4701 3281 4736 cano-

693 4768 816 4802 nem
854 4752 982 4802 finxi
1021 4769 1086 4802 ex
1126 4753 1206 4802 St.
1243 4751 1305 4800 B.
1494 4751 1530 4800 l.
1570 4754 1634 4800 23
1730 4748 1998 4813 ροποντίς
2035 4751 2250 4815 explevi
2289 4766 2357 4800 ex
2394 4751 2472 4801 St.
2514 4753 2571 4801 B.
2614 4779 2676 4788 -—
2711 4753 2747 4804 l.
2786 4755 2851 4802 :24
2887 4769 2984 4818 pro
3022 4751 3280 4806 αὐθεντίς

694 4821 764 4868 ab
803 4820 906 4870 hoc
943 4820 1062 4871 loco
1097 4820 1275 4870 alieno
1313 4819 1447 4869 Lob.
1481 4818 1685 4868 Parall.
1722 4821 1821 4868 443
1862 4816 2115 4880 Ἀβαντίς
2151 4819 2243 4868 vel
2281 4817 2504 4871 Αἰαντίς
2540 4822 2850 4886 proposuit,
2888 4823 3074 4888 recepi
3109 4823 3280 4888 priua,

697 4888 842 4953 quod
879 4888 1048 4939 habet
1085 4889 1253 4939 etiam
1291 4888 1370 4941 St.
1410 4889 1497 4946 Β..
1536 4887 1681 4937 unde
1721 4885 1956 4952 explevi.
2024 4887 2259 4952 Reliqua
2297 4889 2478 4939 omnia
2515 4893 2643 4940 sunt
2679 4905 2745 4941 ex
2783 4890 2862 4940 St.
2900 4889 2962 4939 Β.
