3664 5546
616 349 743 413 296
1484 303 1493 313 ⁸
1551 346 1633 401 ΕΚ
1670 346 1810 400 ΤΩΝ
1853 345 2262 400 ΗΡΩΔΙΑΝΟΥ

617 519 693 600 (Β
738 516 922 599 862),
980 520 1093 594 τῆς
1145 518 1217 581 δὲ
1265 516 1507 580 Μυςίας
1555 515 1662 579 «οἵ
1717 513 1784 594 ῥ’
1828 514 1894 583 ἐξ
1939 514 2262 593 Ἀςκανίης
2317 515 2708 596 ἐριβώλακος
2763 515 2966 595 ἦλθον
3023 515 3204 595 ἀμοι-

620 618 758 699 βοί»
805 615 912 700 (ΙΙ.
962 618 1012 682 Ν
1061 616 1231 698 793).
1304 618 1505 696 Ἀχαι
1521 616 1745 695 μενία
1788 616 1828 694 ἡ
1871 616 2147 695 Περςικὴ
2194 619 2386 696 μοῖρα
2429 616 2562 683 ἀπὸ
2608 618 3020 697 Ἀχαιμένους
3063 618 3204 682 υἱοῦ

614 720 930 799 Περςέως.
1019 718 1267 795 λέγεται
1321 719 1425 783 καὶ
1478 717 1892 797 Ἀχαιμένιον.
1994 718 2353 781 Ἀνδανία
2409 718 2596 783 πόλις
2654 719 2984 797 Μεςςήνης
3038 718 3204 798 ὁμώ-

616 842 815 901 νυμος
861 827 938 905 τῇ
983 821 1179 903 χώρᾳ.
1268 819 1441 883 οὕτω
1495 819 1619 898 γὰρ
1674 821 1780 883 καὶ
1834 820 1873 896 ἡ
1922 819 2215 898 Μεςςήνη
2259 820 2558 885 Ἀνδανία
2612 819 2939 903 ἐκαλεῖτο,
2992 822 3072 899 ἣν
3116 820 3204 885 οἰ-

556 933 589 982 5
621 922 796 1001 κῆςαί
839 922 992 1003 φαςί
1035 941 1212 986 τινας
1255 926 1387 986 τῶν
1438 920 1848 1000 Κρεςφόντου
1893 922 1996 985 καὶ
2039 920 2248 984 οὕτως
2294 922 2548 985 καλέςαι
2603 922 2709 986 διὰ
2764 921 2841 986 τὸ
2887 923 2969 1001 μὴ
3013 920 3204 987 ἁνδά-

618 1041 753 1089 νειν
830 1023 1066 1088 αὐτοῖς.
1176 1021 1613 1087 Ἀτιντανία
1688 1023 1882 1101 μοῖρα
1949 1020 2350 1086 Μακεδονίας
2427 1021 2558 1088 ἀπὸ
2625 1025 2989 1088 Ἀτιντᾶνος
3067 1022 3205 1086 υἱοῦ

621 1125 1014 1190 Μακεδόνος.
1101 1123 1440 1189 Αὐςονία
1493 1124 1532 1200 ἡ
1589 1124 1785 1202 χώρα.
1875 1123 2136 1187 Ἰωνία.
2227 1123 2435 1187 οὕτως
2487 1122 2827 1202 ἡ’Ἀττικὴ
2886 1125 3204 1203 πρότερον

619 1227 751 1291 ἀπὸ
794 1227 1017 1290 Ἴωνος
1073 1229 1190 1289 τοῦ
1235 1225 1649 1289 Ἀπόλλωνος
1704 1225 1808 1287 καὶ
1857 1224 2170 1303 Κρεούςης
2223 1228 2335 1303 τῆς
2380 1225 2739 1304 Ἐρεχθέως.
2833 1225 3048 1290 «οὕτω
3094 1227 3204 1304 μὲν

622 1328 685 1393 οἱ
727 1328 1066 1406 Ἀθηναῖοι.
1154 1327 1225 1391 ἐν
1282 1327 1499 1406 μέντοι
1541 1326 1926 1404 Δωριεῦςιν’
1957 1324 2260 1409 Αἰτωλοί,
2317 1326 2389 1390 ἐν
2446 1328 2518 1391 δὲ
2570 1326 2857 1391 Αἰολεῦςι
2918 1327 3204 1408 Βοιωτοί,

522 1438 587 1488 10
622 1429 693 1495 ἐν
738 1429 811 1493 δὲ
854 1430 993 1492 τοῖς
1021 1428 1226 1493 Ἴωςιν
1271 1428 1652 1504 Ἀθηναῖοι».
1714 1427 2217 1504 Βαγαδαονία
2261 1430 2455 1507 μοῖρα
2490 1427 2940 1492 Καππαδοκίας
2981 1448 3204 1492 νοτιω-

621 1530 793 1608 τάτη.
855 1528 1221 1595 Βιςτονία
1263 1528 1449 1592 πόλις
1481 1528 1734 1610 Θρᾴκης
1777 1528 1910 1593 ἀπὸ
1943 1529 2241 1594 Βιςτόνος
2281 1533 2398 1593 τοῦ
2427 1530 2656 1608 Ἄρεος
2685 1530 2790 1593 καὶ
2822 1529 3208 1609 Καλλιρρόης

621 1635 733 1709 τῆς
780 1631 1038 1695 Νέςτου.
1101 1628 1539 1707 Γαςτρωνία
1583 1628 1763 1709 χώρα
1806 1629 2226 1694 Μακεδονίας,
2287 1631 2677 1717 Θεόπομπος
2707 1623 2819 1695 νδ’.
2883 1631 3209 1709 Γερηνία

622 1732 806 1798 πόλις
840 1731 1221 1813 Μεςςηνίας,
1266 1730 1454 1814 ἔνθα,
1500 1731 1686 1814 φαςί,
1734 1731 1989 1810 Νέςτωρ
2036 1730 2073 1795 ὁ
2110 1731 2357 1796 Πύλιος
2403 1730 2651 1811 ἐτράφη
2695 1732 2734 1809 ἢ
2779 1732 2993 1811 φυγὰς
3035 1732 3207 1811 ἤχθη.

623 1834 754 1899 ἀπὸ
799 1831 1046 1897 εὐθείας
1090 1835 1202 1909 τῆς
1245 1832 1284 1910 ἡ
1318 1832 1605 1911 Γέρηνος.
1665 1833 2050 1911 Γορδυνία
2093 1834 2281 1897 πόλις
2311 1831 2730 1899 Μακεδονίας.
2799 1831 3141 1897 Ἠςιονία
3169 1833 3207 1911 ἡ

524 1944 586 1995 15
624 1934 923 2013 Εάρδεων
969 1934 1150 2013 χώρα
1192 1934 1230 2011 ἡ
1280 1935 1383 1997 καὶ
1426 1934 1607 1998 Ἀςία.
1699 1933 2045 2017 Μαιονία
2089 1934 2127 2012 ἡ
2173 1934 2371 1999 Λυδία
2415 1932 2547 1998 ἀπὸ
2581 1934 2872 1998 Μαίονος
2917 1937 3208 2012 ποταμοῦ

624 2041 742 2101 τοῦ
786 2036 933 2114 περὶ
976 2036 1092 2114 τὴν
1140 2036 1422 2114 Ἀχαιΐδα
1466 2035 1733 2114 ῥέοντος
1778 2036 1817 2113 ἢ
1865 2034 1996 2100 ἀπὸ
2045 2035 2336 2100 Μαίονος
2380 2039 2498 2099 τοῦ
2544 2034 2835 2099 οἰκιςτοῦ.
2923 2035 3208 2099 Καττα·-

627 2138 850 2216 βανία
892 2136 1175 2200 κατοικία
1216 2139 1328 2213 τῆς
1373 2136 1755 2216 εὐδαίμονος
1787 2135 2092 2216 Ἀραβίας.
2155 2135 2454 2217 (τράβων
2500 2135 2904 2223 ἑκκαιδεκάτῃ
2935 2138 3029 2220 (p.
3063 2133 3211 2216 768)

627 2238 850 2318 «φέρει
918 2240 988 2302 δὲ
1057 2239 1414 2317 λιβανωτὸν
1481 2238 1520 2314 ἡ
1592 2237 2015 2319 Κατταβανία,
2084 2238 2365 2317 ςμύρναν
2432 2239 2504 2302 δὲ
2567 2239 2607 2315 ἡ
2677 2239 3209 2317 Χατραμωτῑτις».

630 2339 981 2404 Κυδωνία
1045 2338 1230 2403 πόλις
1288 2338 1525 2417 Κρήτης
1588 2339 1627 2415 ἡ
1693 2338 2015 2417 πρότερον
2073 2339 2474 2405 Ἀπολλωνία
2539 2338 2670 2404 ἀπὸ
2733 2338 3034 2403 Κύδωνος
3098 2341 3213 2402 τοῦ

522 2451 590 2502 20
624 2440 1035 2505 Ἀπόλλωνος
1091 2441 1193 2504 καὶ
1246 2439 1691 2504 Ἀκακαλλίδος
1754 2441 1866 2517 τῆς
1925 2439 2110 2505 Μίνω
2176 2440 2504 2518 θυγατρός.
2592 2441 2862 2518 δευτέρα
2920 2439 3213 2504 Εικελίας.

626 2543 800 2620 τρίτη
865 2541 1113 2622 Λιβύης.
1211 2540 1534 2606 Λακινία
1598 2541 1637 2617 ἡ
1705 2542 1901 2619 χώρα.
2009 2542 2462 2606 Μακεδονία
2524 2542 2564 2618 ἡ
2629 2542 2812 2621 χώρα
2877 2540 3008 2606 ἀπὸ
3077 2541 3268 2605 Μα-·

627 2643 896 2707 κεδόνος
947 2647 1063 2707 τοῦ
1118 2643 1283 2707 Διὸς
1341 2642 1445 2706 καὶ
1500 2642 1694 2707 Θυίας
1750 2646 1862 2720 τῆς
1915 2642 2373 2717 Δευκαλίωνος
2438 2642 2527 2708 ὥς
2583 2664 2774 2723 φηςιν
2830 2643 3119 2707 Ἡςίοδος
3176 2641 3214 2705 ὁ

627 2745 895 2824 ποιητής

1030 2846 1069 2924 ἡ
1115 2846 1183 2910 δ’
1228 2846 1669 2926 ὑποκυςαμένη
1714 2846 1828 2910 Διῒ
1869 2846 2125 2922 γείνατο
2170 2847 2646 2930 τερπικεραύνῳ

525 2959 591 3008 25
958 2945 965 2952 ’
1032 2946 1128 3011 υἷε
1174 2948 1341 3029 δύω,
1389 2947 1701 3026 Μάγνητα
1747 2947 2094 3011 Μακεδόνα
2136 2948 2203 3010 θ’
2246 2948 2716 3030 ἱππιοχάρμην,

1034 3048 1100 3112 οἳ
1144 3049 1288 3126 περὶ
1330 3049 1593 3127 Πιερίην
1639 3050 1742 3114 καὶ
1788 3048 2128 3128 Ὄλυμπον
2174 3049 2421 3127 δώματ’
2466 3048 2704 3114 ἔναιον.

630 3151 816 3214 ἄλλοι
862 3152 929 3213 δ’
974 3149 1105 3214 ἀπὸ
1153 3150 1529 3214 Μακεδόνος
1573 3154 1690 3214 τοῦ
1731 3149 1999 3231 Αἰόλου,
2025 3148 2134 3214 .ώς
2178 3149 2541 3214 Ἑλλάνικος
2584 3150 2835 3229 ἱερειῶν
2878 3150 3055 3234 τρίτῃ
3087 3154 3218 3214 τῶν

630 3253 699 3316 ἐν
744 3252 957 3329 Ἀργει
1007 3251 1147 3313 «καὶ
1193 3250 1569 3316 Μακεδόνος
1611 3255 1730 3315 τοῦ
1772 3250 2009 3315 Αἰόλου
2056 3249 2228 3314 οὕτω
2273 3254 2392 3315 νῦν
2440 3251 2809 3317 Μακεδόνες
2854 3256 3219 3333 καλοῦνται,

631 3353 816 3432 μόνοι
873 3352 1027 3431 μετὰ
1073 3352 1310 3416 Μυςῶν
1364 3352 1508 3416 τότε
1563 3351 1950 3416 οἰκοῦντες».
2054 3351 2431 3430 Κεβρηνία
2495 3354 2676 3431 χώρα
2742 3356 2853 3430 τῆς
2908 3353 3218 3437 Τρῳάδος

529 3461 596 3513 30
631 3454 763 3518 ἀπὸ
813 3454 1128 3533 Κεβρῆνος
1171 3457 1497 3534 ποταμοῦ,
1554 3452 1740 3517 ἄλλοι
1786 3453 1858 3517 δὲ
1915 3452 2045 3516 ἀπὸ
2096 3452 2439 3533 Κεβριόνου
2494 3457 2612 3517 τοῦ
2655 3435 2968 3533 Πριάμου.
3060 3454 3219 3517 Μα-

634 3555 981 3634 ραθωνία
1046 3555 1233 3619 πόλις
1301 3555 1550 3637 Θρᾴκης
1617 3553 1735 3618 οὐκ
1802 3552 2063 3618 ἄπωθεν
2128 3553 2469 3634 Ἀβδήρων.
2586 3554 2954 3633 Κρητινία
3019 3555 3221 3619 τόπος

631 3655 880 3720 Ῥόδου.
972 3655 1371 3720 Καυλωνία
1425 3656 1611 3720 πόλις
1658 3655 1945 3736 Ἰταλίας,
2003 3655 2082 3732 ἣν
2126 3654 2460 3720 Αὐλωνίαν
2505 3655 2828 3720 Ἑκαταῖος
2883 3659 3062 3720 καλεῖ
3116 3656 3223 3719 διὰ

632 3757 708 3821 τὸ
764 3757 955 3835 μέςην
1022 3757 1318 3821 αὐλῶνος
1384 3755 1566 3821 εἶναι.
1666 3755 1799 3820 ἀπὸ
1865 3755 1988 3833 γὰρ
2054 3759 2172 3820 τοῦ
2239 3756 2537 3821 αὐλῶνος
2590 3756 2885 3821 Αύλωνία
2953 3757 3220 3834 ὕςτερον

632 3859 1084 3938 μετωνομάςθη
1135 3859 1464 3923 Καυλωνία
1510 3859 1601 3922 ὡς
1646 3857 1776 3921 ἀπὸ
1825 3856 2125 3937 Μετάβου
2169 3857 2383 3936 ἥρωος
2429 3858 2879 3923 Μεταπόντιον
2923 3860 3025 3922 καὶ
3060 3858 3223 3921 Ἐπί-

532 3969 596 4018 35
636 3965 875 4038 δαυρος
934 3960 1301 4038 Ἐπίταυρος
1357 3959 1457 4023 καὶ
1511 3957 1575 4021 αἱ
1635 3958 2022 4037 Κλαζομεναί
2068 3959 2494 4038 Πλαζομεναί.
2592 3959 2718 4024 ἔςτι
2775 3961 2846 4023 δὲ
2901 3960 3005 4023 καὶ
3059 3958 3221 4036 ἄλλη

635 4060 927 4126 Εικελίας.
988 4061 1116 4126 ἔςτι
1161 4061 1233 4125 δὲ
1274 4061 1376 4125 καὶ
1406 4059 1569 4137 ἄλλη
1599 4060 1885 4139 Λοκρῶν.
1957 4059 2344 4124 Καταονία
2388 4064 2582 4140 μοῖρα
2626 4061 2852 4139 ἐςχάτη
2896 4064 3013 4124 τοῦ
3058 4060 3222 4124 Ταύ-

636 4183 772 4250 ρου.
838 4160 1137 4242 (τράβων
1183 4164 1253 4225 δὲ
1298 4159 1410 4242 (12
1451 4183 1510 4246 p.
1543 4159 1698 4242 533)
1748 4161 2479 4240 Καππαδοκίαςταύτην
2526 4162 2732 4241 φηςίν.
2805 4161 3073 4225 Κοινία
3116 4162 3225 4239 μία

634 4268 765 4328 τῶν
813 4263 1192 4341 Ἀμαζόνων.
1282 4262 1660 4341 Ἰουερνία
1703 4266 1896 4340 νῆςος
1938 4262 2353 4341 Πρεττανικὴ.
2443 4262 2800 4328 Βονωνία
2844 4264 3031 4327 πόλις
3074 4264 3223 4326 Ἰτα-

638 4364 789 4429 λίας.
878 4363 1212 4429 Ἱςπανία
1256 4363 1387 4428 ἀπὸ
1433 4363 1723 4428 Ἱςπὰνου
1767 4365 2068 4440 γίγαντος
2124 4364 2297 4428 οὕτω
2344 4364 2699 4444 λεγομένου
2755 4363 2876 4427 δύο
2920 4368 3032 4441 τῆς
3077 4364 3222 4427 Ἰτα-

535 4479 602 4526 40
640 4467 776 4531 λίας
833 4466 1124 4546 ἐπαρχίαι
1181 4467 1221 4545 ἡ
1278 4467 1393 4545 μὲν
1448 4465 1689 4545 μεγάλη
1749 4466 1788 4542 ἡ
1837 4466 1907 4529 δὲ
1952 4465 2152 4544 μικρά.
2221 4465 2452 4543 ταύτης
2496 4465 2767 4544 ἐμνήςθη
2815 4465 3027 4543 Χάραξ
3072 4464 3141 4528 ἐν
3188 4461 3227 4526 ι’

637 4573 954 4649 χρονικῶν
1002 4568 1114 4631 «ἐν
1158 4568 1433 4651 Ἱςπανίᾳ
1476 4574 1552 4651 τῇ
1589 4570 1776 4649 μικρᾷ
1819 4573 1896 4649 τῇ
1941 4566 2065 4633 ἔξω
2108 4566 2516 4631 Λουςιτανῶν
2562 4565 2755 4630 πάλιν
2801 4564 3223 4630 ἀποςτάντων

638 4670 930 4749 ἐπέμφθη
976 4670 1104 4735 ὑπὸ
1135 4669 1465 4749 Ῥωμαίων
1512 4669 1857 4746 ςτρατηγός
1903 4668 2013 4732 ἐπ’
2057 4666 2296 4732 αὐτοὺς
2347 4667 2668 4732 Κΰιντος».
2735 4666 2773 4730 ὁ
2818 4666 3015 4731 αὐτὸς
3060 4665 3226 4745 ὁμοῦ

639 4773 800 4850 ὑπὲρ
854 4776 985 4836 τῶν
1042 4771 1161 4834 δύο
1211 4771 1518 4840 «Κύϊντος
1575 4769 1613 4833 ὁ
1668 4773 1799 4834 τῶν
1856 4769 2184 4849 Ῥωμαίων
2239 4769 2649 4848 πολέμαρχος
2704 4768 2775 4832 ἐν
2832 4767 3227 4848 ἀμφοτέραις
