3664 5546
661 300 789 366 352
1599 299 1680 354 ΕΚ
1719 299 1860 353 ΤΩΝ
1904 299 2312 355 ΗΡΩΔΙΑΝΟΥ

655 471 841 536 λίπας
884 473 987 536 καὶ
1030 472 1107 535 τὸ
1153 470 1310 551 ὕφα
1354 471 1424 536 ἐκ
1467 474 1584 535 τοῦ
1638 470 1897 551 ὕφαςμα
1953 472 2112 535 κατὰ
2156 470 2515 549 ἀποκοπήν.
2605 472 2708 537 καὶ
2749 471 2826 535 τὸ
2863 474 3072 556 ,γάλα
3116 473 3251 538 ἀπὸ

652 577 769 638 τοῦ
813 574 1013 649 γάλαξ
1058 574 1202 637 κατ’
1246 573 1501 639 ἔνδειαν
1543 577 1663 638 τοῦ
1706 560 1755 640 Ξ.
1858 573 1897 650 ἡ
1953 573 2076 650 γὰρ
2132 573 2325 638 κλίςις
2391 574 2591 638 αὐτοῦ
2646 573 2779 640 ἀπὸ
2837 576 3083 642 εὐθείας
3135 579 3250 653 τῆς

653 676 741 741 εἰς
784 663 817 742 ξ
860 675 1334 753 καταληγούςης
1387 675 1674 749 ἐγένετο·
1724 676 2006 752 γάλακος
2036 676 2160 753 γὰρ
2191 676 2229 754 ἡ
2275 676 2492 753 γενικὴ
2523 676 2626 740 καὶ
2655 677 2814 761 κατὰ
2843 678 3249 757 πλεοναςμὸν

651 781 769 841 τοῦ
811 778 848 840 ἱ
890 776 1208 852 γάλακτος
1254 776 1465 854 ὥςπερ
1511 775 1669 843 ἄναξ
1714 776 1954 841 ἄνακος
1996 778 2100 841 καὶ
2143 776 2432 841 ἄνακτος.
2500 781 2669 842 πᾶςα
2711 780 2834 857 γὰρ
2879 781 3095 857 γενικὴ
3142 779 3247 843 διὰ

593 888 626 938 5
654 883 772 944 τοῦ
817 882 935 943 κοῒ
980 877 1318 957 κλινομένη
1363 878 1423 969 ἢ.
1450 879 1554 942 διὰ
1586 882 1727 943 θτοῦ
1771 879 1923 941 ff&
1979 880 2096 957 τὴν
2151 877 2405 943 εὐθεῖαν
2462 878 2591 956 ἔχει
2646 878 2737 945 εἰς
2777 866 2811 948 ξ
2852 881 3244 958 καταλήγου-

652 1002 796 1063 ςαν,
844 979 989 1045 οἷον
1019 978 1240 1046 Φοῖνιξ
1273 979 1572 1045 Φοίνικος
1585 1019 1619 1061 ,-
1648 980 1861 1058 θώραξ
1906 979 2226 1062 θώρακος,
2274 980 2387 1046 νύξ
2431 981 2687 1064 νυκτός,
2735 980 2891 1048 ἄναξ
2937 981 3245 1046 ἄνακτος·

652 1079 706 1147 εἰ
752 1081 871 1147 οὖν
916 1081 1265 1163 γάλακτος,
1324 1084 1526 1160 δῆλον
1583 1080 1681 1146 ὅτι
1727 1081 1816 1145 εἰς
1860 1067 1895 1146 Ξ
1948 1074 2164 1158 γάλαξ.
2263 1080 2476 1145 ἄλλως
2529 1101 2597 1145 τε
2656 1083 2727 1146 δὲ
2796 1086 2965 1147 πᾶςα
3025 1084 3243 1160 δοτικὴ

651 1186 1094 1263 πληθυντικῶν
1152 1182 1241 1248 εἰς
1284 1184 1317 1245 ἶ
1372 1183 1654 1261 λήγουςα
1708 1183 1865 1262 μετὰ
1922 1185 2155 1246 διπλοῦ
2211 1180 2508 1266 ἀποβολῇ
2562 1187 2680 1247 τοῦ
2723 1187 2757 1247 ῖ
2811 1186 2928 1263 τὴν
2987 1184 3242 1249 εὐθεῖαν

651 1290 783 1350 τῶν
863 1284 1091 1350 ἑνικῶν
1168 1284 1502 1366 ἀποτελεῖ,
1567 1282 1712 1349 οἷον
1776 1284 2016 1350 Φοίνιξι
2093 1283 2347 1366 Φοῖνιξ,
2411 1284 2626 1363 κήρυξι
2694 1290 2917 1367 κῆρυξ,
2984 1285 3245 1363 Πέλοψι

553 1393 616 1444 10
649 1388 920 1468 Πέλοψ,
991 1385 1291 1464 Κύκλωψι
1363 1386 1656 1464 Κύκλωψ.
1767 1385 1821 1450 εἰ
1903 1383 2023 1451 οὖν
2100 1384 2263 1450 ἐςτιν
2320 1384 2360 1462 ἡ
2428 1387 2642 1464 δοτικὴ
2709 1392 2840 1453 τῶν
2904 1391 3243 1465 πληθυντι-

649 1494 780 1554 κῶν
836 1489 1093 1569 γάλαξι,
1152 1490 1353 1565 δῆλον
1410 1487 1508 1552 ὅτι
1565 1487 1862 1571 ἀποβολῇ
1916 1491 2034 1551 τοῦ
2078 1489 2111 1551 ῖ
2164 1487 2403 1563 γίνεται
2457 1488 2497 1566 ἡ
2555 1487 2768 1556 εὐθεῖα
2825 1493 2978 1553 τῶν·
3012 1487 3244 1554 ἑνικῶν

648 1589 877 1665 γάλαξ·
923 1587 1077 1653 ἀλλ’
1121 1589 1339 1668 ἐπειδὴ
1384 1590 1460 1653 τὸ
1505 1576 1541 1654 Ξ
1583 1589 1702 1653 οὐκ
1731 1589 1857 1654 ἔςτι
1901 1590 2153 1653 τελικὸν
2183 1593 2315 1654 τῶν
2347 1588 2740 1672 οὐδετέρων,
2785 1589 3022 1654 τούτου
3053 1590 3239 1669 χάριν

649 1689 975 1771 ἀπεβλήθη
1031 1691 1136 1754 καὶ
1192 1689 1451 1766 ἐγένετο
1506 1690 1689 1766 γάλα.
1778 1691 2019 1770 Ἀμέλει
2075 1691 2521 1770 ςυντιθέμενον
2575 1692 2652 1756 τὸ
2708 1691 2875 1766 γάλα
2919 1693 3022 1756 καὶ
3063 1692 3238 1767 γινό-

650 1811 851 1872 μενον
914 1791 1003 1856 εἰς
1079 1791 1413 1870 ἀρςενικὸν
1488 1791 1710 1875 γένος,
1785 1790 2162 1871 ἀναδέχεται
2228 1793 2304 1856 τὸ
2353 1791 2808 1872 ,ὀφειλόμενον
2872 1780 2913 1858 ξ
2983 1791 3128 1858 οἷον
3200 1793 3239 1858 6

551 1899 612 1950 15
650 1894 1051 1976 ἀρτιγάλαξ,’
1081 1892 1119 1957 6
1164 1893 1496 1968 νεογάλαξ.
1584 1895 1689 1958 καὶ
1742 1893 1823 1958 ἐκ·
1853 1898 1971 1958 τοῦ
2014 1895 2214 1970 γάλαξ
2270 1893 2307 1958 6
2351 1894 2649 1970 γαλαξίας
2704 1893 2991 1970 γενὲςθαι
3046 1898 3238 1959 δοκεῖ.

646 1997 810 2074 Περὶ
855 1998 924 2060 δὲ
968 1999 1085 2060 τοῦ
1129 1981 1381 2073 κρᾶτα
1427 1992 1572 2059 οἷον
1631 1995 1737 2060 «ἐς
1780 1996 1856 2060 τὸ
1903 1996 2117 2061 κείνου
2160 1999 2359 2074 κρᾶτα
2413 1995 2680 2074 ἐνήλαθ’
2723 1995 2763 2073 ἡ
2818 1996 3018 2075 τύχη»
3064 1997 3238 2074 παρὰ

650 2097 971 2178 (οφοκλεῖ
1016 2094 1209 2178 (Oed.
1255 2094 1415 2180 Tyr.
1461 2095 1616 2178 263)
1662 2096 1908 2176 μήποτέ
1954 2097 2118 2162 ἐςτιν
2154 2096 2368 2162 εἰπεῖν
2425 2096 2521 2160 ὅτι
2576 2101 2772 2161 τοῦτο
2818 2095 2949 2161 ἀπὸ
2995 2097 3237 2176 ἀρςενι-

647 2203 765 2264 κοῦ
796 2199 834 2277 ἢ
867 2201 1147 2278 θηλυκοῦ
1176 2197 1466 2274 γέγονεν.
1527 2196 1659 2262 ἀπὸ
1705 2196 2042 2276 ἀρςενικοῦ
2089 2187 2203 2276 μ’ὲν
2249 2196 2380 2262 ἀπὸ
2425 2202 2542 2262 τοῦ
2578 2198 2616 2261 6
2650 2199 2804 2277 κράς
2846 2201 2965 2262 τοῦ
3009 2201 3239 2277 κρατός

646 2307 738 2385 τῷ
783 2300 960 2379 κρατί
1003 2301 1119 2365 τὸν
1165 2301 1392 2382 κρᾶτα,
1451 2297 1582 2364 ἀπὸ
1638 2303 1919 2378 θηλυκοῦ
1973 2301 2045 2364 δὲ
2100 2298 2233 2364 ἀπὸ
2277 2303 2395 2363 τοῦ
2439 2299 2478 2378 ἡ
2523 2299 2677 2378 κράς
2730 2303 2843 2377 τῆς
2886 2300 3117 2378 κρατός
3160 2306 3237 2382 τῇ

545 2408 613 2458 20
647 2403 823 2487 κρατί
867 2403 984 2481 τὴν
1029 2404 1226 2479 κρᾶτα
1270 2402 1372 2465 καὶ
1425 2402 1502 2465 τὸ
1558 2404 1771 2479 κρᾶτα.
1859 2401 1936 2465 τὸ
1982 2402 2097 2480 μὲν
2141 2401 2263 2479 γὰρ
2308 2401 2462 2480 κράς
2507 2400 2853 2479 ἀρςενικῶε
2902 2402 3003 2520 καὶ
3046 2405 3237 2481 θηλυ-

648 2509 773 2569 κῶς
818 2505 1067 2579 λέγεται
1114 2501 1259 2567 οἷον
1304 2502 1343 2567 6
1387 2500 1541 2580 κράς
1584 2504 1687 2566 καὶ
1729 2503 1769 2581 ἡ
1816 2502 1986 2580 κράς.

816 2605 910 2670 Τὰ
963 2607 1078 2684 μὲν
1138 2604 1258 2669 οὖν
1315 2603 1659 2682 διςύλλαβα
1718 2602 1807 2668 εἰς
1862 2625 1947 2683 μα
2014 2605 2295 2683 λήγοντα
2352 2603 2662 2682 οὐδέτερα
2716 2606 3141 2683 παροξύνεται
3196 2605 3234 2683 ἢ

645 2709 1184 2788 προπεριςπᾶται,
1231 2706 1501 2788 ςτόμα,
1545 2705 2116 2789 πλύμα,“ῥύμα,
2162 2705 2681 2790 φύμα,·θύμα,
2739 2706 2967 2789 λύμα,
3012 2707 3233 2787 θέμα,

645 2811 727 2875 δέ
741 2830 866 2892 μα,
912 2806 1113 2888 ἅρμα
1154 2843 1241 2854 -
1282 2807 1410 2873 ἔςτι
1467 2808 1572 2871 καὶ
1621 2808 1806 2872 πόλις
1854 2808 2159 2872 Βοιωτίας
2212 2810 2324 2885 τῆς
2376 2807 2784 2886 Ταναγρικῆς.
2871 2809 3235 2873 Παυςανίας

542 2920 608 2970 25
645 2912 853 2996 ἐνάτῳ
899 2910 984 2994 (c.
1023 2908 1132 2992 19,
1175 2908 1261 2991 4).
1313 2908 1543 2987 ἐκλήθη
1591 2910 1661 2972 δὲ
1707 2908 1917 2974 οὕτως
1960 2909 1999 2987 ἢ
2046 2908 2207 2974 διότι
2253 2909 2382 2973 ἐκεῖ
2425 2909 2699 2989 κατεάγη
2743 2911 2818 2974 τὸ
2863 2913 2981 2974 τοῦ
3013 2909 3233 2988 Ἀδρά-

643 3034 793 3077 ςτου
838 3011 1005 3092 ἅρμα
1061 3011 1099 3089 ἢ
1156 3009 1287 3075 ἀπὸ
1342 3009 1738 3091 Ἀμφιαράου
1794 3014 1913 3075 τοῦ
1968 3010 2275 3090 ἅρματος·
2330 3009 2605 3076 ἐνταῦθα
2658 3011 2782 3089 γὰρ
2840 3013 3232 3091 καταφυγεῖν

643 3134 795 3195 φαςι
864 3113 1019 3192 μετὰ
1084 3116 1202 3176 τοῦ
1257 3111 1537 3191 ἅρματος
1594 3114 1697 3177 καὶ
1764 3112 1884 3176 οὐκ
1939 3112 2276 3191 ἐκδοθῆναι
2333 3115 2471 3176 τοῖς
2526 3112 2862 3178 διώκουςιν
2918 3113 3046 3178 ὑπὸ
3100 3117 3230 3177 τῶν

643 3214 1133 3279 κατοικούντων.
1220 3211 1345 3277 ἔςτι
1402 3213 1506 3277 καὶ
1559 3216 1671 3291 τῆς
1715 3214 1991 3291 Ἀττικῆς
2033 3215 2239 3293 Ἅρμα
2295 3212 2365 3278 ἐν
2409 3212 2699 3291 Πάρνηθι
2744 3215 2891 3293 περὶ
2943 3216 3059 3293 τὴν
3104 3213 3229 3278 Φυ-

643 3319 760 3395 λὴν
806 3315 1223 3393 καλουμένην.
1287 3313 1413 3378 ἔςτι
1460 3316 1563 3379 καὶ
1589 3316 1875 3395 Ἅρματα
1918 3314 2106 3381 πόλις
2135 3319 2572 3395 πληθυντικῶς
2601 3315 2858 3391 Ἰνδικῆς
2885 3351 2971 3363 —
3015 3315 3198 3395 αἷμα
3211 3364 3229 3397 ,

542 3426 609 3477 30
645 3423 881 3500 βῆμα,
928 3416 1156 3499 ῥῆμα,
1201 3419 1482 3500 χρῆμα,
1531 3419 1753 3500 ςῆμα,
1800 3417 1953 3483 ὅθεν
2003 3417 2454 3497 Κυνόςςημα
2497 3416 2696 3482 τόπος
2740 3416 2985 3497 Λιβύης.
3059 3416 3227 3481 Ἑκα-

640 3522 821 3584 ταῖος
850 3518 1211 3597 περιηγήςει
1243 3516 1452 3595 αὐτῆς.
1500 3517 1624 3583 ἔςτι
1655 3520 1757 3583 καὶ
1791 3518 1954 3584 ἄλλο
1986 3519 2243 3598 χωρίον.
2294 3522 2491 3597 λῦμα
2524 3516 2627 3583 καὶ
2656 3522 2871 3599 φῦμα
2899 3521 3002 3585 καὶ
3032 3523 3230 3598 θῦμα

640 3620 789 3699 παρ’
843 3621 1146 3685 Ἀττικοῖς
1199 3621 1275 3684 τὸ
1330 3624 1370 3684 ῦ
1426 3619 1841 3704 ἐκτείνουςιν,
1898 3624 2186 3701 ζεῦγμα
2242 3624 2345 3687 καὶ
2397 3623 2708 3703 Ζεῦγμα
2763 3621 2949 3686 πόλις
3006 3620 3228 3699 (υρίας

640 3790 806 3853 γένος
843 3790 944 3853 μὲν
980 3789 1050 3841 τὸ
1088 3787 1251 3855 λίπα,
1300 3790 1451 3842 εἶδος
1496 3789 1558 3841 δὲ
1602 3789 1671 3841 τὸ
1718 3789 1909 3842 ἔλαιον
1953 3797 2013 3842 et
2060 3792 2128 3842 de
2165 3792 2285 3857 ὕφα
2321 3794 2384 3844 Ε.
2420 3795 2493 3846 Μ.
2533 3795 2658 3855 785,
2696 3794 2762 3843 26
2807 3790 2953 3855 ὕφαῒ
3002 3788 3226 3855 ὑφαίνω

639 3858 891 3923 ὕφαςμα’
931 3859 964 3921 ἢ
976 3857 1201 3939 Λύφόιζω
1239 3857 1467 3921 ὕφαςμα
1503 3856 1711 3921 ὑφαςία
1747 3857 1881 3923 ὕφα.
1928 3858 2270 3923 Ἡρωδιανὸς
2308 3862 2435 3925 περὶ
2472 3862 2676 3911 παθῶν
2713 3861 2782 3911 cf.
2820 3860 3021 3911 Herod.
3057 3857 3120 3910 ἐν
3155 3861 3226 3924 τῆ

640 3924 891 3979 ςυντάξει
926 3927 1048 3976 τῶν
1085 3924 1376 3990 ςτοιχείων
1421 3941 1509 3990 ap.
1545 3926 1794 3991 Theogn.
1827 3943 1882 3992 p.
1923 3928 2005 3979 78.
2076 3930 2232 3989 Quae
2278 3934 2392 3978 tum
2437 3928 2537 3978 1.1
2590 3929 2658 3980 de
2694 3926 2840 3991 γάλα
2886 3928 3039 3977 dieta
3082 3931 3226 3983 sunt,

641 3996 882 4060 prompsi
919 4010 985 4044 ex
1022 3994 1216 4044 Choer.
1256 3996 1374 4055 367,
1409 3996 1443 4042 4
1480 3993 1686 4045 additis
1722 4009 1789 4043 ex
1827 3995 2085 4048 Eustath.
2127 3999 2283 4059 1627,
2319 3999 2386 4047 47
2437 3997 2623 4047 verbis
2667 3995 2759 4048 καὶ
2797 3994 2860 4048 ἐκ
2905 3997 3008 4047 τοῦ
3054 3993 3225 4057 γάλαξ

639 4063 671 4115 ὁ
707 4059 969 4125 γαλαξία(
1005 4060 1260 4124 γενέςθαι
1294 4060 1473 4124 δοκεῖ,
1512 4062 1602 4125 qui
1642 4066 1882 4112 testatur
1917 4062 2056 4113 haee
2093 4064 2163 4113 ab
2200 4064 2519 4115 Herodiano
2557 4065 2809 4129 profecta
2845 4078 2995 4114 esse:
3033 4061 3121 4113 ὅτι
3155 4059 3226 4111 τὸ

637 4145 783 4210 γάλα
820 4144 899 4198 εἰς
936 4148 962 4199 ξ
998 4146 1149 4197 δοκεῖ
1186 4144 1410 4208 λήγειν,
1449 4143 1797 4198 ἐπιςτώςατο
1822 4144 2166 4211 Ἡρωδιανὸς
2203 4147 2293 4199 καὶ
2331 4146 2446 4199 ἀπὸ
2484 4146 2752 4199 ςυνθέτου
2788 4150 2893 4199 τοῦ
2928 4145 3226 4212 ἀρτιγάλαξ

638 4215 729 4267 καὶ
766 4214 880 4266 ἀπὸ
918 4213 1301 4279 πληθυντικῆς
1337 4213 1577 4277 δοτικῆς.
1718 4214 1855 4265 1.16
1893 4230 2036 4278 quae
2075 4215 2142 4266 de
2180 4217 2358 4280 κρᾶτα
2394 4206 2735 4279 referuntur,
2775 4221 2903 4267 sunt
2940 4232 3008 4266 ox
3033 4215 3226 4265 Choer-

637 4286 755 4347 367,
792 4285 886 4347 21,
934 4300 968 4332 a
1013 4298 1119 4347 quo
1154 4281 1533 4332 Herodianum
1579 4283 1911 4346 exscriptum
1957 4298 2081 4333 esse
2128 4290 2349 4349 praeter
2392 4300 2505 4334 rem
2550 4285 2726 4349 ipsam
2765 4284 2929 4334 docet
2967 4282 3222 4333 Eustath.

542 4356 555 4365 ‘
638 4354 755 4413 700,
792 4354 880 4410 663
925 4348 995 4400 τὸ
1033 4348 1093 4400 δὲ
1131 4347 1358 4413 κρανίον
1402 4351 1506 4412 τῆς
1551 4349 1804 4413 κεφαλῆς
1849 4349 2250 4414 πολυωνυμίας
2293 4349 2485 4416 τμῆμά
2531 4349 2707 4415 ἐςτιν,
2755 4349 2823 4415 ἧς
2866 4350 2923 4403 αί
2970 4349 3103 4402 κατ’
3138 4348 3224 4400 εὐ-

638 4420 796 4469 θεῖαν
831 4418 1116 4483 προφοραὶ
1154 4417 1244 4469 καὶ
1279 4416 1349 4468 τὸ
1388 4419 1573 4468 κεῖθεν
1608 4416 1671 4468 δὲ
1707 4413 1874 4479 κλίμα
1913 4418 2056 4470 κατὰ
2080 4418 2429 4484 Ἠρωδιανὸν
2466 4416 2646 4470 εἰπεῖν
2682 4418 2980 4493 διαφόρως
3009 4417 3226 4482 ἔχουςιν

638 4489 695 4536 et
732 4486 917 4551 paullo
954 4491 1080 4551 post
1115 4486 1271 4536 hoci
1314 4501 1432 4536 sum
1467 4486 1644 4551 κρᾶτα
1682 4487 1975 4550 profertur.
2184 4488 2218 4538 l.
2254 4490 2320 4538 23
2358 4485 2550 4550 πλύμα
2586 4514 2650 4522 -
2689 4485 2837 4549 λύμα
2875 4482 3228 4537 accesserunt

640 4571 707 4604 ex
745 4554 928 4607 Dichr.
966 4552 1104 4611 294,
1126 4556 1185 4611 4
1230 4554 1263 4603 Θ
1298 4566 1371 4616 μα
1418 4552 1558 4616 δέμα
1604 4570 1671 4603 ex
1716 4554 1962 4620 Theogn.
2017 4558 2137 4617 120,
2186 4558 2279 4617 22,
2325 4553 2473 4619 ἅρμα
2519 4572 2584 4604 ex
2631 4555 2711 4609 St
2750 4555 2843 4605 B.:
2890 4554 3102 4619 Ῥῆγμα
3147 4551 3224 4603 ὼ(

638 4620 812 4685 ἅρμα,
850 4621 1093 4671 indidem
1131 4622 1435 4685 proprium,
1473 4620 1623 4685 ῥῆμα
1658 4622 1842 4685 χρῆμα
1878 4637 1942 4672 ex
1977 4623 2253 4689 Theogn,
2290 4624 2434 4686 εῆμα
2471 4629 2528 4673 et
2564 4621 2891 4687 Κυνόςςημα
2928 4639 2995 4672 ex
3019 4623 3113 4679 St.
3141 4621 3222 4679 B..

640 4687 787 4751 λῦμα
823 4690 985 4752 φῦμα
1022 4705 1090 4738 ex
1126 4688 1310 4739 Dichr.
1347 4689 1381 4742 l.
1420 4706 1465 4743 c.
1483 4691 1682 4751 ,θῦμα
1720 4704 1785 4738 ex
1822 4691 1923 4755 Ep.
1965 4690 2125 4744 Hom.
2159 4694 2284 4745 231,
2322 4694 2414 4753 23,
2462 4692 2558 4741 ubi
2602 4689 2672 4741 τὸ
2717 4690 2778 4741 δὲ
2824 4692 2972 4753 θῦμα
3021 4688 3225 4754 ίςτορεῑ

642 4752 995 4820 Αριςτοκλῆς
1032 4754 1095 4806 ἐν
1139 4759 1225 4821 τῷ
1271 4756 1398 4819 περὶ
1444 4754 1755 4807 διαλέκτων
1800 4756 2225 4822 ἐκτεινόμενον,
2271 4758 2480 4820 Ζεῦγμα
2528 4764 2586 4808 et
2621 4756 2851 4820 Ζεῦγμα
2898 4774 2965 4809 ex
3011 4758 3091 4808 St.
3141 4758 3224 4819 B..
