3664 5546
543 400 670 464 212
1473 400 1555 455 εκ
1591 400 1731 455 τςιΝ
1773 399 2180 455 ΗΡΩΔιΑΝοΥ

544 574 613 638 ἐν
658 572 879 657 Λυκίᾳ·
967 572 1069 637 καὶ
1112 571 1274 652 ἄλλη
1319 572 1482 651 πρὸς
1525 574 1641 651 τὴν
1690 571 2067 650 Κορωνιτῶν
2112 572 2319 635 πόλιν.
2406 568 2966 647 Προκόννηςος
3010 567 3116 648 μία

542 680 670 741 τῶν
718 674 1071 753 (ποράδων
1117 675 1188 740 ἐν
1243 681 1320 760 τῇ
1363 675 1791 757 Προποντίδι,
1850 673 2373 753 Ἐλαφόνηςος
2427 671 2534 750 μία
2586 675 2717 736 τῶν
2761 670 3115 750 (πορὰδων

541 779 749 856 νήςων
781 777 1013 857 ἔχουςα
1041 778 1231 843 πόλιν
1262 776 1622 857 ὁμώνυμον.
1674 775 2172 857 Ἁλόννηςος,
2219 773 2900 852 Ἀλωπεκόννηςος
2930 772 3115 838 πόλις

540 883 649 958 τῆς
679 879 1159 959 Ἑλληςποντίας
1202 880 1596 959 χερρονήςου
1640 879 1799 943 κατὰ
1828 878 2108 959 χρηςμὸν
2153 878 2457 942 κτιςθεῖςα
2499 875 2912 958 κελεύςαντα,
2957 874 3113 940 ἔνθα

481 986 511 1033 5
543 982 623 1045 ἂν
669 982 973 1047 ςκύλακας
1015 980 1233 1046 ἴδωςιν
1278 981 1613 1046 ἀλώπεκος
1625 1030 1644 1063 ,
1691 979 1820 1045 ἐκεῖ
1862 980 2051 1045 πόλιν
2098 979 2332 1044 οἰκίςαι.
2422 978 2881 1056 Ἀρκόνηςος
2923 980 3114 1054 νῆςος

544 1084 785 1163 Καρίας.
833 1084 1267 1148 Ἀπολλώνιος
1312 1083 1546 1169 ἑβδόμῃ
1597 1084 1898 1163 Καρικῶν.
1946 1081 2470 1160 Ἀρκτόνηςος.
2518 1078 2724 1144 οὕτως
2767 1080 2808 1159 ἡ
2857 1078 3114 1145 Κύζικος

539 1186 843 1252 ἐκαλεῖτο.
918 1185 1469 1269 Ἀρτύμνηςος,
1514 1185 1699 1250 πόλις
1743 1183 2003 1267 Λυκίας,
2048 1182 2318 1249 ἄποικος
2347 1181 2659 1247 Ξανθίων.
2709 1181 3113 1260 Μενεκράτης

539 1288 609 1354 ἐν
668 1289 888 1373 πρώτῃ
945 1293 1075 1353 τῶν
1130 1288 1474 1353 Λυκιακῶν.
1572 1287 2043 1367 Δημόνηςος
2096 1286 2242 1365 περὶ
2298 1284 2674 1364 Χαλκηδόνα
2729 1287 2918 1362 νῆςος
2981 1283 3112 1348 ἀπὸ

537 1391 924 1471 Δημονήςου
968 1390 1155 1455 τινός.
1214 1391 1669 1468 Ἱππόνηςος
1712 1389 1899 1453 πόλις
1949 1385 2189 1466 Καρίας.
2256 1386 2579 1452 Ἑκαταῖος
2612 1385 2793 1469 Ἀςίᾳ.
2840 1385 2969 1450 ἔςτι
3011 1387 3114 1449 καὶ

445 1493 503 1544 ¹0
536 1492 795 1575 Λιβύης,
854 1492 944 1557 ῶς
1000 1492 1455 1571 Ἀρτεμίδωρος
1509 1490 1775 1575 ἑβδόμῳ.
1861 1489 2431 1567 Ἑκατόννηςος.
2517 1487 2723 1553 οὕτως
2788 1489 2934 1567 περὶ
2996 1488 3111 1566 τὴν

536 1594 775 1675 Λέςβου
819 1593 998 1673 νηςία
1028 1592 1100 1675 κ’,
1149 1593 1238 1658 ὡς
1268 1592 1566 1672 (ἶτράβων
1596 1591 1707 1675 (13
1739 1615 1801 1678 p.
1834 1590 2018 1674 618),
2063 1592 2238 1671 παρὰ
2281 1593 2396 1657 τὸν
2426 1591 2694 1655 Ἕκατον
2739 1591 2855 1656 τὸν
2887 1590 3110 1654 Ἀπόλ-

538 1699 729 1761 λωνα.
775 1698 1021 1776 τιμᾶται
1065 1695 1188 1774 γὰρ
1233 1696 1561 1776 διαφόρως
1604 1695 1674 1760 ἐν
1719 1698 1857 1760 τοῖς
1888 1694 2142 1777 τόποις,
2189 1692 2519 1775 (ἶμινθεύς,
2579 1693 2901 1774 Κιλλαῖος,
2963 1692 3001 1756 Γ
3004 1711 3108 1770 ρυ-

537 1799 699 1863 νεύς.
778 1797 1458 1877 Κορακόννηςος...
1505 1796 1920 1876 Ἀλέξανδρος
1963 1796 2152 1880 τρίτῳ
2195 1795 2495 1875 Λιβυκῶν.
2562 1795 2665 1859 καὶ
2707 1794 2798 1859 ἔτι
2843 1795 2917 1860 τὸ
2961 1795 3109 1859 Πε-

538 1901 1039 1980 λοπόννηςος
1085 1898 1367 1964 ςύνθετα.

441 2006 500 2057 15
708 2001 802 2066 Τὰ
846 2001 934 2066 εἰς
976 2002 1126 2064 fio-c
1168 2000 1671 2082 ύπερδιςύλλαβα
1726 2001 1960 2080 ἔχοντα
2013 2001 2141 2080 πρὸ
2196 2003 2314 2065 τοῦ
2354 1999 2580 2065 τέλους
2624 2001 2655 2062 ῑ
2705 1998 2793 2064 εἰς
2848 2002 2881 2062 Ε
2924 2019 3108 2063 κατα-

536 2106 737 2182 λῆγον
781 2106 1101 2184 μονογενῆ
1146 2101 1305 2167 ὄντα
1347 2103 1933 2185 προπαροξύνεται,
1979 2103 2452 2181 κυπάριςςος
2494 2102 2595 2166 καὶ
2637 2102 2713 2166 τὸ
2754 2101 2964 2181 φυτὸν
3009 2101 3110 2165 καὶ

535 2206 573 2270 ὁ
616 2206 788 2285 ἥρως
832 2206 933 2270 καὶ
977 2206 1016 2284 ἡ
1062 2204 1263 2270 πόλις.
1331 2204 1614 2285 Ὅμηρος
1659 2204 1763 2271 «οἱ
1811 2205 2200 2284 Κυπάριςςον
2245 2204 2399 2283 ἔχον
2442 2204 2726 2269 Πυθῶνά
2768 2224 2835 2268 τε
2879 2204 3106 2282 πετρή-

535 2326 755 2372 εςςαν»
803 2307 880 2389 (Β
921 2305 1075 2388 519)
1129 2306 1260 2371 ἀπὸ
1319 2306 1708 2386 Κυπαρίςςου
1760 2310 1880 2372 τοῦ
1927 2309 2209 2391 Μινυοῦ,
2266 2302 2328 2371 ὀὶ
2383 2307 2453 2371 δὲ
2508 2304 2598 2370 ῶς
2639 2305 2924 2386 Δίδυμος
2977 2304 3107 2369 ἀπὸ

534 2411 820 2489 πλήθους
875 2415 1004 2474 τῶν
1060 2409 1279 2475 αὐτόθι
1334 2409 1759 2493 κυπαρίςςων,
1815 2409 1894 2487 ἣν
1956 2408 2465 2488 Κυπαριςςοῦντά
2516 2427 2681 2472 τινες
2735 2409 2837 2472 καὶ
2881 2408 3104 2472 Ἀπολ-

432 2516 501 2567 ⁶20
536 2512 819 2577 λωνιάδα
860 2511 1039 2592 ’φαςί.
1119 2511 1530 2590 νάρκιςςος
1585 2512 1687 2576 καὶ
1743 2511 1819 2575 τὸ
1876 2513 2083 2592 φυτὸν
2136 2514 2237 2581 καὶ
2279 2511 2355 2576 τὸ
2401 2509 2637 2589 κύριον.
2715 2511 3106 2575 Μέλιςςος.

537 2614 978 2695 Μύρμιςςος
1040 2613 1226 2677 πόλις
1290 2614 1436 2701 περὶ
1489 2613 1876 2697 Λάμψακον,
1935 2613 2024 2679 ῶς
2077 2613 2413 2693 Πολέμων.
2502 2613 2868 2677 Βόλιςςος
2922 2613 3108 2677 πόλις

532 2715 788 2797 Αἰολικὴ
835 2715 946 2782 ἐπ’
988 2714 1188 2795 ἄκρου
1234 2715 1389 2782 Χίου
1434 2716 1716 2796 πληςίον.
1783 2715 2177 2795 Θουκυδίδης
2223 2715 2526 2782 Βολίςκον
2571 2715 2769 2795 αὐτὴν
2814 2718 2993 2780 καλεῖ
3035 2716 3105 2780 ἐν

534 2818 733 2904 ὀγδόῃ
779 2820 863 2902 (ο.
894 2817 1021 2900 24).
1110 2818 1492 2897 Ἀνδροτίων
1538 2821 1608 2883 δὲ
1654 2819 1742 2883 δι’
1786 2818 1933 2883 ἑνὸς
1976 2822 2009 2881 ἱ
2053 2818 2303 2899 γράφει.
2391 2819 2491 2882 καί
2535 2838 2724 2899 φαςιν
2768 2817 2864 2883 ὅτι
2909 2817 3103 2897 Ὅμη-

534 2940 647 2998 ρος
685 2921 781 2990 ,ἐν
839 2920 1051 3004 τούτῳ
1117 2926 1207 3005 τῷ
1272 2920 1661 3003 πολιςματίῳ
1722 2920 1836 2985 τὰς
1901 2920 2219 3001 διατριβὰς
2282 2920 2562 2985 ἐποιεῖτο
2575 2970 2594 3003 ,
2664 2920 2753 2985 ῶς
2807 2921 3102 3000 Ἔφορος.

431 3030 496 3080 25
533 3023 1020 3102 Ἀρχέμιςςος
1064 3020 1273 3101 ὄνομα
1315 3025 1623 3102 ποταμοῦ.
1679 3022 2207 3102 Τριπόλιςςος
2251 3022 2439 3088 ἔθνος
2484 3023 2946 3106 Θεςπρῳτικόν,
2993 3024 3103 3087 οὓς

532 3124 634 3187 καὶ
676 3123 1151 3202 Τριπολιςςίους
1195 3126 1376 3188 καλεῖ
1417 3123 1665 3189 Ῥιανὸς
1709 3124 1780 3190 ἐν
1823 3131 1917 3209 τῷ
1958 3124 2517 3210 πεντεκαιδεκάτῳ.
2579 3126 3102 3205 Βαρβάλιςςος

532 3225 851 3304 φρούριον
892 3227 1002 3304 τῆς
1043 3225 1130 3290 ἕω
1173 3226 1810 3308 περιτετειχιςμένον,
1858 3226 2236 3306 Θέμιςςος
2278 3227 2463 3293 πόλις
2497 3226 2753 3311 Καρίας,
2798 3228 2876 3306 ἣν
2907 3227 3101 3293 ἔκτιςε

529 3326 786 3410 Δάδας,
831 3326 961 3392 ἀπὸ
993 3326 1294 3407 Θεμίςςου
1338 3327 1592 3410 παιδός,
1639 3329 1717 3394 ὃν
1750 3329 1929 3393 λύκοι
1965 3330 2390 3408 διεχρήςαντο.
2441 3330 2876 3395 Μούκιςςος
2918 3330 3102 3394 πόλις

535 3427 994 3493 Καππαδοκίας.
1045 3429 1438 3506 Μύγιςςος
1480 3430 1666 3495 πόλις
1700 3430 1943 3509 Καρίας.
1986 3430 2307 3496 Ἑκαταῖος
2343 3431 2608 3516 τετάρτῃ
2652 3435 3098 3508 γενεαλογιῶν.

429 3537 495 3586 30
529 3521 1135 3608 Παροπάνιςςος
1190 3532 1375 3597 πόλις
1428 3532 1530 3596 καὶ
1582 3530 1736 3611 ὄρος
1782 3532 2068 3616 Ἰνδικῆς,
2123 3532 2248 3613 ἀφ’
2293 3531 2371 3598 οὗ
2425 3534 2983 3613 Παροπανιςςάδαι
3040 3535 3100 3599 οἱ

531 3630 870 3696 οἰκοῦντες.
958 3633 1448 3712 Ἀπολλόδωρος
1492 3633 1562 3698 δὲ
1607 3634 1678 3699 ἐν
1725 3636 2004 3720 δευτέρῳ
2048 3637 2213 3715 περὶ.
2236 3638 2351 3714 γῆς
2397 3635 2518 3700 ἀπ’
2572 3636 2787 3701 αὐτῶν
2833 3657 2981 3716 φηςι
3024 3637 3099 3700 τὸ

530 3732 685 3811 ὄρος
728 3737 1068 3828 κεκλῆςθαι.
1136 3735 1476 3814 βούλονται
1522 3736 1592 3800 δέ
1635 3757 1802 3802 τινες
1840 3738 2255 3817 Παρπάνιςον
2298 3738 2881 3816 προπαροξυτόνως
2925 3739 3098 3815 λέγε-

529 3840 662 3900 ςθαι
707 3836 782 3901 τὸ
827 3836 996 3915 ὄρος.
1084 3838 1321 3902 πολλοὶ
1374 3839 1444 3901 δὲ
1502 3839 1602 3901 καὶ
1657 3838 1949 3904 ὀξύνουςι
2006 3840 2109 3904 καὶ
2167 3840 2271 3904 διὰ
2323 3844 2439 3905 τοῦ
2483 3842 2524 3917 [ι
2565 3839 2880 3920 γράφουςι
2924 3841 3095 3919 Παρ-

530 3939 816 4017 παμιςόν.
906 3938 1203 4020 (τράβων
1269 3939 1340 4003 δὲ
1397 3936 1486 4024 (p.
1534 3938 1685 4021 723)
1739 3940 2198 4020 Παροπαμιςόν
2265 3943 2498 4023 γράφει
2562 3942 3097 4023 πεντεςυλλάβως.
3202 4012 3219 4028 ‚

425 4047 492 4098 35
526 4040 882 4105 Ὕδιςςος
925 4041 1112 4105 πόλις
1144 4039 1368 4119 Καρίας
1413 4040 1543 4105 ἀπὸ
1574 4041 1862 4107 Ὑδίςςου
1906 4044 2136 4108 παιδὸς
2180 4044 2709 4124 Βελλεροφόντου
2754 4046 2854 4109 καὶ
2901 4046 3095 4110 Ἀςτε-

528 4141 662 4219 ρίας
692 4142 1004 4222 θυγατρὸς
1032 4142 1284 4226 Ὑδέου,
1320 4143 1410 4209 ῶς
1442 4143 1877 4210 Ἀπολλώνιος
1912 4145 2194 4225 Καρικῶν
2225 4147 2522 4231 τετάρτῳ.
2565 4148 3094 4227 Πεδνήλιςςος

524 4427 950 4497 Προκόννηςος,
991 4431 1399 4500 Ἐλαφόννηςος
1437 4435 1657 4501 explevi
1692 4449 1759 4487 ex
1796 4435 1876 4487 St.
1912 4437 1993 4500 B„
2030 4436 2239 4503 reliqua
2282 4437 2410 4489 inde
2447 4440 2516 4490 ab
2555 4436 2887 4505 Ἁλόννηςος
2923 4456 3092 4506 usque

525 4500 598 4548 ad
638 4499 1059 4566 Κορακόννηςος
1098 4518 1164 4552 ex
1203 4504 1394 4554 eodem
1431 4502 1639 4557 addidi.
1698 4505 1782 4555 De
1821 4504 2023 4570 duplici
2060 4510 2092 4556 V
2130 4507 2202 4560 cf.
2228 4507 2426 4558 Herod.
2461 4508 2517 4556 in
2555 4509 2616 4561 E.
2646 4510 2720 4558 M.
2755 4511 2873 4569 650,
2907 4510 2991 4559 48.

530 4566 563 4615 Ι.
605 4570 666 4618 16
703 4568 1031 4634 κυπάριςςος
1066 4569 1281 4636 explevi
1317 4587 1384 4620 ex
1423 4568 1601 4622 St.’B.
1640 4587 1681 4622 s.
1708 4590 1757 4623 v.
1799 4580 1857 4623 et
1892 4591 1935 4625 s.
1974 4573 2353 4637 Ἀπολλωνία,
2392 4575 2486 4625 ubi
2523 4574 2602 4627 ὡς
2637 4574 2894 4639 Δίδυμος.
2941 4574 3092 4639 Μύρ-

527 4648 706 4696 μιςςος
753 4639 937 4702 recepi
985 4655 1050 4687 ex
1097 4641 1178 4688 St.
1213 4641 1276 4688 B.
1325 4654 1421 4702 pro
1460 4637 1754 4702 Κύρμιςςος
1800 4658 1888 4707 ap.
1923 4642 2167 4708 Theogn.
2206 4645 2293 4701 73,
2343 4640 2596 4695 Βόλιςςος
2644 4661 2711 4694 ex
2756 4645 2945 4696 eodem
2995 4659 3091 4709 pro

522 4702 674 4754 Theo
717 4706 861 4755 nosti
921 4713 1173 4770 corrupto
1233 4703 1539 4767 Πόλιςςος;
1607 4707 1949 4772 Ἀρχέμιςςος
2012 4710 2336 4762 vocabulum
2394 4713 2639 4777 ignotum
2699 4729 2765 4762 ex
2825 4713 3091 4776 Theogn.,

525 4767 668 4833 Τριπ
707 4775 882 4824 λιςςος
921 4789 986 4821 ex
1025 4775 1105 4827 St.
1143 4775 1229 4834 B.‚
1269 4771 1630 4838 Βαρβάλιςςος
1667 4804 1731 4811 --
1769 4775 2044 4839 Μύγιςςος
2081 4795 2148 4830 ex
2186 4779 2265 4829 St.
2304 4779 2393 4842 B.,
2431 4795 2753 4846 quamquam
2788 4780 2932 4844 apud
2968 4794 3091 4829 eum

525 4840 704 4889 omnia
750 4845 1043 4902 acuuntur,
1087 4838 1512 4904 Παροπάνιςςος
1561 4859 1626 4892 ex
1676 4845 1756 4896 St.
1793 4847 1854 4895 Β.
1904 4853 1960 4895 et
2005 4848 2161 4900 Euat.
2207 4847 2278 4896 ad
2323 4848 2548 4911 Dionys,
2596 4851 2741 4901 1097.
2820 4847 3120 4910 Ὕδιςςος,.

523 4906 669 4969 quod
704 4907 870 4961 Mein.
909 4909 1115 4958 rectius
1151 4907 1409 4972 ’Υδηςςός
1446 4911 1792 4963 scribendum
1829 4913 2066 4980 iudicat,
2105 4913 2475 4980 Πεδνήλιςςος
2512 4933 2577 4967 ex
2604 4916 2682 4971 St.
2710 4917 2791 4978 B.,
2829 4918 2923 4966 ubi
2958 4929 3087 4979 oxy-
