3664 5546
604 359 732 423 224
773 380 786 392 ·
891 344 908 348 ’
1534 359 1617 414 εκ
1655 359 1794 413 τΩΝ
1837 358 2242 413 ΗΡΩΔιΑΝοΥ

505 544 513 551 ·
607 530 947 611 ληῖςτός,
1005 529 1390 613 μεριςτός,
1445 529 1900 609 ὀνομαςτός.
1995 530 2076 594 τὰ
2139 531 2211 594 δὲ
2278 528 2543 594 ςύνθετα
2597 529 3172 610 προπαροξύνεται,

604 632 882 713 φραςτός
938 631 1365 714 ἄφραςτος,
1421 631 1825 714 ἀλίαςτος,
1884 631 2220 697 ἄλαςτος
2278 632 2316 696 ὁ
2371 630 2589 695 ἄδικος
2644 631 2774 697 ἀπὸ
2830 635 2947 696 τοῦ
3002 632 3174 700 λάζω

603 737 676 800 τὸ
723 733 1056 815 λαμβάνω,
1103 734 1405 799 ῶςαύτως
1450 734 1550 798 καὶ
1592 734 1671 798 τὰ
1701 734 2107 816 ὑπερθετικά,
2151 734 2551 817 τάχιςτος,
2597 732 2946 817 ἄριςτος,
2992 735 3172 799 κάλ-

603 834 897 920 λιςτος,
943 835 1086 916 μεθ’
1130 835 1223 900 ὧν
1269 836 1606 902 ἕκαςτος.

527 952 560 1001 5
771 940 865 1004 Τὰ
921 938 1008 1003 εἰς
1053 939 1207 1002 fio—c
1253 937 1760 1018 ὑπερδιςύλλαβα
1801 938 2297 1019 παραληγόμενα
2342 941 2379 1001 ὃ
2425 938 2529 1003 ἐπὶ
2560 938 2913 1018 ποςότητος
2956 940 3172 1005 ταςςό-

602 1063 759 1123 μενα
789 1041 1109 1122 ὀξύνεται,
1155 1041 1629 1123 πολλοςτός,
1661 1040 2045 1123 εἰκοςτός,
2075 1041 2577 1124 τριακοςτός,
2618 1042 3172 1120 πεντηκοςτός.

768 1145 862 1209 Τὰ
905 1142 994 1208 εἰς
1037 1146 1149 1207 τ-οἶ
1193 1143 1354 1220 ὑπὲρ
1387 1142 1505 1206 δύο
1536 1144 1851 1223 ςυλλαβάς
1882 1143 2377 1223 παραληγόμενα
2419 1150 2493 1227 τῇ
2526 1148 2606 1206 effi
2638 1144 2970 1227 διφθόγγῳ
3000 1143 3173 1208 ἁπλᾶ

600 1246 759 1311 ὄντα
803 1244 1123 1327 ὀξύνεται,
1167 1243 1625 1327 τορνευτός,
1658 1246 2159 1327 ςτρατευτός,
2192 1245 2635 1325 βουλευτός.
2681 1246 2756 1309 τὸ
2789 1247 2861 1311 δὲ
2891 1245 3172 1323 ἀςτρά-

600 1368 677 1413 τε
693 1369 871 1414 υτος
915 1348 1235 1412 ςύνθετον.

503 1462 567 1512 10
767 1474 804 1510 ,τε
852 1450 945 1515 Τὰ
989 1449 1078 1514 εἰς
1122 1451 1240 1512 τὀἶ
1297 1449 1456 1527 ὑπὲρ
1512 1449 1629 1512 δύο
1687 1450 2001 1531 ςυλλαβὰς
2055 1450 2550 1529 παραληγόμενα
2600 1457 2678 1535 τῇ
2732 1453 2795 1514 ffi
2840 1450 3172 1536 διφθόγγω

601 1552 830 1617 ςπάνια
875 1551 1032 1617 ὄντα
1079 1550 1444 1633 βαρύνεται,
1489 1550 1815 1616 ἄλοιτος
1861 1552 1899 1615 ὁ
1943 1552 2160 1618 ἄδικος
2204 1553 2306 1616 καὶ
2349 1553 2587 1632 μιαρός.

766 1655 859 1719 Τὰ
936 1654 1040 1718 διὰ
1112 1657 1230 1718 τοῦ
1313 1672 1505 1719 ουτος
1573 1658 2117 1738 ,προπεριςπᾶται,
2190 1658 2693 1738 τηλικοῦτος,
2771 1659 3171 1738 τοιοῦτος,

597 1761 995 1822 τοςοῦτος.
2938 1836 2945 1841 ¹

764 1859 857 1923 Τὰ
901 1858 990 1923 εἰς
1036 1860 1152 1921 τῖς
1195 1858 1701 1940 ύπερδιςύλλαβα
1743 1866 1819 1944 τῇ
1865 1863 1945 1922 (Ἧι
1991 1859 2324 1944 διφθόγγψ
2354 1859 2850 1939 παραληγόμενα
2881 1879 3171 1938 προπαρ-

505 1972 562 2022 15
599 1961 922 2044 οξύνεται,
968 1960 1392 2043 ἄπαυςτος,
1437 1958 1902 2044 ἄθραυςτος,
1949 1960 2401 2026 ἄκλαυςτος.
2477 1961 2874 2041 ςεςημείωται
2921 1962 3170 2027 ἐνιαυ-

595 2063 728 2127 τός
772 2052 1182 2143 ὀξυνόμενον.

763 2167 857 2231 Τὰ
910 2165 999 2232 εἰς
1041 2169 1174 2245 ῷος
1217 2164 1560 2246 διςύλλαβα
1601 2166 1784 2245 κύρια
1827 2167 1866 2244 ἢ
1897 2166 2330 2245 προςηγορικὰ
2362 2166 2725 2248 βαρύνεται,
2772 2167 2827 2230 εἰ
2857 2168 2939 2247 μὴ
2968 2188 3166 2245 παρα-

596 2268 780 2347 λήγοι
824 2274 917 2351 τῶ
961 2271 999 2331 ῡ
1045 2271 1265 2350 βραχεῖ
1288 2269 1536 2332 τοπικὰ
1579 2268 1618 2346 ἢ
1663 2267 1752 2333 εἰς
1794 2268 1870 2332 τὸ
1918 2272 1984 2351 λ,
2028 2268 2308 2348 Πάφος
2352 2268 2538 2333 πόλις
2588 2269 2866 2353 Κύπρου,
2917 2270 3166 2349 τάφος

594 2372 696 2435 καὶ
739 2371 1007 2450 Τάφος
1058 2370 1245 2435 πόλις
1306 2370 1772 2454 Κεφαλληνίας,
1841 2374 1959 2435 νῦν
2016 2372 2087 2435 δὲ
2143 2370 2523 2450 Ταφιοῦςςα.
2579 2405 2589 2416 -
2625 2372 2664 2435 Γ
2675 2372 2919 2453 όμφοι
2984 2372 3164 2435 πόλις

492 2480 561 2532 20
596 2472 936 2538 Θεςςαλίας
988 2474 1092 2537 καὶ
1144 2474 1220 2537 τὸ
1277 2472 1528 2537 ἐθνικὸν
1584 2473 1845 2555 ὅμοιον,
1902 2472 2159 2553 (όφος
2214 2472 2290 2536 τὸ
2344 2473 2598 2556 κύριον,
2656 2473 2898 2553 ςοφός
2954 2475 3025 2538 δὲ
3089 2473 3162 2536 τὸ

596 2576 920 2658 ἐπίθετον,
965 2573 1219 2654 ὄρφος
1265 2579 1526 2657 κοινῶς,
1572 2574 1838 2654 ὀρφῶς
1883 2575 1956 2638 δὲ
1986 2575 2293 2639 Ἀττικῶς.
2341 2574 2625 2657 λόφος,
2670 2575 2963 2655 κε’κφος
2993 2573 3166 2639 εἶδος

727 2731 761 2781 l.
798 2734 830 2782 2
877 2730 1082 2780 inserui
1125 2726 1275 2783 λάζω
1311 2727 1395 2780 τὸ.
1442 2755 1508 2765 -
1554 2728 1744 2784 Canon
1791 2730 1849 2778 in
1894 2729 1995 2795 Ep.
2036 2729 2125 2784 Cr.
2164 2731 2191 2781 Ι
2239 2730 2464 2790 175,19
2511 2731 2589 2780 sie
2636 2732 2925 2780 statuitur:
2973 2729 3045 2782 τὰ
3091 2728 3168 2782 εἰ(

592 2805 724 2854 (τός
762 2797 1010 2864 λήγοντα
1050 2796 1356 2862 [ἑπιθετικὰ
1391 2796 1543 2848 ἁπλᾶ
1579 2796 1745 2862 adde]
1784 2797 1929 2862 ὑπὲρ
1974 2797 2074 2849 δύο
2112 2796 2380 2861 ςυλλαβὰς
2423 2796 2755 2863 [ὀξύνεται],
2805 2796 2854 2849 εἰ
2890 2798 2963 2862 μὴ
3002 2799 3168 2864 ὑπερ-

593 2867 784 2921 θετικὰ
819 2866 905 2932 εἴη
942 2865 1029 2917 διὰ
1063 2865 1133 2917 τὸ
1170 2864 1477 2929 κάλλιςτος,
1515 2864 1787 2929 τάχιςτος,
1827 2865 1961 2917 ὅθεν
1997 2866 2148 2932 παρὰ
2184 2866 2252 2916 τὸ
2289 2864 2513 2917 οἰκτίζω
2551 2864 2824 2918 οἰκτιςτός
2860 2865 3166 2930 ὀξυτόνως,

592 2936 660 2989 τὸ
710 2935 770 2987 δὲ
805 2934 1125 2986 «οἵκτιςτον
1170 2933 1238 2997 δὴ
1289 2932 1456 2984 ’κεῖνο
1502 2932 1615 2995 ἐγὼ
1661 2931 1826 2986 ἴδον»
1872 2935 2072 2997 (0(1.μ
2108 2937 2231 2998 258)
2275 2933 2646 2998 ὑπερθετικοῦ
2693 2933 2906 3000 εἴρηται
2950 2934 3164 3000 τρόπῳ.

596 3005 666 3057 τὸ
712 3004 941 3054 ἕκαςτος
995 3000 1290 3067 βαρύνεται
1335 3001 1369 3063 ἢ
1418 3001 1506 3052 ὅτι
1552 3000 1665 3064 ἔχει
1710 3001 1933 3053 ἔννοιαν
1977 3001 2347 3066 ύπερθετικοῠ
2404 3002 2438 3065 ἢ
2486 3002 2575 3053 ὅτι
2626 3001 2700 3053 τὰ
2743 3003 3165 3066 ἐπιμεριζόμενα

594 3073 779 3125 πάντα
818 3069 1141 3136 βαρύνεται,
1180 3069 1433 3132 ἕκαςτος,
1474 3067 1751 3134 ἑκάτερος.
1787 3099 1853 3105 —-
1891 3070 1960 3120 ‹le
1997 3069 2233 3121 ἄλαςτος
2280 3070 2543 3120 habemus
2580 3072 2680 3122 hoc
2716 3072 3161 3121 adnotamentum

593 3145 647 3191 in
687 3144 793 3205 Ep.
829 3140 918 3190 Cr.
959 3140 986 3189 I
1020 3141 1102 3201 61,
1141 3140 1233 3188 26:
1281 3136 1544 3188 ἄλαςτος;
1584 3136 1736 3202 παρὰ
1781 3137 1850 3189 τὸ
1887 3137 2007 3189 ἀλῶ
2054 3137 2123 3189 τὸ
2161 3139 2361 3189 πλανῶ
2400 3137 2542 3190 κατὰ
2586 3137 2930 3203 παραγωγὴν
2975 3136 3161 3190 ἀλάζω

594 3210 671 3260 ὡς
708 3207 829 3259 ἀνῶ
867 3204 1103 3268 ἀνιάζω,
1142 3204 1317 3256 ςκεδῶ
1355 3204 1598 3259 ςκεδάζω
1644 3205 1734 3256 καὶ
1771 3204 1853 3257 ὡς
1887 3204 2132 3259 ςκευάζω
2178 3204 2498 3269 ςκευαςτός,
2545 3206 2795 3270 χλευάζω
2842 3205 3163 3268 χλευαςτός,

592 3277 779 3329 οὕτως
824 3273 1011 3328 ἀλάζω
1058 3273 1309 3325 ἄλαςτος.
1380 3272 1523 3324 ἀλλὰ
1567 3275 1693 3324 πῶς
1740 3273 2241 3340 προπαροξύτονον
2286 3272 2740 3338 ἀναγινώςκομεν
2784 3285 2815 3324 «
2824 3273 3045 3340 Ἕκτωρ
3089 3274 3164 3339 μή

505 3357 512 3367 ·
594 3360 684 3409 μοι
721 3342 964 3396 ἄλαςτε»
1003 3341 1069 3408 (Χ
1105 3340 1245 3406 ⁶262).
1316 3340 1405 3391 καὶ
1443 3340 1517 3405 μή
1555 3356 1680 3393 πως
1717 3341 1795 3394 ὼς
1831 3341 2046 3407 ἄμητος
2092 3342 2181 3393 καὶ
2217 3340 2445 3406 ἀμητός.
2517 3341 2606 3395 καί
2651 3341 2783 3407 φαςί
2827 3357 2975 3394 τινες
3023 3342 3166 3394 κατὰ

593 3412 865 3475 ςυςτολὴν
901 3409 1151 3462 «πένθος
1188 3410 1472 3462 ἄλαςτον»
1511 3408 1579 3475 (Ω
1607 3411 1723 3472 105)
1763 3409 1915 3476 παρὰ
1950 3409 2019 3460 τὸ
2056 3409 2211 3475 λήθω
2249 3409 2483 3475 ἄλητος,
2530 3410 2653 3463 ἐπεὶ
2690 3415 2811 3462 τῶν
2848 3414 3038 3462 κακῶν
3075 3426 3164 3475 με-

593 3480 862 3611 53955332
883 3477 989 3598 {⁶05}
1027 3477 1377 3597 „2:333330
1402 3476 2226 3610 {zzerffiff-ffgfflffaezsssszffiz
2262 3479 2321 3597 ἐξ
2364 3477 2823 3613 ῗὲιὲἓξὲἓλζῖαξῗεῖ
2848 3478 2921 3598 ξέ
2954 3481 3165 3600 {QZ

593 3617 704 3668 ἔςτι
740 3615 801 3667 δὲ
838 3615 1132 3665 inserenda
1166 3612 1446 3678 videntur]
1487 3612 1728 3665 ἄλαςτον
1764 3613 1834 3665 τὸ
1871 3614 2148 3679 χαλεπόν,
2187 3613 2219 3665 ὃ
2255 3614 2358 3666 οὐκ
2406 3615 2477 3666 ἂν
2512 3615 2663 3667 θέλοι
2706 3630 2791 3667 τις
2828 3615 3044 3679 λαβεῖν·
3081 3614 3166 3666 ἵν’

592 3687 624 3751 ῇ
664 3683 814 3748 παρὰ
849 3682 917 3734 τὸ
955 3680 1105 3736 λάΖω
1151 3681 1220 3734 τὸ
1267 3681 1532 3745 λαμβάνω
1569 3682 1702 3732 «καὶ
1745 3681 1878 3745 ἡνία
1922 3681 2119 3736 λάζετο
2164 3682 2387 3748 χερςίν»
2434 3682 2496 3749 (Ε
2533 3684 2684 3748 365),
2733 3700 2876 3750 qnae
2923 3690 3165 3734 extrema

593 3754 894 3810 sententia,
943 3756 1005 3800 ut
1050 3768 1116 3802 ex
1161 3751 1394 3801 Arcadio
1447 3751 1844 3831 intellegimus,
1890 3752 2251 3802 Herodianea
2308 3758 2418 3816 est,
2475 3754 2570 3803 sed
2625 3753 2792 3802 etiam
2846 3752 3058 3817 reliqua
3100 3768 3163 3800 ex

592 3821 782 3872 eodem
806 3823 1032 3870 auctore
1061 3822 1235 3884 petita
1259 3818 1537 3882 videntur,
1577 3822 1670 3884 qui
1695 3819 1946 3870 diversas
1970 3821 2306 3870 diversorum
2331 3821 2617 3886 opiniones
2642 3821 2976 3872 contendere
3002 3821 3161 3871 solet.

721 3890 754 3939 1.
780 3892 811 3940 ὅ
849 3887 1079 3938 eundem
1106 3903 1370 3938 canonem
1394 3888 1602 3937 habent
1626 3886 1823 3937 Choer.
1848 3890 1947 3954 Ep.
1974 3890 2031 3937 in
2054 3888 2259 3942 Psalm.
2286 3893 2402 3955 133,
2431 3893 2479 3951 3,
2516 3889 2619 3941 An.
2646 3890 2749 3938 Ox.
2774 3890 2829 3939 ΙΙ
2854 3891 3047 3951 367,1.

593 3959 624 4009 1.
656 3961 718 4009 10
752 3958 896 4007 hune
921 3973 1184 4006 canonem
1219 3956 1349 4005 finxi
1387 3960 1608 4021 propter
1640 3953 1862 4007 ἄλοιτος
1896 3973 1984 4021 ap.
2011 3957 2259 4022 Theogn.
2286 3960 2368 4020 76,
2392 3960 2441 4021 2,
2479 3957 2622 4022 quod
2657 3963 2742 4006 est
2778 3959 2948 4007 etiam
2981 3958 3038 4006 in
3063 3957 3163 4021 Ep.

591 4027 680 4076 Cr.
709 4027 733 4075 1
767 4029 930 4084 79,1.
1041 4025 1167 4079 l.12
1205 4040 1303 4090 pro
1327 4021 1812 4088 προπαροξύνεται
1837 4026 2516 4090 εοτίρείπροπεριςπᾶται.
2628 4026 2663 4075 l.
2704 4028 2764 4075 17
2802 4026 2937 4076 Lob.
2974 4026 3163 4076 Rhem.

589 4097 688 4146 278
714 4099 838 4160 post
862 4091 1023 4162 κύρια
1047 4094 1216 4145 inseri
1238 4092 1359 4142 vult
1381 4092 1416 4155 ἢ
1442 4090 1664 4155 τοπικὰ,
1686 4109 1874 4143 vocem
1897 4092 2101 4144 τοπικὰ
2127 4095 2293 4144 hinc
2276 4111 2335 4144 m
2358 4098 2677 4160 sequentem
2702 4110 2920 4144 versum
2939 4099 3063 4159 post
3087 4090 3163 4142 εἰς

589 4178 658 4230 τὸ
691 4165 727 4231 λ
764 4180 1092 4229 translatam
1132 4194 1254 4228 esse
1281 4178 1621 4228 existimans.
1687 4178 1752 4227 In
1790 4177 1879 4227 Cr.
1905 4179 2005 4229 An.
2031 4180 2131 4229 Ox.
2168 4179 2193 4228 1
2229 4182 2328 4230 372
2365 4186 2420 4229 et
2456 4181 2555 4230 385
2592 4178 2684 4242 (cf.
2710 4180 2810 4229 An.
2835 4179 2892 4230 11
2916 4182 3038 4238 372,
3078 4177 3160 4242 11)

591 4265 766 4298 canon
798 4250 879 4298 sie
905 4251 1201 4313 conceptus
1226 4250 1337 4297 est:
1374 4243 1446 4296 τὰ
1477 4242 1556 4297 εἰς
1579 4248 1694 4309 W
1717 4245 2013 4308 διςύλλαβα
2043 4246 2203 4312 κύρια
2238 4246 2272 4310 ἢ
2308 4246 2682 4313 προςηγορικὰ
2717 4246 3080 4312 βαρύνονται,
3115 4243 3163 4322 εξ
3244 4275 3263 4295 .

571 4321 664 4396 ’μὴ
700 4331 815 4395 ἔχοι
848 4330 918 4382 τὸ
952 4334 986 4381 ῦ
1021 4331 1133 4396 πρὸ
1164 4334 1269 4383 τοῦ
1304 4329 1503 4383 τέλους
1537 4329 1977 4394 ςυνεςταλμένον
2019 4329 2360 4397 ςημαίνοντα
2391 4332 2633 4396 τοπικὴν
2677 4331 2901 4384 ἔννοιαν
2933 4332 2969 4396 ἢ
3016 4331 3095 4383 εἰς
3130 4332 3163 4382 λ

589 4399 908 4465 καταλήγει,
934 4402 1030 4450 ubi
1055 4401 1365 4451 Lobeckius
1390 4398 1565 4465 cu‹p6c
1589 4400 1957 4466 significatum
1982 4416 2103 4451 esse
2128 4403 2386 4466 opinatus
2410 4402 2683 4466 corrigere
2706 4400 2826 4452 vult
2850 4400 2885 4464 ἢ
2911 4399 3166 4465 ςημαίνοκ

588 4468 829 4532 τοπικὴν
856 4468 1103 4530 ἔννοιαν;
1130 4470 1229 4519 sed
1255 4468 1507 4534 equidem
1531 4470 1770 4520 arbitror
1790 4469 1961 4521 verba
1985 4485 2122 4520 sana
2145 4484 2269 4520 esse
2295 4475 2352 4519 et
2376 4469 2652 4533 pertinere
2679 4469 2751 4519 ad
2775 4477 3064 4533 utrumque
3088 4469 3160 4518 ab

587 4538 821 4587 Arcadio
867 4540 1203 4603 propositum
1238 4535 1453 4601 κρυφό(
1498 4536 1790 4599 (latebrae)
1837 4535 2129 4600 οῐιςυφόες
2167 4542 2333 4602 atque
2382 4537 2481 4586 hoc
2513 4538 2889 4588 Herodianum
2922 4536 3160 4587 voluisse

590 4606 870 4655 existimo:
908 4608 1130 4656 nomina
1163 4605 1436 4669 bissyllaba
1471 4607 1530 4656 in
1562 4608 1672 4669 ’φ-ος
1710 4607 1931 4671 propria
1958 4611 2013 4655 et
2038 4605 2375 4671 appellativa
2399 4611 2728 4669 gravantur,
2767 4609 3036 4656 acuuntur
3068 4617 3159 4654 το-

590 4671 749 4736 πικά,
791 4690 927 4738 quae
963 4676 1128 4724 breve
1165 4675 1198 4723 i}
1236 4679 1367 4723 ante
1404 4675 1842 4724 terminationem
1868 4675 2101 4737 habent,
2139 4671 2379 4737 κρυφόε,
2418 4671 2620 4737 (υφός,
2658 4674 2756 4724 sed
2793 4691 2859 4724 ex
2895 4675 2980 4724 his
3018 4671 3158 4722 loea-

594 4740 737 4790 libus
773 4747 1071 4807 exceptas
1047 4747 1172 4793 eunt
1209 4743 1420 4791 urbium
1457 4744 1680 4792 nomina
1713 4744 1748 4792 ὖ
1794 4741 2088 4807 praefinita
2133 4741 2288 4790 volut
2327 4739 2513 4804 Κύφος
2559 4749 2726 4807 atque
2773 4743 2852 4793 sic
2896 4756 3159 4792 canonem

593 4810 888 4869 constitui,
934 4807 1139 4861 τοπικὰ
1183 4825 1390 4874 ponens
1435 4816 1560 4876 post
1595 4813 1678 4875 τῷ
1715 4815 1748 4861 ῡ
1786 4814 1990 4874 βραχεῖ.
2027 4837 2091 4845 —
2127 4807 2330 4871 Πάφος
2367 4810 2580 4874 explevi
2619 4827 2685 4860 ex
2724 4810 2803 4860 St.
2842 4812 2932 4873 Β.,
2968 4810 3159 4858 urbem

593 4874 785 4939 Τάφος
823 4847 1012 4927 addidi
1047 4894 1113 4926 ex
1150 4877 1338 4942 Steph
1378 4879 1529 4943 Byz.‚
1578 4879 1709 4928 item
1753 4877 1989 4943 Γόμφοι,
2038 4877 2215 4942 λ’όφο(
2252 4894 2318 4927 ex
2356 4878 2447 4928 Cr.
2482 4879 2583 4943 Ep.
2623 4881 2650 4929 Ι
2686 4881 2812 4942 385,
2850 4877 3057 4940 κὲκφο(
3092 4902 3160 4912 -
