3664 5546
1516 430 1932 485 PRAEFATIO.
2843 432 3016 487 XCIII

447 595 547 658 καὶ
591 581 747 659 ἄνευ
789 596 906 658 τοῦ
949 595 988 657 ὓ
1032 592 1211 657 Mon.
1240 592 1355 673 46,
1401 592 1523 660 ἔξω
1567 593 1689 657 hoc
1730 590 2067 656 intellectu
2109 590 2250 655 iure
2280 585 2652 655 Herodiano
2684 585 3019 655 abiudioat

445 693 755 758 Lehrsius
801 694 1048 758 Herod.
1094 717 1158 781 p.
1208 692 1340 773 XI,
1397 694 1789 759 contrarium
1837 695 1991 774 μετά
2034 691 2358 779 reperitur
2401 715 2455 756 e.
2503 715 2566 777 g.
2614 714 2719 779 ap.
2766 692 2861 756 Io.
2907 691 3015 756 Al.

446 796 547 877 34,
600 798 630 858 1
683 797 817 863 αἰὲν
864 800 1056 877 χωρὶς
1098 802 1214 862 τοῦ
1259 801 1296 860 ν
1340 798 1443 862 καὶ
1487 799 1641 876 μετὰ
1685 801 1801 861 τοῦ
1845 800 1881 861 ν
1929 797 2195 873 λέγεται.

612 897 1041 984 Diplasiasmi
1106 899 1363 962 nomine
1417 897 1831 962 Herodianus
1897 905 1964 961 et
2030 893 2425 982 syllabarum
2492 893 3014 982 duplicationem,

375 1053 378 1056 ,
449 999 530 1063 de
574 1022 705 1086 qua
747 1001 876 1065 iam
921 1022 1121 1085 supra
1165 999 1336 1081 dixi,
1383 1009 1448 1065 et
1491 1020 1921 1065 consonarum
1974 997 2475 1081 geminationem
2528 1008 2740 1062 vocat:
2799 996 2879 1061 E.
2925 996 3015 1060 M.

446 1101 592 1182 620,
623 1101 704 1165 :26
748 1102 867 1168 ὄκα
908 1102 947 1180 ἡ
994 1103 1348 1178 διάλεκτος,
1396 1102 1534 1167 εἶτα
1575 1103 2022 1168 διπλαςιάςαςα
2066 1101 2224 1165 ὅκκα
2263 1137 2350 1147 -
2394 1098 2618 1185 steph.
2650 1098 2723 1164 B.
2757 1099 2902 1180 210,
2940 1099 3016 1162 18

450 1203 512 1268 οἱ
554 1205 902 1284 Περραιβοὶ
943 1205 1191 1270 Αἰολεῖς
1236 1203 1421 1270 ὄντες
1475 1206 1788 1281 ἐδίπλουνι
1836 1205 1913 1267 τὰ
1961 1204 2271 1284 ςύμφωνα
2312 1237 2399 1248 -
2440 1205 2785 1267 καλοῦντες
2828 1203 3017 1267 πόλιν

450 1306 690 1371 Γόννον
738 1308 842 1371 διὰ
888 1308 1007 1371 δύο
1053 1312 1153 1391 ἧν,
1199 1304 1277 1370 Il.
1310 1306 1418 1370 Pr.
1450 1308 1494 1371 Ε
1521 1305 1606 1368 20
1652 1287 1870 1371 Νικίαὲ
1908 1306 2109 1383 ἄδδην
2156 1305 2260 1368 διὰ
2305 1305 2425 1368 δύο
2465 1291 2546 1368 bf>
2591 1305 2858 1387 γράφει,
2903 1302 3018 1366 sed

448 1408 640 1470 etiam
684 1408 983 1472 latiorem
1027 1405 1387 1494 pleonasmi
1429 1419 1657 1472 vocem
1701 1405 1974 1470 adhibet
2017 1405 2097 1469 E.
2127 1404 2219 1467 M.
2250 1405 2402 1485 344,
2453 1407 2483 1468 1
2533 1405 2714 1485 ἔννη;
2761 1410 2878 1470 τοῦ
2923 1412 3018 1471 νῶ

447 1513 870 1588 παρατατικὸς
913 1510 1082 1576 ἔνων
1127 1510 1275 1589 ἔνη(
1320 1510 1432 1590 ἔνη
1476 1512 1579 1574 καὶ
1619 1513 2001 1593 πλεοναςμῷ
2045 1512 2162 1572 τοῦ
2206 1510 2245 1570 ἢ
2291 1506 2475 1590 ἔννη,
2523 1507 2602 1571 Ε.
2632 1507 2718 1572 Μ.
2749 1507 2905 1586 659,
2936 1505 3018 1569 48

448 1612 977 1692 Πελοπόννηςος;
1026 1612 1287 1678 δύναται
1331 1615 1435 1676 καὶ
1474 1617 1667 1677 τοῦτο
1712 1615 2092 1694 πλεοναεμῷ
2137 1609 2307 1688 ἔχειν
2352 1612 2426 1675 τὸ
2472 1614 2542 1693 ν,
2599 1609 2713 1673 sed
2756 1608 2871 1673 ubi
2916 1629 3016 1671 ac·

448 1712 740 1776 curatius
802 1712 1123 1799 loquitur,
1188 1713 1536 1798 distinguit
1600 1709 2217 1798 anadiplasiasmum
2273 1732 2313 1774 a
2375 1708 2750 1797 pleonasmo
2804 1709 2884 1773 E.
2929 1710 3020 1774 M.

446 1813 593 1896 582,
640 1815 723 1879 43
769 1816 1084 1881 οὐδέποτε
1130 1817 1193 1881 οἱ
1234 1817 1482 1882 Αἰολεῖς
1537 1816 1641 1879 ἐπὶ
1692 1819 1809 1879 τοῦ
1865 1817 2272 1895 πλεοναςμοῦ
2325 1819 2441 1877 τοῦ
2495 1816 2518 1877 ῑ
2568 1813 3020 1879 ἀναδιπλαςιά-

449 1922 621 1983 Ζουςι
685 1919 764 1981 τὰ
829 1901 1152 2000 ςύμφωνα.
1261 1916 1638 1981 Contrariae
1695 1915 2048 2001 passionis,
2116 1936 2311 2001 quam
2377 1913 2575 1998 vulgo
2638 1912 3017 2001 parellipsin

448 2028 714 2099 vocant,
758 2020 1095 2106 proprium
1139 2040 1374 2084 nomen
1417 2016 1594 2104 apud
1637 2016 2086 2080 Herodianum
2131 2037 2259 2080 non
2305 2016 2647 2101 reperitur.

613 2118 980 2184 Pleonasmi
1036 2130 1101 2185 et
1160 2120 1461 2207 ellipseos
1516 2119 1866 2204 generibus
1929 2129 1995 2183 et
2050 2117 2455 2199 nominibUS,
2521 2117 2758 2205 quibus
2820 2117 3018 2202 signi·

447 2221 756 2302 ficantur,
820 2223 1043 2287 relatis
1111 2222 1197 2287 ad
1272 2222 1598 2286 diaeresin
1663 2230 1729 2284 et
1794 2219 2172 2306 synaeresin
2247 2223 2622 2285 transimus.
2729 2220 3017 2286 Vocibus

447 2323 762 2388 diaeresis
821 2323 1093 2410 dialysis
1135 2325 1583 2409 *diastasisque
1637 2321 2049 2385 Herodianus
2106 2323 2470 2407 promiscue
2527 2324 2730 2387 utitur
2783 2323 2870 2386 ad
2924 2325 3017 2386 in-

448 2425 799 2490 dicandum
844 2425 1166 2492 vocabula
1219 2449 1351 2490 non
1407 2427 1530 2506 ὑφ’
1576 2426 1675 2507 ἕν,
1734 2424 2254 2510 sed.separatim
2311 2424 2797 2508 pronuncianda
2842 2447 3014 2506 esse3

448 2529 590 2613 pari
656 2528 848 2594 modo
916 2527 1074 2592 haee
1138 2528 1365 2593 eadem
1429 2525 1754 2591 vocabula
1818 2526 1958 2589 sine
2010 2522 2138 2588 ullo
2195 2524 2565 2590 discrimine
2624 2525 2893 2592 adhibet
2944 2537 3019 2590 ut

448 2629 770 2714 significet
815 2628 1289 2716 diphthongum
1317 2614 1448 2694 ‘aut
1490 2628 1752 2713 longam
1784 2624 2073 2692 vocalem
2118 2627 2188 2689 in
2233 2626 2395 2690 duas
2441 2626 2702 2692 vocales
2747 2625 3019 2692 dissolvi

446 2753 653 2818 neque
699 2731 1137 2814 discriminat,
1181 2744 1401 2797 utrum
1456 2728 1652 2816 longa
1693 2726 1939 2795 vocalis
1996 2732 2062 2792 in
2121 2727 2282 2793 duas
2336 2725 2601 2795 breves'
2630 2730 3019 2796 dissocietur

447 2856 531 2898 an
573 2833 806 2918 longae
848 2832 1064 2899 vocali
1120 2834 1339 2900 brevis
1401 2843 1677 2918 cognata
1732 2833 1873 2897 sive
1926 2831 2323 2917 praefigatur
2376 2835 2516 2898 sive
2572 2833 3017 2898 subnectatur.

449 2936 634 3016 Quae
695 2945 1024 3021 postrema
1066 2934 1395 3023 dialyseos
1441 2936 1686 3022 species
1732 2957 1771 2997 a
1816 2933 2285 2998 recentioribus
2332 2932 2669 3000 distractio
2701 2934 3013 3020 (Zerdeh-

446 3037 654 3121 nung)
699 3049 934 3101 vocata
988 3037 1072 3101 ad
1116 3038 1483 3124 parectasin
1527 3038 1747 3124 potius
1792 3058 1987 3122 quam
2031 3035 2115 3099 ad
2160 3035 2482 3100 diaeresin
2535 3037 2843 3123 pertinet,
2901 3037 3017 3102 sed

448 3139 534 3203 ab
587 3137 964 3203 Herodiano
1019 3136 1169 3202 huic
1222 3139 1513 3226 passioni
1568 3139 1906 3223 assignata
1965 3150 2093 3204 est:
2139 3136 2236 3201 -Il.
2293 3137 2400 3202 Pr.
2452 3140 2501 3203 N
2557 3138 2681 3204 543
2747 3143 2920 3222 ἥφθη
2977 3143 3015 3220 ἢ

448 3241 635 3320 εἵφθη
689 3276 776 3288 -
829 3242 986 3306 κατὰ
1030 3243 1326 3320 διαίρεςιν
1380 3243 1625 3320 ἐγίνετο
1681 3242 1921 3323 ἑάφθη,
1977 3241 2033 3305 Ξ
2077 3239 2203 3303 340
2245 3241 2319 3305 τὸ
2366 3242 2511 3307 ἕαδε
2557 3242 2848 3321 διαίρεςίς
2892 3245 3016 3309 ἐςτι

447 3346 566 3406 τοῦ
610 3341 754 3426 ἣδε,
799 3343 849 3408 Λ
892 3342 1014 3407 297
1060 3345 1322 3423 ὑπεραέϊ
1367 3345 1456 3409 ὡς
1499 3344 1737 3425 εύςεβέῑ
1778 3344 1936 3407 κατὰ
1980 3343 2311 3408 διάςταςιν.
2384 3342 2459 3408 Il.
2489 3344 2599 3407 Pr.
2630 3346 2674 3409 Ε
2700 3344 2826 3408 256
2870 3346 3017 3411 ἔθος

447 3444 623 3526 αὐτῷ
680 3444 800 3530 (sc.
857 3443 1169 3529 Homero)
1211 3447 1304 3510 τὰ
1356 3449 1468 3524 τῆς
1522 3446 1821 3523 δευτέρας
1877 3445 2163 3521 ςυζυγίας
2216 3447 2374 3510 κατὰ
2429 3447 2504 3510 τὸ
2560 3448 2862 3527 δεύτερον
2916 3450 3018 3512 καὶ

447 3545 662 3623 τρίτον
704 3547 1052 3624 πρόςωπον
1097 3547 1405 3612 πολλάκις
1451 3548 1731 3612 διαλύειν
1789 3546 1877 3611 εἰς
1922 3546 2042 3610 δύο
2088 3550 2202 3631 iiii,
2260 3547 2352 3611 ὧν
2407 3550 2483 3613 τὸ
2538 3550 2652 3628 μὲν
2697 3550 3015 3629 πρότερον

449 3648 950 3727 ςυνεςταλμένον
1007 3648 1161 3732 ἐςτί,
1216 3649 1292 3713 τὸ
1348 3651 1419 3713 δὲ
1473 3650 1776 3727 δεύτερον
1843 3650 2257 3729 ἐκτεταμένον
2310 3686 2396 3697 -
2451 3650 2604 3734 ὸρᾷς
2658 3651 2887 3736 ὁράᾳς,
2942 3652 3016 3734 ἐᾷ

447 3746 584 3830 ἐάᾳ.
670 3746 747 3811 Il.
794 3747 901 3812 Pr.
962 3751 1014 3814 Θ
1066 3749 1189 3814 557
1255 3752 1574 3829 πρώονεςε
1642 3751 1718 3816 τὸ
1783 3757 2036 3829 πρῶνες
2101 3752 2372 3836 διῃρέθη.
2423 3768 2513 3799 ·-
2566 3751 2911 3815 Diaeresin
2977 3773 3039 3814 a·

445 3836 820 3932 pleonasmo
866 3872 940 3915 eo
983 3849 1358 3915 distinctum
1404 3873 1546 3915 esse
1592 3851 1777 3933 dicit,
1823 3851 1998 3938 quod
2043 3852 2454 3939 pleonasmus
2502 3865 2837 3937 accentum
2882 3876 3014 3917 ser-

449 3962 595 4030 vat,
643 3948 956 4016 diaeresis
1002 3974 1130 4016 non
1159 3951 1345 4017 item:
1394 3952 1608 4037 Epim.
1643 3953 1751 4017 Or.
1784 3952 1818 4017 I
1847 3953 1995 4035 425,
2026 3955 2066 4018 3
2111 3957 2321 4037 φόωςε
2367 3957 2772 4035 πλεοναςμὸν
2817 3957 3013 4021 ἔπαθε

447 4053 523 4116 τὸ
567 4054 750 4131 φόως
794 4055 832 4132 ἢ
878 4055 1202 4134 διαίρεςιν;
1249 4057 1351 4120 καὶ
1393 4054 1450 4120 τί
1494 4057 1780 4135 διαφέρει
1839 4056 2129 4135 διαίρεςις
2184 4061 2618 4138 πλεοναςμοῦ;
2674 4056 2771 4123 ὅτι
2817 4058 2853 4121 ὸ
2900 4061 3013 4139 μὲν

447 4156 848 4235 πλεοναςμὸς
891 4159 1007 4222 τὸν
1052 4157 1290 4222 οἰκεῖον
1321 4157 1515 4221 τόνον
1546 4158 1885 4240 φυλάττει,
1932 4158 2121 4237 ὥρων
2151 4158 2405 4242 ἑώρων,
2450 4159 2685 4238 ἥνδανε
2716 4160 3015 4239 ἑήνδανε*

446 4257 523 4319 τὸ
568 4258 639 4321 δὲ
683 4258 896 4341 φόως,
942 4259 1157 4338 ἐπειδὴ
1202 4260 1318 4325 τὸν
1363 4259 1603 4324 οἰκεῖον
1644 4260 1842 4324 τόνον
1889 4260 2007 4324 οὐκ
2048 4260 2396 4345 ἐφύλαξεν,
2442 4263 2740 4340 δηλονότι
2785 4264 3013 4341 διαίρε-

448 4378 545 4423 ςιν
576 4357 845 4441 ἔπαθεν,
890 4382 1083 4446 quem
1113 4358 1327 4423 locum
1355 4357 1718 4425 Herodiani
1748 4381 1890 4425 esse
1922 4360 2324 4426 demonstrat
2351 4361 2431 4425 E.
2462 4362 2552 4426 M.
2584 4363 2729 4445 614,
2761 4364 2845 4427 34
2874 4364 3010 4429 ὅου.

613 4458 706 4524 Ut
749 4460 1071 4526 vocabula
1113 4461 1426 4526 diaeresis
1483 4460 1756 4548 dialysis
1815 4461 2123 4526 diastasis
2178 4463 2540 4549 promiscue
2594 4475 3011 4551 usurpantur,

448 4561 543 4623 sic
609 4582 800 4625 voces
866 4562 1257 4628 contrariam
1309 4564 1679 4649 passionem
1735 4562 2117 4630 denotantes
2171 4564 2343 4630 inter
2397 4588 2467 4630 se
2520 4568 3007 4652 permiscentur.

446 4661 801 4726 Latissime
842 4673 1023 4748 patet
1066 4664 1471 4749 significatus
1517 4664 1819 4730 vocabuli
1865 4665 2323 4753 synaloephes,
2380 4666 2553 4755 quod
2607 4678 2673 4732 et
2726 4667 2807 4732 de
2860 4691 3009 4734 con-

446 4763 763 4827 tractione
817 4763 1060 4829 Aread.
1110 4767 1258 4847 103,
1304 4766 1344 4829 6
1398 4767 1476 4830 τὰ
1529 4768 1617 4832 εἰς
1659 4772 1697 4845 ἦ
1755 4772 2259 4849 ςυναληλιμμένα
2314 4774 2685 4849 περιςπᾶται
2745 4774 3012 4837 λεοντέα

450 4869 707 4945 λεοντῆ;
752 4866 864 4948 96,
910 4868 950 4932 3
992 4870 1067 4933 τὸ
1113 4872 1412 4947 τεχνῆςςα
1454 4868 1584 4934 ἀπὸ
1627 4874 1744 4934 τοῦ
1786 4873 2127 4951 τεχνήεςςα
2180 4875 2336 4938 κατὰ
2382 4874 2776 4952 ςυναλοιφήν
2820 4882 2886 4937 et
2930 4874 3013 4939 de
