3664 5546
626 365 745 430 166
1552 360 1634 416 ΕΚ
1672 359 1812 414 ΤΩΝ
1854 358 2262 414 ΗΡΩΔΙΑΝΟΥ

1245 653 1424 719 ΠΕΡΙ
1471 651 1631 719 ΤΩΝ
1689 651 1801 717 ΕΙ(
1845 673 1994 735 μος,
2051 673 2199 736 νος,
2252 660 2393 736 ξος,
2448 673 2589 717 πος.

1727 839 2000 894 ΒΙΒΛΙΟΝ
2036 833 2097 895 Ζ’.

790 1014 886 1079 Τὰ
929 1013 1018 1078 εἰς
1072 1017 1191 1092 μοῖ
1245 1012 1484 1092 ἔχοντα
1537 1012 1666 1092 πρὸ
1721 1016 1840 1078 τοῦ
1893 1016 1936 1092 ᾗ
1987 1013 2063 1077 τὸ
2119 1016 2159 1089 ‘f
2214 1011 2505 1079 ὀξύνεται
2553 1011 2987 1091 προςηγορικὰ
3031 1009 3212 1092 ὄντα,

624 1116 949 1197 νυγμός,
1006 1115 1395 1197 φραγμός,
1449 1113 1722 1198 ἀγμός,
1780 1114 2119 1198 ψυγμός,
2165 1114 2487 1197 λυγμός,
2534 1113 2870 1194 ῥωγμός·
2957 1112 3070 1179 εἰςὶ
3112 1113 3215 1177 καὶ

563 1229 596 1278 5
627 1217 954 1297 Ῥωγμοί
1004 1217 1273 1283 Κιλικίας
1315 1217 1630 1299 ἐπίνειον,
1675 1216 2022 1296 δραγμός
2065 1218 2169 1281 καὶ
2211 1216 2582 1296 Δραγμός
2625 1217 2812 1282 πόλις
2846 1215 3084 1296 Κρήτης
3122 1216 3214 1280 ὡς

626 1320 876 1386 Ξενίων
921 1319 992 1384 ἑν
1036 1323 1174 1385 τοῖς
1222 1319 1579 1402 Κρητικοῖς,
1623 1319 2032 1402 τιναγμός,
2077 1318 2563 1402 ἀλαλαγμός,
2610 1318 2985 1402 ύλαγμός,
3033 1322 3213 1383 διω-

625 1423 847 1506 γμός,
912 1420 1249 1500 παιγμός
1303 1421 1772 1503 ἐμπαιγμός,
1838 1420 2234 1501 κηρυγμός
2300 1420 2805 1501 ἐκκηρυγμός.
2881 1423 3215 1485 κυνυλα-

624 1547 665 1602 γ
679 1525 817 1604 μός
861 1523 1036 1602 παρὰ
1082 1522 1437 1606 (τηςιχόρῳ
1483 1521 1908 1601 «ἀπειρεςίοιο
1941 1514 2436 1603 κυνυλαγμοῑο».
2493 1524 2596 1587 καὶ
2639 1523 2815 1601 παρὰ
2846 1529 2938 1607 τῷ
2983 1527 3216 1605 ποιητῇ

584 1637 589 1644 ’
628 1626 808 1691 «ἐπεί
866 1645 974 1691 κεν
1019 1625 1307 1704 ὑλαγμὸν
1353 1623 1628 1708 ἀκούςῃ»
1687 1624 1772 1707 (Φ
1826 1624 1980 1706 575)
2025 1624 2424 1705 Ἀρίςταρχός
2487 1625 2663 1690 τινάς
2729 1645 2880 1705 φηςι
2941 1624 3217 1705 γράφειν

533 1737 594 1788 10
628 1728 1062 1822 κυνυλαγμόν·
1152 1725 1325 1791 οὕτω
1371 1729 1472 1791 καὶ
1514 1726 1905 1806 Ζηνόδοτος.
1980 1727 2102 1807 οὐχ
2147 1727 2281 1806 ὁρῶ
2339 1728 2410 1792 δέ
2453 1748 2511 1791 τι
2556 1728 2759 1792 πλέον
2804 1726 2875 1791 ἐκ
2915 1729 3029 1803 τῆς
3073 1746 3217 1790 ςυν-

629 1832 887 1896 θέςεως·
945 1828 983 1894 ὁ
1026 1829 1149 1908 γὰρ
1194 1828 1473 1908 ὑλαγμός
1516 1831 1619 1894 καὶ
1661 1830 1856 1908 χωρὶς
1908 1834 2027 1894 τοῦ
2071 1832 2470 1908 προςκεῖςθαι
2514 1830 2591 1894 τὸ
2632 1829 2841 1908 ὄνομα
2896 1827 3069 1893 ἰδίως
3113 1827 3220 1893 ἐπὶ

628 1938 758 1999 τῶν
803 1936 1019 1997 κυνῶν
1064 1929 1362 1998 ἀκούεται
1409 1932 1498 1996 ὡς
1543 1930 1583 1995 ὁ
1628 1933 2036 2011 χρεμετιςμὸς
2090 1932 2196 1996 ἐπὶ
2248 1936 2380 1997 τῶν
2432 1931 2668 1996 ἵππων.
2756 1931 2969 1996 ἄλλως
3024 1950 3092 1995 τε
3135 1930 3217 1994 τὰ
3293 1971 3306 1985 -

631 2035 717 2101 εἰς
771 2036 939 2112 γμοᾱ
987 2032 1294 2113 ῥηματικὰ
1334 2033 1505 2111 μετὰ
1561 2034 1926 2112 προθέςεως
1979 2033 2226 2114 πέφυκε
2282 2034 2664 2100 ςυντίθεςθαι
2713 2037 2826 2111 τῆς
2868 2033 3064 2111 αὐτῆς
3106 2032 3219 2097 τά-

631 2158 789 2202 ςεως
833 2135 1172 2218 μενούςης,
1230 2135 1370 2215 μετ’
1414 2134 1620 2200 ἄλλου
1675 2137 1746 2201 δὲ
1792 2134 2063 2201 οὐδενός
2076 2183 2094 2217 ,
2150 2136 2253 2199 καὶ
2294 2138 2369 2201 τὸ
2416 2134 2699 2216 ύλαγμός
2756 2134 2876 2200 οὖν
2921 2134 3098 2213 παρὰ
3138 2136 3218 2199 τὸ

534 2246 595 2296 15
633 2240 882 2305 ὑλάςςω
922 2237 1201 2314 γεγονὸς
1246 2236 1327 2302 οὐ
1374 2237 1808 2317 ςυντεθήςεται
1855 2238 1993 2317 μετ’
2037 2236 2243 2302 ἄλλου
2289 2239 2521 2318 μέρους
2568 2237 2785 2315 λόγου.
2875 2237 3219 2315 ςύνδεςμος

633 2340 753 2406 οὖν
798 2339 962 2405 ἐςτιν
1009 2338 1047 2403 ὁ
1092 2339 1219 2404 κε’ν.
1294 2339 1696 2419 ςεςημείωται
1739 2339 1815 2403 τὸ
1862 2338 2106 2418 ὄγμος
2150 2339 2189 2417 ἡ
2234 2340 2403 2406 τάξις
2450 2341 2907 2420 βαρυνόμενον.
2975 2340 3102 2404 ἔςτι
3147 2340 3220 2404 δὲ

631 2446 848 2510 κανων
893 2443 932 2507 ὁ
977 2442 1214 2518 λέγων·
1258 2441 1337 2505 τὰ
1382 2441 1471 2506 εἰς
1512 2444 1595 2505 ο“ς
1640 2441 1923 2520 λήγοντα
1967 2442 2310 2522 διςύλλαβα
2353 2444 2675 2521 μονογενῆ
2721 2441 3045 2522 ἀρχόμενα
3087 2440 3220 2506 ἀπὸ

632 2550 750 2612 τοῦ
796 2549 835 2610 ὃ
879 2546 983 2611 καὶ
1027 2543 1263 2622 ἔχοντα
1306 2543 1427 2607 δύο
1472 2544 1784 2624 ςύμφωνα
1826 2545 1866 2622 ἢ
1913 2543 2184 2608 πλείονα
2215 2545 2588 2624 βαρύνεςθαι
2631 2545 2799 2609 θέλει
2831 2542 2976 2609 οἷον
3008 2543 3223 2626 ὄκνος,

633 2648 905 2729 ὄμβρος,
951 2646 1179 2727 ὄρρος,
1224 2643 1444 2728 ὄςςος,
1498 2644 1737 2724 Ὅρθος
1791 2647 1869 2711 τὸ
1914 2645 2297 2730 μονογενές,
2353 2645 2595 2730 ὄρφος,
2642 2645 2816 2711 οὕτω
2859 2648 2963 2712 καὶ
3004 2646 3224 2727 ὄγμος.

522 2757 602 2827 ,20
636 2752 738 2816 καὶ
780 2750 857 2815 τὸ
901 2747 1210 2827 Ῥίγμος
1254 2745 1335 2812 οὐ
1379 2748 1852 2827 προςηγορικὸν
1899 2747 1988 2815 εἰς
2031 2748 2314 2829 ἰδιότητα
2360 2749 2713 2831 βαρύνεται.

803 2852 897 2918 Τὰ
942 2850 1031 2916 εἰς
1073 2852 1206 2929 ’μόῖ
1261 2851 1389 2929 πρὸ
1445 2854 1563 2915 τοῦ
1616 2853 1658 2929 fi
1703 2836 1740 2915 ὃ
1796 2850 2034 2930 ἔχοντα
2088 2850 2378 2920 ὀξύνεται
2433 2852 2869 2932 προςηγορικὰ
2924 2851 3083 2918 ὄντα
3094 2901 3113 2935 ,
3169 2852 3227 2916 εἰ

572 2998 575 3003 -
637 2956 709 3020 δὲ
765 2954 949 3033 κύρια
1013 2951 1142 3036 εἴη,
1212 2951 1563 3032 βαρύνεται.
1672 2950 1961 3019 ὀξύνεται
2030 2955 2103 3018 δὲ
2165 2957 2365 3019 ταῦτα
2424 2953 2754 3037 ἀρδμός,
2821 2954 3225 3037 ςκιαδμός,

638 3057 974 3138 βαρύνεται
1019 3056 1091 3120 δὲ
1132 3050 1715 3139 ταῦτα.Κὰδμος,
1764 3055 2081 3135 Κύδμος.

807 3157 900 3222 Τὰ
943 3157 1032 3223 εἰς
1076 3158 1195 3235 W
1249 3155 1485 3236 ἔχοντα
1527 3158 1657 3236 πρὸ
1711 3161 1829 3222 τοῦ
1874 3160 1915 3236 [ι
1956 3145 1994 3222 ὃ
2039 3159 2078 3236 ἢ
2125 3162 2162 3237 5<
2208 3157 2532 3242 ὀξύνεται,
2580 3159 2899 3242 βαθμός,
2943 3158 3226 3238 ἰςθμός.

536 3269 602 3319 ⁶25
639 3263 917 3325 καλεῖται
976 3262 1049 3326 δὲ
1103 3260 1206 3324 καὶ
1259 3259 1491 3339 Ἰςθμός
1554 3259 1593 3337 ἡ
1640 3259 2149 3344 Ἁλικαρναςςός,
2205 3263 2317 3339 τῆς
2366 3260 2594 3339 Καρίας
2649 3261 2851 3325 πόλις.
2938 3259 3066 3325 ἔςτι
3124 3261 3228 3324 καὶ

644 3362 954 3441 Κορίνθου
999 3361 1247 3441 Ἰςθμός.
1336 3361 1462 3426 ἔςτι
1521 3364 1593 3426 δὲ
1647 3364 1749 3426 καὶ
1791 3361 2020 3443 ῥίςθμός
2077 3362 2297 3427 ςτενὸς
2340 3362 2573 3444 τόπος,
2634 3363 2721 3427 δι’
2769 3360 2848 3426 οὗ
2903 3362 3105 3427 ἵενται
3146 3362 3228 3426 τὰ

641 3464 972 3542 ἑςθιόμενα
1025 3465 1126 3528 καὶ
1181 3462 1495 3543 πινόμενα
1537 3465 1576 3542 ἢ
1604 3465 1798 3543 ,παρὰ
1853 3466 1928 3529 τὸ
1984 3463 2143 3529 ἰέναι
2188 3464 2304 3543 τὴν
2350 3465 2578 3544 πνοήν.
2667 3464 3031 3548 ςταθμός,
3087 3464 3226 3529 αὐ-

643 3566 862 3649 χμός,
907 3564 1321 3647 μηνιθμός,
1373 3566 1755 3650 πορθμός,
1814 3565 2231 3648 ςκαρθμός,
2291 3565 2614 3650 ἰωχμός,
2670 3565 3054 3649 πλοχμός,
3098 3566 3227 3631 εἴτε

650 3724 715 3731 -..-
736 3726 747 3729 -
760 3724 919 3729 -ffl—
938 3722 1050 3729 ---—---·

780 3823 817 3875 l.
853 3826 887 3873 4
920 3820 1097 3887 ἀγμός
1133 3850 1198 3857 -
1235 3820 1444 3884 λυγμός
1483 3827 1612 3873 sunt
1645 3839 1710 3873 ex
1745 3822 1814 3873 ΙΙ.
1850 3822 1938 3872 Pr.
1974 3820 2025 3875 Υ
2061 3825 2187 3874 485:
2227 3820 2449 3886 Ῥίγμον
2488 3821 2567 3875 ὡς
2602 3820 2805 3887 ὅρμον,
2845 3820 2923 3876 εἰς
2961 3820 3229 3888 ἰδιότητα.

641 3890 713 3944 τὰ
747 3891 854 3956 γὰρ
890 3888 969 3943 εἰς
1003 3894 1142 3952 W
1183 3888 1433 3955 λήγοντα
1473 3888 1659 3942 πάντα
1708 3889 1987 3955 ὠξύνετο,
2024 3889 2227 3954 ἀγμός,
2265 3890 2514 3955 ψυγμός,
2562 3889 2787 3955 λυγμός.
2857 3891 3010 3943 δοκεῖ
3052 3891 3114 3943 δὲ
3159 3890 3229 3942 τὸ

644 3976 819 4040 ὄγμος
855 3975 1206 4027 ἀντικεῖςθαι.
1252 4002 1317 4010 -
1364 3973 1590 4038 ῥωγμός
1637 3991 1703 4026 ex
1749 3977 1817 4027 Il.
1853 3975 1943 4025 Pr.
1980 3974 2027 4027 Ψ
2061 3976 2189 4026 4⁶20:
2243 3974 2586 4041 Ἡρωδιανὸς
2631 3974 2694 4027 ἑν
2729 3979 2800 4042 τῇ
2847 3976 2986 4042 ἀρχῇ
3035 3979 3138 4028 τοῦ
3185 3970 3232 4030 ζ’

643 4045 731 4097 διὰ
765 4047 869 4096 τοὺ
907 4047 942 4107 Y·
977 4044 1112 4109 φηςὶ
1148 4042 1390 4108 ῥωγμός.
1426 4071 1493 4079 -
1526 4042 1771 4107 δραγμός
1818 4048 1876 4093 et
1911 4041 2176 4107 Δραγμός
2211 4059 2276 4094 ex
2313 4046 2393 4099 St.
2430 4046 2493 4095 B.
2531 4045 2657 4106 238,
2695 4045 2752 4100 6.
2799 4046 2946 4095 unde
2993 4054 3232 4110 apparet

646 4114 894 4179 propria,
934 4113 1134 4178 quibus
1169 4112 1573 4179 appellativum
1608 4112 1795 4174 adest,
1834 4111 2022 4162 horum
2058 4117 2343 4162 accentum
2379 4114 2638 4163 retinere.
2688 4112 2928 4175 παιγμός
2965 4140 3030 4148 -
3068 4128 3231 4166 κυνυ-

645 4181 856 4244 λαγμός
895 4196 1016 4232 eum
1052 4181 1148 4245 iis,
1186 4196 1327 4247 quae
1364 4180 1431 4231 de
1467 4180 1591 4231 loco
1628 4180 1922 4230 Homerico
1958 4179 2241 4241 dicuntur,
2280 4197 2347 4230 ex
2383 4180 2449 4231 11.
2486 4181 2575 4230 Pr.
2613 4178 2662 4232 Φ
2700 4183 2801 4232 575
2837 4181 2940 4231 huc
2975 4181 3163 4232 retuli.

646 4249 683 4301 1.
714 4252 776 4301 16
813 4250 1227 4300 excusationem
1253 4249 1454 4299 variati
1490 4254 1753 4299 accentus
1789 4249 1847 4297 in
1884 4246 2058 4309 ὄγμος
2095 4249 2328 4313 apposui
2353 4264 2420 4298 ex
2457 4248 2521 4300 Il.
2549 4249 2638 4299 Pr.
2665 4248 2708 4300 Λ
2734 4251 2800 4301 68
2827 4249 2994 4299 verba
3031 4247 3143 4299 ἔςτι
3168 4249 3231 4301 δὲ

646 4316 838 4369 κανὼν
875 4317 907 4368 ό
944 4315 1130 4379 λέγων
1167 4318 1287 4383 ipse
1323 4316 1605 4382 supplene;
1648 4317 1703 4365 in
1740 4314 1851 4365 fine
1887 4311 1965 4366 εἰς
2003 4311 2256 4380 ἰδιότητα
2294 4315 2591 4381 βαρύνεται
2628 4315 2814 4367 addidi
2850 4333 2916 4367 ox
2954 4317 3016 4369 ΙΙ.
3055 4318 3144 4368 Pr.
3181 4316 3232 4370 Υ

646 4389 764 4437 485.
867 4387 904 4440 l.
930 4388 997 4436 23
1037 4384 1252 4450 Κάδμος
1290 4384 1545 4446 ποταμός
1582 4400 1670 4449 ap.
1699 4385 1777 4433 St.
1802 4384 1866 4433 B.
1905 4390 2379 4443 commemoratur,
2419 4385 2511 4435 ubi
2550 4382 2764 4447 Κύδμος
2800 4401 2868 4435 ex
2904 4385 3006 4437 hoc
3040 4391 3232 4436 nostro

643 4455 762 4505 loco
802 4454 1147 4505 scribendum
1184 4469 1307 4505 esee
1338 4454 1649 4519 suspicatur
1674 4451 1936 4502 Schmidt.
2043 4451 2077 4503 1.
2104 4454 2171 4502 24
2208 4450 2396 4516 ἰςθμός
2434 4452 2652 4517 explevi
2688 4469 2754 4503 ex
2779 4454 2858 4502 St.
2885 4456 2948 4504 B.
2983 4460 3041 4505 et
3067 4455 3130 4504 E.
3157 4456 3231 4504 M.

645 4525 764 4584 664,
792 4525 817 4572 1
844 4523 960 4573 ubi:
999 4518 1188 4585 ἰςθμός
1215 4520 1328 4573 ἑςτι
1354 4546 1419 4557 —-
1443 4518 1645 4585 πνοήν.
1694 4518 1881 4570 οὕτως
1908 4517 2262 4584 Ἡρωδιανὸς.
2289 4549 2353 4556 -
2380 4520 2652 4586 μηνιθμός
2681 4520 2930 4586 πορθμός
2955 4521 3232 4586 ςκαρθμός

647 4596 775 4641 sunt
812 4606 878 4640 ex
912 4590 1173 4643 Eustath.
1209 4591 1326 4649 582,
1366 4591 1453 4640 16:
1491 4588 1750 4640 ὀξύνεται
1785 4587 1818 4639 ὁ
1845 4586 2086 4650 ςταθμός
2113 4588 2307 4640 κανόνι
2332 4588 2595 4655 τοιούτῳ.
2641 4588 2714 4640 τὰ
2749 4587 2830 4641 εἰς
2853 4592 2955 4650 μοξ
2980 4588 3232 4655 λήγοντα

649 4674 853 4739 ἔχοντα
880 4674 992 4739 πρὸ
1016 4676 1120 4726 τοῦ
1145 4676 1186 4736 ἰἱ
1208 4674 1279 4726 τὸ
1304 4676 1338 4726 Θ
1361 4673 1646 4735 ὀξύνεται,
1676 4672 2002 4737 μημνιθμός,
2032 4673 2303 4737 πορθμός,
2330 4673 2622 4738 ςκαρθμός,
2652 4670 2855 4737 ἰςθμός.
2890 4671 2960 4726 τὸ
2986 4675 3232 4738 κρῆθμος

650 4742 830 4806 οἱμὲν
865 4745 968 4796 τοῦ
1000 4740 1246 4807 Ὀμήρου
1281 4740 1767 4806 ὑπομνηματιςταὶ
1803 4738 2132 4806 βαρύνεςθαί
2168 4755 2335 4806 φαςιν
2374 4740 2451 4794 εἰς
2487 4740 2752 4807 ἰδιότητα.
2801 4741 2863 4794 ἐν
2897 4740 2959 4794 δὲ
2983 4745 3102 4793 τοῖς
3139 4741 3234 4793 ἀν-

649 4809 941 4877 τιγράφοις
976 4813 1081 4863 τοῦ
1120 4808 1484 4874 Λυκόφρονος
1522 4809 1610 4860 καὶ
1655 4808 1798 4861 αὐτὸ
1846 4808 2131 4874 ὀξύνεται,
2177 4811 2322 4861 undo
2365 4812 2422 4860 in
2468 4810 2572 4861 fine
2620 4827 2717 4876 pro
2753 4807 3116 4876 ςεςημείωται
3160 4810 3232 4862 τὸ

653 4878 878 4946 κρίθμος
915 4878 1300 4945 βαρυνόμενον
1336 4880 1495 4944 posui
1537 4877 1606 4929 τὸ
1643 4876 1704 4929 δὲ
1749 4874 1976 4942 κρίθμος
2032 4875 2109 4930 εἰς
2157 4876 2408 4945 ἰδιότητα
2454 4877 2765 4944 βαρύνεται.
2809 4906 2875 4915 —
2919 4876 3129 4943 ίωχμός
3165 4907 3234 4915 -
