3664 5546
607 380 738 444 440
1549 378 1631 432 ΕΚ
1669 378 1810 431 ΤΩΝ
1850 376 2262 431 ΗΡΩΔΙΑΝΟΥ

608 552 907 633 ταλήγοι,
966 549 1335 632 βαρύνεται,
1391 549 1630 632 ἄρδω,
1686 548 1899 613 ἄλδω
1954 550 2032 614 τὸ
2089 548 2279 615 αὔξω.
2366 551 2446 615 τὸ
2500 549 2719 629 μέντοι
2771 548 3025 640 ἀλδήςω
3071 547 3208 613 ἀπὸ

609 653 1115 732 περισπωμένου
1143 649 1372 745 τοῦ-ἐι-
1362 654 1398 715 λ
1412 655 1448 715 δ
1466 656 1518 715 ῶ
1564 651 1841 728 ἐγένετο.

780 754 874 819 Τὰ
919 755 1023 819 διὰ
1063 757 1183 819 τοῦ
1238 760 1373 819 αθω
1436 753 1946 833 ὑπερδιςύλλαβα
2001 753 2373 837 βαρύνεται,
2432 752 2485 817 εἰ
2542 754 2624 832 μὴ
2682 753 3203 833 προκατάρχοιτο

612 848 853 940 ὄνομα,
910 856 1073 936 ὅπερ
1117 857 1275 921 κατὰ
1317 858 1565 935 τροπὴν
1608 859 1727 920 τοῦ
1769 856 1999 920 τέλους
2043 854 2132 920 εἰς
2178 858 2231 919 ὦ
2275 853 2531 933 ἐποίηςε
2587 856 2664 920 τὸ
2712 853 2907 938 ῥῆμα,
2962 854 3209 920 κιάθω

538 970 571 1019 5
615 961 690 1024 τὸ
735 958 1124 1040 πορεύομαι,
1170 957 1539 1038 ἀμυνὰθω
1583 957 1660 1022 τὸ
1707 962 1957 1040 βοηθῶ,
2005 957 2364 1022 διωκάθω
2409 957 2486 1021 τὸ
2532 956 2778 1037 διώκω,
2835 956 3209 1040 εἰργὰθω,

614 1060 912 1125 εἰκάθω.
1010 1061 1086 1125 τὸ
1152 1061 1368 1140 μέντοι
1435 1063 1849 1140 φιλομαθῶ
1917 1060 2020 1122 καὶ
2084 1059 2438 1125 εὐςταθῶ
2498 1061 2958 1136 περιςπῶνται·
3044 1060 3209 1138 παρ’

616 1160 827 1242 ὄνομα
869 1162 1009 1239 γάρ.
1095 1162 1171 1225 τὸ
1218 1163 1289 1226 δὲ
1334 1167 1550 1239 μαθῶ
1597 1160 1854 1240 μαθήςω
1899 1159 2298 1241 διςύλλαβον.

784 1263 879 1327 Τὰ
942 1263 1048 1326 διὰ
1111 1266 1229 1327 τοῦ
1282 1249 1417 1329 ἷθῖι
1493 1262 1863 1345 βαρύνεται,
1931 1262 2210 1344 ςχέθω,
2281 1262 2464 1343 ἔθω,
2531 1261 2809 1345 ἐρὲθω,
2873 1261 3206 1346 ἀ»ερε’θω,

616 1364 918 1446 φαέθω,
975 1365 1368 1448 φλεγέθω,
1426 1364 1809 1446 ςπερὲθω,
1864 1363 2214 1447 νεμὲθω,
2257 1364 2636 1447 βρεμέθω,
2696 1363 2986 1446 ἀρὲθω,
3031 1385 3207 1443 χρε-

520 1475 583 1526 10
617 1466 851 1549 με’θω,
908 1466 1232 1550 τελέθω,
1289 1466 1662 1549 ἑγερέθω,
1731 1465 2007 1547 ἐμὲθω,
2075 1464 2443 1543 ἀγερὲθω.
2529 1466 2605 1530 τὸ
2663 1467 2736 1530 δὲ
2785 1470 3086 1545 τηλεθῶ
3131 1468 3208 1531 τὸ

620 1568 709 1635 εἰς
754 1567 926 1649 ὕψος
970 1569 1097 1633 θέω
1143 1571 1533 1647 περιςπᾶται.
3243 1554 3256 1559 “

790 1694 828 1729 ει
872 1670 962 1734 Τὸ
1008 1668 1201 1733 αἴθω
1247 1669 1351 1733 ἐπὶ
1393 1674 1511 1734 τοῦ
1556 1670 1712 1733 καίω
1742 1669 1948 1749 μόνον
1993 1670 2100 1733 διὰ
2141 1673 2252 1747 τῆς
2297 1673 2361 1733 fii
2398 1669 2818 1749 γραφόμενον
2853 1671 3210 1750 βαρύνεται.

789 1771 883 1836 Τὰ
914 1771 1017 1836 διὰ
1046 1775 1163 1835 τοῦ
1192 1757 1328 1850 n-effi
1360 1772 1724 1851 βαρύνεται·
1756 1770 1811 1835 εἰ
1843 1771 1915 1836 δέ
1943 1793 2001 1835 τι
2025 1775 2422 1854 περιςπᾶται,
2452 1771 2584 1835 ἀπὸ
2616 1771 2934 1850 ὀνόματος
2957 1772 3215 1856 γε’γονε,

620 1874 917 1955 ἀλήθω,
962 1873 1252 1954 κνήθω,
1300 1874 1536 1955 λήθω,
1583 1874 1834 1955 πήθω,
1880 1872 1943 1939 ἐξ
1990 1872 2069 1936 οὗ
2099 1874 2202 1938 καὶ
2239 1873 2517 1955 ἔπαθον,
2562 1874 2863 1954 πλήθω,
2909 1876 3215 1956 πρήθω,

520 1983 585 2034 15
621 1977 863 2057 δήθω,
921 1975 984 2041 ἐξ
1041 1972 1120 2038 οὗ
1176 1976 1569 2052 παραγωγὸν
1614 1976 1689 2040 τὸ
1736 1975 2023 2057 δηθύνω,
2069 1976 2313 2057 μήθω,
2358 1975 2585 2053 νήθω.
2674 1975 2749 2038 τὸ
2796 1976 2868 2039 δὲ
2920 1979 3216 2057 βοηθῶ,

623 2075 836 2155 ἀηθῶ
880 2076 1040 2154 παρ’
1084 2074 1308 2155 ὄνομα.
1385 2076 1613 2155 ὅμοιον
1660 2076 1762 2140 καὶ
1804 2077 1880 2140 τὸ
1925 2081 2133 2154 γηθῶ
2176 2077 2431 2155 γηθήςω
2485 2076 2585 2140 καὶ
2627 2075 2786 2153 ἠθῶ
2833 2077 2908 2140 τὸ
2937 2077 3214 2143 διυλίζω.

790 2199 829 2235 x-
877 2177 968 2243 Τὸ
1015 2177 1250 2258 βρίθω
1294 2178 1635 2261 μόνονχτῷ
1680 2180 1714 2241 ἶ
1756 2178 2293 2257 παραληγόμενον
2342 2178 2694 2256 βαρύνεται.
2924 2206 2928 2210 ·

793 2279 889 2344 Τὰ
943 2278 1032 2343 εἰς
1088 2266 1232 2343 UOE
1299 2278 1669 2361 βαρύνεται,
1725 2279 2055 2363 μινύθω,
2110 2279 2501 2361 φθινύθω,
2570 2281 2900 2359 βαρύθω.
2997 2282 3073 2346 τὸ
3144 2282 3220 2346 δὲ

626 2383 838 2460 μυθῶ
883 2380 1015 2459 ἔχει
1059 2384 1275 2460 μῦθος.

524 2490 593 2540 20
797 2482 892 2546 Τὰ
947 2482 1035 2547 εἰς
1080 2470 1183 2547 ’θὐἶ
1219 2484 1363 2548 κατ’
1408 2483 1763 2561 ἐπιπλοκὴν
1810 2484 2162 2564 ςυμφώνου
2207 2482 2576 2564 βαρύνεται,
2633 2482 2688 2547 εἰ
2732 2485 2812 2562 μή
2857 2484 3221 2564 προκατάρ-

627 2604 809 2663 χοιτο
874 2583 1085 2663 ὄνομα
1138 2585 1177 2662 ἢ
1232 2590 1324 2668 τῷ
1380 2589 1421 2648 ὃ
1476 2585 1949 2667 παραλήγοιτο,
2016 2584 2255 2649 ἀῖςθω
2310 2585 2386 2648 τὸ
2443 2584 2693 2651 ἐκπνέω
2751 2585 2831 2649 «ὁ
2876 2585 2942 2649 δ’
2985 2585 3223 2666 ἔβραχε

628 2686 833 2766 θυμὸν
898 2685 1173 2752 ἀῖςθων»
1243 2681 1346 2767 (ΙΙ.
1404 2686 1470 2750 Π
1523 2684 1709 2767 468),
1776 2686 2110 2767 βιβᾶςθω
2175 2676 2423 2766 «μακρὰ
2486 2686 2842 2767 βιβάςθων»
2901 2686 2982 2768 (Ν
3016 2673 3224 2771 809),

630 3058 862 3107 γουςαν,
903 3042 1173 3108 κυλινδῶ,
1211 3041 1451 3106 ἀλινδῶ,
1489 3043 1749 3094 καλινδῶ.
1955 3044 1994 3097 l.
2031 3048 2057 3094 1
2098 3043 2366 3094 Arcadius
2410 3043 2581 3094 habet
2624 3043 2695 3094 τὸ
2733 3042 2923 3106 μέντοι
2957 3043 3112 3095 ἄλδω
3151 3045 3225 3097 τὸ

631 3111 784 3163 αὔξω
821 3110 937 3162 ἀπὸ
986 3109 1419 3175 περιςπωμένου
1462 3112 1566 3161 τοῦ
1613 3109 1767 3162 ἀλδῶ
1814 3109 2039 3176 ἀλδήςω
2086 3110 2343 3176 ἐγένετο,
2389 3113 2613 3162 Lascar.
2654 3114 2776 3172 169,
2812 3114 2904 3163 27:
2949 3109 3103 3163 ἄλδω
3151 3113 3224 3164 τὸ

630 3178 811 3242 αὔξω,
850 3177 882 3228 ὃ
921 3178 1010 3229 καὶ
1048 3181 1397 3244 περιςπᾶται.
1434 3179 1562 3229 hinc
1596 3180 1849 3241 exhibui,
1886 3195 2026 3245 quae
2064 3180 2275 3244 set-ipsi.
2461 3179 2495 3232 1.
2534 3183 2565 3230 5
2602 3176 2844 3242 είργάθω
2882 3176 3088 3231 εἰκάθω
3125 3181 3228 3230 ad-

630 3246 740 3298 ieci
777 3263 845 3295 ex
880 3247 983 3311 Ep.
1024 3247 1110 3297 Cr.
1151 3249 1179 3299 Ι
1216 3249 1338 3309 185,
1374 3248 1432 3297 8:
1480 3243 1542 3296 ἐκ
1585 3249 1689 3297 τοῦ
1727 3244 1899 3311 ἀείρω
1945 3247 2015 3298 τὸ
2063 3245 2280 3311 ἑπαίρω
2324 3244 2538 3310 γίνεται
2582 3243 2802 3310 ἀερέθω
2837 3275 2904 3283 —
2937 3246 3010 3298 τὰ
3056 3244 3134 3299 εἰς
3175 3252 3228 3299 su

633 3329 884 3395 λήγοντα
919 3329 1142 3395 ῥήματα
1211 3328 1485 3394 αρύτονα,
1526 3328 1574 3380 εἰ
1612 3329 1715 3393 μὲν
1752 3334 1936 3397 μακρᾷ
1970 3330 2383 3396 παραλήγεται,
2420 3329 2509 3382 διὰ
2535 3332 2646 3381 ’τοῦ
2680 3318 2806 3382 ἶθω
2860 3334 3077 3383 ποιοῠςι
3111 3332 3230 3396 τὴν

634 3395 1100 3463 παραλήγουςαν,
1139 3412 1170 3448 κ
1195 3411 1242 3447 ω
1281 3395 1485 3461 κιάθω,
1525 3396 1696 3463 εἶργω
1736 3396 2007 3463 εἰργάθω,
2047 3397 2184 3451 εἴκω
2221 3396 2452 3452 dudem·
2500 3395 2549 3450 εί
2585 3398 2646 3450 δὲ
2685 3395 2938 3465 βραχείᾳ,
2984 3398 3071 3450 διὰ
3115 3403 3227 3451 τοῦ

635 3473 777 3546 εθω,
833 3480 1031 3547 φλέγω
1078 3480 1371 3545 φλεγέθω,
1419 3481 1575 3546 νέμω
1621 3482 1860 3546 νεμέθω.
1938 3483 2010 3534 τὸ
2054 3482 2226 3547 ἀείρω
2283 3483 2374 3535 καὶ
2419 3480 2626 3547 ἀγείρω
2684 3483 2827 3534 κατὰ
2870 3484 3229 3548 παραγωγὴν

633 3567 913 3632 γενόμενα
950 3565 1167 3630 ἀερέθω
1204 3566 1297 3617 καὶ
1331 3564 1584 3631 ἀγερὲθω
1622 3565 1909 3630 ἀπέβαλον
1942 3568 2013 3620 τὸ
2050 3570 2099 3632 ἶ,
2141 3565 2240 3620 ἵνα
2278 3568 2352 3632 μὴ
2401 3567 2602 3633 εὑρεθῇ
2648 3566 2738 3620 διὰ
2771 3570 2875 3620 τοί)
2912 3571 3033 3620 αθω
3069 3567 3227 3630 γινό-

639 3649 778 3697 μενα
816 3636 1027 3698 μακρᾶς
1064 3631 1231 3699 οὔςης
1267 3637 1369 3699 τῆς
1407 3634 1855 3700 παραληγούςης.
1962 3636 2000 3685 l.
2026 3640 2058 3687 9
2095 3634 2349 3699 ςπερέθω
2386 3661 2454 3670 —-
2488 3634 2735 3699 ἑγερέθω
2774 3642 3127 3687 accesserunt
3154 3654 3230 3686 ex

634 3704 883 3768 Theogn.
911 3704 1023 3763 141,
1053 3704 1115 3752 14
1141 3702 1436 3766 emendata
1460 3720 1494 3752 a
1520 3704 1656 3754 Lob.
1678 3704 1867 3757 Rhem.
1887 3705 1952 3754 89
1977 3704 2048 3754 cf.
2076 3704 2148 3754 ad
2173 3705 2379 3754 Buttm.
2407 3704 2459 3752 11
2484 3705 2568 3765 62,
2592 3702 2776 3766 ἐμέθω
2801 3704 2903 3768 Ep.
2925 3706 3011 3755 Cr.
3031 3706 3058 3755 1
3082 3705 3169 3767 87,
3197 3708 3233 3755 4

635 3787 708 3839 τὰ
744 3785 833 3838 διὰ
856 3788 959 3837 τοί)
987 3787 1101 3838 εθω
1126 3784 1249 3852 ἄχρι
1275 3789 1661 3852 παρατατικοῠ
1688 3783 1938 3839 κλίνεται
1962 3784 2086 3839 οἷον
2111 3786 2290 3852 ἐρέθω
2316 3787 2385 3839 τὸ
2411 3785 2668 3852 ἐρεθίζω,
2706 3787 2997 3852 φλεγέθω,
3035 3787 3230 3850 ἑμέθω

635 3854 706 3906 τὸ
745 3853 879 3918 ἐμῶ.
925 3853 1178 3919 ἀγερέθω
1217 3871 1285 3905 ex
1322 3855 1423 3921 Ep.
1460 3855 1548 3904 Cr.
1587 3856 1612 3905 1
1650 3856 1766 3905 185.
1904 3855 1939 3906 l.
1979 3858 2039 3905 12
2076 3853 2222 3907 αἵθω
2257 3854 2452 3905 addidi
2488 3872 2556 3906 ex
2591 3855 2843 3921 Theogn.
2882 3859 3001 3918 141,
3043 3858 3122 3907 18.

635 3923 671 3973 l.
716 3926 780 3974 15
814 3921 971 3986 δήθω
1008 3950 1073 3959 —-
1109 3921 1267 3987 νήθω
1304 3923 1539 3988 apposui
1574 3937 1641 3972 ex
1675 3922 1922 3987 Theogn.
1962 3925 2085 3982 141,
2121 3926 2214 3984 203
2263 3923 2385 3987 ήθῶ
2433 3939 2500 3973 ex
2541 3938 2754 3990 panone
2800 3923 3232 3990 orthographiae

636 3993 694 4041 in
731 3991 833 4042 An.
869 3989 973 4040 Ox.
1011 3991 1065 4040 11
1102 3994 1221 4053 320,
1257 3992 1323 4040 28
1360 3991 1578 4055 βοηθῶ,
1625 3988 1749 4054 ἠθῶ
1785 3988 1857 4040 τὸ
1892 3988 2145 4053 διυλίζω,
2184 3989 2240 4042 ἐξ
2276 3989 2343 4042 οῦ
2382 3991 2472 4042 καί
2508 3989 2704 4054 ἠθμός.
2876 3991 2912 4041 l.
2953 3995 3013 4043 17
3051 3988 3231 4055 βρίθω

638 4060 875 4110 accessit
910 4076 976 4109 ex
1013 4058 1260 4124 Theogn.
1289 4062 1402 4121 141,
1439 4060 1520 4108 24.
1624 4056 1659 4106 1.
1690 4059 1750 4107 18
1787 4058 2014 4123 βαρύθω
2051 4060 2283 4124 apposui
2318 4075 2383 4110 ex
2420 4058 2666 4124 Theogn.
2692 4062 2809 4123 131,
2839 4061 2919 4110 34.
2959 4086 3024 4095 --
3062 4061 3230 4123 μυθῶ

640 4160 708 4194 ex
744 4145 808 4193 Ε.
845 4143 918 4192 Μ.
958 4145 1080 4202 122,
1119 4144 1210 4194 55:
1258 4141 1331 4201 τὰ
1367 4139 1445 4193 εἰς
1481 4145 1566 4193 θω
1611 4140 1836 4207 ῥήματα
1882 4141 2088 4205 ἔχοντα
2131 4142 2312 4206 ὄνομα
2358 4139 2848 4208 προϋποκείμενον
2894 4146 3233 4210 περιςπᾶται

638 4208 762 4263 οἷον
801 4211 977 4271 μυθῶ.
1146 4210 1183 4260 l.
1220 4213 1283 4260 21
1322 4208 1497 4262 ἀῑςθω
1535 4210 1781 4275 explevi,
1829 4208 2068 4273 βιβάςθω
2106 4210 2301 4262 addidi
2346 4227 2413 4261 ex
2449 4210 2513 4262 11.
2550 4211 2637 4260 Pr.
2678 4210 2719 4263 Ν
2757 4214 2883 4263 809:
2923 4210 3229 4275 βιβάςθωνῑ

638 4276 973 4342 Τυραννίων
1009 4281 1278 4344 περιςπᾷ,
1316 4276 1419 4340 οὐχ
1456 4277 1650 4340 ὑγιῶς·
1690 4278 1721 4329 ὁ
1757 4277 1864 4342 γὰρ
1900 4278 2187 4343 χαρακτὴρ
2225 4279 2452 4343 βαρεῖαν
2487 4276 2643 4329 τάςιν
2679 4277 2931 4344 ἀπαιτεῖ,
2969 4277 3084 4331 εἴτε
3110 4277 3232 4330 ἀπὸ

638 4349 741 4397 τοί)
781 4346 915 4409 βιβῶ
955 4343 1163 4408 βιβάθω
1198 4345 1508 4408 γενομένου
1543 4348 1646 4397 τοο
1683 4344 1962 4410 ῥήματος,
2002 4345 2549 4411 περιπλεονάςαντος
2593 4348 2698 4397 τοῦ
2734 4349 2792 4409 “ς“,
2832 4347 2911 4399 ὥς
2963 4361 3096 4412 φηςι
3133 4346 3234 4398 Φι-

639 4413 897 4476 λόξενος,
936 4411 1052 4464 εἴτε
1087 4411 1203 4464 ἀπὸ
1240 4413 1519 4475 ὀνόματος
1554 4416 1659 4466 τοῦ
1698 4413 1980 4479 βιβαςτός,
2018 4413 2321 4478 βιβάςθων,
2370 4413 2449 4466 ὡς
2494 4412 2681 4465 ἀϊςτός
2717 4413 2943 4466 ἀΐςθων.
3013 4412 3234 4477 γίνεται

638 4494 746 4560 γάρ
780 4510 908 4546 τινα
944 4495 1060 4547 ἀπὸ
1094 4499 1215 4547 τῶν
1253 4495 1333 4549 είς
1366 4503 1466 4550 τος
1512 4497 1657 4549 κατὰ
1693 4499 2013 4563 μεταβολὴν
2048 4502 2151 4550 τοῠ
2188 4498 2388 4551 τέλους
2426 4497 2504 4550 εἰς
2541 4502 2626 4551 θω
2665 4499 2946 4563 βαρύτονα
2983 4497 3233 4563 ῥήματα,

640 4563 871 4628 ἐγερτός
909 4562 1148 4628 ἐγέρθω,
1198 4564 1426 4630 ἐρεκτὸς
1473 4564 1717 4630 ἑρέχθω,
1765 4564 1954 4618 ἀῑςτός
1997 4565 2223 4618 ἀῑςθων.
2293 4566 2480 4618 οὕτως
2526 4567 2618 4619 καὶ
2663 4565 2816 4631 παρὰ
2859 4567 2929 4618 τὸ
2976 4567 3235 4630 βιβαςτός

643 4630 931 4695 βιβάςθων.
1003 4632 1384 4698 παραιτητέον
1426 4632 1488 4684 δὲ
1532 4634 1624 4685 καὶ
1670 4633 1807 4685 τοὺς
1861 4634 2167 4686 ὀξύνοντας
2213 4633 2292 4686 ὡς
2337 4633 2606 4699 δεύτερον
2657 4633 2931 4698 ἀόριςτον.
3010 4633 3055 4685 O
3102 4637 3236 4685 676:

644 4697 946 4762 βιβάςθων;
988 4699 1428 4766 βαρυτονητὲοψ
1474 4700 1675 4764 γέγονε
1711 4697 1773 4753 δὲ
1807 4701 1964 4767 ἤτοι,
2013 4701 2090 4753 ὥς
2137 4716 2270 4767 φηςι
2306 4701 2634 4766 Φιλόξενος,
2684 4701 2826 4754 κατὰ
2871 4701 3236 4764 πλεοναςμὸν

644 4768 747 4815 τοῦ
782 4769 817 4776 “
853 4765 888 4829 ἢ
926 4765 1070 4830 ὅπερ
1107 4768 1197 4818 καὶ
1235 4766 1482 4833 βέλτιον,
1537 4768 1690 4834 παρὰ
1733 4769 1803 4820 τὸ
1842 4769 2094 4833 βιβαςτός
2133 4769 2370 4834 βιβάςθω
2417 4768 2497 4821 ὡς
2532 4771 2623 4821 καὶ
2659 4768 2846 4822 ἀϊςτὸς
2885 4768 3008 4820 κατ’
3042 4768 3237 4821 ὀξεῖαν

644 4830 802 4884 τάςιν
847 4831 1058 4884 ἀῖςθων
1099 4834 1177 4886 «ὁ
1221 4835 1281 4886 δ’
1325 4835 1524 4901 ἔβραχε
1570 4836 1752 4901 θυμὸν
1797 4835 2064 4890 meeum.
2143 4837 2201 4890 Π
2235 4840 2361 4889 468:
2407 4836 2644 4890 ἀῑςθωνι
2693 4835 3105 4903 βαρυτονητέον
3150 4835 3237 4890 ὠς
