3664 5546
1136 403 1296 459 ΠΕΡΙ
1336 401 1728 459 ΚΑΘΟΛΙΚΗΕ
1762 401 2185 457 ΠΡΟΕΩιΔΙΑΕ
2226 402 2305 456 ΙΑ.
2891 399 3019 465 265

428 580 662 657 ’Ἀγρα
706 578 809 642 καὶ
849 576 1071 654 Ἄγραι
1117 574 1390 657 χωρίον,
1437 574 1660 640 ἑνικῶς
1704 574 1807 638 καὶ
1850 577 2304 653 πληθυντικῶς.
2393 573 2519 649 ἔςτι
2564 573 2635 637 δὲ
2679 574 2792 649 τῆς
2825 571 3015 636 Ἀττι-

431 685 543 759 κής
587 681 716 759 πρὸ
760 683 871 756 τῆς
914 679 1199 759 πόλεως,
1246 676 1316 741 ἐν
1363 678 1416 760 ᾧ
1463 677 1542 740 τὰ
1586 676 1773 756 μικρὰ
1818 676 2122 755 μυςτήρια
2166 676 2575 757 ἐπιτελεῖται,
2620 675 2858 754 μίμημα
2885 678 3017 738 τῶν

431 785 579 862 περὶ
619 783 737 847 τὸν
781 781 1140 862 Διόνυςον,
1190 780 1260 844 ἑν
1308 780 1361 862 ᾧ
1409 779 1662 853 λέγουςι
1706 778 1808 841 καὶ
1850 771 1982 841 τὸν
2013 776 2326 855 Ἡρακλέα
2369 779 2726 857 μεμυῆςθαι.
2796 774 3017 853 ἄκρα·

434 886 559 951 ἔςτι
605 885 707 949 καὶ
748 883 973 961 Ἄκρα
1017 881 1331 956 Ἰαπυγίας
1374 880 1560 945 πόλις
1590 879 1763 943 ’κατά
1805 896 1984 943 τινας
2027 878 2301 957 Ὑδροῦς
2348 878 2676 958 λεγομένη.
2765 877 2818 957 β’
2893 876 3019 941 ἔςτι

434 989 540 1052 καὶ
581 987 766 1065 ἑτέρα
811 985 882 1049 ἐν
927 984 1086 1067 αὑτῇ
1130 982 1368 1061 ἔχουςα
1412 972 1634 1061 λιμένα
1679 980 2066 1059 Βρεντέςιον.
2155 981 2282 1046 ἔςτι
2339 982 2410 1070 δὲ
2453 980 2732 1044 Ἰταλίας.
2819 979 2877 1054 γ’
2925 977 3019 1042 (1—
3055 990 3088 1041 5

433 1089 661 1155 κελίας.
747 1087 875 1152 ἔςτι
924 1084 1320 1164 (υρακοςίων
1375 1084 1607 1163 κτίςμα.
1697 1083 1751 1147 δ’
1796 1081 2077 1162 Εὐβοίας.
2167 1083 2224 1154 S‘
2282 1082 2557 1147 (κυθίας.
2645 1082 2696 1147 Z‘
2746 1081 3019 1159 Κύπρου.

434 1192 494 1271 η’
540 1189 968 1268 Ἀκαρνανίας.
1038 1187 1163 1252 ἔςτι
1208 1187 1311 1250 καὶ
1352 1185 1558 1263 πέραν
1603 1183 1910 1262 Τίγρητος
1953 1184 2163 1262 Ἄκρα.
2227 1184 2557 1262 Ἀρριανὸς
2599 1182 3020 1265 ἑκκαιδεκάτῃ.

435 1292 745 1370 Φλέγρα
787 1290 973 1354 πόλις
1018 1289 1299 1371 Θρᾴκης,
1356 1289 1436 1365 ἣν
1481 1286 1756 1353 Εὔδοξος
1811 1286 1968 1366 μετὰ
2021 1290 2219 1350 ταῦτα
2261 1286 2612 1364 Παλλήνην
2669 1286 2822 1364 φηςὶ
2875 1288 3021 1362 κλη-

436 1399 638 1472 θῆναι.
728 1392 971 1470 (έρρα
1015 1390 1413 1469 ἀκρωτήριον
1459 1389 1739 1470 Θρᾴκης,
1768 1389 1834 1452 ρὃ
1889 1389 1993 1452 καὶ
2036 1386 2332 1465 (έρρειον
2391 1387 2673 1469 λέγεται,
2738 1386 3022 1464 Κάρραι

435 1497 623 1560 πόλις
668 1492 1157 1572 Μεςοποταμίας
1201 1489 1333 1555 ἀπὸ
1382 1491 1594 1568 Καρρᾶ
1635 1492 1931 1569 ποταμοῦ
1976 1488 2214 1567 (υρίας.
2303 1487 2429 1553 ἔςτι
2482 1491 2586 1553 καὶ
2628 1489 2814 1553 πόλις
2857 1488 3023 1566 πρὸς
3067 1499 3127 1551 ιο

436 1605 513 1681 τῇ
559 1597 825 1678 Ἐρυθρᾷ
868 1594 1158 1677 θαλάςςῃ.
1230 1592 1460 1670 (ίρρα
1504 1591 1690 1656 πόλις
1735 1593 2001 1674 Θρᾴκης.
2077 1591 2466 1671 Θεόπομπος
2510 1591 2580 1655 έν
2625 1591 3022 1655 Φιλιππικῶν

439 1700 715 1781 εἰκοςτῷ.
820 1695 1121 1774 (κύδρα
1180 1694 1583 1771 Μακεδονικὴ
1638 1694 1840 1758 πόλις.
1940 1693 2201 1771 Τάρρα
2256 1693 2486 1758 Λυδίας
2540 1693 2741 1757 πόλις.
2840 1693 3026 1770 ἑτέρα

445 1801 716 1880 Κρήτης,
762 1799 832 1863 ἐν
877 1799 915 1881 ᾖ
960 1797 1278 1875 Ταρραῖος
1324 1796 1656 1883 Ἀπόλλων
1701 1799 1964 1876 τιμᾶται.
2055 1795 2180 1860 ἔςτι
2225 1797 2328 1861 καὶ
2370 1796 2533 1875 ἄλλη
2577 1795 2765 1859 πόλις
2808 1794 3026 1872 Τάρρα

439 1902 615 1981 παρὰ
669 1902 784 1966 τὸν
844 1899 1205 1980 Καύκαςον,
1266 1900 1524 1977 Κρητῶν
1591 1898 1875 1963 ἄποικος.
1965 1898 2031 1962 Ἀ
2048 1898 2320 1976 χέρραι
2381 1898 2568 1963 πόλις
2623 1897 2852 1977 μεταξὺ
2907 1899 3025 1959 τοῦ

439 2004 671 2068 Πάδου
725 2003 827 2065 καὶ
878 2006 1010 2065 τῶν
1054 2002 1367 2065 Ἄλπεων.
1465 2000 1835 2079 Ἀντίφρα
1890 2000 2229 2077 πολίχνιον
2287 1999 2760 2077 Ἀλεξανδρείας
2822 1999 3025 2075 ἐγγύς.
3065 2006 3128 2057 15

440 2105 829 2181 Γαλάδραι
882 2103 1069 2167 πόλις
1116 2102 1516 2166 Μακεδονίας
1571 2102 1642 2166 έν
1684 2101 1928 2184 Πιερίᾳ.
2019 2101 2379 2180 Λυκόφρων
2425 2102 2513 2181 (v.
2565 2100 2758 2181 1444)
2805 2104 3025 2178 «ςῆναι

441 2207 763 2284 Γαλὰδρας
806 2206 922 2270 τὸν
969 2205 1398 2283 ςτρατήλατον
1444 2204 1682 2269 λύκον»
1730 2203 1864 2268 ἀπὸ
1899 2203 2226 2281 Γαλάδρου
2269 2206 2387 2267 τοῦ
2429 2202 2732 2281 Ἡμαθίου
2779 2201 3025 2266 παιδός.

439 2310 501 2374 οἱ
560 2310 631 2373 δὲ
687 2307 784 2372 ὅτι
843 2306 881 2370 ὁ
940 2306 1262 2384 Γαλάδρας
1319 2306 1515 2370 ἔκτιςε
1570 2306 1685 2383 τὴν
1729 2306 1939 2370 πόλιν.
2032 2305 2457 2383 Γεράνθραι
2515 2303 2701 2368 πόλις
2746 2303 3025 2367 Λακωνι-

438 2414 567 2487 κῆς.
654 2408 1019 2474 Παυςανίας
1063 2408 1253 2490 τρίτῳ
1299 2408 1384 2487 (c.
1429 2405 1491 2485 2,
1537 2406 1623 2486 6).
1709 2406 2020 2485 Ἐχέτρα
2062 2406 2249 2470 πόλις
2293 2405 2566 2469 Ἰταλίας.
2645 2404 3029 2482 Κελαίθρα

441 2513 628 2575 πόλις
674 2510 996 2573 Βοιωτίας.
1068 2508 1472 2585 Φαλάκραι
1517 2506 1680 2584 ἄκρα
1722 2511 1835 2584 τῆς
1877 2508 2073 2588 Ἴδης,
2119 2507 2254 2585 ἥτις
2299 2508 2418 2571 οὐκ
2462 2507 2593 2586 ἔχει
2640 2512 2768 2572 ζῶν
2814 2506 3025 2582 φυτὸν
3062 2515 3130 2564 20

442 2615 547 2677 διὰ
589 2613 706 2689 τὴν
750 2611 936 2689 χιόνα
979 2610 1084 2673 καὶ
1124 2610 1240 2674 τὸν
1285 2610 1697 2690 κρύςταλλον,
1743 2608 1898 2672 ἀλλ’
1942 2609 2266 2687 έψίλωται.
2356 2609 2458 2673 καὶ
2512 2607 2723 2672 πάντα
2766 2608 2845 2671 τὰ
2889 2608 3028 2685 ἐψι-

442 2712 699 2793 λωμένα
743 2710 862 2790 ὄρη
907 2710 1165 2786 ἐλέγετο
1211 2710 1553 2789 Φαλάκραι.
1642 2710 2117 2789 Ἱππουάκρα
2160 2710 2347 2775 πόλις
2391 2709 2635 2791 Λιβύης.
2728 2708 3029 2773 (ωςάν-

444 2821 587 2893 δρα
629 2817 821 2891 νῆςος
864 2812 1011 2890 περὶ
1058 2812 1318 2891 Κρήτην.
1408 2813 1638 2891 ἐκλήθη
1684 2812 1788 2894 δέ,
1835 2811 2054 2891 ἐπειδή
2098 2832 2258 2876 ποτε
2304 2814 2407 2877 καὶ
2448 2812 2730 2877 Λυττίων
2776 2813 3027 2889 νύκτωρ

444 2916 851 2981 ἐπελθόντων
896 2920 971 2998 τῇ
1016 2914 1202 2977 πόλει
1248 2918 1542 2979 διαςῶςαι
1590 2915 1838 2990 λέγεται
1881 2916 2036 2979 τοὺς
2080 2914 2169 2980 εἰς
2214 2914 2414 2993 αὐτὴν
2460 2914 2802 2994 φυγόντας.
2883 2914 3027 2977 Χα-

445 3018 731 3095 λάςτρα
773 3016 960 3080 πόλις
1007 3016 1257 3098 Θρᾴκης
1313 3017 1459 3094 περὶ
1502 3017 1619 3081 τὸν
1666 3017 1989 3096 Θερμαῖον
2034 3015 2297 3080 κόλπον.
2386 3015 2711 3080 Ἑκαταῖος
2756 3015 3028 3098 Εὐρώπῃ
3065 3025 3132 3074 25

447 3118 559 3183 «ἐν
606 3118 672 3182 δ’
715 3116 891 3200 αὐτῷ
938 3118 1150 3197 Θέρμη
1195 3117 1382 3182 πόλις
1426 3117 1747 3198 Ἑλλήνων
1762 3168 1780 3200 ,
1827 3117 1898 3182 ἐν
1944 3119 2016 3182 δὲ
2063 3118 2391 3197 Χαλάςτρη
2437 3118 2626 3182 πόλις
2672 3117 2964 3196 Θρηίκων
2984 3143 3029 3179 ».

446 3220 802 3300 ὠνόμαςται
869 3220 939 3283 δὲ
1005 3218 1136 3284 ἀπὸ
1200 3219 1582 3299 Χαλάςτρης.
1670 3220 1797 3284 ἔςτι
1864 3220 1968 3284 καὶ
2032 3218 2213 3298 λίμνη
2279 3226 2355 3304 τῇ
2421 3219 2604 3283 πόλει
2669 3219 3028 3298 ὁμώνυμος.

446 3321 743 3401 (τράβων
788 3321 857 3383 δ’
901 3322 971 3387 ἐν
1016 3321 1251 3402 ἑβδόμῃ
1296 3323 1388 3405 (p.
1434 3320 1589 3403 330)
1636 3321 2038 3386 Μακεδονίας
2082 3321 2282 3399 αὐτὴν
2326 3324 2521 3386 καλεῖ.
2629 3321 3032 3401 ςεςημείωται

445 3425 520 3487 τὸ
567 3422 935 3501 Τάναγρα
979 3422 1163 3486 πόλις
1209 3423 1548 3506 Βοιωτίας,
1604 3409 1684 3502 ἢν
1728 3424 2014 3501 Ὅμηρος
2061 3423 2289 3499 Γραῖαν
2345 3426 2524 3487 καλεῖ
2578 3424 2682 3486 διὰ
2737 3423 2814 3487 τὸ
2871 3425 3030 3500 πλη-

447 3525 581 3589 ςίον
637 3523 802 3589 εἶναι
848 3525 932 3605 (Β
976 3522 1131 3608 498)
1192 3527 1293 3588 καὶ
1347 3526 1893 3602 ςκολόπενδρα
1949 3526 2569 3604 προπαροξυνόμενα
2621 3525 2726 3588 καὶ
2782 3523 3029 3588 ςυςτέλ-
3067 3531 3135 3585 30

450 3630 649 3691 λοντα
692 3628 768 3689 τὸ
813 3628 871 3688 ἃ.
957 3626 1033 3689 τὸ
1080 3627 1151 3690 δὲ
1195 3625 1528 3714 Ἐρυθρά,
1558 3627 1596 3705 ἡ
1642 3627 1919 3691 θάλαςςά
1975 3626 2139 3691 ἐςτιν
2185 3625 2554 3691 ἐπιθετικόν.
2645 3626 2769 3691 ἔςτι
2815 3626 2886 3690 δὲ
2930 3626 3033 3688 καὶ

449 3728 612 3805 ἄκρα
655 3726 921 3805 Ἐρυθρά
974 3730 1086 3802 τῆς
1130 3727 1374 3806 Λιβύης.
1467 3729 1558 3792 ὡς
1603 3727 2060 3808 Ἀρτεμίδωρος
2117 3728 2350 3810 ἑβδόμῃ
2405 3727 3029 3807 γεωγραφουμένων.

450 3831 553 3893 καὶ
596 3826 882 3907 Ἐρυθραί
926 3827 1112 3892 πόλις
1156 3827 1405 3893 Ἰώνων.
1493 3829 1815 3894 Ἑκαταῖος
1860 3829 2043 3914 Ἀςίᾳ.
2134 3830 2258 3895 ἔςτι
2302 3831 2406 3894 καὶ
2448 3828 2678 3909 Λιβύης
2723 3829 2885 3908 ἄλλη
2930 3828 3033 3891 καὶ

447 3930 608 4008 ἄλλη
654 3929 976 4007 Λοκρίδος.
1066 3930 1188 3994 ἔςτι
1234 3931 1336 3993 καὶ
1380 3930 1686 3995 Βοιωτίας
1729 3932 1830 3995 καὶ
1880 3931 2137 4009 Κύπρου
2182 3929 2344 4010 ἄλλη
2389 3931 2427 4009 ἡ
2473 3935 2591 3997 νῦν
2634 3930 2888 4009 Πάφος.
2954 3928 3031 3992 τὸ

448 4035 520 4097 δὲ
574 4032 875 4110 Φαίδρα
917 4032 1140 4110 κύριον
1186 4034 1669 4111 ςυνεξωμοιώθη
1713 4039 1805 4117 τῶ
1851 4032 2135 4111 Φαῖδρος
2180 4032 2517 4118 ἀρςενικῷ·
2585 4032 2892 4096 ώςαύτως
2935 4030 3037 4096 καὶ
3073 4040 3137 4091 35

449 4219 707 4286 Χαράδρα
744 4236 812 4270 ex
851 4220 930 4270 St.
967 4220 1046 4274 Β..
1083 4219 1228 4269 unde
1266 4219 1434 4268 etiam
1470 4219 1681 4284 reliqua
1717 4235 1894 4283 usque
1934 4218 2004 4269 ad
2041 4216 2347 4283 Χαλάςτρα.
2383 4247 2449 4254 -
2486 4216 2670 4283 (άτρα
2708 4218 2870 4270 πόλις
2899 4216 3036 4283 Κρή-

449 4303 551 4354 της
588 4288 623 4350 ἠ
664 4288 1137 4350 μετονομαςθεῖςα
1178 4285 1505 4351 Ἐλεύθερνα
1549 4288 1732 4351 omisi,
1781 4287 1926 4351 quod
1966 4303 2034 4336 ex
2071 4284 2273 4350 (αώρα
2308 4292 2622 4352 corruptum
2660 4287 2898 4337 videtur.

449 4357 485 4406 l.
523 4361 589 4407 30
626 4354 1087 4420 ςεςημειωμένοις
1125 4356 1194 4405 ab
1231 4356 1466 4404 Aroadio
1504 4361 1561 4404 et
1598 4355 1803 4407 Herod.
1843 4355 2034 4407 Dichr.
2073 4354 2302 4418 prolatis
2338 4352 2628 4418 Τάναγρα,
2668 4355 2809 4418 quod
2848 4371 2916 4404 ex
2954 4354 3036 4404 St.

452 4426 513 4476 B.
565 4425 811 4488 explevi,
861 4430 918 4473 et
964 4422 1348 4486 ςκολόπενδρα
1394 4439 1503 4472 non
1549 4438 1718 4472 ausus
1764 4438 1882 4472 sum
1928 4422 2131 4471 addere
2175 4438 2245 4472 ex
2290 4421 2371 4473 St.
2408 4424 2470 4471 B.
2518 4421 2831 4485 Ὀλόβαγρα
2875 4420 3036 4486 πόλις

454 4489 820 4542 Μακεδονίας.
910 4489 1193 4555 Θεαγένης
1249 4489 1312 4541 έν
1370 4489 1774 4541 Μακεδονικοῖς
1828 4488 2102 4539 vocabulo
2155 4487 2419 4554 Τάναγρα
2473 4490 2802 4539 simillimum
2858 4505 3036 4554 neque

453 4558 700 4624 Ἀκαρρα
746 4557 908 4610 πόλις
957 4558 1197 4621 Ἀχαΐας.
1278 4556 1511 4621 Βέλιτρα
1560 4557 1739 4609 πόλις
1770 4554 1998 4608 Ἰταλίας
2044 4555 2110 4608 οὐ
2158 4555 2376 4621 Ῥώμης
2421 4555 2731 4620 ἀπωτέρω,
2780 4555 2858 4607 ὥς
2905 4571 3037 4621 φηςι

456 4624 693 4688 Φλέγων
738 4624 1036 4688 ὀλυμπιάδι
1083 4618 1217 4690 ροδ’,
1259 4624 1603 4690 Ἀλάβαςτρα
1649 4630 1835 4676 autem
1880 4624 2043 4676 πόλις
2080 4623 2325 4689 Φρυγίας
2363 4625 2494 4683 (imo
2531 4623 2843 4688 Αἰγύπτου)
2882 4623 3037 4689 Ἡρό-

455 4692 619 4744 δοτος
680 4695 715 4742 i.
755 4711 800 4743 e.
842 4693 1224 4758 Ἡρωδιανὸς),
1262 4699 1326 4744 ut
1362 4694 1673 4744 Meinekius
1709 4698 1862 4742 recte
1898 4697 2110 4754 monet,
2151 4699 2238 4743 est
2274 4697 2526 4743 neutrum
2563 4697 2620 4742 et
2654 4694 2712 4742 in
2737 4693 2877 4743 libro
2903 4693 3038 4743 XIII

454 4759 627 4811 locum
700 4763 872 4812 abuit.
948 4760 1178 4827 Ἐρυθρά
1214 4767 1271 4812 et
1311 4760 1560 4826 Ἐρυθραί
1606 4762 1788 4825 recepi
1835 4778 1900 4810 ex
1941 4762 2017 4812 St.
2057 4762 2145 4822 Β.,
2194 4777 2314 4810 cum
2361 4777 2466 4826 quo
2503 4761 2743 4812 concinit
2779 4760 3037 4810 Eustath.

453 4829 572 4888 267,
609 4831 635 4877 1
677 4826 889 4880 Ἀπίων
926 4831 1017 4880 καὶ
1056 4829 1370 4895 Ἡρόδωρος
1410 4830 1470 4893 (i.
1496 4846 1543 4879 e.
1569 4829 1941 4890 Herodianus)
1979 4827 2234 4881 ὁξύνουςι
2269 4829 2377 4893 τὴν
2414 4827 2562 4880 λέξιν
2599 4826 2863 4890 λέγοντες
2892 4826 3038 4892 Ἐρυ-

454 4893 592 4959 θράς
640 4893 719 4947 ὡς
765 4894 961 4956 καλάς,
982 4904 1040 4948 et
1084 4898 1280 4951 Choer.
1325 4898 1505 4964 Epim.
1549 4897 1586 4951 l.
1623 4913 1666 4949 c.
1713 4925 1779 4934 —
1825 4894 2039 4962 Φαίδρα
2084 4899 2267 4964 recepi
2315 4913 2382 4948 ex
2427 4897 2673 4962 Theogn.
2715 4898 2835 4960 108,
2871 4899 2932 4959 4,
2981 4900 3038 4945 et
