3664 5546
622 396 750 463 206
1556 395 1638 449 εκ
1675 393 1814 449 τΩΝ
1858 392 2265 448 ΗΡΩΔιΑΝοΥ

794 567 887 632 Τὰ
932 566 1020 632 εἰς
1062 570 1180 632 ῶῖ
1233 566 1574 646 διςύλλαβα
1626 563 1718 649 τῷ
1772 568 1810 643 ἦ
1866 564 2365 644 παραληγόμενα
2411 561 2777 644 βαρύνεται,
2831 564 3068 640 νῆςος
3111 560 3214 624 καὶ

520 695 525 698 ⁴
628 673 876 748 Νῆςος
930 669 1117 734 πόλις
1171 669 1448 749 Ἰβηρική.
1535 667 1933 746 πεπλάνηται
1981 669 2051 732 δὲ
2095 669 2286 744 νῆςος
2327 665 2502 744 παρὰ
2552 666 2628 730 τὸ
2673 664 2878 741 γένος.
2967 664 3045 727 τὰ
3087 662 3212 741 γὰρ

624 772 791 837 ἄλλα
833 771 1129 851 ἀρςενικά
1184 770 1363 836 ἐςτιν.
1454 771 1722 853 Βῆςος,
1781 771 2123 852 Μνῆςος,
2181 768 2470 850 Ῥῆςος,
2542 769 2859 849 Κτῆςος,
2928 765 3210 846 Θῆςοε,

624 875 965 956 Δρῆςος,
1015 873 1254 951 Κῆςος
1298 858 1507 951 ὄνομα
1550 876 1862 951 ποταμοῦ.

564 986 596 1036 5
796 976 890 1041 Τὰ
935 976 1023 1041 εἰς
1066 977 1182 1039 {ff
1225 974 1466 1053 θηλυκὰ
1511 974 1854 1055 διςύλλαβα
1897 980 1988 1058 τῷ
2034 979 2087 1036 ‹T›
2118 973 2615 1053 παραληγόμενα
2653 970 2974 1054 ὀξύνεται,
3019 990 3211 1049 κρω-

625 1079 753 1145 coc
795 1079 833 1157 ἡ
879 1078 1092 1160 ὑδρία,
1143 1077 1445 1143 Κνωςός
1493 1077 1600 1141 «οἳ
1635 1076 1890 1141 Κνωςόν
1936 1076 1999 1140 τ’
2046 1074 2268 1155 εἶχον»
2314 1076 2391 1157 (Β
2421 1073 2574 1156 646)
2620 1074 2710 1139 δι’
2754 1073 2902 1138 ἑνὸς
2945 1075 3006 1156 ἰ,
3051 1072 3212 1150 Τρύ-

626 1203 773 1262 φων
819 1183 890 1246 δὲ
935 1180 1040 1245 διὰ
1085 1179 1220 1243 δύο.
1310 1177 1584 1244 Ῥωςός
1628 1179 1814 1244 πόλις
1864 1179 2144 1244 Κιλικίας.
2232 1178 2307 1242 τὸ
2353 1177 2569 1256 μέντοι
2615 1176 2869 1241 (ἶῶςος
2920 1174 3051 1239 ἀπὸ
3096 1177 3212 1239 τοῦ

627 1284 804 1348 ςώςω
853 1281 1220 1364 βαρύνεται,
1268 1281 1369 1346 καὶ
1410 1281 1486 1346 τὸ
1538 1282 1842 1360 Κρῶςος
1886 1280 2127 1359 ὁμοίως
2170 1278 2517 1359 ἀρςενικόν.

795 1384 890 1448 Τὰ
945 1383 1033 1448 εἰς
1085 1387 1203 1447 ’ς’(ῐ
1257 1383 1599 1464 διςύλλαβα
1654 1381 1949 1462 ἀρςενικά
2006 1385 2325 1463 μονογενῆ
2380 1381 2893 1460 παραληγόμενα.
2935 1379 3214 1464 διχρόνῳ

532 1504 593 1554 10
629 1486 1020 1569 ἐκτεταμένῳ
1078 1485 1445 1567 βαρύνεται,
1501 1484 1690 1549 'icoc
1741 1486 1820 1551 τὸ
1876 1485 2129 1567 κύριον,
2189 1483 2442 1566 Κῑςος,
2513 1483 2790 1562 Κρῑςος
2841 1484 2915 1548 τὸ
2971 1483 3215 1563 κύριον,

627 1591 877 1655 Πῑςος
931 1587 1007 1652 τὸ
1064 1586 1316 1668 κύριον,
1372 1585 1498 1665 ἀφ’
1555 1583 1635 1650 οὗ
1692 1587 1794 1651 καὶ
1848 1588 2016 1652 Πῑςα
2068 1586 2107 1665 ἡ
2163 1586 2364 1650 πόλις.
2457 1585 2688 1650 Νῖςος
2742 1585 2781 1649 ὁ
2823 1585 3215 1666 Πανδίονος,

629 1690 754 1771 ἀφ’
786 1688 865 1755 οὗ
899 1689 1132 1754 Νίςαια.
1193 1690 1438 1754 Νῡςος
1467 1688 1772 1771 ποταμός,
1805 1688 2099 1767 Τρῦςος
2130 1687 2438 1770 ποταμός,
2475 1691 2721 1752 κῦςος.
2778 1688 2854 1752 τὸ
2886 1687 2957 1752 δὲ
2988 1687 3215 1752 Λιςός

588 1861 595 1868 ‚
629 1792 968 1872 πολίχνιον
1003 1790 1244 1870 Κρήτης
1277 1789 1566 1857 ὀξύνεται
1610 1792 1713 1855 καὶ
1755 1792 1829 1856 τὸ
1862 1790 2157 1870 Βρυςός
2201 1790 2239 1855 ὁ
2273 1793 2456 1871 λιμὴν
2501 1791 2603 1854 καὶ
2646 1791 2720 1854 τὸ
2756 1790 3007 1855 Μυςός
3052 1790 3214 1854 ἐθνι-

629 1897 745 1961 κὸν
800 1895 903 1959 καὶ
956 1894 1030 1958 τὸ
1088 1893 1395 1976 τρυςός,
1454 1892 1686 1972 ῥυςός
1741 1892 1997 1959 ἐπίθετα
2050 1894 2151 1958 καὶ
2207 1894 2281 1958 τὸ
2329 1893 2607 1972 χρυςός
2664 1893 2867 1972 μόνον
2924 1891 3012 1957 εἰς
3064 1895 3216 1956 ῦῐδῑ

530 2019 593 2068 15
630 1997 1010 2076 διςύλλαβον
1055 1996 1538 2075 προςηγορικόν.
2296 1987 2300 1992 ’

800 2099 893 2164 Τὰ
938 2097 1026 2162 εἰς
1068 2101 1185 2162 Eo?
1230 2099 1572 2178 διςύλλαβα
1615 2098 2113 2177 παραληγόμενα
2156 2098 2489 2180 διφθόγγψ
2547 2095 2867 2180 ὀξύνεται,
2924 2095 3033 2161 ὅτε
3086 2095 3218 2160 ἐπι-

631 2201 844 2266 θετικὰ
908 2199 1006 2279 εἴη
1060 2201 1099 2278 ἢ
1157 2200 1262 2265 ἐπὶ
1313 2200 1568 2264 πόλεως
1620 2202 1831 2264 κεῖται.
1929 2199 2220 2265 Παιςός
2283 2199 2470 2265 πόλις
2534 2200 2692 2263 κατὰ
2754 2199 2871 2278 τὴν
2928 2198 3217 2279 Τρῳάδα.

630 2304 915 2383 Ὅμηρος
974 2303 1089 2367 «ὃς
1134 2301 1200 2381 ῥ’
1244 2301 1341 2367 ἐνὶ
1387 2303 1608 2385 Παιςῷ
1664 2304 1805 2367 ναῖε
1862 2302 2325 2381 πολυκτήμων»
2373 2299 2482 2383 (Il.
2526 2301 2569 2365 Ε
2609 2299 2796 2382 612),
2853 2299 2923 2365 ἐν
2979 2300 3222 2380 ἑτέροις

632 2407 704 2470 δὲ
771 2409 1014 2484 «δῆμον
1085 2405 1422 2469 Ἀπαιςοῦ»
1480 2401 1586 2485 (ΙΙ.
1637 2405 1683 2467 Β
1729 2401 1898 2485 828).
1985 2405 2224 2469 Παιςός
2290 2404 2360 2468 δὲ
2423 2402 2662 2482 εἴρηται
2718 2405 2893 2482 παρὰ
2958 2404 3034 2469 τὸ
3101 2405 3218 2482 τὴν

530 2533 597 2582 20
632 2509 838 2587 Ἀργὼ
893 2507 1437 2587 προςορμίζουςαν
1494 2505 1688 2570 ἐκεῖςε
1743 2508 1961 2570 παῖςαι
2017 2507 2119 2570 καὶ
2170 2505 2588 2584 προςεγγίςαι.
2685 2506 2924 2571 Παιςός
2979 2506 3082 2570 καὶ
3148 2505 3218 2569 ἐν

630 2607 1012 2694 πλεοναςμῷ
1067 2613 1184 2674 τοῦ
1240 2610 1282 2672 <i
1334 2608 1625 2673 Ἀπαιςός
1678 2607 1890 2685 ὥςπερ
1943 2608 2223 2686 Ἄταρνα
2279 2608 2465 2672 πόλις
2524 2608 2627 2672 καὶ
2682 2607 2915 2686 Τάρνα.
3021 2607 3220 2687 Ὅμη-

632 2732 746 2792 ρος
814 2712 929 2777 «ὃς
985 2711 1054 2776 ἐκ
1106 2709 1355 2790 Τάρνης
1411 2710 1838 2791 ἐριβώλακος»
1896 2707 2015 2793 (Il.
2071 2710 2114 2775 Ε
2167 2708 2310 2794 44).
2411 2710 2536 2777 ἔςτι
2598 2710 2700 2773 καὶ
2757 2709 3046 2776 Δαυνίαε
3101 2709 3218 2775 πό-

634 2818 727 2880 λις
780 2814 1019 2879 Παιςός
1083 2813 1226 2878 κατ’
1281 2813 1690 2892 Ἀργύριππα.
1796 2812 2097 2878 Λουςός
2162 2814 2265 2879 καὶ
2334 2813 2566 2878 Λουςοί
2628 2812 2813 2877 πόλις
2871 2813 3218 2895 Ἀρκαδίας,

632 2915 802 2981 ὅπου
877 2914 1269 2994 Μελάμπους
1346 2915 1569 2979 ἔλουςε
1648 2914 1762 2979 τὰς
1835 2914 2121 2993 Προίτου
2198 2915 2546 2993 θυγατέρας
2620 2915 2722 2979 καὶ
2800 2914 3032 2981 ἔπαυςε
3107 2918 3219 2993 τῆς

531 3046 596 3093 25,
634 3019 873 3098 μανίας.
975 3018 1223 3093 λέγεται
1268 3018 1339 3082 δὲ
1384 3018 1486 3081 καὶ
1528 3017 1738 3082 Λοῦςα
1784 3014 2158 3096 οὐδετέρως.
2245 3016 2590 3095 Πραιςός
2630 3016 2832 3080 πόλις.
2911 3017 3222 3081 Μαυςός

634 3122 811 3199 κώμη
860 3120 1188 3199 Κορίνθου.
1278 3119 1666 3198 Θεόπομπος
1708 3124 2056 3201 τριακοςτῷ
2102 3118 2399 3201 δευτέρῳ.
2488 3120 2591 3182 καὶ
2642 3119 2721 3183 τὰ
2765 3118 3084 3185 ἐπιθετικὰ
3128 3118 3221 3201 δέ,

770 3410 807 3460 l.
845 3413 875 3460 2
916 3408 1094 3474 Νῆςος
1131 3408 1319 3459 addidi
1355 3425 1422 3460 ex
1459 3410 1538 3460 St.
1576 3412 1658 3473 Β.,
1695 3408 2053 3474 πεπλάνηται
2088 3437 2155 3445 -
2190 3408 2353 3472 γένος
2391 3424 2456 3459 ex
2482 3410 2629 3460 Mon.
2656 3410 2737 3471 11,
2765 3411 2844 3469 12,
2880 3408 3027 3460 unde
3053 3410 3222 3461 etiam

638 3477 848 3543 Κτῆςος
884 3506 950 3513 -—
986 3476 1230 3542 Δρῆ(ος;
1274 3476 1446 3541 Κῆςος
1485 3494 1551 3528 ex
1589 3477 1836 3542 Theogn.
1872 3481 1956 3541 72,
1993 3481 2040 3528 7.
2175 3478 2210 3528 l.
2248 3480 2279 3528 6
2318 3475 2541 3528 Κνωςός
2580 3477 2802 3542 explevi
2834 3492 2999 3528 versu
3022 3479 3221 3528 Home·

636 3547 750 3597 rico
788 3562 855 3596 ex
891 3548 1038 3601 Mon.
1076 3549 1160 3609 38,
1198 3547 1264 3596 28
1302 3553 1359 3596 et.
1394 3547 1581 3597 verbis
1617 3544 1694 3598 δι’
1719 3544 1847 3596 ἑνὸς
1883 3574 1950 3582 --
1985 3545 2086 3598 δύο
2125 3562 2192 3596 ex
2229 3545 2480 3611 Theogn.
2509 3548 2591 3607 72,
2620 3548 2700 3608 10,
2736 3546 2792 3595 in
2829 3546 2972 3595 Mon'.
3005 3544 3039 3597 Γ
3041 3543 3220 3597 νωεός

678 3631 739 3666 er
771 3618 807 3677 Ῠ
843 3615 1103 3680 seriptum
1141 3620 1242 3665 est.
1316 3612 1522 3666 Ῥωςός
1559 3619 1646 3666 est
1682 3630 1750 3664 ex
1785 3614 1864 3665 St.
1901 3616 1966 3665 B.
2007 3619 2066 3664 et
2101 3614 2368 3679 Theogn.‚
2409 3613 2630 3677 Κρῶςοε
2667 3629 2733 3662 ex
2770 3614 3023 3679 Theogn.
3049 3616 3133 3678 72,
3161 3615 3218 3663 11

635 3632 809 3803 §epod
846 3683 996 3733 Suid.
1034 3682 1335 3747 Κρῶςςος),
1375 3681 1598 3734 Βλῶςος
1635 3686 1818 3733 autem
1855 3699 1909 3748 p.
1946 3685 2029 3745 74,
2066 3684 2098 3733 ὅ
2135 3698 2204 3732 ex
2239 3680 2457 3733 ἅλωςος
2493 3687 2805 3747 corruptum
2842 3687 2944 3732 est.
3082 3681 3117 3734 l.
3161 3685 3220 3731 11

696 3764 804 3802 ιςος
862 3751 1078 3816 explevi
1124 3768 1190 3801 ex
1237 3751 1482 3815 Theogn.
1520 3753 1611 3815 72,
1651 3752 1742 3813 16,
1800 3748 1960 3802 Νῑςος
2006 3750 2195 3800 addidi
2238 3766 2307 3800 ex
2353 3749 2434 3800 St.
2471 3752 2559 3813 Β.,
2618 3747 2795 3801 Νῠςος
2830 3777 2896 3785 -
2944 3751 3108 3800 κῠςος
3155 3765 3222 3799 ex

636 3819 882 3885 Theogn.
930 3823 1020 3878 ⁷2,
1062 3820 1123 3869 17
1137 3837 1149 3879 ς
1207 3819 1349 3869 falso
1396 3817 1559 3870 κυςός
1605 3817 1641 3880 ἡ
1689 3817 1842 3883 πυγή
1888 3818 1922 3882 ἢ
1955 3816 2296 3881 γυναικαῖον
2344 3816 2556 3869 αἰδοῖον
2603 3819 2837 3868 acuitur.
2908 3816 3082 3869 Ῥῖεος
3131 3833 3222 3882 ap.

635 3887 885 3953 Theogn.
923 3903 991 3937 ex
1027 3886 1216 3949 Ῥἣςος
1255 3891 1569 3952 corruptum
1604 3886 1844 3938 videtur.
1916 3885 2075 3937 Λιςός
2114 3886 2331 3952 explevi
2367 3903 2436 3937 ex
2471 3887 2618 3937 Mon.
2654 3889 2745 3944 38,
2781 3887 2873 3944 26,
2913 3883 3119 3949 Βρυςός
3157 3901 3226 3935 ex

634 3956 880 4021 Theogn.
918 3959 999 4013 73,
1036 3956 1101 4004 26
1140 3954 1340 4005 collato
1377 3956 1524 4008 Mon.
1562 3955 1599 4005 l.
1639 3971 1703 4014 e.,
1740 3953 1969 4019 τρυςός,
2006 3953 2170 4018 ῥυςός
2208 3971 2276 4005 ex
2314 3954 2563 4021 Theogn.
2601 3959 2656 4004 et
2691 3956 2858 4018 Mon„
2895 3951 3094 4018 χρυςός
3133 3968 3224 4002 ex-

638 4024 782 4088 plevi
817 4040 882 4073 ex
919 4025 1090 4073 Mem:
1127 4021 1200 4073 τὰ
1236 4019 1312 4073 εἰς
1349 4024 1440 4074 ἑοῖ
1477 4020 1728 4085 λήγοντα
1764 4021 2063 4086 διςύλλαβα
2101 4021 2414 4086 ὀξυνόμενα
2449 4021 2610 4086 φύςει
2650 4020 2849 4086 μακρά,
2889 4019 2939 4073 εἰ
2974 4020 3224 4086 παραλή-
3333 4018 3342 4024 ’

636 4089 1289 4224 ἷὲἐῖοτέιῗῡῗᾶ-ἢεξΐὲἑῖ
1322 4089 1471 4142 ⁰⁶⁸³
1508 4090 1724 4210 ἵῖζῖἰιεῆ
1736 4088 2568 4223 γῖἷίῖἳῖαέπὲὐχὲὴέκῖἕοεέἔῗ
2570 4089 2884 4210 ’ζίἱῖὲωῖύρ
2888 4104 2969 4209 13<
2981 4087 3107 4208 *2531
3120 4087 3225 4208 ⁰23

637 4229 887 4312 τοιαῦτα.
958 4225 1117 4279 Λιςός
1154 4224 1443 4290 πολίχνιον
1483 4225 1729 4292 Κρήτης,
1767 4225 1977 4278 Παιςός
2014 4226 2116 4278 «ὅς
2165 4174 2235 4291 ρι’)
2261 4226 2345 4278 ἐνὶ
2380 4174 2620 4293 ΙῼῘαιςῷ»
2657 4223 2752 4277 «οἳ
2791 4226 2825 4279 Γ
2827 4196 3014 4277 νῶςόν
3051 4224 3112 4275 τ’
3148 4224 3225 4275 εἷ-

596 4358 599 4363 ·
636 4294 1554 4428 {ssvz'awssff‘ssoczffl0332&ssss
1586 4294 1832 4428 3323?ae
1855 4291 3226 4427 3585&ssss{320‘333105‘3322‘zssffiz‘ziami‘zz

772 4433 810 4486 1.
848 4436 908 4484 17
946 4431 1155 4483 Παιςός
1205 4433 1425 4497 explevi
1471 4449 1538 4483 ex
1582 4434 1663 4484 St.
1698 4434 1760 4483 Β.
1806 4439 1864 4483 et
1907 4432 2113 4483 Herod.
2159 4433 2220 4482 in
2263 4434 2327 4482 E.
2365 4434 2439 4482 Μ.
2488 4434 2612 4490 119,
2648 4436 2730 4483 33.
2800 4429 3011 4482 Λουςός
3057 4430 3228 4480 habet

636 4501 853 4561 Aroad„
891 4498 1091 4551 Λουςοί
1127 4502 1206 4552 St.
1242 4502 1323 4565 Β.,
1359 4500 1659 4554 Herodian.
1696 4500 1755 4550 in
1792 4500 1970 4551 Schol.
2008 4500 2078 4551 ad
2117 4499 2329 4550 Gallim.
2365 4500 2547 4564 hymn.
2571 4500 2736 4552 Dian.
2761 4501 2861 4550 235
2895 4497 2968 4549 τὰ
2992 4498 3226 4562 Λοῦςςα,

638 4570 673 4632 ἡ
714 4568 903 4620 εὐθεῖα
937 4567 1009 4619 τὰ
1045 4566 1287 4631 Λοῡςςα,
1326 4566 1405 4620 ὡς
1442 4566 1810 4632 Ἡρωδιανὸς,
1849 4569 1945 4619 ubi
1981 4573 2131 4620 reete
2169 4567 2409 4618 Meinek.
2447 4566 2630 4618 Λοῠςα
2668 4568 3015 4619 scribendum
3053 4569 3229 4632 suspi-

640 4645 814 4699 catur,
851 4637 994 4703 quod
1032 4641 1117 4687 est
1150 4637 1209 4685 in
1246 4639 1392 4687 Mon.
1432 4639 1520 4697 13,
1561 4639 1642 4688 11.
1712 4636 1977 4687 Schmidt.
2015 4637 2087 4688 ad
2121 4635 2365 4700 Hesych.
2404 4635 2608 4686 λοθεον
2653 4637 2941 4701 opinatur,
2987 4635 3078 4685 hic
3116 4651 3226 4685 non

640 4706 934 4771 proprium,
971 4703 1070 4755 sed
1106 4702 1304 4754 λουςός
1340 4704 1673 4755 adiectivum
1711 4706 1973 4770 proferri,
2021 4704 2113 4755 sed
2152 4711 2268 4754 tum
2302 4719 2411 4753 non
2456 4706 2604 4755 inter
2647 4705 2970 4771 oppidorum
3003 4705 3226 4753 nomina

642 4775 877 4838 positum
913 4777 1079 4836 esset,
1115 4772 1217 4823 sed
1251 4788 1371 4821 eum
1407 4771 1626 4836 βλαιςός
1662 4779 2051 4838 comparatum.
2107 4775 2370 4824 Fortasse
2409 4773 2478 4822 ab
2503 4773 2820 4824 Herodiano
2857 4773 3052 4823 (lictum
3092 4772 3225 4820 fnit:

643 4839 850 4892 Λουςός
887 4839 1051 4892 πόλις
1087 4867 1151 4875 —-
1190 4840 1279 4890 καὶ
1316 4840 1514 4892 λουςός
1551 4840 1584 4890 ὁ
1620 4840 1906 4906 κόλουρος.
2051 4841 2085 4891 l.
2124 4844 2190 4892 25
2227 4838 2388 4891 πόλις
2425 4841 2496 4891 ad
2532 4838 2775 4905 Πραιςός
2812 4840 2999 4891 addidi
3036 4856 3104 4889 ex
3143 4842 3225 4889 st.

644 4908 733 4968 Β.,
771 4915 830 4958 et
872 4910 1070 4971 verba,
1118 4924 1259 4972 quae
1304 4909 1453 4973 apud
1495 4909 1693 4962 Aread.
1744 4914 2047 4975 sequuntur
2092 4908 2177 4960 ἔτι
2220 4907 2309 4960 ὅτι
2357 4907 2614 4962 ὀξύνεται
2667 4910 2821 4963 eieci.
2874 4935 2942 4946 -
2995 4905 3224 4960 Μαυςός
