3664 5546
666 1420 962 1486 ΠΙΝΑΞ
1017 1421 1204 1488 ΤΟΥ
1260 1420 1514 1488 ΟΛΟΥ
1572 1420 1955 1488 ΒΙΒΛΙΟΥ
2008 1420 2198 1487 ΤΟΥ
2250 1418 2461 1485 ΠΕΡΙ
2521 1415 2859 1484 ΤΟΝΩΝ.

475 1709 724 1791 Βιβλίον
756 1706 828 1774 α’.
958 1709 1048 1775 Τὸ
1105 1713 1219 1792 μὲν
1276 1711 1395 1777 οὖν
1452 1715 1716 1792 πρῶτον
1772 1711 2017 1793 βιβλίον
2088 1711 2366 1790 περιέχει
2421 1711 2500 1775 τὰ
2557 1709 2642 1774 εἰς
2688 1717 2726 1775 ν
2771 1707 3052 1786 λήγοντα

961 1812 1247 1892 ὀνόματα
1291 1813 1452 1894 ὑπὲρ
1496 1814 1642 1894 μίαν
1688 1816 2009 1895 ςυλλαβὴν
2056 1813 2351 1894 ἀρςενικὰ
2396 1813 2493 1876 καὶ
2541 1809 2795 1891 θηλυκά.

476 1914 728 1995 Βιβλίον
761 1914 829 1995 β’.
959 1915 1051 1979 Τό
1095 1915 1399 1996 δεύτερον
1445 1918 1722 1997 περιέχει
1766 1918 1845 1981 τὰ
1889 1916 1974 1982 εἰς
2004 1905 2050 1984 ’Ξ
2094 1918 2194 1981 καὶ
2238 1915 2326 1981 εἰς
2369 1918 2406 1996 β
2449 1916 2552 1980 καὶ
2590 1913 2672 1979 τὰ
2715 1912 2802 1978 εἰς
2843 1911 2942 1977 ΗΕ.

477 2017 727 2098 Βιβλίον
755 2012 828 2094 γ’.
958 2017 1049 2082 Τὸ
1094 2019 1165 2083 δὲ
1208 2018 1424 2098 τρίτον
1468 2020 1585 2098 τὴν
1632 2019 1717 2085 εἰς
1762 2023 1839 2098 ῆς
1882 2019 2230 2097 κατάληξιν.
3085 2026 3119 2077 5

476 2118 728 2200 Βιβλίον
756 2116 827 2183 δ’.
957 2120 1048 2184 Τὸ
1093 2122 1164 2185 δὲ
1208 2121 1513 2201 τέταρτον
1557 2123 1674 2201 τὴν
1721 2120 1806 2188 εἰς
1854 2125 1923 2186 ι’·ς.

476 2220 726 2301 Βιβλίον
770 2214 833 2285 ε’.
964 2221 1055 2286 Τὸ
1100 2224 1171 2287 δὲ
1214 2223 1508 2303 πέμπτον
1551 2224 1630 2288 τὰ
1676 2223 1763 2289 εἰς
1805 2245 1879 2289 ος
1924 2223 2204 2302 λήγοντα
2245 2221 2504 2300 καθαρά.

476 2322 727 2403 Βιβλίον
757 2321 1053 2395 ς’.Τό
1109 2326 1180 2389 δὲ
1234 2324 1421 2393 ἕκτον
1477 2324 1834 2405 ἀρξάμενον
1892 2325 2024 2391 άπὸ
2075 2328 2208 2390 τῶν
2266 2324 2353 2391 εἰς
2398 2330 2512 2405 βος
2566 2324 2920 2401 ςυμπληροῖ
2971 2322 3051 2386 τὰ

963 2426 1049 2492 εἰς
1093 2430 1235 2491 λος·
1289 2428 1449 2493 κατὰ
1501 2429 1625 2507 γὰρ
1680 2428 1796 2506 τὴν
1854 2432 1988 2494 τῶν
2034 2425 2365 2505 στοιχείων
2410 2426 2582 2492 τάξιν
2628 2425 2667 2504 ἡ
2712 2425 3050 2504 παράθεςις

964 2528 1052 2593 ὡς
1095 2529 1197 2592 καὶ
1239 2528 1343 2593 ἐπὶ
1385 2529 1652 2620 τῶνςείς
1697 2534 1792 2594 ‘ds-v
1840 2527 2190 2608 ληγόντων.
3089 2537 3153 2589 10

477 2628 729 2711 Βιβλίον
769 2629 835 2696 ζ’.
965 2630 1056 2694 Τὸ
1100 2632 1173 2695 δὲ
1215 2629 1494 2711 ἕβδομον
1539 2630 1670 2696 ἀπὸ
1713 2634 1848 2696 τῶν
1893 2630 1981 2695 εἰς
2025 2634 2142 2711 ι’ῖςῖς
2184 2630 2362 2709 μέχρι
2404 2633 2538 2696 τῶν
2584 2629 2671 2695 εἰς
2714 2634 2854 2695 τῖόῖ.

478 2730 728 2814 Βιβλίον
759 2725 833 2811 η’.
963 2732 1054 2797 Τὸ
1098 2734 1170 2798 δὲ
1214 2730 1457 2808 ὄγδοον
1504 2731 1636 2798 ἀπὸ
1681 2735 1815 2800 τῶν
1860 2732 1947 2799 εἰς
1994 2739 2108 2812 δεῖ
2149 2733 2329 2813 μέχρι
2371 2732 2473 2796 καὶ
2502 2736 2630 2813 [iffi—c
2660 2734 2761 2798 καὶ
2789 2732 2881 2798 ἔτι
2908 2731 3052 2811 περὶ

961 2837 1093 2900 τῶν
1137 2834 1224 2900 εἰς
1268 2840 1342 2900 ὃς
1387 2834 1767 2914 οὐδετέρων.

478 2937 727 3018 Βιβλίον
758 2935 830 3001 θ’.
960 2935 1051 3001 Τὸ
1096 2936 1371 3003 ἔννατον
1415 2937 1559 3017 περὶ
1604 2941 1736 3004 τῶν
1783 2937 1869 3002 εἰς
1914 2942 1990 3002 ὀἱ
2036 2938 2373 3003 ςυνθέτων.

478 3038 728 3121 Βιβλίον
775 3036 828 3103 ι’.
958 3038 1050 3103 Τὸ
1094 3040 1166 3104 δὲ
1208 3039 1479 3106 δέκατον
1524 3040 1803 3120 περιέχει
1846 3040 1925 3105 τὰ
1970 3039 2055 3106 εἰς
2099 3045 2174 3104 ιΤς
2218 3038 2512 3119 ἀρςενικὰ
2555 3039 2655 3104 καὶ
2685 3040 2924 3120 θηλυκὰ
2952 3039 3053 3103 καὶ
3092 3050 3154 3101 15

962 3142 1040 3205 τὰ
1084 3140 1321 3221 ἔχοντα
1363 3134 1756 3223 διφθόγγους
1799 3143 1927 3222 πρὸ
1972 3145 2088 3206 τοῦ
2134 3139 2197 3205 Ε·
2244 3142 2334 3206 ἔτι
2376 3142 2455 3207 τὰ
2499 3141 2586 3207 εἰς
2618 3145 2707 3206 ὤί
2754 3142 2854 3206 καὶ
2894 3147 2969 3221 fii.

478 3242 728 3323 Βιβλίον
775 3242 870 3307 ια’.
958 3243 1049 3307 Τὸ
1095 3242 1437 3310 ἑνδέκατον
1483 3244 1760 3324 περιέχει
1804 3244 1884 3308 τὰ
1926 3244 2014 3309 εἰς
2059 3248 2100 3307 ἇ
2144 3244 2424 3322 λήγοντα
2467 3243 2722 3323 θηλυκά.

479 3343 731 3425 Βιβλίον
777 3339 869 3425 ιβ’.
956 3343 1047 3409 Τὸ
1091 3346 1461 3412 δωδέκατον
1505 3348 1621 3426 τὴν
1668 3345 1753 3411 εἰς
1783 3350 1821 3425 ἦ
1854 3345 2189 3424 κατάληξιν
2235 3351 2367 3411 τῶν
2412 3349 2703 3424 θηλυκῶν
2748 3346 2907 3410 κατὰ
2936 3347 3053 3425 τὴν

960 3449 1094 3512 τῶν
1139 3447 1509 3528 ςυμφώνων
1553 3448 1747 3514 πάλιν
1793 3448 1967 3514 τάξιν
2011 3448 2112 3513 καὶ
2153 3450 2273 3528 τὴν
2318 3448 2405 3514 εἰς
2451 3454 2521 3511 ὧ.

478 3549 727 3630 Βιβλίον
774 3543 864 3613 ιδ’.
952 3548 1043 3613 Τὸ
1087 3550 1751 3629 τεςςαρεςκαιδέκατον
1796 3550 2076 3629 περιέχει
2118 3553 2249 3615 πᾶν
2295 3549 2504 3630 ὄνομα
2546 3549 3051 3630 μονοςύλλαβον.
3087 3562 3155 3612 20

479 3650 729 3731 Βιβλίον
774 3646 862 3716 ιε’.
959 3651 1050 3715 Τὸ
1095 3651 1363 3717 δέκατον
1407 3652 1697 3731 πέμπτον
1751 3652 1866 3717 τὰς
1919 3651 2191 3729 πλαγίας
2235 3656 2366 3717 τῶν
2412 3650 2757 3731 ὀνομάτων
2801 3650 3053 3718 κανονί-

964 3756 1056 3818 Zet
1108 3755 1211 3818 καὶ
1262 3754 1413 3819 τοὺς
1468 3753 1626 3818 κατὰ
1681 3754 1877 3819 κλίςιν
1934 3753 2236 3834 ἀριθμοὺς
2302 3754 2404 3818 καὶ
2465 3754 2618 3819 τοὺς
2683 3754 2841 3819 κατὰ
2896 3754 3053 3834 θέμα

963 3854 1346 3936 εἰρημένους.

477 3957 728 4040 Βιβλίον
774 3955 867 4030 ις’.
955 3957 1046 4021 Τὸ
1101 3957 1549 4022 ἑκκαιδέκατον
1592 3957 1870 4037 περιέχει
1925 3958 2003 4023 τὰ
2058 3957 2146 4023 εἰς
2188 3962 2243 4021 ῶ
2269 3959 2388 4050 ικαὶ
2439 3960 2518 4023 τὰ
2572 3957 2660 4023 εἰς
2702 3963 2765 4038 pi
2809 3957 3053 4037 ῥήματα

964 4059 1121 4124 κατὰ
1162 4062 1292 4124 πᾶν
1336 4059 1708 4139 πρόςωπον.
3082 4071 3150 4121 25

478 4163 729 4244 Βιβλίον
777 4160 864 4228 ιζ’.
966 4161 1057 4227 Τὸ
1087 4162 1360 4228 δέκατον
1392 4162 1668 4242 ἕβδομον
1699 4162 1979 4241 περιέχει
2021 4165 2151 4229 πᾶν
2183 4163 2487 4228 ςύνθετον
2519 4162 2685 4243 ῥῆμα
2713 4163 2812 4227 καὶ
2841 4164 3049 4228 πᾶςαν

1003 4284 1111 4330 ετο
1198 4284 1254 4329 ν.

478 4366 728 4448 Βιβλίον
774 4364 869 4445 ιη’.
954 4285 1046 4431 ssb
1091 4285 1359 4432 δὶέτιέατον
1404 4366 1646 4443 ὄγδοον
1693 4314 2096 4445 ἀντωνυμίας
2137 4366 2342 4446 ἄρθρα
2384 4368 2485 4431 καὶ
2526 4367 2869 4446 προθέςεις.

479 4468 729 4550 Βιβλίον
775 4467 865 4533 ιβ’.
953 4469 1045 4533 Τὸ
1089 4470 1358 4534 δέκατον
1404 4469 1678 4535 ἔννατον
1708 4469 1987 4549 περιέχει
2028 4469 2413 4549 ἐπιρρήματα
2440 4470 2540 4533 καὶ
2571 4468 2964 4548 ςυνδέςμους.

479 4571 732 4652 Βιβλίον
763 4569 832 4635 κ’.
960 4571 1051 4635 Τὸ
1096 4570 1380 4637 εἰκοςτόν
1423 4570 1567 4651 περὶ
1610 4571 1871 4649 χρόνων
1906 4574 2038 4638 τῶν
2070 4571 2141 4638 ἐν
2172 4572 2456 4651 φωνήεςι
2500 4572 2599 4635 καὶ
2642 4571 3046 4651 πνευμάτων.
3082 4580 3149 4632 30

479 4729 710 4737 --⁴..-——-..—-
725 4725 880 4733 —.,....-—-

613 4812 647 4862 1.
689 4815 751 4879 ι10
788 4811 978 4862 addidi
1014 4809 1107 4863 ὡς.
1277 4810 1313 4864 l.
1349 4813 1415 4861 26
1453 4827 1572 4862 cum
1611 4811 1875 4865 Schmidt.
1913 4814 1970 4863 in
2009 4812 2357 4879 corrigendis
2404 4811 2637 4877 apposni
2673 4808 2946 4863 ςύνθετον
2983 4829 3050 4863 ex

479 4897 641 4947 titulo
675 4897 815 4947 libro
851 4897 959 4963 ipsi
992 4897 1274 4962 inscripto.

2660 4982 2746 5043 1*
