3664 5546
1088 367 1246 422 ΠΕΡΙ
1287 366 1681 422 ΚΑΘΟΛΙΚΗ(
1717 366 2141 433 ΠΡΟζΩιΔΙΑ(
2178 365 2230 421 Ε.
2849 365 2966 431 127

383 537 736 605 ὀξύνονται.
812 538 1078 604 ςύνθετα
1120 538 1280 603 ὄντα
1325 537 1709 619 βαρύνονται
1754 535 1899 603 οἷον
1946 537 2253 620 εὔπλους,
2300 536 2602 619 εὔχρους,
2652 535 2972 607 ἀλκίνουε.

383 640 438 704 εἰ
481 639 607 719 ἄρα
650 639 771 706 οὖν
813 642 890 705 τὸ
936 644 1204 705 διπλοῦς
1247 641 1351 704 καὶ
1392 642 1696 718 τριπλοῦ(
1740 640 1818 704 οὐ
1868 640 2282 721 βαρύνονται,
2327 638 2494 703 ἀλλὰ
2523 643 2968 722 περιςπῶνταις

383 743 684 821 δηλονότι
741 742 861 808 οὐκ
916 741 1029 807 εἰςὶ
1082 742 1378 824 ςύνθετα,
1436 740 1589 806 ἀλλ’
1652 741 1843 806 ἁπλᾶ.
1943 742 2171 822 Τρίτον
2222 741 2296 805 δ’
2350 740 2406 806 εἰ
2470 740 2628 820 ἦςαν
2678 742 2968 823 ’ςύνθετα,

382 844 567 909 κοινὰ
610 844 890 923 ἤμελλον
935 844 1102 910 εἶναι
1145 851 1236 927 τῷ
1281 844 1483 926 γένει,
1531 842 1741 923 ὥςπερ
1786 844 1825 908 6
1857 844 2085 909 εὔνους
2115 844 2220 908 καὶ
2246 843 2286 922 ἡ
2318 842 2577 926 εὔνους,
2624 843 2661 907 6
2693 843 2971 908 εὔπλους

382 947 485 1010 καὶ
527 947 568 1024 ἡ
611 945 921 1029 εὔπλους,
968 946 1006 1011 ὁ
1051 946 1323 1025 εὔχρους
1367 947 1469 1010 καὶ
1513 946 1552 1026 ἡ
1597 946 1894 1025 εὔχρους·
1949 946 2095 1012 νυνὶ
2136 947 2208 1010 δὲ
2251 947 2326 1011 τὸ
2373 946 2651 1025 θηλυκὸν
2698 945 2968 1025 λέγομεν
3004 953 3039 1003 5

381 1048 421 1127 ἡ
467 1050 659 1126 διπλῆ
704 1050 804 1113 καὶ
832 1052 1062 1128 τριπλῆ
1111 1044 1215 1132 (Il.
1247 1049 1297 1112 Α
1331 1047 1482 1133 128)
1517 1052 1788 1132 «τριπλῇ
1828 1051 2147 1133 τετραπλῇ
2191 1048 2256 1113 τ’
2286 1046 2711 1128 ἀποτίςομεν»
2758 1047 2969 1126 ὥςπερ

382 1149 421 1214 6
465 1153 742 1229 χαλκοῦς
785 1153 888 1214 καὶ
930 1149 969 1229 ἡ
1015 1153 1248 1232 χαλκῆ,
1293 1149 1331 1214 ὁ
1363 1153 1633 1229 χρυςοῦς
1676 1151 1778 1215 καὶ
1820 1150 1861 1229 ἡ
1903 1154 2131 1233 χρυςῆ,
2177 1152 2479 1230 δηλονότι
2523 1150 2642 1216 οὐκ
2672 1149 2784 1214 εἰςὶ
2828 1149 2970 1213 ςύν-

381 1256 564 1333 θετα,
610 1251 763 1316 ἀλλ’
792 1252 967 1317 ἁπλᾶ
1009 1252 1395 1335 παραγωγά,
1440 1253 1615 1331 παρὰ
1657 1252 1783 1330 γὰρ
1812 1256 1931 1318 τοῦ
1977 1254 2069 1318 δίς
2114 1253 2406 1333 παρήχθη
2451 1254 2528 1319 τὸ
2560 1251 2827 1316 διπλόος
2870 1252 2974 1315 καὶ

382 1354 513 1419 ἀπὸ
557 1358 676 1418 τοῦ
719 1354 850 1432 τρίς
893 1358 1009 1420 τοῦ
1057 1354 1473 1433 ςημαίνοντος
1515 1355 1590 1420 τὸ
1644 1354 1862 1433 τρίτον
1905 1355 2210 1434 τριπλόος
2251 1356 2356 1419 καὶ
2410 1353 2542 1421 ἀπὸ
2594 1358 2711 1419 τοῦ
2754 1352 2970 1431 τετρά-

380 1477 476 1520 κις
516 1457 912 1534 τετραπλόος
954 1456 1059 1521 καὶ
1101 1455 1233 1521 ἀπὸ
1278 1461 1393 1521 τοῦ
1437 1456 1736 1521 πεντάκις
1778 1457 2215 1541 πενταπλόος,
2262 1460 2579 1535 ςυγκοπῆς
2621 1455 2973 1534 γενομένης
3012 1463 3075 1514 10

380 1562 492 1636 τῆς
535 1562 636 1623 ῑὲῐῖῑ
691 1561 1003 1639 ςυλλαβῆς
1056 1559 1158 1623 καὶ
1215 1557 1321 1623 ἐπὶ
1382 1564 1514 1625 τῶν
1568 1560 1707 1638 ἑξῆς
1762 1559 2021 1638 ὁμοίως
2102 1560 2203 1624 καὶ
2255 1561 2333 1625 τὸ
2387 1558 2635 1624 ἁπλόος
2679 1556 2810 1622 ἀπὸ
2854 1560 2972 1622 τοῦ

383 1659 550 1727 ἅπαξ
594 1660 906 1740 παρήχθη.
993 1661 1070 1725 τὸ
1116 1662 1187 1725 δὲ
1231 1661 1752 1739 πρωτόπλοος
1807 1662 1911 1726 καὶ
1954 1661 2340 1727 ἆλίπλοος
2393 1660 2971 1741 προπαροξύνεται,

382 1761 481 1827 ὅτι
529 1764 610 1842 μὴ
657 1761 846 1827 ἁπλᾶ.
1005 1840 1012 1849 ·

552 1881 647 1946 Τὰ
712 1882 818 1946 διὰ
881 1885 998 1946 τοῦ
1061 1885 1195 1945 δεῖ
1271 1882 1456 1961 κύρια
1520 1882 2110 1966 προπαροξύνεται,
2178 1882 2528 1964 (ίςτοος,
2595 1880 2968 1963 Πείροος,

359 1984 664 2050 ’Ἄθοος
707 1983 746 2048 6
791 1983 894 2048 καὶ
937 1983 1188 2048 Ἀθόως.
1238 1985 1484 2061 λέγεται
1531 1985 1602 2049 δὲ
1647 1985 1749 2049 καὶ
1775 1984 2010 2049 Ἄθους
2043 1985 2200 2049 κατὰ
2242 1985 2586 2064 ςυναίρεςιν
2618 1985 2721 2047 καὶ
2747 1984 2970 2047 Ἄθως.
3010 1995 3072 2047 15

384 2086 676 2151 Γένοος
731 2084 984 2168 ἄρχων,
1041 2084 1168 2165 ἀφ’
1214 2085 1292 2151 οὗ
1350 2089 1638 2152 Γενοαῑοι
1696 2086 1886 2152 ἔθνος
1933 2085 2305 2152 Μολοςςίας.
2392 2087 2469 2152 τὸ
2525 2087 2596 2151 δὲ
2651 2084 2971 2167 ὄγδοος,

379 2189 436 2253 εἰ
480 2189 586 2252 καὶ
629 2187 955 2270 ἐπίθετον,
1012 2189 1600 2271 προπαροξύνεται,
1656 2188 1875 2268 ἐπειδὴ
1931 2189 2010 2253 τὰ
2063 2188 2152 2254 εἰς
2203 2192 2285 2254 δῖ
2335 2189 2592 2254 τακτικὰ
2637 2187 2974 2269 βαρύνεται

380 2289 874 2369 ύπεςταλμένων
906 2294 1036 2355 τῶν
1069 2290 1158 2355 εἰς
1211 2311 1393 2374 ςτος,
1441 2291 1814 2374 ἕβδομος,
1861 2290 2181 2373 ὄγδοος,
2213 2290 2579 2372 ἔννατος,
2626 2290 2972 2354 δέκατος.

379 2395 457 2458 τὸ
527 2393 599 2458 δὲ
664 2391 1047 2474 εἰκοςτός,
1112 2392 1574 2471 τριακοςτός
1637 2394 1742 2457 καὶ
1795 2390 1998 2457 τᾶλλα
2051 2391 2357 2459 ὀξύνεται.
2445 2392 2549 2457 καὶ
2601 2392 2677 2456 τὸ
2735 2390 2975 2456 ὀλοός

380 2494 676 2562 ὀξύνεται
721 2492 853 2559 ἀπὸ
896 2498 1015 2559 τοῦ
1060 2494 1211 2560 ὀλῶ.
3008 2507 3076 2558 20

555 2596 650 2661 Τὰ
694 2596 782 2661 εἰς
823 2599 905 2660 δί
950 2597 1456 2677 ὑπερδιςύλλαβα
1497 2595 1997 2675 παραληγόμενα
2042 2616 2079 2657 υ
2125 2595 2596 2680 ςυνεςταλμένῳ
2640 2615 2972 2674 προπαρο-

380 2699 668 2781 ξύνεται,
714 2698 1005 2782 ςίκυος,
1049 2698 1358 2779 Πέρυος
1401 2697 1611 2779 ὄνομα
1654 2701 1980 2781 ποταμοῦ,
2035 2697 2409 2775 Φόγγυος.
2474 2696 2758 2775 Αἴγυος
2810 2698 2973 2762 ἐθνι-

381 2803 532 2885 κόν,
579 2799 659 2866 οὗ
702 2802 777 2867 τὸ
821 2802 1099 2882 θηλυκὸν
1131 2801 1490 2880 Λυκόφρων
1522 2801 1690 2877 λέγει
1737 2801 1944 2866 οὕτως
1988 2802 2133 2866 «καὶ
2162 2801 2375 2866 πάντα
2402 2800 2709 2880 πλήςεςθ>
2752 2800 2976 2866 οὕνεκ’

380 2904 616 2980 Αἰγύας
647 2903 861 2987 κυνός,
902 2906 1012 2981 τῆς
1042 2903 1436 2984 θηλύπαιδος
1479 2905 1581 2968 καὶ
1608 2904 1949 2982 τριάνορος
1978 2904 2209 2983 κόρης»
2242 2900 2333 2987 (v,
2366 2901 2538 2986 850).
2586 2903 2975 2982 Θεόπομπος

381 3009 457 3074 δὲ
502 3005 768 3082 Αἰγυέας
812 3005 1047 3071 αὐτούς
1099 3027 1279 3088 φηςι,
1324 3006 1687 3071 Παυςανίας
1730 3007 1801 3070 δὲ
1846 3005 2128 3082 Αἰγύτας.
2219 3005 2712 3089 Πατράςυος,
2784 3006 2973 3072 Κάν·
3009 3020 3074 3069 ‘25

381 3114 604 3190 δυος,
661 3107 1053 3190 Ἀλάςυος,
1110 3107 1509 3190 Ἐρύγυος,
1569 3109 1890 3183 Νώγυος
1954 3107 2164 3189 ὄνομα
2231 3112 2541 3186 ποταμοῦ.
2651 3107 2974 3189 Μίνυος,

380 3210 512 3291 ἀφ’
557 3207 638 3275 οὗ
672 3209 886 3275 Μινύα
929 3209 1114 3274 πόλις
1145 3208 1500 3289 Θεςςαλική.
1549 3209 1878 3275 (ίλλυος
1915 3210 2101 3275 πόλις
2132 3209 2367 3274 Ἰωνίας
2395 3211 2559 3288 πρὸς
2601 3216 2676 3292 τῇ
2709 3208 2974 3293 (μύρνῃ.

379 3314 460 3378 τὸ
509 3313 581 3377 δὲ
625 3310 899 3377 Τιτυός
953 3312 1058 3376 καὶ
1113 3311 1326 3378 εἰλυός
1380 3313 1420 3392 ἡ
1477 3316 1809 3400 καταδυςις
1862 3315 1980 3378 τοῦ
2035 3311 2258 3393 θηρίου
2315 3310 2602 3379 ὀξύνεται
2661 3312 2763 3376 καὶ
2816 3312 2891 3376 τὸ
2938 3313 2975 3374 fi

382 3415 508 3480 οὐκ
551 3414 683 3494 ἔχει
726 3414 1237 3495 ςυνεςταλμένον.
1527 3417 1532 3424 “

382 3636 652 3703 παρήχθη
697 3636 733 3687 1.
776 3638 837 3687 12
882 3652 950 3686 ex
988 3635 1183 3687 Choer.
1219 3637 1367 3687 Dict.
1402 3639 1528 3699 245,
1569 3639 1629 3686 17
1667 3637 1878 3702 recepi,
1927 3637 2020 3701 qui
2055 3635 2359 3687 Herodiani
2395 3636 2732 3686 sententiam
2765 3636 2977 3701 profert

383 3707 520 3757 aliis
554 3707 611 3755 in
647 3706 712 3760 E.
751 3704 824 3755 M.
865 3706 978 3767 123,
1020 3707 1065 3767 1,
1102 3705 1205 3771 Ep.
1242 3704 1331 3755 Or.
1357 3705 1384 3754 I
1420 3707 1516 3756 331
1556 3703 1788 3756 διπλόος
1822 3703 2091 3769 τριπλόος
2129 3720 2227 3770 pro
2266 3704 2589 3769 compositis
2623 3704 2974 3758 habentibus.

380 3775 474 3826 De
511 3788 760 3840 apocope
807 3772 1057 3837 syllabae
1103 3787 1185 3824 κις
1232 3773 1305 3823 cf.
1338 3773 1542 3823 Herod.
1588 3773 1718 3837 περὶ
1764 3773 1969 3824 παθῶν
2014 3774 2071 3823 in
2117 3774 2180 3823 Ε.
2218 3774 2293 3823 Μ.
2330 3775 2456 3835 346,
2495 3774 2582 3834 15,
2631 3773 2696 3824 de
2743 3778 2977 3823 accentu

383 3865 685 3925 praeterea
721 3857 920 3910 Arcad.
958 3860 1042 3918 93,
1081 3859 1113 3906 6
1150 3862 1206 3909 et
1242 3857 1310 3908 11.
1344 3859 1434 3908 Pr.
1473 3855 1532 3909 Μ
1569 3859 1658 3907 26:
1683 3854 1967 3909 ·ἁλίπλοα;
2006 3857 2115 3923 τὴν
2137 3843 2231 3922 Ῑιῖ,
2270 3855 2429 3922 φαςί,
2468 3856 2748 3919 ςυλλαβὴν
2786 3855 2976 3909 ὀξυτο-

383 3926 612 3993 νητέον.
662 3924 805 3978 κατὰ
841 3924 946 3989 γὰρ
981 3923 1176 3977 αὐτῶν
1211 3927 1335 3976 τῶν
1370 3922 1636 3990 ἐρειπίων
1673 3924 1707 3988 ή
1748 3924 1891 3978 λέξις
1926 3929 2131 3989 κεῖται,
2169 3924 2294 3990 οὐχὶ
2329 3924 2402 3977 τὰ
2426 3923 2489 3976 ἐν
2512 3927 2582 3990 τῇ
2609 3924 2702 3975 ἁλὶ
2727 3923 2976 3977 πλέοντα

385 3991 664 4061 ςημαίνει·
702 3993 889 4046 οὕτως
929 3991 1195 4045 Ἀλεξίων
1231 3993 1321 4043 καὶ
1357 3991 1542 4044 ἄλλοι·
1579 3991 1735 4054 κάγὼ
1761 3993 1823 4045 δὲ
1860 3991 2324 4057 ςυγκατατίθεμαι
2360 3996 2430 4059 τῇ
2458 3989 2757 4058 προςῳδίᾳ.
2794 3991 2977 4044 ἐκεῖνο

383 4062 496 4128 γὰρ
532 4061 646 4126 ἔχω
683 4061 1106 4125 ἀποφήναςθαι,
1156 4059 1234 4113 ὡς
1272 4061 1361 4112 ὅτι
1406 4060 1690 4125 ὁπότερον
1735 4059 1835 4114 ἐὰν
1873 4061 1997 4127 (sic)
2048 4060 2313 4127 ςημαίνη,
2361 4058 2976 4125 προπαροξυνθήςεται·

384 4131 547 4182 οὕτω
584 4129 691 4194 γὰρ
727 4127 1026 4195 ἑμελέτηςε
1062 4130 1135 4181 τὰ
1171 4127 1324 4194 παρὰ
1368 4128 1438 4180 τὸ
1484 4129 1671 4193 πλέω,
1717 4128 1832 4193 εἴγε
1878 4130 1970 4180 καὶ
2015 4129 2084 4181 τὸ
2132 4128 2511 4194 πρωτόπλοος
2559 4126 2978 4194 προπαροξύνο-

388 4214 519 4263 μεν·
558 4198 649 4249 καὶ
686 4198 861 4262 δῆλον
898 4197 986 4248 ὅτι
1024 4195 1102 4249 εἰς
1138 4195 1445 4261 ἀποφυγὴν
1480 4199 1602 4248 τῶν
1641 4197 1830 4249 οὕτως
1866 4196 2311 4261 παραγομένων,
2349 4195 2606 4261 διπλόος,
2642 4195 2926 4261 τριπλόος.

528 4268 563 4317 Ι.
606 4268 669 4317 14
705 4264 933 4329 (ἱίγδοος
969 4282 1067 4331 pro
1105 4263 1329 4317 Είςτοος
1366 4266 1537 4317 habet
1571 4267 1635 4317 E.
1661 4267 1734 4315 M.
1766 4269 1883 4327 613,
1918 4269 2009 4317 30:
2048 4264 2119 4316 τὰ
2153 4265 2242 4317 διὰ
2276 4268 2380 4316 τοῦ
2418 4268 2517 4318 'offe‘
2553 4263 2807 4328 ὀνόματα
2843 4278 2976 4329 προ-

388 4334 766 4399 παροξύνεται
815 4331 940 4385 οἷον
984 4331 1212 4396 Είγδοος
1255 4330 1511 4397 Πείροος.
1581 4336 1665 4384 De
1710 4333 1913 4386 Ἀθοος
1959 4334 2031 4383 cf.
2068 4333 2147 4382 St.
2183 4334 2246 4383 B.
2282 4334 2372 4398 36,
2415 4335 2478 4384 10
2522 4332 2710 4385 Ἄθως
2755 4330 2978 4395 λέγεται

389 4403 484 4454 καὶ
520 4402 725 4455 Ἀθοος
761 4401 841 4453 ὡς
877 4402 946 4453 τὸ
986 4400 1107 4453 Κῶς
1148 4401 1286 4454 Κόος
1334 4409 1389 4453 et
1434 4402 1499 4452 de
1542 4400 1755 4454 Ἀθόως
1802 4401 2009 4452 Herod.
2046 4400 2177 4464 περὶ
2223 4402 2426 4452 παθῶν
2472 4401 2528 4450 in
2564 4403 2627 4452 E.
2664 4404 2739 4454 M.
2776 4403 2892 4463 347,
2930 4403 2979 4450 9.
3040 4451 3047 4456 .

389 4470 617 4533 λέγεται
652 4469 714 4522 δὲ
750 4470 841 4521 καὶ
878 4469 1082 4522 Ἀθους
1117 4497 1185 4506 -
1220 4469 1406 4521 Ἄθως
1445 4485 1512 4520 ex
1550 4470 1630 4521 St.
1665 4470 1728 4519 B.
1772 4470 1805 4519 1.
1848 4485 1919 4532 c.,
1959 4485 2026 4519 ex
2065 4468 2260 4519 eodem
2293 4486 2347 4536 p.
2383 4471 2499 4528 202,
2536 4471 2597 4519 21
2642 4467 2853 4520 Γένοος.
2910 4468 2977 4518 de

388 4538 562 4590 ὀλοό(
599 4539 671 4590 cf.
713 4539 908 4588 Choer.
944 4540 1091 4593 Diet.
1130 4541 1249 4601 245,
1287 4541 1338 4589 7.
1475 4536 1513 4589 l.
1538 4540 1603 4587 22
1638 4535 1860 4601 Πέρυος
1900 4537 2177 4601 explicavi
2216 4552 2283 4587 ex
2307 4537 2552 4603 Theogn.
2591 4539 2673 4600 51,
2710 4539 2794 4601 24,
2832 4536 2979 4586 unde

390 4608 561 4726 {ff
597 4604 1269 4741 ιιιιιιιειιιιιι
1290 4605 1562 4726 ‘vma-
1596 4602 1853 4723 mm
1873 4602 2439 4725 ιιιιυιιιιιιι
2461 4605 2677 4724 ιιιι
2710 4601 2980 4739 afim..

394 4747 485 4793 est
526 4744 736 4808 pariter
781 4747 844 4793 at
881 4757 950 4792 ue
985 4746 1101 4806 395,
1138 4746 1186 4794 8.
1255 4711 1512 4793 fiustath.
1550 4743 1666 4805 273,
1703 4744 1735 4791 2
1771 4710 2113 4794 adiectiv'um’
2156 4741 2347 4804 μινυός
2394 4757 2482 4806 ap.
2517 4741 2732 4791 Atticos
2774 4742 2833 4791 in
2879 4757 2980 4791 usu

397 4811 568 4862 fuisse
596 4811 753 4861 dicit.
804 4808 843 4862 C
868 4809 1032 4862 λλυος
1060 4828 1126 4862 ex
1154 4812 1233 4864 St.
1259 4813 1322 4862 B.
1366 4812 1448 4861 De
1476 4807 1658 4861 ςίκυος
1683 4810 1841 4863 Euat.
1865 4814 1981 4873 291,
2009 4813 2072 4861 37
2087 4827 2099 4858 :
2126 4809 2317 4874 ςικυοί,
2342 4807 2443 4860 οὓς
2466 4807 2519 4860 οἰ
2543 4808 2771 4859 παλαιοὶ
2796 4810 2885 4861 καὶ
2912 4823 2981 4859 ςι-

394 4875 566 4930 κύους
581 4876 986 4944 παροξυτόνως
1005 4878 1258 4945 ἔγραψαν
1284 4879 1374 4930 καὶ
1399 4877 1585 4931 ςίκυας
1611 4876 1689 4929 ὡς
1714 4876 1932 4930 νέκυας.
1970 4875 2154 4929 εἰλυός
2173 4880 2404 4929 accessit
2420 4892 2487 4927 ex
2506 4877 2604 4927 An.
2626 4878 2750 4928 Par.
2771 4878 2847 4927 IV
2867 4879 2982 4930 181.
