3664 5546
1163 363 1322 418 ΠΕΡΙ
1361 360 1752 417 ΚΑΘΟΛΙΚΗΕ
1784 360 2208 417 ΠΡΟΕΩιΔΙΑΕ
2247 361 2325 415 ΙΑ.
2921 356 3049 423 299

465 536 545 613 ἣν
603 533 1018 612 Ἀλέξανδρος
1072 533 1319 612 ταχέως
1383 533 1635 609 νικήςας
1697 530 1898 596 ἔκτιςε
1962 530 2065 595 καὶ
2103 529 2392 610 ῶνόμαςε
2453 531 2559 595 διὰ
2612 531 2687 594 τὸ
2742 529 3047 608 εὔπορον.

467 636 626 700 Θου
641 635 767 714 ρία
809 635 999 700 πόλις
1044 635 1331 714 Ἰταλίας,
1375 634 1416 710 ἣ
1461 634 1564 696 καὶ
1608 632 1876 710 Θούριοι
1920 634 2024 696 καὶ
2066 632 2365 709 Θούριον.
2447 632 2573 696 ἔςτι
2620 632 2692 696 δὲ
2736 631 2838 695 καὶ
2883 631 3047 695 Μες-

468 738 681 815 ςηνίας
736 737 939 801 πόλις.
1028 736 1393 800 Παυςανίας
1448 735 1521 798 δὲ
1575 732 1674 816 (4,
1719 732 1836 812 31,
1888 733 1952 814 1)
2005 734 2302 798 Ἄνθειαν
2358 733 2558 811 αὐτήν
2613 753 2781 813 φηςι.
2880 733 3049 796 τινὲς

467 840 539 903 δὲ
583 839 883 903 Θουνίαν.
972 836 1464 916 Θυμιατηρία
1516 835 1703 899 πόλις
1746 835 1995 915 Λιβύης.
2085 835 2365 912 Ἰκαρία
2420 838 2618 912 δῆμος
2672 837 2785 911 τῆς
2837 832 3046 912 Αἰγηί-

467 944 583 1004 δος
624 942 837 1019 φυλῆς
880 938 1011 1003 ἀπὸ
1054 937 1318 1016 Ἰκαρίου
1372 941 1489 1001 τοῦ
1543 937 1789 1015 πατρὸς
1844 936 2193 1015 Ἠριγόνης.
2282 936 2613 1014 Ἰλλυρία
2665 936 2845 1014 χώρα
2888 938 3045 1014 πλη-
3076 944 3110 995 5

468 1040 604 1106 ςίον
649 1045 767 1105 τοῦ
809 1039 1147 1116 Παγγαίου
1203 1039 1335 1104 ἀπὸ
1380 1038 1684 1116 Ἰ-λλυρίου
1742 1042 1860 1102 τοῦ
1921 1037 2174 1116 Κάδμου
2227 1037 2472 1101 παιδός
2562 1035 2890 1115 Ἰςαυρία
2944 1056 3049 1115 με-

466 1144 618 1208 ταξύ
662 1140 1015 1207 Λυκαονίας
1058 1142 1161 1205 καὶ
1208 1139 1477 1204 Κιλικίας
1519 1139 1683 1217 πρὸς
1725 1145 1816 1221 τῷ
1862 1139 2111 1222 Ταύρῳ.
2199 1138 2468 1216 Ἰςτρία
2510 1138 2689 1217 χώρα
2730 1138 2891 1201 κἀτὰ
2933 1138 3050 1202 τὸν

468 1244 691 1308 Ἰόνιον
737 1243 1002 1307 κόλπον.
1089 1242 1405 1320 ἑςπερία
1456 1240 1498 1318 ἡ
1552 1240 1724 1305 δύςις
1779 1240 1885 1304 καὶ
1937 1241 2013 1305 τὸ
2066 1241 2325 1305 δυτικὸν
2382 1240 2594 1319 μέρος.
2686 1238 3052 1318 Καβειρία

466 1345 654 1409 πόλις
697 1347 810 1420 τῆς
852 1343 1021 1408 κάτω
1068 1342 1269 1407 Ἀςίας
1310 1342 1350 1420 ἡ
1394 1343 1497 1407 καὶ
1545 1341 1847 1420 Κάβειρος
1900 1342 2006 1406 καὶ
2052 1340 2397 1421 Καβείριον.
2491 1340 2882 1421 Καλαβρία
2926 1360 3050 1418 χω-

468 1445 608 1524 ρίον
664 1444 930 1524 πληςίον
975 1446 1086 1521 τῆς
1130 1443 1402 1509 Ἰταλίας.
1496 1443 1841 1522 Καμαρία
1884 1431 2397 1521 πόλις’Ἰταλική.
2488 1443 2841 1522 «Ἀλβανῶν
2890 1441 3050 1506 άπό-
3090 1452 3155 1502 ιο

468 1567 731 1628 κτιςις»,
784 1545 1132 1609 Διονύςιος
1187 1545 1491 1629 δευτέρῳ.
1523 1545 1872 1623 Ῥωμαϊκῆς
1935 1543 2405 1622 ἀρχαιολογίας.
2508 1544 2807 1622 Καπρία
2860 1547 3054 1622 νῆςος

469 1648 742 1712 Ἰταλίας.
816 1646 1140 1711 Ἑκαταῖος
1181 1646 1472 1730 Εὐρώπῃ.
1548 1646 1844 1721 λέγονται
1899 1646 2002 1710 καὶ
2050 1644 2395 1723 Καπριαί.
2475 1643 2715 1724 Καρία
2772 1645 2810 1723 ἡ
2856 1646 3052 1724 χώρα.

461 1748 756 1813 ἐκαλεῖτο
815 1748 887 1811 δὲ
940 1749 1043 1812 καὶ
1093 1747 1132 1825 ἡ
1191 1748 1510 1827 Μεγάρων
1567 1748 1919 1826 ἀκρόπολις
1973 1746 2166 1824 Καρία
2219 1746 2350 1811 ἀπὸ
2401 1746 2602 1824 Καρὸς
2656 1751 2773 1810 τοῦ
2827 1746 3053 1824 Φορω-

469 1850 647 1915 νέως.
735 1849 1320 1928 Κρουςτομερία
1363 1850 1549 1915 πόλις
1594 1848 1878 1930 Εαβίνων
1924 1848 2258 1937 άντιςτᾶςα
2298 1848 2620 1933 Ῥωμύλῳ.
2705 1848 3053 1912 Διονύςιος

469 1951 752 2034 δευτέρῳ
796 1950 1145 2029 Ῥωμαῖκῆς
1187 1949 1658 2030 ἀρχαιολογίας.
1751 1950 2088 2029 Κυθηρία
2140 1952 2333 2027 νῆςος
2388 1950 2552 2027 πρὸς
2596 1955 2673 2033 τῇ
2723 1949 2957 2032 Κρήτῃ,
3013 1950 3052 2026 ἢ
3091 1957 3155 2009 15

469 2053 571 2118 καὶ
604 2052 869 2131 Κύθηρα.
922 2052 1267 2130 Λαγαρία
1310 2054 1631 2132 φρούριον
1665 2051 1942 2117 Εικελίας
1986 2051 2256 2129 πληςίον
2289 2050 2614 2132 Θουρίων,
2657 2041 2785 2114 τοῦ
2807 2051 3055 2115 Ἐπειοῦ

469 2156 573 2218 καὶ
616 2153 897 2217 Φωκέων
941 2152 1190 2236 κτίςμα,
1247 2154 1335 2218 ὡς
1381 2153 1680 2236 (τράβων
1735 2154 1803 2234 (6
1855 2175 1918 2238 p.
1963 2151 2133 2234 263).
2222 2152 2607 2228 Λουκερία
2661 2151 2848 2215 πόλις
2906 2152 3054 2216 Ἰτα-

470 2256 623 2319 λίας.
696 2255 1022 2335 Πολύβιος
1066 2257 1274 2339 τρίτῳ.
1347 2257 1524 2333 παρὰ
1565 2255 2006 2337 δὲ.Διονυςίῳ
2052 2255 2157 2318 διὰ
2199 2257 2317 2318 τοῦ
2363 2256 2404 2317 ἆ
2446 2254 2775 2332 γράφεται.
2855 2243 3053 2316 Νου-

470 2358 686 2435 κερία
731 2356 916 2420 πόλις
961 2357 1235 2421 Ἰταλίας.
1312 2357 1764 2437 Μεςημβρία
1806 2357 1994 2420 πόλις
2038 2355 2338 2431 Ποντική.
2409 2354 2722 2417 Νικόλαος
2768 2353 3052 2436 πέμπτῳ.

471 2458 701 2535 ἐκλήθη
759 2456 890 2521 ἀπὸ
938 2457 1211 2521 Μέλςου.
1302 2459 1443 2537 βρία
1499 2458 1622 2535 γὰρ
1678 2459 1795 2534 τὴν
1852 2457 2043 2521 πόλιν
2093 2455 2247 2534 φαςὶ
2291 2455 2549 2537 Θρᾷκες.
2640 2455 2729 2518 ὡς
2774 2453 2895 2519 οὖν
2940 2453 3053 2532 Cn-
3090 2465 3158 2516 20

471 2558 739 2636 λυμβρία
801 2558 841 2634 ἡ
908 2562 1024 2620 τοῦ
1080 2557 1323 2634 (ήλυος
1388 2559 1604 2639 πόλις,
1669 2558 2082 2637 Πολτυμβρία
2142 2557 2182 2634 ἡ
2238 2556 2536 2620 Πόλτυος
2597 2557 2815 2636 πόλις,
2860 2534 3054 2619 ὀὕτω

474 2657 879 2736 Μελςημβρία
922 2658 962 2736 ἡ
1009 2657 1266 2722 Μέλςου
1315 2659 1503 2723 πόλις
1547 2660 1649 2723 καὶ
1703 2659 1808 2722 διὰ
1863 2659 1939 2723 τὸ
1994 2657 2453 2737 εὐφωνότερον
2510 2657 2756 2732 λέγεται
2805 2658 3053 2736 Μεςημ-

472 2760 628 2838 βρία.
717 2758 843 2844 ἔςτι
887 2759 991 2822 καὶ
1035 2758 1285 2841 Θρᾴκης
1332 2746 1696 2839 Μεςημβρία
1752 2761 1915 2838 πρὸς
1969 2748 2271 2844 τῶίτέλει
2324 2762 2435 2837 τῆς
2480 2759 2905 2842 χερρονήςου,
2964 2760 3054 2824 ὡς

471 2860 824 2938 Ἡρόδοτος
868 2861 1102 2943 ἑβδόμῃ
1147 2861 1227 2940 (c.
1278 2859 1441 2941 108).
1531 2861 1945 2940 Μολυκρία
1987 2862 2175 2926 πόλις
2219 2861 2540 2925 Αἰτωλίας.
2609 2860 2906 2941 (Στράβων
2953 2866 3052 2925 δε-

470 2962 626 3045 κάτῃ
669 2963 761 3045 (p.
805 2959 975 3041 460).
1066 2961 1456 3040 Θουκυδίδης
1514 2964 1781 3046 δευτέρᾳ
1836 2964 1922 3043 (ο.
1968 2961 2079 3043 84)
2136 2962 2541 3040 Μολύκρειον
2596 2961 2797 3041 αὐτὴν
2855 2964 3052 3044 καλεῖ,
3089 2973 3156 3022 25

471 3062 809 3141 Εὐφορίων
868 3065 938 3126 δὲ
996 3062 1368 3140 Μολυκρίαν
1422 3064 1624 3142 αὐτήν
1679 3085 1849 3144 φηςι.
1937 3063 2330 3141 Οἰνωτρία
2384 3064 2564 3142 χώρα
2615 3066 2726 3139 τῆς
2781 3064 3053 3128 Ἰταλίας.

469 3166 637 3228 τινὲς
683 3165 753 3228 δὲ
798 3164 997 3243 αὐτὴν
1043 3164 1307 3228 Ἰταλίαν
1365 3165 1536 3229 οὕτω
1581 3166 1734 3244 φαςὶ
1787 3168 2115 3241 κεκλῆςθαι
2174 3164 2305 3228 ἀπὸ
2350 3164 2682 3241 Οἰνωτροῦ
2730 3165 3053 3247 Ἀρκάδος,

475 3266 565 3329 ὡς
609 3265 975 3329 Παυςανίας
1021 3263 1238 3348 ὀγδόῳ
1283 3268 1368 3347 (c.
1401 3265 1462 3346 3,
1508 3266 1594 3347 5).
1654 3267 2049 3344 Πείςανδρος
2094 3265 2576 3348 τριςκαιδεκάτῳ
2621 3264 2752 3329 ἀπὸ
2795 3269 2908 3343 τῆς
2937 3271 3055 3331 τοῦ

472 3365 659 3438 οἴνου
703 3366 984 3443 χρήςεως
1027 3370 1354 3443 κεκλῆςθαι
1400 3367 1600 3445 αὐτήν
1646 3389 1855 3447 φηςιν.
1901 3368 2274 3447 Ζεφυρία.
2332 3368 2539 3432 οὕτως
2582 3367 2870 3431 ἐκαλεῖτο
2918 3368 3054 3445 Μῆ-

471 3469 585 3529 λος
630 3470 833 3542 νῆςος.
881 3466 1349 3545 Ἀνακτορία.
1398 3469 1604 3532 οὕτως
1652 3469 1990 3548 ὠνομάςθη
2024 3470 2307 3547 Μίλητός
2352 3470 2536 3533 πόλις
2581 3468 2712 3532 ἀπὸ
2743 3469 3053 3533 Ἄνακτος
3090 3478 3157 3529 30

470 3571 598 3630 τοῦ
635 3567 749 3643 Γῆς
793 3568 895 3630 καὶ
940 3567 1255 3645 Οὐρανοῦ.
1346 3569 1648 3648 Νιτρίαι
1694 3571 1896 3634 τόπος
1942 3570 2278 3644 Αἰγύπτου.
2342 3569 2641 3650 (τράβων
2686 3571 3053 3634 ἑπτακαιδε-

470 3667 625 3748 κάτῃ
658 3668 751 3751 (p.
782 3666 953 3749 308).
1010 3669 1515 3747 Πανδατερία
1560 3674 1767 3749 νῆςος.
1827 3671 2108 3749 Πιερία
2149 3671 2335 3735 πόλις
2369 3672 2437 3737 ἐν
2469 3671 2790 3755 ὁμωνύμῳ
2822 3672 3053 3754 χωρίῳ.

473 3768 764 3845 Πτερία
809 3768 994 3832 πόλις
1036 3767 1324 3849 Εινώπης
1368 3774 1470 3836 καὶ
1502 3772 1778 3853 Μήδων,
1823 3774 1862 3849 ἢ
1907 3774 2009 3836 καὶ
2038 3773 2316 3851 Πτέριον
2363 3773 2626 3848 λέγεται.
2715 3772 3055 3852 (καμαν·
3135 3823 3142 3828 .

470 3870 647 3947 δρία
702 3869 891 3933 πόλις
934 3869 1182 3947 Τροίας.
1271 3871 1713 3952 Εφακτηρία
1757 3877 1982 3955 νῆςος,
2027 3874 2102 3951 ἧς
2148 3875 2528 3952 μνημονεύει
2573 3874 2938 3938 Παυςανίας
2983 3874 3054 3937 ἐν

469 3971 661 4052 τρίτῳ
715 3972 1144 4048 περιηγήςεως
1189 3971 1491 4058 Ἑλλάδος
1545 3975 1626 4054 (e.
1670 3973 1744 4052 5,
1789 3973 1875 4054 5).
1965 3976 2252 4040 ἐκαλεῖτο
2307 3976 2408 4038 καὶ
2455 3974 2733 4056 Εφαγία,
2792 3976 2882 4038 ὼς
2924 3974 3054 4037 Φα-
3091 3983 3156 4034 35

473 4075 762 4150 βωρῑνος.
855 4070 1134 4149 Εχερία
1189 4073 1226 4150 ἡ
1274 4073 1557 4139 Φαιακία.
1645 4076 1969 4156 κέκληται,
2027 4077 2116 4140 ῶς
2165 4076 2591 4154 Ἀριςτοτέλης
2646 4076 2866 4154 φηςίν,
2922 4074 3054 4139 ἀπὸ

469 4177 586 4236 τοῦ
629 4174 746 4250 τὴν
790 4172 1139 4251 Δήμητραν
1184 4176 1630 4255 φοβουμένην,
1677 4177 1757 4252 μὴ
1804 4176 1867 4239 οἱ
1911 4176 1980 4239 ἐκ
2023 4180 2134 4254 τῆς
2177 4178 2445 4255 ἠπείρου
2487 4176 2891 4254 ἐπιχεόμενοι
2937 4196 3056 4239 πο-

468 4275 654 4351 ταμοὶ
708 4275 976 4352 ἤπειρον
1032 4274 1231 4352 αὐτὴν
1288 4277 1623 4358 ποιήςωςι,
1684 4281 1982 4355 δεηθῆναι
2040 4281 2157 4341 τοῦ
2201 4279 2611 4342 Ποςειδῶνος
2656 4276 3055 4355 άποςτρέψαι

467 4375 546 4438 τὰ
588 4380 720 4439 τῶν
777 4380 1085 4455 ποταμῶν
1133 4375 1425 4454 ῥεύματα
1513 4377 1974 4455 ἐπιςχεθέντων
2031 4376 2152 4441 οὐν
2207 4378 2460 4441 τούτων
2516 4376 2660 4441 ἀντὶ
2707 4377 3056 4457 Δρεπάνης

471 4473 732 4553 Εχερίαν
788 4477 987 4555 αὐτὴν
1043 4480 1386 4553 κεκλῆςθαι.
1474 4477 1820 4555 Ταλαρία
1875 4478 2061 4542 πόλις
2117 4477 2573 4556 Ευρακουςίων.
2627 4478 3054 4558 ,Θεόπομπος
3091 4497 3158 4546 40

469 4575 539 4639 ἑν
583 4575 981 4642 Φιλιππικῶν
1027 4578 1102 4656 μ’.
1177 4579 1698 4658 Ποιμανδρία·
1756 4578 1964 4643 οὕτως
2022 4579 2310 4643 ἐκαλεῖτο
2367 4580 2686 4658 πρότερον
2731 4579 3048 4659 Τάναγρα.

736 4714 871 4721 -Ᾰ--.

604 4797 638 4847 1.
677 4800 737 4848 12
775 4796 1010 4863 Καπριαί
1043 4801 1349 4865 comparari
1383 4804 1567 4865 potest
1601 4815 1723 4850 eum
1760 4751 1982 4864 Θραςιαί
2019 4804 2076 4851 et
2111 4799 2345 4865 Βρυςιαί.
