3664 5546
1166 386 1323 441 ΠΕΡΙ
1366 383 1756 440 ΚΑΘΟΛΙΚΗ(
1793 381 2216 438 ΠΡΟΕΩιΔΙΑ(
2275 383 2331 436 Β.
2957 377 3039 442 47

949 557 1273 638 μιςγόμεθ’
1317 557 1618 635 ἀλλήλων
1664 555 1755 620 ὡς
1797 555 2074 633 Ἄραρος
2117 551 2440 619 Ῥοδανός.

459 662 800 741 Ἰνςόβαρ
845 660 1035 726 ἔθνος
1082 660 1378 724 Κελτικὸν
1423 659 1587 737 πρὸς
1629 663 1723 741 τῷ
1752 658 1973 741 Πάδῳ.
2033 656 2391 738 Πολύβιος,
2437 655 2551 718 οὓς
2592 654 2694 718 καὶ
2720 653 3042 732 Ἴνςοβρας

460 784 665 846 φηςιν.
3054 836 3060 842 ,

628 865 722 929 Τὰ
766 864 854 929 εἰς
899 868 979 942 ὐρ
1025 864 1360 944 βαρύνεται
1392 861 1536 928 οἷον
1583 863 1898 942 μάρτυρ.
1965 860 2203 936 γίνεται
2247 860 2318 924 δὲ
2362 858 2432 923 ἐκ
2460 862 2579 924 τοῦ
2609 858 2845 938 μάρτυς
2887 856 3043 920 κατὰ

459 969 574 1046 τὴν
624 966 910 1033 Αἰολέων
968 967 1326 1032 διάλεκτον·
1386 966 1617 1030 ἐκεῖνοι
1669 964 1795 1043 γὰρ
1853 963 1929 1027 τὸ
1986 965 2019 1025 ἰ
2075 961 2161 1028 εἰς
2218 966 2254 1039 Γ)
2310 959 2764 1042 μεταβάλλουςι
2809 958 2884 1023 τὸ
2929 956 3037 1022 οὗ·
3068 964 3102 1014 5

460 1090 570 1134 τος
615 1067 811 1147 οὗτορ
869 1068 1169 1144 λέγοντες
1211 1068 1315 1133 καὶ
1356 1068 1432 1132 τὸ
1484 1065 1685 1158 ἵππος
1736 1066 1969 1143 ἵππορ·
2026 1064 2232 1129 οὕτως
2288 1062 2408 1130 οὖν
2464 1063 2568 1128 καὶ
2610 1062 2845 1141 μάρτυς
2890 1060 3041 1139 μάρ-

458 1191 605 1254 τυρ,
661 1170 786 1250 ἀφ’
842 1169 918 1248 ἧς
977 1169 1246 1235 ἑκτίπτει
1301 1168 1729 1248 πληθυντικὸν
1786 1167 1850 1232 οἱ
1908 1167 2218 1248 μάρτυρες
2260 1166 2434 1244 παρά
2488 1185 2554 1229 τε
2600 1165 2899 1245 κωμικοῖς
2942 1164 3044 1227 καὶ

461 1273 851 1337 Ἱππώνακτι.
920 1271 983 1337 οἱ
1028 1273 1099 1338 δέ
1142 1292 1216 1348 γε
1261 1270 1567 1351 μάρτυροι
1611 1269 1742 1335 ἀπὸ
1785 1273 1898 1349 τῆς
1943 1269 1981 1333 ὁ
2026 1270 2342 1348 μάρτυρος
2387 1267 2633 1333 εὐθείας
2664 1264 2809 1331 οἷον
2840 1264 3044 1329 «Ζεὺς

461 1375 528 1439 δ’
572 1373 730 1454 ἄμμ’
773 1373 1196 1452 ἐπιμάρτυρος
1249 1372 1451 1437 ἔςτω»
1511 1373 1592 1454 (Η
1638 1371 1763 1453 76).
1863 1371 2118 1450 ψίθυρ.
2174 1374 2372 1435 ταῦτα
2426 1371 2497 1435 δὲ
2552 1370 2717 1448 μόνα
2775 1366 3043 1446 εἴρηται·

460 1478 535 1541 τὸ
580 1477 703 1555 γὰρ
747 1477 1096 1554 Ἴλλυρες
1140 1476 1243 1540 καὶ
1290 1475 1669 1553 Κέρκυρες
1714 1475 1818 1539 καὶ
1870 1474 2231 1552 Ἀςςυρες
2275 1472 2451 1550 παρὰ
2492 1470 2918 1549 Ἐρατοςθένει
2963 1468 3042 1533 ού
3080 1474 3146 1526 10

461 1578 717 1642 κλίςεως
761 1577 923 1643 ἐςτὶν
970 1576 1100 1642 ἀπὸ
1146 1576 1392 1642 εὐθείας
1433 1581 1545 1656 τῆς
1588 1577 1827 1659 Ἴλλυρ,
1879 1575 2146 1658 Κέρκυρ,
2201 1575 2458 1656 Ἀςςυρ,
2515 1573 2682 1638 ἀλλὰ
2724 1572 2883 1636 κατὰ
2926 1573 3041 1649 τὴν

461 1678 661 1758 αὐτὴν
706 1683 942 1744 πτῶςιν
985 1679 1492 1759 μεταπέπλαςται
1549 1679 1619 1742 ἐκ
1670 1682 1788 1742 τοῦ
1836 1677 2126 1756 Ἰλλύριοι
2183 1678 2286 1742 καὶ
2333 1677 2702 1754 Κερκυραῖοι
2755 1673 2859 1739 καὶ
2912 1672 3042 1738 'Ac-

463 1780 662 1859 ςύριοι
715 1781 805 1845 ὡς
849 1779 913 1845 οἱ
955 1781 1344 1859 θεράποντες
1387 1781 1682 1860 εὕρηνται
1724 1780 1997 1858 θέραπες
2041 1779 2377 1858 λεγόμενοι
2420 1779 2523 1843 καὶ
2564 1777 2628 1842 οἱ
2673 1776 3044 1841 πολύποδες

460 1883 779 1947 πώλυπες.
827 1882 1128 1948 ὡςαύτως
1157 1883 1288 1961 ἔχει
1323 1884 1426 1947 καὶ
1468 1884 1544 1948 τὸ
1572 1881 1808 1960 Λίγυρ
1827 1901 1904 1947 ες
1948 1881 2138 1947 ἔθνος
2166 1881 2474 1960 προςεχὲς
2503 1882 2639 1945 τοῖς
2668 1879 3040 1957 Τυρρηνοῖς.

462 1983 930 2064 Ἀρτεμίδωρος.
1031 1983 1162 2050 ἀπὸ
1215 1985 1493 2064 Λιγύρου
1547 1988 1872 2064 ποταμοῦ·
1935 1985 2039 2049 καὶ
2089 1983 2412 2066 φίλυρες
2477 1981 2667 2049 ἔθνος
2736 1981 2901 2059 πρὸς
2953 1986 3044 2065 τῷ
3081 1985 3146 2035 15

461 2086 698 2170 Πόντῳ
744 2085 875 2151 ἀπὸ
919 2087 1200 2165 Φιλύρας
1241 2091 1353 2165 τῆς
1397 2088 1632 2168 μητρὸς
1680 2086 1945 2164 Κρόνου.
2377 2139 2391 2160 ,

631 2188 725 2252 Τά
779 2188 868 2253 εἰς
922 2191 1004 2266 η-ρ
1060 2188 1351 2255 ὀξύνεται
1405 2191 1511 2253 καὶ
1562 2188 1915 2268 βαρύνεται.
2001 2188 2104 2252 καὶ
2157 2187 2447 2255 ὀξύνεται
2500 2187 2615 2267 μὲν
2669 2185 2844 2251 ἅπλᾶ
2887 2184 3046 2250 ὄντα

462 2289 772 2369 ἀρςενικά.
860 2289 898 2354 ὁ
954 2291 1026 2355 δὲ
1082 2291 1277 2366 λόγος
1331 2293 1478 2369 περὶ
1529 2293 1658 2355 τῶν
1715 2289 1804 2354 εἰς
1861 2309 1941 2367 ηρ
1999 2293 2116 2355 τοῦ
2169 2293 2206 2354 τ
2260 2288 2755 2369 προηγουμένου
2808 2290 2926 2353 τοῦ
2981 2291 3043 2368 ἦ,

463 2393 776 2474 ςτατήρ,
822 2391 1141 2474 ἑλατήρ,
1186 2391 1574 2474 καμτιιτήρ,
1620 2389 1937 2474 ὀλετήρ,
1982 2390 2298 2474 ξυςτήρ,
2342 2392 2710 2472 γενετήρ,
2766 2390 3044 2472 πατήρ,

464 2493 741 2574 ςωτήρ,
773 2494 1144 2576 χρηςτήρ,
1174 2493 1511 2576 ζωςτήρ,
1541 2495 1644 2558 καὶ
1671 2492 1937 2573 Ζωςτήρ
1967 2496 2080 2571 τῆς
2112 2494 2386 2572 Ἀττικῆς
2416 2493 2658 2575 ἰςθμός,
2689 2491 2860 2557 ὅπου
2891 2492 3045 2572 φαςὶ
3079 2496 3148 2546 20

462 2596 578 2673 τὴν
609 2594 793 2674 Λητὼ
826 2598 1002 2660 λῦςαι
1032 2597 1148 2675 τὴν
1192 2595 1405 2674 Ζώνην
1436 2595 1538 2659 καὶ
1579 2597 1874 2660 καθεῑςαν
1919 2595 1989 2661 ἐν
2019 2603 2095 2681 τῇ
2132 2596 2316 2679 λίμνῃ
2349 2595 2668 2660 λούςαθαι.
2736 2594 3045 2661 ἐνταῦςθα

464 2697 721 2789 θύουςιν
754 2696 1001 2763 Ἁλαεῖς
1029 2698 1226 2779 Λητοῖ
1255 2699 1358 2762 καὶ
1389 2697 1693 2779 Ἀρτέμιδι
1723 2698 1827 2762 καὶ
1856 2697 2213 2765 Ἀπόλλωνι
2243 2697 2600 2783 Ζωςτηρίῳ.
2654 2697 3042 2778 ἐξαυςτήρ.

465 2800 759 2879 Ἐξαύτηρ
806 2802 876 2866 δὲ
921 2801 1142 2880 κύριον
1190 2801 1280 2866 ὼς
1322 2802 1397 2866 τὸ
1442 2800 1739 2882 ἀμάτηρ
1782 2803 1887 2866 καὶ
1929 2800 2174 2882 ἄντηρ
2218 2804 2321 2867 καὶ
2353 2803 2624 2881 Ἀςτηρ
2668 2802 2908 2881 κύριον.
2966 2802 3043 2865 τὸ

465 2904 536 2968 δὲ
567 2904 876 2985 φράτηρ
908 2903 1170 2969 Ἀττικοὶ
1212 2905 1326 2984 μὲν
1363 2905 1740 2985 βαρύνουςιν
1758 2953 1775 2986 ,
1822 2904 1886 2969 οἱ
1913 2905 2192 2983 Δωριεῖς
2220 2904 2570 2972 ὀξύνουςιν.
2629 2904 2944 2985 φράτερες
2973 2903 3045 2968 δέ

467 3141 565 3190 per
605 3123 870 3178 Γαλατίας
908 3124 1160 3188 ποταμός
1198 3126 1551 3192 explicatum.
1624 3125 1863 3191 Ἰνςόβαρ
1911 3128 2152 3180 accessit
2194 3144 2262 3180 ex
2299 3129 2378 3179 st.
2416 3128 2480 3179 B.
2517 3142 2559 3178 s.
2595 3144 2678 3191 v.‚
2718 3126 2816 3177 sed
2851 3124 3045 3190 Ἔαρες

466 3193 626 3246 ἔθνος
665 3193 894 3246 Ἰνδικὸν
927 3194 1184 3258 Dionysii
1219 3196 1635 3247 Bassarieorum
1671 3196 1988 3248 testimonio
2023 3196 2291 3247 firmatum
2328 3196 2501 3248 omisi.
2638 3195 2675 3247 l.
2712 3197 2747 3245 4
2782 3193 2863 3245 ἔτι
2899 3195 3043 3261 quod

465 3263 626 3313 initio
665 3278 755 3327 ap.
792 3265 917 3320 Are.
955 3262 1254 3330 praefixum
1292 3270 1395 3326 est,
1433 3269 1496 3314 ut
1531 3264 1602 3314 ab
1641 3265 2003 3329 epitomatore
2040 3264 2348 3330 profectum
2385 3264 2567 3322 omisi,
2613 3263 2712 3315 sed
2748 3261 3044 3327 βαρύνεται

466 3330 677 3384 addidi.
748 3329 962 3395 μάρτυρ
998 3330 1218 3396 explevi
1254 3348 1322 3382 ex
1356 3332 1613 3384 Eustath.
1644 3335 1758 3396 114,
1786 3336 1850 3384 15
1887 3333 2072 3384 collat.
2108 3349 2162 3398 p.
2190 3334 2339 3398 1807,
2378 3335 2441 3384 16
2478 3332 2756 3397 (Favorin.
2778 3334 2898 3384 429.
2938 3332 3044 3396 18),

471 3398 678 3463 Κέρκυρ
715 3414 783 3450 ex
818 3402 883 3451 E.
922 3401 996 3450 M.
1033 3401 1149 3459 560,
1187 3403 1278 3463 20,
1317 3401 1411 3465 qui
1446 3400 1601 3452 loeus
1637 3415 1706 3450 ex
1740 3400 1882 3452 libro
1927 3401 2058 3465 περὶ
2093 3401 2297 3452 παθῶν
2334 3406 2581 3466 sumptus
2618 3405 2733 3463 est,
2771 3413 2893 3449 cum
2940 3415 3047 3465 quo

469 3466 727 3517 coniunxi
764 3468 842 3522 St.
880 3467 942 3517 Β.
981 3469 1095 3529 137,
1132 3470 1165 3517 5
1200 3466 1459 3531 ’'Accupec
1506 3473 1563 3520 et
1598 3468 1854 3522 Eustath.
1890 3469 1962 3519 ad
2006 3471 2235 3534 Dionys.
2268 3471 2397 3531 492,
2445 3469 2533 3518 cui
2571 3468 2867 3528 debentur,
2906 3482 3046 3533 quae

467 3535 536 3586 de
560 3532 801 3598 θέραπες
839 3540 896 3586 et
929 3533 1200 3586 πώλυπες
1236 3541 1505 3587 annotata
1541 3542 1684 3600 suut,
1714 3533 1884 3601 Λίγυρ
1910 3553 1978 3587 ex
2005 3539 2083 3589 St.
2110 3539 2192 3597 Β.,
2227 3538 2361 3587 item
2388 3533 2564 3600 Φίλυρ
2601 3537 2675 3588 ef.
2717 3537 2854 3589 Lob.
2881 3535 2968 3588 El.
2993 3536 3049 3586 11

465 3606 582 3654 290.
720 3603 756 3653 l.
797 3606 858 3654 18
894 3602 1022 3667 περὶ
1058 3603 1180 3652 τῶν
1217 3600 1294 3654 εἰς
1330 3607 1400 3668 ηρ
1438 3604 1629 3656 addidi
1666 3605 1790 3656 coll.
1827 3605 2022 3656 Choer.
2059 3607 2142 3665 56,
2179 3608 2228 3662 3,
2263 3605 2299 3658 l.
2342 3608 2404 3655 19
2442 3604 2714 3656 vocabula
2749 3601 2958 3668 ὀλετὴρ
2982 3631 3047 3639 —-

469 3668 658 3734 πατήρ
695 3670 888 3722 addidi
923 3687 990 3721 ex
1026 3670 1223 3721 Choer.
1259 3673 1342 3730 85.
1378 3675 1445 3723 24
1479 3677 1538 3723 et
1561 3675 1677 3735 317,
1716 3671 1907 3737 ςωτήρ
1941 3671 2188 3738 χρηςτήρ
2226 3689 2293 3724 ex
2332 3688 2387 3738 p.
2421 3675 2541 3732 273,
2578 3670 2798 3737 ζωςτήρ
2835 3678 2892 3723 et
2925 3670 3048 3723 Ζω-

469 3736 606 3804 ςτήρ
642 3756 708 3789 ex
747 3741 825 3790 St.
863 3739 929 3788 B.
997 3739 1135 3789 Post
1174 3737 1468 3804 ἐξαυςτήρ,
1518 3740 1587 3791 de
1634 3756 1742 3806 quo
1787 3742 1984 3792 Choer.
2021 3741 2181 3793 Orth.
2215 3744 2343 3803 250,
2391 3743 2453 3791 15
2497 3739 2672 3805 Πίηρε
2726 3744 2778 3803 ῖ,
2824 3739 2896 3792 τὰ
2942 3738 3049 3805 γὰρ

470 3805 550 3858 εἰς
585 3809 656 3872 ηρ
697 3806 977 3871 βαρύτονα
1016 3805 1099 3857 ἑνὶ
1136 3804 1428 3872 φωνήεντι
1468 3806 1687 3860 θέλουςι
1723 3807 2141 3873 παραλήγεςθαι
2176 3809 2328 3873 πλὴν
2363 3810 2467 3862 τοῦ
2508 3806 2792 3874 Ἐξαύτηρ.
2836 3808 2953 3873 4ἔςτι
2990 3808 3049 3860 δὲ

470 3874 650 3937 ὄνομα
687 3873 879 3939 κύριον
915 3875 1006 3926 καὶ
1043 3872 1352 3939 βαρύνεται.
1422 3873 1587 3939 ἡνίκα
1622 3875 1683 3928 δὲ
1718 3874 1969 3943 ςημαίνει
2003 3876 2139 3929 τοὺς
2184 3874 2468 3942 ὀγκίνους,
2506 3874 2789 3940 ὀξύνεται,
2828 3893 2917 3942 ap.
2954 3878 3049 3926 Ar·

472 3943 687 3994 cadium
721 3943 980 4009 leguntur
1014 3941 1252 4007 ἐξαύτηρ
1286 3943 1348 3994 δὲ
1384 3942 1577 4008 κύριον
1623 3942 1701 3996 ὡς
1744 3944 1816 3996 τὸ
1861 3943 2082 4010 ἀμάτηρ
2128 3945 2219 3996 καὶ
2264 3943 2444 4010 ἅντηρ
2488 3944 2578 3995 καὶ
2623 3942 3048 4015 ᾰςτηρμςύριον.

472 4012 630 4075 Quae
676 4011 846 4063 verba
892 4012 1124 4075 retinui,
1172 4012 1303 4076 quia
1350 4018 1555 4063 eertum
1594 4012 1725 4078 quid
1762 4014 2024 4065 substitui
2070 4029 2181 4064 non
2225 4018 2435 4080 potest,
2482 4027 2809 4079 quamquam
2857 4018 3048 4078 aperte

470 4086 729 4146 corrupta
764 4084 909 4132 sunt.
959 4080 1094 4130 Nam
1132 4076 1369 4143 ἀμάτηρ,
1407 4078 1585 4145 ἄντηρ
1621 4067 1782 4132 ιιίδίἱί
1818 4085 1964 4144 sunt,
2001 4079 2202 4145 Ἀςτήρ
2239 4079 2429 4145 κύριον
2464 4087 2645 4132 autem
2681 4081 2739 4130 in
2777 4082 3050 4145 sequenti-

469 4149 571 4199 bus
607 4154 885 4214 oxytonon
933 4163 1056 4199 esse
1095 4147 1441 4213 perhibetur,
1488 4165 1613 4199 nam
1659 4148 1803 4215 quod
1840 4149 2098 4202 Eustath.
2146 4165 2194 4214 p.
2236 4152 2383 4212 1967,
2429 4152 2522 4200 20:
2567 4148 2656 4199 καὶ
2692 4145 2898 4213 Ἀςτηρ
2947 4147 3049 4211 μὲν

470 4216 652 4279 πόλις,
689 4213 864 4281 ἀςτήρ
900 4214 960 4266 δὲ
995 4214 1027 4267 ὁ
1065 4214 1193 4265 κατ’
1218 4213 1464 4278 οὐρανόν
1502 4217 1657 4277 dicit,
1690 4233 1725 4267 a
1753 4217 2063 4283 Philopono
2097 4223 2378 4268 mutuatus
2413 4232 2532 4268 esse
2564 4217 2785 4267 videtur
2817 4216 3050 4267 Lehrsio

471 4283 538 4334 de
575 4285 743 4338 Arist.
792 4300 843 4349 p.
879 4286 975 4335 291
1017 4284 1099 4334 ed.
1137 4283 1208 4334 11.
1264 4283 1613 4336 Herodianus
1649 4285 1753 4336 hoc
1796 4284 1920 4336 loeo
1956 4285 2179 4336 videtur
2223 4285 2474 4337 docuisse
2520 4284 2797 4337 voeabula
2842 4286 2900 4334 in
2943 4287 3051 4348 ’ῖ-ῐ)

473 4353 694 4403 etiamsi
729 4353 787 4401 in
865 4352 1050 4417 ropria
1085 4357 1397 4416 transeant,
1437 4358 1705 4417 oxytonos
1751 4354 1917 4406 scribi
1962 4354 2042 4415 (in
2089 4359 2352 4419 sequente
2400 4368 2608 4405 canone
2656 4353 2817 4403 dicit:
2863 4351 2936 4402 τὰ
2972 4366 2997 4403 ε
3023 4367 3050 4403 ς

469 4424 541 4483 ἥρ
594 4418 782 4471 ὲθνικὰ
925 4418 1085 4484 κύρια
1139 4417 1212 4482 μὴ
1259 4417 1714 4482 ςυνεμπίπτοντα
1759 4424 2184 4487 προςηγορικοῖς
2229 4420 2612 4487 βαρύνονται),
2666 4422 2777 4472 nisi
2821 4423 3050 4471 mutatio

472 4488 740 4553 quaedam
768 4488 974 4547 formae
1000 4486 1152 4539 velut
1187 4488 1245 4537 in
1272 4486 1539 4553 ἐξαυςτήρ
1568 4496 1625 4538 et
1650 4487 1915 4555 Ἐξαύτηρ
1954 4490 2106 4541 faeta
2130 4491 2220 4544 eit.
2359 4489 2395 4539 1.
2420 4493 2486 4541 24
2520 4487 2744 4555 φράτηρ
2769 4488 2958 4539 addidi
2983 4494 3052 4539 εἰς·

471 4557 572 4621 Ep.
599 4557 758 4607 Hom.
785 4557 901 4617 346,
930 4558 992 4606 16
1018 4554 1116 4618 (ef.
1144 4554 1357 4609 Ahrene
1394 4556 1460 4607 de
1498 4556 1628 4610 dial.
1667 4557 1797 4608 Dor.
1826 4573 1877 4622 p.
1906 4559 1973 4608 26
2009 4563 2121 4609 not.
2147 4558 2203 4619 2)
2239 4563 2299 4609 et
2334 4558 2529 4610 Ohoer.
2555 4560 2646 4622 86,
2688 4559 2712 4608 l
2753 4557 3050 4624 (Theodos.

471 4627 589 4685 992,
631 4624 714 4687 11)
751 4624 874 4673 τῶν
910 4621 987 4675 είς
1023 4628 1094 4688 ἦρ
1133 4622 1536 4688 βαρυτόνων
1570 4623 1643 4676 τὰ
1677 4623 1779 4687 μὲν
1816 4627 1998 4691 μακρᾷ
2036 4624 2473 4692 παραληγόμενα
2495 4625 2759 4690 τρέπουςι
2792 4624 2863 4676 τὸ
2898 4628 2933 4689 ἦ
2973 4623 3050 4676 εἰς

473 4693 502 4742 ’ἑ
538 4690 599 4743 ὲν
633 4694 704 4757 τῇ
740 4694 932 4757 γενικῇ
970 4688 1094 4743 οἷον
1128 4688 1279 4757 Πίηρ
1313 4690 1539 4757 Πίερος,
1576 4691 1800 4758 φράτηρ
1844 4691 2127 4759 φράτερος
2163 4692 2464 4760 (φράτερες
2499 4693 2560 4745 δέ
2606 4691 2739 4745 εἰςιν
2774 4692 2827 4744 οἱ
2863 4707 3051 4756 ςυγγε-

474 4758 628 4824 νεῑς).
699 4761 1023 4812 Nominibus
1068 4761 1125 4811 in
1171 4765 1277 4824 τηρ
1324 4761 1456 4811 addi
1501 4767 1688 4826 potest
1731 4759 1870 4826 ἑτήρ
1914 4765 1972 4813 in
2018 4762 2275 4828 Sophoel.
2323 4764 2390 4818 fr.
2427 4765 2527 4815 682
2571 4763 2769 4813 Nauck
2805 4761 3049 4827 «ἑτῆρας

475 4825 684 4888 ἀμνοὺς
729 4829 878 4880 θεοῖς
924 4826 1075 4892 ἔρεξ’
1106 4825 1420 4890 ζὲπακτίους
1465 4845 1533 4879 ex
1577 4829 1756 4880 Cram.
1802 4832 1906 4884 An.
1944 4831 2047 4882 Ox.
2078 4831 2169 4881 ‘IV
2212 4833 2339 4895 329,
2377 4833 2446 4882 20
2486 4829 2556 4881 τὸ
2601 4828 2738 4895 ἐτήρ
2784 4829 2936 4895 παρὰ
2979 4830 3049 4882 τὸ

476 4893 601 4946 ἔτος
638 4893 974 4974 (σοφοκλῆς)
1010 4895 1212 4962 ἑτῆρας
1247 4895 1457 4960 ᾰμνους
1494 4898 1642 4950 θεοῖς
1686 4895 1877 4964 ἐρέξας
1913 4895 2212 4952 ἐπακτίοις.
2281 4897 2556 4964 γράφεται
2591 4898 2653 4950 δὲ
2688 4898 2780 4951 καὶ
2817 4898 3048 4966 εὔειρας.
