3664 5546
644 397 766 462 174
1572 397 1655 453 ΕΚ
1692 398 1830 452 ΤΩΝ
1875 396 2284 452 ΗΡΩΔΊΑΝΟΥ

638 567 770 632 πίδι
813 572 945 633 τῶν
979 568 1353 652 Κυκλάδων,
1398 569 1723 649 Πέφνος
1767 569 1954 634 πόλις
1984 568 2329 646 Λακωνική.
2387 567 2883 647 Ἀπολλόδωρος
2923 569 2998 633 δὲ
3026 571 3221 647 νῆςον
3297 589 3300 592 ·

638 669 838 748 αὐτὴν
882 688 1062 749 φηςι·
1109 670 1357 746 λέγεται
1401 672 1473 735 δὲ
1517 671 1618 735 καὶ
1660 673 1948 749 θηλυκῶς
2001 672 2104 735 καὶ
2147 671 2522 749 οὐδετέρως.
2609 669 2870 735 ὕπνος.
2931 668 3223 749 (ἶίφνος

637 771 784 850 περὶ
836 773 955 850 τὴν
1005 772 1248 851 Κρήτην
1306 775 1497 850 νῆςος
1550 772 1681 838 ἀπὸ
1727 773 1971 853 Είφνου
2025 776 2144 837 τοῦ
2200 772 2502 855 (ουνίου,
2552 772 2643 838 ὡς
2700 773 3015 838 Νικόλαος
3056 772 3222 853 ’πέμ-

636 895 795 959 πτῳ.
881 874 1172 957 Ἴπνος,
1215 875 1294 952 ἣν
1340 874 1585 939 Ἰπνέαν
1628 876 1827 959 τινές,
1873 875 2139 954 Λοκρῶν
2182 880 2314 940 τῶν
2359 875 2662 941 Ὀζολῶν.
2748 875 2825 941 τὸ
2869 876 2942 940 δὲ
2986 895 3221 954 προςη-

575 983 610 1035 5
637 976 902 1054 γορικόν
948 974 1177 1042 ἰπνός
1222 975 1526 1044 ὀξύνεται.
1594 978 1913 1043 Θῶκνος
1954 978 2142 1057 ἥρως.
2216 979 2292 1043 τὸ
2338 979 2409 1043 δὲ
2453 978 2748 1043 καπνός
2793 974 3084 1046 ὀξύνεται
3131 977 3222 1043 ὡς
3263 992 3277 1001 ·

636 1077 792 1158 ἔχον
835 1077 912 1142 τό
955 1080 1013 1142 ἃ.

807 1205 847 1241 ιε
889 1179 984 1244 Τὰ
1013 1180 1101 1246 εἰς
1130 1183 1248 1245 W
1278 1182 1561 1264 λήγοντα
1590 1183 1730 1263 μετ’
1759 1182 2106 1260 ἐπιπλοκῆς
2137 1182 2488 1263 ςυμφώνου
2520 1183 2863 1264 διςύλλαβα
2893 1185 3217 1264 μονογενῆ

637 1281 873 1361 ἔχοντα
934 1282 1005 1347 ἐν
1058 1290 1134 1367 τῇ
1189 1283 1317 1362 πρὸ
1372 1284 1601 1350 τέλους
1665 1287 1941 1369 ςυλλαβῇ
1996 1285 2071 1350 τὸ
2133 1287 2170 1349 fi
2236 1286 2609 1365 βαρύνεςθαι
2674 1286 2878 1369 θέλει,
2941 1284 3220 1368 ὕμνος,

637 1385 953 1467 κύκνος,
1000 1384 1325 1468 λύχνος,
1376 1386 1700 1469 Κύθνος,
1747 1387 2046 1452 Βύςνος
2105 1388 2391 1467 βαςιλεὺς
2437 1388 2799 1468 Βεβρύκων·
2856 1387 3064 1452 οὕτως
3118 1387 3223 1451 καὶ

534 1492 605 1545 10
639 1486 991 1566 ςκύμνος,
1078 1487 1153 1551 τὸ
1210 1489 1281 1553 δὲ
1346 1487 1830 1568 ἀνδρωνυμικόν
1897 1488 2224 1556 ὀξύνεςθαι
2292 1488 2460 1556 ἀξιοῖ
2516 1488 2554 1554 ὁ
2615 1489 3081 1569 Ἀςκαλωνίτης.
3180 1487 3221 1551 ὁ

636 1587 853 1667 μέντοι
899 1588 1093 1664 λόγος
1136 1589 1620 1665 ςυναγωνίῑεται
1661 1598 1739 1676 τῇ
1785 1592 2003 1676 βαρείᾳ
2045 1591 2230 1656 τάςει.

807 1691 903 1756 Τὰ
946 1690 1035 1756 εἰς
1076 1694 1237 1769 ’μνος
1288 1692 1660 1776 διςύλλαβα,
1715 1693 1769 1757 εἰ
1822 1694 2185 1772 παραλήγοι
2232 1698 2273 1759 ᾶ
2317 1695 2473 1774 μετὰ
2516 1694 2899 1778 ςυμφώνου,
2955 1693 3220 1774 βαρύνε-

530 1777 542 1793 '
638 1812 770 1875 ται,
816 1793 1146 1876 θάμνος,
1194 1792 1503 1873 ῥάμνος.
1591 1795 1668 1859 τὸ
1714 1796 1784 1860 δὲ
1829 1795 2072 1876 άμνός
2116 1795 2423 1863 ὀξύνεται.
2511 1796 2643 1862 ἀπὸ
2697 1798 2819 1877 γὰρ
2873 1800 2991 1861 τοῦ
3036 1794 3078 1859 ἇ
3120 1795 3223 1860 καὶ

637 1893 1186 1973 ἐπιθετικώτερον·
1272 1894 1507 1975 ἄμενος
1548 1897 1671 1975 γὰρ
1714 1898 1891 1976 παρὰ
1930 1899 2008 1963 τὸ
2051 1901 2133 1979 μὴ
2179 1898 2349 1978 ἔχειν
2394 1899 2602 1979 μένος.

536 1998 602 2053 15
806 1997 899 2062 Τὰ
957 1996 1046 2062 εἰς
1087 2000 1257 2075 W
1300 1999 1642 2078 διςύλλαβα
1685 1998 1922 2079 ἔχοντα
1975 2002 2091 2080 τὴν
2136 2002 2264 2080 πρὸ
2308 2002 2537 2067 τέλους
2588 2003 2670 2081 μὴ
2716 2002 2902 2082 φύςει
2948 2000 3218 2084 μακράν,

636 2101 959 2179 μονογενῆ
1020 2099 1134 2176 μὲν
1199 2099 1390 2183 ὄντα,
1456 2102 1822 2185 βαρύνεται,
1889 2102 2168 2186 ὕμνος,
2232 2104 2599 2188 ςκύμνος,
2662 2104 2969 2184 Τύμνος
3032 2104 3219 2168 πόλις

641 2201 883 2280 Καρίας.
969 2205 1224 2280 τριγενῆ
1269 2204 1341 2267 δὲ
1386 2201 1707 2288 ὀξύνεται,
1752 2205 2074 2289 γυμνός,
2120 2206 2425 2290 ςεμνός,
2470 2207 2801 2285 ςτυμνός
2846 2205 2884 2270 ὁ
2928 2205 3215 2286 ςκληρός,

635 2303 1008 2383 πρυμνόα
2627 2329 2631 2342 ’

810 2430 845 2461 ⁴*
888 2406 984 2472 Τὰ
1013 2405 1116 2472 ἐἰς
1169 2411 1333 2485 W
1395 2409 1736 2490 διςύλλαβα
1801 2409 2037 2489 ἔχοντα
2094 2412 2211 2490 τὴν
2276 2410 2405 2489 πρὸ
2467 2411 2696 2476 τέλους
2741 2411 2927 2491 φύςει
2972 2410 3220 2490 μακρὰν

532 2509 603 2562 20
638 2508 1003 2593 βαρύνεται,
1065 2509 1441 2588 Κρῶμνος
1497 2509 1534 2575 ὁ
1575 2511 1906 2577 Λυκάονος
1958 2512 2061 2576 καὶ
2101 2512 2288 2577 πόλις
2327 2513 2868 2596 Πελοποννήςου,
2911 2513 3220 2593 Λῆμνος

634 2614 825 2689 νῆςος
868 2616 1032 2691 πρὸς
1074 2618 1151 2694 τῇ
1197 2610 1446 2696 Θρᾴκῃ,
1490 2612 1802 2692 Τῆμνος
1846 2614 2032 2680 πόλις
2076 2618 2187 2693 τῆς
2229 2614 2539 2680 Αἰολίδος.

804 2713 899 2780 Τὰ
942 2713 1030 2780 εἰς
1072 2717 1241 2793 ᾙνοῖ
1297 2714 1804 2797 ύπερδιςύλλαβα
1857 2716 2042 2795 κύρια
2095 2718 2133 2796 ἢ
2191 2717 2625 2799 προςηγορικὰ
2679 2718 2761 2798 μὴ
2808 2718 3044 2799 ἔχοντα
3086 2716 3218 2783 ἴδια

635 2817 875 2896 θηλυκὰ
918 2810 1946 2901 προπαροξύνεται,’”Αμυμνος
1999 2819 2190 2885 ἔθνος
2233 2818 2718 2903 Ἠπειρωτικόν,
2774 2821 3216 2905 Λύκαμνος,

636 2918 1097 2999 Ἐπίδαμνος
1155 2919 1343 2983 πόλις
1400 2919 1699 2999 Ἰλλυρίας
1753 2919 1885 2986 ἀπὸ
1942 2921 2354 3005 Ἐπιδάμνου,
2414 2922 2815 3003 Αἴςυμνος.
2881 2924 3218 3006 Ἴαμνος,

533 3021 1168 3104 25Λεπέτυμνος,
1221 3021 1298 3085 τὸ
1354 3021 1569 3101 μέντοι
1627 3022 1956 3102 ἐρεμνός
2010 3022 2140 3102 ἔχει
2194 3025 2473 3103 θηλυκὸν
2532 3026 2610 3090 τὸ
2676 3024 2939 3110 ἐρεμνή,
3004 3024 3216 3103 ὥςπερ

635 3123 738 3187 καὶ
777 3125 854 3188 τὸ
898 3123 1228 3202 ἐρυμνός
1272 3122 1311 3186 ὁ
1355 3125 1838 3204 κεκαλυμμένος.

803 3225 898 3289 Τὰ
950 3224 1038 3289 εἰς
1092 3225 1211 3290 δύο
1277 3227 1363 3289 W
1428 3226 1761 3306 βαρύνεται
1828 3225 2420 3307 ἀπαραςχημάτιςτα
2483 3228 2642 3294 ὄντα
2705 3233 2960 3314 θηλυκῷ
3022 3230 3217 3309 γένει,

638 3327 1005 3409 βλέννος,
1050 3328 1369 3409 θύννος,
1418 3327 1709 3394 Κύννος
1739 3327 1777 3392 ὁ
1807 3327 2095 3409 ἀδελφὸς
2129 3329 2350 3413 Κοίου,
2384 3329 2687 3397 (άννος
2717 3330 2921 3396 ἔθνος.
2969 3333 3216 3396 Βοῦν-

634 3449 773 3493 νος
816 3429 1001 3493 πόλις
1046 3429 1359 3507 Ἰλλυρίας.
1436 3430 1713 3495 Γόννοι
1757 3430 1944 3495 πόλις
1986 3430 2367 3513 Περραιβίας
2412 3432 2543 3498 ἀπὸ
2590 3434 2878 3499 Γουνέως
2920 3436 3216 3514 κληθεῖςα

537 3544 606 3598 30
633 3534 751 3595 τοῦ
807 3529 1142 3607 ἀπογόνου
1192 3531 1429 3611 Κύφου.
1519 3532 1724 3596 οὕτως
1779 3533 1970 3613 φηςὶν
2014 3533 2297 3613 Ὅμηρος
2351 3536 2428 3617 (Β
2474 3534 2643 3617 748).
2728 3536 2977 3601 Αἰολεῖς
3031 3534 3219 3615 ὄντες

636 3631 698 3696 οἱ
740 3632 1088 3713 Περραιβοὶ
1129 3635 1210 3698 τὰ
1253 3633 1565 3714 ςύμφωνα
1608 3634 1915 3701 ἐδίπλουν
1958 3636 2060 3700 καὶ
2103 3636 2503 3717 Περραιβοὺς
2557 3637 2826 3703 ἑαυτοὺς
2868 3626 3216 3704 καλοῦντες

632 3785 837 3794 0—————-
902 3788 1037 3795 ——-—

633 3887 888 3955 Πέφνος,
936 3888 1157 3955 (ίφνος.
1228 3892 1309 3941 Ex
1354 3890 1544 3942 eodem
1588 3891 1778 3942 addidi
1812 3890 2025 3957 Ἴπνος,
2072 3898 2130 3945 et
2173 3893 2566 3959 appellativum
2603 3892 2767 3947 ίπνός
2801 3912 2871 3947 ex
2905 3894 3086 3960 Epim.
3123 3895 3214 3946 Cr.

632 3960 658 4008 1
681 3962 799 4023 422,
825 3962 890 4010 29
914 3960 1008 4010 ubi
1036 3960 1362 4026 praecipuus
1389 3976 1566 4011 canon
1603 3959 1671 4011 de
1698 3963 2009 4012 nominibus
2045 3964 2102 4012 in
2137 3964 2278 4015 ῖτίῖὸῐ
2315 3964 2693 4014 constituitur:
2730 3963 2802 4015 τὰ
2838 3962 2915 4016 εἰς
2938 3969 3081 4017 τῖ’ῑΐόῑ
3117 3962 3214 4028 λή-

631 4041 808 4090 γοντα
861 4025 1116 4090 ὀνόματα
1166 4026 1462 4091 διςύλλαβα
1530 4026 1693 4094 [εἴτε]
1754 4031 2034 4094 μονογενῆ
2093 4028 2231 4095 [εἴτε
2285 4030 2538 4096 τριγενῆ]
2598 4030 2885 4096 ὀξύνεται,
2948 4031 3212 4099 τερπνός,

634 4093 824 4160 ίπνός,
862 4094 1092 4148 καπνός.
1163 4095 1506 4161 ςημειωτέον
1543 4095 1650 4162 ἄρα
1687 4097 2071 4161 βαρυνόμενον
2107 4099 2176 4151 τὸ
2213 4098 2408 4151 ὕπνος.
2445 4128 2510 4135 —-
2547 4098 2781 4153 Θῶκνος
2818 4116 2888 4151 ex
2923 4100 3005 4153 St.
3041 4105 3103 4156 B.
3164 4101 3213 4149 A

633 4180 861 4227 canone,
910 4180 1016 4230 quo
1062 4165 1283 4216 nomina
1325 4166 1384 4215 in
1426 4167 1530 4216 W
1571 4167 1949 4231 praecedente
1995 4183 2259 4232 consona,
2299 4169 2386 4218 cui
2433 4168 2638 4219 vocalis
2682 4182 2718 4219 α
2761 4171 3064 4234 praemissa
3111 4173 3213 4227 est,

632 4233 757 4283 acui
793 4233 1072 4295 iubentur,
1108 4233 1333 4284 aberrat
1365 4232 1630 4298 Πρᾶκνος
1666 4232 1829 4286 πόλις
1869 4233 2131 4300 Ἰλλυρίας
2165 4253 2250 4303 ap.
2290 4238 2371 4288 St.
2405 4237 2497 4300 Β.,
2534 4237 2682 4302 quod
2719 4237 2960 4289 fortasse
2996 4245 3058 4289 ut
3090 4239 3214 4288 bar-

630 4302 820 4351 barum
858 4301 1060 4351 exemit
1094 4302 1441 4353 Herodianus
1477 4307 1573 4353 aut
1609 4309 1835 4368 propter
1869 4304 1904 4354 ἃ
1941 4304 2264 4369 productum
2299 4309 2466 4370 atque
2504 4304 2622 4355 fieri
2644 4310 2853 4371 potest,
2891 4313 2955 4357 ut
2979 4305 3213 4359 Θῶκνος

629 4368 893 4432 Πρᾶκνος
926 4369 1110 4420 vocali
1144 4370 1310 4437 longa
1349 4370 1639 4436 praefinita
1674 4371 1946 4437 singulari
1979 4388 2188 4424 canone
2225 4373 2571 4425 concluserit.
2809 4373 2844 4423 1.
2884 4375 2913 4426 7
2950 4389 3214 4425 canonem

632 4438 817 4503 recepi
855 4453 923 4487 ex
961 4437 1019 4491 ΙΙ.
1056 4437 1145 4489 Pr.
1185 4436 1224 4491 C
1260 4440 1360 4490 319
1397 4437 1605 4491 Βύςνος
1643 4456 1712 4490 ex
1746 4440 1826 4490 St.
1865 4441 1928 4491 Β.
1967 4456 2009 4492 s.
2053 4439 2307 4493 Βυςναῖοι
2343 4441 2549 4492 addito.
2691 4442 2726 4493 l.
2756 4444 2818 4493 16
2854 4441 3077 4506 Τύμνος
3114 4456 3214 4508 pro

628 4503 835 4568 τέμνος
872 4508 1065 4572 scripsi
1101 4522 1167 4558 ex
1204 4508 1284 4559 St.
1320 4507 1413 4569 Β.,
1450 4506 1704 4571 πρυμνὸς
1742 4508 1936 4558 addidi
1969 4525 2039 4559 ex
2072 4508 2136 4560 ΙΙ.
2173 4510 2262 4560 Pr.
2296 4508 2334 4562 Ε
2369 4513 2469 4561 292
2506 4515 2564 4560 et
2600 4508 2657 4562 Μ
2698 4513 2811 4564 149.
2884 4511 3077 4562 Canon
3111 4513 3213 4561 Ar—

630 4574 788 4624 cadio
825 4574 1022 4626 similis
1060 4580 1245 4625 exstat
1280 4575 1338 4625 in
1372 4577 1478 4626 An.
1516 4577 1616 4627 Ox.
1655 4576 1710 4625 11
1746 4579 1863 4640 344,
1901 4577 1950 4631 8.
2021 4577 2231 4630 Futssis
2266 4582 2354 4629 est
2389 4578 2672 4630 distinctio
2708 4580 2766 4629 in
2791 4580 2855 4630 E.
2879 4580 2952 4629 M.
2979 4582 3092 4637 720,
3117 4582 3212 4630 23:

632 4641 870 4706 ςκύμνος
906 4641 1128 4706 λέγεται
1164 4641 1258 4694 ἐπὶ
1293 4641 1553 4708 λέοντος,
1601 4644 1840 4706 ςκυμνός
1875 4643 1936 4696 δὲ
1980 4643 2073 4696 ἐπὶ
2116 4647 2239 4697 τῶν
2274 4644 2468 4697 ἄλλων
2503 4646 2688 4712 ζῲων.
2893 4647 2930 4699 1.
2971 4650 3034 4699 19
3069 4647 3215 4699 hunc

632 4727 897 4761 canonem
934 4711 1065 4762 finxi
1099 4727 1167 4761 ex
1204 4711 1467 4777 exemplis
1503 4712 1775 4777 Stephani
1809 4714 2085 4779 Byzantii.
2242 4715 2278 4765 l.
2315 4717 2381 4766 23
2416 4713 2704 4778 Ἀμυμνος
2741 4732 2809 4766 ex
2843 4714 2920 4767 St.
2958 4716 3021 4771 Β.
3061 4715 3212 4766 exhi·

628 4778 726 4828 bui
772 4795 867 4844 pro
912 4779 1169 4831 librorum
1220 4780 1495 4845 scriptura
1539 4780 1843 4844 Ἀτυμνοςς
1900 4798 1967 4832 ex
2022 4782 2214 4834 eodem
2259 4782 2478 4849 explevi
2529 4781 2858 4848 Ἐπίδαμνος
2912 4788 2967 4835 et
3019 4783 3213 4833 addidi

628 4844 850 4908 Ἰαμνος
896 4854 954 4898 et
997 4846 1374 4910 Λεπέτυμνος.
1578 4850 1615 4900 l.
1649 4852 1716 4900 28
1763 4848 1974 4903 Κύννος
2020 4851 2241 4917 explevi
2284 4867 2351 4902 ex
2397 4851 2478 4902 st.
2527 4852 2618 4917 Β.,
2660 4869 2730 4903 ex
2783 4852 2976 4903 eodem
3028 4851 3215 4903 adieci

632 4911 870 4979 (άννος,
910 4914 1180 4981 Βοῡννος,
1222 4915 1429 4968 Γόννοι.
