3664 5546
1135 408 1293 461 ΠΕΡΙ
1335 405 1725 485 ΚΑΘΩΛΙΚΗ(
1761 404 2183 460 ΠΡΟΕΩιΔΙΑ(
2224 405 2294 459 ΙΓ.
2878 401 3000 487 387

586 577 680 641 Τὰ
734 576 822 640 εἰς
865 578 995 652 ’ρ’ὀῖν
1063 577 1225 655 ὑπὲρ
1286 576 1406 640 δύο
1461 577 1774 656 ςυλλαβὰς
1841 582 1932 658 τῷ
1985 579 2026 638 fs
2082 574 2579 653 παραληγόμενα
2644 571 3002 653 βαρύνεται,

325 665 336 676 “
417 677 748 759 ἄχυρον,
794 678 1163 759 πίτυρον,
1210 677 1633 760 ἐνέχυρον,
1677 677 2115 758 πρόθύρον,
2164 676 2589 757 βούτυρον,
2622 665 3002 753 λέπυρον,

419 779 459 842 ἄ
473 801 551 843 ςτ
565 801 603 843 υ
618 800 653 857 ρ
668 798 705 842 ο
718 799 772 842 ν.
861 778 987 847 ἔςτι
1033 781 1135 842 καὶ
1175 779 1252 842 Ἀ
1267 800 1296 842 ς
1310 800 1345 842 τ
1361 801 1398 841 υ
1414 800 1449 856 ρ
1465 799 1501 842 ο
1516 800 1554 844 ν
1609 779 1795 843 πόλις
1842 778 2083 843 Μυςίας
2124 777 2288 854 πρὸς
2342 783 2418 860 τῇ
2463 774 2751 858 Τρῳάδι,
2810 774 2849 851 ἣ
2903 774 3007 835 καὶ
3090 808 3099 816 -

417 882 853 957 πληθυντικῶς
921 880 1195 956 λέγεται·
1261 865 1388 943 ἔςτι
1445 881 1550 943 καὶ
1613 880 1789 959 κώμη
1856 879 2122 956 πληςίον
2187 882 2305 942 τοῦ
2362 876 2815 954 Ἀδραμυττίου
2828 922 2846 956 ,
2917 875 3005 937 ὡς
3060 917 3065 922 -

420 979 716 1060 Ετράβων
762 979 872 1061 (13
902 1001 966 1065 p.
998 978 1168 1061 606).
1237 979 1362 1045 ἔςτι
1406 982 1509 1044 καὶ
1553 982 1740 1045 πόλις
1783 980 2083 1057 Φοινίκη(
2126 1000 2240 1043 κατ
2252 980 2268 1001 ²
2309 979 2590 1056 Ἄραδον
2605 1025 2623 1059 ,
2685 975 2754 1040 ἐν
2797 975 2837 1056 ᾗ
2884 974 3004 1038 ἐτι-
3040 982 3074 1030 5
3117 1010 3125 1020 =

419 1084 579 1160 μᾶτο
633 1080 672 1157 ἡ
731 1081 962 1159 Ἀθηνᾶ
1023 1081 1312 1159 Ἀςτυρίο
1412 1081 1538 1146 ἔςτι
1592 1083 1695 1145 καὶ
1751 1081 2056 1146 Βοιωτίας
2109 1081 2273 1157 πρὸς
2326 1083 2462 1143 ταῖς
2514 1078 2820 1142 Ποτνίαις
2833 1125 2851 1157 ,
2916 1075 3006 1138 ὡς

420 1181 631 1260 Χάραξ
678 1181 747 1245 ἐν
792 1183 1077 1266 δευτέρᾳ.
1164 1181 1290 1246 ἔςτι
1333 1183 1438 1245 καὶ
1490 1183 1730 1260 χωρίον
1776 1181 2050 1245 Ἰταλίας.
2128 1181 2172 1244 Κ
2187 1180 2256 1259 ίχ
2270 1203 2307 1244 υ
2321 1201 2357 1259 ρ
2374 1202 2412 1244 ο
2425 1202 2462 1244 ν
2475 1229 2493 1263 ,
2536 1180 2602 1243 Π
2616 1178 2658 1241 ά
2671 1180 2706 1241 λ
2722 1200 2762 1256 μ
2778 1198 2814 1240 υ
2830 1196 2865 1254 ρ
2880 1195 2917 1239 ο
2933 1195 2970 1240 ν
2986 1223 3004 1257 ,

421 1282 464 1344 (ἶ
479 1284 498 1346 ί
512 1305 552 1360 μ
566 1304 602 1345 υ
617 1302 653 1359 ρ
666 1303 707 1345 α
725 1300 738 1312 ·
785 1282 991 1346 οὕτως
1037 1282 1393 1361 οὐδετέρως
1435 1282 1719 1363 Ἔφορος
1765 1282 2036 1361 (ίμυρον
2081 1282 2271 1346 πόλιν
2305 1281 2524 1359 (Σύρων
2571 1279 2737 1360 φηςί.
2795 1278 2861 1341 Ἀ
2874 1299 2911 1339 τ
2923 1277 2965 1340 ά
2981 1316 3005 1326 -

422 1388 510 1462 βυ
525 1404 561 1461 ρ
576 1403 613 1447 ο
626 1404 663 1448 ν
719 1383 874 1461 ὄρος
919 1382 1164 1447 Ῥόδου.
1255 1382 1503 1448 Ῥιανὸς
1559 1383 1720 1466 ἕκτῳ
1781 1384 2248 1462 Μεςςηνιακῶν.
2344 1383 2523 1458 Ἀγγ
2538 1403 2574 1445 υ
2590 1401 2626 1458 ρ
2640 1401 2677 1444 ο
2691 1401 2728 1445 ν
2798 1379 3006 1456 ὄνομα

420 1482 633 1561 ὄρους.
691 1484 741 1547 Τ
758 1485 776 1547 ί
793 1490 826 1563 β
843 1507 881 1548 υ
896 1504 932 1562 ρ
944 1504 1000 1547 α.
1055 1483 1263 1548 οὕτως
1293 1485 1749 1563 Ἀρτεμίδωρος
1791 1484 2076 1568 τετάρτῳ
2106 1481 2716 1563 γεωγραφουμένων
2748 1480 3004 1560 Τίβυριν
3030 1486 3111 1538 10

422 1584 613 1649 πόλιν
659 1584 918 1648 Ἰταλίας
961 1571 1166 1649 καλεῖ.

590 1685 685 1748 Τὰ
728 1684 817 1749 εἰς
858 1687 994 1763 ὢν,
1036 1706 1151 1749 κατ
1164 1687 1180 1707 '
1235 1686 1588 1763 ἐπιπλοκὴν
1645 1688 1997 1766 ςυμφώνου
2054 1687 2395 1766 διςύλλαβα
2452 1683 2786 1765 βαρύνεται
2845 1681 2965 1761 ῥεῖ
2983 1719 3006 1732 ·

424 1791 644 1868 θρον,
705 1789 1110 1868 κλεῖθρον,
1166 1788 1533 1869 φίλτρον,
1589 1788 1952 1869 κέντρον,
2011 1785 2341 1869 ἄρθρον,
2394 1789 2832 1866 πλῆκτρον,
2896 1783 3007 1848 νί-

422 1907 643 1969 τρον,
690 1885 986 1964 ἄντρον
1029 1889 1107 1951 τὸ
1154 1889 1480 1966 ςπήλαιον.
1551 1890 1905 1967 βλῆτρον.
1956 1888 2260 1966 Βάκτρα
2302 1887 2505 1951 πόλις.
2582 1886 2880 1965 (Στράβων
2928 1883 3016 1947 ια’-

423 1989 511 2072 (p.
555 1988 727 2068 517).
773 1986 1119 2068 .(ύμβρα
1174 1989 1452 2066 Φρυγίας
1508 1990 1846 2069 φρούριον.
1947 1992 2337 2070 ςεῖςτρον,
2404 1988 2534 2052 δέν
2552 1992 2777 2068 δρον,
2834 1987 3007 2063 δέρ-
3047 1996 3110 2045 15

421 2109 504 2166 τρ
520 2110 557 2152 ο
570 2109 607 2153 ν
657 2115 681 2146 α
697 2090 964 2167 δέρτρον
1020 2076 1143 2154 ἔξω
1186 2091 1491 2154 δύνοντες
1503 2114 1530 2146 »
1576 2093 1642 2173 (λ
1688 2089 1876 2170 578),
1933 2110 1984 2168 φ
2003 2088 2083 2166 έρ
2097 2110 2132 2152 τ
2146 2109 2181 2167 ρ
2197 2109 2284 2153 ον
2333 2115 2357 2145 «
2373 2088 2664 2166 κείμενον
2721 2087 2792 2151 ἐν
2851 2088 3009 2167 φέρ-

420 2210 553 2273 τρῳ
569 2214 595 2246 »
642 2189 716 2272 (C
757 2187 912 2271 236)
923 2239 941 2273 ‚
990 2191 1093 2254 καὶ
1136 2191 1298 2269 ἄλλο
1343 2195 1589 2270 πλῆθος
1641 2196 1772 2256 τῶν
1815 2190 2133 2253 τοιούτων
2182 2188 2523 2268 ὀνομάτων
2581 2187 3006 2255 ἀδιάπτωτον.

422 2292 821 2370 ςεςημείωται
878 2292 954 2355 τὸ
1013 2294 1049 2354 λ
1064 2312 1102 2355 ο
1117 2314 1154 2356 υ
1166 2313 1201 2355 τ
1215 2312 1250 2370 ρ
1264 2293 1348 2356 όν
1408 2292 1800 2371 ὀξυνόμενον
1816 2340 1835 2372 ,
1911 2290 2072 2368 ὅπερ
2130 2292 2230 2354 καὶ
2284 2290 2701 2369 τριςύλλαβον
2759 2291 3006 2366 λέγεται

425 2393 692 2470 λοετρόν
741 2419 766 2450 «
781 2392 868 2456 εἰς
912 2392 949 2455 ὅ
985 2391 1058 2455 ’κε
1090 2394 1290 2471 θερμὰ
1333 2393 1569 2470 λοετρά
1582 2417 1607 2449 »
1654 2392 1740 2472 (Ξ
1772 2390 1872 2473 6),
1918 2392 2057 2454 ἐπεὶ
2086 2392 2188 2455 καὶ
2230 2391 2305 2453 τὸ
2340 2390 2506 2470 ῥῆμα
2552 2391 2760 2456 διςςόν
2774 2441 2792 2474 ,
2840 2393 3009 2456 λοέω

421 2495 523 2556 καὶ
567 2494 744 2558 λούω
792 2521 816 2550 κ
832 2492 954 2556 ἀλλ
967 2493 982 2515 ’
1026 2492 1137 2556 ὅτε
1180 2494 1259 2571 δή
1304 2513 1406 2571 μιν
1453 2494 1583 2568 ἐγὼ
1631 2493 1822 2556 λόεον
1839 2516 1864 2547 »
1911 2495 1977 2575 (δ
2020 2490 2193 2571 252).
3045 2501 3113 2552 20

594 2618 633 2652 ιι·
676 2594 771 2658 Τὰ
814 2594 903 2657 εἰς
947 2598 1066 2670 ρον
1113 2593 1423 2670 οὐδέτερα
1465 2593 1608 2675 μετ’
1652 2594 2002 2670 ἐπιπλοκῆς
2048 2594 2397 2673 ςυμφώνου
2411 2643 2429 2675 ,
2485 2593 2647 2670 ὑπὲρ
2686 2593 2823 2657 δύο
2867 2597 3008 2658 ςυλ-

429 2694 625 2772 λαβὰς
691 2692 883 2777 ὄντα,
948 2694 1537 2777 προπαροξύνεται,
1605 2696 2029 2777 πέλεθρον,
2103 2695 2514 2778 τέρεθρον,
2589 2696 2971 2776 βέρεθρον
2990 2745 3007 2778 ,

426 2796 523 2875 φέ
541 2798 821 2873 λετρον
867 2797 969 2859 καὶ
1012 2797 1092 2859 τὰ
1135 2797 1450 2879 φέλετραδ
1496 2796 1829 2874 θύρετρο
1848 2817 1902 2859 ν.
1965 2797 2443 2876 Ἀλάβαςτρα
2486 2796 2672 2861 πόλις
2715 2797 3007 2875 Φρυγίας.

426 2894 469 2959 C
483 2897 520 2959 ύ
534 2916 624 2971 αγ
640 2918 675 2976 ρ
690 2917 732 2959 α
796 2896 1035 2975 χωρίον
1108 2896 1376 2961 Κιλικίας
1436 2898 1701 2976 πληςίον
1767 2897 1966 2962 Ἄδου
2030 2898 2133 2960 καὶ
2193 2897 2495 2983 Λαέρτου.
2597 2898 2648 2962 Θ
2665 2899 2746 2976 έρ
2760 2920 2801 2977 μ
2816 2920 2852 2961 υ
2868 2903 2904 2961 δ
2919 2918 2955 2976 ρ
2970 2919 3011 2961 α

429 3051 628 3058 --...-.-.-

593 3150 627 3200 l.
666 3155 691 3201 1
729 3152 898 3201 verba
934 3149 1051 3202 εἴτε
1094 3150 1579 3216 προπαροξύνεται
1622 3159 1746 3217 post
1792 3150 2088 3216 βαρύνεται
2137 3167 2258 3202 eum
2293 3150 2590 3202 Schmidtio
2628 3152 2809 3214 omisi,
2858 3157 3007 3201 certe

425 3234 523 3283 pro
560 3216 675 3269 εἴτε
712 3219 1062 3268 scribendum
1097 3220 1205 3269 fuit
1239 3220 1380 3283 ἤτοι.
1451 3218 1699 3282 λέπυρον
1736 3220 1971 3270 accessit
2005 3236 2073 3269 ex
2107 3220 2260 3269 Theo
2302 3235 2353 3269 n.
2396 3223 2510 3281 131,
2547 3222 2640 3283 21,
2678 3221 2812 3269 item
2846 3217 3007 3269 ἄςτυ-

427 3301 548 3349 ρον,
587 3286 731 3349 quod
766 3302 864 3351 pro
901 3285 1111 3350 ἄτυρον
1146 3287 1544 3338 restituendum
1582 3303 1704 3337 esse
1743 3288 1952 3337 monuit
1979 3286 2115 3337 Lob.
2143 3287 2271 3337 Ptol
2295 3323 2308 3335 .
2335 3289 2436 3337 274
2460 3292 2572 3337 not.
2598 3289 2694 3348 463
2732 3285 3008 3350 ’'Ac‘rupov

427 3370 494 3401 ex
540 3354 618 3402 St.
665 3352 756 3416 Β.,
805 3351 1041 3418 Κίχυρον
1085 3351 1393 3418 Πάλμυρον
1437 3355 1668 3419 praebet
1713 3355 2125 3419 Theognostus,
2171 3354 2431 3404 videntur
2476 3354 2579 3404 hae
2627 3369 2750 3405 esse
2797 3355 3006 3404 formae

427 3419 737 3483 neutrales,
775 3417 915 3484 qtiae
950 3423 1172 3470 usitatis
1211 3420 1414 3484 Κίχυρα
1449 3420 1723 3486 Πάλμυρα
1759 3423 1841 3471 ita
1877 3423 2213 3487 respondent
2246 3426 2307 3472 ut
2344 3420 2543 3485 Μύρον
2578 3419 2796 3485 (τύρον
2820 3420 3008 3484 Ψύρον

426 3488 722 3537 femininis·
795 3484 1003 3551 (ίμυρα
1040 3504 1108 3539 ex
1144 3489 1225 3540 St.
1263 3491 1325 3538 B.
1363 3491 1522 3554 posui
1555 3506 1651 3555 pro
1688 3489 1890 3553 ἔνυρον
1926 3506 2013 3555 ap.
2040 3490 2285 3555 Theogn.
2325 3495 2660 3555 corruptum,
2702 3487 3008 3551 Ἀτάβυρον

426 3571 492 3604 ex
528 3554 774 3619 Theogn.
812 3561 869 3605 et
906 3556 986 3606 St.
1021 3556 1113 3619 Β.,
1150 3554 1431 3620 Ἀγγυρον
1469 3574 1537 3607 ex
1573 3557 1845 3621 Theogn.,
1884 3555 2093 3621 Τίβυρα
2132 3573 2198 3606 ex
2236 3556 2315 3609 st.
2352 3558 2415 3607 B.
2574 3556 2610 3605 1.
2649 3560 2711 3606 13
2748 3557 3007 3619 κλεῖθρον

424 3622 656 3687 apposui
694 3638 760 3672 ex
795 3623 899 3686 Ep.
937 3622 1025 3672 Cr.
1059 3624 1086 3672 I
1124 3626 1250 3685 351,
1289 3627 1346 3686 5,
1391 3640 1487 3689 pro
1533 3622 1815 3686 πλέκτρον
1862 3640 1982 3674 cum
2019 3624 2279 3674 Schmidt.
2325 3625 2521 3688 scripsi
2558 3622 2878 3688 πλῆκτρον,
2914 3622 3007 3673 ἂν·

424 3703 563 3753 τρον
608 3705 677 3739 ex
722 3689 799 3738 St.
835 3690 926 3747 Β.,
973 3690 1216 3753 βλῆτρον
1257 3706 1329 3741 ex
1373 3691 1439 3742 11.
1477 3693 1566 3742 Pr.
1607 3690 1652 3743 Ο
1689 3694 1789 3741 676
1832 3690 1902 3742 τὸ
1951 3690 2053 3754 μὲν
2101 3692 2345 3755 βλῆτρον
2391 3689 2834 3756 βαρυτονητέον,
2882 3689 3006 3741 ἐπεὶ

399 3754 612 3807 σπάντα
659 3754 729 3806 τὰ
775 3753 852 3806 εἰς
897 3770 1032 3819 τρον
1082 3756 1331 3821 λήγοντα
1377 3761 1656 3823 μονογενῆ
1703 3757 1974 3822 οὐδέτερα
2032 3758 2354 3823 βαρύνεται,
2412 3773 2500 3809 ςες
2544 3757 2857 3821 μειωμένου
2887 3761 3005 3809 ’τοῦ

426 3822 693 3886 λουτρόν;
732 3840 852 3873 cum
889 3824 1133 3887 βλῆτρον
1168 3828 1523 3890 compositum
1563 3827 1670 3876 fuit
1707 3827 1946 3876 fortasse
1984 3827 2240 3891 πλῆτρον
2285 3826 2354 3876 τὸ
2391 3826 2505 3890 πηδ
2544 3827 2693 3889 λιον,
2732 3824 2763 3875 ὃ
2801 3826 3007 3877 ὑποκο-

425 3893 681 3953 ριςτικῶς
726 3890 890 3942 εἶπεν
930 3889 1175 3955 Ἀλκμὰν
1222 3891 1496 3956 πλήτριον
1531 3893 1633 3957 Ep.
1671 3894 1761 3943 Cr.
1798 3895 1824 3943 1
1861 3897 1986 3958 343,
2025 3898 2104 3947 10.
2140 3921 2193 3929 ——
2244 3891 2465 3958 Βάκτρα
2508 3892 2732 3956 (ύμβρα
2779 3899 2906 3943 sunt
2940 3908 3007 3943 ex

427 3960 508 4009 St.
545 3957 608 4006 B.
679 3960 911 4008 Nomina
947 3958 1075 4009 inde
1113 3975 1146 4009 a
1183 3962 1429 4022 ςεῖςτρον
1475 3961 1653 4011 adieci
1687 3977 1755 4010 ex
1791 3963 1941 4014 Mon.
1979 3965 2062 4025 37,
2102 3965 2193 4023 15,
2239 3977 2307 4011 ex
2344 3963 2541 4025 quibus
2578 3962 2745 4011 etiam
2780 3966 3010 4010 annota-

425 4025 632 4073 tionem
669 4026 738 4074 de
776 4024 1046 4090 λουτρόν,
1086 4026 1152 4077 de
1191 4043 1297 4090 quo
1332 4028 1596 4078 Arcadius
1629 4028 1800 4078 habet
1832 4034 2071 4078 tantum:
2122 4025 2484 4093 ςεςημείωται
2519 4027 2589 4077 τὸ
2637 4026 2879 4090 λουτρόν
2916 4028 3007 4077 καί

426 4090 689 4154 λοετρόν,
727 4094 975 4156 praebui.
1033 4094 1117 4143 Ex
1141 4094 1343 4146 Herod.
1379 4095 1538 4145 fluxit
1573 4097 1635 4144 Ε.
1660 4097 1732 4146 Μ.
1759 4097 1876 4157 568,
1916 4099 2006 4147 56:
2045 4095 2311 4160 λουτρόνε
2351 4095 2433 4146 δεῖ
2471 4094 2823 4158 βαρύνεςθαι,
2864 4094 3006 4145 ὥςτε

425 4158 767 4221 παραλόγως
812 4158 1095 4224 ὀξύνεται,
1143 4177 1250 4211 non
1295 4162 1427 4212 item
1471 4180 1520 4227 p.
1566 4164 1693 4224 568,
1728 4165 1820 4213 47:
1870 4163 2112 4226 λοῦτρον
2157 4161 2477 4227 βαρύνεται·
2526 4161 2718 4225 ἐπειδὴ
2766 4163 2882 4212 πᾶν
2929 4159 3008 4213 εἰς

423 4240 570 4303 τρον]
598 4225 776 4290 λῆγον
811 4226 1369 4292 ἀπαραςχήματιςτον
1407 4228 1730 4294 βαρύνεται,
1768 4229 2035 4294 κέντρον,
2072 4228 2329 4294 δένδρον,
2370 4233 2633 4291 ςεῖςτρον.
2678 4228 2748 4278 τὸ
2785 4227 2845 4279 δὲ
2882 4229 3007 4279 λου-

425 4292 563 4357 τρόν
598 4293 741 4357 πρὸς
778 4293 1053 4359 διαφορὰν
1089 4294 1517 4359 ςημαινομένου·
1557 4296 1649 4347 ἐπὶ
1687 4296 1788 4358 μὲν
1824 4296 1929 4359 γὰρ
1964 4298 2068 4346 τοῦ
2103 4296 2286 4347 τόπου
2315 4295 2637 4360 βαρύνεται,
2677 4294 2769 4346 ἐπὶ
2806 4295 2866 4346 δὲ
2899 4299 3005 4346 τοῦ

424 4360 654 4424 ὕδατος,
695 4360 741 4426 ᾧ
781 4362 1087 4425 λουόμεθα,
1127 4361 1400 4414 ὀξύνεται.
1469 4366 1555 4413 Ex
1599 4364 1702 4414 hoc
1749 4363 2074 4413 Catholicae
2121 4365 2242 4414 loco
2289 4364 2564 4414 derivavit
2608 4365 2778 4414 etiam
2814 4364 3008 4415 Choer.

425 4428 579 4478 Orth.
607 4431 726 4491 255,
762 4433 828 4481 35
866 4445 1133 4480 canonem
1169 4446 1324 4480 suum
1361 4431 1841 4495 orthographicum
1877 4447 1999 4480 cum
2036 4436 2290 4495 exempto
2327 4430 2584 4495 λουτρόν.
2689 4431 2725 4483 l.
2761 4433 2823 4480 21
2862 4431 3008 4480 hunc

428 4510 693 4546 canonem
729 4514 795 4547 ex
831 4498 1253 4562 orthographico
1287 4499 1345 4547 in
1380 4499 1484 4563 Ep.
1512 4498 1600 4551 Cr.
1625 4500 1653 4549 Ι
1688 4501 1804 4561 351,
1846 4501 1870 4547 1
1911 4498 2102 4547 addidi
2137 4498 2371 4548 adiectis
2408 4514 2477 4547 ex
2502 4500 2583 4550 St.
2610 4500 2672 4548 B.
2697 4498 3008 4548 nominibus

425 4563 551 4612 iude
597 4564 666 4614 ab
715 4563 1074 4629 Ἀλάβαςτρα.
1146 4566 1227 4616 st.
1261 4566 1324 4614 Β.
1371 4581 1414 4616 s.
1449 4582 1500 4618 v,
1551 4564 1892 4628 Ἀλάβαςτρα
1936 4564 2098 4616 πόλις
2142 4563 2400 4630 Φρυγίας.
2472 4564 2772 4629 Ἡρόδοτος
2817 4566 3007 4615 refert.

424 4630 562 4679 nihil
598 4631 663 4681 d‘e
699 4632 1011 4683 Alabastris
1034 4633 1350 4683 Herodotus
1385 4639 1601 4698 narret,
1639 4634 1953 4699 suspicatur
1983 4634 2226 4683 Meinek.
2265 4638 2411 4683 reete
2451 4632 2804 4696 Ἡρωδιανὸς.
2858 4633 3007 4682 Idem

426 4701 658 4747 annotat
693 4716 887 4750 nomen
913 4717 1034 4751 esse
1061 4700 1298 4765 plurale,
1336 4718 1470 4765 non,
1508 4706 1572 4750 ut
1594 4700 1917 4766 quibusdam
1948 4702 2152 4765 visum,
2188 4700 2223 4763 ἡ
2256 4699 2596 4764 Ἀλάβαςτρα
2622 4717 2797 4765 neque
2821 4705 3005 4750 tamen

425 4765 780 4817 Herodianus
824 4769 880 4817 in
926 4768 1064 4819 libro
1111 4770 1190 4818 XI
1235 4774 1297 4817 ut
1342 4769 1585 4826 Meinek.
1633 4769 1795 4831 dicit,
1855 4769 1951 4819 sed
1998 4769 2101 4819 hoe
2143 4768 2262 4819 loco
2309 4769 2431 4819 libr.
2477 4769 2613 4819 XIII
2663 4768 2730 4819 de
2780 4766 3005 4831 Ἀλάβα-

426 4845 561 4895 ςτρα
599 4835 731 4896 egit.

2469 4917 2603 4981 25*
