3664 5546
1114 385 1133 399 '
1171 400 1330 456 Περι
1370 358 1762 454 κΑοοΛίκΗς
1798 397 2222 455 ΠΡοςΩιΔιΑς
2260 399 2330 451 ις.
2924 395 3049 460 457
3147 407 3151 411 ·

462 577 540 640 τὸ
582 573 1041 652 προςτακτικὸν
1087 571 1366 652 «ὄψεςθε
1394 571 1609 651 Τρῶες
1651 572 1757 636 καὶ
1793 570 2136 654 Τρῳάδες»
2182 570 2266 652 (Ω
2296 568 2449 651 704)
2491 570 2596 634 καὶ
2625 570 2822 635 πάλιν
2868 570 3053 633 «ἀλλ’

464 673 703 756 ὄψεςθε
742 673 854 740 ἵνα
894 674 1063 750 τώγε
1106 674 1533 739 καθεύδετον»
1578 669 1734 755 (od.
1780 677 1821 736 θ
1862 671 2017 753 313)
2061 669 2204 737 ἀντὶ
2245 675 2364 737 τοῦ
2408 670 2606 754 ἴδετε,
2663 672 2823 735 κατὰ
2865 692 3049 749 ποιη-

460 777 639 868 τικὴν
684 776 907 842 ἄδειαν
950 776 1301 857 μετηνέχθη
1345 775 1478 841 ἀπὸ
1523 775 1877 853 μέλλοντος
1918 775 2008 840 εἰς
2051 774 2380 840 ἐνεςτῶτα.

639 878 718 943 Οἱ
771 878 860 943 εἰς
914 883 971 943 ὦ
1027 879 1373 957 μέλλοντες
1426 876 1585 941 κατὰ
1638 879 1757 956 τὴν
1810 878 2035 955 κοινὴν
2091 875 2458 956 διάλεκτον,
2517 875 2632 940 ἐὰν
2687 873 2876 954 ἔχωςι
2921 876 3050 954 πρὸ

463 986 583 1047 τοῦ
614 985 669 1044 ω’
697 980 774 1045 τὸ
804 966 837 1047 ξ
867 981 907 1059 ἦ
937 980 1014 1044 τὸ
1045 984 1095 1059 ᾧ
1127 981 1166 1059 ἢ
1196 980 1274 1044 τὸ
1304 979 1357 1062 Ε,
1391 979 1809 1062 βαρύνονται,
1855 978 2080 1060 λέξω,
2109 977 2397 1059 πλέξω,
2440 976 2692 1059 τύψω,
2737 977 3047 1059 γράψω,
3085 989 3120 1041 5

463 1085 796 1164 ποιήςω,
841 1083 1117 1161 νοήςω.
1204 1082 1319 1147 ἐὰν
1363 1083 1436 1146 δὲ
1480 1082 1676 1160 μηδὲν
1721 1079 1909 1159 ἔχωςι
1951 1080 2204 1146 τούτων
2258 1080 2388 1158 πρὸ
2444 1082 2562 1143 τοῦ
2607 1084 2694 1160 ὧ,
2748 1082 3052 1158 περιςπᾱ-

462 1205 597 1267 ται,
655 1189 943 1267 ςπερῶ,
1000 1187 1295 1265 φθερῶ,
1351 1186 1654 1264 πλυνῶ,
1712 1185 1996 1264 κτενῶ,
2056 1184 2263 1246 τιλῶ.
2350 1180 2708 1259 πρόςκειται
2763 1180 2836 1244 δὲ
2892 1180 3052 1245 κατὰ

463 1288 581 1365 τὴν
624 1287 848 1364 κοινὴν
893 1285 1260 1367 διάλεκτον,
1314 1285 1532 1363 ἐπειδὴ
1587 1284 1664 1347 τὸ
1709 1284 1957 1361 ποιήςω
2000 1287 2296 1362 ποιηςῶ
2349 1282 2413 1347 οἱ
2453 1283 2734 1361 Δωριεῖς
2778 1281 3051 1364 λέγουςι,

465 1387 567 1453 καὶ
607 1387 685 1452 τὸ
732 1387 896 1455 λέξω
940 1391 1147 1454 λεξῶ.

634 1487 730 1552 Τὰ
783 1487 872 1554 εἰς
927 1492 981 1553 ὦ
1036 1489 1321 1568 λήγοντα
1372 1488 1642 1567 δεύτερα
1698 1488 2012 1566 πρόςωπα
2065 1486 2488 1566 προςτακτικὰ
2553 1485 2859 1566 ὁμοτονεῖ
2912 1489 3048 1550 τοῖς
3093 1498 3154 1550 ιο

467 1590 648 1656 ἰδίοις
684 1590 1053 1672 ὁριστικοῖς,
1097 1596 1255 1655 νικῶ
1284 1590 1446 1672 ἐγώ,
1476 1595 1665 1654 νικῶ
1702 1589 1816 1673 ςύ,
1859 1592 2069 1668 κρεμῶ
2099 1588 2261 1672 ἐγώ,
2291 1593 2545 1667 κρεμῶ
2579 1589 2680 1653 ςύ.
2723 1588 2804 1652 τὰ
2834 1588 3050 1667 μέντοι

463 1694 642 1772 τρίτα
685 1691 813 1757 εἴτε
857 1691 946 1757 εἰς
987 1693 1080 1756 -ῖΐῡ
1126 1690 1253 1757 εἴτε
1297 1691 1386 1757 εἰς
1428 1678 1531 1756 θῖυ-
1572 1691 1942 1774 βαρύνεται,
1992 1690 2318 1773 λεγέτω,
2363 1691 2726 1772 ποιείτω,
2769 1690 3050 1754 τυπτέ-

466 1797 646 1875 ςθω,
695 1795 1048 1870 λεγέςθω.

635 1894 731 1959 Τὰ
791 1895 880 1960 εἰς
933 1899 989 1960 ’ὤ
1051 1896 1230 1975 τρίτα
1281 1897 1596 1975 πρόςωπα
1658 1904 1792 1962 τῶν
1847 1896 2152 1962 εὐκτικῶν
2219 1901 2646 1975 περιςπῶνται
2712 1895 2869 1973 μετὰ
2932 1899 3053 1959 τοῦ

465 1998 1075 2077 προςγεγραμμένου
1118 2000 1153 2063 ἶ
1196 1998 1380 2079 βοάοι
1428 2004 1616 2083 βοῶ,
1661 1998 1937 2077 τρυπάοι
1980 2004 2264 2083 τρυπῷ.
3090 2005 3152 2056 15

633 2097 729 2162 Τὰ
772 2098 860 2164 εἰς
904 2104 959 2164 ὦ
1004 2100 1390 2165 ύποτακτικὰ
1432 2100 1886 2181 μονοςύλλαβα
1927 2101 2042 2179 μὲν
2087 2099 2248 2164 ὄντα
2289 2103 2747 2182 περιςπῶνται,
2794 2098 2932 2163 ἐὰν
2974 2097 3050 2180 ὦ,

466 2198 605 2263 ἐὰν
651 2204 787 2284 δῶ,
833 2200 967 2266 ἐὰν
1014 2206 1148 2284 βῶ,
1193 2202 1328 2267 ἐὰν
1374 2208 1553 2286 ςτῶ,
1599 2202 1737 2267 ἐὰν
1782 2207 1953 2280 ςχῶ.
2016 2203 2117 2266 καὶ
2161 2201 2224 2268 ἐξ
2255 2200 2535 2279 ἀνάγκης
2579 2203 2650 2266 δὲ
2694 2207 3050 2280 περιςπῶν-

463 2320 581 2364 ται,
672 2301 1045 2383 βαρύνεςθαι
1090 2305 1204 2382 μὲν
1248 2304 1371 2382 γὰρ
1416 2303 1536 2368 οὐκ
1578 2303 1934 2391 ἠδύναντο,
1990 2303 2207 2382 ἐπειδὴ
2262 2303 2710 2385 μονοςύλλαβά
2752 2302 2894 2368 εἰςι·
2940 2301 3050 2365 οὐ-

465 2403 701 2467 δέποτε
747 2405 819 2468 δὲ
861 2404 1345 2496 μονοςύλλαβος
1388 2405 1550 2473 λέξις
1596 2404 1963 2487 βαρύνεται,
2008 2404 2150 2470 ἀλλ’
2193 2405 2232 2483 ἢ
2278 2403 2568 2471 ὀξύνεται
2613 2403 2759 2470 οἷον
2801 2402 2927 2485 τίς,
2971 2404 3051 2484 τί,

464 2504 664 2586 πούς,
706 2504 904 2582 Ζεύς,
950 2504 1154 2587 Φρύξ,
1203 2506 1394 2588 Κρής,
1438 2506 1552 2572 νύξ
1595 2507 1634 2585 ἢ
1679 2510 2051 2584 περιςπᾶται
2097 2504 2242 2570 οἷον
2275 2510 2426 2585 βοῦς
2469 2511 2626 2573 νοῦς
2671 2506 2843 2586 ῥοῦς.
2906 2504 3049 2571 ὀξύ·
3085 2514 3154 2564 20

465 2609 677 2669 νεςθαι
731 2606 804 2669 δὲ
859 2605 979 2671 οὐκ
1031 2605 1382 2683 ἠδύναντο,
1452 2608 1590 2672 ἐπεὶ
1652 2607 1733 2670 τὰ
1793 2607 2039 2686 ῥήματα
2093 2605 2609 2688 ἀποςτρέφονται
2662 2609 2779 2688 τὴν
2834 2606 3050 2674 ὀξεῖαν

465 2706 641 2770 τάςιν
687 2703 833 2770 οἷον
877 2707 1130 2791 τύπτω,
1173 2706 1440 2793 γράφω,
1487 2714 1650 2793 βοῶ,
1707 2715 1949 2792 χρυςῶ,
2005 2715 2176 2773 ποιῶ
2220 2710 2414 2790 χωρὶς
2466 2715 2599 2776 τῶν
2644 2709 3050 2791 ςεςημειωμέ-

464 2828 619 2873 νων.
709 2809 941 2874 λοιπὸν
999 2808 1120 2875 οὖν
1183 2810 1246 2877 ἐξ
1304 2810 1583 2890 ἀνάγκης
1636 2818 2096 2893 περιςπῶνται,
2154 2811 2267 2897 ἐᾲν
2322 2811 2376 2875 ὦ
2432 2812 2546 2876 ἐὰν
2604 2818 2733 2891 ςχῶ
2788 2813 2893 2876 καὶ
2934 2811 3049 2876 ἐὰν

466 2916 633 2993 ςπῶ,
689 2912 1096 2991 ςυντιθέμενα
1151 2912 1224 2977 δὲ
1277 2912 1381 2976 καὶ
1424 2913 1895 2992 ὑπερβαίνοντα
1946 2915 2063 2991 τὴν
2109 2913 2618 2992 μονοςυλλαβίαν
2665 2913 3050 2992 βαρύνονται

466 3011 613 3076 οἷον
658 3012 772 3077 ἐὰν
817 3012 1107 3091 κατάςχω
1155 3014 1268 3078 ἐὰν
1313 3015 1648 3097 παράςχω,
1694 3014 1808 3079 ἐὰν
1855 3015 2124 3079 ἐπίςπω·
2167 3016 2245 3079 τὸ
2290 3016 2362 3079 δὲ
2407 3013 2521 3079 ἐὰν
2567 3013 2621 3077 ὦ
2665 3014 2736 3080 ἐν
2772 3015 3152 3079 ςυνθέςει“25

464 3114 581 3178 τὸν
627 3113 828 3179 αὐτὸν
857 3115 1055 3180 τόνον
1086 3114 1418 3198 φυλάςςει,
1464 3114 1611 3181 οἷον
1641 3116 1756 3182 ἐὰν
1787 3121 1956 3182 ςυνῶ
1985 3117 2102 3181 ἐὰν
2132 3119 2353 3198 παρῶ,
2387 3115 2605 3195 ἐπειδὴ
2637 3116 2677 3194 ἡ
2709 3115 3053 3194 ςυναίρεςίς

465 3216 629 3278 ἐςτιν
663 3215 704 3294 ἡ
736 3215 932 3299 αἰτία,
976 3215 1108 3281 ἀπὸ
1140 3217 1265 3295 γὰρ
1297 3221 1416 3281 τοῦ
1451 3217 1565 3282 ἐὰν
1607 3218 1810 3282 ςυνέω
1841 3220 1944 3283 καὶ
1984 3217 2099 3283 ἐὰν
2132 3218 2353 3296 παρέω
2381 3211 2872 3294 γεγόναςι“κατὰ
2901 3221 3050 3296 κρᾶ-

466 3336 559 3380 ςιν
601 3320 719 3381 τοῦ
748 3320 783 3382 ἓ
812 3318 912 3381 καὶ
941 3322 997 3382 ὧ
1027 3318 1116 3383 εἰς
1148 3322 1217 3383 ff».
1284 3318 1380 3383 Τὰ
1409 3320 1482 3383 δὲ
1511 3318 1600 3384 εἰς
1632 3323 1685 3382 ὦ
1716 3319 1879 3398 ὑπὲρ
1909 3319 2056 3398 μίαν
2088 3321 2403 3400 ςυλλαβὴν
2435 3319 2823 3384 ὑποτακτικὰ
2861 3320 3050 3400 βαρύ-

464 3436 640 3481 νεται
684 3419 789 3483 καὶ
819 3423 1209 3497 περιςπᾶται.
1264 3421 1367 3484 καὶ
1399 3426 1826 3500 περιςπῶνται
1867 3408 2003 3503 μέν,
2039 3420 2223 3499 ἡνίκα
2266 3420 2454 3500 ἔχωςι
2490 3421 2608 3499 τὴν
2642 3421 2918 3500 μετοχὴν
2962 3420 3052 3485 εἰς

464 3521 563 3581 'eff
607 3518 752 3597 μετ’
807 3519 1013 3588 ὀξείας
1064 3520 1305 3587 τάςεως
1348 3522 1452 3586 καὶ
1496 3521 1601 3587 διὰ
1654 3525 1770 3586 τοῦ
1815 3525 1900 3587 Vi
1943 3522 2345 3605 κλινομένην,
2388 3523 2649 3602 τυφθείς
2690 3522 3051 3603 τυφθέντος
3085 3530 3153 3581 3ο

464 3619 603 3684 ἐὰν
658 3627 958 3704 τυφθῶ,
1001 3620 1220 3687 τυπείς
1262 3624 1576 3689 τυπέντος
1619 3622 1756 3688 ἐὰν
1799 3630 2045 3706 τυπῶ,
2088 3624 2277 3689 τιθείς
2318 3624 2605 3689 τιθέντος
2650 3622 2788 3689 ἐὰν
2830 3629 3050 3706 τιθῶ,

464 3721 676 3796 νυγείς
726 3723 1034 3797 νυγέντος
1079 3724 1212 3789 ἐὰν
1257 3731 1498 3807 νυγῶ,
1543 3723 1757 3803 δαρείς
1808 3726 2118 3803 δαρέντος
2163 3725 2296 3791 ἐὰν
2343 3731 2579 3808 δαρῶ,
2626 3725 2868 3792 ςταλείς
2908 3746 3047 3790 ςτα-

465 3823 689 3888 λέντος
716 3823 856 3888 ἐὰν
887 3829 1168 3908 ςταλῶ,
1213 3826 1470 3905 ςπαρείς
1501 3826 1854 3906 ςπαρέντος
1883 3826 2021 3893 ἐὰν
2067 3834 2362 3909 ςπαρῶ,
2392 3827 2657 3907 φθαρείς
2686 3828 3050 3907 φθαρέντος

465 3924 602 3989 ἐὰν
642 3930 931 4004 φθαρῶ.
976 3927 1016 4006 ἢ
1045 3926 1228 4006 ἡνίκα
1260 3927 1410 3995 ὦςιν
1443 3928 1791 3996 ἐνεςτῶτος
1821 3930 1926 3994 καὶ
1954 3933 2384 4008 παρατατικοῦ
2413 3936 2545 3996 τῶν
2578 3930 3047 4014 ςυνῃρημένων,

598 4180 633 4230 l.
670 4182 701 4230 ’1
736 4196 833 4246 pro
877 4180 966 4234 διὰ
1010 4182 1119 4247 τὴν
1164 4184 1386 4249 scripsit
1427 4183 1488 4236 δὲ
1534 4183 1676 4235 κατὰ
1720 4185 1828 4249 τὴν
1865 4185 2131 4235 Schmidt.
2203 4184 2445 4235 Eandem
2483 4183 2550 4234 de
2590 4185 2793 4235 futuris
2827 4184 3048 4237 Doricis

461 4249 707 4314 regulam
745 4249 912 4301 habet
947 4250 1145 4304 Choor.
1181 4253 1308 4310 651,
1345 4255 1393 4302 9.
1498 4251 1534 4301 1.
1575 4256 1629 4300 11
1677 4252 1879 4302 addere
1917 4254 2100 4317 potui,
2137 4251 2356 4315 ἐκρέμω
2392 4251 2456 4302 ςύ
2492 4250 2680 4315 κρέμω
2718 4251 2782 4303 ςύ
2825 4258 3051 4318 propter

464 4317 662 4367 Choor.
699 4318 818 4379 883,
854 4318 888 4366 4
924 4317 1115 4383 μηδεὶς
1149 4315 1351 4371 οἰέςθω
1387 4318 1458 4370 τὸ
1495 4317 1713 4383 ἐκρέμω
1750 4317 1830 4371 ὡς
1876 4317 1992 4371 ἀπὸ
2027 4322 2131 4371 τοῦ
2169 4322 2218 4370 ῶ
2256 4318 2400 4370 εἶναι
2446 4317 2525 4371 ώς
2561 4318 2677 4371 ἀπὸ
2713 4322 2817 4371 τοῦ
2854 4322 3045 4384 κρεμῶ

462 4387 696 4450 κρεμᾷς,
733 4382 927 4449 ἐπειδὴ
965 4387 1254 4448 κρεμῶμαι
1290 4385 1380 4437 καὶ
1416 4385 1751 4451 ἐκρεμώμην
1788 4386 1942 4449 εἶχεν
1979 4386 2124 4439 εἶναι
2159 4386 2229 4438 τὸ
2266 4386 2581 4452 παθητικὸν
2606 4386 2795 4452 ὥςπερ
2832 4389 3048 4452 βοῶμαι

463 4450 739 4516 ἐβοώμην.
809 4455 915 4503 νῦν
950 4451 1012 4503 δὲ
1047 4453 1321 4517 κρέμαμαι
1357 4453 1447 4505 καὶ
1482 4452 1800 4518 ἐκρεμάμην
1845 4454 1995 4506 ἑςτίν
2040 4454 2229 4519 ὥςπερ
2270 4453 2492 4516 ἵςταμαι
2536 4452 2787 4520 ἱςτάμην.
2859 4453 3047 4508 ἄλλως

462 4531 526 4569 τε
561 4517 611 4570 εί
645 4518 719 4583 ῆν
754 4517 870 4571 ἀπὸ
904 4521 1029 4571 τῶν
1065 4520 1143 4572 είς
1181 4526 1229 4571 ω’
1266 4520 1487 4585 ἐκρεμῶ
1525 4521 1680 4586 εἶχεν
1716 4521 1862 4573 εἶναι
1899 4536 1969 4574 πε
2009 4522 2342 4585 ιςπωμένως
2388 4522 2577 4588 ὥςπερ
2622 4520 2797 4586 ἑβοῶ,
2843 4526 2949 4574 νῦν
2985 4523 3048 4575 δὲ

465 4582 682 4650 ἐκρέμω
719 4586 833 4640 ἐςτί
870 4587 1274 4654 παροξυτόνως
1312 4595 1369 4639 et
1404 4592 1527 4643 Arc.
1568 4593 1691 4653 173,
1732 4592 1788 4653 1,
1834 4591 1930 4641 ubi
1965 4537 2212 4641 ἒτύπτου
2256 4589 2478 4642 τύπτου
2526 4592 2874 4657 proponitur,
2922 4608 3049 4643 nam

462 4653 838 4706 Herodianum
874 4656 979 4707 hoc
1014 4658 1241 4708 verbum
1276 4662 1333 4708 et.
1365 4658 1424 4707 in
1461 4661 1516 4718 ff!
1554 4659 1706 4708 exiro
1743 4663 1800 4709 ot
1835 4659 2185 4710 circumflecti
2222 4659 2439 4724 docuit,
2486 4665 2549 4710 ut
2594 4674 2662 4709 ex
2697 4659 2800 4710 hoc
2833 4658 2955 4711 loco
2991 4666 3051 4711 et

463 4722 660 4771 Arcad.
698 4725 812 4785 159,
848 4726 882 4774 4
915 4721 1282 4787 ςεςημείωται
1316 4724 1386 4776 τὸ
1423 4727 1612 4790 κρεμῶ
1651 4724 2083 4789 περιςπώμενον
2119 4731 2291 4791 patet.
2458 4727 2493 4780 l.
2535 4729 2596 4777 16
2632 4725 2734 4778 ἐὰν
2769 4724 2818 4777 ὦ
2855 4727 3046 4777 addidi

465 4802 532 4837 ex
570 4787 765 4839 Choer.
800 4793 925 4851 798,
962 4795 1054 4855 25,
1092 4793 1236 4843 unde
1274 4794 1443 4843 etiam
1477 4794 1656 4844 adieci
1700 4795 1736 4844 l.
1780 4797 1840 4845 17
1875 4795 1967 4845 καὶ
2004 4793 2061 4847 ἐξ
2097 4792 2343 4858 ἀνάγκης
2379 4821 2445 4830 -
2485 4796 2519 4847 1.
2555 4796 2623 4844 28
2657 4797 2761 4846 τοῦ
2799 4797 2833 4848 ἓ
2868 4795 2959 4847 καὶ
2995 4800 3046 4848 Ui

466 4851 545 4908 εἰς
581 4860 656 4919 ’ῶ;
705 4873 773 4906 ex
811 4858 1089 4931 eodem-kp.
1129 4857 1517 4931 796201empla
1555 4861 1589 4912 1.
1628 4864 1693 4914 32
1726 4861 1917 4929 νυγείς
1962 4890 2028 4899 -
2073 4862 2106 4915 l.
2143 4866 2208 4913 34
2247 4861 2347 4916 ἐὰν
2382 4863 2602 4927 φθαρῶ.
2879 4874 2884 4879 ·
