3664 5546
694 373 813 437 106
1605 374 1702 429 -ΕΚ
1740 374 1881 428 ΤΩΝ
1923 373 2330 428 ΗΡΩΔῐΑΝΟΥ

687 546 874 611 πόλις
927 545 1278 627 Αἰγύπτου,
1336 518 1672 625 Εκιρῖτίς
1728 548 1766 625 ἡ
1826 546 2264 610 δωδεκάπολις
2314 547 2430 622 τῆς
2490 545 2730 623 Καρίας.
2832 545 3264 626 (φραγῖτις

2056 648 2345 713 ἐκαλεῖτο
2390 650 2428 726 ἡ
2480 649 2664 728 Κύμη.
2744 649 3112 714 Χαλκῖτις
3156 653 3263 728 νῆ-

2040 772 2102 815 ος
2157 751 2228 815 ἐν
2285 751 2604 835 ἑνδεκάτῳ
2640 745 3263 831 ’γεωγραφουμὲνων

2040 875 2051 916 ι
2106 854 2270 932 πρὸς
2327 853 2520 932 εὖρον
2580 853 2798 918 ςτάδια
2841 854 3068 919 ἑκατὸν
3102 855 3265 944 ιδείια

2040 977 2122 1021 :oc
2167 955 2326 1039 αὐτῇ
2371 956 2741 1034 παράκειται
2783 956 3121 1035 Πιτυώδης
3165 956 3265 1021 καὶ

2076 1057 2238 1151 ἄλλη
2301 1048 2542 1136 Πρῶῗτα
2600 1059 2938 1137 λεγομένη·
3008 1059 3137 1124 ἀπὸ
3194 1061 3263 1124 δὲ

2040 1161 2210 1226 τόλιν
2257 1159 2474 1244 cram
2523 1161 2988 1240 τεςςοφάκοντα
3006 1187 3049 1224 ».
3138 1162 3263 1226 ἔςτι

2081 1262 2367 1328 Ἰταλίας·
2441 1263 2568 1327 ἔςτι
2604 1265 2727 1327 «καὶ
2777 1264 2956 1342 χώρα
2999 1264 3068 1329 ἐν
3117 1263 3262 1328 (κυ-
3360 1318 3371 1325 .

2040 1368 2539 1444 ιτραμωτῑτις
2574 1365 2775 1444 ,χώρα
2831 1367 3263 1445 πληςίοινετῆς

2040 1468 2230 1551 εκάτῃ
2297 1468 2386 1553 (p.
2451 1466 2601 1546 768)
2668 1469 2994 1545 «Γερραῖοι
3045 1469 3124 1532 δ’
3177 1468 3265 1531 εἰς

2040 1572 2469 1651 ιρωνεῖτις,
2504 1565 3264 1652 (αλωνεῖτις,’ἠερό-

2049 1694 2108 1754 ς,
2152 1672 2540 1750 Δερεᾶτις
2590 1674 2907 1761 Ἄρτεμις,
2971 1673 3266 1751 Repu&-

2040 1825 2050 1853 ,
2113 1775 2998 1856 Μαλεᾶτις,,Μιδεᾶτις,
3058 1777 3266 1853 Μυρ-

2048 1880 2248 1960 ἅτις,
2321 1877 2677 1958 Πιςᾶτις,
2742 1876 3268 1958 Πλαταιᾶτις,

2040 1976 2170 2042 ιοοΙ.
2219 1976 2453 2041 Trach.
2499 1976 2675 2062 638).
2768 1977 3269 2061 (παρτιᾶτιϊ,

2040 2082 2463 2162 Αἰγινῆτις,
2542 2081 2831 2172 κωμήτης
2895 2085 3269 2162 κωμῆτις,

2040 2209 2086 2245 ,»
2157 2184 2247 2249 ὡς
2321 2183 2450 2247 ἀπὸ
2523 2184 2839 2262 Πειρήτης
2910 2182 3270 2266 ἀρςενικοῦ,

2043 2288 2123 2365 ρὰ
2169 2285 2516 2367 (οφοκλεῖ,
2579 2286 2824 2365 Κουρής
2874 2287 3269 2364 Κουρῆτις.

2040 2389 2239 2468 ;ιώτης
2282 2380 2677 2469 νηςιῶτΰς,
2725 2389 3269 2470 Ἀδραλιῶτις,

2040 2494 2390 2555 ἀλιῶτις.
2467 2491 2768 2568 Μαιώτης
2819 2491 3007 2555 ἔθνος
3053 2489 3270 2555 (κυθι-

2040 2595 2301 2671 ληθῆναι
2359 2592 2489 2657 ἀπὸ
2533 2596 2650 2656 τοῦ
2704 2596 2894 2670 μαῖαν
2940 2591 3101 2657 εἶναι
3147 2598 3271 2657 τοῦ

682 2694 978 2760 Εὐξείνου
1022 2695 1284 2761 πόντου.
1361 2696 1773 2775 Μαρεῶτις
1821 2676 2020 2775 λίμνη.
2080 2696 2651 2777 Μαςςαλιῶτις,
2695 2695 3270 2780 Πελαςγιῶτις,

682 2797 1035 2862 Φθιῶτις.
1099 2795 1317 2877 ’χωρὶς
1360 2786 1491 2863 τῶν
1538 2798 1667 2864 ἀπὸ
1710 2802 1821 2877 τῆς
1866 2799 2077 2877 κοίτης
2132 2798 2233 2864 καὶ
2288 2801 2518 2863 πωλῶ·
2563 2803 2761 2862 ταῦτα
2805 2799 2927 2876 γὰρ
2973 2818 3268 2877 προπαρ-

683 2900 1053 2982 οξύνονταν,
1130 2899 1462 2983 ἄκοιτις,
1537 2902 2041 2982 παράκοιτις,
2115 2899 2597 2981 ἀρτόπωλις,
2672 2901 3266 2983 λαχανόπωλις,

550 3019 644 3089 25
682 3002 1283 3082 ἀλφιτόπωλις..
1329 3004 1404 3066 τὸ
1462 3003 1676 3082 μέντοι
1735 3004 2158 3082 δολόμητις
2217 3002 2334 3066 οὐκ
2389 3002 2513 3065 ἔςτι
2570 3002 2876 3084 θηλυκόν,
2943 3002 3108 3067 ἀλλὰ
3164 3004 3272 3066 καὶ

682 3102 1027 3182 ἀρςενικόν.
1117 3106 1217 3169 καὶ
1272 3105 1420 3170 ἴςως
1475 3110 1650 3182 μῆτις
1706 3106 1978 3182 ἔγκειται
2036 3105 2123 3170 ὡς
2178 3105 2254 3168 τὸ
2315 3104 2665 3182 πολύμητις
2721 3104 3076 3184 δολόμητις.
3164 3106 3269 3169 καὶ

682 3206 805 3271 ἔςτι
853 3207 1172 3271 ςύνθετον.
1242 3206 1336 3272 ’τὸ
1382 3206 1651 3272 (κυθίς
1709 3209 1779 3272 δὲ
1826 3210 2244 3288 διςυλλαβοῡν
2291 3206 2580 3272 ὀξύνεται
2628 3208 2716 3272 ὡς
2761 3208 2836 3271 τὸ
2880 3206 3178 3284 Περςίς.

857 3351 890 3381 w
933 3326 1062 3390 Ἔτι
1115 3326 1194 3390 τὰ
1236 3327 1621 3406 νομιζόμενα
1681 3327 1811 3391 ἀπὸ
1868 3333 1998 3392 τῶν
2054 3328 2142 3392 εἰς
2185 3332 2266 3404 ᾗ
2322 3326 2668 3404 ἀρςενικῶν
2724 3328 3093 3402 γεγενῆςθαι
3137 3327 3268 3403 πρὸ

683 3432 823 3507 μιᾶς
868 3429 1081 3506 ἔχουςι
1125 3429 1241 3493 τὸν
1286 3429 1482 3494 τόνον
1516 3427 1660 3493 οἷον
1705 3431 1743 3508 ἡ
1790 3433 2232 3511 πλευρῖτις,
2278 3430 2316 3506 ἡ
2363 3432 2759 3511 φρενῖτις,
2803 3429 2842 3507 ἡ
2888 3431 3267 3507 νεφρῖτις.

580 3547 647 3598 30
681 3534 879 3594 ταῦτα
937 3531 1026 3593 ὼς
1083 3529 1213 3595 ἀπὸ
1268 3535 1397 3595 τῶν
1453 3531 1541 3595 εἰς
1595 3535 1678 3610 {Tc
1734 3533 2081 3611 ἀρςενικῶν
2139 3534 2435 3596 δοκοῦςιν
2493 3529 2656 3595 εἶναι
2715 3531 2806 3595 ὼς
2863 3529 2993 3595 ἀπὸ
3056 3534 3172 3594 τοῦ
3230 3532 3268 3594 ὸ

681 3633 1017 3711 πλευρίτης
1062 3634 1163 3697 καὶ
1207 3633 1244 3697 ὁ
1290 3635 1589 3713 φρενίτης
1633 3637 1733 3702 καὶ
1779 3636 1815 3700 ὁ
1862 3635 2192 3715 νεφρίτης,
2239 3621 2350 3697 εἰςὶ
2394 3633 2464 3696 δὲ
2511 3632 2795 3712 ὀνόματα
2839 3633 3228 3711 νοςημὰτων.

850 3752 951 3816 Τὰ
989 3751 1076 3817 εἰς
1121 3756 1236 3832 &si
1280 3754 1581 3834 διβράχεα
1626 3752 1949 3836 ὀξύνεται,
1999 3753 2261 3835 ῥαφίς,
2308 3750 2625 3834 γλυφίς,
2685 3752 2996 3834 ςταφίς,
3041 3772 3268 3829 ςτρο-

683 3854 827 3934 φίς.
906 3856 1304 3934 ςεςημείωται
1364 3857 1439 3921 τὸ
1483 3856 1696 3936 ιόφις.
1786 3858 1840 3922 εἰ
1897 3858 1966 3920 δὲ
2024 3857 2061 3934 ἡ
2118 3856 2576 3934 παραλήγουςα
2620 3853 2716 3932 εἴη
2762 3854 2945 3933 φύςει
3008 3855 3046 3931 ἢ
3105 3854 3270 3917 θέςει

682 3957 886 4061 μακρόι
942 3957 1009 4022 ἐν
1071 3957 1467 4039 διςυλλὰβοις
1511 3959 1937 4036 παροξύνεται
1992 3959 2030 4037 ἢ
2087 3960 2619 4038 προπεριςπᾶται,
2677 3955 2902 4037 Ἶφις,
2960 3955 3270 4035 Μέμφις

684 4116 736 4123 ..r—-
757 4115 1085 4130 --—.-.0——3-

818 4215 852 4266 l.
890 4216 956 4265 28
993 4215 1136 4265 hunc
1172 4230 1434 4266 canonem
1471 4220 1656 4280 recepi
1694 4231 1760 4264 ex
1799 4215 1994 4265 Choer.
2039 4216 2148 4270 189,
2187 4216 2269 4276 35,
2306 4214 2401 4264 ubi
2438 4214 2576 4263 haec
2613 4212 2833 4262 nomina
2857 4212 3173 4276 genetivum
3210 4213 3268 4262 in

683 4284 824 4346 ιδος,
863 4300 970 4333 non
1008 4284 1064 4332 in
1102 4285 1182 4334 ιος
1220 4284 1421 4335 habere
1458 4285 1703 4334 docetur.
1898 4284 1932 4332 l.
1972 4286 2036 4333 32
2075 4299 2236 4347 quum
2275 4283 2393 4333 cod.
2431 4282 2477 4331 A
2512 4277 2736 4343 ςταφίς,
2776 4280 2866 4329 ΒΟ
2907 4277 3137 4343 ςτραφίς
3175 4280 3271 4329 ha-

680 4355 875 4411 beant,
925 4352 1187 4404 Schmidt.
1236 4351 1433 4417 ςταφίς
1480 4348 1709 4416 ςτροφίς
1755 4350 2101 4401 scribendum
2146 4351 2379 4406 iudicat,
2427 4366 2583 4415 quem
2634 4354 2854 4398 secutus
2892 4363 3025 4398 sum.
3081 4347 3271 4402 addidi

682 4419 1046 4485 ςεςημείωται
1080 4418 1150 4470 τὸ
1200 4419 1328 4484 ὄφις
1375 4428 1430 4471 et
1477 4427 1600 4486 post
1647 4419 1680 4482 ἢ
1730 4421 2176 4483 προπεριςπᾶται
2223 4425 2449 4485 propter
2491 4417 2646 4480 Ἶφις.
2729 4417 2901 4467 Omisi
2948 4415 3268 4467 vocabulum

681 4487 906 4552 Ψωφίς,
964 4489 1108 4553 quod
1156 4505 1222 4538 ex
1268 4489 1486 4539 Arcadii
1540 4503 1750 4538 canone
1796 4488 1995 4551 Ψῶφις
2050 4489 2215 4537 scribi
2264 4488 2458 4549 debet,
2516 4485 2613 4536 sed
2662 4502 2747 4550 ap.
2798 4486 2876 4535 St.
2924 4486 2987 4534 B.
3035 4487 3157 4539 704.
3207 4486 3271 4533 18

683 4558 901 4608 diverso
948 4564 1181 4607 accentu
1227 4563 1477 4607 notatum
1523 4561 1632 4606 est:
1689 4553 1886 4618 Ψωφίς
1933 4556 2094 4607 πόλις
2144 4553 2445 4619 Ἀρκαδίας.
2527 4553 2792 4619 κέκληται
2843 4551 2957 4603 ἀπὸ
3004 4551 3268 4615 Ψώφιδος

682 4628 786 4675 τοῦ
834 4624 1146 4687 Λυκάονος,
1193 4623 1302 4686 ὑφ’
1347 4623 1412 4673 οὗ
1457 4639 1588 4688 φαςι
1643 4621 1711 4673 τὸ
1760 4623 2002 4674 παλαιὸν
2049 4622 2289 4675 ἐκτίςθαι
2335 4621 2542 4687 αὐτήν,
2600 4623 2633 4684 ἢ
2688 4620 2802 4672 ἀπὸ
2849 4620 3111 4684 Ψωφῖδος
3166 4622 3269 4683 τῆς

685 4692 914 4758 Ἔρυκος
960 4690 1252 4755 θυγατρός.
1325 4691 1436 4743 ἐςτι
1484 4693 1572 4743 καὶ
1620 4688 1784 4753 ἑτέρα
1832 4690 1994 4743 πόλις
2045 4688 2404 4755 Ἀκαρνανίας
2454 4692 2486 4754 ἡ
2538 4689 2746 4740 παλαιὰ
2794 4688 3086 4752 λεγομένη.
3157 4687 3268 4739 ἐςτι

687 4760 776 4812 καί
812 4759 973 4825 τρίτη
1015 4761 1248 4824 Ἀχαΐας.
1321 4759 1432 4810 ἐςτι
1470 4761 1559 4810 καὶ
1598 4758 1762 4822 ἑτέρα
1799 4758 1993 4822 Ψωφίς
2033 4759 2195 4810 πόλις
2231 4757 2448 4823 Λιβύης.
2497 4757 2720 4819 λέγεται
2756 4756 2817 4808 δὲ
2854 4757 2944 4807 καὶ
2980 4756 3015 4820 ἡ
3055 4754 3269 4807 Ζακυν-

687 4826 828 4880 θίων
863 4828 1168 4894 ἀκρόπολις
1204 4826 1427 4890 Ψωφίς,
1468 4827 1544 4878 ὼς
1581 4825 1902 4880 Παυςανίας
1939 4829 2108 4891 φηςιν
2145 4826 2333 4893 ὀγδόῳ
2382 4824 2794 4891 περιηγήςεως,
2833 4825 2977 4875 unde
3017 4824 3272 4875 concludi

688 4898 864 4965 possit
899 4897 1222 4948 femininum
1259 4894 1456 4961 Ψωφίς
1491 4903 1553 4946 ut
1590 4912 1925 4963 paronymon
1963 4902 2250 4961 oxytonos,
2288 4896 2652 4946 masculinum
2696 4896 2993 4959 barytonos
3032 4908 3267 4958 pronun—
