3664 5546
1189 377 1349 433 ΠΕΡΙ
1392 376 1781 434 ΚΑΘΟΛΙΚΗ(
1816 376 2238 433 ΠΡΟΕΩιΔΙΑ(
2273 378 2336 432 Ζ.
2931 378 3048 444 171

473 553 504 614 ῖ
547 549 896 631 φωριαμός.
990 549 1107 616 εἰςὶ
1164 549 1266 614 καὶ
1329 549 1729 630 Φωριαμοί
1800 548 2002 615 τόπος
2064 550 2329 616 Ἤλιδος
2394 551 2622 631 μεταξὺ
2686 550 3053 630 Παρθενίου

471 657 587 720 τοῦ
629 656 924 733 ποταμοῦ
968 654 1070 718 καὶ
1114 652 1441 732 Ἀρκαδίας
1485 652 1841 733 ἐπιτήδειος
1886 652 1975 718 εἰς
2020 652 2287 731 ἐνέδραν
2332 652 2404 719 ἐν
2450 660 2649 738 ςτενῷ
2692 654 2995 733 κείμενος.

640 774 734 838 Τὰ
777 773 883 838 διὰ
923 775 1042 838 τοῦ
1084 776 1252 851 W
1265 822 1282 854 ‚
1340 771 1394 837 εἰ
1447 771 1704 851 ἄρχεται
1749 771 1881 837 ἀπὸ
1927 771 2046 836 δύο
2106 772 2470 853 ςυμφώνων
2483 822 2501 854 ,
2558 773 2742 852 κύρια
2796 773 2957 839 ὄντα
3009 776 3048 853 ἢ

473 874 727 940 ἐπίθετα
769 876 1323 954 προπαροξύνεται
1336 924 1356 959 ,
1414 874 1455 939 ἄ
1468 895 1503 953 ρ
1516 896 1552 939 τ
1567 895 1606 938 α
1620 898 1660 954 μ
1674 895 1711 939 ο
1727 895 1758 939 ς
1813 873 1851 939 ὁ
1908 875 2208 954 μάγειρος
2221 924 2238 958 ,
2295 872 2333 939 ὄ
2348 896 2384 953 ρ
2397 895 2436 954 χ
2448 895 2489 938 α
2500 896 2541 954 μ
2555 896 2594 940 ο
2607 896 2639 940 ς
2650 925 2669 958 ,
2719 877 2893 955 παρὰ
2936 878 3052 956 τὴν

472 977 676 1058 ἀρχὴν
720 976 1006 1057 ἄρχαμος
1049 977 1153 1042 καὶ
1195 975 1494 1057 ὄρχαμος.
1584 977 1693 1042 Πέ
1708 997 1849 1055 ργα
1861 999 1902 1057 μ
1915 998 1952 1042 ο
1968 998 1999 1042 ς
2053 977 2239 1043 πόλις
2284 977 2485 1042 Ἀςίας
2497 1026 2515 1060 ,
2572 977 2603 1041 ἐ
2616 1000 2717 1057 μπ
2732 978 2763 1042 έ
2777 998 2868 1056 ρα
2881 999 2970 1058 μο
2987 999 3048 1061 ς,
3077 985 3109 1036 5

470 1081 515 1145 Ἰ
532 1102 573 1159 μ
588 1084 623 1160 β
638 1100 674 1158 ρ
688 1099 729 1143 α
740 1100 782 1158 μ
795 1100 832 1144 ο
848 1101 896 1145 ς.
968 1078 1174 1145 οὕτως
1217 1078 1442 1158 Ἑρμῆν
1489 1079 1779 1154 λέγουςιν
1825 1079 1888 1144 οἱ
1935 1078 2130 1158 Κᾶρες
2144 1129 2162 1163 ,
2206 1080 2258 1144 Τ
2271 1079 2308 1144 ύ
2322 1100 2358 1158 ρ
2371 1100 2406 1145 τ
2419 1099 2460 1143 α
2474 1101 2515 1158 μ
2529 1099 2567 1144 ο
2581 1100 2627 1145 ς.
2704 1080 2780 1145 τὸ
2810 1155 2819 1171 ι
2834 1081 3051 1160 μέντοι

474 1204 505 1248 ς
517 1203 557 1262 χ
569 1203 588 1247 ι
602 1204 640 1249 ν
655 1186 692 1246 δ
706 1203 747 1246 α
759 1185 795 1246 λ
811 1202 851 1246 α
866 1204 906 1262 μ
919 1180 957 1247 ό
973 1203 1005 1247 ς
1048 1182 1087 1246 ὁ
1131 1181 1379 1262 ςχιςμός
1423 1181 1710 1249 ὀξύνεται
1754 1182 2225 1261 προςηγορικὸν
2270 1181 2365 1247 ὄν.

640 1301 735 1367 Τὰ
800 1300 890 1367 εἰς
948 1307 1067 1381 μ’ὀῗ
1121 1301 1627 1382 ὑπερδιςύλλαβα
1680 1301 2181 1382 παραληγόμενα
2242 1306 2334 1384 τῷ
2388 1303 2423 1365 ἐ’
2476 1300 3053 1386 προπαροξύνεται,

472 1404 871 1486 Τήλεμος,
904 1404 1254 1488 Ἔχεμος,
1298 1404 1679 1487 πόλεμος,
1726 1402 2030 1483 ἄνεμος.
2087 1403 2461 1485 Ἰάλεμος,
2505 1403 2824 1487 ἤρεμος,
2870 1405 3051 1470 κοά-

475 1509 740 1588 λεμος,
794 1497 1186 1590 Φάλεμος,
1243 1504 1622 1589 ἄργεμος,
1676 1504 2031 1585 ἄνθεμος.
2117 1506 2195 1572 τὸ
2255 1508 2326 1570 δὲ
2383 1506 2715 1585 θελεμός
2759 1504 2891 1572 ἀπὸ
2934 1510 3051 1572 τοῦ
3089 1513 3155 1565 10

441 1607 745 1687 ·θελημός
788 1607 1094 1676 ὀξύνεται.

641 1727 736 1793 Τὰ
777 1726 866 1792 εἰς
907 1732 1026 1807 ιᾙς
1070 1728 1244 1794 ἁπλᾶ
1296 1735 1389 1813 τῷ
1442 1731 1481 1807 ἦ
1536 1726 2035 1807 παραληγόμενα
2089 1727 2321 1793 ςπάνια
2370 1725 2529 1794 ὄντα
2571 1728 3052 1807 προπαροξύνε-

470 1851 604 1914 ται,
661 1829 948 1910 ἔρημος
1002 1831 1322 1913 Ἀττικῶς,
1389 1831 1673 1911 ἐρῆμος
1738 1830 1810 1895 δὲ
1865 1829 2040 1907 παρὰ
2082 1835 2175 1914 τῷ
2237 1837 2469 1915 ποιητῇ
2515 1831 2650 1896 «ὡς
2693 1830 2791 1895 ἴδε
2835 1835 3052 1910 χῶρον

473 1932 751 2012 ἐρῆμον»
797 1933 875 2014 (Κ
916 1931 1104 2015 520),
1164 1934 1460 2014 Κέημος
1514 1933 1723 2012 ὄνομα
1776 1932 2003 2010 νήςου·
2061 1931 2153 1997 ἔτι
2208 1932 2310 1996 καὶ
2362 1932 2441 1996 τὰ
2495 1933 2763 1998 ςύνθετα
2813 1933 3051 2013 Εὔδη-

473 2056 645 2117 μος,
691 2034 1073 2119 εὔφημος,
1119 2036 1477 2117 εὔςημος,
1524 2034 1845 2117 ἄςημος,
1890 2034 2294 2116 ἐπίςημος,
2326 2033 2814 2118 βλάςφημος,
2858 2036 3051 2101 πάν·
3092 2045 3154 2096 15

474 2143 748 2220 δημος,
795 2137 1271 2221 Νικόδημος,
1317 2137 1712 2217 ἑπίδημος.

639 2256 735 2321 Τὰ
778 2255 866 2321 εἰς
908 2258 1062 2334 ιμ-ος·
1089 2257 1597 2337 ύπερδιςύλλαβα
1626 2256 2214 2339 προπαροξύνεται,
2259 2254 2687 2340 ἀγώγιμος,
2727 2257 3051 2340 ὀψιμος,

473 2359 865 2441 πρώϊμος,
921 2358 1352 2443 ὠφέλιμος,
1410 2359 1768 2441 ἄλκιμος,
1825 2358 2187 2437 νόμιμος.
2262 2358 2675 2441 ςπόριμος,
2738 2359 3050 2439 ἐπήτρι-

474 2483 642 2544 μος,
696 2465 890 2526 τοῦτο
945 2460 985 2525 δ
1029 2461 1480 2541 Ἀςκαλωνίτης
1534 2460 1744 2528 ὀξύνει
1802 2461 1894 2525 ὡς
1948 2458 2307 2538 πολεμικός.
2376 2460 2496 2525 οὐκ
2540 2459 2628 2525 εὖ.
2696 2462 3051 2545 κύδιμος,

474 2564 879 2645 φαίδιμος,
926 2562 1279 2647 δόκιμος,
1325 2563 1649 2647 ὤκιμος,
1691 2565 2043 2646 Ἀριμος,
2086 2559 2412 2640 Ὄχι’μος
2455 2563 2664 2642 πατὴρ
2712 2563 3050 2644 Κυδίππης.
3086 2576 3156 2626 20

642 2681 736 2746 Τὰ
779 2680 868 2746 εἰς
908 2684 1075 2761 δῖιδῖ
1118 2682 1623 2762 ὑπερδιςύλλαβα
1665 2681 2253 2762 προπαροξύνεται,
2296 2680 2708 2766 κέρτομος,
2767 2681 3050 2763 ἄνδρο-

475 2805 615 2865 μος
659 2783 696 2849 ὁ
741 2783 1103 2869 ἀνδρώδης,
1148 2784 1525 2868 ἕβδομος,
1568 2784 1872 2865 Δίομος
1921 2785 2244 2849 Κολυττοῦ
2287 2783 2425 2849 υἱὸς
2465 2783 2851 2863 Ἡρακλέους
2894 2785 3050 2866 ἐρώ-

474 2907 682 2967 μενος.
731 2888 918 2966 ,πλὴν
947 2890 1064 2952 τοῦ
1098 2888 1571 2969 καρατόμος,
1616 2884 2068 2966 ἀγρονόμος
2111 2884 2242 2951 ἀπὸ
2276 2884 2571 2965 ῥημάτων
2603 2889 3050 2954 ςυντεθέντων.

643 3005 738 3071 Τὰ
794 3005 884 3072 εἰς
925 3005 1094 3085 ὐἶιῖιῖ
1147 3005 1386 3085 ἔχοντα
1438 3005 1514 3071 τὸ
1580 3025 1619 3068 υ
1691 3006 1891 3087 βραχὺ
1948 3006 2079 3084 πρὸ
2132 3009 2251 3070 τοῦ
2304 3010 2422 3085 W
2476 3007 3050 3090 προπαροξύνεται,

514 3166 531 3171 ..
556 3164 875 3171 0———-———

474 3264 688 3314 eadium
724 3280 821 3329 pro
858 3262 1002 3315 Θέςει
1039 3262 1385 3315 scribendum
1431 3279 1553 3315 esse
1589 3261 1773 3332 φύςει)
1819 3261 1981 3328 κύρια
2026 3261 2128 3325 μὲν
2175 3259 2315 3313 ὄντα
2362 3261 2658 3327 βαρύνεται
2702 3261 2780 3314 ὡς
2825 3263 2936 3327 ἔχει
2981 3264 3050 3316 τὸ

473 3330 769 3396 Πύραμος,
808 3331 1122 3395 Τεύταμος·
1172 3330 1275 3396 οὐχ
1309 3331 1496 3385 οὕτως
1541 3331 1602 3383 δὲ
1638 3331 1843 3396 ἔχοντα
1879 3331 2162 3394 ὀξύνεται,
2202 3329 2281 3383 ὡς
2320 3329 2432 3394 ἔχει
2467 3331 2536 3382 τὸ
2573 3330 2847 3396 οὐλαμός,
2884 3347 3050 3397 χηρα-

476 3398 593 3461 μός.
663 3398 854 3465 τούτῳ
891 3398 995 3451 οὖν
1033 3400 1150 3451 κτλ.
1194 3401 1263 3452 cf.
1303 3402 1403 3466 Ep.
1443 3400 1531 3450 Cr.
1569 3402 1596 3451 1
1630 3404 1749 3463 430,
1790 3403 1836 3451 7.
1909 3396 2199 3465 Φωριαμοί
2234 3398 2424 3449 addidi
2462 3416 2528 3450 ex
2566 3399 2647 3450 st.
2686 3402 2748 3450 B.
2947 3402 2982 3453 1.
3018 3403 3051 3451 4

476 3466 718 3531 ὄρχαμος
755 3468 970 3532 explevi
1007 3484 1073 3517 ex
1108 3468 1173 3519 E.
1210 3470 1301 3520 Or.
1337 3470 1420 3532 89,
1455 3472 1504 3531 4,
1544 3471 1638 3520 ubi
1673 3468 2050 3519 Herodianum
2087 3473 2145 3518 et
2179 3467 2526 3533 Apollonium
2564 3470 2643 3519 sic
2681 3467 2923 3532 ὄρχαμος
2960 3485 3050 3519 ex-

474 3536 711 3600 plicasse
752 3534 1012 3584 traditum
1052 3540 1160 3598 est,
1206 3535 1508 3601 Πέργαμος
1545 3553 1611 3595 ex
1648 3536 1730 3590 St.
1767 3538 1860 3597 B..
1909 3535 2224 3600 ἐμπέραμος
2268 3551 2365 3600 pro
2411 3534 2664 3599 ἔμπαμος
2709 3537 2845 3587 Lob.
2882 3537 3049 3591 Proll.

478 3605 573 3652 156
611 3603 884 3664 restituit,
919 3600 1211 3666 Ἴμβραμος
1247 3605 1437 3655 addidi
1473 3621 1537 3655 ex
1575 3606 1654 3657 St.
1695 3607 1757 3656 Β.
1797 3607 1923 3665 331,
1965 3606 2027 3655 15
2063 3609 2121 3654 et
2155 3601 2449 3668 Τύρταμος
2502 3620 2570 3656 ex
2604 3604 2670 3658 11.
2707 3603 2796 3655 Pr.
2834 3605 2867 3654 l.
2903 3621 2948 3655 c.
2995 3611 3053 3656 et

477 3672 558 3722 St.
598 3670 658 3720 B.
696 3672 814 3733 275,
854 3672 935 3721 19.
1106 3671 1141 3723 l.
1180 3674 1211 3722 9
1250 3669 1489 3736 Ἰάλεμος
1525 3701 1591 3710 --
1626 3672 1869 3734 ἅνθεμος
1905 3672 2093 3722 addidi
2130 3687 2198 3721 ex
2232 3671 2477 3738 Theogn.
2513 3674 2606 3733 64,
2646 3676 2734 3736 15,
2775 3671 3049 3735 κοάλεμος

474 3754 570 3805 pro
606 3736 883 3800 κάλλεμος
920 3737 1169 3789 scribens
1203 3755 1321 3789 eum
1359 3742 1495 3791 Lob.
1535 3746 1591 3791 et
1628 3739 1870 3805 ἄργεμος
1916 3757 2013 3806 pro
2050 3739 2316 3804 ἄγρεμος;
2365 3741 2522 3791 omisi
2558 3738 2858 3805 Τρίλεμος,
2906 3742 3050 3807 quod

474 3806 717 3861 Lobeck.
764 3823 834 3858 ex
879 3806 1247 3872 praecedente
1294 3806 1549 3872 Τήλεμος
1594 3809 1892 3874 repetitum
1945 3810 2275 3875 suspicatur.
2355 3809 2428 3860 ef.
2478 3809 2541 3862 E.
2589 3811 2662 3859 Μ.
2715 3812 2836 3871 103,
2882 3812 2945 3858 41
2994 3814 3053 3859 et

476 3875 669 3925 Choer.
708 3875 886 3941 Epim.
922 3875 981 3924 in
1018 3874 1217 3923 Psalm.
1253 3878 1344 3929 57.
1386 3879 1440 3937 1;
1490 3876 1553 3925 Ε.
1590 3878 1664 3929 Μ.
1705 3880 1828 3939 194,
1867 3879 1955 3928 33:
2003 3876 2116 3929 ἔςτι
2152 3875 2244 3927 καὶ
2279 3875 2429 3941 ῥῆμα
2467 3875 2675 3939 βέλλω,
2715 3875 2825 3940 ἀφ’
2860 3875 2927 3927 οὗ
2966 3875 3050 3940 βέ-

475 3944 644 4004 λεμος
699 3940 777 3994 ὡς
831 3942 944 4007 ἔχω
998 3939 1256 4006 Ἔχεμος,
1313 3941 1599 4008 Τήλεμος,
1661 3945 1999 4013 πλεοναςμῷ
2051 3947 2154 3997 τοῦ
2209 3946 2244 3996 V
2298 3943 2565 4008 βέλεμνος
2617 3943 2707 3995 καὶ
2763 3943 3050 4008 βέλεμνον.

476 4010 817 4075 Ἡρωδιανὸς
854 4010 982 4075 περὶ
1019 4011 1235 4061 παθῶν.
1372 4011 1409 4061 1.
1447 4015 1509 4064 13
1552 4014 1721 4063 verba
1756 4014 2049 4064 Homerica
2085 4013 2272 4064 addidi
2308 4029 2374 4064 ex
2409 4013 2557 4064 Mon.
2591 4016 2683 4075 33,
2718 4015 2776 4062 4:
2817 4011 3048 4078 ἐρῆμοςτ

475 4078 641 4130 οὐδὲν
688 4075 766 4130 εἰς
812 4082 912 4139 ’μὸῐ
956 4078 1134 4143 λῆγον
1180 4077 1324 4143 ὑπὲρ
1369 4078 1471 4130 δύο
1516 4080 1788 4144 ςυλλαβάς
1846 4080 2390 4147 προπεριςπώμενον
2434 4084 2518 4146 τῷ
2564 4083 2599 4144 ῆ
2647 4080 3048 4145 παραλήγεται,

474 4146 619 4199 ἀλλὰ
655 4146 829 4209 μόνον
855 4145 1061 4211 ὲρῆμος
1086 4175 1151 4182 -
1179 4145 1419 4199 Ἀττικοὶ
1446 4146 1636 4211 μέντοι
1662 4148 2144 4215 προπαροξύνουςι
2167 4150 2275 4214 τὴν
2302 4147 2464 4200 λέξιν.
2513 4149 2617 4199 Pro
2652 4145 2816 4214 ἷημος
2855 4150 3053 4214 scripsi

479 4215 693 4280 Κέημος
728 4230 925 4265 nomen
960 4219 1238 4265 caeterum
1272 4216 1522 4281 ignotum
1557 4234 1625 4268 ex
1663 4219 1906 4283 Theogn.
1955 4218 2024 4267 cf.
2063 4218 2198 4268 Lob.
2235 4216 2441 4266 Parall.
2477 4219 2578 4268 398
2615 4221 2671 4268 et
2696 4217 2954 4271 Schmidt.
2981 4217 3050 4267 ad

474 4284 712 4348 Hesych.
761 4299 803 4333 s.
851 4279 1048 4347 λίημος
1093 4281 1366 4347 ψάμαθος.
1446 4284 1549 4338 An.
1586 4287 1684 4338 Ox.
1726 4286 1781 4335 11
1824 4286 1949 4347 466,
1998 4287 2077 4335 16.
2159 4285 2478 4350 Composita
2521 4284 2652 4336 inde
2697 4287 2766 4337 ab
2813 4282 3050 4349 εῠςημος

476 4359 606 4402 sunt
650 4368 717 4401 ex
751 4351 997 4416 Theogn.
1068 4353 1240 4403 Omisi
1286 4350 1595 4417 Ἀκάδημος
1638 4354 1728 4405 vel
1766 4351 2095 4417 Ἐκάδημος,
2141 4352 2288 4403 unde
2338 4350 2670 4416 Ἀκαδήμεια
2714 4353 2943 4417 dietum,
2989 4361 3053 4403 ut

475 4420 688 4470 incerta
732 4419 803 4469 cf.
855 4419 1023 4469 Mein.
1060 4420 1131 4470 ad
1168 4419 1248 4470 St.
1286 4421 1348 4471 B.
1395 4436 1436 4471 s.
1478 4419 1811 4485 Ἀκαδήμεια
1857 4425 1913 4473 et
1953 4418 2293 4484 Ἑκαδήμεια.
2364 4417 2712 4486 Θεμβρίημος
2748 4437 2834 4485 ap.
2874 4420 2953 4471 St.
2989 4422 3051 4471 B.

475 4487 642 4537 Mein.
681 4502 749 4537 ex
786 4483 1029 4551 Θεμβρία
1063 4487 1237 4552 δῆμος
1272 4494 1583 4554 corruptum
1608 4496 1786 4555 putat.
1928 4489 1966 4540 1.
2007 4491 2069 4540 17
2108 4489 2338 4539 eundem
2373 4504 2636 4538 canonem
2670 4488 2843 4540 habet
2867 4488 2932 4539 11.
2959 4490 3050 4539 Pr.

477 4552 516 4607 C
553 4558 677 4618 211,
722 4554 868 4605 unde
913 4553 1145 4620 νόμιμος
1179 4585 1245 4592 -
1281 4555 1386 4609 οὐκ
1433 4555 1494 4608 εὖ
1540 4559 1748 4623 recepi3
1796 4555 2022 4621 κύδιμος
2066 4584 2130 4592 -
2176 4555 2402 4619 δόκιμος
2449 4572 2514 4606 ex
2551 4556 2797 4622 Theogn.
2835 4558 2926 4618 64,
2965 4559 3050 4619 26,

476 4621 685 4685 ὤκιμος
720 4638 787 4673 ex
821 4623 1012 4675 Dichr.
1051 4627 1179 4688 293,
1221 4628 1306 4684 19;
1346 4625 1574 4690 Ἀριμος
1613 4641 1679 4675 ex
1716 4627 1793 4676 St..
1831 4625 1893 4675 B.
1931 4627 2053 4686 118,
2095 4627 2182 4685 15,
2218 4624 2451 4688 Ὄχιμος
2487 4640 2555 4675 ex
2591 4624 2780 4674 eodem
2813 4627 2932 4686 417,
2969 4627 3049 4674 20.

476 4692 648 4743 Omisi
686 4687 903 4754 (ίκιμος
939 4691 1103 4744 πόλις
1142 4691 1395 4758 Ἀραβίας
1433 4693 1522 4744 καὶ
1559 4690 1750 4756 (ίκιμα
1790 4692 1882 4744 καὶ
1918 4691 2138 4757 (ίκιμος
2173 4692 2242 4744 τὸ
2281 4692 2530 4756 ἑθνικόν,
2615 4708 2741 4743 uum
2779 4693 3050 4758 scriptura

476 4759 621 4810 inter
652 4762 687 4823 ῆ
725 4756 987 4824 ((ίκημος
1026 4762 1106 4813 St.
1141 4762 1228 4827 B.)
1266 4768 1323 4812 et
1358 4764 1393 4813 ἶ
1429 4762 1690 4826 (Hesych.
1726 4758 1941 4827 (ίκιμα)
1980 4763 2226 4817 fluctuet.
2406 4762 2441 4811 l.
2478 4764 2543 4810 22
2634 4757 2791 4824 ίομος
2826 4760 3052 4812 exhibui

473 4843 573 4947 ffi?
595 4826 824 4947 1Ϋέςέιιος
860 4844 926 4878 ex
965 4829 1068 4949 {a
1082 4831 1144 4880 B.
1183 4831 1302 4895 394,
1340 4833 1365 4881 1
1406 4829 1590 4880 collat.
1626 4830 1689 4883 Ε.
1725 4830 1800 4880 Μ.
1842 4833 1956 4895 102,
1992 4833 2076 4894 42,
2113 4812 2346 4895 Ep.⁸Cr.
2381 4830 2409 4880 1
2446 4830 2536 4892 83,
2575 4833 2623 4882 3.
2697 4829 2769 4880 ef.
2803 4829 3047 4881 Meinek.

561 4912 594 4947 a
642 4934 653 4945 .
760 4911 844 4948 ex.
881 4912 934 4962 p.
1073 4933 1088 4948 .
2596 4917 2616 4956 ,-
