3664 5546
665 390 815 440 Xvn
824 390 847 439 1
1742 382 2163 438 PRAEFATIO.

667 551 795 627 πὴν
840 546 1335 626 ὑπερκύδαντας.
1424 546 1495 611 ἐν
1551 548 1623 611 δὲ
1678 552 1770 630 τῷ
1826 544 2192 629 ὀνοματικῷ
2248 545 2447 627 λέγει,
2502 543 2598 608 ὅτι
2655 542 2864 623 ὄνομά
2919 544 3059 609 ἐςτι.
3149 544 3249 608 καὶ

666 653 912 729 μᾶλλον
957 649 1167 728 ὄνομα
1212 651 1311 712 δεῖ
1372 649 1582 723 λε’γειν
1639 648 1797 713 αὐτὸ
1844 648 2006 726 ἤπερ
2062 648 2354 725 μετοχήν.
2439 653 2532 729 τῷ
2574 649 2696 724 γὰρ
2743 646 3105 730 ὀνοματικῷ
3153 649 3250 709 δεῖ

666 755 912 830 μᾶλλον
968 751 1282 815 πιςτεύειν
1347 752 1385 828 ἢ
1451 753 1588 814 τοῖς
1646 750 2101 829 ἐπιμεριςμοῖς·
2166 754 2362 813 τοῦτο
2429 749 2551 826 γὰρ
2615 749 3019 827 ὡμολόγηται
3085 746 3249 811 εἶναι

664 854 1082 932 Ἡρωδιανοὺ.
1173 851 1234 915 οἱ
1294 853 1364 915 δὲ
1428 850 1816 931 ἑπιμεριςμοὶ
1862 852 1981 917 οὐκ
2024 852 2136 916 εἰςὶ
2179 854 2415 917 πάντες
2460 850 2887 928 Ἡρωδιανοῡ·
2944 850 3085 914 ἀλλ’
3139 849 3249 913 εἰςὶ

664 956 767 1018 καὶ
812 953 1346 1032 ψευδεπίγραφοι.

664 1065 848 1141 patet
898 1052 1379 1118 Coeroboseum
1440 1054 1569 1117 duo
1627 1075 1872 1138 genera
1929 1055 2512 1140 Epimerisrnorum
2569 1052 2968 1135 discernere,
3029 1073 3247 1132 unum,

664 1155 840 1243 quod
885 1155 970 1221 ab
1001 1153 1382 1218 Herodiano
1424 1157 1790 1240 profectum
1837 1178 2012 1238 esse,
2059 1154 2363 1237 alterum,
2411 1154 2585 1242 quod
2629 1153 2799 1219 salso
2832 1156 2972 1219 eius
3016 1175 3249 1219 nomen

663 1280 890 1341 gerere
934 1257 1231 1343 putabat.
1322 1257 1540 1336 Quum
1583 1256 1786 1341 igitur
1828 1279 1963 1321 una
2005 1257 2087 1321 de
2142 1242 2619 1338 ὑπερκύδαντας
2674 1257 3027 1336 sententia,
3084 1277 3248 1342 quae

665 1358 1047 1424 Herodiano
1104 1359 1450 1440 tribuitur,
1520 1361 1588 1422 in
1642 1358 2135 1444 Epimerismis,
2203 1360 2284 1423 de
2350 1381 2623 1444 quorum
2681 1359 3055 1422 sinceritate
3119 1378 3247 1419 non

667 1468 953 1539 constat,
998 1461 1405 1545 proferatur,
1453 1458 1948 1526 Choeroboscus
1994 1471 2333 1547 praeterea
2362 1462 2658 1541 nescius»,
2703 1481 2859 1522 num
2905 1459 2982 1538 ii,
3028 1480 3068 1521 a
3111 1459 3250 1543 qui-

663 1564 786 1628 bus
857 1561 1222 1626 Herodiani
1286 1563 1357 1625 in
1420 1562 1878 1647 Epimerismis
1942 1562 2023 1626 de
2082 1563 2559 1641 ὑπερκύδαντας
2625 1559 2937 1646 placitum
2994 1561 3249 1645 petivit,

664 1665 825 1729 satis
882 1664 1126 1728 criseos
1184 1663 1270 1727 ad
1325 1684 1514 1729 veros
1559 1663 2031 1748 Epimerismos
2088 1685 2128 1726 a
2182 1661 2368 1726 falsis
2430 1661 2891 1726 discernendos
2942 1659 3248 1737 habeant,

663 1766 986 1831 incertum
1030 1764 1367 1851 relinquit,
1425 1774 1647 1828 utrum
1691 1764 2110 1829 Herodianus
2164 1785 2234 1827 re
2277 1786 2439 1828 vera
2480 1764 2676 1828 ctiam
2732 1783 2849 1847 pro
2902 1762 3248 1848 participio

662 1867 968 1933 habuerit
1011 1889 1244 1948 necne,
1292 1866 1360 1930 id
1404 1873 1660 1930 tantum
1690 1864 2030 1931 indubium
2077 1887 2218 1929 esse
2264 1864 2554 1929 affirmat
2597 1887 2741 1928 eum
2774 1866 3249 1944 ὑπερκύδαντας

660 1991 900 2033 nomen
945 1991 1087 2032 esse
1133 1968 1489 2047 iudicasse,
1549 1967 1788 2052 quippe
1847 1967 2023 2052 quod
2079 1966 2162 2030 de
2205 1965 2389 2047 libri,
2455 1967 2571 2031 ubi
2614 1989 2693 2030 ea
2736 1967 3063 2031 sententia
3106 1986 3250 2051 pro-

661 2079 978 2154 ponatur,
1035 2070 1286 2153 origine
1333 2067 1755 2132 Herodianea
1812 2066 1992 2131 nulla
2059 2068 2147 2132 sit
2203 2068 2508 2153 suspicio,
2610 2067 2757 2147 Quo
2812 2066 3247 2134 Ohoerobosci

664 2169 906 2233 iudicio
952 2172 1141 2236 nobis
1188 2170 1728 2253 acquiescendum
1774 2179 1906 2248 est,
1964 2167 2153 2249 lieet,
2210 2171 2266 2232 si
2312 2170 2717 2255 quaerimus,
2773 2192 2930 2233 num
2974 2191 3053 2233 ea
3106 2191 3246 2231 sen-

661 2271 904 2352 tentia,
951 2293 1118 2355 quae
1163 2270 1230 2332 in
1273 2268 1633 2334 Herodiani
1671 2271 2132 2356 Epimerismis
2176 2271 2380 2334 fuisse
2421 2269 2697 2351 dicitur,
2742 2272 2827 2334 ab
2869 2269 3248 2334 Herodiano

662 2393 929 2457 prorsus
975 2368 1189 2434 aliena
1231 2370 1536 2435 habenda
1579 2372 1697 2454 sit,
1744 2371 2013 2436 concedi
2058 2371 2252 2436 debet
2295 2370 2417 2435 hoe
2462 2370 2593 2435 dici
2623 2393 2752 2434 non
2798 2394 3008 2457 posse.
3076 2371 3245 2434 Nam

663 2484 728 2537 et
782 2473 1044 2559 saepius
1092 2470 1510 2537 Herodianus
1566 2473 1635 2535 in
1691 2473 1970 2538 diversis
2027 2473 2287 2559 seriptis
2346 2471 2639 2536 diversas
2695 2474 3049 2537 sententias
3102 2495 3245 2558 pro·

659 2575 813 2639 tulit
858 2596 1067 2660 neque
1098 2594 1418 2659 syncope,
1465 2595 1594 2659 qua
1623 2597 1755 2640 vox
1787 2576 2266 2655 ὑπερκύδαντας
2295 2573 2695 2660 explicatur,
2743 2575 3041 2661 quamvis
3084 2575 3247 2639 dura

662 2676 974 2741 abhorret
1034 2674 1118 2740 ab
1173 2674 1539 2739 Herodiani
1602 2675 2105 2759 consuetudine,
2174 2678 2287 2763 qui
2350 2679 2658 2758 τέτλαμεν
2713 2700 2796 2741 ex
2861 2678 3245 2756 τετλήκαμεν

665 2779 773 2861 (Ε.
821 2776 912 2840 M.
961 2778 1116 2857 754,
1163 2778 1264 2864 3),
1311 2778 1660 2857 ἀπειλήτην
1706 2800 1790 2841 ex
1834 2780 2257 2861 ἀπειληςάτην
2313 2780 2421 2865 (Ε.
2467 2779 2560 2843 M.
2612 2780 2763 2861 121,
2814 2780 2953 2864 10),
3011 2781 3246 2860 φρόνιν

664 2902 746 2942 ex
792 2880 1102 2959 φρόνηςιν
1151 2879 1259 2961 (Ε.
1293 2879 1386 2942 M.
1432 2879 1589 2960 800,
1636 2879 1784 2961 47),
1832 2881 1964 2946 ἅζω
2010 2905 2093 2945 ex
2137 2883 2331 2958 ἁγίίω
2377 2881 2485 2965 (Ε.
2533 2883 2622 2949 M.
2668 2882 2778 2962 22,
2824 2884 2971 2966 30),
3019 2883 3245 2961 λιμήρη

664 3004 748 3046 ex
794 2983 1093 3061 λιμενήρη
1139 2990 1254 3044 aut
1298 2982 1657 3060 λειμωνήρη
1705 2977 1813 3059 (Ε.
1860 2979 1950 3041 M.
1995 2982 2147 3060 566,
2194 2982 2305 3063 34)
2353 2981 2685 3044 decurtata
2730 2984 3011 3067 putavit.

831 3080 1022 3145 Alter
1067 3078 1506 3145 Choerobosei
1549 3077 1728 3142 loeus
1773 3079 1929 3160 592,
1976 3080 2017 3142 3

1927 3180 1968 3222 ί)

1926 3225 1988 3241 Η.

663 3284 869 3348 ἰςτέον
915 3282 1014 3346 ὅτι
1058 3280 1348 3361 φαίνεται
1394 3283 1431 3345 ὁ
1472 3283 1953 3360 Ἡρωδιανὸς
1995 3282 2314 3356 λέγωνέν
2345 3289 2514 3350 τοῖς
2545 3286 3240 3370 ἐπιμεριςμοῖς,ὅτι

659 3387 735 3449 τὸ
780 3384 1114 3448 ςύνοιδα
1159 3383 1277 3446 οὐκ
1321 3383 1488 3476 ξςτιν
1518 3382 1847 3464 Αἰολικόν,
1894 3382 2061 3446 ἀλλὰ
2107 3387 2580 3461 ψευδαιολικόν.
2641 3388 2704 3451 αἱ
2747 3390 2869 3466 γὰρ
2903 3389 3242 3469 δίφθογγοι

659 3486 941 3551 Αἰολικαὶ
985 3484 1302 3548 οὐδέποτε
1356 3489 1494 3549 τοῖς
1542 3485 1828 3549 Αἰολεῦςι
1875 3485 2276 3566 διαλύονται,
2335 3483 2478 3550 οἷον
2534 3489 2609 3552 τὸ
2665 3489 2860 3553 τάλας
2903 3492 3005 3553 καὶ
3049 3492 3241 3570 μέλας

661 3587 722 3650 οἱ
766 3586 1012 3651 Αἰολεῖς
1057 3585 1278 3650 τάλαις
1321 3588 1422 3650 καὶ
1466 3586 1683 3665 μέλαις
1728 3587 1828 3650 καὶ
1873 3585 2133 3665 ὄνοιρος
2180 3587 2431 3661 λέγουςι
2489 3589 2591 3651 καὶ
2634 3589 2712 3651 οὐ
2758 3593 3079 3657 διαλύουςι
3125 3594 3240 3671 τὴν

662 3689 1020 3767 δίφθογγον
1079 3686 1182 3751 ἐπὶ
1236 3688 1521 3769 τούτων,
1577 3687 1793 3765 ἐπειδὴ
1850 3688 2128 3752 Αἰολικαί
2182 3688 2332 3752 εἰςιν
2378 3688 2442 3752 αἱ
2495 3689 2865 3768 δίφθογγοι·
2917 3696 3074 3758 κατὰ
3118 3696 3240 3771 γὰρ

657 3791 774 3866 τὴν
831 3794 965 3852 τῶν
1019 3788 1304 3852 Αἰολέων
1358 3788 1691 3853 διάλεκτον
1746 3790 2073 3865 γεγόναςι’
2129 3791 2205 3853 τὸ
2252 3790 2323 3853 δὲ
2367 3789 2653 3868 Προίτου
2698 3793 2798 3856 καὶ
2840 3795 3061 3858 κοίλου
3108 3800 3238 3859 δια-

660 3889 875 3953 λύουςι
924 3890 1025 3954 καὶ
1070 3891 1323 3964 λέγουςι
1367 3891 1657 3969 Προῖτου
1702 3891 1803 3953 καὶ
1849 3891 2100 3971 κοῖλου,
2146 3890 2363 3969 ἐπειδὴ
2410 3891 2473 3955 αἱ
2510 3891 2851 3971 δίφθογγοι
2897 3893 3078 3959 αὗται
3124 3895 3239 3961 οὐκ

657 3992 808 4056 εἰςὶν
854 3991 1162 4074 Αἰολικαί,
1220 3991 1387 4056 ἀλλὰ
1429 3992 1652 4055 κοιναί.
1742 3991 1796 4055 εἰ
1841 3992 1961 4056 οὖν
2015 3992 2092 4055 τὸ
2138 3993 2400 4057 ςύνοιδα
2456 3994 2778 4059 διαλύουςι
2835 3997 3094 4061 ςυνόῑδα
3137 3999 3237 4061 λέ-

657 4113 914 4174 γοντες,
960 4092 1260 4169 δηλονότι
1308 4092 1426 4156 οὐκ
1471 4091 1595 4156 ἔςτι
1639 4092 1678 4170 ἡ
1725 4095 1788 4157 δῖ
1834 4094 2186 4173 δίφθογγος
2229 4094 2515 4176 Αἰολική,
2568 4094 2734 4159 ἀλλὰ
2779 4099 3238 4174 ψευδαιολικόν

656 4195 779 4257 ἐςτι
824 4194 899 4257 τὸ
945 4192 1221 4258 ςύνοιδα.

657 4289 944 4357 ostendit
991 4291 1519 4359 Choeroboscum
1578 4318 1688 4359 eos
1734 4295 2237 4381 EpimerismoS,
2291 4296 2467 4361 unde
2522 4297 2646 4363 hoe
2705 4297 3232 4364 adnotamentum

655 4394 967 4479 sumpsit,
1013 4416 1130 4478 pro
1173 4396 1474 4478 genuinis
1520 4397 1855 4461 habuisse.
1931 4399 2147 4483 Atque
2178 4421 2282 4462 res
2330 4399 2510 4484 ipsa,
2559 4422 2725 4485 quae
2757 4401 3047 4482 docetur,
3094 4402 3236 4465 sine

657 4492 854 4559 dubio
899 4494 1318 4559 Herodianea
1364 4509 1462 4562 est
1507 4499 1592 4561 cf.
1641 4498 1918 4562 AhrenS.
1967 4500 2048 4563 de
2095 4499 2247 4564 dial:
2297 4501 2484 4566 Aeol.
2530 4524 2592 4587 p.
2646 4504 2785 4566 106.

824 4594 1318 4661 Choeroboscus
1366 4620 1474 4661 eos
1519 4597 2021 4685 EpiiuerismOS,
2070 4623 2229 4687 quos
2276 4625 2394 4688 pro
2438 4602 2738 4686 genuinis
2784 4603 3091 4690 putabat,
3150 4606 3233 4671 ab

655 4696 796 4779 ipso
841 4696 1218 4762 Herodiano
1266 4700 1595 4763 confectos
1610 4748 1627 4780 ,
1674 4723 1783 4764 eos
1829 4725 2019 4785 vero,
2067 4725 2228 4788 quos
2275 4726 2394 4788 pro
2440 4706 2882 4789 suppositiciis
2928 4705 3234 4786 habebat,

652 4795 737 4858 ab
803 4795 946 4860 aliis
1014 4801 1458 4882 grammaticis
1526 4812 1870 4887 conceptos
1938 4826 2082 4866 esse
2157 4805 2640 4869 existimavisse
2707 4806 2990 4870 videtur.
3102 4807 3230 4870 Sed
