3664 5546
998 292 1422 350 ΠΡοςΩιΔιΑς
1461 290 1601 346 τΗς
1647 292 1829 347 κΑτΑ
1869 288 2224 349 ςΥΝτΑΞιΝ
2266 290 2403 343 mu
2442 288 2724 345 ΛεΞεςιΝ.
3027 278 3153 354 559

567 466 762 532 αὐτός
806 466 1088 530 ἐνέκλινε
1139 456 1261 528 ’τὸν
1318 463 1514 527 τόνον
1574 462 1779 540 «κόψε
1823 461 1946 539 γάρ
2001 459 2242 525 αὐτον»
2291 460 2388 541 (Μ
2431 458 2604 542 204).
2692 459 3038 534 ἐγκλίνεται
3082 460 3154 523 δέ

568 568 669 632 ἀεὶ
713 569 817 632 καὶ
858 568 897 645 ἡ
942 567 1045 646 μίν
1093 565 1235 629 «καί
1287 585 1390 643 μιν
1446 563 1788 642 φωνήςας»
1846 562 1947 625 καὶ
1989 561 2028 638 ἡ
2075 561 2224 625 ἕθεν.
2274 561 2690 641 παραλόγως,
2746 559 2907 623 διότι
2951 580 3152 637 παρα-

566 670 782 745 γωγός
825 669 926 733 καὶ
972 666 1341 751 βαρύτονος.

732 767 807 832 Αἱ
850 769 965 846 μὲν
1012 766 1131 830 οὖν
1177 765 1614 844 ἐγκλινόμεναι
1644 768 1778 828 τῶν
1808 763 2229 842 ἀντωνυμιῶν
2258 761 2442 827 αὗταί
2474 762 2654 846 εἰςιν,
2685 762 2934 828 ἀἵτινες
2963 761 3152 842 ὀρθο-

564 869 949 947 τονούμεναι
992 869 1108 947 μὲν
1148 868 1631 944 ἀντιδιαςτολὴν
1674 866 1930 943 ἔχουςιν
1971 861 2197 942 ἑτέρου
2227 865 2611 947 προςώπου,
2657 864 2814 943 ἐμοῦ
2856 863 3150 947 ἤκουςας,
3178 883 3211 932 5

566 970 686 1034 οὐκ
729 968 963 1034 ἄλλου·
1009 969 1151 1049 ἐμοὶ
1192 969 1469 1050 ἔδωκας,
1526 965 1644 1030 οὐκ
1686 965 1892 1050 ἄλλῳ·
1946 965 2056 1045 ἐμὲ
2099 965 2419 1048 ἐδίδαξας,
2478 966 2597 1030 οὐκ
2641 963 2860 1031 ἄλλον.
2949 966 3152 1042 ἐγκλι-

565 1072 828 1149 νόμεναι
872 1073 943 1135 δὲ
987 1070 1280 1135 ἀπόλυτα
1322 1070 1637 1146 πρόςωπα
1680 1071 2012 1151 δηλοῦςιν,
2057 1067 2296 1146 ἤκουςά
2339 1089 2485 1150 ςου,
2530 1066 2743 1133 ἔδωκά
2785 1087 2899 1132 ςοι.
2967 1068 3071 1131 καὶ
3111 1069 3152 1146 ἡ

565 1174 681 1250 μὲν
723 1171 1112 1250 γενικωτάτη
1157 1170 1322 1234 αἰτία
1362 1173 1476 1247 τῆς
1519 1168 1715 1247 ὀρθῆς
1757 1169 1999 1233 τάςεως
2043 1169 2081 1246 ἡ
2126 1167 2566 1247 ἀντιδιαςτολὴ
2610 1173 2729 1234 τοῦ
2753 1168 3152 1248 ,προςώποα

566 1271 723 1350 αὕτη
780 1274 851 1337 δέ
907 1274 1235 1351 διαιρεῖται
1290 1271 1380 1336 εἰς
1434 1271 1704 1336 πλείονα
1760 1269 1924 1348 εἴδη·
1978 1270 2047 1333 αἵ
2100 1290 2169 1334 τε
2221 1270 2346 1349 γὰρ
2401 1271 2829 1351 διεζευγμέναι
2883 1270 3152 1348 ὀρθοτο-

566 1378 858 1457 νοῦνται,
903 1375 1007 1437 καὶ
1051 1373 1191 1452 ἐμοὶ
1234 1374 1335 1436 καὶ
1379 1372 1826 1454 Ἀπολλωνίῳ,
1879 1373 1918 1448 ἢ
1966 1370 2107 1450 ἐμοὶ
2149 1372 2186 1449 ἢ
2234 1372 2676 1456 Ἀπολλωνίῳ·
2731 1374 2834 1435 καὶ
2887 1372 2954 1436 αἱ
2997 1372 3153 1451 μετὰ
3192 1390 3256 1441 ιο

565 1478 683 1538 τοῦ
728 1475 915 1540 ἕνεκα
962 1475 1309 1553 ςυνδέςμου
1359 1474 1545 1537 ἕνεκα
1601 1476 1746 1555 ςοῦ,
1803 1473 1990 1536 ἕνεκα
2043 1472 2215 1551 ἐμοῦ.
2302 1475 2405 1537 καὶ
2459 1473 2522 1537 αἱ
2576 1474 2733 1553 μετὰ
2788 1474 3154 1552 προθέςεως

572 1575 644 1638 δε
687 1575 786 1641 ἀεὶ
831 1575 1365 1656 ὀρθοτονοῦνται,
1412 1575 1515 1638 διὰ
1560 1574 1655 1657 ce,
1700 1575 1848 1651 περὶ
1891 1578 2036 1655 ςοῦ,
2080 1574 2224 1638 κατ’
2268 1573 2410 1657 ἐμέ,
2456 1574 2560 1638 ἐπὶ
2604 1576 2714 1640 ςοί.

570 1831 714 1893 rexi,
751 1837 813 1880 ut
836 1830 1116 1881 sententia
1138 1828 1382 1894 flagitat,
1420 1844 1547 1878 nam
1569 1826 1743 1878 αὐτός
1771 1829 2121 1880 desideratur
2145 1831 2216 1880 ad
2239 1824 2515 1891 αἰτιατική
2542 1834 2600 1879 et
2632 1830 2856 1880 unicum
2881 1830 3154 1883 encliseos

567 1913 685 1948 acc.
721 1896 900 1948 αὐτόν
939 1898 1243 1962 exemplum
1280 1901 1367 1945 est
1402 1896 1471 1946 ΙΙ.
1510 1897 1549 1947 l.
1587 1912 1651 1959 c.‚
1689 1896 1760 1946 ad
1784 1893 1956 1961 'quem
1992 1903 2050 1947 in
2086 1898 2151 1949 11.
2185 1899 2275 1948 Pr.
2317 1902 2638 1947 annotatur:
2677 1896 2784 1962 γάρ
2820 1896 3022 1949 αὐτον;
3063 1898 3154 1949 οὕ-

568 1978 686 2015 τως
722 1964 1008 2027 ἐγκλιτὲον
1042 1965 1152 2028 τὴν
1186 1961 1550 2026 ἀντωνυμίαν
1586 1964 1721 2014 κατ’
1755 1961 2070 2030 αἰτιατικὴν
2107 1967 2348 2016 πτῶςιν·
2385 1963 2657 2027 μέμνηται
2693 1966 2785 2015 καὶ
2809 1964 3153 2028 Ἡρωδιανὸς

569 2032 660 2083 καί
698 2031 1098 2098 Ἀπολλώνιος]
1167 2033 1240 2082 cf.
1279 2032 1473 2084 LehrS.
1509 2046 1596 2101 qu.
1635 2048 1723 2096 ep.
1761 2048 1813 2097 p.
1855 2037 1971 2087 124.
2007 2060 2073 2069 -
2118 2035 2202 2083 De
2241 2033 2425 2095 ςφῶῑν
2472 2032 2658 2084 Schol.
2697 2033 2771 2082 ad
2808 2033 2910 2082 od.
2948 2048 2990 2083 π
3029 2036 3150 2084 171:

567 2098 680 2151 ἀπὸ
717 2102 925 2164 ςφῶῖν;
966 2097 1380 2164 ὀρθοτονητέον
1414 2099 1524 2161 τὴν
1559 2100 1767 2162 ςφῶῑν;
1810 2100 1877 2151 de
1913 2101 2190 2164 ςφωῖνᾙ.
2216 2102 2304 2149 Pr.
2332 2097 2378 2150 Θ
2400 2100 2522 2149 402:
2562 2097 2787 2159 γυιώςω
2814 2098 2914 2162 μὲν
2939 2103 3149 2163 ςφωῖνιε

569 2169 778 2231 ςφωῖν;
822 2167 1103 2230 ἑγκλιτικὴ
1140 2170 1246 2217 νθν
1271 2165 1417 2217 ἐςτιν
1445 2168 1478 2229 ἠ
1505 2165 1831 2228 ἀντωνυμία
1848 2204 1862 2230 ,
1897 2165 2093 2230 τρίτου
2117 2166 2224 2229 γὰρ
2251 2164 2587 2230 προςώπου,
2623 2166 2697 2216 τὰ
2720 2165 2782 2218 δέ
2804 2164 2968 2231 τρίτα
2991 2167 3154 2219 δυϊκὰ

563 2235 633 2285 τό
658 2249 722 2287 τε
748 2235 906 2299 ςφωὲ
942 2237 1034 2286 καὶ
1070 2234 1256 2298 ςφωῖν
1292 2232 1573 2296 ἐγκλιτικά
1597 2231 1759 2283 ἐςτιν.
1807 2234 1905 2283 ὅτε
1932 2232 2123 2296 μέντοι
2148 2233 2412 2297 δευτέρου
2434 2231 2648 2294 γίνεται
2672 2233 2741 2285 τὸ
2769 2237 2981 2298 ςφωῑν,
3018 2249 3152 2301 προ-

569 2305 926 2366 περιςπᾶται·
963 2301 1350 2365 ὁρθοτονεῖται
1373 2301 1480 2362 γὰρ
1515 2298 1816 2362 «γυιώςειν
1843 2299 1943 2361 μέν
1979 2301 2206 2363 ςφῶῑν»
2244 2303 2413 2365 (416),
2450 2302 2521 2350 cf.
2552 2304 2632 2353 Io.
2657 2302 2746 2353 Al.
2772 2306 2856 2364 24,
2883 2307 2931 2353 ὅ.
2973 2303 3152 2354 Schol.

567 2372 672 2419 Od.
710 2371 741 2420 δ
776 2373 843 2421 28
879 2371 947 2421 11.
984 2372 1074 2418 Pr.
1112 2367 1155 2418 Λ
1191 2370 1306 2418 627.
1345 2366 1392 2418 Ψ
1429 2369 1548 2417 281.
1587 2394 1652 2401 —-
1689 2367 1772 2417 De
1811 2368 2151 2421 orthotonesi
2196 2374 2252 2419 et
2289 2369 2486 2419 enclisi
2529 2370 2821 2434 pluralium
2856 2370 3064 2435 primae
3101 2376 3155 2420 et

568 2437 843 2486 secundae
881 2450 1153 2500 personae
1198 2434 1339 2483 haec
1385 2440 1692 2499 praecepta
1736 2440 1987 2485 exstant:
2035 2436 2100 2488 11.
2147 2438 2238 2488 Pr.
2280 2437 2323 2488 Α
2361 2440 2485 2486 214:
2535 2436 2597 2487 (ὺ
2633 2437 2693 2487 δ’
2736 2435 2912 2501 ίςχεο,
2960 2436 3153 2489 πείθεο

566 2502 598 2551 δ
614 2502 629 2519 ²
652 2501 815 2565 ήμῖνε
843 2501 879 2564 ἡ
908 2502 1042 2564 ἡμῖν
1067 2500 1482 2564 ὁρθοτονεῖται·
1508 2500 1948 2554 ἀντιδιέςταλται
1972 2502 2079 2566 γὰρ
2103 2502 2229 2554 ἀντὶ
2253 2506 2358 2555 τοῦ
2385 2503 2520 2566 ἡμῖν
2544 2502 2744 2556 πείθου
2771 2506 2861 2555 καί
2888 2504 2963 2568 μὴ
2988 2509 3061 2570 τῇ
3086 2508 3152 2571 ςῇ

499 2583 503 2587 ·
568 2567 724 2634 ὀργῇ.
796 2571 984 2620 κακῶς
1020 2567 1123 2619 οὖν
1162 2567 1513 2632 Ἀρίςταρχος
1550 2567 1830 2621 ςυςτὲλλει
1867 2571 1975 2634 τὴν
2012 2575 2127 2633 μιν.
2193 2571 2227 2623 Γ
2264 2575 2387 2623 1602
2424 2574 2561 2636 ἡμῖν
2596 2571 3011 2637 ὀρθοτονητέον
3045 2573 3155 2637 τὴν

565 2637 722 2698 ἡμῖν·
766 2635 880 2687 ἔςτι
925 2636 1032 2699 γὰρ
1076 2635 1137 2686 ἐν
1182 2637 1473 2701 ςυμπλοκῇ
1529 2635 1884 2703 διαςταλτικῇ
1932 2636 2266 2703 είλημμένη,
2328 2639 2462 2703 ἡμῖν
2506 2639 2596 2689 καὶ
2641 2639 2875 2691 τέκνοις.
2948 2640 2991 2691 Α
3029 2644 3153 2692 147:

562 2704 721 2767 ἢμιν;
777 2703 965 2754 οὕτως
1012 2702 1298 2755 ὀξυτόνως
1342 2704 1452 2767 τὴν
1496 2702 1773 2768 ἄρχουςαν
1818 2708 1923 2755 τοῦ
1969 2707 2119 2770 ἥμιν.
2190 2706 2343 2771 ἁπλῆ
2390 2705 2497 2770 γάρ
2539 2706 2703 2761 ἐςτιν.
2778 2707 3048 2760 ἐκτατέον
3092 2707 3152 2759 δέ

565 2771 655 2822 καί
690 2772 798 2836 τὴν
832 2768 1179 2823 τελευταίαν.
1250 2769 1344 2823 δεῖἰ
1377 2770 1482 2836 γὰρ
1531 2771 1818 2836 ρωννύναι
1865 2775 2079 2837 μᾶλλον
2124 2775 2194 2827 τὸ
2242 2775 2463 2839 μέτρον.
2536 2775 2579 2826 Α
2617 2779 2716 2827 579
2761 2777 2939 2830 Schol.
2978 2777 3082 2829 Od.
3124 2778 3154 2838 β

564 2842 656 2902 31,
695 2856 727 2889 ν
765 2841 890 2904 183,
928 2854 962 2889 v
999 2843 1123 2901 177,
1169 2838 1200 2890 δ
1235 2843 1362 2904 234,
1408 2842 1438 2892 z
1482 2843 1607 2903 297,
1655 2841 1721 2894 11.
1758 2843 1848 2892 Pr.
1891 2840 1935 2893 o
1972 2846 2094 2896 494.
2154 2844 2258 2896 Od.
2306 2858 2339 2894 κ
2375 2845 2467 2905 69,
2512 2843 2578 2893 11.
2624 2846 2713 2896 Pr.
2749 2843 2794 2895 Ω
2837 2848 2930 2906 33,
2978 2845 3082 2894 od.
3120 2859 3152 2895 o

559 2910 685 2965 452,
733 2909 762 2969 β
808 2911 907 2958 210
953 2909 1026 2957 cf.
1066 2908 1242 2957 Lchrs
1289 2923 1379 2972 qu.
1419 2923 1507 2974 ep.
1549 2911 1659 2959 123.
1811 2909 1847 2962 l.
1885 2912 2032 2960 4——7
2074 2928 2125 2976 p.
2164 2927 2281 2976 seq.
2325 2913 2447 2962 Arc.
2489 2913 2612 2974 143,
2649 2914 2929 2974 24-144,
2969 2914 3048 2966 16.
3086 2939 3152 2948 -

560 2975 647 3025 Do
696 2992 754 3026 re
801 2976 939 3026 libet
984 2990 1301 3040 comparare
1338 2976 1713 3040 Apollonium,
1760 2993 1883 3027 cum
1928 2993 2032 3043 quo
2070 2980 2449 3029 Herodianum
2493 2978 2564 3028 ad
2599 2980 2725 3044 ipsa
2769 2995 2945 3044 paene
2982 2982 3152 3031 verba

562 3044 874 3093 consentire
913 3044 969 3092 in
1006 3043 1109 3092 hac
1142 3048 1262 3093 tota
1295 3045 1532 3092 materia
1566 3045 1777 3093 monuit
1809 3045 1988 3096 Lehrs
2023 3061 2110 3111 qu.
2147 3063 2236 3112 ep.
2267 3049 2387 3109 108,
2428 3046 2495 3096 de
2532 3052 2676 3109 synt.
2708 3049 2830 3110 121,
2871 3050 2965 3098 13.-
3002 3045 3150 3098 ἐςτιν

561 3109 665 3160 οὖν
701 3109 734 3161 ὁ
769 3107 1150 3172 γενικώτατος
1192 3108 1404 3173 τρόπος
1448 3111 1550 3173 τῆς
1597 3109 1660 3160 ἐν
1694 3110 1892 3163 αὐταῖς
1938 3111 2038 3177 (sc.
2083 3117 2207 3165 ταῖς
2233 3111 2654 3177 ,ἀντωνυμίαιώ
2698 3113 2869 3178 ὀρθῆς
2914 3113 3148 3179 τάςεως,

561 3177 705 3229 ἐπὰν
742 3177 974 3240 ἔμφαςις
1013 3176 1206 3241 ἑτέρου
1242 3177 1550 3241 προςώπου
1576 3178 2100 3244 παραλαμβάνηται·
2137 3181 2207 3232 τὸ
2242 3181 2348 3246 γὰρ
2385 3180 2597 3232 «παῖδα
2631 3179 2691 3231 δ’
2722 3181 2844 3244 ἐμοὶ
2881 3180 3150 3234 λύςαιτε»

563 3243 777 3309 εἴρηται
814 3245 957 3308 πρὸς
991 3244 1060 3296 τὸ
1095 3244 1269 3307 «ὑμῖν
1306 3244 1407 3308 μὲν
1443 3246 1562 3296 θεοὶ
1586 3246 1781 3299 δοῖεν»
1817 3248 1910 3298 καὶ
1935 3247 2107 3312 ςαφές
2133 3249 2221 3300 ὅτι
2243 3250 2311 3299 τὸ
2336 3247 2467 3311 ὑμῖν
2493 3247 2593 3309 μὲν
2618 3249 2737 3299 θεοί
2760 3249 2912 3300 δοῖεν
2936 3249 3024 3302 διὰ
3047 3252 3150 3314 τῆς

562 3311 828 3377 ςυνούςης
861 3311 1074 3364 τάςεως
1110 3311 1495 3377 προςυνίςτηςι
1527 3312 1597 3364 τὸ
1630 3313 2207 3380 ἀνθυπαχθηςόμενον
2241 3315 2568 3380 πρόςωπον.
2591 3343 2658 3351 -
2682 3319 2768 3368 De
2799 3317 3054 3368 diazeuxi
3077 3320 3148 3370 cf.

562 3381 626 3428 ll.
652 3383 742 3430 Pr.
770 3380 816 3430 Ο
842 3384 942 3431 226
966 3378 1110 3431 ἀλλὰ
1134 3379 1235 3431 τόδ
1251 3379 1264 3396 ’
1287 3379 1429 3443 ἠμέν
1457 3379 1580 3443 ἐμοὶ
1604 3381 1751 3433 πολὺ
1778 3382 1994 3447 κέρδιον
2020 3383 2118 3448 ἠδὲ
2151 3381 2208 3435 οἵ
2231 3383 2389 3449 αὐτῷ
2419 3382 2653 3448 ἔπλετο,
2681 3386 2774 3435 ubi
2797 3386 3149 3436 Ptolemaeus

560 3448 884 3498 Ascalonita
911 3454 1202 3513 propterea
1226 3448 1370 3512 quod
1394 3445 1452 3498 οἶ
1473 3447 1633 3514 αὐτῷ
1661 3466 1756 3514 pro
1782 3452 2020 3516 simplici
2038 3451 2197 3517 αὐτῷ
2219 3452 2458 3517 positum
2483 3454 2575 3516 sit,
2603 3451 2656 3503 οἱ
2679 3452 2934 3502 inclinari
2953 3452 3146 3516 voluit,
3188 3476 3195 3494 ·

562 3515 913 3565 Herodianus
937 3522 1158 3580 praeter
1181 3515 1413 3565 alteram
1437 3532 1686 3579 causam,
1715 3518 1861 3583 quod
1885 3515 1943 3568 οἶ
1967 3521 2266 3583 praecedat
2290 3520 2738 3584 epitagmaticnm
2763 3518 2948 3586 αὐτῷ,
2978 3521 3146 3571 etiam

565 3597 685 3632 eam
723 3583 959 3648 profert,
998 3583 1144 3647 quod
1179 3580 1237 3634 οἷ
1268 3581 1428 3648 αὐτῷ
1466 3586 1775 3649 oppositum
1811 3587 1886 3636 sit
1922 3588 2230 3651 pronomini
2268 3585 2416 3651 ἐμοί;
2457 3589 2526 3636 de
2559 3588 2623 3642 ΙΙ.
2649 3587 2696 3639 Ψ
2722 3590 2820 3638 724
2854 3589 2890 3651 ἦ
2918 3587 2982 3650 μ’
3016 3585 3145 3639 ἀνά-

563 3663 681 3714 ειρε
711 3649 746 3713 ἢ
784 3648 898 3712 ἐγώ
935 3664 993 3701 ce
1030 3651 1171 3700 dixit
1204 3651 1275 3701 ad
1315 3650 1453 3701 1614
1490 3652 1607 3702 loco
1642 3655 1751 3702 iam
1786 3656 2072 3719 proposito
2109 3656 2178 3704 cf.
2206 3656 2383 3705 Lehrs
2420 3670 2506 3719 qu.
2535 3671 2619 3720 ep.
2648 3658 2760 3706 112.
2783 3657 2941 3705 -de
2980 3654 3148 3707 ἕνεκα

562 3718 815 3782 Apollon.
854 3723 999 3781 synt.
1040 3720 1162 3779 126,
1198 3719 1288 3768 22:
1336 3716 1617 3769 ἀνάπαλιν
1654 3719 1758 3769 οὖν
1795 3721 1827 3770 ὁ
1866 3720 2030 3772 ἕνεκα
2067 3721 2365 3785 ςύνδεςμος
2401 3722 2718 3786 φερόμενος
2763 3720 3012 3773 πάντοτε
3054 3722 3146 3774 ἐπὶ

562 3785 792 3848 γενικὴν
845 3784 1022 3848 μόνον
1078 3784 1371 3849 ὁρθοτονεῖ
1426 3786 1536 3850 τὴν
1583 3784 1973 3852 ἀντωνυμίαν,
2026 3788 2192 3852 ἡνίκα
2248 3789 2349 3841 τὰς
2400 3790 2628 3841 τούτων
2673 3789 2896 3852 γενικὰς
2943 3790 3146 3854 ςυνδεῖ,

564 3851 743 3904 εἵνεκ’
778 3851 930 3915 ἐμεῖο
966 3852 1191 3906 κυνός».
1257 3851 1343 3904 τίς
1378 3853 1484 3916 γὰρ
1520 3851 1591 3904 ἂν
1627 3855 1952 3920 θαρρήςειεν
1989 3855 2275 3922 Ἑλλήνων
2312 3856 2585 3920 ἐγκλίνειν
2619 3857 2690 3907 τὸ
2727 3857 2893 3909 ἕνεκά
2928 3869 3036 3920 μου
3071 3860 3144 3908 cf.
3175 3881 3192 3887 -

564 3919 730 3970 Char.
766 3923 918 3987 1154,
953 3920 1130 3972 Lehrs
1167 3937 1256 3986 qu.
1296 3938 1382 3986 ep.
1423 3924 1536 3972 110.
1573 3949 1642 3959 —
1675 3924 1760 3972 De
1799 3927 2117 3989 pronomine
2153 3929 2358 3976 tertiae
2395 3939 2663 3990 personae
2707 3941 2829 3975 cum
2866 3928 3145 3992 praeposi-

564 3987 714 4038 tione
750 4003 994 4039 connexo
1029 3989 1319 4039 fluctuavit
1353 3990 1653 4055 scriptura,
1699 3996 1761 4040 ut
1806 4008 1874 4042 ex
1919 3993 2329 4044 adnotamentis
2372 4008 2539 4057 supra
2580 3993 2879 4058 propositis
2912 4000 3147 4059 apparet

565 4055 639 4106 cf.
675 4055 853 4105 Lehrs
890 4072 980 4121 qu.
1018 4072 1102 4122 ep.
1143 4059 1240 4107 118
1277 4072 1455 4122 seqq.,
1494 4058 1559 4107 de
1598 4058 1825 4123 reliquis
1861 4061 2274 4125 pronominibus
2318 4060 2456 4110 haec
2499 4065 2796 4126 praccepta
2833 4065 3143 4113 occurrunt.

561 4122 630 4173 11.
665 4123 755 4173 Pr.
791 4121 839 4174 Υ
877 4126 972 4174 152
1008 4122 1151 4187 ἀμφὶ
1187 4123 1271 4175 ςέ;
1314 4123 1729 4189 ὸρθοτονητέον
1762 4126 1873 4190 τὴν
1908 4126 2271 4192 ἀντωνυμίαν
2306 4126 2516 4190 ὁμοίως
2551 4131 2636 4193 τῷ
2673 4125 2858 4192 «ἀμφὶ
2894 4128 2979 4193 ςέ,
3026 4129 3145 4194 Πη-

565 4188 693 4241 λέος
730 4188 858 4242 υίὲ»
896 4190 989 4254 (2).
1027 4189 1068 4242 Χ
1105 4195 1170 4242 59
1206 4192 1350 4255 πρὸς
1386 4191 1446 4243 δ’
1481 4191 1595 4255 ἐμέ.
1632 4194 1732 4243 Od.
1758 4193 1789 4244 δ
1811 4198 1938 4245 652:
1978 4195 2329 4266 pee'nnkucg
2371 4194 2482 4259 πρὸ
2518 4194 2717 4247 τέλους
2753 4195 2788 4258 ἠ
2828 4196 2994 4248 ὀξεῖα.
3053 4196 3144 4261 ὀρ-

564 4260 879 4309 θοτονεῐται
916 4256 1024 4321 γὰρ
1059 4257 1146 4309 διὰ
1180 4260 1289 4323 τὴν
1324 4259 1586 4324 πρόθεςιν
1623 4260 1713 4311 καὶ
1746 4261 1857 4326 τὴν
1893 4262 2144 4329 ἔμφαςιν.
2213 4267 2297 4315 De
2334 4266 2723 4330 epitagmatico
2758 4262 2959 4328 αὐτός,
2998 4265 3145 4329 quod

563 4342 843 4392 nunquam
878 4341 997 4376 cum
1033 4329 1446 4391 pronominibus
1480 4330 1868 4395 personalibus
1914 4333 2227 4383 coalescere
2274 4332 2373 4384 sed
2409 4348 2521 4382 sem
2562 4348 2622 4382 er
2662 4330 2805 4383 κατὰ
2841 4331 3144 4396 παράθεςιν

563 4395 914 4461 pronunciari
945 4394 1297 4445 Herodianus
1331 4396 1564 4447 adnotat
1605 4397 1674 4448 11.
1710 4399 1801 4450 Pr.
1839 4398 1883 4450 Α
1920 4401 2043 4462 271,
2084 4399 2095 4450 Ι
2134 4402 2233 4451 342
2279 4399 2460 4450 Schol.
2559 4400 2609 4451 d.
2646 4398 2677 4450 δ
2712 4402 2838 4463 244,
2884 4399 3025 4451 haec
3072 4402 3145 4450 ad

564 4464 792 4514 enclisin
818 4462 1135 4527 spectantia
1157 4469 1458 4529 praecepta
1493 4467 1862 4528 reperiuntur:
1899 4467 1967 4517 11.
2005 4470 2094 4517 Pr.
2125 4466 2136 4518 l
2164 4469 2288 4518 680:
2324 4465 2503 4518 αὐτόν
2536 4481 2623 4519 εει
2660 4466 2693 4518 ὁ
2732 4465 3144 4533 Ἀςκαλωνίτηε

565 4529 858 4595 ὁρθοτονεῑ
891 4531 1002 4595 τὴν
1036 4528 1122 4594 ςέ,
1160 4527 1310 4596 ἐπεί,
1347 4529 1542 4597 φηςίν,
1579 4532 1666 4583 ἀεὶ
1703 4532 1844 4597 μετὰ
1875 4536 1978 4600 τῆς
2015 4533 2451 4600 ἑπιταγματικῆς
2476 4534 2532 4588 αί
2555 4534 2927 4599 πρωτότυποι
2948 4537 3143 4599 φιλοθ-

569 4610 649 4648 ςιν
683 4599 1112 4663 όρθοτονεῑςθαι.
1186 4595 1355 4663 ἐχρῆν
1390 4599 1451 4651 δέ
1486 4598 1665 4651 αὐτὸν
1700 4601 1792 4651 ἐπὶ
1825 4605 1931 4652 τοῦ
1968 4601 2204 4667 πρώτου
2240 4604 2330 4655 καί
2366 4603 2632 4668 δευτέρου
2676 4602 2985 4669 προςώπου
3032 4602 3142 4667 ὀρί-

478 4687 489 4695 ·
571 4668 781 4731 ςαςθαι,
836 4665 1272 4734 παραιτήςαςθαι
1324 4666 1385 4719 δέ
1438 4682 1563 4719 τινα
1616 4667 1888 4736 Ὁμηρικὰ
1939 4668 2129 4722 ἄλλως
2180 4670 2574 4736 ἀνεγνωςμένα
2626 4671 2704 4722 δι’
2756 4670 2939 4723 αἰτίαν
2992 4670 3141 4723 τινά·

569 4734 870 4787 «κελεύετέ
908 4738 970 4801 μ’
1005 4735 1184 4789 αὐτὸν
1220 4735 1477 4791 ἑλέςθαι»
1513 4737 1603 4805 (11.
1633 4735 1674 4794 Κ
1697 4738 1844 4804 242),
1880 4736 1973 4789 «εἰ
2008 4738 2082 4804 μή
2119 4737 2203 4792 τίς
2240 4739 2292 4793 ς’
2328 4740 2559 4794 αὐτόν».
2613 4739 2802 4791 ἄλλως
2835 4755 2901 4793 τε
2921 4738 2994 4808 ἱαί
3029 4739 3141 4807 πρὸ
