3664 5546
1540 467 1955 518 PRAEFATIO.
2846 461 3034 513 LXXV

467 622 561 687 cis
607 621 793 700 illata
834 644 1011 705 esse,
1057 622 1232 711 quod
1274 632 1500 688 contra
1540 624 1608 687 in
1652 623 1915 710 reliquis
1947 621 2353 688 Scholiorum
2396 621 2729 688 codicibus
2774 630 3035 686 exstent

469 725 824 813 quaedam,
889 747 1057 812 quae
1111 723 1305 790 hodie
1347 727 1415 790 in
1458 724 1683 791 codice
1725 724 1790 789 A
1847 724 2218 791 deficientia
2270 747 2353 789 ex
2403 746 2477 789 eo
2521 723 2842 789 translata
2884 724 3033 787 sint.

466 826 593 893 His
660 838 967 894 accurata
1021 826 1425 893 Scholiorum
1481 829 1991 913 perscrutatione
2043 837 2110 892 et
2160 827 2399 912 insigni
2453 815 2906 891 Herodianeae
2969 834 3037 888 et

467 930 779 997 orationis
824 939 891 995 et
934 928 1302 1017 explicandi
1346 929 1832 995 consuetudinis
1879 929 2249 1015 cognitione
2292 929 2465 993 nixis
2509 928 2872 994 rationibus
2920 925 3033 990 du-

468 1042 609 1098 ctus
667 1030 981 1100 Lehrsius
1048 1032 1115 1095 in
1169 1030 1551 1096 adornanda
1603 1031 1843 1097 Iliacae
1906 1031 2250 1120 prosodiae
2302 1029 2581 1096 editione
2646 1029 2883 1095 multas
2952 1029 3034 1093 de

467 1133 840 1199 accentibus
884 1143 950 1199 et
991 1132 1405 1221 passionibus
1448 1134 1937 1200 observationes
1985 1132 2243 1199 Codicis
2275 1134 2338 1197 A
2381 1133 2634 1214 omisit,
2679 1154 2877 1219 quum
2920 1140 3037 1195 aut

465 1257 732 1324 prorsus
777 1235 861 1301 ab
905 1233 1272 1299 Herodiani
1315 1234 1610 1300 doctrina
1654 1236 2077 1326 abhorrerent
2118 1246 2232 1302 aut
2275 1244 2451 1301 certe
2506 1234 2785 1300 colorem
2828 1232 3034 1298 Hero-

467 1337 770 1403 dianeum
811 1336 1255 1423 perdidissent
1307 1346 1423 1401 aut
1475 1359 1560 1402 ex
1604 1336 1732 1404 alio
1777 1360 1972 1425 opere
2027 1347 2220 1425 atque
2264 1336 2470 1402 Iliaca
2512 1333 2830 1401 Prosodia
2869 1335 3032 1399 deri-

465 1448 658 1506 vatae
701 1448 950 1520 essent,
995 1437 1341 1504 nonnullas
1384 1460 1541 1505 vero
1586 1449 1774 1505 notas
1820 1439 2212 1527 reliquorum
2255 1438 2555 1505 codicum
2566 1486 2585 1519 ,
2631 1459 2800 1523 quae
2831 1436 3032 1501 Hero-

467 1541 767 1606 dianeam
820 1540 1136 1625 originem
1192 1562 1349 1627 prae
1411 1563 1481 1606 se
1536 1541 1810 1623 ferrent,
1870 1541 2157 1606 articulis
2218 1539 2461 1608 codicis
2506 1540 2571 1605 A
2624 1540 2709 1605 ad
2762 1538 3036 1605 eandem

464 1665 603 1707 rem
644 1642 1152 1729 pertinentibuS‚
1198 1642 1315 1707 sed
1357 1651 1473 1707 aut
1514 1643 1598 1708 ab
1626 1642 1989 1710 Herodiani
2034 1643 2329 1709 doctrina
2371 1643 2877 1708 desciscentibus
2924 1653 3039 1706 aut

464 1745 603 1810 eius
649 1766 1007 1810 sermonem
1051 1743 1466 1809 foedantibus
1512 1746 1956 1832 praeoptavit,
2011 1767 2256 1832 paucas
2302 1742 2696 1832 reliquorum
2741 1743 3037 1809 codicum

465 1855 653 1912 notas
697 1847 767 1911 in
807 1845 948 1911 cod.
994 1847 1058 1909 A
1113 1844 1487 1911 deficientes
1542 1847 1802 1934 recepit.
1893 1846 1972 1911 In
2028 1869 2155 1934 quo
2212 1869 2411 1933 quam
2467 1845 2840 1912 admirabili
2885 1847 3034 1911 sub-

463 1947 699 2013 tilitate
741 1947 1052 2012 Lehrsius
1098 1969 1325 2012 verum
1367 1947 1809 2033 indagaverit,
1854 1949 2259 2035 comparanti
2287 1946 2547 2014 Scholia
2587 1949 2847 2033 integra
2888 1970 3037 2013 cum

465 2050 669 2116 Iliaca
708 2050 1018 2137 prosodia
1060 2050 1350 2135 patescit.
1438 2050 1608 2114 Nam
1653 2073 1783 2116 non
1825 2057 2039 2116 minus
2086 2074 2170 2116 ex
2210 2050 2324 2131 iis,
2371 2072 2538 2135 quac
2582 2049 2800 2115 omisit
2841 2072 3035 2135 quam

466 2175 550 2217 ex
592 2151 710 2233 iis,
755 2172 920 2239 quae
963 2149 1214 2237 posuit,
1271 2152 1482 2217 critici
1535 2153 1860 2238 sagacitas
1905 2162 1970 2218 et
2013 2153 2418 2237 grammatici
2464 2151 2743 2217 eruditio
2788 2152 3038 2240 perspi·

464 2253 654 2318 citur.
744 2253 963 2335 Quum
1007 2262 1223 2317 autem
1266 2275 1474 2339 nuper
1517 2253 1782 2341 quidam
1825 2256 2227 2337 exstiterint,
2281 2257 2394 2341 qui
2436 2255 2902 2346 contenderent
2942 2253 3036 2317 in-

464 2354 636 2419 iuria
676 2353 997 2441 quaedam
1041 2353 1457 2420 Herodianea
1514 2378 1553 2420 a
1593 2356 1867 2422 Lehrsio
1913 2357 2155 2423 omissa
2208 2379 2350 2422 esse
2394 2366 2458 2421 et
2512 2357 2682 2443 ipse,
2738 2364 2814 2419 ut
2855 2357 3035 2440 inge-

464 2479 590 2520 nue
645 2456 891 2538 fatear,
951 2454 1210 2543 quando
1266 2457 1346 2522 de
1400 2458 1792 2544 quibusdam
1848 2459 2117 2523 eandem
2182 2458 2619 2544 suspicionem
2671 2456 3037 2538 habuerim,

461 2578 591 2621 non
644 2557 873 2623 inutile
930 2559 1207 2624 arbitror
1262 2559 1657 2644 quibusdam
1712 2559 2029 2648 exemplis
2085 2560 2562 2639 demonstrare,
2630 2581 2824 2645 quam
2869 2558 3037 2622 male

464 2656 546 2722 de
589 2660 761 2725 notis
807 2680 848 2723 a
889 2659 1163 2726 Lehrsio
1222 2661 1480 2726 omissis
1536 2661 1895 2742 iudicatum
1938 2662 2046 2727 sit.
2133 2661 2213 2729 E.
2260 2658 2551 2724 Hillerus
2606 2661 2675 2724 in
2719 2660 3039 2747 quaestio-

463 2759 654 2827 nibus
707 2759 1141 2828 Herodianeis
1199 2762 1504 2849 opinatur
1557 2762 1855 2829 lacunam
1913 2761 2155 2829 codicis
2199 2763 2291 2844 A,
2350 2763 2461 2850 qui
2515 2771 2682 2827 teste
2725 2761 3035 2848 Pluyger-

464 2863 562 2928 sio
607 2864 651 2929 Ε
679 2864 1040 2930 336-635
1083 2864 1178 2951 (la
1207 2864 1425 2930 Roche
1467 2867 1671 2947 Text,
1718 2866 2003 2930 Zeichen
2044 2864 2182 2930 und
2213 2863 2540 2949 Scholien)
2586 2863 2801 2928 aliena
2843 2886 3039 2929 manu

383 2992 390 2995 ·
464 2964 830 3052 descriptus
860 2977 993 3047 est,
1025 2965 1275 3052 expleri
1303 2984 1494 3053 posse
1527 2965 1799 3033 Scholiis
1828 2968 2283 3055 Lipsiensibus
2300 3015 2318 3047 ,
2363 2968 2431 3031 in
2460 2966 2697 3052 quibus
2729 2966 3040 3031 adnotata

463 3065 551 3132 ad
593 3066 752 3148 352,
797 3067 955 3145 400,
999 3068 1157 3150 405,
1202 3068 1349 3150 461,
1396 3069 1542 3153 487,
1587 3069 1742 3151 502,
1787 3062 1944 3151 51⁴1,
1988 3071 2136 3151 523,
2181 3068 2329 3151 557,
2372 3069 2496 3134 567
2542 3091 2627 3132 ex
2656 3067 3036 3133 Herodiano

465 3167 735 3232 fluxisse
779 3168 1139 3237 videantur.
1211 3169 1406 3252 Quod
1450 3172 1507 3235 si
1552 3194 1777 3236 verum
1822 3182 2030 3253 esset,
2076 3182 2150 3237 ut
2191 3194 2321 3237 non
2365 3170 2449 3234 ab
2481 3171 2657 3236 omni
2686 3180 2871 3257 parte
2915 3180 3035 3252 est,

461 3282 680 3335 tamen
724 3268 1299 3336 demonstrandum
1353 3273 1525 3337 foret
1576 3295 1655 3337 ea
1709 3296 1792 3338 ex
1836 3272 2041 3339 Iliaca
2084 3273 2402 3339 Prosodia
2456 3273 2662 3359 petita
2706 3295 2893 3365 esse..
2958 3271 3039 3336 Id

461 3372 747 3458 praecise
793 3373 1160 3457 negandum
1204 3383 1305 3438 est
1347 3375 1428 3439 de
1470 3398 1535 3439 v.
1566 3375 1691 3441 523
1735 3376 2212 3456 ἀκροπόλοιειν;
2259 3376 2683 3455 παροξύνεται
2726 3375 2885 3439 κατὰ
2929 3396 3035 3440 κα-

462 3475 625 3539 νόνα
667 3478 931 3540 τοῦτον·
975 3477 1054 3540 τὰ
1097 3478 1270 3555 παρὰ
1300 3480 1485 3542 πολῶ
1530 3487 1688 3559 etc„
1733 3479 1841 3542 hic
1883 3500 2092 3544 canon
2137 3486 2238 3542 est
2268 3474 2631 3541 Herodiani
2665 3475 2907 3562 petitus
2952 3500 3037 3542 ex

463 3572 803 3640 Catholica
844 3576 1088 3641 Arcad.
1133 3576 1245 3658 88,
1291 3577 1375 3640 22
1418 3587 1483 3643 et
1527 3579 1608 3644 de
1651 3603 1714 3643 v.
1748 3579 1872 3644 557
1919 3580 2255 3660 εταθμούεε
2302 3578 2592 3646 ὀξύνεται
2638 3579 2861 3643 κανόνι
2905 3599 3034 3643 τοι-

463 3677 663 3762 ούτῳ·
719 3678 799 3742 τὰ
854 3678 944 3744 εἰς
1000 3683 1117 3756 ιῑῗε
1174 3679 1487 3763 λήγοντα,
1541 3679 1653 3766 qui
1707 3703 1919 3747 canon
1976 3682 2133 3747 item
2191 3704 2272 3745 ex
2319 3678 2659 3745 Catholica
2701 3679 3034 3744 derivatus

463 3788 565 3844 est
618 3778 705 3843 cf.
748 3777 904 3843 Arc.
947 3778 1065 3861 58,
1124 3781 1232 3861 13,
1289 3780 1404 3845 ubi
1460 3783 1828 3846 accuratius
1884 3792 2236 3870 conceptus
2294 3791 2410 3847 est.
2500 3783 2720 3867 Atque
2775 3782 3036 3846 omnino

462 3901 683 3943 omnes
727 3889 951 3962 notae,
994 3882 1064 3945 in
1106 3881 1342 3967 quibus
1390 3884 1547 3948 κατὰ
1590 3887 1831 3951 κανόνα
1873 3891 2142 3969 τοῦτον,
2187 3886 2407 3951 κανόνι
2450 3883 2727 3965 τοιούτῳ
2761 3882 2865 3946 vel
2909 3884 3035 3949 ἕετι

460 3982 583 4059 γὰρ
627 3984 844 4048 κανὼν
898 3982 936 4048 ὁ
993 3984 1232 4067 λέγων,
1293 3982 1446 4049 licet
1500 4007 1707 4049 canon
1760 3988 1901 4072 ipse
1945 3985 2305 4052 Herodiani
2348 3987 2465 4066 sit,
2523 4006 2653 4047 non
2707 3983 2777 4046 in
2832 3983 3037 4048 Iliaca

461 4081 774 4147 Prosodia
816 4082 1027 4149 locum
1069 4084 1468 4169 habuerunt,
1516 4086 1634 4152 sed
1676 4098 1907 4175 postea
1949 4087 2225 4153 Scholiis
2271 4087 2571 4174 appietae
2616 4093 2788 4149 sunt.
2864 4086 3035 4151 Hinc

459 4193 876 4271 praeceptum
928 4186 1008 4249 de
1062 4187 1212 4265 ἠΰτε
1258 4189 1304 4252 Β
1349 4186 1428 4251 87
1473 4188 1540 4250 in
1586 4189 1730 4255 cod.
1789 4190 1843 4252 B
1901 4199 2260 4269 servatum,
2319 4208 2708 4275 quamquam
2764 4185 3033 4271 originis

462 4284 916 4352 Herodianeae
961 4287 1281 4352 evincitur
1335 4290 1820 4376 comparatione
1867 4292 1918 4356 O
1962 4291 2119 4373 365,
2176 4291 2260 4355 ab
2307 4289 2511 4354 Iliaca
2551 4285 2871 4353 Prosodia
2924 4289 3033 4353 ab·

461 4386 886 4453 iudicandum
930 4397 1061 4453 est:
1108 4392 1183 4455 τὸ
1227 4393 1377 4471 ἠΰτε
1421 4393 1490 4457 ἐκ
1532 4398 1650 4457 τοῦ
1700 4392 1789 4457 ὥ(
1831 4393 2097 4468 γίνεται·
2151 4396 2366 4459 κανὼν
2418 4393 2489 4458 δέ
2534 4393 2695 4456 ἐςτιν
2740 4389 2779 4454 ὁ
2825 4393 3033 4469 λέγων

461 4487 558 4553 ὅτι
610 4491 690 4555 τὰ
745 4491 834 4556 εἰς
888 4494 928 4568 ἦ
985 4492 1266 4570 λήγοντα
1319 4492 1711 4573 ἐπιρρήματα
1764 4495 2252 4574 ευνυπὰρχοντὰ
2305 4517 2427 4560 τινι
2482 4496 2571 4560 εἰς
2626 4495 2715 4561 {u}
2771 4494 3033 4572 λήγοντι

459 4591 561 4654 καὶ
617 4590 1040 4672 ὁμοτονοῦειν
1094 4593 1313 4659 αὐτοῖς
1369 4594 1514 4661 οἷον
1579 4597 1839 4661 πάντως
1896 4597 2134 4681 πάντῃ,
2196 4596 2408 4662 ἄλλως
2474 4595 2665 4682 ἄλλῃ,
2735 4596 3036 4676 οὐδαμῶς

461 4690 740 4778 οὐδαμῇ,
784 4698 979 4773 διχῶς
1022 4698 1182 4779 διχῇ.
1270 4696 1476 4762 οὕτως
1521 4697 1641 4763 οὖν
1686 4701 1812 4763 κτλ.
1856 4734 1944 4745 -
1986 4698 2133 4761 Non
2189 4720 2274 4762 ex
2317 4697 2521 4762 Iliaca
2563 4692 2885 4763 Prosodia
2934 4708 3035 4762 est

459 4814 524 4856 v.
568 4792 695 4857 504
736 4795 1130 4873 ἐπέπληγον;
1184 4796 1254 4861 ἐκ
1295 4804 1411 4863 τοῦ
1456 4800 1751 4878 πέπληγα
1795 4801 1989 4879 μέεου
2032 4801 2498 4880 παρακειμένου
2543 4800 2671 4865 ἔθει
2718 4801 3033 4881 (υρακου-

462 4891 611 4960 (Ῑων
665 4897 741 4962 Τὸ
795 4898 1104 4979 πεπλήΐω
1160 4898 1250 4968 ὡς
1314 4902 1584 4986 πεφύκω
1651 4902 1811 4984 παρ’
1866 4903 2134 4990 Ἣειόδῳ
2188 4903 2322 4989 (o'p.
2389 4901 2574 4985 148),
2642 4924 3032 4989 quamquam
