3664 5546
595 393 766 439 xxvl
1671 392 2088 441 PRAEFATIO.

592 569 769 623 γουςι
814 547 1010 612 θυοὺς
1055 546 1117 612 οἱ
1167 548 1336 612 Κεῖοι
1382 549 1484 612 καὶ
1536 548 1611 612 τὸ
1668 547 1875 625 ἡδέως
1929 547 2141 625 ἡδύως
2197 547 2298 611 καὶ
2350 549 2424 611 τὸ
2473 548 2867 628 Νεαπολίτης
2916 548 3174 614 Νυαπο-

594 649 792 731 λίτης,
837 669 1026 731 quem
1070 646 1287 712 locum
1333 657 1400 712 ct
1442 657 1712 732 propter
1756 646 2118 711 doctrinam
2164 656 2230 710 et
2272 659 2536 733 propter
2567 647 2959 713 vocabulum
2991 653 3172 731 μετά-

593 755 787 831 ληψιν
835 746 935 834 (11.
983 750 1086 814 Pr.
1133 752 1190 815 Ξ
1235 749 1389 835 351)
1437 748 1814 813 Herodiano
1863 748 2212 833 assignem.
2302 748 2384 813 cf.
2432 749 2557 814 An.
2608 750 2735 815 Ox.
2783 750 2855 814 II
2897 752 3045 833 394,
3090 754 3173 816 22

591 854 808 934 νύμφη
852 854 1028 931 παρὰ
1071 853 1147 917 τὸ
1192 855 1420 918 νεωςτὶ
1463 853 1811 932 φαίνεςθαι.

669 1098 674 1102 ·
758 1073 833 1138 Ε.
882 1072 1102 1138 Orion.
1154 1072 1308 1153 110,
1354 1072 1466 1137 33:
1528 1074 1738 1153 ὥςπερ
1794 1076 1870 1140 τὸ
1915 1079 2083 1152 νῆϊς
2139 1075 2507 1153 βαρυτόνως
2554 1079 2742 1155 δηλοῖ
2783 1077 2858 1140 τὸ
2905 1064 3172 1155 ἄπειρος

594 1181 770 1254 «νῆϊς
816 1175 1105 1240 ἀέθλων»
1153 1177 1219 1257 (θ
1267 1175 1447 1258 179),
1494 1175 1665 1240 οὕτω
1711 1177 1812 1240 καὶ
1856 1178 1994 1254 νηῒς
2038 1176 2359 1242 ὀξυτόνως
2403 1178 2508 1241 ἐπὶ
2550 1182 2660 1256 τῆς
2706 1178 3002 1243 νεάνιδος
3049 1175 3173 1262 (sic

591 1277 827 1362 scripsi
870 1298 987 1362 pro
1036 1277 1304 1360 Νάϊδος,
1347 1275 1422 1339 Ε.
1468 1275 1557 1338 M.
1605 1277 1762 1358 604,
1808 1277 1852 1339 4
1896 1276 2095 1341 habet
2138 1279 2422 1362 νύμφης)
2477 1280 2552 1343 τὸ
2609 1279 2873 1358 ἄπειρος
2918 1280 3172 1359 γάμων’

591 1379 653 1444 οἱ
697 1382 769 1444 δὲ
813 1381 969 1443 κατὰ
1013 1380 1404 1458 παράλειψιν
1448 1383 1564 1442 τοῦ
1610 1381 1650 1443 V
1693 1379 1887 1458 φαςὶν
1934 1378 2098 1443 εἶναι
2145 1381 2317 1458 παρὰ
2362 1382 2437 1444 τὸ
2468 1381 2897 1458 πρωτότυπον
2929 1385 3169 1446 νεᾶνις·

589 1482 693 1546 καὶ
734 1481 995 1560 πρῶτόν
1042 1481 1165 1545 ἐςτι
1209 1482 1285 1545 τὸ
1330 1483 1573 1545 νεᾶνις·
1632 1478 1771 1543 εἶτα
1824 1480 1983 1544 κατὰ
2040 1484 2435 1561 ςυναλοιφὴν
2492 1485 2670 1559 νῆνις
2726 1484 2829 1546 καὶ
2872 1482 3167 1565 ἀποβολῇ

589 1588 706 1648 τοῦ
752 1585 791 1647 ν
834 1585 1000 1660 νηῒς·
1047 1581 1108 1645 οἱ
1151 1584 1223 1646 δὲ
1266 1583 1440 1660 παρὰ
1484 1582 1560 1644 τὸ
1606 1581 1735 1645 νέω
1780 1583 1856 1646 τὸ
1899 1580 2043 1660 ῥέω.
2104 1582 2310 1647 οὕτως
2354 1583 2834 1662 Ἡρωδιανὸς
2879 1583 2959 1648 ἐν
3006 1583 3170 1647 ἐπι-

591 1688 1011 1764 μεριςμοῖς.
1100 1681 1242 1746 Has
1290 1682 1585 1746 diversas
1645 1680 2113 1768 explicationes
2160 1682 2578 1747 Herodianus
2626 1705 2824 1769 quum
2866 1705 2995 1749 non
3051 1684 3169 1748 im·
3268 1704 3281 1718 ⁸

588 1794 835 1870 pugnet
880 1807 1012 1849 non
1051 1784 1334 1848 absonas
1375 1782 1706 1847 iudicasse
1745 1783 2073 1868 putandus
2119 1794 2252 1867 est3
2298 1787 2756 1869 cognationem
2799 1784 2982 1849 vocis
3024 1808 3171 1850 cum

492 1951 500 1958 ,
589 1888 728 1952 νάω
772 1885 984 1949 innuit
1027 1884 1224 1949 etiam
1269 1885 1363 1950 St.
1409 1885 1489 1948 B.
1537 1908 1589 1947 s.
1640 1908 1695 1949 v.
1745 1885 1945 1963 Νήϊον
1992 1886 2148 1965 ὄρος
2193 1887 2461 1970 Ἰθάκης,
2506 1886 2633 1967 ἀφ’
2678 1886 2756 1952 οὗ
2802 1888 2959 1952 κατὰ
3013 1889 3169 1968 Κρά-

588 2009 742 2068 τητα
785 1988 1055 2067 νηϊάδες.
1146 1987 1206 2052 οἱ
1252 1989 1322 2051 δὲ
1368 1986 1804 2067 διατριβούςας
1848 1988 2022 2064 παρὰ
2066 1988 2144 2051 τὰ
2190 1988 2475 2068 νάματα
2529 1988 2593 2052 αἱ
2640 1991 2709 2053 δὲ
2754 1990 3009 2068 νηϊάδες
3038 1990 3169 2055 ἀπὸ

588 2095 704 2155 τοῦ
760 2092 941 2168 νήϊος
997 2090 1035 2167 ἢ
1105 2088 1235 2152 ἀπὸ
1291 2093 1408 2152 τοῦ
1472 2090 1611 2167 νηῒς
1666 2088 1793 2173 (sic
1848 2086 2046 2152 Mein.
2114 2110 2229 2173 pro
2287 2090 2501 2170 νηῖεύς
2556 2088 2792 2154 collato
2849 2090 2940 2154 St.
2982 2091 3060 2154 B.
3116 2113 3167 2153 s.

588 2188 920 2273 Ἀβαντίς).
1010 2188 1140 2253 Sed
1183 2211 1382 2274 quum
1429 2178 1917 2254 Choeroboscus
1966 2190 2060 2253 sic
2103 2190 2495 2255 vocabulum
2540 2200 2864 2277 propaget
2914 2192 3055 2275 193,
3093 2192 3169 2255 16

588 2292 767 2355 Dict.
824 2294 898 2356 τὸ
957 2292 1095 2371 νηῒς
1153 2293 1456 2357 ςύνθετον
1513 2292 1643 2357 ἀπὸ
1699 2297 1815 2356 τοῦ
1869 2298 1954 2371 νῆ
2009 2296 2126 2357 τοῦ
2173 2297 2536 2371 ςτερητικοῡ
2591 2295 3016 2373 ἐπιρρήματος
3070 2296 3171 2358 καὶ

589 2398 706 2458 τοῦ
752 2393 905 2457 εἴδω
949 2397 1067 2457 τοῦ
1113 2393 1527 2472 ςημαίνοντος
1570 2395 1644 2457 τὸ
1693 2393 2049 2475 έπίςταμαι,
2096 2393 2512 2458 Herodianus
2545 2403 2764 2457 autem
2810 2395 2951 2480 ipse
2978 2397 3169 2475 ἵςτωρ

590 2494 686 2557 sic
740 2493 993 2558 derivet
1048 2493 1115 2556 in
1158 2492 1236 2557 Il.
1284 2493 1387 2558 Pr.
1434 2495 1476 2557 C
1519 2493 1673 2557 501:
1734 2495 1865 2560 ἀπὸ
1920 2498 2036 2560 τοῦ
2094 2495 2246 2559 εἴδω
2304 2495 2449 2560 εἴςω
2502 2496 2692 2574 ἵςτωρ
2750 2497 3170 2576 ἐλλείψαντος

587 2599 705 2661 τοῦ
749 2599 812 2678 “ε“,
858 2596 1209 2681 suspiceris
1256 2595 1756 2680 originationem
1813 2596 1897 2661 ab
1957 2597 2109 2661 εἴδω
2154 2595 2609 2661 Herodianum
2663 2594 2928 2682 reliquis
2988 2618 3169 2682 prae-

588 2695 832 2762 tulisse.

1826 2783 1926 2848 21.

757 2884 989 2972 cyrilli
1034 2884 1162 2950 lex.
1207 2885 1278 2948 in
1322 2884 1534 2949 Cram.
1581 2884 1703 2950 An.
1751 2885 1902 2948 Par.
1949 2881 2048 2949 IV
2098 2886 2215 2949 187
2273 2888 2500 2953 οἶνος
2555 2889 2729 2964 παρὰ
2784 2889 2859 2951 τὸ
2916 2886 3083 2970 ὀνῶ,
3130 2888 3168 2952 ὃ

588 2990 865 3069 ςημαίνει
908 2990 985 3054 τὸ
1030 2987 1358 3067 εὐφραίνω
1404 2991 1784 3071 πλεοναςμῷ
1828 2991 1946 3052 τοῦ
1991 2987 2027 3052 i.
2103 2987 2308 3051 οὕτως
2351 2989 2829 3066 Ἡρωδιανὸς
2875 2988 2957 3049 ἐν
3003 2988 3167 3050 ἐπι-

589 3093 1005 3170 μεριςμοῑς.
1096 3087 1282 3168 Quac
1329 3098 1689 3172 sequuntur
1735 3087 1919 3153 οἶνος
1961 3089 2084 3165 γάρ
2130 3089 2294 3152 ε’ςτιν
2341 3088 2378 3151 ὁ
2410 3089 2608 3167 μόνος
2652 3108 2735 3148 ex
2780 3084 2987 3147 altera
3031 3096 3167 3170 ety-

588 3189 870 3273 mologia
899 3189 1308 3253 restiterunt:
1357 3189 1530 3267 παρὰ
1576 3190 1650 3252 τὸ
1696 3189 1898 3266 οἰῆςαι
1927 3188 2088 3266 ἡμᾶς
2117 3189 2423 3252 πίνοντας
2466 3187 2535 3248 in
2565 3187 2644 3248 E.
2679 3185 2850 3250 Gud.
2892 3187 3036 3268 422,
3069 3187 3165 3251 30.

588 3291 776 3356 Idem
832 3289 969 3352 fere
1028 3287 1229 3352 habet
1285 3289 1361 3350 E.
1419 3289 1640 3354 Orion.
1691 3288 1845 3369 182,
1893 3288 1932 3351 6
1989 3298 2252 3352 auctore
2310 3297 2373 3350 et
2425 3286 2594 3352 libro
2642 3288 2914 3352 omissis,
3004 3287 3168 3352 Cum

589 3392 772 3457 oivoc
836 3398 1106 3475 propter
1167 3387 1616 3476 pleonasmum
1682 3387 1929 3452 vocalis
1990 3393 2011 3453 ῑ
2071 3388 2352 3452 conferri
2421 3398 2693 3474 possunt
2760 3389 3168 3470 ἀναρροιβδεῖ

589 3494 630 3555 i.
678 3515 735 3577 q.
797 3491 1160 3572 ἀναρροφεῑ
1203 3491 1282 3554 Ε.
1329 3491 1414 3555 Μ.
1472 3491 1587 3570 99,
1635 3490 1703 3571 9,
1760 3491 2070 3569 πάροιθεν
2128 3489 2225 3552 Io.
2274 3488 2377 3553 Al.
2428 3490 2539 3569 35,
2600 3489 2655 3551 1.
2745 3492 3168 3570 ὀλοοίτροχος

589 3593 666 3656 Ε.
715 3591 806 3655 Μ.
851 3591 1007 3673 622,
1053 3591 1157 3655 39.
1233 3653 1236 3654 f

1822 3693 1928 3756 22.

756 3793 832 3858 E.
880 3792 1101 3858 Orion.
1156 3795 1293 3874 113,
1339 3794 1379 3857 9
1425 3794 1673 3860 οἶτοςε
1722 3796 2206 3874 Ἡρωδιανὸς
2261 3797 2346 3860 ἐν
2402 3799 2570 3861 τοῖς
2626 3796 3168 3875 ἐπιμεριςμοῖς

591 3897 757 3972 λέγει
813 3897 987 3975 παρὰ
1042 3897 1117 3961 τὸ
1174 3896 1293 3961 οἴω
1341 3897 1415 3961 τὸ
1465 3900 1706 3976 δηλοῦν
1759 3898 1836 3962 τὸ
1892 3896 2106 3979 φέρω,
2153 3894 2232 3960 οὗ
2287 3898 2539 3976 μέλλων
2586 3896 2770 3979 οἴςω,
2818 3897 3023 3961 οἰςτός
3067 3897 3169 3960 καὶ

591 3997 769 4064 οἶτος
824 3997 860 4061 ὁ
918 3998 1162 4061 πάντας
1217 3997 1591 4076 ἀποφέρων.
1635 4033 1722 4045 ——-
1777 3999 1985 4063 οἰςτός
2042 3999 2143 4061 καὶ
2199 3998 2374 4063 οἶτος
2429 3997 2660 4061 adieci.
2753 3995 3167 4060 Simillimum

591 4107 691 4162 est
733 4106 1150 4185 praeceptum
1197 4097 1477 4161 technici
1522 4097 1590 4159 in
1621 4098 1698 4160 E.
1731 4097 1821 4161 M.
1858 4097 2003 4177 714,
2035 4097 2141 4178 34,
2185 4098 2299 4162 ubi
2345 4103 2512 4164 ςῖτος
2555 4120 2674 4182 pro
2720 4099 2953 4163 ςειςτός
2997 4118 3165 4162 com-

591 4210 862 4284 paratur
907 4219 1054 4262 eum
1102 4198 1309 4264 οἰςτός
1355 4198 1548 4264 οἶτος.

758 4399 834 4464 Ε.
880 4398 1104 4463 Orion.
1157 4399 1298 4481 123,
1343 4400 1386 4463 4
1428 4401 1690 4481 ὄχλος;
1740 4403 1778 4467 ὁ
1824 4403 2303 4482 Ἡρωδιανὸς
2348 4404 2521 4482 παρὰ
2575 4405 2649 4467 τὸ
2696 4402 2889 4467 εἴλλω
2944 4403 3020 4467 τὸ
3067 4423 3167 4466 ςυ-

593 4503 843 4581 ςτρέφω
888 4499 1044 4564 ὄλος
1089 4503 1191 4565 καὶ
1219 4506 1601 4587 πλεοναςμῷ
1631 4508 1747 4569 τοῦ
1791 4510 1831 4584 5(
1877 4506 1958 4569 έν
2005 4505 2560 4584 ἐπιμεριςμοῖς.
2592 4539 2675 4550 -
2707 4504 2899 4567 εἴλλω
2933 4501 3168 4587 scripsi

592 4623 708 4686 pro
756 4601 892 4665 ὀλῶ
937 4609 1002 4663 et
1046 4602 1202 4668 ὄλος
1246 4607 1348 4667 καὶ
1390 4603 1621 4668 adieci.
1712 4605 1870 4668 Zon.
1924 4603 2084 4667 1492
2140 4603 2236 4666 sic
2290 4602 2503 4668 locum
2560 4603 2831 4688 praebet
2885 4604 2922 4667 ὁ
2968 4604 3166 4681 Ἡρω-

594 4705 814 4768 διανὸς
858 4703 1031 4781 παρὰ
1073 4705 1148 4769 τὸ
1192 4705 1323 4770 ἕλω
1365 4707 1442 4769 τὸ
1498 4707 1825 4786 ςυςτρέφω
1875 4702 1978 4786 (Ε.
2024 4705 2113 4768 Μ.
2160 4705 2357 4788 ἔλλω)
2404 4706 2561 4769 κατὰ
2604 4708 3007 4785 πλεοναςμὸν
3051 4708 3167 4769 τοῦ

594 4808 633 4881 5(
678 4803 879 4884 ἔχλω,
932 4801 1058 4881 ἀφ’
1103 4804 1182 4869 οὗ
1228 4805 1571 4885 ῥηματικὸν
1629 4808 1839 4885 ὄνομα
1884 4805 2097 4883 ὄχλος.
2140 4839 2228 4851 —-
2271 4804 2373 4867 De
2418 4803 2788 4868 variatione
2843 4802 3168 4869 vocalium
