3664 5546
1177 383 1334 439 ΠΕΡΙ
1376 383 1766 439 ΚΑΘΟΛΙΚΗ(
1803 382 2224 439 ΠΡΟΕΩιΔΙΑ(
2262 384 2322 438 Α.
2949 384 3030 449 41

450 560 521 624 δὲ
565 558 748 623 κοινὰ
791 563 884 641 τῷ
927 557 1097 632 γένει
1141 557 1530 637 φυλάττουςι
1573 557 1689 621 τὸν
1744 556 1975 638 τόνον,
2031 557 2496 640 περικτιών,
2553 556 3032 640 ἀμφικτιών,

449 660 871 742 ἰθυκτιών,
916 659 1009 724 ὧν
1054 661 1157 725 καὶ
1201 663 1464 740 βραχεῖα
1506 660 1546 739 ὴ
1590 660 2062 738 παραλήγουςα.

624 787 657 818 ιο
702 763 795 827 Τὰ
866 763 954 827 εἰς
1017 766 1117 827 ’ὧν
1177 762 1529 841 ςυγκριτικὰ
1600 761 1812 826 πάντα
1886 762 2253 844 βαρύνεται,
2318 762 2633 845 μείζων,
2709 760 3032 845 ὀλίζων,
3073 840 3099 858 x

449 866 858 946 κρείςςων,
901 865 1184 946 ἥςςων,
1243 863 1579 946 θάςςων,
1628 863 2013 946 ἐλάττων,
2068 862 2446 946 ἀμείνων,
2502 864 2828 942 χερείων
2874 865 3033 944 χεί·

452 988 636 1050 ρων,
684 967 1010 1049 πλείων,
1058 967 1325 1048 μείων,
1372 966 1694 1049 ἀρείων,
1742 965 2111 1046 βελτίων,
2156 965 2436 1047 ἡδίων,
2480 967 2856 1049 γλυκίων,
2901 979 3091 1032 κα-5

452 1070 671 1151 κίων,
718 1069 1062 1149 βραχίων
1108 1067 1233 1134 εἴτε
1279 1068 1384 1132 ἐπὶ
1426 1072 1542 1133 τοῦ
1588 1071 1980 1147 ςυγκριτικοῦ
2024 1066 2150 1132 εἴτε
2182 1068 2287 1132 ἐπὶ
2316 1072 2431 1133 τοῦ
2463 1069 2694 1149 μέρους
2724 1070 3032 1150 ςώματος,

453 1172 782 1249 οὐδὲγὰρ
840 1171 1110 1249 λέγομεν
1173 1172 1451 1250 βραχιών
1509 1170 1863 1253 ὀξυτόνως,
1936 1170 2026 1242 ὡς
2083 1170 2375 1245 λε’γουςιν
2443 1171 2514 1236 ἐν
2582 1177 2657 1254 τῇ
2721 1171 3032 1256 ςυνηθείᾳ,

451 1273 617 1338 ἀλλὰ
663 1273 939 1353 βραχίων
987 1272 1369 1353 βαρυτόνως.

452 1564 709 1614 Eustath.
751 1566 904 1622 1175,
946 1566 1008 1614 15
1053 1563 1185 1614 καθ’
1231 1560 1576 1628 Ἡρωδιανόν
1625 1561 1703 1616 ώς
1750 1563 1781 1615 ὁ
1826 1562 2088 1630 κηδεμών
2136 1563 2321 1616 οὕτως
2367 1564 2624 1618 ὀξύνεται
2670 1565 2760 1616 καί
2807 1565 2839 1617 ὁ
2885 1579 3034 1629 περι-

452 1630 627 1682 κτιών
664 1631 754 1682 καὶ
790 1629 1135 1696 ἀμφικτιών,
1176 1628 1260 1681 ὧν
1297 1631 1387 1681 καὶ
1423 1630 1648 1695 βραχεῖά
1683 1646 1815 1697 φηςι
1854 1631 1889 1695 ἡ
1929 1631 2353 1697 παραλήγουςα,
2395 1631 2677 1694 ίθυκτιών,
2716 1634 2861 1699 quod
2896 1635 3034 1685 Lob.

451 1701 619 1752 Proll.
658 1704 756 1751 203
804 1717 899 1765 pro
945 1698 1225 1751 ἰνδικτιών
1270 1700 1542 1759 restituit,
1591 1716 1656 1750 ex
1693 1701 1940 1765 Theogn.
1976 1703 2067 1762 29,
2106 1703 2171 1752 23
2217 1703 2475 1754 accessit.
2544 1701 2617 1754 τὰ
2652 1700 2713 1753 δὲ
2753 1700 2915 1753 κοινὰ
2948 1705 3033 1766 τῷ

450 1768 601 1830 γένει
639 1785 704 1818 ex
743 1768 937 1819 Choer.
978 1768 1116 1820 orth.
1149 1770 1269 1825 168,
1300 1771 1361 1817 10
1397 1767 1613 1818 addidi:
1655 1766 1938 1832 Ἀμφίωνι
1979 1767 2066 1819 διὰ
2100 1771 2204 1819 τοῦ
2246 1772 2298 1821 ἶ·
2337 1769 2451 1821 ἔςτι
2487 1769 2593 1835 γὰρ
2629 1770 2808 1833 ὄνομα
2845 1769 3035 1835 κύριον

452 1834 567 1887 ἀπὸ
603 1837 704 1900 τῆς
740 1833 881 1900 ἀμφί
919 1851 960 1886 π
998 1835 1236 1888 οθέςεως
1273 1835 1363 1886 καὶ
1398 1837 1502 1899 τῆς
1551 1832 1654 1886 ἰών
1693 1839 1962 1901 μετοχῆς,
2011 1834 2260 1901 ἀμφιῖών
2306 1838 2397 1888 καὶ
2436 1836 2692 1902 Ἀμφίων
2730 1837 2872 1890 κατὰ
2907 1839 3034 1903 κρᾶ-

453 1918 535 1955 ςιν
570 1905 691 1954 τῶν
727 1902 827 1955 δύο
865 1907 896 1955 ἴ
930 1917 958 1955 ε
984 1918 1009 1955 ς
1046 1902 1108 1955 ἓν
1147 1902 1361 1968 μακρὸν
1410 1902 1746 1969 [βαρύτονον
1782 1904 1843 1956 δέ
1888 1903 2151 1968 γέγονεν,
2190 1903 2384 1969 ἐπειδὴ
2431 1904 2488 1957 αί
2526 1906 2755 1970 μετοχαί
2793 1904 3034 1958 ςυντιθέ-

455 1986 643 2035 μεναι,
682 1970 781 2023 ἐὰν
819 1970 920 2035 μὲν
956 1970 1282 2036 φυλάττωςι
1315 1970 1385 2022 τὸ
1432 1971 1574 2023 αὐτὸ
1625 1971 1790 2036 μέρος
1834 1974 1937 2024 τοῦ
1976 1971 2179 2035 λόγου,
2227 1973 2315 2025 καί
2350 1972 2457 2024 τὸν
2493 1972 2671 2025 αὐτὸν
2716 1973 2889 2026 τόνον
2931 1989 3035 2038 φυ-

454 2038 748 2091 λάττουςιν
794 2037 917 2091 οἷον
964 2037 1060 2103 βάς
1106 2038 1339 2103 ἀναβάς,
1388 2038 1517 2091 ςτάς
1564 2038 1828 2092 ἀναςτάς·
1876 2039 1977 2091 ἐὰν
2032 2039 2092 2092 δὲ
2149 2039 2519 2094 έναλλάςςωςι
2562 2041 2633 2093 τὸ
2680 2041 2823 2095 αὐτὸ
2870 2041 3035 2108 μέρος

452 2110 558 2159 τοῦ
595 2106 784 2171 λόγου,
821 2107 1030 2160 τούτου
1072 2107 1231 2173 χάριν
1267 2108 1358 2159 καὶ
1390 2107 1496 2159 τὸν
1530 2105 1704 2158 τόνον
1742 2105 2144 2161 ἐναλλάςςουςι.
2192 2110 2329 2160 baec
2364 2113 2533 2163 verba
2570 2126 2637 2161 ex
2676 2112 2738 2161 E.
2764 2113 2837 2162 M.
2873 2114 2956 2173 92,
2986 2115 3031 2171 1,

451 2177 549 2226 ubi
603 2177 658 2226 in
705 2175 809 2226 fine
855 2175 1041 2228 οὕτως
1087 2174 1453 2241 Χοιροβοςκὸς
1501 2172 1578 2227 εἰς
1632 2175 1741 2239 τὴν
1787 2174 2172 2241 ὁρθογραφίαν
2218 2175 2441 2243 αὐτοῠ].
2522 2178 2595 2231 τὰ
2639 2178 2727 2230 διὰ
2782 2181 2885 2230 τοῦ
2934 2180 3038 2230 tus—v

456 2242 735 2327 βαρύτονα
789 2241 903 2295 εἴτε
955 2243 1240 2330 τρέποντα
1290 2242 1361 2328 τὸ
1416 2247 1464 2295 'ui
1519 2241 1597 2295 είς
1649 2241 1718 2295 τὸ
1772 2246 1805 2294 ὃ
1835 2242 1914 2295 ἐν
1957 2248 2028 2310 τῇ
2071 2249 2267 2328 ,γενικῇ
2305 2244 2420 2297 εἴτε
2459 2245 2533 2310 μὴ
2571 2245 2685 2298 εἴτε
2724 2246 2883 2312 κύρια
2920 2245 3033 2298 εἴτε

454 2309 1244 2444 2²32“¹3⁹¹‡e,3'ff.{'1”2m2⁴”.{²03‘“3⁹
1270 2309 2686 2446 π’ἒὲῒῖῗ-ξὲἷοζᾰπέἓέρῖξονὸτίῗττῖἷαε-Γὲιφὶἓὲζὲν
2707 2329 2882 2435 τὲἐιτέ
2895 2314 3038 2448 έέἐξῦ

455 2445 887 2512 παραλήγουςαν
923 2449 1039 2499 κτλ.
1081 2447 1263 2513 [ἄλλοι
1299 2446 1358 2499 δὲ
1396 2446 1641 2510 λέγουςι,
1682 2446 1770 2499 ὅτι
1806 2447 1874 2499 οὐ
1911 2447 2147 2511 γέγονεν
2183 2448 2298 2501 ἀπὸ
2335 2452 2438 2502 τοῦ
2465 2449 2608 2514 ἀμφί
2644 2451 2734 2502 καί
2770 2453 2873 2502 τοῦ
2912 2448 3034 2516 ἰών,

385 2519 390 2524 ’
453 2515 587 2567 ἀλλ’
622 2512 737 2566 ἀπὸ
771 2517 875 2580 τῆς
912 2514 1055 2580 ἀμφί
1091 2514 1408 2581 προθέςεως
1445 2514 1588 2567 κατὰ
1623 2516 1975 2580 παραγωγὴν
2010 2517 2100 2568 καὶ
2139 2516 2376 2570 ἐξέτεινε
2421 2517 2491 2569 τὸ
2527 2522 2559 2570 ῑ
2598 2520 2908 2584 ποιητικῶς
2957 2519 3036 2571 ὡς

453 2583 523 2636 τὸ
562 2581 732 2636 Ἰξίων
769 2584 859 2634 καὶ
895 2582 1123 2636 Δολίων
1163 2584 1221 2634 Ε.
1261 2582 1376 2649 Μ.].
1425 2584 1529 2634 His
1566 2584 1701 2634 locis
1738 2586 2070 2650 comparatis
2106 2587 2458 2638 Herodianus
2497 2585 2752 2651 Ἀμφίων
2791 2593 2848 2637 et
2874 2586 3035 2639 Ὑπε-

454 2650 594 2717 ρίων
630 2652 913 2717 gravanda
948 2654 1178 2714 censuit,
1215 2652 1345 2717 quia
1380 2655 1599 2703 nomina
1635 2654 1860 2717 propria
1895 2654 2047 2703 facta
2075 2660 2276 2716 essent,
2314 2670 2422 2705 non
2458 2662 2681 2721 propter
2705 2655 3037 2706 declinatum

453 2720 808 2784 nominalem,
847 2735 1006 2785 quem
1042 2719 1251 2771 habent
1296 2720 1513 2786 quidem
1559 2718 1865 2785 περικτιών
1900 2719 2246 2787 ἀμφικτιών,
2294 2723 2394 2775 sed
2439 2729 2726 2776 accentum
2771 2739 2880 2775 non
2924 2740 3036 2775 mu-

455 2795 597 2851 tant,
636 2789 765 2855 quia
801 2789 1022 2854 generis
1057 2789 1354 2840 communis
1391 2794 1546 2853 sunt,
1586 2805 1692 2854 quo
1728 2790 1897 2839 etiam
1932 2791 2170 2849 accedit,
2210 2792 2355 2856 qnod
2395 2790 2649 2856 Ἀμφίων
2687 2790 2969 2857 Ὑπερίων
3004 2796 3038 2845 ῖ

454 2858 785 2923 producunt,
823 2855 1127 2922 περικτιών
1162 2854 1481 2920 ἀμφικτιών
1519 2858 1683 2908 breve
1731 2859 1992 2908 retinent.
2061 2858 2316 2910 Concidit
2350 2861 2522 2925 igitur
2547 2861 2833 2911 Schmidtii
2859 2876 3041 2911 emen-

457 2926 609 2976 datio
650 2922 728 2976 ὡς
768 2923 1021 2987 ὀνόματα
1056 2924 1371 2987 κλινόμενα.
1444 2924 1734 2975 Caeterum
1773 2925 2026 2977 existimo
2072 2927 2176 2977 hoc
2225 2928 2343 2978 loco
2392 2929 2658 2994 quosdam
2692 2944 2932 2980 canones
2969 2931 3036 2979 de

452 2994 886 3060 participiorum,
925 3008 1067 3059 quae
1102 2995 1161 3043 in
1197 2994 1416 3045 nomina
1453 2995 1688 3056 abeunt,
1735 2998 1968 3044 accentu
2005 2994 2304 3055 excidisse,
2354 2998 2445 3061 qui
2493 2997 2570 3047 sic
2616 2997 2735 3048 fere
2782 3000 3035 3063 concepti

457 3062 691 3113 fuerint:
2412 3082 2417 3085 ·

592 3128 677 3181 Τὰ
720 3126 799 3181 εἰς
846 3133 929 3181 ῶν
979 3129 1207 3193 μετοχαί
1263 3127 1576 3191 διςύλλαβοι
1631 3127 2068 3192 ὀξυτονούμεναι
2126 3130 2216 3181 καὶ
2263 3130 2516 3194 ὀνόματα
2559 3131 2828 3195 γινόμενα
2875 3132 3034 3198 βαρύ-

456 3212 679 3263 νονται,
717 3197 941 3262 δρακών
976 3197 1291 3262 Δράκων,
1329 3196 1520 3261 τυχών
1558 3195 1827 3260 Τύχων,
1868 3196 2069 3249 πυθών
2104 3197 2386 3263 Πύθων,
2427 3199 2610 3252 πιθών
2647 3199 2900 3253 Πίθων.

589 3265 674 3319 Τὰ
709 3265 791 3319 είς
826 3272 910 3319 inv
949 3266 1176 3330 μετοχαί
1213 3264 1524 3328 διςύλλαβοι
1550 3264 1988 3327 ὀξυτονούμεναι
2014 3265 2421 3331 ςυντιθέμεναι,
2450 3267 2549 3319 ἐὰν
2586 3267 2686 3332 μὲν
2710 3268 3038 3333 φυλάττωςι

454 3333 524 3385 τὸ
560 3332 703 3385 αὐτὸ
742 3334 906 3400 μέρος
941 3337 1044 3385 τοῦ
1083 3333 1281 3396 λόγου,
1330 3333 1419 3384 καὶ
1455 3332 1560 3384 τὸν
1605 3331 1784 3383 αὐτὸν
1828 3332 2004 3384 τόνον
2049 3334 2394 3398 φυλάττουςι
2439 3334 2562 3387 οἶον
2610 3335 2794 3389 ἐλθών
2839 3335 3037 3388 ἀνελ·

456 3399 597 3453 θών
633 3404 803 3467 χωρὶς
839 3406 941 3454 τοῦ
983 3402 1130 3454 ἑκών
1167 3400 1402 3453 ἀέκων.
1452 3399 1551 3452 ἐὰν
1587 3400 1647 3452 δὲ
1684 3399 1936 3463 ὀνόματα
1972 3399 2270 3468 γίνωνται,
2308 3403 2414 3455 τὸν
2449 3404 2622 3456 τόνον
2649 3403 3036 3456 ἐναλλάςςουςι

455 3466 579 3521 οἷον
624 3469 808 3521 ἐλθών
855 3469 1169 3524 Εὐέλθων
1218 3468 1409 3535 κύριον
1454 3468 1606 3532 παρὰ
1652 3467 1945 3536 Ἡροδότῳ
1986 3468 2099 3535 (IV
2149 3474 2261 3522 162.
2318 3474 2365 3523 V
2415 3473 2560 3536 104).
2642 3474 2727 3524 De
2773 3471 3037 3525 Εὐέλθων

456 3539 711 3589 Eustath.
755 3555 806 3603 p.
854 3541 986 3590 1098
1031 3539 1150 3588 init.
1196 3536 1266 3588 τὸ
1311 3536 1498 3588 ἀέκων
1542 3536 1914 3601 παροξύνεται
1970 3537 2317 3602 παραδόξως.
2397 3538 2628 3603 οὐδεμία
2673 3540 2780 3606 γὰρ
2827 3540 3035 3605 μετοχὴ

459 3605 520 3656 έν
557 3606 801 3658 ςυνθέςει
836 3604 1145 3669 ἀναβιβάζει
1181 3604 1285 3657 τὸν
1329 3605 1502 3657 τόνον
1539 3604 1626 3656 ὅτι
1673 3604 1745 3668 μὴ
1785 3604 1960 3668 μόνον
2006 3605 2040 3669 ἡ
2081 3605 2268 3659 ἀέκων
2306 3608 2396 3671 (cf.
2434 3609 2628 3660 Arcad.
2665 3612 2785 3668 178,
2824 3610 2897 3672 8).
2967 3608 3037 3660 τὸ

459 3672 721 3725 Εὐέλθων
765 3673 869 3726 οὐκ
914 3671 1217 3726 ἀντίκειται
1263 3672 1405 3737 πρὸς
1450 3671 1554 3723 τὸν
1588 3674 1852 3723 τοιοῦτον
1889 3673 2089 3737 λόγον,
2138 3674 2204 3725 οὐ
2242 3675 2348 3741 γὰρ
2384 3676 2581 3728 ἁπλῶς
2620 3676 2856 3743 μετοχή,
2895 3676 3037 3728 ἀλλά

459 3740 651 3807 κύριον
697 3742 850 3808 παρὰ
886 3741 1172 3808 Ἡροδότῳ
1222 3740 1515 3805 μετοχικόν
1561 3738 1708 3791 ἐςτιν
1745 3740 1940 3803 ὄνομα.
2088 3743 2123 3792 1.
2160 3748 2191 3793 3
2238 3760 2499 3796 canonem
2536 3745 2602 3795 de
2647 3746 3038 3812 comparativis

458 3812 737 3876 composui
782 3827 849 3861 ex
886 3811 1081 3862 Choer.
1122 3813 1210 3873 70,
1257 3813 1317 3861 31
1367 3814 1424 3859 et
1468 3812 1594 3871 285,
1636 3811 1721 3867 16,
1769 3810 2016 3875 Theogn.
2052 3813 2144 3873 28,
2181 3814 2240 3874 4,
2286 3813 2482 3864 Arcad.
2523 3816 2613 3875 17,
2652 3817 2733 3864 24.
