3664 5546
1154 361 1313 417 ΠΕΡΙ
1356 360 1748 416 ΚΑΘΟΛΙΚΗΕ
1784 359 2208 414 ΠΡΟΕΩιΔΙΑ(
2249 361 2326 413 ΙΑ.
2907 360 3034 425 279

438 534 953 600 Δευκαλιωνείας
998 532 1250 614 πρώτῳ.
1340 531 1466 596 ἔςτι
1525 531 1626 595 καὶ
1677 534 1789 607 τῆς
1837 530 2110 595 Ἰταλίας.
2198 532 2303 594 καὶ
2357 530 2520 609 ἄλλη
2568 531 2934 608 Ἀργολίδος
2989 533 3029 608 ἡ

350 647 359 655 ’
437 637 541 702 καὶ
581 637 889 715 Ἑρμιόνη.
935 634 1281 714 Λάμπεια
1325 632 1482 712 ὄρος
1530 632 1871 711 Ἀρκαδίας.
1931 633 2292 710 Παρθένιος
2338 634 2661 718 Ἀνθίππῃ.
2721 633 2824 697 Λα
2839 633 3028 712 μπέ-

436 759 605 803 τεια
646 738 834 803 πόλις
878 737 1187 815 Βρεττίας.
1241 735 1570 815 Πολύβιος
1613 733 2119 817 τριςκαιδεκάτῳ.
2178 733 2463 800 Λύζεια
2492 735 2680 800 πόλις
2728 736 3026 812 Ἀκαρνατ

438 842 590 904 νίας.
635 838 959 903 Ἑκαταῖος
1003 838 1290 920 Εὐρώπῃ.
1359 836 1490 901 ἀπὸ
1535 835 1785 903 Λυζέως
1829 834 2020 899 τινός.
2090 835 2557 915 Λαμπώνεια
2593 836 2779 900 πόλις
2809 836 3027 919 Τρῳά-

439 947 568 1006 δος.
622 941 947 1005 Ἑκαταῖος
990 939 1173 1022 Ἀςίᾳ.
1232 938 1596 1004 Ἑλλάνικος
1641 939 1711 1001 δ“ε
1756 935 2146 1015 Λαμπώνιον
2191 937 2391 1015 αὐτήν
2437 959 2604 1018 φηςι.
2670 937 3026 1001 Πιτύεια·
3056 943 3089 993 5

438 1043 646 1107 οὕτως
690 1042 1154 1121 Ἐπαφρόδιτος
1196 1040 1317 1119 ὑφ’
1361 1038 1643 1119 Ὁμήρου
1700 1038 1776 1120 (Β
1821 1036 1976 1118 829)
2021 1037 2375 1116 Λάμψακον
2429 1042 2736 1118 κληθῆναι
2794 1039 2898 1102 διὰ
2951 1039 3027 1102 τὸ

437 1143 681 1208 πιτύων
722 1146 967 1220 πλῆθος
980 1140 1552 1224 ,Λαομεδόντειαν
1581 1139 2001 1218 καλουμένην.
2074 1138 2679 1219 Λαοδαμάντεια
2723 1143 2915 1217 νῆςος
2957 1138 3025 1203 ἐν

437 1246 648 1328 Λιβύῃ.
708 1244 1181 1323 Ἀρτεμίδωρος.
1249 1243 1538 1332 ἐκαλεῖτο
1584 1243 1655 1305 δὲ
1699 1241 2171 1320 Λαομεδόντεια
2212 1240 2362 1306 ἴςως
2407 1239 2537 1305 ἀπὸ
2582 1241 3028 1321 Λαομέδοντος

435 1351 553 1412 τοῦ
584 1345 821 1423 Τρωός.
879 1345 1299 1431 Λιρνύτειια
1341 1340 1527 1408 πόλις
1557 1342 1957 1422 Παμφυλίας.
2004 1341 2327 1407 Ἑκαταῖος
2373 1342 2554 1426 Ἀςίᾳ.
2622 1342 3029 1420 Λυκώρεια

437 1449 614 1527 κώμη
659 1446 729 1511 ἐν
771 1447 1084 1525 Δελφοῖς.
1156 1445 1549 1524 Καλλίμαχος
1593 1443 1664 1509 ἐν
1702 1444 1910 1528 τρίτῳ.
1981 1441 2112 1507 ἀπὸ
2153 1443 2503 1522 Λυκωρέως
2546 1447 2664 1508 τοῦ
2708 1443 3025 1523 βαςιλέως.
3071 1452 3131 1500 10

436 1549 917 1629 Λυςιμάχεια
960 1547 1146 1612 πόλις
1174 1550 1285 1624 τῆς
1316 1546 1567 1628 Θρᾴκης
1597 1547 1994 1625 χερρονήςου
2024 1544 2064 1623 ἡ
2108 1544 2432 1623 πρότερον
2463 1545 2711 1637 Καρδία.
2771 1544 3026 1609 Μακύ-

340 1710 348 1719 ,
436 1672 517 1715 νε
536 1672 610 1714 ια
637 1650 825 1714 πόλις
853 1647 1174 1714 Αἰτωλίας.
1233 1646 1531 1727 (τράβων
1563 1647 1793 1729 δεκάτῃ
1838 1648 1931 1732 (p.
1962 1644 2110 1709 451.
2142 1645 2316 1727 460).
2366 1646 2668 1724 Μάρεια
2696 1646 2883 1712 πόλις
2926 1647 3029 1710 καὶ

437 1751 619 1831 λίμνη
650 1758 726 1835 τῇ
758 1750 1194 1833 Ἀλεξανδρείᾳ
1224 1748 1672 1830 παρακειμένη,
1702 1750 1743 1826 ἣ
1772 1750 1878 1812 καὶ
1899 1749 2232 1826 Μαρεῶτις
2264 1748 2529 1823 λέγεται.
2565 1747 3028 1826 Μελάμπεια

436 1854 621 1917 πόλις
651 1851 881 1916 Λυδίας
913 1852 1043 1917 ἀπὸ
1076 1851 1466 1931 Μελάμπου,
1509 1850 1601 1915 ὡς
1630 1850 1887 1914 Ξάνθος
1918 1848 1989 1913 ἐν
2020 1849 2372 1914 Λυδιακοῖς.
2422 1849 2707 1913 Μίδεια
2737 1848 2924 1913 πόλις
2955 1849 3027 1913 ἐν

434 1954 647 2031 Ἀργει
679 1951 809 2017 ἀπὸ
848 1953 1107 2017 Μιδείας
1136 1955 1248 2028 τῆς
1270 1951 1546 2017 Ἀλωέος
1576 1952 1906 2028 θυγατρός.
1963 1951 2212 2025 λέγεται
2241 1952 2344 2015 καὶ
2374 1951 2569 2028 χωρὶς
2599 1954 2715 2014 τοῦ
2739 1953 2771 2013 ἶ
2804 1949 3024 2014 Μιδέα.
3067 1958 3129 2009 15

434 2054 560 2118 ἔςτι
591 2056 695 2119 καὶ
723 2054 907 2132 ἑτέρα
936 2053 1122 2118 πόλις
1156 2053 1474 2118 Βοιωτίας.
1515 2052 1799 2131 Ὅμηρος
1831 2052 1940 2116 «οἵ
1969 2073 2037 2117 τε
2068 2052 2570 2131 πολυςτάφυλον
2600 2053 2840 2129 Ἄρνην
2872 2051 3028 2139 ἔχον

435 2155 501 2219 οἵ
528 2176 597 2220 τε
630 2156 938 2220 Μίδειαν»
970 2156 1047 2236 (Β
1076 2154 1246 2233 507).
1307 2155 1432 2219 ἔςτι
1462 2154 1566 2217 καὶ
1595 2153 1823 2219 Λυκίας
1852 2152 2032 2231 ἄλλη.
2092 2152 2555 2219 Μολύνδεια
2585 2153 2771 2217 πόλις
2801 2152 3029 2217 Λυκίας

434 2256 566 2322 ἀπὸ
600 2257 1010 2322 Μολυνδέως.
1052 2257 1465 2333 Ἀλέξανδρος
1496 2255 1566 2318 ἑν
1596 2261 1687 2337 τῷ
1717 2256 1865 2332 περὶ
1893 2255 2121 2319 Λυκίας
2155 2255 2412 2337 πρώτῳ.
2461 2254 2813 2331 Μύρλεια
2842 2253 3028 2317 πόλις

433 2359 723 2423 Βιθυνίας
767 2357 897 2422 ἀπὸ
947 2358 1216 2435 Μύρλου
1260 2361 1379 2421 τοῦ
1414 2356 1855 2434 Κολοφωνίων
1900 2356 2257 2435 ἡγεμόνος’
2305 2355 2367 2418 οἱ
2413 2358 2484 2419 δὲ
2529 2354 2659 2419 ἀπὸ
2707 2353 3027 2432 Μυρλείας

434 2459 793 2538 Ἀμαζόνος.
853 2458 1242 2522 Νακόλεια
1285 2457 1471 2521 πόλις
1513 2456 1805 2534 Φρυγίας.
1866 2456 2163 2536 Ετρὰβων
2211 2457 2538 2539 δωδεκάτῃ
2581 2457 2673 2538 (ρ.
2706 2454 2875 2536 576).
2921 2456 3026 2519 διὰ
3061 2464 3131 2515 20

433 2563 544 2637 τῆς
587 2564 642 2625 εἶ
697 2558 1057 2639 διφθόγγου
1112 2559 1287 2635 παρὰ
1342 2558 1460 2621 τὸν
1507 2557 1804 2621 Νάκολον
1868 2558 1986 2621 τὸν
2029 2558 2374 2621 Δαςκύλου
2434 2561 2649 2622 παῖδα.
2740 2556 2866 2620 ἔςτι
2922 2557 3026 2620 καὶ
3153 2568 3166 2583 “

436 2659 782 2738 οὐδέτερον
817 2659 1177 2724 Νακόλαιον
1222 2657 1353 2723 ἀπὸ
1388 2658 1676 2735 Νακόλης
1721 2658 1977 2738 νύμφης
2021 2658 2231 2736 ὥςπερ
2278 2658 2410 2723 ἀπὸ
2455 2662 2571 2722 τοῦ
2608 2658 2825 2736 νύμφη
2872 2657 3023 2736 νύμ-

435 2782 634 2840 φαιον
679 2761 780 2825 καὶ
822 2761 990 2839 Ἥρα
1034 2760 1320 2839 Ἥραιον.
1382 2758 1819 2837 Νεάνδρεια
1862 2760 2049 2824 πόλις
2091 2759 2399 2843 Τρῳάδος
2442 2760 2513 2826 ἐν
2559 2759 3021 2842 Ἑλληςπόντῳ,

437 2864 526 2928 ῶς
574 2863 799 2941 Χάραξ.
858 2862 1106 2937 λέγεται
1151 2865 1253 2927 καὶ
1285 2862 1672 2939 Νεάνδρειον
1720 2862 2078 2939 οὐδετέρως
2124 2863 2214 2926 ώς
2245 2863 2648 2941 Θεόπομπος.
2698 2861 3020 2925 Νεοκαι-

435 2965 701 3043 ςάρεια
743 2964 1026 3042 Ποντικὴ
1072 2962 1273 3028 πόλις.
1319 2962 1446 3027 ἔςτι
1490 2964 1593 3027 καὶ
1624 2963 1929 3028 Βιθυνίας.
1987 2962 2469 3042 Νικομήδεια
2514 2964 2701 3027 πόλις
2732 2962 3022 3026 Βιθυνίας
3057 2973 3122 3024 25

433 3065 563 3130 ἀπὸ
612 3066 1010 3144 Νικομήδους
1052 3068 1170 3128 τοῦ
1199 3064 1404 3144 Ζηῒλα
1446 3065 1677 3129 παιδὸς
1723 3064 2185 3142 ἐπιςημοτάτου
2232 3065 2532 3144 βαςιλέως
2577 3065 2616 3142 ἢ
2660 3065 2762 3127 καὶ
2807 3062 3022 3144 Ὀλβία

324 3208 337 3219 ·
433 3166 679 3244 ἐκλήθη.
752 3167 1175 3244 Παρώρεια
1218 3167 1403 3231 πόλις
1449 3167 1787 3244 Ἀρκαδίας.
1865 3167 2114 3241 λέγεται
2170 3168 2240 3249 δὲ
2286 3168 2386 3229 καὶ
2430 3166 2795 3243 Παρωραία.
2869 3165 3019 3229 Πε-

434 3268 714 3331 λόπεια
756 3267 943 3332 πόλις
987 3268 1214 3332 Λυδίας
1257 3267 1296 3345 ἡ
1341 3267 1606 3344 ὕςτερον
1639 3268 1970 3344 Θυάτειρα.
2028 3268 2334 3345 Πήρεια
2378 3266 2716 3356 Οεςςαλίας
2760 3267 3016 3345 χωρίον.

431 3368 767 3432 Πιάλεια
819 3369 1004 3433 πόλις
1053 3370 1391 3448 Θεςςαλικὴ
1449 3370 1576 3433 ὑπὸ
1633 3369 1707 3432 τὸ
1757 3368 2125 3446 Κερκετικὸν
2184 3368 2356 3446 ὄρος.
2445 3368 3018 3446 Πλειςτάρχεια

429 3470 615 3535 πόλις
663 3471 920 3551 Καρίας,
962 3471 1004 3548 ἣ
1048 3472 1150 3534 καὶ
1192 3472 1510 3549 πρότερον
1555 3472 1657 3535 καὶ
1701 3472 1965 3548 ὕςτερον
1997 3470 2331 3547 Ἡράκλεια
2375 3468 2728 3548 ώνομὰςθη.
2793 3470 3015 3533 Πλώ-
3053 3478 3120 3529 30

430 3577 602 3636 θεια
646 3576 843 3652 δῆμος
883 3572 1179 3650 Αίγηῖδος
1222 3576 1460 3654 φυλῆς,
1517 3574 1556 3650 ἢ
1602 3575 1703 3637 καὶ
1745 3573 2028 3636 Πλωθιά.
2103 3569 2513 3635 Ποδὰλεια
2557 3572 2742 3635 πόλις
2786 3570 3012 3635 Λυκίας
3111 3637 3119 3643 ,

430 3674 696 3753 πληςίον
725 3673 1036 3752 Λιμύρων.
1081 3673 1458 3737 Πολίτεια
1501 3674 1687 3738 πόλις
1733 3673 2000 3752 Ἀχαΐας.
2055 3674 2510 3751 Προγάςεια
2553 3674 2739 3737 πόλις
2769 3672 3013 3736 Λυδίας.

429 3775 846 3855 Ῥαφάνεια
890 3774 1230 3852 πολίχνιον
1263 3773 1515 3856 (υρίας,
1546 3773 1866 3854 Ῥάφεια
1896 3775 2080 3839 πόλις
2112 3773 2351 3853 (υρίας.
2410 3775 2710 3854 Ῥόβεια
2739 3774 3012 3852 Πιερίης.

432 3874 827 3941 (αλώνεια
856 3876 1040 3941 πόλις
1072 3875 1380 3940 Βιθυνίας.
1414 3862 2019 3955 (αμάρειαατόλις
2047 3880 2158 3953 τῆς
2180 3877 2497 3940 Ἰουδαίας.
2531 3875 2800 3940 (ἁνεια
2831 3875 3016 3938 πόλις

430 3978 667 4056 Ἰνδική.
712 3978 1041 4057 Ἀρριανὸς
1072 3977 1626 4054 Ἀλεξανδρειάδος
1656 3977 1924 4059 ἑβδόμῳ.
1983 3977 2398 4042 (ελεύκεια
2429 3977 2613 4041 πόλις
2645 3977 2748 4040 ἐπὶ
2781 3976 3015 4058 Κιλικίᾳ
3052 3985 3115 4032 35

430 4082 692 4159 τραχεῖα
723 4079 1050 4159 λεγομένη.
1110 4077 1396 4157 ὠνόμαςε
1428 4080 1499 4142 δὲ
1531 4077 1899 4142 (ελεύκειαν
1930 4079 2129 4157 αὐτὴν
2162 4077 2468 4143 (έλευκος
2499 4078 2537 4142 ὁ
2570 4078 2890 4158 Νικάτωρ,
2924 4077 3014 4141 ὼς

432 4181 843 4259 Ἀλέξανδρός
888 4201 1053 4259 φηςι.
1143 4179 1462 4257 πρότερον
1507 4181 1578 4242 δὲ
1622 4179 1841 4258 Ὀλβία
1886 4180 2173 4243 ἐκαλεῖτο
2219 4181 2321 4243 καὶ
2363 4179 2559 4257 Ὑρία.
2637 4177 3012 4243 (κάνδεια

431 4282 712 4347 ἐπίνειον
761 4282 1094 4364 Κυθήρων,
1141 4282 1232 4345 ὡς
1268 4280 1633 4346 Παυςανίας
1686 4280 1879 4364 τρίτῳ
1924 4280 2008 4360 (ο.
2053 4278 2170 4359 23,
2223 4279 2307 4363 1).
2398 4279 2785 4355 (ολύγεια
2836 4280 3010 4357 κώμη

435 4383 774 4465 Κορίνθου,
823 4383 913 4448 ὡς
943 4383 1335 4460 Θουκυδίδης
1378 4383 1644 4464 τετάρτῃ
1674 4383 1756 4463 (e.
1787 4379 1923 4463 42).
1984 4375 2539 4458 (τρατονίκεια
2582 4381 2771 4444 πόλις
2804 4381 3011 4444 Μακε-

432 4484 644 4552 δόνων
674 4485 940 4563 πληςίον
989 4485 1242 4566 Καρίας,
1291 4484 1579 4561 κέκληται
1624 4485 1693 4546 δὲ
1738 4481 1870 4546 ἀπὸ
1917 4482 2330 4559 Ετρατονίκης
2373 4486 2484 4558 τῆς
2529 4482 2858 4560 Ἀντιόχου
2902 4500 3008 4556 γυ·
3048 4491 3115 4539 4⁴»

432 4586 661 4650 ναικός.
736 4586 861 4651 ἔςτι
906 4588 1008 4650 καὶ
1052 4586 1275 4664 ἕτερον
1320 4586 1656 4664 πολίχνιον
1701 4585 1865 4661 πρὸς
1908 4591 2001 4667 τῷ
2044 4582 2290 4665 Ταύρῳ.
2359 4582 2784 4660 (τρούθεια
2826 4582 3011 4646 πόλις

431 4685 705 4764 Φρυγίας
748 4687 831 4788 ἐνί
862 4690 1000 4753 τοῖς
1043 4687 1222 4765 ὅροις
1252 4687 1620 4752 Λυκαονίας.
1688 4684 2031 4764 (φήκεια
2075 4683 2259 4748 πόλις
2303 4685 2581 4764 Εὐβοίας.
2652 4684 3011 4763 Λυκόφρων

432 4785 523 4867 (V.
552 4786 707 4870 447)
757 4788 859 4851 «οἱ
901 4788 1093 4853 πέντε
1124 4809 1253 4853 που
1285 4787 1600 4868 (φήκειαν
1645 4787 1734 4851 εἰς
1767 4786 2159 4864 Κεραςτίδα».
2209 4786 2382 4851 οὕτω
2428 4788 2498 4849 δὲ
2542 4787 2645 4849 καὶ
2688 4786 2726 4864 ἡ
2762 4786 3014 4864 Κύπρος
