3664 5546
625 362 757 426 434
1566 361 1648 415 ΕΚ
1684 360 1827 426 ΤΩΝ
1871 357 2279 414 ΗΡΩΔΙΑΝΟΥ

630 531 999 614 βαρύνεται,
1054 530 1295 613 θήγω,
1354 531 1593 612 λήγω,
1638 501 1918 609 τμήγω.
2007 531 2083 595 τὸ
2140 532 2212 594 δὲ
2257 530 2447 609 ἡγῶ,
2503 527 2628 608 ἀφ’
2675 525 2755 592 οὗ
2791 517 2883 591 ’τὸ
2929 526 3227 608 ἡγοῦμαι,
3317 499 3334 508 ἱ

628 636 1038 715 περιςπᾶται,
1084 632 1214 697 ἀπὸ
1259 633 1639 712 φωνήεντος
1682 631 2065 711 ἀρχόμενον.

798 735 893 800 Τὰ
937 734 1028 798 εἰς
1071 738 1171 809 ‘ssu‘
1215 733 1725 813 ὑπερδιςύλλαβα
1769 733 2006 812 ἔχοντα
2049 733 2336 812 ὀνόματα
2377 731 2914 808 προκατάρχοντα
2958 728 3230 794 ςύνθετα

632 837 737 901 διὰ
781 840 897 901 τοῦ
940 840 1057 912 Ῠδὶ
1099 836 1477 915 παρηγμένα
1519 842 1610 919 τῷ
1656 837 1694 913 ἦ
1741 834 2242 914 παραληγόμενα
2292 836 2697 915 περιςπᾱται,
2751 829 3040 909 ποδηγός
3084 851 3226 895 πο-

572 945 604 992 ὃ
635 943 875 1020 δηγῶ,
921 938 1249 1018 φορτηγός
1292 942 1703 1019 φορτηγῶ,
1750 937 2098 1015 ςτρατηγός
2130 937 2564 1017 ςτρατηγῶ,
2593 933 2869 1012 κυνηγός
2899 936 3225 1010 κυνηγῶ.

626 1040 704 1103 τὸ
762 1041 835 1103 δὲ
889 1037 1152 1117 ἀρήγω
1211 1038 1328 1104 οὐκ
1384 1039 1515 1103 ἀπὸ
1571 1043 1689 1104 τοῦ
1747 1038 2021 1122 ἀρηγός,
2081 1038 2223 1102 (Ξιλλ>
2276 1037 2435 1102 αὐτὸ
2492 1037 2611 1102 ἀπ’
2668 1035 2934 1100 ἐκείνου.
3021 1034 3096 1098 τὸ
3154 1035 3228 1097 δὲ

627 1141 1012 1223 κεκλήγω,
1081 1141 1134 1223 ᾧ
1196 1140 1556 1205 ἀκόλουθός
1618 1142 1854 1219 μετοχὴ
1908 1141 1947 1218 ἡ
2005 1141 2331 1218 κεκλήγων
2397 1138 2831 1219 βαρυνομένη,
2898 1136 3084 1200 ἔνθεν
3148 1135 3226 1199 τὸ

628 1241 1045 1320 κεκλήγοντες
1090 1242 1185 1323 (Μ
1239 1240 1415 1325 125),
1458 1243 1562 1306 καὶ
1603 1242 2012 1323 πεπλήγω,
2069 1240 2258 1306 ἔνθεν
2302 1242 2377 1304 τὸ
2425 1239 2837 1322 «ἐπέπληγον
2881 1237 3079 1301 πόδες
3119 1235 3225 1300 ἵπ-

627 1364 814 1407 πων»
870 1340 975 1425 (ΙΙ.
1035 1342 1078 1405 Ε
1132 1340 1287 1423 504)
1344 1348 1691 1422 ποιητικῶς
1747 1343 2134 1422 βαρύνονται
2200 1341 2332 1406 ἀπὸ
2387 1346 2521 1405 τῶν
2577 1339 3060 1420 παρακειμένων
3120 1357 3226 1412 γε-

530 1448 597 1500 10
631 1444 892 1520 γονότα.
2619 1516 2627 1524 .
3091 1457 3098 1474 “

705 1575 711 1581 ·
798 1546 892 1610 Τὰ
938 1544 1026 1609 εἰς
1067 1547 1172 1620 ³?OE
1217 1545 1727 1626 ὑπερδιςύλλαβα
1769 1551 1862 1630 τῷ
1910 1549 1951 1609 ἃ
1994 1546 2496 1625 παραληγόμενα
2525 1546 2899 1622 περιςπᾶται
2939 1543 3021 1621 μὴ
3066 1539 3229 1605 ὄντα

628 1647 896 1711 ςύνθετα
937 1646 1114 1725 παρὰ
1157 1647 1457 1725 πρόθεςιν
1504 1650 1902 1729 ςμαραγῶ,
1947 1651 2347 1728 πλαταγῶ,
2394 1649 2730 1720 λαλαγῶ.
2795 1645 2898 1709 καὶ
2940 1643 3225 1707 καθόλου

627 1749 708 1812 τὰ
736 1746 825 1812 εἰς
854 1749 993 1822 ’ἀγ-ω
1024 1750 1429 1830 περιςπᾶται,
1474 1748 1632 1822 ἀγῶ
1681 1748 1865 1812 «εὖτ’
1909 1749 1989 1814 ἂν
2020 1749 2165 1813 τόδ’
2195 1747 2322 1831 ἀγᾷ
2351 1747 2543 1826 χρέος
2585 1745 2902 1828 ἀνδρός»,
2946 1765 3137 1823 τραγ
3152 1748 3226 1807 ὣ.

628 1849 705 1913 τὸ
760 1850 832 1912 δὲ
896 1847 1058 1925 ἄγω
1118 1848 1454 1927 βαρύνεται
1519 1850 1622 1912 καὶ
1677 1851 1755 1913 τὰ
1811 1849 1932 1914 ἀπ’
1989 1850 2190 1915 αὐτοῦ
2250 1850 2518 1914 ςύνθετα
2580 1848 2860 1929 διάγω,
2927 1845 3227 1926 ἀνάγω,

526 1954 590 2004 15
626 1948 964 2042 κατάγω,
1009 1949 1366 2033 παράγω,
1413 1950 1751 2033 μετάγω,
1812 1950 2130 2034 εἰςάγω,
2177 1950 2466 2034 ἐνάγω,
2512 1949 2794 2030 ἐξάγω,
2825 1947 3229 2027 προςάγω,

626 2051 980 2133 προάγω,
1026 2051 1352 2127 ςυνάγω.
2921 2062 2998 2125 ,ᾖ

796 2153 890 2217 Τὰ
934 2151 1024 2215 εἰς
1068 2155 1166 2226 ’γῖῶ
1213 2155 1293 2231 μὴ
1337 2153 1693 2233 παρώνυμα
1747 2153 1787 2231 ἢ
1844 2155 2003 2218 κατὰ
2057 2155 2454 2232 παραγωγὴν
2496 2153 2805 2232 γινόμενα
2854 2151 2986 2215 ἀπὸ
3035 2154 3226 2229 βαρυ-

625 2253 824 2319 τόνου
872 2253 1289 2336 βαρύνονται,
1346 2252 1544 2318 ὁπότε
1602 2257 1682 2333 μὴ
1728 2256 1893 2333 πρὸς
1937 2257 2277 2333 διαςτολὴν
2323 2255 2890 2334 παραλαμβάνοιτο
2936 2252 2975 2329 ἢ
3019 2271 3226 2329 παρα-

628 2355 889 2433 λήγοιτο
954 2359 1048 2438 τῷ
1116 2358 1157 2432 ῆ
1209 2355 1248 2433 ἢ
1315 2360 1408 2440 τῷ
1467 2359 1540 2438 ἆ,
1605 2357 1857 2439 ψέγω,
1924 2357 2225 2439 φλέγω,
2293 2356 2528 2439 λέγω,
2596 2354 2865 2436 εἴργω,
2933 2353 3226 2433 πνίγω,

521 2463 592 2515 20
624 2454 962 2538 ἀμέλγω,
1007 2454 1296 2538 ἀλέγω,
1343 2456 1615 2536 ὀρέγω.
1704 2457 2065 2534 πρόςκειται
2113 2458 2234 2537 «μὴ
2279 2459 2677 2536 παρώνυμα»
2736 2455 2842 2519 διὰ
2896 2454 2973 2518 τὸ
3021 2453 3223 2531 τρύγη

602 2561 911 2640 ,τρυγῶ,
956 2556 1156 2634 ἄλγος
1200 2557 1444 2640 ἀλγῶ,
1489 2558 1625 2636 ςιγή
1673 2564 1891 2642 ςιγῶ,
1937 2559 2119 2638 ῥῖγος
2165 2553 2408 2636 ῥιγῶ·
2466 2560 2589 2638 «μὴ
2641 2556 2772 2622 ἀπὸ
2819 2555 3221 2636 βαρυτόνου»

626 2661 698 2724 δὲ
756 2658 1098 2740 «ῥήματος,
1134 2660 1582 2738 παραχθέντα»
1641 2660 1745 2723 διὰ
1798 2661 1875 2725 τὸ
1933 2661 2100 2736 λέγω
2159 2660 2440 2735 ἀλογῶ.
2541 2661 2665 2738 «μὴ
2723 2659 2889 2738 πρὸς
2945 2656 3224 2720 ἀντιδια-

627 2761 901 2839 ςτολὴν»
948 2759 1306 2838 πρόςκειται
1352 2760 1457 2825 διὰ
1497 2762 1574 2827 τὸ
1619 2760 1801 2838 ἄγω
1828 2764 1933 2828 καὶ
1974 2760 2137 2840 ἀγῶ
2182 2761 2258 2827 τὸ
2302 2762 2848 2843 καταπλήττομαι,
2906 2758 2969 2826 ἐξ
3016 2755 3095 2822 οὗ
3146 2756 3225 2821 τὸ

584 3094 604 3106 .
627 3048 707 3102 εἰς
741 3052 827 3112 γ-ιυ
864 3048 1115 3114 λήγοντα
1151 3048 1375 3114 ῥήματα
1411 3048 1656 3114 ὁριςτικὰ
1692 3048 2016 3114 διςύλλαβα,
2065 3047 2114 3102 εἰ
2149 3049 2537 3116 παραλήγοιτο
2571 3052 2657 3114 τῷ
2693 3051 2757 3114 ἦ,
2806 3048 2956 3099 θέλει
2994 3046 3223 3111 βαρύνε-

628 3120 774 3182 ςθαι,
831 3117 1018 3182 θήγω,
1067 3116 1254 3182 λήγω,
1300 3118 1519 3182 τμήγω.
1587 3117 1658 3168 τὸ
1711 3117 1773 3169 δὲ
1817 3118 1944 3182 ἡγῶ
1993 3121 2352 3183 περιςπᾶται,
2402 3117 2567 3169 ἔνθεν
2610 3116 2681 3167 τὸ
2726 3115 2985 3179 ἡγοῦμαι.
3054 3113 3124 3165 τὸ
3160 3112 3224 3164 δὲ
3260 3125 3270 3134 ·

627 3184 807 3236 αἴτιον
846 3184 1134 3250 πρόδηλον
1169 3201 1246 3235 sc.
1282 3191 1345 3235 ut
1383 3189 1463 3235 ait
1500 3186 1789 3248 Lem-sius,
1829 3185 1975 3251 quod
2012 3184 2384 3250 προκείμενον
2421 3186 2588 3235 habet
2623 3185 2850 3236 verbum
2882 3184 2970 3233 vel
3006 3198 3223 3243 nomen,

626 3259 929 3317 praeeunte
968 3254 1104 3303 Lob.
1144 3252 1334 3303 Rham.
1372 3255 1493 3316 151,
1534 3254 1633 3303 sed
1668 3259 1852 3319 potest
1886 3255 2056 3304 etiam
2093 3253 2394 3303 secundum
2430 3254 2576 3303 hunc
2611 3252 2787 3303 locum
2832 3251 3018 3317 «quod
3055 3266 3088 3299 a
3127 3265 3226 3300 vo-

630 3321 741 3370 cali
776 3320 1035 3385 incipit».
1060 3346 1126 3356 -·
1160 3317 1355 3383 (μήγω
1392 3318 1462 3370 τὸ
1498 3318 1748 3384 καθαίρω
1787 3322 1846 3370 in
1881 3322 1983 3371 An.
2009 3321 2111 3371 Ox.
2135 3322 2191 3371 11
2215 3324 2341 3382 319,
2369 3322 2399 3371 ‘1
2435 3320 2694 3371 ficticium
2731 3335 2854 3371 esse
2891 3334 2988 3384 pro
3026 3316 3223 3380 ςμήχω

628 3388 793 3438 docet
830 3388 967 3438 Lob.
1006 3387 1196 3438 Rhem.
1237 3404 1287 3452 p.
1323 3390 1405 3439 50.
1575 3389 1611 3443 1.
1642 3394 1674 3439 3
1711 3404 1808 3453 pro
1843 3388 2106 3439 librorum
2141 3389 2415 3454 scriptura
2451 3388 2690 3439 ςύνθετα
2726 3387 2815 3438 διὰ
2844 3386 2934 3452 (A)
2973 3386 3064 3436 vel
3099 3384 3224 3435 ςύν-

626 3455 764 3506 θετα
799 3453 860 3505 δὲ
895 3453 983 3507 διὰ
1020 3454 1087 3517 (Β
1114 3454 1180 3518 C)
1206 3456 1562 3522 Theognosto
1597 3456 1845 3506 consulto
1885 3459 1982 3507 138
1996 3476 2018 3514 ;·
2045 3458 2109 3505 21
2146 3455 2219 3506 τὰ
2256 3452 2334 3507 εἰς
2370 3458 2458 3518 Ῠῑῦ
2493 3455 2745 3519 λήγοντα
2781 3453 2926 3518 ὑπὲρ
2961 3452 3062 3503 δύο
3097 3452 3224 3503 ςυλ-

629 3520 799 3583 λαβάς
838 3521 1264 3587 περιςπώμενα,
1301 3522 1372 3574 τὸ
1407 3526 1442 3588 ἦ
1479 3522 1896 3588 παραλήγεται,
1935 3523 2141 3586 ἔχοντα
2179 3522 2358 3586 ὄνομα
2395 3521 2792 3588 προκατάρχον
2836 3520 3107 3573 ςύνθετον
3142 3517 3224 3571 εἰς

627 3592 725 3650 ⁸To‘f:
760 3589 830 3640 τὸ
866 3592 900 3653 ἦ
939 3589 1413 3654 παραληγόμενον
1448 3591 1675 3641 exhibui
1710 3607 1852 3656 quae
1892 3591 2046 3653 dedi,
2085 3597 2217 3641 ante
2255 3590 2493 3642 ςύνθετα
2531 3592 2752 3641 insertis
2789 3590 2978 3641 vorbis
3011 3586 3217 3651 ἔχοντα

627 3656 881 3719 ὀνόματα
929 3655 1412 3722 προκατάρχοντα.
1651 3659 1687 3711 l.
1734 3661 1763 3709 7
1809 3658 2072 3723 κεκλήγω
2118 3664 2176 3709 et
2221 3656 2501 3722 πεπλήγω
2559 3657 2778 3722 explevi
2832 3672 2900 3707 ex
2944 3655 3008 3706 Il.
3059 3657 3215 3705 ProS.

629 3723 686 3775 Μ
728 3727 848 3775 125:
888 3723 1261 3788 κεκλήγοντες
1299 3724 1378 3777 ὡς
1415 3723 1740 3790 ἀρήγοντες.
1810 3726 1879 3777 οὐ
1917 3726 2024 3791 γὰρ
2058 3724 2128 3777 τὸ
2166 3725 2506 3790 κεκληγότες
2542 3723 2850 3777 ἐπλεόναςε
2896 3726 2982 3789 τῷ
3018 3723 3052 3772 V
3088 3720 3224 3772 οὐδὲ

628 3790 781 3855 παρὰ
815 3790 885 3842 τὸ
922 3791 1094 3844 «ὀξέα
1130 3792 1467 3858 κεκληγώς»
1505 3795 1594 3857 (11.
1633 3792 1672 3845 Β
1710 3794 1832 3859 222)
1870 3792 2096 3859 ἐκλίθη,
2143 3792 2287 3845 ἀλλὰ
2332 3793 2484 3858 παρὰ
2528 3792 2598 3845 τὸ
2635 3792 2879 3856 κέκληγα
2915 3790 3153 3854 γέγονεν
3187 3788 3222 3839 ὁ

629 3858 996 3922 (υρακούςιος
1042 3859 1283 3912 ἐνεςτὼς
1330 3860 1591 3925 κεκλήγω
1639 3859 1718 3913 ὡς
1765 3861 1918 3926 παρὰ
1961 3862 2032 3912 τὸ
2077 3859 2273 3922 ἄνωγα
2320 3859 2556 3924 ἀνώγω,
2602 3859 2871 3925 πέπληγα
2920 3856 3222 3920 πεπλήγω,

627 3927 790 3978 ἔνθεν
824 3955 891 3963 -
923 3926 1138 3979 ἵππων.
1192 3926 1502 3980 ἀκόλουθος
1537 3927 1597 3980 δὲ
1632 3931 1718 3993 τῷ
1756 3928 2019 3993 κεκλήγω
2057 3929 2265 3993 μετοχὴ
2304 3929 2422 3979 κτλ.
2559 3929 2597 3979 l.
2634 3932 2697 3978 12
2735 3928 2826 3978 καὶ
2865 3924 3112 3977 καθόλου
3149 3922 3223 3975 τὰ

628 3992 710 4073 εἰς
745 3999 867 4058 ffffi
912 4012 979 4047 ex
1003 3999 1242 4079 Jmscar.
1284 3999 1406 4061 166,
1443 4000 1509 4047 27
1547 3998 1705 4062 posui
1750 4013 1849 4063 pro
1883 3998 2112 4078 Atym-lii
2145 3998 2333 4079 vein-bis
2367 3980 2751 4077 xalfflaeqxou
2795 3994 2868 4077 τὰ
2913 3993 3117 4074 ἔχοντα
3151 3990 3222 4041 τὸ

626 4062 1403 4194 ἶὲιῖζῗο,ἀὲζωΜὲἓῗ’2ἔ’,οῗὶ
1426 4065 1656 4183 {33223
1670 4082 1720 4182 ξ’·
1733 4062 2228 4194 ᾱῖᾒῗοῗὲἒένάἔιΐ
2252 4062 2956 4195 Ῠέῑὲἒιεὲἰιὲὸωέἓέἑρὸῗ
2972 4060 3225 4179 δῖ’ἑὲἷὶἷὲἷ

576 4262 583 4266 ,
628 4199 729 4261 βον
766 4197 1063 4262 βαρύνεται
1099 4198 1191 4249 καὶ
1227 4197 1340 4264 πρὸ
1375 4197 1574 4251 τέλους
1599 4198 1713 4264 ἔχει
1747 4198 2008 4264 δίχρονον
2035 4196 2472 4260 ςυνεςταλμένον
2508 4198 2652 4250 κατὰ
2687 4200 2878 4262 χρῆςιν
2914 4194 3219 4259 Ἑλλήνων,

624 4265 697 4318 τὰ
732 4267 793 4318 δὲ
827 4265 970 4318 ὄντα
1005 4269 1337 4330 περιςπᾶται
1379 4268 1604 4331 τραγῶ,
1652 4270 1868 4331 ςτυγῶ,
1908 4269 2152 4331 ςφριγῶ.·
2211 4265 2514 4331 ςημειῶδες
2560 4264 2668 4330 ἄρα
2711 4263 2782 4315 τὸ
2828 4262 2950 4326 ἄγω
2990 4260 3221 4327 βαρυνό-

629 4348 800 4396 μενον
837 4333 942 4397 οὐχ
978 4333 1167 4396 ὑγιῶς.
1236 4332 1350 4386 ἔςτι
1385 4334 1491 4399 γὰρ
1527 4334 1619 4386 καὶ
1655 4334 2088 4399 περιςπώμενον
2122 4334 2216 4385 ἐπὶ
2250 4333 2515 4399 δευτέρας
2552 4331 2804 4395 ςυζυγίας
2840 4330 3014 4382 «εὖτ’
3049 4329 3118 4380 ἂν
3155 4355 3223 4366 -

626 4400 883 4467 ἀνδρός».
946 4400 1266 4465 πρόςκειται
1301 4401 1550 4466 καθαρὸν
1586 4401 1676 4454 διὰ
1708 4402 1779 4454 τὸ
1806 4401 2010 4466 μίςγω,
2049 4401 2492 4464 ςυςτελλόμενον
2516 4400 2775 4465 δίχρονον
2800 4398 2889 4450 διὰ
2912 4398 2983 4449 τὸ
3014 4394 3219 4461 πνίγω,

627 4470 769 4521 κατὰ
813 4471 1005 4534 χρῆςιν
1049 4468 1111 4520 δὲ
1157 4469 1468 4533 λεγόμενον
1513 4467 1799 4533 Ἑλλήνων
1844 4470 1933 4522 διὰ
1967 4464 2042 4521 τό
2074 4468 2238 4533 θίγω·
2282 4473 2387 4521 τοῦ
2434 4468 2540 4534 γὰρ
2586 4467 2722 4521 θίξω
2770 4466 2921 4519 ἔςται
2965 4466 3035 4517 τὸ
3079 4464 3225 4526 θέμα

624 4540 827 4602 τοῦτο,
874 4534 999 4587 ἀλλ’
1034 4534 1101 4586 οὐ
1140 4535 1387 4601 λέγεται,
1434 4536 1658 4600 λέγεται
1703 4538 1764 4589 δὲ
1800 4536 2194 4590 ὑποτακτικῶς
2242 4536 2387 4589 κατὰ
2429 4536 2536 4588 τὸν
2580 4535 2840 4600 ἀόριςτον
2876 4533 3082 4599 χρόνον
3119 4531 3223 4583 ἐὰν

627 4604 786 4668 θίγω.
855 4605 942 4657 διὸ
980 4603 1407 4670 προςεθήκαμεν
1443 4605 1736 4670 ὁριςτικόν.
1772 4634 1839 4643 -
1883 4607 1968 4657 Ex
2013 4607 2116 4657 hoc
2157 4606 2275 4657 loco
2313 4606 2486 4656 etiam
2531 4621 2630 4670 pro
2672 4604 2941 4666 παταγῶ,
2989 4601 3075 4651 cui
3111 4600 3221 4650 Lo-

626 4674 786 4726 beck.
822 4674 1055 4737 ςπαργῶ
1094 4675 1434 4725 substituere
1480 4673 1599 4724 vult
1633 4675 1823 4726 Rhem.
1860 4678 1925 4726 49
1969 4679 2082 4725 not.
2123 4677 2177 4737 1,
2217 4675 2375 4738 posui
2419 4674 2629 4737 τραγῶ.
2699 4672 2769 4722 cf.
2808 4671 3003 4720 Choer.
3040 4668 3220 4733 Epim.

625 4741 683 4791 in
718 4741 921 4792 Psalm.
960 4743 1045 4803 73,
1082 4744 1164 4792 33.
1202 4768 1265 4778 —
1311 4743 1612 4806 composita
1656 4741 1896 4806 παράγω
1933 4757 2107 4807 usque
2155 4741 2227 4792 ad
2272 4740 2431 4792 finem
2476 4740 2672 4791 addidi
2717 4755 2786 4791 ex
2831 4739 3061 4790 Lascar.
3098 4736 3136 4785 Ι.
3172 4752 3222 4785 e.

760 4809 796 4859 l.
836 4812 898 4860 19
935 4825 1033 4875 pro
1068 4806 1241 4873 εἷργω
1278 4809 1505 4860 Lascar.
1545 4812 1660 4873 167,
1700 4813 1724 4860 1
1765 4812 2002 4876 praebet
2036 4807 2230 4873 εἵργω.
