3664 5546
637 404 967 456 xxxxvm
1441 448 1452 456 ,
1715 400 2135 453 PRAEFATIO.

633 561 1024 642 iunetivam‚
1084 560 1187 624 cui
1233 581 1466 625 nomen
1513 568 1612 624 est
1656 560 2121 643 ὑποδιαετολή,
2177 558 2518 642 ignorasse
2563 568 2627 624 et
2669 560 3061 647 posteriores
3107 558 3218 625 de-

631 684 808 725 mum
851 663 1315 746 grammaticos
1357 662 1440 725 iis
1485 682 1640 726 usos
1672 682 1815 725 esse
1846 670 1997 747 post
2025 659 2609 726 Fricdlaenderum
2639 662 2835 728 Proll.
2867 662 2954 727 ad
2984 663 3215 728 Nican.

631 784 696 849 p.
743 763 826 826 99
870 784 1048 848 seqq.
1095 784 1426 849 exponere
1470 761 1645 825 haud
1690 783 1854 848 opus
1901 770 2021 827 est.
2114 762 2408 827 Transeo
2451 764 2654 848 igitur
2698 764 2778 828 ad
2826 786 2961 828 rem
3006 766 3216 851 ipsam

631 863 1115 949 explicandam.

1097 1054 1151 1116 1.
1235 1061 1335 1116 De
1377 1059 1734 1117 verborum
1777 1072 1937 1116 cum
1976 1058 2199 1116 verbis
2244 1059 2740 1117 coniunctione.

800 1170 880 1235 In
936 1168 1014 1233 11.
1073 1169 1257 1235 ProS.
1313 1173 1359 1235 Β
1406 1172 1444 1233 8
1498 1169 1739 1234 refellit
1796 1169 2214 1234 Herodianus
2270 1171 2787 1256 Tyrannionem,
2853 1172 2967 1259 qui
3034 1173 3216 1254 βά(κ’

629 1270 713 1337 ἴθι
759 1271 884 1352 ὑφ’
928 1271 999 1338 ἕν
1045 1272 1247 1336 scribi
1292 1272 1529 1350 voluit,
1575 1280 1648 1335 ut
1692 1272 1900 1355 ἄπιθι,
1945 1272 2201 1337 duobus
2236 1273 2636 1356 argumentis
2649 1320 2667 1354 ,
2712 1273 2999 1358 primum
3040 1274 3216 1361 quod

629 1372 833 1437 verba
874 1373 942 1435 in
986 1377 1054 1452 Ῑιῖ
1100 1375 1407 1438 exeuntia
1449 1395 1596 1437 cum
1626 1373 2112 1459 praepositione
2143 1383 2654 1459 componantur,
2701 1396 2847 1439 cum
2892 1374 3038 1439 aliis
3069 1398 3214 1461 par-

630 1473 805 1539 tibus
851 1475 1164 1541 orationis
1223 1496 1353 1538 non
1407 1475 1595 1556 item,
1651 1484 1790 1538 tum
1845 1474 2023 1560 quod
2078 1496 2210 1539 vox
2264 1475 2333 1538 in
2386 1478 2422 1540 R
2475 1475 2826 1541 terminata
2880 1477 2949 1540 in
3002 1477 3216 1563 prima

629 1576 970 1661 compositi
1023 1586 1211 1663 parte
1268 1575 1482 1641 locum
1539 1598 1671 1640 non
1735 1574 1998 1649 habeat.
2084 1575 2265 1641 Nihil
2328 1577 2530 1660 igitur
2594 1578 2721 1640 nisi
2783 1576 3212 1661 tautologiam

629 1675 1063 1762 emphaticam
1109 1699 1254 1741 esse
1301 1678 1477 1759 βά(κ’
1531 1678 1617 1742 ἴθι
1663 1677 1975 1756 affirmat,
2033 1676 2311 1741 similem
2366 1676 2495 1741 illis
2551 1676 2945 1743 dictionibus
2993 1680 3212 1744 «ἔλθοι

629 1780 730 1843 καὶ
771 1779 1015 1844 ἵκοιτο»
1074 1780 1233 1844 ἔποε
1276 1781 1340 1843 τ’
1394 1780 1588 1859 ἔφατ’
1633 1780 1704 1845 ἔκ
1746 1780 1812 1845 τ’
1856 1779 2191 1858 ὀνόμαζεν.
2284 1779 2580 1843 Transiit
2627 1778 2749 1844 hoc
2791 1788 3212 1866 praeceptum

628 1878 699 1941 in
753 1879 862 1943 Et.
909 1879 1090 1944 Gud.
1141 1880 1293 1961 105,
1339 1881 1425 1942 40
1479 1889 1545 1944 et
1598 1880 1709 1945 Et.
1763 1879 1986 1965 Magn.
2039 1879 2190 1961 190,
2235 1880 2351 1962 34,
2408 1880 2524 1945 ubi
2578 1889 2798 1945 tamen
2853 1880 3211 1945 secundum

629 1989 1085 2064 argumentum
1132 2001 1516 2067 perversum
1560 1991 1679 2046 est.

991 2176 1081 2232 11.
1166 2174 1268 2232 De
1308 2175 1662 2232 nominum
1706 2188 1864 2232 cum
1906 2174 2296 2232 nominibus
2338 2176 2845 2246 compositione.

795 2284 904 2349 Ad
949 2283 1028 2349 Il.
1076 2287 1128 2351 Θ
1171 2286 1293 2351 527
1348 2285 1669 2373 praecipit
1725 2284 2171 2350 Herodianus:
2233 2287 2549 2353 οὐδέποτε
2605 2290 2821 2367 δοτικὴ
2878 2288 3210 2352 ἑπεκτετα-

628 2386 783 2465 μένη
827 2389 972 2451 κατ’
1015 2388 1219 2466 ἀρχὴν
1265 2390 1643 2454 ευντέθειται
1689 2396 1754 2452 et
1784 2386 1918 2451 dici
1947 2386 2207 2473 quidem
2238 2409 2431 2474 posse
2462 2390 2886 2468 παειμὲλουεα
2919 2387 3074 2470 (Od.
3111 2388 3209 2467 12,

629 2488 771 2572 70),
829 2508 959 2551 non
1013 2509 1172 2552 vero
1229 2490 1523 2555 πάντεεει
1567 2488 1904 2575 componi,
1961 2497 2359 2575 quapropter
2414 2490 2737 2575 scriptura
2781 2488 3210 2554 Aristarchea

627 2591 1202 2668 κηρεεειφορήτουε
1245 2591 1550 2676 quamvis
1594 2588 1894 2677 pluribus
1940 2590 2246 2675 probata,
2299 2591 2469 2676 quod
2515 2599 2709 2675 poeta
2753 2591 2820 2653 in
2866 2592 2980 2657 οὓς
3023 2595 3208 2669 κῆρε(

629 2694 936 2771 φορέουει
982 2690 1326 2772 solvisset,
1381 2701 1456 2756 ut
1507 2713 1773 2756 normae
1817 2693 2149 2756 contraria
2191 2691 2710 2779 reprehenditur.
2801 2692 2997 2773 Quod
3052 2713 3207 2757 vero

625 2792 812 2857 addit
865 2793 931 2856 in
987 2792 1118 2856 fine
1173 2794 1660 2879 compositionis
1718 2803 1975 2857 auctam
2034 2792 2243 2858 dativi
2312 2787 2589 2857 formam
2654 2793 2960 2880 usurpari
3015 2793 3210 2857 licere

625 2903 892 2980 propter
934 2892 1318 2979 Epicharmi
1361 2897 1906 2979 γυναικάνδρεεει,
1953 2915 2035 2957 ne
2078 2895 2146 2958 id
2189 2893 2455 2980 quidem
2498 2897 2963 2982 compositum,
3009 2895 3125 2959 sed
3168 2916 3211 2958 a

622 2995 1023 3060 nominativo
1067 2997 1324 3082 poetice
1367 2995 1522 3061 ficto
1553 2998 2008 3075 γυναίκανδρεε
2040 2993 2439 3060 declinatum
2470 3018 2615 3060 esse
2645 2998 2819 3062 Lob:
2844 2995 3048 3061 Elem.
3081 2995 3209 3060 555

622 3097 927 3162 ostendit.

795 3200 843 3263 Ν
890 3197 1017 3263 390
1075 3199 1284 3279 οὔρει-ι
1340 3202 1634 3266 τέκτονες
1688 3197 1945 3265 Niciam
2011 3199 2133 3279 ὑφ’
2191 3199 2262 3265 ἕν
2320 3199 2714 3265 scribentem
2767 3208 2947 3264 notat
3002 3197 3209 3264 Hero-

622 3302 855 3367 dianus
900 3300 1182 3388 primum
1239 3301 1416 3387 quod
1472 3310 1609 3364 tum
1665 3300 1865 3364 etiam
1911 3301 2122 3380 οὔρεα
2179 3302 2480 3382 βουκόλοι
2526 3301 2712 3387 (571)
2759 3301 3049 3388 copulari
3094 3299 3204 3364 de-

621 3403 776 3470 beat
818 3412 884 3468 et
926 3412 1266 3489 praeterea
1295 3401 1471 3488 quod
1499 3401 1894 3485 significatio
1926 3401 2301 3487 prohibeat,
2348 3425 2545 3489 quum
2576 3403 3005 3488 compositum
3048 3404 3203 3468 τοὺ(

620 3503 741 3584 ὄρη
796 3505 1364 3572 καταεκευάζοντεε
1420 3502 1934 3586 significaturum
1992 3514 2185 3569 esset.
2275 3501 2470 3585 Quod
2529 3526 2918 3590 quamquam
2975 3525 3204 3569 verum

621 3627 753 3670 non
797 3627 941 3670 esse
983 3603 1362 3671 Lobeckius
1408 3602 1556 3667 aliis
1601 3604 1981 3690 compositis
2026 3605 2390 3689 ὑληκοίτηε,
2448 3605 2850 3687 ἀετυβοώτη(
2893 3601 3203 3684 ostendit,

620 3717 839 3770 tamen
884 3689 1407 3771 coniunctionem
1451 3726 1582 3769 non
1625 3707 2061 3770 necessariam
2106 3728 2249 3771 esse
2293 3706 2613 3771 concedit.
2703 3706 2807 3772 Cf.
2850 3708 2914 3773 Π
2955 3706 3102 3771 483.

791 3807 923 3872 Sed
973 3809 1383 3874 ναυεικλυτόε
1439 3807 1859 3871 scribendum
1916 3829 2060 3872 esse
2113 3830 2199 3873 ex
2252 3829 2329 3872 eo
2372 3828 2691 3895 apparere
2747 3807 2953 3873 tradit
2997 3805 3201 3871 Hero-

623 3909 885 3991 dianus,
933 3909 1106 3995 quod
1152 3908 1416 3975 dativus
1463 3907 1559 3971 sic
1602 3908 1778 3993 apud
1823 3909 2184 3974 Homerum
2228 3932 2361 3974 non
2402 3909 2808 3995 proferatur,
2864 3907 2981 3972 sed
3025 3910 3202 3988 νηυεί

623 4009 727 4077 vel
771 4013 968 4076 νέεεει
1013 4013 1102 4075 sit
1145 4009 1230 4073 ad
1277 4011 1323 4075 Κ
1358 4008 1498 4072 109.
1576 4008 1924 4074 Caeterum
1965 4011 2033 4072 in
2080 4009 2297 4075 schol.
2343 4010 2429 4075 ad
2472 4009 2600 4075 Od.
2631 4033 2672 4075 α
2715 4011 2800 4074 30
2840 4009 2965 4074 hoc
3008 4031 3202 4074 voca-

621 4113 846 4177 bulum
891 4112 1151 4197 excepit
1196 4132 1281 4175 ex
1324 4133 1402 4174 ea
1443 4132 1706 4193 norma,
1763 4133 1894 4198 qua
1947 4132 1985 4174 a
2041 4111 2267 4177 κλυτός
2312 4132 2461 4174 cum
2515 4111 2893 4178 nominibus
2946 4131 3201 4196 compo·

621 4217 747 4278 sita
805 4223 879 4278 ut
934 4213 1315 4280 τοξόκλυτος
1381 4212 1818 4292 ὀνομάκλυτοζ
1883 4213 2209 4299 barytona
2275 4213 2435 4296 sint;
2500 4215 2685 4293 δουρὶ
2748 4215 2977 4279 κλυτὸς
3040 4233 3199 4277 vero

619 4325 890 4403 propter
942 4313 1330 4399 oxytonesin
1387 4314 1454 4376 in
1510 4314 1675 4379 duas
1729 4335 1926 4379 voces
1990 4313 2264 4379 dissolvi
2328 4313 2543 4378 iubet:
2610 4314 3049 4395 ὀνομάκλυτος
3115 4312 3199 4377 ad

621 4418 673 4482 Χ
716 4416 791 4480 51
855 4436 1000 4479 cum
1059 4413 1443 4481 Aristarcho
1499 4417 1622 4481 sub
1675 4439 1805 4482 uno
1863 4425 2140 4480 accentu
2196 4413 2393 4479 scribi
2448 4414 2625 4496 vult,
2694 4415 2811 4480 sed
2868 4415 2937 4479 in
2992 4413 3119 4481 Od.
3164 4437 3201 4481 τ

623 4518 743 4582 183
788 4518 928 4597 ἐμοὶ
972 4517 1042 4580 δ’
1083 4515 1294 4597 ὄνομα
1347 4519 1576 4584 κλυτὸς
1626 4518 1867 4602 Αἴθων,
1923 4516 2039 4581 ubi
2083 4537 2255 4580 nunc
2298 4514 2507 4596 ὄνομα
2549 4519 2782 4584 κλυτὸν
2828 4527 3068 4598 exstat,
3112 4517 3199 4581 ob

622 4615 1009 4682 sententiam
1052 4617 1541 4684 dissolvendum
1595 4639 1737 4682 esse
1780 4618 1923 4681 iure
1965 4617 2325 4681 existimat.
2412 4619 2470 4682 Φ
2512 4618 2633 4682 301
2691 4619 2799 4684 δαῒ
2840 4621 3196 4700 κταμένωνῑ

621 4718 884 4798 ἄμεινον
950 4721 1109 4784 κατὰ
1174 4722 1460 4786 διάλυειν
1526 4721 1617 4785 ὡ(
1690 4719 1838 4798 ἄρηϊ
1907 4719 2235 4798 κταμένων
2303 4720 2472 4803 (-ῳ
2530 4721 2579 4785 Χ
2638 4718 2748 4803 72)
2814 4720 3008 4786 οὐδὲν
3072 4721 3197 4798 γὰρ

621 4819 824 4894 πλέον
879 4819 949 4886 ἐκ
993 4825 1102 4904 τῆς
1151 4823 1499 4889 (υνθέεεωε
1543 4817 1962 4884 Herodianus
2021 4816 2519 4884 dissolutionem
2561 4830 2937 4906 praeoptat,
2997 4841 3195 4907 quum
