3664 5546
671 380 758 444 50
1605 379 1687 433 ΕΚ
1724 379 1866 433 ΤΩΝ
1909 380 2316 436 ΗΡΩΔΙΑΝΟΥ

671 550 1046 633 Ἰοβάκχοις,
1091 549 1252 627 ὅπερ
1298 549 1732 614 ἀποκέκοπται
1777 554 1893 615 τοῦ
1924 551 2379 630 χρυςοέθειρος.
2434 552 2497 616 οἱ
2542 552 2757 632 μέντοι
2790 554 3061 618 Βοιωτοὶ
3090 557 3251 619 πολ-

672 654 788 732 λὴν
831 652 988 718 ἴςαςι
1031 653 1148 730 τὴν
1192 656 1289 730 ἐιρ
1332 652 1698 733 κατάληξιν,
1760 654 1918 718 καθὸ
1972 654 2132 733 παρ’
2176 654 2397 719 αὐτοῖς
2441 652 2626 718 εἴωθε
2682 657 2756 719 τὸ
2802 660 2839 732 ἦ
2898 654 2986 719 εἰς
3036 657 3152 734 τὴν
3199 659 3253 719 ε”ι

670 755 1027 835 δίφθογγον
1058 754 1414 832 τρέπεςθαι·
1471 755 1547 819 τὸ
1591 756 1714 833 γὰρ
1745 754 1941 833 πένης
1984 756 2198 821 πένεις
2241 757 2555 836 γράφουςι
2602 758 2708 821 διὰ
2747 761 2859 835 τῆς
2902 760 2956 821 εἶ
2987 758 3253 837 διφθόγ-

667 878 788 933 γου
831 859 935 922 καὶ
976 856 1053 921 τὸ
1098 856 1306 935 πατήρ
1362 858 1465 921 καὶ
1517 857 1717 935 μήτηρ
1761 858 1923 935 παρ’
1978 859 2126 937 ἡμῖν
2183 861 2297 939 μὲν
2353 859 2457 923 διὰ
2512 864 2627 924 τοῦ
2682 861 2755 941 ἦ,
2810 860 2971 937 παρ’
3029 859 3253 924 αὐτοῖς

595 966 629 1016 5
664 961 735 1024 δὲ
781 959 885 1024 διὰ
928 963 1041 1038 τῆς
1083 962 1137 1023 ῖι
1185 958 1559 1038 διφθόγγου.

1166 1147 1358 1225 Περὶ
1402 1151 1555 1212 τῶν
1601 1146 1706 1212 εἰς
1750 1150 1836 1210 ἇῖ
1882 1147 2074 1226 ὑπὲρ
2119 1147 2294 1228 μίαν
2340 1147 2745 1228 ςυλλαβήν.

819 1299 928 1371 [Τὰ
971 1299 1058 1364 είς
1101 1304 1177 1363 (ῖς
1223 1300 1382 1378 ὑπὲρ
1428 1300 1572 1381 μίαν
1619 1303 1934 1382 ςυλλαβὴν
1981 1300 2397 1381 ἐκτεταμένον
2442 1300 2679 1379 ἔχοντα
2708 1302 2783 1365 τὸ
2830 1302 2870 1363 ἇ
2908 1301 3247 1380 βαρύνεται

663 1402 766 1467 καὶ
808 1405 1194 1480 περιςπᾶται.
1283 1403 1386 1468 καὶ
1431 1402 1765 1483 βαρύνεται
1811 1405 1926 1482 μὲν
1971 1400 2151 1466 Αἴας
2198 1402 2435 1485 Θόας,
2480 1403 2758 1485 Ποίας,
2802 1403 3087 1485 Δοίας,
3133 1403 3250 1484 ἀφ’

665 1502 744 1569 οὗ
798 1504 1122 1568 Δοίαντος
1186 1505 1411 1569 πεδίον
1459 1504 1736 1583 Φρυγίας
1792 1506 1895 1569 καὶ
1947 1504 2335 1569 Δοιάντειον
2401 1503 2623 1587 ἄλςος,
2699 1505 2909 1587 Βίας,
2967 1505 3246 1586 Πρίας,

563 1614 627 1663 10
662 1605 748 1669 “Y
760 1627 846 1670 ας
889 1605 1076 1670 ἔθνος
1120 1607 1266 1684 περὶ
1309 1606 1831 1688 Ἀλαλκομένιον,
1877 1606 2171 1687 Δρύας,
2218 1606 2442 1688 Εὔας,
2500 1605 2624 1670 ἔςτι
2672 1608 2742 1671 δὲ
2788 1606 3081 1671 ἐπίθετον
3126 1612 3245 1671 τοῦ

660 1706 1021 1789 Διονύςου,
1071 1708 1395 1790 Κλεύας,
1440 1706 1641 1773 Λάας
1685 1709 1761 1773 τὸ
1808 1709 2061 1790 κύριον,
2106 1707 2376 1791 Λαίας,
2427 1708 2673 1772 Καίας.
2758 1712 3128 1787 περιςπᾶται
3174 1710 3245 1774 δὲ

661 1808 1030 1891 ἀτταγᾶς,
1075 1812 1416 1873 πελεκᾶς
1473 1810 1575 1874 καὶ
1620 1810 1971 1887 Μαρικᾶς
2024 1808 2231 1889 ὄνομα
2278 1810 2599 1890 βάρβαρον
2644 1811 2819 1888 παρὰ
2858 1816 2949 1894 τῷ
2992 1816 3245 1891 κωμικῷ

662 1910 963 1975 «Εὔπολις
1006 1912 1122 1975 τὸν
1168 1911 1458 1988 Μαρικᾶν
1502 1911 1860 1989 πρώτιςτον
1904 1911 2346 1989 παρείλκυςεν»
2394 1910 2593 1993 (Nub.
2627 1910 2802 1993 553),
2854 1912 3125 1976 κλίνεται
3174 1914 3244 1976 δὲ

658 2013 761 2077 καὶ
802 2012 1390 2092 περιττοςυλλάβως
1437 2011 1617 2076 «ἀλλ’
1675 2012 1794 2076 οὖν
1853 2005 2057 2090 ἔγωγέ
2113 2032 2206 2079 ςοι
2263 2014 2431 2089 λέγω
2490 2015 2859 2092 Μαρικᾶντα
2913 2015 2995 2093 μὴ
3051 2014 3243 2078 κολά-

562 2122 621 2173 15
656 2120 834 2182 ζειν».
922 2110 1223 2198 (Eupolis
1275 2113 1475 2176 Mein.
1531 2111 1611 2176 fr.
1658 2112 1839 2176 Com.
1899 2136 1961 2200 p.
2009 2115 2125 2177 191
2174 2115 2509 2196 echmin.)
2595 2116 2671 2181 τὸ
2732 2116 2802 2179 δὲ
2850 2117 3114 2180 Γλιςᾶς
3157 2152 3243 2163 —-

657 2216 784 2282 ἔςτι
830 2217 902 2282 δὲ
944 2216 1117 2295 ἥρως
1161 2216 1261 2279 καὶ
1304 2215 1490 2280 πόλις
1535 2215 1842 2280 Βοιωτίας
1883 2252 1969 2262 -——·
2022 2217 2160 2295 «ἠδ’
2191 2219 2256 2282 οἳ
2286 2201 2586 2282 Γλιςᾶντα
2628 2218 2934 2297 νέμοντο»
2980 2218 3057 2299 (Β
3087 2216 3241 2297 504)

657 2321 697 2398 ἡ
743 2320 856 2398 μὲν
902 2319 1197 2396 ςυνήθεια
1241 2323 1544 2403 περιςπᾷ,
1590 2319 1629 2398 ἡ
1675 2320 1744 2382 δὲ
1790 2317 2030 2396 ἱςτορία
2072 2319 2433 2398 παροξύνει.
2521 2320 2866 2384 Διονύςιος
2909 2319 3032 2398 γὰρ
3077 2319 3238 2385 ἱςτο-

657 2424 758 2499 ρεῖ
796 2420 950 2484 τοὺς
994 2419 1342 2499 ἐγχωρίους
1387 2420 1743 2485 ςυςτέλλειν
1786 2421 1864 2486 τὸ
1915 2422 1947 2482 ῖ
1992 2422 2092 2518 καὶ
2137 2423 2218 2500 μὴ
2263 2424 2589 2500 περιςπᾶν.
2662 2420 2813 2485 ἀλλ’
2859 2422 2938 2486 οὐ
2982 2422 3241 2486 πάντως

656 2523 976 2600 ἐπικρατεῖ
1017 2521 1055 2599 ἡ
1088 2521 1218 2587 ἀπὸ
1262 2526 1392 2587 τῶν
1437 2523 1642 2587 ἐθνῶν
1690 2526 1901 2602 χρῆςις
1945 2524 2046 2587 καὶ
2091 2523 2194 2588 ἐπὶ
2222 2526 2342 2603 τὴν
2372 2524 2710 2603 Ὁμηρικὴν
2742 2522 3118 2601 ἀνάγνωςιν.
3163 2525 3238 2589 τὸ

553 2633 623 2685 20
658 2626 729 2689 δὲ
774 2624 1016 2688 ἀλλᾶς
1060 2625 1234 2702 παρὰ
1277 2631 1368 2707 τῷ
1413 2631 1665 2709 κωμικῷ
1710 2626 1749 2705 ἡ
1795 2627 1910 2703 μὲν
1941 2627 2122 2704 κοινὴ
2169 2627 2460 2705 ςυνήθεια
2493 2626 2779 2707 βαρύνει,
2825 2625 2976 2690 ἀλλ’
3021 2626 3237 2704 ἐπειδὴ

790 2849 825 2903 l.
868 2853 890 2900 1
932 2865 1074 2915 quae
1109 2847 1176 2897 de
1215 2851 1295 2911 ἒῖῥ
1333 2848 1388 2897 in
1427 2848 1667 2899 dialecto
1703 2849 1970 2901 Boeotioa
2007 2850 2158 2900 dicta
2195 2854 2339 2907 sunt.
2378 2849 2651 2900 fluxerunt
2687 2866 2753 2900 ex
2792 2849 3036 2915 Theogn.
3072 2852 3167 2912 41,
3205 2852 3235 2898 2

657 2918 730 2972 ef.
767 2918 979 2968 Ahrens
1018 2918 1085 2967 de
1123 2915 1254 2966 dial.
1291 2916 1442 2967 Aeol.
1480 2933 1531 2982 p.
1571 2919 1668 2968 183
1705 2933 1825 2967 cum
1863 2924 2014 2974 nota.
2085 2918 2260 2967 Omisi
2297 2933 2435 2981 qnae
2473 2933 2561 2982 ap.
2600 2916 2801 2967 Arcad.
2839 2918 2897 2967 in
2934 2917 3041 2967 fine
3076 2933 3237 2968 cano·

655 2987 742 3037 nis
778 2986 973 3036 addita
1007 2989 1135 3035 sunt
1171 2983 1253 3034 ἔτι
1290 2984 1380 3033 καὶ
1414 2983 1485 3035 τὰ
1524 2984 1909 3047 μονοςύλλαβα
1934 2983 2057 3035 οἷον
2094 2982 2210 3048 χείρ
2235 2984 2400 3049 φθείρ
2426 2983 2537 3048 etp,
2574 2991 2637 3035 ut
2662 2987 2731 3035 ab
2758 2985 3007 3036 hocloco
3033 2986 3234 3036 aliena.

789 3054 823 3104 l.
863 3055 896 3103 6
942 3069 1038 3118 pro
1075 3050 1516 3114 πολυςυλλάβων
1563 3054 1689 3105 etl.
1726 3056 1755 3103 7
1804 3069 1901 3119 pro
1948 3051 2340 3116 πολυςύλλαβα
2387 3055 2545 3119 posui
2588 3052 2733 3135 ὑπὲρ
2780 3051 2910 3117 μίαν
2956 3049 3235 3117 ςυλλαβήν

654 3137 719 3171 ex
755 3121 1058 3172 Herodiani
1094 3136 1259 3170 more.
1329 3118 1508 3171 Ποίας
1544 3118 1716 3172 Δοίας
1754 3122 1937 3171 adieci
1973 3138 2037 3171 ex
2076 3122 2323 3187 theogn
2360 3123 2586 3185 42,16,
2634 3124 2727 3186 qui
2766 3138 2886 3172 eum
2923 3120 3071 3173 Θόας
3107 3129 3170 3172 ut
3204 3125 3235 3171 ὃ

658 3189 944 3256 praefinita
979 3188 1262 3252 bisyllaba
1305 3188 1364 3237 in
1399 3191 1461 3239 δί
1508 3189 1785 3255 componit
1829 3188 2028 3253 κρόας,
2077 3189 2222 3253 quod
2268 3189 2504 3240 fortasse
2547 3189 2604 3239 in
2650 3188 2783 3253 χοάς
2830 3207 2863 3239 a
2901 3191 3094 3242 Vossio
3140 3205 3234 3255 pro

656 3256 824 3320 χολάς
860 3258 918 3307 in
954 3255 1123 3321 Orph.
1159 3256 1287 3321 Arg.
1324 3257 1422 3307 967
1472 3258 1841 3308 coniectatum
1887 3258 2206 3307 mutandum
2253 3263 2365 3319 est,
2403 3256 2564 3321 ῥόας,
2622 3258 2766 3323 qnod
2813 3255 2947 3322 ῥοάς
2994 3259 3235 3309 scriben-

659 3326 786 3375 dum
821 3325 1044 3376 videtur
1089 3323 1402 3387 (confundit
1447 3326 1588 3375 enim
1626 3325 1873 3390 Theogn.
1920 3326 1971 3377 h.
2014 3325 2046 3374 1.
2096 3325 2395 3375 masculina
2442 3331 2499 3375 et
2547 3327 2834 3387 feminina)
2881 3326 3025 3375 idem
3069 3331 3232 3390 atque

657 3391 809 3457 ῥοιάς
856 3392 945 3442 vel
990 3390 1125 3455 ρυάς
1163 3391 1510 3457 significatui,
1558 3392 1724 3456 μόας,
1773 3408 1869 3458 pro
1916 3407 2023 3456 quo
2059 3390 2217 3443 Πόας
2262 3394 2297 3442 i.
2338 3409 2386 3457 q.
2420 3390 2598 3446 Ποίας
2645 3395 3001 3447 substituam
3052 3394 3232 3445 πλόας

654 3464 689 3514 i.
728 3478 775 3511 e.
825 3458 1002 3511 πλοάς
1047 3461 1084 3512 i.
1122 3475 1173 3524 q.
1222 3458 1417 3510 πλωάς
1463 3467 1559 3512 aut
1606 3460 1771 3524 λόχος
1818 3461 2238 3524 Spartanorum,
2286 3461 2466 3511 Schol
2518 3462 2793 3526 Aristoph.
2838 3462 3072 3527 Lysistr.
3118 3465 3234 3513 454.

658 3527 832 3580 Δοίας
868 3529 1040 3580 habet
1076 3529 1243 3578 etiam
1282 3530 1363 3579 St.
1402 3530 1463 3578 B.
1498 3531 1614 3592 235,
1655 3533 1708 3592 1,
1746 3528 1893 3578 unde
1931 3530 2165 3592 explevi.
2339 3529 2371 3578 l.
2410 3532 2441 3579 9
2467 3527 2609 3580 ·Βίας
2645 3527 2825 3593 Πρίας
2864 3545 2931 3580 ex
2967 3529 3232 3596 Theogn.

657 3596 798 3648 Ὕας
835 3614 902 3646 ex
940 3597 1131 3648 eodem
1169 3604 1225 3648 et
1264 3568 1726 3658 St.13.644,11'.
1796 3595 1986 3660 Δρύας
2024 3597 2215 3647 Choer.
2251 3600 2332 3652 27,
2370 3600 2460 3657 23,
2499 3595 2640 3648 Εὔας
2676 3600 2767 3660 28,
2806 3601 2860 3656 5,
2903 3596 3113 3649 Κλεύας
3150 3602 3231 3660 30,

661 3667 741 3728 16,
779 3662 926 3717 Λάας
961 3667 1045 3726 27,
1082 3667 1175 3728 25,
1213 3664 1351 3713 -l.
1395 3668 1452 3714 11
1493 3663 1661 3716 Λαίας
1697 3663 2202 3729 Theogn.42,15,
2244 3661 2408 3716 Καίας
2447 3665 2640 3715 Choer.
2674 3669 2758 3728 95,
2795 3668 2851 3722 2,
2890 3666 3037 3730 apud
3075 3682 3233 3731 quem

659 3750 710 3798 p.
747 3737 829 3796 30,
867 3737 931 3785 33
970 3731 1108 3784 Κέας
1144 3735 1408 3797 seriptum
1446 3737 1547 3784 est.
1584 3759 1651 3768 —-
1685 3732 1956 3783 Arcadius
2002 3733 2168 3784 habet
2204 3738 2417 3783 tantum
2467 3735 2796 3796 περιςπᾶται
2832 3733 2893 3784 δὲ
2929 3684 3108 3797 ἀρκᾶς
3138 3748 3231 3785 πε-

658 3802 852 3864 λεκᾶς,
890 3817 987 3867 pro
1024 3799 1196 3865 ἀρκᾶς
1246 3801 1486 3851 Meinek.
1527 3799 1750 3864 Ἀργᾶς,
1796 3801 1933 3851 Lob.
1980 3799 2230 3864 Μαρικᾶς
2269 3802 2577 3867 proposuit3
2626 3803 2877 3866 equidem
2918 3800 3114 3865 Ἀργᾶς
3152 3818 3232 3852 re-

656 3871 880 3920 servavi
915 3869 984 3919 ad
1024 3886 1076 3934 p.
1114 3873 1175 3920 51
1217 3868 1252 3919 l.
1288 3871 1321 3918 4
1357 3873 1415 3918 et
1450 3869 1540 3918 hie
1576 3884 1642 3917 ex
1678 3870 1799 3934 ipso
1834 3869 2030 3918 Aread.
2053 3873 2136 3926 21,
2177 3872 2238 3918 14
2275 3877 2331 3920 et
2368 3869 2561 3920 Choer.
2587 3872 2670 3929 43.
2702 3873 2734 3921 6
2769 3868 3015 3931 ἀτταγᾶς
3057 3872 3227 3935 posui.

659 3936 911 4002 Μαρικᾶς
957 3937 1137 3988 adieci
1183 3954 1250 3987 ex
1285 3937 1706 3994 Enstath.300.
1750 3939 1838 3996 14,
1883 3938 1980 3987 ubi
2027 3937 2058 3987 ὁ
2103 3936 2164 3988 δὲ
2202 3936 2541 4002 Ἡρωδιανὸς
2579 3937 2951 4002 παραπηγνὺς
2995 3939 3085 3989 καὶ
3129 3937 3231 3989 τὸν

657 4005 808 4072 παρὰ
841 4009 927 4071 τῷ
965 4007 1215 4087 κωμικῷ
1237 4003 1492 4068 Μαρικᾶν
1527 4003 1597 4054 τὸ
1636 4002 1912 4068 βάρβαρον
1948 4004 2127 4068 ὄνομα
2171 4004 2257 4057 διὰ
2299 4007 2403 4056 τοῦ
2440 4020 2508 4055 ντ
2554 4005 2807 4070 κλιθῆναι
2844 4005 3020 4070 λέγει,
3060 4020 3231 4070 παρα-

656 4073 853 4139 φέρων
888 4076 1081 4139 χρῆςιν
1116 4071 1335 4137 ταύτην
1372 4071 1490 4122 κτλ.
1686 4073 1722 4127 1.
1766 4078 1826 4123 15
1867 4071 2052 4124 Γλιςᾶς
2092 4073 2282 4123 addidi
2321 4090 2387 4124 ex
2424 4074 2489 4126 Il.
2526 4075 2614 4123 Pr.
2655 4073 2694 4124 Β
2731 4077 2831 4125 604
2869 4080 2926 4124 et
2963 4073 3020 4125 Μ
3057 4077 3123 4124 20
3159 4074 3226 4124 cf.

659 4146 740 4192 st.
778 4144 841 4196 B.
884 4149 940 4192 et
977 4141 1234 4192 Eustath.
1270 4142 1395 4192 269
1436 4142 1497 4190 18
1548 4138 1763 4192 Γλίςςας
1811 4140 2064 4192 κατοικία
2109 4139 2219 4204 τίς,
2267 4139 2430 4206 φαςί,
2469 4140 2720 4206 Θηβαῖκὴ
2768 4141 2831 4193 ἐν
2875 4145 2961 4192 τῶ
3000 4140 3228 4208 Ὑπάτῳ

656 4209 774 4275 ὄρει
810 4209 924 4262 ἀπὸ
967 4207 1268 4261 Γλίςςωνος
1304 4206 1622 4270 ὠνόμαςται
1660 4209 1694 4273 ἢ
1736 4207 2084 4272 Γλίςςαντος,
2124 4209 2202 4260 ὥς
2237 4224 2405 4329 ‹pr-‘cuv
2443 4210 2474 4260 ὁ
2510 4208 2730 4273 γράψας
2765 4209 2837 4262 τὰ
2873 4209 3077 4261 ἐθνικά.
3146 4214 3228 4260 τῶ

655 4276 716 4329 δὲ
762 4276 918 4344 τόνῳ
968 4274 1186 4329 Γλίςςας
1228 4274 1548 4328 Γλίςςαντος
1595 4275 1674 4328 ώς
1717 4275 1877 4340 γίγας
1922 4276 2430 4339 γίγαντος.δέ
2467 4275 2779 4340 ςχολιαςταί
2824 4293 3018 4342 φαςιν,
3070 4277 3156 4329 ὅτι
3193 4261 3225 4340 ἡ

657 4345 758 4408 μὲν
795 4331 1058 4410 ςυνήθεια
1094 4347 1446 4411 προπεριςπᾷ
1486 4345 1779 4397 Γλιςςᾶντα
1806 4345 2061 4409 λέγουςα,
2099 4345 2133 4409 ἡ
2161 4344 2222 4397 δὲ
2248 4343 2459 4411 ἱςτορία
2483 4346 2895 4410 προπαροξύνει
2930 4346 2999 4398 τὸ
3037 4346 3227 4409 ὄνομα.

655 4413 836 4465 ἰςτέον
882 4412 943 4465 δὲ
989 4412 1068 4464 ὡς
1111 4412 1221 4476 τὴν
1265 4412 1533 4476 δευτέραν
1576 4413 1793 4480 ταύτην
1840 4412 2014 4464 κλίςιν
2059 4413 2162 4464 οὐκ
2206 4412 2362 4465 οἶδεν
2410 4413 2444 4477 ἡ
2493 4411 2765 4478 ἀκρίβεια,
2811 4415 2920 4478 τὴν
2966 4429 3226 4478 προπερι-

653 4484 881 4534 ςπῶςαν
915 4481 1022 4532 τὸν
1062 4480 1382 4544 Γλιςςᾶντα,
1433 4479 1482 4532 εἰ
1518 4481 1592 4546 μὴ
1628 4481 1735 4546 ἄρα
1780 4481 1843 4532 ἐκ
1888 4484 1992 4532 τοῦ
2035 4481 2301 4533 Γλιςςάεις
2337 4480 2584 4532 κλίνεται
2632 4483 2721 4533 καί
2769 4487 3103 4546 ςυναιρεῑται
3150 4482 3226 4532 ὡς

649 4549 719 4601 τὸ
756 4549 1030 4616 αίγλῆντα
1068 4548 1159 4600 καὶ
1204 4548 1407 4613 χρυςὸν
1454 4552 1708 4614 τιμῆντα.
1782 4551 1813 4601 ὁ
1860 4549 1922 4600 δέ
1960 4548 2321 4614 Χοιροβοςκὸς
2370 4548 2438 4599 ού
2493 4550 3045 4615 προπεριςπωμένως
3088 4550 3225 4602 Γλις-

650 4620 842 4683 ςᾶντα,
879 4617 1022 4670 ἀλλὰ
1059 4617 1500 4682 περιςπωμένως
1541 4617 1573 4669 Γ
1576 4620 1763 4669 λιςςᾶν
1800 4617 1880 4669 ὼς
1917 4617 2129 4680 Θωμᾶν
2166 4617 2256 4668 καί
2297 4616 2527 4679 Κοςμᾶν.
2598 4620 2678 4668 Ab
2718 4619 3012 4669 Eustathio
3050 4634 3224 4685 neque

645 4688 953 4737 Herodiani
989 4687 1270 4738 sententia
1317 4691 1577 4736 accurato
1626 4688 1805 4737 relata
1854 4692 1940 4736 est
1984 4702 2161 4750 neque
2199 4685 2596 4748 Choerobosci,
2646 4688 2738 4751 qui
2776 4705 2827 4752 p
2867 4692 2960 4749 43,
2997 4689 3030 4738 8
3077 4701 3224 4750 cecu-

644 4752 877 4816 μείωται
915 4753 977 4805 ἐν
1020 4758 1140 4805 τοῖς
1176 4751 1383 4819 κυρίοις
1405 4753 1475 4804 τὸ
1505 4752 1691 4805 Γλίςας
1744 4751 2036 4806 Γλίςαντος
2074 4761 2198 4818 (scr.
2235 4770 2299 4802 ox
2340 4754 2531 4817 regula
2568 4771 2601 4804 a
2636 4756 2905 4810 Choerob.
2945 4758 3223 4821 proposita

643 4822 828 4874 Γλιςᾱς
869 4820 1183 4884 Γλιςᾶντος)
1216 4821 1743 4904 περιττοςυλλάβως
1780 4821 1984 4873 κλιθέν.
2122 4822 2158 4871 1.
2197 4825 2264 4872 20
2299 4820 2471 4872 ἀλλᾶς
2511 4839 2575 4872 ex
2614 4824 2870 4873 Eustath.
2908 4824 2942 4874 l.
2969 4840 3014 4876 ‹-
3056 4830 3113 4874 ει
3148 4826 3222 4873 Io.

635 4890 805 4951 Α1.8,
850 4893 912 4940 14
949 4889 1133 4941 πάντα
1168 4889 1239 4941 τὰ
1276 4889 1353 4941 εἰς
1390 4906 1453 4942 ας
1493 4889 1999 4955 μακροκατάληκτα
2035 4889 2127 4940 ἐπὶ
2164 4878 2248 4938 τῶ
2285 4888 2433 4941 τέλει
2471 4890 2578 4942 τὸν
2613 4890 2788 4941 τόνον
2824 4891 3027 4956 ἔχοντα
3067 4889 3150 4942 ὧν
3186 4889 3219 4952 ἡ
