3664 5546
703 390 867 438 CXIV
1781 386 2199 434 PRAEFATIO.

703 548 805 611 καὶ
847 545 1319 610 ἀπολείποντος
1366 544 1456 608 ὡς
1485 543 1798 621 Περικλῆς
1843 541 1927 604 cf.
1974 539 2192 606 Schol.
2223 562 2286 626 p.
2322 537 2479 620 859,
2510 539 2627 620 24,
2673 539 2789 604 ubi
2820 560 3042 604 omnes
3090 559 3280 602 casus

703 655 959 734 praeter
1003 643 1381 711 vocativum
1426 644 1726 730 componi
1771 642 2075 708 traditur.

869 747 1040 811 Huic
1099 748 1430 827 ςχημάτων
1488 744 1848 810 definitioni
1905 745 2303 810 conveniunt
2356 766 2392 809 e
2456 742 2840 828 fragmentis
2907 743 3031 808 boc
3089 740 3279 807 titulo

698 850 1030 936 inscriptis
1090 849 1219 914 duo
1275 845 1354 912 Il.
1415 847 1523 912 Pr.
1579 848 1611 912 I
1665 847 1824 927 202,
1881 847 1996 912 ubi
2052 847 2132 911 de
2186 855 2458 911 accentu
2514 845 2861 931 compositi
2915 847 3279 925 παραβλώψ

699 952 1100 1039 disputatur,
1148 949 1226 1015 Ε.
1270 949 1361 1013 Μ.
1414 950 1556 1030 137,
1602 949 1712 1030 32,
1758 949 1872 1014 ubi
1917 949 2264 1037 exponitur
2306 949 2569 1012 nomina
2612 947 2932 1033 quaedam
2978 968 3017 1009 a
3061 946 3280 1009 verbis

699 1051 1167 1139 monosyllabis
1213 1051 1514 1136 componi
1561 1052 1837 1132 κάραβος
1882 1073 1922 1115 a
1968 1058 2089 1136 βῶ,
2134 1053 2422 1128 Αἴγιςθος
2468 1073 2507 1114 a
2551 1055 2677 1132 θῶ,
2734 1049 3028 1129 ἄργυφος
3072 1070 3112 1110 a
3154 1053 3281 1127 φῶ.

704 1156 1001 1220 Tertium
1047 1156 1114 1217 in
1160 1151 1373 1218 Schol.
1418 1152 1532 1216 BL
1576 1152 1661 1217 ad
1706 1152 1784 1217 Il.
1836 1156 1874 1218 Γ
1915 1154 2072 1235 391,
2129 1153 2302 1240 quod
2358 1151 2439 1216 de
2493 1152 2821 1237 scriptura
2873 1149 3051 1214 vocis
3106 1154 3289 1214 δῖνος

703 1258 876 1342 agit,
925 1255 1009 1320 ad
1056 1265 1509 1340 argumentum
1555 1254 1706 1319 libri
1751 1256 2098 1319 convenire
2143 1276 2273 1317 non
2317 1254 2608 1334 videtur,
2667 1252 2783 1317 sed
2829 1254 2908 1317 de
2953 1251 3289 1348 orthpgra-

699 1358 856 1443 phia
911 1379 1027 1443 per
1086 1357 1489 1421 occasionem
1557 1365 1813 1422 tantum
1884 1356 2255 1443 disputasse
2311 1354 2574 1420 videtur
2638 1353 3051 1420 Herodianus
3108 1375 3167 1416 e.
3211 1376 3283 1437 g.

699 1460 814 1524 ubi
846 1460 927 1523 de
971 1459 1330 1546 composito
1376 1459 1800 1538 ἀργυροδίνης
1846 1481 2054 1524 sermo
2100 1457 2259 1538 fuit,
2306 1480 2499 1544 quam
2547 1479 2772 1522 vocem
2817 1456 3011 1521 etiam
3046 1454 3279 1520 Choer.

701 1561 889 1626 Orth.
927 1563 1068 1643 171,
1109 1563 1149 1626 3
1194 1582 1309 1647 per
1352 1565 1374 1626 ῐ
1419 1561 1834 1625 scribendam
1879 1583 2023 1626 esse
2064 1561 2311 1625 diserte
2355 1560 2575 1625 tradit.

874 1663 1397 1728 Consentaneum
1443 1673 1544 1727 est
1583 1664 1652 1726 in
1697 1663 1820 1728 hoc
1864 1661 2065 1743 libre,
2114 1685 2310 1750 quum
2357 1684 2552 1747 saepe
2597 1661 3042 1726 controversia
3087 1671 3286 1740 esset,

698 1775 916 1830 utrum
971 1764 1099 1829 duo
1153 1762 1476 1830 vocabula
1529 1787 1683 1830 vere
1750 1764 2108 1852 composita
2168 1764 2300 1829 sint
2366 1787 2450 1828 an
2515 1765 2673 1830 κατὰ
2727 1764 3069 1843 παράθεςιν
3134 1785 3285 1848 pro-

698 1867 997 1946 ferenda,
1064 1866 1260 1930 etiam
1316 1866 1507 1930 huius
1565 1868 1826 1951 generis
1884 1867 2201 1953 quaedam
2256 1877 2605 1952 praecepta
2658 1865 2908 1931 tradita
2962 1886 3107 1929 esse
3161 1887 3287 1927 nec

698 1990 829 2032 non
893 1968 1281 2032 mentionem
1347 1969 1654 2034 iniectam
1720 1991 1863 2032 esse
1929 1969 2288 2055 composita
2354 1970 2510 2034 oriri
2568 1991 2650 2034 ex
2708 1967 2836 2032 duo
2874 1965 3283 2053 'paratheti3.

701 2070 918 2151 Quare
963 2092 1173 2157 pauca
1214 2070 1585 2154 fragmenta
1627 2070 1745 2134 has
1791 2093 1895 2134 res
1941 2071 2306 2156 spectantia
2348 2071 2576 2134 adieci.

870 2172 1280 2258 Quamquam
1325 2195 1491 2258 quae
1537 2172 1661 2236 sub
1702 2171 2067 2237 Herodiani
2110 2173 2374 2239 nomine
2419 2195 2503 2236 ex
2546 2172 2711 2237 libro
2757 2174 2901 2251 περὶ
2946 2174 3286 2252 ςχημὰτων

699 2271 784 2337 ad
830 2297 948 2338 nos
994 2284 1464 2362 pervenerunt,
1518 2273 1603 2337 ad
1649 2274 1913 2338 nomina
1954 2275 2312 2360 pertinent,
2369 2285 2590 2339 tamen
2645 2296 2772 2338 non
2829 2273 3100 2339 dubium
3156 2283 3285 2352 est,

699 2377 857 2461 quin
902 2376 1100 2441 etiam
1143 2378 1214 2439 in
1255 2375 1379 2442 hoc
1421 2375 1589 2440 libro
1637 2375 1718 2438 de
1763 2377 1983 2440 verbis
2030 2385 2376 2441 tractatum
2426 2377 2540 2456 sit,
2600 2397 2749 2439 nam
2808 2377 3001 2439 etiam
3048 2377 3286 2440 verbo-

698 2499 840 2541 rum
885 2487 959 2541 ut
1002 2477 1162 2542 dicit
1207 2477 1642 2542 Choerobosc.
1687 2478 1834 2558 477,
1880 2478 1964 2542 20
2008 2480 2289 2559 ςχήματά
2341 2479 2452 2543 εἰςι
2497 2477 2669 2561 τρία,
2724 2477 3006 2563 ἁπλοῦν,
3064 2479 3286 2543 ςύνθε-

699 2602 847 2662 τον,
894 2581 1402 2659 παραςύνθετον·
1460 2579 1711 2645 ἁπλοῦν
1759 2582 1874 2661 μὲν
1921 2580 2068 2646 οἶον
2116 2587 2377 2664 φρονῶ,
2436 2581 2740 2646 ςύνθετον
2787 2582 2857 2644 δὲ
2903 2579 3048 2645 οἷον
3094 2602 3284 2645 κοιτα-

698 2687 960 2764 φρονῶ,
1024 2683 1504 2761 παραςύνθετον
1572 2686 1670 2746 δὲ’
1709 2685 1785 2747 τὸ
1847 2683 1977 2747 ἀπὸ
2038 2684 2342 2748 ςυνθέτου
2402 2683 2743 2761 γινόμενον
2809 2684 2899 2747 ῶς
2965 2682 3094 2746 ἀπὸ
3161 2687 3285 2746 τοῦ

699 2786 1063 2863 Ἀντίγονος
1109 2786 1411 2850 ςυνθέτου
1456 2786 1692 2861 γίνεται
1738 2788 1814 2850 τὸ
1846 2785 2223 2864 ἀντιγονὶῑω
2253 2787 2748 2865 παραςύνθετον.
2818 2787 3036 2869 Atque
3078 2807 3283 2847 unum

699 2895 873 2949 certe
928 2886 1393 2970 fragmentum,
1462 2887 1530 2949 in
1585 2909 1711 2973 quo
1770 2889 2152 2972 exponitur,
2220 2887 2477 2973 quando
2543 2887 2750 2951 verba
2816 2909 2856 2950 a
2909 2886 3283 2951 nominibus

697 2998 812 3052 aut
864 2999 1092 3053 contra
1145 2989 1409 3051 nomina
1462 3010 1502 3073 a
1544 2987 1765 3052 verbis
1823 2999 2186 3073 propagata
2239 2987 2545 3054 habenda
2601 2990 2762 3070 sint,
2821 2987 2906 3052 ad
2962 2987 3282 3053 Herodia-

697 3112 853 3153 num
897 3098 1228 3154 auctorem
1273 3089 1683 3154 referendum
1731 3090 2038 3154 arbitror.

1449 3259 1702 3324 XXVI.
1788 3262 1984 3339 Περὶ
2026 3262 2540 3342 παρωνύμων.
2590 3344 2605 3353 Α

868 3395 1060 3460 Hunc
1117 3393 1354 3459 librum
1409 3394 1568 3460 citat
1613 3394 1859 3459 Herod.
1907 3397 2090 3460 Pros.
2137 3395 2212 3459 Il.
2274 3397 2322 3460 Ν
2385 3397 2505 3459 102
2562 3404 2907 3482 φυζακινῇς
2961 3397 3081 3460 sic:
3139 3401 3280 3461 πῶς

700 3500 1126 3578 ἐςχημάτιςται
1182 3499 1532 3576 δεδήλωται
1591 3500 1661 3563 ἐν
1715 3505 1806 3582 τῷ
1865 3500 2010 3577 περὶ
2063 3497 2492 3577 παρωνύμων.
2590 3498 2869 3563 Videtur
2925 3508 3139 3562 autem
3196 3497 3277 3560 de

700 3600 890 3664 huius
939 3600 1117 3663 vocis
1163 3599 1552 3664 formatione
1597 3609 1663 3663 et
1705 3599 2032 3684 scriptura
2075 3598 2437 3663 Herodiani
2482 3600 2809 3664 sententia
2838 3610 3102 3663 servata
3130 3621 3275 3662 esse

697 3702 766 3765 in
819 3701 1038 3765 libello
1084 3704 1228 3780 περὶ
1271 3704 1622 3781 ποςότητος
1667 3701 1813 3782 297,
1846 3701 1928 3764 28
1960 3713 2025 3765 et
2053 3701 2198 3782 298,
2230 3701 2290 3766 9.
2350 3702 2572 3766 Pauca
2615 3710 2869 3767 tantum
2914 3699 3275 3766 Herodiani

699 3805 958 3867 nomine
1024 3802 1343 3886 insignita
1402 3814 1753 3889 praecepta
1825 3803 1905 3867 de
1973 3803 2341 3868 nominibus
2413 3827 2453 3867 a
2515 3803 2889 3869 nominibus
2958 3802 3274 3867 derivatis

701 3903 926 3969 relicta
970 3911 1146 3979 sunt,
1196 3905 1312 3967 sed
1356 3903 1665 3967 nonnulla
1707 3906 1776 3967 in
1805 3903 2281 3991 Etymologicis
2327 3913 2393 3968 et
2422 3905 2779 3970 Anecdotis
2811 3916 3075 3970 servata
3103 3915 3274 3973 sunt.

699 4008 779 4070 de
824 4006 1059 4091 quibus
1106 4006 1393 4070 dubitari
1436 4027 1564 4068 non
1609 4017 1853 4091 potest,
1912 4006 2069 4093 quin
2112 4030 2196 4071 ex
2239 4007 2363 4072 hoc
2414 4004 2582 4071 libro
2628 4007 3023 4089 Herodiani,
3080 4028 3274 4093 quenl

699 4107 1168 4193 amplissimum
1224 4106 1426 4170 fuisse
1491 4118 1738 4171 certum
1796 4117 1928 4190 est,
1985 4108 2370 4196 deprompta
2427 4109 2578 4172 sint.
2667 4108 2999 4193 Optimum
3055 4119 3277 4173 autem

698 4210 1061 4273 subsidium
1105 4209 1188 4273 ad
1233 4231 1430 4272 unam
1475 4205 1646 4273 certe
1692 4219 1945 4297 partem
1989 4210 2174 4291 libri,
2221 4234 2387 4297 quae
2429 4210 2557 4275 fuit
2600 4210 2682 4274 de
2725 4209 3115 4295 gentilibuS,
3163 4233 3275 4275 ex-

676 4312 998 4398 'plendam
1045 4320 1144 4373 est
1189 4311 1552 4396 Stephanus
1598 4313 1997 4397 ByzantiuS,
2044 4312 2154 4399 qui
2200 4315 2392 4376 etiam
2437 4313 2558 4377 hoc
2601 4312 2769 4377 libro
2813 4313 2907 4378 ita
2948 4334 3105 4402 usus
3150 4323 3273 4387 est,

695 4423 768 4476 ut
811 4410 1120 4476 nonnulla
1163 4411 1523 4478 Herodiani
1579 4412 1821 4501 placita
1875 4414 2255 4479 nominatim
2310 4414 2664 4500 proferret,
2719 4414 3002 4501 plurima
3054 4426 3275 4481 autem

696 4524 960 4577 auctore
1013 4513 1212 4578 tacito
1269 4517 1685 4582 exscriberet.
1773 4517 1881 4581 Ex
1938 4517 2038 4579 his
2092 4515 2525 4600 intellegimus
2579 4519 2775 4583 etiam
2820 4516 3269 4582 Herodianum

694 4626 766 4679 ut
821 4614 890 4676 in
945 4617 1173 4679 ceteris
1232 4619 1489 4705 scriptis
1547 4620 1643 4683 sic
1707 4619 1903 4682 etiam
1970 4619 2037 4681 in
2103 4619 2227 4682 hoc
2283 4617 2776 4703 diligentissime
2842 4642 3089 4699 eorum,
3159 4620 3271 4705 qui

695 4726 847 4779 ante
891 4738 1037 4779 eum
1083 4715 1164 4781 de
1219 4721 1441 4783 eadem
1488 4743 1556 4783 re
1600 4719 1799 4784 libros
1843 4720 2219 4801 ediderunt,
2268 4723 2583 4785 rationem
2628 4721 2967 4801 habuisse,
3016 4720 3272 4785 Habro-

693 4818 828 4899 nis,
876 4819 1280 4905 Tryphonis,
1328 4820 1682 4908 Apollonii,
1737 4845 1887 4887 nam
1932 4821 2049 4906 hos
2096 4846 2225 4886 non
2268 4822 2409 4911 ipsc
2454 4822 2821 4911 Stephanus
2869 4825 3269 4911 inspexerat,
