3664 5546
1132 378 1291 433 ΠΕΡΙ
1333 378 1726 433 ΚΑΘΟΛΙΚΗ(
1764 379 2188 434 ΠΡΟΕΩιΔΙΑ(
2229 380 2306 433 ΙΑ.
2893 382 3022 446 275

429 547 688 612 λάνικος
732 546 803 612 ἐν
849 549 1145 633 δευτέρῳ.
1213 549 1447 628 ἐκλήθη
1490 551 1560 612 δὲ
1606 548 1737 613 ἀπὸ
1782 553 1899 613 τοῦ
1944 549 2195 630 ἄγαμον
2239 551 2355 628 τὴν
2387 550 2683 631 Ἡςιόνην
2728 551 2857 616 ὑπὸ
2901 557 3019 616 τοῦ

427 649 671 726 πατρὸς
724 653 1168 728 παραδοθῆναι
1223 656 1315 733 τῷ
1372 652 1563 727 κήτει.
1662 652 1910 726 λέγεται
1966 653 2037 715 δὲ
2091 653 2194 716 καὶ
2245 653 2522 732 Ἀγάμμη
2580 653 2670 718 ῶς
2724 653 3022 733 πρέςβεια

425 750 660 830 πρέςβη
716 750 821 814 καὶ
872 751 948 815 τὸ
1007 750 1283 830 βαςίλεια
1337 752 1495 815 κατὰ
1553 755 1951 832 ςυναλοιφὴν
2011 753 2241 832 βαςίλη.
2341 755 2601 818 δύναται
2659 741 2732 819 δὲ
2785 756 2888 818 καὶ
2943 757 3018 819 τὸ

427 851 764 931 Ἀγάμμεια
807 851 877 915 ἐκ
918 855 1036 915 τοῦ
1081 852 1360 931 Ἀγάμμη
1407 852 1499 917 ῶς
1543 853 1618 917 τὸ
1663 853 2077 931 Πηνελόπεια
2120 854 2190 917 ἐκ
2233 857 2351 918 τοῦ
2384 855 2750 941 Πηνελόπη.
2811 856 3016 934 Ἐρύ-

426 958 599 1016 θεια
642 956 833 1030 νῆςος
868 953 1193 1032 Γηρυόνου
1238 953 1308 1018 έν
1352 960 1445 1037 τῷ
1490 953 1755 1037 ὠκεανῷ
1785 953 1916 1019 ἀπὸ
1951 955 2265 1033 Ἐρυθείας
2294 959 2405 1033 τῆς
2443 956 2782 1034 Γηρυόνου.
2843 958 3016 1033 λέγε·
3047 967 3079 1017 5

427 1074 526 1117 ται
572 1055 644 1118 δὲ
675 1056 780 1118 καὶ
810 1054 1031 1133 Ἐρύθη
1062 1056 1221 1119 κατὰ
1251 1056 1667 1134 ςυναλοιφήν.
1715 1055 2019 1120 ῶςαύτως
2049 1058 2151 1119 καὶ
2179 1056 2464 1121 Ζέλεια
2499 1058 2684 1122 πόλις
2713 1058 3020 1137 Τρωάδος

424 1154 594 1234 Ζέλη
641 1155 934 1232 λέγεταιῦ
974 1156 1259 1236 Ὅμηρος
1308 1156 1410 1220 «οἱ
1466 1158 1538 1219 δὲ
1581 1156 1852 1221 Ζέλειαν
1898 1157 2159 1223 ἔναιον»
2206 1159 2283 1238 (Β
2319 1157 2489 1239 824).
2577 1161 2752 1238 παρὰ
2791 1161 3018 1225 Ποςει-

426 1256 641 1340 δίππῳ
701 1258 758 1321 δ’
786 1257 1058 1335 ἐὕρηται
1114 1259 1220 1322 διὰ
1274 1262 1391 1322 τοῦ
1433 1260 1467 1320 ἶ
1520 1256 1729 1336 Ζελίη.
1818 1260 1921 1322 καὶ
1977 1258 2413 1324 Μαντίνεια
2466 1261 2652 1324 πόλις
2695 1262 3021 1339 Ἀρκαδίας

428 1358 734 1438 Μαντίνη.
766 1359 1050 1438 Ὅμηρος
1080 1361 1152 1423 δὲ
1184 1359 1291 1423 «οἳ
1320 1359 1561 1438 Τεγέην
1593 1358 1775 1437 εἶχον
1807 1361 1910 1423 καὶ
1943 1361 2308 1439 Μαντινέην
2343 1360 2713 1439 ἐρατεινήν»
2745 1364 2822 1443 (Β
2847 1361 3017 1444 607).

425 1460 868 1524 Ψυττάλεια
912 1464 1102 1538 νῆςος
1147 1462 1293 1538 περὶ
1338 1459 1674 1540 (αλαμῖνα.
1732 1460 2084 1538 Ἡρόδοτος
2129 1461 2232 1545 (8,
2281 1461 2391 1544 76)
2450 1463 2584 1527 «εἰς
2632 1465 2750 1540 τὴν
2796 1467 3020 1542 νηςῖδα
3059 1472 3123 1523 10
3151 1497 3167 1513 ·

425 1563 539 1639 τὴν
608 1561 1036 1646 Ψυττάλειαν,
1101 1563 1217 1640 τὴν
1278 1562 1505 1641 μεταξὺ
1563 1560 1917 1642 (αλαμῖνος
1982 1562 2275 1642 κειμένην
2342 1563 2444 1627 καὶ
2507 1567 2618 1641 τῆς
2684 1566 2955 1644 ἠπείρου
2972 1591 3016 1629 ν».

425 1662 674 1738 λέγεται
743 1665 814 1728 δὲ
872 1664 976 1727 καὶ
1030 1662 1342 1741 Ψυττάλη.
1431 1663 1602 1727 ἔοικε
1666 1665 1737 1728 δὲ
1800 1665 1878 1728 τὸ
1934 1664 2291 1728 Ψυττάλεια
2353 1666 2784 1743 πρωτότυπον
2831 1666 3018 1748 εἶναι,

424 1764 713 1842 κέκληται
769 1765 841 1828 δὲ
896 1764 1027 1828 ἀπὸ
1084 1764 1439 1829 Ψυττάλου.
1530 1765 1884 1839 Ἀγάθεια
1939 1744 2466 1830 πόλις“Φωκίδος
2523 1767 2614 1832 ὡς
2657 1769 3019 1833 Ἑλλάνικος

424 1865 661 1948 πρώτῳ
706 1866 1236 1929 Δευκαλιωνείας.
1326 1865 1452 1931 ἔςτι
1496 1868 1567 1929 δὲ
1625 1868 1728 1930 καὶ
1772 1866 2064 1942 Ἀγάθεια
2120 1868 2307 1931 πόλις
2350 1868 2601 1944 Λιγύων
2657 1871 2693 1947 ἢ
2745 1871 3016 1949 Κελτῶν,

423 1968 776 2045 παραγωγὴ
820 1970 931 2045 τῆς
962 1966 1227 2045 Ἀγὰθης
1272 1966 1362 2052 ῶς
1408 1968 1865 2045 Βερενίκεια
1910 1970 2014 2053 καὶ
2044 1970 2668 2034 Θεςςαλονίκεια.
2728 1970 3018 2034 Ἰόπεια
3058 1980 3120 2031 15

422 2068 609 2130 πόλις
654 2067 980 2149 Φοινίκης,
1026 2068 1065 2145 ἢ
1110 2070 1212 2132 καὶ
1257 2068 1443 2145 Ἰόπη.
1532 2068 1781 2144 λέγεται
1826 2070 1929 2133 καὶ
1972 2070 2168 2134 Ἰοπία
2212 2072 2317 2134 διὰ
2371 2075 2489 2135 τοῦ
2533 2072 2563 2132 ἶ
2610 2072 2712 2134 καὶ
2753 2069 2903 2134 ἴςως
2947 2073 3015 2136 ἐκ

421 2171 539 2232 τοῦ
582 2168 888 2232 Αἰθιοπία.
978 2169 1402 2233 Λαοδίκεια
1459 2169 1644 2234 πόλις
1696 2174 1808 2247 τῆς
1855 2169 2079 2248 (υρίας
2134 2171 2171 2248 ἡ
2228 2173 2550 2249 πρότερον
2600 2172 2801 2250 Λευκὴ
2858 2171 3012 2252 ἀκτὴ

424 2270 734 2349 λεγομένη
791 2272 891 2334 καὶ
946 2272 1076 2348 πρὸ
1132 2271 1372 2335 τούτου
1417 2271 1709 2352 Ῥάμιθα,
1766 2271 1857 2334 ῶς
1900 2270 2133 2334 Φίλων.
2207 2272 2334 2336 ἔςτι
2379 2274 2481 2349 καὶ
2525 2272 2710 2350 ἑτέρα
2755 2273 3011 2343 Λυδίας·

422 2370 546 2434 ἔςτι
592 2371 663 2434 δὲ
706 2373 809 2434 καὶ
852 2370 1015 2449 ἄλλη
1059 2371 1432 2443 Λυκαονίας.
1491 2373 1595 2435 καὶ
1641 2372 1885 2449 Μηδίας
1927 2372 2131 2450 ἑτέρα.
2199 2374 2446 2448 λέγεται
2493 2374 2562 2438 δὲ
2609 2375 2767 2438 κατὰ
2810 2396 3011 2454 παρα-

420 2473 637 2548 γωγὴν
684 2471 752 2534 ἐκ
795 2474 907 2548 τῆς
951 2471 1260 2549 Λαοδίκης
1307 2473 1396 2536 ὡς
1430 2473 1672 2551 Ἀπάμη
1718 2473 2087 2551 Ἀπάμεια
2144 2473 2366 2552 (υρίας
2420 2475 2606 2538 πόλις
2651 2474 2781 2540 ἀπὸ
2825 2476 3010 2540 Ἀπά-
3049 2486 3116 2535 20

422 2591 540 2649 μας
581 2575 693 2649 τῆς
738 2571 1053 2635 (ελεύκου
1097 2572 1346 2650 μητρός.
1434 2572 1562 2636 ἔςτι
1616 2574 1720 2637 καὶ
1763 2572 1926 2651 ἄλλη
1986 2575 2056 2637 ἐν
2099 2582 2175 2656 τῇ
2225 2576 2535 2654 Μεςηνῶν
2590 2581 2672 2659 γῇ
2720 2568 2854 2661 «τῷ
2897 2578 3010 2641 Πί-

420 2692 601 2750 γρητι
655 2673 1106 2754 περιεχομένη,
1164 2672 1234 2736 έν
1287 2673 1326 2755 ᾖ
1385 2674 1650 2751 ςχίζεται
1707 2672 1745 2736 ὁ
1801 2673 2044 2753 Πίγρης
2098 2676 2412 2757 ποταμός,
2480 2677 2582 2740 καὶ
2636 2676 2707 2739 ἐν
2765 2679 2880 2755 μὲν
2934 2685 3011 2760 τῇ

423 2778 594 2856 δεξιᾷ
652 2773 840 2856 μοίρᾳ
894 2771 1291 2852 περιέρχεται
1349 2776 1636 2854 ποταμὸς
1692 2772 1959 2858 (έλλας,
2016 2776 2086 2840 ἐν
2142 2779 2214 2840 δὲ
2269 2785 2343 2860 τῇ
2401 2777 2694 2861 ἀριςτερᾷ
2748 2778 3008 2860 Πίγρης,

423 2874 763 2955 ὁμώνυμος
828 2880 920 2957 τῷ
984 2873 1240 2958 μεγάλῳ
1256 2898 1301 2937 ».
1389 2875 1514 2939 ἔςτι
1569 2877 1672 2940 καὶ
1724 2879 1836 2952 τῆς
1893 2880 2111 2954 μικρᾶς
2167 2877 2474 2961 Φρυγίας,
2529 2878 2664 2957 ἥτις
2719 2880 3008 2945 ἐκαλεῖτο

425 2975 730 3040 Κελαιναί.
778 2975 900 3039 ἔςτι
945 2977 1049 3039 καὶ
1080 2976 1398 3057 Βιθυνίας,
1443 2977 1659 3055 κτίςμα
1690 2976 2088 3055 Νικομήδους
2118 2983 2233 3041 τοῦ
2265 2978 2681 3060 Ἐπιφανοῦς,
2720 2980 3008 3045 ἐκαλεῖτο
3045 2993 3109 3041 25

421 3079 492 3148 δὲ
537 3081 800 3155 πρῶτον
833 3076 1138 3154 Μύρλεια.
1184 3076 1310 3141 ἔςτι
1341 3078 1444 3141 καὶ
1485 3080 1597 3154 τῆς
1625 3078 1970 3160 Περςαίας,
2029 3079 2303 3157 Ἐδέςςης
2346 3080 2511 3158 πρὸς
2541 3079 2828 3158 ἄρκτους.
2896 3083 3006 3146 Εὐ-

421 3179 604 3257 ρώπη
650 3177 1078 3256 Εὐρώπεια.
1134 3163 1528 3257 ζκάρφεια
1569 3179 1757 3243 πόλις
1796 3179 2104 3257 Λοκρίδος
2142 3184 2275 3245 τῶν
2316 3180 2757 3260 Θερμοπυλῶν
2802 3183 3030 3260 ἐγγύς.ι

419 3279 708 3357 κέκληται
740 3282 812 3344 δὲ
842 3278 974 3343 ἀπὸ
1000 3278 1365 3358 (καρφείας.
1396 3281 1499 3343 καὶ
1523 3279 1821 3360 (κάρφην
1853 3283 1967 3359 τὴν
1998 3281 2197 3360 αὐτὴν
2229 3282 2397 3358 λέγει
2421 3281 2720 3363 (τράβων
2747 3283 2805 3367 (1
2839 3306 2899 3368 p.
2923 3285 3009 3348 60

420 3387 484 3441 et
513 3378 554 3440 9
596 3401 657 3464 p.
686 3378 861 3466 426).
952 3380 1324 3457 Γεράνεια
1366 3381 1552 3446 πόλις
1609 3381 1887 3459 Φρυγίας
1929 3381 2061 3447 ἀπὸ
2106 3379 2539 3461 πρωτοτύπου
2572 3385 2823 3463 Γεράνη.
2878 3386 3005 3451 ἔςτι

419 3480 523 3543 καὶ
566 3479 721 3558 ὄρος
764 3481 992 3560 μεταξὺ
1039 3481 1358 3558 Μεγάρων
1402 3482 1505 3546 καὶ
1552 3483 1895 3566 Κορίνθου,
1950 3482 2071 3564 ἀφ’
2120 3482 2200 3547 οὗ
2244 3484 2445 3562 ἥλατο
2491 3485 2626 3549 Ἰνὼ
2672 3488 3001 3565 φεύγουςα
3038 3498 3104 3549 30

418 3581 535 3645 τὸν
581 3580 952 3660 Ἀθάμαντα.
1024 3580 1386 3646 Αἰθάλεια
1430 3587 1622 3661 νῆςος
1665 3585 2024 3664 Τυρςηνῶν.
2101 3585 2390 3650 Φίλιςτος
2434 3587 2505 3652 έν
2549 3585 2600 3651 ε’
2646 3586 3001 3674 (ικελικῶν,

419 3682 670 3757 λέγεται
695 3681 947 3760 Αἰθάλη.
980 3681 1302 3747 Ἑκαταῖος
1327 3683 1616 3770 Εὐρώπῃ.
1646 3686 1973 3766 Πολύβιος
2003 3687 2060 3750 δ’
2084 3687 2155 3753 ἐν
2179 3694 2512 3772 τριακοςτῇ
2542 3689 2809 3772 τετάρτῃ
2835 3691 3001 3765 λέγει
3054 3744 3062 3762 ,

414 3783 749 3847 Αἰθάλειαν
780 3783 896 3861 τὴν
926 3782 1183 3862 Λῆμνον
1215 3786 1547 3850 καλεῖςθαι.
1614 3787 1904 3851 ἐκαλεῖτο
1938 3789 2008 3852 δὲ
2047 3789 2253 3853 οὕτως
2281 3788 2320 3866 ἡ
2365 3789 2552 3853 πόλις
2579 3789 2729 3854 ἴςως
2760 3790 2829 3854 ἐκ
2870 3796 3001 3855 τῶν

414 3882 899 3963 ἀναδιδομένων
944 3888 1061 3948 τοῦ
1104 3883 1451 3963 Ἡφαίςτου
1493 3887 1856 3967 κρατήρων.
1934 3889 2415 3966 Γοργίππεια
2468 3887 2654 3954 πόλίς
2699 3888 2999 3968 (ινδικῆς.
3115 3965 3120 3972 ,

416 3985 663 4060 λέγεται
706 3986 809 4049 καὶ
854 3984 1192 4063 Γοργίππη.
1247 3985 1636 4062 Αἰγώνεια
1679 3989 1867 4054 πόλις
1912 3989 2229 4068 Μηλιέων.
2297 3990 2657 4070 Λυκόφρων
2702 3992 2797 4072 (v.
2843 3991 2997 4074 903)
3036 4002 3102 4054 35

417 4084 550 4151 «ὧν
597 4085 818 4165 οἱμὲν
862 4085 1210 4160 Αἰγώνειαν
1254 4085 1461 4152 ἄθλιοι
1506 4088 1758 4167 πάτραν
1773 4115 1816 4153 ».
1886 4091 1986 4154 καὶ
2030 4089 2366 4155 Ἑκαταῖος.
2429 4091 2679 4156 Ῥιανὸς
2723 4091 2998 4156 ἑκκαιδε-

412 4187 569 4271 κάτῃ
612 4187 905 4265 Αἰγώνην
949 4187 1151 4264 αὐτὴν
1194 4191 1388 4252 καλεῖ.
1479 4191 1903 4268 Κωρύκεια·
1970 4189 2179 4255 οὕτως
2232 4190 2393 4255 ἔνιοι
2449 4193 2751 4269 Κώρυκον
2805 4194 2998 4257 πόλιν

416 4288 685 4353 Κιλικίας
715 4289 950 4368 φαςίν.,
980 4287 1357 4353 Λυκόζεια
1385 4289 1571 4352 πόλις
1602 4288 1903 4372 Θρακῶν,
1948 4292 1987 4368 ἢ
2033 4292 2135 4354 καὶ
2164 4291 2459 4358 Λύκοζος.
2507 4293 2998 4372 Τηλάνδρεια

413 4388 598 4453 πόλις
647 4389 903 4471 Καρίας,
959 4389 998 4466 ἣ
1053 4390 1156 4452 καὶ
1200 4389 1593 4468 Τήλανδρος.
1681 4389 2067 4455 Φανότεια
2123 4392 2309 4457 πόλις
2351 4392 2657 4458 Φωκίδος.
2749 4395 2997 4470 λέγεται

549 4540 584 4589 l.
622 4542 685 4590 10
731 4540 797 4591 do
833 4538 1148 4593 Ψυττάλεια
1196 4542 1277 4592 St.
1313 4543 1376 4592 B.
1422 4540 1764 4606 Ἡρωδιανὸς
1811 4541 2004 4605 μέντοι
2050 4542 2349 4609 Ψυττάλην
2393 4543 2576 4610 αὐτὴν
2620 4535 2803 4610 ι’(αλεῖ,
2851 4546 2997 4613 quod

415 4605 496 4656 sic
539 4607 963 4673 intelligendum
1009 4615 1124 4673 est,
1169 4617 1231 4660 ut
1276 4609 1625 4661 Herodianus
1678 4609 1895 4676 prolato
1953 4612 2160 4666 formae
2205 4611 2521 4664 Ψυττάλεια
2573 4615 2822 4680 exemplo
2873 4617 2996 4682 ipse

413 4672 679 4739 Ψυττάλη
715 4677 952 4793 ezeciam
988 4693 1047 4727 se
1086 4678 1369 4743 praeferre
1405 4679 1619 4732 dixerit.
1692 4680 1828 4729 Item
1866 4694 1925 4730 se
1961 4680 2195 4742 habent,
2242 4697 2384 4746 quae
2421 4681 2487 4733 de
2526 4679 2787 4734 Αἰθάλεια
2823 4684 2998 4733 refert

414 4739 495 4790 St.
533 4741 593 4791 Β.
631 4757 675 4790 s.
713 4742 755 4794 Α
780 4741 922 4807 θάλη
958 4746 1127 4810 νῆςος
1162 4741 1494 4811 Τυρςηνῶν·
1541 4744 1798 4798 Φίλιςτος
1846 4746 1906 4796 δ’
1941 4745 2003 4796 ἐν
2041 4739 2086 4797 ε’
2122 4745 2426 4800 (ικελικῶν
2473 4747 2769 4801 Αἰθάλειαν
2813 4750 2995 4813 αὐτὴν

414 4806 572 4859 καλεῖ
608 4808 699 4859 καὶ
736 4809 1078 4872 Ἡρωδιανὸς
1114 4813 1205 4863 καὶ
1242 4813 1424 4877 Ὦρος.
1494 4819 1501 4822 ’

2385 4989 2398 4998 ἢ
2471 4901 2594 4963 18*
