3664 5546
621 392 749 457 210
867 360 874 379 ’
1555 391 1637 446 εκ
1672 392 1812 447 mu
1857 391 2265 446 ΗΡΩΔιΑΝοΥ

620 564 661 642 ἡ
706 564 808 629 καὶ
855 562 1180 643 Καβηςςός.
1251 563 1633 645 Κυβαςςός
1687 563 1874 630 πόλις
1922 561 2163 642 Καρίας.
2229 559 2666 639 Πριναςςός
2719 560 2905 625 πόλις
2952 559 3195 640 Καρίας.

620 664 1072 731 Ῥυτιαςςός.

787 768 883 833 Τὰ
938 768 1024 833 εἰς
1077 770 1194 833 ἴοῖ
1249 768 1756 849 ὑπερδιςύλλαβα
1809 768 1996 851 ἁπλῷ
2051 773 2143 852 τῷ
2196 770 2230 832 ἒ
2288 766 2787 845 παραληγόμενα
2841 763 3070 831 ςπάνια
3122 764 3195 829 ἓν

559 868 574 886 ¹
618 873 650 932 Ε
714 871 948 949 ἔχοντα
1003 871 1588 954 προπαροξύνεται,
1644 871 1965 951 Ἐφεςος
2017 870 2202 935 πόλις
2268 868 2501 933 Ἰωνίας
2566 865 3029 947 ἐπιφανεςτάτη
3092 868 3197 931 καὶ

543 979 577 1029 5
622 973 805 1051 λιμὴν
864 974 933 1037 ἐν
979 974 1217 1057 κόλπῳ.
1305 972 1654 1052 Ἡρόδοτος
1708 974 1778 1038 δὲ
1822 971 2055 1038 Λυδίας
2109 971 2310 1051 αὐτήν
2355 990 2543 1050 φηςιν
2597 966 2661 1051 (Ι
2710 966 2876 1052 142).
2964 969 3192 1048 ἐκλήθη

618 1076 689 1139 δὲ
734 1073 863 1139 ἀπὸ
909 1078 1051 1155 μιᾶς
1091 1080 1222 1142 τῶν
1268 1074 1663 1157 Ἀμαζόνων,
1719 1076 1798 1154 ἣν
1844 1075 1946 1139 καὶ
1990 1074 2335 1153 βαςίλιςςαν
2379 1072 2482 1137 καὶ
2536 1073 2877 1150 πρόπολον
2921 1071 3192 1152 Ἀρτέμι-

617 1179 731 1241 δος
787 1175 952 1241 εἶναί
1004 1197 1212 1257 φαςιν.
1300 1177 1425 1243 ἔςτι
1480 1178 1582 1242 καὶ
1623 1177 1893 1258 Ἐφεςος
1948 1178 2139 1253 νῆςος
2192 1173 2264 1240 ἐν
2318 1179 2410 1258 τῷ
2468 1173 2673 1257 Νείλῳ
2730 1174 2833 1238 καὶ
2887 1173 3037 1239 Χίος
3091 1174 3193 1237 καὶ

615 1278 848 1360 Λέςβος
892 1280 994 1344 καὶ
1041 1279 1292 1357 Κύπρος
1337 1280 1437 1345 καὶ
1483 1278 1688 1359 (άμος
1733 1280 1836 1344 καὶ
1878 1277 2098 1361 ἄλλαι,
2145 1277 2235 1342 ὡς
2278 1276 2614 1342 Ἑκαταῖος.
2659 1275 2966 1354 ’Έρεςος
3008 1276 3190 1340 πόλις

615 1380 855 1461 Λέςβου
909 1380 1040 1446 ἀπὸ
1086 1381 1336 1460 Ἐρέςου
1390 1385 1508 1446 τοῦ
1565 1381 1885 1460 Μάκαρος.
1969 1380 2043 1444 τὸ
2089 1379 2304 1460 μέντοι
2350 1378 2685 1465 Θυεςςός
2737 1377 2922 1443 πόλις
2964 1377 3190 1443 Λυδίας

515 1485 582 1537 10
616 1481 746 1547 ἀπὸ
793 1483 1071 1548 Θυεςςοῦ
1116 1484 1408 1562 καπήλου
1442 1518 1527 1530 -
1569 1482 1695 1548 ἔςτι
1740 1485 1844 1548 καὶ
1884 1482 2168 1548 Πιςιδίας
2207 1517 2293 1529 -
2336 1481 2456 1546 δύο
2502 1484 2569 1545 ἴς
2614 1479 2768 1559 ἔχον
2812 1477 3115 1545 ὀξύνεται.

783 1584 877 1649 Τὰ
933 1584 1021 1650 εἰς
1074 1588 1194 1649 ff
1247 1585 1754 1666 ύπερδιςύλλαβα
1807 1590 1900 1668 τῷ
1953 1587 1994 1663 ῆ
2049 1582 2544 1663 παραληγόμενα
2599 1581 2821 1660 ἕτερον
2875 1582 3110 1661 ἔχοντα
3158 1585 3190 1646 ἱ

615 1686 931 1753 ὀξύνεται·
990 1685 1045 1751 εἰ
1089 1687 1159 1752 δέ
1215 1709 1272 1751 τι
1319 1687 1678 1768 βαρύτονον
1723 1685 1852 1770 εἴη,
1910 1686 2303 1767 παρώνυμον
2358 1684 2439 1750 ἂν
2484 1683 2597 1763 εἴη.
2684 1684 2763 1748 τὰ
2807 1684 2878 1748 δὲ
2920 1684 2993 1748 ἓν
3037 1681 3188 1746 ἀνα-

615 1789 924 1868 δεξάμενα
966 1790 999 1853 ἰ
1045 1789 1415 1873 βαρύνεται,
1472 1790 1700 1855 ςπάνια
1744 1790 1815 1854 δέ
1861 1789 2014 1871 ἐςτι,
2069 1788 2264 1867 χωρὶς
2316 1786 2371 1852 εἰ
2416 1788 2497 1866 μή
2542 1786 2801 1852 ἔννοιαν
2845 1784 3190 1850 ςυνθέςεως

614 1891 768 1969 ἔχοι.
855 1890 1302 1970 Ταρτηςςός
1345 1892 1532 1956 πόλις
1577 1891 1835 1972 Ἰβηρίας
1880 1890 2010 1955 ἀπὸ
2054 1892 2348 1968 ποταμοῦ
2391 1892 2509 1953 τοῦ
2553 1887 2683 1954 ἀπὸ
2725 1890 2842 1952 τοῦ
2882 1886 3191 1966 Ἀργυροῦ

514 1995 577 2047 15
613 1992 810 2072 ὄρους
856 1990 1139 2071 ῥέοντος.
1195 1992 1640 2072 Λυρνηςςός
1684 1994 1869 2058 πόλις
1914 1991 2178 2071 Τρωϊκή.
2223 1989 2736 2070 Λυκαβηςςός.
2787 1990 3186 2068 Μυκαλης-

613 2096 741 2161 ςός
784 2094 971 2159 πόλις
1029 2093 1100 2160 ἐν
1156 2095 1449 2178 μεςογείᾳ
1494 2095 1816 2160 Βοιωτίας.
1904 2092 2300 2172 Θουκυδίδης
2356 2092 2590 2175 ἑβδόμῃ
2634 2093 2714 2174 (e.
2744 2089 2872 2172 29).
2960 2091 3188 2170 ἐκλήθη

611 2198 682 2262 δὲ
739 2196 836 2261 ὅτι
892 2196 932 2276 ἡ
988 2201 1140 2277 βοῦς
1183 2196 1455 2262 ἐνταῦθα
1508 2196 1858 2276 ἑμυκήςατο
1913 2197 1954 2276 ἡ
2009 2196 2124 2260 τὸν
2185 2195 2436 2274 Κάδμον
2501 2194 2605 2258 καὶ
2665 2193 2781 2258 τὸν
2846 2193 2959 2258 ςὺν
3013 2192 3187 2275 αὐτῷ

610 2299 878 2377 ςτρατὸν
923 2296 1249 2375 ἀγαγοῦςα
1293 2297 1380 2364 εἰς
1411 2298 1637 2379 Θήβας.
1694 2297 1819 2363 ἔςτι
1864 2299 1966 2363 καὶ
2009 2296 2170 2376 ἄλλη
2217 2296 2474 2377 Καρίας,
2523 2295 2611 2360 ὡς
2653 2295 2936 2375 Ἔφορος
2979 2295 3185 2379 τρίτῳ.

609 2399 734 2464 ἔςτι
779 2400 883 2464 καὶ
929 2398 1086 2478 ὄρος
1133 2399 1543 2479 Μυκαληςςός
1588 2399 1882 2466 ἐναντίον
1914 2399 2142 2480 (Σάμου.
2187 2398 2624 2479 Τευμηςςός
2668 2395 2825 2476 ὄρος
2866 2398 3185 2463 Βοιωτίας.

509 2506 577 2558 ‘20
612 2500 896 2582 Ὅμηρος
940 2501 1011 2567 ἐν
1056 2508 1147 2586 τῷ
1192 2501 1280 2567 εἰς
1323 2501 1701 2567 Ἀπόλλωνα
1745 2500 1924 2586 ὕμνῳ
1970 2499 2059 2585 (v,
2090 2499 2242 2583 224)
2288 2499 2417 2566 «εἰς
2465 2500 2878 2578 Μυκαληςςόν
2925 2500 3040 2565 ἰὼν
3084 2501 3188 2564 καὶ

609 2603 967 2683 Τευμηςςὸν
1026 2603 1364 2683 λεχεποίην
1380 2628 1425 2668 ».
1514 2602 1697 2687 ἄςτυ,
1765 2603 1856 2668 ὡς
1919 2603 2333 2683 Δημοςθένης
2397 2601 2469 2669 ἐν
2531 2601 2722 2686 τρίτῳ
2779 2602 3183 2668 Βιθυνιακῶν.

609 2704 841 2785 ἐκλήθη
887 2704 954 2768 δ’
1007 2704 1213 2771 οὕτως
1225 2754 1243 2788 ,
1292 2706 1381 2772 ὡς
1426 2704 1794 2785 Ἀντίμαχος
1836 2706 2073 2790 πρώτῳ
2119 2705 2449 2786 Θηβαίδος.

1012 2808 1247 2873 οὕνεκά
1291 2807 1353 2874 οἱ
1401 2808 1739 2891 Κρονίδης,
1785 2808 1930 2875 ὅςτε
1975 2808 2134 2888 μέγα
2175 2810 2363 2873 πᾶςιν
2407 2804 2688 2890 ἀνάςςει,

1011 2908 1251 2989 ἄντρον
1295 2909 1390 2975 ἐνὶ
1434 2915 1625 2994 ςκηνῇ
1668 2911 2052 2992 τευμήςατο,
2095 2909 2308 2989 τόφρα
2350 2929 2459 2974 κεν
2505 2906 2601 2987 εἴη

508 3020 574 3069 ‘25
1011 3010 1315 3078 Φοίνικος
1359 3011 1558 3091 κούρη
1603 3013 1983 3093 κεκυθμένα,
2028 3009 2206 3091 ὄφρα
2249 3009 2281 3075 ἑ
2323 3012 2405 3089 μή
2448 3032 2542 3076 τις

1010 3114 1167 3191 μηδὲ
1211 3117 1377 3179 θεῶν
1422 3112 1621 3178 ἄλλος
1664 3133 1737 3189 γε
1781 3113 1979 3192 παρὲξ
2023 3112 2367 3193 φράςςαιτό
2410 3133 2519 3178 κεν
2564 3112 2780 3178 αὐτοῦ.

606 3212 1051 3293 Ἐδεβηςςός
1105 3213 1291 3279 πόλις
1334 3213 1594 3296 Λυκίας,
1655 3214 2058 3295 Ἐρβηςςός
2112 3214 2298 3279 πόλις
2353 3212 2644 3279 (ἶικελίας.
2734 3214 3178 3298 Ὀρδηςςός,

608 3313 970 3393 Ὀδηςςός
1025 3314 1210 3381 πόλις
1276 3314 1346 3381 ἐν
1400 3316 1622 3400 πόντῳ
1689 3316 1853 3394 πρὸς
1907 3322 1998 3401 τῷ
2053 3314 2486 3400 (αλμυδηςςῷ.
2571 3316 3061 3396 Ἀπολλόδωρος
3115 3318 3178 3383 δ’

606 3412 763 3493 ὄρος
817 3414 976 3494 μέγα
1029 3416 1145 3494 τὴν
1187 3416 1491 3495 Ὀδηςςόν
1546 3438 1758 3497 φηςιν.
1848 3417 2389 3499 (ἶαλμυδηςςός
2442 3418 2684 3483 κόλπος
2740 3422 2857 3484 τοῦ
2900 3419 3178 3484 Πόντου.

506 3529 574 3580 30
607 3516 956 3595 Ἀγηςςός
1000 3519 1185 3583 πόλις
1214 3518 1464 3602 Θρᾴκης
1509 3519 1599 3584 ὡς
1629 3519 2020 3599 Θεόπομπος
2065 3520 2136 3585 ἐν
2179 3526 2634 3604 τεςςαρακοςτῇ
2675 3520 2925 3605 ἑβδόμῃ.
2971 3522 3177 3586 Ἀκα-

607 3618 879 3697 ληςςός
934 3618 1118 3685 πόλις
1179 3621 1435 3702 Λυκίας,
1502 3620 1895 3701 Ἀςςηςςός
1960 3622 2145 3688 πόλις
2204 3622 2508 3701 Μιληςίας
2571 3625 2703 3702 γῆς.
2790 3622 3178 3703 Θεόπομπος

757 3874 790 3925 l.
825 3878 859 3926 4
893 3874 1124 3940 Ἐφεςος
1162 3893 1228 3925 ex
1266 3878 1346 3927 St.
1383 3878 1443 3927 B.
1480 3878 1724 3943 explevi,
1770 3879 1903 3929 item
1938 3876 2186 3943 Ἐρεςος,
2232 3895 2301 3929 ex
2346 3877 2535 3929 eodem
2573 3894 2625 3942 p.
2663 3881 2788 3940 319,
2828 3881 2892 3930 13
2937 3876 3175 3931 Θυεςςός

603 3940 763 3993 πόλις
801 3941 1002 3998 Λυδίας
1038 3942 1348 4005 όξοτόνωςς
1389 3961 1475 4010 ap.
1513 3946 1759 4012 Theogn.
1797 3949 1882 4012 ⁸12,
1917 3949 1984 3997 29
2020 3945 2251 3999 Εύεςςός
2287 3945 2375 3998 διὰ
2411 3945 2511 3997 δύο
2547 3948 2606 3999 {E
2638 3944 3024 4010 γραφόμενον·
3064 3947 3175 3999 ἐςτι

601 4010 662 4062 δὲ
700 4010 879 4074 ὄνομα
915 4010 1141 4063 πόλεως
1178 4028 1244 4062 ex
1280 4011 1518 4065 Θυεςςός
1555 4020 1871 4080 corruptum
1917 4021 2021 4066 est.
2163 4015 2195 4065 l.
2235 4017 2295 4065 11
2333 4014 2604 4065 Arcadius
2640 4017 2720 4064 sie
2756 4029 3018 4066 canonem
3095 4031 3175 4066 ro-

603 4080 739 4132 fert:
776 4078 848 4130 τά
884 4077 962 4131 εἰς
999 4084 1089 4131 fec
1124 4082 1209 4145 τῷ
1245 4082 1280 4143 ῆ
1319 4080 1758 4147 παραληγόμενα
1794 4080 2076 4135 ὀξύνεται·
2124 4079 2174 4134 εἰ
2207 4080 2269 4133 δέ
2313 4096 2365 4132 τι
2403 4081 2716 4146 βαρύτονον
2752 4079 2869 4147 εἴη,
2916 4097 2995 4134 πα
3085 4097 3173 4134 νυ-

602 4160 708 4209 μον
745 4145 815 4198 ἂν
852 4145 938 4212 εἴη
977 4147 1067 4198 καὶ
1103 4147 1326 4199 ἔννοιαν
1372 4149 1678 4201 ςυνθέςεως
1726 4149 1870 4214 ἔχοι,
1907 4148 2252 4217 Ταρτηςςός,
2292 4149 2630 4216 Λυρνηςςός,
2668 4150 3035 4270 Λυκαίῃςςός.
3104 4151 3173 4203 τὸ

601 4213 793 4277 μέντοι
832 4213 942 4279 Κάρ
984 4229 1105 4268 ςςος
1143 4215 1210 4279 (Β
1251 4213 1545 4282 Κάβηςςος)
1583 4217 1730 4270 τινὲς
1769 4216 2111 4283 βαρύνουςιν.
2182 4218 2478 4283 βαρύνεται
2522 4218 2583 4270 δὲ
2618 4220 2799 4270 ταῦτα
2897 4216 3173 4284 άρπηςςος

598 4280 713 4334 ἀπὸ
749 4285 853 4334 τοῦ
891 4281 948 4334 Μ
989 4297 1217 4349 ρπηςςα.
1284 4284 1355 4336 τὸ
1392 4285 1452 4337 δὲ
1489 4285 1819 4352 Μυόννηςος
1857 4286 1975 4338 κτλ.
2028 4287 2273 4353 Theogn.
2312 4290 2394 4346 ⁶12,
2429 4290 2493 4338 31
2533 4288 2829 4352 distinguit
2863 4288 3081 4338 nomina
3116 4290 3174 4338 in

597 4355 756 4413 ηςςος
802 4367 835 4401 a
871 4353 1181 4402 nominibus
1218 4351 1275 4402 in
1311 4355 1471 4417 ῆ-ςῖῐε
1509 4353 1581 4405 τὰ
1616 4354 1703 4406 διὰ
1737 4356 1842 4406 τοῦ
1878 4358 2045 4417 ῆςῖὸῖ
2081 4353 2322 4407 ὀξύτονα
2345 4353 2490 4420 ὑπὲρ
2513 4354 2615 4406 δύο
2641 4354 2912 4419 ςυλλαβάς
2947 4355 3036 4408 διὰ
3069 4358 3172 4408 τοῦ

596 4420 631 4482 ῆ
672 4420 760 4470 καὶ
796 4417 898 4471 δύο
932 4422 991 4471 H:
1026 4418 1298 4485 γράφεται
1335 4449 1399 4456 -—
1435 4420 1505 4474 τὸ
1552 4421 1757 4488 Κέηςος
1793 4423 1918 4486 (scr.
1959 4420 2258 4487 Κάρηςος),
2297 4420 2562 4488 Βρίληςος
2605 4423 2685 4475 δι’
2720 4422 2849 4475 ἑνὸς
2886 4427 2915 4475 ἰ·
2962 4423 3172 4488 γραφό-

597 4500 737 4549 μενα
774 4487 1122 4552 βαρύνονται.
1193 4489 1328 4540 Cum
1364 4490 1717 4557 'theognosto
1753 4491 2006 4556 congruit
2041 4493 2206 4541 etiam
2242 4490 2308 4542 11.
2340 4494 2493 4543 Pron.
2530 4490 2587 4545 Μ
2623 4495 2717 4557 20,
2756 4493 2852 4543 ubi
2886 4492 3029 4542 idem
3064 4492 3173 4542 die·

595 4557 796 4607 crimen
832 4558 1110 4612 statuitur.
1183 4559 1367 4621 Quare
1416 4574 1678 4609 canonem
1720 4559 1790 4609 ab
1826 4559 2064 4611 Arcadio
2112 4559 2475 4624 neglegenter
2516 4567 2839 4626 conceptum
2881 4561 3170 4611 restituen-

596 4623 723 4673 dum
759 4624 1062 4677 arbitratus
1096 4640 1215 4676 sum
1250 4625 1331 4676 sie
1369 4626 1506 4689 fere,
1545 4632 1607 4677 ut
1642 4628 1768 4681 feei.
1804 4653 1872 4663 —
1908 4626 2225 4692 Ταρτηςςός
2261 4624 2573 4693 Λυρνηςςός
2619 4627 2835 4694 explevi
2872 4644 2938 4678 ex
2974 4626 3052 4678 st.
3090 4628 3167 4689 B.,

597 4689 963 4758 Μυκαληςςός
1001 4720 1066 4728 —-
1103 4690 1486 4759 (αλμυδηςςός
1534 4710 1601 4744 ex
1637 4695 1882 4762 Theogn.
1929 4695 2131 4746 collato
2178 4694 2367 4760 Steph.
2402 4696 2700 4761 Byzantio;
2750 4712 2847 4762 pro
2886 4693 3167 4760 Ἐλβηςςός

595 4775 685 4824 ap.
722 4760 968 4827 Theogn.
1015 4760 1195 4823 ὄνομα
1242 4764 1499 4825 ποταμοῦ
1538 4763 1674 4816 Lob.
1712 4762 1883 4815 Proll.
1917 4764 2017 4813 411
2059 4768 2157 4814 aut
2195 4760 2509 4828 Ἐδεβηςςός
2543 4763 2632 4815 vel
2672 4761 2953 4829 Ἐρβηςςός
2988 4762 3168 4827 ὄνομα

593 4825 820 4879 πόλεως
856 4828 1208 4880 scribendum
1231 4829 1526 4892 iudicavit,
1566 4830 1819 4896 equidem
1842 4835 2130 4898 utrumque
2155 4831 2483 4882 vocabulum
2508 4834 2716 4898 recepi;
2754 4837 2977 4884 exstant
3001 4833 3167 4881 etiam

593 4911 683 4961 ap.
732 4897 813 4946 St.
860 4897 923 4946 B.
1003 4896 1236 4948 Nomina
1282 4897 1408 4949 inde
1453 4899 1523 4950 ab
1573 4896 1834 4964 Ἀγηςςός
1881 4914 2054 4965 usque
2101 4898 2172 4951 ad
2219 4897 2496 4966 Καβηςςός
2541 4916 2610 4952 ex
2655 4901 2736 4952 St.
2781 4901 2843 4952 B.
2889 4900 3166 4951 transtuli.
