3664 5546
1524 365 1942 415 PRAEFATIO.
2900 369 3023 419 0111

454 522 571 587 δύο
616 521 738 600 γάρ
784 522 893 586 εἰει
938 522 1051 586 τὸν
1097 521 1389 599 ἀριθμόν·
1434 522 1509 585 τὸ
1555 522 1669 600 μὲν
1710 521 1815 585 διὰ
1858 525 1975 586 τοῦ
2020 523 2057 601 ἦ
2104 523 2518 602 γραφόμενον
2562 524 2637 589 τὸ
2683 525 2873 605 νήφω
2919 525 3022 589 ἐπὶ

451 628 565 688 τοῦ
621 630 881 705 φρονῶ,
939 623 1003 690 ἐξ
1058 621 1138 687 οὗ
1192 624 1293 686 καὶ
1344 624 1420 688 τὸ
1475 623 1831 702 νηφαλὲος·
1890 622 1991 687 ἐπὶ
2047 625 2117 688 δὲ
2171 630 2288 689 τοῦ
2344 625 2599 704 χιονίζω
2656 627 2759 690 διὰ
2812 631 2923 705 τῆς
2967 631 3021 691 ἑι

450 725 808 804 διφθόγγου
852 726 951 789 καὶ
995 724 1187 805 νιφάς
1230 726 1333 788 καὶ
1362 724 1622 805 νιφετός
1666 726 1770 789 διὰ
1807 728 1927 789 τοῦ
1971 728 2020 808 i,
2065 724 2238 789 unde
2268 735 2541 811 apparet
2568 726 3017 792 Herodianum

447 825 610 890 haec
652 825 779 890 duo
825 825 1028 891 verba
1071 847 1189 911 pro
1234 823 1514 890 diversis
1559 822 1736 889 nullo
1782 823 1909 891 alio
1954 824 2216 891 vinculo
2269 826 2395 891 nisi
2440 829 2799 914 scripturae
2844 830 3019 894 simi-

449 927 723 992 litudine
767 927 1107 991 coniuncta
1147 935 1439 1013 putasse,
1484 928 1599 993 sed
1644 950 1729 991 ex
1774 927 2204 993 Choerobosc.
2252 928 2440 993 Orth.
2484 931 2631 1013 241,
2677 932 2782 1013 34,
2828 955 3019 1018 quem

448 1028 518 1094 id
561 1029 645 1095 ab
688 1028 1063 1094 Herodiano
1116 1019 1482 1094 mutuatum
1536 1051 1678 1093 esse
1734 1031 2113 1117 suspiceriS,
2169 1030 2452 1096 efficitur
2504 1032 2741 1113 fuisse,
2800 1035 2911 1119 qui
2955 1045 3022 1100 ct

416 1161 421 1166 ·
448 1142 594 1196 ortu
623 1141 688 1196 et
718 1131 1090 1215 significatu
1133 1153 1210 1196 ea
1239 1140 1517 1215 cognata
1545 1131 2049 1197 arbitrarentur:
2096 1135 2314 1215 νήφω;
2361 1136 2435 1198 τὸ
2468 1134 2574 1206 ἐπὶ
2601 1139 2716 1200 τοῦ
2748 1135 2884 1219 [μὴ]
2917 1157 3019 1215 με·

447 1235 582 1300 θύω
613 1234 770 1299 κατὰ
803 1235 1048 1313 τροπὴν
1081 1236 1451 1311 γεγενῆςθαι
1487 1235 1655 1309 λέγει
1692 1234 2127 1300 Ἀπολλώνιος
2163 1236 2230 1313 (ὁ
2265 1236 2581 1316 Ἀρχιβίου
2617 1234 2803 1299 addit
2822 1237 2903 1300 E.
2927 1236 3017 1300 M.

446 1335 594 1416 605,
639 1335 749 1420 34)
796 1335 925 1400 ἀπὸ
969 1340 1087 1401 τοῦ
1131 1336 1335 1416 νείφω
1380 1339 1499 1401 τοῦ
1531 1338 1948 1415 ςημαίνοντος
1988 1339 2064 1402 τὸ
2110 1338 2369 1416 χιονίζω
2414 1340 2571 1402 κατὰ
2614 1341 2862 1417 τροπὴν
2907 1343 3020 1417 τῆς

447 1444 501 1504 εἶ
546 1438 901 1519 διφθόγγου
945 1438 1036 1503 εἰς
1079 1442 1146 1517 ἦ·
1190 1439 1344 1503 τοὺς
1384 1439 1509 1516 γὰρ
1555 1441 2117 1517 λειποψυχοῦντα(
2147 1439 2457 1505 πολλάκις
2502 1439 2735 1505 ὕδατος
2780 1440 3018 1519 ῥανίςιν

445 1541 675 1620 νήφειν
719 1544 1048 1619 ποιοῦμεν.
1109 1539 1235 1624 Ap.
1266 1540 1420 1603 Arc.
1460 1538 1600 1620 123,
1632 1539 1672 1603 3
1703 1539 2024 1625 seriptum
2068 1550 2171 1604 est
2211 1539 2545 1624 ἄνδειρον,
2591 1562 2697 1626 ap.
2730 1540 3016 1626 Hesych.

444 1643 761 1722 ἄνδηρον,
833 1638 1006 1703 unde
1080 1649 1425 1725 utrumque
1502 1640 1817 1725 probasse
1882 1640 2329 1705 Herodianum
2398 1642 2466 1705 in
2534 1641 3018 1728 orthographia

443 1742 689 1826 iudico3
733 1742 801 1807 in
844 1740 1010 1806 libro
1039 1746 1185 1822 περὶ
1227 1747 1452 1808 παθῶν
1484 1742 1563 1806 Ε.
1594 1742 1684 1806 Μ.
1715 1742 1861 1825 666,
1893 1742 1977 1807 35
2007 1742 2421 1808 Herodianus
2451 1745 2730 1825 πετηνόν
2775 1742 3015 1830 ample-

443 1844 665 1926 ctitur,
713 1843 874 1908 alios
919 1847 1212 1910 πετεινόν
1258 1844 1541 1910 scribere
1587 1842 1778 1922 dicit,
1824 1867 1929 1930 ap.
1971 1840 2255 1930 Hesych.
2302 1847 2594 1925 κειρύλος
2635 1855 2699 1910 et
2743 1848 3016 1927 κηρύλος

441 1955 684 2027 exstat,
730 1946 1179 2011 controversia
1217 1945 1375 2027 fuit,
1420 1955 1639 2009 utrum
1667 1948 1947 2026 τεθνηώς
1977 1969 2060 2011 an
2103 1950 2398 2014 τεθνειώς
2444 1947 2861 2014 scribendum
2908 1949 3013 2030 sit,

441 2046 750 2113 Lehrsius
818 2046 904 2112 ad
967 2050 1019 2114 Θ
1081 2048 1162 2112 18
1225 2047 1614 2133 pronunciat
1666 2046 2115 2112 Herodianum
2171 2051 2577 2115 consensisse
2632 2050 3015 2115 Aristarcho

439 2152 721 2229 τεθνηώς
784 2148 1160 2234 proferenti.
1266 2149 1616 2215 Latissime
1677 2158 1861 2236 patet
1923 2151 2344 2217 commutatio
2411 2150 2657 2216 vocalis
2721 2157 2760 2232 ἦ
2825 2154 2893 2216 in
2962 2176 3013 2219 ει

441 2249 912 2336 diphthongum
961 2250 1029 2314 in
1074 2249 1351 2316 dialecto
1397 2251 1728 2318 Boeotica.
1816 2250 2231 2316 Herodianus
2276 2253 2343 2315 in
2388 2251 2556 2318 libro
2600 2256 2747 2334 περὶ
2789 2262 3013 2322 παθῶν

441 2352 522 2416 Ε.
567 2351 656 2416 Μ.
702 2352 845 2433 675,
889 2352 973 2416 30
1017 2351 1204 2417 dicit:
1256 2353 1316 2417 οἱ
1359 2353 1608 2419 Αἰολεῖς
1651 2356 1726 2420 τὸ
1770 2360 1808 2431 ἦ
1857 2355 1944 2419 εἰς
1989 2360 2041 2420 εἾ
2088 2355 2571 2436 μεταβάλλουςι·
2613 2358 2687 2422 τὸ
2731 2360 2856 2436 γὰρ
2902 2360 3011 2423 πέ-

440 2476 555 2534 νης
619 2455 830 2520 πένεις
897 2455 1162 2530 λέγουςι.
1261 2453 1410 2534 Qua
1461 2464 1647 2540 trope
1702 2454 2202 2541 explicabantur
2257 2457 2453 2520 etiam
2514 2458 2832 2542 quaedam
2889 2481 3011 2523 usu

439 2556 763 2619 communi
816 2552 1266 2641 promulgatae
1321 2556 1569 2641 species
1641 2555 1819 2621 velut
1871 2559 2116 2622 τέθεικα
2182 2566 2247 2620 et
2300 2560 2661 2637 καυςτειρός
2717 2558 3009 2642 Theogn.

441 2658 545 2737 71,
596 2657 668 2719 11
716 2659 819 2722 διὰ
863 2660 973 2736 τῆς
1019 2662 1073 2723 εἶ
1115 2657 1470 2737 διφθόγγου
1512 2659 1825 2738 γράφεται
1872 2667 2077 2742 τροπῇ
2129 2661 2475 2742 Βοιωτιακῇ
2520 2664 2636 2724 τοῦ
2682 2664 2719 2738 ἦ
2765 2661 2852 2725 εἰς
2894 2663 3011 2740 τὴν

441 2765 495 2825 ει
560 2761 915 2840 δίφθογγον
972 2757 1244 2846 (Arcad.
1292 2760 1404 2841 71,
1450 2759 1560 2847 22)
1622 2772 1689 2824 et
1742 2760 1969 2840 ὠτειλή
2028 2759 2113 2824 cf.
2170 2759 2426 2825 Ahrens
2485 2759 2566 2825 de
2623 2760 2775 2825 dial.
2822 2760 3007 2825 Aeol.

445 2861 565 2926 182
609 2883 784 2947 seqq.

610 2964 811 3028 Porro
856 2962 1119 3028 dialecti
1148 2964 1429 3028 Doricae
1474 2986 1613 3030 mos
1658 2974 1788 3045 est,
1834 2973 1909 3029 ut
1936 2963 2377 3049 diphthongus
2425 2971 2477 3030 ἐἰ
2520 2965 2587 3028 in
2631 2971 2670 3043 ἦ
2716 2974 3055 3041 vertatur„

441 3066 673 3130 Choer.
723 3064 909 3129 Orth.
953 3065 1098 3146 206,
1144 3066 1183 3128 9
1229 3067 1500 3131 ἐκεῖνος;
1556 3068 1596 3145 ἡ
1642 3072 1694 3131 εἶ
1739 3052 2119 3147 δίφθογγος·
2163 3069 2266 3132 καὶ
2308 3068 2430 3146 γὰρ
2478 3068 2539 3132 οἱ
2583 3068 2860 3146 Δωριεῖς
2903 3073 3010 3145 κῆ-

441 3189 556 3234 νος
599 3170 701 3232 καὶ
741 3172 935 3246 τῆνος
979 3168 1084 3232 διὰ
1127 3173 1243 3232 τοῦ
1286 3172 1324 3246 ἦ
1370 3173 1619 3234 ποιοῡςι
1666 3172 1781 3248 τὴν
1824 3170 2112 3250 γραφήν·
2157 3168 2306 3233 ἔθος
2361 3170 2484 3247 γὰρ
2531 3170 2742 3248 ἔχουςι
2795 3171 2908 3247 τὴν
2956 3176 3009 3235 ει

440 3271 797 3351 δίφθογγον
829 3269 1081 3347 τρέπειν
1112 3268 1257 3334 οἷον
1279 3270 1519 3336 πλείων
1550 3271 1742 3351 μείων
1772 3272 1999 3349 πλήων
2031 3271 2231 3354 μήων,
2261 3268 2435 3333 unde
2465 3279 2649 3354 patet
2684 3268 2851 3333 hanc
2880 3281 3006 3334 tro-

442 3393 569 3456 pen
591 3369 898 3435 Doricam
931 3368 1293 3434 adhibitam
1329 3393 1470 3435 esse
1505 3371 1590 3436 ad
1624 3370 2457 3437 demonstrandumxocem
2495 3372 2778 3457 aliquam
2807 3394 2923 3456 per
2955 3380 3009 3438 ει

437 3472 638 3536 scribi
683 3470 948 3537 debere:
998 3470 1227 3536 Choer.
1273 3472 1416 3552 260,
1461 3474 1545 3536 29
1590 3476 1786 3553 ςειράῑ
1836 3476 1939 3539 διὰ
1983 3479 2093 3553 τῆς
2138 3480 2190 3539 ε“ι
2236 3475 2621 3555 διφθόγγου·
2667 3477 2841 3554 παρὰ
2884 3477 3007 3556 γὰρ

439 3575 517 3638 τὸ
561 3573 712 3652 εἴρω
755 3574 830 3638 τὸ
878 3577 1180 3652 ςημαῑνον
1225 3575 1300 3637 τὸ
1345 3576 1675 3654 ςυμπλέκω
1719 3578 1988 3653 γε’γονεν
2034 3576 2170 3655 εἰρὰ
2211 3578 2311 3640 καὶ
2354 3577 2424 3642 ἐν
2469 3580 2848 3659 πλεοναςμῷ
2892 3583 3007 3642 τοῦ

440 3697 470 3740 ς
519 3676 714 3754 ςειρά·
761 3676 822 3740 οἱ
868 3677 937 3739 δὲ
980 3675 1258 3753 Δωριεῖς
1303 3678 1405 3740 διὰ
1449 3683 1564 3741 τοῦ
1609 3683 1646 3754 ἦ
1703 3679 2059 3758 γράφουςιν
2115 3678 2274 3743 αὐτὸ
2333 3679 2503 3757 ςηρά.
2592 3680 2694 3742 καὶ
2748 3679 2815 3742 ἐκ
2859 3680 3006 3743 τού-

436 3798 556 3841 του
599 3777 965 3855 γνωρίζεται
997 3776 1353 3856 δίφθογγον
1384 3777 1580 3856 ἕχειν·
1626 3779 1924 3857 τρέπουςι
1967 3780 2088 3858 γὰρ
2130 3779 2360 3845 ἐκεῖνοι
2390 3782 2505 3858 τὴν
2551 3784 2604 3844 {i
2650 3780 3005 3859 δίφθογγον

438 3879 530 3943 εἰς
571 3883 608 3955 ἦ
656 3877 742 3941 cf.
787 3876 1043 3941 Ahrens
1089 3876 1170 3941 dc
1215 3875 1373 3941 dial.
1417 3878 1578 3943 Dor.
1625 3902 1687 3965 p.
1741 3880 1858 3944 161
1905 3889 1969 3944 et
2016 3878 2157 3944 163.

606 3978 907 4065 Denique
949 3980 1056 4043 hic
1097 4000 1225 4042 non
1267 3980 1741 4065 praetereunda
1783 3992 1883 4047 est
1914 3980 2157 4067 duplex
2185 3981 2511 4047 vocalium
2541 3989 2606 4048 {E
2650 3982 3003 4047 contractio

436 4090 503 4144 et
547 4080 615 4143 in
661 4085 714 4145 ἐ”ι
748 4088 822 4156 ⁴et
865 4079 931 4143 in
974 4085 1012 4160 ἦ
1057 4081 1241 4146 velut
1285 4082 1565 4158 εὐγενεῖς
1609 4083 1938 4163 Ἡρακλεῖς
1981 4093 2047 4147 et
2089 4086 2286 4171 ἱππῆς
2332 4089 2600 4165 βαςιλῆς.

608 4181 783 4246 Hinc
826 4184 1033 4247 omnis
1079 4182 1395 4248 dubitatio
1439 4206 1524 4247 an
1568 4182 1987 4250 Herodianus
2034 4186 2101 4249 in
2143 4184 2622 4271 Orthographia
2666 4185 2747 4249 de
2792 4186 3003 4250 varia-

437 4284 613 4349 tione
659 4283 1045 4369 diphthongi
1089 4290 1141 4348 εἾ
1185 4307 1330 4349 eum
1375 4286 1586 4349 vocali
1631 4308 1669 4365 η
1716 4286 2124 4366 disseruerit,
2171 4288 2420 4373 opinor,
2468 4285 2787 4351 evellitur.

607 4384 834 4473 Neque
875 4407 1141 4472 prorsus
1186 4384 1519 4450 exclusam
1564 4409 1704 4451 esse
1748 4388 1831 4453 ab
1866 4387 2351 4474 orthographia
2378 4387 2742 4453 Herodiani
2777 4388 3001 4453 distin-

435 4487 719 4552 ctionem
771 4486 1017 4552 vocalis
1064 4493 1100 4553 ῡ
1154 4498 1220 4552 et
1275 4487 1786 4574 diphthongifii.
1876 4490 1999 4554 Th.
2042 4489 2224 4555 Kind
2277 4490 2344 4553 in
2399 4487 2616 4552 Anall.
2674 4488 2893 4575 philol.
2940 4499 3004 4554 et

438 4587 801 4674 paedagog.
848 4588 1032 4674 (sect.
1080 4589 1150 4653 ΙΙ
1194 4613 1253 4676 p.
1299 4588 1420 4655 251
1480 4600 1635 4655 tom.
1681 4591 1792 4676 92)
1849 4614 1933 4657 ex
1976 4593 2213 4657 Athen.
2258 4592 2604 4678 Ephemer.
2654 4593 2782 4657 Νὲα
2823 4593 2998 4657 Παν-

437 4691 620 4769 δώρα
677 4691 709 4753 1
754 4691 945 4776 April
994 4691 1156 4755 1862
1209 4715 1272 4777 p.
1318 4690 1402 4755 24
1454 4691 1655 4755 refert
1715 4691 1785 4755 in
1849 4693 2380 4781 inscriptionibus
2447 4716 2530 4757 ex
2597 4693 2996 4779 temporibus

436 4788 598 4857 belli
639 4790 1176 4878 Peloponnesiaci
1217 4816 1451 4858 nomen
1496 4793 1828 4880 proprium
1871 4798 2093 4879 Εὔβιος
2149 4797 2347 4862 etiam
2392 4796 2573 4862 Εὔϊος
2627 4805 2693 4861 et
2736 4796 3000 4877 Εὔβοιος
