3664 5546
1550 423 1969 476 PRAEFATIO.
2878 424 3052 478 XXXI

1701 585 1805 646 40.

636 683 718 748 Ε.
745 684 923 749 Gud.
947 684 1091 764 408,
1115 684 1202 748 44
1230 686 1536 764 νήςτης;
1570 685 1777 749 οὕτως
1809 684 2048 764 εἴρηται
2080 685 2254 764 παρὰ
2278 685 2586 770 (ιμωνίδῃ
2609 688 2784 766 παρὰ
2808 688 2882 752 τὸ
2905 686 3051 752 ἔδω.

468 789 570 852 καὶ
603 790 692 852 ὡς
722 789 897 866 παρὰ
925 789 1002 852 τὸ
1035 787 1289 868 ψεύδω,
1324 785 1403 851 οὗ
1434 788 1780 865 παθητικὸν
1812 786 2165 867 ψεύδομαι,
2197 787 2502 869 ψεύςτης,
2546 787 2719 853 οὕτω
2749 791 2851 852 καὶ
2878 790 3053 867 παρὰ

465 891 543 955 τὸ
574 890 704 953 ἔδω
748 891 824 955 τὸ
870 889 1083 970 ἑςθίω,
1129 888 1208 952 οὗ
1253 889 1505 968 μέλλων
1551 888 1706 970 ἔςω,
1752 887 1933 965 ἔςτης
1963 888 2066 951 καὶ
2110 888 2264 967 μετὰ
2306 892 2423 952 τοῦ
2455 908 2527 951 νε
2558 895 2921 967 ςτερητικοῦ
2950 911 3052 955 νε-

470 991 649 1069 έςτης
693 993 955 1072 νήςτης,
1000 988 1080 1054 οὗ
1125 992 1519 1068 παρώνυμον
1574 992 1796 1066 νῆςτις.
1889 988 2096 1053 οὕτως
2140 989 2621 1068 Ἡρωδιανὸς
2666 991 2746 1056 ἐν
2792 992 3051 1071 ἐπιμε-

470 1097 728 1174 ριςμῷ.
828 1091 989 1155 Post
1044 1093 1297 1170 νεέςτης
1353 1090 1596 1152 inserui
1650 1092 1878 1168 νήςτης
1946 1100 2012 1153 et
2064 1094 2273 1168 νῆςτις
2328 1088 2562 1174 scripsi
2628 1112 2745 1175 pro
2801 1093 3051 1174 νήςτης,

470 1192 632 1256 Lob.
664 1192 770 1255 El.
803 1192 836 1255 I
877 1192 957 1255 28
1002 1202 1138 1257 not.
1171 1193 1255 1254 20
1298 1189 1440 1256 vult
1482 1192 1749 1270 νηςτεία.
1793 1227 1880 1237 -
1923 1191 2112 1255 Idem
2157 1189 2359 1255 habet
2402 1191 2479 1254 Ε.
2514 1190 2739 1256 Orion.
2776 1193 2928 1274 110,
2971 1194 3052 1255 28

469 1317 597 1358 non
661 1293 886 1357 addito
967 1295 1037 1359 ἐν
1115 1295 1569 1375 ἐπιμεριςμοῖς,
1645 1290 1819 1377 quod
1886 1291 2320 1377 subscriptum
2396 1303 2496 1355 est
2570 1293 2636 1354 in
2705 1292 3051 1379 Excerptis

468 1420 533 1481 p.
585 1396 724 1475 187,
770 1396 853 1458 33
898 1403 964 1458 et
1008 1394 1171 1458 Cod.
1219 1393 1369 1456 Par.
1415 1393 1606 1474 2630,
1654 1392 1824 1456 unde
1869 1392 2221 1456 Bekkerus
2268 1394 2333 1455 in
2381 1393 2631 1456 Aneed.
2670 1393 2831 1455 1402
2874 1395 3052 1458 evul-

470 1498 684 1582 gavit3
731 1494 968 1560 similia
1012 1494 1138 1580 Ep.
1170 1493 1278 1558 Cr.
1324 1495 1357 1558 Ι
1401 1495 1547 1573 289,
1595 1493 1654 1557 8.
1697 1530 1784 1542 --
1826 1493 2239 1576 LobeekiuS,
2287 1494 2398 1579 qui
2443 1494 2615 1558 hune
2659 1494 2872 1559 locum
2917 1493 2960 1559 l.
2995 1518 3049 1560 e.

471 1599 817 1680 tractavit,
864 1620 1009 1662 eum
1064 1620 1147 1660 ex
1192 1596 1888 1686 Pseudoepimerismis
1944 1605 2276 1681 sumptum
2337 1605 2558 1681 putat,
2616 1595 2791 1682 quod
2849 1597 2904 1661 si
2959 1598 3055 1662 ita

472 1698 982 1783 intellegendum
1027 1709 1155 1779 est,
1200 1708 1273 1762 ut
1318 1697 1697 1762 Herodiano
1753 1696 2193 1779 abiudieetur,
2249 1696 2412 1760 haee
2468 1699 2838 1782 synaeresis
2895 1699 3055 1762 mihi

469 1825 601 1867 non
646 1801 871 1865 durior
915 1746 1179 1864 videtui
1223 1821 1421 1886 quam
1467 1800 1820 1863 contractio
1868 1799 1933 1860 in
1992 1800 2166 1879 δείλη
2223 1820 2306 1862 ex
2365 1801 2550 1879 δεέλη
2597 1798 2675 1862 Il.
2724 1800 2831 1863 Pr.
2879 1802 2929 1866 Τ
2970 1801 3054 1864 56

471 1915 536 1968 et
580 1903 974 1989 synaloephe
1019 1903 1085 1965 in
1133 1906 1331 1982 δῆμος
1378 1925 1461 1965 ex
1509 1903 1733 1982 δέεμος
1775 1897 1940 1963 ibid.
1987 1901 2040 1964 Θ
2085 1900 2230 1964 240.

1702 2003 1806 2064 41.

606 2107 720 2170 Ἐ.
766 2105 859 2169 Μ.
903 2107 963 2187 3,
1016 2108 1038 2169 ]
1095 2106 1471 2186 ἀβακέως;
1520 2106 1831 2184 ἐπίρρημα
1880 2103 2204 2185 «ἀβακὲως
2249 2105 2544 2170 εὕδοντι»
2604 2105 2745 2171 ἀντὶ
2787 2107 3051 2186 ἡςύχως.

471 2212 708 2287 γίνεται
753 2211 824 2273 δὲ
869 2208 1000 2273 ἀπὸ
1044 2212 1161 2273 τοῦ
1208 2207 1446 2288 ἀβακής
1490 2207 1774 2286 ἀβακὲως
1820 2208 2031 2284 ὥςπερ
2077 2205 2209 2271 ἀπὸ
2264 2211 2382 2270 τοῦ
2426 2208 2685 2288 εὐςεβής
2729 2209 3052 2289 εὐςεβέως.

472 2312 680 2377 οὕτως
745 2311 1227 2388 Ἡρωδιανὸς
1294 2310 1406 2373 εἰς
1472 2310 1658 2373 τοὺς
1722 2309 2117 2387 μεγάλους
2181 2309 2757 2390 ἐπιμεριςμούς.
2868 2310 3053 2373 Idem

450 2413 632 2480 ,Zon.
687 2411 796 2492 12,
853 2411 893 2473 2
949 2409 1311 2474 Herodiani
1369 2409 1670 2494 quidem,
1733 2408 1850 2473 sed
1905 2431 2039 2473 non
2092 2407 2575 2493 Epimerismon
2628 2411 2887 2474 nomine
2943 2411 3050 2474 ad-

468 2513 636 2579 iecto
683 2512 769 2575 cf.
813 2512 937 2597 Ep.
987 2512 1096 2575 Cr.
1146 2511 1177 2575 I
1220 2512 1336 2592 50,
1381 2510 1485 2573 26.
1576 2511 1717 2575 Hoc
1763 2511 2045 2574 fortasse
2102 2510 2249 2574 ideo
2305 2511 2389 2575 ab
2435 2511 2812 2576 Herodiano
2858 2535 3048 2576 anno-

470 2625 676 2679 tatum
721 2621 890 2694 erat,
939 2621 1010 2676 ut
1053 2612 1634 2691 demonstraretur,
1681 2610 1838 2696 quid
1878 2611 2225 2675 interesset
2269 2613 2439 2676 inter
2483 2612 2837 2692 diaeresin,
2885 2634 3051 2698 quae

470 2717 537 2780 in
582 2716 701 2780 hae
745 2737 906 2780 voce
952 2712 1489 2801 deprehenditur,
1537 2722 1601 2777 et
1645 2710 2126 2798 pleonasmum,
2185 2713 2294 2799 qui
2349 2716 2522 2779 inest
2554 2737 2609 2777 e.
2640 2737 2705 2799 g.
2752 2715 2818 2780 in
2859 2714 3049 2785 ἀπτε-

469 2820 633 2898 ρέως
678 2840 794 2903 pro
840 2818 1132 2896 ἀπτέρως
1175 2817 1257 2881 Ε.
1305 2816 1396 2881 M.
1446 2816 1588 2897 133,
1634 2815 1737 2879 34.

639 3020 929 3106 Theogn.
976 3023 1051 3086 71
1102 3020 1501 3102 ςεςημείωται
1546 3022 1620 3085 τὸ
1666 3021 1979 3098 ἑταῖρος
2023 3021 2640 3100 προπεριςπώμενον
2685 3023 2788 3086 διὰ
2833 3027 2942 3100 τῆς
2986 3045 3048 3086 αι

471 3126 846 3204 διφθόγγου.
934 3125 1162 3200 γέγονε
1208 3125 1279 3188 δὲ
1334 3124 1509 3202 παρὰ
1561 3124 1636 3187 τὸ
1682 3122 1829 3186 ἔθος
1885 3120 2102 3187 ἐθαῑος
2157 3122 2247 3187 ὡς
2304 3122 2540 3201 δρόμος
2596 3127 2904 3203 δρομαῖος
2949 3126 3050 3188 καὶ

469 3232 678 3311 τροπῇ
722 3231 842 3290 τοῦ
887 3232 924 3290 θ
969 3226 1057 3291 εἰς
1100 3247 1136 3288 τ
1181 3226 1283 3290 καὶ
1325 3227 1708 3308 πλεοναςμῷ
1753 3226 1872 3288 τοῦ
1915 3243 1952 3300 ρ
2010 3224 2261 3302 ἑταῖρος
2314 3225 2633 3304 μεταθέςει
2689 3230 2801 3305 τῆς
2857 3230 3050 3305 ψιλῆς

472 3326 559 3391 εἰς
606 3331 882 3393 δαςεῑαν.
973 3327 1180 3392 οὕτως
1224 3326 1701 3405 Ἡρωδιανὸς
1755 3325 1835 3391 ἐν
1884 3324 2448 3405 ἐπιμεριςμοῖς.
2538 3327 2721 3390 Idem
2767 3327 2891 3412 Ep.
2939 3327 3045 3391 Cr.

471 3428 505 3491 I
553 3427 705 3509 141,
753 3430 813 3491 6.
918 3426 1207 3491 Hillerus
1263 3449 1342 3491 ea
1395 3425 1898 3511 argumentandi
1954 3426 2206 3491 ratione
2260 3426 2710 3492 Herodianum
2763 3429 2829 3490 in
2873 3429 3048 3493 Mon.

469 3529 573 3611 21,
619 3530 660 3593 5
703 3552 836 3594 non
880 3552 1069 3593 usum
1115 3551 1258 3593 esse
1302 3538 1541 3595 monet.
1632 3525 1761 3591 Sed
1817 3527 1913 3592 ibi
1968 3526 2147 3593 nulla
2191 3529 2451 3594 omnino
2509 3533 2713 3593 utitur
2765 3541 2831 3593 et
2886 3531 3047 3593 satis

469 3629 668 3695 habet
710 3631 1088 3696 abnormem
1135 3639 1471 3694 accentum
1515 3638 1762 3694 notare.
1824 3628 2021 3708 Quod
2066 3640 2284 3695 autem
2315 3630 2731 3695 Herodianus
2774 3630 3048 3695 formam

472 3733 694 3812 ἕταρος
736 3736 759 3797 ῑ
804 3731 1184 3798 destitutam
1232 3731 1574 3815 analogiae
1618 3732 1825 3816 magis
1859 3733 2138 3795 fortasse
2180 3733 2527 3797 convenire
2573 3755 2767 3820 quam
2797 3734 3050 3814 ἑταῖρος

471 3832 632 3899 dicit
646 3882 665 3915 ,
708 3856 840 3900 non
885 3834 977 3899 ita
1021 3833 1532 3919 intellegendum
1576 3843 1709 3914 est,
1757 3856 1905 3898 eum
1949 3842 2215 3919 putasse
2261 3835 2515 3914 ἑταῖρος
2559 3839 2580 3900 ῐ
2624 3835 2919 3899 subnexo
2965 3856 3050 3899 ex

472 3935 696 4014 ἕταρος
753 3944 969 4002 ortum
1024 3934 1360 4021 esse,·sed
1411 3934 1482 3999 id
1538 3933 1711 4018 vult,
1771 3937 2001 4015 ἕταρος
2055 3957 2205 3999 eum
2259 3935 2527 4022 reliquis
2582 3938 2923 4002 vocabulis
2982 3938 3048 4001 in

472 4042 635 4115 ἀρο“ς”
680 4059 1073 4122 congruere,
1141 4039 1391 4118 ἑταῖρος
1446 4059 1602 4101 vero
1658 4059 1699 4101 a
1752 4037 1987 4102 ceteris
2043 4039 2111 4100 in
2165 4042 2345 4117 ἆῖῖῖοἳ
2402 4048 2467 4102 et
2522 4039 2772 4122 origine
2826 4049 2893 4102 et
2946 4062 3046 4103 ae-

472 4148 662 4203 eentu
708 4138 1001 4221 differre,
1046 4161 1197 4203 nam
1241 4139 1403 4204 haee
1446 4141 1513 4202 in
1558 4161 1738 4218 αιρος
1783 4149 1899 4204 aut
1952 4141 2313 4225 composita
2356 4141 2703 4223 (εὔκαιρος)
2747 4150 2859 4205 aut
2902 4164 3046 4225 pro-

471 4239 613 4324 pria
656 4241 1043 4322 (Πάλαιρος)
1097 4251 1163 4306 et
1217 4251 1747 4327 proparoxytona
1803 4264 1980 4322 esse,
2038 4244 2288 4322 ἑταῖρος
2344 4251 2562 4306 autem
2616 4263 2823 4328 neque
2879 4265 3048 4307 eom-

470 4340 750 4426 positum
793 4363 1003 4426 neque
1045 4343 1383 4429 proprium
1429 4366 1572 4407 esse
1615 4353 1681 4408 et
1734 4345 1803 4407 in
1847 4342 2249 4430 paenultima
2303 4342 2738 4410 circumflecti.
2828 4346 3064 4425 Quare

473 4464 722 4506 sumam
752 4442 1204 4508 Herodianum
1251 4467 1658 4509 communem
1706 4446 1988 4530 speeiem
2032 4448 2283 4525 ἑταῖρος
2323 4447 2647 4531 integram
2691 4458 2756 4512 et
2798 4450 3046 4532 ἕταρος,

471 4542 598 4606 nisi
664 4543 835 4609 sorte
901 4546 986 4609 ab
1053 4543 1181 4608 alia
1237 4546 1440 4631 stirpe
1497 4548 1643 4627 ἔτης
1696 4547 2036 4632 repetivit,
2094 4558 2456 4635 correptam
2513 4573 2598 4613 ex
2653 4572 2730 4612 ea
2786 4572 2928 4613 esse
2983 4562 3049 4613 et

471 4645 860 4710 vocabulum
905 4648 1155 4726 ἑταῖρος
1209 4647 1306 4710 sie
1361 4658 1574 4712 ortum
1626 4659 1928 4733 putasse,
1987 4658 2062 4712 ut
2117 4650 2395 4715 relatum
2447 4649 2722 4734 legimus
2780 4651 2846 4712 in
2892 4652 3046 4737 Epi-

474 4745 793 4810 merismis
841 4769 946 4833 ap.
993 4746 1322 4832 Theogn.,
1368 4750 1543 4813 unde
1589 4760 2083 4814 consecuturum
2130 4763 2306 4817 esset
2360 4775 2510 4815 eum
2555 4752 2806 4830 ἑταῖρος
2850 4754 3045 4837 signi-

473 4845 769 4911 ficatione
814 4848 1075 4933 quidem
1108 4871 1336 4913 vocem
1367 4852 1513 4931 ἔτης
1545 4851 1869 4934 attingere
1914 4874 2116 4937 neque
2163 4863 2381 4916 tamen
2429 4854 2513 4918 ab
2555 4876 2632 4916 ea
2674 4852 3047 4919 derivatum
