3664 5546
1497 431 1919 486 PRAEFATIO.
2786 427 3007 480 CLXIII

421 592 858 680 explicatione
916 589 1193 655 nominis
1251 590 1546 674 Cucowoc,
1603 610 1798 675 quam
1853 586 2095 651 Arcad.
2153 583 2370 650 omisit
2409 621 2495 633 —
2549 582 2777 650 eadem
2827 586 3005 650 vocis

423 696 682 761 (ικανός
741 693 1190 778 interpretatio
1257 693 1670 778 proponitur,
1732 711 1899 776 quae
1964 711 2069 774 ap.
2127 686 2221 752 St.
2282 688 2354 752 B.
2422 709 2569 751 cum
2635 686 3007 752 testimonio

421 794 804 883 Apollodori
848 804 1067 859 exstat
1111 795 1393 877 (ικανία,
1448 793 1738 873 ποταμὸς
1781 791 2076 874 (ικανός,
2134 791 2222 855 ὥς
2276 809 2469 871 φηςιν
2512 790 3009 869 Ἀπολλόδωρος

423 898 538 984 (cf.
583 897 774 976 Δηρά
826 902 943 975 γῆς
996 897 1285 980 Ἰβηρίας,
1341 895 1444 974 ἧςκ
1472 894 1512 960 ὁ
1567 894 1831 960 (ικανός
1884 891 2231 976 ποταμός),
2287 891 2461 956 unde
2518 889 3007 958 Choeroboscus

423 997 865 1063 emendandus
911 1007 1026 1062 est.

594 1102 780 1181 Quae
825 1097 907 1162 de
951 1097 1435 1164 Aristarcho
1481 1120 1522 1162 a
1565 1095 1897 1183 Stephano
1953 1095 2403 1182 proferuntur,
2463 1093 2779 1158 eiusmodi
2837 1102 3006 1175 sunt,

423 1211 498 1266 ut
541 1200 735 1268 facile
789 1199 1019 1266 credas
1076 1221 1156 1265 ea
1210 1199 1293 1265 ab
1351 1196 1728 1264 Herodiano
1775 1204 2053 1284 sumpta³
2092 1219 2266 1278 esse,
2321 1196 2610 1279 466,12
2656 1198 3011 1278 Μώμεμφις

307 1350 316 1354 -
425 1305 699 1371 κλίνεται
745 1303 1201 1386 Μωμέμφεως,
1259 1301 1351 1367 ὡς
1396 1301 1827 1384 Ἀρίςταρχος,
1884 1297 2061 1385 quod
2112 1300 2181 1363 in
2235 1245 2598 1364 Herodiani
2650 1297 2817 1363 libro
2867 1300 3014 1378 περὶ

425 1406 683 1472 κλίςεως
749 1404 1091 1483 ὀνομάτων
1157 1401 1373 1467 locum
1437 1402 1749 1467 habuisse
1815 1423 1902 1465 ex
1957 1399 2190 1465 Choer.
2247 1400 2426 1465 Dict.
2485 1401 2608 1465 190
2665 1402 3011 1466 coniectari

428 1507 609 1590 licet3
654 1529 719 1593 p.
764 1505 879 1587 68,
932 1505 1038 1568 12:
1101 1506 1630 1585 Ἀλαλκομένιον,
1676 1504 1863 1570 πόλις
1909 1502 2246 1587 Βοιωτίας,
2293 1503 2425 1569 ἀπὸ
2472 1508 2591 1568 τοῦ
2636 1505 3014 1582 Ἀλαλκομε-

427 1608 619 1692 νέως,
687 1611 761 1674 ὃς
814 1608 916 1672 καὶ
969 1607 1184 1686 ἵδρυςε
1240 1609 1356 1686 τὴν
1416 1608 1685 1686 Ἀθηνᾶν
1740 1606 2293 1685 Ἀλαλκομενηῖδα
2395 1604 2476 1670 οὐ
2530 1606 2654 1685 γὰρ
2709 1606 2884 1683 παρὰ
2938 1606 3013 1669 τὸ

429 1709 762 1792 ἀλαλκεῖν,
821 1709 913 1773 ὡς
967 1708 1397 1788 Ἀρίςταρχος·
1450 1707 1531 1786 ἦν
1587 1708 1711 1787 γὰρ
1768 1707 1848 1771 ἂν
1894 1708 1996 1771 καὶ
2038 1707 2392 1787 Ἀλαλκηῖς·
2452 1706 2595 1772 ἀλλ’
2642 1707 2733 1772 ὡς
2781 1693 3045 1786 Θηςεύο

428 1811 689 1892 Θηςηῖς,
744 1809 953 1874 οὕτως
1011 1808 1510 1890 Ἀλαλκομενεύς
1567 1808 2089 1891 Ἀλαλκομενηῒς,
2151 1806 2364 1887 ὥςπερ
2422 1809 2525 1874 καὶ
2570 1809 2826 1888 Βριςεύς
2880 1809 3020 1887 Βρι-

430 1913 562 1992 ςηῒς
619 1912 723 1975 καὶ
768 1910 1013 1990 Νηρεύς
1046 1911 1301 1990 Νηρηῒς.
1334 1949 1420 1960 —-
1459 1934 1522 1996 p.
1555 1910 1704 1992 237,
1733 1911 1777 1973 4
1819 1910 2128 1987 ἐλέγοντο
2174 1911 2276 1975 καὶ
2322 1910 2384 1975 οἱ
2430 1910 2500 1975 ἐν
2545 1916 2638 1995 τῷ
2687 1910 3018 1992 Δουλιχίῳ

430 2012 692 2096 Ἐπειοί,
750 2012 842 2076 ὡς
887 2012 1353 2092 Ἐπαφρόδιτος
1395 2012 1761 2091 παρατιθεὶς
1803 2013 1920 2076 τὸν
1967 2011 2371 2091 Ἀρίςταρχον
2429 2011 2856 2093 ἐκδεχόμενον
2910 2009 3018 2076 οὕ-

428 2135 584 2196 τως,
643 2113 815 2199 quod
862 2112 1393 2177 adnotamentum
1436 2135 1517 2177 ex
1564 2110 2014 2199 Epaphrodito
2070 2112 2341 2197 petiisse
2386 2111 2837 2178 Herodianum
2882 2111 3021 2177 Ste-

430 2214 683 2300 phanus
726 2214 869 2299 ipse
914 2214 1241 2299 significat
1286 2214 1400 2298 (cf.
1443 2213 1651 2278 Lehrs
1696 2213 1901 2277 Arist.
1947 2213 2068 2279 231
2118 2212 2221 2278 ed.
2268 2214 2402 2299 11);
2448 2237 2510 2301 p.
2545 2214 2704 2296 331,
2756 2216 2788 2277 1
2837 2214 3021 2280 οὐδε·

432 2316 632 2395 τ’έρως
677 2317 852 2395 παρὰ
895 2318 1043 2381 πᾶςι
1086 2317 1162 2381 τὸ
1206 2317 1432 2401 Ἴλιον,
1487 2316 1652 2395 παρ’
1696 2315 1954 2400 Ὁμήρῳ
2000 2318 2071 2380 δὲ
2116 2320 2421 2395 θηλυκῶς.
2509 2317 2586 2381 τὸ
2630 2317 2753 2395 γὰρ
2802 2317 3023 2382 «Ἴλιον

434 2417 628 2482 αἰπύ»
685 2416 768 2500 (0
815 2416 923 2504 71)
979 2417 1232 2483 νοθεύει
1288 2418 1716 2501 Ἀρίςταρχος,
1780 2438 1974 2502 quam
2031 2416 2554 2481 observationem
2602 2415 3021 2482 Herodianus

433 2517 808 2583 Aristonico
854 2516 1109 2600 debuit,
1168 2517 1536 2605 Stephanus
1593 2517 1992 2582 Herodiano.
2080 2516 2251 2581 Nam
2305 2538 2699 2605 quamquam
2752 2516 3021 2604 Stepha-

435 2641 592 2682 num
649 2615 907 2683 Scholia
961 2618 1312 2683 Homerica
1377 2618 1754 2683 adhibuisse
1818 2638 2019 2704 supra
2078 2617 2394 2700 vidimus,
2462 2629 2682 2683 tamen
2744 2620 3027 2703 plurima

437 2719 522 2785 ad
575 2718 934 2785 Homerum
978 2720 1247 2805 eiusque
1292 2721 1552 2785 criticos
1599 2719 1967 2807 spectantia
2010 2718 2474 2786 adnotamenta
2518 2741 2602 2785 ex
2644 2720 3023 2787 Herodiano

436 2820 709 2886 fluxisse
754 2821 944 2886 docet
985 2822 1134 2908 ipsa
1176 2843 1325 2886 cum
1370 2821 1645 2888 Scholiis
1701 2824 2122 2908 comparatio.
2189 2822 2549 2887 Aristonici
2595 2821 2676 2886 de
2718 2825 2913 2892 Ἴλιον
2955 2824 3025 2886 in

441 2923 654 2988 Schol.
700 2924 784 2987 ad
835 2925 887 2988 Ο
940 2924 1018 2989 71
1065 2923 1438 2988 observatio
1481 2924 1566 2988 ab
1612 2944 1721 3004 ea,
1788 2945 1984 3009 quam
2030 2945 2113 2987 ex
2166 2922 2496 3010 Stephano
2551 2925 2892 3011 proposui,
2947 2947 3024 2990 eo

440 3024 688 3106 differt,
747 3024 921 3111 quod
963 3025 1032 3088 in
1075 3024 1191 3088 illa
1233 3023 1505 3088 Homeri
1550 3033 1804 3089 tantum
1850 3047 2039 3107 usus,
2097 3024 2164 3089 in
2207 3024 2330 3116 hoc
2382 3026 2776 3113 reliquorum
2829 3027 3026 3093 etiam

444 3120 834 3212 scriptorum
887 3134 1148 3212 praeter
1189 3124 1553 3191 Homerum
1598 3124 1841 3190 diserte
1886 3134 2284 3190 memoratur
2329 3127 2422 3191 sic
2477 3137 2551 3192 ut
2605 3126 3025 3214 explicationi

442 3229 719 3293 nominis
765 3229 833 3291 in
878 3225 1216 3291 Catholica
1258 3236 1485 3312 aptum
1528 3225 1672 3291 fuit.

610 3328 793 3393 Idem
848 3325 1027 3394 valet'
1082 3328 1163 3393 de
1218 3333 1483 3400 Oratae,
1548 3329 1668 3414 qui·
1718 3350 1848 3393 non
1904 3327 2114 3393 solum
2168 3329 2235 3392 iu
2281 3328 2634 3395 Homerica
2690 3329 3027 3411 Prosodia,

442 3430 560 3494 sed
615 3431 811 3495 etiam
868 3430 938 3493 in
995 3429 1160 3495 libro
1216 3433 1364 3509 περὶ
1418 3434 1645 3496 παθῶν
1702 3431 1770 3494 in
1824 3428 1905 3493 E.
1949 3429 2040 3494 M.
2092 3428 2241 3513 145,
2286 3431 2372 3495 54
2430 3443 2698 3519 propter
2760 3441 3027 3519 etymon

443 3532 625 3596 urbis
669 3534 866 3612 Ἄρνη
912 3532 995 3597 ab
1041 3529 1418 3595 Herodiano
1463 3528 1790 3595 laudatur.
1865 3530 1972 3595 Ad
2021 3532 2481 3617 etymologiam
2509 3533 2792 3620 pertinet
2834 3535 3026 3599 etiam

443 3632 780 3698 adnotatio
827 3631 1142 3719 Stephani
1187 3653 1249 3718 p.
1281 3630 1440 3714 473,
1490 3631 1571 3695 12
1616 3633 1816 3713 Νήῖον
1862 3632 2018 3711 ὄρος
2062 3633 2327 3718 Ἰθάκης,
2372 3635 2498 3717 ἀφ’
2543 3635 2622 3701 οὗ
2666 3636 2823 3701 κατὰ
2872 3637 3028 3716 Κρά-

442 3757 600 3815 τητα
653 3735 717 3800 αἱ
770 3735 1053 3814 νηϊάδες·
1122 3732 1185 3798 οἱ
1241 3734 1313 3797 δὲ
1368 3734 1480 3798 τὰς
1545 3734 1982 3814 διατριβούςας
2037 3735 2181 3814 περὶ
2236 3736 2315 3801 τὰ
2370 3736 2648 3821 νάματα,
2700 3774 2784 3784 —-
2837 3738 2902 3802 αἱ
2958 3739 3029 3802 δὲ

443 3838 699 3916 νηϊάδες
754 3836 886 3902 ἀπὸ
944 3840 1061 3902 τοῦ
1115 3836 1296 3914 νήϊος
1351 3834 1391 3912 ἢ
1450 3833 1580 3899 ἀπὸ
1634 3839 1753 3899 τοῦ
1809 3835 1981 3916 νηῒς,
2039 3854 2207 3918 quae
2262 3835 2614 3901 admonent
2665 3836 3028 3902 Herodiani

443 3938 513 4001 in
566 3936 779 4022 Epim.
835 3937 903 4000 in
968 3936 1049 4002 E.
1095 3935 1323 4001 Orion.
1372 3934 1526 4015 110,
1572 3934 1686 4015 33,
1742 3933 1859 3999 ubi
1913 3936 2053 4014 νηῒς
2110 3936 2212 4001 ἐπὶ
2267 3941 2380 4016 τῆς
2438 3939 2730 4005 νεάνιδος
2782 3939 3033 4024 pariter

445 4046 639 4124 atque
685 4042 824 4117 νῆϊς
868 4038 1134 4117 ἄπειρος
1173 4058 1213 4100 a
1255 4039 1339 4114 ἰῑῆ
1382 4044 1449 4098 et
1492 4034 1645 4101 εἴδω
1690 4036 2026 4121 repetitur,
2074 4035 2299 4103 addito
2344 4038 2508 4104 alios
2551 4042 2690 4120 νηῒς
2734 4061 2774 4104 a
2817 4043 3029 4105 νεᾶνις

444 4160 842 4225 propagare,
901 4137 1062 4202 alios
1106 4161 1147 4201 a
1190 4137 1360 4222 νάω,
1417 4145 1482 4200 et
1526 4134 1954 4203 derivationis
1998 4139 2332 4203 nominum
2377 4141 2659 4223 Ἀβαντίς
2703 4149 2768 4204 et
2812 4142 3029 4221 Ἀβαν-

444 4242 608 4325 τιάς,
654 4262 848 4326 quam
894 4238 1297 4326 Stephanum
1342 4260 1427 4302 ex
1454 4236 1836 4303 Herodiano
1884 4238 2199 4324 petivisse
2244 4261 2446 4325 supra
2489 4240 2915 4305 ostendimus.
2948 4277 3032 4288 —

443 4365 508 4429 p.
557 4341 712 4423 606,
758 4342 799 4405 8
851 4342 1205 4421 Τάρταρος;
1281 4339 1519 4420 Κράτης
1572 4340 1690 4407 τὸν
1733 4339 1865 4404 ὑπὸ
1907 4343 2047 4404 τοῖς
2089 4340 2316 4404 πόλοις
2361 4340 2520 4421 ἀέρα
2562 4342 2774 4423 παχύν
2818 4363 2887 4408 τε
2932 4344 3031 4407 καὶ

447 4445 704 4524 ψυχρόν
745 4464 888 4509 τινα
931 4445 1035 4509 καὶ
1076 4443 1474 4524 ἀφώτιςτον,
1518 4441 1805 4520 Ὅμηρος
1859 4443 1930 4505 δὲ
1989 4442 2197 4507 τόπον
2253 4440 2417 4508 εἶναι
2474 4445 2822 4525 ςυνέχοντα
2878 4445 3033 4509 τοὺς

445 4547 594 4624 περὶ
640 4545 888 4624 Κρόνον
931 4545 1033 4610 καὶ
1076 4545 1205 4610 ὑπὸ
1249 4547 1370 4623 γῆν
1413 4541 1638 4626 ὄντας,
1693 4562 1892 4625 quam
1944 4540 2426 4607 adnotationem
2471 4542 2889 4610 Herodianus
2950 4566 3035 4607 ex

447 4646 826 4712 Aristonico
875 4644 987 4729 (cf.
1036 4668 1093 4709 e.
1137 4667 1202 4729 g.
1235 4644 1288 4709 Ο
1324 4641 1483 4724 225,
1530 4642 1586 4707 Ξ
1615 4640 1774 4723 279,
1830 4640 2038 4706 Lehrs
2085 4643 2290 4709 Arist.
2336 4668 2399 4732 p.
2436 4645 2623 4730 174²)
2677 4644 2922 4710 nomini
2966 4644 3032 4706 in

448 4746 789 4813 Catholica
831 4747 1043 4834 posito
1087 4747 1419 4826 Τάρταρος
1463 4742 1707 4807 adiecit
1750 4764 1834 4807 ex
1878 4765 2056 4809 more
2102 4765 2219 4809 suo
2232 4794 2251 4828 ,
2306 4768 2432 4833 quo
2477 4745 2775 4812 diversas
2822 4746 3033 4811 diver·

448 4871 667 4915 sorum
711 4850 1052 4937 opiniones
1098 4868 1478 4934 comparare
1524 4843 1709 4911 solet.

2561 4942 2635 5005 με
