3664 5546
557 317 679 382 184
1488 313 1571 368 ΕΚ
1608 312 1748 368 ΤΩΝ
1790 311 2200 367 ΗΡΩΔΙΑΝΟΥ

551 494 588 556 ·‘r
631 489 719 554 εἰς
764 510 812 554 ς.
900 489 1359 567 Ἀργυρῖνος
1388 482 1601 552 ’ἔθνος
1646 484 2134 568 Ἠπειρωτικόν,
2192 482 2283 549 ὡς
2325 484 2586 564 Τίμαιος
2639 483 2744 548 καὶ
2798 482 2983 548 Θέων
3035 483 3141 547 καὶ

553 591 912 673 Λυκόφρων
957 589 1088 656 «εἰς
1118 589 1524 670 Ἀργυρίνους
1569 589 1670 653 καὶ
1716 587 2081 667 Κεραυνίων
2125 586 2363 653 νάπας»
2397 585 2489 669 (v,
2519 583 2698 670 592).
2746 586 3139 650 Βουδῖνος

553 695 744 760 ἔθνος
775 692 1107 777 (κυθικόν,
1152 694 1329 772 παρὰ
1370 694 1447 758 τὸ
1492 690 1767 758 δινεύειν
1812 689 2035 755 ἐπάνω
2064 689 2321 769 ἁμαξῶν
2365 689 2496 754 ὑπὸ
2541 692 2714 769 βοῶν
2755 687 3139 767 ἑλκομένων.

554 795 883 876 ἆμαξόβιοι
936 795 1061 874 γὰρ
1116 794 1181 860 οἱ
1225 794 1468 861 (κύθαι.
1553 792 1915 874 Παρμένων
1973 792 2012 856 ὁ
2058 791 2404 859 Βυζάντιος
2458 790 2530 856 ἐν
2587 790 2830 871 ἰάμβων
2884 790 3140 872 πρώτῳ.

479 909 513 958 5
560 899 953 964 Βουλῑνος
1008 897 1198 964 ἔθνος
1256 898 1404 976 περὶ
1459 896 1781 986 Ἰλλυρίαν.
1882 894 2341 974 Ἀρτεμίδωρος
2394 894 2467 958 δὲ
2522 892 2642 958 οὐκ
2695 892 2920 975 ἔθνος,
2974 889 3141 955 ἀλλὰ

557 999 873 1079 Βουλίνην
916 999 1107 1065 πόλιν
1151 999 1373 1082 φηςίν,
1416 998 1493 1078 ἦς
1536 999 1612 1063 τὸ
1658 997 1911 1063 ἐθνικόν
1958 998 2290 1063 Βουλῖνος.
2361 997 2908 1077 Δωνεττῖνος,
2952 992 3141 1059 ἔθνος

559 1102 976 1168 Μολοςςικόν.
1062 1101 1314 1168 Ῥιανὸς
1370 1099 1426 1166 δ’
1484 1102 1887 1166 Θεςςαλικῶν
1956 1100 2198 1178 «αὐτὰρ
2262 1099 2663 1164 Δωνεττῑνοι
2728 1096 2820 1163 ἰδ’
2875 1096 3143 1175 ὀτρηροὶ

562 1192 899 1284 Κεραῗνες»
967 1206 1070 1269 καὶ
1134 1204 1205 1270 ἐν
1258 1210 1335 1289 τῇ
1391 1203 1443 1270 ζ’
1500 1203 1702 1269 «ἑπτὰ
1757 1204 1829 1267 δὲ
1886 1202 2318 1283 Δωνεττῖνοι,
2385 1199 2546 1280 ἀτάρ
2605 1198 2982 1266 δυοκαίδεκα
3035 1201 3142 1264 κᾶ-

561 1327 666 1385 ρες
682 1331 725 1370 ».
823 1307 1285 1388 Λιβυςτῖνος
1351 1305 1543 1372 ἔθνος
1602 1304 2069 1384 παρακείμενον
2139 1304 2437 1386 Κόλχοις,
2512 1301 2603 1367 ὡς
2656 1302 3002 1383 Διόφαντο
3071 1300 3143 1364 ἑν

462 1417 525 1468 10
559 1411 927 1474 πολιτικοῖς.
1014 1407 1437 1485 Ἀγαθῑνος
1524 1407 1776 1487 Ἅβρων
1835 1405 1907 1471 ἔν
1971 1411 2066 1490 τῷ
2120 1407 2270 1485 περὶ
2324 1406 2735 1485 παρωνύμων
2791 1407 2931 1469 τοῖς
2983 1402 3144 1468 ἐθνι-

560 1513 699 1576 κοῖς
742 1511 845 1575 καὶ
886 1514 1080 1575 τοῦτο
1127 1510 1462 1590 ςυνέμιξεν.
1526 1508 1581 1573 εἰ
1624 1510 1698 1573 δὲ
1741 1509 1845 1573 καὶ
1872 1508 2095 1587 κύριον
2139 1507 2238 1587 εἴη
2280 1508 2357 1574 τὸ
2395 1508 2760 1590 Ἀγαθῖνος,
2804 1506 2924 1572 οὐκ
2966 1505 3145 1571 ἀπει-

561 1613 675 1678 κὸς
726 1612 1044 1691 ςημαίνειν
1101 1611 1450 1692 ἀμφότερα.
1550 1610 1851 1689 (χοινεύς
1906 1612 2029 1690 γάρ
2083 1612 2186 1675 καὶ
2239 1610 2461 1689 κύριον
2522 1610 2627 1675 καὶ
2687 1611 2982 1688 ποταμοῦ
3046 1608 3150 1673 καὶ

564 1714 814 1779 ἐθνικόν
858 1716 961 1779 καὶ
1003 1714 1216 1797 Λίξος,
1261 1713 1498 1794 ὁμοίως
1544 1713 1860 1779 Θεςςαλός
1904 1714 2007 1778 καὶ
2049 1712 2311 1778 (ικανός
2352 1714 2459 1777 καὶ
2500 1711 2757 1777 (ικελός
2796 1711 2902 1776 καὶ
2945 1710 3148 1791 μυρία.

565 1817 1029 1896 Ἀμοργῖνος
1091 1815 1168 1881 τὸ
1229 1815 1512 1899 ἐθνικόν,
1569 1816 1646 1882 τὸ
1703 1816 1770 1881 δ’
1823 1815 2262 1895 ἀμόργινος
2319 1816 2517 1893 χιτὼν
2573 1814 2913 1894 χρώματος
2978 1812 3149 1878 ἴδιον

465 1924 530 1977 15
563 1917 1089 2001 ἀγρωςτῑνος,
1134 1916 1612 2000 ἀγχιςτῑνος,
1655 1919 2237 1998 προμνηςτῖνος
2279 1916 2615 1991 ἐπιθετικά.
2658 1917 3152 1982 παλλακῖνος

568 2020 1066 2098 ὑποκοριςτικόν.
1097 2021 1174 2085 τὸ
1219 2022 1291 2085 δὲ
1336 2023 1426 2085 λα
1439 2020 1660 2100 ρινός
1705 2023 1988 2102 «λαρινῷ
2034 2020 2180 2099 βοῒ»
2227 2016 2594 2105 (Aristoph.
2625 2016 2776 2082 Pac.
2810 2014 2963 2101 925)
3008 2015 3152 2084 ὀξύ-

566 2141 742 2188 νεται
787 2121 878 2187 ὡς
920 2120 1239 2200 ἀληθινός.

736 2222 833 2287 Τὰ
875 2222 964 2288 εἰς
1007 2228 1191 2289 ῖῑιῐῖ
1233 2223 1739 2305 ύπερδιςύλλαβα
1782 2223 1958 2288 ἁπλᾶ
1999 2224 2359 2304 παρώνυμα
2401 2222 2726 2306 ὀξύνεται,
2783 2222 3152 2304 φαεινός,

569 2326 1010 2409 ςκοτεινός,
1053 2325 1459 2409 ἀλγεινός,
1505 2325 1911 2409 βορεινός,
1966 2326 2343 2392 ταπεινός
2386 2326 2463 2392 τὸ
2508 2326 2820 2392 ἐπίθετον.
2909 2325 3153 2390 ἐλεει-

466 2439 538 2493 20
569 2426 737 2510 νός,
802 2425 1199 2512 αἰπεινός,
1266 2427 1616 2512 ὀρεινός,
1681 2428 2091 2511 ποθεινός,
2159 2428 2553 2509 φωτεινός
2627 2429 2731 2494 καὶ
2793 2429 2869 2493 τὸ
2934 2426 3154 2506 κύριον

571 2529 827 2611 ὁμοίως.
914 2532 991 2596 τὸ
1038 2530 1109 2595 δὲ
1154 2529 1511 2598 εὔξεινος
1555 2529 1861 2596 ςύνθετον
1907 2530 1986 2595 ὂν
2029 2531 2603 2609 προπαροξύνεται.

740 2654 780 2691 ει
822 2631 917 2696 Τὰ
960 2632 1066 2697 διὰ
1119 2635 1238 2698 τοῦ
1282 2636 1451 2698 ο-νᾱ
1503 2631 1667 2711 ὑπὲρ
1710 2632 1831 2698 δύο
1886 2632 2200 2713 ςυλλαβὰς
2252 2632 2839 2715 προπαροξύνεται,
2896 2632 3155 2697 Μύκο·

570 2753 708 2801 νος
751 2733 890 2800 υἱὸς
934 2734 1147 2800 Ἀνίου
1185 2737 1303 2800 τοῦ
1349 2734 1695 2814 Καρυςτοῦ.
1716 2733 1821 2800 καὶ
1861 2732 2114 2801 Ῥοιοῦς
2153 2738 2269 2814 τῆς
2309 2734 2606 2816 Ζάρηκος
2649 2735 2754 2801 καὶ
2793 2734 2914 2800 ἀπ’
2956 2733 3157 2799 αὐτοῦ

574 2826 879 2903 Μύκονος
932 2836 1041 2917 μία
1089 2841 1223 2903 τῶν
1280 2836 1641 2903 Κυκλάδων.
1742 2836 2135 2917 Θουκυδίδης
2187 2837 2365 2923 τρίτῃ
2427 2838 2512 2921 (c.
2545 2836 2657 2923 29)
2714 2838 2819 2902 καὶ
2861 2835 3158 2927 (τράβων

578 3045 747 3094 ctiam
797 3044 856 3092 in
901 3041 970 3093 11.
1015 3042 1105 3092 Pr.
1145 3039 1186 3093 Β
1232 3042 1331 3093 855
1377 3041 1632 3093 affertur:
1682 3039 1998 3105 Ἐρυθίνους
2050 3039 2131 3094 ὡς
2177 3039 2676 3108 Ἀκραγαντίνους.,
2744 3046 2927 3108 Quum
2979 3056 3162 3093 canon

576 3112 745 3162 ctiam
797 3108 1083 3162 ἑπιθετικὰ
1129 3109 1551 3174 complectatur,
1605 3108 1798 3160 addidi
1851 3108 2195 3175 ἀγρωςτῖνος
2251 3127 2317 3161 cx
2363 3112 2554 3177 Steph.
2597 3114 2730 3178 Byz.
2775 3114 2871 3175 22,
2913 3114 2946 3163 8
2990 3125 3161 3175 appo-

578 3180 703 3230 sitis
743 3177 1057 3242 ἀγχιςτῖνος
1102 3180 1539 3242 προμνηςτῑνος,
1595 3192 1737 3243 quac
1781 3194 2109 3245 quamquam
2150 3180 2210 3229 in
2255 3180 2404 3230 nullo
2451 3180 2606 3231 fonte
2650 3181 3023 3246 reperiuntur,
3077 3183 3164 3229 ta-

576 3263 702 3298 men
746 3248 816 3299 ab
860 3245 1178 3297 Herodiano
1223 3249 1526 3297 memorata
1578 3246 1755 3297 fuisse
1807 3246 2107 3298 verisimile
2162 3250 2265 3298 cst.
2344 3248 2691 3301 παλλακῖνος
2734 3245 3164 3312 ύποκοριςτικόν

580 3313 772 3366 addidi
821 3318 1047 3380 proptor
1099 3314 1328 3364 canonis
1378 3315 1575 3365 verba:
1628 3311 2075 3379 ὑποκοριςτικῶν
2126 3312 2352 3366 ἔννοιαν
2404 3314 2661 3379 ἐχόντων
2715 3333 2783 3367 cx
2824 3317 2890 3366 E.
2926 3317 2998 3365 M.
3045 3317 3163 3376 793,

576 3386 668 3442 45,
730 3382 825 3447 qui
875 3382 1031 3465 lccus'
1084 3382 1282 3432 eximie
1334 3397 1454 3431 cum
1506 3381 1745 3433 Arcadio
1797 3384 2078 3468 congnJit:
2136 3382 2388 3435 Φιλῖνοςε
2445 3382 2519 3435 τὰ
2569 3382 2658 3435 διὰ
2708 3386 2813 3436 τοῦ
2869 3385 2986 3436 wc?
3037 3381 3165 3434 bvi>-

581 3446 1028 3583 5520&ssssss
1061 3447 1315 3570 ῗῖἕιλῖἒ.
1328 3446 1526 3583 ῗθζέξῖ
1560 3446 2423 3584 32203‘25232223022‘531‘353315.
2458 3449 2778 3583 ἓ.ἷιῗ.λὲἶ)“6ῗ
2815 3447 3166 3585 ἢῆπξῖἑῖξῗ

581 3584 706 3652 ρικὰ
758 3583 839 3638 ὡς
892 3584 1101 3650 ἐχῖνος,
1154 3586 1442 3648 γελαςῖνος
1487 3585 1789 3651 (γελαάνοι
1842 3585 1904 3639 δέ
1958 3585 2092 3638 εἰςιν
2144 3585 2202 3639 αἱ
2250 3586 2551 3652 γενόμεναι
2597 3587 2925 3653 κοιλότητες
2972 3584 3052 3639 εἰς
3094 3586 3167 3638 τὸ

583 3653 892 3720 πρόςωπον
937 3653 999 3706 ἐκ
1042 3656 1147 3705 τοῦ
1192 3652 1389 3719 γελᾶν)
1433 3653 1469 3718 ἢ
1513 3653 1911 3720 ύποκοριςτικὰ
1953 3652 2078 3707 οἷον
2122 3654 2375 3721 Φιλῖνος,
2429 3653 2683 3721 ςημαίνει
2717 3656 2780 3707 δὲ
2823 3656 2930 3708 τὸν
2974 3652 3166 3719 φίλον,

583 3722 928 3775 παλλακῖνος
973 3721 1006 3773 ὁ
1043 3720 1158 3774 ἀπὸ
1193 3722 1488 3787 παλλακῆς
1522 3749 1589 3759 -
1625 3739 1952 3789 quamquam
1984 3724 2230 3775 Lobeck.
2268 3725 2310 3775 1.
2347 3741 2393 3775 c.
2440 3725 2528 3777 his
2572 3725 2882 3777 nominibus
2919 3723 3168 3774 deminu-

582 3792 755 3844 tivum
789 3792 903 3842 vim
936 3790 1120 3842 inesse
1155 3797 1351 3857 negat,
1388 3794 1573 3841 tamen
1609 3791 1984 3842 Herodianum
2028 3792 2166 3842 haec
2201 3793 2348 3842 inter
2384 3791 2727 3843 deminutiva
2765 3791 3020 3843 retulisse
3057 3806 3168 3842 non

583 3857 909 3911 incredibile
956 3863 1068 3921 est,
1113 3858 1438 3924 praesertim
1482 3859 1531 3909 si
1577 3864 1801 3925 reputes
1849 3875 1971 3910 eum
2008 3857 2348 3923 Ἡφαιςτίων
2395 3861 2601 3912 similia
2645 3862 2704 3911 in
2748 3860 2911 3913 huius
2946 3861 3168 3926 generis

584 3925 868 3978 vocabulis
903 3941 1188 3977 numerare
1225 3952 1290 3962 —
1324 3927 1508 3976 ταῦτα
1541 3925 1603 3978 δὲ
1641 3923 1690 3978 εἰ
1725 3926 1827 3989 μὲν
1863 3925 1979 3978 ἀπὸ
2016 3926 2295 3992 ὀνόματος
2320 3930 2707 3994 παραχθῶςιν,
2744 3928 2780 3993 ἢ
2807 3927 2922 3979 ἀπὸ
2948 3925 3169 3980 εὐθείας

585 3994 621 4060 ἢ
656 3993 773 4046 ἀπὸ
806 3995 1032 4058 γενικῆς
1068 3990 1416 4058 παράγονται
1435 4032 1449 4058 ,
1486 3992 1653 4058 φίλος
1688 3994 1942 4058 Φιλῖνος,
1979 3993 2187 4058 ἀγαθός
2225 3995 2544 4061 Ἀγαθῖνος,
2590 3995 2706 4048 ἀπὸ
2741 3998 2845 4061 τῆς
2882 3993 3171 4048 πάλλακος

587 4062 953 4114 παλλακῖνος·
989 4058 1041 4112 εί
1073 4060 1135 4112 δὲ
1170 4060 1285 4113 ἀπὸ
1320 4060 1597 4127 ῥήματος,
1643 4061 1679 4126 ἢ
1717 4060 1832 4115 ἀπὸ
1871 4061 2182 4116 ἔνεςτῶτος
2227 4064 2262 4128 ἢ
2300 4062 2415 4115 ἀπὸ
2464 4065 2772 4129 μέλλοντος
2818 4064 2931 4129 ἔχω
2969 4063 3170 4127 ἐχῖνος,

587 4129 781 4196 πράξω
818 4129 1112 4196 Πραξῖνος.
1180 4129 1251 4182 τὸ
1294 4129 1356 4182 δὲ
1392 4127 1647 4194 (εβεῖνος
1692 4130 1779 4184 διὰ
1823 4130 2134 4195 διφθόγγου
2169 4131 2471 4198 γράφεται,
2520 4133 2665 4199 quod
2711 4138 3045 4199 postremum
3081 4147 3173 4183 ex-

587 4200 823 4250 cluditur
857 4214 1067 4249 canone
1102 4198 1445 4265 Theognosti
1480 4201 1563 4263 67,
1604 4202 1685 4254 19.
1721 4226 1787 4235 —
1821 4201 1889 4250 In
1923 4199 2028 4250 fine
2066 4200 2276 4265 λαρινῷ
2324 4200 2416 4265 βοΐ
2457 4207 2515 4251 ct
2562 4200 2641 4253 ὡς
2680 4199 2946 4266 ἀληθινός
2982 4200 3174 4252 addidi

590 4283 658 4318 ex
694 4266 877 4318 Schol.
913 4264 1077 4318 Arist.
1111 4266 1240 4320 Pac.
1276 4269 1394 4330 925,
1430 4268 1551 4317 ubi:
1586 4269 1762 4320 τοῦτο
1798 4266 1861 4319 δὲ
1887 4267 2227 4333 Ἡρωδιανὸς
2264 4267 2448 4320 ὁξύνει
2487 4267 2550 4320 ἐν
2584 4272 2670 4334 τῷ
2706 4262 2751 4323 ζ’
2785 4270 2890 4333 τῆς
2927 4267 3173 4320 καθόλου

589 4333 813 4399 λαρινός
857 4331 938 4386 ὡς
973 4332 1251 4400 ἀληθινός.
1324 4334 1412 4389 cf.
1446 4338 1548 4387 An.
1586 4337 1687 4389 Ox.
1721 4339 1750 4388 I
1785 4340 1844 4397 3,
1884 4338 1945 4387 17
1991 4336 2063 4387 τὰ
2108 4333 2187 4388 εἰς
2224 4340 2321 4389 ἢῆ
2356 4335 2671 4402 παρώνυμα
2717 4336 3000 4389 ςυςτέλλει
3033 4335 3104 4388 τὸ
3141 4339 3174 4387 ῖ

592 4399 903 4467 ἑςπερινὸς,
940 4401 1166 4466 ταχινὸς
1202 4403 1355 4469 πλὴν
1400 4406 1505 4455 τοῦ
1542 4402 1766 4468 χαλινός
1810 4403 1903 4455 καὶ
1938 4403 2179 4470 λαρινός.
2248 4404 2318 4457 τὸ
2356 4404 2458 4469 μὲν
2493 4405 2748 4470 χαλινός,
2786 4404 2876 4457 ὅτι
2921 4402 3036 4456 ἐςτὶ
3081 4404 3174 4456 καί

591 4485 893 4551 οὐδέτερον
926 4485 999 4538 τὰ
1032 4486 1244 4551 χαλινά.
1311 4486 1383 4540 τὸ
1419 4486 1481 4540 δὲ
1516 4486 1741 4553 λαρινός
1786 4485 1848 4539 ἐκ
1895 4490 1997 4541 τοῦ
2045 4489 2199 4555 ῥινός
2249 4489 2450 4556 βύρςης
2492 4492 2583 4542 καὶ
2621 4489 2763 4554 μετὰ
2797 4492 2902 4541 τοῦ
2939 4492 3010 4542 λα
3058 4488 3175 4541 ἑπι-

590 4557 821 4609 τατικοῦ
860 4554 1109 4621 λαρινός,
1153 4556 1301 4608 unde
1340 4556 1711 4608 emendandus
1749 4562 1837 4607 est
1880 4556 2037 4609 locus
2081 4559 2139 4609 in
2172 4558 2370 4610 iisdem
2407 4560 2583 4625 Epim.
2617 4561 2743 4623 350,
2779 4560 2829 4609 4.
3033 4557 3071 4608 1.
3112 4561 3176 4607 19

593 4623 837 4678 ἐλεεινός
876 4625 1111 4676 accessit
1144 4639 1212 4675 ex
1246 4624 1491 4691 Theogn.
1526 4626 1616 4688 67,
1654 4626 1745 4688 27,
1782 4621 2034 4677 αἰπεινός
2069 4654 2136 4663 -
2172 4623 2385 4689 ὁμοίως
2430 4643 2499 4678 ox
2534 4627 2728 4679 Choer.
2765 4625 3021 4691 Orthogr.
3059 4628 3175 4688 179,

592 4696 659 4745 22
695 4692 983 4745 emendato
1019 4708 1053 4744 a
1086 4692 1334 4744 Lobeck.
1368 4692 1534 4744 Proll.
1574 4694 1672 4744 190
1707 4708 1828 4743 cum
1863 4700 2004 4757 not„
2040 4696 2113 4746 cf.
2152 4696 2321 4746 etiam
2354 4697 2417 4746 Ε.
2443 4696 2517 4747 Μ.
2542 4697 2626 4755 58,
2659 4696 2742 4757 50,
2781 4694 2849 4746 de
2885 4692 3176 4746 Φωτεινός

594 4762 813 4829 proprio
850 4760 1028 4813 Lohrs
1062 4760 1231 4811 Arist.
1268 4761 1368 4811 281
1405 4760 1490 4813 ed.
1524 4761 1598 4812 11.
1805 4762 1844 4812 l.
1879 4764 1944 4812 22
1980 4762 2125 4813 hunc
2159 4778 2425 4814 canonem
2462 4780 2530 4815 ex
2566 4763 2814 4830 'l'heo'gm
2851 4764 2936 4827 68,
2976 4765 3040 4813 12
3076 4777 3176 4829 ap-

594 4831 781 4896 posui,
820 4827 1082 4882 Μύκονος
1119 4828 1339 4895 explevi
1374 4845 1443 4880 ex
1480 4829 1559 4880 st.
1596 4829 1658 4879 B.
