3664 5546
651 363 773 428 122
1584 364 1666 419 ΕΚ
1702 362 1843 417 ΤΩΝ
1886 363 2295 421 ΗΡΩΔΙΑΝΟΥ

645 537 1053 618 Βοιώτιος,
1110 532 1517 618 (τράτιος,
1585 534 2194 618 Μυτιςτράτιος,
2266 534 2698 617 Μαδύτιος,
2766 533 3224 619 (αββάτιος,

645 638 1052 720 (υβότιος,
1097 636 1417 703 Φοίτιος
1462 636 1597 702 υίὸς
1643 637 2039 717 Ἀλκμέωνος
2082 641 2200 707 τοῦ
2245 637 2642 717 Ἀμφιαράου
2686 638 2788 702 καὶ
2831 639 2906 702 τὸ
2953 637 3225 721 ἐθνικόν,

644 742 735 806 ὡς
777 741 1140 805 Ἑλλάνικος
1184 740 1255 805 ἐν
1298 743 1435 804 τοῖς
1478 740 1801 818 Τρωϊκοῖς.
1860 739 2239 805 Ἐλεύτιος
2284 740 2473 805 ἔθνος
2514 742 2626 816 τῆς
2670 740 2996 816 Ἰαπυγίας.
3054 740 3225 805 Ἑκα-

640 845 820 908 ταῖος
865 842 1152 925 Εὐρώπῃ.
1239 830 1669 926 Πευκέτιος
1725 841 1915 907 ἔθνος
1968 844 2116 920 περὶ
2168 843 2243 906 τὸ
2290 842 2512 908 Ἰόνιον
2557 844 2855 919 πέλαγος.
2944 843 3224 921 Ἡρόδω-

572 952 605 1003 5
641 967 756 1024 ρος
810 947 883 1009 δὲ
937 946 1038 1008 καὶ
1079 944 1422 1009 Πευκετεῑς
1474 944 1710 1031 αὐτοὺς
1753 947 1948 1008 καλεῖ.
2036 943 2406 1009 Αἰπύτιος
2461 944 2805 1010 «Αἰπύτιον
2856 946 3031 1023 παρὰ
3073 945 3224 1024 τύμ-

645 1052 802 1127 βον»
853 1045 956 1129 (Il.
1005 1047 1051 1110 Β
1095 1045 1265 1126 604).
1356 1045 1729 1129 Ἀκύτιος,
1788 1046 2187 1128 Βρέττιος,
2246 1047 2685 1125 Βρούττιος.
2773 1049 2849 1113 τὸ
2906 1049 2978 1111 δὲ
3032 1051 3224 1125 πλή-

643 1150 803 1214 ςίος
846 1150 948 1213 καὶ
991 1147 1257 1214 ἀντίος
1302 1148 1713 1228 ςεςημείωται.
1761 1148 2111 1231 (κοτίος,
2163 1148 2488 1214 Κλυτίος
2529 1149 2715 1228 κύρια
2758 1170 2860 1214 και
2887 1150 3226 1235 τριβραχεα

642 1252 744 1315 καὶ
786 1253 861 1316 τὸ
908 1250 1255 1329 Φραςίος.

811 1370 903 1434 Τὰ
947 1371 1052 1435 διὰ
1095 1375 1210 1435 τοῦ
1254 1393 1352 1438 ιος
1395 1371 1641 1449 καθαρὰ
1682 1370 1811 1449 πρὸ
1841 1375 1958 1436 τοῦ
1988 1374 2020 1434 ἶ
2063 1375 2101 1450 ἦ
2146 1372 2184 1450 ἢ
2232 1377 2285 1435 ὦ
2332 1371 2565 1449 ἔχοντα
2604 1372 3223 1449 προπαροξύνονται.

542 1480 606 1532 10
642 1472 743 1536 καὶ
785 1472 864 1536 τὰ
910 1473 1024 1551 μὲν
1069 1474 1548 1538 κατὰ“διὰλυςιν
1595 1472 1725 1537 ἀπὸ
1780 1479 1911 1538 τῶν
1969 1474 2073 1538 διὰ
2117 1479 2234 1539 τοῦ
2278 1477 2412 1539 ὄδὶ
2454 1475 2556 1538 καὶ
2600 1474 2844 1538 ἔκταςιν
2896 1478 3013 1539 τοῦ
3058 1478 3089 1539 ἒ
3134 1474 3225 1539 εἰς

641 1575 718 1638 τὸ
762 1576 801 1650 ἦ
855 1573 1176 1659 γίνονται,
1232 1577 1481 1658 νήϊος,
1539 1576 1759 1654 δήῑος
1815 1575 1893 1649 ἐκ
1927 1581 2044 1641 τοῦ
2091 1577 2291 1659 δέϊος,
2349 1578 2600 1659 γήϊοε,
2660 1578 2920 1659 Τήῑος,
2970 1575 3094 1657 ἀφ’
3141 1575 3223 1641 οὗ

644 1675 1110 1755 «Πρωταγόρας
1164 1677 1201 1741 ὁ
1255 1678 1502 1757 Τήῖος».
1597 1678 1857 1760 Κήϊος,
1916 1680 2353 1761 βαςιλήῑος,
2411 1679 2745 1761 Ἰλιήῖος,
2813 1681 3221 1762 χαλκήϊος,

645 1777 1123 1860 Ὀδυςςήῑος,
1178 1779 1536 1862 ἀρχήϊος,
1591 1780 2072 1861 Παταρήῑος,
2127 1781 2503 1863 Πυθήίὀς,
2562 1781 2979 1864 Λυρκήῐος,
3044 1780 3221 1845 Αἰο-

644 1880 894 1962 λήϊος,
944 1882 1368 1966 Μινυήϊος,
1414 1883 1934 1965 Τριχωνήϊος,
1981 1882 2288 1960 Ἁλήϊος
2336 1882 2620 1961 «Ἁλήϊον
2666 1883 2946 1947 πεδίον».
3023 1884 3101 1947 τὰ
3147 1886 3219 1947 δὲ

543 1990 605 2041 15
641 1980 771 2046 ἀπὸ
827 1985 1232 2063 πλέοναςμοῦ
1291 1984 1420 2064 ἔχει
1477 1985 1553 2050 τὸ
1597 1988 1635 2062 ἦ
1703 1984 1861 2048 κατὰ
1926 1986 2041 2062 τὴν
2093 1985 2306 2066 τρίτην
2365 1987 2710 2068 ςυλλαβήν,
2755 2006 2851 2049 πο
2872 1987 3188 2065 λεμήῖος
3204 2037 3223 2068 ,

642 2086 1092 2169 ποιμνήῖος,
1146 2088 1499 2167 ταφήϊος.
1599 2087 1674 2151 τὸ
1740 2088 1812 2150 δὲ
1870 2086 2207 2165 Νυςήῑον
2262 2083 2366 2169 (Il.
2413 2086 2468 2151 Ζ
2517 2086 2666 2170 133)
2721 2085 3112 2167 ἀμφίβολον·
3170 2089 3227 2152 εἰ

641 2186 755 2264 μὲν
812 2187 933 2266 γὰρ
989 2189 1164 2268 παρὰ
1229 2186 1306 2253 τὸ
1355 2189 1620 2271 Νύςιον,
1686 2189 2087 2268 πλεοναςμός
2140 2194 2257 2253 τοῦ
2301 2193 2357 2266 ἦ.
2446 2189 2501 2253 εἰ
2556 2191 2628 2254 δὲ
2680 2190 2855 2268 παρὰ
2908 2191 2983 2254 τὸ
3032 2190 3224 2272 Νὓςα,

641 2286 921 2367 ὤφειλεν
967 2288 1132 2355 εἶναι
1181 2290 1478 2373 Νύςειον,
1524 2289 1676 2354 ἀλλ’
1721 2289 1931 2368 ὥςπερ
1975 2292 2149 2369 παρὰ
2193 2291 2268 2356 τὸ
2304 2290 2524 2370 ἄρειον
2568 2290 2796 2370 ἀρήϊον
2827 2291 3073 2370 αὐξήςει
3116 2292 3225 2368 γέ-

638 2410 854 2474 γονεν,
900 2392 1105 2457 οὕτως
1151 2391 1451 2472 Νυςήῖον·
1497 2392 1653 2458 ὥςτε
1699 2393 1961 2457 δύναται
2007 2393 2296 2471 διαίρεςις
2340 2391 2503 2457 εἶναι
2549 2394 2651 2458 καὶ
2682 2393 3022 2476 ἑπέκταςις,
3068 2392 3222 2458 ἀλλ’

536 2500 604 2552 20
640 2492 719 2556 οὐ
763 2495 1179 2573 πλεοναςμός.
1266 2494 1341 2559 τὸ
1387 2496 1459 2558 δὲ
1516 2495 1817 2574 αἰζήϊος
1873 2495 2217 2560 έπλεόναςε
2262 2497 2336 2571 τὸ
2381 2499 2443 2578 ῖ,
2501 2495 2580 2560 οὐ
2631 2497 2705 2559 τὸ
2752 2500 2807 2571 ἦ.
2895 2496 2974 2559 τὰ
3018 2496 3089 2559 δὲ
3133 2495 3225 2561 εἰς

635 2594 744 2659 soc?
779 2597 853 2663 τὸ
901 2618 954 2660 ω
998 2597 1157 2661 κατὰ
1198 2597 1313 2675 τὴν
1368 2597 1580 2675 τρίτην
1626 2599 1940 2678 ςυλλαβήν
1972 2597 2206 2676 ἔχοντα
2249 2596 2380 2663 ἀπὸ
2420 2601 2550 2662 τῶν
2596 2597 2699 2661 διὰ
2742 2601 2858 2662 τοῦ
2888 2601 3021 2680 ipo}
3064 2599 3226 2662 κατὰ

637 2699 918 2764 διάλυςιν
960 2698 1275 2784 γίνονται,
1335 2699 1513 2784 Κῷος
1565 2702 1667 2764 καὶ
1728 2701 1998 2782 Κώϊος,
2055 2701 2317 2784 Μινῷος
2368 2701 2471 2764 καὶ
2516 2701 2892 2784 Μινώϊος,
2950 2701 3221 2783 λώϊος,

638 2803 1062 2884 πατρώϊος,
1108 2803 1431 2885 ήρώϊος,
1477 2802 1808 2886 Τρώϊος,
1853 2803 2211 2883 Λητώϊος.
2299 2805 2374 2868 τὸ
2420 2805 2490 2868 δὲ
2535 2802 2969 2882 Ὁμολώϊος
3014 2801 3224 2868 «Ζεὺς

636 2903 1029 2983 Ὁμολώῑος»
1076 2904 1201 2970 ἐςτὶ
1245 2905 1402 2969 κατὰ
1445 2907 1852 2985 πλεοναςμὸν
1894 2909 2012 2971 τοῦ
2058 2909 2128 2969 ὦ.

534 3032 601 3084 25
802 3023 930 3087 Ἔτι
984 3023 1063 3086 τὰ
1120 3023 1226 3099 εἰς,
1260 3027 1363 3088 ‘so—6
1407 3025 1487 3103 μὴ
1532 3026 1777 3105 καθαρὰ
1830 3031 1922 3110 τῷ
1976 3029 2013 3103 ἦ
2060 3026 2098 3105 ἢ
2152 3031 2245 3111 τῷ
2302 3029 2355 3089 iss
2399 3023 2899 3104 παραληγόμενα
2954 3023 3220 3104 βαρύνε-

635 3146 766 3209 ται,
821 3125 1086 3210 ἤπιος,
1143 3127 1606 3210 Ἀλμώπιος,
1663 3127 2017 3193 (namot
2079 3128 2267 3193 ἔθνος
2310 3129 2617 3207 προςεχὲς
2681 3130 2819 3192 τοῖς
2863 3127 3220 3210 Λιβυρνοῖς,

802 3435 839 3488 l.
877 3437 908 3487 7
945 3441 1073 3502 post
1107 3432 1297 3488 ἀντίος
1333 3435 1521 3485 addidi
1558 3432 1947 3499 ςεςημείωται,
1987 3440 2112 3501 post
2151 3432 2382 3486 Κλυτίος
2418 3461 2482 3469 ——
2519 3432 2679 3498 κύρια
2714 3435 2820 3485 καὶ.
2866 3435 2949 3484 De
2986 3431 3220 3486 Εκοτίος

637 3505 708 3555 cf.
746 3504 809 3556 Il.
838 3506 929 3555 Pr.
963 3502 1012 3556 Ζ
1046 3507 1130 3567 24,
1167 3504 1263 3554 ubi
1299 3502 1520 3556 ςκότιον
1557 3501 1635 3555 ὡς
1674 3503 1888 3565 λόγιον·
1926 3502 1997 3554 τὸ
2033 3503 2138 3567 γὰρ
2163 3502 2355 3567 κύριον
2380 3500 2493 3567 πρὸ
2516 3501 2716 3553 τέλους
2741 3502 2854 3566 ἔχει
2876 3503 2985 3566 τὴν
3009 3501 3217 3565 ὀξεῖαν,

638 3572 823 3626 Schol.
863 3574 921 3621 in
957 3572 1163 3623 Aneed.
1199 3571 1375 3623 Paris.
1414 3573 1499 3623 111
1533 3574 1634 3621 284
1669 3572 1855 3622 addit:
1894 3571 1973 3623 ὡς
2010 3571 2163 3636 παρὰ
2197 3569 2480 3637 Πινδάρῳ.
2641 3570 2676 3619 l.
2715 3575 2747 3621 9
2783 3570 3055 3622 Arcadius
3091 3577 3221 3636 post

635 3656 906 3691 canonem
930 3641 1070 3691 nihil
1097 3641 1204 3691 nisi
1231 3640 1367 3690 haec
1406 3639 1656 3705 exempla
1691 3640 1888 3692 habet:
1926 3639 2083 3705 νήῖος
2112 3637 2244 3702 (ΑΒ,
2281 3638 2441 3703 ὑήῖος
2481 3638 2560 3700 C),
2598 3637 2771 3702 δήῖος,
2809 3637 2985 3704 γήῖος,
3024 3637 3215 3702 λώῑος,

635 3707 938 3773 πατρώϊος.
997 3710 1150 3760 Haec
1188 3709 1423 3759 ducente
1461 3709 1709 3773 Theogn.
1747 3711 1829 3768 57,
1868 3710 1899 3760 7
1935 3709 2237 3760 seeundum
2272 3708 2540 3760 Lobeekii
2576 3707 3011 3758 emendationem
3044 3707 3217 3760 Proll.

632 3780 728 3827 471
768 3776 1116 3858 amplificavi.
1188 3776 1345 3841 νήῖος
1381 3776 1551 3828 habet
1596 3777 1763 3826 etiam
1809 3779 1890 3828 St.
1926 3777 1988 3830 B.
2027 3780 2152 3838 473,
2194 3779 2280 3838 14,
2329 3776 2628 3828 secundnm
2673 3773 2915 3840 'Pheogm
2955 3792 3021 3826 ex
3065 3773 3219 3829 νέῖο(

634 3846 929 3926 repetitur,
962 3847 1020 3895 in
1046 3847 1144 3911 Ep.
1173 3844 1260 3895 Cr.
1296 3846 1321 3894 I
1356 3847 1453 3896 295
1485 3846 1829 3909 componitur
1862 3861 1983 3895 oum
2014 3843 2209 3909 γρήῖος
2244 3845 2324 3894 ita
2356 3849 2418 3894 ut
2455 3859 2487 3892 a
2518 3841 2674 3894 νάϊος
2711 3845 2792 3893 sio
2825 3848 2889 3893 ut
2920 3841 3113 3908 γρήϊος
3148 3861 3219 3894 ex

633 3909 824 3978 γράῖος
851 3920 1206 3980 propagetur.
1240 3911 1397 3977 γήῖος
1424 3914 1566 3977 quod
1592 3929 1659 3963 ex
1677 3912 1828 3975 γέῖος
1856 3929 1889 3963 a
1907 3911 2009 3975 γέα
2034 3919 2208 3964 ortum
2232 3914 2452 3978 putavit
2470 3912 2836 3974 HerodianuS,
2853 3911 3025 3962 habet
3049 3912 3217 3962 etiam

637 3985 719 4034 St.
744 3985 805 4035 Β.
794 4019 826 4046 .,
854 3999 960 4049 quo
984 3982 1225 4033 concidit
1245 3981 1515 4032 Lobeckii
1540 3981 1814 4034 dubitatio
1839 3983 1899 4031 in
1926 3980 2007 4031 El.
2032 3983 2060 4032 1
2083 3983 2200 4031 449.
2242 3979 2406 4044 Κήῖος
2429 3977 2599 4043 Τήῖος
2625 3985 2681 4030 et
2698 3980 2945 4046 Theogn.
2972 3986 3030 4030 et
3054 3980 3132 4030 St.
3154 3980 3218 4030 B.

634 4052 931 4116 p,raebent
971 4052 1063 4114 qui
1099 4052 1372 4112 posterior
1407 4050 1488 4100 aie
1525 4049 1791 4115 explieat:
1829 4051 1933 4114 τῆς
1973 4047 2095 4100 Κέω
2131 4049 2200 4100 τὸ
2237 4047 2461 4099 ἑθνικὸν
2489 4046 2644 4099 Κέίος
2680 4047 2771 4098 καὶ
2808 4046 3022 4099 ἑκτάςει
3051 4046 3127 4112 Κή
3128 4051 3217 4100 ἳος

635 4118 714 4171 ὡς
750 4120 853 4182 τῆς
891 4117 1018 4170 Τέω
1056 4116 1218 4169 Τέῖος
1256 4117 1345 4169 καὶ
1389 4117 1559 4181 Τήϊος
1601 4119 1693 4169 καὶ
1740 4116 1898 4169 Κεῖος
1943 4117 2031 4169 διὰ
2075 4116 2399 4181 διφθόγγου
2470 4114 2747 4181 βαςιλήϊος
2783 4145 2847 4151 -
2884 4114 3111 4180 ἀρχήῖος
3148 4133 3218 4167 ex

633 4189 879 4252 Theogn.
896 4224 910 4251 ,
955 4184 1281 4250 Παταρήϊος
1328 4214 1393 4222 --
1430 4185 1656 4251 Ἀλήιον
1701 4183 1900 4238 πεδίον
1949 4203 2017 4236 ex
2063 4185 2140 4239 St.
2191 4188 2277 4249 BC,
2326 4185 2420 4251 qui
2464 4185 2566 4234 hoe
2611 4190 2940 4250 postremum
2986 4201 3095 4235 non
3140 4186 3214 4234 ab

581 4281 586 4286 ·
635 4253 816 4318 ’,Αλαί
865 4255 964 4305 sed
1009 4257 1078 4304 ab
1127 4253 1320 4306 Ἁλεύς
1366 4254 1572 4306 diserte
1620 4260 1896 4321 propagat
1937 4255 2020 4304 ita
2065 4260 2125 4303 ut
2170 4269 2278 4305 non
2326 4269 2420 4318 pro
2466 4251 2689 4316 ἁλαῑον,
2738 4252 2835 4303 sed
2878 4269 2975 4317 pro
3022 4251 3216 4304 ἁλεῑον

633 4326 876 4408 positum
910 4323 1299 4387 arbitraretur,
1338 4324 1484 4388 quod
1518 4340 1712 4374 moneo
1760 4319 2001 4389 propter
2024 4323 2157 4374 Lob.
2193 4322 2362 4372 Proll.
2399 4338 2448 4386 p.
2483 4323 2600 4371 473.
2673 4319 2981 4385 πολεμήϊος
3017 4349 3082 4356 --
3118 4336 3216 4372 τα-

633 4391 803 4457 φήϊος
841 4408 909 4442 ex
942 4392 1460 4454 Eustath.1437,1
1501 4398 1555 4442 et
1592 4393 1820 4450 257,12
1874 4392 2130 4456 apposita
2167 4395 2318 4448 sunt,
2366 4390 2821 4440 adnotamentum
2864 4390 2931 4439 de
2973 4388 3216 4454 Νυςήιον

634 4478 700 4511 ex
740 4461 828 4510 Cr
865 4459 1055 4509 An.11
1099 4462 1198 4511 298
1242 4476 1362 4510 cum
1407 4460 1676 4511 Lobeckii
1721 4459 2200 4510 emendationibus
2245 4458 2413 4512 Proll.
2460 4459 2557 4508 471
2606 4458 2808 4523 recepi.
2888 4454 3097 4521 αἰζήϊος
3145 4475 3215 4509 ex

633 4530 910 4594 Theogm,
958 4530 1051 4593 qni
1098 4528 1307 4578 diserte
1353 4527 1537 4578 addit.
1584 4527 1664 4579 ὥς
1708 4541 1876 4592 φηςιν
1913 4526 2255 4593 Ἡρωδιανὸς
2299 4524 2362 4576 ἑν
2405 4529 2476 4591 τῇ
2525 4525 2784 4577 καθόλου.
2820 4555 2885 4560 -
2933 4527 3215 4577 Canonem

634 4613 700 4664 do
746 4613 1058 4663 nominibus
1101 4613 1157 4663 in
1206 4626 1340 4664 ωιος
1390 4628 1456 4662 ex
1500 4613 1747 4677 Theogn.
1794 4617 1852 4661 et
1899 4613 1978 4666 St.
2026 4613 2088 4662 B.
2138 4611 2439 4677 explicati,
2487 4612 2581 4675 qui
2629 4628 2679 4676 p.
2716 4615 2846 4674 403,
2893 4613 2924 4661 5
2967 4613 3070 4676 τῆς
3118 4609 3213 4662 Κῶ

633 4680 1049 4745 μονοςυλλάβου
1089 4681 1245 4747 Κῷος
1282 4679 1372 4730 καὶ
1411 4678 1588 4731 Κώῖος
1626 4679 1703 4730 ὡς
1742 4677 1905 4746 Μινῷ
1910 4695 1971 4732 ος
2008 4678 2274 4732 Μινώϊος.
2333 4677 2643 4740 Ὁμολώϊος
2680 4697 2748 4730 ex
2784 4679 2977 4730 eodem
3009 4681 3127 4741 493,
3166 4683 3216 4730 6.

634 4750 701 4798 de
739 4750 826 4799 his
862 4751 934 4800 ef.
973 4751 1018 4799 1,
1023 4752 1108 4801 ob.
1149 4732 1235 4799 'EL
1273 4750 1325 4798 11
1362 4750 1446 4797 47.
1613 4748 1647 4798 l.
1688 4751 1753 4798 ‘26
1786 4749 2056 4799 Arcadius
2091 4748 2262 4798 habet
2299 4751 2512 4797 tantum
2548 4747 2617 4798 τὸ
2658 4746 2986 4812 Ἀςκληπιός
3022 4746 3215 4799 ὀξύνε-

632 4831 751 4880 ται,
791 4833 931 4882 quae
969 4820 1138 4868 verba
1174 4833 1293 4867 oum
1333 4816 1814 4883 praecedentibus,
1855 4832 1993 4881 quae
2034 4817 2102 4866 de
2140 4816 2294 4881 puris
2331 4816 2385 4864 in
2424 4831 2504 4868 ιος
2544 4823 2734 4882 agunt,
2770 4832 2879 4867 non
2915 4816 3214 4867 cohaerere

633 4901 732 4954 per
773 4901 834 4935 ‘se
881 4889 1057 4951 patet.
1141 4885 1408 4952 Equidem
1453 4884 1636 4936 iudico
1680 4883 1905 4935 Arcadii
1950 4887 2122 4935 verba
2175 4883 2395 4934 adiecta
2448 4884 2619 4935 fuisse
2676 4884 2874 4936 canoni
2928 4884 3217 4950 eiusmodi,
