<?xml version="1.0" encoding="UTF-8"?>
<!DOCTYPE html PUBLIC "-//W3C//DTD XHTML 1.0 Transitional//EN"
    "http://www.w3.org/TR/xhtml1/DTD/xhtml1-transitional.dtd">
<html xmlns="http://www.w3.org/1999/xhtml" xml:lang="en" lang="en">
 <head>
  <title>
</title>
<meta http-equiv="Content-Type" content="text/html;charset=utf-8" />
  <meta name='ocr-system' content='tesseract 3.04.00' />
  <meta name='ocr-capabilities' content='ocr_page ocr_carea ocr_par ocr_line ocrx_word'/>
</head>
<body>
  <div class='ocr_page' id='page_1' title='image "./grammaticigraec02unkngoog_0788.png"; bbox 0 0 3664 5546; ppageno 0'>
   <div class='ocr_carea' id='block_1_1' title="bbox 592 435 2243 501">
    <p class='ocr_par' dir='ltr' id='par_1_1' title="bbox 592 435 2243 501">
     <span class='ocr_line' id='line_1_1' title="bbox 592 435 2243 501; baseline -0.001 -10"><span class='ocrx_word' id='word_1_1' title='bbox 592 438 720 501; x_wconf 73' lang='lat'>542</span> <span class='ocrx_word' id='word_1_2' title='bbox 1138 448 1149 454; x_wconf 79' lang='grc'><em>’</em></span> <span class='ocrx_word' id='word_1_3' title='bbox 1529 436 1611 491; x_wconf 87' lang='grc' dir='ltr'>ΕΚ</span> <span class='ocrx_word' id='word_1_4' title='bbox 1651 435 1791 489; x_wconf 88' lang='grc' dir='ltr'>ΤΩΝ</span> <span class='ocrx_word' id='word_1_5' title='bbox 1835 435 2243 490; x_wconf 85' lang='grc' dir='ltr'>ΗΡΩΔΙΑΝΟΥ</span> 
     </span>
    </p>
   </div>
   <div class='ocr_carea' id='block_1_2' title="bbox 490 604 3184 2320">
    <p class='ocr_par' dir='ltr' id='par_1_2' title="bbox 762 604 3183 685">
     <span class='ocr_line' id='line_1_2' title="bbox 762 604 3183 685; baseline 0 -15"><span class='ocrx_word' id='word_1_6' title='bbox 762 607 852 670; x_wconf 88' lang='grc' dir='ltr'>Τὸ</span> <span class='ocrx_word' id='word_1_7' title='bbox 898 609 940 669; x_wconf 83' lang='grc' dir='ltr'><strong>ἆ</strong></span> <span class='ocrx_word' id='word_1_8' title='bbox 983 608 1111 684; x_wconf 88' lang='grc' dir='ltr'>πρὸ</span> <span class='ocrx_word' id='word_1_9' title='bbox 1142 610 1258 670; x_wconf 86' lang='grc' dir='ltr'>τοῦ</span> <span class='ocrx_word' id='word_1_10' title='bbox 1301 609 1338 670; x_wconf 72' lang='grc' dir='ltr'><strong>ῐ</strong></span> <span class='ocrx_word' id='word_1_11' title='bbox 1368 606 1515 670; x_wconf 90' lang='grc' dir='ltr'>ἑνὸς</span> <span class='ocrx_word' id='word_1_12' title='bbox 1544 606 1582 684; x_wconf 86' lang='grc' dir='ltr'>ἢ</span> <span class='ocrx_word' id='word_1_13' title='bbox 1616 609 1830 670; x_wconf 80' lang='grc' dir='ltr'>διττοῦ</span> <span class='ocrx_word' id='word_1_14' title='bbox 1864 609 2166 684; x_wconf 85' lang='grc' dir='ltr'>ψιλοῦται</span> <span class='ocrx_word' id='word_1_15' title='bbox 2196 605 2366 683; x_wconf 86' lang='grc' dir='ltr'>πλὴν</span> <span class='ocrx_word' id='word_1_16' title='bbox 2397 607 2514 668; x_wconf 83' lang='grc' dir='ltr'>τοῦ</span> <span class='ocrx_word' id='word_1_17' title='bbox 2560 604 2689 668; x_wconf 87' lang='grc' dir='ltr'>ἅτε</span> <span class='ocrx_word' id='word_1_18' title='bbox 2734 605 2836 668; x_wconf 86' lang='grc' dir='ltr'>καὶ</span> <span class='ocrx_word' id='word_1_19' title='bbox 2879 604 3183 685; x_wconf 84' lang='grc' dir='ltr'>ἅτερος.</span> 
     </span>
    </p>

    <p class='ocr_par' dir='ltr' id='par_1_3' title="bbox 759 705 3182 786">
     <span class='ocr_line' id='line_1_3' title="bbox 759 705 3182 786; baseline -0 -13"><span class='ocrx_word' id='word_1_20' title='bbox 759 708 850 773; x_wconf 87' lang='grc' dir='ltr'>Τὸ</span> <span class='ocrx_word' id='word_1_21' title='bbox 894 711 935 771; x_wconf 82' lang='grc' dir='ltr'><strong>ἆ</strong></span> <span class='ocrx_word' id='word_1_22' title='bbox 978 708 1107 786; x_wconf 91' lang='grc' dir='ltr'>πρὸ</span> <span class='ocrx_word' id='word_1_23' title='bbox 1139 709 1364 773; x_wconf 89' lang='grc' dir='ltr'>δαςέος</span> <span class='ocrx_word' id='word_1_24' title='bbox 1396 710 1713 785; x_wconf 88' lang='grc' dir='ltr'>ψιλοῦται.</span> <span class='ocrx_word' id='word_1_25' title='bbox 1771 707 2173 786; x_wconf 84' lang='grc' dir='ltr'>ςεςημείωται</span> <span class='ocrx_word' id='word_1_26' title='bbox 2203 707 2279 770; x_wconf 90' lang='grc' dir='ltr'>τὸ</span> <span class='ocrx_word' id='word_1_27' title='bbox 2324 705 2486 785; x_wconf 88' lang='grc' dir='ltr'>ἁφή</span> <span class='ocrx_word' id='word_1_28' title='bbox 2533 707 2633 770; x_wconf 87' lang='grc' dir='ltr'>καὶ</span> <span class='ocrx_word' id='word_1_29' title='bbox 2660 706 2741 769; x_wconf 89' lang='grc' dir='ltr'>τὰ</span> <span class='ocrx_word' id='word_1_30' title='bbox 2770 706 2921 785; x_wconf 78' lang='grc' dir='ltr'>παρ’</span> <span class='ocrx_word' id='word_1_31' title='bbox 2965 706 3182 772; x_wconf 84' lang='grc' dir='ltr'>αὐτοῦ.</span> 
     </span>
    </p>

    <p class='ocr_par' dir='ltr' id='par_1_4' title="bbox 758 806 3182 892">
     <span class='ocr_line' id='line_1_4' title="bbox 758 806 3182 892; baseline -0 -19"><span class='ocrx_word' id='word_1_32' title='bbox 758 810 848 873; x_wconf 89' lang='grc' dir='ltr'>Τὸ</span> <span class='ocrx_word' id='word_1_33' title='bbox 892 812 925 874; x_wconf 79' lang='grc' dir='ltr'>ἒ</span> <span class='ocrx_word' id='word_1_34' title='bbox 969 809 1129 873; x_wconf 86' lang='grc' dir='ltr'>κατὰ</span> <span class='ocrx_word' id='word_1_35' title='bbox 1180 810 1335 874; x_wconf 87' lang='grc' dir='ltr'>τοὺς</span> <span class='ocrx_word' id='word_1_36' title='bbox 1389 809 1900 892; x_wconf 81' lang='grc' dir='ltr'>παρῳχημένου(</span> <span class='ocrx_word' id='word_1_37' title='bbox 1955 807 2443 887; x_wconf 85' lang='grc' dir='ltr'>προερχόμενον</span> <span class='ocrx_word' id='word_1_38' title='bbox 2499 807 2601 871; x_wconf 87' lang='grc' dir='ltr'>καὶ</span> <span class='ocrx_word' id='word_1_39' title='bbox 2656 806 3030 873; x_wconf 89' lang='grc' dir='ltr'>ἀποπῑπτον</span> <span class='ocrx_word' id='word_1_40' title='bbox 3076 830 3182 888; x_wconf 88' lang='grc' dir='ltr'>ψι-</span> 
     </span>
    </p>

    <p class='ocr_par' dir='ltr' id='par_1_5' title="bbox 591 908 3184 994">
     <span class='ocr_line' id='line_1_5' title="bbox 591 908 3184 994; baseline -0 -20"><span class='ocrx_word' id='word_1_41' title='bbox 591 914 845 994; x_wconf 86' lang='grc' dir='ltr'>λοῦται,</span> <span class='ocrx_word' id='word_1_42' title='bbox 901 911 1192 984; x_wconf 84' lang='grc' dir='ltr'>ἔλεγον</span> <span class='ocrx_word' id='word_1_43' title='bbox 1240 911 1465 992; x_wconf 85' lang='grc' dir='ltr'>λέγον,</span> <span class='ocrx_word' id='word_1_44' title='bbox 1523 910 1749 989; x_wconf 83' lang='grc' dir='ltr'>ἔςτην</span> <span class='ocrx_word' id='word_1_45' title='bbox 1796 914 1944 988; x_wconf 88' lang='grc' dir='ltr'>ςτῆν</span> <span class='ocrx_word' id='word_1_46' title='bbox 1994 909 2265 973; x_wconf 82' lang='grc' dir='ltr'>«ἔςταν</span> <span class='ocrx_word' id='word_1_47' title='bbox 2312 908 2631 973; x_wconf 79' lang='grc' dir='ltr'>ἅπαντες»</span> <span class='ocrx_word' id='word_1_48' title='bbox 2679 910 2756 991; x_wconf 93' lang='grc' dir='ltr'>(Α</span> <span class='ocrx_word' id='word_1_49' title='bbox 2800 908 2988 992; x_wconf 85' lang='lat'>535),</span> <span class='ocrx_word' id='word_1_50' title='bbox 3045 911 3184 975; x_wconf 86' lang='grc' dir='ltr'>ἐπεὶ</span> 
     </span>
    </p>

    <p class='ocr_par' dir='ltr' id='par_1_6' title="bbox 518 1008 3180 1093">
     <span class='ocr_line' id='line_1_6' title="bbox 518 1008 3180 1093; baseline 0.001 -20"><span class='ocrx_word' id='word_1_51' title='bbox 518 1025 551 1073; x_wconf 87' lang='lat'>5</span> <span class='ocrx_word' id='word_1_52' title='bbox 588 1013 825 1088; x_wconf 87' lang='grc' dir='ltr'>γίνεται</span> <span class='ocrx_word' id='word_1_53' title='bbox 874 1014 1066 1077; x_wconf 87' lang='grc' dir='ltr'>«ςτὰν</span> <span class='ocrx_word' id='word_1_54' title='bbox 1113 1014 1185 1076; x_wconf 78' lang='grc' dir='ltr'>δὲ</span> <span class='ocrx_word' id='word_1_55' title='bbox 1229 1011 1657 1090; x_wconf 82' lang='grc' dir='ltr'>μεταςτοιχεί»</span> <span class='ocrx_word' id='word_1_56' title='bbox 1703 1009 1812 1093; x_wconf 90' lang='lat' dir='ltr'><strong>(Il.</strong></span> <span class='ocrx_word' id='word_1_57' title='bbox 1846 1011 1904 1075; x_wconf 87' lang='grc' dir='ltr'><strong>Ψ</strong></span> <span class='ocrx_word' id='word_1_58' title='bbox 1949 1008 2135 1092; x_wconf 83' lang='grc'>328),</span> <span class='ocrx_word' id='word_1_59' title='bbox 2180 1010 2214 1074; x_wconf 88' lang='grc' dir='ltr'>ἔ</span> <span class='ocrx_word' id='word_1_60' title='bbox 2229 1030 2492 1093; x_wconf 86' lang='grc' dir='ltr'>ςτηςα,</span> <span class='ocrx_word' id='word_1_61' title='bbox 2550 1009 2689 1074; x_wconf 83' lang='grc' dir='ltr'>ἐπεὶ</span> <span class='ocrx_word' id='word_1_62' title='bbox 2735 1014 2952 1088; x_wconf 80' lang='grc' dir='ltr'>«ςτῆςε</span> <span class='ocrx_word' id='word_1_63' title='bbox 2997 1012 3066 1077; x_wconf 82' lang='grc' dir='ltr'>δ’</span> <span class='ocrx_word' id='word_1_64' title='bbox 3109 1011 3180 1076; x_wconf 86' lang='grc' dir='ltr'>ἐν</span> 
     </span>
    </p>

    <p class='ocr_par' dir='ltr' id='par_1_7' title="bbox 589 1110 3180 1198">
     <span class='ocr_line' id='line_1_7' title="bbox 589 1110 3180 1198; baseline 0 -21"><span class='ocrx_word' id='word_1_65' title='bbox 589 1114 854 1197; x_wconf 87' lang='grc' dir='ltr'>Ἀμνιςῷ</span> <span class='ocrx_word' id='word_1_66' title='bbox 898 1119 1209 1198; x_wconf 80' lang='grc' dir='ltr'>ποταμῷ»</span> <span class='ocrx_word' id='word_1_67' title='bbox 1256 1110 1413 1194; x_wconf 88' lang='lat' dir='ltr'><strong>(Od.</strong></span> <span class='ocrx_word' id='word_1_68' title='bbox 1458 1134 1493 1176; x_wconf 91' lang='grc' dir='ltr'>τ</span> <span class='ocrx_word' id='word_1_69' title='bbox 1544 1111 1723 1196; x_wconf 89' lang='grc'>188),</span> <span class='ocrx_word' id='word_1_70' title='bbox 1767 1113 1844 1176; x_wconf 90' lang='grc' dir='ltr'>τὸ</span> <span class='ocrx_word' id='word_1_71' title='bbox 1890 1113 1960 1176; x_wconf 82' lang='grc' dir='ltr'>δὲ</span> <span class='ocrx_word' id='word_1_72' title='bbox 2008 1112 2424 1176; x_wconf 79' lang='grc' dir='ltr'>«ἕςταςαν»</span> <span class='ocrx_word' id='word_1_73' title='bbox 2470 1113 2547 1193; x_wconf 91' lang='grc' dir='ltr'>(Β</span> <span class='ocrx_word' id='word_1_74' title='bbox 2594 1111 2778 1194; x_wconf 89' lang='grc'>777),</span> <span class='ocrx_word' id='word_1_75' title='bbox 2825 1112 3180 1197; x_wconf 85' lang='grc' dir='ltr'>δαςύνεται,</span> 
     </span>
    </p>

    <p class='ocr_par' dir='ltr' id='par_1_8' title="bbox 588 1213 3182 1298">
     <span class='ocr_line' id='line_1_8' title="bbox 588 1213 3182 1298; baseline -0.001 -18"><span class='ocrx_word' id='word_1_76' title='bbox 588 1216 933 1294; x_wconf 82' lang='grc' dir='ltr'>ἐπειδήπερ</span> <span class='ocrx_word' id='word_1_77' title='bbox 988 1216 1065 1279; x_wconf 86' lang='grc' dir='ltr'>τὸ</span> <span class='ocrx_word' id='word_1_78' title='bbox 1121 1214 1281 1279; x_wconf 84' lang='grc' dir='ltr'>αὐτὸ</span> <span class='ocrx_word' id='word_1_79' title='bbox 1339 1214 1463 1278; x_wconf 85' lang='grc' dir='ltr'>ἐςτὶ</span> <span class='ocrx_word' id='word_1_80' title='bbox 1517 1220 1609 1298; x_wconf 93' lang='grc' dir='ltr'>τῷ</span> <span class='ocrx_word' id='word_1_81' title='bbox 1663 1214 2027 1295; x_wconf 88' lang='grc' dir='ltr'>ἑςτήκεςαν,</span> <span class='ocrx_word' id='word_1_82' title='bbox 2082 1213 2159 1277; x_wconf 90' lang='grc' dir='ltr'>τὸ</span> <span class='ocrx_word' id='word_1_83' title='bbox 2205 1214 2276 1276; x_wconf 76' lang='grc' dir='ltr'>δὲ</span> <span class='ocrx_word' id='word_1_84' title='bbox 2319 1215 2352 1275; x_wconf 76' lang='grc' dir='ltr'>ἒ</span> <span class='ocrx_word' id='word_1_85' title='bbox 2397 1215 2515 1276; x_wconf 86' lang='grc' dir='ltr'>τοῦ</span> <span class='ocrx_word' id='word_1_86' title='bbox 2559 1214 3030 1294; x_wconf 83' lang='grc' dir='ltr'>παρακειμένου</span> <span class='ocrx_word' id='word_1_87' title='bbox 3080 1215 3182 1278; x_wconf 84' lang='grc' dir='ltr'>καὶ</span> 
     </span>
    </p>

    <p class='ocr_par' dir='ltr' id='par_1_9' title="bbox 588 1308 3178 1396">
     <span class='ocr_line' id='line_1_9' title="bbox 588 1308 3178 1396; baseline -0 -15"><span class='ocrx_word' id='word_1_88' title='bbox 588 1308 1120 1396; x_wconf 73' lang='grc' dir='ltr'>ῥπερςυντελίκου</span> <span class='ocrx_word' id='word_1_89' title='bbox 1176 1316 1300 1379; x_wconf 85' lang='grc' dir='ltr'>ἐπὶ.</span> <span class='ocrx_word' id='word_1_90' title='bbox 1334 1315 1572 1379; x_wconf 88' lang='grc' dir='ltr'>τούτου</span> <span class='ocrx_word' id='word_1_91' title='bbox 1626 1319 1743 1380; x_wconf 85' lang='grc' dir='ltr'>τοῦ</span> <span class='ocrx_word' id='word_1_92' title='bbox 1802 1315 2082 1394; x_wconf 83' lang='grc' dir='ltr'>ῥήματος</span> <span class='ocrx_word' id='word_1_93' title='bbox 2136 1314 2486 1378; x_wconf 88' lang='grc' dir='ltr'>δαςύνεται.</span> <span class='ocrx_word' id='word_1_94' title='bbox 2584 1314 2660 1378; x_wconf 89' lang='grc' dir='ltr'>τὸ</span> <span class='ocrx_word' id='word_1_95' title='bbox 2716 1316 2788 1379; x_wconf 80' lang='grc' dir='ltr'>δὲ</span> <span class='ocrx_word' id='word_1_96' title='bbox 2844 1315 3178 1393; x_wconf 83' lang='grc' dir='ltr'>ἑήνδανε</span> 
     </span>
    </p>

    <p class='ocr_par' dir='ltr' id='par_1_10' title="bbox 584 1414 3174 1501">
     <span class='ocr_line' id='line_1_10' title="bbox 584 1414 3174 1501; baseline -0.001 -18"><span class='ocrx_word' id='word_1_97' title='bbox 584 1419 689 1484; x_wconf 90' lang='grc' dir='ltr'>καὶ</span> <span class='ocrx_word' id='word_1_98' title='bbox 731 1418 1036 1497; x_wconf 85' lang='grc' dir='ltr'>ἑώρων,</span> <span class='ocrx_word' id='word_1_99' title='bbox 1082 1417 1403 1501; x_wconf 65' lang='grc' dir='ltr'>ἑζέςςατο</span> <span class='ocrx_word' id='word_1_100' title='bbox 1447 1414 1556 1498; x_wconf 90' lang='lat' dir='ltr'><strong>(Il.</strong></span> <span class='ocrx_word' id='word_1_101' title='bbox 1592 1415 1824 1497; x_wconf 87' lang='grc' dir='ltr'>Κ’177)</span> <span class='ocrx_word' id='word_1_102' title='bbox 1871 1416 1989 1480; x_wconf 87' lang='grc' dir='ltr'>οὐκ</span> <span class='ocrx_word' id='word_1_103' title='bbox 2035 1416 2102 1480; x_wconf 85' lang='grc' dir='ltr'>ἐκ</span> <span class='ocrx_word' id='word_1_104' title='bbox 2147 1416 2425 1498; x_wconf 84' lang='grc' dir='ltr'>κλίςεως,</span> <span class='ocrx_word' id='word_1_105' title='bbox 2473 1414 2614 1479; x_wconf 77' lang='grc' dir='ltr'>ἀλλ’</span> <span class='ocrx_word' id='word_1_106' title='bbox 2646 1416 2712 1479; x_wconf 85' lang='grc' dir='ltr'>ἐκ</span> <span class='ocrx_word' id='word_1_107' title='bbox 2742 1420 3174 1496; x_wconf 84' lang='grc' dir='ltr'>πλεοναςμοῦ,</span> 
     </span>
    </p>

    <p class='ocr_par' dir='ltr' id='par_1_11' title="bbox 490 1516 3184 1599">
     <span class='ocr_line' id='line_1_11' title="bbox 490 1516 3184 1599; baseline 0.001 -19"><span class='ocrx_word' id='word_1_108' title='bbox 490 1529 552 1580; x_wconf 86' lang='lat'>10</span> <span class='ocrx_word' id='word_1_109' title='bbox 755 1520 847 1584; x_wconf 87' lang='grc' dir='ltr'>Τὸ</span> <span class='ocrx_word' id='word_1_110' title='bbox 905 1520 976 1583; x_wconf 85' lang='grc' dir='ltr'>ἐν</span> <span class='ocrx_word' id='word_1_111' title='bbox 1032 1518 1455 1597; x_wconf 86' lang='grc' dir='ltr'>ἀντωνυμίαις</span> <span class='ocrx_word' id='word_1_112' title='bbox 1509 1521 1541 1582; x_wconf 79' lang='grc' dir='ltr'>ἒ</span> <span class='ocrx_word' id='word_1_113' title='bbox 1585 1521 1713 1597; x_wconf 83' lang='grc' dir='ltr'>πρὸ</span> <span class='ocrx_word' id='word_1_114' title='bbox 1762 1518 2115 1598; x_wconf 85' lang='grc' dir='ltr'>ςυμφώνου</span> <span class='ocrx_word' id='word_1_115' title='bbox 2173 1520 2508 1598; x_wconf 86' lang='grc' dir='ltr'>ψιλοῡται,</span> <span class='ocrx_word' id='word_1_116' title='bbox 2567 1516 2769 1599; x_wconf 86' lang='grc' dir='ltr'>ἐμοί,</span> <span class='ocrx_word' id='word_1_117' title='bbox 2828 1518 3184 1599; x_wconf 84' lang='grc' dir='ltr'>ἐκεῖνος,</span> 
     </span>
    </p>

    <p class='ocr_par' dir='ltr' id='par_1_12' title="bbox 584 1620 3154 1701">
     <span class='ocr_line' id='line_1_12' title="bbox 584 1620 3154 1701; baseline -0.001 -16"><span class='ocrx_word' id='word_1_118' title='bbox 584 1623 754 1699; x_wconf 89' lang='grc' dir='ltr'>πλὴν</span> <span class='ocrx_word' id='word_1_119' title='bbox 797 1624 916 1685; x_wconf 81' lang='grc' dir='ltr'>τοῦ</span> <span class='ocrx_word' id='word_1_120' title='bbox 961 1620 1155 1684; x_wconf 80' lang='grc' dir='ltr'>ἕθεν.</span> <span class='ocrx_word' id='word_1_121' title='bbox 1620 1685 1636 1701; x_wconf 60' lang='grc'>,</span> <span class='ocrx_word' id='word_1_122' title='bbox 3147 1634 3154 1637; x_wconf 14' lang='grc' dir='ltr'>ό</span> 
     </span>
    </p>

    <p class='ocr_par' dir='ltr' id='par_1_13' title="bbox 754 1720 3183 1803">
     <span class='ocr_line' id='line_1_13' title="bbox 754 1720 3183 1803; baseline -0 -17"><span class='ocrx_word' id='word_1_123' title='bbox 754 1722 845 1786; x_wconf 89' lang='grc' dir='ltr'>Τὸ</span> <span class='ocrx_word' id='word_1_124' title='bbox 890 1725 923 1786; x_wconf 78' lang='grc' dir='ltr'>ἒ</span> <span class='ocrx_word' id='word_1_125' title='bbox 966 1728 1098 1786; x_wconf 89' lang='grc' dir='ltr'>τῶν</span> <span class='ocrx_word' id='word_1_126' title='bbox 1143 1720 1429 1801; x_wconf 86' lang='grc' dir='ltr'>ἀριθμῶν</span> <span class='ocrx_word' id='word_1_127' title='bbox 1476 1721 1838 1802; x_wconf 84' lang='grc' dir='ltr'>δαςύνεται,</span> <span class='ocrx_word' id='word_1_128' title='bbox 1894 1721 2007 1803; x_wconf 83' lang='grc' dir='ltr'>ἕν,</span> <span class='ocrx_word' id='word_1_129' title='bbox 2064 1721 2172 1803; x_wconf 78' lang='grc' dir='ltr'>ἕξ,</span> <span class='ocrx_word' id='word_1_130' title='bbox 2230 1720 2423 1784; x_wconf 88' lang='grc' dir='ltr'>ἑπτά</span> <span class='ocrx_word' id='word_1_131' title='bbox 2479 1722 2581 1785; x_wconf 85' lang='grc' dir='ltr'>καὶ</span> <span class='ocrx_word' id='word_1_132' title='bbox 2633 1722 2714 1785; x_wconf 88' lang='grc' dir='ltr'>τὰ</span> <span class='ocrx_word' id='word_1_133' title='bbox 2769 1722 2966 1786; x_wconf 87' lang='grc' dir='ltr'>λοιπὰ</span> <span class='ocrx_word' id='word_1_134' title='bbox 3009 1722 3183 1799; x_wconf 86' lang='grc' dir='ltr'>πλὴν</span> 
     </span>
    </p>

    <p class='ocr_par' dir='ltr' id='par_1_14' title="bbox 544 1821 3178 2006">
     <span class='ocr_line' id='line_1_14' title="bbox 585 1821 3178 1905; baseline 0 -18"><span class='ocrx_word' id='word_1_135' title='bbox 585 1827 704 1888; x_wconf 82' lang='grc' dir='ltr'>τοῦ</span> <span class='ocrx_word' id='word_1_136' title='bbox 750 1823 982 1888; x_wconf 83' lang='grc' dir='ltr'>ἐννέα</span> <span class='ocrx_word' id='word_1_137' title='bbox 1025 1823 1129 1887; x_wconf 86' lang='grc' dir='ltr'>καὶ</span> <span class='ocrx_word' id='word_1_138' title='bbox 1173 1822 1722 1901; x_wconf 89' lang='grc' dir='ltr'>ἐννενήκοντα.</span> <span class='ocrx_word' id='word_1_139' title='bbox 1809 1823 1914 1887; x_wconf 91' lang='grc' dir='ltr'>καὶ</span> <span class='ocrx_word' id='word_1_140' title='bbox 1957 1822 2240 1886; x_wconf 86' lang='grc' dir='ltr'>καθόλου</span> <span class='ocrx_word' id='word_1_141' title='bbox 2284 1821 2522 1905; x_wconf 85' lang='grc' dir='ltr'>εἰπεῖν,</span> <span class='ocrx_word' id='word_1_142' title='bbox 2566 1827 2691 1887; x_wconf 86' lang='grc' dir='ltr'>πᾶς</span> <span class='ocrx_word' id='word_1_143' title='bbox 2736 1822 2999 1903; x_wconf 88' lang='grc' dir='ltr'>ἀριθμὸς</span> <span class='ocrx_word' id='word_1_144' title='bbox 3043 1822 3178 1887; x_wconf 86' lang='grc' dir='ltr'>ἀπὸ</span> 
     </span>
     <span class='ocr_line' id='line_1_15' title="bbox 544 1922 1757 2006; baseline -0.002 -16"><span class='ocrx_word' id='word_1_145' title='bbox 544 1926 963 2006; x_wconf 86' lang='grc' dir='ltr'>-φωνήεντος</span> <span class='ocrx_word' id='word_1_146' title='bbox 1009 1922 1365 2003; x_wconf 78' lang='grc' dir='ltr'>ἀρχόμενος</span> <span class='ocrx_word' id='word_1_147' title='bbox 1409 1925 1757 1989; x_wconf 88' lang='grc' dir='ltr'>δαςύνεται.</span> 
     </span>
    </p>

    <p class='ocr_par' dir='ltr' id='par_1_15' title="bbox 490 2010 3180 2109">
     <span class='ocr_line' id='line_1_16' title="bbox 490 2010 3180 2109; baseline -0.001 -18"><span class='ocrx_word' id='word_1_148' title='bbox 490 2042 551 2091; x_wconf 83' lang='grc'>15</span> <span class='ocrx_word' id='word_1_149' title='bbox 755 2047 792 2082; x_wconf 68' lang='grc' dir='ltr'>οι</span> <span class='ocrx_word' id='word_1_150' title='bbox 840 2027 931 2091; x_wconf 88' lang='grc' dir='ltr'>Τὸ</span> <span class='ocrx_word' id='word_1_151' title='bbox 976 2028 1011 2090; x_wconf 76' lang='grc' dir='ltr'>ἒ</span> <span class='ocrx_word' id='word_1_152' title='bbox 1053 2026 1182 2104; x_wconf 90' lang='grc' dir='ltr'>πρὸ</span> <span class='ocrx_word' id='word_1_153' title='bbox 1226 2028 1343 2090; x_wconf 83' lang='grc' dir='ltr'>τοῦ</span> <span class='ocrx_word' id='word_1_154' title='bbox 1389 2010 1433 2088; x_wconf 78' lang='grc' dir='ltr'>θ</span> <span class='ocrx_word' id='word_1_155' title='bbox 1473 2025 1554 2089; x_wconf 84' lang='grc' dir='ltr'>οὐ</span> <span class='ocrx_word' id='word_1_156' title='bbox 1600 2026 1965 2107; x_wconf 87' lang='grc' dir='ltr'>δαςύνεται,</span> <span class='ocrx_word' id='word_1_157' title='bbox 2012 2025 2212 2090; x_wconf 86' lang='grc' dir='ltr'>ἔθων</span> <span class='ocrx_word' id='word_1_158' title='bbox 2258 2026 2303 2107; x_wconf 85' lang='grc' dir='ltr'>(Ι</span> <span class='ocrx_word' id='word_1_159' title='bbox 2351 2024 2536 2109; x_wconf 79' lang='grc'>540),</span> <span class='ocrx_word' id='word_1_160' title='bbox 2593 2027 2810 2091; x_wconf 85' lang='grc' dir='ltr'>καθότι</span> <span class='ocrx_word' id='word_1_161' title='bbox 2857 2025 3180 2091; x_wconf 81' lang='grc' dir='ltr'>ἐδιδαςκό-</span> 
     </span>
    </p>

    <p class='ocr_par' dir='ltr' id='par_1_16' title="bbox 587 2124 3180 2210">
     <span class='ocr_line' id='line_1_17' title="bbox 587 2124 3180 2210; baseline -0.002 -17"><span class='ocrx_word' id='word_1_162' title='bbox 587 2134 745 2208; x_wconf 88' lang='grc' dir='ltr'>μεθα</span> <span class='ocrx_word' id='word_1_163' title='bbox 788 2130 891 2193; x_wconf 92' lang='grc' dir='ltr'>καὶ</span> <span class='ocrx_word' id='word_1_164' title='bbox 934 2128 1003 2192; x_wconf 88' lang='grc' dir='ltr'>ἐκ</span> <span class='ocrx_word' id='word_1_165' title='bbox 1046 2130 1158 2205; x_wconf 83' lang='grc' dir='ltr'>τῆς</span> <span class='ocrx_word' id='word_1_166' title='bbox 1194 2130 1609 2206; x_wconf 42' lang='grc' dir='ltr'>ιςυναλοιφῆς</span> <span class='ocrx_word' id='word_1_167' title='bbox 1669 2128 1748 2205; x_wconf 78' lang='grc' dir='ltr'>«ἥ</span> <span class='ocrx_word' id='word_1_168' title='bbox 1794 2127 1824 2189; x_wconf 87' lang='grc' dir='ltr'>ἑ</span> <span class='ocrx_word' id='word_1_169' title='bbox 1872 2127 2118 2205; x_wconf 84' lang='grc' dir='ltr'>μάλιςτ’</span> <span class='ocrx_word' id='word_1_170' title='bbox 2172 2126 2445 2191; x_wconf 73' lang='grc' dir='ltr'>εἴωθε»</span> <span class='ocrx_word' id='word_1_171' title='bbox 2494 2128 2567 2209; x_wconf 88' lang='grc' dir='ltr'>(Ε</span> <span class='ocrx_word' id='word_1_172' title='bbox 2612 2127 2798 2210; x_wconf 86' lang='grc'>766),</span> <span class='ocrx_word' id='word_1_173' title='bbox 2855 2127 2908 2191; x_wconf 86' lang='grc' dir='ltr'>εἰ</span> <span class='ocrx_word' id='word_1_174' title='bbox 2952 2128 3033 2208; x_wconf 87' lang='grc' dir='ltr'>μὴ</span> <span class='ocrx_word' id='word_1_175' title='bbox 3080 2124 3180 2203; x_wconf 84' lang='grc' dir='ltr'>εἴη</span> 
     </span>
    </p>

    <p class='ocr_par' dir='ltr' id='par_1_17' title="bbox 588 2226 2251 2320">
     <span class='ocr_line' id='line_1_18' title="bbox 588 2226 2251 2320; baseline -0.002 -25"><span class='ocrx_word' id='word_1_176' title='bbox 588 2230 1031 2309; x_wconf 86' lang='grc' dir='ltr'>ἀντωνυμικὸν</span> <span class='ocrx_word' id='word_1_177' title='bbox 1077 2229 1141 2296; x_wconf 84' lang='grc' dir='ltr'>ἐξ</span> <span class='ocrx_word' id='word_1_178' title='bbox 1187 2226 1519 2320; x_wconf 78' lang='grc' dir='ltr'>ᾀποβολῆς</span> <span class='ocrx_word' id='word_1_179' title='bbox 1563 2232 1679 2292; x_wconf 87' lang='grc' dir='ltr'>τοῦ</span> <span class='ocrx_word' id='word_1_180' title='bbox 1724 2231 1787 2309; x_wconf 75' lang='grc' dir='ltr'>ἱ,</span> <span class='ocrx_word' id='word_1_181' title='bbox 1835 2229 2013 2293; x_wconf 87' lang='grc' dir='ltr'>ςέθεν</span> <span class='ocrx_word' id='word_1_182' title='bbox 2060 2228 2251 2294; x_wconf 80' lang='grc' dir='ltr'>ἕθεν.</span> 
     </span>
    </p>
   </div>
   <div class='ocr_carea' id='block_1_3' title="bbox 751 2329 3284 2414">
    <p class='ocr_par' dir='ltr' id='par_1_18' title="bbox 751 2329 3284 2414">
     <span class='ocr_line' id='line_1_19' title="bbox 751 2329 3284 2414; baseline 0.001 -19"><span class='ocrx_word' id='word_1_183' title='bbox 751 2352 789 2387; x_wconf 60' lang='lat' dir='ltr'>ee</span> <span class='ocrx_word' id='word_1_184' title='bbox 839 2332 929 2396; x_wconf 89' lang='grc' dir='ltr'>Τὸ</span> <span class='ocrx_word' id='word_1_185' title='bbox 974 2334 1007 2395; x_wconf 79' lang='grc' dir='ltr'>ἒ</span> <span class='ocrx_word' id='word_1_186' title='bbox 1037 2331 1165 2408; x_wconf 88' lang='grc' dir='ltr'>πρὸ</span> <span class='ocrx_word' id='word_1_187' title='bbox 1197 2334 1314 2394; x_wconf 85' lang='grc' dir='ltr'>τοῦ</span> <span class='ocrx_word' id='word_1_188' title='bbox 1344 2334 1379 2392; x_wconf 69' lang='lat' dir='ltr'>fi</span> <span class='ocrx_word' id='word_1_189' title='bbox 1411 2329 1742 2394; x_wconf 89' lang='grc' dir='ltr'>δαςύνεται</span> <span class='ocrx_word' id='word_1_190' title='bbox 1780 2331 1863 2408; x_wconf 83' lang='grc' dir='ltr'>μὴ</span> <span class='ocrx_word' id='word_1_191' title='bbox 1894 2330 1973 2394; x_wconf 90' lang='grc' dir='ltr'>ὂν</span> <span class='ocrx_word' id='word_1_192' title='bbox 2004 2330 2074 2394; x_wconf 87' lang='grc' dir='ltr'>ἐκ</span> <span class='ocrx_word' id='word_1_193' title='bbox 2104 2330 2363 2395; x_wconf 88' lang='grc' dir='ltr'>κλίςεως</span> <span class='ocrx_word' id='word_1_194' title='bbox 2411 2331 2501 2395; x_wconf 83' lang='grc' dir='ltr'>ὡς</span> <span class='ocrx_word' id='word_1_195' title='bbox 2535 2330 2923 2414; x_wconf 71' lang='grc' dir='ltr'>ἐκάλουν,</span> <span class='ocrx_word' id='word_1_196' title='bbox 2971 2331 3180 2411; x_wconf 84' lang='grc' dir='ltr'>ἔκρι-</span> <span class='ocrx_word' id='word_1_197' title='bbox 3277 2402 3284 2407; x_wconf 66' lang='grc'>,</span> 
     </span>
    </p>
   </div>
   <div class='ocr_carea' id='block_1_4' title="bbox 480 2430 3180 3129">
    <p class='ocr_par' dir='ltr' id='par_1_19' title="bbox 480 2430 3180 3129">
     <span class='ocr_line' id='line_1_20' title="bbox 584 2430 3179 2517; baseline 0 -19"><span class='ocrx_word' id='word_1_198' title='bbox 584 2454 758 2517; x_wconf 91' lang='grc' dir='ltr'>νον,</span> <span class='ocrx_word' id='word_1_199' title='bbox 813 2434 854 2511; x_wconf 87' lang='grc' dir='ltr'>ἢ</span> <span class='ocrx_word' id='word_1_200' title='bbox 911 2433 1275 2511; x_wconf 82' lang='grc' dir='ltr'>προθέςεως</span> <span class='ocrx_word' id='word_1_201' title='bbox 1331 2430 1422 2496; x_wconf 82' lang='grc' dir='ltr'>ὡς</span> <span class='ocrx_word' id='word_1_202' title='bbox 1476 2431 1827 2514; x_wconf 83' lang='grc' dir='ltr'>ἔκπωμα,</span> <span class='ocrx_word' id='word_1_203' title='bbox 1892 2431 2113 2496; x_wconf 86' lang='grc' dir='ltr'>ἐκτός</span> <span class='ocrx_word' id='word_1_204' title='bbox 2173 2432 2211 2509; x_wconf 86' lang='grc' dir='ltr'>ἢ</span> <span class='ocrx_word' id='word_1_205' title='bbox 2280 2433 2698 2510; x_wconf 89' lang='grc' dir='ltr'>μεμελετηκὸς</span> <span class='ocrx_word' id='word_1_206' title='bbox 2753 2431 3179 2517; x_wconf 89' lang='grc' dir='ltr'>ἀφαιρεῖςθαι,</span> 
     </span>
     <span class='ocr_line' id='line_1_21' title="bbox 480 2532 3179 2617; baseline 0 -18"><span class='ocrx_word' id='word_1_207' title='bbox 480 2550 551 2599; x_wconf 83' lang='lat'>20</span> <span class='ocrx_word' id='word_1_208' title='bbox 588 2537 678 2600; x_wconf 82' lang='grc' dir='ltr'>ὡς</span> <span class='ocrx_word' id='word_1_209' title='bbox 723 2535 1070 2617; x_wconf 85' lang='grc' dir='ltr'>ἐκεῖνος,</span> <span class='ocrx_word' id='word_1_210' title='bbox 1117 2532 1294 2616; x_wconf 84' lang='grc' dir='ltr'>οἷον,</span> <span class='ocrx_word' id='word_1_211' title='bbox 1340 2533 1546 2615; x_wconf 88' lang='grc' dir='ltr'>ἑκάς,</span> <span class='ocrx_word' id='word_1_212' title='bbox 1592 2532 1891 2616; x_wconf 85' lang='grc' dir='ltr'>Ἑκάβη,</span> <span class='ocrx_word' id='word_1_213' title='bbox 1938 2532 2256 2613; x_wconf 77' lang='grc' dir='ltr'>ἕκηλος,</span> <span class='ocrx_word' id='word_1_214' title='bbox 2302 2532 2611 2615; x_wconf 89' lang='grc' dir='ltr'>ἑκυρός,</span> <span class='ocrx_word' id='word_1_215' title='bbox 2657 2533 2996 2599; x_wconf 85' lang='grc' dir='ltr'>ἕκαςτος.</span> <span class='ocrx_word' id='word_1_216' title='bbox 3061 2536 3179 2614; x_wconf 86' lang='grc' dir='ltr'>μά-</span> 
     </span>
     <span class='ocr_line' id='line_1_22' title="bbox 585 2633 3179 2716; baseline 0 -15"><span class='ocrx_word' id='word_1_217' title='bbox 585 2657 760 2716; x_wconf 89' lang='grc' dir='ltr'>χεται</span> <span class='ocrx_word' id='word_1_218' title='bbox 806 2637 882 2700; x_wconf 87' lang='grc' dir='ltr'>τὸ</span> <span class='ocrx_word' id='word_1_219' title='bbox 928 2634 1355 2716; x_wconf 83' lang='grc' dir='ltr'>ἐκεχειρία,</span> <span class='ocrx_word' id='word_1_220' title='bbox 1413 2634 1575 2713; x_wconf 87' lang='grc' dir='ltr'>ὅπερ</span> <span class='ocrx_word' id='word_1_221' title='bbox 1622 2633 1740 2697; x_wconf 84' lang='grc' dir='ltr'>οὐκ</span> <span class='ocrx_word' id='word_1_222' title='bbox 1784 2633 1917 2711; x_wconf 87' lang='grc' dir='ltr'>ἔχει</span> <span class='ocrx_word' id='word_1_223' title='bbox 1962 2634 2224 2713; x_wconf 84' lang='grc' dir='ltr'>γνήςιον</span> <span class='ocrx_word' id='word_1_224' title='bbox 2268 2635 2343 2698; x_wconf 88' lang='grc' dir='ltr'>τὸ</span> <span class='ocrx_word' id='word_1_225' title='bbox 2389 2636 2455 2716; x_wconf 60' lang='lat' dir='ltr'>ni,</span> <span class='ocrx_word' id='word_1_226' title='bbox 2512 2633 2643 2699; x_wconf 85' lang='grc' dir='ltr'>ἀπὸ</span> <span class='ocrx_word' id='word_1_227' title='bbox 2695 2638 2812 2699; x_wconf 83' lang='grc' dir='ltr'>τοῦ</span> <span class='ocrx_word' id='word_1_228' title='bbox 2856 2636 3028 2714; x_wconf 80' lang='grc' dir='ltr'>ἔχειν</span> <span class='ocrx_word' id='word_1_229' title='bbox 3070 2658 3179 2714; x_wconf 81' lang='grc' dir='ltr'>γε·</span> 
     </span>
     <span class='ocr_line' id='line_1_23' title="bbox 582 2732 2166 2820; baseline -0.001 -15"><span class='ocrx_word' id='word_1_230' title='bbox 582 2740 878 2820; x_wconf 88' lang='grc' dir='ltr'>νόμενον.</span> <span class='ocrx_word' id='word_1_231' title='bbox 912 2732 917 2739; x_wconf 75' lang='grc'><strong><em>’</em></strong></span> <span class='ocrx_word' id='word_1_232' title='bbox 2159 2746 2166 2753; x_wconf 82' lang='grc'><strong><em>’</em></strong></span> 
     </span>
     <span class='ocr_line' id='line_1_24' title="bbox 753 2839 3178 2919; baseline 0 -14"><span class='ocrx_word' id='word_1_233' title='bbox 753 2842 843 2905; x_wconf 89' lang='grc' dir='ltr'>Τὸ</span> <span class='ocrx_word' id='word_1_234' title='bbox 888 2842 921 2902; x_wconf 79' lang='grc' dir='ltr'>ἒ</span> <span class='ocrx_word' id='word_1_235' title='bbox 965 2839 1441 2919; x_wconf 87' lang='grc' dir='ltr'>ἐπιφερομένου</span> <span class='ocrx_word' id='word_1_236' title='bbox 1485 2841 1602 2903; x_wconf 86' lang='grc' dir='ltr'>τοῦ</span> <span class='ocrx_word' id='word_1_237' title='bbox 1648 2841 1688 2915; x_wconf 64' lang='lat' dir='ltr'>ii</span> <span class='ocrx_word' id='word_1_238' title='bbox 1731 2839 1770 2916; x_wconf 85' lang='grc' dir='ltr'>ἢ</span> <span class='ocrx_word' id='word_1_239' title='bbox 1802 2840 1963 2902; x_wconf 86' lang='grc' dir='ltr'>κατὰ</span> <span class='ocrx_word' id='word_1_240' title='bbox 1993 2841 2307 2918; x_wconf 87' lang='grc' dir='ltr'>ςύλληψιν</span> <span class='ocrx_word' id='word_1_241' title='bbox 2338 2839 2376 2917; x_wconf 85' lang='grc' dir='ltr'>ἢ</span> <span class='ocrx_word' id='word_1_242' title='bbox 2410 2840 2568 2904; x_wconf 87' lang='grc' dir='ltr'>κατὰ</span> <span class='ocrx_word' id='word_1_243' title='bbox 2599 2839 2914 2906; x_wconf 88' lang='grc' dir='ltr'>διάςταςιν</span> <span class='ocrx_word' id='word_1_244' title='bbox 2945 2846 3178 2919; x_wconf 85' lang='grc' dir='ltr'>ψιλοῦ-</span> 
     </span>
     <span class='ocr_line' id='line_1_25' title="bbox 585 2941 2485 3026; baseline -0.004 -18"><span class='ocrx_word' id='word_1_245' title='bbox 585 2949 720 3009; x_wconf 90' lang='grc' dir='ltr'>ςθαι</span> <span class='ocrx_word' id='word_1_246' title='bbox 766 2943 967 3026; x_wconf 85' lang='grc' dir='ltr'>θέλει,</span> <span class='ocrx_word' id='word_1_247' title='bbox 1012 2941 1348 3023; x_wconf 84' lang='grc' dir='ltr'>ἔμπλην,</span> <span class='ocrx_word' id='word_1_248' title='bbox 1390 2941 1838 3020; x_wconf 81' lang='grc' dir='ltr'>Ἔμπουςςα.</span> <span class='ocrx_word' id='word_1_249' title='bbox 2473 3009 2485 3014; x_wconf 47' lang='grc'>,</span> 
     </span>
     <span class='ocr_line' id='line_1_26' title="bbox 515 3041 3180 3129; baseline 0.002 -23"><span class='ocrx_word' id='word_1_250' title='bbox 515 3059 580 3108; x_wconf 74' lang='lat'>25</span> <span class='ocrx_word' id='word_1_251' title='bbox 754 3065 792 3100; x_wconf 62' lang='grc' dir='ltr'>ιε</span> <span class='ocrx_word' id='word_1_252' title='bbox 836 3043 1017 3108; x_wconf 59' lang='lat' dir='ltr'>Ter}</span> <span class='ocrx_word' id='word_1_253' title='bbox 1070 3044 1198 3121; x_wconf 87' lang='grc' dir='ltr'>πρὸ</span> <span class='ocrx_word' id='word_1_254' title='bbox 1254 3046 1373 3106; x_wconf 84' lang='grc' dir='ltr'>τοῦ</span> <span class='ocrx_word' id='word_1_255' title='bbox 1427 3042 1575 3107; x_wconf 89' lang='grc' dir='ltr'>ἑνὸς</span> <span class='ocrx_word' id='word_1_256' title='bbox 1628 3044 1668 3105; x_wconf 68' lang='lat'>3¹</span> <span class='ocrx_word' id='word_1_257' title='bbox 1723 3045 2064 3120; x_wconf 86' lang='grc' dir='ltr'>ψιλοῦςθαι</span> <span class='ocrx_word' id='word_1_258' title='bbox 2119 3043 2287 3106; x_wconf 86' lang='grc' dir='ltr'>θέλει</span> <span class='ocrx_word' id='word_1_259' title='bbox 2357 3041 2502 3107; x_wconf 77' lang='grc' dir='ltr'>οἷον</span> <span class='ocrx_word' id='word_1_260' title='bbox 2560 3043 2823 3127; x_wconf 83' lang='grc' dir='ltr'>Ἐνυώ,</span> <span class='ocrx_word' id='word_1_261' title='bbox 2889 3045 3180 3129; x_wconf 82' lang='grc' dir='ltr'>ἔνδιοι,</span> 
     </span>
    </p>
   </div>
   <div class='ocr_carea' id='block_1_5' title="bbox 580 3165 986 3173">
    <p class='ocr_par' dir='ltr' id='par_1_20' title="bbox 580 3165 986 3173">
     <span class='ocr_line' id='line_1_27' title="bbox 580 3165 986 3173; baseline 0 2373"><span class='ocrx_word' id='word_1_262' title='bbox 580 3165 986 3173; x_wconf 95' lang='lat' dir='ltr'> </span> 
     </span>
    </p>
   </div>
   <div class='ocr_carea' id='block_1_6' title="bbox 580 3228 3214 3844">
    <p class='ocr_par' dir='ltr' id='par_1_21' title="bbox 580 3228 3214 3844">
     <span class='ocr_line' id='line_1_28' title="bbox 718 3228 3180 3294; baseline 0.001 -13"><span class='ocrx_word' id='word_1_263' title='bbox 718 3233 753 3283; x_wconf 89' lang='lat' dir='ltr'>l.</span> <span class='ocrx_word' id='word_1_264' title='bbox 795 3235 820 3281; x_wconf 88' lang='lat'>1</span> <span class='ocrx_word' id='word_1_265' title='bbox 858 3232 984 3281; x_wconf 82' lang='lat' dir='ltr'>Arc.</span> <span class='ocrx_word' id='word_1_266' title='bbox 1025 3233 1137 3288; x_wconf 84' lang='grc'>199.</span> <span class='ocrx_word' id='word_1_267' title='bbox 1172 3233 1222 3280; x_wconf 85' lang='grc'>4.</span> <span class='ocrx_word' id='word_1_268' title='bbox 1364 3230 1397 3279; x_wconf 85' lang='lat'>1.</span> <span class='ocrx_word' id='word_1_269' title='bbox 1436 3231 1467 3278; x_wconf 81' lang='lat'>2</span> <span class='ocrx_word' id='word_1_270' title='bbox 1503 3228 1627 3281; x_wconf 85' lang='lat' dir='ltr'><strong>Arc.</strong></span> <span class='ocrx_word' id='word_1_271' title='bbox 1672 3232 1794 3291; x_wconf 88' lang='grc'>198,</span> <span class='ocrx_word' id='word_1_272' title='bbox 1832 3232 1883 3280; x_wconf 93' lang='grc'>3.</span> <span class='ocrx_word' id='word_1_273' title='bbox 2028 3229 2063 3278; x_wconf 93' lang='lat' dir='ltr'>l.</span> <span class='ocrx_word' id='word_1_274' title='bbox 2102 3233 2133 3279; x_wconf 88' lang='lat'><strong>3</strong></span> <span class='ocrx_word' id='word_1_275' title='bbox 2169 3231 2293 3280; x_wconf 78' lang='lat' dir='ltr'>Are.</span> <span class='ocrx_word' id='word_1_276' title='bbox 2337 3232 2459 3294; x_wconf 89' lang='grc'>197,</span> <span class='ocrx_word' id='word_1_277' title='bbox 2498 3234 2579 3281; x_wconf 83' lang='lat'>20.</span> <span class='ocrx_word' id='word_1_278' title='bbox 2619 3258 2683 3268; x_wconf 96' lang='lat'>—</span> <span class='ocrx_word' id='word_1_279' title='bbox 2722 3230 2888 3282; x_wconf 86' lang='grc' dir='ltr'>ἔςταν</span> <span class='ocrx_word' id='word_1_280' title='bbox 2924 3232 3180 3285; x_wconf 78' lang='grc' dir='ltr'>ἅπαντες</span> 
     </span>
     <span class='ocr_line' id='line_1_29' title="bbox 580 3294 3178 3363; baseline 0 -14"><span class='ocrx_word' id='word_1_281' title='bbox 580 3328 647 3335; x_wconf 86' lang='grc'>-</span> <span class='ocrx_word' id='word_1_282' title='bbox 685 3296 1028 3362; x_wconf 88' lang='grc' dir='ltr'>μεταςτοιχεί</span> <span class='ocrx_word' id='word_1_283' title='bbox 1064 3315 1132 3348; x_wconf 78' lang='lat' dir='ltr'>ex</span> <span class='ocrx_word' id='word_1_284' title='bbox 1172 3294 1253 3348; x_wconf 74' lang='grc' dir='ltr'>ῙΙ.“</span> <span class='ocrx_word' id='word_1_285' title='bbox 1272 3298 1363 3348; x_wconf 84' lang='lat' dir='ltr'>Pr.</span> <span class='ocrx_word' id='word_1_286' title='bbox 1403 3295 1442 3348; x_wconf 92' lang='grc' dir='ltr'>Β</span> <span class='ocrx_word' id='word_1_287' title='bbox 1481 3299 1609 3359; x_wconf 85' lang='grc'>777,</span> <span class='ocrx_word' id='word_1_288' title='bbox 1648 3295 1848 3361; x_wconf 86' lang='grc' dir='ltr'>ἔςτηςα</span> <span class='ocrx_word' id='word_1_289' title='bbox 1885 3323 1950 3332; x_wconf 92' lang='grc'>--</span> <span class='ocrx_word' id='word_1_290' title='bbox 1987 3300 2227 3363; x_wconf 82' lang='grc' dir='ltr'>ποταμῷ</span> <span class='ocrx_word' id='word_1_291' title='bbox 2268 3314 2333 3347; x_wconf 85' lang='lat' dir='ltr'>ex</span> <span class='ocrx_word' id='word_1_292' title='bbox 2375 3296 2417 3348; x_wconf 95' lang='grc' dir='ltr'>Α</span> <span class='ocrx_word' id='word_1_293' title='bbox 2453 3301 2580 3360; x_wconf 85' lang='grc'>535,</span> <span class='ocrx_word' id='word_1_294' title='bbox 2625 3297 2695 3349; x_wconf 83' lang='grc' dir='ltr'>τὸ</span> <span class='ocrx_word' id='word_1_295' title='bbox 2742 3298 2803 3349; x_wconf 81' lang='grc' dir='ltr'>δὲ</span> <span class='ocrx_word' id='word_1_296' title='bbox 2837 3299 3072 3351; x_wconf 84' lang='grc' dir='ltr'>ἔςταςαν</span> <span class='ocrx_word' id='word_1_297' title='bbox 3108 3329 3178 3336; x_wconf 85' lang='lat'>--</span> 
     </span>
     <span class='ocr_line' id='line_1_30' title="bbox 580 3363 3178 3431; baseline 0 -13"><span class='ocrx_word' id='word_1_298' title='bbox 580 3369 684 3418; x_wconf 81' lang='grc' dir='ltr'>τοῦ</span> <span class='ocrx_word' id='word_1_299' title='bbox 722 3365 975 3430; x_wconf 80' lang='grc' dir='ltr'>ῥήματος</span> <span class='ocrx_word' id='word_1_300' title='bbox 1013 3364 1307 3416; x_wconf 83' lang='grc' dir='ltr'>δαςύνεται</span> <span class='ocrx_word' id='word_1_301' title='bbox 1345 3381 1413 3415; x_wconf 82' lang='lat' dir='ltr'>ex</span> <span class='ocrx_word' id='word_1_302' title='bbox 1451 3363 1508 3415; x_wconf 90' lang='grc' dir='ltr'>Μ</span> <span class='ocrx_word' id='word_1_303' title='bbox 1545 3368 1611 3415; x_wconf 88' lang='grc'>55</span> <span class='ocrx_word' id='word_1_304' title='bbox 1648 3371 1705 3414; x_wconf 77' lang='lat' dir='ltr'>et</span> <span class='ocrx_word' id='word_1_305' title='bbox 1743 3367 1806 3415; x_wconf 83' lang='lat'>56</span> <span class='ocrx_word' id='word_1_306' title='bbox 1847 3365 2056 3425; x_wconf 82' lang='lat' dir='ltr'><strong>adieci,</strong></span> <span class='ocrx_word' id='word_1_307' title='bbox 2096 3363 2323 3416; x_wconf 84' lang='grc' dir='ltr'>ἑέςςατο</span> <span class='ocrx_word' id='word_1_308' title='bbox 2361 3381 2427 3415; x_wconf 84' lang='lat' dir='ltr'>ex</span> <span class='ocrx_word' id='word_1_309' title='bbox 2464 3364 2515 3416; x_wconf 95' lang='grc' dir='ltr'>Δ</span> <span class='ocrx_word' id='word_1_310' title='bbox 2550 3369 2599 3418; x_wconf 92' lang='grc'>3.</span> <span class='ocrx_word' id='word_1_311' title='bbox 2739 3367 2777 3416; x_wconf 90' lang='lat' dir='ltr'>l.</span> <span class='ocrx_word' id='word_1_312' title='bbox 2807 3370 2871 3418; x_wconf 87' lang='grc'>10</span> <span class='ocrx_word' id='word_1_313' title='bbox 2907 3369 3029 3418; x_wconf 80' lang='lat' dir='ltr'>Arc.</span> <span class='ocrx_word' id='word_1_314' title='bbox 3059 3371 3178 3431; x_wconf 85' lang='grc'>197,</span> 
     </span>
     <span class='ocr_line' id='line_1_31' title="bbox 580 3431 3178 3496; baseline 0.001 -11"><span class='ocrx_word' id='word_1_315' title='bbox 580 3438 646 3485; x_wconf 81' lang='grc'>24</span> <span class='ocrx_word' id='word_1_316' title='bbox 685 3437 757 3486; x_wconf 82' lang='lat' dir='ltr'>cf.</span> <span class='ocrx_word' id='word_1_317' title='bbox 795 3436 918 3484; x_wconf 84' lang='lat' dir='ltr'><strong>Arc.</strong></span> <span class='ocrx_word' id='word_1_318' title='bbox 952 3437 1068 3490; x_wconf 79' lang='lat'>200.</span> <span class='ocrx_word' id='word_1_319' title='bbox 1111 3437 1199 3496; x_wconf 83' lang='lat'>19,</span> <span class='ocrx_word' id='word_1_320' title='bbox 1235 3434 1301 3484; x_wconf 90' lang='grc' dir='ltr'>ΙΙ.</span> <span class='ocrx_word' id='word_1_321' title='bbox 1338 3435 1429 3483; x_wconf 85' lang='lat' dir='ltr'>Pr.</span> <span class='ocrx_word' id='word_1_322' title='bbox 1470 3431 1481 3482; x_wconf 95' lang='grc' dir='ltr'>Ι</span> <span class='ocrx_word' id='word_1_323' title='bbox 1520 3435 1620 3482; x_wconf 74' lang='lat'>540</span> <span class='ocrx_word' id='word_1_324' title='bbox 1657 3432 1723 3482; x_wconf 81' lang='lat' dir='ltr'>de</span> <span class='ocrx_word' id='word_1_325' title='bbox 1762 3431 1908 3483; x_wconf 82' lang='grc' dir='ltr'>ἕθεν.</span> <span class='ocrx_word' id='word_1_326' title='bbox 2050 3433 2084 3482; x_wconf 86' lang='lat' dir='ltr'>l.</span> <span class='ocrx_word' id='word_1_327' title='bbox 2127 3436 2189 3481; x_wconf 76' lang='lat'>12</span> <span class='ocrx_word' id='word_1_328' title='bbox 2225 3434 2349 3482; x_wconf 82' lang='lat' dir='ltr'><strong>Arc.</strong></span> <span class='ocrx_word' id='word_1_329' title='bbox 2384 3436 2502 3495; x_wconf 79' lang='lat'>200,</span> <span class='ocrx_word' id='word_1_330' title='bbox 2539 3435 2623 3482; x_wconf 79' lang='lat'>26.</span> <span class='ocrx_word' id='word_1_331' title='bbox 2761 3433 2798 3482; x_wconf 87' lang='lat' dir='ltr'>l.</span> <span class='ocrx_word' id='word_1_332' title='bbox 2837 3437 2899 3485; x_wconf 83' lang='lat'>15</span> <span class='ocrx_word' id='word_1_333' title='bbox 2933 3435 3004 3488; x_wconf 89' lang='lat'>11.</span> <span class='ocrx_word' id='word_1_334' title='bbox 3040 3437 3127 3486; x_wconf 89' lang='lat' dir='ltr'>Pr.</span> <span class='ocrx_word' id='word_1_335' title='bbox 3163 3436 3178 3487; x_wconf 90' lang='grc' dir='ltr'>Ι</span> 
     </span>
     <span class='ocr_line' id='line_1_32' title="bbox 581 3498 3179 3566; baseline 0.001 -14"><span class='ocrx_word' id='word_1_336' title='bbox 581 3506 696 3556; x_wconf 82' lang='lat'>540.</span> <span class='ocrx_word' id='word_1_337' title='bbox 734 3529 797 3539; x_wconf 93' lang='lat'>—</span> <span class='ocrx_word' id='word_1_338' title='bbox 837 3502 904 3552; x_wconf 81' lang='lat' dir='ltr'>de</span> <span class='ocrx_word' id='word_1_339' title='bbox 943 3506 1008 3553; x_wconf 65' lang='lat' dir='ltr'>{fi</span> <span class='ocrx_word' id='word_1_340' title='bbox 1052 3517 1230 3551; x_wconf 79' lang='lat' dir='ltr'><strong>canon</strong></span> <span class='ocrx_word' id='word_1_341' title='bbox 1277 3499 1555 3566; x_wconf 81' lang='lat' dir='ltr'><strong>generalis</strong></span> <span class='ocrx_word' id='word_1_342' title='bbox 1590 3500 1893 3549; x_wconf 80' lang='lat' dir='ltr'><strong>Herodiani</strong></span> <span class='ocrx_word' id='word_1_343' title='bbox 1940 3516 2048 3550; x_wconf 87' lang='lat' dir='ltr'>non</span> <span class='ocrx_word' id='word_1_344' title='bbox 2094 3501 2389 3565; x_wconf 82' lang='lat' dir='ltr'><strong>reperitur,</strong></span> <span class='ocrx_word' id='word_1_345' title='bbox 2438 3501 2505 3550; x_wconf 83' lang='lat' dir='ltr'>de</span> <span class='ocrx_word' id='word_1_346' title='bbox 2545 3498 2731 3565; x_wconf 79' lang='grc' dir='ltr'>ἑάφθη</span> <span class='ocrx_word' id='word_1_347' title='bbox 2778 3502 2850 3551; x_wconf 83' lang='lat' dir='ltr'>ef.</span> <span class='ocrx_word' id='word_1_348' title='bbox 2886 3502 2952 3552; x_wconf 86' lang='lat'>11.</span> <span class='ocrx_word' id='word_1_349' title='bbox 2990 3503 3080 3552; x_wconf 79' lang='lat' dir='ltr'>Pr.</span> <span class='ocrx_word' id='word_1_350' title='bbox 3131 3502 3179 3555; x_wconf 91' lang='grc' dir='ltr'>Ν</span> 
     </span>
     <span class='ocr_line' id='line_1_33' title="bbox 580 3565 3180 3635; baseline 0 -15"><span class='ocrx_word' id='word_1_351' title='bbox 580 3574 708 3633; x_wconf 81' lang='grc'>543,</span> <span class='ocrx_word' id='word_1_352' title='bbox 747 3571 818 3621; x_wconf 80' lang='lat' dir='ltr'>de</span> <span class='ocrx_word' id='word_1_353' title='bbox 854 3568 994 3635; x_wconf 86' lang='grc' dir='ltr'>ἐάλη</span> <span class='ocrx_word' id='word_1_354' title='bbox 1033 3566 1071 3619; x_wconf 81' lang='lat' dir='ltr'>C</span> <span class='ocrx_word' id='word_1_355' title='bbox 1108 3570 1197 3630; x_wconf 82' lang='grc'>76,</span> <span class='ocrx_word' id='word_1_356' title='bbox 1238 3567 1404 3619; x_wconf 83' lang='grc' dir='ltr'>ἔαςον</span> <span class='ocrx_word' id='word_1_357' title='bbox 1439 3568 1645 3630; x_wconf 81' lang='grc' dir='ltr'>ψιλῶς·</span> <span class='ocrx_word' id='word_1_358' title='bbox 1683 3566 1795 3617; x_wconf 83' lang='grc' dir='ltr'>ἔςτι</span> <span class='ocrx_word' id='word_1_359' title='bbox 1831 3566 1939 3631; x_wconf 82' lang='grc' dir='ltr'>γὰρ</span> <span class='ocrx_word' id='word_1_360' title='bbox 1976 3565 2145 3630; x_wconf 84' lang='grc' dir='ltr'>ἄφες,</span> <span class='ocrx_word' id='word_1_361' title='bbox 2184 3565 2299 3618; x_wconf 85' lang='grc' dir='ltr'>ἀπὸ</span> <span class='ocrx_word' id='word_1_362' title='bbox 2335 3569 2439 3617; x_wconf 79' lang='grc' dir='ltr'>τοῦ</span> <span class='ocrx_word' id='word_1_363' title='bbox 2479 3566 2557 3618; x_wconf 81' lang='grc' dir='ltr'>ἐῶ</span> <span class='ocrx_word' id='word_1_364' title='bbox 2597 3568 3027 3632; x_wconf 86' lang='grc' dir='ltr'>περιςπωμένου</span> <span class='ocrx_word' id='word_1_365' title='bbox 3066 3569 3180 3621; x_wconf 79' lang='grc' dir='ltr'>κεί-</span> 
     </span>
     <span class='ocr_line' id='line_1_34' title="bbox 583 3631 3180 3701; baseline 0.001 -15"><span class='ocrx_word' id='word_1_366' title='bbox 583 3652 782 3701; x_wconf 89' lang='grc' dir='ltr'>μενον,</span> <span class='ocrx_word' id='word_1_367' title='bbox 822 3636 982 3689; x_wconf 80' lang='grc' dir='ltr'>ἔαςας</span> <span class='ocrx_word' id='word_1_368' title='bbox 1018 3637 1087 3685; x_wconf 91' lang='grc' dir='ltr'>ΙΙ.</span> <span class='ocrx_word' id='word_1_369' title='bbox 1124 3637 1211 3687; x_wconf 88' lang='lat' dir='ltr'>Pr.</span> <span class='ocrx_word' id='word_1_370' title='bbox 1249 3635 1294 3686; x_wconf 90' lang='grc' dir='ltr'>Ω</span> <span class='ocrx_word' id='word_1_371' title='bbox 1330 3638 1454 3687; x_wconf 84' lang='grc'>557;</span> <span class='ocrx_word' id='word_1_372' title='bbox 1494 3631 1619 3685; x_wconf 84' lang='grc' dir='ltr'>ἐπεί</span> <span class='ocrx_word' id='word_1_373' title='bbox 1656 3649 1723 3697; x_wconf 87' lang='grc' dir='ltr'>με</span> <span class='ocrx_word' id='word_1_374' title='bbox 1760 3638 2004 3698; x_wconf 84' lang='grc' dir='ltr'>πρῶτον</span> <span class='ocrx_word' id='word_1_375' title='bbox 2033 3633 2222 3685; x_wconf 84' lang='grc' dir='ltr'>ἕαςας;</span> <span class='ocrx_word' id='word_1_376' title='bbox 2261 3633 2483 3686; x_wconf 88' lang='grc' dir='ltr'>δαςύνει</span> <span class='ocrx_word' id='word_1_377' title='bbox 2520 3633 2765 3699; x_wconf 88' lang='grc' dir='ltr'>Δίδυμος</span> <span class='ocrx_word' id='word_1_378' title='bbox 2800 3635 2871 3686; x_wconf 86' lang='grc' dir='ltr'>τὸ</span> <span class='ocrx_word' id='word_1_379' title='bbox 2909 3635 3073 3688; x_wconf 84' lang='grc' dir='ltr'>ἕαςας</span> <span class='ocrx_word' id='word_1_380' title='bbox 3109 3636 3180 3688; x_wconf 84' lang='grc' dir='ltr'>ἐν</span> 
     </span>
     <span class='ocr_line' id='line_1_35' title="bbox 581 3699 3176 3772; baseline 0 -16"><span class='ocrx_word' id='word_1_381' title='bbox 581 3703 797 3772; x_wconf 83' lang='grc' dir='ltr'>πρώτῳ</span> <span class='ocrx_word' id='word_1_382' title='bbox 834 3705 1247 3768; x_wconf 87' lang='grc' dir='ltr'>διορθωτικῶν,</span> <span class='ocrx_word' id='word_1_383' title='bbox 1286 3701 1496 3765; x_wconf 83' lang='grc' dir='ltr'>ὁμοίως</span> <span class='ocrx_word' id='word_1_384' title='bbox 1534 3701 1624 3752; x_wconf 80' lang='grc' dir='ltr'>καὶ</span> <span class='ocrx_word' id='word_1_385' title='bbox 1663 3700 2008 3766; x_wconf 79' lang='grc' dir='ltr'>Ἑρμαππίας</span> <span class='ocrx_word' id='word_1_386' title='bbox 2046 3701 2575 3766; x_wconf 87' lang='grc' dir='ltr'>μεταλαμβάνοντες</span> <span class='ocrx_word' id='word_1_387' title='bbox 2623 3699 2701 3754; x_wconf 87' lang='grc' dir='ltr'>εἰς</span> <span class='ocrx_word' id='word_1_388' title='bbox 2747 3702 2817 3754; x_wconf 87' lang='grc' dir='ltr'>τὸ</span> <span class='ocrx_word' id='word_1_389' title='bbox 2861 3703 3069 3768; x_wconf 79' lang='grc' dir='ltr'>ἢδυνας</span> <span class='ocrx_word' id='word_1_390' title='bbox 3095 3715 3176 3741; x_wconf 83' lang='lat'>‘—</span> 
     </span>
     <span class='ocr_line' id='line_1_36' title="bbox 580 3768 3214 3844; baseline 0.001 -21"><span class='ocrx_word' id='word_1_391' title='bbox 580 3772 812 3823; x_wconf 87' lang='grc' dir='ltr'>δύναται</span> <span class='ocrx_word' id='word_1_392' title='bbox 848 3772 909 3823; x_wconf 80' lang='grc' dir='ltr'>δὲ</span> <span class='ocrx_word' id='word_1_393' title='bbox 946 3773 1036 3823; x_wconf 82' lang='grc' dir='ltr'>καί</span> <span class='ocrx_word' id='word_1_394' title='bbox 1070 3770 1140 3821; x_wconf 88' lang='grc' dir='ltr'>τὸ</span> <span class='ocrx_word' id='word_1_395' title='bbox 1176 3770 1549 3834; x_wconf 72' lang='grc' dir='ltr'>φιλούμενον,</span> <span class='ocrx_word' id='word_1_396' title='bbox 1588 3769 1666 3821; x_wconf 81' lang='grc' dir='ltr'>ὥς</span> <span class='ocrx_word' id='word_1_397' title='bbox 1704 3784 1837 3834; x_wconf 89' lang='grc' dir='ltr'>φηςι</span> <span class='ocrx_word' id='word_1_398' title='bbox 1875 3768 2149 3833; x_wconf 88' lang='grc' dir='ltr'>Τρύφων·</span> <span class='ocrx_word' id='word_1_399' title='bbox 2190 3771 2279 3821; x_wconf 78' lang='grc' dir='ltr'>καὶ</span> <span class='ocrx_word' id='word_1_400' title='bbox 2316 3773 2608 3833; x_wconf 84' lang='grc' dir='ltr'>ςυμφωνεῑ</span> <span class='ocrx_word' id='word_1_401' title='bbox 2649 3769 2750 3835; x_wconf 81' lang='lat' dir='ltr'><strong>(sc.</strong></span> <span class='ocrx_word' id='word_1_402' title='bbox 2787 3770 3174 3838; x_wconf 81' lang='grc' dir='ltr'>Ἡρωδιανὸς).</span> <span class='ocrx_word' id='word_1_403' title='bbox 3197 3837 3214 3844; x_wconf 35' lang='grc' dir='ltr'><strong>ρ</strong></span> 
     </span>
    </p>
   </div>
   <div class='ocr_carea' id='block_1_7' title="bbox 575 3853 3175 4132">
    <p class='ocr_par' dir='ltr' id='par_1_22' title="bbox 575 3853 3175 4132">
     <span class='ocr_line' id='line_1_37' title="bbox 575 3853 3172 3920; baseline 0 -13"><span class='ocrx_word' id='word_1_404' title='bbox 575 3857 795 3908; x_wconf 88' lang='lat' dir='ltr'><strong>Nullum</strong></span> <span class='ocrx_word' id='word_1_405' title='bbox 834 3861 1017 3907; x_wconf 78' lang='lat' dir='ltr'><strong>exstat</strong></span> <span class='ocrx_word' id='word_1_406' title='bbox 1055 3856 1120 3906; x_wconf 80' lang='lat' dir='ltr'>de</span> <span class='ocrx_word' id='word_1_407' title='bbox 1159 3857 1246 3920; x_wconf 87' lang='grc' dir='ltr'>εβ,</span> <span class='ocrx_word' id='word_1_408' title='bbox 1283 3857 1349 3917; x_wconf 59' lang='lat' dir='ltr'>E?</span> <span class='ocrx_word' id='word_1_409' title='bbox 1384 3860 1760 3919; x_wconf 80' lang='lat' dir='ltr'><strong>praeceptum,</strong></span> <span class='ocrx_word' id='word_1_410' title='bbox 1808 3869 1877 3903; x_wconf 80' lang='lat' dir='ltr'>ex</span> <span class='ocrx_word' id='word_1_411' title='bbox 1915 3853 2198 3908; x_wconf 70' lang='lat' dir='ltr'><strong>vocabulis</strong></span> <span class='ocrx_word' id='word_1_412' title='bbox 2245 3856 2315 3905; x_wconf 82' lang='lat' dir='ltr'>ab</span> <span class='ocrx_word' id='word_1_413' title='bbox 2354 3856 2414 3906; x_wconf 86' lang='grc' dir='ltr'>εδ</span> <span class='ocrx_word' id='word_1_414' title='bbox 2460 3853 2803 3905; x_wconf 76' lang='lat' dir='ltr'><strong>ordientibus</strong></span> <span class='ocrx_word' id='word_1_415' title='bbox 2848 3872 3172 3908; x_wconf 82' lang='lat' dir='ltr'>commemo-</span> 
     </span>
     <span class='ocr_line' id='line_1_38' title="bbox 579 3920 3171 3988; baseline 0 -13"><span class='ocrx_word' id='word_1_416' title='bbox 579 3932 733 3975; x_wconf 83' lang='lat' dir='ltr'>ratur</span> <span class='ocrx_word' id='word_1_417' title='bbox 768 3924 969 3976; x_wconf 88' lang='grc' dir='ltr'>ἑδανός</span> <span class='ocrx_word' id='word_1_418' title='bbox 1002 3925 1067 3974; x_wconf 87' lang='lat'>11.</span> <span class='ocrx_word' id='word_1_419' title='bbox 1106 3926 1195 3975; x_wconf 91' lang='lat' dir='ltr'>Pr.</span> <span class='ocrx_word' id='word_1_420' title='bbox 1234 3923 1282 3975; x_wconf 92' lang='grc' dir='ltr'>Ξ</span> <span class='ocrx_word' id='word_1_421' title='bbox 1321 3925 1443 3973; x_wconf 79' lang='lat'>172:</span> <span class='ocrx_word' id='word_1_422' title='bbox 1492 3921 1795 3972; x_wconf 86' lang='grc' dir='ltr'>δαςυντέον</span> <span class='ocrx_word' id='word_1_423' title='bbox 1829 3920 1900 3972; x_wconf 87' lang='grc' dir='ltr'>τὸ</span> <span class='ocrx_word' id='word_1_424' title='bbox 1939 3920 2148 3988; x_wconf 82' lang='grc' dir='ltr'>ἑδανῷ·</span> <span class='ocrx_word' id='word_1_425' title='bbox 2194 3921 2265 3973; x_wconf 87' lang='grc' dir='ltr'>τὸ</span> <span class='ocrx_word' id='word_1_426' title='bbox 2301 3922 2407 3987; x_wconf 82' lang='grc' dir='ltr'>γὰρ</span> <span class='ocrx_word' id='word_1_427' title='bbox 2443 3920 2550 3986; x_wconf 85' lang='grc' dir='ltr'>ἡδύ</span> <span class='ocrx_word' id='word_1_428' title='bbox 2598 3921 2860 3986; x_wconf 83' lang='grc' dir='ltr'>βούλεται</span> <span class='ocrx_word' id='word_1_429' title='bbox 2905 3926 3171 3988; x_wconf 81' lang='grc' dir='ltr'>ςημᾶναι·</span> 
     </span>
     <span class='ocr_line' id='line_1_39' title="bbox 578 3987 3172 4057; baseline -0.001 -12"><span class='ocrx_word' id='word_1_430' title='bbox 578 3990 730 4057; x_wconf 84' lang='grc' dir='ltr'>παρὰ</span> <span class='ocrx_word' id='word_1_431' title='bbox 764 3993 834 4044; x_wconf 88' lang='grc' dir='ltr'>τὸ</span> <span class='ocrx_word' id='word_1_432' title='bbox 870 3992 992 4057; x_wconf 81' lang='grc' dir='ltr'>ἥδω</span> <span class='ocrx_word' id='word_1_433' title='bbox 1028 3991 1098 4042; x_wconf 83' lang='grc' dir='ltr'>τὸ</span> <span class='ocrx_word' id='word_1_434' title='bbox 1137 3989 1339 4044; x_wconf 87' lang='grc' dir='ltr'>ἑδανός</span> <span class='ocrx_word' id='word_1_435' title='bbox 1375 3988 1591 4052; x_wconf 85' lang='grc' dir='ltr'>γένοιτ’</span> <span class='ocrx_word' id='word_1_436' title='bbox 1625 3987 1722 4052; x_wconf 79' lang='grc' dir='ltr'>ἄν,</span> <span class='ocrx_word' id='word_1_437' title='bbox 1769 3991 1874 4039; x_wconf 81' lang='grc' dir='ltr'>τοῦ</span> <span class='ocrx_word' id='word_1_438' title='bbox 1911 3992 1948 4052; x_wconf 89' lang='grc' dir='ltr'>ῆ</span> <span class='ocrx_word' id='word_1_439' title='bbox 1997 3987 2074 4040; x_wconf 83' lang='grc' dir='ltr'>εἰς</span> <span class='ocrx_word' id='word_1_440' title='bbox 2111 3992 2144 4040; x_wconf 76' lang='grc' dir='ltr'>ἓ</span> <span class='ocrx_word' id='word_1_441' title='bbox 2189 3989 2530 4054; x_wconf 86' lang='grc' dir='ltr'>τραπέντος·</span> <span class='ocrx_word' id='word_1_442' title='bbox 2579 3989 2664 4042; x_wconf 85' lang='grc' dir='ltr'>διὸ</span> <span class='ocrx_word' id='word_1_443' title='bbox 2710 3990 3013 4043; x_wconf 83' lang='grc' dir='ltr'>δαςυντέον</span> <span class='ocrx_word' id='word_1_444' title='bbox 3057 3993 3172 4056; x_wconf 85' lang='grc' dir='ltr'>τὴν</span> 
     </span>
     <span class='ocr_line' id='line_1_40' title="bbox 577 4056 3175 4132; baseline -0 -21"><span class='ocrx_word' id='word_1_445' title='bbox 577 4060 743 4112; x_wconf 84' lang='grc' dir='ltr'>λέξιν.</span> <span class='ocrx_word' id='word_1_446' title='bbox 882 4060 920 4111; x_wconf 90' lang='lat' dir='ltr'>l.</span> <span class='ocrx_word' id='word_1_447' title='bbox 958 4063 1020 4112; x_wconf 91' lang='grc'>18</span> <span class='ocrx_word' id='word_1_448' title='bbox 1056 4060 1120 4110; x_wconf 91' lang='lat'>11.</span> <span class='ocrx_word' id='word_1_449' title='bbox 1158 4063 1247 4111; x_wconf 82' lang='lat' dir='ltr'>Pr.</span> <span class='ocrx_word' id='word_1_450' title='bbox 1285 4057 1324 4111; x_wconf 87' lang='grc' dir='ltr'>Ε</span> <span class='ocrx_word' id='word_1_451' title='bbox 1360 4059 1462 4109; x_wconf 82' lang='grc'>759</span> <span class='ocrx_word' id='word_1_452' title='bbox 1497 4056 1683 4127; x_wconf 37' lang='lat' dir='ltr'>collate</span> <span class='ocrx_word' id='word_1_453' title='bbox 1718 4057 1819 4132; x_wconf 59' lang='grc' dir='ltr'>ῙΞΡ.</span> <span class='ocrx_word' id='word_1_454' title='bbox 1856 4058 1883 4106; x_wconf 95' lang='lat' dir='ltr'>I</span> <span class='ocrx_word' id='word_1_455' title='bbox 1919 4059 2047 4122; x_wconf 77' lang='lat'>249,</span> <span class='ocrx_word' id='word_1_456' title='bbox 2085 4059 2150 4106; x_wconf 80' lang='lat'>26</span> <span class='ocrx_word' id='word_1_457' title='bbox 2196 4059 2291 4108; x_wconf 85' lang='lat' dir='ltr'>ubi</span> <span class='ocrx_word' id='word_1_458' title='bbox 2335 4059 2695 4109; x_wconf 51' lang='lat' dir='ltr'><strong>idemaecanon</strong></span> <span class='ocrx_word' id='word_1_459' title='bbox 2733 4060 2917 4123; x_wconf 83' lang='lat' dir='ltr'>paullo</span> <span class='ocrx_word' id='word_1_460' title='bbox 2953 4059 3175 4125; x_wconf 72' lang='lat' dir='ltr'><strong>plenior</strong></span> 
     </span>
    </p>
   </div>
   <div class='ocr_carea' id='block_1_8' title="bbox 573 4139 3171 4955">
    <p class='ocr_par' dir='ltr' id='par_1_23' title="bbox 573 4139 3171 4955">
     <span class='ocr_line' id='line_1_41' title="bbox 577 4139 3171 4212; baseline 0 -16"><span class='ocrx_word' id='word_1_461' title='bbox 577 4149 836 4197; x_wconf 72' lang='lat' dir='ltr'><strong>servatus</strong></span> <span class='ocrx_word' id='word_1_462' title='bbox 871 4151 975 4200; x_wconf 78' lang='lat' dir='ltr'>est,</span> <span class='ocrx_word' id='word_1_463' title='bbox 1013 4145 1084 4193; x_wconf 82' lang='lat' dir='ltr'>cs.</span> <span class='ocrx_word' id='word_1_464' title='bbox 1121 4145 1289 4194; x_wconf 82' lang='lat' dir='ltr'><strong>etiam</strong></span> <span class='ocrx_word' id='word_1_465' title='bbox 1326 4142 1370 4194; x_wconf 96' lang='lat' dir='ltr'><strong>A</strong></span> <span class='ocrx_word' id='word_1_466' title='bbox 1407 4144 1488 4192; x_wconf 82' lang='grc'>75.</span> <span class='ocrx_word' id='word_1_467' title='bbox 1525 4169 1591 4178; x_wconf 91' lang='grc'>-</span> <span class='ocrx_word' id='word_1_468' title='bbox 1627 4143 1709 4191; x_wconf 91' lang='lat' dir='ltr'>De</span> <span class='ocrx_word' id='word_1_469' title='bbox 1749 4142 1811 4192; x_wconf 87' lang='grc' dir='ltr'>ελ</span> <span class='ocrx_word' id='word_1_470' title='bbox 1852 4157 2028 4191; x_wconf 77' lang='lat' dir='ltr'>canon</span> <span class='ocrx_word' id='word_1_471' title='bbox 2064 4141 2341 4206; x_wconf 76' lang='lat' dir='ltr'><strong>generalis</strong></span> <span class='ocrx_word' id='word_1_472' title='bbox 2386 4160 2508 4194; x_wconf 84' lang='lat' dir='ltr'>cum</span> <span class='ocrx_word' id='word_1_473' title='bbox 2542 4145 2612 4195; x_wconf 87' lang='grc' dir='ltr'>αλ</span> <span class='ocrx_word' id='word_1_474' title='bbox 2649 4139 2975 4197; x_wconf 66' lang='lat' dir='ltr'><strong>coniunctus</strong></span> <span class='ocrx_word' id='word_1_475' title='bbox 3017 4163 3171 4212; x_wconf 82' lang='lat' dir='ltr'>repe-</span> 
     </span>
     <span class='ocr_line' id='line_1_42' title="bbox 575 4209 3167 4340; baseline 0.001 -9"><span class='ocrx_word' id='word_1_476' title='bbox 575 4214 721 4331; x_wconf 62' lang='grc' dir='ltr'>ἑὲξέῗ</span> <span class='ocrx_word' id='word_1_477' title='bbox 730 4212 1601 4337; x_wconf 46' lang='lat' dir='ltr'>2231335322‘21c¹zz⁰3ss³52320253</span> <span class='ocrx_word' id='word_1_478' title='bbox 1610 4228 1628 4302; x_wconf 75' lang='lat'>‚³</span> <span class='ocrx_word' id='word_1_479' title='bbox 1660 4209 2313 4340; x_wconf 49' lang='grc' dir='ltr'>ἒῖἒῧᾞὲὲῗωῖῗτῗὲᾋ</span> <span class='ocrx_word' id='word_1_480' title='bbox 2355 4211 2426 4328; x_wconf 61' lang='lat'>{³1⁸²</span> <span class='ocrx_word' id='word_1_481' title='bbox 2428 4212 3041 4334; x_wconf 48' lang='lat' dir='ltr'>{xcsztigxffz‘css&#39;zi</span> <span class='ocrx_word' id='word_1_482' title='bbox 3041 4213 3167 4333; x_wconf 58' lang='lat' dir='ltr'>ss‘w}</span> 
     </span>
     <span class='ocr_line' id='line_1_43' title="bbox 575 4293 3166 4414; baseline 0.001 -15"><span class='ocrx_word' id='word_1_483' title='bbox 575 4346 611 4399; x_wconf 84' lang='grc' dir='ltr'>ἃ</span> <span class='ocrx_word' id='word_1_484' title='bbox 657 4346 869 4414; x_wconf 77' lang='grc' dir='ltr'>ἱςτορίᾳ</span> <span class='ocrx_word' id='word_1_485' title='bbox 913 4350 1121 4412; x_wconf 76' lang='grc' dir='ltr'>τοπικῇ</span> <span class='ocrx_word' id='word_1_486' title='bbox 1170 4345 1479 4408; x_wconf 83' lang='grc' dir='ltr'>κατέχεται.</span> <span class='ocrx_word' id='word_1_487' title='bbox 1550 4343 1737 4398; x_wconf 82' lang='grc' dir='ltr'>οὕτως</span> <span class='ocrx_word' id='word_1_488' title='bbox 1783 4342 1888 4396; x_wconf 82' lang='grc' dir='ltr'>οὖν</span> <span class='ocrx_word' id='word_1_489' title='bbox 1935 4343 2027 4394; x_wconf 80' lang='grc' dir='ltr'>καὶ</span> <span class='ocrx_word' id='word_1_490' title='bbox 2072 4342 2163 4394; x_wconf 79' lang='grc' dir='ltr'>ἐπὶ</span> <span class='ocrx_word' id='word_1_491' title='bbox 2209 4293 2435 4396; x_wconf 55' lang='grc' dir='ltr'>τούῌου.</span> <span class='ocrx_word' id='word_1_492' title='bbox 2508 4344 2784 4410; x_wconf 84' lang='grc' dir='ltr'>ἱςτοροῦςι</span> <span class='ocrx_word' id='word_1_493' title='bbox 2825 4348 2934 4414; x_wconf 81' lang='grc' dir='ltr'>γὰρ</span> <span class='ocrx_word' id='word_1_494' title='bbox 2979 4349 3166 4401; x_wconf 81' lang='grc' dir='ltr'>οὕτως</span> 
     </span>
     <span class='ocr_line' id='line_1_44' title="bbox 576 4410 3167 4481; baseline 0 -14"><span class='ocrx_word' id='word_1_495' title='bbox 576 4415 787 4468; x_wconf 85' lang='grc' dir='ltr'>δαςέως</span> <span class='ocrx_word' id='word_1_496' title='bbox 823 4417 933 4479; x_wconf 83' lang='grc' dir='ltr'>τὴν</span> <span class='ocrx_word' id='word_1_497' title='bbox 970 4414 1136 4466; x_wconf 89' lang='grc' dir='ltr'>πόλιν</span> <span class='ocrx_word' id='word_1_498' title='bbox 1174 4413 1450 4475; x_wconf 89' lang='grc' dir='ltr'>λέγεςθαι·</span> <span class='ocrx_word' id='word_1_499' title='bbox 1492 4413 1617 4462; x_wconf 87' lang='grc' dir='ltr'>πῶς</span> <span class='ocrx_word' id='word_1_500' title='bbox 1653 4411 1757 4463; x_wconf 84' lang='grc' dir='ltr'>οὖν</span> <span class='ocrx_word' id='word_1_501' title='bbox 1792 4410 1856 4463; x_wconf 83' lang='grc' dir='ltr'>ἐν</span> <span class='ocrx_word' id='word_1_502' title='bbox 1898 4414 1984 4476; x_wconf 90' lang='grc' dir='ltr'>τῷ</span> <span class='ocrx_word' id='word_1_503' title='bbox 2021 4410 2324 4473; x_wconf 82' lang='grc' dir='ltr'>καταλόγω</span> <span class='ocrx_word' id='word_1_504' title='bbox 2372 4413 2555 4477; x_wconf 85' lang='grc' dir='ltr'>ψιλῶς</span> <span class='ocrx_word' id='word_1_505' title='bbox 2601 4412 2934 4481; x_wconf 85' lang='grc' dir='ltr'>ἀνέγνωμεν</span> <span class='ocrx_word' id='word_1_506' title='bbox 2967 4414 3065 4468; x_wconf 75' lang='grc' dir='ltr'>«οἵ</span> <span class='ocrx_word' id='word_1_507' title='bbox 3101 4417 3167 4467; x_wconf 80' lang='grc' dir='ltr'>τ’</span> 
     </span>
     <span class='ocr_line' id='line_1_45' title="bbox 578 4462 3166 4547; baseline 0 -12"><span class='ocrx_word' id='word_1_508' title='bbox 578 4482 810 4536; x_wconf 78' lang='grc' dir='ltr'>Ἐλεῶν’</span> <span class='ocrx_word' id='word_1_509' title='bbox 845 4483 1048 4547; x_wconf 78' lang='grc' dir='ltr'>εἶχον»</span> <span class='ocrx_word' id='word_1_510' title='bbox 1085 4482 1172 4544; x_wconf 89' lang='grc'>(11.</span> <span class='ocrx_word' id='word_1_511' title='bbox 1213 4480 1252 4532; x_wconf 92' lang='grc' dir='ltr'>Β</span> <span class='ocrx_word' id='word_1_512' title='bbox 1290 4482 1439 4543; x_wconf 83' lang='grc'>500),</span> <span class='ocrx_word' id='word_1_513' title='bbox 1488 4479 1622 4542; x_wconf 80' lang='grc' dir='ltr'>φαςί</span> <span class='ocrx_word' id='word_1_514' title='bbox 1666 4479 1771 4544; x_wconf 84' lang='grc' dir='ltr'>γὰρ</span> <span class='ocrx_word' id='word_1_515' title='bbox 1817 4478 2107 4530; x_wconf 80' lang='grc' dir='ltr'>κάνταῦθα</span> <span class='ocrx_word' id='word_1_516' title='bbox 2151 4479 2261 4543; x_wconf 86' lang='grc' dir='ltr'>τὴν</span> <span class='ocrx_word' id='word_1_517' title='bbox 2296 4462 2651 4545; x_wconf 80' lang='grc' dir='ltr'>Βοιωτιακὴν</span> <span class='ocrx_word' id='word_1_518' title='bbox 2688 4482 2835 4534; x_wconf 84' lang='grc' dir='ltr'>εἶναι</span> <span class='ocrx_word' id='word_1_519' title='bbox 2870 4483 3054 4536; x_wconf 89' lang='grc' dir='ltr'>πόλιν.</span> <span class='ocrx_word' id='word_1_520' title='bbox 3115 4482 3166 4535; x_wconf 77' lang='grc' dir='ltr'>εἰ</span> 
     </span>
     <span class='ocr_line' id='line_1_46' title="bbox 577 4545 3166 4617; baseline -0.001 -13"><span class='ocrx_word' id='word_1_521' title='bbox 577 4552 650 4615; x_wconf 82' lang='grc' dir='ltr'>μὴ</span> <span class='ocrx_word' id='word_1_522' title='bbox 690 4551 931 4615; x_wconf 87' lang='grc' dir='ltr'>λέγομεν</span> <span class='ocrx_word' id='word_1_523' title='bbox 966 4551 1054 4603; x_wconf 88' lang='grc' dir='ltr'>ὅτι</span> <span class='ocrx_word' id='word_1_524' title='bbox 1090 4550 1157 4600; x_wconf 85' lang='grc' dir='ltr'>οὐ</span> <span class='ocrx_word' id='word_1_525' title='bbox 1196 4547 1429 4600; x_wconf 87' lang='grc' dir='ltr'>πάντως</span> <span class='ocrx_word' id='word_1_526' title='bbox 1465 4545 1751 4611; x_wconf 83' lang='grc' dir='ltr'>ἐπικρατεῖ</span> <span class='ocrx_word' id='word_1_527' title='bbox 1786 4545 1822 4609; x_wconf 89' lang='grc' dir='ltr'>ἡ</span> <span class='ocrx_word' id='word_1_528' title='bbox 1862 4545 1977 4597; x_wconf 89' lang='grc' dir='ltr'>ἀπὸ</span> <span class='ocrx_word' id='word_1_529' title='bbox 2013 4548 2136 4596; x_wconf 87' lang='grc' dir='ltr'>τῶν</span> <span class='ocrx_word' id='word_1_530' title='bbox 2171 4545 2361 4598; x_wconf 85' lang='grc' dir='ltr'>ἐθνῶν</span> <span class='ocrx_word' id='word_1_531' title='bbox 2385 4551 2572 4613; x_wconf 84' lang='grc' dir='ltr'>χρῆςις</span> <span class='ocrx_word' id='word_1_532' title='bbox 2608 4551 2699 4601; x_wconf 79' lang='grc' dir='ltr'>καὶ</span> <span class='ocrx_word' id='word_1_533' title='bbox 2735 4549 2830 4602; x_wconf 79' lang='grc' dir='ltr'>ἐπὶ</span> <span class='ocrx_word' id='word_1_534' title='bbox 2865 4553 2973 4616; x_wconf 86' lang='grc' dir='ltr'>τὴν</span> <span class='ocrx_word' id='word_1_535' title='bbox 2999 4550 3166 4617; x_wconf 86' lang='grc' dir='ltr'>Ὁμη-</span> 
     </span>
     <span class='ocr_line' id='line_1_47' title="bbox 574 4611 3169 4684; baseline -0 -13"><span class='ocrx_word' id='word_1_536' title='bbox 574 4620 739 4684; x_wconf 87' lang='grc' dir='ltr'>ρικὴν</span> <span class='ocrx_word' id='word_1_537' title='bbox 774 4618 1106 4682; x_wconf 84' lang='grc' dir='ltr'>ἀνάγνωςιν.</span> <span class='ocrx_word' id='word_1_538' title='bbox 1176 4617 1220 4669; x_wconf 94' lang='lat' dir='ltr'><strong>A</strong></span> <span class='ocrx_word' id='word_1_539' title='bbox 1255 4619 1381 4667; x_wconf 85' lang='lat'>413:</span> <span class='ocrx_word' id='word_1_540' title='bbox 1419 4613 1707 4679; x_wconf 83' lang='grc' dir='ltr'>ψιλωτέον</span> <span class='ocrx_word' id='word_1_541' title='bbox 1742 4614 1811 4665; x_wconf 90' lang='grc' dir='ltr'>τὸ</span> <span class='ocrx_word' id='word_1_542' title='bbox 1849 4613 2047 4677; x_wconf 82' lang='grc' dir='ltr'>ἔλςαν,</span> <span class='ocrx_word' id='word_1_543' title='bbox 2084 4614 2172 4664; x_wconf 86' lang='grc' dir='ltr'>ὅτι</span> <span class='ocrx_word' id='word_1_544' title='bbox 2211 4611 2588 4681; x_wconf 87' lang='grc' dir='ltr'>Αἰολικωτέρα</span> <span class='ocrx_word' id='word_1_545' title='bbox 2625 4617 2660 4679; x_wconf 86' lang='grc' dir='ltr'>ἡ</span> <span class='ocrx_word' id='word_1_546' title='bbox 2699 4615 2884 4670; x_wconf 84' lang='grc' dir='ltr'>κλίςις.</span> <span class='ocrx_word' id='word_1_547' title='bbox 3022 4618 3058 4669; x_wconf 91' lang='lat'>1.</span> <span class='ocrx_word' id='word_1_548' title='bbox 3099 4622 3169 4670; x_wconf 77' lang='lat'>23</span> 
     </span>
     <span class='ocr_line' id='line_1_48' title="bbox 573 4680 3167 4750; baseline 0 -14"><span class='ocrx_word' id='word_1_549' title='bbox 573 4688 699 4738; x_wconf 82' lang='lat' dir='ltr'>Arc.</span> <span class='ocrx_word' id='word_1_550' title='bbox 740 4689 855 4750; x_wconf 82' lang='lat'>198,</span> <span class='ocrx_word' id='word_1_551' title='bbox 891 4691 982 4749; x_wconf 76' lang='lat'>21,</span> <span class='ocrx_word' id='word_1_552' title='bbox 1020 4685 1336 4747; x_wconf 81' lang='grc' dir='ltr'>Ἐμπουςςα</span> <span class='ocrx_word' id='word_1_553' title='bbox 1370 4700 1467 4748; x_wconf 85' lang='lat' dir='ltr'>pro</span> <span class='ocrx_word' id='word_1_554' title='bbox 1502 4680 1787 4744; x_wconf 83' lang='grc' dir='ltr'>Ἐμπουςα</span> <span class='ocrx_word' id='word_1_555' title='bbox 1824 4698 1891 4731; x_wconf 83' lang='lat' dir='ltr'>ex</span> <span class='ocrx_word' id='word_1_556' title='bbox 1928 4686 2052 4731; x_wconf 83' lang='lat' dir='ltr'>Are.</span> <span class='ocrx_word' id='word_1_557' title='bbox 2079 4684 2162 4743; x_wconf 87' lang='grc'>97,</span> <span class='ocrx_word' id='word_1_558' title='bbox 2201 4684 2266 4733; x_wconf 87' lang='grc'>18</span> <span class='ocrx_word' id='word_1_559' title='bbox 2303 4687 2542 4735; x_wconf 81' lang='lat' dir='ltr'><strong>correxit</strong></span> <span class='ocrx_word' id='word_1_560' title='bbox 2579 4685 2841 4736; x_wconf 79' lang='lat' dir='ltr'><strong>Schmidt.</strong></span> <span class='ocrx_word' id='word_1_561' title='bbox 2875 4714 2941 4723; x_wconf 94' lang='lat'>—</span> <span class='ocrx_word' id='word_1_562' title='bbox 2975 4687 3043 4737; x_wconf 92' lang='lat'>11.</span> <span class='ocrx_word' id='word_1_563' title='bbox 3073 4689 3167 4738; x_wconf 83' lang='lat' dir='ltr'>Pr.</span> 
     </span>
     <span class='ocr_line' id='line_1_49' title="bbox 576 4747 3168 4818; baseline 0 -12"><span class='ocrx_word' id='word_1_564' title='bbox 576 4754 620 4806; x_wconf 96' lang='lat' dir='ltr'><strong>A</strong></span> <span class='ocrx_word' id='word_1_565' title='bbox 660 4758 781 4804; x_wconf 80' lang='lat'>141:</span> <span class='ocrx_word' id='word_1_566' title='bbox 819 4753 980 4818; x_wconf 71' lang='grc' dir='ltr'>ἔμενε</span> <span class='ocrx_word' id='word_1_567' title='bbox 1029 4751 1350 4804; x_wconf 88' lang='grc' dir='ltr'>δαςυντέον.</span> <span class='ocrx_word' id='word_1_568' title='bbox 1420 4749 1491 4800; x_wconf 88' lang='grc' dir='ltr'>τὸ</span> <span class='ocrx_word' id='word_1_569' title='bbox 1536 4747 1641 4813; x_wconf 86' lang='grc' dir='ltr'>γὰρ</span> <span class='ocrx_word' id='word_1_570' title='bbox 1687 4747 1831 4801; x_wconf 85' lang='grc' dir='ltr'>εἶναι</span> <span class='ocrx_word' id='word_1_571' title='bbox 1878 4750 1969 4801; x_wconf 78' lang='grc' dir='ltr'>καὶ</span> <span class='ocrx_word' id='word_1_572' title='bbox 2015 4747 2242 4812; x_wconf 81' lang='grc' dir='ltr'>ἀφεῖναι</span> <span class='ocrx_word' id='word_1_573' title='bbox 2287 4755 2647 4815; x_wconf 86' lang='grc' dir='ltr'>παραγωγῶς</span> <span class='ocrx_word' id='word_1_574' title='bbox 2693 4753 2932 4816; x_wconf 87' lang='grc' dir='ltr'>γέγονεν</span> <span class='ocrx_word' id='word_1_575' title='bbox 2971 4753 3168 4817; x_wconf 84' lang='grc' dir='ltr'>ἔμεναι</span> 
     </span>
     <span class='ocr_line' id='line_1_50' title="bbox 575 4817 3169 4886; baseline 0.001 -14"><span class='ocrx_word' id='word_1_576' title='bbox 575 4821 656 4872; x_wconf 83' lang='grc' dir='ltr'>ὡς</span> <span class='ocrx_word' id='word_1_577' title='bbox 691 4821 761 4872; x_wconf 85' lang='grc' dir='ltr'>τὸ</span> <span class='ocrx_word' id='word_1_578' title='bbox 798 4823 975 4872; x_wconf 80' lang='grc' dir='ltr'>θεῖναι</span> <span class='ocrx_word' id='word_1_579' title='bbox 1010 4820 1252 4884; x_wconf 85' lang='grc' dir='ltr'>θέμεναι.</span> <span class='ocrx_word' id='word_1_580' title='bbox 1445 4817 1481 4868; x_wconf 89' lang='lat' dir='ltr'>l.</span> <span class='ocrx_word' id='word_1_581' title='bbox 1519 4821 1585 4869; x_wconf 85' lang='lat'>25</span> <span class='ocrx_word' id='word_1_582' title='bbox 1620 4819 1723 4883; x_wconf 80' lang='lat' dir='ltr'>Ep.</span> <span class='ocrx_word' id='word_1_583' title='bbox 1762 4818 1852 4868; x_wconf 78' lang='lat' dir='ltr'>Gr.</span> <span class='ocrx_word' id='word_1_584' title='bbox 1887 4818 1915 4866; x_wconf 94' lang='lat' dir='ltr'>I</span> <span class='ocrx_word' id='word_1_585' title='bbox 1955 4819 2068 4880; x_wconf 75' lang='lat'>129,</span> <span class='ocrx_word' id='word_1_586' title='bbox 2109 4819 2172 4868; x_wconf 85' lang='grc'>16</span> <span class='ocrx_word' id='word_1_587' title='bbox 2209 4817 2294 4882; x_wconf 84' lang='grc' dir='ltr'>(Ε.</span> <span class='ocrx_word' id='word_1_588' title='bbox 2330 4822 2404 4870; x_wconf 83' lang='grc' dir='ltr'>Μ.</span> <span class='ocrx_word' id='word_1_589' title='bbox 2443 4823 2568 4882; x_wconf 85' lang='grc'>343,</span> <span class='ocrx_word' id='word_1_590' title='bbox 2609 4821 2693 4886; x_wconf 79' lang='lat'>12)</span> <span class='ocrx_word' id='word_1_591' title='bbox 2732 4823 2852 4872; x_wconf 87' lang='lat' dir='ltr'><strong>ubi:</strong></span> <span class='ocrx_word' id='word_1_592' title='bbox 2889 4821 3093 4874; x_wconf 82' lang='grc' dir='ltr'>ἔνατος</span> <span class='ocrx_word' id='word_1_593' title='bbox 3129 4821 3169 4875; x_wconf 82' lang='grc' dir='ltr'>ὁ</span> 
     </span>
     <span class='ocr_line' id='line_1_51' title="bbox 576 4885 2901 4955; baseline 0 -13"><span class='ocrx_word' id='word_1_594' title='bbox 576 4888 918 4954; x_wconf 84' lang='grc' dir='ltr'>Ἡρωδιανὸς</span> <span class='ocrx_word' id='word_1_595' title='bbox 954 4889 1125 4954; x_wconf 81' lang='grc' dir='ltr'>ψιλοῑ.</span> <span class='ocrx_word' id='word_1_596' title='bbox 1194 4887 1263 4938; x_wconf 89' lang='grc' dir='ltr'>τὸ</span> <span class='ocrx_word' id='word_1_597' title='bbox 1300 4891 1333 4938; x_wconf 75' lang='grc' dir='ltr'>ἒ</span> <span class='ocrx_word' id='word_1_598' title='bbox 1369 4886 1481 4951; x_wconf 88' lang='grc' dir='ltr'>πρὸ</span> <span class='ocrx_word' id='word_1_599' title='bbox 1517 4889 1620 4938; x_wconf 81' lang='grc' dir='ltr'>τοῦ</span> <span class='ocrx_word' id='word_1_600' title='bbox 1660 4885 1787 4936; x_wconf 82' lang='grc' dir='ltr'>ἑνὸς</span> <span class='ocrx_word' id='word_1_601' title='bbox 1824 4891 1858 4938; x_wconf 64' lang='lat' dir='ltr'><strong>V</strong></span> <span class='ocrx_word' id='word_1_602' title='bbox 1896 4885 2014 4937; x_wconf 88' lang='grc' dir='ltr'>κτλ.</span> <span class='ocrx_word' id='word_1_603' title='bbox 2086 4887 2157 4936; x_wconf 87' lang='lat' dir='ltr'>ef.</span> <span class='ocrx_word' id='word_1_604' title='bbox 2193 4886 2292 4935; x_wconf 89' lang='lat' dir='ltr'>An.</span> <span class='ocrx_word' id='word_1_605' title='bbox 2331 4888 2509 4938; x_wconf 79' lang='lat' dir='ltr'><strong>Paris,</strong></span> <span class='ocrx_word' id='word_1_606' title='bbox 2546 4889 2628 4937; x_wconf 91' lang='lat'>111</span> <span class='ocrx_word' id='word_1_607' title='bbox 2666 4892 2782 4955; x_wconf 83' lang='lat'><strong>311,</strong></span> <span class='ocrx_word' id='word_1_608' title='bbox 2824 4892 2901 4943; x_wconf 83' lang='lat'>13.</span> 
     </span>
    </p>
   </div>
  </div>
 </body>
</html>
