<?xml version="1.0" encoding="UTF-8"?>
<!DOCTYPE html PUBLIC "-//W3C//DTD XHTML 1.0 Transitional//EN"
    "http://www.w3.org/TR/xhtml1/DTD/xhtml1-transitional.dtd">
<html xmlns="http://www.w3.org/1999/xhtml" xml:lang="en" lang="en">
 <head>
  <title>
</title>
<meta http-equiv="Content-Type" content="text/html;charset=utf-8" />
  <meta name='ocr-system' content='tesseract 3.04.00' />
  <meta name='ocr-capabilities' content='ocr_page ocr_carea ocr_par ocr_line ocrx_word'/>
</head>
<body>
  <div class='ocr_page' id='page_1' title='image "./grammaticigraec02unkngoog_0798.png"; bbox 0 0 3664 5546; ppageno 0'>
   <div class='ocr_carea' id='block_1_1' title="bbox 643 398 2410 465">
    <p class='ocr_par' dir='ltr' id='par_1_1' title="bbox 643 398 2410 465">
     <span class='ocr_line' id='line_1_1' title="bbox 643 398 2410 465; baseline -0.006 -2"><span class='ocrx_word' id='word_1_1' title='bbox 643 401 768 465; x_wconf 79' lang='grc'>552</span> <span class='ocrx_word' id='word_1_2' title='bbox 1450 399 1532 453; x_wconf 86' lang='grc' dir='ltr'>ΕΚ</span> <span class='ocrx_word' id='word_1_3' title='bbox 1572 398 1719 453; x_wconf 86' lang='grc' dir='ltr'>ΤΟΥ</span> <span class='ocrx_word' id='word_1_4' title='bbox 1757 398 2032 454; x_wconf 87' lang='grc' dir='ltr'><strong>ΒΙΒΛΙΟΥ</strong></span> <span class='ocrx_word' id='word_1_5' title='bbox 2068 399 2216 453; x_wconf 86' lang='grc' dir='ltr'>ΤΟΥ</span> <span class='ocrx_word' id='word_1_6' title='bbox 2251 399 2410 457; x_wconf 86' lang='grc' dir='ltr'>ΠΕΡΙ</span> 
     </span>
    </p>
   </div>
   <div class='ocr_carea' id='block_1_2' title="bbox 552 570 3326 1560">
    <p class='ocr_par' dir='ltr' id='par_1_2' title="bbox 645 570 3230 957">
     <span class='ocr_line' id='line_1_2' title="bbox 810 570 3225 655; baseline -0 -19"><span class='ocrx_word' id='word_1_7' title='bbox 810 571 1125 652; x_wconf 84' lang='grc' dir='ltr'>Διαφέρει</span> <span class='ocrx_word' id='word_1_8' title='bbox 1168 572 1239 635; x_wconf 80' lang='grc' dir='ltr'>δὲ</span> <span class='ocrx_word' id='word_1_9' title='bbox 1285 570 1738 649; x_wconf 86' lang='grc' dir='ltr'>ἐγκλινόμενον</span> <span class='ocrx_word' id='word_1_10' title='bbox 1783 571 2164 647; x_wconf 87' lang='grc' dir='ltr'>ἐγκλιτικοῦ,</span> <span class='ocrx_word' id='word_1_11' title='bbox 2221 573 2258 655; x_wconf 77' lang='grc' dir='ltr'>ᾗ</span> <span class='ocrx_word' id='word_1_12' title='bbox 2314 575 2391 637; x_wconf 90' lang='grc' dir='ltr'>τὸ</span> <span class='ocrx_word' id='word_1_13' title='bbox 2436 572 2551 651; x_wconf 79' lang='grc' dir='ltr'>μὲν</span> <span class='ocrx_word' id='word_1_14' title='bbox 2598 570 3057 650; x_wconf 86' lang='grc' dir='ltr'>ἐγκλινόμενον</span> <span class='ocrx_word' id='word_1_15' title='bbox 3100 593 3225 636; x_wconf 90' lang='grc' dir='ltr'>κοι-</span> 
     </span>
     <span class='ocr_line' id='line_1_3' title="bbox 645 671 3227 752; baseline -0 -14"><span class='ocrx_word' id='word_1_16' title='bbox 645 674 765 738; x_wconf 89' lang='grc' dir='ltr'>νὸν</span> <span class='ocrx_word' id='word_1_17' title='bbox 808 671 1016 751; x_wconf 83' lang='grc' dir='ltr'>ὄνομα</span> <span class='ocrx_word' id='word_1_18' title='bbox 1059 671 1260 751; x_wconf 88' lang='grc' dir='ltr'>πάςης</span> <span class='ocrx_word' id='word_1_19' title='bbox 1307 672 1537 738; x_wconf 82' lang='grc' dir='ltr'>λέξεώς</span> <span class='ocrx_word' id='word_1_20' title='bbox 1583 672 1704 735; x_wconf 75' lang='grc' dir='ltr'>ἐςτι</span> <span class='ocrx_word' id='word_1_21' title='bbox 1750 672 1909 736; x_wconf 86' lang='grc' dir='ltr'>κατὰ</span> <span class='ocrx_word' id='word_1_22' title='bbox 1953 672 2028 736; x_wconf 90' lang='grc' dir='ltr'>τὸ</span> <span class='ocrx_word' id='word_1_23' title='bbox 2072 673 2260 738; x_wconf 97' lang='grc' dir='ltr'>τέλος</span> <span class='ocrx_word' id='word_1_24' title='bbox 2316 673 2709 752; x_wconf 85' lang='grc' dir='ltr'>ὀξυνομένης</span> <span class='ocrx_word' id='word_1_25' title='bbox 2762 673 3120 752; x_wconf 90' lang='grc' dir='ltr'>τρεπούςης</span> <span class='ocrx_word' id='word_1_26' title='bbox 3161 694 3227 737; x_wconf 90' lang='grc' dir='ltr'>τε</span> 
     </span>
     <span class='ocr_line' id='line_1_4' title="bbox 645 771 3230 858; baseline 0 -20"><span class='ocrx_word' id='word_1_27' title='bbox 645 774 733 838; x_wconf 89' lang='grc' dir='ltr'>εἰς</span> <span class='ocrx_word' id='word_1_28' title='bbox 779 776 1070 856; x_wconf 85' lang='grc' dir='ltr'>βαρεῖαν,</span> <span class='ocrx_word' id='word_1_29' title='bbox 1125 775 1201 839; x_wconf 89' lang='grc' dir='ltr'>τὸ</span> <span class='ocrx_word' id='word_1_30' title='bbox 1258 774 1329 838; x_wconf 80' lang='grc' dir='ltr'>δὲ</span> <span class='ocrx_word' id='word_1_31' title='bbox 1382 774 1454 838; x_wconf 87' lang='grc' dir='ltr'>ἐν</span> <span class='ocrx_word' id='word_1_32' title='bbox 1512 771 1693 837; x_wconf 90' lang='grc' dir='ltr'>ἰδίοις</span> <span class='ocrx_word' id='word_1_33' title='bbox 1749 772 1966 851; x_wconf 89' lang='grc' dir='ltr'>θέμαςι</span> <span class='ocrx_word' id='word_1_34' title='bbox 2022 776 2567 854; x_wconf 89' lang='grc' dir='ltr'>καταλειπόμενον</span> <span class='ocrx_word' id='word_1_35' title='bbox 2612 774 2858 858; x_wconf 82' lang='grc' dir='ltr'>ἀριθμῷ</span> <span class='ocrx_word' id='word_1_36' title='bbox 2906 774 3074 857; x_wconf 81' lang='grc' dir='ltr'>ἰδίῳ·</span> <span class='ocrx_word' id='word_1_37' title='bbox 3133 776 3230 838; x_wconf 85' lang='grc' dir='ltr'>καὶ</span> 
     </span>
     <span class='ocr_line' id='line_1_5' title="bbox 646 874 3228 957; baseline 0 -18"><span class='ocrx_word' id='word_1_38' title='bbox 646 875 743 939; x_wconf 91' lang='grc' dir='ltr'>ὅτι</span> <span class='ocrx_word' id='word_1_39' title='bbox 786 876 862 940; x_wconf 88' lang='grc' dir='ltr'>τὸ</span> <span class='ocrx_word' id='word_1_40' title='bbox 908 876 1023 954; x_wconf 77' lang='grc' dir='ltr'>μὲν</span> <span class='ocrx_word' id='word_1_41' title='bbox 1067 874 1269 953; x_wconf 83' lang='grc' dir='ltr'>αὐτὴν</span> <span class='ocrx_word' id='word_1_42' title='bbox 1312 874 1516 954; x_wconf 93' lang='grc' dir='ltr'>μόνην</span> <span class='ocrx_word' id='word_1_43' title='bbox 1559 875 1676 951; x_wconf 88' lang='grc' dir='ltr'>τὴν</span> <span class='ocrx_word' id='word_1_44' title='bbox 1721 874 1825 937; x_wconf 84' lang='grc' dir='ltr'>ἐπὶ</span> <span class='ocrx_word' id='word_1_45' title='bbox 1867 876 2094 940; x_wconf 87' lang='grc' dir='ltr'>τέλους</span> <span class='ocrx_word' id='word_1_46' title='bbox 2140 875 2353 942; x_wconf 86' lang='grc' dir='ltr'>ὀξεῖαν</span> <span class='ocrx_word' id='word_1_47' title='bbox 2401 876 2772 956; x_wconf 83' lang='grc' dir='ltr'>ἀμείβειείς</span> <span class='ocrx_word' id='word_1_48' title='bbox 2818 880 3111 957; x_wconf 89' lang='grc' dir='ltr'>βαρεῖαν,</span> <span class='ocrx_word' id='word_1_49' title='bbox 3154 877 3228 939; x_wconf 90' lang='grc' dir='ltr'>τὸ</span> 
     </span>
    </p>

    <p class='ocr_par' dir='ltr' id='par_1_3' title="bbox 577 967 3326 1156">
     <span class='ocr_line' id='line_1_6' title="bbox 577 967 3326 1060; baseline 0.002 -25"><span class='ocrx_word' id='word_1_50' title='bbox 577 983 612 1035; x_wconf 76' lang='lat'><strong>5</strong></span> <span class='ocrx_word' id='word_1_51' title='bbox 647 977 718 1041; x_wconf 79' lang='grc' dir='ltr'>δὲ</span> <span class='ocrx_word' id='word_1_52' title='bbox 763 977 867 1040; x_wconf 86' lang='grc' dir='ltr'>καὶ</span> <span class='ocrx_word' id='word_1_53' title='bbox 909 976 1298 1055; x_wconf 88' lang='grc' dir='ltr'>μετατίθηςιν</span> <span class='ocrx_word' id='word_1_54' title='bbox 1341 974 1429 1039; x_wconf 80' lang='grc' dir='ltr'>εἰς</span> <span class='ocrx_word' id='word_1_55' title='bbox 1472 977 1589 1053; x_wconf 86' lang='grc' dir='ltr'>τὴν</span> <span class='ocrx_word' id='word_1_56' title='bbox 1621 976 2078 1055; x_wconf 84' lang='grc' dir='ltr'>ὑπερκειμένην</span> <span class='ocrx_word' id='word_1_57' title='bbox 2109 978 2460 1060; x_wconf 88' lang='grc' dir='ltr'>ςυλλαβήν,</span> <span class='ocrx_word' id='word_1_58' title='bbox 2505 976 2561 1041; x_wconf 82' lang='grc' dir='ltr'>εἰ</span> <span class='ocrx_word' id='word_1_59' title='bbox 2604 978 2706 1041; x_wconf 84' lang='grc' dir='ltr'>καὶ</span> <span class='ocrx_word' id='word_1_60' title='bbox 2747 978 2827 1042; x_wconf 89' lang='grc' dir='ltr'>τὰ</span> <span class='ocrx_word' id='word_1_61' title='bbox 2870 981 2987 1041; x_wconf 85' lang='grc' dir='ltr'>τοῦ</span> <span class='ocrx_word' id='word_1_62' title='bbox 3035 976 3230 1053; x_wconf 87' lang='grc' dir='ltr'>λόγου</span> <span class='ocrx_word' id='word_1_63' title='bbox 3322 967 3326 970; x_wconf 53' lang='grc'><strong><em>’</em></strong></span> 
     </span>
     <span class='ocr_line' id='line_1_7' title="bbox 649 1078 1030 1156; baseline -0.003 -15"><span class='ocrx_word' id='word_1_64' title='bbox 649 1078 1030 1156; x_wconf 87' lang='grc' dir='ltr'>ἐπιδέχοιτο.</span> 
     </span>
    </p>

    <p class='ocr_par' dir='ltr' id='par_1_4' title="bbox 654 1178 3235 1359">
     <span class='ocr_line' id='line_1_8' title="bbox 816 1178 3235 1260; baseline 0 -17"><span class='ocrx_word' id='word_1_65' title='bbox 816 1179 963 1243; x_wconf 90' lang='grc' dir='ltr'>Πᾶν</span> <span class='ocrx_word' id='word_1_66' title='bbox 1007 1178 1227 1243; x_wconf 86' lang='grc' dir='ltr'>τοίνυν</span> <span class='ocrx_word' id='word_1_67' title='bbox 1273 1178 1624 1253; x_wconf 84' lang='grc' dir='ltr'>ἐγκλιτικὸν</span> <span class='ocrx_word' id='word_1_68' title='bbox 1669 1179 1897 1256; x_wconf 90' lang='grc' dir='ltr'>μόριον</span> <span class='ocrx_word' id='word_1_69' title='bbox 1941 1180 1980 1257; x_wconf 83' lang='grc' dir='ltr'>ἣ</span> <span class='ocrx_word' id='word_1_70' title='bbox 2026 1180 2512 1259; x_wconf 90' lang='grc' dir='ltr'>μονοςύλλαβόν</span> <span class='ocrx_word' id='word_1_71' title='bbox 2559 1180 2724 1244; x_wconf 84' lang='grc' dir='ltr'>ἐςτιν</span> <span class='ocrx_word' id='word_1_72' title='bbox 2768 1181 2807 1258; x_wconf 86' lang='grc' dir='ltr'>ἢ</span> <span class='ocrx_word' id='word_1_73' title='bbox 2855 1181 3235 1260; x_wconf 88' lang='grc' dir='ltr'>διςύλλαβον</span> 
     </span>
     <span class='ocr_line' id='line_1_9' title="bbox 654 1277 3235 1359; baseline 0 -16"><span class='ocrx_word' id='word_1_74' title='bbox 654 1280 759 1343; x_wconf 78' lang='grc' dir='ltr'>καὶ</span> <span class='ocrx_word' id='word_1_75' title='bbox 801 1282 930 1344; x_wconf 85' lang='grc' dir='ltr'>πᾶν</span> <span class='ocrx_word' id='word_1_76' title='bbox 976 1278 1328 1355; x_wconf 83' lang='grc' dir='ltr'>ἐγκλιτικόν</span> <span class='ocrx_word' id='word_1_77' title='bbox 1386 1279 1546 1357; x_wconf 81' lang='grc' dir='ltr'>ὑπὲρ</span> <span class='ocrx_word' id='word_1_78' title='bbox 1593 1277 1738 1357; x_wconf 90' lang='grc' dir='ltr'>μίαν</span> <span class='ocrx_word' id='word_1_79' title='bbox 1776 1281 2104 1359; x_wconf 79' lang='grc' dir='ltr'>ςυλλαβὴν</span> <span class='ocrx_word' id='word_1_80' title='bbox 2147 1281 2186 1358; x_wconf 86' lang='grc' dir='ltr'>ἢ</span> <span class='ocrx_word' id='word_1_81' title='bbox 2232 1279 2537 1358; x_wconf 79' lang='grc' dir='ltr'>δίχρονον</span> <span class='ocrx_word' id='word_1_82' title='bbox 2582 1282 2621 1357; x_wconf 83' lang='grc' dir='ltr'>ἢ</span> <span class='ocrx_word' id='word_1_83' title='bbox 2667 1280 3011 1359; x_wconf 89' lang='grc' dir='ltr'>τρίχρονόν</span> <span class='ocrx_word' id='word_1_84' title='bbox 3056 1281 3235 1346; x_wconf 80' lang='grc' dir='ltr'>ἐςτιν.</span> 
     </span>
    </p>

    <p class='ocr_par' dir='ltr' id='par_1_5' title="bbox 816 1380 3236 1465">
     <span class='ocr_line' id='line_1_10' title="bbox 816 1380 3236 1465; baseline 0 -21"><span class='ocrx_word' id='word_1_85' title='bbox 816 1380 963 1446; x_wconf 86' lang='grc' dir='ltr'>Πᾶν</span> <span class='ocrx_word' id='word_1_86' title='bbox 1017 1380 1471 1459; x_wconf 86' lang='grc' dir='ltr'>ἐγκλινόμενον</span> <span class='ocrx_word' id='word_1_87' title='bbox 1514 1381 1754 1461; x_wconf 63' lang='grc' dir='ltr'>-μόρμον</span> <span class='ocrx_word' id='word_1_88' title='bbox 1795 1381 1835 1458; x_wconf 85' lang='grc' dir='ltr'>ἢ</span> <span class='ocrx_word' id='word_1_89' title='bbox 1892 1380 2182 1448; x_wconf 86' lang='grc' dir='ltr'>ὀξύνεται</span> <span class='ocrx_word' id='word_1_90' title='bbox 2226 1382 2265 1459; x_wconf 82' lang='grc' dir='ltr'>ἢ</span> <span class='ocrx_word' id='word_1_91' title='bbox 2310 1385 2717 1465; x_wconf 86' lang='grc' dir='ltr'>περιςπᾶται,</span> <span class='ocrx_word' id='word_1_92' title='bbox 2771 1383 2966 1447; x_wconf 81' lang='grc' dir='ltr'>οὐδὲν</span> <span class='ocrx_word' id='word_1_93' title='bbox 3014 1384 3085 1446; x_wconf 78' lang='grc' dir='ltr'>δὲ</span> <span class='ocrx_word' id='word_1_94' title='bbox 3132 1388 3236 1462; x_wconf 89' lang='grc' dir='ltr'>βα-</span> 
     </span>
    </p>

    <p class='ocr_par' dir='ltr' id='par_1_6' title="bbox 552 1482 925 1560">
     <span class='ocr_line' id='line_1_11' title="bbox 552 1482 925 1560; baseline -0.003 -14"><span class='ocrx_word' id='word_1_95' title='bbox 552 1489 619 1539; x_wconf 90' lang='grc'>10</span> <span class='ocrx_word' id='word_1_96' title='bbox 655 1482 925 1560; x_wconf 90' lang='grc' dir='ltr'>ρύνεται.</span> 
     </span>
    </p>
   </div>
   <div class='ocr_carea' id='block_1_3' title="bbox 559 1581 3254 2983">
    <p class='ocr_par' dir='ltr' id='par_1_7' title="bbox 651 1581 3238 1763">
     <span class='ocr_line' id='line_1_12' title="bbox 817 1581 3238 1668; baseline 0 -21"><span class='ocrx_word' id='word_1_97' title='bbox 817 1583 965 1648; x_wconf 84' lang='grc' dir='ltr'>Πᾶν</span> <span class='ocrx_word' id='word_1_98' title='bbox 1010 1582 1463 1661; x_wconf 84' lang='grc' dir='ltr'>ἐγκλινόμενον</span> <span class='ocrx_word' id='word_1_99' title='bbox 1509 1581 1920 1648; x_wconf 87' lang='grc' dir='ltr'>ὑποτάςςεται</span> <span class='ocrx_word' id='word_1_100' title='bbox 1963 1584 2223 1649; x_wconf 89' lang='grc' dir='ltr'>πάντως</span> <span class='ocrx_word' id='word_1_101' title='bbox 2264 1584 2519 1668; x_wconf 81' lang='grc' dir='ltr'>ἐκείνῳ,</span> <span class='ocrx_word' id='word_1_102' title='bbox 2576 1586 2629 1667; x_wconf 85' lang='grc' dir='ltr'>ᾧ</span> <span class='ocrx_word' id='word_1_103' title='bbox 2686 1585 2787 1649; x_wconf 89' lang='grc' dir='ltr'>καὶ</span> <span class='ocrx_word' id='word_1_104' title='bbox 2843 1585 2961 1649; x_wconf 78' lang='grc' dir='ltr'>τὸν</span> <span class='ocrx_word' id='word_1_105' title='bbox 3007 1584 3238 1649; x_wconf 83' lang='grc' dir='ltr'>ἑαυτοῦ</span> 
     </span>
     <span class='ocr_line' id='line_1_13' title="bbox 651 1682 2495 1767; baseline 0.001 -19"><span class='ocrx_word' id='word_1_106' title='bbox 651 1684 849 1748; x_wconf 89' lang='grc' dir='ltr'>τόνον</span> <span class='ocrx_word' id='word_1_107' title='bbox 894 1683 1195 1765; x_wconf 82' lang='grc' dir='ltr'>έγκλίνει,</span> <span class='ocrx_word' id='word_1_108' title='bbox 1239 1682 1393 1761; x_wconf 88' lang='grc' dir='ltr'>ἦλθέ</span> <span class='ocrx_word' id='word_1_109' title='bbox 1439 1704 1562 1765; x_wconf 92' lang='grc' dir='ltr'>τις,</span> <span class='ocrx_word' id='word_1_110' title='bbox 1607 1683 1855 1749; x_wconf 80' lang='grc' dir='ltr'>ἔδωκάς</span> <span class='ocrx_word' id='word_1_111' title='bbox 1900 1706 2036 1767; x_wconf 90' lang='grc' dir='ltr'>μοι,</span> <span class='ocrx_word' id='word_1_112' title='bbox 2082 1686 2318 1763; x_wconf 90' lang='grc' dir='ltr'>ἤκουςά</span> <span class='ocrx_word' id='word_1_113' title='bbox 2364 1707 2495 1750; x_wconf 94' lang='grc' dir='ltr'>ςου.</span> 
     </span>
    </p>

    <p class='ocr_par' dir='ltr' id='par_1_8' title="bbox 655 1784 3243 1967">
     <span class='ocr_line' id='line_1_14' title="bbox 824 1784 3241 1869; baseline 0.001 -21.024"><span class='ocrx_word' id='word_1_114' title='bbox 824 1784 1026 1848; x_wconf 85' lang='grc' dir='ltr'>Ὀκτὼ</span> <span class='ocrx_word' id='word_1_115' title='bbox 1072 1785 1143 1848; x_wconf 80' lang='grc' dir='ltr'>δὲ</span> <span class='ocrx_word' id='word_1_116' title='bbox 1175 1784 1387 1849; x_wconf 87' lang='grc' dir='ltr'>ὄντων</span> <span class='ocrx_word' id='word_1_117' title='bbox 1417 1788 1547 1848; x_wconf 84' lang='grc' dir='ltr'>τῶν</span> <span class='ocrx_word' id='word_1_118' title='bbox 1579 1790 1792 1863; x_wconf 87' lang='grc' dir='ltr'>μερῶν</span> <span class='ocrx_word' id='word_1_119' title='bbox 1822 1789 1939 1850; x_wconf 87' lang='grc' dir='ltr'>τοῦ</span> <span class='ocrx_word' id='word_1_120' title='bbox 1973 1787 2171 1862; x_wconf 86' lang='grc' dir='ltr'>λόγου</span> <span class='ocrx_word' id='word_1_121' title='bbox 2194 1787 2281 1851; x_wconf 72' lang='grc' dir='ltr'>,τὰ</span> <span class='ocrx_word' id='word_1_122' title='bbox 2310 1787 2502 1851; x_wconf 86' lang='grc' dir='ltr'>πέντε</span> <span class='ocrx_word' id='word_1_123' title='bbox 2534 1787 2964 1869; x_wconf 80' lang='grc' dir='ltr'>ἑγκλίνονται,</span> <span class='ocrx_word' id='word_1_124' title='bbox 3010 1786 3241 1869; x_wconf 85' lang='grc' dir='ltr'>ὄνομα,</span> 
     </span>
     <span class='ocr_line' id='line_1_15' title="bbox 655 1884 3243 1967; baseline 0.002 -19"><span class='ocrx_word' id='word_1_125' title='bbox 655 1885 853 1966; x_wconf 84' lang='grc' dir='ltr'>ῥῆμα,</span> <span class='ocrx_word' id='word_1_126' title='bbox 899 1884 1294 1966; x_wconf 86' lang='grc' dir='ltr'>ἀντωνυμία,</span> <span class='ocrx_word' id='word_1_127' title='bbox 1351 1885 1663 1964; x_wconf 79' lang='grc' dir='ltr'>ἐπίρρημα</span> <span class='ocrx_word' id='word_1_128' title='bbox 1675 1934 1694 1966; x_wconf 91' lang='grc'>,</span> <span class='ocrx_word' id='word_1_129' title='bbox 1749 1886 2106 1966; x_wconf 87' lang='grc' dir='ltr'>ςύνδεςμος.</span> <span class='ocrx_word' id='word_1_130' title='bbox 2195 1888 2406 1952; x_wconf 88' lang='grc' dir='ltr'>Πάλιν</span> <span class='ocrx_word' id='word_1_131' title='bbox 2461 1893 2592 1953; x_wconf 87' lang='grc' dir='ltr'>τῶν</span> <span class='ocrx_word' id='word_1_132' title='bbox 2644 1889 3117 1967; x_wconf 79' lang='grc' dir='ltr'>ἐγκλινομένων</span> <span class='ocrx_word' id='word_1_133' title='bbox 3165 1888 3243 1952; x_wconf 88' lang='grc' dir='ltr'>τὰ</span> 
     </span>
    </p>

    <p class='ocr_par' dir='ltr' id='par_1_9' title="bbox 559 1986 3244 2170">
     <span class='ocr_line' id='line_1_16' title="bbox 559 1986 3244 2072; baseline 0.001 -22"><span class='ocrx_word' id='word_1_134' title='bbox 559 1991 619 2043; x_wconf 84' lang='lat'>15</span> <span class='ocrx_word' id='word_1_135' title='bbox 657 1987 771 2065; x_wconf 79' lang='grc' dir='ltr'>μὲν</span> <span class='ocrx_word' id='word_1_136' title='bbox 817 1986 1003 2065; x_wconf 90' lang='grc' dir='ltr'>χάριν</span> <span class='ocrx_word' id='word_1_137' title='bbox 1048 1986 1283 2064; x_wconf 88' lang='grc' dir='ltr'>κόςμου</span> <span class='ocrx_word' id='word_1_138' title='bbox 1329 1986 1756 2069; x_wconf 85' lang='grc' dir='ltr'>ἐγκλίνονται,</span> <span class='ocrx_word' id='word_1_139' title='bbox 1815 1988 1904 2051; x_wconf 83' lang='grc' dir='ltr'>ὡς</span> <span class='ocrx_word' id='word_1_140' title='bbox 1957 1989 2038 2051; x_wconf 90' lang='grc' dir='ltr'>τὰ</span> <span class='ocrx_word' id='word_1_141' title='bbox 2082 1988 2330 2067; x_wconf 82' lang='grc' dir='ltr'>ῥήματα</span> <span class='ocrx_word' id='word_1_142' title='bbox 2372 1991 2474 2053; x_wconf 90' lang='grc' dir='ltr'>καὶ</span> <span class='ocrx_word' id='word_1_143' title='bbox 2517 1990 2580 2053; x_wconf 86' lang='grc' dir='ltr'>οἱ</span> <span class='ocrx_word' id='word_1_144' title='bbox 2626 1990 2989 2072; x_wconf 88' lang='grc' dir='ltr'>ςύνδεςμοι,</span> <span class='ocrx_word' id='word_1_145' title='bbox 3045 1989 3128 2052; x_wconf 86' lang='grc' dir='ltr'>τὰ</span> <span class='ocrx_word' id='word_1_146' title='bbox 3173 1990 3244 2053; x_wconf 80' lang='grc' dir='ltr'>δὲ</span> 
     </span>
     <span class='ocr_line' id='line_1_17' title="bbox 657 2087 1498 2170; baseline 0.002 -20"><span class='ocrx_word' id='word_1_147' title='bbox 657 2089 981 2170; x_wconf 90' lang='grc' dir='ltr'>ςημαςίας,</span> <span class='ocrx_word' id='word_1_148' title='bbox 1028 2087 1119 2151; x_wconf 81' lang='grc' dir='ltr'>ὡς</span> <span class='ocrx_word' id='word_1_149' title='bbox 1162 2087 1241 2151; x_wconf 88' lang='grc' dir='ltr'>τὰ</span> <span class='ocrx_word' id='word_1_150' title='bbox 1288 2088 1498 2152; x_wconf 89' lang='grc' dir='ltr'>λοιπά.</span> 
     </span>
    </p>

    <p class='ocr_par' dir='ltr' id='par_1_10' title="bbox 658 2181 3248 2472">
     <span class='ocr_line' id='line_1_18' title="bbox 826 2181 3248 2268; baseline 0.001 -17"><span class='ocrx_word' id='word_1_151' title='bbox 826 2188 927 2252; x_wconf 85' lang='grc' dir='ltr'>Ἐν</span> <span class='ocrx_word' id='word_1_152' title='bbox 970 2189 1086 2268; x_wconf 79' lang='grc' dir='ltr'>μὲν</span> <span class='ocrx_word' id='word_1_153' title='bbox 1133 2186 1252 2252; x_wconf 86' lang='grc' dir='ltr'>οὖν</span> <span class='ocrx_word' id='word_1_154' title='bbox 1310 2189 1574 2267; x_wconf 89' lang='grc' dir='ltr'>ὀνόμαςι</span> <span class='ocrx_word' id='word_1_155' title='bbox 1628 2190 1705 2253; x_wconf 87' lang='grc' dir='ltr'>τὸ</span> <span class='ocrx_word' id='word_1_156' title='bbox 1758 2189 1852 2253; x_wconf 88' lang='grc' dir='ltr'>τίς</span> <span class='ocrx_word' id='word_1_157' title='bbox 1895 2191 2097 2268; x_wconf 89' lang='grc' dir='ltr'>μόνον</span> <span class='ocrx_word' id='word_1_158' title='bbox 2143 2191 2493 2267; x_wconf 80' lang='grc' dir='ltr'>ἑγκλίνεται</span> <span class='ocrx_word' id='word_1_159' title='bbox 2538 2192 2640 2255; x_wconf 83' lang='grc' dir='ltr'>καὶ</span> <span class='ocrx_word' id='word_1_160' title='bbox 2683 2191 2747 2255; x_wconf 80' lang='grc' dir='ltr'>αἱ</span> <span class='ocrx_word' id='word_1_161' title='bbox 2790 2192 3030 2255; x_wconf 92' lang='grc' dir='ltr'>τούτου</span> <span class='ocrx_word' id='word_1_162' title='bbox 3075 2181 3248 2254; x_wconf 72' lang='grc' dir='ltr'>πτώῖ</span> 
     </span>
     <span class='ocr_line' id='line_1_19' title="bbox 658 2290 3248 2374; baseline 0 -20"><span class='ocrx_word' id='word_1_163' title='bbox 658 2309 779 2354; x_wconf 93' lang='grc' dir='ltr'>ςεις</span> <span class='ocrx_word' id='word_1_164' title='bbox 845 2291 948 2353; x_wconf 91' lang='grc' dir='ltr'>καὶ</span> <span class='ocrx_word' id='word_1_165' title='bbox 1012 2290 1091 2354; x_wconf 90' lang='grc' dir='ltr'>τὰ</span> <span class='ocrx_word' id='word_1_166' title='bbox 1157 2290 1663 2368; x_wconf 87' lang='grc' dir='ltr'>ἰςοδυναμοῦντα</span> <span class='ocrx_word' id='word_1_167' title='bbox 1726 2291 1974 2373; x_wconf 83' lang='grc' dir='ltr'>τούτῳ,</span> <span class='ocrx_word' id='word_1_168' title='bbox 2041 2290 2148 2355; x_wconf 91' lang='grc' dir='ltr'>ὅτε</span> <span class='ocrx_word' id='word_1_169' title='bbox 2204 2290 2613 2369; x_wconf 85' lang='grc' dir='ltr'>ἀοριςτωδῶς</span> <span class='ocrx_word' id='word_1_170' title='bbox 2670 2292 3036 2374; x_wconf 83' lang='grc' dir='ltr'>ἐκφέρεται,</span> <span class='ocrx_word' id='word_1_171' title='bbox 3102 2290 3248 2355; x_wconf 81' lang='grc' dir='ltr'>οἷον</span> 
     </span>
     <span class='ocr_line' id='line_1_20' title="bbox 658 2389 3248 2472; baseline 0.001 -18"><span class='ocrx_word' id='word_1_172' title='bbox 658 2390 812 2469; x_wconf 84' lang='grc' dir='ltr'>ἦλθέ</span> <span class='ocrx_word' id='word_1_173' title='bbox 841 2411 965 2470; x_wconf 88' lang='grc' dir='ltr'>τις,</span> <span class='ocrx_word' id='word_1_174' title='bbox 1011 2391 1276 2469; x_wconf 83' lang='grc' dir='ltr'>ἐλάληςέ</span> <span class='ocrx_word' id='word_1_175' title='bbox 1309 2411 1438 2472; x_wconf 91' lang='grc' dir='ltr'>τις,</span> <span class='ocrx_word' id='word_1_176' title='bbox 1484 2392 1555 2455; x_wconf 86' lang='grc' dir='ltr'>ἐν</span> <span class='ocrx_word' id='word_1_177' title='bbox 1588 2389 1687 2456; x_wconf 80' lang='grc' dir='ltr'>οἶς</span> <span class='ocrx_word' id='word_1_178' title='bbox 1730 2393 1834 2455; x_wconf 88' lang='grc' dir='ltr'>καὶ</span> <span class='ocrx_word' id='word_1_179' title='bbox 1863 2392 2142 2455; x_wconf 89' lang='grc' dir='ltr'>πάντοτε</span> <span class='ocrx_word' id='word_1_180' title='bbox 2189 2392 2612 2458; x_wconf 82' lang='grc' dir='ltr'>ὑποτακτικὸν</span> <span class='ocrx_word' id='word_1_181' title='bbox 2644 2394 2785 2458; x_wconf 83' lang='grc' dir='ltr'>ἐςτι.</span> <span class='ocrx_word' id='word_1_182' title='bbox 2839 2395 2915 2458; x_wconf 90' lang='grc' dir='ltr'>τὸ</span> <span class='ocrx_word' id='word_1_183' title='bbox 2962 2395 3076 2471; x_wconf 79' lang='grc' dir='ltr'>μὲν</span> <span class='ocrx_word' id='word_1_184' title='bbox 3127 2392 3248 2457; x_wconf 84' lang='grc' dir='ltr'>οὖν</span> 
     </span>
    </p>

    <p class='ocr_par' dir='ltr' id='par_1_11' title="bbox 560 2490 3254 2983">
     <span class='ocr_line' id='line_1_21' title="bbox 560 2490 3250 2576; baseline 0.001 -22"><span class='ocrx_word' id='word_1_185' title='bbox 560 2498 629 2550; x_wconf 80' lang='lat'>20</span> <span class='ocrx_word' id='word_1_186' title='bbox 662 2490 1028 2569; x_wconf 48' lang='grc' dir='ltr'>τίςιέγείρει</span> <span class='ocrx_word' id='word_1_187' title='bbox 1073 2491 1144 2555; x_wconf 83' lang='grc' dir='ltr'>έν</span> <span class='ocrx_word' id='word_1_188' title='bbox 1190 2499 1281 2576; x_wconf 82' lang='grc' dir='ltr'>τῷ</span> <span class='ocrx_word' id='word_1_189' title='bbox 1339 2492 1434 2556; x_wconf 76' lang='grc' dir='ltr'>«εἰ</span> <span class='ocrx_word' id='word_1_190' title='bbox 1487 2493 1603 2570; x_wconf 93' lang='grc' dir='ltr'>μέν</span> <span class='ocrx_word' id='word_1_191' title='bbox 1647 2513 1741 2556; x_wconf 90' lang='grc' dir='ltr'>τις</span> <span class='ocrx_word' id='word_1_192' title='bbox 1784 2493 1902 2556; x_wconf 90' lang='grc' dir='ltr'>τὸν</span> <span class='ocrx_word' id='word_1_193' title='bbox 1947 2491 2245 2570; x_wconf 79' lang='grc' dir='ltr'>ὄνειρον»</span> <span class='ocrx_word' id='word_1_194' title='bbox 2294 2495 2369 2575; x_wconf 92' lang='grc' dir='ltr'>(Β</span> <span class='ocrx_word' id='word_1_195' title='bbox 2416 2494 2558 2576; x_wconf 88' lang='grc'>80),</span> <span class='ocrx_word' id='word_1_196' title='bbox 2615 2496 2789 2560; x_wconf 90' lang='grc' dir='ltr'>τινός</span> <span class='ocrx_word' id='word_1_197' title='bbox 2836 2496 2960 2573; x_wconf 79' lang='grc' dir='ltr'>«μή</span> <span class='ocrx_word' id='word_1_198' title='bbox 3004 2515 3250 2573; x_wconf 80' lang='grc' dir='ltr'>τινος»,</span> 
     </span>
     <span class='ocr_line' id='line_1_22' title="bbox 658 2590 3252 2677; baseline 0.002 -23"><span class='ocrx_word' id='word_1_199' title='bbox 658 2593 779 2657; x_wconf 91' lang='grc' dir='ltr'>τινί</span> <span class='ocrx_word' id='word_1_200' title='bbox 826 2592 947 2656; x_wconf 79' lang='grc' dir='ltr'>«οὔ</span> <span class='ocrx_word' id='word_1_201' title='bbox 992 2613 1111 2657; x_wconf 93' lang='grc' dir='ltr'>τινι</span> <span class='ocrx_word' id='word_1_202' title='bbox 1157 2597 1557 2672; x_wconf 82' lang='grc' dir='ltr'>κοιμηθεῑςα»</span> <span class='ocrx_word' id='word_1_203' title='bbox 1605 2590 1907 2674; x_wconf 80' lang='lat' dir='ltr'>(Hesiod.</span> <span class='ocrx_word' id='word_1_204' title='bbox 1953 2591 2195 2677; x_wconf 86' lang='lat' dir='ltr'>Theog.</span> <span class='ocrx_word' id='word_1_205' title='bbox 2237 2593 2421 2676; x_wconf 85' lang='grc'>213),</span> <span class='ocrx_word' id='word_1_206' title='bbox 2465 2597 2610 2660; x_wconf 89' lang='grc' dir='ltr'>τινά</span> <span class='ocrx_word' id='word_1_207' title='bbox 2656 2597 2797 2660; x_wconf 73' lang='grc' dir='ltr'>«καί</span> <span class='ocrx_word' id='word_1_208' title='bbox 2832 2617 2975 2659; x_wconf 93' lang='grc' dir='ltr'>τινα</span> <span class='ocrx_word' id='word_1_209' title='bbox 3004 2596 3252 2673; x_wconf 82' lang='grc' dir='ltr'>Τρωϊά-</span> 
     </span>
     <span class='ocr_line' id='line_1_23' title="bbox 661 2691 3252 2780; baseline 0.002 -24"><span class='ocrx_word' id='word_1_210' title='bbox 661 2698 835 2757; x_wconf 82' lang='grc' dir='ltr'>δων»</span> <span class='ocrx_word' id='word_1_211' title='bbox 894 2691 968 2775; x_wconf 78' lang='lat' dir='ltr'>(C</span> <span class='ocrx_word' id='word_1_212' title='bbox 1028 2692 1209 2773; x_wconf 88' lang='grc'>122),</span> <span class='ocrx_word' id='word_1_213' title='bbox 1269 2695 1434 2758; x_wconf 89' lang='grc' dir='ltr'>τινές</span> <span class='ocrx_word' id='word_1_214' title='bbox 1504 2694 1778 2758; x_wconf 86' lang='grc' dir='ltr'>«οἵτινες</span> <span class='ocrx_word' id='word_1_215' title='bbox 1834 2693 2058 2773; x_wconf 82' lang='grc' dir='ltr'>ἀνέρες</span> <span class='ocrx_word' id='word_1_216' title='bbox 2117 2694 2292 2759; x_wconf 81' lang='grc' dir='ltr'>εἶεν»</span> <span class='ocrx_word' id='word_1_217' title='bbox 2351 2693 2507 2777; x_wconf 85' lang='lat' dir='ltr'><strong>(Od.</strong></span> <span class='ocrx_word' id='word_1_218' title='bbox 2553 2716 2572 2759; x_wconf 93' lang='grc' dir='ltr'>ι</span> <span class='ocrx_word' id='word_1_219' title='bbox 2625 2695 2765 2780; x_wconf 87' lang='grc'>89),</span> <span class='ocrx_word' id='word_1_220' title='bbox 2830 2696 3008 2761; x_wconf 87' lang='grc' dir='ltr'>τινάς</span> <span class='ocrx_word' id='word_1_221' title='bbox 3067 2696 3252 2761; x_wconf 82' lang='grc' dir='ltr'>«οὕς-</span> 
     </span>
     <span class='ocr_line' id='line_1_24' title="bbox 658 2793 3254 2880; baseline 0.001 -23"><span class='ocrx_word' id='word_1_222' title='bbox 658 2814 834 2858; x_wconf 90' lang='grc' dir='ltr'>τινας</span> <span class='ocrx_word' id='word_1_223' title='bbox 878 2793 960 2857; x_wconf 86' lang='grc' dir='ltr'>αὖ</span> <span class='ocrx_word' id='word_1_224' title='bbox 1004 2794 1331 2872; x_wconf 87' lang='grc' dir='ltr'>μεθιέντας</span> <span class='ocrx_word' id='word_1_225' title='bbox 1374 2794 1542 2859; x_wconf 82' lang='grc' dir='ltr'>ἴδοι»</span> <span class='ocrx_word' id='word_1_226' title='bbox 1588 2796 1679 2877; x_wconf 89' lang='grc' dir='ltr'>(Δ</span> <span class='ocrx_word' id='word_1_227' title='bbox 1724 2795 1895 2876; x_wconf 86' lang='grc'>240).</span> <span class='ocrx_word' id='word_1_228' title='bbox 1983 2797 2348 2875; x_wconf 86' lang='grc' dir='ltr'>ἰςοδυναμεῖ</span> <span class='ocrx_word' id='word_1_229' title='bbox 2391 2799 2464 2862; x_wconf 81' lang='grc' dir='ltr'>δὲ</span> <span class='ocrx_word' id='word_1_230' title='bbox 2507 2804 2598 2880; x_wconf 84' lang='grc' dir='ltr'>τῷ</span> <span class='ocrx_word' id='word_1_231' title='bbox 2641 2800 2758 2877; x_wconf 78' lang='grc' dir='ltr'>μὲν</span> <span class='ocrx_word' id='word_1_232' title='bbox 2801 2799 2976 2863; x_wconf 91' lang='grc' dir='ltr'>τινός</span> <span class='ocrx_word' id='word_1_233' title='bbox 3019 2799 3098 2863; x_wconf 88' lang='grc' dir='ltr'>τὸ</span> <span class='ocrx_word' id='word_1_234' title='bbox 3145 2801 3254 2863; x_wconf 84' lang='grc' dir='ltr'>τεῦ</span> 
     </span>
     <span class='ocr_line' id='line_1_25' title="bbox 664 2895 3253 2983; baseline 0.002 -25"><span class='ocrx_word' id='word_1_235' title='bbox 664 2895 846 2959; x_wconf 79' lang='grc' dir='ltr'>«ἀλλ’</span> <span class='ocrx_word' id='word_1_236' title='bbox 891 2895 969 2959; x_wconf 87' lang='grc' dir='ltr'>οὔ</span> <span class='ocrx_word' id='word_1_237' title='bbox 1014 2917 1123 2960; x_wconf 98' lang='grc' dir='ltr'>τευ</span> <span class='ocrx_word' id='word_1_238' title='bbox 1170 2895 1381 2960; x_wconf 80' lang='grc' dir='ltr'>οἶδα».</span> <span class='ocrx_word' id='word_1_239' title='bbox 1438 2903 1530 2979; x_wconf 83' lang='grc' dir='ltr'>τῷ</span> <span class='ocrx_word' id='word_1_240' title='bbox 1576 2897 1647 2959; x_wconf 76' lang='grc' dir='ltr'>δὲ</span> <span class='ocrx_word' id='word_1_241' title='bbox 1689 2896 1811 2960; x_wconf 89' lang='grc' dir='ltr'>τινί</span> <span class='ocrx_word' id='word_1_242' title='bbox 1855 2898 1930 2961; x_wconf 87' lang='grc' dir='ltr'>τὸ</span> <span class='ocrx_word' id='word_1_243' title='bbox 1973 2905 2066 2983; x_wconf 82' lang='grc' dir='ltr'>τῷ</span> <span class='ocrx_word' id='word_1_244' title='bbox 2112 2898 2257 2963; x_wconf 82' lang='grc' dir='ltr'>οἷον</span> <span class='ocrx_word' id='word_1_245' title='bbox 2306 2898 2497 2963; x_wconf 85' lang='grc' dir='ltr'>«οὔτε</span> <span class='ocrx_word' id='word_1_246' title='bbox 2551 2899 2649 2962; x_wconf 87' lang='grc' dir='ltr'>ςοὶ</span> <span class='ocrx_word' id='word_1_247' title='bbox 2694 2898 2844 2962; x_wconf 87' lang='grc' dir='ltr'>οὔτέ</span> <span class='ocrx_word' id='word_1_248' title='bbox 2887 2920 2979 2981; x_wconf 82' lang='grc' dir='ltr'>τῳ</span> <span class='ocrx_word' id='word_1_249' title='bbox 3026 2897 3253 2981; x_wconf 80' lang='grc' dir='ltr'>ἄλλῳ»</span> 
     </span>
    </p>
   </div>
   <div class='ocr_carea' id='block_1_4' title="bbox 734 3017 933 3023">
    <p class='ocr_par' dir='ltr' id='par_1_12' title="bbox 734 3017 933 3023">
     <span class='ocr_line' id='line_1_26' title="bbox 734 3017 933 3023; baseline 0 0"><span class='ocrx_word' id='word_1_250' title='bbox 734 3017 933 3023; x_wconf 95' lang='lat' dir='ltr'> </span> 
     </span>
    </p>
   </div>
   <div class='ocr_carea' id='block_1_5' title="bbox 628 3079 3267 4156">
    <p class='ocr_par' dir='ltr' id='par_1_13' title="bbox 628 3079 3267 4156">
     <span class='ocr_line' id='line_1_27' title="bbox 660 3079 3258 3146; baseline 0.001 -16"><span class='ocrx_word' id='word_1_251' title='bbox 660 3081 768 3143; x_wconf 89' lang='grc' dir='ltr'>τὴν</span> <span class='ocrx_word' id='word_1_252' title='bbox 813 3079 1000 3132; x_wconf 82' lang='grc' dir='ltr'>ὀξεῖαν</span> <span class='ocrx_word' id='word_1_253' title='bbox 1035 3080 1257 3146; x_wconf 74' lang='grc' dir='ltr'>«αὐτὰρ</span> <span class='ocrx_word' id='word_1_254' title='bbox 1304 3079 1416 3143; x_wconf 84' lang='grc' dir='ltr'>ἐγὼ</span> <span class='ocrx_word' id='word_1_255' title='bbox 1464 3082 1554 3132; x_wconf 85' lang='grc' dir='ltr'>καὶ</span> <span class='ocrx_word' id='word_1_256' title='bbox 1601 3079 1925 3145; x_wconf 77' lang='grc' dir='ltr'>Τυδείδης».</span> <span class='ocrx_word' id='word_1_257' title='bbox 2007 3083 2078 3133; x_wconf 86' lang='grc' dir='ltr'>τὸ</span> <span class='ocrx_word' id='word_1_258' title='bbox 2125 3082 2185 3133; x_wconf 78' lang='grc' dir='ltr'>δὲ</span> <span class='ocrx_word' id='word_1_259' title='bbox 2231 3081 2546 3144; x_wconf 87' lang='grc' dir='ltr'>έγκλιτικὸν</span> <span class='ocrx_word' id='word_1_260' title='bbox 2593 3082 2732 3144; x_wconf 85' lang='grc' dir='ltr'>μετὰ</span> <span class='ocrx_word' id='word_1_261' title='bbox 2774 3087 2878 3133; x_wconf 82' lang='grc' dir='ltr'>τοῦ</span> <span class='ocrx_word' id='word_1_262' title='bbox 2927 3083 3034 3134; x_wconf 88' lang='grc' dir='ltr'>τὸν</span> <span class='ocrx_word' id='word_1_263' title='bbox 3081 3083 3258 3134; x_wconf 89' lang='grc' dir='ltr'>τόνον</span> 
     </span>
     <span class='ocr_line' id='line_1_28' title="bbox 661 3147 3258 3215; baseline 0.001 -17"><span class='ocrx_word' id='word_1_264' title='bbox 661 3147 1061 3209; x_wconf 86' lang='grc' dir='ltr'>ἀποςβεννύειν</span> <span class='ocrx_word' id='word_1_265' title='bbox 1099 3149 1189 3199; x_wconf 78' lang='grc' dir='ltr'>καὶ</span> <span class='ocrx_word' id='word_1_266' title='bbox 1225 3149 1334 3211; x_wconf 90' lang='grc' dir='ltr'>τὴν</span> <span class='ocrx_word' id='word_1_267' title='bbox 1369 3149 1481 3213; x_wconf 90' lang='grc' dir='ltr'>πρὸ</span> <span class='ocrx_word' id='word_1_268' title='bbox 1521 3148 1724 3200; x_wconf 82' lang='grc' dir='ltr'>ἑαυτοῦ</span> <span class='ocrx_word' id='word_1_269' title='bbox 1767 3151 1995 3213; x_wconf 85' lang='grc' dir='ltr'>βαρεῖαν</span> <span class='ocrx_word' id='word_1_270' title='bbox 2032 3150 2242 3214; x_wconf 84' lang='grc' dir='ltr'>ὀξύνει,</span> <span class='ocrx_word' id='word_1_271' title='bbox 2286 3148 2672 3201; x_wconf 83' lang='grc' dir='ltr'>Ἀπολλώνιός</span> <span class='ocrx_word' id='word_1_272' title='bbox 2708 3165 2826 3214; x_wconf 90' lang='grc' dir='ltr'>μοι,</span> <span class='ocrx_word' id='word_1_273' title='bbox 2866 3148 3132 3215; x_wconf 82' lang='grc' dir='ltr'>ἑτίμηςάς</span> <span class='ocrx_word' id='word_1_274' title='bbox 3173 3165 3258 3213; x_wconf 89' lang='grc' dir='ltr'>με,</span> 
     </span>
     <span class='ocr_line' id='line_1_29' title="bbox 662 3216 3259 3281; baseline 0 -15"><span class='ocrx_word' id='word_1_275' title='bbox 662 3223 719 3266; x_wconf 75' lang='lat' dir='ltr'>et.</span> <span class='ocrx_word' id='word_1_276' title='bbox 755 3217 945 3265; x_wconf 77' lang='lat' dir='ltr'>Ioann.</span> <span class='ocrx_word' id='word_1_277' title='bbox 982 3217 1215 3266; x_wconf 72' lang='lat' dir='ltr'>Char-ac.</span> <span class='ocrx_word' id='word_1_278' title='bbox 1252 3233 1339 3281; x_wconf 79' lang='lat' dir='ltr'>ap.</span> <span class='ocrx_word' id='word_1_279' title='bbox 1377 3217 1554 3266; x_wconf 85' lang='lat' dir='ltr'><strong>Bekk.</strong></span> <span class='ocrx_word' id='word_1_280' title='bbox 1595 3220 1749 3278; x_wconf 84' lang='lat'>1150,</span> <span class='ocrx_word' id='word_1_281' title='bbox 1789 3218 1884 3281; x_wconf 85' lang='lat' dir='ltr'>qui</span> <span class='ocrx_word' id='word_1_282' title='bbox 1922 3219 2037 3267; x_wconf 76' lang='lat' dir='ltr'><strong>fere</strong></span> <span class='ocrx_word' id='word_1_283' title='bbox 2074 3223 2224 3268; x_wconf 81' lang='lat' dir='ltr'><strong>totus</strong></span> <span class='ocrx_word' id='word_1_284' title='bbox 2261 3235 2328 3267; x_wconf 78' lang='lat' dir='ltr'>ex</span> <span class='ocrx_word' id='word_1_285' title='bbox 2357 3217 2673 3267; x_wconf 83' lang='lat' dir='ltr'>Herodiano</span> <span class='ocrx_word' id='word_1_286' title='bbox 2750 3219 2942 3269; x_wconf 78' lang='lat' dir='ltr'><strong>endet:</strong></span> <span class='ocrx_word' id='word_1_287' title='bbox 2983 3216 3173 3269; x_wconf 80' lang='grc' dir='ltr'>ίςτέον</span> <span class='ocrx_word' id='word_1_288' title='bbox 3199 3217 3259 3268; x_wconf 83' lang='grc' dir='ltr'>δέ</span> 
     </span>
     <span class='ocr_line' id='line_1_30' title="bbox 628 3282 3260 3350; baseline 0.001 -17"><span class='ocrx_word' id='word_1_289' title='bbox 628 3344 641 3349; x_wconf 22' lang='grc' dir='ltr'><em>Ο</em></span> <span class='ocrx_word' id='word_1_290' title='bbox 662 3282 750 3333; x_wconf 83' lang='grc' dir='ltr'>ὅτι</span> <span class='ocrx_word' id='word_1_291' title='bbox 785 3282 1036 3346; x_wconf 87' lang='grc' dir='ltr'>διαφέρει</span> <span class='ocrx_word' id='word_1_292' title='bbox 1074 3282 1389 3344; x_wconf 82' lang='grc' dir='ltr'>ἐγκλιτικὸν</span> <span class='ocrx_word' id='word_1_293' title='bbox 1414 3283 1841 3346; x_wconf 83' lang='grc' dir='ltr'>ἐγκλινομένου,</span> <span class='ocrx_word' id='word_1_294' title='bbox 1881 3283 1985 3347; x_wconf 81' lang='grc' dir='ltr'>οὐχ</span> <span class='ocrx_word' id='word_1_295' title='bbox 2014 3283 2092 3335; x_wconf 82' lang='grc' dir='ltr'>ὡς</span> <span class='ocrx_word' id='word_1_296' title='bbox 2119 3282 2267 3346; x_wconf 88' lang='grc' dir='ltr'>λέγει</span> <span class='ocrx_word' id='word_1_297' title='bbox 2299 3284 2330 3335; x_wconf 92' lang='grc' dir='ltr'>ό</span> <span class='ocrx_word' id='word_1_298' title='bbox 2357 3284 2676 3336; x_wconf 88' lang='grc' dir='ltr'>Φιλόπονος</span> <span class='ocrx_word' id='word_1_299' title='bbox 2743 3300 2842 3335; x_wconf 90' lang='grc' dir='ltr'>ντ</span> <span class='ocrx_word' id='word_1_300' title='bbox 2846 3283 3260 3350; x_wconf 81' lang='grc' dir='ltr'>ῇάντωνυμίᾳ,</span> 
     </span>
     <span class='ocr_line' id='line_1_31' title="bbox 664 3348 3264 3417; baseline 0.001 -18"><span class='ocrx_word' id='word_1_301' title='bbox 664 3348 732 3400; x_wconf 88' lang='grc' dir='ltr'>ὃν</span> <span class='ocrx_word' id='word_1_302' title='bbox 769 3348 1072 3412; x_wconf 80' lang='grc' dir='ltr'>ἐλέγχομεν</span> <span class='ocrx_word' id='word_1_303' title='bbox 1108 3351 1248 3413; x_wconf 80' lang='grc' dir='ltr'>ἐκεῖ,</span> <span class='ocrx_word' id='word_1_304' title='bbox 1287 3349 1430 3402; x_wconf 83' lang='grc' dir='ltr'>ἀλλὰ</span> <span class='ocrx_word' id='word_1_305' title='bbox 1467 3355 1551 3415; x_wconf 83' lang='grc' dir='ltr'>τῷ</span> <span class='ocrx_word' id='word_1_306' title='bbox 1588 3349 1834 3402; x_wconf 88' lang='grc' dir='ltr'>καθόλου</span> <span class='ocrx_word' id='word_1_307' title='bbox 1870 3352 1960 3402; x_wconf 84' lang='grc' dir='ltr'>καὶ</span> <span class='ocrx_word' id='word_1_308' title='bbox 1996 3356 2082 3417; x_wconf 82' lang='grc' dir='ltr'>τῷ</span> <span class='ocrx_word' id='word_1_309' title='bbox 2121 3355 2353 3416; x_wconf 79' lang='grc' dir='ltr'>μερικῷ·</span> <span class='ocrx_word' id='word_1_310' title='bbox 2391 3354 2505 3402; x_wconf 80' lang='grc' dir='ltr'>πᾶν</span> <span class='ocrx_word' id='word_1_311' title='bbox 2535 3350 2634 3414; x_wconf 81' lang='grc' dir='ltr'>μὲν</span> <span class='ocrx_word' id='word_1_312' title='bbox 2669 3352 2776 3416; x_wconf 85' lang='grc' dir='ltr'>γὰρ</span> <span class='ocrx_word' id='word_1_313' title='bbox 2812 3352 3134 3414; x_wconf 83' lang='grc' dir='ltr'>ἐγκλιτικὸν</span> <span class='ocrx_word' id='word_1_314' title='bbox 3171 3352 3264 3402; x_wconf 84' lang='grc' dir='ltr'>καὶ</span> 
     </span>
     <span class='ocr_line' id='line_1_32' title="bbox 669 3367 3264 3482; baseline 0.001 -14"><span class='ocrx_word' id='word_1_315' title='bbox 669 3415 1073 3479; x_wconf 82' lang='grc' dir='ltr'>ἑγκλινόμενόν</span> <span class='ocrx_word' id='word_1_316' title='bbox 1098 3417 1377 3482; x_wconf 85' lang='grc' dir='ltr'>ἐςτιν,οὐ</span> <span class='ocrx_word' id='word_1_317' title='bbox 1404 3421 1519 3468; x_wconf 79' lang='grc' dir='ltr'>πᾶν</span> <span class='ocrx_word' id='word_1_318' title='bbox 1504 3367 1604 3469; x_wconf 78' lang='grc' dir='ltr'>ψδὲ</span> <span class='ocrx_word' id='word_1_319' title='bbox 1628 3417 2028 3480; x_wconf 83' lang='grc' dir='ltr'>ἑγκλινόμενον</span> <span class='ocrx_word' id='word_1_320' title='bbox 2052 3419 2144 3469; x_wconf 84' lang='grc' dir='ltr'>καὶ</span> <span class='ocrx_word' id='word_1_321' title='bbox 2169 3417 2481 3480; x_wconf 84' lang='grc' dir='ltr'>ἑγκλιτικόν</span> <span class='ocrx_word' id='word_1_322' title='bbox 2507 3418 2667 3469; x_wconf 81' lang='grc' dir='ltr'>ἐςτιν.</span> <span class='ocrx_word' id='word_1_323' title='bbox 2713 3419 2770 3470; x_wconf 82' lang='grc' dir='ltr'>αἱ</span> <span class='ocrx_word' id='word_1_324' title='bbox 2803 3420 2904 3482; x_wconf 81' lang='grc' dir='ltr'>μὲν</span> <span class='ocrx_word' id='word_1_325' title='bbox 2938 3418 3045 3482; x_wconf 87' lang='grc' dir='ltr'>γὰρ</span> <span class='ocrx_word' id='word_1_326' title='bbox 3080 3419 3264 3470; x_wconf 79' lang='grc' dir='ltr'>λέξεις</span> 
     </span>
     <span class='ocr_line' id='line_1_33' title="bbox 666 3482 3264 3551; baseline 0 -17"><span class='ocrx_word' id='word_1_327' title='bbox 666 3482 727 3534; x_wconf 84' lang='grc' dir='ltr'>αί</span> <span class='ocrx_word' id='word_1_328' title='bbox 763 3483 1022 3536; x_wconf 78' lang='grc' dir='ltr'>ὸέύτονοι</span> <span class='ocrx_word' id='word_1_329' title='bbox 1056 3483 1116 3535; x_wconf 83' lang='grc' dir='ltr'>έν</span> <span class='ocrx_word' id='word_1_330' title='bbox 1149 3489 1220 3550; x_wconf 78' lang='grc' dir='ltr'>τῇ</span> <span class='ocrx_word' id='word_1_331' title='bbox 1259 3485 1509 3551; x_wconf 71' lang='grc' dir='ltr'>ςυνεχείᾳ</span> <span class='ocrx_word' id='word_1_332' title='bbox 1543 3484 1878 3547; x_wconf 84' lang='grc' dir='ltr'>κοιμίζουςαι</span> <span class='ocrx_word' id='word_1_333' title='bbox 1910 3485 2047 3537; x_wconf 88' lang='grc' dir='ltr'>τοὺς</span> <span class='ocrx_word' id='word_1_334' title='bbox 2081 3485 2285 3537; x_wconf 88' lang='grc' dir='ltr'>τόνους</span> <span class='ocrx_word' id='word_1_335' title='bbox 2322 3485 2710 3548; x_wconf 85' lang='grc' dir='ltr'>ἐγκλινόμεναι</span> <span class='ocrx_word' id='word_1_336' title='bbox 2746 3488 3077 3548; x_wconf 80' lang='grc' dir='ltr'>καλοῦνται,</span> <span class='ocrx_word' id='word_1_337' title='bbox 3135 3484 3264 3537; x_wconf 87' lang='grc' dir='ltr'>οἶον</span> 
     </span>
     <span class='ocr_line' id='line_1_34' title="bbox 666 3524 3266 3619; baseline 0.001 -18"><span class='ocrx_word' id='word_1_338' title='bbox 666 3549 761 3601; x_wconf 75' lang='grc' dir='ltr'>«εί</span> <span class='ocrx_word' id='word_1_339' title='bbox 800 3551 873 3614; x_wconf 88' lang='grc' dir='ltr'>μὴ</span> <span class='ocrx_word' id='word_1_340' title='bbox 914 3553 1153 3616; x_wconf 79' lang='grc' dir='ltr'>μητρυιὴ</span> <span class='ocrx_word' id='word_1_341' title='bbox 1191 3553 1532 3616; x_wconf 83' lang='grc' dir='ltr'>περικαλλὴς</span> <span class='ocrx_word' id='word_1_342' title='bbox 1560 3552 1890 3617; x_wconf 75' lang='grc' dir='ltr'>Ἠερίβοια».</span> <span class='ocrx_word' id='word_1_343' title='bbox 1927 3551 2048 3604; x_wconf 83' lang='grc' dir='ltr'>ἰδοὺ</span> <span class='ocrx_word' id='word_1_344' title='bbox 2085 3553 2250 3603; x_wconf 80' lang='grc' dir='ltr'>αὗται</span> <span class='ocrx_word' id='word_1_345' title='bbox 2286 3552 2620 3616; x_wconf 85' lang='grc' dir='ltr'>κοιμίζουςαι</span> <span class='ocrx_word' id='word_1_346' title='bbox 2657 3553 2719 3604; x_wconf 75' lang='grc' dir='ltr'>ἐν</span> <span class='ocrx_word' id='word_1_347' title='bbox 2753 3557 2824 3619; x_wconf 83' lang='grc' dir='ltr'>τῇ</span> <span class='ocrx_word' id='word_1_348' title='bbox 2862 3524 3120 3618; x_wconf 82' lang='grc' dir='ltr'>ςυνεχείᾳ</span> <span class='ocrx_word' id='word_1_349' title='bbox 3158 3554 3266 3604; x_wconf 78' lang='grc' dir='ltr'>τὸν</span> 
     </span>
     <span class='ocr_line' id='line_1_35' title="bbox 666 3604 3265 3683; baseline 0.001 -15"><span class='ocrx_word' id='word_1_350' title='bbox 666 3617 840 3668; x_wconf 89' lang='grc' dir='ltr'>τόνον</span> <span class='ocrx_word' id='word_1_351' title='bbox 872 3618 1258 3681; x_wconf 76' lang='grc' dir='ltr'>ἐγκλινόμεναι</span> <span class='ocrx_word' id='word_1_352' title='bbox 1284 3621 1586 3671; x_wconf 84' lang='grc' dir='ltr'>καλοῦνται</span> <span class='ocrx_word' id='word_1_353' title='bbox 1612 3621 1703 3671; x_wconf 80' lang='grc' dir='ltr'>καὶ</span> <span class='ocrx_word' id='word_1_354' title='bbox 1736 3620 1860 3683; x_wconf 74' lang='grc' dir='ltr'>οὐχὶ</span> <span class='ocrx_word' id='word_1_355' title='bbox 1894 3619 2215 3682; x_wconf 80' lang='grc' dir='ltr'>ἑγκλιτικαί·</span> <span class='ocrx_word' id='word_1_356' title='bbox 2254 3620 2396 3671; x_wconf 83' lang='grc' dir='ltr'>ἀλλὰ</span> <span class='ocrx_word' id='word_1_357' title='bbox 2434 3622 2547 3671; x_wconf 83' lang='grc' dir='ltr'>πᾶν</span> <span class='ocrx_word' id='word_1_358' title='bbox 2584 3604 2900 3681; x_wconf 82' lang='grc' dir='ltr'>ἑγκλιτικὸν</span> <span class='ocrx_word' id='word_1_359' title='bbox 2936 3619 3265 3682; x_wconf 82' lang='grc' dir='ltr'>έγκλινόμε-</span> 
     </span>
     <span class='ocr_line' id='line_1_36' title="bbox 666 3686 3267 3753; baseline 0.002 -19"><span class='ocrx_word' id='word_1_360' title='bbox 666 3687 1085 3737; x_wconf 81' lang='grc' dir='ltr'>νον.1.7-8</span> <span class='ocrx_word' id='word_1_361' title='bbox 1122 3686 2019 3751; x_wconf 76' lang='grc' dir='ltr'>ΒεΙ111.Αιιεοᾱ.1.ο.ἢδίχρονον</span> <span class='ocrx_word' id='word_1_362' title='bbox 2058 3688 2093 3751; x_wconf 82' lang='grc' dir='ltr'>ἢ</span> <span class='ocrx_word' id='word_1_363' title='bbox 2130 3690 2339 3738; x_wconf 82' lang='lat' dir='ltr'>inserui</span> <span class='ocrx_word' id='word_1_364' title='bbox 2375 3705 2443 3738; x_wconf 77' lang='lat' dir='ltr'>ex</span> <span class='ocrx_word' id='word_1_365' title='bbox 2481 3687 2641 3739; x_wconf 81' lang='lat' dir='ltr'><strong>Char</strong></span> <span class='ocrx_word' id='word_1_366' title='bbox 2682 3705 2738 3753; x_wconf 86' lang='lat' dir='ltr'>p.</span> <span class='ocrx_word' id='word_1_367' title='bbox 2777 3692 2922 3739; x_wconf 85' lang='lat'>1150.</span> <span class='ocrx_word' id='word_1_368' title='bbox 3029 3688 3267 3739; x_wconf 83' lang='grc' dir='ltr'>1.9-ιο</span> 
     </span>
     <span class='ocr_line' id='line_1_37' title="bbox 666 3752 3266 3820; baseline 0.002 -19"><span class='ocrx_word' id='word_1_369' title='bbox 666 3752 864 3801; x_wconf 82' lang='lat' dir='ltr'><strong>Aread.</strong></span> <span class='ocrx_word' id='word_1_370' title='bbox 904 3757 1026 3814; x_wconf 84' lang='lat'>141,</span> <span class='ocrx_word' id='word_1_371' title='bbox 1063 3756 1123 3802; x_wconf 81' lang='lat'>21</span> <span class='ocrx_word' id='word_1_372' title='bbox 1166 3755 1238 3802; x_wconf 82' lang='lat' dir='ltr'>cf.</span> <span class='ocrx_word' id='word_1_373' title='bbox 1276 3757 1395 3816; x_wconf 85' lang='grc'>141,</span> <span class='ocrx_word' id='word_1_374' title='bbox 1440 3755 1525 3804; x_wconf 78' lang='lat'>13:</span> <span class='ocrx_word' id='word_1_375' title='bbox 1562 3753 1695 3805; x_wconf 80' lang='grc' dir='ltr'>οὐδὲ</span> <span class='ocrx_word' id='word_1_376' title='bbox 1730 3753 1802 3806; x_wconf 82' lang='grc' dir='ltr'>τὰ</span> <span class='ocrx_word' id='word_1_377' title='bbox 1840 3754 2195 3818; x_wconf 87' lang='grc' dir='ltr'>βαρυνόμενα</span> <span class='ocrx_word' id='word_1_378' title='bbox 2239 3754 2387 3806; x_wconf 82' lang='grc' dir='ltr'>αὐτὰ</span> <span class='ocrx_word' id='word_1_379' title='bbox 2424 3754 2562 3806; x_wconf 87' lang='grc' dir='ltr'>καθ</span> <span class='ocrx_word' id='word_1_380' title='bbox 2595 3755 2743 3806; x_wconf 79' lang='grc' dir='ltr'>αὐτὰ</span> <span class='ocrx_word' id='word_1_381' title='bbox 2790 3754 2850 3805; x_wconf 82' lang='grc' dir='ltr'>ἐν</span> <span class='ocrx_word' id='word_1_382' title='bbox 2893 3758 2965 3820; x_wconf 79' lang='grc' dir='ltr'>τῇ</span> <span class='ocrx_word' id='word_1_383' title='bbox 3003 3754 3266 3806; x_wconf 83' lang='grc' dir='ltr'>ςυντάξει</span> 
     </span>
     <span class='ocr_line' id='line_1_38' title="bbox 667 3818 3267 3885; baseline 0.001 -15"><span class='ocrx_word' id='word_1_384' title='bbox 667 3818 933 3870; x_wconf 89' lang='grc' dir='ltr'>δύνανται</span> <span class='ocrx_word' id='word_1_385' title='bbox 969 3818 1335 3881; x_wconf 82' lang='grc' dir='ltr'>ἑγκλίνεςθαι·</span> <span class='ocrx_word' id='word_1_386' title='bbox 1372 3821 1443 3871; x_wconf 88' lang='grc' dir='ltr'>τὰ</span> <span class='ocrx_word' id='word_1_387' title='bbox 1478 3820 1584 3885; x_wconf 88' lang='grc' dir='ltr'>γὰρ</span> <span class='ocrx_word' id='word_1_388' title='bbox 1620 3821 1987 3884; x_wconf 87' lang='grc' dir='ltr'>ἐγκλινόμενα</span> <span class='ocrx_word' id='word_1_389' title='bbox 2023 3822 2170 3873; x_wconf 84' lang='grc' dir='ltr'>αὐτὰ</span> <span class='ocrx_word' id='word_1_390' title='bbox 2206 3822 2342 3874; x_wconf 79' lang='grc' dir='ltr'>καθ’</span> <span class='ocrx_word' id='word_1_391' title='bbox 2367 3821 2539 3873; x_wconf 81' lang='grc' dir='ltr'>ἑαυτὰ</span> <span class='ocrx_word' id='word_1_392' title='bbox 2575 3821 2829 3874; x_wconf 86' lang='grc' dir='ltr'>θέλουςιν</span> <span class='ocrx_word' id='word_1_393' title='bbox 2855 3821 3002 3885; x_wconf 84' lang='grc' dir='ltr'>ἔχειν</span> <span class='ocrx_word' id='word_1_394' title='bbox 3039 3821 3139 3874; x_wconf 79' lang='grc' dir='ltr'>ἐπὶ</span> <span class='ocrx_word' id='word_1_395' title='bbox 3176 3821 3267 3873; x_wconf 88' lang='grc' dir='ltr'>τέ-</span> 
     </span>
     <span class='ocr_line' id='line_1_39' title="bbox 667 3885 3266 3954; baseline 0 -17"><span class='ocrx_word' id='word_1_396' title='bbox 667 3887 801 3938; x_wconf 91' lang='grc' dir='ltr'>λους</span> <span class='ocrx_word' id='word_1_397' title='bbox 835 3886 941 3937; x_wconf 89' lang='grc' dir='ltr'>τὸν</span> <span class='ocrx_word' id='word_1_398' title='bbox 974 3885 1167 3937; x_wconf 89' lang='grc' dir='ltr'>τόνον.</span> <span class='ocrx_word' id='word_1_399' title='bbox 1201 3915 1268 3923; x_wconf 91' lang='lat'>—-</span> <span class='ocrx_word' id='word_1_400' title='bbox 1302 3889 1372 3938; x_wconf 85' lang='lat' dir='ltr'>cf.</span> <span class='ocrx_word' id='word_1_401' title='bbox 1410 3889 1643 3938; x_wconf 70' lang='lat' dir='ltr'><strong>Chat-ae.</strong></span> <span class='ocrx_word' id='word_1_402' title='bbox 1683 3907 1732 3954; x_wconf 91' lang='lat' dir='ltr'>p.</span> <span class='ocrx_word' id='word_1_403' title='bbox 1762 3893 1918 3940; x_wconf 79' lang='lat'>1152:</span> <span class='ocrx_word' id='word_1_404' title='bbox 1958 3890 2266 3953; x_wconf 89' lang='grc' dir='ltr'>βαρύτονος</span> <span class='ocrx_word' id='word_1_405' title='bbox 2303 3889 2464 3953; x_wconf 91' lang='grc' dir='ltr'>φύςει</span> <span class='ocrx_word' id='word_1_406' title='bbox 2501 3889 2606 3941; x_wconf 80' lang='grc' dir='ltr'>οὐκ</span> <span class='ocrx_word' id='word_1_407' title='bbox 2643 3888 2979 3952; x_wconf 85' lang='grc' dir='ltr'>ἑγκλίνεται·</span> <span class='ocrx_word' id='word_1_408' title='bbox 3018 3887 3266 3951; x_wconf 80' lang='grc' dir='ltr'>εἴπομεν</span> 
     </span>
     <span class='ocr_line' id='line_1_40' title="bbox 668 3952 3265 4026; baseline 0 -21"><span class='ocrx_word' id='word_1_409' title='bbox 668 3952 731 4005; x_wconf 79' lang='grc' dir='ltr'>δὲ</span> <span class='ocrx_word' id='word_1_410' title='bbox 766 3953 927 4017; x_wconf 87' lang='grc' dir='ltr'>φύςει</span> <span class='ocrx_word' id='word_1_411' title='bbox 964 3954 1299 4026; x_wconf 87' lang='grc' dir='ltr'>βαρύτονος,</span> <span class='ocrx_word' id='word_1_412' title='bbox 1339 3953 1418 4007; x_wconf 79' lang='grc' dir='ltr'>ὡς</span> <span class='ocrx_word' id='word_1_413' title='bbox 1453 3954 1540 4006; x_wconf 85' lang='grc' dir='ltr'>ὅτι</span> <span class='ocrx_word' id='word_1_414' title='bbox 1577 3953 1676 4007; x_wconf 80' lang='grc' dir='ltr'>εἰςί</span> <span class='ocrx_word' id='word_1_415' title='bbox 1711 3965 1861 4007; x_wconf 84' lang='grc' dir='ltr'>τινες</span> <span class='ocrx_word' id='word_1_416' title='bbox 1899 3957 2042 4008; x_wconf 84' lang='grc' dir='ltr'>κατὰ</span> <span class='ocrx_word' id='word_1_417' title='bbox 2087 3956 2264 4009; x_wconf 88' lang='grc' dir='ltr'>πάθος</span> <span class='ocrx_word' id='word_1_418' title='bbox 2303 3957 2675 4021; x_wconf 87' lang='grc' dir='ltr'>βαρυνόμεναι</span> <span class='ocrx_word' id='word_1_419' title='bbox 2721 3958 2811 4009; x_wconf 76' lang='grc' dir='ltr'>καὶ</span> <span class='ocrx_word' id='word_1_420' title='bbox 2847 3956 3265 4018; x_wconf 78' lang='grc' dir='ltr'>ἑγκλινόμεναι,</span> 
     </span>
     <span class='ocr_line' id='line_1_41' title="bbox 670 4015 3266 4089; baseline 0.001 -17"><span class='ocrx_word' id='word_1_421' title='bbox 670 4020 749 4072; x_wconf 81' lang='grc' dir='ltr'>ὡς</span> <span class='ocrx_word' id='word_1_422' title='bbox 782 4021 853 4071; x_wconf 89' lang='grc' dir='ltr'>τὸ</span> <span class='ocrx_word' id='word_1_423' title='bbox 888 4020 1085 4086; x_wconf 84' lang='grc' dir='ltr'>ἡμέων</span> <span class='ocrx_word' id='word_1_424' title='bbox 1121 4015 1265 4073; x_wconf 80' lang='grc' dir='ltr'>κατὰ</span> <span class='ocrx_word' id='word_1_425' title='bbox 1300 4020 1581 4086; x_wconf 90' lang='grc' dir='ltr'>διαίρεςιν·</span> <span class='ocrx_word' id='word_1_426' title='bbox 1620 4024 1710 4074; x_wconf 78' lang='grc' dir='ltr'>καὶ</span> <span class='ocrx_word' id='word_1_427' title='bbox 1745 4023 1852 4087; x_wconf 89' lang='grc' dir='ltr'>γὰρ</span> <span class='ocrx_word' id='word_1_428' title='bbox 1890 4022 2166 4089; x_wconf 82' lang='grc' dir='ltr'>ἐβαρύνθη</span> <span class='ocrx_word' id='word_1_429' title='bbox 2204 4024 2272 4075; x_wconf 82' lang='grc' dir='ltr'>ού</span> <span class='ocrx_word' id='word_1_430' title='bbox 2308 4024 2494 4088; x_wconf 87' lang='grc' dir='ltr'>φύςει·</span> <span class='ocrx_word' id='word_1_431' title='bbox 2543 4025 2632 4075; x_wconf 84' lang='grc' dir='ltr'>καὶ</span> <span class='ocrx_word' id='word_1_432' title='bbox 2669 4024 2737 4076; x_wconf 86' lang='grc' dir='ltr'>τὸ</span> <span class='ocrx_word' id='word_1_433' title='bbox 2774 4023 2867 4075; x_wconf 88' lang='grc' dir='ltr'>ςέο</span> <span class='ocrx_word' id='word_1_434' title='bbox 2904 4023 2964 4075; x_wconf 82' lang='grc' dir='ltr'>δὲ</span> <span class='ocrx_word' id='word_1_435' title='bbox 3001 4023 3160 4088; x_wconf 84' lang='grc' dir='ltr'>παρὰ</span> <span class='ocrx_word' id='word_1_436' title='bbox 3195 4024 3266 4074; x_wconf 87' lang='grc' dir='ltr'>τὸ</span> 
     </span>
     <span class='ocr_line' id='line_1_42' title="bbox 671 4087 3267 4156; baseline 0.001 -18"><span class='ocrx_word' id='word_1_437' title='bbox 671 4089 768 4139; x_wconf 76' lang='lat' dir='ltr'>coo</span> <span class='ocrx_word' id='word_1_438' title='bbox 808 4087 1067 4153; x_wconf 86' lang='grc' dir='ltr'>ἐνεκλίθη</span> <span class='ocrx_word' id='word_1_439' title='bbox 1095 4089 1173 4141; x_wconf 82' lang='grc' dir='ltr'>ὡς</span> <span class='ocrx_word' id='word_1_440' title='bbox 1199 4089 1293 4141; x_wconf 77' lang='grc' dir='ltr'>ἐπὶ</span> <span class='ocrx_word' id='word_1_441' title='bbox 1317 4089 1563 4154; x_wconf 73' lang='grc' dir='ltr'>Πάριδος</span> <span class='ocrx_word' id='word_1_442' title='bbox 1599 4091 1721 4142; x_wconf 75' lang='grc' dir='ltr'>«ὥς</span> <span class='ocrx_word' id='word_1_443' title='bbox 1757 4105 1851 4142; x_wconf 90' lang='grc' dir='ltr'>ςεο</span> <span class='ocrx_word' id='word_1_444' title='bbox 1878 4094 1985 4142; x_wconf 82' lang='grc' dir='ltr'>νῦν</span> <span class='ocrx_word' id='word_1_445' title='bbox 2008 4091 2288 4155; x_wconf 77' lang='grc' dir='ltr'>ἔραμαι».</span> <span class='ocrx_word' id='word_1_446' title='bbox 2318 4091 2412 4143; x_wconf 81' lang='grc' dir='ltr'>ἐπὶ</span> <span class='ocrx_word' id='word_1_447' title='bbox 2436 4091 2542 4156; x_wconf 87' lang='grc' dir='ltr'>γὰρ</span> <span class='ocrx_word' id='word_1_448' title='bbox 2565 4094 2669 4143; x_wconf 79' lang='grc' dir='ltr'>τοῦ</span> <span class='ocrx_word' id='word_1_449' title='bbox 2696 4091 2833 4143; x_wconf 89' lang='grc' dir='ltr'>Διὸς</span> <span class='ocrx_word' id='word_1_450' title='bbox 2858 4090 3267 4155; x_wconf 77' lang='grc' dir='ltr'>ὸρθοτονεῖται.</span> 
     </span>
    </p>
   </div>
   <div class='ocr_carea' id='block_1_6' title="bbox 673 4154 3387 4223">
    <p class='ocr_par' dir='ltr' id='par_1_14' title="bbox 673 4154 3387 4223">
     <span class='ocr_line' id='line_1_43' title="bbox 673 4154 3387 4223; baseline 0.001 -17"><span class='ocrx_word' id='word_1_451' title='bbox 673 4154 1099 4219; x_wconf 83' lang='grc' dir='ltr'>ἀντιδιαςτολὴν</span> <span class='ocrx_word' id='word_1_452' title='bbox 1134 4156 1240 4222; x_wconf 88' lang='grc' dir='ltr'>γὰρ</span> <span class='ocrx_word' id='word_1_453' title='bbox 1275 4157 1389 4220; x_wconf 80' lang='grc' dir='ltr'>ἔχει</span> <span class='ocrx_word' id='word_1_454' title='bbox 1425 4158 1567 4221; x_wconf 88' lang='grc' dir='ltr'>πρὸς</span> <span class='ocrx_word' id='word_1_455' title='bbox 1601 4157 1775 4209; x_wconf 82' lang='grc' dir='ltr'>ἄλλας</span> <span class='ocrx_word' id='word_1_456' title='bbox 1811 4157 2062 4223; x_wconf 80' lang='grc' dir='ltr'>γενικὰς,</span> <span class='ocrx_word' id='word_1_457' title='bbox 2100 4157 2193 4210; x_wconf 79' lang='grc' dir='ltr'>ἐπὶ</span> <span class='ocrx_word' id='word_1_458' title='bbox 2229 4157 2290 4210; x_wconf 80' lang='grc' dir='ltr'>δὲ</span> <span class='ocrx_word' id='word_1_459' title='bbox 2325 4161 2448 4210; x_wconf 84' lang='grc' dir='ltr'>τοῦ·</span> <span class='ocrx_word' id='word_1_460' title='bbox 2457 4158 2701 4223; x_wconf 87' lang='grc' dir='ltr'>Πάριδος</span> <span class='ocrx_word' id='word_1_461' title='bbox 2726 4158 2831 4209; x_wconf 84' lang='grc' dir='ltr'>οὐκ</span> <span class='ocrx_word' id='word_1_462' title='bbox 2857 4158 2970 4208; x_wconf 87' lang='grc' dir='ltr'>έςτι</span> <span class='ocrx_word' id='word_1_463' title='bbox 2995 4158 3265 4219; x_wconf 84' lang='grc' dir='ltr'>διαςτολὴ</span> <span class='ocrx_word' id='word_1_464' title='bbox 3376 4191 3387 4198; x_wconf 86' lang='lat'>-</span> 
     </span>
    </p>
   </div>
   <div class='ocr_carea' id='block_1_7' title="bbox 668 4222 3272 4762">
    <p class='ocr_par' dir='ltr' id='par_1_15' title="bbox 668 4222 3268 4762">
     <span class='ocr_line' id='line_1_44' title="bbox 670 4222 3262 4307; baseline 0 -34"><span class='ocrx_word' id='word_1_465' title='bbox 670 4223 814 4287; x_wconf 89' lang='grc' dir='ltr'>πρὸς</span> <span class='ocrx_word' id='word_1_466' title='bbox 850 4222 957 4275; x_wconf 82' lang='grc' dir='ltr'>ἄλλ</span> <span class='ocrx_word' id='word_1_467' title='bbox 999 4240 1048 4274; x_wconf 91' lang='grc' dir='ltr'>ν.</span> <span class='ocrx_word' id='word_1_468' title='bbox 1121 4223 1207 4277; x_wconf 83' lang='grc' dir='ltr'>Ἐν</span> <span class='ocrx_word' id='word_1_469' title='bbox 1244 4229 1363 4276; x_wconf 84' lang='grc' dir='ltr'>τοῖς</span> <span class='ocrx_word' id='word_1_470' title='bbox 1398 4225 1608 4276; x_wconf 84' lang='grc' dir='ltr'>δυ’ίκοῖς</span> <span class='ocrx_word' id='word_1_471' title='bbox 1651 4228 1755 4275; x_wconf 79' lang='grc' dir='ltr'>τοῦ</span> <span class='ocrx_word' id='word_1_472' title='bbox 1803 4225 2037 4289; x_wconf 87' lang='grc' dir='ltr'>πρώτου</span> <span class='ocrx_word' id='word_1_473' title='bbox 2084 4227 2173 4277; x_wconf 82' lang='grc' dir='ltr'>καὶ</span> <span class='ocrx_word' id='word_1_474' title='bbox 2217 4225 2487 4307; x_wconf 81' lang='grc' dir='ltr'>δευτέρου</span> <span class='ocrx_word' id='word_1_475' title='bbox 2533 4224 2840 4290; x_wconf 88' lang='grc' dir='ltr'>προςώπου</span> <span class='ocrx_word' id='word_1_476' title='bbox 2886 4224 2974 4278; x_wconf 85' lang='grc' dir='ltr'>ἀεὶ</span> <span class='ocrx_word' id='word_1_477' title='bbox 3021 4224 3262 4289; x_wconf 81' lang='grc' dir='ltr'>ὀρθοτο-</span> 
     </span>
     <span class='ocr_line' id='line_1_45' title="bbox 669 4240 3260 4357; baseline 0.001 -16"><span class='ocrx_word' id='word_1_478' title='bbox 669 4293 928 4355; x_wconf 85' lang='grc' dir='ltr'>νοῡνται,</span> <span class='ocrx_word' id='word_1_479' title='bbox 962 4240 1053 4342; x_wconf 54' lang='grc' dir='ltr'>,ότι</span> <span class='ocrx_word' id='word_1_480' title='bbox 1088 4290 1240 4355; x_wconf 75' lang='grc' dir='ltr'>ἀείβ</span> <span class='ocrx_word' id='word_1_481' title='bbox 1211 4292 1574 4356; x_wconf 87' lang='grc' dir='ltr'>βαρύνονται,</span> <span class='ocrx_word' id='word_1_482' title='bbox 1613 4292 1715 4343; x_wconf 86' lang='grc' dir='ltr'>κᾶν</span> <span class='ocrx_word' id='word_1_483' title='bbox 1752 4295 2081 4356; x_wconf 86' lang='grc' dir='ltr'>περιςπῶςι,</span> <span class='ocrx_word' id='word_1_484' title='bbox 2120 4295 2262 4345; x_wconf 80' lang='grc' dir='ltr'>νῶϊν</span> <span class='ocrx_word' id='word_1_485' title='bbox 2298 4295 2496 4356; x_wconf 81' lang='grc' dir='ltr'>ςφῶϊν.</span> <span class='ocrx_word' id='word_1_486' title='bbox 2569 4293 2756 4357; x_wconf 84' lang='grc' dir='ltr'>ὥςπερ</span> <span class='ocrx_word' id='word_1_487' title='bbox 2799 4290 3147 4345; x_wconf 82' lang='grc' dir='ltr'>τούναντίον</span> <span class='ocrx_word' id='word_1_488' title='bbox 3186 4291 3260 4343; x_wconf 83' lang='grc' dir='ltr'>εῖ-</span> 
     </span>
     <span class='ocr_line' id='line_1_46' title="bbox 670 4357 3266 4440; baseline 0 -32"><span class='ocrx_word' id='word_1_489' title='bbox 670 4372 855 4420; x_wconf 90' lang='grc' dir='ltr'>πομεν</span> <span class='ocrx_word' id='word_1_490' title='bbox 891 4357 985 4410; x_wconf 79' lang='grc' dir='ltr'>ἐπὶ</span> <span class='ocrx_word' id='word_1_491' title='bbox 1018 4361 1122 4410; x_wconf 82' lang='grc' dir='ltr'>τοῦ</span> <span class='ocrx_word' id='word_1_492' title='bbox 1160 4358 1381 4422; x_wconf 81' lang='grc' dir='ltr'>ἡμέων,</span> <span class='ocrx_word' id='word_1_493' title='bbox 1422 4359 1511 4410; x_wconf 85' lang='grc' dir='ltr'>ὅτι</span> <span class='ocrx_word' id='word_1_494' title='bbox 1555 4358 1894 4421; x_wconf 82' lang='grc' dir='ltr'>ἑγκλίνεται·</span> <span class='ocrx_word' id='word_1_495' title='bbox 1941 4360 2009 4413; x_wconf 84' lang='grc' dir='ltr'>οὐ</span> <span class='ocrx_word' id='word_1_496' title='bbox 2054 4360 2166 4440; x_wconf 83' lang='grc' dir='ltr'>γὰρ</span> <span class='ocrx_word' id='word_1_497' title='bbox 2207 4360 2368 4424; x_wconf 91' lang='grc' dir='ltr'>φύςει</span> <span class='ocrx_word' id='word_1_498' title='bbox 2415 4358 2727 4424; x_wconf 89' lang='grc' dir='ltr'>βαρύνεται.</span> <span class='ocrx_word' id='word_1_499' title='bbox 2806 4357 3166 4421; x_wconf 83' lang='grc' dir='ltr'>ἑγκλίνονται</span> <span class='ocrx_word' id='word_1_500' title='bbox 3204 4358 3266 4410; x_wconf 86' lang='grc' dir='ltr'>δὲ</span> 
     </span>
     <span class='ocr_line' id='line_1_47' title="bbox 669 4422 3266 4491; baseline -0 -16"><span class='ocrx_word' id='word_1_501' title='bbox 669 4423 756 4476; x_wconf 75' lang='grc' dir='ltr'>ἀεὶ</span> <span class='ocrx_word' id='word_1_502' title='bbox 800 4422 859 4476; x_wconf 80' lang='grc' dir='ltr'>αἱ</span> <span class='ocrx_word' id='word_1_503' title='bbox 901 4427 1005 4476; x_wconf 78' lang='grc' dir='ltr'>τοῦ</span> <span class='ocrx_word' id='word_1_504' title='bbox 1050 4424 1244 4489; x_wconf 87' lang='grc' dir='ltr'>τρίτου</span> <span class='ocrx_word' id='word_1_505' title='bbox 1289 4424 1496 4490; x_wconf 86' lang='grc' dir='ltr'>δυῑκαί,</span> <span class='ocrx_word' id='word_1_506' title='bbox 1534 4425 1714 4479; x_wconf 73' lang='grc' dir='ltr'>«ἀλλ’</span> <span class='ocrx_word' id='word_1_507' title='bbox 1761 4425 1884 4479; x_wconf 82' lang='grc' dir='ltr'>εἴπ’</span> <span class='ocrx_word' id='word_1_508' title='bbox 1928 4425 1980 4479; x_wconf 86' lang='grc' dir='ltr'>εἴ</span> <span class='ocrx_word' id='word_1_509' title='bbox 2017 4431 2201 4491; x_wconf 82' lang='grc' dir='ltr'>’ςφωϊν</span> <span class='ocrx_word' id='word_1_510' title='bbox 2238 4427 2619 4489; x_wconf 87' lang='grc' dir='ltr'>καταλύςομεν</span> <span class='ocrx_word' id='word_1_511' title='bbox 2658 4426 2840 4478; x_wconf 81' lang='grc' dir='ltr'>ὠκέας</span> <span class='ocrx_word' id='word_1_512' title='bbox 2873 4425 3134 4479; x_wconf 75' lang='grc' dir='ltr'>ἵππους»</span> <span class='ocrx_word' id='word_1_513' title='bbox 3171 4426 3266 4477; x_wconf 77' lang='grc' dir='ltr'>καὶ</span> 
     </span>
     <span class='ocr_line' id='line_1_48' title="bbox 668 4489 3268 4560; baseline 0.001 -18"><span class='ocrx_word' id='word_1_514' title='bbox 668 4489 796 4543; x_wconf 74' lang='grc' dir='ltr'>«τίς</span> <span class='ocrx_word' id='word_1_515' title='bbox 832 4491 939 4556; x_wconf 89' lang='grc' dir='ltr'>τάρ</span> <span class='ocrx_word' id='word_1_516' title='bbox 963 4506 1124 4555; x_wconf 88' lang='grc' dir='ltr'>ςφωε</span> <span class='ocrx_word' id='word_1_517' title='bbox 1160 4495 1311 4545; x_wconf 85' lang='grc' dir='ltr'>θεῶν</span> <span class='ocrx_word' id='word_1_518' title='bbox 1349 4493 1539 4558; x_wconf 77' lang='grc' dir='ltr'>ἔριδι».</span> <span class='ocrx_word' id='word_1_519' title='bbox 1581 4494 1672 4545; x_wconf 79' lang='grc' dir='ltr'>καὶ</span> <span class='ocrx_word' id='word_1_520' title='bbox 1707 4493 1770 4544; x_wconf 81' lang='grc' dir='ltr'>ἐν</span> <span class='ocrx_word' id='word_1_521' title='bbox 1804 4498 1924 4545; x_wconf 83' lang='grc' dir='ltr'>τοῖς</span> <span class='ocrx_word' id='word_1_522' title='bbox 1961 4497 2359 4560; x_wconf 87' lang='grc' dir='ltr'>πληθυντικοῑς</span> <span class='ocrx_word' id='word_1_523' title='bbox 2392 4498 2495 4546; x_wconf 79' lang='grc' dir='ltr'>τοῦ</span> <span class='ocrx_word' id='word_1_524' title='bbox 2533 4494 2727 4559; x_wconf 89' lang='grc' dir='ltr'>τρίτου</span> <span class='ocrx_word' id='word_1_525' title='bbox 2765 4493 3073 4558; x_wconf 88' lang='grc' dir='ltr'>προςώπου</span> <span class='ocrx_word' id='word_1_526' title='bbox 3115 4492 3268 4556; x_wconf 84' lang='grc' dir='ltr'>ςφίςι</span> 
     </span>
     <span class='ocr_line' id='line_1_49' title="bbox 671 4558 3269 4628; baseline 0.001 -18"><span class='ocrx_word' id='word_1_527' title='bbox 671 4558 845 4622; x_wconf 83' lang='grc' dir='ltr'>ςφὲας</span> <span class='ocrx_word' id='word_1_528' title='bbox 883 4559 1267 4624; x_wconf 84' lang='grc' dir='ltr'>ἀναβιβάζεται</span> <span class='ocrx_word' id='word_1_529' title='bbox 1313 4561 1345 4612; x_wconf 87' lang='grc' dir='ltr'>ό</span> <span class='ocrx_word' id='word_1_530' title='bbox 1380 4561 1552 4614; x_wconf 90' lang='grc' dir='ltr'>τόνος</span> <span class='ocrx_word' id='word_1_531' title='bbox 1598 4565 1669 4628; x_wconf 83' lang='grc' dir='ltr'>τῇ</span> <span class='ocrx_word' id='word_1_532' title='bbox 1707 4562 1910 4626; x_wconf 86' lang='grc' dir='ltr'>πρώτῃ</span> <span class='ocrx_word' id='word_1_533' title='bbox 1957 4562 2102 4614; x_wconf 83' lang='grc' dir='ltr'>λέξει</span> <span class='ocrx_word' id='word_1_534' title='bbox 2136 4562 2304 4614; x_wconf 71' lang='grc' dir='ltr'>«ἐπεὶ</span> <span class='ocrx_word' id='word_1_535' title='bbox 2350 4562 2417 4613; x_wconf 84' lang='grc' dir='ltr'>οὔ</span> <span class='ocrx_word' id='word_1_536' title='bbox 2455 4576 2643 4626; x_wconf 73' lang='grc' dir='ltr'>ςφιςι»</span> <span class='ocrx_word' id='word_1_537' title='bbox 2677 4559 2814 4613; x_wconf 74' lang='grc' dir='ltr'>«καί</span> <span class='ocrx_word' id='word_1_538' title='bbox 2851 4576 3024 4625; x_wconf 89' lang='grc' dir='ltr'>ςφεας</span> <span class='ocrx_word' id='word_1_539' title='bbox 3059 4559 3269 4624; x_wconf 66' lang='grc' dir='ltr'>φωνή·</span> 
     </span>
     <span class='ocr_line' id='line_1_50' title="bbox 674 4626 3272 4695; baseline 0.001 -18"><span class='ocrx_word' id='word_1_540' title='bbox 674 4640 828 4691; x_wconf 77' lang='grc' dir='ltr'>ςας»,</span> <span class='ocrx_word' id='word_1_541' title='bbox 867 4626 991 4680; x_wconf 80' lang='grc' dir='ltr'>ἐπεὶ</span> <span class='ocrx_word' id='word_1_542' title='bbox 1026 4626 1096 4679; x_wconf 86' lang='grc' dir='ltr'>οὐ</span> <span class='ocrx_word' id='word_1_543' title='bbox 1133 4627 1294 4692; x_wconf 92' lang='grc' dir='ltr'>φύςει</span> <span class='ocrx_word' id='word_1_544' title='bbox 1329 4628 1701 4694; x_wconf 77' lang='grc' dir='ltr'>ἐβαρύνοντο,</span> <span class='ocrx_word' id='word_1_545' title='bbox 1747 4628 1893 4680; x_wconf 83' lang='grc' dir='ltr'>ἀλλὰ</span> <span class='ocrx_word' id='word_1_546' title='bbox 1928 4629 2071 4681; x_wconf 81' lang='grc' dir='ltr'>κατὰ</span> <span class='ocrx_word' id='word_1_547' title='bbox 2116 4630 2296 4682; x_wconf 89' lang='grc' dir='ltr'>πάθος</span> <span class='ocrx_word' id='word_1_548' title='bbox 2345 4633 2476 4694; x_wconf 86' lang='grc' dir='ltr'>ςφῖν</span> <span class='ocrx_word' id='word_1_549' title='bbox 2525 4628 2731 4695; x_wconf 88' lang='grc' dir='ltr'>ςφίςιν,</span> <span class='ocrx_word' id='word_1_550' title='bbox 2780 4631 2922 4692; x_wconf 82' lang='grc' dir='ltr'>ςφᾶς</span> <span class='ocrx_word' id='word_1_551' title='bbox 2968 4627 3147 4692; x_wconf 87' lang='grc' dir='ltr'>ςφέας</span> <span class='ocrx_word' id='word_1_552' title='bbox 3198 4629 3272 4679; x_wconf 82' lang='lat' dir='ltr'>ef.</span> 
     </span>
     <span class='ocr_line' id='line_1_51' title="bbox 672 4668 3270 4762; baseline 0 -17"><span class='ocrx_word' id='word_1_553' title='bbox 672 4695 1002 4750; x_wconf 82' lang='lat' dir='ltr'>Lob.1·:1.1</span> <span class='ocrx_word' id='word_1_554' title='bbox 1034 4698 1134 4748; x_wconf 83' lang='lat'>485</span> <span class='ocrx_word' id='word_1_555' title='bbox 1171 4697 1293 4747; x_wconf 78' lang='lat' dir='ltr'>coll.</span> <span class='ocrx_word' id='word_1_556' title='bbox 1332 4714 1382 4762; x_wconf 86' lang='lat' dir='ltr'>p.</span> <span class='ocrx_word' id='word_1_557' title='bbox 1420 4700 1536 4749; x_wconf 82' lang='lat'>421.</span> <span class='ocrx_word' id='word_1_558' title='bbox 1675 4668 1711 4750; x_wconf 86' lang='lat'>1&#39;.</span> <span class='ocrx_word' id='word_1_559' title='bbox 1755 4701 1952 4747; x_wconf 84' lang='lat'><strong>11—12</strong></span> <span class='ocrx_word' id='word_1_560' title='bbox 1989 4698 2334 4751; x_wconf 79' lang='lat' dir='ltr'><strong>Bekk.1157</strong></span> <span class='ocrx_word' id='word_1_561' title='bbox 2372 4698 2621 4749; x_wconf 81' lang='lat' dir='ltr'><strong>cf.1143.</strong></span> <span class='ocrx_word' id='word_1_562' title='bbox 2761 4698 3024 4747; x_wconf 79' lang='lat'><strong>1.13-16</strong></span> <span class='ocrx_word' id='word_1_563' title='bbox 3061 4695 3270 4746; x_wconf 74' lang='lat' dir='ltr'><strong>Arcad.</strong></span> 
     </span>
    </p>
   </div>
   <div class='ocr_carea' id='block_1_8' title="bbox 675 4762 3270 4896">
    <p class='ocr_par' dir='ltr' id='par_1_16' title="bbox 675 4762 3270 4893">
     <span class='ocr_line' id='line_1_52' title="bbox 676 4762 3270 4830; baseline 0 -20"><span class='ocrx_word' id='word_1_564' title='bbox 676 4764 790 4825; x_wconf 89' lang='grc'>141,</span> <span class='ocrx_word' id='word_1_565' title='bbox 825 4765 1044 4815; x_wconf 79' lang='grc'>22-27.</span> <span class='ocrx_word' id='word_1_566' title='bbox 1179 4765 1213 4818; x_wconf 89' lang='lat' dir='ltr'>l.</span> <span class='ocrx_word' id='word_1_567' title='bbox 1256 4766 1453 4814; x_wconf 83' lang='grc'>17-24</span> <span class='ocrx_word' id='word_1_568' title='bbox 1489 4763 1911 4822; x_wconf 75' lang='grc' dir='ltr'>ΒοΙ111.Αιιεο(1.</span> <span class='ocrx_word' id='word_1_569' title='bbox 1953 4769 2110 4830; x_wconf 86' lang='lat'>1143,</span> <span class='ocrx_word' id='word_1_570' title='bbox 2147 4767 2205 4815; x_wconf 86' lang='lat' dir='ltr'>in</span> <span class='ocrx_word' id='word_1_571' title='bbox 2241 4767 2398 4817; x_wconf 84' lang='lat' dir='ltr'><strong>initio</strong></span> <span class='ocrx_word' id='word_1_572' title='bbox 2433 4767 2607 4817; x_wconf 81' lang='lat' dir='ltr'><strong>verba</strong></span> <span class='ocrx_word' id='word_1_573' title='bbox 2651 4763 2714 4816; x_wconf 81' lang='grc' dir='ltr'>ἐν</span> <span class='ocrx_word' id='word_1_574' title='bbox 2752 4763 2854 4827; x_wconf 82' lang='grc' dir='ltr'>μὲν</span> <span class='ocrx_word' id='word_1_575' title='bbox 2890 4762 2993 4814; x_wconf 83' lang='grc' dir='ltr'>οὖν</span> <span class='ocrx_word' id='word_1_576' title='bbox 3028 4762 3270 4826; x_wconf 84' lang='grc' dir='ltr'>ὀνόμαςι</span> 
     </span>
     <span class='ocr_line' id='line_1_53' title="bbox 675 4827 1976 4896; baseline 0.004 -17"><span class='ocrx_word' id='word_1_577' title='bbox 675 4827 746 4880; x_wconf 88' lang='grc' dir='ltr'>τὸ</span> <span class='ocrx_word' id='word_1_578' title='bbox 781 4827 867 4881; x_wconf 89' lang='grc' dir='ltr'>τίς</span> <span class='ocrx_word' id='word_1_579' title='bbox 903 4829 1080 4893; x_wconf 90' lang='grc' dir='ltr'>μόνον</span> <span class='ocrx_word' id='word_1_580' title='bbox 1121 4829 1435 4893; x_wconf 82' lang='grc' dir='ltr'>ἑγκλίνεται</span> <span class='ocrx_word' id='word_1_581' title='bbox 1471 4849 1537 4884; x_wconf 81' lang='lat' dir='ltr'>ex</span> <span class='ocrx_word' id='word_1_582' title='bbox 1574 4834 1699 4886; x_wconf 83' lang='lat' dir='ltr'>Arc.</span> <span class='ocrx_word' id='word_1_583' title='bbox 1741 4834 1856 4896; x_wconf 87' lang='lat'>141,</span> <span class='ocrx_word' id='word_1_584' title='bbox 1894 4834 1976 4884; x_wconf 80' lang='grc'>27.</span> 
     </span>
    </p>
   </div>
  </div>
 </body>
</html>
