3664 5546
442 3185 475 3198 .-

619 314 746 378 332
1553 312 1633 369 ΕΚ
1672 312 1810 367 ΤΩΝ
1854 312 2261 369 ΗΡΩΔΙΑΝΟΥ

620 485 776 564 ὄρος
820 485 1141 578 Εὐρώπης.
1234 484 1536 564 Χαζήνη
1582 483 1925 564 ςατραπεία
1969 485 2133 563 πρὸς
2175 490 2267 568 τῷ
2312 484 2611 568 Εὐφράτῃ
2664 489 2776 562 τῆς
2824 487 3204 552 Μεςοποτα-

530 583 551 604 ‘
620 583 777 667 μίας.
866 587 1197 666 Ἀρριανὸς
1253 586 1322 653 ἐν
1378 587 1862 670 τριςκαιδεκάτω
1906 587 2235 665 Περςικῶν
2294 613 2316 644 α
2337 587 2406 653 ἐν
2462 588 2658 672 ταύτῃ
2715 595 2789 670 τῇ
2834 587 3051 672 Ὀλβίᾳ
3104 589 3208 652 καὶ

603 681 698 753 ’τὰ
742 690 929 753 πεδία
972 693 1082 767 τῆς
1115 690 1402 768 Χαζήνης
1445 688 1828 768 ςατραπείου
1874 689 1978 754 ἐπὶ
2007 689 2305 768 μήκιςτον
2337 688 2838 768 ἀποτεταμένα».
2902 690 3203 770 Καρήνη

621 791 806 855 πόλις
854 790 1108 856 Μυςίας.
1175 790 1526 869 Ἡρόδοτος
1570 791 1806 876 ἑβδόμῃ
1852 792 1936 873 (ο.
1981 790 2112 872 42).
2186 791 2537 870 Ξερξήνη
2581 790 2712 856 ἀπὸ
2759 791 3006 870 Ξέρξου
3035 792 3203 870 Περ-

559 903 592 952 5
625 894 754 971 ςικὴ
809 892 989 972 χώρα
1039 898 1115 977 τῇ
1173 897 1358 976 μικρᾷ
1401 892 1691 975 Ἀρμενίᾳ
1747 893 2004 973 ὅμορος.
2092 894 2167 958 τὸ
2223 895 2294 957 δὲ
2339 891 2675 972 Εὐθηναί
2729 894 2916 958 πόλις
2978 893 3204 971 Καρίας

620 994 910 1060 ὀξύνεται
956 994 1308 1059 ἐπιθετικόν
1352 993 1448 1059 ὄν.
1535 996 1611 1059 τὸ
1659 997 1727 1059 δὲ
1776 996 2119 1075 Γερμηνή
2165 996 2204 1073 ἡ
2251 996 2546 1073 ςυνήθεια
2602 993 2843 1062 ὀξύνει·
2901 995 3204 1060 ῶςαύτως

619 1098 723 1160 καὶ
765 1097 1122 1174 Τυρρηνή
1153 1098 1338 1160 πόλις
1382 1097 1547 1174 πρὸς
1591 1103 1680 1179 τῷ
1711 1096 1956 1180 Ἁδρίᾳ,
2003 1097 2041 1175 ἣ
2073 1097 2319 1173 λέγεται
2349 1096 2449 1161 καὶ
2479 1095 2813 1175 Τυρρηνία.
2872 1094 3202 1177 (ωφηνή

621 1199 801 1276 χώρα
856 1201 986 1262 τῶν
1043 1198 1206 1275 πρὸς
1250 1198 1609 1280 Ἀρμενίαν,
1667 1199 1757 1262 ὡς
1813 1196 2113 1278 (τράβων
2169 1198 2240 1263 ἐν
2299 1198 2602 1283 ἑνδεκάτῃ
2658 1199 2746 1283 (p.
2790 1197 2977 1280 527),
3031 1200 3206 1276 παρὰ

621 1300 692 1362 δὲ
749 1299 1057 1381 Ἀρριανῶ
1113 1297 1472 1379 (ωφανηνή
1538 1300 2074 1379 τετραςυλλάβως.
2168 1301 2604 1380 Δραγγηνή
2669 1300 2850 1378 χώρα
2913 1300 3203 1379 Περςική.

522 1416 586 1469 10
622 1399 895 1479 Ὠτηνή
941 1403 1133 1479 μοῖρα
1176 1401 1478 1481 Ἀραβίας.
1569 1399 1906 1480 (αιδηνή
1952 1401 2106 1480 ὄρος
2158 1402 2376 1482 Κύμης.

790 1501 884 1566 Τὰ
915 1502 1019 1564 διὰ
1048 1505 1164 1566 τοῦ
1203 1505 1325 1580 ῆνῆ
1368 1502 1913 1583 ὑπερτριςύλλαβα
1953 1503 2274 1587 ὀξύνεται,
2319 1504 2752 1586 Καςαμηνή,
2801 1504 3204 1583 Μελιτηνή

621 1604 808 1668 πόλις
857 1603 1318 1668 Καππαδοκίας.
1409 1603 1705 1683 (τράβων
1751 1605 2053 1688 ἑνδεκάτῃ
2110 1607 2203 1690 (p.
2248 1605 2402 1687 521)
2461 1607 2576 1674 «τὸ
2622 1606 2677 1669 δ’
2719 1607 3002 1686 ’Ἀμανον
3048 1602 3204 1683 ὄρος

622 1707 798 1785 μέχρι
843 1709 961 1769 τοῦ
1017 1705 1355 1786 Εὐφράτου
1409 1707 1511 1771 καὶ
1563 1710 1678 1784 ’τῆς
1725 1708 2081 1785 Μελιτηνῆς
2125 1707 2399 1789 πρόειςι,
2441 1709 2601 1798 ,καθ’
2647 1708 2684 1772 ὃ
2739 1707 2776 1784 ἡ
2826 1709 3205 1786 Κομμαγηνὴ

622 1814 698 1892 τῇ
748 1806 1161 1890 Καππαδοκίᾳ
1205 1807 1633 1885 παράκειται».
1677 1808 2194 1887 Παλαιςτηνή.
2242 1809 2852 1892 Ἀδραμυττηνή,
2902 1808 3204 1888 Κομμα·

523 1925 584 1979 15
621 1910 846 1992 γηνή,
907 1909 1351 1992 Κοδομηνή,
1407 1911 2003 1993 Παραιτακηνή,
2071 1907 2461 1989 (ιπυληνή
2525 1911 2565 1988 ἡ
2620 1910 2957 1992 Δημήτηρ,
3017 1911 3205 1974 Γοα·

623 2013 812 2090 ρηνή
857 2012 1038 2091 χώρα
1081 2010 1369 2091 Ἀραβίας
1413 2012 1679 2090 πληςίον
1723 2012 2098 2092 Δαμαςκοῦ·
2156 2011 2405 2087 λέγεται
2449 2012 2550 2076 καὶ
2595 2012 2874 2090 Γοάρεια.
2952 2013 3204 2087 Γωγα·

622 2114 813 2192 ρηνή
858 2112 1097 2192 χωρίον
1127 2114 1354 2192 μεταξὺ
1390 2113 1652 2194 Κόλχων
1684 2116 1787 2179 καὶ
1816 2114 2073 2194 Ἰβήρων
2107 2117 2238 2178 τῶν
2270 2111 2685 2178 ἀνατολικῶν.
2749 2113 3203 2194 Καμβυςηνή

620 2214 751 2279 ἀπὸ
802 2214 1130 2294 Καμβύςου
1174 2215 1447 2294 Περςικὴ
1493 2217 1687 2296 χώρα.
1758 2216 2113 2294 Μοτιηνή
2159 2214 2398 2294 χωρίον
2443 2215 2717 2294 Ἰβηρίας.
2792 2214 3204 2294 Ναβατηνή

620 2318 899 2397 ή,χώρα.
975 2317 1401 2397 Παρθυηνή
1456 2318 1495 2396 ἡ
1544 2318 1737 2397 χώρα.
1820 2316 2321 2395 Πιμωλιςηνή
2365 2315 2404 2393 ἡ
2451 2316 2645 2395 χώρα.
2711 2317 3202 2395 Περπερηνή.

521 2439 589 2488 20
624 2416 830 2483 οὕτως
885 2419 1052 2484 τινὲς
1105 2418 1524 2497 Παρπάρωνα
1578 2418 1816 2499 χωρίον
1874 2417 1945 2483 ἐν
1991 2417 2159 2501 Ἀςίᾳ
2212 2417 2509 2482 Αἰολικὸν
2564 2419 2839 2482 καλοῦςι.
2928 2418 3203 2482 Ψιττα-

540 2519 547 2528 “
622 2520 811 2599 κηνή
842 2521 1046 2598 -χώρα
1099 2522 1275 2599 παρὰ
1327 2527 1431 2606 τῷ
1476 2520 1746 2604 Τίγριδι,
1802 2520 1877 2598 ἦς
1933 2520 2035 2584 καὶ
2090 2519 2518 2598 Ἀριςτοτέλης
2585 2520 2887 2599 μέμνηται
2944 2519 3014 2583 ἐν
3069 2523 3206 2583 τοῖς

623 2622 1002 2697 θαυμαςίοις.
1069 2621 1573 2702 (απφειρηνή
1620 2626 1810 2701 νῆςος
1856 2621 1926 2685 ἐν
1971 2627 2064 2704 τῷ
2109 2621 2393 2705 Ἀραβίῳ.
2458 2621 2880 2700 (ιττακηνή
2924 2621 2964 2698 ἡ
3009 2621 3204 2700 χώρα.

623 2723 1083 2804 Ἀβρεττηνή
1138 2725 1318 2804 χώρα
1377 2724 1615 2790 Μυςίας
1668 2723 1799 2789 ἀπὸ
1857 2723 2150 2802 Βρεττίας
2204 2723 2474 2804 νύμφης.
2563 2722 2972 2803 Ἀδιαβηνή
3027 2723 3208 2802 χώρα

623 2825 773 2905 μέςη
828 2830 958 2910 τῶν
1025 2831 1332 2907 ποταμῶν
1389 2826 1728 2907 Εὐφράτου
1796 2827 1900 2890 καὶ
1964 2827 2285 2908 Τίγριδος,
2354 2825 2489 2903 ἥτις
2557 2825 2661 2889 καὶ
2721 2825 2975 2902 Μεςήνη
3042 2824 3205 2889 ὠνό-

521 2942 586 2992 25
623 2947 858 3007 μαςται.
930 2929 1438 3008 Χολοβητηνή
1497 2931 1689 3007 μοῖρα
1733 2926 2036 3006 Ἀραβίας.
2103 2927 2432 3005 Ἀρριανὸς
2476 2926 2639 3010 ἕκτῳ
2682 2927 3026 3005 Παρθικῶν
3073 2927 3205 2991 «Τι-
3320 2913 3331 2923 ’

622 3029 862 3107 γράνης
916 3028 1272 3108 ἀρχόμενος
1325 3028 1582 3108 ἄρχεται
1629 3028 1963 3107 ςατράπης.
2051 3030 2089 3108 ἡ
2146 3030 2217 3092 δὲ
2273 3029 2452 3107 χώρα
2506 3027 2582 3106 ἧς
2637 3027 2873 3107 ἐπῆρχε
2920 3027 3206 3109 Χολοβη-

622 3132 778 3208 τηνὴ
824 3129 1263 3222 ὀνομάζεται»,
1348 3131 1715 3209 Ἀραξηνή
1760 3130 1797 3208 ἡ
1845 3130 2038 3210 χώρα.
2124 3131 2200 3194 τὸ
2254 3131 2325 3194 δὲ
2372 3130 2805 3211 Μιτυλήνη,
2855 3129 3205 3209 βαρύνεται.

624 3231 748 3295 ἔςτι
807 3233 878 3295 δὲ
930 3230 1116 3295 πόλις
1172 3232 1243 3296 ἐν
1287 3231 1499 3315 Λέςβῳ
1555 3231 1820 3312 μεγίςτη.
1909 3232 2234 3297 Ἑκαταῖος
2287 3230 2573 3314 Εὐρώπῃ.
2663 3230 2794 3296 ἀπὸ
2843 3231 3206 3309 Μυτιλήνης

623 3336 736 3410 τῆς
805 3332 1107 3409 Μάκαρος
1170 3332 1207 3411 ἣ
1276 3334 1581 3401 Πέλοπος
1645 3333 1973 3412 θυγατρός.
2073 3332 2136 3397 οἱ
2203 3334 2275 3396 δὲ
2331 3332 2429 3397 ὅτι
2497 3333 2778 3412 Μυτίλης
2832 3330 2912 3410 ἦν
2980 3332 3018 3395 ὁ
3083 3352 3204 3396 κτι-

458 3458 467 3467 ·
524 3435 786 3512 3οςτής.
876 3433 937 3498 οἱ
983 3434 1054 3497 δὲ
1099 3432 1230 3499 ἀπὸ
1278 3435 1594 3527 Μύτωνος
1639 3439 1756 3500 τοῦ
1810 3436 2221 3500 Ποςειδῶνος
2266 3436 2367 3498 καὶ
2413 3434 2800 3512 Μυτιλήνης·
2868 3433 3020 3499 ὅθεν
3069 3434 3205 3497 Μυ-

625 3536 862 3599 τωνίδα
915 3537 1095 3599 καλεῖ
1158 3539 1274 3616 τὴν
1331 3537 1593 3618 Λέςβον“
1628 3537 2024 3617 Καλλίμαχος
2079 3535 2149 3600 ἐν
2203 3541 2294 3621 τῷ
2351 3534 2664 3619 τετάρτῳ,
2721 3536 3081 3614 Παρθένιος
3136 3537 3206 3599 δὲ

629 3636 1007 3701 Μυτωνίδας
1069 3636 1195 3704 τὰς’
1244 3639 1536 3719 Λεςβικάς
1562 3654 1575 3663 ’
1601 3659 1808 3718 φηςιν.
1898 3638 2147 3713 λέγεται
2213 3638 2286 3701 δὲ
2354 3638 2456 3702 καὶ
2525 3637 2869 3715 Μυτιλήνη.
2964 3638 3066 3700 καὶ
3131 3637 3206 3701 τὸ

648 3915 661 3929 1
763 3894 797 3944 1.
836 3894 868 3945 5
904 3891 1145 3959 Εὐθηναί
1182 3911 1247 3945 ex
1285 3894 1368 3945 St.
1407 3895 1468 3944 B.
1504 3894 1682 3957 recepi
1721 3898 1778 3943 ct
1814 3909 1881 3944 ex
1917 3892 2227 3944 Herodiani
2262 3896 2442 3943 mente
2480 3891 2774 3958 explicavi.
2831 3893 2915 3942 De
2957 3890 3206 3956 Γερμηνή

628 3964 699 4014 cf.
735 3964 873 4014 Lob.
901 3963 1064 4012 Proll.
1092 3966 1212 4018 195:
1251 3968 1436 4012 tuetur
1469 3959 1694 4010 Arcadii
1731 3961 2061 4026 scripturam
2089 3961 2258 4011 etiam
2282 3960 2691 4025 'Pheognostu8‚
2728 3958 2822 4024 qui
2855 3958 2925 4010 τὸ
2956 3958 3206 4023 Γερμηνή

625 4031 733 4095 τὴν
770 4030 952 4094 αὐτὴν
987 4030 1212 4094 γραφὴν
1250 4027 1542 4093 φυλάττον
1587 4026 1862 4079 ὀξύνεται.
1935 4032 2090 4092 Quae
2127 4027 2326 4079 deinde
2365 4028 2551 4093 posui,
2600 4032 2827 4092 recepta
2864 4031 2992 4077 sunt
3025 4044 3091 4091 ex
3128 4028 3208 4076 St.

626 4102 688 4149 B.
724 4115 841 4147 cum
880 4115 940 4147 co
978 4103 1233 4158 accentu,
1282 4113 1387 4161 quo
1435 4096 1581 4160 apud
1628 4111 1748 4145 eum
1794 4097 2062 4161 insignita
2111 4101 2263 4151 sunt:
2309 4102 2475 4160 atque
2521 4095 2640 4145 fieri
2675 4099 2890 4159 potest,
2935 4100 2998 4143 ut
3035 4096 3208 4145 Hero·

627 4167 826 4216 dianus
861 4171 1083 4229 praeter
1118 4164 1154 4216 Γ
1158 4162 1370 4230 ερμηνή
1408 4163 1520 4213 alia
1567 4164 1837 4229 quaedam
1885 4164 2123 4213 locorum
2169 4164 2390 4215 nomina
2435 4166 2699 4213 consueto
2745 4168 2907 4213 acuto
2955 4162 3209 4228 praedita

626 4235 1055 4294 enumeraverit,
1110 4233 1207 4283 sed
1258 4248 1371 4283 rem
1417 4248 1541 4283 esse
1594 4232 2017 4282 incertissimam
2073 4247 2139 4281 ex
2185 4231 2453 4282 Lobeckii
2507 4230 2851 4295 expositione
2905 4230 3208 4282 clarissime

626 4307 876 4366 apparet.
948 4299 1106 4363 Quod
1140 4299 1284 4350 idem
1322 4317 1372 4366 p.
1412 4302 1477 4351 36
1514 4306 1626 4350 not.
1666 4302 1730 4350 37
1778 4299 1913 4349 dicit
1951 4303 2330 4350 castaneorum
2368 4300 2604 4363 speciem
2639 4290 2904 4362 λευκηνάι
2941 4303 3211 4362 oxytonos

628 4369 971 4421 scribendam
1017 4383 1138 4418 esse
1184 4385 1218 4419 a
1254 4369 1458 4418 Leucis
1502 4368 1623 4418 vico
1670 4367 1904 4418 Troadis
1952 4373 2202 4417 vocatam
2248 4372 2312 4417 ut
2360 4364 2661 4429 Ἀβυδηνὸς
2698 4364 3052 4430 Δινδυμηνός
3100 4369 3208 4416 ete.

626 4453 734 4487 non
780 4437 951 4486 habet
994 4436 1332 4502 Theognosti
1378 4437 1834 4501 approbationem
1889 4451 2082 4486 vocem
2135 4435 2283 4486 inter
2325 4434 2626 4498 barytonas
2673 4433 2995 4492 referentis,
3044 4437 3208 4498 atque

626 4509 919 4569 propterea
965 4504 1107 4568 quod
1155 4505 1557 4554 substantivum
1605 4503 1810 4553 factum
1859 4507 1973 4567 est,
2027 4508 2291 4553 accentus
2344 4506 2589 4551 mutatus
2637 4500 2874 4551 videtur.
2955 4499 3207 4564 Ξερξὴνη

628 4588 681 4637 p.
721 4575 837 4630 351,
878 4574 938 4620 11
977 4587 1067 4635 ap.
1105 4572 1182 4621 St.
1224 4573 1286 4624 B.
1327 4578 1616 4637 oxytouOS,
1656 4588 1707 4635 p.
1732 4574 1849 4629 480,
1886 4574 1952 4621 24
1987 4572 2286 4636 berytonos
2323 4570 2587 4634 scripturn
2625 4575 2727 4619 est.
2867 4568 2902 4617 l.
2942 4572 3001 4618 11
3041 4566 3210 4618 Μελι-

627 4636 773 4702 τηνή
820 4639 1038 4704 explevi
1083 4654 1149 4689 ex
1188 4640 1267 4691 St.
1308 4640 1390 4693 Β..
1444 4636 1868 4703 Ἀδραμυττηνή
1914 4666 1981 4675 -—
2025 4636 2311 4701 (ιπυληνή
2358 4636 2550 4686 addidi
2594 4653 2658 4687 ex
2696 4635 2942 4701 Theogn.
2983 4638 3106 4698 113,
3142 4637 3211 4686 20

628 4705 1343 4769 Lobeckii‘emendationes
1378 4706 1541 4756 Pron.
1579 4709 1675 4756 199
1710 4712 1824 4756 not.
1865 4710 1925 4757 17
1963 4707 2265 4772 recipien83
2318 4703 2569 4770 Γοαρηνή
2606 4732 2671 4740 -
2712 4701 2985 4769 Ἀραξηνὴ
3023 4719 3104 4769 ex.
3129 4704 3209 4753 St.

630 4774 691 4825 Β.
733 4772 1060 4838 deprompsi.
1134 4771 1429 4838 Μιτυλήνη
1467 4774 1686 4839 explevi
1723 4789 1791 4825 cx
1828 4774 1914 4825 st.
1949 4776 2012 4824 Β.
2049 4781 2106 4823 et
2139 4773 2386 4840 Theogn.
