3664 5546
1255 416 1413 471 περι
1456 384 1846 471 κΑοοΛικΗς
1882 414 2303 473 πΡοςΩιΔιΑς
2352 418 2412 470 Η.
2996 417 3118 483 211

550 588 944 654 Φιλιππικῶν
973 586 1216 671 εἰκοςτῇ
1238 588 1520 672 τετάρτῃ.
1556 587 2201 667 Καρδαμυληςςός
2231 588 2423 667 κώμη.
2473 587 2908 668 Καρδηςςός
2939 589 3125 653 πόλις

552 691 826 756 (κυθίας.
905 688 1226 755 Ἑκαταῖος
1271 689 1557 773 Εὐρώπῃ.
1629 690 2009 770 Κορηςςός
2051 691 2238 756 πόλις
2289 694 2400 769 τῆς
2444 689 2722 770 Ἐφεςίας
2751 741 2764 755 .
2797 742 2809 754 .
2843 741 2855 755 .
2903 691 3007 756 διὰ
3048 691 3125 755 τὸ

550 796 666 873 τὴν
711 793 894 872 Λητὼ
946 795 1250 857 τεκοΰςαν
1305 794 1406 857 καὶ
1457 793 1573 871 τὴν
1615 792 1909 872 Ἄρτεμιν
1961 794 2333 875 κομίζουςαν
2393 793 2746 873 γενομένην
2802 794 2959 858 κατὰ
3010 794 3125 858 τὸν

552 896 792 976 τόπον,
847 892 928 959 οὗ
981 898 1099 959 νῦν
1158 895 1367 975 βωμὸς
1411 895 1633 976 αὐτῆς,
1688 898 1798 974 τῆς
1855 895 1925 959 δὲ
1980 896 2342 975 πυθομένης
2384 895 2557 960 τίνος
2612 894 2774 960 ἐςτὶν
2826 894 2864 959 ὁ
2908 894 3127 977 τόπος,

555 997 710 1076 κόρη
757 997 863 1062 ςός
906 992 1125 1061 εἰπεῖνῖ
1217 997 1662 1076 Μερμηςςός
1705 996 1890 1061 πόλις
1931 996 2197 1076 Τρωῖκή.
2264 996 2692 1076 (αρδηςςός
2734 996 2918 1062 πόλις
2966 995 3124 1061 Κιλι-
3153 1006 3188 1056 5

555 1099 704 1164 κίας.
751 1097 1176 1177 (ινδηςςός
1212 1098 1397 1163 πόλις
1431 1097 1672 1177 Καρίας.
1719 1098 2106 1177 Τεγηςςός
2147 1099 2333 1165 πόλις
2367 1099 2654 1181 Κύπρου,
2700 1098 3132 1178 Τερμηςςός

556 1202 743 1266 πόλις
785 1200 1084 1265 Πιςιδίας.
1174 1200 1298 1265 ἔςτι
1343 1200 1445 1264 καὶ
1488 1198 1650 1278 ἄλλη
1694 1201 1925 1279 ταύτης
1969 1199 2236 1267 ἄποικος
2278 1202 2381 1266 καὶ
2424 1202 2580 1281 αὐτὴ
2623 1200 2905 1266 Πιςιδίας
2949 1203 3130 1276 λεγο-

557 1304 714 1384 μένη
759 1302 973 1384 μικρά,
1021 1301 1111 1367 ῶς
1152 1302 1193 1381 ἡ
1222 1303 1507 1381 προτέρα
1550 1302 1794 1381 μείζων.
1850 1302 2242 1382 Τυληςςός
2285 1302 2441 1383 ὄρος
2470 1303 2742 1373 Ἰταλίας.
2793 1303 3132 1382 Τυμνης-

560 1406 689 1471 ςός
732 1405 916 1469 πόλις
964 1403 1188 1483 Καρίας
1232 1403 1363 1469 ἀπὸ
1409 1403 1773 1484 Τυμνηςςοῦ
1816 1406 1857 1483 ἢ
1902 1403 2033 1470 ἀπὸ
2077 1405 2334 1485 τυμνίας
2377 1406 2517 1484 ἤτοι
2564 1404 2821 1486 ῥάβδου.
2867 1402 3133 1468 Ξάνθιοι

559 1509 682 1586 γὰρ
726 1506 843 1584 τὴν
889 1505 1130 1586 ῥάβδον
1174 1506 1436 1586 τυμνίαν
1483 1507 1790 1583 λέγουςιν.
1849 1506 2297 1587 Ἀγορηςςός
2339 1508 2525 1572 πόλις
2560 1507 2800 1585 Καρίας.
2850 1505 3132 1586 Καβης-
3171 1513 3237 1564 ιο

563 1609 688 1674 ςός
740 1608 925 1673 πόλις
979 1607 1050 1673 ἐν
1112 1607 1555 1693 Καππαδοκίᾳ,
1611 1611 1835 1688 πατρὶς
1879 1609 2292 1688 Ὀθρυονέως.
2365 1609 2648 1690 Ὅμηρος
2703 1607 3133 1689 «Καβηςςόθεν

499 1768 508 1786 ,
562 1710 756 1776 ἔνδον
802 1710 1029 1775 ἐόντα»
1077 1707 1185 1793 (ΙΙ.
1236 1711 1284 1774 Ν
1330 1709 1500 1792 363).
1587 1710 1909 1777 Ἑκαταῖος
1953 1711 2019 1775 δ’
2064 1711 2102 1776 ὁ
2151 1713 2452 1791 Μιλήςιος
2504 1712 2694 1777 πόλιν
2740 1708 2904 1775 εἶναί
2948 1729 3136 1790 φηςιν

564 1812 906 1893 ὑπερβάντι
960 1812 1075 1877 τὸν
1136 1811 1414 1894 Θρᾴκιον
1467 1810 1682 1892 Αἷμον.
1771 1813 1874 1877 καὶ
1929 1816 2256 1903 ςυμφωνείζ
2309 1814 2411 1878 καὶ
2465 1814 2504 1894 ἡ
2548 1818 2663 1879 τοῦ
2698 1814 2913 1893 γάμου
2959 1813 3138 1877 ἐλπὶς

563 1920 693 1980 τῶν
739 1914 1008 1997 Θρᾳκῶν
1052 1913 1370 1997 ἀκολαςίᾳ.
1424 1913 1785 1980 Ἑλλάνικος
1829 1917 1901 1980 δέ
1942 1919 2053 1994 τῆς
2081 1915 2308 1981 Λυκίας
2349 1916 2556 1980 πόλιν.
2609 1915 2841 1980 Ἀπίων
2886 1915 2956 1980 δὲ
2986 1912 3138 1995 ἀλη-

566 2016 860 2095 θέςτερόν
906 2036 1054 2096 φηςι
1111 2017 1327 2096 κώμην
1382 2015 1545 2081 εἶναι
1594 2016 2038 2082 Καππαδοκίας
2081 2019 2310 2098 μεταξὺ
2354 2018 2604 2097 Ταρςοῦ
2655 2019 2757 2082 καὶ
2803 2018 3137 2084 Μαζάκων.
3178 2023 3240 2074 15

569 2120 814 2195 λέγεται
859 2120 930 2183 δὲ
975 2118 1075 2183 καὶ
1108 2118 1448 2201 Καβαςςός,
1494 2118 1655 2198 ὅπερ
1700 2118 1831 2185 ἀπὸ
1877 2124 1993 2185 τοῦ
2028 2120 2381 2200 Καβακηςός
2427 2118 2625 2185 οἴεται
2655 2119 2940 2200 Δίδυμος
2983 2119 3142 2207 κατὰ

567 2222 906 2300 ςυγκοπήν.
998 2221 1075 2286 τὸ
1141 2221 1212 2285 δὲ
1281 2219 1748 2311 Μάρπηςςος
1813 2222 2146 2301 βαρύνεται
2215 2221 2305 2288 ὡς
2369 2222 2761 2302 παρώνυμον
2827 2219 2959 2286 ἀπὸ
3025 2224 3142 2285 τοῦ

571 2325 934 2404 Μάρπηςςα.
1019 2324 1095 2388 τὸ
1163 2323 1234 2387 δὲ
1294 2322 1635 2402 Κάρηςος
1699 2324 1800 2388 καὶ
1868 2324 2241 2403 Βρίληςος
2305 2324 2395 2389 δι’
2459 2323 2606 2389 ἑνὸς
2669 2326 2704 2387 ἓ
2767 2323 3144 2404 γραφόμενα

571 2427 921 2507 βαρύνεται.
1008 2420 1083 2489 τὸ
1129 2424 1200 2488 δὲ
1249 2423 1594 2503 Κάρηςος
1640 2423 1737 2507 (Μ
1767 2422 1880 2506 20)
1924 2426 2295 2506 Τυραννίων
2339 2425 2577 2492 ὀξύνει·
2626 2424 2798 2490 οὕτω
2843 2426 2965 2505 γὰρ
3017 2425 3143 2490 ὑπὸ

575 2529 929 2606 Κυζικηνῶν
985 2525 1398 2606 ὀνομάζεςθαι
1453 2527 1569 2592 τὸν
1625 2527 1934 2606 ποταμόν.
2022 2527 2060 2592 ὁ
2128 2529 2198 2593 δὲ
2255 2528 2649 2607 Ἀρίςταρχος
2716 2528 2998 2608 βαρύνει·
3064 2526 3143 2591 ού
3179 2533 3248 2584 20

573 2630 694 2708 γὰρ
738 2630 997 2694 πάντως
1041 2627 1360 2707 ἐπικρατεῖ
1402 2629 1443 2707 ἡ
1488 2627 1620 2694 ἀπὸ
1663 2633 1794 2694 τῶν
1840 2629 2045 2695 ἐθνῶν
2090 2632 2302 2708 χρῆςις
2346 2631 2447 2695 καὶ
2499 2630 2604 2694 ἐπὶ
2644 2630 2760 2708 τὴν
2806 2628 3143 2709 Ὁμηρικὴν

576 2730 931 2807 ἀνάγνωςιν
946 2780 964 2814 ,
1009 2727 1139 2806 εἴγε
1182 2730 1526 2797 Διονύςιος
1554 2730 1792 2810 ἱςτορεῖ
1818 2732 1971 2797 τοὺς
2001 2731 2346 2812 ἐγχωρίους
2375 2732 2450 2798 τὸ
2485 2732 2523 2797 Γ
2526 2734 2697 2798 λιςᾶς
2724 2733 2807 2812 μὴ
2836 2734 3144 2810 περιςπᾶν

576 2837 688 2911 τῆς
731 2832 1056 2911 ςυνηθείας
1099 2834 1506 2913 περιςπώςης.
1595 2834 1671 2899 τό
1723 2854 1791 2900 τε
1836 2835 2151 2900 Λύκαςτος
2204 2834 2243 2899 ὁ
2298 2834 2492 2900 αὐτὸς
2544 2834 2779 2913 ίςτορεῖ
2821 2832 3146 2902 όξύνεςθαι

576 2936 755 3016 ἡμῶν
809 2933 1375 3012 ἀναγινωςκόντων
1434 2936 1797 3016 βαρυτόνως
1852 2937 1929 3019 (Β
1972 2935 2141 3018 647).
2230 2937 2436 3002 οὕτως
2494 2935 2613 3002 οὖν
2670 2936 2836 3002 εἰκὸς
2889 2937 2992 3000 καὶ
3043 2935 3150 3000 ἐπὶ

575 3043 692 3103 τοῦ
762 3036 1040 3117 Κάρηςος
1101 3038 1182 3117 μὴ
1249 3042 1573 3115 πειςθῆναι
1642 3038 1758 3103 τὸν
1827 3037 2228 3118 Ἀρίςταρχον
2300 3038 2537 3119 ὁμοίως
2609 3042 2745 3104 τοῖς
2816 3020 3148 3117 ἐγχωρίοις
3183 3045 3249 3095 25

575 3140 1071 3220 προενέγκαςθαι
1116 3142 1232 3220 τὴν
1279 3141 1462 3207 λέξιν.
1548 3139 1713 3219 τάχα
1758 3140 1828 3205 δὲ
1875 3140 2014 3205 ἐπεὶ
2057 3140 2229 3221 ἑώρα
2271 3141 2351 3205 τὰ
2406 3140 2493 3206 εἰς
2537 3145 2621 3205 δῖ
2664 3141 2945 3220 λήγοντα
2988 3140 3150 3217 ὑπὲρ

578 3244 697 3307 δύο
742 3243 1055 3322 ςυλλαβὰς
1100 3241 1454 3322 όξυνόμενα
1496 3249 1586 3327 τῷ
1628 3245 1667 3320 ἦ
1724 3242 2220 3322 παραληγόμενα
2274 3242 2495 3322 ἕτερον
2550 3242 2785 3322 ἔχοντα
2834 3244 2899 3324 ἰ,
2954 3245 3149 3307 τοῦτο

581 3346 650 3410 δὲ
692 3346 765 3409 ἓν
810 3343 1314 3426 ἀναδεξάμενον,
1361 3345 1464 3409 διὰ
1508 3348 1702 3410 τοῦτο
1749 3345 1851 3409 καὶ
1880 3343 2216 3423 ἐξήλλαξεν
2261 3344 2420 3410 αὐτὸ
2464 3347 2576 3423 τῆς
2606 3344 2867 3410 ἐκείνων
2897 3344 3151 3409 τάςεως.

580 3447 654 3511 τὸ
711 3447 781 3510 δὲ
840 3445 1301 3526 Μυόννηςος
1353 3446 1537 3513 πόλις
1590 3447 1819 3526 μεταξὺ
1865 3446 2004 3511 Τέω
2060 3447 2162 3512 καὶ
2214 3447 2510 3527 Λεβέδου.
2584 3446 2905 3512 Ἑκαταῖος
2967 3445 3149 3529 Ἀςίᾳ.

581 3547 1034 3626 Ἀρτεμίδωρος
1078 3548 1150 3612 δὲ
1192 3548 1430 3627 χωρίον
1476 3549 1676 3628 αὐτήν
1721 3569 1888 3628 φηςι.
1979 3549 2472 3628 Χερρόνηςος
2514 3548 2699 3614 πόλις
2755 3549 2825 3614 ἐν
2874 3555 2951 3633 τῇ
2996 3548 3152 3613 κατὰ
3186 3553 3255 3604 30

587 3650 815 3714 Κνίδον
860 3649 1226 3734 χερρονήςψ
1271 3651 1428 3714 κατὰ
1470 3650 1793 3730 Τριόπιον.
1883 3650 2008 3716 ἔςτι
2065 3651 2119 3732 β’
2172 3651 2358 3716 πόλις
2401 3651 2471 3716 ἐν
2527 3656 2603 3734 τῇ
2654 3650 2870 3735 Θρᾴκῃ
2916 3648 3149 3729 Χερρό-

582 3772 803 3834 νηςος,
847 3752 994 3830 περὶ
1034 3748 1110 3829 ἧς
1150 3749 1473 3817 Ἑκαταῖος
1518 3752 1588 3817 ἐν
1634 3752 1906 3837 Εὐρώπῃ
1962 3752 2073 3817 «ἐν
2119 3754 2190 3818 δὲ
2234 3752 2476 3819 αὐτοῖςι
2531 3752 2716 3817 πόλις
2762 3753 3153 3831 Χερςόνηςος

461 3865 474 3876 “
583 3855 653 3921 ἐν
683 3860 776 3940 τῷ
806 3852 997 3937 ἰςθμῷ
1026 3856 1137 3931 τῆς
1166 3855 1552 3932 χερςονήςου
1567 3879 1611 3917 ».
1658 3853 1784 3919 ἔςτι
1829 3855 1932 3919 καὶ
1973 3854 2030 3931 γ’
2064 3855 2250 3921 πόλις
2294 3858 2405 3933 τῆς
2433 3854 2759 3934 Ταυρικῆς.
2804 3853 3154 3932 Ἡρόδοτος

583 3956 846 4040 τετάρτῃ
891 3953 972 4039 (c.
995 3954 1107 4039 99)
1155 3955 1446 4035 «νέμεται
1490 3956 1564 4020 τὸ
1608 3955 1923 4033 Ταυρικὸν
1969 3956 2157 4021 ἔθνος
2201 3957 2379 4036 μέχρι
2412 3956 2812 4035 Χερςονήςου
2855 3959 2965 4034 τῆς
3008 3974 3153 4032 τρη-

584 4059 753 4138 χείης
806 4058 1252 4138 καλεομένης».
1340 4050 1395 4121 δ’
1451 4056 1847 4136 Χερρόνηςος
1901 4058 2059 4123 κατὰ
2118 4058 2361 4138 Κρήτην
2425 4061 2619 4136 νῆςον
2679 4057 2911 4136 ἔχουςα
2972 4058 3154 4119 πολι-
3191 4063 3256 4114 35

588 4161 845 4241 ςμάτιον
901 4159 1261 4240 ὁμώνυμον.
1350 4158 1598 4224 Ξενίων
1661 4159 1730 4224 ἐν
1795 4166 1887 4245 τῷ
1952 4161 2097 4238 περὶ
2160 4160 2355 4240 αὐτῆς
2422 4160 2620 4224 «κατὰ
2684 4161 2755 4224 δέ
2798 4160 2913 4237 τὴν
2958 4156 3157 4234 αὐτὴν

585 4263 871 4342 πλευρὰν
913 4263 1017 4328 καὶ
1063 4261 1460 4341 Χερρόνηςος
1504 4263 1701 4325 κεῖται
1745 4260 1910 4339 πρὸς
1952 4266 2028 4344 τῇ
2058 4260 2332 4345 θαλάςςῃ
2376 4261 2604 4339 μεταξὺ
2647 4263 2759 4338 τῆς
2798 4279 2866 4323 τε
2901 4258 3158 4323 Κνωςοῦ

590 4367 688 4430 καὶ
739 4367 851 4442 τῆς
894 4363 1241 4430 Ὀλοῦντος
1257 4388 1300 4427 ».
1388 4363 1554 4429 ἔςτιν
1610 4362 1660 4427 ε’
1712 4363 1901 4428 πόλις
1952 4361 2180 4442 Λιβύης
2238 4362 2568 4441 Χέρρουρα
2621 4360 3013 4443 καλουμένη,
3069 4359 3161 4425 ὡς

592 4467 1002 4546 Ἀλέξανδρος
1045 4467 1117 4532 ἐν
1171 4468 1456 4548 Λιβυκῶν
1513 4465 1703 4547 τρίτῳ
1761 4461 2011 4540 «ἔχεται
2068 4463 2451 4542 χερρόνηςος
2506 4460 2714 4542 ὄνομα
2770 4462 3099 4541 Χέρρουρα
3114 4485 3159 4525 ».

593 4567 645 4639 ε’
693 4569 1088 4648 Χερρόνηςος
1143 4569 1182 4648 ἡ
1237 4570 1401 4648 πρὸς
1457 4573 1535 4650 τῇ
1595 4564 1895 4647 Κορίνθῳ.
1994 4564 2121 4631 ἔςτι
2174 4557 2278 4630 ’καὶ
2332 4562 2494 4644 ἄλλη
2560 4563 2721 4644 ἄκρα
2765 4562 3161 4643 Χερρόνηςος
3194 4573 3264 4625 40

600 4856 668 4908 τὸ
699 4857 759 4911 δέ
790 4856 1032 4925 Κάρηςος
1067 4886 1130 4894 --
1169 4856 1465 4922 βαρύνεται
1503 4871 1570 4907 ex
1593 4853 1865 4918 Theogn„
1903 4856 2074 4907 verba
2108 4854 2178 4908 τὸ
2214 4853 2276 4907 δέ
2315 4852 2559 4921 Κάρηςος
2595 4855 2678 4921 (Μ
2704 4855 2794 4921 20)
2832 4856 3163 4921 Τυραννίων

603 4923 779 4978 ὸξύνει
815 4943 988 4993 usque
1025 4926 1095 4976 ad
1129 4928 1232 4991 τῆς
1269 4923 1504 4976 ἐκείνων
1549 4920 1762 4972 uicem(
1806 4938 1875 4972 ex
1920 4922 1986 4976 ΙΙ.
2023 4925 2110 4979 Pr.
2149 4923 2206 4978 Μ
2243 4926 2324 4975 20.
2395 4922 2753 4989 Μυόννηςος,
2800 4924 3162 4990 Χερρόνηςος,

2630 5007 2760 5069 14*
