3664 5546
620 327 748 391 234
1552 326 1633 379 ΕΚ
1671 326 1809 379 ΤΩΝ
1854 325 2258 381 ΗΡΩΔΙΑΝΟΥ

620 501 691 563 δὲ
745 498 1262 577 ποντοπόρος
1319 496 1765 577 παροξύνεται·
1823 496 1904 561 οὐ
1957 497 2079 575 γὰρ
2137 496 2269 563 ἀπὸ
2338 499 2455 561 τοῦ
2511 495 2692 562 ὠκύς.
2792 496 3189 577 ςεςημείωται

618 601 693 666 τὸ
739 599 1171 680 ὠκυμὰχος.

784 703 915 767 ’Ἑτι
959 703 1060 767 καὶ
1101 704 1178 767 τὰ
1218 703 1395 783 παρὰ
1437 703 1513 768 τὸ
1558 701 1822 784 εὐρύς,
1870 701 2330 781 εύρύπορος.

785 804 946 870 Ὅςα
988 804 1308 884 ἔχεικατὰ
1337 803 1540 884 ἀρχὴν
1585 805 1661 869 τό
1705 804 1859 886 VEB,
1903 802 2488 886 προπαροξύνεται,
2533 802 2963 899 ναύαρχος,
3006 801 3188 868 ναύ-

556 926 589 976 5
622 910 939 989 κληρος,
984 907 1398 986 ναύλοχος.
1485 907 1560 972 τὸ
1606 909 1677 972 δὲ
1722 906 2155 989 ναυπηγός,
2199 905 2544 985 ναυηγός
2588 905 2894 973 ὀξύνεται.

786 1009 948 1074 Ὅςα
1021 1010 1198 1089 παρὰ
1273 1008 1581 1089 ἐπίρρημα
1656 1009 2032 1092 ςυντίθεται,
2105 1007 2688 1090 προπαροξύνεται,
2755 1006 3190 1090 ὀψίφυγος,

619 1098 1041 1194 ὀψίτυχος,
1087 1111 1638 1200 ὀψιτέλεςτος,
1683 1110 2146 1195 ἀγχίμολος,
2198 1110 2660 1190 ἀγχέμαχος.
2732 1110 2808 1175 τὸ
2854 1110 2925 1174 δὲ
2969 1129 3187 1188 περι-

619 1214 898 1279 κλυτός
941 1213 1072 1278 ἀπὸ
1115 1217 1226 1293 τῆς
1270 1214 1429 1293 περί.

785 1315 949 1381 ’Ὀςα
990 1315 1163 1395 παρὰ
1205 1315 1280 1380 τὸ
1323 1315 1564 1381 πάλιν
1609 1314 1711 1379 καὶ
1753 1314 1948 1392 ἄγαν
1992 1315 2095 1380 καὶ
2138 1315 2326 1381 αύτό
2368 1313 2663 1397 ςύνθετα,
2706 1315 3186 1399 προπαροξύνε-

522 1435 585 1487 10
617 1439 749 1500 ται,
792 1417 1308 1501 παλίμβολος,
1353 1417 1869 1500 παλίγκοτος,
1914 1417 2394 1500 ἀγάννιφος,
2438 1417 2911 1499 ἀγάςτονος,
2955 1417 3185 1483 αὐτό-

619 1538 893 1602 μαχος,
939 1519 1523 1586 αὐτοδίδακτος.

786 1621 880 1687 Τὰ
932 1623 1106 1702 παρὰ
1158 1623 1233 1688 τὸ
1288 1621 1545 1688 ἀκούω
1589 1622 2176 1706 προπαροξύνεται,
2235 1622 2618 1704 ὑπήκοος,
2663 1621 3023 1701 ἀνήκοος.
3110 1622 3186 1687 τὸ

619 1724 690 1789 δὲ
734 1714 1135 1790 ἑπακούός
1176 1726 1683 1803 παραςύνθετον·
1726 1724 1964 1802 γίνεται
2007 1725 2128 1804 γὰρ
2175 1724 2242 1789 ἐκ
2284 1729 2402 1790 τοῦ
2446 1725 2763 1790 ἐπακούω.

786 1826 880 1890 Τὰ
921 1827 1096 1906 παρὰ
1138 1828 1214 1892 τὸ
1258 1827 1409 1906 ἔχω
1456 1827 1821 1908 ςυγκείμενα
1867 1814 2181 1907 ὀνόματα,
2238 1826 2292 1891 εἰ
2347 1828 2461 1905 μὲν
2514 1832 2606 1910 τῷ
2649 1829 2688 1890 ὃ
2733 1825 3187 1909 παραλήγεται,

521 1944 584 1995 15
618 1928 1200 2012 προπαροξύνεται,
1256 1929 1652 2012 αἰγίοχος,
1705 1928 2061 2008 ἡνίοχος·
2130 1927 2255 1993 ἔςτι
2320 1930 2393 1994 δὲ
2457 1931 2558 1994 καὶ
2611 1928 2802 1994 ἔθνος
2856 1929 3030 2005 παρὰ
3093 1933 3185 2011 τῷ

621 2028 935 2113 Καυκάςῳ.
993 2028 1288 2112 (τράβων
1334 2030 1644 2116 ἑνδεκάτῃ·
1678 2032 1770 2116 (p.
1800 2028 1972 2111 496).
2018 2029 2339 2111 ἔνοχος,
2384 2030 2752 2112 μέτοχος,
2797 2029 3183 2108 πάροχος.

617 2130 670 2195 εἰ
715 2134 786 2196 δὲ
828 2137 903 2215 τῇ
950 2138 1031 2198 δῦ
1086 2132 1449 2218 διφθόγγῳ,
1504 2136 2034 2215 προπεριςπᾶται,
2095 2130 2240 2197 οἷον
2297 2131 2770 2214 ῥαβδοῦχος,
2825 2135 3183 2196 κλειδοῦ-

617 2253 784 2315 χος,
859 2237 1450 2317 λαμπαδοῦχος,
1525 2238 1999 2316 λυχνοῦχος,
2074 2239 2600 2318 ςταθμοῦχος,
2685 2233 3182 2312 ἀςπιδοῦχος.

570 2374 575 2379 -
617 2334 950 2416 (οφοκλῆς
1003 2336 1074 2401 ἐν
1122 2336 1423 2422 Ναυπλίῳ
1478 2337 1899 2402 καταπλέοντι
1958 2337 2091 2403 «ὡς
2143 2335 2531 2415 άςπιδοῦχος
2584 2337 2623 2416 ἢ
2681 2335 2918 2415 (κύθης
2968 2336 3183 2402 τοξεύ-

515 2453 583 2506 20
614 2458 814 2518 μαςι».
872 2443 1394 2521 ςκηπτοῦχος,
1442 2438 1849 2520 ὀφιοῦχος.

783 2540 877 2604 Τὰ
920 2539 1050 2605 ἀπὸ
1096 2540 1476 2622 διςυλλάβου
1521 2540 1831 2624 ῥήματος,
1890 2539 1970 2605 οὗ
2022 2541 2061 2618 ἡ
2118 2539 2399 2620 ἄρχουςα
2455 2540 2689 2621 μακρά,
2746 2540 3185 2620 ςυντεθειμένα

547 2678 555 2696 ·
616 2643 1200 2727 προπαροξύνεται,
1252 2648 1425 2724 μυκῶ
1482 2643 1887 2725 ἐρίμυκος,
1944 2647 2113 2709 ςυλῶ
2171 2642 2617 2724 ἱερόςυλος,
2675 2641 2853 2722 ἄρχω
2896 2663 3183 2724 γυμνα-

617 2744 961 2829 ςίαρχος,
1004 2750 1228 2824 πορθῶ
1271 2728 1828 2825 πτολίπορὸος.

782 2849 876 2913 Τὰ
919 2848 1093 2928 παρὰ
1135 2850 1210 2914 τὸ
1255 2848 1342 2914 εἰς
1374 2854 1435 2912 ff
1479 2848 1789 2928 ἐπίρρημα
1831 2848 2101 2928 ἀριθμοῦ
2131 2848 2570 2928 ςυντεθειμένα
2607 2848 3184 2929 προπαροξύνεται,
3231 2857 3258 2877 ·

515 2964 579 3015 25
617 2949 982 3033 δίφορος,
1026 2950 1450 3034 τρίφορος,
1494 2951 1904 3033 τρίπολος,
1949 2952 2091 3030 μεθ’
2135 2950 2227 3016 ὧν
2271 2951 2373 3015 καὶ
2415 2949 2928 3030 τετράφορος.

783 3052 877 3117 Τὰ
930 3052 1106 3132 παρὰ
1161 3053 1237 3118 τὸ
1305 3053 1578 3133 γράφω
1640 3053 2094 3136 παροξύνεται,
2159 3052 2818 3134 ἱςτοριογράφος,
2886 3055 3183 3132 βιβλιο-

616 3154 938 3233 γράφος.
1024 3156 1100 3219 τὸ
1147 3156 1217 3220 δὲ
1271 3155 1792 3235 παράγραφος
1848 3155 1921 3219 τὸ
1969 3157 2225 3234 ςημεῑον
2279 3155 2354 3219 τὸ
2410 3157 2480 3220 έν
2533 3157 2671 3219 τοῖς
2728 3154 2979 3233 μέτροις
3023 3155 3183 3219 τιθέ-

616 3276 812 3335 μενον
855 3256 1438 3338 προπαροξύνεται,
1482 3257 1657 3336 παρὰ
1699 3257 1774 3321 τὸ
1817 3256 2032 3336 γραφή
2075 3256 2214 3335 γάρ.

536 3423 548 3432 ,
783 3357 877 3421 Τά
919 3358 1094 3437 παρὰ
1138 3357 1303 3438 ῥῆμα
1346 3359 1747 3437 ςυντιθέμενα
1789 3357 2208 3436 παροξύνεται
2264 3358 2409 3439 μέν,
2464 3358 2572 3423 ὅτε
2627 3358 2952 3436 ἐνέργειαν
3010 3359 3183 3424 ὑπις-

513 3471 581 3523 30
616 3462 884 3541 χνεῖται,
928 3451 1480 3539 προπαροξύνεται
1526 3461 1626 3543 δέ,
1672 3459 1781 3524 ὅτε
1823 3460 2063 3542 πάθος,
2109 3458 2164 3524 εἰ
2207 3461 2288 3539 μὴ
2333 3460 2599 3525 κανόνες
2639 3462 2807 3530 τινὲς
2855 3460 3182 3525 κωλύοιεν.

753 3751 788 3800 l.
812 3754 845 3801 3
879 3765 1041 3815 quum
1074 3767 1124 3816 p.
1149 3753 1248 3802 233
1271 3750 1307 3800 1.
1333 3753 1399 3802 26
1423 3754 1551 3801 ante
1577 3748 1895 3816 δύςμορφος
1921 3752 2115 3802 verba:
2151 3749 2334 3802 καὶτὸ
2359 3749 2673 3815 εύρύπορος
2698 3749 3184 3816 προπαροξύνεται

617 3823 674 3869 et
710 3819 745 3870 1.
774 3821 800 3867 1
836 3824 957 3884 post
983 3816 1340 3883 ποντοπόρος
1376 3817 1746 3883 παροξύνεται
1784 3819 1976 3871 eadem
2013 3821 2180 3870 verba
2215 3821 2586 3885 reperiantur,
2626 3821 2818 3884 opinor
2853 3834 2921 3869 ea
2955 3820 3012 3868 in
3049 3820 3184 3870 alie-

614 3902 743 3938 num
776 3886 954 3938 locum
990 3888 1275 3952 irrepsisse
1312 3892 1368 3937 et
1404 3903 1471 3937 ex
1507 3903 1716 3938 canone
1753 3888 1874 3939 eius
1909 3887 2079 3950 modi,
2117 3887 2332 3953 qualem
2369 3887 2654 3953 proposui,
2693 3887 3040 3939 remansisse.

615 3955 649 4007 1.
686 3957 718 4005 4
755 3956 935 4007 inanis
973 3962 1060 4005 est
1097 3954 1377 4006 distinctio
1413 3955 1805 4007 vocabulorum
1841 3953 2117 4019 ναυβάτος
2153 3960 2209 4006 et
2232 3954 2534 4020 ναύβατος,
2572 3971 2714 4020 quae
2751 3954 2908 4005 nihili
2944 3959 3089 4016 sunt,
3127 3955 3183 4004 in

613 4024 678 4072 Ε.
715 4023 789 4076 Μ.
824 4025 941 4084 675,
978 4024 1057 4076 56.
1206 4023 1241 4072 l.
1279 4025 1308 4074 7
1345 4020 1612 4086 ὀψίτυχος
1649 4022 2010 4089 ὀψιτέλεςτος
2046 4023 2237 4074 addidi
2274 4040 2341 4075 ex
2377 4024 2522 4075 Mon.
2557 4025 2651 4085 26,
2689 4025 2739 4073 5.
2882 4022 2916 4073 l.
2957 4025 3018 4073 10
3054 4019 3182 4085 ἀγά-

615 4104 809 4143 ςτονος
847 4107 945 4157 pro
978 4089 1255 4154 ἀγάτονος
1292 4092 1484 4157 scripsi
1520 4107 1638 4142 cum
1672 4092 1933 4146 Schmidt.
2057 4093 2094 4142 1.
2134 4095 2195 4143 13
2230 4089 2444 4154 γίνεται
2479 4091 2584 4155 γὰρ
2621 4092 2827 4143 omittit
2863 4090 2979 4142 cod.
3016 4092 3080 4142 A.

613 4159 647 4212 1.
688 4162 752 4209 14
787 4176 882 4225 pro
919 4159 1142 4211 Arcadii
1178 4175 1413 4210 canone:
1457 4158 1530 4211 τὰ
1576 4160 1728 4226 παρὰ
1771 4160 1841 4212 τὸ
1886 4160 1999 4223 ἔχω
2038 4159 2360 4225 βαρύνεται,
2407 4157 2633 4223 ἡνίοχος
2678 4159 2847 4223 ἤοχος
2885 4157 2978 4219 (Α,
3017 4157 3183 4221 ἆοχος

614 4226 757 4292 BC),
796 4229 1237 4293 προπεριςπᾶται
1272 4226 1335 4280 δὲ
1369 4226 1438 4278 τὸ
1476 4228 1810 4293 λυχνοῦχος,
1859 4228 2191 4294 ῥαβδοῦχος,
2238 4230 2582 4293 ςταθμοῦχος
2618 4255 2683 4263 —-
2720 4226 2877 4293 posui
2921 4243 3183 4278 canonem

614 4297 671 4345 in
710 4297 807 4347 An.
846 4295 948 4346 Ox.
986 4297 1011 4346 1
1049 4298 1172 4360 387,
1212 4299 1275 4348 10
1318 4295 1407 4359 (Ε.
1443 4296 1516 4345 Μ.
1552 4301 1679 4360 432,
1717 4295 1834 4360 22),
1881 4314 1948 4348 ex
1985 4298 2068 4351 St.
2108 4297 2169 4349 B.
2209 4293 2459 4360 Ἡνίοχος
2504 4296 2666 4348 ἔθνος
2712 4295 2948 4357 addens,
2987 4311 3054 4345 ex
3090 4293 3183 4344 Ar-

614 4363 772 4414 cadio
808 4364 1114 4428 λυχνοῦχος
1150 4392 1215 4400 -
1251 4365 1623 4427 ςταθμοῠχος;
1670 4364 2002 4429 ἀςπιδοῦχος
2049 4382 2116 4416 ex
2163 4365 2241 4415 St.
2277 4367 2339 4416 Β.
2378 4367 2500 4428 135,
2539 4367 2597 4427 5,
2643 4365 3022 4429 ςκηπτοῦχος,
3060 4362 3183 4426 ὀφι-

613 4433 781 4494 οῦχος
827 4447 895 4481 ex
939 4433 1002 4485 E.
1039 4432 1179 4482 Gud.
1222 4434 1351 4493 503,
1388 4433 1479 4494 46,
1526 4436 1620 4484 ubi
1667 4449 1843 4484 canon
1889 4433 2082 4483 iisdem
2123 4434 2238 4484 fere
2281 4433 2465 4484 verbis
2508 4438 2674 4497 atque
2719 4434 2776 4482 in
2824 4431 3027 4482 Anecd.
3062 4447 3185 4497 pro-

611 4499 761 4550 latus
796 4505 896 4550 est.
1034 4500 1069 4550 l.
1107 4504 1173 4552 23
1207 4501 1404 4564 πορθῶ
1443 4498 1822 4566 πτολίπορθος
1859 4501 2038 4553 adieci
2075 4517 2141 4551 ex
2176 4502 2278 4565 Ep.
2305 4501 2396 4553 Cr.
2431 4502 2458 4550 Ι
2493 4502 2610 4562 354,
2648 4503 2729 4563 20,
2766 4500 2830 4550 Ε.
2857 4501 2929 4552 M.
2956 4502 3073 4560 694,
3098 4502 3181 4551 42.

747 4568 783 4617 1.
809 4570 875 4618 24
912 4564 991 4619 εἰς
1028 4584 1147 4619 enm
1175 4568 1422 4619 Schmidt
1476 4569 1698 4620 inserui.
1812 4570 1849 4621 1.
1872 4572 1939 4621 26
1972 4570 2072 4620 An.
2100 4570 2201 4620 Ox.
2223 4567 2420 4632 1139‘1,
2454 4571 2542 4618 22:
2579 4567 2652 4619 τὰ
2686 4567 2839 4633 παρὰ
2873 4566 2941 4619 τὸ
2977 4565 3181 4631 γράφω

612 4633 837 4687 ἅπαντα
873 4635 1397 4701 προπαροξύνονται
1432 4634 1555 4689 οἷον
1593 4636 1996 4703 καλλιγράφος,
2043 4634 2374 4700 ὁξυγράφος.
2521 4637 2557 4686 1.
2596 4640 2661 4688 29
2713 4638 2781 4687 ab
2818 4636 3054 4687 Arcadio
3100 4636 3183 4686 sic

612 4715 787 4755 canon
835 4713 1133 4788 conceptus
1177 4710 1289 4754 est:
1341 4704 1414 4757 τὰ
1467 4704 1561 4757 ἐπὶ
1607 4705 1890 4771 ἐνεργείας
1935 4704 2196 4768 τιθέμενα
2241 4704 2603 4768 ςυντιθέμενα
2649 4703 2763 4756 ἀπὸ
2818 4707 2922 4755 τοῦ
2968 4701 3179 4766 τέμνω,

613 4770 871 4835 φονεύω,
926 4771 1168 4838 ὁρυςςω,
1224 4770 1455 4836 κτείνω,
1501 4772 1683 4837 νέμω,
1728 4772 1904 4826 τίκτω
1950 4773 2387 4838 παροξύνονται,
2442 4770 2810 4836 ςκυτοτόμος,
2866 4770 3179 4835 μιαιφόνος,

612 4840 981 4904 τοιχωρύχος,
1019 4839 1432 4905 πατροκτόνος,
1471 4839 1789 4906 οἰκονόμος·
1837 4841 1905 4894 τὸ
1943 4840 2004 4894 δὲ
2040 4840 2355 4907 καρατόμος
2393 4841 2483 4893 καὶ
2529 4838 2896 4907 πρωτοτόκος
2943 4840 3180 4903 παροξυ-
