3664 5546
1144 366 1302 456 nep}
1343 364 1736 420 ΚΑΘΟΛΙΚΗ(
1773 361 2197 418 ΠΡΟΕΩιΔΙΑΕ
2237 362 2311 414 ΙΒ.
2885 356 3013 421 315

426 544 646 622 κηνῆς,
713 542 907 604 τοῦτο
964 539 1035 603 δὲ
1090 537 1310 617 νηςίον
1366 535 1530 601 ἐςτὶν
1584 534 1717 599 ἀπὸ
1771 537 1890 611 γῆς
1943 531 2192 612 ἀπέχον
2249 530 2532 596 ςτάδιον·
2598 529 2756 593 κατὰ
2816 530 3012 592 τοῦτο

428 643 611 723 λιμὴν
667 641 936 720 ὑπάρχει
995 625 1211 719 βαθὺς’
1241 638 1459 704 ναυςὶν
1515 637 1684 702 ὀκτὼ
1741 635 1871 701 ὑπὸ
1931 641 2023 718 τῷ
2078 633 2319 710 ἀγκῶνι
2374 633 2454 698 ὃν
2508 633 2682 695 ποιεῖ
2734 629 2811 695 τὸ
2856 627 3014 707 ὄρος

426 743 674 823 ἔχεςθαι
718 746 836 807 τοῦ
880 742 1233 818 αἰγιαλοῦ».
1299 738 1644 817 (κυλάκη
1688 738 1876 803 πόλις
1919 736 2066 814 περὶ
2114 734 2393 802 Κύζικον.
2459 732 2784 797 Ἑκαταῖος
2826 729 3011 813 Ἀςίᾳ.

427 844 693 922 Ἀνάκη
749 844 935 909 πόλις
990 843 1258 921 Ἀχαΐας.
1347 840 1757 919 Ἀναριάκη
1823 839 2010 904 πόλις
2063 838 2230 916 πρὸς
2280 842 2357 920 τῇ
2418 833 2655 918 Καςπίᾳ
2719 832 3011 915 θαλάςςῃ.

429 945 726 1031 (τράβων
780 944 888 1027 (11
948 967 1013 1030 p.
1057 942 1181 1007 507
1239 963 1412 1028 seqq.
1457 941 1628 1024 514).
1727 940 2048 1021 Ἀρβάκη
2113 939 2301 1003 πόλις
2366 937 2437 1003 ἐν
2498 934 2864 1018 Κελτιβηρίᾳ
2923 933 3014 998 ὡς
3054 942 3088 992 5

427 1048 640 1133 Ἰόβας.
728 1044 1063 1125 Ἀρςάκη.
1111 1046 1317 1110 οὕτως
1362 1043 1812 1125 μετωνομάςθη
1858 1041 2054 1117 Ῥάγα
2096 1040 2282 1104 πόλις
2327 1038 2397 1105 ἐν
2431 1035 2655 1122 ’Μηδίᾳ
2700 1034 2832 1101 ἀπὸ
2876 1035 3013 1113 Ἀρ-

429 1149 625 1214 ςάκου
686 1149 989 1227 βαςιλέως
1052 1149 1336 1226 Περςῶν.
1434 1145 1721 1225 Ἀφάκη
1788 1143 1976 1207 πόλις
2038 1141 2296 1224 Λιβύης,
2365 1141 2454 1206 ὡς
2517 1137 2879 1216 πολυίςτωρ
2943 1136 3014 1202 ἐν

427 1249 716 1330 Λιβυκῶν
772 1250 963 1333 τρίτῃ.
1065 1248 1420 1326 Μαινάκη
1478 1247 1735 1325 Κελτικὴ
1790 1245 1995 1309 πόλις.
2094 1243 2417 1320 Μαλάκη
2486 1238 2674 1304 πόλις
2738 1238 3013 1318 Ἰβηρίας.

427 1351 902 1431 Ἀρτεμίδωρος.
975 1350 1353 1431 Λαμψάκη
1400 1348 1707 1429 ἐπιχωρία
1750 1367 1845 1411 τις
1887 1345 2074 1428 κόρη,
2130 1343 2257 1424 ἀφ’
2301 1342 2375 1422 ἧς
2418 1342 2769 1423 Λάμψακος
2811 1340 3013 1404 πόλις.

431 1452 838 1533 Βαβυτάκη
883 1453 1072 1518 πόλις
1115 1452 1407 1530 Περςική.
1493 1447 1834 1530 Ὀμφάκη
1888 1449 2075 1513 πόλις
2126 1439 2417 1511 (ικελίοῖς.
2504 1444 2792 1508 Φίλιςτος
2847 1440 3118 1506 Cute-10

430 1556 625 1619 λικῶν
668 1555 969 1638 τετάρτῳ.
1059 1552 1337 1661 (ιδάιχη
1393 1552 1581 1617 πόλις
1626 1551 1853 1615 Λυκίας
1906 1548 2037 1612 ἀπὸ
2095 1547 2356 1627 (ιδάκης
2405 1549 2518 1625 τῆς
2562 1542 3011 1623 Ἀμιςωδάρου.

429 1655 814 1734 Τυριτάκη
884 1655 1071 1720 πόλις
1132 1654 1414 1720 Πόντου.
1524 1652 1843 1729 (ιττάκη
1911 1650 2099 1715 πόλις
2161 1649 2468 1731 Περςική,
2535 1646 2626 1711 ὡς
2688 1645 3014 1710 Ἑκαταῖος

428 1757 612 1840 Ἀςίᾳ.
699 1756 1211 1835 Ψευδαρτάκη
1269 1756 1479 1837 λόφος
1532 1753 1603 1819 ἐν
1658 1759 1734 1837 τῇ
1782 1752 2007 1835 (κυθίᾳ
2063 1751 2218 1830 μετὰ
2272 1751 2348 1837 τρ
2395 1749 2749 1829 λεγόμενον
2787 1748 3012 1823 Ἅγιον

430 1857 600 1937 ὄρος.
690 1858 974 1945 Βαιάκη
1020 1857 1205 1923 πόλις
1253 1856 1545 1921 Χαονίας.
1611 1855 1952 1937 Ἑκαταῖος.
2022 1853 2326 1932 Βαράκη
2381 1856 2572 1931 νῆςος
2614 1854 2726 1928 τῆς
2772 1850 2812 1913 Γ
2812 1853 3011 1927 εδρω-

430 1960 577 2023 ςίας.
647 1958 1050 2040 (αμυδάκη
1094 1959 1280 2023 πόλις
1328 1957 1698 2039 Καρμανίας.
1768 1955 2232 2032 Χανδανάκη
2276 1953 2464 2018 πόλις
2506 1952 2797 2029 Περςική.
2842 1950 3013 2014 Ἑκα-
3056 1955 3115 2006 15

428 2063 609 2124 ταῑος
663 2060 862 2127 Ἀςίας
915 2061 1292 2140 περιηγήςει.
1379 2059 1721 2136 Ψιττάκη
1777 2059 1964 2123 πόλις
2014 2058 2180 2136 πρὸς
2234 2062 2328 2138 τῷ
2381 2055 2653 2136 Τίγριδι,
2714 2051 2785 2116 ἐν
2840 2052 2880 2136 ᾖ
2936 2051 3013 2117 τὸ

427 2163 638 2241 φυτὸν
706 2166 838 2227 τῶν
902 2162 1279 2244 ψιττακίων,
1346 2160 1435 2226 ὡς
1498 2159 1901 2240 Δαμόφιλος.
1988 2158 2313 2237 Τυράκη.
2393 2155 2599 2220 οὕτως
2661 2153 3015 2233 Τυρακίνας

425 2263 617 2328 πόλιν
663 2263 940 2328 (Σικελίας
985 2264 1401 2342 Ἀλέξανδρος
1456 2262 1527 2326 ἐν
1571 2261 1845 2344 Εὐρώπῃ
1899 2262 2093 2324 καλεῖ.
2180 2257 2492 2336 Φυλάκη
2548 2256 2735 2321 πόλις
2785 2255 3012 2320 Θεςςα-

429 2365 567 2429 λίας
612 2364 717 2428 «οἱ
762 2363 819 2428 δ’
863 2363 1045 2443 εἶχον
1090 2363 1389 2443 Φυλάκην
1434 2364 1536 2427 καὶ
1577 2362 1884 2440 Πύραςον
1930 2360 2362 2438 ἀνθεμόεντα»
2406 2360 2484 2440 (Β
2513 2356 2667 2440 695)
2710 2356 2842 2423 ἀπὸ
2886 2357 3012 2420 Φυ-

428 2465 630 2530 λάκου
673 2469 790 2529 τοῦ
834 2465 1138 2543 Δηῖόνος.
1225 2464 1265 2541 ἡ
1321 2466 1392 2529 δὲ
1437 2464 1742 2543 φυλακή
1800 2462 1932 2527 ἀπὸ
1988 2465 2106 2526 τοῦ
2151 2460 2456 2540 φυλάςςω
2500 2461 2603 2523 καὶ
2658 2458 2834 2537 ἰακή
2880 2456 3011 2522 ἀπὸ
3047 2465 3116 2517 20

427 2570 545 2630 τοῦ
590 2565 743 2632 ἰάζω
788 2566 892 2629 καὶ
935 2565 1175 2642 ὑλακή
1220 2565 1352 2629 ἀπὸ
1397 2568 1515 2628 τοῦ
1560 2564 1824 2629 ύλὰςςω.
1912 2563 1989 2627 τὸ
2034 2563 2106 2627 δὲ
2150 2559 2447 2639 ἀνάγκη
2506 2560 2560 2625 εἰ
2602 2559 2682 2640 ἦν
2726 2559 2857 2657 ἀπὸ
2904 2558 3011 2639 ῥή-

430 2685 627 2746 ματος
668 2669 785 2730 τοῦ
830 2665 1082 2732 ἀνάςςω
1125 2665 1423 2733 ὀξύνοιτο
1468 2666 1549 2730 ἂν
1596 2666 1686 2730 ὡς
1729 2664 2014 2742 ςτενάχω
2059 2662 2410 2740 ςτεναχή.
2710 2702 2717 2708 -

602 2766 694 2832 Τὰ
738 2767 828 2833 εἰς
871 2769 954 2846 ῖη
1000 2767 1509 2849 ὑπερδιςύλλαβα
1550 2773 1643 2851 τῷ
1686 2769 1718 2833 ἐ’
1762 2767 1802 2845 ἢ
1831 2772 1925 2850 τῷ
1970 2768 2011 2830 ὅ
2036 2763 2536 2845 παραληγόμενα
2569 2763 2800 2828 ςπάνιά
2843 2762 3011 2828 εἰςιν.

427 2868 483 2931 Ζ
495 2868 951 2948 εβέκη·πόλις
990 2872 1103 2947 τῆς
1135 2869 1480 2934 Γαλιλαίας.
1546 2870 1843 2948 Ἰωςηπος
1885 2869 2224 2946 Ἰουδαϊκῆς
2262 2865 2716 2945 ἀρχαιολογίας
2743 2866 3011 2949 πέμπτῳ

426 2966 526 3051 (5,
555 2968 640 3050 2).
689 2970 968 3049 ςημαίνει
1014 2971 1086 3035 δὲ
1127 2970 1205 3036 τὸ
1250 2970 1459 3051 ὄνομα
1503 2970 1734 3049 κύριος.
1818 2971 1894 3035 τὸ
1940 2968 2332 3045 Ἀλωπεκή
2378 2970 2577 3047 δῆμος
2619 2970 2730 3046 τῆς
2772 2967 3011 3032 Ἀντιο-
3046 2977 3112 3026 25

427 3070 606 3149 χίδος
649 3075 859 3150 φυλῆς
904 3070 1209 3138 ὀξύνεται.
1295 3071 1373 3137 τὸ
1417 3073 1488 3136 δὲ
1536 3072 1977 3152 βορβορόκη
2025 3070 2393 3151 βαρύνεται,
2439 3069 2542 3134 καὶ
2582 3070 2659 3134 τὸ
2705 3069 3011 3150 ψοθόκη

426 3172 466 3250 ἡ
511 3169 869 3251 ἀκαθαρςία.

427 3418 491 3428 -
529 3389 786 3457 Εκυλάκη
823 3392 1043 3459 explevi
1081 3409 1149 3444 ex
1186 3394 1378 3458 Steph.
1414 3394 1577 3459 Byz.‚
1625 3394 1839 3460 reliqua
1874 3409 2048 3460 usque
2093 3394 2164 3445 ad
2201 3393 2432 3459 Φυλάκη
2471 3412 2539 3446 ex
2578 3394 2770 3445 eodem
2803 3392 3010 3456 addidi,

426 3475 591 3510 unum
629 3458 854 3526 Τυράκη
891 3477 925 3511 a
967 3497 979 3510 .
1016 3461 1097 3512 st.
1135 3463 1195 3511 B.
1234 3468 1505 3526 oxytonos
1541 3465 1804 3528 seriptum
1842 3467 1943 3520 est,
1981 3468 2264 3513 accentum
2301 3465 2484 3528 tangit
2519 3462 2621 3514 hoc
2654 3462 3011 3513 adnotamen-

428 3533 542 3577 tum
579 3528 873 3592 Stephani:
941 3526 1129 3594 Ανάκη
1176 3528 1255 3581 ὡς
1295 3527 1527 3594 Ἀνάφη.
1597 3533 1681 3581 De
1718 3528 1950 3595 Φυλάκη
1999 3530 2072 3583 cf.
2109 3530 2177 3586 11.
2213 3531 2310 3581 Pr.
2347 3531 2387 3582 Β
2424 3533 2524 3581 695
2562 3531 2649 3593 (Ε.
2684 3531 2756 3579 Μ.
2792 3531 2918 3592 802,
2959 3530 3010 3592 1)

427 3592 621 3646 Φυλάκ
665 3609 723 3645 v:
773 3595 1188 3660 βαρυτονητέον
1230 3596 1300 3648 τὸ
1348 3595 1616 3663 Φυλάκην
1660 3596 1804 3662 πρὸς
1850 3596 2276 3662 ἀντιδιαςτολήν
2319 3601 2420 3649 τοῦ
2469 3595 2825 3660 ὀξυνομένου.
2903 3598 3011 3647 Pro

425 3660 594 3726 αἰακὴ
669 3661 746 3713 πὸ
780 3665 883 3714 τοῦ
922 3661 1095 3716 αἰάζω
1139 3665 1306 3715 scribi
1350 3680 1459 3716 nen
1505 3671 1715 3732 potest,
1762 3665 1908 3731 quod
1943 3665 2275 3717 Schmidtius
2317 3667 2524 3731 posuit.
2570 3662 2701 3730 άῖκή
2745 3663 2862 3716 ἀπὸ
2904 3667 3009 3715 τοῦ

426 3728 623 3795 ἀῖςςω,
671 3731 800 3795 qnia
845 3730 949 3780 hoe
995 3747 1104 3781 non
1148 3731 1385 3796 quadrat
1429 3732 1500 3782 ad
1547 3749 1810 3784 canonem
1860 3733 1927 3783 de
1974 3735 2282 3785 nominibus
2328 3735 2385 3784 in
2432 3736 2539 3797 εἴη
2583 3737 2866 3798 agentem3
2912 3731 3012 3782 sed

315 3815 324 3836 ι
427 3799 668 3863 pertinet
703 3799 774 3847 ad
809 3798 996 3863 paullo
1035 3804 1158 3862 post
1195 3805 1514 3864 sequentem
1554 3801 1622 3851 de
1658 3801 1970 3851 nominibus
2006 3802 2062 3850 in
2098 3805 2215 3864 ἰκῆ,
2264 3817 2371 3865 quo
2409 3802 2524 3853 loeo
2561 3802 2730 3852 etiam
2764 3799 3011 3864 Theognss

427 3866 652 3929 profert.
727 3866 908 3927 Quare
948 3865 1084 3915 nihil
1122 3867 1391 3931 reliquum
1428 3872 1515 3919 est
1551 3868 1658 3918 nisi
1692 3873 1753 3918 ut
1790 3865 1920 3932 ἰακή
1958 3866 2072 3919 ἀπὸ
2117 3871 2221 3920 τοῦ
2270 3867 2404 3922 ἰάζω
2441 3870 2770 3931 scribamus,
2820 3883 3011 3932 quam-

427 3932 1169 4063 3k¹2xmfi¹¹a¹¹ss¹3⁸223053222¹53
1192 3939 1579 4052 Jissitffiffi?
1618 3951 1788 4053 {533³
1810 3937 2212 4054 ffssffimaffiss
2247 3938 2674 4055 ssffibissssffl'·
2698 3935 3009 4052 ῗὶοἲὶιὲἷέῑ

424 4065 495 4117 τὸ
531 4066 593 4117 δὲ
639 4065 854 4132 ἀνάγκη
904 4084 971 4119 ex
1007 4070 1068 4117 Ε.
1108 4069 1181 4121 Μ.
1221 4072 1311 4126 95,
1349 4073 1441 4131 50,
1496 4070 1641 4133 quod
1689 4087 1755 4121 ex
1799 4021 2105 4120 Herodi'assi
2152 4071 2339 4122 schola
2385 4086 2637 4122 manasse
2680 4019 2817 4120 ipnflg
2858 4039 3009 4119 recte

427 4135 706 4184 concludit
743 4134 984 4185 Lobeck.
1022 4136 1209 4187 Rhem.
1247 4138 1364 4197 266,
1402 4137 1547 4200 quod
1585 4135 1811 4201 πατάγη
1889 4138 2070 4188 ravari
2118 4139 2274 4188 iubet
2310 4139 2684 4198 HerodianuS‚
2734 4137 2863 4201 quia
2900 4151 3009 4186 non

425 4201 648 4252 verbale
687 4203 760 4252 sit
795 4207 857 4252 ut
892 4200 1178 4268 ἀλαλαγή,
1218 4203 1313 4253 sed
1350 4219 1686 4268 paronymon
1722 4221 1756 4255 a
1793 4219 1834 4254 π
1874 4218 2044 4266 ταγος
2081 4205 2154 4255 ef.
2192 4205 2358 4255 Proll.
2396 4222 2448 4270 p,
2470 4208 2551 4256 15.
2624 4204 2785 4256 Unde
2824 4208 3009 4255 autem

427 4270 776 4320 Herodianus
813 4268 1030 4336 ἀνάγκη
1069 4270 1431 4332 dorix-averit,
1470 4287 1577 4321 non
1614 4271 1804 4322 claret.
1878 4273 1939 4319 Ε.
1977 4273 2051 4324 Μ.
2089 4288 2186 4336 per
2227 4273 2271 4320 it
2307 4271 2457 4335 παρὰ
2491 4271 2561 4323 τὸ
2599 4270 2721 4334 ἄγω
2756 4270 2862 4323 οὖν
2898 4269 3006 4335 ἄγη

426 4335 517 4386 καὶ
563 4337 899 4402 πλεοναςμῷ
943 4339 1048 4388 τοΟ
1084 4340 1116 4389 ἱ
1162 4336 1377 4404 ἀνάγκη
1422 4336 1458 4400 ἡ
1506 4336 1694 4389 πάντα
1739 4340 2034 4403 κρατοῠςα.
2116 4339 2150 4402 ἢ
2235 4337 2399 4402 γκάς,
2447 4337 2590 4403 ἀγκη
2637 4339 2727 4391 καὶ
2772 4337 3006 4403 ἀνάγκη,

426 4400 618 4467 ἐπειδὴ
655 4403 724 4456 τὸ
760 4408 883 4456 ταῖς
919 4403 1186 4467 ἀγκάλαις
1222 4405 1609 4470 κρατούμενον
1645 4405 1788 4457 κατὰ
1823 4404 2058 4468 δύναμιν
2093 4405 2485 4471 ἀφυκτότερον
2520 4405 2749 4470 γίνεται.
2794 4407 2829 4470 ἢ
2855 4406 3009 4470 παρὰ

426 4469 495 4521 τὸ
532 4469 691 4534 ἄκος,
730 4472 873 4536 πρὸς
911 4471 983 4536 ἣν
1019 4470 1153 4525 ἄκος
1189 4472 1293 4524 οὐκ
1330 4473 1478 4525 ἐςτιν
1516 4472 1715 4539 εὑρεῖν.
1761 4474 2076 4523 Secundum
2110 4476 2273 4524 trium
2298 4481 2623 4540 etymorum‚
2664 4476 2711 4524 si
2748 4476 3005 4525 conferas

426 4539 489 4586 E.
526 4540 599 4588 M.
643 4542 754 4602 106,
792 4544 858 4592 23
894 4539 1210 4605 ἀνήγκακαε
1260 4538 1441 4593 ίςτέον
1489 4540 1577 4592 ὅτι
1614 4539 1892 4606 βάρβαρόν
1937 4540 2085 4593 ἐςτιν
2130 4541 2235 4605 οὐχ
2272 4540 2665 4606 εὑριςκόμενον
2709 4542 2852 4606 παρ’
2886 4540 3007 4595 Ἕλ-

427 4606 581 4670 ληςιν
627 4605 690 4657 ἐν
733 4607 946 4672 χρήςει,
997 4607 1075 4659 ὡς
1122 4607 1272 4671 λέγει
1310 4607 1652 4673 Ἡρωδιανὸς
1693 4635 1760 4644 --
1803 4608 2037 4660 δύναται
2083 4608 2173 4660 καὶ
2220 4607 2490 4661 ςύνθετον
2536 4609 2680 4661 εἶναι
2732 4608 2848 4661 ἀπὸ
2900 4612 3005 4661 τοῦ

426 4670 648 4734 ἀγκάῑω
682 4674 752 4725 τὸ
789 4673 852 4726 ἐν
887 4673 1153 4737 ἀγκάλαις
1190 4674 1457 4740 λαμβάνω
1495 4677 1584 4728 καὶ
1622 4675 1684 4727 ἐκ
1720 4675 1930 4728 τούτου
1965 4675 2190 4740 ἀγκάςω
2227 4677 2444 4741 ἦγκακα
2471 4677 2560 4729 καὶ
2587 4676 2726 4740 μετὰ
2761 4679 2864 4742 τῆς
2900 4676 3007 4728 ἀνά

367 4731 398 4762 “’
428 4739 745 4802 προθὲςεως
781 4741 1090 4808 ἀνήγκακα,
1129 4745 1532 4795 Herodianeam
1569 4745 1837 4809 originem
1873 4746 2039 4810 sapit.
2173 4745 2206 4797 l.
2244 4748 2310 4795 24
2343 4745 2558 4810 Ζεβέκη
2596 4745 2784 4796 addidi
2820 4761 2889 4795 ex
2925 4747 3007 4799 St.

424 4808 517 4872 B.,
558 4806 854 4873 Ἀλωπεκή
901 4826 969 4861 ex
1005 4812 1193 4862 eodem
1237 4813 1473 4879 explevi.
1556 4811 1893 4878 βορβορόκη,
1942 4829 2039 4878 pro
2085 4828 2191 4877 quo
2230 4815 2361 4867 Lob.
2400 4813 2565 4866 Proll.
2602 4816 2702 4866 330
2745 4814 3004 4880 βορβορο·
