3664 5546
615 240 745 304 294
1396 267 1405 274 -
1558 235 1642 290 εκ
1680 215 1838 290 τΩΝ’
1864 236 2272 292 ΗΡΩΔιΑΝοΥ

607 409 893 490 ιἸβηρίας.
980 406 1382 486 Λαμουςία
1423 405 1463 485 ἡ
1508 405 1685 484 παρὰ
1727 405 1946 484 Λάμον
1992 407 2286 484 ποταμὸν
2335 404 2603 470 Κιλικίας
2646 406 2857 489 χώρα,
2905 407 2996 470 ὡς
3039 407 3214 471 Ἀλέ-

615 515 890 587 ξανδρος
954 507 992 571 ὁ
1054 507 1415 585 πολυίςτωρ
1480 507 1550 571 ἐν
1615 507 1854 590 πρώτῳ
1921 505 2266 571 Λυκιακῶν.
2375 505 2769 570 Λευκωςία
2843 510 3034 585 νῆςος
3105 507 3215 586 μία

618 617 750 678 τῶν
796 610 1252 689 Εειρηνουςῶν.
1326 606 1702 672 (ελλαςία
1743 607 1930 672 πόλις
1960 608 2308 684 Λακωνική.
2379 606 2769 686 Θεόπομπος
2813 607 2883 673 ἑν
2928 609 3211 692 τετάρτῳ

616 714 1017 791 Ἑλληνικῶν.
1092 709 1569 788 Ἀμαθουςία.
1644 708 1852 773 οὕτως
1918 707 2207 773 ἐκαλεῖτο
2263 709 2304 786 ἡ
2375 708 2644 786 Κύπρος.
2738 709 3213 787 Κυπαριςςία

543 823 576 872 5
620 815 806 879 πόλις
850 816 962 890 τῆς
1004 810 1371 891 Τριφυλίας.
1439 809 1785 888 Θηραςία
1828 813 2023 889 νῆςος
2066 810 2137 874 ἐν
2181 816 2273 893 τῷ
2318 810 2547 889 μεταξὺ
2591 810 2777 895 πόρῳ
2825 811 3066 890 Κρήτης
3106 811 3212 875 καὶ

622 914 1005 996 Κυρηναίοις,
1050 913 1126 977 τὸ
1172 914 1214 976 ἇ
1257 912 1501 992 μακρὸν
1549 913 1818 990 «μεταξὺ
1864 914 1976 988 τῆς
2021 912 2235 990 Θήρας
2278 933 2347 977 τε
2392 914 2495 977 καὶ
2533 913 2908 991 Θηραςίας».
2997 911 3211 989 Ἀρα-

618 1017 861 1095 χωςία
904 1014 1091 1079 πόλις
1137 1014 1257 1078 οὐκ
1299 1012 1563 1078 ἄπωθεν
1610 1013 2037 1089 Μαςςαγετῶν
2083 1012 2381 1093 Ετράβων
2426 1013 2729 1097 ἑνδεκάτῃ
2773 1011 2867 1097 (p.
2894 1004 3047 1094 513)
3075 1012 3213 1091 ἥτις

619 1118 722 1181 καὶ
780 1117 1018 1196 Κωφήν
1075 1115 1382 1179 ἐκαλεῖτο.
1482 1113 1784 1191 Δρεςία
1840 1114 2028 1178 πόλις
2081 1114 2376 1192 Φρυγίας.
2470 1114 2799 1192 Καληςία
2851 1114 3036 1179 πόλις
3089 1113 3211 1177 Αὐ·

621 1219 855 1296 ςονική.
943 1216 1290 1281 Διονύςιος
1333 1215 1819 1299 τριςκαιδεκάτῳ
1864 1215 2213 1294 Ῥωμαῖκῆς
2270 1213 2739 1294 ἀρχαιολογίας.
2816 1215 3213 1294 Καρπαςία

520 1328 585 1380 10
619 1319 806 1384 πόλις
857 1318 1148 1400 Κύπρου,
1203 1318 1282 1395 ἣν
1326 1315 1718 1396 Πυγμαλίων
1764 1316 2035 1399 ἔκτιςεν,
2083 1317 2173 1380 ῶς
2217 1315 2582 1381 Ἑλλάνικος
2637 1316 2709 1380 ἐν
2754 1319 2891 1381 τοῖς
2940 1317 3206 1393 Κυπρια-

617 1423 771 1486 κοῖς.
872 1420 999 1484 ἔςτι
1070 1420 1173 1483 καὶ
1240 1420 1435 1495 νῆςος
1505 1417 1825 1496 Καρπαςία
1899 1418 2059 1482 κατὰ
2120 1419 2236 1496 τὴν
2302 1416 2502 1495 ἄκραν
2567 1421 2684 1496 τὴν
2751 1417 3206 1498 (αρπηδονίαν.

619 1522 997 1600 Ξεναγόρας
1042 1521 1114 1584 δὲ
1164 1519 1507 1597 Κάρπαθον
1552 1515 1753 1596 αὐτήν
1799 1540 1969 1599 φηςι.
2036 1519 2405 1597 Δημήτριος
2450 1519 2506 1582 δ’
2549 1518 2587 1582 ὁ
2634 1518 3006 1598 (αλαμίνιος
3053 1518 3209 1596 Καρ-

622 1623 840 1703 βαςίαν
885 1621 1109 1702 φηςίν,
1164 1620 1264 1685 ὅτι
1306 1620 1472 1698 πρὸς
1514 1620 1633 1684 τὸν
1688 1606 2098 1699 καλούμενον
2124 1621 2389 1708 ,κάρβαν
2444 1618 2686 1697 ἄνεμον
2739 1624 2974 1686 κεῑςθαι
3018 1624 3210 1685 δοκεῖ.

623 1723 1029 1802 Μαγνηςία
1071 1722 1259 1786 πόλις
1303 1721 1479 1800 παρὰ
1520 1727 1614 1803 τῷ
1647 1721 2000 1805 Μαιάνδρῳ
2045 1721 2148 1785 καὶ
2192 1721 2371 1799 χώρα
2402 1718 2533 1784 ἀπὸ
2574 1720 2935 1799 Μάγνητος.
2996 1721 3210 1785 Ὑπε-

522 1835 583 1886 15
625 1824 855 1904 ραςία
907 1825 1095 1888 πόλις
1140 1824 1409 1901 Ἀχαίας.
1468 1821 1607 1896 ,αοῖ
1649 1822 1716 1885 θ’
1759 1821 2139 1901 Ὑπερηςίην
2194 1841 2263 1885 τε
2308 1822 2410 1885 καὶ
2465 1820 2758 1899 αἰπεινὴν
2804 1824 2843 1886 Γ
2847 1822 3149 1887 ονόεςςαν
3164 1847 3210 1886 ι.

621 1927 907 2006 Ὅμηρος
950 1927 1027 2006 (Β
1070 1922 1242 2004 573).
1330 1927 1537 1988 κακῶς
1601 1925 1671 1987 δὲ
1729 1924 1915 1988 Θέων
1971 1923 2334 2001 Ὑπέρειαν.
2372 1922 2578 2001 αὐτὴν
2632 1926 2827 1987 καλεῖ.
2917 1922 3212 2001 Ὑπέρεια

620 2029 744 2106 γὰρ
790 2028 958 2106 πηγὴ
1008 2026 1347 2104 Μεςηῖδος.
1431 2025 1534 2088 καὶ
1576 2026 1764 2089 πόλις
1809 2024 2107 2103 (ικελική.
2184 2023 2522 2102 ῶνομάςθη
2568 2026 2639 2087 δὲ
2683 2023 2815 2088 ἀπὸ
2861 2024 3212 2103 Ὑπέρητος

619 2133 739 2194 τοῦ
782 2127 1113 2194 Λυκάονος
1156 2126 1318 2189 υἱοῦ.
1386 2125 1640 2190 Ῥυςία
1680 2127 1868 2191 πόλις
1914 2126 2233 2190 Βοιωτίας.
2300 2124 2721 2189 Φαλαιςίαι
2768 2126 2955 2190 πόλις
2999 2126 3211 2204 Ἀρκα-

622 2230 775 2295 δίας.
847 2227 1214 2293 Παυςανίας
1257 2225 1477 2309 ὀγδόῳ
1522 2226 1654 2308 (35,
1701 2227 1786 2308 3).
1863 2227 2064 2291 Ἀςία
2106 2227 2293 2291 πόλις
2324 2226 2558 2291 Λυδίας
2600 2227 2777 2304 παρὰ
2819 2233 2914 2309 τῷ
2944 2226 3210 2310 Τμώλῳ,

523 2344 591 2395 20
626 2333 695 2396 ἐν
740 2333 779 2414 ᾖ
823 2330 1164 2409 τρίχορδος
1208 2329 1436 2406 εὑρέθη
1482 2327 1738 2410 κιθάρα,
1785 2329 1888 2393 διὸ
1934 2330 2034 2392 καὶ
2079 2327 2282 2392 Ἀςιὰς
2328 2328 2575 2406 ἐκλήθη.
2627 2328 2730 2391 καὶ
2759 2327 2926 2392 Ἀςία
2971 2328 3213 2414 ἡ-ἤπει-

625 2451 766 2511 ρος·
834 2431 898 2497 οἱ
957 2431 1072 2509 μὲν
1138 2429 1269 2493 ἀπὸ
1322 2429 1575 2494 πόλεως
1628 2429 1891 2512 Λυδίας,
1949 2427 2013 2493 οἱ
2067 2431 2137 2493 δὲ
2191 2428 2324 2494 ἀπὸ
2370 2429 2575 2494 Ἀςίου
2630 2432 2747 2493 τοῦ
2793 2429 3006 2494 Λυδοῦ
3061 2431 3098 2507 ἢ
3144 2429 3215 2493 ἐκ

623 2536 734 2610 τῆς
776 2532 1174 2611 Προμηθέως
1194 2523 1517 2605 ’γυναικὸς
1562 2530 1599 2606 ἢ
1646 2529 1778 2594 ἀπὸ
1821 2534 1939 2596 τοῦ
1984 2531 2234 2608 πολλὴν
2280 2529 2419 2594 ἄςιν
2476 2530 2647 2608 ἔχειν
2690 2530 3011 2595 τουτὲςτιν
3057 2530 3244 2608 ἰλύν..

625 2636 753 2698 ἔςτι
797 2634 901 2697 καὶ
943 2632 1110 2696 Ἀςία
1165 2635 1356 2709 νῆςος
1411 2631 1753 2696 Αἰθιοπίας.
1843 2631 1902 2695 εἴ
1954 2653 2010 2696 τι
2066 2632 2138 2695 δὲ
2195 2630 2462 2715 ὀξυνθῇ,
2519 2631 2728 2710 ὄνομα
2782 2632 2988 2711 δήμου
3049 2632 3212 2696 ἐςτὶν

625 2736 664 2814 ἢ
710 2734 1104 2814 περιεκτικὸν
1153 2732 1436 2811 ὑπάρχει.
1521 2733 1599 2798 τὸ
1653 2735 1769 2813 μὲν
1824 2733 2256 2829 προςτναςιά
2310 2733 2413 2797 καὶ
2456 2733 2742 2811 πραςιά
2797 2734 2900 2797 καὶ
2940 2733 3216 2812 τραςιά

522 2846 589 2897 25
626 2838 665 2902 ὁ·
707 2838 912 2901 τόπος
956 2836 1128 2900 ὅπου
1172 2834 1573 2913 ξηραίνονται
1618 2835 1697 2899 τὰ
1742 2840 1916 2917 ςῦκα,
1960 2835 2062 2898 καὶ
2105 2834 2422 2913 αἱμαςιά
2469 2836 2558 2899 ῶς
2603 2835 2865 2899 ἔννοιαν
2910 2855 3213 2913 περιεκτι-

627 2945 756 3004 κῶν
814 2938 1050 3015 ἔχοντα
1103 2936 1411 3001 ὀξύνεται.
1498 2936 1574 3000 τὸ
1630 2938 1701 3000 δὲ
1761 2936 2091 3015 Κηφιςιά
2147 2937 2250 3000 καὶ
2307 2936 2796 3015 Ἐπικηφιςιά
2855 2940 3055 3016 δῆμος
3105 2940 3216 3014 τῆς

627 3040 927 3117 Οἰνηῖδος
972 3040 1183 3117 φυλῆς
1227 3037 1330 3100 καὶ
1358 3036 1566 3100 Ὑςιά
1612 3037 1715 3100 καὶ
1758 3036 2047 3101 Λουςιά
2092 3042 2290 3117 δῆμος
2333 3041 2445 3115 τῆς
2486 3027 2785 3115 Οἰνηῖδος
2830 3041 3040 3117 φυλῆς
3083 3037 3214 3102 ἀπὸ

627 3140 894 3204 Λουςίας
940 3143 1079 3216 μιᾶς
1121 3144 1252 3202 τῶν
1298 3136 1637 3202 Ὑακίνθου
1690 3132 2093 3221 θυγατέρων,
2149 3140 2251 3203 καὶ
2292 3139 2624 3216 Πραςιαί
2678 3142 2878 3218 δῆμος
2931 3141 3215 3204 Πανδιο-
3265 3204 3270 3209 ,

626 3242 804 3306 νίδος
850 3243 1060 3319 φυλῆς
1103 3274 1187 3283 --
1231 3238 1359 3302 ἔςτι
1402 3240 1505 3302 καὶ
1532 3240 1899 3305 Λακωνικὸν
1947 3240 2281 3318 πολίχνιον
2324 3275 2412 3285 -
2454 3239 2742 3319 ὀνόματα
2771 3241 3022 3323 δήμων,
3069 3241 3217 3319 μεθ’

526 3351 593 3402 30
628 3341 721 3406 ὧν
766 3343 868 3404 καὶ
912 3339 1229 3417 Βραςιαί
1271 3339 1457 3403 πόλις
1499 3340 1829 3418 Λακωνικὴ
1873 3344 1973 3387 —*
2000 3340 2366 3406 Παυςανίας
2409 3341 2602 3423 τρίτῳ
2648 3341 2792 3423 (21,
2832 3341 2868 3404 7
2904 3351 2970 3405 et
2996 3340 3114 3421 24,
3146 3341 3216 3421 3)

628 3444 731 3506 καὶ
775 3440 1089 3519 Βρυςιαί
1133 3440 1320 3504 πόλις
1363 3441 1643 3506 Ἤλιδος.
2153 3442 2164 3455 ‘
2628 3440 2632 3444 ’

797 3543 891 3605 Τὰ
935 3542 1040 3604 διὰ
1082 3546 1198 3610 τοῦ
1241 3545 1358 3606 νῖᾶ
1401 3543 1642 3620 μακρὸν
1697 3542 1935 3621 ἔχοντα
1990 3544 2067 3607 τὸ
2128 3562 2169 3604 α
2214 3544 2580 3625 βαρύνεται,
2637 3543 2897 3624 κονία,
2952 3543 3215 3624 πενία,

628 3642 3218 3727 γειτονία,μανία,γωνία,ξενία,ἀνία,ἁρμονία,ταινία,ἀκρωνία
3305 3660 3320 3671 ’

762 3864 795 3914 l.
832 3867 897 3915 23
935 3880 1033 3929 pro
1078 3864 1190 3926 ἔχει
1235 3864 1430 3928 scripsi
1475 3861 1651 3925 ἐςτίν,
1691 3866 1848 3928 potui
1891 3865 2058 3914 etiam
2095 3881 2190 3929 pro
2228 3863 2407 3927 ὄνομα
2454 3880 2656 3930 ponere
2705 3863 2945 3915 ἔννοιαν.
3016 3863 3218 3928 πραςιά

627 3934 860 3983 mutavit
894 3933 952 3981 in
986 3930 1178 3995 τραςιά
1214 3930 1425 3982 Nauck.
1463 3930 1660 3980 Philol.
1698 3931 1753 3981 11
1792 3934 1906 3993 146,
1945 3932 2041 3982 sed
2079 3932 2272 3997 τραςιά
2308 3934 2494 3998 potius
2522 3932 2755 3992 excidit,
2793 3937 2856 3982 ut
2892 3938 3124 3999 apparet
3150 3949 3218 3983 ex

627 4001 727 4064 Ep.
774 3998 862 4049 Cr.
899 4000 925 4049 1
963 4001 1089 4061 366,
1127 4002 1209 4049 29.
1283 3996 1628 4063 Ἐπικηφιςιά
1674 4016 1740 4051 ex
1787 4000 1869 4051 St.
1915 4000 1983 4049 B.
2029 4000 2240 4062 adieci,
2289 3998 2492 4052 Λουςιὰ
2540 4017 2607 4049 ex
2654 4001 2845 4050 eodem
2894 4000 3113 4065 explevi
3160 4005 3218 4050 et

630 4065 868 4130 Πραςιαί
913 4066 1119 4119 addidi.
1192 4066 1274 4115 De
1322 4066 1478 4115 demo
1516 4064 1666 4117 Ὑςιά
1711 4067 1780 4117 cf.
1818 4067 2024 4117 Herod.
2061 4070 2110 4117 V
2146 4071 2238 4130 74,
2287 4069 2382 4118 ubi
2426 4066 2479 4119 οἱ
2517 4066 2755 4118 Βοιωτοὶ
2790 4066 2906 4119 ἀπὸ
2943 4066 3217 4132 ςυνθήμα-

626 4148 724 4185 τος
752 4132 964 4198 Οἰνόην
1001 4131 1242 4197 αίρὲουςι
1278 4132 1369 4183 καὶ
1408 4132 1587 4184 ’Υςιὰς
1623 4133 1830 4198 δήμους
1878 4133 2012 4185 τοὺς
2050 4133 2316 4197 ἐςχάτους
2359 4138 2463 4199 τῆς
2503 4134 2784 4199 Ἀττικῆς,
2835 4151 2997 4199 quem
3043 4135 3219 4185 locum

628 4203 719 4251 hie
758 4201 1106 4251 Herodianus
1142 4201 1448 4265 respexisse
1487 4201 1722 4252 videtur.
1797 4204 1899 4266 Ap.
1950 4204 2030 4252 St.
2071 4205 2130 4253 B.
2168 4201 2320 4254 Ὑςία
2367 4202 2527 4254 πόλις
2564 4199 2836 4254 Βοιωτίας
2880 4203 2969 4253 καὶ
3018 4202 3218 4254 ἑνικῶς

628 4268 717 4319 καὶ
771 4270 1193 4334 πληθυντικῶς,
1250 4268 1378 4332 περὶ
1431 4266 1497 4331 ἧς
1553 4266 1896 4335 Θουκυδίδης
1951 4269 2112 4334 τρίτη
2169 4270 2240 4332 (c.
2277 4270 2364 4334 24)
2420 4269 2653 4321 ἄποικος
2701 4268 2964 4334 Ὑριέων,
3021 4267 3218 4331 κτίςμα

631 4335 895 4387 Νυκτέως
941 4338 1045 4386 τοῦ
1096 4335 1396 4401 Ἀντιόπης
1442 4336 1680 4401 πατρός·
1738 4337 1853 4388 ἐςτι
1901 4337 1991 4388 καὶ
2038 4336 2144 4388 ἄλλ
2226 4336 2572 4402 Παρθυαίων
2619 4334 2921 4401 βαςίλειον,
2971 4336 3217 4401 Ἀρτεμί-

627 4403 810 4466 δωρος
855 4402 1040 4469 ἐνάτῳ
1087 4402 1637 4468 γεωγραφουμένων.
1708 4404 1821 4456 ἔςτι
1871 4405 1961 4455 καὶ
2003 4404 2161 4469 Ἀργε
2186 4419 2252 4456 ας
2299 4403 2461 4469 κώμη
2501 4402 2679 4468 Ὑςία,
2728 4403 2810 4456 ώς
2857 4402 3132 4456 Θουκυδίδ
3174 4420 3217 4456 ς.

628 4469 808 4533 Χάραξ
844 4469 903 4521 δ’
937 4470 1119 4534 αὐτὴν
1156 4470 1324 4523 πόλιν
1361 4470 1509 4533 λέγει
1546 4471 1608 4522 ἐν
1645 4470 1830 4538 ἐνάτῳ
1871 4471 2224 4536 Ἑλληνικῶν.
2295 4472 2408 4523 ἔςτι
2445 4472 2535 4524 καὶ
2575 4470 2863 4537 Ἀρκαδίας
2902 4471 3098 4535 πόλις,
3187 4487 3217 4539 ς

627 4536 947 4603 Φερεκύδης
993 4537 1235 4605 πρώτῳ,
1285 4555 1326 4588 s.
1365 4537 1521 4602 Ὑρία
1570 4541 1824 4590 scribitur
1861 4537 2032 4592 Ὑςιαί
2080 4545 2350 4604 oxytonos
2396 4542 2497 4604 τῆς
2546 4537 2929 4605 Παραςωπίας
2974 4539 3086 4590 ὑπ’
3121 4538 3218 4589 αὐ-
3268 4578 3274 4593 .

627 4604 732 4654 τὸν
767 4605 873 4656 τὸν
911 4603 1225 4669 Κιθαιρῶνα
1262 4604 1521 4668 κείμεναι.
1558 4634 1623 4643 —-
1661 4604 1882 4669 Βραςιαί
1919 4613 1978 4658 et
2012 4604 2230 4671 Βρυςιαί
2264 4623 2329 4657 ex
2357 4608 2438 4662 St.
2467 4610 2527 4658 B.
2566 4613 2945 4659 accesserunt.
3087 4608 3123 4659 l.
3150 4611 3219 4659 33

630 4671 822 4735 μανία,
859 4670 1065 4736 γωνία,
1103 4670 1287 4724 ταινία
1323 4678 1452 4723 sunt
1489 4688 1557 4723 ex
1592 4674 1836 4739 Theogn.
1877 4678 1993 4738 106,
2028 4679 2121 4738 31,
2158 4674 2310 4727 ξενία
2345 4672 2473 4725 ἀνία
2509 4674 2748 4739 ἁρμονία
2795 4692 2863 4725 ex
2898 4675 3039 4726 libro
3084 4675 3215 4738 περὶ
