3664 5546
700 406 838 455 CXX
1253 359 1260 366 ι
1773 396 2192 445 PRAEFATIO.

700 560 1130 641 προφανείςας
1189 559 1515 639 βούλεται,
1582 556 1937 620 ςυςτέλλων
1993 553 2307 632 Δωρικῶς
2378 551 2454 616 τὸ
2500 556 2580 635 ii,
2648 552 2701 635 ᾧ
2760 552 2862 616 καὶ
2914 550 3273 629 πειθόμεθα.

699 659 1094 727 Schmidtius
1151 659 1352 723 etiam
1401 657 1507 721 hic
1565 679 1681 742 pro
1739 656 2131 736 Ἡρωδιανὸς
2187 676 2269 718 ex
2335 652 2540 719 altero
2608 651 2852 719 scholio
2909 654 3277 733 Ζηνόδοτος

699 760 1176 830 restituendum
1232 759 1566 846 opinatur,
1626 757 1744 822 sed
1800 756 2101 845 equidem
2156 755 2221 819 in
2279 754 2480 820 schol.
2525 755 2587 820 A
2634 754 2992 820 Herodiani
3042 775 3277 838 nomen

701 864 1023 930 excidisse
1080 861 1482 943 existimem,
1545 860 1719 946 quod
1776 859 1984 925 solum
2038 860 2353 923 remansit
2407 859 2475 922 in
2520 858 2656 923 BL.
2745 858 2917 922 Nam
2974 865 3278 922 accentus

625 1036 636 1039 ,
702 977 766 1031 et
820 965 1203 1054 quantitatis
1274 961 1522 1028 diserta
1584 962 1830 1028 mentio
1886 960 2249 1025 Herodiani
2314 962 2690 1025 memoriam
2759 961 3004 1025 excitat
3062 968 3280 1046 atque,

702 1089 1092 1156 quamquam
1148 1088 1284 1129 rem
1342 1087 1488 1131 cum
1542 1064 1816 1129 Lehrsio
1886 1086 2002 1150 pro
2058 1063 2496 1127 incertissima
2559 1063 2806 1143 habeo,
2880 1075 3097 1127 tamen
3152 1082 3283 1125 non

705 1192 970 1259 prorsus
1038 1168 1177 1233 veri
1243 1165 1539 1234 absimile
1606 1165 1889 1231 arbitror
1953 1164 2402 1230 Herodianum
2467 1165 2770 1230 docuisse
2835 1162 3283 1229 huiuscemodi

708 1274 962 1337 doricos
1009 1257 1421 1335 accusativos
1465 1268 1551 1333 ad
1594 1267 2031 1355 quantitatem
2077 1290 2194 1353 pro
2238 1267 2587 1349 brevibus,
2644 1266 2731 1331 ad
2788 1276 3124 1330 accentum
3168 1286 3285 1351 pro

708 1373 1043 1463 productis
1087 1371 1423 1437 habendos
1472 1392 1634 1435 esse.
1729 1371 1945 1455 Atque
1992 1369 2085 1433 sic
2132 1369 2269 1434 fere
2317 1368 2514 1434 schol.
2566 1370 2627 1434 A
2672 1369 3073 1456 processisse
3116 1367 3284 1430 arbi-

709 1487 874 1543 tror:
937 1476 974 1540 ό
1031 1477 1098 1541 δὲ
1156 1474 1524 1554 Ζηνόδοτος
1577 1474 1828 1552 γηθήςει
1888 1475 2015 1536 κτλ.
2070 1509 2156 1519 -
2212 1474 2264 1556 ᾧ
2335 1473 2839 1550 ςυγκατατίθεται
2895 1472 3290 1551 Ἡρωδιανὸς

712 1578 1065 1646 ςυςτέλλων
1097 1579 1224 1642 κτλ.
1253 1612 1338 1622 -
1369 1575 1642 1661 Sumpta
1685 1573 1885 1637 fuerit
1912 1573 2072 1637 haec
2101 1572 2479 1640 observatio
2510 1572 2870 1639 Herodiani
2901 1596 2987 1637 ex
3016 1570 3289 1637 Prosod.

713 1678 966 1745 Cathol.
1016 1674 1288 1763 (Arcad.
1326 1676 1466 1753 138,
1500 1676 1633 1761 24).
1695 1674 1829 1740 Cur
1874 1685 2095 1740 autem
2140 1676 2587 1760 grammaticis
2635 1674 2843 1739 dualis
2890 1675 3294 1756 προφανείςα

713 1779 1056 1846 offensioni
1111 1777 1342 1859 fuerit,
1400 1788 1674 1864 apparet
1729 1799 1812 1841 ex
1857 1778 2073 1864 Epim.
2121 1777 2335 1844 Oxou.
2384 1778 2416 1842 I
2459 1778 2614 1860 373,
2668 1777 2778 1842 18:
2841 1778 2878 1842 ὸ
2924 1779 3114 1845 Ἰξίων
3160 1781 3291 1841 δυϊ-

716 1891 840 1950 κῶς
883 1883 1297 1959 ἀναγινώςκει
1356 1883 1455 1946 καὶ
1499 1881 1738 1945 ἐκτάςει
1794 1885 1911 1945 τοῦ
1956 1885 1997 1943 fi
2041 1882 2287 1960 παρειά.
2377 1882 2547 1958 λέγει
2604 1884 2674 1947 δὲ
2729 1881 2766 1945 ὁ
2812 1879 3293 1957 Ἀςκαλωνίτης·

716 1988 836 2052 οὐκ
898 1985 1062 2050 ἔςτιν
1119 1983 1404 2062 εὑρέςθαι
1460 1984 1565 2047 ἐπὶ
1619 1985 1912 2061 Θηλυκῶν
1970 1983 2310 2062 ὀνομάτων
2367 1985 2541 2063 παρὰ
2597 1989 2689 2068 τῷ
2746 1990 2974 2067 ποιητῇ
3034 1986 3293 2046 τοιοῦτο

718 2088 957 2154 δυϊκόν.
1041 2085 1389 2164 προςέθηκε
1434 2087 1505 2150 δὲ
1552 2085 1656 2150 ἐπὶ
1699 2083 2041 2164 ὀνομάτων
2101 2085 2205 2149 διὰ
2247 2087 2323 2150 τὸ
2372 2088 2665 2165 «γηθήςει
2720 2085 3125 2165 προφανείςα
3170 2083 3297 2147 ἀνὰ

722 2191 1070 2269 πτόλεμοιο
1115 2189 1407 2268 γεφύρας
1424 2212 1466 2251 ».

889 2289 1035 2354 Non
1078 2288 1284 2374 magis
1342 2311 1535 2376 quam
1591 2288 1693 2352 his
1752 2287 1908 2354 locis
1964 2310 2230 2352 necesse
2286 2273 2403 2352 est'
2438 2289 2505 2351 in
2552 2288 2764 2354 Schol.
2813 2291 2873 2354 A
2923 2290 2970 2354 Η
3023 2289 3137 2352 171
3186 2308 3297 2352 πε-

591 2480 598 2488 .
722 2396 1064 2488 πάλαςθεε-
1082 2392 1289 2457 οὕτως
1332 2393 1729 2472 Ἀρίςταρχος
1776 2393 1877 2456 καὶ
1908 2391 2316 2471 -Ἡρωδιανὸς
2370 2393 2474 2457 διὰ
2518 2398 2635 2457 τοῦ
2680 2398 2711 2456 ξ
2767 2393 3161 2473 πεπάλαςθε,
3221 2389 3299 2455 οὐ

722 2497 826 2563 διὰ
868 2500 984 2561 τοῦ
1029 2516 1104 2577 χ,
1149 2514 1267 2579 pro
1311 2494 1706 2573 Ἡρωδιανὸς
1748 2515 1895 2557 cum
1941 2491 2300 2558 Schmidtio
2347 2494 2719 2573 Ζηνόδοτος
2770 2515 3044 2580 ponere,
3101 2513 3299 2578 quum

721 2598 882 2662 haec
925 2595 1258 2661 adnotatio
1305 2595 1386 2658 de
1429 2595 1758 2680 scriptura
1813 2616 1896 2658 ex
1957 2594 2340 2661 Rhematico
2386 2594 2747 2661 Herodiani
2801 2595 2929 2659 huc
2985 2592 3304 2660 translata

724 2722 869 2764 esse
912 2698 1139 2786 possit.
1230 2697 1336 2761 Sic
1381 2718 1573 2783 porro
1619 2695 1830 2760 Schol.
1880 2696 1999 2759 AB
2056 2700 2463 2778 δεδεγμένος;
2522 2698 2729 2762 οὕτως
2785 2698 2849 2762 αἱ
2894 2698 3303 2778 Ἀριςτάρχου

727 2805 832 2870 διὰ
873 2808 991 2867 τοῦ
1034 2808 1075 2878 Ῠ
1119 2801 1515 2879 δεδεγμένος.
1574 2800 1971 2879 Ἡρωδιανὸς
2018 2802 2088 2865 δὲ
2133 2802 2238 2866 διὰ
2267 2806 2384 2866 τοῦ
2416 2806 2453 2879 >Z
2500 2802 2876 2880 δεδεχμένος
2924 2809 3035 2863 aut
3062 2799 3303 2885 potiuS,

727 2914 801 2969 ut
856 2903 998 2969 vult
1050 2892 1426 2967 Lobeckius
1472 2899 1576 2965 El.
1621 2900 1812 2965 Path.
1864 2901 1896 2965 1
1956 2901 2108 2983 186,
2168 2905 2547 2982 δεδέχμενος
2601 2912 3164 2989 proparoxytonos
3224 2923 3307 2964 ex

729 3004 898 3071 libro
966 3007 1110 3085 περὶ
1175 3010 1400 3069 παθῶν
1457 3001 1727 3068 fluxisse
1781 3002 2072 3085 videtur,
2130 3005 2244 3068 ubi
2299 3003 2747 3068 Herodianum
2814 3025 2897 3066 ex
2962 3005 3308 3084 δεχόμενος

732 3110 1037 3188 δέχμενος
1081 3128 1197 3192 per
1241 3126 1571 3190 syncopen
1615 3114 1680 3168 et
1723 3108 2105 3187 δεδέχμενος
2148 3129 2265 3192 per
2293 3104 2869 3191 reduplicationem
2901 3118 3125 3170 natum
3164 3126 3308 3168 esse

732 3209 1030 3275 docuisse
1087 3230 1171 3271 ex
1224 3206 1560 3271 Lobeckio
1614 3205 1657 3270 l.
1703 3230 1759 3270 c.
1818 3208 2168 3272 coniectari
2226 3206 2395 3272 licet.
2486 3205 2697 3272 Schol.
2747 3207 2808 3271 A
2864 3206 2949 3271 ad
2994 3207 3072 3271 Il.
3122 3210 3135 3271 l
3183 3206 3307 3270 203

735 3314 1011 3392 κέραιρε;
1074 3310 1280 3375 οὕτως
1334 3310 1542 3388 κέραιε
1600 3311 1793 3389 χωρὶς
1837 3316 1951 3376 τοῦ
1996 3316 2049 3389 ρ.
2140 3313 2440 3390 μέμνηται
2494 3313 2596 3375 καὶ
2639 3310 3031 3390 Ἡρωδιανός
3088 3307 3308 3389 tradit,

734 3413 919 3478 cuius
976 3410 1339 3496 scripturae
1395 3411 1462 3472 in
1526 3409 1669 3475 cod.
1728 3410 1782 3472 L
1840 3412 2269 3499 Aristophani
2338 3411 2709 3497 assignatae
2764 3410 3176 3476 Herodianus
3245 3410 3312 3473 in

737 3512 1076 3579 Catholica
1092 3559 1110 3594 ,
1155 3511 1271 3577 ubi
1303 3511 1384 3575 de
1417 3511 1634 3578 verbis
1666 3512 1733 3575 in
1764 3515 1882 3579 αίω
1914 3513 2263 3599 agebatur,
2311 3515 2480 3580 inter
2511 3536 2677 3600 quae
2719 3523 2886 3578 teste
2918 3512 3309 3599 Theognost.

739 3640 803 3703 p.
854 3614 994 3695 145,
1041 3613 1123 3679 32
1167 3616 1396 3695 κεραίω
1441 3612 1783 3697 retulerat,
1831 3616 2227 3682 mentionem
2271 3616 2575 3680 iniecisse
2618 3614 2950 3702 putandus
2997 3624 3114 3680 est.

907 3715 998 3780 Hi
1061 3725 1215 3780 sunt
1268 3716 1560 3802 exceptis
1618 3715 1870 3781 scilicet
1922 3718 2034 3800 iis,
2103 3718 2212 3805 qui
2275 3719 2341 3781 in
2406 3717 2728 3782 Prosodia
2782 3716 2986 3781 Iliaca
3051 3728 3316 3804 propter

738 3818 1114 3906 prosodiam
1160 3818 1722 3905 disceptabantur,
1771 3818 1895 3884 soli
1938 3819 2096 3903 loci,
2144 3820 2507 3907 exquibus
2539 3830 2792 3884 certum
2837 3819 2995 3905 quid
3038 3828 3152 3883 aut
3195 3817 3314 3883 sal-

741 3933 872 3987 tem
914 3919 1253 4008 probabile
1297 3922 1378 3984 de
1421 3919 1707 3985 locorum
1752 3922 2160 4008 quorundam
2204 3921 2697 3987 Homericorum
2744 3922 3069 4009 scriptura
3110 3920 3316 3985 Hero·

745 4024 976 4089 dianea
1045 4022 1174 4087 dici
1240 4030 1475 4109 potest.
1578 4022 1855 4109 Reliqua
1919 4023 2134 4088 omnia
2201 4024 2279 4088 dc
2344 4024 2467 4089 hac
2533 4048 2602 4089 re
2669 4024 3136 4089 adnotamenta
3190 4021 3317 4086 fide

745 4127 1061 4193 destituta
1105 4135 1287 4206 sunt,
1334 4126 1574 4212 quippe
1631 4146 1829 4210 quum
1884 4127 1952 4189 in
2006 4124 2340 4192 codicibus
2399 4124 2834 4191 deterioribus
2887 4126 3316 4212 reperiantur,

744 4231 812 4294 in
867 4250 1027 4315 quos
1080 4229 1434 4292 maximam
1490 4240 1739 4314 partem
1797 4228 2037 4294 codicis
2085 4230 2150 4293 A
2192 4230 2512 4295 sententia
2555 4251 2866 4317 perversa
2917 4226 3103 4293 illata
3146 4236 3317 4307 sunt,

745 4331 919 4398 unde
988 4329 1068 4395 de
1136 4328 1437 4415 reliquis,
1506 4352 1670 4417 quae
1734 4331 1812 4421 in.
1861 4330 2003 4395 cod.
2063 4332 2121 4394 A
2189 4331 2676 4413 desiderantur,
2743 4331 3019 4396 iudicari
3084 4339 3316 4416 potest.

745 4434 1082 4500 Minimam
1125 4431 1336 4497 labem
1379 4455 1590 4520 neque
1635 4442 1851 4497 tamen
1897 4430 2139 4497 nullam
2184 4435 2388 4498 traxit
2431 4433 2965 4501 adnotamentum
3009 4434 3077 4498 in
3108 4431 3316 4498 Schol.

746 4536 861 4602 BL
908 4538 962 4602 Θ
1011 4536 1130 4600 163
1176 4537 1280 4601 διὰ
1323 4539 1440 4600 τοῦ
1494 4538 1516 4600 i
1559 4535 1739 4615 εἶχον
1797 4535 1862 4600 αἱ
1907 4536 2210 4619 έκδόςεις,
2264 4537 2644 4605 ἀντιτέτυξο.
2734 4538 2771 4602 ὸ
2816 4539 2888 4602 δὲ
2932 4537 3322 4617 Ἡρωδιανὸς

749 4641 855 4706 διὰ
908 4643 1024 4704 τοῦ
1080 4641 1113 4703 ἒ
1178 4638 1441 4704 ἐξέθετο.
1540 4636 1708 4700 Nam
1772 4658 2002 4724 parum
2065 4649 2364 4705 accurate
2428 4641 2534 4704 hic
2588 4638 2951 4704 Herodiani
3007 4637 3321 4705 sententia

749 4741 955 4805 relata
998 4750 1127 4822 est,
1176 4739 1288 4826 qni
1330 4760 1465 4804 non
1506 4740 1911 4820 ἀντετέτυξο,
1967 4740 2143 4825 quod
2196 4743 2348 4807 hinc
2391 4741 2689 4808 concludi
2732 4741 2967 4828 possit,
3015 4740 3131 4805 sed
3164 4740 3321 4805 ἀντ’

755 4844 1005 4912 ἐτέτυξο
1049 4840 1248 4926 legit,
1305 4851 1379 4905 ut
1433 4851 1705 4927 apparet
1758 4864 1842 4904 ex
1896 4842 2034 4905 eius
2092 4845 2512 4911 annotatione
2566 4845 2649 4909 de
2702 4842 3093 4930 anastrophe
3149 4863 3319 4929 prae-
