3664 5546
1174 398 1331 452 ΠΕΡΙ
1373 397 1763 451 ΚΑΘΟΛΙΚΗ(
1800 396 2220 451 ΠΡΟ(ΩιΔΙΑ(
2261 398 2320 450 Η.
2919 396 3047 461 209

472 575 734 637 τοιαῦτα
789 572 861 636 δὲ
913 570 1072 635 κατὰ
1125 570 1242 634 τὸν
1299 568 1542 633 κανόνα
1593 571 1670 634 τὸ
1714 569 1904 634 νόςος
1946 570 2050 634 καὶ
2104 569 2347 649 δρόςος.
2434 570 2508 635 τὸ
2559 570 2683 649 γὰρ
2726 568 3049 647 κροςςός

475 674 592 739 οὐκ
638 672 788 739 οἶδα
832 673 1093 751 ςύνηθες
1136 672 1457 751 Ἕλληςιν,
1501 672 1576 736 τὸ
1622 674 1693 737 δὲ
1737 672 2016 738 νοςςός
2061 672 2129 737 ἐκ
2172 676 2288 738 τοῦ
2331 673 2603 738 νεοςςός.

640 776 733 841 Τὰ
778 774 866 839 εἰς
909 779 1022 839 ἰός
1066 771 1574 855 ύπερδιςύλλαβα
1618 773 1856 853 ἔχοντα
1897 776 1973 840 τὸ
2017 777 2059 839 ἃ
2094 775 2621 859 ςυνεςταλμένον,
2667 776 2813 840 ἑνὸς
2857 773 3048 840 ὄντος

473 882 589 942 τοῦ
635 881 697 959 ἱ,
743 877 1328 960 προπαροξύνεται,
1373 875 1803 959 κόμπαςος,
1835 878 2224 956 ’Ἁρπαςος
2264 880 2550 960 ποταμὸς
2588 878 2844 959 Καρίας,
2888 876 3049 940 Δά-

476 999 742 1061 μαςος,
789 980 1177 1060 βαύναςος
1219 981 1297 1045 τὸ
1339 979 1445 1044 καὶ
1473 977 1819 1063 βάναυςος,
1865 979 2162 1062 θίαςος,
2206 981 2448 1048 Ἴαςος
2491 981 2675 1046 πόλις
2710 979 2934 1058 Καρίας
2977 978 3048 1042 ἐν
3077 985 3110 1034 5

476 1081 798 1165 ὁμωνύμῳ
853 1081 1027 1164 νήςῳ
1082 1083 1366 1163 κειμένη,
1419 1081 1460 1159 ἡ
1516 1082 1621 1146 καὶ
1664 1081 1986 1148 ὀξυτόνως
2031 1083 2377 1166 λεγομένη,
2438 1084 2638 1149 Ἴαςος
2693 1084 2764 1147 δὲ
2821 1081 2922 1145 καὶ
2976 1079 3050 1143 τὸ

473 1185 707 1262 Ἄργος
750 1182 881 1247 ἀπὸ
927 1182 1125 1247 Ἰάςου
1168 1187 1286 1248 τοῦ
1329 1182 1472 1248 κατ’
1518 1183 1728 1248 ἐνίους
1773 1186 2015 1263 πατρὸς
2058 1184 2228 1249 Ἰοῦς.
2314 1186 2714 1266 Ἴμβραςος
2765 1183 3053 1262 ποταμὸς

477 1287 577 1349 καὶ
630 1284 751 1349 ἀπ’
806 1284 1006 1348 αὐτοῦ
1072 1285 1113 1363 ἡ
1168 1283 1404 1368 (ἶάμος,
1470 1284 1906 1369 Τράγαςος,
1973 1285 2098 1366 ἀφ’
2163 1285 2242 1352 οὗ
2298 1287 2611 1367 Τραγαςαί
2676 1285 2915 1366 χωρίον
2981 1284 3052 1348 ἐν

476 1387 748 1471 ἠπείρῳ,
798 1385 1197 1483 Καιύκαςος
1239 1388 1314 1451 τὸ
1346 1386 1503 1466 ὄρος
1546 1392 1676 1455 τῶν
1721 1388 1880 1453 κατὰ
1909 1389 2026 1467 τὴν
2058 1389 2262 1454 Ἀςίαν
2306 1388 2479 1469 ὀρῶν
2512 1390 2831 1471 μέγιςτον,
2877 1387 3053 1463 λέγε-

476 1509 575 1553 ται
619 1489 722 1553 καὶ
771 1488 1069 1554 Καύκαςις
1114 1490 1218 1553 διὰ
1247 1493 1364 1554 τοῦ
1407 1493 1472 1572 ἶ,
1519 1490 1951 1573 Βάργαςος,
1997 1490 2035 1555 ὁ
2067 1490 2203 1556 υἱὸς
2233 1492 2479 1571 Βάργης
2519 1492 2619 1556 καὶ
2649 1489 3053 1569 Ἡρακλέους,
3095 1494 3156 1543 10

478 1591 601 1671 ἀφ’
647 1589 726 1654 οὗ
772 1591 1063 1668 Βάργαςα
1122 1592 1308 1657 πόλις
1357 1592 1612 1675 Καρίας,
1672 1593 2041 1659 Μύλαςος
2096 1592 2232 1658 υἱὸς
2279 1594 2646 1672 Χρυςάορος
2699 1596 2816 1657 τοῦ
2863 1592 2901 1656 Γ
2905 1591 3055 1656 λαύ-

479 1713 595 1757 κου
650 1697 766 1756 ‘rofi
812 1691 1089 1772 (ἶιςύφου
1143 1698 1259 1759 τοῦ
1303 1694 1571 1777 Αἰόλου,
1628 1693 1752 1775 ἀφ’
1796 1694 1877 1759 οὗ
1924 1697 2190 1760 Μύλαςα
2240 1696 2427 1761 πόλις
2480 1695 2721 1774 Καρίας.
2810 1693 3056 1770 λέγεται

480 1797 582 1859 καὶ
622 1796 662 1873 ἡ
706 1794 890 1859 πόλις
939 1794 1268 1879 Μύλαςος,
1327 1797 1417 1863 ὡς
1459 1797 1763 1876 Αἰςχύλος
1808 1797 1879 1861 ἐν
1929 1797 2152 1876 Καρςὶν
2195 1798 2234 1877 ἢ
2279 1798 2568 1881 Εὐρώπῃ.
2659 1796 3059 1875 Νάκραςος

480 1898 666 1961 πόλις
723 1898 826 1961 καὶ
880 1899 1079 1975 δῆμος
1144 1897 1387 1978 Καρίας.
1474 1900 1910 1964 Ἀπολλώνιος
1966 1900 2209 1985 δεκάτῳ
2270 1900 2568 1979 Καρικῶν.
2628 1899 3057 1976 Πρόγαςος.

480 2000 845 2078 Πύραςος
887 1998 1072 2063 πόλις
1115 1999 1325 2065 Φθίας.
1409 2001 1697 2080 κέκληται
1743 2002 1813 2066 δὲ
1861 2002 1966 2066 διὰ
2006 2002 2082 2067 τὸ
2127 2004 2242 2081 τὴν
2286 2002 2505 2081 χώραν
2556 1999 2719 2065 εἶναι
2763 1999 3057 2079 πυροφό-
3096 2008 3159 2059 15

484 2122 616 2179 ρον.
690 2102 1049 2179 Πήδαςος
1091 2103 1276 2167 πόλις
1322 2104 1482 2181 ὑπὲρ
1526 2104 1642 2182 τὴν
1688 2103 1915 2182 Ἴδην.
1961 2103 2314 2183 Τάμαςος
2368 2105 2554 2168 πόλις
2609 2102 2880 2182 Κύπρου.
2956 2102 3054 2167 ἐν·

481 2204 701 2269 τεῦθέν
765 2222 932 2268 τινες
996 2204 1393 2285 γράφουςιν»
1462 2202 1615 2289 (Od.
1661 2226 1704 2269 α
1763 2204 1912 2287 184)
1982 2205 2112 2270 «είς
2178 2205 2472 2287 Τάμαςον
2539 2206 2693 2285 μετὰ
2758 2204 3057 2284 χαλκόν».

482 2306 823 2372 ἀπιθάνως.
897 2306 1312 2386 Πάρραςος
1357 2306 1448 2373 εἷς
1491 2312 1622 2373 τῶν
1666 2308 1997 2373 Λυκάονος
2039 2308 2304 2373 παίδων.
2350 2308 2682 2387 Ἐραςος.
2730 2307 3057 2387 ςημείωςαι

483 2410 557 2473 τὸ
612 2408 938 2488 κεραςός
993 2410 1203 2488 φυτὸν
1258 2410 1683 2491 ὀξυνόμενον,
1739 2411 1855 2488 τὴν
1901 2411 1971 2473 δὲ
2015 2409 2205 2474 πόλιν
2251 2410 2647 2490 βαρύνουςιν.
2720 2409 2796 2474 τὸ
2842 2409 3057 2488 μέντοι

486 2510 894 2588 Ἐγγυαςός
938 2509 1353 2590 ἐκτεταμένον
1398 2512 1553 2589 ἔχον
1596 2512 1672 2575 τὸ
1717 2516 1758 2573 ii
1802 2510 2091 2578 ὀξύνεται
2151 2512 2251 2576 καὶ
2306 2512 2380 2576 τὸ
2424 2511 2883 2591 Παρναςςός
2939 2511 3059 2574 δύο
3095 2518 3163 2567 20

486 2620 552 2678 ςς
595 2614 768 2693 ἔχον.
854 2612 981 2676 ἔςτι
1027 2614 1096 2676 δὲ
1143 2610 1299 2692 ὄρος
1341 2613 1645 2693 Δελφῶν.
1734 2613 2023 2677 ἐκαλεῖτο
2080 2614 2149 2677 δὲ
2193 2614 2512 2692 πρότερον
2555 2614 2912 2691 Λαρναςςός
2957 2612 3061 2676 διὰ

485 2718 560 2782 τὸ
614 2718 729 2795 τὴν
783 2714 1238 2781 Δευκαλίωνος
1294 2716 1576 2795 λάρνακα
1630 2714 1850 2780 αὐτόθι
1905 2718 2423 2794 προςενεχθῆναι.
2522 2716 2682 2781 ἔνιοι
2739 2715 2808 2779 δέ
2867 2735 3059 2796 φαςιν

486 2819 615 2884 ἀπὸ
658 2820 1035 2897 Παρναςςοῦ
1064 2819 1441 2897 Παρναςςὸν
1471 2818 1759 2897 τοῦνομα
1804 2820 2052 2899 λαβεῖν,
2098 2819 2176 2883 ὃν
2221 2820 2323 2883 καὶ
2368 2819 2816 2898 μαντεύςαςθαι
2847 2818 3059 2882 Πυθοῖ

487 2926 746 3000 πρῶτον
759 2971 777 3003 ,
826 2920 915 2984 ὼς
958 2920 1433 3000 Ἀλεξανδρίδης
1478 2922 1667 3001 φηςὶν
1713 2921 1785 2985 ἐν
1828 2921 2069 3003 πρώτῳ
2114 2921 2259 2998 περὶ
2303 2924 2421 2985 τοῦ
2465 2920 2535 2986 έν
2570 2921 2865 3000 Δελφοῖς
2909 2939 3058 2998 χρη-

490 3023 754 3102 ςτηρίου.
845 3022 1145 3087 ὼςαύτως
1189 3023 1289 3087 καὶ
1333 3022 1696 3100 Ὑγαςςός
1739 3024 1927 3087 πόλις
1975 3023 2229 3104 Καρίας,
2277 3023 2670 3103 Βυβαςςός
2712 3022 2896 3086 πόλις
2945 3022 3059 3085 Κα-
3098 3029 3164 3078 25

491 3127 625 3202 ρίας
679 3124 809 3189 ἀπὸ
868 3126 1186 3204 Βυβαςςοῢ
1241 3126 1491 3206 νομέως
1543 3127 2008 3205 περιςώςαντος
2063 3123 2193 3189 ἀπὸ
2238 3125 2547 3204 θαλάςςης
2601 3126 2702 3189 καὶ
2753 3127 3065 3204 χειμῶνος

491 3227 578 3291 εἰς
625 3227 854 3306 Καρίαν
898 3227 1243 3293 ἐκπεςόντα
1284 3228 1730 3307 Ποδαλείριον.
1787 3229 2033 3305 λέγεται
2078 3228 2179 3292 καὶ
2224 3226 2595 3308 Βούβαςτος.
2653 3226 3064 3304 Ἀλέξανδρος

492 3329 768 3413 δευτέρῳ
802 3328 1101 3407 Καρικῶν.
1155 3330 1438 3410 Ἔφορος
1483 3332 1554 3395 δὲ
1600 3330 1922 3411 Βύβαςτόν
1967 3351 2131 3410 φηςι.
2193 3330 2578 3409 Κρυαςςός
2621 3329 2805 3393 πόλις
2840 3328 3067 3406 Καρίας

492 3433 621 3495 ἀπὸ
672 3431 988 3509 Κρυαςςοῦ
1031 3436 1147 3497 τοῦ
1196 3433 1491 3512 Κάρητος.
1550 3433 2041 3509 (ἶαγαλαςςός
2084 3433 2269 3497 πόλις
2311 3432 2611 3496 Πιςιδίας.
2675 3430 2920 3507 λέγεται
2966 3432 3067 3495 καὶ
3226 3509 3229 3512 Ἴ

493 3534 848 3612 (ελγηςςός.
936 3533 1530 3612 Ἁλικαρναςςός
1575 3535 1760 3599 πόλις
1808 3534 2065 3618 Καρίας,
2110 3534 2189 3612 ἣν
2232 3535 2493 3616 Ἀνθης,
2539 3533 2761 3615 φαςίν,
2816 3533 3064 3612 ώνόμα-
3102 3537 3170 3589 30

495 3658 597 3701 ςεν
643 3635 774 3700 ἀπὸ
819 3638 934 3699 τοῦ
981 3635 1085 3700 ἁλὶ
1128 3637 1520 3715 περιέχεςθαι
1565 3639 1680 3716 τὴν
1729 3637 1976 3714 Καρίαν.
2065 3636 2259 3702 αὐτὸς
2303 3637 2374 3700 δὲ
2419 3636 2456 3699 ὁ
2498 3636 2730 3714 Ἄνθης
2774 3635 2843 3699 ἐκ
2885 3634 3067 3713 Τροι-

494 3743 686 3817 ζῆνος
730 3738 1044 3820 μετῳκηςε
1092 3741 1308 3819 λαβὼν
1353 3742 1468 3818 τὴν
1512 3739 1852 3818 Δύμαιναν
1907 3739 2151 3821 φυλήν,
2210 3739 2299 3803 ὡς
2346 3738 2754 3817 Καλλίμαχος.
2841 3738 2880 3815 ἢ
2938 3736 3069 3801 ἀπὸ

495 3846 611 3906 τοῦ
655 3841 950 3906 νάςαςθαι
996 3841 1196 3905 αὐτὸν
1243 3840 1374 3904 ἀπὸ
1406 3841 1785 3923 Τροιζῆνος,
1834 3842 1923 3906 ὡς
1956 3841 2461 3920 Ἀπολλόδωρος.
2520 3839 2850 3904 (υαςςός
2894 3840 3069 3918 κώμη

495 3943 786 4023 Φρυγίας.
835 3942 1303 4024 Ἀμαμαςςός
1344 3944 1529 4008 πόλις
1564 3944 1840 4023 Κύπρου.
1900 3943 2280 4024 Καβαςςός
2324 3944 2510 4008 πόλις
2554 3943 2623 4006 ἐν
2659 3941 3070 4023 Καππαδοκίᾳ

501 4119 720 4126 ———⁴-——.--
771 4119 780 4122 Δ
859 4117 896 4122 ...-

394 4300 420 4310 -
499 4236 601 4289 οὐκ
637 4235 794 4299 οῖδα,
831 4234 990 4303 φηςί;
1025 4235 1095 4286 τὸ
1131 4237 1192 4289 δὲ
1228 4234 1423 4288 νοςςός
1458 4233 1520 4287 ἐκ
1556 4237 1660 4286 τοῦ
1696 4234 1919 4287 νεοςςός
1959 4235 2140 4299 recepi
2176 4251 2242 4285 ex
2279 4235 2381 4297 Ep.
2408 4232 2496 4282 Cr.
2532 4233 2559 4283 I
2593 4235 2707 4290 338,
2745 4234 2827 4285 22.
2870 4226 3070 4281 Κοςςός

501 4305 627 4369 ὅρος
675 4302 930 4358 Βιθυνία(
974 4321 1062 4371 ap.
1112 4309 1194 4360 St.
1242 4308 1306 4356 B.
1353 4310 1416 4354 ut
1461 4306 1660 4354 canoni
1705 4307 1775 4355 ab
1821 4302 2115 4354 Eustathio
2162 4302 2337 4352 relato
2392 4315 2704 4365 repugnans
2750 4298 3071 4350 vocabulum

501 4375 864 4437 praetermisi.
990 4375 1026 4424 l.
1048 4378 1084 4425 4
1118 4373 1400 4439 Ἅρπαςος
1438 4388 1502 4423 ex
1541 4373 1622 4424 St.
1650 4374 1711 4422 B.
1750 4371 1997 4437 explevi,
2033 4368 2305 4433 βαύναςος
2339 4368 2410 4419 τὸ
2446 4368 2536 4418 καὶ
2573 4365 2841 4431 βάναυςος
2878 4363 3075 4429 s'cripsi

501 4456 595 4504 pro
622 4441 890 4506 βαύναςος
915 4443 1005 4494 καὶ
1030 4441 1315 4506 βάναυςος.
1363 4438 1548 4491 θίαςος
1572 4439 1764 4490 addidi
1790 4456 1857 4488 ex
1884 4438 2077 4488 Choer.
2103 4438 2258 4490 Orth.
2284 4440 2402 4497 219,
2427 4439 2493 4486 34
2527 4433 2736 4487 θίαςοςε
2775 4433 2846 4485 τὰ
2872 4433 3075 4497 ἔχοντα

504 4509 538 4571 ἢ
574 4509 787 4575 μακρὸν
812 4509 937 4575 (scr.
962 4511 1231 4576 καθαρὸν)
1257 4509 1326 4560 τὸ
1362 4513 1398 4559 α
1435 4509 1470 4572 ἢ
1506 4507 1608 4559 δύο
1645 4511 1708 4558 ςς·
1745 4506 2066 4569 ὁξύνονται,
2092 4502 2217 4557 οἷον
2257 4500 2560 4567 Καρναςός,
2598 4504 2664 4553 de
2702 4519 2807 4567 quo
2843 4504 2913 4551 es.
2939 4503 3074 4552 Lob.

505 4576 664 4629 Pron.
687 4581 805 4644 407,
832 4578 1266 4645 Ἀλικαρναςςός.
1303 4579 1536 4628 Nomina
1560 4576 1689 4626 inde
1716 4578 1785 4626 ab
1810 4574 1983 4625 Ἴαςος
2007 4589 2180 4638 usque
2207 4572 2278 4622 ad
2304 4570 2562 4635 Πήδαςος
2587 4589 2655 4621 ex
2681 4571 2837 4622 St.B.
2864 4569 3074 4629 addidi,

508 4641 755 4709 Τάμαςος
794 4663 860 4697 ex
899 4649 1090 4698 eodem
1127 4655 1184 4698 et
1219 4647 1409 4698 Dichr.
1446 4649 1573 4707 300,
1614 4646 1700 4705 14,
1739 4640 2032 4705 Πάρραςος
2072 4658 2137 4690 ex
2177 4643 2258 4692 St.
2295 4641 2392 4702 B.,
2438 4641 2533 4688 ubi
2578 4645 2763 4689 tamen
2807 4643 3077 4702 oxytonos

510 4716 785 4831 ffipmmd
802 4721 904 4831 ‘³1⁸1‘
957 4714 1510 4835 ’ἓραωξτὲἓῗὶῗὲζ
1547 4707 2583 4829 ¹1:311{Sv'essfcffufc’cgssissssfft‘mfi
2618 4704 3078 4825 ⁵35²f331⁰⁸5÷rss2

513 4797 750 4900 ihelon-sag
776 4800 1047 4901 ώςιξύξως
1064 4801 1172 4901 ιἰςαί
1210 4846 1470 4910 ’Υγαςςός
1502 4817 1572 4896 ex
1609 4813 1777 4894 St.‘B.
1817 4792 2246 4896 aedidi.90misi
2282 4813 2620 4906 Πειγέλαςος
2658 4791 2819 4894 ugk<
2860 4810 3076 4904 Καρίας,

514 4916 654 4976 quod
685 4918 851 4969 Mein.
888 4923 1112 4983 propter
1143 4915 1533 4978 Πειγελαςςεῑς
1569 4912 1919 4964 scribendum
1955 4917 2118 4979 putat
2154 4910 2540 4974 Πειγελαςςός.

580 5033 952 5070 mutonuuvs.
988 5019 1032 5071 1.
2599 4995 2678 5056 14
