3664 5546
422 2791 478 2832 Dc
505 2793 689 2843 singulis

718 357 908 404 CXXX
1796 353 2214 403 PRAEFATIO.

717 510 971 595 potiuS,
1030 511 1183 596 quia
1237 506 1485 574 vocalis
1545 512 1586 571 ἇ
1648 509 1717 572 in
1774 509 1932 588 ἀγήε
1985 508 2397 595 producitur,
2468 507 2826 573 contractio
2884 506 3157 572 duorum
3210 514 3289 573 ῆι

717 611 926 675 locum
969 610 1231 676 habeat.
1321 610 1495 674 Vere
1541 609 1903 675 Ahrensius
1951 610 2033 674 de
2078 609 2341 697 optimis
2389 609 2887 690 Grammaticis,
2946 610 3016 672 in
3061 611 3289 696 quibus

715 723 815 777 est
880 713 1298 779 Herodianus
1313 761 1330 794 ,
1400 712 1481 775 de
1547 710 1699 778 dial.
1760 711 1947 778 Aeol.
2004 736 2066 799 p.
2123 712 2163 776 6
2230 713 2656 799 pronunciat,
2714 734 2822 776 eos
2888 733 3020 776 non
3089 713 3289 778 omnis

713 816 949 880 erroris
997 816 1314 878 immunes
1361 836 1503 878 esse
1548 826 1921 880 accuratam
1964 814 2448 901 inquisitionem
2495 812 2746 879 docere.
2837 815 3055 900 Atque
3098 814 3290 880 Lehr·

714 918 847 981 sius
893 918 1194 1005 quamvis
1239 917 1600 982 Herodiani
1657 915 2129 1003 praestantiam
2183 927 2498 1001 agnoscat
2549 927 2625 981 ut
2681 937 2868 981 nemo
2923 916 3064 981 fere
3108 916 3290 998 alius,

711 1031 934 1085 tamen
990 1019 1059 1083 in
1114 1017 1436 1083 nonnullis
1494 1018 1688 1083 rebus
1746 1042 1895 1082 eum
1960 1029 2033 1084 ut
2087 1017 2369 1104 reliquos
2442 1030 2695 1084 veteres
2762 1040 3025 1082 caecum
3096 1017 3290 1081 fuisse

711 1124 851 1186 iure
909 1119 1241 1206 pertendit
1299 1121 1502 1184 Arist.
1552 1143 1613 1207 p.
1660 1121 1786 1185 286
1847 1143 2024 1207 seqq.
2086 1119 2188 1185 ed.
2233 1120 2322 1184 II.
2424 1120 2593 1183 Nam
2649 1142 2850 1207 quum
2902 1122 3102 1200 Ἴεχυε
3155 1142 3291 1207 pro-

711 1223 925 1310 prium
969 1223 1055 1288 ab
1101 1224 1291 1304 ἰεχύω
1339 1223 1703 1287 derivatum
1747 1221 1995 1286 nullam
2041 1245 2189 1287 cum
2233 1223 2403 1302 ἰεχύε
2448 1223 2775 1287 substant.
2822 1222 2975 1286 fem.
3021 1224 3292 1287 necessi·

711 1325 1007 1391 tudinem
1073 1323 1341 1405 habeat,
1409 1332 1629 1388 tamen
1683 1323 2096 1389 Herodianus
2159 1335 2507 1410 utrumque
2575 1322 2967 1389 vocabulum
3031 1334 3294 1412 propter

713 1437 1052 1491 externam
1096 1426 1373 1490 formam
1419 1448 1534 1511 pro
1580 1426 1813 1490 iisdem
1856 1426 2092 1491 habuit
2137 1437 2202 1490 et
2252 1436 2599 1513 propterea
2654 1436 2925 1490 accentu
2971 1425 3291 1506 distinxit,

711 1528 886 1592 idem
933 1529 1111 1593 valet
1154 1528 1235 1591 de
1266 1529 1442 1608 Ῥίπη
1476 1537 1542 1592 et
1587 1531 1769 1613 ῥιπή,
1816 1528 1898 1593 de
1943 1530 2235 1594 Παλαῑοε
2279 1538 2346 1592 et
2389 1530 2678 1594 παλαιός.

878 1630 1068 1695 Alter
1109 1629 1321 1710 locu8‚
1369 1652 1454 1693 cx
1511 1654 1637 1717 quo
1685 1631 2165 1695 Herodianeam
2223 1630 2540 1715 originem
2597 1629 3039 1696 demonstrare
3092 1630 3292 1713 volui,

711 1733 817 1797 bic
862 1743 961 1797 est
1007 1731 1085 1796 E.
1131 1732 1222 1796 M.
1273 1733 1412 1812 135,
1459 1732 1537 1796 31
1587 1734 1945 1814 Ἀργαφίηε.
2035 1733 2115 1796 In
2159 1732 2281 1796 hoc
2322 1734 2469 1817 ipsa
2513 1733 2876 1798 affectionis
2923 1733 3293 1797 observatio

712 1835 900 1900 docte
955 1836 1253 1921 exposita
1306 1833 1668 1899 Herodiani
1723 1833 2057 1916 admonet3
2127 1845 2524 1899 memoratur
2588 1845 2836 1915 autem,
2904 1835 2962 1898 si
3020 1835 3293 1920 Bergkii

712 1935 1228 2006 emendationem
1295 1935 1712 2022 amplectaris
1756 1938 2193 2017 Παρμενίεκοε
2256 1937 2402 2022 (pro
2470 1939 2895 2023 Παρμένιοε),
2963 1938 3297 2025 antiquior

710 2039 1208 2125 grammaticus,
1274 2040 1458 2102 cuius
1523 2040 1721 2102 etiam
1776 2040 1844 2102 in
1900 2038 2078 2105 Iliae.
2136 2038 2316 2104 ProS.
2374 2040 2617 2104 mentio
2674 2038 2777 2119 fit,
2839 2048 2905 2102 et
2946 2040 3165 2125 passio
3215 2063 3295 2104 ex

713 2142 987 2207 historia
1030 2142 1373 2226 repetitur,
1420 2142 1524 2204 cui
1570 2140 1985 2206 Herodianus
2029 2141 2099 2203 in
2144 2139 2512 2206 huiusmodi
2557 2140 3050 2228 quaestionibus
3095 2139 3294 2228 pluri-

712 2267 887 2308 mum
932 2243 1193 2324 tribuit,
1251 2253 1325 2308 ut
1381 2265 1465 2307 ex
1509 2240 1587 2307 Il.
1634 2243 1742 2307 Pr.
1791 2246 1838 2308 Β
1882 2243 2008 2307 585
2063 2253 2371 2328 apparet,
2430 2243 2545 2307 ubi
2602 2242 2761 2308 dicit
2806 2243 3294 2329 Tyrannionem

712 2349 776 2411 οἳ
821 2348 1034 2412 Τύλον
1090 2368 1205 2432 pro
1252 2345 1529 2411 Οἴτυλον
1575 2343 1901 2429 legentem
1943 2365 2215 2430 peccare
2271 2354 2336 2409 et
2391 2355 2618 2410 contra
2671 2367 2859 2408 usum
2904 2345 3173 2410 Homeri
3233 2357 3298 2410 et

713 2451 890 2528 παρὰ
932 2451 1047 2527 τὴν
1092 2448 1371 2526 ἱετορίαν
1416 2452 1544 2512 κτλ.
3017 2475 3053 2506 ο

879 2550 1062 2615 Haec
1105 2551 1263 2614 satis
1311 2572 1454 2613 esse
1499 2549 1781 2614 arbitror
1820 2547 1905 2612 ad
1937 2547 2546 2630 demonstrandum,
2594 2572 2725 2636 qua
2766 2550 2878 2614 via
2921 2571 2998 2613 ac
3040 2554 3297 2615 ratione

708 2653 776 2716 in
821 2651 1214 2738 indagandis
1261 2651 1622 2717 Herodiani
1667 2650 2053 2737 fragmentis
2099 2653 2549 2737 processerim.

877 2760 916 2837 ἓ
960 2755 1022 2819 2.
1110 2754 1250 2820 Iam
1309 2757 1391 2820 ad
1437 2753 1724 2839 singulos
1770 2763 2070 2819 auctores
2127 2763 2415 2833 transm,
2474 2777 2745 2842 quorum
2802 2756 3060 2842 scriptis
3117 2755 3295 2841 frag-

424 2861 684 2952 ²⁰⁰¹0fib¹¹ff³1
711 2869 930 2922 mcnta
971 2857 1335 2923 Herodiani
1381 2866 1643 2922 servata
1688 2868 1859 2921 sunt.

407 2940 586 2979 quorum
608 2942 627 2967 s
631 2942 704 2967 ιιιιι

1753 3112 1861 3177 De
1906 3109 2233 3177 Arcadio.

881 3267 1118 3331 Suidas
1176 3290 1228 3331 s.
1286 3289 1350 3329 v.
1408 3274 1472 3329 et
1529 3264 1820 3329 Eudocia
1874 3289 1937 3351 p.
1993 3265 2077 3328 64
2131 3264 2424 3332 tradunt:
2483 3268 2810 3345 Ἀρκάδιοε
2863 3273 3296 3350 γραμματικὸς

711 3370 956 3449 ἔγραψε
988 3373 1133 3449 περὶ
1175 3368 1650 3451 ὀρθογραφίαε,
1696 3370 1841 3447 περὶ
1887 3369 2236 3436 ευντάξεωε
2278 3375 2410 3434 τῶν
2457 3375 2571 3434 τοῦ
2604 3371 2805 3448 λόγου
2838 3376 3072 3456 μερῶν,
3105 3373 3291 3439 Ὀνο-

710 3475 971 3555 ματικόν
1017 3473 1380 3551 θαυμάειον.
1442 3468 1699 3533 Citatur
1729 3468 2055 3533 Arcadius
2102 3492 2141 3534 a
2187 3472 2501 3556 scriptore
2547 3470 2699 3535 libri
2745 3476 2891 3552 περὶ
2931 3475 3293 3555 ποεότητοε

711 3599 774 3661 p.
819 3575 964 3653 313,
1018 3574 1125 3654 18,
1171 3574 1284 3638 ubi
1342 3572 1421 3636 dc
1480 3570 1811 3636 adverbiis
1868 3594 1985 3659 per
2026 3576 2048 3637 i
2094 3584 2156 3637 et
2202 3577 2255 3638 ᾗ
2299 3573 2559 3658 scriptis
2617 3574 2863 3657 agitur:
2923 3578 3292 3661 παμψηφεί,

708 3682 902 3742 τοῦτο
970 3678 1092 3756 γὰρ
1159 3677 1484 3756 Ἀρκάδιοε
1550 3677 1654 3740 διὰ
1717 3680 1835 3741 τοῦ
1900 3679 1924 3738 ἰ
1986 3677 2250 3759 γράφει,
2316 3676 2493 3762 quod
2556 3699 2711 3739 num
2768 3699 2851 3741 ex
2907 3678 3293 3743 Herodiano

709 3787 1043 3864 sumptum
1088 3777 1205 3858 sit,
1254 3777 1687 3842 demonstrari
1732 3800 1862 3842 non
1904 3786 2152 3863 potest,
2202 3777 2441 3864 quippe
2487 3778 2669 3843 cuius
2716 3779 2797 3843 de
2838 3779 3294 3846 huiuscemodi

707 3880 1041 3945 adverbiis
1102 3880 1420 3944 sententia
1474 3902 1604 3944 non
1657 3890 1959 3943 accurate
2015 3879 2260 3944 tradita
2318 3881 2406 3942 sit
2459 3879 2573 3965 (cf.
2632 3879 2716 3944 fr.
2773 3884 2919 3961 περὶ
2972 3883 3291 3963 ὀρθογρα-

707 3982 905 4069 φίας).
1006 3980 1113 4047 Ab
1173 3981 1534 4046 Herodiani
1589 3981 1915 4068 scriptura
1970 3981 2233 4047 aberrat
2286 3981 2611 4045 Arcadius
2667 4003 2770 4069 ap.
2822 3983 2933 4061 St„
2966 3983 3041 4045 B.
3085 3986 3200 4063 65,
3251 3988 3293 4047 9

709 4084 913 4149 Ἀκτία
940 4086 1042 4149 καὶ
1076 4084 1114 4161 ἡ
1145 4085 1331 4150 πόλις
1371 4087 1468 4150 καὶ
1501 4087 1539 4164 ἡ
1574 4086 1791 4164 ἑορτή;
1837 4084 1941 4164 44,
1973 4084 2015 4147 4
2043 4084 2159 4149 ubi
2193 4084 2423 4148 urbem
2454 4085 2799 4162 Αἰγόεθενα
2835 4086 3219 4150 neutraliter
3249 4110 3292 4151 a

709 4185 1036 4249 Pausania
1080 4185 1397 4270 prolatam
1441 4188 1885 4265 Αἰγοεθένειαν
1946 4185 2143 4251 scribi
2199 4186 2391 4269 dicit3
2446 4186 2603 4266 296,
2650 4187 2722 4268 3,
2768 4187 2885 4251 ubi
2928 4188 3291 4270 Ζεφυρίτη(

708 4298 773 4351 et
815 4286 962 4367 423,
994 4288 1064 4368 4,
1112 4287 1226 4352 ubi
1257 4289 1602 4369 Λυρνατία,
1651 4313 1711 4376 p.
1745 4290 1891 4369 678,
1929 4288 2027 4370 15,
2071 4287 2185 4351 ubi
2218 4289 2608 4369 Χαιρωνεικὴ
2644 4290 2732 4354 ὼε
2766 4291 3147 4370 Μαντινεικὴ
3180 4294 3289 4357 διὰ

703 4394 816 4469 τῆς
861 4392 1220 4471 διφθόγγου
1266 4392 1680 4457 scribendum
1725 4401 1961 4455 censet.
2050 4390 2223 4454 Hinc
2267 4400 2540 4476 apparet
2586 4412 2731 4454 eum
2764 4390 3153 4474 Arcadium,
3202 4394 3287 4458 de

704 4515 832 4579 quo
877 4491 1116 4573 Suidas
1161 4504 1225 4557 et
1255 4494 1553 4559 Eudocia
1594 4493 1985 4557 mentionem
2029 4491 2310 4574 faciunt,
2357 4516 2488 4557 non
2532 4502 2741 4557 totum
2786 4515 2869 4557 ex
2908 4494 3287 4561 Herodiano

705 4595 1112 4681 pependisse.
1213 4595 1494 4661 Videtur
1554 4597 1772 4681 potius
1831 4618 1975 4659 cum
2023 4593 2187 4677 Oro,
2247 4595 2357 4681 qui
2414 4617 2807 4682 quamquam
2863 4596 3145 4683 plurima
3198 4622 3286 4663 ex

707 4696 1081 4762 Herodiano
1127 4697 1436 4783 sumpsit,
1496 4707 1713 4761 tamen
1768 4698 1828 4759 ci
1889 4720 2083 4783 saepe
2137 4698 2525 4763 adversatus
2583 4709 2713 4780 est,
2769 4699 3026 4762 fecisse.
3114 4700 3285 4764 Nam

706 4799 938 4865 Choer.
993 4802 1241 4865 Dictat.
1290 4798 1440 4876 188,
1500 4799 1580 4863 28
1636 4799 1867 4864 refert:
1930 4801 2133 4866 ἰετὲον
2191 4803 2285 4867 ὅτι
2344 4806 2699 4882 εημειοῦται
2753 4802 2791 4866 ὁ
2836 4801 3035 4882 Ὦρος
3089 4804 3187 4867 καὶ
3245 4802 3285 4866 ὁ
