3664 5546
1576 396 1994 447 PRAEFATIO.
2863 400 3081 449 CCXIII

434 554 442 561 “
498 573 604 636 ap.
651 551 804 615 Arc.
850 551 968 630 41,
1021 550 1099 615 15
1139 550 1221 614 ab
1268 551 1506 631 ἕψομαι
1552 550 1775 633 duxit3
1834 574 1896 637 p.
1942 551 2025 614 29
2080 561 2232 639 post
2274 553 2545 631 ἀγαθός,
2602 576 2793 640 quem
2839 556 3078 619 articu-

497 653 632 717 lum
676 675 822 717 cum
869 651 1210 717 Philoxeni
1253 652 1684 736 originatione
1740 675 1823 717 cx
1869 652 2244 718 Herodiano
2292 655 2691 741 exscriptum
2747 679 2891 721 esse
2936 658 3077 722 iure

496 754 832 820 contendit
875 753 1222 835 KleistiuS,
1268 754 1654 841 proponitur
1698 755 1910 839 ἀςπίς,
1954 778 2148 841 quam
2192 757 2588 820 notationem
2635 757 2712 821 E.
2761 758 2934 823 Gud.
2970 760 3073 842 85,

495 858 582 921 30
624 857 984 923 Philoxeno
1023 856 1269 952 ‘tribuit
1325 868 1388 920 et
1446 867 1585 920 tum
1629 857 1972 941 ἀεικέλιος,
2032 856 2218 920 cuius
2271 857 2735 943 etymologiam
2778 858 3074 947 pleonas-

494 981 638 1023 mus
684 958 976 1046 syllabae
1020 965 1090 1024 ελ
1133 957 1492 1023 Philoxeno
1538 958 1819 1023 usitatus
1850 958 2001 1022 huic
2032 959 2495 1043 assignandam
2526 982 2667 1024 esse
2697 963 3073 1048 persuadet.

493 1063 916 1148 Praeceptum
977 1061 1058 1125 de
1110 1061 1291 1127 ἀςπίς
1346 1061 1538 1123 etiam
1594 1083 1676 1124 ex
1721 1059 2097 1125 Herodiano
2153 1062 2550 1147 exscriptum
2609 1050 2752 1126 esse
2805 1063 3071 1128 concedi

492 1176 737 1252 potest,
792 1163 1194 1228 notationem
1250 1160 1330 1227 de
1376 1162 1685 1228 ἀεικέλιος
1739 1186 1871 1226 non
1937 1164 2126 1244 item,
2188 1184 2340 1226 nam
2400 1162 2808 1229 desideratur
2861 1166 3072 1231 Hero-

493 1267 670 1331 diani
727 1266 1047 1330 sententia
1103 1273 1554 1348 controversa,
1619 1287 1814 1351 quam
1872 1262 2103 1329 Ohoer.
2152 1263 2338 1330 Orth.
2391 1266 2466 1330 17
2474 1266 2534 1347 7,
2600 1266 2677 1329 12
2731 1268 3068 1335 ἀεικέλιοςε

492 1370 643 1435 εἴκω
687 1369 929 1434 εἴκελος
974 1368 1076 1432 καὶ
1119 1366 1428 1432 ἀεικέλιος
1473 1365 1782 1430 servavit.
1874 1367 2046 1430 Hinc
2091 1389 2165 1431 eo
2212 1365 2530 1446 adducor,
2585 1376 2659 1432 ut
2703 1369 3070 1434 existimem

491 1470 560 1534 in
605 1480 897 1536 extrema
938 1479 1125 1556 parte
1169 1466 1502 1532 literarum
1545 1490 1677 1532 non
1709 1470 1914 1555 magis
1947 1491 2142 1555 quam
2172 1470 2241 1533 in
2269 1469 2481 1555 prima
2510 1480 2719 1536 certos
2751 1471 3069 1558 quosdam

447 1644 454 1655 ὓ
489 1570 693 1637 libros
740 1572 1100 1657 exscriptos
1145 1592 1319 1651 esse,
1367 1568 1485 1633 sed
1528 1570 1824 1635 diversos
1857 1571 2254 1658 promiscue,
2301 1572 2600 1658 quamvis
2642 1594 2799 1658 prae
2837 1577 3067 1638 ceteris

490 1674 934 1739 Herodianum
978 1694 1184 1759 neque
1227 1682 1445 1736 tamen
1491 1671 1910 1759 Symposium
1966 1682 2220 1737 tantum
2277 1682 2343 1737 et
2386 1674 2890 1760 EpimerismoS‚
2949 1675 3066 1740 sed

487 1776 687 1840 etiam
731 1773 863 1839 alia
906 1774 1181 1860 scripta,
1236 1774 1619 1860 praesertim
1662 1772 1901 1840 librum
1946 1778 2094 1855 περὶ
2135 1779 2380 1840 παθῶν.
2469 1774 2637 1838 Nam
2681 1775 3067 1841 Prosodiam

487 1876 892 1941 Catholicam
935 1886 1002 1941 et
1045 1876 1459 1941 Homericam
1501 1876 1569 1939 in
1626 1875 1745 1940 hac
1796 1886 1982 1963 parte
2037 1876 2366 1942 adhibitas
2413 1899 2556 1941 esse
2600 1878 3068 1944 animadvertit

485 1978 837 2061 Kleistius‚
886 1978 1004 2042 sed
1048 1978 1304 2063 saepius
1353 2000 1547 2064 quam
1591 1979 1974 2043 nominatim
2018 1980 2259 2044 citatae
2304 1990 2485 2059 sunt,
2534 1980 2618 2044 ab
2666 1978 2908 2044 Orione
2955 2003 3062 2044 ex-

486 2082 769 2167 scriptae
835 2091 1009 2144 sunt.
1119 2079 1461 2160 Quaedam
1533 2080 2001 2145 adnotamenta
2070 2091 2437 2167 congruunt
2508 2105 2657 2146 cum
2731 2081 3060 2167 Stephano

481 2182 837 2267 Byzantio,
884 2183 995 2269 qui
1025 2180 1385 2245 Herodiani
1416 2181 1886 2268 Epimerismos
1932 2205 2059 2248 non
2105 2182 2291 2268 legit,
2338 2206 2538 2271 quare
2584 2206 2661 2248 ea
2690 2194 3062 2271 praecepta,

482 2306 651 2372 quae
706 2307 851 2348 cum
906 2283 1002 2349 St.
1063 2282 1138 2346 Β.
1198 2285 1642 2364 consentiunt,
1709 2292 1824 2347 aut
1880 2307 1962 2349 ex
2020 2284 2342 2350 Prosodia
2397 2284 2733 2350 Catholica
2794 2296 2910 2350 aut
2977 2309 3061 2349 ex

478 2385 650 2451 libro
694 2388 840 2466 περὶ
882 2392 1138 2470 παθῶν,
1197 2407 1361 2473 quae
1417 2376 1678 2471 scripta⁸
1713 2386 1999 2450 maxime
2044 2385 2447 2452 Catholicam
2502 2385 2667 2452 solet
2720 2388 2813 2451 St.
2863 2387 2939 2451 B.
2993 2389 3061 2451 in

478 2511 671 2552 usum
717 2510 904 2553 suum
950 2495 1362 2569 convertere,
1420 2497 1724 2575 prompta
1768 2509 1911 2552 esse
1966 2488 2478 2553 existimaverim
2525 2497 2719 2575 atque
2763 2487 3059 2554 huiusce-

479 2589 662 2655 modi
704 2590 1124 2654 inveniuntur
1168 2599 1235 2653 et
1277 2590 1344 2654 in
1387 2590 1603 2677 prima
1645 2601 1832 2676 parte
1876 2588 2209 2654 literarum
2254 2613 2358 2676 ap.
2407 2589 2717 2654 Orionem
2764 2589 2877 2675 (cf.
2904 2613 2958 2655 e.
2993 2614 3056 2676 g.

482 2693 893 2773 Μυκαληςςός
936 2699 1002 2755 et
1048 2693 1316 2772 Μυκάλη
1361 2714 1505 2755 cum
1551 2691 1646 2756 St.
1692 2692 1770 2756 B.
1818 2714 1869 2755 s.
1916 2693 2012 2778 v.)
2059 2702 2126 2756 et
2168 2694 2234 2755 in
2282 2701 2602 2756 extrema:
2661 2691 2740 2755 Ε.
2790 2690 2902 2755 Or.
2950 2692 3054 2776 29,

474 2795 563 2860 26
607 2797 844 2874 Ἀττική
888 2796 1062 2873 παρὰ
1105 2797 1220 2874 τὴν
1265 2794 1479 2875 ἀκτήν.
1535 2795 2007 2874 παραθαλαςςία
2050 2796 2171 2874 γάρ
2217 2795 2381 2860 ἐςτιν
2429 2797 2518 2860 ὡς
2553 2796 2754 2874 Κρήτη
2790 2796 3053 2877 Κρητική

479 2897 576 2961 St.
632 2897 707 2960 Β.
765 2919 817 2960 s,
875 2897 1083 2975 Ἀκτή·
1151 2897 1277 2963 ἔςτι
1332 2899 1430 2963 καὶ
1485 2897 1759 2962 Ἀττικός
1814 2899 1918 2962 καὶ
1972 2897 2213 2976 Ἀττική
2268 2897 2426 2961 κατὰ
2480 2899 2727 2976 τροπὴν
2784 2899 2888 2962 διὰ
2937 2901 3053 2977 τὴν

476 2999 822 3080 εὐφωνίαν.
870 2998 1092 3063 Orion.
1128 3019 1192 3082 p.
1222 3000 1328 3082 30,
1362 3001 1397 3064 7
1430 2999 1785 3079 ἀγροιώτης
1814 2999 2011 3078 ἀγρός
2041 2999 2314 3078 ἀγρότης
2342 3002 2724 3084 πλεοναςμῷ
2756 3003 2872 3064 τοῦ
2901 3002 2923 3064 ῐ
2952 3003 3054 3065 καὶ

475 3103 805 3181 προςθέςει
843 3107 959 3167 τοῦ
992 3102 1044 3168 ὧ
1075 3101 1431 3181 ἀγροιώτης
1461 3100 1557 3165 St.
1589 3101 1667 3165 Β.
1699 3101 1922 3180 ἀγρός;
1970 3101 2244 3180 ἀγρότης
2274 3102 2377 3165 καὶ
2405 3100 2776 3180 ἀγροιώτης.
2824 3100 3049 3165 Orion.

471 3226 539 3287 p.
590 3202 742 3285 124,
788 3204 829 3267 3
875 3204 1028 3270 ὁδός
1082 3205 1257 3283 παρὰ
1311 3206 1385 3269 τὸ
1443 3204 1530 3269 ἕω
1574 3205 1650 3269 τὸ
1695 3204 1996 3282 ἐκπέμπω
2054 3202 2207 3267 ὁδός
2253 3203 2346 3265 St.
2392 3202 2471 3265 B.
2518 3202 2702 3280 obde,
2758 3204 2932 3282 παρὰ
2974 3205 3050 3269 τὸ

472 3305 621 3370 ἑδός
664 3305 702 3382 ἡ
757 3308 1164 3385 πεπατημένη
1208 3307 1435 3387 τρίβος.
1523 3305 1602 3370 Ε.
1651 3307 1763 3372 Or.
1817 3304 1969 3384 154,
2014 3305 2097 3367 23
2151 3305 2375 3383 Τροία·
2445 3306 2791 3371 Βοιωτικὸν
2843 3305 3052 3384 ὄνομα

472 3407 657 3487 Τρώς
698 3407 920 3486 Τρωός
964 3409 1178 3487 Τρωῖα
1233 3410 1335 3473 καὶ
1378 3408 1591 3487 Τροία.
1681 3407 1777 3471 St.
1823 3405 1900 3469 B.
1946 3407 2144 3486 Τροία
2195 3405 2324 3470 ἀπὸ
2370 3406 2593 3485 Τρωός
2648 3408 2805 3473 κατὰ
2851 3409 3048 3472 Βοιω-

470 3510 627 3573 τοὺς
675 3510 716 3588 ἦ
773 3513 1016 3588 μᾶλλον
1063 3509 1152 3575 ὡς
1207 3510 1611 3575 Βοιωτιακόν.
1699 3508 1804 3572 Ex
1858 3507 2173 3571 Prosodia
2215 3504 2335 3571 hos
2392 3506 2570 3574 locos
2627 3507 3047 3594 depromptos

469 3632 616 3692 esse
658 3608 905 3674 indicat
959 3620 1268 3674 accentus
1311 3610 1587 3675 notatio:
1648 3610 1758 3692 74,
1804 3610 1888 3673 26
1941 3611 2055 3674 θέα
2099 3611 2137 3688 ἡ
2195 3608 2429 3688 θεωρία
2470 3647 2555 3656 -
2609 3614 3046 3691 βαρυτονεῖται

470 3714 546 3777 δὲ
589 3714 751 3791 πρὸς
795 3712 1275 3791 ἀντιδιαςτολὴν
1320 3718 1436 3777 τοῦ
1480 3712 1595 3777 θεά
1641 3712 1744 3777 ἐπὶ
1786 3715 1897 3789 τῆς
1941 3715 2094 3777 θεοῦ
2141 3711 2230 3775 ὡς
2273 3712 2468 3783 θολός
2510 3714 2585 3777 τὸ
2633 3712 3045 3796 οἰκοδόμημα,

470 3814 666 3879 θόλος
708 3817 780 3880 δὲ
822 3816 898 3880 τὸ
943 3814 1140 3892 μέλαν
1183 3818 1296 3891 τῆς
1328 3816 1564 3893 ςηπίας.
1628 3812 1995 3877 Articulum
2024 3817 2295 3879 κνυζοῦν
2340 3817 2700 3893 διαφθεῖραι
2745 3835 2827 3876 ex
2859 3813 3042 3877 Pros.

470 3913 724 3979 Cathol.
781 3937 922 3979 esse
985 3914 1175 3980 docet
1229 3915 1307 3978 E.
1355 3913 1531 3979 Gud.
1590 3915 1746 3996 330,
1793 3915 1907 3996 59,
1965 3916 2229 3996 ἀμφῶες
2286 3914 2399 3979 Or.
2444 3914 2690 4012 31‚·12
2735 3935 2817 3977 ex
2876 3912 3042 3978 libro

468 4020 617 4096 περὶ
658 4022 882 4084 παθῶν
929 4039 1070 4081 esse
1115 4025 1392 4081 testatur
1435 4016 1515 4079 E.
1560 4016 1650 4080 M.
1697 4017 1854 4097 639,
1901 4016 1961 4079 8.

640 4118 731 4184 Ut
773 4117 878 4183 hic
922 4141 1164 4205 paucas
1211 4128 1464 4183 tantum
1507 4118 1768 4183 Orionis
1826 4116 2192 4181 notationes
2249 4118 2650 4199 examinavi,
2706 4126 2778 4181 ut
2831 4126 3041 4180 osten—

466 4219 719 4303 derem,
773 4243 899 4306 qua
953 4221 1205 4285 ratione
1258 4220 1326 4283 in
1382 4218 1835 4305 Etymologico
1892 4218 2153 4283 Orionis
2209 4218 2293 4282 ad
2359 4218 2779 4285 excolendam
2834 4218 3039 4282 Hero-

467 4320 650 4386 diani
693 4321 1051 4387 doctrinam
1094 4320 1465 4385 adhibendo
1523 4321 1988 4405 processerim,
2050 4322 2143 4384 sic
2201 4343 2424 4385 omnes
2472 4323 2731 4387 omnino
2778 4319 3041 4384 Orionis

465 4421 775 4488 articulos
822 4432 1126 4488 excutere
1172 4433 1237 4488 et
1279 4423 1719 4487 necessarium
1765 4421 1926 4485 duxi
1969 4434 2032 4487 et
2077 4422 2354 4486 excussi.

1050 4603 1149 4657 De
1190 4598 1674 4670 Etymologiois
1716 4601 1964 4667 Magno
2009 4605 2077 4657 et
2119 4600 2457 4657 GudianO.

639 4728 715 4792 In
759 4727 1215 4814 Etymologica
1260 4728 1636 4794 Gudianum
1693 4738 1758 4792 et
1799 4728 2111 4813 Magnum
2157 4738 2487 4811 receptum
2543 4736 2641 4790 est
2684 4725 3040 4789 maximam

462 4838 720 4914 partem
749 4830 828 4894 E.
861 4829 1157 4913 Orionis,
1204 4830 1380 4918 quod
1414 4829 1810 4895 foedissimis
1857 4831 2037 4895 vitiis
2080 4828 2512 4895 deformatum
2542 4850 2763 4893 eorum
2795 4826 3039 4892 auxilio
