3664 5546
537 365 548 375 ‘
627 362 761 409 CLX
1697 361 2113 410 PRAEFATIO.

623 515 706 579 ab
753 514 1129 580 Herodiano
1175 515 1389 578 aliena
1432 537 1573 578 esse
1620 513 1954 596 videatur,
2012 536 2067 578 e.
2115 536 2176 599 g.
2224 510 2642 578 Herodianus
2699 514 2813 577 vix
2870 513 2967 579 ita
3007 515 3203 580 Λακε-

623 618 862 697 δαίμων
932 615 1367 696 definivisset,
1440 628 1511 681 ut
1568 639 1738 681 nunc
1794 615 2066 702 legimus
2122 638 2227 703 ap.
2284 615 2381 680 St.
2438 615 2513 679 B.
2570 616 2757 682 πόλις
2816 616 3202 695 ἐνδοξοτάτη

621 725 752 784 τῶν
799 721 869 785 ἑν
893 721 1410 804 Πελοποννήςῳ,
1452 719 1570 782 sed
1615 720 1673 782 si
1717 718 1879 783 haec
1924 718 2127 783 verba
2170 739 2255 781 ex
2286 714 2503 802 aliquo
2537 718 2852 803 scriptore
2881 716 2965 782 ab
2995 717 3201 781 Hero·

622 820 815 886 diano
848 820 1150 907 apposita
1180 842 1322 884 esse
1352 843 1601 903 sumas,
1649 820 1808 884 nihil
1841 821 2085 885 habent
2113 818 2519 900 offensionis,
2567 840 2768 904 quare
2799 819 2892 883 sic
2923 820 3203 884 fortasse

622 921 1008 987 exhibenda
1033 932 1186 986 sunt
1228 924 1635 1004 Λακεδαίμων
1684 924 1908 989 «πόλις
1953 923 2337 1001 ἐνδοξοτάτη
2378 928 2509 987 τῶν
2551 922 2622 987 ἐν
2651 923 3135 1006 Πελοποννήςῳ
3152 947 3201 1005 »,

620 1025 727 1090 cui
772 1023 1200 1089 declarationi
1245 1046 1373 1088 non
1419 1024 1735 1090 absimilis
1794 1036 1893 1089 est
1936 1022 2049 1087 illa
2092 1023 2259 1088 Ζαῖα
2303 1024 2607 1089 Βοιωτίας
2652 1023 3039 1104 ἀρχαιοτάτη
3082 1025 3199 1088 πό-

623 1132 732 1192 λις.
800 1127 1226 1207 Ἡρωδιανός,
1289 1126 1402 1191 ubi
1475 1128 1677 1193 verba
1732 1128 2038 1194 Βοιωτίας
2090 1125 2477 1206 ἀρχαιοτάτη
2548 1126 2733 1190 πόλις
2766 1125 3075 1191 ·fortasse
3125 1133 3201 1188 ut

622 1229 954 1315 scriptoris
1011 1227 1282 1293 alicuius
1336 1229 1691 1296 indicanda
1746 1237 1921 1292 sunt.
2007 1226 2100 1292 Ut
2143 1227 2510 1313 Stephanus
2555 1249 2640 1291 ex
2694 1226 2840 1291 aliis
2889 1228 3195 1314 epitoma·

621 1330 869 1395 toribus
903 1330 1262 1396 Herodiani
1307 1329 1750 1395 emendandus
1798 1340 1928 1411 est,
1978 1330 2069 1393 sic
2117 1326 2226 1392 alii
2272 1351 2357 1392 ex
2398 1327 2728 1415 Stephano
2774 1351 2830 1393 e.
2863 1351 2927 1413 g.
2973 1330 3051 1393 E.
3084 1330 3198 1394 Or.

621 1431 726 1513 97,
760 1433 800 1495 9
847 1434 1145 1513 Μυκάλη·
1191 1435 1365 1514 παρὰ
1408 1435 1483 1499 τὸ
1529 1434 1658 1498 ἐκεῖ
1700 1437 2001 1514 μυκᾶςθαι
2046 1433 2158 1497 τὰς
2207 1432 2525 1510 Γοργόνας
2571 1433 2675 1497 διὰ
2718 1471 2802 1479 —
2847 1454 2930 1495 cx
2974 1430 3196 1516 Steph.

620 1536 686 1599 in
732 1535 857 1600 fine
902 1533 1272 1600 adiicienda
1315 1544 1467 1598 sunt
1508 1537 1625 1601 τὸν
1681 1534 1904 1602 οἶκτον
1953 1532 2412 1621 (probabiliter
2468 1535 2640 1598 enim
2683 1532 2883 1597 Mein.
2932 1553 3046 1622 pro
3093 1534 3200 1598 ἐπὶ

621 1639 788 1723 τόκῳ
834 1637 1250 1703 scribendum
1296 1638 1601 1723 proponit
1644 1637 1754 1702 ἐπ’
1798 1637 2045 1722 οἴκτῳ).

787 1740 882 1804 At
924 1740 1106 1805 dicas
1161 1739 1551 1804 sententiam
1605 1761 1853 1819 meam,
1911 1761 1993 1803 ex
2048 1760 2178 1823 qua
2222 1734 2690 1824 explicationes
2736 1738 3067 1803 nominum
3112 1761 3197 1801 ex

624 1841 1002 1906 Herodiano
1060 1841 1423 1926 exscriptas
1481 1863 1624 1905 esse
1679 1839 1928 1921 iudico,
1983 1838 2372 1905 labefactari
2426 1863 2535 1921 eo,
2595 1838 2771 1924 quod
2828 1838 3196 1927 Stephanus

623 1943 881 2029 saepius
925 1941 1173 2007 indicat
1204 1942 1649 2007 Herodianum
1682 1941 2010 2006 diversam
2056 1941 2139 2007 ab
2188 1964 2296 2024 ea,
2343 1963 2536 2027 quam
2582 1941 2723 2027 ipse
2766 1943 3196 2058 proposuerit,

623 2044 1118 2132 explicationem
1163 2042 1563 2130 praebuisse.
1651 2043 1924 2108 Praeter
1967 2042 2212 2125 locum,
2260 2064 2452 2129 quem
2494 2042 2686 2107 modo
2732 2042 2948 2125 attuli,
2996 2044 3197 2123 Φάςη-

625 2153 719 2214 λις
762 2146 955 2211 huius
1001 2145 1259 2231 generis
1305 2157 1459 2210 sunt
1504 2148 1801 2212 Βοῦτος
1859 2146 2044 2211 πόλις
2087 2146 2427 2223 Αἰγύπτου.
2515 2145 2907 2224 Ἡρωδιανὸς
2962 2149 3030 2211 δὲ
3076 2147 3195 2211 κώ-

624 2272 745 2331 μην
790 2250 988 2328 αὐτήν
1032 2270 1239 2329 φηςιν.
1296 2285 1379 2294 ——
1437 2251 1475 2313 Γ
1489 2249 1519 2312 ἑ
1533 2269 1569 2327 ρ
1584 2269 1674 2328 μη
1729 2249 1917 2314 πόλις
1972 2248 2421 2326 Ἑλληςποντία
2476 2249 2744 2326 πληςίον
2805 2249 3063 2317 Κυζίκου
3117 2250 3196 2327 ἣν

623 2352 1015 2431 Ἡρωδιανὸς
1047 2351 1246 2416 Ἀςίας
1276 2351 1441 2431 φηςί.
1517 2348 1648 2413 Sed
1678 2349 1876 2413 etiam
1906 2349 1974 2412 in
2003 2347 2103 2412 his
2135 2358 2210 2413 ut
2238 2348 2305 2412 in
2335 2347 2672 2434 permultis
2720 2348 2900 2431 aliis,
2948 2349 3014 2412 in
3059 2350 3197 2436 qui-

621 2455 745 2519 bus
813 2451 1257 2517 Herodianum
1324 2448 1571 2539 aliquid
1636 2448 1823 2515 aliter
1888 2462 2082 2537 atque
2148 2471 2218 2513 se
2284 2450 2499 2537 ipsum
2558 2452 2975 2536 interpretari
3040 2450 3200 2515 dicit

623 2555 1017 2641 Stephanus,
1080 2553 1469 2640 sapientiam
1523 2575 1707 2619 suam
1774 2564 1841 2618 et
1892 2552 2331 2637 cognitionem
2396 2552 2480 2617 ab
2535 2575 2611 2618 eo
2668 2554 2806 2640 ipso
2865 2561 3198 2618 mutuatus

621 2666 751 2739 est,
818 2678 1009 2744 quem
1076 2657 1341 2742 corrigit
1394 2654 1500 2721 vel
1566 2653 1837 2736 refellit,
1905 2677 2082 2718 more
2137 2652 2520 2741 pervulgato
2592 2656 3063 2742 exscriptorum
3118 2678 3199 2719 ne

622 2759 814 2824 hodic
858 2757 1122 2846 quidem
1159 2760 1531 2847 antiquato,
1576 2781 1702 2846 quo
1747 2780 1828 2821 ne
1860 2756 2081 2823 omnia
2121 2757 2547 2843 exscripsisse
2584 2755 2953 2840 videantur,
2998 2758 3197 2822 inter-

621 2864 774 2926 dum
821 2861 1018 2926 ctiam
1063 2860 1588 2927 adversariorum
1634 2869 1700 2926 et
1742 2869 2181 2924 correctorum
2224 2870 2443 2945 partes
2489 2870 2713 2945 agunt.
2780 2859 3198 2925 Herodianus

621 2964 794 3027 enim
838 2986 893 3027 e.
925 2985 988 3049 g.
1035 2964 1387 3050 scripserat
1416 2966 1659 3030 Βοῦτος
1703 2964 1881 3043 κώμη
1926 2972 1991 3025 et
2033 2970 2426 3048 apposuerat
2471 2960 2682 3026 locum
2728 2961 3082 3048 scriptoriS,
3129 2964 3198 3025 in

621 3087 747 3151 quo
794 3069 1036 3132 Βοῦτος
1078 3067 1235 3130 urbs
1282 3063 1612 3151 appellata
1654 3074 1824 3147 erat3
1872 3063 1997 3128 boc
2039 3061 2410 3150 Stephanus
2457 3084 2562 3146 οο,
2607 3087 2735 3151 quo
2783 3063 2957 3146 dixi,
3002 3063 3197 3128 modo

621 3167 689 3229 in
730 3189 922 3232 usum
965 3190 1152 3232 suum
1197 3166 1541 3231 convertit.

791 3267 1018 3353 Neque
1063 3279 1278 3332 tamen
1322 3268 1535 3332 nullos
1579 3264 1741 3332 alios
1786 3275 2082 3331 auctores
2130 3278 2390 3333 secutus
2449 3279 2551 3333 est
2593 3266 2999 3354 Stephanus,
3046 3289 3199 3332 nam

624 3369 832 3434 virum
877 3370 1369 3454 grammaticum
1417 3368 1604 3434 decet
1647 3364 1883 3432 multos
1916 3366 2115 3434 libros
2161 3367 2426 3455 legisse,
2473 3379 2648 3434 certe
2692 3368 2929 3436 multos
2973 3371 3196 3449 citare,

622 3482 695 3537 ut
752 3472 1113 3536 doctrinam
1170 3494 1352 3536 suam
1410 3481 1691 3537 ostentet
1745 3484 1809 3536 et
1866 3471 2178 3537 venditet.
2266 3471 2443 3535 Hinc
2498 3472 2692 3537 facile
2747 3474 2969 3557 gravis
3026 3472 3199 3536 disfi-

621 3572 830 3637 cultas
878 3570 1173 3638 solvitur.
1261 3573 1430 3637 Nam
1474 3575 1683 3660 prima
1726 3573 1942 3660 specie
1986 3573 2219 3638 mirum
2263 3573 2557 3655 videtur,
2603 3573 2778 3660 quod
2809 3575 3197 3661 Stephanus,

622 3675 733 3761 qui
790 3673 1151 3738 Herodiani
1205 3697 1440 3739 nomen
1495 3675 1752 3761 saepius
1809 3686 1985 3740 tacet
2041 3698 2236 3762 quam
2290 3674 2610 3762 appellat,
2664 3686 2796 3741 tam
2854 3674 3197 3761 religiosus

623 3788 723 3840 est
762 3773 1220 3840 in.laudandis
1265 3774 1410 3840 aliis
1455 3776 1829 3841 auctoribus
1849 3824 1868 3857 ,
1915 3777 2153 3863 quibus
2204 3799 2417 3864 pauca
2468 3787 2719 3843 tantum
2773 3789 3042 3865 accepta
3093 3800 3197 3842 re-

624 3879 771 3943 fert.
864 3876 1051 3943 Alios
1097 3875 1347 3943 scilicet
1390 3901 1458 3943 se
1503 3878 1741 3964 legisse
1798 3877 2119 3960 ostendit,
2175 3888 2249 3944 ut
2304 3879 2577 3944 credant
2630 3879 2924 3945 homines
2981 3881 3198 3967 ipsum

623 4002 752 4044 non
796 4003 880 4044 ex
922 3980 1113 4044 unius
1170 3982 1554 4046 auctoritate
1609 3980 1895 4067 pendere
1949 3990 2015 4044 et
2069 3980 2355 4068 suspicio
2410 3982 2602 4047 unius
2660 3981 3039 4070 plerumque
3085 4005 3196 4047 ex-

623 4082 806 4169 pilati
874 4081 1152 4147 hominis
1217 4082 1564 4148 minuatur.
1663 4081 1788 4148 Est
1852 4091 2066 4146 autem
2126 4081 2334 4166 Orus,
2402 4106 2593 4171 quem
2659 4107 2789 4150 non
2857 4082 3064 4150 solum
3129 4082 3197 4147 in

621 4183 1096 4268 grammaticis,
1142 4186 1260 4250 sed
1290 4185 1487 4251 etiam
1516 4186 1585 4248 in
1615 4184 2068 4270 geographicis
2099 4185 2293 4251 rebus
2339 4186 2599 4272 saepius
2646 4186 2888 4270 laudat,
2920 4208 3197 4272 semper,

623 4296 696 4352 ut
739 4287 867 4351 iam
913 4285 1309 4352 Ritschelius
1368 4287 1449 4352 de
1494 4287 1606 4353 Or.
1667 4296 1733 4351 et
1777 4285 2001 4351 Orion.
2058 4309 2122 4373 p.
2166 4289 2247 4352 31
2304 4287 2714 4371 observavit,
2770 4289 3030 4353 nomine
3083 4310 3196 4374 ap·

625 4388 895 4475 pellam,
960 4389 1129 4453 sicut
1181 4411 1295 4453 eae
1343 4389 1741 4471 notationeS,
1811 4387 2048 4473 quibus
2095 4389 2212 4455 Ori
2268 4412 2502 4454 nomen
2557 4411 2687 4454 non
2743 4390 3039 4458 additum
3082 4390 3198 4472 sit,

625 4490 1004 4556 Herodiano
1049 4490 1485 4574 assignandae
1530 4492 1680 4555 sint.
1768 4513 1831 4575 p.
1876 4490 1981 4572 46,
2029 4490 2068 4553 9
2110 4490 2347 4572 Αἰθάλη
2397 4494 2727 4560 «Φίλιςτος
2771 4496 2842 4559 δὲ
2886 4494 2956 4560 ἐν
3003 4494 3053 4559 ε’
3098 4492 3223 4557 (ι-’

624 4598 887 4660 κελικῶν
930 4592 1265 4658 Αἰθάλειαν
1310 4593 1507 4672 αὐτὴν
1554 4596 1763 4677 καλεῖ,
1808 4594 1910 4657 καὶ
1953 4594 2348 4673 Ἡρωδιανὸς
2402 4597 2504 4661 καὶ
2545 4595 2756 4675 Ὦρος.
2843 4594 3057 4660 Locus
3101 4596 3199 4659 sic

623 4691 1095 4776 intellegendus
1168 4702 1291 4758 est:
1374 4693 1788 4759 Herodianus
1858 4694 2101 4780 speciei
2166 4696 2463 4763 Αἰθάλεια
2537 4706 2773 4762 testem
2849 4697 3197 4762 Philistum

625 4795 965 4877 attulerat,
1021 4818 1163 4859 eam
1221 4794 1497 4860 formam
1558 4796 1751 4861 etiam
1808 4797 1982 4862 Orus
2048 4810 2501 4884 proposuerat,
2560 4801 2842 4865 fortasse
2907 4822 2993 4866 ex
3051 4802 3196 4887 ipso
