3664 5546
678 375 992 423 CXXXXVI
1751 375 2172 425 PRAEFATIO.

675 530 1103 615 scriptoribus
1160 551 1362 593 unum
1421 538 1534 593 aut
1589 528 1865 594 alterum
1926 529 2140 595 locum
2195 530 2276 594 de
2334 553 2451 595 suo
2508 530 2776 614 adiecit,
2844 531 3026 597 velut
3081 529 3258 598 ado

671 634 913 714 Ἴβηρος
971 631 1252 718 speciem
1300 629 1685 694 firmandam
1732 631 2142 712 Quadratum
2188 631 2433 697 laudat.
2500 633 2723 719 Neque
2768 656 2920 700 vero
2968 635 3256 701 omnium

671 734 1002 800 nominum
1061 731 1328 816 gentilia
1374 732 1788 797 Herodianus
1849 746 2306 820 proposuerat,
2367 734 2481 798 sed
2527 756 2836 817 canoneS,
2900 737 3258 801 secundum

669 860 830 922 quos
876 833 1223 901 formanda
1280 835 1444 915 sint,
1503 836 1932 900 constituerat
1984 834 2184 922 largis
2243 836 2684 923 exemplorum
2739 839 2941 924 copiis
2987 838 3253 902 additis.

669 937 801 1002 Ubi
846 939 1045 1023 igitur
1077 936 1443 1023 Stephanus
1492 959 1726 1001 nomen
1770 936 2014 1023 gentile
2060 937 2335 1003 alicuius
2365 938 2545 1004 urbis
2592 938 2696 1004 vel
2742 940 2870 1006 1001
2909 963 3015 1028 ap.
3049 939 3255 1004 Hero-

669 1038 937 1104 dianum
1004 1063 1134 1104 non
1199 1040 1486 1121 invenit,
1556 1050 1669 1104 aut
1735 1040 1820 1105 ad
1877 1039 2039 1105 alios
2106 1043 2500 1127 posteriores
2566 1043 3026 1127 grammaticos
3091 1064 3253 1129 quos

668 1153 885 1206 tamen
930 1142 1123 1206 etiam
1168 1141 1492 1205 interdum
1538 1152 1651 1205 aut
1696 1163 1842 1205 cum
1887 1140 2265 1209 Herodiano
2312 1145 2648 1230 coniungit
2691 1154 2806 1209 aut
2860 1145 2921 1208 ei
2964 1145 3251 1230 opponit,

667 1243 961 1328 confugit
1007 1254 1120 1308 aut
1164 1266 1248 1308 ex
1294 1241 1434 1327 lege
1479 1242 1563 1307 ab
1611 1242 1991 1309 Herodiano
2048 1246 2405 1310 constituta
2455 1246 2596 1333 ipse
2650 1247 2863 1313 finxit.
2954 1246 3083 1310 Sed
3139 1245 3252 1310 ubi

668 1344 868 1409 alium
926 1354 1513 1430 011010το111,οῐ(1110
1579 1345 2031 1411 Herodianum
2097 1348 2418 1434 sequitur,
2494 1346 2678 1412 illum
2751 1349 3249 1433 grammaticum

667 1446 911 1511 diserte
968 1446 1273 1533 appellat.
1382 1447 1518 1512 Sub
1575 1450 1854 1527 Ἄγκυρα
1918 1455 2260 1535 postquam
2324 1449 2689 1515 Herodiani
2754 1472 3043 1514 normam
3112 1450 3249 1513 eius

667 1547 926 1612 nomine
969 1548 1163 1614 tacito
1210 1550 1584 1636 proposuit,
1641 1549 1915 1614 alteram
1960 1551 2093 1616 Oro
2152 1562 2416 1617 auctore
2471 1553 2855 1618 nominatim
2920 1550 3248 1638 appellato

668 1651 876 1714 affert.
968 1649 1283 1720 Similiter
1327 1675 1396 1716 se
1442 1652 1640 1716 habet
1685 1653 1831 1734 251,
1864 1653 1907 1714 4
1936 1654 2169 1732 Δῶρα;
2225 1653 2263 1719 ὁ
2306 1657 2612 1734 νηςιώτης
2655 1656 2951 1734 Δωρίτης
3000 1656 3090 1720 ὡς
3134 1658 3250 1718 τοῦ

669 1753 971 1832 (τάγειρα
1002 1754 1414 1838 (ταγειρίτης,
1459 1756 1738 1836 Ἄβδηρα
1769 1756 2152 1839 Ἀβδηρίτης,
2200 1759 2356 1821 haec
2402 1765 2502 1821 est
2532 1755 2894 1819 Herodiani
2926 1755 3249 1836 doctrina,

666 1865 803 1919 tum
849 1852 1112 1918 additur
1156 1857 1327 1922 οὕτω
1373 1858 1474 1922 καὶ
1517 1857 1730 1936 Ὦρος.
1760 1892 1848 1903 -
1890 1856 1968 1920 111
2016 1858 2233 1924 Νικίου
2277 1861 2453 1939 κώμη
2497 1859 2849 1935 Αἰγύπτου·
2897 1857 3248 1937 Ἀριςταγό-

667 1979 780 2036 ρας
823 1957 1260 2034 Αἰγυπτιακῶν
1307 1960 1586 2043 δευτέρῳ
1645 1958 1682 2022 ὁ
1739 1959 2012 2039 οἰκήτωρ
2062 1961 2398 2045 Νικιώτης,
2457 1960 2545 2026 ὥς
2601 1983 2789 2041 φηςιν
2836 1959 3035 2038 Ὦρος
3086 1961 3247 2024 ἐθνι-

665 2062 798 2124 κῶν
853 2060 1090 2144 πρώτῳ
1159 2059 1436 2123 fortasse
1490 2059 1637 2124 ideo
1702 2059 1788 2123 ad
1848 2061 2055 2125 Orum
2110 2062 2526 2148 provocavit,
2595 2061 2769 2148 quod
2834 2061 3074 2146 gentile
3140 2083 3244 2146 ap.

665 2159 1114 2224 Herodianum
1162 2161 1470 2226 omissum
1518 2171 1688 2245 erat3
1737 2162 1915 2249 quod
1960 2162 2133 2227 idem
2179 2162 2396 2228 valere
2426 2162 2688 2228 videtur
2734 2163 2815 2227 de
2845 2165 3021 2229 Ταῦα
3063 2165 3249 2228 πόλις

664 2263 1014 2339 Αἰγύπτου·
1069 2263 1106 2327 ὁ
1151 2264 1415 2342 πολίτης
1460 2264 1759 2349 Ταυίτης,
1806 2267 1895 2331 ὡς
1939 2266 2138 2345 Ὦρος
2182 2266 2253 2332 ἐν
2302 2267 2354 2347 β’
2399 2268 2543 2345 περὶ
2589 2267 2885 2351 ἐθνικῶν,
2942 2288 3005 2351 p.
3059 2265 3163 2342 14,
3209 2265 3248 2328 6

665 2364 1041 2430 Helladium
1098 2363 1322 2429 laudat
1377 2364 1460 2430 ob
1515 2364 1760 2451 gentile
1817 2368 2311 2447 Ἀγβατανηνόςι
2382 2370 2485 2433 καὶ
2538 2368 2863 2434 Ἑλλάδιος
2918 2369 2988 2433 ἐν
3043 2375 3136 2452 τῷ
3190 2368 3247 2432 α’

668 2470 954 2551 ςτοιχείῳ
1000 2469 1314 2547 παρέθετο
1358 2469 1433 2533 τὸ
1479 2469 1729 2534 ἑθνικὸν
1776 2469 2257 2550 Ἀγβατανηνός.
2320 2459 2432 2534 ‘Et
2477 2470 2617 2554 ipse
2662 2481 2878 2534 tamen
2919 2469 3246 2533 interdum

664 2593 748 2633 ex
794 2569 1225 2656 scriptoribus
1271 2569 1556 2634 maxime
1601 2569 2071 2656 posterioribus
2116 2570 2357 2655 gentile
2398 2571 2785 2658 apposuisse
2841 2570 3106 2636 videtur
3150 2571 3245 2636 St.

664 2671 738 2735 B.
802 2695 852 2736 S.
901 2673 1122 2750 Αἴγινα
1176 2694 1261 2735 ex
1318 2671 1638 2736 Strabone
1695 2674 1966 2750 Αἰγινεῖς
2022 2695 2139 2760 pro
2193 2673 2555 2757 Αἰγινήτης,
2622 2695 2749 2759 (1110
2805 2671 3042 2739 Strabo
3099 2695 3246 2738 con-

664 2784 915 2839 stanter
959 2775 1196 2855 utitur,
1257 2773 1445 2839 affert
1490 2773 1797 2860 deceptus
1846 2773 2016 2840 malo
2063 2773 2321 2858 codice,
2378 2775 2446 2838 in
2502 2772 2627 2861 quo'
2672 2776 2941 2853 Αἰγινεῑς
2984 2798 3101 2862 pro
3147 2777 3246 2840 Αἰ-

663 2881 860 2952 γιλεῖς
925 2877 1239 2961 scriptum
1302 2876 1429 2940 fuit
1497 2875 1611 2961 (cf.
1669 2876 1869 2941 Mein.
1931 2876 2017 2940 ad
2071 2876 2134 2941 h.
2192 2875 2287 2961 1.).
2352 2878 2457 2955 ,8.
2513 2879 2829 2958 Ἀμάςεια·
2886 2879 2924 2942 ὁ
2982 2880 3246 2958 πολίτης

670 2980 996 3062 Ἀμαςεύς,
1046 2981 1136 3044 ὡς
1180 2980 1376 3045 αὐτὸς
1423 2979 1740 3059 (τράβων.
1808 2980 1967 3045 κατὰ
2012 2981 2082 3044 δὲ
2133 2981 2467 3045 Καπίτωνα
2513 2980 2916 3060 Ἀμαςεώτης.
2961 2981 3251 3046 πειςτέον

668 3084 737 3145 δὲ
784 3086 1030 3161 μᾶλλον
1078 3082 1397 3162 (τράβωνι
1455 3082 1545 3146 ὡς
1598 3082 1826 3168 πολίτῃ
1886 3104 1969 3146 ex
2014 3080 2333 3166 Capitone
2389 3091 2648 3165 praeter
2703 3089 3080 3145 consuetam
3124 3083 3251 3171 101·-

671 3203 841 3244 mam
885 3183 1184 3264 Ἀμαςεύς
1228 3182 1501 3246 alteram
1545 3183 1756 3247 minus
1803 3182 2082 3269 probam
2128 3184 2519 3263 Ἀμαςεώτης
2575 3183 2910 3269 proponit;
2966 3206 3017 3248 s.
3068 3186 3249 3266 Ἀμα-

669 3284 832 3362 ςτρίς
875 3283 1106 3367 gentili
1151 3285 1594 3363 Ἀμαςτριανός
1660 3283 1952 3350 adnectit
2012 3285 2294 3348 formam
2349 3294 2723 3371 corruptam
2790 3306 2947 3348 suae
3014 3286 3250 3351 aetatis

673 3385 1117 3464 Ἀμαςτρανός;
1185 3386 1248 3450 οἱ
1312 3389 1382 3451 δὲ
1437 3390 1554 3451 νῦν
1610 3388 1681 3453 ἑν
1735 3395 1811 3472 τῇ
1859 3387 2153 3472 ςυνηθείᾳ
2198 3392 2403 3453 κακῶς
2449 3387 2915 3466 Ἀμαςτρανοὺς
2960 3389 3251 3464 λέγουςιν

671 3486 935 3569 αὐτούς,
993 3508 1147 3549 nam
1203 3486 1325 3550 hoc
1380 3485 1523 3552 loeo
1570 3492 1687 3554 νῦν
1733 3487 1818 3553 ad
1867 3487 2179 3574 Stephani
2225 3499 2518 3574 tempora
2562 3491 2844 3575 pertinet
2892 3510 3023 3553 non
3065 3497 3140 3553 ut
3183 3490 3251 3552 in

667 3585 993 3673 plerisque
1039 3587 1183 3652 aliis
1240 3587 1324 3651 ad
1373 3587 1732 3653 Herodiani
1783 3599 2094 3672 aetatem3
2152 3590 2656 3676 epitomatorum
2712 3590 2887 3654 enim
2947 3601 3048 3655 est
3102 3613 3251 3656 con-

669 3687 944 3753 suetudo
990 3700 1318 3755 auctorem
1365 3713 1557 3755 suum
1600 3691 1695 3755 ita
1739 3690 2143 3774 exscribere,
2194 3702 2267 3756 ut
2313 3692 2507 3756 etiam
2553 3702 2918 3777 temporum
2976 3693 3254 3758 notatio-

667 3812 814 3853 nem
871 3814 953 3855 ex
1012 3815 1087 3856 eo
1142 3792 1463 3877 recipiant
1519 3795 1732 3857 securi
1787 3792 1875 3857 ad
1941 3816 2212 3858 suamne
2269 3802 2552 3858 aetatem
2616 3793 2894 3879 quadret
2949 3817 3033 3859 an
3097 3817 3253 3877 non,

669 3898 798 3977 qu'a
850 3915 922 3958 re
978 3904 1371 3959 momentum
1426 3893 1603 3958 haud
1670 3894 1979 3979 exiguum
2037 3894 2123 3959 ad
2168 3895 2415 3961 furtum
2479 3894 2918 3981 detegendum
2974 3896 3251 3963 accedit.

673 3993 1008 4061 Adverbio
1053 4000 1172 4062 νῦν
1217 3996 1427 4082 posito
1474 3996 1649 4082 quod
1694 3995 2110 4061 Herodianus
2158 3996 2239 4061 de
2284 4020 2400 4063 suo
2449 3997 2696 4063 scilicet
2737 4008 3027 4085 tempore
3072 3999 3256 4065 dixe—

667 4106 801 4178 rat,
867 4097 1234 4184 Stephanus
1279 4097 1642 4162 Herodiani
1687 4099 1949 4163 nomine
2001 4098 2242 4165 omisso
2301 4100 2734 4186 suspicionem
2790 4101 2936 4166 aevi
2981 4100 3253 4188 Stepha-

667 4199 848 4263 niani
913 4201 1190 4283 excitat,
1264 4200 1379 4264 sed
1450 4223 1533 4264 ex
1593 4199 1974 4265 Herodiano
2038 4201 2501 4286 transcriptum
2572 4224 2716 4267 esse
2787 4225 3254 4289 saepenumero

667 4300 1101 4366 demonstrari
1145 4311 1383 4387 potest:
1434 4325 1487 4365 s.
1520 4303 1823 4368 Ἐτεωνός
1872 4302 2145 4386 legimus
2190 4307 2469 4369 καλεῖται
2515 4306 2587 4368 δὲ
2630 4310 2748 4371 νῦν
2794 4305 3082 4389 (κάρφη,
3127 4304 3253 4371 1100

665 4413 882 4467 autem
930 4404 1187 4485 (κάρφη
1229 4414 1449 4468 exstat
1489 4425 1592 4489 ap.
1642 4404 1795 4468 Arc.
1837 4405 1987 4488 115,
2034 4406 2093 4485 7,
2142 4427 2331 4490 quem
2376 4404 2795 4470 Herodianea
2837 4416 3095 4472 tantum
3139 4430 3253 4471 no·

662 4506 841 4568 mina
883 4526 1246 4591 proponere
1302 4527 1500 4590 supra
1554 4526 1616 4590 p.
1664 4504 2033 4571 CXXXIV
2077 4505 2496 4574 ostendimus,
2590 4507 2701 4572 Sic
2745 4530 2827 4572 ex
2867 4508 3253 4574 Herodiano

663 4607 1154 4693 transcripsisse
1185 4605 1451 4670 videtur
1481 4630 1532 4670 e.
1560 4629 1625 4690 g.
1661 4608 1820 4674 Γάζα
1853 4610 2039 4674 πόλις
2064 4608 2388 4693 Φοινίκης,
2412 4612 2530 4675 νῦν
2563 4611 2635 4675 δὲ
2668 4611 3092 4692 Παλαιςτίνης
3121 4614 3252 4692 πρὸ

661 4713 771 4787 τῆς
800 4709 1154 4794 Αἰγύπτου,
1199 4730 1350 4772 nam
1395 4706 1571 4793 apud
1617 4707 1891 4773 Ptolem.
1923 4709 1984 4772 V
2021 4711 2129 4793 16,
2173 4711 2212 4775 6
2252 4713 2378 4774 iam
2409 4710 2582 4775 inter
2612 4711 2805 4776 urbes
2838 4711 3255 4778 Palaestinae

663 4834 716 4873 s..
761 4810 1044 4876 Iudaeae
1101 4810 1417 4891 refertur,
1475 4832 1664 4894 porro
1722 4811 2086 4880 Ἐλαιοῦςςα
2140 4817 2329 4892 νῆςος
2392 4814 2660 4879 Κιλικίας
2703 4815 2742 4892 ἡ
2789 4819 2908 4881 νῦν
2955 4817 3250 4898 (εβαςτή,
