3664 5546
1199 377 1358 433 nem
1395 332 1785 433 κΑοοΛκιΗς
1818 375 2239 432 ΠΡοςΩιΔιΑς
2273 376 2336 430 e.
2927 377 3054 440 229

654 552 748 616 Τὰ
802 553 873 617 δὲ
928 550 1368 629 παραςύνθετα
1426 549 1527 615 καὶ
1581 549 1885 630 φυλάττει
1940 547 2041 612 καὶ
2093 546 2485 631 ἀναβιβάζει,
2553 547 2920 614 ἐκλεκτὸς
2985 548 3056 612 ἐκ

487 657 602 719 τοῦ
645 652 914 730 ἐκλέγω,
973 651 1391 717 ἐπίλεκτος
1444 650 1516 715 ἐκ
1565 653 1677 728 τῆς
1730 649 1832 714 ἐπί
1887 649 1992 715 καὶ
2043 653 2160 715 τοῦ
2217 648 2450 715 λεκτός.
2538 648 2865 714 ἀνεκτὸς
2910 648 3052 716 ὀξύ-

487 775 658 821 νεται
724 754 806 834 «ἦ
874 756 950 833 δὴ
1022 752 1230 829 λοίγια
1292 752 1449 832 ἔργα
1513 751 1662 816 τάδ’
1717 750 1954 817 ἔςςεται
2021 750 2236 816 οὐκέτ’
2300 749 2571 817 ἀνεκτά»
2638 747 2746 833 (ΙΙ.
2789 752 2841 816 Α
2880 749 3052 833 573),

487 856 1006 938 διαμετρητός
1036 854 1161 921 ἐςτι
1191 854 1697 933 παραςύνθετον·
1727 853 1802 918 τὸ
1824 853 1948 932 γὰρ
1971 851 2137 934 ῥῆμα
2170 854 2550 919 ςυντέθειται
2579 853 2649 918 ἐν
2675 860 2766 938 τῷ
2797 858 3052 933 «χῶρον

485 961 599 1039 μὲν
628 963 888 1039 πρῶτον
918 958 1321 1038 διεμέτρεον»
1353 956 1424 1037 (Γ
1452 953 1621 1036 315).
1684 954 1877 1032 ὑγιῶς
1906 955 2031 1034 ἄρα
2058 956 2133 1021 τὸ
2168 960 2639 1041 «διαμετρητῷ»
2672 951 2780 1037 (Il.
2814 957 2852 1020 Γ
2880 953 3049 1037 344).
3093 969 3126 1020 5

486 1062 883 1141 Ἀρίςταρχος
925 1063 1197 1143 περιςπᾷ
1239 1059 1342 1123 καὶ
1385 1057 1446 1123 οἱ
1489 1057 1692 1122 ἄλλοι.
1780 1058 1884 1123 καὶ
1926 1057 2133 1123 οὕτως
2187 1058 2317 1137 ἔχει
2359 1058 2399 1136 ἡ
2444 1058 2807 1137 παράδοςις.
2882 1058 3053 1123 οὕτω

486 1165 586 1228 καὶ
628 1164 702 1229 τὸ
747 1160 1167 1228 ἐπαινετὸς
1213 1159 1531 1243 ὀξύνεται,
1578 1159 1673 1225 ὅτι
1718 1159 1850 1225 ἀπὸ
1896 1158 2173 1239 ῥήματος
2218 1160 2522 1225 ςυνθέτου
2554 1160 2816 1242 γέγονε,
2859 1162 2935 1226 τὸ
2982 1163 3054 1225 δὲ

484 1265 885 1344 ἐξαίρετος
931 1263 1282 1346 βαρύνεται.
1337 1263 1413 1327 τὸ
1458 1264 1529 1327 δὲ
1576 1260 1793 1343 «ἄφαρ
1840 1262 1906 1327 δ’
1946 1261 2353 1329 ἀνάπυςτα
2396 1261 2532 1328 θεοὶ
2573 1262 2761 1328 θέςαν
2805 1261 3051 1341 ἀνθρώ-

483 1387 692 1432 ποιςι»
751 1363 905 1448 (Οά.
974 1369 1010 1431 λ
1064 1363 1217 1447 274)
1282 1364 1894 1447 προπαροξυτόνως,
1960 1366 2252 1443 περιττῆς
2315 1363 2505 1443 οὔςης
2557 1368 2668 1442 τῆς
2722 1363 2847 1429 ἀνά
2913 1363 3056 1429 ἀντὶ
3190 1388 3205 1419 ι

480 1474 598 1536 τοῦ
641 1468 842 1534 πυςτά
893 1467 1248 1547 ἐξηκουςτά.
1292 1502 1377 1513 -
1429 1467 1506 1532 τὸ
1552 1468 1623 1531 δὲ
1679 1465 1894 1545 ἰατρός
1948 1465 2366 1547 φιλίατρος
2421 1464 2780 1547 ἀναβιβάζει
2835 1468 2938 1532 καὶ
2979 1466 3050 1533 ἐν
3089 1476 3156 1529 10

480 1579 572 1657 τῷ
615 1570 1044 1651 ἀρχιατρός
1089 1569 1188 1634 καὶ
1230 1568 1652 1648 ἱππιατρὸς
1706 1568 2029 1649 φυλάττει.
2114 1567 2190 1632 τὸ
2246 1568 2317 1633 δὲ
2370 1568 2613 1633 κλειτὸς
2667 1569 2770 1633 καὶ
2824 1569 3052 1635 κλυτός

481 1674 536 1740 εἰ
580 1675 694 1753 μὲν
740 1671 893 1752 μετὰ
923 1670 1223 1736 ἀπτώτου
1255 1675 1517 1755 ςυντεθῇ
1549 1670 1709 1749 ὑπὲρ
1752 1670 1897 1750 μίαν
1943 1669 2290 1752 ςυλλαβήν,
2335 1670 2637 1750 φυλάςςει
2675 1672 2792 1749 τὴν
2837 1670 3050 1737 ὀξεῖαν

483 1775 658 1841 τάςιν
710 1772 855 1840 οἷον
909 1772 1152 1838 κλειτὸς
1208 1771 1707 1855 ἀγακλειτός,
1762 1770 1991 1838 κλυτὸς
2033 1766 2534 1856 περικλυτὸς,
2589 1772 3049 1850 ἀγακλυτὸς.

479 1878 534 1942 εί
578 1878 649 1941 δὲ
693 1876 848 1956 μετὰ
890 1878 1208 1940 πτωτικοῦ
1249 1875 1289 1953 ἢ
1326 1873 1627 1939 ἀπτωτου
1667 1873 2186 1957 μονοςυλλάβου,
2229 1873 2814 1957 προπαροξύνεται,
2860 1876 3049 1955 πρὸ-

482 1982 760 2044 κλυτος
806 1976 1155 2057 «πρόκλυτ’
1202 1974 1549 2042 ἀκούοντες
1592 1974 1750 2041 ἔπεα
1791 1981 2044 2055 θνητῶν
2084 1976 2488 2055 ἀνθρώπων»
2534 1976 2620 2058 (Υ
2647 1976 2822 2060 204),
2868 1976 3049 2043 ὀνο·
3090 1989 3152 2041 15

479 2080 906 2162 μάκλυτος,
969 2078 1478 2160 τοξόκλυτος,
1523 2076 2038 2157 Ἡράκλειτος.
2128 2078 2229 2143 διὸ
2285 2077 2701 2158 ςημειούμεθα
2742 2080 2817 2145 τὸ
2862 2100 3049 2145 ναυ-

479 2183 839 2248 ςικλυτὸς
893 2180 1302 2260 ὀξυνὸμενον.
1390 2179 1486 2244 ὅτι
1541 2178 1665 2258 γὰρ
1720 2179 2021 2245 ςύνθετὸν
2077 2179 2234 2262 ἐςτι,
2290 2182 2490 2258 δῆλον
2546 2180 2616 2244 ἐκ
2671 2184 2788 2245 τοῦ
2841 2181 3051 2261 με’νειν

478 2285 553 2350 τὸ
598 2288 639 2347 ἆ
681 2287 792 2362 τῆς
835 2283 1013 2349 ναυςί
1058 2286 1324 2361 δοτικῆς.
1414 2283 1556 2347 κατ’
1601 2280 1761 2346 ἰδίαν
1806 2281 1930 2363 γὰρ
1974 2282 2149 2361 παρὰ
2191 2287 2283 2366 τῷ
2327 2288 2557 2366 ποιητῇ
2612 2284 2650 2361 ἢ
2697 2283 2801 2348 διὰ
2852 2288 2967 2374 τοῦ
3011 2288 3051 2362 ἦ

478 2387 726 2463 λέγεται
769 2387 808 2464 ἢ
855 2386 959 2450 διὰ
1001 2389 1118 2450 τοῦ
1162 2388 1225 2467 ἒ,
1284 2383 1355 2449 ἐν
1411 2385 1482 2449 δὲ
1528 2384 1803 2449 ςυνθὲςει
1850 2384 1954 2448 διὰ
1996 2387 2114 2449 τοῦ
2157 2386 2230 2467 ἇ,
2279 2384 2627 2467 Ναυςικάα,
2685 2385 3049 2453 Ναυςίθοος.

477 2488 553 2552 τὸ
597 2490 666 2552 δὲ
714 2488 943 2564 δουρὶ
986 2485 1267 2551 κλυτός
1311 2484 1382 2550 ἐν
1426 2486 1763 2565 παραθέςει
1792 2485 1973 2550 ἐςτίν.
2020 2485 2075 2549 εἰ
2102 2487 2225 2565 γὰρ
2254 2485 2334 2565 ἦν
2365 2487 2435 2552 ἐν
2468 2486 2774 2569 ςυνθέςει,
2818 2486 3048 2567 ἤμελλε
3084 2499 3151 2549 20
3241 2536 3248 2550 .

477 2588 1066 2667 προπαροξύνεςθαι
1113 2588 1202 2652 ὡς
1247 2586 1402 2666 μετὰ
1444 2590 1762 2652 πτωτικοῦ
1806 2589 2103 2653 ςυντεθὲν
2134 2589 2235 2653 καὶ
2265 2586 2648 2669 ἀναβιβάςαν
2682 2588 2799 2654 τὸν
2831 2588 3046 2654 τόνον.

644 2688 738 2752 Τὰ
780 2689 953 2767 παρὰ
995 2687 1071 2752 τὸ
1117 2686 1350 2752 ἀείδω
1393 2687 1724 2771 γινόμενα,
1781 2688 1836 2752 εἰ
1880 2690 1993 2769 μὲν
2037 2695 2112 2773 τῇ
2159 2692 2212 2771 ᾧ
2265 2690 2596 2775 διφθόγγῳ
2640 2691 3045 2769 παραλήγον-

478 2812 607 2874 ται,
664 2790 981 2873 ὀξύνεται,
1036 2791 1395 2875 τραγῳδὸς,
1456 2789 1793 2875 κωμῳδὸς,
1848 2791 2165 2877 μελῳδὸς·
2237 2792 2291 2856 εἰ
2334 2795 2406 2857 δὲ
2458 2798 2534 2876 τῇ
2586 2797 2650 2857 ὂῖ
2694 2794 3046 2877 διφθὸγγψ,

476 2894 531 2958 εἰ
586 2894 700 2972 μὲν
756 2892 916 2972 ὑπὲρ
976 2893 1274 2972 τέςςαρας
1326 2893 1639 2972 ςυλλαβὰς
1703 2892 1846 2975 ὦςι,
1909 2895 2491 2977 προπαροξύνεται,
2547 2896 3046 2978 λιγυάοιδος,

477 2995 987 3072 ὑπεράοιδος·
1053 2993 1223 3059 εἰδὲ
1266 2993 1586 3078 τέςςαρες,
1631 2993 1900 3078 ὁμοίως,
1945 2995 2409 3079 ὑμνάοιδος,
2454 2993 2868 3080 ἐπάοιδος,
2916 3001 3044 3064 λυ-
3080 3009 3145 3059 25

475 3097 814 3176 ράοιδος.
885 3097 963 3161 τὰ
1008 3096 1075 3160 δ’
1118 3095 1183 3162 ἐξ
1226 3094 1442 3161 αὐτῶν
1482 3095 1801 3180 ὀξύνεται,
1848 3097 2241 3181 ὑμνῳδὸς,
2288 3097 2627 3183 ἐπῳδὸς,
2670 3100 3043 3184 λυρῳδός.

638 3199 799 3264 Ὅςα
842 3197 972 3263 ἀπὸ
1015 3201 1264 3277 γενικῆς
1308 3198 1397 3263 εἰς
1441 3200 1524 3262 ὀἳ
1579 3198 1994 3282 ςυντίθενται,
2047 3200 2631 3284 προπαροξύνεται,
2688 3202 2856 3279 πλὴν
2911 3206 3042 3267 τῶν

473 3393 766 3453 cognatum
802 3393 916 3449 est,
955 3390 1400 3453 propamxytona
1436 3400 1578 3438 esee.
1684 3387 1719 3437 l.
1744 3389 1776 3437 2
1812 3403 1912 3453 pro
1937 3387 2199 3440 librorum
2223 3389 2496 3453 scriptura
2521 3383 2813 3441 ἐπίλεκτος
2849 3387 2912 3440 ἑκ
2936 3391 3038 3441 τοῦ

474 3453 736 3507 ἐκλεκτός
775 3455 997 3506 exhibui
1033 3470 1155 3506 eum
1178 3455 1316 3506 Lob.
1341 3454 1546 3506 Parall.
1573 3456 1674 3505 495
1710 3452 1772 3506 ἐκ
1807 3457 1911 3520 τῆς
1947 3453 2039 3508 ἐπί
2077 3456 2166 3508 καὶ
2202 3458 2306 3507 τοῦ
2333 3455 2558 3520 λεκτός,
2596 3463 2659 3507 ut
2685 3461 2771 3508 est
2793 3457 2852 3508 in
2876 3457 3041 3508 simil·

475 3524 603 3575 limo
638 3524 763 3575 loco
797 3525 896 3589 Ep.
935 3524 1025 3573 Cr.
1059 3524 1088 3574 Ι
1126 3525 1240 3585 118,
1279 3526 1342 3574 18
1390 3529 1445 3573 et
1479 3524 1546 3576 Ε.
1581 3525 1656 3574 Μ.
1693 3525 1820 3586 269,
1857 3527 1889 3575 3
1934 3522 2327 3590 διαμετρητὸς;
2376 3523 2664 3588 ςχήματος
2701 3524 3039 3589 παραςυνθέ-

471 3606 596 3643 του·
634 3591 725 3643 καί
759 3590 937 3643 πόθεν
971 3588 1351 3654 διαχωρίζεται
1386 3588 1458 3642 τὰ
1492 3588 1884 3655 παραςύνθετα
1930 3591 1993 3644 ἐκ
2028 3594 2149 3644 τῶν
2184 3591 2496 3653 ςυνθέτων;
2534 3591 2596 3645 ἐκ
2631 3594 2733 3658 τῆς
2769 3592 3038 3658 διαφορᾶς

471 3662 574 3712 τοῦ
611 3657 800 3712 τὸνου.
846 3657 916 3710 τὰ
953 3657 1055 3721 μὲν
1088 3657 1161 3721 γὰ
1229 3657 1467 3710 ςύνθετα
1502 3658 2015 3724 προπαροξύνεται,
2054 3660 2247 3725 ἐπειδὴ
2284 3659 2398 3712 ἀπὸ
2433 3659 2682 3725 ῥήματος
2719 3659 2898 3725 ἔχουςι
2931 3662 3039 3726 τὴν

471 3728 720 3780 ςύνθεςιν
752 3725 877 3779 οἷον
912 3725 1125 3788 ἐκλέγω
1191 3724 1448 3778 κλεκτὸς·
1503 3724 1796 3780 ἐπίλεκτος
1832 3727 1896 3780 δὲ
1938 3727 2448 3794 προπαροξύνεται,
2483 3727 2570 3780 ὅτι
2604 3727 2719 3780 ἀπὸ
2760 3727 3038 3792 ὀνόματος

471 3795 591 3859 ἔςχε
617 3794 891 3858 ςύνθεςιν,
918 3793 980 3847 ἐκ
1011 3795 1114 3914 ¹ch
1139 3791 1232 3845 ἐπί
1266 3792 1583 3859 προθὲςεως
1617 3794 1706 3846 καί
1740 3798 1845 3847 τοῦ
1881 3795 2094 3849 λεκτὸς.
2142 3796 2328 3850 οὕτως
2361 3796 2464 3848 οὖν
2490 3796 2579 3849 καί
2612 3797 2889 3861 διαμετρῶ
2927 3797 3037 3849 δια-

471 3863 727 3929 μετρήςω
752 3863 1053 3928 διαμετρητ
1091 3876 1135 3914 ς.
1159 3889 1225 3898 -
1249 3860 1484 3914 ἀνεκτός
1520 3864 1727 3929 sumpsi
1763 3879 1830 3915 ex
1865 3865 1930 3917 ΙΙ.
1956 3866 2044 3916 Pr.
2071 3865 2114 3917 Λ
2140 3868 2240 3917 610
2277 3865 2400 3916 coll.
2424 3862 2470 3916 Θ
2497 3867 2612 3928 355,
2648 3866 2745 3916 ubi
2780 3863 3038 3917 λέλεκται

471 3932 604 3996 ἡμῖν
628 3932 755 3996 περὶ
778 3933 881 3996 τῆς
907 3926 1237 3997 προςῳδίας,
1264 3929 1442 3982 ὁπότε
1467 3929 1794 3995 διελάβομεν
1819 3933 1949 3998 περὶ
1972 3935 2076 3984 τοί)
2104 3931 2181 3997 «ἦ
2206 3933 2275 3997 δὴ
2302 3929 2482 3996 λοίγια
2507 3934 2676 3995 κτλ),
2704 3932 2847 3997 quod
2871 3933 3039 3983 adno-

470 4005 772 4052 tamentnm
806 3999 1104 4050 intercidit.
1173 3999 1355 4050 Verba
1390 3997 1756 4064 διαμετρητός
1792 4016 1967 4066 usqne
2004 4001 2074 4052 ad
2110 4000 2408 4065 παράδοςις
2453 4001 2686 4052 adiectis
2719 3999 2893 4062 ὑγιῶς
2929 3999 3036 4064 ἄρα

468 4070 654 4135 recepi
688 4085 757 4120 ex
791 4068 863 4121 11.
896 4067 986 4120 Pr.
1028 4065 1061 4118 Γ
1096 4067 1212 4119 344.
1248 4093 1313 4103 —
1351 4069 1506 4131 Quae
1546 4066 1613 4116 de
1649 4065 1944 4120 ἐπαινετὸς
1989 4074 2047 4119 et
2081 4066 2361 4134 ἐξαίρετος
2407 4069 2554 4121 dicta
2600 4073 2755 4130 sunt,
2802 4069 3036 4133 repetivi

468 4154 534 4187 ex
570 4139 672 4202 Ep.
713 4137 802 4189 Cr.
840 4136 865 4186 1
903 4137 1016 4186 135.
1254 4134 1292 4186 l.
1329 4137 1362 4187 8
1397 4135 1465 4185 de
1500 4132 1788 4188 ἀνάπυςτα
1826 4137 2009 4191 Sehol,
2048 4136 2121 4187 ad
2156 4138 2255 4189 Od.
2291 4138 2324 4188 λ
2359 4139 2482 4188 274:
2522 4134 3035 4201 προπαροξυτόνως

468 4205 601 4271 φηςί
638 4203 701 4256 ἑν
735 4207 807 4270 τῇ
845 4200 1090 4255 καθόλου
1136 4203 1401 4268 περιττῆς
1446 4201 1611 4267 ούςης
1658 4205 1775 4255 κτλ.
1824 4205 1898 4259 ef.
1942 4206 2079 4256 Lob.
2113 4205 2316 4256 Parall.
2352 4207 2477 4269 496,
2527 4206 2622 4269 qui
2665 4204 2770 4255 hoe
2812 4203 3036 4256 adnota-

468 4278 708 4324 mentum
753 4272 1082 4323 eontrarium
1126 4287 1246 4323 esse
1293 4271 1566 4326 omnibus,
1624 4287 1763 4336 quae
1810 4272 1877 4325 de
1925 4273 2241 4339 pleonasmo
2296 4273 2764 4340 praepositionum
2806 4277 3037 4339 accepta

468 4342 760 4404 habenae,
798 4355 1005 4392 summo
1038 4341 1157 4390 iure
1194 4340 1420 4404 asserit,
1458 4337 1555 4390 sed
1592 4338 1771 4391 locum
1814 4341 2083 4391 intactum
2127 4341 2342 4407 reliqui.
2411 4341 2535 4390 Huc
2583 4340 2824 4405 pertinet
2868 4340 3036 4390 etiam

469 4409 649 4460 Sehol.
687 4408 789 4458 Od.
827 4422 861 4458 ν
900 4411 1019 4459 110:
1056 4405 1405 4471 καταιβατὸς.
1425 4404 1726 4459 ὀξυτόνως.
1797 4410 1869 4459 ef.
1907 4413 2193 4475 praeterea
2228 4409 2292 4457 Ε.
2327 4409 2397 4458 Μ.
2433 4411 2552 4471 474,
2590 4411 2652 4459 17
2688 4406 3031 4472 ίππόβοτον;

466 4475 609 4528 διατί
644 4474 927 4541 ἀνεβίβαςε
964 4475 1070 4527 τὸν
1095 4474 1292 4538 τόνον;
1330 4474 1402 4527 τὰ
1437 4473 1516 4527 είς
1551 4479 1614 4529 οἳ
1656 4475 1898 4528 ὀξύτονα
1941 4475 2236 4540 διςύλλαβα
2280 4475 2342 4527 ἑν
2376 4479 2448 4542 τῇ
2493 4474 2737 4527 ςυνθέςει
2783 4490 3035 4541 προπαρ-

469 4544 745 4597 οξύνεται·
783 4543 978 4609 βατός,
1016 4542 1261 4607 ἄμβατός
1306 4542 1418 4596 ἑςτι
1464 4541 1652 4608 πόλις,
1691 4543 1874 4609 φατὸς
1915 4544 2276 4610 Ἀρηῑφατος,
2324 4544 2493 4609 χωρὶς
2540 4542 2589 4596 εί
2634 4544 2709 4608 μὴ
2756 4543 3031 4607 παραςύν-

467 4614 601 4663 θετα
637 4611 736 4663 ῶςι
769 4611 859 4664 διὰ
892 4611 961 4663 τὸ
998 4615 1186 4677 μετρῶ
1225 4611 1480 4677 μετρήςω
1517 4612 1793 4678 μετρητὸς
1828 4613 1921 4664 καί
1956 4613 2350 4677 «διαμετρητῷ
2387 4611 2470 4664 ἐνί
2506 4610 2736 4679 χώρῳ».
2772 4640 2838 4648 -
2875 4614 3032 4675 Quae

468 4680 533 4730 de
570 4679 788 4732 κλειτὸς
824 4684 882 4732 et
925 4679 1128 4732 κλυτὸς
1165 4696 1456 4748 eorumque
1503 4682 1823 4747 compositis
1871 4681 2101 4748 protuli,
2148 4685 2276 4731 sunt
2313 4696 2379 4732 ex
2415 4681 2479 4731 E.
2517 4682 2589 4731 M.
2627 4682 2753 4742 215,
2791 4682 2882 4742 21,
2930 4680 3032 4745 Ep.

468 4748 557 4798 Cr.
594 4749 621 4797 Ι
655 4750 776 4812 378,
816 4751 895 4798 12.
966 4749 1120 4799 Pros-
1155 4749 1224 4800 11.
1267 4747 1304 4800 Κ
1345 4751 1441 4801 109
1486 4755 1542 4801 et
1590 4749 1770 4803 Sobel.
1816 4749 1921 4801 od.
1956 4764 1994 4800 α
2026 4747 2118 4809 3’0;
2168 4749 2226 4798 in
2268 4748 2372 4800 flue
2420 4748 2494 4813 μὴ
2533 4754 2662 4800 ante
2699 4745 3031 4812 ἀναβιβάςαν

468 4816 523 4865 in
560 4815 660 4881 Ep.
697 4815 785 4867 Cr.
821 4816 998 4866 omisi.
1131 4817 1166 4866 l.
1200 4820 1266 4867 22
1301 4815 1471 4868 ἀείδω
1507 4820 1703 4884 scripsi
1742 4833 1839 4884 pro
1875 4816 2008 4869 εἴδω
2045 4818 2328 4872 librorum;
2365 4816 2628 4882 τὲςςαρας
2666 4822 2723 4868 οι
2759 4821 2880 4882 poet
2913 4814 3030 4868 τές·

468 4896 627 4949 ςαρες
664 4899 763 4950 pro
798 4887 945 4948 τρεῖς
982 4889 1229 4944 monente
1266 4885 1586 4939 Schmidtio.
