3664 5546
1151 415 1311 473 ΠΕΡΙ
1353 416 1744 473 ΚΑΘΟΛΙΚΗΕ
1781 416 2204 471 ΠΡΟΕΩιΔΙΑ(
2240 417 2306 470 Δ.
2608 484 2615 491 ‚
2898 416 3021 482 105

436 590 793 669 Ἀνακρέων
838 589 969 656 ἀπὸ
1013 590 1432 672 Ἀθάμαντος,
1490 590 1562 655 ὃς
1605 594 1867 668 πρῶτον
1923 588 2123 667 αὐτὴν
2169 588 2422 654 ἔκτιςεν.
2500 590 3018 657 Μεταποντίς.

437 676 643 758 οὕτως
686 694 1007 772 πρότερον
1053 693 1340 761 ἐκαλεῖτο
1387 692 1555 772 (ύμη
1585 696 1791 772 νῆςος.
1840 694 1880 757 Γ
1894 692 2211 768 ιγαντίς.
2258 692 2464 757 οὕτως
2507 696 2673 759 τινὲς
2718 697 2834 773 τὴν
2880 695 3016 773 Ἀρ-

436 795 659 861 καδίαν
703 795 911 876 φαςίν.
988 796 1451 889 Ἐλςφαντίς.
1511 795 1718 859 οὕτως
1759 794 2122 873 Παρθένιος
2169 790 2619 875 Ἐλεφαντίνην
2674 799 2870 875 νῆςον
2913 795 3017 861 Αἰ-

435 898 683 973 γύπτου
729 898 932 978 φηςίν.
1007 896 1398 979 Ζυ,γαντ(ς
1452 898 1637 964 πόλις
1691 897 1937 978 Λιβύης.
2011 896 2338 961 Ἑκαταῖος
2379 897 2582 965 Ἀςίας
2637 901 3016 978 περιηγήςει.

437 1000 873 1066 Ἰπνουντίς
917 1000 955 1079 ἡ
1002 1000 1198 1083 Ἥρα,
1245 1000 1733 1082 Ὀδομαντίς,
1773 999 2228 1080 ,(ιμουντίς,
2275 998 2830 1084 (κιλλουντίς,
2877 1000 3076 1066 (0-5

440 1102 789 1185 λουντίς,
834 1098 1309 1197 Ταυλ.αντίς,
1355 1102 1864 1185 Τευθραντίς,
1910 1101 2348 1173 Φλιουντίς.
2418 1102 2623 1168 ‘mbr
2672 1095 3016 1183 (ἀργαν-

436 1227 548 1271 τις
603 1205 790 1270 πόλις
843 1205 1166 1281 Αἰγύπτου
1225 1205 1562 1289 βαρύνεται
1629 1205 1719 1271 ὡς
1785 1207 1901 1275 καὶ.
1944 1200 2388 1282 Βούναρτις
2445 1205 2631 1273 πόλις
2685 1205 2913 1286 Λιβύης
2982 1206 3017 1284 ἴ)

438 1294 991 1391 παραληγόμενον.
2044 1388 2073 1403 Γ

604 1410 700 1474 Τὰ
755 1409 843 1475 εἰς
899 1413 953 1473 Tc
1009 1409 1249 1489 θηλυκὰ
1304 1408 1435 1475 ἀπὸ
1489 1415 1620 1476 τῶν
1676 1409 1764 1475 εἰς
1817 1414 1893 1488 ῆῐ
1947 1408 2295 1489 ἀρςενικῶν
2351 1411 2658 1491 γινόμενα
2700 1410 2830 1489 πρὸ
2878 1414 3019 1490 μιᾶς

437 1511 653 1591 ἔχουςι
697 1512 813 1599 τὸν
856 1511 1088 1594 τόνον,
1146 1512 1184 1577 6
1227 1513 1573 1592 κυνηγέτης
1627 1514 1666 1592 ἡ
1711 1508 2166 1594 κυνηγέτις,
2221 1512 2258 1576 ὁ
2305 1511 2610 1593 δεςπότης
2657 1514 2694 1592 ἡ
2741 1514 3018 1578 δεςπό-
3056 1519 3122 1572 10

435 1636 583 1697 τις,
629 1614 881 1695 ἀῖτης,
939 1614 1175 1697 ἀῖτις,
1218 1615 1256 1680 6
1301 1615 1564 1694 πολίτης
1608 1616 1647 1695 ἡ
1692 1618 2038 1697 πολῖτις,
2095 1616 2403 1695 πολιήτης
2456 1600 2840 1694 πολιῆτις.
2918 1616 3018 1681 Γέ-

435 1738 545 1796 της
603 1718 642 1780 Γ
657 1717 840 1781 ἑτις·
902 1717 1107 1799 οὕτως
1166 1719 1236 1782 δὲ
1293 1717 1582 1783 ἐκαλεῖτο
1648 1718 1687 1797 ἡ
1753 1719 1915 1797 γυνὴ
1980 1706 2471 1803 τοῦ“Φιλίππου
2524 1721 2641 1783 τοῦ
2686 1718 3017 1800 Ἀμύντου,

439 1819 729 1898 Μακέτης
775 1820 1144 1902 Μακέτις,
1203 1819 1477 1898 ἀγρότης
1522 1818 2288 1909 ἀγρότις,ἀγροιώτης
2332 1819 2789 1903 ἀγροιῶτις,
2848 1818 3018 1884 Μας-

439 1922 698 2001 ςαγέτης
758 1923 1249 1998 Μαςςαγέτις
1305 1923 1408 1986 καὶ
1463 1923 1989 2005 Μαςςαγῆτις,
2044 1920 2194 1987 ἴςως
2251 1904 2482 1987 διὰ’τό
2530 1922 2779 2001 μέτρον.
2866 1941 3017 2001 πρε-

439 2024 662 2103 ςβύτης
705 2028 1156 2106 πρεςβῦτις,
1203 2022 1453 2103 ἀλείτης
1497 2024 1837 2107 ἀλεῑτις,
1869 2021 2609 2105 ἀγυιὰτηςάγυιᾶτις,
2659 2025 2747 2089 ὡς
2791 2026 2895 2089 καὶ
2936 2024 3016 2089 τὰ
3057 2031 3119 2082 15
3187 2015 3193 2026 ’

436 2126 805 2206 προπύλαια
869 2130 1004 2215 τοῦ,
1049 2124 1321 2201 ἀγυιέως
1389 2125 1746 2203 ἀγυιάτιδες
1810 2128 2137 2205 θεραπεῖαι
2204 2112 2530 2208 λέγόνται,
2604 2126 3019 2191 Αύςονῖτις

436 2229 796 2309 Λυκόφρων
841 2230 936 2311 (ν.
980 2226 1093 2309 44)
1152 2227 1233 2293 «6
1288 2232 1397 2308 τῆς
1453 2228 1760 2308 θαλάςςης
1812 2228 2223 2294 Αὐςονίτιδος
2279 2230 2577 2309 μυχούς».
2665 2226 3019 2293 Αἰανῑτις

437 2333 542 2397 διὰ
586 2331 960 2411 διφθόγγου.
1051 2330 1385 2411 (οφοκλῆς
1429 2333 1500 2396 δὲ
1546 2332 1819 2396 Ἀανῑτιν
1864 2330 2098 2411 γράφει
2144 2330 2287 2409 δίχα
2324 2335 2443 2399 τοῦ
2488 2334 2539 2395 ἶ.
2581 2330 3019 2412 Ζεφυρῖτι(

437 2433 778 2514 Ἀφροδίτη
822 2435 925 2497 καὶ
970 2433 1285 2515 Ἀρςινόη,
1343 2433 1432 2498 ὡς
1481 2433 1891 2514 Καλλίμαχος.
1969 2431 2329 2498 Κυκνῖτις
2384 2432 2459 2511 ἦς
2503 2433 2541 2498 6
2590 2433 2831 2498 Κύκνος
2876 2434 3016 2513 ἐβα-

439 2536 693 2601 ςίλευςε.
754 2534 1088 2616 (οφοκλῆς
1133 2535 1202 2600 ἐν
1246 2536 1467 2614 Πηλεῖ.
1534 2538 1636 2600 καὶ
1679 2536 1748 2601 ἐν
1793 2536 2057 2615 Ποιμέςι
2104 2536 2309 2614 «βοὴν
2355 2538 2631 2600 κυκνῖτιν
2649 2561 2690 2599 ».
2760 2536 3016 2601 Ἀςκα-
3055 2542 3123 2593 20

437 2641 785 2720 λωνῖτις,
835 2637 1358 2720 Ναρβωνῑτις,
1407 2637 1886 2727 Καρκινῖτις,
1931 2638 2116 2703 πόλις
2149 2638 2439 2720 (κυθική,
2482 2637 2852 2716 Λυχνῑτις
2882 2638 3017 2716 Ἀρ-

436 2740 651 2821 μενίας
695 2740 888 2819 χώρα
980 2741 1457 2806 Μενελαῖτις
1502 2740 1682 2821 χώρα
1725 2739 2077 2824 Αἰγύπτου,
2121 2740 2557 2819 Ποταμῑτις
2601 2741 2761 2818 γυνὴ
2806 2740 3018 2819 Βήλου
3090 2734 3091 2737 ’

435 2844 475 2921 ἢ
519 2844 623 2907 καὶ
667 2842 899 2920 Ἀερία·
954 2842 1126 2907 οὕτω
1183 2842 1255 2907 δ’
1297 2843 1526 2922 ἐκλήθη
1571 2844 1674 2907 καὶ
1725 2844 1764 2923 ἡ
1809 2841 2143 2919 Αἴγυπτος.
2230 2843 2641 2907 Πιτανῖτις
2694 2843 2875 2921 χώρα
2917 2843 3021 2907 καὶ

436 2944 670 3025 νύμφη.
757 2943 1254 3024 Πορφυρῑτις
1305 2945 1491 3010 πόλις
1544 2945 1831 3025 Ἀραβίας
1889 2946 2048 3010 κατὰ
2101 2944 2456 3028 Αἴγυπτον,
2512 2945 3017 3024 Προςωπῖτις

570 3236 606 3286 l.
643 3240 676 3287 9
709 3236 768 3285 in
803 3235 868 3286 11.
893 3232 983 3282 Pr.
1012 3230 1147 3283 1571
1186 3250 1364 3286 canon
1403 3237 1484 3286 sic,
1521 3241 1822 3302 conceptus
1859 3242 1972 3287 est:
2010 3235 2359 3301 ἠεροφοῖτις;
2398 3235 2470 3287 τὰ
2505 3234 2583 3288 εἰς
2622 3239 2669 3289 ῖς
2705 3233 3023 3301 παρώνυμα

437 3303 653 3370 θηλυκὰ
689 3298 1070 3369 παρακείμενα
1104 3304 1222 3353 τοῖς
1261 3301 1338 3356 εἰς
1373 3307 1441 3368 ᾗ
1475 3303 1780 3368 ἀρςενικοῖς
1831 3304 2227 3369 βαρυνομένοις
2264 3307 2735 3369 προπεριςπᾶται,
2775 3302 2823 3355 εί
2860 3303 3022 3367 φύςει

438 3375 620 3439 μακρᾷ
664 3370 1077 3437 παραλήγοιτο,
1116 3373 1401 3436 πρωθῆβις
1440 3373 1721 3436 πολιῆτις,
1762 3370 1996 3436 ἀλεῑτις,
2047 3374 2334 3438 πλανῆτις.
2405 3372 2592 3424 οὕτως
2636 3372 2697 3424 δὲ
2734 3373 2823 3424 καί
2860 3372 3021 3437 ὴερο·

438 3444 636 3506 φοῖτις.
709 3439 810 3492 ὄςα
846 3438 906 3490 δὲ
946 3436 1096 3501 παρὰ
1132 3436 1200 3488 τὸ
1248 3441 1462 3492 πωλεῖν
1506 3438 1791 3503 ἀνεβίβαςε
1840 3440 1945 3492 τὸν
1989 3440 2163 3493 τόνον
2207 3439 2555 3505 ἀρτόπωλις,
2603 3439 3019 3506 ἀλφιτόπωλις·

435 3508 571 3561 ἀλλ’
605 3508 708 3560 οὖν
746 3507 836 3560 καὶ
874 3506 974 3558 ὅςα
1010 3505 1162 3571 παρὰ
1197 3506 1265 3558 τὸ
1311 3511 1482 3559 κοῖτις
1528 3507 1852 3573 παράκοιτις
1898 3508 2122 3561 ἄκοιτις.
2192 3508 2261 3560 τὸ
2310 3507 2500 3572 μέντοι
2544 3509 2845 3574 δολόμητις
2884 3510 3020 3574 κτλ.,

436 3594 580 3644 quae
627 3578 697 3627 ad
744 3577 885 3627 hanc
936 3589 1121 3624 vocem
1171 3577 1350 3626 adieci
1397 3583 1454 3626 et
1495 3575 1541 3627 Τ
1586 3579 1649 3628 87
1697 3576 2047 3641 ἡεροφοῑτιςτ
2105 3576 2624 3642 προπεριςπαςτέον
2679 3576 2887 3641 ὁμοίως
2935 3582 3020 3644 τῷ

436 3642 1172 3775 ἑΐὸἓῗῗιβνῑῗεξᾞνᾶῗιῖῖῖξὸη
1193 3643 1797 3776 {ffssssstffss'iffizffi}
1842 3644 3023 3780 33⁰²&{3531{31135032155‘255542‘332fpot'23

435 3782 554 3833 κτλ,
579 3809 644 3816 ——
682 3781 949 3832 Arcadius
985 3778 1157 3829 habet
1196 3784 1407 3831 tanturn
1445 3780 1765 3847 κυνηγέτις,
1804 3781 2090 3847 δεςπότις,
2130 3784 2374 3844 πολῖτις,
2413 3783 2624 3848 reliqua
2661 3783 2845 3834 omnia
2870 3767 3024 3847 prae-

435 3855 521 3902 ter
555 3865 733 3915 pauca
771 3866 836 3898 ex
872 3849 940 3901 11.
977 3849 1132 3898 Pros.
1169 3854 1297 3898 sunt
1334 3865 1400 3898 ex
1440 3851 1518 3900 St.
1557 3851 1618 3900 B.
1656 3866 1836 3916 neque
1874 3856 2060 3901 tamen
2107 3847 2288 3901 bmnia
2333 3851 2402 3900 ab
2454 3867 2518 3901 eo
2555 3851 2838 3916 proposita
2877 3850 3025 3901 exhi-

435 3919 559 3984 bui,
600 3918 697 3968 sed
734 3917 909 3968 omnis
945 3916 1160 3982 generis
1196 3918 1333 3966 satis
1370 3917 1608 3983 amplum
1646 3934 1954 3976 numernm;
2001 3920 2184 3970 omnia
2229 3922 2440 3982 autem,
2523 3934 2628 3968 uae
2666 3920 2722 3968 in
2771 3920 3023 3969 substan·

435 3988 669 4038 tivorum
705 4001 862 4037 usum
898 3985 1107 4035 abeunt
1143 3991 1238 4034 aut
1274 3987 1513 4036 auctoris
1549 3987 1865 4038 testimonio
1903 3988 2223 4040 fulciuntur.
2296 3985 2456 4052 ἀῖτης
2536 3989 2642 4038 ῖτις
2679 3991 2805 4036 sunt
2852 4002 2918 4035 ex
2954 3988 3020 4039 Ε.

433 4056 507 4106 Μ.
545 4057 646 4104 Va.
697 4071 746 4119 p.
788 4053 883 4103 118
930 4052 1106 4103 Gaisf.
1153 4051 1374 4116 (Ἡρωδ.
1421 4051 1482 4104 ἐν
1527 4057 1598 4119 τῇ
1637 4053 1910 4119 καθόλου,
1958 4056 2123 4120 vulgo
2162 4054 2386 4119 ‘prb.,
2426 4055 2570 4120 quod
2620 4054 2793 4104 debeo
2842 4069 3022 4104 exem—

434 4123 576 4188 plari
611 4122 800 4173 Iacobi
834 4118 1075 4182 mortui).
1147 4120 1438 4171 Caeterum
1471 4138 1759 4173 canonnon
1796 4122 1957 4188 plene
1994 4124 2232 4173 traditus
2279 4130 2389 4182 est,
2437 4139 2562 4173 nam
2606 4123 2743 4172 nihil
2790 4122 3024 4172 relatum

439 4198 522 4242 est
570 4190 635 4240 de
686 4189 964 4240 femininis
1012 4191 1068 4239 in
1115 4192 1198 4240 ‘rt'c‘
1244 4190 1315 4239 ab
1365 4191 1619 4255 oxytonis
1666 4193 1720 4241 in
1767 4194 1870 4255 της
1908 4191 2174 4242 derivatis
2229 4188 2435 4255 βοητής
2483 4191 2696 4255 βοῆτις,
2750 4188 3022 4253 τυπωτής

435 4259 714 4318 τυπῶτις,
761 4255 1019 4321 ὑβριςτής
1065 4257 1331 4323 ὕβριςτις,
1382 4256 1689 4323 βουλευτής
1738 4258 2051 4322 βούλευτις,
2100 4257 2373 4323 αἰχμητής
2408 4256 2678 4322 αἴχμητις.
2751 4258 2841 4307 Sic
2877 4264 3023 4308 certe

438 4328 602 4376 trium
639 4331 1034 4391 postremorum
1070 4326 1449 4377 vocabulorum
1491 4330 1700 4377 tonosis
1739 4328 1945 4377 tradita
1979 4334 2067 4376 est
2101 4328 2158 4376 in
2182 4327 2246 4375 Ε.
2270 4329 2342 4376 Μ.
2369 4329 2486 4388 595,
2525 4329 2608 4388 38,
2647 4326 2865 4376 etiamsi
2900 4342 3021 4390 pro-

438 4395 852 4460 paroxytonesis
889 4409 995 4444 non
1036 4394 1243 4445 diserte
1281 4397 1703 4459 praescribitur:
1743 4394 1932 4457 μύςτις
1970 4394 2120 4458 παρὰ
2156 4392 2224 4444 τὸ
2263 4393 2484 4458 μύςτης.
2556 4397 2730 4445 τοῦτο
2767 4392 2918 4458 παρὰ
2952 4393 3022 4445 τὸ

438 4462 582 4524 μύω·
639 4460 706 4513 οὐ
755 4459 932 4525 μόνον
986 4460 1046 4513 δὲ
1094 4461 1209 4514 ἀπὸ
1256 4461 1566 4526 βαρυτόνου
1612 4461 1824 4524 γίνεται
1881 4460 1959 4515 εἰς
2013 4466 2061 4514 ῖς
2118 4461 2488 4527 παρώνυμον,
2552 4460 2676 4513 οἷον
2731 4459 3022 4526 πλανήτης

439 4532 736 4594 πλανῆτις,
799 4528 942 4581 ἀλλὰ
987 4530 1077 4580 καὶ
1123 4529 1238 4581 ἀπὸ
1275 4529 1546 4581 ὸξυτόνου
1592 4528 1716 4582 οἷον
1761 4529 2019 4596 ὺβριςτής
2055 4530 2320 4594 ὕβριςτις,
2369 4530 2511 4595 quod
2557 4531 2746 4580 eodem
2792 4535 3025 4580 accentu

437 4600 760 4664 insignitum
817 4600 1046 4648 recurrit
1097 4600 1154 4649 in
1199 4599 1262 4647 Ε.
1310 4599 1381 4648 Μ.
1427 4601 1550 4660 7ῖ4,
1590 4602 1679 4660 21,
1731 4597 2005 4665 αἰχμητής
2050 4597 2333 4662 αῖχμητις,
2383 4596 2687 4661 βουλευτής
2735 4596 3022 4660 βούλευτις

439 4667 660 4717 «τῶνδε
709 4663 997 4728 βούλευτις
1044 4666 1285 4718 πόνων»
1332 4665 1394 4717 ἐν
1437 4669 1558 4717 ταῖς
1606 4665 1917 4732 Ξαντρίαις.
1974 4668 2042 4718 of.
2082 4668 2216 4719 Lob.
2260 4666 2463 4716 Parall.
2497 4668 2597 4715 443
2634 4671 2690 4714 et
2727 4665 2890 4715 Proll.
2927 4668 3023 4716 512
3065 4673 3086 4689 ’

441 4740 495 4784 et
530 4735 601 4784 ad
639 4737 840 4785 Buttm.
880 4750 931 4798 p.
957 4738 1073 4785 426.
1122 4737 1168 4785 A
1205 4751 1392 4784 norma
1429 4736 1653 4784 aberrat
1689 4742 1950 4786 accentus
1988 4734 2238 4785 feminini
2265 4731 2609 4798 (αυροματίς
2636 4734 2784 4797 apud
2811 4734 3023 4798 Steph.,

443 4803 578 4866 quod
615 4805 661 4854 si
699 4819 733 4852 a
771 4799 1133 4868 Εαυρομάτης
1172 4803 1480 4864 descendit,
1529 4805 1716 4868 potius
1751 4801 2095 4868 Εαυρομάτις
2134 4803 2477 4852 scribendum
2517 4807 2625 4862 est3
2666 4802 2763 4851 sed
2811 4801 3025 4852 deriva-

444 4875 527 4918 tur
559 4871 676 4921 sine
713 4870 1095 4921 intercedente
1131 4871 1432 4923 masculino
1470 4888 1503 4920 a
1540 4870 1741 4935 ςαύρας
1780 4874 2045 4936 μαςᾶςθαι
2080 4899 2143 4905 -ψ
2173 4868 2452 4934 Εὐφρατίς
2489 4868 2523 4930 ἡ
2563 4866 2731 4932 Copia
2767 4867 2882 4920 ἀπὸ
2917 4873 3021 4921 τοῦ

445 4936 851 5002 παρακειμένου
898 4941 1177 5002 ποταμοῦ·
1224 4940 1692 4990 denominativum
1730 4948 1840 5005 est,
1880 4958 1987 4992 non
2026 4939 2343 4990 femininum
2381 4937 2611 4988 nominis
2646 4938 2703 4988 in
2740 4941 2856 5002 της.
