3664 5546
642 422 770 486 556
1436 424 1518 478 ΕΚ
1556 424 1702 479 ΤΟΥ
1741 425 2016 479 ΒΙΒΛΙΟΥ
2053 425 2200 479 ΤΟΥ
2236 425 2397 479 ΠΕΡΙ

815 594 1041 658 Ἰςτέον
1086 591 1184 656 ὅτι
1228 594 1267 671 ἦ
1301 594 1395 658 ςοί
1424 596 1526 658 καὶ
1555 594 2077 675 ὀρθοτονουμένη
2109 597 2235 660 ἐςτὶ
2264 596 2367 659 καὶ
2397 596 2724 678 ἐγιςλιτική.
2770 596 2885 660 ἐὰν
2916 599 2989 660 δὲ
3016 598 3213 682 φθάςῃ

643 695 934 770 γενέςθαι
993 695 1099 760 διὰ
1151 700 1271 758 τοῦ
1322 699 1389 778 ἱ,
1451 696 1663 774 μόνως
1721 697 2064 779 ἐγκλιτική,
2121 697 2279 761 ὥςτε
2337 698 2375 774 ἡ
2420 699 2611 776 φωνὴ
2666 701 2841 761 ποιεῖ
2892 699 2969 762 τὸ
3024 698 3217 775 ἐγκλι-

642 797 835 881 τικόν.
924 797 1028 860 καὶ
1082 799 1279 861 τοῦτο
1313 798 1448 863 ,ἐπὶ
1504 799 1810 876 δευτέρου
1855 799 2209 878 προςωπου
2278 789 2617 876 ἐξαίρετον.
2706 798 2812 863 ἐπὶ
2860 800 2985 878 γὰρ
3051 802 3219 878 πρώ-

642 917 775 962 των
831 898 1091 972 ἐγένετο
1149 898 1257 962 διὰ
1307 902 1419 977 τῆς
1471 903 1726 979 γραφῆς
1780 901 1857 964 τὸ
1913 899 2475 978 ὀρθοτονούμενον
2532 899 2635 962 καὶ
2688 901 3038 976 ἐγκλιτικὸν
3093 905 3219 964 δια-

569 1021 601 1070 5
647 999 1005 1065 ςτέλλεςθαι
1061 997 1207 1063 οἷον
1274 1000 1383 1078 ἐμέ
1438 1002 1513 1065 τὸ
1570 999 2167 1083 ὀρθοτονούμενον,
2234 1001 2310 1065 τὸ
2367 1001 2718 1076 ἐγκλιτικὸν
2770 1002 2877 1084 μέ,
2934 1001 3073 1081 ἐμοί
3126 1003 3222 1065 καὶ

644 1100 766 1178 μοί.
825 1099 993 1167 ἀξιοῖ
1037 1100 1157 1165 οὖν
1203 1101 1658 1177 ἀναγινώςκειν
1703 1102 2077 1180 Ζηνόδοτος
2122 1102 2247 1167 «ού
2287 1102 2418 1184 τοί,
2462 1103 2692 1168 τέκνον
2738 1102 2926 1185 ἐμὸν,
2971 1103 3221 1167 δέδοται

643 1200 960 1288 πολεμήϊα
1016 1201 1214 1279 ἔργα»
1274 1201 1347 1284 (Ε
1387 1200 1578 1286 428),
1634 1204 1760 1268 ἔςτι
1819 1203 1975 1285 γάρ,
2032 1202 2213 1285 φηςί,
2270 1204 2586 1282 διαςτολή.
2664 1203 2719 1267 εἰ
2777 1207 2849 1269 δὲ
2907 1206 3222 1286 διαςτολή,

644 1302 1134 1381 ὀρθοτονητέον.
1222 1303 1320 1367 ὅτι
1386 1305 1456 1367 δὲ
1522 1306 1852 1386 διαςτολή,
1918 1308 2119 1381 δῆλον
2180 1306 2249 1369 ἐκ
2310 1309 2429 1369 τοῦ
2493 1305 2995 1385 ἐπιφερομένου·
3062 1304 3225 1370 ἀλλὰ

643 1406 910 1481 πρῶτον
955 1405 1069 1483 μὲν
1101 1404 1181 1469 οὐ
1212 1406 1466 1469 δίδωςιν
1497 1406 1849 1481 ἐγκλιτικὸν
1879 1406 2107 1485 μόριον
2138 1405 2365 1470 ἐνθάδε
2395 1405 2434 1482 ἡ
2464 1407 2698 1485 γραφή.
2764 1407 2804 1485 ἡ
2837 1405 2957 1471 οὖν
2986 1406 3223 1487 γραφή,

469 1589 481 1602 .
547 1530 612 1582 10
644 1505 699 1570 εἰ
744 1506 845 1569 καὶ
888 1507 1188 1583 διαςτολή
1234 1506 1386 1589 ἐςτι,
1432 1508 1663 1576 κωλύει
1707 1507 2086 1595 ὀρθοτρνεῑν
2131 1509 2247 1586 τὴν
2293 1506 2714 1586 ἀντωνυμίαν.
2783 1507 2838 1571 εἰ
2881 1508 2953 1570 δὲ
2999 1507 3099 1571 ςοί
3128 1506 3225 1588 ἦν,

644 1607 1124 1686 ὀρθοτονεῖςθαι
1168 1607 1449 1685 ἠδύνατο
1497 1610 1800 1687 δευτέρου
1832 1609 1991 1674 οὖςα
2020 1610 2389 1687 προςώπου.
2450 1608 2490 1686 ἡ
2537 1610 2607 1672 δὲ
2651 1609 2753 1673 τοί
2781 1609 2995 1686 μόνως
3025 1607 3226 1684 ἐγκλι-

643 1709 798 1786 τική.
887 1708 1192 1786 δεύτερον
1237 1711 1308 1772 δὲ
1355 1709 1509 1774 οὐδὲ
1553 1710 1720 1775 ἔςτιν
1765 1711 1835 1775 ἐκ
1876 1714 1989 1788 τῆς
2033 1709 2432 1789 ἀντωνυμίας
2474 1711 2707 1788 ταύτης
2764 1710 3082 1786 διαςτολή.
3152 1710 3227 1773 τὸ

643 1810 768 1886 γὰρ
826 1813 1092 1874 «ταῦτα’
1116 1809 1187 1873 δ’
1241 1811 1423 1889 Ἄρηϊ
1488 1817 1667 1894 θοῷ»
1725 1809 1800 1893 (Ε
1841 1809 1998 1892 430)
2065 1812 2228 1891 πρὸς
2286 1813 2364 1876 τὸ
2422 1810 2629 1874 «ἀλλὰ
2694 1811 2837 1886 ςύγ’
2893 1810 3230 1890 ἱμερόεντα

646 1912 947 1989 μετέρχεο
990 1909 1147 1990 ἔργα
1190 1912 1462 1990 γάμοιο»
1510 1911 1584 1994 (Ε
1615 1910 1789 1996 429).
1857 1911 2024 1977 ἀλλὰ
2068 1913 2171 1976 καὶ
2213 1911 2502 1991 ἀλλαχοῦ
2546 1913 2617 1977 δὲ
2662 1903 2996 1992 ἐμφάςεως
3039 1912 3230 1990 οὔςης

546 2037 609 2089 15
644 2014 747 2078 καὶ
790 2015 1125 2090 διαςτολῆς
1168 2011 1460 2091 ἄντικρυς
1503 2014 1866 2089 ἐγκλιτικῶς
1908 2013 2282 2092 ἀνέγνωμεν
2330 2018 2490 2079 «νῦν
2534 2014 2606 2078 δέ
2649 2034 2748 2077 τοι
2795 2012 2916 2097 οἴῳ
2960 2013 3228 2096 πάμπαν

644 2113 945 2179 ἀπώλετο
997 2116 1295 2193 νόςτιμον
1349 2114 1514 2193 ἦμαρ
1530 2129 1568 2171 »’
1605 2115 1672 2197 (ρ
1717 2114 1890 2198 253).
1978 2115 2466 2199 ἀντιδιαςτέλλει
2521 2116 2644 2193 γὰρ
2700 2115 2864 2193 πρὸς
2916 2114 3079 2179 τοὺς
3122 2114 3229 2178 ἄλ-

647 2219 829 2280 λους·
875 2216 977 2279 καὶ
1019 2216 1185 2280 ἔςτιν
1231 2216 1504 2281 ἑπίταςις
1548 2217 1618 2280 ἐκ
1661 2221 1778 2281 τοῦ
1823 2218 2033 2292 λέγειν
2080 2238 2218 2281 «τοι
2265 2216 2444 2300 οἵῳ».
2512 2215 2678 2280 ἀλλὰ
2722 2216 2917 2281 πάλιν
2961 2217 3071 2280 διὰ
3115 2217 3228 2294 τὴν

641 2319 901 2395 γραφὴν
944 2319 1084 2393 τῆς·
1101 2316 1500 2395 ἀντωνυμίας
1543 2319 1617 2382 τὸ
1663 2318 2015 2395 ἐγκλιτικὸν
2059 2318 2497 2396 ἐπεκράτηςεν.

645 2439 716 2446 0—-

643 2502 1033 2565 ἀντιδιαςτολὴ
1069 2501 1176 2568 γὰρ
1212 2503 1354 2567 πρὸς
1391 2502 1534 2555 ἄλλα
1569 2504 1862 2569 πρόςωπα.
1935 2505 1974 2557 Β
2012 2507 2098 2555 28:
2155 2502 2402 2569 θωρῆξαί
2438 2519 2523 2555 ce:
2573 2508 2676 2556 τοῦ
2714 2504 2959 2568 θωρῆξαι
2995 2503 3109 2567 τὴν
3144 2518 3263 2554 τε-·

645 2571 912 2622 λευταίαν
945 2570 1339 2636 ὸξυτονητέον.
1409 2570 1802 2636 ἀπολελυμένη
1839 2573 1945 2638 γάρ
1982 2571 2128 2623 ἐςτιν
2165 2573 2200 2634 ἡ
2240 2572 2322 2632 ςέ;
2366 2576 2487 2622 19οε
2526 2572 2593 2623 οὔ
2632 2586 2717 2622 ςε;
2766 2571 2801 2635 ἡ
2842 2570 2945 2633 μὲν
2980 2569 3231 2635 ἀκρίβεια

644 2638 965 2703 ὁρθοτονεῖ,
1003 2635 1245 2700 ἑγκλίνει
1280 2638 1342 2689 δὲ
1378 2638 1412 2702 ἡ
1454 2639 1715 2704 ςυ“νήθεια
1760 2642 1939 2691 Lehrs
1985 2657 2072 2704 qu.
2123 2657 2207 2704 ep.
2250 2643 2361 2702 121,
2412 2639 2457 2690 Θ
2498 2643 2608 2690 161.
2647 2641 2763 2701 283,
2814 2638 2825 2690 Ι
2865 2642 2983 2699 485,
3031 2638 3077 2689 Λ
3115 2641 3230 2699 383,

644 2705 826 2756 Schol.
867 2707 967 2757 Od.
1001 2708 1031 2757 ζ
1068 2709 1183 2758 159.
1255 2707 1319 2756 11.
1354 2705 1402 2758 Ζ
1437 2711 1561 2758 355:
1599 2706 1723 2759 ἐπεί
1760 2723 1843 2759 ςε;
1892 2709 2001 2772 τὴν
2046 2706 2103 2758 ςὲ
2140 2704 2502 2769 ἀντωνυμίαν
2538 2706 2890 2767 ὁξυτονοῦςι,
2936 2704 3231 2757 τουτέςτιν

643 2773 1067 2838 ὀρθοτονοθςιν,
1106 2771 1230 2825 ἐπεὶ
1265 2775 1408 2839 πρός
1444 2773 1498 2827 τί
1534 2776 1698 2827 ἐςτιν.
1752 2775 1866 2828 ἔςτι
1900 2776 2002 2840 μέν
2036 2776 2142 2827 οὖν
2175 2773 2407 2839 ἀληθές,
2447 2775 2534 2825 ὅτι
2570 2771 3057 2837 ἀντιδιαςταλτική
3084 2772 3234 2826 ἐςτιν

643 2844 747 2893 νῦν
783 2841 818 2904 ή
857 2839 1196 2904 ἀντωνυμία.
1234 2841 1268 2904 ἡ
1309 2842 1501 2906 μέντοι
1537 2844 1694 2907 κοινὴ
1720 2843 2034 2906 ἀνάγνωςις
2068 2842 2289 2905 ἀνέγνω
2328 2843 2654 2905 ἐγκλιτικῶς
2689 2842 2777 2893 ἀεὶ
2813 2842 2921 2905 τὴν
2955 2840 3233 2904 τοιαύτην

645 2909 916 2961 ςύνταξιν.
957 2907 990 2959 ὃ
1013 2908 1076 2960 δὲ
1101 2908 1279 2974 λέγω,
1317 2910 1580 2962 τοιοῦτόν
1605 2910 1767 2963 ἐςτιν.
1815 2912 1886 2963 τὸ
1913 2909 2035 2963 ἐπεί
2062 2926 2119 2962 ςε
2145 2910 2347 2975 εὑρέθη
2373 2912 2620 2973 ςυνεχῶς
2656 2909 2843 2961 οὕτως
2880 2907 3233 2971 ἀνεγνωςμέ-

643 2992 773 3040 νον,
810 2976 1137 3039 ἐγκλιτικῶς
1172 2974 1284 3041 ἀεί,
1325 2979 1398 3042 μὴ
1437 2978 1849 3043 ἐπιφερομένου
1896 2979 2199 3041 ςυνδέςμου
2246 2976 2415 3029 «ἐπεί
2458 2977 2513 3028 ς’
2550 2976 2734 3028 εἴαςεν
2771 2976 3106 3039 Ἀχιλλεύς»
3144 2976 3232 3038 (n.

642 3043 687 3094 Ω
722 3044 873 3108 684),
907 3042 1074 3096 «ἐπεί
1112 3059 1169 3096 ςε
1216 3047 1418 3109 πρῶτα
1455 3046 1708 3110 κιχάνω»
1745 3047 1871 3110 (Od.
1908 3062 1941 3098 ν
1976 3048 2124 3108 228),
2156 3045 2327 3096 «ἐπεί
2363 3060 2421 3096 ςε
2458 3044 2662 3108 φυγὼν
2707 3043 3006 3095 ἱκέτευςα»
3047 3044 3175 3107 (Od.
3202 3058 3233 3093 ο

643 3112 795 3178 277),
833 3110 1002 3164 «ἐπεί
1040 3126 1098 3164 ςε
1136 3111 1383 3165 λέοντα»
1422 3112 1508 3176 (11.
1548 3112 1598 3164 Φ
1634 3114 1775 3178 483).
1849 3115 2034 3165 οὕτως
2071 3113 2133 3165 δὲ
2169 3113 2259 3165 καὶ
2295 3112 2461 3163 «ἐπεί
2498 3127 2555 3163 ςε
2594 3111 2827 3174 μάλιςτα
2872 3111 3052 3162 πόνος
3100 3110 3211 3175 φρέ

644 3192 804 3231 νας».
876 3177 964 3230 καί
1003 3194 1092 3241 μοι
1128 3179 1350 3230 δοκοθςι
1385 3185 1469 3247 τῷ
1507 3180 1724 3248 πρώτῳ
1770 3181 2061 3246 προεώπῳ
2107 3180 2437 3232 ἀκολουθεῖν
2482 3178 2539 3230 οἱ
2583 3179 2770 3230 οὕτως
2815 3177 3234 3241 ἀνεγνωκότες,

645 3247 899 3297 πιθανῶς
947 3245 1113 3297 πάνυ.
1182 3247 1271 3299 διὰ
1314 3247 1419 3313 γὰρ
1463 3252 1567 3313 τῆς
1613 3252 1814 3313 φωνῆς
1860 3249 1929 3299 τὸ
1976 3250 2210 3313 πρῶτον
2255 3247 2564 3311 πρόςωπον
2608 3244 3014 3309 ἐπιδείκνυται,
3062 3245 3135 3296 τό
3170 3259 3234 3295 τε

644 3313 1134 3378 ὁρθοτονούμενον
1181 3315 1270 3366 καὶ
1305 3315 1375 3367 τὸ
1423 3314 1764 3379 ἑγκλιτικόν,
1804 3314 1917 3379 εἴγε
1956 3317 1991 3381 ἡ
2028 3314 2126 3378 ἐμέ
2162 3314 2468 3379 αἰτιατική,
2508 3314 2605 3365 ὅτε
2643 3313 2907 3377 φυλάςςει
2943 3313 3015 3365 τὸ
3054 3315 3105 3375 ἒ,
3144 3311 3235 3375 ὀρ-

643 3383 987 3446 θοτονεῑται,
1035 3380 1083 3433 εἰ
1128 3381 1190 3433 δὲ
1234 3381 1534 3447 ἀποβάλοι,
1581 3382 1863 3448 ἐγκλιτική
1902 3382 2064 3435 ἐςτιν.
2135 3382 2337 3447 εὑρέθη
2375 3380 2569 3433 τοίνυν
2607 3381 2747 3443 μετὰ
2789 3383 2896 3431 τοῦ
2934 3378 3062 3431 ἐπεί
3112 3394 3237 3430 cuv·

643 3448 844 3512 δέςμου
881 3448 1033 3514 παρὰ
1066 3452 1152 3514 τῷ
1191 3455 1396 3515 ποιητῇ
1444 3451 1586 3503 κατὰ
1628 3452 1847 3515 ταύτην
1891 3452 1999 3515 τὴν
2043 3449 2300 3502 ςύνταξιν
2344 3448 2737 3513 ἀποβάλλουςα
2781 3447 2851 3499 τὸ
2898 3451 2929 3499 ἓ
2963 3446 3237 3511 «Ἕκτωρ

644 3515 770 3568 ἐπεί
807 3532 873 3579 με
911 3516 1036 3568 κατ’
1070 3518 1276 3568 αἶςαν»
1313 3519 1398 3580 (ΙΙ.
1439 3519 1472 3570 Γ
1510 3520 1624 3581 59),
1663 3516 1830 3570 «ἐπεί
1868 3518 1924 3582 μ’
1957 3517 2232 3581 ἀφέλεςθέ
2268 3532 2333 3580 γε
2370 3517 2611 3568 δόντες»
2648 3516 2738 3577 (11.
2779 3515 2820 3568 Α
2859 3516 3002 3577 299).
3038 3513 3237 3579 τούτῳ

642 3582 957 3652 τοίνυνπῷ
994 3585 1149 3649 λόγῳ
1185 3585 1426 3636 πιθανὸν
1462 3586 1532 3636 ἂν
1569 3586 1656 3651 εἴη
1682 3584 2281 3649 κατακολουθήςαντας
2305 3585 2450 3647 ήμᾶς
2475 3583 2876 3646 ἀναγινώςκειν
2901 3582 3237 3645 ἑγκλιτικῶς

643 3649 811 3702 «ἐπεί
855 3666 912 3703 (ε
962 3651 1236 3715 μάλιςτα»
1283 3654 1352 3706 cf.
1392 3654 1568 3704 Schol.
1615 3655 1687 3705 ad
1724 3655 1826 3703 Od.
1863 3670 1894 3702 ν
1932 3655 2056 3710 228,
2110 3652 2150 3704 Β
2188 3656 2315 3715 201,
2364 3652 2413 3704 Ξ
2447 3655 2575 3713 309,
2623 3651 2805 3701 Schol.
2846 3651 2950 3700 od.
2984 3665 3017 3700 o
3059 3653 3154 3711 19,
3194 3649 3237 3700 Α

641 3722 762 3777 443,
804 3718 837 3769 Γ
873 3722 958 3783 63,
995 3718 1046 3770 Δ
1082 3723 1166 3779 43,
1205 3718 1242 3772 Ε
1277 3722 1405 3771 252:
1442 3720 1574 3772 οὐδὲ
1609 3721 1692 3773 ςέ;
1732 3721 1765 3773 ὁ
1804 3718 2218 3784 Ἀςκαλωνίτης
2262 3719 2368 3770 τὸν
2404 3718 2465 3771 δέ
2501 3716 2713 3781 ὀξύνει,
2760 3716 2855 3768 ἵνα
2901 3716 3239 3779 ἐγκλιτικῶς

643 3785 895 3851 ἀναγνῷ·
934 3784 1038 3837 οὐκ
1075 3786 1378 3849 ἀναγκαῖον
1413 3787 1500 3852 δέ,
1538 3788 1664 3840 ἀλλ’
1699 3789 2045 3853 ὀρθοτονεῑν.
2095 3788 2184 3839 καὶ
2220 3786 2329 3851 γὰρ
2364 3786 2597 3837 δύναται
2632 3783 2995 3837 ςυνδεδέςθαι.
3058 3784 3073 3834 Ι
3101 3787 3239 3835 494ε

643 3851 789 3904 ἀλλὰ
825 3852 908 3904 ςέ;
949 3851 1146 3905 ἐνθάδε
1182 3854 1621 3921 ὸρθοτονητὲον·
1671 3857 1903 3920 ἔμφαςις
1948 3856 2054 3920 γὰρ
2089 3854 2333 3907 δείξεως.
2402 3853 2450 3906 Υ
2490 3855 2612 3903 105:
2660 3852 2751 3903 καί
2795 3851 2857 3903 δὲ
2893 3851 2951 3903 ςέ
2997 3865 3165 3914 φαςι;
3206 3851 3240 3901 ὁ

647 3919 1060 3986 Ἀςκαλωνίτης
1114 3921 1469 3988 ὠρθοτόνηςε
1521 3925 1631 3989 τὴν
1683 3922 2072 3985 ἀντωνυμίαν,
2128 3922 2234 3973 τὸν
2287 3921 2349 3973 δὲ
2413 3920 2714 3982 ςύνδεςμον
2776 3918 2903 3970 ἀντὶ
2963 3921 3070 3969 τοῦ
3128 3917 3241 3981 γάρ

644 3989 1004 4053 παραλαβών.
1074 3990 1165 4041 καὶ
1200 3989 1387 4042 οὕτως
1423 3990 1535 4054 ἔχει
1570 3990 1643 4043 τά
1676 3994 1780 4057 τῆς
1817 3988 2193 4053 ἀναγνώςεως
2229 3990 2321 4040 καὶ
2354 3990 2459 4052 τῆς
2495 3987 2756 4039 διανοίας.
2826 3987 3007 4037 Sohol.
3047 3986 3159 4035 od.
3199 4000 3239 4035 π

641 4059 760 4106 418.
831 4060 914 4108 De
953 4060 1362 4122 pronominibus
1399 4061 1607 4125 primae
1647 4065 1704 4110 et
1739 4059 2017 4110 secundae
2055 4073 2323 4123 personae
2369 4056 2676 4122 pluralibus
2722 4056 2870 4105 infra
2905 4054 3241 4104 testimonia

642 4124 933 4189 proferam.
1138 4126 1172 4175 l.
1215 4128 1376 4176 1—18
1423 4133 1552 4176 sunt
1588 4144 1657 4177 ex
1693 4128 1871 4192 Epim.
1908 4128 2065 4176 Hom.
2100 4128 2227 4188 409,
2267 4127 2325 4186 8,
2374 4124 2521 4188 quod
2558 4124 2926 4187 fragmentum
2962 4121 3242 4171 Herodia-

642 4207 806 4242 neum
841 4208 962 4243 esse
1001 4193 1169 4243 facile
1204 4197 1264 4242 et
1299 4208 1397 4257 per
1432 4209 1491 4244 se
1530 4195 1864 4260 perspicitur
1900 4198 1958 4243 et
1994 4192 2212 4242 collatis
2247 4192 2314 4241 Il.
2340 4194 2429 4244 Pr.
2460 4190 2503 4241 Α
2538 4193 2661 4241 ⁶294:
2702 4188 2752 4240 εί
2785 4188 2853 4251 δὴ
2893 4187 3001 4239 ςοίε
3041 4187 3239 4239 οὕτως

643 4258 1062 4324 ὀρθοτονητέον
1096 4261 1204 4324 τὴν
1240 4258 1616 4322 ἀντωνυμίαν.
1674 4260 2156 4322 ἀντιδιαςταλτικὴ
2194 4257 2300 4323 γάρ
2337 4256 2500 4310 ἐςτιν.
2560 4255 2796 4309 διδάςκει
2832 4256 2924 4307 καὶ
2960 4256 2998 4317 ἡ
3034 4254 3238 4320 γραφή

642 4325 733 4378 διὰ
767 4329 870 4377 τοῦ
905 4330 942 4379 ς·
974 4326 1135 4380 οὖςα·
1176 4324 1225 4378 εἰ
1258 4326 1365 4391 γὰρ
1399 4326 1472 4391 ἦν
1508 4327 1817 4392 ἐγκλιτική,
1857 4327 2068 4390 ὁμοίως
2104 4326 2173 4378 ἂν
2209 4324 2492 4390 ἐγράφετο
2527 4328 2612 4390 τῷ
2649 4322 2743 4375 «εἰ
2769 4322 2838 4387 δή
2876 4337 2964 4373 τοι
2990 4325 3093 4374 ςοῦ
3133 4336 3237 4373 πα-

641 4394 819 4459 τρός»
856 4392 982 4458 (od.
1021 4396 1051 4457 β
1087 4397 1209 4454 271)
1248 4394 1339 4447 καὶ
1373 4399 1459 4461 τῷ
1495 4394 1631 4448 «καί
1666 4411 1755 4448 τοι
1800 4395 1915 4458 ἐγὼ
1964 4393 2291 4459 ςυνέριθος»
2341 4393 2466 4453 (Od.
2502 4394 2532 4443 ζ
2568 4390 2677 4453 32).
2747 4391 2878 4454 περὶ
2914 4389 2977 4441 δὲ
3013 4390 3236 4452 ταύτης

640 4465 744 4527 τῆς
780 4460 1155 4526 ἀναγνώςεως
1190 4460 1585 4528 ἑντελέςτερον
1619 4463 1680 4515 δὲ
1715 4463 2103 4528 διαληψόμεθα
2139 4460 2199 4511 ἐν
2234 4464 2305 4527 τῇ
2348 4460 2381 4511 Γ
2415 4461 2519 4523 τῆς
2559 4456 2871 4511 Ὀδυςςείας
2910 4457 3051 4520 (50),
3092 4456 3238 4507 ὅταν

642 4529 771 4594 περὶ
805 4533 909 4594 τῆς
943 4529 1321 4594 Ζηνοδοτείου
1357 4533 1579 4596 γραφῆς
1616 4530 1998 4596 ἐπιζητῶμεν,
2038 4529 2285 4592 πότερον
2320 4529 2423 4578 τοῦ
2463 4526 2630 4578 ἕνεκα
2654 4526 2738 4577 ςοὶ
2764 4524 3022 4589 προτέρῳ
3064 4524 3104 4586 ἢ
3129 4525 3238 4573 τοῦ

643 4596 808 4649 ἕνεκά
842 4611 950 4648 τοι.
1020 4599 1199 4652 Schol.
1237 4599 1310 4649 ad
1346 4599 1448 4651 Od.
1486 4614 1521 4661 γ
1558 4602 1647 4651 50:
1695 4598 1866 4663 ἐχρῆν
1903 4597 2231 4662 ὀρθοτονεῖν
2276 4596 2385 4659 τὴν
2422 4592 2520 4645 ςοί.
2589 4592 2914 4659 Ζηνόδοτος
2958 4590 3019 4642 δὲ
3056 4590 3241 4641 τετοῦ·

644 4663 779 4716 νεκά
813 4679 944 4717 τοι»
978 4665 1182 4730 γράφει
1216 4665 1469 4730 ἀγνοῶν,
1508 4666 1595 4717 ὅτι
1631 4664 1726 4718 ἐπὶ
1759 4669 1864 4730 τῆς
1900 4664 2193 4728 διαςτολῆς
2239 4662 2307 4714 οὐ
2344 4662 2685 4726 λαμβάνεται
2723 4660 2758 4723 ἡ
2796 4657 2900 4711 τοί.
2948 4658 3166 4738 ⁸Schol.
3202 4672 3241 4707 α

642 4734 767 4782 214:
802 4746 893 4784 τοι
926 4732 1034 4797 γὰρ
1070 4731 1184 4795 ἐγώ
1220 4748 1333 4784 ‘rotz
1371 4733 1441 4785 τὸ
1479 4736 1714 4799 πρῶτον
1747 4733 1839 4785 τοί
1873 4732 1978 4784 οὐκ
2014 4731 2163 4783 ἐςτιν
2199 4727 2541 4792 ἀντωνυμία.
2588 4728 2865 4780 οὐδέποτε
2900 4740 3005 4789 γαρ
3041 4724 3241 4789 ἀρκτι·

646 4795 750 4847 κὸν
784 4799 853 4850 τὸ
887 4799 1002 4863 τοί,
1040 4798 1166 4852 ἀλλ’
1201 4800 1348 4853 ἐςτιν
1384 4801 1511 4852 ἀντὶ
1546 4804 1650 4853 τοῦ
1688 4801 1772 4866 δῆ.
1845 4801 2024 4851 Lehrs
2061 4815 2148 4865 qu.
2187 4816 2272 4864 ep.
2312 4802 2427 4850 122.
2603 4798 2636 4846 l.
2675 4800 2705 4846 9
2744 4800 2870 4861 post
2906 4790 3113 4863 ἑνθάδε
3156 4794 3243 4843 in·

645 4864 793 4917 serui
824 4864 861 4926 ἡ
898 4866 1104 4930 γραφή·
