3664 5546
1523 432 1939 482 PRAEFATIO.

676 591 1060 658 stephanus
1102 595 1494 662 Byzantius.
1531 623 1538 630 ·

455 721 524 783 δὲ
569 720 840 800 Λειμήρη
897 722 1095 801 αὐτήν
1152 745 1336 810 φαςι,
1391 727 1505 805 τὴν
1564 731 1687 792 λει-

455 829 668 901 μῶνας
723 823 994 902 ἔχουςαν
1041 863 1122 872 ——
1167 829 1332 892 τινὲς
1388 830 1459 893 δὲ
1502 830 1686 909 Λιμη-

456 925 576 1002 ρὰν
620 925 987 1005 Λακωνικὴν
1034 929 1316 1013 λέγουςι,
1363 932 1508 1010 μίαν
1553 939 1685 997 τῶν

455 1026 709 1110 ἑκατόν,
770 1029 874 1093 διὰ
916 1029 991 1094 τὸ
1036 1032 1325 1097 πολλοὺς
1382 1033 1552 1111 ἔχειν
1601 1037 1686 1098 λι-

454 1130 661 1206 μένας.
1385 1133 1400 1148 ”

579 1229 724 1312 606,
757 1232 840 1294 22
871 1234 1142 1316 Τάρφη
1179 1237 1364 1303 πόλις
1393 1239 1687 1317 Λοκρῶν·

343 1423 346 1424 ⁷
454 1334 736 1413 Ὅμηρος
783 1372 867 1380 --
912 1337 973 1401 οἱ
1029 1339 1098 1402 δὲ
1154 1339 1269 1404 τὸν
1323 1340 1528 1407 τόπον
1583 1343 1689 1407 διὰ

455 1439 567 1515 τὴν
611 1441 723 1514 τῆς
755 1438 908 1515 ὕλης
939 1440 1326 1520 πυκνότητα·
1371 1444 1450 1507 τὰ
1479 1447 1688 1509 πυκνὰ

454 1539 575 1616 γὰρ
641 1539 890 1620 τάρφεα
952 1542 1235 1623 Ὅμηρος
1303 1544 1470 1621 λέγει
1539 1552 1685 1627 «βα-

456 1640 622 1718 θείης
665 1642 929 1723 τάρφεςι
973 1643 1167 1721 ὕλης»
1217 1643 1288 1729 (Ε
1330 1644 1502 1729 555).

585 1847 724 1927 131,
751 1847 786 1911 7
812 1870 863 1911 s.
897 1848 1062 1912 Ἀςία
1085 1884 1168 1893 —
1189 1850 1318 1915 ἔςτι
1347 1852 1448 1915 καὶ
1477 1853 1685 1917 Ἀςιος

458 1950 706 2027 λειμών.
795 1950 1078 2028 Ὅμηρος
1138 1953 1389 2037 «Ἀςίῳ
1447 1953 1521 2018 ἐν.
1562 1958 1686 2019 λει-

455 2054 653 2128 μῶνι»
724 2049 810 2132 (Β
863 2051 1031 2133 461)
1099 2054 1136 2131 ἢ
1199 2058 1442 2133 μᾶλλον
1511 2057 1687 2120 Ἀςίω

455 2152 596 2216 ἀντὶ
637 2156 753 2216 τοῦ
798 2154 1000 2219 Ἀςίου
1054 2155 1294 2236 (γενικὴ
1340 2157 1459 2236 γάρ
1505 2158 1690 2242 ἐςτιν,

455 2255 573 2318 οὐκ
617 2255 908 2339 Ἀςιανῷ·
966 2255 1190 2332 ἀγνοεῖ
1236 2259 1360 2338 γὰρ
1404 2261 1689 2340 Ὅμηρος

454 2358 568 2434 τὴν
615 2358 819 2422 Ἀςίαν
878 2360 978 2422 καὶ
1032 2361 1147 2437 τὴν
1194 2361 1533 2444 Εὐρώπην)
1588 2365 1691 2428 καὶ

456 2457 721 2523 ἰωνικῶς
766 2453 980 2525 Ἀςίέω
1039 2463 1138 2526 καὶ
1185 2464 1361 2529 Ἀςίω
1407 2464 1498 2530 ὡς
1542 2465 1686 2544 ἐϋμ·

455 2561 664 2638 μελίω.

581 2661 734 2744 207,
784 2664 824 2726 5
880 2687 932 2727 s.
990 2669 1068 2743 γῆ
1129 2703 1200 2728 -.
1261 2666 1392 2732 ἀπὸ
1449 2672 1565 2733 τοῦ
1609 2673 1688 2747 γῆ

459 2768 640 2841 γαῖα
703 2804 778 2812 ——
845 2768 946 2832 καὶ
1010 2773 1124 2834 τοῦ
1187 2772 1340 2846 γαῖα
1411 2771 1513 2835 καὶ
1573 2777 1689 2836 τοῦ

458 2871 649 2945 γραῖα
693 2871 892 2949 βραχὺ
949 2871 1023 2935 τὸ
1070 2875 1139 2956 ἃ,
1196 2873 1292 2936 ὅτι
1350 2873 1691 2954 διςύλλαβα

463 2970 551 3034 ὡς
596 2969 773 3035 Μαῖα
817 2972 1001 3036 Φαῖα.

2894 438 3027 485 CLV

2172 596 2619 654 Herodianus

1797 728 1960 806 μήρη
2018 728 2507 806 Ἐπίδαυρονε
2569 733 2763 793 τοῦτο
2820 730 3027 794 διςςόν

1796 829 1977 893 ἐςτιν.
2076 829 2276 894 ὁπότε
2343 831 2517 908 παρὰ
2580 836 2696 895 τοῦ
2776 832 3031 910 λιμένος

1799 932 2117 1012 λιμενήρη.
2204 932 2243 1009 ἢ
2301 933 2475 1010 παρὰ
2537 937 2653 997 τοῦ
2721 936 3029 1013 λειμῶνος

1800 1035 2141 1114 λειμονήρη
2189 1036 2464 1113 λειμήρη.

1897 1240 2043 1316 περὶ
2081 1244 2306 1304 παθῶν
2350 1238 2429 1302 Ε.
2464 1238 2555 1303 Μ.
2587 1237 2728 1319 747,
2759 1239 2842 1302 25
2884 1241 3032 1319 τάρ-

1796 1363 1968 1421 φεςι;
2017 1342 2383 1421 πυκνώμαςι
2421 1343 2646 1407 δάςεςι.
2737 1342 2910 1420 παρὰ
2953 1344 3028 1406 τὸ

1795 1445 2133 1525 τρέφεςθαι
2198 1446 2298 1509 καὶ
2362 1444 2649 1511 αὔξεςθαι
2714 1447 2750 1522 ἡ
2818 1444 3033 1507 εὐθεῖα

1798 1553 1927 1616 τῶν
1961 1550 2400 1624 πληθυντικῶν
2440 1548 2652 1627 τάρφη
2696 1582 2781 1592 -
2826 1545 3031 1609 οὕτως

1798 1648 1917 1713 οὖν
1976 1649 2336 1729 Τάρφηνὴ
2393 1649 2605 1714 πόλις·
2664 1649 3033 1727 παράκειται

1794 1751 1918 1829 γὰρ
1964 1752 2093 1815 ἐκεῖ
2135 1750 2421 1831 Ταρφειὰ
2467 1751 2665 1830 λίμνη.

1893 1857 2112 1917 καθολ.
2145 1858 2423 1937 προςῳδ.
2470 1852 2536 1914 in
2576 1850 2791 1916 Schol.
2839 1850 2921 1915 ad
2954 1850 3031 1915 11.

1796 1958 1843 2020 Β
1909 1955 2063 2018 461:
2142 1956 2378 2020 Ἀςίω·
2454 1955 2523 2019 ἐν
2596 1962 2809 2038 γενικῇ
2873 1954 3032 2018 αὐτὸ

1799 2057 2149 2135 έκληπτέον
2204 2059 2306 2121 καὶ
2359 2059 2551 2136 χωρὶς
2594 2061 2709 2121 τοῦ
2754 2060 2775 2120 i
2822 2058 2911 2121 ὡς
2956 2058 3030 2121 τὸ

1801 2159 2151 2239 «ἐϋμμελίω
2196 2159 2578 2238 Πριάμοιο».

1898 2667 2121 2732 Dichr.
2177 2667 2334 2746 288,
2392 2666 2476 2729 24
2539 2668 2617 2730 τὰ
2682 2668 3035 2747 παρώνυμα

1797 2772 1877 2835 τὰ
1921 2772 2026 2836 διὰ
2054 2776 2170 2836 τοῦ
2214 2776 2328 2835 ἀῑᾶ
2369 2770 2783 2850 παραγόμενα
2814 2771 2881 2834 ἐκ
2927 2777 3032 2850 θη-

1801 2877 2012 2938 λυκῶν
2057 2874 2145 2939 εἰς
2192 2879 2233 2938 ᾶ
2276 2876 2313 2952 ἢ
2350 2875 2450 2937 καὶ
2494 2872 2581 2937 εἰς
2626 2876 2663 2949 ἦ
2711 2872 3033 2952 ἐκτεταμέ-

1798 2997 1918 3040 νον
1962 2976 2096 3054 έχει
2137 2978 2214 3041 τὸ
2259 2978 2300 3039 ἆ
2341 3011 2427 3021 -
2481 2975 2631 3039 ὅθεν
2686 2976 2879 3053 ἐχρῆν
2935 2975 3037 3038 καὶ

1798 3079 1873 3142 τὸ
1918 3080 2070 3153 γαῖα
2115 3078 2488 3143 ἐκτείνεςθαι
2532 3078 2725 3156 χωρὶς
2770 3076 2823 3140 εἰ
2868 3078 2948 3155 μὴ
2996 3078 3034 3156 ἡ

1798 3179 2074 3258 ποςότης
2117 3185 2247 3245 τῶν
2279 3183 2612 3260 ςυλλαβῶν
2643 3182 2816 3242 ποιεῖ
2860 3198 3032 3243 ςυνε-

1797 3282 2147 3361 ςταλμένον
2202 3282 2278 3347 τὸ
2325 3283 2381 3345 fi.
2467 3285 2730 3345 τοιαῦτα
2783 3281 2907 3359 γὰρ
2957 3281 3036 3344 τὰ

1797 3383 2171 3467 διςύλλαβα,
2214 3387 2437 3467 γραῖα,
2483 3387 2650 3463 μαῖα.

631 3550 752 3613 His
808 3553 1197 3636 comparatis
1255 3575 1386 3617 non
1438 3552 1663 3635 mod0‚
1719 3563 2118 3639 quantopere
2174 3575 2258 3617 ex
2313 3551 2691 3617 Herodiano
2756 3554 3039 3638 pendeat

463 3652 866 3738 StephanUS‚
915 3651 1155 3734 clucet,
1203 3653 1318 3718 sed
1362 3655 1584 3735 ctiam,
1640 3654 1963 3742 quomodo
2009 3655 2370 3720 Herodiani
2426 3656 2704 3742 scripta,
2751 3654 3035 3718 maxime

465 3752 861 3820 Catholicam
904 3755 970 3818 in
1013 3778 1203 3820 usum
1247 3778 1439 3820 suum
1483 3758 1895 3822 converterit.
1964 3757 2417 3843 Geographica
2458 3758 2723 3822 nomina
2766 3780 2849 3822 ex
2893 3779 3036 3821 con-

465 3879 666 3941 nexu,
710 3879 836 3944 quo
880 3857 1054 3943 apud
1099 3857 1546 3922 Herodianum
1589 3881 1734 3923 cum
1779 3857 1923 3923 aliis
1969 3861 2315 3925 coniuncta
2358 3868 2573 3941 erant,
2620 3857 2819 3924 solvit
2862 3868 2931 3923 ct
2971 3859 3039 3922 in

464 3959 762 4024 lemmate
805 3958 1026 4046 posuit
1068 3982 1214 4023 cum
1257 3960 1467 4046 iisque
1510 3958 1914 4027 consociavit
1940 3970 2220 4046 cognata
2247 3960 2430 4027 velut
2459 3983 2605 4025 cum
2635 3963 2802 4027 Ἀςία
2828 3962 3039 4026 Ἀςιος

466 4059 572 4128 vcl
603 4063 836 4147 Ἀςίας,
882 4084 1027 4125 cum
1056 4067 1135 4141 γῆ
1166 4066 1334 4140 γαῖα.
1397 4062 1526 4127 Sed
1571 4073 1828 4148 praeter
1859 4086 1968 4143 ea,
2015 4087 2183 4151 quae
2226 4064 2530 4130 instituta
2559 4062 2679 4127 hac
2707 4084 3038 4148 compara-

465 4165 641 4230 tione
673 4162 753 4229 de
785 4162 1096 4249 Stephani
1126 4165 1192 4228 in
1225 4162 1560 4229 vocabulis
1605 4166 1671 4230 in
1717 4163 2016 4247 lemmate
2045 4166 2360 4252 ponendis
2406 4166 2658 4230 ratione
2688 4164 3037 4230 coniectari

469 4267 648 4348 licet,
692 4267 835 4353 ipse
881 4265 1245 4352 Stephanus
1292 4266 1512 4331 multis
1560 4265 1719 4332 locis
1767 4291 1835 4331 sc
1890 4267 2057 4332 hanc
2105 4267 2663 4332 Herodianeorum
2706 4265 3039 4332 nominum

468 4366 1020 4454 excerpendorum
1075 4369 1249 4432 viam
1306 4369 1669 4453 ingressum
1727 4392 1868 4433 esse
1911 4369 2275 4435 certissime
2320 4369 2741 4434 demonstrat.
2831 4369 3040 4453 Saepe

469 4472 642 4535 enim
694 4470 1068 4537 nominibus
1125 4472 1191 4534 in
1250 4470 1551 4537 lemmate
1607 4471 1841 4558 positis
1898 4470 2260 4536 Herodiani
2325 4494 2561 4537 nomen
2626 4471 2824 4535 etiam
2891 4493 3041 4534 cum

470 4574 635 4639 libro
691 4583 870 4639 certo
931 4572 1304 4639 Catholicae
1370 4572 1583 4638 addit:
1647 4577 1878 4654 Ἀγρη
1932 4576 2117 4640 πόλις
2170 4575 2416 4641 Λυδίας.
2519 4575 2911 4653 Ἡρωδιανὸς
2969 4574 3039 4639 ἐν

472 4677 812 4762 δωδεκάτῃ.
842 4712 929 4723 -
957 4675 1414 4758 Ἀθάρραβις
1458 4677 1644 4742 πόλις
1675 4676 2024 4761 Αἰγύπτου,
2073 4679 2161 4743 ὡς
2205 4677 2598 4756 Ἡρωδιανὸς
2644 4676 2714 4740 ἐν
2758 4677 3039 4760 τετάρτῳ

471 4778 946 4860 «Ἀθαρραβίτης
989 4780 1189 4859 νομὸς
1235 4780 1304 4845 ἐν
1336 4779 1630 4862 Αἰγύπτῳ
1661 4780 1762 4843 καὶ
1802 4779 2172 4860 Ἀθὰρραβις
2214 4780 2468 4844 πόλις»
2515 4778 2837 4844 Ἑκαταῖος
2883 4779 2939 4843 δ’
2970 4779 3039 4843 ἐν

472 4883 749 4965 δευτέρῳ
806 4882 1236 4960 περιηγήςεως
1291 4883 1382 4945 δι’
1435 4881 1581 4948 ἑνὸς
1635 4883 1672 4960 ῥ
1731 4882 1834 4947 καὶ
1887 4886 2003 4947 τοῦ
2071 4887 2140 4965 μ,
2209 4901 2400 4966 quem
2451 4879 2766 4944 Hecataei
2827 4877 3039 4947 locum
