3664 5546
600 365 630 400 ’
1506 386 1926 435 PRAEFA'rm.
2861 384 3005 432 cvn

441 546 637 611 πόθεν
691 544 993 625 γέγονεν,
1059 544 1139 609 ἐν
1204 550 1307 628 τῷ
1363 543 1842 625 Ὀνοματικῷ
1904 541 2414 624 Ἡρωδιανοῦ,
2480 541 2533 605 εἰ
2597 547 2724 625 θεῷ
2786 541 3003 623 φίλον,

439 646 849 726 μαθηςόμεθα.
892 681 978 693 -
1021 666 1084 731 Ρ.
1118 642 1244 708 269
1288 642 1533 728 (Bekk.
1567 643 1689 707 An.
1727 641 1914 723 1316)
1962 645 2109 721 περὶ
2148 648 2266 707 τοῦ
2311 643 2652 721 χόνδρος
2708 641 2823 707 ἅλς
2879 641 3003 707 εἴτε

437 749 893 828 ὸμοιοπτώτως
950 750 1048 811 δεῖ
1102 747 1456 811 ςυντάττειν
1513 745 1639 810 εἴτε
1683 745 2228 824 ἀνομοιοπτώτως
2282 744 2364 809 ἐν
2407 751 2509 829 τῷ
2553 744 3005 826 ὀνοματικῷ

437 855 574 914 τοῦ
618 849 1130 929 Ἠρωδιανοῦ,
1184 848 1239 912 εἰ
1282 854 1409 931 θεῷ
1453 847 1681 930 φίλον,
1725 847 2154 927 μαθηςόμεθα,
2212 867 2275 930 p.
2322 845 2481 926 303,
2528 845 2610 908 26
2656 846 2861 912 ἰςτέον
2907 846 3005 911 ὅτι

441 951 519 1016 οὐ
563 950 968 1030 διαλαμβάνει
1015 949 1052 1014 ὁ
1106 951 1390 1028 τεχνικὸς
1433 947 1552 1033 (sc.
1598 947 2036 1031 Theodosius)
2082 951 2261 1026 περὶ
2313 954 2466 1013 τῶν
2511 947 2621 1012 εἰς
2664 935 2695 1014 Ξ
2760 969 3005 1027 μονο-

440 1054 877 1135 ςυλλὰβων,
932 1051 1073 1116 ἀλλ’
1118 1052 1333 1130 ἐπειδὴ
1391 1056 1587 1115 ταῦτα
1640 1051 1928 1130 ποικίλης
1981 1050 2376 1115 διδαςκαλίας
2427 1050 2712 1132 δέονται,
2769 1050 2848 1115 ἐν
2903 1057 3007 1133 τῷ

440 1155 916 1237 Ὀνοματικῷ
961 1157 1098 1217 τοῦ
1127 1152 1646 1236 Ἠρωδιανοῦ,
1690 1153 1744 1217 εἰ
1772 1159 1901 1218 θεω
1930 1152 2155 1235 φίλον,
2203 1152 2616 1231 μαθηςόμεθα.
2646 1188 2731 1198 -
2763 1173 2825 1236 p.
2858 1150 3005 1229 314,

439 1256 480 1318 3
523 1256 961 1358 ἀκριβέςτερον
1018 1274 1195 1332 περι
1246 1259 1378 1333 τῆς
1431 1255 1744 1320 κλίςεως
1788 1263 1942 1320 τῶν
1987 1255 2098 1319 εἰς
2153 1262 2234 1322 υξ
2281 1253 2360 1320 ἐν
2392 1259 2494 1338 τῷ
2526 1254 3008 1338 Ὀνοματικῷ

440 1343 949 1439 Ἡρωδιανοῦ,
1008 1357 1063 1421 εἰ
1118 1361 1245 1439 θεῷ
1301 1357 1526 1447 φίλον,
1582 1357 1995 1437 μαθηςόμεθα.
2049 1393 2136 1403 -
2187 1378 2252 1442 p.
2298 1354 2458 1436 322,
2504 1353 2587 1420 25
2649 1355 2854 1421 ἰςτέον
2911 1354 3008 1420 ὅτι

441 1459 613 1537 περὶ
666 1462 797 1535 τῆς
851 1458 1169 1523 κλίςεως
1223 1462 1370 1521 τῶν
1426 1458 1534 1523 εἰς
1589 1481 1639 1538 ψ
1696 1457 2167 1541 ἀκριβέςτερον,
2225 1457 2280 1522 εἰ
2329 1463 2456 1542 θεῷ
2501 1457 2727 1538 φίλον,
2785 1458 2864 1523 ἐν
2908 1441 3049 1540 τῷι

442 1560 919 1645 Ὀνοματικῷ
976 1560 1462 1639 Ἡρωδιανοῦ
1519 1560 1932 1639 μαθηςόμεθα.
1990 1596 2073 1606 -——
2127 1580 2190 1645 p.
2235 1559 2392 1639 293,
2445 1559 2521 1622 13
2577 1559 2739 1623 διατί
2794 1560 3010 1637 χερςί

443 1663 654 1741 μόνως
700 1662 969 1741 λέγομεν
1023 1665 1139 1741 τὴν
1194 1663 1448 1740 δοτικὴν
1501 1667 1631 1727 τῶν
1685 1665 2125 1740 πληθυντικῶν
2170 1663 2270 1726 καὶ
2315 1661 2460 1740 οὐχὶ
2515 1662 2709 1739 χειρςί
2753 1661 2857 1724 διὰ
2900 1664 3011 1737 τῆς

443 1785 496 1828 ει
543 1756 932 1846 διφθόγγου,
986 1763 1065 1828 ἐν
1109 1769 1214 1848 τῷ
1261 1762 1737 1846 Ὀνοματικῷ
1779 1763 2294 1846 Ἡρωδιανοῦ,
2351 1763 2405 1827 εἰ
2450 1769 2577 1847 θεῷ
2623 1762 2850 1846 φίλον,
2899 1783 3009 1840 μα-

442 1866 783 1944 θηςόμεθα>
813 1901 896 1911 -
941 1885 998 1949 p.
1044 1864 1191 1944 367,
1236 1863 1317 1927 28
1361 1867 1436 1931 τὸ
1480 1865 1664 1943 κράς
1707 1864 2047 1943 ἀρςενικῶς
2090 1867 2193 1930 καὶ
2235 1869 2521 1944 θηλυκῶς
2574 1865 2820 1940 λέγεται
2866 1863 3011 1929 οἷον

443 1968 481 2032 ὁ
527 1968 678 2046 κράς
720 1968 820 2031 καὶ
863 1966 902 2045 ἡ
933 1966 1116 2048 κράς,
1164 1966 1253 2030 ὡς
1296 1966 1377 2031 ἐν
1421 1971 1513 2049 τῷ
1559 1966 2035 2049 Ὀνοματικῷ
2080 1966 2595 2049 Ἣρωδιανοῦ,
2640 1965 2695 2030 εἰ
2737 1971 2865 2048 θεῶ
2909 1965 3012 2045 φί-

447 2073 598 2150 λον,
651 2068 1067 2149 μαθηςόμεθα.
1109 2103 1195 2115 -
1237 2088 1299 2152 p.
1345 2067 1468 2131 368
1513 2069 1669 2133 κατὰ
1712 2070 1771 2132 τί
1814 2069 2186 2148 διαφέρουςι
2240 2070 2319 2133 τὰ
2362 2068 2450 2133 εἰς
2495 2073 2536 2131 ᾶ
2580 2069 2863 2147 λήγοντα
2906 2073 3013 2146 θη-

447 2170 604 2234 λυκὰ
647 2173 799 2235 τῶν
846 2169 956 2234 εἰς
1008 2173 1049 2232 ἆ
1105 2169 1511 2248 ληγόντων
1557 2170 1918 2248 οὐδετέρων
1973 2171 2053 2236 ἐν
2097 2177 2199 2253 τῷ
2255 2170 2736 2254 Ὀνοματικῶ
2781 2169 3013 2247 Ἥρω·

445 2276 723 2337 διανοῦ
768 2272 1192 2353 μαθηςόμεθα,
1236 2271 1290 2335 εἰ
1332 2276 1460 2356 θεῷ
1507 2272 1718 2351 φίλον.
1759 2308 1845 2318 —-
1887 2292 1951 2356 p.
1985 2271 2131 2344 367,
2163 2271 2246 2335 25
2289 2273 2435 2349 περὶ
2476 2275 2592 2336 τοῦ
2637 2272 2835 2350 δάκρυ
2879 2275 3016 2336 πῶς

447 2376 754 2455 κλίνεται,
801 2373 881 2437 ἐν
912 2380 1015 2455 τῷ
1046 2372 1487 2457 ὀνοματικῷ
1517 2373 2039 2455 Ἣρωδιανοῦ,
2084 2374 2138 2438 εἰ
2169 2378 2298 2458 θεῷ
2329 2374 2558 2454 φίλον,
2601 2374 3017 2451 μαθηςόμεθα.

445 2512 531 2523 -
561 2474 668 2538 Ex
698 2472 1079 2557 fragmentis
1116 2474 1145 2535 l
1175 2482 1240 2536 et
1270 2473 1311 2535 2
1342 2471 1778 2556 intellegimus
1809 2473 2282 2555 Herodianum,
2311 2474 2560 2560 pariter
2590 2483 2783 2559 atque
2813 2472 3014 2538 Choe-

446 2576 757 2641 roboscus
801 2575 871 2638 in
913 2574 1295 2639 Onomatico
1342 2573 1702 2639 Herodiani
1749 2596 1817 2638 se
1863 2578 2190 2640 facturum
2242 2596 2385 2638 esse
2429 2574 2624 2654 dicit,
2682 2573 2750 2639 in
2793 2596 3014 2661 prooe-

447 2678 580 2743 mio
636 2676 718 2741 de
774 2676 1028 2757 ordine,
1086 2696 1280 2763 quem
1331 2696 1566 2739 nomen
1622 2675 1689 2738 in
1752 2677 2050 2761 partibus
2109 2676 2424 2741 orationis
2480 2674 2762 2759 obtinet,
2819 2685 2885 2741 et
2936 2676 3017 2740 de

446 2779 704 2844 nomine
759 2779 967 2859 ὄνομα
1021 2779 1424 2866 disputasse,
1483 2787 1621 2842 tum
1674 2776 1758 2842 ad
1812 2777 2103 2863 singulas
2159 2780 2642 2844 terminationes
2688 2778 3017 2843 nominum

449 2881 787 2946 transiisse
830 2902 1068 2967 easque
1113 2879 1344 2964 eodem
1386 2878 1640 2960 ordine,
1694 2902 1821 2967 quo
1882 2902 1993 2944 eas
2052 2881 2115 2945 in
2171 2878 2337 2945 libro
2392 2883 2538 2960 περὶ
2580 2883 2835 2947 κλίςεως
2878 2902 3017 2965 per-

451 2995 712 3049 secutus
759 2993 889 3065 est,
937 2984 1004 3046 in
1049 3004 1271 3049 omncs
1315 2990 1533 3068 partes
1581 2980 2035 3067 explicavisse.

619 3085 725 3151 Ad
783 3084 1240 3157 Onomaticum
1303 3083 1649 3147 referenda
1714 3095 1937 3150 censet
1989 3084 2316 3149 Usenerus
2384 3085 2451 3148 in
2506 3084 2693 3149 Iahn.
2753 3081 3018 3148 Annall.

455 3189 616 3253 1865
670 3210 730 3273 Ρ.
776 3186 899 3251 237
953 3193 1088 3251 not.
1148 3187 1208 3266 7,
1278 3206 1443 3272 quae
1497 3183 1799 3269 leguntur
1852 3187 1921 3249 in
1975 3185 2224 3250 Anecd.
2281 3187 2402 3253 Ox.
2461 3186 2558 3250 IV
2611 3187 2737 3251 333
2793 3195 2860 3250 et
2916 3208 3018 3271 ap.

450 3288 887 3354 Choerobosc.
930 3287 1179 3352 26-88
1225 3286 1483 3352 laudato
1515 3286 1888 3352 Luebberto
1919 3287 1988 3351 in
2020 3287 2191 3351 Mus,
2224 3287 2433 3353 Rhcn.
2467 3287 2568 3352 XI
2599 3289 2720 3352 441
2758 3297 2825 3352 et
2854 3310 3020 3374 quae

449 3391 518 3454 in
562 3390 810 3455 Anecd.
856 3391 980 3453 Ox.
1027 3388 1136 3453 III
1176 3388 1535 3453 228-255
1579 3398 1863 3453 exstant.
1944 3389 2072 3454 Sed
2127 3399 2436 3476 excerpta
2489 3390 2555 3454 in
2601 3390 2848 3455 Anecd.
2891 3389 3018 3454 Ox.

449 3492 549 3557 IV
593 3492 808 3579 potius
854 3513 1000 3557 cum
1029 3490 1301 3556 Lehrsio
1347 3489 1514 3555 libro
1567 3493 1705 3571 περὶ
1735 3493 2022 3576 κλίςεως,
2068 3492 2505 3558 Choerobosci
2550 3492 2591 3556 l.
2626 3515 2682 3557 c.
2715 3501 3024 3578 excerpta

450 3592 659 3658 eidem
711 3592 907 3675 libro,
964 3615 1047 3656 ex
1101 3614 1226 3679 quo
1281 3601 1499 3656 tamen
1542 3592 1744 3658 multo
1803 3592 1993 3679 plura
2046 3616 2151 3680 ap.
2199 3593 2427 3659 Choer.
2474 3597 2801 3679 exscripta
2844 3603 3017 3675 sunt,

453 3694 853 3779 assignanda
896 3703 1079 3775 sunt,
1125 3702 1438 3779 excerpta
1480 3703 1697 3758 autem
1740 3696 1808 3759 in
1841 3694 2091 3760 Anecd.
2134 3695 2261 3761 Ox.
2294 3697 2435 3777 III,
2483 3696 2564 3760 dc
2599 3695 2836 3783 quibus
2885 3694 3023 3759 dixi

453 3796 520 3860 in
565 3797 836 3862 Schedis
880 3795 1346 3876 Herodianeis,
1392 3818 1787 3882 quamquam
1830 3795 2021 3883 plura
2062 3796 2476 3862 Herodianea
2519 3799 2884 3877 continent,
2932 3807 3024 3860 ta-

452 3921 602 3962 men
632 3899 846 3983 potius
879 3920 963 3963 ex
988 3896 1442 3963 Choerobosco
1473 3898 1902 3984 transscripta
1931 3897 2260 3980 videntur,
2292 3921 2497 3985 neque
2530 3897 2755 3964 titulus
2782 3900 3025 3980 Βύβλος

451 4002 495 4065 Ε
540 4023 602 4086 Ρ.
632 3999 759 4063 244
801 4000 887 4065 ad
929 3998 1292 4064 Herodiani
1325 3999 1774 4064 Onomaticum
1818 4000 2116 4085 quadrat.
2204 3999 2371 4064 Nam
2417 4023 2503 4065 ex
2546 3998 2625 4065 Il.
2671 4000 2778 4064 Pr.
2815 4001 2869 4064 Ω
2897 4000 3023 4065 318

455 4101 884 4187 comperimus
941 4101 1009 4164 in
1053 4102 1245 4166 tertio
1290 4099 1457 4165 libro
1502 4101 1935 4167 Onomaticon
1989 4101 2385 4186 disputatum
2439 4125 2581 4167 esse
2625 4101 2705 4166 de
2751 4101 3025 4166 nomini-

455 4202 578 4267 bus
621 4202 687 4267 in
732 4223 817 4286 ις,
861 4203 1125 4267 nomina
1165 4203 1235 4266 in
1283 4209 1362 4282 ῆῖ
1405 4225 1595 4284 vero,
1649 4226 1812 4290 quae
1855 4204 1923 4266 in
1968 4204 2093 4267 An.
2143 4203 2270 4267 Ox.
2316 4204 2385 4267 in
2428 4202 2536 4269 illo
2582 4202 2749 4269 libro
2794 4206 2838 4269 Ε
2880 4225 3023 4290 pro-

455 4304 785 4385 feruntur,
842 4304 930 4386 si,
988 4304 1058 4368 id
1113 4304 1288 4391 quod
1339 4306 1481 4370 veri
1523 4304 1734 4369 simile
1778 4314 1911 4385 est,
1968 4306 2423 4371 Onomaticum
2480 4304 2756 4371 eundem
2787 4304 3024 4370 atermi-

457 4407 795 4470 nationum
839 4406 1159 4487 ordinem,
1206 4430 1398 4493 quem
1441 4404 1606 4472 liber
1648 4411 1794 4486 περὶ
1838 4408 2093 4473 κλίςεως
2135 4406 2394 4488 habuit,
2441 4407 2811 4472 nominibus
2858 4408 2926 4470 in
2972 4412 3026 4471 ῖς

453 4507 828 4594 praeposita
872 4517 1077 4572 erant.
1143 4508 1233 4572 Et
1274 4518 1636 4631 praeterea,
1693 4508 1748 4572 si
1792 4508 1952 4595 quid
1996 4508 2481 4574 Herodianeum
2524 4510 2592 4573 in
2634 4508 2736 4572 his
2782 4518 2910 4590 est,
2958 4508 3026 4572 id

455 4608 673 4694 potius
731 4608 816 4673 ad
870 4607 1107 4675 librum
1160 4614 1305 4691 περὶ
1359 4613 1615 4678 κλίςεως
1668 4610 1981 4695 pertinet,
2050 4632 2200 4675 nam
2263 4611 2331 4674 in
2386 4610 2488 4675 his
2533 4611 2887 4695 Excerptis
2946 4609 3027 4675 de

453 4707 640 4774 nulla
683 4710 813 4774 alia
856 4733 924 4774 re
966 4711 1096 4775 nisi
1140 4711 1222 4775 dc
1266 4712 1698 4778 declinatione
1738 4711 1973 4796 agitur.

625 4811 949 4898 Equidem
994 4813 1375 4880 Onomatico
1421 4837 1499 4879 ea
1541 4816 1907 4901 fragmenta
1949 4813 2247 4896 attribui,
2308 4836 2472 4900 quae
2528 4813 2655 4882 hoc
2698 4778 2889 4882 titulo
2935 4815 3026 4879 in·
