3664 5546
637 400 757 464 118
1569 396 1650 451 ΕΚ
1688 395 1828 450 ΤΩΝ
1872 392 2282 449 ΗΡΩΔΙΑΝΟΥ

632 575 754 650 μού
798 570 1103 637 ὀξύνεται.
1192 571 1295 634 καὶ
1338 570 1412 634 τὸ
1458 568 1730 648 μονιός
1776 567 2065 635 ὀξύνεται
2110 564 2561 643 τριςύλλαβον,
2608 558 2662 623 εἰ
2708 560 2779 624 δὲ
2825 560 2901 625 τὸ
2939 562 2979 622 ὗ
3024 563 3221 625 πλεο-

631 673 818 757 νάςῃ,
863 672 1435 769 προπαροξύνεται.
1483 670 1808 750 μούνιος
1853 670 1993 748 γάρ.

800 775 961 840 “Ocu
1004 774 1135 839 ἀπὸ
1181 778 1311 838 τῶν
1357 772 1445 838 εἰς
1490 762 1522 840 ξ
1565 773 1602 850 ἢ
1636 776 1685 850 ᾧ
1732 772 1768 850 ἢ
1816 776 1852 851 ρ
1897 772 2134 849 γίνεται
2165 770 2272 834 διὰ
2315 770 2431 832 τοῦ
2462 768 2494 827 ἶ
2540 779 2842 861 βραχέος,
2888 795 3225 854 “portupo-

631 880 912 961 ξύνεται,
956 877 1011 941 εἰ
1055 878 1136 956 μὴ
1184 876 1289 939 ἐπὶ
1331 875 1550 954 κυρίου
1596 875 1893 953 διαςτολή
1945 895 2037 937 τις
2081 874 2339 953 γένηται
2391 876 2460 942 ἐν
2506 881 2945 961 τριςυλλάβοις
2977 877 3228 958 τριβρά-

557 992 588 1040 5
633 1001 802 1060 χεςιν
848 979 1061 1058 ὥςπερ
1114 978 1248 1056 ἔχει
1292 978 1367 1042 τὸ
1413 977 1758 1055 Φρυγίος
1802 978 1906 1064 καὶ
1957 976 2322 1053 Φλογίος.
2398 983 2504 1046 καὶ
2549 982 3107 1061 προπαροξύνεται
3155 981 3230 1044 δὲ

633 1086 856 1146 ταῦτα·
922 1082 974 1146 Θ
990 1082 1325 1160 ρηῖκιος·
1394 1081 1643 1155 λέγεται
1710 1080 1811 1143 καὶ
1872 1079 1979 1142 διὰ
2044 1084 2288 1158 μακροῦ
2353 1087 2469 1147 τοῦ
2515 1086 2550 1147 ῖ
2606 1082 2847 1163 «ἀνέρα
2903 1086 2975 1149 δὲ
3031 1083 3228 1162 Τροίη

635 1185 936 1263 Θρηΐκιον
1004 1183 1140 1247 οὔτι
1185 1183 1513 1263 φορήςει».
1605 1182 1986 1262 Κιλίκιος,
2032 1182 2445 1267 Φαιάκιος,
2496 1185 2924 1268 Ναρύκιος,
2974 1185 3228 1262 Νυρά-

636 1308 834 1368 κιος,
884 1285 1319 1367 Νωράκιος,
1369 1283 1788 1365 Κοράκιος,
1836 1282 2283 1367 Φοινίκιος,
2328 1285 2754 1369 Ζαρήκιος,
2787 1288 3230 1368 Ἀτράκιος,

636 1389 974 1469 Ῥάγιος,
1023 1387 1500 1468 Μηνίγγιος,
1548 1386 1929 1467 Ἀράβιος,
1980 1385 2392 1469 Κινύφιος,
2438 1389 2927 1472 Αἰγιλίπιος,
2970 1389 3229 1453 Αἰθιό-

542 1501 604 1549 10
639 1512 839 1555 πιος.
929 1489 1261 1567 Εὐριπίδης
1308 1488 1582 1568 Ἐρεχθεῖ
1629 1488 1998 1551 «Αἰθιοπίαν
2043 1508 2145 1553 νιν
2191 1488 2446 1555 ε’ξέςως’
2493 1491 2596 1555 ἐπὶ
2640 1492 2904 1570 χθόνα».
2994 1491 3231 1570 μακά-

639 1614 835 1675 ριος,
894 1593 1306 1672 ςωτήριος,
1373 1590 1675 1671 ἀέριος,
1736 1588 2104 1667 αἰθέριος.
2193 1592 2270 1655 τὸ
2324 1593 2395 1656 δὲ
2441 1593 2830 1671 Ἰλλυριός
2889 1594 3008 1658 οὐκ
3059 1593 3229 1658 ἀντί-

638 1715 848 1759 κειται.
937 1694 1016 1757 οὐ
1061 1693 1184 1771 γάρ
1227 1693 1303 1756 τὸ
1349 1692 1649 1771 Ἰλλυριός
1693 1693 1870 1771 παρὰ
1913 1692 1988 1755 τὸ
2031 1692 2259 1771 Ἴλλυρ.

805 1796 901 1861 Τὰ
944 1796 1049 1860 διὰ
1092 1798 1210 1859 τοῦ
1253 1798 1353 1858 ἴδ’ς·
1398 1794 1613 1860 ἐθνικὰ
1657 1795 1694 1872 ἢ
1740 1794 1971 1858 τοπικὰ
2014 1794 2649 1879 προπαροξύνονται,
2708 1796 3047 1880 Ῥόδιος,
3093 1796 3232 1862 (ά-

641 1920 846 1981 μιος,
897 1898 1266 1979 Κύπριος,
1311 1897 1772 1980 Αἰγύπτιος,
1827 1896 2159 1979 Δήλιος,
2215 1897 2649 1979 Ἀψίνθιος,
2704 1898 3037 1981 Πύλιος,
3098 1900 3233 1964 ού-

546 2009 603 2059 15
642 2001 944 2082 ράνιος,
990 1998 1446 2082 θαλάςςιος,
1493 1998 1898 2080 ἐντόπιος,
1944 1998 2349 2081 ἐκτόπιος,
2383 2000 2795 2085 ἑνδάπιος,
2844 2002 3235 2081 ἐγχώριος

642 2103 743 2166 καὶ
801 2102 1257 2183 ἐπιχώριος,
1302 2102 1391 2166 τὸ
1448 2101 1682 2180 χώριος
1745 2102 1860 2179 μἐν
1927 2100 2007 2165 οὐ
2068 2100 2347 2183 λέγεται,
2414 2101 2582 2166 ἀλλὰ
2640 2103 2720 2167 τὰ
2775 2104 3058 2168 ςύνθετα.
3156 2105 3236 2168 τὸ

642 2204 951 2283 ἐγχώριος
996 2204 1099 2266 καὶ
1140 2204 1315 2280 παρὰ
1360 2200 1685 2282 (οφοκλεῖ
1724 2205 1919 2266 κεῖται
1968 2198 2160 2283 (Οεᾶ.
2202 2199 2339 2265 Col.
2373 2201 2550 2285 875).
2639 2206 2715 2270 τὸ
2773 2207 2844 2270 δὲ
2891 2205 3236 2285 ἐπιχώριος

640 2306 742 2370 καὶ
798 2305 1235 2384 ἐπιχωριάζειν
1281 2305 1350 2369 ἐν
1406 2312 1498 2388 τῷ
1551 2306 1697 2384 περὶ
1742 2308 1952 2384 ψυχῆς
1996 2325 2146 2383 φηςι
2202 2305 2482 2371 Πλάτων
2530 2305 2615 2389 (o.
2667 2306 2749 2389 1).
2827 2306 3236 2387 ἐγκώμιος.

643 2408 933 2472 Ἡςίοδος
979 2407 1075 2471 «εἰ
1119 2406 1240 2485 γάρ
1287 2428 1386 2471 τοι
1417 2409 1518 2471 καὶ
1562 2407 1755 2487 χρῆμ’
1797 2407 2111 2485 ἐγκώμιον
2150 2406 2313 2471 ἄλλο
2351 2407 2667 2483 γένοιτο».
2726 2410 3000 2489 Ἀβιος
3046 2409 3278 2475 ἔθνος’

542 2516 609 2567 ‘20
644 2509 961 2575 (κυθικόν.
1048 2509 1332 2588 Ὅμηρος
1389 2505 1494 2591 (Il.
1544 2508 1591 2572 Ν
1651 2508 1720 2591 6)
1776 2510 1861 2573 «Γ
1865 2509 2295 2589 λακτοφάγων
2353 2510 2575 2589 Ἀβίων
2643 2531 2746 2593 τε,
2813 2512 3239 2577 δικαιοτάτων

646 2612 1073 2690 ἀνθρώπων».
1164 2613 1577 2688 Ἀλέξανδρος
1634 2613 1705 2676 δὲ
1761 2612 1830 2676 ἐν
1887 2618 1977 2695 τῷ
2034 2613 2181 2690 περὶ
2225 2611 2523 2679 Εὐξείνου
2571 2613 2820 2677 πόντου
2866 2614 3085 2697 φηςίν,
3146 2615 3240 2679 ὡς

646 2715 1024 2794 Διόφαντος
1068 2713 1281 2795 εἶπεν,
1329 2714 1500 2778 οὕτω
1546 2714 1831 2790 λέγεςθαι
1877 2714 2115 2780 αὐτοὺς
2167 2714 2273 2779 διὰ
2316 2714 2391 2779 τὸ
2436 2714 2552 2779 τὸν
2600 2715 2894 2795 Ἀβιανόν
2939 2717 3240 2796 ποταμὸν

647 2819 979 2881 κατοικεῖν.
1068 2819 1106 2895 ἢ
1168 2818 1264 2882 ὅτι
1323 2817 1436 2900 βίῳ
1494 2816 1726 2900 ἑδραίῳ
1783 2817 1864 2881 οὐ
1921 2821 2198 2896 χρῶνται
2246 2815 2417 2880 οὕτω
2466 2817 2794 2901 λέγονται,
2852 2819 2959 2883 διὰ
3001 2820 3076 2884 τὸ
3122 2819 3243 2899 ἐφ’

649 2919 904 2998 ἁμαξῶν
949 2920 1265 2999 φέρεςθαι.
1352 2920 1638 2997 Δίδυμος
1684 2921 1755 2983 δὲ
1801 2919 2080 3001 Θρᾴκιον
2126 2918 2314 2982 ἔθνος
2360 2919 2564 2998 φηςίν.
2653 2919 2960 2999 Αἰςχύλος
3006 2923 3076 2986 δὲ
3126 2922 3164 2985 Γ
3166 2942 3239 2985 α-

548 3029 614 3078 25
653 3022 825 3101 βίους
869 3022 973 3086 διὰ
1015 3025 1131 3086 τοῦ
1174 3022 1214 3097 Ῠ
1258 3021 1330 3086 ἐν
1375 3021 1669 3105 λυομένῳ
1713 3021 2047 3100 Προμηθεῖ

1258 3124 1477 3188 ἔπειτα
1521 3123 1589 3187 δ’
1631 3123 1796 3201 ἥξεις
1850 3115 2069 3202 δῆμον
2100 3123 2528 3187 ἐνδικώτατον

1259 3230 1508 3305 βροτῶν
1553 3225 1861 3291 ἁπάντων
1905 3226 2008 3289 καὶ
2050 3224 2600 3308 φιλοξενώτατον,

1263 3326 1554 3408 Γαβίους,
1596 3327 1693 3392 ἵν’
1739 3326 1886 3390 οὔτ>
1928 3325 2209 3405 ἄροτρον
2255 3325 2404 3391 οὔτε
2447 3328 2729 3406 γατόμος

1260 3430 1469 3507 τέμνει
1514 3425 1757 3492 δίκελλ’
1800 3428 2120 3512 ἄρουραν,
2166 3428 2317 3493 ἀλλ’
2362 3429 2750 3507 αὐτοςπόροι

555 3539 620 3591 30
1260 3531 1407 3607 γύαι
1450 3531 1717 3609 φέρουςι
1765 3531 1981 3610 βίοτον
2026 3530 2323 3611 ἄφθονον
2372 3534 2645 3611 βροτοῖς.

792 3737 827 3786 l.
863 3740 894 3787 3
933 3752 1027 3802 pro
1064 3733 1179 3787 ἀπὸ
1213 3738 1317 3786 τοῦ
1356 3735 1554 3801 scripsi
1588 3733 1703 3786 ἀπὸ
1738 3736 1861 3785 τῶν
1897 3752 1963 3786 ox
2002 3735 2195 3786 Choer.
2233 3735 2334 3801 Ep.
2367 3736 2427 3785 in
2464 3736 2667 3787 Psalm.
2706 3737 2754 3798 6,
2794 3737 2826 3786 2
2861 3735 2934 3787 τὰ
2969 3734 3083 3787 ἀπὸ
3120 3739 3246 3788 τῶν

659 3821 736 3874 εἰς
763 3823 788 3874 ξ
827 3822 860 3885 ἢ
898 3824 931 3885 β
968 3818 1268 3885 ληγόντων
1304 3819 1746 3882 ςυνεςταλμένου
1784 3819 1953 3871 ὄντος
1987 3823 2091 3871 τοῦ
2125 3823 2160 3870 ἶ
2197 3819 2693 3884 προπαροξύτονα,
2743 3820 2914 3885 χωρὶς
2951 3819 3001 3871 εἰ
3036 3821 3110 3885 μὴ
3148 3820 3248 3873 ἐπὶ

659 3889 851 3955 κυρίου
888 3887 1148 3953 ὸιαςτολή
1185 3902 1268 3939 τις
1303 3886 1535 3952 γένηται
1572 3887 1634 3938 ἐν
1669 3887 2048 3952 τριςυλλάβοις
2094 3886 2437 3953 τριβράχεςιν
2484 3887 2562 3940 ὡς
2610 3887 2722 3951 ἔχει
2766 3888 2835 3940 τὸ
2874 3888 3115 3953 Φρυγίος
3152 3891 3246 3941 καί

660 3956 915 4021 Φλογίος.
985 3957 1057 4007 τὰ
1093 3956 1154 4008 δὲ
1191 3955 1662 4020 προπαροξύτονά
1705 3955 1803 4008 είςι
1840 3959 2042 4007 ταῦτα·
2090 3956 2375 4021 Θρηΐκιος,
2417 3954 2679 4020 Κιλίκιος,
2718 3955 3018 4022 ςωτήριος,
3056 3956 3246 4009 οὕτως

659 4027 763 4079 οὖν
800 4027 889 4078 καὶ
927 4024 1222 4088 μακάριος,
1260 4024 1402 4075 unde
1442 4026 1609 4075 etiam
1656 4041 1753 4091 pro
1788 4024 2014 4075 Arcadii
2050 4026 2234 4075 verbis
2278 4021 2326 4075 εἰ
2373 4025 2447 4088 μὴ
2494 4024 2756 4089 διαςτολὴ
2796 4023 2986 4088 κυρίου
3021 4024 3248 4087 γένοιτο

661 4095 723 4148 ἐν
758 4092 1138 4159 τριςυλλάβοις
1184 4092 1273 4143 καὶ
1308 4091 1701 4157 τριςιβραχέςιν
1739 4091 1878 4155 (Bc,
1929 4096 2047 4144 τοῖς
2085 4092 2337 4156 βραχέςιν
2371 4093 2439 4156 A)
2494 4094 2653 4157 posui
2698 4090 2745 4144 εἰ
2793 4093 2866 4157 μὴ
2914 4091 3006 4143 ἐπὶ
3053 4091 3246 4157 κυρίου

660 4162 922 4227 διαςτολή
947 4176 1031 4213 τις
1055 4159 1284 4225 γένηται
1310 4159 1371 4212 ἑν
1408 4160 1787 4226 τριςυλλάβοις
1822 4159 2166 4225 τριβράχεςιν
2205 4167 2262 4210 et
2298 4167 2423 4226 post
2449 4160 2638 4224 ὥςπερ
2674 4161 2869 4211 addidi
2905 4159 3031 4223 ἔχει,
3076 4161 3250 4212 Prae-

662 4239 818 4282 terea
856 4231 890 4295 ἢ
929 4233 972 4293 ᾧ
1013 4231 1247 4295 apposui
1289 4231 1555 4280 innuente
1594 4233 1674 4280 St.
1708 4230 1770 4279 B.
1807 4233 1899 4290 42,
1940 4232 1966 4278 1
2016 4227 2263 4292 Αἰγίλιψ;
2311 4228 2380 4279 τὸ
2426 4227 2651 4280 ἐθνικὸν
2689 4225 2994 4290 Αἰγιλίπιος
3043 4227 3122 4280 ὡς
3162 4228 3248 4281 Κί-

661 4314 842 4364 νυφος
883 4296 1171 4363 Κινύφιος,
1210 4297 1448 4363 Ἄραβος
1498 4296 1774 4362 Ἀράβιος,
1823 4295 2045 4361 Φρυγός
2092 4296 2333 4362 Φρύγιος
2378 4297 2468 4347 καὶ
2514 4298 2635 4347 τῶν
2679 4294 2911 4359 ὁμοίων.
2981 4300 3065 4348 De
3102 4296 3247 4349 Φλο-

661 4367 781 4432 γίος
819 4383 1083 4418 canonem
1128 4368 1333 4433 repetit
1371 4367 1565 4419 Choer.
1607 4367 1763 4417 Orth.
1801 4368 1920 4426 275,
1958 4367 2018 4426 6,
2058 4366 2128 4416 ef.
2165 4366 2341 4417 Lehrs
2376 4366 2543 4415 Arist.
2584 4381 2634 4430 p.
2672 4369 2734 4415 27
2775 4364 2882 4428 (ed.
2919 4365 3015 4428 ΙΙ).
3088 4369 3248 4429 Quae

661 4438 733 4488 ad
758 4435 1019 4501 Θρηΐκιος
1055 4434 1275 4485 adiecta
1312 4439 1457 4496 sunt,
1498 4437 1733 4500 prompsi
1769 4450 1837 4484 ex
1875 4433 1954 4483 St.
1980 4436 2040 4485 B.
2068 4436 2183 4496 316,
2213 4436 2290 4487 14.
2344 4433 2615 4497 Ναρύκιος
2641 4434 2883 4483 accessit.
2909 4450 2975 4484 ex
3001 4435 3249 4500 Theogn.

660 4507 744 4567 55,
781 4509 863 4564 32,
907 4501 1177 4567 Νυράκιος
1212 4531 1279 4538 ——
1315 4500 1598 4553 Αἰθιόπιος
1636 4520 1702 4552 ox
1742 4503 1820 4553 St.
1859 4504 1945 4564 B.,
1993 4500 2176 4567 ἀέριος
2222 4499 2461 4565 αἰθέριος
2508 4520 2573 4553 ex
2612 4502 2861 4567 Theogn.
2931 4502 3000 4552 In
3033 4502 3140 4552 fine.
3177 4502 3248 4554 οὺ

661 4574 767 4638 γάρ
802 4572 871 4624 τὸ
911 4570 1169 4636 Ἰλλυριός
1207 4569 1358 4634 παρὰ
1393 4570 1461 4621 τὸ
1498 4570 1680 4635 Ἴλλυρ
1718 4586 1785 4620 ex
1820 4571 2125 4622 Herodiani
2161 4572 2466 4633 sententia,
2506 4571 2600 4636 qui
2635 4570 3032 4620 nominativum
3066 4570 3249 4636 Ἴλλυρ

661 4643 844 4693 reiicit
882 4647 937 4691 ot
971 4639 1222 4703 Ἴλλυρας
1261 4640 1317 4688 in
1357 4638 1460 4688 hoo
1496 4640 1619 4704 ipso
1658 4654 1788 4689 casu
1826 4654 1925 4705 per
1961 4639 2380 4704 metaplasmum
2423 4638 2554 4704 fingi
2591 4640 2794 4698 statuit
2840 4639 2898 4687 in
2940 4637 3082 4689 libro
3118 4639 3251 4703 περὶ

662 4711 865 4762 παθῶν
903 4712 964 4759 Ε.
1004 4711 1077 4761 Μ,
1117 4710 1234 4768 506,
1272 4709 1360 4762 20,
1398 4708 1675 4772 supplevi,
1714 4723 1894 4771 nequo
1932 4714 2139 4758 rectum
2178 4711 2290 4769 est,
2329 4707 2473 4771 quod
2512 4706 2849 4757 Schmidtius
2885 4708 3142 4771 proponit
3175 4707 3250 4759 τὸ

661 4778 767 4843 γὰρ
802 4778 983 4841 Ἴλλυρ
1021 4774 1173 4841 παρὰ
1208 4772 1278 4824 τὸ
1315 4773 1575 4838 Ἰλλυριὸς
1611 4773 1753 4826 κατὰ
1790 4774 1969 4827 πάθος
2003 4775 2219 4839 γέγονε.
2359 4774 2392 4823 1.
2436 4778 2497 4825 13
2535 4774 2744 4826 Ῥόδιος
2780 4802 2846 4809 -
2881 4772 3139 4838 οὐράνιος
3180 4792 3252 4826 ox

664 4847 914 4910 Theogn.
951 4849 1042 4907 66,
1082 4847 1141 4894 11
1181 4844 1413 4907 sumpsi,
1463 4841 1725 4895 ἐκτόπιος
1772 4861 1838 4894 ex
1887 4844 1967 4894 St.
2007 4845 2068 4897 B.
2107 4848 2224 4906 700,
2262 4845 2323 4894 31
2371 4843 2516 4894 unde
2565 4845 2731 4894 otiam
2770 4840 3038 4907 ἐγχώριος
3075 4849 3133 4893 et
3169 4860 3253 4894 re-

665 4915 821 4978 liqua
854 4928 1027 4978 usque
1066 4912 1137 4962 ad
1178 4908 1468 4975 Γαλήψιος.
