3664 5546
725 399 852 465 506
1658 396 1740 455 ΕΚ
1777 396 1918 453 ΤΩΝ
1959 394 2367 453 ΗΡΩΔΙΑΝΟΥ

727 572 1074 650 παράδοςις
1118 569 1248 650 ἔχει
1291 568 1366 635 τὸ
1411 573 1458 634 ἶ.
1530 570 1764 651 ναίχι,
1810 566 1973 648 ὅπερ
2016 565 2439 647 παροξύνεται
2483 565 2589 631 διὰ
2630 567 2741 643 τῆς
2783 568 2851 644 ’ᾖ
2894 562 3278 643 ἐπεκτεταμὲ-

688 654 863 741 ’νον.
938 673 1131 753 ἐχρῆν
1188 674 1259 738 δὲ
1314 672 1417 737 καὶ
1469 673 1545 737 τὸ
1602 671 1778 750 οὐχί
1832 671 2235 751 βαρύνεςθαι·
2291 668 2420 734 ἔςτῐ
2472 669 2596 747 γὰρ
2650 667 2974 733 ἑπέκταςις
3025 668 3133 745 τῆς
3193 665 3279 731 οὔ.

728 776 870 842 ἀλλ’
923 776 1139 854 ἐπειδὴ
1195 774 1579 855 παραλόγως
1633 772 1925 841 ὀξύνεται
1979 771 2107 853 πρὸ
2164 775 2276 851 τῆς
2319 770 2711 837 ἐπεκτάςεως
2752 804 2840 817 -—
2882 768 3119 849 ὤφειλε
3169 768 3279 847 γὰρ

726 881 1167 961 περιςπᾱςθαι,
1225 876 1361 942 ἐπεὶ
1405 880 1573 941 πᾶςα
1615 877 1891 956 ςυλλαβὴ
1935 876 2145 955 τελικὴ
2191 875 2278 939 εἰς
2320 877 2403 941 δῦ
2448 875 2729 952 λήγουςα
2770 872 2873 937 καὶ
2915 870 3031 951 ἐφ’
3074 870 3283 948 ἑαυτῆς

652 992 685 1042 5
730 981 846 1047 τὸν
890 981 1085 1047 τόνον
1132 979 1365 1059 ἔχουςα
1407 980 1777 1057 περιςπᾶται
1804 1013 1893 1026 -
1928 978 2165 1042 τούτου
2209 976 2394 1056 χάριν
2439 975 2824 1054 παραλόγως
2868 972 3151 1040 ὀξύνεται
3192 973 3283 1036 καὶ

729 1084 883 1163 μετὰ
925 1084 1040 1162 τὴν
1084 1081 1438 1147 ἐπέκταςιν·
1485 1079 1800 1146 οὐδέποτε
1844 1081 1917 1145 δὲ
1962 1079 2295 1160 ἀποβολὴν
2339 1081 2456 1144 τοῦ
2500 1080 2533 1143 ῖ
2576 1078 2814 1171 πάςχει.
2897 1073 3182 1143 ὀξύνεται
3222 1074 3286 1139 δὲ

728 1186 831 1250 καὶ
872 1185 948 1250 τό
995 1184 1168 1249 ούκί
1211 1185 1315 1249 καὶ
1356 1182 1430 1249 τὸ
1476 1184 1691 1262 πρωῒ.
1763 1184 1867 1248 καὶ
1909 1183 1984 1248 τὸ
2028 1183 2288 1261 γίγγρι
2333 1180 2716 1261 ἐπιφώνημα
2757 1200 2815 1243 τι
2867 1179 2944 1245 ὃν
3003 1177 3073 1244 ἐν
3114 1196 3286 1242 κατα-

729 1287 998 1367 μωκήςει
1031 1286 1413 1368 λεγόμενον,
1461 1285 1515 1350 εἰ
1555 1284 1867 1367 ὠξύνετο,
1915 1284 2033 1350 οὐκ
2073 1284 2340 1350 ἄτοπον.
2397 1282 2936 1363 ἀχαρακτήριςτον
2969 1279 3091 1359 γάρ
3121 1280 3286 1344 ἐςτιν.

727 1389 803 1454 τὸ
848 1390 919 1453 δὲ
966 1396 1166 1468 «χῶρι
1211 1389 1654 1468 διατμήγουςι»
1703 1385 1987 1470 (Gallim.
2031 1384 2114 1449 fr.
2159 1384 2250 1450 48
2287 1382 2532 1469 Bentl.)
2579 1384 2932 1465 βαρύνεται.
3018 1383 3098 1447 τὰ
3140 1381 3286 1459 ὑπὲρ

634 1499 695 1551 ιο
731 1489 849 1555 δύο
895 1491 1208 1571 ςυλλαβὰς
1248 1489 1422 1554 εἰςῖι
1452 1487 1777 1571 ὀξύνεται,
1823 1488 2069 1572 Ἰαςτί,
2116 1488 2504 1570 Ἰαονιςτί,
2549 1486 2924 1568 Δωριςτί,
2970 1483 3290 1567 Ευριςτί,

728 1592 1160 1674 Ἀττικιςτί,
1218 1590 1667 1675 Μεγαριςτί,
1725 1591 2130 1675 Θρᾳκιςτί,
2184 1590 2580 1673 Περςιςτί,
2638 1587 3024 1670 Εκυθιςτί,
3079 1587 3290 1652 Λυδι-

730 1693 873 1776 (τί,
934 1693 1332 1777 Φρυγιςτί,
1390 1694 1851 1777 μεγαλωςτί,
1896 1692 2234 1775 ἱερωςτί,
2289 1678 2597 1775 νεωςτί,
2652 1689 3052 1771 δημιωςτί.»
3126 1687 3178 1754 εἰ
3228 1688 3293 1753 δὲ

731 1797 812 1875 μὴ
867 1795 1006 1875 ἔχοι
1060 1796 1136 1860 τὸ
1187 1797 1222 1860 ἰ
1277 1797 1406 1875 πρὸ
1459 1799 1577 1860 τοῦ
1632 1796 1698 1877 ἶ,
1768 1794 2138 1875 βαρύνεςθαι
2190 1795 2390 1877 θέλει,
2446 1794 2672 1872 ἕκητι.
2760 1793 2836 1859 τὸ
2892 1793 2963 1859 δὲ
3019 1789 3293 1869 ἀπαρτί

729 1896 889 1976 παρ’
933 1896 1284 1976 Ἀθηναίοις
1327 1896 1618 1964 ὀξύνεται
1661 1897 1763 1961 καὶ
1804 1897 1881 1961 τὸ
1927 1896 2186 1972 ἐγκυτί
2233 1887 2346 1961 «ςὺ
2391 1896 2459 1961 δ’
2504 1896 2715 1973 ἑγκυτὶ
2756 1894 2983 1961 τέκνον
3029 1893 3291 1972 ἐκὲρςω»

631 2009 695 2062 15
734 1995 1019 2081 (Gallim.
1065 1996 1146 2061 fr.
1176 1998 1298 2063 311
1345 1994 1603 2081 Bentl.).
1677 1999 1751 2063 τὸ
1795 1997 2001 2065 ἱνατί
2044 2000 2148 2064 καὶ
2191 1998 2393 2064 διατί
2437 2000 2539 2065 κα“ι
2582 1998 2653 2065 ἑν
2699 2003 2774 2082 τῇ
2821 1995 3118 2080 ςυνεπείᾳ
3159 1992 3292 2061 ὀξύ·

730 2118 922 2166 νεται.
993 2101 1124 2171 ,Καὶ
1167 2101 1247 2165 τὰ
1290 2099 1421 2166 ἀπὸ
1466 2104 1598 2166 τῶν
1643 2099 1731 2166 εἰς
1775 2103 1830 2165 Γς
1874 2101 2016 2166 κατ’
2059 2099 2395 2181 ἀποβολὴν
2439 2103 2557 2166 τοῦ
2612 2102 2648 2163 ἒ
2692 2100 3058 2183 βαρύνεται,
3116 2100 3295 2162 πολ-

732 2202 936 2285 λάκι,
979 2202 1333 2286 τουτάκι,
1378 2203 1689 2285 θαμάκι,
1733 2202 1995 2285 δυάκι,
2038 2204 2328 2287 τριάκι,
2373 2202 2601 2271 ἑξάκι.
3017 2220 3048 2249 ⁰

899 2303 992 2369 Τὰ
1048 2304 1138 2370 εἰς
1192 2308 1230 2374 ὖ
1292 2305 1573 2384 λήγοντα
1629 2305 2004 2387 διςύλλαβα,
2058 2306 2138 2385 μὴ
2183 2305 2621 2385 καθαρεύοντα
2676 2306 2831 2386 μηδὲ
2884 2304 3300 2384 μελετήςαντα

730 2407 805 2471 τὸ
849 2405 1115 2488 ῐέχειν,
1163 2406 1529 2489 βαρύνεται,
1574 2405 1808 2470 κόκκυ
1839 2407 1915 2473 τό
1947 2406 2307 2490 ἐλάχιςτον,
2339 2407 2627 2491 πάγχυ,
2657 2406 2994 2489 πρόχνυ,
3040 2408 3301 2486 δεῦρυ,

631 2517 699 2568 20
732 2510 968 2591 πῆλυ,
1013 2507 1205 2587 ἄρρυ
1250 2509 1607 2589 ἐπίφθεγμα
1649 2511 1782 2573 τῶν
1828 2508 2083 2587 ἐρετῶν.
2171 2511 2247 2575 τὸ
2292 2509 2392 2591 ἰύ,
2432 2511 2475 2581 ,ὃ
2522 2510 2767 2591 λέγεται
2812 2508 2916 2573 καὶ
2958 2507 3113 2590 ἰηΰ,
3168 2505 3302 2572 ὀξυ-

730 2610 1008 2690 νόμενον
1054 2611 1387 2689 καθαρεύει
1431 2610 1535 2675 ἐπὶ
1578 2610 1899 2689 θαύματος
1941 2610 2245 2690 κείμενον.
2332 2611 2409 2677 τὸ
2462 2612 2533 2677 δὲ
2578 2611 2612 2676 ἔ
2625 2621 2662 2676 ϋ
2720 2610 3085 2691 βαρύνεται·
3144 2609 3302 2674 ἔςτιν

732 2712 838 2779 ἐΰς
882 2712 951 2777 ἐΰ
1008 2711 1079 2778 εὖ
1138 2714 1241 2779 καὶ
1282 2710 1413 2779 ἀπὸ
1458 2715 1575 2779 τοῦ
1631 2711 1703 2779 εὖ
1747 2713 1907 2779 κατὰ
1950 2712 2230 2780 διάλυςιν
2285 2716 2398 2793 τῆς
2441 2716 2525 2780 ’ἑῦ
2579 2713 2935 2798 διφθόγγου
2994 2711 3084 2779 εἰς
3134 2715 3166 2780 ἒ
3209 2709 3305 2778 καὶ

734 2971 1000 3024 adverbia.
1042 2988 1140 3038 per
1179 2968 1202 3023 ἰ
1248 2970 1562 3022 exhibuisse
1600 2970 1780 3022 elucet
1822 2987 1891 3023 ex
1935 2973 2013 3024 10.
2049 2972 2132 3024 Al.
2170 2974 2262 3036 29,
2299 2974 2330 3023 9
2376 2987 2516 3039 seq„
2565 2971 2631 3023 de
2678 2972 2873 3038 spiritu
2910 2971 2984 3023 of.
3021 2971 3090 3026 11.
3127 2971 3216 3022 Pr.
3252 2968 3305 3022 Μ

732 3041 857 3091 26οε
896 3042 1009 3092 πᾶν
1045 3041 1282 3104 φωνῆεν
1317 3038 1429 3104 πρὸ
1465 3041 1568 3091 τοῦ
1604 3042 1639 3105 ἶ(
1674 3041 1960 3104 ψιλοῦται*
2006 3040 2135 3105 περὶ
2171 3039 2231 3091 δὲ
2266 3042 2369 3091 τοῦ
2406 3042 2498 3107 ᾗχι
2532 3038 2908 3103 δαςυνομένου
2946 3037 3202 3101 εἴπομεν.
3246 3065 3305 3075 -

730 3108 766 3158 l.
807 3112 832 3157 1
872 3106 1014 3173 ὅπερ
1049 3136 1115 3144 -
1151 3106 1600 3170 ὲπεκτεταμένον
1636 3108 1828 3160 addidi
1865 3125 1931 3159 ex
1968 3109 2044 3161 Io.
2083 3109 2172 3159 Al.
2208 3110 2256 3170 6,
2293 3111 2376 3159 20.
2422 3136 2488 3145 —
2530 3108 2568 3160 l.
2606 3111 2637 3158 2
2682 3109 2759 3159 Io.
2793 3108 2879 3158 Al.
2915 3113 3044 3174 post
3082 3105 3305 3172 βαρύνε·

732 3178 854 3227 ςθαι
890 3176 1073 3227 addit:
1121 3178 1226 3227 νῦν
1270 3173 1331 3226 δὲ
1374 3174 1716 3240 παραλόγως
1760 3175 2031 3228 ὀξύνεται.
2103 3176 2281 3228 schol.
2328 3176 2399 3226 ad
2433 3178 2659 3241 Dionys.
2699 3179 2825 3239 947,
2864 3179 2954 3227 10:
3005 3173 3190 3227 ἰςτέον
3225 3174 3308 3225 δτι

732 3242 802 3296 τὸ
840 3242 965 3308 οὐχ(
1000 3242 1288 3295 ἐπέκταςις
1324 3242 1425 3307 μέν
1463 3243 1576 3296 ἑςτι
1610 3248 1714 3310 τῆς
1749 3243 1817 3295 οὔ
1856 3244 1960 3309 (ὡς
1997 3245 2087 3296 καὶ
2122 3242 2195 3295 τὰ
2218 3243 2360 3295 ἄλλα
2387 3243 2735 3310 ἐπιρρήματα
2758 3242 3076 3309 ἀρνήςεως,
3117 3243 3308 3309 quibus

733 3311 1115 3378 significantur
1149 3309 1217 3363 οὐ
1247 3311 1389 3376 δῆτα
1424 3310 1686 3376 οὐδαμῶς
1723 3328 1865 3377 quae
1904 3328 2065 3378 quum
2102 3315 2170 3364 ab
2197 3313 2509 3363 Herodiano
2546 3328 2666 3363 oum
2696 3310 2820 3376 οὐχί
2845 3317 3166 3378 comparata
3192 3326 3307 3362 esse

734 3395 924 3444 parum
960 3379 1226 3430 credibile
1252 3380 1353 3442 sit,
1391 3396 1489 3445 pro
1527 3382 1907 3447 epitomatoris
1932 3381 2309 3432 additamento
2334 3381 2589 3434 habenda
2615 3379 2789 3445 sunt),
2827 3379 3090 3432 ὀξύνεται
3126 3378 3186 3433 δὲ
3222 3378 3307 3430 καὶ

732 3445 1011 3499 οὐδέποτε
1047 3446 1339 3511 ἀποβολὴν
1373 3449 1476 3499 τοῦ
1512 3447 1778 3513 ῑπάςχει,
1818 3447 1896 3500 ὥς
1933 3463 2100 3514 φηςιν
2126 3447 2481 3513 Ἡρωδιανὸς.
2530 3449 2612 3499 Ex
2651 3450 2756 3500 hoe
2789 3450 2910 3500 loeo
2946 3453 3003 3500 et
3040 3450 3145 3514 Ep.
3175 3449 3261 3499 Cr.
3282 3447 3307 3496 1

731 3518 849 3577 494,
888 3519 917 3567 7
956 3515 1081 3567 coll.
1120 3517 1380 3566 Favorin.
1418 3520 1534 3580 333,
1571 3520 1638 3568 20
1673 3517 1768 3569 ubi
1807 3533 1978 3568 causa
2016 3517 2291 3568 abnormis
2335 3522 2601 3568 accentus
2645 3517 2985 3583 explicatur,
3035 3515 3306 3582 composui

734 3599 875 3648 quae
912 3584 968 3633 in
1017 3587 1175 3634 textu
1209 3585 1365 3664 posui
1401 3599 1574 3649 usque
1621 3585 1693 3635 ad
1727 3584 1762 3635 l.
1801 3587 1831 3635 6
1868 3582 2077 3648 πάςχει.
2149 3583 2258 3634 Cur
2293 3585 2640 3635 Herodianus
2683 3601 2958 3652 nunquam
3003 3583 3135 3648 οὐχί
3177 3584 3305 3635 abii-

735 3667 859 3701 cere
905 3650 927 3702 ῑ
971 3651 1278 3710 addiderit,
1324 3656 1481 3717 patet
1526 3669 1591 3703 ex
1636 3653 1892 3703 Eustath.
1928 3656 2052 3711 809,
2090 3657 2146 3704 3:
2194 3650 2257 3703 ἐν
2301 3656 2386 3717 τῷ
2433 3651 2578 3716 «οὐχ
2622 3652 2776 3705 ἅλιος
2820 3650 3032 3705 ςκοπὸ(
3081 3651 3305 3714 ἔςομαι»

735 3717 800 3783 (Κ
838 3716 962 3782 324)
997 3716 1305 3783 γράφουςιν
1338 3718 1393 3771 ol
1428 3720 1555 3785 περὶ
1593 3719 1941 3785 Ἡρόδωρον,
1980 3719 2067 3771 ὅτι
2103 3720 2342 3785 εὕρομεν
2379 3719 2442 3772 ἐν
2477 3722 2710 3773 πολλοῖς
2746 3719 2824 3773 εἰς
2860 3719 2929 3771 τὸ
2964 3723 2998 3785 5(
3037 3719 3303 3785 ἀπόςτρο-

733 3800 870 3850 φον-
905 3789 1082 3837 τοῦτο
1118 3785 1178 3837 δὲ
1215 3787 1809 3852 παρεςημειωςάμεθα,
1850 3787 1927 3839 ὡς
1965 3787 2035 3839 ἂν
2068 3786 2273 3853 φανείη
2312 3788 2401 3839 ὅτι
2436 3788 2499 3840 ἐν
2535 3793 2619 3853 τῷ
2655 3788 2801 3852 «οὐχ
2836 3788 2999 3842 ἅλις»
3039 3789 3131 3839 καὶ
3166 3786 3303 3850 «οὐχ

733 3853 963 3906 οὕτως»
998 3854 1089 3905 καὶ
1123 3858 1242 3906 τοῖς
1279 3853 1490 3919 ὁμοίοις
1526 3855 1854 3920 ἀμφιβόλως
1892 3855 2048 3920 εἶχον
2084 3854 2137 3908 οἱ
2173 3854 2424 3920 παλαιοί,
2462 3854 2642 3920 οἱμὲν
2668 3857 2791 3921 μετ’
2814 3855 3184 3922 ἀποςτρόφου
3220 3855 3302 3906 καί

734 3920 950 3974 δαςείας
987 3921 1313 3987 ποιούμενοι
1352 3923 1461 3986 τὴν
1496 3923 1747 3988 γραφήν,
1784 3922 1839 3975 οἱ
1874 3923 1934 3975 δὲ
1975 3923 2046 3977 τὸ
2093 3923 2194 3987 μὲν
2231 3924 2410 4008 πάθος
2452 3925 2629 3989 ἤγουν
2673 3926 2781 3989 τὴν
2817 3923 3188 3990 ἀπόςτροφον
3232 3922 3301 3987 μὴ

728 3990 1198 4124 ῗῇξᾷῗᾝοὲ
1201 3989 2229 4111 ⁶13?03233522232ss⁰ffsszdssnl2n⁷
2250 3990 3168 4130 53331352¹⁶;.5{f.²'22‘z}.¹²22.¹2³?
3179 3993 3303 4119 ’133ss

737 4130 801 4178 14
845 4133 903 4178 et
948 4128 1112 4178 Mein.
1147 4127 1333 4192 philol.
1374 4129 1626 4178 exercitt.
1674 4130 1730 4178 in
1777 4129 1975 4179 Athen.
2011 4130 2067 4179 11
2103 4132 2187 4179 20.
2416 4130 2570 4193 πρωῒ
2604 4133 2661 4179 et
2694 4127 2827 4192 γίγγ
2863 4144 2881 4180 ι
2917 4156 2981 4165 -
3017 4127 3126 4194 γάρ
3162 4127 3302 4180 ἐςτιν

734 4195 769 4247 l.
805 4197 838 4245 8
884 4212 951 4245 ox
994 4195 1239 4261 Theogn.
1289 4199 1410 4259 159,
1457 4197 1523 4246 26
1568 4197 1778 4261 recepi,
1835 4212 1929 4260 pro
1973 4195 2531 4262 ἀπαραςχημάτιςτον
2575 4198 2771 4263 scripsi
2851 4196 3299 4262 χαρακτήριςτον.

734 4263 804 4313 do
849 4265 988 4327 χῶρι
1035 4263 1106 4314 cf.
1150 4266 1252 4329 Ep.
1289 4263 1378 4318 Cr.
1414 4265 1441 4315 1
1474 4265 1602 4327 443,
1640 4267 1731 4322 27,
1777 4264 1957 4329 Apoll.
2003 4266 2070 4317 de
2106 4265 2233 4318 adv.
2268 4268 2367 4316 549
2403 4273 2460 4315 et
2495 4268 2614 4319 573.
2661 4291 2724 4301 —-
2769 4265 2806 4315 l.
2847 4269 2906 4316 11
2947 4260 3207 4332 Θρᾳκιςτί
3241 4289 3299 4299 -—

735 4327 989 4384 (κυθιςτί
1037 4333 1219 4396 recepi
1264 4348 1332 4382 ex
1379 4334 1460 4382 St.
1498 4334 1562 4384 Β.
1606 4338 1669 4383 ut
1713 4332 1898 4399 paullo
1944 4341 2072 4385 anto
2109 4330 2378 4394 Ἰαονιςτί;
2426 4331 2648 4384 Λυδιςτί
2684 4330 2949 4398 Φρυγιςτί
2995 4351 3063 4386 ex
3100 4332 3298 4392 Diehr.‚

735 4396 1051 4463 μεγαλωςτί
1083 4426 1151 4436 -
1184 4397 1452 4465 δημιωςτί
1488 4416 1555 4451 ex
1591 4400 1840 4464 Theogn.
1877 4403 1988 4458 160,
2025 4404 2056 4451 2
2091 4401 2160 4450 cf.
2197 4402 2334 4452 Lob.
2368 4401 2453 4450 El.
2489 4403 2517 4452 1
2552 4403 2668 4455 630.
2716 4402 2800 4452 De
2837 4400 2993 4466 ἕκητι
3030 4402 3103 4452 cf.
3127 4398 3297 4465 Apoll.

735 4468 801 4518 de
839 4467 965 4519 adv.
1002 4469 1100 4518 553
1137 4483 1311 4534 seqq„
1359 4469 1453 4534 qui
1498 4469 1568 4519 ab
1612 4467 1828 4521 ἀεκάῑω
1876 4466 2099 4520 ἀεκαςτί
2135 4472 2167 4522 ἰ
2201 4469 2401 4520 extrito
2447 4475 2505 4520 et
2539 4470 2573 4520 ἃ
2610 4471 2668 4520 in
2701 4471 2738 4532 ἦ
2775 4476 2985 4520 mutato
3021 4468 3214 4533 ἀέκητι
3248 4471 3303 4518 et

735 4536 952 4587 abiecto
988 4539 1023 4586 ἃ
1056 4536 1333 4601 privativo
1369 4535 1525 4601 ἕκητι
1562 4539 1693 4588 oriri
1728 4536 1894 4588 sumit
1930 4543 1986 4587 et
2019 4538 2411 4589 retractionem
2444 4542 2709 4588 accentus
2746 4554 2812 4589 ex
2851 4537 3073 4589 defectu
3107 4537 3298 4587 literae

733 4606 765 4656 ἒ
811 4605 1140 4669 comparatis
1182 4602 1487 4669 δεςποςτής
1532 4604 1805 4669 δεςπότης
1851 4606 2120 4656 similibus
2163 4606 2364 4670 repetit
2408 4605 2767 4671 similiterque
2812 4605 3088 4657 iudicasse
3132 4606 3298 4655 Hero·

736 4673 957 4722 clinnum
1010 4673 1264 4724 arbitror.
1314 4701 1372 4711 —
1422 4673 1456 4723 1.
1495 4676 1558 4724 15
1592 4672 1661 4725 τὸ
1707 4670 1855 4724 ἱνατί
1901 4701 1965 4710 -
2011 4673 2266 4726 ὀξύνεται
2312 4679 2666 4725 accesserunt
2708 4691 2775 4724 ex
2825 4673 3020 4724 Arcad.
3062 4674 3183 4734 184,
3221 4674 3295 4728 12,

735 4738 893 4791 δυάκι
927 4767 994 4776 —-
1031 4739 1178 4792 ἑξάκι
1213 4759 1281 4791 ex
1315 4742 1560 4806 Theogn.
1599 4743 1712 4803 160,
1748 4745 1797 4793 5.
1967 4740 2004 4791 1.
2046 4745 2105 4793 19
2149 4741 2218 4794 τὸ
2256 4740 2544 4805 ἐλάχιςτον
2580 4768 2643 4778 -—
2678 4743 2800 4792 τῶν
2836 4739 3051 4806 ἐρετῶν
3096 4739 3297 4791 inserui

737 4823 803 4859 ex
839 4809 1083 4875 Theogn.
1121 4813 1240 4869 161,
1278 4811 1324 4859 7.
1359 4835 1424 4847 -
1462 4807 1494 4860 ὃ
1531 4808 1751 4872 λέγεται
1787 4809 1878 4861 καὶ
1915 4806 2007 4874 ino
2051 4826 2119 4861 ex
2156 4811 2374 4874 eodem,
2420 4807 2489 4861 τὸ
2525 4808 2586 4862 δὲ
2621 4809 2685 4861 ἔϋ
2724 4809 3017 4874 βαρύνεται
3051 4834 3121 4843 -
3155 4804 3232 4859 εἰς
3267 4807 3298 4856 ἒ

735 4875 827 4928 καί
861 4879 895 4927 ῦ
933 4876 997 4929 ἐϋ
1033 4878 1153 4943 ipse
1191 4879 1469 4943 composui
1503 4878 1752 4930 consulto
1788 4878 2060 4944 Theogn„
2098 4879 2246 4948 apud
2281 4895 2438 4948 quem
2475 4878 2682 4946 legitur
2718 4877 2836 4944 ἰηΰ,
2883 4876 2997 4931 ἀπὸ
3033 4878 3138 4927 τοῦ
3175 4874 3290 4939 ήΰε·
