<?xml version="1.0" encoding="UTF-8"?>
<!DOCTYPE html PUBLIC "-//W3C//DTD XHTML 1.0 Transitional//EN"
    "http://www.w3.org/TR/xhtml1/DTD/xhtml1-transitional.dtd">
<html xmlns="http://www.w3.org/1999/xhtml" xml:lang="en" lang="en">
 <head>
  <title>
</title>
<meta http-equiv="Content-Type" content="text/html;charset=utf-8" />
  <meta name='ocr-system' content='tesseract 3.04.00' />
  <meta name='ocr-capabilities' content='ocr_page ocr_carea ocr_par ocr_line ocrx_word'/>
</head>
<body>
  <div class='ocr_page' id='page_1' title='image "./grammaticigraec02unkngoog_0675.png"; bbox 0 0 3664 5546; ppageno 0'>
   <div class='ocr_carea' id='block_1_1' title="bbox 1182 399 3059 464">
    <p class='ocr_par' dir='ltr' id='par_1_1' title="bbox 1182 399 3059 464">
     <span class='ocr_line' id='line_1_1' title="bbox 1182 399 3059 464; baseline -0.001 -6"><span class='ocrx_word' id='word_1_1' title='bbox 1182 404 1343 459; x_wconf 85' lang='grc' dir='ltr'>ΠΕΡΙ</span> <span class='ocrx_word' id='word_1_2' title='bbox 1385 402 1778 458; x_wconf 78' lang='grc' dir='ltr'>ΚΑΘΟΛΙΚΗ(</span> <span class='ocrx_word' id='word_1_3' title='bbox 1814 400 2236 456; x_wconf 74' lang='grc' dir='ltr'>ΠΡΟΕΩιΔΙΑζ</span> <span class='ocrx_word' id='word_1_4' title='bbox 2276 400 2347 454; x_wconf 85' lang='grc' dir='ltr'>ΙΕ.</span> <span class='ocrx_word' id='word_1_5' title='bbox 2691 417 2694 422; x_wconf 94' lang='grc'><strong><em>·</em></strong></span> <span class='ocrx_word' id='word_1_6' title='bbox 2930 399 3059 464; x_wconf 87' lang='grc'>429</span> 
     </span>
    </p>
   </div>
   <div class='ocr_carea' id='block_1_2' title="bbox 466 569 3061 963">
    <p class='ocr_par' dir='ltr' id='par_1_2' title="bbox 466 569 3061 963">
     <span class='ocr_line' id='line_1_2' title="bbox 632 569 3060 653; baseline -0.003 -12"><span class='ocrx_word' id='word_1_7' title='bbox 632 576 706 641; x_wconf 80' lang='grc' dir='ltr'>Αἱ</span> <span class='ocrx_word' id='word_1_8' title='bbox 761 576 850 641; x_wconf 87' lang='grc' dir='ltr'>εἰς</span> <span class='ocrx_word' id='word_1_9' title='bbox 920 577 961 640; x_wconf 82' lang='grc' dir='ltr'><strong>ἆ</strong></span> <span class='ocrx_word' id='word_1_10' title='bbox 1016 575 1321 653; x_wconf 84' lang='grc' dir='ltr'>λήγουςαι</span> <span class='ocrx_word' id='word_1_11' title='bbox 1387 571 1624 638; x_wconf 83' lang='grc' dir='ltr'>εὐθεῖαι</span> <span class='ocrx_word' id='word_1_12' title='bbox 1681 573 2100 651; x_wconf 80' lang='grc' dir='ltr'>πληθυντικαὶ</span> <span class='ocrx_word' id='word_1_13' title='bbox 2151 570 2514 649; x_wconf 82' lang='grc' dir='ltr'>οὐδετέρων</span> <span class='ocrx_word' id='word_1_14' title='bbox 2571 569 2946 653; x_wconf 86' lang='grc' dir='ltr'>ὀνομάτων,</span> <span class='ocrx_word' id='word_1_15' title='bbox 3004 570 3060 634; x_wconf 82' lang='grc' dir='ltr'>εἰ</span> 
     </span>
     <span class='ocr_line' id='line_1_3' title="bbox 466 672 3057 760; baseline -0.004 -16"><span class='ocrx_word' id='word_1_16' title='bbox 466 679 581 760; x_wconf 83' lang='grc' dir='ltr'>μὲν</span> <span class='ocrx_word' id='word_1_17' title='bbox 639 678 976 746; x_wconf 86' lang='grc' dir='ltr'>ὀξύνοιντο</span> <span class='ocrx_word' id='word_1_18' title='bbox 1021 677 1060 754; x_wconf 83' lang='grc' dir='ltr'>ἢ</span> <span class='ocrx_word' id='word_1_19' title='bbox 1106 682 1545 759; x_wconf 78' lang='grc' dir='ltr'>περιςπῶντο,</span> <span class='ocrx_word' id='word_1_20' title='bbox 1600 674 1861 740; x_wconf 92' lang='grc' dir='ltr'>πάντως</span> <span class='ocrx_word' id='word_1_21' title='bbox 1914 676 2031 752; x_wconf 86' lang='grc' dir='ltr'>τὴν</span> <span class='ocrx_word' id='word_1_22' title='bbox 2084 673 2514 752; x_wconf 87' lang='grc' dir='ltr'>πληθυντικὴν</span> <span class='ocrx_word' id='word_1_23' title='bbox 2570 672 2825 750; x_wconf 84' lang='grc' dir='ltr'>γενικὴν</span> <span class='ocrx_word' id='word_1_24' title='bbox 2883 691 3057 749; x_wconf 91' lang='grc' dir='ltr'>περι-</span> 
     </span>
     <span class='ocr_line' id='line_1_4' title="bbox 468 772 3061 864; baseline -0.003 -18"><span class='ocrx_word' id='word_1_25' title='bbox 468 788 694 864; x_wconf 88' lang='grc' dir='ltr'>ςπῶςι,</span> <span class='ocrx_word' id='word_1_26' title='bbox 738 780 913 859; x_wconf 91' lang='grc' dir='ltr'>πυρά</span> <span class='ocrx_word' id='word_1_27' title='bbox 955 785 1258 861; x_wconf 83' lang='grc' dir='ltr'>πυρῶν,</span> <span class='ocrx_word' id='word_1_28' title='bbox 1317 777 1529 857; x_wconf 90' lang='grc' dir='ltr'>ςφυρά</span> <span class='ocrx_word' id='word_1_29' title='bbox 1586 782 1937 858; x_wconf 91' lang='grc' dir='ltr'>ςφυρῶν,</span> <span class='ocrx_word' id='word_1_30' title='bbox 1993 775 2157 840; x_wconf 88' lang='grc' dir='ltr'>καλά</span> <span class='ocrx_word' id='word_1_31' title='bbox 2199 778 2489 857; x_wconf 87' lang='grc' dir='ltr'>καλῶν,</span> <span class='ocrx_word' id='word_1_32' title='bbox 2544 772 2712 838; x_wconf 87' lang='grc' dir='ltr'>ἀλλὰ</span> <span class='ocrx_word' id='word_1_33' title='bbox 2753 775 2857 838; x_wconf 80' lang='grc' dir='ltr'>καὶ</span> <span class='ocrx_word' id='word_1_34' title='bbox 2899 776 3061 838; x_wconf 87' lang='grc' dir='ltr'>κανᾶ</span> 
     </span>
     <span class='ocr_line' id='line_1_5' title="bbox 466 875 3058 963; baseline -0.003 -16"><span class='ocrx_word' id='word_1_35' title='bbox 466 882 965 962; x_wconf 82' lang='grc' dir='ltr'>περιςπωμένως</span> <span class='ocrx_word' id='word_1_36' title='bbox 1009 886 1300 963; x_wconf 87' lang='grc' dir='ltr'>κανῶν,</span> <span class='ocrx_word' id='word_1_37' title='bbox 1346 878 1501 945; x_wconf 87' lang='grc' dir='ltr'>ὀςτᾶ</span> <span class='ocrx_word' id='word_1_38' title='bbox 1545 878 1830 960; x_wconf 89' lang='grc' dir='ltr'>ὀςτῶν,</span> <span class='ocrx_word' id='word_1_39' title='bbox 1877 880 2075 955; x_wconf 87' lang='grc' dir='ltr'>χρυςᾶ</span> <span class='ocrx_word' id='word_1_40' title='bbox 2118 882 2454 956; x_wconf 89' lang='grc' dir='ltr'>χρυςῶν·</span> <span class='ocrx_word' id='word_1_41' title='bbox 2508 875 2563 940; x_wconf 88' lang='grc' dir='ltr'>εἰ</span> <span class='ocrx_word' id='word_1_42' title='bbox 2607 875 2824 955; x_wconf 84' lang='grc' dir='ltr'>μέντοι</span> <span class='ocrx_word' id='word_1_43' title='bbox 2869 875 3058 955; x_wconf 83' lang='grc' dir='ltr'>βαρύ-</span> 
     </span>
    </p>
   </div>
   <div class='ocr_carea' id='block_1_3' title="bbox 356 977 3118 1068">
    <p class='ocr_par' dir='ltr' id='par_1_3' title="bbox 356 977 3118 1068">
     <span class='ocr_line' id='line_1_6' title="bbox 356 977 3118 1068; baseline -0.003 -18"><span class='ocrx_word' id='word_1_44' title='bbox 356 1009 357 1018; x_wconf 63' lang='grc'>’</span> <span class='ocrx_word' id='word_1_45' title='bbox 467 1006 721 1068; x_wconf 91' lang='grc' dir='ltr'>νοιντο,</span> <span class='ocrx_word' id='word_1_46' title='bbox 788 983 1249 1064; x_wconf 86' lang='grc' dir='ltr'>ςυμβαρύνουςι</span> <span class='ocrx_word' id='word_1_47' title='bbox 1308 981 1413 1045; x_wconf 79' lang='grc' dir='ltr'>καὶ</span> <span class='ocrx_word' id='word_1_48' title='bbox 1463 981 1576 1045; x_wconf 87' lang='grc' dir='ltr'>τὰς</span> <span class='ocrx_word' id='word_1_49' title='bbox 1630 980 1911 1062; x_wconf 85' lang='grc' dir='ltr'>γενικάς,</span> <span class='ocrx_word' id='word_1_50' title='bbox 1974 978 2133 1059; x_wconf 88' lang='grc' dir='ltr'>φίλα</span> <span class='ocrx_word' id='word_1_51' title='bbox 2197 978 2480 1060; x_wconf 79' lang='grc' dir='ltr'>φίλων,</span> <span class='ocrx_word' id='word_1_52' title='bbox 2547 977 2705 1044; x_wconf 82' lang='grc' dir='ltr'>ξύλα</span> <span class='ocrx_word' id='word_1_53' title='bbox 2738 977 3025 1043; x_wconf 80' lang='grc' dir='ltr'>’ξύλων</span> <span class='ocrx_word' id='word_1_54' title='bbox 3038 1027 3057 1060; x_wconf 94' lang='grc'>,</span> <span class='ocrx_word' id='word_1_55' title='bbox 3086 992 3118 1042; x_wconf 89' lang='lat'>5</span> 
     </span>
    </p>
   </div>
   <div class='ocr_carea' id='block_1_4' title="bbox 468 1077 3166 1879">
    <p class='ocr_par' dir='ltr' id='par_1_4' title="bbox 468 1077 3166 1879">
     <span class='ocr_line' id='line_1_7' title="bbox 468 1077 3062 1168; baseline -0.004 -16"><span class='ocrx_word' id='word_1_56' title='bbox 468 1093 658 1168; x_wconf 89' lang='grc' dir='ltr'>φῶτα</span> <span class='ocrx_word' id='word_1_57' title='bbox 711 1088 1030 1166; x_wconf 84' lang='grc' dir='ltr'>φώτων,</span> <span class='ocrx_word' id='word_1_58' title='bbox 1088 1083 1222 1148; x_wconf 86' lang='grc' dir='ltr'>ὦτα</span> <span class='ocrx_word' id='word_1_59' title='bbox 1275 1081 1514 1146; x_wconf 84' lang='grc' dir='ltr'>ὤτων.</span> <span class='ocrx_word' id='word_1_60' title='bbox 1603 1080 1658 1146; x_wconf 76' lang='grc' dir='ltr'>εἰ</span> <span class='ocrx_word' id='word_1_61' title='bbox 1710 1083 1782 1146; x_wconf 81' lang='grc' dir='ltr'>δὲ</span> <span class='ocrx_word' id='word_1_62' title='bbox 1849 1079 1981 1145; x_wconf 86' lang='grc' dir='ltr'>ἀπὸ</span> <span class='ocrx_word' id='word_1_63' title='bbox 2044 1077 2638 1159; x_wconf 88' lang='grc' dir='ltr'>περιςςοςυλλάβων</span> <span class='ocrx_word' id='word_1_64' title='bbox 2704 1080 3062 1164; x_wconf 79' lang='grc' dir='ltr'>ςυναλοιφὴ</span> 
     </span>
     <span class='ocr_line' id='line_1_8' title="bbox 468 1181 3060 1268; baseline -0.003 -16"><span class='ocrx_word' id='word_1_65' title='bbox 468 1187 1087 1268; x_wconf 86' lang='grc' dir='ltr'>παρακολουθήςειε,</span> <span class='ocrx_word' id='word_1_66' title='bbox 1131 1185 1171 1264; x_wconf 84' lang='grc' dir='ltr'>ἡ</span> <span class='ocrx_word' id='word_1_67' title='bbox 1202 1186 1415 1263; x_wconf 80' lang='grc' dir='ltr'>γενικὴ</span> <span class='ocrx_word' id='word_1_68' title='bbox 1446 1185 1708 1249; x_wconf 86' lang='grc' dir='ltr'>πάντως</span> <span class='ocrx_word' id='word_1_69' title='bbox 1738 1185 2144 1265; x_wconf 87' lang='grc' dir='ltr'>περιςπᾶται,</span> <span class='ocrx_word' id='word_1_70' title='bbox 2174 1181 2439 1259; x_wconf 85' lang='grc' dir='ltr'>τειχέων</span> <span class='ocrx_word' id='word_1_71' title='bbox 2467 1187 2785 1264; x_wconf 82' lang='grc' dir='ltr'>τειχῶν,</span> <span class='ocrx_word' id='word_1_72' title='bbox 2821 1181 3060 1261; x_wconf 84' lang='grc' dir='ltr'>βελέων</span> 
     </span>
     <span class='ocr_line' id='line_1_9' title="bbox 472 1282 3064 1372; baseline -0.003 -18"><span class='ocrx_word' id='word_1_73' title='bbox 472 1294 759 1372; x_wconf 86' lang='grc' dir='ltr'>βελῶν,</span> <span class='ocrx_word' id='word_1_74' title='bbox 815 1289 1065 1368; x_wconf 86' lang='grc' dir='ltr'>κρεάων</span> <span class='ocrx_word' id='word_1_75' title='bbox 1119 1293 1386 1365; x_wconf 90' lang='grc' dir='ltr'>κρεῶν.</span> <span class='ocrx_word' id='word_1_76' title='bbox 1477 1285 1878 1366; x_wconf 91' lang='grc' dir='ltr'>ςεςημείωται</span> <span class='ocrx_word' id='word_1_77' title='bbox 1920 1285 1996 1349; x_wconf 88' lang='grc' dir='ltr'>τὸ</span> <span class='ocrx_word' id='word_1_78' title='bbox 2042 1288 2377 1363; x_wconf 88' lang='grc' dir='ltr'>φρητῶν.</span> <span class='ocrx_word' id='word_1_79' title='bbox 2465 1283 2592 1347; x_wconf 85' lang='grc' dir='ltr'>ἔςτι</span> <span class='ocrx_word' id='word_1_80' title='bbox 2646 1282 2768 1361; x_wconf 86' lang='grc' dir='ltr'>γὰρ</span> <span class='ocrx_word' id='word_1_81' title='bbox 2814 1282 3064 1361; x_wconf 88' lang='grc' dir='ltr'>φρέατα</span> 
     </span>
     <span class='ocr_line' id='line_1_10' title="bbox 470 1383 3061 1468; baseline -0.004 -11"><span class='ocrx_word' id='word_1_82' title='bbox 470 1394 574 1457; x_wconf 82' lang='grc' dir='ltr'>καὶ</span> <span class='ocrx_word' id='word_1_83' title='bbox 615 1391 854 1468; x_wconf 86' lang='grc' dir='ltr'>γίνεται</span> <span class='ocrx_word' id='word_1_84' title='bbox 899 1391 1056 1454; x_wconf 87' lang='grc' dir='ltr'>κατὰ</span> <span class='ocrx_word' id='word_1_85' title='bbox 1099 1392 1316 1467; x_wconf 88' lang='grc' dir='ltr'>κρᾶςιν</span> <span class='ocrx_word' id='word_1_86' title='bbox 1362 1391 1576 1467; x_wconf 88' lang='grc' dir='ltr'>φρῆτα</span> <span class='ocrx_word' id='word_1_87' title='bbox 1618 1390 1736 1451; x_wconf 85' lang='grc' dir='ltr'>τοῦ</span> <span class='ocrx_word' id='word_1_88' title='bbox 1778 1390 1814 1451; x_wconf 79' lang='grc' dir='ltr'>ἒ</span> <span class='ocrx_word' id='word_1_89' title='bbox 1857 1387 1960 1451; x_wconf 85' lang='grc' dir='ltr'>καὶ</span> <span class='ocrx_word' id='word_1_90' title='bbox 2014 1388 2056 1449; x_wconf 84' lang='grc' dir='ltr'><strong>ἆ</strong></span> <span class='ocrx_word' id='word_1_91' title='bbox 2099 1385 2188 1450; x_wconf 88' lang='grc' dir='ltr'>εἰς</span> <span class='ocrx_word' id='word_1_92' title='bbox 2231 1387 2274 1462; x_wconf 85' lang='grc' dir='ltr'>ἦ</span> <span class='ocrx_word' id='word_1_93' title='bbox 2315 1384 2679 1464; x_wconf 88' lang='grc' dir='ltr'>κραθέντος.</span> <span class='ocrx_word' id='word_1_94' title='bbox 2768 1384 2870 1448; x_wconf 85' lang='grc' dir='ltr'>καὶ</span> <span class='ocrx_word' id='word_1_95' title='bbox 2912 1383 3061 1447; x_wconf 86' lang='grc' dir='ltr'>τού-</span> 
     </span>
     <span class='ocr_line' id='line_1_11' title="bbox 468 1484 3166 1574; baseline -0.003 -16"><span class='ocrx_word' id='word_1_96' title='bbox 468 1514 588 1558; x_wconf 86' lang='grc' dir='ltr'>του</span> <span class='ocrx_word' id='word_1_97' title='bbox 634 1493 1076 1574; x_wconf 83' lang='grc' dir='ltr'>βαρυνομένου</span> <span class='ocrx_word' id='word_1_98' title='bbox 1121 1491 1281 1555; x_wconf 87' lang='grc' dir='ltr'>κατὰ</span> <span class='ocrx_word' id='word_1_99' title='bbox 1323 1492 1439 1569; x_wconf 88' lang='grc' dir='ltr'>τὴν</span> <span class='ocrx_word' id='word_1_100' title='bbox 1484 1490 1740 1554; x_wconf 86' lang='grc' dir='ltr'>εὐθεῖαν</span> <span class='ocrx_word' id='word_1_101' title='bbox 1768 1493 1900 1553; x_wconf 92' lang='grc' dir='ltr'>τῶν</span> <span class='ocrx_word' id='word_1_102' title='bbox 1931 1490 2376 1566; x_wconf 84' lang='grc' dir='ltr'>πληθυντικῶν</span> <span class='ocrx_word' id='word_1_103' title='bbox 2422 1485 2664 1565; x_wconf 86' lang='grc' dir='ltr'>ὤφειλε</span> <span class='ocrx_word' id='word_1_104' title='bbox 2720 1485 2823 1549; x_wconf 86' lang='grc' dir='ltr'>καὶ</span> <span class='ocrx_word' id='word_1_105' title='bbox 2864 1484 2903 1562; x_wconf 85' lang='grc' dir='ltr'>ἡ</span> <span class='ocrx_word' id='word_1_106' title='bbox 2957 1504 3060 1560; x_wconf 81' lang='grc' dir='ltr'>γε·</span> <span class='ocrx_word' id='word_1_107' title='bbox 3103 1499 3166 1550; x_wconf 88' lang='grc'>10</span> 
     </span>
     <span class='ocr_line' id='line_1_12' title="bbox 471 1587 3062 1673; baseline -0.003 -14"><span class='ocrx_word' id='word_1_108' title='bbox 471 1597 610 1673; x_wconf 90' lang='grc' dir='ltr'>νικὴ</span> <span class='ocrx_word' id='word_1_109' title='bbox 654 1602 788 1659; x_wconf 89' lang='grc' dir='ltr'>τῶν</span> <span class='ocrx_word' id='word_1_110' title='bbox 833 1597 1275 1672; x_wconf 87' lang='grc' dir='ltr'>πληθυντικῶν</span> <span class='ocrx_word' id='word_1_111' title='bbox 1324 1591 1698 1672; x_wconf 86' lang='grc' dir='ltr'>βαρύνεςθαι</span> <span class='ocrx_word' id='word_1_112' title='bbox 1742 1591 1847 1655; x_wconf 86' lang='grc' dir='ltr'>καὶ</span> <span class='ocrx_word' id='word_1_113' title='bbox 1888 1587 2055 1655; x_wconf 83' lang='grc' dir='ltr'>εἶναι</span> <span class='ocrx_word' id='word_1_114' title='bbox 2101 1589 2369 1668; x_wconf 88' lang='grc' dir='ltr'>φρήτων</span> <span class='ocrx_word' id='word_1_115' title='bbox 2427 1587 2794 1668; x_wconf 88' lang='grc' dir='ltr'>βαρυτόνως</span> <span class='ocrx_word' id='word_1_116' title='bbox 2849 1587 3062 1665; x_wconf 84' lang='grc' dir='ltr'>ὥςπερ</span> 
     </span>
     <span class='ocr_line' id='line_1_13' title="bbox 471 1687 3062 1778; baseline -0.003 -18"><span class='ocrx_word' id='word_1_117' title='bbox 471 1697 552 1760; x_wconf 86' lang='grc' dir='ltr'>τὰ</span> <span class='ocrx_word' id='word_1_118' title='bbox 596 1695 728 1759; x_wconf 87' lang='grc' dir='ltr'>ὦτα</span> <span class='ocrx_word' id='word_1_119' title='bbox 770 1701 900 1760; x_wconf 91' lang='grc' dir='ltr'>τῶν</span> <span class='ocrx_word' id='word_1_120' title='bbox 946 1693 1166 1778; x_wconf 83' lang='grc' dir='ltr'>ὤτων,</span> <span class='ocrx_word' id='word_1_121' title='bbox 1220 1695 1300 1758; x_wconf 88' lang='grc' dir='ltr'>τὰ</span> <span class='ocrx_word' id='word_1_122' title='bbox 1354 1697 1542 1773; x_wconf 91' lang='grc' dir='ltr'>φῶτα</span> <span class='ocrx_word' id='word_1_123' title='bbox 1582 1696 1715 1757; x_wconf 91' lang='grc' dir='ltr'>τῶν</span> <span class='ocrx_word' id='word_1_124' title='bbox 1771 1693 2034 1770; x_wconf 88' lang='grc' dir='ltr'>φώτων.</span> <span class='ocrx_word' id='word_1_125' title='bbox 2120 1688 2294 1769; x_wconf 88' lang='grc' dir='ltr'>ὅμως</span> <span class='ocrx_word' id='word_1_126' title='bbox 2350 1692 2421 1754; x_wconf 78' lang='grc' dir='ltr'>δὲ</span> <span class='ocrx_word' id='word_1_127' title='bbox 2465 1693 2848 1768; x_wconf 90' lang='grc' dir='ltr'>περιςπῶςιν</span> <span class='ocrx_word' id='word_1_128' title='bbox 2902 1687 3062 1752; x_wconf 84' lang='grc' dir='ltr'>αὐτὸ</span> 
     </span>
     <span class='ocr_line' id='line_1_14' title="bbox 475 1792 3063 1879; baseline -0.003 -18"><span class='ocrx_word' id='word_1_129' title='bbox 475 1796 619 1863; x_wconf 81' lang='grc' dir='ltr'>οἷον</span> <span class='ocrx_word' id='word_1_130' title='bbox 676 1801 941 1876; x_wconf 86' lang='grc' dir='ltr'>φρητῶν</span> <span class='ocrx_word' id='word_1_131' title='bbox 997 1797 1329 1877; x_wconf 86' lang='grc' dir='ltr'>ὁμοτόνως</span> <span class='ocrx_word' id='word_1_132' title='bbox 1382 1801 1458 1879; x_wconf 85' lang='grc' dir='ltr'>τῇ</span> <span class='ocrx_word' id='word_1_133' title='bbox 1517 1794 1830 1872; x_wconf 89' lang='grc' dir='ltr'>Κρητῶν</span> <span class='ocrx_word' id='word_1_134' title='bbox 1889 1794 1992 1857; x_wconf 85' lang='grc' dir='ltr'>καὶ</span> <span class='ocrx_word' id='word_1_135' title='bbox 2049 1796 2297 1871; x_wconf 87' lang='grc' dir='ltr'>ςητῶν</span> <span class='ocrx_word' id='word_1_136' title='bbox 2367 1792 2468 1857; x_wconf 86' lang='grc' dir='ltr'>καὶ</span> <span class='ocrx_word' id='word_1_137' title='bbox 2521 1794 2774 1870; x_wconf 87' lang='grc' dir='ltr'>θητῶν</span> <span class='ocrx_word' id='word_1_138' title='bbox 2828 1796 3063 1874; x_wconf 80' lang='grc' dir='ltr'>γενικῇ.</span> 
     </span>
    </p>
   </div>
   <div class='ocr_carea' id='block_1_5' title="bbox 961 1981 2571 2062">
    <p class='ocr_par' dir='ltr' id='par_1_5' title="bbox 961 1981 2571 2062">
     <span class='ocr_line' id='line_1_15' title="bbox 961 1981 2571 2062; baseline -0.004 -13"><span class='ocrx_word' id='word_1_139' title='bbox 961 1983 1153 2062; x_wconf 89' lang='grc' dir='ltr'>Περὶ</span> <span class='ocrx_word' id='word_1_140' title='bbox 1196 1983 1440 2048; x_wconf 90' lang='grc' dir='ltr'>τόνου</span> <span class='ocrx_word' id='word_1_141' title='bbox 1484 1984 1615 2059; x_wconf 87' lang='grc' dir='ltr'>τῆς</span> <span class='ocrx_word' id='word_1_142' title='bbox 1658 1983 1976 2058; x_wconf 89' lang='grc' dir='ltr'>δοτικῆς</span> <span class='ocrx_word' id='word_1_143' title='bbox 2020 1981 2571 2058; x_wconf 90' lang='grc' dir='ltr'>πληθυντικῆς.</span> 
     </span>
    </p>
   </div>
   <div class='ocr_carea' id='block_1_6' title="bbox 474 2111 3169 3114">
    <p class='ocr_par' dir='ltr' id='par_1_6' title="bbox 474 2111 3163 2302">
     <span class='ocr_line' id='line_1_16' title="bbox 641 2111 3163 2198; baseline -0.001 -13"><span class='ocrx_word' id='word_1_144' title='bbox 641 2119 802 2197; x_wconf 86' lang='grc' dir='ltr'>Περὶ</span> <span class='ocrx_word' id='word_1_145' title='bbox 845 2121 959 2198; x_wconf 83' lang='grc' dir='ltr'>μὲν</span> <span class='ocrx_word' id='word_1_146' title='bbox 1015 2125 1148 2183; x_wconf 90' lang='grc' dir='ltr'>τῶν</span> <span class='ocrx_word' id='word_1_147' title='bbox 1206 2118 1295 2183; x_wconf 81' lang='grc' dir='ltr'>εἰς</span> <span class='ocrx_word' id='word_1_148' title='bbox 1337 2120 1371 2180; x_wconf 86' lang='grc' dir='ltr'>ἶ</span> <span class='ocrx_word' id='word_1_149' title='bbox 1425 2116 1928 2198; x_wconf 85' lang='grc' dir='ltr'>ἐκφωνούμενον</span> <span class='ocrx_word' id='word_1_150' title='bbox 1975 2119 2247 2180; x_wconf 88' lang='grc' dir='ltr'>δοτικῶν</span> <span class='ocrx_word' id='word_1_151' title='bbox 2301 2118 2745 2194; x_wconf 88' lang='grc' dir='ltr'>πληθυντικῶν</span> <span class='ocrx_word' id='word_1_152' title='bbox 2798 2111 3061 2194; x_wconf 80' lang='grc' dir='ltr'>εἴπομεν</span> <span class='ocrx_word' id='word_1_153' title='bbox 3104 2130 3163 2182; x_wconf 88' lang='lat'>15</span> 
     </span>
     <span class='ocr_line' id='line_1_17' title="bbox 474 2216 2313 2302; baseline -0.004 -15"><span class='ocrx_word' id='word_1_154' title='bbox 474 2223 546 2289; x_wconf 87' lang='grc' dir='ltr'>ἐν</span> <span class='ocrx_word' id='word_1_155' title='bbox 589 2224 729 2287; x_wconf 90' lang='grc' dir='ltr'>τοῖς</span> <span class='ocrx_word' id='word_1_156' title='bbox 774 2222 1040 2302; x_wconf 92' lang='grc' dir='ltr'>ἑνικοῖς,</span> <span class='ocrx_word' id='word_1_157' title='bbox 1085 2224 1203 2286; x_wconf 83' lang='grc' dir='ltr'>νῦν</span> <span class='ocrx_word' id='word_1_158' title='bbox 1249 2220 1320 2284; x_wconf 82' lang='grc' dir='ltr'>δὲ</span> <span class='ocrx_word' id='word_1_159' title='bbox 1364 2220 1509 2298; x_wconf 86' lang='grc' dir='ltr'>περὶ</span> <span class='ocrx_word' id='word_1_160' title='bbox 1551 2223 1682 2284; x_wconf 92' lang='grc' dir='ltr'>τῶν</span> <span class='ocrx_word' id='word_1_161' title='bbox 1729 2222 1978 2283; x_wconf 91' lang='grc' dir='ltr'>λοιπῶν</span> <span class='ocrx_word' id='word_1_162' title='bbox 2024 2216 2313 2297; x_wconf 83' lang='grc' dir='ltr'>ἐροῦμεν.</span> 
     </span>
    </p>

    <p class='ocr_par' dir='ltr' id='par_1_7' title="bbox 476 2316 3169 3114">
     <span class='ocr_line' id='line_1_18' title="bbox 641 2316 3064 2398; baseline -0.003 -10"><span class='ocrx_word' id='word_1_163' title='bbox 641 2324 716 2389; x_wconf 82' lang='grc' dir='ltr'>Αἱ</span> <span class='ocrx_word' id='word_1_164' title='bbox 759 2323 848 2388; x_wconf 85' lang='grc' dir='ltr'>εἰς</span> <span class='ocrx_word' id='word_1_165' title='bbox 890 2326 993 2386; x_wconf 59' lang='lat' dir='ltr'>Et?</span> <span class='ocrx_word' id='word_1_166' title='bbox 1036 2323 1139 2387; x_wconf 84' lang='grc' dir='ltr'>καὶ</span> <span class='ocrx_word' id='word_1_167' title='bbox 1181 2321 1271 2386; x_wconf 86' lang='grc' dir='ltr'>εἰς</span> <span class='ocrx_word' id='word_1_168' title='bbox 1314 2325 1414 2384; x_wconf 70' lang='grc' dir='ltr'>ὀῖῐ</span> <span class='ocrx_word' id='word_1_169' title='bbox 1458 2319 1590 2385; x_wconf 86' lang='grc' dir='ltr'>ἀπὸ</span> <span class='ocrx_word' id='word_1_170' title='bbox 1622 2318 1950 2386; x_wconf 85' lang='grc' dir='ltr'>ὀξυτόνων</span> <span class='ocrx_word' id='word_1_171' title='bbox 1982 2319 2080 2383; x_wconf 77' lang='grc' dir='ltr'>καὶ</span> <span class='ocrx_word' id='word_1_172' title='bbox 2110 2317 2614 2398; x_wconf 88' lang='grc' dir='ltr'>περιςπωμένων</span> <span class='ocrx_word' id='word_1_173' title='bbox 2649 2317 2917 2382; x_wconf 83' lang='grc' dir='ltr'>εὐθειῶν</span> <span class='ocrx_word' id='word_1_174' title='bbox 2953 2316 3064 2381; x_wconf 85' lang='grc' dir='ltr'>οὗ-</span> 
     </span>
     <span class='ocr_line' id='line_1_19' title="bbox 476 2419 3064 2506; baseline -0.003 -14"><span class='ocrx_word' id='word_1_175' title='bbox 476 2448 573 2492; x_wconf 91' lang='grc' dir='ltr'>ςαι</span> <span class='ocrx_word' id='word_1_176' title='bbox 619 2430 1076 2506; x_wconf 89' lang='grc' dir='ltr'>περιςπῶνται,</span> <span class='ocrx_word' id='word_1_177' title='bbox 1132 2423 1397 2502; x_wconf 90' lang='grc' dir='ltr'>ἀθληταί</span> <span class='ocrx_word' id='word_1_178' title='bbox 1440 2421 1860 2504; x_wconf 87' lang='grc' dir='ltr'>ἀθληταῖς,</span> <span class='ocrx_word' id='word_1_179' title='bbox 1915 2421 2100 2485; x_wconf 89' lang='grc' dir='ltr'>καλοί</span> <span class='ocrx_word' id='word_1_180' title='bbox 2143 2423 2447 2503; x_wconf 88' lang='grc' dir='ltr'>καλοῖς,</span> <span class='ocrx_word' id='word_1_181' title='bbox 2506 2419 2698 2499; x_wconf 85' lang='grc' dir='ltr'>ςοφοί</span> <span class='ocrx_word' id='word_1_182' title='bbox 2742 2422 3064 2502; x_wconf 90' lang='grc' dir='ltr'>ςοφοῖς,</span> 
     </span>
     <span class='ocr_line' id='line_1_20' title="bbox 477 2520 3065 2605; baseline -0.003 -14"><span class='ocrx_word' id='word_1_183' title='bbox 477 2527 643 2591; x_wconf 83' lang='grc' dir='ltr'>ἀλλὰ</span> <span class='ocrx_word' id='word_1_184' title='bbox 697 2526 798 2589; x_wconf 80' lang='grc' dir='ltr'>καὶ</span> <span class='ocrx_word' id='word_1_185' title='bbox 852 2524 915 2589; x_wconf 84' lang='grc' dir='ltr'>οἱ</span> <span class='ocrx_word' id='word_1_186' title='bbox 959 2523 1174 2603; x_wconf 82' lang='grc' dir='ltr'>Ἑρμαῖ</span> <span class='ocrx_word' id='word_1_187' title='bbox 1226 2526 1365 2588; x_wconf 89' lang='grc' dir='ltr'>τοῖς</span> <span class='ocrx_word' id='word_1_188' title='bbox 1408 2522 1743 2605; x_wconf 84' lang='grc' dir='ltr'>Ἑρμαῖς,</span> <span class='ocrx_word' id='word_1_189' title='bbox 1799 2522 1865 2586; x_wconf 82' lang='grc' dir='ltr'>αἱ</span> <span class='ocrx_word' id='word_1_190' title='bbox 1920 2524 2146 2600; x_wconf 90' lang='grc' dir='ltr'>χρυςαῖ</span> <span class='ocrx_word' id='word_1_191' title='bbox 2195 2525 2335 2587; x_wconf 91' lang='grc' dir='ltr'>ταῖς</span> <span class='ocrx_word' id='word_1_192' title='bbox 2380 2541 2518 2600; x_wconf 90' lang='grc' dir='ltr'>χρυ</span> <span class='ocrx_word' id='word_1_193' title='bbox 2535 2523 2716 2585; x_wconf 88' lang='grc' dir='ltr'>ςαῖς.</span> <span class='ocrx_word' id='word_1_194' title='bbox 2805 2520 2937 2586; x_wconf 87' lang='grc' dir='ltr'>ἀπὸ</span> <span class='ocrx_word' id='word_1_195' title='bbox 2993 2521 3065 2584; x_wconf 81' lang='grc' dir='ltr'>δὲ</span> 
     </span>
     <span class='ocr_line' id='line_1_21' title="bbox 479 2621 3169 2707; baseline 0 -16"><span class='ocrx_word' id='word_1_196' title='bbox 479 2627 851 2707; x_wconf 87' lang='grc' dir='ltr'>βαρυτόνων</span> <span class='ocrx_word' id='word_1_197' title='bbox 895 2625 1023 2702; x_wconf 90' lang='grc' dir='ltr'>πρὸ</span> <span class='ocrx_word' id='word_1_198' title='bbox 1068 2628 1210 2704; x_wconf 85' lang='grc' dir='ltr'>μιᾶς</span> <span class='ocrx_word' id='word_1_199' title='bbox 1253 2624 1467 2701; x_wconf 82' lang='grc' dir='ltr'>ἔχουςι</span> <span class='ocrx_word' id='word_1_200' title='bbox 1511 2625 1626 2689; x_wconf 88' lang='grc' dir='ltr'>τὸν</span> <span class='ocrx_word' id='word_1_201' title='bbox 1671 2623 1900 2706; x_wconf 87' lang='grc' dir='ltr'>τόνον,</span> <span class='ocrx_word' id='word_1_202' title='bbox 1946 2624 2127 2702; x_wconf 88' lang='grc' dir='ltr'>φίλὸι</span> <span class='ocrx_word' id='word_1_203' title='bbox 2171 2622 2471 2705; x_wconf 89' lang='grc' dir='ltr'>φίλοις,</span> <span class='ocrx_word' id='word_1_204' title='bbox 2524 2622 2713 2687; x_wconf 83' lang='grc' dir='ltr'>ἵπποι</span> <span class='ocrx_word' id='word_1_205' title='bbox 2755 2621 3064 2705; x_wconf 87' lang='grc' dir='ltr'>ἵπποις,</span> <span class='ocrx_word' id='word_1_206' title='bbox 3100 2640 3169 2692; x_wconf 82' lang='lat'>20</span> 
     </span>
     <span class='ocr_line' id='line_1_22' title="bbox 481 2724 3065 2809; baseline -0.001 -16"><span class='ocrx_word' id='word_1_207' title='bbox 481 2727 751 2807; x_wconf 91' lang='grc' dir='ltr'>Μήδειαι</span> <span class='ocrx_word' id='word_1_208' title='bbox 807 2726 1219 2809; x_wconf 90' lang='grc' dir='ltr'>Μηδείαις,</span> <span class='ocrx_word' id='word_1_209' title='bbox 1274 2726 1566 2791; x_wconf 86' lang='grc' dir='ltr'>τάλαιναι</span> <span class='ocrx_word' id='word_1_210' title='bbox 1620 2725 2061 2808; x_wconf 83' lang='grc' dir='ltr'>ταλαίναις,</span> <span class='ocrx_word' id='word_1_211' title='bbox 2120 2726 2277 2792; x_wconf 84' lang='grc' dir='ltr'>ξύλα</span> <span class='ocrx_word' id='word_1_212' title='bbox 2330 2725 2614 2793; x_wconf 85' lang='grc' dir='ltr'>ξύλοις.</span> <span class='ocrx_word' id='word_1_213' title='bbox 2711 2724 2873 2803; x_wconf 85' lang='grc' dir='ltr'>Περὶ</span> <span class='ocrx_word' id='word_1_214' title='bbox 2930 2729 3065 2790; x_wconf 90' lang='grc' dir='ltr'>τῶν</span> 
     </span>
     <span class='ocr_line' id='line_1_23' title="bbox 478 2826 3065 2911; baseline -0.002 -17"><span class='ocrx_word' id='word_1_215' title='bbox 478 2830 809 2911; x_wconf 88' lang='grc' dir='ltr'>Ἀττικῶν,</span> <span class='ocrx_word' id='word_1_216' title='bbox 867 2827 965 2892; x_wconf 88' lang='grc' dir='ltr'>ὅτι</span> <span class='ocrx_word' id='word_1_217' title='bbox 1009 2829 1126 2893; x_wconf 87' lang='grc' dir='ltr'>τὸν</span> <span class='ocrx_word' id='word_1_218' title='bbox 1168 2828 1368 2893; x_wconf 89' lang='grc' dir='ltr'>τόνον</span> <span class='ocrx_word' id='word_1_219' title='bbox 1422 2831 1535 2906; x_wconf 91' lang='grc' dir='ltr'>τῆς</span> <span class='ocrx_word' id='word_1_220' title='bbox 1578 2830 1797 2906; x_wconf 83' lang='grc' dir='ltr'>κοινῆς</span> <span class='ocrx_word' id='word_1_221' title='bbox 1843 2826 2090 2892; x_wconf 86' lang='grc' dir='ltr'>εὐθείας</span> <span class='ocrx_word' id='word_1_222' title='bbox 2133 2826 2265 2906; x_wconf 85' lang='grc' dir='ltr'>ἔχει</span> <span class='ocrx_word' id='word_1_223' title='bbox 2310 2831 2480 2892; x_wconf 89' lang='grc' dir='ltr'>πᾶςα</span> <span class='ocrx_word' id='word_1_224' title='bbox 2522 2830 2757 2892; x_wconf 90' lang='grc' dir='ltr'>πτῶςις</span> <span class='ocrx_word' id='word_1_225' title='bbox 2802 2827 3065 2910; x_wconf 86' lang='grc' dir='ltr'>Ἀττική,</span> 
     </span>
     <span class='ocr_line' id='line_1_24' title="bbox 477 2927 3066 3012; baseline -0.002 -17"><span class='ocrx_word' id='word_1_226' title='bbox 477 2929 746 3009; x_wconf 83' lang='grc' dir='ltr'>εἴπομεν</span> <span class='ocrx_word' id='word_1_227' title='bbox 801 2930 950 3009; x_wconf 85' lang='grc' dir='ltr'>ἤδη·</span> <span class='ocrx_word' id='word_1_228' title='bbox 1007 2929 1112 2993; x_wconf 89' lang='grc' dir='ltr'>διὰ</span> <span class='ocrx_word' id='word_1_229' title='bbox 1164 2932 1360 2993; x_wconf 85' lang='grc' dir='ltr'>τοῦτο</span> <span class='ocrx_word' id='word_1_230' title='bbox 1416 2932 1555 2994; x_wconf 92' lang='grc' dir='ltr'>τοῖς</span> <span class='ocrx_word' id='word_1_231' title='bbox 1612 2929 2033 3012; x_wconf 77' lang='grc' dir='ltr'>Μενέλεως</span> <span class='ocrx_word' id='word_1_232' title='bbox 2086 2928 2699 3011; x_wconf 89' lang='grc' dir='ltr'>προπαροξύνομεν,</span> <span class='ocrx_word' id='word_1_233' title='bbox 2766 2927 2903 2992; x_wconf 82' lang='grc' dir='ltr'>ἐπεὶ</span> <span class='ocrx_word' id='word_1_234' title='bbox 2967 2929 3066 2993; x_wconf 85' lang='grc' dir='ltr'>καὶ</span> 
     </span>
     <span class='ocr_line' id='line_1_25' title="bbox 479 3028 2480 3114; baseline -0.002 -17"><span class='ocrx_word' id='word_1_235' title='bbox 479 3032 517 3097; x_wconf 86' lang='grc' dir='ltr'>ὁ</span> <span class='ocrx_word' id='word_1_236' title='bbox 564 3033 930 3114; x_wconf 86' lang='grc' dir='ltr'>Μενέλαος,</span> <span class='ocrx_word' id='word_1_237' title='bbox 974 3033 1112 3096; x_wconf 89' lang='grc' dir='ltr'>τοῖς</span> <span class='ocrx_word' id='word_1_238' title='bbox 1156 3032 1229 3095; x_wconf 79' lang='grc' dir='ltr'>δὲ</span> <span class='ocrx_word' id='word_1_239' title='bbox 1274 3032 1469 3113; x_wconf 83' lang='grc' dir='ltr'>λεῴς</span> <span class='ocrx_word' id='word_1_240' title='bbox 1513 3029 1861 3113; x_wconf 86' lang='grc' dir='ltr'>ὀξύνομεν,</span> <span class='ocrx_word' id='word_1_241' title='bbox 1905 3029 2042 3094; x_wconf 80' lang='grc' dir='ltr'>ἐπεὶ</span> <span class='ocrx_word' id='word_1_242' title='bbox 2084 3030 2185 3096; x_wconf 81' lang='grc' dir='ltr'>καὶ</span> <span class='ocrx_word' id='word_1_243' title='bbox 2228 3028 2265 3094; x_wconf 89' lang='grc' dir='ltr'>ὁ</span> <span class='ocrx_word' id='word_1_244' title='bbox 2305 3030 2480 3095; x_wconf 86' lang='grc' dir='ltr'>λαός.</span> 
     </span>
    </p>
   </div>
   <div class='ocr_carea' id='block_1_7' title="bbox 882 3216 3168 3297">
    <p class='ocr_par' dir='ltr' id='par_1_8' title="bbox 882 3216 3168 3297">
     <span class='ocr_line' id='line_1_26' title="bbox 882 3216 3168 3297; baseline -0.001 -15"><span class='ocrx_word' id='word_1_245' title='bbox 882 3219 1104 3297; x_wconf 72' lang='grc' dir='ltr'>ῑΠερὶ</span> <span class='ocrx_word' id='word_1_246' title='bbox 1146 3217 1390 3283; x_wconf 87' lang='grc' dir='ltr'>τόνου</span> <span class='ocrx_word' id='word_1_247' title='bbox 1433 3221 1565 3296; x_wconf 86' lang='grc' dir='ltr'>τῆς</span> <span class='ocrx_word' id='word_1_248' title='bbox 1608 3219 2140 3296; x_wconf 86' lang='grc' dir='ltr'>πληθυντικῆς</span> <span class='ocrx_word' id='word_1_249' title='bbox 2185 3216 2640 3294; x_wconf 85' lang='grc' dir='ltr'>αἰτιατικῆς.</span> <span class='ocrx_word' id='word_1_250' title='bbox 3101 3240 3168 3291; x_wconf 82' lang='lat'>25</span> 
     </span>
    </p>
   </div>
   <div class='ocr_carea' id='block_1_8' title="bbox 482 3349 3069 3541">
    <p class='ocr_par' dir='ltr' id='par_1_9' title="bbox 482 3349 3069 3541">
     <span class='ocr_line' id='line_1_27' title="bbox 646 3349 3069 3437; baseline -0.002 -16"><span class='ocrx_word' id='word_1_251' title='bbox 646 3357 831 3421; x_wconf 87' lang='grc' dir='ltr'>Πᾶςα</span> <span class='ocrx_word' id='word_1_252' title='bbox 874 3354 1177 3434; x_wconf 82' lang='grc' dir='ltr'>αἰτιατική</span> <span class='ocrx_word' id='word_1_253' title='bbox 1220 3355 1609 3433; x_wconf 89' lang='grc' dir='ltr'>πληθυντικὴ</span> <span class='ocrx_word' id='word_1_254' title='bbox 1655 3352 2094 3433; x_wconf 84' lang='grc' dir='ltr'>ὁμοφωνοῦςα</span> <span class='ocrx_word' id='word_1_255' title='bbox 2146 3359 2222 3436; x_wconf 85' lang='grc' dir='ltr'>τῇ</span> <span class='ocrx_word' id='word_1_256' title='bbox 2277 3355 2665 3435; x_wconf 83' lang='grc' dir='ltr'>πληθυντικῇ</span> <span class='ocrx_word' id='word_1_257' title='bbox 2711 3349 2923 3437; x_wconf 81' lang='grc' dir='ltr'>εὐθείᾳ</span> <span class='ocrx_word' id='word_1_258' title='bbox 2967 3353 3069 3417; x_wconf 87' lang='grc' dir='ltr'>καὶ</span> 
     </span>
     <span class='ocr_line' id='line_1_28' title="bbox 482 3454 3068 3541; baseline -0.002 -18"><span class='ocrx_word' id='word_1_259' title='bbox 482 3457 786 3538; x_wconf 88' lang='grc' dir='ltr'>ὁμοτονεῖ</span> <span class='ocrx_word' id='word_1_260' title='bbox 828 3456 1057 3541; x_wconf 86' lang='grc' dir='ltr'>ταύτῃ,</span> <span class='ocrx_word' id='word_1_261' title='bbox 1114 3455 1177 3521; x_wconf 80' lang='grc' dir='ltr'>οἱ</span> <span class='ocrx_word' id='word_1_262' title='bbox 1229 3459 1444 3534; x_wconf 88' lang='grc' dir='ltr'>ταχεῖς</span> <span class='ocrx_word' id='word_1_263' title='bbox 1495 3455 1680 3521; x_wconf 82' lang='grc' dir='ltr'>τοὺς</span> <span class='ocrx_word' id='word_1_264' title='bbox 1723 3458 2021 3539; x_wconf 87' lang='grc' dir='ltr'>ταχεῖς,</span> <span class='ocrx_word' id='word_1_265' title='bbox 2077 3454 2141 3520; x_wconf 84' lang='grc' dir='ltr'>οἱ</span> <span class='ocrx_word' id='word_1_266' title='bbox 2194 3455 2626 3535; x_wconf 87' lang='grc' dir='ltr'>Δημοςθένεις</span> <span class='ocrx_word' id='word_1_267' title='bbox 2679 3454 2867 3519; x_wconf 84' lang='grc' dir='ltr'>τοὺς</span> <span class='ocrx_word' id='word_1_268' title='bbox 2909 3454 3068 3533; x_wconf 86' lang='grc' dir='ltr'>Δη-</span> 
     </span>
    </p>
   </div>
   <div class='ocr_carea' id='block_1_9' title="bbox 482 3610 884 3622">
    <p class='ocr_par' dir='ltr' id='par_1_10' title="bbox 482 3610 884 3622">
     <span class='ocr_line' id='line_1_29' title="bbox 482 3610 884 3622; baseline 0 1924"><span class='ocrx_word' id='word_1_269' title='bbox 482 3610 884 3622; x_wconf 95' lang='lat' dir='ltr'> </span> 
     </span>
    </p>
   </div>
   <div class='ocr_carea' id='block_1_10' title="bbox 479 3709 3072 4919">
    <p class='ocr_par' dir='ltr' id='par_1_11' title="bbox 479 3709 3072 4919">
     <span class='ocr_line' id='line_1_30' title="bbox 651 3709 3065 3776; baseline -0.002 -13"><span class='ocrx_word' id='word_1_270' title='bbox 651 3712 688 3763; x_wconf 92' lang='lat' dir='ltr'>l.</span> <span class='ocrx_word' id='word_1_271' title='bbox 728 3713 859 3763; x_wconf 89' lang='grc'>1-8</span> <span class='ocrx_word' id='word_1_272' title='bbox 895 3709 1118 3776; x_wconf 86' lang='grc' dir='ltr'>κρεάων</span> <span class='ocrx_word' id='word_1_273' title='bbox 1154 3713 1340 3776; x_wconf 88' lang='grc' dir='ltr'>κρεῶν</span> <span class='ocrx_word' id='word_1_274' title='bbox 1376 3727 1444 3762; x_wconf 80' lang='lat' dir='ltr'>ex</span> <span class='ocrx_word' id='word_1_275' title='bbox 1479 3712 1558 3763; x_wconf 87' lang='lat' dir='ltr'>Io.</span> <span class='ocrx_word' id='word_1_276' title='bbox 1594 3711 1677 3764; x_wconf 86' lang='lat' dir='ltr'>Al.</span> <span class='ocrx_word' id='word_1_277' title='bbox 1720 3714 1798 3774; x_wconf 89' lang='lat'>19,</span> <span class='ocrx_word' id='word_1_278' title='bbox 1836 3714 1920 3775; x_wconf 81' lang='grc'>24,</span> <span class='ocrx_word' id='word_1_279' title='bbox 1994 3728 2116 3763; x_wconf 82' lang='lat' dir='ltr'>uem</span> <span class='ocrx_word' id='word_1_280' title='bbox 2148 3711 2325 3763; x_wconf 77' lang='lat' dir='ltr'><strong>locum</strong></span> <span class='ocrx_word' id='word_1_281' title='bbox 2365 3710 2414 3760; x_wconf 83' lang='lat' dir='ltr'>si</span> <span class='ocrx_word' id='word_1_282' title='bbox 2450 3709 2706 3761; x_wconf 77' lang='lat' dir='ltr'>conferas</span> <span class='ocrx_word' id='word_1_283' title='bbox 2745 3724 2867 3760; x_wconf 79' lang='lat' dir='ltr'>eum</span> <span class='ocrx_word' id='word_1_284' title='bbox 2902 3709 3065 3759; x_wconf 80' lang='lat' dir='ltr'><strong>Arca-</strong></span> 
     </span>
     <span class='ocr_line' id='line_1_31' title="bbox 483 3775 3065 3846; baseline -0.002 -14"><span class='ocrx_word' id='word_1_285' title='bbox 483 3781 574 3832; x_wconf 85' lang='lat' dir='ltr'>dio</span> <span class='ocrx_word' id='word_1_286' title='bbox 610 3797 662 3846; x_wconf 89' lang='lat' dir='ltr'>p.</span> <span class='ocrx_word' id='word_1_287' title='bbox 700 3783 813 3844; x_wconf 79' lang='lat'>137,</span> <span class='ocrx_word' id='word_1_288' title='bbox 852 3783 903 3844; x_wconf 76' lang='lat'>7,</span> <span class='ocrx_word' id='word_1_289' title='bbox 940 3796 1049 3830; x_wconf 88' lang='lat' dir='ltr'>non</span> <span class='ocrx_word' id='word_1_290' title='bbox 1087 3780 1388 3839; x_wconf 78' lang='lat' dir='ltr'><strong>dubitabis,</strong></span> <span class='ocrx_word' id='word_1_291' title='bbox 1426 3780 1556 3845; x_wconf 86' lang='lat' dir='ltr'><strong>quin</strong></span> <span class='ocrx_word' id='word_1_292' title='bbox 1602 3795 1698 3846; x_wconf 86' lang='lat' dir='ltr'>pro</span> <span class='ocrx_word' id='word_1_293' title='bbox 1742 3778 1815 3831; x_wconf 83' lang='grc' dir='ltr'>τὰ</span> <span class='ocrx_word' id='word_1_294' title='bbox 1860 3780 1956 3831; x_wconf 85' lang='grc' dir='ltr'>ὸςτ</span> <span class='ocrx_word' id='word_1_295' title='bbox 2040 3779 2255 3844; x_wconf 84' lang='grc' dir='ltr'>ὁςτῶν,</span> <span class='ocrx_word' id='word_1_296' title='bbox 2283 3777 2373 3829; x_wconf 52' lang='lat' dir='ltr'>”td</span> <span class='ocrx_word' id='word_1_297' title='bbox 2417 3775 2560 3829; x_wconf 83' lang='grc' dir='ltr'>κανά</span> <span class='ocrx_word' id='word_1_298' title='bbox 2604 3779 2797 3828; x_wconf 85' lang='grc' dir='ltr'>κανῶν</span> <span class='ocrx_word' id='word_1_299' title='bbox 2842 3784 2993 3828; x_wconf 80' lang='lat' dir='ltr'><strong>reete</strong></span> <span class='ocrx_word' id='word_1_300' title='bbox 3030 3794 3065 3827; x_wconf 80' lang='lat' dir='ltr'>a.</span> 
     </span>
     <span class='ocr_line' id='line_1_32' title="bbox 482 3843 3067 3912; baseline -0.002 -12"><span class='ocrx_word' id='word_1_301' title='bbox 482 3849 782 3900; x_wconf 83' lang='lat' dir='ltr'><strong>Schmidtio</strong></span> <span class='ocrx_word' id='word_1_302' title='bbox 820 3847 956 3899; x_wconf 85' lang='grc' dir='ltr'>ὸςτᾶ</span> <span class='ocrx_word' id='word_1_303' title='bbox 991 3848 1134 3897; x_wconf 83' lang='grc' dir='ltr'>κανᾶ</span> <span class='ocrx_word' id='word_1_304' title='bbox 1168 3846 1612 3912; x_wconf 83' lang='grc' dir='ltr'>περιςπωμένως</span> <span class='ocrx_word' id='word_1_305' title='bbox 1659 3848 1908 3899; x_wconf 76' lang='lat' dir='ltr'><strong>exhibita</strong></span> <span class='ocrx_word' id='word_1_306' title='bbox 1954 3844 2084 3899; x_wconf 77' lang='lat' dir='ltr'><strong>sirit.</strong></span> <span class='ocrx_word' id='word_1_307' title='bbox 2138 3874 2205 3884; x_wconf 87' lang='lat'>--</span> <span class='ocrx_word' id='word_1_308' title='bbox 2259 3848 2295 3897; x_wconf 91' lang='lat'>1.</span> <span class='ocrx_word' id='word_1_309' title='bbox 2330 3848 2363 3896; x_wconf 87' lang='grc'>8</span> <span class='ocrx_word' id='word_1_310' title='bbox 2399 3843 2764 3910; x_wconf 88' lang='grc' dir='ltr'>ςεςημείωται</span> <span class='ocrx_word' id='word_1_311' title='bbox 2808 3844 2878 3896; x_wconf 91' lang='grc' dir='ltr'>τὸ</span> <span class='ocrx_word' id='word_1_312' title='bbox 2924 3859 3067 3910; x_wconf 86' lang='grc' dir='ltr'>φρη·</span> 
     </span>
     <span class='ocr_line' id='line_1_33' title="bbox 480 3912 3068 3983; baseline -0.001 -15"><span class='ocrx_word' id='word_1_313' title='bbox 480 3919 603 3968; x_wconf 85' lang='grc' dir='ltr'>τῶν</span> <span class='ocrx_word' id='word_1_314' title='bbox 638 3919 755 3983; x_wconf 79' lang='lat' dir='ltr'>ipse</span> <span class='ocrx_word' id='word_1_315' title='bbox 795 3915 983 3965; x_wconf 79' lang='lat' dir='ltr'><strong>addidi</strong></span> <span class='ocrx_word' id='word_1_316' title='bbox 1018 3921 1243 3981; x_wconf 79' lang='lat' dir='ltr'><strong>propter</strong></span> <span class='ocrx_word' id='word_1_317' title='bbox 1278 3932 1516 3980; x_wconf 83' lang='lat' dir='ltr'>sequens</span> <span class='ocrx_word' id='word_1_318' title='bbox 1550 3915 1856 3967; x_wconf 83' lang='lat' dir='ltr'><strong>Herodiani</strong></span> <span class='ocrx_word' id='word_1_319' title='bbox 1891 3916 2367 3976; x_wconf 80' lang='lat' dir='ltr'><strong>adnotamentum‚</strong></span> <span class='ocrx_word' id='word_1_320' title='bbox 2417 3914 2563 3979; x_wconf 82' lang='lat' dir='ltr'>quod</span> <span class='ocrx_word' id='word_1_321' title='bbox 2600 3914 2847 3964; x_wconf 80' lang='lat' dir='ltr'><strong>servavit</strong></span> <span class='ocrx_word' id='word_1_322' title='bbox 2872 3912 3068 3966; x_wconf 83' lang='lat' dir='ltr'>Choer.</span> 
     </span>
     <span class='ocr_line' id='line_1_34' title="bbox 479 3978 3066 4049; baseline -0.001 -14"><span class='ocrx_word' id='word_1_323' title='bbox 479 3988 609 4048; x_wconf 85' lang='lat'>461,</span> <span class='ocrx_word' id='word_1_324' title='bbox 648 3989 739 4047; x_wconf 85' lang='lat'>33,</span> <span class='ocrx_word' id='word_1_325' title='bbox 778 3984 954 4033; x_wconf 79' lang='lat' dir='ltr'><strong>Bekk.</strong></span> <span class='ocrx_word' id='word_1_326' title='bbox 989 3984 1090 4033; x_wconf 86' lang='lat' dir='ltr'>An.</span> <span class='ocrx_word' id='word_1_327' title='bbox 1132 3985 1287 4043; x_wconf 81' lang='grc'>1265,</span> <span class='ocrx_word' id='word_1_328' title='bbox 1334 3984 1429 4034; x_wconf 88' lang='lat' dir='ltr'>ubi</span> <span class='ocrx_word' id='word_1_329' title='bbox 1464 3982 1619 4046; x_wconf 79' lang='grc' dir='ltr'>ὅμως</span> <span class='ocrx_word' id='word_1_330' title='bbox 1658 3981 1744 4047; x_wconf 85' lang='grc' dir='ltr'>δέ,</span> <span class='ocrx_word' id='word_1_331' title='bbox 1793 3982 1873 4035; x_wconf 84' lang='grc' dir='ltr'>ὥς</span> <span class='ocrx_word' id='word_1_332' title='bbox 1909 3997 2078 4049; x_wconf 88' lang='grc' dir='ltr'>φηςιν</span> <span class='ocrx_word' id='word_1_333' title='bbox 2126 3983 2157 4034; x_wconf 91' lang='grc' dir='ltr'>ὁ</span> <span class='ocrx_word' id='word_1_334' title='bbox 2196 3980 2536 4047; x_wconf 84' lang='grc' dir='ltr'>Ἡρωδιανὸς</span> <span class='ocrx_word' id='word_1_335' title='bbox 2583 3978 2647 4032; x_wconf 81' lang='grc' dir='ltr'>ἐν</span> <span class='ocrx_word' id='word_1_336' title='bbox 2692 3983 2763 4046; x_wconf 77' lang='grc' dir='ltr'>τῇ</span> <span class='ocrx_word' id='word_1_337' title='bbox 2801 3978 3066 4044; x_wconf 85' lang='grc' dir='ltr'>καθόλου,</span> 
     </span>
     <span class='ocr_line' id='line_1_35' title="bbox 484 4047 3067 4117; baseline -0.002 -14"><span class='ocrx_word' id='word_1_338' title='bbox 484 4053 839 4117; x_wconf 89' lang='grc' dir='ltr'>περιςπῶςιν.</span> <span class='ocrx_word' id='word_1_339' title='bbox 911 4049 1176 4101; x_wconf 79' lang='lat' dir='ltr'><strong>Similiter</strong></span> <span class='ocrx_word' id='word_1_340' title='bbox 1210 4051 1286 4101; x_wconf 91' lang='lat' dir='ltr'>Io.</span> <span class='ocrx_word' id='word_1_341' title='bbox 1321 4050 1404 4099; x_wconf 83' lang='lat' dir='ltr'>Al.</span> <span class='ocrx_word' id='word_1_342' title='bbox 1447 4055 1526 4114; x_wconf 85' lang='lat'>19,</span> <span class='ocrx_word' id='word_1_343' title='bbox 1564 4055 1629 4103; x_wconf 86' lang='lat'>33</span> <span class='ocrx_word' id='word_1_344' title='bbox 1664 4050 1734 4101; x_wconf 86' lang='grc' dir='ltr'>τὸ</span> <span class='ocrx_word' id='word_1_345' title='bbox 1771 4048 2041 4115; x_wconf 87' lang='grc' dir='ltr'>φρεάτων</span> <span class='ocrx_word' id='word_1_346' title='bbox 2078 4048 2402 4114; x_wconf 79' lang='grc' dir='ltr'>ςυναιρεθὲν</span> <span class='ocrx_word' id='word_1_347' title='bbox 2447 4047 2509 4100; x_wconf 85' lang='grc' dir='ltr'>ἐν</span> <span class='ocrx_word' id='word_1_348' title='bbox 2552 4051 2625 4113; x_wconf 85' lang='grc' dir='ltr'>τῇ</span> <span class='ocrx_word' id='word_1_349' title='bbox 2665 4047 3067 4113; x_wconf 82' lang='grc' dir='ltr'>παραληγούςῃ</span> 
     </span>
     <span class='ocr_line' id='line_1_36' title="bbox 482 4112 3069 4186; baseline -0.002 -17"><span class='ocrx_word' id='word_1_350' title='bbox 482 4121 723 4186; x_wconf 88' lang='grc' dir='ltr'>φρητῶν</span> <span class='ocrx_word' id='word_1_351' title='bbox 761 4115 980 4183; x_wconf 83' lang='grc' dir='ltr'>ὀφείλει</span> <span class='ocrx_word' id='word_1_352' title='bbox 1018 4116 1359 4181; x_wconf 84' lang='grc' dir='ltr'>βαρύνεςθαι.</span> <span class='ocrx_word' id='word_1_353' title='bbox 1429 4116 1665 4183; x_wconf 84' lang='grc' dir='ltr'>εἴπομεν</span> <span class='ocrx_word' id='word_1_354' title='bbox 1700 4117 1807 4182; x_wconf 83' lang='grc' dir='ltr'>γὰρ</span> <span class='ocrx_word' id='word_1_355' title='bbox 1846 4116 1925 4169; x_wconf 85' lang='grc' dir='ltr'>ὡς</span> <span class='ocrx_word' id='word_1_356' title='bbox 1970 4117 2005 4181; x_wconf 82' lang='grc' dir='ltr'>ἡ</span> <span class='ocrx_word' id='word_1_357' title='bbox 2047 4118 2237 4182; x_wconf 85' lang='grc' dir='ltr'>βαρεῖα</span> <span class='ocrx_word' id='word_1_358' title='bbox 2273 4116 2364 4168; x_wconf 82' lang='grc' dir='ltr'>καὶ</span> <span class='ocrx_word' id='word_1_359' title='bbox 2411 4116 2562 4169; x_wconf 84' lang='grc' dir='ltr'>ὀξεῖα</span> <span class='ocrx_word' id='word_1_360' title='bbox 2599 4112 2677 4166; x_wconf 80' lang='grc' dir='ltr'>εἰς</span> <span class='ocrx_word' id='word_1_361' title='bbox 2723 4114 2910 4167; x_wconf 82' lang='grc' dir='ltr'>ὀξεῖαν</span> <span class='ocrx_word' id='word_1_362' title='bbox 2947 4129 3069 4166; x_wconf 90' lang='grc' dir='ltr'>ςυν-</span> 
     </span>
     <span class='ocr_line' id='line_1_37' title="bbox 480 4182 3069 4252; baseline -0.002 -13"><span class='ocrx_word' id='word_1_363' title='bbox 480 4190 793 4252; x_wconf 81' lang='grc' dir='ltr'>αιροῡνται·</span> <span class='ocrx_word' id='word_1_364' title='bbox 829 4187 937 4237; x_wconf 82' lang='grc' dir='ltr'>νῦν</span> <span class='ocrx_word' id='word_1_365' title='bbox 970 4185 1033 4236; x_wconf 78' lang='grc' dir='ltr'>δὲ</span> <span class='ocrx_word' id='word_1_366' title='bbox 1070 4184 1410 4249; x_wconf 84' lang='grc' dir='ltr'>παραλόγως</span> <span class='ocrx_word' id='word_1_367' title='bbox 1445 4188 1779 4251; x_wconf 85' lang='grc' dir='ltr'>περιςπᾶται</span> <span class='ocrx_word' id='word_1_368' title='bbox 1805 4184 2139 4236; x_wconf 86' lang='grc' dir='ltr'>ςυνεξελθὸν</span> <span class='ocrx_word' id='word_1_369' title='bbox 2173 4187 2260 4249; x_wconf 84' lang='grc' dir='ltr'>τῷ</span> <span class='ocrx_word' id='word_1_370' title='bbox 2289 4182 2552 4248; x_wconf 85' lang='grc' dir='ltr'>Κρητῶν,</span> <span class='ocrx_word' id='word_1_371' title='bbox 2591 4183 2786 4247; x_wconf 88' lang='grc' dir='ltr'>θητῶν</span> <span class='ocrx_word' id='word_1_372' title='bbox 2825 4182 2914 4233; x_wconf 76' lang='grc' dir='ltr'>καὶ</span> <span class='ocrx_word' id='word_1_373' title='bbox 2946 4185 3069 4234; x_wconf 88' lang='grc' dir='ltr'>ταῖς</span> 
     </span>
     <span class='ocr_line' id='line_1_38' title="bbox 483 4250 3070 4319; baseline -0.003 -12"><span class='ocrx_word' id='word_1_374' title='bbox 483 4253 713 4319; x_wconf 83' lang='grc' dir='ltr'>ὁμοίαις.</span> <span class='ocrx_word' id='word_1_375' title='bbox 886 4254 921 4303; x_wconf 87' lang='lat' dir='ltr'>l.</span> <span class='ocrx_word' id='word_1_376' title='bbox 962 4256 1160 4319; x_wconf 51' lang='lat' dir='ltr'>15†Q</span> <span class='ocrx_word' id='word_1_377' title='bbox 1206 4270 1274 4304; x_wconf 79' lang='lat' dir='ltr'>ex</span> <span class='ocrx_word' id='word_1_378' title='bbox 1309 4254 1388 4307; x_wconf 89' lang='lat'>10.</span> <span class='ocrx_word' id='word_1_379' title='bbox 1428 4254 1511 4303; x_wconf 80' lang='lat' dir='ltr'>Al.</span> <span class='ocrx_word' id='word_1_380' title='bbox 1547 4258 1638 4317; x_wconf 91' lang='grc'>20,</span> <span class='ocrx_word' id='word_1_381' title='bbox 1679 4258 1727 4305; x_wconf 85' lang='lat'>3.</span> <span class='ocrx_word' id='word_1_382' title='bbox 1797 4255 1862 4303; x_wconf 89' lang='lat' dir='ltr'>In</span> <span class='ocrx_word' id='word_1_383' title='bbox 1899 4253 2079 4303; x_wconf 82' lang='lat' dir='ltr'><strong>Schol.</strong></span> <span class='ocrx_word' id='word_1_384' title='bbox 2119 4252 2218 4304; x_wconf 87' lang='grc' dir='ltr'>ΗΡ</span> <span class='ocrx_word' id='word_1_385' title='bbox 2256 4252 2327 4301; x_wconf 79' lang='lat' dir='ltr'>ad</span> <span class='ocrx_word' id='word_1_386' title='bbox 2361 4250 2463 4302; x_wconf 91' lang='lat' dir='ltr'>Od.</span> <span class='ocrx_word' id='word_1_387' title='bbox 2503 4264 2529 4301; x_wconf 91' lang='grc' dir='ltr'>ε</span> <span class='ocrx_word' id='word_1_388' title='bbox 2566 4253 2665 4300; x_wconf 85' lang='grc'>248</span> <span class='ocrx_word' id='word_1_389' title='bbox 2703 4251 3070 4300; x_wconf 77' lang='lat' dir='ltr'><strong>catabibasmi</strong></span> 
     </span>
     <span class='ocr_line' id='line_1_39' title="bbox 481 4315 3069 4386; baseline -0.002 -12"><span class='ocrx_word' id='word_1_390' title='bbox 481 4325 658 4374; x_wconf 80' lang='lat' dir='ltr'>Ioniei</span> <span class='ocrx_word' id='word_1_391' title='bbox 692 4324 750 4373; x_wconf 87' lang='lat' dir='ltr'>in</span> <span class='ocrx_word' id='word_1_392' title='bbox 788 4321 976 4372; x_wconf 73' lang='lat' dir='ltr'><strong>dativo</strong></span> <span class='ocrx_word' id='word_1_393' title='bbox 1011 4319 1299 4386; x_wconf 81' lang='grc' dir='ltr'>ἁρμονιῇςι</span> <span class='ocrx_word' id='word_1_394' title='bbox 1324 4323 1525 4373; x_wconf 80' lang='lat' dir='ltr'><strong>mentio</strong></span> <span class='ocrx_word' id='word_1_395' title='bbox 1562 4321 1647 4371; x_wconf 81' lang='lat' dir='ltr'>fit:</span> <span class='ocrx_word' id='word_1_396' title='bbox 1686 4317 2268 4385; x_wconf 86' lang='grc' dir='ltr'>προπεριςπωμένως·</span> <span class='ocrx_word' id='word_1_397' title='bbox 2306 4317 2418 4370; x_wconf 81' lang='grc' dir='ltr'>ἐςτι</span> <span class='ocrx_word' id='word_1_398' title='bbox 2450 4316 2557 4382; x_wconf 85' lang='grc' dir='ltr'>γὰρ</span> <span class='ocrx_word' id='word_1_399' title='bbox 2593 4315 2801 4368; x_wconf 83' lang='grc' dir='ltr'>Ἰώνων</span> <span class='ocrx_word' id='word_1_400' title='bbox 2837 4317 2869 4368; x_wconf 88' lang='grc' dir='ltr'>ὁ</span> <span class='ocrx_word' id='word_1_401' title='bbox 2903 4331 3069 4369; x_wconf 88' lang='grc' dir='ltr'>κατα-</span> 
     </span>
     <span class='ocr_line' id='line_1_40' title="bbox 485 4385 3072 4455; baseline -0.002 -14"><span class='ocrx_word' id='word_1_402' title='bbox 485 4390 757 4455; x_wconf 83' lang='grc' dir='ltr'>βιβαςμός.</span> <span class='ocrx_word' id='word_1_403' title='bbox 829 4390 1082 4440; x_wconf 79' lang='lat' dir='ltr'><strong>Conferri</strong></span> <span class='ocrx_word' id='word_1_404' title='bbox 1116 4393 1349 4455; x_wconf 79' lang='lat' dir='ltr'><strong>possunt</strong></span> <span class='ocrx_word' id='word_1_405' title='bbox 1385 4385 1452 4439; x_wconf 80' lang='grc' dir='ltr'>ἰῶ</span> <span class='ocrx_word' id='word_1_406' title='bbox 1490 4388 1563 4454; x_wconf 77' lang='grc' dir='ltr'>ἰῇ.</span> <span class='ocrx_word' id='word_1_407' title='bbox 1731 4390 1766 4439; x_wconf 91' lang='lat' dir='ltr'>l.</span> <span class='ocrx_word' id='word_1_408' title='bbox 1804 4387 1994 4441; x_wconf 79' lang='lat'>26—1.</span> <span class='ocrx_word' id='word_1_409' title='bbox 2032 4391 2064 4437; x_wconf 79' lang='lat'><strong>2</strong></span> <span class='ocrx_word' id='word_1_410' title='bbox 2102 4402 2227 4452; x_wconf 77' lang='lat' dir='ltr'>pag.</span> <span class='ocrx_word' id='word_1_411' title='bbox 2262 4401 2380 4451; x_wconf 79' lang='lat' dir='ltr'>seq.</span> <span class='ocrx_word' id='word_1_412' title='bbox 2415 4385 2607 4442; x_wconf 70' lang='grc' dir='ltr'>κλιτῦς</span> <span class='ocrx_word' id='word_1_413' title='bbox 2644 4400 2712 4434; x_wconf 82' lang='lat' dir='ltr'>ex</span> <span class='ocrx_word' id='word_1_414' title='bbox 2746 4385 2824 4435; x_wconf 90' lang='lat'>10.</span> <span class='ocrx_word' id='word_1_415' title='bbox 2860 4385 2946 4439; x_wconf 86' lang='lat' dir='ltr'>Al.</span> <span class='ocrx_word' id='word_1_416' title='bbox 2986 4389 3072 4448; x_wconf 80' lang='lat'>20,</span> 
     </span>
     <span class='ocr_line' id='line_1_41' title="bbox 485 4442 3068 4520; baseline -0.002 -11"><span class='ocrx_word' id='word_1_417' title='bbox 485 4462 565 4511; x_wconf 84' lang='lat'>15.</span> <span class='ocrx_word' id='word_1_418' title='bbox 602 4487 665 4496; x_wconf 94' lang='lat'>—</span> <span class='ocrx_word' id='word_1_419' title='bbox 707 4459 774 4509; x_wconf 84' lang='lat' dir='ltr'>de</span> <span class='ocrx_word' id='word_1_420' title='bbox 811 4458 1002 4509; x_wconf 76' lang='grc' dir='ltr'>κλιτῦς</span> <span class='ocrx_word' id='word_1_421' title='bbox 1039 4457 1110 4507; x_wconf 80' lang='lat' dir='ltr'>cf.</span> <span class='ocrx_word' id='word_1_422' title='bbox 1146 4458 1212 4507; x_wconf 89' lang='lat' dir='ltr'>Il.</span> <span class='ocrx_word' id='word_1_423' title='bbox 1248 4459 1403 4510; x_wconf 81' lang='lat' dir='ltr'>Pros,</span> <span class='ocrx_word' id='word_1_424' title='bbox 1426 4442 1486 4508; x_wconf 86' lang='grc' dir='ltr'>Π</span> <span class='ocrx_word' id='word_1_425' title='bbox 1509 4459 1633 4508; x_wconf 84' lang='grc' dir='ltr'>39οε</span> <span class='ocrx_word' id='word_1_426' title='bbox 1672 4455 1844 4520; x_wconf 80' lang='grc' dir='ltr'>ἐχρῆν</span> <span class='ocrx_word' id='word_1_427' title='bbox 1882 4455 1984 4519; x_wconf 80' lang='grc' dir='ltr'>μὲν</span> <span class='ocrx_word' id='word_1_428' title='bbox 2020 4454 2108 4506; x_wconf 82' lang='grc' dir='ltr'>διὰ</span> <span class='ocrx_word' id='word_1_429' title='bbox 2142 4453 2212 4505; x_wconf 86' lang='grc' dir='ltr'>τὸ</span> <span class='ocrx_word' id='word_1_430' title='bbox 2250 4453 2476 4505; x_wconf 84' lang='grc' dir='ltr'>κλιτύας</span> <span class='ocrx_word' id='word_1_431' title='bbox 2513 4451 2723 4516; x_wconf 81' lang='grc' dir='ltr'>οὐρῆας</span> <span class='ocrx_word' id='word_1_432' title='bbox 2760 4450 2853 4518; x_wconf 79' lang='grc' dir='ltr'>(οὐ</span> <span class='ocrx_word' id='word_1_433' title='bbox 2921 4449 3068 4517; x_wconf 65' lang='grc' dir='ltr'>ίαςῗ)</span> 
     </span>
     <span class='ocr_line' id='line_1_42' title="bbox 485 4518 3067 4591; baseline -0.003 -13"><span class='ocrx_word' id='word_1_434' title='bbox 485 4528 848 4591; x_wconf 84' lang='grc' dir='ltr'>περιςπᾶςθαι</span> <span class='ocrx_word' id='word_1_435' title='bbox 884 4524 954 4575; x_wconf 90' lang='grc' dir='ltr'>τὸ</span> <span class='ocrx_word' id='word_1_436' title='bbox 992 4525 1209 4589; x_wconf 81' lang='grc' dir='ltr'>κλιτῦς,</span> <span class='ocrx_word' id='word_1_437' title='bbox 1256 4522 1583 4590; x_wconf 86' lang='grc' dir='ltr'>ἀνεγνώςθη</span> <span class='ocrx_word' id='word_1_438' title='bbox 1630 4523 1691 4575; x_wconf 82' lang='grc' dir='ltr'>δὲ</span> <span class='ocrx_word' id='word_1_439' title='bbox 1738 4522 1875 4575; x_wconf 85' lang='grc' dir='ltr'>κατ’</span> <span class='ocrx_word' id='word_1_440' title='bbox 1910 4521 2097 4576; x_wconf 86' lang='grc' dir='ltr'>ὁξείαν</span> <span class='ocrx_word' id='word_1_441' title='bbox 2132 4520 2288 4573; x_wconf 88' lang='grc' dir='ltr'>τάςιν</span> <span class='ocrx_word' id='word_1_442' title='bbox 2336 4520 2399 4573; x_wconf 85' lang='grc' dir='ltr'>ἐν</span> <span class='ocrx_word' id='word_1_443' title='bbox 2435 4518 2697 4584; x_wconf 80' lang='grc' dir='ltr'>ἐγκλίςει,</span> <span class='ocrx_word' id='word_1_444' title='bbox 2736 4519 2844 4584; x_wconf 87' lang='grc' dir='ltr'>ὁμο</span> <span class='ocrx_word' id='word_1_445' title='bbox 2869 4534 2948 4571; x_wconf 93' lang='grc' dir='ltr'>ως</span> <span class='ocrx_word' id='word_1_446' title='bbox 2981 4523 3067 4586; x_wconf 82' lang='grc' dir='ltr'>τῷ</span> 
     </span>
     <span class='ocr_line' id='line_1_43' title="bbox 484 4586 3066 4710; baseline -0.002 -66"><span class='ocrx_word' id='word_1_447' title='bbox 484 4595 792 4660; x_wconf 72' lang='grc' dir='ltr'>«κνημῖδας</span> <span class='ocrx_word' id='word_1_448' title='bbox 829 4590 1048 4659; x_wconf 77' lang='grc' dir='ltr'>ῥαπτὰς</span> <span class='ocrx_word' id='word_1_449' title='bbox 1083 4591 1307 4656; x_wconf 81' lang='grc' dir='ltr'>δέδετο,</span> <span class='ocrx_word' id='word_1_450' title='bbox 1344 4592 1599 4710; x_wconf 55' lang='grc' dir='ltr'>γίραπτὺς</span> <span class='ocrx_word' id='word_1_451' title='bbox 1643 4590 1960 4645; x_wconf 75' lang='grc' dir='ltr'>ἀλεείνων»</span> <span class='ocrx_word' id='word_1_452' title='bbox 1999 4591 2125 4659; x_wconf 82' lang='lat' dir='ltr'><strong>(Od.</strong></span> <span class='ocrx_word' id='word_1_453' title='bbox 2163 4605 2210 4641; x_wconf 91' lang='grc' dir='ltr'>ω</span> <span class='ocrx_word' id='word_1_454' title='bbox 2246 4592 2386 4652; x_wconf 88' lang='grc'>228).</span> <span class='ocrx_word' id='word_1_455' title='bbox 2429 4589 2492 4638; x_wconf 88' lang='lat' dir='ltr'>A.</span> <span class='ocrx_word' id='word_1_456' title='bbox 2536 4588 2783 4652; x_wconf 80' lang='grc' dir='ltr'>ςχόλιον’</span> <span class='ocrx_word' id='word_1_457' title='bbox 2829 4586 2893 4639; x_wconf 80' lang='grc' dir='ltr'>ἐν</span> <span class='ocrx_word' id='word_1_458' title='bbox 2939 4586 3066 4652; x_wconf 90' lang='grc' dir='ltr'>μέν-</span> 
     </span>
     <span class='ocr_line' id='line_1_44' title="bbox 485 4654 3067 4729; baseline -0.002 -17"><span class='ocrx_word' id='word_1_459' title='bbox 485 4676 572 4714; x_wconf 88' lang='grc' dir='ltr'>τοι</span> <span class='ocrx_word' id='word_1_460' title='bbox 616 4666 689 4729; x_wconf 78' lang='grc' dir='ltr'>τῇ</span> <span class='ocrx_word' id='word_1_461' title='bbox 739 4662 1091 4726; x_wconf 81' lang='grc' dir='ltr'>Ὀδυςςειακῇ</span> <span class='ocrx_word' id='word_1_462' title='bbox 1138 4659 1364 4726; x_wconf 86' lang='grc' dir='ltr'>προςῳδ</span> <span class='ocrx_word' id='word_1_463' title='bbox 1387 4676 1423 4725; x_wconf 87' lang='grc' dir='ltr'>ᾳ</span> <span class='ocrx_word' id='word_1_464' title='bbox 1470 4662 1736 4724; x_wconf 92' lang='grc' dir='ltr'>φανερῶς</span> <span class='ocrx_word' id='word_1_465' title='bbox 1789 4659 1860 4710; x_wconf 86' lang='grc' dir='ltr'>τὸ</span> <span class='ocrx_word' id='word_1_466' title='bbox 1903 4674 1939 4721; x_wconf 88' lang='grc' dir='ltr'>γ</span> <span class='ocrx_word' id='word_1_467' title='bbox 2015 4661 2159 4710; x_wconf 85' lang='grc' dir='ltr'>πτῠς</span> <span class='ocrx_word' id='word_1_468' title='bbox 2205 4660 2445 4724; x_wconf 81' lang='grc' dir='ltr'>περιςπᾷ</span> <span class='ocrx_word' id='word_1_469' title='bbox 2491 4654 2581 4708; x_wconf 85' lang='grc' dir='ltr'>καί</span> <span class='ocrx_word' id='word_1_470' title='bbox 2627 4670 2796 4721; x_wconf 87' lang='grc' dir='ltr'>φηςιν</span> <span class='ocrx_word' id='word_1_471' title='bbox 2842 4655 2930 4708; x_wconf 87' lang='grc' dir='ltr'>ὅτι</span> <span class='ocrx_word' id='word_1_472' title='bbox 2980 4654 3067 4722; x_wconf 84' lang='grc' dir='ltr'>εἴη</span> 
     </span>
     <span class='ocr_line' id='line_1_45' title="bbox 488 4674 3069 4795; baseline -0.001 -16"><span class='ocrx_word' id='word_1_473' title='bbox 488 4728 725 4795; x_wconf 82' lang='grc' dir='ltr'>εἰρηκὼς</span> <span class='ocrx_word' id='word_1_474' title='bbox 762 4727 842 4782; x_wconf 83' lang='grc' dir='ltr'>ὡς</span> <span class='ocrx_word' id='word_1_475' title='bbox 877 4729 968 4780; x_wconf 79' lang='grc' dir='ltr'>καὶ</span> <span class='ocrx_word' id='word_1_476' title='bbox 1002 4728 1072 4779; x_wconf 87' lang='grc' dir='ltr'>τὸ</span> <span class='ocrx_word' id='word_1_477' title='bbox 1119 4730 1310 4779; x_wconf 76' lang='grc' dir='ltr'>κλιτῦς</span> <span class='ocrx_word' id='word_1_478' title='bbox 1357 4727 1441 4779; x_wconf 84' lang='grc' dir='ltr'>δεῖ</span> <span class='ocrx_word' id='word_1_479' title='bbox 1483 4729 1862 4793; x_wconf 85' lang='grc' dir='ltr'>περιςπᾶςθαι.</span> <span class='ocrx_word' id='word_1_480' title='bbox 1932 4674 2247 4791; x_wconf 53' lang='grc' dir='ltr'>ιξΐιφίβολον</span> <span class='ocrx_word' id='word_1_481' title='bbox 2291 4725 2397 4776; x_wconf 86' lang='grc' dir='ltr'>οὖν</span> <span class='ocrx_word' id='word_1_482' title='bbox 2443 4723 2546 4790; x_wconf 83' lang='grc' dir='ltr'>ἐφ’</span> <span class='ocrx_word' id='word_1_483' title='bbox 2583 4724 2746 4776; x_wconf 86' lang='grc' dir='ltr'>ἑκατέ</span> <span class='ocrx_word' id='word_1_484' title='bbox 2786 4739 2869 4775; x_wconf 88' lang='grc' dir='ltr'>ων</span> <span class='ocrx_word' id='word_1_485' title='bbox 2907 4723 2939 4775; x_wconf 85' lang='grc' dir='ltr'>ὁ</span> <span class='ocrx_word' id='word_1_486' title='bbox 2974 4723 3069 4776; x_wconf 85' lang='grc' dir='ltr'>τὸ-</span> 
     </span>
     <span class='ocr_line' id='line_1_46' title="bbox 487 4790 3066 4863; baseline -0.001 -17"><span class='ocrx_word' id='word_1_487' title='bbox 487 4810 608 4847; x_wconf 90' lang='grc' dir='ltr'>νος·</span> <span class='ocrx_word' id='word_1_488' title='bbox 647 4796 695 4849; x_wconf 75' lang='grc' dir='ltr'>εἰ</span> <span class='ocrx_word' id='word_1_489' title='bbox 728 4797 835 4862; x_wconf 83' lang='grc' dir='ltr'>γὰρ</span> <span class='ocrx_word' id='word_1_490' title='bbox 870 4799 988 4848; x_wconf 88' lang='grc' dir='ltr'>τοῖς</span> <span class='ocrx_word' id='word_1_491' title='bbox 1026 4795 1286 4863; x_wconf 42' lang='grc' dir='ltr'>ἐνταῦθακ</span> <span class='ocrx_word' id='word_1_492' title='bbox 1307 4792 1618 4861; x_wconf 79' lang='grc' dir='ltr'>εἰρημένοις</span> <span class='ocrx_word' id='word_1_493' title='bbox 1654 4795 2033 4860; x_wconf 86' lang='grc' dir='ltr'>πειςθείημεν,</span> <span class='ocrx_word' id='word_1_494' title='bbox 2072 4793 2256 4846; x_wconf 77' lang='grc' dir='ltr'>ἐκεῖνο</span> <span class='ocrx_word' id='word_1_495' title='bbox 2290 4792 2573 4858; x_wconf 58' lang='grc' dir='ltr'>ἀνθέλκεν,</span> <span class='ocrx_word' id='word_1_496' title='bbox 2613 4791 2664 4845; x_wconf 76' lang='grc' dir='ltr'>εἰ</span> <span class='ocrx_word' id='word_1_497' title='bbox 2706 4792 2737 4843; x_wconf 91' lang='grc' dir='ltr'>δ</span> <span class='ocrx_word' id='word_1_498' title='bbox 2815 4790 3066 4858; x_wconf 81' lang='grc' dir='ltr'>ἐκείνοις,</span> 
     </span>
     <span class='ocr_line' id='line_1_47' title="bbox 487 4862 1316 4919; baseline 0.005 -4"><span class='ocrx_word' id='word_1_499' title='bbox 487 4867 661 4917; x_wconf 81' lang='grc' dir='ltr'>τοῦτο</span> <span class='ocrx_word' id='word_1_500' title='bbox 696 4863 864 4917; x_wconf 87' lang='grc' dir='ltr'>πάλιν</span> <span class='ocrx_word' id='word_1_501' title='bbox 900 4862 1218 4916; x_wconf 84' lang='grc' dir='ltr'>ἀντίκειται.</span> <span class='ocrx_word' id='word_1_502' title='bbox 1253 4867 1316 4919; x_wconf 83' lang='grc' dir='ltr'>Δ.</span> 
     </span>
    </p>
   </div>
  </div>
 </body>
</html>
