3664 5546
666 295 793 359 416
1604 294 1686 348 ΕΚ
1724 292 1865 348 ΤΩΝ
1909 293 2320 350 ΗΡΩΔΙΑΝΟΥ

670 465 919 543 ἰχθύν·
981 463 1271 531 ὀξύνεται
1316 465 1439 542 γὰρ
1496 465 1673 542 παρὰ
1715 464 2057 549 Πινδάρῳ,
2115 463 2254 527 ἐπεὶ
2300 464 2500 544 βραχὺ
2543 465 2619 528 τὸ
2665 467 2704 528 fi
2748 467 2859 543 τῆς
2899 464 3267 549 αἰτιατικῆς,

664 570 777 644 τῆς
822 565 1069 630 εὐθείας
1113 568 1357 644 μακρὸν
1401 564 1672 644 ἐχούςης
1717 566 1819 628 καὶ
1862 564 2251 643 παραλόγως
2295 565 2790 645 περιςπωμένης.

833 665 907 731 Αἱ
952 667 1040 732 εἰς
1082 669 1122 745 ἦ
1167 668 1470 746 λήγουςαι
1516 666 1875 748 αἰτιατικαί,
1928 665 1981 729 εἰ
2027 667 2142 745 μὲν
2186 665 2318 731 ἀπὸ
2364 666 2644 732 ἐντελῶν
2690 667 2800 731 εἰςι
2845 674 3262 746 προπαροξυ-

510 831 524 840 ,
665 769 992 850 νομένων,
1036 769 1638 846 προπαροξύνονται
1683 768 1754 832 ἐν
1799 774 1875 851 τῇ
1908 769 2251 846 ςυναιρέςει
2298 766 2442 832 οἶον
2484 768 2821 847 Διομήδεα
2862 770 3263 852 Διομήδη,

604 883 637 932 5
668 869 1126 948 Ἀριςτοφάνεα
1157 863 1703 951 Ἀριςτοφάνη,
1734 868 2153 948 Δημοςθένεα
2185 869 2687 952 Δημοςθένη,
2735 868 3069 946 (ωκράτεα
3099 870 3260 933 (ω-

664 971 930 1054 κράτη,
988 970 1042 1035 εἰ
1098 973 1169 1035 δὲ
1225 971 1356 1035 ἀπὸ
1412 971 1693 1035 ἐντελῶν
1750 970 1860 1034 εἰςι
1912 972 2491 1052 παροξυνομένων,
2557 977 2986 1048 περιςπῶνται
3043 971 3112 1035 ἐν
3172 977 3260 1056 τῇ

663 1073 1006 1150 ςυναιρέςει
1040 1072 1298 1152 εὐςεβέα
1342 1073 1647 1154 εὐςεβῆ,
1692 1070 1962 1136 ἀςθενέα
2007 1070 2319 1153 ἀςθενῆ,
2365 1071 2636 1150 εὐτυχέα
2681 1072 2998 1154 εὐτυχῆ,
3042 1072 3261 1135 Τυδέα

661 1174 868 1251 Τυδῆ
914 1174 1228 1251 Δωρικῶς
1260 1173 1439 1238 «ἔνθ’
1485 1172 1634 1237 αὖτ’
1677 1171 1980 1251 ἀγγελίην
2023 1171 2126 1264 ἔπι
2156 1173 2329 1250 Τυδῆ
2361 1175 2610 1237 ςτεῑλαν
2642 1173 2924 1250 Ἀχαιοί»
2956 1173 3047 1254 (Δ
3076 1171 3258 1253 384).

828 1274 902 1338 Αἱ
947 1274 1034 1337 εἰς
1087 1277 1142 1337 (Is
1199 1273 1529 1338 αἰτιατικαὶ
1583 1273 1714 1337 ἀπὸ
1770 1273 2049 1338 ἐντελῶν
2105 1273 2194 1338 εἰς
2249 1273 2289 1335 ἇ
2334 1277 2523 1337 πᾶςαι
2569 1275 2989 1338 πεπόνθαςιν·
3040 1275 3079 1352 ἡ
3122 1274 3257 1351 γὰρ

563 1388 628 1439 10
663 1375 1006 1440 Ἀπόλλω
1062 1376 1164 1438 καὶ
1206 1375 1564 1439 Ποςειδῶ
1619 1374 1721 1438 καὶ
1776 1378 2021 1438 κυκεῶ
2079 1376 2180 1438 καὶ
2235 1374 2299 1438 αἱ
2354 1376 2781 1453 παραπλήςιοι
2829 1375 3255 1439 ἀποκοπεῖςαι

664 1476 782 1540 οὐκ
824 1478 1103 1555 ἤμειψαν
1132 1480 1264 1540 τῶν
1297 1476 1674 1554 ὁλοκλήρων
1706 1475 1821 1539 τὸν
1861 1474 2076 1539 τόνον.
2132 1475 2171 1552 ἡ
2219 1477 2290 1539 δὲ
2333 1475 2439 1552 ἠῶ
2484 1477 2587 1540 καὶ
2632 1476 2824 1540 αἰδῶ
2870 1478 3255 1560 ςυνῄρηνται

662 1576 793 1642 ἀπὸ
837 1581 947 1656 τῆς
991 1576 1116 1654 ἠόα
1169 1578 1271 1641 καὶ
1323 1576 1540 1658 αἰδόα,
1599 1577 1750 1641 ὅθεν
1805 1580 2251 1653 περιςπῶνται.
2340 1576 2507 1641 ἀλλὰ
2562 1581 2665 1643 καὶ
2717 1580 2833 1656 τὴν
2878 1578 3093 1656 Λητώ
3145 1577 3256 1640 καὶ

662 1899 889 1964 ληκτεῖν
925 1900 1031 1963 τήν
1071 1899 1235 1963 μῆνιν
1272 1898 1415 1950 κατὰ
1452 1896 1798 1962 Ἡρωδιανὸν
1834 1900 2114 1949 τοιοῦτος·
2163 1897 2234 1948 τὰ
2269 1897 2348 1949 εἰς
2386 1901 2436 1948 ἵν
2474 1896 2722 1963 λήγοντα
2758 1899 2878 1950 κτλ.
2950 1899 3020 1949 cf.
3056 1893 3265 1950 Dichr.‘

659 1970 778 2028 298,
816 1969 883 2017 24
907 1966 988 2018 ’τὰ
1023 1965 1102 2018 εἰς
1138 1970 1186 2018 ις’
1221 1966 1472 2029 λήγοντα
1519 1965 1799 2031 βαρύτονα
1846 1965 1932 2017 ἀεὶ
1978 1964 2259 2017 ςυςτέλλει
2303 1965 2374 2016 τὸ
2416 1969 2462 2030 ἴ,
2503 1965 2551 2017 εἰ
2598 1967 2671 2030 μή
2720 1966 2959 2018 ςύνθετα
3004 1965 3253 2030 ὑπάρχοι

660 2033 716 2086 ἐξ
754 2033 956 2086 ἁπλῶν
993 2033 1370 2085 ἐκτεινόντων
1405 2034 1474 2084 τό
1511 2037 1561 2096 ῖ,
1601 2033 1780 2094 κόνις,
1817 2034 2000 2098 δῆρις,
2041 2032 2261 2096 μάντις,
2301 2032 2481 2097 ὄρχις,
2522 2032 2677 2097 ὄφις,
2717 2032 2935 2099 λάτρις,
2975 2033 3139 2098 ὅρνις.
3177 2034 3249 2098 ΙΙ,

658 2104 748 2152 Pr.
787 2101 825 2153 Κ
863 2105 962 2152 292
998 2102 1352 2164 Πτολεμαῖος
1390 2101 1422 2152 ό
1457 2106 1560 2153 τοῦ
1603 2100 1911 2165 Ὀροάνδου
1949 2099 2170 2162 ἀνέγνω
2207 2101 2335 2164 ῆνιν
2372 2099 2450 2152 ὡς
2490 2103 2655 2164 μῆνιν
2692 2102 2781 2152 καί
2818 2105 2990 2153 τοῦτο
3026 2100 3251 2166 ὀφείλει

660 2168 806 2220 εἶναι
841 2169 910 2220 τὸ
946 2168 1244 2231 ἀνάλογον.
1313 2167 1646 2234 Τυραννίων
1683 2168 1744 2219 δέ
1781 2168 1967 2220 ὁξύνει
2002 2169 2110 2232 τήν
2147 2168 2401 2233 πρώτην.
2439 2196 2500 2205 —-
2539 2167 2681 2232 τάχα
2727 2169 2832 2221 οὖν
2876 2168 2946 2220 τὸ
2991 2169 3117 2233 ἤνιν
3154 2169 3249 2220 ἐκ-

657 2235 828 2289 τείνει
876 2237 907 2288 ὁ
944 2235 1277 2301 Τυραννίων
1313 2236 1402 2288 διὰ
1437 2237 1507 2287 τὸ
1546 2235 1778 2300 μέτρον,
1818 2235 1942 2299 οὐχὶ
1979 2234 2070 2286 διὰ
2103 2236 2173 2286 τὸ
2210 2236 2596 2300 πληθυντικόν
2632 2237 2797 2300 «ἤνις
2842 2235 3118 2300 ήκέςτας»
3155 2237 3249 2299 (Ῑί.

657 2303 704 2356 Ζ
739 2306 827 2369 94)
865 2304 955 2355 καί
991 2305 1097 2368 γάρ
1135 2304 1299 2356 πόλῑς
1347 2305 1437 2355 καί
1483 2301 1653 2356 πόλῖν
1699 2303 1788 2355 καὶ
1838 2301 2033 2365 μάντῑς
2080 2302 2295 2365 μάντῖν.
2364 2306 2450 2353 De
2496 2305 2741 2356 Aeolieie
2786 2306 3122 2355 accusativis
3169 2306 3250 2354 cf.

656 2373 873 2425 Ahrens
911 2372 976 2422 de
1017 2373 1147 2422 dial.
1185 2373 1338 2423 Aeol.
1379 2376 1474 2424 113
1511 2388 1631 2422 oum
1668 2378 1778 2426 not.
1816 2375 1864 2422 3.
1902 2397 1967 2407 —-
2005 2373 2090 2421 De
2138 2368 2296 2434 ἰχθύν
2341 2372 2412 2421 es.
2459 2364 2654 2421 Choer.
2690 2375 2819 2436 423,
2860 2375 2923 2422 15
2968 2373 3061 2437 qui
3104 2373 3249 2421 citat
3322 2424 3337 2429 ,

659 2441 829 2490 verba
857 2438 1016 2502 ἰχθὺν
1046 2438 1370 2503 παιδοφύγα
1396 2448 1622 2490 auctore
1653 2440 1841 2489 tacito.
1894 2438 2043 2503 apud
2066 2440 2145 2488 Io.
2172 2439 2256 2488 Al.
2294 2455 2391 2502 pro
2416 2437 2790 2502 παροξύνεται
2826 2440 3017 2504 scripsi
3055 2437 3248 2491 ὀξύνε-

656 2522 761 2558 ται.
909 2507 946 2557 1.
983 2509 1116 2558 3-8
1153 2505 1360 2571 εὐτυχῆ
1399 2524 1465 2557 ex
1504 2508 1700 2557 Choer.
1735 2510 1866 2566 423,
1902 2511 1996 2570 26,
2035 2504 2219 2558 Τυδέα
2256 2505 2406 2569 Τυδῆ
2446 2508 2678 2571 apposui
2716 2523 2783 2557 ex
2818 2507 2880 2570 11.
2923 2510 3011 2560 Pr.
3040 2505 3085 2558 Ο
3110 2510 3245 2558 339:

659 2574 941 2640 Μηκιςτῆ;
994 2571 1203 2636 ὁμοίως
1249 2578 1333 2640 τῷ
1381 2574 1548 2625 «ἔνθ’
1593 2572 1728 2624 αὖτ’
1770 2571 2039 2638 ἀγγελίην
2083 2573 2176 2624 ἐπι
2212 2573 2365 2638 Τυδῆ
2413 2574 2635 2625 ςτεῑλαν
2684 2572 2933 2638 Ἀχαιοί»
2980 2574 3068 2625 καὶ
3112 2574 3246 2636 ἤτοι

659 2640 923 2705 ἀπεκόπη
960 2641 995 2703 ή
1036 2641 1330 2706 Μηκιςτῆα
1365 2640 1643 2704 αἰτιατική
1680 2641 1715 2704 ἢ
1752 2640 2030 2704 Δωρικῶς
2066 2641 2338 2705 κέκλιται,
2377 2640 2520 2704 ὅπερ
2559 2657 2648 2704 μοι
2683 2642 2835 2693 δοκεῖ
2870 2640 3115 2706 ἄμεινον.

659 2711 694 2763 1.
732 2713 904 2775 9—p.
938 2712 1037 2760 417
1076 2710 1110 2763 l.
1149 2712 1181 2760 8
1218 2725 1283 2758 ex
1320 2711 1398 2759 10.
1436 2709 1520 2759 Al.
1563 2711 1651 2770 12,
1689 2711 1783 2769 28ς
1820 2710 1984 2759 initio
2021 2707 2137 2760 ἀπὸ
2181 2709 2432 2760 ἐντελῶν
2479 2711 2704 2763 inserui.
2743 2737 2808 2745 --
2844 2710 2912 2760 de
2948 2711 3131 2761 κυκεῶ
3167 2710 3245 2759 ef.

653 2779 720 2831 11,
757 2781 908 2829 Pros.
945 2777 988 2829 Λ
1039 2781 1163 2828 641:
1210 2777 1280 2828 τὸ
1327 2780 1512 2829 κυκεῶ
1559 2775 1992 2841 περιςπαςτέον,
2038 2779 2141 2827 τοθ
2186 2776 2294 2840 γὰρ
2340 2778 2599 2828 κυκεῶνά
2643 2777 2792 2829 ἐςτιν
2835 2776 3099 2842 ἀποκοπή
3147 2778 3245 2829 καί

656 2844 961 2897 ἐπλεόναςε
997 2844 1066 2895 τὸ
1105 2848 1153 2896 ῖ.
1201 2847 1282 2896 De
1321 2845 1408 2909 ἠῶ
1445 2843 1585 2895 αἰδῶ
1623 2846 1694 2897 ef.
1734 2845 1798 2895 11.
1828 2847 1919 2895 Pr.
1955 2842 1995 2895 Β
2031 2846 2157 2894 262:
2192 2842 2362 2895 αἰδῶ;
2405 2842 2757 2909 Ἀρίςταρχος
2795 2844 3243 2910 περιςπωμένως

654 2910 1021 2975 ἀναγινώςκει
1067 2909 1279 2975 ὁμοίως
1325 2914 1415 2964 καὶ
1459 2911 1529 2963 τὸ
1575 2912 1704 2976 «ἠῶ
1759 2911 1884 2962 δῖαν
1932 2911 2167 2975 ἔμιμνε»
2215 2913 2302 2974 (11.
2349 2911 2361 2963 Ι
2409 2914 2550 2974 662).
2632 2913 2723 2964 καὶ
2768 2913 2929 2977 ἡμεῖς
2972 2912 3034 2964 δέ
3077 2911 3241 2978 αὐτῷ

655 2979 1180 3043 ςυγκατατιθέμεθα.
1249 2979 1539 3031 Διονύςιος
1574 2979 1637 3029 δὲ
1673 2979 1705 3030 ό
1743 2976 2008 3032 (ιδώνιος
2043 2978 2243 3031 όξύνει.
2313 2977 2613 3043 Πάμφιλος
2658 2980 2721 3031 δέ
2767 2979 2944 3032 πάςας
2989 2979 3090 3032 τὰς
3122 2994 3241 3031 τοι-

654 3048 829 3099 αὐτας
852 3046 1159 3099 αἰτιατικὰς
1185 3050 1426 3112 περιςπᾷ
1461 3046 1673 3110 «Λητῶ
1708 3047 1814 3110 γάρ
1850 3046 1909 3097 δ’
1932 3047 2182 3111 ῆλκηςε»
2221 3047 2346 3110 (Od.
2385 3047 2415 3097 λ
2453 3047 2575 3111 589)
2614 3048 2704 3099 καὶ
2741 3048 2961 3100 «Πυθῶ
2999 3046 3059 3099 δ’
3083 3047 3241 3111 ἐρχο-

656 3115 875 3179 μένην»
914 3115 1067 3180 (ibid.
1105 3116 1244 3178 581),
1283 3113 1434 3176 ἐπεί,
1473 3112 1633 3178 φηςί,
1672 3113 1863 3178 Λητόα
1899 3113 2012 3165 ἐςτὶ
2050 3114 2141 3164 καὶ
2176 3113 2391 3165 Πυθόα.
2438 3114 2730 3167 Διονύςιος
2765 3114 2827 3167 δ’
2859 3116 2891 3166 ὁ
2917 3114 3063 3179 Θρᾶξ
3101 3115 3239 3181 φηςί

655 3183 842 3234 κακῶς
879 3181 1260 3244 ἀνεγνωκέναι
1299 3180 1657 3245 Ἀρίςταρχον
1692 3181 1836 3233 κατὰ
1870 3181 1976 3231 τὰν
2012 3182 2442 3245 περιςπώμενον
2483 3182 2657 3234 τόνον
2701 3183 2769 3234 τὸ
2819 3182 2922 3246 μὲν
2966 3169 3106 3234 αίδῶ
3145 3182 3238 3233 καὶ

653 3251 769 3314 ἠῶ,
806 3249 879 3300 τὰ
913 3249 974 3301 δὲ
1020 3248 1164 3301 ἄλλα
1207 3249 1341 3300 κατ’
1376 3249 1562 3302 ὀξεῖαν
1606 3249 1788 3313 τάςιν,
1817 3247 2015 3300 ’Πυθώ
2063 3249 2255 3313 Λητώ·
2303 3249 2473 3313 ἐχρῆν
2522 3249 2627 3314 γάρ
2674 3265 2808 3316 φηςι
2854 3248 3065 3313 ὁμοίως
3110 3249 3239 3302 ἀνε-

652 3316 949 3380 γνωκέναι.
1027 3315 1131 3368 οὐκ
1177 3317 1240 3368 εὖ
1286 3316 1347 3368 δὲ
1395 3317 1672 3380 μέμφεται
1715 3319 1800 3366 τῶ
1849 3315 2216 3381 Ἀριςτάρχῳ,
2264 3314 2379 3379 εἴγε
2434 3316 2540 3382 ἤδη
2595 3317 2852 3383 διάφοροι
2905 3316 2962 3369 αἱ
3007 3316 3234 3381 εὐθεῖαι,

652 3386 771 3450 ήώς
807 3383 1004 3447 αἰδώς,
1044 3384 1212 3448 Λητώ
1249 3383 1310 3435 δέ
1354 3385 1444 3435 καὶ
1489 3382 1683 3436 Πυθώ.
1754 3367 1903 3435 ἐςτιν
1948 3386 2052 3435 οῦν
2098 3383 2265 3446 λόγος
2309 3384 2456 3448 ὑπὲρ
2500 3387 2603 3449 τῆς
2652 3385 2871 3450 Ἀριςτα
2908 3383 3060 3448 χείου
3105 3384 3235 3435 ἀνα-

654 3453 918 3515 γνώςεως
957 3452 1046 3502 καὶ
1082 3454 1186 3517 τῆς
1221 3451 1686 3516 κατεγνωςμένης
1722 3450 2039 3517 προςῳδίας
2073 3449 2267 3515 οὗτος,
2307 3451 2395 3502 ὅτι
2431 3450 2600 3516 ἐχρῆν
2637 3452 2740 3516 μὲν
2775 3453 2845 3505 τὸ
2928 3451 3045 3504 υθώ
3083 3467 3235 3517 περι-

655 3521 914 3583 ςπᾶςθαι,
954 3519 1258 3584 ἐπειδήπερ
1293 3519 1492 3570 Πυθόα
1528 3517 1667 3583 ἐςτί,
1706 3519 1796 3569 καὶ
1830 3522 2006 3570 τοῦτο
2043 3517 2247 3583 ἀπῄτει
2284 3520 2319 3580 ἡ
2360 3520 2684 3585 ςυναλοιφή,
2778 3519 2921 3572 ἀλλὰ
2956 3518 3126 3572 πάλιν
3162 3520 3233 3571 τὸ

656 3588 947 3639 πτωτικὸν
985 3590 1031 3638 ῶ
1068 3586 1452 3651 ἀπέςτραπται
1486 3585 1591 3637 τὸν
1628 3586 2056 3650 περιςπώμενον
2092 3585 2288 3637 τόνον·
2326 3586 2469 3638 κατὰ
2503 3590 2679 3639 τοῦτο
2715 3586 2981 3639 ὠξύνετο.
3048 3587 3231 3652 ταύτῃ

655 3657 796 3717 γοῦν
833 3656 921 3706 καὶ
965 3658 1069 3705 τοῦ
1119 3657 1351 3719 χρυςοῠς
1398 3653 1827 3718 περιςπωμένου
1872 3654 1942 3704 τὸ
1987 3653 2180 3704 δυῖκὸν
2228 3653 2516 3716 ὁξύνομεν.
2585 3654 2773 3707 οὕτως
2817 3653 3231 3719 ἀποδείκνυται,

657 3723 745 3773 ὅτι
789 3724 880 3773 καὶ
924 3722 959 3784 ή
1008 3723 1164 3787 καλῷ
1210 3721 1402 3784 δοτική
1450 3719 1529 3773 εἰς
1564 3724 1599 3773 T
1635 3719 1792 3786 λήγει
1839 3721 1929 3772 καὶ
1975 3720 2079 3771 οὐκ
2125 3719 2203 3773 εἰς
2244 3723 2312 3773 ι’ῡ.
2391 3720 2655 3787 δεύτερος
2700 3722 2762 3774 δὲ
2807 3722 2974 3785 λόγος
3018 3721 3233 3788 ἀληθής

629 3788 830 3853 ἐςτιν,
870 3788 948 3841 ὡς
986 3789 1173 3841 εὐθεῖα
1210 3789 1300 3839 καὶ
1336 3787 1612 3852 αἰτιατική
1650 3788 1958 3852 ὁμόφωνος
1995 3787 2131 3840 οὐςα
2168 3790 2312 3842 κατὰ
2347 3790 2554 3854 φωνήν
2589 3790 2652 3842 ἐν
2687 3794 2772 3857 τῷ
2800 3789 2968 3856 ἀὐτῷ
3015 3790 3231 3855 ἀριθμῷ

656 3858 746 3909 καὶ
781 3857 886 3909 τὸν
921 3856 1101 3909 αὐτὸν
1135 3856 1308 3908 τόνον
1344 3854 1691 3921 ἀποφέρεται
1728 3855 1781 3908 οἱ
1816 3859 2005 3920 ταχεῖς
2039 3884 2109 3893 -
2141 3857 2277 3909 τοὺς
2312 3861 2524 3923 ταχεῖς,
2564 3854 2613 3909 εἰ
2648 3857 2710 3909 δέ
2745 3857 2780 3921 ή
2818 3856 3007 3910 εὐθεῖα
3043 3858 3231 3911 ὀξύνε-

502 3968 512 3978 .
587 3940 742 3993 “tou
781 3925 1011 3977 πάντως
1048 3924 1138 3976 καὶ
1174 3924 1210 3989 ή
1248 3922 1541 3989 αἰτιατική.
1611 3923 1699 3975 διὰ
1739 3926 1916 3975 τοῦτο
1961 3923 2064 3975 οὖν
2111 3924 2146 3988 ή
2196 3926 2297 3987 μέν
2342 3923 2481 3976 αἰδῶ
2527 3923 2802 3989 αἰτιατική
2852 3926 2940 3976 καί
2987 3925 3103 3990 ήῶ,
3153 3926 3228 3989 μή

652 3993 1024 4058 κρατούμεναι
1059 3992 1174 4044 ὑπὸ
1211 3994 1313 4056 τῆς
1350 3991 1796 4055 ςυνεμπτώςεως
1831 3990 1976 4043 κατὰ
2010 3993 2119 4057 τήν
2155 3993 2379 4045 εὐθεῖαν
2416 3997 2823 4058 περιςπῶνται,
2862 3992 3229 4057 κατεχόμεναι

650 4065 735 4127 τῷ
773 4060 929 4127 λόγῳ
973 4062 1075 4124 τῆς
1122 4060 1487 4124 ςυναλοιφῆς,
1535 4059 1638 4123 οὐχ
1683 4059 1797 4111 ὑπὸ
1844 4062 1947 4110 τοῦ
1986 4065 2274 4112 πτωτικοῠ
2324 4063 2696 4125 χαρακτῆρος·
2743 4060 2778 4123 ἡ
2824 4060 2885 4111 δέ
2922 4059 3090 4125 Λητώ
3137 4060 3229 4111 καί

650 4128 829 4181 Πυθώ
866 4128 1235 4193 κατεχόμεναι
1270 4127 1387 4179 ὑπὸ
1422 4130 1526 4191 τῆς
1562 4128 2009 4190 ςυνεμπτώςεως
2055 4128 2387 4190 κατέχονται
2430 4129 2521 4179 καί
2556 4132 2640 4194 τῷ
2677 4127 2848 4195 τόνῳ.
2923 4127 2936 4180 Ι
2975 4132 3076 4179 240
3109 4128 3227 4192 ἠῶ;

649 4198 758 4260 τήν
793 4197 881 4261 ἠῶ
920 4196 1051 4248 κατ’
1086 4194 1399 4259 αἰτιατικὴν
1436 4197 1650 4246 πτῶςιν
1686 4194 2093 4259 περιςπαςτέον
2118 4197 2206 4246 καὶ
2244 4196 2353 4260 τήν
2388 4195 2555 4259 αἰδῶ,
2595 4194 2662 4247 οὐ
2690 4197 2799 4259 μὴν
2837 4197 2927 4249 καί
2963 4195 3032 4247 τὸ
3058 4195 3227 4261 Λητώ

650 4264 741 4314 καὶ
777 4264 849 4315 τὰ
883 4264 1119 4315 τοιαῦτα
1155 4262 1365 4315 πάντα·
1402 4261 1546 4314 ἀλλὰ
1580 4263 1651 4314 τὰ
1689 4262 1791 4324 μέν
1828 4261 1907 4314 εἰς
1934 4279 1980 4315 ω
2018 4263 2267 4327 λήγοντα
2304 4262 2519 4328 θηλυκὰ
2556 4262 2649 4314 ἐπὶ
2675 4260 2892 4315 εὐθείας
2928 4264 3019 4315 καὶ
3055 4262 3229 4315 αἰτια-

646 4333 806 4396 τικῆς
843 4330 1172 4397 ὁμοτονήςει
1210 4330 1547 4394 όξυνόμενα,
1584 4330 1655 4381 τὸ
1691 4329 1753 4381 δὲ
1788 4330 1908 4394 ἠώς
1956 4331 2046 4382 καὶ
2082 4330 2253 4383 αἰδώς
2299 4332 2444 4395 μόνα
2490 4330 2596 4383 ἕξει
2642 4329 2742 4383 ἐπ’
2775 4329 3083 4396 αἰτιατικῆς
3117 4332 3230 4394 τὴν

647 4398 1082 4464 περιςπωμένην
1116 4397 1287 4450 τάςιν.
1322 4400 1393 4453 cf.
1434 4400 1626 4449 Choer.
1661 4400 1810 4451 Diet.
1847 4401 1963 4459 334,
2007 4404 2049 4449 1.
2102 4400 2287 4449 Etiam
2322 4400 2762 4451 accusativorum
2787 4398 2993 4465 Λήτων
3015 4400 3230 4451 Aeolici

649 4473 706 4518 et
741 4467 950 4532 Λητοῖν
987 4468 1162 4518 Ionio-i
1199 4467 1528 4517 mentionem
1575 4467 1786 4516 fecerat
1820 4467 2200 4530 Herodianus,
2245 4478 2307 4517 ut
2350 4469 2595 4530 videtur,
2644 4468 2702 4516 in
2749 4468 2889 4518 libro
2938 4466 3065 4531 περὶ
3114 4464 3226 4517 κλί-

646 4549 786 4587 ςεως
824 4533 1124 4598 ὀνομάτων
1160 4550 1248 4600 ap.
1275 4535 1471 4585 Choer.
1493 4536 1611 4596 333,
1636 4536 1698 4584 21
1738 4532 1888 4596 λέγει
1913 4532 1944 4585 ὁ
1972 4534 2313 4599 Ἡρωδιανὸς
2339 4535 2427 4586 ὅτι
2451 4533 2565 4586 ἐςτί
2588 4534 2696 4599 τὴν
2721 4532 2979 4598 ζαπφών
3003 4533 3091 4584 καὶ
3113 4534 3228 4597 τήν

646 4600 853 4667 Λητών
891 4602 925 4664 ή
964 4599 1240 4667 αἰτιατική
1279 4603 1368 4652 καὶ
1405 4601 1548 4653 κατὰ
1583 4602 1806 4666 τροπήν
1846 4601 2096 4666 Ἰωνικήν
2131 4606 2234 4655 τοῦ
2274 4606 2323 4654 ὤ
2369 4601 2447 4671 εἰς
2491 4603 2600 4667 τήν
2634 4606 2691 4653 ὀῑ
2727 4600 3035 4666 δίφθογγον
3079 4599 3224 4663 γίνε-

644 4684 755 4804 ἷζῖζ
770 4668 1460 4802 ἳίζιὲτῗέἧίοῖέῶὶαὲιῖὴι-ᾪ-
1480 4669 1760 4802 &iffi-‚v
1774 4667 2435 4803 ¹{2503a33v3522ffi03tffs
2455 4670 2564 4802 ἕνῗὲ
2587 4668 3223 4803 ιῗῆἶιῖἓῡτὴῗῖὲξξῖὥὶ“

2256 4778 2270 4803 ,
3211 4775 3224 4789 .
