3664 5546
1201 408 1364 462 ΠΕΡΙ
1406 405 1797 462 ΚΑΘΟΛΙΚΗΕ
1835 404 2257 460 ΠΡΟΕΩιΔΙΑ(
2296 406 2367 458 ΙΓ.
2949 403 3073 468 377

493 580 817 659 ἀρχόμενα
862 578 992 643 ἀπὸ
1050 579 1400 659 ςυμφώνου
1456 580 1996 657 προπεριςπᾶται,
2052 581 2287 657 ζῷον,
2344 575 2600 655 εὕρηται
2655 577 2727 640 δὲ
2772 576 2875 639 καὶ
2916 574 3075 639 κατὰ

492 682 809 747 διάςταςιν
853 680 1028 759 παρὰ
1070 687 1162 763 τῷ
1208 679 1520 763 (ιμωνίδη
1564 678 1674 761 (fr.
1711 678 1818 760 13)
1863 675 2009 742 οἷον
2225 667 2231 671 ’

1096 782 1239 847 τόδ’
1283 783 1433 863 ἡμῖν
1478 781 1748 859 ἑρπετὸν
1793 781 2195 863 παρέπτατο,

991 885 1068 949 τὸ
1114 885 1324 950 ζωῖων
1368 883 1660 948 κὰκιςτον
1706 877 1959 961 ἔκτηται
2004 882 2160 963 βίον.

491 988 772 1071 Πτῷον
817 986 1002 1067 ὄρος,
1048 985 1209 1078 ὅπερ
1253 987 1408 1064 φαςὶ
1450 988 1752 1062 κληθῆναι
1798 983 1930 1050 ἀπὸ
1974 984 2216 1066 Πτῷου
2260 983 2489 1049 παιδὸς
2536 984 2926 1063 Ἀκραιφέως
2972 983 3133 1046 καὶὸ

494 1089 806 1166 Εὐξίππης
849 1089 888 1166 ἢ
936 1087 1033 1152 ὅτι
1077 1087 1261 1166 Λητὼ
1307 1087 1437 1152 ἐκεῖ
1482 1086 1883 1167 βουλομένην
1927 1089 2133 1151 τεκεῖν
2178 1087 2421 1164 κάπρος
2466 1086 2801 1166 ἐπιφανεὶς
2847 1084 3075 1162 ἐπτόη-

495 1211 617 1255 ςεν.
703 1191 779 1254 τὸ
826 1189 1043 1268 μέντοι
1090 1187 1241 1272 ᾠόν
1288 1188 1603 1272 ὀξύνεται·
1663 1187 1794 1252 ἀπὸ
1852 1189 2230 1268 φωνήεντος
2284 1188 2407 1266 γὰρ
2464 1186 2736 1267 ἄρχεται.
2828 1188 3076 1262 λέγεται

494 1293 567 1356 δὲ
610 1292 714 1355 καὶ
755 1291 825 1355 ἑν
871 1289 1144 1355 διαλύςει
1191 1289 1351 1356 ὤῑον
1397 1291 1572 1368 παρὰ
1611 1296 1692 1373 ’τῇ
1735 1288 1994 1369 (απφοῑ
2037 1287 2147 1371 (fr.
2176 1288 2261 1352 56
2289 1286 2578 1373 Bergk),

1100 1395 1279 1471 φαῖςι
1323 1393 1401 1469 δή
1445 1412 1615 1456 ποτα
1658 1391 1873 1481 Λήδαν
1918 1384 2284 1456 ὑακίνθινον

1101 1494 1591 1572 πεπυκαδμένον
1636 1492 1795 1557 ὤῑον
3116 1497 3181 1546 10

1097 1595 1309 1676 εὕρην.

497 1702 600 1765 καὶ
641 1700 811 1764 ὤεον
858 1699 927 1762 ἐν
973 1702 1355 1782 πλεοναςμῷ
1398 1701 1515 1762 τοῦ
1558 1700 1607 1761 ἒ.

664 1801 759 1866 Τὰ
803 1801 892 1865 εἰς
935 1807 1017 1864 ὃν
1061 1800 1568 1879 ὑπερδιςύλλαβα
1611 1802 1932 1878 μονογενῆ
1976 1805 2052 1882 τῇ
2096 1802 2161 1862 ὂῑ
2205 1798 2537 1881 διφθόγγῳ
2580 1797 3080 1877 παραληγόμενα

399 1971 406 1980 ,
496 1905 535 1982 ἢ
581 1910 658 1987 τῇ
708 1910 760 1985 ᾧ
806 1903 1043 1979 ταύτην
1090 1902 1303 1980 ἔχουςι
1348 1902 1464 1979 τὴν
1510 1901 1831 1977 διαίρεςιν·
1878 1899 2431 1979 προπαροξύνεται
2477 1900 2621 1979 μέν,
2667 1899 2782 1963 ὅςα
2813 1898 3079 1964 ςύνθετά

501 2005 658 2085 ἑςτι,
705 2003 1196 2082 ὑπεςταλμὲνων
1239 2007 1371 2067 τῶν
1427 2001 1558 2068 ἀπὸ
1604 2002 1999 2083 προθέςεως,
2046 2002 2530 2083 Ἀκρόθοιον,
2586 2001 2638 2083 ᾧ
2685 2000 3078 2079 ἠκολούθηςε
3122 2013 3179 2062 15

497 2108 600 2171 καὶ
641 2107 717 2172 τὸ
766 2105 1107 2170 Βὰλοιον
1165 2104 1351 2168 πόλις
1398 2102 1799 2168 Μακεδονίας
1855 2105 1956 2167 καὶ
2001 2104 2453 2181 Μετάχοιον
2510 2103 2830 2181 φρούριον
2877 2104 3074 2167 Βοιω-
3128 2158 3141 2174 ,

496 2207 642 2278 τίας,
676 2208 906 2286 μεταξὺ
954 2206 1348 2286 Ὀρχομενοῦ
1393 2205 1493 2268 καὶ
1542 2204 1942 2283 Κορωνείας.·
2002 2205 2286 2285 Ἔφορος
2315 2211 2678 2287 τριακοςτῷ.
2767 2205 2870 2269 καὶ
2914 2187 3077 2270 (ίνῖ

496 2327 720 2373 τοιον
767 2310 1088 2388 φρούριον
1134 2307 1458 2385 Ἀρμενίας
1511 2307 1726 2385 κτίςμα
1771 2308 2089 2370 Γαλατῶν.
2174 2305 2726 2388 ἑκατόμβοιον,
2773 2305 3077 2370 εἰκοςά-

501 2415 756 2491 βοιον,
802 2409 1512 2489 πεντηκοςάβοιον,
1558 2406 2044 2487 ἐννεάβοιον.
2099 2408 2176 2472 τὸ
2223 2409 2292 2471 δὲ
2338 2413 2734 2490 μητρῷον,
2781 2408 3077 2490 ἡρῷον,

500 2511 859 2593 ὑπερῷον
905 2512 1440 2589 προπεριςπᾶται,
1486 2508 1698 2586 ὥςπερ
1743 2509 1847 2572 καὶ
1886 2509 1965 2572 τὰ
2010 2506 2319 2585 ἀρςενικά.
2404 2508 2479 2573 τὸ
2526 2510 2597 2573 δὲ
2641 2529 2730 2573 πε
2745 2508 3076 2592 ρίςτῳον
3112 2520 3181 2568 20

499 2610 1083 2690 προπαροξύνεται·
1128 2613 1204 2673 τὸ
1249 2611 1321 2674 δὲ
1366 2631 1412 2672 π
1427 2616 1782 2693 ροςτῷον
1826 2613 2354 2687 προπεριςπᾶται.
2444 2610 2546 2673 καὶ
2590 2609 2872 2688 ὤφειλεν
2916 2610 2955 2687 ἢ
3000 2609 3080 2672 τὰ

489 2713 621 2784 ,δύο
665 2714 1205 2790 προπεριςπᾶςθαι
1248 2711 1287 2789 ἢ
1334 2711 1413 2775 τὰ
1457 2710 1576 2775 δύο
1621 2711 2247 2795 προπαροξύνεςθαι,
2292 2710 2511 2789 ἐπειδὴ
2566 2710 2696 2776 ἀπὸ
2741 2713 2859 2776 τοῦ
2903 2707 3080 2775 ςτοιά

501 2814 835 2894 ἀμφότερα
891 2815 1177 2888 γέγονεν.
1266 2812 1472 2878 ἐνίοτε
1528 2815 1599 2877 δὲ
1653 2814 1734 2876 τὰ
1794 2813 1899 2884 διὰ
1948 2816 2065 2877 τοῦ
2124 2816 2261 2894 α-ιόῦ
2315 2814 2806 2892 διὰ“ποιητικὴν
2862 2813 3078 2891 χρείαν

487 2915 900 2997 διαλύονται,
957 2914 1257 2998 ὑπερῷον
1318 2914 1674 2997 ὑπερώϊον,
1738 2915 2093 2999 περίςτῳον
2146 2914 2557 2997 περιςτώῑον,
2614 2920 2910 2997 μητρῷον
2967 2936 3078 2995 μη-

499 3019 754 3096 τρώϊον.
1399 3014 1404 3021 '
2860 3010 2867 3015 ’
3115 3028 3181 3077 :25

666 3120 812 3185 Πᾶν
868 3118 1215 3198 οὐδέτερον
1272 3117 1363 3183 εἰς
1417 3124 1499 3184 ο“ν
1551 3119 1679 3197 πρὸ
1744 3121 1862 3182 τοῦ
1916 3121 1955 3181 ὃ
2013 3119 2362 3199 ςύμφωνον
2420 3118 2575 3197 ἔχον
2644 3117 2770 3182 εἴτε
2826 3118 3079 3183 ἁπλοῦν
3199 3136 3209 3140 ·

501 3220 628 3284 εἴτε
685 3219 1022 3303 ςύνθετον,
1078 3220 1132 3285 εἰ
1196 3221 1309 3299 μὲν
1369 3219 1748 3300 διςύλλαβόν
1805 3220 2003 3302 ἐςτιν,
2067 3220 2402 3299 βαρύνεται
2459 3221 2598 3298 ἤτοι
2656 3219 3078 3298 παροξύνεται

501 3322 601 3385 καὶ
645 3325 1172 3403 προπεριςπᾶται,
1217 3321 1272 3386 εἰ
1315 3324 1386 3387 δὲ
1431 3323 1591 3399 ὑπὲρ
1637 3321 1756 3386 δύο
1802 3323 2116 3401 ςυλλαβὰς
2161 3321 2461 3404 ὑπάρχει,
2506 3321 3081 3405 προπαροξύνεται,

635 3574 672 3627 1.
713 3579 735 3624 1
777 3575 849 3624 ad
883 3575 1033 3640 ζῷον
1070 3576 1260 3626 addidi
1296 3575 1528 3641 εὕρηται
1563 3574 1625 3627 δὲ
1661 3577 1876 3640 reliqua
1915 3591 1983 3626 ex
2016 3576 2080 3625 E.
2104 3575 2178 3625 Μ.
2211 3579 2330 3638 413,
2367 3579 2450 3640 23,
2489 3578 2583 3641 qui
2618 3577 2771 3627 locus
2807 3593 2873 3626 ex
2912 3576 3084 3626 Hero-

504 3642 669 3693 diano
705 3643 919 3707 petitus
955 3648 1064 3693 est:
1101 3642 1377 3708 γράφεται
1412 3643 1474 3695 δὲ
1510 3643 1651 3707 μετὰ
1685 3646 1789 3695 τοῦ
1829 3646 1861 3695 ῖ
1901 3642 2002 3706 (sc.
2028 3643 2201 3709 Ζῷον)
2239 3642 2431 3708 ἐπειδὴ
2471 3643 2700 3709 εὕρηται
2735 3644 2853 3695 κτλ.
2890 3671 2954 3678 ——
2992 3644 3082 3695 καὶ

503 3709 592 3761 διὰ
625 3709 734 3760 τὸν
768 3712 1092 3774 χαρακτῆρα
1135 3713 1257 3761 τῶν
1302 3712 1390 3764 διὰ
1440 3714 1546 3762 τοῦ
1585 3714 1726 3761 ffi·
1770 3710 1845 3762 τὰ
1886 3709 1995 3775 γὰρ
2040 3711 2127 3763 διὰ
2171 3714 2274 3762 τοῦ
2323 3728 2440 3763 ωον
2484 3711 2756 3777 οὐδέτερα
2803 3714 3080 3776 μονογενῆ

503 3776 655 3829 θέλει
708 3776 858 3840 ἔχειν
910 3777 980 3828 τὸ
1023 3780 1056 3828 ῖ
1103 3775 1228 3829 οἷον
1270 3778 1485 3843 Πτῷον
1530 3779 1709 3841 ὄνομα
1755 3779 1939 3843 ὅρους.
2021 3783 2347 3846 προςτῷον,
2404 3777 2745 3847 περίςτῳον,
2793 3779 3082 3845 ὑπερῷον·

503 3846 659 3897 οὕτω
698 3846 789 3897 καὶ
824 3846 974 3910 Ζῷον
1009 3844 1110 3896 ςὺν
1157 3849 1241 3911 τῷ
1277 3848 1327 3896 ῖ.
1396 3846 1610 3912 Πτῷον
1655 3847 1875 3912 explevi
1925 3863 1992 3896 ex
2037 3847 2117 3901 St.
2155 3849 2217 3897 B.
2265 3875 2329 3884 —
2373 3849 2410 3898 l.
2448 3851 2475 3898 7
2525 3847 2748 3909 λέγεται
2794 3864 2966 3912 usque
3012 3848 3084 3897 ad

503 3914 663 3962 finem
711 3930 779 3963 ex
814 3913 1062 3977 Theogn:
1104 3916 1221 3975 130,
1263 3916 1324 3963 18
1371 3915 1553 3979 recepi
1599 3915 1804 3964 additis
1851 3915 2105 3980 Sapphus
2148 3916 2332 3966 verbis
2378 3932 2446 3966 ex
2482 3917 2542 3966 E.
2580 3917 2652 3966 M.
2688 3919 2811 3973 822,
2849 3919 2940 3976 40,
2991 3916 3083 3979 qui

505 3980 666 4030 locus
701 3983 835 4031 mire
872 3982 1125 4043 congruit
1163 3986 1219 4029 et
1254 3997 1372 4030 cum
1408 3982 1565 4032 modo
1603 3982 1776 4032 citato
1812 3983 1876 4031 E.
1902 3983 1974 4032 M.
2012 3988 2069 4031 et
2103 3998 2223 4032 cum
2259 3990 2449 4035 nostro
2472 3984 2695 4035 Arcadii
2731 3984 2878 4034 loco:
2915 3981 2985 4032 τὸ
3021 3981 3083 4033 δὲ

505 4044 625 4110 ᾡόν
662 4046 944 4109 ὀξύνεται,
984 4046 1070 4097 ὅτι
1105 4046 1219 4098 ἀπὸ
1256 4047 1594 4113 φωνήεντος
1631 4047 1873 4113 ἄρχεται.
1942 4048 2014 4101 τὰ
2048 4049 2110 4101 δὲ
2147 4050 2316 4102 λοιπὰ
2351 4049 2467 4101 ἀπὸ
2504 4049 2836 4114 ςυμφώνου·
2876 4050 2966 4100 καὶ
3003 4048 3082 4101 ὡς

504 4112 760 4177 διήλλαξε
798 4113 941 4165 κατὰ
975 4114 1083 4178 τήν
1119 4113 1323 4179 ἀρχήν,
1363 4116 1686 4181 παρήλλαξε
1723 4117 1813 4167 καί
1852 4116 1995 4167 κατὰ
2027 4116 2199 4168 τάςιν.
2372 4120 2409 4169 l.
2449 4120 2511 4169 15
2546 4119 2717 4169 verba
2762 4117 2809 4183 ᾧ
2848 4115 3084 4181 ἠκολού·

504 4183 637 4244 θηςε
672 4197 848 4246 usque
884 4181 953 4231 ad
992 4179 1246 4234 (ίντοιον
1283 4210 1346 4219 -
1379 4183 1652 4235 Γαλατῶν
1686 4187 1808 4249 ipse
1844 4186 2076 4249 apposui
2112 4191 2341 4251 propter
2362 4187 2583 4237 nomina
2617 4201 2650 4235 a
2676 4184 2755 4235 St.
2781 4187 2846 4238 B.
2885 4185 3081 4244 relata,

503 4247 980 4313 πεντηκοςάβοιον
1016 4247 1338 4312 ἐννεάβοιον
1385 4267 1451 4301 ex
1487 4252 1735 4312 Theogn.
1775 4255 1897 4312 130,
1940 4255 2027 4314 135
2073 4250 2340 4318 ὑπερῷον
2386 4268 2454 4303 ex
2492 4253 2698 4303 eodem.
2804 4253 2841 4307 l.
2880 4256 2942 4302 21
2992 4252 3083 4303 καὶ

505 4316 753 4380 ὠφειλεν
788 4317 824 4380 ἢ
860 4332 1033 4382 usque
1078 4318 1150 4368 ad
1194 4316 1394 4380 γέγονε
1440 4334 1507 4368 ex
1552 4320 1828 4369 simillimo
1874 4318 1994 4370 loeo
2038 4319 2102 4373 E.
2139 4321 2212 4369 M.
2247 4322 2375 4384 665,
2417 4325 2442 4370 1
2490 4321 2562 4373 ef.
2600 4322 2735 4371 Lob.
2772 4321 2855 4370 El.
2889 4322 2917 4370 Ι
2950 4322 3078 4378 443ς

502 4386 674 4435 verba
719 4382 902 4435 ἐνίοτε
947 4383 1009 4436 δὲ
1052 4400 1224 4451 usque
1271 4386 1341 4436 ad
1385 4385 1545 4436 finem
1590 4402 1660 4436 ex
1693 4386 1941 4447 Theon-n.
1980 4390 2102 4448 130,
2141 4390 2206 4436 22
2250 4404 2348 4453 pro
2394 4390 2625 4452 μηνῷον
2671 4386 2926 4452 μηνώῖον
2962 4403 3081 4437 cum

504 4453 640 4503 Lob.
676 4469 727 4517 p.
763 4455 864 4503 452
900 4457 1014 4504 not.
1051 4456 1116 4504 29
1152 4456 1419 4519 μητρῷον
1456 4452 1744 4517 μητρώϊον
1781 4453 2052 4504 exhibens
2086 4460 2144 4504 et
2180 4470 2277 4519 pro
2312 4453 2654 4507 ἀναλύονται
2690 4456 2937 4506 scribens
2973 4454 3082 4506 δια-

503 4517 748 4571 λύονται.
887 4521 921 4573 1.
960 4521 1027 4569 ‘26
1063 4521 1257 4571 Choer.
1295 4523 1397 4585 Ep.
1438 4522 1494 4570 in
1529 4521 1732 4572 Psalm.
1770 4523 1851 4578 58,
1891 4524 1922 4571 9
1960 4537 2137 4573 canon
2173 4524 2255 4572 sic
2289 4523 2672 4573 constituitur:
2711 4524 2826 4573 πᾶν
2861 4520 3082 4573 οὐδέτε-

502 4600 604 4650 ρον
639 4587 753 4651 πρὸ
797 4589 902 4638 τοῦ
947 4602 1014 4640 ον
1058 4588 1367 4651 ςύμφωνον
1403 4588 1609 4649 (insere
1654 4586 1808 4651 ἔχον)
1850 4586 1964 4640 εἴτε
2012 4587 2234 4640 ἁπλοῦν
2278 4588 2392 4641 εἴτε
2438 4590 2731 4653 ςύνθετον,
2780 4588 2893 4642 εἴτε
2939 4588 3084 4652 ὑπὲρ

503 4653 604 4705 δύο
640 4654 913 4717 ςυλλαβάς
948 4653 1210 4721 ὑπάρχει,
1247 4654 1733 4720 προπαροξύνεται
1769 4653 1894 4707 οἷον
1920 4656 2326 4721 ςτρατόπεδον,
2364 4656 2620 4721 ἔνεδρον,
2659 4657 2967 4722 πρόςωπον
2992 4657 3082 4707 καὶ

502 4720 575 4771 τὰ
610 4721 776 4783 ὅμοια
810 4722 1253 4787 ὑπεςταλμένων
1288 4725 1410 4774 τῶν
1445 4722 1589 4781 κατὰ
1626 4724 1939 4787 μεταβολῆς
1981 4723 2183 4786 γένους
2219 4722 2533 4789 εἰρημένων
2579 4725 2669 4777 καὶ
2704 4728 2827 4777 τῷν
2863 4722 2942 4777 εἰς
2976 4728 3010 4789 ρ
3045 4725 3081 4788 ἢ

506 4786 583 4839 εἰς
620 4791 656 4851 ἦ
692 4790 1150 4855 περατουμένων.
1197 4793 1262 4841 In
1299 4792 1383 4842 his
1421 4792 1695 4843 excidisse
1730 4793 1971 4842 arbitror
2007 4789 2056 4843 εί
2091 4791 2193 4854 μὲν
2228 4792 2557 4856 διςύλλαβόν
2583 4793 2748 4857 ἐςτιν,
2787 4792 3082 4857 βαρύνεται

506 4856 633 4920 ἦτοι
669 4857 1041 4923 παροξύνεται
1077 4859 1166 4909 καὶ
1202 4861 1650 4925 προπεριςπᾶται
1681 4859 1835 4925 (nam
1863 4860 1931 4911 de
1957 4861 2044 4912 his
2072 4862 2240 4912 etiam
2264 4864 2322 4913 in
2347 4877 2557 4913 canone
2584 4877 2886 4914 sermonem
2910 4862 3083 4913 fuisse
