3664 5546
1162 406 1320 461 ΠΕΡΙ
1362 405 1754 461 ΚΑΘΟΛΙΚΗ(
1792 403 2213 459 ΠΡΟΕΩιΔΙΑ(
2252 404 2303 457 Ε.
2917 402 3030 465 131

376 566 381 571 ’
452 577 1124 657 προπαροξυνόμενον.
1213 578 1379 642 ἀλλὰ
1424 578 1666 656 μήποτε
1710 577 1786 640 τὸ
1832 581 2019 657 χαῖον
2065 576 2367 658 ἔγκειται,
2422 574 2459 640 ὅ
2516 576 2679 641 ἐςτιν
2725 574 2763 653 ἡ
2811 578 3035 652 βουκο-

454 682 591 759 λικὴ
648 680 915 763 ῥάβδος,
973 680 1074 745 καὶ
1129 679 1166 744 ὁ
1211 680 1414 758 ἐρύςω
1472 681 1741 760 μέλλων.
1826 684 2022 758 διχῶς
2074 676 2194 743 οὖν
2251 677 2452 760 ἔςται,
2513 677 2600 742 ὥς
2655 677 2777 742 ἐςτι
2836 678 3036 754 δῆλον

451 782 613 860 παρ
643 783 936 862 Ἀλκμᾶνι
982 782 1051 847 ἐν
1097 781 1261 864 ἀρχῇ
1305 787 1422 847 τοῦ
1467 784 1770 860 δευτέρου
1813 786 1944 846 τῶν
1988 779 2349 921 παρθενίων
2381 780 2691 864 ᾀςμάτων.
2736 779 2887 859 φηςὶ
2914 777 3039 855 γὰρ

758 883 877 949 οὐκ
921 883 996 964 ἧς
1040 884 1203 963 ἀνὴρ
1249 884 1549 963 ἄγροικος
1595 884 1751 949 οὐδὲ

760 987 969 1051 ςκαιός
1015 987 1169 1052 οὐδὲ
1214 988 1388 1065 παρὰ
1433 991 1754 1069 ςοφοῖςιν,
1801 986 1957 1051 οὐδὲ
2002 986 2317 1051 Θεςςαλὸς
2357 985 2578 1068 γένος,
3066 990 3097 1039 5

759 1088 913 1152 οὐδὲ
959 1089 1343 1168 Ἐρυςιχαῖος
1389 1089 1542 1154 οὐδὲ
1586 1089 1842 1168 ποιμήν.

456 1190 509 1254 εἰ
553 1191 674 1268 γὰρ
720 1196 811 1273 τῷ
857 1189 1212 1255 «Θεςςαλὸς
1255 1192 1486 1267 γένος»
1545 1191 1932 1272 ςυναπτὲον,
1990 1191 2242 1255 ἐθνικόν
2289 1188 2433 1266 ἐςτιζ
2463 1190 2566 1253 καὶ
2608 1186 3038 1267 προπεριςπά-

456 1297 611 1356 ςθω·
668 1291 723 1355 εἰ
778 1293 849 1356 δὲ
905 1299 995 1374 τῷ
1053 1292 1249 1357 «οὐδὲ
1304 1294 1581 1372 ποιμήν»
1640 1293 1942 1372 ςυνάψειέ
1998 1312 2090 1357 τις
2148 1293 2354 1366 λέγων
2420 1292 2538 1355 «τὸ
2594 1290 2750 1355 οὐδὲ
2803 1289 3040 1367 ποιμήν

455 1395 494 1472 ἢ
541 1394 963 1476 ἐρυςίχαιος»,
1021 1395 1352 1473 πρόδηλον
1402 1396 1490 1459 ὡς
1533 1394 2203 1473 προπαροξυνθήςεται
2256 1395 2357 1458 καὶ
2411 1396 2598 1472 δηλοῖ
2652 1393 2767 1456 τὸν
2815 1391 3038 1471 βουκό-

459 1499 577 1560 λον
621 1497 661 1574 ἢ
706 1496 822 1560 τὸν
868 1494 1174 1578 αἰπόλον,
1218 1497 1382 1575 πρὸς
1427 1498 1465 1561 ὃ
1509 1499 1584 1561 τὸ
1630 1497 1868 1576 ποιμήν
1916 1489 2228 1576 ἁρμόδιον
2275 1495 2707 1574 ἐπαχθήςεται.
3083 1498 3144 1547 1⁰

626 1598 720 1662 Τὰ
775 1598 878 1661 διὰ
933 1600 1050 1661 τοῦ
1094 1599 1244 1661 W
1300 1598 1843 1678 ύπερτριςύλλαβα
1896 1600 2429 1681 προπεριςπᾶται,
2496 1596 2550 1661 εἰ
2606 1596 2687 1675 μὴ
2745 1594 3042 1672 διαςτολή

456 1721 549 1764 τις
604 1698 700 1779 εἴη
755 1699 794 1776 ἢ
851 1698 1153 1765 ςύνθετον
1220 1699 1528 1783 ὑπάρχοι,
1584 1700 2022 1781 Ἀθηναῖος,
2080 1699 2525 1781 Εἰρηναῖος,
2579 1698 3044 1779 ἀρουραῖος,

457 1800 879 1883 ἀγοραῖος,
934 1800 1428 1885 Ἀμυκλαῖος,
1496 1805 1972 1885 κορυφαῖος,
2041 1801 2558 1882 Δερκεταῖος,
2623 1801 3045 1881 Ἀριδαῖος,

458 1903 871 1983 Ἱμεραῖος,
916 1902 1325 1985 ἡμεραῖος,
1371 1906 1921 1985 ταλαντιαῖος,
1965 1905 2388 1986 πηχυαῖος,
2435 1901 2886 1984 ὀργυιαῖος,
2943 1900 3045 1964 εἰ-

460 2007 862 2085 κοςταῖος,
916 2008 1508 2088 τριακοςταῖος,
1564 2007 2100 2071 πολλοςταῑος
2157 2005 2322 2083 παρ’
2379 2004 2683 2089 Εὐβούλῳ
2741 2005 2883 2077 «καὶ
2926 2005 3048 2082 μὴν
3089 2012 3148 2062 15

461 2105 680 2170 οἴκαδέ
708 2126 766 2168 τι
798 2107 1225 2170 πολλοςταῑος
1254 2105 1627 2191 ἀποτρέχω,
1658 2107 1904 2184 γύναι».
1952 2105 2347 2182 ἀγυιαῖος·
2394 2105 2730 2186 (οφοκλῆς
2759 2105 3048 2188 Ἑρμιόνῃ

462 2206 657 2270 «ἀλλ’
699 2205 752 2270 ὦ
795 2210 1097 2290 πατρῴας
1141 2212 1255 2286 γῆς
1300 2208 1593 2285 ἀγυιαίου
1637 2209 1901 2273 πέδον».
1988 2209 2494 2273 Δωδωναῖος.
2570 2206 2892 2272 Ἑκαταῖος
2936 2206 3048 2270 Εὐ-

463 2309 646 2393 ρώπῃ
694 2309 1088 2374 «Μολοςςῶν
1144 2310 1307 2388 πρὸς
1364 2310 1734 2391 μεςημβρίης
1789 2310 2060 2400 οἰκέουςι
2105 2309 2538 2374 Δωδωναῖοι»
2598 2309 2701 2373 καὶ
2748 2308 3052 2386 Κρατῖνος

461 2409 853 2489 Ἀρχιλόχοις
920 2410 1340 2495 «Δωδωναίῳ
1410 2413 1550 2477 κυνὶ
1620 2412 1979 2495 βωλοκόπῳ
2044 2411 2216 2490 τίτθη
2285 2410 2540 2495 γεράνῳ
2598 2411 2989 2490 προςεοικώς
3007 2436 3049 2473 ».

460 2512 565 2576 καὶ
607 2511 891 2591 Ὅμηρος
940 2511 1111 2576 «Ζεῦ
1155 2510 1280 2576 ἄνα
1323 2513 1724 2579 Δωδωναῖε»
1775 2509 1879 2597 (11.
1924 2514 1988 2577 Π
2032 2511 2203 2595 233).
2280 2512 2653 2592 Ζηνόδοτος
2699 2514 2770 2576 δὲ
2813 2512 3045 2590 γράφει
3083 2522 3151 2569 20

461 2613 829 2695 Φηγωναῖε,
887 2613 1025 2677 ἐπεὶ
1068 2613 1139 2678 ἐν
1183 2615 1483 2699 Δωδώνῃ
1528 2620 1787 2695 πρῶτον
1832 2615 2042 2695 φηγὸς
2088 2614 2466 2693 ἐμαντεύετο
2523 2615 2622 2677 καὶ
2670 2613 2934 2678 (ουίδας
2980 2613 3051 2676 δέ

461 2736 611 2796 φηςι
656 2713 1042 2795 Φηγωναίου
1085 2715 1248 2781 Διὸς
1292 2716 1467 2796 ἱερὸν
1514 2715 1677 2782 εἶναι
1725 2717 1794 2782 ἐν
1843 2717 2147 2801 Θεςςαλίᾳ
2192 2717 2293 2781 καὶ
2337 2719 2570 2781 τοῦτον
2611 2716 3048 2781 ἐπικαλεῖςθαι.

464 2818 671 2897 ἕτεροι
717 2819 789 2882 δὲ
833 2818 1151 2897 γράφουςι
1198 2820 1644 2886 «Βωδωναῖε».
1732 2819 1925 2885 πόλιν
1967 2819 2109 2897 γὰρ»
2137 2816 2312 2914 εἶναιἱ
2348 2819 2703 2901 Βωδώνην,
2750 2818 2920 2883 ὅπου
2965 2839 3050 2906 τι-

465 2923 664 3000 μᾶται.
731 2920 1224 2998 Ἀπολλόδωρος
1270 2923 1341 2986 δὲ
1387 2921 1456 2986 ἐν
1502 2918 1560 2985 α’
1602 2922 1748 3000 περὶ
1792 2926 1961 2987 θεῶν
2018 2923 2132 2986 τὸν
2183 2921 2595 2986 Δωδωναῖον
2653 2920 2858 2985 οὕτως
2913 2919 3050 2984 ἐτυ-

464 3024 731 3101 μολογεῖ
790 3021 1115 3100 «καθάπερ
1170 3023 1233 3087 οἱ
1288 3024 1404 3088 τὸν
1459 3023 1590 3088 Δία
1641 3024 2050 3089 Δωδωναῖον
2107 3025 2222 3103 μὲν
2288 3027 2635 3088 καλοῦντες
2690 3022 2786 3087 ὅτι
2838 3022 3051 3087 δίδωςι
3088 3033 3151 3082 25

462 3124 610 3203 ἡμῖν
655 3124 735 3187 τὰ
779 3122 1018 3206 ἀγαθά,
1061 3124 1458 3201 Πελαςγικόν
1502 3127 1573 3190 δὲ
1619 3124 1715 3188 ὅτι
1759 3129 1870 3205 τῆς
1912 3129 2027 3203 γῆς
2069 3125 2267 3190 πέλας
2311 3125 2475 3189 ἐςτίν
2493 3152 2535 3188 ».
2608 3124 3051 3190 Κλεωναῖος

466 3225 897 3289 «Κλεωναίοιο
944 3224 1295 3304 χάρωνος».
1387 3233 1487 3308 βω
1502 3229 1716 3306 μιαῖο
1735 3248 1781 3291 ς.
1873 3226 2208 3307 (οφοκλῆς
2261 3227 2673 3306 Αἰχμαλώτιςι
2728 3227 2870 3291 «καὶ
2928 3231 3048 3305 βω-

462 3330 677 3407 μιαῖον
734 3326 1001 3406 ἐςχάρας
1056 3330 1275 3408 λαβὼν
1345 3329 1587 3394 λίθον».
1690 3329 2137 3409 Ναβαταῖος
2201 3328 2390 3393 ἔθνος
2453 3333 2585 3393 τῶν
2650 3327 3049 3408 εὐδαιμόνων

461 3427 748 3508 Ἀράβων
794 3426 925 3492 ἀπὸ
975 3429 1271 3509 Ναβάτου
1314 3431 1501 3495 τινός.
1558 3431 2014 3510 Παραυαῖοι
2061 3429 2249 3494 ἔθνος
2294 3428 2754 3508 Θεςπρωτικόν.
2799 3429 3050 3495 Ῥιανὸς

465 3531 535 3596 ἐν
568 3530 852 3615 τετάρτῳ
884 3530 1276 3596 Θεςςαλίκῶν
1325 3533 1479 3597 «ςὺν
1525 3534 1597 3597 δὲ
1632 3531 2044 3610 Παραυαίους
2087 3532 2189 3595 καὶ
2231 3530 2561 3611 ἀμύμονας
2590 3531 3044 3611 Ὀμφαλιῆας».
3082 3540 3148 3591 3ο

464 3636 806 3698 καλοῦνται
852 3633 924 3696 δὲ
968 3629 1100 3696 ἀπὸ
1144 3637 1261 3697 τοῦ
1305 3634 1479 3713 παρὰ
1535 3635 1650 3700 τὸν
1694 3632 1867 3699 Αὖον
1912 3633 2206 3713 ποταμὸν
2252 3632 2566 3698 οἰκεῖςθαι.
2623 3634 3048 3698 Τιλαταῖος

464 3734 653 3800 ἔθνος
698 3733 962 3816 Θρᾴκης.
1038 3733 1429 3814 Θουκυδίδης
1473 3736 1740 3819 δευτέρᾳ
1787 3735 1868 3818 (c.
1915 3733 2043 3817 96).
2117 3735 2633 3813 Τραγαςαῖος·
2677 3734 3046 3816 Ἀριςτοφά-

462 3857 579 3916 νης
622 3837 984 3913 Ἀχαρνεῦςι
1030 3833 1119 3917 (v,
1167 3832 1337 3918 853).
1424 3836 1896 3903 Φελεςςαῖος
1949 3836 2138 3901 ἔθνος
2196 3836 2442 3916 ὅμορον
2498 3840 2633 3901 τοῖς
2692 3836 3048 3917 Ὀμβρικοῖς

463 3939 627 4016 πρὸς
680 3943 757 4022 τῇ
816 3936 1125 4019 Ἰαπυγίᾳ,
1196 3937 1287 4001 ὡς
1340 3938 1614 4006 Εὔδοξος
1670 3939 1849 4023 ἕκτῳ.
1923 3940 1999 4004 τὸ
2055 3938 2500 4018 ἑρυςίχαιος
2555 3937 2594 4003 ὁ
2651 3940 2963 4019 βουκόλος
3005 3939 3046 4017 ἢ

463 4226 534 4279 τὸ
581 4225 686 4291 κύρ
689 4241 775 4278 ιον
822 4243 886 4278 ex
927 4227 1235 4288 St.13.49,
1276 4229 1339 4276 12
1378 4231 1435 4276 et
1471 4230 1560 4289 51,
1598 4229 1629 4278 8
1668 4229 1738 4278 ef.
1779 4229 1946 4277 etiam
1987 4228 2107 4289 151,
2149 4228 2205 4275 6:
2250 4225 2319 4277 τὸ
2367 4225 2589 4277 ἑθνικὸν
2628 4224 2857 4291 Ἀχαιοί·
2897 4240 3046 4292 ςεςη-

466 4293 698 4360 μείωται
736 4293 1093 4357 ὀξυνόμενον.
1167 4296 1347 4344 Verba
1392 4295 1519 4344 inde
1568 4297 1637 4347 ab
1674 4293 1817 4346 ἀλλὰ
1855 4292 1930 4358 μή
1894 4308 2075 4358 ηποτε
2123 4310 2295 4358 usque
2343 4294 2414 4343 ad
2451 4293 2823 4358 ἑπαχθήςεται
2861 4312 2928 4345 ex
2967 4296 3047 4346 St.

466 4365 668 4423 Β.281,
701 4365 779 4424 14,
816 4364 910 4413 ubi
945 4362 1202 4426 τεχνικὸς
1226 4362 1318 4414 καὶ
1343 4361 1681 4426 Ἡρωδιανὸς
1707 4377 1902 4427 φαςιν,
1940 4360 2028 4413 ὅτι
2052 4359 2415 4426 ςεςημείωται
2450 4361 2519 4413 τὸ
2549 4361 2878 4427 Ἐρυςίχαιος
2914 4377 3047 4427 προ-

468 4429 926 4496 παροξυνόμενον
964 4429 1026 4481 ἐν
1060 4434 1178 4482 τοῖς
1217 4429 1466 4481 ἑθνικοῑς.
1539 4429 1758 4494 μήποτε
1796 4429 1901 4482 οὖν
1935 4429 2006 4481 τὸ
2050 4432 2209 4493 χαῖον
2254 4427 2526 4492 ἔγκεῖςθαι
2572 4431 2716 4495 κτλ.,
2766 4438 2879 4481 tum
2927 4435 3050 4496 post

467 4496 965 4564 προπεριςπάςθω.
1015 4498 1355 4562 Ἡρωδιανὸς
1412 4497 1474 4549 ἐν
1516 4501 1638 4550 ταῖς
1688 4497 1933 4550 καθόλου
1988 4495 2320 4564 προςῳδίαις
2376 4497 2468 4548 καὶ
2511 4497 2866 4562 Πτολεμαῖος
2921 4498 3050 4563 ἔφη.

466 4569 632 4618 Mein.
660 4567 971 4618 technicum
994 4568 1345 4633 Apollonium
1373 4582 1492 4618 esse
1522 4569 1853 4633 suspicatur,
1892 4566 2197 4632 Goettling.
2225 4566 2291 4616 de
2317 4582 2434 4617 acc.
2458 4583 2509 4632 p.
2533 4569 2627 4618 177
2655 4567 3050 4630 Ptolemaeum,

469 4636 565 4686 sed
600 4638 777 4700 magis
818 4635 1025 4686 arridet
1062 4635 1339 4686 Theodori
1376 4635 1602 4701 Bergkii
1642 4636 1958 4686 coniectura
2005 4634 2078 4685 ad
2116 4635 2306 4699 fragm.
2342 4634 2510 4686 Alcm.
2550 4633 2617 4684 20
2662 4634 2752 4686 καὶ
2789 4633 3052 4700 Ἡρωδια-

469 4703 566 4755 νὸς
621 4703 913 4754 delendum
973 4709 1030 4754 et
1084 4720 1183 4769 pro
1234 4717 1401 4767 φαςιν
1454 4717 1623 4769 φηςιν
1673 4703 2020 4754 scribendum
2074 4703 2366 4768 opinantis,
2584 4702 2618 4753 l.
2666 4705 2725 4753 11
2788 4719 3055 4754 canonem

469 4772 689 4821 Arcadii
720 4775 806 4835 43,
848 4774 905 4821 11
944 4771 1050 4821 huc
1086 4773 1418 4837 transposui.
1474 4772 1708 4823 Nomina
1744 4769 2005 4835 ἀγοραῖος
2043 4799 2104 4806 -
2145 4769 2426 4835 ὀργυιαῖος
2465 4787 2531 4821 ex
2569 4771 2815 4837 Theogn.
2854 4772 3055 4837 recepi,

472 4835 774 4904 εἰκοςταῖος
832 4867 899 4875 -
957 4839 1325 4891 πολλοςταῑος
1384 4857 1452 4890 ex
1503 4842 1606 4905 Ep
1656 4840 1744 4889 Cr.
1790 4841 1817 4891 Ι
1873 4842 2092 4901 369,1.
2184 4837 2219 4890 ἃ
2292 4842 2432 4890 αῖοις
2487 4867 2551 4874 -
2600 4838 2932 4891 Φελεςςαῑος
2989 4855 3056 4889 ex

474 4907 551 4956 St.
590 4908 649 4956 Β.
834 4907 870 4957 l.
906 4909 973 4956 34
1018 4907 1089 4957 ad
1136 4905 1439 4971 ἔρυςίχαιος
1486 4908 1677 4958 addidi
1721 4906 1754 4959 ό
1803 4905 2074 4971 βουκόλος
2118 4906 2153 4971 ἢ
2190 4907 2426 4959 απόλος
2474 4925 2541 4957 ex
2586 4909 2666 4959 St.
2705 4911 2766 4961 B.
2808 4909 2935 4970 281,
2977 4910 3057 4968 14,

2563 4989 2651 5055 9*
