3664 5546
1496 325 1913 375 PRAEFATIO.
2852 316 2991 369 va

429 486 622 552 diano
676 485 985 574 probata,
1043 483 1511 570 relinquerent,
1569 503 1733 566 quae
1789 481 1875 545 ab
1934 502 2007 543 eo
2079 477 2363 542 refutata
2418 487 2604 542 erant
2657 477 2774 562 (cf.
2823 499 2879 541 e.
2925 498 2989 561 g.

429 589 505 654 11.
551 589 661 654 Pr.
709 589 764 653 Ξ
809 587 935 651 340
978 587 1204 651 εὔαδεν
1250 596 1315 650 et
1358 583 1453 648 Io.
1498 580 1689 648 Alex.
1734 581 1849 661 39,
1903 581 1979 643 12
2024 577 2407 664 αὐτάρκως),
2452 579 2520 643 id
2566 580 2764 644 etiam
2793 578 2994 643 Arca-

429 690 574 755 dius
618 688 971 771 commisit,
1029 709 1082 751 e.
1129 709 1192 770 g.
1241 687 1395 765 αὔξη
1441 708 1503 771 p.
1554 684 1703 764 113,
1755 683 1785 745 1
1834 682 2201 769 barytonon
2245 681 2438 762 dicit,
2499 682 2614 746 sed
2659 704 2744 746 ex
2783 681 2994 746 Theo-

429 801 661 877 gnosto
707 814 766 877 p.
817 790 936 854 116
981 788 1409 876 comperimus
1456 808 1681 850 vocem
1726 807 1867 849 esse
1914 784 2277 866 ἀμφίβολον
2331 786 2477 864 περὶ
2518 786 2746 867 τόνον,
2793 782 2995 847 Hero-

432 894 700 958 dianum
744 901 962 956 autem
1005 889 1388 955 acuentibus
1433 885 1751 952 calculum
1796 886 2141 969 adiecisse3
2189 888 2283 950 sic
2328 885 2409 950 de
2453 887 2643 952 ἐννέα
2673 907 2998 966 ςεςημειω-

432 998 646 1078 μένοις
703 994 1023 1080 genetivis
1073 990 1342 1079 pluralis
1391 990 1541 1069 134,
1584 991 1627 1052 6
1681 1010 1994 1052 canonem
2049 987 2416 1072 generalem
2471 986 2754 1075 profert,
2810 1009 3000 1074 quem

433 1096 924 1163 Choeroboscus
969 1095 1147 1158 Diet.
1177 1093 1302 1157 453
1347 1091 1431 1156 ab
1463 1089 1841 1157 Herodiano
1882 1091 2297 1176 reprobatum
2327 1113 2472 1154 esse
2503 1089 2745 1154 diserte
2775 1087 2998 1154 tradit.

511 1192 524 1215 ³
600 1198 949 1263 Praeterea
996 1194 1361 1281 suppressit
1409 1192 1733 1259 Arcadius
1792 1214 2100 1273 magnam
2146 1192 2591 1279 exemplorum
2642 1189 2998 1254 multitudi-

432 1324 581 1365 nem
613 1324 668 1365 e.
701 1323 766 1385 g.
811 1323 847 1362 e
891 1297 1260 1363 nominibus
1307 1295 1638 1360 femininis
1683 1296 1748 1358 in
1796 1303 1929 1361 δων
1967 1298 2285 1380 ληθεδών,
2329 1299 2644 1375 τηκεδών,
2691 1296 3003 1374 ςηπεδών,

437 1404 653 1482 ἀηδών
699 1399 1000 1489 protulit,
1051 1400 1273 1464 omisit
1315 1400 1679 1482 ἀκηχεδών,
1726 1399 2051 1481 άλθεδών,
2096 1400 2429 1482 τυφεδών,
2475 1399 2792 1482 μελεδών,
2855 1397 3003 1477 ἀκη-

437 1506 602 1587 δών,
648 1503 978 1586 ἀλγηδών,
1024 1502 1352 1583 ἀχθηδών,
1398 1522 1564 1585 quae
1608 1498 1808 1564 habet
1851 1499 2143 1584 Theogn.
2190 1499 2304 1582 32,
2353 1501 2452 1564 13.
2867 1490 2872 1507 '

416 1600 422 1605 ’
603 1602 862 1669 Recidit
906 1622 1097 1689 porro
1143 1599 1639 1685 explicationem
1684 1600 2151 1666 vocabulorum
2193 1602 2408 1665 minus
2453 1611 2780 1666 notorum:
2843 1623 2899 1665 e.
2944 1622 3048 1685 g.-

438 1709 507 1771 in
564 1729 810 1772 canone
864 1708 942 1770 τὰ
997 1706 1084 1771 εἰς
1143 1692 1292 1770 ὧν-
1334 1706 1841 1785 ὑπερδιςύλλαβα
1893 1726 1956 1789 p.
2007 1705 2079 1767 11
2097 1697 2119 1783 ,’
2165 1703 2243 1768 15
2285 1702 2624 1769 historiam
2677 1704 3011 1801 nominum

438 1811 759 1892 Ἀμυδών,
832 1809 1170 1891 Καλυδών,
1234 1808 1541 1890 Ἀπιδών,
1607 1828 1801 1891 quam
1864 1827 1949 1869 ex
2017 1805 2345 1892 Stephano
2410 1805 2737 1892 Byzantio
2803 1828 2854 1869 s.
2899 1828 3011 1869 vv.

441 1909 702 1995 explere
746 1930 1124 1995 possumus„
1169 1929 1361 1993 porro
1406 1906 1908 1993 explicationem
1952 1910 2132 1972 vocis
2178 1911 2479 1991 χελιδών,
2534 1909 2719 1971 cuius
2762 1916 3012 1993 partem

441 2033 526 2075 ex
566 2010 744 2076 Mon.
791 2010 853 2092 9,
899 2010 939 2074 6
984 2011 1255 2089 χελιδών
1302 2009 1428 2074 εἴτε
1473 2010 1707 2089 ὄρνεον
1753 2008 1878 2073 εἴτε
1937 2009 1974 2073 ὁ
2030 2012 2176 2089 περὶ
2229 2018 2360 2075 τῶν
2416 2015 2692 2076 τελετῶν
2736 2011 3011 2089 γράψας,

441 2121 695 2198 partem
741 2134 825 2176 ex
868 2110 1083 2176 Schol.
1130 2110 1217 2175 ad
1260 2110 1599 2196 Aristopb.
1632 2111 1761 2174 Av.
1814 2109 1977 2175 1680
2021 2113 2121 2175 καὶ
2148 2112 2455 2191 Αἰςχύλος
2497 2114 2572 2177 τὸ
2620 2113 3013 2193 βαρβαρίζειν

444 2216 854 2295 χελιδονίζειν
900 2215 1052 2295 φηςὶ
1094 2216 1197 2278 καὶ
1224 2215 1368 2278 Ἴων
1414 2214 1483 2277 έν
1519 2213 1813 2296 Ὀμφάλῃ
1859 2214 2014 2277 τοὺς
2058 2214 2415 2293 βαρβάρους
2458 2215 2793 2294 χελιδόνας
2836 2213 3014 2293 ἀρςε-

447 2321 637 2383 νικῶς
679 2337 899 2399 φηςιν,
941 2317 1047 2381 ’ὡς
1093 2315 1485 2395 Ἡρωδιανὸς
1540 2314 1611 2380 ἐν
1666 2321 1757 2398 τῷ
1802 2315 2040 2399 πρώτῳ
2096 2318 2206 2392 τῆς
2259 2316 2538 2381 καθόλου
2583 2317 2772 2397 φηςίν
2829 2314 3013 2380 resti·
3122 2310 3135 2324 ⁶

447 2428 628 2483 tuere
670 2438 1037 2503 possumus

615 2519 786 2582 Tum
830 2518 1047 2583 omisit
1088 2517 1465 2583 testimonia
1493 2518 1887 2602 scriptorum
1919 2540 1973 2581 e.
2005 2539 2068 2602 g.
2114 2527 2189 2581 ut
2216 2517 2410 2582 modo
2441 2517 2758 2598 vidimus,
2804 2516 3018 2583 locum

447 2620 626 2686 Ionis
658 2618 960 2706 Omphal.
991 2621 1074 2684 ad
1109 2618 1500 2683 firmandum
1530 2640 1720 2682 usum
1765 2618 1943 2683 vocis
1989 2621 2260 2698 χελιδών
2304 2620 2778 2706 praetermisit,
2826 2641 3017 2705 porro

447 2722 692 2787 nomini
738 2724 1024 2802 Ἀμυδών
1071 2720 1358 2810 detraxit
1399 2719 1613 2786 locum
1656 2720 1960 2803 Homeri,
2009 2742 2198 2808 quem
2243 2721 2433 2787 affert
2477 2720 2702 2808 Steph.
2747 2722 2913 2806 Byz.

617 2824 914 2910 Denique
957 2823 1499 2911 pretiosissimum
1545 2823 1957 2888 Prooemium
1999 2822 2402 2906 Catholicae,
2450 2824 2625 2910 quod
2668 2846 2908 2908 magna
2937 2845 3021 2887 ex

451 2935 636 3015 parte
681 2927 974 2991 servavit
1017 2925 1111 2989 Ιο.
1160 2924 1389 3006 Alex„
1446 2925 1701 2989 omnino
1759 2925 2114 3010 oppressit,
2177 2927 2349 3011 quod
2408 2948 2482 2990 eo
2521 2926 2746 3010 ‚magis
2802 2924 3021 2991 dolen·

455 3028 610 3093 dum
663 3038 793 3107 est,
857 3027 1031 3115 quod
1087 3049 1164 3092 ea
1218 3049 1402 3114 pars,
1469 3049 1598 3114 qua
1663 3036 2148 3092 antecessorum
2206 3049 2471 3113 operam
2538 3050 2664 3092 non
2721 3026 3022 3092 sufficere

1680 3151 1751 3192 x.
1798 3129 2041 3194 omissa
2085 3139 2205 3193 est.

1680 3230 1947 3306 eteriisse
2002 3230 2246 3295 fatetur
2301 3231 2663 3314 ArcadiuS,
2722 3231 2843 3296 sed
2895 3230 3026 3295 alia

1681 3341 1818 3396 tum
1883 3332 1952 3394 in
1997 3330 2335 3397 Catholica
2393 3333 2702 3398 tribuisse
2759 3334 3023 3416 scimus,

1683 3557 1726 3597 n
1767 3535 1915 3619 ipsa
1958 3534 2319 3601 Herodiani
2376 3536 2752 3604 definitione
2805 3560 3027 3625 proso-

1680 3638 1851 3702 τικόν
1918 3641 2029 3715 τῆς
2095 3640 2325 3706 λέξεως
2381 3641 2808 3727 ἐκφερομένη)
2870 3640 3030 3704 dicit

1680 3737 2092 3802 iificationem
2137 3739 2415 3825 proferri
2461 3741 2692 3824 (ἐκείνη
2738 3743 2859 3820 γάρ
2905 3742 3027 3807 ἐςτι

1716 3842 1755 3919 ἢ
1801 3842 2096 3919 ςημαςίαν
2140 3846 2252 3920 τῆς
2297 3845 2527 3910 λέξεως
2557 3843 2918 3927 ἐκφέρεται)
2965 3851 3033 3906 et

1680 3938 2007 4007 intellectu
2074 3942 2332 4007 diverso
2399 3954 2668 4009 accentu
2731 3944 3032 4031 proferri.

1680 4041 1933 4106 rcadius
1977 4043 2045 4106 in
2074 4044 2154 4107 iis
2170 4092 2189 4125 ,
2236 4067 2320 4108 ex
2350 4045 2583 4132 quibus
2615 4045 3031 4112 Herodianus

1680 4153 1880 4208 merat
1945 4154 2009 4209 et
2061 4146 2129 4209 in
2180 4147 2561 4211 universum
2615 4170 2893 4212 canones
2920 4170 3035 4211 *ex

1680 4246 1856 4309 xime
1887 4256 2290 4329 statuuntur,
2349 4258 2565 4314 tamen
2610 4259 2674 4313 et
2718 4271 2802 4313 ex
2854 4272 3035 4335 pros-

1680 4370 1724 4409 x
1766 4348 1909 4432 ipso
1948 4348 2234 4414 Arcadio
2278 4350 2666 4437 perspicitur
2709 4352 2792 4416 ad
2837 4351 3035 4436 signi-

1680 4449 2041 4514 rodianum.
2100 4450 2390 4515 Maxime
2432 4474 2699 4517 necesse
2743 4452 2867 4517 hoc
2911 4454 3040 4517 fuit

1680 4552 1731 4614 si
1776 4561 2046 4615 accentu
2087 4575 2219 4618 non
2264 4554 2549 4618 discreta
2593 4563 2752 4617 erat.
2841 4555 3037 4619 Scho-

1684 4652 1826 4715 ffert
1880 4656 1954 4719 τὸ
2010 4654 2256 4721 ΑΡΓΟ(
2312 4658 2364 4722 εἰ
2423 4660 2537 4736 μὲν
2593 4658 2869 4736 ςημαίνει
2924 4659 3040 4723 τὸν

1680 4776 1789 4837 ται,
1845 4756 2122 4836 ςημαίνει
2177 4757 2384 4840 ὄνομα
2434 4760 2642 4823 τόπου
2697 4761 2801 4823 καὶ
2853 4762 3047 4825 κυνὸς

2589 4881 2624 4921 e
