3664 5546
1191 343 1351 400 ΠΕΡΙ
1393 341 1787 397 ΚΑΘΟΛΙΚΗ(
1825 340 2249 396 ΠΡΟΕΩιΔΙΑΕ
2290 341 2362 396 ΙΕ.
2938 340 3064 405 407

474 523 690 601 γενικῇ
734 522 811 600 τῇ
856 514 1088 596 κρέως,
1142 511 1384 594 ὤφειλε
1430 491 1713 590 ςυγκοπὴ
1759 512 2046 588 γενέςθαι
2091 512 2194 575 καὶ
2238 510 2308 576 ἐν
2353 517 2429 596 τῇ
2476 516 2710 593 δοτικῇ.
2783 511 3065 576 καθόλου

472 620 597 698 γὰρ
651 621 820 683 πᾶςα
871 616 1088 694 γενικὴ
1145 614 1624 693 ςυγκοπτομένη
1690 613 1822 692 ἔχει
1889 614 1992 677 καὶ
2056 614 2172 691 τὴν
2229 614 2485 690 δοτικὴν
2547 614 3067 692 ςυγκοπτομένην

475 720 621 786 οἷον
667 720 947 798 πατέρος
991 717 1232 795 πατρός
1275 716 1498 794 πατέρι
1542 715 1762 798 πατρί,
1818 716 2092 794 μητέρος
2135 714 2368 793 μητρός
2412 714 2628 793 μητέρι
2674 714 2886 796 μητρί,
2930 715 3064 793 Δη-

475 824 747 903 μήτερος
790 823 1136 900 Δήμητρος
1164 819 1491 899 Δημήτερι
1521 819 1847 900 Δήμητρι,
1893 816 2128 894 ἀνέρος
2172 815 2409 895 ἀνδρός
2455 815 2896 897 ἀνέρι«ἀνδρί,
2958 821 3064 881 θυ-

472 926 745 1004 γατέρος
789 923 1102 1001 θυγατρός
1147 921 1441 999 θυγατέρι
1486 918 1762 997 θυγατρί.
1852 919 1906 983 εἰ
1952 917 2072 983 οὖν
2116 924 2209 1001 τῷ
2252 919 2464 996 κρέατι
2508 918 2547 995 ἡ
2595 919 2809 995 δοτικὴ
2855 916 3059 995 ἀρχὴν
3090 928 3124 977 5

476 1025 556 1090 οὐ
601 1025 848 1104 δέχεται
895 1025 1219 1102 ςυγκοπὴν
1262 1026 1380 1086 τοῦ
1426 1025 1466 1085 ἇ
1497 1022 1600 1086 καὶ
1642 1025 1759 1085 τοῦ
1803 1023 1870 1103 τ,
1915 1020 2054 1084 ἐπεὶ
2082 1020 2218 1097 κρεῖ
2246 1019 2518 1098 ἤμελλεν
2562 1018 2759 1100 εἶναι,
2804 1020 2950 1084 νυνὶ
2994 1021 3065 1083 δὲ

475 1128 653 1206 κρέαϊ
697 1126 894 1209 ἐςτίν,
941 1123 1058 1191 οὐκ
1102 1124 1228 1203 ἄρα
1271 1125 1349 1201 δὴ
1395 1122 1548 1188 οὐδὲ
1591 1122 1631 1200 ἡ
1678 1122 1943 1200 κρέατος
1985 1122 2199 1199 γενικὴ
2245 1121 2509 1186 δύναται
2541 1121 2864 1200 ςυγκοπὴν
2910 1119 3063 1185 ἀνα-

475 1230 762 1295 δέξαςθαι
816 1231 933 1292 τοῦ
990 1230 1031 1291 ἇ
1084 1227 1187 1290 καὶ
1244 1228 1360 1289 τοῦ
1415 1227 1451 1288 ’ῖ-
1506 1225 1608 1289 καὶ
1661 1224 1949 1300 γενέςθαι
2005 1226 2123 1287 τοῦ
2180 1223 2363 1301 κρεός
2410 1221 2729 1290 ὀξυτόνως
2774 1221 3062 1286 κάκεῖθεν

473 1334 591 1394 τοῦ
647 1329 848 1408 κρεώς
901 1327 1140 1407 ὁμοίως
1196 1324 1518 1393 ὀξυτόνως
1575 1326 1719 1391 κατ’
1775 1325 2104 1390 ἑπέκταςιν
2166 1329 2282 1388 τοῦ
2348 1326 2387 1386 ὃ
2452 1323 2541 1389 εἰς
2596 1329 2683 1406 ὦ,
2747 1322 2910 1405 ἀλλ’,
2972 1323 3062 1388 ὡς

473 1431 745 1512 εἴρηται,
791 1428 975 1494 αὗται
1020 1428 1085 1493 αἱ
1127 1428 1369 1504 γενικαὶ
1412 1427 1570 1492 κατὰ
1613 1431 1830 1505 κρᾶςιν
1875 1426 2170 1502 γεγόναςι
2213 1427 2317 1489 καὶ
2362 1426 2764 1504 βαρύνονται.
3105 1435 3170 1486 10

642 1533 827 1597 Πᾶςα
889 1532 1105 1609 γενικὴ
1162 1529 1250 1594 εἰς
1307 1532 1388 1593 δῦ
1453 1530 1736 1607 λήγουςα
1791 1527 1925 1592 ἀπὸ
1986 1529 2102 1606 μὲν
2167 1527 2494 1595 ὀξυτόνων
2560 1526 2901 1606 ὀνομάτων
2965 1527 3067 1590 καὶ

474 1633 974 1713 περιςπωμένων
1041 1634 1415 1710 περιςπᾶται
1427 1679 1446 1713 ,
1514 1629 1706 1694 καλός
1779 1652 1813 1693 κ
1827 1650 1869 1693 α
1884 1632 1919 1693 λ
1935 1651 1972 1693 ο
1987 1633 2023 1693 ῦ
2035 1677 2053 1711 ,
2121 1629 2324 1708 ςοφός
2389 1649 2421 1693 ς
2434 1650 2472 1693 ο
2489 1650 2539 1708 φ
2554 1650 2592 1693 ο
2608 1633 2644 1692 ῦ
2659 1678 2677 1711 ,
2744 1627 3064 1707 ἀργυροῦς

363 1745 380 1760 ’
475 1737 858 1816 ἀργυροῦ,
904 1733 1125 1813 Ἑρμῆς
1171 1733 1473 1813 Ἑρμοῦ,
1530 1730 1660 1795 ἀπὸ
1719 1733 1790 1796 δὲ
1837 1730 2207 1811 βαρυτόνων
2253 1731 2381 1810 πρὸ
2427 1734 2570 1811 μιᾶς
2623 1730 2754 1809 ἔχει
2797 1731 2915 1796 τὸν
2960 1729 3064 1795 τό·

472 1857 595 1901 νον
610 1885 628 1917 ,
673 1835 958 1913 Ὅμηρος
1003 1834 1181 1913 Ὁμή
1197 1855 1232 1912 ρ
1247 1853 1284 1897 ο
1301 1856 1338 1896 υ
1353 1882 1372 1915 ,
1416 1836 1607 1910 νῆςος
1654 1833 1840 1910 νήςο
1856 1855 1909 1897 υ.

642 1938 825 2001 Πᾶςα
870 1936 1086 2000 εὐθεῖα
1131 1935 1220 1999 εἰς
1265 1940 1300 1999 Ε
1344 1935 1625 2012 λήγουςα
1667 1935 1769 1997 καὶ
1813 1933 2110 2019 ἀποβολῇ
2155 1937 2273 1998 τοῦ
2318 1936 2352 1997 ἰ
2394 1935 2511 2011 τὴν
2540 1935 2799 2012 γενικὴν
2829 1932 3061 1999 ἀποτε-
3104 1944 3164 1994 15

476 2043 673 2105 λοῦςα
716 2039 834 2104 τὸν
880 2036 1079 2102 αὐτὸν
1122 2039 1321 2103 τόνον
1351 2039 1528 2116 τηρεῖ
1557 2036 1660 2100 καὶ
1689 2036 1795 2099 ἐπὶ
1822 2039 1933 2115 τῆς
1962 2039 2215 2113 γενικῆς
2246 2033 2390 2100 οἷον
2421 2035 2696 2112 Φιλητᾶς
2735 2036 2791 2099 Φ
2807 2057 2825 2099 ι
2843 2038 2880 2099 λ
2895 2038 3034 2113 ητᾶ
3047 2084 3065 2118 ,

478 2141 702 2219 Μηνᾶς
736 2140 993 2220 Μηνᾶ,
1028 2139 1288 2217 Μητρᾶς
1322 2139 1621 2219 Μητρᾶ,
1668 2141 1940 2215 χρυςοῦς
1970 2140 2293 2219 χρυςοῦ,
2325 2134 2648 2214 ἀργυροῦς
2679 2135 3062 2219 ἀργυροῦ,

476 2242 723 2306 ἁπλοῦς
768 2240 1053 2322 ἁπλοῦ,
1100 2238 1324 2318 ὀρφῶς
1370 2238 1620 2319 ὀρφῶ,
1668 2239 1830 2302 λεώς
1875 2239 2056 2320 λεώ,
2100 2238 2265 2303 νεώς
2298 2237 2479 2320 νεώ,
2525 2236 2754 2302 εὔνους
2795 2237 3064 2320 εὔνου,

474 2343 800 2407 Ἀλκίνους
843 2340 1145 2405 Ἀλκίνο
1164 2362 1233 2422 υ,
1281 2341 1621 2422 Μενέλεως
1668 2339 2067 2420 Μενέλεω,
2112 2338 2895 2416 Πηνέλεως.Πηνέλεω.

645 2440 747 2506 Τὰ’
781 2441 1143 2505 ἐκτείνοντα
1185 2442 1260 2505 τὸ
1304 2444 1344 2502 ὃ
1391 2441 1479 2505 εἰς
1523 2442 1598 2505 τὸ
1646 2443 1699 2506 ὦ
1745 2441 1903 2505 κατὰ
1933 2442 2048 2519 τὴν
2078 2442 2334 2518 γενικὴν
2365 2440 2657 2504 Ἀττικῶς
2699 2440 2818 2505 τὸν
2863 2439 3063 2504 αὐτὸν
3100 2453 3168 2503 20

473 2545 671 2610 τόνον
730 2531 1161 2622 φυλᾶττουςιν
1218 2541 1440 2606 ὅντινα
1494 2540 1674 2621 εἶχον
1730 2543 1832 2605 καὶ
1888 2543 2014 2619 πρὸ
2081 2545 2191 2618 τῆς
2245 2541 2556 2606 ἑκτάςεως
2608 2545 2725 2606 τοῦ
2782 2545 2823 2605 ὄ
2877 2541 2965 2606 εἰς
3010 2547 3063 2605 ὦ

477 2643 621 2710 οἷον
673 2644 901 2708 πόλιος
956 2644 1294 2724 πόλεως,
1348 2643 1610 2721 μάντιος
1662 2644 2041 2725 μάντεως,
2095 2641 2288 2722 ὄφιος
2338 2641 2634 2725 ὄφεως,
2674 2644 2894 2709 -λέξιος
2942 2644 3062 2707 λέ-

474 2752 694 2827 ξεως,
741 2744 1029 2825 βαςιλέος
1076 2744 1483 2826 βαςιλέως,
1531 2744 1853 2822 Ἀχιλλέος
1898 2744 2261 2823 Ἀχιλλὲω
2280 2765 2345 2827 ς,
2401 2744 2657 2823 Ἀτρέος
2698 2745 3062 2827 Ἀτρέως,

474 2849 729 2927 Πηλέος
772 2846 1126 2927 Πηλέως,
1171 2845 1378 2923 ἱερέος
1422 2846 1710 2924 ἱερέως.
2602 2906 2613 2919 γ

641 2949 714 3014 Αἱ
759 2946 1179 3031 ςυνῃρημέναι
1222 2947 1501 3028 γενικαί,
1556 2947 1610 3011 εἰ
1669 2949 1784 3026 μὲν
1829 2949 2434 3027 προπαροξύνονται
2494 2948 2564 3013 ἐν
2622 2912 2698 3033 τῇ
2756 2948 3164 3031 ἐντελείᾳ,2ῡ

473 3051 968 3131 παροξύνονται
961 3049 1052 3113 ἐν
1094 3054 1171 3132 τῇ
1206 3050 1549 3127 ςυναιρέςει
1591 3047 1735 3113 οἷον
1769 3049 2223 3128 Δήμοςθένεος
2258 3051 2321 3113 Δ
2335 3072 2373 3129 η
2388 3073 2428 3129 μ
2442 3071 2480 3115 ο
2500 3073 2530 3115 ς
2544 3051 2625 3113 θ’
2595 3071 2624 3114 ε
2638 3071 2675 3115 ν
2691 3071 2728 3114 ο
2744 3073 2782 3114 υ
2797 3073 2827 3115 ς
2839 3100 2858 3132 ,
2899 3051 3059 3114 Διο-

473 3155 708 3232 μήδεο(
738 3151 1232 3233 Διομήδους,
1279 3149 1646 3228 (ωκράτεος
1676 3146 2040 3228 (ωκράτο
2060 3171 2172 3231 υς,
2218 3152 2473 3231 έρέβεος
2505 3152 2863 3233 ἐρέβους,
2908 3152 3057 3230 θάρ-

475 3274 636 3318 ςεος.
677 3253 862 3330 θάρς
882 3273 1049 3333 ους,
1114 3252 1358 3331 τείχεος
1423 3252 1766 3335 τείχους,
1836 3252 2057 3331 βέλεος
2113 3253 2191 3332 βέ
2212 3255 2453 3347 λουςδ
2497 3252 2727 3330 κρέαος
2782 3254 3057 3335 κρέως,
3154 3334 3163 3343 .

473 3357 714 3433 γήραος
759 3354 848 3431 γή
865 3375 902 3433 ρ
915 3376 969 3417 ω
984 3372 1042 3419 ς·
1091 3354 1146 3417 εἰ
1189 3354 1260 3417 δὲ
1304 3354 1777 3432 παροξύνονται
1822 3353 1894 3418 ἐν
1924 3360 1999 3436 τῇ
2031 3353 2314 3436 ἐντελείᾳ
2329 3403 2347 3435 ,
2391 3359 2820 3432 περιςπῶνται
2864 3354 2934 3419 ἐν
2979 3362 3056 3437 τῇ

475 3456 820 3534 ςυναιρέςει
890 3454 1036 3519 οἷον
1113 3454 1404 3535 εὐςεβέος
1477 3476 1508 3520 ε
1522 3456 1559 3519 ὐ
1579 3477 1609 3521 ς
1623 3476 1652 3519 ε
1666 3460 1701 3534 β
1716 3476 1754 3519 ο
1768 3460 1805 3519 ῦ
1819 3477 1850 3520 ς
1865 3505 1883 3537 ,
1961 3455 2260 3531 εὐγενέος
2332 3476 2362 3519 ε
2380 3456 2417 3519 ὐ
2432 3477 2471 3532 γ
2485 3477 2514 3520 ε
2530 3477 2568 3520 ν
2582 3477 2619 3520 ο
2635 3460 2671 3519 ῦ
2685 3478 2716 3520 ς
2730 3505 2747 3537 ,
2808 3456 3055 3534 Λητόος
3092 3461 3159 3513 30

473 3558 805 3638 Λητοῦς,
852 3556 1157 3636 (απφόος
1189 3556 1588 3638 (απφοῦς,
1637 3556 1996 3635 Ἐρετριέως
2030 3556 2456 3639 Ἐρετριῶς,
2487 3558 2846 3636 Πειραιέως
2870 3558 2976 3621 Πε
2995 3580 3012 3622 ι
3030 3596 3055 3607 -

476 3663 713 3737 ραιῶς
731 3707 750 3740 ,
797 3657 1121 3735 (τειριέως
1167 3657 1544 3736 (τειριῶς.

641 3760 714 3823 Αἱ
760 3760 863 3823 διὰ
907 3762 1024 3823 τοῦ
1071 3759 1173 3822 (δι-ο
1220 3760 1592 3823 Θετταλικαὶ
1633 3760 1874 3836 γενικαί
1887 3810 1905 3842 ,
1951 3762 2005 3824 εἰ
2049 3763 2164 3840 μὲν
2209 3761 2341 3826 ἀπὸ
2384 3762 2881 3841 περιςπωμένων
2927 3783 3055 3827 κοι-

473 3868 608 3929 νῶν
639 3865 907 3938 γενικῶν
941 3859 1050 3924 ὦςι
1064 3909 1082 3943 ,
1129 3867 1684 3938 προπεριςπῶνται
1718 3860 1864 3926 οἷον
1897 3867 2096 3927 καλοῦ
2127 3846 2216 3926 κά
2231 3865 2268 3926 λ
2282 3884 2318 3926 ο
2333 3866 2408 3927 ῑο
2422 3913 2440 3945 ,
2487 3867 2698 3943 ςοφοῦ
2730 3886 2760 3928 ς
2774 3884 2876 3944 οφ
2891 3885 2929 3928 ο
2943 3867 3018 3928 ῖό
3035 3914 3052 3945 ,

475 3967 705 4042 ςεμνοῦ
752 3982 825 4027 ςε
839 3984 879 4042 μ
894 3983 929 4026 ν
945 3983 981 4026 ο
996 3966 1021 4025 ῖ
1036 3982 1073 4025 ο
1088 4011 1105 4044 ,
1152 3966 1445 4040 ποταμοῦ
1491 3984 1537 4026 π
1551 3983 1636 4027 οτ
1650 3984 1691 4027 α
1703 3986 1743 4042 μ
1757 3984 1795 4027 ο
1809 3966 1835 4026 ἲ
1849 3984 1886 4027 ο
1898 4013 1917 4044 ,
1964 3965 2018 4028 εἰ
2063 3966 2133 4028 δὲ
2178 3965 2309 4029 ἀπὸ
2358 3966 2813 4045 βαρυνομένων
2827 4014 2845 4046 ,
2890 3986 3048 4042 προ-
3088 3974 3151 4024 35

473 4186 655 4249 recepi
693 4200 760 4234 ex
798 4184 992 4233 Choer.
1032 4185 1150 4243 387,
1187 4185 1236 4244 9,
1273 4183 1368 4246 ubj
1408 4184 1443 4232 1.
1482 4188 1513 4234 3
1550 4182 1755 4233 diserte
1793 4187 1878 4248 τῷ
1915 4182 1976 4234 δὲ
2013 4182 2338 4249 Ἡρωδιανῷ
2376 4183 2443 4237 οὐ
2477 4185 2630 4236 δοκεῖ
2665 4188 2868 4248 τοῦτο,
2905 4183 3050 4236 ἀλλὰ

472 4256 654 4304 ταῦτα
692 4250 1016 4316 βαρυτόνως
1052 4249 1262 4303 δοξάΖ-ει
1298 4249 1577 4314 λέγεςθαι,
1627 4267 1723 4315 pro
1769 4253 1970 4315 quibus
2014 4252 2201 4302 verbis
2247 4253 2430 4316 posui.
2477 4250 2620 4303 ἀλλὰ
2664 4255 2844 4303 ταῦτα
2889 4254 3050 4316 βαρυ-

473 4319 764 4385 τονητέον.
867 4320 903 4368 1.
944 4321 1141 4369 11-14
1178 4335 1244 4369 ex
1278 4318 1662 4386 10.A1.9„34
1699 4317 1791 4381 (ab
1816 4319 2049 4369 Αιοειᾶίο
2085 4320 2223 4370 haee
2258 4320 2498 4383 absunt).
2599 4320 2728 4371 115
2763 4338 2830 4370 ex
2858 4321 3051 4370 Choor.

472 4393 586 4451 412,
626 4393 682 4449 9;
761 4404 819 4437 ro
857 4387 1107 4438 πλακοῦς
1145 4386 1394 4449 πλακοῦ,
1439 4386 1582 4451 quod
1621 4387 1933 4437 declinatur
1968 4388 2351 4451 πλακοῦντος,
2395 4389 2556 4452 posui
2590 4386 2807 4440 ἁπλοῦς
2843 4387 3048 4451 ἁπλοῦ,

471 4473 568 4522 pro
603 4454 707 4507 ἀκλ
733 4468 865 4506 νους
900 4451 1129 4505 ἅκλίνου
1168 4404 1473 4506 Ἀλκίνους
1494 4452 1764 4505 ’.Αλκίνου
1902 4454 1939 4509 l.
1976 4458 2041 4506 20
2078 4455 2427 4517 Choer.412‚
2466 4458 2545 4505 16.
2603 4488 2619 4504 .
2684 4456 2716 4508 1.
2754 4459 2819 4506 25
2856 4456 3050 4507 Choer.

471 4527 599 4587 412,
635 4528 716 4574 21.
767 4549 829 4558 -
876 4519 1169 4586 (τειριέως
1215 4519 1479 4585 ζτειριῶς
1525 4523 1694 4572 habet
1739 4524 1909 4572 etiam
1955 4524 2033 4573 St.
2072 4525 2132 4575 B.
2181 4525 2307 4586 584,
2344 4526 2376 4573 4
2421 4520 2652 4587 ζτειριά.
2724 4522 2756 4575 ὁ
2801 4522 3050 4589 δημότης

476 4589 750 4655 (τειριεύς
786 4588 1077 4653 (τειριέως
1119 4590 1208 4640 καὶ
1246 4588 1388 4640 κατὰ
1424 4588 1731 4653 ςυναίρεςιν
1767 4587 2047 4654 (τειριῶς.
2185 4590 2221 4643 l.
2257 4594 2325 4642 33
2363 4590 2558 4642 Choer.
2594 4594 2711 4654 412,
2750 4594 2813 4642 31
2855 4592 2945 4654 (cf.
2986 4592 3049 4642 11.

475 4660 563 4708 Pr.
598 4658 639 4711 Α
675 4659 826 4722 493);
866 4659 1089 4708 transiit
1121 4659 1180 4707 in
1215 4659 1318 4722 Ep.
1359 4658 1447 4707 Cr.
1483 4659 1509 4707 1
1545 4661 1671 4714 212,
1708 4662 1739 4708 6
1776 4662 1835 4707 et
1867 4659 1970 4708 An.
2009 4661 2107 4710 Ox.
2146 4659 2230 4710 111
2263 4661 2390 4718 229,
2426 4661 2459 4708 4
2496 4657 2650 4723 (περὶ
2688 4658 3051 4723 παραγώγων

477 4716 676 4844 &Lab-s
711 4724 1077 4791 παραλόγων]
1117 4727 1360 4789 γενικῶν
1398 4725 1540 4787 κατὰ
1575 4723 1894 4789 διάλεκτον)
1933 4733 1989 4777 et
2025 4728 2126 4779 An.
2167 4727 2291 4780 Par.
2328 4727 2409 4777 111
2447 4730 2573 4791 313,
2613 4731 2679 4779 25
2729 4729 2823 4778 ubi
2858 4726 3050 4795 γενικὴ

521 4793 749 4857 οιωτικὴ
787 4793 877 4844 καὶ
914 4791 1141 4858 Αἰολική
1178 4798 1424 4846 vocatur.
