3664 5546
1228 316 1385 372 ΠΕΡΙ
1429 316 1820 373 ΚΑΘΟΛΙΚΗ(
1858 315 2280 374 ΠΡΟΕΩιΔΙΑ(
2322 317 2378 370 Κ.
3000 320 3123 385 547

541 489 927 566 «Ῥαρίδος
970 489 1233 566 Δηοῦς»
1280 489 1383 552 καὶ
1425 488 1681 567 Ῥαρία
1724 494 1804 568 γῆ
1850 491 1952 553 καὶ
1996 488 2336 568 Ῥαριάς,
2395 487 2671 565 ςημαίνει
2717 489 2788 550 δὲ
2830 489 2946 566 τὴν
2991 489 3126 567 Δή-

537 609 772 672 μητρα,
817 589 919 653 καὶ
962 589 1271 667 Ῥάριον
1316 590 1542 655 πεδίον
1589 590 1658 654 ἐν
1706 591 2037 672 Ἐλευςῑνι,
2084 588 2188 651 ἐπὶ
2230 587 2483 653 τούτων
2527 589 2649 665 γάρ
2695 609 2846 668 φαςι
2891 591 2965 653 τὸ
3012 592 3125 669 μὲν

537 693 801 767 πρῶτον
845 691 882 766 ὃ
928 691 1295 773 ψιλοῦςθαι,
1342 692 1419 755 τὸ
1463 693 1534 755 δὲ
1580 692 1884 769 δεύτερον
1930 691 2314 754 δαςύνεςθαι.
2398 688 2564 752 ἀλλὰ
2607 690 2686 751 τὰ
2731 690 2850 753 δύο
2895 694 2974 767 ᾧ
3020 713 3123 768 ψι-
3223 719 3235 730 ·

539 792 785 854 λωτέον
823 790 928 854 ἐπὶ
956 791 1207 856 τούτων
1242 794 1345 856 καὶ
1376 792 1534 857 κατὰ
1556 793 1672 870 τὴν
1696 794 1959 872 πρώτην
1997 792 2313 870 ςυλλαβὴν
2339 790 2442 853 καὶ
2472 790 2629 853 κατὰ
2655 790 2770 867 τὴν
2802 791 3123 869 δευτέραν.

708 891 798 954 Τό
845 893 913 973 ἴ),
959 891 1074 955 ἐὰν
1120 893 1330 957 διςςόν
1374 894 1632 971 γένηται
1678 893 1749 958 ἐν
1793 895 1944 976 μέςῃ
1991 892 2181 973 λέξει,
2226 892 2300 954 τὸ
2346 892 2460 969 μὲν
2491 895 2753 969 πρῶτον
2800 881 3121 975 ψιλοῦται,
3151 906 3182 954 5

536 992 612 1055 τὸ
657 992 727 1055 δὲ
773 990 1078 1069 δεύτερον
1123 993 1456 1058 δαςύνεται
1502 992 1648 1058 οἶον
1694 993 2123 1072 ςυῤῥάπτω.

715 1115 750 1150 ιε
793 1092 884 1156 Τὸ
926 1096 1178 1181 πνεῦμα
1221 1095 1380 1158 κατὰ
1423 1096 1539 1172 τὴν
1586 1094 1789 1173 ἀρχὴν
1834 1094 1934 1158 ἀεὶ
1977 1094 2298 1175 φαίνεται,
2343 1094 2446 1157 καὶ
2491 1095 2681 1171 μέςον
2727 1093 3025 1170 ὀλιγάκις.

710 1217 748 1252 -κ
792 1192 929 1257 Ἐπὶ
970 1198 1100 1259 τῶν
1147 1199 1623 1274 ςχετλιαςτικῶν
1669 1195 1805 1259 ἔςθ’
1862 1195 1970 1259 ὅτε
2024 1196 2099 1258 τὸ
2146 1193 2300 1257 δαςὺ
2346 1197 2594 1272 πνεῦμα
2639 1193 2891 1269 ἀλόγως
2935 1195 3006 1259 ἐν
3050 1202 3132 1278 τῇ

541 1293 818 1377 ληγούςῃ
865 1297 1143 1379 ςυλλαβῇ
1188 1295 1444 1379 ὁρᾶται,
1493 1298 1583 1361 ὡς
1627 1297 1757 1375 ἔχει
1800 1297 1877 1359 τὸ
1924 1294 2128 1376 εὐοῖ,
2173 1293 2392 1377 εὔὰν,
2439 1293 2622 1357 εύαῖ.

705 1421 743 1456 κ·
792 1396 1259 1474 Δαςυνομένου
1303 1398 1683 1477 φωνήεντος
1737 1396 2215 1476 ἐπιφερομένου
2259 1395 2335 1458 τὸ
2379 1396 2874 1475 προηγούμενον
2923 1401 3123 1475 ψιλὸν
3164 1408 3228 1456 10
3303 1380 3310 1402 “

537 1496 832 1574 τρέπεται
863 1496 951 1561 εἰς
980 1498 1054 1560 τὸ
1086 1496 1486 1576 ἀντίςτοιχον
1519 1500 1696 1581 δᾳςύ,
1726 1499 1886 1563 κατὰ
1915 1497 2095 1576 ἡμῶν
2126 1496 2296 1559 καθ’
2325 1495 2557 1574 ἡμῶν.
2591 1499 2666 1561 τὸ
2698 1499 2770 1561 δὲ
2803 1497 3124 1563 ἀνάπαλιν

516 1596 654 1689 κοῦ,
698 1596 753 1661 εἰ
796 1599 879 1677 μὴ
925 1598 1084 1662 κατὰ
1128 1598 1460 1664 διάλεκτον
1498 1606 1729 1682 τραπῇ.
1775 1601 1852 1691 τὸ
1896 1598 2019 1677 γὰρ
2064 1596 2544 1676 ἀμπέχεςθαι
2590 1598 2887 1663 Αἰολικόν
2933 1599 3123 1664 ἐςτιν.

542 1781 735 1847 Ῥἃρος
771 1811 837 1818 -
870 1783 961 1833 καὶ
998 1783 1167 1848 χωρὶς
1191 1787 1312 1835 τῶν
1338 1784 1393 1836 ἐξ
1418 1784 1595 1837 αὐτοῦ
1623 1784 1747 1837 οἷον
1776 1812 1839 1821 —-
1868 1782 2115 1849 Ῥαρίδος
2142 1783 2334 1847 Δηοῦς
2364 1784 2572 1834 inserui
2601 1800 2668 1833 ex
2693 1787 2840 1839 Mon.
2867 1788 2962 1848 35,
2992 1788 3024 1836 6
3060 1814 3127 1821 -

540 1849 630 1901 καὶ
669 1849 856 1914 Ῥαρία
891 1853 963 1915 γῆ
1001 1851 1090 1902 καί
1131 1850 1344 1916 Ῥᾳριάς
1380 1881 1445 1892 --
1485 1852 1673 1918 Ῥαρία
1709 1856 1781 1918 γῆ
1822 1860 1880 1903 ot
1906 1851 2122 1916 Ῥαριάς
2159 1850 2194 1912 ἡ
2230 1850 2505 1915 Δημήτηρ
2543 1851 2713 1903 habet
2749 1853 2917 1903 etiam
2954 1854 3035 1905 st.
3062 1856 3125 1904 Β.

539 1921 655 1981 543,
686 1920 747 1967 12
772 1946 837 1953 -
863 1919 952 1968 καί
979 1917 1198 1983 Ῥάριον
1234 1917 1431 1971 πεδίον
1456 1948 1519 1957 —-
1544 1920 1605 1972 ἐν
1630 1920 1896 1973 Ἐλευςῖνι
1932 1920 2110 1970 adieci
2138 1935 2206 1968 ex
2232 1920 2309 1969 St.
2337 1922 2399 1969 B.
2428 1946 2494 1952 ——
2531 1923 2633 1971 eto.
2661 1935 2836 1985 usque
2873 1921 2944 1970 ad
2968 1920 3127 1972 δαςύ-

537 1987 741 2037 νεςθαι.
790 1990 905 2036 tum
940 1990 1188 2051 sequitur
1223 1986 1255 2038 ὁ
1292 1986 1482 2051 μέντοι
1520 1988 1863 2053 Ἡρωδιανὸς
1901 1986 1963 2039 ἐν
1999 1990 2085 2053 τῷ
2138 1984 2372 2049 εἰκοςτῷ
2412 1983 2603 2051 βιβλίῳ
2639 1987 2742 2050 τῆς
2777 1987 3022 2039 καθόλου
3055 1989 3127 2040 τά

539 2052 641 2104 δύο
675 2057 744 2117 (sp
780 2054 897 2103 κτλ.
1025 2055 1061 2104 1.
1101 2058 1132 2105 5
1167 2056 1361 2107 Arcad.
1397 2059 1516 2120 200,
1552 2060 1635 2108 23.
1757 2057 1795 2107 1.
1834 2059 1863 2107 7
1899 2056 2040 2106 haec
2075 2056 2246 2104 verba
2279 2056 2399 2119 ipse
2438 2069 2541 2117 ope
2577 2054 2891 2120 Arcadiipp.
2921 2060 3035 2119 190,
3061 2060 3127 2106 25

538 2120 687 2174 finxi.
759 2122 898 2172 Nam
942 2121 1454 2187 interaspirationis
1492 2125 1793 2176 doctrinam
1843 2137 2169 2187 quamquam
2212 2122 2271 2170 in
2306 2121 2575 2171 Prosodia
2610 2122 2911 2173 Homerica
2958 2123 3126 2187 pluri-

538 2190 642 2238 mis
678 2189 817 2239 locis
855 2188 1111 2254 explicite
1148 2195 1393 2241 tractata
1431 2191 1563 2255 fuit,
1609 2197 1794 2241 tamen
1838 2191 1896 2239 in
1944 2189 2234 2239 catholica
2279 2188 2459 2238 obiter
2503 2194 2657 2238 certe
2701 2195 2908 2239 tactam
2953 2191 3124 2241 fuisse

538 2256 877 2309 crediderim.
950 2256 1115 2307 Nolui
1149 2258 1240 2307 hic
1284 2260 1489 2317 iterate
1528 2273 1671 2323 quae
1708 2261 2042 2322 praeceptor
2079 2255 2420 2305 clarissimus
2454 2256 2514 2304 in
2547 2258 2715 2306 Arist.
2755 2257 2899 2307 stud.
2936 2274 2986 2322 p.
3026 2261 3125 2308 304

540 2327 707 2375 —330
743 2324 828 2377 ed.
853 2324 909 2373 11
947 2323 1014 2373 de
1050 2325 1155 2373 hac
1190 2326 1423 2374 materia
1448 2325 1703 2390 exposuit
1727 2325 2131 2389 copiosissime,
2170 2324 2305 2373 satis
2340 2322 2511 2372 habui
2555 2338 2721 2373 unum
2764 2330 3122 2390 praeceptum

541 2392 608 2441 de
647 2392 752 2441 hac
788 2406 847 2439 re
884 2406 950 2440 ex
985 2390 1234 2456 Theogn.
1274 2393 1396 2449 158,
1435 2395 1502 2443 20
1543 2392 1634 2441 hic
1679 2397 1937 2457 repetere
1972 2390 2009 2439 l.
2044 2392 2077 2440 8
2125 2396 2182 2440 et
2217 2394 2248 2441 9
2295 2395 2352 2440 et
2399 2390 2550 2440 locos
2586 2392 2886 2442 Prosodiae
2924 2393 3124 2442 Home-

540 2461 715 2516 ricae,
752 2458 811 2507 in
849 2458 1046 2521 quibus
1083 2458 1175 2507 hic
1212 2459 1497 2523 prosodiae
1534 2459 1689 2510 locus
1727 2460 1998 2524 tangitur,
2039 2473 2356 2507 enumerare
2399 2456 2441 2508 Α
2467 2460 2499 2507 8
2540 2457 2799 2522 ξυνὲηκε,
2839 2458 2878 2509 Β
2915 2463 3015 2511 207
3051 2457 3126 2509 δί-

543 2524 644 2574 ἑπε
692 2525 761 2573 cf.
797 2521 842 2574 Ω
876 2525 994 2585 247,
1041 2523 1108 2575 Δ.
1128 2527 1228 2575 346
1266 2523 1581 2590 μελιηδέος,
1629 2526 1671 2578 Χ
1708 2530 1804 2577 261
1854 2523 2269 2589 ςυνὴμοςύνας,
2316 2525 2364 2577 Ψ
2403 2528 2499 2575 135
2544 2524 2908 2590 καταεῖνυον,
2946 2525 2987 2576 Λ
3026 2530 3125 2578 358

542 2589 904 2653 καταεῖςατο,
946 2589 983 2642 Κ
1020 2594 1120 2641 466
1154 2591 1377 2657 δέέλον,
1425 2592 1473 2644 Ζ
1509 2595 1608 2645 348
1645 2592 1912 2657 ἀπόέρςε,
1959 2591 1996 2645 Ε
2037 2595 2133 2643 163
2179 2591 2453 2643 ἀὲκοντας
2500 2592 2575 2644 cs.
2615 2591 2658 2644 Α
2695 2597 2810 2644 301.
2848 2621 2912 2630 -
2949 2593 2988 2646 C
3026 2597 3126 2644 584

541 2656 816 2720 ἐνδίεςαν,
864 2658 958 2708 ubi
1002 2660 1238 2709 Ptolem.
1286 2658 1550 2712 ἐνδίὲςαν.
1621 2662 1651 2724 β
1701 2664 1797 2712 185
1843 2648 2083 2725 ἀνὶείης,
2129 2661 2226 2711 ubi
2268 2659 2601 2710 Hellanicus
2644 2658 2871 2726 ἀνιείης.
2945 2660 2986 2711 Ν
3026 2665 3122 2713 381

544 2724 863 2789 ςυνῶμεθα,
902 2723 946 2777 Ω
982 2728 1081 2778 235
1117 2723 1353 2793 ἐξὲςίην,
1390 2727 1447 2780 Π
1471 2732 1570 2780 558
1607 2727 1863 2793 ἐςῆλατο.
1913 2728 1956 2782 Α
1983 2731 2081 2780 533
2118 2726 2379 2779 ἅνάλτον.
2428 2724 2477 2777 Φ
2503 2730 2602 2779 262
2640 2726 2889 2791 προάλεῖ.
2953 2729 3000 2781 Ξ
3027 2732 3128 2782 340

544 2792 762 2856 εὔαδεν,
804 2792 846 2845 Ν
883 2795 985 2845 450
1020 2793 1311 2859 ἐπίουρον,
1349 2810 1383 2859 ρ
1417 2800 1516 2847 352
1556 2798 1823 2862 προΐκτῃ,
1861 2812 1894 2860 ρ
1929 2799 2030 2848 455
2067 2795 2187 2847 οὐδ’
2211 2795 2347 2859 ἅλα,
2385 2796 2482 2845 ubi
2522 2796 2876 2860 Callistratus
2913 2796 3125 2849 οὔδαλα

540 2860 615 2912 τὰ
650 2860 762 2912 κόπ
800 2874 869 2913 ια.
941 2876 985 2924 ψ
1022 2865 1053 2913 3
1090 2861 1582 2927 ὑπερικταίνοντο,
1623 2864 1665 2916 Α
1703 2869 1801 2917 567
1840 2862 2118 2926 ἀάπτους,
2160 2879 2197 2927 μ
2220 2866 2285 2915 89
2322 2861 2512 2927 ἄωροι.
2582 2861 2626 2913 Ω
2649 2865 2750 2914 540
2784 2864 2986 2915 παναῶ
3025 2880 3125 2916 ιον.

543 2926 580 2981 Ε
619 2932 682 2979 76
719 2926 1082 2993 Ευαιμονίδης
1106 2956 1169 2965 -
1198 2929 1478 2983 Φίλιππος
1504 2931 1901 2996 Μελάνιππος,
1941 2931 2248 2996 πολύμνια,
2284 2928 2593 2994 Εὐρύαλος,
2635 2929 2947 2995 Ἀγχίαλος,
3033 2931 3126 2982 άν-

544 2996 743 3061 ὁρμος,
779 2994 1062 3059 Ἔφιππος
1098 3024 1164 3032 -—-
1204 3000 1277 3049 cf.
1320 2999 1361 3050 Η
1408 3002 1529 3062 167,
1566 2998 1612 3051 Θ
1649 3003 1767 3050 276.
1810 3028 1876 3036 -
1913 2998 1959 3050 Ο
1998 3003 2097 3051 705
2134 2997 2419 3060 ὠκύάλος,
2466 2996 2523 3048 Π
2558 3001 2657 3048 635
2694 2996 3029 3063 εὐρυόδείης.
3089 2998 3127 3052 Ε

541 3067 641 3114 289
676 3064 1031 3127 ταλαύρινον.
1066 3081 1135 3101 -·
1168 3067 1206 3119 l.
1246 3069 1309 3117 10
1343 3066 1542 3116 Arcad.
1585 3070 1699 3130 175,
1738 3070 1818 3120 18.
1857 3070 1996 3118 Nam
2036 3084 2200 3132 quum
2239 3083 2329 3125 ea,
2368 3081 2509 3130 quae
2545 3066 2749 3116 ibidem
2784 3068 2819 3128 1⁸.
2846 3071 3022 3118 ’1-17
3059 3068 3125 3118 de

542 3134 865 3183 accentibus
888 3133 1218 3195 traduntur,
1259 3140 1568 3199 congruant
1604 3135 1720 3184 fere
1749 3151 1871 3185 cum
1894 3138 2100 3187 Ioanne
2127 3133 2421 3185 Alexandr.
2457 3133 2514 3181 in
2539 3135 2834 3197 prooemio,
2872 3141 2934 3185 ut
2959 3150 3126 3201 supra

543 3217 594 3264 p.
615 3202 695 3260 10,
721 3203 751 3250 3
778 3199 1013 3258 ostendi,
1051 3201 1286 3251 coniicio
1311 3203 1478 3252 etiam
1502 3203 1639 3253 haec
1668 3203 1735 3253 de
1761 3203 1987 3268 spiritus
2013 3203 2197 3268 asperi
2222 3203 2279 3251 in
2303 3201 2720 3266 praecedentem
2749 3218 3044 3253 consonam
3069 3204 3126 3254 vi

545 3283 612 3316 ex
635 3266 952 3317 Herodiano
989 3267 1313 3334 deprompta
1351 3275 1408 3318 et
1444 3269 1510 3319 de
1552 3286 1648 3320 suo
1685 3271 1956 3334 loco,.qui
1995 3270 2101 3319 fuit
2137 3270 2194 3318 in
2229 3269 2370 3318 libro
2407 3267 2533 3331 περὶ
2573 3268 2941 3332 πνευμάτων,
2977 3277 3125 3321 mota

543 3349 684 3386 esse.
755 3336 894 3384 Nam
930 3335 1059 3385 inde
1096 3336 1240 3400 quod
1276 3337 1335 3386 in
1370 3339 1517 3389 Mon.
1542 3340 1626 3401 45,
1654 3340 1716 3388 19
1753 3335 1948 3401 (ἀμφί;
1987 3334 2218 3399 οὐδεμία
2254 3334 2513 3398 πρόθεςις
2547 3334 2636 3386 διὰ
2670 3335 2860 3388 δαςέος
2897 3336 3123 3401 ςυμφώ-

544 3415 646 3451 νου
684 3400 1004 3465 ἐκφέρεται,
1043 3401 1187 3453 ἀλλὰ
1225 3402 1401 3465 μόνον
1437 3404 1506 3455 τὸ
1543 3403 1700 3468 ἀμφί.
1749 3404 1973 3466 λέγεται
2008 3403 2058 3454 δ’
2094 3402 2205 3454 ἔςθ’
2241 3402 2339 3453 ὅτε
2375 3402 2466 3453 καὶ
2492 3401 2632 3464 ἀμπί
2669 3402 2731 3455 ἐν
2768 3404 3011 3456 ςυνθέςει
3036 3404 3125 3456 διὰ

543 3469 645 3518 τοῦ
683 3472 734 3518 ff
761 3469 849 3519 καὶ
886 3467 1022 3521 ἷςωε
1055 3468 1512 3536 ἀναλογώτερον)
1540 3473 1893 3522 Herodianus
1915 3473 2201 3522 Aeolicum
2238 3486 2359 3520 esse
2396 3468 2537 3533 ἀμπί
2574 3487 2684 3520 non
2720 3472 2928 3522 diserte
2965 3472 3121 3535 dicit,

544 3552 650 3586 non
689 3552 808 3585 cum
843 3536 1110 3587 Ahrensio
1148 3538 1214 3588 de
1252 3539 1383 3591 dial.
1422 3539 1573 3589 Aeol.
1600 3556 1650 3605 p.
1676 3543 1741 3590 43
1770 3545 1885 3590 not.
1914 3542 1945 3590 8
1983 3539 2347 3589 concluserim
2384 3540 2436 3588 ei
2473 3537 2758 3588 Aeolicum
2794 3537 2935 3602 ἀμπί
2971 3541 3123 3605 igno-

546 3604 897 3657 tum'fuisse.
965 3607 1032 3656 In
1074 3606 1223 3659 Mon.
1266 3607 1389 3657 loco
1435 3607 1571 3656 nihil
1616 3607 1902 3669 interfuit',
1939 3608 2032 3657 cui
2074 3606 2317 3656 dialecto
2363 3602 2504 3667 ἀμπί
2548 3606 2761 3670 privum
2808 3613 2978 3672 esset,
3024 3608 3125 3658 sed

544 3676 789 3733 tantum,
829 3687 948 3721 csse
983 3671 1215 3723 alteram
1253 3674 1480 3724 formam
1505 3676 1802 3740 analogiae
1842 3674 2365 3726 convenientiorem.
2413 3673 2479 3722 In
2502 3674 2603 3738 Ep.
2634 3674 2725 3727 Cr.
2753 3675 2781 3724 I
2805 3676 2886 3736 66,
2912 3678 2978 3726 23
3002 3677 3124 3725 loco

544 3739 762 3791 Monad.
792 3738 1060 3790 simillimo
1094 3739 1355 3806 legimus:
1393 3741 1704 3806 ςημειώδης
1740 3740 1775 3803 ἡ
1815 3740 1984 3806 ἀμφί,
2022 3741 2110 3793 ὅτι
2148 3740 2292 3805 μόνη
2329 3739 2440 3804 ἔχει
2475 3739 2610 3791 δαςὺ
2647 3740 2978 3805 ςύμφωνον·
3016 3741 3124 3793 διό-

546 3819 653 3869 περ
691 3802 906 3856 Αἰολεῖς
944 3804 1090 3868 ’ἀμπί
1134 3806 1351 3870 λέγουςι
1395 3808 1483 3859 διὰ
1526 3810 1876 3873 τούψιλοῦ,
1920 3810 1991 3860 τὸ
2037 3807 2415 3872 ὀφειλόμενον
2468 3810 2693 3871 πνεῦμα
2735 3808 3124 3861 ἀποδιδόντες·

546 3871 776 3937 εὕρηται
827 3872 887 3923 δέ
935 3874 1025 3924 καὶ
1069 3873 1130 3929 ἐν
1177 3874 1421 3927 ςυνθέςει
1466 3877 1535 3927 τὸ
1578 3880 1630 3927 ‘ff
1666 3877 1866 3940 ἔχουςα
1914 3876 2065 3941 παρὰ
2102 3876 2373 3928 Ἀττικοῖς
2418 3873 2737 3940 ἀμπεχόνη,
2785 3875 3124 3940 ἀμπίςχουςι.

545 3940 841 3990 Praeterea
885 3942 1053 3992 verba
1098 3941 1168 3993 τὸ
1213 3942 1274 3994 δὲ
1319 3941 1597 3995 ἀνάπαλιν
1652 3944 1718 3995 οὔ
1772 3946 2022 3996 excitant
2065 3945 2378 3994 memoriam
2422 3942 2810 3993 IIerodianeae
2864 3945 3125 3995 dictionis

545 4005 650 4058 οὐκ
685 4005 1020 4071 ἀναςτρὲφει
1055 4009 1089 4060 ό
1126 4009 1319 4060 κανών
1356 4010 1425 4072 (e.
1465 4028 1517 4076 g.
1553 4012 1623 4064 11.
1649 4013 1737 4062 Pr.
1777 4012 1790 4063 Ι
1835 4011 1974 4076 150).
2042 4011 2279 4060 Arcadio
2315 4009 2518 4060 similia
2553 4008 2723 4059 habet
2760 4011 3026 4062 Choerob.
3067 4014 3124 4061 in

545 4074 723 4127 Bekk.
759 4077 862 4130 An.
902 4079 1017 4138 704,
1055 4080 1146 4128 28:
1184 4077 1561 4142 δαςυνομένου
1598 4077 1935 4144 φωνήεντος
1982 4076 2394 4141 ἐπιφερομένου
2439 4074 2704 4140 τρέπεται
2739 4077 2809 4128 τὸ
2845 4078 3124 4143 προηγού-

547 4156 719 4203 μενον
753 4141 925 4206 ψιλὸν
971 4141 1050 4194 εἰς
1084 4143 1154 4195 τὸ
1192 4143 1543 4209 ἀντίςτοιχον
1586 4147 1656 4197 τὸ
1701 4145 1836 4197 δαςὺ
1884 4143 2010 4196 οἷον
2054 4143 2198 4195 κατὰ
2245 4143 2410 4206 ἡμῶν
2447 4170 2514 4178 —
2550 4142 2686 4194 καθ’
2720 4143 2910 4209 ἡμῶν·
2955 4146 3027 4197 τὰ
3063 4147 3123 4197 δέ

544 4208 712 4260 δαςέα
749 4210 1093 4274 ψιλουμένου
1129 4211 1467 4276 φωνήεντος
1505 4212 1945 4278 ἐπιφερομένου,
1984 4211 2085 4264 ἅτε
2120 4212 2187 4275 δὴ
2217 4209 2539 4275 ἰςχυρότερα
2578 4210 2746 4277 ὄντα,
2783 4213 2852 4264 οὐ
2888 4213 3122 4279 τρέπον-

544 4291 662 4340 ται,
701 4275 825 4328 οἷον
862 4276 1004 4341 ἀμφὶ
1039 4276 1254 4341 ἀγαθόν
1290 4308 1354 4316 --
1390 4280 1540 4344 ἀμφ’
1575 4280 1789 4343 ἀγαθὸν
1836 4278 2172 4344 θεράποντα.
2235 4279 2324 4344 ,δεῖ
2369 4281 2692 4343 προςθεῖναι
2739 4282 2910 4345 χωρὶς
2954 4279 3003 4332 εἰ
3048 4282 3120 4344 μὴ

544 4344 688 4396 κατὰ
723 4343 1018 4396 διάλεκτον
1052 4360 1159 4410 τρα
1247 4385 1257 4396 .
1329 4347 1598 4400 πολλάκις
1634 4348 1741 4413 γάρ
1776 4345 1832 4399 αἱ
1869 4346 2146 4399 διάλεκτοι
2183 4345 2525 4410 ψιλουμένου
2609 4346 2895 4411 ωνήεντος
2931 4347 3123 4411 ἐπιφε-

544 4411 784 4477 ρομένου
819 4411 1081 4476 τρέπουςι
1114 4415 1185 4465 τὸ
1254 4416 1383 4478 αςύ,
1420 4412 1544 4467 οἷον
1578 4415 1794 4479 ἔχεςθαι
1829 4416 1921 4467 καὶ
1955 4415 2025 4466 τὸ
2061 4413 2203 4478 ἀμφί
2240 4414 2521 4478 πρόθεςις’
2598 4429 2630 4464 κ
2665 4414 2876 4468 τούτου
2911 4415 3124 4479 γίνεται

544 4478 886 4544 ἀμφέχεςθαι
922 4481 1013 4532 καὶ
1048 4479 1321 4534 Αἰολικῶς
1356 4481 1716 4547 ἀμπέχεςθαι,
1756 4489 1885 4534 sunt
1920 4487 2108 4533 autem
2143 4484 2312 4533 etiam
2357 4483 2468 4533 alia
2511 4484 2567 4531 in
2614 4484 2718 4533 hoc
2755 4484 3124 4535 Choerobosci

545 4547 671 4611 περὶ
707 4548 1039 4615 προςῳδιῶν
1076 4555 1319 4601 tractatu
1356 4568 1422 4601 ex
1448 4552 1764 4602 Herodiano
1802 4552 1983 4615 petita
2020 4556 2185 4615 atque
2223 4567 2288 4600 ex
2325 4567 2376 4616 p.
2406 4553 2530 4614 708,
2571 4551 2602 4598 6
2628 4567 2794 4615 supra
2821 4569 2872 4617 p.
2899 4556 2950 4620 7,
2980 4556 3043 4603 10
3068 4553 3122 4601 in

544 4615 847 4666 Herodiani
882 4618 1169 4668 Prooemio
1206 4635 1295 4685 ap.
1333 4618 1413 4669 Ιο.
1452 4618 1533 4669 Al.
1572 4623 1620 4682 3,
1658 4622 1721 4670 27
1763 4620 2018 4669 lacunam
2058 4617 2413 4682 explevimus.

2585 4834 2719 4899 35*
