3664 5546
642 403 801 452 cim
1709 366 2124 449 PRAEFATIO.

639 556 1056 623 Herodianus
1102 565 1527 643 apposuerat3
1589 557 1943 636 Ἀριάνθη
1998 557 2183 622 πόλις
2228 555 2590 633 Οἰνωτρῶν.
2679 556 3068 634 Ἡρωδιανός
3112 555 3210 636 ιβ’.

635 697 719 708 -
763 661 830 724 Ἀ
845 661 1044 740 ρύπη
1098 660 1286 725 πόλις
1342 660 1412 725 ἐν
1468 660 1762 744 Αἰγύπτῳ
1820 657 1985 743 (scr.
2045 657 2302 743 Ἀχαΐᾳ)
2360 655 2434 737 ἧς
2489 658 2551 723 οἱ
2606 662 2862 723 πολῖται
2915 658 3211 741 Ἄρυπες,

637 763 726 827 ὡς
768 763 1189 845 Ἡρωδιανός,
1235 761 1349 825 ubi
1393 760 1765 825 Meinekius
1795 782 1893 825 -ex
1938 761 2178 825 Arcad.
2213 759 2354 841 113,
2388 759 2468 823 14
2511 757 2896 824 concludere
2938 757 3082 824 vult
3122 759 3211 823 ab

637 862 1010 929 Herodiano
1058 864 1252 928 situm
1294 864 1475 928 urbis
1534 865 1901 927 accuratius
1957 869 2085 926 non
2140 860 2498 928 indicatum
2554 883 2727 944 esse3
2783 860 2900 925 sed
2956 884 3038 925 ex
3083 861 3209 926 Ar-

636 965 821 1031 cadio
867 964 1028 1031 nihil
1074 966 1338 1030 decerni
1394 975 1639 1052 potest,
1686 964 1927 1052 quippe
1980 964 2087 1050 qui
2134 964 2470 1028 historiam
2513 964 2598 1029 ab
2642 962 3015 1029 Herodiano
3064 986 3209 1050 pro-

635 1067 834 1133 latam
879 1068 1138 1133 omnino
1182 1076 1463 1150 resecet3
1507 1068 1639 1132 imo
1684 1090 1768 1132 ex
1813 1066 2106 1152 Theogn.
2152 1091 2216 1154 p.
2262 1067 2346 1131 98
2399 1069 2610 1147 ’Ἀρυψ
2657 1067 2695 1131 ὁ
2750 1068 2926 1146 μέχρι
2972 1068 3212 1148 Ἰςθμοῦ

635 1182 884 1235 certum
929 1171 1004 1236 fit
1047 1172 1241 1236 situm
1284 1171 1368 1235 ab
1410 1169 1785 1236 Herodiano
1832 1169 2271 1255 significatum
2315 1191 2478 1234 esse.
2517 1207 2589 1215 —-
2620 1171 2980 1249 ’Ἀψωρος
3022 1171 3213 1235 πόλις

635 1274 960 1355 Ἰλλυρίας,
1008 1274 1401 1353 Ἡρωδιανὸς
1432 1274 1650 1358 ὀγδόῃ.
1682 1311 1764 1320 -
1799 1274 1845 1338 Κ
1857 1277 2116 1352 ρεῦςις
2145 1274 2330 1339 πόλις
2362 1271 2667 1337 Βοιωτίας
2702 1273 2950 1353 κειμένη
2983 1294 3211 1338 καταν-

634 1378 811 1456 τικρὺ
857 1380 966 1455 τῆς
1013 1377 1404 1458 Μεγαρίδος,
1455 1376 1545 1441 ὡς
1575 1375 1984 1455 Ἡρωδιανὸς.
2013 1411 2097 1421 -
2140 1375 2340 1440 Ζαῖα
2383 1376 2569 1440 πόλις
2601 1375 2905 1440 Βοιωτίας
2949 1375 3209 1454 ἀρχαιο-

637 1481 809 1558 τάτη.
856 1479 1262 1558 Ἡρωδιανός.
1322 1479 1422 1543 καὶ
1453 1480 1558 1543 διὰ
1601 1482 1717 1543 τοῦ
1760 1479 1909 1542 ῐκαὶ
1953 1478 2057 1541 διὰ
2099 1480 2210 1555 τῆς
2252 1480 2321 1542 ‘on
2365 1461 2753 1560 διφθόγγου,
2797 1498 2962 1563 quae
2993 1475 3207 1540 ortho-

635 1580 948 1667 graphica
1013 1579 1345 1644 adnotatio
1425 1581 1617 1643 etiam
1684 1577 2063 1644 Herodiano
2137 1578 2433 1644 debetur.
2540 1576 2878 1644 Interdum
2949 1589 3213 1666 praeter

637 1682 993 1746 Herodiani
1039 1680 1273 1746 librum
1321 1681 1561 1746 diserte
1593 1683 1786 1747 etiam
1818 1690 2125 1745 accentus
2168 1681 2407 1746 mentio
2452 1680 2554 1744 fit:
2604 1682 2843 1747 Ἰωπίς
2888 1682 3210 1750 ὀξυτόνως

634 1787 961 1865 Λακωνικὴ
1007 1785 1207 1850 πόλις.
1273 1785 1665 1863 Ἡρωδιανὸς
1720 1785 2003 1868 τετάρτῃ.
2049 1822 2132 1830 -
2190 1785 2448 1863 Χάλκη
2492 1822 2573 1830 -
2622 1786 2956 1865 βαρύνεται
3002 1786 3073 1849 δὲ
3116 1784 3212 1850 ὼς

632 1887 1043 1967 Ἡρωδιανός.
1089 1925 1171 1934 -
1213 1888 1517 1967 ’Άβοτις
1561 1889 1745 1953 πόλις
1787 1887 2123 1971 Αἰγυπτία,
2169 1887 2259 1952 ὡς
2302 1887 2657 1968 Ἑκαταῖος,
2705 1888 2783 1966 ἣν
2813 1886 3211 1966 Ἡρωδιανός

634 2012 785 2071 φηςι
830 1989 1219 2070 βαρύνεςθαι.
1281 1986 1756 2074 Saepenumero
1803 1987 2164 2052 Herodiani
2209 2008 2442 2052 nomen
2487 1988 2694 2066 abest,
2740 1988 2856 2053 sed
2900 1997 3208 2052 accentus

635 2091 883 2155 notatio
928 2112 1073 2154 eum
1117 2090 1361 2176 prodit:
1410 2092 1779 2174 Ἀβυδών,
1825 2091 1915 2155 ὡς
1960 2090 2256 2171 (τράβων
2302 2127 2375 2136 -
2421 2090 2709 2157 ὀξύνεται
2755 2092 2826 2156 δέ
2869 2129 2953 2139 -
2997 2091 3209 2173 Ἀλα-

633 2195 783 2261 ζών
815 2194 1028 2259 ἔθνος·
1075 2192 1380 2260 ὀξύνεται.
1410 2231 1495 2241 --
1526 2192 1990 2272 Ἀραχναῖον
2022 2191 2178 2272 ὄρος
2206 2194 2510 2273 Ἀργουσ
2560 2193 2952 2274 Καλλίμαχος
2979 2192 3208 2257 Αἰτίων

633 2297 708 2361 α’.
777 2296 1366 2375 προπεριςπαςτέον
1398 2296 1485 2361 δέ.
1530 2296 1609 2359 τὰ
1638 2296 1761 2374 γὰρ
1792 2296 1898 2359 διὰ
1926 2300 2043 2360 τοῦ
2087 2299 2235 2361 ᾱῖόῦ
2275 2300 2434 2379 κτλ.,
2484 2318 2676 2381 saepe
2708 2294 2900 2359 etiam
2934 2294 3029 2357 sic
3056 2315 3203 2379 pro-

634 2396 1005 2461 nunciatur:
1057 2398 1340 2474 Ἀγκών
1385 2398 1571 2462 πόλις
1601 2398 1953 2463 Πικεντίων
2001 2397 2090 2463 ὡς
2120 2399 2415 2478 Ἀντρών.
2465 2437 2539 2445 -
2584 2399 2899 2477 Πύρνος
2929 2398 3018 2462 ὡς
3052 2397 3204 2478 Κύρ-

630 2522 744 2565 νος
788 2500 974 2565 πόλις
1022 2498 1263 2578 Καρίας.
1308 2536 1390 2545 --
1432 2500 1769 2577 Πίγινδα
1814 2499 1904 2566 ὡς
1945 2501 2207 2565 Ἄλινδα
2245 2501 2545 2580 Λάρανδα
2589 2505 2787 2580 δῆμος
2834 2500 3076 2580 Καρίας.
3122 2536 3209 2547 -

631 2603 935 2683 Ἱεράφη
968 2602 1058 2667 ὼς
1089 2602 1333 2683 Ἀνάφη
1377 2605 1568 2680 νῆςος
1602 2602 1858 2683 Λιβύης·
1904 2601 2225 2667 Ἑκαταῖος
2254 2605 2632 2693 περιηγήςει.
2676 2640 2761 2649 -
2809 2602 3207 2681 Καρδυτός

633 2707 723 2770 ὡς
768 2706 1047 2786 Βηρυτός
1090 2703 1277 2770 πόλις
1308 2704 1529 2783 (ύρων
1576 2705 1847 2788 μεγάλη,
1894 2705 1983 2770 ὡς
2013 2704 2335 2770 Ἑκαταῖος
2378 2706 2449 2770 ἐν
2483 2706 2841 2786 περιηγήςει
2873 2704 3088 2770 Ἀςίας.
3124 2742 3204 2751 -

635 2808 1011 2887 Κορκυρίς
1065 2808 1252 2873 πόλις
1294 2807 1615 2885 Αἰγύπτου
1671 2806 1760 2873 ὡς
1814 2808 2076 2888 ἁλμυρίς
2133 2808 2407 2888 ἀργυρίς.
2495 2808 2533 2887 ἡ
2591 2810 2661 2873 δὲ
2706 2809 2976 2887 Ψένυρις
3022 2808 3204 2886 Αἰγυ-

627 2911 779 2975 πτία
823 2911 999 2991 κώμη
1046 2911 1396 2992 βαρύνεται.
1449 2946 1518 2956 -
1568 2911 1903 2990 ’Άβολλα
1945 2911 2133 2976 πόλις
2177 2910 2468 2977 (ικελίας.
2532 2911 2570 2975 ὁ
2615 2912 2808 2976 τόνος
2855 2910 3066 2992 βαρύς,
3112 2910 3207 2977 ὼς

627 3014 923 3090 Ἄγυλλα.
978 3049 1064 3061 —-
1117 3013 1377 3094 Ἄβροι
1433 3011 1623 3077 ἔθνος
1680 3048 1759 3059 -
1817 3012 1908 3078 ὡς
1959 3012 2296 3078 Ἑκαταῖος.
2398 3013 2731 3094 βαρύνεται
2787 3014 2859 3078 δὲ
2915 3012 3006 3078 ὡς
3063 3012 3202 3092 Κίμ-
3270 3012 3277 3021 ’

631 3120 771 3195 βροι
814 3119 942 3180 κτλ.

798 3214 1086 3280 Plurima
1152 3237 1373 3281 eorum
1445 3216 1809 3296 nominum,
1883 3237 2050 3300 quae
2124 3238 2227 3301 ap.
2299 3214 2700 3302 Stephanum
2770 3217 2835 3280 in
2902 3214 3205 3280 lemmate

627 3317 932 3400 leguntur
945 3365 962 3398 ,
1010 3326 1274 3382 exstant
1316 3339 1418 3403 ap.
1447 3315 1840 3397 Arcadium,
1873 3315 2393 3404 Theognostum,
2437 3317 2996 3399 Choeroboscum,
3042 3316 3203 3381 alios

628 3440 790 3504 quos
835 3440 921 3483 ex
965 3417 1190 3483 eodem
1235 3419 1415 3484 fonte
1458 3417 1756 3483 hausisse
1800 3420 2038 3484 scimus
2085 3442 2138 3484 e.
2171 3442 2235 3504 g.
2272 3421 2561 3502 Ἰξιβάτης
2605 3419 2800 3485 etiam
2844 3419 2914 3483 in
2956 3441 3203 3484 canone

631 3519 1048 3584 Herodianeo
1092 3521 1162 3584 in
1206 3520 1286 3586 E.
1331 3520 1420 3584 M.
1466 3520 1615 3601 436,
1666 3520 1773 3600 11,
1820 3521 2061 3606 Τάνος,
2106 3521 2279 3608 quod
2325 3523 2421 3587 St.
2453 3522 2528 3586 B.
2576 3544 2725 3587 cum
2769 3521 3201 3607 explicatione

629 3623 814 3688 πόλις
864 3623 1100 3702 Κρήτης
1144 3634 1209 3687 et
1252 3645 1394 3686 cum
1439 3621 1835 3686 Artemidori
1891 3625 2259 3689 testimonio
2314 3623 2585 3710 profert,
2630 3646 2736 3708 ap.
2785 3625 2939 3688 Arc.
2985 3623 3090 3703 63,
3136 3624 3198 3701 9,

625 3725 880 3805 ’Ἀκμων
925 3746 1029 3809 ap.
1078 3723 1371 3809 Theogn.
1414 3724 1524 3806 35,
1577 3724 1683 3804 10,
1736 3726 2006 3806 Λάκμων
2050 3748 2155 3812 ap.
2203 3725 2510 3809 eundem3
2556 3724 2881 3811 permulta
2920 3725 3198 3805 nomina,

627 3847 794 3913 quae
838 3825 1080 3891 habent
1123 3826 1232 3890 alii
1279 3828 1767 3912 epitomatores,
1816 3835 1968 3892 sunt
1999 3849 2083 3891 ex
2112 3828 2207 3892 St.
2239 3827 2315 3891 B.
2347 3827 2777 3892 emendanda:
2828 3849 2932 3913 ap.
2965 3826 3199 3892 Choer.

625 3927 802 3993 Dict.
850 3928 952 4011 74,
997 3929 1081 3993 26
1127 3938 1346 3992 exstat
1390 3928 1698 4013 (κρίβων,
1744 3929 1919 4016 quod
1963 3951 2049 3992 ex
2092 3929 2187 3995 St.
2221 3929 2298 3994 B.
2327 3929 2473 4009 469,
2510 3928 2589 3994 10
2632 3929 2872 4010 (ίρβων
2917 3929 3197 3994 scriben-

627 4030 782 4095 dum
827 4041 958 4111 est,
1006 4029 1301 4115 Theogn.
1348 4030 1464 4111 30,
1509 4030 1592 4095 32
1642 4032 1937 4115 Κάρβων,
1994 4029 2169 4117 quod
2224 4054 2308 4096 ex
2354 4031 2449 4097 St.
2497 4030 2573 4095 B.
2617 4030 2777 4112 572,
2822 4031 2866 4094 4
2918 4032 2986 4095 in
3033 4032 3195 4110 Νάρ-
3320 4074 3337 4087 ·

627 4140 758 4214 βων
804 4131 1296 4217 corrigendum,
1353 4131 1596 4197 Arcad.
1640 4132 1755 4213 40,
1801 4133 1887 4198 20
1938 4134 2277 4200 Ταλάντιοι
2330 4156 2459 4198 non
2512 4156 2662 4199 cum
2717 4132 3075 4198 Schmidtio
3127 4134 3197 4197 in

631 4236 1015 4315 Ἀτλάντιοι,
1074 4232 1188 4298 sed
1234 4256 1319 4297 ex
1363 4234 1456 4299 St.
1503 4235 1580 4299 B.
1629 4257 1681 4300 s,
1727 4259 1792 4299 v.
1838 4233 1906 4298 in
1950 4236 2333 4302 Ταυλάντιοι
2389 4237 2769 4300 mutandum
2817 4246 2948 4316 est,
3008 4236 3197 4300 δάςος

625 4342 816 4417 νῆςος
859 4338 926 4400 in
971 4358 1217 4400 canone
1261 4335 1676 4402 Herodianeo
1721 4337 1790 4400 in
1831 4338 1962 4401 An.
1994 4336 2143 4401 Par.
2188 4336 2295 4402 III
2336 4337 2480 4417 308,
2525 4337 2565 4401 9
2610 4359 2694 4402 ex
2738 4335 2834 4403 St.
2865 4336 2941 4400 B.
2989 4338 3197 4403 Θάςος

624 4438 1066 4503 exhibendum
1112 4448 1242 4518 cst,
1301 4438 1703 4524 Theognosti
1744 4440 1927 4518 Πὲρα
1982 4440 2190 4520 ὄνομα
2242 4441 2449 4506 τόπου
2505 4462 2589 4504 ex
2635 4440 2728 4503 St.
2775 4438 2852 4503 B.
2908 4440 2975 4503 in
3016 4440 3197 4519 Δὲρα

623 4542 822 4608 τόπος
866 4543 1229 4620 Λακωνικῆς
1285 4541 1695 4624 mutandum,
1753 4540 2047 4625 Theogn.
2092 4542 2203 4623 60,
2252 4542 2288 4605 7
2347 4542 2622 4622 (ώρικος
2678 4541 2887 4620 ὄνομα
2943 4542 3195 4621 λιμένος

623 4666 708 4706 ex
754 4644 849 4709 St.
895 4642 972 4706 B.
1017 4642 1084 4705 in
1128 4642 1418 4726 ’'Qpixoc3
1462 4641 1790 4707 interdum
1836 4653 2211 4730 comparato
2259 4643 2587 4730 Stephano
2633 4665 2778 4706 cum
2824 4641 2950 4706 alio
2994 4641 3193 4728 epito-

621 4754 872 4808 matore
915 4754 1096 4809 recta
1138 4745 1460 4831 scriptura
1503 4744 1757 4809 restitui
1811 4755 2057 4831 potest:
2118 4746 2214 4811 St.
2258 4747 2337 4810 B.
2382 4746 2581 4811 habet
2627 4746 2958 4811 Μαλάνιος
3011 4746 3196 4811 πόλις

622 4846 728 4925 μία
794 4848 1116 4926 μεςογείας
1177 4855 1308 4913 τῶν
1376 4847 1719 4926 Οἰνωτρῶν
1779 4855 1912 4913 τῶν
1979 4849 2106 4914 ὑπὸ
2171 4849 2496 4914 Ἑκαταίου
2563 4851 3057 4926 καταλεχθειςῶν
3122 4849 3192 4913 ἐν
