3664 5546
1181 395 1339 449 ΠΕΡΙ
1381 394 1773 449 ΚΑΘΟΛΙΚΗΕ
1810 393 2233 448 ΠΡΟΕΩιΔΙΑΕ
2273 395 2342 447 ΙΓ.
2553 478 2560 484 Ι
2937 395 3060 459 391

643 569 737 634 Τὰ
791 568 879 633 εἰς
933 563 970 645 ἴ)
1034 568 1195 645 ὑπὲρ
1263 566 1407 644 μίαν
1465 566 1781 645 ςυλλαβὴν
1846 566 2212 647 βαρύνεται,
2281 566 2450 648 ἔαρ,
2512 568 2729 649 κέαρ,
2798 549 3062 647 κ’τέαρ,

477 674 734 753 ςτέαρ,
803 669 1085 751 φρέαρ,
1153 668 1196 733 ἃ
1259 669 1362 731 καὶ
1427 670 1637 744 ςτεῖαρ
1703 668 1806 732 καὶ
1872 670 2106 748 φρεῖαρ
2173 669 2420 743 λέγεται
2491 668 2804 747 «φρείατα
2859 667 3064 747 μακρὰ

476 774 735 839 νάουςι»
782 771 868 854 (Φ
917 768 1065 851 197)
1112 770 1202 835 ὡς
1258 767 1481 847 εἶδαρ
1533 769 1766 844 γέγονε
1821 766 1891 832 ἐκ
1934 772 2053 832 τοῦ
2097 768 2253 846 ἔδαρ
2298 769 2369 834 ἐν
2412 772 2793 852 πλεοναςμῷ
2848 772 2965 832 τοῦ
3009 771 3061 849 ῑ,

476 876 788 956 δέλεαρ,
849 872 1152 953 ὄνειαρ,
1222 870 1529 951 ἄλειαρ,
1595 870 1821 951 νόαρ,
1890 868 2125 952 ὕπαρ,
2192 869 2430 951 πύαρ,
2500 873 2782 951 ςῡφαρ,
2838 872 3061 951 πῖαρ,

416 995 430 1014 ’
476 976 684 1057 ἶλαρ,
752 973 1070 1055 τέκμαρ,
1136 972 1408 1054 ἔχθαρ,
1475 972 1790 1052 νέκταρ,
1855 971 2146 1052 πέπαρ,
2212 972 2479 1054 θέναρ,
2535 970 2761 1052 ὄναρ,
2823 969 3121 1051 ἧπαρ,5

475 1078 708 1158 ἦμαρ,
753 1079 1042 1155 νῶκαρ,
1088 1077 1387 1155 μῶμαρ,
1436 1076 1729 1154 βῶμαρ,
1775 1071 2053 1153 οὖθαρ,
2098 1075 2414 1153 πεῖραρ,
2472 1072 2634 1150 ὅπερ
2690 1072 2891 1152 μόνον
2937 1072 3063 1136 ἐςτὶ

475 1179 563 1244 εἰς
606 1184 644 1256 s>
690 1179 893 1254 λῆγον
926 1174 1273 1252 οὐδέτερον
1319 1175 1446 1252 πρὸ
1486 1178 1604 1238 τοῦ
1636 1176 1676 1237 ἃ
1706 1173 1863 1251 ἔχον
1895 1177 1962 1254 ρ,
2007 1172 2283 1254 ἄλκαρ,
2328 1172 2702 1255 ἄλειφαρ,
2747 1174 3058 1251 κάρηαρ.

476 1283 710 1356 νίκωρ
740 1277 916 1354 παρὰ
946 1276 1246 1355 (ώφρονι
1276 1283 1366 1358 τῷ
1398 1274 1814 1358 μιμογράφῳ,
1861 1274 2102 1355 ὕδωρ,
2147 1274 2435 1357 ἔλδωρ,
2481 1275 2643 1353 ὅπερ
2677 1276 2837 1338 κατὰ
2867 1278 3058 1339 πλεο-

475 1381 715 1459 ναςμὸν
758 1381 875 1443 τοῦ
918 1380 952 1440 ἐ’
994 1377 1233 1452 γίνεται
1278 1376 1520 1454 ἐέλδωρ
1576 1374 2008 1455 τριςυλλάβως
2064 1375 2250 1441 «τόδε
2295 1397 2400 1454 μοι
2445 1379 2726 1455 κρήηνον
2772 1377 3057 1455 ἐέλδωρ»

476 1483 554 1564 (Α
594 1482 723 1562 41).
812 1480 850 1544 ὁ
896 1480 967 1543 δὲ
1008 1479 1251 1557 Ἴβυκος
1294 1478 1429 1542 ἔςθ’
1472 1478 1580 1542 ὅτε
1624 1478 1728 1541 καὶ
1770 1481 2059 1554 θηλυκῶς
2103 1478 2498 1559 προφέρεται
3099 1482 3163 1531 10

1285 1578 1423 1644 οὔτι
1470 1579 1628 1642 κατὰ
1672 1577 1985 1657 ςφετέραν
2032 1577 2233 1641 ἐέλδω

476 1705 579 1748 και

1285 1782 1513 1846 ἐςθλὰν
1556 1781 2035 1859 ποτιδεγμένων
2081 1780 2299 1845 ἐέλδω.

477 1886 708 1969 ἕλωρ,
754 1887 817 1951 ἐξ
862 1885 943 1950 οὖ
987 1886 1063 1949 τὸ
1110 1884 1386 1961 «ἑλώρια
1428 1887 1612 1960 τεῦχε
1656 1883 1978 1946 κύνεςςιν»
2024 1882 2105 1962 (Α
2147 1880 2243 1962 4)·

818 1986 1165 2067 Πριαμίδη,
1212 1987 1292 2063 μὴ
1333 1984 1416 2078 δή
1461 2004 1537 2060 με
1581 1982 1749 2061 ἕλωρ
1793 1983 2151 2048 Δαναοῖςιν
2196 1983 2381 2065 ἐάςῃς
2425 1982 2497 2064 (Ε
2540 1982 2711 2063 684).
3097 1991 3160 2041 15

473 2089 801 2168 τέκμωρ,
845 2091 1041 2151 τοῦτο
1086 2087 1158 2150 δέ
1203 2086 1367 2151 ἐςτιν
1399 2088 1766 2166 ςημειῶδες,
1812 2083 1910 2148 ὅτι
1941 2082 2144 2163 μόνον
2188 2084 2277 2148 εἷς
2323 2088 2419 2161 ῶρ
2468 2087 2669 2160 λῆγον
2710 2083 3058 2162 οὐδέτερον

474 2190 633 2267 ὑπὲρ
680 2189 825 2267 μίαν
871 2189 1186 2267 ςυλλαβῆν
1231 2187 1362 2265 ἔχει
1406 2185 1759 2263 ἐπιπλοκὴν
1805 2186 1926 2250 δύο
1958 2186 2321 2265 ςυμφώνων
2365 2187 2494 2263 πρὸ
2525 2189 2642 2251 τοῦ
2687 2208 2756 2248 ω.
2825 2187 2862 2263 ἢ
2909 2187 3057 2251 ἴςως

472 2290 999 2367 ἀναλογώτερον·
1027 2288 1358 2352 ἐκδεκτέον
1411 2288 1488 2350 τὸ
1543 2287 1792 2366 τέκμαρ.
1881 2284 2019 2351 ἴςον
2071 2287 2196 2365 γὰρ
2241 2286 2499 2361 ἐγένετο
2544 2293 2637 2369 τῷ
2681 2287 2911 2365 νέκταρ
2957 2289 3059 2351 καὶ

471 2391 682 2469 ἔχθαρ.
773 2391 865 2454 ού
898 2393 1075 2469 φιλεῖ
1118 2391 1190 2454 δὲ
1232 2389 1313 2453 τὰ
1354 2393 1620 2452 τοιαῦτα
1664 2387 2106 2466 προϋπάρχειν
2151 2392 2282 2453 τῶν
2336 2387 2423 2452 εἰς
2477 2391 2588 2464 {up}
2677 2392 2794 2451 τοῦ
2839 2390 2910 2451 δὲ
2954 2410 3056 2465 ςη-

475 2496 792 2569 μειοῡςθαι
836 2492 911 2556 τὸ
955 2491 1202 2569 τέκμωρ
1245 2489 1452 2555 αἴτιον
1497 2489 1535 2552 ὁ
1578 2490 1981 2568 πλεοναςμὸς
2025 2492 2142 2553 τοῦ
2187 2491 2243 2566 μ.
2332 2488 2554 2571 ἦτορ,
2599 2488 2761 2566 ἄορ.
3093 2500 3160 2548 20

641 2591 736 2656 Τὰ
790 2590 878 2655 εἰς
932 2594 1007 2654 α“ς“
1065 2591 1432 2672 βαρύνεται,
1499 2593 1769 2671 γῆρας,
1829 2591 2077 2668 κρέας.
2176 2592 2370 2654 τοῦτο
2440 2589 2642 2669 μόνον
2709 2590 3055 2668 οὐδέτερον

474 2694 563 2756 εἰς
610 2695 692 2755 ἴς
748 2693 1028 2769 καθαρὸν
1082 2698 1173 2775 τῷ
1226 2694 1260 2756 ἐ’
1312 2695 1692 2770 παραλῆγον
1746 2692 1905 2755 κατὰ
1961 2692 2076 2769 τὴν
2133 2690 2345 2768 ἑνικὴν
2400 2690 2656 2755 εὐθεῖαν
2711 2692 2781 2755 ἐν
2843 2692 3054 2770 χρήςει

474 2793 809 2872 Ἑλλήνων.
898 2793 1073 2872 παρὰ
1124 2794 1247 2872 γὰρ
1301 2793 1601 2877 Ἑκαταίῳ
1656 2793 1782 2859 ἐςτὶ
1839 2794 1959 2858 «τὰ
2018 2794 2213 2857 δέατα
2269 2794 2803 2871 περιτεταμένοι».
2903 2793 3055 2857 ἀλλ’

476 2895 555 2958 ού
601 2895 861 2974 ςύνηθές
905 2894 1030 2960 ἐςτι
1062 2896 1271 2972 λέγειν
1301 2896 1467 2959 δέας.
1525 2895 1563 2960 ὅ
1604 2915 1672 2959 τε
1706 2894 2040 2974 Εοφοκλῆς
2071 2895 2141 2958 ἐν
2178 2893 2530 2972 Κηδαλίωνι
2564 2901 2874 2977 ςατυρικῷ
2904 2916 3053 2975 φηςι

1078 2996 1181 3060 καὶ
1225 2997 1302 3074 δή
1335 3018 1394 3061 τι
1439 2999 1541 3061 καὶ
1585 2999 1855 3075 παρεῖκα
1898 3000 2029 3061 τῶν
2065 2995 2442 3074 ἀρτυμάτων
3087 3005 3152 3054 25

1079 3097 1208 3162 ὑπὸ
1252 3102 1369 3161 τοῦ
1415 3098 1659 3162 δέατος.
2591 3105 2598 3110 ’

471 3199 612 3264 ἀντὶ
654 3203 772 3263 τοῦ
816 3199 1022 3264 δέους.
1097 3197 1237 3261 ἀλλ’
1282 3198 1363 3262 οὐ
1410 3198 1658 3273 λέγεται
1702 3197 1740 3274 ἡ
1787 3198 2004 3262 εὐθεῖα
2047 3197 2211 3262 δέας.
2275 3197 2313 3262 ὅ
2357 3219 2426 3262 τε
2471 3198 2857 3278 Ξενοφάνης
2900 3200 3053 3277 φηςὶ

916 3299 1119 3374 ἁγνὸν
1165 3299 1261 3363 ἐνὶ
1304 3298 1623 3362 ςπεάτεςςι
1666 3302 1838 3362 τεοῖς
1884 3299 2309 3378 καταλείβεται
2357 3298 2546 3377 ὕδωρ.

472 3401 612 3464 ἀλλ’
657 3400 737 3463 ού
782 3400 903 3476 γὰρ
950 3399 1197 3473 λέγεται
1241 3398 1450 3463 ςπέας.
1516 3388 1722 3478 ἡ’γὰρ
1768 3398 2083 3474 ἀναλογία
2126 3400 2217 3464 ὡς
2261 3399 2392 3465 ἀπὸ
2436 3401 2751 3466 τοιούτων
2783 3403 3048 3467 εὐθειῶν

471 3503 583 3565 τὰς
639 3499 860 3563 κλίςεις
914 3482 1247 3582 λαμβάνει,
1303 3499 1423 3564 οὐκ
1475 3501 1685 3565 ούςῶν
1741 3499 1959 3579 μέντοι
2014 3500 2084 3566 ἐν
2140 3502 2350 3579 χρήςει
2407 3503 2744 3580 Ἑλλήνων.
2842 3505 2919 3566 τὸ
2977 3505 3048 3567 δὲ
3084 3510 3152 3561 30

471 3601 646 3679 παρὰ
689 3606 779 3683 τῷ
822 3607 1051 3685 ποιητῇ
1096 3601 1444 3667 κτεάτεςςιν
1489 3603 1559 3682 (α
1601 3599 1756 3681 218)

635 3890 672 3940 1.
702 3893 727 3939 1
767 3886 901 3951 κέαρ
938 3885 1106 3952 κτέαρ
1141 3886 1332 3938 addidi
1368 3903 1435 3942 ex
1468 3888 1711 3954 Theogn.
1747 3891 1828 3950 79,
1862 3891 1929 3940 29
1966 3895 2023 3939 et
2059 3891 2204 3941 Mon.
2227 3894 2310 3954 30,
2341 3895 2425 3952 12,
2463 3889 2627 3955 ςτὲαρ
2650 3920 2714 3926 —-
2743 3894 2944 3956 μῶμαρ
2982 3909 3048 3942 ex

468 3959 714 4023 Theogn.
742 3959 825 4018 79,
851 3957 1070 4018 27-80,
1098 3957 1177 4005 13.
1212 3955 1335 4006 Arc.
1371 3971 1535 4006 unum
1571 3971 1637 4006 ex
1674 3957 1756 4007 his
1794 3956 1947 4021 ὕπαρ
1985 3960 2232 4022 praebet.
2269 3986 2334 3994 —
2371 3961 2519 4010 «Pro
2556 3958 2707 4022 Νόαρ
2746 3960 3049 4020 (Hermann

467 4026 537 4075 ad
572 4024 759 4089 Suppl.
795 4021 919 4089 ⁹154)
964 4024 1203 4073 fortasse
1238 4024 1587 4074 scribendum
1631 4029 1717 4075 est
1751 4023 1907 4088 Ζόαρ
1945 4042 2012 4074 ex
2048 4026 2252 4076 Suidae
2289 4027 2475 4091 glossa
2509 4025 2663 4090 Ζόαρ
2698 4026 2902 4086 τόπος,
2942 4044 3048 4090 qua

466 4095 597 4144 urbs
630 4092 703 4143 τὰ
725 4090 917 4156 Ζόαρα
953 4089 1257 4155 significari
1279 4092 1541 4142 videtur»
1578 4092 1714 4142 dicit
1738 4093 1963 4144 Lobeck
1987 4094 2071 4143 El.
2097 4095 2153 4144 Π
2179 4097 2303 4154 291;
2343 4094 2490 4158 ἶλαρ,
2530 4095 2672 4159 quod
2699 4095 2862 4158 vulgo
2889 4095 3050 4158 εἶλαρ

468 4161 744 4222 scribitur,
784 4161 1014 4225 praebet
1051 4159 1217 4207 etiam
1252 4159 1515 4223 Hesyeh„
1554 4176 1650 4225 pro
1694 4158 1851 4210 πέπα
1922 4162 2061 4211 Lob.
2109 4161 2311 4211 Pax-all.
2356 4165 2455 4212 205
2491 4161 2700 4226 ςκέπαρ
2739 4162 3050 4227 ponendum

466 4230 803 4294 suspicatur,
859 4225 1117 4276 Schmidt.
1172 4242 1239 4276 ex
1283 4226 1563 4291 Hesychio
1615 4225 1781 4291 πὲαρ·
1832 4175 2097 4279 ΙΡλαυκίας
2142 4227 2381 4292 λιπάρον
2426 4257 2490 4264 —--
2536 4228 2695 4293 πέαρ.
2743 4256 2807 4264 --
2855 4230 3048 4293 βῶμαρ

467 4297 700 4361 apposui
737 4312 805 4346 ex
840 4294 1047 4346 Herod.
1085 4290 1401 4359 μονοβίβλῳ
1439 4293 1566 4358 περὶ
1600 4296 1704 4344 τοῦ
1750 4293 1905 4378 ὕδωρ
1941 4311 2029 4360 ap.
2069 4295 2262 4350 Choer.
2300 4298 2424 4358 283,
2465 4300 2551 4360 19,
2593 4298 2653 4349 Ε.
2692 4297 2761 4345 Μ.
2800 4299 2927 4359 491,
2966 4303 3048 4359 35,

467 4365 562 4413 ubi
608 4364 775 4413 etiam
821 4363 1022 4424 μῶμαρ
1070 4367 1129 4411 et
1172 4361 1363 4425 νῶκαρ
1406 4363 1782 4426 proferuntut,
1829 4364 2005 4426 ουθαρ
2053 4366 2252 4427 πεῖραρ
2291 4380 2359 4414 ex
2394 4365 2538 4414 Mon.
2576 4364 2612 4416 l.
2652 4381 2724 4426 c.,
2769 4363 2912 4415 ἄλκα
2983 4393 3047 4400 -

470 4429 682 4495 κάρηαρ
729 4446 796 4480 ex
844 4429 1040 4480 Choer.
1074 4428 1224 4479 Diet.
1263 4431 1388 4491 380,
1424 4432 1490 4478 24
1527 4435 1583 4479 et
1618 4431 1708 4488 27;
1748 4432 1874 4493 381,
1912 4434 1943 4480 9
1992 4430 2191 4494 (Bekk.
2232 4434 2335 4481 An.
2383 4433 2512 4482 1386
2556 4429 2816 4496 κάρηαρ),
2872 4448 2905 4482 ν
2931 4448 3048 4496 κωρ

467 4514 636 4563 usque
674 4498 745 4548 ad
794 4497 825 4548 ὁ
864 4495 1216 4558 πλεοναςμὸς
1252 4498 1356 4546 τοῦ
1395 4497 1581 4561 recepi
1616 4513 1681 4546 ex
1718 4496 1864 4549 Mon.
1901 4500 1986 4559 32,
2022 4501 2089 4549 20
2126 4499 2218 4560 (cf.
2255 4499 2502 4562 Theogn.
2539 4499 2619 4555 79,
2656 4503 2722 4549 30
2756 4499 2827 4550 τὰ
2864 4499 2941 4550 εἰς
2978 4515 3047 4562 ap

468 4564 716 4628 λήγοντα
752 4564 1025 4629 οὐδέτερα
1059 4563 1358 4626 διςύλλαβα
1394 4561 1598 4626 ἔχοντα
1633 4562 1695 4614 ἐν
1731 4562 2011 4630 ἑπιπλοκῇ
2048 4565 2149 4616 δύο
2185 4565 2462 4629 ςύμφωνα
2489 4565 2691 4617 ςπάνιά
2725 4565 2896 4617 ἐςτιν·
2935 4565 3049 4617 ἔςτι

468 4631 573 4695 γὰρ
604 4633 674 4684 τὸ
709 4631 949 4697 τέκμαρ,
989 4631 1184 4697 ἐχθαρ,
1223 4630 1449 4696 νέκταρ)
1490 4633 1737 4697 exeeptis
1772 4635 1956 4684 verbis
1981 4633 2123 4697 ὅπερ
2159 4633 2302 4685 κατὰ
2328 4633 2685 4695 πλεοναςμὸν
2709 4662 2773 4668 -
2799 4632 3047 4696 κρήηνον

471 4697 680 4764 ἐέλδωρ
717 4700 774 4764 (l.
809 4703 857 4753 8.
895 4701 947 4763 9)
988 4716 1128 4765 quae
1177 4717 1242 4752 ex
1279 4700 1477 4752 Choer.
1513 4701 1633 4765 382,
1668 4700 1735 4750 28
1772 4707 1828 4752 et
1864 4700 2039 4766 ἕλωρ,
2078 4701 2133 4753 ἐξ
2172 4700 2239 4752 οὗ
2273 4729 2338 4736 —-
2373 4700 2622 4752 κύνεςςιν
2660 4702 2717 4762 (1.
2758 4704 2867 4761 14),
2906 4716 3046 4762 quae

471 4783 539 4815 ex
573 4769 761 4819 eodem
797 4770 914 4830 383,
954 4772 979 4819 1
1017 4769 1212 4820 adieci.
1248 4768 1519 4819 Arcadius
1552 4767 1725 4818 habet
1762 4773 1976 4819 tantum
2011 4768 2165 4832 ὕδωρ
2204 4774 2261 4819 et
2296 4767 2493 4831 ἔλδωρ.
2607 4768 2641 4819 l.
2665 4770 2731 4817 20
2766 4766 2906 4828 ἦτορ
2944 4764 3046 4828 ἄορ

472 4839 600 4883 sunt
634 4851 702 4886 ex
737 4836 983 4900 Theogn.
1021 4838 1105 4899 80,
1141 4839 1225 4888 20.
1338 4836 1374 4886 l.
1399 4839 1463 4886 21
1501 4834 1667 4900 κρέας
1704 4836 1923 4902 explevi
1957 4853 2024 4888 ex
2059 4836 2307 4900 Theogn.
2347 4837 2429 4898 80,
2472 4837 2532 4885 16
2571 4841 2628 4885 et
2660 4837 2804 4885 Mon.
2843 4837 2926 4892 30,
2967 4833 3045 4880 18.
