3664 5546
695 380 906 428 CLXIV
1775 379 2191 430 PRAEFATIO.

861 532 1174 598 Similiter
1219 533 1677 598 Zenodotus
1725 557 1799 600 eo
1847 536 2196 619 uno-loco,
2251 554 2378 621 quo
2424 533 2818 598 auctoritate
2862 555 2991 599 non
3037 531 3278 597 diserte

691 633 918 699 addita
973 635 1213 700 citatur
1278 636 1457 719 (nam
1513 658 1576 721 p.
1625 635 1772 719 247,
1817 636 1862 700 4
1914 659 1967 701 s·
2020 637 2320 716 Δωδώνη
2385 636 2525 699 eius
2592 656 2825 699 nomen
2891 632 3158 698 obvenit
3210 633 3278 697 in

691 735 1019 801 notatione
1064 735 1557 823 Epaphroditi),
1603 760 1731 801 non
1777 759 1863 801 ex
1905 735 2206 818 Scholiis,
2253 736 2366 801 sed
2414 759 2499 800 ex
2545 735 2921 801 Herodiano
2973 734 3277 799 laudatus

691 836 982 903 videtur:
1046 838 1202 920 101,
1254 838 1333 901 14
1375 838 1688 918 Ἀντρών·
1745 839 1933 904 πόλις
1978 840 2319 905 Θεςςαλίας
2362 841 2418 922 («
2434 838 2746 919 ἀγχίαλόν
2799 837 2864 902 τ’
2910 837 3274 915 Ἀντρῶνα»

689 939 952 1026 Β.697),
998 940 1373 1020 Ζηνόδοτος
1418 943 1489 1005 δὲ
1518 941 1752 1021 γράφει
1800 939 2156 1020 «ἀγχιάλην
2202 942 2586 1020 Ἀντρῶνα».
2651 936 3073 1003 Herodianus
3118 958 3276 1002 vero

687 1062 770 1104 ex
798 1042 1176 1106 Aristonico
1222 1043 1548 1128 petiverat
1594 1041 1735 1106 sine
1781 1041 1983 1107 dubio
2029 1039 2312 1123 addens,
2359 1063 2528 1128 quae
2573 1042 2748 1127 apud
2792 1038 2966 1103 hunc
2995 1038 3273 1124 scriptaz

686 1145 787 1209 καὶ
831 1145 887 1209 εἰ
931 1147 1220 1224 θηλυκῶς
1265 1146 1337 1208 δὲ
1368 1145 1616 1222 λέγεται
1661 1146 1700 1224 ἡ
1733 1145 2036 1227 Ἀντρών,
2083 1144 2303 1209 κοινόν
2348 1144 2472 1210 ἐςτι
2501 1144 2577 1209 τὸ
2609 1142 2849 1226 ὄνομα,
2895 1141 2933 1206 ὁ
2970 1140 3277 1221 ἀγχίαλος

684 1245 788 1309 καὶ
839 1245 880 1324 ἡ
940 1244 1246 1324 ἀγχίαλος
1301 1246 1690 1330 epitomator
1745 1245 1982 1309 omisit.
2086 1244 2253 1309 Nam
2309 1243 2832 1323 Herodianum,·
2865 1242 2921 1305 si
2978 1241 3135 1328 quid
3190 1241 3275 1305 de

682 1367 923 1429 genere
967 1345 1298 1409 nominum
1343 1346 1632 1410 notabile
1675 1345 1838 1428 fuit,
1894 1345 1964 1408 id
2009 1345 2336 1410 monuisse
2378 1347 2520 1433 ipse
2568 1344 2791 1431 Steph.
2837 1344 2915 1408 B.
2962 1366 3015 1406 s.
3061 1344 3274 1423 Τάρας

683 1447 950 1512 indicat.
1041 1445 1382 1512 Caeterum
1431 1446 1513 1511 de
1557 1447 1922 1512 Herodiani
1969 1470 2115 1512 cum
2161 1446 2499 1512 Zenodoto
2544 1444 3027 1510 necessitudine
3072 1445 3273 1508 disse-

681 1548 785 1612 rui
828 1550 896 1612 in
940 1545 1173 1613 Philol.
1219 1546 1395 1612 XXI
1441 1571 1501 1634 p.
1547 1549 1677 1614 385
1721 1573 1901 1637 seqq.

655 1654 664 1664 '
848 1649 957 1715 Ab
1001 1649 1103 1713 his
1150 1649 1373 1714 statim
1418 1649 1504 1715 ad
1548 1650 1705 1716 Did
1718 1674 1972 1738 ymum
2016 1674 2218 1716 unum
2274 1658 2585 1737 quattuor
2639 1649 2929 1713 virorum
2974 1648 3272 1711 Homeri-

680 1773 901 1816 corum
946 1760 1229 1816 transeo.
1298 1748 1748 1816 Herodianum
1795 1753 1860 1816 in
1905 1753 2073 1819 libro
2118 1754 2262 1833 περὶ
2302 1756 2528 1819 παθῶν
2572 1759 2638 1814 et
2680 1751 2745 1813 in
2778 1748 3275 1834 orthographia

677 1852 952 1941 Didymi
1017 1851 1300 1936 vestigia
1352 1852 1674 1938 pressisse
1729 1854 1797 1917 in
1854 1854 2064 1941 capite
2121 1854 2338 1941 priore
2393 1852 2553 1921 dixi.
2643 1851 2771 1916 Sed
2816 1849 3271 1915 Herodianum

676 1955 873 2018 etiam
930 1952 1400 2018 vocabulorum
1466 1954 2033 2041 interpretationes
2105 1978 2192 2019 ex
2256 1954 2549 2041 Didymo
2608 1951 3102 2038 transcripsisse
3156 1950 3271 2015 de-

675 2065 997 2152 monstrat
1041 2055 1445 2140 comparatio
1477 2053 1884 2141 Theognosti
1917 2080 2062 2122 cum
2092 2053 2463 2143 HesychiO,
2511 2055 2619 2142 qui
2651 2076 2848 2140 saepe
2878 2054 2964 2118 ad
2992 2052 3269 2118 verbum

674 2156 1054 2220 concinunt:
1105 2154 1398 2240 Theogn.
1446 2155 1560 2237 69,
1606 2158 1692 2222 30
1734 2161 1946 2240 φηρός
1988 2160 2029 2239 ἡ
2074 2161 2286 2241 τροφή
2332 2164 2464 2224 τῶν
2510 2162 2678 2223 θεῶν
2710 2154 3002 2241 Hesych.
3048 2158 3268 2236 φῆρον

673 2260 712 2337 ἡ
758 2265 888 2324 τῶν
935 2257 1220 2338 ἀρχαίων
1266 2262 1432 2323 θεῶν
1477 2262 1710 2341 τροφή.
1760 2259 2057 2346 Theogn.
2090 2260 2204 2342 73,
2250 2259 2334 2325 32
2379 2261 2674 2340 κάβαιςος
2705 2258 3055 2340 ἄπληςτοςκ,
3100 2255 3264 2320 Hes.

673 2358 877 2441 idem3
936 2356 1228 2443 Theogn.
1294 2358 1445 2441 106,
1506 2361 1585 2423 19
1640 2363 1859 2428 κωδύα
1912 2367 2025 2442 τῆς
2079 2362 2373 2443 μήκωνος
2426 2362 2465 2440 ἡ
2522 2360 2803 2443 κεφαλή,
2859 2356 3020 2421 Hes.
3067 2356 3267 2437 idem,

672 2460 973 2526 conferas
1028 2468 1370 2546 praeterea
1423 2461 1715 2547 Theogn.
1770 2462 1887 2545 63,
1941 2462 1984 2528 5
2039 2464 2232 2543 κημός
2286 2483 2432 2526 eum
2490 2461 2650 2525 Hes,
2707 2482 2759 2524 s.
2805 2482 2904 2540 v.,
2962 2458 3266 2542 Theogn.

677 2561 828 2643 110,
882 2563 949 2626 11
1003 2562 1277 2643 καρύκκη
1323 2584 1470 2627 cum
1525 2562 1814 2649 Hesych.
1863 2565 2119 2644 καρύκη.
2206 2561 2382 2627 Hinc
2435 2559 2632 2626 facile
2688 2559 2990 2626 concludi
3043 2569 3267 2645 potest

668 2672 743 2727 ut
785 2663 850 2727 in
896 2661 1443 2749 appellativorum
1490 2662 1927 2751 explicatione
1971 2662 2391 2728 Herodianus
2423 2662 2788 2750 Didymum
2831 2669 3092 2726 secutus
3136 2670 3264 2743 est,

665 2763 760 2829 ita
803 2763 977 2830 hunc
1032 2765 1118 2831 ab
1164 2761 1276 2830 illo
1333 2766 1530 2832 etiam
1588 2766 1654 2831 in
1701 2766 2073 2833 nominibus
2119 2766 2440 2853 propriis,
2495 2764 2564 2829 in
2610 2787 2741 2852 qua
2782 2762 3058 2829 materia
3114 2786 3262 2828 ver—

667 2875 849 2931 satur
895 2866 1296 2955 Stephanus,
1346 2867 1736 2933 definiendis
1780 2867 2151 2933 adhibitum
2197 2890 2369 2947 esse,
2418 2889 2584 2954 quae
2629 2865 2918 2952 suspicio
2965 2865 3265 2930 firmatur

665 2968 1065 3055 quibusdam
1110 2967 1424 3055 Stephani
1471 2967 1665 3051 locis,
1721 2970 1793 3033 in
1849 2969 2087 3056 quibus
2144 2967 2506 3034 Herodiani
2562 2977 2626 3031 et
2667 2967 2941 3054 Didymi
2995 2967 3264 3031 nomina

663 3069 1026 3156 composita
1079 3070 1525 3156 reperiuntur:
1585 3093 1648 3156 p.
1694 3071 1853 3152 371,
1905 3073 1937 3136 1
2003 3071 2308 3153 Κεβρηνία
2362 3072 2543 3152 χώρα
2595 3073 2708 3148 τῆς
2761 3070 3070 3149 Τρωάδος
3123 3067 3260 3134 ἀπὸ

669 3172 1015 3254 Κεβριόνου
1045 3176 1177 3236 τοῦ
1222 3172 1536 3253 Πριάμου.
1602 3174 1892 3253 Δίδυμος
1937 3175 2007 3237 δὲ
2055 3173 2340 3253 Κεβρῆνα
2382 3174 2498 3251 τὴν
2543 3171 2735 3236 πόλιν
2780 3172 2986 3251 φηςίν.
3053 3171 3258 3250 Ἡρω-

662 3274 884 3338 διανὸς
927 3274 999 3336 δὲ
1045 3271 1177 3337 ἀπὸ
1228 3274 1544 3353 Κεβρῆνος
1587 3278 1914 3356 ποταμοῦ,
1960 3294 2128 3360 quae
2172 3272 2239 3336 in
2283 3271 2646 3338 Herodiani
2679 3269 3033 3336 ’catholica
3075 3269 3258 3357 (Arc.

662 3371 767 3451 99,
804 3372 912 3456 13)
960 3372 1055 3436 sic
1100 3371 1314 3458 posita
1356 3371 1629 3437 fuerint:
1685 3376 1992 3456 Κεβρηνία
2035 3373 2168 3441 ἀπὸ
2218 3376 2535 3456 Κεβρῆνος
2579 3377 2906 3456 ποταμοῦ,
2952 3374 3137 3439 ἄλλοι
3182 3375 3260 3437 δὲ

661 3473 795 3538 ἀπὸ
844 3473 1189 3552 Κεβριόνου
1230 3478 1349 3539 τοῦ
1391 3475 1706 3557 Πριάμου.
1772 3476 2063 3556 Δίδυμος
2109 3478 2181 3543 δὲ
2231 3477 2515 3558 Κεβρῆνα
2558 3475 2676 3554 τὴν
2720 3474 2911 3539 πόλιν
2952 3475 3141 3554 φηςίν
3168 3509 3261 3521 ——

660 3583 726 3637 et
771 3571 966 3637 rebus
1011 3572 1170 3657 ipsis
1224 3574 1374 3653 106,
1422 3575 1461 3639 8
1506 3577 1911 3643 Ἀπολλωνία
1965 3578 2152 3643 πόλις
2208 3576 2529 3661 Φωκίδος,
2586 3577 2665 3655 ἣν
2715 3575 3003 3656 Ὅμηρος
3051 3574 3257 3641 Κυπά-

661 3674 870 3753 ριςςόν
917 3696 1067 3756 φηςι
1114 3676 1218 3742 διὰ
1261 3677 1337 3742 τὸ
1382 3679 1632 3744 πολλὰς
1675 3679 1850 3757 ἔχειν
1894 3680 2343 3761 κυπαρίςςους,
2401 3676 2491 3743 ὡς
2534 3677 2856 3761 Δίδυμος,
2913 3697 3080 3763 quae
3140 3674 3255 3739 ad—

657 3774 906 3839 notatio
962 3776 1271 3841 admonet
1330 3778 1530 3842 moris
1586 3776 1949 3844 Herodiani
2018 3779 2338 3863 originem
2397 3779 2677 3843 nominis
2733 3774 3255 3858 demonstrandi3

660 3899 722 3961 p.
769 3877 885 3958 33,
931 3877 1010 3941 21
1068 3878 1107 3956 ἡ
1166 3880 1313 3944 θεὸς
1369 3880 1665 3959 Ἀθηναία
1722 3880 1971 3958 λέγεται
2040 3887 2428 3960 μονογενῶς.
2528 3874 2777 3958 λέγεται
2844 3881 2916 3944 δὲ
2982 3879 3085 3944 καὶ
3148 3878 3257 3943 ἐπὶ

657 3979 971 4053 γυναικός.
1059 3980 1348 4061 Δίδυμος
1395 3981 1466 4045 δέ
1510 4002 1702 4061 φηςιν
1747 3982 1845 4046 ὅτι
1892 3982 2222 4060 Ἀθηναίας
2268 3983 2560 4059 λέγουςιν
2607 3980 2749 4047 ἀντὶ
2791 3984 2908 4045 τοῦ
2952 3980 3252 4063 Ἀττικάς,

657 4099 826 4164 quae
877 4081 1128 4145 notatio
1185 4080 1430 4166 pariter
1485 4092 1682 4169 atque
1738 4083 1882 4147 eius
1938 4083 2261 4169 expositio
2328 4082 2410 4146 de
2462 4083 2736 4149 πυκναία
2799 4090 2864 4144 et
2928 4078 3255 4145 similibus

656 4179 1048 4246 Prosodiam
1093 4179 1495 4248 Catholicam
1556 4184 1739 4265 (Arc.
1789 4182 1902 4264 98,
1947 4183 2017 4270 6)
2065 4183 2269 4270 sapit;
2325 4205 2389 4268 p.
2438 4183 2549 4263 72,
2594 4182 2635 4246 6
2690 4182 3021 4268 Didymus
3079 4203 3253 4246 com·

655 4290 1050 4346 memoratur
1091 4291 1168 4346 ut
1209 4282 1713 4350 Eratosthenem
1758 4305 1879 4370 pro
1923 4292 2090 4348 teste
2133 4283 2451 4369 gentilicii
2497 4284 2973 4364 Ἀλεξανδρίτης
3015 4283 3252 4363 citans»,

656 4382 833 4468 quod
896 4380 1051 4447 libri
1117 4387 1263 4465 περὶ
1323 4386 1735 4466 παρωνύμων
1802 4384 2180 4450 memoriam
2248 4385 2530 4467 excitat3
2598 4406 2663 4470 p.
2707 4384 2866 4469 486,
2922 4385 2963 4449 9
3018 4385 3257 4451 Οἰνοῦς

654 4485 992 4563 πολίχνιον
1056 4485 1451 4571 Λακωνικῆς,
1520 4487 1610 4552 ὡς
1667 4487 2056 4566 Ἀνδροτίων
2113 4487 2214 4553 καὶ
2269 4488 2559 4566 Δίδυμος
2626 4506 2893 4571 prorsus
2950 4486 3259 4570 congruit

656 4607 802 4649 cum
877 4605 1056 4648 more
1123 4585 1488 4667 Herodiani
1553 4609 1745 4651 usum
1812 4588 2146 4653 nominum
2211 4587 2509 4674 pluribus
2577 4586 2858 4653 testibus
2924 4585 3252 4652 firmandi.

654 4684 1003 4765 Quomodo
1061 4696 1278 4753 autem
1338 4687 1751 4754 Herodianus
1796 4687 2163 4775 Didymum
2218 4689 2287 4753 in
2343 4710 2537 4754 usum
2581 4711 2770 4754 suum
2835 4689 3251 4768 converterit,

651 4783 1014 4851 clarissime
1065 4811 1149 4855 ex
1193 4792 1678 4877 comparatione
1726 4788 1823 4855 St.
1872 4790 1951 4855 B.
2000 4791 2342 4872 Ἀρέθουςα
2385 4812 2530 4856 cum
2575 4789 2752 4854 Mon.
2806 4791 2916 4871 13,
2961 4791 3005 4853 4
3048 4798 3252 4874 patet.
