3664 5546
656 387 977 434 CXXXVIII
1540 377 1546 386 ’
1730 386 2148 433 PRAEFATIO.

822 541 1058 606 Statim
1110 540 1355 626 primus
1401 538 1716 605 articulus
1773 540 1911 605 fere
1958 549 2132 605 tot-us
2178 543 2572 628 compositus
2631 553 2731 607 est
2781 564 2867 605 ex
2910 541 3227 606 Herodia-

650 645 789 708 neis
835 640 1168 723 frustulis,
1216 665 1381 729 quae
1426 643 1702 708 diversis
1749 641 2125 709 Catholicae
2168 641 2329 709 locis
2375 642 2674 730 dispersa
2728 654 2912 708 erant
2962 644 3228 729 partim-

651 770 776 832 que
820 747 889 810 in
933 745 1120 810 libris
1166 748 1311 824 περὶ
1354 745 1610 812 κλίςεως
1654 746 1994 825 ὀνομάτων
2040 755 2104 809 et
2132 749 2277 825 περὶ
2306 748 2712 827 παρωνύμων
2744 745 2958 812 locum
2987 745 3229 812 habue-

650 858 824 912 runt.
896 851 1076 930 Ἄβαι
1120 848 1306 913 πόλις
1349 848 1632 928 Φωκική,
1679 848 1809 913 ἀπὸ
1858 849 2103 914 εὐθείας
2147 849 2355 926 ἑνικῆς
2398 854 2509 927 τῆς
2551 851 2723 930 Ἄβη.
2796 848 3038 913 Arcad.
3090 849 3229 925 104,

657 951 734 1014 12
776 953 932 1033 Ἄβη
976 952 1215 1030 κύριον.
1259 987 1344 998 -
1393 951 1680 1028 κέκληται
1727 954 1797 1015 δὲ
1842 950 1973 1014 ἀπὸ
2019 951 2233 1029 ἥρωος
2276 952 2464 1034 Ἄβα,
2519 972 2684 1037 quae
2740 950 2807 1013 in
2852 948 3234 1015 Catholicae

651 1051 790 1117 loco
835 1055 1036 1118 citato
1085 1052 1383 1138 apposita
1426 1063 1641 1125 erant,
1698 1051 1852 1137 quia
1897 1050 2312 1117 Herodianus
2354 1051 2527 1116 unde
2572 1052 2728 1116 urbs
2774 1076 3006 1118 nomen
3051 1075 3233 1118 acce—

652 1156 849 1245 perit,
908 1153 1152 1219 addere
1208 1154 1394 1219 solet.
1437 1193 1522 1203 —-
1573 1155 1964 1234 Ἡρωδιανὸς
2009 1157 2079 1220 δέ
2125 1177 2315 1236 φηςιν
2361 1156 2456 1220 ὅτι
2502 1157 2576 1220 τὸ
2618 1157 2841 1239 Ἄβας,
2888 1158 2997 1222 ὅτε
3042 1157 3235 1221 ἔθνος

652 1260 963 1341 ςημαίνει,
1008 1260 1595 1340 περιττοςυλλάβως
1639 1259 1912 1323 κλίνεται
1959 1258 2075 1340 ἀεί,
2121 1258 2229 1322 ὅτε
2275 1260 2345 1321 δὲ
2390 1258 2611 1337 κύριον
2658 1258 2810 1342 [εἴτε
2856 1264 2971 1324 τοῦ
3016 1260 3235 1338 ἥρωος

652 1361 779 1427 εἴτε
833 1365 948 1426 τοῦ
1003 1362 1324 1445 ποταμοῦ]
1381 1364 1504 1426 καὶ·
1537 1361 1963 1441 ἰςοςυλλάβως
2017 1361 2119 1425 καὶ
2172 1362 2793 1445 περιττοςυλλόιβως,
2851 1383 3017 1448 quae
3088 1360 3233 1426 Ste-

651 1463 937 1549 phanuS‚
994 1484 1190 1549 quum
1235 1485 1352 1549 per
1410 1463 1812 1528 occasionem
1856 1458 2038 1526 tirbis
2090 1464 2244 1543 Ἄβη
2290 1461 2375 1526 ad
2418 1464 2754 1549 proprium
2808 1466 3000 1545 Ἄβας
3054 1462 3233 1528 dela-

653 1577 756 1631 tus
823 1575 1026 1645 esset,
1100 1588 1185 1629 ex
1245 1563 1411 1629 libro
1479 1569 1626 1645 περὶ
1689 1566 1946 1631 κλίςεως
2012 1565 2351 1644 ὀνομάτων
2418 1565 2676 1630 adiecit.
2732 1604 2817 1613 —-
2874 1566 2999 1631 ἔςτι
3065 1569 3135 1631 δὲ
3195 1567 3236 1631 ὁ

652 1671 939 1750 ποταμὸς
985 1670 1241 1735 Ἰταλίας
1301 1667 1454 1751 (scr.
1501 1668 1701 1733 Ἀςίας
1755 1666 1864 1732 vel
1910 1669 2264 1750 Ἀλβανίας)
2309 1690 2393 1731 ex
2437 1666 2689 1733 Cathol.
2739 1668 2982 1734 Arcad.
3028 1669 3142 1748 21,
3193 1669 3237 1730 9

651 1775 729 1840 τὰ
785 1773 873 1838 εἰς
926 1759 1042 1853 νβῖιῖξ
1101 1772 1516 1852 βαρύνονται,
1574 1772 1790 1853 Βίβας,
1855 1770 2140 1853 Φόρβας,
2194 1772 2388 1852 Ἄβας
2442 1773 2743 1851 ποταμός.
2833 1771 3002 1835 Tum
3061 1769 3239 1834 redit

653 1873 874 1960 Steph.
935 1872 1020 1937 ad
1084 1873 1153 1937 id
1207 1870 1630 1952 vocabulum,
1700 1869 1876 1935 unde
1931 1892 2120 1935 orsus
2175 1881 2345 1954 erat,
2408 1872 2491 1936 ad
2535 1875 2716 1955 Ἄβηῑ
2776 1876 2866 1940 ὡς
2924 1874 3044 1939 οὖν
3099 1873 3237 1938 ἀπὸ

653 1983 769 2043 τοῦ
823 1978 1097 2056 Ἀμύκλα
1149 1977 1474 2058 Ἀμύκλαι,
1538 1974 1747 2039 οὕτως
1801 1975 1960 2055 Ἄβα
2014 1977 2210 2055 Ἄβαι.
2303 1973 2486 2040 Haec
2531 1999 2615 2039 ex
2660 1973 2999 2041 Catholica
3054 1997 3235 2039 sum-

652 2089 769 2166 pta
822 2077 1157 2156 videntur,
1218 2077 1284 2139 in
1339 2099 1468 2163 qua
1519 2075 1851 2141 technicus
1900 2077 2161 2140 nomina
2216 2099 2575 2163 proponere
2637 2077 2803 2144 solet
2859 2079 2926 2141 in
2978 2077 3237 2142 numeri

653 2179 1004 2267 singularis
1061 2179 1497 2260 nominativ0,
1555 2179 1796 2266 quippe
1841 2178 2026 2242 cuius
2073 2201 2157 2243 ex
2206 2180 2664 2246 terminatione
2720 2192 3025 2246 accentus
3078 2203 3234 2266 pen-

655 2283 838 2365 deat,
899 2305 1032 2349 non
1087 2282 1330 2348 oblitus
1385 2283 1614 2367 opinor
1668 2280 1911 2346 addere
1967 2281 2022 2344 si
2078 2303 2314 2346 nomen
2367 2281 2631 2369 aliquod
2688 2285 2756 2347 in
2806 2281 3041 2369 plurali
3086 2293 3236 2347 tan-

653 2397 792 2451 tum
855 2384 1333 2471 usurpabatur,
1408 2385 1586 2447 cuius
1658 2384 1915 2467 generis
1992 2383 2481 2448 observationes
2548 2385 2872 2449 Arcadius
2945 2394 3238 2471 praeter-

651 2489 830 2555 misit
889 2511 945 2553 e.
1002 2511 1066 2572 g.
1117 2487 1269 2568 108,
1314 2487 1355 2550 5
1408 2487 1555 2565 Ἁλή
1612 2490 1812 2565 δῆμος
1867 2491 1977 2565 τῆς
2021 2488 2297 2565 Ἀττικῆς
2354 2487 2779 2571 ὀξυνόμενον,
2835 2487 2946 2574 qui
3002 2488 3236 2552 demus

653 2614 907 2678 semper
952 2591 1128 2656 Ἁλαί
1171 2600 1464 2654 vocatur.
1509 2627 1591 2635 —
1645 2589 1876 2672 Pergit
1919 2588 2012 2653 St.
2065 2591 2140 2655 τὸ
2200 2590 2451 2655 ἐθνικόν
2498 2591 2747 2671 Ἀβαῑος
2800 2593 2902 2655 καὶ
2957 2591 3031 2655 τὸ
3088 2611 3237 2668 κτη-

652 2696 856 2762 τικόν·
923 2695 1136 2775 μηδεὶς
1193 2694 1264 2757 δὲ
1318 2692 1805 2771 περιττολογίαν
1861 2691 2125 2768 ἡγείςθω
2189 2694 2303 2771 τὴν
2358 2693 2733 2776 παράθεςιν,
2793 2694 2896 2757 διὰ
2944 2695 3020 2758 τὸ
3079 2690 3237 2756 ἀνό-

652 2819 856 2878 μοιον.
944 2798 1161 2877 Δέρβη
1206 2796 1325 2873 γὰρ
1370 2795 1688 2875 φρούριον
1734 2794 2060 2878 Ἰςαυρίας,
2116 2798 2191 2861 τὸ
2237 2796 2488 2861 ἐθνικὸν
2532 2797 2864 2877 Δερβήτης
2915 2798 3016 2861 καὶ
3057 2796 3235 2873 Δερ-

655 2905 863 2983 βαῖος,
931 2901 1021 2964 ὡς
1075 2897 1332 2976 (ιδήτης
1388 2897 1486 2961 καὶ
1540 2897 1869 2979 Πυλήτης,
1939 2897 2029 2961 ὡς
2083 2899 2504 2982 δειχθήςεται,
2569 2898 2700 2963 ἀπὸ
2754 2903 2870 2963 τοῦ
2927 2898 3071 2977 Cion
3128 2899 3240 2962 καὶ

650 3003 868 3085 Πύλη,
934 2999 1171 3086 quibus
1229 2997 1448 3063 verbis
1503 2997 1573 3060 in
1628 2995 1851 3060 limine
1907 2997 2152 3082 operis„
2222 2998 2287 3061 in
2344 3022 2471 3085 quo
2528 2999 2887 3063 maximum
2943 2998 3239 3063 studium

651 3101 1343 3188 diligentissimamque
1405 3121 1670 3184 operam
1737 3097 2112 3162 derivandis
2177 3098 2546 3168 nominibus
2611 3101 2962 3186 gentiliciis
3029 3124 3235 3165 nava-

653 3215 872 3285 verat,
917 3202 1208 3269 breviter
1250 3224 1515 3266 causam
1559 3200 1777 3279 affert,
1825 3221 1943 3263 cur
1984 3223 2247 3265 necesse
2291 3203 2378 3267 sit
2421 3203 2582 3269 haec
2625 3225 2971 3290 apponere.
3061 3202 3239 3265 Nam

652 3308 720 3373 id
767 3306 996 3393 opinor
1040 3305 1107 3367 in
1150 3302 1290 3368 loco
1336 3303 1420 3367 ab
1467 3302 1893 3387 epitomatore
1939 3311 2002 3366 et
2031 3300 2313 3369 librariis
2360 3307 2719 3393 depravato
2763 3306 2981 3399 dicere
3025 3304 3241 3369 voluit

653 3431 815 3496 opus
861 3430 1003 3473 esse
1046 3405 1382 3490 gentilicia
1426 3404 1741 3489 cuiusque
1768 3404 2048 3470 nominis
2080 3428 2437 3493 apponere,
2484 3431 2681 3496 quum
2712 3409 2970 3473 etiamsi
3013 3416 3238 3474 certae

653 3510 1142 3576 terminationes
1188 3506 1459 3571 eandem
1504 3505 1712 3590 legem
1756 3507 1824 3569 in
1865 3506 2223 3573 formandis
2270 3510 2543 3575 ethnicis
2581 3521 2967 3598 sequantur,
3013 3519 3233 3575 tamen

652 3612 895 3677 multae
950 3611 1349 3675 variationes
1406 3609 2028 3696 vicissitudinesque
2086 3611 2497 3698 reperiantur
2552 3636 2608 3677 e.
2653 3636 2717 3698 g.
2763 3614 3026 3678 nomina
3080 3612 3150 3675 in
3195 3619 3234 3693 ῆ

656 3737 738 3779 ex
769 3736 910 3777 sese
955 3734 1316 3799 propagare
1347 3710 1617 3797 gentilia
1646 3712 1712 3776 in
1757 3720 1942 3794 W,
1990 3713 2106 3777 sed
2138 3737 2281 3778 esse
2313 3714 2665 3801 quaedam,
2713 3737 2879 3802 quae
2912 3726 2984 3780 ut
3012 3717 3234 3797 Δέρβη

654 3827 912 3904 praeter
966 3814 1134 3879 hanc
1191 3816 1474 3902 speciem
1540 3814 1733 3879 etiam
1793 3816 1862 3878 in
1919 3822 2067 3882 αι’ὄς
2121 3818 2442 3898 Δερβαῖος
2511 3817 2860 3901 fingantur.
2969 3816 3233 3883 Addere

654 3918 865 4005 potuit
927 3919 1123 3984 urbes
1202 3904 1617 4001 cognomines
1691 3931 1960 4005 propter
2025 3918 2467 3983 characterem
2530 3920 2868 4004 regionum
2936 3921 3233 3985 diversas

653 4021 996 4105 gentilium
1039 4022 1282 4085 formas
1329 4020 1652 4105 accipere,
1713 4020 1892 4086 velut
1934 4023 2186 4099 Ἀθῆναι
2233 4024 2563 4102 Ἀθηναῖος
2608 4032 2674 4087 et
2717 4025 3111 4104 Ἀθηναῖτης,
3164 4024 3234 4086 in

657 4122 1046 4209 quibusdam
1094 4125 1441 4209 scriptores
1502 4146 1618 4187 suo
1675 4124 1948 4189 arbitrio
2007 4146 2047 4187 a
2090 4122 2234 4208 lege
2291 4123 2628 4188 discedere
2683 4102 2863 4189 vehit
2919 4126 2972 4189 si
3020 4125 3232 4190 Theo-

655 4246 931 4313 pompus
975 4248 1015 4288 a
1060 4227 1225 4305 Βρέα
1278 4247 1404 4289 non
1451 4227 1756 4311 Βρεάτης,
1812 4226 1928 4291 sed
1986 4229 2251 4305 Βρεαῖος
2305 4224 2561 4292 formet.
2649 4226 2780 4292 Sed
2835 4228 2903 4292 in
2958 4227 3232 4292 ethnicis

657 4327 980 4413 fingendis
1024 4326 1425 4413 Stephanum
1471 4327 1847 4394 Herodiano
1908 4327 2069 4392 duce
2123 4350 2310 4392 usum
2369 4350 2512 4392 esse
2565 4331 2791 4394 statim
2836 4329 3229 4395 videbimus.

660 4429 805 4494 Hac
858 4430 1264 4514 digressione
1321 4430 1400 4495 de
1445 4430 1798 4516 gentilibus
1855 4431 2032 4494 facta
2075 4429 2441 4516 Stephanus
2486 4431 2839 4496 revertitur
2881 4432 2965 4496 ad
2996 4455 3233 4498 nomen

660 4534 727 4596 in
770 4531 1073 4597 lemmate
1116 4531 1401 4618 positum
1444 4534 1507 4598 αἱ
1562 4536 1633 4599 δὲ
1673 4536 1856 4615 Ἄβαι
1910 4534 2096 4599 πόλις
2153 4534 2222 4599 ἐν
2267 4537 2404 4600 ταῖς
2449 4535 2801 4616 Φωκεῡςιν,
2857 4535 3013 4600 ἔνθα
3054 4535 3231 4613 ἱερὸν

661 4634 1099 4701 Ἀπόλλωνος·
1143 4635 1223 4714 ἦν
1271 4638 1341 4701 δὲ
1385 4641 1576 4702 τοῦτο
1622 4639 1696 4702 τὸ
1744 4640 2043 4716 μαντεῖον
2074 4638 2202 4715 πρὸ
2246 4640 2364 4701 τοῦ
2404 4638 2473 4701 ἐν
2503 4638 2828 4720 Δελφοῖς,
2874 4659 3036 4722 quae
3081 4646 3233 4701 sunt

663 4737 943 4801 fortasse
987 4738 1195 4802 verba
1237 4737 1568 4824 scriptoris
1613 4737 1918 4819 alicuius,
1976 4760 2167 4824 quom
2209 4736 2625 4803 Herodianus
2672 4760 2787 4825 pro
2840 4747 3007 4803 teste
3049 4738 3233 4802 urbis

663 4838 982 4905 Phocicae
1011 4838 1427 4924 laudaverat,
1475 4839 1659 4904 cuius
1693 4840 2029 4925 scriptoris
2061 4861 2292 4902 nomen
2322 4862 2465 4903 cum
2501 4840 2862 4905 Herodiani
2890 4841 3093 4926 ipsius
3126 4838 3231 4905 vel
