3664 5546
612 306 739 371 334
1546 306 1628 360 ΕΚ
1667 300 1806 359 ΤΩΝ
1849 306 1890 360 Η
1902 304 2258 359 ΡΩΔΙΑΝΟΥ

614 482 782 561 λῷος
829 466 867 540 ὃ
911 478 1199 556 ποταμὸς
1244 478 1624 558 προςβάλλει
1672 476 1828 543 ἰλύν.
1893 476 2188 553 λέγονται
2234 475 2336 540 καὶ
2368 475 2685 553 Ἐχινάδες
2731 475 2835 539 διὰ
2880 477 2956 540 τὸ
3002 475 3199 553 τραχὺ

611 582 713 645 καὶ
757 580 868 645 ὀξὺ
914 580 1088 657 παρὰ
1130 582 1246 646 τὸν
1277 580 1496 659 ἐχῖνον
1541 582 1579 658 ἢ
1626 581 1730 643 διὰ
1774 581 1850 644 τὸ
1895 581 2141 656 πλῆθος
2183 578 2353 655 ἔχειν
2395 577 2643 656 ἐχίνων.
2710 576 3201 655 Ἀπολλόδωρος

613 684 683 746 δὲ
738 680 870 747 ἀπὸ
925 681 1530 763 Ἐχίνουμάντεως.
1635 681 1947 758 Καινίνη
2001 681 2187 745 πόλις
2245 680 2528 760 (αβίνων
2583 678 2622 756 ἦ
2683 679 2810 743 ὑπὸ
2868 678 3200 758 Ῥωμύλου

611 784 867 848 άλοῦςα.
957 783 1369 862 Λιγυςτίνη
1415 784 1598 848 πόλις
1643 784 1897 859 Λιγύων
1942 786 2052 861 τῆς
2098 785 2350 859 δυτικῆς
2395 780 2654 862 Ἰβηρίας
2711 782 2901 857 ἐγγὺς
2944 782 3047 846 καὶ
3088 784 3200 858 τῆς

549 896 582 944 5
614 885 971 964 Ταρτηςςοῦ
1016 886 1300 964 πληςίον.
1390 885 1772 964 Πλινθίνη
1816 885 2004 949 πόλις
2048 887 2158 961 τῆς
2203 883 2539 958 Αἰγυπτίας
2596 884 2854 961 ἐπίτῆς
2900 885 3199 961 Μαρείας.

614 987 917 1065 Μοτίνη
964 988 1148 1052 πόλις
1197 987 1484 1069 Ἰταλίας,
1531 987 1800 1051 ἄποικος
1844 987 2190 1065 Ῥωμαίων.
2256 986 2582 1064 Πολύβιος
2627 986 2817 1069 τρίτῳ
2861 985 2945 1066 (ο.
2975 984 3081 1074 40,
3114 983 3199 1064 8)·

610 1089 878 1164 Φλέγων
925 1090 992 1152 δὲ
1042 1089 1367 1168 Μουτίνην
1425 1089 1626 1166 αὐτήν
1683 1110 1850 1167 φηςι.
1941 1086 2216 1168 (αβίνη
2252 1087 2379 1151 ’ἐπὶ
2432 1090 2541 1164 τῆς
2586 1088 2887 1162 γυναικὸς
2943 1087 3044 1150 καὶ
3096 1085 3201 1148 ἐπὶ

610 1194 720 1267 τῆς
766 1191 992 1269 χώρας.
1084 1190 1436 1270 (ιβερίνη
1482 1192 1667 1254 πόλις
1713 1190 2075 1268 Οἰνωτρῶν.
2142 1191 2217 1253 τὸ
2264 1190 2335 1252 δὲ
2380 1187 2598 1268 ἐχινῆ
2652 1188 2690 1266 ἡ
2732 1190 2993 1267 τραχεῖα
3038 1188 3202 1265 δορὰ

613 1291 744 1357 ἀπὸ
789 1296 905 1356 τοῦ
951 1292 1164 1370 ἐχινέα
1196 1292 1470 1373 γέγονε,
1528 1292 1628 1355 διὸ
1685 1295 2077 1370 περιςπᾶται.
2164 1292 2241 1355 τὸ
2299 1291 2369 1354 δὲ
2416 1289 2769 1368 Φωτεινή
2827 1290 3049 1368 κύριον
3095 1289 3201 1351 διὰ

517 1401 577 1451 10
613 1396 725 1470 τῆς
770 1396 823 1456 ᾗ
870 1393 1228 1473 διφθόγγου
1274 1393 1692 1473 γραφόμενον
1749 1394 2056 1459 ὀξύνεται.
2147 1390 2475 1471 μετάγεται
2529 1392 2652 1470 γὰρ
2709 1392 2841 1456 ἀπὸ
2888 1390 3199 1455 ἐπιθέτου.

782 1495 875 1559 Τὰ
920 1494 1007 1559 εἰς
1053 1497 1138 1571 νῆ
1183 1495 1525 1575 διςύλλαβα
1571 1498 1895 1574 μονογενῆ
1938 1495 2436 1573 παραληγόμενα
2469 1495 2584 1573 μὲν
2640 1499 2715 1577 τῇ
2763 1499 2823 1556 δι
2866 1492 3201 1575 διφθόγγῳ

615 1596 1029 1678 βαρύνονται,
1097 1595 1274 1674 οἴνη
1340 1597 1379 1673 ἡ
1445 1597 1728 1675 ἄμπελος
1785 1599 1885 1661 καὶ
1941 1597 1978 1660 ὁ
2035 1597 2106 1661 ἐν
2162 1599 2300 1659 τοῖς
2358 1596 2572 1675 βόλοις
2627 1596 2837 1660 κενός·
2904 1594 3032 1659 ἔςτι
3098 1594 3204 1657 καὶ

614 1697 804 1776 Οἴνη
851 1699 1034 1763 πόλις
1077 1699 1365 1777 Ἄργους.
1441 1694 1761 1763 Ἑκαταῖος
1804 1699 2098 1776 ίςτοριῶν
2144 1698 2399 1780 πρώτῳ.
2467 1698 2693 1775 θοίνη
2738 1697 2776 1774 ἡ
2824 1695 3052 1776 τροφή.
3120 1696 3197 1758 τὸ

614 1785 684 1863 δὲ
729 1801 963 1877 ποινή
1016 1799 1321 1867 ὀξύνεται.
1409 1800 1907 1879 παραληγόμενα
1963 1801 2034 1864 δὲ
2085 1801 2123 1861 ὃ
2180 1798 2501 1881 ὀξύνεται,
2559 1796 2791 1881 μονή,
2847 1798 3040 1876 γονή
3097 1798 3201 1860 καὶ

516 1908 576 1958 lo
613 1902 820 1981 φονή
864 1902 903 1980 ἡ
950 1900 1223 1981 ὀλεθρία.
3180 1925 3197 1931 -

782 2026 820 2061 a·
865 2003 958 2067 Τὰ
1003 2004 1109 2067 διὰ
1150 2008 1267 2068 τοῦ
1314 2024 1458 2081 οινη
1517 2004 1679 2083 ὑπὲρ
1734 2004 1855 2067 δύο
1901 2004 2215 2084 ςυλλαβὰς
2258 2004 2494 2082 ἔχοντα
2538 2002 2666 2081 πρὸ
2721 2007 2837 2067 τοῦ
2882 2024 2920 2065 ν
2975 2004 3089 2080 τὴν
3136 2004 3201 2062 ὀι

613 2103 968 2183 δίφθογγον
1027 2105 1144 2170 οὐκ
1202 2106 1314 2172 εἰςὶ
1367 2106 1604 2185 γνήςια.
1694 2107 1768 2170 τὸ
1826 2108 1941 2184 μὲν
1987 2107 2110 2184 γὰρ
2155 2105 2481 2181 ἀγκοίνη
2541 2104 2981 2184 βαρυνόμενον
3026 2103 3200 2181 παρὰ

610 2208 726 2284 τὴν
773 2205 1065 2282 ἀγκῶνος
1111 2210 1364 2286 γενικὴν
1395 2208 1830 2287 πεποιημένον
1876 2209 2123 2286 τροπὴν
2155 2207 2297 2286 ἔςχε
2327 2211 2444 2271 τοῦ
2486 2205 2543 2273 ὧ
2575 2208 2662 2271 εἰς
2693 2208 2807 2286 τὴν
2840 2212 2903 2269 οἶ
2934 2207 3199 2285 δίφθογ-

610 2327 746 2382 γον.
804 2310 878 2372 τὸ
925 2309 996 2373 δὲ
1042 2310 1373 2387 μενοινή
1419 2308 1812 2389 ὀξυνόμενον
1860 2312 1960 2374 καὶ
2005 2311 2164 2374 αύτό
2210 2311 2456 2387 τροπὴν
2503 2310 2643 2388 ἔςχε
2689 2313 2806 2373 τοῦ
2852 2314 2905 2371 ω
2952 2307 3040 2371 εἰς
3081 2309 3199 2384 τὴν

509 2416 575 2465 20
609 2414 676 2471 δῖ
734 2409 1110 2489 δίφθογγον.
1201 2410 1481 2490 ὤφειλεν
1547 2413 1669 2491 γὰρ
1735 2411 1901 2477 εἶναι
1968 2413 2240 2491 μενωνή.
2328 2413 2407 2474 τὰ
2470 2413 2593 2489 γὰρ
2660 2411 2747 2475 εἰς
2812 2413 2850 2488 ἦ
2919 2411 3201 2488 λήγοντα

611 2513 849 2590 θηλυκὰ
905 2510 1037 2576 ἀπὸ
1095 2511 1393 2590 ῥημάτων
1449 2512 1783 2596 γινόμενα,
1842 2514 2077 2590 ἔχοντα
2132 2512 2203 2577 ἐν
2258 2519 2332 2598 τῇ
2389 2513 2715 2596 τελευταίᾳ
2772 2513 2873 2576 καὶ
2927 2518 3004 2595 τῇ
3069 2512 3200 2588 πρὸ

610 2613 804 2690 αὐτῆς
859 2613 935 2677 τὸ
992 2614 1151 2676 αὐτὸ
1210 2615 1558 2693 ςύμφωνον
1614 2616 1653 2691 ἣ
1712 2614 2142 2698 ἀντίςτοιχον,
2199 2620 2291 2697 τῷ
2337 2619 2390 2678 ὧ
2449 2615 2704 2698 μεγάλῳ
2748 2615 3200 2691 παραλήγεται.

610 2714 648 2778 ὁ
694 2717 765 2791 δὲ
824 2715 1017 2790 λόγος
1074 2714 1177 2780 ἐπὶ
1220 2714 1652 2794 τριςυλλάβων
1712 2714 1856 2783 οἷον
1912 2715 2133 2794 ἀγωγή
2189 2716 2320 2781 ἔδει
2378 2715 2541 2783 εἶναι
2595 2716 2720 2795 άγή
2782 2716 2884 2780 καὶ
2927 2714 3198 2791 γέγονεν

610 2815 863 2898 ἀγωγή,
923 2817 1160 2896 ὁμοίως
1215 2818 1344 2881 ἔδω
1400 2818 1512 2894 ἐδή
1568 2817 1812 2900 ἐδωδή,
1871 2818 2001 2885 ὄζω
2061 2816 2179 2897 ὀδή
2226 2817 2476 2901 ὀδωδή,
2532 2818 2713 2883 ὄπτω
2765 2817 2893 2895 ὀπή
2941 2815 3198 2897 ὀπωπή,

506 2925 571 2974 25
609 2918 743 2997 ἔχω
789 2917 909 2997 ὀχή
967 2917 1213 3000 ὀκωχή,
1270 2918 1404 2982 ἄκω
1462 2918 1580 2997 ἀκή
1636 2918 1882 3002 ἀκωκή,
1949 2920 2121 2984 οὕτω
2182 2921 2353 3000 μένω
2407 2922 2482 2984 τὸ
2537 2923 2981 3000 προθυμοῦμαι
3040 2919 3199 2997 μενή

610 3020 896 3100 μενωνή,
955 3019 1008 3083 εἰ
1064 3021 1165 3083 καὶ
1221 3022 1302 3098 μὴ
1358 3021 1434 3084 τὸ
1490 3019 1649 3084 αὐτὸ
1705 3021 2054 3102 ςύμφωνον
2111 3022 2149 3101 ἢ
2207 3024 2309 3086 καὶ
2364 3021 2784 3100 ἀντίςτοιχον,
2819 3022 2946 3099 ἔχει
3004 3020 3076 3084 ἐν
3120 3027 3198 3104 τῇ

609 3120 940 3203 τελευταίᾳ
988 3121 1089 3183 καὶ
1132 3127 1208 3204 τῇ
1254 3122 1382 3198 πρὸ
1428 3120 1622 3197 αὐτῆς
1669 3126 1974 3207 ςυλλαβῇ,
2022 3125 2123 3188 καὶ
2164 3123 2314 3188 ἰ’ςως
2361 3125 2450 3188 ὡς
2495 3124 2652 3187 κατὰ
2695 3127 2890 3188 τοῦτο
2924 3123 3197 3198 γέγονεν

610 3228 818 3304 τροπῇ
863 3225 981 3285 τοῦ
1025 3223 1079 3283 ‹T›
1128 3221 1215 3285 εἰς
1258 3225 1372 3299 τὴν
1417 3226 1483 3286 ffi
1527 3222 1885 3303 δίφθογγον
1932 3226 2209 3304 μενοινή.
2298 3226 2757 3304 παρατηρήςεις
2812 3226 2936 3302 γὰρ
2980 3227 3196 3303 τοῦτο,

612 3323 708 3387 ὅτι
754 3324 833 3386 τὰ
879 3322 1050 3386 οὕτω
1084 3324 1600 3389 διπλαςιαςθέντα
1645 3325 1776 3392 ἀπὸ
1808 3329 2186 3406 φωνήεντος
2217 3327 2449 3405 ἤρχετο
2482 3325 2627 3391 οἷον
2660 3325 2914 3406 ἀγωγή,
2960 3325 3195 3405 ἀκωκή,

429 3471 442 3488 .
510 3433 576 3482 30
610 3424 838 3502 ἑδωδή.
938 3425 1012 3488 τὸ
1070 3425 1139 3488 δὲ
1197 3428 1457 3504 μενοινή
1514 3427 1717 3507 μόνον
1785 3428 1918 3492 ἀπὸ
1973 3430 2352 3507 ςυμφώνου·
2441 3430 2540 3492 καὶ
2599 3430 2736 3493 ἐπεὶ
2791 3428 3196 3506 παρήλλαξεν

611 3527 770 3591 κατὰ
825 3526 941 3603 τὴν
1005 3525 1326 3605 ἄρχουςαν
1392 3530 1555 3606 πρὸς
1623 3531 1702 3593 τὰ
1755 3530 2169 3613 προκείμενα,
2232 3532 2635 3608 παρήλλαξεν
2703 3531 2804 3594 καὶ
2873 3530 3018 3607 περὶ
3078 3529 3194 3605 τὴν

610 3627 1125 3704 παραλήγουςαν.

777 3759 814 3794 ιι
863 3731 952 3795 Τὸ
1004 3731 1368 3797 Κελαιναί
1414 3734 1599 3797 πόλις
1654 3736 1764 3811 τῆς
1821 3737 2039 3813 μικρᾶς
2082 3733 2357 3812 Φρυγίας
2413 3735 2450 3811 ή
2498 3735 2599 3798 καὶ
2645 3734 2946 3846 Ἀπὰμεια
2990 3732 3195 3812 μόνον

609 3833 698 3897 εἰς
744 3855 887 3910 αινη
935 3837 1294 3910 καταλῆγον
1342 3835 1630 3899 ὀξύνεται
1676 3834 2030 3900 ἐπιθετικόν
2077 3835 2170 3901 ὄν.
2704 3857 2719 3864 ·

611 4088 818 4158 pletum
858 4105 924 4139 ex
961 4089 1620 4153 Theogn.113,32‚nhi
1661 4087 1845 4155 Ἀςίνη
1892 4089 1927 4152 ἡ
1969 4088 2240 4154 Ἑρμιόνη.
2276 4118 2334 4126 --
2378 4094 2607 4155 τραχεῖα
2644 4097 2772 4140 ante
2811 4087 2949 4154 δορά
2986 4091 3195 4138 inserui

611 4154 892 4206 Lobeckio
929 4163 1149 4206 auctore
1187 4156 1352 4207 Pron.
1390 4158 1488 4206 247
1527 4163 1638 4209 not.
1674 4160 1736 4207 21
1786 4160 1856 4207 ef.
1894 4165 2178 4222 praeterea
2217 4159 2409 4210 Choer.
2447 4160 2602 4210 Orth.
2644 4162 2765 4219 170,
2804 4162 2868 4208 33
2914 4165 2971 4208 et
3016 4158 3077 4209 E.
3118 4159 3192 4209 M.

607 4227 727 4286 276,
768 4227 848 4286 16,
885 4213 1029 4274 unde}
1067 4223 1328 4287 Φωτεινή
1367 4228 1580 4289 recepi,
1618 4226 1680 4274 E
1719 4226 2121 4288 Gud.146‚3ss
2161 4234 2216 4276 et
2253 4244 2303 4291 p.
2341 4231 2390 4288 9,
2429 4229 2476 4274 6.
2639 4227 2671 4275 1.
2714 4229 2773 4275 12
2811 4240 2937 4289 οινη
2976 4223 3193 4304 explevi

608 4309 674 4342 ex
713 4293 958 4356 Theogn.
999 4293 1119 4352 114,
1157 4294 1214 4354 6,
1253 4288 1393 4356 Οἷνη
1433 4309 1497 4341 ex
1537 4294 1616 4341 St.
1653 4294 1712 4342 Β.
1753 4293 1968 4356 addidi,
2014 4291 2173 4358 Θοίνη
2219 4294 2437 4359 explevi
2483 4311 2551 4343 ex
2586 4295 2737 4343 Thes»
2728 4310 2833 4354 mn.
2904 4295 2986 4342 Dc·
3024 4289 3194 4354 ποινή

560 4357 564 4364 ’
608 4361 778 4410 habet
804 4359 1053 4423 Thoogn.
1079 4361 1235 4408 haec:
1273 4359 1472 4421 γέγονε
1511 4359 1661 4424 παρὰ
1696 4359 1765 4410 τὸ
1802 4331 1981 4424 φόνος
2019 4361 2169 4425 φονή
2208 4362 2296 4412 καὶ
2334 4363 2669 4425 πλεοναςμῷ
2707 4364 2809 4410 τοῦ
2845 4377 2860 4410 1
2893 4360 2983 4412 καὶ
3008 4360 3195 4423 τροπῇ

608 4430 710 4478 τοῦ
754 4444 799 4490 φ
837 4425 914 4478 εἰς
951 4443 1017 4489 π,
1058 4443 1198 4491 quae
1237 4428 1534 4491 explicatio
1571 4429 1926 4478 Herodianea
1964 4429 2209 4491 videtur,
2250 4430 2426 4479 alteia
2464 4429 2497 4493 ἢ
2538 4429 2688 4493 παρὰ
2722 4429 2793 4478 τὸ
2831 4428 3007 4478 πόνος
3045 4428 3193 4488 πονή

611 4496 700 4545 καί
740 4495 908 4558 ποινή
946 4511 979 4544 a
1014 4496 1368 4561 Theognosto
1405 4497 1676 4561 apposita.
1883 4497 1919 4546 1.
1962 4498 2023 4545 16
2060 4496 2507 4547 adnotamentnm
2545 4498 2609 4547 de
2648 4497 2930 4546 vocabulis
2968 4497 3020 4545 in
3060 4498 3192 4555 ὗινη

613 4564 990 4629 depromptum
1017 4569 1102 4612 ost
1134 4581 1201 4612 ex
1226 4564 1470 4626 Theogn.
1501 4567 1623 4625 114,
1653 4568 1732 4624 12,
1775 4566 1869 4614 ubi
1908 4566 1963 4613 in
2002 4564 2106 4614 {ino
2145 4564 2391 4614 additum
2430 4572 2514 4614 est
2551 4564 2737 4615 οὕτως
2765 4563 3105 4627 Ἡρωδιανὸς
3131 4561 3194 4612 ἐν

609 4635 679 4695 τῇ
719 4631 992 4692 καθόλόυ,
1030 4633 1256 4680 transiit
1292 4636 1578 4681 maximam
1618 4639 1827 4696 parton}
1866 4634 1921 4682 in
1960 4632 2021 4680 E.
2050 4634 2122 4681 M.
2147 4636 2262 4694 59⁴3,
2296 4636 2388 4694 383
2430 4633 2697 4696 quaedam
2738 4633 2949 4682 leviora
2988 4630 3193 4680 mutavi

611 4699 763 4748 volut
800 4698 898 4762 ἐδή
936 4698 1041 4762 ὸδή
1083 4699 1274 4748 addidi
1312 4706 1367 4748 ret
1405 4717 1499 4764 pro
1535 4699 1658 4762 ἥκω
1697 4699 1802 4764 ἀκή
1843 4700 2038 4764 scripsi
2074 4697 2194 4749 ἅκω
2232 4716 2351 4748 enm
2391 4703 2717 4749 Buttmanno
2754 4717 2839 4764 ap.
2883 4701 3016 4751 Lol»,
3059 4698 3141 4747 El.
3170 4699 3195 4747 Ι

616 4769 709 4814 163
746 4772 859 4814 not.
899 4769 980 4814 21.
1119 4766 1152 4816 l.
1192 4771 1256 4816 33
1295 4783 1554 4816 canonem
1595 4774 1818 4831 proptor
1858 4765 2111 4818 Κελαιναί
2151 4784 2237 4833 ap.
2278 4769 2357 4817 st.
2396 4770 2453 4816 Β.
2494 4768 2638 4817 finxi.
3210 4765 3235 4790 ‘
