3664 5546
1228 308 1388 363 ΠεΡι
1429 272 1823 365 κΑοοΛικΗς
1859 309 2283 365 ΠΡοςΩιΔιΑς
2322 310 2379 364 κ.
2968 312 3097 376 535

675 500 712 536 ιε
760 481 855 545 Τὰ
908 481 997 546 είς
1042 475 1195 544 ῖτῖῡ
1252 481 1535 559 λήγοντα
1591 480 1866 563 ῥήματα,
1933 481 1989 544 εί
2056 480 2196 559 ἔχοι
2258 482 2334 546 τὸ
2400 484 2422 544 ἰ
2484 482 2614 558 πρὸ
2669 485 2786 546 τοῦ
2844 483 3093 564 τέλους,

507 583 1006 663 ςυνεςταλμένον
1063 583 1223 647 αὐτὸ
1278 582 1439 665 ἔχει,
1496 583 1769 665 λίπτω,
1823 580 2054 664 ἴπτω,
2111 581 2434 661 χρίπτω·
2501 583 2603 646 διὸ
2671 569 3094 662 ςημεῐούμεθα

505 685 580 748 τὸ
624 684 883 749 πίπτω
927 686 1031 749 καὶ
1073 683 1334 763 ῥίπτω.
1390 744 1413 753 ,
1584 673 1592 683 ’

671 812 709 848 ει
757 786 852 851 Τὰ
895 786 1001 851 διὰ
1045 786 1165 851 δύο
1210 789 1279 850 E?
1321 784 1678 864 παραγωγὰ
1723 783 1970 864 ῥήματα
2024 784 2186 864 ὑπὲρ
2242 785 2364 850 δύο
2410 785 2722 865 ςυλλαβὰς
2770 785 3092 866 βαρύτονα

504 887 613 952 ὅτε
658 887 788 967 ἔχει
821 888 1126 967 δίχρονον
1170 889 1299 967 πρὸ
1341 888 1569 952 τέλους
1599 886 2100 965 ςυςτελλόμενον
2145 886 2305 951 αὐτὸ
2350 887 2513 966 ἔχει,
2559 886 2897 969 ἀράςςω,
2942 908 3085 951 πα-
3116 899 3148 948 5

503 990 783 1072 τάςςω,
828 988 1650 1072 χαράςςω,“ἀλλάςςω,
1698 987 2030 1068 ἀφύςςω.
2118 991 2319 1066 δῆλον
2365 987 2486 1053 οὖν
2533 988 2630 1052 ὅτι
2685 989 2906 1054 καὶτὸ
2952 980 3130 1053 θα-1

505 1090 700 1156 άςςω
756 1090 1004 1171 ὀφείλει
1056 1092 1133 1155 τὸ
1184 1094 1229 1155 ἆ
1283 1089 1783 1169 ςυςτελλόμενον
1840 1089 2028 1169 ἔχειν.
2115 1089 2192 1154 τὸ
2249 1091 2319 1154 δὲ
2377 1090 2667 1154 ἐλαςςῶ
2711 1095 3086 1169 περιςπᾶται

500 1193 677 1270 παρὰ
719 1192 796 1257 τὸ
839 1192 1109 1258 ἔλαςςον
1153 1191 1527 1270 γενόμενον.
1616 1192 1717 1256 διὸ
1764 1191 2089 1271 βαρύτονα
2131 1189 2510 1270 πρόςκειται.
3007 1208 3020 1215 “

669 1322 706 1356 ιι
755 1293 849 1358 Τὰ
893 1294 998 1358 διὰ
1052 1298 1169 1359 τοῦ
1209 1281 1347 1361 α-ζω
1396 1293 1740 1373 διςύλλαβα
1784 1293 2099 1357 ςυςτέλλει
2154 1293 2231 1357 τὸ
2277 1295 2347 1375 ἇ,
2405 1293 2896 1373 ὑπεςταλμένων
2953 1299 3084 1359 τῶν

497 1394 840 1478 Αἰολικῶν,
896 1395 1002 1459 διὰ
1051 1395 1129 1460 τὸ
1174 1395 1431 1462 πτάζω
1485 1395 1587 1459 καὶ
1640 1394 1941 1476 πλάζω,
1997 1393 2149 1459 ὅθεν
2206 1393 2534 1461 ἐπιπλάζω
2589 1393 2732 1459 ἀντὶ
2787 1400 2905 1460 τοῦ
2950 1396 3083 1460 ἐπι·
3125 1407 3187 1457 10

412 1484 424 1490 ’
497 1497 769 1575 πλήςςω.
826 1496 1103 1562 ἔςτωςαν
1132 1498 1204 1561 δὲ
1233 1492 1711 1576 παραδείγματα
1737 1499 1857 1561 τοῦ
1886 1494 2162 1560 κανόνος
2192 1499 2419 1559 ταῦτα·
2466 1496 2738 1578 ςτάζω,
2783 1497 3082 1580 φράζω,

499 1597 733 1680 βάζω,
778 1597 1056 1678 ςφάζω.
1143 1598 1530 1677 παραλόγως
1584 1596 1710 1676 ἄρα
1764 1598 1839 1661 τὸ
1895 1595 2148 1675 κράζω
2203 1597 2539 1661 ἐκτέταται.
2627 1599 2730 1662 καὶ
2783 1599 2862 1662 τὰ
2921 1599 3082 1679 ὑπὲρ

498 1699 616 1763 δύο
665 1699 977 1779 ςυλλαβὰς
1034 1699 1165 1778 ἔχει
1222 1700 1721 1779 ςυνεςταλμένον
1775 1698 1852 1763 τὸ
1898 1702 1971 1780 ᾶ,
2027 1696 2222 1777 χωρὶς
2277 1698 2332 1762 εἰ
2376 1700 2457 1777 μὴ
2513 1699 2652 1777 ἔχοι
2696 1699 2860 1778 πρὸς
2904 1708 2997 1784 τῷ
3041 1705 3082 1764 ἆ

495 1800 571 1864 τὸ
614 1802 668 1882 ῑ,
713 1801 819 1863 διὰ
859 1801 936 1865 τὸ
981 1801 1321 1883 ματᾴζω,
1373 1801 1755 1883 ςφαδᾴζω.
1845 1800 2121 1865 ἔςτωςαν
2167 1801 2239 1864 δὲ
2283 1800 2758 1885 παραδείγματα
2809 1805 2928 1866 τοῦ
2972 1824 3080 1867 κα-

494 1898 689 1966 κόνος
731 1905 958 1965 ταῦτα·
1004 1901 1312 1984 ςκιάζω,
1370 1901 1885 1984 ἐνθουςιάζω,
1941 1900 2322 1980 ἀγοράζω.
2408 1903 2578 1965 τινὲς
2621 1902 2693 1965 δὲ
2737 1902 3079 1968 ἐκτείνουςι
3120 1914 3181 1965 15

492 2002 569 2067 τό
627 2000 778 2066 «ὅδ’
822 2001 1120 2082 ἀγοράζει
1174 2002 1397 2074 κλεῖδ’.
1451 2003 1681 2083 ἔχων».
1767 2003 2090 2068 τουτέςτιν
2147 2002 2217 2067 ἐν
2262 2000 2472 2085 ἀγορᾷ
2526 2002 2857 2085 διατρίβει,
2914 2006 3078 2082 πρὸς

494 2106 830 2183 διαςτολὴν
876 2108 993 2169 τοῦ
1035 2104 1291 2183 ἑτέρου,
1338 2104 1508 2181 λέγω
1553 2107 1626 2169 δὲ
1669 2108 1786 2169 τοῦ
1832 2103 2142 2168 ὠνεῖςθαι.

660 2234 697 2269 ιι
744 2207 890 2272 Πᾶν
946 2205 1113 2286 ῥῆμα
1166 2206 1255 2271 εἰς
1297 2192 1397 2272 Z]
1444 2208 1646 2283 λῆγον
1703 2204 1860 2284 ἔχον
1914 2207 2041 2282 πρὸ
2098 2204 2326 2268 τέλους
2379 2205 2455 2269 τὸ
2510 2208 2533 2269 i
2576 2207 3075 2285 ςυνεςταλμένον

490 2307 650 2372 αὐτὸ
695 2307 858 2389 ἔχει,
915 2307 1212 2390 οἰκίζω,
1270 2306 1670 2388 κιθαρίζω,
1724 2305 2154 2387 πολεμίζω,
2200 2305 2522 2389 ἐλπίζω,
2568 2308 2909 2375 ςκελίζω.
2996 2310 3073 2373 τὸ

490 2409 706 2489 μέντοι
752 2408 1082 2479 δανείζω
1127 2408 1233 2472 διὰ
1276 2410 1388 2485 τῆς
1432 2410 1487 2472 ὃ
1532 2407 1891 2487 διφθόγγου
1934 2407 2277 2490 γράφεται,
2334 2407 2414 2472 οὐ
2471 2409 2687 2487 μέντοι
2742 2409 2848 2473 διὰ
2903 2410 3072 2474 ἐκτε-
3110 2421 3180 2470 20

487 2510 769 2588 ταμένου
812 2513 929 2574 τοῦ
968 2512 1005 2573 i.

655 2610 750 2674 Τὰ
793 2611 898 2674 διὰ
939 2613 1058 2674 τοῦ
1101 2612 1253 2675 Μ
1296 2611 1457 2689 ὑπὲρ
1513 2609 1634 2675 δύο
1691 2611 2005 2690 ςυλλαβάς
2061 2610 2378 2683 ςυςτέλλει
2419 2612 2496 2676 τὸ
2551 2614 2622 2695 ἃ,
2682 2612 3073 2696 λιμπάνω,

487 2712 830 2795 ἁνδάνω,
885 2711 1283 2795 λαμβάνω,
1340 2711 1739 2794 μανθάνω,
1796 2712 2196 2795 λανθάνω,
2261 2713 2337 2777 τὸ
2403 2713 2619 2794 μέντοι
2673 2712 2914 2780 ἱκάνω
2970 2716 3073 2781 καὶ

390 2823 395 2830 “
486 2815 779 2894 κιχάνω
825 2813 1071 2889 ἄλογον
1116 2815 1352 2893 ἔχοντα
1392 2815 1511 2880 τὸν
1554 2819 1816 2894 πρῶτον
1862 2815 2104 2894 χρόνον
2148 2818 2265 2879 τοῦ
2306 2814 2608 2895 ἀορίςτου
2653 2817 2908 2882 ἐκτείνει
2954 2818 3069 2882 τὸν

486 2916 807 2994 δεύτερον.
3105 2934 3172 2982 ‘25

653 3017 748 3082 Τὰ
791 3017 896 3082 διὰ
947 3022 1064 3083 τοῦ
1119 3022 1257 3082 {fv—u]
1313 3018 1558 3099 ῥήματα
1612 3005 2123 3099 ὑπερδιςύλλαβα
2180 3019 2528 3098 βαρύτονά
2557 3020 2815 3084 ἐκτείνει
2871 3020 2948 3084 τὸ
3004 3028 3065 3098 fi,

485 3116 824 3201 ὀτρύνω,
871 3120 1201 3198 μολύνω.

651 3219 746 3284 Τὰ
800 3219 890 3285 εἰς
944 3225 998 3283 ei
1056 3221 1338 3299 λήγοντα
1391 3221 1636 3302 ῥήματα
1691 3225 1898 3305 μακρᾷ
1948 3222 2334 3304 παραλήγει,
2388 3222 2663 3305 ἱςτᾶςι,
2729 3228 3064 3307 κιχρᾶςι,

483 3320 871 3402 ἑςτήκαςι,
936 3322 1561 3406 βεβαςιλεύκαςι,
1627 3323 2036 3407 τετύφαςι,
2091 3323 2557 3405 γεῬράφαςι,
2628 3326 3060 3416 νενοήκαςι.

481 3424 740 3502 ποιηταὶ
793 3425 865 3487 δὲ
920 3423 1125 3489 ἐνίοτε
1180 3425 1609 3509 ςυςτέλλουςι,
1676 3425 1766 3490 ὡς
1821 3424 1998 3502 παρὰ
2053 3425 2421 3504 Ξενοφάνει
2488 3426 2592 3491 «ἐξ
2660 3425 2858 3506 ἀρχῆς
2914 3427 3062 3491 καθ’
3098 3440 3166 3490 30

480 3523 770 3602 Ὅμηρον
827 3525 965 3589 ἐπεὶ
1020 3514 1488 3606 μεμαθήκαςι
1542 3527 1819 3592 πάντες»
1879 3526 1983 3590 καὶ
2034 3527 2228 3591 πάλιν
2285 3526 2581 3591 «ὁππόςα
2635 3529 2713 3606 δὴ
2780 3533 3062 3607 θνητοῖςι

480 3627 919 3704 πεφήναςιν
965 3626 1434 3710 είςοράαςθαι»,
1489 3629 1593 3692 καὶ
1635 3628 1797 3705 παρ’
1842 3627 2192 3710 Ἀντιμάχῳ
2239 3628 2346 3692 «οἱ
2395 3631 2468 3693 δὲ
2511 3630 2780 3707 πάροιθε
2824 3631 3059 3696 πόνοιο

479 3726 948 3792 νενεύκαςιν
1003 3726 1203 3792 ἄλλος
1257 3727 1368 3792 ἐπ’
1421 3727 1640 3813 ἄλλῳ»
1697 3729 1803 3815 καί
1854 3730 2030 3807 παρὰ
2082 3728 2341 3814 Ὁμήρῳ
2397 3731 2463 3811 (λ
2508 3729 2663 3812 304)
2720 3734 2944 3812 «τιμὴν
2989 3734 3061 3796 δέ

480 3827 957 3907 λελόγχαςι».
1044 3832 1345 3894 τοιοῦτον
1405 3831 1478 3893 δὲ
1534 3831 1635 3894 καὶ
1696 3831 1774 3894 τὸ
1839 3829 2046 3911 «ἀμφὶ
2097 3832 2169 3894 δὲ
2222 3831 2494 3916 δένδρεα
2547 3832 2753 3910 μακρὰ
2805 3834 3059 3912 πεφύ-

478 3949 682 3992 καςι»
730 3930 796 4010 (η
848 3928 996 4010 114)
1039 3931 1141 3994 καὶ
1185 3930 1372 4008 ἕτερα
1413 3933 1692 3995 πλεῖςτα.
3093 3948 3162 3999 35

643 4058 681 4091 ιι
729 4029 823 4093 Τὰ
880 4031 986 4094 διὰ
1037 4034 1155 4095 τοῦ
1213 4034 1316 4096 fx}
1370 4033 1747 4113 παρηγμὲνα
1801 4033 2014 4098 Ἰακῶς
2070 4036 2371 4114 βραχεῖαν
2426 4034 2558 4112 ἔχει
2610 4034 2728 4113 τὴν
2772 4037 3058 4115 παραλή-

475 4151 716 4207 γουςαν
776 4131 943 4196 «ὧδε
999 4133 1071 4197 δέ
1125 4155 1217 4199 τις
1274 4134 1620 4200 εἴπεςκε»
1677 4136 1754 4216 (Β
1798 4133 1954 4215 271)
2008 4134 2111 4198 καὶ
2157 4136 2312 4212 «τὴν
2378 4134 2573 4200 αὐτὸς
2626 4137 3053 4216 φορὲεςκε»

472 4228 577 4314 (ΙΙ.
625 4232 678 4296 O
721 4230 890 4312 646).
978 4234 1186 4300 οὕτως
1229 4236 1333 4299 καὶ
1374 4235 1615 4300 ἔαςκε.

638 4418 676 4470 l.
718 4421 745 4470 1
783 4420 973 4470 Dichr.
1007 4422 1126 4484 286,
1161 4423 1244 4471 22.
1380 4421 1417 4471 l.
1450 4424 1484 4472 4
1518 4422 1709 4477 Dichr.
1745 4424 1866 4486 292,
1907 4424 1988 4472 11.
2159 4424 2196 4474 l.
2230 4425 2263 4473 9
2297 4422 2488 4473 Diohr.
2526 4425 2653 4487 292,
2695 4426 2756 4474 17
2797 4425 2867 4475 cf.
2905 4427 3053 4476 Mon.

405 4501 408 4505 ’
472 4487 555 4548 22,
592 4490 673 4538 33.
816 4487 851 4537 1.
892 4490 954 4539 18
990 4489 1175 4539 Dichr.
1213 4493 1339 4548 301,
1376 4491 1424 4540 6.
1564 4490 1600 4540 1.
1636 4493 1701 4540 22
1737 4490 1938 4546 Aroad.
1980 4492 2100 4554 196,
2141 4493 2186 4540 1.
2259 4487 2527 4554 μανθάνω
2564 4489 2829 4542 λανθάνω
2866 4494 3055 4559 recepi

475 4568 539 4602 ex
576 4555 763 4606 Dichr.
798 4558 916 4616 286,
957 4557 1042 4619 18,
1078 4557 1226 4606 unde
1264 4558 1432 4607 etiam
1469 4559 1676 4623 sumpsi
1710 4557 1781 4610 τὸ
1829 4557 2021 4621 μέντοι
2056 4555 2234 4610 ἱκάνω
2279 4574 2453 4624 usque
2498 4558 2568 4608 ad
2614 4558 2772 4610 finem
2820 4576 2917 4625 pro
2953 4563 3052 4611 Ar-

475 4620 621 4669 cadii
658 4623 842 4674 verbis
877 4623 1029 4688 πλὴν
1063 4626 1169 4675 τοῦ
1205 4622 1382 4675 ἱκάνω
1419 4623 1645 4688 κιχάνω.
1752 4627 1822 4694 ,L
1859 4628 1926 4677 26
1961 4628 2086 4677 Are.
2126 4629 2251 4688 194,
2289 4630 2336 4677 3.
2476 4625 2511 4676 1.
2548 4630 2614 4676 28
2651 4627 2775 4677 Arc.
2817 4631 2932 4690 195,
2975 4632 3053 4680 16.

474 4684 726 4750 ἑςτήκαςι
763 4717 825 4727 -
862 4691 1156 4756 νενοήκαςι
1191 4693 1373 4743 adieci
1406 4710 1473 4744 ex
1510 4695 1702 4760 Diehr,
1737 4699 1862 4761 296,
1896 4698 1954 4759 4,
1989 4694 2132 4744 unde
2170 4695 2338 4746 etiam
2370 4695 2542 4745 verba
2579 4692 2658 4746 ὡς
2694 4694 2847 4761 παρὰ
2882 4693 3052 4748 Ξενς-

420 4781 427 4785 -
471 4750 638 4818 φάνει
673 4772 846 4822 usque
881 4759 952 4809 ad
988 4760 1149 4811 finem
1186 4761 1435 4828 apposui.
1572 4762 1612 4817 l.
1651 4775 1721 4834 35
1757 4770 1830 4826 11,
1867 4767 1954 4818 Pr.
1989 4761 2030 4815 Β
2064 4764 2181 4814 832.
