3664 5546
1196 424 1353 480 ΠΕΡΙ
1397 424 1788 480 ΚΑΘΟΛΙΚΗ(
1823 425 2247 480 ΠΡΟΕΩιΔΙΑΕ
2288 426 2337 478 Γ.
2978 429 3053 493 71

637 622 675 658 w
721 598 814 662 Τὰ
861 599 948 662 εἰς
996 602 1132 676 W
1177 598 1361 677 κύρια
1406 598 1822 680 βαρύνονται,
1854 598 2249 680 Αἰςχίνης,
2296 598 2737 682 (μικρίνης,
2782 600 3057 666 Λεπτί-

464 723 632 782 νης,
678 701 1141 782 Θεοκρίνης,
1189 702 1572 783 Μηκίνης,
1619 701 1940 783 Ἀξίνης,
1989 702 2330 783 Ἀψίνης,
2375 700 2761 780 (παςίνης
2806 703 2934 784 ἀφ’
2977 703 3059 767 ού

464 804 780 869 (παςίνου
824 804 1022 882 χάραξ
1078 803 1264 868 πόλις
1319 804 1389 867 ἐν
1446 810 1520 887 τῇ
1575 803 1726 886 με’ςῃ
1783 807 1900 867 τοῦ
1944 802 2251 882 Τίγρητος
2310 805 2584 886 Μεςήνῃ.
2671 805 3058 883 Ἀκεςίνης

464 908 753 986 ποταμὸς
798 907 836 970 ὁ
881 906 1131 971 Τάναϊς.
1221 906 1690 985 Ἀρκεςίνης·
1748 904 1956 970 οὕτως
2002 906 2345 985 ἀρςενικῶς
2389 906 2716 987 Πολύβιος
2759 909 2877 986 τὴν
2922 908 3058 987 Ἀρ·

464 1010 710 1087 κεςίνην
746 1010 958 1092 ,πόλιν
1013 1010 1083 1074 ἐν
1140 1007 1428 1088 Ἀμόργῳ
1483 1013 1559 1090 τῇ
1617 1009 1788 1091 νήςῳ
1845 1009 2052 1087 φηςίν.
2153 1009 2538 1088 Βαρδίνης
2595 1010 2883 1089 ποταμὸς
2938 1008 3052 1073 (ύ-
3098 1019 3132 1068 5

464 1112 616 1191 ρίας.
704 1113 780 1176 τὸ
827 1113 898 1175 δε
942 1109 1222 1188 ἀπινής
1279 1109 1317 1174 ὁ
1374 1109 1736 1188 ἀμόλυντος
1791 1112 1894 1175 καὶ
1946 1110 2272 1189 ἀκλινής
2328 1111 2584 1176 ἐπίθετα
2638 1113 2740 1177 καὶ
2794 1113 2883 1177 εἰς
2942 1116 3059 1179 ο-ιῖς

462 1215 577 1292 τὴν
621 1215 878 1291 γενικὴν
923 1212 1070 1291 ἔχει.

632 1333 725 1398 Τὰ
771 1333 857 1397 εἰς
903 1336 1071 1410 W
1118 1330 1486 1412 βαρύνεται,
1536 1331 1974 1416 Μηριόνης,
2024 1332 2446 1414 Κεβριόνης
2492 1333 2530 1397 ὁ
2574 1333 2888 1413 Πριάμου.

633 1478 671 1513 ÷÷
714 1452 843 1516 Ἔτι
887 1453 966 1516 τὰ
1010 1452 1100 1516 εἰς
1145 1456 1332 1533 W,
1382 1450 1723 1531 Κερύνης
1770 1452 1996 1517 καὶτὰ
2040 1452 2127 1517 εἰς
2186 1472 2360 1530 ωνης
2405 1454 2772 1532 τελώνης.

629 1593 666 1629 x-
714 1571 808 1635 Τὰ
837 1573 940 1658 ,εἰς
984 1559 1090 1649 ἕης
1149 1570 1519 1652 βαρύνεται,
1575 1570 1893 1649 Ἀράξης
1948 1572 2238 1651 ποταμὸς
2285 1572 2609 1651 Ἀρμενίας
2670 1574 2771 1637 καὶ
2818 1574 3053 1639 Θεττα-
3096 1597 3159 1648 10

466 1677 628 1740 λίας·
676 1674 882 1738 οὕτως
927 1674 1049 1752 γὰρ
1096 1673 1133 1736 ὁ
1177 1673 1456 1751 Πηνειὸς
1503 1674 1790 1737 ἐκαλεῖτο
1840 1674 1907 1737 ἐκ
1952 1678 2069 1738 τοῦ
2116 1672 2354 1752 ἀράξαι.
2430 1675 2558 1739 ἔςτι
2604 1676 2674 1740 δε
2720 1676 2823 1740 καὶ
2867 1675 3056 1741 ἔθνος

465 1777 793 1858 Ἰλλυρίας,
860 1776 898 1839 ὃ
965 1777 1065 1839 καὶ
1121 1775 1388 1853 Ἄραξος
1457 1775 1737 1857 λέγεται,
1805 1777 1895 1840 ὼς
1940 1776 2357 1855 Ἀλέξανδρος
2417 1777 2765 1855 Κορνήλιος
2831 1778 2902 1843 ἐν
2962 1785 3055 1861 τῷ

463 1881 606 1958 περὶ
649 1883 781 1944 τῶν
825 1879 986 1956 παρ’
1031 1877 1321 1957 Ἀλκμᾶνι
1379 1882 1657 1943 τοπικῶς
1701 1878 2069 1958 εἰρημένων.
2160 1877 2434 1957 (αῑξης
2489 1878 2679 1944 ἔθνος
2734 1881 2909 1958 παρὰ
2962 1887 3054 1965 τῷ

459 1983 692 2064 Ἴςτρῳ.

634 2106 672 2143 ιι-
726 2083 854 2147 Ἔτι
919 2083 999 2146 τὰ
1064 2081 1153 2147 εἰς
1219 2084 1343 2159 τ’τ-ηῐ
1406 2081 1915 2161 Παντικάπης
1977 2082 2295 2165 ποταμός,
2361 2083 2786 2163 Ὑςτάςπης
2861 2085 3049 2151 ἔθνος
3093 2107 3155 2158 15

458 2186 787 2266 Περςικόν.

629 2305 756 2369 Ἔτι
811 2304 889 2368 τὰ
946 2305 1035 2367 εἰς
1087 2307 1286 2384 {iffi—c,
1350 2303 1405 2368 εἰ
1460 2305 1542 2383 μὴ
1596 2302 1854 2369 ἐπίθετα
1909 2302 2041 2384 εἴη,
2111 2304 2537 2387 Κυαξάρης,
2601 2305 3053 2388 Παντάρης,

461 2409 864 2489 (ωχάρης,
930 2405 1378 2486 Τυνδάρης,
1452 2405 1819 2487 Ἀφάρης,
1895 2406 2349 2488 Ἀμφιάρης,
2426 2407 2772 2488 Καβάρης
2844 2407 3054 2487 ὄνομα

460 2515 785 2592 ποταμοῦ,
866 2508 1262 2586 Γανδάρης
1331 2509 1546 2572 Ἰνδῶν
1614 2508 1819 2573 ἔθνος.
1919 2507 2244 2574 Ἑκαταῖος
2305 2509 2489 2593 Ἀςία.
2588 2510 2885 2585 λέγονται
2952 2511 3055 2574 καὶ

463 2614 794 2690 Γανδάριοι
840 2613 1002 2689 παρ’
1047 2611 1240 2692 αὐτῷ.
1329 2609 1747 2689 Δουςάρης
1802 2611 1950 2675 θεὸς
1995 2611 2169 2689 παρὰ
2212 2611 2449 2691 Ἄραψι
2494 2612 2596 2676 καὶ
2638 2611 3051 2690 Δαχαρηνοῑς
3087 2633 3157 2684 20

458 2716 844 2796 τιμώμενος,
910 2713 1034 2793 ἀφ’
1104 2710 1184 2777 οὗ
1249 2711 1555 2791 Δουςαρή
1631 2712 1944 2778 ςκόπελος
2018 2713 2319 2795 Ἀραβίας.
2428 2714 2504 2779 τὸ
2565 2715 2637 2779 δὲ
2702 2713 3050 2796 θυμαρής

463 2819 635 2897 «ἔχει
695 2818 759 2881 δ’
804 2816 1051 2894 ἄλοχον
1106 2815 1425 2894 θυμαρέα»
1472 2811 1582 2895 (ΙΙ.
1629 2815 1641 2879 Ι
1686 2813 1841 2894 336)
1888 2816 1989 2880 καὶ
2045 2819 2406 2894 «ςκῆπτρον
2452 2815 2765 2895 θυμαρές»
2812 2813 2969 2897 (Od.
3012 2838 3049 2895 ρ

466 2922 611 2999 199)
656 2918 974 2986 ὀξύνεται·
1020 2918 1149 2983 ἔςτι
1192 2918 1315 2996 γὰρ
1361 2916 1654 2983 ἐπίθετον
1701 2917 1874 2995 παρὰ
1919 2918 1994 2982 τὸ
2039 2919 2234 2997 θυμός
2281 2919 2384 2982 καὶ
2426 2917 2579 2997 ἀρῶ.

629 3063 666 3098 κ·
710 3039 806 3104 Τὰ
849 3038 938 3103 εἰς
984 3056 1131 3116 ερης
1177 3037 1593 3119 βαρύνονται,
1641 3037 1695 3101 εἰ
1742 3037 1829 3100 εἰς
1875 3056 2028 3114 ητος
2072 3037 2187 3116 τὴν
2232 3038 2487 3115 γενικὴν
2531 3036 2684 3117 ἔχει,
2717 3037 3049 3116 Ὑπέρης

459 3143 813 3221 Ὑπέρητος
878 3140 916 3205 ὁ
972 3140 1303 3205 Λυκάονος
1361 3138 1528 3220 υἱός,
1595 3137 1721 3217 ἀφ’
1776 3136 1856 3203 οὖ
1915 3137 2257 3217 Ὑπερηςία
2321 3139 2507 3204 πόλις
2567 3142 2679 3216 τῆς
2737 3139 3048 3219 Ἀχαῖδος,
3086 3136 3169 3211 25*

459 3245 838 3325 ύψικέρης
885 3243 1266 3323 ὑψικέρητος
1324 3240 1363 3305 ὁ
1424 3242 1496 3306 έν
1553 3240 1704 3320 ὕψει
1761 3239 2141 3321 κεκτημένος
2186 3240 2265 3305 τά
2309 3240 2572 3322 κέρατα,
2628 3242 2704 3306 τὸ
2751 3243 2821 3306 δὲ
2866 3241 3047 3320 ἀμε-

460 3349 591 3427 ρής
636 3347 740 3411 διὰ
785 3350 901 3409 τοῦ
947 3349 1063 3408 δΐς
1107 3343 1487 3423 κλινόμενον
1519 3342 1827 3409 ὀξύνεται.

625 3465 755 3530 Ἔτι
801 3465 879 3528 τὰ
937 3465 1041 3528 διὰ
1095 3467 1209 3528 τοῦ
1251 3466 1417 3542 ῆρ-ης
1475 3462 1892 3545 βαρύνονται,
1949 3462 2378 3543 χαλκήρης,
2436 3461 2862 3544 χρυςήρης,
2919 3467 3047 3527 θυ-

459 3569 729 3648 μήρης,
799 3568 985 3631 ἔνθεν
1068 3566 1141 3630 τὸ
1211 3570 1522 3645 «θυμῆρες
1599 3565 1948 3644 κεράςαςα»
2013 3561 2181 3645 (Od.
2241 3585 2276 3628 κ
2340 3562 2535 3645 362),
2613 3566 3047 3646 φρενήρης,

458 3670 806 3749 τριήρης·
853 3668 979 3733 ἔςτι
1025 3668 1127 3732 καὶ
1171 3666 1356 3733 πόλις
1402 3666 1658 3749 (υρίας,
1715 3665 2117 3747 ὀλιγήρης,
2174 3666 2548 3744 ποδήρης·
2614 3666 2689 3730 τὸ
2736 3668 2808 3730 δὲ
2852 3666 3044 3745 ἀπη-
3082 3672 3151 3722 30

593 3908 627 3958 l.
667 3911 692 3957 1
734 3923 1001 3958 canonem
1037 3906 1167 3956 finxi
1203 3924 1273 3956 ex
1310 3908 1505 3957 Choer.
1540 3911 1632 3968 40,
1676 3909 1728 3969 1,
1768 3907 1912 3957 unde
1960 3907 2181 3957 nomina
2218 3931 2281 3942 —-
2319 3903 2602 3969 Μηκίνηε,
2643 3924 2709 3956 ex
2748 3907 3050 3958 Herodian.

456 3978 513 4027 ἰιι
537 3978 638 4027 An.
663 3977 767 4026 Ox.
793 3976 866 4027 lv
890 3978 1007 4037 336,
1036 3978 1113 4030 11.
1140 3975 1286 4025 unde
1315 3973 1530 4039 Ἀξίνης
1569 3973 1825 4039 Ἀψίνης,
1863 3976 1943 4027 St.
1972 3978 2034 4025 Β.
2062 3975 2158 4026 ubi
2182 3970 2459 4038 (παςίνης
2494 3977 2609 4029 584,
2636 3978 2684 4037 5,
2712 3979 2770 4025 et
2796 3975 3044 4040 Theogn.

458 4049 540 4108 44,
577 4048 740 4107 3-6,
777 4045 920 4095 unde
965 4041 1170 4107 ἀπινής
1215 4046 1481 4107 accessit,
1530 4041 1758 4107 ἀκλινὴς
1806 4043 1994 4093 addidi
2043 4059 2109 4092 ex
2149 4043 2273 4093 Arc.
2310 4044 2403 4103 ⁴26,
2441 4042 2640 4121 QAEbi
2677 4043 2769 4094 AC
2818 4041 3045 4107 ἀκρινὴς

457 4131 676 4193 habent,
713 4130 820 4180 huc
855 4130 1018 4193 traxi,
1058 4144 1222 4194 quum
1257 4131 1316 4179 in
1352 4129 1596 4179 alienum
1635 4129 1812 4179 locum
1850 4128 1920 4178 ad
1966 4127 2411 4179 terminationem
2456 4128 2592 4194 ολης
2641 4132 2697 4178 et
2731 4131 2868 4193 ὀιῑῆῖ
2903 4133 3048 4178 inre-

459 4199 647 4265 pserit.
718 4200 984 4249 Fortasse
1031 4197 1133 4247 hue
1182 4196 1530 4248 referendum
1579 4202 1665 4247 est
1711 4198 1883 4248 etiam
1931 4193 2185 4260 Βιβλίνης
2232 4195 2488 4258 ποταμὸς
2540 4194 2721 4248 Νάξου
2767 4197 2826 4247 in
2874 4198 2936 4247 Ε.
2971 4198 3045 4247 M.

461 4270 576 4332 197,
615 4270 671 4323 3,
709 4267 803 4331 qui
840 4282 926 4332 ap.
964 4269 1044 4318 st.
1080 4265 1143 4315 B.
1181 4268 1303 4327 168,
1347 4267 1405 4314 12
1444 4262 1638 4328 Βίβλος
1675 4271 1925 4319 vocatur.
2172 4263 2205 4314 1.
2242 4266 2276 4315 8
2313 4279 2580 4316 canonem
2616 4281 2683 4316 ex
2718 4264 2843 4315 Arc.
2878 4266 2972 4327 ⁶26,
3020 4267 3040 4314 1

369 4374 378 4389 ι
458 4336 564 4386 huc
601 4336 748 4385 traxi
784 4334 1037 4385 consulto
1074 4332 1268 4384 Choer.
1306 4336 1396 4395 53,
1435 4336 1502 4383 20
1548 4338 1606 4383 et
1643 4334 1725 4384 St.
1763 4333 1824 4383 B.
1863 4318 1993 4393 3⁷1,'
2018 4336 2078 4395 3,
2127 4348 2157 4382 ο
2194 4332 2392 4397 quibus
2442 4331 2740 4398 Κεβριόνης
2787 4333 3043 4384 necessit.

594 4404 629 4453 l.
668 4406 700 4453 9
738 4418 916 4453 canon
954 4409 1200 4466 sumptus
1237 4407 1325 4451 est
1361 4416 1427 4449 ex
1465 4400 1661 4452 Choer.
1699 4406 1791 4464 53,
1827 4404 1912 4453 23.
2156 4400 2191 4450 l.
2236 4403 2298 4451 10
2341 4418 2605 4453 canonem
2652 4401 2782 4451 finxi
2818 4406 3047 4466 propter

461 4469 688 4535 Ἀράξης
727 4472 807 4522 St.
846 4472 908 4523 Β.
949 4472 1064 4532 109,
1105 4471 1166 4520 17
1204 4475 1262 4520 et
1297 4467 1495 4533 Εαῖξης
1531 4473 1647 4531 550,
1689 4470 1731 4518 1.
1870 4468 1905 4519 1.
1938 4470 1999 4518 17
2036 4469 2320 4535 composui
2393 4475 2581 4536 ropter
2615 4468 2695 4522 St.
2736 4469 2797 4518 B.
2834 4468 3041 4523 Παντι-

457 4538 640 4604 κάπης
676 4541 794 4599 501,
833 4540 913 4599 16,
953 4535 1261 4602 Ὑςτάςπης
1296 4539 1424 4599 653,
1464 4540 1545 4587 16.
1720 4538 1753 4587 l.
1797 4539 1859 4589 18
1901 4534 2191 4601 Τυνδάρης
2232 4536 2288 4588 Ἀ
2377 4551 2477 4602 ρης
2516 4534 2823 4602 Ἀμφιάρης
2860 4536 3043 4587 adieci

457 4624 522 4657 ex
561 4606 857 4659 Herodian.
895 4607 953 4656 in
991 4608 1053 4660 Ε.
1092 4608 1166 4660 Μ.
1206 4609 1333 4669 175,
1370 4609 1464 4669 30,
1514 4602 1766 4670 Καβάρης
1803 4622 1872 4657 ex
1910 4605 2104 4659 Choer.
2142 4608 2235 4666 50,
2275 4609 2363 4668 13,
2414 4603 2693 4669 Γανδάρη(
2740 4622 2809 4656 ex
2857 4607 2938 4656 st.
2976 4605 3038 4655 B.

463 4678 574 4737 198,
615 4679 694 4738 13,
733 4672 1021 4740 Δουςάρης
1057 4677 1176 4736 237,
1213 4676 1295 4727 23.
1467 4674 1501 4724 1.
1538 4677 1598 4724 21
1639 4672 1709 4724 τὸ
1746 4672 1806 4725 δὲ
1842 4673 2091 4739 θυμαρὴς
2127 4688 2302 4738 usque
2337 4674 2411 4725 ad
2446 4674 2605 4724 finem
2643 4672 2833 4723 addidi
2869 4689 2937 4723 ex
2974 4672 3041 4725 11.

459 4744 610 4793 Pros.
649 4742 662 4793 Ι
699 4745 799 4793 336
835 4742 1037 4793 collato
1075 4745 1139 4797 Ε.
1176 4744 1251 4793 Μ.
1284 4744 1401 4795 458.
1521 4743 1554 4794 1.
1592 4744 1660 4792 ‘24
1696 4757 1873 4793 canon
1912 4743 2247 4807 compositus
2284 4746 2371 4793 est
2406 4758 2471 4792 ex
2511 4740 2707 4791 Choer.
2742 4744 2826 4803 50,
2867 4742 2890 4791 1
2932 4741 3041 4792 col·

458 4810 573 4861 lato
609 4811 681 4860 ad
718 4809 957 4877 Ὑπέρης
995 4812 1074 4861 St.
1119 4813 1178 4861 B.
1214 4812 1332 4872 650,
1371 4815 1437 4862 20
1475 4815 1531 4861 et
1566 4811 1815 4875 Theogn.
1853 4812 1935 4867 44.
1975 4812 2054 4871 15,
2093 4809 2237 4861 undo
2274 4807 2498 4875 ἀμερής.
2698 4808 2735 4858 l.
2773 4812 2839 4860 29
2875 4807 3039 4861 ἐνθεν

460 4877 528 4927 τὸ
563 4906 627 4915 -
666 4876 933 4942 κεράςαςα
969 4879 1158 4929 addidi
1195 4896 1261 4928 ex
1296 4880 1366 4929 11.
1389 4881 1479 4929 Pr.
1507 4877 1541 4931 Γ
1565 4882 1685 4940 316,
1711 4878 1856 4930 unde
1882 4879 2045 4931 etiam
2071 4877 2353 4944 ὁλιγὴρης.
2400 4875 2650 4942 ποδήρης
2679 4893 2747 4927 ex
2771 4877 3039 4945 'l'heogn.,

461 4944 681 5010 ἀπηρής
715 4949 956 4998 accessit
992 4964 1058 4999 ex
1096 4948 1274 5013 Epim.
1310 4949 1469 4999 Hom.
1506 4950 1588 5007 84,
1629 4952 1708 4999 10.
