3664 5546
1522 391 1918 442 PRAEFATIO
1927 424 1942 441 .
2853 396 3037 444 CLXV

613 550 1010 619 Demetrii
1064 548 1135 613 in
1192 547 1399 613 Iliaca
1452 544 1769 613 Prosodia
1837 548 1967 612 duo
2033 546 2479 629 nominantur,
2537 549 2729 617 Ἰξίων
2785 550 2835 615 Α
2887 550 3036 633 513,

447 659 489 722 Ε
533 657 610 721 31
672 664 738 720 et
780 656 818 720 ὁ
872 654 1232 732 γονύπεςος
1277 652 1331 717 Θ
1374 649 1532 731 233,
1590 657 1929 735 praeterea
1983 648 2358 714 Demetrius
2416 659 2849 733 cognomento
2905 673 3036 716 non

446 757 780 845 praeditus
825 756 881 821 Ζ
910 753 1068 834 414,
1115 755 1171 820 Ξ
1204 752 1324 816 221
1343 801 1362 834 ,
1409 750 1520 837 qui
1563 773 1697 817 non
1740 750 2049 816 diversus
2073 749 2337 815 videtur
2380 751 2465 815 ab
2509 749 2822 818 alterutro
2867 753 3034 840 prio-

444 881 608 924 rum.
674 858 825 922 Duo
869 853 1280 940 grammatici
1325 851 1647 917 Demetrii
1691 862 1872 917 certo
1916 852 2302 936 cognomine
2346 874 2387 916 a
2430 851 2696 938 reliquis
2741 854 3035 920 eiusdem

443 959 722 1043 nominis
766 962 1000 1023 secreti
1045 978 1116 1020 se
1160 954 1440 1020 offerunt
1483 976 1587 1040 ap.
1623 953 1719 1018 St.
1752 952 1826 1017 B.
1862 976 1926 1040 p.
1956 952 2116 1035 375,
2168 954 2239 1017 11
2289 953 2751 1020 Demetrius
2798 954 3031 1022 Chlo-

443 1085 571 1128 rus
629 1062 1028 1141 ὑπομνήματι
1088 1057 1480 1139 Νικάνδρου,
1534 1077 1687 1119 nam
1746 1077 1865 1142 pro
1923 1056 1961 1121 ὁ
2006 1055 2339 1135 Φαληρεύς
2393 1054 2740 1139 legendum
2795 1079 2940 1122 esse
2995 1058 3033 1123 ὁ

446 1165 710 1244 Χλωρός
753 1160 1182 1227 certissimum
1236 1164 1336 1221 est
1394 1155 1508 1243 (cf.
1557 1155 2020 1221 Bussemaker.
2076 1154 2163 1220 ad
2205 1154 2421 1221 Schol.
2468 1155 2611 1222 Nic.
2671 1180 2735 1244 p.
2781 1157 2915 1241 IV)
2969 1169 3035 1223 et

441 1262 905 1331 Demetrius
954 1259 1336 1347 Scepsius
1380 1258 1538 1338 350,
1592 1258 1669 1321 12
1717 1259 2015 1338 Κάλυμνα
2054 1261 2276 1341 νῆςος,
2335 1260 2414 1337 ἢν
2470 1258 2509 1324 ὁ
2555 1258 2833 1339 (κήψιος
2875 1264 3031 1341 πλη-

345 1451 350 1454 .
442 1373 749 1434 θυντικῶς
798 1365 1115 1444 Καλύμναι
1173 1361 1342 1443 φηςί,
1366 1369 1431 1424 et
1473 1358 1631 1444 569,
1674 1359 1715 1424 6
1768 1359 2083 1426 (ιλίνδιον
2140 1359 2414 1439 πόλιςμα
2469 1361 2617 1439 περὶ
2668 1362 2785 1441 τὴν
2839 1363 3031 1446 Ἴδην,

444 1471 535 1535 ὡς
576 1467 944 1547 Δημήτριος
987 1465 1025 1529 ὁ
1072 1463 1350 1543 (Σκήψιος
1394 1462 1465 1527 ἐν
1509 1461 1830 1546 ἑνδεκάτῳ
1873 1466 1991 1527 τοῦ
2034 1462 2324 1541 Τρωϊκοῦ
2355 1462 2729 1546 διακόςμου,
2774 1462 2887 1548 qui
2932 1474 3034 1528 est

441 1568 864 1635 clarissimus.
910 1589 951 1630 a
1021 1564 1343 1630 Strabone
1409 1563 1649 1647 citatus
1727 1562 2216 1648 grammaticus.
2327 1561 2593 1628 Tertius
2653 1563 3030 1629 Demetrius

440 1669 938 1756 grammaticus,
984 1667 1099 1754 qui
1141 1688 1183 1730 a
1211 1663 1543 1751 Stephano
1590 1662 1931 1745 laudatur,
1980 1663 2169 1729 titulo
2201 1663 2355 1730 libri
2385 1663 2470 1730 ab
2502 1664 2644 1750 ipso
2675 1665 3027 1752 conscripti

440 1772 831 1839 discernitur
894 1793 935 1835 a
1006 1766 1293 1853 reliquis.
1411 1764 1538 1830 Est
1608 1764 2082 1830 Demetrius
2156 1764 2618 1851 Magnesius
2695 1764 3029 1831 Ciceronis

438 1873 728 1961 aequalis
782 1869 1163 1958 saepissime
1218 1890 1259 1932 a
1311 1861 1610 1952 Diogene
1660 1866 1927 1933 Laertio
1984 1867 2326 1948 laudatus,
2390 1868 2502 1954 qui
2556 1866 2822 1954 scripsit
2885 1872 3031 1950 περὶ

438 1977 799 2058 ὁμωνύμων
844 1972 984 2039 sive
1031 1970 1445 2049 ςυνωνύμων.
1536 1967 1667 2049 Qui
1725 1966 1892 2034 liber
1948 1991 2077 2054 non
2122 1967 2334 2034 solum
2377 1967 2669 2034 homines
2726 1969 2872 2055 pari
2916 1993 3027 2036 no-

437 2078 608 2142 mine
663 2084 927 2140 vocatos
984 2071 1293 2152 secrevit,
1350 2067 1469 2133 sed
1526 2070 1723 2135 etiam
1776 2051 1974 2135 urbes
2032 2068 2473 2155 cognomines.
2566 2069 2661 2136 St.
2709 2069 2785 2134 Β.
2835 2052 2961 2154 67,
2987 2073 3029 2137 5

437 2179 723 2259 Ἀλαβών
779 2178 966 2241 πόλις
1023 2174 1301 2239 (Σικελίας
1355 2173 1459 2237 καὶ
1510 2173 1829 2255 ποταμός,
1898 2173 1988 2238 ὡς
2040 2173 2410 2252 Δημήτριος
2477 2173 2547 2239 ἐν
2613 2174 3028 2257 ςυνωνύμοις,

436 2279 610 2345 idem
656 2277 824 2343 liber
868 2274 1276 2360 significatur
1319 2272 1422 2354 73,
1454 2271 1494 2336 6
1539 2272 1796 2338 Ἀλθαία
1839 2274 1914 2341 τὸ
1946 2274 2197 2340 ἐθνικὸν
2241 2274 2536 2339 Ἀλθαῖος
2577 2275 2616 2354 ἢ
2659 2274 3028 2356 Ἀλθαιάτης

437 2385 475 2462 ἢ
533 2379 920 2447 Ἀλθαιανός.
1016 2376 1288 2456 εὕρομεν
1355 2377 1427 2441 δὲ
1492 2375 1564 2441 ἐν
1623 2377 1762 2440 ταῖς
1829 2379 2226 2456 ςυγγραφαῑς
2287 2376 2658 2456 Δημητρίου
2717 2376 3025 2443 Ἀλθαιὲα.

436 2483 627 2549 Prior
681 2481 861 2545 locus
918 2477 1002 2544 ab
1056 2475 1436 2542 Herodiano
1489 2475 1559 2538 in
1611 2474 1886 2540 Prosod.
1944 2474 2133 2540 Cath.
2188 2476 2345 2541 Arc.
2409 2476 2517 2556 10,
2571 2477 2681 2560 11,
2738 2476 2905 2544 alter
2959 2478 3027 2542 in

435 2584 604 2650 libro
646 2584 792 2662 περὶ
833 2579 1243 2659 παρωνύμων
1288 2576 1537 2664 positus
1584 2577 1805 2642 fuerit.
1894 2574 2005 2641 Ad
2062 2576 2338 2643 eundem
2392 2576 2632 2643 librum
2693 2589 2760 2645 et
2803 2588 3025 2645 aucto-

435 2708 572 2750 rem
629 2679 956 2750 referendi
1012 2687 1164 2745 sunt
1218 2677 1285 2743 hi
1338 2676 1493 2742 loci:
1559 2679 1669 2760 13,
1719 2677 1797 2742 16
1852 2679 2220 2758 Δημήτριος
2283 2679 2356 2745 δέ
2421 2700 2612 2760 φηςιν
2668 2680 3025 2763 Ἀγβάτανα

436 2788 643 2870 διττά,
686 2787 766 2852 τὰ
808 2786 924 2865 μὲν
968 2786 1079 2862 τῆς
1126 2781 1407 2864 Μηδίας,
1450 2781 1530 2846 τὰ
1574 2783 1646 2847 δὲ
1690 2784 1802 2860 τῆς
1837 2780 2094 2863 (υρίας,
2141 2779 2257 2863 35,
2307 2780 2340 2843 1
2389 2781 2623 2863 ἑβδόμη
2671 2781 2792 2868 (sc.
2837 2783 3024 2850 πόλις

433 2890 716 2970 Ἀθῆναι)
772 2885 1211 2969 Ἀκαρνανίας,
1270 2882 1361 2948 ὡς
1404 2883 1773 2962 Δημήτριος
1829 2883 1957 2947 κτλ.
2003 2881 2088 2946 65
2104 2928 2123 2964 ,
2173 2881 2206 2944 1
2255 2881 2469 2962 Ἀκτήε
2530 2882 2900 2965 Δημήτριος
2953 2887 3024 2951 δὲ

432 2995 546 3070 τῆς
589 2990 961 3069 ςημαντικῆς
1003 2989 1121 3052 τοῦ
1166 2984 1458 3062 αἰγιαλοῦ
1504 2986 1605 3048 καὶ
1646 2988 1758 3063 τῆς
1801 2985 1949 3064 περὶ
1987 2983 2102 3049 τὸν
2132 2983 2305 3048 Ἀθω
2348 2985 2563 3064 χώρας
2604 2985 2806 3063 μόνον
2836 2986 3024 3067 ἐμνη-

434 3093 754 3174 μόνευςεν.
845 3086 998 3170 105,
1043 3086 1084 3151 6
1130 3085 1498 3165 Δημήτριος
1552 3087 1624 3151 δὲ
1667 3086 1766 3150 καὶ
1817 3091 2111 3165 ποταμὸν
2157 3085 2502 3152 Ἀπιδανὸν
2558 3090 2671 3166 τῆς
2714 3088 3023 3168 Τρωάδος

433 3194 621 3277 φηςίν
669 3191 1042 3272 «ἐκβάλλων
1089 3187 1177 3253 εἰς
1219 3188 1337 3267 τὴν
1382 3186 1677 3266 ἑςπέριον
1720 3188 2116 3271 θάλαςςαν»,
2163 3189 2253 3253 ὡς
2297 3187 2698 3268 Τιμοςθένης.
2754 3187 2907 3270 119,
2944 3188 3022 3255 15

431 3295 727 3375 Ἀρκάδες
770 3293 958 3358 πόλις
992 3290 1246 3369 Κρήτης.
1275 3325 1360 3335 -
1388 3289 1756 3369 Δημήτριος
1800 3290 1872 3356 δὲ
1918 3288 2037 3354 οὐκ
2072 3287 2378 3368 Ἀρκάδας
2421 3291 2537 3369 τὴν
2580 3289 2807 3373 πόλιν,
2852 3290 3020 3357 ἀλλά

429 3397 764 3478 Ἀρκαδίαν
808 3392 1014 3476 φηςίν.
1042 3426 1128 3439 -
1162 3389 1304 3470 127,
1356 3390 1432 3452 13
1477 3390 1740 3470 Ἀρτάκη
1784 3392 1972 3456 πόλις
2018 3389 2313 3470 Φρυγίας.
2379 3392 2769 3473 Δημήτριος-
2793 3394 2865 3457 δὲ
2910 3413 3019 3472 νη-

434 3500 568 3566 ςίον
614 3496 779 3563 εἶναί
832 3517 982 3576 φηςι
1037 3496 1197 3561 κατὰ
1240 3493 1585 3575 Τιμοςθένη
1640 3493 1850 3570 λέγων
1909 3492 2203 3572 «Ἀρτάκη
2259 3496 2456 3559 τοῦτο
2513 3495 2627 3573 μὲν
2684 3492 2842 3573 ὄρος
2892 3494 3020 3559 ἐςτὶ

430 3605 542 3680 τῆς
588 3601 958 3680 Κυζικηνῆς,
1001 3600 1196 3662 τοῦτο
1241 3598 1313 3662 δὲ
1357 3595 1616 3675 νηςίον»
1664 3597 1791 3660 κτλ.
1887 3592 2038 3675 144,
2084 3593 2126 3658 6
2170 3594 2495 3661 Ἀττάλεια
2537 3595 2725 3661 πόλις
2768 3595 3016 3661 Λυδίας.

432 3702 495 3767 οἱ
539 3703 612 3766 δὲ
654 3702 770 3779 τὴν
819 3697 1087 3764 Κιλικίας
1130 3697 1569 3780 (Παμφυλίας)
1619 3697 1921 3776 Κώρυκον
1966 3696 2140 3762 οὕτω
2185 3698 2353 3777 φαςὶ“
2382 3697 2701 3780 λέγεςθαι,
2747 3698 2838 3763 ὡς
2881 3698 3018 3775 Δη-

432 3804 722 3884 μήτριος,
777 3800 908 3865 ἀπὸ
954 3800 1260 3865 Ἀττάλου
1303 3798 1718 3878 Φιλαδέλφου
1773 3797 2100 3863 κτίςαντος
2163 3797 2382 3877 αὐτήν.
2470 3796 2561 3862 Hi
2606 3819 2827 3862 omnes
2873 3797 3017 3862 loco

432 3924 517 3967 ex
561 3899 898 3966 Catholica
941 3900 1146 3986 petita
1189 3898 1527 3980 videntur,
1573 3899 1643 3963 in
1687 3920 1816 3984 qua
1858 3919 2030 3962 nunc
2059 3920 2164 3986 ap.
2197 3896 2560 3963 Arcadium
2604 3898 3019 3986 reperiuntur

431 4001 770 4069 Ἀπιδανός
812 4001 1098 4082 ποταμός
1144 4010 1210 4065 et
1254 4001 1515 4081 Ἀρτάκη
1560 4000 1778 4083 πόλις,
1822 3997 2073 4086 reliqua
2113 3998 2602 4065 interciderunt.
2673 3999 3016 4065 Caeterum

431 4112 703 4191 apparet
755 4101 1201 4169 Herodianum
1267 4101 1587 4189 quaedam
1651 4123 1736 4166 ex
1797 4102 1943 4189 ipso
1996 4101 2319 4168 Demetrii
2382 4123 2579 4189 opere
2638 4102 3015 4189 sumpsisse,

430 4204 753 4291 quaedam
798 4227 882 4268 ex
928 4202 1377 4285 Timosthene,
1409 4204 1535 4289 qui
1580 4224 1654 4268 eo
1699 4225 1855 4268 usus
1901 4215 2062 4270 erat.

599 4304 1040 4388 Diodorus,
1097 4327 1290 4392 quem
1332 4306 1493 4370 citat
1534 4303 1896 4370 Herodian.
1939 4303 2120 4370 Mon.
2165 4302 2283 4386 32,
2334 4304 2446 4387 11,
2492 4313 2591 4370 est
2635 4302 3014 4369 dialecticus

429 4409 812 4494 cognomine
868 4405 1206 4487 Oronus,
1272 4405 1391 4472 sed
1445 4406 1503 4471 is
1559 4427 1749 4493 quem
1806 4404 1902 4470 St.
1952 4404 2030 4468 B.
2075 4404 2330 4484 laudat,
2400 4415 2501 4471 est
2553 4406 3015 4491 grammaticus

429 4508 809 4589 Tarsensis,
866 4529 1058 4593 quem
1103 4507 1337 4573 Strabo
1393 4508 1519 4573 675
1570 4507 1743 4571 inter
1794 4506 2008 4573 claros
2063 4508 2247 4573 urbis
2305 4507 2497 4572 Tarsi
2551 4507 3013 4593 grammaticos

428 4609 652 4677 refert.
747 4607 1161 4675 Herodianus
1218 4618 1291 4675 ut
1342 4609 1663 4674 Demetrii
1721 4610 2042 4694 quaedam
2098 4631 2181 4674 ex
2238 4609 2660 4675 'Pimosthene
2715 4608 3012 4696 sumpsit,

430 4712 523 4777 sic
567 4709 848 4777 Diodori
894 4710 1073 4776 dicta
1114 4733 1198 4776 ex
1242 4711 1500 4799 scriptis
1532 4709 1972 4793 Ath‘enodori,
2019 4733 2212 4798 quem
2256 4709 2629 4776 Meinekius
2675 4709 2745 4773 in
2788 4708 3013 4774 Indice

431 4809 934 4879 Anchialensem
977 4813 1315 4878 nominans
1349 4811 1695 4898 distinguit
1738 4834 1779 4876 a
1805 4812 2118 4877 Tarsensi
2162 4813 2476 4901 probante
2510 4810 2838 4880 Ahrensio
2883 4809 3010 4876 Bu-
