3664 5546
1173 368 1332 422 ΠΕΡΙ
1374 367 1767 423 ΚΑΘΟΛΙΚΗ(
1803 366 2227 423 ΠΡΟΕΩιΔΙΑΕ
2266 369 2341 422 ΙΒ.
2925 367 3054 432 339

455 525 593 602 καὶ’
635 536 825 602 πόλις
892 538 1327 617 Παρθυαίων.’
1385 540 1712 620 Πολύβιος
1778 541 2040 625 δεκάτῳ.
2116 540 2489 616 Ἀντιόπη.
2561 538 2908 626 (τερόπη
2971 538 3048 602 τὸ

454 641 707 723 κύριον,
767 642 1107 720 ςτεροπή
1176 643 1247 705 δὲ
1314 641 1354 719 ἡ
1406 640 1722 725 ἀςτραπή,
1781 642 2131 720 Μερόπη·
2201 641 2408 706 οὕτως
2466 641 2756 705 ἐκαλεῖτο
2812 640 3048 720 (ίφνος

453 747 659 820 νῆςος.
753 742 1156 820 Καςςιόπη.
1206 742 1520 822 Κορόπη
1565 743 1751 808 πόλις
1797 743 2153 808 Θεςςαλίας.
2201 743 2486 821 Ὀρόπη
2532 743 2718 807 πόλις
2761 742 3046 825 Εὐβοίας,

453 843 1081 908 ὅπου”Ἀπόλλωνος
1138 844 1600 924 διαςημότατον
1657 845 1851 924 ἱερόν.
1941 846 2141 924 Ἰόπη
2197 845 2383 909 πόλις
2428 845 2724 923 Φοινίκης
2779 845 3047 923 πληςίον

454 945 746 1028 Ἰαμνίας,
807 947 896 1010 ώς
951 943 1201 1029 Φίλων,
1259 946 1349 1010 ὡς
1407 947 1477 1011 δὲ
1520 947 1870 1011 Διονύςιος
1921 946 2359 1025 Παλαιςτίνης.
2451 945 2712 1025 Φοινίκη
2765 947 2888 1025 γὰρ
2944 948 3047 1010 καὶ
3074 951 3107 1001 5

452 1048 492 1125 ἡ
535 1047 941 1125 Παλαιςτίνη.
1031 1047 1261 1125 ἐκλήθη
1308 1048 1378 1114 δὲ
1424 1047 1555 1112 ἀπὸ
1601 1049 1808 1127 Ἰόπης
1851 1051 1962 1125 τῆς
2006 1047 2243 1112 Αἰόλου
2288 1047 2631 1130 θυγατρός,
2678 1051 2790 1126 τῆς
2831 1068 3046 1124 γυναι-

453 1150 563 1214 κὸς
612 1148 877 1227 Κηφέως
923 1151 1040 1212 τοῦ
1082 1149 1404 1213 κτίςαντος
1448 1150 1550 1213 καὶ
1599 1149 2097 1229 βαςιλεύςαντος.
2165 1149 2291 1215 ἔςτι
2336 1149 2438 1212 καὶ
2483 1149 2822 1213 Θεςςαλίας
2864 1149 3046 1228 ἄλλη.

451 1250 887 1328 Πηνελόπη.
948 1250 1219 1328 Ἐνόπη
1264 1252 1451 1316 πόλις
1484 1250 1850 1330 Μεςςηνίας.
1895 1252 2180 1331 Ὅμηρος
2227 1250 2692 1329 «Καρδαμύλην
2726 1249 3043 1328 Ἐνόπην»

457 1349 561 1433 (Il.
611 1353 625 1417 Ι
679 1351 861 1434 150),
907 1352 1210 1432 μέμνηται
1256 1353 1453 1431 αὐτῆς
1498 1353 1598 1417 καὶ
1640 1354 2008 1419 Παυςανίας
2049 1354 2239 1436 τρίτῳ
2285 1353 2369 1434 (ο.
2400 1350 2518 1434 26,
2563 1351 2649 1432 8).
2710 1352 3038 1431 Πελόπη

451 1453 626 1533 κώμη
672 1454 902 1519 Λυδίας
946 1455 1109 1533 πρὸς
1153 1461 1229 1538 τῇ
1274 1454 1532 1539 Φρυγίᾳ.
1623 1455 1903 1533 Ἀλόπη
1960 1455 2146 1520 πόλις
2191 1453 2531 1518 Θεςςαλίας
2592 1453 2725 1517 ἀπὸ
2773 1453 3045 1532 Ἀλόπης
3085 1457 3148 1509 10

448 1558 560 1632 τῆς
622 1555 1008 1638 Κερκυόνος,
1066 1556 1157 1621 ὡς
1212 1556 1606 1639 Φερεκύδης,
1662 1557 1702 1634 ἢ
1756 1560 1877 1634 τῆς,
1927 1557 2270 1638 Ἄκτορος,
2329 1556 2420 1620 ὡς
2463 1555 2697 1618 Φίλων.
2788 1555 2915 1619 ἔςτι
2973 1557 3044 1619 δὲ

452 1657 681 1735 μεταξὺ
731 1656 1083 1735 Κρεμαςτῆς
1127 1659 1230 1722 καὶ
1260 1657 1523 1736 Ἐχίνου.
1571 1659 1840 1737 δευτέρα
1878 1658 2003 1724 ἐςτὶ
2046 1659 2147 1723 καὶ
2189 1660 2301 1733 τῆς
2333 1657 2624 1733 Ἀττικῆς.
2669 1656 2841 1734 τρίτη
2871 1657 3045 1721 Πόν-

450 1778 600 1841 του,
656 1757 782 1838 ἀφ’
836 1758 912 1835 ἦς
956 1749 1382 1824 Πενθεςίλεια.
1469 1761 1736 1838 τετάρτη
1792 1762 1941 1838 περὶ
1999 1759 2284 1839 Εὔβοιαν.
2374 1757 2625 1837 πέμπτη
2681 1757 2827 1836 περὶ
2873 1758 3044 1821 Δελ-

453 1860 639 1938 φούς.
728 1859 873 1937 ἕκτη
919 1862 1065 1938 περὶ
1107 1861 1400 1939 Λοκρίδα.
1458 1861 1744 1940 Ὅμηρος
1786 1863 1904 1939 τὴν
1950 1862 2178 1941 μεταξὺ
2225 1859 2467 1925 Μυςίας
2522 1860 2625 1924 καὶ
2674 1858 2901 1937 Καρίας
2946 1860 3049 1923 καὶ

452 1961 683 2025 Λυδίας
735 1961 1052 2039 παράλιόν
1110 1982 1300 2042 φηςιν
1360 1963 1658 2027 «ἐλθόντ’
1713 1963 1777 2029 ἐξ
1832 1963 2140 2045 Ἀλόπης,
2203 1961 2312 2026 ὅθ’
2369 1961 2798 2039 Ἀμαζονίδων
2855 1961 3045 2035 γένος
3085 1965 3146 2016 15

453 2061 655 2126 ἐςτίν»
702 2063 779 2142 (Β
824 2062 993 2143 857).
1062 2062 1398 2142 Ῥοδόπη
1443 2065 1629 2129 πόλις
1675 2063 1927 2129 Ἰωνίας.
2000 2064 2264 2142 Διόπη
2310 2064 2494 2128 πόλις
2539 2063 2898 2146 Ἀρκαδίας,
2948 2063 3040 2127 ὡς
3157 2112 3172 2122 .

450 2163 825 2241 Φερεκύδης.
926 2165 1257 2243 Πανόπη
1312 2166 1498 2230 πόλις
1553 2165 1842 2230 Φωκίδος
1898 2167 1938 2243 ἡ
1995 2166 2096 2228 καὶ
2149 2165 2512 2231 Πανοπεύς.
2612 2165 2903 2242 κέκληται
2971 2165 3042 2227 δὲ

451 2263 582 2329 ἀπὸ
625 2265 992 2330 Πανοπέως
1048 2270 1165 2330 τοῦ
1218 2265 1452 2332 Φώκου
1507 2266 1751 2332 παιδός.
1841 2266 2318 2344 Παρθενόπη
2374 2266 2481 2344 μία
2532 2270 2666 2331 τῶν
2723 2264 3042 2344 (ειρήνων

450 2367 549 2430 καὶ
594 2365 781 2430 πόλις
826 2365 896 2430 ἐν
943 2366 1228 2433 Ὀπικοῖς
1281 2371 1393 2445 τῆς
1438 2369 1695 2432 Ἰταλίας
1749 2366 1965 2447 κτίςμα
2009 2366 2294 2432 Ῥοδίων.
2382 2368 2711 2446 Δρυόπη
2761 2366 2801 2445 ἡ
2846 2367 3042 2445 Εύρυ-

450 2467 660 2531 πύλου
716 2467 997 2547 θυγάτηρ
1051 2471 1153 2533 καὶ
1207 2471 1393 2535 πόλις
1446 2470 1592 2547 περὶ
1645 2470 1762 2546 τὴν
1817 2468 2129 2548 Ἑρμιόνα.
2217 2468 2529 2548 γράφεται
2589 2469 2691 2533 καὶ
2742 2468 3039 2547 Δρυόπα.
3076 2476 3147 2526 20

450 2569 732 2648 Ἀρύπη
799 2570 1015 2652 πόλις,
1089 2570 1165 2648 ἧς
1243 2570 1305 2636 οἱ
1371 2573 1627 2635 πολῖται
1691 2571 1989 2648 Ἀρυπες.
2096 2567 2405 2647 (ινώπη
2474 2571 2660 2634 πόλις
2727 2574 3038 2651 διαφανε·

450 2671 635 2749 ςτάτη
700 2674 818 2735 τοῦ
884 2673 1182 2755 Πόντου,
1256 2673 1472 2752 κτίςμα
1540 2671 1850 2751 Κρητίνου
1918 2673 2023 2737 καὶ
2092 2673 2309 2755 Κῴου,
2375 2671 2464 2735 ὥς
2534 2691 2683 2751 φηςι
2751 2672 3037 2747 Φλέγων.

450 2771 781 2852 Εὐρώπη
825 2773 864 2852 ἡ
911 2775 1090 2852 χώρα
1134 2775 1202 2839 ἐκ
1245 2778 1356 2852 τῆς
1400 2773 1698 2840 Φοίνικος
1743 2776 2059 2852 θυγατρὸς
2102 2775 2141 2852 ἢ
2188 2778 2305 2839 τοῦ
2349 2773 2715 2852 Ἀγήνορος.
2791 2773 3080 2851 λέγεται-

450 2876 551 2938 καὶ
615 2875 947 2953 Εὐρώπεια
1014 2876 1103 2939 ὡς
1167 2875 1495 2955 Ὑψιπύλη
1540 2876 1961 2958 Ὑψιπύλεια,
2008 2875 2250 2955 Ἀπάμη
2303 2874 2638 2956 Ἀπάμεια,
2685 2875 3037 2952 Πηνελόπη

448 2976 882 3059 Πηνελόπεια,
927 2977 1202 3055 Λαοδίκη
1238 2977 1615 3060 Λαοδίκεια,
1662 2976 1862 3056 ἐρήμη
1907 2977 2196 3061 ἑρήμεια,
2242 2978 2496 3054 κολώνη
2542 2977 2874 3040 κολώνεια.
2941 2978 3041 3040 καὶ
3076 2985 3143 3034 25

449 3077 552 3140 διὰ
595 3083 714 3142 τοῦ
756 3082 789 3141 ‘i
835 3078 1132 3157 Εὐρωπία
1187 3079 1363 3156 παρὰ
1404 3078 1727 3157 (οφοκλεῖ
1770 3079 2185 3159 Αἰχμαλώτιςι
2243 3079 2386 3142 «καὶ
2429 3077 2737 3156 νηςιώτας
2780 3078 2884 3141 καὶ
2926 3098 3038 3156 μα-

449 3182 602 3256 κρᾶς
646 3178 978 3258 Εὐρωπίας
992 3192 1067 3243 »J
1104 3181 1208 3244 καὶ
1251 3179 1586 3258 Εὐριπίδης
1632 3180 1704 3245 ἐν
1752 3181 1942 3259 Θηςεῖ
1989 3180 2257 3259 «ςχεδὸν
2302 3178 2460 3258 παρ’
2505 3179 2728 3243 αὐτοῖς
2771 3179 3039 3257 κραςπέ-

451 3283 588 3344 δοις
643 3280 1029 3359 Εὐρωπίας».
1124 3281 1509 3360 Κερκώπη.
1587 3283 1928 3360 Μετώπη
1984 3282 2022 3345 ὁ
2081 3282 2384 3360 ποταμός.
2476 3280 2801 3359 Καςώπη
2854 3280 3041 3345 πόλις

449 3380 520 3444 ἐν
590 3382 953 3446 Μολοςςοῑς
1022 3382 1111 3445 δι’
1178 3383 1326 3448 ἑνὸς
1386 3389 1435 3446 E.
1528 3383 1872 3463 Κωνώπη
1939 3384 2124 3449 πόλις
2191 3381 2617 3461 Ἀκαρνανίας.
2714 3382 3040 3461 Πολύβιος

449 3483 735 3566 πέμπτῳ.
785 3483 1110 3561 Νηςώπη
1141 3484 1327 3549 πόλις
1356 3485 1597 3565 Λέςβου
1638 3484 1677 3562 ἡ
1709 3486 1825 3551 τὸν
1860 3484 2111 3563 (ίγριον
2144 3484 2365 3563 λιμένα
2395 3486 2687 3549 ποιοῦςα.
2735 3482 3038 3561 Ἐπώπη
3075 3491 3143 3543 30

447 3584 487 3660 ἡ
534 3583 1016 3662 Ἀκροκόρινθος
1062 3586 1166 3649 διὰ
1210 3587 1284 3651 τὸ
1331 3584 1605 3666 (ίςυφον
1651 3587 1947 3651 ἐντεῦθεν
1994 3586 2236 3651 ἐπιδεῖν
2280 3587 2397 3664 τὴν
2451 3588 2562 3662 τῆς
2605 3584 2857 3663 Αἰγίνης
2908 3584 3039 3649 ὑπὸ

446 3686 609 3769 Διὸς
653 3685 966 3764 ἁρπαγήν.
1026 3686 1282 3767 Ὑώπη
1328 3688 1515 3753 πόλις
1562 3690 1907 3766 Ματιηνῶν
1953 3689 2268 3767 προςεχὴς
2313 3691 2452 3752 τοῖς
2500 3685 2797 3765 Γορδίοις.
2867 3686 3038 3750 Ἑκα-

446 3790 626 3851 ταῖος
685 3787 854 3871 Ἀςίᾳ
922 3788 1033 3880 «ἐν
1080 3790 1163 3861 ,δὲ
1220 3790 1404 3855 πόλις
1462 3789 1717 3871 Ὑώπη,
1785 3789 1849 3855 οἱ
1903 3790 1960 3854 δ’
2015 3790 2348 3869 ἄνθρωποι
2406 3790 2634 3866 ἐςθῆτα
2688 3788 3038 3867 φορέουςιν

448 3888 714 3968 οἵηνπερ
759 3889 1250 3969 Παφλαγόνες».
1342 3890 1682 3969 Ὀλύμπη
1727 3890 1915 3955 πόλις
1961 3892 2272 3977 Ἰλλυρίας,
2324 3892 2414 3955 ώς
2459 3889 2769 3969 Δομίτιος
2818 3887 3038 3951 Καλλί-

447 4010 710 4069 ςτρατος
754 3990 1004 4076 ἑβδόμῳ
1048 3993 1195 4070 περὶ
1238 3991 1621 4069 Ἡρακλείας.
1710 3991 2115 4072 Ζαριάςπη
2167 3994 2270 4057 καὶ
2312 3991 2642 4070 Ζαρίαςπα
2686 3989 2872 4053 πόλις
2918 3990 3036 4052 Βα-
3074 3996 3138 4047 35

578 4280 615 4331 l.
654 4284 686 4332 2
725 4279 967 4346 Μερόπη
1006 4295 1071 4331 ox
1110 4279 1357 4345 Theogn.
1404 4282 1511 4344 116,
1554 4284 1615 4331 15
1654 4284 1711 4330 et
1749 4282 1831 4331 St.
1869 4279 1950 4342 B„
1994 4277 2270 4343 Καςςιόπη
2310 4292 2376 4329 ex
2401 4277 2668 4343 Thmgn„
2707 4274 2934 4343 Κορόπη
2973 4304 3038 4314 —-

450 4344 663 4413 Ἀλόπη
701 4366 768 4399 ex
808 4352 886 4400 st.
913 4350 1002 4411 B.,
1043 4350 1110 4400 de
1151 4347 1365 4412 Ἀλόπη
1404 4350 1478 4399 cf.
1516 4349 1692 4399 Lehrs
1718 4348 1886 4398 Arist.
1910 4350 2037 4409 238,
2077 4348 2168 4412 qui
2206 4346 2408 4411 Ephori
2445 4347 2807 4396 mutationem
2843 4362 3037 4397 versus

447 4417 728 4467 Homerici
764 4415 1053 4481 «τηλόθεν
1089 4416 1145 4468 ἐξ
1186 4416 1422 4482 Ἀλύβης
1467 4415 1599 4467 ὅθεν
1637 4414 1884 4481 ἀργύρου
1931 4413 2043 4465 ἐςτί
2091 4412 2372 4477 γενέθλη»
2418 4428 2623 4463 meram
2669 4416 3034 4464 coniecturam

450 4499 571 4535 esse
608 4490 835 4535 auctore
875 4485 1147 4535 Strabone
1184 4485 1293 4535 XII
1329 4502 1382 4548 p.
1418 4487 1518 4533 550
1555 4485 1822 4546 coarguit.
1966 4483 2002 4534 1.
2043 4484 2104 4532 16
2143 4479 2384 4545 Ῥοδόπη
2422 4508 2483 4517 -
2521 4479 2762 4546 Δρυόπη
2802 4488 2930 4531 sunt
2968 4499 3036 4533 ex

447 4552 526 4602 St.
564 4552 655 4609 Β..
701 4550 915 4617 Ἀρύπη
969 4568 1035 4603 ex
1079 4569 1146 4603 eo
1193 4552 1442 4616 explevi,
1498 4551 1591 4600 ubi
1639 4550 1886 4600 additum
1933 4555 2018 4600 est
2064 4549 2143 4601 ὡς
2191 4547 2557 4613 Ἡρωδιανός;
2608 4550 2738 4599 item
2786 4547 3033 4615 (ινώπη.

444 4617 688 4685 Εὐρώπη
735 4621 984 4671 additum
1031 4626 1119 4669 est
1165 4636 1230 4669 ex
1267 4619 1539 4683 Theogn.‚
1595 4618 1676 4671 St.
1724 4619 1785 4667 Β.
1834 4625 1893 4668 et
1937 4618 2194 4667 Eustath.
2241 4618 2310 4666 ad
2359 4618 2593 4680 Dionys.
2644 4618 2766 4680 152,
2814 4633 2881 4667 ex
2927 4633 3034 4682 quo

444 4687 625 4738 adieci
679 4689 852 4738 verba
905 4686 984 4738 ὡς
1030 4686 1313 4752 Ὑψιπύλη
1358 4715 1422 4722 -
1468 4684 1770 4749 κολώνεια,
1827 4686 1899 4735 ad
1943 4702 1996 4737 v.
2033 4688 2136 4737 270
2177 4690 2438 4736 accentus
2493 4684 2744 4734 feminini
2787 4682 3033 4751 Εὐρώπη

445 4757 715 4820 repetitur
752 4772 820 4805 ex
857 4754 1157 4804 masculino
1193 4756 1465 4819 barytono
1489 4752 1775 4817 Εὔρωπος.
1832 4752 2109 4817 Κερκώπη
2136 4751 2395 4815 Μετώπη
2436 4753 2643 4802 inserui
2677 4770 2742 4802 ex
2769 4754 3032 4818 Theogn„

442 4824 576 4873 item
613 4820 884 4886 Καςώπη,
925 4822 992 4871 de
1031 4837 1137 4885 quo
1174 4822 1252 4871 St.
1282 4824 1341 4873 B.
1380 4819 1591 4873 πάντες
1628 4820 1716 4873 διὰ
1752 4820 1853 4872 δύο
1890 4826 1973 4885 ςς,
2013 4821 2354 4885 Ἡρωδιανὸς
2390 4820 2452 4871 δέ
2489 4818 2661 4882 μόνος
2696 4820 2771 4871 δι’
2807 4819 2934 4872 ἑνὸς
2971 4824 3030 4883 “ς”;

2496 4902 2627 4965 22*
