3664 5546
538 372 549 379 ’
626 364 755 429 298
1134 386 1138 390 Δ
1563 365 1646 421 εκ
1685 326 1825 420 {sm
1870 364 2279 445 ΗΡΩΔιᾼΝοΥ

628 535 920 612 Ἀττικῆς.
1018 534 1461 613 Τευθρανία
1525 533 1762 600 Μυςίας
1827 535 2016 600 πόλις
2076 533 2207 607 ἀπὸ
2272 534 2692 613 Τεύθραντος.
2789 533 3215 615 Τιβαρηνία

627 637 807 715 χώρα
853 637 1017 714 πρὸς
1063 643 1154 719 τῷ
1198 635 1436 719 Πόντῳ
1480 636 1820 714 πρόςοικος
1868 637 2122 715 Χάλυψι
2176 637 2279 700 καὶ
2323 634 2798 700 Μοςςυνοίκοις.
2867 636 3212 715 Τουρδη-

627 737 854 801 τανία
911 738 1091 816 χώρα
1143 741 1256 814 τῆς
1313 736 1605 819 Ἰβηρίας,
1670 739 1708 815 ἢ
1777 738 1879 801 καὶ
1933 737 2184 815 Βαιτίκη
2251 740 2533 802 καλεῖται
2599 737 2774 815 παρὰ
2828 737 2945 803 τὸν
3000 738 3211 802 Βαῖτιν

626 837 936 917 ποταμόν.
1025 838 1481 917 Ἀρτεμίδωρος
1527 840 1599 902 δὲ
1643 838 2117 916 Τουρτυτανίαν
2163 838 2364 918 αὐτὴν
2409 842 2603 903 καλεῖ.
2679 836 3030 916 (αρωνία
3073 838 3213 903 ἑκα-

567 947 600 996 5
631 942 804 1003 λεῑτο
848 939 1137 1017 Τροιζὴν.
1226 939 1617 1018 Τυρρηνία
1660 940 1842 1018 χώρα
1894 940 2059 1018 πρὸς
2112 946 2224 1023 τῷ·
2248 941 2476 1024 Ἀδρίᾳ.
2564 939 2692 1005 ἔςτι
2753 941 2855 1004 καὶ
2899 939 3213 1019 Τυρρηνία

623 1040 843 1122 πόλις,
912 1041 951 1117 ἣ
1009 1040 1257 1115 λέγεται
1311 1041 1415 1105 καὶ
1466 1040 1777 1119 Τυρρηνή.
1875 1040 2245 1119 Ὑρκανία
2298 1042 2484 1107 πόλις
2546 1043 2814 1125 Θρᾴκης.
2916 1042 3213 1106 Χαονία

626 1142 775 1221 μέςη
832 1145 944 1218 τῆς
1000 1141 1318 1219 Ἠπείρου.
1408 1141 1793 1220 Χαττηνία
1850 1143 2028 1220 χώρα
2089 1143 2262 1221 τρίτη
2319 1145 2358 1207 Γ
2360 1143 2656 1222 ερραίων.
2753 1126 3079 1223 Πολύβιος
3133 1143 3210 1218 ιγ’

626 1241 794 1306 «ἔςτι
841 1242 897 1306 δ’
939 1242 978 1320 ἡ
1014 1242 1328 1322 Χαττηνία
1369 1241 1572 1307 τᾶλλα
1616 1245 1731 1323 μὲν
1764 1244 2007 1325 λυπρά,
2053 1245 2290 1323 κώμαις
2324 1246 2395 1309 δὲ
2438 1245 2541 1309 καὶ
2583 1245 2854 1323 πύργοις
2899 1244 3210 1309 διεςκεύα-

625 1363 758 1408 ςται
805 1343 909 1408 διὰ
950 1344 1067 1421 τὴν
1112 1343 1408 1422 εὔκαιρον
1452 1349 1584 1409 τῶν
1633 1344 1966 1423 Γερραίων.
2024 1343 2206 1409 οὗτοι
2250 1347 2373 1425 γὰρ
2419 1346 2619 1424 αὐτὴν
2665 1345 2966 1424 νέμονται
2984 1369 3028 1410 1».
3083 1345 3210 1411 ἔςτι

528 1448 591 1501 10
625 1445 697 1508 δὲ
739 1447 851 1521 τῆς
878 1444 1175 1522 Ἐρυθρᾶς
1218 1445 1543 1523 θαλάςςης.
1591 1445 1849 1511 Χωνία
1892 1446 2071 1525 χώρα
2100 1442 2463 1526 Οἰνωτρῶῦ.
2528 1447 2890 1526 Λυκόφρων
2932 1448 3025 1528 (v.
3059 1442 3210 1528 983)

626 1544 883 1623 «ἄρδων
930 1548 1189 1625 βαθεῖαν
1237 1546 1487 1611 Χωνίας
1541 1547 1998 1626 παγκληρίαν».
2039 1583 2126 1604 -.-
2177 1549 2254 1613 τὸ
2310 1550 2382 1613 δὲ
2438 1542 2811 1627 ῥοδωνιόιΔ
2838 1549 2943 1611 καὶ
2987 1547 3211 1612 ἰωνιά

623 1648 1019 1725 περιεκτικὴν
1061 1650 1330 1726 τοπικὴν
1375 1647 1635 1713 ἔννοιαν
1682 1652 1886 1728 δηλοῖ.
1954 1651 2057 1714 καὶ
2100 1650 2176 1713 τὸ
2223 1649 2680 1714 Χελιδονιαί
2724 1650 3062 1726 πέτραι-
3090 1648 3208 1713 δύο

625 1748 696 1812 δέ
742 1748 853 1811 εἰςι
898 1748 1245 1827 κεκλημένη
1290 1749 1330 1826 ἡ
1375 1751 1490 1827 μὲν
1540 1749 1899 1832 Κορύδελα,
1955 1753 1994 1829 ἡ
2048 1754 2119 1816 δὲ
2166 1750 2641 1834 Μελανίππεια,
2699 1751 2789 1815 ὡς
2834 1751 3210 1830 Φαβωρῖνος

625 1848 695 1913 ἐν
739 1853 878 1914 τοῖς
922 1853 1367 1914 παντοδαποῖς
1408 1885 1494 1896 -
1545 1851 1647 1915 καὶ
1701 1852 1776 1916 τὸ
1821 1850 2127 1931 Ἁζηνιά
2184 1855 2383 1931 δῆμος
2438 1853 2509 1916 ἐν
2555 1853 2794 1935 Ἀττικῇ
2847 1844 3209 1929 τῆς“’Ἱππο-

528 1955 587 2007 15
627 1948 979 2014 θοωντίδος
1025 1954 1252 2030 φυλῆς.
1340 1953 1443 2015 καὶ
1494 1951 1586 2016 ἔτι
1641 1954 1717 2017 τὸ
1762 1945 2034 2032 ἱμονιὰ
2090 1956 2165 2018 τὸ
2221 1954 2645 2033 ἀντλητήριον
2703 1954 2864 2032 παρ’
2906 1954 3207 2017 Ἀττικοῖς

625 2050 930 2116 ὀξύνεται.
1019 2053 1096 2117 τὸ
1143 2055 1213 2116 δὲ
1258 2053 1721 2138 ἁρμονιῇςιν
1769 2055 2153 2134 «γόμφοιςιν
2200 2056 2267 2119 δ’
2312 2055 2439 2134 ἄρα
2480 2057 2597 2135 τήν
2642 2076 2716 2131 γε
2761 2055 2862 2119 καὶ
2907 2054 3206 2137 ἁρμονιῇ-

624 2172 719 2216 ςιν
765 2150 1074 2230 ἄραςςεν»
1121 2154 1181 2234 (ε
1224 2153 1381 2235 248)
1424 2154 1589 2219 ἑςτὶν
1633 2156 1868 2221 Ἰώνων
1913 2156 2386 2236 καταβιβαςμός.

791 2253 887 2316 Τὰ
929 2253 1018 2318 εἰς
1063 2252 1104 2319 ἆ
1148 2256 1388 2334 μακρὸν
1433 2262 1509 2339 τῇ
1558 2261 1625 2334 ρι’
1668 2257 2166 2337 παραληγόμενα
2224 2258 2677 2339 παροξύνεται,
2734 2257 3025 2338 αἰθρία,
3082 2274 3208 2320 κο-

622 2355 839 2436 πρία,
885 2354 1111 2434 ὑδρία
1154 2356 1258 2420 ἐπὶ
1302 2361 1419 2420 τοῦ
1464 2356 1758 2439 ἀγγείου,
1803 2359 1909 2422 ἐπὶ
1953 2361 2025 2422 δὲ
2053 2364 2164 2437 τῆς
2192 2360 2530 2437 ἱδρεύςεως
2575 2359 2875 2439 ὑδρεία,
2920 2357 3209 2438 φατρία

521 2461 588 2511 20
621 2458 723 2521 καὶ
767 2457 1135 2538 φρατρία,
1182 2457 1220 2521 ὅ
1265 2457 1431 2522 ἐςτιν
1476 2457 1976 2541 τρίτον-φυλῆς,
2021 2460 2101 2539 ἥν
2145 2482 2312 2526 τινες
2354 2462 2608 2539 τριττύν
2655 2461 2964 2535 λέγουςιν.
3022 2464 3207 2523 θεω-

623 2557 762 2636 ρία.
821 2557 1184 2635 Ἀλλαρία
1226 2559 1413 2624 πόλις
1464 2560 1718 2638 Κρήτης.
1774 2561 2102 2642 Πολύβιος
2146 2563 2631 2645 τριςκαιδεκάτῃ.
2687 2562 2893 2639 Ἀρία
2936 2561 3208 2638 Περςική

621 2659 803 2738 χώρα
859 2659 950 2723 ὡς
1003 2658 1382 2725 Ἑλλάνικος.
1455 2660 1732 2739 ·Ἀερία
1789 2663 1828 2739 ἡ
1884 2661 2202 2737 Αἴγυπτος
2257 2665 2432 2741 παρὰ
2485 2666 2601 2728 τὸν
2658 2651 2832 2741 ἀέρά.
2921 2661 3023 2725 καὶ
3086 2661 3209 2737 γὰρ

622 2759 962 2838 ἠερόεςςαν
1019 2759 1218 2839 αὐτήν
1275 2783 1486 2841 φαςιν.
1574 2762 1701 2827 ἔςτι
1755 2764 1858 2828 καὶ
1906 2763 2161 2843 Κελτικὴ
2217 2765 2402 2830 πόλις
2459 2765 2693 2847 Ἀερία,
2754 2765 2844 2829 ὡς
2901 2760 3210 2826 Ἀπολλό-

625 2865 837 2938 δωρος
882 2862 952 2926 ἐν
998 2868 1316 2940 χρονικῶν
1361 2864 1661 2947 τετάρτω.
1750 2866 1854 2928 καὶ
1897 2864 2058 2943 ἄλλη
2109 2866 2348 2944 Κρήτης
2391 2867 2511 2931 οὐκ
2553 2866 2821 2947 ἄςημος,
2867 2865 2905 2942 ἣ
2951 2864 3208 2939 ἐλέγετο

521 2969 587 3018 25
624 2966 815 3038 νῆςος
871 2963 1078 3041 Ἀερία
1132 2965 1233 3028 καὶ
1278 2964 1466 3028 Ἰδαία
1520 2965 1621 3028 καὶ
1662 2964 1916 3042 Δολίχη
1975 2967 2078 3029 διὰ
2131 2968 2206 3031 τὸ
2262 2972 2473 3045 μῆκος.
2562 2967 2658 3030 ὅτι
2717 2968 2789 3030 δὲ
2843 2967 2946 3029 καὶ
3001 2964 3208 3028 οὕτως

620 3063 660 3141 ἡ
707 3064 946 3146 Θάςος,
989 3068 1189 3141 δῆλον
1235 3066 1305 3128 έκ
1347 3069 1462 3128 τοῦ
1494 3068 1774 3144 χρηςμοῦ
1820 3070 1938 3128 τοῦ
1968 3068 2274 3132 δοθέντος
2303 3075 2394 3151 τῷ
2433 3069 2626 3146 πατρὶ
2654 3071 2771 3131 τοῦ
2802 3066 3207 3145 Ἀρχιλόχου·

1027 3164 1330 3240 ἄγγειλον
1373 3167 1671 3249 Παρίοις,
1717 3167 2145 3250 Τελεςίκλεες,
2191 3169 2280 3233 ὥς
2325 3189 2390 3233 ςε
2435 3169 2708 3250 κελεύω,

1027 3267 1201 3350 νήςῳ
1247 3267 1317 3330 ἐν
1363 3266 1574 3351 Ἠερίη
1618 3269 1843 3334 κτίζειν
1888 3268 2213 3333 εὐδείελον
2258 3269 2427 3334 ἄςτυ.

623 3367 970 3444 Ἀςςυρία
1013 3369 1193 3446 χώρα
1235 3369 1380 3446 περὶ
1424 3370 1788 3448 Βαβυλῶνα.
1865 3357 2436 3449 Ἀςτερίαπόλις
2482 3370 2720 3448 (υρίας.
2812 3370 3060 3445 λέγεται
3106 3370 3209 3432 καὶ

523 3474 591 3527 30
626 3468 912 3546 Ἀςτερίς.
1001 3467 1126 3532 ἔςτι
1194 3471 1295 3534 καὶ
1351 3471 1569 3548 νηςίον
1638 3472 1915 3550 Ἀςτερία
1980 3473 2211 3551 μεταξὺ
2281 3473 2720 3551 Κεφαλληνίας
2786 3472 2889 3536 καὶ
2954 3470 3207 3547 Ἰθάκης.

622 3569 908 3648 Ὅμηρος
970 3570 1287 3647 Ἀςτερίδα
1349 3572 1586 3649 ταύτην
1654 3574 1846 3652 φηςίν
1902 3571 2058 3654 (od.
2116 3578 2152 3637 δ
2207 3571 2378 3654 844).
2478 3572 2686 3636 οὕτως
2752 3574 3041 3636 ἐκαλεῖτο
3108 3572 3212 3634 καὶ

622 3671 862 3748 Δῆλος.
922 3671 1315 3751 Βαρβαρία
1358 3674 1538 3752 χώρα
1580 3675 1755 3752 παρὰ
1798 3675 1917 3738 τὸν
1963 3674 2258 3753 Ἀράβιον
2302 3674 2565 3738 κόλπον.
2616 3674 2978 3752 Μηλαρία
3021 3673 3207 3735 πόλις

624 3772 730 3835 ἐπὶ
782 3775 919 3836 τοῖς
976 3773 1199 3851 πέραςι
1252 3773 1384 3838 ἀπὸ
1438 3780 1568 3839 τῶν
1614 3777 1866 3855 μήλων,
1924 3775 1966 3837 ἃ
2022 3775 2256 3853 χρύςεα
2311 3775 2560 3850 λέγεται
2606 3774 2917 3852 Ἡρακλῆς
2973 3774 3043 3837 ἐκ
3096 3777 3207 3850 τῆς

623 3873 853 3953 Λιβύης
898 3872 1261 3952 ἀγηοχέναι.
1322 3876 1361 3938 Γ
1375 3877 1663 3954 αλαρία
1707 3876 1887 3953 χώρα
1918 3876 2210 3940 (ικελίας.
2254 3875 2593 3953 Διακρία
2636 3876 2810 3954 φυλὴ
2856 3880 2968 3953 τῆς
3015 3875 3205 3938 Ἀττι-
3293 3946 3298 3951 ,

522 3986 588 4038 35
624 3977 766 4058 κῆς,
810 3976 891 4052 ἣν
937 3976 1084 4058 ᾤκει
1131 3977 1397 4040 Πάλλας
1442 3977 1479 4040 ὁ
1524 3976 1893 4041 Πανδίονος
1939 3977 2090 4042 υἱός.
2157 3977 2501 4055 Εὐπορία
2545 3977 2731 4040 πόλις
2778 3976 3203 4057 Μακεδονίας,

626 4147 679 4155 ,-

757 4264 792 4314 1.
833 4267 895 4313 12
942 4280 1041 4328 pro
1085 4263 1155 4314 τὸ
1192 4261 1480 4314 Χελιδονιά
1524 4263 1698 4327 δῆμος
1748 4263 1941 4328 scripsi
1987 4280 2052 4314 ex
2099 4264 2179 4316 St.
2217 4265 2279 4313 B.
2316 4263 2385 4314 τὸ
2423 4260 2732 4315 Χελιδονιαί
2778 4261 2978 4326 πέτραι
3015 4291 3078 4297 -—
3117 4262 3205 4312 ml

621 4331 691 4382 τὸ
728 4329 950 4396 Ἁζηνιά
986 4333 1064 4382 ita
1100 4337 1162 4383 ut
1200 4348 1287 4396 ap.
1316 4331 1609 4381 Arcadium
1637 4330 1836 4394 πέτραι
1873 4347 2047 4396 usque
2085 4331 2156 4380 ad
2183 4330 2403 4396 Ἁζηνιά
2444 4331 2716 4381 excidisse
2742 4331 2998 4393 arbitrer,
3037 4346 3204 4395 quare

622 4399 896 4450 Lobee‘kii
941 4399 1012 4449 ad
1056 4400 1142 4452 Ai.
1191 4416 1244 4464 p.
1285 4402 1379 4450 119
1424 4399 1805 4450 emendatione
1851 4401 2018 4462 νῆςος
2073 4414 2169 4462 pro
2216 4398 2390 4462 δῆμος
2446 4415 2635 4449 carere
2681 4413 2988 4463 possumus.
3067 4397 3205 4447 Cae-

622 4473 795 4517 terum
835 4467 936 4516 hoe
973 4468 1092 4518 Ιοοο
1128 4468 1503 4518 Herodianum
1539 4464 1848 4520 Χελιδονιαί
1885 4465 2176 4532 pluraliter
2219 4467 2514 4530 protulisse
2559 4471 2793 4532 apparet
2842 4481 2910 4515 ex
2945 4465 3205 4516 Eustath.

623 4534 694 4584 ad
732 4535 960 4598 Dionys,
1000 4538 1125 4585 504:
1164 4534 1505 4599 Ἡρωδιανὸς
1542 4532 1605 4584 ἐν
1638 4537 1710 4600 τῇ
1748 4533 1994 4585 καθόλου
2045 4531 2329 4600 προςῳδίᾳ
2366 4531 2678 4585 Χελιδονιαί
2721 4531 3090 4595 ἀναγινώςκει
3126 4531 3205 4582 ώς

624 4601 901 4667 πυρκαῖαί.
981 4603 1248 4654 Lobeekii
1293 4602 1731 4653 emendationem
1786 4604 1983 4667 probat
2025 4601 2267 4651 Meinek.
2315 4602 2446 4666 phil.
2494 4601 2744 4654 exercitt.
2799 4602 2855 4651 in
2902 4601 3101 4653 Athen.
3153 4600 3206 4649 11

624 4687 676 4735 p.
711 4673 796 4722 40.
836 4698 901 4708 —-
937 4669 1007 4720 τὸ
1044 4669 1105 4721 δὲ
1139 4669 1464 4736 ἁρμονιῇςιν
1501 4670 1619 4720 κτλ.
1657 4672 1841 4734 recepi
1879 4687 1946 4720 ex
1983 4669 2161 4720 Sehol.
2198 4669 2268 4718 ad
2303 4669 2501 4732 Odyss.
2540 4685 2568 4720 ε
2605 4671 2721 4719 248.
2869 4668 2905 4719 1.
2949 4671 3009 4718 19
3044 4665 3205 4729 ὑδρία

623 4738 843 4803 explevi
879 4755 946 4788 ex
984 4739 1179 4792 Choer.
1207 4738 1365 4788 Orth.
1406 4739 1519 4799 181,
1562 4740 1607 4798 l,
1645 4737 1733 4786 καί
1770 4735 2015 4801 φρατρία
2051 4737 2242 4786 addidi
2279 4752 2346 4786 ex
2384 4739 2463 4787 St.
2491 4739 2573 4798 B.‚
2611 4733 2820 4799 θεωρία
2858 4752 2925 4786 ex
2951 4736 3201 4800 Theogn.

625 4808 742 4869 105,
777 4809 860 4868 32,
898 4805 996 4855 ubi
1033 4802 1264 4869 κεωρία;
1304 4806 1525 4855 nomina
1560 4805 1688 4856 inde
1725 4807 1794 4856 ab
1836 4802 2096 4868 Ἀλλαρία
2133 4820 2305 4869 usque
2342 4804 2411 4853 ad
2448 4802 2766 4868 Φιλωτερία
2805 4820 2873 4853 ex
2911 4804 2990 4853 St.
3029 4803 3092 4856 Β.
