3664 5546
1621 367 2043 417 PRAEFATIO.
2842 390 2846 401 ·
3024 376 3126 421 vn

529 527 689 591 ὄντι.
749 525 944 590 ταῦτά
987 546 1087 588 τοι
1133 527 1235 589 καὶ
1278 524 1473 590 αὐτὸς
1516 523 1825 589 πολλάκις
1871 525 2297 604 προθυμηθεὶς
2330 531 2632 605 βραχῦναι
2677 527 2795 592 οὐκ
2840 527 3122 612 ἑποίηςα,

525 628 640 692 ἵνα
685 628 767 707 μὴ
811 626 997 690 πάθω
1042 626 1281 692 ταύτὸν
1326 626 1548 691 ἐνίοις·
1596 627 1660 690 οἳ
1705 626 2120 705 ςυντεμόντες
2149 626 2382 694 ἔδοξαν
2413 629 2686 704 ςταγόνα
2729 628 2961 695 ὕδατος
3004 636 3122 696 τοῦ

531 730 771 795 Νείλου
812 727 1060 806 ἀρύςαι·
1105 730 1181 792 τὸ
1228 730 1299 792 δὲ
1344 728 1789 793 ἑκκαιδέκατον
1835 729 2158 808 ςυντεμών
2203 748 2269 792 τε
2314 729 2417 792 καὶ
2460 730 2763 797 ςυντάξας
2806 732 2965 796 κατὰ
3008 733 3124 797 τὰς

525 832 830 909 τὲςςαρας
873 830 1162 906 ςυζυγίας
1207 835 1338 895 τῶν
1383 830 1720 909 νεωτέρων
1764 829 2025 909 ἔπεμψά
2070 850 2166 895 ςοι
2222 830 2560 909 φιλέλληνι
2603 830 2741 896 ὄντι
2786 835 2886 897 καὶ
2931 838 3119 913 φιλο-

525 933 752 1013 πόνῳ,
806 930 913 996 ἵνα
970 930 1487 1010 ἀποπονώτερον
1544 930 1778 996 εἰδέναι
1832 931 1985 1015 ἔχῃς
2041 931 2184 995 τίνα
2239 935 2370 995 τῶν
2428 931 2725 1010 ῥημάτων
2783 934 3119 1013 βαρύνεται

525 1035 633 1097 καὶ
689 1034 831 1097 τίνα
883 1037 1273 1112 περιςπᾶται.
1362 1032 1716 1108 ἀναγκαῖον
1772 1034 1897 1110 γάρ
1956 1035 2133 1097 τουτὶ
2187 1033 2289 1097 καὶ
2343 1031 2635 1098 Λατίνοις
2691 1037 2792 1099 καὶ
2835 1036 3116 1113 ΟΕλληςι·

521 1138 755 1213 καιροῦ
800 1137 870 1198 δὲ
915 1133 1257 1214 λαβόμενοι
1305 1134 1394 1198 ὡς
1449 1134 1712 1211 ἠξίωςας
1767 1135 1868 1199 καὶ
1921 1134 1998 1198 τὸ
2043 1135 2189 1212 περὶ
2232 1139 2363 1199 τῶν
2419 1134 2633 1199 τόνων
2691 1141 2821 1201 τῶν
2876 1136 3114 1215 ὀνομά-

519 1258 692 1316 των,
740 1240 946 1315 χρῆμα
990 1235 1530 1316 ἀναγκαιότατον,
1578 1239 2022 1314 ςυντεμοῦμεν.

1263 1430 1321 1484 3.
1407 1427 1782 1485 Herodiani
1825 1427 1965 1484 vita
2009 1442 2097 1485 ex
2139 1428 2372 1485 suida.

696 1558 1088 1636 Ἡρωδιανὸς
1133 1558 1580 1635 Ἀλεξανδρεὺς
1623 1558 2048 1635 γραμματικὸς
2094 1557 2231 1621 υἱὸς
2273 1557 2714 1623 Ἀπολλωνίου
2758 1563 2874 1624 τοῦ
2921 1580 3115 1640 γραμ·

511 1663 790 1739 ματικοῦ
834 1664 950 1724 τοῦ
997 1658 1445 1736 ἐπικληθέντος
1489 1658 1858 1723 Δυςκόλου·
1913 1658 2145 1733 γέγονε
2191 1659 2347 1723 κατὰ
2402 1661 2517 1723 τὸν
2568 1658 2839 1738 Καίςαρα
2884 1661 3111 1726 Ἀντω-

510 1765 712 1826 νῖνον
755 1761 870 1825 τὸν
915 1762 1017 1825 καὶ
1063 1761 1331 1839 Μάρκον
1378 1760 1468 1825 ὡς
1513 1761 1838 1838 νεώτερον
1884 1758 2048 1824 εἶναι
2092 1760 2195 1823 καὶ
2240 1759 2589 1825 Διονυςίου
2632 1765 2749 1825 τοῦ
2793 1764 2909 1840 τὴν
2955 1783 3110 1841 uou-

508 1864 696 1947 ςικὴν
741 1862 1021 1941 ἱςτορίαν
1064 1861 1441 1941 γράψαντος
1486 1862 1587 1926 καὶ
1630 1860 1925 1926 Φίλωνος
1968 1865 2083 1925 τοῦ
2131 1860 2419 1942 Βυβλίου.
2508 1861 2753 1941 ἔγραψε
2800 1864 3036 1927 πολλά.

1156 2058 1221 2111 4.
1308 2056 1711 2123 Anonymus
1753 2054 1941 2122 apud
1982 2052 2459 2110 Lambeccium

1233 2167 1422 2231 (catal.
1450 2168 1581 2220 bibl.
1609 2168 1845 2220 vindob.
1874 2167 1978 2219 vn
2003 2184 2056 2233 p.
2088 2168 2181 2218 189
2208 2167 2399 2233 seqq.).

688 2286 899 2351 Οὗτος
943 2286 981 2351 ὁ
1009 2286 1417 2365 Πτολεμαῖος
1462 2286 1618 2350 κατὰ
1663 2290 1779 2350 τοῦ
1809 2285 2145 2363 Ἀδριανοῦ
2192 2286 2306 2363 μὲν
2352 2285 2580 2363 ἤνθηςε
2613 2285 2884 2367 χρόνον,
2934 2288 3107 2365 διήρ-

501 2410 660 2468 κηςε
721 2391 792 2453 δὲ
857 2389 959 2452 καὶ
1023 2388 1202 2466 μέχρι
1271 2388 1541 2466 Μάρκου
1605 2391 1722 2451 τοῦ
1779 2386 2194 2467 Ἀντωνίνου,
2262 2387 2315 2467 ᾧ
2382 2386 2598 2469 χρόνῳ
2665 2388 2766 2450 καὶ
2824 2387 3105 2465 Γαληνὸς

502 2492 760 2573 ἰατρικῇ
825 2489 1187 2569 διεφαίνετο
1253 2491 1355 2554 καὶ
1408 2488 1801 2567 Ἡρωδιανὸς
1867 2487 1905 2552 ὁ
1968 2487 2394 2585 γραμματικὸς
2455 2488 2554 2550 καὶ
2618 2487 2999 2565 Ἑρμογένης
3067 2490 3104 2552 ὁ

500 2592 662 2670 περὶ
703 2592 928 2670 τέχνης
969 2592 1229 2671 γράψας
1273 2590 1625 2670 ῥητορικῆς.

1286 2786 1346 2838 5.
1434 2779 1834 2839 Ammianus
1877 2778 2318 2836 Marcellinus

1661 2911 1705 2944 c„
1744 2895 1835 2956 22,
1878 2894 1956 2943 16.

685 3011 819 3077 Sed
866 3011 1268 3077 Alexandria
1310 3012 1456 3098 ipsa
1499 3032 1629 3073 non
1674 3009 1915 3074 sensim
1972 3016 2046 3072 ut
2086 3005 2249 3071 aliae
2293 3006 2523 3087 urbeS,
2582 3004 2697 3070 sed
2758 3006 2926 3069 inter
2979 3006 3097 3069 ini·

494 3116 601 3180 tia
649 3114 868 3200 prima
911 3125 1104 3179 aucta
1148 3135 1263 3200 per
1308 3112 1628 3199 spatiosos
1684 3110 2006 3191 ambitus,
2053 3108 2454 3194 internisque
2500 3106 2934 3171 seditionibus
2990 3104 3103 3170 diu

491 3237 749 3302 aspere
792 3213 1105 3298 fatigata,
1152 3214 1238 3278 ad
1284 3212 1586 3280 ultimum
1631 3210 1855 3276 multis
1901 3219 2052 3296 post
2106 3209 2294 3273 annis
2341 3207 2699 3272 Aureliano
2754 3208 3100 3292 imperium

489 3325 782 3404 agente,
828 3314 1129 3380 civilibus
1174 3314 1402 3399 iurgiis
1458 3313 1544 3378 ad
1588 3313 1949 3377 certamina
1991 3309 2395 3376 interneciva
2437 3306 2789 3395 prolapsis,
2838 3306 3098 3372 dirutis-

489 3440 646 3506 que
707 3416 1076 3499 moenibus,
1144 3416 1365 3480 amisit
1418 3415 1707 3499 regionis
1768 3412 2124 3476 maximam
2190 3418 2476 3496 partem,
2538 3429 2705 3493 quae
2770 3405 3101 3470 Bruchion

486 3515 1005 3605 adpellabatur‚
1053 3516 1432 3581 diuturnum
1477 3515 1951 3602 praestantium
2005 3511 2337 3576 hominum
2394 3506 2818 3573 domicilium.
2906 3505 3099 3571 Unde

488 3616 937 3686 Aristarchus
983 3617 1452 3702 grammaticae
1508 3618 1602 3681 rei
1658 3616 1848 3680 donis
1905 3612 2261 3691 excellens,
2320 3620 2385 3674 et
2429 3614 2817 3672 Herodianus
2872 3614 3097 3672 artium

483 3726 941 3785 minutissimus
980 3725 1320 3784 sciscitator
1364 3728 1429 3783 ct
1473 3717 1711 3783 Saccas
1755 3713 2141 3781 Ammonius
2173 3709 2418 3776 Plotini
2464 3709 2807 3793 magister,
2854 3706 3097 3794 aliique

481 3820 781 3910 plurimi
844 3820 1195 3907 scriptores
1263 3818 1614 3883 multorum
1683 3819 1750 3881 in
1803 3815 2011 3881 literis
2080 3809 2397 3876 nobilium
2464 3809 2862 3889 studiorum,
2924 3809 3097 3873 inter

481 3943 674 4010 quos
733 3919 1198 3987 Chalcenterus
1257 3919 1526 3984 eminuit
1580 3917 1944 4003 Didymus,
2013 3911 2386 3997 multiplicis
2458 3909 2769 3974 scientiae
2827 3908 3092 3993 scriptis

480 4022 978 4089 memorabilis

1327 4152 1388 4203 6.
1475 4145 1862 4212 Stephanus
1903 4138 2275 4209 Byzantius

1543 4275 1593 4322 p.
1632 4259 1756 4318 230,
1798 4256 1859 4304 19
1896 4254 2062 4304 Mein.

681 4379 1124 4459 Δικαιάρχεια,
1168 4377 1353 4441 πόλις
1397 4339 1677 4438 Ἰταλίας·
1731 4371 1968 4448 ταύτην
2024 4368 2094 4432 δέ
2139 4371 2289 4448 φαςι
2334 4368 2662 4443 κεκλῆςθαι
2705 4359 3090 4439 Ποτιόλους,

477 4484 561 4548 ἐν
619 4481 665 4562 ᾗ
716 4479 1059 4558 ςυμπόςιον
1105 4477 1143 4542 ὁ
1187 4475 1579 4553 Ἡρωδιανὸς
1622 4473 1884 4550 ἔγραψε.

683 4683 726 4759 ξ
769 4678 829 4743 2.
887 4679 1072 4742 Haec
1116 4675 1198 4741 de
1243 4676 1383 4741 vita
1409 4673 1773 4740 Herodiani
1818 4671 2172 4736 memoriae
2214 4668 2476 4756 prodita
2518 4671 2699 4742 sunt,
2747 4682 2914 4746 quae
2956 4667 3159 4724 tamv
3150 4679 3348 4718 nrvtaebe
3356 4679 3390 4718 ss

473 4779 721 4850 exilia
762 4800 936 4861 esse,
981 4786 1058 4842 ut
1102 4776 1182 4841 de
1225 4776 1401 4841 iusta
1443 4777 1619 4840 vitae
1663 4774 2102 4862 descriptione
2148 4770 2409 4835 omnino
2454 4761 2933 4851 desperandum
2978 4758 3151 4839 sit‚‘
3154 4745 3336 4785 ”⁸⁸³¹'0
