3664 5546
691 387 811 451 142
1624 385 1706 440 ΕΙ(
1744 385 1884 439 ΤΩΝ
1926 383 2339 439 ΗΡΟΔΙΑΝΟΥ

675 560 752 623 τὸ
809 558 1027 637 μέντοι
1084 555 1272 622 ὁδός
1327 557 1430 621 καὶ
1483 558 1776 622 ςποδός
1834 555 2124 623 ὀξύνεται
2185 556 2273 620 ὡς
2330 555 2572 634 θηλυκά
2620 554 3054 633 προςηγορικὰ
3097 559 3189 637 τῷ
3233 554 3273 615 6

674 661 1163 739 παραλήγοντα.

852 761 946 825 Τά
1012 761 1101 826 εἰς
1137 746 1271 826 ἶιῖς
1316 761 1661 840 δι’ςύλλαβα
1705 762 1743 823 ὃ
1787 761 1826 839 ἢ
1874 763 1954 827 δῖ]
1997 760 2038 838 ἢ
2084 764 2151 824 οἿ
2194 759 2530 843 διφθόγγῳ
2574 758 2613 837 ἢ
2669 763 2707 837 ἦ
2751 758 3272 842 παραλητόμενα,

684 864 738 928 εἰ
790 865 870 944 μὴ
928 862 1198 928 ςύνθετα
1251 862 1527 942 ὑπάρχοι
1583 863 1622 940 ἢ
1679 858 1925 945 ἐθνικά,
1982 861 2302 945 ὀξύνεται,
2359 860 2580 944 ὁδός,
2638 859 2960 943 ςποδός,
3007 860 3273 925 οὐδός·

622 979 655 1028 5
684 966 761 1030 τὸ
807 965 880 1029 δὲ
924 969 1284 1045 φροῦδος
1339 963 1470 1029 ἀπὸ
1525 968 1642 1029 τοῦ
1697 965 1987 1043 πρόοδος
2042 965 2348 1029 ςύνθετον
2403 963 2507 1028 καὶ
2558 963 2636 1026 τὸ
2684 962 2952 1040 Μῆδος
3004 962 3271 1028 ἐθνικόν.

684 1067 1085 1146 ςεςημείωται
1129 1068 1205 1131 τὸ
1252 1070 1570 1131 ςκοῖδος
1614 1068 1790 1145 παρὰ
1838 1067 2195 1132 Μακεδόςιν
2241 1064 2280 1130 ὁ
2326 1064 2666 1143 οἰκονόμος
2711 1065 2814 1127 καὶ
2855 1065 2932 1129 τὸ
2978 1069 3272 1144 χλῆδος

686 1170 1271 1249 προπεριςπώμενα
1315 1170 1417 1232 καὶ
1459 1169 1535 1233 τὸ
1581 1167 1848 1233 Ῥόδος
1892 1167 2437 1247 παροξυνόμενον.

853 1272 948 1336 Τὰ
1003 1271 1091 1336 εἰς
1139 1257 1262 1336 ’δὀἱ
1307 1270 1603 1349 ἀρςενικὰ
1647 1271 1831 1351 φύςει
1864 1274 2068 1353 μακρᾷ
2096 1268 2597 1348 παραληγόμενα
2639 1267 2973 1348 βαρύνεται
3008 1269 3273 1346 Μῆδος

686 1372 824 1439 υἱὸς
885 1373 1166 1453 Μηδείας
1221 1374 1324 1437 καὶ
1380 1374 1453 1438 τὸ
1513 1373 1765 1437 ἐθνικὸν
1822 1372 2192 1454 ὁμοφώνως
2247 1378 2339 1456 τῷ
2394 1369 2835 1452 πρωτοτύπῳ,
2902 1373 3123 1435 νῖδος
3180 1367 3274 1452 (Ῥ)

590 1489 651 1539 10
686 1479 964 1543 ζεῦδος
1009 1472 1118 1556 (P).
1219 1476 1570 1540 Βλαῦδος
1627 1475 1813 1540 πόλις
1865 1473 2158 1553 Φρυγίας.
2245 1474 2320 1536 τὸ
2377 1473 2591 1550 μέντοι
2648 1471 2931 1536 καυδός
2995 1473 3276 1551 θηλυκὸν

688 1578 899 1657 ὥςπερ
942 1577 1047 1641 καὶ
1087 1578 1164 1642 τὸ
1209 1577 1459 1656 μαυδό
1480 1597 1527 1641 ς.
1618 1575 2020 1655 ςεςημείωται
2078 1576 2153 1639 τὸ
2213 1575 2513 1639 Μαιδός
2569 1574 2757 1640 ἔθνος
2813 1574 3063 1657 Θρᾴκης
3114 1578 3273 1652 πλη-

687 1680 823 1745 ςίον
883 1678 1283 1744 Μακεδονίας
1337 1680 1439 1743 καὶ
1499 1679 1569 1743 Ἠ
1587 1679 1722 1744 δός
1777 1677 1969 1743 ἔθνος
2028 1676 2344 1741 (κυθικόν.
2446 1675 2767 1741 Ἑκαταῖος
2834 1675 3105 1760 Εὐρώπῃ
3171 1676 3276 1740 καὶ

685 1780 950 1847 Λυδόο

854 1883 949 1948 Τὰ
1005 1868 1096 1948 εἰς
1141 1869 1264 1949 δοῖ
1308 1882 1652 1963 διςύλλαβα
1695 1882 1934 1962 ἔχοντα
1977 1881 2107 1959 πρὸ
2149 1883 2266 1945 τοῦ
2310 1864 2349 1944 δ
2406 1880 2755 1960 ςύμφωνον
2811 1880 2951 1944 κατ’
3007 1879 3271 1944 ἐπιπλο-

590 1997 650 2049 15
685 1985 802 2065 κήν
861 1984 1229 2067 βαρύνεται,
1284 1983 1579 2060 (όγδος
1637 1983 1675 2048 ὁ
1731 1983 2006 2062 οἰκήτωρ
2063 1981 2427 2060 (ογδιανῆς.
2528 1982 2775 2058 λέγεται
2830 1983 2934 2046 καὶ
2990 1981 3273 2057 (ὀγδιος.

689 2085 1000 2167 ῥάβδος.
1057 2086 1294 2151 ἄςδος
1339 2086 1531 2166 ςτήλη
1577 2085 1809 2168 λιθίνη,
1872 2085 2194 2167 λύγδος,
2253 2083 2570 2164 Ῥύβδος
2614 2084 2934 2165 φρούριον
2980 2083 3275 2149 (ικελίας.

855 2188 949 2253 Τὰ
1005 2188 1094 2253 εἰς
1148 2175 1267 2253 ffic-
1306 2188 1651 2269 διςύλλαβα
1704 2188 1941 2267 ἔχοντα
1994 2187 2125 2265 πρὸ
2169 2190 2286 2251 τοῦ
2329 2172 2368 2250 δ
2414 2185 2764 2265 ςύμφωνον
2823 2186 2982 2251 κατὰ
3025 2185 3274 2250 διάςτα-

689 2310 783 2355 ςιν
842 2290 1207 2373 βαρύνεται,
1264 2289 1318 2354 εἰ
1372 2290 1454 2368 μὴ
1512 2289 1831 2355 ἐπιθετικὰ
1884 2287 2015 2371 εἴη,
2070 2287 2355 2352 Λίνδος
2410 2286 2597 2352 πόλις
2664 2287 2734 2352 ἐν
2788 2287 2993 2371 Ῥόδῳ
3059 2287 3276 2367 κτίςμα

687 2390 922 2456 Λίνδου
963 2395 1081 2455 τοῦ
1115 2391 1482 2473 Κερκάφου,
1526 2394 1643 2455 τοῦ
1688 2390 1907 2455 Ἡλίου
1950 2390 2053 2454 καὶ
2099 2389 2453 2472 Κυδίππης,
2496 2392 2607 2466 τῆς
2638 2388 2900 2469 Ὀχίμου
2945 2390 3274 2475 θυγατρός.

586 2505 653 2555 20
686 2492 813 2558 ἔςτι
870 2494 972 2557 καὶ
1027 2491 1301 2557 (ικελίας
1354 2494 1541 2558 πόλις
1596 2493 1840 2557 Λίνδος.
1942 2491 2223 2557 (ίνδος
2280 2491 2470 2556 ἔθνος
2536 2490 2668 2556 ἀπὸ
2734 2491 3106 2571 μεςημβρίας
3160 2495 3276 2570 τῆς

690 2595 1055 2661 Μαιώτιδος
1100 2593 1337 2672 λίμνης.
1426 2596 1595 2659 τινες
1641 2596 1710 2675 δὲ
1757 2593 2203 2677 ὀξυτονοῦςιν,
2250 2594 2369 2658 οὐκ
2412 2591 2519 2677 εὖ,
2561 2592 2891 2675 Πίνδος,
2945 2592 3274 2676 νάρδος,

687 2696 985 2780 μάρδος
1032 2694 1238 2760 αὐλοῦ
1284 2693 1460 2761 εἶδος
1504 2697 1606 2760 καὶ
1650 2696 1838 2761 ἔθνος
1871 2695 2228 2773 Ὑρκάνιον.
2276 2696 2768 2775 Ἀπολλόδωρος
2797 2696 2946 2775 περὶ
2982 2699 3097 2776 γῆς
3128 2700 3273 2761 δευ-

685 2801 869 2885 τέρῳ.
938 2799 1254 2878 πάρδος.
1322 2798 1618 2878 (άρδος
1684 2799 1872 2863 πόλις
1935 2799 2266 2881 Ἰλλυρίας,
2336 2799 2636 2864 Βάλδος
2700 2798 2887 2865 πόλις
2953 2798 3274 2883 Φοινίκης,

689 2902 995 2968 Χάλδος
1062 2900 1251 2966 ἔθνος
1315 2906 1427 2981 τῆς
1490 2902 1831 2981 Ἀρμενίας.
1941 2900 2147 2966 οὕτως
2201 2902 2324 2980 γὰρ
2392 2901 2680 2977 λέγεςθαι
2747 2899 3167 2980 ἐπεκράτηςεν
3231 2901 3272 2978 ἡ

584 3017 651 3066 25
688 3005 983 3083 ςυνήθεια
1027 3004 1451 3088 διςυλλάβως,
1496 3002 1576 3068 ού
1625 3003 1999 3068 Χαλδαίους.
2058 3003 2374 3068 Μύνδος
2418 3002 2602 3067 πόλις
2653 3001 2894 3081 Καρίας.
2949 3002 3273 3068 Ἑκαταῖος

687 3107 871 3191 Ἀςίᾳ.
953 3107 992 3170 Γ
1002 3105 1141 3184 όρδ
1161 3126 1243 3170 ος
1288 3105 1509 3189 ἔθνος,
1567 3106 1605 3170 ὃ
1662 3106 1764 3169 καὶ
1808 3107 1847 3170 Γ
1851 3108 2156 3184 ορδυαῖος
2211 3106 2313 3169 καὶ
2358 3106 2397 3169 Γ
2398 3105 2676 3184 όρδοχος
2730 3107 3027 3170 καλεῖται.
3099 3125 3273 3185 ςεςη-

688 3209 944 3288 μείωται
988 3209 1065 3273 τὸ
1111 3206 1352 3273 Ἰνδός
1395 3208 1684 3286 ποταμὸς
1729 3208 1832 3271 καὶ
1877 3207 2128 3273 ἐθνικὸν
2171 3207 2273 3271 καὶ
2314 3206 2586 3285 Ὀρδός
2629 3207 2820 3272 ἔθνος
2853 3195 3273 3273 Μακεδονίας.

689 3311 984 3387 λέγονται
1039 3310 1143 3374 καὶ
1186 3308 1502 3393 Ὀρδαῑοι,
1561 3309 1652 3374 ὡς
1700 3309 2067 3388 Νίκανδρος.
2154 3309 2231 3374 τὸ
2287 3311 2359 3374 δὲ
2404 3308 2648 3388 λορδό
2668 3329 2699 3372 ς
2744 3308 3035 3374 ἐπίθετον
3087 3310 3190 3373 καὶ
3234 3309 3273 3374 ὁ

689 3412 980 3491 μυνδός
1024 3410 1062 3475 ὁ
1107 3409 1409 3494 ἄφωνος,
1453 3408 1579 3493 ἀφ’
1625 3410 1705 3476 οὗ
1751 3412 2171 3491 «μυνδότεροι
2216 3410 2554 3476 νεπόδων»
2600 3410 2776 3490 παρὰ
2822 3410 3216 3495 Καλλιμάχῳ.

687 3648 946 3716 διβράχεα
982 3647 1225 3715 θηλυκά,
1263 3649 1641 3715 προςηγορικὰ
1677 3649 1846 3713 ὄντα,
1883 3648 2141 3703 ὀξύνεται
2175 3646 2301 3702 οἷον
2338 3647 2543 3703 ςποδός
2581 3647 2727 3702 ὁδός.
2881 3648 2917 3699 1.
2953 3652 2984 3700 3
3017 3655 3275 3700 monente

690 3719 991 3771 Schmidtio
1028 3718 1222 3768 addidi
1256 3720 1290 3768 δ
1325 3733 1498 3783 usque
1536 3718 1604 3768 ad
1640 3717 1857 3782 ἑθνικά,
1896 3719 2015 3784 ipse
2051 3735 2337 3785 apponens
2372 3717 2408 3782 ἢ
2445 3721 2514 3769 (Ἡ
2550 3716 2585 3781 ἢ
2622 3720 2674 3769 (Τι
2709 3715 3001 3783 διφθόγγῳ
3049 3722 3278 3784 propter

688 3787 938 3852 exempla
985 3788 1040 3837 in
1088 3803 1299 3837 canone
1347 3787 1582 3851 prolata.
1661 3788 1783 3836 Non
1829 3787 2051 3850 dubim,
2102 3787 2231 3852 quin
2277 3803 2396 3837 eum
2443 3785 2637 3850 Μῆδοί
2686 3792 3060 3851 comparatum
3105 3787 3278 3837 fuerit

690 3854 878 3919 Ἠδός,
919 3854 1064 3921 quod
1099 3857 1155 3904 in
1195 3859 1459 3918 sequente
1497 3871 1707 3905 canone
1744 3856 2030 3920 proposui,
2069 3859 2151 3904 sic
2188 3855 2334 3920 fere,
2381 3860 2444 3906 ut
2477 3860 2702 3920 propter
2744 3853 2991 3905 vocalem
3037 3856 3092 3904 in
3129 3855 3276 3920 prin·

677 3924 834 3989 ,οἰρὶο
871 3928 1183 3988 exemptum
1224 3923 1409 3971 fuerit.
1480 3923 1543 3972 In
1579 3922 1682 3972 fine
1723 3925 1892 3973 etiam
1930 3923 2020 3974 hio
2056 3920 2245 3974 Ῥόδος
2289 3923 2485 3975 adieci.
2691 3921 2726 3972 1.
2763 3924 2795 3973 9
2831 3922 3010 3985 νῖδος,
3059 3922 3125 3973 de
3166 3938 3273 3988 quo

689 3997 841 4043 tacet
880 3991 1154 4046 Schmidt,
1200 4006 1310 4040 nou
1348 3989 1605 4055 expedio,
1656 4006 1753 4056 pro
1788 3990 1983 4043 ζεῦδος
2023 3991 2084 4045 G.
2122 3990 2380 4042 Dindorf.
2427 3992 2485 4041 in
2522 3990 2788 4040 Thesaur.
2862 3988 2896 4041 Γ
2898 3990 3067 4042 αῠδος
3105 3991 3273 4042 scribi

686 4060 834 4122 vult,
872 4059 1040 4109 etiam
1080 4057 1355 4120 Βλαῡδος,
1395 4057 1538 4123 quod
1576 4075 1644 4109 ex
1680 4058 1761 4109 St.
1797 4060 1859 4111 Β.
1897 4058 2108 4121 addidi,
2147 4058 2266 4109 loco
2304 4059 2545 4123 corrupti
2579 4058 2773 4110 Ζεῠδος
2812 4059 3054 4123 positum
3096 4059 3274 4110 fuisse

686 4133 889 4194 potest.
961 4124 1174 4179 Μαιδός
1212 4140 1384 4189 usque
1422 4126 1493 4177 ad
1529 4125 1689 4177 finem
1727 4143 1793 4176 ex
1831 4127 1913 4179 St.
1950 4127 2012 4177 Β.
2050 4128 2309 4192 apposita
2344 4132 2491 4180 sunt.
2614 4125 2648 4178 l.
2688 4129 2751 4177 14
2785 4124 2920 4176 κατ’
2955 4124 3274 4191 ἐπιπλοκὴν

688 4196 880 4246 addidi
917 4200 1143 4260 propter
1179 4200 1498 4259 sequentem
1536 4209 1826 4252 canonem;
1866 4210 1966 4261 pro
2002 4192 2168 4257 ὄγδος
2207 4211 2272 4245 ex
2311 4195 2392 4246 St.
2427 4196 2489 4246 B.
2529 4195 2729 4259 scripsi
2774 4191 2999 4257 Εόγδος.
3069 4193 3276 4257 λύγδος

689 4279 757 4315 ex
793 4264 972 4330 Epim.
1008 4264 1066 4312 in
1103 4261 1304 4313 Psalm.
1339 4265 1429 4320 94,
1468 4264 1529 4327 6,
1568 4262 1791 4327 Ῥύβδος
1840 4278 1907 4313 ex
1946 4263 2024 4313 St.
2064 4264 2126 4313 B.
2197 4264 2260 4313 In
2298 4264 2362 4313 E.
2402 4265 2475 4317 M.
2516 4265 2642 4326 701,
2679 4265 2745 4313 43
2791 4278 2969 4313 canon
3019 4264 3102 4314 sic
3147 4279 3273 4315 con-

687 4344 1726 4480 {3²32ssssss253Q5135020‘23322223&
1742 4344 3275 4482 ggzssbssffissffirff‘ffuffi‘sssbzffffu1303i‘3351fss’fssossfixc

688 4483 989 4549 φρούριον,
1026 4482 1263 4549 πάρδος,
1302 4481 1538 4548 (ἀρδος,
1577 4482 1776 4547 ῥάβδος
1816 4482 2241 4548 προςηγορικόν.
2449 4484 2482 4535 1.
2527 4487 2584 4534 18
2621 4481 2815 4535 Λίνδος
2854 4489 2913 4534 et
2949 4481 3140 4536 (ίνδος
3178 4501 3274 4535 ex-

689 4553 837 4617 plevi
873 4568 941 4603 ex
979 4554 1058 4602 St.
1097 4555 1184 4612 13„
1232 4550 1299 4601 de
1338 4548 1530 4603 (ίνδος
1571 4553 1749 4603 schol.
1788 4552 1964 4617 Apoll.
2000 4551 2052 4603 Δ
2098 4555 2223 4603 331:
2274 4548 2453 4604 (ίνδοι
2491 4550 2834 4617 Ἡρωδιανὸς
2882 4549 2945 4603 ἐν
2987 4554 3072 4618 τῷ
3119 4550 3276 4619 ἕκτῳ

688 4622 792 4685 τῆς
830 4618 1074 4672 καθόλου
1110 4620 1438 4683 βαρυτονεῖν
1475 4634 1610 4683 φηςι
1646 4620 1779 4671 δεῖν.
1813 4648 1879 4655 -
1918 4618 2121 4684 μάρδος
2158 4635 2226 4670 ex
2267 4619 2375 4670 levi
2423 4637 2489 4670 ex
2528 4621 2609 4674 St.
2646 4622 2708 4671 Β.
2742 4622 2861 4682 432,
2902 4622 2989 4680 15,
3040 4620 3135 4671 sed
3184 4637 3277 4672 ae-

691 4694 889 4740 centus
926 4689 1135 4740 ethnici
1170 4703 1278 4738 non
1315 4694 1554 4746 constat,
1594 4704 1718 4739 nam
1757 4704 1807 4753 p.
1834 4690 1917 4751 83,
1959 4692 2022 4739 15
2059 4635 2320 4753 ‘Auapgot
2355 4687 2517 4739 ἔθνος
2544 4687 2835 4752 Ὑρκανῶν
2873 4685 3054 4750 ἐγγύς.
3100 4686 3277 4753 [rpu-

692 4758 811 4819 βων
847 4753 940 4808 ια’·
979 4756 1078 4808 είςὶ
1113 4756 1205 4808 καὶ
1240 4754 1480 4819 Περςῶν
1517 4754 1735 4821 Μαρδοί
1770 4753 1896 4819 δίχα
1928 4757 2032 4807 τοῦ
2070 4759 2106 4807 ἃ
2142 4757 2376 4806 aeuitur.
2424 4754 2634 4822 πάρδος
2682 4757 2920 4806 accessit
2957 4771 3023 4806 ex
3061 4772 3278 4810 canone

689 4826 755 4875 Ε.
794 4827 864 4876 Μ.
900 4825 1058 4875 modo
1093 4823 1343 4886 laudate,
1383 4822 1590 4889 Cdpboc
1626 4852 1692 4860 -
1733 4822 1767 4875 Γ
1768 4821 1933 4890 όρόος
1969 4840 2038 4875 ex
2076 4825 2155 4874 St.
2194 4825 2280 4884 1³„
2321 4839 2387 4873 ex
2426 4824 2616 4875 eodem
2654 4821 2866 4890 Ὀρδός.
2936 4822 3134 4887 λορδό(
3173 4841 3280 4891 pro

695 4890 902 4943 Κονδός
940 4908 1060 4941 cum
1097 4893 1260 4943 Mein.
1298 4897 1523 4958 proptor
1561 4897 1637 4944 St.
1665 4894 1723 4944 Β.
1757 4895 1869 4955 157,
1908 4897 1937 4942 5
1975 4892 2220 4944 exhibui.
2260 4892 2403 4941 unde
2442 4894 2610 4942 etiam
2644 4894 2814 4943 verba
2851 4888 2961 4953 ἀφ’
2993 4889 3061 4942 οὓ
3096 4908 3280 4959 usque
