3664 5546
550 318 681 384 426
1224 303 1229 308 '
1394 285 1407 304 “
1490 316 1573 372 εκ
1611 266 1753 382 ism
1794 313 2206 374 ΗΡΩΔΙΑΝοΥ

553 489 751 556 δίςκαι
794 491 1225 554 παιδιςκῶν
1271 494 1444 553 «τῶν
1489 492 1836 552 παιδιςκῶν
1880 506 2003 551 τινι
2048 486 2242 551 δοὺς»
2288 486 2464 564 παρὰ
2521 492 2612 569 τῷ
2660 485 3026 569 Μενάνδρῳ
3073 484 3144 549 ἐν

550 598 643 675 τῷ
685 591 908 670 Ἣρωῑ.
964 591 1068 655 καὶ
1110 589 1255 656 εἴτι
1299 593 1602 655 τοιοῦτον
1644 589 1873 667 ἕτερον
1883 638 1903 672 ,
1955 592 2229 671 περιςπᾷ
2270 588 2388 666 τὴν
2435 586 2598 652 ἰδίαν
2642 588 2899 665 γενικὴν
2943 586 3144 652 καίτοι

552 692 1029 774 ὁμοφωνοῦςαν
1083 699 1177 777 τῷ
1231 691 1541 776 ἀρςενικῷ
1597 691 2015 774 βαρυνομένῳ
2073 689 2135 755 οἱ
2191 689 2424 769 πόρνοι
2477 696 2611 755 τῶν
2666 688 2764 753 πό
2777 708 2987 768 ρνων
3043 688 3150 752 καὶ

552 795 661 860 ἐπὶ
699 799 833 859 τῶν
878 797 1129 860 λοιπῶν
1170 792 1438 877 ὁμοίως,
1497 793 1639 858 ἐπεὶ
1701 794 1785 873 μὴ
1838 793 1908 858 ἐκ
1960 799 2094 859 τῶν
2149 791 2499 878 ἀρςενικῶν
2542 791 2623 856 τὰ
2663 790 2908 869 θηλυκὰ
2949 809 3144 869 παρε-

489 908 523 960 5
554 897 983 977 ςχημὰτιςται,
1030 894 1173 960 ἀλλ’
1215 894 1381 962 ἔςτιν
1425 895 1465 974 ἡ
1509 895 1731 974 πρώτη
1761 895 2014 961 τούτων
2058 895 2223 960 θέςις
2253 892 2356 958 ἐπὶ
2383 898 2517 958 τῶν
2547 895 2873 974 θηλυκῶν,
2909 893 3012 957 διὸ
3043 892 3147 955 καὶ

553 1000 644 1063 ῶς
689 1000 1038 1078 μονογενὲς
1080 996 1521 1077 περιεςπάςθη.
1586 996 1668 1062 τὰ
1712 997 1784 1061 δὲ
1828 995 2127 1075 ἀρςενικὰ
2169 995 2673 1074 ποιητικώτερον
2719 995 2879 1059 κατὰ
2920 994 3000 1059 τὸ
3041 993 3144 1070 γέ-

552 1122 671 1167 νος
714 1102 832 1179 τὴν
875 1101 1272 1180 παραγωγὴν
1315 1100 1725 1181 πεποίηνται,
1771 1098 1924 1165 ὅθεν
1968 1099 2072 1163 καὶ
2102 1100 2519 1178 βαρυτονοῡςι
2562 1096 2677 1162 τὰς
2709 1096 2964 1174 γενικὰς
3006 1098 3145 1160 ταῖς

553 1201 735 1268 ἰδίαις
779 1202 1049 1267 εὐθείαις
1079 1200 1540 1267 ἀκολοθοῦντα.
1584 1202 1663 1266 τὸ
1702 1201 1879 1281 μέςαι
1923 1205 2202 1282 μεςῶν,
2247 1198 2482 1264 ὑπάται
2528 1198 2880 1281 ὑπατῶν,
2926 1196 3142 1265 νεάται

552 1310 856 1370 νεατῶν
901 1303 1006 1368 ἐπὶ
1049 1309 1181 1369 τῶν
1226 1309 1487 1384 χορδῶν
1530 1308 1952 1383 περιςπῶμεν.
2020 1301 2205 1380 κύρια
2247 1301 2370 1379 γάρ
2415 1300 2569 1366 εἰςιν
2598 1300 2817 1366 αὐτῶν
2861 1299 3144 1381 ὀνόματα

454 1416 517 1468 10
552 1405 655 1470 καὶ
708 1404 814 1469 διὰ
866 1408 1062 1469 τοῦτο
1118 1408 1457 1484 μονογενῆ.
1555 1404 1636 1469 τὰ
1700 1404 1995 1484 μέντοιγε
2050 1402 2370 1467 ἑπιθετικὰ
2423 1403 2795 1486 βαρύνεται,
2861 1402 3000 1467 ἐπεὶ
3061 1401 3141 1466 τὰ

553 1507 809 1571 τούτων
854 1503 1150 1584 ἀρςενικά
1206 1510 1472 1585 «κοῦραι
1526 1506 1824 1584 πετράων
1870 1506 2104 1584 ἤριπον
2157 1504 2222 1571 ἐξ
2277 1504 2653 1570 ὑπάτων».
2741 1505 2816 1569 τὸ
2862 1508 3140 1583 χιλιῶν

552 1607 704 1686 παρ’
748 1607 1101 1685 Ἀθηναίοις
1144 1609 1541 1692 παραλόγωςι
1573 1610 1973 1686 περιςπᾶται.·

724 1709 870 1774 Ἐὰν
914 1710 986 1774 δὲ
1028 1709 1372 1788 εὑρεθῶςιν
1417 1697 1877 1790 ὁμοφωνοῦςαι
1931 1708 2064 1774 ἀπὸ
2119 1714 2252 1774 τῶν
2298 1707 2387 1774 εἰς
2439 1711 2505 1773 ἶς’
2548 1709 2992 1786 πληθυντικῶν
3037 1705 3141 1771 εὐ-

553 1816 745 1877 θειῶν
784 1814 1084 1889 θηλυκῶν
1125 1811 1368 1888 γενικαὶ
1410 1815 1688 1887 γενικαῑς
1732 1810 2081 1891 ἀρςενικῶν
2115 1812 2653 1893 περιςπωμέναις,
2699 1808 2818 1874 οὐκ
2862 1807 3139 1884 ἀναγκά-

451 1922 518 1974 15
554 1919 773 1981 ζονται
816 1913 919 1976 καὶ
962 1911 1305 1992 ὁμοτονεῑν
1351 1912 1589 1978 αὐταῖς.
1678 1911 1749 1977 ἑκ
1800 1914 1875 1978 δὲ
1928 1916 2046 1976 τοῦ
2091 1911 2388 1978 ἐναντίου
2433 1912 2492 1977 εἴ
2544 1932 2603 1976 τι
2649 1913 2762 1992 μὲν
2807 1910 3141 1990 ἀρςενικὸν

553 2014 641 2079 εἰς
686 2017 752 2078 «Tu
793 2015 912 2093 τὴν
955 2013 1211 2079 εὐθεῖαν
1260 2014 1430 2095 ἔχοι,
1484 2016 1560 2080 τὸ
1616 2015 1688 2080 δὲ
1742 2015 2021 2092 θηλυκὸν
2077 2013 2167 2079 εἰε
2211 2018 2310 2097 ΞΕ,
2365 2014 2404 2092 ἡ
2464 2015 2580 2094 μεν
2635 2017 2754 2078 τοῦ
2810 2011 3141 2090 ἀρςενικοῦ

552 2119 959 2198 περιςπᾶται,
1001 2115 1041 2194 ἡ
1087 2118 1159 2180 δὲ
1200 2119 1318 2181 τοῦ
1362 2119 1641 2196 θηλυκοῦ
1686 2117 2052 2196 βαρύνεται·
2100 2109 2519 2182 αίΔαναῖδες
2562 2116 2777 2195 μέντοι
2806 2120 2940 2179 τῶν
2982 2114 3140 2178 Δα-

553 2218 850 2282 ναῑδων
896 2218 1297 2301 βαρυτόνως,
1354 2217 1418 2283 οἱ
1460 2218 1783 2283 Δαναΐδαι
1840 2219 1913 2282 δὲ
1956 2223 2087 2282 τῶν
2134 2217 2561 2283 Δαναϊδῶν
2617 2215 3140 2296 περιςπωμένως·

553 2318 784 2398 ὅμοιον
829 2318 960 2397 ἔχει
1005 2315 1111 2383 καῖ
1151 2319 1215 2383 οἱ
1257 2319 1638 2385 Τανταλίδαι
1683 2319 2228 2401 Τανταλιδῶν,
2274 2318 2337 2383 οἱ
2379 2318 2672 2383 Ἡλιάδαι
2710 2323 2843 2382 τῶν
2887 2315 3139 2381 Ἡλια-

447 2426 519 2516 29
554 2423 741 2502 δῶν,
799 2418 862 2484 οἱ
903 2420 1243 2499 Πριαμίδαι
1286 2427 1418 2486 τῶν
1460 2421 1950 2502 Πριαμιδῶν,
2009 2420 2074 2484 αἱ
2117 2419 2502 2485 Τανταλίδες
2554 2421 2626 2486 δὲ
2669 2425 2806 2485 τῶν
2846 2418 3141 2483 Ταντα-

553 2521 827 2603 λίδων,
882 2521 949 2585 αἱ
1000 2520 1293 2588 Ἡλιάδες
1345 2527 1479 2587 τῶν
1522 2520 1938 2604 Ἡλιάδων,
1993 2521 2058 2587 αἱ
2098 2521 2442 2602 Πριαμίδες
2498 2528 2630 2587 τῶν
2680 2520 3141 2600 Πριαμίδων

553 2622 934 2705 βαρυτόνωε·

719 2725 904 2791 Πᾶςα
947 2722 1163 2790 εὐθεῖα
1206 2725 1583 2806 διςύλλαβος
1628 2725 1717 2793 εἰς
1760 2731 1827 2792 ες
1873 2728 2158 2806 λήγουςα
2186 2726 2574 2805 πληθυντικὴ
2619 2722 2921 2805 δηλονότι
2966 2742 3142 2802 περι-

552 2829 779 2893 ςπᾶται
823 2828 940 2905 τὴν
971 2826 1134 2892 ἰδίαν
1164 2828 1452 2911 γενικήν,
1497 2831 1690 2908 μῆνες
1735 2834 2029 2911 μηνῶν,
2073 2828 2305 2908 ἄνδρες
2349 2827 2694 2910 ἀνδρῶν,
2738 2832 2950 2892 θῶπες
2996 2832 3140 2889 θω-

446 2934 515 2987 25
551 2935 746 3011 πῶν,
812 2933 1028 3010 φῶτες
1082 2935 1404 3010 φωτῶν,
1464 2932 1654 3008 χῆνες
1714 2936 2009 3012 χηνῶν,
2075 2933 2283 3009 χεῖρες
2334 2937 2621 3009 χειρῶν
2688 2929 2791 2993 καί
2841 2927 2921 2992 τὰ
2975 2925 3143 2991 ἄλλα

551 3029 823 3111 ὁμοίως,
879 3029 1070 3095 ἐννέα
1126 3031 1671 3114 ςεςημειωμένων,
1734 3031 1883 3108 περὶ
1934 3030 2028 3097 ὧν
2081 3033 2183 3095 καὶ
2239 3030 2439 3107 λόγον
2496 3031 2774 3109 δίδομεν.
2872 3028 3138 3107 τίνων,

549 3131 660 3197 ὅτε
703 3136 1130 3213 πυςματικῶς,
1174 3133 1339 3210 πρὸς
1384 3130 1869 3211 ἀντιδιαςτολὴν
1898 3136 2016 3198 τοῦ
2052 3130 2383 3215 ἀορίςτου,
2429 3133 2641 3198 ἐκεῖνο
2671 3131 2796 3209 γὰρ
2839 3129 3140 3209 περιςπᾶ-

548 3252 664 3297 ται.
752 3232 969 3311 Τρῶες
1014 3232 1337 3316 Τρώων,
1383 3237 1591 3313 δμῶες
1636 3234 1948 3315 δμώων,
2006 3232 2117 3298 ἵνα
2160 3232 2479 3314 ἑκφύγωςι
2522 3234 2598 3298 τὸ
2641 3232 2708 3305 ,αἱ
2751 3230 2965 3314 Τρῳαί
3007 3236 3141 3294 τῶν

548 3333 793 3418 Τρῳῶν
839 3334 943 3399 καὶ
985 3332 1051 3397 αἱ
1094 3335 1299 3419 δμῳαί
1340 3340 1472 3400 τῶν
1517 3339 1785 3418 δμῳῶν,
1830 3333 2188 3414 ὀξυνόμενα
2217 3335 2377 3401 κατὰ
2419 3336 2534 3400 τὰς
2566 3334 2844 3416 εὐθείας,
2890 3332 2994 3398 καὶ
3033 3332 3143 3396 διὰ

446 3442 513 3495 30
546 3438 743 3500 τοῦτο
786 3441 1214 3514 περιςπῶνται
1259 3436 1373 3500 τὰς
1413 3435 1683 3513 γενικάς.
1771 3441 1936 3501 θῶες
1990 3436 2215 3502 θώων
2270 3436 2377 3501 διὰ
2429 3438 2505 3501 τὸ
2551 3437 2721 3521 θῳή,
2775 3437 2814 3500 ὃ
2861 3434 3141 3514 ςημαίνει

547 3539 666 3615 τὴν
708 3535 964 3618 ζημίαν,
1010 3535 1073 3600 αἱ
1118 3536 1277 3619 θῳαί
1319 3542 1451 3602 τῶν
1496 3542 1705 3621 θῳῶν.
1792 3541 2020 3604 παῖδες
2063 3539 2396 3621 παίδων,
2442 3537 2523 3602 οὐ
2568 3538 2733 3616 πρὸς
2778 3536 3140 3616 διαςτολήν,

550 3636 639 3702 ὥς
680 3656 851 3702 τινες
894 3636 1225 3729 ἐνόμιςαν,
1283 3641 1400 3703 τοῦ
1455 3637 1519 3703 αἱ
1576 3639 1763 3704 πέδαι
1805 3646 1939 3706 τῶν
1984 3645 2204 3705 πεδῶν
2249 3640 2354 3704 ἐπὶ
2406 3645 2538 3704 τῶν
2583 3643 2847 3719 δεςμῶν.
2933 3636 2974 3714 ἡ
3017 3635 3141 3714 γὰρ

548 3739 767 3818 γραφὴ
812 3740 929 3817 τὴν
975 3738 1312 3816 διαςτολὴν
1357 3742 1664 3804 ποιεῖται·
1707 3744 1904 3806 τοῦτο
1952 3742 2067 3821 μὲν
2111 3743 2234 3820 γὰρ
2277 3743 2353 3806 τὸ
2399 3740 2506 3805 ἐπὶ
2557 3744 2689 3806 τῶν
2743 3741 2989 3818 δεςμῶν
3036 3738 3142 3801 διὰ

547 3844 667 3905 τοῦ
722 3840 788 3921 ἒ,
845 3839 1054 3905 ἐκεῖνο
1122 3840 1195 3904 δὲ
1261 3840 1367 3905 διὰ
1431 3845 1543 3919 τῆς
1598 3844 1663 3906 fii
1718 3844 2108 3922 διφθόγγου·
2174 3842 2327 3908 ἀλλ’
2380 3841 2531 3909 ἰςως
2588 3842 2805 3921 ἐπειδὴ
2864 3840 2955 3906 ῶς
3008 3838 3140 3904 ἀπὸ

683 4026 720 4076 l.
758 4029 816 4077 11
857 4028 1053 4090 χιλιῶν
1089 4029 1286 4094 scripsi
1321 4045 1419 4094 pro
1456 4029 1694 4093 χολιῶν,
1732 4030 1990 4081 Dindorf.
2029 4030 2320 4093 χιλιαδῶν,
2360 4030 2425 4080 de
2466 4046 2569 4094 quo
2614 4029 2764 4080 infra
2801 4043 2977 4080 sermo
3016 4028 3139 4089 erit,

548 4096 861 4160 suspicatus
907 4103 1009 4151 est.
1080 4097 1149 4146 ef.
1198 4096 1382 4148 Sehol.
1430 4100 1568 4148 Ven.
1615 4098 1752 4163 qu.
1797 4100 1899 4149 660
1948 4104 2005 4147 et
2050 4098 2202 4148 Suid.
2248 4097 2444 4161 χιλιῶν
2488 4097 2753 4162 δραχμῶν
2799 4095 3140 4160 περιςπῶςιν

547 4162 601 4215 οἱ
642 4161 898 4215 Ἀττικοί.
935 4164 1112 4216 Lehrs
1148 4164 1354 4214 Herod.
1394 4180 1444 4229 p.
1470 4166 1538 4216 45
1575 4163 1829 4245 (Iacchi).
1968 4165 2004 4215 1.
2049 4168 2248 4216 13—15
2285 4182 2352 4215 ex
2388 4165 2510 4215 Arc.
2551 4167 2663 4225 136,
2701 4167 2759 4225 ‘13
2797 4163 2930 4213 inde
2966 4177 3139 4227 usque

547 4230 620 4291 ad
655 4230 819 4281 finem
855 4246 923 4282 ex
959 4233 1037 4283 10.
1073 4231 1157 4281 Al.
1195 4234 1285 4295 18,
1322 4235 1351 4284 '1
1398 4233 1629 4283 insertis
1673 4248 1741 4283 ex
1783 4232 2020 4284 Arcadio
2065 4230 2119 4283 οἱ
2165 4231 2411 4284 Ἡλιάδαι
2456 4256 2521 4269 -·-
2567 4230 2625 4283 αί
2670 4228 2974 4296 Πριαμίδες
3018 4230 3141 4280 τῶν

544 4296 876 4362 Πριαμίδων
922 4300 1207 4366 exemplis.
1415 4299 1450 4349 1.
1486 4303 1675 4351 23-9
1711 4316 1842 4366 pag.
1877 4316 1993 4365 seq.
2041 4298 2437 4365 ἑντελεςτέρου
2483 4317 2551 4351 ex
2588 4301 2667 4351 Io.
2704 4300 2789 4349 Al.
2827 4300 2917 4357 18,
2957 4301 3037 4350 13.
3073 4324 3143 4333 --

546 4366 583 4416 l.
622 4369 687 4418 28
724 4364 915 4433 Τρῳαί
950 4365 1134 4434 δμῳαί
1168 4375 1227 4419 et
1262 4366 1297 4417 1.
1333 4371 1397 4420 31
1436 4365 1581 4433 θῳαί
1617 4369 1844 4419 exhibui
1880 4384 2002 4420 eum
2047 4381 2066 4418 ι
2113 4370 2428 4435 subscripto
2467 4369 2541 4419 cf.
2579 4366 2775 4417 Choer.
2809 4369 2939 4423 452,
2978 4369 3010 4416 3
3047 4366 3144 4429 qui

547 4435 692 4485 hane
744 4438 1161 4487 annotationem
1215 4451 1323 4486 non
1378 4437 1555 4488 minue
1608 4451 1673 4486 ex
1717 4436 2037 4488 Herodiano
2082 4436 2270 4487 hausit
2318 4451 2478 4500 quam
2524 4435 2676 4485 illam
2731 4435 2796 4485 de
2844 4433 3039 4485 πεδῶν
3085 4437 3144 4483 et

547 4498 783 4553 παίδων.
832 4502 940 4565 Qui
965 4503 1381 4554 Choeroboseus
1418 4504 1465 4556 si
1502 4510 1694 4554 eontra
1729 4504 2110 4554 Herodianum
2147 4509 2211 4554 ut
2235 4504 2454 4554 videtur
2489 4503 2845 4568 pronunciat:
2883 4500 2920 4562 ἡ
2946 4499 3139 4565 γραφὴ

548 4568 652 4621 οὐκ
690 4569 840 4621 ἐςτιν
884 4570 919 4634 ἡ
968 4570 1138 4634 αὐτή·
1187 4570 1257 4621 τὸ
1308 4570 1409 4632 μὲν
1454 4570 1561 4635 γὰρ
1599 4569 1789 4637 Τρῳαί
1837 4571 1928 4623 καὶ
1963 4569 2146 4637 δμῳαί
2182 4572 2274 4623 καὶ
2318 4568 2461 4637 θῳαί
2510 4570 2694 4633 ἔχουςι
2729 4568 2799 4621 τὸ
2838 4571 2871 4620 ῖ
2908 4580 3142 4632 προςγε-

547 4637 870 4701 γραμμένον
908 4638 1052 4690 κατὰ
1097 4639 1204 4702 τὴν
1245 4638 1706 4703 παραλήγουςαν,
1752 4639 1823 4691 τὸ
1869 4638 1931 4691 δὲ
1966 4638 2162 4703 Τρῶες
2207 4639 2394 4702 δμῶες
2439 4639 2586 4689 θῶες
2631 4636 2735 4689 οὐκ
2782 4636 2963 4699 ἔχουςι
2999 4634 3069 4685 τὸ
3109 4637 3142 4685 ῖ

550 4705 1084 4769 προςγεγραμμένον
1122 4705 1264 4757 κατὰ
1299 4707 1408 4771 τὴν
1443 4705 1907 4770 παραλήγουςαν,
1946 4706 2239 4757 discrimen
2280 4706 2424 4757 inter
2460 4709 2507 4756 ὦ
2556 4710 2613 4756 et
2657 4709 2706 4771 ᾧ
2744 4704 2917 4756 multo
2962 4703 3143 4754 minus

550 4785 671 4823 esse
708 4787 871 4837 quam
904 4775 1053 4824 inter
1087 4774 1117 4824 ἒ
1155 4778 1212 4824 et
1248 4773 1303 4825 (Ἦ
1340 4774 1685 4827 existimasse
1721 4773 2001 4841 putandus
2037 4780 2125 4825 est
2160 4774 2526 4827 Herodianus.
