3664 5546
1114 277 1272 332 Περι
1320 276 1712 331 κΑοοΛικΗς
1746 275 2169 331 ΠΡοςΩιΔιΑς
2207 276 2283 330 ιΒ.
2443 262 2460 284 ”·
2857 275 2981 340 317

395 469 530 513 κιος
576 449 646 513 δὲ
692 446 730 511 ὁ
776 447 1096 526 Ταρραῖος
1151 447 1300 526 περὶ
1343 445 1799 525 Θεςςαλονίκης
1856 445 2097 526 βιβλίον
2144 445 2462 528 ἔγραψεν,
2518 446 2592 510 ὅς
2648 465 2838 527 φηςιν
2883 445 2981 510 ὅτι

395 551 714 615 Φίλιππος
757 549 1145 628 θεαςάμενος
1190 550 1385 627 κόρην
1432 546 1717 627 εὐπρεπῆ
1750 547 1854 612 καὶ
1895 547 2126 626 εὐγενῆ
2157 546 2460 628 (Ἰάςονος
2505 547 2628 625 γὰρ
2672 545 2752 624 ἦν
2797 545 2983 610 ἀδελ-

394 651 579 732 φιδῆ)
625 651 817 730 ἔγημε
873 652 976 715 καὶ
1019 655 1286 716 τεκοῦςα
1329 656 1405 734 τῇ
1452 651 1695 733 εἰκοστῇ
1738 649 1942 732 ἡμέρᾳ
1997 652 2106 726 τῆς
2151 647 2404 728 λοχείας
2445 648 2760 727 τέθνηκεν.
2828 647 2982 712 ἀνα·
3028 659 3042 683 ‘

397 756 613 833 λαβὼν
671 750 790 817 οὐν
847 751 885 816 ὁ
939 751 1257 817 Φίλιππος
1320 753 1395 816 τὸ
1452 752 1709 816 παιδίον
1774 750 1976 816 ἔδωκε
2035 750 2187 833 Νίκῃ
2242 751 2504 829 τρέφειν
2560 750 2662 814 καὶ
2729 749 2982 814 έκάλεςε

397 839 886 931 Θεςςαλονίκην·
952 852 990 931 ἡ
1036 853 1159 932 γὰρ
1216 854 1416 932 μήτηρ
1470 856 1588 918 τοῦ
1632 851 1891 917 παιδίου
1939 852 2340 917 Νικαςίπολις
2383 852 2699 931 ἐκέκλητο.
2790 850 2981 930 (τρά-
3010 866 3043 916 5

398 961 531 1037 βων
586 956 657 1020 δὲ
714 954 1235 1020 Θεςςαλονίκειαν
1291 954 1492 1032 αὐτήν
1549 975 1698 1034 φηςι
1755 954 1822 1036 (7
1883 975 1947 1039 p.
1992 951 2165 1034 323).
2254 953 2468 1031 έρίκη
2524 952 2701 1018 εἶδος
2754 957 2983 1034 φυτοῦ.

396 1057 679 1137 φερίκη
736 1055 912 1121 εἶδος
975 1056 1282 1137 δένδρου,
1347 1055 1389 1118 ἃ
1443 1056 1548 1119 διὰ
1594 1058 1718 1132 τοῦ
1763 1057 1795 1117 ἰ
1852 1055 2272 1135 ἐκτεταμένου
2325 1055 2721 1138 γράφονται,
2775 1056 2853 1120 τὸ
2913 1056 2983 1119 δὲ

398 1158 721 1236 Εὐνείκη
766 1157 976 1236 ὄνομα
1020 1159 1159 1237 μιᾶς
1203 1161 1334 1222 τῶν
1382 1156 1717 1235 Νηρηΐδων
1762 1157 1870 1220 διὰ
1912 1160 2022 1235 τῆς
2068 1160 2122 1220 ἑῑ
2166 1157 2268 1220 καὶ
2309 1157 2386 1220 τὸ
2440 1158 2656 1234 νείκη
2709 1155 2750 1235 ἡ
2795 1159 2983 1235 φιλο-

396 1258 597 1324 νεικία
640 1258 709 1323 ἐκ
752 1262 869 1324 τοῦ
913 1260 1142 1323 νεῖκος.
1229 1259 1305 1322 τὸ
1351 1259 1422 1323 δὲ
1466 1258 1768 1337 Παλική
1813 1258 2001 1322 πόλις
2047 1257 2325 1322 (Σικελίας
2371 1257 2461 1322 ὡς
2505 1258 2795 1336 κτητικὸν
2841 1256 2984 1323 ὀξύ-

398 1381 588 1425 νεται.
675 1361 751 1424 τὸ
809 1361 1024 1438 μέντοι
1082 1358 1257 1437 ἀῖκή
1314 1359 1714 1441 ὠξυτονήθη,
1782 1358 1933 1424 ἴςως
1988 1360 2084 1424 ὅτι
2147 1349 2492 1439 ῥηματικὸν
2548 1359 2792 1439 ὑπῆρχε
2851 1358 2983 1422 ἀπὸ
3027 1374 3087 1425 ιο

398 1465 515 1527 τοῦ
559 1461 888 1531 ἀῖςςωοὼς
931 1460 1235 1541 φυλάςςω
1279 1462 1535 1540 φυλακή
1547 1482 1583 1544 ,⁸
1611 1461 1858 1525 ὑλάςςω
1905 1461 2121 1539 ὑλακή.
2210 1461 2313 1525 καὶ
2369 1461 2449 1523 τὰ
2497 1459 2735 1539 ἔχοντα
2778 1463 2812 1523 ἰ
2855 1461 2984 1539 πρὸ

399 1567 515 1627 τοῦ
559 1565 595 1626 ἰ
650 1561 1109 1643 παροξύνεται,
1166 1563 1610 1644 λεκανίςκη,
1663 1563 2174 1644 παρθενίςκη,
2234 1562 2532 1644 θυῖςκη,
2589 1560 2984 1644 παιδίςκη,

400 1665 884 1744 ςτεφανίςκη.
971 1663 1445 1741 Τριποδίςκη
1502 1665 1676 1743 κώμη
1731 1667 1844 1741 τῆς
1901 1663 2279 1742 Μεγαρίδος.
2371 1663 2619 1741 λέγεται
2685 1663 2787 1727 καὶ
2843 1663 2984 1741 Τρι-

400 1766 715 1830 ποδίςκος.
2458 1832 2462 1836 ,

569 1866 662 1931 Τὰ
708 1865 797 1931 εἰς
834 1869 917 1942 ῑῖῆ
963 1866 1470 1946 ὑπερδιςύλλαβα
1512 1866 2011 1947 παραληγόμενα
2053 1871 2145 1950 τῷ
2190 1869 2229 1929 ῦ
2272 1866 2637 1949 βαρύνεται,
2688 1866 2986 1944 Καλύκη
3029 1882 3088 1933 15

400 1967 621 2046 κύριον
681 1967 812 2031 ἀπὸ
867 1970 978 2044 τῆς
1049 1967 1323 2033 κάλυκος
1377 1971 1659 2049 γενικῆς,
1727 1969 2072 2048 ςαμβύκη
2127 1966 2303 2032 εἶδος
2369 1967 2686 2050 ὀργάνου,
2750 1968 2985 2046 Ἰτύκη

399 2068 583 2133 πόλις
638 2068 880 2148 Λιβύης.
982 2069 1246 2148 Ἐρύκη
1301 2068 1579 2149 (Σικελικὴ
1644 2070 1845 2135 πόλις.
1944 2071 2235 2135 Φίλιςτος
2301 2069 2634 2134 (Σικελικῶν
2702 2069 2986 2153 δευτέρᾳ.

402 2169 709 2248 Ναρύκη
756 2169 942 2234 πόλις
985 2168 1293 2249 Λοκρίδος
1307 2219 1326 2253 ,
1371 2171 1411 2249 ἣ
1456 2170 1558 2235 καὶ
1604 2171 1856 2252 Νᾶρυξ,
1893 2172 2265 2253 Βεβρύκη,
2324 2170 2448 2251 ἀφ’
2491 2170 2567 2250 ἧς
2610 2171 2769 2234 κατά
2812 2189 2988 2234 τινας

401 2272 634 2351 Βέβρυξ
678 2272 754 2336 τὸ
799 2271 989 2336 ἔθνος
1034 2271 1104 2336 ἐν
1136 2271 1320 2356 Ἀςίᾳ.
1387 2272 1764 2354 ζαμβύκη,
1811 2272 2169 2355 ίαμβύκη,
2216 2274 2554 2351 καρύκκη
2602 2270 2778 2337 εἶδος
2824 2272 2985 2351 βρώ-

401 2393 595 2451 ματος
640 2372 709 2437 ἐκ
750 2375 1018 2437 πολλῶν
1064 2373 1425 2453 ἐδεςμάτων
1470 2375 1764 2439 ςυνεςτὸς
1810 2374 1915 2438 διὰ
1959 2377 2168 2439 διςςοῦ
2212 2379 2329 2440 τοῦ
2374 2378 2423 2439 ff.
3020 2388 3089 2439 ‘20

565 2474 662 2538 Τὰ
706 2474 793 2539 εἰς
836 2477 919 2551 fr}
960 2474 1469 2555 ὑπερδιςύλλαβα
1510 2476 2012 2554 παραληγόμενα
2065 2482 2159 2559 τῷ
2217 2481 2270 2540 (fi
2316 2477 2639 2558 ὀξύνεται,
2695 2474 2984 2556 ἀκωκή,

402 2574 589 2652 ἰωκή
633 2574 670 2653 ἡ
718 2575 941 2641 δίωξις.
1029 2577 1104 2640 τὸ
1151 2577 1222 2640 δὲ
1268 2577 1495 2655 Ἐώκη
1541 2577 1895 2656 βαρύνεται.
1984 2576 2111 2642 ἔςτι
2156 2579 2227 2643 δὲ
2270 2578 2479 2657 ὄνομα
2522 2578 2792 2642 πόλεως.

568 2676 662 2740 Τὰ
720 2676 807 2740 εἰς
854 2665 939 2754 λη
1006 2675 1143 2755 μετ’
1200 2677 1547 2755 ἐπιπλοκῆς
1602 2679 1984 2761 ςυμφώνου,
2050 2678 2105 2743 εἰ
2170 2682 2250 2758 μὴ
2305 2681 2746 2758 παραλήγοιτο
2812 2683 2850 2741 ὃ
2910 2677 2982 2744 ἐν

400 2781 923 2859 προςηγορικοῑς,
970 2779 1323 2858 βαρύνεται.
1389 2779 1699 2858 Ζάγκλη
1745 2781 1932 2845 πόλις
1978 2780 2270 2846 (Σικελίας.
2325 2782 2650 2847 Ἑκαταῖος
2694 2784 2982 2866 Εὐρώπῃ.

402 2879 463 2944 οἱ
507 2882 620 2960 μὲν
665 2879 796 2944 ἀπὸ
838 2880 1138 2956 Ζάγκλου
1181 2884 1298 2944 τοῦ
1342 2885 1655 2958 γηγενοῦς
1697 2883 1737 2960 ἢ
1792 2882 1925 2947 ἀπὸ
1981 2883 2212 2962 κρήνης
2256 2883 2563 2962 Ζάγκλης.
2652 2885 2714 2948 οἱ
2766 2887 2837 2948 δὲ
2883 2885 2987 2949 διὰ
3021 2900 3087 2949 25

400 2982 475 3046 τὸ
520 2982 650 3046 ἐκεῖ
697 2980 945 3059 Κρόνον
990 2983 1065 3047 τὸ
1111 2982 1437 3060 δρέπανον
1482 2970 1888 3067 ἀποκρύψαι,
1944 2985 1998 3068 ᾧ
2056 2985 2135 3048 τὰ
2192 2989 2309 3049 τοῦ
2364 2987 2606 3064 πατρὸς
2650 2984 2985 3066 ἀπέκοψεν

402 3235 624 3300 λονίκη,
663 3233 865 3301 φερίκη
911 3252 978 3286 ex
1026 3237 1222 3288 Choer.
1258 3236 1299 3287 1.
1335 3254 1406 3287 c.:
1445 3236 1517 3289 τὰ
1550 3236 1640 3289 διὰ
1674 3240 1777 3289 τοῦ
1816 3241 1911 3301 ι-κῆ
1949 3236 2402 3304 ἀποςτρέφονται
2437 3239 2546 3305 τὴν
2591 3242 2640 3293 ἓῖ
2675 3239 2983 3305 δίφθογγον

403 3301 526 3355 οἷον
562 3302 715 3368 δίκη,
752 3302 879 3368 νίκη
915 3304 1087 3368 χωρὶς
1120 3306 1225 3355 τοῦ
1264 3301 1525 3370 Εὐνείκη,
1563 3305 1676 3357 ἔςτι
1712 3305 1773 3357 δὲ
1809 3304 1992 3369 ὄνομα
2029 3309 2152 3370 μιᾶς
2187 3309 2309 3358 τῶν
2349 3307 2647 3374 Νηρηΐδων
2685 3309 2775 3360 καὶ
2812 3309 2982 3374 χωρὶς

401 3374 503 3429 τοῦ
542 3370 804 3436 φερείκη,
852 3371 964 3422 ἔςτι
1006 3370 1067 3423 δὲ
1115 3371 1265 3423 εἶδος
1309 3371 1569 3437 δένδρου,
1615 3372 1757 3438 ὅπερ
1802 3373 1835 3425 ὁ
1873 3374 2214 3439 Ἡρωδιανὸς
2261 3374 2322 3426 ἐν
2356 3378 2429 3441 τῇ
2461 3376 2710 3429 καθόλου
2755 3374 2844 3429 διὰ
2878 3379 2981 3427 τοῦ

410 3443 425 3489 i
473 3438 848 3502 ἐκτεταμένου
884 3436 1101 3503 γράφει.
1170 3442 1319 3490 Hinc
1355 3446 1409 3491 et
1446 3441 1590 3507 quod
1625 3443 1877 3506 Theogn.
1916 3445 2037 3505 109,
2075 3447 2140 3494 33
2186 3441 2371 3507 ἐρείκη
2408 3443 2497 3495 διὰ
2532 3447 2634 3510 τῆς
2671 3447 2721 3495 εἶ
2756 3443 2985 3508 διφθόγ-

360 3548 367 3565 ,
401 3521 505 3569 γου
542 3513 600 3557 et
636 3508 697 3557 E.
721 3508 793 3557 M.
820 3508 936 3569 276,
966 3510 991 3555 1
1029 3506 1101 3558 τὰ
1138 3507 1215 3558 εἰς
1251 3511 1321 3573 ιῖῆ
1357 3510 1573 3574 θηλυκὰ
1611 3508 1693 3560 ἑνὶ
1729 3508 2022 3574 φωνήεντι
2059 3509 2444 3576 παραλήγεται
2480 3512 2633 3576 πλὴν
2667 3514 2772 3564 τοῦ
2798 3509 2982 3577 ἐρείκη

403 3573 553 3626 εἶδος
589 3576 804 3639 φυτοῦ,
842 3571 1075 3639 Εὐνείκη
1112 3574 1294 3638 ὄνομα
1329 3575 1548 3640 κύριον,
1586 3575 1744 3641 νείκη
1782 3576 1816 3639 ή
1868 3577 2180 3641 φιλονεικία
2224 3576 2286 3629 ἐκ
2322 3580 2427 3630 τοῦ
2475 3583 2685 3645 νεῖκος,
2734 3580 2984 3631 concludi

402 3647 587 3707 potest
620 3642 996 3692 Herodianum
1035 3643 1331 3695 tradidisse
1366 3644 1509 3694 alios
1545 3646 1783 3695 seribere
1860 3661 1920 3694 or
1955 3649 2002 3696 ἐι
2038 3644 2224 3711 ἐρείκη
2261 3644 2523 3711 φερείκη,
2564 3664 2622 3699 se
2657 3665 2790 3701 vero
2826 3664 2983 3715 prae·

402 3712 548 3761 ferre
586 3711 635 3760 ἶ.
686 3707 918 3773 Εὐνείκη
957 3714 1013 3759 et
1048 3708 1205 3776 νείκη
1243 3711 1425 3761 adieci
1462 3728 1529 3761 ex
1565 3712 1700 3763 locis
1737 3730 1785 3763 e.
1821 3661 2056 3778 Ι’ίἹαλική
2095 3716 2327 3779 apposui
2363 3731 2431 3765 ex
2468 3716 2548 3766 St.
2587 3717 2649 3766 B.
2689 3732 2730 3766 s,
2772 3735 2820 3767 v.
2857 3732 2982 3767 oon·

403 3778 551 3828 sulto
586 3777 831 3842 Theogn.
871 3780 986 3839 110,
1026 3781 1072 3839 1,
1109 3775 1239 3842 ἀῖκή
1278 3795 1346 3829 ex
1381 3779 1629 3845 Theogn.
1670 3786 1726 3830 et
1762 3779 1825 3829 11.
1852 3779 1941 3830 Pr.
1978 3780 2023 3833 Ο
2062 3783 2177 3843 709,
2216 3782 2311 3832 ubi
2347 3798 2522 3833 canon
2560 3785 2642 3835 sic
2677 3785 2981 3850 profertur:

401 3845 471 3896 τὰ
508 3842 585 3896 εἰς
623 3849 689 3909 ir]
728 3843 979 3908 λήγοντα
1013 3843 1159 3909 ὑπὲρ
1195 3844 1296 3896 δύο
1332 3845 1604 3909 ςυλλαβὰς
1639 3851 1723 3912 τῷ
1764 3851 1799 3898 ἴ
1837 3847 2276 3913 παραληγόμενα
2323 3850 2474 3914 φιλεῖ
2510 3850 2864 3917 βαρύνεςθαι,
2903 3850 2982 3901 ὡς

403 3911 514 3977 ἔχει
549 3911 619 3962 τὸ
658 3911 839 3976 ἑλίκη,
879 3910 1064 3976 ἐρίκη,
1104 3912 1355 3978 φοινίκη·
1404 3912 1473 3964 τὸ
1510 3912 1699 3976 μέντοι
1743 3914 1873 3979 ἀῖκή
1910 3943 1975 3951 -
2011 3917 2256 3982 ὑπῆρχε,
2305 3918 2502 3983 quibus
2538 3919 2732 3969 addidi
2765 3912 2844 3970 'ex
2891 3933 2982 3967 su-

403 3981 710 4046 perioribus
748 3977 898 4043 παρὰ
933 3978 1003 4031 τὸ
1040 3979 1208 4031 ἀΐςςω
1245 4007 1311 4016 ——
1347 3979 1544 4045 ὑλακή.
1604 3982 1675 4032 cf.
1722 3984 1785 4036 Ε.
1824 3984 1897 4033 Μ.
1935 3986 2026 4045 42,
2063 3988 2146 4035 47.
2201 4012 2266 4020 -
2321 3982 2604 4049 παιδίςκη,
2643 3982 2979 4048 ςτεφανίςκη

404 4065 470 4098 ex
505 4048 749 4113 Theogn.
793 4050 903 4109 110,
940 4052 990 4111 4,
1029 4045 1365 4115 Τριποδίςκη
1405 4064 1473 4099 ex
1508 4053 1588 4099 st.
1616 4051 1696 4108 8.,
1731 4052 1851 4101 ubi:
1890 4048 2253 4114 Τριποδίςκος
2288 4079 2355 4088 -
2391 4050 2614 4115 λέγεται
2651 4052 2742 4103 καί
2778 4050 2980 4115 Τριπο-

400 4114 569 4179 δίςκη.
643 4114 984 4178 Ἡρωδιανὸς
1020 4114 1330 4181 δωδεκάτῃ.
1467 4116 1504 4170 1.
1543 4120 1605 4167 15
1645 4115 1893 4182 Καλύκη,
1934 4117 2139 4182 Ἰτύκη,
2179 4117 2376 4183 Ἐρύκη
2423 4118 2642 4184 explevi
2678 4137 2744 4170 ex
2782 4120 2864 4170 St.
2903 4120 2981 4180 B.‚

404 4183 659 4247 Ναρύκη,
699 4182 949 4247 Βεβρύκη
985 4200 1055 4233 ex
1092 4184 1284 4234 eodem
1319 4184 1534 4247 addidi,
1574 4183 1822 4251 Ζαμβύκη
1861 4200 2031 4249 usque
2068 4187 2140 4236 ad
2177 4186 2338 4236 finem
2377 4202 2444 4235 ex
2482 4186 2729 4252 Theogn.
2762 4190 2873 4249 110,
2903 4189 2981 4236 10.

534 4250 569 4302 1.
607 4254 672 4300 22
708 4249 777 4302 τὸ
813 4249 877 4301 δὲ
914 4248 1092 4315 Ἐώκη
1129 4267 1299 4316 usque
1348 4252 1420 4301 ad
1463 4252 1625 4302 finem
1672 4252 1859 4302 addidi
1907 4269 1972 4302 ex
2009 4252 2256 4317 Theogn.
2298 4257 2416 4315 110,
2459 4256 2547 4311 14;
2597 4256 2653 4304 in
2687 4255 2752 4306 E.
2790 4255 2861 4304 M.
2900 4255 2982 4310 55,

402 4321 467 4369 29
502 4319 632 4369 urbs
669 4315 865 4383 Εεώκη
903 4320 1113 4383 scripta
1150 4327 1259 4370 est:
1296 4318 1369 4370 τὰ
1404 4319 1492 4371 διὰ
1527 4322 1630 4369 τοῦ
1670 4322 1789 4383 W
1826 4318 1970 4382 ὑπὲρ
2006 4318 2108 4370 δύο
2145 4319 2417 4383 ςυλλαβὰς
2452 4323 2537 4385 τῷ
2575 4324 2624 4371 fi]
2661 4317 2980 4386 παραληγό-

406 4398 545 4448 μενα
579 4384 805 4437 ςπάνια·
845 4383 1087 4437 ὁξύτονα
1125 4384 1226 4449 μέν
1264 4384 1362 4438 εἰςι
1396 4385 1498 4438 δύο
1544 4385 1766 4450 ἀκωκή,
1814 4384 1974 4448 ἰωκή.
2046 4387 2136 4437 καὶ
2180 4385 2249 4436 τὸ
2286 4385 2482 4451 (εώκη
2529 4386 2710 4452 ὄνομα
2753 4388 2980 4440 πόλεως

404 4453 714 4517 βαρύνεται.
885 4453 921 4507 l.
959 4457 1024 4505 23
1060 4456 1199 4505 Lob.
1235 4455 1319 4506 ΕΙ.
1354 4455 1382 4504 1
1418 4456 1518 4506 398
1556 4459 1670 4504 not.
1710 4457 1770 4505 17
1818 4455 1876 4503 in
1915 4468 2123 4503 canone
2170 4452 2232 4503 ἔν
2268 4466 2330 4504 τε
2379 4451 2584 4516 κυρίοις
2629 4456 2982 4506 inserendum

403 4525 717 4587 suspicatus
752 4528 860 4583 est,
902 4521 1002 4571 sed
1036 4538 1212 4572 canon
1251 4517 1308 4572 sb
1345 4527 1495 4572 recte
1532 4521 1727 4582 habet,
1765 4521 1813 4570 si
1852 4526 1976 4584 post
2023 4517 2086 4570 ὲν
2131 4524 2555 4585 προςηγορικοῖς
2599 4525 2979 4589 intel-pungas,

402 4590 541 4638 Nam
595 4590 657 4641 id
697 4590 842 4639 vult:
898 4588 1241 4654 appellativa
1294 4589 1615 4654 (appropria
1653 4589 1832 4637 omnia
1876 4588 2298 4652 praegravanda
2345 4603 2494 4650 esse,
2549 4606 2579 4639 e
2624 4591 2912 4640 vocabulis
2947 4593 2980 4644 ὃ

406 4655 704 4719 praefinitis
740 4655 1087 4721 appellativa
1122 4662 1337 4706 tautum
1383 4654 1650 4706 acuenda.
1721 4655 2021 4718 Propterea
2066 4653 2269 4719 Μόκλη
2304 4653 2538 4721 Πρόκλη
2585 4673 2650 4707 ex
2696 4658 2775 4709 St.
2807 4661 2874 4709 B.
2921 4660 2981 4710 in

406 4723 508 4772 fine
545 4725 701 4788 posui
739 4732 795 4773 et
832 4729 957 4787 post
994 4722 1145 4787 όπλή
1183 4723 1372 4773 addidi
1409 4719 1785 4787 προςηγορικά
1823 4720 1921 4771 είςι
1959 4720 2063 4772 καί.
2089 4751 2152 4758 —-
2180 4721 2407 4786 Ζάγκλη
2447 4724 2664 4788 explevi
2700 4742 2766 4775 ex
2792 4726 2873 4779 St.
2901 4727 2979 4793 B„
