3664 5546
707 429 928 481 XCVIII
1605 483 1608 484 ⁷
1785 427 2204 477 PRAEFATIO.

708 582 1138 676 Choerobosci
1192 581 1686 662 adnotamenta,
1756 602 1925 666 quae
1992 603 2075 645 ex
2132 580 2504 646 Herodiano
2570 579 2841 646 fluxisse
2910 591 2976 645 et
3040 604 3155 668 per
3207 604 3277 646 se

705 684 1041 771 probabile
1086 692 1187 749 est
1230 693 1297 748 et
1341 681 1533 746 certis
1579 682 1983 747 documentis
2025 683 2095 746 in
2122 682 2248 747 hac
2278 684 2550 748 materia
2579 683 3007 748 demonstrari
3040 692 3273 766 potest:

704 808 915 851 canon
969 785 1048 848 de
1091 789 1206 866 ῦῑ,
1255 784 1365 870 qui
1412 805 1452 847 a
1496 783 1915 868 Theognosto
1972 782 2123 849 huic
2166 784 2619 850 Herodianeae
2664 785 3002 871 scriptioni
3046 784 3275 850 tribui-

702 897 836 967 tur,
883 910 924 951 a
952 886 1405 953 Choerobosco
1451 886 1777 970 profertur
1807 896 2073 951 auctore
2103 897 2167 951 et
2210 884 2375 951 libro
2406 887 2773 974 suppressis
2820 887 2996 952 Dict.
3025 887 3169 965 386,
3201 888 3277 970 ὃς

700 1012 762 1075 p.
794 990 959 1069 541,
1011 990 1088 1052 14
1134 987 1504 1053 observatio
1551 986 1633 1051 de
1693 987 2000 1074 perfectis
2044 991 2314 1070 τέταμκα
2370 989 2648 1069 νέναμκα
2707 988 3029 1053 similibus
3074 987 3277 1052 Hero-

703 1091 883 1155 diani
926 1089 1188 1155 nomine
1233 1089 1544 1154 destituta
1586 1089 1864 1154 recurrit
1907 1111 1969 1174 p.
2002 1090 2157 1172 504,
2204 1090 2321 1155 ubi
2358 1089 2438 1154 de
2470 1091 2912 1176 compositura
2940 1089 3274 1153 literarum

700 1200 780 1273 fif
847 1203 913 1257 et
975 1182 1055 1273 μθ
1111 1189 1489 1256 Herodiano
1547 1200 1809 1258 auctore
1878 1190 2141 1255 laudato
2202 1191 2607 1277 disputatur3
2668 1200 2826 1255 nota
2883 1191 2963 1256 de
3019 1191 3279 1256 defectu

701 1293 1090 1360 nominativi
1136 1293 1391 1372 Μόψοψ
1437 1314 1500 1377 p.
1544 1291 1703 1373 486,
1748 1293 1828 1356 21
1889 1291 2191 1376 congruit
2242 1315 2390 1357 cum
2450 1290 2669 1379 Steph.
2715 1293 2790 1359 Β.
2839 1315 2891 1356 s.
2941 1295 3277 1372 Μοψοπία.

700 1397 851 1460 Huc
905 1393 1219 1460 accedunt
1270 1394 1639 1479 fragmenta
1694 1395 1764 1457 in
1819 1392 2276 1480 Etymologico
2319 1394 2559 1479 Magno
2616 1402 2683 1458 et
2735 1393 3092 1458 Anecdotis
3148 1393 3277 1457 dis·

701 1517 917 1584 persa.
986 1534 1053 1544 -
1124 1496 1309 1576 Quae
1363 1492 1724 1559 Herodiani
1791 1516 2026 1560 nomen
2081 1517 2211 1559 non
2270 1507 2533 1580 gerunt,
2592 1494 2715 1559 hoc
2782 1495 2968 1580 signo
3026 1521 3055 1558 ιιι
3109 1494 3278 1558 indi-

701 1598 870 1664 cavi.
957 1598 1065 1662 Ad
1110 1597 1356 1662 calcem
1409 1596 1923 1681 fragmentorum
1976 1599 2310 1683 composui
2364 1620 2446 1662 ex
2498 1594 2763 1683 reliquis
2823 1598 2961 1661 eius
3019 1596 3278 1683 scriptis

701 1701 1223 1781 observationes»,
1269 1720 1436 1784 quae
1479 1698 1808 1784 pertinent
1859 1697 1945 1763 ad
2000 1721 2111 1762 eas
2156 1696 2480 1763 vocalium
2535 1707 2600 1763 et
2655 1720 3079 1764 consonarum
3125 1720 3277 1762 con-

701 1804 1047 1883 nexiones,
1121 1822 1286 1887 quae
1364 1800 1575 1864 minus
1652 1821 1885 1864 suaves
1962 1798 2191 1863 auditu
2267 1809 2331 1863 et
2405 1801 2765 1886 asperiores
2846 1802 3279 1885 pronunciata

700 1905 1100 1970 viderentur.
1159 1902 1331 1966 Nam
1376 1902 1573 1965 etiam
1615 1900 1734 1966 has
1780 1902 2080 1986 attigisse
2124 1900 2573 1965 Herodianum
2616 1903 2683 1966 in
2727 1902 2849 1967 hoc
2892 1901 3058 1966 libro
3104 1900 3278 1965 arbi-

701 2016 869 2090 tror,
914 2028 1045 2070 non
1090 2004 1297 2070 solum
1344 2026 1487 2085 eaS‚
1533 2025 1701 2088 quae
1744 2001 2007 2068 illicitae
2040 2012 2258 2067 essent
2300 2012 2366 2067 et
2394 2001 2649 2087 legibus
2693 2001 3008 2068 sermonis
3040 2002 3280 2066 Graeci

700 2108 1087 2195 prohibitae.

869 2206 1221 2274 Tortellius
1278 2207 1346 2270 in
1399 2205 1805 2293 praefatione
1862 2205 1948 2269 ad
2005 2204 2340 2271 Nicolaum
2385 2205 2445 2268 V
2502 2227 2739 2292 papam
2794 2208 3041 2292 scripta
3086 2206 3274 2290 (Tor-

703 2310 916 2375 tellius
987 2310 1331 2374 Arretinus
1397 2308 2025 2373 Commentariorum
2100 2307 2181 2372 de
2254 2305 2739 2392 Orthographia
2810 2307 3179 2373 dictionum·
3239 2332 3279 2372 e

702 2413 973 2478 Graecis
1034 2412 1488 2495 tractatarum)
1549 2409 1735 2473 dicit:
1796 2410 2056 2496 repperi
2111 2408 2473 2474 Herodiani
2532 2409 2903 2492 fragmenta
2953 2409 3277 2497 quaedam

700 2513 780 2578 de
824 2511 1286 2598 orthographia
1329 2522 1394 2576 et
1438 2511 1728 2576 eiusdem
1773 2510 1975 2575 libros
2019 2511 2308 2595 integros
2338 2520 2646 2596 quattuor
2690 2510 2771 2575 de
2814 2519 3277 2584 constructione,

696 2625 771 2680 ut
834 2614 1033 2678 refert
1099 2613 1400 2698 Qsannus
1466 2613 1536 2676 in
1601 2613 2010 2700 praefatione
2077 2612 2163 2677 ad
2222 2611 2573 2698 Apuleium
2640 2612 2721 2676 de
2786 2612 3280 2699 orthographia

695 2740 759 2804 p.
797 2716 1032 2799 XVII,
1081 2716 1192 2804 qui
1234 2715 1334 2780 his
1379 2715 1564 2781 libris
1611 2715 1984 2801 significare
2016 2713 2399 2779 Tortellium
2440 2716 2726 2784 εύνταξιν
2770 2721 2900 2783 τῶν
2945 2717 3277 2797 ετοιχείων

697 2820 1035 2905 opinatur3
1084 2818 1198 2882 sed
1245 2819 1302 2881 si
1348 2817 1699 2882 Tortellius
1757 2817 1928 2880 hunc
1983 2816 2221 2881 librum
2276 2817 2473 2897 vidit,
2531 2838 2660 2880 non
2714 2818 2930 2903 potuit
2984 2820 3276 2885 (ύνταξιν

696 2943 814 3008 per
855 2919 1399 2985 constructionem
1441 2918 1894 3004 interpretari,
1941 2918 2227 2982 fortasse
2259 2917 2475 2983 dicere
2504 2916 2713 2985 voluit
2757 2909 3141 3006 „Apollonii
3189 2918 3277 2984 de

695 3022 1178 3088 constructione
1234 3020 1436 3085 libros
1489 3025 1877 3105 quattuor“,
1933 3032 2272 3105 praeterea
2322 3020 2440 3084 vix
2506 3019 2782 3105 cogitari
2834 3029 3049 3106 potest
3101 3021 3277 3086 hanc

697 3124 1037 3189 materiam
1082 3133 1370 3202 quattuor
1413 3121 1727 3186 librorum
1773 3120 2093 3186 ambitum
2137 3120 2509 3209 amplexam
2555 3144 2719 3186 esse.

1485 3290 1574 3354 X.
1662 3292 1853 3399 Περὶ
1909 3264 2470 3373 ὀρθοιγραφίαε.

867 3429 1006 3492 Iam
1064 3426 1486 3493 Aristarchus
1550 3425 1636 3489 ad
1699 3436 1945 3489 rectam
1998 3426 2467 3491 vocabulorum
2533 3427 2920 3513 scripturam
2988 3429 3275 3495 attendit

700 3531 805 3595 Et.
854 3528 1029 3594 Grud.
1074 3531 1188 3608 30,
1233 3529 1316 3592 48
1371 3530 1445 3594 τὸ
1501 3529 1594 3593 θίε
1651 3529 1754 3592 καὶ
1808 3528 1903 3607 (iic
1958 3528 1996 3592 ὁ
2042 3529 2441 3608 Ἀρίεταρχοε
2498 3532 2601 3594 διὰ
2659 3535 2769 3609 τῆς
2813 3551 2867 3595 ει
2910 3533 3272 3611 διφθόγγου

696 3634 863 3697 ἀξιοῖ
904 3632 1252 3711 γράφεεθαι
1297 3630 1820 3707 καὶγάκολουθῶν
1854 3638 1929 3713 τῇ
1975 3631 2358 3715 ἐτυμολογίᾳ
2403 3632 2624 3707 ἔλεγεν
2671 3633 2766 3697 ὅτι
2811 3634 2888 3696 τὸ
2921 3633 3047 3697 θείς
3092 3635 3273 3712 παρὰ

697 3736 771 3799 τὸ
817 3734 1123 3798 θείνεεθαι
1167 3733 1316 3799 ἐετί·
1372 3734 1474 3796 καὶ
1516 3734 1638 3811 γὰρ
1684 3732 1753 3796 ἐν
1799 3732 2066 3818 αἰγιαλῷ
2113 3734 2431 3798 θείνονται
2475 3735 2576 3797 καὶ
2629 3733 2974 3799 τύπτονται
3025 3734 3103 3798 τὰ
3160 3735 3271 3799 κύ-

698 3856 875 3914 ματα.
963 3837 1037 3901 τὸ
1082 3837 1152 3901 δὲ
1199 3835 1325 3915 heic
1367 3835 1540 3913 παρὰ
1584 3837 1657 3899 τὸ
1705 3834 1841 3914 ῥεῖν
1886 3835 2143 3910 γέγονε·
2198 3837 2303 3899 καὶ
2354 3836 2476 3913 γὰρ
2532 3835 2601 3899 ἐκ
2653 3839 2765 3912 τῆς
2823 3833 2999 3914 ῥινὸς
3054 3836 3268 3914 ῥέουει

697 3940 798 4002 καὶ
840 3938 1252 4016 κατέρχονται
1295 3938 1390 4002 τὰ·
1417 3938 1858 4015 περιττώματα
1899 3940 2011 4015 τῆς
2064 3940 2363 4015 κεφαλῆς.
2451 3935 2832 4001 ἀκολουθῶν
2891 3935 3011 4001 οὖν
3062 3937 3265 4021 ταύτῃ

696 4047 770 4123 τῇ
815 4040 1194 4123 ἑτυμολογίᾳ
1240 4039 1486 4118 εἴρηκεν
1532 4038 1689 4102 αὐτὸ
1736 4039 1839 4102 διὰ
1883 4041 1993 4115 τῆς
2037 4043 2091 4103 {i
2136 4039 2517 4118 διφθόγγου·
2572 4039 2610 4116 ἡ
2659 4042 2730 4102 δὲ
2773 4039 3120 4117 παράδοειε
3162 4026 3267 4103 ‘0³-

696 4147 806 4206 δεν
851 4143 1009 4206 αὐτὸ
1056 4143 1159 4205 διὰ
1202 4146 1317 4205 τοῦ
1361 4143 1382 4204 ἰ
1424 4139 1806 4222 γράφεεθαι,
1853 4138 2028 4224 quod
2073 4141 2513 4225 fragmentum
2543 4140 2682 4203 sine
2714 4138 2913 4205 dubio
2945 4139 3028 4204 ab
3058 4138 3269 4206 Hero-

698 4242 892 4306 diano
938 4241 1124 4306 nobis
1171 4251 1502 4305 servatum
1547 4251 1668 4305 est.
1730 4242 2077 4305 Praeterea
2119 4265 2205 4305 ex
2233 4242 2600 4325 fragmento
2646 4241 2713 4304 in
2742 4240 2821 4305 E.
2854 4240 2947 4304 M.
2979 4242 3126 4322 539,
3156 4241 3266 4324 20,

696 4345 776 4408 de
820 4365 945 4428 quo
991 4340 1298 4406 Lehrsius
1344 4341 1424 4407 de
1468 4341 1832 4406 Aristarch.
1880 4364 1945 4427 p.
1974 4342 2102 4406 285
2144 4343 2246 4406 ed.
2275 4343 2344 4407 II
2388 4341 2783 4428 disputavit,
2831 4343 3266 4429 comperimus

696 4467 839 4508 eum
918 4443 1250 4530 proprium
1319 4445 1504 4523 Κρῖοε
1570 4465 1685 4530 per
1761 4447 1783 4509 i
1855 4443 2193 4530 scripsisse
2266 4442 2413 4507 aliis
2486 4447 2705 4523 Κρεῖοε
2777 4445 3261 4510 exhibentibus„

697 4544 1164 4610 Huiuscemodi
1207 4544 1692 4609 observationes
1737 4546 1805 4609 in
1848 4544 2366 4632 hypomnematis
2410 4545 2628 4630 plures
2682 4545 3013 4631 dispersas
3057 4546 3265 4610 fuisse

695 4648 874 4712 credi
927 4656 1162 4733 potest.
1260 4644 1570 4710 Similiter
1622 4646 1949 4733 Didymus
2014 4670 2131 4733 per
2186 4647 2370 4711 varia
2435 4671 2554 4712 sua
2618 4649 2860 4733 scripta
2924 4647 3261 4731 orthogra-

697 4750 916 4833 phicas
963 4771 1064 4812 res
1110 4750 1594 4835 opportunitate
1640 4748 1791 4811 data
1835 4752 2176 4829 tractavit,
2222 4772 2371 4813 nam
2417 4773 2564 4813 eum
2610 4749 2851 4813 librum
2894 4753 3041 4831 περὶ
3069 4751 3259 4829 ὀρθο·

695 4852 967 4932 γραφίαε
1030 4850 1348 4931 edidisse,
1417 4849 1590 4935 quod
1657 4850 2054 4915 Schmidtius
2122 4854 2188 4914 in
2255 4852 2525 4937 Didymi
2589 4852 2969 4934 fragmentis
3027 4876 3087 4937 p.
3132 4852 3259 4916 336
