3664 5546
719 400 1088 448 cxxxxvffl
1814 397 2231 446 PRAEFATIO.

717 577 833 640 pro
878 563 1042 620 teste
1086 553 1332 618 formae
1377 575 1498 641 per
1549 540 1586 619 5
1631 551 1990 617 declinatae
2044 553 2303 617 citatur.
2377 549 2513 616 Sub
2559 553 2768 629 Τίγγις
2814 552 3019 618 verba
3058 551 3287 618 incerti

716 656 1048 741 scriptoris
1096 654 1549 740 proferuntur,
1597 665 1670 720 ut
1711 654 2004 736 videtur,
2050 664 2314 740 propter
2358 651 2753 718 declinatum
2787 656 3083 733 Τίγγεως.
3150 656 3286 719 Sub

720 760 968 836 Κρεῦςις
1013 757 1231 822 statim
1277 768 1426 843 post
1470 756 1831 823 Herodiani
1877 756 2248 822 citationem
2294 754 2562 820 additur
2615 758 2654 837 ἡ
2709 759 2922 837 γενικὴ
2972 758 3283 837 Κρεύςιος,

714 882 906 945 quam
964 858 1377 925 exscribendi
1431 859 1966 925 consuetudinem
2022 858 2150 922 iarn
2205 858 2562 942 attigimus.
2651 856 2788 923 Sub
2843 860 3023 939 Πρᾶς
3081 861 3286 941 ὄνομα

712 962 966 1028 πόλεως
1002 963 1403 1043 Περραιβική.
1492 967 1864 1042 περιςπᾶται
1921 964 2023 1027 καὶ
2077 955 2665 1043 περιττοςυλλάβως
2719 963 2992 1027 κλίνεται
3047 985 3127 1026 ex
3185 985 3286 1026 ac-

711 1074 936 1128 centus
982 1064 1311 1129 notatione
1356 1062 1752 1148 intellegitur
1796 1064 1992 1128 etiam
2038 1063 2486 1129 declinationis
2532 1064 2920 1128 mentionem
2965 1086 3048 1128 ex
3080 1064 3283 1128 Hero-

711 1166 904 1230 diano
959 1166 1226 1251 petitam
1293 1189 1465 1249 esse,
1536 1175 1602 1230 et
1657 1188 1739 1230 ex
1797 1166 2185 1233 Onomatico
2254 1164 2545 1252 quidem,
2614 1186 2762 1228 nam
2829 1166 2898 1230 in
2953 1165 3287 1231 Catholica

709 1269 1063 1332 secundum
1130 1267 1363 1333 Choer.
1434 1268 1543 1349 16,
1618 1268 1695 1333 15
1757 1271 1939 1349 Πράς
2004 1280 2325 1355 oxytonos
2391 1267 2672 1352 scripsit.
2781 1269 2998 1354 Atque
3062 1289 3284 1332 omnes

709 1370 899 1434 huius
943 1371 1198 1455 generis
1242 1369 1694 1435 adnotationes
1739 1381 1853 1435 aut
1896 1393 1981 1435 ex
2026 1368 2347 1437 Choerob.
2392 1368 2642 1434 Dictat.
2656 1419 2675 1453 ,
2732 1369 2802 1432 in
2856 1369 3090 1457 quibus
3144 1392 3285 1433 eae-

710 1473 854 1536 dem
900 1472 1342 1559 reperiuntur,
1399 1494 1453 1536 e.
1499 1495 1562 1557 g.
1612 1474 1820 1552 Γέργις
1880 1475 2201 1558 Γέργιθος,
2259 1473 2619 1552 Ἐρετριέως
2674 1473 2777 1537 καὶ
2820 1473 3141 1553 Ἐρετριῶς
3196 1475 3287 1539 ὡς

710 1575 1029 1658 (τειριῶς,
1078 1575 1359 1657 Μέμφις·
1426 1577 1697 1640 κλίνεται
1753 1576 1853 1641 καὶ
1900 1577 2236 1659 Μέμφιδος
2281 1577 2383 1641 καὶ
2429 1575 2725 1655 Μέμφιος
2781 1582 2895 1639 aut
2945 1597 3029 1639 ex
3073 1574 3287 1637 forma

708 1677 887 1741 velut
932 1677 1134 1757 Κύρης
1182 1678 1463 1757 Κύρὴτος
1506 1677 1692 1744 πόλις
1744 1678 1834 1744 ὡς
1879 1679 2137 1759 Φάγρης
2183 1679 2438 1755 Μένδης
2482 1677 2819 1756 Ἀδρύμης;
2878 1677 3059 1756 Μύης
3105 1677 3286 1756 Μύη-

706 1802 817 1846 τος
863 1781 955 1845 ὡς
1001 1779 1258 1859 Φάγρης
1302 1780 1666 1864 Φάγρητος,
1711 1782 1898 1846 πόλις
1944 1782 2197 1860 Ἰωνική.
2263 1780 2585 1844 Ἑκαταῖος
2616 1778 2779 1863 Ἀςίᾳ
2809 1815 2893 1827 -
2924 1778 3287 1842 Herodiani

706 1903 849 1945 esse
894 1882 1309 1965 cognoscitur
1352 1892 1465 1946 aut
1520 1902 1604 1945 ex
1659 1883 2047 1968 scriptorum
2103 1880 2302 1965 largis
2361 1880 2748 1945 testimoniis
2793 1902 2849 1944 e.
2895 1902 2957 1964 g.
3004 1881 3284 1960 Πάρνης.

706 1982 879 2047 Hinc
938 2004 1067 2046 non
1122 1981 1384 2064 dubito,
1453 1984 1606 2068 quin
1663 1983 1928 2048 doctum
1982 1983 2064 2048 de
2120 1981 2553 2048 declinatione
2624 1984 2837 2067 gentis
2897 1983 3286 2064 Ἀβοριγῖνες

702 2083 1263 2167 adnotamentum,
1321 2106 1710 2172 quamquam
1767 2085 2125 2172 Dionysius
2172 2083 2808 2166 HalicarnassensiS,
2865 2085 2977 2171 qui
3029 2084 3112 2149 ab
3168 2106 3283 2172 ²³:¹¹·

703 2187 1088 2273 tiquioribus
1142 2186 1579 2271 grammaticis
1645 2187 1830 2252 citari
1891 2209 2022 2250 non
2089 2186 2282 2270 solet,
2350 2185 2688 2270 laudatur,
2755 2208 2840 2249 ex
2904 2185 3283 2251 Herodiano

701 2289 975 2375 petitum
1019 2291 1137 2372 sit3
1184 2311 1334 2352 nam
1378 2311 1418 2353 a
1449 2288 1778 2376 Stephano
1824 2287 1975 2353 talis
2021 2300 2278 2376 tamque
2324 2289 2582 2355 subtilis
2629 2287 2710 2352 de
2754 2311 2823 2352 re
2852 2289 3286 2373 grammatica

699 2392 1070 2456 observatio
1126 2413 1392 2478 prorsus
1449 2390 1660 2456 aliena
1715 2401 1831 2456 est.
1919 2390 2145 2478 Neque
2203 2392 2461 2455 omnino
2517 2393 2657 2457 veri
2712 2390 3010 2456 absimile
3063 2390 3283 2455 iudico

701 2493 1179 2575 Herodianum,
1236 2494 1346 2580 qui
1403 2516 1473 2558 se
1519 2516 1739 2559 omnes
1784 2493 2127 2559 historicos
2172 2503 2237 2558 et
2277 2493 2695 2580 geographos
2752 2492 2988 2578 legisse
3037 2492 3280 2577 gloria-

696 2605 832 2676 tur,
879 2595 1263 2683 praesertim
1309 2619 1504 2683 quum
1549 2597 1831 2681 Romae,
1885 2595 2001 2662 ubi
2056 2596 2117 2659 ei
2163 2594 2379 2660 aditus
2435 2596 2699 2682 patebat
2752 2595 2838 2660 ad
2887 2593 3087 2660 libros
3130 2593 3283 2660 aliis

696 2699 1098 2782 inaccessos,
1146 2697 1516 2764 domicilum
1559 2699 1863 2783 haberet,
1910 2699 2107 2763 etiam
2149 2697 2541 2785 Dionysium
2585 2698 2652 2762 in
2697 2719 2887 2761 usum
2931 2719 3119 2762 suum
3162 2697 3281 2761 ad-

698 2801 1019 2885 hibuisse,
1079 2824 1268 2888 quem
1312 2803 1394 2867 ad
1441 2801 1671 2867 Italica
1715 2803 2126 2889 potissimum
2171 2800 2435 2866 nomina
2478 2800 2903 2887 proponenda
2962 2810 3027 2863 et
3070 2799 3280 2886 expli-

693 2904 908 2968 canda
954 2904 1270 2991 optimum
1314 2905 1676 2970 subsidium
1724 2926 1869 2969 esse
1913 2904 2081 2968 scire
2120 2904 2354 2989 potuit.
2424 2901 2556 2966 Par
2592 2902 2788 2967 etiam
2832 2903 2911 2967 de
2953 2902 3280 2967 Strabone

692 3007 776 3071 ab
821 3005 1199 3091 Herodiano
1244 3005 1410 3072 lecto
1453 3006 1768 3072 iudicium
1811 3004 2184 3070 faciendum
2238 3027 2381 3069 esse
2436 3005 2608 3069 infra
2651 3005 3040 3070 videbimus.
3129 3004 3276 3070 Ste-

693 3108 945 3193 phanus
993 3119 1260 3174 exactus
1307 3119 1406 3174 est
1449 3109 1519 3173 in
1561 3103 1897 3174 codicibus
1944 3117 2009 3172 et
2052 3107 2409 3173 Herodiani
2462 3110 2547 3191 (e.
2594 3129 2658 3191 g.
2706 3108 3028 3187 Μυργέται
3070 3143 3157 3154 -
3202 3108 3279 3174 ἔν

692 3232 808 3276 τιςι
853 3213 925 3276 δὲ
969 3216 1085 3277 τοῦ
1129 3212 1527 3291 Ἡρωδιανοῡ
1572 3212 1886 3292 γράφεται
1931 3211 2037 3276 διὰ
2077 3215 2195 3275 τοῦ
2239 3214 2279 3286 γ
2325 3212 2681 3293 Γυργετῶν,
2727 3208 2964 3293 κακῶς)
3009 3219 3073 3274 et
3115 3209 3277 3272 alio-

694 3334 835 3375 rum
878 3311 1267 3399 scriptorum
1327 3312 1731 3379 excutiendis
1787 3312 1902 3401 (cf.
1948 3311 2154 3376 Lehrs
2201 3312 2282 3377 de
2327 3312 2530 3387 Arist.
2577 3312 2703 3378 324
2747 3313 2847 3377 ed.
2894 3310 2994 3395 ΙΙ)
3049 3333 3277 3398 quam-

693 3435 883 3498 quam
951 3415 1202 3481 vitiosis
1260 3416 1553 3480 codicum
1581 3414 1951 3501 »scripturis
1998 3412 2174 3478 haud
2218 3435 2363 3479 raro
2421 3414 2731 3502 deceptus
2789 3424 2920 3498 est,
2976 3424 3050 3478 ut
3104 3437 3161 3480 e.
3207 3438 3275 3499 g.

691 3517 1063 3599 Δανούβιον
1141 3539 1258 3605 pro
1326 3518 1685 3598 Λανούβιον
1759 3515 1982 3601 legens
2061 3515 2183 3581 hoc
2264 3512 2655 3581 vocabulum
2729 3517 2798 3581 in
2874 3516 3130 3580 literam
3207 3519 3276 3582 Δ

693 3616 914 3683 retulit
969 3632 1035 3686 et
1091 3620 1296 3686 verba
1353 3618 1702 3684 Homerica
1758 3622 1837 3704 (Β
1881 3618 2033 3703 849)
2090 3618 2359 3699 τηλόθεν
2415 3619 2480 3687 ἐξ
2535 3620 2899 3700 Ἀμυδῶνος
2964 3640 3279 3705 perverse

691 3719 935 3806 scripta
963 3724 1231 3803 τηλόθεν
1287 3724 1351 3790 ἐξ
1396 3723 1756 3803 Ἀβυδῶνος
1801 3721 1924 3786 sub
1970 3722 2255 3802 Ἀβυδών
2299 3720 2547 3807 posuit3
2593 3720 2663 3785 in
2705 3720 3096 3807 quibusdam
3141 3721 3275 3785 iam

691 3820 1105 3888 Herodianus
1152 3824 1392 3889 vitioso
1437 3823 1657 3889 codice
1702 3846 1860 3888 usus
1916 3845 2057 3887 esse
2104 3821 2396 3905 videtur,
2453 3822 2630 3887 unde
2674 3823 3074 3910 ‘scripturam
3131 3845 3272 3888 cor-

691 3933 947 4010 ruptam
990 3927 1236 4012 recepit
1282 3924 1616 4011 Stephan.,
1659 3947 1829 3991 nam.
1857 3921 2032 4012 quod
2077 3934 2142 3989 et
2186 3923 2363 4011 apud
2404 3924 2644 3991 Arcad.
2689 3925 2802 4007 83,
2849 3926 2888 3990 6
2932 3927 3275 4005 Λωμεντός

692 4048 806 4111 pro
856 4027 1195 4111 Νωμεντός
1239 4028 1556 4112 reperitur
1612 4038 1677 4093 et
1730 4028 1904 4113 apud
1962 4024 2391 4114 Stephanum,
2448 4026 2515 4093 id
2576 4027 2900 4115 significat
2944 4027 3271 4093 Herodia-

690 4151 843 4194 num
887 4130 1198 4215 scriptum
1242 4127 1478 4214 legisse
1521 4130 1857 4211 Λωμεντός
1901 4138 1965 4193 et
2005 4130 2220 4215 ipsum
2265 4130 2602 4216 scripsisse
2648 4128 2762 4216 (cf.
2806 4129 3004 4195 Mein.
3050 4129 3133 4195 ad
3169 4130 3269 4195 St.

691 4230 763 4295 B.
821 4229 1208 4316 Λωμεντός).
1294 4230 1484 4296 Licet
1536 4232 1740 4317 igitur
1792 4231 2161 4317 Stephanus
2215 4231 2578 4320 Byzantius
2644 4232 2944 4299 codicum
3007 4253 3270 4319 compa—

687 4331 1039 4398 randorum
1095 4354 1224 4397 non
1274 4331 1622 4418 indiligens
1677 4335 1880 4398 fuerit
1935 4344 2000 4399 et
2051 4356 2263 4423 pauca
2317 4334 2635 4421 quaedam
2690 4334 2953 4399 nomina
2995 4354 3267 4419 geogra-

687 4432 879 4520 phica
923 4444 987 4499 et
1029 4436 1461 4520 posteriorum
1491 4436 1882 4522 scriptorum
1927 4436 2299 4502 testimonia
2328 4436 2688 4519 addiderit,
2734 4436 3267 4503 adnotamentum

693 4534 965 4602 alicuius
1010 4537 1320 4602 momenti
1364 4540 1860 4623 grammaticum
1903 4540 2208 4625 apposuit
2242 4537 2512 4604 nullum.

856 4638 934 4702 In
1000 4638 1518 4726 orthographicis
1597 4640 1791 4705 rebus
1863 4639 2025 4708 alios
2093 4642 2293 4707 etiam
2357 4641 2814 4728 grammaticos
2885 4640 3264 4707 Herodiano

686 4740 1084 4826 posteriores
1129 4741 1383 4826 laudat,
1431 4744 1669 4824 Orum,
1716 4742 1797 4808 de
1843 4765 1970 4829 quo
2015 4743 2100 4809 cf.
2136 4743 2562 4810 Ritschelium
2607 4744 2690 4809 dc
2721 4744 2856 4809 Oro
2902 4752 2968 4808 et
2996 4742 3262 4822 Orione,

693 4838 1208 4927 Eudaemonem,
1265 4843 1657 4925 Arcadium,
1703 4855 1768 4909 et
1813 4854 1886 4909 ut
1932 4868 2155 4912 eorum
2201 4848 2563 4913 sententiae
2611 4846 3003 4923 Herodiani,
3066 4865 3263 4930 quem
