3664 5546
629 304 854 352 XXXIV
1705 306 2124 354 PRAEFATIO.

626 458 760 523 bile
815 460 902 523 sit
946 458 1396 525 Herodianum
1446 460 1656 549 ipsum
1714 461 1993 525 eundem
2051 460 2288 525 librum
2342 458 2536 526 modo
2595 461 2665 527 ἐν
2723 466 2798 544 τῇ
2850 459 3037 524 κλίεει
3084 463 3216 524 τῶν

627 562 966 644 ὀνομάτων
1013 563 1091 627 ΙΙ.
1139 562 1246 625 Pr.
1296 565 1311 627 Ι
1358 562 1485 626 529
1529 562 1719 627 modo
1766 565 1837 630 ἐν
1881 569 2019 630 τοῖς
2062 565 2206 642 περὶ
2251 562 2590 642 ὀνομάτων
2636 563 2678 626 Ε
2713 560 2839 624 266
2885 560 3215 626 citavisse.

625 664 845 748 Atque
888 663 1158 729 fulcitur
1204 663 1541 729 distinctio
1595 665 1935 752 utriusque
1991 663 2146 730 libri
2202 664 2395 729 etiam
2453 686 2529 727 eo
2587 662 2762 748 quod
2819 661 3001 727 verbi
3060 684 3215 748 quo-

625 786 750 848 que
805 764 1170 830 doctrinam
1225 765 1522 851 pluribus
1580 767 1843 852 scriptis
1909 767 2242 832 tractavit.
2330 764 2479 829 Non
2534 764 2728 829 aliter
2792 764 3216 829 iudicandum

627 877 726 931 est
771 866 854 931 de
897 867 1119 946 libris,
1165 889 1327 952 quos
1363 867 1650 933 Hillerus
1695 889 1815 955 pro
1846 869 2145 955 partibus
2178 867 2533 932 Prosodiae
2575 866 2955 931 Catholicae
2993 864 3214 943 habet,

627 967 707 1032 de
754 970 999 1054 scripto
1046 972 1192 1049 περὶ
1237 970 1587 1055 διχρόνων,
1632 973 1778 1051 περὶ
1822 971 2238 1053 πνευμάτων,
2295 972 2440 1049 περὶ
2483 971 3015 1052 μονοευλλάβων,
3060 988 3212 1031 nam

623 1091 1015 1155 quamquam
1061 1070 1142 1133 dc
1187 1069 1288 1133 his
1335 1071 1531 1135 rebus
1579 1073 1778 1135 etiam
1822 1072 1890 1134 in
1939 1070 2277 1135 Catholica
2322 1069 2738 1136 Herodianus
2785 1069 2948 1153 egit,
2995 1077 3215 1132 tamen

627 1194 706 1233 ne
762 1170 1119 1235 similitudo
1177 1172 1439 1258 quidem
1493 1173 2007 1259 fragmentorum
2064 1170 2444 1258 specialium
2497 1171 2811 1237 librorum
2869 1192 3016 1234 cum
3069 1191 3213 1256 par-

626 1272 801 1336 tibus
874 1270 1245 1336 Catholicae
1313 1275 1492 1359 cogit
1554 1297 1663 1339 eos
1730 1295 1877 1337 cum
1944 1274 2045 1338 his
2111 1274 2550 1338 commiscere.
2660 1273 2828 1336 Nam
2895 1272 3212 1337 Lehrsius

629 1372 871 1437 Herod.
905 1396 966 1458 p.
1003 1373 1137 1437 VII
1181 1377 1434 1440 monuit
1474 1374 1711 1440 multos
1759 1374 1937 1439 locos
1969 1374 2322 1441 Prosodiae
2352 1373 2755 1454 Catholicae,
2812 1373 2938 1436 nisi
2983 1371 3213 1437 titulus

625 1472 889 1538 additus
936 1486 1137 1556 esset,
1204 1499 1321 1561 pro
1367 1475 1848 1541 adnotamentis
1897 1476 2284 1542 Homericae
2329 1475 2685 1540 Prosodiae
2729 1474 2956 1539 haberi
2989 1497 3214 1563 posse.

793 1575 900 1640 Ex
930 1576 1251 1641 Prisciani
1295 1578 1517 1642 verbis
1564 1579 1597 1642 I
1633 1582 1687 1659 1,
1732 1578 1772 1642 8
1815 1579 2031 1664 „quid
2063 1578 2235 1642 enim
2275 1583 2620 1641 Ilerodiani
2670 1582 2901 1640 artibus
2951 1576 3209 1656 certius,

617 1679 780 1764 quid
827 1677 1159 1764 Apollonii
1203 1678 1605 1764 scrupulosis
1635 1679 2129 1766 quaestionibus
2174 1676 2574 1743 enucleatius
2628 1679 2837 1764 possit
2885 1678 3213 1742 inveniri“

624 1780 966 1844 Fabricius
1011 1777 1324 1844 Biblioth.
1356 1780 1588 1845 Graec.
1626 1779 1762 1845 VII
1801 1803 1865 1867 p.
1907 1784 1983 1844 19
2026 1780 2286 1844 titulum
2330 1779 2485 1843 libri
2537 1780 2751 1858 τέχναι
2799 1779 3211 1859 γραμματικαί

623 1881 936 1961 finxerat,
982 1881 1079 1943 ita
1122 1890 1199 1945 ut
1239 1892 1501 1967 praeter
1543 1881 1674 1945 alia
1716 1882 1961 1968 scripta
2003 1883 2203 1945 ctiam
2257 1882 2487 1959 τέχνα(
2537 1880 2965 1961 γραμματικά(
3008 1878 3213 1943 Hero-

625 1981 895 2045 dianum
957 1982 1251 2046 emisisse
1314 1984 1629 2047 crederet.
1727 1981 1969 2048 Postea
2034 1983 2461 2062 exstiterunt,
2527 1982 2641 2067 qui
2718 1980 2955 2047 librum
3026 1979 3216 2045 titulo

623 2085 847 2164 τέχνης
891 2083 1273 2168 inscriptum
1330 2108 1459 2149 non
1516 2086 1870 2169 separatim
1926 2108 1966 2148 a
2018 2083 2288 2168 reliquis
2342 2082 2588 2146 editum
2650 2083 2765 2146 sed
2839 2103 3002 2168 opus
3074 2103 3215 2145 esse

625 2186 1133 2266 arbitrarentur,
1193 2184 1369 2271 quod
1426 2208 1650 2249 omnes
1709 2184 2086 2266 Hei-odiani„
2128 2183 2329 2249 libros
2386 2183 2940 2270 complecteretur.
3040 2181 3213 2245 Huic

622 2286 939 2371 opinioni,
989 2286 1346 2350 secundum
1383 2296 1584 2373 'quam
1628 2309 1852 2350 omnes
1906 2286 2154 2351 diversi
2209 2286 2369 2351 libri
2406 2285 2771 2350 Herodiani
2828 2295 2965 2348 tam
3030 2293 3212 2347 arcto

623 2387 884 2451 vinculo
914 2387 1260 2451 cohaerere
1289 2396 1633 2472 putantur,
1682 2396 1757 2451 ut
1797 2389 1991 2451 unius
2035 2386 2369 2473 amplioris
2416 2389 2706 2472 corporis
2739 2387 2873 2450 sint
2902 2385 3215 2463 membra,

621 2488 1183 2572 favet.Uhligius,
1229 2490 1464 2575 cllissex
1507 2489 1649 2555 loco
1696 2488 1910 2553 Schol.
1956 2489 2043 2553 ad
2091 2489 2370 2575 Dionys.
2417 2511 2481 2573 p.
2530 2489 2655 2551 920
2711 2489 2815 2553 διὰ
2860 2488 3000 2553 τίνα
3045 2509 3211 2563 γενι-

621 2593 738 2671 κὴν
783 2591 1020 2674 αἰτίαν,
1066 2594 1465 2673 μαθηεόμεθα
1507 2592 1935 2671 προεέχοντε(
1978 2595 2115 2657 ταῖς
2163 2592 2497 2673 βιωφελέει
2543 2591 2794 2668 τέχναις
2836 2594 2966 2655 τῶν
3013 2590 3205 2669 μεγά-

625 2697 757 2756 λων
804 2696 1268 2776 τεχνογράφων
1299 2695 1697 2772 Ἡρωδιανοῦ
1742 2694 1845 2757 καὶ
1875 2693 2314 2758 Ἀπολλωνίου
2353 2690 2600 2777 aliquid
2641 2690 2868 2755 auxilii
2901 2690 3211 2754 accedere

620 2793 886 2857 videtur
930 2796 997 2857 in
1041 2796 1210 2859 MuS.
1245 2795 1448 2859 Rhcn.
1486 2794 1656 2858 XIX
1704 2818 1766 2880 p.
1798 2795 1900 2858 38.
1977 2795 2112 2859 Sed
2158 2794 2629 2874 Scholiastam,
2674 2815 2865 2879 quem
2910 2790 3209 2874 Uhligius

619 2894 1053 2978 probabiliter
1110 2896 1635 2962 Choeroboscum
1702 2917 1848 2958 esse
1915 2897 2262 2976 coniectat,
2330 2917 2460 2958 non
2531 2898 2615 2964 ob
2680 2894 2876 2957 aliam
2945 2915 3210 2958 causam

620 2993 884 3060 nomine
940 3004 1188 3076 τεχνῶν
1243 3019 1434 3061 usum
1489 3019 1633 3060 esse
1689 2995 1992 3060 existimo
2062 3017 2258 3081 quam
2314 2995 2753 3076 utsbrevibus
2812 3015 3209 3059 summorum

621 3097 1254 3180 technographorum
1311 3117 1511 3181 opera
1567 3096 1998 3179 significaret,
2058 3101 2209 3181 quin
2267 3096 2560 3160 indicare
2617 3095 2902 3162 voluerit
2955 3117 3034 3159 ea
3088 3096 3211 3159 hoc

620 3197 765 3281 ipso
808 3197 1342 3282 comprehensive
1388 3197 1644 3260 nomine
1689 3196 2005 3280 insignita
2049 3197 2276 3261 fuisse.
2365 3197 2681 3262 Prisciani
2742 3206 2959 3261 autem
3004 3196 3209 3260 verba

622 3297 676 3360 si
723 3296 868 3383 quis
913 3299 982 3361 in
1025 3297 1196 3363 hunc
1242 3320 1504 3362 sensum
1560 3297 1947 3383 detorquere
1990 3297 2183 3380 velit,
2243 3300 2443 3363 etiam
2487 3297 2905 3384 Apollonium
2968 3297 3207 3363 librum

622 3398 1098 3484 „scrupulosae
1142 3399 1555 3485 quaestiones
1572 3402 1612 3436 “
1655 3398 2041 3485 inscriptum
2086 3400 2526 3487 composuisse
2570 3400 2725 3487 quin
2773 3399 2997 3464 credat
3042 3397 3205 3463 nihil

620 3500 930 3565 obstabit.

675 3683 682 3688 ἢ
791 3601 936 3664 Non
990 3602 1410 3666 inficiandum
1479 3612 1579 3667 est
1623 3605 1926 3668 'summos
1963 3605 2452 3688 ‘grammaticos
2499 3601 2947 3687 Apollonium,
3012 3602 3198 3667 cuius

621 3723 815 3786 quam
861 3701 1054 3767 finxit
1095 3705 1327 3784 τέχνην
1373 3704 1715 3768 Dronkius
1761 3706 1828 3768 in
1873 3705 2044 3769 Mus.
2091 3704 2298 3769 Rhen.
2346 3705 2449 3768 XI
2494 3727 2558 3790 p.
2601 3705 2729 3766 549
2775 3726 2950 3789 seqq.
3000 3725 3205 3787 nuper

624 3801 913 3868 Hillerus
943 3803 1189 3868 nullam
1221 3828 1364 3868 esse
1395 3806 1732 3891 probavit,
1781 3817 1846 3871 et
1878 3806 2322 3870 Herodianum
2344 3854 2362 3886 ,
2409 3827 2605 3891 quum
2636 3804 2951 3890 quasdam
2982 3816 3204 3890 partes

628 3907 789 3970 artis
846 3908 1310 3989 grammaticae
1369 3916 1760 3989 tractarent,
1819 3929 2077 3993 semper
2121 3909 2404 3972 animum
2462 3905 2547 3969 ad
2593 3917 2795 3971 totam
2850 3917 3053 3971 artem
3111 3906 3204 3968 in-

624 4017 873 4072 tentum
932 4007 1273 4089 habuisse,
1332 4008 1447 4072 sed
1502 4009 1558 4071 si
1616 4032 1768 4073 suos
1826 4010 2121 4074 diversos
2179 4008 2376 4074 libros
2442 4008 2509 4071 in
2567 4029 2765 4071 unum
2825 4008 3204 4072 coniunctos

625 4108 1016 4188 edidissent,
1064 4119 1237 4172 certe
1281 4132 1410 4172 non
1455 4110 1749 4174 diversas
1796 4112 2155 4176 sententias
2202 4110 2283 4172 de
2330 4132 2459 4173 una
2503 4109 2857 4196 eademque
2901 4131 2990 4188 re,
3035 4130 3203 4195 quae

623 4231 794 4272 nunc
841 4210 906 4272 in
953 4209 1233 4274 diversis
1281 4209 1467 4274 libris
1516 4212 1970 4294 inveniuntur,
2020 4213 2085 4275 in
2141 4234 2268 4274 uno
2326 4210 2680 4297 eodemque
2735 4232 2931 4296 opere
2989 4209 3201 4274 locum

535 4385 544 4396 ,
622 4307 865 4374 habere
910 4310 1221 4376 sivissent
1263 4334 1473 4396 neque
1517 4323 1651 4375 tam
1696 4335 1891 4398 saepe
1936 4334 2135 4376 unum
2180 4312 2478 4397 idemque
2522 4322 2974 4398 praeceptum,
3027 4311 3199 4396 quod

309 4615 393 4674 blh*
423 4634 590 4687 seriptis

365 4701 562 4752 singulis.

620 4410 689 4472 in
733 4410 1014 4474 diversis
1059 4433 1229 4477 nunc
1276 4413 1459 4476 libris
1505 4415 1863 4499 reperitur,
1911 4415 2147 4477 iterum
2204 4424 2399 4497 atque
2455 4415 2689 4478 iterum
2742 4414 2814 4476 in
2859 4412 3201 4475 coniuncto

619 4533 813 4595 opere
856 4512 1302 4597 protulissent.

790 4617 831 4692 ξ
878 4615 976 4680 10.
1065 4616 1204 4679 Iam
1249 4614 1448 4681 libros
1495 4616 1856 4681 Herodiani
1900 4640 1977 4681 eo
2023 4615 2278 4697 ordine,
2325 4640 2452 4704 quo
2498 4618 2786 4683 editurus
2832 4641 3008 4701 sum,
3054 4641 3199 4704 pro-

619 4717 847 4780 feram.
912 4717 1179 4781 Initium
1211 4718 1450 4782 faciam
1481 4740 1521 4780 a
1551 4718 1748 4799 libre,
1796 4720 1905 4802 qui
1938 4718 2399 4783 Prosodiarum
2431 4720 2794 4784 doctrinam
2824 4721 3198 4786 universam
