3664 5546
1133 362 1291 416 ΠΕΡΙ
1335 361 1727 432 ΚΑΘΟΛΙΚΗ(
1761 360 2185 415 ΠΡΟΕΩιΔΙΑΕ
2225 361 2308 414 ΙΔ.
2668 371 2685 383 ‘
2882 358 3009 423 399

425 535 501 598 τὸ
546 533 761 612 μέντοι
805 535 985 613 πῦρ,
1042 531 1203 610 ὅπερ
1248 531 1594 610 (ιμωνίδης
1651 530 1752 620 καὶ
1806 530 1994 594 ἕνεκα
2036 530 2269 609 μέτρου
2325 528 2713 608 διςυλλάβως
2756 526 3006 608 ἀπεφή-

408 653 610 727 νατο·
657 637 892 698 «τοῦτο
936 633 1060 708 γὰρ
1105 631 1367 712 μάλιςτα
1411 636 1613 711 φῆρες
1656 630 1924 706 ἔςτυγον
1968 629 2193 712 πύῑρ»,
2250 634 2377 707 ςτῆ
2393 650 2462 712 ρ,
2520 633 2655 707 κῆρ
2710 629 2786 692 τὸ
2833 629 3006 710 κέαρ,

426 739 621 812 ςκῶρ
666 735 706 811 ἡ
751 733 991 811 κόπρος
1038 732 1128 797 ὡς
1173 733 1483 811 οὐδέτερα
1525 735 1915 810 περιςπᾶται.
1980 731 2280 796 ῶςαύτως
2327 732 2427 796 καὶ
2472 732 2659 810 βλῆρ
2703 728 3010 793 Αἰολικῶς

423 836 499 899 τὸ
545 834 791 912 δέλεαρ.
880 833 943 897 οἱ
983 833 1233 898 Αἰολεῖς
1275 836 1351 899 τὸ
1397 822 1434 899 δ
1479 834 1566 900 εἰς
1611 820 1647 913 ᾗ
1689 834 2017 911 τρέπουςι·
2069 833 2222 897 τοὺς
2266 833 2389 909 γὰρ
2434 834 2743 911 δελφῖνας
2789 833 3007 910 βελφῖ-

423 935 540 1000 νάς
583 956 736 1015 φαςι
789 936 906 999 καὶ·
943 935 1096 998 τούς
1149 935 1463 1015 Δελφούς
1516 934 1839 1013 Βελφούς·
1896 931 2105 997 οὕτως
2159 932 2280 997 οὖν
2337 932 2564 1010 δέλεαρ
2622 933 2846 1012 βέλεαρ
2903 932 3006 995 καὶ
3033 942 3066 991 5

425 1038 584 1100 κατὰ
627 1036 951 1113 ςυγκοπὴν
1007 1036 1109 1098 καὶ
1161 1038 1557 1114 ςυναλοιφὴν
1602 1038 1760 1116 βλῆρ
1814 1035 2169 1113 πεποίηται.
2257 1033 2431 1098 οὕτω
2475 1034 2577 1097 καὶ
2627 1033 2690 1097 οἱ
2736 1032 3009 1096 Βοιωτοὶ

313 1137 320 1141 ’
424 1142 691 1204 ποιοῦςι.
777 1138 853 1201 τὸ
898 1137 970 1199 δὲ
1015 1134 1107 1199 (ὓ
1120 1156 1157 1214 ρ
1213 1136 1293 1200 οὐ
1349 1136 1612 1214 ςύνηθες
1662 1137 1839 1213 παρὰ
1892 1135 2214 1217 Ἕλληςιν,
2270 1133 2411 1198 ἀλλ’
2466 1133 2743 1212 ἱςτορίας
2787 1134 3007 1213 ἐχόμε-

426 1259 577 1322 νον,
621 1238 835 1304 ἄλλως
876 1257 945 1300 τε
992 1236 1132 1301 οὐδ’
1176 1237 1469 1315 ἄντικρυς
1514 1237 1879 1314 οὐδέτερον.
1969 1237 2140 1301 οὕτω
2184 1236 2318 1313 γὰρ’
2352 1235 2643 1300 ἐκαλεῖτο
2686 1235 3007 1313 πρότερον

424 1339 463 1416 ἡ
509 1338 790 1418 Φοινίκη.
1536 1328 1554 1338 ’

593 1439 689 1503 Τὰ
733 1439 821 1504 εἰς
865 1443 944 1504 (ff
976 1439 1452 1523 μονοςύλλαβα,
1497 1440 1551 1504 εἰ
1597 1441 1711 1518 μὲν
1741 1438 2038 1522 ἀποβολῇ
2066 1442 2184 1503 τοῦ
2228 1441 2262 1501 ἰ
2292 1439 2406 1516 τὴν
2444 1440 2701 1516 γενικὴν
2731 1440 3006 1518 ποιοῦςι,
3045 1447 3111 1499 10
3184 1453 3199 1458 ·

426 1545 885 1623 περιςπῶνται,
930 1540 968 1604 6
1015 1543 1200 1619 Γρᾶς
1243 1544 1362 1605 τοῦ
1396 1542 1548 1623 Γρᾶ,
1593 1541 1632 1604 6
1678 1542 1830 1605 Θᾶς
1874 1543 1991 1603 τοῦ
2024 1540 2121 1603 Θᾶ
2164 1537 2376 1618 ὄνομα
2418 1539 2672 1622 κύριον,
2718 1538 2756 1601 6
2804 1539 3007 1603 Χνᾶς

425 1646 543 1706 τοῦ
590 1643 751 1706 Χνᾶ·
797 1641 1001 1706 οὕτως
1045 1643 1117 1706 δὲ
1161 1641 1419 1718 ἐλέγετο
1476 1641 1514 1705 6
1559 1641 1880 1723 Ἀγήνωρ,
1925 1640 2076 1706 ὅθεν
2121 1640 2223 1705 καὶ
2264 1640 2303 1718 ἡ
2344 1640 2605 1718 Φοινίκη
2653 1640 2787 1704 Χνᾶ
2831 1640 3007 1714 λέγε-

426 1763 543 1805 ται.
609 1743 799 1806 Δᾶς·
856 1741 1063 1822 ὄνομα
1117 1744 1189 1807 δὲ
1231 1747 1425 1807 τοῦτο
1469 1747 1779 1822 ποταμοῦ.
1871 1745 2049 1806 Βᾶς·
2103 1743 2441 1820 ἱςτορεῖται
2487 1742 2558 1805 δὲ
2602 1738 2796 1804 οὗτος
2841 1746 3006 1819 βαςι-

429 1844 576 1907 λεὺς
617 1843 897 1908 Πόντου.
941 1844 1127 1908 Λᾶς·
1172 1847 1367 1909 τοῦτο
1414 1845 1486 1908 δὲ
1528 1844 1631 1909 καὶ
1659 1844 1953 1923 ποταμὸν
2000 1844 2102 1908 καὶ
2132 1843 2310 1908 λίθον
2345 1844 2448 1907 καὶ
2477 1842 2669 1906 πόλιν
2701 1841 3006 1920 ςημαίνει·

428 1946 571 2007 πᾶς
614 1947 706 2007 πᾶ
750 1943 788 2006 6
831 1945 1068 2023 πατήρ·
1114 1944 1169 2010 εἰ
1213 1946 1283 2009 δὲ
1326 1945 1917 2025 περιττοςυλλάβως
1947 1945 2228 2009 κλίνοιτο
2274 1947 2593 2023 μονογενῆ
2625 1941 2819 2024 ὄντα,
2864 1941 3006 2008 ὀξύ-
3048 1952 3109 2002 15

426 2064 630 2127 νεται,
673 2045 886 2123 Πράς
927 2045 1228 2123 Πρὰντος
1273 2044 1481 2125 ὄνομα
1523 2045 1778 2111 πόλεως
1819 2046 2261 2125 Περραιβικῆς-
2295 2046 2398 2109 καὶ
2439 2046 2733 2123 ποταμοῦ
2785 2044 2886 2106 καὶ
2928 2043 3006 2108 τὸ

428 2145 678 2210 ἐθνικὸν
724 2144 1122 2228 ὁμοφώνως,
1178 2146 1233 2211 εἰ
1286 2148 1389 2212 καὶ
1442 2147 1513 2211 ἐν
1557 2154 1649 2230 τῷ
1693 2147 2088 2230 Ὀνοματικῷ
2134 2135 2323 2211 εἶπόν
2368 2146 2526 2210 αὐτὸ
2571 2147 3005 2224 περιςπᾶςθαι,

426 2246 578 2310 Ζάς
623 2246 874 2311 Ζάντος
916 2247 954 2311 6
997 2248 1193 2330 Ζεύς,
1237 2248 1442 2313 Φθάς
1486 2249 1739 2331 κύριον,
1783 2248 1972 2326 κράς
2016 2248 2054 2325 ἡ
2101 2248 2367 2327 κεφαλή.
2444 2249 2640 2310 τοῦτο
2687 2246 2758 2309 δὲ
2802 2244 3005 2324 μόνον

427 2348 531 2411 διὰ
573 2352 690 2412 τοῦ
732 2351 770 2412 ’ἶ
813 2348 1055 2431 ἐκλίθη,
1109 2352 1240 2413 τῶν
1285 2347 1503 2414 ἄλλων
1548 2348 2050 2428 μονοςυλλάβων
2083 2346 2409 2415 ὀξυτόνων
2455 2351 2802 2426 μετοχικῶς
2845 2345 3007 2408 κατὰ

426 2450 500 2513 τὸ
546 2449 676 2528 φάς
718 2450 966 2529 φάντος
1013 2450 1119 2512 διὰ
1160 2452 1278 2512 τοῦ
1332 2469 1406 2512 ντ
1449 2450 1862 2528 κλινομένων.
1949 2449 2183 2528 ἔχομεν
2228 2450 2300 2513 δὲ
2342 2452 2561 2527 χρῆςιν
2603 2451 2716 2525 τῆς
2758 2446 3004 2510 εὐθείας
3042 2455 3113 2506 20

426 2551 601 2626 παρὰ
645 2548 866 2632 (ιμμίᾳ
909 2556 1001 2633 τῷ
1045 2549 1274 2630 Ῥοδίῳ
1319 2548 1528 2613 οὕτως
1574 2557 1826 2634 «χρυςῷ
1858 2549 1970 2615 ’τοι
2014 2551 2325 2629 φαέθοντι
2380 2549 2770 2614 πολύλλιτος
2814 2547 3006 2626 ἐμφέ-

428 2669 600 2725 ρεται
644 2649 798 2726 κράς
813 2676 857 2713 ».
945 2651 1020 2714 τὸ
1067 2651 1283 2730 μέντοι
1339 2654 1486 2714 πᾶς
1539 2652 1782 2716 παντός
1834 2651 2131 2730 τριγενές.
2218 2652 2295 2715 τὸ
2353 2653 2425 2715 δὲ
2469 2651 2604 2732 δᾴς
2650 2649 2846 2732 δᾳδός
2889 2651 3007 2712 τοῦ

426 2753 459 2813 ῑ
501 2751 1108 2831 προςγεγραμμένου
1153 2751 1443 2819 ὀξύνεται
1490 2751 1581 2817 ὡς
1624 2752 1693 2817 ἐκ
1735 2756 1857 2819 τοῦ
1901 2754 2041 2819 δαῖς
2082 2751 2480 2832 ὀξυνομένου
2526 2751 2908 2830 ςυναιρεθέν.

427 2912 574 2931 μ...-

563 3023 596 3073 l.
638 3027 661 3072 1
709 3025 824 3088 πῠρ
873 3039 940 3072 ex
982 3023 1094 3074 levi
1139 3040 1204 3074 ex
1239 3026 1386 3075 Mon.
1428 3027 1515 3086 12,
1552 3026 1635 3076 20.
1672 3051 1736 3059 -
1776 3023 1845 3073 de
1886 3025 1996 3089 κῆρ
2041 3026 2111 3074 ef.
2146 3025 2211 3075 Il.
2250 3026 2339 3075 Pr.
2376 3023 2427 3074 Δ
2462 3024 2528 3072 46
2573 3023 2703 3087 περὶ
2748 3025 2899 3087 κῆρι;
2936 3020 3007 3072 τὸ

428 3093 553 3154 κῆρι
590 3089 891 3155 οὐδέτερον
996 3105 1066 3142 αν
1101 3090 1165 3156 ᾖ,
1203 3093 1671 3156 προπεριςπᾶται·
1717 3089 1781 3142 ἐκ
1825 3090 1933 3155 γὰρ
1976 3094 2080 3142 τοῦ
2138 3090 2273 3155 κέαρ
2321 3104 2348 3142 ς
2433 3089 2707 3153 ’λειπται,
2754 3088 2894 3141 ὅταν
2946 3089 3007 3140 δὲ

425 3158 675 3223 θηλυκὸν
711 3158 773 3224 ᾖ,
812 3157 1084 3210 ὀξύνεται.
1152 3157 1349 3210 ἐνθάδε
1385 3158 1447 3210 δὲ
1482 3157 1785 3223 οὐδέτερόν
1821 3157 1960 3221 ἐςτι,
2009 3105 2619 3223 προπεριςπαΐθγιίιεεται
2666 3156 2787 3221 ἄρα.
2859 3158 3008 3220 ςκῶρ

427 3226 616 3275 addidi
653 3242 720 3275 ex
756 3227 1003 3291 Theogn.
1043 3230 1157 3290 133,
1194 3229 1258 3277 26
1307 3232 1364 3276 et
1397 3228 1477 3280 10.
1514 3226 1598 3276 Al.
1638 3229 1684 3288 7,
1721 3229 1804 3277 20.
1881 3226 2020 3290 βλῆρ
2066 3243 2135 3277 ex
2170 3229 2234 3279 Ε.
2272 3229 2344 3276 Μ.
2382 3229 2507 3284 200,
2544 3230 2610 3277 28
2657 3228 2729 3275 cf.
2767 3224 3008 3289 Hesyeh.

429 3293 568 3365 βλῆρ
603 3291 816 3358 δέλεαρ.
863 3292 933 3342 τὸ
969 3288 1113 3344 αὐτὸ
1152 3294 1241 3344 καὶ
1277 3293 1466 3356 αἶθμα.
1537 3293 1690 3357 παρὰ
1728 3292 2066 3356 Ἀλκμαίωνι
2102 3294 2136 3357 ἡ
2176 3292 2335 3346 λέξις.
2379 3294 2449 3343 cf.
2472 3294 2608 3345 Lob.
2638 3292 2840 3343 Pax-all.
2864 3308 2917 3357 p.
2941 3294 3009 3342 ⁷5

426 3365 483 3410 et
518 3360 731 3411 Ahrens
765 3361 831 3411 de
870 3360 1002 3415 dial.
1038 3361 1189 3411 Aeol.
1224 3378 1275 3426 p.
1309 3365 1374 3411 41
1414 3376 1536 3411 eum
1571 3367 1684 3412 not.
1709 3366 1756 3413 5.
1804 3359 1917 3425 cop
1942 3377 2011 3412 ex
2035 3364 2180 3412 Mon.
2206 3363 2241 3412 l.
2266 3379 2312 3412 e.
2450 3361 2488 3414 l.
2528 3364 2591 3410 10
2628 3376 2896 3410 canonem
2934 3359 3001 3408 de

333 3452 344 3457 -
427 3428 735 3490 nominiqu
757 3429 814 3477 in
833 3424 905 3479 ὀΤς
931 3429 1144 3492 explevi
1169 3444 1235 3478 ex
1262 3429 1458 3480 Choer.
1486 3430 1549 3478 16
1576 3435 1632 3479 et
1661 3432 1739 3492 17,
1766 3445 1834 3478 ex
1860 3445 1969 3493 quo
1993 3430 2395 3494 explicationes
2418 3443 2611 3479 vocum
2636 3433 3008 3479 accesserunt.

429 3494 509 3545 St.
537 3494 599 3544 B.
627 3497 745 3558 534,
785 3499 847 3545 12
882 3494 1041 3558 Πρᾶς
1080 3494 1258 3559 ὄνομα
1294 3496 1521 3548 πόλεως
1556 3493 1941 3560 Περραιβικῆς.
1989 3496 2322 3560 περιςπᾶται
2359 3494 2449 3547 καὶ
2485 3493 3007 3559 περιττοςυλλάβως

427 3559 700 3624 κλίνεται,
740 3563 884 3625 quod
924 3579 989 3612 ex
1013 3564 1341 3615 Onomatico
1365 3564 1670 3614 Herodiani
1706 3565 1937 3628 petitum
1972 3570 2060 3614 est
2096 3570 2241 3615 teste
2268 3565 2464 3615 Choer.
2494 3565 2574 3626 16,
2602 3565 2663 3613 17
2702 3560 2884 3613 ίςτέον
2921 3561 3007 3612 ὄτι

428 3627 461 3679 ὁ
500 3628 842 3693 Ἡρωδιανὸς
878 3628 941 3680 ἐν
974 3632 1059 3695 τῷ
1099 3629 1449 3697 Ὀνοματικῷ
1497 3629 1646 3692 λέγει
1691 3628 1834 3681 αὐτὸ
1873 3629 1974 3695 (se.
2009 3630 2187 3695 Πράς)
2224 3631 2588 3696 περιςπᾶςθαι
2634 3629 2724 3680 καὶ
2768 3628 2857 3680 διὰ
2903 3631 3005 3679 τοῦ

427 3699 495 3746 vir
530 3694 834 3760 κλίνεςθαι,
872 3695 935 3748 ἐν
970 3696 1041 3748 δὲ.
1064 3700 1136 3763 τῇ
1174 3697 1418 3749 καθόλου
1455 3697 1769 3762 ὁξύνεςθαι,
1808 3695 2019 3760 ὁμοίως
2053 3698 2115 3750 δὲ
2151 3699 2242 3750 καὶ
2277 3698 2365 3751 διὰ
2399 3701 2503 3749 τοῦ
2538 3701 2611 3748 Vr
2648 3695 2925 3748 κλίνεςθαι
2953 3704 3009 3747 et

427 3765 685 3815 Eustath.
717 3767 846 3827 436,
881 3767 971 3815 20:
1020 3762 1098 3814 ὡς
1143 3766 1234 3816 καὶ
1272 3763 1528 3818 ὀξύνεται
1566 3765 1598 3816 ὁ
1633 3763 1748 3816 Ζάς
1784 3766 1876 3816 καί
1909 3764 1980 3816 τὸ
2017 3770 2086 3817 vi·
2121 3764 2234 3830 ἔχει
2269 3765 2333 3818 ἐν
2365 3769 2437 3832 τῇ
2474 3769 2695 3830 γενικῇ,
2733 3765 2909 3830 δῆλον
2945 3763 3007 3816 ἑκ

395 3834 530 3881 .τοῦ
577 3829 929 3895 παραδόντος
975 3830 1074 3894 (se.
1119 3833 1374 3897 Herod),
1398 3830 1487 3882 ὅτι
1531 3832 1673 3883 καθὰ
1716 3831 1876 3896 Πράς
1919 3831 2181 3897 Πράντος
2228 3834 2410 3897 ὄνομα
2444 3833 2671 3886 πόλεως
2707 3832 2798 3884 καὶ
2834 3846 3007 3883 ποτα-

428 3902 534 3962 μοῡ
572 3899 664 3949 καὶ
701 3896 855 3950 Φθάς
892 3896 1150 3951 Φθάντοε
1186 3899 1253 3950 κύ
1291 3914 1377 3950 ιον
1421 3899 1882 3963 παροξυνόμενον
1926 3904 2237 3966 μετοχικῶς
2284 3901 2346 3953 ἐν
2390 3905 2462 3967 τῇ
2507 3903 2701 3965 γενικῇ
2750 3898 2892 3950 κατὰ
2936 3898 3006 3950 τὸ

428 3964 539 4029 φάς
574 3964 791 4029 φάντος
868 3964 1024 4016 οὕτω
1069 3965 1160 4018 καὶ
1194 3965 1242 4018 Ζ
1282 3981 1308 4018 ς
1342 3964 1589 4031 Ζάντος,
1637 3964 1669 4017 δ
1716 3966 1967 4033 ςημαίνει
2013 3968 2118 4020 τὸν
2153 3967 2277 4021 Δία.
2312 3995 2380 4004 -
2413 3971 2494 4020 Ιο.
2529 3969 2614 4018 Al.
2654 3971 2702 4032 7,
2738 3970 2804 4017 29
2839 3967 3010 4017 habet

432 4032 566 4096 Γρᾶ(
601 4031 748 4084 Χνᾶε
783 4003 924 4096 όᾶς,
961 4033 1067 4084 hoe
1104 4034 1273 4084 etiam
1310 4034 1389 4086 St.
1427 4036 1488 4085 Β.
1523 4037 1650 4095 406,
1687 4037 1719 4086 5
1763 4035 1950 4085 collat.
1988 4037 2240 4087 Eustath.
2286 4037 2359 4086 ad
2394 4036 2553 4088 Hom.
2589 4038 2716 4097 295,
2753 4038 2846 4095 343
2892 4031 3007 4084 Ζάς

429 4107 757 4149 memoratur
789 4102 849 4149 in
872 4103 1018 4152 Mon.
1042 4103 1090 4159 6,
1118 4103 1198 4151 16.
1231 4128 1297 4136 -
1333 4101 1368 4151 l.
1393 4104 1455 4151 21
1495 4099 1708 4219 Ειμμίῖ·
1729 4117 1827 4165 pro
1852 4100 2112 4169 Ειμονίδῃ
2152 4106 2438 4168 proposuit
2464 4101 2751 4163 Gaisford‚
2788 4116 3005 4151 versum

428 4166 745 4218 emendavit
767 4162 903 4218 Lob.
929 4167 1132 4219 Parall.
1161 4170 1225 4218 78
1252 4168 1457 4232 (χρυςῶ
1482 4183 1550 4219 το
1578 4183 1658 4232 φα
1692 4170 1851 4219 θοντι
1887 4169 2221 4221 πολύλιςτος
2258 4169 2519 4233 φαίνεται
2553 4166 2688 4234 κράς
2726 4170 2783 4217 in
2821 4168 3007 4218 codice

428 4234 555 4297 est).
588 4260 657 4270 ——
693 4234 728 4287 l.
765 4237 831 4284 22
867 4233 964 4299 δᾴς
1002 4235 1192 4285 addidi
1226 4252 1293 4285 ex
1328 4237 1583 4289 Eustath.
1625 4239 1774 4300 1571,
1810 4240 1895 4300 30,
1931 4239 2026 4287 ubi
2064 4235 2247 4289 ἰςτέον
2282 4236 2370 4288 ὅτι
2394 4239 2516 4287 τῶν
2542 4234 2858 4301 εἰρημένων
2892 4235 3006 4286 δαῖ-

425 4300 544 4352 δων
579 4300 614 4364 ἡ
662 4299 850 4352 εὐθεῖα
895 4301 1212 4353 διαλέλυται
1258 4301 1402 4366 πρὸς
1445 4302 1742 4366 διαςτολὴν
1785 4306 1889 4354 τοῦ
1935 4300 2053 4355 δαίς
2099 4304 2134 4366 ἡ
2183 4302 2408 4368 εὐωχία.
2490 4304 2579 4355 καὶ
2625 4303 2783 4367 ὅμως
2826 4301 2924 4354 ὅτε
2967 4302 3003 4365 ἡ

426 4367 661 4433 τοιαύτη
697 4368 819 4420 δαῖς
864 4368 962 4435 δᾴ(
1008 4368 1231 4433 λεχθείη
1278 4368 1341 4420 ἐν
1386 4374 1720 4435 προςγραφῇ
1765 4374 1871 4421 τοῦ
1910 4375 1945 4423 ῖ
1979 4369 2424 4435 διφθογγίζεςθαι
2467 4370 2759 4434 λογίζεται.
2831 4369 3005 4434 Ἡρω-

426 4452 613 4504 διανὸς
650 4451 755 4503 οὖν
799 4452 1086 4517 παραδοὺς
1128 4453 1201 4506 τὰ
1247 4450 1326 4505 εἰς
1361 4456 1427 4505 (ῖς
1463 4452 1703 4506 ὀξύτονα
1738 4453 1827 4505 διὰ
1861 4458 1964 4509 τοῦ
2003 4456 2034 4507 δ
2070 4455 2348 4507 κλίνεςθαι
2383 4453 2507 4507 οἷον
2545 4453 2822 4519 ςτιβάδος,
2861 4451 3006 4517 {exd-

426 4519 547 4583 6oc,
585 4519 847 4572 πελιάδος
884 4519 948 4571 ἓν
984 4520 1160 4584 μόνον
1195 4519 1257 4572 ἐκ
1296 4521 1524 4572 τούτων
1561 4519 1639 4573 εἰς
1675 4525 1760 4574 (ᾖ
1793 4523 1930 4587 φηςὶ
1967 4523 2161 4587 λήγειν
2195 4523 2265 4574 τὸ
2301 4523 2413 4588 δᾲς.
2482 4525 2560 4577 10.
2599 4524 2752 4575 Alex.
2792 4524 2874 4584 18,
2910 4525 3004 4573 35:

426 4587 587 4653 δᾷδες
623 4587 833 4653 δᾴδων·
879 4588 1310 4651 δαΐδεε,δαῑδων
1352 4588 1459 4653 γὰρ
1501 4588 1880 4654 τριςυλλάβως
1924 4591 1995 4642 τὸ
2042 4590 2280 4642 ἐντελές.
2339 4592 2409 4641 cf.
2445 4592 2581 4643 Lob.
2618 4591 2823 4641 Pax-all.
2860 4593 2926 4640 90
2958 4606 3007 4640 c.

428 4660 536 4704 not.
573 4659 655 4706 33.
736 4657 813 4706 10.
847 4658 931 4707 Al.
979 4659 1037 4719 6,
1083 4658 1150 4708 20
1194 4655 1228 4719 ή
1278 4656 1471 4720 βαρεῖα
1515 4657 1606 4708 καὶ
1651 4656 1803 4709 ὀξεῖα
1852 4655 1930 4710 εἰς
1974 4658 2160 4710 ὀξεῖαν
2207 4661 2623 4722 ευναιροῡνται,
2669 4675 2756 4723 ap.
2800 4658 3002 4709 Choer.

425 4724 543 4784 452,
585 4726 645 4772 19
681 4721 744 4773 ἐν
779 4726 862 4789 τῇ
889 4722 1078 4790 εὐθείᾳ
1114 4722 1343 4787 ἐγένετο
1380 4724 1414 4786 ἡ
1453 4722 1754 4789 ςυναίρεςις
1791 4723 1916 4777 οἷον
1951 4725 2071 4778 δάῖς
2107 4726 2231 4791 δᾴς,
2278 4724 2535 4778 κάκεῖθεν
2580 4727 2615 4789 ἡ
2665 4724 2832 4777 κλίςις
2879 4727 3005 4776 seri-

431 4788 666 4840 bendum
705 4795 792 4840 est
827 4791 946 4842 δὰῑς
981 4791 1079 4857 δᾴ(
1115 4794 1186 4844 ef.
1221 4794 1286 4843 Ε.
1323 4794 1397 4843 Μ.
1435 4795 1555 4858 244,
1591 4796 1656 4844 29
1694 4799 1750 4843 et
1785 4798 1868 4846 51.
