3664 5546
647 298 773 362 278
1586 296 1667 349 εκ
1705 295 1845 350 τΩΝ
1887 294 2288 364 ΗΡΩΔιΑΝογ

647 470 717 532 δὲ
763 470 837 532 τὸ
883 467 1070 534 ὄζειν.
1129 467 1377 545 δυςώδη
1421 466 1546 544 γὰρ
1590 467 1670 529 τὰ
1714 466 1965 545 φρέατα
2010 463 2161 543 εἶχε.
2213 465 2659 545 Διομήδειά
2702 466 2889 531 πόλις
2932 465 3241 530 Δαυνίων

648 570 864 648 κτίςμα
906 570 1296 647 Διομήδους.
1386 569 1489 631 καὶ
1532 571 1721 645 νῆςος
1764 567 1803 645 ἡ
1849 566 2222 645 Διομήδειά.
2312 566 2436 630 ἔςτι
2493 569 2596 631 καὶ
2639 567 2842 632 τόπος
2884 567 3242 646 Διομήδειά

647 670 915 749 πληςίον
963 669 1425 748 Ἀργυρίππων.
1482 667 1832 733 Ἐλάτεια
1876 667 2065 732 πόλις
2108 667 2398 733 Φωκίδος
2441 667 2572 733 ἀπὸ
2618 668 2899 733 Ἐλάτου.
2968 668 3094 732 ἔςτι
3137 669 3240 732 καὶ

649 772 1005 836 Θετταλίας.
1096 772 1223 836 έςτι
1279 772 1381 834 καὶ
1437 769 1872 851 Θεςπρωτίας,
1938 769 2019 846 ἣν
2083 769 2188 833 καὶ
2241 769 2567 847 Ἐλατρίαν
2633 771 2787 849 φαςὶ
2851 769 2957 833 διὰ
3011 773 3127 833 τοῦ
3181 789 3236 846 ρ.

584 883 616 930 5
650 873 990 949 Ἐλέγεια
1036 872 1275 950 χωρίον
1321 872 1524 949 πέραν
1569 870 1929 950 Εὐφράτου.
1988 870 2320 948 Ἀρριανὸς
2365 870 2435 935 ἐν
2480 871 2821 949 Παρθικῶν
2865 871 2940 949 η’.
2983 870 3055 934 Ε
3069 891 3239 950 μεια

646 976 847 1040 τόπος
891 974 1160 1051 πληςίον
1208 973 1548 1051 Μυκηνῶν.
1604 971 1819 1051 Ἐμεια
1864 974 1935 1036 δε
1982 972 2265 1053 λέγεται,
2311 972 2530 1050 ἐπειδὴ
2577 971 2706 1036 ἐκεῖ
2749 973 2975 1052 ἦμεςεν
3020 972 3060 1036 ὁ
3092 972 3236 1050 Κέρ-

648 1082 835 1157 βερος
891 1074 1184 1140 ἀνελθών
1240 1073 1310 1139 ἐκ
1351 1078 1469 1138 τοῦ
1523 1074 1746 1138 Ἅιδου
1778 1073 1840 1151 ,ἢ
1900 1073 2120 1151 ἐπειδὴ
2180 1074 2218 1138 ὁ
2276 1073 2550 1151 Θυέςτης
2609 1075 2843 1154 φαγὼν
2908 1075 2988 1138 τὰ
3050 1074 3239 1138 τέκνα

646 1180 849 1243 αὐτοῦ
894 1178 1024 1241 ἐκεῖ
1068 1177 1310 1254 ἤμεςεν.
1385 1175 1844 1255 Ἐπιφάνεια
1888 1176 2073 1239 πόλις
2120 1174 2344 1253 (υρίας
2388 1176 2548 1239 κατὰ
2570 1174 2933 1255 Ῥαφανέας
2978 1175 3049 1240 ἐν
3093 1180 3235 1254 μεθ-

647 1280 851 1358 ορίοις
895 1277 1184 1357 Ἀράδου.
1273 1277 1539 1353 δευτέρα
1588 1276 1872 1341 Κιλικίας.
1917 1276 2093 1355 τρίτη
2140 1276 2461 1358 Βιθυνίας..
2506 1277 2772 1355 τετάρτη
2818 1278 2978 1341 κατὰ
3007 1277 3236 1354 Τίγριν.

550 1387 611 1438 10
646 1382 974 1461 Ἐρίκεια
1018 1382 1218 1457 δῆμος
1249 1378 1537 1457 Ἀθήνηςι
1566 1381 1678 1454 τῆς
1707 1378 2004 1456 Αἰγηΐδος
2035 1380 2260 1457 φυλῆς.
2306 1377 2703 1456 Ἐρύςθεια
2744 1378 2933 1443 πόλις
2966 1378 3236 1456 Κύπρου.

458 1479 477 1484 “
648 1483 929 1559 Εὔγεια
974 1480 1213 1561 χωρίον
1260 1479 1602 1556 Ἀρκαδίας.
1649 1479 2040 1558 Θεόπομπος
2085 1477 2348 1564 εἰκοςτῷ
2393 1479 2571 1563 ἕκτῳ.
2617 1479 2995 1555 Εὐέλγεια
3038 1479 3235 1543 πόλις.

648 1585 971 1649 Ἑκαταῖος
1015 1581 1395 1660 περιηγήςει.
1469 1579 1910 1657 Εὐκάρπεια
1965 1583 2163 1659 δῆμος
2219 1584 2332 1657 τῆς
2376 1583 2594 1660 μικρᾶς
2639 1580 2934 1668 Φρυγίας.
3008 1581 3235 1659 Εὐμέ-

649 1707 824 1751 νεια
868 1686 1054 1749 πόλις
1108 1681 1388 1760 Φρυγίας
1434 1681 1740 1745 Ἀττάλου
1795 1682 2181 1747 καλέςαντος
2224 1680 2356 1746 ἀπὸ
2401 1672 2722 1760 Εὐμενοῦς
2773 1687 2892 1747 τοῦ
2935 1682 3237 1748 Φιλαδέλ·

652 1809 805 1868 φου.
879 1788 917 1865 ἢ
958 1786 1203 1849 Ὕλλος
1248 1785 1457 1847 καλῶς
1507 1782 1723 1861 μείνας
1768 1783 2098 1863 ῶνόμαςεν
2144 1782 2367 1848 οὕτως.
2441 1784 2708 1863 δευτέρα
2755 1785 3011 1866 Καρίας,
3069 1784 3237 1862 τρίτη

548 1893 610 1943 lb
651 1890 756 1953 ἐπὶ
800 1887 1118 1970 Ὑρκανίᾳ.
1206 1884 1660 1961 Εὐωνύμεια
1714 1884 1900 1948 πόλις
1961 1884 2205 1962 Καρίας.
2292 1884 2420 1948 ἔςτι
2480 1886 2583 1949 καὶ
2637 1889 2837 1965 δῆμος
2894 1885 3237 1964 Ἀθηναίων
3349 1953 3356 1960 ,

652 1991 784 2055 ἀπὸ
831 1988 1180 2067 Εὐωνύμου
1223 1990 1342 2049 τοῦ
1389 1987 1504 2062 Γῆς
1547 1987 1651 2050 καὶ
1694 1984 1996 2063 Οὐρανοῦ
2040 1987 2079 2063 ἢ
2129 1986 2426 2065 Κηφιςοῦ.
2517 1987 2767 2062 λέγεται
2812 1989 2915 2052 καὶ
2958 1988 2997 2051 ὁ
3031 1991 3239 2065 δῆμος

616 2092 1014 2170 Ἐὐώνυμος
1050 2088 1556 2169 ·Ἠετιώνεια,
1603 2087 1810 2151 οὕτως
1855 2089 1894 2165 ἡ
1941 2087 2126 2165 ἑτέρα
2167 2091 2291 2154 τοῦ,
2327 2088 2680 2166 Πειραιέως
2724 2088 2887 2167 ἄκρα
2930 2089 3060 2153 ἀπὸ
3106 2088 3238 2152 Ἠε-

650 2192 900 2258 τίωνος.
946 2190 1358 2268 Ἡράκλεια
1401 2189 1588 2253 πόλις
1633 2189 1886 2270 Θρᾴκης
1929 2189 1999 2252 ἐν
2046 2195 2138 2271 τῷ
2181 2189 2418 2272 Πόντῳ
2465 2189 2779 2269 διάςημος.
2850 2191 2920 2270 β”
2949 2189 3239 2254 (ικελίας.

654 2296 712 2371 γ’
757 2293 1003 2359 Λυδίας.
1051 2290 1107 2356 δ’
1152 2290 1398 2369 Λιβύης.
1453 2290 1503 2353 ε’
1550 2288 1849 2368 (αρδοῡς.
1897 2290 1953 2360 ς’
1999 2289 2275 2354 Ἰταλίας.
2321 2291 2371 2357 ζ’
2421 2290 2729 2368 Κελτικῆς.
2783 2292 2840 2370 η’
2886 2290 3239 2356 Θεςςαλίας.

548 2401 618 2448 ‘20
655 2397 710 2460 θ’
746 2395 989 2473 Καρίας.
1022 2393 1059 2456 ι’
1092 2393 1162 2457 ἐν
1192 2398 1285 2475 τῷ
1317 2391 1527 2473 Λυδίῳ
1558 2391 1806 2476 Ταύρῳ.
1843 2391 1926 2455 ια’·
1955 2393 2183 2470 μεταξὺ
2217 2390 2476 2458 (κυθίας
2507 2395 2608 2457 καὶ
2638 2395 2911 2472 Ἰνδικῆς.
2946 2394 3023 2473 ιβ’
3052 2398 3241 2470 νῆςος

654 2498 723 2562 ἐν
766 2503 856 2579 τῷ
891 2493 1230 2576 Καρπαθίῳ
1274 2494 1552 2568 πελάγει.
1613 2495 1692 2569 ιγ’
1725 2493 1965 2572 (υρίας.
2027 2494 2106 2557 ιδ’
2152 2492 2465 2573 Φοινίκης.
2513 2495 2584 2558 ιε’
2614 2496 2890 2573 Πιερίας.
2937 2495 3016 2566 ις’
3060 2496 3242 2559 πόλις

654 2600 756 2663 καὶ
799 2601 990 2674 νῆςος
1016 2647 1026 2659 .
1052 2647 1064 2659 .
1091 2646 1141 2658 ..
1212 2594 1284 2660 ιζ’
1335 2595 1590 2672 Κρήτης.
1639 2595 1717 2674 ιη’
1760 2595 2044 2673 Πιςαϊκή.
2120 2596 2194 2659 ιθ’
2256 2595 2514 2678 Καρίας,
2572 2599 2611 2674 ἡ
2669 2598 2980 2675 λεγομένη
3028 2597 3238 2678 Ἀλβά-

657 2719 819 2782 κιος,
866 2698 1206 2779 μεςόγειος.
1254 2697 1306 2760 κ’
1351 2685 1538 2760 π’όλις
1582 2698 1747 2775 πρὸς
1789 2704 1867 2779 τῇ
1904 2698 2142 2782 Κυμαίᾳ
2185 2701 2296 2775 τῆς
2327 2698 2635 2762 Αἰολίδος.
2693 2699 2789 2762 κα’
2836 2699 3241 2778 Ἀκαρνανίας

576 2858 601 2865 ,
656 2801 858 2866 πόλις.
916 2801 1007 2881 κβ’
1054 2802 1246 2875 νῆςος
1290 2797 1360 2861 ἐν
1405 2805 1495 2880 τῷ
1540 2800 1936 2881 Ἀτλαντικῷ.
1996 2799 2089 2873 κγ’
2138 2799 2571 2883 Μακεδονίας,
2617 2800 2930 2880 Ἀμύντου
2973 2805 3092 2865 τοῦ
3134 2800 3242 2865 Φι-

552 2908 619 2957 ‘25
659 2903 897 2967 λίππου
952 2902 1180 2979 κτίςμα.
1271 2899 1741 2976 Ἰςοκράτεια
1796 2900 1904 2977 μία
1962 2905 2094 2965 τῶν
2161 2901 2541 2979 Ἀμαζόνων.
2631 2896 3242 2968 Θώκνεια’πόλις

652 3004 984 3083 Ἀρκαδίας
1030 3000 1162 3065 ἀπὸ
1210 3000 1497 3064 Θώκνου.
1585 3000 1952 3065 Παυςανίας
1997 3001 2213 3085 ὀγδόῳ
2258 3002 2337 3081 (ο.
2380 3002 2453 3083 3,
2495 3001 2581 3084 2).
2654 3004 3087 3081 Ἰλούργεια
3127 3003 3241 3067 πό-

659 3111 753 3170 λις
810 3104 1082 3184 Ἰβηρίας.
1152 3101 1479 3179 Πολύβιος
1523 3102 1846 3184 ἑνδεκάτῃ.
1927 3103 2342 3180 Καιςάρεια
2386 3104 2776 3182 μητρόπολις
2819 3109 2930 3182 τῆς
2989 3106 3241 3170 Καππα-

660 3206 876 3271 δοκίας
919 3206 959 3283 ἡ
1004 3206 1155 3281 πρὶν
1201 3202 1494 3282 Εὐςέβεια
1536 3204 1639 3266 καὶ
1685 3202 1953 3269 Μάζακα
1999 3203 2090 3267 ὡς
2136 3202 2433 3283 (τράβων
2479 3204 2591 3285 (12
2635 3229 2698 3292 p.
2744 3204 2915 3287 537).
2992 3206 3103 3271 εἰςὶ
3144 3206 3245 3269 καὶ

658 3308 846 3371 ἄλλαι
892 3305 1101 3388 τούτῳ
1144 3312 1235 3389 τῷ
1280 3304 1545 3382 ὀνόματι
1574 3304 2232 3382 προςαγορευόμεναι.
2274 3306 2713 3385 Καλαύρεια
2756 3308 3040 3387 νηςίδιον
3083 3308 3242 3386 πρὸς

558 3412 624 3464 30
657 3415 734 3491 τῇ
783 3408 986 3489 Κρήτῃ
1031 3405 1162 3470 ἀπὸ
1211 3405 1546 3483 Καλαύρου
1590 3410 1704 3470 τοῦ
1749 3397 2175 3470 Ποςειδῶνος.
2241 3407 2617 3485 Κάρπεια·
2666 3407 2876 3474 οὕτως
2919 3411 3086 3474 τινες
3131 3410 3242 3486 τὴν

665 3509 924 3585 Κάλπην
969 3508 1159 3571 πόλιν
1204 3506 1371 3587 φαςί.
1449 3508 1933 3584 Καςάνδρεια
1977 3507 2163 3571 πόλις
2212 3508 2613 3574 Μακεδονίας
2668 3510 2833 3587 πρὸς
2889 3517 2965 3594 τῇ
3011 3510 3243 3592 Θρᾴκῃ,

663 3610 702 3687 ἥ
748 3628 907 3672 ποτε
951 3608 1264 3671 Ποτίδαια
1311 3609 1654 3690 λεγομένη,
1701 3608 1832 3673 ἀπὸ
1883 3608 2252 3685 Καςάνδρου
2296 3614 2413 3674 τοῦ
2460 3610 2893 3689 Ἀντιπάτρου.
2939 3611 3243 3688 ,Κεκρυ-

664 3709 962 3790 φάλεια
1006 3708 1168 3787 ἄκρα
1197 3730 1318 3792 τις,
1364 3710 1511 3787 περὶ
1553 3712 1630 3787 ἣν
1663 3709 1953 3788 ἐνίκηςαν
1984 3708 2314 3787 Αἰγινήτας
2345 3711 2679 3789 Ἀθηναῖοι.
2741 3714 2909 3777 τινὲς
2954 3713 3025 3776 δὲ
3054 3714 3246 3789 νῆςον

664 3810 864 3886 αὐτήν
909 3830 1060 3889 φαςι
1104 3811 1630 3889 Πελοποννήςου.
1702 3811 2105 3888 Κορώνεια
2148 3813 2335 3877 πόλις
2381 3813 2702 3877 Βοιωτίας.
2767 3814 3091 3879 Ἑκαταῖος
3133 3812 3243 3878 Εὐ-

562 3918 627 3970 35
665 3913 864 3993 ρώπῃ.
954 3910 1084 3976 ἀπὸ
1134 3913 1440 3988 Κορώνου
1494 3915 1612 3974 τοῦ
1668 3912 2097 3989 Θερςάνδρου.
2184 3914 2452 3991 δευτέρα
2506 3917 2692 3981 πόλις
2736 3902 3245 3994 Πὲλοποννήςου

666 4014 894 4091 μεταξὺ
942 4013 1260 4077 (ικυῶνος
1313 4013 1414 4075 καὶ
1462 4012 1788 4090 Κορίνθου.
1878 4012 2052 4091 τρίτη
2107 4017 2219 4090 τῆς
2263 4015 2632 4095 Φθιώτιδος.
2723 4017 2848 4081 ἔςτι
2901 4019 3005 4081 καὶ
3043 4015 3244 4096 φρού-

666 4134 808 4197 ριον
852 4119 963 4191 τῆς
1008 4114 1392 4192 Ἀμβρακίας.
1459 4116 1724 4193 τετάρτη
1769 4113 1958 4181 πόλις
2006 4113 2280 4192 Κύπρου.
2337 4116 2465 4180 ἔςτι
2509 4119 2611 4181 καὶ
2654 4118 3041 4196 χερρόνηςος
3084 4117 3246 4195 πρὸς

667 4216 781 4293 τὴν
829 4208 1126 4291 Ἀττικήν.
1198 4214 1528 4292 Κράνεια
1573 4216 1812 4296 χωρίον
1859 4215 2355 4294 Ἀμβρακιωτῶν.
2414 4219 2801 4298 Θεόπομπος
2845 4214 3247 4300 πεντηκοςτῳ

665 4316 921 4399 πρώτῳ.
999 4316 1378 4395 Κυβέλεια
1431 4317 1619 4382 πόλις
1674 4316 1926 4381 Ἰωνίας.
1999 4315 2324 4383 Ἑκαταῖος
2379 4304 2563 4404 Ἀςίᾳ.
2641 4322 3012 4386 Κυνέτεια
3064 4320 3248 4385 πόλις

563 4423 631 4475 40
663 4417 955 4494 Ἄργους.
1025 4417 1418 4496 Καλλίμαχος
1464 4418 1761 4500 δευτέρῳ.
1828 4402 2236 4493 Λαγίνεια
2254 4421 2593 4498 πολίχνιον
2640 4423 2945 4488 Βιθυνίας.
3013 4422 3249 4487 Λάεια

665 4518 851 4582 πόλις
899 4519 1140 4595 Καρίας.
1186 4519 1508 4584 Ἑκαταῖος
1554 4518 1738 4601 Ἀςίᾳ
1793 4518 2172 4597 Λακέρεια
2215 4521 2402 4585 πόλις
2449 4524 2828 4603 Μαγνηςίας.
2886 4523 3248 4588 Ἑλλάνικος

834 4737 869 4786 l.
907 4740 939 4788 5
976 4737 1164 4801 Ἐμεια
1199 4744 1282 4790 est
1316 4756 1385 4790 ox
1421 4739 1616 4790 Choer.
1656 4739 1812 4793 Orth.
1849 4741 1974 4802 206,
2013 4743 2104 4799 20,
2141 4740 2285 4791 unde
2323 4744 2547 4794 transiit
2580 4746 2639 4797 in
2674 4745 2738 4795 E.
2775 4744 2849 4798 M.
2886 4746 3010 4807 334,
3055 4746 3127 4794 19.
