3664 5546
659 384 806 433 XCII
1725 380 2148 429 PRAEFATIO.

823 537 894 602 Si
937 536 1184 603 vocalis
1230 536 1511 602 mediam
1556 537 1624 600 in
1667 559 1893 602 vocem
1936 536 2331 618 inculcatur,
2378 538 2534 624 quin
2565 536 2970 624 syllabarum
3009 562 3223 606 nume-

654 664 765 706 rus
823 650 1172 725 augeatur,
1239 662 1576 704 commune
1642 637 2029 703 vocabulum
2097 648 2195 704 est
2247 642 2647 729 πλεοναεμρε
2705 639 2812 724 (Il.
2856 642 2965 707 Pr.
3013 646 3059 708 Β
3107 644 3225 708 153

659 746 893 824 οὐροὺε
949 746 1019 810 ἐν
1075 747 1453 827 πλεοναεμῷ
1508 748 1622 808 τοῦ
1683 747 1752 825 ὖ,
1818 743 1869 808 A
1922 742 2045 806 551
2102 749 2328 822 κρειῶν
2386 743 2733 810 ἐπλεόναεε
2788 753 2879 830 τῷ
2933 750 2984 830 ῑ,
3051 747 3100 811 A
3143 744 3225 809 64

655 853 878 913 κυκειῶ
923 847 1268 911 ἐπλεόναεε
1313 846 1387 910 τὸ
1419 845 1494 931 ἰ);
1542 845 1923 930 saepissime
1954 845 2153 909 etiam
2182 845 2500 910 ἐπένθεειε
2534 847 2956 912 ἑπεντίθεεθαι
2988 845 3227 912 dicitur

586 950 598 981 ⁸
658 948 735 1033 (Α
761 949 888 1014 554
933 950 1230 1029 εὔκηλον;
1277 949 1352 1014 τὸ
1400 951 1439 1013 ὖ
1483 949 2001 1031 ἐπεντιθέμενον,
2045 948 2102 1013 Ξ
2133 946 2261 1011 340
2303 947 2532 1013 εὔαδεν
2563 948 2633 1013 ἐν
2666 948 2982 1014 ἐπενθὲεει
3012 954 3127 1015 τοῦ
3159 947 3225 1033 fi)

655 1062 721 1116 et
775 1074 860 1116 ex
912 1050 1315 1116 abundantia
1370 1048 1688 1116 vocabulo
1734 1050 2055 1116 ἐπένθεειε
2110 1048 2305 1114 etiam
2356 1051 2612 1129 περιττή
2658 1049 2950 1114 additur:
3010 1051 3090 1114 E.
3131 1050 3221 1115 M.

652 1152 813 1233 622,
859 1153 942 1218 39
999 1152 1445 1233 ὀλοοίτροχοεε
1506 1154 1825 1219 ἐπένθεειε
1879 1157 1996 1218 τοῦ
2052 1155 2074 1217 ῐ
2130 1154 2418 1235 περιττή,
2476 1149 2671 1215 etiam
2725 1154 3050 1233 πρόεθεει(
3102 1151 3225 1217 hoc

653 1254 1022 1340 significatu
1075 1254 1395 1341 reperitur
1450 1253 1527 1320 Il.
1587 1254 1695 1317 Pr.
1754 1253 1805 1318 Ω
1862 1254 1900 1318 8
1969 1254 2207 1332 πείρων
2263 1254 2590 1333 πρόεθεειε
2644 1261 2761 1321 τοῦ
2825 1258 2847 1320 ἰ
2914 1276 3031 1317 nec
3095 1277 3225 1319 non

654 1358 1153 1438 παραυξάνεεθαι
1199 1361 1248 1424 Α
1291 1358 1416 1422 493
1460 1362 1630 1423 τοῖοε
1680 1358 1754 1421 τὸ
1799 1360 1915 1421 τοῦ
1961 1357 2351 1421 Θεεεαλικῶε
2394 1359 2811 1437 παραυξηθέν.

821 1459 1165 1524 Contraria
1209 1460 1426 1544 passio
1473 1456 1843 1545 appellatur
1886 1459 2172 1537 ἔλλειψις
2213 1455 2319 1521 vel
2365 1457 2719 1542 ὑφαίρεειε,
2777 1480 2941 1545 quae
2997 1458 3227 1523 eodem

654 1562 797 1628 loco
851 1561 1176 1627 alternant
1227 1562 1306 1625 E.
1353 1560 1444 1624 M.
1489 1561 1644 1641 680,
1689 1561 1770 1625 57
1827 1559 2155 1641 Πόλυβοε;
2216 1564 2495 1641 ευγκοπὴ
2553 1564 2654 1628 καὶ
2709 1561 2829 1641 οὐχ
2884 1563 3226 1642 ὑφαίρεειε.

654 1665 708 1729 εἰ
750 1666 872 1744 γὰρ
916 1664 1059 1729 κατ’
1102 1664 1390 1743 ἔλλειψιν
1448 1664 1701 1740 ἐγένετο
1759 1665 1832 1729 τὸ
1880 1666 1950 1744 U,
2010 1660 2122 1747 qui
2174 1660 2352 1726 locus
2406 1662 2600 1727 etiam
2655 1683 2729 1727 eo
2784 1660 3225 1727 memorabilis

653 1775 782 1848 est,
829 1764 1001 1852 quod
1046 1764 1492 1846 HerodianuS,
1539 1787 1932 1852 quamquam
1976 1764 2116 1851 ipse
2161 1764 2490 1844 ὑφαίρεειν
2535 1765 2732 1829 etiam
2774 1787 2893 1851 pro
2939 1774 3229 1851 syncope

655 1868 848 1949 dicit,
893 1866 1029 1949 hic,
1076 1868 1189 1933 ubi
1234 1876 1575 1954 utramque
1620 1867 1991 1953 passionem
2036 1866 2437 1951 distinguere
2475 1865 2654 1948 vult,
2700 1868 3027 1948 ὑφαίρεειν
3071 1890 3227 1953 syn-

653 1991 855 2057 copae
899 1968 1187 2055 opponit.
1277 1967 1501 2034 Etiam
1543 1968 1871 2052 ἀφαίρεειε
1927 1971 2021 2034 sic
2066 1964 2417 2057 usurpatur¹
2461 1967 2701 2034 Arcad.
2740 1968 2880 2051 148,
2916 1969 2995 2032 14
3036 1972 3227 2035 ποιὲν

654 2073 978 2152 ἀφαιρὲεει
1022 2076 1137 2137 τοῦ
1180 2074 1203 2136 ἰ
1246 2070 1600 2157 eodemque
1644 2070 1842 2137 modo
1889 2072 2086 2137 etiam
2116 2069 2538 2156 Apollonium
2582 2070 2856 2137 vocibus
2903 2072 3229 2153 ὑφαίρεειε

656 2183 721 2238 et
764 2174 1092 2255 ἀφαίρεειε
1132 2173 1498 2258 promiscue
1543 2173 1640 2238 uti
1683 2173 1996 2239 observat
2024 2172 2409 2238 Skrzeczka
2435 2173 2648 2236 Lehre
2688 2195 2841 2237 vom
2870 2173 3160 2239 Verbum
3190 2175 3227 2237 l

655 2300 718 2362 p.
765 2276 826 2340 8.
871 2313 955 2323 --
1001 2275 1193 2340 etiam
1238 2276 1452 2341 ἔνδεια
1494 2272 1575 2339 Il.
1619 2273 1729 2341 ΡΥ.
1779 2278 1826 2341 Η
1875 2276 1958 2338 64
2010 2278 2078 2342 ἐκ
2124 2281 2238 2342 τοῦ
2282 2277 2560 2357 μελαίνει
2607 2275 2818 2360 ἐνδείᾳ
2864 2281 2978 2342 τοῦ
3022 2279 3044 2341 ῑ
3087 2277 3225 2352 ἐγέ-

655 2401 802 2453 νετο
849 2378 1123 2462 μελάνει,
1168 2377 1461 2460 ἀποβολή
1507 2376 1776 2442 obvenit
1819 2377 1900 2440 E.
1931 2377 2020 2441 M.
2052 2378 2198 2459 281,
2244 2378 2327 2442 33
2372 2379 2739 2446 ἐδοιὰεεατο
2786 2378 2887 2443 καὶ
2929 2378 3226 2461 ἀποβολῇ

653 2486 770 2546 τοῦ
814 2484 835 2547 i
880 2480 1185 2564 δοάεατο,
1230 2480 1374 2560 638,
1418 2479 1502 2545 54
1545 2481 1614 2545 ἐκ
1658 2485 1773 2546 τοῦ
1820 2480 1978 2546 οὖα(
2007 2481 2242 2558 γίνεται
2288 2481 2421 2545 κατ’
2466 2480 2799 2560 ἀποβολὴν
2845 2485 2959 2545 τοῦ
3006 2485 3042 2545 ῦ
3085 2480 3226 2564 ὄαε,

653 2605 842 2670 porro
888 2582 1088 2662 αἴρειν
1134 2582 1214 2646 Ε.
1257 2581 1346 2645 Μ.
1392 2582 1535 2663 662,
1580 2581 1664 2647 55
1707 2585 2044 2663 πέπυεμαι;
2092 2584 2441 2661 πέπευεμαι
2487 2580 2647 2660 ἆρον
2691 2584 2766 2647 τὸ
2814 2587 2851 2646 fi
2897 2590 2964 2646 et
3008 2582 3224 2661 ἐκετῆ-

654 2707 756 2754 ναι
819 2683 896 2749 Il.
955 2683 1066 2749 Pr.
1118 2685 1167 2749 A
1222 2683 1342 2748 301
1400 2685 1677 2751 Ἀεαῑονῑ
1734 2687 1910 2764 παρὰ
1961 2687 2037 2752 τὸ
2095 2684 2239 2750 αἶεα
2294 2685 2524 2761 γέγονε
2579 2685 2681 2748 καὶ
2734 2684 2942 2764 ἐξέετη
2995 2685 3224 2763 πρότε-

656 2811 772 2869 ρον
817 2790 891 2854 τὸ
934 2791 972 2854 ἱ

822 2890 1266 2955 consonarum
1294 2889 1578 2955 medium
1605 2890 1673 2962 in
1699 2889 2091 2956 vocabulum
2121 2887 2497 2954 interiectus
2527 2897 2801 2955 vocatur
2828 2890 3227 2970 πλεοναεμόε

654 2991 735 3057 11.
779 2992 887 3057 Pr.
932 2995 976 3058 Ε
1019 2993 1059 3056 9
1102 2994 1325 3072 Δάρης
1367 2995 1543 3073 παρὰ
1583 2994 1657 3058 τὸ
1704 2994 1862 3058 δαίω
1908 2992 1977 3057 ἐν
2022 2996 2402 3077 πλεοναεμῷ
2447 2998 2564 3058 τοῦ
2609 2996 2679 3075 ρ,
2736 2992 3112 3058 πλεονάζειν
3158 2999 3227 3054 et

655 3095 1178 3175 περιπλεονάζειν
1234 3093 1315 3158 Il.
1361 3094 1470 3158 ΡΥ.
1520 3096 1569 3159 N
1619 3094 1742 3159 809
1799 3095 2132 3175 βιβάεθωνῑ
2189 3093 2319 3159 ἀπὸ
2375 3100 2490 3160 τοῦ
2548 3101 2700 3176 βιβῶ
2746 3096 2995 3175 -βιβὰθω
3048 3115 3223 3172 περι-

657 3198 1134 3263 πλεονὰεαντοε
1178 3201 1293 3262 τοῦ
1337 3201 1386 3261 Ε.
1473 3196 1658 3261 Idem
1701 3195 1878 3260 valet
1922 3216 2053 3259 vox
2096 3195 2412 3262 ἑπένθεειε
2465 3195 2589 3261 hoc
2633 3193 2967 3261 intellectu
3010 3195 3223 3259 rarius

656 3298 900 3386 posita:
948 3297 1188 3362 Arcad.
1241 3297 1360 3362 159
1404 3299 1517 3363 τίω
1564 3299 1694 3363 κατ’
1739 3298 2062 3363 ἐπένθεειν
2107 3301 2223 3361 τοῦ
2268 3301 2305 3362 ν
2352 3297 2522 3363 τίνω.

828 3398 1112 3464 Omissio
1156 3420 1477 3464 consonae
1522 3420 1687 3484 quae
1730 3399 1806 3463 fit
1848 3396 2063 3462 medio
2117 3397 2185 3461 in
2238 3398 2556 3465 vocabulo
2611 3410 2887 3466 vocatur
2941 3401 3225 3479 ἔλλειψις

659 3500 737 3566 Il.
768 3500 874 3565 Pr.
907 3502 957 3567 A
986 3501 1111 3566 659
1156 3503 1545 3584 οὐταεμένοε
1590 3502 1723 3567 κατ’
1766 3503 2052 3580 ἔλλειψιν
2095 3505 2211 3566 τοῦ
2256 3505 2288 3565 Ε
2333 3501 2715 3588 οὐτάμενοε,
2761 3503 2977 3583 ὕφεειε
3020 3503 3069 3567 A
3100 3501 3225 3566 454

658 3611 882 3683 κτεριῶ
928 3603 1145 3686 ὕφεειε
1187 3610 1303 3670 τοῦ
1347 3609 1380 3670 Ε
1425 3606 1697 3687 Ἀττική,
1753 3605 2075 3686 ὑφαίρεειε
2119 3603 2171 3667 Ω
2214 3602 2339 3666 228
2392 3606 2679 3685 ποταμόε
2736 3606 2991 3682 ἐγένετο
3049 3606 3224 3683 παρὰ

657 3708 733 3772 τὸ
777 3708 1096 3786 ποταεμόε
1139 3707 1284 3772 καθ’
1327 3708 1652 3788 ὑφαίρεειν
1697 3710 1814 3772 τοῦ
1862 3712 1924 3790 ἓ,
1969 3705 2294 3792 ἀφαίρεειε
2337 3705 2416 3768 Ε.
2445 3705 2535 3770 Μ.
2578 3706 2724 3788 678,
2769 3707 2855 3770 44
2896 3710 3035 3771 ποῖ;
3083 3706 3226 3772 ἀντὶ

657 3813 773 3874 τοῦ
828 3810 980 3874 ποτί
1030 3809 1354 3890 ἀφαιρὲεει
1400 3813 1514 3874 τοῦ
1558 3812 1623 3892 ἰ,
1669 3808 1806 3874 εἶτα
1863 3810 2143 3893 ευνόδῳ,
2204 3808 2434 3888 ἐκβολή
2480 3806 2558 3875 Ε.
2604 3808 2692 3872 Μ.
2738 3808 2895 3890 342,
2946 3810 2977 3870 1
3037 3809 3226 3887 προεί

658 3913 886 3997 ἐκβολῇ
931 3916 1046 3976 τοῦ
1090 3917 1128 3990 ρ’
1172 3910 1344 3994 troci,
1389 3933 1516 3997 quo
1563 3911 1794 3976 eodem
1847 3911 1916 3973 in
1970 3908 2428 3974 adnotamento
2484 3908 2553 3972 in
2597 3912 2726 3974 An.
2774 3910 2902 3974 Ox.
2947 3908 3055 3973 III
3098 3909 3222 3973 267

660 4013 938 4093 ευγκοπή
984 4021 1229 4095 exstat,
1286 4013 1611 4097 ἀποβολή,
1667 4014 1744 4079 Ε.
1791 4012 1881 4076 Μ.
1926 4012 2042 4094 43,
2087 4011 2172 4075 40
2227 4012 2467 4077 αἴτιδαε
2522 4013 2625 4076 καὶ
2677 4011 2971 4096 ἀποβολῇ
3026 4016 3140 4077 τοῦ
3188 4000 3226 4077 δ

658 4116 875 4181 αἴτιαε.
961 4116 1054 4180 Ut
1087 4116 1164 4177 ·in
1207 4115 1336 4179 An.
1383 4113 1507 4179 Ox.
1554 4114 1662 4179 III
1707 4117 1987 4194 ευγκοπή
2044 4123 2429 4200 usurpatum
2485 4122 2586 4178 est
2639 4135 2756 4199 pro
2813 4114 3071 4195 ἐκβολή,
3129 4112 3229 4177 sic

657 4220 854 4283 etiam
896 4215 1400 4302 intellegendum
1453 4215 1716 4282 videtur
1769 4217 1835 4281 in
1888 4216 1968 4280 E.
2014 4217 2103 4282 M.
2148 4217 2307 4298 247,
2353 4216 2395 4279 5
2449 4220 2640 4297 δαμᾶ;
2700 4217 2790 4281 ὼε
2832 4216 3228 4295 Ἡρωδιανὸς

659 4321 790 4387 ἀπὸ
832 4326 948 4387 τοῦ
994 4320 1251 4399 δαμάζω
1295 4320 1530 4395 γίνεται
1575 4325 1755 4399 δαμῶ
1787 4321 1944 4385 κατὰ
1974 4320 2296 4398 ευγκοπήν
2326 4316 2571 4403 pariter
2599 4327 2793 4403 atque
2834 4339 2917 4382 ex
2957 4319 3226 4398 μαετίζω

658 4423 891 4503 μαετίω
936 4430 1148 4486 ortum
1192 4420 1352 4485 dicit
1394 4420 1640 4487 Herod.
1673 4421 1900 4485 Dichr.
1932 4420 2079 4502 298,
2117 4422 2215 4486 10.
2273 4419 2525 4484 Nomen
2569 4421 2893 4499 ὑποετολή
2939 4419 3227 4485 occurrit

657 4547 761 4611 ap.
807 4521 1056 4589 Herod.
1102 4523 1172 4587 in
1214 4524 1340 4586 An.
1389 4522 1515 4588 Ox.
1560 4522 1659 4588 IV
1701 4523 1860 4604 335,
1911 4523 1991 4586 10
2043 4524 2236 4604 μέλα(
2290 4523 2391 4587 καὶ
2433 4523 2628 4588 τάλα(
2684 4523 3044 4602 ὑποετολὴν
3105 4527 3226 4588 τοῦ

656 4632 690 4692 ἱ
735 4629 1051 4708 πέπονθε,
1098 4626 1371 4705 μέλανος
1415 4630 1515 4692 καὶ
1555 4626 1850 4692 τάλανοε.

827 4726 1172 4791 Caeterum
1225 4727 1337 4792 ubi
1393 4726 1472 4793 de
1527 4727 1741 4814 ellipsi
1794 4723 2226 4813 qualicunque
2281 4747 2493 4790 sermo
2551 4736 2684 4808 est,
2742 4723 2981 4790 dicitur
3032 4728 3230 4806 χωρίς

659 4829 799 4893 sive
853 4829 1007 4894 ἄνευ
1061 4831 1364 4912 (Ἐξάδιοε
1417 4833 1610 4910 χωρὶς
1663 4835 1779 4895 τοῦ
1835 4834 1865 4894 ἐ’
1922 4829 2145 4908 εὑρέθη
2199 4826 2276 4897 Il.
2325 4829 2434 4892 Pr.
2477 4831 2528 4894 Α
2570 4827 2726 4910 264,
2785 4828 2921 4893 αἰέν
2979 4828 3229 4905 λέγεται
