3664 5546
616 310 740 376 502
1549 309 1630 364 ΕΚ
1667 309 1807 363 ΤΩΝ
1851 308 2257 365 ΗΡΩΔΙΑΝΟΥ

617 486 731 564 μὲν
787 481 1071 559 εὐλόγως
1124 481 1298 561 παρὰ
1352 482 1709 562 βαρυτόνου
1758 484 1875 547 τοῦ
1927 480 2095 563 ὥρα,
2152 480 2270 546 οὐκ
2322 481 2452 561 ἔχει
2511 483 2582 547 δὲ
2638 482 3195 562 προϋποκείμενον

618 586 706 651 εἰς
755 573 883 653 θεν.

786 688 879 753 Τὰ
923 689 1011 753 εἰς
1053 691 1122 752 ’ὀῖ
1177 687 1595 770 ἐπιρρήματα,
1652 688 1759 753 ὅτε
1818 689 2007 766 δηλοῖ
2059 688 2175 765 τὴν
2232 687 2302 753 ἐν
2357 688 2540 772 τόπῳ
2594 689 2633 766 ἢ
2691 690 2805 768 τὴν
2860 688 2947 754 εἰς
2988 689 3195 754 τόπον

618 792 854 874 ςχὲςιν,
920 793 1080 870 ὑπὲρ
1147 791 1264 856 δύο
1332 790 1643 870 ςυλλαβὰς
1708 789 1897 872 ὄντα,
1962 793 2369 874 περιςπᾶται,
2450 791 2834 873 Μεγαροῖ,
2909 792 3197 872 Πυθοῖ,

557 895 996 975 5Φρεαροῖ,
1039 893 1447 975 Παιανιοῖ,
1492 892 1888 974 Ἁθμονοῖ,
1934 892 2308 975 οὐδαμοῖ,
2354 895 2729 975 μηδαμοῖ,
2770 896 3198 975 πανταχοῖ,

620 997 1071 1078 ἑκαςταχοῖ,
1136 996 1531 1077 ἐνταυθοῖ,
1594 995 1632 1058 ὃ
1676 995 1792 1073 τὴν
1839 993 2039 1074 αὐτὴν
2101 993 2232 1073 ἔχει
2279 994 2575 1075 ςημαςίαν
2631 1001 2723 1078 τῷ
2768 995 3046 1066 ,ἐνταῦθα
3100 1002 3197 1077 τῷ

620 1097 1041 1182 πρωτοτύπῳ.
1129 1099 1208 1164 τὰ
1261 1099 1333 1163 δὲ
1387 1098 1726 1178 διςύλλαβα
1781 1101 1913 1162 τῶν
1969 1097 2057 1162 εἰς
2121 1102 2185 1161 ὀῖ
2244 1096 2576 1178 βαρύνεται
2640 1098 2743 1162 καὶ
2795 1100 3209 1177 περιςπᾶται··

621 1205 990 1280 περιςπᾶται
1035 1202 1182 1285 με’ν,
1228 1200 1337 1265 ὅτε
1381 1199 1513 1279 ἔχει
1542 1199 1972 1277 πρωτότυπον
2017 1199 2363 1282 ὀξύτονον,
2408 1201 2583 1277 παρὰ
2623 1201 2699 1264 τὸ
2744 1199 2924 1279 ςφίγξ
2970 1220 3197 1279 ςφιγ·

619 1306 782 1386 γοῖ,
828 1303 1039 1382 ἰςθμός
1084 1302 1375 1384 ἰςθμοῖ,
1424 1301 1610 1381 βυθός
1642 1307 1778 1381 βυθ
1799 1305 1906 1384 οῖ,
1950 1303 2026 1366 τὸ
2071 1300 2308 1381 ἁρμοῖ
2351 1305 2838 1381 ςυμπεριςπᾶται
2877 1307 2970 1385 τῷ
3000 1301 3197 1384 ἁρμῷ.

527 1410 586 1461 10
621 1406 746 1470 ἔςτι
779 1407 872 1471 ’δὲ
932 1407 1008 1470 τὸ
1065 1405 1258 1485 ἁρμοῖ
1311 1403 1779 1483 (υρακουςίωψ
1845 1401 2044 1483 ἁρμός
2099 1403 2220 1482 γὰρ
2286 1402 2492 1482 ἁρμοῠ
2548 1402 2728 1486 ἁρμῷ
2790 1405 2893 1468 καὶ
2936 1407 3199 1488 ςυςτολῇ

621 1508 816 1587 ἁρμοῖ
862 1508 952 1572 ὡς
995 1506 1170 1585 παρὰ
1216 1505 1591 1588 Καλλιμάχῳ

864 1629 884 1645 ’
1019 1609 1213 1688 ἁρμοῖ
1254 1608 1384 1687 πὰρ
1412 1608 1684 1673 Δαναὸν
1726 1611 1843 1686 γῆς
1886 1594 2016 1672 ἀπὸ
2062 1608 2425 1689 βουγενέων
2471 1606 2582 1690 (fr.
2627 1606 2783 1692 230)

1027 1711 1220 1790 ἁρμοῖ
1261 1730 1391 1774 που
1435 1709 1703 1795 κάκείνῳ
1749 1709 2049 1790 ἐπέτρεχε
2098 1711 2332 1775 λεπτὸς
2374 1709 2598 1775 ἴουλος
2643 1708 2753 1794 (fr.
2797 1709 2929 1795 44).

623 1814 829 1879 οὕτως
885 1813 1067 1878 Θέων
1123 1811 1161 1877 ὁ
1215 1813 1693 1892 Ἀρτεμιδώρου.
1779 1812 1860 1876 τὰ
1917 1813 1987 1876 δὲ
2042 1810 2172 1877 ἀπὸ
2231 1812 2606 1893 βαρυτόνων
2654 1813 3020 1897 βαρύνεται,
3079 1813 3203 1880 ἔξω

530 1921 586 1973 15
624 1917 783 1984 ἕξοι
798 1965 816 1997 ,
881 1915 1082 1980 πέδον
1150 1914 1379 1979 πέδοι
1448 1914 1675 1980 «πέδοι
1732 1915 1804 1978 δὲ
1873 1916 2089 1992 βᾶςαι»
2160 1913 2465 1993 Αἰςχύλος
2523 1915 2855 1995 Προμηθεῖ
2921 1916 3202 1996 δεςμώτῃ

626 2019 720 2102 (ν.
764 2016 949 2102 280),
1005 2016 1199 2081 ἔνδον
1244 2015 1461 2081 ἔνδοι
1518 2016 1735 2080 «ἔνδοι
1777 2015 2144 2093 Πραξινόα»
2203 2016 2242 2081 ὁ
2286 2016 2629 2095 Θεόκριτος
2685 2015 2850 2100 (XV
2898 2017 2964 2101 1)
3021 2017 3204 2084 οἶκος

629 2119 855 2186 οἴκοι

793 2221 886 2285 Τὰ
932 2221 1354 2299 ςχετλιαςτικὰ
1398 2224 1528 2286 τῶν
1573 2220 1662 2287 εἰς
1704 2226 1771 2286 οἳ
1827 2222 1930 2286 καὶ
1971 2225 2035 2285 ὀὗ
2080 2220 2324 2298 ἄλογον
2369 2220 2499 2301 ἔχει
2542 2222 2659 2288 τὸν
2701 2221 2916 2287 τόνον.
3004 2221 3045 2285 ἃ
3088 2223 3203 2302 μὲν

624 2325 746 2402 γὰρ
790 2322 1006 2388 αὐτῶν
1052 2326 1454 2406 περιςπᾶται,
1515 2322 1605 2387 ὡς
1664 2324 1740 2388 τὸ
1797 2321 2070 2388 ὀτοτοῖ
2124 2322 2279 2402 ἔχον
2337 2323 2917 2403 ςυμπαρακείμενον
2973 2325 3075 2389 καὶ
3126 2326 3205 2389 τὸ

523 2433 591 2483 20
626 2425 935 2507 ἀταταῖ,
993 2426 1094 2489 καὶ
1146 2427 1222 2490 τὸ
1279 2424 1460 2489 ούαῖ
1514 2425 1617 2489 καὶ
1660 2424 1858 2507 αἰαῖ,
1917 2428 2139 2505 ςαβοῖ
2182 2445 2249 2490 τε
2294 2426 2396 2490 καὶ
2438 2426 2651 2508 αἰβοῖ
2704 2427 2804 2491 καὶ
2857 2426 2930 2492 τὸ
2978 2429 3209 2508 ςαβαῖ

625 2528 784 2605 παρ’
828 2526 1128 2591 Εὐπόλιδι
1184 2526 1255 2591 ἐν
1301 2527 1590 2592 Βάπταις.
1662 2527 1737 2591 τὸ
1784 2527 1855 2591 δὲ
1901 2526 2068 2590 εὐαί
2111 2528 2286 2606 παρὰ
2328 2534 2421 2613 τῷ
2465 2528 2641 2612 αὐτῷ
2685 2527 2974 2596 ὀξύνεται
3026 2528 3209 2593 «εὐαὶ

629 2632 850 2709 ςαβαῖ»
911 2629 1000 2693 ὼς
1046 2630 1121 2695 τὸ
1178 2628 1282 2712 αἴ,
1339 2628 1549 2713 οὐαί,
1597 2628 1851 2716 βαβαί.
1933 2629 2267 2709 βαρύνεται
2312 2632 2383 2695 δὲ
2438 2630 2512 2695 τὸ
2573 2628 2787 2710 οἴμοι
2834 2629 3040 2709 ὤμοι.
3129 2631 3209 2696 τὸ

762 2820 798 2869 1.
835 2821 868 2869 4
916 2818 983 2869 de
1021 2817 1272 2882 Μεγαροῖ
1316 2819 1388 2869 of.
1426 2818 1507 2869 St.
1547 2819 1608 2868 B.
1645 2819 1772 2877 439,
1810 2820 1868 2867 7:
1912 2816 1985 2868 τὰ
2029 2816 2234 2869 τοπικὰ
2271 2816 2603 2882 Μεγαρόθεν
2649 2817 2712 2869 ἐκ
2748 2818 2959 2883 τόπου,
3006 2818 3097 2869 καὶ
3144 2817 3210 2870 ἐν

628 2886 793 2953 τόπῳ
833 2886 1084 2952 Μεγαροῖ
1120 2886 1199 2937 ὡς
1235 2885 1444 2951 Πυθοῖ,
1485 2886 1628 2951 quod
1666 2885 1855 2935 addidi
1890 2885 2040 2948 hino,
2089 2886 2157 2936 de
2194 2885 2436 2951 Φρεαροῖ
2472 2886 2550 2939 St.
2588 2888 2651 2938 B.
2688 2890 2813 2950 671,
2856 2893 2916 2939 13
2951 2904 2993 2941 s,
3032 2885 3209 2951 Φρέα-

629 2971 742 3021 ροι,
790 2955 857 3006 de
905 2954 1167 3019 Ἁθμονοῖ
1211 2956 1281 3005 cf.
1329 2954 1562 3005 eundem
1607 2956 1700 3017 35,
1749 2957 1814 3004 14
1860 2953 2159 3017 Ἅθμονον.
2239 2954 2477 3018 μηδαμοῑ
2520 2982 2587 2990 -
2632 2953 2923 3019 ἑιςαςταχοῖ
2965 2962 3095 3005 sunt
3139 2970 3209 3005 ex

628 3024 875 3090 Theogn.
915 3026 1031 3086 157,
1068 3027 1159 3080 30,
1205 3023 1274 3074 do
1310 3022 1572 3074 ἐνταυθοῖ
1619 3021 1689 3072 ef.
1728 3022 1916 3073 Schol.
1954 3023 2023 3072 ad
2058 3023 2123 3072 11.
2161 3021 2210 3074 Φ
2250 3025 2346 3072 122
2391 3024 2449 3072 in
2485 3022 2585 3077 An.
2620 3023 2744 3073 Par.
2780 3024 2866 3075 111
2900 3040 2951 3088 p.
2988 3025 3104 3073 291.
3141 3049 3209 3058 —

631 3094 667 3142 1.
706 3096 770 3143 10
806 3091 919 3142 ἔςτι
954 3091 1016 3143 δὲ
1050 3090 1120 3143 τὸ
1157 3089 1322 3155 ἁρμοῖ
1357 3118 1420 3129 -
1459 3090 1495 3140 1.
1535 3092 1598 3141 14
1634 3088 1797 3141 Θέων
1835 3089 1867 3141 ό
1906 3089 2315 3154 Ἀρτεμιδώρου
2351 3091 2632 3156 composui
2665 3108 2733 3142 ex
2768 3091 2836 3145 Il.
2873 3093 2964 3140 Pr.
3001 3090 3044 3142 Α
3081 3092 3208 3141 486:

632 3160 868 3225 ἕρματα;
907 3158 976 3212 τὰ
1014 3158 1225 3223 ἕρματα
1261 3157 1311 3210 εἰ
1346 3158 1435 3210 καὶ
1472 3157 1533 3209 ἐκ
1566 3160 1669 3208 τοῦ
1709 3154 2030 3222 ἐρείςματα,
2068 3157 2135 3210 οὐ
2175 3158 2463 3222 ψιλοῦται,
2502 3157 2580 3210 ὥς
2615 3172 2791 3222 τινες,
2829 3156 2952 3209 ἐπεὶ
2976 3156 3049 3209 τὰ
3085 3158 3209 3222 βρα-

631 3226 913 3292 χυνόμενα
960 3227 1268 3292 φωνήεντα
1313 3225 1709 3289 καταλήγοντα
1756 3223 1834 3276 εἰς
1880 3229 1912 3291 ρ
1958 3224 2371 3290 ἐπιφερομένου
2416 3228 2519 3277 τοῦ
2564 3228 2605 3286 ῖι
2649 3225 2969 3289 δαςύνεται,
3017 3224 3207 3290 ὅρμος,

632 3296 806 3360 ἅρμα,
847 3294 1117 3359 ὅρμαθος,
1156 3295 1319 3346 ἔνθεν
1363 3295 1399 3358 ἡ
1449 3291 1665 3346 πλείων
1711 3295 1896 3357 χρῆςις
1941 3292 2010 3344 τὸ
2057 3292 2221 3358 ἁρμοῖ
2267 3293 2487 3345 δαςύνει
2527 3292 2905 3359 [(υρακοςίων
2950 3292 3016 3345 ὃν
3064 3294 3208 3345 κατὰ

633 3362 738 3414 τὸν
772 3362 1046 3427 τεχνικόν.
1115 3361 1290 3428 ἁρμός
1324 3362 1457 3427 γάρ,
1496 3376 1689 3427 φηςιν,
1736 3360 1915 3426 ἁρμοῠ
1962 3360 1996 3412 ἁ
2035 3365 2122 3425 μῷ
2170 3362 2259 3413 καὶ
2307 3362 2541 3427 ςυςτολῇ
2588 3360 2751 3427 ἁρμοῖ
2796 3361 2939 3413 κατὰ
2982 3361 3051 3412 τὸ
3099 3361 3207 3414 ἔξω

635 3431 746 3484 ἕξοι
785 3432 908 3497 (pro
945 3429 1079 3494 ἐξοῖ)
1117 3432 1207 3482 καὶ
1244 3431 1407 3482 ἔνδον
1446 3430 1594 3482 ἔνδοι
1629 3428 1779 3494 παρὰ
1803 3428 1984 3494 Θεοκρ
2008 3429 2133 3495 τῳ].
2186 3431 2370 3480 Verba
2405 3431 2563 3481 uncis
2596 3431 2810 3481 Inclusa
2848 3447 2913 3481 ex
2948 3431 3206 3484 Eustath.

640 3503 762 3562 140,
814 3504 876 3550 10
922 3507 1274 3551 accesserunt
1326 3516 1504 3564 neque
1562 3499 1783 3548 dubium
1838 3504 1949 3561 est,
2006 3500 2140 3563 quin
2195 3497 2478 3549 technicus
2533 3500 2605 3548 sit
2658 3499 3032 3559 Herodianus,
3084 3515 3211 3549 nam

638 3567 1029 3634 praecedentia
1067 3584 1288 3632 prorsus
1325 3584 1444 3617 cum
1478 3567 1795 3617 Herodiano
1832 3569 1889 3617 in
1926 3565 1990 3616 Il.
2028 3566 2118 3615 Pr.
2165 3571 2484 3631 congruunt.
2556 3567 2702 3617 Hinc
2748 3567 3042 3617 coniectari
3075 3566 3211 3617 lieet

636 3638 806 3686 etiam
842 3637 906 3689 Ε.
942 3635 1016 3685 Μ.
1058 3638 1171 3699 144,
1209 3638 1273 3686 47
1312 3652 1377 3684 ox
1412 3634 1728 3685 Herodiano
1764 3634 1988 3684 fluxisse
2033 3639 2092 3684 et
2128 3635 2500 3685 testimonium
2535 3635 2777 3685 Theonis
2823 3636 2893 3684 ab
2940 3636 3062 3700 ipso
3098 3636 3206 3685 Ho-

634 3703 865 3753 rodiano
901 3704 1210 3768 appositum
1245 3719 1394 3753 esse:
1432 3701 1618 3767 ἁρμῷ;
1658 3700 1832 3765 ἁρμός
1870 3701 2047 3766 ἁρμοῠ
2085 3699 2269 3767 ἁρμῷ·
2315 3701 2455 3767 οὕτη
2503 3700 2538 3765 ἡ
2576 3702 2768 3765 δοτικὴ
2817 3702 3094 3766 μετῆλθεν
3128 3701 3208 3753 εἰς

637 3770 1075 3835 ἑπιρρηματικὴν
1112 3766 1377 3836 ςημαςίαν
1415 3769 1503 3820 καὶ
1540 3769 1781 3834 ἐφύλαξε
1818 3771 1927 3833 τὴν
1964 3769 2141 3821 αὐτοῦ
2177 3771 2405 3835 γραφὴν
2442 3767 2566 3821 οἶον
2601 3769 2777 3837 ἁρμῷ.
2853 3768 3100 3836 ςημαίνει
3137 3770 3209 3821 τὸ

636 3836 857 3903 ἀρτίως.
938 3838 971 3890 ό
1014 3838 1075 3890 δὲ
1120 3837 1372 3903 τεχνικὸς
1421 3837 1595 3899 λέγει,
1645 3837 1733 3888 ὅτι
1779 3837 1931 3901 παρὰ
1980 3841 2097 3889 τοῖς
2146 3836 2530 3903 (ἰυρακουςίοις
2577 3836 2665 3889 διὰ
2709 3840 2813 3889 τοῦ
2851 3840 2886 3888 ἰ’
2919 3837 3208 3902 γράφεται.

637 3906 840 3959 ἐκεῖνοι
878 3906 982 3971 γὰρ
1019 3906 1182 3971 ἁρμοῖ
1219 3905 1433 3969 λέγουςι
1470 3904 1611 3956 κατὰ
1647 3905 1919 3970 ςυςτολὴν
1953 3907 2057 3957 τοῦ
2092 3908 2143 3957 ’ὦ
2181 3904 2260 3958 εἰς
2294 3905 2365 3958 τὸ
2400 3908 2435 3958 ὃ
2470 3905 2549 3958 ὡς
2584 3905 2736 3970 παρὰ
2778 3905 3106 3972 Καλλιμάχῳ
3142 3932 3212 3942 —-

637 3975 824 4027 οὕτως
861 3974 1024 4027 Θέων
1071 3975 1102 4026 ό
1143 3973 1577 4039 Ἀρτεμιδώρου,
1626 3973 1693 4024 de
1738 3988 1844 4038 quo
1889 3974 1958 4027 ef.
2004 3975 2199 4024 Ranke
2245 3975 2310 4026 de
2356 3974 2596 4039 Hesyeh.
2644 3991 2699 4040 p.
2742 3978 2855 4026 136.
2938 3975 3006 4025 of.
3056 3991 3210 4040 prae-

640 4051 795 4095 terea
830 4045 932 4108 Ep.
974 4044 1060 4096 Cr.
1096 4045 1123 4094 Ι
1162 4047 1286 4106 163,
1327 4046 1406 4094 15.
1450 4070 1517 4077 -—
1563 4041 1629 4092 de
1667 4040 1815 4092 ἔνδοι
1861 4042 1933 4092 of.
1969 4043 2146 4107 Apoll.
2196 4042 2262 4091 de
2309 4043 2431 4095 adv.
2472 4043 2599 4105 588,
2635 4046 2702 4093 30
2746 4050 2804 4093 et
2847 4045 2961 4093 610.
3033 4044 3097 4097 Ε.
3134 4045 3207 4094 Μ.

639 4115 758 4177 663,
794 4115 884 4164 27:
924 4110 1074 4173 λέγει
1111 4111 1142 4163 ὁ
1177 4109 1459 4175 τεχνικός,
1500 4109 1586 4161 ὅτι
1623 4108 1673 4161 εἴ
1707 4124 1791 4160 τις
1827 4108 1896 4160 τὸ
1934 4109 2041 4162 ἔξω
2067 4109 2167 4161 ςὺν
2190 4113 2276 4160 τῶ
2314 4113 2346 4161 ἶ
2380 4109 2609 4175 γράφει,
2636 4108 2828 4176 ἐπειδὴ
2856 4109 2909 4161 οἱ
2934 4107 3209 4175 (υρακού-

641 4194 742 4231 ςιοι
768 4178 879 4230 ἔξοι
917 4177 1195 4242 λέγουςιν,
1236 4179 1340 4231 οὐκ
1364 4178 1623 4242 ἐπιχειρεῖ
1659 4178 1862 4229 καλῶς.
1911 4175 2030 4229 ἰδοὺ
2067 4177 2173 4243 γὰρ
2207 4161 2276 4229 τό
2313 4178 2478 4230 ἔνδον
2502 4178 2650 4231 ἔνδοι
2675 4177 2930 4241 λέγουςιν
2955 4177 3034 4229 ὼς
3058 4178 3211 4243 παρὰ

640 4245 928 4312 Θεοκρίτῳ
965 4246 1159 4298 «ἔνδοι
1194 4246 1520 4311 Πραξινόα»
1564 4272 1633 4282 -—
1673 4246 1764 4297 καὶ
1806 4245 1962 4309 ὅμως
2005 4245 2073 4297 τὸ
2120 4246 2284 4298 ἔνδον
2328 4246 2395 4298 οὐ
2440 4245 2717 4311 γράφεται
2760 4245 2849 4298 διὰ
2892 4249 2995 4298 τοῦ
3041 4248 3073 4297 ὃ
3118 4246 3211 4298 καὶ

640 4318 743 4367 τοῦ
780 4319 828 4366 ῖ.
898 4313 954 4365 τί
996 4314 1100 4366 οὖν
1144 4314 1387 4378 ἄτοπον,
1435 4314 1525 4365 καὶ
1569 4313 1639 4364 τὸ
1685 4313 1792 4366 ἔξω
1836 4312 2142 4377 γράφεςθαι
2186 4315 2355 4379 χωρὶς
2398 4317 2502 4366 τοῦ
2538 4316 2589 4379 ἶ,
2628 4313 2679 4367 εἰ
2722 4316 2812 4367 καὶ
2860 4314 3113 4377 λέγουςιν
3156 4313 3212 4366 οἱ

641 4382 996 4448 (υρακούςιοι
1031 4381 1165 4443 ἔξοι;
1204 4384 1305 4448 Ep.
1333 4382 1418 4434 Cr.
1446 4383 1475 4432 I
1501 4384 1613 4443 137,
1651 4384 1742 4432 28:
1783 4379 2028 4433 εἷνατος;
2068 4382 2130 4434 ὲκ
2165 4385 2269 4433 τοῦ
2305 4382 2539 4435 ἔννατος
2577 4382 2719 4434 κατὰ
2754 4383 3071 4447 μεταβολὴν
3105 4384 3241 4434 τοῦι

638 4455 673 4501 V
712 4449 789 4503 εἰς
824 4454 873 4502 T.
920 4450 1010 4501 καὶ
1046 4449 1080 4513 ή
1121 4449 1222 4514 μὲν
1255 4452 1377 4501 τῶν
1417 4447 1685 4514 Ἀργείων
1720 4448 2006 4501 διάλεκτος
2043 4449 2466 4514 μεταβάλλειτὸ
2502 4454 2533 4502 ῖ
2572 4449 2650 4504 εἰς
2686 4454 2741 4500 ’ν-
2777 4451 2847 4503 τὸ
2872 4450 2976 4515 γὰρ
3002 4448 3209 4502 ςπείδω

644 4518 864 4571 ςπένδω
902 4516 1118 4580 λέγουςι
1153 4518 1244 4569 καὶ
1279 4517 1347 4569 τὸ
1391 4515 1498 4569 αἰεί
1534 4514 1676 4569 αἰέν·
1721 4519 1757 4582 ἡ
1804 4517 1865 4569 δὲ
1903 4515 2149 4570 (ικελῶν
2191 4518 2262 4569 τὸ
2296 4518 2537 4582 ἔμπαλιν
2581 4519 2650 4571 τὸ
2687 4524 2720 4570 ν
2757 4516 2834 4570 εἰς
2870 4522 2901 4571 ῑ
2941 4516 3210 4582 μεταβάλ-

644 4589 819 4639 λουςι·
856 4586 925 4639 τὸ
959 4585 1066 4651 γὰρ
1101 4586 1400 4649 ἑννάνυχες
1439 4584 1724 4648 εἰνάνυχες
1760 4585 1796 4649 (Ι
1834 4586 1954 4647 466)
2001 4584 2216 4649 λέγουςι
2262 4589 2351 4638 καὶ
2396 4587 2465 4639 τὸ
2500 4586 2665 4638 ἔνδον
2702 4587 2865 4638 ἔνδοι.
3072 4588 3108 4638 l.
3148 4590 3210 4638 19

646 4655 837 4706 ὀτοτοῖ
884 4656 1080 4721 scripsi
1125 4672 1221 4721 pro
1265 4651 1372 4706 οἰοῖ
1419 4670 1540 4704 oum
1588 4654 1782 4704 Lehrs.
1821 4655 1891 4704 ad
1926 4655 2128 4705 Herod.
2176 4672 2225 4721 p.
2262 4659 2353 4718 96,
2398 4655 2432 4705 l.
2472 4658 2534 4706 21
2581 4654 2639 4706 αῖ
2674 4653 2801 4706 οὐαί
2836 4652 2995 4717 βαβαί
3031 4655 3211 4705 adieci

603 4758 610 4765 ι
647 4740 714 4773 ex
749 4721 940 4776 Arcad.
980 4723 1093 4782 183,
1135 4727 1215 4785 19,
1254 4740 1349 4788 pro
1385 4719 1512 4773 οὐαί
1549 4722 1804 4788 Uhligius
1840 4723 1897 4772 in
1931 4722 2124 4774 Museo
2148 4723 2325 4774 Rhea.
2360 4724 2487 4774 XIX
2527 4740 2581 4788 p.
2615 4728 2680 4775 34
2706 4719 2839 4775 ἐὐαί
2873 4724 3211 4774 substituere

647 4790 789 4853 vult,
828 4790 894 4841 do
932 4788 1089 4853 βαβαί
1126 4790 1257 4842 Cod.
1295 4793 1417 4845 Vat.
1459 4792 1587 4842 1766
1625 4791 1721 4845 fol.
1762 4793 2067 4855 142—183,
2116 4791 2290 4842 Bokk.
2327 4790 2428 4846 An.
2466 4793 2622 4844 1352:
2669 4790 2724 4844 οἱ
2768 4789 2980 4842 ἰδιῶται
3015 4792 3119 4855 τῆς
3156 4794 3209 4842 αἰ
