3664 5546
629 366 752 431 190
1561 366 1643 421 ΕΚ
1680 366 1819 421 ΤΩΝ
1863 366 2273 422 ΗΡΩΔΙΑΝΟΥ

626 537 875 614 λέγεται
927 535 1058 603 ἀπὸ
1102 537 1333 616 Πάρου
1388 541 1505 603 τοῦ
1547 538 1918 617 Παρραςίου
1973 536 2213 617 ἀνδρὸς
2256 537 2562 616 Ἀρκάδος
2616 536 2788 616 ἔχειν
2846 535 2938 602 ὡς
2991 533 3212 600 Καλλί-

625 659 842 719 μαχος.
943 639 1238 718 Νικάνωρ
1296 641 1367 705 δὲ
1433 640 1504 705 ἐν
1556 644 1695 707 ταῖς
1749 641 2231 722 μετονομαςίαις
2286 639 2614 718 κεκλῆςθαί
2668 660 2860 720 φηςιν
2925 637 3212 704 Πακτίαν

623 741 1041 821 Δημητριάδα
1085 742 1425 808 Ζάκυνθον
1466 742 1686 822 Ὑρίαν
1717 742 2064 823 Ὑλήεςςαν
2110 743 2212 808 καὶ
2258 743 2529 826 Μινῴαν
2574 742 2676 807 καὶ
2708 741 3040 823 Κάβαρνιν.
3085 738 3212 806 ἔςτι

625 846 697 908 δὲ
740 845 844 909 καὶ
886 842 1049 923 ἄλλη
1079 843 1304 922 Πάρος
1348 848 1537 924 νῆςος
1567 845 1932 930 Λιβυρνῶν,
1976 846 2065 911 ὥς
2108 867 2260 927 φηςι
2291 844 2573 925 (κύμνος
2616 844 2656 909 ὁ
2689 844 2843 909 Χῖος
2874 843 2945 909 ἐν
2975 843 3212 927 πρώτῳ

561 958 596 1008 5
625 947 1073 1026 περιηγήςεως.
1124 946 1441 1026 Κλάρος.
1489 947 1845 1026 Νίκανδρος
1911 946 2136 1030 (Ther.
2182 945 2336 1030 958)

927 1051 1184 1130 μνῆςτιν
1229 1048 1436 1133 ἔχοις,
1479 1050 1595 1115 τὸν
1641 1049 1878 1130 ἔθρεψε
1925 1049 2172 1129 Κλάρος
2214 1049 2521 1131 νιφόεςςα
2562 1049 2852 1129 πολίχνη.

622 1149 878 1229 γάρος.
922 1151 1230 1231 Αἰςχύλος
1271 1152 1531 1230 Πρωτεῖ
1573 1159 1881 1237 ςατυρικῶ

1475 1255 1578 1320 καὶ
1618 1256 1735 1321 τὸν
1779 1255 2018 1334 ἰχθύων
2061 1255 2295 1334 γάρον·

625 1356 951 1440 ςπάρος,
1006 1355 1287 1434 ςκάρος
1343 1357 1445 1421 καὶ
1489 1355 1784 1435 (κάρος
1837 1357 2024 1423 πόλις
2067 1357 2295 1423 Λυκίας
2350 1357 2452 1422 καὶ
2505 1358 2581 1421 τὸ
2636 1356 2888 1422 ἐθνικόν
2957 1354 3211 1436 ὁμοίως.

523 1466 590 1519 10
625 1457 751 1523 ἔςτι
795 1460 868 1524 δὲ
922 1459 1027 1524 καὶ
1078 1460 1278 1539 κρήνη
1321 1458 1477 1538 ἱερά.
1565 1458 1615 1524 Τ
1628 1458 1873 1539 μάρος
1927 1458 1965 1523 ὁ
2010 1458 2305 1540 Τόμαρος
2359 1457 2516 1538 ὄρος
2569 1459 2921 1538 Δωδώνης.
3007 1458 3083 1523 τὸ
3139 1459 3214 1522 δὲ

626 1564 867 1642 βᾶρός
911 1561 1014 1625 καὶ
1057 1561 1328 1639 Ῥἂρος
1370 1561 1533 1639 παρ>
1564 1561 1868 1626 Ἀττικοῖς
1912 1563 2071 1627 κατὰ
2112 1563 2357 1642 χρόνον
2403 1563 2734 1642 ςημειώδη.
2785 1562 2861 1627 τὸ
2918 1562 2990 1626 δὲ
3034 1563 3212 1626 κλᾶ-

624 1663 759 1741 ρός
804 1662 928 1727 ἐςτι
971 1663 1291 1742 Δωρικόν.
1365 1664 1446 1727 τὰ
1491 1664 1707 1742 μέντοι
1755 1663 2013 1729 ἐπίθετα
2056 1664 2380 1748 ὀξύνεται,
2425 1664 2721 1745 μναρός
2763 1663 2802 1728 ὁ
2846 1663 3034 1745 ἡδὺς,
3081 1665 3210 1727 λα-

546 1799 557 1808 ·
623 1765 757 1844 ρός
802 1764 840 1829 ὁ
883 1765 1118 1841 γλυκύς
1167 1766 1407 1844 «λαρός
1451 1763 1683 1849 ἄμης»,
1741 1765 1929 1832 ἔνθεν
1974 1768 2049 1831 τὸ
2095 1768 2442 1846 οὐδέτερον
2501 1768 2743 1845 «λαρὸν
2802 1765 3212 1845 τετυκοίμεθα

624 1868 913 1946 δόρπον»
960 1864 1117 1950 (od.
1163 1889 1205 1947 μ
1248 1867 1420 1950 283).
1520 1867 1808 1951 ψαρός,
1863 1869 2133 1953 ναρός,
2189 1869 2376 1935 ἔνθεν
2432 1869 2711 1948 θηλυκὸν
2767 1869 2944 1947 παρὰ
3000 1866 3210 1947 (otpo-

525 1983 589 2037 15
622 1972 761 2034 κλεῖ
804 1969 875 2034 ἐν
919 1968 1139 2054 Ἰνάχῳ
1184 1976 1493 2055 ςατυρικῷ

1231 2071 1430 2151 ναράς
1473 2092 1542 2137 τε
1584 2072 1829 2151 πατρὸς
1870 2073 2165 2153 κυμάτων
2209 2073 2515 2152 ἐπιρροὰς

1230 2174 1548 2255 ἐπώμοςα.

792 2275 886 2341 Τὰ
944 2274 1032 2340 εἰς
1088 2279 1247 2355 ηρ-οξ
1301 2278 1644 2359 διςύλλαβα
1698 2279 1884 2357 κύρια
1936 2277 2098 2345 ὄντα
2155 2278 2522 2361 βαρύνεται,
2578 2277 2851 2359 (ῆρος,
2909 2276 3210 2356 Τρῆρος

623 2377 863 2458 χωρίον
922 2378 1203 2463 Θρᾴκης,
1260 2380 1481 2458 Δρῆρ
1501 2400 1585 2445 ος
1640 2380 1827 2445 πόλις
1878 2381 2157 2460 Κρητική.
2243 2381 2324 2445 τὰ
2378 2382 2452 2445 δὲ
2495 2379 2960 2463 προςηγορικά,
3020 2378 3075 2443 εἰ
3127 2380 3209 2459 μὴ

520 2495 591 2548 20
624 2481 755 2545 ἀπὸ
788 2482 1151 2561 ςυμφώνων
1182 2480 1521 2566 ἄρχοιντο,
1551 2482 1876 2566 ὀξύνεται,
1922 2484 2161 2563 κηρός
2173 2533 2193 2567 ,
2237 2482 2488 2565 φηρός
2531 2481 2571 2560 ἡ
2613 2483 2827 2562 τροφὴ
2856 2486 2988 2547 τῶν
3019 2485 3210 2564 θεῶν,

623 2583 880 2663 μηρός.
967 2583 1043 2648 τὸ
1099 2585 1316 2664 μέντοι
1372 2588 1661 2664 κλῆρος
1717 2585 2057 2667 βαρύνεται
2125 2586 2217 2651 ώς
2281 2584 2413 2651 ἀπὸ
2479 2585 2598 2650 δύο
2668 2585 3031 2666 ςυμφώνων
3099 2583 3210 2663 ἀρ-

623 2684 915 2766 ξάμενον.

792 2788 887 2854 Τὰ
940 2788 1028 2854 εἰς
1074 2793 1235 2867 ῆῑῑόῖ
1280 2790 1623 2872 διςύλλαβα
1667 2791 1984 2857 ἐπιθετικὰ
2028 2791 2189 2858 ὄντα
2232 2792 2388 2872 μετὰ
2431 2793 2755 2873 θηλυκῶν,
2813 2788 2868 2854 εἰ
2917 2790 3032 2869 μὲν
3077 2787 3208 2854 ἀπὸ

622 2891 967 2972 ἡμιφώνου
1021 2890 1320 2974 ἄρχοιτο,
1374 2891 1697 2978 ὀξύνεται,
1754 2895 2114 2978 ςκληρός,
2181 2894 2433 2974 ξηρός.
2532 2893 2635 2959 καὶ
2698 2894 2776 2957 τὸ
2832 2892 3083 2972 πηρός
3138 2894 3212 2956 δὲ

520 3009 586 3061 25
623 2993 913 3060 ὀξύνεται
967 2993 1143 3072 παρὰ
1194 3000 1288 3077 τῷ
1340 3002 1605 3081 ποιητῇ,
1660 2996 1837 3074 παρὰ
1890 2999 1962 3061 δὲ
2015 3000 2154 3062 τοῖς
2209 2996 2512 3061 Ἀττικοῖς
2572 2998 2796 3075 πῆρος.
2886 2995 3211 3072 ὑγιεςτέρα

623 3097 695 3160 δὲ
737 3094 777 3173 ἡ
821 3095 996 3173 παρὰ
1039 3102 1131 3179 τῷ
1175 3103 1407 3181 ποιητῇ
1439 3096 1823 3182 άνάγνωςις,
1870 3098 2009 3164 ἐπεὶ
2050 3100 2129 3164 τὰ
2173 3097 2261 3163 εἰς
2305 3103 2378 3161 {sc
2410 3097 2782 3181 διςύλλαβα,
2828 3095 2882 3161 εἰ
2910 3095 3050 3175 ἔχοι
3092 3097 3209 3175 τὴν

621 3199 884 3276 πρώτην
930 3198 1246 3278 ςυλλαβὴν
1291 3197 1565 3278 ἔχουςαν
1608 3202 1685 3265 τό
1730 3206 1776 3264 ’π
1823 3201 1926 3265 καὶ
1968 3202 2044 3266 τὸ
2089 3203 2128 3279 ἦ
2171 3199 2513 3269 ὀξύνονται
2558 3198 2704 3266 οἷον
2749 3199 2943 3285 πηός,
2988 3197 3210 3277 πηλός.

624 3300 830 3366 οὕτως
874 3302 977 3365 καὶ
1020 3302 1239 3379 πηρός.
1326 3302 1402 3367 τὸ
1449 3304 1520 3367 δὲ
1566 3306 1806 3380 λῆρος
1850 3304 2217 3383 μονογενὲς.

792 3402 887 3468 Τὰ
931 3402 1018 3468 εἰς
1060 3406 1177 3481 ρόῐ
1233 3404 1578 3485 διςύλλαβα
1630 3406 2131 3485 παραληγόμενα
2182 3411 2274 3489 τῷ
2317 3407 2351 3468 ῖ
2405 3404 2590 3484 κύρια
2644 3402 2806 3472 ὄντα
2852 3402 3207 3487 βαρύνεται,

626 3657 864 3725 Κλάρος,
901 3657 1097 3725 γάρος,
1135 3658 1370 3726 ςπάρος,
1417 3660 1615 3727 ςκάρος
1661 3662 1852 3713 addidi
1897 3679 1965 3714 ex
2002 3665 2148 3715 Mon.
2185 3662 2221 3717 1.
2258 3678 2330 3727 c.,
2366 3658 2514 3726 (κάρ
2516 3674 2579 3713 ος
2624 3677 2692 3712 ex
2729 3661 2810 3715 St.
2847 3663 2939 3725 B.,
2985 3657 3209 3725 Τμάρος

622 3746 690 3779 ex
730 3728 937 3780 eodem.
1008 3731 1193 3781 Verba
1228 3729 1298 3782 τὸ
1335 3729 1396 3781 δὲ
1432 3731 1599 3795 βάρος
1634 3757 1700 3766 -—
1744 3730 2025 3797 ςημειώδη
2072 3748 2137 3782 ex
2174 3731 2364 3781 Diehr.
2401 3733 2527 3792 299,
2563 3732 2658 3795 24,
2696 3728 2766 3781 τὸ
2802 3728 2865 3780 δὲ
2901 3729 3104 3794 κλᾶρος
3142 3745 3208 3779 ex

622 3800 772 3850 Mon.
809 3800 891 3861 35,
927 3800 989 3848 21
1030 3798 1236 3861 adieci,
1275 3797 1443 3863 λαρός
1480 3799 1711 3880 explevi
1737 3816 1805 3849 ex
1828 3801 1992 3865 Mon„
2031 3817 2128 3869 pro
2167 3798 2369 3863 βλαρός
2393 3798 2616 3849 Arcadii
2651 3800 2811 3863 posui
2845 3796 3035 3863 ναρόε,
3063 3797 3210 3863 quod

622 3866 800 3916 Lehrs
852 3866 911 3916 in
955 3868 1101 3917 Mon.
1151 3882 1249 3931 pro
1294 3866 1463 3931 λαρός
1518 3868 1767 3932 scripsit,
1821 3884 1943 3919 cum
1998 3868 2370 3934 explicatione
2422 3868 2482 3917 in
2524 3867 2746 3917 Monad.
2792 3892 2860 3902 —-
2902 3867 2952 3916 A
2997 3881 3209 3917 canone

622 3936 849 3986 aberrat
886 3932 1047 3999 Ἀρός
1092 3933 1349 3998 ποταμὸς
1395 3950 1484 4000 ap.
1534 3936 1614 3987 St.
1653 3935 1717 3987 Β.
1753 3939 1882 3999 240,
1929 3938 1976 3989 6.
2213 3934 2556 4001 Bisyllabum
2600 3936 2658 3985 in
2696 3949 2823 4000 ερος
2857 3950 2970 3986 non
3006 3939 3210 3995 exstat,

621 4019 749 4053 nam
784 4002 1174 4068 exploduntur,
1220 4004 1315 4068 qui
1349 4002 1451 4052 Od.
1490 4018 1524 4066 χ
1571 4004 1669 4054 184
1712 4002 1883 4068 γέρον
1926 4001 2090 4056 ςάκος
2136 4020 2170 4055 a
2215 4002 2380 4068 γερός
2425 4004 2822 4069 repetiverunt.
2893 4004 2997 4069 Ep.
3042 4002 3135 4055 Cr.
3181 4002 3210 4052 1

624 4074 739 4133 103,
775 4074 867 4121 2οι
903 4069 1286 4136 παραιτητέον
1331 4069 1469 4123 τοὺς
1504 4068 1994 4135 ἀναγινώςκοντας
2038 4071 2234 4137 γερόν,
2270 4070 2356 4124 ἵν’
2390 4072 2425 4138 ᾖ
2455 4071 2811 4137 γεροντικὸν.
2881 4070 2915 4123 ὀ
2951 4069 3012 4122 δὲ
3049 4084 3208 4136 ποιη-

619 4139 724 4203 τὴς
773 4137 1225 4205 κατολιγωρὴςας
1269 4141 1374 4205 τῆς
1418 4141 1620 4206 φωνῆς
1666 4138 1962 4205 ὲφρόντιςε
2013 4143 2118 4192 τοῦ
2166 4138 2590 4207 ςημαινομένου.
2668 4139 2739 4192 τὸ
2791 4138 2899 4204 γὰρ
2946 4136 3210 4190 ἐναντίον

620 4209 724 4258 τοο
762 4206 896 4259 νέου
933 4206 1275 4271 βουλόμενος
1310 4207 1556 4274 δηλῶςαι
1590 4207 1760 4273 γέρον
1797 4209 1943 4261 εἶπε.
2012 4207 2082 4260 τὸ
2118 4208 2180 4260 δὲ
2215 4207 2397 4261 αἴτιον
2432 4211 2536 4260 τοῦ
2574 4207 2906 4273 οὐδετέρου,
2951 4206 3095 4259 διότι
3129 4206 3210 4259 ὡς

622 4276 832 4340 μετοχὴ
878 4273 1070 4341 ἐκλίθη
1116 4275 1149 4328 ὁ
1192 4275 1380 4341 γέρων
1424 4279 1529 4327 τοῦ
1576 4275 1847 4342 γέροντος
1900 4276 1992 4328 καὶ
2045 4275 2123 4328 ὡς
2168 4276 2319 4342 λέγω
2323 4293 2356 4327 ν
2404 4276 2672 4339 λέγοντος
2716 4276 2913 4342 λέγον,
2971 4276 3210 4340 φρονῶν

620 4346 976 4409 φρονοῦντος
1013 4347 1295 4412 φρονοῦν,
1333 4343 1521 4397 οὕτως
1556 4343 1743 4411 γέρων
1778 4344 2047 4411 γέροντος
2082 4344 2275 4411 γέρον·
2314 4345 2507 4411 ἐπειδὴ
2545 4344 2711 4397 οὐδὲν
2749 4344 2930 4409 ὄνομα
2955 4342 3208 4415 κλινόμε-

620 4428 722 4465 νον
757 4411 847 4464 διὰ
881 4415 986 4464 τοῦ
1024 4427 1122 4465 τος
1158 4412 1463 4496 οὐδετέρου
1500 4410 1800 4467 ἀνεδέξατο
1838 4413 2383 4480 παραςχηματιςμόν.
2587 4414 2623 4465 l.
2662 4416 2725 4465 18
2773 4429 2840 4464 ex
2877 4410 3057 4497 Εῆρος
3091 4428 3208 4463 cor·

618 4486 840 4547 ruptum
883 4482 1101 4533 videtur
1135 4479 1317 4548 (βῆρο
1320 4496 1348 4534 ς
1390 4484 1450 4532 in
1493 4483 1558 4532 E.
1595 4482 1669 4532 Μ.
1701 4485 1831 4547 475,
1868 4486 1959 4534 23:
2005 4480 2078 4533 τὰ
2121 4481 2211 4534 διὰ
2255 4484 2359 4534 τοθ
2395 4498 2467 4548 ηρ
2469 4498 2531 4535 ος
2566 4481 2864 4546 διςύλλαβα
2907 4480 3070 4601 mgna
3114 4480 3208 4532 καὶ

621 4549 955 4615 βαρύνονται
1002 4549 1093 4601 καὶ
1138 4548 1227 4601 διὰ
1270 4551 1374 4601 τοῦ
1421 4565 1438 4602 ι
1489 4520 1831 4614 γάφονται
1851 4588 1864 4601 .
1901 4589 1912 4601 .
2008 4548 2219 4616 (βῆρος
2264 4549 2326 4603 δὲ
2373 4549 2553 4615 ὄνομα
2600 4550 2807 4616 κύριον.
2887 4564 2964 4615 πρ
3002 4562 3209 4602 (κειται

620 4617 783 4684 κύρια
818 4616 907 4669 διὰ
941 4618 1011 4671 τὸ
1048 4618 1221 4683 λῆρος
1255 4616 1292 4681 ἡ
1330 4564 1592 4684 φλυαρει.
1638 4620 1745 4670 Ριο
1778 4620 2042 4671 librorum
2079 4621 2350 4685 scriptura
2386 4617 2569 4684 Τῆρος
2603 4618 2779 4684 Ηρος
2814 4617 3039 4669 exhibui
3063 4616 3207 4683 Τρῆ-

619 4700 717 4751 ρος
752 4685 975 4751 Δρῆρος
1012 4703 1080 4737 ex
1116 4686 1363 4752 Theogn.
1398 4689 1496 4751 69,
1530 4689 1595 4738 27
1644 4687 1803 4738 simul
1838 4686 2056 4754 Τρῆρος
2102 4704 2168 4738 ex
2206 4686 2286 4742 St.
2323 4688 2387 4737 B.
2401 4686 2675 4753 ,Δρῆρος
2722 4704 2790 4740 ex
2825 4687 3072 4753 Theogn.
3112 4703 3208 4737 ex-

620 4753 1060 4820 ρ1ε3ιιε.φηρός
1107 4754 1328 4819 explevi
1379 4772 1447 4805 ex
1482 4725 1738 4821 Thedgn.
1725 4793 1763 4820 .,
1817 4756 2186 4807 conferendus
2241 4761 2329 4807 est
2381 4756 2651 4808 Arcadius
2704 4758 2828 4814 122.
2871 4756 2964 4805 26:
3017 4755 3208 4819 φῆρον

621 4822 816 4886 βρῶμα
842 4823 1010 4875 θεῶν.
1046 4851 1111 4859 --
1149 4837 1223 4888 μη
1227 4820 1325 4886 ρός
1348 4822 1539 4873 addidi
1564 4840 1632 4873 ex
1657 4824 1907 4890 'lheogm
2015 4824 2050 4878 1.
2075 4828 2141 4876 23
2179 4822 2281 4889 μὲν
2305 4839 2403 4890 pro
2428 4824 2503 4890 μὴ
2530 4825 2729 4890 scripsi
2752 4838 2873 4874 cum
2898 4821 3206 4875 Schmidtio

621 4890 935 4943 Sedinensi.
1008 4891 1099 4941 καί
1134 4889 1205 4942 τὸ
1244 4889 1422 4955 πηρός
1459 4890 1521 4942 δὲ
1556 4891 1750 4944 addidi
1784 4908 1854 4944 ex
1889 4893 2136 4960 Theogn.
2176 4896 2233 4944 et
2268 4909 2335 4945 ex
2369 4894 2438 4945 11.
2475 4895 2566 4946 Pr.
2605 4892 2645 4946 B
2682 4895 2783 4946 599
2819 4891 3058 4958 explevi.
