3664 5546
633 378 718 443 60
1566 373 1648 427 ΕΚ
1686 373 1826 427 ΤΩΝ
1870 371 2277 426 ΗΡΩΔΙΑΝΟΥ

633 551 825 628 χωρὶς
869 553 984 613 τοῦ
1039 572 1077 615 ν
1135 550 1250 625 ζαῆ
1310 547 1399 611 ὡς
1457 545 1697 623 «ἀκραῆ
1753 544 2103 624 Ζέφυρον»
2163 543 2229 626 (β
2272 541 2456 622 421)·
2545 542 2710 605 ἐςτιν
2755 537 2875 605 οὖν
2921 539 3215 604 Αἰολικὸν

631 652 707 716 τὸ
764 652 917 732 μετὰ
973 655 1089 716 τοῦ
1145 654 1182 715 ν
1237 650 1340 714 καὶ
1395 648 1524 713 ἔδει
1580 648 1740 712 αὐτὸ
1785 646 2119 738 Αἰολικιῑιςι
2146 646 2518 726 βαρύνεςθαι
2577 645 2665 709 ὡς
2721 644 2797 707 τὸ
2860 640 3215 720 «αἰνοπάθη

631 754 890 833 πατρίδ’
935 753 1304 832 ἐπόψομαι»
1352 750 1527 828 παρὰ
1571 749 1990 828 Ἀνακρέοντι.
2071 749 2108 813 6
2155 749 2224 813 δὲ
2276 746 2673 825 Ἀρίςταρχός
2718 766 2866 826 φηςι
2912 747 3212 822 περιςπᾶ-

633 862 769 921 ςθαι
813 856 916 920 καὶ
961 854 1169 920 οὕτως
1213 854 1343 933 ἔχει
1388 855 1427 933 ἡ
1471 852 1835 931 παράδοςις.
2546 895 2551 902 ,

569 969 601 1019 5
801 959 895 1023 Τὰ
949 958 1038 1022 εἰς
1085 943 1203 1039 ᾖ
1249 954 1589 1037 διςύλλαβα
1632 955 2131 1033 παραληγόμενα
2175 954 2498 1035 φωνήεντι
2552 950 3214 1033 βαρύνεται·Λάβης,

631 1062 891 1143 λέβης,
942 1061 1208 1142 Κέβης,
1260 1058 1538 1140 Κάβης,
1587 1057 1872 1139 Χάβης,
1918 1056 2172 1139 (ίβης,
2218 1057 2478 1121 Ἰνδικὸν
2524 1055 2746 1136 ἔθνος,
2804 1053 3055 1133 Βύβης
3099 1053 3213 1116 πό-

631 1167 725 1228 λις
769 1162 926 1227 κατὰ
968 1162 1352 1227 Πευκετίου(
1396 1161 1497 1224 καὶ
1539 1161 1615 1225 τὸ
1663 1160 1916 1224 ἑθνικὸν
1962 1159 2025 1223 οἱ
2069 1160 2263 1238 Βύβαι
2309 1158 2677 1238 ὁμοφώνως
2723 1156 2813 1220 ὡς
2842 1154 3077 1233 Λοκροί
3116 1155 3217 1218 καὶ

628 1265 902 1345 Δελφοί.
995 1263 1298 1342 Νούβης
1343 1262 1532 1326 ἔθνος
1577 1260 1807 1342 Λιβύης
1863 1262 2038 1339 παρὰ
2086 1261 2307 1344 Νείλῳ.
2387 1259 2880 1336 Ἀπολλόδωρος
2936 1257 3215 1339 δευτέρῳ

631 1369 777 1445 περὶ
828 1371 959 1445 γῆς.
1018 1366 1314 1442 λέγονται
1370 1366 1472 1429 καὶ
1527 1364 1834 1443 Νουβαῑοι
1893 1363 1983 1428 ὡς
2039 1363 2295 1444 (αβαῖοι
2352 1363 2453 1427 καὶ
2510 1360 2835 1441 Νουβάδες
2900 1359 2961 1423 οἱ
3016 1359 3214 1424 αὐτοί.

533 1477 595 1526 10
628 1470 703 1534 τὸ
748 1471 820 1533 δὲ
864 1472 1080 1549 κιβῆς
1125 1471 1496 1547 περιςπᾶται
1541 1466 1672 1531 ἀπὸ
1718 1470 1836 1530 τοῦ
1880 1466 2106 1546 κιβέας.

799 1571 891 1635 Τὰ
937 1571 1027 1636 εἰς
1071 1574 1184 1648 W
1230 1571 1572 1650 διςύλλαβα
1618 1569 2001 1648 βαρύνονται
2046 1570 2240 1647 χωρὶς
2284 1569 2338 1632 εἰ
2393 1567 2474 1646 μή
2520 1588 2577 1631 τι
2638 1566 2707 1630 ἐκ
2759 1565 3063 1630 ςυνθέτου
3108 1586 3213 1627 κα-

627 1674 1121 1752 ταλελειμμένον
1168 1671 1264 1750 εἴη
1310 1673 1347 1751 ἢ
1394 1671 1787 1751 παρώνυμον
1834 1671 2203 1735 ἐπιθετικόν.
2292 1671 2436 1734 τότε
2480 1670 2602 1747 γὰρ
2648 1671 3050 1748 περιςπᾶται,
3107 1666 3214 1730 ὅτε

631 1777 1080 1854 ςυναλήλιπται
1137 1775 1175 1852 ἢ
1234 1775 1493 1857 βραχείᾳ
1550 1776 1928 1851 παραλῆγον
1985 1773 2407 1852 ἰςοςυλλάβως
2463 1772 2761 1836 κλίνοιτο.
2847 1770 2950 1834 καὶ
3004 1770 3044 1832 ἃ
3100 1771 3214 1848 μὲν

630 1876 983 1959 βαρύτονα,
1032 1875 1291 1955 Μέγης
1338 1877 1648 1954 «Τεῦκρον
1697 1876 2029 1954 Μηριόνην
2074 1896 2142 1940 τε
2189 1876 2410 1954 Μέγην
2466 1875 2530 1937 τ’
2587 1873 2949 1937 ἀτάλαντον
2992 1873 3212 1950 Ἄρηϊ»

535 1989 590 2040 15
630 1976 738 2060 (Il.
772 1978 825 2041 O
869 1976 1074 2058 302)-
1127 1980 1321 2042 τοῦτο
1367 1977 1404 2042 6
1450 1980 1564 2057 μὲν
1611 1978 2011 2056 Ἀρίςταρχος
2068 1977 2324 2057 βαρύνει
2381 1977 2513 2042 «ὡς
2561 1975 2853 2052 Μέςθλην
2910 1994 2975 2037 τε
3024 1975 3062 2037 Γ
3068 1977 3213 2038 λαῦ-

628 2080 742 2145 κόν
787 2101 894 2144 τε»
954 2077 1059 2162 (Il.
1107 2079 1153 2144 Ρ
1195 2078 1349 2160 216)
1404 2082 1505 2143 καὶ
1558 2080 1807 2158 ἐπείςθη
1868 2080 1904 2158 ῆ
1962 2079 2323 2157 παράδοςις.
2414 2078 2451 2143 6
2497 2081 2567 2142 δὲ
2614 2077 3068 2154 Ἀςκαλωνίτης
3113 2076 3216 2139 καὶ

605 2181 813 2246 ἄλλοι
857 2185 1236 2260 περιςπῶςιν
1286 2183 1375 2246 ὡς
1419 2182 1643 2260 Ἑρμῆν
1689 2182 1790 2245 καὶ
1831 2182 2074 2258 Ποδῆν.
2142 2181 2221 2244 τά
2267 2181 2390 2260 γὰρ
2435 2180 2522 2244 εἰς
2567 2185 2638 2257 ης
2679 2181 2993 2264 λήγοντα,
3039 2177 3215 2278 φαςί,

629 2284 950 2364 βαρύτονά
993 2285 1364 2367 διςύλλαβα,
1419 2284 1549 2348 ἀπὸ
1606 2284 1900 2364 βραχείας
1955 2282 2308 2365 ἀρχόμενα,
2363 2285 2952 2364 περιττοςυλλάβως
3007 2286 3208 2349 κλίνε-

625 2406 757 2468 ται,
821 2387 1081 2467 λέβητα,
1138 2385 1419 2465 Λάχητα·
1476 2386 1529 2450 εἰ
1574 2387 1640 2449 δ’
1696 2386 1851 2465 οὐχ’
1909 2385 2116 2449 οὕτως
2170 2385 2413 2466 ἐκλίθη,
2480 2388 2713 2467 δῆλον,
2770 2386 2868 2450 ὅτι
2913 2406 3211 2465 περιεπα-

523 2501 591 2550 :20
626 2487 924 2565 ςθήςεται.
1013 2487 1226 2552 ἄλλως
1282 2508 1353 2552 τε
1409 2487 1463 2551 εἰ
1519 2485 1744 2566 εὑρέθη
1801 2487 2002 2552 αὐτοῦ
2057 2489 2095 2566 ἡ
2152 2487 2453 2565 αἰτιατικὴ
2512 2487 2602 2551 ὡς
2657 2487 2788 2552 ἀπὸ
2856 2489 3213 2570 βαρυτόνου

628 2587 1024 2668 «Φυλλείδην
1084 2610 1153 2654 τε
1200 2590 1498 2668 Μέγητα»
1546 2586 1655 2672 (ΙΙ.
1703 2591 1753 2654 Τ
1795 2587 1981 2671 239),
2038 2589 2145 2655 ὅτε
2204 2591 2284 2669 μῆ
2331 2589 2537 2654 οὕτως
2594 2589 2741 2673 ἔχῃ,
2797 2592 3211 2670 περιςπαςθή-

625 2711 794 2755 ςεται
852 2691 941 2756 ὡς
998 2691 1215 2768 Θαλῆν
1272 2693 1373 2757 καὶ
1428 2692 1687 2771 Θάλητα
1741 2693 1845 2756 καὶ
1899 2690 2120 2769 Φαλῆν
2176 2690 2454 2770 Φάλητα.
2556 2691 2680 2756 ἔςτι
2751 2695 2820 2758 δὲ
2878 2693 3038 2772 ὑπὲρ
3094 2698 3211 2758 τοῦ

625 2794 1032 2873 Ἀριςτάρχου
1087 2796 1251 2873 πρὸς
1307 2795 1544 2860 αὐτοὺς
1599 2800 1860 2874 πρῶτον
1916 2797 2029 2874 μἐν
2086 2795 2296 2860 ἐκεῖνο
2350 2794 2583 2877 εἰπεῖν,
2650 2795 2747 2860 ὅτι
2814 2796 2935 2875 οὐχ
2989 2797 3210 2862 ἁπλῶς

623 2897 704 2959 τά
758 2896 846 2961 εἰς
900 2917 1007 2979 ης,
1069 2897 1235 2962 ἀλλὰ
1291 2898 1371 2961 τὰ
1425 2897 1730 2977 ῥηματικὰ
1786 2900 1867 2978 μὴ
1923 2897 2010 2962 εἰς
2064 2899 2177 2975 ’τἠῐ
2236 2898 2516 2975 λήγοντα
2569 2899 2685 2976 τὴν
2742 2899 3207 2978 προειρημένην

524 3012 588 3060 25
625 2997 1002 3077 ἀναδέχεται
1033 3000 1226 3064 κλίςιν
1261 2998 1405 3064 οἷον
1438 3001 1643 3082 λέβης,
1674 3000 1905 3081 Λάχης,
1936 2998 2180 3081 Δάρης,
2215 2999 2447 3082 Χάρης,
2479 3000 2750 3082 πλάνης,
2794 3001 3013 3082 πένης,
3047 3001 3207 3080 Τρό-

625 3121 772 3184 μης,
823 3100 1079 3180 Κράτης.
1147 3102 1505 3180 πρόςκειται
1551 3104 1622 3167 δὲ
1672 3104 1792 3180 «μὴ
1840 3102 1928 3166 εἰς
1969 3105 2119 3180 της»
2168 3103 2273 3166 διὰ
2316 3102 2391 3166 τὸ
2438 3102 2649 3185 δότης,
2693 3102 2954 3184 πλύτης,
2999 3103 3205 3182 θύτης.

622 3202 843 3266 ἔπειτα
895 3203 1109 3267 πολλά
1164 3203 1287 3268 έςτι
1344 3209 1536 3282 διχῶς
1592 3205 1939 3283 κεκλιμένα.
2036 3205 2112 3269 τὸ
2165 3206 2325 3279 γοῦν
2384 3204 2607 3281 Μύνης
2663 3203 2701 3267 6
2759 3204 2873 3283 μὲν
2940 3207 3207 3283 ποιητὴς

621 3304 1212 3386 περιττοςυλλάβως
1265 3306 1512 3371 ἔκλινεν
1583 3307 1855 3385 «πέρςεν
1923 3308 1993 3370 δὲ
2063 3307 2252 3370 πόλιν
2323 3305 2522 3369 θείοιο
2590 3306 2933 3384 Μύνητος»
2991 3305 3099 3389 (ΙΙ.
3157 3308 3207 3372 Τ

619 3404 802 3487 2136)·
871 3405 908 3470 6
963 3409 1035 3472 δὲ
1081 3406 1415 3487 (οφοκλῆς
1460 3408 1529 3472 ἐν
1585 3408 2034 3487 Αἰχμαλωτίςιν
2083 3408 2507 3489 ἰςοςυλλάβως
2574 3408 2845 3473 «Μύνου
2893 3408 3204 3488 Ἐπιςτρό-

518 3520 586 3568 30
621 3530 756 3589 φου
793 3529 859 3573 τε
878 3536 925 3591 ι»,
971 3509 1212 3588 μύκητά
1255 3530 1323 3574 τε
1369 3512 1470 3575 καὶ
1514 3511 1735 3591 μύκην,
1781 3509 1836 3583 εἰ
1882 3511 1982 3573 καὶ
2027 3510 2239 3573 πολλὰ
2285 3510 2562 3589 ςημαίνει
2606 3512 2644 3588 ἡ
2692 3513 2881 3577 λέξις·
2929 3512 3204 3592 ςημαίνει

619 3611 741 3689 γὰρ
787 3612 888 3674 καὶ
931 3611 1085 3675 τοὺς
1130 3615 1471 3690 ςπινθῆρας
1515 3596 1670 3676 τούξ
1713 3612 2148 3691 ἐπικειμένους
2192 3615 2327 3676 τοῖς
2374 3613 2632 3691 λύχνοις
2680 3615 2770 3678 ὡς
2824 3616 3000 3692 παρὰ
3049 3615 3203 3678 Καλ-

622 3713 865 3795 λιμάχῳ
910 3712 980 3778 ἑν
1025 3712 1248 3796 Ἑκάλῃ
1293 3710 1403 3795 (fr.
1448 3712 1518 3795 4)

755 4037 790 4090 l.
828 4041 860 4087 5
896 4035 1078 4102 Λάβης
1119 4054 1216 4103 pro
1255 4035 1434 4101 Κάβης
1473 4038 1652 4104 priore
1689 4045 1995 4104 praeeunte
2032 4040 2336 4091 Schmidtio
2375 4041 2562 4106 posui,
2610 4040 2702 4090 sed
2749 4039 2984 4091 alterum
3024 4040 3201 4107 Κάβης

616 4107 883 4155 intactum
921 4106 1135 4170 reliqui,
1175 4122 1337 4170 quum
1376 4106 1570 4156 Choer.
1607 4110 1689 4167 33,
1728 4112 1759 4157 3
1799 4105 1977 4169 Κάβα(
2016 4116 2069 4158 et
2106 4107 2286 4172 Λάβας
2327 4114 2639 4173 componam
2690 4107 2871 4173 Χάβης
2919 4109 3100 4160 adieci
3136 4128 3201 4160 ex

617 4175 797 4224 schol.
835 4174 906 4223 ad
941 4175 1110 4225 Arist.
1147 4176 1312 4239 vesp.
1350 4177 1474 4224 234:
1514 4173 1722 4251 Χάβηςῑ
1763 4174 1951 4227 οὕτως
1992 4175 2330 4241 Ἡρωδιανὸς
2382 4175 2444 4228 ἐν
2481 4180 2565 4241 τῷ
2603 4173 2779 4241 τρίτῳ
2816 4180 2918 4241 τῆς
2957 4179 3202 4229 καθόλου

617 4256 983 4323 παρατίθεται
1029 4258 1098 4309 τὸ
1146 4257 1325 4319 ὄνομα
1370 4258 1457 4310 διὰ
1503 4262 1605 4310 τοῦ
1645 4262 1674 4324 β
1711 4258 1909 4324 Χάβης.
1982 4263 2086 4313 Pro
2123 4261 2298 4327 θήβης
2346 4278 2409 4311 ex
2451 4264 2531 4310 St.
2570 4263 2629 4315 B.
2668 4264 2791 4322 563,
2833 4266 2894 4311 12
2941 4265 3204 4313 substitui

618 4325 782 4391 Είβης
822 4332 1009 4392 potius
1046 4343 1205 4392 quam
1243 4325 1413 4391 Θίβης
1451 4343 1500 4392 p.
1528 4332 1645 4390 314,
1684 4334 1739 4385 5,
1778 4328 1923 4392 quod
1962 4330 2231 4381 incertum
2271 4337 2379 4391 est3
2434 4330 2465 4379 1.
2493 4332 2524 4378 6
2562 4328 2741 4393 Βύβης
2779 4329 2967 4380 addidi
3016 4348 3083 4380 ex
3120 4336 3200 4382 151.

615 4414 677 4462 Β.
705 4414 819 4474 188,
847 4414 907 4469 5,
948 4411 1167 4475 Νούβης
1202 4413 1321 4474 478,
1364 4415 1439 4463 13.
1487 4413 1770 4463 vocabula
1809 4415 1866 4463 in
1892 4416 1990 4479 βης
2030 4432 2271 4465 consona
2310 4414 2601 4479 praefinita
2626 4430 2734 4463 non
2771 4415 2985 4477 inveni,
3033 4432 3200 4480 quare

616 4496 794 4531 canon
834 4481 1031 4544 plenus
1067 4480 1304 4533 videtur.
1491 4480 1523 4534 l.
1567 4487 1623 4532 11
1664 4480 1726 4533 ἐκ
1761 4484 1865 4533 τοῦ
1904 4482 2173 4535 ςυνθέτου
2211 4481 2720 4544 καταλελειμμένον
2761 4498 2855 4548 pro
2894 4483 3200 4535 ςυνθέςεως

614 4552 717 4599 τοι)
767 4546 1238 4610 καταλελειμένου
1286 4548 1510 4612 scripsit
1560 4550 1820 4603 Schmidt.
1870 4557 2092 4601 secutus
2142 4552 2313 4601 Bekk.
2358 4551 2567 4604 Anecd.
2607 4554 2733 4611 337,
2776 4554 2853 4602 13.
3066 4553 3100 4605 1.
3141 4556 3201 4601 13

615 4617 945 4681 παραλῆγον
985 4617 1182 4681 scripsi
1221 4633 1318 4681 pro
1357 4616 1671 4682 παραλήγοι
1707 4619 1764 4668 in
1803 4619 1894 4669 BC
1935 4626 1991 4670 et
2028 4618 2344 4684 παραλήγοι
2380 4619 2414 4681 ἢ
2454 4618 2509 4668 in
2548 4620 2608 4668 A.
2721 4620 2756 4669 l.
2798 4622 2861 4668 14
2898 4620 2967 4670 ad
3007 4618 3200 4684 Μέγης

614 4685 806 4734 addidi
845 4686 1023 4734 locum
1052 4685 1209 4734 llom.
1236 4691 1292 4734 et
1327 4684 1778 4736 adnotamentum
1804 4687 2013 4738 Iliacae
2040 4687 2359 4749 Prosochae,
2387 4687 2535 4750 quod
2557 4688 2776 4754 explevi
2806 4687 2941 4738 duce
2968 4690 3201 4739 Lehrsio

615 4771 680 4803 ex
721 4753 916 4803 Choer.
955 4756 1046 4813 47,
1092 4755 1139 4815 1,
1197 4753 1340 4802 unde
1395 4770 1658 4804 canonem
1716 4755 1782 4805 de
1829 4757 2150 4806 rhemutieis
2198 4771 2319 4805 eum
2365 4757 2696 4821 exceptione
2742 4757 2950 4805 inserui
2994 4757 3121 4807 inde
3168 4774 3201 4806 a

613 4822 651 4872 1.
693 4826 757 4871 25
793 4819 918 4872 οἷον
954 4819 1120 4885 λέβης
1157 4850 1220 4855 --
1258 4822 1292 4876 l.
1330 4823 1395 4872 26
1432 4822 1633 4887 θύτης,
1673 4829 1730 4873 et
1767 4840 1816 4887 p.
1862 4828 1984 4885 139,
2025 4829 2115 4886 10,
2163 4823 2308 4873 unde
2359 4826 2539 4888 recepi
2590 4840 2731 4888 quae
2778 4823 2929 4875 dicta
2967 4830 3096 4874 sunt
3134 4825 3199 4875 de

616 4889 848 4939 diversis
886 4889 1382 4953 significationibus
1418 4892 1570 4941 vocis
1611 4892 1787 4956 μύκης
1823 4893 1954 4942 inde
1992 4908 2025 4942 a
2064 4891 2097 4941 l.
2135 4896 2200 4942 30
2236 4889 2487 4956 ςημαίνει
2522 4892 2629 4956 γάρ
2668 4918 2730 4928 -·
2768 4907 2818 4956 p.
2847 4895 2908 4942 61
2949 4894 2984 4946 1.
3020 4897 3077 4944 10
3112 4892 3200 4944 τέ-
