3664 5546
1172 333 1333 387 ΠΕΡΙ
1375 333 1768 388 ΚΑΘΟΛΙΚΗ(
1802 331 2226 388 ΠΡΟΕΩιΔΙΑΕ
2265 332 2344 386 ΙΑ.
2918 287 3044 395 291

455 504 566 578 τῆς
589 499 1123 566 Ἱπποθοωντίδος
1154 506 1386 582 φυλῆς,
1418 502 1674 582 Ἑρχιά
1705 506 1906 582 δῆμος
1936 506 2048 580 τῆς
2070 501 2367 581 Αἰγηΐδος
2396 504 2607 581 φυλῆς
2637 500 2769 566 ἀπὸ
2794 501 3045 579 Ἑρχίου

455 605 572 666 τοῦ
600 603 959 668 ξενίςαντος
988 603 1369 686 Δήμητραν,
1409 604 1715 682 Κρωπιά
1745 607 1945 683 δῆμος
1973 607 2086 680 τῆς
2115 603 2456 668 Λεοντίδος
2488 605 2731 684 φυλῆς,
2776 602 3040 680 Ἀνδρο-

455 702 607 767 τίων
638 706 709 768 δὲ
739 704 1006 782 Κρῶπάς
1036 726 1187 784 φηςι
1215 705 1333 769 τὸν
1365 708 1590 786 δῆμον,
1613 705 1852 769 Λακιά
1882 708 2081 784 δῆμος
2112 708 2223 782 τῆς
2247 704 2544 784 Οἰνηῒδος
2574 707 2807 785 φυλῆς,
2831 703 3042 779 Αἰγι-

458 805 583 869 λιά
617 808 815 884 δῆμος
845 808 957 881 τῆς
989 805 1376 883 Ἀντιοχίδος
1417 809 1659 888 φυλῆς,
1702 804 1991 884 ὀνόματα
2020 806 2239 884 δήμων
2272 804 2599 888 ὀξύνεται,
2643 805 2790 883 μεθ’
2820 804 2911 869 ὧν
2944 806 3049 868 καὶ

370 953 373 954 ⁷
461 905 780 988 Κωπιαί,
806 906 897 970 ὡς
920 906 1184 984 ὕςτερον
1209 906 1474 984 Θούριοι
1506 906 1692 970 πόλις
1718 906 1976 971 Ἰταλίας
2000 907 2308 972 ἐκαλεῖτο.
2342 907 2647 971 ῶςαύτως
2678 907 2750 970 δὲ
2776 904 3044 972 ὀξύνον·
3073 916 3106 966 5

453 1026 554 1069 ται
586 1007 689 1069 καὶ
717 1009 794 1071 τὸ
836 1009 1179 1085 πυρκαϊὰ
1209 1009 1311 1071 καὶ
1342 1007 1661 1085 ἐςχατιά
1685 1009 2080 1086 περιεκτικὴν
2109 1009 2378 1085 τοπικὴν
2409 1007 2672 1072 ἔννοιαν
2705 1009 3043 1084 δηλοῦντα.

632 1108 727 1172 Τὰ
772 1110 877 1172 διὰ
921 1113 1037 1173 τοῦ
1082 1112 1182 1172 {id
1225 1109 1530 1187 γινόμενα
1573 1107 1705 1173 ἀπὸ
1750 1115 1882 1173 τῶν
1928 1108 2034 1171 διὰ
2076 1113 2192 1173 τοῦ
2236 1097 2367 1173 {ix—w
2417 1107 2716 1187 ῥημάτων
2770 1106 3050 1184 παροξύ-

455 1229 665 1291 νεται,
711 1209 1119 1291 ἑρμηνεία,
1168 1211 1557 1292 βαςιλεία,
1604 1209 1960 1292 δουλεία,
2001 1209 2406 1292 κολακεία,
2451 1208 2853 1289 ῥητορεία,
2897 1207 3049 1272 ἱκε-

454 1312 651 1392 τεία,
723 1311 1161 1392 περιςςεία,
1236 1295 1580 1394 μοιχεία,
1664 1311 2030 1393 πορνεία,
2114 1309 2573 1392 ἀλαζονεία,
2658 1308 3049 1391 εἰρωνεία,

455 1413 987 1494 πραγματεία,
1043 1411 1520 1494 προφητεία,
1575 1411 1946 1494 ξενιτεία,
2003 1410 2362 1493 ἀλητεία,
2419 1410 3049 1491 ἀριςτεία,.βου-
3088 1423 3153 1472 10

456 1513 663 1595 λεία,
707 1513 1064 1593 γοητεία,
1110 1511 1558 1594 δυναςτεία,
1612 1512 1969 1594 λαγνεία,
2026 1512 2370 1594 νηςτεία,
2424 1512 2769 1595 λῃςτεία,
2825 1517 3050 1589 θερα-

454 1614 672 1696 πεία,
744 1613 1048 1695 ξυλεία,
1121 1613 1423 1693 τοξεία,
1496 1613 1894 1696 ὁπλιτεία,
1969 1614 2571 1694 ςτρατοπεδεία,
2657 1614 3051 1695 πολιτεία,

454 1714 1313 1795 τερατεία,-πρεςβεία,
1369 1714 1820 1796 δεςποτεία,
1888 1715 2190 1797 ὑδρεία,
2256 1708 2650 1797 ἡνιοχείοὶ,
2716 1735 3066 1796 pampo·-

454 1816 663 1898 πεία,
707 1816 1024 1880 παιδεία
1077 1815 1116 1892 ἡ
1161 1816 1516 1897 παίδευςις,
1572 1816 1848 1880 παιδιά
1894 1817 1964 1878 δε
2008 1817 2084 1880 τό
2128 1814 2458 1896 παίγνιον,
2515 1818 2590 1881 τό
2647 1818 2719 1881 δὲ
2764 1817 3058 1896 παρειά

455 1918 559 1980 καὶ
624 1916 966 1997 φορβειά
1019 1917 1122 1980 καὶ
1175 1916 1472 1996 φορειά
1536 1915 1575 1979 ὁ
1631 1917 1947 1996 βόρβορος
2002 1918 2105 1981 καὶ
2159 1918 2473 1993 ςτελειᾴ
2528 1916 2896 1990 ὀξύνονται·
2966 1919 3047 1982 οὐ
3090 1929 3152 1980 15

455 2018 577 2095 γὰρ
621 2017 753 2082 ἀπὸ
811 2022 943 2082 τῶν
998 2019 1101 2081 διὰ
1157 2021 1275 2081 τοῦ
1320 2021 1449 2082 ets—‘w
1510 2019 1613 2081 καὶ
1667 2019 1774 2082 ’ἐπὶ
1829 2017 2045 2082 οὐςίας
2101 2016 2393 2081 τίθενται.
2480 2019 2556 2082 τὸ
2614 2022 2685 2082 δὲ
2741 2018 2968 2098 ἀρειά
3011 2019 3049 2096 ἡ

457 2117 686 2196 ἀπειλή
731 2118 1110 2196 παράλογόν
1156 2119 1281 2183 ἑςτι
1325 2120 1427 2183 καὶ
1471 2120 1629 2183 κατὰ
1672 2120 1789 2184 τὸν
1832 2119 2031 2183 τόνον
2075 2120 2180 2182 καὶ
2223 2119 2380 2182 κατὰ
2425 2120 2540 2183 τὸν
2581 2120 2851 2198 χρόνον·
2899 2121 3048 2185 οὔτε

353 2203 363 2213 ’
455 2219 576 2296 γὰρ
622 2218 951 2284 ὀξύνεςθαι
1009 2219 1292 2298 ὤφειλεν
1338 2219 1486 2283 οὔτε
1533 2220 1830 2284 ἐκτείνειν
1876 2222 1951 2284 τὸ
1997 2222 2066 2283 ἆ·
2133 2219 2212 2282 τὰ
2266 2221 2389 2298 γὰρ
2446 2221 2550 2283 διὰ
2598 2225 2716 2284 τοῦ
2759 2225 2860 2285 ἐἶᾶ
2904 2220 3049 2287 ὀξυ-

456 2320 697 2398 νόμενα
742 2320 1105 2385 ἐκτείνοντα
1148 2323 1226 2385 τὸ
1272 2325 1313 2384 ἇ
1358 2319 1463 2384 ἐπὶ
1508 2321 1744 2385 οὐςιῶν
1781 2321 2164 2401 λαμβάνεται
2210 2319 2356 2385 οἷον
2401 2322 2634 2399 παρειά
2681 2323 3048 2400 «παρειάων

455 2419 810 2484 ἁπαλάων»
858 2420 931 2502 (C
982 2421 1161 2504 123),
1216 2422 1518 2502 φορβειά·
1577 2423 1855 2500 ςημαίνει
1914 2427 1984 2486 δε
2037 2424 2115 2486 τὸ
2174 2423 2596 2502 περιςτόμιον.
2683 2424 2738 2487 εἰ
2794 2423 2914 2488 οὐν
2969 2425 3046 2488 τὸ
3085 2438 3154 2488 20

456 2520 640 2598 ἀρειά
694 2521 773 2585 οὐ
828 2523 1059 2586 τίθεται
1118 2523 1222 2586 ἐπὶ
1279 2523 1525 2605 οὐςίας,
1583 2522 1737 2586 ἀλλ’
1781 2523 1887 2587 ἐπὶ
1940 2523 2342 2605 πράγματος,
2407 2527 2523 2602 τὴν
2588 2525 2711 2602 γὰρ
2778 2523 3047 2602 ἀπειλὴν

460 2621 768 2703 ςημαίνει,
835 2623 1136 2700 δηλονότι
1182 2624 1329 2687 οὔτε
1375 2623 1703 2690 ὀξύνεςθαι
1750 2623 2032 2703 ὤφειλεν
2090 2625 2238 2688 οὔτε
2288 2625 2586 2690 ἐκτείνειν
2641 2626 2717 2690 τὸ
2764 2629 2836 2708 ἆ,
2893 2625 3049 2690 ἀλλ’

458 2722 834 2803 ἡμάρτηται,
892 2724 981 2787 ὼς
1047 2722 1312 2803 εἴρηται·
1380 2724 1483 2790 ἐπὶ
1550 2727 1621 2789 δὲ
1675 2729 1793 2789 τοῦ
1851 2730 2062 2805 φυτοῦ
2119 2725 2296 2804 ἀρία
2341 2728 2614 2799 διάτοῦ
2659 2729 2691 2790 ἶ
2735 2729 2837 2792 καὶ
2880 2729 3043 2806 παρ-

458 2823 747 2888 οξύνεται
796 2824 1011 2901 «χήτει
1041 2845 1138 2888 τοι
1171 2831 1397 2903 πρινῆς
1428 2825 1608 2904 ἀρίας
1637 2827 1996 2906 ποιούμεθα
2025 2827 2360 2907 γόμφους»
2409 2830 2500 2892 ὡς
2534 2830 2695 2907 παρ’
2724 2830 3043 2893 Εὐπόλιδι.

562 2945 617 2949 -
694 2945 857 2950 w——w
3039 2946 3066 2966 o

456 3011 590 3061 vm
616 3013 700 3071 27,
728 3014 774 3061 7.
882 3011 915 3060 l.
941 3015 973 3061 6
1010 3011 1254 3074 πυρκαϊὰ
1280 3013 1471 3062 addidi
1500 3031 1567 3065 ex
1593 3014 1853 3064 Eustath.
1879 3015 1947 3063 ad
1975 3016 2202 3079 Dionys.
2227 3017 2351 3064 504:
2393 3014 2735 3078 Ἡρωδιανὸς
2769 3014 2831 3065 ἐν
2855 3019 2927 3082 τῇ
2954 3030 3048 3067 κα-

457 3075 628 3128 θόλου
655 3076 939 3143 προςῳδίᾳ
960 3077 1268 3133 Χελιδονιαί
1294 3079 1372 3131 ὡς
1393 3079 1758 3145 πυρκαίἀί,ἐι
1784 3080 2008 3144 ἐςχατιά
2033 3099 2099 3131 ex
2124 3083 2312 3133 Dichr.
2332 3086 2449 3145 289,
2475 3087 2553 3133 12.
2580 3083 2838 3135 Conserri
2859 3088 3048 3149 potest

457 3145 658 3195 Suidas
694 3144 977 3207 έςχατιάνε
1016 3146 1088 3197 τὰ
1122 3144 1490 3213 ἀθροίςματος
1517 3149 1824 3213 ςημαντικὰ
1860 3149 1950 3200 καὶ
1988 3147 2176 3201 οὐςίας
2216 3152 2454 3211 (Kiister.
2482 3150 2819 3214 περιουςίας)
2859 3150 3046 3201 πάντα

455 3210 773 3262 ὀξύνονται.
810 3211 1073 3276 ἀχυρμιά,
1111 3213 1384 3278 φυταλιά,
1423 3214 1692 3279 πυρκαῑά,
1730 3214 2025 3281 ἀνθρακιά,
2066 3216 2302 3280 ἐςχατιά.
2360 3216 2517 3268 οὕτω
2555 3218 2645 3268 καὶ
2681 3216 2895 3283 τραςιά·
2934 3218 3047 3269 ἔςτι

455 3277 516 3328 δὲ
550 3277 758 3342 τόπος,
798 3279 944 3330 ὅπου
982 3279 1096 3331 ἐςτί
1133 3282 1350 3346 πλῆθος
1387 3282 1573 3333 ςύκων
1610 3285 1636 3335 ξ
1677 3283 2031 3348 ραινομένων
2075 3286 2111 3347 ἠ
2148 3286 2340 3349 τυρῶν
2387 3285 2421 3348 ἢ
2460 3285 2901 3350 ὁποιουδήποτε·
2957 3287 3047 3337 καὶ

457 3345 525 3394 τὸ
561 3344 783 3408 αἱμαςιά
818 3346 1006 3405 οὕτως
1047 3347 1158 3410 ἔχει
1194 3348 1311 3400 ἀπὸ
1346 3353 1450 3400 τοῦ
1478 3351 1642 3413 ςυμβε
1683 3352 1888 3416 ηκότσς
1925 3351 1995 3401 τὸ
2032 3350 2241 3415 ὄνομα,
2280 3354 2428 3417 quod
2465 3355 2700 3418 petitum
2737 3359 2823 3403 est
2849 3371 2915 3403 ex
2941 3355 3045 3419 Ep.

456 3413 545 3462 Cr.
584 3414 609 3462 1
647 3416 764 3473 366,
803 3416 869 3464 29
905 3416 978 3463 cf.
1018 3416 1079 3465 Ε.
1116 3416 1187 3465 Μ.
1228 3420 1344 3477 556,
1380 3420 1447 3467 42
1483 3418 1646 3469 λαλιά
1682 3418 1836 3482 παρὰ
1878 3417 1950 3470 τὸ
1986 3419 2071 3469 λῶ
2116 3419 2186 3469 τὸ
2226 3420 2382 3471 λαλῶ
2419 3418 2702 3473 ὀξύνεται·
2750 3419 2821 3471 τὰ
2857 3419 3047 3486 ςημαί-

456 3494 630 3530 νοντα
666 3479 908 3544 ἄθροιςιν
946 3481 979 3544 ἢ
1018 3483 1338 3546 περιεκτικά
1372 3498 1549 3534 τινων
1576 3488 2003 3551 προςηγορικῶν
2039 3486 2299 3538 ὀξύνεται
2323 3484 2448 3537 οἷον
2485 3486 2748 3551 ἀχυρμιά,
2787 3487 3045 3552 πυρκαϊὰ.

457 3547 653 3597 Choer.
690 3552 745 3597 in
783 3548 963 3612 Epim.
1002 3551 1058 3598 in
1095 3551 1294 3601 Psalm.
1334 3555 1455 3614 131,
1493 3558 1550 3613 3,
1596 3555 1691 3603 ubi
1736 3553 2058 3616 nemetense&
2101 3557 2321 3617 τιμῶν
2366 3556 2745 3620 προςηγορικὰ
2791 3555 2932 3606 ὄντα
2978 3573 3045 3606 ex

457 3616 520 3665 Ε.
559 3617 631 3665 Μ.
671 3615 1067 3665 emendandum
1105 3624 1207 3667 est.
1417 3621 1449 3672 l.
1489 3623 1518 3670 7
1556 3619 1627 3671 τὰ
1662 3620 1750 3671 διὰ
1785 3624 1890 3672 τοῦ
1929 3625 2013 3672 ἐιᾶ
2048 3622 2316 3685 γινόμενα
2352 3621 2468 3673 ἀπὸ
2505 3626 2627 3673 τῶν
2664 3622 2752 3674 διὰ
2786 3626 2890 3674 τοῦ
2929 3626 3045 3674 εὐῖι

454 3680 727 3747 ῥημάτων
766 3683 962 3748 scripsi
999 3700 1097 3748 pro
1132 3686 1355 3735 Arcadii
1392 3688 1573 3737 vorbis
1608 3687 1680 3739 τὰ
1716 3688 1985 3752 γινόμενα
2021 3688 2136 3740 ἀπὸ
2173 3693 2275 3741 τοῦ
2313 3695 2446 3740 'eoum
2483 3708 2544 3725 -·
2582 3689 2848 3755 ῥητορεία
2875 3707 3045 3756 usque

454 3750 525 3798 ad
575 3747 789 3812 μοιχεία
836 3756 965 3799 sunt
1009 3768 1075 3800 ex
1111 3752 1357 3818 Theogn.
1398 3758 1492 3805 104
1541 3761 1599 3804 et
1648 3762 1767 3817 1053
1815 3754 2052 3820 πορνεία
2089 3755 2387 3818 ἀλαζονεία
2433 3776 2499 3808 ex
2547 3760 2742 3808 Choer.
2788 3759 3042 3823 orthogr.

458 3820 571 3880 169,
615 3823 664 3879 ι,
707 3818 919 3881 reliqua
965 3832 1138 3882 usque
1176 3820 1247 3868 ad
1298 3821 1639 3884 μαςτροπεία
1684 3842 1752 3873 ex
1798 3826 1992 3875 eodem
2041 3827 2164 3887 181,
2205 3828 2252 3873 1.
2299 3853 2363 3861 --
2407 3827 2597 3875 urbem
2635 3824 2913 3888 Ἡνιοχεία
2955 3842 3043 3891 ap.

455 3885 718 3949 stephan.
760 3886 876 3937 iure
913 3887 1080 3935 Mein.
1119 3885 1364 3950 Ἡνιοχία
1402 3891 1751 3941 scribendum
1787 3901 1998 3943 censet.
2070 3893 2136 3941 de
2173 3892 2363 3944 παιδιά
2397 3894 2462 3946 Ε.
2490 3896 2564 3943 Μ.
2598 3897 2715 3955 657,
2754 3897 2820 3942 50
2855 3892 3048 3944 παιδιά

456 3951 525 4001 τὸ
562 3956 833 4017 ςημαῖνον
867 3951 938 4002 τὸ
976 3950 1238 4016 παίγνιον
1283 3953 1372 4005 διὰ
1406 3958 1509 4006 τοῦ
1549 3960 1575 4008 ῑ
1618 3958 1916 4024 γράφεται’
1964 3959 2054 4009 καὶ
2101 3960 2243 4023 παρ’
2288 3960 2422 4023 ἡμῖν
2468 3960 2570 4022 μὲν
2615 3960 2876 4011 ὀξύνεται
2921 3957 3045 4011 οἷον
3149 3986 3152 3989 -

455 4019 658 4070 παιδιά.
731 4020 883 4083 παρὰ
918 4018 980 4071 δέ
1016 4024 1135 4071 τοῖς
1176 4020 1489 4087 Ἀθηναίοις
1528 4025 1825 4089 βαρύνεται
1862 4024 1986 4077 οἷον
2023 4027 2228 4079 παιδία.
2276 4027 2347 4077 τὰ
2385 4026 2444 4077 δὲ
2482 4026 2825 4091 ςημαίνοντα
2862 4026 3043 4091 ἄθροι-

454 4100 536 4136 ςιν
572 4087 606 4150 ἢ
645 4085 969 4151 περιεκτικά
1004 4102 1181 4139 τινων
1228 4092 1605 4155 προςηγορικὰ
1650 4093 1934 4156 ὀξύνεται,
1973 4092 2162 4155 λαλιά,
2202 4092 2417 4157 παιδιά,
2457 4093 2716 4158 πυρκαῖά.
2789 4098 2870 4145 De
2907 4109 3042 4159 φορ-

455 4152 571 4216 βειά
618 4162 761 4204 teste
809 4155 990 4205 Schol.
1034 4157 1103 4206 ad
1149 4158 1427 4222 Arffstoph.
1476 4161 1576 4210 Av.
1613 4165 1709 4210 861
1756 4163 1975 4211 dixerat
2021 4162 2370 4212 Herodianus
2417 4162 2583 4211 etiam
2630 4165 2686 4211 in
2736 4163 3044 4225 Odyssiaca

455 4223 743 4272 Prosodia:
783 4222 1125 4286 Ἡρωδιανὸς
1162 4223 1225 4275 ἐν
1259 4227 1331 4290 τῇ
1372 4223 1563 4292 βιβλίῳ
1596 4228 1734 4294 φηςί
1771 4231 1874 4292 τῆς
1914 4226 2296 4292 Ὀδυςςειακῆς
2342 4226 2658 4293 προςῳδίας
2700 4228 2770 4280 τὸ
2807 4228 3043 4293 φορβειά

452 4287 539 4339 διὰ
562 4291 664 4353 τῆς
690 4294 737 4340 ει
762 4288 1072 4353 διφθόγγου
1098 4290 1405 4355 γράφεςθαι
1429 4294 1521 4344 καί
1546 4294 1848 4347 ὀξυτόνως.
1873 4322 1938 4329 ι-
1964 4293 2183 4344 ςτελειά
2222 4295 2412 4344 addidi
2448 4313 2513 4345 ex
2539 4297 2787 4360 Theogn.
2821 4302 2929 4353 105,
2961 4300 3040 4360 18,

452 4356 544 4406 ubi
572 4356 716 4407 falso
742 4355 995 4421 ςτηλειά,
1033 4359 1177 4422 quod
1204 4376 1269 4410 ex
1298 4361 1399 4411 hoc
1436 4361 1552 4411 loeo
1579 4380 1695 4413 sum
1738 4370 1879 4423 tum,
1915 4378 2022 4411 non
2055 4370 2117 4410 ut
2143 4363 2483 4412 Schmidtius
2517 4365 2772 4427 opinatur
2797 4382 2864 4413 ex
2890 4363 3041 4415 (τει-

452 4421 541 4485 ριά
578 4432 889 4489 corruptum
927 4431 1028 4475 est.
1165 4427 1201 4476 l.
1243 4429 1303 4477 16
1339 4427 1431 4478 καί
1467 4427 1560 4478 ἐπὶ
1596 4428 1695 4481 οὐς
1718 4444 1783 4480 ας
1821 4426 2071 4480 τίθενται
2108 4446 2175 4478 ex
2212 4430 2274 4477 Ε.
2301 4431 2374 4478 Μ.
2414 4432 2527 4492 139,
2564 4433 2631 4479 29
2668 4431 2880 4493 addidi,
2919 4433 3040 4482 ubi:

453 4488 600 4552 λέγει
646 4490 708 4541 ἐν
753 4495 837 4557 τῷ
885 4492 1130 4544 καθόλου
1177 4493 1209 4544 ὁ
1248 4493 1615 4560 Ἡρωδιανὸς,
1663 4498 1753 4548 ὅτι
1795 4496 1867 4546 τὸ
1912 4494 2069 4560 ἀρειή
2108 4494 2434 4559 παράλογον
2480 4497 2626 4559 κτλ.,
2673 4498 2816 4549 unde
2864 4497 3038 4563 ἀρειά,

454 4559 596 4620 quod
633 4576 717 4623 ap.
743 4560 1035 4609 Arcadium
1072 4577 1193 4610 cum
1229 4562 1455 4626 reliquis
1490 4566 1859 4629 componitur,
1899 4566 2154 4628 separavi
2184 4564 2486 4613 Herodiani
2521 4571 2834 4615 accuratam
2871 4583 3039 4617 anno·

452 4626 717 4675 tationem
756 4627 981 4678 addens.
1054 4630 1281 4678 Versum
1329 4631 1401 4679 ad
1438 4634 1590 4679 vocis
1634 4629 1761 4695 ἀρία
1808 4646 1966 4679 usum
2010 4630 2350 4695 probandum
2395 4633 2710 4696 appositum
2758 4634 3041 4699 Eupolidis

451 4707 573 4741 esse
612 4694 734 4743 cod.
774 4697 855 4745 Va
891 4700 1146 4755 testatur,
1186 4712 1282 4760 pro
1320 4693 1521 4760 πρίνης
1563 4700 1759 4765 scripsi
1796 4699 1996 4762 πρινῆς
2044 4715 2110 4748 ex
2150 4696 2378 4761 πρινέας
2418 4706 2764 4750 contractum
2803 4710 2864 4752 ut
2902 4705 3038 4767 ςυκῆ

453 4774 519 4808 ex
554 4759 747 4823 ςυκέα,
787 4776 1113 4827 quamquam
1154 4769 1298 4813 teste
1337 4771 1507 4813 earet.

2501 4850 2630 4914 19*
