3664 5546
1561 429 1692 476 PRA
1701 427 1980 477 EFATIO.
2774 428 3056 476 chxxxv

474 587 638 651 satis
683 594 782 649 est
837 580 1286 669 exemplorum
1341 580 1936 668 pathologieorum,
1993 582 2125 646 iam
2179 583 2500 668 quaedam
2558 581 3063 669 orthographica

474 689 836 777 proferam3
882 709 1048 772 quae
1090 709 1150 771 p.
1196 684 1354 764 398,
1402 686 1437 749 7
1501 685 2023 770 praecipiuntur,
2081 695 2450 768 congruunt
2503 707 2647 747 cum
2703 684 2947 750 Herod.
2994 685 3060 748 in

477 792 558 856 E.
607 790 697 853 M.
744 790 891 870 630,
944 788 1051 869 18,
1099 785 1333 851 Choer.
1368 784 1555 849 Orth.
1591 785 1747 866 2433
1795 809 1857 871 p.
1890 786 2035 864 371,
2066 785 2149 850 23
2193 793 2398 871 ζῷον,
2443 785 2508 849 in
2552 809 2678 872 quo
2713 798 3059 873 praecepto

474 892 652 979 quod
699 891 780 955 de
825 889 1142 976 perispasi
1187 888 1367 952 vocis
1413 896 1767 971 περιςτῷον
1815 885 2089 970 dicitur,
2144 910 2273 952 non
2326 898 2577 952 rectum
2631 897 2760 971 est,
2819 888 2937 952 sed
2993 890 3061 951 in

475 991 957 1078 subscriptione
1012 991 1147 1055 iota
1202 986 1552 1053 ineffabilis
1610 989 1911 1072 congruit
1963 1011 2110 1052 cum
2163 990 2320 1054 Arc.
2374 989 2524 1061 121,
2582 991 2662 1054 27
2721 985 2786 1055 e't
2844 989 2923 1053 E.
2968 989 3059 1054 Μ.

474 1097 623 1176 413,
669 1095 781 1176 23,
831 1116 892 1179 p.
937 1093 1081 1172 426,
1133 1092 1165 1154 1
1215 1094 1351 1175 ᾤαν
1399 1092 1699 1175 congruit
1743 1112 1893 1154 cum
1938 1090 2170 1155 Choer.
2219 1090 2407 1155 Orth.
2439 1093 2583 1172 281,
2635 1093 2742 1173 12,
2788 1092 2902 1156 sed
2948 1114 3059 1155 ex-

475 1197 779 1283 plicatius
827 1205 947 1258 cst.
993 1194 1297 1279 Denique
1341 1192 1664 1280 quaedam
1697 1190 2047 1278 prosodica
2091 1204 2443 1278 praecepta
2473 1195 2703 1273 afferO,
2750 1201 2823 1257 ut
2863 1193 3061 1257 etiam

474 1301 545 1363 in
589 1297 711 1362 hac
768 1296 1228 1380 grammatices
1272 1304 1460 1381 parte
1513 1293 1635 1357 hoe
1679 1295 1996 1379 scriptum
2053 1317 2136 1358 ex
2182 1292 2559 1359 Herodiano
2615 1295 2897 1380 pendere
2954 1318 3062 1380 pa·

477 1410 644 1465 teat:
694 1421 756 1483 p.
804 1399 960 1478 331,
1009 1397 1123 1478 25,
1179 1397 1357 1482 quod
1415 1395 1497 1460 de
1553 1406 1823 1460 accentu
1879 1395 1947 1458 in
2003 1396 2241 1476 ἄμητος
2299 1408 2365 1460 et
2420 1397 2657 1477 ἀμητός
2712 1397 3060 1482 profertur,

475 1502 780 1584 congruit
824 1522 970 1562 cum
1017 1501 1173 1563 Arc.
1220 1498 1333 1579 81,
1379 1500 1496 1578 27,
1553 1497 1670 1561 sed
1726 1498 2095 1561 accuratius
2143 1499 2513 1583 expositum
2568 1507 2694 1580 cst3
2754 1498 2925 1584 quod
2983 1499 3064 1562 de

477 1602 844 1690 quantitate
891 1599 1136 1664 vocalis
1184 1605 1225 1663 ἇ
1283 1609 1436 1663 ante
1483 1588 1518 1681 f}
1574 1610 1638 1666 et
1683 1603 1723 1678 ᾗ
1768 1621 1915 1663 cum
1960 1598 2189 1663 Dichr.
2236 1600 2360 1662 296
2416 1600 2524 1662 fin.
2584 1611 2651 1664 et
2704 1602 2826 1664 297
2886 1601 3063 1696 init.3

477 1729 544 1791 p.
590 1703 717 1768 334
771 1703 991 1783 ἀναβῶ
1048 1700 1353 1784 congruit
1410 1702 1476 1763 in
1533 1702 1913 1765 universum
1968 1723 2115 1763 cum
2160 1702 2316 1765 Arc.
2370 1703 2518 1783 174,
2566 1703 2606 1766 6
2661 1703 2728 1766 in
2782 1725 2885 1784 re,
2949 1702 3064 1766 sed

477 1803 703 1892 paullo
750 1802 939 1867 aliter
984 1813 1046 1866 et
1091 1801 1237 1866 aliis
1285 1801 1600 1888 exemplis
1648 1803 2071 1887 explanatum
2117 1814 2248 1886 θεὶς
2307 1803 2389 1868 de
2434 1804 2726 1885 ἄντικρυς
2783 1814 2849 1868 et
2893 1806 3063 1872 ἀντι-

479 1909 596 1987 κρύ
653 1929 716 1991 p.
764 1905 919 1985 339,
966 1906 1048 1967 23
1114 1927 1262 1968 eum
1319 1903 1396 1967 ll.
1456 1905 1564 1968 Pr.
1625 1906 1667 1969 Ε
1731 1905 1850 1968 ῙΟΟ
1902 1917 1968 1968 et
2033 1905 2128 1969 Io.
2186 1902 2291 1969 Al.
2340 1907 2456 1986 37,
2508 1906 2605 1970 19.
2708 1905 2839 1971 Sed
2904 1906 3066 1971 haec

479 2010 814 2073 hactenus.
903 2006 1071 2069 Nam
1118 2007 1186 2069 in
1231 2014 1415 2071 tanta
1458 2028 1674 2070 rerum
1720 2009 1910 2093 copia
1961 2005 2029 2069 id
2075 2014 2329 2070 tantum
2375 2005 2531 2070 mihi
2576 2008 2900 2092 agendum
2946 2019 3064 2089 est,

478 2121 554 2173 ut
621 2109 993 2189 ostendam,
1059 2130 1186 2193 qua
1250 2109 1501 2172 ratione
1567 2109 1861 2173 fontibus
1928 2107 2364 2174 Herodianeis
2440 2132 2597 2173 usus
2673 2111 2795 2173 sim
2858 2133 3066 2197 neque

477 2211 872 2298 quidquam,
918 2220 1234 2296 quantum
1278 2212 1344 2273 in
1388 2233 1491 2274 me
1533 2211 1692 2286 fuit,
1738 2211 2285 2296 praetermisisse,
2331 2211 2506 2297 quod
2552 2210 2635 2274 ad
2682 2211 3069 2298 complenda

477 2316 848 2397 fragmenta
891 2310 1252 2376 Herodiani
1298 2313 1639 2397 pertineat.

652 2414 838 2494 Quae
881 2413 948 2477 in
993 2413 1119 2476 fine
1162 2413 1320 2476 tomi
1364 2413 1433 2477 ΙΙ
1488 2437 1528 2478 a
1572 2416 1880 2477 Cramero
1936 2415 2118 2478 edita
2175 2423 2326 2479 sunt
2383 2415 2506 2478 sub
2564 2415 2751 2479 titulo
2809 2417 3068 2491 ἐκλογαὶ

480 2519 817 2597 διαφόρων
863 2517 1134 2598 λέξεων,
1180 2537 1392 2600 pauca
1436 2525 1689 2580 tantum
1734 2515 2155 2581 Ilerodianea
2211 2516 2573 2596 continent,
2637 2516 2827 2596 nihil,
2888 2515 3063 2602 quod

479 2641 611 2683 non
676 2615 937 2681 aliunde
1002 2617 1336 2700 cognitum
1391 2617 1508 2700 sit,
1566 2615 1861 2681 nonnulli
1918 2616 2177 2682 articuli
2233 2629 2601 2702 congruunt
2656 2639 2802 2680 cum
2858 2617 3067 2681 Hero-

478 2720 670 2785 diani
729 2718 803 2784 11.
859 2718 968 2783 Pr.
1024 2717 1094 2781 in
1147 2715 1363 2783 schol.
1423 2720 1482 2783 A
1541 2718 1628 2783 ad
1687 2718 1797 2801 ιι,
1858 2743 1922 2806 p.
1976 2720 2134 2800 461,
2200 2721 2274 2783 ιο
2342 2721 2545 2800 οὐλήν
2604 2741 2752 2785 cum
2811 2722 2855 2785 κ
2917 2719 3068 2795 1343
3133 2702 3147 2711 ‘

481 2846 547 2909 p.
591 2823 749 2902 466,
801 2824 877 2885 18
923 2844 1067 2883 cum
1115 2819 1194 2883 ll.
1241 2820 1348 2883 Pr.
1397 2825 1450 2887 Θ
1494 2824 1651 2902 233,
1698 2822 1809 2907 qui
1856 2821 2179 2906 posterior
2222 2821 2400 2886 locus
2452 2821 2656 2887 multo
2700 2823 2957 2908 plenior
3001 2830 3067 2886 et

478 2925 1052 3009 grammaticorum
1119 2922 1506 2987 testimoniis
1560 2922 1941 2988 instructior
1995 2936 2097 2989 est
2151 2946 2346 3011 quam
2399 2924 2932 2989 adnotamentum
3002 2925 3069 2986 in

479 3025 562 3091 ll.
609 3026 716 3089 Pr.
773 3062 859 3072 —-
927 3024 1178 3088 Eadem
1248 3024 1488 3088 virtute
1552 3023 1815 3090 excellit
1870 3036 2290 3111 praeceptum
2349 3025 2428 3089 de
2486 3026 2857 3111 imperativi
2913 3032 3068 3107 φαθι

481 3127 698 3191 tonosi
742 3128 886 3206 468,
920 3126 991 3207 9,
1040 3126 1211 3210 quod
1257 3126 1569 3191 brevibus
1616 3149 1722 3212 ap.
1765 3128 1921 3192 Arc.
1960 3128 2100 3208 172,
2132 3129 2216 3192 25
2260 3138 2325 3192 et
2370 3128 2438 3190 in
2474 3125 2687 3191 Schol.
2731 3127 2815 3192 ad
2860 3127 3066 3192 Arist.

481 3229 653 3314 qu.
697 3230 779 3291 22
823 3226 1102 3292 relatum
1149 3228 1396 3307 causiS,
1444 3250 1605 3313 quas
1649 3226 2034 3314 Apollonius
2083 3239 2149 3293 et
2180 3229 2597 3294 Herodianus
2643 3251 2760 3314 pro
2809 3229 3069 3293 diverso

481 3341 756 3394 accentu
799 3328 1235 3416 protulerant,
1294 3328 1571 3394 ditatum
1631 3341 1751 3395 est.
1844 3330 2193 3395 Praeterea
2238 3354 2298 3417 p.
2347 3330 2502 3413 427,
2552 3332 2591 3395 9
2646 3332 2812 3397 ἔςτιν
2869 3333 3071 3396 αὐτοῦ

481 3433 606 3515 (sc.
652 3437 770 3497 τοῦ
814 3432 1121 3515 αὐθάδης)
1170 3434 1208 3510 ἡ
1254 3435 1506 3511 κλητική
1552 3434 1857 3516 αὐθᾶδες,
1909 3435 2298 3512 παραλόγως
2354 3436 2423 3498 δὲ
2483 3435 2786 3517 αὔθαδες,
2843 3455 3071 3497 veram

485 3532 850 3597 Herodiani
895 3533 1282 3596 sententiam
1327 3533 1647 3612 continet,
1694 3556 1890 3619 quum
1940 3535 2033 3598 Io.
2067 3532 2173 3597 Al.
2226 3536 2321 3614 13,
2368 3536 2450 3598 35
2495 3537 2570 3600 τὸ
2617 3536 2925 3614 αὔταρκες
2970 3537 3073 3599 καὶ

479 3636 757 3700 αὔθαδες
803 3637 989 3715 φηςὶν
1036 3635 1074 3698 ὁ
1118 3636 1512 3713 Ἡρωδιανὸς
1558 3638 1636 3715 μὴ
1684 3637 1856 3715 ἔχειν
1902 3636 2204 3717 ἀφορμὴν
2249 3639 2843 3715 προπαροξύνεςθαι
2891 3658 3071 3722 prae-

481 3735 839 3800 termiserit
894 3733 1136 3798 addere
1190 3737 1577 3814 παραλόγως
1648 3740 1717 3802 δὲ
1773 3739 2361 3822 προπαροξύνεται,
2429 3738 2603 3824 quod
2666 3739 2806 3801 sine
2873 3738 3072 3803 dubio

481 3837 899 3901 Herodianus
934 3836 1501 3921 pronunciaverat.
1558 3837 2031 3903 Adnotamenti
2078 3839 2159 3902 de
2207 3842 2328 3919 ὡς,
2375 3839 2444 3903 in
2488 3862 2615 3926 quo
2650 3840 3071 3904 Aristarchus

481 3950 549 4003 et
575 3939 910 4025 Tyrannio
943 3941 1390 4021 nominantur,
1423 3940 1550 4004 iam
1582 3963 1782 4026 supra
1814 3952 2165 4026 praeeunte
2196 3942 2472 4005 Lehrsio
2502 3941 2893 4006 mentionem
2926 3941 3072 4004 feei.

1444 4190 1550 4259 De
1598 4193 2096 4261 Choerobosco.

652 4344 798 4409 Iam
843 4344 910 4408 in
955 4347 1169 4432 capite
1215 4346 1432 4431 priore
1478 4358 1573 4428 et,
1621 4349 1734 4412 ubi
1781 4347 1862 4409 de
1911 4347 2238 4432 Stephano
2286 4347 2602 4427 diximus,
2660 4347 2921 4432 saepius
2968 4368 3071 4410 oc-

479 4449 659 4512 casio
697 4446 1141 4512 Choerobosci
1172 4450 1724 4513 commemorandi
1755 4448 1945 4512 nobis
1985 4449 2205 4514 oblata
2238 4460 2357 4513 est.
2420 4450 2639 4528 Quare
2669 4448 2773 4512 hic
2808 4448 3072 4511 brevius

481 4551 564 4614 de
609 4572 688 4614 eo
737 4570 1061 4634 exponere
1107 4548 1265 4612 mihi
1311 4550 1466 4615 licet
1510 4562 1704 4636 atque
1749 4551 2031 4636 primum
2078 4551 2169 4615 de
2214 4551 2575 4614 Dictatis
2622 4548 3043 4612 disseramus.

654 4649 1001 4714 Theodosii
1031 4674 1312 4716 canones
1342 4650 1658 4735 isagogici
1703 4653 1988 4715 maxime
2033 4653 2099 4714 in
2131 4652 2493 4718 Herodiani
2526 4649 2819 4713 doctrina
2861 4651 3072 4713 nitun-

479 4764 592 4817 tur
638 4751 1060 4835 (nominatim
1105 4752 1513 4818 Theodosius
1559 4752 2008 4817 Herodianum
2065 4777 2211 4817 cum
2267 4750 2610 4840 Apollonio
2668 4749 2960 4835 appellat
3004 4751 3074 4814 in

481 4853 710 4918 Bekk.
744 4852 994 4916 Anecd.
1047 4856 1227 4935 1059,
1273 4855 1346 4934 2,
1393 4853 1621 4940 incipit
1665 4856 1913 4939 pariter
1956 4866 2150 4940 atque
2198 4854 2613 4920 Herodianus
2661 4853 2731 4919 ἐν
2775 4860 2869 4938 τῷ
2917 4854 3068 4919 ὀνο-
