3664 5546
655 366 784 445 340
1594 366 1676 422 εκ
1715 362 2309 436 τΩΝζΗΡΩΔιΑΝοΥ

2735 424 2759 455 Ι

654 539 931 616 κτριανή.
979 537 1277 619 (τράβων
1322 536 1626 622 ἑνδεκάτῃ
1670 541 1758 624 (p.
1789 538 1960 621 514).
2015 538 2228 615 Χάραξ
2273 539 2344 602 δὲ
2390 537 2748 615 οὐδετέρως
2791 539 2869 602 τὰ
2899 537 3245 615 Ζαρίαςπα.

655 639 956 719 Ἐνίςπη
1001 639 1189 704 πόλις
1233 640 1561 719 Ἀρκαδία(
1618 642 1760 704 «καὶ
1815 638 2200 719 ἠνεμόεςςαν
2247 639 2574 717 Ἐνίςπην»
2630 636 2708 721 (Β
2753 638 2927 722 606).
3014 644 3130 705 νῦν
3190 640 3247 704 δ’

654 741 773 805 οὐκ
817 740 960 805 ἔςτι.
1023 742 1177 821 φαςὶ
1221 743 1293 805 δὲ
1336 742 1375 819 ἢ
1420 745 1532 819 τῆς
1565 730 1925 820 Κλειτορίας
1968 745 2084 818 γῆς
2128 740 2293 807 εἶναι
2338 742 2379 821 ἢ
2421 744 2532 819 τῆς
2562 741 2890 821 Ψωφῖδος.
2948 741 3244 818 Εὐίππη

652 846 852 922 δῆμος
902 844 1145 920 Καρίας.
1211 843 1568 921 Κυδίππη
1614 843 1887 923 Ὀχίμοιι
1922 844 2220 922 θυγάτηρ.
2296 845 2335 907 Γ
2348 844 2698 921 οργίππη
2741 844 2928 907 πόλις
2974 841 3244 923 (ινδική,

590 945 691 1022 5ἣ
747 946 850 1008 καὶ
906 945 1305 1021 Γοργίππεια.
1393 946 1470 1009 τὸ
1525 946 1741 1024 μέντοι
1800 945 2044 1023 ςιωπή
2100 944 2391 1012 ὀξύνεται
2450 946 2551 1009 καὶ
2606 944 2897 1026 ἑνωπή,
2954 944 3244 1023 ε’ςωπή,

651 1047 1011 1125 περιωπή
1057 1047 1276 1111 καὶτὸ
1323 1046 1570 1124 ἐνοπή
1625 1047 1728 1110 καὶ
1784 1046 2136 1125 ἀςτραπή
2183 1048 2284 1110 καὶ
2328 1045 2727 1125 ἀςτεροπή
2774 1047 2876 1110 καὶ
2931 1045 3159 1124 ἐνιπή
3203 1046 3243 1122 ἡ

652 1147 978 1226 ἐπίπληξις
1021 1149 1124 1212 καὶ
1169 1150 1502 1230 λατυπή,
1548 1149 2012 1228 χαμαιτυπή.
2089 1149 2490 1227 ςεςημείωται
2535 1148 2837 1226 τολύπη
2883 1149 3245 1227 βαρύτονον

648 1249 688 1326 ἡ
735 1248 988 1328 ἐργαςία
1032 1250 1135 1312 καὶ
1179 1249 1661 1328 Ἀμφιτροπή
1708 1246 2027 1316 ὀξύτονον
2075 1252 2276 1328 δῆμος
2319 1252 2432 1327 τῆς
2478 1248 2867 1327 Ἀντιοχίδος
2912 1251 3141 1328 φυλῆς.

818 1351 913 1414 Τὰ
956 1350 1046 1414 εἰς
1090 1353 1170 1427 δη
1217 1349 1606 1427 ἰωνικώτερα
1648 1350 1807 1414 κατὰ
1851 1352 2100 1428 τροπὴν
2140 1355 2259 1415 τοῦ
2304 1352 2345 1414 ἃ
2388 1350 2477 1415 εἰς
2521 1354 2563 1428 ἦ
2606 1351 2970 1432 βαρύνεται,
3016 1349 3242 1432 κόρη,

557 1460 619 1512 ιο
652 1451 921 1529 Ἀςκρη
978 1451 1166 1515 πόλις
1221 1450 1556 1530 Βοιωτίας,
1612 1450 1936 1530 Ὀλύκρη
1991 1453 2177 1517 πόλις
2231 1454 2379 1531 περὶ
2424 1451 2827 1516 Ναύπακτον.
2917 1450 3243 1516 Ἑκαταῖος

649 1554 1009 1632 περιηγήςει
1066 1552 1386 1630 Εὐρώπης.
1475 1553 1877 1632 Ἀντιςάρη
1933 1555 2035 1619 καὶ
2088 1553 2246 1633 αὕτη
2302 1554 2504 1617 πόλις.
2602 1555 2770 1618 τινες
2826 1553 2899 1617 δὲ
2953 1553 3241 1632 Τιςάρη

648 1653 1003 1734 γράφουςι,
1048 1653 1231 1731 δέρη
1278 1652 1316 1717 ὁ
1360 1654 1711 1737 τράχηλος,
1755 1656 1831 1720 τὸ
1879 1657 1950 1720 δὲ
1996 1656 2218 1734 δειρή
2264 1659 2647 1738 πλεοναςμῷ
2691 1659 2810 1719 τοῦ
2854 1657 2888 1717 ἶ
2931 1653 3241 1721 ὀξύνεται.

650 1754 797 1817 ἀθά
811 1774 917 1832 ρη.
1007 1753 1134 1818 ἔςτι
1179 1756 1250 1819 δὲ
1296 1755 1553 1819 ςιτῶδές
1595 1777 1653 1818 τι
1698 1756 1973 1839 ἑψητόν,
2016 1757 2178 1835 ὅπερ
2222 1757 2293 1822 ἑν
2338 1764 2414 1840 τῇ
2462 1757 2754 1839 ςυνηθείᾳ
2800 1756 3082 1835 λάθυρον
3132 1776 3241 1819 κα-

650 1859 847 1920 λοῦςι.
935 1855 1214 1935 Ἐφύρη
1260 1854 1470 1935 ὄνομα
1513 1856 1795 1939 πόλεως,
1844 1855 1935 1921 ὡς
1976 1858 2152 1935 παρὰ
2195 1864 2288 1941 τῷ
2332 1864 2564 1942 ποιητῇ
2608 1855 2717 1939 (Il.
2763 1857 2819 1922 Ζ
2868 1855 3017 1937 152)

550 1973 614 2024 15
1055 1956 1181 2021 ἔςτι
1226 1958 1412 2021 πόλις
1457 1957 1694 2037 Ἐφύρη
1740 1965 1920 2042 μυχῷ
1964 1959 2233 2038 Ἄργεος
2274 1958 2675 2039 ἱπποβότοιο.

649 2058 776 2122 ἔστι
822 2060 894 2122 δὲ
937 2058 975 2136 ἡ
1021 2062 1137 2124 νῦν
1185 2059 1496 2138 λεγομένη
1544 2059 1867 2137 Κόρινθος.
1955 2060 2097 2141 ἔςτι
2139 2062 2209 2124 δὲ
2266 2061 2368 2125 καὶ
2411 2060 2649 2140 Ἐφύρη
2704 2061 2878 2137 παρὰ
2932 2067 3025 2143 τῷ
3069 2060 3238 2124 Θου-

648 2158 868 2243 κυδίδῃ
889 2158 975 2241 ,(1
990 2207 1008 2240 ,
1053 2158 1170 2240 46,
1215 2159 1301 2240 2).
1394 2160 1621 2239 Κύρη·
1678 2160 1805 2226 ἔςτι
1862 2164 1934 2227 δὲ
1988 2162 2196 2241 ὄνομα
2240 2164 2477 2243 πηγῆς,
2534 2161 2657 2240 ἀφ’
2712 2160 2785 2239 ἧς
2838 2162 2940 2243 καὶ
2988 2162 3239 2239 Κυρήνη

646 2260 849 2325 πόλις.
937 2260 1064 2325 ἔςτι
1110 2263 1329 2326 δὲκαὶ
1371 2264 1563 2339 νῆςος
1608 2263 1678 2327 ἐν
1721 2268 1814 2346 τῷ
1859 2264 2149 2347 Περςικῷ
2195 2263 2432 2346 κόλπῳ.
2520 2262 2844 2327 Ἑκαταῖος
2899 2263 2969 2328 ἐν
3021 2282 3239 2340 περιη-

644 2362 888 2439 γήςεως
933 2363 1230 2446 δευτέρῳ.
1294 2364 1763 2443 Τερψιχόρη.
1848 2365 2111 2429 Ἀττικοὶ
2155 2366 2228 2429 δὲ
2273 2365 2376 2428 διὰ
2418 2368 2537 2428 τοῦ
2583 2365 2623 2427 ἇ
2666 2366 2823 2444 φαςὶ
2850 2364 3235 2442 Τερψιχόρα.

544 2479 612 2529 20
647 2462 753 2527 ἐπὶ
795 2462 1058 2546 κόρρης,
1105 2464 1383 2543 ςημαίνει
1429 2466 1500 2528 δὲ
1544 2466 1619 2529 τὸ
1664 2465 1771 2529 ἐπὶ
1813 2469 2112 2544 κεφαλῆς.
2180 2465 2371 2544 κόρςη
2413 2469 2536 2543 γάρ
2580 2465 2619 2544 ἡ
2665 2468 2912 2545 κεφαλὴ
2957 2467 3061 2529 καὶ
3103 2464 3236 2529 ἀπὸ

645 2568 763 2628 τοῦ
808 2564 998 2645 κόρςη
1053 2566 1157 2629 καὶ
1211 2565 1450 2644 κόρρη
1508 2566 1598 2630 ὡς
1653 2565 1852 2645 ἄρςην
1909 2568 2013 2630 καὶ
2069 2567 2288 2646 ἄρρην.
2382 2567 2626 2647 Κάτρη
2682 2569 2783 2631 καὶ
2838 2566 2997 2646 αὕτη
3047 2567 3237 2630 πόλις

650 2666 913 2745 Κρητικὴ
957 2665 1088 2731 ἀπὸ
1138 2667 1444 2746 Κάτρεως.
1530 2668 1762 2747 ’Άγρη
1807 2668 1993 2732 πόλις
2036 2668 2282 2733 Λυδίας.
2348 2668 2603 2748 Τάφραι
2647 2670 2749 2732 καὶ
2792 2668 3065 2747 Τάφρη
3110 2667 3235 2731 ἑνι-

611 2770 804 2851 -κῶς,
870 2767 1050 2847 χώρα
1104 2771 1530 2850 ταφρευθεῖςα
1594 2770 1741 2849 περὶ
1795 2771 1913 2849 τὴν
1973 2771 2259 2837 Μαιῶτιν
2317 2769 2540 2850 λίμνην
2598 2771 2726 2836 ὑπὸ
2783 2771 3041 2836 δούλων
3095 2771 3236 2835 ταῖς

645 3058 858 3123 reliqua
902 3061 1087 3109 omnia
1130 3074 1303 3124 usque
1349 3058 1419 3108 ad
1461 3058 1495 3110 Γ
1497 3056 1746 3123 οργίππη
1794 3060 2050 3125 apposita
2097 3066 2224 3110 sunt
2268 3077 2336 3110 ex
2382 3063 2463 3113 St.
2501 3061 2589 3119 B.,
2636 3067 2751 3111 tum
2798 3058 2995 3124 ἑνωπή
3033 3086 3099 3096 -
3134 3074 3233 3111 πε-

643 3124 832 3190 ριωπή
870 3142 938 3176 ex
973 3127 1238 3190 Theogn„
1274 3128 1408 3176 item
1443 3126 1696 3191 λατυπή,
1733 3125 2055 3191 χαμαιτυπή
2092 3132 2149 3178 et
2183 3129 2240 3176 in
2276 3129 2381 3178 fine
2411 3127 2767 3193 Ἀμφιτροπή
2801 3127 3075 3181 ὸξύτονον
3111 3127 3229 3179 κτλ.

643 3210 710 3243 ex
749 3195 831 3247 St.
872 3195 929 3246 B.
1004 3195 1299 3244 Caeterum
1333 3194 1539 3244 adnoto
1577 3203 1725 3245 recto
1763 3203 1998 3245 accentu
2043 3196 2311 3259 scriptum
2355 3211 2479 3246 esse
2524 3199 2583 3246 iu
2619 3199 2684 3246 E.
2722 3197 2795 3250 M.
2833 3200 2959 3258 344,
2995 3199 3062 3247 47
3111 3194 3229 3246 ἐνο-

643 3263 776 3312 παῖς
811 3263 929 3312 τοῖς
967 3258 1222 3312 ἐνωτίοις
1259 3263 1342 3312 sic
1377 3268 1438 3312 ut
1473 3263 1574 3312 hoc
1610 3260 1790 3327 ἐνοπή
1838 3279 1947 3312 non
1993 3264 2062 3313 ab
2101 3262 2278 3313 altero
2316 3261 2494 3329 ἐνοπῇ
2542 3265 2577 3313 i.
2616 3279 2672 3328 q.
2719 3265 2820 3328 βοῇ
2859 3265 3232 3328 distinguatur

644 3336 899 3380 accentu.
959 3330 1016 3378 in
1051 3329 1322 3394 Hesychii
1359 3330 1477 3381 loco
1514 3338 1770 3395 corrupto
1808 3328 2047 3381 ἑνώταις
2084 3327 2361 3381 ἐνωτίοις·
2398 3333 2469 3396 τῇ
2508 3330 2793 3398 προςῳδίᾳ
2830 3330 2909 3382 ὡς
2944 3330 3229 3394 φιλόπαις.

643 3395 942 3460 (οφοκλῆς
978 3393 1384 3460 Αίχμαλώτιςιν
1429 3399 1777 3449 scribendum
1822 3405 1911 3449 est
1955 3397 2184 3449 ἑνοπαῑς
2229 3396 2507 3450 ἑνωτίοις·
2554 3401 2625 3465 τῇ
2664 3396 2949 3466 προςῳδίᾳ
2995 3397 3075 3449 ὡς
3120 3398 3231 3449 διο-

642 3466 802 3528 παῖς,
840 3479 966 3514 nam
1001 3463 1268 3528 φιλόπαις
1304 3467 1507 3516 iniuria
1533 3470 1719 3517 tuetur
1744 3466 2104 3528 Schmidtius;
2143 3466 2239 3516 sed
2276 3468 2443 3517 etiam
2479 3465 2648 3532 διοπή
2684 3467 2743 3517 in
2776 3466 2883 3516 fine
2920 3466 3229 3517 acuendum

644 3538 756 3596 est,
795 3547 972 3595 neque
1009 3534 1153 3583 enim
1197 3539 1282 3583 est
1328 3534 1647 3584 femininum
1692 3534 1761 3583 ab
1807 3532 2031 3597 δίοπος,
2080 3534 2225 3597 quod
2272 3551 2305 3584 a
2351 3533 2576 3585 Polluce
2621 3534 2936 3600 explicatur
2979 3532 3231 3597 ἑνόπτης

644 3602 748 3664 τῆς
785 3597 958 3663 νεώς,
997 3600 1092 3650 sed
1129 3601 1538 3657 substantivum
1583 3618 1616 3652 a
1651 3603 2063 3667 praepositione
2100 3601 2189 3652 διὰ
2237 3608 2295 3652 et
2329 3600 2445 3666 όπή
2482 3603 2694 3667 pariter
2738 3603 3097 3668 compositum
3146 3611 3230 3652 at-

643 3684 746 3732 que
783 3665 962 3732 ἐνοπή
1000 3683 1067 3718 ex
1103 3666 1166 3719 ἐν
1203 3674 1259 3719 et
1295 3668 1426 3734 ὀπή.
1496 3672 1581 3720 De
1618 3673 1839 3735 proprio
1879 3667 2085 3733 Ἐνόπη
2125 3671 2193 3723 cf.
2230 3671 2368 3721 Lob.
2406 3669 2564 3721 Proll.
2602 3673 2683 3721 67.
2842 3670 2880 3723 1.
2919 3672 2982 3720 10
3018 3668 3224 3734 Ἀςκρη

643 3735 861 3800 explevi
897 3751 965 3784 ex
999 3735 1201 3787 Herod.
1240 3735 1459 3787 Cathol.
1494 3753 1583 3802 ap.
1623 3737 1817 3789 Choer.
1856 3740 1981 3799 515,
2015 3740 2049 3787 4
2087 3736 2287 3799 (Bekk.
2323 3737 2527 3790 Auecd.
2567 3738 2747 3803 1173),
2784 3738 2880 3788 ubi
2916 3736 3007 3787 καὶ
3044 3751 3227 3801 ςημει-

641 3799 805 3853 οῠταί
838 3815 965 3853 τινα
1002 3802 1034 3854 ό
1072 3803 1414 3868 Ἡρωδιανὸς
1459 3802 1522 3858 ἐν
1556 3807 1627 3870 τῇ
1666 3803 1911 3855 καθόλου
1949 3804 2023 3868 μὴ
2063 3802 2424 3868 ἐξενεχθέντα
2459 3804 2548 3856 διὰ
2580 3807 2684 3856 τοῦ
2722 3807 2783 3868 ᾶ,
2820 3802 2965 3856 ἀλλὰ
2998 3803 3088 3855 διὰ
3121 3806 3225 3855 τοῦ

640 3872 674 3935 ἦ
712 3869 811 3932 (sc.
846 3869 1050 3934 ἔχοντα
1085 3871 1155 3923 τὸ
1191 3875 1270 3937 fn·
1309 3870 1408 3923 εἰςὶ
1444 3870 1506 3922 δὲ
1540 3874 1745 3923 ταῦτα·
1791 3888 1934 3937 quae
1981 3888 2080 3923 suo
2123 3873 2247 3924 loco
2292 3875 2526 3936 inserui;
2575 3871 2816 3937 Ὀλύκρη
2864 3872 3123 3936 ampliavi
3160 3888 3226 3921 ex

642 3938 834 4023 eodeu’x
870 3938 987 4022 loco
1025 3944 1082 3989 et
1118 3939 1197 3991 St.
1235 3942 1315 4002 B.,
1356 3940 1458 4025 qui,
1485 3954 1528 3990 s.
1568 3937 1780 4004 Κάτρη;
1820 3940 1926 3992 τὸν
1965 3938 2213 3991 Ἰωνικὸν
2258 3939 2440 4003 ἔχουςι
2474 3940 2719 4006 τρόπον,
2767 3939 2847 3991 ὡς
2885 3938 3224 4024 Ἡρωδιανὸς

640 4004 2341 4140 gvssfflssgvhg‘gssgvssffizqq'ssffizubffcwv'faedgtkessoegglerka?‘agg'
2366 4009 2652 4128 ΙτΒι-’όλιῖξῗᾱ
2666 4024 2858 4127 τόυὲιὲῃ
2871 4005 3227 4139 δειῖθῖᾞλέῗ

640 4145 833 4207 ναςμῷ
869 4145 973 4194 τοῦ
1012 4145 1044 4193 ῖ
1081 4142 1339 4195 ὀξύνεται
1375 4143 1566 4194 addidi
1602 4159 1671 4194 ex
1702 4144 1770 4194 Ε.
1795 4146 1871 4197 Μ.
1897 4147 2013 4202 262,
2040 4147 2105 4196 53
2130 4143 2278 4207 (nam
2312 4144 2458 4194 idem
2494 4143 2668 4194 tradit
2703 4143 2949 4208 Theogn.
2980 4145 3091 4205 101,
3119 4141 3225 4206 10),

639 4209 740 4260 sed
778 4210 1032 4270 dubitavi
1067 4210 1340 4274 adiicere,
1386 4211 1532 4276 quod
1569 4213 1630 4262 E.
1668 4211 1741 4261 M.
1779 4213 2035 4277 apponit:
2083 4209 2256 4275 Δείρη
2303 4209 2364 4263 δὲ
2408 4209 2442 4273 ἠ
2483 4210 2647 4262 πόλις
2692 4209 3047 4275 βαρυτόνως,
3095 4210 3226 4275 quia

638 4293 724 4342 ap.
763 4273 844 4329 St.v
881 4280 945 4329 Β.
984 4279 1219 4333 acuitur.
1289 4281 1524 4344 Propter
1560 4279 1702 4329 hauc
1738 4285 2004 4330 accentus
2040 4280 2458 4344 ambiguitatem
2494 4280 2645 4329 urbis
2690 4295 2886 4329 nomen
2924 4280 2981 4328 in
3016 4284 3224 4328 textum

638 4361 746 4396 nou
782 4347 996 4412 recepi,
1035 4347 1129 4397 sed
1163 4346 1254 4397 hic
1291 4347 1559 4412 Stephani
1593 4347 1725 4412 Byz.
1762 4346 2190 4412 explicationem
2226 4347 2535 4398 subscribo:
2581 4345 2754 4411 Δειρή
2789 4344 2896 4411 ἄρα
2933 4345 3024 4396 καὶ
3060 4343 3224 4396 πόλις

638 4410 940 4476 ὁμώνυμος
985 4412 1129 4477 πρὸς
1172 4417 1245 4481 τῇ
1293 4412 1566 4481 Αἰθιοπίᾳ.
1638 4412 1909 4479 (τράβων
1946 4405 2029 4469 ις’.
2090 4413 2205 4465 ἔςτι
2251 4414 2343 4465 καὶ
2379 4412 2579 4465 πόλις.
2608 4452 2618 4463 .
2645 4451 2694 4463 ..
2737 4412 3053 4479 Ἀθηναίων
3097 4427 3225 4476 ςυμ-

637 4481 856 4546 μαχῑκή.
924 4482 1160 4532 Nomina
1205 4483 1334 4533 iude
1380 4485 1450 4533 ab
1496 4479 1676 4549 ἀθάρη
1722 4499 1897 4547 usque
1943 4482 2016 4533 ad
2049 4481 2226 4547 Ἀγρη
2273 4487 2402 4532 sunt
2448 4499 2515 4531 ex
2553 4482 2750 4533 Choer.
2784 4483 2986 4532 collato
3023 4481 3104 4531 St.
3138 4481 3223 4544 B.,

636 4547 881 4614 λάθυρον
918 4551 1114 4616 scripsi
1149 4568 1219 4601 ex
1253 4553 1352 4602 MS
1379 4552 1505 4602 Bar.
1542 4568 1640 4617 pro
1675 4550 1914 4615 ἄρςανα,
1954 4549 2042 4600 Cr.
2079 4552 2180 4602 Ox.
2206 4552 2289 4602 111
2321 4553 2438 4613 412,
2475 4554 2507 4601 9
2544 4548 2769 4613 ἀθαρόν.
2822 4547 3030 4614 Ἐφύρη
3066 4564 3224 4613 prae-

636 4625 790 4668 terea
827 4618 1162 4684 amplificavi
1198 4636 1264 4669 ex
1300 4619 1402 4669 An.
1443 4619 1544 4669 Ox.
1583 4621 1610 4670 I
1647 4621 1762 4680 159,
1803 4621 1865 4668 15
1910 4619 2096 4668 verbis
2132 4617 2245 4669 ἔςτι
2291 4616 2353 4668 δὲ
2389 4617 2479 4667 καὶ
2518 4616 2726 4682 Ἐφύρη
2773 4618 2924 4682 παρὰ
2959 4620 3045 4682 τῷ
3083 4614 3223 4667 Θου-

635 4685 846 4752 κυδίδῃ.
882 4714 947 4722 ——
983 4688 1092 4737 Pro
1127 4682 1397 4752 ἐπικόρρη
1433 4687 1632 4751 scripsi
1668 4685 1762 4737 ἐπὶ
1799 4684 2004 4750 κόρρης
2040 4685 2144 4749 (sc.
2181 4684 2460 4748 πατάξαι),
2499 4702 2623 4735 nam
2662 4686 3018 4735 Herodianus
3055 4685 3223 4748 signi-

633 4754 820 4804 ficavit
856 4754 1177 4805 vocabulum
1215 4757 1445 4804 maxime
1484 4756 1541 4804 in
1579 4753 1680 4803 hac
1715 4755 2005 4804 verborum
2032 4755 2374 4804 connexione
2402 4755 2659 4803 inveniri.
2709 4754 2792 4803 De
2817 4751 2996 4816 Ἀγρη
3023 4751 3103 4802 St.
3128 4751 3221 4802 B.:

633 4821 797 4872 πόλις
831 4819 1048 4873 Λυδίας.
1120 4821 1461 4885 Ἡρωδιανὸς
1507 4819 1570 4870 ἐν
1605 4820 1915 4887 δωδεκάτῃ.
1987 4820 2208 4885 Τάφραι
2253 4820 2343 4871 καί
2388 4818 2588 4884 Τάφρη
2626 4848 2685 4856 -
2730 4818 2985 4884 Ἀγκώρη
3032 4819 3224 4870 addidi
