3664 5546
1248 211 1262 247 Ι

1174 387 1332 442 ΠΕΡΙ
1375 387 1767 442 ΚΑΘΟΛΙΚΗ(
1802 386 2226 471 ΠΡΟΕῼιΔΙΑ(
2265 385 2322 440 Κ.
2921 387 3044 451 531

455 558 829 639 τάλαινα,
887 557 1221 636 χαρίεντος
1278 559 1663 636 χαρίεςςα.
1751 557 2000 621 Ῥόδιος
2044 557 2115 621 δὲ
2160 556 2414 621 Ῥοδίου
2458 555 2717 622 Ῥοδία
2771 559 2872 621 καὶ
2932 557 3047 622 (ά-
3123 636 3134 639 -

460 681 602 739 μιος
649 658 882 738 (αμίου
928 658 1183 738 (αμία.
1258 661 1361 723 διὸ
1407 660 1674 724 Ἀττικοὶ
1715 658 1940 738 ἱερέως
1986 661 2286 735 λέγοντες
2331 659 2579 737 ἱερεία
2623 658 3050 738 ἐκτεταμένως

460 761 784 841 λέγουςιν,
832 759 974 823 ἀλλ’
1020 760 1231 824 οὐκέτι
1277 760 1749 843 πανδόκεια,
1796 762 2162 840 βαςίλεια.
2231 761 2631 840 ςεςημείωται
2674 761 2750 826 τὸ
2795 760 2873 824 ἴα
2916 760 3048 825 ἀπὸ

458 865 575 925 τοῦ
618 859 718 925 ἴος
761 860 868 924 ἴου
917 860 1039 924 «οὐ
1084 861 1206 939 γὰρ
1250 862 1515 926 πάντων
1560 862 1674 942 ἦεν
1721 861 1882 941 ὁμὸς
1926 864 2122 941 θρόος
2168 862 2317 926 οὐδ’
2359 860 2428 926 ἴα
2466 865 2704 941 γῆρυς»
2751 862 2842 943 (Δ
2872 861 3049 943 437),

460 962 621 1040 ὅπερ
669 963 918 1038 λέγεται
964 964 1066 1027 καὶ
1110 963 1265 1044 μία,
1323 964 1426 1028 καὶ
1468 967 1642 1028 «δῖα
1684 970 2046 1038 γυναικῶν»
2104 964 2182 1044 (Β
2230 962 2380 1044 714)
2432 965 2534 1027 καὶ
2576 964 2651 1028 τὸ
2695 965 3048 1042 πέπειρα.
3091 973 3123 1022 5

627 1092 665 1143 ιι
711 1065 858 1129 Πᾶν
904 1063 992 1128 εἰς
1047 1067 1088 1126 ἃ
1146 1067 1346 1141 λῆγον
1401 1065 1680 1143 θηλυκὸν
1725 1063 2387 1144 προπαροξυνόμενον
2441 1066 2480 1143 ἢ
2525 1066 3049 1144 προπεριςπώμε-

463 1187 581 1231 νον
628 1165 1130 1244 ςυνεςταλμένον
1177 1165 1307 1245 ἔχει
1352 1167 1428 1230 τὸ
1472 1169 1516 1229 ’ἁ
1560 1166 2043 1249 Ἀντιόχεια,
2087 1169 2392 1248 ταχεῖα,
2439 1165 2672 1233 ὀξεῖα.

631 1267 726 1332 Τὰ
771 1268 874 1331 διὰ
917 1271 1034 1331 τοῦ
1082 1270 1199 1331 ᾶῖᾶ
1254 1268 1609 1347 παρώνυμα
1652 1269 2069 1347 παραγόμενα
2114 1268 2183 1331 ἑκ
2226 1271 2522 1346 θηλυκῶν
2577 1267 2666 1332 εἰς
2708 1268 2751 1332 ’ἀ
2791 1269 2833 1346 ἢ
2880 1268 2968 1332 εἰς
3011 1270 3051 1346 ἦ

462 1369 881 1448 ἐκτεταμένον
927 1368 1057 1448 ἔχει
1091 1370 1167 1435 τὸ
1201 1371 1270 1452 ἇ,
1318 1370 1546 1447 ςελήνη
1593 1370 2000 1451 ςεληναία,
2048 1369 2250 1448 ἅμαξα
2295 1367 2666 1452 άμαξαία,
2712 1369 2877 1448 οὐρά
2921 1370 3052 1434 οὐ·

465 1472 673 1553 ραία,
721 1469 1050 1552 ἀρχαία,
1081 1470 1483 1547 ἀναγκαία.
1541 1470 1692 1535 ὅθεν
1725 1471 1919 1550 ἐχρῆν
1965 1470 2172 1536 καὶτὸ
2204 1473 2389 1546 γαῖα
2420 1469 2816 1553 ἐκτείνεςθαι,
2861 1472 3053 1550 χωρὶς
3091 1478 3155 1529 10

465 1572 518 1636 εἰ
573 1573 655 1650 μὴ
710 1570 747 1648 ἣ
804 1571 1081 1649 ποςότης
1136 1579 1268 1636 τῶν
1325 1575 1658 1652 ςυλλαβῶν
1719 1576 1893 1636 ποιεῖ
1949 1573 2449 1650 ςυνεςταλμένον
2506 1572 2582 1636 τὸ
2636 1576 2693 1635 ἆ.
2729 1616 2764 1633 ,ι
2791 1576 3057 1636 τοιαῦτα

467 1675 591 1751 γὰρ
636 1674 715 1737 τὰ
761 1673 1135 1755 διςύλλαβα,
1179 1678 1444 1756 γραῖα,
1490 1668 1691 1753 μοῖῖα.

638 1801 676 1836 κ
727 1774 821 1837 Τὰ
866 1772 955 1837 εἰς
1000 1777 1040 1835 ἃ
1087 1776 1370 1851 λήγοντα
1413 1777 1695 1853 καθαρὸν
1742 1775 2273 1857 ςυνεςταλμένον,
2320 1774 2517 1839 ὁπότε
2563 1775 2687 1840 ἐςτὶ
2732 1775 2892 1852 ὑπὲρ
2929 1762 3058 1839 δύο

470 1875 814 1956 ςυλλαβάς,
878 1877 994 1952 τὴν
1058 1876 1187 1953 πρὸ
1253 1878 1481 1941 τέλους
1545 1876 1677 1956 ἔχει
1743 1878 1927 1957 φύςει
1965 1877 2263 1963 μακράν,
2332 1878 2666 1958 Μήδεια,
2732 1876 3058 1957 Θάλεια,

470 1977 1013 2059 Πηνελόπεια,
1081 1976 1387 2061 εὔνοια,
1461 1979 1817 2060 εὔχροια,
1884 1978 2376 2069 ὑπεςταλμένων
2441 1984 2572 2042 τῶν
2637 1978 2767 2055 πρό
2833 1979 3060 2043 τέλους
3098 1985 3161 2035 15

476 2079 762 2159 ἐχόντων
807 2079 923 2156 τὴν
972 2083 1072 2155 foi
1118 2081 1470 2162 ςυλλαβήν,
1517 2079 1660 2144 οἷον
1705 2080 2109 2161 ποιήτρια,
2155 2079 2551 2160 μεςήτρια,
2598 2078 3058 2163 ὁδηγήτρια,

472 2179 930 2261 ὀρχήςτρια,
966 2180 1387 2263 αὐλήτρια,
1425 2182 1826 2260 μαθήτρια.
1860 2180 2234 2258 παράλογος
2270 2179 2389 2244 οὖν
2421 2180 2458 2243 ὁ
2492 2181 2622 2258 πρὸ
2653 2182 2881 2245 τέλους
2909 2181 3059 2260 χρό-

472 2303 586 2347 νος
616 2287 735 2347 τοῦ
769 2283 1089 2363 πότνια,
1132 2280 1460 2363 ὄμπνια,
1489 2281 1937 2363 Πολύμνια,
1973 2281 2286 2362 Ἰάμνια,
2323 2280 2582 2359 Λάμια.
2629 2282 2746 2346 ὅςα
2774 2283 2898 2360 γὰρ
2929 2282 3060 2361 ἔχει

473 2384 603 2462 πρὸ
647 2386 766 2446 τοῦ
812 2383 1038 2446 τέλους
1080 2382 1157 2445 τὸ
1202 2385 1223 2445 i
1265 2382 1428 2459 ὑπὲρ
1475 2382 1594 2446 δύο
1641 2381 1955 2460 ςυλλαβὰς
1999 2381 2157 2446 ὄντα
2199 2383 2281 2461 μὴ
2328 2383 2434 2447 διὰ
2476 2387 2593 2447 τοῦ
2636 2387 2779 2461 ῆῑά
2829 2383 2947 2447 οὐκ
2991 2383 3062 2447 ἐν

477 2486 743 2567 ςυςτολῇ
800 2483 930 2561 ἔχει
986 2482 1062 2547 τὸ
1105 2485 1181 2564 ά,
1246 2480 1389 2545 ἀλλ’
1443 2481 1714 2564 ἐκτάςει,
1784 2482 2039 2565 κακία,
2097 2483 2351 2565 φιλία,
2407 2483 2670 2566 κοπία,
2726 2484 3060 2563 ἐςχατιά.
3098 2496 3166 2545 20

474 2590 593 2651 τοῦ
638 2583 757 2649 οὖν
803 2585 1096 2648 πότνια
1141 2584 1243 2647 καὶ
1287 2582 1582 2664 ὄμπνια
1625 2585 1728 2647 καὶ
1769 2587 1905 2646 τῶν
1935 2583 2251 2650 τοιούτων
2282 2584 2321 2662 ἢ
2366 2586 2405 2663 ἡ
2445 2585 2574 2664 πρὸ
2605 2587 2831 2649 τέλους
2873 2583 3092 2677 ἠλάτ-ο

473 2707 670 2752 τωται
713 2687 752 2764 ἢ
799 2687 838 2764 ἡ
884 2686 989 2750 ἐπὶ
1030 2686 1272 2750 τέλους.
2331 2708 2341 2714 ·

648 2787 741 2853 Τὰ
786 2787 918 2852 ἀπὸ
962 2793 1094 2853 τῶν
1139 2787 1228 2853 εἰς
1270 2791 1347 2866 ἠῖ
1392 2787 1719 2855 ὀξυτόνων
1766 2788 1872 2853 διὰ
1914 2791 2032 2852 τοῦ
2075 2791 2178 2852 ἒῖᾶ
2228 2789 2772 2867 προπαροξύτονα
2816 2790 3063 2853 ςυςτέλ-

480 2894 573 2954 λει
617 2891 694 2954 τὸ
741 2894 811 2973 ἃ,
857 2891 1266 2969 παροξύτονα
1311 2892 1382 2955 δὲ
1427 2891 1719 2973 ἐκτείνει,
1776 2890 2131 2970 εὐςέβεια
2187 2891 2290 2954 καὶ
2347 2889 2684 2972 εὐςεβία,
2747 2888 3066 2969 ἀμέλεια

478 2993 582 3056 καὶ
623 2990 934 3075 ἀμελία,
982 2994 1355 3071 ςυνήθεια
1399 2994 1502 3057 καὶ
1546 2992 1886 3072 ςυνηθία.
1954 2992 2029 3054 τό
2072 2992 2288 3070 μέντοι
2338 2991 2631 3070 ἀμαθία
2673 2991 2877 3071 μόνον
2907 3010 3066 3069 παρ-
3103 3004 3168 3052 ‘25

474 3092 769 3157 οξύνεται
816 3095 917 3158 καὶ
962 3095 1067 3158 διὰ
1113 3094 1381 3174 βραχέος
1422 3096 1445 3157 ῑ
1486 3094 1818 3174 γράφεται.
2235 3109 2271 3132 “
2791 3100 2811 3132 ²

530 3276 547 3282 -
649 3220 685 3255 οι
736 3194 829 3257 Τὰ
875 3195 979 3258 διὰ
1033 3199 1151 3259 τοῦ
1206 3198 1313 3258 W]
1368 3196 1610 3274 θηλυκὰ
1662 3201 1753 3279 τῷ
1797 3197 1819 3258 i
1869 3196 2367 3275 παραληγόμενα
2421 3196 2861 3260 ςυςτέλλουςιν
2908 3195 3068 3259 αὐτὸ

482 3294 719 3372 ἔχοντα
786 3296 1026 3373 μακρὸν
1090 3297 1166 3360 τὸ
1232 3300 1273 3357 ἄ
1338 3294 1483 3360 οἶον
1549 3297 1822 3378 γωνία,
1884 3296 2146 3378 πενία,
2200 3295 2431 3363 ξενία.
2532 3298 2928 3377 ς-εςημείωται
2994 3297 3069 3360 τὸ

678 3415 739 3422 -.φ
774 3417 883 3422 -—-—

484 3478 691 3543 (αμίου
737 3482 1023 3546 genetivos
1060 3471 1287 3547 piopter
1322 3484 1552 3532 canonis
1597 3483 2085 3533 conformationem
2132 3483 2355 3534 inserui.
2422 3481 2482 3534 ἴα
2527 3483 2672 3548 qnod
2717 3500 2805 3548 ap.
2842 3485 2966 3534 Are.
3014 3485 3070 3532 in

483 3549 587 3598 fine
625 3552 861 3614 positum
901 3555 1012 3611 est,
1059 3550 1321 3613 praemisi
1364 3550 1485 3601 voci
1523 3547 1644 3612 μία,
1691 3553 1776 3599 cui
1816 3566 1883 3600 ex
1921 3550 2107 3602 Dichr.
2154 3554 2279 3612 290,
2317 3554 2382 3601 22
2430 3550 2572 3614 ὅπερ
2616 3551 2839 3615 λέγεται
2875 3550 2967 3602 καί
3004 3567 3070 3600 ex

482 3617 668 3666 Diehr.
709 3621 828 3681 290,
867 3621 932 3666 22
968 3618 1292 3682 praeposui,
1331 3622 1387 3666 et
1424 3633 1490 3666 ex
1527 3617 1719 3682 eodem
1765 3618 1883 3667 loco
1929 3619 1985 3666 in
2023 3617 2127 3667 fine
2165 3619 2344 3669 adieci
2381 3617 2636 3683 πέπειρα.
2672 3647 2738 3655 -
2774 3621 2858 3669 De
2897 3617 3071 3681 ίερεία

480 3685 554 3737 cf.
584 3684 772 3758 Dixchr.
801 3687 919 3738 290.
946 3686 1031 3748 20,
1059 3686 1126 3733 de.
1154 3683 1395 3747 βαςίλεια
1422 3683 1726 3735 πανδόκεια
1751 3701 1918 3750 snpra
1945 3701 1996 3749 p.
2023 3686 2140 3746 248,
2167 3689 2232 3735 24
2258 3687 2386 3736 dixi.
2483 3687 2516 3736 l.
2545 3690 2576 3736 6
2601 3687 2785 3737 Dichr.
2814 3688 2933 3749 288,
2964 3690 3010 3736 1.

479 3752 516 3804 l.
552 3755 581 3803 7
619 3752 815 3802 Arcad.
857 3755 969 3814 194,
1008 3756 1089 3802 20.
1139 3750 1281 3816 οὐρά
1317 3750 1515 3816 οὐραία
1551 3751 1744 3802 addidi
1780 3769 1848 3801 ex
1887 3754 2177 3816 Excerptis
2215 3770 2282 3803 ex
2320 3754 2439 3804 cod.
2480 3756 2708 3805 Baroce.
2747 3757 2802 3803 in
2841 3755 2931 3804 Cr.
2967 3756 3071 3803 An.

479 3821 579 3870 Ox.
618 3821 695 3869 111
734 3822 859 3871 267:
907 3817 1052 3881 λέγει
1089 3819 1122 3870 ό
1159 3818 1499 3884 Ἡρωδιανὸς
1535 3818 1598 3870 ἐν
1643 3823 1728 3884 τῷ
1776 3818 1905 3882 περὶ
1951 3818 2228 3883 διχρόνων
2263 3819 2350 3872 ὅτι
2397 3820 2469 3872 τὰ
2513 3820 2602 3873 διὰ
2636 3824 2741 3872 τοῦ
2779 3827 2872 3871 αια
2907 3835 3068 3883 γεγο·

479 3886 621 3937 νότα
658 3885 720 3938 ἐκ
756 3887 1023 3951 θηλυκῶν
1061 3886 1464 3951 πρωτοτύπων
1500 3888 1796 3951 ληγουςῶν
1834 3884 1912 3937 εἰς
1949 3889 1983 3935 α
2028 3885 2260 3953 melca-1
2299 3888 2512 3952 μακρὸν
2550 3888 2730 3952 ἔχουςι
2766 3889 2835 3939 τὸ
2872 3889 2907 3938 ὀἱ
2942 3886 3067 3938 οἷον

478 3952 662 4017 ἅμαξα
699 3952 964 4018 ἁμαξαία,
1014 3955 1219 4019 ςελήνη
1265 3953 1557 4020 ςεληναία,
1595 3952 1735 4018 οὐρά
1772 3951 1971 4017 οὐραία
2018 3953 2170 4019 πλὴν
2214 3958 2318 4006 τοῦ
2364 3959 2509 4017 γαῖα.
2582 3955 2802 4020 μήποτε
2840 3955 2943 4006 οὖν
2979 3953 3068 4005 διὰ

477 4022 587 4086 τὴν
623 4021 1099 4086 βραχυςυλλαβίαν
1135 4021 1423 4087 διηλλάγη.
1491 4023 1728 4073 τοιαῦτα
1772 4020 1879 4086 γὰρ
1915 4020 2007 4071 καὶ
2042 4020 2113 4071 τὰ
2150 4021 2445 4085 διςύλλαβα
2479 4020 2551 4073 τὰ
2587 4023 2661 4088 μὴ
2700 4021 2841 4074 ὄντα
2879 4020 3068 4087 παρώ-

479 4104 625 4152 νυμα
661 4087 786 4141 οἷον
821 4093 1012 4154 γραῖα,
1053 4093 1200 4153 μαῖα.
1249 4087 1523 4151 ἀναγκαία
1559 4090 1743 4139 adieci
1778 4106 1846 4139 ox
1885 4089 2072 4138 Dichr.
2106 4091 2224 4151 288,
2262 4091 2343 4150 24,
2379 4090 2523 4140 unde
2563 4091 2730 4140 etiam
2770 4107 2866 4155 pro
2902 4094 3069 4141 Aroa-

480 4159 555 4207 clii
594 4159 779 4208 verbis
815 4157 884 4207 τὸ
921 4162 1051 4219 γαῖα
1088 4156 1448 4210 ςυνέςταλται
1485 4158 1643 4222 posui
1682 4155 1816 4209 ὅθεν
1855 4154 2024 4221 ἐχρῆν
2062 4172 2236 4220 usque
2275 4157 2346 4206 ad
2383 4157 2561 4206 finem.
2700 4159 2736 4209 l.
2777 4162 2840 4209 13
2877 4158 3066 4210 Dichr.

478 4228 595 4286 289,
634 4228 684 4277 4.
846 4224 882 4274 l.
918 4229 983 4275 23
1018 4226 1216 4275 Arcad.
1258 4229 1372 4287 195,
1416 4227 1492 4277 18.
1555 4225 1626 4275 cf.
1663 4225 1864 4276 Choer.
1902 4224 2061 4274 Orth.
2101 4227 2224 4275 179:
2262 4222 2505 4287 ἀμέλεια.
2562 4223 2875 4288 δίφθογγον
2912 4222 3065 4289 παρὰ

479 4292 548 4343 τὸ
587 4291 814 4358 ἀμελής.
868 4291 1127 4355 Ἀμαθία;
1165 4292 1186 4343 ῑ
1224 4291 1258 4355 ή
1296 4291 1592 4356 παράδοςις
1631 4294 1722 4346 καὶ
1761 4290 1953 4360 βραχύ.
2033 4289 2318 4355 Ἀλήθειαε
2358 4291 2505 4342 ἔςτιν
2551 4291 2743 4343 κανὼν
2780 4293 2812 4343 ὁ
2857 4291 3064 4355 λέγων,

479 4360 567 4411 ὅτι
602 4360 674 4411 τὰ
711 4359 789 4413 εἰς
826 4362 894 4425 ῆὶ
928 4359 1186 4424 ἀρεενικὰ
1222 4357 1300 4411 εἰς
1336 4363 1371 4410 ἃ
1407 4360 1657 4425 θηλυκὸν
1695 4359 2055 4427 μεταγόμενα
2088 4358 2177 4410 διὰ
2200 4361 2302 4423 τῆς
2339 4362 2387 4410 H
2423 4357 2730 4424 διφθόγγου
2764 4358 3067 4423 γράφεται·

481 4428 570 4478 καὶ
617 4427 849 4492 μάλιςτα
895 4427 1138 4480 ὀξύτονα
1184 4426 1325 4478 ὄντα
1369 4425 1493 4479 οἷον
1537 4426 1758 4502 ἀληθής
1801 4427 2040 4494 ἀλήθεια
2084 4427 2235 4490 πλὴν
2278 4429 2382 4477 τοῦ
2431 4424 2652 4489 ἀμαθία.
2718 4425 2741 4477 ἰ
2774 4426 2881 4490 γὰρ
2926 4425 3071 4476 κατὰ

482 4495 801 4561 παράδοςιν.
874 4496 1120 4562 Theogn.
1161 4499 1282 4546 105:
1329 4494 1401 4545 τὰ
1445 4494 1560 4547 ἀπὸ
1604 4501 1735 4559 τῶν
1786 4501 1869 4564 εἰς
1905 4500 1976 4563 ἧς
2010 4492 2088 4548 είς
2123 4497 2220 4545 ιῖῡῖ
2265 4492 2516 4557 ἑχόντων
2558 4494 2667 4558 τὴν
2710 4493 2939 4575 γενικὴν
2986 4491 3077 4543 διὰ

480 4565 583 4612 τοῦ
621 4569 673 4614 ἰᾶ
708 4564 979 4629 γινόμενα
1016 4562 1128 4627 πρὸ
1162 4561 1364 4614 τέλους
1398 4561 1601 4625 ἔχοντα
1649 4574 1732 4636 τὸ
1808 4573 1990 4632 τόνον
2033 4562 2121 4616 διὰ
2161 4563 2263 4613 τού
2294 4559 2318 4611 i
2350 4558 2663 4625 γράφονται
2698 4558 2822 4611 οἷον
2860 4558 3078 4623 ευὼδης

483 4627 732 4683 εὐώδους
770 4630 1005 4696 εὐωδία,
1043 4629 1293 4715 δυεώδης
1338 4629 1621 4688 δυςώδους
1675 4644 1713 4707 δ
1735 4602 1771 4644 ν
1792 4640 1977 4716 ωδςα,
2021 4630 2232 4696 εὐφυής
2274 4627 2519 4692 εὐφυοῦς
2564 4627 2796 4692 εὐφυΐα,
2842 4625 3082 4690 εὐτυχής

483 4693 753 4760 εὐτυχοῦς
789 4698 1046 4763 εὐτυχία,
1084 4712 1306 4763 τριετης
1343 4702 1596 4761 τριετοῦς
1636 4725 1683 4772 —r
1715 4675 1791 4726 Ὁ(
1832 4724 1856 4786 ἱ
1905 4758 1917 4771 ·
1987 4701 2096 4769 πρὸ
2117 4698 2310 4751 τέλους
2342 4695 2543 4760 ἔχοντα
2575 4695 2679 4746 τὸν
2714 4694 2886 4745 τόνον
2921 4692 3086 4757 πρός,

484 4775 684 4827 κειται,
722 4764 843 4817 ἐπεὶ
878 4768 950 4818 τὰ
987 4766 1524 4832 προπαροξυνόμενα
1560 4770 1673 4849 διὰ
1689 4744 1827 4816 “Nes
1856 4739 1940 4800 ⁰⁴2
1978 4770 2275 4841 γράφονται
2308 4760 2427 4814 οἷον
2463 4761 2697 4826 εὐλαβής
2721 4760 2978 4823 εὐλάβεια
3001 4759 3092 4810 καὶ

483 4826 533 4880 εἴ
567 4844 620 4880 τι
656 4830 863 4895 ὅμοιον.
999 4835 1035 4885 l.
1074 4838 1137 4885 27
1173 4851 1431 4886 canonem
1468 4853 1686 4932 ⁵¹¹me
1719 4826 1847 4903 Ὶῆί
1889 4804 1966 4932 ἒ
1999 4846 2075 4904 M.
2108 4839 2224 4901 no,
2256 4835 2349 4895 21,
2382 4848 2449 4881 ex
2482 4831 2579 4884 An.
2614 4830 2716 4878 Ox.
2747 4829 2834 4878 ΙΙΙ
2868 4831 2999 4886 339,
3041 4829 3105 4877 18

1690 4887 1723 4960 ἰ
1777 4907 1893 4985 ef‘
2594 4910 2717 4974 34*

100 5395 1449 5546 L—
