3664 5546
1550 428 1968 479 PRAEFATIO.
2823 428 3050 477 CCXXV

770 585 828 650 si
872 607 981 650 eas
1027 605 1290 665 causas,
1348 604 1509 671 quas
1555 582 1948 665 memoravi,
2005 580 2365 669 improbes,
2424 579 2777 669 Sophocles
2830 593 3059 669 poeta,¹

703 687 1067 752 accuratius
1112 685 1458 770 designare
1499 705 1629 749 non
1672 706 1836 771 opus
1881 683 2040 765 fuit,
2088 683 2603 750 commendatur.

635 788 768 854 Ubi
811 787 1016 873 igitur
1060 786 1322 853 Scholia
1365 785 1805 874 Apolloniana
1849 809 1996 851 cum
2039 786 2372 873 Stephano
2417 794 2815 870 congruunt,
2873 786 3049 874 quod

601 890 643 955 d
696 887 919 955 multis
975 889 1135 955 locis
1192 888 1298 972 fit,
1358 886 1764 953 Scholiorum
1816 887 1964 953 fons
2025 899 2128 953 est
2171 886 2527 976 Sophocles
2582 896 3050 953 commentator

534 989 798 1076 pollonii
854 990 1032 1075 (nam
1073 989 1365 1056 Lucillus
1412 988 1782 1056 Tarrhaeus
1842 1000 1907 1055 et
1948 989 2128 1055 Theo
2184 1012 2225 1055 a
2279 989 2607 1077 Stephano
2663 1012 3046 1056 commemo-

465 1103 694 1158 rantur
752 1092 1045 1180 quidem,
1104 1092 1223 1158 sed
1278 1115 1411 1157 non
1464 1091 1551 1157 ad
1606 1090 2034 1180 Apollonium
2100 1100 2365 1179 poetam
2421 1089 2879 1179 explicandum
2935 1115 3046 1157 ex-

466 1204 658 1283 cepto
701 1194 988 1261 fortasse
1031 1216 1161 1260 uno
1204 1194 1348 1261 loco
1394 1217 1447 1259 s.
1493 1219 1557 1260 v.
1601 1196 1822 1261 Ἀλοε·
1885 1196 2070 1262 Θέων
2125 1196 2197 1261 δέ
2241 1216 2423 1276 φηςι,
2480 1196 2579 1261 ὅτι
2620 1196 2814 1261 Ἀλο(
2860 1196 3044 1276 θερά-

467 1318 668 1363 παινα
709 1297 789 1378 ἦν
833 1297 1222 1378 Ἀθάμαντος
1274 1298 1313 1377 ἡ
1358 1297 1681 1379 μηνύεαεα
1733 1300 1851 1378 τὴν
1896 1298 2033 1363 Ἰνὼ
2089 1297 2363 1379 φρύγειν
2417 1298 2499 1362 τὰ
2560 1297 2915 1381 επέρματα,
2970 1297 3046 1378 ἦ(

465 1400 555 1465 εἰ(
600 1401 782 1480 τιμὴν
827 1401 944 1479 τὴν
987 1400 1178 1466 πόλιν
1222 1399 1541 1484 ὠνόμαεε,
1586 1420 1777 1486 quem
1805 1397 2020 1462 locum
2047 1397 2332 1467 Meinek.
2378 1398 2465 1463 ad
2510 1399 3046 1463 commentarium

462 1498 919 1587 Lycophronis
964 1499 1218 1583 retulit,
1266 1500 1384 1566 sed
1427 1500 1792 1566 Ahrensius
1825 1496 2054 1564 Bucol.
2084 1499 2154 1565 II
2198 1522 2262 1587 p.
2295 1498 2542 1565 XXIX
2585 1499 2671 1565 ad
2715 1498 3043 1587 Apollon.,

463 1602 582 1667 ubi
636 1601 706 1665 in
761 1599 974 1666 Schol.
1023 1601 1095 1668 II
1146 1603 1274 1667 514
1325 1603 1743 1683 Ἀθαμάντιον
1800 1605 1874 1668 δὲ
1926 1603 2153 1669 πεδίον
2208 1601 2381 1669 οὕτω
2435 1603 2836 1683 καλούμενον
2894 1605 3045 1683 περὶ

461 1706 581 1784 τὴν
623 1703 885 1788 Ἄλον),
932 1704 1248 1791 Stephani
1304 1715 1522 1770 autem
1568 1703 2016 1785 Herodianus,
2074 1705 2185 1791 qui
2243 1713 2308 1768 et
2359 1703 2501 1791 ipse
2544 1701 2930 1790 Sophoclem
2973 1704 3043 1769 in

461 1827 654 1869 usum
711 1828 901 1870 suum
955 1805 1263 1872 adhibuit
1315 1806 1563 1894 pariter
1620 1816 1815 1894 atque
1870 1805 2186 1871 Nicandri
2239 1816 2779 1871 commentatores
2835 1806 3043 1872 Theo—

460 1929 644 1989 nem,
699 1905 1119 1973 Plutarchum
1175 1917 1240 1972 et
1285 1908 1696 1973 Demetrium
1745 1906 2059 1974 Ohlorum
2075 1957 2093 1990 ,
2149 1908 2265 1972 ubi
2327 1906 2409 1973 de
2456 1909 2712 1974 nomine
2761 1910 3040 1992 Κορόπη,

459 2009 644 2073 cuius
673 2007 917 2092 gentile
952 2011 1315 2089 Κοροπαῖο(
1350 2032 1454 2097 ap.
1481 2009 1882 2076 Nicandrum
1915 2004 2255 2098 reperitur,
2284 2012 2422 2094 agit
2454 2032 2558 2097 ap.
2585 2009 2678 2075 St.
2703 2011 2782 2077 B.
2804 2010 2954 2092 375,
2978 2011 3040 2077 8.

458 2108 629 2173 Nam
673 2107 828 2176 licet
870 2133 955 2177 ex
996 2110 1385 2198 geographis
1431 2126 1498 2177 et
1539 2111 1867 2178 historicis
1910 2113 2073 2199 ipsis
2129 2112 2483 2177 maximam
2537 2124 2788 2200 partem
2833 2135 3038 2196 suam,

462 2233 660 2299 quam
706 2210 898 2294 dicit,
944 2212 1285 2278 historiam
1328 2213 1592 2301 petivit,
1637 2223 1857 2279 tamen
1909 2215 2152 2302 ubique
2197 2214 2393 2279 etiam
2450 2214 2763 2300 speciales
2821 2216 3038 2301 singu-

459 2313 668 2379 lorum
714 2313 1134 2401 scriptorum,
1189 2336 1352 2403 quos
1407 2315 1474 2379 in
1530 2313 1715 2381 libris
1774 2315 1911 2381 suis
1966 2315 2319 2381 testimonii
2372 2314 2513 2380 loco
2555 2317 2807 2403 posuit,
2865 2339 3037 2382 com-

457 2415 811 2480 mentarios
858 2416 1312 2502 pervolutasse
1356 2426 1423 2482 et
1466 2438 1634 2504 quae
1677 2420 1826 2482 usui
1883 2426 2104 2500 erant,
2162 2419 2486 2505 recepisse
2538 2417 2869 2506 putandus
2914 2430 3036 2484 est.

627 2514 983 2603 Apollonio
1015 2516 1268 2583 Rhodio
1299 2516 1749 2584 Herodianum
1794 2518 2071 2584 multum
2117 2517 2318 2584 studii
2360 2519 2759 2605 impendisse
2800 2517 2907 2585 vel
2952 2542 3035 2584 ex

454 2620 570 2701 iis,
628 2640 794 2706 quae
850 2618 1174 2702 diximus,
1232 2618 1450 2705 colligi
1504 2631 1753 2706 potest,
1823 2620 1941 2685 sed
1997 2623 2054 2685 si
2108 2630 2371 2708 reputes
2440 2643 2545 2707 ap.
2608 2621 2702 2686 St.
2761 2620 2838 2685 B.
2896 2643 3034 2685 sae·

454 2719 724 2809 pissime
790 2719 1122 2810 Apollonii
1189 2722 1631 2789 testimonium
1697 2721 2011 2810 appellari
2082 2731 2150 2788 et
2214 2744 2255 2788 a
2319 2721 2768 2789 Choerobosco
2840 2721 3032 2788 huius

452 2833 688 2910 poetae
731 2822 906 2889 haud
947 2824 1393 2910 infrequenter
1446 2827 1842 2890 mentionem
1896 2824 2107 2908 iniici,
2165 2826 2374 2910 magis
2434 2827 2631 2891 etiam
2689 2835 2948 2912 poetam
2993 2848 3033 2890 a

451 2935 675 2990 nostro
719 2926 1140 3011 grammatico
1185 2936 1484 2992 accurate
1528 2926 1883 3014 perlectum
1926 2949 2070 2992 esse
2113 2950 2450 3012 agnosces.
2514 2927 2737 2993 Adeas
2781 2927 3034 2993 interea

452 3027 512 3090 si
558 3024 796 3112 placet,
841 3027 1090 3093 indices
1136 3029 1221 3094 ad
1267 3028 1486 3116 steph.
1535 3039 1602 3094 et
1648 3028 1966 3095 Choerob.

624 3130 878 3214 Agmen
920 3128 1207 3197 claudat·
1234 3132 1699 3218 grammaticus
1743 3131 2020 3196 Latinus
2064 3131 2455 3197 Priscianus.

1466 3385 1574 3452 De
1617 3385 2011 3452 Prisciano.

622 3537 996 3603 Priscianus
1065 3540 1332 3604 summis
1405 3539 1709 3606 laudibus
1776 3539 1964 3605 effert
2033 3539 2479 3604 Herodianum
2557 3560 2761 3625 aeque
2831 3548 3027 3626 atque

447 3649 701 3726 patrem
749 3642 889 3705 eius
936 3640 1387 3728 Apollonium,
1433 3664 1625 3728 quem
1673 3642 1740 3706 II
1785 3642 1889 3723 95,
1942 3642 2019 3705 14
2059 3640 2425 3706 Herodiani
2468 3650 2719 3728 patrem
2761 3640 3027 3706 honoris

446 3763 652 3806 causa
695 3753 915 3826 vocat3
962 3742 1125 3807 dicit
1168 3742 1342 3807 enim
1387 3743 1419 3808 I
1471 3746 1535 3826 1,
1581 3745 1621 3808 8
1668 3742 1933 3829 (Hertz)
1981 3744 2178 3830 «quid
2235 3744 2404 3808 enim
2451 3742 2817 3809 Herodiani
2872 3745 3025 3808 arti-

449 3844 574 3908 bus
640 3844 916 3926 certius,
983 3843 1140 3930 quid
1192 3844 1523 3931 Apollonii
1588 3845 1988 3932 scrupulosis
2054 3845 2551 3932 quaestionibus
2619 3845 3022 3910 enucleatius

445 3945 657 4030 possit
699 3945 1022 4010 inveniri»
1039 3947 1148 4030 31
1191 3947 1430 4022 61,18
1475 3946 1895 4034 Apollonium
1951 3956 2017 4012 et
2068 3946 2520 4013 Herodianum
2577 3969 2799 4013 omncs
2856 3945 3021 4012 anti-

445 4068 723 4132 quorum
774 4050 1344 4132 grammaticorum
1408 4070 1659 4114 errores
1715 4048 2104 4136 purgavisse
2159 4047 2523 4130 contendit3
2581 4071 2643 4136 p.
2690 4047 2762 4131 2,
2808 4048 2889 4112 21
2935 4047 3022 4112 ad

447 4147 810 4214 Herodiani
864 4150 1250 4237 scriptorum
1305 4149 1578 4238 pelagus
1634 4162 1699 4217 et
1754 4150 1842 4216 ad
1901 4150 2038 4215 cius
2092 4151 2299 4238 patris
2346 4148 2677 4235 Apollonii
2733 4149 3025 4235 spatiosa

445 4248 781 4315 volumina
833 4265 1098 4318 suorum
1153 4251 1613 4340 compendiosa
1666 4276 1810 4318 esse
1863 4251 2304 4318 existimanda
2373 4252 2618 4338 scripta
2670 4251 3020 4336 librorum3

443 4351 479 4416 Ι
535 4375 598 4438 p.
657 4353 802 4436 195,
856 4355 895 4419 8
965 4376 1034 4418 se
1093 4357 1393 4421 maximis
1462 4355 1839 4421 auctoribus
1900 4352 2282 4420 Herodiano
2336 4364 2402 4419 et
2457 4353 2808 4442 Apollonio
2874 4375 3020 4418 con-

443 4454 640 4518 fisum
703 4455 957 4541 ingredi
1028 4457 1389 4542 profitetur.
1453 4495 1538 4506 —
1601 4457 1886 4539 Tamen,
1959 4478 2157 4543 quum
2228 4457 2294 4519 in
2364 4456 2739 4521 universum
2810 4456 3022 4540 magis

440 4555 778 4643 Apollonii
821 4559 1105 4642 vestigia
1146 4570 1431 4645 premat,
1477 4557 1746 4623 difficile
1790 4568 1890 4623 est
1919 4557 2133 4640 dictu,
2179 4558 2337 4644 quid
2368 4557 2741 4623 Herodiano
2787 4557 3025 4623 debeat

443 4667 708 4745 praeter
760 4681 868 4741 ea,
924 4683 1089 4747 quae
1147 4659 1385 4726 diserte
1442 4684 1512 4725 se
1566 4683 1650 4725 ex
1723 4660 2098 4726 Herodiano
2167 4659 2649 4748 deprompsisse
2715 4658 3017 4724 affirmat.

441 4759 848 4826 Nominatim
890 4761 1081 4827 affert
1123 4763 1263 4827 eius
1310 4762 1712 4829 Catholicam
1757 4763 1788 4827 I
1818 4763 1966 4845 276,
2018 4762 2096 4826 10
2138 4771 2205 4827 et
2249 4760 2793 4848 Orthographiam
2822 4760 2927 4843 45,
2958 4762 3019 4826 6.

445 4860 613 4925 Eius
674 4859 914 4928 librum
978 4868 1125 4945 περὶ
1188 4866 1608 4947 ἀντωνυμιῶν
1678 4864 2002 4952 respicere
2068 4863 2330 4929 videtur
2401 4861 2514 4927 ubi
2574 4861 3022 4929 Herodianum

517 4996 891 5036 nsaonrms.
926 4987 969 5039 1.
2573 4985 2617 5051 P
