3664 5546
1261 386 1419 442 ΠΕΡΙ
1461 385 1853 441 ΚΑΘΟΛΙΚΗ(
1892 385 2315 441 ΠΡΟΕΩιΔΙΑ(
2360 385 2422 441 Ζ.
3008 384 3125 449 169

550 560 775 640 Καρίας
829 560 1126 644 δευτέρῳ.
1213 561 1439 639 Ἀμος
1496 558 1682 624 πόλις
1741 557 1984 653 Καρίας.
2071 556 2329 638 Λάμος
2381 557 2518 624 υἱὸς
2573 557 2961 636 Ἡρακλέους
3021 556 3125 621 καὶ

545 665 830 742 ποταμὸς
879 663 1179 745 Κιλικίας,
1223 662 1543 742 Πλάμος
1587 662 1774 726 πόλις
1822 660 2065 739 Καρίας.
2131 662 2207 726 τὸ
2249 661 2467 739 μέντοι
2511 659 2703 740 ἀμός
2737 658 2776 725 6
2816 660 3123 740 ἡμέτερος

544 767 646 831 καὶ
685 767 761 831 τὸ
805 764 927 848 τίς,
973 765 1124 830 ὅθεν
1168 764 1454 845 μηδαμός
1497 766 1599 829 καὶ
1641 762 2021 846 μηδαμινός,
2066 765 2349 841 τριγενὲς
2394 763 2474 830 ὃν
2520 762 2823 831 ὀξύνεται.

710 868 804 934 Τὰ
858 868 949 934 εἰς
1003 870 1120 946 fio?
1176 868 1520 948 διςύλλαβα
1571 866 2072 946 παραληγόμενα
2123 872 2215 950 τῷ
2270 870 2308 930 ὃ
2361 867 2401 945 ἢ
2445 868 2479 931 ἒ
2523 868 2602 944 μὴ
2658 863 2818 931 ὄντα
2867 868 3120 943 τριγενῆ

545 971 880 1051 βαρύνεται
936 968 1260 1050 ἀρχόμενα
1313 969 1445 1034 ἀπὸ
1501 971 1852 1050 ςυμφώνου
1907 970 1947 1048 ἢ
2007 969 2401 1051 ςυμφώνων,
2458 967 2782 1049 βρόμος,
2845 966 3118 1049 γόμος,
3147 974 3180 1024 5

544 1074 862 1156 τρόμος,
918 1072 1247 1153 δρόμος,
1306 1070 1551 1150 ῥόμος
1606 1071 1644 1136 6
1689 1072 1960 1152 ςκώληξ,
2016 1070 2288 1154 δόμος,
2340 1072 2578 1150 τόμος
2632 1069 2670 1135 6
2714 1070 3119 1151 τετμημένος,

543 1176 778 1255 τομός
835 1176 906 1240 δὲ
961 1173 1000 1240 6
1055 1175 1337 1258 τέμνων,
1403 1174 1650 1253 νομός
1710 1175 1782 1239 δὲ
1847 1173 1886 1251 ἡ
1944 1172 2195 1253 νέμηςις
2249 1175 2412 1252 πρὸς
2466 1173 2949 1252 ἀντιδιαςτολὴν
3001 1175 3120 1239 τοῦ

545 1278 783 1358 νόμος
828 1276 866 1342 6
910 1276 1151 1357 θεςμός.
1239 1277 1315 1341 τό
1360 1279 1431 1341 δὲ
1477 1276 1669 1356 ὁμός
1715 1276 1819 1341 ἐπὶ
1862 1279 1979 1340 τοῦ
2025 1274 2254 1356 ὁμοίου
2298 1276 2425 1342 ἐςτὶ
2465 1274 2764 1356 τριγενές.

707 1403 744 1439 ιι
792 1380 886 1444 Τὰ
929 1380 1020 1445 εἰς
1062 1383 1212 1459 W
1255 1380 1357 1444 καὶ
1400 1378 1688 1446 ὀξύνεται
1733 1376 1878 1444 οἷον
1925 1378 2191 1461 φιμός,
2238 1378 2489 1461 λιμός,
2535 1377 2755 1459 ςιμός
2799 1379 2902 1443 καὶ
2932 1378 3119 1459 βαρύ-

545 1503 716 1549 νεται
761 1480 906 1548 οἷον
951 1484 1212 1565 μῖμος,
1257 1485 1513 1564 τῖμος,
1560 1482 1852 1562 βρίμος.
3160 1492 3224 1543 10

709 1584 803 1650 Τὰ
847 1584 936 1651 εἰς
985 1603 1144 1663 υμος
1187 1584 1424 1664 ἔχοντα
1477 1585 1553 1649 τὸ
1608 1586 1646 1645 ῡ
1700 1583 2118 1663 ἐκτεταμένον
2172 1584 2516 1664 διςύλλαβα
2576 1583 2897 1666 ὀξύνεται,
2941 1603 3119 1662 κρυ-

546 1687 712 1769 μός,
757 1685 1031 1769 ῥυμός,
1076 1687 1350 1769 χυμός,
1394 1687 1653 1766 θυμός.
1727 1686 1973 1766 θύμος
2017 1688 2088 1752 δὲ
2132 1686 2208 1752 τὸ
2254 1686 2481 1765 μόριον
2535 1688 2575 1765 ἢ
2631 1687 2670 1766 ἡ
2718 1684 2972 1767 βοτάνη.
3045 1686 3121 1750 τὸ

425 1793 438 1802 ”
546 1790 614 1854 δὲ
657 1789 972 1868 Δρυμός
1016 1790 1119 1854 καὶ
1162 1789 1267 1854 ἐπὶ
1307 1793 1425 1854 τοῦ
1469 1790 1690 1868 κυρίου
1731 1789 1836 1854 καὶ
1876 1792 2347 1868 προςηγορικοῦ
2392 1782 2696 1857 ὀξύνεται.

709 1891 804 1955 Τὰ
858 1891 948 1957 εἰς
993 1895 1174 1971 ἶῡμδῐ
1220 1891 1563 1972 διςύλλαβα
1605 1892 2039 1971 προςηγορικὰ
2082 1891 2406 1970 ἀρχόμενα
2462 1890 2594 1957 ἀπὸ
2646 1893 2996 1973 ςυμφώνου
3039 1894 3121 1972 μὴ

543 1999 657 2060 τοῦ
701 1996 773 2077 μ,
818 1993 872 2059 εἰ
916 1993 1021 2058 ἐπὶ
1065 1992 1278 2059 οὐςίας
1317 1994 1633 2075 τάττοιτο,
1679 1993 1990 2076 ὀξύνεται,
2038 1994 2322 2076 βωμός·
2366 1993 2480 2061 εἰςὶ
2521 1996 2624 2059 καὶ
2669 1993 2879 2074 Βωμοί
2926 1995 3120 2074 λόφοι
3162 2010 3222 2061 15

544 2096 862 2162 Αἰτωλίας.
951 2096 1255 2178 ψωμός,
1299 2097 1583 2178 Ζωμός,
1628 2096 1885 2176 θωμός
1929 2096 1968 2160 6
2015 2097 2251 2180 ςωρός,
2297 2097 2600 2177 βλωμός
2643 2098 2718 2161 τὸ
2765 2100 2987 2176 δῆγμα.
3043 2098 3120 2161 τὸ

544 2200 757 2278 μέντοι
812 2203 1070 2277 κῶμος
1123 2200 1162 2279 ἡ
1219 2199 1353 2283 ᾠδή
1411 2198 1746 2279 βαρύνεται
1800 2199 1903 2262 καὶ
1956 2199 2031 2263 τὸ
2088 2204 2351 2279 μῶμος
2407 2197 2539 2264 άπὸ
2596 2203 2711 2264 τοῦ
2754 2204 2795 2277 μ
2841 2199 3120 2281 ἄρχεται,

546 2303 644 2366 καὶ
683 2302 759 2367 τὸ
806 2305 1106 2381 βρῶμος
1164 2302 1201 2365 6
1258 2300 1491 2380 χόρτος
1547 2302 1648 2365 καὶ
1706 2300 2022 2380 Κρῶμος
2076 2301 2296 2379 κύριον
2355 2302 2722 2383 βαρύνεται,
2779 2303 2991 2380 ὥςπερ
3044 2302 3121 2366 τό

546 2402 745 2484 ὦμος
813 2403 902 2469 εἰς
965 2404 1316 2485 ἀποφυγὴν
1380 2408 1497 2470 τοῦ
1563 2404 1934 2469 ἑπιθετικοῦ.
2034 2402 2248 2469 ἄλλως
2310 2423 2379 2471 τε
2433 2405 2513 2469 τὰ
2569 2405 2657 2470 εἰς
2702 2407 2785 2470 οἳ
2842 2404 3122 2484 λήγοντα

545 2730 715 2796 Ἀμος
753 2731 972 2814 oxplevi
1008 2748 1076 2783 ex
1113 2731 1189 2786 st.
1219 2729 1527 2814 Β.,.Λᾴμος
1565 2735 1621 2780 et
1655 2727 1995 2813 deu‘ocffx
2033 2729 2224 2781 eodem
2260 2730 2465 2783 addidi.
2514 2732 2699 2815 Verba
2734 2728 2804 2784 τὸ
2828 2728 2913 2784 τίς
2940 2758 3001 2767 -ω
3028 2731 3119 2814 καὶ

544 2807 1116 2946 ἴξῗέἓῖωῗὲῗέᾞ
1146 2801 1617 2932 ῗῗέῗιὲέξέιὶἵὰθαρὰ
1652 2799 2266 2950 ὲὶςῖιῗῖῥΐιῐέἔχὲἶὲἳὲ
2302 2801 3118 2934 Εΐεῖθέῧῖἷρῖνὲἷ,“ῗῐῗραῗξζῗὶ

544 2952 691 3057 ἕῗὲἱ
718 2937 953 3056 ξῗύξωῗ
978 2937 1246 3069 ἱὲυἳθὲῗη
1262 2932 2212 3070 Ῠΐὲὸέᾞῖξῖἐῖαὲῗὲἴέἳνέἕὸνὲἱίἴ
2246 2936 2489 3071 ἔιόὲῗξὲ,
2505 2936 3119 3072 ἷὲῗμὲιὶὶαὲἕὲἓοῖςηξέ

545 3074 697 3124 finita
731 3074 896 3124 huius
930 3076 1146 3138 generis
1182 3090 1290 3124 non
1328 3075 1675 3139 reperiuntur
1708 3078 1934 3140 praetor
1969 3073 2135 3124 dubia
2170 3071 2335 3137 δέμος
2369 3071 2539 3134 νόμος
2576 3073 2612 3137 ἢ
2649 3073 2845 3137 δεςμός
2873 3075 3025 3126 Suid.
3065 3081 3121 3125 et

546 3140 711 3204 θεμός
747 3142 1011 3207 Hesych„
1059 3143 1303 3208 Theogn.
1340 3143 1509 3193 habet
1545 3144 1634 3205 63,
1672 3145 1765 3193 31:
1812 3141 2252 3206 παραληγόμενα
2295 3144 2381 3207 τῷ
2427 3147 2459 3193 ο
2503 3140 2620 3194 ἀπὸ
2665 3140 2936 3207 ῥημάτων
2979 3143 3048 3194 τὸ
3094 3159 3120 3195 ε

546 3208 1046 3275 παραληγομένων.
1083 3238 1148 3246 -
1186 3210 1356 3275 δόμος
1397 3209 1583 3261 addidi
1619 3226 1686 3259 ex
1721 3209 1825 3276 Ep.
1863 3210 1951 3262 Cr.
1988 3211 2015 3260 1
2053 3213 2166 3270 122,
2204 3213 2236 3262 3
2272 3210 2468 3272 δόμος;
2507 3210 2580 3262 τὰ
2617 3209 2694 3262 εἰς
2732 3215 2833 3273 μο“ς
2870 3210 3119 3276 λήγοντα

543 3283 626 3344 τῷ
663 3282 695 3329 ὀ
730 3277 1169 3343 παραληγόμενα
1203 3279 1500 3342 διςύλλαβα
1537 3280 1816 3342 μονογενῆ
1864 3277 2004 3329 ὄντα
2042 3277 2363 3343 βαρύνεται,
2413 3275 2462 3330 εἰ
2507 3279 2581 3344 μὴ
2619 3278 2890 3344 διάφορον
2925 3279 3012 3345 εῐη
3048 3279 3119 3331 τό

545 3346 977 3412 ςημαινόμενον,
1015 3346 1216 3410 γόμος,
1256 3347 1453 3411 νόμος,
1491 3345 1724 3411 τρόμος,
1762 3345 1992 3411 δρόμος·
2039 3343 2090 3398 εί
2124 3345 2185 3398 δέ
2229 3362 2282 3397 τι
2329 3346 2611 3411 ὀξύνεται,
2661 3347 2803 3413 πρὸς
2847 3346 3118 3413 διάφορον

545 3415 951 3480 ςημαινόμενον
986 3414 1203 3478 «νόμον
1241 3415 1384 3467 κατὰ
1418 3414 1634 3480 τρομὸν
1669 3413 1927 3480 δρόμημα
1970 3417 2196 3479 γεραιοί)
2244 3415 2460 3467 ποδός»
2496 3414 2807 3482 Εὐριπίδης.
2876 3416 3048 3480 τομός
3085 3417 3118 3470 ό

545 3483 901 3546 τεμνόμενος.
968 3483 1039 3534 τό
1076 3482 1214 3544 όμός
1250 3484 1530 3536 ὀξύνεται·
1576 3483 1826 3548 τριγενὲς
1872 3482 1978 3548 γὰρ
2025 3482 2162 3546 ὁμός
2208 3483 2318 3548 όμή
2366 3483 2537 3547 ὁμόν,
2586 3486 2645 3536 in
2692 3486 2889 3550 quibus
2931 3488 3118 3538 verbis

547 3552 828 3603 Nanckius
865 3551 1057 3615 fragm.
1093 3553 1282 3617 Eurip.
1318 3555 1419 3603 868
1462 3552 1752 3618 legendum
1802 3554 2139 3617 suspicatur:
2184 3551 2357 3615 νομός
2403 3553 2494 3603 καὶ
2538 3551 2736 3616 νομός,
2782 3553 2991 3618 τρόμος
3028 3555 3117 3605 καὶ

544 3619 772 3683 τρομός·
808 3619 1063 3684 «τρομὸν
1098 3617 1354 3685 δρόμημα
1399 3622 1551 3671 κτλ.»
1595 3621 1664 3670 cf.
1705 3622 1806 3686 Ep.
1845 3622 1933 3671 Cr.
1972 3621 1997 3671 1
2032 3624 2157 3682 371,
2200 3627 2244 3670 1.
2318 3621 2383 3670 de
2430 3620 2603 3685 τόμος
2648 3627 2706 3672 et
2749 3620 2923 3684 τομός
2973 3622 3115 3672 idem

545 3689 711 3738 habet
746 3688 940 3739 Choor.
976 3689 1120 3738 Dict.
1155 3691 1272 3751 238,
1310 3692 1390 3738 31.
1460 3688 1631 3750 νόμος
1667 3687 1728 3739 δὲ
1765 3704 1937 3754 usque
1975 3688 2046 3739 ad
2080 3687 2281 3750 θεςμός
2317 3696 2541 3755 recepta
2577 3695 2706 3740 sunt
2742 3707 2807 3740 ex
2846 3689 2906 3740 11.
2945 3691 3033 3741 Pr.
3069 3691 3118 3742 Υ

545 3758 668 3808 249:
715 3754 906 3808 ἐπέων
950 3754 1036 3807 δὲ
1057 3755 1235 3807 πολὺς
1281 3754 1480 3817 νομόςε
1529 3756 1843 3818 ὀξυτόνως,
1889 3754 1983 3807 ἵνα
2032 3755 2363 3822 ςημαίνηται
2411 3755 2490 3810 ὡς
2545 3756 2607 3809 ἐν
2649 3760 2722 3823 τῇ
2772 3755 3034 3824 ςυνηθείᾳ
3080 3759 3114 3821 ἡ

545 3823 778 3890 νέμηςις.
847 3826 1021 3875 τοῦτο
1056 3824 1162 3888 γὰρ
1198 3822 1494 3887 ἑμφάςεως
1532 3822 1782 3886 μείζονός
1820 3824 1933 3877 ἐςτι
1971 3823 2310 3891 ςημαντικόν
2347 3826 2596 3876 consulto
2632 3827 2877 3890 Hosych,
2906 3843 2948 3877 s,
2974 3843 3024 3877 v.
3063 3836 3119 3877 et

547 3893 606 3943 Ε.
645 3895 717 3948 Μ.
755 3894 855 3943 606
892 3899 1059 3942 extu:
1105 3891 1277 3953 νομός
1324 3891 1466 3956 πρὸς
1512 3891 1782 3957 διάφορον
1820 3892 2230 3958 ςημαινόμενον
2273 3892 2309 3956 ή
2349 3894 2493 3958 νομὴ
2531 3896 2633 3959 τῆς
2670 3894 2897 3959 βοςκῆς,
2945 3894 3117 3956 νόμος

544 3959 603 4012 δὲ
640 3961 672 4012 ὁ
709 3959 899 4021 νέμων
936 3962 1065 4011 πᾶςι
1100 3959 1169 4011 τὸ
1205 3959 1350 4011 δέον.
1387 3988 1452 3996 --
1490 3959 1628 4023 ὁμός
1665 3977 1732 4011 ex
1767 3962 2013 4027 Theogn.
2050 3966 2133 4023 63,
2172 3966 2238 4013 29
2275 3967 2333 4013 et
2368 3963 2466 4026 Ep.
2505 3962 2539 4012 l.
2579 3979 2626 4017 c.
2835 3963 2869 4012 1.
2908 3966 2939 4013 9
2974 3963 3117 4012 hunc

545 4045 804 4080 canonem
841 4028 970 4078 finxi
1007 4033 1229 4094 propter
1263 4027 1509 4092 Theogn.
1548 4031 1631 4090 63,
1669 4032 1700 4078 8
1738 4029 1944 4080 collato
1980 4030 2099 4080 loco
2136 4030 2263 4094 περὶ
2300 4030 2616 4095 ποςότητος
2652 4033 2768 4093 291,
2805 4033 2888 4080 27.
2960 4031 3117 4095 Apud

543 4097 789 4163 Theogn.
827 4099 1014 4160 μῖμος,
1053 4098 1268 4161 βρῑμος,
1308 4094 1508 4161 πρίμος
1546 4094 1909 4162 ςεςημείωται
1947 4098 2034 4149 ὅτι
2072 4099 2161 4149 καὶ
2198 4097 2495 4162 βαρύνεται
2532 4098 2620 4149 καὶ
2656 4097 2744 4149 διὰ
2779 4100 2882 4149 τοῦ
2922 4101 2953 4148 ἶ
2988 4097 3116 4162 γρά-

544 4175 734 4228 φεται,
771 4165 868 4216 ubi
903 4181 998 4228 pro
1035 4166 1225 4229 βρῖμος
1260 4165 1424 4214 scribi
1461 4164 1626 4216 debet
1660 4169 1818 4230 τῖμος
1856 4174 1911 4216 et
1947 4182 2043 4229 pro
2079 4163 2281 4229 πρίμος
2318 4163 2533 4229 βρίμος,
2573 4166 2718 4230 quod
2754 4183 2839 4232 ap.
2877 4166 3113 4229 Hesych.

545 4240 810 4298 oxytonos
847 4232 1035 4296 βριμός
1073 4235 1335 4300 scriptum
1372 4238 1475 4283 est.
1587 4233 1621 4288 1.
1653 4237 1714 4284 12
1750 4251 1846 4299 pro
1882 4233 2055 4296 θύμος
2091 4232 2151 4283 δὲ
2176 4233 2246 4284 τὸ
2271 4232 2463 4296 κύριον
2489 4235 2684 4299 scripsi
2708 4251 2827 4285 cnm
2853 4233 3113 4284 Schmidt.

544 4302 714 4364 θύμος
753 4299 815 4353 δὲ
850 4299 920 4351 τὸ
957 4300 1166 4365 μόριον.
1237 4303 1378 4352 Nam
1422 4317 1583 4366 quum
1628 4303 1963 4353 simillimum
1998 4299 2224 4365 Δρυμός
2262 4307 2543 4351 accentum
2581 4311 2791 4364 servet,
2829 4318 2938 4353 non
2974 4303 3115 4352 veri-

545 4372 721 4421 simile
769 4375 856 4420 θοι
900 4371 1056 4419 canis
1100 4386 1291 4420 nomen
1337 4368 1523 4433 Θυμός
1570 4386 1656 4435 ap.
1695 4370 1944 4433 Xenoph.
1982 4370 2118 4429 Cyn.
2156 4369 2262 4419 VII
2297 4371 2330 4418 ὁ
2366 4368 2532 4419 alitor
2568 4384 2626 4419 se
2672 4370 2886 4421 habore.
2967 4371 3116 4420 Fieri

547 4443 743 4503 potest,
781 4443 844 4488 ut
868 4438 1218 4488 Herodianus
1242 4439 1525 4503 scripserit
1561 4436 1734 4500 θυμός
1772 4438 1863 4488 καί
1888 4434 2075 4499 Θυμός
2111 4434 2181 4486 τό
2218 4435 2432 4500 κύριον’
2468 4436 2539 4487 τό
2575 4435 2636 4487 δὲ
2673 4439 2791 4489 κτλ.
2817 4465 2879 4475 --
2905 4437 2972 4490 οὐ
3009 4437 3116 4502 γὰρ

544 4504 654 4570 ἔχει
697 4505 768 4557 τὸ
814 4509 847 4556 i}
885 4504 1273 4569 ἐκτεταμένον.
1345 4507 1415 4556 cf.
1460 4506 1645 4558 Dichr.
1685 4511 1785 4556 300
1828 4521 1947 4555 cum
1992 4504 2213 4556 Lehrsii
2254 4506 2631 4556 annotatione.
2702 4506 2896 4557 Choer.
2935 4508 3114 4571 Epim.

545 4573 597 4623 in
633 4574 835 4625 Psalm.
873 4576 956 4633 81,
994 4576 1078 4625 29.
1213 4574 1248 4625 l.
1289 4577 1351 4624 15
1389 4571 1576 4636 Βωμοί
1612 4573 1803 4624 addidi
1839 4589 1905 4622 ex
1943 4573 2021 4624 St.
2060 4573 2150 4630 Β.,
2191 4570 2414 4635 βλωμός
2459 4572 2528 4623 τό
2565 4571 2748 4637 δῆγμα
2786 4591 2853 4624 ox
2890 4577 2989 4640 Ep.
3028 4575 3117 4624 Cr.

545 4642 570 4692 1
604 4644 722 4704 448,
758 4646 811 4704 4,
846 4643 940 4693 ubi
977 4644 1072 4706 qni
1107 4644 1430 4707 proponitur
1463 4657 1639 4692 canon
1684 4641 2166 4706 orthographicas,
2216 4641 2496 4692 derivatus
2545 4647 2630 4692 est
2666 4657 2730 4691 ex
2766 4642 2867 4692 hoc
2913 4644 3114 4700 tonico,

546 4715 601 4759 et
636 4727 686 4775 p.
722 4712 843 4770 450,
879 4713 961 4762 2⁴.
1033 4711 1137 4761 Pro
1175 4712 1398 4762 Arcadii
1431 4710 1641 4762 verbis:
1689 4709 1779 4760 καὶ
1825 4709 1894 4760 τὸ
1932 4709 2120 4774 ρῶμος
2166 4709 2257 4759 καί
2294 4709 2515 4772 βρῶμος
2553 4709 2746 4773 κύριον
2791 4711 2988 4775 scripsi
3025 4711 3116 4761 καί

545 4778 613 4827 τὸ
650 4777 939 4858 βρῶμοςῆό
974 4777 1174 4842 χόρτος
1212 4795 1279 4828 ex
1313 4779 1558 4844 Theogn.
1596 4781 1687 4838 63,
1725 4780 1786 4826 21
1829 4782 1886 4827 et
1924 4776 2155 4841 Κρῶμος
2191 4793 2259 4827 ex
2297 4777 2375 4829 st.
2412 4778 2475 4827 B.
2513 4780 2639 4840 688,
2677 4781 2741 4828 22
2786 4784 2844 4828 et
2879 4795 2975 4844 pro
3013 4777 3115 4830 ὥς-

548 4844 1280 4998 ἑῖῐρᾰῖἷφᾞὲςηέζέἐδὲἓ
1316 4847 1513 4967 ὲῗξῖιξρ
1522 4844 1941 4980 ,ἔὲθρῗζμέἳωῗῗ
1966 4844 2417 4966 ᾆξῖἳξὲθὲιὲἓ.
2437 4846 2795 4966 θέτέὲέῖἶὶξ
2820 4848 2922 4981 ἒίἰ
2958 4847 3115 4967 32⁶}
