3664 5546
1585 453 2001 502 PRAEFATIO.
2905 451 3084 500 CXCV

513 608 794 672 ciatione
838 607 1155 694 Hesychii
1212 608 1614 694 temporibus
1680 607 2012 672 obtinente
2057 617 2170 671 aut
2222 604 2640 671 librariorum
2696 628 2912 671 errore
2972 615 3086 670 aut

513 709 944 794 ambiguitate
1003 712 1293 797 ipsarum
1352 732 1588 774 vocum
1648 709 2136 774 excusationem
2195 708 2524 795 quandam
2584 709 3081 791 nanciscuntur3

485 811 578 873 ’in
633 811 960 877 nonnullis
1018 823 1356 898 praeterea
1410 812 1693 877 fortasse
1751 812 2080 897 scriptura
2130 831 2248 898 per
2301 817 2354 876 ἑῑ
2413 834 2495 875 ex
2547 810 2894 875 dialectica
2937 833 3083 897 pro-

511 913 926 979 nunciatione
1003 914 1317 1000 explicari
1396 924 1643 1001 potest,
1725 924 1797 978 ut
1876 912 2269 978 Schmidtius
2347 915 2627 992 παρείκει
2706 914 3087 992 παρέρχεται

514 1014 849 1080 dialectice
895 1015 1140 1080 dictum
1186 1038 1327 1080 esse
1370 1028 1561 1103 putat
1612 1038 1732 1103 pro
1787 1018 2051 1096 παρίκει.
2139 1013 2270 1079 Sed
2315 1015 2521 1079 omnis
2575 1013 2656 1078 de
2699 1014 2829 1078 fide
2875 1012 3086 1100 Hesy-

514 1115 642 1179 chii
686 1117 1008 1182 dubitatio
1055 1127 1426 1200 evanescet,
1475 1120 1531 1182 si
1574 1120 1917 1183 innumera
1958 1116 2283 1181 vocabula
2321 1116 2696 1204 perlustreS,
2740 1117 2809 1179 in
2852 1116 3088 1202 quibus

513 1220 838 1304 scriptura
891 1243 1007 1305 per
1060 1224 1114 1286 εἰ
1170 1242 1316 1285 cum
1371 1220 1665 1285 fontibus
1722 1220 1990 1308 reliquis
2048 1220 2379 1283 doctrinae
2431 1217 2886 1292 Herodianeae
2942 1241 3088 1282 con-

514 1322 732 1385 sentit.
831 1322 958 1386 Hic
1017 1323 1288 1388 subiicio
1355 1344 1436 1387 ex
1492 1326 1657 1388 serie
1722 1323 2055 1387 literarum
2120 1320 2374 1406 glossas
2432 1319 2751 1406 Hesychii
2816 1319 3087 1384 adiectis

513 1424 903 1489 testimoniis
915 1474 935 1508 ,
991 1447 1157 1511 quae
1210 1424 1663 1489 Herodianum
1721 1425 1815 1488 sic
1867 1423 2190 1489 vocabula
2244 1422 2620 1488 exhibuisse
2678 1431 2820 1487 aut·
2848 1420 3089 1486 diserte

513 1524 781 1590 tradunt
833 1536 947 1589 aut
1001 1548 1119 1612 per
1173 1525 1480 1610 ambages
1537 1527 1846 1590 innuunt:
1916 1525 2380 1601 ἀγακλειτός
2434 1524 2663 1589 Choer.
2712 1524 2896 1589 Orth.
2947 1524 3089 1605 180,

513 1627 626 1711 29,
674 1629 1343 1709 Ἀγαμεμνόνειος
1387 1628 1636 1692 Herod.
1683 1628 1753 1690 in
1795 1627 1875 1691 E.
1922 1628 2013 1692 M.
2057 1627 2216 1709 226,
2263 1627 2377 1709 49,
2424 1628 2842 1706 Ἀγάμμεια
2888 1624 2984 1691 St.
3016 1625 3089 1693 B.

520 1730 629 1810 13,
681 1732 751 1812 13
799 1730 1023 1795 ἄδεια
1067 1729 1297 1793 Ohoer.
1349 1731 1490 1810 179,
1536 1731 1578 1793 5
1623 1728 1766 1793 coll.
1813 1729 2059 1793 Herod.
2105 1731 2174 1792 in
2218 1729 2299 1792 E.
2330 1729 2419 1792 M.
2450 1728 2608 1810 392,
2661 1729 2769 1810 15,
2818 1729 3087 1807 Ἀδρή-

517 1853 731 1897 ςτεια
773 1831 971 1912 HeS.,
1027 1833 1388 1910 Ἀδράςτεια
1433 1832 1526 1896 St.
1575 1830 1653 1895 B.
1668 1879 1687 1912 ,
1743 1832 2073 1910 Ἀδραςτία
2115 1833 2155 1910 ἡ
2203 1831 2642 1918 Νέμεςιςιίιιιό
2689 1829 3087 1894 Schmidtius

517 1955 602 1997 ex
643 1935 1005 2013 Ἀδράςτεια
1048 1943 1421 2020 corruptum
1467 1934 1867 2018 suspicatur,
1916 1933 2281 1998 ἀείδελος
2326 1932 2555 1996 Choer.
2606 1933 2745 2012 177,
2778 1933 2838 2014 8,
2885 1931 2965 1996 Ε.
2996 1932 3086 1996 Μ.

515 2034 626 2115 21,
677 2035 786 2118 19,
848 2035 1083 2100 ἀείδω
1129 2033 1360 2099 Choer.
1411 2036 1564 2116 181,
1611 2035 1724 2118 32,
1784 2036 2147 2100 ἀείκελος
2206 2033 2439 2099 Choer.
2493 2034 2633 2116 177,
2687 2035 2794 2116 123
2855 2035 3090 2102 Ἀζει-

518 2143 706 2202 ῶται
754 2137 847 2205 St.
895 2137 1003 2220 B.;
1062 2138 1280 2203 ἀθεεί
1337 2137 1631 2221 Theogn.
1680 2137 1835 2217 165,
1880 2137 1953 2219 4,
2022 2137 2392 2215 αἴγειρος
2435 2135 2685 2201 Herod.
2740 2138 2809 2199 in
2854 2134 2935 2199 E.
2980 2136 3090 2200 Or.

521 2239 620 2318 17,
671 2238 780 2320 14,
839 2238 1365 2318 ἀκαλαρείτης
1422 2239 1652 2303 Choer.
1703 2238 1854 2318 169,
1899 2238 2016 2320 28,
2075 2239 2430 2319 ἀκρίβεια
2492 2238 2723 2302 Choer.
2775 2237 2926 2318 178,
2986 2238 3091 2300 25.

520 2338 837 2410 Vocabuli
893 2341 1217 2420 ἀλείτης
1274 2363 1492 2405 omnes
1549 2342 1906 2426 scripturas
1962 2340 2233 2426 praebet
2273 2339 2433 2404 Hes·
2489 2340 2796 2424 (ἀλείτης,
2853 2339 3088 2420 ἀλίτης,

518 2442 837 2527 ἀλοίτης),
896 2465 1059 2529 quas
1118 2441 1351 2507 Choer.
1416 2443 1569 2525 169,
1633 2442 1712 2505 14
1768 2442 1875 2526 (Ε.
1934 2441 2026 2505 Μ.
2072 2441 2186 2521 61,
2229 2441 2339 2528 41)
2397 2441 2770 2506 Herodiano
2829 2451 3093 2506 auctore

519 2546 889 2630 proposuit3
949 2544 1276 2624 ἀνδρεία
1330 2547 1474 2623 περὶ
1530 2546 1884 2622 ποςότητος
1940 2543 2097 2622 306,
2148 2545 2247 2624 17,
2301 2542 2380 2606 Ε.
2425 2543 2515 2606 Μ.
2562 2543 2719 2626 461,
2776 2544 2891 2626 54,
2957 2546 3091 2609 Γά-

519 2651 742 2725 δειρα
786 2646 877 2710 St.
922 2646 996 2710 B.
1046 2645 1278 2710 Choer.
1338 2647 1490 2726 189,
1540 2647 1649 2728 133
1705 2646 2103 2724 Δαρεικός
2160 2642 2393 2709 Choer.
2451 2645 2603 2725 193,
2654 2646 2767 2728 133
2825 2647 3093 2724 ἔθειρα

521 2747 749 2813 Choer.
794 2747 955 2829 201,
1006 2748 1111 2831 19,
1171 2749 1445 2828 ἑθείρω
1503 2746 1736 2812 Choer.
1782 2747 1940 2827 201,
1996 2745 2107 2828 22,
2172 2746 2429 2812 εἵαται
2484 2745 2733 2811 Herod.
2779 2769 2884 2834 ap.
2930 2747 3091 2811 Zon.

520 2849 677 2932 6383
744 2849 1077 2916 Εἴνατος
1131 2852 1224 2915 St.
1271 2850 1380 2933 B.;
1451 2851 1801 2916 ἐπίςειον
1858 2848 2051 2929 Hes.,
2119 2858 2380 2934 praeter
2444 2872 2638 2934 quam
2705 2850 3093 2937 scripturam

521 2952 714 3015 etiam
759 2953 1001 3017 ἐπίςιον
1048 2961 1111 3015 et
1154 2954 1425 3017 ἑπείςιον
1472 2951 1820 3015 exstabant
1854 2949 2085 3014 Choer.
2115 2950 2271 3029 200,
2310 2952 2383 3033 5,
2430 2951 2825 3030 ἑταιρεῖος
2856 2952 3091 3017 Choer.

525 3053 677 3135 198,
723 3054 835 3135 24,
886 3054 1208 3119 εὔκλεια
1250 3052 1495 3117 Herod.
1540 3055 1606 3117 in
1651 3053 1729 3116 Ε.
1761 3052 1853 3116 Μ.
1901 3053 2064 3133 392,
2115 3053 2224 3135 15,
2271 3053 2634 3118 Εὐνεῖδαι
2680 3052 2912 3119 Choer.
2944 3054 3091 3131 202,

520 3155 633 3237 27,
678 3159 1055 3234 ζήτρειον
1103 3154 1336 3220 Choer.
1382 3156 1537 3235 215,
1584 3155 1698 3237 27,
1743 3155 2017 3232 ἠθεῑος
2063 3153 2140 3218 Il.
2188 3154 2296 3218 Pr.
2343 3156 2398 3219 Ζ
2440 3155 2595 3239 518,
2651 3158 3093 3235 θεμίςτειος

521 3256 764 3321 Herod.
811 3258 880 3321 in
925 3257 1139 3323 Schol.
1185 3257 1268 3322 ad
1313 3257 1504 3322 Pind.
1550 3256 1653 3321 Ol.
1701 3256 1734 3320 I
1785 3257 1894 3339 18,
1953 3259 2431 3336 Θηρίκλειον
2498 3256 2729 3322 Choer.
2773 3257 2931 3338 256,
2976 3257 3091 3339 213

525 3361 858 3437 Θήςειον
916 3358 1147 3423 Ohoer.
1201 3360 1359 3441 219,
1421 3359 1531 3442 10,
1603 3361 1907 3438 ἰοειδής
1964 3357 2197 3423 Choer.
2254 3357 2408 3439 226,
2455 3359 2528 3441 33
2598 3361 3094 3439 Ἱππάρχειος

524 3460 749 3526 Choer.
794 3461 954 3541 226,
1010 3463 1082 3543 4,
1161 3462 1528 3543 Κάβειροι
1586 3461 1829 3525 Herod.
1876 3461 1948 3523 in
1991 3460 2069 3523 E.
2119 3460 2294 3525 Gud.
2339 3459 2498 3541 289,
2554 3462 2671 3544 31,
2732 3463 3095 3542 Καβειρία

525 3561 618 3626 St.
649 3562 757 3645 Β.,
811 3564 1102 3642 Κάειρα
1143 3562 1390 3627 Herod.
1424 3585 1527 3648 ap.
1565 3563 1654 3628 St.
1683 3563 1762 3626 B.
1797 3585 1846 3625 S.
1886 3564 2106 3641 Καρία,
2153 3564 2751 3644 καταλοφάδεια
2796 3563 3089 3646 Theogn.

526 3665 667 3746 164,
698 3664 815 3746 273
850 3667 1271 3745 κειμήλιον
1303 3665 1537 3730 Choer.
1568 3663 1728 3744 232,
1763 3664 1877 3745 313
1916 3665 2319 3742 Κειριάδαι
2356 3665 2448 3728 St.
2482 3665 2598 3742 B.;
2630 3667 2829 3744 κειρία
2860 3663 3091 3729 Choer.

522 3765 677 3849 230,
723 3767 839 3849 223
884 3768 1119 3845 κείρω
1166 3766 1397 3831 Choer.
1445 3766 1604 3847 232,
1652 3766 1766 3847 203
1825 3768 2290 3831 κελαδεινός
2336 3764 2566 3830 Choer.
2612 3766 2770 3847 232,
2816 3767 2927 3849 29,
2975 3789 3093 3832 κε-

525 3870 897 3949 ραμεικός
941 3870 1095 3932 Arc.
1139 3868 1254 3948 52,
1305 3871 1372 3951 13
1422 3871 1735 3947 κήδειος
1781 3865 2012 3931 Choer.
2058 3867 2210 3948 233,
2262 3867 2373 3949 19,
2431 3870 2742 3946 κήλειος
2788 3870 2943 3933 Arc.
2987 3869 3091 3951 44,

379 3934 386 3939 ⁵
525 3970 597 4052 8,
671 3971 1180 4050 Κήτειοι.Αι·ο.
1225 3970 1339 4050 44,
1390 3970 1470 4033 10
1529 3980 1593 4033 et
1647 3968 1760 4051 20,
1829 3974 2149 4047 κλεῖθρα
2195 3967 2425 4033 Choer.
2471 3969 2628 4051 232,
2679 3969 2789 4050 14,
2858 3971 3091 4034 κλείω

526 4070 752 4135 Choer.
801 4071 956 4153 231,
1020 4072 1126 4156 12,
1194 4076 1550 4137 κοινεῖον
1597 4072 1751 4135 Arc.
1802 4071 1950 4150 121,
1996 4072 2070 4152 5,
2136 4073 2476 4150 κομψεία
2532 4070 2765 4135 Choer.
2821 4071 2974 4151 234,
3018 4072 3091 4151 5,

526 4176 891 4251 κρείουςα
936 4172 1169 4238 Choer.
1214 4174 1369 4254 231,
1415 4174 1533 4255 29,
1578 4173 2099 4252 κροκόδειλος
2145 4172 2376 4236 Choer.
2421 4173 2579 4254 229,
2630 4174 2744 4256 17,
2802 4173 3094 4252 Κροκύ·

529 4279 696 4340 λεια
751 4273 1086 4367 Schmidt.
1129 4285 1303 4339 recte
1368 4298 1453 4339 ex
1523 4276 1836 4354 Κροκύλια
1902 4273 2299 4355 emendavit,
2384 4275 2476 4337 St.
2534 4274 2610 4337 B.
2684 4275 3094 4354 Κροκύλειον,

532 4379 906 4456 Κυθέρεια
930 4375 1162 4440 Choer.
1188 4376 1333 4458 231,
1370 4378 1486 4459 20,
1523 4379 1841 4442 κύνειος
1878 4376 2109 4441 Choer.
2131 4375 2276 4456 230,
2310 4374 2421 4457 323
2457 4379 2834 4457 κύπειρον
2866 4374 3096 4440 Choer.

526 4477 668 4556 232,
705 4480 816 4560 17,
862 4481 1194 4544 κώνειον
1241 4477 1473 4543 Choer.
1515 4478 1661 4561 233,
1701 4478 1806 4560 12,
1857 4482 2129 4559 λεῑμαξ
2176 4477 2409 4543 Choer.
2448 4478 2595 4560 238,
2641 4478 2743 4560 22,
2790 4479 2902 4564 qui
2931 4477 3097 4542 falso

525 4579 682 4660 235,
727 4579 810 4645 23
856 4585 1037 4661 λῖμαξ
1076 4581 1499 4667 praescribit,
1545 4582 1971 4663 λειόβατος
2018 4579 2249 4644 Choer.
2281 4580 2425 4661 237,
2457 4580 2569 4661 29,
2620 4585 2836 4646 λεῖος
2868 4579 3098 4643 Choer.

526 4680 671 4762 238,
718 4682 829 4764 16,
878 4685 1261 4762 λείτειραι
1309 4685 1701 4765 λείτορες,
1748 4704 1906 4766 quas
1952 4681 2193 4745 formas
2239 4682 2479 4747 iniuria
2509 4680 2824 4746 Schmidt.
2869 4681 3099 4762 reiicit,

527 4804 678 4847 nam
732 4794 807 4847 ut
863 4790 1254 4864 λειτουργεῖν
1313 4807 1399 4848 ex
1453 4788 1855 4863 ληῑτουργεῖν
1909 4794 2101 4848 natae
2158 4795 2310 4849 sunt
2360 4784 2593 4849 Choer.
2639 4783 2784 4865 237,
2831 4785 2901 4866 4,
2962 4785 3102 4849 Λύ-

530 4906 744 4952 κειον
791 4887 887 4951 St.
921 4885 996 4948 B.
1043 4886 1335 4971 Theogn.
1373 4887 1513 4968 127,
1544 4886 1659 4970 28,
1706 4888 2256 4968 μεγαλοφύεια
2300 4888 2385 4951 cf.
2418 4887 2686 4968 εὐφύεια
2728 4887 2890 4965 παρ’
2934 4887 3104 4951 Ἀλέ-

2442 5012 2449 5021 .
2612 4988 2707 5052 n*
