3664 5546
1176 419 1335 478 ΠΕΡΙ
1373 418 1767 477 ΚΑΘΟΛΙΚΗΕ
1801 417 2227 476 ΠΡΟΕΩιΔΙΑ(
2262 418 2325 479 Ζ.
2935 420 3050 483 181

460 595 923 676 Ἀριςτοφάνης
979 592 1407 672 Ταγηνιςταῖς.
1495 593 1572 658 τὸ
1623 591 2016 671 Ἰάλμενος
2068 589 2627 669 προπαροξύνεται
2680 591 2771 656 ὡς
2821 589 3053 671 παθόν,

466 697 677 778 ὥςπερ
707 698 810 763 καὶ
849 696 1258 779 Ὄρμενος,
1306 694 1733 778 Κλύμενος,
1776 692 2133 778 ἴκμενος,
2175 693 2586 777 Ἀρμενος,
2631 691 2759 774 ἀφ’
2790 690 2871 758 οὗ
2916 692 3053 773 Ἀρ-

467 801 646 881 μενία
690 800 885 880 χώρα.

631 903 726 968 Τὰ
781 902 871 968 εἰς
911 903 1080 980 W
1123 898 1632 980 ύπερδιςύλλαβα
1674 900 1757 980 μὴ
1803 898 2071 965 ςύνθετα
2106 896 2431 982 ὀξύνεται,
2475 895 2531 963 εἰ
2573 899 2654 978 μὴ
2695 897 3053 978 παρώνυμα

464 1003 561 1084 εἴη
616 1006 775 1071 κατὰ
829 1004 1079 1084 τροπὴν
1132 1002 1368 1080 γένους
1423 1005 1703 1081 θηλυκοῡ
1760 1001 1851 1067 εἰς
1903 1002 2020 1080 τὴν
2076 1000 2167 1067 εἰς
2214 1003 2296 1066 ff
2340 1000 2676 1081 κατάληξιν
2732 1000 3050 1080 γενόμενα
3078 1017 3110 1066 5

462 1108 503 1186 ἢ
547 1107 722 1186 παρὰ
774 1109 1027 1185 γενικῆς
1081 1104 1611 1189 ἀναπεμφθέντα,
1664 1105 1704 1183 ἢ
1759 1103 1935 1183 παρὰ
1991 1102 2435 1182 (υρακουςίοις
2488 1102 2849 1183 παράγοιτο
2902 1103 3051 1169 καθ’

464 1208 932 1290 ὁμοιωματικὴν
978 1207 1292 1287 ςημαςίαν.
1359 1205 1698 1274 ὀξύνονται
1743 1207 1815 1271 δὲ
1859 1209 2084 1270 ταῦτα·
2129 1205 2555 1290 Τυρςηνός,
2598 1205 3049 1289 Ἀβυδηνός,

402 1339 408 1348 ·
462 1309 918 1389 Ἀςςακηνός
972 1310 1161 1401 ἔθνος
1216 1309 1492 1375 Ἰνδικόν.
1559 1309 1892 1388 Ἀρριανὸς
1945 1307 2212 1393 τετάρτῃ
2265 1311 2377 1387 τῆς
2419 1307 2842 1387 Ἀλεξάνδρου
2894 1307 3048 1373 ἀνα-

467 1413 704 1493 βάςεως
737 1409 871 1496 (25,
906 1411 977 1494 6)
1024 1412 1160 1496 «ᾔει
1208 1411 1299 1477 ὡς
1342 1411 1448 1477 ἐπὶ
1475 1411 1630 1476 τοὺς
1659 1410 2136 1489 Ἀςςακηνούς».
2191 1409 2625 1491 Ἀταφηνός
2668 1410 2860 1477 ἔθνος
2890 1411 3050 1491 μέγα

462 1498 779 1597 Ἀραβίας,
835 1516 982 1593 περὶ
1030 1512 1110 1579 οὗ
1157 1516 1433 1581 Γλαῦκος
1478 1513 1549 1580 ἐν
1594 1513 1892 1597 δευτέρῳ.
1979 1513 2464 1593 Δαχαρηνός
2507 1513 2698 1579 ἔθνος
2741 1512 3048 1595 Ἀραβίας.
3089 1524 3154 1575 10

462 1614 865 1696 Εὐαληνός
919 1615 1110 1683 ἔθνος
1162 1616 1483 1699 Ἀραβίας,
1537 1617 1685 1694 περὶ
1737 1614 1817 1680 οὗ
1876 1636 2029 1696 φηςι
2084 1616 2361 1681 Γλαῦκος
2417 1615 2488 1681 ἐν
2554 1616 2836 1702 δευτέρῳ
2903 1617 3050 1695 περὶ

463 1718 766 1798 Ἀραβίας.
853 1717 888 1783 Ἰ
909 1718 1144 1798 βηνός
1197 1717 1235 1782 ὁ
1291 1719 1394 1783 καὶ
1448 1718 1673 1799 Ἰβαῖος
1727 1716 1917 1783 ἔθνος
1977 1717 2285 1796 Κελτικῆς.
2383 1718 2612 1799 Ἰβηνοὶ
2665 1718 2733 1782 δ’
2782 1717 2895 1783 εἰςὶ
2947 1718 3050 1782 καὶ

459 1819 720 1904 Λιβύης,
766 1819 833 1885 οἳ
875 1820 978 1884 καὶ
1018 1819 1311 1886 Ἰαονῖται
1358 1821 1672 1896 λέγονται.
1741 1818 2090 1899 (αμηνός
2132 1819 2440 1898 νομάδων
2484 1820 2793 1900 Ἀραβίων
2840 1820 3046 1885 ἔθνος.

460 1920 866 2001 (αλμηνός
918 1921 1108 1988 ἔθνος
1162 1923 1543 2006 νομαδικόν,
1602 1921 1692 1987 ὡς
1740 1920 2017 1986 Γλαῦκός
2071 1942 2262 2002 φηςιν
2306 1921 2378 1987 ἐν
2408 1972 2422 1987 .
2454 1972 2467 1986 .
2500 1972 2514 1986 .
2559 1919 2885 2003 Ἀραβίκῆς
2934 1922 3046 2002 ἀρ-

457 2023 846 2102 χαιολογίας.
936 2022 1081 2089 Ceu<
1099 2023 1337 2103 χηνός
1380 2024 1571 2090 ἔθνος
1616 2024 1928 2105 Ἀράβιον.
2004 2023 2396 2103 (κυθηνός
2450 2023 2640 2090 ἔθνος
2696 2025 2776 2090 οὐ
2822 2024 3047 2104 πόρρω
3087 2036 3148 2086 15

456 2130 589 2191 τῶν
634 2126 1046 2208 Μακρώνων,
1094 2127 1185 2192 ῶς
1228 2126 1553 2207 Ξενοφῶν
1598 2127 1669 2192 ἐν
1712 2125 2084 2207 ἀναβάςεως
2127 2126 2410 2210 τετάρτῳ
2454 2125 2547 2209 (7,
2596 2124 2720 2209 18).
2798 2127 3046 2207 Χαβα-

460 2227 695 2307 ρηνός
748 2227 954 2294 ἔθνος.
1043 2228 1321 2296 Εὔδοξος
1374 2230 1613 2314 πρώτῳ
1667 2232 1782 2308 γῆς
1847 2227 2158 2307 περιόδου
2225 2227 2692 2308 «ὀνομάζονται
2756 2230 2880 2308 γὰρ
2945 2230 3049 2294 καὶ

460 2330 825 2411 Χαβαρηνοὶ
868 2329 931 2395 οἱ
974 2321 1121 2410 περί
1166 2331 1479 2412 Χαλύβων
1525 2329 1885 2414 οἰκοῦντες,
1943 2331 2009 2396 οἳ
2049 2335 2182 2395 τῶν
2226 2335 2489 2397 ξενικῶν
2540 2334 2896 2413 γυναικῶν,
2951 2331 3045 2398 ὧν

454 2430 604 2497 ἴςως
646 2431 960 2507 γένωνται
1005 2432 1237 2516 κύριοι,
1292 2434 1448 2499 τοὺς
1500 2433 1749 2498 τίτθους
1792 2432 2011 2513 ὠμοὺς
2054 2431 2353 2515 ἐςθίουςι,
2396 2432 2478 2497 τὰ
2521 2434 2594 2498 δὲ
2637 2432 2857 2498 παιδία
2900 2454 3042 2498 κατ·

456 2537 825 2613 ευωχοῦςι».
912 2534 1391 2618 Ἐδεςςηνός,
1451 2533 1933 2617 (αρακηνός,
2003 2534 2563 2618 Δαμαςκηνός,
2628 2534 3041 2616 Περγαμη-
3079 2547 3148 2598 20

455 2635 620 2718 νός,
665 2635 1205 2715 Λαμψακηνός.
1238 2635 1608 2715 Ἀλπηνοί
1652 2636 1828 2716 κώμη
1870 2636 2138 2716 πληςίον
2170 2636 2628 2716 Θερμοπυλῶν.
2674 2635 3042 2716 Ἡρόδοτος.

455 2737 580 2804 ἔςτι
625 2739 727 2803 καὶ
768 2735 1156 2818 μητρόπολις
1198 2737 1480 2817 Λοκρῶν.
1566 2738 1643 2804 τὸ
1701 2737 1955 2804 ἐθνικὸν
2015 2737 2268 2818 ὁμοίως.
2368 2738 2818 2819 Καμαρηνοί
2861 2743 3041 2820 νῆςοι

455 2840 777 2922 Ἀραβίων.
822 2840 1165 2905 Ἑκαταῖος.
1189 2839 1260 2905 ἐν
1303 2841 1693 2921 περιηγήςει·
1737 2840 1841 2906 καὶ
1886 2839 1950 2905 οἱ
1991 2843 2437 2907 κατοικοῦντες
2482 2840 2737 2922 ὁμοίως.
2795 2842 3038 2923 Ταβη-

454 2942 589 3008 νός
636 2943 952 3025 Ἀργεῖος,
997 2940 1124 3023 ἀφ’
1169 2940 1249 3007 οὗ
1293 2943 1437 3008 κατ’
1479 2942 1690 3009 ἐνίους
1720 2942 1919 3023 Τάβαι
1963 2943 2150 3009 πόλις
2193 2943 2455 3027 Λυδίας,
2501 2944 2603 3010 καὶ
2646 2943 2835 3010 ἔθνος
2880 2946 3041 3011 κατὰ

450 3045 568 3123 τὴν
613 3043 853 3124 ἔρημον
906 3043 1260 3124 Καρμανίας
1314 3043 1656 3111 οἰκοῦντες.
1747 3046 2092 3126 Γαληνός
2145 3046 2401 3130 κύριον,
2457 3046 2867 3126 Ἀκεςηνός
2918 3068 3038 3113 πο-
3075 3058 3140 3107 25

449 3147 676 3232 ταμός,
722 3146 1015 3226 Εὔηνός
1058 3148 1347 3227 ποταμὸς
1389 3146 1727 3230 Αἰτωλίας,
1783 3148 1859 3213 ὃς
1913 3148 2016 3213 καὶ
2058 3148 2390 3229 Λυκόρμας
2442 3151 2755 3232 καλεῖται,
2812 3148 3036 3229 (ιλη-

450 3249 617 3333 νός,
703 3249 1077 3334 ποτηνός,
1166 3248 1503 3331 ὠγηνός,
1590 3248 2015 3333 ἀμενηνός,
2100 3251 2581 3334 γαλαθηνός,
2661 3251 3034 3336 πετηνός,

449 3350 828 3434 ἀκμηνός,
873 3351 1214 3432 Ἰςμηνός
1255 3352 1544 3432 ποταμὸς
1575 3352 1899 3417 Βοιωτίας.
1953 3352 2029 3418 τὸ
2076 3353 2147 3417 δὲ
2190 3354 2684 3433 πανςέληνος
2728 3353 3035 3420 ςύνθετον

450 3452 661 3531 ώςπερ
706 3453 810 3517 καὶ
851 3453 926 3518 τὸ
971 3454 1469 3535 προςέληνος
1509 3491 1597 3503 -
1639 3453 1678 3519 ὁ
1722 3453 1962 3532 Ἀρκάς.
2049 3455 2273 3520 Ἵππυς
2316 3456 2389 3521 δὲ
2433 3456 2471 3520 ὁ
2516 3455 2809 3537 Ῥηγῖνος
2856 3457 3030 3534 λέγε-

447 3575 548 3619 ται
590 3558 850 3632 πρῶτος
893 3554 1147 3620 καλέςαι
1190 3557 1633 3636 προςελήνους
1673 3556 1829 3622 τοὺς
1873 3555 2179 3635 Ἀρκάδας
2220 3593 2303 3604 -
2349 3559 2454 3623 καὶ
2493 3558 2570 3624 τὸ
2618 3558 3031 3641 δύςτηνος,
3069 3568 3137 3620 30

450 3655 805 3736 δίμηνος,
859 3654 1261 3739 τρίμηνος,
1318 3659 1766 3739 διχόμηνος.
1855 3659 2216 3738 προςέθηκα
2270 3661 2343 3725 δὲ
2399 3660 2497 3725 «εἰ
2549 3662 2630 3741 μὴ
2671 3660 3031 3741 παρώνυμα

447 3756 544 3839 εἴη
590 3757 748 3823 κατὰ
789 3758 1038 3837 τροπὴν
1091 3759 1323 3834 γένους
1377 3762 1657 3841 θηλυκοῦ
1711 3759 1800 3826 εἰς
1842 3762 1961 3840 τὴν
2019 3760 2108 3826 εἰς
2150 3767 2234 3826 δῖ
2279 3762 2615 3842 κατάληξιν
2669 3763 3026 3843 γενόμενα»

447 3860 552 3925 διὰ
604 3861 680 3925 τὸ
735 3858 983 3940 Ὑπήνη
1038 3859 1413 3943 Ὕπηνος,
1471 3862 1737 3943 Μυκήνη
1795 3863 2197 3947 Μύκηνος,
2258 3864 2545 3945 Κυλλήνη
2607 3865 3025 3945 Κύλληνος.

449 3964 528 4042 «ἢ
594 3961 768 4041 παρὰ
831 3965 1082 4042 γενικῆς
1145 3962 1681 4044 ἀναπεμφθέντα»
1736 3965 1844 4030 διὰ
1895 3965 1971 4031 τὸ
2028 3965 2077 4030 Τ
2097 3986 2132 4044 ρ
2153 3966 2472 4045 οίζηνος
2531 3967 2712 4034 «υἱὸς
2765 3967 3028 4048 Τροιζή-

446 4134 593 4201 quod
628 4135 906 4200 posterius
943 4134 1158 4201 explevi
1192 4150 1260 4186 ex
1295 4135 1398 4186 An.
1423 4135 1523 4187 Ox.
1560 4135 1596 4186 1.
1632 4152 1678 4187 ο.
1815 4136 1854 4192 1.
1889 4138 1922 4187 2
1958 4135 2233 4200 Ἀρμενος
2269 4136 2461 4188 addidi
2496 4153 2564 4189 ex
2601 4139 2681 4191 St.
2720 4140 2784 4190 B.
2921 4138 2959 4191 l.
2995 4143 3029 4191 4

445 4220 544 4269 pro
580 4201 734 4254 ἁπλᾶ
767 4201 803 4266 ἢ
841 4201 1232 4269 παραςύνθετα
1268 4203 1465 4269 scripsi
1510 4203 1583 4267 μὴ
1630 4202 1885 4257 ςύνθετα.
1954 4204 2188 4255 Nomina
2224 4204 2557 4269 Ἀςςακηνός
2601 4222 2776 4273 usque
2815 4206 2888 4257 ad
2923 4206 3027 4260 Χα-

447 4269 688 4337 βαρηνός
725 4286 793 4322 ex
828 4271 905 4322 St.
930 4272 996 4322 B.
1033 4271 1247 4335 addidi,
1286 4269 1603 4337 Ἐδεςςηνός
1637 4300 1703 4309 -
1739 4270 2120 4337 Λαμψακηνός
2158 4288 2226 4324 ex
2258 4273 2507 4339 Theogn.
2543 4292 2596 4340 p.
2622 4276 2714 4338 673
2756 4274 3028 4340 Ἀλπηνοί

446 4368 510 4378 —-
548 4338 803 4404 Ταβηνός
840 4354 908 4390 ex
943 4340 1022 4391 St.
1054 4342 1140 4404 Β.,
1180 4339 1425 4406 Γαληνός
1458 4365 1527 4378 -·
1561 4338 1774 4405 Εὔηνός
1813 4357 1884 4391 ex
1918 4340 2188 4405 Theogn„
2221 4346 2558 4407 postremum
2594 4360 2661 4394 ex
2698 4342 2781 4396 St.
2808 4345 2891 4407 Β.,
2927 4345 3026 4395 ubi

445 4406 658 4472 Εὔηνος
694 4409 954 4473 seriptum
990 4414 1103 4472 est,
1148 4408 1553 4475 amplificatum.
1624 4406 1858 4475 (ιληνός
1893 4432 1961 4445 -
1995 4406 2270 4474 ἀκμηνὸς,
2318 4409 2464 4476 quod
2506 4426 2603 4475 pro
2640 4416 2895 4477 corrupto
2931 4410 3024 4477 ἀρ-

444 4474 618 4540 γηνός
654 4475 1097 4527 substituendum
1129 4476 1376 4540 videtur,
1413 4493 1482 4527 ex
1517 4476 1790 4543 Theogn.,
1832 4475 2076 4542 Ἰςμηνός
2111 4494 2181 4528 ox
2215 4476 2295 4528 St.
2332 4478 2421 4542 Β.,
2458 4477 2804 4545 προςέληνος
2839 4495 2909 4530 ex
2939 4480 3024 4532 St.

444 4545 538 4604 Β.,
585 4543 883 4609 διχόμηνος
927 4560 995 4595 ex
1037 4545 1284 4611 Theogn.
1363 4544 1500 4595 Cum
1543 4543 1814 4610 δύςτηνος
1857 4546 2165 4611 comparari
2216 4550 2402 4610 potest
2456 4543 2696 4610 ᾶςτηνος
2749 4545 3023 4613 δύςτηνος

444 4611 691 4676 χαλεπός
726 4611 990 4676 Ηεεγοῑι.,
1026 4614 1171 4679 quod
1207 4613 1401 4665 Heius,
1438 4618 1495 4664 et
1526 4614 1698 4664 Henr.
1733 4613 1926 4679 Steph.
1963 4629 2032 4664 ex
2065 4614 2131 4665 E.
2167 4613 2241 4664 M.
2280 4615 2403 4678 159,
2444 4616 2505 4665 11
2543 4614 2696 4679 παρὰ
2727 4615 2799 4667 τὸ
2836 4614 3022 4668 ςτάςιν

445 4679 520 4798 ἒὴ
551 4679 705 4798 1ἔχειν
742 4678 881 4799 μήῖε
931 4677 1142 4801 ςέῐκέςίιν
1181 4686 1263 4801 ‘edtt
1278 4681 1744 4801 Βυὲᾱοὲςτανζηι,
1787 4682 2033 4800 Ιὸοδοοίξ.
2069 4681 2237 4801 ΡτῖΙΙ.
2271 4685 2369 4733 192
2404 4687 2468 4733 ut
2501 4698 2538 4802 εἰ
2569 4684 2756 4803 νεκροὶ
2774 4681 3019 4806 ἀςτςῖίνΒιιΙι

520 4765 549 4798 c
700 4763 733 4798 a
852 4787 864 4799 .
968 4785 981 4798 .
1265 4788 1278 4801 .
1649 4788 1663 4802 .
1699 4776 1762 4786 —
2918 4791 2929 4802 .

443 4764 1008 4937 ἷξοςιέιέηκξωιὲεᾳῖᾷ
1053 4765 1347 4938 ἓᾶωίὶιιῗῆιιῗ
1400 4765 2147 4939 ἰρεῗγὲιὲξῐὶιίοεαῖηὲξόὲἓῗ
2176 4766 2717 4942 ἶὲἓὲζίέἆέοῖῗιύὲ
2758 4768 3018 4905 {anibi-to

443 4900 1217 5022 apfffixsszfmsspmffzssss’
1236 4970 1270 5005 a
1306 4901 1522 5023 &fir-'333‘
1535 4902 1673 5007 ²2³3}
1706 4900 1923 5024 9233,
1951 4903 2045 5007 ‘2¹2¹
2064 4903 2467 5023 affigam
2514 4888 3019 5016 ἕὲἔὲἑιὲἰωῌὲἓὲὲἶ
