3664 5546
616 372 742 439 266
1066 444 1075 449 ‚
1555 371 1637 429 εκ
1675 372 1816 431 τΩΝ
1861 371 2271 431 ΗΡΩΔΙΑΝΟΥ

613 545 891 627 Πύρρα
934 546 1123 611 πόλις
1179 543 1248 609 ἐν
1294 544 1537 628 Λέςβῳ·
1584 544 1709 609 ἔςτι
1754 546 1860 611 καὶ
1912 546 2088 624 κώμη
2133 544 2512 624 Λιγυςτικῆς.
2583 543 2942 625 ,βαρύνεται
2988 547 3062 609 δὲ
3107 545 3210 611 καὶ

620 649 911 726 Κύδραι
954 649 1141 712 πόλις
1186 648 1468 724 Βρυγών.
1558 647 1856 728 (τράβων
1901 647 2136 729 ἑβδόμῃ
2182 645 2273 735 (p,
2318 644 2507 731 327),
2552 647 2655 711 καὶ
2699 647 2973 726 Μάκρα
3017 652 3208 727 νῆςος

615 750 874 833 Λυκίας,
923 750 1013 815 ὡς
1057 749 1472 827 Ἀλέξανδρος
1515 749 1586 815 ἐν
1630 750 1923 834 περίπλῳ
1968 750 2180 828 αὐτῆς.
2507 802 2524 811 -

658 914 674 931 ,
784 852 878 916 Τὰ
922 850 1009 917 εἰς
1051 854 1136 915 ’ςόῖ
1178 851 1523 931 διςύλλαβα
1568 852 1934 934 βαρύνεται,
1990 851 2195 916 αἶςα·
2253 851 2381 916 ἔςτι
2425 851 2529 915 καὶ
2569 850 2763 917 Αἶςα
2808 852 2995 917 πόλις
3039 852 3206 935 Θρᾴ-

555 963 588 1013 5
619 975 730 1033 κης
773 954 1089 1032 προςεχὴς
1132 960 1208 1037 τῇ
1253 954 1582 1039 Παλλήνῃ.
1655 958 1901 1034 μοῦςα
1945 953 2148 1033 μόνον
2196 954 2578 1035 διςύλλαβον
2621 961 2698 1039 τῇ
2741 958 2824 1020 ὀἶῖ
2871 954 3205 1040 διφθόγγῳ

616 1054 1152 1135 παραληγόμενον
1209 1055 1448 1136 ὁμοίως
1504 1056 1575 1121 ἐν
1618 1056 1830 1135 χρήςει
1877 1062 1951 1139 τῇ
2006 1060 2136 1120 τῶν
2180 1059 2474 1121 παλαιῶν
2517 1058 2621 1120 καὶ
2672 1063 2748 1140 τῇ
2793 1063 2976 1140 κοινῇ
3023 1077 3205 1134 ςυνη-

616 1156 769 1241 θείᾳ.
814 1158 889 1221 τὸ
933 1157 1056 1234 γὰρ
1100 1157 1370 1222 Δοῡςα
1412 1158 1634 1235 κύριον
1680 1156 1827 1220 καθ’
1870 1156 2152 1235 ἱςτορίαν
2197 1156 2325 1223 ἑςτὶ
2369 1158 2722 1237 λεγόμενον
2765 1159 2805 1236 ἥ
2849 1180 2918 1223 τε
2949 1159 3206 1225 Χοῦςα

614 1259 802 1324 πόλις
845 1257 1222 1334 Αἰγυπτίων.
1309 1261 1541 1323 πεῖςα
1585 1260 1624 1338 ἡ
1669 1261 1901 1341 πειθώ,
1948 1258 2092 1339 μεθ’
2136 1257 2229 1323 ὧν
2274 1262 2610 1342 γλῶςςα,
2667 1261 2922 1344 πίςςα,
2966 1261 3207 1327 νύςςα

614 1359 652 1425 ὁ
696 1361 1002 1440 καμπτήρ.
1076 1359 1354 1443 Φαῖςα,
1402 1364 1618 1426 δεῖςα
1662 1362 1701 1440 ἡ
1748 1362 2027 1441 ὑγραςία.
2102 1361 2321 1443 Τῖςα,
2372 1362 2605 1439 Κρῖςα
2661 1363 2848 1428 πόλις
2898 1363 3204 1428 Φωκίδος.

518 1469 579 1521 10
615 1461 936 1527 Ἑκαταῖος
967 1461 1240 1545 Εὐρώπῃ
1285 1462 1415 1528 ἀπὸ
1451 1464 1676 1542 Κρίςου
1705 1464 1940 1529 Φώκου
1985 1462 2144 1528 υἱοῦ.
2190 1462 2475 1542 Ὅμηρος
2516 1464 2788 1543 «Κρῖςάν
2832 1485 2901 1529 τε
2932 1465 3204 1543 ζαθέην»

614 1564 690 1645 (Β
733 1560 906 1642 520).
995 1563 1123 1627 ἔςτι
1168 1565 1239 1628 δὲ
1292 1563 1331 1641 ἡ
1389 1564 1548 1643 αὐτὴ
1593 1573 1670 1649 τῇ
1720 1565 1928 1649 Κίρρᾳ.
2014 1564 2253 1640 γίνεται
2306 1566 2431 1644 γὰρ
2486 1567 2811 1644 ὑπερθὲςει
2861 1567 3048 1644 Κίρςα
3102 1567 3206 1631 καὶ

613 1664 918 1729 ἀντιθέςει
960 1668 1078 1729 τοῦ
1122 1667 1156 1728 ἓ
1199 1665 1289 1730 εἰς
1333 1669 1369 1744 β
1419 1667 1611 1745 Κίρρα
1656 1668 1746 1732 ώς
1789 1668 2174 1746 χερςόνηςος
2217 1668 2624 1745 χερρόνηςος.
2713 1668 2828 1735 εἰςὶ
2869 1670 2973 1733 καὶ
3014 1668 3203 1733 ἄλλαι

618 1765 844 1844 Κρῑςαι.
891 1765 1015 1830 ἔςτι
1061 1768 1164 1830 καὶ
1205 1766 1500 1832 Αἰολίδος
1549 1770 1751 1845 Κρῑςα.
1811 1771 2053 1833 κνῖςα.
2108 1768 2348 1859 γίνεται
2396 1770 2467 1833 δὲ
2512 1767 2643 1834 ἀπὸ
2688 1772 3042 1849 μέλλοντος
3084 1775 3204 1835 τοῦ

612 1867 801 1933 κνίζω
845 1867 1061 1932 κνίςω·
1128 1866 1339 1945 ὥςπερ
1393 1868 1517 1946 γὰρ
1573 1869 1749 1946 παρὰ
1801 1871 1877 1933 τὸ
1923 1874 2067 1947 πρῶ
2110 1870 2345 1951 πρίζω,
2403 1862 2809 1953 τρῶ“τρίζω,
2867 1871 3040 1937 οὕτω
3101 1872 3203 1937 καὶ

514 1976 575 2029 15
613 1973 744 2033 κνῶ
798 1968 987 2034 κνίῑω
1030 1969 1106 2033 τὸ
1152 1968 1463 2046 ἐπιπολῆς
1507 1971 1610 2033 καὶ
1654 1968 1883 2047 ἰςχνώς
1926 1970 2245 2037 καταξύω·
2292 1971 2394 2035 διὸ
2454 1973 2559 2035 καὶ
2602 1973 2691 2035 δι’
2737 1972 2884 2038 ἑνός
2934 1993 3005 2037 τε
3050 1974 3202 2052 γρά-

612 2090 799 2149 φεται
842 2073 876 2133 Ε
932 2070 1035 2133 καὶ
1086 2069 1332 2135 ἔκταςιν
1392 2070 1581 2149 ἔλαβε
1633 2075 1751 2135 τοῦ
1793 2074 1844 2136 ῖ.
1933 2074 2122 2148 δηλοῖ
2166 2073 2237 2134 δὲ
2292 2071 2331 2149 ἡ
2390 2075 2572 2136 κνῖςα
2624 2072 2742 2148 τὴν
2788 2074 2932 2137 κατ’
2975 2073 3200 2148 ὀλίγον

612 2170 744 2235 ἀπὸ
788 2175 905 2235 τοῦ
951 2171 1334 2251 ὀπτωμένου
1379 2170 1725 2251 ἀναφορὰν
1769 2180 1846 2257 τῇ
1891 2172 2194 2251 ὀςφρήςει
2228 2174 2668 2251 προςίζουςαν.
2725 2174 3198 2251 προςαγορεύε-

613 2292 712 2339 ται
759 2275 831 2337 δὲ
874 2274 977 2337 καὶ
1020 2273 1330 2338 ἐπίπλους
1374 2272 1447 2338 εὖ
1492 2273 1661 2354 μάλα
1702 2275 1807 2338 καὶ
1849 2274 2044 2339 αὐτὸς
2085 2273 2480 2339 εὐανάδοτος
2525 2274 2618 2338 ὢν
2661 2276 2826 2352 πρὸς
2861 2273 3198 2356 ὄςφρηςιν,

613 2373 733 2438 οὐκ
777 2375 1125 2453 αὐτοτελὴς
1170 2377 1241 2440 δὲ
1284 2376 1791 2455 περιτεθειμένος
1846 2378 1983 2439 τοῖς
2039 2375 2298 2455 μηρίοις.
2386 2376 2584 2440 Πῖςα
2626 2377 2813 2440 πόλις
2855 2377 2958 2440 καὶ
3000 2377 3198 2454 κρήνη

511 2484 580 2536 20
613 2479 724 2552 τῆς
768 2476 1131 2557 Ὀλυμπίας.
1219 2476 1349 2543 ἔςτι
1400 2479 1504 2542 καὶ
1557 2477 1828 2558 χωρίον,
1886 2477 1956 2540 ἐν
2014 2478 2067 2559 ᾧ
2128 2481 2246 2541 τοῦ
2288 2477 2454 2542 Διὸς
2512 2477 2671 2541 ναὸς
2723 2476 2972 2555 ἵδρυται
3015 2478 3120 2541 καὶ
3162 2477 3200 2541 ὁ

614 2576 1042 2658 Ὀλυμπιακός
1087 2578 1267 2654 ἀγών
1314 2579 1705 2643 ἐπιτελεῖται.
1793 2579 1968 2656 παρὰ
2014 2581 2127 2644 τὸν
2171 2577 2332 2643 πίςω
2377 2579 2725 2660 μέλλοντα,
2781 2577 2861 2655 οὗ
2905 2580 2944 2657 ἡ
2989 2581 3204 2656 χρῆςις

612 2680 788 2757 παρὰ
829 2680 1155 2763 Πινδάρῳ.
1243 2681 1571 2759 Πίνδαρος
1639 2683 1711 2745 δὲ
1776 2683 1935 2745 κατὰ
1991 2682 2296 2758 ςυςτολὴν
2362 2682 2479 2759 τὴν
2533 2680 2753 2743 πόλιν.
2782 2678 2923 2743 εἶπε
2983 2679 3202 2745 Πίςαν.

617 2782 798 2846 Βῖςα
840 2783 1028 2847 πόλις
1074 2782 1344 2865 Θρᾴκης.
1393 2785 1626 2862 Βρῑςα
1671 2783 1835 2862 ἄκρα
1878 2784 2152 2866 Λέςβου,
2206 2783 2276 2849 ἐν
2321 2785 2360 2867 ᾗ
2403 2783 2653 2860 ἵδρυται
2697 2782 3017 2848 Διόνυςος
3064 2784 3203 2860 Βρι-

616 2886 808 2947 ςαῑος.
858 2883 1047 2949 Νῖςα
1089 2884 1128 2962 ἡ
1173 2884 1376 2949 πόλις.
1424 2885 1630 2949 Νὓςα
1672 2885 1895 2950 πόλεις
1938 2886 2204 2967 πολλαί,
2251 2884 2322 2949 ἐν
2366 2884 2683 2965 Ἑλικῶνι,
2731 2883 2801 2947 ἐν
2840 2884 3203 2967 Θρᾴκῃ,,ἑν

512 2996 578 3046 25
620 2983 846 3068 Καρίᾳ,
892 2984 963 3048 ἐν
1008 2985 1293 3069 Ἀραβίᾳ,
1339 2986 1408 3050 ἐν
1453 2986 1782 3070 Αἰγύπτῳ,
1829 2987 1901 3050 ἐν
1949 2986 2168 3070 Νάξῳ,
2225 2987 2295 3050 ἐν
2341 2987 2596 3067 Ἰνδοῖς,
2652 2984 2755 3047 ἐπὶ
2798 2989 2915 3048 τοῦ
2965 2984 3203 3049 Καυκά-

617 3105 731 3150 ςου
776 3084 1002 3167 ὄρους,
1049 3085 1119 3149 ἐν
1162 3087 1409 3169 Εὐβοίᾳ.
1457 3091 1688 3169 φῡςα,
1737 3091 1968 3167 βῆςςα
2010 3089 2112 3152 καὶ
2158 3089 2356 3164 Βῆςα
2399 3085 2586 3149 πόλις
2615 3084 2884 3162 Λοκρῶν
2932 3086 3012 3148 δι’
3056 3085 3204 3152 ἑνὸς

614 3187 679 3267 ἰ,
726 3186 1219 3264 Ἀπολλόδωρος
1264 3190 1334 3252 δε
1379 3189 1483 3251 καὶ
1526 3187 1990 3266 Ἐπαφρόδιτος
2041 3190 2144 3252 καὶ
2187 3187 2553 3265 Ἡρακλέων
2600 3186 2704 3250 διὰ
2750 3185 2869 3250 δύο
2917 3187 3202 3264 «Βῆςςόιν

551 3315 554 3319 “
615 3306 683 3350 τε
730 3285 1028 3365 (κάρφην
1071 3308 1139 3352 τε
1183 3290 1286 3352 καὶ
1328 3288 1598 3363 Αὐγειὰς
1640 3289 2007 3374 ἐρατεινάς»
2054 3290 2131 3371 (Β
2173 3287 2345 3370 532).
2402 3287 2741 3368 ώνομάςθη
2799 3289 2870 3352 δὲ
2914 3286 3045 3352 ἀπὸ
3091 3292 3203 3365 τῆς

615 3390 734 3452 τοῦ
776 3386 984 3454 τόπου
1029 3389 1283 3469 φύςεως
1325 3390 1670 3455 ναπώδους
1714 3389 1919 3469 οὔςης.
2013 3391 2304 3470 Κρῆςςα
2345 3390 2532 3456 πόλις
2572 3389 3076 3474 Παφλαγονίας,
3122 3392 3201 3469 ἢν

619 3710 835 3776 explevi
870 3719 1094 3765 secutus
1129 3715 1425 3766 Arcadium
1462 3717 1553 3778 73,
1591 3717 1682 3778 21,
1728 3716 1824 3765 ubi
1860 3714 2100 3778 Φαῖδρος
2144 3714 2215 3766 τὸ
2251 3714 2469 3779 κύριον,
2506 3713 2742 3778 φαιδρός
2777 3713 2840 3765 δὲ
2877 3713 2909 3766 ὁ
2945 3713 3200 3779 λαμπρός

620 3778 876 3831 ὀξύνεται
913 3781 985 3831 ef.
1022 3783 1201 3834 Lehrs
1236 3783 1406 3837 Arist.
1451 3800 1502 3849 p.
1542 3786 1641 3834 280
1678 3782 1786 3845 (ed.
1821 3784 1919 3847 11).
1992 3781 2214 3847 Πύρρα,
2267 3781 2493 3847 Κύδραι,
2533 3780 2736 3846 Μάκρα
2783 3799 2851 3832 ex
2888 3783 2967 3832 St.
3004 3782 3066 3834 B.
3113 3799 3199 3833 ae·

621 3854 924 3898 cesserunt.
1127 3851 1163 3900 1.
1199 3853 1233 3901 4
1278 3852 1420 3901 hune
1468 3867 1730 3901 canonem
1778 3852 2034 3916 sequenti
2079 3853 2393 3916 anteposui.
2464 3848 2602 3902 Αἶςα
2649 3850 2841 3900 addidi
2886 3865 2953 3900 ex
3000 3850 3079 3900 St.
3117 3851 3199 3910 Β.,

621 3917 797 3979 μοῡςα
833 3916 1053 3982 explevi
1099 3935 1165 3969 ex
1209 3919 1357 3969 Mon.
1395 3921 1483 3982 12,
1521 3921 1615 3978 25,
1661 3920 1756 3969 ubi
1799 3918 2029 3982 Προῠςα
2073 3923 2137 3968 ut
2181 3934 2376 3968 nomen
2423 3919 2715 3968 barbarum
2758 3919 3202 3983 praetermissum

621 3988 722 4034 est.
791 3984 958 4037 νύςςα
997 3988 1217 4052 explevi
1252 4003 1320 4037 ex
1357 3987 1602 4052 Theogn.
1672 3983 1875 4050 Φαῖςα,
1922 4003 2063 4052 quae
2109 3986 2330 4037 videtur
2374 3987 2550 4037 forma
2595 3986 2921 4051 principalis
2966 3987 3202 4037 nominis

619 4050 867 4116 Φαιςύλη
906 4053 978 4103 ef.
1012 4055 1150 4105 Lob.
1186 4054 1351 4106 Proll.
1391 4058 1514 4117 124,
1551 4053 1700 4105 δεῑςα
1746 4059 1874 4105 sunt
1920 4071 1986 4105 ex
2024 4055 2271 4119 Theogn.
2313 4057 2432 4116 102,
2473 4053 2540 4112 25
2576 4053 2711 4104 Τῖςα
2755 4070 2820 4103 ex
2856 4053 3044 4105 Dichr.
3081 4056 3199 4117 289,

618 4123 709 4174 25.
761 4119 923 4185 Κρῑςα
968 4122 1211 4173 indidem
1259 4122 1538 4188 expletum
1583 4139 1651 4172 ex
1699 4123 1779 4173 St.
1816 4123 1878 4171 B.
1926 4129 1984 4171 et
2029 4138 2096 4172 ex
2141 4122 2281 4172 libro
2327 4121 2455 4185 περὶ
2501 4122 2702 4172 παθῶν
2737 4123 2800 4171 Ε.
2839 4122 2910 4170 M.
2947 4123 3070 4183 515,
3111 4124 3199 4183 19;

528 4197 539 4222 ⁸
619 4190 775 4239 κνῖςα
822 4190 1123 4240 ex‘Diehr.
1173 4191 1451 4256 expletum
1496 4207 1563 4240 ex
1608 4191 1866 4248 Euststh,
1917 4192 2072 4252 1766,
2108 4193 2175 4240 29
2221 4194 2279 4240 et
2324 4192 2480 4248 1819,
2527 4192 2619 4251 39,
2666 4190 2763 4239 ubi
2807 4188 3013 4239 diserte
3059 4188 3202 4248 κατὰ

620 4255 966 4320 Ἡρωδιανὸν
1003 4264 1060 4308 et
1097 4258 1438 4323 Ἡρωδιανὸς
1476 4258 1641 4309 θέλει.
1678 4286 1742 4294 -
1779 4257 1924 4310 Πῑςα
1960 4274 2027 4309 ex
2065 4259 2143 4308 St.
2183 4259 2269 4320 Β.,
2315 4258 2410 4307 ubi
2446 4256 2590 4309 Πῑςα
2624 4256 2695 4308 τὸ
2733 4257 2967 4321 πρῶτον
3005 4256 3096 4307 καὶ
3130 4256 3201 4308 τὸ

619 4322 887 4388 δεύτερον
922 4326 1026 4389 τῆς
1060 4324 1237 4392 Πίςης
1275 4326 1515 4390 μακρόν,
1553 4326 1756 4378 collato
1792 4325 2048 4377 Eustath.
2086 4324 2157 4375 ad
2193 4326 2422 4389 Dionys.
2457 4327 2576 4376 409.
2613 4322 2759 4376 Πῖςα
2793 4323 2872 4375 δι’
2909 4323 3037 4376 ἑνὸς
3071 4322 3200 4389 γρά-

619 4405 786 4454 φεται
824 4396 883 4445 ς’*
919 4391 1065 4457 αὐτὴ
1111 4394 1172 4445 δὲ
1209 4394 1244 4456 ἠ
1284 4394 1462 4459 κρήνη
1500 4393 1722 4457 λέγεται
1768 4394 1919 4459 παρὰ
1964 4392 2068 4445 τὸν
2113 4390 2257 4444 πίςω
2297 4391 2602 4455 μέλλοντα,
2650 4389 2717 4442 οὖ
2754 4390 2789 4452 ἡ
2828 4393 3013 4456 χρῆςις
3051 4392 3202 4457 παρὰ

504 4488 509 4494 ·
619 4457 901 4527 Πινδάρῳ.
937 4486 1001 4497 -
1040 4460 1170 4514 Βῑςα
1202 4461 1371 4527 Βρῖςα
1408 4480 1475 4513 ex
1515 4463 1594 4513 st.
1632 4463 1721 4524 Β.,
1779 4461 1912 4513 Νῖςα
1960 4478 2026 4511 ex
2071 4460 2348 4525 Theogn„
2393 4461 2523 4509 item
2564 4458 2740 4520 Νῠςα,
2792 4461 2936 4524 quod
2982 4461 3202 4525 explevi

620 4543 689 4577 ex
724 4529 804 4578 St.
844 4532 933 4590 Β.,
973 4535 1030 4579 et
1066 4532 1242 4593 φῠςα;
1284 4531 1451 4594 βῆςςα
1487 4545 1556 4580 ex
1592 4530 1867 4594 Theogn.‚
1918 4528 2065 4593 Βῆςα
2103 4544 2170 4579 ex
2207 4529 2412 4586 St.·B.,
2448 4527 2544 4576 ubi
2579 4525 2922 4589 Ἡρωδιανὸς
2957 4526 3037 4578 δι’
3073 4526 3200 4579 ἑνὸς

618 4597 653 4647 ἰ
692 4594 922 4661 γράφει,
960 4603 1186 4647 secutus
1222 4600 1586 4660 Zenodotum‚
1628 4613 1786 4661 quem
1820 4597 2166 4648 Aristonicus
2200 4596 2270 4646 ad
2310 4594 2348 4647 Β
2386 4597 2485 4646 532
2520 4598 2705 4655 notat,
2743 4593 2890 4659 quod
2925 4596 3201 4659 proprium

622 4663 770 4728 Βῆςα
815 4666 886 4714 ab
931 4665 1271 4730 appellativo
1317 4668 1593 4731 scriptura
1638 4664 1953 4715 distinxerit
1999 4665 2070 4714 cf.
2117 4663 2295 4714 Lehrs
2337 4663 2503 4712 Arist.
2549 4679 2601 4726 p.
2645 4663 2746 4712 266
2792 4661 2903 4720 (ed.
2948 4662 3060 4724 ΙΙ),
3108 4664 3203 4727 qui

620 4737 805 4782 monet
841 4733 1190 4790 Eustathium
1226 4732 1297 4781 ad
1337 4732 1375 4784 Ρ
1411 4735 1510 4783 276
1555 4748 1665 4782 non
1700 4738 1960 4783 accurate
1998 4731 2302 4783 Herodiani
2345 4730 2678 4780 sententiam
2720 4728 3203 4794 retulissessdieen-

622 4803 757 4849 tem:
797 4800 1173 4850 Herodianum
1213 4798 1389 4864 Βῆςςα
1426 4816 1524 4865 per
1561 4798 1761 4863 duplex
1799 4804 1857 4851 ἴς
1894 4801 2209 4863 scripsisse,
2258 4813 2422 4862 quum
2458 4814 2526 4848 ex
2564 4799 2643 4851 St.
2682 4798 2743 4848 B.
2781 4803 3051 4864 appareat
3095 4798 3200 4851 hoe

622 4865 690 4920 do
726 4866 1064 4936 appellativo
1100 4873 1315 4918 tautum
1350 4868 1550 4919 valere.
1623 4865 1835 4934 Κρῆςςα
1871 4884 1938 4919 ex
1974 4867 2219 4944 Theogtl.
2257 4871 2314 4916 et
2351 4868 2430 4919 St.
2465 4866 2528 4917 Β.
