3664 5546
671 367 755 433 48
1607 368 1687 424 ΕΚ
1726 368 1867 424 ΤΩΝ
1910 369 2317 426 ΗΡΩΔΙΑΝΟΥ

672 539 822 605 εἰςιν
870 539 931 603 οἱ
978 542 1312 616 ςυγγενεῑς.
1401 539 1696 618 ἀρςενικὰ
1742 542 1813 606 δὲ
1858 539 2048 607 εἶπον
2094 543 2199 607 διὰ
2241 543 2321 606 τὰ
2378 543 2634 621 θηλυκά.
2724 543 2827 607 καὶ
2881 543 3003 620 γὰρ
3048 543 3127 606 τὰ
3172 542 3260 608 εἰς

670 643 752 721 ''l-15
796 641 1069 724 θηλυκά,
1115 643 1195 721 μὴ
1242 643 1689 723 μετατιθέμενα
1717 644 1877 708 κατά
1920 665 1977 707 τι
2021 643 2170 709 ἔθος
2198 647 2530 723 ποιητικὸν
2576 645 2663 709 εἰς
2695 646 3016 724 διάφορον
3047 644 3259 727 γένος,

676 745 1043 825 βαρύνεται,
1100 744 1378 826 μήτηρ,
1437 745 1822 829 θυγάτηρ,
1878 746 2283 829 Δημήτηρ,
2346 746 2678 825 εἰνάτηρ.
2772 747 3132 825 προςέθηκα
3189 748 3260 811 δὲ

676 846 788 925 «μὴ
836 846 1286 925 μετατιθέμενα
1330 846 1487 912 κατά
1536 868 1591 912 τι
1638 847 1785 913 ἔθος
1840 849 2171 927 ποιητικὸν
2217 843 2681 928 εἰς’διάφορον
2738 849 2957 925 γένος»
3014 849 3118 913 διὰ
3160 850 3257 931 τὸ,

612 957 644 1006 5
677 946 1092 1026 «ῥαιςτῆρα
1135 950 1477 1028 κρατερήν»
1510 949 1584 1032 (C
1611 948 1767 1031 477)
1803 950 1992 1028 «ὕλην
2037 954 2572 1029 ςτεγαςτῆρα».
2638 954 2903 1016 τοιαῦτα
2931 952 3054 1030 γάρ
3095 951 3257 1016 ἐςτιν

673 1049 910 1114 ὁποῖον
954 1051 993 1128 ἡ
1039 1049 1222 1129 αἰθήρ
1266 1050 1304 1129 ἡ
1350 1050 1490 1130 ἀήρ.
1579 1053 1926 1131 ςημειώδης
1969 1050 2094 1130 ἄρα
2137 1053 2176 1132 ἡ
2221 1054 2507 1132 γαςτήρ
2554 1051 2924 1133 ὀξυνομένη.

842 1151 934 1215 Τὰ
978 1151 1067 1217 εἰς
1109 1153 1191 1231 ἦρ
1237 1153 1451 1218 ἐθνικὰ
1494 1154 1533 1232 ἢ
1565 1155 1779 1237 κύρια,
1827 1155 1908 1234 μὴ
1954 1155 2461 1232 ςυνεμπίπτοντα
2500 1158 3020 1237 προςηγορικοῖς,
3069 1156 3256 1235 βαρύ-

672 1274 924 1335 νονται,
969 1255 1169 1334 Ἴβηρ
1216 1255 1253 1319 ὁ
1297 1256 1615 1337 ποταμός,
1663 1255 1742 1321 οὗ
1789 1256 2089 1335 μέμνηται
2137 1257 2629 1335 Ἀπολλόδωρος
2673 1257 2742 1321 ἐν
2777 1264 2854 1341 τῇ
2884 1258 3031 1335 περὶ
3059 1260 3174 1335 γῆς
3205 1257 3256 1336 β’

1247 1357 1430 1423 ἐντὸς
1474 1359 1546 1422 δὲ
1589 1358 1891 1436 Πυρήνης
1933 1358 2101 1438 Ἴβηρ
2146 1359 2210 1421 τ’
2257 1359 2419 1424 ἐςτὶν
2466 1359 2658 1439 μέγας

577 1470 640 1521 10
1247 1462 1536 1540 ποταμὸς
1579 1460 1943 1539 φερόμενος
1986 1460 2322 1539 ἐνδοτέρω.

676 1560 778 1624 καὶ
822 1560 895 1625 τὸ
941 1560 1193 1627 ἐθνικὸν
1240 1562 1621 1642 ὁμοφώνως.
1700 1562 2157 1643 Ἀριςτοφάνης
2201 1563 2550 1642 Τριφάλητι
2598 1563 3061 1642 «μανθάνοντες
3105 1564 3258 1628 τοὺς

673 1663 919 1743 Ἴβηρας
970 1664 1125 1729 τοὺς
1170 1662 1575 1742 Ἀριςτάρχου
1619 1665 1846 1729 πάλαι»
1907 1665 2009 1729 καὶ
2066 1666 2249 1730 «τοὺς
2311 1666 2556 1745 Ἴβηρας
2622 1667 2736 1730 οὓς
2792 1669 3087 1745 χορηγεῖς
3153 1686 3257 1744 μοι

677 1768 975 1844 βοηθῆςαι
1032 1766 1291 1850 δρόμῳ»
1337 1767 1439 1830 καὶ
1485 1766 1939 1845 Ἀρτεμίδωρος
1996 1766 2068 1831 ἐν
2126 1767 2405 1851 δευτέρῳ
2462 1772 2593 1831 τῶν
2650 1755 3256 1850 γεωγραφουμένων

677 1874 1093 1952 «γραμματικῇ
1151 1868 1223 1932 δὲ
1280 1872 1560 1946 χρῶνται
1615 1875 1692 1952 τῇ
1747 1872 1879 1934 τῶν
1926 1869 2178 1934 Ἰταλῶν
2235 1868 2297 1934 οἱ
2340 1870 2514 1947 παρὰ
2568 1870 2886 1934 θάλατταν
2931 1869 3258 1935 οἰκοῦντες

579 1982 638 2032 15
673 1972 803 2033 τῶν
865 1969 1168 2050 Ἰβήρων».
1269 1970 1628 2052 Ἰλλίβηρ,
1702 1970 1973 2050 Δόβηρ
2039 1971 2228 2037 ἔθνος
2290 1970 2630 2054 Παιονίας,
2697 1971 2935 2054 Πίηρ,
3002 1973 3256 2050 Βύζηρ

672 2069 863 2135 ἔθνος
906 2071 1113 2155 ἐνρῷ
1157 2071 1410 2156 Πόντῳ.
1485 2072 1560 2137 τὸ
1606 2072 1823 2152 μέντοι
1869 2072 2185 2152 Ἐλευθή
2199 2093 2235 2151 ρ
2281 2071 2372 2138 εἷς
2416 2078 2544 2138 τῶν
2594 2073 2969 2155 Κουρήτων,
3014 2073 3131 2154 ἀφ’
3175 2072 3255 2139 οὗ

675 2171 1029 2252 Ἐλευθεραί
1071 2173 1256 2238 πόλις
1307 2174 1576 2257 Κρήτης,
1622 2175 1725 2246 καὶ
1753 2173 1892 2239 υἱὸς
1924 2174 2365 2257 Ἀπόλλωνος,
2412 2174 2527 2255 ἀφ’
2571 2173 2651 2239 οὗ
2685 2175 3039 2254 Ἐλευθεραί
3068 2176 3256 2241 πόλις

675 2275 1012 2358 Βοιωτίας,
1057 2274 1346 2342 ὀξύνεται
1393 2275 1482 2341 ὡς
1525 2277 1602 2340 τὸ
1649 2276 1926 2354 Ἀςτήρ.

841 2377 935 2441 Τὰ
980 2376 1067 2443 εἰς
1110 2382 1189 2455 ῆῖ)
1235 2378 1316 2458 μὴ
1362 2377 1520 2442 ὄντα
1571 2378 1838 2443 ςύνθετα
1894 2378 2051 2457 μηδὲ
2106 2378 2321 2443 ἐθνικὰ
2365 2378 2686 2462 ὀξύνεται,
2743 2378 2971 2463 ἀνήρ,
3030 2381 3172 2459 δαή
3188 2401 3256 2462 ρ,

571 2491 638 2542 20
673 2476 850 2562 ἀήρ,
895 2478 1149 2561 αἰθήρ,
1196 2480 1532 2556 ςπινθήρ.
1622 2481 1698 2545 τὸ
1744 2480 1961 2560 μέντοι
2007 2479 2221 2559 ἐρίηρ
2270 2481 2360 2546 ὡς
2405 2481 2709 2546 ςύνθετον
2756 2482 3107 2561 βαρύνεται.

841 2581 935 2645 Τὰ
989 2581 1078 2646 εἰς
1131 2587 1213 2659 ἠρ
1258 2580 1533 2649 ὀξύτονα
1585 2582 1999 2662 φυλάττοντα
2053 2583 2128 2648 τὸ
2173 2587 2211 2659 ἦ
2269 2583 2428 2647 κατὰ
2480 2585 2597 2662 τὴν
2651 2585 2906 2662 γενικὴν
2951 2584 3257 2665 φυλάττει

672 2682 920 2747 καὶτὸν
949 2683 1148 2747 τόνον
1194 2682 1264 2748 ἐν
1295 2689 1371 2766 τῇ
1419 2685 1692 2749 ςυνθέςει
1738 2682 1885 2748 οἷον
1932 2684 2120 2762 δετήρ
2166 2684 2749 2768 ἀμαλλοδετήρ,
2807 2687 3035 2765 ςτατήρ
3081 2685 3118 2751 ὀ
3134 2691 3256 2766 βε·

673 2786 1081 2864 λοςτατήρ.
1129 2786 1230 2850 ’τὸ
1277 2786 1493 2863 μέντοι
1538 2786 1700 2864 ἀνήρ
1746 2786 2119 2870 λιπάνηρ,
2166 2788 2328 2866 δαήρ
2371 2789 2737 2872 πολυδάηρ,
2783 2790 2991 2867 πατήρ
3036 2788 3257 2854 αἰνο-

671 2888 918 2967 πάτηρ
966 2887 1056 2951 ὡς
1100 2889 1180 2966 μὴ
1226 2888 1637 2967 φυλάττοντα
1679 2889 1755 2953 τὸ
1801 2891 1840 2965 ἦ
1889 2889 2288 2967 βαρύνονται.
2371 2891 2474 2954 καὶ
2512 2892 2590 2955 τὸ
2634 2891 2939 2970 πάνθηρ
2983 2893 3086 2955 καὶ
3128 2911 3254 2956 ςα-

569 3002 634 3052 25
671 2989 1030 3069 τυρόφηρ
1075 2988 1206 3054 ἀπὸ
1252 2990 1766 3071 μονοςυλλάβων.

671 3246 812 3297 Nam
850 3244 941 3295 hic
978 3244 1132 3297 locus
1167 3262 1234 3297 ex
1271 3246 1519 3297 fontibus
1544 3246 1916 3298 Herodianeis
1942 3246 2224 3297 derivatus
2247 3246 2468 3297 videtur
2492 3262 2669 3313 aeque
2695 3253 2860 3314 atque
2888 3264 3029 3313 quae
3068 3249 3255 3298 statim

673 3319 975 3378 sequuntur
1011 3313 1076 3364 de
1115 3317 1427 3380 paronymis
1465 3315 1521 3365 in
1559 3328 1727 3365 ωνιος
1763 3320 1822 3365 et
1860 3328 2041 3370 ωςιος.
2130 3315 2166 3364 l.
2206 3317 2231 3363 1
2272 3330 2370 3379 pro
2407 3315 2534 3366 εἶπε
2572 3331 2639 3365 ex
2676 3316 2984 3367 Herodiani
3020 3332 3255 3381 persona

672 3381 873 3445 scripsi
909 3379 1094 3432 εἷπον.
1283 3383 1318 3432 l.
1355 3386 1387 3433 3
1424 3380 1653 3447 εἰνάτηρ
1690 3382 1882 3433 addidi
1922 3400 1990 3433 ex
2026 3386 2172 3433 Mon.
2213 3384 2293 3445 16,
2330 3386 2422 3447 22,
2471 3400 2577 3449 quo
2614 3384 2736 3434 loco
2775 3384 3025 3435 consulto
3074 3384 3255 3434 adieci

671 3450 845 3499 verba
882 3449 1011 3500 inde
1047 3466 1082 3499 a
1118 3448 1438 3515 προςέθηκα
1473 3449 1535 3502 δέ
1569 3466 1743 3515 usque
1781 3450 1853 3499 ad
1890 3450 1923 3500 1.
1961 3454 1993 3500 6
2028 3448 2154 3515 ἀήρ,
2195 3466 2297 3515 quo
2347 3452 2501 3502 facto
2547 3467 2644 3516 pro
2680 3453 2908 3502 Arcadii
2955 3453 3138 3502 verbis
3182 3451 3253 3503 τὸ

671 3516 733 3568 δὲ
767 3515 980 3581 γαςτήρ
1015 3515 1296 3581 ὀξύνεται,
1373 3535 1477 3569 uae
1515 3521 1698 3584 posui,
1740 3516 2049 3582 ςημειώδης
2085 3518 2203 3569 κτλ.
2239 3518 2482 3569 exhibui.
2619 3520 2655 3572 l.
2681 3520 2713 3570 8
2748 3519 2896 3584 Ἴβηρ
2933 3520 3150 3585 explevi
3187 3537 3257 3571 ex

673 3584 750 3636 st.
788 3585 851 3635 Β.
1056 3587 1092 3637 l.
1134 3591 1196 3638 15
1234 3585 1337 3637 Ἰλλ
1363 3587 1466 3651 βηρ
1504 3602 1601 3651 pro
1641 3586 1889 3636 codicum
1927 3588 2204 3652 scriptura.
2242 3584 2464 3652 Ἀνίβηρ
2500 3588 2639 3638 Lob.
2675 3588 2876 3638 Parall.
2915 3604 2966 3653 p.
3004 3591 3098 3638 211
3139 3598 3252 3638 not.

672 3653 989 3704 emendavit
1026 3655 1191 3705 etiam
1232 3652 1501 3719 Κελτίβηρ
1549 3669 1888 3720 pipponem,
1926 3656 2079 3718 potui
2123 3657 2291 3705 etiam
2338 3652 2583 3719 Αὐτίβηρ
2631 3657 2871 3706 scribere
2918 3672 3037 3705 cum
3089 3657 3256 3705 Mein.

672 3721 743 3772 ad
782 3721 862 3772 St.
899 3722 962 3774 Β.
1000 3725 1127 3785 325,
1171 3726 1248 3773 10.
1323 3722 1588 3774 Schmidt.
1628 3718 1851 3786 Ἀνίβηρ
1897 3727 2083 3773 tuetur
2123 3738 2190 3773 ex
2227 3722 2397 3775 Ἀνας
2435 3722 2643 3787 (fluvio)
2693 3729 2750 3774 et
2786 3723 2934 3789 Ἴβηρ
2981 3725 3251 3788 composi-

670 3795 784 3839 tum
819 3795 1037 3855 putans,
1109 3789 1300 3856 Δόβηρ
1349 3807 1415 3840 ex
1463 3790 1543 3841 St.
1581 3791 1644 3842 B.
1684 3790 1985 3854 explicavi,
2034 3789 2213 3856 Βύζηρ
2260 3807 2326 3840 ex
2373 3792 2562 3841 eodem
2609 3792 2789 3842 adieci
2834 3808 2883 3857 p.
2927 3794 3048 3849 190,
3091 3796 3150 3841 11
3198 3799 3255 3841 et

609 3858 615 3863 ”
670 3859 794 3918 324,
838 3858 917 3909 10.
997 3860 1234 3923 Propter
1286 3859 1599 3909 abnormem
1656 3862 1948 3908 accentum
2003 3860 2162 3909 omisi
2204 3856 2439 3924 Τριῆρες
2487 3858 2647 3910 ἔθνος
2693 3857 2807 3910 ἀπὸ
2854 3856 3098 3923 Τριήρου
3142 3862 3244 3910 τοῦ

674 3923 977 3990 Ὀβριάρεω
1015 3925 1214 3977 παιδὸς
1252 3925 1342 3977 καὶ
1379 3923 1631 3989 Θρᾴκης,
1679 3921 1757 3975 ὡς
1797 3923 2084 3990 Ἀρριανὸς
2129 3925 2190 3977 ἐν
2227 3926 2596 3989 Βιθυνιακοῖς,
2647 3928 2739 3992 qui
2776 3928 3060 3978 Meinekio
3106 3927 3250 3978 idem

670 3993 905 4059 populus
941 3999 1104 4058 atque
1143 3991 1357 4058 Τρῆρες
1393 3993 1638 4056 videtum
1688 3993 1829 4057 quod
1876 4009 2073 4044 nomen
2112 3992 2345 4060 Τρίηρες
2393 3994 2742 4046 scribendum
2790 3996 2913 4045 fuit.
2987 3993 3250 4060 Ἐλευθὴρ

670 4062 887 4126 explevi
924 4076 991 4111 ex
1028 4062 1108 4111 St.
1146 4062 1207 4110 B.
1247 4076 1299 4126 p.
1336 4063 1453 4121 265,
1495 4064 1572 4110 11.
1684 4060 1720 4111 l.
1764 4064 1823 4112 19
1860 4058 2013 4112 ἁπλᾶ
2048 4069 2177 4113 ante
2216 4063 2289 4127 μὴ
2328 4062 2469 4114 ὄντα
2507 4063 2662 4121 eieci,
2701 4063 2859 4128 quod·
2883 4059 3027 4114 u'nde
3064 4068 3250 4113 natum

668 4132 759 4191 sit,
799 4130 1042 4194 perspici
1079 4136 1262 4193 potest
1297 4145 1364 4178 ex
1400 4129 1597 4181 Choer.
1632 4130 1734 4194 Ep.
1773 4130 1830 4178 in
1868 4130 2069 4180 Psalm.
2099 4132 2157 4194 6,
2194 4134 2286 4180 21:
2321 4130 2394 4181 τὰ
2430 4129 2507 4182 εἰς
2545 4132 2615 4194 η-ρ
2652 4130 2903 4196 λήγοντα
2938 4130 3082 4194 ὑπὲρ
3120 4128 3249 4192 μίαν

669 4196 949 4260 ςυλλαβὴν
985 4194 1138 4247 ἁπλᾶ
1176 4195 1249 4259 μὴ
1288 4194 1429 4246 ὄντα
1454 4194 1614 4260 κύρια
1640 4195 1778 4261 μηδὲ
1804 4194 1995 4248 ἐθνικὰ
2018 4196 2313 4250 ὀξύνονται
2348 4196 2471 4250 οἷον
2507 4196 2691 4263 αἰθήρ,
2730 4196 2888 4264 δαήρ,
2926 4196 3052 4263 ἀήρ,
3091 4197 3249 4263 ἀνήρ.

670 4262 902 4327 μάχεται
936 4262 1006 4314 τὸ
1045 4261 1222 4328 ἐρίηρ·
1265 4261 1398 4315 ἴςως
1435 4263 1497 4316 δέ
1530 4266 1634 4315 τοῦ
1673 4262 1891 4330 ἐρίηρος
1929 4263 2075 4316 ἐςτὶν
2112 4264 2393 4332 ἀποκοπή.
2462 4268 2548 4317 De
2583 4264 2725 4331 ἀνήρ
2764 4269 2835 4317 cf.
2873 4270 3019 4318 Mon.
3047 4270 3130 4329 21,
3160 4272 3247 4317 19:

667 4331 835 4384 οὐδὲν
872 4330 950 4385 εἰς
987 4333 1057 4395 ῆῖι
1094 4332 1270 4395 λῆγον
1306 4330 1648 4396 ὀξυνόμενον
1694 4331 1806 4396 ἔχει
1852 4331 1922 4383 τὸ
1958 4336 1990 4382 V
2027 4332 2138 4397 πρὸ
2182 4337 2286 4385 τοῦ
2324 4339 2388 4398 η,
2437 4332 2581 4385 ἀλλὰ
2628 4333 2802 4397 μόνον
2845 4333 2915 4385 τὸ
2963 4332 3129 4399 ἀνήρ’
3178 4333 3249 4385 τὸ

666 4399 726 4450 δ’
763 4398 943 4451 αἴτιον
980 4398 1283 4464 πρόδηλον.
1332 4398 1646 4466 προςέθηκα
1682 4400 1744 4452 δὲ
1780 4399 2124 4465 ὀξυνόμενον
2159 4401 2248 4454 διὰ
2279 4401 2348 4453 τὸ
2384 4401 2617 4466 ςύνηθες
2656 4404 2737 4466 (†)
2777 4401 3249 4467 βαρυνόμενον

667 4467 860 4532 κύριον
897 4467 987 4518 καὶ
1024 4467 1235 4532 δηλοῦν
1272 4469 1585 4532 ποταμὸν
1623 4467 1696 4520 ἑν
1732 4465 2021 4535 Εικελίᾳ.
2249 4470 2284 4520 1.
2323 4473 2389 4521 25
2425 4473 2585 4522 omisi
2618 4471 2943 4522 vocabulum
2979 4487 3012 4521 a
3051 4472 3247 4526 Choer.

666 4537 816 4587 Dict.
863 4539 990 4600 272,
1036 4540 1103 4589 35
1150 4543 1625 4588 commemoratum
1670 4536 2002 4603 τριβολέτηρ
2049 4537 2198 4590 εἶδος
2255 4535 2526 4604 ἀκάνθης,
2577 4541 2733 4590 cuius
2779 4541 2932 4605 origo
2982 4539 3250 4605 perdubia.

669 4610 754 4656 eet
797 4620 978 4671 neque
1024 4610 1282 4656 accentus
1325 4607 1639 4672 suspicione
1686 4611 1839 4656 caret
1883 4606 1956 4657 cf.
1994 4607 2133 4658 Lob.
2171 4606 2337 4658 Proll.
2379 4609 2472 4657 131
2520 4612 2634 4659 not.
2668 4610 2724 4668 ὅ,
2763 4610 2857 4673 qui
2902 4605 3246 4671 τριβηλατήρ

667 4674 1016 4725 scribendum
1053 4674 1333 4740 proponit.
1403 4675 1757 4724 Hermannue
1793 4688 1981 4739 opusc.
2018 4676 2096 4725 VI
2138 4677 2228 4726 131
2278 4691 2465 4725 vocem
2501 4691 2535 4726 a
2570 4674 2757 4740 τρίβος
2795 4680 2853 4727 et
2887 4674 3087 4739 ὄλλυμι
3124 4691 3246 4741 pro-

667 4746 924 4808 pagatum
962 4757 1083 4793 esee
1120 4747 1179 4792 et
1216 4741 1433 4809 proprie
1470 4743 1924 4807 „Wegesperre”
1960 4741 2270 4808 significare
2315 4747 2585 4797 autumat.
2656 4745 2863 4807 Quidni
2898 4760 2994 4812 pro
3032 4760 3247 4809 compo·

667 4811 773 4859 sito
811 4826 876 4861 ex
913 4808 1099 4877 τρίβος
1145 4816 1201 4861 et
1247 4807 1454 4873 ὸλετήρ
1500 4809 2063 4875 „Wegeverderber“
2108 4811 2410 4875 composito
2457 4813 2869 4864 existimemus?
2941 4815 3079 4865 Tum
3118 4828 3245 4864 vero

667 4883 930 4931 accentus
965 4878 1260 4931 mutandus
1296 4883 1446 4929 esset
1468 4875 1817 4942 τριβολετήρ,
1856 4879 2011 4931 cuius
2047 4880 2269 4944 generis
2305 4881 2447 4931 vitia
2479 4880 2852 4933 Choerobosci
2888 4881 3101 4933 librarii
3136 4896 3246 4933 nou
