3664 5546
669 394 757 442 xc
1404 363 1415 382 ⁰
1730 392 2144 443 Pasas-Arm.

668 548 843 612 Mon.
889 547 991 627 26,
1037 547 1121 610 24
1165 547 1595 632 significatum
1639 547 1838 613 habet
1879 553 2232 632 παραγωγή
2277 560 2343 616 et
2385 553 2803 638 παράγεςθαι,
2848 575 3050 639 quare
3096 576 3233 641 pro-

667 649 926 714 nomina
970 651 1224 734 ἐμέθεν,
1271 651 1480 732 ςέθεν,
1526 673 1690 735 quac
1736 651 1819 717 ab
1866 651 2107 718 Herod.
2152 654 2218 718 in
2264 653 2387 741 Ep.
2421 653 2524 719 Or.
2570 656 2603 719 I
2653 654 2773 718 142
2818 656 2949 721 κατ’
2977 657 3237 722 ἐπέκτα·

666 774 758 817 ςιν
813 758 923 832 τῆς
971 740 1102 818 θεν-
1134 756 1444 833 ςυλλαβῆς
1485 754 1910 838 pronunciata
1953 754 2287 838 dicuntur,
2334 756 2509 842 apud
2555 756 2912 822 Arcadium
2964 759 3109 840 179,
3160 759 3237 822 18

663 855 726 918 αἱ
770 857 1148 935 παραγωγαὶ
1190 853 1574 935 ἀντωνυμίαι
1621 865 1964 937 vocantur,
2014 856 2309 922 similiter
2352 860 2594 939 Ἴδηθεν
2625 852 2856 927 ἔκτοςε
2882 863 3236 940 παραγωγὰ

665 960 1055 1039 ἐπιρρήματα
1120 958 1623 1037 ἰςοδυναμοῦντα
1685 963 1823 1024 τοῖς
1879 961 2327 1038 πρωτοτύποις
2391 971 2457 1026 et
2511 961 2751 1040 ἄγραδε
2816 962 3013 1029 ἅλαδε
3079 966 3237 1028 κατὰ

663 1062 1054 1139 παραγωγὴν
1099 1080 1243 1122 esse
1287 1059 1354 1122 in
1399 1057 1506 1122 Pr.
1553 1058 1630 1122 Il.
1676 1062 1738 1126 Π
1781 1059 1904 1125 697
1952 1061 2362 1127 Herodianus
2407 1065 2812 1148 pronunciat.
2901 1062 3234 1128 Interdum

663 1160 749 1226 ad
804 1159 1302 1246 significandum
1356 1161 1639 1246 speciem
1693 1171 1976 1247 tantum,
2031 1187 2160 1228 non
2217 1165 2349 1229 vim
2402 1166 2717 1230 mutatam
2772 1187 2914 1230 esse
2970 1166 3237 1232 additur

664 1265 893 1345 φωνήν
938 1262 1032 1326 Io.
1081 1261 1187 1326 Al.
1233 1261 1346 1345 34,
1394 1263 1434 1325 9
1477 1265 1555 1329 τὰ
1600 1267 1829 1346 φωνὴν
1883 1269 2291 1347 παραχθέντα
2347 1267 2435 1333 εἰς
2481 1257 2564 1333 δέ
2604 1270 2801 1348 μηδὲν
2859 1271 3062 1335 πλέον
3118 1274 3236 1335 τοῦ

662 1366 1093 1445 πρωτοτύπου
1138 1366 1534 1446 ςημαίνοντα.
1621 1367 1700 1430 In
1744 1367 2093 1432 verborum
2138 1366 2568 1434 declinatione
2623 1369 2825 1437 εἴαςκε
2882 1371 2953 1437 ἐν
2998 1372 3237 1456 Ἰωνικῇ

661 1474 1012 1550 παραγωγῇ
1058 1465 1186 1532 dici
1232 1465 1508 1531 traditur
1553 1468 1626 1533 Il.
1670 1469 1772 1534 Pr.
1818 1471 1863 1534 Ε
1904 1469 2050 1535 256.
2140 1469 2425 1536 Maxime
2468 1471 2590 1537 hoc
2634 1494 2996 1558 paragoges
3043 1496 3236 1539 voca-

661 1570 885 1633 bulum
929 1569 1216 1634 indicare
1260 1570 1523 1634 videtur
1576 1569 2020 1636 huiuscemodi
2075 1571 2476 1659 syllabarum
2529 1576 2963 1639 accessionem
3018 1575 3236 1661 potius

659 1670 746 1736 ad
790 1670 1260 1737 derivationem
1303 1681 1369 1736 ct
1413 1670 1912 1737 declinationem
1953 1675 2279 1761 pertinere
2323 1698 2517 1761 quam
2562 1675 2648 1741 ad
2691 1677 3058 1762 passioneS‚
3115 1676 3237 1741 sed

659 1796 856 1861 quum
898 1774 964 1837 in
1008 1772 1403 1859 quibusdam
1445 1773 1802 1859 pleonasmi
1848 1776 2131 1862 suspicio
2190 1787 2482 1842 oreretur
2526 1778 2636 1863 (E.
2679 1777 2771 1842 M.
2819 1779 2963 1861 758,
3010 1779 3050 1843 9
3094 1781 3150 1844 τί
3192 1781 3236 1859 ἤ

659 1878 761 1942 καὶ
813 1876 909 1942 ὅτι
969 1877 1007 1955 ἤ
1063 1876 1181 1942 οὐκ
1234 1877 1361 1942 ἔςτι
1415 1879 1842 1962 πλεοναςμός,
1899 1879 2065 1944 ἀλλὰ
2119 1881 2238 1946 δύο
2284 1882 2438 1960 με’ρη
2495 1883 2696 1960 λόγου
2752 1880 2925 1964 εἰςί),
2974 1881 3039 1945 in
3086 1880 3235 1945 aliis

660 1999 989 2064 paragoge
1035 1999 1178 2041 cum
1223 1979 1522 2062 passione
1576 1978 1920 2044 coniuncta
1963 1989 2137 2045 esset
2180 1981 2283 2063 (E.
2330 1980 2416 2045 M.
2466 1981 2618 2065 762,
2664 1981 2776 2046 49:
2825 1988 3098 2049 τοςαῦτοι
3139 1984 3233 2060 γί-

660 2102 834 2150 νεται
878 2081 1036 2145 κατὰ
1079 2082 1471 2160 παραγωγὴν
1515 2081 1585 2147 ἐκ
1627 2086 1743 2147 τοῦ
1787 2083 1941 2147 τόςα
1983 2119 2069 2130 -
2111 2085 2187 2148 τὸ
2231 2085 2370 2163 τοίη
2416 2085 2673 2165 τοιηύτη
2719 2084 3001 2166 ὤφειλεν
3048 2084 3238 2169 εἶναι,

660 2183 826 2249 ἀλλὰ
867 2219 953 2229 -
994 2183 1289 2260 τρέπεται
1333 2184 1406 2247 τὸ
1450 2187 1488 2261 ἦ
1536 2182 1623 2248 εἰς
1665 2186 1707 2246 ἃ
1750 2185 1854 2247 καὶ
1897 2186 2135 2260 γίνεται
2179 2187 2505 2272 τοιαύτη),
2552 2186 2749 2250 etiam
2791 2186 2914 2251 hae
2958 2208 3235 2272 parago-

661 2306 782 2368 gae
826 2283 892 2347 in
922 2282 1310 2369 Pathologia
1337 2284 1549 2349 locum
1577 2285 1947 2350 habuerunt
1974 2288 2361 2371 praesertim
2390 2310 2589 2374 quum
2619 2288 2758 2372 ipse
2790 2287 3234 2371 HerodianuS,

662 2387 774 2452 ubi
829 2407 959 2449 non
1014 2393 1315 2478 accurate
1369 2384 1684 2472 loquitur,
1753 2388 2119 2473 promiscue
2183 2391 2505 2456 ἐπέκταςις
2568 2391 2708 2455 sive
2762 2391 3112 2470 παραγωγή
3168 2402 3237 2456 et

662 2490 1058 2570 πλεοναςμός
1112 2486 1436 2554 vocabula
1490 2487 1798 2553 adhibeat
1855 2488 1964 2575 (E.
2011 2491 2101 2553 M.
2146 2491 2303 2573 314,
2359 2492 2438 2554 41
2498 2491 2653 2571 τύνη
2711 2492 2855 2557 κατ’
2908 2493 3237 2559 ἐπέκταςιν

659 2597 770 2672 τῆς
813 2597 894 2671 ’νῆ
941 2595 1265 2673 ςυλλαβῆς.
1354 2593 1433 2657 οὐ
1477 2592 1599 2670 γὰρ
1644 2576 1861 2671 μόνον’
1892 2593 1966 2658 τὸ
2010 2596 2050 2658 ν
2097 2594 2472 2676 ἐπλεόναςε,
2516 2593 2659 2658 ἀλλ’
2699 2594 2738 2673 ἡ
2784 2600 2865 2674 νῆ
2911 2594 3234 2678 ςυλλαβή).

659 2695 798 2759 Νοο
841 2696 1073 2758 mirum
1129 2693 1213 2759 ab
1266 2691 1644 2759 Herodiano
1701 2693 2104 2779 syllabarum
2156 2696 2224 2759 in
2280 2694 2408 2759 fine
2464 2697 2895 2762 accessionem
2943 2697 3012 2761 in
3065 2696 3234 2762 libro

659 2801 807 2878 περὶ
859 2802 1087 2864 παθῶν
1142 2805 1486 2862 tractatam
1541 2819 1681 2860 esse
1727 2797 2022 2879 videtur,
2080 2798 2135 2862 si
2191 2807 2568 2884 reputamus
2625 2821 2774 2863 eum
2828 2799 2933 2865 vel
2978 2820 3235 2865 omnem

659 2900 871 2964 exitus
916 2900 1340 2965 variationem
1383 2900 1451 2963 in
1493 2897 1615 2963 hoc
1656 2897 1822 2964 libro
1869 2902 2198 2985 attigisse,
2243 2902 2311 2964 in
2357 2900 2438 2965 E.
2482 2899 2572 2964 M.
2620 2900 2775 2982 747,
2820 2901 2904 2967 25
2948 2902 3233 2982 τάρφεςι,

658 3005 763 3068 cui
808 3001 1268 3068 adnotamento
1314 3001 1754 3086 subscriptum
1796 3013 1895 3067 est
1938 3003 2331 3082 Ἡρωδιανὸς
2374 3006 2517 3082 περὶ
2560 3008 2821 3084 παθῶν,
2869 3003 3235 3068 ostenditur

659 3104 978 3192 quaedam
1021 3113 1251 3168 neutra
1294 3102 1574 3188 pluralia
1613 3100 1912 3167 similiter
1954 3103 2298 3168 terminata
2340 3126 2483 3169 esse
2528 3115 2722 3190 atque
2764 3106 3231 3170 nominativum

660 3203 1048 3290 singularem
1092 3207 1169 3271 τὰ
1213 3205 1425 3283 τάρφη
1468 3204 1507 3283 ἡ
1552 3204 1765 3285 τάρφη
1810 3205 1889 3268 τὰ
1933 3207 2122 3285 ςκέπη
2166 3206 2205 3285 ἡ
2252 3208 2469 3286 (κε’πη;
2517 3205 2596 3269 Ε.
2628 3206 2719 3271 Μ.
2769 3207 2910 3291 142,
2954 3206 3038 3272 56
3082 3207 3227 3271 coll.

661 3308 739 3370 E.
787 3306 879 3370 M.
925 3307 1036 3385 93,
1081 3306 1166 3369 50
1222 3305 1305 3369 de
1352 3303 1977 3370 metaschematismo
2026 3303 2161 3392 (vel
2204 3313 2519 3393 μεταβολῇ
2577 3311 2626 3374 Ν
2675 3309 2795 3374 707
2853 3310 2993 3374 sive
3048 3331 3231 3389 μετα-

619 3460 624 3469 .
665 3413 821 3491 βολῇ
865 3413 981 3473 τοῦ
1024 3408 1250 3472 τέλους
1296 3408 1345 3471 Ν
1379 3406 1503 3471 809
1546 3404 1656 3471 vcl
1698 3410 2096 3487 μεταποιήςει
2136 3409 2311 3474 Mon.
2343 3411 2448 3491 40,
2490 3411 2589 3496 6),
2636 3434 2754 3497 per
2796 3433 2985 3498 quem
3028 3410 3235 3498 hypo·

664 3510 966 3574 coristica
1020 3530 1103 3572 ex
1158 3508 1523 3595 prototypis
1581 3508 2125 3574 transformantur
2167 3513 2562 3592 Ἀριςτοκλῆς
2616 3514 3044 3598 Ἀρίςτυλλος,
3092 3516 3230 3595 Ἀμ-

663 3613 940 3694 φιάραος
982 3612 1245 3693 Ἄμφις,
1292 3610 1662 3697 disputatur
1708 3634 1917 3699 neque
1959 3611 2421 3699 metaplasmus
2468 3636 2508 3678 a
2550 3614 2923 3700 pathologia
2966 3614 3231 3681 exclusa

660 3714 818 3794 fuit,
874 3713 943 3776 in
995 3711 1075 3775 Il.
1120 3712 1224 3777 Pr.
1270 3715 1314 3778 Ε
1364 3713 1490 3777 299
1543 3716 1619 3780 τὸ
1676 3715 1815 3781 ἀλκί
1872 3718 2315 3795 μεταπλαςμὸν
2371 3717 2566 3782 ἔπαθε
2624 3718 2755 3783 ἀπὸ
2812 3722 2924 3797 τῆς
2979 3723 3231 3797 δοτικῆς

591 3802 604 3817 ’
663 3815 902 3881 dicitur
962 3823 1028 3879 et
1093 3814 1624 3881 adnotamentum
1686 3818 1753 3881 in
1819 3816 2035 3902 Epim.
2083 3816 2192 3881 Cr.
2238 3816 2272 3880 I
2325 3817 2439 3899 65,
2500 3818 2573 3881 11
2644 3818 2725 3882 dc
2778 3821 2972 3896 Ἄϊδι,
3030 3822 3230 3903 κλαδί,
3311 3831 3319 3837 ’

664 3920 886 3994 κλαγγί
941 3940 1043 4003 ap.
1093 3917 1368 4002 Ibycum
1424 3939 1507 3981 ex
1561 3916 1726 3984 libro
1780 3922 1928 3998 περὶ
1980 3925 2204 3987 παθῶν
2261 3928 2591 4005 sumptum
2646 3922 2908 4006 opinor,
2964 3930 3231 4007 propter

619 4034 632 4043 '
662 4042 978 4105 syncopes
1026 4020 1458 4105 suspicionem
1502 4020 1566 4084 in
1609 4019 1776 4085 libro
1806 4024 1953 4102 περὶ
1994 4028 2218 4089 παθῶν
2262 4033 2832 4088 commemoratum
2875 4022 3001 4087 fuit
3045 4023 3229 4099 ἔγκα-

659 4145 752 4189 ςιν
798 4144 882 4187 ex
925 4123 1212 4199 ἐγκάτοις
1255 4145 1373 4207 per
1415 4123 1911 4209 metaplasmum
1956 4132 2167 4189 ortum
2212 4125 2374 4190 Zon.
2422 4124 2566 4189 603.

840 4223 1147 4289 Similiter
1223 4233 1416 4309 atque
1480 4225 1801 4291 ἐπέκταςις
1869 4227 2355 4311 ἐπεκτείνεςθαι,
2421 4229 2773 4308 παραγωγή
2840 4230 3229 4307 παράγεςθαι

661 4336 1013 4413 usurpatur
1054 4329 1391 4406 παρέλκειν
1438 4324 1542 4411 (ΙΙ.
1577 4327 1685 4391 Pr.
1733 4329 1795 4393 Π
1825 4327 1953 4393 445
1996 4329 2147 4395 ὅνδε
2191 4330 2594 4406 παρέλκοντα
2637 4328 2767 4409 ἔχει
2807 4330 2923 4397 τὸν
2968 4331 3039 4394 δέ
3084 4331 3226 4395 ςύν-

661 4436 924 4511 δεςμον,
991 4429 1047 4492 Υ
1091 4428 1213 4492 357
1270 4431 1625 4495 τοςςουςδ’;
1694 4430 1757 4495 οἱ
1810 4432 2072 4496 πλείους
2125 4433 2453 4509 παρολκὴν
2511 4432 2874 4497 ἐξεδέξαντο
2932 4436 3048 4497 τοῦ
3102 4433 3225 4517 δέ).

661 4531 792 4596 Sed
836 4552 969 4596 vox
1013 4531 1313 4614 ἐπιβολὴ,
1360 4552 1523 4615 quae
1567 4530 1634 4594 in
1679 4531 1759 4595 E.
1804 4531 1894 4596 M.
1945 4532 2089 4613 783,
2133 4531 2219 4595 20
2261 4534 2732 4612 ὑποπετριδίων
2779 4532 3051 4611 ὀνείρων
3106 4531 3229 4598 hoc

661 4655 788 4697 uno
831 4632 975 4699 loco
1021 4632 1373 4719 reperitur,
1421 4644 1726 4719 corrupta
1768 4632 2049 4699 videtur.
2080 4672 2163 4680 ——
2194 4633 2443 4697 Nomen
2474 4635 3053 4716 προςχηματιςμός,
3099 4657 3226 4720 quo

661 4734 1036 4800 Lobeckius
1079 4734 1512 4800 accessionem
1557 4733 1848 4820 syllabae
1902 4737 1970 4798 in
2022 4735 2150 4799 fine
2205 4734 2589 4822 appellavit,
2645 4737 3076 4822 posteriorum
3120 4734 3226 4800 de-

663 4832 838 4900 mum
881 4846 980 4901 est
1020 4836 1583 4921 grammaticorum
1626 4838 1712 4902 cf.
1756 4836 1962 4902 Lehrs
2006 4836 2248 4902 Herod.
2294 4861 2358 4923 p.
2404 4837 2502 4901 94.
