3664 5546
1167 277 1326 334 ΠΕΡΙ
1366 275 1759 332 ΚΑΘΟΛΙΚΗ(
1783 276 2207 333 ΠΡΟΕΩιΔΙΑ(
2245 276 2324 331 ΙΑ.
2926 273 3052 340 271

462 449 600 527 δικὴ
653 449 766 526 τῆς
819 448 1002 514 ἐκτὸς
1070 448 1332 526 Γάγγου.
1425 449 1646 513 Γίττα
1698 448 1887 513 πόλις
1938 446 2380 525 Παλαιστίνης.
2466 444 2796 526 Πολύβιος
2850 443 3052 510 ἑκκαι-

462 552 723 616 δεκάτω.

626 706 665 742 ὓ
712 687 808 752 Τὰ
875 686 962 754 εἰς
1026 691 1109 752 ’ῖᾶ
1175 687 1338 765 ὑπὲρ
1404 686 1524 752 δύο
1591 685 1906 768 ςυλλαβὰς
1980 685 2543 766 μακροκατάληκτα
2606 684 3052 764 παροξύνεται,

461 784 864 868 Ἀρτεμίτα
917 792 1109 867 νῆςος
1162 788 1516 868 Τυρρηνικὴ
1571 789 1747 867 παρὰ
1801 791 1918 868 τὴν
1975 788 2310 853 Αἰθάλειαν
2375 790 2603 869 νῆςον,
2671 787 2761 851 ὡς
2816 785 3048 849 Φίλων.

463 890 552 956 ὧς
607 893 679 956 δὲ
738 890 1036 972 (τράβων
1093 888 1206 972 (16
1259 911 1323 974 p.
1382 887 1535 973 744)
1601 891 1788 955 πόλις
1853 891 2257 969 Παρθυαίων.
2361 889 2399 953 ὁ
2464 891 2536 954 δὲ
2596 888 3051 968 Ἀρτεμίδωρός
3078 894 3111 946 5

459 1014 681 1077 φηςιν,
740 993 837 1058 ὅτι
883 991 1269 1071 χερρόνηςος
1310 992 1459 1070 περὶ
1500 992 1617 1070 τὴν
1663 991 1936 1073 ἐκβολὴν
1989 995 2106 1056 τοῦ
2152 991 2475 1074 Ἀχελῴου
2527 993 2823 1070 ποταμοῦ
2869 992 3052 1065 λεγο-

459 1095 615 1175 μένη
658 1094 998 1174 Ἀρτεμίτα.
1089 1095 1212 1160 ἔςτι
1256 1094 1360 1158 καὶ
1403 1093 1670 1172 πληςίον
1728 1097 1861 1159 τῶν
1907 1093 2167 1159 Ὀξειῶν
2210 1093 2425 1171 νήςων
2478 1094 2669 1169 νῆςος
2714 1091 3051 1170 Ἀρτεμίτα.

458 1185 708 1262 Ῥιανός
738 1194 795 1275 η’
826 1197 1222 1260 Θεςςαλικῶν
1256 1195 1511 1273 «νήςοις
1542 1194 1801 1279 Ὀξείῃςι
1843 1196 1947 1259 καὶ
1975 1194 2296 1288 Ἀρτεμίτῃ
2336 1194 2754 1275 ἐπέβαλλον».
2800 1192 3051 1269 Φουρ-

457 1299 631 1362 νίτα
676 1293 864 1362 πόλις
907 1297 1153 1377 Λιβύης.
1224 1297 1575 1376 Κοτύρτα
1618 1296 1861 1376 χωρίον
1906 1296 2290 1361 Λακωνικόν.
2351 1295 2745 1374 Θουκυδίδης
2792 1292 2882 1376 (4,
2913 1291 3051 1376 56).

457 1400 536 1463 τὰ
581 1400 653 1463 δὲ
699 1398 1257 1479 βραχυκατάληκτα
1300 1399 1890 1480 προπαροξύνεται,
1949 1397 2252 1480 δίαιτα,
2293 1398 2602 1478 Ἕρβιτα
2651 1397 2838 1461 πόλις
2885 1394 3051 1459 (uce-
3089 1402 3155 1453 10

461 1500 611 1565 λίας.
656 1500 942 1580 Ἔφορος
972 1501 1083 1579 κη’.
1128 1500 1439 1576 Ἐγεςτα
1468 1501 1655 1565 πόλις
1686 1499 1997 1582 (ικελίας,
2042 1499 2199 1563 ἔνθα
2228 1500 2427 1578 θερμὰ
2458 1499 2658 1564 ὕδατα
2694 1498 2786 1564 ὥς
2816 1498 3049 1562 Φίλων.

459 1601 589 1666 ἀπὸ
636 1602 928 1679 Ἐγέςτου
973 1604 1091 1666 τοῦ
1135 1602 1372 1680 Τρωός.
1429 1600 1779 1666 Λάδεςτα
1823 1600 1930 1680 μία
1972 1605 2104 1666 τῶν
2148 1600 2542 1683 Λιβυρνίδων
2588 1602 2816 1679 νήςων.
2875 1599 3049 1675 λέγε-

455 1723 556 1766 ται
600 1705 704 1767 καὶ
746 1703 1082 1768 Λάδεςτον.
1158 1703 1548 1783 Θεόπομπος
1592 1700 1691 1767 κα’
1730 1702 2148 1778 Φιλιππικῶν.
2222 1693 2654 1779 Α’ὔγουςται
2711 1702 2931 1766 πόλεις
2976 1699 3048 1764 ἐν

461 1805 696 1888 Κιλικίᾳ
750 1805 854 1867 καὶ
908 1804 1148 1888 Ἰταλίᾳ.
1237 1804 1651 1885 Εὔφραντα
1702 1804 1889 1868 πόλις
1944 1804 2209 1887 Λιβυκή,
2255 1804 2670 1883 Ἀλέξανδρος
2729 1803 2800 1868 ἐν
2855 1803 3047 1885 τρίτῳ

456 1905 760 1987 Λιβυκῶν.
3087 1911 3150 1961 15

626 2043 719 2108 Τὰ
777 2043 883 2108 διὰ
947 2046 1065 2106 τοῦ
1120 2045 1227 2106 (ῖιᾶ
1291 2043 1395 2107 καὶ
1460 2043 1565 2107 ῡῖᾶ
1628 2043 1974 2123 διςύλλαβα
2034 2045 2579 2127 προπεριςπᾱται,
2644 2044 2857 2123 μαῖα·
2923 2040 3050 2106 ἔςτι

454 2144 558 2209 καὶ
600 2145 787 2209 πόλις
829 2142 1315 2227 Ἑλληςποντία,
1370 2148 1557 2220 γαῖα
1611 2143 1744 2209 ἀπὸ
1799 2148 1919 2209 τοῦ
1962 2148 2074 2228 γῆ,
2132 2143 2298 2227 αἶα,
2353 2144 2516 2223 ὅπερ
2560 2144 2691 2209 ἀπὸ
2737 2148 2855 2208 τοῦ
2899 2144 3053 2219 γαῖα

455 2247 684 2323 γέγονε
729 2245 889 2310 κατὰ
933 2243 1267 2325 ἀφαίρεςιν
1312 2250 1431 2310 τοῦ
1476 2249 1546 2328 Ῠ,
1603 2246 1729 2310 ἔςτι
1776 2248 1848 2309 δὲ
1892 2247 1995 2310 καὶ
2037 2244 2180 2310 Αἶα
2223 2246 2411 2311 πόλις
2459 2239 2750 2325 Κόλχων·
2809 2246 2933 2311 ἔςτι
2978 2245 3051 2309 δὲ

456 2349 557 2426 καὶ
602 2347 948 2412 Θετταλίας
992 2346 1187 2430 ἄλλη,
1247 2346 1321 2426 ἧς
1367 2348 1670 2428 μέμνηται
1717 2346 2084 2430 (οφοκλῆς,
2139 2351 2250 2424 τῆς
2301 2348 2621 2426 προτέρας
2666 2348 2874 2422 λέγων
2922 2346 3052 2432 «εἰς

454 2447 614 2514 Αἶαν
657 2448 953 2532 πλέων»,
999 2451 1111 2525 τῆς
1156 2449 1229 2512 δὲ
1274 2450 1575 2527 δευτέρας
1607 2448 1816 2514 οὕτως
1863 2450 2069 2514 «ἔςτιν
2114 2470 2207 2513 τις
2235 2448 2357 2513 Αἶα
2387 2449 2726 2515 Θεςςαλῶν
2770 2451 3049 2526 παγκλη-
3085 2455 3154 2506 20

461 2550 620 2627 ρία».
717 2549 883 2614 ἔςτιν
937 2549 1059 2615 Αἶα
1121 2551 1224 2615 καὶ
1299 2550 1703 2615 Μακεδονίας
1768 2552 1972 2634 πηγή,
2041 2551 2131 2646 ὡς
2197 2550 2565 2630 Ἀντίμαχος
2630 2551 2700 2614 ἐν
2769 2551 3051 2630 Θηβαίδι.

458 2653 708 2729 γραῖα.
768 2651 891 2715 ἔςτι
937 2652 1039 2715 καὶ
1082 2652 1269 2717 πόλις
1300 2652 1627 2731 Ἐρετρίας.
1682 2654 1851 2717 τινὲς
1895 2655 1966 2717 δὲ
2011 2659 2086 2735 τῇ
2116 2651 2418 2737 Τανάγρῃ
2460 2654 2578 2731 τὴν
2623 2652 2830 2730 αὐτήν
2857 2672 3051 2732 φαςιν

457 2750 785 2832 ἀφαιρέςει
850 2755 963 2831 τῆς
1032 2752 1261 2837 ἀρχῆς,
1326 2751 1419 2819 ὧν
1490 2752 1582 2820 εἷς
1643 2754 1766 2819 ἐςτι
1823 2755 1925 2819 καὶ
1989 2753 2414 2839 Καλλίμαχος,
2483 2754 2912 2834 Ἀριςτοτέλης
2973 2755 3055 2819 δὲ

461 2855 690 2933 Γραῖαν
743 2856 860 2933 τὴν
919 2858 1036 2919 νῦν
1090 2854 1389 2934 Ὠρωπόν
1448 2856 1527 2934 «ἡ
1585 2858 1656 2921 δὲ
1711 2858 1902 2935 Γραῖα
1958 2858 2159 2921 τόπος
2216 2859 2327 2934 τῆς
2382 2855 2701 2934 Ὠρωπίας
2757 2857 2921 2936 πρὸς
2974 2863 3051 2941 τῇ

456 2955 730 3039 θαλάςςῃ
795 2956 942 3019 κατ’
986 2956 1304 3035 Ἐρέτριαν
1371 2961 1483 3035 τῆς
1543 2958 1809 3038 Εὐβοίας
1875 2959 2187 3039 κειμένη».
2288 2957 2504 3022 Φαῖα.
2602 2958 2800 3023 Ζαῖα
2865 2959 3051 3023 πόλις
3083 2968 3153 3018 25

457 3057 762 3123 Βοιωτίας
817 3056 1208 3137 ἀρχαιοτάτη
1261 3059 1365 3124 καὶ
1420 3060 1524 3124 διὰ
1578 3063 1696 3124 τοῦ
1739 3061 1775 3123 ’ἑ
1818 3061 1922 3125 καὶ
1966 3061 2072 3125 διὰ
2114 3063 2226 3137 τῆς
2268 3063 2334 3123 ffi
2379 3060 2755 3141 διφθόγγου.
2832 3060 3047 3125 Θυῖα.

456 3161 675 3237 μυῖα.”

624 3293 719 3358 Τὰ
762 3292 859 3359 εἷο
880 3298 934 3359 ’ᾶ
977 3296 1480 3377 ςυνεςταλμένον
1511 3301 1835 3377 μονογενῆ
1880 3298 2043 3376 ὑπὲρ
2089 3297 2208 3363 δύο
2247 3298 2562 3380 ςυλλαβὰς
2589 3272 3050 3378 παραλήγοντα

589 3616 627 3670 l.
661 3622 694 3669 3
728 3615 873 3669 huuc
908 3624 1174 3672 eaflonem
1212 3636 1280 3672 ex
1315 3620 1628 3673 nominibus
1666 3639 1700 3673 a
1739 3621 1822 3673 St.
1859 3623 1922 3674 B.
1959 3622 2154 3675 relatis
2189 3625 2494 3690 composui,
2532 3623 2600 3674 de
2641 3620 2938 3688 Ἀρτεμίτα
2975 3623 3048 3674 cf.

453 3684 622 3736 Mein.
659 3685 843 3740 Anall.
881 3688 1040 3738 Alex.
1068 3689 1164 3739 189
1200 3694 1316 3743 not.
1363 3690 1447 3740 De
1487 3688 1797 3752 Αὔγουςται
1837 3690 2030 3742 Choer.
2056 3695 2174 3754 326,
2211 3696 2268 3743 9:
2308 3691 2600 3754 Αὺγούςτα
2639 3692 2820 3755 ὄνομα
2855 3690 3049 3756 κύριον

452 3751 729 3816 Δωρικῶς
764 3753 1081 3818 τραπέντος
1116 3758 1220 3807 τοῦ
1258 3771 1292 3819 η
1331 3754 1410 3808 εἰς
1446 3760 1508 3821 ἃ,
1548 3757 1843 3821 Αὐγοῦςτα
1879 3757 1940 3810 δὲ
1977 3757 2071 3811 ἐπὶ
2105 3762 2209 3825 τῆς
2247 3758 2518 3824 βαςιλίδος
2557 3758 2836 3812 Ἰταλικῶς
2872 3762 2974 3811 τοῦ
3013 3764 3047 3823 ῆ

455 3817 532 3872 εἰς
577 3824 614 3871 ἃ
660 3820 1063 3875 coetuum-oc.»
1115 3824 1291 3875 Omisi
1328 3823 1592 3888 Ἀςβύςτα
1637 3826 1802 3879 πόλις
1849 3826 2080 3892 Λιβύης,
2121 3827 2152 3878 ὁ
2190 3827 2429 3893 πολίτης
2469 3827 2796 3892 Ἀςβύςτης,
2838 3827 2901 3878 de
2941 3844 3048 3893 quo

451 3889 722 3945 Meinek.:
758 3892 854 3940 <si
886 3890 1161 3955 Ἀςβυςτα
1197 3908 1395 3943 nomen
1433 3895 1586 3945 urbis
1626 3895 1760 3957 fuit,
1798 3895 2008 3961 gentile
2045 3896 2258 3961 Libyco
2295 3912 2440 3947 more
2487 3902 2637 3946 esset
2674 3894 3045 3960 Ἀςβυςτίτης,

455 3962 541 4007 est
576 3973 709 4009 vero
746 3963 1069 4010 constanter
1106 3958 1406 4024 Ἀςβύςται.
1477 3962 1669 4027 itaque
1714 3964 1839 4014 urbi
1883 3978 2098 4028 quoque
2144 3980 2346 4015 nomen
2382 3960 2668 4025 Ἀςβύςται
2715 3964 2886 4012 fuisse
2924 3979 3050 4012 con-

450 4024 640 4077 ficio».
748 4026 784 4077 l.
825 4028 887 4077 17
922 4028 1199 4092 proprium
1235 4027 1390 4079 Μαῖα
1427 4030 1614 4079 addidi
1649 4047 1718 4081 ex
1756 4032 1840 4081 St.
1876 4032 1969 4092 B..
2005 4032 2136 4092 γαῖα
2174 4032 2395 4097 explevi
2443 4046 2510 4079 ex
2549 4032 2629 4081 St.
2667 4032 2755 4087 B..
2801 4030 2896 4079 ubi
2931 4026 3009 4080 ἀπ

450 4094 555 4143 τοῦ
592 4094 664 4157 γῆ
701 4096 853 4155 γαῖα·
901 4094 992 4145 καί
1038 4098 1142 4146 τοῠ
1189 4099 1321 4158 γαῖα
1366 4096 1457 4147 καί
1502 4099 1607 4148 τοῦ
1653 4097 1819 4163 γραῖα
1868 4097 2040 4163 βραχὺ
2086 4097 2155 4148 τὸ
2192 4103 2255 4161 ἃ,
2294 4098 2381 4150 ὅτι
2416 4096 2714 4161 διςύλλαβα
2753 4094 2831 4147 ὡς
2869 4095 3042 4159 Μαῖα,

452 4157 614 4211 Φαῖα.
652 4188 717 4196 -
754 4160 852 4211 αἶα
889 4162 1080 4212 addidi
1118 4180 1185 4213 ex
1223 4164 1468 4230 Theogn.
1508 4168 1634 4228 102,
1677 4170 1738 4216 19
1778 4166 1982 4216 collato
2020 4166 2097 4215 St.
2135 4167 2224 4225 Β.,
2260 4168 2425 4229 γραῖα
2461 4181 2529 4215 ex
2565 4165 2839 4229 Theogn„
2881 4163 3045 4228 Γραῖα

455 4242 521 4276 ex
558 4228 641 4278 St.
676 4229 738 4279 B.
777 4245 820 4281 s.
863 4228 1027 4292 Γραῖα
1064 4237 1122 4280 et
1158 4229 1449 4296 Τάναγρα;
1488 4231 1636 4285 Φαῖα
1685 4250 1753 4282 ex
1789 4233 2035 4296 Theogn.
2081 4238 2136 4282 et
2184 4234 2264 4285 St,
2300 4234 2389 4295 B.,
2434 4233 2568 4282 item
2601 4230 2772 4294 Ζαῑα,
2821 4231 2889 4281 de
2934 4248 3043 4296 quo

453 4295 533 4347 St.
581 4297 670 4350 B.:
715 4294 859 4347 Ζαῖα
908 4296 1072 4349 πόλις
1118 4297 1389 4350 Βοιωτίας
1435 4298 1801 4364 ἀρχαιοτάτη·
1852 4298 2209 4362 Ἡρωδιανὸς.
2289 4300 2599 4363 Dieyllabis
2645 4302 2704 4349 in
2748 4301 2840 4350 υῖα
2884 4299 3046 4351 addit

452 4362 698 4429 Theogn.
737 4360 857 4427 υἷα,
898 4365 1044 4428 quod
1081 4366 1224 4416 idem
1260 4368 1481 4417 videtur
1516 4373 1686 4432 atque
1724 4368 1851 4418 θυῑα
1897 4368 1966 4416 cf.
2006 4368 2143 4417 Lob.
2183 4368 2267 4418 El.
2303 4368 2331 4417 I
2368 4370 2465 4417 103
2502 4375 2555 4417 et
2589 4368 2647 4417 ΙΙ
2682 4369 2764 4418 27.
2837 4368 3044 4417 Differt

454 4429 521 4480 ab
558 4430 663 4480 hac
698 4447 889 4483 norma
925 4437 1187 4484 accentus
1222 4435 1615 4485 vocabulorum
1654 4432 1790 4485 Βαία
1828 4432 1960 4498 ὄρος
1988 4431 2377 4499 Κεφαλληνίας
2413 4431 2528 4484 ἀπὸ
2566 4431 2735 4485 Βαίου
2771 4433 3036 4499 κυβερνή-

450 4510 554 4547 του
594 4496 900 4551 Ὀδυςςέως
937 4505 995 4550 et
1032 4498 1184 4552 Ῥαία
1230 4500 1393 4554 πόλις
1430 4500 1637 4564 μεταξὺ
1676 4499 1912 4553 (κυθίας
1950 4501 2040 4553 καὶ
2078 4501 2373 4567 Ὑρκανίας
2410 4518 2499 4567 ap.
2537 4500 2618 4552 St.
2653 4504 2716 4552 B.
2756 4517 2797 4551 s.
2838 4518 2927 4551 vv.
2967 4503 3039 4557 cf.

388 4604 393 4611 .
455 4562 520 4613 de
560 4565 660 4623 hoo
697 4583 908 4617 canone
945 4568 1135 4618 Dichr.
1175 4571 1292 4632 288,
1330 4571 1397 4620 25
1433 4585 1555 4620 cum
1593 4570 1811 4618 Lehrsii
1851 4569 2236 4620 adnotatione.
2341 4570 2376 4620 1.
2414 4571 2480 4620 28
2515 4569 2740 4621 Arcadii
2779 4584 3044 4620 canonem

454 4633 675 4683 uomina
710 4635 768 4684 in
803 4639 921 4698 ἇΐᾱ,
961 4636 1072 4699 ἓῖἇ,
1112 4638 1227 4699 ὄῖᾱ,
1265 4641 1357 4688 Um
1396 4636 1851 4700 complectentem
1897 4637 1954 4687 in
1992 4643 2253 4702 quattuor
2298 4643 2488 4703 partes
2532 4637 2818 4699 distribui,
2865 4638 2947 4686 ita
2981 4644 3044 4688 ut

455 4697 522 4749 de
573 4716 684 4751 una
730 4718 949 4768 quaque
995 4708 1261 4769 quattuor
1304 4704 1766 4770 diphthongorum
1810 4707 2169 4769 praecipuum
2221 4712 2577 4771 praeceptum
2630 4706 3044 4757 constituerem.

450 4768 726 4821 Arcadius
757 4786 927 4821 unum
963 4775 1178 4821 tautum
1213 4771 1271 4822 in
1304 4776 1403 4824 ᾱῑᾶ
1437 4786 1634 4822 nomen
1661 4772 1917 4838 proponit
1940 4771 2225 4836 Πλάταια;
2266 4773 2519 4840 equidem
2554 4775 2741 4840 recepi
2774 4774 3047 4826 vocabula
