3664 5546
694 411 821 483 510
1624 411 1706 473 εκ
1743 413 1884 473 ‘mn
1927 411 2334 473 ΗΡΩΔιΑΝοΥ

858 610 895 646 x
945 589 1153 655 Οὐδὲν
1211 589 1299 654 εἰς
1356 594 1476 653 ὀυᾮ
1531 589 1869 672 ἐπίρρημα,
1927 588 2092 654 ἀλλὰ
2148 590 2350 669 μόνον
2404 590 2481 654 τὸ
2516 588 2861 668 ἀθροῦν·
2949 588 3109 668 ὅπερ
3163 588 3267 654 καὶ

692 690 1049 756 ἐπεκτάςεςι
1104 695 1455 770 ποιητικαῖς
1487 691 1802 770 ’κέχρηται
1858 691 1957 754 καὶ
2010 690 2346 770 παραθέςει
2402 691 2646 770 ἄρθρου
2698 691 2911 757 ἑνικοῦ
2961 692 3064 756 καὶ
3104 694 3265 770 πλη-

691 798 1003 860 θυντικοῦ.
1089 798 1512 873 παραιτοῦμαι
1570 795 1641 858 δέ
1698 792 2054 877 αἰςχοῡν,
2122 793 2160 857 ὃ
2226 793 2463 872 εἴρηται
2520 792 2693 871 παρὰ
2747 799 2839 877 τῷ
2903 794 3058 858 τούς
3110 793 3265 859 εἴλω

690 896 1017 976 ταςαίμην·
1063 895 1229 960 ἀλλὰ
1272 900 1534 976 μιςχοῦν
1579 895 1947 974 καθήμενοι·
1993 894 2131 959 ἐπεὶ
2175 893 2524 975 ὀνοματικά
2568 895 2714 959 ἐςτι.

630 1042 662 1091 5
861 1032 954 1097 Τὰ
1011 1033 1098 1097 εἰς
1139 1018 1174 1098 ξ
1218 1033 1498 1112 λήγοντα
1542 1032 1933 1113 ἐπιρρήματα
1976 1029 2301 1097 ὀξύνεςθαι
2345 1032 2512 1096 θέλει
2556 1031 2725 1110 πλὴν
2755 1036 2886 1096 τῶν
2929 1029 3060 1095 ἀπὸ
3104 1051 3262 1110 προ-

690 1134 949 1199 θέςεως·
993 1137 1190 1198 ταῦτα
1218 1136 1342 1214 γὰρ
1375 1137 1729 1219 βαρύνεται,
1774 1133 2041 1216 εὐράξ,
2086 1133 2410 1217 μουνάξ,
2457 1132 2727 1216 ὀκλάξ,
2772 1132 2989 1216 ὀδάξ,
3036 1132 3263 1198 ἐναλ-

692 1235 857 1319 λάξ,
903 1236 1275 1319 αὐτοδάξ,
1322 1236 1618 1321 ἐπιτάξ,
1664 1237 1882 1320 κοάξ,
1930 1236 2316 1318 ὑποδράξ,
2364 1235 2851 1317 ἰατταταιόιξ,
2897 1236 3262 1317 διαμπάξ,

692 1338 1085 1420 βεβρεκέξ,
1129 1339 1433 1422 κουρίξ,
1479 1337 1739 1423 ἀπρίξ,
1772 1338 2078 1422 ἀναμίξ,
2114 1338 2386 1419 ἐπιμίξ.
2441 1337 2516 1402 τὸ
2548 1339 2619 1400 δὲ
2661 1336 2884 1415 πέριξ
2929 1337 3262 1417 βαρύνεται

689 1438 820 1503 ἀπὸ
866 1441 1229 1518 προθέςεως
1289 1439 1368 1506 ὄν
1423 1442 1525 1506 καὶ
1576 1441 1846 1521 πάρεξ·
1900 1441 1976 1505 τὸ
2033 1441 2103 1504 δὲ
2159 1440 2354 1519 πάρεξ
2413 1438 2850 1520 βαρυνόμενον
2905 1440 3007 1503 καὶ
3049 1444 3263 1521 γενικῇ

591 1528 1197 1621 10’ςυνταςςόμενον
1243 1542 1372 1620 ἔχει
1417 1564 1474 1607 τι
1519 1541 1925 1625 παράςημον,
1973 1543 2064 1607 ὡς
2108 1543 2208 1607 καὶ
2250 1542 2424 1621 παρὰ
2468 1542 2587 1605 δύο
2618 1543 2947 1621 προθέςεις
2991 1540 3262 1618 ἐγένετο.

691 1642 887 1707 ὁπότε
942 1644 1065 1723 γὰρ
1124 1643 1443 1727 ὀξύνεται,
1501 1645 1580 1709 οὐ
1637 1648 1849 1727 φαμεν
1904 1643 2068 1710 εἶναι
2121 1643 2462 1727 ἐπίρρημα,
2525 1643 2692 1709 ἀλλὰ
2747 1645 2865 1708 δύο
2922 1644 3261 1722 προθέςεις.

690 1746 1108 1826 ςημειούμεθα
1163 1748 1234 1809 δὲ
1287 1747 1389 1809 καὶ
1444 1748 1519 1836 τὸ
1576 1746 1774 1812 ἅπαξ
1821 1747 2276 1828 βαρυνόμενον.
2365 1747 2465 1810 διὸ
2521 1745 2592 1811 ἐν
2636 1752 2712 1831 τῇ
2757 1746 3035 1812 ςυντάξει
3081 1765 3262 1825 μετα-

692 1848 993 1928 λαμβάνει
1069 1847 1184 1913 τόν
1261 1846 1429 1913 ἴδιον
1504 1848 1701 1914 τόνον
1776 1847 2253 1930 ἁπαξᾶπαντες,
2330 1847 2725 1915 ἁπαξὰπλῶς
2792 1849 3262 1929 κεκοιμιςμένου

689 1952 806 2013 τοῦ
849 1949 1063 2015 τόνου.
1601 1955 1604 1956 ’

688 2260 747 2308 in
781 2260 921 2311 libro
958 2259 1086 2324 περὶ
1124 2259 1383 2323 μετοχῶν
1419 2259 1730 2310 accuratius
1767 2259 1835 2311 de
1872 2257 2058 2323 χρεών
2106 2263 2164 2309 et
2196 2256 2383 2311 ἀκέων
2429 2259 2747 2325 exposuisse
2797 2259 2959 2320 dicit,
3007 2257 3265 2309 concludi

685 2333 874 2394 potest
917 2329 1085 2379 etiam
1131 2327 1508 2378 Herodianum
1548 2328 1653 2380 hoc
1700 2325 1891 2379 ἀκέων
1936 2327 2275 2392 gravandum
2321 2329 2629 2390 censuisse,
2674 2344 2783 2378 non
2828 2327 3155 2389 acuendum,
3200 2334 3265 2376 ut

688 2402 776 2446 est
809 2413 895 2462 ap.
935 2397 1179 2461 Theogn.
1385 2395 1425 2449 l.
1465 2400 1490 2445 1
1538 2411 1801 2446 canonem
1840 2396 1907 2446 de
1945 2395 2224 2446 adverbiis
2271 2397 2330 2446 in
2365 2399 2468 2446 οὖν
2510 2397 2719 2448 inserui
2761 2412 2829 2446 ex
2865 2397 3010 2446 Mon.
3045 2397 3140 2458 26,
3176 2397 3263 2456 24,

688 2481 848 2530 quem
890 2464 1067 2514 locum
1111 2480 1232 2514 cum
1277 2463 1508 2514 Lehrsio
1555 2464 1823 2514 intactum
1870 2462 2091 2528 reliqui;
2151 2463 2402 2515 adverbii
2446 2463 2654 2515 οὔκουν
2698 2464 2809 2513 alio
2853 2463 3001 2529 loco,
3047 2463 3145 2513 ubi
3194 2463 3263 2512 de

685 2533 1160 2584 coniunctionibus
1198 2534 1344 2596 egit,
1382 2533 1715 2583 mentionem
1753 2533 1892 2583 fecit
1925 2531 2028 2597 Ep.
2058 2531 2146 2582 Cr.
2172 2533 2228 2583 11
2264 2535 2389 2585 395:
2426 2532 2635 2583 οὔκουν
2672 2530 2821 2583 ἐςτίν
2857 2529 3136 2596 ἐπίρρημα
3169 2528 3264 2594 ἀρ-

686 2616 899 2682 νήςεως
944 2615 1069 2668 ἀντὶ
1104 2619 1208 2668 τοῦ
1245 2614 1522 2679 οὐδαμῶς.
1671 2616 1708 2668 l.
1734 2620 1765 2668 5
1802 2617 2068 2668 adverbia
2104 2619 2162 2667 in
2196 2619 2223 2670 ξ
2249 2618 2502 2669 ordinavi
2524 2617 2821 2669 secundum
2845 2615 3263 2683 praecedentem

686 2703 950 2753 vocalem.
994 2730 1063 2740 -
1109 2699 1274 2767 εὐράξ
1321 2703 1506 2767 recepi
1552 2718 1620 2751 ex
1664 2702 1733 2754 11.
1777 2701 1868 2752 Pr.
1910 2699 1953 2751 Λ
2001 2704 2128 2752 257ε
2175 2700 2340 2767 εὐράξ
2387 2700 2670 2766 ὀξύνεται,
2718 2700 2914 2754 καθότι
2957 2700 3029 2753 τὰ
3072 2698 3153 2752 είς
3183 2687 3263 2752 ἀξ

688 2769 940 2835 λήγοντα
977 2767 1328 2835 ἐπιρρήματα
1365 2768 1621 2823 ὀξύνεται
1668 2768 2092 2834 ὑπεςταλμένου
2136 2772 2239 2821 τοῦ
2285 2769 2457 2823 ducti·
2507 2768 2758 2835 ςημαίνει
2802 2769 2863 2822 δέ
2907 2768 2976 2822 τό
3023 2766 3084 2821 ἐκ
3122 2769 3263 2821 πλα-

686 2837 839 2901 γίου;
888 2837 1095 2901 μουνάξ
1141 2855 1208 2889 ex
1253 2839 1435 2889 Sehol.
1483 2839 1572 2889 ad.
1611 2837 1714 2889 Od.
1759 2841 1794 2889 θ
1840 2842 1938 2891 371
1987 2837 2220 2901 μουνάξ;
2270 2837 2580 2902 ὀξυτόνωςς
2630 2838 2799 2891 ὀκλάξ
2844 2865 2911 2875 --
2955 2836 3149 2890 ἐπιτάξ
3196 2854 3264 2888 ex

684 2925 831 2974 Mon.
857 2928 940 2985 25,
977 2926 1037 2973 6:
1074 2921 1147 2974 τὰ
1183 2921 1262 2975 εἰς
1297 2925 1362 2977 αξ
1398 2922 1648 2988 λήγοντα
1674 2921 2024 2988 ἐπιρρήματα
2049 2922 2335 2976 ὀξύνεςθαι
2364 2922 2540 2988 θέλει,
2580 2921 2837 2976 ὀκλάξ-
2861 2920 3068 2975 ἐπιτάξ.
3117 2920 3262 2974 ἀλλὰ

688 2990 865 3056 μόνον
889 2991 959 3043 τὸ
983 2990 1129 3044 ἅπαξ
1167 2990 1487 3056 βαρύνεται,
1527 2990 1669 3056 ὅπερ
1704 2989 1765 3042 ἐν
1793 2990 2043 3043 ςυντάξει
2067 2994 2169 3042 τοῦ
2195 2990 2443 3043 ἅπαντες
2480 2991 2514 3056 ἢ
2548 2989 2745 3042 ἁπλῶς
2769 2989 3004 3043 ἐκκλίνει
3027 2990 3134 3040 τόν
3166 2990 3261 3042 τό·

686 3074 788 3110 νον
825 3059 955 3112 ώςεί
993 3058 1248 3112 ὀξύνοιτο
1272 3059 1342 3111 τὸ
1378 3058 1541 3111 ἅπαξ.
1610 3058 2007 3111 ἁπαξᾶπαντες
2040 3058 2147 3124 γὰρ
2183 3059 2419 3122 λέγομεν
2455 3059 2546 3111 καὶ
2580 3057 2925 3111 ἁπαξὰπλῶς
2960 3057 3022 3110 ἐν
3055 3062 3127 3124 τῇ
3153 3056 3261 3109 ἀνὰ

686 3131 842 3193 χεῖρα
878 3126 1064 3196 ὁμιλίᾳ
1098 3129 1170 3178 cf.
1208 3130 1307 3194 Ep.
1345 3127 1432 3178 Cr.
1455 3129 1482 3178 1
1521 3130 1633 3190 172,
1671 3130 1737 3178 32
1770 3127 1918 3179 unde
1955 3127 2147 3178 addidi
2179 3130 2349 3180 verba
2384 3126 2470 3179 διὸ
2504 3155 2575 3165 -
2607 3129 2711 3179 τοῦ
2746 3126 2945 3191 τόνου,
2981 3130 3099 3191 420,
3134 3128 3167 3176 6
3206 3135 3261 3177 et

685 3203 786 3247 An.
826 3196 928 3249 Ox.
965 3198 1019 3247 11
1054 3199 1173 3254 346,
1211 3199 1301 3259 ‘253
1339 3193 1577 3259 διαμπάξ
1615 3195 1808 3245 addidi
1846 3211 1912 3245 ex
1948 3197 2074 3246 Arc.
2112 3198 2228 3259 184,
2267 3199 2322 3258 1,
2358 3193 2521 3261 ἀπρίξ
2558 3194 2756 3259 ἀναμίξ
2795 3212 2861 3246 ex
2896 3197 3043 3245 Mon.
3076 3196 3162 3257 46,
3198 3198 3258 3245 4:

687 3279 870 3345 πέριξε
908 3278 981 3331 τὰ
1017 3276 1094 3331 εἰς
1122 3266 1176 3333 i}
1214 3279 1464 3345 λήγοντα
1509 3278 1858 3345 ἐπιρρήματα
1902 3281 2052 3343 φιλεῖ
2080 3262 2223 3332 Ιπαις
2271 3278 2584 3343 ὀξύνεςθαι,
2630 3278 2843 3344 κουρίξ,
2890 3276 3081 3344 ἀπρίξ,
3128 3277 3254 3331 ἀνα-

688 3346 790 3412 μίξ.
860 3346 1003 3399 ἀλλὰ
1037 3347 1107 3398 τὸ
1143 3347 1298 3413 πέριξ
1337 3348 1511 3413 μόνον
1548 3347 1843 3413 βαρύνεται
1881 3377 1944 3385 -
1981 3346 2162 3425 ἐ-πιμίξ
2201 3365 2267 3400 ex
2301 3348 2366 3400 11.
2403 3350 2490 3403 Pr.
2526 3347 2573 3400 Ξ
2609 3350 2696 3400 60:
2735 3344 2932 3411 ἐπιμίξ.
2982 3346 3256 3412 Ἀρίςταρ-

686 3447 782 3498 χος
824 3431 902 3485 ὡς
948 3430 1153 3497 κουρίξ.
1224 3432 1315 3483 καὶ
1364 3430 1597 3495 εἴπομεν
1645 3431 1733 3483 ὅτι
1776 3431 1849 3484 τὰ
1894 3430 1972 3484 εἰς
2009 3435 2054 3486 ιξ
2098 3431 2448 3498 ἐπιρρήματα
2490 3431 2772 3496 ὀξύνεται,
2823 3431 3255 3499 ςημειωςάμενοι
3300 3470 3306 3478 .

686 3500 756 3553 τό
793 3500 950 3566 πέριξ
989 3499 1387 3565 βαρυνόμενον.
1458 3498 1507 3550 Φ
1548 3502 1636 3551 16:
1673 3500 1803 3564 περὶ
1838 3503 1942 3551 τοῦ
1980 3499 2265 3553 ὀξύνεςθαι
2301 3500 2370 3552 τὸ
2408 3498 2590 3567 ἐπιμίξ
2638 3498 2870 3564 εἴπομεν
2904 3500 3012 3566 ἤδη
3049 3499 3254 3551 πολλά-

687 3584 786 3621 κις.
820 3597 887 3607 -
921 3569 955 3619 1.
994 3573 1025 3621 9
1060 3568 1129 3619 τὸ
1164 3567 1225 3619 δέ
1262 3566 1433 3633 πάρεξ
1471 3594 1538 3604 -
1571 3568 1606 3619 l.
1648 3571 1709 3620 10
1743 3567 1844 3620 δύο
1880 3568 2166 3633 προθέςεις
2203 3586 2271 3621 ex
2306 3571 2409 3635 Ep.
2446 3569 2535 3619 Cr.
2570 3570 2598 3619 1
2634 3571 2749 3629 380,
2786 3572 2843 3619 7:
2881 3568 3050 3634 φηςίν
3086 3566 3149 3619 ἐν
3182 3571 3252 3635 τῇ

688 3637 932 3689 καθόλου
969 3636 1001 3689 ό
1035 3636 1291 3701 τεχνικὸς
1325 3635 1520 3687 αὐταῖς
1557 3635 1754 3688 λέξεςιό
1788 3636 1859 3688 τὸ
1896 3636 2067 3702 πάρεξ
2106 3636 2488 3703 βαρυνόμενον
2523 3637 2641 3687 κτλ.
2665 3662 2729 3672 -
2752 3637 2837 3687 De
2863 3635 3035 3701 πάρεξ
3072 3636 3252 3703 dispu-

687 3722 830 3771 tavit
873 3727 1165 3787 praeterea
1209 3723 1268 3771 in
1310 3722 1457 3774 Mon.
1495 3724 1586 3784 25,
1623 3724 1714 3772 2οε
1761 3719 1960 3785 πάρεξ;
2011 3720 2177 3774 οὐδὲν
2220 3720 2298 3774 εἰς
2343 3723 2398 3774 εξ
2444 3720 2722 3787 ἐπίρρημα
2768 3721 3150 3786 βαρυνόμενον
3192 3720 3252 3772 ἐκ

688 3788 789 3839 δύο
827 3787 1152 3853 προθέςεων
1188 3788 1546 3855 ςυνεςτηκός,
1586 3788 1729 3853 ὅπερ
1766 3789 1858 3840 καὶ
1902 3793 2095 3857 γενικῇ
2141 3789 2289 3842 θέλει
2334 3788 2754 3853 ςυντάττεςθαι,
2799 3788 2942 3841 ἀλλὰ
2976 3788 3150 3857 μόνον
3184 3788 3250 3840 τὸ

688 3854 886 3920 πάρεξ·
924 3856 1014 3908 καὶ
1049 3855 1154 3921 γὰρ
1191 3855 1226 3919 ἡ
1266 3856 1525 3921 ςυνήθεια
1561 3855 1748 3908 οὕτως
1784 3856 1909 3908 ἔςθ’
1942 3857 2037 3909 ὅτε
2085 3858 2219 3923 φηςὶ
2255 3856 2469 3923 «πάρεξ
2508 3856 2953 3910 Ἀπολλωνίου».
3025 3856 3093 3909 ὃν
3126 3855 3249 3922 τρό·

686 3936 798 3976 πον
834 3924 924 3976 καὶ
961 3924 1260 3989 Ἡρόδοτος
1297 3923 1360 3976 ἐν
1395 3929 1465 3990 τῇ
1502 3922 1746 3989 τετάρτη
1784 3924 1897 3991 ἔφη
1934 3924 2149 3990 «πάρεξ
2185 3928 2287 3977 τοῦ
2325 3924 2594 3977 (κυθικοῦ
2633 3924 2883 3977 ἔθνεος».
2942 3925 3092 3991 παρὰ
3128 3925 3250 3989 μέν-
3300 3966 3309 3987 ,

685 4007 773 4044 τοι
818 3995 904 4058 τῷ
952 3996 1157 4059 ποιητῇ
1207 3992 1402 4057 ἕτερόν
1447 3993 1558 4044 ἐςτι
1602 3990 1672 4043 τὸ
1718 3974 2086 4056 ὀξυνόμενον·
2141 3992 2327 4045 «ἀλλὰ
2381 3992 2554 4057 παρὲξ
2597 3993 2706 4057 τὴν
2751 3996 2923 4059 νῆςον
2967 3992 3249 4057 ἐλαύνετε,

687 4060 859 4126 παρὲξ
896 4060 1205 4126 περιμήκεα
1239 4060 1470 4125 δοῦρα».
1540 4058 1754 4125 εἴρηται
1798 4061 1859 4113 δὲ
1907 4062 2033 4126 περὶ
2068 4060 2244 4113 αὐτοῦ
2291 4060 2353 4112 ἐν
2398 4064 2470 4127 τῇ
2508 4059 2775 4128 Ὁμηρικῇ
2823 4060 3122 4128 προςψδίᾳ.
3189 4063 3252 4112 ΙΙ.

685 4131 774 4179 Pr.
813 4129 823 4181 Ι
864 4133 892 4180 7
911 4147 924 4179 :
960 4129 1030 4181 τὸ
1066 4128 1236 4194 παρέξ
1273 4127 1426 4194 παρὰ
1458 4131 1544 4193 τῷ
1582 4134 1789 4194 ποιητῇ
1827 4129 1919 4181 καὶ
1952 4129 2052 4182 δύο
2089 4128 2227 4194 μέρη
2273 4129 2446 4193 λόγου
2482 4127 2621 4189 ἐςτί,
2666 4130 2759 4181 καὶ
2805 4127 3154 4193 ἐγκλίνονται
3194 4128 3249 4181 αἱ

685 4197 786 4249 δύο
821 4195 1135 4262 προθέςεις,
1185 4196 1271 4249 διὸ
1318 4196 1408 4248 καὶ
1445 4194 1714 4249 πολλάκις
1759 4196 2065 4262 εὑρίεκεται
2110 4196 2200 4248 καὶ
2242 4196 2331 4249 διὰ
2365 4199 2468 4248 τοῦ
2504 4200 2538 4248 ἰ
2573 4196 2820 4262 λήγουςα
2854 4197 2889 4262 ἡ
2938 4196 2994 4250 ἐξ
3030 4198 3249 4263 «παρὲκ

687 4264 827 4328 μέγα
861 4262 1070 4328 τειχίον
1106 4264 1284 4330 αὐλῆς
1320 4265 1446 4327 (Od.
1482 4279 1525 4316 π
1564 4264 1702 4330 165).
1773 4265 1885 4316 ἔςτι
1919 4265 1981 4317 δὲ
2015 4265 2113 4317 ὅτε
2147 4264 2217 4317 τὸ
2254 4264 2466 4331 νοητὸν
2502 4264 2787 4331 ἐπικρατεῖ
2820 4268 2924 4331 τῆς
2959 4264 3015 4318 ἐξ
3053 4265 3249 4331 προθέ-

687 4347 855 4396 ςεως,
895 4332 1019 4384 ἔςθ’
1053 4332 1150 4385 ὅτε
1188 4333 1278 4384 καὶ
1322 4333 1426 4398 τῆς
1461 4331 1628 4398 παρά.
1696 4332 1885 4384 «ἀλλὰ
1919 4331 2092 4398 παρὲξ
2128 4334 2236 4397 τὴν
2281 4336 2452 4398 νῆςον
2488 4332 2836 4387 ἐλαύνετον»
2873 4334 2999 4398 (Od.
3034 4349 3072 4397 μ
3108 4336 3247 4399 276),

684 4400 808 4453 «ὣς
842 4399 949 4465 ἄρα
986 4400 1293 4465 φωνήςαςα
1329 4399 1501 4465 παρὲξ
1539 4400 1713 4453 ὀδοῦ»
1750 4401 1837 4462 (11.
1876 4400 1913 4454 Κ
1950 4403 2090 4456 349).
2146 4400 2342 4454 ἐνθάδε
2379 4400 2481 4466 μὲν
2517 4401 2621 4454 οὖν
2656 4401 2873 4466 ἡγεῖται
2909 4401 2941 4453 ό
2979 4400 3247 4454 Ἀςκαλω-

685 4467 843 4534 νίτης
877 4468 1177 4534 παρέλκειν
1211 4469 1319 4532 τὴν
1355 4467 1533 4534 παρά,
1568 4466 1653 4519 ἵν’
1677 4468 1710 4533 ᾖ
1749 4467 1805 4521 ἐξ
1842 4467 1978 4521 ἁλός
2015 4468 2231 4532 (ἔξαλος
2265 4472 2580 4536 suspicatur
2602 4470 2817 4533 Lehrs).
2850 4468 3010 4521 ἄλλοι
3045 4471 3105 4523 δέ
3141 4470 3247 4534 τὴν

685 4536 836 4603 παρά
873 4535 1076 4601 κυρίως
1112 4538 1344 4600 κεῖςθαι,
1379 4534 1475 4587 ἵνα
1507 4534 1736 4601 γένηται
1772 4537 1907 4601 παρ’
1941 4536 2048 4588 ἅλα
2082 4540 2289 4602 φῦκος,
2326 4537 2419 4589 καὶ
2451 4539 2561 4602 τὴν
2596 4536 2652 4591 ἐξ
2690 4537 3068 4591 ςυντάςςεςθαι
3104 4538 3247 4603 πρὸς

683 4606 754 4661 τὸ
791 4604 1018 4669 ἔχευαν,
1057 4604 1199 4670 ὅπερ
1238 4604 1328 4657 καὶ
1365 4603 1606 4667 βέλτιον·
1645 4604 1777 4670 παρ’
1812 4604 1902 4657 ἁλὶ
1939 4607 2118 4670 φῦκος
2155 4605 2427 4671 ἐξέχευαν.
2497 4606 2638 4670 μετὰ
2680 4609 2820 4668 γοῦν
2853 4608 2956 4671 τῆς
2990 4605 3078 4657 διά
3112 4604 3245 4658 οὐςα

685 4688 720 4751 ή
761 4687 816 4741 ἐξ
865 4688 931 4740 οὐ
967 4688 1161 4753 τρέπει
1196 4689 1266 4743 τό
1302 4692 1328 4743 ξ
1365 4687 1515 4741 «διὲξ
1562 4690 1814 4755 ςωλῆνος
1852 4687 1930 4742 εἰς
1973 4688 2186 4753 ἄγγος»
2230 4691 2457 4756 (Archil.
2490 4692 2555 4742 E.
2590 4691 2667 4741 M.
2700 4693 2823 4748 324,
2861 4691 2965 4755 16).
3036 4690 3245 4755 Τυραν-

686 4756 827 4808 νίων
851 4757 911 4808 δὲ
939 4754 1000 4808 ἓν
1027 4757 1192 4821 μέρος
1234 4758 1408 4821 λόγου
1442 4757 1708 4823 ἦκουςεν,
1744 4756 1830 4808 ἵν’
1865 4758 1898 4823 ᾖ
1937 4756 2239 4824 ἐπίρρημα,
2276 4758 2367 4811 καὶ
2393 4758 2631 4823 βαρύνει.
2679 4758 2768 4810 καί
2792 4757 2902 4823 ἔχει
2929 4757 3125 4822 λόγον,
3164 4758 3243 4811 ὡς

686 4823 985 4888 Ἡρόδοτος
1022 4823 1084 4875 ἐν
1108 4817 1156 4876 δ’
1180 4823 1291 4889 (46)
1329 4823 1544 4889 «πάρεξ
1579 4828 1684 4877 τοῦ
1722 4823 1993 4897 (Σκυθικοῦ
2029 4825 2221 4879 ἔθνεος
2233 4841 2276 4880 x».
2325 4826 2450 4879 ἀλλ’
2484 4825 2552 4877 οὐ
2588 4826 2724 4891 παρ’
2759 4824 3001 4894 Ὁμήρῳ.
3064 4827 3245 4881 Schol.

687 4893 758 4942 ad
792 4893 895 4943 Od.
925 4906 951 4942 ε
986 4895 1113 4943 439:
1150 4895 1287 4957 νῆχε
1324 4893 1519 4957 παρέξε
1559 4892 1831 4945 ὀξύτονον
1866 4894 1935 4944 τό
1971 4894 2160 4958 παρέξ.
