3664 5546
1152 392 1311 448 ΠΕΡΙ
1351 393 1743 449 ΚΑΘΟΛΙΚΗ(
1778 392 2201 449 ΠΡΟΕΩιΔΙΑ(
2235 392 2299 447 Ζ.
2910 394 3033 459 175

449 563 550 629 καὶ
593 564 632 627 Γ
633 563 818 629 όννοι
861 563 966 629 διὰ
1021 563 1141 630 δύο
1185 568 1269 629 W
1321 566 1439 644 τὴν
1495 564 1703 631 πόλιν.
1789 564 1996 641 γόννα
2047 565 2171 643 γὰρ
2227 563 2291 629 οἱ
2333 562 2581 629 Αἰολεῖς
2634 564 2715 627 τὰ
2767 563 3029 639 γόνατα.
3130 629 3137 639 ,

450 664 826 741 (ίγυννος
878 665 1067 746 πόλις
1108 665 1462 750 Αἰγύπτου,
1522 668 1615 733 ὼς
1670 668 1925 747 Κτηςίας
1981 667 2052 733 ἐν
2106 669 2347 751 πρώτῳ
2400 666 2747 745 περίπλων.
2834 667 2938 730 καὶ
2990 666 3029 730 6

446 768 708 848 πολίτης
762 767 1146 847 ὁμοφώνως.
1243 769 1677 848 Ἀργυννος
1742 768 1880 834 υἱὸς
1934 768 2289 847 Πειςιδίκης
2351 772 2463 846 τῆς
2517 767 2852 833 Λεύκωνος
2909 771 3029 833 τοῦ

447 870 834 950 Ἀθάμαντος
876 873 994 934 τοῦ
1039 869 1319 951 (ιςύφου
1363 875 1478 936 τοῦ
1522 871 1758 937 Αἰόλου
1802 871 2125 951 ἐρώμενος
2168 870 2672 952 Ἀγαμέμνονος,
2727 870 3028 952 Βοιωτός,

446 971 520 1036 ὃς
561 971 765 1038 ἀνιῶν
810 970 902 1037 εἰς
943 972 1061 1038 τὸν
1112 972 1425 1053 Κηφιςςὸν
1469 975 1752 1058 τελευτᾷ.
1840 973 1967 1054 ἀφ’
2011 970 2091 1037 οὗ
2144 972 2519 1051 Ἀργυννίδα
2571 974 2689 1051 τὴν
2734 972 3027 1051 Ἀφροδί·
3071 982 3104 1033 5

442 1095 558 1153 την
603 1073 908 1154 ἐτίμηςαν.
981 1074 1407 1153 τύραννος·
1463 1075 1721 1153 ἐγένετο
1766 1076 1839 1141 δὲ
1885 1074 2104 1141 οὕτως.
2171 1074 2297 1140 ἔςτι
2343 1074 2671 1153 Τυρρηνός
2722 1075 2825 1138 καὶ
2868 1073 3027 1153 Τυρ-

444 1176 640 1254 ρανός
686 1176 843 1241 κατὰ
885 1176 1154 1255 Δωρίδα
1199 1176 1566 1260 διάλεκτον,
1621 1176 1750 1257 ἀφ’
1795 1174 1876 1241 οὗ
1921 1178 2079 1242 κατὰ
2128 1175 2462 1257 ἀφαίρεςιν
2518 1177 2620 1240 καὶ
2661 1176 3028 1256 γράμματος

443 1278 772 1357 προςθέςει
828 1278 1149 1357 τύραννος
1193 1279 1442 1358 ἐκλήθη.
1529 1279 1952 1346 Φάλαννος
1995 1279 2183 1345 πόλις
2224 1278 2638 1361 Περραιβίας,
2699 1279 2789 1344 ὡς
2831 1278 3028 1359 Ἔφο-

444 1400 558 1459 ρος
614 1380 686 1445 ἐν
739 1386 833 1467 τῷ
888 1381 960 1444 θ’.
1046 1382 1428 1460 Ἔραννος
1492 1381 1679 1448 πόλις
1743 1383 1782 1461 ἡ
1851 1381 2117 1460 ὕςτερον
2186 1379 2590 1459 Κυπάριςςος.
2705 1380 3030 1445 Βίεννος

444 1483 629 1547 πόλις
690 1482 945 1563 Κρήτης.
1033 1482 1096 1548 οἱ
1151 1485 1265 1563 μὲν
1319 1483 1451 1551 ἀπὸ
1508 1484 1777 1549 Βιέννου
1829 1486 1947 1547 τοῦ
2009 1488 2142 1548 τῶν
2204 1483 2547 1562 Κουρήτων
2604 1482 2781 1565 ἑνός,
2839 1481 2901 1546 οἱ
2957 1482 3029 1546 δὲ
3067 1493 3132 1545 10

445 1582 574 1649 ἀπὸ
629 1588 742 1664 τῆς
805 1586 952 1663 περὶ
1003 1585 1121 1651 τὸν
1163 1587 1320 1666 Ἄρη
1377 1586 1728 1667 γενομένης
1782 1585 1950 1667 βίας,
2016 1586 2095 1651 ὃν
2151 1585 2422 1649 ἐνταῦθα
2482 1585 2768 1650 δεδέςθαι
2834 1586 3028 1665 φαςὶν

445 1686 571 1751 ὑπὸ
636 1685 838 1751 Ὤτου
902 1687 1006 1777 καὶ
1069 1687 1411 1767 Ἐφιάλτου
1475 1692 1608 1753 τῶν
1666 1687 1915 1753 παίδων
1979 1688 2408 1754 Ποςειδῶνος.
2508 1687 2635 1752 ἔςτι
2690 1688 2792 1752 καὶ
2845 1686 3030 1765 ἑτέρα

445 1789 629 1854 πόλις
674 1789 746 1855 ἐν
794 1790 1040 1875 Γαλλίᾳ.
1126 1790 1521 1856 Πέλιννος
1577 1790 1616 1854 6
1661 1789 2005 1869 Οἰχαλέως.
2092 1790 2172 1854 τὰ
2227 1790 2442 1870 μέντοι
2499 1789 2734 1869 ἔχοντα
2788 1790 3029 1867 θηλυκὰ

445 1889 766 1974 ὀξύνεται,
797 1890 1132 1970 ἐραννός
1161 1892 1200 1956 6
1229 1893 1563 1975 ποθεινός,
1593 1891 2017 1977 ἀργεννός,
2049 1891 2555 1973 κελαδεννός,
2589 1876 3028 1972 ἐρεβεννός.

609 2014 645 2049 ³*
693 1993 789 2058 Τὰ
841 1992 932 2059 εἰς
985 1998 1102 2059 νᾶ
1155 1993 1391 2073 ἔχοντα
1445 1996 1574 2073 πρὸ
1638 1996 1756 2059 τοῦ
1811 1995 2057 2059 ῖςῖῖτὸ
2113 1997 2151 2073 ὃ
2208 1993 2576 2075 βαρύνεται,
2636 1993 2935 2072 Κάρνος
2990 1992 3028 2056 6
3072 2007 3132 2058 15

445 2094 771 2178 Φοίνικος,
826 2095 953 2177 ἀφ’
1008 2094 1089 2161 οὗ
1140 2094 1349 2175 Κάρνη
1404 2097 1591 2162 πόλις
1634 2097 1933 2175 Φοινίκης
1987 2096 2026 2174 ἡ
2083 2097 2185 2160 καὶ
2242 2095 2486 2175 Κάρνος
2540 2097 2701 2175 παρ’
2755 2096 3028 2175 Ἀρτεμι-

444 2198 649 2283 δώρῳ.
738 2197 865 2263 ἔςτι
910 2198 1013 2261 καὶ
1054 2201 1245 2276 νῆςος
1291 2199 1714 2277 Ἀκαρνανίας.
1789 2199 2247 2280 Ἀρτεμίδωρος
2304 2198 2357 2279 β’
2399 2197 3027 2279 γεωγραφουμένων,

441 2300 712 2379 Ἀρνος
766 2300 805 2364 6
860 2301 1385 2379 καταπολεμήςας
1427 2301 1903 2384 Πρωτόγονον,
1962 2300 2088 2381 ἀφ’
2134 2299 2213 2365 οὗ
2269 2301 2308 2379 ἡ
2353 2299 2610 2365 Ξάνθος
2664 2300 2853 2365 πόλις
2906 2300 3026 2364 Λυ-

441 2402 574 2467 κίας
602 2403 803 2481 ’Ἀρνα
846 2401 1168 2484 ἐκαλεῖτο,
1217 2402 1527 2481 Νάρνος
1569 2402 1890 2487 ποταμός,
1941 2402 2238 2481 Κύρνος
2282 2401 2320 2465 6
2366 2403 2604 2480 κτιςτὴς
2634 2402 2737 2465 καὶ
2764 2401 2805 2480 ἡ
2835 2404 3028 2479 νῆςος

442 2506 841 2586 πρόςβορρος
884 2505 1213 2581 Ἰαπυγίας.
1271 2504 1594 2570 Ἑκαταῖος
1639 2505 1929 2590 Εὐρώπῃ.
1973 2504 2290 2582 Πύρνος
2334 2504 2520 2569 πόλις
2568 2503 2813 2582 Καρίας.
2888 2502 3023 2567 (62-
3063 2518 3131 2569 20

443 2625 765 2686 μορνος·
810 2607 849 2685 ἡ
891 2607 1164 2688 Ἐφεςος
1208 2606 1417 2673 οὕτως
1460 2607 1768 2671 ἐκαλεῖτο.
1856 2607 2185 2685 Ἄορνος
2239 2606 2425 2671 πόλις
2471 2605 2792 2683 Βακτρίων
2844 2604 3025 2684 ἀρςε-

441 2714 630 2776 νικῶς
673 2709 776 2773 καὶ
817 2712 1122 2789 θηλυκῶς.
1210 2708 1502 2778 ὀξύνεται
1547 2711 1619 2775 δὲ
1661 2709 1737 2775 τὸ
1781 2708 2168 2790 Λιβυρνός
2213 2707 2488 2775 Ἀττικός
2540 2728 2634 2771 τις
2688 2708 2791 2772 καὶ
2836 2707 3025 2773 ἔθνος

441 2814 770 2892 προςεχὲς.
791 2817 882 2897 τῷ
927 2812 1249 2896 ἐνδοτέρῳ
1279 2813 1452 2892 μέρει
1494 2817 1612 2877 τοῦ
1642 2813 2037 2890 Ἀδριατικοῦ
2068 2811 2332 2876 κόλπου.
2378 2809 2703 2876 Ἑκαταῖος
2733 2810 3022 2897 Εὐρώπῃ.

441 2914 808 2995 Ἀχαρνός
853 2913 1042 2979 ἔθνος
1085 2916 1250 2994 πρὸς
1292 2920 1368 3000 τῇ
1415 2914 1639 2998 (κυθίᾳ
1684 2915 1860 2993 παρὰ
1905 2913 2275 2995 Θεοπόμπῳ
2317 2913 2393 2978 τὸ
2438 2913 2541 2978 καὶ
2584 2913 2866 2993 Ἀχανός.

608 3017 701 3082 Τὰ
756 3016 846 3082 εἰς
889 3020 1092 3095 {W
1146 3017 1526 3082 Ἰταλιωτικὰ
1579 3016 2034 3099 παροξύνεται,
2088 3015 2526 3098 Φαλέρνος,
2593 3016 3024 3099 πατέρνος,
3060 3027 3125 3077 25

441 3119 829 3198 Ἰουέρνος
886 3118 1077 3184 ἔθνος
1133 3119 1204 3186 ἐν
1260 3125 1354 3205 τῷ
1416 3118 1643 3204 πόντῳ
1710 3125 1802 3204 τῷ
1868 3117 2273 3202 Πρετανικῷ,
2339 3118 2769 3196 Ἀροέρνος
2835 3107 3026 3184 ἔθνος

420 3224 883 3302 ,μαχιμώτατον
938 3226 1069 3287 τῶν
1124 3224 1289 3301 πρὸς
1345 3229 1422 3307 τῇ
1482 3223 1737 3307 Κελτικῇ
1795 3222 2108 3286 Γαλατῶν.
2209 3220 2703 3299 Ἀπολλόδωρος
2757 3220 3025 3306 τετάρτη

438 3328 755 3402 χρονικῶν
803 3324 1100 3389 «Κελτῶν
1146 3324 1526 3404 Ἀροέρνους
1542 3349 1586 3388 ».
1672 3323 2177 3401 Πριουέρνος
2219 3321 2410 3388 πόλις
2454 3323 2725 3388 Ἰταλίας.

618 3426 711 3491 Τὰ
776 3425 865 3490 εἰς
930 3446 1091 3491 ανος
1157 3427 1502 3507 διςύλλαβα
1566 3426 1750 3504 κύρια
1814 3424 1973 3490 ὄντα
2035 3425 2076 3502 ἢ
2141 3427 2576 3504 προςηγορικὰ
2642 3427 2723 3504 μὴ
2789 3426 3024 3505 ἔχοντα

443 3529 779 3606 διαςτολὴν
814 3528 1179 3610 βαρύνεται,
1215 3527 1467 3593 Τάνος
1497 3528 1683 3594 πόλις
1718 3528 1986 3610 Κρήτης,
2034 3526 2125 3591 ῶς
2156 3526 2613 3606 Ἀρτεμίδωρος
2642 3528 2713 3593 ἑν
2742 3528 3023 3612 τετάρτῳ
3061 3537 3127 3589 30

438 3630 1074 3714 γεωγραφουμένων,
1129 3630 1389 3694 Φᾶνος
1442 3632 1520 3696 τὸ
1575 3631 1829 3714 κύριον,
1888 3633 2178 3709 θρᾶνος
2233 3628 2272 3695 6
2329 3630 2574 3710 δίφρος.
2672 3631 2752 3695 τὰ
2805 3631 3021 3711 μέντοι

573 3888 607 3938 l.
644 3890 675 3938 2
722 3905 816 3954 pro
861 3891 1116 3954 corrupto
1160 3883 1437 3938 δάθυννοε
1482 3887 1745 3938 substitui
1782 3884 2051 3949 (ίγυννος
2085 3903 2155 3937 ex
2194 3888 2273 3939 St.
2310 3889 2399 3948 Β.,
2447 3903 2514 3939 ex
2563 3904 2668 3953 quo
2718 3887 2882 3937 etiam
2931 3903 3022 3937 ex·

438 3957 584 4023 plevi
620 3955 929 4021 Ἀργυννος
968 3963 1026 4006 et
1056 3953 1334 4019 τύραννος
1372 3961 1429 4004 et
1465 3954 1657 4006 addidi
1692 3954 1989 4008 Φάλαννος
2023 3970 2197 4021 usque
2234 3956 2306 4006 ad
2342 3954 2633 4008 Πέλιννος.
2686 3953 3022 4006 κελαδεννός

438 4041 557 4075 eum
601 4027 740 4077 Lob.
777 4025 862 4079 El.
903 4025 927 4074 l
971 4027 1069 4076 398
1115 4039 1214 4088 pro
1259 4021 1515 4074 κελαινός
1562 4026 1770 4090 scripsi.
1850 4025 2139 4074 Diversum
2184 4031 2472 4074 accentum
2516 4024 2724 4074 habent
2769 4021 3021 4074 Βαςιννοί

441 4092 732 4157 Ἀραβικὸν
777 4092 954 4144 ἔθνος.
1039 4091 1282 4144 Γλαῦκος
1329 4089 1391 4142 ἐν
1435 4089 1611 4158 τρίτῳ
1663 4091 1720 4144 Ἀ
1799 4093 1952 4156 βικῆς
1998 4088 2386 4154 ἀρχαιολογίας
2430 4097 2489 4142 et
2536 4087 2814 4143 Καταννοί
2859 4090 3021 4141 ἔθνος

438 4161 579 4225 πρὸς
614 4164 686 4227 τῇ
727 4159 936 4228 Καςπίᾳ
972 4159 1228 4226 θαλάςςῃ.
1301 4157 1584 4212 Ἑκαταῖος
1622 4159 1712 4212 Ἀς
1736 4175 1771 4227 ᾳ
1807 4161 2046 4210 fortasse
2082 4167 2146 4208 ut
2181 4160 2416 4224 gentilia
2452 4160 2748 4225 trigenera.
2885 4158 2920 4208 l.
2960 4161 3022 4209 16

437 4230 580 4280 hunc
616 4245 879 4279 canonem
914 4229 1045 4279 finxi
1082 4245 1150 4279 ex
1185 4228 1523 4290 nominibus,
1563 4233 1967 4293 quao'exstant
2003 4241 2089 4290 ap.
2128 4229 2208 4276 St.
2244 4228 2330 4289 Β.,
2379 4229 2531 4291 potui
2574 4227 2679 4278 huc
2724 4227 2888 4278 etiam
2936 4243 3019 4276 re·

439 4299 583 4347 ferre
620 4296 834 4361 πύρνος
868 4303 921 4348 et
955 4296 1159 4361 τόρνος
1198 4312 1266 4346 ex
1304 4295 1488 4347 schol.
1525 4298 1626 4347 Od.
1663 4311 1695 4347 ο
1731 4298 1856 4347 312:
1894 4291 2135 4356 πύρνον;
2173 4293 2243 4344 τὸ
2282 4292 2383 4356 μὲν
2419 4292 2583 4356 γένος
2620 4294 2831 4360 ἄδηλον
2868 4294 3020 4358 παρὰ

436 4368 521 4430 τῷ
559 4368 793 4431 ποιητῇ,
833 4363 865 4416 6
900 4363 962 4416 δὲ
996 4364 1167 4417 τόνος
1204 4362 1283 4416 ὡς
1319 4363 1537 4428 τόρνος.
1683 4365 1719 4419 1.
1755 4365 1822 4414 26
1868 4360 2090 4411 nomina
2134 4361 2259 4411 inde
2306 4363 2377 4412 ab
2417 4360 2685 4427 Ἰουέρνος
2721 4378 2902 4428 nsque
2949 4363 3020 4412 ad

435 4432 595 4484 finem
632 4451 700 4486 ex
739 4437 819 4484 St.
859 4435 921 4484 B.
959 4433 1176 4498 addidi,
1213 4448 1542 4499 quamquam
1577 4432 1721 4497 apud
1759 4446 1883 4481 eum
1919 4428 2103 4478 omnia
2140 4429 2299 4479 huius
2336 4431 2558 4494 generis
2594 4432 2863 4482 vocabula
2899 4447 3021 4496 pro·

435 4508 802 4567 paroxytonos
840 4501 1182 4552 exhibentur.
1319 4501 1353 4551 1.
1391 4503 1457 4552 30
1492 4498 1701 4563 Τάνος,
1740 4498 1884 4564 quod
1921 4497 2059 4548 Lob.
2098 4496 2265 4548 Proll.
2297 4499 2395 4547 184
2430 4503 2542 4547 not.
2568 4501 2633 4549 23
2670 4497 2854 4550 Τᾶνος
2889 4502 3019 4549 scri-

435 4570 673 4620 bendum
708 4569 945 4634 iudicat,
985 4570 1202 4635 explevi
1239 4586 1306 4620 ex
1343 4569 1422 4620 St.
1459 4570 1547 4628 Β.,
1595 4566 1782 4619 Φᾶνος
1818 4581 1916 4631 pro
1952 4561 2139 4616 Φάνος
2184 4565 2379 4630 scripsi
2423 4581 2542 4646 cufn
2578 4565 2813 4647 Lehrsip
2849 4567 3015 4616 Arist.

435 4639 626 4756 ξῐάὲἓὲ
652 4636 1329 4768 ἒᾶλύῙχῙνᾎςιῗωῙιῗάέεῗιξοτΐο
1348 4634 1546 4755 διίιιῗιιῖῗὲ
1592 4632 1971 4766 ἓιόιᾟιιὲἱὲῦοοέ.
1994 4633 3020 4766 ganfzffivggsgoggdfulgao‘hsrgjugagg}

436 4772 769 4838 παράληκτα
794 4778 850 4823 et
874 4770 1403 4838 βραχυπαράληκτα)
1431 4770 1825 4822 animadvertit
1850 4770 2137 4826 Lehrsius;
2176 4785 2354 4834 neque
2380 4769 2819 4820 tamen-audeam
2857 4786 3017 4823 cano·

438 4856 560 4891 nem
596 4842 913 4902 restituere;
965 4841 1200 4892 fortasse
1246 4845 1325 4894 sic
1364 4841 1660 4907 processit:
1706 4837 1777 4890 τὰ
1814 4835 1895 4890 εἷς
1927 4840 2064 4891 W
2099 4836 2398 4902 διςύλλαβα
2439 4836 2641 4902 ἔχοντα
2686 4834 2749 4887 ἐν
2794 4840 2866 4904 τῇ
2903 4837 3017 4904 πρὸ

435 4906 636 4961 τέλους
677 4907 749 4959 τὸ
785 4912 820 4960 ἃ
855 4906 1274 4974 ἐκτεινόμενον,
1321 4906 1607 4962 ἐπιθετικὰ
1652 4906 1755 4973 μέν
1801 4905 1972 4977 ὄντα,
2018 4907 2276 4962 ὀξύνεται
2320 4905 2515 4972 δανός,
2559 4904 2793 4972 τρανός,
2841 4906 3016 4972 μανός
