3664 5546
1677 388 2095 437 PRAEFATIO.
3102 388 3177 434 lx

577 558 657 614 ut
700 547 1056 612 coniectari
1100 553 1347 632 potest,
1396 546 1500 610 sui
1544 542 1882 609 recreandi
1927 564 2128 608 eausa
2173 550 2503 606 versatum
2550 562 2690 604 esse
2736 539 2957 626 ibique
2991 540 3178 628 Sym-

578 649 844 739 posium
900 648 1365 734 composuisse.
1457 646 1566 710 Ex
1609 647 1650 710 3
1695 656 1761 710 et
1803 645 1846 708 4
1903 644 1983 708 de
2042 643 2283 708 finibus
2343 643 2655 729 temporis
2670 689 2688 723 ,
2745 641 2983 727 quibus
3042 642 3181 706 vita

581 750 954 818 Herodiani
998 749 1494 836 circumscripta
1537 748 1696 829 fuit,
1742 757 1992 813 certum
2038 744 2196 832 quid
2240 745 2442 809 statui
2471 768 2602 807 non
2632 753 2879 830 potest,
2925 743 2997 807 id
3042 754 3180 808 tan-

580 864 726 919 tum
785 860 969 940 patet
1033 853 1238 916 vitam
1304 851 1456 916 inde
1521 872 1561 914 a
1620 848 2028 936 temporibus
2087 846 2412 911 Hadriani
2477 868 2684 933 usque
2750 846 2831 910 ad
2898 854 3183 909 aetatem

580 955 797 1021 Marci
842 953 1159 1017 Antonini
1204 962 1539 1018 extentam
1585 951 1788 1015 fuisse
1831 956 2042 1036 neque
2089 948 2362 1013 dubium
2424 947 2716 1028 videtur',
2784 948 2942 1033 quin
2985 948 3181 1010 etiam

583 1078 794 1143 usque
837 1053 925 1119 ad
969 1053 1398 1121 Commodum
1442 1055 1851 1140 pertinuerit.
1922 1050 2118 1133 Quod
2163 1050 2400 1115 Suidas
2449 1049 2691 1113 diserte
2736 1048 3182 1113 Herodianum

584 1159 907 1223 iuniorem
941 1156 1266 1243 Dionysio
1312 1156 1559 1220 musico
1606 1166 1670 1221 et
1702 1153 1976 1219 Philone
2008 1151 2244 1240 Byblio
2277 1174 2419 1216 esse
2448 1159 2704 1232 narrat,
2749 1150 2821 1214 id
2849 1173 2982 1216 non
3011 1152 3183 1216 forte

585 1270 659 1325 et
703 1268 943 1322 temere
993 1255 1239 1321 dictum
1284 1279 1427 1322 esse
1483 1257 1801 1339 arbitror,
1862 1256 1976 1321 sed
2030 1264 2213 1319 certa
2256 1254 2541 1340 quadam
2586 1253 2665 1318 de
2710 1275 2943 1333 eausa,
2987 1275 3181 1340 quam

585 1382 735 1427 eam
764 1382 908 1425 esse
950 1357 1205 1441 iudico,
1253 1358 1428 1445 quod
1458 1358 1698 1424 Suidas
1728 1357 1836 1425 vel
1880 1359 1970 1439 is,
2017 1359 2201 1422 euius
2245 1356 2634 1421 auctoritate
2678 1355 2935 1436 nititur,
2982 1353 3176 1419 anim·

586 1461 879 1528 advertit
921 1461 1231 1546 Dionysii
1289 1470 1355 1524 et
1395 1460 1685 1525 Philonis
1743 1460 1986 1547 scripta
2040 1460 2124 1525 ab
2168 1457 2548 1524 Herodiano
2616 1456 2685 1520 in
2741 1456 3182 1551 testimonium

584 1572 827 1630 vocata
871 1584 1046 1644 esse,
1108 1562 1293 1628 cuius
1338 1565 1431 1627 rei
1482 1563 1763 1648 vestigia
1805 1561 2125 1649 quaedam
2171 1562 2371 1626 etiam
2411 1581 2584 1623 nunc
2630 1581 2733 1645 ap.
2783 1559 3185 1644 Stephanum

583 1666 991 1751 Byzantium
1037 1673 1336 1745 exstant,
1383 1664 1559 1750 apud
1604 1687 1794 1751 quem
1829 1664 2193 1750 Dionysius
2225 1663 2513 1727 musicus
2560 1658 2792 1741 semel,
2839 1660 3027 1726 Philo
3073 1684 3185 1725 au·

586 1778 726 1832 tem
777 1766 1041 1852 saepius
1086 1764 1428 1848 laudatur,
1473 1775 1548 1831 ut
1589 1764 1886 1847 videtur,
1933 1788 2018 1829 ex
2049 1764 2410 1830 Herodiani
2455 1764 2860 1828 auctoritate.
2892 1802 2978 1811 —-
3006 1765 3184 1829 Ano-

585 1890 831 1955 nymus
864 1860 1470 1951 (4)⁴Ptolemaeum,
1518 1869 1702 1931 cuius
1733 1866 2205 1953 geographiam
2248 1867 2331 1932 ad
2362 1866 2749 1931 Prosodiam
2779 1864 3186 1930 Catholicam

588 1968 961 2034 adhibitam
1016 1991 1160 2033 esse
1215 1969 1534 2056 suspicari
1579 1968 1763 2053 licet,
1821 1968 2147 2035 Galerium
2202 1968 2528 2033 medicum
2581 1979 2648 2034 et
2702 1969 3185 2053 Hermogenem

588 2070 958 2135 Herodiani
1002 2068 1307 2156 aequales
1354 2080 1578 2151 vocat,
1635 2070 1752 2135 sed
1810 2094 1895 2135 ex
1948 2072 2051 2136 his
2096 2069 2509 2137 Ptolemaeus
2568 2094 2715 2135 eum
2770 2071 2958 2135 annis
3010 2079 3184 2147 ant07

589 2171 829 2254 cessit,
876 2169 1171 2238 Galenus
1216 2181 1434 2237 autem
1478 2182 1543 2236 et
1585 2172 2034 2258 Hermogenes
2080 2196 2156 2238 eo
2201 2174 2487 2237 iuniores
2532 2172 2818 2238 fuerunt.

766 2278 806 2354 ἓ
849 2274 911 2337 3.
999 2273 1106 2338 Ex
1151 2273 1400 2358 origine
1444 2296 1677 2338 nomen
1707 2276 2102 2360 Ἣρῳδιανός
2147 2298 2293 2339 cum
2337 2280 2360 2342 i
2404 2275 2819 2340 scribendum
2866 2284 2984 2357 est,
3031 2282 3270 2338 nam1’0
3296 2284 3465 2321 nomino

3214 2350 3455 2390 Her-odiant.

589 2376 663 2439 in
709 2375 790 2439 Ε.
835 2374 926 2439 Μ.
971 2374 1116 2454 437,
1163 2375 1247 2440 56
1290 2376 1576 2441 fortasse
1632 2398 1716 2440 ex
1770 2376 1952 2441 fonte
1997 2377 2413 2442 Herodianeo
2471 2378 2567 2442 sic
2621 2376 2933 2442 traditur:
2982 2379 3183 2463 Ἡρῳ-

593 2481 817 2544 διανός
862 2478 993 2543 ἀπὸ
1038 2481 1154 2542 τοῦ
1198 2477 1487 2562 Ἡρῴδης
1530 2479 1768 2555 γίνεται
1813 2480 2127 2564 Ἡρῲδιος
2174 2483 2274 2544 καὶ
2317 2480 2714 2565 Ἡρωδιανὸς
2761 2482 2850 2546 ὡς
2893 2481 3024 2545 ἀπὸ
3069 2486 3186 2546 τοῦ

590 2578 875 2658 Εὐτυχής
921 2578 1221 2657 Εὐτύχιος
1278 2580 1663 2659 Εὐτυχιανός
1718 2590 1783 2645 et
1838 2580 1920 2643 de
1978 2582 2266 2663 Ἡρῴδης
2321 2579 2541 2665 paullo
2599 2590 2779 2644 ante:
2848 2583 2979 2660 ἔχει
3035 2584 3109 2646 τὸ
3166 2586 3187 2646 i

591 2682 1231 2760 προςγεγραμμένον·
1279 2682 1404 2746 ἔςτι
1449 2683 1572 2761 γὰρ
1617 2683 1789 2760 ἥρως
1835 2683 2049 2761 ἥρωος
2094 2684 2255 2760 ἥρωϊ
2298 2684 2400 2746 καὶ
2446 2683 2683 2759 γίνεται
2727 2683 3040 2762 Ἡρωῒδης
3086 2685 3187 2747 καὶ

593 2785 759 2848 κατὰ
804 2783 1152 2861 ςυναίρεςιν
1198 2790 1313 2848 τοῦ
1359 2788 1411 2848 ’ω
1459 2785 1560 2849 καὶ
1603 2787 1624 2849 i
1666 2784 1755 2849 εἰς
1799 2787 1916 2863 τὴν
1963 2807 2017 2868 ῳ
2062 2785 2421 2865 δίφθογγον
2467 2785 2773 2868 Ἡρῴδης.
2840 2787 2942 2850 καὶ
2972 2786 3186 2851 ἄλλως

591 2886 676 2950 τὰ
742 2885 831 2949 εἰς
898 2872 1009 2963 δῆς
1063 2888 1518 2964 πατρωνυμικὰ
1570 2887 1609 2964 ἢ
1653 2886 1862 2950 τύπου
1907 2891 2399 2966 πατρωνυμικοῦ
2454 2887 2622 2951 θέλει
2667 2887 2839 2965 ἔχειν
2895 2889 3022 2965 πρὸ
3068 2892 3184 2952 τοῦ

593 2973 632 3052 5
678 2987 720 3064 ἢ
766 2987 840 3050 τὸ
883 2989 906 3050 ῑ
949 2987 987 3065 ἢ
1030 2988 1108 3051 τὸ
1153 2990 1193 3050 a
1238 2987 1383 3053 οἷον
1427 2988 1774 3070 Πηλείδης,
1819 2989 2156 3071 Πυλάδης,
2207 2989 2509 3071 Μινῲδηε
2553 2997 2749 3073 atquo
2779 2986 2953 3049 idem
2999 3010 3185 3073 prae-

591 3086 760 3172 cipit
804 3085 1272 3152 Constantinus
1317 3087 1620 3152 Lascaris
1637 3136 1655 3169 ,
1703 3110 2095 3175 quamquam
2138 3090 2314 3176 ipse,
2371 3090 2488 3153 ubi
2542 3088 2953 3173 grammatici
3010 3089 3188 3153 testi-

593 3188 892 3251 monium
936 3188 1129 3270 citat,
1175 3192 1196 3254 i
1248 3190 1512 3255 omittit.
1603 3191 1711 3255 Ab
1766 3190 2116 3255 Eustathio
2173 3212 2429 3277 semper
2483 3213 2720 3255 nomen
2777 3191 3188 3274 grammatici

593 3310 720 3376 per
763 3293 785 3355 i
828 3287 1203 3370 exhibetur,
1251 3289 1369 3354 sed
1411 3291 1478 3353 in
1524 3292 1600 3355 Ε.
1636 3290 1879 3376 Magno
1927 3315 2186 3379 semper
2230 3294 2367 3356 sine
2411 3296 2433 3358 ἰ
2474 3292 2837 3377 profertur,
2883 3293 3038 3357 item
3082 3315 3187 3378 ap,

593 3388 992 3472 Arcadium,
1038 3393 1349 3457 Ioannem
1391 3391 1948 3474 Alexandrinum,
1994 3395 2063 3458 in
2107 3393 2313 3459 Iliaca
2355 3392 2707 3474 Prosodia,
2755 3416 2861 3478 ap.
2893 3394 3186 3458 Suidam.

592 3494 708 3558 Ex
755 3515 885 3578 qua
927 3492 1237 3558 citatione
1281 3493 1352 3556 id
1384 3493 1594 3558 elucet
1625 3494 2043 3560 omissionem
2074 3500 2094 3561 i
2126 3496 2479 3583 subscripti
2523 3496 2932 3561 usitatiorem
2961 3496 3188 3576 fuisse,

592 3594 783 3659 cuius
829 3597 923 3658 rei
966 3616 1167 3658 causa
1208 3594 1413 3658 fuisse
1458 3595 1752 3678 videtur,
1811 3595 1985 3682 quod
2042 3596 2412 3662 derivatum
2469 3596 3007 3662 consuetudinem
3060 3600 3190 3682 pri-

595 3694 818 3759 mitivi
861 3697 1150 3776 Ἡρώδη(
1198 3707 1491 3762 secutum
1549 3706 1668 3761 est.
1757 3697 1929 3762 Nam
1985 3697 2109 3763 hoc
2153 3700 2440 3780 Ἡρώδης
2493 3697 2829 3763 intellectu
2883 3708 3189 3785 patrony-

594 3797 771 3861 mico
827 3796 1123 3882 deposito
1176 3798 1374 3862 etiam
1430 3820 1449 3863 ι
1504 3796 1759 3862 literam
1817 3800 2359 3883 significativam,
2418 3800 2805 3887 praesertim
2849 3822 3050 3886 quum
3094 3800 3190 3862 in-

592 3897 885 3963 effabilis
931 3898 1046 3978 sit,
1094 3897 1415 3963 abiecisse
1459 3922 1587 3964 non
1631 3901 1870 3965 iniuria
1914 3924 2133 3965 sumas
2179 3902 2266 3966 cf.
2310 3901 2473 3966 Lob.
2508 3899 2610 3965 El.
2645 3900 2679 3964 I
2709 3901 2855 3964 282.
2912 3902 3192 3986 Propter

591 4000 1155 4084 compendiariam
1209 4001 1632 4087 scriptionem
1676 4002 2059 4088 saepissime
2091 4002 2454 4067 Herodiani
2498 4023 2731 4067 nomen
2767 4001 3191 4065 confunditur
3274 4053 3278 4058 .

589 4123 747 4167 cum
792 4099 938 4164 aliis
985 4100 1306 4166 similibus
1351 4102 1471 4180 ita,
1518 4112 1590 4167 ut
1633 4103 1842 4188 ipsius
1886 4126 2121 4167 nomen
2166 4104 2440 4184 salsum,
2487 4102 2765 4168 aliorum
2808 4113 3060 4168 rectum
3103 4103 3191 4168 sit

595 4213 667 4267 et
711 4209 962 4266 contra.
1054 4200 1132 4264 In
1177 4203 1256 4267 Ε.
1305 4202 1397 4267 Μ.
1440 4202 1598 4284 654,
1647 4205 1685 4268 8
1747 4208 2069 4286 παρθένος
2111 4242 2198 4252 -
2242 4205 2280 4271 ὁ
2325 4206 2720 4285 Ἡρωδιανὸς
2776 4207 2814 4283 ἡ
2871 4206 3032 4283 παρ’
3078 4207 3188 4271 οὐ-

594 4305 792 4370 δενὸς
837 4305 1033 4369 οὐδὲν
1081 4307 1358 4385 λαβοῦςα
1404 4305 1494 4370 ὡς
1540 4305 1694 4372 ἕδνα
1735 4329 1973 4371 nomen
2003 4328 2383 4393 perversum
2415 4329 2557 4370 esse
2588 4306 2695 4370 vel
2737 4306 3188 4393 explicationis

591 4402 942 4468 insulsitas
988 4403 1372 4490 persuadet,
1418 4405 1672 4471 accedit
1714 4408 2157 4473 testimonium
2202 4409 2503 4473 Zonaras
2548 4431 2612 4494 p.
2662 4409 2857 4486 1508,
2912 4407 3027 4471 ubi
3071 4429 3188 4492 pro

593 4507 1002 4584 Ἡρωδιανὸς
1069 4507 1385 4591 scriptum
1444 4515 1554 4570 est
1615 4508 2043 4588 Ἡρακλείδης.
2152 4511 2233 4574 In
2295 4511 2372 4573 E.
2433 4509 2523 4572 M.
2583 4509 2737 4585 736,
2802 4509 2883 4569 28
2952 4504 3191 4591 legitur

595 4608 844 4685 ςύριγξ·
891 4607 1019 4671 ἔςτι
1064 4607 1221 4671 κατὰ
1265 4609 1509 4687 μίμηςιν
1555 4614 1671 4674 τοῦ
1716 4612 2074 4690 γενομένου
2118 4613 2298 4690 ἤχου.
2353 4610 2560 4676 οὕτως
2603 4610 3025 4690 Ἡρωδιανός,
3073 4609 3187 4671 sed

591 4709 666 4772 in
713 4706 796 4771 E.
845 4706 1113 4771 Orionis
1163 4707 1304 4788 146,
1350 4708 1466 4788 34,
1512 4710 1683 4774 unde
1727 4711 1979 4777 notatio
2026 4713 2093 4776 in
2140 4713 2218 4776 E.
2267 4711 2359 4776 M.
2407 4711 2698 4790 transiit,
2747 4708 2956 4774 οὕτως
3000 4712 3187 4788 Ἡρα-

591 4811 879 4888 κλείδης.
943 4807 1311 4872 Larcherus
1369 4821 1717 4895 utrumque
1763 4814 1857 4877 sie
1902 4813 2254 4880 conciliare
2300 4812 2444 4878 vult
2500 4820 2572 4875 ut
2617 4808 3067 4874 Herodianum
3125 4820 3189 4872 et
