3664 5546
1567 391 1982 440 PRAEFATIO.
2807 391 3074 439 CXXXIX

492 549 859 635 Stephanus
905 546 1012 613 vel
1056 549 1445 634 epitomator
1489 545 1728 612 omisit.
1759 583 1844 595 -
1873 548 1998 614 ἔςτι
2042 548 2145 612 καὶ
2189 546 2350 627 ἄλλη
2395 549 2550 629 Ἄβη
2595 548 2781 613 πόλις
2829 547 3076 630 Καρίας,

498 653 588 718 ὡς
618 652 1008 731 Ἡρωδιανὸς
1054 652 1124 716 ἐν
1155 651 1474 736 ἑνδεκάτῳ
1521 652 1769 737 βιβλίῳ,
1813 651 1989 735 quod
2031 672 2267 715 nomen
2311 671 2415 736 ap.
2451 650 2810 714 Arcadium
2854 672 2919 736 p.
2956 649 3071 713 101

493 753 760 819 excidit.
848 753 1107 819 Finitur
1163 752 1477 818 articulus
1541 753 1962 819 adnotatione
2016 753 2099 818 de
2160 750 2393 838 gentili
2448 753 2662 834 Ἀβεύς
2717 751 3073 817 secundum

496 856 934 921 characterem
967 855 1360 920 Caricarum
1403 856 1662 922 urbium
1709 865 2093 943 propagato.

533 955 542 966 '
661 961 1004 1043 Ἄβαρνος,
1062 959 1248 1024 πόλις
1279 941 1408 1024 ’καὶ
1463 960 1640 1038 χώρα
1694 961 1796 1024 καὶ
1853 959 2015 1037 ἄκρα
2069 963 2179 1036 τῆς
2234 960 2580 1036 Παριανῆς.
2679 959 3073 1038 Ἡρωδιανὸς

497 1066 566 1128 δὲ
613 1064 683 1127 ἐν
727 1062 993 1146 τετάρτῃ
1038 1064 1229 1142 φηςὶν
1274 1061 1370 1126 ὅτι
1403 1063 1689 1142 Ἀβαρνίς
1719 1063 1994 1139 λέγεται·
2039 1061 2206 1126 ἀλλὰ
2249 1063 2351 1125 καὶ
2379 1060 2468 1125 εἰς
2514 1065 2627 1143 ff,
2672 1059 2847 1148 quod
2876 1083 3073 1147 quum

495 1162 858 1228 Herodiani
905 1163 1376 1250 exscriptorum
1421 1185 1666 1227 morem
1722 1163 2055 1248 cognitum
2096 1161 2488 1242 habeamus,
2548 1162 2642 1226 sic
2695 1161 3072 1247 intellegen-

497 1265 652 1329 dum
698 1264 1121 1331 arbitramur:
1183 1263 1634 1330 Herodianum
1679 1267 1964 1347 Ἀβαρνίς
2018 1266 2188 1329 inter
2230 1264 2493 1330 nomina
2542 1265 2610 1327 in
2652 1269 2708 1330 ῖς
2751 1264 3073 1346 retulisse,

497 1349 613 1432 sed
669 1368 986 1432 adiecisse
1056 1369 1253 1433 etiam
1309 1370 1625 1449 Ἄβαρνος
1680 1367 1985 1454 reperiri,
2055 1389 2096 1431 a
2158 1389 2284 1454 quo
2346 1366 2769 1433 descenderet
2832 1367 3075 1451 gentile

498 1473 847 1555 Ἀβαρνεῑς,
894 1493 1092 1558 quum
1138 1472 1422 1553 Ἀβαρνίς
1466 1468 1795 1554 flagitaret
1825 1471 2204 1552 Ἀβαρνίτης.
2281 1469 2450 1533 Tum
2497 1479 2853 1556 sequuntur
2896 1472 3074 1536 testi-

496 1573 711 1638 monia
755 1572 1100 1654 Hecataei,
1156 1571 1439 1658 Ephori,
1499 1594 1662 1658 quae
1718 1581 1942 1636 tamen
1985 1571 2356 1659 Stephanus
2401 1571 2494 1636 sic
2536 1573 2936 1668 immutavit,
3001 1583 3076 1639 ut

496 1698 693 1763 quum
749 1675 1165 1740 Herodianus
1220 1675 1365 1762 ipsa
1428 1675 1634 1740 verba
1697 1673 2089 1760 scriptorum
2156 1674 2511 1760 posuisset,
2576 1675 2633 1738 is
2699 1685 2775 1740 ut
2831 1675 3074 1741 fontem

497 1800 681 1841 suum
738 1776 980 1842 celaret
1036 1787 1100 1841 et
1153 1777 1295 1864 ipse
1339 1775 1743 1842 Hecataeum
1800 1787 1865 1841 et
1908 1775 2245 1863 Ephorum
2300 1787 2451 1842 ante
2496 1776 2717 1842 oculos
2766 1777 3074 1844 habuisse

498 1878 859 1963 videretur,
926 1879 1269 1945 scriberet:
1339 1879 1661 1945 Ἑκαταῖος
1725 1880 1794 1944 δ’
1848 1878 1887 1943 ὁ
1944 1881 2250 1960 Μιλήςιος
2314 1881 2384 1945 ἐν
2450 1881 2651 1946 Ἀςίας
2714 1883 3074 1962 περιηγήςει

496 1983 848 2062 Λαμψάκου
892 1983 1091 2062 ἄκρην
1148 1981 1311 2048 εἶναί
1355 2003 1561 2063 φηςιν.
1647 1981 1932 2062 Ἔφορος
1985 1982 2056 2047 δ’
2110 1982 2181 2046 ἐν
2239 1983 2489 2068 πέμπτῃ
2547 1984 2717 2059 λέγει
2770 1988 3074 2065 κληθῆναι

494 2086 692 2163 αὐτήν
738 2089 867 2150 κτλ.
935 2085 1083 2165 Qua
1126 2084 1572 2148 immutatione
1618 2083 1778 2147 haec
1821 2083 2025 2149 verba
2070 2083 2353 2169 speciem
2396 2084 2712 2167 induunt,
2758 2088 2944 2173 quasi
2989 2087 3073 2152 ab

497 2184 906 2268 Herodiano,
952 2187 1192 2274 quippe
1236 2187 1348 2274 qui
1378 2186 1902 2271 grammaticam,
1949 2208 2078 2250 non
2123 2186 2590 2273 geographiam
2623 2187 2883 2269 doceat,
2929 2212 3072 2275 pro-

437 2333 442 2338 ·
493 2286 670 2352 fecta
714 2310 860 2352 esse
902 2312 1032 2354 non
1077 2289 1353 2376 possint.
1419 2285 1566 2352 Hoc
1609 2309 1765 2354 vero
1810 2285 2003 2352 aliter
2033 2311 2102 2352 se
2132 2287 2374 2355 habere
2406 2289 2758 2355 ostendunt
2802 2289 2958 2372 loci,
3007 2292 3074 2354 in

494 2390 728 2476 quibus
761 2390 1102 2475 originalis
1147 2391 1358 2455 forma
1388 2401 1648 2456 servata
1694 2399 1794 2456 est
1838 2413 1895 2454 e.
1926 2413 1989 2475 g.
2021 2391 2323 2474 Ὤλερος,
2375 2393 2635 2472 Κρητικὴ
2665 2395 2883 2477 πόλις,
2929 2396 3075 2473 περὶ

494 2492 569 2571 ἧς
602 2494 852 2558 Ξενίων
899 2495 970 2559 ἐν
1005 2496 1330 2575 Κρητικοῖς
1359 2515 1548 2574 φηςιν
1593 2495 1987 2573 πορρωτέρω
2018 2497 2147 2558 κτλ.
2194 2501 2259 2556 et
2304 2493 2539 2572 Ὠριςία
2581 2495 2767 2561 πόλις
2797 2496 3071 2577 Ἰβηρίας.

493 2596 568 2660 τὸ
613 2596 863 2661 ἐθνικόν
910 2596 1253 2675 Ὠριτανός.
1327 2597 1783 2676 Ἀρτεμίδωρος
1826 2596 1897 2661 ἐν
1943 2596 2223 2679 δευτέρῳ
2267 2599 2871 2678 γεωγραφουμὲνων
2920 2598 3073 2678 «ἀμ-

493 2698 796 2778 φότεροι»
843 2699 965 2778 γὰρ
997 2700 1147 2780 φηςί
1194 2704 1633 2765 «κατοικοῦςι»
1668 2702 1794 2763 κτλ.
1827 2707 1891 2761 et
1920 2695 2147 2761 melius
2180 2696 2379 2761 etiam
2410 2698 2680 2785 Ὠρῑται,
2732 2701 2920 2767 ἔθνος
2966 2703 3072 2767 Ἰν-

496 2806 630 2865 δῶν
662 2802 1043 2881 αὐτόνομον.
1111 2803 1409 2883 (τράβων
1440 2801 1967 2886 πεντεκαιδεκάτῃ
2014 2808 2145 2885 «τῷ
2190 2801 2506 2879 ὁρίζοντι»
2554 2807 2683 2868 κτλ.
2716 2805 2815 2869 καὶ
2847 2806 3074 2870 Ἀπολ-

495 2903 781 2982 λόδωρος
827 2905 1105 2989 δευτέρῳ
1153 2905 1414 2969 «ἔπειτα
1455 2905 1521 2970 δ’
1566 2904 1852 2982 Ὠρίτας»
1898 2907 2026 2969 κτλ.
2113 2902 2391 2967 Frustra
2432 2903 2733 2987 fuissem,
2792 2906 2848 2969 si
2893 2907 3071 2971 testi-

491 3004 708 3067 monia
750 3027 790 3067 a
819 3004 1149 3092 Stephano
1179 3005 1557 3087 immutata,
1606 3027 1881 3092 quorum
1926 3005 2183 3069 sincera
2212 3003 2423 3069 forma
2453 3006 2639 3071 nobis
2667 3030 2801 3073 non
2830 3007 3075 3074 tradita

493 3115 626 3185 est,
682 3106 1025 3171 restituere
1070 3119 1340 3173 conatus
1387 3130 1630 3191 essem3
1689 3108 1804 3173 sed
1848 3109 1917 3171 in
1962 3108 2315 3193 scriptore,
2374 3108 2779 3196 cuius'opus
2826 3110 2911 3175 ad
2955 3100 3071 3177 nos

491 3208 790 3294 pervenit
832 3218 897 3273 et
939 3211 1332 3297 comparatio
1364 3209 1695 3295 originalis
1727 3209 1979 3276 formae
2008 3232 2155 3274 cum
2184 3208 2516 3297 Stephano
2548 3211 2805 3276 institui
2836 3223 3072 3301 potest,

491 3331 621 3373 non
663 3309 982 3376 'dubitavi
1037 3313 1371 3399 scriptoris
1425 3314 1630 3400 ipsius
1684 3312 1903 3378 verba·
1944 3335 2062 3399 pro
2101 3310 2415 3398 Stephani
2471 3312 2907 3401 explicatione
2963 3340 3071 3404 po-

492 3428 646 3475 nere
675 3434 731 3476 e.
762 3435 827 3496 g.
870 3412 967 3479 St.
997 3415 1076 3479 B.
1107 3416 1580 3495 Λαιςτρυγόνες.
1626 3423 1872 3495 πρῶτοι
1903 3417 2059 3496 μετὰ
2094 3417 2456 3481 Κυκλώπων
2490 3418 2740 3500 ᾤκηςαν
2773 3418 3072 3487 (ικελίαν.

495 3515 888 3595 Θουκυδίδης
942 3516 1086 3602 ἕκτῃ
1132 3518 1218 3603 (c.
1264 3518 1332 3605 2)
1395 3518 1653 3599 scribit,
1711 3516 2126 3582 Herodianus
2184 3528 2404 3583 autem
2461 3518 2555 3581 sic
2608 3519 2678 3582 in
2736 3519 3075 3586 Catholica

489 3616 796 3702 posuerat
866 3618 1287 3698 Λαιςτρυγών.
1376 3621 1767 3699 Θουκυδίδης
1834 3621 1980 3704 ἕκτῃ
2049 3620 2504 3685 «παλαιότατοι
2586 3625 2700 3701 μὲν
2773 3626 3071 3701 λέγονται

491 3719 564 3782 έν
610 3720 778 3798 μέρει
824 3722 946 3786 τινὶ
989 3725 1098 3799 τῆς
1143 3723 1354 3801 χώρας
1403 3723 1739 3787 Κύκλωπες
1786 3724 1888 3787 καὶ
1930 3722 2385 3799 Λαιςτρυγόνες
2431 3724 2731 3802 οἰκῆςαι».
2812 3725 2941 3790 Sed
2984 3727 3070 3792 ad

489 3820 836 3884 articulum
897 3824 1210 3904 Ἄβαρνος
1275 3824 1633 3889 redeamus.
1733 3824 1894 3889 Post
1956 3822 2205 3909 Ephori
2274 3825 2715 3890 testimonium
2782 3830 3073 3916 sequitur

488 3924 925 3989 Ἀπολλώνιος
972 3923 1245 4010 (Argon.
1281 3926 1314 3990 I
1346 3925 1498 4011 932)
1545 3929 1933 4006 «Περκώτην
1979 3926 2044 3991 δ’
2089 3926 2193 3990 ἐπὶ
2235 3933 2311 4009 τῇ
2355 3928 2458 3991 καὶ
2503 3929 2870 4009 Ἀβαρνίδος
2914 3932 3070 4011 ἠμα-

487 4025 753 4090 θόεςςαν
797 4027 1064 4108 ἠϊόνα»,
1123 4027 1226 4091 cui
1271 4027 1640 4093 testimonio
1696 4028 1963 4093 additur
2015 4026 2359 4111 originatio
2412 4030 2692 4094 nominis
2736 4031 2821 4096 ab
2866 4033 3069 4114 ἀπαρ-

486 4128 785 4206 νήςαςθαι
832 4150 873 4191 a
902 4128 1221 4214 Sophocle
1264 4130 1616 4218 interprete
1648 4127 1983 4216 Apollonii
2025 4130 2392 4216 proposita3
2439 4130 2714 4220 denique
2746 4135 3070 4221 scriptura

486 4250 605 4315 per
648 4233 700 4293 π’
742 4241 1169 4313 memoratur,
1217 4254 1382 4317 quae
1424 4232 1810 4298 auctoritate
1843 4230 2244 4296 Artemidori
2290 4230 2578 4298 fulcitur.
2636 4236 2821 4317 Quae
2852 4239 3069 4303 omnia

485 4329 728 4416 optime
783 4352 932 4395 cum
988 4331 1349 4399 Herodiani
1411 4336 1661 4400 ratione
1718 4332 2063 4420 quadrant.
2118 4372 2203 4382 —-
2261 4333 2342 4397 In
2406 4337 2678 4401 articulo
2738 4341 3067 4422 Ἀβαςηνοί

487 4434 677 4498 ἔθνος
722 4434 1012 4515 Ἀραβίας
1053 4436 1285 4501 Uranii
1328 4437 1706 4523 posterioris
1764 4436 1911 4501 aevi
1956 4434 2291 4521 scriptoris
2347 4439 2791 4505 testimonium
2842 4466 2881 4507 a
2926 4442 3064 4508 Ste-

485 4532 701 4619 phano
757 4535 1076 4603 insertum
1131 4549 1264 4619 est,
1333 4548 1635 4603 accentus
1694 4549 1913 4604 autem
1978 4538 2224 4603 notatio
2291 4548 2358 4603 et
2424 4542 2639 4605 exitus
2695 4546 2852 4620 ηΤος
2910 4568 3064 4610 usus

487 4634 820 4721 Apollonii
867 4635 1162 4704 doctrina
1207 4640 1498 4706 firmatus
1535 4639 1982 4705 Herodianum
2026 4640 2331 4726 produnt.
2400 4642 2481 4706 In
2522 4645 2802 4724 Ἄβδηρα
2848 4647 3067 4713 omnia

486 4760 572 4802 ex
615 4737 995 4805 Herodiano
1038 4741 1244 4827 petita
1298 4753 1451 4808 sunt
1502 4753 1958 4830 praeterquam
2012 4743 2188 4829 quod
2232 4741 2327 4810 St.
2376 4744 2450 4809 B.
2510 4745 2592 4808 de
2649 4768 2766 4811 suo
2813 4749 3067 4816 addidit

488 4841 558 4904 ἐκ
585 4842 815 4921 ταύτης
861 4846 932 4909 δὲ
975 4847 1075 4908 καὶ
1103 4845 1503 4925 Δημόκριτός
1549 4846 1713 4911 ἐςτιν
1745 4846 1782 4911 ό
1813 4846 2176 4929 φιλόςοφος
2221 4858 2287 4913 et
2327 4858 2618 4912 extrema
2662 4850 2867 4915 verba
2910 4852 3061 4917 inde
