3664 5546
1127 415 1284 470 ΠΕΡΙ
1325 413 1715 468 ΚΑΘΟΛΙΚΗ(
1751 410 2172 468 ΠΡΟΕΩιΔΙΑ(
2211 410 2290 463 ΙΘ.
2847 405 2997 470 ’489

594 589 689 654 Τὰ
732 588 820 658 εἰς
861 591 900 665 ἦ
947 587 1101 667 μετὰ
1129 590 1245 652 τοῦ
1274 592 1336 670 ῑ,
1382 585 1436 651 εἰ
1475 585 1606 650 ἀπὸ
1637 590 1909 651 δοτικῶν
1954 584 2050 663 εἴη
2082 584 2238 663 μηδὲ
2268 580 2680 662 θαυμαςτικά,
2723 579 2762 656 ῆ
2810 577 2996 658 βαρύ-

430 712 603 757 νεται
646 693 685 770 ἢ
730 695 1135 772 περιςπᾶται,
1181 690 1497 754 οὐδέποτε
1542 690 1613 754 δὲ
1658 688 1963 755 ὀξύνεται.
2035 687 2408 764 περιςπᾶται
2459 685 2573 762 μὲν
2619 688 2749 746 διπ
2767 685 2854 764 λῇ
2898 681 2998 745 καὶ

428 798 739 878 τριπλῇ,
794 799 1013 876 πεζῇ,
1068 799 1200 875 πῇ,
1256 790 1548 876 ὁμαρτῇ
1592 792 1694 854 καὶ
1736 792 2068 874 ἁμαρτῇ,
2123 792 2427 870 κομιδῇ,
2484 790 2689 869 διχῇ,
2742 789 2996 867 τριχῇ,

428 901 799 978 τετραχῇ,
843 894 1176 978 ἀλλαχῇ,
1226 898 1559 977 μοναχῇ,
1603 894 1878 975 ἡςυχῇ,
1922 891 2095 974 ὁμῇ,
2141 894 2415 971 ςιωπῇ,
2462 888 2740 970 ἐνωπῇ.
2808 885 2997 967 βαρύ-

429 1018 603 1062 νεται
647 999 717 1062 δὲ
760 997 1039 1080 πάντῃ,
1085 996 1318 1080 ἄλλῃ,
1361 996 1625 1078 ταύτῃ·
1669 993 1967 1060 τοιοῦτόν
2012 993 2136 1057 ἑςτι
2180 992 2282 1055 καὶ
2321 991 2397 1056 τὸ
2442 989 2795 1072 ἀμηγέπῃ
2838 988 3004 1066 παρ’
3038 994 3071 1043 5

431 1100 748 1165 Ἀττικοῖς.
834 1099 909 1163 τὸ
952 1083 1092 1177 ἤδη
1137 1102 1270 1163 τῶν
1319 1097 1889 1178 βαρυτονουμένων
1934 1095 2126 1174 χωρὶς
2169 1097 2287 1158 τοῦ
2328 1096 2362 1154 ἶ
2413 1093 2728 1172 γράφεται
2780 1091 2882 1154 καὶ
2923 1091 2999 1155 τὸ

432 1205 568 1267 νῦν
614 1201 739 1283 δή,
785 1200 893 1265 ὅτε
937 1201 1215 1279 ςημαίνει
1259 1201 1334 1265 τὸ
1380 1200 1508 1278 πρὸ
1539 1198 1763 1275 ὀλίγου
1807 1196 2042 1261 «οὗτος
2071 1195 2234 1274 ἀνὴρ
2264 1199 2382 1260 νῦν
2415 1197 2493 1274 δὴ
2523 1194 2996 1273 ξυμβλήμενος»

433 1303 518 1385 (ω
561 1301 748 1385 260),
814 1302 940 1366 ἐςτὶ
994 1302 1296 1368 ςύνθετον
1365 1303 1454 1366 ὡς
1508 1301 1609 1366 καὶ
1671 1302 1746 1366 τὸ
1802 1300 2100 1378 δηλαδή
2157 1297 2565 1376 όξυνόμενον.
2651 1296 2728 1360 τὸ
2782 1297 2852 1358 δὲ
2909 1295 2999 1372 μή

432 1403 937 1484 ἀπαγορευτικὸν
982 1405 1082 1469 καὶ
1133 1405 1222 1484 νή
1276 1404 1379 1468 καὶ
1421 1404 1460 1481 ἥ
1505 1402 1644 1469 ἀντὶ
1697 1406 1815 1467 τοῦ
1862 1401 1952 1466 ὡς
1995 1403 2098 1466 καὶ
2139 1401 2243 1482 φή
2291 1401 2425 1480 «φὴ
2479 1398 2628 1463 νέος
2678 1396 2796 1460 οὐκ
2838 1396 3000 1461 άπά-

434 1511 713 1586 λαμνος»
759 1506 951 1584 χωρὶς
993 1510 1110 1571 τοῦ
1154 1508 1188 1568 ἶ
1237 1506 1549 1586 γράφεται
1604 1506 1707 1570 καὶ
1760 1505 2066 1570 ὀξύνεται.
2154 1504 2255 1567 καὶ
2306 1503 2387 1566 τὰ
2439 1500 2876 1578 καθαρεύοντα
2919 1501 3001 1577 μὴ
3040 1503 3104 1554 10

434 1612 754 1687 δηλοῦντα
805 1607 1046 1687 χρόνον
1104 1607 1393 1675 ὀξύνεται
1432 1597 1596 1672 ὀἷον
1642 1607 1713 1686 ἰή
1758 1604 1861 1685 ὠή
1909 1606 2061 1683 ἰωή.
2150 1605 2307 1669 ὥςτε
2353 1603 2585 1667 λοιπὸν
2630 1601 2688 1665 εἴ
2729 1623 2786 1664 τι
2831 1601 2919 1665 εἰς
2963 1604 3002 1676 ἦ

435 1712 612 1788 λήγει
655 1711 757 1775 καὶ
800 1710 905 1774 ἐπὶ
945 1711 1111 1776 τέλει
1154 1711 1271 1776 τόν
1300 1710 1496 1775 τόνον
1542 1710 1706 1792 ἔχει,
1747 1713 1943 1774 τοῦτο
1988 1710 2090 1772 καὶ
2121 1710 2490 1785 περιςπᾶται
2535 1704 2637 1769 καὶ
2678 1704 2753 1766 τὸ
2798 1705 2830 1764 ῑ
2873 1703 3003 1781 ἔχει

433 1813 1054 1892 προςγεγραμμένον.

606 1915 718 1978 Καὶ
756 1915 832 1979 τὸ
879 1914 1036 1998 ἰδίᾳ
1080 1916 1151 1979 δὲ
1194 1913 1296 1978 καὶ
1338 1914 1670 1998 δημοςίᾳ
1715 1913 1846 1978 ἀπὸ
1891 1916 2140 1989 δοτικῆς
2183 1911 2441 1987 γέγονε·
2500 1910 2600 1982 καὶ
2641 1910 2718 1973 τὸ
2762 1928 3003 1972 κατω-

387 2045 391 2056 ·
434 2016 628 2101 κάρᾳ
670 2016 830 2095 παρ’
869 2016 1221 2095 Ἀθηναίοις
1276 2017 1652 2100 «κατωκάρα
1698 2016 1890 2095 ῥίψας
1933 2035 2006 2093 με
2051 2013 2538 2095 βουκολήςεται»
2585 2009 2819 2090 (Arist.
2854 2008 3001 2071 Pac.
3041 2015 3103 2065 15

438 2116 586 2202 153)
632 2118 942 2197 ἐπίρρημά
984 2119 1107 2184 ἐςτι
1154 2118 1458 2184 ςύνθετον
1503 2120 1604 2183 καὶ
1634 2119 1745 2183 ςὺν
1775 2124 1867 2201 τῷ
1898 2119 1929 2179 ἰ
1956 2116 2286 2196 γράφεται.
2344 2115 2419 2178 τὸ
2452 2114 2600 2195 ἁμᾷ
2631 2112 2694 2176 οἱ
2723 2110 3004 2190 Δωριεῖς

434 2227 776 2298 περιςπῶςι
817 2221 918 2285 καὶ
953 2222 1031 2286 τὸ
1071 2226 1321 2305 παντᾷ
1361 2222 1570 2299 ὥςπερ
1613 2222 1713 2285 καὶ
1757 2220 1834 2283 τὸ
1876 2223 2133 2300 κρυφᾷ
2173 2217 2347 2296 παρὰ
2375 2215 2681 2297 Πινδάρῳ
2715 2211 3001 2298 (Olymp.

432 2320 467 2384 I
515 2321 652 2405 75)·
699 2324 995 2388 τοιοῦτόν
1041 2324 1111 2388 δέ
1155 2325 1279 2389 ε’ςτι
1324 2325 1426 2390 καὶ
1468 2324 1543 2388 τὸ
1588 2322 1716 2405 ἁμᾷ
1761 2319 1985 2405 (Pyth.
2017 2316 2125 2381 ΙΙΙ
2169 2319 2280 2401 65)
2327 2318 2456 2381 ἀπὸ
2500 2322 2616 2380 τοῦ
2661 2317 2784 2398 ἁμῇ
2829 2315 3003 2390 γινό-

435 2444 646 2502 μενον.
733 2428 1004 2502 ζητεῖται
1049 2427 1119 2489 δὲ
1163 2427 1233 2489 ἐν
1278 2432 1369 2507 τῷ
1411 2423 1870 2505 περιςπωμένῳ
1915 2423 2072 2504 ἁμᾷ,
2117 2421 2172 2484 εἰ
2214 2420 2697 2499 προςτεθήςεται
2742 2418 2817 2481 τὸ
2861 2420 2909 2480 ῑ.

438 2642 743 2708 Τημενίδος
779 2660 899 2694 cum
936 2646 1071 2694 Lob.
1110 2644 1191 2694 ΕΙ.
1228 2646 1255 2695 1
1289 2647 1388 2695 253
1426 2650 1538 2694 not.
1572 2647 1638 2694 26
1675 2643 2012 2710 Τημενίδεω.
2196 2643 2228 2693 l.
2269 2646 2292 2691 1
2332 2659 2426 2708 pro
2465 2639 2577 2692 εἴτε
2615 2639 2728 2692 ἀπὸ
2764 2640 3007 2691 δοτικῶν

436 2710 539 2832 ῗῖἿ.
570 2710 695 2831 ΤΣ
727 2711 1964 2843 ‘'a‘’ffl‘tz‘d‘&‘sssszzcffzssffisszffioeffissfflz
1999 2710 2047 2764 Εἰ
2064 2711 2212 2833 affl
2251 2710 2507 2846 ῖτξηῖἶὶ
2549 2707 3004 2830 ἳῗυὲἳετὲάίεῖ-

436 2794 1141 2913 ἁμαρτξτρτῖἑριςπαςτὲον’
1171 2849 1260 2899 καὶ
1297 2848 1398 2900 ςὺν
1430 2853 1516 2913 τῷ
1552 2852 1584 2901 ῖ
1619 2820 1906 2914 γραπτέον
1953 2849 2094 2901 κατὰ
2137 2796 2253 2901 ‘roe
2285 2794 2606 2912 ξαρακτῆρα
2650 2849 2772 2897 τῶν
2820 2844 2899 2897 εἰς
2935 2848 3005 2910 τὴ

437 2916 736 2982 ληγόντων
788 2915 1206 2982 ἐπιρρημάτων·
1260 2917 1351 2968 καὶ
1399 2916 1610 2980 ἐλέγχει
1657 2917 1692 2980 ἡ
1740 2917 2037 2984 παράδοςις
2081 2917 2186 2967 τὸν
2226 2915 2581 2980 Ἀρίςταρχον
2617 2914 2816 2977 ἔχουςα
2851 2912 2921 2964 τὸ
2958 2920 3005 2966 ἶ.

437 2983 475 3037 Ε
510 2986 635 3035 656;
672 2984 741 3036 τὸ
779 2982 996 3051 ἁμαρτῇ
1034 2984 1258 3037 δαςέως.
1306 2988 1543 3051 περιςπᾷ
1578 2985 1637 3036 δὲ
1675 2985 1763 3037 καὶ
1801 2986 1832 3037 ό
1873 2983 2280 3050 Ἀςκαλωνίτης
2318 2984 2407 3035 καί
2444 2981 2496 3033 οἱ
2534 2981 2783 3034 πλείους·
2822 2981 3007 3034 ὀξύνει

437 3051 497 3104 δὲ
533 3051 565 3103 ό
606 3050 955 3117 Ἀρίςταρχος
1002 3053 1341 3116 βουλόμενος
1377 3052 1520 3104 αὐτὸ
1555 3056 1658 3104 τοῦ
1696 3044 2022 3119 ἁ“μαρτήδην
2058 3051 2468 3115 ἀποκεκόφθαι·
2504 3051 2589 3101 διὸ
2628 3050 2717 3101 καὶ
2753 3049 2878 3100 κατ’
2912 3051 3008 3101 αὺ-

434 3120 542 3172 τὸν
577 3119 747 3185 χωρὶς
783 3123 885 3172 τοῦ
924 3124 956 3172 ἶ
991 3119 1354 3185 γεγράψεται·
1393 3120 1675 3185 ἐπικρατεῖ
1713 3121 1902 3184 μέντοι
1927 3121 1995 3172 τὸ
2023 3120 2475 3185 περιςπωμενον,
2511 3117 2822 3180 γενόμενον
2857 3118 3008 3182 παρὰ

436 3189 506 3239 τὸ
543 3187 656 3251 ἅμα
694 3188 784 3239 καὶ
818 3188 889 3240 τὸ
924 3188 1080 3253 ἀρτῶ
1121 3190 1291 3253 (quod
1328 3189 1773 3240 adnotamentum
1811 3191 2035 3240 transiit
2071 3190 2127 3238 in
2163 3190 2227 3238 E.
2262 3189 2336 3239 M.
2374 3191 2456 3248 78,
2493 3188 2597 3250 20).
2745 3186 2778 3235 1.
2816 3190 2848 3237 3
2884 3186 3005 3252 διχῇ

435 3283 496 3292 -
538 3255 713 3322 ήςυχῇ
751 3263 881 3308 sunt
916 3274 983 3307 ex
1019 3258 1265 3322 Theogn.
1305 3260 1418 3319 160,
1454 3260 1539 3319 28,
1578 3262 1756 3323 ςιωπῇ
1796 3256 1992 3322 ἐνωπῇ
2031 3258 2271 3322 Theogn.
2301 3259 2415 3318 155,
2450 3259 2498 3307 5.
2554 3282 2617 3291 -
2670 3254 2706 3305 l.
2734 3258 2762 3304 7
2800 3254 2865 3303 de
2903 3257 3009 3306 νῦν

438 3322 506 3388 δή
543 3325 612 3373 cf.
651 3325 828 3379 Schol.
867 3326 940 3375 ad
975 3326 1078 3375 Od.
1119 3326 1151 3375 λ
1191 3327 1310 3376 16οε
1360 3323 1395 3388 ῆ
1433 3326 1538 3375 νῦν
1572 3325 1640 3389 δὴ
1679 3324 1980 3389 Τροίηθεντ
2026 3324 2174 3376 τινὲς
2220 3322 2298 3375 ὡς
2342 3320 2404 3373 ἓν
2451 3321 2615 3386 μέρος
2661 3322 2834 3384 λόγου
2871 3338 3007 3386 παρ-

438 3390 721 3444 οξύνουςιν
756 3392 881 3445 ἀντὶ
916 3395 1019 3444 τοῦ
1057 3391 1264 3457 ἀρτίως
1300 3390 1510 3456 ὁμοίως
1554 3396 1640 3459 τῷ
1678 3392 1889 3444 «οὗτος
1926 3392 2065 3457 ἀνὴρ
2102 3395 2206 3443 νῦν
2251 3392 2318 3455 δὴ
2357 3391 2807 3456 ξυμβλήμενος»,
2848 3407 3008 3456 quem

437 3459 613 3510 locum
657 3462 891 3518 inserui,
940 3467 1066 3526 post
1113 3459 1224 3511 ἐςτι
1267 3461 1454 3511 addidi
1498 3461 1765 3513 ςύνθετον
1810 3477 1878 3511 cx
1923 3462 2027 3511 hoc
2071 3462 2189 3511 loco
2235 3465 2291 3509 et
2336 3461 2514 3510 Schol.
2561 3459 2631 3509 ad
2667 3458 2834 3509 Arist.
2875 3461 3008 3510 Pac.

442 3531 553 3585 153,
627 3529 731 3579 uod
766 3532 956 3580 statim
993 3546 1304 3595 proponam.
1326 3556 1392 3564 —-
1428 3528 1462 3579 l.
1490 3534 1521 3579 9
1558 3529 1648 3579 καὶ
1680 3530 1716 3593 ἥ
1754 3527 1880 3580 ἀντὶ
1913 3530 2015 3579 τοῦ
2044 3527 2121 3580 ὡς
2156 3530 2390 3593 apposui
2417 3544 2485 3578 ex
2510 3528 2755 3591 Theogn.
2787 3529 2901 3589 155,
2931 3530 3008 3577 18.

440 3595 508 3646 de
544 3544 625 3659 φῆ
652 3597 921 3647 Zenodoti
953 3598 1224 3663 scriptura
1257 3598 1327 3647 cf.
1355 3598 1647 3647 Aristonic.
1673 3596 1712 3649 Β
1741 3600 1838 3647 144
1873 3613 1994 3646 cum
2026 3597 2245 3647 Lehrsii
2281 3597 2656 3649 annotatione.
2683 3622 2744 3630 -
2783 3594 2816 3644 1.
2845 3596 2906 3643 12
2942 3595 3008 3643 de

443 3679 459 3713 ι
496 3663 706 3713 subscri
745 3670 802 3714 to
851 3666 921 3714 cf.
965 3666 1035 3715 11.
1080 3666 1230 3719 Pros.
1271 3663 1316 3717 O
1352 3667 1475 3716 209:
1526 3664 1662 3731 όμῇε
1720 3663 2124 3729 περιεπαςτέον
2169 3662 2311 3714 κατὰ
2356 3664 2464 3727 τὴν
2500 3662 2728 3726 δοτικὴν
2775 3664 3006 3723 πτῶςιν,

442 3729 650 3793 ὁμοίως
703 3681 1001 3797 ἕπιθετικῷ
1053 3736 1137 3799 τῷ
1192 3735 1384 3798 θερμῇ.
1455 3728 1544 3783 κάἰ
1596 3732 1703 3797 γὰρ
1756 3732 1895 3795 όμός
1940 3732 2115 3784 αὐτοῦ
2163 3731 2233 3782 τὸ
2278 3730 2567 3795 ἀρςενικὸν
2619 3729 2829 3794 ὁμοίως
2875 3730 3009 3781 κατ’

442 3797 628 3851 ὀξεῖαν
660 3797 815 3849 τάςιν
849 3799 958 3851 «οὐ
994 3799 1100 3865 γὰρ
1136 3799 1371 3852 πάντων
1410 3799 1512 3864 ῆεν
1548 3800 1688 3864 ὁμὸς
1724 3800 1934 3866 θρόος»
1970 3800 2055 3863 (11.
2092 3800 2142 3851 Δ
2175 3800 2321 3864 4337)·
2358 3800 2449 3850 καὶ
2483 3798 2553 3849 τὸ
2590 3797 2889 3862 οὐδέτερον
2925 3797 3005 3860 «ἦ

443 3865 552 3929 μὰν
586 3864 977 3931 ἀμφοτέροιςιν
1011 3867 1155 3931 όμὸν
1190 3867 1397 3931 γένος»
1434 3869 1521 3931 (11.
1563 3869 1604 3921 Ν
1644 3870 1784 3931 354).
1834 3865 2160 3934 παράκειταί
2194 3881 2257 3917 τε
2292 3866 2362 3918 τὸ
2397 3865 2672 3932 ἐπίρρημα
2707 3866 2777 3917 τὸ
2813 3864 2890 3918 εἰς
2927 3870 3011 3917 ιἰῑῖ

441 3935 617 3998 λῆγον
652 3933 1077 3999 περιςπώμενον
1112 3934 1191 3988 ὡς
1227 3938 1447 4000 θερμῶς
1483 3937 1683 4000 «ὁμῶς
1732 3936 1793 3987 δέ
1829 3951 1916 3989 τοι
1961 3938 2099 4000 ἤπια
2144 3934 2343 3987 οἶδεν»
2389 3936 2514 3997 (Od.
2551 3950 2584 3984 ν
2618 3937 2760 3996 405).
2833 3937 3008 3998 Quum

441 4017 459 4053 ι
495 4002 701 4053 vocalis
737 4004 1065 4068 subscriptio
1101 4019 1134 4053 a
1173 4005 1499 4069 quibusdam
1534 4006 1908 4071 grammaticis
1949 4003 2358 4070 reprobaretur,
2405 4004 2755 4053 Herodianus
2802 4003 3010 4067 pariter

442 4076 608 4135 atquc
644 4070 893 4136 Aponon.
931 4072 999 4122 dc
1036 4071 1258 4123 adverb.
1297 4089 1350 4138 p.
1388 4074 1486 4124 561
1534 4089 1731 4125 causas
1780 4075 1899 4124 eius
1943 4074 2242 4139 scripturae
2277 4072 2383 4121 hoc
2418 4072 2540 4121 loco
2575 4071 2884 4121 accuratius
2921 4086 3011 4119 ex-

441 4139 691 4203 posuisse
727 4138 1002 4203 putandus
1038 4144 1149 4201 est,
1197 4155 1302 4204 quo
1341 4141 1494 4190 ducit
1537 4143 1705 4191 etiam
1741 4142 1805 4191 Ε.
1842 4144 1915 4192 Μ.
1952 4142 2043 4203 78,
2077 4143 2170 4198 43,
2215 4140 2312 4190 ubi
2357 4156 2424 4189 ex
2461 4139 2826 4189 Chocrobosci
2872 4137 3010 4188 libro

440 4206 568 4270 περὶ
605 4205 917 4289 ποςότητος
954 4208 1093 4257 haec
1131 4209 1399 4258 citantur:
1439 4207 1587 4269 λέγει
1624 4209 1656 4259 ό
1691 4209 1946 4272 τεχνικὸς
1981 4208 2050 4259 τὸ
2086 4207 2262 4273 ήςυχῇ
2290 4207 2379 4257 καὶ
2400 4205 2541 4271 ἄλλη
2568 4205 2753 4258 καὶτὰ
2776 4207 3010 4257 τοιαῦτα

439 4273 529 4326 διὰ
562 4276 737 4325 τοῦτο
773 4288 872 4326 ςυν
906 4278 991 4339 τῷ
1027 4277 1060 4326 ῑ
1096 4273 1429 4339 γράφεςθαι,
1468 4275 1659 4340 ἐπειδὴ
1697 4276 1811 4328 ἀπὸ
1848 4277 2072 4340 δοτικῆς
2108 4274 2332 4338 γέγονε·
2372 4275 2460 4326 ὅτι
2493 4273 2599 4338 γὰρ
2635 4273 2748 4325 ἀπὸ
2786 4273 3010 4336 δοτικῆς

438 4342 665 4406 γέγονε,
702 4342 862 4408 δηλοῖ
896 4341 965 4393 τὸ
1001 4341 1205 4407 ταύτῃ·
1245 4342 1358 4393 ἔςτι
1391 4342 1498 4407 γὰρ
1533 4343 1677 4408 αὕτη
1715 4343 1750 4406 ἡ
1790 4344 2003 4410 εὐθεῖα,
2050 4344 2084 4406 ἡ
2124 4344 2316 4407 γενικὴ
2352 4341 2563 4406 ταύτης
2608 4342 2699 4392 καὶ
2742 4341 2778 4404 ἡ
2816 4341 3008 4405 δοτικὴ

438 4410 644 4476 ταύτῃ·
681 4408 731 4461 εἰ
765 4408 873 4475 ἄρα
907 4408 1011 4462 οὖν
1046 4408 1283 4472 λέγομεν
1319 4411 1541 4477 «ταύτῃ
1580 4410 1960 4475 ἀπέλθωμεν»
2005 4412 2096 4463 καὶ
2139 4411 2207 4463 ού
2246 4410 2482 4473 λέγομεν
2517 4409 2704 4475 «αὕτη
2752 4407 3010 4460 ἀπέλθω-

403 4508 416 4525 .
442 4491 585 4542 μεν»
620 4478 794 4543 δῆλον
829 4477 916 4529 ὅτι
951 4476 1065 4529 ἀπὸ
1110 4477 1333 4542 δοτικῆς
1377 4478 1634 4541 γέγονεν·
1686 4477 1737 4530 εἰ
1778 4480 1840 4531 δέ
1883 4482 2057 4532 τοῦτο
2102 4479 2215 4532 ἀπὸ
2262 4478 2484 4543 δοτικῆς
2529 4478 2789 4541 γέγονεν,
2836 4476 3012 4541 δῆλον

441 4545 529 4597 ὅτι
567 4546 657 4597 καὶ
690 4544 762 4597 τὰ
798 4544 940 4597 ἄλλα
975 4544 1047 4597 τὰ
1084 4544 1288 4610 ἔχοντα
1321 4546 1391 4600 τὸ
1427 4550 1459 4597 ἶ
1496 4545 1610 4598 ἀπὸ
1648 4546 1870 4611 δοτικῆς
1908 4547 2214 4610 γεγόναςιν.
2285 4548 2356 4597 ef.
2396 4552 2681 4613 praeterea
2716 4546 2819 4609 Ep.
2858 4546 2947 4595 Cr.
2985 4546 3013 4595 1

442 4617 556 4678 185,
594 4617 674 4676 15,
710 4615 805 4679 qui
839 4630 960 4665 cum
995 4620 1181 4664 nostro
1215 4614 1339 4664 loco
1375 4616 1590 4666 omnino
1627 4617 1909 4680 congruit,
1947 4617 2125 4680 Epim.
2162 4617 2218 4667 in
2256 4615 2457 4667 Psalm.
2495 4618 2577 4677 96,
2615 4617 2697 4665 30.
2871 4612 2904 4663 1.
2947 4615 3010 4664 14

444 4681 510 4730 de
557 4679 665 4747 ἰδίᾳ
708 4680 943 4749 δημοςίᾳ
988 4683 1060 4732 cf.
1095 4681 1344 4747 Apollon.
1393 4682 1458 4732 de
1504 4683 1628 4733 adv.
1666 4684 1766 4732 560
1812 4698 1991 4748 seqq.,
2039 4685 2131 4747 qui
2176 4683 2243 4734 de
2288 4683 2375 4733 his
2423 4687 2616 4733 contra
2659 4682 3011 4763 Tryphonem

442 4751 854 4801 accuratissime
892 4751 1023 4815 egit.
1056 4777 1124 4787 —
1159 4749 1224 4800 do
1262 4748 1561 4816 κατωκάρα
1598 4750 1780 4801 Schol.
1822 4751 1895 4800 ad
1919 4752 2083 4802 Arist.
2107 4753 2234 4801 Pac.
2264 4754 2386 4802 153:
2428 4748 2705 4815 ἐπίρρημα
2741 4751 3011 4800 ςυνθετον

444 4815 534 4865 καὶ
569 4815 668 4867 ςὺν
700 4821 785 4882 τῷ
820 4821 854 4869 ῖ
890 4816 1093 4882 γράφει
1128 4817 1478 4881 Ἡρωδιανὸς.
1515 4846 1581 4854 -
1618 4818 1651 4871 l.
1694 4821 1891 4869 16—19
1936 4823 2065 4870 sunt
2100 4834 2168 4868 ex
2206 4818 2388 4869 Schol.
2428 4818 2498 4868 ad
2534 4818 2691 4869 Pind.
2729 4817 2890 4882 Pyth.
2918 4818 3010 4868 ΙΙΙ

442 4885 510 4934 65
544 4885 665 4934 ubi:
702 4885 773 4936 τὸ
808 4882 949 4952 ἁμᾷ,
986 4885 1063 4938 ὡς
1100 4885 1438 4950 Ἡρωδιανὸς
1473 4901 1641 4952 φηςιν
1677 4885 1740 4940 ἐν
1775 4890 1848 4953 τῇ
1886 4876 1982 4952 ιθ’,
2018 4884 2073 4938 οἱ
2107 4884 2259 4950 Δωρ.
2308 4884 2385 4938 εἰς
2433 4888 2550 4939 κτλ.
2623 4885 2915 4937 Caeterum
2950 4886 3007 4936 in

3146 2427 3167 2456 Χ
