3664 5546
1173 403 1333 459 Περι
1374 400 1762 459 κΑΘοΛικΗς
1797 400 2217 458 ΠΡοςΩιΔιΑς
2255 400 2316 457 ο.
2907 398 3030 467 227

463 575 668 660 τρίτῳ.
755 575 835 640 τά
900 575 971 640 δὲ
1038 574 1354 640 ἑπιθετικὰ
1419 575 1549 654 πρὸ
1611 579 1729 641 τοῦ
1793 578 1847 655 ᾧ
1912 574 2147 656 ἔχοντα
2209 575 2249 653 μ
2313 572 2630 657 ὀξύνεται,
2695 574 3032 656 κομψός,

462 676 792 758 γαμψόα
2643 732 2649 737 .

628 780 723 845 Τὰ
764 778 854 845 εἰς
896 782 1031 859 ’ῷῖἴὲ
1075 780 1583 860 ὑπερδιςύλλαβα
1625 779 1945 863 ὀξύνεται,
1988 779 2353 859 Λυκαψός
2397 780 2573 859 κώμη
2615 778 2882 857 πληςίον
2913 780 3031 844 Λυ-

464 883 614 948 δίας.
685 881 1025 962 Εὐφορίων
1069 882 1398 967 Διονύςῳ·
1443 883 1835 962 κινδαψός
1878 882 1981 947 καὶ
2025 880 2451 961 ςκινδαψός
2496 880 2780 960 ὀργάνου
2825 880 3033 960 ὄνομα

462 987 563 1050 καὶ
607 984 845 1063 κύριον.
931 985 1163 1048 τίθεται
1209 983 1308 1048 καὶ
1351 983 1494 1048 κατ’
1538 983 1808 1049 οὐδενὸς
1857 984 1946 1065 ὡς
1989 985 2065 1049 τὸ
2108 984 2545 1065 τραγέλαφος,
2590 983 3029 1064 χορδαψός,
3061 990 3092 1037 5

468 1085 857 1168 Κυδαψός,
904 1085 1260 1166 Γαληψός
1302 1086 1487 1151 πόλις
1532 1086 1782 1168 Θρᾴκης
1824 1086 1928 1151 καὶ
1969 1086 2291 1151 Παιόνων.
2378 1085 2701 1150 Ἑκαταῖος
2745 1084 3032 1169 Εὐρώπῃ.

464 1186 854 1266 Θουκυδίδης
897 1187 1165 1272 τετάρτῃ
1207 1188 1287 1269 (ο.
1337 1186 1485 1268 107)
1543 1188 1687 1252 «καὶ
1733 1187 2027 1267 Γαληψός
2072 1187 2152 1252 ού
2196 1190 2423 1273 πολλῷ
2476 1188 2741 1266 ὕςτερον
2786 1188 2888 1251 καὶ
2930 1186 3035 1251 Οἰ-

464 1291 621 1370 ςύμη
638 1318 682 1354 n.
749 1289 1103 1368 ὠνόμαςται
1148 1290 1220 1354 δὲ
1259 1287 1394 1354 ἀπὸ
1442 1291 1741 1370 Γαληψοῦ
1769 1292 1902 1367 ,τοῦ
1945 1288 2015 1353 ἐκ
2059 1289 2273 1355 Θάςου
2314 1290 2417 1355 καὶ
2445 1289 2755 1371 Τηλέφης.
2811 1288 3035 1367 Αἰδη-

466 1392 616 1471 ψός
659 1391 845 1456 πόλις
889 1389 1169 1472 Εὐβοίας.
1237 1390 1532 1472 (τράβων
1580 1392 1786 1474 ἐνάτῳ
1834 1388 1926 1477 (p.
1969 1388 2124 1473 425)
2171 1395 2407 1456 «κεῖται
2452 1394 2523 1457 δὲ
2567 1391 2711 1457 κατ’
2744 1391 3035 1470 Αἰδηψόν

464 1496 575 1572 τῆς
606 1493 902 1575 Εὐβοίας,
947 1492 1116 1557 ὅπου
1158 1493 1240 1558 τὰ
1283 1482 1494 1573 θερμόΐ
1527 1495 1766 1572 λουτρὰ
1794 1492 2239 1572 Ἡρακλέους».
2296 1486 2657 1574 Λαδεψός
2699 1493 2801 1556 καὶ
2844 1494 3034 1571 Τρα-
3078 1500 3138 1550 10
3182 1504 3191 1513 '

465 1595 700 1675 νιψός
776 1594 928 1673 ἔθνη
994 1595 1240 1660 Θυνῶν.
1364 1595 1749 1675 Θεόπομπος
1827 1594 2043 1678 ὀγδόῳ
2109 1594 2506 1673 Ἑλληνικῶν.
2616 1595 3035 1675 Τακομψός

466 1700 642 1778 κώμη
687 1697 757 1763 ἐν
801 1700 938 1761 τοῖς
983 1696 1184 1775 ὁρίοις
1227 1695 1583 1774 Αἰγυπτίων
1638 1697 1740 1761 καὶ
1781 1696 2100 1762 Αἰθιόπων
2144 1698 2308 1775 πρὸς
2360 1703 2436 1781 τῇ
2479 1697 2639 1782 Φίλῃ
2683 1697 2884 1782 νήςῳ,
2946 1697 3036 1762 ὡς

468 1798 908 1879 Ἀριςταγόρας
952 1797 1023 1863 ἐν
1067 1798 1504 1876 Αἰγυπτιακῶν
1546 1800 1800 1883 πρώτῳ.

635 1901 730 1965 Τὰ
782 1899 871 1965 εἰς
923 1904 1010 1963 δῖ
1077 1901 1360 1979 λήγοντα
1425 1900 1735 1980 οὐδέτερα
1799 1900 2085 1981 ὀνόματα
2148 1900 2247 1966 ἀεὶ
2312 1902 2676 1985 βαρύνεται,
2739 1904 3036 1984 τεῖχος,

471 2004 732 2086 βέλος,
775 2002 1052 2084 πάθος,
1082 2003 1461 2086 πέλαγος,
1508 2002 1739 2085 ὕψος,
1785 2002 2019 2085 ὕφος,
2051 2003 2377 2086 ςκύφος,
2423 2007 2731 2085 ςτῖφος,
2762 2004 3038 2090 δίψος,
3078 2011 3139 2062 15

471 2106 716 2185 νέφος
772 2104 1098 2185 βρέφος,
1160 2108 1477 2187 λαῖφος,
1532 2103 1841 2188 αῖςχος,
1907 2107 2169 2188 δέλος,
2226 2107 2435 2187 δέος,
2489 2105 2750 2188 κλέος,
2817 2106 3035 2186 μέγε-

471 2213 637 2289 θος,
683 2207 1064 2284 ςτέλεχος.
1154 2206 1217 2271 αἱ
1262 2209 1332 2271 δὲ
1376 2207 1637 2286 μετοχαὶ
1682 2207 2011 2287 οὐδέτεραι
2056 2207 2423 2289 ὀξύνονται,
2480 2207 2848 2290 τετυφός,
2904 2228 3035 2272 πε-

470 2308 838 2391 ποιηκός,
882 2308 1312 2391 γεγραφός,
1357 2308 1567 2388 ὥςπερ
1611 2309 1713 2373 καὶ
1755 2308 1819 2373 αἱ
1862 2308 2191 2388 ἀρςενικαί.

827 2818 1001 2884 ΠΕΡΙ
1047 2819 1323 2884 ΤΟΝΟΥ
1365 2820 1525 2885 ΤΩΝ
1578 2820 2191 2887 (ΥΝΤΙΘΕΜΕΝΩΝ
2237 2820 2699 2886 ΟΝΟΜΑΤΩΝ.

1566 3008 1837 3082 stennon
1873 3002 1937 3061 o‘.
3075 3015 3144 3066 20

1413 3179 1607 3258 Περὶ
1650 3183 1801 3243 τῶν
1847 3179 1957 3244 εἰς
2002 3181 2102 3242 ῖῖξ.

642 3313 734 3378 Τὰ
796 3312 926 3378 ἀπὸ
990 3318 1120 3378 τῶν
1186 3312 1274 3379 εἰς
1325 3317 1407 3377 ff
1471 3315 2058 3394 προπαροξυτόνων
2132 3315 2396 3380 ςύνθετα
2464 3315 3040 3399 προπαροξύνεται,

476 3414 1145 3498 φιλαλέξανδρος,
1192 3416 1786 3500 φιλάνθρωπος,
1831 3417 2335 3498 εύςτέφανος.

644 3516 737 3581 Τὰ
780 3515 909 3580 ἀπὸ
953 3521 1084 3580 τῶν
1129 3517 1216 3582 εἰς
1251 3522 1328 3582 ἃ
1357 3519 1751 3599 διςυλλάβων
1781 3520 2239 3598 παροξυτόνων
2269 3520 2843 3607 προπαροξύνεται,
2887 3519 3041 3583 νόος

476 3619 904 3699 Ἀλκίνοος,
957 3617 1197 3683 πόντος
1252 3619 1824 3698 Ἑλλήςποντος
1880 3621 1917 3686 ὁ
1971 3621 2210 3688 κόλπος
2264 3623 2365 3687 καὶ
2416 3621 2456 3700 ἡ
2511 3624 2691 3701 χώρα
2742 3623 2782 3701 ἡ
2835 3641 3036 3698 παρα·
3074 3631 3140 3682 25

487 3775 562 3782 —o-

783 3773 871 3781 ——-

609 3891 646 3941 1.
681 3893 714 3941 3
760 3890 850 3941 hic
895 3906 1070 3941 canon
1116 3908 1203 3957 ap.
1248 3892 1328 3944 St.
1362 3894 1427 3944 B.
1476 3908 1517 3944 s.
1559 3891 1842 3960 Γαληψός,
1888 3894 2031 3946 unde
2077 3897 2301 3946 transiit
2342 3896 2398 3945 in
2444 3896 2507 3948 Ε.
2546 3896 2618 3948 Μ.
2658 3897 2782 3958 219,
2818 3897 2911 3956 45,
2961 3894 3041 3943 sic

473 3959 778 4024 profertur:
815 3956 889 4009 τὰ
923 3957 1001 4010 εἰς
1037 3963 1143 4022 ψος
1179 3958 1618 4025 ὑπερδιςύλλαβα
1655 3960 1939 4028 ὀξύνεται,
1988 3961 2285 4028 ςκινδαψός
2329 3961 2573 4028 ὀργάνου
2611 3962 2788 4026 ὄνομα
2824 3961 2914 4012 καὶ
2951 3961 3042 4012 κύ-

475 4041 613 4091 ριον,
651 4024 864 4079 τίθεται
901 4027 990 4079 καὶ
1028 4027 1161 4078 κατ’
1195 4026 1428 4080 οὐδενὸς
1466 4028 1543 4081 ὡς
1578 4029 1959 4095 τραγέλαφος,
1997 4031 2268 4096 χεραψός,
2307 4047 2405 4097 pro
2443 4046 2548 4096 quo
2572 4030 2810 4083 Meiuek.
2850 4028 3042 4093 χορδα-

476 4094 581 4156 ψός
636 4111 702 4144 ex
747 4095 981 4145 Arcadio
1035 4097 1369 4148 substituere
1421 4097 1568 4160 vult,
1623 4098 1900 4164 Λυκαψός.
1979 4101 2086 4150 Hic
2132 4100 2297 4149 Mein.
2350 4115 2446 4164 pro
2502 4097 2760 4163 Καλυψός
2786 4127 2787 4130 =
2812 4099 2933 4148 Arc.
2989 4103 3046 4146 et

478 4161 735 4227 Καλυψός
781 4161 852 4213 τό
897 4162 1057 4215 ἔθνος
1093 4163 1243 4215 Theo
1324 4202 1337 4215 .
1384 4166 1727 4218 scribendum
1772 4167 1917 4218 vidit
1951 4166 2239 4229 Λυκαψός,
2287 4167 2429 4230 quod
2477 4182 2543 4216 ex
2580 4167 2661 4217 St.
2699 4169 2761 4217 B.
2807 4166 3041 4230 explevi,

474 4246 598 4283 nam
635 4246 720 4297 ap.
759 4231 1007 4297 Theogn.
1047 4237 1174 4283 ante
1211 4181 1479 4285 τῖηέθνος
1515 4250 1708 4285 nomen
1746 4236 1930 4300 gentis
1965 4251 2012 4287 e.
2037 4251 2090 4300 g.
2128 4233 2381 4298 Λαδεψός
2417 4234 2639 4284 excidit.
2668 4262 2728 4269 —
2763 4234 2847 4283 Ex
2871 4233 2951 4283 St.
2978 4233 3044 4281 Β.

475 4298 666 4349 addidi
703 4300 873 4350 etiam
912 4301 1138 4350 formam
1175 4300 1473 4366 ςκινραψός
1518 4303 1590 4352 ad
1625 4302 1851 4353 Arcadii
1886 4300 2153 4366 κινδαψός
2190 4307 2248 4352 et
2283 4302 2530 4367 explevi3
2580 4303 2801 4351 nomina
2846 4300 2973 4351 inde
3013 4316 3044 4349 a

479 4365 734 4430 Κυδαψός
770 4383 943 4432 usque
980 4367 1051 4418 ad
1087 4367 1246 4419 finem
1282 4371 1537 4436 apposita
1573 4376 1702 4421 suut
1748 4387 1815 4420 ex
1852 4370 1931 4424 St.
1971 4372 2031 4421 B.
2071 4374 2305 4419 accentu
2352 4369 2738 4419 vocabulorum
2776 4366 3042 4433 Αἴδηψος,

478 4433 775 4499 Τάκομψος
822 4436 1115 4487 secundum
1157 4436 1297 4488 hune
1341 4443 1588 4489 nostrum
1636 4453 1900 4490 canonem
1944 4442 2187 4499 mutat03
2230 4435 2509 4500 Γαληψός,
2549 4434 2832 4501 Τρανιψός
2876 4437 3045 4486 habet

477 4505 639 4553 etiam
674 4503 919 4569 Theogn.
959 4507 1040 4568 77,
1079 4507 1128 4555 2.
1300 4505 1338 4554 1.
1376 4509 1438 4556 15
1482 4504 1628 4570 ὕφος
1665 4533 1730 4541 —-
1767 4503 2025 4568 ςτέλεχος
2071 4520 2140 4554 ex
2174 4505 2417 4622 Theoqn.
2457 4520 2508 4570 p.
2546 4506 2611 4555 76
2648 4510 2707 4555 et
2741 4507 2806 4555 77
2853 4504 3045 4553 addita

479 4577 604 4620 flunt
636 4579 859 4637 praeter
893 4571 1094 4636 νέφος,
1135 4574 1278 4637 quod
1314 4573 1550 4625 accessit
1593 4589 1662 4624 ex
1697 4574 1797 4639 Ep.
1837 4573 1924 4640 Cr.
1962 4575 1989 4624 1
2025 4575 2140 4626 872.
2250 4599 2261 4608 x
2369 4609 2381 4621 .
2416 4574 2481 4622 22
2533 4570 2648 4624 ἀπὸ
2695 4573 2816 4623 τῶν
2862 4569 2940 4622 είς
2985 4574 3047 4622 ῑῖς

479 4638 994 4703 προπαροξυτόνων
1035 4656 1135 4705 pro
1180 4640 1259 4693 εἰς
1301 4644 1371 4693 ο-ς
1414 4640 1758 4692 scribendum
1801 4656 1925 4691 esse
1969 4643 2173 4693 clarum
2220 4645 2323 4694 est.
2393 4640 2615 4706 Trypho
2659 4656 2745 4706 ap.
2794 4639 3045 4693 Eustath.

483 4707 625 4769 1447,
668 4709 760 4757 46:
801 4705 981 4758 ίςτέον
1016 4707 1104 4759 ὅτι
1139 4707 1379 4773 ἀπορίαν
1415 4708 1552 4773 ἔχει,
1598 4709 1724 4760 πῶς
1759 4707 1974 4772 δήποτε
2011 4710 2044 4761 ὁ
2082 4708 2182 4772 μὲν
2218 4706 2463 4771 ἔμπορος
2500 4709 2589 4760 καὶ
2627 4705 3048 4771 μεγαλέμπορος

481 4786 670 4836 προπα
740 4773 999 4827 ξύνονται
1034 4778 1137 4842 τῆς
1173 4775 1355 4830 ὀξείας
1390 4780 1493 4828 τοῦ
1531 4775 1706 4840 πόρος
1743 4774 2225 4842 ἀναςτελλομένης
2273 4775 2335 4826 ἐν
2371 4775 2591 4841 αὐτοῖς,
2644 4775 2722 4826 ὥς
2759 4789 2871 4826 που
2908 4773 3047 4839 φρά-

479 4841 557 4892 ζει
595 4840 625 4891 ὁ
697 4841 926 4906 ρύφων,
965 4842 999 4894 ὁ
1033 4843 1093 4894 δὲ
1132 4843 1482 4909 λογεμπόρος
1518 4842 1671 4908 παρὰ
1703 4848 1824 4896 τοῖς
1860 4843 2093 4911 ὔςτερον
2119 4841 2440 4907 κατεβίβαςε
2477 4844 2583 4896 τὸν
2617 4844 2791 4895 τόνον
2827 4841 2906 4894 εἰς
2930 4843 3048 4912 ,τὴν

481 4909 923 4975 παραλήγουςαν.
1129 4914 1164 4965 l.
1202 4917 1267 4964 24
1310 4909 1653 4975 διςυλλάβων
1698 4916 1949 4978 apposui.
2022 4910 2425 4977 Ἑλλήςποντος
2474 4913 2691 4979 explevi
2737 4927 2802 4962 ex
2852 4912 2931 4961 St.
2967 4912 3048 4974 B.,

2518 4995 2645 5060 15*
