3664 5546
629 382 751 449 180
1557 383 1640 439 εκ
1677 383 1817 438 ‘mu
1860 383 2269 438 ΗΡΩΔΙΑΝοΥ

622 554 725 619 καὶ
777 552 1191 635 Ἀρβαξανοί»
1259 552 1650 635 Θεόπομπος
1715 560 2189 639 τεςςαρακοςτῷ
2253 553 2462 639 τρίτῳ.
2551 553 2960 632 Ἀγριανός
3019 552 3208 618 ἔθνος

620 658 929 736 προςεχὲς
982 659 1122 722 τοῖς
1170 657 1555 723 Καδουςίοις.
1643 656 2141 736 Ἀπολλόδωρος
2197 657 2495 740 δευτέρῳ.
2582 654 3208 734 Ἀςπουργιανός

619 758 808 825 ἔθνος
872 761 1006 824 τῶν
1070 760 1220 839 περὶ
1284 762 1401 840 τὴν
1467 761 1753 826 Μαιῶτιν
1820 758 2062 839 λίμνην.
2172 757 2473 839 (τράβων
2540 758 2843 837 ἑνδεκάτῃ
2907 758 3002 843 (Ρ.
3049 755 3207 836 495)

621 862 915 927 «τούτων
958 862 1024 926 δ’
1080 861 1195 929 εἰςὶ
1247 864 1350 929 καὶ
1393 863 1884 943 Ἀςπουργιανοὶ
1937 863 2167 942 μεταξὺ
2223 860 2666 940 Φαναγορείας
2721 860 3049 925 οἰκοῦντες
3105 860 3208 924 καὶ

556 966 590 1018 5
622 964 661 1027 Γ
664 964 1060 1043 οργιππίας».
1106 949 1121 978 ²
1156 966 1566 1032 Βελιτανοί
1611 965 1675 1031 οἱ
1718 964 1907 1029 αὐτοὶ
1958 967 2098 1029 τοῖς
2142 963 2558 1028 Λουςιτανοῖς
2612 961 2704 1028 ὡς
2749 962 3206 1042 Ἀρτεμίδωρος

615 1067 685 1131 ἐν
729 1066 905 1152 τρίτῃ
947 1068 1568 1148 γεωγραφουμένων.
1666 1064 2176 1132 (ινοεςςανοί
2230 1064 2420 1130 ἔθνος
2465 1065 2795 1148 Ἰταλικόν,
2852 1065 2943 1130 ὼς
2985 1064 3204 1129 Πολύ-

615 1171 752 1248 βιος
797 1167 867 1235 ἐν
911 1168 1119 1254 τρίτῳ.
1190 1169 1800 1250 Φρουρεντανός
1843 1168 2032 1235 ἔθνος
2075 1167 2352 1233 Ἰταλίας.
2420 1167 2880 1246 Ἀρτεμίδωρος
2921 1167 3206 1251 τετάρτῳ

613 1272 1237 1351 γεωγραφουμένων.
1324 1271 1747 1364 Φωρμῆανοί
1800 1272 1990 1337 πόλις
2043 1270 2303 1336 Ἰταλίας
2357 1270 2464 1334 καὶ
2516 1269 2594 1335 τὸ
2640 1269 2892 1335 έθνικὸν
2938 1268 3203 1351 ὁμοφώ-

611 1393 761 1438 νως.
852 1373 1352 1458 Μυρλεανός,
1396 1373 1725 1459 Τεανός,
1770 1373 2127 1440 ἀκεανός.
2214 1373 2290 1439 τὸ
2345 1373 2417 1438 δὲ
2467 1372 2869 1453 Κάρβανος
2924 1360 3068 1437 ἀπο
3098 1391 3202 1449 γε-

513 1479 579 1531 10
612 1476 789 1554 νικῆς
833 1474 1049 1540 εὐθεῖα
1090 1475 1507 1557 παραγομένη
1554 1476 1908 1556 βαρύνεται.
3263 1481 3274 1495 ’

778 1596 817 1633 ⁴*
864 1578 960 1643 Τά
1003 1577 1093 1644 εἰς
1136 1583 1289 1644 ᾶὸς
1341 1581 1423 1659 μὴ
1479 1577 1639 1644 ὄντα
1694 1578 1998 1660 μετοχικᾶ
2049 1577 2213 1657 ὑπὲρ
2268 1577 2388 1643 δύο
2434 1577 2752 1658 ςυλλαβὰς
2793 1577 3201 1656 προπαροξύ-

610 1700 818 1765 νεται,
861 1681 1181 1747 Ἕλενος
1226 1681 1436 1760 ὄνομα
1464 1681 1719 1765 κύριον,
1764 1680 2046 1762 ἔβενος
2090 1679 2267 1745 εἶδος
2297 1679 2528 1762 ξύλου,
2572 1678 2901 1756 Ὤγενος
2931 1678 3201 1759 ἀρχαῖος

611 1782 792 1865 θεός,
836 1779 1169 1848 Ὤλενος
1213 1783 1403 1849 πόλις
1432 1782 1686 1862 Ἀχαΐας
1729 1782 1834 1847 καὶ
1861 1781 2167 1848 Αἰτωλίας
2198 1784 2486 1862 θηλυκῶς
2513 1781 2845 1861 λεγομένη.
2891 1781 3201 1861 Αίςχύλος

618 1883 844 1963 Καρςίν
913 1885 1071 1964 «τὴν
1136 1884 1430 1964 αἰπεινὴν
1491 1885 1725 1953 Ζαθέαν
1786 1882 2067 1951 Ὤλενον
2083 1907 2128 1948 ».
2218 1882 2556 1964 (οφοκλῆς
2622 1883 2692 1949 ἐν
2746 1881 3025 1967 Ἱππόνῳ
3092 1882 3200 1949 «ἐξ

512 1991 573 2042 15
610 1984 880 2052 Ὠλένου
923 1989 1039 2065 γῆς
1082 1986 1417 2068 φορβάδος
1458 1985 1851 2066 κομίζομαι».
1938 1985 2434 2065 Ἀπολλόδωρος
2489 1986 2562 2052 δὲ
2604 1984 2951 2071 ἀρςενικῶς
2996 1984 3198 2065 αύτήν

607 2109 798 2170 φηςιν
843 2089 914 2154 ἐν
967 2094 1044 2173 τῇ
1102 2088 1161 2168 η’
1215 2091 1333 2170 τοῦ
1387 2093 1558 2155 νεῶν
1612 2089 1976 2168 καταλόγου
2037 2089 2195 2155 «τὸν
2237 2086 2517 2153 Ὤλενον
2572 2088 2675 2152 καὶ
2726 2089 2844 2167 τὴν
2886 2087 3199 2167 Πυλήνην

604 2194 724 2256 νῦν
769 2193 885 2271 μὲν
930 2190 1140 2256 οὐκέτι
1186 2188 1351 2256 εἶναι
1408 2191 1750 2272 ςυμβὲβηκε
1767 2215 1816 2256 ».
1901 2190 2195 2270 κέκληται
2239 2192 2313 2256 δὲ
2355 2189 2489 2256 ἀπὸ
2533 2188 2806 2254 Ὠλένου
2852 2192 2971 2255 τοῦ
3014 2189 3200 2272 Διός,

609 2293 700 2358 ὡς
743 2291 980 2372 ’Ίςτρος
1025 2292 1096 2358 έν
1140 2291 1499 2369 Αἰγυπτίων
1555 2291 1876 2360 ἀποικίαις
1932 2296 2104 2358 «τῶν
2159 2292 2232 2358 δὲ
2274 2293 2628 2358 Δαναΐδων
2674 2291 3037 2359 Ἀναξιθέας
3098 2292 3203 2356 καὶ

603 2394 769 2460 Διὸς
798 2393 1077 2460 Ὤλενον
1119 2394 1409 2471 γενέςθαι
1452 2396 1570 2460 τὸν
1614 2394 1895 2473 ἄρξαντα
1936 2398 2068 2460 τῶν
2115 2393 2421 2462 Ὠλενίων
2435 2419 2481 2458 ».
2538 2393 2706 2460 ἔςτιν
2743 2391 2864 2459 οὖν
2904 2394 3006 2458 καὶ
3036 2392 3200 2472 ἄλλη

380 2507 383 2510 ·
503 2503 571 2555 20
603 2494 941 2578 Αἰτωλίας,
995 2494 1071 2575 ἦς
1115 2496 1401 2577 Ὅμηρος
1447 2496 1829 2576 μνημονεύει
1876 2495 1985 2561 «οἳ
2025 2495 2379 2575 Πλευρῶν’
2422 2496 2729 2576 ἐνέμοντο
2775 2497 2878 2561 καὶ
2919 2494 3201 2562 Ὤλενον

610 2597 726 2676 ἠδὲ
767 2598 1117 2677 Πυλήνην»
1165 2596 1272 2682 (Il.
1306 2600 1352 2664 Β
1382 2598 1554 2681 639).
1598 2599 1984 2682 Τήμενος,
2029 2596 2156 2679 ἀφ’
2200 2597 2280 2664 οὗ
2309 2599 2624 2679 Τημένιον
2668 2599 2909 2677 χωρίον
2957 2599 3199 2679 Μεςςή-

605 2720 735 2780 νης.
825 2700 1158 2785 ἄφενος,
1212 2701 1586 2786 Ἴςχενος,
1647 2701 2005 2785 τέρενας,
2063 2698 2225 2780 ὅπερ
2280 2699 2411 2766 ἀπὸ
2467 2704 2580 2781 τῆς
2629 2701 2894 2780 τέρενος
2945 2704 3200 2781 γενικῆς

605 2803 823 2869 εὐθεῖα
850 2804 1108 2881 γίνεται.
1198 2804 1601 2884 ςεςημείωται
1645 2805 1723 2869 τὸ
1767 2804 2167 2883 παρθένος
2212 2803 2416 2885 μόνον
2461 2804 3009 2885 παροξυνόμενον.

773 2907 868 2972 Τὰ
923 2907 1029 2972 διὰ
1082 2911 1202 2972 τοῦ
1258 2927 1451 2985 μενος
1505 2906 1805 2988 μετοχικὰ
1861 2905 2232 2989 ὀξύνονται,
2296 2905 2350 2971 εἰ
2407 2909 2489 2987 μὴ
2554 2906 2763 2972 πάθος
2814 2929 2872 2972 τι
2939 2908 3198 2986 γένηται

503 3017 569 3068 25
604 3009 780 3086 παρὰ
834 3009 951 3088 τὴν
1007 3008 1270 3092 φωνήν,
1329 3009 1474 3074 τότε
1526 3009 1652 3088 γὰρ
1708 3008 2286 3088 προπαροξύνεται.
2389 3010 2470 3074 τὰ
2535 3011 2607 3075 δὲ
2652 3008 2927 3076 όξύτονα
2968 3014 3197 3075 ταῦτα·

606 3109 1127 3195 (τηςαμενός,
1172 3109 1679 3191 Ἀκεςαμενός
1724 3109 2236 3192 «Ἀκεςςαμενοῖο
2281 3115 2657 3191 θυγατρῶν»
2702 3113 2788 3195 (Φ
2825 3111 2989 3195 142).
3045 3113 3195 3177 Φα-

604 3211 855 3292 μενός.
902 3210 1238 3293 (οφοκλῆς
1284 3212 1562 3280 Μάντεςι

2224 3315 2487 3384 ξυνετὸς

1414 3417 1709 3497 Φαμενός
1752 3416 2076 3496 Τειρεςίου
2119 3421 2288 3483 παῖς.

502 3528 570 3581 30
605 3519 980 3604 Ἰαμενός,
1027 3517 1520 3602 (ωζομενός,
1562 3519 2052 3602 Δεξαμενός,
2110 3520 2409 3586 Μεςόλου
2454 3522 2636 3603 παῖς,
2692 3519 2818 3601 ἀφ’
2862 3519 2944 3586 οὗ
2986 3522 3193 3589 Δεξα-

604 3621 815 3705 μεναί,
860 3621 1328 3701 Τιςαμενός·
1385 3622 1635 3699 λέγεται
1680 3623 1752 3687 δὲ
1811 3620 1851 3685 ὁ
1896 3620 2206 3703 Ὀρέςτης.
2299 3623 2857 3703 Κλαυςαμενός.
2932 3625 3192 3689 καταλέ-

601 3743 779 3800 γεται
822 3724 895 3789 δὲ
940 3723 1013 3789 έν
1056 3725 1381 3804 μαλακοῖς.
1469 3723 1943 3804 Ἀγχομενός
2054 3732 2065 3742 ’

2221 3828 2519 3913 γενναία,

1334 3927 1599 3993 Βοιωτὶς
1643 3926 1710 3992 δ’
1750 3927 1830 4008 ἦν
1878 3928 1943 3997 ἐξ
1987 3928 2379 4010 Ἀγχομενοῦ

602 4151 743 4201 libro
780 4150 908 4216 περὶ
945 4147 1313 4215 παρωνύμων
1349 4165 1640 4201 recurram.
1700 4147 1983 4216 Κάρβανος
2019 4150 2204 4216 recepi
2240 4158 2460 4204 secutus
2495 4152 2575 4203 St.
2609 4152 2672 4205 Β.
2708 4154 2825 4217 357,
2864 4155 2947 4205 13.
3049 4152 3086 4204 1.
3128 4154 3188 4204 11

602 4219 746 4269 hunc
780 4234 1045 4270 canonem
1082 4218 1269 4269 addidi
1307 4234 1374 4270 ex
1410 4220 1557 4272 Mon.
1593 4221 1644 4281 8,
1680 4221 1746 4269 27
1784 4224 1842 4270 et
1877 4218 2125 4285 Theogn.
2164 4222 2257 4283 67,
2293 4222 2341 4270 6.
2410 4218 2645 4283 Ὢγενος
2681 4221 2866 4287 recepi
2902 4237 2970 4272 ex
3008 4221 3090 4274 st.
3128 4222 3191 4274 B.

602 4289 728 4350 705,
769 4290 859 4351 14,
894 4285 1130 4339 Ὤλενος
1176 4303 1245 4338 ex
1282 4287 1476 4339 eodem
1512 4287 1759 4353 explevi,
1805 4285 2021 4351 ἄφενος
2056 4285 2294 4351 Ἴςχενος
2339 4304 2406 4340 ex
2442 4288 2690 4354 Theogn.
2728 4289 2938 4355 adieci,
2982 4296 3192 4356 postre-

602 4370 745 4406 mum
780 4356 1004 4407 videtur
1046 4356 1192 4407 idem
1235 4371 1436 4407 nomen
1480 4371 1605 4407 esse
1650 4360 1819 4421 atque
1860 4353 2123 4419 Ἰςχένοος
2170 4372 2258 4422 ap.
2295 4355 2661 4419 Herodotum,
2697 4355 2929 4423 τέρενος
2977 4373 3045 4408 ex
3082 4357 3190 4425 Ep.

601 4424 690 4475 Cr.
727 4425 754 4475 I
788 4426 907 4487 413,
948 4426 1040 4475 14:
1075 4422 1331 4490 τέρενος,
1370 4423 1514 4489 ὅπερ
1550 4422 1666 4475 ἀπὸ
1701 4425 1806 4489 τῆς
1842 4422 2073 4488 τέρενος
2106 4425 2332 4489 γενικῆς
2367 4423 2557 4476 εὐθεῖα
2590 4422 2820 4489 γίνεται.
2880 4424 2943 4477 ἔκ
2977 4424 3192 4478 τούτου

599 4490 2430 4627 {52ss?“Zssffirssffss’ssss‘ecvsssspssssffiissffssssss‘42p2v312232‘”2'ffi‘
2449 4491 2604 4627 4²52}
2636 4492 3191 4630 ἵὶῖκὲῗᾷενὲξλξέἷῖ

597 4628 865 4694 «τερένας
898 4627 1070 4681 ἄνθος
1106 4627 1338 4692 ὀπώρας
1350 4644 1396 4681 ».
1498 4628 1535 4680 1.
1570 4630 1636 4679 26
1672 4628 1744 4678 ad
1781 4627 2149 4692 Ἀκεςαμενός
2182 4629 2356 4680 verba
2389 4630 2683 4682 Homerica
2716 4632 2948 4698 apposui
2982 4646 3050 4682 ex
3084 4631 3192 4683 An.

600 4700 701 4751 Ox.
728 4700 783 4749 11
808 4699 925 4762 321,
956 4702 1012 4761 1,
1049 4697 1146 4747 nbi
1181 4696 1272 4747 hic
1308 4698 1529 4748 tonicae
1563 4712 1741 4747 canon
1774 4696 1835 4747 in
1870 4697 2353 4764 orthographicum
2387 4702 2740 4751 transversus
2776 4705 2878 4751 est.
2927 4698 3190 4763 Φαμενός

600 4767 820 4831 explevi
859 4782 928 4816 ex
962 4766 1109 4816 Mon.
1145 4766 1198 4830 8,
1228 4764 1374 4816 unde
1411 4766 1577 4816 etiam
1603 4762 1952 4829 Δεξαμενὸς,
1991 4766 2136 4832 quod
2171 4781 2240 4816 ex
2262 4765 2342 4816 St.
2367 4766 2429 4817 B.
2470 4765 2707 4832 explevi,
2745 4794 2808 4805 —
2848 4766 3191 4831 Ἀγχομενός

597 4835 807 4899 recepi,
847 4831 1169 4898 Δεξαμενὸς
1207 4838 1264 4883 et
1299 4831 1607 4896 Τιςαμενός
1644 4833 2000 4899 proferuntur
2035 4835 2204 4885 etiam
2242 4834 2299 4884 in
2333 4835 2398 4888 Il.
2432 4835 2523 4885 Pr.
2560 4834 2609 4888 Φ
2649 4838 2771 4887 142:
2809 4834 3190 4900 ὀξυτονητέον

597 4900 668 4952 τὸ
716 4899 1109 4966 Ἀκεςαμενός,
1154 4899 1251 4953 ἵνα
1296 4900 1477 4965 ὄνομα
1523 4899 1781 4968 γένηται·
1835 4899 2023 4954 οὕτως
2066 4900 2128 4954 δὲ
2174 4900 2287 4967 ἔχει
2331 4902 2422 4955 καί
2466 4903 2815 4970 Δεξαμενὸς,
2861 4903 3188 4971 Τιςαμενός,
