<?xml version="1.0" encoding="UTF-8"?>
<!DOCTYPE html PUBLIC "-//W3C//DTD XHTML 1.0 Transitional//EN"
    "http://www.w3.org/TR/xhtml1/DTD/xhtml1-transitional.dtd">
<html xmlns="http://www.w3.org/1999/xhtml" xml:lang="en" lang="en">
 <head>
  <title>
</title>
<meta http-equiv="Content-Type" content="text/html;charset=utf-8" />
  <meta name='ocr-system' content='tesseract 3.04.00' />
  <meta name='ocr-capabilities' content='ocr_page ocr_carea ocr_par ocr_line ocrx_word'/>
</head>
<body>
  <div class='ocr_page' id='page_1' title='image "./grammaticigraec02unkngoog_0532.png"; bbox 0 0 3664 5546; ppageno 0'>
   <div class='ocr_carea' id='block_1_1' title="bbox 556 230 2209 319">
    <p class='ocr_par' dir='ltr' id='par_1_1' title="bbox 556 230 2209 319">
     <span class='ocr_line' id='line_1_1' title="bbox 556 230 2209 319; baseline -0.001 -12"><span class='ocrx_word' id='word_1_1' title='bbox 556 254 681 319; x_wconf 82' lang='lat'>286</span> <span class='ocrx_word' id='word_1_2' title='bbox 736 230 750 237; x_wconf 78' lang='lat'><em>&#39;</em></span> <span class='ocrx_word' id='word_1_3' title='bbox 1191 284 1198 291; x_wconf 88' lang='lat'>-</span> <span class='ocrx_word' id='word_1_4' title='bbox 1495 251 1576 306; x_wconf 91' lang='grc' dir='ltr'>εκ</span> <span class='ocrx_word' id='word_1_5' title='bbox 1616 250 1755 305; x_wconf 64' lang='lat' dir='ltr'>mm</span> <span class='ocrx_word' id='word_1_6' title='bbox 1799 250 2209 305; x_wconf 79' lang='grc' dir='ltr'>ΗΡΩΔιΑΝοΥ</span> 
     </span>
    </p>
   </div>
   <div class='ocr_carea' id='block_1_2' title="bbox 455 414 3212 3850">
    <p class='ocr_par' dir='ltr' id='par_1_2' title="bbox 455 414 3212 3850">
     <span class='ocr_line' id='line_1_2' title="bbox 532 414 3147 505; baseline -0.001 -16"><span class='ocrx_word' id='word_1_7' title='bbox 532 414 928 505; x_wconf 45' lang='grc' dir='ltr'>“Θεςςαλίας,</span> <span class='ocrx_word' id='word_1_8' title='bbox 972 422 1208 487; x_wconf 81' lang='grc' dir='ltr'>Αἰακοῦ</span> <span class='ocrx_word' id='word_1_9' title='bbox 1264 423 1507 502; x_wconf 86' lang='grc' dir='ltr'>κτίςμα·</span> <span class='ocrx_word' id='word_1_10' title='bbox 1566 422 1617 502; x_wconf 83' lang='grc' dir='ltr'>β’</span> <span class='ocrx_word' id='word_1_11' title='bbox 1664 422 1915 504; x_wconf 80' lang='grc' dir='ltr'>Θρᾴκη(</span> <span class='ocrx_word' id='word_1_12' title='bbox 1971 422 2130 485; x_wconf 87' lang='grc' dir='ltr'>κατὰ</span> <span class='ocrx_word' id='word_1_13' title='bbox 2183 422 2301 485; x_wconf 90' lang='grc' dir='ltr'>τὸν</span> <span class='ocrx_word' id='word_1_14' title='bbox 2344 422 2531 486; x_wconf 85' lang='grc' dir='ltr'>Ἄθω.</span> <span class='ocrx_word' id='word_1_15' title='bbox 2620 421 2678 496; x_wconf 87' lang='grc' dir='ltr'>γ’</span> <span class='ocrx_word' id='word_1_16' title='bbox 2723 420 3004 501; x_wconf 84' lang='grc' dir='ltr'>Εὐβοίας.</span> <span class='ocrx_word' id='word_1_17' title='bbox 3093 421 3147 486; x_wconf 88' lang='grc' dir='ltr'>δ’</span> 
     </span>
     <span class='ocr_line' id='line_1_3' title="bbox 554 521 3149 604; baseline -0.002 -13"><span class='ocrx_word' id='word_1_18' title='bbox 554 527 891 604; x_wconf 76' lang='grc' dir='ltr'>νῆςοςκαὶ</span> <span class='ocrx_word' id='word_1_19' title='bbox 934 525 1119 589; x_wconf 90' lang='grc' dir='ltr'>πόλις</span> <span class='ocrx_word' id='word_1_20' title='bbox 1160 523 1673 603; x_wconf 90' lang='grc' dir='ltr'>Πελοποννήςου</span> <span class='ocrx_word' id='word_1_21' title='bbox 1715 525 1865 603; x_wconf 85' lang='grc' dir='ltr'>περὶ</span> <span class='ocrx_word' id='word_1_22' title='bbox 1915 523 1993 587; x_wconf 86' lang='grc' dir='ltr'>τὸ</span> <span class='ocrx_word' id='word_1_23' title='bbox 2040 521 2407 587; x_wconf 75' lang='grc' dir='ltr'>Εκύλλαιον.</span> <span class='ocrx_word' id='word_1_24' title='bbox 2497 522 2547 586; x_wconf 84' lang='grc' dir='ltr'>ε’</span> <span class='ocrx_word' id='word_1_25' title='bbox 2590 522 2962 588; x_wconf 85' lang='grc' dir='ltr'>Λύςιτανίας</span> <span class='ocrx_word' id='word_1_26' title='bbox 3005 524 3149 602; x_wconf 82' lang='grc' dir='ltr'>περὶ</span> 
     </span>
     <span class='ocr_line' id='line_1_4' title="bbox 554 623 3147 716; baseline -0.001 -25"><span class='ocrx_word' id='word_1_27' title='bbox 554 629 670 692; x_wconf 89' lang='grc' dir='ltr'>τὸν</span> <span class='ocrx_word' id='word_1_28' title='bbox 728 626 1052 692; x_wconf 84' lang='grc' dir='ltr'>Ὠκεανόν.</span> <span class='ocrx_word' id='word_1_29' title='bbox 1153 626 1208 697; x_wconf 54' lang='grc' dir='ltr'>ςί</span> <span class='ocrx_word' id='word_1_30' title='bbox 1268 626 1522 690; x_wconf 83' lang='grc' dir='ltr'>Ἰταλίας</span> <span class='ocrx_word' id='word_1_31' title='bbox 1573 626 1739 703; x_wconf 90' lang='grc' dir='ltr'>πρὸς</span> <span class='ocrx_word' id='word_1_32' title='bbox 1793 627 1934 688; x_wconf 87' lang='grc' dir='ltr'>ταῖς</span> <span class='ocrx_word' id='word_1_33' title='bbox 1987 625 2306 716; x_wconf 61' lang='grc' dir='ltr'>Ἄλπεςιν.</span> <span class='ocrx_word' id='word_1_34' title='bbox 2402 624 2452 691; x_wconf 76' lang='grc' dir='ltr'>ζ’</span> <span class='ocrx_word' id='word_1_35' title='bbox 2509 623 2776 689; x_wconf 77' lang='grc' dir='ltr'>(κυθίας</span> <span class='ocrx_word' id='word_1_36' title='bbox 2824 626 3001 703; x_wconf 85' lang='grc' dir='ltr'>παρὰ</span> <span class='ocrx_word' id='word_1_37' title='bbox 3055 632 3147 709; x_wconf 84' lang='grc' dir='ltr'>τῷ</span> 
     </span>
     <span class='ocr_line' id='line_1_5' title="bbox 555 725 3145 810; baseline -0.002 -17"><span class='ocrx_word' id='word_1_38' title='bbox 555 729 793 793; x_wconf 89' lang='grc' dir='ltr'>Φάςιδι.</span> <span class='ocrx_word' id='word_1_39' title='bbox 891 728 948 806; x_wconf 85' lang='grc' dir='ltr'>η’</span> <span class='ocrx_word' id='word_1_40' title='bbox 1010 728 1252 805; x_wconf 91' lang='grc' dir='ltr'>Καρίας.</span> <span class='ocrx_word' id='word_1_41' title='bbox 1353 727 1407 790; x_wconf 90' lang='grc' dir='ltr'>θ’</span> <span class='ocrx_word' id='word_1_42' title='bbox 1465 726 1756 791; x_wconf 90' lang='grc' dir='ltr'>Βιθυνίας</span> <span class='ocrx_word' id='word_1_43' title='bbox 1809 726 1975 804; x_wconf 92' lang='grc' dir='ltr'>πρὸς</span> <span class='ocrx_word' id='word_1_44' title='bbox 2030 731 2123 809; x_wconf 83' lang='grc' dir='ltr'>τῷ</span> <span class='ocrx_word' id='word_1_45' title='bbox 2176 726 2443 810; x_wconf 82' lang='grc' dir='ltr'>Πόντῳ·</span> <span class='ocrx_word' id='word_1_46' title='bbox 2507 725 2620 790; x_wconf 82' lang='grc' dir='ltr'>εἰςὶ</span> <span class='ocrx_word' id='word_1_47' title='bbox 2686 726 2789 790; x_wconf 84' lang='grc' dir='ltr'>καὶ</span> <span class='ocrx_word' id='word_1_48' title='bbox 2855 726 2911 790; x_wconf 82' lang='grc' dir='ltr'>δ’</span> <span class='ocrx_word' id='word_1_49' title='bbox 2967 730 3145 804; x_wconf 87' lang='grc' dir='ltr'>νῆςοι</span> 
     </span>
     <span class='ocr_line' id='line_1_6' title="bbox 480 826 3143 913; baseline -0.002 -20"><span class='ocrx_word' id='word_1_50' title='bbox 480 842 512 892; x_wconf 87' lang='grc'>5</span> <span class='ocrx_word' id='word_1_51' title='bbox 557 831 713 893; x_wconf 87' lang='grc' dir='ltr'>Δῑαι</span> <span class='ocrx_word' id='word_1_52' title='bbox 759 829 1114 908; x_wconf 85' lang='grc' dir='ltr'>λεγόμεναι.</span> <span class='ocrx_word' id='word_1_53' title='bbox 1202 829 1260 891; x_wconf 91' lang='grc' dir='ltr'>α’</span> <span class='ocrx_word' id='word_1_54' title='bbox 1307 828 1346 905; x_wconf 85' lang='grc' dir='ltr'>ἡ</span> <span class='ocrx_word' id='word_1_55' title='bbox 1395 828 1616 894; x_wconf 91' lang='grc' dir='ltr'>Νάξος.</span> <span class='ocrx_word' id='word_1_56' title='bbox 1707 827 1759 906; x_wconf 85' lang='grc' dir='ltr'>β’</span> <span class='ocrx_word' id='word_1_57' title='bbox 1815 826 1853 904; x_wconf 81' lang='grc' dir='ltr'>ἡ</span> <span class='ocrx_word' id='word_1_58' title='bbox 1899 828 2064 905; x_wconf 90' lang='grc' dir='ltr'>πρὸς</span> <span class='ocrx_word' id='word_1_59' title='bbox 2110 827 2330 911; x_wconf 91' lang='grc' dir='ltr'>Μήλῳ.</span> <span class='ocrx_word' id='word_1_60' title='bbox 2419 828 2476 903; x_wconf 85' lang='grc' dir='ltr'>γ’</span> <span class='ocrx_word' id='word_1_61' title='bbox 2532 827 2569 906; x_wconf 83' lang='grc' dir='ltr'>ἢ</span> <span class='ocrx_word' id='word_1_62' title='bbox 2631 828 2795 913; x_wconf 72' lang='grc' dir='ltr'>πρὸς</span> <span class='ocrx_word' id='word_1_63' title='bbox 2840 828 3143 911; x_wconf 80' lang='grc' dir='ltr'>Ἀμοργῷ.</span> 
     </span>
     <span class='ocr_line' id='line_1_7' title="bbox 555 931 2850 1008; baseline -0.002 -14"><span class='ocrx_word' id='word_1_64' title='bbox 555 931 608 994; x_wconf 85' lang='grc' dir='ltr'>δ’</span> <span class='ocrx_word' id='word_1_65' title='bbox 655 931 814 994; x_wconf 87' lang='grc' dir='ltr'>κατὰ</span> <span class='ocrx_word' id='word_1_66' title='bbox 863 931 1154 995; x_wconf 89' lang='grc' dir='ltr'>Κνωςςὸν</span> <span class='ocrx_word' id='word_1_67' title='bbox 1206 931 1460 1008; x_wconf 90' lang='grc' dir='ltr'>Κρήτης.</span> <span class='ocrx_word' id='word_1_68' title='bbox 2843 960 2850 965; x_wconf 88' lang='grc'><em>·</em></span> 
     </span>
     <span class='ocr_line' id='line_1_8' title="bbox 723 1028 3151 1111; baseline -0.002 -15"><span class='ocrx_word' id='word_1_69' title='bbox 723 1032 816 1096; x_wconf 83' lang='grc' dir='ltr'>Τὰ</span> <span class='ocrx_word' id='word_1_70' title='bbox 860 1033 966 1095; x_wconf 88' lang='grc' dir='ltr'>διὰ</span> <span class='ocrx_word' id='word_1_71' title='bbox 1009 1036 1126 1096; x_wconf 87' lang='grc' dir='ltr'>τοῦ</span> <span class='ocrx_word' id='word_1_72' title='bbox 1155 1037 1221 1095; x_wconf 66' lang='lat' dir='ltr'>ffi</span> <span class='ocrx_word' id='word_1_73' title='bbox 1273 1032 1375 1095; x_wconf 80' lang='grc' dir='ltr'>ἐπὶ</span> <span class='ocrx_word' id='word_1_74' title='bbox 1408 1034 1640 1109; x_wconf 85' lang='grc' dir='ltr'>χωρῶν</span> <span class='ocrx_word' id='word_1_75' title='bbox 1672 1030 1776 1093; x_wconf 85' lang='grc' dir='ltr'>καὶ</span> <span class='ocrx_word' id='word_1_76' title='bbox 1802 1029 2063 1094; x_wconf 89' lang='grc' dir='ltr'>πόλεων</span> <span class='ocrx_word' id='word_1_77' title='bbox 2094 1029 2345 1108; x_wconf 90' lang='grc' dir='ltr'>κείμενα</span> <span class='ocrx_word' id='word_1_78' title='bbox 2374 1030 2832 1111; x_wconf 83' lang='grc' dir='ltr'>παροξύνεται,</span> <span class='ocrx_word' id='word_1_79' title='bbox 2876 1028 3151 1111; x_wconf 88' lang='grc' dir='ltr'>Λυκία,</span> 
     </span>
     <span class='ocr_line' id='line_1_9' title="bbox 556 1130 3146 1215; baseline -0.002 -17"><span class='ocrx_word' id='word_1_80' title='bbox 556 1133 783 1214; x_wconf 79' lang='grc' dir='ltr'>Ἀςία,</span> <span class='ocrx_word' id='word_1_81' title='bbox 820 1134 1152 1215; x_wconf 87' lang='grc' dir='ltr'>Κιλικία,</span> <span class='ocrx_word' id='word_1_82' title='bbox 1179 1131 1745 1213; x_wconf 85' lang='grc' dir='ltr'>Παφλαγονία,</span> <span class='ocrx_word' id='word_1_83' title='bbox 1770 1130 2422 1212; x_wconf 85' lang='grc' dir='ltr'>Ἰτουρία,Ἰταλία</span> <span class='ocrx_word' id='word_1_84' title='bbox 2450 1132 2488 1208; x_wconf 82' lang='grc' dir='ltr'>ἢ</span> <span class='ocrx_word' id='word_1_85' title='bbox 2521 1133 2700 1209; x_wconf 84' lang='grc' dir='ltr'>χώρα</span> <span class='ocrx_word' id='word_1_86' title='bbox 2731 1130 2863 1195; x_wconf 85' lang='grc' dir='ltr'>ἀπὸ</span> <span class='ocrx_word' id='word_1_87' title='bbox 2885 1131 3146 1212; x_wconf 84' lang='grc' dir='ltr'>Ἰταλοῦ,</span> 
     </span>
     <span class='ocr_line' id='line_1_10' title="bbox 555 1231 3146 1315; baseline -0.001 -17"><span class='ocrx_word' id='word_1_88' title='bbox 555 1234 863 1298; x_wconf 75' lang='grc' dir='ltr'>Εικελία</span> <span class='ocrx_word' id='word_1_89' title='bbox 907 1235 945 1312; x_wconf 84' lang='grc' dir='ltr'>ἡ</span> <span class='ocrx_word' id='word_1_90' title='bbox 991 1238 1184 1310; x_wconf 90' lang='grc' dir='ltr'>νῆςος</span> <span class='ocrx_word' id='word_1_91' title='bbox 1215 1233 1468 1298; x_wconf 78' lang='grc' dir='ltr'>(ικανία</span> <span class='ocrx_word' id='word_1_92' title='bbox 1496 1233 1816 1310; x_wconf 90' lang='grc' dir='ltr'>πρότερον</span> <span class='ocrx_word' id='word_1_93' title='bbox 1835 1231 2253 1315; x_wconf 79' lang='grc' dir='ltr'>ὠνομάζετο,</span> <span class='ocrx_word' id='word_1_94' title='bbox 2296 1232 2437 1297; x_wconf 81' lang='grc' dir='ltr'>εἶτα</span> <span class='ocrx_word' id='word_1_95' title='bbox 2467 1231 2712 1296; x_wconf 78' lang='grc' dir='ltr'>(ικελία</span> <span class='ocrx_word' id='word_1_96' title='bbox 2742 1231 3008 1313; x_wconf 83' lang='grc' dir='ltr'>ἐκλήθη,</span> <span class='ocrx_word' id='word_1_97' title='bbox 3057 1233 3146 1296; x_wconf 87' lang='grc' dir='ltr'>ὥς</span> 
     </span>
     <span class='ocr_line' id='line_1_11' title="bbox 456 1333 3147 1418; baseline -0 -21"><span class='ocrx_word' id='word_1_98' title='bbox 456 1346 522 1397; x_wconf 86' lang='grc' dir='ltr'>ιο</span> <span class='ocrx_word' id='word_1_99' title='bbox 557 1357 747 1415; x_wconf 90' lang='grc' dir='ltr'>φηςιν</span> <span class='ocrx_word' id='word_1_100' title='bbox 802 1336 1167 1400; x_wconf 82' lang='grc' dir='ltr'>Ἑλλάνικος</span> <span class='ocrx_word' id='word_1_101' title='bbox 1222 1336 1491 1413; x_wconf 87' lang='grc' dir='ltr'>Ἱερειῶν</span> <span class='ocrx_word' id='word_1_102' title='bbox 1548 1337 1661 1410; x_wconf 89' lang='grc' dir='ltr'>τῆς</span> <span class='ocrx_word' id='word_1_103' title='bbox 1714 1334 1917 1410; x_wconf 83' lang='grc' dir='ltr'>Ἥρας</span> <span class='ocrx_word' id='word_1_104' title='bbox 1975 1333 2026 1413; x_wconf 83' lang='grc' dir='ltr'>β’</span> <span class='ocrx_word' id='word_1_105' title='bbox 2086 1333 2199 1398; x_wconf 82' lang='grc' dir='ltr'>«ἐν</span> <span class='ocrx_word' id='word_1_106' title='bbox 2254 1336 2325 1398; x_wconf 84' lang='grc' dir='ltr'>δ“ε</span> <span class='ocrx_word' id='word_1_107' title='bbox 2384 1339 2477 1418; x_wconf 82' lang='grc' dir='ltr'>τῷ</span> <span class='ocrx_word' id='word_1_108' title='bbox 2535 1333 2711 1415; x_wconf 81' lang='grc' dir='ltr'>αὐτῷ</span> <span class='ocrx_word' id='word_1_109' title='bbox 2770 1333 2989 1416; x_wconf 84' lang='grc' dir='ltr'>χρόνῳ</span> <span class='ocrx_word' id='word_1_110' title='bbox 3045 1334 3147 1397; x_wconf 81' lang='grc' dir='ltr'>καὶ</span> 
     </span>
     <span class='ocr_line' id='line_1_12' title="bbox 555 1433 3143 1518; baseline -0.002 -17"><span class='ocrx_word' id='word_1_111' title='bbox 555 1437 830 1501; x_wconf 88' lang='grc' dir='ltr'>Αὔςονες</span> <span class='ocrx_word' id='word_1_112' title='bbox 887 1438 1015 1501; x_wconf 84' lang='grc' dir='ltr'>ὑπὸ</span> <span class='ocrx_word' id='word_1_113' title='bbox 1071 1443 1203 1500; x_wconf 87' lang='grc' dir='ltr'>τῶν</span> <span class='ocrx_word' id='word_1_114' title='bbox 1263 1436 1573 1511; x_wconf 88' lang='grc' dir='ltr'>Ἰαπύγων</span> <span class='ocrx_word' id='word_1_115' title='bbox 1631 1436 1694 1500; x_wconf 84' lang='grc' dir='ltr'>ἐξ</span> <span class='ocrx_word' id='word_1_116' title='bbox 1752 1434 2010 1499; x_wconf 89' lang='grc' dir='ltr'>Ἰταλίας</span> <span class='ocrx_word' id='word_1_117' title='bbox 2065 1435 2443 1518; x_wconf 87' lang='grc' dir='ltr'>ἀνέςτηςαν,</span> <span class='ocrx_word' id='word_1_118' title='bbox 2512 1433 2606 1498; x_wconf 83' lang='grc' dir='ltr'>ὧν</span> <span class='ocrx_word' id='word_1_119' title='bbox 2664 1433 2818 1512; x_wconf 86' lang='grc' dir='ltr'>ἦρχε</span> <span class='ocrx_word' id='word_1_120' title='bbox 2875 1433 3143 1498; x_wconf 76' lang='grc' dir='ltr'>Εικελός.</span> 
     </span>
     <span class='ocr_line' id='line_1_13' title="bbox 557 1533 3156 1616; baseline -0.002 -15"><span class='ocrx_word' id='word_1_121' title='bbox 557 1538 655 1601; x_wconf 81' lang='grc' dir='ltr'>καὶ</span> <span class='ocrx_word' id='word_1_122' title='bbox 711 1538 1043 1616; x_wconf 77' lang='grc' dir='ltr'>διαβάντες</span> <span class='ocrx_word' id='word_1_123' title='bbox 1100 1538 1188 1601; x_wconf 85' lang='grc' dir='ltr'>εἰς</span> <span class='ocrx_word' id='word_1_124' title='bbox 1242 1540 1360 1615; x_wconf 88' lang='grc' dir='ltr'>τὴν</span> <span class='ocrx_word' id='word_1_125' title='bbox 1416 1541 1611 1615; x_wconf 86' lang='grc' dir='ltr'>νῆςον</span> <span class='ocrx_word' id='word_1_126' title='bbox 1665 1537 1782 1614; x_wconf 86' lang='grc' dir='ltr'>τὴν</span> <span class='ocrx_word' id='word_1_127' title='bbox 1840 1535 1987 1599; x_wconf 88' lang='grc' dir='ltr'>τότε</span> <span class='ocrx_word' id='word_1_128' title='bbox 2034 1534 2324 1600; x_wconf 76' lang='grc' dir='ltr'>Εικανίαν</span> <span class='ocrx_word' id='word_1_129' title='bbox 2383 1536 2785 1614; x_wconf 80' lang='grc' dir='ltr'>καλουμένην</span> <span class='ocrx_word' id='word_1_130' title='bbox 2829 1535 2972 1613; x_wconf 90' lang='grc' dir='ltr'>περὶ</span> <span class='ocrx_word' id='word_1_131' title='bbox 3028 1533 3156 1612; x_wconf 83' lang='grc' dir='ltr'>τὴν“</span> 
     </span>
     <span class='ocr_line' id='line_1_14' title="bbox 556 1624 3143 1720; baseline -0.001 -19"><span class='ocrx_word' id='word_1_132' title='bbox 556 1638 788 1716; x_wconf 86' lang='grc' dir='ltr'>Αἴτνην</span> <span class='ocrx_word' id='word_1_133' title='bbox 833 1638 1232 1717; x_wconf 84' lang='grc' dir='ltr'>καθιζόμενοι</span> <span class='ocrx_word' id='word_1_134' title='bbox 1279 1639 1492 1720; x_wconf 80' lang='grc' dir='ltr'>ᾤκουν</span> <span class='ocrx_word' id='word_1_135' title='bbox 1538 1635 1720 1701; x_wconf 87' lang='grc' dir='ltr'>αὐτοί</span> <span class='ocrx_word' id='word_1_136' title='bbox 1764 1657 1831 1699; x_wconf 91' lang='grc' dir='ltr'>τε</span> <span class='ocrx_word' id='word_1_137' title='bbox 1876 1637 1980 1701; x_wconf 85' lang='grc' dir='ltr'>καὶ</span> <span class='ocrx_word' id='word_1_138' title='bbox 2024 1624 2061 1699; x_wconf 81' lang='grc' dir='ltr'><strong><em>ὃ</em></strong></span> <span class='ocrx_word' id='word_1_139' title='bbox 2109 1638 2394 1716; x_wconf 86' lang='grc' dir='ltr'>βαςιλεὺς</span> <span class='ocrx_word' id='word_1_140' title='bbox 2438 1637 2655 1701; x_wconf 82' lang='grc' dir='ltr'>αὐτῶν</span> <span class='ocrx_word' id='word_1_141' title='bbox 2687 1635 2942 1700; x_wconf 78' lang='grc' dir='ltr'>(ικελὸς</span> <span class='ocrx_word' id='word_1_142' title='bbox 2980 1641 3143 1715; x_wconf 87' lang='grc' dir='ltr'>βαςι-</span> 
     </span>
     <span class='ocr_line' id='line_1_15' title="bbox 559 1736 3144 1819; baseline 0 -18"><span class='ocrx_word' id='word_1_143' title='bbox 559 1739 733 1817; x_wconf 87' lang='grc' dir='ltr'>λείην</span> <span class='ocrx_word' id='word_1_144' title='bbox 781 1740 1397 1819; x_wconf 82' lang='grc' dir='ltr'>ἑγκαταςτηςάμενος</span> <span class='ocrx_word' id='word_1_145' title='bbox 1442 1740 1540 1802; x_wconf 89' lang='grc' dir='ltr'>καὶ</span> <span class='ocrx_word' id='word_1_146' title='bbox 1585 1739 1884 1802; x_wconf 86' lang='grc' dir='ltr'>ἐντεῦθεν</span> <span class='ocrx_word' id='word_1_147' title='bbox 1930 1737 2303 1817; x_wconf 89' lang='grc' dir='ltr'>ὁρμώμενος</span> <span class='ocrx_word' id='word_1_148' title='bbox 2347 1738 2385 1802; x_wconf 85' lang='grc' dir='ltr'>ὁ</span> <span class='ocrx_word' id='word_1_149' title='bbox 2418 1737 2673 1803; x_wconf 67' lang='grc' dir='ltr'>(Σικελὸς</span> <span class='ocrx_word' id='word_1_150' title='bbox 2718 1736 2912 1802; x_wconf 85' lang='grc' dir='ltr'>οὗτος</span> <span class='ocrx_word' id='word_1_151' title='bbox 2942 1739 3144 1817; x_wconf 89' lang='grc' dir='ltr'>πάςης</span> 
     </span>
     <span class='ocr_line' id='line_1_16' title="bbox 459 1838 3142 1919; baseline 0 -16"><span class='ocrx_word' id='word_1_152' title='bbox 459 1855 521 1903; x_wconf 78' lang='lat'>15</span> <span class='ocrx_word' id='word_1_153' title='bbox 558 1842 676 1919; x_wconf 92' lang='grc' dir='ltr'>ἤδη</span> <span class='ocrx_word' id='word_1_154' title='bbox 720 1844 832 1918; x_wconf 85' lang='grc' dir='ltr'>τῆς</span> <span class='ocrx_word' id='word_1_155' title='bbox 877 1841 1074 1919; x_wconf 88' lang='grc' dir='ltr'>νήςου</span> <span class='ocrx_word' id='word_1_156' title='bbox 1118 1840 1263 1904; x_wconf 87' lang='grc' dir='ltr'>τότε</span> <span class='ocrx_word' id='word_1_157' title='bbox 1306 1841 1539 1918; x_wconf 86' lang='grc' dir='ltr'>ταύτης</span> <span class='ocrx_word' id='word_1_158' title='bbox 1583 1838 1861 1904; x_wconf 76' lang='grc' dir='ltr'>Εικελίας</span> <span class='ocrx_word' id='word_1_159' title='bbox 1905 1840 2300 1919; x_wconf 84' lang='grc' dir='ltr'>καλουμένης</span> <span class='ocrx_word' id='word_1_160' title='bbox 2343 1839 2475 1904; x_wconf 88' lang='grc' dir='ltr'>ἀπὸ</span> <span class='ocrx_word' id='word_1_161' title='bbox 2530 1843 2649 1904; x_wconf 83' lang='grc' dir='ltr'>τοῦ</span> <span class='ocrx_word' id='word_1_162' title='bbox 2694 1838 2954 1902; x_wconf 72' lang='grc' dir='ltr'>(Σικελοῦ</span> <span class='ocrx_word' id='word_1_163' title='bbox 2997 1840 3142 1903; x_wconf 91' lang='grc' dir='ltr'>τού-</span> 
     </span>
     <span class='ocr_line' id='line_1_17' title="bbox 555 1940 3212 2026; baseline -0.001 -20"><span class='ocrx_word' id='word_1_164' title='bbox 555 1964 705 2023; x_wconf 85' lang='grc' dir='ltr'>του,</span> <span class='ocrx_word' id='word_1_165' title='bbox 750 1943 824 2006; x_wconf 87' lang='grc' dir='ltr'>ὃς</span> <span class='ocrx_word' id='word_1_166' title='bbox 869 1943 970 2006; x_wconf 90' lang='grc' dir='ltr'>καὶ</span> <span class='ocrx_word' id='word_1_167' title='bbox 1013 1941 1084 2006; x_wconf 78' lang='grc' dir='ltr'>ἐν</span> <span class='ocrx_word' id='word_1_168' title='bbox 1129 1942 1287 2026; x_wconf 81' lang='grc' dir='ltr'>αὐτῇ</span> <span class='ocrx_word' id='word_1_169' title='bbox 1333 1940 1685 2021; x_wconf 81' lang='grc' dir='ltr'>ἐβαςίλευςε</span> <span class='ocrx_word' id='word_1_170' title='bbox 1700 1965 1746 2003; x_wconf 82' lang='grc'>».</span> <span class='ocrx_word' id='word_1_171' title='bbox 1814 1941 1916 2004; x_wconf 83' lang='grc' dir='ltr'>καὶ</span> <span class='ocrx_word' id='word_1_172' title='bbox 1963 1941 2299 2005; x_wconf 78' lang='grc' dir='ltr'>Μένιππος</span> <span class='ocrx_word' id='word_1_173' title='bbox 2344 1943 2415 2004; x_wconf 80' lang='grc' dir='ltr'>δὲ</span> <span class='ocrx_word' id='word_1_174' title='bbox 2459 1940 2658 2004; x_wconf 81' lang='grc' dir='ltr'>ταῦτά</span> <span class='ocrx_word' id='word_1_175' title='bbox 2701 1961 2911 2020; x_wconf 89' lang='grc' dir='ltr'>φηςιν.</span> <span class='ocrx_word' id='word_1_176' title='bbox 2979 1942 3143 2005; x_wconf 77' lang='grc' dir='ltr'>Θου·</span> <span class='ocrx_word' id='word_1_177' title='bbox 3199 1965 3212 1971; x_wconf 80' lang='lat'><strong>·</strong></span> 
     </span>
     <span class='ocr_line' id='line_1_18' title="bbox 559 2036 3142 2123; baseline -0 -18"><span class='ocrx_word' id='word_1_178' title='bbox 559 2044 812 2122; x_wconf 81' lang='grc' dir='ltr'>κυδίδης</span> <span class='ocrx_word' id='word_1_179' title='bbox 856 2036 928 2107; x_wconf 82' lang='grc' dir='ltr'>δὲ</span> <span class='ocrx_word' id='word_1_180' title='bbox 974 2043 1181 2107; x_wconf 86' lang='grc' dir='ltr'>οὕτως</span> <span class='ocrx_word' id='word_1_181' title='bbox 1225 2042 1314 2123; x_wconf 91' lang='grc'>(6,</span> <span class='ocrx_word' id='word_1_182' title='bbox 1361 2041 1430 2123; x_wconf 80' lang='lat'>2)</span> <span class='ocrx_word' id='word_1_183' title='bbox 1479 2043 1818 2107; x_wconf 80' lang='grc' dir='ltr'>«ἐλθόντες</span> <span class='ocrx_word' id='word_1_184' title='bbox 1864 2042 1954 2106; x_wconf 87' lang='grc' dir='ltr'>εἰς</span> <span class='ocrx_word' id='word_1_185' title='bbox 2000 2041 2282 2107; x_wconf 78' lang='grc' dir='ltr'>(ικελίαν</span> <span class='ocrx_word' id='word_1_186' title='bbox 2329 2043 2591 2120; x_wconf 91' lang='grc' dir='ltr'>ςτρατὸς</span> <span class='ocrx_word' id='word_1_187' title='bbox 2635 2043 2844 2107; x_wconf 87' lang='grc' dir='ltr'>πολὺς</span> <span class='ocrx_word' id='word_1_188' title='bbox 2887 2043 2952 2109; x_wconf 84' lang='grc' dir='ltr'>ἐξ</span> <span class='ocrx_word' id='word_1_189' title='bbox 2997 2042 3142 2106; x_wconf 85' lang='grc' dir='ltr'>Ἰτα-</span> 
     </span>
     <span class='ocr_line' id='line_1_19' title="bbox 559 2126 3145 2227; baseline -0.001 -19"><span class='ocrx_word' id='word_1_190' title='bbox 559 2145 695 2209; x_wconf 87' lang='grc' dir='ltr'>λίας</span> <span class='ocrx_word' id='word_1_191' title='bbox 738 2144 891 2208; x_wconf 89' lang='grc' dir='ltr'>τούς</span> <span class='ocrx_word' id='word_1_192' title='bbox 934 2164 1002 2208; x_wconf 89' lang='grc' dir='ltr'>τε</span> <span class='ocrx_word' id='word_1_193' title='bbox 1049 2126 1355 2209; x_wconf 77' lang='grc' dir='ltr'>(ικάνοὺς</span> <span class='ocrx_word' id='word_1_194' title='bbox 1399 2145 1816 2223; x_wconf 88' lang='grc' dir='ltr'>κρατήςαντες</span> <span class='ocrx_word' id='word_1_195' title='bbox 1864 2143 2029 2227; x_wconf 84' lang='grc' dir='ltr'>μάχῃ</span> <span class='ocrx_word' id='word_1_196' title='bbox 2074 2141 2451 2208; x_wconf 90' lang='grc' dir='ltr'>ἀπέςτειλαν</span> <span class='ocrx_word' id='word_1_197' title='bbox 2507 2142 2596 2208; x_wconf 87' lang='grc' dir='ltr'>εἰς</span> <span class='ocrx_word' id='word_1_198' title='bbox 2638 2144 2718 2207; x_wconf 86' lang='grc' dir='ltr'>τὰ</span> <span class='ocrx_word' id='word_1_199' title='bbox 2764 2144 3145 2223; x_wconf 87' lang='grc' dir='ltr'>μεςημβρινὰ</span> 
     </span>
     <span class='ocr_line' id='line_1_20' title="bbox 557 2243 3143 2325; baseline -0.001 -16"><span class='ocrx_word' id='word_1_200' title='bbox 557 2246 658 2309; x_wconf 86' lang='grc' dir='ltr'>καὶ</span> <span class='ocrx_word' id='word_1_201' title='bbox 703 2246 782 2308; x_wconf 88' lang='grc' dir='ltr'>τὰ</span> <span class='ocrx_word' id='word_1_202' title='bbox 825 2246 1079 2323; x_wconf 82' lang='grc' dir='ltr'>ἑςπέρια</span> <span class='ocrx_word' id='word_1_203' title='bbox 1122 2246 1279 2325; x_wconf 90' lang='grc' dir='ltr'>με’ρη</span> <span class='ocrx_word' id='word_1_204' title='bbox 1322 2246 1518 2324; x_wconf 85' lang='grc' dir='ltr'>αὐτῆς</span> <span class='ocrx_word' id='word_1_205' title='bbox 1564 2247 1667 2309; x_wconf 87' lang='grc' dir='ltr'>καὶ</span> <span class='ocrx_word' id='word_1_206' title='bbox 1708 2244 1853 2309; x_wconf 85' lang='grc' dir='ltr'>ἀντὶ</span> <span class='ocrx_word' id='word_1_207' title='bbox 1882 2243 2167 2309; x_wconf 78' lang='grc' dir='ltr'>(ικανίας</span> <span class='ocrx_word' id='word_1_208' title='bbox 2212 2244 2493 2310; x_wconf 78' lang='grc' dir='ltr'>(ικελίαν</span> <span class='ocrx_word' id='word_1_209' title='bbox 2539 2247 2654 2322; x_wconf 88' lang='grc' dir='ltr'>τὴν</span> <span class='ocrx_word' id='word_1_210' title='bbox 2699 2248 2897 2321; x_wconf 91' lang='grc' dir='ltr'>νῆςον</span> <span class='ocrx_word' id='word_1_211' title='bbox 2928 2244 3143 2322; x_wconf 86' lang='grc' dir='ltr'>ἐποίη-</span> 
     </span>
     <span class='ocr_line' id='line_1_21' title="bbox 455 2346 3145 2430; baseline -0.001 -19"><span class='ocrx_word' id='word_1_212' title='bbox 455 2362 524 2414; x_wconf 79' lang='lat'>20</span> <span class='ocrx_word' id='word_1_213' title='bbox 559 2367 671 2412; x_wconf 91' lang='grc' dir='ltr'>ςαν</span> <span class='ocrx_word' id='word_1_214' title='bbox 717 2350 1067 2429; x_wconf 86' lang='grc' dir='ltr'>καλεῑςθαι,</span> <span class='ocrx_word' id='word_1_215' title='bbox 1123 2348 1226 2411; x_wconf 88' lang='grc' dir='ltr'>καὶ</span> <span class='ocrx_word' id='word_1_216' title='bbox 1276 2348 1355 2410; x_wconf 88' lang='grc' dir='ltr'>τὰ</span> <span class='ocrx_word' id='word_1_217' title='bbox 1398 2348 1691 2424; x_wconf 91' lang='grc' dir='ltr'>κράτιςτα</span> <span class='ocrx_word' id='word_1_218' title='bbox 1743 2350 1857 2423; x_wconf 87' lang='grc' dir='ltr'>τῆς</span> <span class='ocrx_word' id='word_1_219' title='bbox 1910 2349 2025 2424; x_wconf 87' lang='grc' dir='ltr'>γῆς</span> <span class='ocrx_word' id='word_1_220' title='bbox 2072 2347 2322 2430; x_wconf 83' lang='grc' dir='ltr'>ᾦκηςαν</span> <span class='ocrx_word' id='word_1_221' title='bbox 2368 2346 2686 2424; x_wconf 76' lang='grc' dir='ltr'>ἔχοντες».</span> <span class='ocrx_word' id='word_1_222' title='bbox 2776 2346 3026 2425; x_wconf 78' lang='grc' dir='ltr'>μεγίςτη</span> <span class='ocrx_word' id='word_1_223' title='bbox 3072 2346 3145 2409; x_wconf 77' lang='grc' dir='ltr'>δὲ</span> 
     </span>
     <span class='ocr_line' id='line_1_22' title="bbox 557 2446 2710 2530; baseline 0 -19"><span class='ocrx_word' id='word_1_224' title='bbox 557 2448 715 2527; x_wconf 85' lang='grc' dir='ltr'>αὕτη</span> <span class='ocrx_word' id='word_1_225' title='bbox 761 2451 1162 2528; x_wconf 85' lang='grc' dir='ltr'>μαρτυρεῖται</span> <span class='ocrx_word' id='word_1_226' title='bbox 1208 2455 1340 2512; x_wconf 86' lang='grc' dir='ltr'>τῶν</span> <span class='ocrx_word' id='word_1_227' title='bbox 1385 2448 1579 2530; x_wconf 89' lang='grc' dir='ltr'>ἑπτά,</span> <span class='ocrx_word' id='word_1_228' title='bbox 1625 2449 1788 2511; x_wconf 89' lang='grc' dir='ltr'>καθά</span> <span class='ocrx_word' id='word_1_229' title='bbox 1830 2468 2023 2526; x_wconf 88' lang='grc' dir='ltr'>φηςιν</span> <span class='ocrx_word' id='word_1_230' title='bbox 2067 2449 2310 2512; x_wconf 81' lang='grc' dir='ltr'>Ἀλεξις</span> <span class='ocrx_word' id='word_1_231' title='bbox 2355 2446 2393 2510; x_wconf 89' lang='grc' dir='ltr'>ὁ</span> <span class='ocrx_word' id='word_1_232' title='bbox 2438 2448 2710 2526; x_wconf 88' lang='grc' dir='ltr'>κωμικός</span> 
     </span>
     <span class='ocr_line' id='line_1_23' title="bbox 1045 2548 2437 2630; baseline 0 -18"><span class='ocrx_word' id='word_1_233' title='bbox 1045 2556 1176 2614; x_wconf 85' lang='grc' dir='ltr'>τῶν</span> <span class='ocrx_word' id='word_1_234' title='bbox 1222 2549 1384 2613; x_wconf 83' lang='grc' dir='ltr'>ἑπτὰ</span> <span class='ocrx_word' id='word_1_235' title='bbox 1427 2550 1672 2630; x_wconf 90' lang='grc' dir='ltr'>νήςων,</span> <span class='ocrx_word' id='word_1_236' title='bbox 1717 2548 1793 2612; x_wconf 83' lang='grc' dir='ltr'>ἃς</span> <span class='ocrx_word' id='word_1_237' title='bbox 1840 2550 2122 2627; x_wconf 87' lang='grc' dir='ltr'>δέδειχεν</span> <span class='ocrx_word' id='word_1_238' title='bbox 2167 2549 2206 2626; x_wconf 85' lang='grc' dir='ltr'>ἡ</span> <span class='ocrx_word' id='word_1_239' title='bbox 2253 2549 2437 2628; x_wconf 89' lang='grc' dir='ltr'>φύςις</span> 
     </span>
     <span class='ocr_line' id='line_1_24' title="bbox 930 2649 2558 2742; baseline 0.001 -29"><span class='ocrx_word' id='word_1_240' title='bbox 930 2735 939 2742; x_wconf 88' lang='lat'>.</span> <span class='ocrx_word' id='word_1_241' title='bbox 1047 2654 1302 2733; x_wconf 76' lang='grc' dir='ltr'>θνητοῖς</span> <span class='ocrx_word' id='word_1_242' title='bbox 1349 2649 1669 2732; x_wconf 89' lang='grc' dir='ltr'>μεγίςτας,</span> <span class='ocrx_word' id='word_1_243' title='bbox 1715 2649 1959 2714; x_wconf 78' lang='grc' dir='ltr'>(ικελία</span> <span class='ocrx_word' id='word_1_244' title='bbox 2003 2651 2151 2731; x_wconf 88' lang='grc' dir='ltr'>μέν,</span> <span class='ocrx_word' id='word_1_245' title='bbox 2196 2651 2287 2714; x_wconf 84' lang='grc' dir='ltr'>ως</span> <span class='ocrx_word' id='word_1_246' title='bbox 2334 2650 2558 2731; x_wconf 88' lang='grc' dir='ltr'>λόγος,</span> 
     </span>
     <span class='ocr_line' id='line_1_25' title="bbox 1048 2750 2366 2835; baseline -0.001 -20"><span class='ocrx_word' id='word_1_247' title='bbox 1048 2753 1212 2817; x_wconf 80' lang='grc' dir='ltr'>ἐςτίν</span> <span class='ocrx_word' id='word_1_248' title='bbox 1257 2750 1535 2834; x_wconf 87' lang='grc' dir='ltr'>μεγίςτη,</span> <span class='ocrx_word' id='word_1_249' title='bbox 1581 2752 1848 2830; x_wconf 88' lang='grc' dir='ltr'>δευτέρα</span> <span class='ocrx_word' id='word_1_250' title='bbox 1893 2750 2148 2835; x_wconf 76' lang='grc' dir='ltr'>Εαρδώ,</span> <span class='ocrx_word' id='word_1_251' title='bbox 2190 2751 2366 2830; x_wconf 87' lang='grc' dir='ltr'>τρίτη</span> 
     </span>
     <span class='ocr_line' id='line_1_26' title="bbox 456 2844 2644 2935; baseline -0 -17"><span class='ocrx_word' id='word_1_252' title='bbox 456 2868 521 2918; x_wconf 81' lang='grc'>25</span> <span class='ocrx_word' id='word_1_253' title='bbox 1052 2854 1311 2932; x_wconf 84' lang='grc' dir='ltr'>Κύρνος.</span> <span class='ocrx_word' id='word_1_254' title='bbox 1400 2853 1666 2931; x_wconf 87' lang='grc' dir='ltr'>τετάρτη</span> <span class='ocrx_word' id='word_1_255' title='bbox 1712 2854 1781 2917; x_wconf 77' lang='grc' dir='ltr'>δ’</span> <span class='ocrx_word' id='word_1_256' title='bbox 1824 2854 1864 2931; x_wconf 87' lang='grc' dir='ltr'>ἡ</span> <span class='ocrx_word' id='word_1_257' title='bbox 1908 2854 2072 2918; x_wconf 91' lang='grc' dir='ltr'>Διὸς</span> <span class='ocrx_word' id='word_1_258' title='bbox 2115 2844 2322 2932; x_wconf 88' lang='grc' dir='ltr'>Κρήτη</span> <span class='ocrx_word' id='word_1_259' title='bbox 2365 2854 2644 2935; x_wconf 86' lang='grc' dir='ltr'>τροφός,</span> 
     </span>
     <span class='ocr_line' id='line_1_27' title="bbox 1044 2947 2526 3038; baseline 0.001 -21"><span class='ocrx_word' id='word_1_260' title='bbox 1044 2954 1274 3034; x_wconf 85' lang='grc' dir='ltr'>Εὔβοια</span> <span class='ocrx_word' id='word_1_261' title='bbox 1318 2955 1569 3033; x_wconf 86' lang='grc' dir='ltr'>πέμπτη</span> <span class='ocrx_word' id='word_1_262' title='bbox 1614 2955 2004 3036; x_wconf 89' lang='grc' dir='ltr'>ςτενοφυής,</span> <span class='ocrx_word' id='word_1_263' title='bbox 2049 2947 2526 3038; x_wconf 85' lang='grc' dir='ltr'>ἕκτηΚύπρος,</span> 
     </span>
     <span class='ocr_line' id='line_1_28' title="bbox 1045 3055 2433 3136; baseline -0.001 -16"><span class='ocrx_word' id='word_1_264' title='bbox 1045 3055 1279 3135; x_wconf 86' lang='grc' dir='ltr'>Λέςβος</span> <span class='ocrx_word' id='word_1_265' title='bbox 1325 3057 1395 3120; x_wconf 79' lang='grc' dir='ltr'>δὲ</span> <span class='ocrx_word' id='word_1_266' title='bbox 1439 3056 1611 3122; x_wconf 90' lang='grc' dir='ltr'>τάξιν</span> <span class='ocrx_word' id='word_1_267' title='bbox 1657 3055 1935 3136; x_wconf 89' lang='grc' dir='ltr'>ἑβδόμην</span> <span class='ocrx_word' id='word_1_268' title='bbox 1981 3057 2245 3134; x_wconf 80' lang='grc' dir='ltr'>λαχοῦς’</span> <span class='ocrx_word' id='word_1_269' title='bbox 2286 3056 2433 3134; x_wconf 84' lang='grc' dir='ltr'>ἔχει.</span> 
     </span>
     <span class='ocr_line' id='line_1_29' title="bbox 496 3156 3140 3241; baseline -0 -18"><span class='ocrx_word' id='word_1_270' title='bbox 496 3188 503 3195; x_wconf 91' lang='grc'><em>·</em></span> <span class='ocrx_word' id='word_1_271' title='bbox 556 3160 683 3223; x_wconf 83' lang='grc' dir='ltr'>ἔςτι</span> <span class='ocrx_word' id='word_1_272' title='bbox 728 3160 830 3222; x_wconf 81' lang='grc' dir='ltr'>καὶ</span> <span class='ocrx_word' id='word_1_273' title='bbox 873 3158 1035 3235; x_wconf 81' lang='grc' dir='ltr'>ἄλλη</span> <span class='ocrx_word' id='word_1_274' title='bbox 1082 3156 1325 3222; x_wconf 78' lang='grc' dir='ltr'>(ικελία</span> <span class='ocrx_word' id='word_1_275' title='bbox 1369 3158 1527 3222; x_wconf 90' lang='grc' dir='ltr'>κατὰ</span> <span class='ocrx_word' id='word_1_276' title='bbox 1568 3158 1685 3235; x_wconf 84' lang='grc' dir='ltr'>τὴν</span> <span class='ocrx_word' id='word_1_277' title='bbox 1713 3158 2243 3236; x_wconf 90' lang='grc' dir='ltr'>Πελοπόννηςον.</span> <span class='ocrx_word' id='word_1_278' title='bbox 2300 3158 2841 3241; x_wconf 88' lang='grc' dir='ltr'>Καππαδοκία,</span> <span class='ocrx_word' id='word_1_279' title='bbox 2886 3158 3140 3237; x_wconf 87' lang='grc' dir='ltr'>Ἀρμε-</span> 
     </span>
     <span class='ocr_line' id='line_1_30' title="bbox 558 3259 3140 3340; baseline -0 -16"><span class='ocrx_word' id='word_1_280' title='bbox 558 3260 711 3340; x_wconf 88' lang='grc' dir='ltr'>νία,</span> <span class='ocrx_word' id='word_1_281' title='bbox 767 3259 990 3323; x_wconf 89' lang='grc' dir='ltr'>Τιςία</span> <span class='ocrx_word' id='word_1_282' title='bbox 1042 3259 1228 3323; x_wconf 92' lang='grc' dir='ltr'>πόλις</span> <span class='ocrx_word' id='word_1_283' title='bbox 1273 3259 1549 3323; x_wconf 88' lang='grc' dir='ltr'>Ἰταλίας.</span> <span class='ocrx_word' id='word_1_284' title='bbox 1622 3259 1987 3337; x_wconf 89' lang='grc' dir='ltr'>Ἀγκαρία</span> <span class='ocrx_word' id='word_1_285' title='bbox 2039 3259 2229 3323; x_wconf 86' lang='grc' dir='ltr'>πόλις</span> <span class='ocrx_word' id='word_1_286' title='bbox 2273 3259 2547 3323; x_wconf 87' lang='grc' dir='ltr'>Ἰταλίας.</span> <span class='ocrx_word' id='word_1_287' title='bbox 2621 3259 2896 3323; x_wconf 83' lang='grc' dir='ltr'>Αἰολία</span> <span class='ocrx_word' id='word_1_288' title='bbox 2949 3263 3140 3337; x_wconf 89' lang='grc' dir='ltr'>νῆςος</span> 
     </span>
     <span class='ocr_line' id='line_1_31' title="bbox 456 3358 3141 3442; baseline 0 -18"><span class='ocrx_word' id='word_1_289' title='bbox 456 3374 523 3424; x_wconf 82' lang='lat'>30</span> <span class='ocrx_word' id='word_1_290' title='bbox 554 3359 806 3425; x_wconf 87' lang='grc' dir='ltr'>Αἰόλου.</span> <span class='ocrx_word' id='word_1_291' title='bbox 879 3360 1163 3438; x_wconf 88' lang='grc' dir='ltr'>Ὅμηρος</span> <span class='ocrx_word' id='word_1_292' title='bbox 1210 3360 1505 3439; x_wconf 81' lang='grc' dir='ltr'>«Αἰολίην</span> <span class='ocrx_word' id='word_1_293' title='bbox 1550 3360 1608 3423; x_wconf 81' lang='grc' dir='ltr'>δ’</span> <span class='ocrx_word' id='word_1_294' title='bbox 1651 3359 1716 3424; x_wconf 87' lang='grc' dir='ltr'>ἐς</span> <span class='ocrx_word' id='word_1_295' title='bbox 1760 3364 1958 3437; x_wconf 86' lang='grc' dir='ltr'>νῆςον</span> <span class='ocrx_word' id='word_1_296' title='bbox 2003 3358 2402 3439; x_wconf 79' lang='grc' dir='ltr'>ἀφικόμεθα»</span> <span class='ocrx_word' id='word_1_297' title='bbox 2449 3358 2606 3442; x_wconf 83' lang='grc' dir='ltr'>(Οᾶ.</span> <span class='ocrx_word' id='word_1_298' title='bbox 2651 3382 2687 3423; x_wconf 86' lang='grc' dir='ltr'>κ</span> <span class='ocrx_word' id='word_1_299' title='bbox 2735 3360 2816 3441; x_wconf 93' lang='grc'>1).</span> <span class='ocrx_word' id='word_1_300' title='bbox 2904 3360 3141 3424; x_wconf 84' lang='grc' dir='ltr'>Αἰτω-</span> 
     </span>
     <span class='ocr_line' id='line_1_32' title="bbox 560 3459 3142 3552; baseline -0 -27"><span class='ocrx_word' id='word_1_301' title='bbox 560 3461 684 3525; x_wconf 90' lang='grc' dir='ltr'>λία</span> <span class='ocrx_word' id='word_1_302' title='bbox 727 3462 909 3552; x_wconf 89' lang='grc' dir='ltr'>χώρα</span> <span class='ocrx_word' id='word_1_303' title='bbox 951 3459 1083 3525; x_wconf 86' lang='grc' dir='ltr'>ἀπὸ</span> <span class='ocrx_word' id='word_1_304' title='bbox 1126 3460 1414 3526; x_wconf 84' lang='grc' dir='ltr'>Αἰτωλοῦ</span> <span class='ocrx_word' id='word_1_305' title='bbox 1468 3465 1586 3526; x_wconf 85' lang='grc' dir='ltr'>τοῦ</span> <span class='ocrx_word' id='word_1_306' title='bbox 1630 3462 2082 3543; x_wconf 84' lang='grc' dir='ltr'>Ἐνδυμίωνος,</span> <span class='ocrx_word' id='word_1_307' title='bbox 2149 3462 2222 3525; x_wconf 88' lang='grc' dir='ltr'>ὃς</span> <span class='ocrx_word' id='word_1_308' title='bbox 2267 3461 2551 3526; x_wconf 84' lang='grc' dir='ltr'>ἑκπεςὼν</span> <span class='ocrx_word' id='word_1_309' title='bbox 2595 3460 2726 3525; x_wconf 89' lang='grc' dir='ltr'>ἀπὸ</span> <span class='ocrx_word' id='word_1_310' title='bbox 2769 3461 2967 3540; x_wconf 88' lang='grc' dir='ltr'>Πίςης</span> <span class='ocrx_word' id='word_1_311' title='bbox 3012 3462 3142 3525; x_wconf 86' lang='grc' dir='ltr'>ὑπὸ</span> 
     </span>
     <span class='ocr_line' id='line_1_33' title="bbox 558 3558 3142 3646; baseline 0 -21"><span class='ocrx_word' id='word_1_312' title='bbox 558 3561 951 3641; x_wconf 74' lang='grc' dir='ltr'>Εαλμωνέως</span> <span class='ocrx_word' id='word_1_313' title='bbox 996 3558 1295 3646; x_wconf 81' lang='grc' dir='ltr'>ςὺνῴκιςε</span> <span class='ocrx_word' id='word_1_314' title='bbox 1338 3564 1456 3641; x_wconf 87' lang='grc' dir='ltr'>τὴν</span> <span class='ocrx_word' id='word_1_315' title='bbox 1501 3561 1622 3626; x_wconf 87' lang='grc' dir='ltr'>ἀπ’</span> <span class='ocrx_word' id='word_1_316' title='bbox 1666 3562 1869 3626; x_wconf 80' lang='grc' dir='ltr'>αὐτοῦ</span> <span class='ocrx_word' id='word_1_317' title='bbox 1913 3565 2247 3641; x_wconf 85' lang='grc' dir='ltr'>κληθεῖςαν</span> <span class='ocrx_word' id='word_1_318' title='bbox 2289 3562 2619 3627; x_wconf 83' lang='grc' dir='ltr'>Αἰτωλίαν.</span> <span class='ocrx_word' id='word_1_319' title='bbox 2704 3562 3023 3641; x_wconf 89' lang='grc' dir='ltr'>πρότερον</span> <span class='ocrx_word' id='word_1_320' title='bbox 3071 3563 3142 3626; x_wconf 79' lang='grc' dir='ltr'>δὲ</span> 
     </span>
     <span class='ocr_line' id='line_1_34' title="bbox 556 3662 3141 3746; baseline -0 -19"><span class='ocrx_word' id='word_1_321' title='bbox 556 3663 811 3729; x_wconf 91' lang='grc' dir='ltr'>Ὑαντίς</span> <span class='ocrx_word' id='word_1_322' title='bbox 866 3663 1171 3729; x_wconf 84' lang='grc' dir='ltr'>ἐκαλεῖτο.</span> <span class='ocrx_word' id='word_1_323' title='bbox 1264 3664 1392 3728; x_wconf 84' lang='grc' dir='ltr'>ἔςτι</span> <span class='ocrx_word' id='word_1_324' title='bbox 1437 3665 1540 3727; x_wconf 87' lang='grc' dir='ltr'>καὶ</span> <span class='ocrx_word' id='word_1_325' title='bbox 1581 3662 1856 3727; x_wconf 84' lang='grc' dir='ltr'>Αἰτωλία</span> <span class='ocrx_word' id='word_1_326' title='bbox 1897 3664 2086 3728; x_wconf 92' lang='grc' dir='ltr'>πόλις</span> <span class='ocrx_word' id='word_1_327' title='bbox 2127 3664 2669 3746; x_wconf 90' lang='grc' dir='ltr'>Πελοποννήςου,</span> <span class='ocrx_word' id='word_1_328' title='bbox 2716 3663 2794 3742; x_wconf 84' lang='grc' dir='ltr'>ἣν</span> <span class='ocrx_word' id='word_1_329' title='bbox 2837 3683 3141 3738; x_wconf 87' lang='grc' dir='ltr'>ςυγκατα-</span> 
     </span>
     <span class='ocr_line' id='line_1_35' title="bbox 559 3764 3142 3850; baseline -0.002 -19"><span class='ocrx_word' id='word_1_330' title='bbox 559 3766 727 3842; x_wconf 81' lang='grc' dir='ltr'>λέγει</span> <span class='ocrx_word' id='word_1_331' title='bbox 761 3768 900 3830; x_wconf 88' lang='grc' dir='ltr'>ταῖς</span> <span class='ocrx_word' id='word_1_332' title='bbox 932 3765 1325 3832; x_wconf 85' lang='grc' dir='ltr'>Λακωνικαῖς</span> <span class='ocrx_word' id='word_1_333' title='bbox 1355 3765 1616 3830; x_wconf 88' lang='grc' dir='ltr'>πόλεςιν</span> <span class='ocrx_word' id='word_1_334' title='bbox 1661 3765 2046 3844; x_wconf 88' lang='grc' dir='ltr'>Ἀνδροτίων</span> <span class='ocrx_word' id='word_1_335' title='bbox 2087 3765 2250 3850; x_wconf 84' lang='grc' dir='ltr'>ἕκτῳ</span> <span class='ocrx_word' id='word_1_336' title='bbox 2286 3764 2382 3850; x_wconf 63' lang='lat' dir='ltr'>(P)</span> <span class='ocrx_word' id='word_1_337' title='bbox 2423 3765 2723 3830; x_wconf 87' lang='grc' dir='ltr'>Ἀτθίδος.</span> <span class='ocrx_word' id='word_1_338' title='bbox 2779 3764 3142 3842; x_wconf 88' lang='grc' dir='ltr'>Ἀμαντία</span> 
     </span>
    </p>
   </div>
   <div class='ocr_carea' id='block_1_3' title="bbox 555 4069 3140 4284">
    <p class='ocr_par' dir='ltr' id='par_1_3' title="bbox 555 4069 3140 4284">
     <span class='ocr_line' id='line_1_36' title="bbox 693 4069 3140 4136; baseline -0.002 -14"><span class='ocrx_word' id='word_1_339' title='bbox 693 4072 730 4122; x_wconf 93' lang='lat' dir='ltr'>l.</span> <span class='ocrx_word' id='word_1_340' title='bbox 767 4075 796 4122; x_wconf 80' lang='lat'>7</span> <span class='ocrx_word' id='word_1_341' title='bbox 844 4072 934 4122; x_wconf 75' lang='grc' dir='ltr'>καὶ</span> <span class='ocrx_word' id='word_1_342' title='bbox 974 4070 1206 4123; x_wconf 87' lang='grc' dir='ltr'>πόλεων</span> <span class='ocrx_word' id='word_1_343' title='bbox 1250 4070 1439 4132; x_wconf 79' lang='lat' dir='ltr'><strong>addidi</strong></span> <span class='ocrx_word' id='word_1_344' title='bbox 1484 4075 1711 4136; x_wconf 79' lang='lat' dir='ltr'><strong>propter</strong></span> <span class='ocrx_word' id='word_1_345' title='bbox 1754 4071 1975 4121; x_wconf 81' lang='lat' dir='ltr'><strong>nomina</strong></span> <span class='ocrx_word' id='word_1_346' title='bbox 2021 4087 2054 4120; x_wconf 84' lang='lat' dir='ltr'>a</span> <span class='ocrx_word' id='word_1_347' title='bbox 2092 4070 2372 4136; x_wconf 79' lang='lat' dir='ltr'><strong>Stephano</strong></span> <span class='ocrx_word' id='word_1_348' title='bbox 2417 4070 2625 4132; x_wconf 77' lang='lat' dir='ltr'>relata,</span> <span class='ocrx_word' id='word_1_349' title='bbox 2673 4070 2895 4122; x_wconf 79' lang='lat' dir='ltr'><strong>nomina</strong></span> <span class='ocrx_word' id='word_1_350' title='bbox 2941 4069 3067 4120; x_wconf 86' lang='lat' dir='ltr'>inde</span> <span class='ocrx_word' id='word_1_351' title='bbox 3106 4084 3140 4117; x_wconf 80' lang='lat' dir='ltr'><strong>a</strong></span> 
     </span>
     <span class='ocr_line' id='line_1_37' title="bbox 555 4134 3137 4205; baseline -0.002 -15"><span class='ocrx_word' id='word_1_352' title='bbox 555 4138 649 4191; x_wconf 89' lang='grc' dir='ltr'>Πα</span> <span class='ocrx_word' id='word_1_353' title='bbox 699 4138 934 4202; x_wconf 82' lang='grc' dir='ltr'>λαγονία</span> <span class='ocrx_word' id='word_1_354' title='bbox 969 4155 1143 4205; x_wconf 71' lang='lat' dir='ltr'>usque</span> <span class='ocrx_word' id='word_1_355' title='bbox 1180 4138 1252 4189; x_wconf 79' lang='lat' dir='ltr'>ad</span> <span class='ocrx_word' id='word_1_356' title='bbox 1290 4135 1549 4202; x_wconf 84' lang='grc' dir='ltr'>Ἀρμενία</span> <span class='ocrx_word' id='word_1_357' title='bbox 1586 4144 1716 4188; x_wconf 79' lang='lat' dir='ltr'><strong>sunt</strong></span> <span class='ocrx_word' id='word_1_358' title='bbox 1751 4155 1819 4188; x_wconf 75' lang='lat' dir='ltr'>ox</span> <span class='ocrx_word' id='word_1_359' title='bbox 1855 4138 2102 4203; x_wconf 81' lang='lat' dir='ltr'><strong>Theogn.</strong></span> <span class='ocrx_word' id='word_1_360' title='bbox 2142 4141 2263 4204; x_wconf 85' lang='lat'>104,</span> <span class='ocrx_word' id='word_1_361' title='bbox 2306 4141 2330 4188; x_wconf 88' lang='lat'>1</span> <span class='ocrx_word' id='word_1_362' title='bbox 2379 4144 2436 4189; x_wconf 78' lang='lat' dir='ltr'>et</span> <span class='ocrx_word' id='word_1_363' title='bbox 2474 4135 2673 4189; x_wconf 83' lang='grc' dir='ltr'>Ἰταλία</span> <span class='ocrx_word' id='word_1_364' title='bbox 2710 4137 2930 4203; x_wconf 83' lang='lat' dir='ltr'><strong>quidem</strong></span> <span class='ocrx_word' id='word_1_365' title='bbox 2966 4142 3021 4186; x_wconf 82' lang='lat' dir='ltr'>et</span> <span class='ocrx_word' id='word_1_366' title='bbox 3056 4134 3137 4187; x_wconf 80' lang='grc' dir='ltr'>(ι-</span> 
     </span>
     <span class='ocr_line' id='line_1_38' title="bbox 555 4203 3140 4284; baseline -0.002 -25"><span class='ocrx_word' id='word_1_367' title='bbox 555 4209 653 4259; x_wconf 85' lang='grc' dir='ltr'>κελ</span> <span class='ocrx_word' id='word_1_368' title='bbox 678 4222 713 4258; x_wconf 90' lang='grc' dir='ltr'>α</span> <span class='ocrx_word' id='word_1_369' title='bbox 750 4208 971 4273; x_wconf 79' lang='lat' dir='ltr'><strong>expleta</strong></span> <span class='ocrx_word' id='word_1_370' title='bbox 1006 4223 1074 4258; x_wconf 84' lang='lat' dir='ltr'>ex</span> <span class='ocrx_word' id='word_1_371' title='bbox 1111 4207 1195 4260; x_wconf 81' lang='lat' dir='ltr'>st.</span> <span class='ocrx_word' id='word_1_372' title='bbox 1229 4208 1296 4257; x_wconf 89' lang='grc' dir='ltr'>Β.</span> <span class='ocrx_word' id='word_1_373' title='bbox 1469 4205 1505 4256; x_wconf 91' lang='grc'>1.</span> <span class='ocrx_word' id='word_1_374' title='bbox 1542 4209 1609 4257; x_wconf 81' lang='lat'>29</span> <span class='ocrx_word' id='word_1_375' title='bbox 1645 4208 1867 4258; x_wconf 81' lang='lat' dir='ltr'>nomina</span> <span class='ocrx_word' id='word_1_376' title='bbox 1900 4206 2099 4274; x_wconf 44' lang='lat' dir='ltr'>inde-a</span> <span class='ocrx_word' id='word_1_377' title='bbox 2125 4204 2280 4259; x_wconf 85' lang='grc' dir='ltr'>Τιςία</span> <span class='ocrx_word' id='word_1_378' title='bbox 2317 4208 2498 4258; x_wconf 80' lang='lat' dir='ltr'>omnia</span> <span class='ocrx_word' id='word_1_379' title='bbox 2534 4211 2751 4284; x_wconf 63' lang='lat' dir='ltr'><strong>sgmpta</strong></span> <span class='ocrx_word' id='word_1_380' title='bbox 2786 4211 2917 4256; x_wconf 75' lang='lat' dir='ltr'><strong>sunt</strong></span> <span class='ocrx_word' id='word_1_381' title='bbox 2953 4221 3021 4255; x_wconf 83' lang='lat' dir='ltr'>ex</span> <span class='ocrx_word' id='word_1_382' title='bbox 3057 4203 3140 4255; x_wconf 77' lang='lat' dir='ltr'>St.</span> 
     </span>
    </p>
   </div>
   <div class='ocr_carea' id='block_1_4' title="bbox 549 4276 3198 4749">
    <p class='ocr_par' dir='ltr' id='par_1_4' title="bbox 549 4276 3198 4749">
     <span class='ocr_line' id='line_1_39' title="bbox 554 4276 3141 4356; baseline -0.001 -15"><span class='ocrx_word' id='word_1_383' title='bbox 554 4293 616 4346; x_wconf 89' lang='lat' dir='ltr'>B.</span> <span class='ocrx_word' id='word_1_384' title='bbox 654 4294 762 4355; x_wconf 85' lang='lat' dir='ltr'>ita,</span> <span class='ocrx_word' id='word_1_385' title='bbox 800 4297 863 4341; x_wconf 83' lang='lat' dir='ltr'>ut</span> <span class='ocrx_word' id='word_1_386' title='bbox 901 4308 968 4342; x_wconf 79' lang='lat' dir='ltr'>ox</span> <span class='ocrx_word' id='word_1_387' title='bbox 1004 4293 1100 4355; x_wconf 71' lang='lat' dir='ltr'><strong>iis,</strong></span> <span class='ocrx_word' id='word_1_388' title='bbox 1139 4307 1281 4356; x_wconf 80' lang='lat' dir='ltr'><strong>quae</strong></span> <span class='ocrx_word' id='word_1_389' title='bbox 1318 4291 1376 4340; x_wconf 87' lang='lat' dir='ltr'>in</span> <span class='ocrx_word' id='word_1_390' title='bbox 1412 4276 1530 4354; x_wconf 64' lang='lat' dir='ltr'>ffi,</span> <span class='ocrx_word' id='word_1_391' title='bbox 1568 4306 1678 4356; x_wconf 90' lang='grc' dir='ltr'>νια,</span> <span class='ocrx_word' id='word_1_392' title='bbox 1717 4306 1825 4356; x_wconf 84' lang='grc' dir='ltr'>ρια,</span> <span class='ocrx_word' id='word_1_393' title='bbox 1863 4305 1975 4354; x_wconf 84' lang='grc' dir='ltr'>(ια,</span> <span class='ocrx_word' id='word_1_394' title='bbox 2013 4306 2104 4341; x_wconf 90' lang='grc' dir='ltr'>κια</span> <span class='ocrx_word' id='word_1_395' title='bbox 2137 4289 2412 4342; x_wconf 84' lang='grc' dir='ltr'>ἀπὸ“τῶν</span> <span class='ocrx_word' id='word_1_396' title='bbox 2447 4287 2527 4342; x_wconf 78' lang='grc' dir='ltr'>εἰς</span> <span class='ocrx_word' id='word_1_397' title='bbox 2563 4291 2589 4343; x_wconf 87' lang='grc' dir='ltr'>ξ</span> <span class='ocrx_word' id='word_1_398' title='bbox 2627 4295 2856 4353; x_wconf 79' lang='lat' dir='ltr'>exeunt,</span> <span class='ocrx_word' id='word_1_399' title='bbox 2893 4295 2950 4339; x_wconf 83' lang='lat' dir='ltr'>et</span> <span class='ocrx_word' id='word_1_400' title='bbox 3022 4304 3141 4339; x_wconf 79' lang='lat' dir='ltr'>rae·</span> 
     </span>
     <span class='ocr_line' id='line_1_40' title="bbox 555 4352 3140 4452; baseline -0.002 -43"><span class='ocrx_word' id='word_1_401' title='bbox 555 4361 736 4445; x_wconf 60' lang='lat' dir='ltr'><strong>cipqis</strong></span> <span class='ocrx_word' id='word_1_402' title='bbox 771 4360 1074 4444; x_wconf 54' lang='lat' dir='ltr'><strong>canonibjm</strong></span> <span class='ocrx_word' id='word_1_403' title='bbox 1111 4359 1518 4452; x_wconf 40' lang='lat' dir='ltr'>subiiflziuntqrs</span> <span class='ocrx_word' id='word_1_404' title='bbox 1540 4375 1717 4445; x_wconf 61' lang='lat' dir='ltr'><strong>pauqa</strong></span> <span class='ocrx_word' id='word_1_405' title='bbox 1753 4366 1969 4412; x_wconf 79' lang='lat' dir='ltr'><strong>tantum</strong></span> <span class='ocrx_word' id='word_1_406' title='bbox 2003 4359 2094 4409; x_wconf 86' lang='lat' dir='ltr'>hic</span> <span class='ocrx_word' id='word_1_407' title='bbox 2128 4360 2399 4409; x_wconf 79' lang='lat' dir='ltr'>afferrem.</span> <span class='ocrx_word' id='word_1_408' title='bbox 2446 4357 2532 4408; x_wconf 83' lang='lat' dir='ltr'>De</span> <span class='ocrx_word' id='word_1_409' title='bbox 2558 4356 2828 4440; x_wconf 44' lang='lat' dir='ltr'>&#39;sucta-St.</span> <span class='ocrx_word' id='word_1_410' title='bbox 2855 4359 2946 4408; x_wconf 84' lang='lat' dir='ltr'>B.:</span> <span class='ocrx_word' id='word_1_411' title='bbox 3031 4352 3140 4436; x_wconf 67' lang='grc' dir='ltr'>ιςία</span> 
     </span>
     <span class='ocr_line' id='line_1_41' title="bbox 552 4424 3142 4561; baseline -0.002 -17"><span class='ocrx_word' id='word_1_412' title='bbox 552 4425 653 4561; x_wconf 51' lang='grc' dir='ltr'>ἓξ.</span> <span class='ocrx_word' id='word_1_413' title='bbox 687 4424 921 4547; x_wconf 49' lang='lat' dir='ltr'>&amp;1522ss</span> <span class='ocrx_word' id='word_1_414' title='bbox 925 4424 1299 4545; x_wconf 51' lang='grc' dir='ltr'>ἰοὲἶέἶῧῗᾱ.</span> <span class='ocrx_word' id='word_1_415' title='bbox 1323 4425 2828 4560; x_wconf 50' lang='grc' dir='ltr'>Ἓξ....Ἢίαφῒῗιρίὲιίηἶῗἀὲιέῗέξω*”ἓξ30“ἕέἓῖξῖἒέῗ</span> <span class='ocrx_word' id='word_1_416' title='bbox 2864 4437 3142 4543; x_wconf 62' lang='grc' dir='ltr'>’ἓῖἓ“ὲ”ἓῗ</span> 
     </span>
     <span class='ocr_line' id='line_1_42' title="bbox 554 4555 3198 4628; baseline -0.002 -14"><span class='ocrx_word' id='word_1_417' title='bbox 554 4576 724 4627; x_wconf 90' lang='grc' dir='ltr'>ρητα</span> <span class='ocrx_word' id='word_1_418' title='bbox 759 4561 938 4628; x_wconf 87' lang='grc' dir='ltr'>κρήνη</span> <span class='ocrx_word' id='word_1_419' title='bbox 974 4562 1120 4626; x_wconf 81' lang='grc' dir='ltr'>ὑπὲρ</span> <span class='ocrx_word' id='word_1_420' title='bbox 1153 4564 1258 4626; x_wconf 82' lang='grc' dir='ltr'>τῆς</span> <span class='ocrx_word' id='word_1_421' title='bbox 1296 4560 1675 4628; x_wconf 86' lang='grc' dir='ltr'>Καλχηδονίας</span> <span class='ocrx_word' id='word_1_422' title='bbox 1711 4559 1985 4627; x_wconf 84' lang='grc' dir='ltr'>θαλάςςης</span> <span class='ocrx_word' id='word_1_423' title='bbox 2031 4560 2260 4626; x_wconf 85' lang='grc' dir='ltr'>μικροὺς</span> <span class='ocrx_word' id='word_1_424' title='bbox 2301 4558 2586 4625; x_wconf 86' lang='grc' dir='ltr'>τρέφουςα</span> <span class='ocrx_word' id='word_1_425' title='bbox 2632 4557 3050 4626; x_wconf 83' lang='grc' dir='ltr'>κροκοδείλους,</span> <span class='ocrx_word' id='word_1_426' title='bbox 3087 4555 3143 4609; x_wconf 79' lang='grc' dir='ltr'>οἳ</span> <span class='ocrx_word' id='word_1_427' title='bbox 3189 4573 3198 4580; x_wconf 56' lang='grc'><strong>“</strong></span> 
     </span>
     <span class='ocr_line' id='line_1_43' title="bbox 549 4626 3141 4749; baseline -0.002 -68"><span class='ocrx_word' id='word_1_428' title='bbox 549 4629 1159 4749; x_wconf 47' lang='grc' dir='ltr'>ξῗέτέθινῶιέιξαρήτιοι</span> <span class='ocrx_word' id='word_1_429' title='bbox 1197 4632 1438 4681; x_wconf 79' lang='lat' dir='ltr'><strong>Meinek.</strong></span> <span class='ocrx_word' id='word_1_430' title='bbox 1508 4628 1758 4695; x_wconf 80' lang='grc' dir='ltr'>Ζαρητία</span> <span class='ocrx_word' id='word_1_431' title='bbox 1806 4636 1864 4680; x_wconf 85' lang='lat' dir='ltr'>et</span> <span class='ocrx_word' id='word_1_432' title='bbox 1897 4627 2343 4744; x_wconf 37' lang='lat' dir='ltr'>pro-pocnra</span> <span class='ocrx_word' id='word_1_433' title='bbox 2390 4629 2553 4681; x_wconf 88' lang='grc' dir='ltr'>πόλις</span> <span class='ocrx_word' id='word_1_434' title='bbox 2600 4627 2892 4682; x_wconf 75' lang='grc' dir='ltr'>(ἰαυνιτῶν</span> <span class='ocrx_word' id='word_1_435' title='bbox 2930 4626 3141 4690; x_wconf 83' lang='grc' dir='ltr'>Ταρςη-</span> 
     </span>
    </p>
   </div>
  </div>
 </body>
</html>
