<?xml version="1.0" encoding="UTF-8"?>
<!DOCTYPE html PUBLIC "-//W3C//DTD XHTML 1.0 Transitional//EN"
    "http://www.w3.org/TR/xhtml1/DTD/xhtml1-transitional.dtd">
<html xmlns="http://www.w3.org/1999/xhtml" xml:lang="en" lang="en">
 <head>
  <title>
</title>
<meta http-equiv="Content-Type" content="text/html;charset=utf-8" />
  <meta name='ocr-system' content='tesseract 3.04.00' />
  <meta name='ocr-capabilities' content='ocr_page ocr_carea ocr_par ocr_line ocrx_word'/>
</head>
<body>
  <div class='ocr_page' id='page_1' title='image "./grammaticigraec02unkngoog_0722.png"; bbox 0 0 3664 5546; ppageno 0'>
   <div class='ocr_carea' id='block_1_1' title="bbox 651 354 2300 430">
    <p class='ocr_par' dir='ltr' id='par_1_1' title="bbox 651 354 2300 430">
     <span class='ocr_line' id='line_1_1' title="bbox 651 354 2300 430; baseline -0.001 -22"><span class='ocrx_word' id='word_1_1' title='bbox 651 354 776 418; x_wconf 80' lang='lat'>476</span> <span class='ocrx_word' id='word_1_2' title='bbox 1589 354 1671 408; x_wconf 89' lang='grc' dir='ltr'>εκ</span> <span class='ocrx_word' id='word_1_3' title='bbox 1708 354 1849 408; x_wconf 64' lang='lat' dir='ltr'>mn</span> <span class='ocrx_word' id='word_1_4' title='bbox 1892 354 2300 430; x_wconf 66' lang='grc' dir='ltr'>ΗΡΩᾼιΑΝοΥ</span> 
     </span>
    </p>
   </div>
   <div class='ocr_carea' id='block_1_2' title="bbox 646 523 3240 910">
    <p class='ocr_par' dir='ltr' id='par_1_2' title="bbox 646 523 3240 910">
     <span class='ocr_line' id='line_1_2' title="bbox 815 523 3240 605; baseline -0.001 -16"><span class='ocrx_word' id='word_1_5' title='bbox 815 526 1215 605; x_wconf 87' lang='grc' dir='ltr'>Πληθυντικὴ</span> <span class='ocrx_word' id='word_1_6' title='bbox 1283 525 1648 604; x_wconf 86' lang='grc' dir='ltr'>ἀντωνυμία</span> <span class='ocrx_word' id='word_1_7' title='bbox 1712 524 1964 603; x_wconf 85' lang='grc' dir='ltr'>ἀπαθὴς</span> <span class='ocrx_word' id='word_1_8' title='bbox 2044 527 2124 604; x_wconf 89' lang='grc' dir='ltr'>μὴ</span> <span class='ocrx_word' id='word_1_9' title='bbox 2190 525 2348 588; x_wconf 86' lang='grc' dir='ltr'>κατὰ</span> <span class='ocrx_word' id='word_1_10' title='bbox 2415 524 2748 588; x_wconf 88' lang='grc' dir='ltr'>διάλεκτον</span> <span class='ocrx_word' id='word_1_11' title='bbox 2817 523 3240 605; x_wconf 79' lang='grc' dir='ltr'>ἐκφερομένη,</span> 
     </span>
     <span class='ocr_line' id='line_1_3' title="bbox 648 625 3238 708; baseline 0 -19"><span class='ocrx_word' id='word_1_12' title='bbox 648 627 814 690; x_wconf 87' lang='grc' dir='ltr'>ἀλλὰ</span> <span class='ocrx_word' id='word_1_13' title='bbox 869 631 1103 692; x_wconf 95' lang='grc' dir='ltr'>κοινῶς</span> <span class='ocrx_word' id='word_1_14' title='bbox 1160 630 1261 696; x_wconf 87' lang='grc' dir='ltr'>καὶ</span> <span class='ocrx_word' id='word_1_15' title='bbox 1316 627 1609 691; x_wconf 88' lang='grc' dir='ltr'>Ἀττικῶς</span> <span class='ocrx_word' id='word_1_16' title='bbox 1676 630 2084 708; x_wconf 89' lang='grc' dir='ltr'>περιςπᾶται,</span> <span class='ocrx_word' id='word_1_17' title='bbox 2154 627 2369 705; x_wconf 83' lang='grc' dir='ltr'>ἡμεῖς</span> <span class='ocrx_word' id='word_1_18' title='bbox 2437 626 2658 704; x_wconf 83' lang='grc' dir='ltr'>ὑμεῖς</span> <span class='ocrx_word' id='word_1_19' title='bbox 2703 628 2955 707; x_wconf 91' lang='grc' dir='ltr'>ςφεῖς,</span> <span class='ocrx_word' id='word_1_20' title='bbox 3019 625 3238 703; x_wconf 86' lang='grc' dir='ltr'>ἡμῶν</span> 
     </span>
     <span class='ocr_line' id='line_1_4' title="bbox 648 723 3236 811; baseline 0 -20"><span class='ocrx_word' id='word_1_21' title='bbox 648 727 857 806; x_wconf 87' lang='grc' dir='ltr'>ὑμῶν</span> <span class='ocrx_word' id='word_1_22' title='bbox 904 734 1152 811; x_wconf 89' lang='grc' dir='ltr'>ςφῶν,</span> <span class='ocrx_word' id='word_1_23' title='bbox 1211 729 1403 807; x_wconf 81' lang='grc' dir='ltr'>ἡμᾶς</span> <span class='ocrx_word' id='word_1_24' title='bbox 1459 730 1682 810; x_wconf 84' lang='grc' dir='ltr'>ὑμᾶς,</span> <span class='ocrx_word' id='word_1_25' title='bbox 1737 729 1919 805; x_wconf 83' lang='grc' dir='ltr'>ἡμῖν</span> <span class='ocrx_word' id='word_1_26' title='bbox 1976 723 2210 806; x_wconf 70' lang='grc' dir='ltr'>ὑμῖν.’</span> <span class='ocrx_word' id='word_1_27' title='bbox 2263 728 2609 805; x_wconf 87' lang='grc' dir='ltr'>ςημειώδης</span> <span class='ocrx_word' id='word_1_28' title='bbox 2665 725 2987 791; x_wconf 85' lang='grc' dir='ltr'>κάνταῦθα</span> <span class='ocrx_word' id='word_1_29' title='bbox 3031 729 3070 805; x_wconf 88' lang='grc' dir='ltr'>ἡ</span> <span class='ocrx_word' id='word_1_30' title='bbox 3114 731 3236 792; x_wconf 87' lang='grc' dir='ltr'>τοῦ</span> 
     </span>
     <span class='ocr_line' id='line_1_5' title="bbox 646 827 3236 910; baseline 0.001 -19"><span class='ocrx_word' id='word_1_31' title='bbox 646 828 861 907; x_wconf 86' lang='grc' dir='ltr'>τρίτου</span> <span class='ocrx_word' id='word_1_32' title='bbox 908 832 1085 909; x_wconf 88' lang='grc' dir='ltr'>ςφίν</span> <span class='ocrx_word' id='word_1_33' title='bbox 1132 831 1233 894; x_wconf 85' lang='grc' dir='ltr'>καὶ</span> <span class='ocrx_word' id='word_1_34' title='bbox 1279 831 1720 910; x_wconf 89' lang='grc' dir='ltr'>βραχυνομένη</span> <span class='ocrx_word' id='word_1_35' title='bbox 1766 830 1870 894; x_wconf 86' lang='grc' dir='ltr'>καὶ</span> <span class='ocrx_word' id='word_1_36' title='bbox 1899 829 2483 910; x_wconf 73' lang='grc' dir='ltr'>ὀξυνομένη,“δέον</span> <span class='ocrx_word' id='word_1_37' title='bbox 2515 827 2893 893; x_wconf 85' lang='grc' dir='ltr'>ἀκολούθως</span> <span class='ocrx_word' id='word_1_38' title='bbox 2936 832 3073 893; x_wconf 93' lang='grc' dir='ltr'>τοῖς</span> <span class='ocrx_word' id='word_1_39' title='bbox 3115 833 3236 893; x_wconf 83' lang='grc' dir='ltr'>τοῦ</span> 
     </span>
    </p>
   </div>
   <div class='ocr_carea' id='block_1_3' title="bbox 584 928 3332 1010">
    <p class='ocr_par' dir='ltr' id='par_1_3' title="bbox 584 928 3332 1010">
     <span class='ocr_line' id='line_1_6' title="bbox 584 928 3332 1010; baseline 0 -17"><span class='ocrx_word' id='word_1_40' title='bbox 584 943 618 994; x_wconf 81' lang='lat'>5</span> <span class='ocrx_word' id='word_1_41' title='bbox 647 932 911 1008; x_wconf 88' lang='grc' dir='ltr'>πρώτου</span> <span class='ocrx_word' id='word_1_42' title='bbox 955 933 1058 995; x_wconf 89' lang='grc' dir='ltr'>καὶ</span> <span class='ocrx_word' id='word_1_43' title='bbox 1100 933 1406 1010; x_wconf 80' lang='grc' dir='ltr'>δευτέρου</span> <span class='ocrx_word' id='word_1_44' title='bbox 1452 931 1824 997; x_wconf 83' lang='grc' dir='ltr'>ἑκτείνεςθαι</span> <span class='ocrx_word' id='word_1_45' title='bbox 1871 932 1972 994; x_wconf 82' lang='grc' dir='ltr'>καὶ</span> <span class='ocrx_word' id='word_1_46' title='bbox 2013 934 2440 1010; x_wconf 87' lang='grc' dir='ltr'>περιςπᾶςθαι.</span> <span class='ocrx_word' id='word_1_47' title='bbox 2528 929 2598 994; x_wconf 82' lang='grc' dir='ltr'>ἐν</span> <span class='ocrx_word' id='word_1_48' title='bbox 2645 929 2880 994; x_wconf 88' lang='grc' dir='ltr'>ἑνικοῖς</span> <span class='ocrx_word' id='word_1_49' title='bbox 2923 931 2960 1007; x_wconf 86' lang='grc' dir='ltr'>ἡ</span> <span class='ocrx_word' id='word_1_50' title='bbox 3008 928 3071 994; x_wconf 89' lang='grc' dir='ltr'>οἷ</span> <span class='ocrx_word' id='word_1_51' title='bbox 3113 951 3234 993; x_wconf 89' lang='grc' dir='ltr'>πα-</span> <span class='ocrx_word' id='word_1_52' title='bbox 3325 976 3332 980; x_wconf 84' lang='lat'>-</span> 
     </span>
    </p>
   </div>
   <div class='ocr_carea' id='block_1_4' title="bbox 647 1030 3234 1113">
    <p class='ocr_par' dir='ltr' id='par_1_4' title="bbox 647 1030 3234 1113">
     <span class='ocr_line' id='line_1_7' title="bbox 647 1030 3234 1113; baseline 0 -18"><span class='ocrx_word' id='word_1_53' title='bbox 647 1032 939 1110; x_wconf 89' lang='grc' dir='ltr'>ραλόγως</span> <span class='ocrx_word' id='word_1_54' title='bbox 983 1035 1417 1113; x_wconf 90' lang='grc' dir='ltr'>περιεςπάςθη.</span> <span class='ocrx_word' id='word_1_55' title='bbox 1485 1033 1692 1098; x_wconf 89' lang='grc' dir='ltr'>οὕτως</span> <span class='ocrx_word' id='word_1_56' title='bbox 1738 1032 1806 1096; x_wconf 79' lang='grc' dir='ltr'>ἐκ</span> <span class='ocrx_word' id='word_1_57' title='bbox 1850 1036 1966 1097; x_wconf 83' lang='grc' dir='ltr'>τοῦ</span> <span class='ocrx_word' id='word_1_58' title='bbox 1998 1032 2295 1097; x_wconf 81' lang='grc' dir='ltr'>ἐναντίου</span> <span class='ocrx_word' id='word_1_59' title='bbox 2339 1032 2376 1110; x_wconf 86' lang='grc' dir='ltr'><strong>ἡ</strong></span> <span class='ocrx_word' id='word_1_60' title='bbox 2420 1030 2569 1111; x_wconf 89' lang='grc' dir='ltr'>ςφίν</span> <span class='ocrx_word' id='word_1_61' title='bbox 2599 1035 2986 1111; x_wconf 85' lang='grc' dir='ltr'>πληθυντικὴ</span> <span class='ocrx_word' id='word_1_62' title='bbox 3019 1054 3234 1096; x_wconf 88' lang='grc' dir='ltr'>ςυςτα-</span> 
     </span>
    </p>
   </div>
   <div class='ocr_carea' id='block_1_5' title="bbox 646 1134 3234 1320">
    <p class='ocr_par' dir='ltr' id='par_1_5' title="bbox 646 1134 3234 1320">
     <span class='ocr_line' id='line_1_8' title="bbox 646 1134 3234 1216; baseline 0 -18"><span class='ocrx_word' id='word_1_63' title='bbox 646 1137 820 1199; x_wconf 92' lang='grc' dir='ltr'>λεῖςα</span> <span class='ocrx_word' id='word_1_64' title='bbox 865 1135 1140 1215; x_wconf 85' lang='grc' dir='ltr'>ὠξύνθη·</span> <span class='ocrx_word' id='word_1_65' title='bbox 1198 1136 1357 1201; x_wconf 87' lang='grc' dir='ltr'>ὥςτε</span> <span class='ocrx_word' id='word_1_66' title='bbox 1412 1135 1641 1216; x_wconf 86' lang='grc' dir='ltr'>ἀμοιβὴ</span> <span class='ocrx_word' id='word_1_67' title='bbox 1689 1140 1820 1199; x_wconf 95' lang='grc' dir='ltr'>τῶν</span> <span class='ocrx_word' id='word_1_68' title='bbox 1865 1135 2079 1199; x_wconf 88' lang='grc' dir='ltr'>τόνων</span> <span class='ocrx_word' id='word_1_69' title='bbox 2124 1134 2194 1199; x_wconf 83' lang='grc' dir='ltr'>ἐν</span> <span class='ocrx_word' id='word_1_70' title='bbox 2241 1134 2462 1198; x_wconf 92' lang='grc' dir='ltr'>αύταῖς</span> <span class='ocrx_word' id='word_1_71' title='bbox 2516 1134 2806 1209; x_wconf 87' lang='grc' dir='ltr'>γέγονεν.</span> <span class='ocrx_word' id='word_1_72' title='bbox 2897 1135 3234 1215; x_wconf 86' lang='grc' dir='ltr'>βαρύνεται</span> 
     </span>
     <span class='ocr_line' id='line_1_9' title="bbox 646 1235 3234 1320; baseline 0 -20"><span class='ocrx_word' id='word_1_73' title='bbox 646 1237 716 1301; x_wconf 79' lang='grc' dir='ltr'>δὲ</span> <span class='ocrx_word' id='word_1_74' title='bbox 760 1237 799 1314; x_wconf 83' lang='grc' dir='ltr'>ἢ</span> <span class='ocrx_word' id='word_1_75' title='bbox 846 1238 992 1316; x_wconf 89' lang='grc' dir='ltr'>ςφίν</span> <span class='ocrx_word' id='word_1_76' title='bbox 1039 1238 1108 1302; x_wconf 89' lang='grc' dir='ltr'>ἐν</span> <span class='ocrx_word' id='word_1_77' title='bbox 1153 1245 1229 1320; x_wconf 79' lang='grc' dir='ltr'>τῇ</span> <span class='ocrx_word' id='word_1_78' title='bbox 1276 1237 1528 1317; x_wconf 89' lang='grc' dir='ltr'>ςφίςιν</span> <span class='ocrx_word' id='word_1_79' title='bbox 1575 1239 1675 1301; x_wconf 88' lang='grc' dir='ltr'>καὶ</span> <span class='ocrx_word' id='word_1_80' title='bbox 1720 1238 2215 1317; x_wconf 88' lang='grc' dir='ltr'>διςυλλαβήςαςα</span> <span class='ocrx_word' id='word_1_81' title='bbox 2260 1235 2698 1302; x_wconf 80' lang='grc' dir='ltr'>ἐπεκτείνεται.</span> <span class='ocrx_word' id='word_1_82' title='bbox 2767 1237 2881 1314; x_wconf 88' lang='grc' dir='ltr'>τὴν</span> <span class='ocrx_word' id='word_1_83' title='bbox 2928 1240 3123 1316; x_wconf 87' lang='grc' dir='ltr'>ςφᾶς</span> <span class='ocrx_word' id='word_1_84' title='bbox 3169 1237 3234 1301; x_wconf 81' lang='grc' dir='ltr'>οἱ</span> 
     </span>
    </p>
   </div>
   <div class='ocr_carea' id='block_1_6' title="bbox 645 1336 1800 1423">
    <p class='ocr_par' dir='ltr' id='par_1_6' title="bbox 645 1336 1800 1423">
     <span class='ocr_line' id='line_1_10' title="bbox 645 1336 1800 1423; baseline 0.003 -23"><span class='ocrx_word' id='word_1_85' title='bbox 645 1339 759 1416; x_wconf 80' lang='grc' dir='ltr'>μὲν</span> <span class='ocrx_word' id='word_1_86' title='bbox 806 1336 1169 1423; x_wconf 87' lang='grc' dir='ltr'>ὀξύνουςιν,</span> <span class='ocrx_word' id='word_1_87' title='bbox 1218 1340 1279 1405; x_wconf 84' lang='grc' dir='ltr'>οἱ</span> <span class='ocrx_word' id='word_1_88' title='bbox 1324 1341 1394 1404; x_wconf 79' lang='grc' dir='ltr'>δὲ</span> <span class='ocrx_word' id='word_1_89' title='bbox 1438 1343 1800 1418; x_wconf 90' lang='grc' dir='ltr'>περιςπῶςι.</span> 
     </span>
    </p>
   </div>
   <div class='ocr_carea' id='block_1_7' title="bbox 716 1510 1055 1519">
    <p class='ocr_par' dir='ltr' id='par_1_7' title="bbox 716 1510 1055 1519">
     <span class='ocr_line' id='line_1_11' title="bbox 716 1510 1055 1519; baseline 0 4027"><span class='ocrx_word' id='word_1_90' title='bbox 716 1510 1055 1519; x_wconf 95' lang='lat' dir='ltr'> </span> 
     </span>
    </p>
   </div>
   <div class='ocr_carea' id='block_1_8' title="bbox 554 1623 3271 4876">
    <p class='ocr_par' dir='ltr' id='par_1_8' title="bbox 594 1623 3230 2849">
     <span class='ocr_line' id='line_1_12' title="bbox 594 1623 3230 1696; baseline 0 -15"><span class='ocrx_word' id='word_1_91' title='bbox 594 1623 599 1630; x_wconf 73' lang='lat'><em>&#39;</em></span> <span class='ocrx_word' id='word_1_92' title='bbox 648 1627 928 1695; x_wconf 82' lang='grc' dir='ltr'>Ὀδυςςείᾳ</span> <span class='ocrx_word' id='word_1_93' title='bbox 974 1631 1063 1680; x_wconf 80' lang='grc' dir='ltr'>καί</span> <span class='ocrx_word' id='word_1_94' title='bbox 1110 1629 1172 1681; x_wconf 86' lang='grc' dir='ltr'>ἐν</span> <span class='ocrx_word' id='word_1_95' title='bbox 1221 1630 1441 1682; x_wconf 81' lang='grc' dir='ltr'>Ἰλιάδος</span> <span class='ocrx_word' id='word_1_96' title='bbox 1489 1629 1526 1683; x_wconf 90' lang='grc' dir='ltr'>Ε</span> <span class='ocrx_word' id='word_1_97' title='bbox 1563 1631 1704 1694; x_wconf 74' lang='grc'>(219)</span> <span class='ocrx_word' id='word_1_98' title='bbox 1752 1629 1929 1695; x_wconf 67' lang='grc' dir='ltr'>«πρίν</span> <span class='ocrx_word' id='word_1_99' title='bbox 1963 1631 2026 1692; x_wconf 81' lang='grc' dir='ltr'>γ’</span> <span class='ocrx_word' id='word_1_100' title='bbox 2069 1629 2163 1681; x_wconf 81' lang='grc' dir='ltr'>ἐπὶ</span> <span class='ocrx_word' id='word_1_101' title='bbox 2200 1629 2284 1680; x_wconf 89' lang='grc' dir='ltr'>νὼ</span> <span class='ocrx_word' id='word_1_102' title='bbox 2320 1630 2468 1696; x_wconf 81' lang='grc' dir='ltr'>τῶδ’</span> <span class='ocrx_word' id='word_1_103' title='bbox 2503 1628 2717 1695; x_wconf 78' lang='grc' dir='ltr'>ἀνδρί».</span> <span class='ocrx_word' id='word_1_104' title='bbox 2788 1629 2858 1681; x_wconf 86' lang='grc' dir='ltr'>τὸ</span> <span class='ocrx_word' id='word_1_105' title='bbox 2903 1629 2987 1680; x_wconf 84' lang='grc' dir='ltr'>νώ</span> <span class='ocrx_word' id='word_1_106' title='bbox 3031 1630 3120 1681; x_wconf 80' lang='grc' dir='ltr'>καὶ</span> <span class='ocrx_word' id='word_1_107' title='bbox 3156 1630 3230 1682; x_wconf 89' lang='grc' dir='ltr'>τὸ</span> 
     </span>
     <span class='ocr_line' id='line_1_13' title="bbox 642 1695 3230 1764; baseline 0.001 -17"><span class='ocrx_word' id='word_1_108' title='bbox 642 1696 768 1761; x_wconf 89' lang='grc' dir='ltr'>ςφώ</span> <span class='ocrx_word' id='word_1_109' title='bbox 816 1697 916 1748; x_wconf 85' lang='grc' dir='ltr'>ςὺν</span> <span class='ocrx_word' id='word_1_110' title='bbox 960 1702 1046 1764; x_wconf 81' lang='grc' dir='ltr'>τῶ</span> <span class='ocrx_word' id='word_1_111' title='bbox 1086 1702 1117 1750; x_wconf 82' lang='grc' dir='ltr'><strong>ἴ</strong></span> <span class='ocrx_word' id='word_1_112' title='bbox 1152 1697 1299 1750; x_wconf 81' lang='grc' dir='ltr'>τινὲς</span> <span class='ocrx_word' id='word_1_113' title='bbox 1342 1697 1644 1762; x_wconf 89' lang='grc' dir='ltr'>γράφουςι,</span> <span class='ocrx_word' id='word_1_114' title='bbox 1692 1699 1958 1761; x_wconf 89' lang='grc' dir='ltr'>λέγοντες</span> <span class='ocrx_word' id='word_1_115' title='bbox 2002 1697 2117 1749; x_wconf 88' lang='grc' dir='ltr'>ἀπὸ</span> <span class='ocrx_word' id='word_1_116' title='bbox 2162 1701 2265 1749; x_wconf 86' lang='grc' dir='ltr'>τοῦ</span> <span class='ocrx_word' id='word_1_117' title='bbox 2313 1702 2421 1750; x_wconf 91' lang='grc' dir='ltr'>νῶϊ</span> <span class='ocrx_word' id='word_1_118' title='bbox 2465 1699 2554 1750; x_wconf 77' lang='grc' dir='ltr'>καὶ</span> <span class='ocrx_word' id='word_1_119' title='bbox 2601 1701 2752 1761; x_wconf 87' lang='grc' dir='ltr'>ςφῶϊ</span> <span class='ocrx_word' id='word_1_120' title='bbox 2796 1695 3038 1760; x_wconf 84' lang='grc' dir='ltr'>γίνεςθαι</span> <span class='ocrx_word' id='word_1_121' title='bbox 3085 1698 3230 1749; x_wconf 82' lang='grc' dir='ltr'>κατὰ</span> 
     </span>
     <span class='ocr_line' id='line_1_14' title="bbox 640 1762 3230 1833; baseline 0 -17"><span class='ocrx_word' id='word_1_122' title='bbox 640 1762 949 1828; x_wconf 90' lang='grc' dir='ltr'>ςυναίρεςιν</span> <span class='ocrx_word' id='word_1_123' title='bbox 993 1770 1095 1818; x_wconf 85' lang='grc' dir='ltr'>τοῦ</span> <span class='ocrx_word' id='word_1_124' title='bbox 1154 1782 1200 1817; x_wconf 91' lang='grc' dir='ltr'>ω</span> <span class='ocrx_word' id='word_1_125' title='bbox 1241 1765 1329 1817; x_wconf 80' lang='grc' dir='ltr'>καὶ</span> <span class='ocrx_word' id='word_1_126' title='bbox 1364 1770 1397 1817; x_wconf 86' lang='grc' dir='ltr'>ῖ</span> <span class='ocrx_word' id='word_1_127' title='bbox 1436 1764 1513 1818; x_wconf 80' lang='grc' dir='ltr'>εἰς</span> <span class='ocrx_word' id='word_1_128' title='bbox 1558 1767 1667 1831; x_wconf 88' lang='grc' dir='ltr'>τὴν</span> <span class='ocrx_word' id='word_1_129' title='bbox 1714 1771 1761 1833; x_wconf 72' lang='grc' dir='ltr'>ᾧ</span> <span class='ocrx_word' id='word_1_130' title='bbox 1808 1765 2132 1830; x_wconf 80' lang='grc' dir='ltr'>δίφθογγον.</span> <span class='ocrx_word' id='word_1_131' title='bbox 2202 1764 2328 1817; x_wconf 81' lang='grc' dir='ltr'>ἀλλ’</span> <span class='ocrx_word' id='word_1_132' title='bbox 2361 1766 2396 1828; x_wconf 81' lang='grc' dir='ltr'><strong>ἡ</strong></span> <span class='ocrx_word' id='word_1_133' title='bbox 2436 1766 2734 1831; x_wconf 87' lang='grc' dir='ltr'>παράδοςις</span> <span class='ocrx_word' id='word_1_134' title='bbox 2779 1765 2884 1817; x_wconf 80' lang='grc' dir='ltr'>οὐκ</span> <span class='ocrx_word' id='word_1_135' title='bbox 2929 1766 3048 1817; x_wconf 86' lang='grc' dir='ltr'>οἶδε</span> <span class='ocrx_word' id='word_1_136' title='bbox 3090 1766 3160 1817; x_wconf 89' lang='grc' dir='ltr'>τὸ</span> <span class='ocrx_word' id='word_1_137' title='bbox 3197 1769 3230 1817; x_wconf 91' lang='grc' dir='ltr'>ῖ</span> 
     </span>
     <span class='ocr_line' id='line_1_15' title="bbox 640 1830 3228 1904; baseline 0.001 -21"><span class='ocrx_word' id='word_1_138' title='bbox 640 1830 979 1895; x_wconf 83' lang='grc' dir='ltr'>ἐγκείμενον.</span> <span class='ocrx_word' id='word_1_139' title='bbox 1034 1834 1213 1898; x_wconf 82' lang='grc' dir='ltr'>ἕτεροι</span> <span class='ocrx_word' id='word_1_140' title='bbox 1251 1834 1375 1899; x_wconf 84' lang='lat' dir='ltr'>(pro</span> <span class='ocrx_word' id='word_1_141' title='bbox 1413 1835 1494 1886; x_wconf 86' lang='grc' dir='ltr'>ἔτι</span> <span class='ocrx_word' id='word_1_142' title='bbox 1529 1834 1662 1899; x_wconf 88' lang='grc' dir='ltr'>γὰρ)</span> <span class='ocrx_word' id='word_1_143' title='bbox 1698 1834 1842 1886; x_wconf 83' lang='grc' dir='ltr'>κατὰ</span> <span class='ocrx_word' id='word_1_144' title='bbox 1879 1833 2168 1897; x_wconf 87' lang='grc' dir='ltr'>ςυγκοπὴν</span> <span class='ocrx_word' id='word_1_145' title='bbox 2205 1833 2422 1896; x_wconf 87' lang='grc' dir='ltr'>λέγουςι</span> <span class='ocrx_word' id='word_1_146' title='bbox 2459 1835 2630 1904; x_wconf 80' lang='grc' dir='ltr'>χωρὶς</span> <span class='ocrx_word' id='word_1_147' title='bbox 2664 1837 2768 1885; x_wconf 82' lang='grc' dir='ltr'>τοῦ</span> <span class='ocrx_word' id='word_1_148' title='bbox 2806 1837 2855 1884; x_wconf 72' lang='lat' dir='ltr'>T.</span> <span class='ocrx_word' id='word_1_149' title='bbox 2910 1833 3052 1885; x_wconf 86' lang='grc' dir='ltr'>ἀλλὰ</span> <span class='ocrx_word' id='word_1_150' title='bbox 3077 1833 3228 1895; x_wconf 83' lang='grc' dir='ltr'>λέγει</span> 
     </span>
     <span class='ocr_line' id='line_1_16' title="bbox 642 1899 3228 1976; baseline 0 -24"><span class='ocrx_word' id='word_1_151' title='bbox 642 1901 674 1952; x_wconf 86' lang='grc' dir='ltr'>ὁ</span> <span class='ocrx_word' id='word_1_152' title='bbox 710 1900 991 1964; x_wconf 89' lang='grc' dir='ltr'>τεχνικός,</span> <span class='ocrx_word' id='word_1_153' title='bbox 1037 1902 1137 1976; x_wconf 67' lang='lat' dir='ltr'>§Te</span> <span class='ocrx_word' id='word_1_154' title='bbox 1176 1900 1225 1954; x_wconf 85' lang='grc' dir='ltr'>εἰ</span> <span class='ocrx_word' id='word_1_155' title='bbox 1260 1899 1375 1954; x_wconf 88' lang='grc' dir='ltr'>ἀπὸ</span> <span class='ocrx_word' id='word_1_156' title='bbox 1411 1905 1514 1953; x_wconf 86' lang='grc' dir='ltr'>τοῦ</span> <span class='ocrx_word' id='word_1_157' title='bbox 1553 1905 1662 1955; x_wconf 88' lang='grc' dir='ltr'>νῶϊ</span> <span class='ocrx_word' id='word_1_158' title='bbox 1696 1903 1786 1955; x_wconf 84' lang='grc' dir='ltr'>καὶ</span> <span class='ocrx_word' id='word_1_159' title='bbox 1824 1904 1973 1966; x_wconf 89' lang='grc' dir='ltr'>ςφῶϊ</span> <span class='ocrx_word' id='word_1_160' title='bbox 2010 1902 2319 1965; x_wconf 90' lang='grc' dir='ltr'>ςυνεκόπη,</span> <span class='ocrx_word' id='word_1_161' title='bbox 2368 1902 2579 1966; x_wconf 89' lang='grc' dir='ltr'>ὤφειλε</span> <span class='ocrx_word' id='word_1_162' title='bbox 2616 1903 2995 1966; x_wconf 87' lang='grc' dir='ltr'>περιςπᾶςθαι.</span> <span class='ocrx_word' id='word_1_163' title='bbox 3065 1900 3228 1953; x_wconf 81' lang='grc' dir='ltr'>ἄλλοι</span> 
     </span>
     <span class='ocr_line' id='line_1_17' title="bbox 640 1967 3228 2034; baseline 0 -15"><span class='ocrx_word' id='word_1_164' title='bbox 640 1967 701 2019; x_wconf 82' lang='grc' dir='ltr'>δὲ</span> <span class='ocrx_word' id='word_1_165' title='bbox 738 1967 984 2033; x_wconf 87' lang='grc' dir='ltr'>λέγουςι,</span> <span class='ocrx_word' id='word_1_166' title='bbox 1030 1970 1100 2021; x_wconf 89' lang='grc' dir='ltr'>τὸ</span> <span class='ocrx_word' id='word_1_167' title='bbox 1135 1968 1220 2021; x_wconf 86' lang='grc' dir='ltr'>νώ</span> <span class='ocrx_word' id='word_1_168' title='bbox 1261 1970 1349 2021; x_wconf 85' lang='grc' dir='ltr'>καὶ</span> <span class='ocrx_word' id='word_1_169' title='bbox 1387 1969 1512 2034; x_wconf 88' lang='grc' dir='ltr'>ςφώ</span> <span class='ocrx_word' id='word_1_170' title='bbox 1549 1970 1654 2021; x_wconf 85' lang='grc' dir='ltr'>οὐκ</span> <span class='ocrx_word' id='word_1_171' title='bbox 1691 1970 1918 2033; x_wconf 83' lang='grc' dir='ltr'>ἐγένετο</span> <span class='ocrx_word' id='word_1_172' title='bbox 1954 1968 2070 2020; x_wconf 87' lang='grc' dir='ltr'>ἀπὸ</span> <span class='ocrx_word' id='word_1_173' title='bbox 2106 1972 2209 2020; x_wconf 86' lang='grc' dir='ltr'>τοῦ</span> <span class='ocrx_word' id='word_1_174' title='bbox 2247 1972 2355 2020; x_wconf 87' lang='grc' dir='ltr'>νῶϊ</span> <span class='ocrx_word' id='word_1_175' title='bbox 2391 1971 2482 2022; x_wconf 82' lang='grc' dir='ltr'>καὶ</span> <span class='ocrx_word' id='word_1_176' title='bbox 2518 1972 2693 2033; x_wconf 83' lang='grc' dir='ltr'>ςφῶῖ,</span> <span class='ocrx_word' id='word_1_177' title='bbox 2740 1969 2883 2021; x_wconf 85' lang='grc' dir='ltr'>ἀλλὰ</span> <span class='ocrx_word' id='word_1_178' title='bbox 2919 1969 3009 2021; x_wconf 76' lang='grc' dir='ltr'>καὶ</span> <span class='ocrx_word' id='word_1_179' title='bbox 3044 1971 3228 2021; x_wconf 82' lang='grc' dir='ltr'>ταῦτα</span> 
     </span>
     <span class='ocr_line' id='line_1_18' title="bbox 642 2035 3226 2103; baseline 0.001 -17"><span class='ocrx_word' id='word_1_180' title='bbox 642 2035 857 2100; x_wconf 86' lang='grc' dir='ltr'>ἑτέρων</span> <span class='ocrx_word' id='word_1_181' title='bbox 893 2035 1107 2100; x_wconf 88' lang='grc' dir='ltr'>θέματά</span> <span class='ocrx_word' id='word_1_182' title='bbox 1143 2035 1242 2090; x_wconf 83' lang='grc' dir='ltr'>εἰςι</span> <span class='ocrx_word' id='word_1_183' title='bbox 1280 2038 1370 2089; x_wconf 82' lang='grc' dir='ltr'>καὶ</span> <span class='ocrx_word' id='word_1_184' title='bbox 1405 2036 1641 2089; x_wconf 85' lang='grc' dir='ltr'>ἐκείνων</span> <span class='ocrx_word' id='word_1_185' title='bbox 1678 2039 1844 2103; x_wconf 86' lang='grc' dir='ltr'>ἕτερα</span> <span class='ocrx_word' id='word_1_186' title='bbox 1880 2037 2105 2101; x_wconf 88' lang='grc' dir='ltr'>θέματα.</span> <span class='ocrx_word' id='word_1_187' title='bbox 2166 2036 2317 2099; x_wconf 84' lang='grc' dir='ltr'>λέγει</span> <span class='ocrx_word' id='word_1_188' title='bbox 2353 2037 2412 2089; x_wconf 86' lang='grc' dir='ltr'>δὲ</span> <span class='ocrx_word' id='word_1_189' title='bbox 2450 2037 2481 2088; x_wconf 89' lang='grc' dir='ltr'>ό</span> <span class='ocrx_word' id='word_1_190' title='bbox 2517 2036 2801 2101; x_wconf 89' lang='grc' dir='ltr'>τεχνικός,</span> <span class='ocrx_word' id='word_1_191' title='bbox 2843 2037 2932 2088; x_wconf 88' lang='grc' dir='ltr'>ὅτι</span> <span class='ocrx_word' id='word_1_192' title='bbox 2969 2036 3226 2088; x_wconf 84' lang='grc' dir='ltr'>ἀπὸ.τοῦ</span> 
     </span>
     <span class='ocr_line' id='line_1_19' title="bbox 640 2103 3227 2171; baseline 0 -17"><span class='ocrx_word' id='word_1_193' title='bbox 640 2105 750 2156; x_wconf 86' lang='grc' dir='ltr'>νῶϊ</span> <span class='ocrx_word' id='word_1_194' title='bbox 785 2103 875 2155; x_wconf 80' lang='grc' dir='ltr'>καὶ</span> <span class='ocrx_word' id='word_1_195' title='bbox 913 2106 1063 2168; x_wconf 88' lang='grc' dir='ltr'>ςφῶϊ</span> <span class='ocrx_word' id='word_1_196' title='bbox 1105 2105 1306 2168; x_wconf 88' lang='grc' dir='ltr'>γέγονε</span> <span class='ocrx_word' id='word_1_197' title='bbox 1354 2105 1498 2157; x_wconf 82' lang='grc' dir='ltr'>κατὰ</span> <span class='ocrx_word' id='word_1_198' title='bbox 1543 2108 1832 2171; x_wconf 83' lang='grc' dir='ltr'>ςυγκοπήν</span> <span class='ocrx_word' id='word_1_199' title='bbox 1869 2108 1972 2156; x_wconf 80' lang='grc' dir='ltr'>τοῦ</span> <span class='ocrx_word' id='word_1_200' title='bbox 2011 2108 2043 2156; x_wconf 87' lang='grc' dir='ltr'>ῖ</span> <span class='ocrx_word' id='word_1_201' title='bbox 2081 2104 2170 2156; x_wconf 84' lang='grc' dir='ltr'>καὶ</span> <span class='ocrx_word' id='word_1_202' title='bbox 2217 2104 2475 2158; x_wconf 79' lang='grc' dir='ltr'>ὀξύνεται</span> <span class='ocrx_word' id='word_1_203' title='bbox 2518 2104 2840 2167; x_wconf 82' lang='grc' dir='ltr'>ἀναλόγως·</span> <span class='ocrx_word' id='word_1_204' title='bbox 2887 2106 2978 2155; x_wconf 82' lang='grc' dir='ltr'>καί</span> <span class='ocrx_word' id='word_1_205' title='bbox 3013 2104 3119 2169; x_wconf 87' lang='grc' dir='ltr'>γὰρ</span> <span class='ocrx_word' id='word_1_206' title='bbox 3157 2104 3227 2155; x_wconf 90' lang='grc' dir='ltr'>τὸ</span> 
     </span>
     <span class='ocr_line' id='line_1_20' title="bbox 641 2170 3228 2238; baseline 0 -17"><span class='ocrx_word' id='word_1_207' title='bbox 641 2170 703 2222; x_wconf 81' lang='grc' dir='ltr'>ἐν</span> <span class='ocrx_word' id='word_1_208' title='bbox 747 2175 866 2223; x_wconf 88' lang='grc' dir='ltr'>τοῖς</span> <span class='ocrx_word' id='word_1_209' title='bbox 914 2172 1122 2225; x_wconf 88' lang='grc' dir='ltr'>δυϊκοῖς</span> <span class='ocrx_word' id='word_1_210' title='bbox 1170 2178 1219 2224; x_wconf 74' lang='grc' dir='ltr'>ὦ</span> <span class='ocrx_word' id='word_1_211' title='bbox 1262 2172 1676 2238; x_wconf 88' lang='grc' dir='ltr'>ἀποςτρέφεται</span> <span class='ocrx_word' id='word_1_212' title='bbox 1723 2175 1831 2238; x_wconf 85' lang='grc' dir='ltr'>τὴν</span> <span class='ocrx_word' id='word_1_213' title='bbox 1886 2172 2320 2237; x_wconf 87' lang='grc' dir='ltr'>περιςπωμένην</span> <span class='ocrx_word' id='word_1_214' title='bbox 2367 2172 2537 2224; x_wconf 88' lang='grc' dir='ltr'>τάςιν.</span> <span class='ocrx_word' id='word_1_215' title='bbox 2607 2171 2752 2224; x_wconf 88' lang='grc' dir='ltr'>διατί</span> <span class='ocrx_word' id='word_1_216' title='bbox 2798 2171 2859 2223; x_wconf 86' lang='grc' dir='ltr'>δὲ</span> <span class='ocrx_word' id='word_1_217' title='bbox 2905 2172 2939 2234; x_wconf 83' lang='grc' dir='ltr'>ἡ</span> <span class='ocrx_word' id='word_1_218' title='bbox 2989 2175 3094 2223; x_wconf 88' lang='grc' dir='ltr'>νῶϊ</span> <span class='ocrx_word' id='word_1_219' title='bbox 3136 2173 3228 2223; x_wconf 86' lang='grc' dir='ltr'>καί</span> 
     </span>
     <span class='ocr_line' id='line_1_21' title="bbox 640 2238 3228 2304; baseline 0 -14"><span class='ocrx_word' id='word_1_220' title='bbox 640 2241 789 2303; x_wconf 86' lang='grc' dir='ltr'>ςφῶῑ</span> <span class='ocrx_word' id='word_1_221' title='bbox 833 2239 1012 2292; x_wconf 83' lang='grc' dir='ltr'>δυϊκαί</span> <span class='ocrx_word' id='word_1_222' title='bbox 1058 2239 1404 2304; x_wconf 86' lang='grc' dir='ltr'>ἀντωνυμίαι</span> <span class='ocrx_word' id='word_1_223' title='bbox 1450 2240 1880 2294; x_wconf 87' lang='grc' dir='ltr'>ἀποκόπτονται</span> <span class='ocrx_word' id='word_1_224' title='bbox 1928 2242 2016 2292; x_wconf 82' lang='grc' dir='ltr'>καὶ</span> <span class='ocrx_word' id='word_1_225' title='bbox 2061 2239 2314 2302; x_wconf 87' lang='grc' dir='ltr'>γίνονται</span> <span class='ocrx_word' id='word_1_226' title='bbox 2361 2238 2444 2290; x_wconf 89' lang='grc' dir='ltr'>νώ</span> <span class='ocrx_word' id='word_1_227' title='bbox 2493 2241 2582 2292; x_wconf 81' lang='grc' dir='ltr'>καὶ</span> <span class='ocrx_word' id='word_1_228' title='bbox 2620 2240 2774 2304; x_wconf 86' lang='grc' dir='ltr'>ςφώ;</span> <span class='ocrx_word' id='word_1_229' title='bbox 2822 2240 2911 2291; x_wconf 87' lang='grc' dir='ltr'>ὅτι</span> <span class='ocrx_word' id='word_1_230' title='bbox 3020 2239 3228 2291; x_wconf 88' lang='grc' dir='ltr'>δέποτε</span> 
     </span>
     <span class='ocr_line' id='line_1_22' title="bbox 638 2305 3226 2374; baseline 0.001 -17"><span class='ocrx_word' id='word_1_231' title='bbox 638 2305 698 2358; x_wconf 82' lang='grc' dir='ltr'>ἐν</span> <span class='ocrx_word' id='word_1_232' title='bbox 733 2309 853 2358; x_wconf 89' lang='grc' dir='ltr'>τοῖς</span> <span class='ocrx_word' id='word_1_233' title='bbox 890 2312 1195 2361; x_wconf 87' lang='grc' dir='ltr'>πτωτικοῖς</span> <span class='ocrx_word' id='word_1_234' title='bbox 1229 2309 1298 2360; x_wconf 89' lang='grc' dir='ltr'>τὸ</span> <span class='ocrx_word' id='word_1_235' title='bbox 1338 2325 1384 2359; x_wconf 94' lang='grc' dir='ltr'>ω</span> <span class='ocrx_word' id='word_1_236' title='bbox 1423 2307 1729 2374; x_wconf 83' lang='grc' dir='ltr'>εύρίςκεται</span> <span class='ocrx_word' id='word_1_237' title='bbox 1767 2309 2018 2374; x_wconf 72' lang='grc' dir='ltr'>πρόοτοῦ</span> <span class='ocrx_word' id='word_1_238' title='bbox 2055 2312 2088 2359; x_wconf 87' lang='grc' dir='ltr'>ῖ</span> <span class='ocrx_word' id='word_1_239' title='bbox 2127 2308 2583 2372; x_wconf 89' lang='grc' dir='ltr'>περιςπώμενον,</span> <span class='ocrx_word' id='word_1_240' title='bbox 2629 2307 2756 2359; x_wconf 82' lang='grc' dir='ltr'>ἀλλ’</span> <span class='ocrx_word' id='word_1_241' title='bbox 2790 2307 2824 2371; x_wconf 84' lang='grc' dir='ltr'>ἢ</span> <span class='ocrx_word' id='word_1_242' title='bbox 2875 2323 2951 2372; x_wconf 91' lang='grc' dir='ltr'>πρ</span> <span class='ocrx_word' id='word_1_243' title='bbox 2989 2309 3226 2372; x_wconf 81' lang='grc' dir='ltr'>παροξυ-</span> 
     </span>
     <span class='ocr_line' id='line_1_23' title="bbox 639 2374 3228 2441; baseline 0.001 -17"><span class='ocrx_word' id='word_1_244' title='bbox 639 2374 882 2438; x_wconf 86' lang='grc' dir='ltr'>νόμενον</span> <span class='ocrx_word' id='word_1_245' title='bbox 921 2376 999 2428; x_wconf 84' lang='grc' dir='ltr'>ῶς</span> <span class='ocrx_word' id='word_1_246' title='bbox 1036 2377 1126 2428; x_wconf 81' lang='grc' dir='ltr'>ἐπὶ</span> <span class='ocrx_word' id='word_1_247' title='bbox 1164 2379 1266 2428; x_wconf 81' lang='grc' dir='ltr'>τοῦ</span> <span class='ocrx_word' id='word_1_248' title='bbox 1305 2378 1450 2441; x_wconf 80' lang='grc' dir='ltr'>ἥρωϊ</span> <span class='ocrx_word' id='word_1_249' title='bbox 1486 2377 1520 2440; x_wconf 81' lang='grc' dir='ltr'>ἢ</span> <span class='ocrx_word' id='word_1_250' title='bbox 1558 2377 1905 2441; x_wconf 84' lang='grc' dir='ltr'>ὀξυνόμενον</span> <span class='ocrx_word' id='word_1_251' title='bbox 1944 2377 2021 2428; x_wconf 89' lang='grc' dir='ltr'>ὡς</span> <span class='ocrx_word' id='word_1_252' title='bbox 2059 2376 2154 2427; x_wconf 76' lang='grc' dir='ltr'>ἐπὶ</span> <span class='ocrx_word' id='word_1_253' title='bbox 2189 2380 2291 2427; x_wconf 82' lang='grc' dir='ltr'>τοῦ</span> <span class='ocrx_word' id='word_1_254' title='bbox 2331 2376 2500 2440; x_wconf 86' lang='grc' dir='ltr'>Τρωΐ.</span> <span class='ocrx_word' id='word_1_255' title='bbox 2570 2376 2692 2428; x_wconf 81' lang='grc' dir='ltr'>ἐπεὶ</span> <span class='ocrx_word' id='word_1_256' title='bbox 2738 2375 2841 2427; x_wconf 83' lang='grc' dir='ltr'>οὖν</span> <span class='ocrx_word' id='word_1_257' title='bbox 2887 2375 3052 2427; x_wconf 82' lang='grc' dir='ltr'>αὗται</span> <span class='ocrx_word' id='word_1_258' title='bbox 3090 2390 3228 2440; x_wconf 79' lang='grc' dir='ltr'>προ·</span> 
     </span>
     <span class='ocr_line' id='line_1_24' title="bbox 640 2442 3227 2511; baseline 0 -17"><span class='ocrx_word' id='word_1_259' title='bbox 640 2445 1048 2508; x_wconf 88' lang='grc' dir='ltr'>περιςπῶνται,</span> <span class='ocrx_word' id='word_1_260' title='bbox 1094 2444 1181 2496; x_wconf 88' lang='grc' dir='ltr'>διὰ</span> <span class='ocrx_word' id='word_1_261' title='bbox 1216 2448 1391 2496; x_wconf 82' lang='grc' dir='ltr'>τοῦτο</span> <span class='ocrx_word' id='word_1_262' title='bbox 1429 2443 1752 2511; x_wconf 86' lang='grc' dir='ltr'>πάςχουςιν,</span> <span class='ocrx_word' id='word_1_263' title='bbox 1797 2443 1893 2496; x_wconf 83' lang='grc' dir='ltr'>ἵνα</span> <span class='ocrx_word' id='word_1_264' title='bbox 1939 2445 2026 2497; x_wconf 89' lang='grc' dir='ltr'>διὰ</span> <span class='ocrx_word' id='word_1_265' title='bbox 2068 2447 2171 2509; x_wconf 81' lang='grc' dir='ltr'>τῆς</span> <span class='ocrx_word' id='word_1_266' title='bbox 2217 2443 2514 2509; x_wconf 89' lang='grc' dir='ltr'>ἀποκοπῆς</span> <span class='ocrx_word' id='word_1_267' title='bbox 2558 2443 2924 2508; x_wconf 80' lang='grc' dir='ltr'>ἐξαμαυρωθῇ</span> <span class='ocrx_word' id='word_1_268' title='bbox 2971 2442 3006 2506; x_wconf 85' lang='grc' dir='ltr'>ἡ</span> <span class='ocrx_word' id='word_1_269' title='bbox 3053 2442 3227 2508; x_wconf 86' lang='grc' dir='ltr'>παρά-</span> 
     </span>
     <span class='ocr_line' id='line_1_25' title="bbox 639 2510 3226 2577; baseline -0 -15"><span class='ocrx_word' id='word_1_270' title='bbox 639 2511 806 2573; x_wconf 87' lang='grc' dir='ltr'>λογος</span> <span class='ocrx_word' id='word_1_271' title='bbox 842 2510 1008 2564; x_wconf 88' lang='grc' dir='ltr'>τάςις.</span> <span class='ocrx_word' id='word_1_272' title='bbox 1061 2515 1237 2563; x_wconf 86' lang='grc' dir='ltr'>τοῦτο</span> <span class='ocrx_word' id='word_1_273' title='bbox 1272 2512 1378 2577; x_wconf 87' lang='grc' dir='ltr'>γὰρ</span> <span class='ocrx_word' id='word_1_274' title='bbox 1416 2513 1629 2564; x_wconf 86' lang='grc' dir='ltr'>ἔπαθον</span> <span class='ocrx_word' id='word_1_275' title='bbox 1666 2513 1755 2565; x_wconf 84' lang='grc' dir='ltr'>καὶ</span> <span class='ocrx_word' id='word_1_276' title='bbox 1793 2512 1828 2576; x_wconf 85' lang='grc' dir='ltr'>ἡ</span> <span class='ocrx_word' id='word_1_277' title='bbox 1869 2515 2008 2564; x_wconf 83' lang='grc' dir='ltr'>νῶϊν</span> <span class='ocrx_word' id='word_1_278' title='bbox 2045 2511 2134 2562; x_wconf 85' lang='grc' dir='ltr'>καὶ</span> <span class='ocrx_word' id='word_1_279' title='bbox 2169 2514 2379 2576; x_wconf 83' lang='grc' dir='ltr'>ςφῶϊν,</span> <span class='ocrx_word' id='word_1_280' title='bbox 2417 2511 2561 2563; x_wconf 77' lang='grc' dir='ltr'>κατὰ</span> <span class='ocrx_word' id='word_1_281' title='bbox 2586 2511 2893 2576; x_wconf 91' lang='grc' dir='ltr'>ςυναίρεςιν</span> <span class='ocrx_word' id='word_1_282' title='bbox 2928 2511 3226 2574; x_wconf 87' lang='grc' dir='ltr'>γενόμεναι</span> 
     </span>
     <span class='ocr_line' id='line_1_26' title="bbox 639 2578 3227 2644; baseline 0.001 -17"><span class='ocrx_word' id='word_1_283' title='bbox 639 2581 757 2643; x_wconf 83' lang='grc' dir='ltr'>νῶν</span> <span class='ocrx_word' id='word_1_284' title='bbox 794 2579 883 2629; x_wconf 80' lang='grc' dir='ltr'>καὶ</span> <span class='ocrx_word' id='word_1_285' title='bbox 922 2582 1108 2644; x_wconf 87' lang='grc' dir='ltr'>ςφῶν,</span> <span class='ocrx_word' id='word_1_286' title='bbox 1153 2578 1248 2631; x_wconf 82' lang='grc' dir='ltr'>ἵνα</span> <span class='ocrx_word' id='word_1_287' title='bbox 1284 2580 1372 2632; x_wconf 86' lang='grc' dir='ltr'>διὰ</span> <span class='ocrx_word' id='word_1_288' title='bbox 1407 2583 1508 2644; x_wconf 85' lang='grc' dir='ltr'>τῆς</span> <span class='ocrx_word' id='word_1_289' title='bbox 1547 2595 1702 2632; x_wconf 90' lang='grc' dir='ltr'>ςυναι</span> <span class='ocrx_word' id='word_1_290' title='bbox 1741 2581 1911 2633; x_wconf 85' lang='grc' dir='ltr'>έςεως</span> <span class='ocrx_word' id='word_1_291' title='bbox 1956 2580 2320 2644; x_wconf 80' lang='grc' dir='ltr'>ἑξαμαυρωθῇ</span> <span class='ocrx_word' id='word_1_292' title='bbox 2368 2579 2402 2642; x_wconf 89' lang='grc' dir='ltr'>ἡ</span> <span class='ocrx_word' id='word_1_293' title='bbox 2453 2579 2774 2644; x_wconf 79' lang='grc' dir='ltr'>παράλογος</span> <span class='ocrx_word' id='word_1_294' title='bbox 2818 2579 2983 2631; x_wconf 84' lang='grc' dir='ltr'>τάςις.</span> <span class='ocrx_word' id='word_1_295' title='bbox 3021 2608 3086 2614; x_wconf 90' lang='lat'>——</span> <span class='ocrx_word' id='word_1_296' title='bbox 3123 2579 3227 2630; x_wconf 85' lang='grc' dir='ltr'>Δεῖ</span> 
     </span>
     <span class='ocr_line' id='line_1_27' title="bbox 637 2633 3224 2713; baseline 0 -17"><span class='ocrx_word' id='word_1_297' title='bbox 637 2644 959 2708; x_wconf 86' lang='grc' dir='ltr'>γινώςκειν,</span> <span class='ocrx_word' id='word_1_298' title='bbox 1000 2633 1087 2698; x_wconf 68' lang='lat' dir='ltr'>&amp;n</span> <span class='ocrx_word' id='word_1_299' title='bbox 1126 2646 1480 2712; x_wconf 88' lang='grc' dir='ltr'>Ἀρίςταρχος</span> <span class='ocrx_word' id='word_1_300' title='bbox 1516 2647 1585 2699; x_wconf 87' lang='grc' dir='ltr'>τὸ</span> <span class='ocrx_word' id='word_1_301' title='bbox 1622 2663 1696 2700; x_wconf 90' lang='lat'>«0</span> <span class='ocrx_word' id='word_1_302' title='bbox 1770 2648 1876 2713; x_wconf 86' lang='grc' dir='ltr'>γάρ</span> <span class='ocrx_word' id='word_1_303' title='bbox 1913 2662 2075 2712; x_wconf 90' lang='grc' dir='ltr'>ςφων</span> <span class='ocrx_word' id='word_1_304' title='bbox 2109 2646 2376 2699; x_wconf 89' lang='grc' dir='ltr'>ἀπόλωλε</span> <span class='ocrx_word' id='word_1_305' title='bbox 2409 2646 2682 2711; x_wconf 72' lang='grc' dir='ltr'>τοκήων»</span> <span class='ocrx_word' id='word_1_306' title='bbox 2719 2646 2858 2712; x_wconf 85' lang='grc' dir='ltr'>(ἔςτι</span> <span class='ocrx_word' id='word_1_307' title='bbox 2889 2647 2951 2697; x_wconf 80' lang='grc' dir='ltr'>δὲ</span> <span class='ocrx_word' id='word_1_308' title='bbox 2977 2646 3224 2710; x_wconf 90' lang='grc' dir='ltr'>Ὁμήρου</span> 
     </span>
     <span class='ocr_line' id='line_1_28' title="bbox 643 2713 3227 2782; baseline 0 -19"><span class='ocrx_word' id='word_1_309' title='bbox 643 2713 769 2779; x_wconf 90' lang='lat' dir='ltr'><strong>[Od.</strong></span> <span class='ocrx_word' id='word_1_310' title='bbox 809 2714 839 2764; x_wconf 88' lang='grc' dir='ltr'>δ</span> <span class='ocrx_word' id='word_1_311' title='bbox 876 2714 994 2781; x_wconf 75' lang='grc'>62])</span> <span class='ocrx_word' id='word_1_312' title='bbox 1031 2715 1201 2780; x_wconf 80' lang='grc' dir='ltr'>χωρὶς</span> <span class='ocrx_word' id='word_1_313' title='bbox 1239 2719 1341 2766; x_wconf 85' lang='grc' dir='ltr'>τοῦ</span> <span class='ocrx_word' id='word_1_314' title='bbox 1382 2719 1414 2766; x_wconf 82' lang='grc' dir='ltr'>ἶ</span> <span class='ocrx_word' id='word_1_315' title='bbox 1450 2715 1587 2767; x_wconf 81' lang='grc' dir='ltr'>ἀξιοῖ</span> <span class='ocrx_word' id='word_1_316' title='bbox 1623 2715 1958 2782; x_wconf 88' lang='grc' dir='ltr'>γράφεςθαι,</span> <span class='ocrx_word' id='word_1_317' title='bbox 2006 2716 2193 2778; x_wconf 88' lang='grc' dir='ltr'>λέγων</span> <span class='ocrx_word' id='word_1_318' title='bbox 2239 2716 2326 2766; x_wconf 90' lang='grc' dir='ltr'>ὅτι</span> <span class='ocrx_word' id='word_1_319' title='bbox 2371 2714 2563 2780; x_wconf 89' lang='grc' dir='ltr'>τρίτου</span> <span class='ocrx_word' id='word_1_320' title='bbox 2609 2714 2918 2780; x_wconf 85' lang='grc' dir='ltr'>προςώπου</span> <span class='ocrx_word' id='word_1_321' title='bbox 2954 2714 3066 2765; x_wconf 80' lang='grc' dir='ltr'>ἐςτὶ</span> <span class='ocrx_word' id='word_1_322' title='bbox 3103 2715 3227 2764; x_wconf 87' lang='grc' dir='ltr'>τῶν</span> 
     </span>
     <span class='ocr_line' id='line_1_29' title="bbox 640 2781 3227 2849; baseline 0 -16"><span class='ocrx_word' id='word_1_323' title='bbox 640 2783 1065 2846; x_wconf 87' lang='grc' dir='ltr'>πληθυντικῶν,</span> <span class='ocrx_word' id='word_1_324' title='bbox 1112 2784 1303 2847; x_wconf 86' lang='grc' dir='ltr'>ἡμῶν,</span> <span class='ocrx_word' id='word_1_325' title='bbox 1352 2783 1542 2848; x_wconf 82' lang='grc' dir='ltr'>ὑμῶν,</span> <span class='ocrx_word' id='word_1_326' title='bbox 1589 2787 1778 2849; x_wconf 90' lang='grc' dir='ltr'>ςφῶν,</span> <span class='ocrx_word' id='word_1_327' title='bbox 1827 2783 1953 2836; x_wconf 83' lang='grc' dir='ltr'>ἀντὶ</span> <span class='ocrx_word' id='word_1_328' title='bbox 2001 2784 2264 2848; x_wconf 86' lang='grc' dir='ltr'>δευτέρου</span> <span class='ocrx_word' id='word_1_329' title='bbox 2310 2784 2527 2835; x_wconf 84' lang='grc' dir='ltr'>δυϊκοῦ·</span> <span class='ocrx_word' id='word_1_330' title='bbox 2574 2781 2701 2834; x_wconf 81' lang='grc' dir='ltr'>ἀντὶ</span> <span class='ocrx_word' id='word_1_331' title='bbox 2746 2783 2853 2848; x_wconf 84' lang='grc' dir='ltr'>γὰρ</span> <span class='ocrx_word' id='word_1_332' title='bbox 2896 2786 3000 2834; x_wconf 83' lang='grc' dir='ltr'>τοῦ</span> <span class='ocrx_word' id='word_1_333' title='bbox 3038 2785 3227 2846; x_wconf 87' lang='grc' dir='ltr'>ςφῶῑν</span> 
     </span>
    </p>

    <p class='ocr_par' dir='ltr' id='par_1_9' title="bbox 554 2848 3224 2937">
     <span class='ocr_line' id='line_1_30' title="bbox 554 2848 3224 2937; baseline 0 -38"><span class='ocrx_word' id='word_1_334' title='bbox 554 2910 567 2925; x_wconf 32' lang='lat'>⁸</span> <span class='ocrx_word' id='word_1_335' title='bbox 638 2852 863 2901; x_wconf 83' lang='grc' dir='ltr'>κεῖςθαι.</span> <span class='ocrx_word' id='word_1_336' title='bbox 921 2848 1046 2903; x_wconf 78' lang='grc' dir='ltr'>ἀλλ’</span> <span class='ocrx_word' id='word_1_337' title='bbox 1079 2851 1229 2902; x_wconf 81' lang='grc' dir='ltr'>ἐςτιν</span> <span class='ocrx_word' id='word_1_338' title='bbox 1265 2850 1446 2903; x_wconf 85' lang='grc' dir='ltr'>εἰπεῖν</span> <span class='ocrx_word' id='word_1_339' title='bbox 1483 2852 1571 2903; x_wconf 85' lang='grc' dir='ltr'>ὅτι</span> <span class='ocrx_word' id='word_1_340' title='bbox 1608 2853 1778 2917; x_wconf 82' lang='grc' dir='ltr'>χωρὶς</span> <span class='ocrx_word' id='word_1_341' title='bbox 1811 2855 1917 2903; x_wconf 81' lang='grc' dir='ltr'>τοῦ</span> <span class='ocrx_word' id='word_1_342' title='bbox 1954 2855 1985 2902; x_wconf 88' lang='grc' dir='ltr'>ῖ</span> <span class='ocrx_word' id='word_1_343' title='bbox 2022 2851 2337 2916; x_wconf 86' lang='grc' dir='ltr'>γράφεται,·</span> <span class='ocrx_word' id='word_1_344' title='bbox 2371 2851 2563 2915; x_wconf 83' lang='grc' dir='ltr'>ἐπειδὴ</span> <span class='ocrx_word' id='word_1_345' title='bbox 2601 2850 2876 2903; x_wconf 82' lang='grc' dir='ltr'>οὐδέποτε</span> <span class='ocrx_word' id='word_1_346' title='bbox 2911 2854 2992 2937; x_wconf 55' lang='grc' dir='ltr'>τῇ</span> <span class='ocrx_word' id='word_1_347' title='bbox 3029 2853 3224 2914; x_wconf 82' lang='grc' dir='ltr'>γενικῇ</span> 
     </span>
    </p>

    <p class='ocr_par' dir='ltr' id='par_1_10' title="bbox 639 2916 3226 2984">
     <span class='ocr_line' id='line_1_31' title="bbox 639 2916 3226 2984; baseline -0.001 -16"><span class='ocrx_word' id='word_1_348' title='bbox 639 2918 728 2968; x_wconf 83' lang='grc' dir='ltr'>καί</span> <span class='ocrx_word' id='word_1_349' title='bbox 763 2917 953 2984; x_wconf 81' lang='grc' dir='ltr'>δοτικῇ</span> <span class='ocrx_word' id='word_1_350' title='bbox 1001 2920 1211 2971; x_wconf 87' lang='grc' dir='ltr'>δυϊκῶν</span> <span class='ocrx_word' id='word_1_351' title='bbox 1257 2918 1516 2984; x_wconf 85' lang='grc' dir='ltr'>κέχρηται</span> <span class='ocrx_word' id='word_1_352' title='bbox 1563 2920 1594 2971; x_wconf 87' lang='grc' dir='ltr'>ὁ</span> <span class='ocrx_word' id='word_1_353' title='bbox 1632 2918 1897 2984; x_wconf 87' lang='grc' dir='ltr'>ποιητής,</span> <span class='ocrx_word' id='word_1_354' title='bbox 1948 2918 1996 2970; x_wconf 86' lang='grc' dir='ltr'>εἰ</span> <span class='ocrx_word' id='word_1_355' title='bbox 2044 2921 2117 2983; x_wconf 86' lang='grc' dir='ltr'>μὴ</span> <span class='ocrx_word' id='word_1_356' title='bbox 2164 2919 2306 2971; x_wconf 89' lang='grc' dir='ltr'>κατὰ</span> <span class='ocrx_word' id='word_1_357' title='bbox 2342 2918 2611 2982; x_wconf 86' lang='grc' dir='ltr'>διάλυςιν,</span> <span class='ocrx_word' id='word_1_358' title='bbox 2659 2922 2784 2970; x_wconf 86' lang='grc' dir='ltr'>τοῖν</span> <span class='ocrx_word' id='word_1_359' title='bbox 2826 2921 2996 2982; x_wconf 84' lang='grc' dir='ltr'>τοῖϊν,</span> <span class='ocrx_word' id='word_1_360' title='bbox 3044 2916 3226 2981; x_wconf 84' lang='grc' dir='ltr'>ὠμοιν</span> 
     </span>
    </p>

    <p class='ocr_par' dir='ltr' id='par_1_11' title="bbox 632 2984 3271 4271">
     <span class='ocr_line' id='line_1_32' title="bbox 638 2984 3225 3052; baseline 0 -16"><span class='ocrx_word' id='word_1_361' title='bbox 638 2984 852 3048; x_wconf 83' lang='grc' dir='ltr'>ὤμοιϊν.</span> <span class='ocrx_word' id='word_1_362' title='bbox 925 2985 973 3037; x_wconf 83' lang='grc' dir='ltr'>εἰ</span> <span class='ocrx_word' id='word_1_363' title='bbox 1009 2984 1111 3038; x_wconf 87' lang='grc' dir='ltr'>οὖν</span> <span class='ocrx_word' id='word_1_364' title='bbox 1147 2986 1390 3038; x_wconf 79' lang='grc' dir='ltr'>ἐνταῦθα</span> <span class='ocrx_word' id='word_1_365' title='bbox 1426 2987 1495 3039; x_wconf 87' lang='grc' dir='ltr'>τὸ</span> <span class='ocrx_word' id='word_1_366' title='bbox 1533 2992 1565 3039; x_wconf 85' lang='grc' dir='ltr'>ῖ</span> <span class='ocrx_word' id='word_1_367' title='bbox 1601 2988 1754 3052; x_wconf 83' lang='grc' dir='ltr'>εἶχεν</span> <span class='ocrx_word' id='word_1_368' title='bbox 1792 2988 2003 3051; x_wconf 85' lang='grc' dir='ltr'>ὤφειλε</span> <span class='ocrx_word' id='word_1_369' title='bbox 2042 2987 2185 3039; x_wconf 89' lang='grc' dir='ltr'>κατὰ</span> <span class='ocrx_word' id='word_1_370' title='bbox 2222 2987 2466 3038; x_wconf 87' lang='grc' dir='ltr'>διάλυςιν</span> <span class='ocrx_word' id='word_1_371' title='bbox 2504 2987 2664 3037; x_wconf 81' lang='grc' dir='ltr'>εἶναι.</span> <span class='ocrx_word' id='word_1_372' title='bbox 2738 2987 2918 3037; x_wconf 78' lang='lat' dir='ltr'>Schol.</span> <span class='ocrx_word' id='word_1_373' title='bbox 2955 2987 3025 3035; x_wconf 81' lang='lat' dir='ltr'>ad</span> <span class='ocrx_word' id='word_1_374' title='bbox 3062 2986 3167 3037; x_wconf 69' lang='lat'>011.</span> <span class='ocrx_word' id='word_1_375' title='bbox 3193 2986 3225 3036; x_wconf 78' lang='grc' dir='ltr'>δ</span> 
     </span>
     <span class='ocr_line' id='line_1_33' title="bbox 635 3048 3221 3120; baseline 0 -17"><span class='ocrx_word' id='word_1_376' title='bbox 635 3055 725 3103; x_wconf 82' lang='lat'>62:</span> <span class='ocrx_word' id='word_1_377' title='bbox 773 3052 840 3104; x_wconf 83' lang='grc' dir='ltr'>οὐ</span> <span class='ocrx_word' id='word_1_378' title='bbox 886 3053 991 3118; x_wconf 83' lang='grc' dir='ltr'>γὰρ</span> <span class='ocrx_word' id='word_1_379' title='bbox 1037 3048 1217 3117; x_wconf 72' lang='grc' dir='ltr'>ςφῶν“</span> <span class='ocrx_word' id='word_1_380' title='bbox 1244 3054 1431 3118; x_wconf 84' lang='grc' dir='ltr'>γένος;</span> <span class='ocrx_word' id='word_1_381' title='bbox 1481 3057 1650 3120; x_wconf 79' lang='grc' dir='ltr'>χωρίς</span> <span class='ocrx_word' id='word_1_382' title='bbox 1684 3058 1788 3107; x_wconf 82' lang='grc' dir='ltr'>τοῦ</span> <span class='ocrx_word' id='word_1_383' title='bbox 1826 3059 1859 3107; x_wconf 86' lang='grc' dir='ltr'>ῖ</span> <span class='ocrx_word' id='word_1_384' title='bbox 1898 3056 1933 3118; x_wconf 88' lang='grc' dir='ltr'>ἡ</span> <span class='ocrx_word' id='word_1_385' title='bbox 1972 3060 2160 3119; x_wconf 90' lang='grc' dir='ltr'>ςφῶν,</span> <span class='ocrx_word' id='word_1_386' title='bbox 2210 3055 2288 3107; x_wconf 86' lang='grc' dir='ltr'>ὡς</span> <span class='ocrx_word' id='word_1_387' title='bbox 2339 3052 2688 3119; x_wconf 85' lang='grc' dir='ltr'>Ἀρίςταρχος</span> <span class='ocrx_word' id='word_1_388' title='bbox 2735 3054 2825 3105; x_wconf 83' lang='grc' dir='ltr'>καὶ</span> <span class='ocrx_word' id='word_1_389' title='bbox 2863 3052 3221 3117; x_wconf 82' lang='grc' dir='ltr'>Ἡρωδιανὸς.</span> 
     </span>
     <span class='ocr_line' id='line_1_34' title="bbox 638 3115 3226 3188; baseline -0.001 -16"><span class='ocrx_word' id='word_1_390' title='bbox 638 3120 1023 3174; x_wconf 87' lang='grc' dir='ltr'>Ἀπολλώνιος</span> <span class='ocrx_word' id='word_1_391' title='bbox 1061 3121 1121 3172; x_wconf 82' lang='grc' dir='ltr'>δέ</span> <span class='ocrx_word' id='word_1_392' title='bbox 1155 3122 1216 3173; x_wconf 81' lang='grc' dir='ltr'>ἐν</span> <span class='ocrx_word' id='word_1_393' title='bbox 1250 3126 1335 3187; x_wconf 80' lang='grc' dir='ltr'>τῷ</span> <span class='ocrx_word' id='word_1_394' title='bbox 1374 3124 1503 3186; x_wconf 79' lang='grc' dir='ltr'>περὶ</span> <span class='ocrx_word' id='word_1_395' title='bbox 1539 3122 1917 3186; x_wconf 88' lang='grc' dir='ltr'>ἀντωνυμιῶν</span> <span class='ocrx_word' id='word_1_396' title='bbox 1962 3124 2038 3188; x_wconf 87' lang='lat' dir='ltr'>(p.</span> <span class='ocrx_word' id='word_1_397' title='bbox 2079 3124 2199 3185; x_wconf 85' lang='lat'>110)</span> <span class='ocrx_word' id='word_1_398' title='bbox 2245 3121 2447 3186; x_wconf 83' lang='grc' dir='ltr'>γράφει</span> <span class='ocrx_word' id='word_1_399' title='bbox 2470 3115 2675 3186; x_wconf 75' lang='grc' dir='ltr'>ἀὐτὴν</span> <span class='ocrx_word' id='word_1_400' title='bbox 2721 3121 2862 3185; x_wconf 82' lang='grc' dir='ltr'>μετὰ</span> <span class='ocrx_word' id='word_1_401' title='bbox 2898 3124 3001 3171; x_wconf 79' lang='grc' dir='ltr'>τοῦ</span> <span class='ocrx_word' id='word_1_402' title='bbox 3041 3123 3093 3183; x_wconf 82' lang='grc' dir='ltr'>ἶ,</span> <span class='ocrx_word' id='word_1_403' title='bbox 3137 3118 3226 3170; x_wconf 74' lang='grc' dir='ltr'>ἵν’</span> 
     </span>
     <span class='ocr_line' id='line_1_35' title="bbox 636 3187 3224 3256; baseline -0 -17"><span class='ocrx_word' id='word_1_404' title='bbox 636 3189 669 3252; x_wconf 83' lang='grc' dir='ltr'>ῇ</span> <span class='ocrx_word' id='word_1_405' title='bbox 707 3187 974 3253; x_wconf 86' lang='grc' dir='ltr'>δευτέρου</span> <span class='ocrx_word' id='word_1_406' title='bbox 1012 3189 1320 3253; x_wconf 89' lang='grc' dir='ltr'>προςώπου</span> <span class='ocrx_word' id='word_1_407' title='bbox 1358 3190 1500 3241; x_wconf 87' lang='grc' dir='ltr'>κατὰ</span> <span class='ocrx_word' id='word_1_408' title='bbox 1537 3190 1860 3256; x_wconf 87' lang='grc' dir='ltr'>ςυναίρεςιν.</span> <span class='ocrx_word' id='word_1_409' title='bbox 1930 3191 2055 3242; x_wconf 87' lang='grc' dir='ltr'>ἀλλ’</span> <span class='ocrx_word' id='word_1_410' title='bbox 2090 3189 2194 3241; x_wconf 86' lang='grc' dir='ltr'>οὐκ</span> <span class='ocrx_word' id='word_1_411' title='bbox 2241 3190 2352 3241; x_wconf 84' lang='grc' dir='ltr'>ἔςτι</span> <span class='ocrx_word' id='word_1_412' title='bbox 2390 3190 2532 3240; x_wconf 80' lang='grc' dir='ltr'>ποτὲ</span> <span class='ocrx_word' id='word_1_413' title='bbox 2569 3189 2721 3253; x_wconf 87' lang='grc' dir='ltr'>παρὰ</span> <span class='ocrx_word' id='word_1_414' title='bbox 2766 3191 2853 3253; x_wconf 81' lang='grc' dir='ltr'>τῷ</span> <span class='ocrx_word' id='word_1_415' title='bbox 2890 3193 3097 3253; x_wconf 80' lang='grc' dir='ltr'>ποιητῇ</span> <span class='ocrx_word' id='word_1_416' title='bbox 3133 3202 3224 3249; x_wconf 85' lang='grc' dir='ltr'>γε-</span> 
     </span>
     <span class='ocr_line' id='line_1_36' title="bbox 635 3255 3224 3322; baseline 0 -17"><span class='ocrx_word' id='word_1_417' title='bbox 635 3256 761 3319; x_wconf 85' lang='grc' dir='ltr'>νικὴ</span> <span class='ocrx_word' id='word_1_418' title='bbox 799 3258 890 3308; x_wconf 82' lang='grc' dir='ltr'>καὶ</span> <span class='ocrx_word' id='word_1_419' title='bbox 926 3257 1118 3321; x_wconf 88' lang='grc' dir='ltr'>δοτικὴ</span> <span class='ocrx_word' id='word_1_420' title='bbox 1159 3258 1231 3322; x_wconf 89' lang='grc' dir='ltr'>μὴ</span> <span class='ocrx_word' id='word_1_421' title='bbox 1270 3257 1605 3322; x_wconf 81' lang='grc' dir='ltr'>ἑκφωνοῦςα</span> <span class='ocrx_word' id='word_1_422' title='bbox 1640 3258 1710 3309; x_wconf 86' lang='grc' dir='ltr'>τὸ</span> <span class='ocrx_word' id='word_1_423' title='bbox 1748 3262 1795 3309; x_wconf 84' lang='grc' dir='ltr'>ἶ.</span> <span class='ocrx_word' id='word_1_424' title='bbox 1865 3258 1936 3310; x_wconf 89' lang='grc' dir='ltr'>τὸ</span> <span class='ocrx_word' id='word_1_425' title='bbox 1971 3258 2077 3322; x_wconf 83' lang='grc' dir='ltr'>γὰρ</span> <span class='ocrx_word' id='word_1_426' title='bbox 2115 3257 2292 3320; x_wconf 83' lang='grc' dir='ltr'>ὤμοιν</span> <span class='ocrx_word' id='word_1_427' title='bbox 2328 3259 2419 3309; x_wconf 82' lang='grc' dir='ltr'>καί</span> <span class='ocrx_word' id='word_1_428' title='bbox 2458 3257 2656 3309; x_wconf 86' lang='grc' dir='ltr'>ποδοῖν</span> <span class='ocrx_word' id='word_1_429' title='bbox 2691 3256 2841 3318; x_wconf 81' lang='grc' dir='ltr'>λέγει</span> <span class='ocrx_word' id='word_1_430' title='bbox 2889 3255 3087 3319; x_wconf 83' lang='grc' dir='ltr'>ὤμοιϊν</span> <span class='ocrx_word' id='word_1_431' title='bbox 3132 3256 3224 3306; x_wconf 84' lang='grc' dir='ltr'>καὶ</span> 
     </span>
     <span class='ocr_line' id='line_1_37' title="bbox 636 3323 3225 3389; baseline -0 -16"><span class='ocrx_word' id='word_1_432' title='bbox 636 3324 856 3375; x_wconf 82' lang='grc' dir='ltr'>ποδοῖϊν</span> <span class='ocrx_word' id='word_1_433' title='bbox 902 3324 991 3376; x_wconf 80' lang='grc' dir='ltr'>καὶ</span> <span class='ocrx_word' id='word_1_434' title='bbox 1036 3324 1107 3375; x_wconf 89' lang='grc' dir='ltr'>τὸ</span> <span class='ocrx_word' id='word_1_435' title='bbox 1159 3329 1285 3377; x_wconf 87' lang='grc' dir='ltr'>τοῖν</span> <span class='ocrx_word' id='word_1_436' title='bbox 1331 3325 1472 3389; x_wconf 87' lang='grc' dir='ltr'>μετὰ</span> <span class='ocrx_word' id='word_1_437' title='bbox 1516 3329 1620 3377; x_wconf 80' lang='grc' dir='ltr'>τοῦ</span> <span class='ocrx_word' id='word_1_438' title='bbox 1668 3329 1699 3377; x_wconf 88' lang='grc' dir='ltr'>ῖ</span> <span class='ocrx_word' id='word_1_439' title='bbox 1742 3325 1890 3388; x_wconf 84' lang='grc' dir='ltr'>λέγει</span> <span class='ocrx_word' id='word_1_440' title='bbox 1934 3329 2080 3377; x_wconf 88' lang='grc' dir='ltr'>τοῖϊν</span> <span class='ocrx_word' id='word_1_441' title='bbox 2124 3323 2480 3387; x_wconf 86' lang='grc' dir='ltr'>διςυλλάβως.</span> <span class='ocrx_word' id='word_1_442' title='bbox 2524 3353 2589 3360; x_wconf 91' lang='lat'>-—</span> <span class='ocrx_word' id='word_1_443' title='bbox 2638 3326 2852 3375; x_wconf 79' lang='lat' dir='ltr'><strong>Similia</strong></span> <span class='ocrx_word' id='word_1_444' title='bbox 2898 3326 2953 3374; x_wconf 90' lang='lat' dir='ltr'>in</span> <span class='ocrx_word' id='word_1_445' title='bbox 3000 3325 3225 3374; x_wconf 78' lang='lat' dir='ltr'>brevius</span> 
     </span>
     <span class='ocr_line' id='line_1_38' title="bbox 635 3389 3226 3459; baseline 0 -19"><span class='ocrx_word' id='word_1_446' title='bbox 635 3396 918 3442; x_wconf 79' lang='lat' dir='ltr'>contracta</span> <span class='ocrx_word' id='word_1_447' title='bbox 964 3393 1135 3443; x_wconf 83' lang='lat' dir='ltr'><strong>habet</strong></span> <span class='ocrx_word' id='word_1_448' title='bbox 1176 3394 1432 3445; x_wconf 81' lang='lat' dir='ltr'><strong>Eustath.</strong></span> <span class='ocrx_word' id='word_1_449' title='bbox 1476 3398 1599 3456; x_wconf 84' lang='lat'>153,</span> <span class='ocrx_word' id='word_1_450' title='bbox 1647 3398 1738 3457; x_wconf 80' lang='lat'>42,</span> <span class='ocrx_word' id='word_1_451' title='bbox 1784 3396 1855 3444; x_wconf 82' lang='lat' dir='ltr'>cf.</span> <span class='ocrx_word' id='word_1_452' title='bbox 1889 3394 2138 3459; x_wconf 86' lang='lat' dir='ltr'>Apollon.</span> <span class='ocrx_word' id='word_1_453' title='bbox 2186 3394 2253 3443; x_wconf 86' lang='lat' dir='ltr'>de</span> <span class='ocrx_word' id='word_1_454' title='bbox 2300 3410 2452 3458; x_wconf 85' lang='lat' dir='ltr'><strong>pron.</strong></span> <span class='ocrx_word' id='word_1_455' title='bbox 2489 3392 2587 3442; x_wconf 88' lang='lat'>110</span> <span class='ocrx_word' id='word_1_456' title='bbox 2623 3409 2772 3457; x_wconf 83' lang='lat' dir='ltr'><strong>seqq.</strong></span> <span class='ocrx_word' id='word_1_457' title='bbox 2820 3420 2886 3427; x_wconf 84' lang='lat'>--</span> <span class='ocrx_word' id='word_1_458' title='bbox 2935 3393 3019 3442; x_wconf 77' lang='lat' dir='ltr'>De</span> <span class='ocrx_word' id='word_1_459' title='bbox 3066 3389 3226 3453; x_wconf 89' lang='grc' dir='ltr'>ςφωέ</span> 
     </span>
     <span class='ocr_line' id='line_1_39' title="bbox 638 3458 3224 3525; baseline 0 -17"><span class='ocrx_word' id='word_1_460' title='bbox 638 3460 708 3508; x_wconf 85' lang='lat' dir='ltr'>cf.</span> <span class='ocrx_word' id='word_1_461' title='bbox 746 3460 811 3513; x_wconf 86' lang='lat'>11.</span> <span class='ocrx_word' id='word_1_462' title='bbox 849 3461 936 3509; x_wconf 85' lang='lat' dir='ltr'>Pr.</span> <span class='ocrx_word' id='word_1_463' title='bbox 977 3459 1017 3511; x_wconf 91' lang='grc' dir='ltr'>Χ</span> <span class='ocrx_word' id='word_1_464' title='bbox 1055 3462 1178 3510; x_wconf 79' lang='lat'>546:</span> <span class='ocrx_word' id='word_1_465' title='bbox 1226 3459 1261 3524; x_wconf 80' lang='grc' dir='ltr'>ἦ</span> <span class='ocrx_word' id='word_1_466' title='bbox 1298 3458 1383 3511; x_wconf 92' lang='grc' dir='ltr'>τίς</span> <span class='ocrx_word' id='word_1_467' title='bbox 1420 3475 1576 3524; x_wconf 92' lang='grc' dir='ltr'>ςφωε</span> <span class='ocrx_word' id='word_1_468' title='bbox 1614 3462 1816 3525; x_wconf 80' lang='grc' dir='ltr'>πόρεν;</span> <span class='ocrx_word' id='word_1_469' title='bbox 1866 3461 1936 3512; x_wconf 87' lang='grc' dir='ltr'>τὸ</span> <span class='ocrx_word' id='word_1_470' title='bbox 1983 3461 2133 3525; x_wconf 84' lang='grc' dir='ltr'>ῥῆμα</span> <span class='ocrx_word' id='word_1_471' title='bbox 2178 3460 2293 3512; x_wconf 87' lang='grc' dir='ltr'>ἀπὸ</span> <span class='ocrx_word' id='word_1_472' title='bbox 2338 3463 2441 3511; x_wconf 86' lang='grc' dir='ltr'>τοῦ</span> <span class='ocrx_word' id='word_1_473' title='bbox 2481 3466 2529 3511; x_wconf 76' lang='grc' dir='ltr'>”π</span> <span class='ocrx_word' id='word_1_474' title='bbox 2573 3459 2800 3524; x_wconf 84' lang='grc' dir='ltr'>ἄρχεται</span> <span class='ocrx_word' id='word_1_475' title='bbox 2847 3461 2938 3510; x_wconf 85' lang='grc' dir='ltr'>καὶ</span> <span class='ocrx_word' id='word_1_476' title='bbox 2983 3458 3018 3521; x_wconf 88' lang='grc' dir='ltr'>ἡ</span> <span class='ocrx_word' id='word_1_477' title='bbox 3066 3458 3224 3521; x_wconf 88' lang='grc' dir='ltr'>ςφωέ</span> 
     </span>
     <span class='ocr_line' id='line_1_40' title="bbox 633 3524 3224 3594; baseline 0.001 -19"><span class='ocrx_word' id='word_1_478' title='bbox 633 3524 828 3589; x_wconf 89' lang='grc' dir='ltr'>τρίτου</span> <span class='ocrx_word' id='word_1_479' title='bbox 866 3526 1173 3591; x_wconf 84' lang='grc' dir='ltr'>προςώπου</span> <span class='ocrx_word' id='word_1_480' title='bbox 1217 3527 1495 3592; x_wconf 87' lang='grc' dir='ltr'>ἐγκλιτική</span> <span class='ocrx_word' id='word_1_481' title='bbox 1542 3529 1681 3592; x_wconf 77' lang='grc' dir='ltr'>ἑςτι,</span> <span class='ocrx_word' id='word_1_482' title='bbox 1730 3527 2068 3594; x_wconf 87' lang='grc' dir='ltr'>ςημαίνουςα</span> <span class='ocrx_word' id='word_1_483' title='bbox 2110 3528 2180 3580; x_wconf 86' lang='grc' dir='ltr'>τὸ</span> <span class='ocrx_word' id='word_1_484' title='bbox 2217 3527 2424 3579; x_wconf 84' lang='grc' dir='ltr'>αὐτούς</span> <span class='ocrx_word' id='word_1_485' title='bbox 2471 3525 2596 3579; x_wconf 77' lang='grc' dir='ltr'>«τίς</span> <span class='ocrx_word' id='word_1_486' title='bbox 2632 3528 2693 3577; x_wconf 75' lang='grc' dir='ltr'>τ’</span> <span class='ocrx_word' id='word_1_487' title='bbox 2729 3527 2798 3591; x_wconf 83' lang='grc' dir='ltr'>ἄρ</span> <span class='ocrx_word' id='word_1_488' title='bbox 2835 3541 2992 3591; x_wconf 89' lang='grc' dir='ltr'>ςφωε</span> <span class='ocrx_word' id='word_1_489' title='bbox 3026 3528 3224 3581; x_wconf 65' lang='grc' dir='ltr'>θεῶν»</span> 
     </span>
     <span class='ocr_line' id='line_1_41' title="bbox 635 3592 3222 3661; baseline 0.001 -18"><span class='ocrx_word' id='word_1_490' title='bbox 635 3593 723 3658; x_wconf 87' lang='grc' dir='ltr'>(ΙΙ.</span> <span class='ocrx_word' id='word_1_491' title='bbox 764 3592 806 3645; x_wconf 89' lang='grc' dir='ltr'>Α</span> <span class='ocrx_word' id='word_1_492' title='bbox 842 3593 919 3659; x_wconf 88' lang='lat'>8),</span> <span class='ocrx_word' id='word_1_493' title='bbox 956 3593 1142 3646; x_wconf 72' lang='grc' dir='ltr'>«ἀλλά</span> <span class='ocrx_word' id='word_1_494' title='bbox 1177 3596 1535 3659; x_wconf 76' lang='grc' dir='ltr'>ςφωε-δόλος</span> <span class='ocrx_word' id='word_1_495' title='bbox 1572 3598 1662 3648; x_wconf 81' lang='grc' dir='ltr'>καὶ</span> <span class='ocrx_word' id='word_1_496' title='bbox 1696 3596 1936 3661; x_wconf 77' lang='grc' dir='ltr'>δεςμός»</span> <span class='ocrx_word' id='word_1_497' title='bbox 1973 3598 2100 3661; x_wconf 85' lang='lat' dir='ltr'>(Od.</span> <span class='ocrx_word' id='word_1_498' title='bbox 2138 3599 2169 3647; x_wconf 93' lang='grc' dir='ltr'>θ</span> <span class='ocrx_word' id='word_1_499' title='bbox 2206 3596 2352 3659; x_wconf 82' lang='lat'><strong>317)·</strong></span> <span class='ocrx_word' id='word_1_500' title='bbox 2401 3595 2545 3647; x_wconf 82' lang='grc' dir='ltr'>ὥςτε</span> <span class='ocrx_word' id='word_1_501' title='bbox 2581 3594 2684 3646; x_wconf 85' lang='grc' dir='ltr'>οὐκ</span> <span class='ocrx_word' id='word_1_502' title='bbox 2720 3595 2876 3647; x_wconf 81' lang='grc' dir='ltr'>οἶδεν</span> <span class='ocrx_word' id='word_1_503' title='bbox 2913 3595 2944 3646; x_wconf 88' lang='grc' dir='ltr'>ὁ</span> <span class='ocrx_word' id='word_1_504' title='bbox 2981 3594 3222 3658; x_wconf 84' lang='grc' dir='ltr'>ποιητὴς</span> 
     </span>
     <span class='ocr_line' id='line_1_42' title="bbox 634 3659 3223 3729; baseline -0 -17"><span class='ocrx_word' id='word_1_505' title='bbox 634 3659 767 3713; x_wconf 84' lang='grc' dir='ltr'>οὐδέ</span> <span class='ocrx_word' id='word_1_506' title='bbox 810 3662 1228 3726; x_wconf 86' lang='grc' dir='ltr'>μονοςύλλαβον</span> <span class='ocrx_word' id='word_1_507' title='bbox 1271 3664 1380 3727; x_wconf 85' lang='grc' dir='ltr'>τὴν</span> <span class='ocrx_word' id='word_1_508' title='bbox 1425 3662 1578 3728; x_wconf 89' lang='grc' dir='ltr'>ςφώ,</span> <span class='ocrx_word' id='word_1_509' title='bbox 1627 3663 1673 3717; x_wconf 85' lang='grc' dir='ltr'>εἰ</span> <span class='ocrx_word' id='word_1_510' title='bbox 1722 3663 1797 3729; x_wconf 85' lang='grc' dir='ltr'>μή</span> <span class='ocrx_word' id='word_1_511' title='bbox 1846 3679 1988 3717; x_wconf 91' lang='grc' dir='ltr'>ποτε</span> <span class='ocrx_word' id='word_1_512' title='bbox 2033 3664 2414 3728; x_wconf 86' lang='grc' dir='ltr'>ὸρθοτονεῖται</span> <span class='ocrx_word' id='word_1_513' title='bbox 2469 3664 2560 3714; x_wconf 80' lang='grc' dir='ltr'>καὶ</span> <span class='ocrx_word' id='word_1_514' title='bbox 2605 3663 2867 3728; x_wconf 88' lang='grc' dir='ltr'>δευτέρου</span> <span class='ocrx_word' id='word_1_515' title='bbox 2913 3661 3223 3727; x_wconf 85' lang='grc' dir='ltr'>προςώπου</span> 
     </span>
     <span class='ocr_line' id='line_1_43' title="bbox 633 3728 3224 3796; baseline 0 -18"><span class='ocrx_word' id='word_1_516' title='bbox 633 3728 746 3779; x_wconf 84' lang='grc' dir='ltr'>ἑςτί</span> <span class='ocrx_word' id='word_1_517' title='bbox 784 3731 874 3780; x_wconf 74' lang='grc' dir='ltr'>καί</span> <span class='ocrx_word' id='word_1_518' title='bbox 921 3728 1168 3793; x_wconf 90' lang='grc' dir='ltr'>ςημαίνει</span> <span class='ocrx_word' id='word_1_519' title='bbox 1212 3731 1282 3782; x_wconf 88' lang='grc' dir='ltr'>τὸ</span> <span class='ocrx_word' id='word_1_520' title='bbox 1329 3730 1484 3794; x_wconf 83' lang='grc' dir='ltr'>ὑμεῖς</span> <span class='ocrx_word' id='word_1_521' title='bbox 1530 3732 1565 3795; x_wconf 88' lang='grc' dir='ltr'>ἢ</span> <span class='ocrx_word' id='word_1_522' title='bbox 1611 3732 1766 3795; x_wconf 83' lang='grc' dir='ltr'>ὑμᾶς.</span> <span class='ocrx_word' id='word_1_523' title='bbox 1846 3731 1972 3796; x_wconf 88' lang='grc' dir='ltr'>ςφὼ</span> <span class='ocrx_word' id='word_1_524' title='bbox 2008 3731 2080 3789; x_wconf 75' lang='grc' dir='ltr'>Ξδὲ</span> <span class='ocrx_word' id='word_1_525' title='bbox 2128 3729 2257 3793; x_wconf 84' lang='grc' dir='ltr'>μάλ’</span> <span class='ocrx_word' id='word_1_526' title='bbox 2297 3729 2612 3795; x_wconf 67' lang='grc' dir='ltr'>ἠθέλετον»</span> <span class='ocrx_word' id='word_1_527' title='bbox 2656 3731 2748 3795; x_wconf 86' lang='lat'><em>(11.</em></span> <span class='ocrx_word' id='word_1_528' title='bbox 2787 3731 2829 3782; x_wconf 91' lang='grc' dir='ltr'>Λ</span> <span class='ocrx_word' id='word_1_529' title='bbox 2867 3730 3014 3793; x_wconf 80' lang='lat'>782)·</span> <span class='ocrx_word' id='word_1_530' title='bbox 3058 3728 3224 3780; x_wconf 80' lang='grc' dir='ltr'>ἔνθεν</span> 
     </span>
     <span class='ocr_line' id='line_1_44' title="bbox 633 3794 3222 3864; baseline -0 -17"><span class='ocrx_word' id='word_1_531' title='bbox 633 3794 735 3847; x_wconf 82' lang='grc' dir='ltr'>οὖν</span> <span class='ocrx_word' id='word_1_532' title='bbox 781 3796 835 3849; x_wconf 86' lang='grc' dir='ltr'>οί</span> <span class='ocrx_word' id='word_1_533' title='bbox 878 3796 1246 3862; x_wconf 86' lang='grc' dir='ltr'>ἀκριβέςτεροι</span> <span class='ocrx_word' id='word_1_534' title='bbox 1292 3798 1437 3850; x_wconf 84' lang='grc' dir='ltr'>αὐτὰ</span> <span class='ocrx_word' id='word_1_535' title='bbox 1492 3799 1996 3864; x_wconf 85' lang='grc' dir='ltr'>παραφυλάξαντες</span> <span class='ocrx_word' id='word_1_536' title='bbox 2050 3799 2303 3861; x_wconf 76' lang='grc' dir='ltr'>ἔκθλιψιν</span> <span class='ocrx_word' id='word_1_537' title='bbox 2358 3798 2630 3851; x_wconf 84' lang='grc' dir='ltr'>δεδωκαςι</span> <span class='ocrx_word' id='word_1_538' title='bbox 2675 3801 2855 3849; x_wconf 66' lang='grc' dir='ltr'>τοῦΟέ</span> <span class='ocrx_word' id='word_1_539' title='bbox 2900 3797 2960 3849; x_wconf 82' lang='grc' dir='ltr'>ἐν</span> <span class='ocrx_word' id='word_1_540' title='bbox 3006 3800 3090 3863; x_wconf 84' lang='grc' dir='ltr'>τῷ</span> <span class='ocrx_word' id='word_1_541' title='bbox 3127 3794 3222 3847; x_wconf 62' lang='grc' dir='ltr'>«εἰ</span> 
     </span>
     <span class='ocr_line' id='line_1_45' title="bbox 635 3862 3219 3932; baseline -0.001 -17"><span class='ocrx_word' id='word_1_542' title='bbox 635 3862 711 3927; x_wconf 90' lang='grc' dir='ltr'>μή</span> <span class='ocrx_word' id='word_1_543' title='bbox 738 3865 893 3927; x_wconf 81' lang='grc' dir='ltr'>ςφω’</span> <span class='ocrx_word' id='word_1_544' title='bbox 928 3863 1132 3916; x_wconf 78' lang='grc' dir='ltr'>Αἴαντε</span> <span class='ocrx_word' id='word_1_545' title='bbox 1169 3865 1487 3930; x_wconf 76' lang='grc' dir='ltr'>διέκρινον»</span> <span class='ocrx_word' id='word_1_546' title='bbox 1523 3867 1612 3932; x_wconf 93' lang='grc' dir='ltr'>(ΙΙ.</span> <span class='ocrx_word' id='word_1_547' title='bbox 1641 3866 1680 3919; x_wconf 91' lang='grc' dir='ltr'>Ρ</span> <span class='ocrx_word' id='word_1_548' title='bbox 1716 3868 1869 3931; x_wconf 84' lang='lat'>531),</span> <span class='ocrx_word' id='word_1_549' title='bbox 1906 3865 2001 3918; x_wconf 80' lang='grc' dir='ltr'>ἵνα</span> <span class='ocrx_word' id='word_1_550' title='bbox 2035 3867 2105 3917; x_wconf 88' lang='grc' dir='ltr'>τὸ</span> <span class='ocrx_word' id='word_1_551' title='bbox 2143 3866 2393 3931; x_wconf 81' lang='grc' dir='ltr'>διηνεκὲς</span> <span class='ocrx_word' id='word_1_552' title='bbox 2431 3869 2706 3931; x_wconf 84' lang='grc' dir='ltr'>φυλαχθῇ.</span> <span class='ocrx_word' id='word_1_553' title='bbox 2764 3868 2836 3921; x_wconf 84' lang='lat' dir='ltr'>cf.</span> <span class='ocrx_word' id='word_1_554' title='bbox 2861 3866 3112 3930; x_wconf 87' lang='lat' dir='ltr'>Apollon.</span> <span class='ocrx_word' id='word_1_555' title='bbox 3152 3865 3219 3914; x_wconf 87' lang='lat' dir='ltr'>de</span> 
     </span>
     <span class='ocr_line' id='line_1_46' title="bbox 634 3932 3220 3999; baseline 0 -18"><span class='ocrx_word' id='word_1_556' title='bbox 634 3948 790 3997; x_wconf 87' lang='lat' dir='ltr'><strong>pron.</strong></span> <span class='ocrx_word' id='word_1_557' title='bbox 827 3950 878 3997; x_wconf 91' lang='lat' dir='ltr'>p.</span> <span class='ocrx_word' id='word_1_558' title='bbox 918 3937 1030 3987; x_wconf 84' lang='lat'><strong>113.</strong></span> <span class='ocrx_word' id='word_1_559' title='bbox 1068 3961 1133 3969; x_wconf 89' lang='lat'>—-</span> <span class='ocrx_word' id='word_1_560' title='bbox 1176 3936 1261 3984; x_wconf 80' lang='lat' dir='ltr'>De</span> <span class='ocrx_word' id='word_1_561' title='bbox 1309 3935 1493 3998; x_wconf 80' lang='grc' dir='ltr'>ςφωϊν</span> <span class='ocrx_word' id='word_1_562' title='bbox 1529 3936 1601 3985; x_wconf 84' lang='lat' dir='ltr'>cf.</span> <span class='ocrx_word' id='word_1_563' title='bbox 1634 3936 1892 3996; x_wconf 79' lang='lat' dir='ltr'>11.;Pros.</span> <span class='ocrx_word' id='word_1_564' title='bbox 1930 3934 1975 3986; x_wconf 88' lang='grc' dir='ltr'>Θ</span> <span class='ocrx_word' id='word_1_565' title='bbox 2009 3938 2135 3986; x_wconf 82' lang='lat'>402:</span> <span class='ocrx_word' id='word_1_566' title='bbox 2180 3932 2404 3996; x_wconf 87' lang='grc' dir='ltr'>γυιώςει</span> <span class='ocrx_word' id='word_1_567' title='bbox 2443 3933 2546 3996; x_wconf 86' lang='grc' dir='ltr'>μέν</span> <span class='ocrx_word' id='word_1_568' title='bbox 2581 3937 2790 3999; x_wconf 77' lang='grc' dir='ltr'>ςφωϊνε</span> <span class='ocrx_word' id='word_1_569' title='bbox 2831 3935 3014 3997; x_wconf 89' lang='grc' dir='ltr'>ςφωϊν</span> <span class='ocrx_word' id='word_1_570' title='bbox 3044 3932 3220 3994; x_wconf 81' lang='grc' dir='ltr'>ἐγκλι-</span> 
     </span>
     <span class='ocr_line' id='line_1_47' title="bbox 632 3999 3220 4067; baseline 0.001 -18"><span class='ocrx_word' id='word_1_571' title='bbox 632 3999 757 4063; x_wconf 79' lang='grc' dir='ltr'>τικὴ</span> <span class='ocrx_word' id='word_1_572' title='bbox 798 4003 908 4050; x_wconf 80' lang='grc' dir='ltr'>νῦν</span> <span class='ocrx_word' id='word_1_573' title='bbox 938 3999 1083 4052; x_wconf 80' lang='grc' dir='ltr'>ἐςτιν</span> <span class='ocrx_word' id='word_1_574' title='bbox 1118 4001 1154 4064; x_wconf 86' lang='grc' dir='ltr'>ἡ</span> <span class='ocrx_word' id='word_1_575' title='bbox 1183 3999 1525 4065; x_wconf 86' lang='grc' dir='ltr'>ἀντωνυμία.</span> <span class='ocrx_word' id='word_1_576' title='bbox 1562 4001 1756 4066; x_wconf 91' lang='grc' dir='ltr'>τρίτου</span> <span class='ocrx_word' id='word_1_577' title='bbox 1791 4003 1898 4067; x_wconf 81' lang='grc' dir='ltr'>γὰρ</span> <span class='ocrx_word' id='word_1_578' title='bbox 1937 4001 2272 4065; x_wconf 85' lang='grc' dir='ltr'>προςώπου,</span> <span class='ocrx_word' id='word_1_579' title='bbox 2308 4001 2380 4052; x_wconf 87' lang='grc' dir='ltr'>τὰ</span> <span class='ocrx_word' id='word_1_580' title='bbox 2416 4002 2476 4053; x_wconf 78' lang='grc' dir='ltr'>δὲ</span> <span class='ocrx_word' id='word_1_581' title='bbox 2511 3999 2672 4065; x_wconf 89' lang='grc' dir='ltr'>τρίτα</span> <span class='ocrx_word' id='word_1_582' title='bbox 2696 4000 2856 4053; x_wconf 85' lang='grc' dir='ltr'>δυϊκὰ</span> <span class='ocrx_word' id='word_1_583' title='bbox 2879 4000 2948 4052; x_wconf 91' lang='grc' dir='ltr'>τό</span> <span class='ocrx_word' id='word_1_584' title='bbox 2972 4016 3036 4052; x_wconf 90' lang='grc' dir='ltr'>τε</span> <span class='ocrx_word' id='word_1_585' title='bbox 3061 3999 3220 4063; x_wconf 89' lang='grc' dir='ltr'>ςφωέ</span> 
     </span>
     <span class='ocr_line' id='line_1_48' title="bbox 634 4067 3271 4133; baseline -0 -16"><span class='ocrx_word' id='word_1_586' title='bbox 634 4067 724 4117; x_wconf 83' lang='grc' dir='ltr'>καὶ</span> <span class='ocrx_word' id='word_1_587' title='bbox 761 4070 946 4131; x_wconf 78' lang='grc' dir='ltr'>ςφωϊν</span> <span class='ocrx_word' id='word_1_588' title='bbox 983 4067 1264 4130; x_wconf 80' lang='grc' dir='ltr'>ἑγκλιτικά</span> <span class='ocrx_word' id='word_1_589' title='bbox 1308 4068 1470 4120; x_wconf 79' lang='grc' dir='ltr'>ἐςτιν.</span> <span class='ocrx_word' id='word_1_590' title='bbox 1545 4070 1641 4121; x_wconf 89' lang='grc' dir='ltr'>ὅτε</span> <span class='ocrx_word' id='word_1_591' title='bbox 1689 4070 1878 4133; x_wconf 89' lang='grc' dir='ltr'>μέντοι</span> <span class='ocrx_word' id='word_1_592' title='bbox 1923 4069 2190 4133; x_wconf 87' lang='grc' dir='ltr'>δευτέρου</span> <span class='ocrx_word' id='word_1_593' title='bbox 2235 4068 2449 4131; x_wconf 86' lang='grc' dir='ltr'>γίνεται</span> <span class='ocrx_word' id='word_1_594' title='bbox 2490 4070 2559 4121; x_wconf 88' lang='grc' dir='ltr'>τὸ</span> <span class='ocrx_word' id='word_1_595' title='bbox 2607 4072 2815 4132; x_wconf 87' lang='grc' dir='ltr'>ςφωϊν,</span> <span class='ocrx_word' id='word_1_596' title='bbox 2864 4071 3216 4133; x_wconf 85' lang='grc' dir='ltr'>περιςπᾶται·</span> <span class='ocrx_word' id='word_1_597' title='bbox 3259 4108 3271 4116; x_wconf 86' lang='grc'>,</span> 
     </span>
     <span class='ocr_line' id='line_1_49' title="bbox 632 4132 3218 4203; baseline -0.001 -17"><span class='ocrx_word' id='word_1_598' title='bbox 632 4135 1019 4199; x_wconf 85' lang='grc' dir='ltr'>ὁρθοτονεῑται</span> <span class='ocrx_word' id='word_1_599' title='bbox 1053 4135 1181 4201; x_wconf 88' lang='grc' dir='ltr'>γάρ·</span> <span class='ocrx_word' id='word_1_600' title='bbox 1218 4136 1517 4198; x_wconf 72' lang='grc' dir='ltr'>«γυιώςειν</span> <span class='ocrx_word' id='word_1_601' title='bbox 1556 4137 1655 4200; x_wconf 79' lang='grc' dir='ltr'>μὲν</span> <span class='ocrx_word' id='word_1_602' title='bbox 1693 4142 1918 4202; x_wconf 73' lang='grc' dir='ltr'>ςφῶϊν»</span> <span class='ocrx_word' id='word_1_603' title='bbox 1944 4138 2108 4203; x_wconf 80' lang='grc'>(416).</span> <span class='ocrx_word' id='word_1_604' title='bbox 2144 4137 2192 4189; x_wconf 83' lang='grc' dir='ltr'><strong>Ψ</strong></span> <span class='ocrx_word' id='word_1_605' title='bbox 2218 4141 2340 4189; x_wconf 79' lang='lat'>281:</span> <span class='ocrx_word' id='word_1_606' title='bbox 2379 4136 2704 4200; x_wconf 83' lang='grc' dir='ltr'>έγκλιτικῶς</span> <span class='ocrx_word' id='word_1_607' title='bbox 2739 4138 2846 4200; x_wconf 90' lang='grc' dir='ltr'>τὴν</span> <span class='ocrx_word' id='word_1_608' title='bbox 2872 4138 3055 4200; x_wconf 79' lang='grc' dir='ltr'>ςφωϊν</span> <span class='ocrx_word' id='word_1_609' title='bbox 3090 4132 3218 4185; x_wconf 86' lang='grc' dir='ltr'>ἀντ-</span> 
     </span>
     <span class='ocr_line' id='line_1_50' title="bbox 634 4199 3047 4271; baseline 0 -18"><span class='ocrx_word' id='word_1_610' title='bbox 634 4201 887 4266; x_wconf 89' lang='grc' dir='ltr'>ωνυμίαν</span> <span class='ocrx_word' id='word_1_611' title='bbox 924 4202 1343 4266; x_wconf 87' lang='grc' dir='ltr'>ἀναγνωςτέον·</span> <span class='ocrx_word' id='word_1_612' title='bbox 1383 4205 1495 4255; x_wconf 83' lang='grc' dir='ltr'>έςτι</span> <span class='ocrx_word' id='word_1_613' title='bbox 1531 4205 1637 4270; x_wconf 87' lang='grc' dir='ltr'>γὰρ</span> <span class='ocrx_word' id='word_1_614' title='bbox 1674 4204 1869 4270; x_wconf 88' lang='grc' dir='ltr'>τρίτου</span> <span class='ocrx_word' id='word_1_615' title='bbox 1908 4204 2233 4269; x_wconf 83' lang='grc' dir='ltr'>προςώπου.</span> <span class='ocrx_word' id='word_1_616' title='bbox 2301 4199 2378 4256; x_wconf 69' lang='grc' dir='ltr'>δί.</span> <span class='ocrx_word' id='word_1_617' title='bbox 2415 4206 2594 4270; x_wconf 85' lang='lat' dir='ltr'>Apoll.</span> <span class='ocrx_word' id='word_1_618' title='bbox 2633 4205 2699 4254; x_wconf 80' lang='lat' dir='ltr'>(le</span> <span class='ocrx_word' id='word_1_619' title='bbox 2737 4220 2887 4271; x_wconf 85' lang='lat' dir='ltr'>pron.</span> <span class='ocrx_word' id='word_1_620' title='bbox 2932 4206 3047 4254; x_wconf 87' lang='lat'>115.</span> 
     </span>
    </p>

    <p class='ocr_par' dir='ltr' id='par_1_12' title="bbox 629 4269 3218 4541">
     <span class='ocr_line' id='line_1_51' title="bbox 632 4269 3218 4339; baseline -0 -19"><span class='ocrx_word' id='word_1_621' title='bbox 632 4271 666 4320; x_wconf 95' lang='lat' dir='ltr'>l.</span> <span class='ocrx_word' id='word_1_622' title='bbox 703 4274 736 4322; x_wconf 82' lang='lat'>8</span> <span class='ocrx_word' id='word_1_623' title='bbox 790 4269 1172 4323; x_wconf 80' lang='grc' dir='ltr'>ἐπεκτείνεται</span> <span class='ocrx_word' id='word_1_624' title='bbox 1220 4289 1317 4339; x_wconf 84' lang='lat' dir='ltr'>pro</span> <span class='ocrx_word' id='word_1_625' title='bbox 1371 4271 1677 4324; x_wconf 83' lang='grc' dir='ltr'>ἐκτείνεται</span> <span class='ocrx_word' id='word_1_626' title='bbox 1726 4276 1949 4339; x_wconf 84' lang='lat' dir='ltr'>scripsi;</span> <span class='ocrx_word' id='word_1_627' title='bbox 1998 4290 2122 4323; x_wconf 82' lang='lat' dir='ltr'>nam</span> <span class='ocrx_word' id='word_1_628' title='bbox 2169 4273 2290 4323; x_wconf 77' lang='lat' dir='ltr'>coll.</span> <span class='ocrx_word' id='word_1_629' title='bbox 2335 4273 2534 4326; x_wconf 78' lang='lat' dir='ltr'><strong>Aread.</strong></span> <span class='ocrx_word' id='word_1_630' title='bbox 2576 4276 2696 4331; x_wconf 82' lang='lat'><strong>143,</strong></span> <span class='ocrx_word' id='word_1_631' title='bbox 2737 4274 2798 4321; x_wconf 85' lang='grc'>16</span> <span class='ocrx_word' id='word_1_632' title='bbox 2845 4270 3218 4321; x_wconf 80' lang='lat' dir='ltr'>Herodianum</span> 
     </span>
     <span class='ocr_line' id='line_1_52' title="bbox 630 4337 3218 4406; baseline 0 -18"><span class='ocrx_word' id='word_1_633' title='bbox 630 4338 776 4388; x_wconf 84' lang='lat' dir='ltr'><strong>idem</strong></span> <span class='ocrx_word' id='word_1_634' title='bbox 823 4344 989 4404; x_wconf 79' lang='lat' dir='ltr'><strong>atque</strong></span> <span class='ocrx_word' id='word_1_635' title='bbox 1036 4340 1380 4405; x_wconf 86' lang='lat' dir='ltr'>Apollonium</span> <span class='ocrx_word' id='word_1_636' title='bbox 1426 4342 1491 4389; x_wconf 80' lang='lat' dir='ltr'>de</span> <span class='ocrx_word' id='word_1_637' title='bbox 1545 4357 1696 4405; x_wconf 85' lang='lat' dir='ltr'><strong>pron.</strong></span> <span class='ocrx_word' id='word_1_638' title='bbox 1745 4345 1843 4392; x_wconf 76' lang='lat'>125</span> <span class='ocrx_word' id='word_1_639' title='bbox 1888 4340 1948 4406; x_wconf 85' lang='grc' dir='ltr'>(ἡ</span> <span class='ocrx_word' id='word_1_640' title='bbox 1997 4339 2177 4404; x_wconf 88' lang='grc' dir='ltr'>ςφίςιν</span> <span class='ocrx_word' id='word_1_641' title='bbox 2231 4338 2348 4391; x_wconf 85' lang='grc' dir='ltr'>ἀπὸ</span> <span class='ocrx_word' id='word_1_642' title='bbox 2391 4343 2495 4405; x_wconf 88' lang='grc' dir='ltr'>τῆς</span> <span class='ocrx_word' id='word_1_643' title='bbox 2542 4339 2672 4404; x_wconf 88' lang='grc' dir='ltr'>ςφίν</span> <span class='ocrx_word' id='word_1_644' title='bbox 2716 4337 3105 4401; x_wconf 85' lang='grc' dir='ltr'>ἐπεκτέταται)</span> <span class='ocrx_word' id='word_1_645' title='bbox 3151 4338 3218 4388; x_wconf 83' lang='lat' dir='ltr'>de</span> 
     </span>
     <span class='ocr_line' id='line_1_53' title="bbox 629 4403 3218 4474; baseline -0.001 -17"><span class='ocrx_word' id='word_1_646' title='bbox 629 4403 812 4469; x_wconf 88' lang='grc' dir='ltr'>ςφίςιν</span> <span class='ocrx_word' id='word_1_647' title='bbox 849 4408 1122 4460; x_wconf 82' lang='lat' dir='ltr'><strong>iudicasse</strong></span> <span class='ocrx_word' id='word_1_648' title='bbox 1161 4408 1392 4463; x_wconf 79' lang='lat' dir='ltr'><strong>videtur.</strong></span> <span class='ocrx_word' id='word_1_649' title='bbox 1429 4410 1677 4458; x_wconf 79' lang='lat' dir='ltr'><strong>nativum</strong></span> <span class='ocrx_word' id='word_1_650' title='bbox 1717 4426 1838 4460; x_wconf 80' lang='lat' dir='ltr'><strong>esse</strong></span> <span class='ocrx_word' id='word_1_651' title='bbox 1877 4412 2033 4472; x_wconf 90' lang='grc' dir='ltr'>ςφῖν,</span> <span class='ocrx_word' id='word_1_652' title='bbox 2073 4409 2216 4458; x_wconf 78' lang='lat' dir='ltr'><strong>unde</strong></span> <span class='ocrx_word' id='word_1_653' title='bbox 2257 4424 2354 4473; x_wconf 85' lang='lat' dir='ltr'>per</span> <span class='ocrx_word' id='word_1_654' title='bbox 2389 4410 2673 4474; x_wconf 81' lang='lat' dir='ltr'><strong>epectasin</strong></span> <span class='ocrx_word' id='word_1_655' title='bbox 2705 4404 2886 4470; x_wconf 91' lang='grc' dir='ltr'>ςφίςιν</span> <span class='ocrx_word' id='word_1_656' title='bbox 2913 4412 3087 4456; x_wconf 83' lang='lat' dir='ltr'>ortum</span> <span class='ocrx_word' id='word_1_657' title='bbox 3125 4407 3218 4467; x_wconf 85' lang='lat' dir='ltr'><strong>sit,</strong></span> 
     </span>
     <span class='ocr_line' id='line_1_54' title="bbox 632 4474 3218 4541; baseline -0.001 -18"><span class='ocrx_word' id='word_1_658' title='bbox 632 4488 664 4523; x_wconf 89' lang='grc' dir='ltr'>ν</span> <span class='ocrx_word' id='word_1_659' title='bbox 700 4476 756 4523; x_wconf 86' lang='lat' dir='ltr'>in</span> <span class='ocrx_word' id='word_1_660' title='bbox 792 4479 1025 4539; x_wconf 79' lang='lat' dir='ltr'><strong>utraque</strong></span> <span class='ocrx_word' id='word_1_661' title='bbox 1064 4476 1239 4525; x_wconf 79' lang='lat' dir='ltr'>forma</span> <span class='ocrx_word' id='word_1_662' title='bbox 1274 4477 1474 4526; x_wconf 78' lang='lat' dir='ltr'>mobile</span> <span class='ocrx_word' id='word_1_663' title='bbox 1510 4492 1650 4527; x_wconf 82' lang='lat' dir='ltr'><strong>esse.</strong></span> <span class='ocrx_word' id='word_1_664' title='bbox 1678 4503 1740 4511; x_wconf 92' lang='lat'>—</span> <span class='ocrx_word' id='word_1_665' title='bbox 1766 4477 1877 4541; x_wconf 89' lang='grc' dir='ltr'>τὴν</span> <span class='ocrx_word' id='word_1_666' title='bbox 1902 4478 2043 4540; x_wconf 85' lang='grc' dir='ltr'>ςφᾶς</span> <span class='ocrx_word' id='word_1_667' title='bbox 2067 4504 2132 4510; x_wconf 95' lang='grc'><strong>-</strong></span> <span class='ocrx_word' id='word_1_668' title='bbox 2162 4479 2466 4540; x_wconf 87' lang='grc' dir='ltr'>περιςπῶςι</span> <span class='ocrx_word' id='word_1_669' title='bbox 2491 4476 2683 4525; x_wconf 78' lang='lat' dir='ltr'><strong>addidi</strong></span> <span class='ocrx_word' id='word_1_670' title='bbox 2708 4491 2775 4524; x_wconf 80' lang='lat' dir='ltr'>ex</span> <span class='ocrx_word' id='word_1_671' title='bbox 2801 4474 3004 4523; x_wconf 79' lang='lat' dir='ltr'><strong>Arcad.</strong></span> <span class='ocrx_word' id='word_1_672' title='bbox 3031 4475 3143 4533; x_wconf 76' lang='lat'><strong>179,</strong></span> <span class='ocrx_word' id='word_1_673' title='bbox 3171 4476 3218 4523; x_wconf 83' lang='lat'>8.</span> 
     </span>
    </p>

    <p class='ocr_par' dir='ltr' id='par_1_13' title="bbox 606 4541 3221 4876">
     <span class='ocr_line' id='line_1_55' title="bbox 606 4541 3220 4609; baseline -0.002 -16"><span class='ocrx_word' id='word_1_674' title='bbox 606 4543 899 4593; x_wconf 75' lang='lat' dir='ltr'><strong>‘Lehrsius</strong></span> <span class='ocrx_word' id='word_1_675' title='bbox 937 4558 1025 4606; x_wconf 86' lang='lat' dir='ltr'>qu.</span> <span class='ocrx_word' id='word_1_676' title='bbox 1065 4560 1150 4608; x_wconf 79' lang='lat' dir='ltr'>ep.</span> <span class='ocrx_word' id='word_1_677' title='bbox 1191 4546 1288 4593; x_wconf 78' lang='lat'>124</span> <span class='ocrx_word' id='word_1_678' title='bbox 1325 4544 1460 4594; x_wconf 82' lang='lat' dir='ltr'><strong>dicit</strong></span> <span class='ocrx_word' id='word_1_679' title='bbox 1497 4546 1786 4595; x_wconf 76' lang='lat' dir='ltr'>obscurius</span> <span class='ocrx_word' id='word_1_680' title='bbox 1822 4561 1973 4607; x_wconf 78' lang='lat' dir='ltr'>esse,</span> <span class='ocrx_word' id='word_1_681' title='bbox 2013 4545 2146 4609; x_wconf 85' lang='lat' dir='ltr'>quid</span> <span class='ocrx_word' id='word_1_682' title='bbox 2181 4546 2238 4594; x_wconf 91' lang='lat' dir='ltr'>in</span> <span class='ocrx_word' id='word_1_683' title='bbox 2276 4545 2362 4594; x_wconf 82' lang='lat' dir='ltr'>his</span> <span class='ocrx_word' id='word_1_684' title='bbox 2400 4545 2558 4603; x_wconf 78' lang='lat' dir='ltr'>insit3</span> <span class='ocrx_word' id='word_1_685' title='bbox 2601 4545 2840 4593; x_wconf 77' lang='lat' dir='ltr'>fortasse</span> <span class='ocrx_word' id='word_1_686' title='bbox 2872 4542 3074 4591; x_wconf 76' lang='lat' dir='ltr'><strong>dietum</strong></span> <span class='ocrx_word' id='word_1_687' title='bbox 3113 4541 3220 4589; x_wconf 85' lang='lat' dir='ltr'>fuit</span> 
     </span>
     <span class='ocr_line' id='line_1_56' title="bbox 630 4609 3220 4725; baseline -0.001 -66"><span class='ocrx_word' id='word_1_688' title='bbox 630 4611 699 4659; x_wconf 82' lang='lat' dir='ltr'>ab</span> <span class='ocrx_word' id='word_1_689' title='bbox 738 4611 1055 4661; x_wconf 80' lang='lat' dir='ltr'>Herodiano</span> <span class='ocrx_word' id='word_1_690' title='bbox 1092 4613 1234 4673; x_wconf 80' lang='grc' dir='ltr'>ςφᾶς</span> <span class='ocrx_word' id='word_1_691' title='bbox 1271 4611 1597 4676; x_wconf 59' lang='lat' dir='ltr'>produefflm</span> <span class='ocrx_word' id='word_1_692' title='bbox 1642 4629 1764 4663; x_wconf 77' lang='lat' dir='ltr'><strong>esse</strong></span> <span class='ocrx_word' id='word_1_693' title='bbox 1811 4614 2256 4677; x_wconf 79' lang='lat' dir='ltr'>perispomeuon‚</span> <span class='ocrx_word' id='word_1_694' title='bbox 2307 4618 2615 4675; x_wconf 79' lang='lat' dir='ltr'><strong>correptum</strong></span> <span class='ocrx_word' id='word_1_695' title='bbox 2659 4627 2822 4675; x_wconf 86' lang='lat' dir='ltr'>quum</span> <span class='ocrx_word' id='word_1_696' title='bbox 2869 4626 2903 4659; x_wconf 79' lang='lat' dir='ltr'><strong>a</strong></span> <span class='ocrx_word' id='word_1_697' title='bbox 2951 4609 3220 4725; x_wconf 53' lang='lat' dir='ltr'><strong>perisgasi</strong></span> 
     </span>
     <span class='ocr_line' id='line_1_57' title="bbox 631 4676 3221 4745; baseline -0.001 -19"><span class='ocrx_word' id='word_1_698' title='bbox 631 4678 911 4727; x_wconf 81' lang='lat' dir='ltr'>exclusum</span> <span class='ocrx_word' id='word_1_699' title='bbox 949 4679 1047 4736; x_wconf 79' lang='lat' dir='ltr'>sit,</span> <span class='ocrx_word' id='word_1_700' title='bbox 1094 4680 1241 4728; x_wconf 81' lang='lat' dir='ltr'><strong>inter</strong></span> <span class='ocrx_word' id='word_1_701' title='bbox 1276 4685 1517 4741; x_wconf 76' lang='lat' dir='ltr'>oxytona</span> <span class='ocrx_word' id='word_1_702' title='bbox 1554 4681 1785 4729; x_wconf 81' lang='lat' dir='ltr'>relatum</span> <span class='ocrx_word' id='word_1_703' title='bbox 1823 4696 1964 4730; x_wconf 78' lang='lat' dir='ltr'>esse.</span> <span class='ocrx_word' id='word_1_704' title='bbox 2036 4682 2108 4729; x_wconf 77' lang='lat' dir='ltr'>cf.</span> <span class='ocrx_word' id='word_1_705' title='bbox 2148 4680 2329 4745; x_wconf 84' lang='lat' dir='ltr'>Apoll.</span> <span class='ocrx_word' id='word_1_706' title='bbox 2367 4680 2432 4728; x_wconf 72' lang='lat' dir='ltr'>de</span> <span class='ocrx_word' id='word_1_707' title='bbox 2471 4696 2622 4744; x_wconf 84' lang='lat' dir='ltr'><strong>pron.</strong></span> <span class='ocrx_word' id='word_1_708' title='bbox 2665 4680 2787 4727; x_wconf 78' lang='lat'><strong>127:</strong></span> <span class='ocrx_word' id='word_1_709' title='bbox 2837 4678 2871 4738; x_wconf 86' lang='grc' dir='ltr'>ἡ</span> <span class='ocrx_word' id='word_1_710' title='bbox 2920 4678 3061 4740; x_wconf 83' lang='grc' dir='ltr'>ςφᾶς</span> <span class='ocrx_word' id='word_1_711' title='bbox 3129 4676 3221 4725; x_wconf 82' lang='grc' dir='ltr'>(θ’</span> 
     </span>
     <span class='ocr_line' id='line_1_58' title="bbox 631 4742 3218 4812; baseline 0 -19"><span class='ocrx_word' id='word_1_712' title='bbox 631 4744 730 4795; x_wconf 87' lang='grc' dir='ltr'>δ’τε</span> <span class='ocrx_word' id='word_1_713' title='bbox 767 4745 1043 4796; x_wconf 87' lang='grc' dir='ltr'>ςυςτέλλει</span> <span class='ocrx_word' id='word_1_714' title='bbox 1080 4745 1149 4796; x_wconf 87' lang='grc' dir='ltr'>τὸ</span> <span class='ocrx_word' id='word_1_715' title='bbox 1186 4749 1220 4795; x_wconf 85' lang='grc' dir='ltr'>ᾶ</span> <span class='ocrx_word' id='word_1_716' title='bbox 1256 4748 1390 4797; x_wconf 79' lang='grc' dir='ltr'>κατ’</span> <span class='ocrx_word' id='word_1_717' title='bbox 1424 4747 1690 4809; x_wconf 79' lang='grc' dir='ltr'>ἑγκλιςιν,</span> <span class='ocrx_word' id='word_1_718' title='bbox 1730 4747 1978 4809; x_wconf 85' lang='grc' dir='ltr'>ςυζύγως</span> <span class='ocrx_word' id='word_1_719' title='bbox 2015 4752 2099 4812; x_wconf 80' lang='grc' dir='ltr'>τῷ</span> <span class='ocrx_word' id='word_1_720' title='bbox 2137 4747 2314 4811; x_wconf 75' lang='grc' dir='ltr'>«μηδ’</span> <span class='ocrx_word' id='word_1_721' title='bbox 2352 4746 2537 4808; x_wconf 63' lang='grc' dir='ltr'>ἧμας»</span> <span class='ocrx_word' id='word_1_722' title='bbox 2575 4745 2636 4796; x_wconf 78' lang='grc' dir='ltr'>ἐν</span> <span class='ocrx_word' id='word_1_723' title='bbox 2661 4748 2746 4809; x_wconf 80' lang='grc' dir='ltr'>τῷ</span> <span class='ocrx_word' id='word_1_724' title='bbox 2784 4756 2814 4793; x_wconf 74' lang='grc'>&lt;(</span> <span class='ocrx_word' id='word_1_725' title='bbox 2829 4743 2966 4806; x_wconf 89' lang='grc' dir='ltr'>μέγα</span> <span class='ocrx_word' id='word_1_726' title='bbox 2991 4742 3049 4793; x_wconf 86' lang='grc' dir='ltr'>δέ</span> <span class='ocrx_word' id='word_1_727' title='bbox 3075 4757 3218 4805; x_wconf 89' lang='grc' dir='ltr'>ςφας</span> 
     </span>
     <span class='ocr_line' id='line_1_59' title="bbox 628 4808 1269 4876; baseline 0.008 -16"><span class='ocrx_word' id='word_1_728' title='bbox 628 4808 972 4876; x_wconf 85' lang='grc' dir='ltr'>ἀποςφήλειε</span> <span class='ocrx_word' id='word_1_729' title='bbox 1011 4812 1269 4865; x_wconf 74' lang='grc' dir='ltr'>πόνοιο».</span> 
     </span>
    </p>
   </div>
   <div class='ocr_carea' id='block_1_9' title="bbox 3645 651 3650 1162">
    <p class='ocr_par' dir='ltr' id='par_1_14' title="bbox 3645 651 3650 1162">
     <span class='ocr_line' id='line_1_60' title="bbox 3645 651 3650 1162; baseline 0 0"><span class='ocrx_word' id='word_1_730' title='bbox 3645 651 3650 1162; x_wconf 95' lang='lat' dir='ltr'> </span> 
     </span>
    </p>
   </div>
  </div>
 </body>
</html>
