3664 5546
722 321 847 384 316
1654 320 1736 375 ΕΚ
1773 320 1915 374 ΤΩΝ
1957 319 2364 374 ΗΡΩΔΙΑΝΟΥ

889 493 984 557 Τὰ
1028 493 1116 559 εἰς
1160 499 1239 571 κῆ
1285 492 1792 572 ὑπερδιςύλλαβα
1848 491 2347 572 παραληγόμενα
2400 496 2491 573 τῷ
2537 493 2567 554 ἶ
2612 491 3091 575 ςυνεςταλμένῳ
3148 511 3332 568 παρ-

723 594 1331 678 οξύνεται,,Ἑλίκη
1376 595 1562 660 πόλις
1591 594 2119 672 Πελοποννήςου.
2193 593 2478 671 Ὅμηρος
2522 590 2627 656 «οἱ
2671 592 2742 657 δέ
2785 613 2886 656 τοι
2932 592 3021 656 εἰς
3067 592 3332 671 Ἑλίκην

720 717 788 761 τε
833 699 936 761 καὶ
976 695 1211 772 Αἰγάς»
1256 694 1364 778 (Il.
1398 698 1451 761 Θ
1491 694 1645 777 203)
1691 696 1821 761 ἀπὸ
1868 694 2072 759 Ἑλίκα
2116 698 2233 758 τοῦ
2277 693 2609 782 Λυκάονος
2653 694 2692 773 ἢ
2739 694 2869 758 ἀπὸ
2915 693 3155 773 Ἑλίκη(
3198 698 3330 772 τῆς

718 799 941 863 Ἴωνος
986 799 1099 878 μὲν
1143 798 1474 880 γυναικός,
1530 798 1947 862 (ελινοῦντος
2002 798 2072 861 δὲ
2127 800 2245 860 τοῦ
2295 796 2709 861 Ποςειδῶνος
2763 795 3093 873 θυγατρός.
3182 796 3326 860 ἔςτι

645 915 677 964 5
724 901 825 964 καὶ
867 899 1029 978 ἄλλη
1077 901 1439 978 Θετταλική.
1519 899 1807 978 μυρίκη.
1898 898 2024 962 ἔςτι
2071 899 2171 961 καὶ
2224 899 2413 974 νῆςος
2459 896 2529 962 ἐν
2581 904 2657 980 τῇ
2703 898 2969 984 Ἐρυθρᾷ
3012 897 3326 979 θαλάςςῃ,

722 1000 929 1068 οὕτως
986 1004 1056 1067 δὲ
1111 1002 1401 1080 κέκληται
1445 1002 1550 1065 καὶ
1602 1000 1981 1081 Ἀμφίπολις
2037 1000 2238 1065 πόλις.
2329 999 2643 1077 Βαιτίκη
2700 1000 2914 1081 χώρα,
2973 998 3179 1064 οὕτως
3232 999 3324 1064 δὲ

719 1104 894 1182 παρὰ
937 1104 1053 1168 τὸν
1102 1105 1317 1168 Βαῖτιν
1362 1103 1655 1181 ποταμὸν
1701 1105 1981 1166 καλεῖται
2025 1101 2065 1179 ἡ
2111 1100 2564 1179 Τουρδητανία.
2641 1101 2930 1180 μηδίκη.
3008 1100 3322 1180 (τράβων

720 1205 831 1287 (12
873 1227 936 1290 p.
960 1203 1126 1286 525)
1171 1207 1313 1269 «καὶ
1355 1207 1471 1284 τὴν
1519 1204 1798 1284 βοτάνην
1844 1205 1957 1282 μὲν
2003 1204 2265 1282 μάλιςτα
2308 1203 2671 1282 τρέφουςαν
2715 1203 2870 1266 τοὺς
2908 1202 3179 1284 ἵππους,
3223 1203 3318 1280 ἣν

722 1307 982 1387 μηδίκην
1027 1309 1403 1384 καλοῦμεν».
1471 1304 1798 1384 Βελγίκη
1843 1304 1880 1383 ἡ
1927 1307 2121 1385 χώρα.
2190 1304 2511 1383 Ἰταλίκη
2556 1303 2742 1368 πόλις
2786 1304 3059 1384 Ἰβηρίας.
3105 1304 3313 1368 Λαο-

623 1421 685 1472 10
722 1409 919 1491 δίκη,
968 1407 1255 1485 Κυζίκη.
1343 1409 1422 1471 τὰ
1478 1408 1548 1471 δὲ
1605 1406 1843 1486 ἔχοντα
1898 1407 2159 1472 ἔννοιάν
2215 1427 2392 1471 τινος
2446 1406 3109 1506 προςυπακουομρνου
3158 1405 3310 1471 ὀξύ-

720 1527 974 1594 νονται,
1019 1509 1380 1588 μουςική,
1426 1509 1764 1590 ἰατρική,
1809 1508 2317 1589 γραμματική.
2387 1508 2728 1587 Περςική
2774 1507 2950 1573 εἶδος
3001 1507 3312 1572 εὐτελοῦς

721 1613 1158 1694 ὑποδήματος·
1227 1610 1396 1675 ἔοικε
1442 1612 1514 1675 δὲ
1567 1614 1932 1687 γυναικεῖον
1989 1608 2170 1674 εἶναι.
2261 1608 2584 1689 (Σκυθική
2642 1609 2816 1674 εἶδος
2875 1609 3307 1688 ὑποδήματος.

719 1713 1126 1791 Λακωνική
1183 1711 1360 1777 εἶδος
1415 1713 1844 1792 ὑποδήματος.
1933 1712 2184 1793 Ἀβική
2240 1712 2422 1790 χώρα
2463 1712 2764 1791 Ποντική.
2831 1709 3306 1789 4Ἐλμαντική

710 1815 905 1881 ,πόλις
948 1814 1207 1893 Ἰβηρίας
1249 1818 1360 1894 τῆς
1404 1814 1583 1879 ἐκτὸς
1616 1799 1878 1906 ΙἼβηροςΙ
1915 1816 2225 1892 ποταμοῦ.
2298 1811 2624 1890 Πολύβιος
2667 1813 2740 1889 γ’.
2800 1813 3075 1890 Ἰνδική
3121 1812 3305 1876 πόλις

622 1926 683 1976 15
720 1916 977 1996 Ἰβηρίας
1020 1917 1286 1995 πληςίον
1331 1916 1647 1995 Πυρήνης.
1725 1915 2195 1997 Κυρρεςτική
2240 1918 2420 1998 χώρα
2466 1914 2701 1993 (υρίας.
2760 1902 3059 1994 (Στράβων
3104 1913 3302 1978 ἑκκαι-

666 2023 674 2030 ’
721 2018 949 2101 δεκάτῃ
993 2019 1082 2102 (p.
1130 2017 1296 2100 751).
1391 2018 1687 2096 Κώλική
1742 2018 1922 2096 χώρα
1977 2020 2143 2097 πρὸς
2194 2026 2286 2102 τῷ
2344 2018 2661 2100 Καυκάςῳ.
2748 2016 3009 2094 Αἰζική
3058 2016 3303 2097 Θρᾴκης

720 2121 925 2200 μέρος.
1012 2119 1337 2184 Ἑκαταῖος
1394 2119 1680 2202 Εὐρώπῃ.
1769 2119 2021 2198 Ἁλική
2088 2121 2267 2199 χώρα
2331 2124 2440 2199 τῆς
2500 2118 2782 2198 Κιλικίας.
2875 2116 3298 2195 Κορπιλική

720 2222 900 2300 χώρα
945 2221 1195 2304 Θρᾴκης
1242 2221 1319 2298 «ἡ
1362 2221 1486 2299 γὰρ
1528 2219 1723 2285 Αἶνος
1769 2224 1966 2285 κεῖται
2012 2222 2170 2286 κατὰ
2212 2223 2328 2301 τὴν
2382 2221 2704 2300 πρότερον
2750 2219 3130 2302 Ἀψυνθίδα,
3186 2222 3299 2284 νῦν

718 2324 790 2388 δὲ
868 2325 1249 2402 Κορπιλικὴν
1318 2323 1733 2401 λεγομένην».
1842 2324 2286 2402 Πρετανική
2363 2326 2552 2400 νῆςος
2623 2322 2798 2399 παρὰ
2871 2327 2948 2404 τῇ
3029 2319 3297 2401 Κελτικῇ.

619 2434 688 2483 ‘20
727 2425 1119 2503 Χαλδαϊκή
1165 2425 1359 2503 χώρα.
1445 2424 1776 2503 Κορςική
1823 2424 1863 2501 ἡ
1908 2428 2098 2503 νῆςος
2147 2424 2377 2503 Κορςίς.
2451 2425 2792 2502 Ταυρική
2833 2426 3023 2501 νῆςος
3064 2422 3297 2500 μεγάλη

718 2528 822 2591 καὶ
866 2525 1006 2591 λίαν
1052 2526 1349 2606 ἐπίςημος
1394 2527 1496 2592 καὶ
1541 2527 1757 2590 πολλὰ
1786 2525 2022 2604 ἔχουςα
2065 2526 2217 2604 ἔθνη
2263 2527 2363 2590 καὶ
2393 2525 2831 2605 περικλείουςα
2875 2530 2952 2606 τῇ
2983 2523 3143 2588 θέςει
3187 2523 3299 2601 τὴν

721 2619 1009 2693 Μαιῶτιν
1036 2627 1294 2708 λίμνην.
1367 2628 1614 2703 λέγεται
1662 2628 1733 2691 δὲ
1761 2626 2004 2705 Ὅςιριν
2049 2628 2178 2692 ἐκεῖ
2208 2628 2511 2694 ζεύξαντα
2543 2631 2694 2706 βοῦς
2738 2625 2960 2704 ἀρόςαι
3005 2626 3120 2702 τὴν
3166 2628 3298 2701 γῆν.

721 2729 827 2795 διὰ
871 2728 992 2795 οὖν
1038 2731 1114 2796 τὸ
1159 2733 1384 2807 ζεῦγος
1428 2733 1546 2794 τοῦ
1590 2728 1832 2808 ταύρου
1877 2730 1953 2795 τὸ
1998 2728 2188 2797 ἔθνος
2233 2732 2551 2809 κληθῆναι.
2603 2727 3080 2806 Μαγιςτρική
3127 2726 3300 2804 χώρα

719 2835 850 2897 τῶν
895 2832 1258 2911 Ταυρίςκων
1303 2833 1468 2911 πρὸς
1520 2832 1600 2896 τὰ
1642 2831 1910 2895 ’Άλπεια
1966 2829 2102 2910 ὄρη.
2196 2832 2623 2911 Κροβυζική
2668 2829 2705 2908 ἡ
2763 2832 2841 2907 γῆ
2886 2834 3017 2893 τῶν
3068 2827 3300 2907 Κροβύ-

617 2941 685 2992 '25
718 2938 866 3000 ζων.
922 2935 1312 3013 Τραλλική
1356 2933 1395 3011 ἡ
1426 2932 1707 3011 Τραλλία
1751 2935 1944 3012 μοῖρα
1987 2936 2098 3009 τῆς
2143 2933 2458 3011 Ἰλλυρίας.
2509 2932 2788 3010 Λαζική
2835 2929 3134 2994 παλαιὰ
3179 2950 3299 3007 χω-

721 3034 893 3118 ρίον,
940 3036 1031 3100 ώς
1075 3034 1404 3113 Ἀρριανὸς
1447 3031 1714 3119 (Peripl.
1761 3032 1837 3096 P.
1885 3032 1965 3096 Ε.
2011 3056 2075 3119 p.
2127 3032 2248 3115 19).

887 3137 1016 3200 >Ἐτι
1061 3136 1140 3199 τὰ
1185 3135 1423 3213 ἔχοντα
1465 3136 1541 3200 τὸ
1586 3138 1619 3200 ἶ
1664 3136 2082 3215 ἐκτεταμένον
2127 3136 2311 3214 κύρια
2365 3137 2404 3214 ἢ
2460 3134 2891 3213 προςηγορικὰ
2947 3133 3301 3214 βαρύνεται,

720 3237 1044 3315 Φοινίκη
1098 3236 1137 3314 ἡ
1195 3238 1373 3315 χώρα
1428 3236 1560 3301 ἀπὸ
1617 3240 1727 3315 τῆς
1779 3238 2078 3302 Φοίνικος
2133 3241 2383 3315 γενικῆς
2441 3239 2532 3301 ώς
2581 3236 2740 3314 Κρής
2788 3234 3026 3313 Κρητός
3082 3218 3300 3313 Κρήτη.

719 3338 906 3419 Λίβυς
958 3338 1188 3417 Λίβυος
1241 3337 1450 3417 Λιβύη.
1545 3338 1920 3418 Βερενίκη
1977 3338 2197 3403 πόλεις
2264 3337 2344 3404 ἕξ.
2431 3337 2653 3417 πρώτη
2710 3336 3011 3414 Ἠπείρου
3076 3335 3116 3412 ἡ
3176 3337 3342 3400 ὑπὸ.

619 3448 686 3500 30
719 3439 987 3519 Πύρρου
1029 3443 1148 3504 τοῦ
1191 3440 1514 3518 νεωτέρου
1559 3443 1879 3505 κτιςθεῑςα.
1969 3440 2235 3518 δευτέρα
2247 3489 2372 3503 .....
2418 3438 2456 3517 ἦ
2502 3440 2631 3503 ὑπὸ
2675 3438 3089 3516 Φιλαδέλφου
3132 3437 3301 3502 Πτο-

721 3541 1002 3622 λεμαίου.
1067 3540 1239 3620 τρίτη
1285 3541 1356 3606 ἑν
1401 3549 1477 3626 τῇ
1521 3543 2031 3626 Τρωγλοδυτικῇ.
2076 3539 2341 3619 τετάρτη
2385 3540 2424 3618 ἡ
2469 3540 2789 3620 πρότερον
2838 3539 3003 3604 Χίος.
3054 3539 3303 3618 πέμπτη

722 3643 793 3708 ἐν
842 3643 1092 3726 Κιλικίᾳ.
1169 3643 1311 3723 ἕκτη
1357 3643 1586 3723 Λιβύης
1628 3644 1666 3721 ἡ
1712 3643 2032 3721 πρότερον
2077 3642 2384 3725 Ἑςπερίς,
2441 3642 2671 3720 ἐκλήθη
2716 3642 2787 3705 δὲ
2834 3640 3129 3718 Βερενίκη
3173 3638 3304 3704 ἀπὸ

721 3749 830 3823 τῆς
872 3745 1277 3823 Πτολεμαίου
1320 3746 1623 3821 γυναικὸς
1670 3745 2016 3823 Βερενίκης.
2081 3744 2608 3820 Θεςςαλονίκη
2655 3741 2841 3806 πόλις
2887 3740 3303 3805 Μακεδονίας.

721 3846 1036 3911 Φίλιππος
1091 3835 1208 3911 τοῦ
1252 3847 1562 3927 Ἀμύντου
1619 3846 1747 3910 ἐκεῖ
1792 3846 2153 3911 Θετταλοὺς
2211 3847 2463 3924 νικήςας
2521 3845 2727 3909 οὕτως
2783 3842 3054 3908 ἐκάλεςε.
3141 3841 3304 3907 Λού-

720 4101 859 4167 δόκη
897 4103 1179 4169 proponit,
1217 4103 1489 4153 intactum
1524 4100 1748 4166 reliqui;
1788 4101 1861 4151 cf.
1889 4099 2148 4152 Schmidt.
2187 4099 2259 4151 ad
2285 4100 2528 4166 Hesych.
2554 4116 2596 4150 s.
2635 4096 3004 4163 βορβορωπόν
3044 4102 3099 4149 et
3123 4097 3306 4163 Bergk

722 4175 868 4236 poet.
904 4170 1005 4235 lyr.
1043 4188 1094 4235 p.
1130 4174 1257 4234 611,
1297 4171 1392 4236 qui
1425 4169 1570 4220 idem
1605 4169 1933 4221 vocabulum
1971 4183 2093 4220 esse
2130 4168 2341 4219 iudicat
2374 4174 2542 4233 atque
2578 4167 2949 4233 Hipponactis
2984 4164 3306 4230 βορβορόπη

722 4254 809 4304 ap.
848 4238 1107 4289 Eustath.
1146 4241 1294 4300 1329,
1331 4241 1415 4289 32.
1462 4239 1725 4289 Fortasse
1759 4236 1902 4288 latet
1936 4237 1994 4286 in
2030 4253 2095 4288 eo
2130 4236 2398 4287 vocabulo
2436 4252 2629 4286 nomen
2666 4236 2817 4285 urbis
2841 4233 3119 4284 Asiaticae
3157 4233 3309 4283 velut

650 4344 656 4348 -
722 4304 1055 4370 Ταλαβρόκη
1094 4306 1180 4357 vel
1215 4303 1421 4370 Ταόκη.
1491 4306 1673 4356 Etiam
1709 4304 1932 4369 ψοθόκη
1968 4308 2114 4356 teste
2150 4310 2322 4358 caret.
2495 4303 2530 4354 l.
2567 4306 2598 4353 2
2645 4299 2828 4366 Ἑλίκη
2866 4301 3084 4367 explevi
3122 4317 3188 4352 ex
3226 4301 3308 4352 St.

721 4375 815 4436 Β.,
852 4371 1075 4438 Μυρίκη
1112 4375 1278 4438 νῆςος
1312 4390 1380 4425 ex
1418 4373 1605 4424 eodem
1643 4373 1861 4435 addidi,
1901 4370 2101 4437 μηδίκη
2139 4372 2356 4437 explevi
2392 4388 2459 4423 ex
2496 4370 2574 4421 St.
2601 4372 2662 4421 B.
2685 4372 2804 4431 449,
2845 4372 2907 4419 14
2944 4369 3014 4420 cf.
3051 4367 3308 4419 Eustnth.

726 4443 874 4503 1967,
911 4444 993 4492 27.
1065 4439 1318 4506 Βαιτίκη,
1367 4441 1512 4507 quod
1551 4458 1638 4507 ap.
1678 4442 1757 4492 St.
1797 4443 1858 4492 Β.
1909 4441 2149 4499 aeuitur,
2194 4455 2260 4489 ex
2297 4440 2398 4491 hoc
2435 4455 2502 4489 ex
2541 4438 2669 4490 levi.
2742 4433 2978 4502 Βελγίκη
3018 4452 3085 4486 ex
3123 4437 3204 4487 St.
3241 4436 3304 4485 Β.

724 4508 933 4573 adieci,
969 4510 1064 4559 ubi
1102 4507 1181 4561 ὡς
1218 4506 1445 4574 Βαιτίκη
1484 4514 1709 4576 propter
1742 4514 2031 4560 accentum
2068 4508 2314 4564 additum
2353 4506 2501 4559 Λαοδ
2526 4520 2595 4570 κη
2634 4510 2720 4556 est
2753 4521 2820 4555 ex
2858 4505 3047 4555 eodem
3077 4505 3196 4565 411,
3225 4506 3307 4565 11,

727 4573 925 4640 Κυζίκη
963 4592 1030 4626 ex
1066 4577 1312 4643 Theogn.
1353 4580 1467 4639 109,
1503 4580 1585 4627 32.
1653 4574 1898 4641 Περςική
1936 4591 2003 4627 ex
2042 4578 2124 4627 St.
2164 4577 2225 4626 Β.
2259 4577 2377 4636 519,
2414 4577 2464 4635 2,
2503 4571 2743 4636 (κυθική
2779 4574 2897 4635 578,
2940 4576 3017 4623 14.
3071 4569 3307 4635 Reliqua

724 4644 906 4694 omnia
938 4646 1122 4709 usque·
1149 4644 1218 4694 ad
1252 4643 1413 4695 finem
1440 4660 1506 4695 ex
1533 4645 1615 4694 St.
1640 4645 1700 4693 Β.
1748 4645 1994 4710 Apparet
2029 4642 2256 4694 difficile
2291 4658 2412 4693 esse
2445 4642 2761 4704 intellectu,
2799 4655 2897 4691 our
2921 4635 3146 4701 Βαιτίκη
3174 4637 3305 4690 Βελ-

723 4706 850 4774 γίκη
878 4716 1266 4776 paroxytonoS,
1287 4709 1644 4775 Πρεταννικὴ
1671 4709 1919 4775 Ταυρική
1945 4711 2144 4761 similia
2168 4719 2437 4775 oxytonoe
2460 4709 2669 4774 scripta
2695 4710 2823 4760 sint.
2928 4708 2961 4757 l.
2985 4709 3051 4758 28
3070 4692 3374 4769 Φοινίκηο

726 4777 947 4842 explevi
971 4794 1038 4828 ex
1064 4778 1141 4832 St.
1166 4781 1228 4829 B.
1257 4784 1315 4828 et
1340 4778 1537 4829 Choer.
1566 4779 1721 4829 Orth.
1750 4780 1839 4830 Cr.
1865 4780 1922 4830 11
1946 4782 2064 4842 272,
2091 4775 2357 4843 Βερενίκη
2385 4778 2622 4829 accessit
2648 4793 2716 4827 ex
2741 4777 2822 4831 St.
2843 4776 2922 4839 Β.,
2948 4776 3081 4827 item
3104 4772 3306 4826 Θεςεα·
