3664 5546
1185 330 1344 385 περι
1386 329 1777 385 κΑοοΛικι-ις
1812 311 2235 394 ΠΡοςζιιΔιΑς
2275 332 2355 385 uz.
2938 333 3060 397 471

469 502 601 567 ἀπὸ
645 506 763 566 τοῦ
808 501 991 580 ἴςημι.
1078 501 1144 565 αἱ
1199 502 1270 565 δὲ
1324 506 1442 565 τοῦ
1498 502 1805 580 δευτέρου
1863 502 2163 594 &opi-eron
2200 505 2256 581 ’ἢ
2315 504 2660 569 ἐνεςτῶτος
2714 506 2818 568 καὶ
2861 526 3062 584 παρα-

466 608 725 669 τατικοῦ
770 608 901 668 τῶν
947 603 1036 667 εἰς
1079 606 1143 682 μί
1185 606 1374 667 πᾶςαι
1420 602 1792 686 ὀξύνονται,
1838 605 2046 688 ςτάς,
2090 607 2327 688 φθόις,
2371 605 2616 688 ἱςτάς,
2663 607 2947 684 κιχράς.

636 704 710 769 Αἱ
755 707 826 770 δὲ
871 705 958 770 εἰς
1001 711 1090 769 ἐις
1137 706 1239 770 καὶ
1283 704 1372 770 εἰς
1424 709 1543 769 δῦξ
1599 707 1701 769 καὶ
1755 705 1845 770 εἰς
1902 725 1990 769 ως
2045 707 2149 771 καὶ
2192 707 2281 772 εἰς
2327 711 2409 771 ῖς
2463 711 2655 772 πᾶςαι
2699 708 3060 792 ὀξύνονται,

468 809 826 889 τυφθείς,
873 808 1169 891 δαρείς,
1213 808 1517 889 τυπείς,
1562 808 1842 890 τιθείς,
1899 809 2203 890 διδούς,
2261 810 2512 892 βιούς,
2568 811 3055 897 πεποιηκώς,

467 911 858 993 τετυφώς,
901 909 1283 992 τετυπώς,
1329 908 1597 992 ἑςτώς,
1645 910 1918 991 βεβώς,
1962 910 2296 993 πηγνύς,
2344 911 2614 994 ὀλλύς,
2661 912 2924 992 ὀμνῦς.
3096 922 3129 970 5

636 1010 708 1075 Αἱ
754 1013 825 1075 δὲ
870 1011 959 1075 εἰς
1002 1015 1205 1089 μέιᾷῑόἒ
1259 1014 1449 1075 πᾶςαι
1503 1011 2107 1089 προπαροξύνονται
2162 1015 2356 1091 χωρὶς
2410 1020 2542 1078 τῶν
2593 1018 2712 1078 τοῦ
2756 1035 3056 1093 παρακει-
3156 1040 3159 1043 ’

469 1115 694 1194 μένου,
766 1112 1295 1195 τυπτόμενος,
1374 1113 1914 1194 γραφόμενος,
1996 1114 2478 1206 τυψόμενος,
2563 1117 3054 1201 τυψάμενος,

467 1214 1023 1297 γραψάμενος,
1089 1215 1629 1293 τυπούμενος·
1697 1214 1761 1279 αἱ
1824 1216 1949 1293 γὰρ
2013 1219 2131 1279 τοῦ
2196 1217 2664 1295 παρακειμένου
2729 1219 2858 1295 πρὸ
2914 1223 3055 1297 μιᾶς

469 1315 684 1394 ἔχουςι
755 1317 873 1380 τὸν
945 1317 1175 1398 τόνον,
1248 1317 1762 1399 τετυμμένος,
1837 1319 2402 1401 πεποιημένος,
2475 1320 3053 1403 πεφιλημένος,

468 1438 721 1482 πεπτα
734 1418 1002 1500 μένος,
1060 1419 1253 1496 χωρὶς
1297 1418 1352 1481 εἰ
1395 1420 1475 1497 μὴ
1521 1418 1794 1483 πάθωςι·
1850 1421 1997 1484 τότε
2051 1421 2176 1499 γὰρ
2230 1421 2676 1500 ἀναβιβάζουςι
2721 1423 2823 1486 καὶ
2866 1420 3050 1486 αὗται
3093 1430 3157 1480 10

469 1520 586 1584 τὸν
629 1519 827 1583 τόνον
873 1522 954 1597 μὴ
1010 1519 1408 1597 οὗςαιῃὺπὲρ
1464 1523 1636 1598 τρεῖς
1691 1524 2006 1603 ςυλλαβὰς
2061 1524 2152 1588 ὡς
2207 1523 2381 1600 ὦρκα
2425 1522 2627 1601 ὦρμαι
2681 1522 3053 1608 ὄρμενος,

467 1621 604 1699 ἥδω
648 1619 779 1698 ἥςω
823 1619 1007 1699 ἦςμαι
1050 1620 1319 1700 ἡςμένος
1363 1623 1465 1686 καὶ
1508 1621 1871 1707 ἄςμενος,
1928 1626 2028 1689 καὶ
2073 1624 2459 1705 βεβλημένος
2515 1625 2908 1704 βλήμενος
2953 1627 3054 1690 καὶ

361 1792 364 1795 ,
468 1722 876 1801 ἄρχμενος
920 1724 1024 1786 καὶ
1068 1723 1446 1802 δέγμενος
1493 1726 1594 1789 καὶ
1638 1724 1982 1805 ἄλμενος
2028 1726 2127 1790 καὶ
2171 1726 2704 1809 ἐμπλήμενος,
2761 1727 2887 1792 εἴτε
2933 1749 3051 1791 πα-

469 1823 843 1902 ρακειμένου
888 1822 1021 1888 εἶεν
1065 1829 1413 1902 παθητικοῦ
1464 1825 1592 1889 εἴτε
1638 1825 1842 1891 ἄλλου
1887 1828 2160 1908 χρόνου,
2215 1827 2476 1892 εἰκότως
2519 1829 3051 1907 προπαροξύνον-

467 1947 581 1989 ται.
628 1925 985 2004 πρόςκειται
1033 1928 1154 2005 «μὴ
1202 1925 1382 1990 οὗςαι
1427 1928 1588 2007 ὑπὲρ
1631 1932 1800 2006 τρεῖς
1847 1930 2200 2009 ςυλλαβὰς»
2248 1931 2353 1994 διὰ
2381 1931 2459 1994 τό
2504 1929 2722 2009 ἀκαχῶ
2752 1930 3050 2009 ἀκαχήςω
3091 1937 3152 1988 15

463 2026 775 2107 ἠκάχημαι
831 2026 1228 2106 ἠκαχημένος
1286 2026 1798 2109 ἀκαχημένος.
1885 2033 1962 2095 τὸ
2025 2032 2149 2108 γὰρ
2206 2032 2646 2110 οὐτάμενος
2706 2033 2808 2095 καὶ
2873 2032 3049 2109 ἐλη-

463 2349 714 2415 ςυζυγίας
752 2347 877 2402 οἷον
913 2348 1065 2402 ἱςτάς
1101 2349 1314 2414 κιχράσ
1352 2348 1501 2402 ἐςτιν
1537 2349 1642 2401 οὖν
1678 2349 1860 2402 εἰπεῖν
1897 2349 1985 2401 ὅτι
2021 2351 2054 2401 ό
2089 2350 2376 2416 χαρακτήρ
2423 2349 2570 2405 ἐςτιν
2604 2350 2782 2405 αἴτιος
2817 2357 2921 2420 τῆς
2959 2356 3049 2419 βα-

462 2420 613 2484 ρείας
648 2419 879 2471 τάςεως.
948 2420 1095 2469 πᾶςα
1130 2417 1237 2482 γὰρ
1274 2419 1483 2483 μετοχὴ
1521 2417 1609 2469 διὰ
1644 2421 1747 2470 τοῦ
1785 2423 1902 2470 ῖςᾶς
1941 2418 2262 2484 βαρύνεται,
2300 2418 2525 2483 γεμίςας
2561 2421 2680 2473 κτλ.
2718 2424 2789 2474 cf.
2831 2424 2930 2488 Ep.
2960 2426 3047 2477 Cr.

461 2489 489 2537 1
523 2491 640 2549 214,
677 2491 726 2549 2,
762 2488 829 2536 Ε.
866 2488 939 2535 M.
975 2488 1092 2547 466,
1131 2488 1220 2547 13;
1260 2483 1443 2549 βρίςας
1480 2514 1542 2522 -
1580 2485 1840 2538 λακτίςας
1879 2504 1943 2537 ex
1982 2489 2084 2537 An.
2119 2489 2244 2538 Par.
2271 2488 2355 2538 111
2387 2491 2505 2550 297,
2547 2491 2625 2542 18.
2663 2516 2727 2525 —-
2765 2491 2798 2540 l.
2829 2493 2854 2540 1
2894 2489 2950 2542 αἱ
2987 2492 3048 2543 δέ

461 2557 565 2606 τοῦ
602 2553 868 2618 δευτέρου
905 2551 1163 2616 άορίςτου
1200 2552 1235 2616 ἢ
1271 2555 1479 2603 inserui
1516 2560 1736 2619 propter
1771 2555 1993 2605 Arcadii
2022 2557 2134 2618 177,
2169 2558 2200 2604 6
2237 2556 2486 2622 exempla
2524 2554 2656 2607 ςτάς
2690 2556 2862 2622 φθάς,
2904 2575 3047 2624 quae

463 2624 714 2687 apposui.
884 2620 921 2670 l.
956 2624 987 2671 3
1023 2618 1102 2672 εἰς
1136 2623 1203 2672 U?
1240 2620 1429 2670 addidi
1468 2637 1536 2671 ex
1570 2623 1693 2671 Arc.
1736 2626 1851 2686 177,
1891 2625 1938 2685 7,
1978 2639 2046 2672 ex
2083 2638 2188 2688 quo
2226 2625 2395 2674 etiam
2431 2624 2679 2689 exempla
2713 2633 2936 2691 praeter
2969 2642 3045 2682 τι-

462 2687 577 2742 θείς
614 2688 765 2753 βιούς
802 2687 1156 2752 πεποιηκώς,
1197 2704 1339 2753 quae
1377 2689 1495 2739 sola
1532 2689 1701 2739 habet
1736 2692 1815 2743 Io.
1851 2690 1966 2748 Al..
2005 2690 2200 2741 addita
2237 2697 2380 2742 sunt.
2582 2693 2619 2747 l.
2656 2695 2687 2742 6
2726 2711 2792 2744 ex
2827 2695 2905 2745 Io.
2941 2696 3045 2759 AL,

462 2757 669 2808 additis
704 2757 739 2808 l.
778 2760 807 2808 7
846 2756 1111 2822 exemplis
1146 2761 1370 2822 praeter
1402 2756 1786 2823 τυπτόμενος,
1824 2756 2211 2823 γραφόμενος,
2248 2758 2609 2825 γραψάμενος
2647 2779 2712 2811 ex
2749 2764 2902 2823 Are„
2940 2763 2973 2818 l.
3014 2768 3045 2815 9

462 2825 807 2889 τετυμμένος
844 2842 912 2874 ex
948 2825 1098 2885 Arc.‚
1137 2823 1497 2887 πεπταμένος
1535 2843 1599 2876 ex
1639 2827 1818 2878 Schol.
1856 2828 1926 2876 ad
1961 2828 2140 2892 Apoll.
2181 2827 2222 2879 Β
2265 2832 2419 2880 127οι
2468 2829 2833 2892 πεπταμένον
2871 2830 3045 2896 Ἡρω-

461 2894 649 2946 διανὸς
686 2892 1103 2957 παροξυτόνως.
1128 2920 1192 2927 -
1224 2894 1257 2946 l.
1287 2897 1350 2943 10
1385 2893 1555 2957 χωρὶς
1593 2892 1642 2945 εἰ
1679 2896 1752 2959 μὴ
1791 2893 2009 2946 πάθωςι
2047 2911 2219 2961 usque
2254 2897 2325 2946 ad
2353 2897 2509 2946 finem
2537 2915 2604 2947 ex
2631 2898 2823 2947 Choer.
2851 2901 2969 2962 837,
2995 2904 3044 2963 8,
3128 2919 3136 2927 ·

461 2965 565 3014 ubi·
590 2962 659 3013 τὸ
696 2960 1006 3024 οὐτάμενος
1044 2961 1134 3012 καὶ
1171 2959 1515 3030 ἑληλάμενος
1562 2961 1594 3012 ό
1632 2962 1975 3026 Ἡρωδιανὸς
2021 2962 2083 3013 έν
2127 2968 2198 3030 τῇ
2238 2963 2483 3015 καθόλου
2530 2964 2596 3014 οὐ
2644 2964 2855 3018 δοξάζει
2903 2967 3045 3019 κατὰ

462 3030 642 3082 πάθος
688 3032 832 3093 κτλ.,
882 3031 919 3080 1.
958 3032 1020 3078 12
1067 3028 1405 3094 βεβλημένος
1453 3027 1730 3094 βλήμενος
1780 3058 1848 3067 -—
1898 3047 2074 3095 usque
2121 3032 2189 3081 ad
2238 3030 2475 3083 εἰκότως
2520 3032 3043 3096 προπαροξύνονται

461 3106 590 3149 sunt
627 3115 695 3147 ex
730 3099 809 3150 10.
845 3096 956 3160 AL,
994 3098 1143 3162 apud
1190 3114 1349 3162 quem
1396 3104 1654 3163 corrupte
1699 3098 2010 3163 ἀρχόμενος
2055 3116 2150 3164 pro
2194 3098 2471 3164 ἄρχμενος
2516 3105 2574 3150 et
2623 3101 2744 3164 δεδ,
2793 3120 2890 3167 pro
2936 3119 3043 3168 quo

459 3165 726 3229 δέγμενος
765 3165 958 3216 Choer.
997 3166 1250 3230 praebet,
1291 3167 1502 3231 scripta
1538 3172 1684 3217 sunt.
1722 3194 1788 3203 —-
1822 3170 1908 3217 De
1946 3168 2197 3218 omnibus
2234 3169 2547 3233 participiis
2587 3169 2763 3219 fusius
2801 3171 3042 3236 explica-

459 3241 574 3284 tum
612 3240 668 3284 et
704 3249 845 3298 quae
881 3249 978 3298 pro
1024 3249 1136 3283 una
1182 3238 1278 3283 aut
1322 3234 1499 3283 altera
1545 3235 1916 3300 explicatione
1962 3236 2198 3300 proferri
2243 3243 2492 3301 possent,
2540 3238 2824 3301 proposita
2871 3238 3044 3290 fuisse

462 3308 517 3352 et
552 3319 651 3366 per
686 3317 744 3352 se
781 3301 1126 3365 intellegitur
1171 3306 1229 3351 et
1273 3317 1341 3351 ex
1386 3300 1798 3354 adnotamentis
1841 3304 1909 3356 Il.
1947 3303 2035 3352 Pr.
2083 3303 2273 3354 claret.
2344 3306 2422 3354 Io.
2468 3304 2827 3355 Alexandrini
2871 3309 3043 3357 verba

461 3368 576 3421 εἴτε
614 3367 1028 3433 παρακειμένου
1065 3371 1378 3433 παθητικοῦ
1418 3368 1538 3421 εἶεν
1574 3368 1687 3421 εἴτε
1726 3370 1904 3422 ἄλλου
1939 3369 2144 3436 χρόνου
2178 3372 2416 3421 innuunt
2437 3373 2816 3422 Herodianum
2841 3375 3044 3440 disqui-

459 3440 681 3500 sivisse,
718 3444 899 3488 utrum
935 3435 1173 3501 ὄρμενος
1209 3454 1276 3487 ex
1314 3436 1566 3501 ὠρμένος
1591 3455 1662 3488 an
1689 3455 1757 3489 ex
1789 3438 2063 3502 ὀρόμενος
2097 3438 2183 3500 (Ε.
2208 3439 2282 3490 Μ.
2311 3442 2435 3501 631,
2471 3440 2588 3503 40),
2626 3439 2901 3504 ἄρχμενος
2938 3445 3043 3504 (sic

459 3505 773 3556 emendavit
796 3506 932 3555 Lob.
960 3505 1043 3554 El.
1066 3506 1094 3555 1
1122 3507 1216 3555 187
1244 3513 1354 3555 not.
1382 3508 1435 3568 5)
1473 3523 1541 3556 ex
1566 3505 1876 3569 ἀρχόμενος
1914 3522 1985 3556 an
2013 3522 2080 3556 ex
2106 3505 2410 3570 ἠργμένος,
2450 3507 2726 3572 βλήμενος
2752 3507 3041 3573 πλήμενος

457 3574 696 3639 perfecti
730 3589 801 3622 an
838 3573 1030 3622 aoristi
1068 3574 1360 3639 partieipia
1398 3575 1533 3635 sint;
1574 3575 1640 3624 de
1677 3574 1912 3637 ᾰςμενος
1938 3575 2142 3627 Herod.
2167 3575 2311 3624 Mon.
2336 3576 2419 3637 28,
2453 3578 2518 3626 26
2557 3577 2721 3627 dicit:
2758 3578 3040 3642 ζητοῦμεν

457 3640 509 3692 εἰ
543 3641 632 3692 καὶ
671 3640 900 3703 μετοχαὶ
937 3638 1277 3704 ὑπάρχουςιν
1314 3640 1503 3705 ὥςπερ
1539 3642 1630 3692 καὶ
1668 3642 1761 3693 ἐπὶ
1796 3645 1900 3706 τῆς
1936 3640 2170 3705 ἄςμενος
2208 3643 2295 3704 (Ε.
2322 3644 2396 3693 Μ.
2437 3646 2549 3699 155.
2585 3642 2701 3709 23);
2740 3662 2808 3696 ex
2843 3647 3039 3696 Arcad.

459 3726 510 3774 p.
546 3711 628 3770 64,
654 3709 720 3757 28
758 3709 925 3758 etiam
960 3707 1237 3770 κλύμενος
1275 3713 1333 3758 et
1367 3707 1593 3772 ἴκμενος
1631 3711 1720 3760 bie
1756 3717 2057 3760 memorata
2096 3711 2268 3760 fuisse
2298 3711 2685 3762 concludimus
2758 3714 2935 3775 Quum
2974 3715 3037 3763 de

456 3775 753 3839 δέγμενος,
801 3776 944 3840 quod
990 3776 1184 3830 Choer.
1234 3793 1301 3827 ex
1344 3776 1507 3840 δεδεγ
1550 3777 1677 3829 ένος
1721 3779 1953 3843 repetit,
2012 3777 2352 3843 disputaret,
2414 3781 2650 3831 fortasse
2711 3784 3038 3831 mentionem

455 3845 644 3895 iniecit
689 3845 897 3893 formae
942 3842 1286 3906 δεδέχμενος.
1359 3845 1535 3898 Scho.
1581 3848 1674 3896 AB
1723 3846 1793 3897 ad
1839 3845 1903 3895 11.
1942 3844 1987 3897 Θ
2024 3848 2123 3897 296
2170 3845 2526 3909 δεδεγμένος;
2575 3847 2762 3899 οὕτως
2806 3846 2864 3899 αἱ
2902 3848 3040 3913 Ἀρι-

457 3910 694 3976 ςτάρχου
730 3909 820 3961 διὰ
853 3913 957 3961 τοῦ
992 3912 1027 3974 γ
1063 3911 1421 3975 δεδεγμένος,
1460 3911 1802 3976 Ἡρωδιανὸς
1840 3913 1902 3964 δέ
1936 3913 2026 3965 διὰ
2058 3916 2163 3965 τοῦ
2198 3917 2261 3979 i,
2301 3915 2444 3980 quod
2480 3916 2616 3964 Lob.
2642 3916 2729 3967 El.
2769 3916 2795 3965 1
2835 3919 2930 3967 186
2966 3918 3036 3966 ab

456 3980 776 4030 Herodiano
813 3977 1140 4042 δεδέχμενος
1178 3986 1649 4045 proparoxytonos
1684 3981 1988 4032 exhibitum
2033 3998 2156 4032 esse
2194 3984 2474 4048 opinatur,
2521 3984 2602 4032 ita
2638 3989 2700 4031 ut
2736 3982 3040 4046 δεχόμενος

456 4050 683 4113 primum
719 4046 984 4110 δέχμενος
1022 4046 1225 4111 (Schol.
1260 4050 1305 4098 A
1344 4047 1415 4098 ad
1450 4049 1516 4099 ΙΙ.
1545 4048 1557 4100 Ι
1597 4053 1690 4100 191
1728 4048 1996 4112 δέγμενος
2031 4047 2308 4115 γράφεται
2343 4049 2432 4099 καί
2458 4048 2745 4113 δέχμενος)
2786 4066 2879 4115 per
2915 4068 3039 4116 syn-

455 4133 628 4182 copen
666 4117 961 4179 existeret,
1009 4122 1125 4165 tum
1160 4132 1260 4181 per
1294 4115 1781 4181 reduplicationem
1827 4116 2172 4179 δεδέχμενος.
2211 4143 2273 4153 --
2313 4119 2395 4167 De
2434 4115 2784 4181 ἀκαχημένος
2822 4119 3038 4169 dubita-

453 4187 645 4248 batur,
684 4189 867 4232 utrum
903 4185 977 4233 sit
1010 4199 1274 4249 praesens
1309 4185 1593 4234 Aeolicum
1636 4184 1987 4249 ἀκαχήμενος
2033 4201 2104 4234 an
2140 4187 2474 4249 perfeetum:
2522 4186 2584 4233 Ε.
2621 4187 2692 4234 Μ.
2727 4189 2820 4249 45,
2858 4190 2920 4237 51
2968 4187 3037 4239 τὸ

454 4250 833 4316 ἀκαχήμενος,
873 4249 997 4302 ἐπεὶ
1035 4250 1245 4315 ὤφειλε
1282 4252 1684 4315 παροξύνεςθαι
1723 4252 1800 4304 ὡς
1838 4252 1907 4303 τὸ
1945 4252 2354 4316 πεποιημένος,
2402 4250 2505 4302 οὐκ
2552 4251 2665 4303 ἔςτι
2702 4253 3036 4318 παρακείμε-

457 4335 581 4383 νος,
621 4318 754 4371 ἀλλ’
791 4319 938 4370 ἐςτιν
973 4318 1088 4371 ἀπὸ
1124 4322 1227 4370 τοῦ
1265 4318 1456 4383 ἀκάχω
1495 4319 1756 4386 ἀκάχημι’
1796 4320 1828 4371 ὁ
1867 4320 2177 4385 παθητικὸς
2215 4318 2456 4372 ἑνεςτὼς
2493 4318 2793 4386 ἀκάχημαι·
2841 4320 2894 4373 οἱ
2930 4323 3036 4387 γὰρ

456 4386 670 4439 Αἰολεῖς
706 4387 815 4452 τὴν
852 4386 1288 4452 παραλήγουςαν
1324 4387 1391 4439 οὐ
1430 4387 1778 4440 ςυςτέλλουςι
1823 4388 1915 4439 καὶ
1954 4388 1988 4450 ἡ
2030 4386 2654 4454 μετοχὴ.ἀκαχήμενος;
2704 4396 2820 4439 tum
2855 4394 3038 4456 sequi-

457 4462 543 4506 tur
578 4457 757 4507 altera
795 4457 1122 4521 explicatio,
1162 4472 1228 4507 ex
1265 4472 1373 4522 qua
1420 4462 1483 4506 ut
1520 4458 1872 4522 participium
1909 4458 2141 4521 perfect.
2176 4457 2658 4523 praegravandum
2694 4463 2795 4513 est,
2868 4464 3035 4524 atque

454 4525 741 4587 probabile
780 4528 865 4575 est
902 4524 1271 4575 Herodianum
1309 4525 1375 4574 de
1410 4525 1704 4591 participio
1750 4526 2006 4575 similiter
2049 4524 2374 4576 disseruisse
2419 4532 2587 4590 atque
2637 4525 2703 4576 de
2746 4525 3038 4577 infinitivis

455 4589 757 4658 ἀκαχῆςθαι
802 4597 859 4643 et
894 4590 1195 4657 ἀκάχηςθαι
1242 4593 1299 4641 in
1336 4593 1398 4643 11.
1436 4593 1525 4643 Pr.
1563 4591 1607 4643 Τ
1643 4596 1759 4644 335.
1829 4595 1914 4642 Ex
1959 4593 2154 4644 Choer.
2199 4594 2293 4643 ubi
2339 4590 2691 4657 ήκαχημένος
2735 4594 2825 4644 καὶ
2862 4592 3036 4646 «ἀκα-

456 4657 656 4721 χμένος
695 4659 810 4711 ὀξέϊ
854 4661 1089 4725 χαλκῷ»
1125 4663 1323 4711 omisso
1367 4658 1717 4725 ἀκαχημένος
1762 4663 2127 4726 componitur,
2172 4662 2468 4711 coniectari
2513 4662 2646 4711 licet
2690 4664 2859 4712 etiam
2904 4660 3034 4713 ἀκα·

455 4725 657 4788 χμένος
693 4734 915 4793 propter
949 4729 1231 4794 augmenti
1267 4730 1618 4779 amissionem
1666 4728 1938 4794 prolatum
1981 4730 2183 4780 fuisse:
2230 4731 2296 4779 E.
2334 4731 2407 4780 M.
2443 4732 2536 4791 45,
2573 4731 2639 4779 48
2685 4727 3030 4793 άκαχμένον;

456 4791 570 4844 ἀπὸ
605 4798 708 4846 τοῦ
744 4794 931 4848 ἀκάζω
969 4796 1001 4848 ό
1039 4796 1265 4860 μέλλων
1297 4794 1487 4847 ἀκάςω
1523 4798 1704 4862 ἦκακα
1750 4797 1987 4860 ἤκαςμαι
2025 4796 2338 4861 ήκαςμένον
2385 4797 2476 4849 καὶ
2522 4802 2706 4864 τροπῇ
2744 4802 2847 4849 τοῦ
2885 4803 2920 4852 ἰ
2955 4798 3034 4852 εἰς
