3664 5546
672 421 796 486 120
1606 419 1688 475 ΕΚ
1726 419 1868 473 ΤΩΝ
1910 418 2318 474 ΗΡΩΔΙΑΝΟΥ

666 593 920 672 εὕρηται
977 593 1081 656 καὶ
1134 593 1420 673 Ἐφέςεια
1463 592 1567 657 διὰ
1624 590 2009 671 διφθόγγου·
2067 589 2238 655 οὕτω
2292 589 2416 669 γὰρ
2473 589 2543 654 ἐν
2589 589 2985 673 Ἀλεξάνδρῳ
3040 589 3253 671 Como-

666 698 835 773 κλῆς.
920 693 1441 774 (υρακόςςιος
1508 695 1614 759 διὰ
1678 694 1797 758 δύο
1860 697 1928 757 ἴς
1985 693 2086 757 καὶ
2141 693 2246 756 διὰ
2300 696 2418 757 τοῦ
2475 693 2544 773 ὃ,
2616 693 3015 775 δημόςιος,
3084 698 3255 756 δια-

666 797 1032 880 πρύςιος,
1132 796 1556 879 διακόςιοι,
1638 796 2115 877 τριακόςιοι,
2215 794 2771 877 πεντακόςιοι,
2854 795 3257 877 Ὑπάτιος,

666 898 1160 981 Εὐςτράτιος,
1203 898 1517 981 Ἀέτιος,
1572 897 2007 979 Φιλοίτιος,
2057 895 2515 980 Μενοίτιος,
2577 897 2977 980 ὑςτάτιος,
3031 897 3256 962 ὁςςά-

605 992 871 1083 5τιος,
927 1001 1342 1083 Μελὲτιος,
1399 1000 1924 1083 Ἀχερόντιος,
1969 999 2468 1081 Ἆθανάςιος,
2527 986 2932 1083 Θριάςιος,
2977 998 3260 1077 Τιθρά-

667 1123 865 1185 ςιος,
934 1102 1493 1182 Ἀναγυράςιος
1557 1100 1689 1167 ἀπὸ
1747 1102 2258 1181 Ἀναγυροῦντος
2323 1101 2544 1180 δήμου.
2633 1100 2919 1181 ἐζήτηται
2985 1102 3057 1166 δὲ
3120 1107 3262 1167 πῶς

665 1205 797 1283 ἔχει
841 1206 917 1270 τὸ
962 1209 1034 1289 ἃ,
1080 1206 1207 1271 ἔδει
1251 1204 1375 1284 γὰρ
1422 1205 1512 1269 ὡς
1556 1204 1983 1283 Ῥαμνούςιος.
2048 1203 2202 1267 ἀλλ’
2247 1204 2414 1269 ἔοικε
2458 1204 2534 1268 τὸ
2579 1206 2615 1281 ς’)
2662 1202 2868 1269 αἴτιον
2912 1202 3108 1287 εἶναι,
3153 1226 3259 1285 φι-

669 1311 885 1387 ληδῶν
929 1314 1006 1393 τῇ
1052 1307 1332 1375 ςυντάξει
1377 1311 1495 1372 τοῦ
1541 1328 1596 1371 α.
1668 1307 1925 1371 Ἀςιος
1970 1307 2007 1371 ὁ
2052 1305 2218 1371 Ζεὺς
2260 1307 2437 1385 παρὰ
2478 1306 2670 1370 ’Άςον
2714 1306 3052 1385 πολίχνιον
3102 1307 3260 1386 Κρή-

667 1431 794 1490 της.
860 1410 1247 1488 Αὐγάςιος
1292 1410 1481 1474 ἔθνος
1513 1410 1954 1485 Μαςςαγετῶν.
2002 1407 2301 1489 (τράβων
2346 1407 2649 1491 ἑνδεκάτῃ
2696 1408 2785 1493 (p.
2831 1407 3005 1491 513).
3066 1410 3260 1473 Βου-

571 1512 1018 1594 ιοοπράςιος.
1085 1507 1512 1590 θαυμάςιος
1557 1512 1656 1575 καὶ
1701 1510 2147 1590 Θαυμάςιος
2203 1510 2391 1575 ἔθνος
2435 1512 2777 1590 Ἀρκαδίας.
2837 1511 3263 1593 Θηράςιος,

670 1613 996 1697 Θάςιος,
1055 1613 1359 1697 Ἰάςιος,
1427 1611 1890 1695 Ἰμβράςιος,
1951 1612 2415 1696 Καυκάςιος,
2481 1614 3003 1696 Κορυφάςιος,
3066 1614 3261 1692 Κρα-

673 1716 971 1798 βάςιος,
1031 1714 1401 1780 Νικάςιος
1455 1715 1530 1780 τὸ
1589 1713 1841 1779 ἐθνικὸν
1898 1715 2000 1779 καὶ
2055 1715 2130 1780 τὸ
2176 1713 2459 1794 κύριον·
2506 1715 2995 1798 Νυμφάςιος,
3050 1715 3261 1793 Ὀρε-

671 1816 3263 1901 ςτάςιος,Παρράςιος,Πτελεάςιος,Ταμάςιος,Φυλάςιος,Φλιά-

671 1938 863 1984 ςιος·
908 1920 1082 1985 οὕτω
1111 1920 1594 1999 Λακεδαιμόνιοι
1628 1923 1759 1985 τῶν
1804 1924 2023 1998 μηνῶν
2069 1918 2186 1984 ἕνα
2229 1922 2548 2003 καλοῦςιν,
2595 1920 2664 1985 ἐν
2697 1921 2750 2004 ᾧ
2796 1921 2950 1985 τοὺς
2994 1923 3105 1998 τῆς
3146 1923 3266 1997 γῆς

572 2036 633 2088 15
671 2022 956 2100 καρποὺς
1011 2021 1307 2102 ἀκμάζειν
1364 2023 1760 2103 ςυμβέβηκεν.
1847 2019 2088 2101 ὤφειλε
2147 2023 2217 2086 δὲ
2273 2019 2405 2087 ἀπὸ
2462 2026 2571 2100 τῆς
2626 2021 2982 2089 Φλιοῦντος
3027 2021 3265 2086 Φλιού-

671 2145 832 2207 ςιος,
876 2127 1256 2208 πλεοναςμῷ
1303 2126 1373 2189 δὲ
1418 2128 1535 2190 τοῦ
1578 2127 1622 2188 ᾶ
1664 2122 1977 2188 Φλιάςιος.
2069 2125 2330 2189 Γέςιος
2384 2125 2604 2203 κύριον
2660 2124 2871 2204 ὄνομα
2924 2123 3266 2204 ἐπιχωριά-

671 2230 786 2293 ζον
832 2226 903 2291 ἐν
945 2217 1221 2305 Πέτραις
1266 2226 1569 2306 Ἀραβίας.
1660 2226 1828 2290 ἔοικε
1875 2227 1946 2290 δὲ
1995 2227 2033 2290 Γ
2035 2227 2242 2305 εήςιος
2285 2226 2728 2306 προϋπάρχειν
2777 2228 2867 2292 ὡς
2910 2228 2984 2292 τὸ
3031 2227 3265 2305 Ἰθακή-

673 2349 803 2394 ςιος
848 2329 951 2393 καὶ
993 2329 1150 2393 κατὰ
1197 2330 1518 2407 ςυγκοπὴν
1565 2328 1788 2393 Γέςιος.
1854 2328 2222 2411 Ἐρέςιος,
2271 2329 2758 2412 Ἀκακήςιος,
2804 2330 3269 2410 Ἀκελήςιος,

674 2432 765 2497 ὡς
812 2431 1284 2514 Μενδήςιος,
1331 2431 1798 2509 Ἀκυλήςιος.
1857 2431 2208 2509 Ἀλήςιος
2264 2430 2387 2497 «οὐ
2431 2431 2555 2510 γὰρ
2601 2431 2872 2509 Ἀλήςιοί
2928 2431 3104 2495 ἐςτε»
3150 2431 3268 2496 Εὐ-

569 2546 637 2597 20
672 2534 940 2614 φορίων.
1028 2531 1566 2616 Ἁλοννήςιος,
1613 2533 2254 2616 Προκοννήςιος,
2312 2532 2817 2616 Ἁλωνήςιος,
2877 2533 3266 2612 Χερςονή-

674 2657 820 2701 ςιος.
910 2634 1234 2700 Ἑκαταῖος
1294 2635 1566 2720 Εὐρώπῃ
1626 2635 2027 2715 «Ἀψινθίοιςι
2081 2636 2245 2715 πρὸς
2303 2638 2677 2719 μεςημβρίην
2722 2636 3061 2716 ὁμορέουςι
3108 2636 3268 2715 Χερ-

675 2738 1025 2832 ςονήςιοι»)
1096 2735 1176 2802 οὗ
1241 2738 1318 2803 τὸ
1385 2739 1663 2818 θηλυκὸν
1730 2738 2067 2819 Εὐριπίδης
2146 2740 2262 2806 «ὃς
2337 2741 2451 2819 τὴν
2519 2738 2773 2820 ἀρίςτην
2843 2738 3269 2818 Χερςονηςίαν

672 2840 925 2905 πλάκα»
987 2837 1178 2923 (Hec.
1226 2840 1317 2923 8).
1417 2839 1896 2924 Φαγρήςιος,
1963 2842 2346 2925 Ἀρήςιος,
2414 2843 2825 2925 Βερήςιος,
2893 2841 3269 2921 Ἀδρυμή-

676 2963 872 3024 ςιος,
922 2943 1386 3026 Γαλλήςιος,
1433 2942 1875 3022 Ἑλικήςιος.
1932 2943 2348 3023 Εὐθρήςιοι
2404 2945 2591 3009 πόλις
2632 2943 2959 3023 Ἀρκαδίας
3003 2945 3105 3008 καὶ
3148 2942 3272 3008 οὐκ

574 3057 641 3108 25
678 3044 948 3110 ἑθνικόν.
1024 3045 1973 3128 Ἰθακήςιος,·Ι(αρπήςιος
2018 3046 2207 3112 ἔθνος
2252 3046 2568 3126 Ἰβηρικόν.
2619 3047 3032 3129 Κορήςιος,
3083 3046 3268 3124 Κρε-

679 3147 977 3230 μήςιος,
1027 3147 1381 3228 Κρήςιος,
1434 3147 1842 3230 Κυνήςιος,
1898 3148 2263 3226 Λιθήςιος
2307 3147 2344 3212 ὸ
2392 3148 2723 3214 Ἀπόλλων
2780 3147 2849 3213 ἐν
2904 3155 2994 3231 τῷ
3042 3148 3273 3213 Μαλέα

680 3249 836 3332 λίθῳ
881 3249 1384 3328 προςιδρυμένος
1429 3248 1572 3313 ἐκεῖ.
1660 3248 1913 3328 Ῥιανὸς
1954 3249 2024 3314 ἐν
2071 3251 2384 3315 Ἠλιακῶν
2439 3249 2646 3333 τρίτῳ.
2738 3251 3273 3332 Μαραθήςιος,

682 3351 1058 3429 Μιλήςιος
1114 3352 1151 3416 ὃ
1210 3351 1609 3430 ςεςημείωται
1665 3351 1736 3417 ἐν
1780 3354 2101 3433 τοπικοῖς,
2169 3351 2266 3417 ὅτι
2321 3351 2560 3431 ἐτράπη
2616 3353 2692 3418 τὸ
2736 3355 2784 3416 ἶ.
2885 3353 3271 3436 Μυήςιος,

683 3453 1211 3535 Μυκαλήςιος,
1277 3452 1733 3544 .Νεδεήςιος,
1799 3454 2242 3533 Πολυήςιοι
2309 3453 2495 3519 πόλις
2561 3456 2661 3518 καὶ
2727 3453 2790 3519 οἱ
2854 3457 3110 3520 πολῖται
3179 3455 3273 3521 ὡς

580 3555 919 3633 3οΛοκροί
971 3554 1279 3635 Δελφοί..
1334 3555 1888 3639 Ποτιολήςιος,
1942 3556 2371 3639 Πυδήςιος,
2439 3557 2920 3639 Μαγνήςιος,
2978 3554 3272 3635 (αλλή-

684 3677 834 3721 ςιοι
881 3659 1073 3735 μοῖρα
1114 3656 1439 3721 Παιόνων.
1529 3654 2016 3737 (τρυμήςιος.
2094 3658 2552 3738 Τιταρήςιος
2603 3660 2890 3738 ποταμὸς
2934 3658 3273 3725 Θεςςαλίας

645 3759 787 3824 .καὶ
815 3759 888 3822 τὸ
921 3758 1172 3854 ἑθνικὸν
1205 3759 1587 3850 ὁμοφωνως.
1656 3760 2031 3844 χαρίςιος,
2076 3761 2639 3844 Προβαλίςιος,
2687 3761 3075 3843 Χαδίςιος,
3122 3760 3273 3825 Χα-

686 3859 958 3956 λίςιος,
1047 3860 1602 3943 Ἐπικηφίςιος,
1687 3862 2186 3946 Ἀρτεμίςιος,
2275 3862 2734 3945 Θεοδόςιος,
2820 3862 3323 3942 ὈλοβύςιοςΔ

686 3963 873 4026 ἔθνος
916 3963 1062 4040 περὶ
1105 3962 1491 4041 Ἡρακλείων
1538 3966 1797 4041 ςτηλῶν.
1890 3965 2199 4046 Νύςιος,
2246 3965 2698 4044 Ἀμαρύςιος
2756 3965 2845 4030 ὡς
2889 3965 3271 4043 Τρικορύ-

586 4075 651 4127 35
688 4084 863 4128 ςιος.
953 4063 1124 4129 οὕτω
1177 4064 1302 4143 γὰρ
1345 4064 1709 4130 Παυςανίας
1766 4065 1836 4130 ἐν
1882 4066 2103 4150 πρώτῃ
2151 4065 2284 4148 (31,
2329 4066 2418 4150 5).
2507 4067 2755 4142 λέγεται
2813 4067 2915 4130 καὶ
2969 4065 3271 4145 Ἀμαρύν-

688 4321 933 4375 καθόλου
970 4319 1059 4374 διὰ
1091 4318 1194 4373 δύο
1230 4324 1296 4374 ῖς·
1333 4321 1422 4373 καὶ
1457 4319 1546 4374 διὰ
1580 4324 1683 4373 τοῦ
1721 4323 1754 4373 ’ὁ
1790 4319 2033 4386 γράφων
2069 4320 2138 4372 τὸ
2176 4319 2355 4386 ὄνομα
2393 4319 2748 4387 παραδίδωςι.
2818 4322 3053 4388 Reliqua
3090 4324 3274 4374 omnia

687 4397 818 4442 sunt
862 4407 930 4441 ex
976 4390 1057 4440 St.
1098 4390 1156 4443 B.
1196 4392 1277 4441 ita
1322 4391 1526 4450 electa,
1576 4395 1637 4441 ut
1681 4391 1857 4441 omnis
1902 4390 2125 4455 generis
2169 4391 2391 4441 nomina
2437 4406 2814 4457 proponerem,
2862 4407 3041 4457 neque
3088 4397 3275 4441 tamen

686 4460 867 4510 omnia
902 4458 1133 4524 gentilia
1170 4461 1239 4510 ab
1276 4476 1342 4510 eo
1381 4459 1563 4509 relata
1599 4458 2122 4522 enumera-revomi,
2162 4474 2325 4523 quum
2360 4459 2500 4511 haee
2537 4465 2625 4510 res
2660 4461 2718 4509 in
2753 4459 2893 4510 libro
2930 4458 3057 4525 περὶ
3082 4473 3273 4523 παρω-

689 4523 885 4590 νῦμων
924 4528 1102 4577 fusius
1137 4531 1385 4578 tractata
1439 4528 1610 4578 fuisse
1657 4528 1942 4589 videatur,
1999 4527 2086 4577 cui
2140 4527 2257 4578 loeo
2314 4528 2585 4594 quaedam
2628 4527 2963 4580 reservanda
3016 4527 3276 4578 iudicavi.

686 4595 961 4646 Nonnulla
996 4612 1065 4646 ex
1100 4596 1434 4657 nominibu8‚
1478 4611 1618 4661 quae
1657 4595 1907 4656 exhibui,
1946 4595 2017 4645 ad
2056 4596 2431 4646 Herodianum
2466 4601 2744 4648 auctorem
2780 4595 2987 4647 diserte
3024 4597 3272 4647 referun-

684 4669 776 4714 tur
811 4680 844 4713 a
882 4665 964 4716 St.
1001 4666 1085 4726 B.,
1123 4681 1174 4714 v.
1203 4681 1248 4714 c.
1288 4665 1370 4725 58,
1413 4665 1474 4713 15
1511 4662 1853 4727 Ἡρωδιανὸς
1882 4662 2196 4728 Ἀκελήςιος
2233 4664 2368 4729 φηςὶ
2406 4662 2485 4717 ὡς
2519 4663 2830 4729 Μενδήςιος
2868 4662 3012 4716 ὥςτε
3041 4663 3285 4728 Ἀκέλης

688 4729 832 4782 εἶναι
870 4729 948 4782 ὼς
985 4730 1236 4797 Μένδης,
1277 4730 1323 4796 ᾧ
1363 4730 1580 4796 ςυνᾴδει
1630 4729 1731 4793 μὲν
1776 4729 1811 4794 ἡ
1853 4732 2021 4797 λοιπή
2058 4734 2272 4797 χρῆςις,
2313 4730 2628 4785 Ἑλλάνικος
2674 4732 2735 4784 δὲ
2780 4732 2908 4785 εἶπε
2944 4730 3066 4784 «εἰς
3103 4731 3275 4784 πόλιν

689 4797 983 4863 Ἀκέλην»,
1029 4799 1200 4865 ἐχρῆν
1236 4798 1342 4862 γὰρ
1383 4797 1654 4864 Ἀκέλητα
1700 4798 1861 4851 εἶναι.
1932 4800 2419 4865 προπαροξύνεται
2466 4800 2526 4852 δὲ
2571 4801 2640 4853 τὸ
2690 4799 3033 4865 Ἀκελήςιος·
3088 4800 3120 4852 ὁ
3168 4799 3276 4865 γὰρ

686 4865 955 4929 τεχνικός,
992 4868 1064 4920 τὰ
1098 4866 1187 4919 διὰ
1222 4868 1325 4918 τοῦ
1364 4871 1474 4919 ςιόῖ
1520 4864 1707 4918 πάντα
1753 4867 2270 4933 προπαροξύνεται,
2319 4867 2422 4920 κᾶν
2471 4869 2540 4921 τὸ
2578 4873 2613 4921 ἲ
2657 4868 2881 4935 ὑπάρχῃ
2928 4867 3040 4934 πρὸ
3075 4870 3179 4919 τοῦ
3220 4871 3274 4932 ῖ,

689 4934 841 4998 πλὴν
877 4936 998 4986 τῶν
1033 4933 1379 5000 τριβραχέων
1416 4933 1642 5000 κυρίων.
