3664 5546
675 382 753 447 16
1614 380 1696 435 ΕΚ
1731 380 1873 435 ΤΩΝ
1916 381 2324 437 ΗΡΩΔΙΑΝΟΥ

666 554 771 619 καὶ
815 553 919 619 διὰ
965 554 1160 630 τριῶν
1206 551 1569 631 ςυμφώνων
1614 552 1899 632 Ἔγκτην.
1969 552 2308 633 Ἐγκτηνες
2354 553 2425 618 δὲ
2471 552 2778 629 ἐλέγοντο
2824 549 2888 617 οἱ
2919 552 3076 632 μετὰ
3104 553 3257 618 τοὺς

666 657 949 722 Ὕαντας
991 654 1108 733 τὴν
1156 653 1464 720 Βοιωτίαν
1509 653 1890 733 οἰκήςαντες.

836 758 931 823 Τὰ
976 756 1064 822 εἰς
1107 760 1190 835 ῆῦ
1245 756 1483 836 ἔχοντά
1525 779 1583 823 τι
1636 762 1769 823 τῶν
1825 757 2034 838 μέςων
2089 757 2218 836 πρὸ
2275 761 2391 822 τοῦ
2435 760 2475 836 ἦ
2531 756 2854 841 ὀξύνεται,
2912 757 3110 823 ὁπότε
3168 762 3257 823 δι-

668 861 887 945 χρόνῳ
932 859 1372 939 παραλήγοιτο
1416 860 1455 938 ἢ
1502 861 1687 941 φύςει
1730 865 1940 944 μακρᾷ
1994 858 2141 925 οἷον
2186 857 2445 943 Ὠγήν,
2489 859 2721 944 ἁδήν,
2764 860 3012 941 ταγήν
3068 858 3106 924 6
3152 859 3258 925 ἀτ-

606 972 641 1023 5
670 963 904 1047 ταγήν,
947 962 1218 1042 τριβήν
1262 960 1301 1026 ὁ
1345 962 1623 1042 τρίπους.
2691 995 2702 1007 -

838 1066 932 1131 Τὰ
977 1065 1066 1130 εἰς
1108 1065 1399 1170 η-ν.ὑπὲρ
1444 1066 1563 1129 δύο
1610 1065 1924 1146 ςυλλαβάς
1977 1063 2262 1143 χαίρουςι
2316 1070 2391 1148 τῇ
2448 1063 2620 1149 ὀξείᾳ
2676 1062 2822 1130 οἷον
2879 1063 3259 1147 ἀτταγήν,

669 1167 1105 1250 κορδυλήν,
1147 1166 1514 1249 μαριθήν,
1570 1166 1882 1249 δοθιήν,
1937 1165 2334 1244 ἠλακατήν
2389 1166 2599 1246 ὄνομα
2655 1166 2874 1245 ἰχθύος
2930 1167 3260 1247 κητῶδους

671 1271 774 1335 καὶ
816 1270 1056 1348 κύριον.
1128 1269 1458 1348 Ἀραδήν
1503 1268 1690 1334 πόλις
1739 1268 2011 1352 Κρήτης,
2057 1269 2393 1350 Ἀραφήν
2440 1266 2531 1333 εἷς
2574 1273 2705 1334 τῶν
2749 1267 2978 1335 ἑκατὸν
3024 1270 3258 1348 ἡρώων

669 1372 774 1436 καὶ
816 1375 1016 1451 δῆμος
1058 1369 1354 1450 Αἰγηΐδος
1398 1371 1639 1453 φυλῆς,
1690 1369 2105 1450 Κεφαλλήν
2149 1370 2340 1436 ἔθνος
2384 1369 2515 1437 ἀπὸ
2564 1371 2865 1452 Κεφάλου
2909 1374 3025 1435 τοῦ
3055 1369 3257 1450 Δηϊο-

572 1480 637 1533 10
670 1473 836 1538 νέως
888 1474 1149 1556 κληθέν,
1204 1476 1401 1538 κεῖται
1457 1473 1529 1537 δὲ
1582 1472 1757 1551 παρὰ
1811 1471 2133 1552 (οφοκλεῖ
2200 1472 2270 1537 ἐν
2334 1479 2427 1556 τῷ
2485 1471 2579 1537 «ὦ
2633 1475 2798 1539 ξεῖνε
2859 1472 3197 1553 Κεφαλλήν
3214 1497 3257 1536 ».

671 1574 912 1652 γίνεται
958 1576 1029 1639 δὲ
1072 1574 1247 1653 παρὰ
1289 1574 1366 1639 τό
1416 1573 1711 1655 Κέφαλος
1758 1574 2057 1654 Κεφαλήν
2116 1574 2206 1639 ῶς
2249 1575 2424 1653 παρὰ
2477 1575 2553 1640 τὸ
2609 1577 2818 1640 κῶλος
2861 1574 3108 1657 κωλήν,
3154 1573 3258 1654 μέ·

672 1698 883 1755 γιςτος
938 1677 1229 1757 μεγιςτήν
1284 1676 1388 1740 καὶ
1439 1676 1749 1756 μεγιςτάν.
1838 1676 1878 1756 ἡ
1934 1678 2007 1741 δὲ
2060 1676 2301 1741 παλαιὰ
2356 1680 2570 1756 χρῆςις
2635 1675 2846 1742 ἅπαςα
2912 1675 3042 1755 ἔχει
3106 1675 3261 1742 τοὺς

676 1779 1092 1860 Κεφαλλῆνας
1135 1778 1239 1842 καὶ
1279 1778 1397 1857 τὴν
1445 1777 1889 1859 Κεφαλληνίαν
1945 1777 2017 1843 ἑν
2064 1779 2201 1844 δυςὶ
2243 1766 2321 1843 λλ
2349 1814 2437 1826 -
2464 1779 2795 1857 πλὴνιτοῦ
2839 1799 2931 1843 πε
2945 1777 3260 1858 ρπέρην.

842 1881 937 1946 Τὰ
990 1880 1077 1946 εἰς
1131 1881 1217 1958 ῆν
1267 1877 1402 1945 ἀπὸ
1460 1877 1673 1959 ῥητῶν
1726 1879 1869 1958 ἤτοι
1924 1880 2401 1961 διαλεγομένων
2456 1885 2586 1947 τῶν
2642 1879 2732 1946 εἰς
2786 1883 2869 1957 ἦν
2925 1881 3259 1962 βαρύνεται

574 2000 639 2052 15
675 1980 821 2048 οἷον
864 1982 1099 2063 Ἕλλην
1143 1981 1567 2064 φιλέλλην,
1609 1981 2126 2074 Πανέλληνες
2184 1983 2274 2047 ῶς
2314 1982 2678 2061 Παναχαιοί
2731 1981 2863 2048 ἀπὸ
2908 1983 3140 2063 μέρους
3181 1982 3258 2046 τὸ

674 2087 805 2150 πᾶν
862 2083 953 2149 ὡς
1004 2085 1180 2163 παρὰ
1233 2090 1324 2168 τῷ
1381 2087 1613 2166 ποιητῇ
1661 2083 1979 2159 «Λέλεγας
2034 2084 2137 2148 καὶ
2178 2083 2402 2163 Τρῶας
2447 2082 2773 2162 ἀναίρειν»
2821 2080 2931 2167 (ΙΙ.
2974 2082 3082 2165 20,
3128 2081 3259 2167 96).

672 2186 975 2266 Ἕλληνες
1018 2186 1141 2265 γὰρ
1183 2184 1345 2262 παρ’
1388 2183 1564 2268 αὐτῷ
1620 2182 1683 2250 οἱ
1734 2185 1852 2263 τὴν
1897 2183 2173 2250 Φθιῶτιν
2226 2184 2497 2250 Ἑλλάδα
2551 2189 2994 2252 κατοικοῦντες
3040 2186 3259 2263 «Μυρ-

675 2287 930 2367 μιδόνες
989 2287 1062 2352 δὲ
1121 2289 1459 2352 καλεῦνται
1523 2286 1627 2351 καὶ
1683 2285 1988 2367 Ἕλληνες
2050 2288 2156 2352 καὶ
2207 2287 2485 2367 Ἀχαιοί»
2545 2285 2658 2372 (ΙΙ.
2703 2286 2777 2369 2,
2823 2286 3013 2373 684),
3081 2286 3260 2366 εἴρην

675 2388 1127 2473 μελλείρην,
1171 2387 1412 2469 ποιμήν
1457 2386 1973 2474 ἀρχιποίμην,
2018 2389 2224 2471 αὐχήν
2256 2389 2665 2474 ἑριαύχην,
2696 2390 2817 2470 ῥήν
2847 2389 3260 2469 πολύρρην

572 2510 643 2561 20
675 2493 851 2572 παρὰ
892 2497 985 2577 τῷ
1028 2492 1107 2556 τὰ
1153 2490 1560 2557 Ναυπακτικὰ
1602 2491 1965 2570 ποιήςαντι·

811 2716 846 2766 l.
881 2718 915 2766 4
948 2715 1041 2766 hic
1074 2719 1138 2766 ut
1173 2730 1340 2783 supra
1375 2714 1575 2766 Arcad.
1610 2714 1660 2778 8,
1703 2716 1766 2766 19
1802 2712 1945 2781 ἀδὴν
1982 2715 2250 2782 scriptum
2287 2720 2396 2778 est,
2436 2714 2532 2765 sed
2568 2719 2790 2782 propter
2833 2714 3059 2782 regulas
3094 2714 3154 2764 in
3190 2714 3259 2765 11.

675 2785 830 2836 Pros.
873 2782 911 2837 Ε
945 2787 1045 2836 203
1091 2783 1134 2836 Λ
1178 2785 1245 2836 88
1289 2782 1431 2848 ἁδήν
1484 2783 1832 2835 scribendum
1887 2783 2132 2846 videtum
2179 2783 2413 2835 Photius
2468 2791 2525 2835 et
2568 2784 2747 2839 Bekk.
2786 2783 2994 2838 Aneod.
3031 2786 3159 2848 342,
3196 2786 3259 2834 31

676 2850 932 2905 ὀξύνεται
966 2851 1028 2904 δὲ
1063 2850 1099 2914 ή
1139 2848 1281 2904 λέξις
1319 2851 1409 2903 καὶ
1444 2850 1738 2903 δαςύνεται
1783 2849 2152 2916 παραλόγως,
2202 2850 2280 2904 ὥς
2328 2865 2496 2916 φηςιν
2532 2850 2899 2917 Ἡρωδιανὸς,
2946 2852 3042 2903 ubi
3086 2864 3262 2916 παρα·

678 2920 863 2984 λόγως
902 2937 1010 2972 non
1049 2936 1116 2970 ex
1151 2920 1459 2971 Herodiani
1493 2920 1770 2971 sententia
1805 2935 1928 2970 esse
1966 2918 2360 2988 qnimadvertit
2394 2921 2587 2972 Lehrs.
2623 2920 2770 2975 Mon.
2797 2922 2880 2984 16,
2908 2922 2990 2973 19.
3125 2919 3262 2973 ibid.

678 3005 777 3055 pro
812 2987 992 3054 ἀττήν
1027 2985 1281 3053 ἀτταγήν
1331 3004 1454 3039 cum
1489 2989 1625 3039 Lob.
1662 2987 1888 3039 exhibui
1921 2986 2103 3051 ταγήν
2150 2986 2183 3039 6
2218 2985 2489 3053 ἀτταγήν.
2730 2990 2765 3040 l.
2803 2990 2834 3039 ‘1
2872 3003 2968 3054 pro
3005 2985 3263 3053 μαραθήν

676 3073 798 3108 cum
835 3059 970 3109 Lob.
1007 3054 1247 3121 μαριθήν
1282 3070 1389 3107 scr.
1422 3058 1506 3107 De
1532 3053 1726 3174 δοθιἏν
1749 3055 1854 3107 hoc
1880 3056 2331 3107 adnotamentum
2353 3057 2412 3107 in
2435 3056 2583 3108 Mon.
2613 3060 2694 3119 17,
2725 3061 2750 3107 1
2789 3061 2999 3108 exstat:
3036 3054 3259 3174 δοθιιλνε

676 3124 845 3176 οὐδὲν
880 3122 960 3176 εἰς
993 3126 1067 3189 ῆῗν
1103 3124 1280 3189 λῆγον
1316 3123 1498 3187 ὄνομα
1533 3122 1667 3176 ὀξυν
1705 3137 1878 3186 μενον
1914 3122 2207 3189 καθαρεύει
2244 3124 2388 3176 κατὰ
2428 3126 2620 3189 χρῆςιν
2657 3122 2969 3191 Ἑλλήνων,
3007 3121 3143 3176 ἀλλ’
3213 3122 3264 3174 εὶ

647 3191 791 3259 ’πρὸ
825 3195 929 3244 τοῦ
965 3197 1000 3257 ῆ
1038 3191 1346 3256 ςύμφωνον
1382 3190 1496 3255 ἔχει
1530 3190 1566 3255 ἢ
1604 3189 1902 3256 ςύμφωνα·
1949 3189 2074 3243 οἷον
2115 3190 2336 3258 ςωλήν,
2373 3192 2592 3257 λειχήν,
2630 3193 2849 3259 κηφήν,
2887 3191 3095 3257 αὐχήν,
3132 3190 3263 3243 Πει-

677 3260 784 3326 ρήν
820 3260 954 3312 καθ’
978 3257 1231 3313 Ἡςίοδον
1267 3259 1455 3325 πατὴρ
1493 3258 1646 3323 Ἰοῦς,
1686 3256 1855 3325 Αίζήν
1890 3258 2188 3312 Ταντάλου
2226 3264 2371 3312 παῖς.
2427 3260 2631 3326 ςτελήν
2659 3261 2749 3325 (ἳ),
2786 3260 2992 3326 ςειρήν,
3030 3258 3262 3324 βαλλήν,

678 3327 864 3379 οὕτως
913 3327 946 3380 6
982 3324 1262 3392 βαςιλεύς,
1299 3325 1461 3392 ἑςςήν
1507 3325 1540 3378 6
1576 3324 1817 3392 οἰκιςτής
1854 3327 2277 3394 «Μυρμιδόνων
2313 3327 2556 3394 ἐςςῆνα»
2596 3327 2942 3393 Καλλίμαχος
3016 3326 3263 3393 πυθμήν,

679 3395 864 3460 λιμ’ν,
901 3395 1115 3462 ἀτμήν,
1153 3394 1404 3461 καμαςήν
1441 3392 1596 3459 ἰχθῦς
1630 3409 1714 3447 τις
1750 3394 2002 3460 λέγεται,
2044 3395 2297 3462 Ἀραφήν
2334 3393 2414 3449 εἷς
2451 3399 2572 3448 τῶν
2609 3396 2816 3449 ἑκατὸν
2852 3368 3092 3461 ήριύων,
3130 3395 3263 3460 ἠλα-

678 3479 749 3516 κα
827 3479 878 3528 ν,
916 3465 1006 3516 καὶ
1041 3465 1218 3516 τοῦτο
1264 3463 1446 3526 ὄνομα
1492 3460 1678 3527 ἰχθύος
1724 3463 2033 3530 κητώδους.
2102 3463 2248 3516 ἀλλὰ
2292 3464 2384 3516 καὶ
2426 3464 2496 3516 τὸ
2543 3463 2747 3530 κύριον.
2817 3464 2994 3529 δῆλον
3038 3463 3128 3516 ὅτι
3172 3477 3263 3529 ςη-

679 3532 914 3596 μειῶδες
951 3532 984 3585 6
1019 3530 1214 3598 δοθιήν
1250 3531 1391 3597 παρ’
1426 3530 1698 3584 Ἀττικοῖς
1745 3531 2051 3597 λεγόμενος
2098 3533 2188 3584 καὶ
2236 3532 2310 3597 μὴ
2355 3532 2505 3597 έχων
2550 3532 2662 3599 πρὸ
2707 3534 2811 3584 τοῦ
2849 3535 2884 3544 ”“
2929 3531 3261 3597 ςύμφωνον·

678 3597 1055 3666 Τηλεκλείδης
1101 3598 1238 3651 «ὅδ’
1282 3597 1391 3653 ἀπ’
1437 3596 1661 3665 Αἰγίνης
1716 3599 1888 3667 νήςου
1935 3604 2106 3666 χωρεῖ
2150 3601 2410 3666 δοθιῆνος
2456 3600 2606 3665 ἔχων
2658 3600 2729 3653 τὸ
2775 3615 2851 3666 πρ
2890 3614 3128 3654 ςωπον»
3172 3599 3265 3651 καί

601 3699 616 3726 ι
677 3666 989 3734 Ἕρμιππος
1027 3667 1090 3720 ἐν
1126 3666 1287 3721 Θεοῖς
1322 3667 1555 3734 «φήμης
1591 3665 1744 3733 ἱερὰς
1780 3666 2069 3732 ἑξοιγνυμέ
2147 3683 2173 3721 ς
2211 3667 2400 3735 ὥςπερ
2438 3669 2689 3722 πέπονος
2724 3668 2982 3733 δοθιῆνος
2994 3682 3041 3722 ».
3109 3665 3170 3721 Εἰ
3203 3666 3265 3719 δέ

676 3751 761 3789 τις
797 3735 979 3802 λέγοι,
1018 3736 1106 3789 ὅτι
1142 3737 1233 3789 καὶ
1268 3736 1338 3789 τὸ
1373 3735 1513 3802 ζαήν
1551 3735 1872 3802 καθαρεύει,
1910 3736 1979 3789 οὗ
2015 3735 2050 3801 ή
2089 3752 2126 3789 α
2146 3738 2368 3802 τιατικὴ
2407 3736 2559 3803 παρὰ
2595 3740 2802 3804 ποιητῇ
2840 3735 2975 3789 κατ’
3010 3736 3267 3801 ἔκθλιψιν

677 3807 783 3856 τοο
820 3808 856 3857 ἆ
890 3802 1075 3871 «ῶρςε
1112 3805 1172 3857 δ’
1206 3803 1302 3858 ἐπὶ
1335 3803 1506 3871 ζαῆν·
1536 3803 1793 3871 ἄνεμον»
1829 3807 2065 3870 πρῶτον
2103 3804 2205 3868 μὲν
2241 3803 2463 3871 εἰςεται,
2502 3804 2581 3858 ὡς
2606 3804 2709 3870 οὐχ
2740 3804 2917 3869 ὑγιῶς
2941 3804 3011 3857 τὸ
3035 3806 3265 3858 τοιοῦτο

680 3872 1103 3939 παραλήψεται,
1139 3870 1207 3926 οὗ
1243 3872 1431 3926 πίςτιν
1464 3871 1683 3937 ὀφείλει
1719 3871 1776 3927 ἐξ
1812 3872 2008 3925 ἄλλων
2053 3871 2333 3926 πτώςεων
2381 3873 2736 3940 παραθέςθαι.
2791 3872 3141 3939 προείπομεν
3183 3871 3265 3936 δέ,

680 3941 768 3995 δτι
805 3943 949 3995 κατὰ
983 3945 1173 4008 χρῆςιν
1207 3944 1331 3995 τῶν
1367 3939 1674 4007 Ἑλλήνων,
1712 3939 1837 4005 οὐχὶ
1875 3941 2010 3994 καθ’
2043 3940 2349 3994 ὑπόςταςιν
2384 3941 2626 4006 λέγομεν
2661 3941 2902 3994 ἅπαντα.
2973 3940 3110 3993 ἀλλ’
3133 3939 3266 3992 οὐδὲ

680 4009 1139 4075 ὁμολογούμενον
1174 4010 1245 4063 τὸ
1279 4012 1473 4075 ζαῆνα.
1520 4007 1846 4073 φυλακτέον
1879 4009 1943 4061 δὲ
1979 4008 2057 4062 ὡς
2094 4010 2298 4063 πολλοὶ
2333 4008 2398 4063 ἐν
2432 4014 2503 4078 τῇ
2529 4009 2791 4077 ςυνηθείᾳ
2825 4010 2915 4062 διὰ
2947 4012 3051 4062 τοῦ
3091 4012 3145 4060 ἰῑῐ
3180 4009 3266 4060 λέ·

676 4093 832 4142 γουςι
866 4078 939 4131 τὸ
974 4077 1220 4141 δοθιών,ι
1255 4076 1763 4142 ςυναποφερόμενα
1807 4081 1894 4144 τῷ
1934 4076 2189 4130 Κνακιών
2233 4078 2324 4131 καὶ
2363 4078 2562 4132 Ἀςιών
2609 4078 2700 4131 καὶ
2745 4076 3130 4144 ἀνθεςτηριών
3174 4076 3267 4129 καὶ

677 4151 798 4199 τοῖς
833 4146 1127 4200 τοιούτοις.
1196 4148 1278 4197 Ex
1324 4147 1429 4198 hoc
1476 4147 1600 4198 loco
1637 4147 1822 4211 recepi
1870 4145 2162 4210 ήλακατήν
2207 4152 2268 4199 et
2306 4145 2589 4213 Ἀραφήν,
2637 4147 2782 4213 quod
2868 4153 3118 4198 meteres
3162 4161 3264 4212 ope

680 4216 952 4283 Stephani
987 4233 1042 4282 p.
1081 4217 1195 4274 110,
1237 4218 1264 4266 1
1303 4214 1549 4281 explevi3
1588 4230 1656 4265 ex
1693 4212 1886 4265 eodem
1921 4216 2127 4282 sumpsi
2166 4215 2406 4282 Ἀραδήν
2448 4218 2569 4276 108,
2607 4218 2656 4269 7.
2828 4164 2864 4266 f
2903 4219 2965 4266 10
3000 4230 3145 4280 quae
3198 4213 3267 4263 de

682 4282 982 4350 Κεφαλλήν
1019 4283 1195 4350 posui,
1234 4284 1561 4350 deprompta
1593 4287 1724 4333 sunt
1758 4297 1829 4333 ex
1852 4284 2110 4337 Eustath.
2147 4285 2217 4335 ad
2245 4285 2473 4351 Dionys.
2508 4287 2606 4337 431
2648 4289 2705 4335 et
2740 4283 2814 4334 ad
2836 4284 2994 4337 Hom.
3033 4299 3086 4349 p.
3116 4283 3267 4344 1396,

678 4354 727 4415 7,
766 4354 861 4417 qui
895 4354 1015 4418 ipse
1052 4367 1119 4402 ex
1156 4350 1451 4418 stephan„
1489 4348 1637 4416 apud
1674 4365 1830 4415 quem
1875 4351 1979 4403 hoc
2016 4351 2138 4403 loco
2176 4353 2379 4403 lacuna
2424 4357 2534 4415 est,
2579 4352 2790 4414 hausit;
2833 4352 3007 4404 verba
3050 4347 3265 4413 γίνεται

678 4419 742 4471 δὲ
776 4418 929 4483 παρὰ
963 4418 1033 4470 τὸ
1073 4415 1326 4483 Κέφαλος
1361 4433 1538 4484 usque
1574 4418 1648 4468 ad
1683 4417 1947 4482 μεγιςτάν
1987 4427 2116 4472 sunt
2149 4437 2219 4471 ex
2255 4422 2319 4474 Ε.
2355 4421 2430 4475 Μ.
2468 4421 2588 4484 686,
2623 4423 2707 4471 40.
2870 4420 2907 4470 1.
2949 4423 3011 4472 15
3046 4415 3266 4470 Πανέλ·

679 4487 847 4552 ληνες
882 4515 949 4523 -
988 4485 1197 4550 Ἀχαιοί
1231 4487 1267 4541 l.
1295 4488 1359 4538 18
1396 4502 1464 4538 ex
1502 4488 1582 4540 St.
1607 4488 1673 4538 Β.
1698 4490 1816 4551 500,
1844 4490 1889 4542 1.
2027 4489 2067 4543 1.
2105 4490 2168 4539 18
2207 4488 2275 4539 do
2309 4493 2580 4540 accentus
2614 4489 2974 4540 fluctuatione
3012 4488 3072 4538 in
3107 4484 3267 4552 εἴρην

682 4557 755 4611 cf.
792 4557 931 4607 Lob.
967 4556 1177 4607 Parall.
1217 4556 1331 4618 194,
1369 4554 1463 4606 sed
1496 4555 1868 4619 Herodianum,
1904 4562 1968 4608 ut
2005 4572 2072 4607 ex
2108 4557 2213 4608 hoo
2251 4556 2375 4608 loeo
2410 4562 2468 4607 et
2506 4573 2575 4608 ex
2601 4557 2872 4609 Choerob.
2898 4557 3048 4607 Diet.
3073 4556 3154 4613 69,
3183 4557 3266 4617 17,

678 4625 777 4674 ubi
814 4624 882 4675 de
919 4623 1202 4675 declinata
1236 4623 1392 4674 vocis
1427 4624 1560 4690 agit,
1600 4629 1849 4690 apparet,
1884 4625 2217 4677 vocabulum
2244 4631 2615 4690 paroxytonos
2648 4626 2887 4692 scripsit.
2934 4624 3001 4675 In
3026 4622 3268 4676 Glossar.

681 4692 953 4744 Herodoti
989 4692 1074 4744 ed.
1110 4691 1310 4744 Franz.
1349 4707 1403 4759 p.
1440 4692 1540 4743 608
1576 4692 1714 4742 nihil
1750 4691 1957 4744 diserte
1996 4694 2062 4744 de
2101 4693 2371 4759 simplicis
2407 4689 2565 4759 είρὴν
2603 4693 2730 4760 (sic)
2776 4698 3014 4745 accentu
3060 4691 3266 4758 praeci-

682 4761 851 4827 pitur,
888 4760 986 4812 sed
1020 4759 1087 4812 de
1126 4761 1430 4827 composito
1464 4764 1706 4810 tantum:
1746 4759 2070 4825 βαρυτόνως
2105 4759 2175 4811 τὸ
2214 4758 2476 4827 μελείρην
2514 4761 2702 4828 ὥςπερ
2728 4759 2957 4825 πυθμήν
2980 4758 3265 4824 ἀπύθμην,

680 4826 863 4947 αὐχῖιίν
897 4827 1174 4949 ὑψίιέιχτῖιέ.
1308 4829 1349 4880 1.
1388 4831 1451 4880 19
1486 4826 1667 4893 αὐχήν
1702 4825 1968 4895 ἑριαύχην
2002 4829 2193 4880 addidi
2229 4845 2296 4880 ex
2322 4831 2566 4898 Theogn.
2597 4834 2712 4897 133,
2747 4833 2797 4895 5,
2835 4828 2940 4894 ῥήν
2977 4827 3267 4892 πολύρρην

684 4912 750 4946 ex
847 4913 934 4947 on.
1038 4934 1053 4960 ,
1160 4940 1172 4954 .
