3664 5546
225 4459 337 4499 mine
365 4459 492 4499 Aelii.

525 340 571 386 x
1259 317 1266 323 ’
1605 339 2018 387 ΡιιΑΕιῡΑΤιο.

522 492 938 557 Heraclidem
982 492 1156 556 idem
1203 493 1283 557 de
1329 493 1539 573 ςύριγξ
1584 492 1834 557 dixisse
1878 494 2243 579 suspicetur
2297 504 2492 580 atque
2548 519 2743 582 quum
2790 496 2948 561 haee
2989 521 3091 562 no·

523 595 684 659 tatio
742 595 912 660 inter
965 594 1418 659 Herodianeas
1475 605 1540 659 et
1595 595 2019 660 Heraclideas
2075 595 2168 661 ita
2210 597 2427 683 posita
2484 597 2605 680 sit,
2662 606 2735 663 ut
2789 609 2901 663 aut
2955 598 3091 663 illas

522 695 782 762 claudat
826 707 940 761 aut
984 698 1100 761 has
1133 696 1432 782 incipiat,
1478 697 1791 763 Larcheri
1839 699 2190 783 explicatio
2237 720 2391 763 sane
2420 722 2551 765 non
2581 700 2935 765 reiicienda
2977 711 3094 782 est,

520 800 645 864 nisi
692 802 861 864 forte
905 800 1118 886 potius
1163 798 1232 862 in
1278 798 1357 861 E.
1393 799 1657 864 Orionis
1705 801 1913 867 οὕτως
1945 802 2354 882 Ἡρακλείδης
2397 824 2437 866 a
2467 802 2904 889 subsequente
2949 803 3095 868 arti-

521 902 668 968 culo
716 902 800 966 ad
845 901 1374 987 praecedentem,
1419 903 1490 967 id
1534 903 1708 989 quod
1754 903 1822 965 in
1853 902 2329 988 Etymologieis
2363 905 2621 990 saepius
2667 905 2915 970 factum
2960 927 3095 971 esse

520 1006 791 1085 seimuS,
839 1004 1180 1067 aberrasse
1225 1026 1461 1069 sumas.
1538 1004 1878 1069 Interdum
1910 1004 2272 1070 Herodiani
2315 1028 2549 1070 nomen
2594 1016 2971 1093 corruptum
3001 1017 3098 1071 est

520 1129 604 1171 ex
649 1105 950 1170 Erotiani
996 1114 1069 1169 ut
1114 1105 1181 1167 in
1225 1104 1303 1168 E.
1335 1106 1424 1170 M.
1460 1107 1559 1185 87,
1606 1107 1646 1171 3
1692 1107 2089 1186 Ἡρωδιανὸς
2136 1108 2206 1173 ἐν
2250 1116 2341 1193 τῷ
2389 1110 2534 1188 περὶ
2579 1109 2926 1189 ἐξηγήςεως
2969 1115 3095 1175 τῶν

520 1210 755 1276 λέξεων
809 1207 1264 1286 Ἱπποκράτους
1329 1208 1413 1272 cf.
1472 1209 1529 1273 I.
1574 1207 1772 1272 Klein
1828 1208 2130 1273 Erotiani
2188 1232 2424 1274 vocum
2483 1209 3097 1296 Hippocratiearum

520 1307 771 1376 collect.
818 1331 881 1394 p.
917 1307 1015 1391 X,
1062 1309 1236 1394 quod
1282 1310 1454 1395 fugit
1497 1308 1562 1374 la
1591 1309 1914 1374 Roehium
1957 1309 2129 1374 hunc
2175 1309 2413 1376 librum
2441 1312 2615 1375 inter
2646 1312 3092 1379 Herodianeos

516 1413 929 1476 referentem.
1019 1411 1099 1475 In
1143 1411 1223 1475 E.
1267 1412 1359 1477 M.
1407 1412 1552 1495 755,
1598 1414 1678 1475 41
1725 1413 2121 1492 Ἡρωδιανὸς
2176 1416 2247 1478 δὲ
2304 1415 2472 1490 λέγει
2530 1418 3100 1496 καταμεμψάμενος

517 1515 938 1594 Λυκόφρονος
989 1511 1430 1578 Valkenarius
1497 1524 1563 1578 et
1629 1513 2063 1579 Ruhnkenius
2129 1537 2247 1600 pro
2314 1516 2706 1595 Ἡρωδιανὸς
2773 1539 2808 1580 e
2875 1516 3099 1582 codiee

515 1615 825 1680 Leidensi
880 1615 1245 1694 Ἡρακλέων
1303 1616 1504 1682 scribi
1557 1616 1786 1681 iubent
1843 1615 1926 1680 ef.
1988 1615 2302 1682 Schmidt.
2354 1618 2618 1704 Didym.
2678 1640 2742 1703 p.
2787 1617 2871 1681 46
2916 1640 3097 1703 seqq.

517 1716 934 1798 Quibusdam
978 1715 1137 1781 loeis
1168 1719 1541 1798 Ζηνόδοτος
1584 1741 1701 1805 pro
1733 1719 2128 1798 Ἡρωδιανός
2175 1719 2488 1806 seriptum
2532 1719 2797 1785 videtur
2841 1729 2907 1783 et
2952 1740 3096 1783 eon-

515 1831 645 1899 tra,
714 1817 794 1882 de
849 1840 980 1905 qua
1041 1842 1112 1883 re
1166 1819 1306 1884 dixi
1363 1822 1432 1884 in
1488 1818 1724 1886 Philol.
1783 1819 1960 1885 XXI
2014 1844 2077 1906 p.
2136 1822 2260 1886 358
2318 1844 2495 1907 seqq.
2559 1858 2643 1869 —-
2707 1816 3099 1902 Ἡλιόδωρος

513 1922 760 2008 positus
807 1930 908 1984 est
951 1943 1067 2006 pro
1113 1922 1505 2002 Ἡρωδιανός
1547 1922 1615 1984 in
1661 1921 1741 1985 Ε.
1774 1922 1949 1987 Gud.
1987 1924 2135 2005 240,
2182 1923 2264 1988 32
2309 1925 2719 2009 ἀλιτόβατον,
2766 1923 2943 2010 quod
2985 1924 3097 1988 ad-

511 2029 956 2088 notamentum
1002 2046 1086 2088 ex
1131 2021 1207 2087 Il.
1253 2023 1438 2087 Pros.
1487 2025 1538 2088 Ο
1583 2023 1709 2088 619
1765 2024 2159 2089 translatum
2214 2036 2333 2090 est.
2422 2028 2711 2092 Ἡςίοδος
2767 2027 2836 2089 in
2879 2026 2959 2091 E.
3004 2027 3096 2091 M.

510 2128 654 2209 557,
701 2130 783 2195 56
830 2128 1021 2194 λάταξ
1065 2126 1133 2188 in
1177 2126 1569 2204 Ἡρωδιανός
1613 2126 1999 2191 mutandum
2054 2150 2193 2191 esse
2249 2129 2618 2214 suspicatur
2662 2127 3096 2193 Ruhnkenius

515 2254 615 2317 ep.
663 2231 803 2295 erit.
852 2230 885 2293 Ι
931 2228 1010 2292 67
1057 2238 1266 2308 recte,
1313 2249 1465 2292 nam
1509 2227 1682 2292 idem
1728 2228 2011 2292 refertur
2056 2251 2095 2292 a
2139 2228 2459 2295 Choerob.
2493 2230 2639 2310 304,
2686 2229 2769 2293 26
2814 2231 2882 2293 in
2930 2231 3092 2309 loce,

514 2335 625 2419 qui
670 2330 1093 2396 Herodianea
1135 2329 1444 2395 continet.
1488 2368 1572 2377 —
1615 2328 1695 2392 In
1739 2329 1818 2392 E.
1869 2329 2174 2394 Gudiano
2220 2331 2366 2412 328,
2413 2332 2497 2394 29
2543 2332 2659 2395 Ori
2702 2352 2937 2395 nomen
2982 2354 3095 2415 po-

512 2435 712 2499 situm
758 2443 857 2498 est
899 2452 1017 2519 pro
1063 2454 1170 2514 eo,
1218 2431 1390 2517 quod
1431 2442 1678 2497 rectum
1710 2430 1998 2510 videtur,
2045 2433 2438 2512 Ἡρωδιανός
2478 2433 2548 2494 in
2577 2433 2655 2496 E.
2690 2431 2779 2496 M.
2811 2431 2958 2511 529,
2998 2430 3093 2509 15,

513 2558 642 2622 qua
699 2535 781 2599 de
836 2557 907 2598 re
964 2533 1103 2598 dixi
1157 2534 1224 2596 in
1278 2532 1515 2598 Philol.
1563 2532 1773 2597 XVII
1816 2557 1881 2618 p.
1931 2532 2072 2597 722.
2163 2532 2388 2620 Neque
2443 2525 2704 2597 Orionis
2761 2554 2996 2597 nomen
3055 2553 3096 2595 a

511 2637 968 2703 commixtione
1026 2657 1173 2700 eum
1230 2634 1606 2700 Herodiano
1676 2646 2053 2723 exemptum
2118 2645 2238 2700 est.
2339 2635 2419 2699 In
2473 2636 2552 2700 E.
2600 2635 2690 2700 M.
2736 2633 2897 2717 463,
2945 2635 2982 2699 7
3040 2656 3092 2697 s.

514 2741 773 2820 ἰάλεμος
817 2739 1258 2825 subscriptum
1306 2746 1405 2802 est
1449 2740 1620 2805 οὕτω
1651 2740 1998 2807 Φιλόξενος
2027 2742 2174 2820 περὶ
2205 2741 2738 2824 μονοςυλλάβων,
2784 2739 2871 2805 ὥς
2902 2759 3093 2819 φηςιν

513 2842 743 2921 Ὠρίων
789 2864 990 2927 quum
1032 2841 1101 2905 in
1146 2840 1224 2904 E.
1273 2839 1449 2904 Gud.
1495 2841 1642 2920 269,
1689 2842 1728 2905 8
1775 2840 1940 2905 nihil
1996 2842 2122 2903 nisi
2168 2843 2373 2907 οὕτως
2419 2843 2810 2922 Ἡρωδιανός
2857 2848 3089 2905 exstet.

511 2945 591 3008 In
633 2944 716 3007 E.
766 2942 1028 3008 Orionis
1075 2966 1205 3008 vox
1251 2943 1509 3022 ἰάλεμος
1553 2964 1686 3006 non
1732 2939 2005 3025 legitur,
2065 2943 2179 3005 sed
2234 2964 2432 3027 quum
2492 2941 2735 3006 similia
2788 2941 2910 3004 sub
2953 2942 3095 3016 ἵηος

509 3045 960 3132 proferantur,
1019 3065 1185 3128 quae
1241 3042 1726 3106 Herodianeam
1786 3043 2105 3125 originem
2170 3041 2486 3126 produnt,
2555 3042 2837 3105 fortasse
2902 3037 3095 3124 plena

512 3143 909 3227 subscriptio
956 3142 1084 3204 fuit
1128 3141 1299 3206 οὕτω
1343 3144 1689 3209 Φιλόξενος
1733 3145 1880 3221 περὶ
1926 3143 2453 3222 μονοςυλλάβων,
2514 3142 2600 3206 ὥς
2656 3163 2846 3221 φηςιν
2892 3141 3091 3220 Ἡρω-

511 3246 744 3310 διανός.
845 3244 1054 3308 οὕτως
1109 3241 1356 3320 Ὠρίων.
1454 3241 1824 3306 Identidem
1881 3242 2200 3307 Herodoti
2256 3263 2490 3305 nomen
2548 3264 2668 3327 pro
2726 3240 3092 3305 Herodiani

510 3346 863 3432 reperitur:
921 3344 990 3405 in
1043 3342 1124 3407 Ε.
1170 3343 1258 3408 M.
1311 3343 1460 3424 724,
1506 3343 1591 3407 32
1635 3345 1986 3424 Ἡρόδοτος
2044 3347 2242 3427 λέγει,
2300 3344 2396 3408 ὅτι
2451 3345 2606 3408 τοὺς
2650 3345 2897 3423 πυροὺς
2942 3365 3092 3408 ςπυ-

511 3450 666 3530 ροὺς
714 3449 1004 3525 λέγουςιν
1049 3445 1111 3510 οἱ
1158 3445 1567 3524 (υρακούςιοι
1612 3445 1740 3507 iam
1772 3444 2081 3530 Stephan.
2130 3448 2197 3508 in
2240 3444 2559 3508 Thesaur.
2591 3444 2736 3507 Ind.
2785 3445 2852 3506 in
2892 3446 3092 3524 Ἡρωὲ

511 3551 728 3616 διανός
773 3546 1156 3613 mutandum
1203 3569 1347 3610 esse
1390 3545 1590 3628 vidit3
1635 3545 1715 3608 Ε.
1750 3545 1928 3611 Gud.
1967 3546 2107 3627 156,
2152 3546 2235 3609 49
2278 3566 2395 3632 pro
2441 3547 2611 3612 ἑάων
2659 3546 2695 3610 ὁ
2728 3546 3093 3624 Ἡρώδοτος

511 3649 1041 3716 substituendum
1086 3658 1184 3713 est
1228 3648 1648 3727 Ἡρωδιανός,
1704 3648 1863 3711 item
1908 3648 1975 3711 in
2018 3647 2095 3711 E.
2144 3648 2317 3712 Gud.
2363 3648 2479 3729 83,
2525 3647 2605 3711 51
2663 3657 2730 3711 et
2772 3646 2932 3726 232,
2977 3647 3091 3728 42;

511 3752 628 3818 sed
673 3754 740 3815 in
786 3751 1106 3837 Hesychii
1149 3749 1237 3835 gl.
1285 3751 1578 3816 θύεςτον·
1633 3751 1840 3815 ποτὸν
1897 3752 1973 3815 τὸ
2028 3749 2158 3815 ἀπὸ
2205 3750 2562 3829 ἀρωμάτων
2610 3751 2698 3814 ὡς
2743 3750 3092 3826 Ἡρόδοτος

511 3856 650 3919 iure
707 3853 917 3917 reiicit
974 3851 1376 3917 Schmidtius
1435 3850 1520 3915 ad
1563 3850 1625 3914 h.
1674 3849 1762 3936 gl.
1809 3860 1876 3915 et
1934 3850 2019 3914 ad
2063 3856 2294 3931 τρῖμμα
2337 3848 2713 3914 Ruhnkenii
2767 3850 3092 3913 coniectu-

510 3978 648 4020 ram
705 3956 1125 4037 Ἡρωδιανὸς,
1193 3976 1345 4017 nam
1401 3953 1817 4018 Herodianus
1874 3975 2194 4038 nusquam
2258 3953 2340 4016 ab
2400 3947 2729 4035 Hesychio
2786 3949 3095 4014 laudatur

509 4058 638 4121 nisi
700 4058 771 4120 in
839 4055 1202 4120 Prooemio.
1299 4055 1511 4119 Versa
1574 4053 1719 4118 vice
1778 4053 2141 4118 Herodiani
2205 4075 2444 4116 nomen
2495 4051 2816 4116 Herodoti
2884 4050 3094 4114 locum

510 4158 858 4244 occupavit
900 4156 979 4221 E.
1025 4156 1116 4221 M.
1163 4157 1234 4237 9,
1287 4158 1356 4238 13
1401 4157 1558 4237 279,
1605 4156 1721 4237 39,
1777 4156 1933 4219 item
1990 4178 2092 4241 ap.
2142 4155 2236 4220 St.
2286 4155 2361 4218 B.
2408 4154 2569 4218 haec
2616 4154 2879 4217 nomina
2922 4175 3091 4216 eom-

513 4260 887 4323 miscentur.
976 4258 1061 4322 ef.
1109 4258 1409 4322 Bastium
1453 4268 1602 4344 post
1647 4257 1926 4341 Gregor.
1972 4281 2033 4344 p.
2084 4258 2227 4322 812.

681 4364 720 4440 ξ
764 4358 824 4421 4.
930 4358 1104 4423 Aelii
1160 4381 1557 4444 praenomen
1614 4358 1991 4423 Herodiano
2049 4359 2254 4423 fuisse
2311 4368 2493 4443 patet
2549 4380 2629 4421 ex
2690 4354 2879 4421 titulo
2938 4354 3093 4420 libri

511 4462 658 4540 περὶ
703 4463 1026 4541 μονήρους
1083 4463 1342 4544 λέξεως,
1399 4462 1503 4525 eui
1548 4460 1751 4525 verba
1793 4462 2009 4527 Αἰλίου
2054 4463 2453 4542 Ἡρωδιανοῦ
2508 4461 2577 4522 in
2631 4458 2855 4523 codice
2910 4479 3093 4543 prae-

511 4563 877 4628 mittuntur.
965 4562 1044 4627 In
1091 4562 1339 4627 Aneed.
1385 4563 1509 4628 Ox.
1556 4562 1653 4626 IV
1696 4563 1820 4627 338
1866 4562 2302 4647 fragmentum
2348 4561 2668 4647 reperitur
2710 4558 3093 4644 inscriptum

513 4666 659 4742 περὶ
712 4664 983 4731 ἀκλίτων
1041 4665 1338 4744 ῥημάτων
1393 4665 1610 4731 Αἰλίου
1654 4666 2083 4747 Ἡρωδιανοῦ,
2139 4662 2313 4749 quod
2368 4662 2435 4724 in
2492 4661 2721 4725 Hortis
2769 4658 3090 4724 Adonidis

513 4763 703 4829 Aelio
746 4765 1065 4851 Dionysio
1111 4767 1487 4850 assignatur
1544 4765 1791 4852 pariter
1847 4776 2042 4851 atque
2098 4763 2367 4848 scriptio
2423 4764 2565 4842 περὶ
2622 4762 3091 4840 ἐγκλινομένων
