3664 5546
654 378 738 443 86
1591 376 1673 433 ΕΚ
1711 378 1852 432 ΤΩΝ
1895 378 2303 433 ΗΡΩΔΙΑΝΟΥ

654 550 1010 631 Τευμηςςός
1063 550 1513 631 Τευμηςςίς·
1570 551 1646 616 τὸ
1702 550 1871 617 ἄςις
1926 549 2264 615 ἀντίκειται
2314 551 2585 631 «τόςςην
2633 552 2696 617 οἱ
2739 551 2879 619 ἄςιν
2925 553 3248 633 ἐφύπερθε

654 654 967 732 καλύψω»
1013 653 1100 735 (Φ
1143 652 1325 734 321)·
1372 653 1714 718 ὑποπίπτει
1757 654 1882 732 γὰρ
1926 653 2125 738 ἑτέρῳ
2171 653 2421 719 κανόνι·
2466 655 2545 718 τὰ
2590 654 2694 719 ἐπὶ
2736 659 2854 720 τοῦ
2899 648 3099 736 αύτόῡ
3142 657 3247 732 γέ-

654 776 811 820 νους
865 755 1489 837 παραλαμβανόμενα
1543 757 1645 821 καὶ
1696 755 1898 821 ταύτά
1956 754 2343 835 ςημαίνοντα
2385 755 2692 837 ὁμοτονεῖ
2747 757 2925 838 φήμη
2978 763 3248 842 φῆμις,

654 856 771 936 ἄςη
817 855 998 922 ἄςις.

593 984 627 1036 5
826 977 920 1041 Τὰ
965 977 1053 1043 εἰς
1109 981 1164 1041 ι“ς
1217 979 1670 1058 πατρωνυμικὰ
1725 978 1764 1056 ἢ
1809 978 2017 1044 τύπον
2074 977 2311 1058 ἔχοντα
2356 983 2864 1060 πατρωνυμικῶν
2910 979 3248 1048 ὀξύνονται

653 1078 1019 1161 Πριαμίς,
1064 1079 1474 1173 Τανταλίς,
1522 1081 1908 1160 Τυνδαρίς
1950 1080 1990 1158 ἡ
2035 1085 2152 1145 τοῦ
2196 1081 2575 1164 Τυνδάρεω,
2622 1081 3049 1165 Ἑλικωνίς,
3104 1084 3244 1148 Αὐ-

656 1181 907 1263 ςονίς,
967 1182 1358 1265 Βιςτονίς,
1413 1182 1792 1265 Ἀβαντίς,
1849 1182 2214 1251 Εὐξαντίς
2271 1184 2419 1248 καθ’
2480 1182 2707 1264 ὕφεςιν
2765 1189 2883 1250 τοῦ
2928 1189 2972 1249 ἆ
3018 1185 3086 1251 ἐκ
3129 1189 3247 1251 τοῦ

654 1283 1008 1378 Εὐξαντιάς.

826 1404 921 1468 Τὰ
964 1405 1053 1471 εἰς
1097 1409 1151 1470 ι’(
1197 1405 1645 1484 ύποκοριςτικὰ
1691 1403 1927 1483 ἔχοντα
1972 1405 2042 1469 ἐν
2095 1403 2256 1471 ἴςαις
2302 1407 2642 1484 ςυλλαβαῑς
2696 1407 2811 1484 τὴν
2856 1410 3248 1487 παραγωγὴν

557 1518 621 1570 10
656 1504 979 1590 ὀξύνεται,
1026 1508 1529 1591 θεραπαινίς,
1575 1507 1902 1590 ἑταιρίς,
1961 1507 2194 1586 λυρίς.
2283 1508 2359 1572 τὸ
2407 1508 2479 1571 δὲ
2536 1505 2732 1587 Ἶφις
2786 1506 2917 1574 ἀπὸ
2972 1513 3088 1574 τοῦ
3144 1508 3247 1590 ἶφι

653 1607 1007 1687 γενόμενον
1054 1610 1406 1690 βαρύνεται.

825 1728 918 1792 Τὰ
974 1729 1064 1793 εἰς
1117 1733 1171 1793 ῖς
1228 1728 1718 1810 ἐςχηματιςμένα
1780 1707 1914 1795 ἀπὸ
1985 1727 2358 1808 βαρυτόνων
2405 1728 2778 1808 μελλόντων
2832 1730 2872 1808 ἢ
2943 1732 3247 1811 δευτέρου

655 1831 1010 1908 προςώπου
1054 1836 1170 1897 τοῦ
1214 1835 1564 1910 παθητικοῦ
1609 1831 2081 1912 παρακειμένου
2126 1831 2513 1910 βαρύνονται
2571 1833 2672 1895 καὶ
2730 1833 3130 1898 ςυςτέλλουςι
3175 1837 3252 1902 τό

655 1935 708 2013 ἶ,
752 1933 999 2011 ποιήςω
1054 1933 1397 2015 ποίηςις,
1453 1935 1684 2008 γνώςω
1748 1937 2072 2014 γνῶςις,
2136 1932 2405 2010 πράξω
2472 1936 2794 2016 πρᾶξις,
2861 1933 3004 2001 ἕξω
3062 1935 3248 2018 ἕξις,

561 2045 623 2096 15
658 2034 889 2112 μέμψω
956 2034 1273 2118 μέμψις,
1341 2036 1502 2102 λέξω
1571 2036 1804 2102 λέξις·
1875 2034 2047 2099 οὕτω
2101 2035 2205 2098 καὶ
2260 2032 2413 2113 ἅψω
2470 2034 2660 2114 ἅψις
2719 2034 3000 2116 ὤφειλεν
3055 2037 3248 2104 εἶναι·

656 2134 810 2199 ὅθεν
866 2135 1156 2202 Ἣςίοδος
1221 2137 1719 2216 ἀναλογώτερον
1786 2134 1970 2201 εἶπεν
2035 2136 2190 2215 ἅψις
2249 2137 2617 2216 βαρυτόνως
2676 2138 3126 2218 «τριςπίθαμον
3182 2141 3252 2204 δ’

657 2236 818 2316 ἄψιν
863 2237 1123 2319 τάμνειν
1169 2240 1514 2323 δεκαδώρῳ
1559 2238 1802 2323 ἁμάξῃ»
1849 2240 1978 2324 (op.
2008 2236 2181 2319 424).
2248 2236 2416 2302 ἔςτιν
2459 2237 2578 2303 οὖν
2609 2238 2812 2304 εἰπεῖν
2857 2239 2985 2323 ὅτι,
3031 2242 3250 2322 ἐπειδὴ

654 2341 730 2405 τό
777 2339 962 2420 ἁψίς
1009 2342 1267 2407 ἐκτείνει
1311 2343 1386 2407 τὸ
1436 2345 1491 2423 ἶ,
1539 2341 1630 2407 ὡς
1677 2345 1867 2420 δηλοῖ
1909 2342 1985 2406 τὸ
2034 2342 2158 2421 «μή
2203 2362 2343 2406 πως
2390 2340 2480 2405 ὡς
2525 2339 2706 2419 ἁψῑςι
2749 2341 2932 2407 λίνου
2972 2342 3247 2410 ἁλόντε»

659 2439 765 2525 (11.
812 2444 856 2508 Ε
897 2441 1087 2527 487),
1132 2444 1371 2509 τούτου
1415 2444 1601 2523 χάριν
1647 2444 1749 2508 καὶ
1793 2442 2100 2510 ὀξύνεται.

552 2570 621 2622 20
823 2584 862 2620 x·
910 2561 1004 2626 Τά
1048 2563 1137 2628 εἰς
1177 2549 1281 2645 Esc-
1317 2564 1661 2642 διςύλλαβα
1705 2562 1996 2630 ὀξύνεται
2042 2562 2081 2640 ἢ
2129 2562 2494 2643 βαρύνεται·
2541 2562 2645 2626 καὶ
2674 2561 2967 2628 ὀξύνεται
3010 2566 3127 2643 μὲν
3170 2568 3251 2631 τὰ

653 2664 1009 2744 παρώνυμα
1054 2663 1200 2730 οἷον
1259 2665 1479 2745 λαβίς
1535 2666 1711 2743 παρὰ
1768 2665 1845 2730 τὸ
1903 2666 2064 2744 λαβή
2121 2665 2223 2729 καὶ
2267 2664 2588 2728 ἐπιθετικὰ
2646 2662 2791 2729 οἷον
2836 2663 3104 2746 Λεςβίς
3149 2670 3252 2732 καὶ

655 2766 1018 2834 ἐκτείνοντα
1061 2770 1137 2834 τὸ
1180 2771 1215 2833 ἶ
1268 2767 1413 2834 οἷον
1463 2768 1760 2849 βαλβίς·
1805 2768 1886 2832 τὰ
1917 2768 2101 2847 δὲμὴ
2134 2765 2342 2832 οὕτως
2375 2764 2613 2845 ἔχοντα
2645 2766 3013 2852 βαρύνεται,
3059 2767 3249 2853 ἶβις,

653 2870 910 2952 Ἄρβις
963 2872 1251 2950 ποταμὸς
1309 2872 1565 2949 Ἰνδικῆς
1622 2872 1723 2934 καὶ
1778 2869 1995 2936 ἔθνος·
2066 2870 2315 2945 λέγεται
2375 2869 2446 2932 δὲ
2512 2869 2616 2932 καὶ
2672 2868 2944 2949 Ἀραβις.
3037 2871 3250 2951 Νίβις

655 2972 842 3038 πόλις
885 2973 1237 3057 Αἰγύπτου,
1283 2972 1553 3049 Φλέγων
1598 2972 1696 3051 ρμ’
1744 2971 2153 3054 Ὀλυμπιάδι,
2199 2970 2434 3050 Τάβις
2478 2971 2665 3035 πόλις
2711 2971 3015 3052 Ἀραβίας.
3078 2973 3247 3038 Ἑκα-

554 3093 620 3143 25
655 3078 838 3142 ταῑος
880 3076 1241 3154 περιηγήςει
1286 3074 1626 3151 Αἰγύπτου.
1719 3074 2010 3154 Νάρβις
2070 3072 2373 3151 Ἰλλυρίας
2428 3072 2631 3137 πόλις.
2719 3072 3009 3154 Ζόμβις
3062 3076 3249 3140 πόλις

655 3181 768 3256 τῆς
826 3176 1088 3256 Μηδίας.
1179 3176 1457 3257 Χέμβις
1518 3179 1711 3254 νῆςος
1779 3175 1850 3240 ἐν
1912 3177 2178 3256 Βουτοῖ,
2238 3176 2329 3240 ὡς
2383 3173 2707 3239 Ἑκαταῖος
2764 3175 2834 3240 ἐν
2890 3180 3250 3257 περιηγήςει

655 3279 978 3356 Αἰγύπτου
1025 3279 1137 3343 «ἐν
1184 3280 1418 3343 Βουτοῖ
1460 3279 1606 3357 περὶ
1636 3280 1712 3344 τὸ
1743 3277 1921 3356 ἱερὸν
1952 3281 2064 3354 τῆς
2094 3276 2339 3354 Λητοῦς
2371 3275 2495 3340 ἐςτι
2539 3279 2732 3353 νῆςος
2765 3277 2991 3358 Χέμβις
3022 3279 3250 3362 ὄνομα,

656 3381 759 3460 ἱρὴ
803 3385 921 3445 τοῦ
967 3380 1406 3446 Ἀπόλλωνος·
1453 3381 1580 3445 ἔςτι
1626 3381 1697 3444 δὲ
1739 3378 1778 3457 ἡ
1825 3380 2019 3455 νῆςος
2063 3378 2356 3460 μεταρςίη
2404 3380 2505 3441 καί
2538 3378 2862 3457 περιπλέει
2908 3382 3010 3445 καὶ
3054 3382 3248 3447 κινέε-

659 3503 759 3548 ται
804 3482 909 3547 ἐπὶ
951 3486 1068 3548 τοῦ
1113 3483 1406 3548 ὕδατος».

558 3619 625 3672 30
829 3601 923 3666 Τὰ
976 3601 1065 3667 εἰς
1112 3590 1218 3683 βἰἷ
1249 3602 1757 3681 ὑπερδιςύλλαβα
1802 3599 2091 3666 ὀξύνεται
2136 3599 2175 3677 ἢ
2206 3600 2792 3679 προπαροξύνεται·
2838 3599 3126 3668 ὀξύνεται
3171 3604 3249 3667 τὰ

658 3704 1013 3784 παρώνυμα
1067 3706 1171 3769 καὶ
1225 3703 1575 3784 ἑπιθετικά,
1634 3702 1930 3785 Νιοβίς,
1986 3701 2402 3784 Λυκαμβίς,
2458 3702 2922 3785 Περραιβίς,
2993 3704 3246 3768 Κανω-

662 3807 805 3890 βίς,
872 3807 1244 3888 Ἐρεμβίς,
1300 3805 1687 3884 Τορρηβίς
1760 3804 1874 3868 «ἐν
1930 3806 2002 3869 δὲ
2057 3811 2134 3890 τῇ
2190 3804 2527 3884 Τορρηβίδι
2585 3805 2750 3871 ἐςτὶν
2805 3805 2961 3885 ὄρος
3021 3807 3248 3886 Κὰριος

661 4084 783 4135 θῶν
818 4083 998 4146 fluxit,
1035 4086 1089 4132 et
1127 4076 1444 4162 Τευμηςςός
1483 4074 1785 4161 Τευμηςςίς
1822 4094 1889 4128 ex
1926 4077 2115 4144 Steph.
2154 4081 2214 4130 B.
2243 4081 2360 4140 506,
2398 4080 2448 4140 8,
2485 4079 2580 4159 πδί
2605 4094 2739 4162 ‘ct‘nn
2774 4076 3086 4167 Παρναςςίς
3107 4098 3248 4131 oom-

661 4142 2390 4283 {K'ffffiabro¹413p1⁰23335⁶1311,3¹¹394‚23³112⁶e3{03‡{<.¹³·
2431 4146 2621 4266 ‘³‘1¹.‘¹¹1‘¹3¹
2661 4145 3248 4269 &mcffi'ss‘exxzffssei

659 4291 692 4340 's
730 4288 910 4339 adieci
946 4303 1013 4338 ex
1050 4286 1112 4336 E.
1151 4288 1225 4335 M.
1269 4284 1380 4346 183,
1416 4286 1498 4348 41,
1536 4284 1680 4334 unde
1721 4284 1888 4332 etiam
1926 4281 1962 4332 l.
2005 4285 2064 4333 15
2100 4282 2255 4334 οὕτω
2305 4282 2397 4334 καί
2433 4281 2566 4346 ἅψω
2603 4283 2733 4347 ἅψις
2770 4301 2943 4350 usque
2981 4285 3051 4336 ad
3088 4284 3249 4337 finem

665 4357 792 4407 dedi
839 4373 936 4422 pro
980 4353 1202 4405 Arcadii
1247 4353 1457 4403 verbis:
1513 4351 1582 4403 τὸ
1628 4350 1688 4403 δὲ
1733 4348 1868 4414 ἁψίς
1915 4349 2279 4416 ςεςημείωται
2335 4351 2548 4415 μακρὸν
2609 4353 2740 4415 ἔχον
2794 4352 2865 4403 τὸ
2902 4356 2952 4417 ἶ,
2999 4355 3249 4404 inserens

666 4430 978 4491 praeterea:
1026 4420 1105 4474 ὡς
1141 4421 1299 4487 δηλοῖ
1336 4420 1405 4471 τὸ
1441 4419 1550 4484 «μή
1582 4434 1707 4472 πως
1745 4417 1823 4471 ὡς
1862 4417 2014 4482 ἁψίςι
2051 4416 2208 4471 λίνου
2245 4418 2486 4472 ἁλόντε»
2520 4437 2588 4471 ex
2625 4421 2877 4471 Eustath.
2916 4424 2999 4484 26,
3035 4423 3118 4483 37,
3158 4423 3250 4487 qui

665 4492 969 4544 Herodiani
1021 4495 1376 4557 praeceptum
1428 4490 1626 4552 refert,
1684 4489 1934 4553 quamvis
1990 4505 2179 4554 parum
2234 4494 2522 4552 accurate,
2580 4495 2638 4540 ut
2682 4490 2892 4540 monuit
2936 4489 3128 4540 Lehrs.
3178 4490 3248 4540 ad

665 4562 850 4616 Dichr.
889 4577 941 4627 p.
981 4561 1097 4611 299.
1169 4559 1257 4608 Cf.
1296 4557 1490 4608 Choer.
1530 4557 1684 4610 Orth.
1727 4559 1852 4618 172,
1890 4559 1938 4608 5.
2149 4557 2185 4607 l.
2221 4560 2288 4606 20
2329 4557 2475 4607 hunc
2510 4574 2775 4608 canonem
2810 4558 2930 4624 ipse
2969 4560 3249 4623 composui

666 4635 889 4696 propter
921 4628 1030 4692 ἶβις
1065 4627 1253 4679 Diehr.
1290 4628 1407 4687 298,
1443 4629 1509 4677 20
1545 4631 1602 4675 et
1637 4625 1884 4690 Theogn.
1921 4627 2004 4687 47,
2041 4627 2123 4687 ⁸20,
2163 4621 2349 4689 βαλβίς
2375 4626 2563 4676 Diehr.
2589 4628 2704 4689 299,
2737 4629 2813 4688 11,
2851 4623 3041 4689 Λεςβίς
3080 4626 3159 4677 St.
3184 4627 3248 4676 B.

666 4702 714 4760 3,
761 4699 838 4764 18,
877 4696 1023 4747 unde
1059 4697 1228 4747 etiam
1265 4694 1478 4758 reliqua
1513 4698 1733 4758 sumpta
1770 4699 1926 4756 sunt,
1970 4691 2170 4758 Νάρβις
2207 4709 2293 4758 ap.
2334 4695 2412 4743 St.
2453 4693 2513 4743 Β.
2550 4696 2674 4758 469,
2716 4697 2777 4745 15
2813 4699 3083 4757 oxytonos
3119 4696 3247 4745 scri-

670 4771 823 4832 ptum
859 4773 963 4828 est,
1000 4765 1098 4816 sed
1133 4781 1222 4830 ap.
1249 4761 1400 4816 Suid.
1438 4764 1495 4812 in
1532 4761 1716 4827 glossa
1744 4778 1808 4812 ex
1837 4763 1916 4814 st.
1946 4760 2268 4828 deprompta
2296 4758 2523 4826 Νάρβις;
2562 4764 2693 4814 item
2716 4781 2768 4829 p.
2798 4765 2916 4824 297,
2942 4765 3009 4812 44
3040 4760 3247 4827 Ζομβίς

670 4834 970 4885 exhibitum
1018 4837 1104 4883 est
1148 4832 1315 4882 Mein.
1354 4827 1784 4896 paroxytonesin
1831 4829 2115 4880 suadente.
2186 4825 2341 4892 λαβίς
2388 4830 2445 4879 in
2481 4830 2639 4882 initio
2675 4832 2792 4897 ipse
2829 4830 3080 4897 apposui.

667 4902 704 4952 l.
739 4906 801 4954 31
849 4897 1148 4966 Περραιβίς
1190 4899 1422 4967 praebet
1466 4899 1634 4950 etiam
1680 4899 1760 4949 St.
1804 4900 1868 4950 B.
1911 4899 2039 4962 518,
2082 4901 2169 4962 17,
2219 4895 2468 4961 Κανωβίς
2515 4927 2581 4934 -
2626 4896 2897 4963 Τυρρηβίς
2943 4915 3012 4950 ex
3058 4899 3249 4951 eodem
