3664 5546
1161 422 1320 478 ΠΕΡΙ
1361 421 1754 477 ΚΑΘΟΛΙΚΗΕ
1790 421 2214 477 ΠΡΟΕΩιΔΙΑΕ
2251 422 2303 474 θ’.
2901 421 3021 486 163

598 621 638 659 x·
684 595 779 660 Τὰ
824 594 930 660 διὰ
972 585 1089 660 τοῦ
1133 582 1306 660 ειλ-ος
1350 594 1802 675 πολυςύλλαβα
1848 594 2113 659 ςύνθετα
2144 592 2274 659 ἀπὸ
2320 591 2641 674 ὀνόματος
2684 613 3020 673 προπαρο-

433 696 714 781 ξύνεται,
757 697 1189 781 τρίχειλος,
1235 696 1852 780 ἀγκυλόχειλος,
1896 696 2446 780 κροκόδειλος,
2492 695 2825 761 εὔειλος.

601 801 696 865 Τὰ
751 799 838 865 εἰς
890 787 1056 865 οἶός
1106 800 1268 879 ὑπὲρ
1314 800 1435 864 δύο
1492 800 1804 879 ςυλλαβὰς
1859 798 2035 863 ἁπλᾶ
2078 799 2262 878 κύρια
2305 800 2343 877 ἢ
2388 798 2822 878 προςηγορικὰ
2864 818 3022 877 προ-

434 904 889 985 παροξύνεται,
941 900 1234 967 Αἴολος
1277 902 1354 967 τὸ
1401 901 1653 967 ἐθνικὸν
1697 900 2067 981 ὁμοφώνως
2108 907 2203 984 τῷ
2259 901 2492 986 οἰκιςτῇ
2551 900 2641 966 ὡς
2686 900 3023 981 Θετταλός,

436 1005 690 1089 Ἰταλός,
734 1004 1102 1088 ἄςβολος,
1148 1003 1513 1087 εὔκολος,
1561 1004 1959 1086 διάβολος.
2004 1003 2345 1084 Ὅμολος
2389 1002 2544 1083 ὄρος
2574 1002 2939 1086 Θετταλίας,
2984 1002 3021 1068 ὃ
3066 1010 3099 1060 5

435 1107 537 1172 καὶ
579 1105 835 1187 Ὁμόλη.
925 1106 1313 1190 Νάκολος,
1356 1106 1743 1172 Ποτίολοι
1801 1105 1989 1171 πόλις
2031 1105 2417 1190 Τυρρηνίας,
2472 1105 2608 1185 ἥτις
2652 1107 2755 1170 καὶ
2796 1108 3021 1170 Δικαι-

436 1210 673 1289 άρχεια.
746 1208 1203 1288 αὐτόμολος
1246 1211 1349 1274 καὶ
1390 1209 1850 1289 Αύτόμολος
1893 1207 2081 1273 ἔθνος
2122 1207 2491 1273 Αἰθιοπικόν
2545 1207 2636 1273 ὡς
2696 1208 3024 1286 Ηρόδοτος

436 1313 702 1397 δευτέρᾳ
760 1313 846 1394 (ο.
891 1310 1002 1396 30)
1063 1314 1263 1376 «τοῖςι
1318 1313 1390 1376 δὲ
1443 1310 1861 1393 Αὐτομόλοιςι
1928 1310 2245 1375 τούτοιςιν
2310 1308 2519 1390 ὄνομα
2573 1308 2917 1393 Ἀςμάχην,
2985 1307 3023 1372 ὅ

436 1414 600 1480 ἐςτιν
647 1413 709 1479 οἱ
753 1413 817 1482 ἐξ
862 1412 1187 1493 ἀριςτερῆς
1231 1414 1444 1493 χειρὸς
1487 1413 1937 1493 παριςτάμενοι
1985 1412 2269 1494 βαςιλὲῖ».
2330 1412 2792 1493 Ἀμφίδολοι
2838 1412 3026 1476 πόλις

434 1520 547 1595 τῆς
590 1516 937 1596 Τριφυλίας
1002 1516 1106 1579 καὶ
1172 1514 1235 1580 οἱ
1292 1509 1554 1581 πολῖται
1611 1516 1853 1596 ὁμοίως
1910 1515 2001 1581 ὡς
2059 1514 2324 1594 Θούριοι
2382 1515 2484 1579 καὶ
2538 1514 2866 1594 Θαύμακοι
2923 1514 3026 1577 καὶ
3065 1521 3131 1574 10

435 1619 769 1684 Λεοντῖνοι
813 1619 917 1682 καὶ
957 1618 1232 1699 Δελφοί.
1304 1618 1379 1683 τὸ
1436 1619 1509 1683 δὲ
1553 1617 1826 1683 αἰόλος
1871 1616 1999 1683 εἴτε
2042 1617 2265 1696 κύριον
2311 1615 2437 1681 εἴτε
2482 1616 2776 1682 ἐπίθετον
2822 1635 3025 1694 παρο-

437 1720 704 1787 ξύνεται.
771 1721 871 1784 καὶ
915 1721 992 1785 τὸ
1039 1719 1431 1799 βουκόλος
1475 1720 1932 1803 παροξύνεται,
1977 1718 2074 1785 ὅτι
2119 1717 2250 1784 ἀπὸ
2283 1718 2576 1799 ῥήματος.
2620 1720 2697 1785 τὸ
2730 1721 2801 1783 δὲ
2847 1718 3026 1799 ὀβο-

439 1823 574 1888 λός
619 1822 925 1890 ὀξύνεται.
2467 1849 2470 1854 f

605 1925 700 1990 Τὰ
745 1924 850 1989 διὰ
889 1927 1007 1989 τοῦ
1037 1909 1195 1990 GE}
1237 1923 1618 2006 τριςύλλαβα
1661 1925 2095 2005 προςηγορικὰ
2137 1925 2178 2004 ἢ
2222 1924 2439 2007 κύρια,
2484 1924 2540 1989 εἰ
2583 1924 2849 2004 ἄρχοιτο
2894 1923 3025 1990 ἀπὸ

439 2027 623 2109 φύςει
670 2030 939 2110 μακρᾶς,
983 2026 1440 2110 παροξύνεται,
1497 2028 1903 2108 κρωβύλος
1946 2029 2049 2092 καὶ
2095 2026 2545 2111 Κρωβύλος,
2601 2028 2940 2114 κηρύλος
2986 2026 3126 2090 ὁ-15

437 2134 569 2195 τῶν
615 2127 951 2194 ἀλκυόνων
996 2128 1229 2212 ἄρρην,
1284 2127 1698 2213 Αἰςχύλος,
1754 2129 2185 2213 Ῥωμύλος,
2243 2128 2607 2213 (ιμύλος,
2660 2128 3024 2212 Ἡδύλος,

438 2230 912 2296 Τουςςύλος·
989 2231 1196 2296 οὕτως
1241 2229 1304 2295 οἱ
1351 2230 1693 2297 Κὰττουζοι
1739 2231 1868 2297 ὑπὸ
1916 2231 2141 2310 Καρῶν
2194 2230 2561 2297 ἐκαλοῦντο.
2651 2232 3025 2313 βαιτύλος

440 2332 478 2397 ὁ
523 2333 699 2398 λίθος
744 2333 822 2397 ὃν
866 2332 904 2397 ὁ
953 2332 1196 2411 Κρόνος
1239 2332 1572 2416 κατέπιεν,
1614 2334 2017 2418 Δημύλος,
2065 2331 2418 2415 βηθύλος.
2504 2333 2904 2413 ςεςημείωται
2947 2334 3025 2398 τὸ

441 2433 810 2518 Οἴτυλος,
853 2434 1026 2513 ἥρως
1069 2435 1172 2498 καὶ
1214 2433 1401 2500 πόλις
1445 2436 1807 2514 Λακωνικῆς
1855 2435 2003 2514 «ἠδ’
2048 2434 2370 2500 Οἴτυλον»
2416 2436 2494 2518 (Β
2537 2433 2708 2518 585).
2765 2435 3023 2515 ἄρχεται

437 2537 514 2602 τὸ
559 2536 767 2616 ὄνομα
811 2534 942 2600 ἀπὸ
985 2540 1098 2614 τῆς
1143 2538 1206 2599 ffi
1236 2535 1626 2619 διφθόγγου,
1686 2541 1894 2602 κακῶς
1937 2538 2009 2602 δὲ
2037 2536 2410 2615 Τυραννίων
2441 2536 2737 2617 οἰόμενος
2783 2538 3025 2618 ἄρθρον
3060 2548 3130 2600 20

441 2636 606 2704 εἶναι
650 2640 726 2702 τὸ
771 2636 840 2701 ffi
883 2638 985 2703 καὶ
1028 2639 1202 2717 παρὰ
1246 2639 1361 2717 τὴν
1407 2638 1741 2716 ςυνήθειαν
1784 2642 1902 2703 τοῦ
1946 2643 2218 2718 ποιητοῦ
2265 2637 2649 2719 ἁμαρτάνων
2706 2642 2807 2704 καὶ
2850 2640 3026 2719 παρὰ

437 2742 555 2820 τὴν
598 2738 912 2825 ἱςτορίαν,
970 2738 1101 2818 εἴγε
1146 2738 1354 2806 οὕτως
1398 2742 1551 2822 φηςὶ
1593 2742 1695 2806 καὶ
1738 2741 2098 2822 Φερεκύδης
2155 2744 2312 2806 «τοῦ
2367 2741 2440 2806 δὲ
2482 2740 2719 2819 γίνεται
2765 2742 3025 2824 Ἀμφιά-

439 2848 587 2927 ναξ,
643 2845 761 2906 τοῦ
808 2843 874 2907 δ’
919 2840 1221 2927 Οἴτυλος,
1280 2842 1403 2924 ἀφ’
1460 2840 1540 2908 οὗ
1594 2843 1633 2922 ἡ
1689 2844 1880 2909 πόλις
1935 2844 1974 2923 ἡ
2040 2843 2110 2909 ἐν
2168 2843 2420 2931 (πάρτῃ
2485 2848 2827 2910 καλεῖται».
2924 2846 3028 2910 καὶ

438 2943 772 3020 Ὤγυλος
825 2948 1018 3023 νῆςος
1081 2944 1311 3025 μεταξὺ
1367 2945 1879 3026 Πελοποννήςου
1934 2947 2036 3011 καὶ
2096 2945 2350 3027 Κρήτης.
2447 2949 2523 3013 τὸ
2579 2948 2652 3012 δὲ
2707 2946 3026 3013 αἴςυλος

440 3046 730 3113 ἐπίθετόν
775 3045 958 3112 ἐςτιν.
3060 3060 3128 3111 25

609 3149 704 3214 Τὰ
747 3149 853 3214 διὰ
891 3153 1009 3214 τοῦ
1042 3135 1211 3215 ’ύλοῖ
1252 3149 1632 3231 τριςύλλαβα
1677 3150 1997 3216 ἑπιθετικὰ
2040 3150 2199 3216 ὄντα
2241 3150 2418 3216 ἁπλᾶ
2459 3149 2697 3231 ἔχοντα
2738 3152 2856 3232 τὴν
2899 3152 3028 3232 τρί-

440 3273 559 3330 την
603 3251 846 3331 μακρὰν
890 3252 1345 3336 παροξύνεται,
1400 3252 1837 3336 ςτωμύλος,
1895 3252 2225 3334 αἱμύλος
2270 3252 2308 3318 ὁ
2352 3257 2591 3339 πρᾷος,
2647 3254 3028 3333 ςτρογγύ-

443 3510 578 3559 duce
617 3508 751 3559 Lob.
797 3507 962 3559 Proll.
1001 3510 1113 3561 117.
1183 3509 1328 3560 Addi
1370 3510 1551 3576 potuit
1595 3509 1890 3574 Διόμιλος,
1940 3510 2083 3576 quod
2129 3512 2269 3563 Lob.
2314 3511 2372 3561 in
2410 3510 2499 3562 Cr.
2545 3512 2650 3577 Ep.
2685 3511 2739 3561 11
2785 3513 2882 3563 291
2927 3527 3028 3578 pro

444 3574 744 3638 ἀνθόμιλος
781 3575 1223 3626 substituendum
1259 3579 1579 3629 arbitratur.
1649 3576 1873 3631 Δεςιλοί
1909 3577 2070 3630 ἔθνος
2108 3577 2402 3646 Θρᾳκικόν.
2464 3576 2746 3632 Ἑκαταῖος
2782 3576 3026 3646 Εὐρώπη

444 3661 531 3711 ap.
572 3645 648 3694 St.
682 3646 745 3697 B.
784 3650 949 3694 acuto
983 3649 1236 3695 notatum
1272 3652 1375 3699 est.
1481 3647 1515 3696 1.
1544 3651 1570 3697 1
1608 3646 1754 3697 hunc
1790 3662 2053 3698 canonem
2089 3647 2222 3697 finxi
2256 3664 2324 3698 ex
2360 3647 2556 3699 Choer.
2596 3647 2753 3699 Orth.
2789 3650 2906 3711 229,
2948 3650 3029 3705 17,

443 3712 571 3777 περὶ
608 3709 800 3763 ποςότ.
839 3710 928 3762 Cr.
966 3712 1025 3763 H
1058 3715 1153 3763 291
1195 3717 1254 3762 et
1287 3713 1387 3779 Ep.
1426 3715 1513 3764 Cr.
1548 3714 1575 3765 Ι
1609 3718 1710 3766 303
1744 3716 1816 3765 cf.
1855 3715 1993 3765 Lob.
2027 3715 2114 3767 ΕΙ.
2151 3715 2206 3767 ΙΙ
2244 3717 2325 3766 12.
2482 3715 2519 3766 l.
2553 3718 2588 3766 4
2625 3712 2826 3767 Αἴολος
2862 3731 3029 3781 appo·

445 3784 532 3833 sui
567 3797 634 3831 cx
670 3779 753 3831 St.
790 3781 852 3830 B.
891 3782 984 3842 63,
1024 3783 1086 3831 10
1122 3776 1341 3833 Αἰολίαε
1388 3779 1441 3833 οἱ
1485 3780 1755 3846 νεώτεροι
1799 3782 1871 3834 τὸ
1918 3781 2143 3834 ὲθνικὸν
2188 3780 2400 3845 ὁμοίως
2444 3783 2537 3835 καὶ
2582 3782 2897 3847 ὁμόφωνον
2941 3787 3028 3834 τῶ

444 3847 685 3915 οἰκιςτῇ,
724 3864 829 3914 quo
864 3848 1330 3898 circumscribitur
1365 3849 1510 3914 quod
1546 3850 1787 3901 traditur
1820 3867 1873 3916 p.
1907 3854 1990 3913 49,
2032 3854 2119 3902 14:
2160 3849 2260 3903 ὅςα
2294 3853 2531 3902 τοιαῦτα
2567 3848 2660 3902 ἐπὶ
2698 3853 2905 3915 χωρῶν
2940 3835 3031 3903 διὰ

442 3920 547 3969 τοῦ
582 3920 617 3969 ἶ
653 3914 1054 3981 προφερόμενα
1099 3914 1211 3979 ἔχει
1258 3916 1725 3982 προκατάρχοντα
1780 3917 1968 3983 κύρια,
2023 3918 2249 3971 τούτοις
2301 3918 2564 3971 ἐπιεικῶς
2618 3918 2913 3983 ὀμοφωνεῖ
2957 3918 3031 3970 τὰ

445 3983 649 4038 ἑθνικά.
685 4012 752 4020 -
788 3983 820 4035 ὁ
854 3983 917 4035 δὲ
953 3982 1122 4050 λόγος
1157 3985 1279 4035 τῶν
1316 3982 1396 4036 ὡς
1432 3984 1525 4037 ἐπὶ
1559 3984 1628 4036 τὸ
1666 3987 1931 4039 πλεῖςτον
1967 3986 2055 4038 διὰ
2088 3985 2156 4038 τὸ
2196 3984 2422 4051 Αἴολος,
2462 3984 2655 4040 Αἰολία
2690 3986 2726 4050 ἡ
2755 3986 2912 4052 χώρα
2937 3987 3029 4038 καὶ

441 4053 513 4105 τὸ
551 4051 774 4105 ἐθνικὸν
810 4049 1058 4104 Αἰολεύς.
1109 4051 1449 4118 Ἡρωδιανὸς
1484 4052 1547 4105 δέ
1583 4068 1743 4119 φηςι,
1783 4053 1871 4106 ὅτι
1907 4058 2026 4107 τοῖς
2064 4058 2425 4107 ςυνοικιςταῖς
2461 4056 2708 4119 ςυνεχῶς
2734 4054 3029 4119 όμοφωνεῑ

442 4122 515 4174 τὰ
550 4119 764 4185 ἑθνικά,
801 4119 1067 4185 δηλονότι
1103 4120 1194 4171 καὶ
1229 4123 1419 4187 γραφῇ
1457 4121 1547 4172 καὶ
1590 4122 1746 4190 τόνῳ
1784 4123 1905 4174 κτλ.
1940 4150 2007 4158 ——-
2041 4121 2299 4186 διάβολος
2342 4130 2431 4175 est
2469 4141 2538 4175 ex
2572 4124 2819 4189 Theogn.
2854 4126 2941 4188 63,
2980 4126 3028 4184 1,

445 4189 695 4254 Ὅμολος
730 4216 796 4225 —-
835 4185 1161 4253 Ἀμφίδολοι
1199 4205 1267 4239 ex
1305 4190 1382 4240 St.
1419 4190 1482 4239 Β.
1554 4187 1755 4242 Αἰόλος
1791 4189 1985 4255 κύριον
2022 4206 2132 4241 non
2177 4190 2244 4242 de
2282 4196 2449 4257 gente
2488 4197 2544 4242 et
2577 4191 2893 4254 conditore,
2931 4191 3032 4242 sed

446 4260 513 4310 de
551 4260 653 4310 deo
688 4262 978 4310 ventorum
1014 4257 1273 4323 intellegi
1310 4256 1477 4308 debet
1511 4259 1581 4308 cf.
1603 4258 1780 4309 Lehrs
1803 4259 1970 4309 Arist.
2005 4261 2103 4310 282
2142 4258 2225 4308 ed.
2251 4259 2331 4321 11,
2371 4258 2673 4325 Goettling.
2713 4258 2780 4310 de
2818 4264 3029 4309 accent.

449 4331 546 4379 190
581 4342 678 4392 pro
714 4324 906 4389 κύριον
945 4327 1282 4376 substituere
1320 4325 1439 4375 vult
1463 4325 1874 4391 προςηγορικόν
1901 4325 1997 4388 (sc.
2027 4322 2222 4389 ἰχθῦς),
2262 4326 2407 4391 quod
2443 4342 2553 4377 non
2589 4342 2726 4393 opus
2764 4333 2867 4393 est,
2904 4331 3032 4392 post

448 4394 718 4458 βουκόλος
755 4392 1126 4458 παροξύνεται
1162 4393 1343 4444 adieci
1380 4391 1467 4444 ὅτι
1502 4391 1617 4444 ἀπὸ
1653 4393 1905 4459 ῥήματος
1944 4409 2011 4443 ex
2045 4396 2166 4459 ipso
2202 4392 2398 4447 Arcad.
2434 4395 2517 4456 86,
2556 4398 2603 4446 7.
2671 4395 2814 4445 Addi
2849 4397 3033 4459 potuit

448 4465 687 4515 fortasse
735 4458 1094 4527 Κορνίκολος,
1140 4460 1285 4527 quod
1319 4462 1488 4515 Mein.
1527 4462 1809 4529 Stephano
1856 4477 1953 4528 pro
1992 4459 2292 4525 Κόρνικλος
2338 4460 2673 4512 reddendum
2719 4464 3033 4528 suspicatur

448 4538 670 4599 propter
705 4531 959 4593 Dionysii
991 4529 1280 4584 Archaeol.
1319 4528 1387 4593 (c.
1424 4529 1512 4595 50)
1548 4529 1727 4580 locum
1764 4531 1835 4580 ab
1873 4531 1993 4595 ipso
2031 4528 2312 4614 Stephano
2349 4530 2597 4580 citatum.
2755 4531 2793 4580 l.
2834 4532 2898 4581 15
2930 4547 3030 4597 pro

448 4597 721 4664 κρὸκύλος
767 4598 965 4663 scripsi
1009 4614 1130 4649 cum
1175 4598 1354 4649 Lehrs
1397 4598 1567 4649 Arist.
1603 4601 1704 4650 290
1750 4598 1836 4648 ed.
1874 4598 1930 4649 11
1974 4597 2266 4663 κρωβύλος
2311 4598 2523 4648 addens
2572 4598 2761 4650 eodem
2805 4604 3029 4651 auctore

448 4669 724 4734 proprium
769 4664 1081 4731 Κρωβύλος.
1151 4664 1387 4730 (ιμύλος
1434 4664 1666 4718 Ἡδύλος
1710 4667 1942 4732 apposui
1987 4683 2056 4717 ex
2098 4666 2204 4733 Ep,
2242 4666 2332 4717 Cr.
2377 4667 2407 4718 Ι
2451 4668 2532 4717 51.
2603 4664 2917 4719 Τουςςύλος
2964 4683 3030 4718 ex

452 4736 529 4785 st.
563 4738 628 4787 B.
701 4732 958 4797 βαιτύλος
995 4751 1063 4784 ex
1097 4734 1348 4800 Theogn.
1384 4735 1475 4798 61,
1514 4737 1606 4797 21,
1652 4751 1719 4784 ex
1757 4734 1950 4785 eodem
1982 4733 2277 4799 Δημύλος,
2325 4734 2471 4800 quod
2505 4735 2565 4784 in
2599 4732 2879 4797 Δειμύλος
2916 4745 3032 4786 cor-

355 4851 371 4864 ,
450 4808 667 4868 ruptum
702 4807 788 4852 est
822 4802 896 4852 cf.
935 4802 1073 4857 Lob.
1110 4802 1282 4856 Proll.
1322 4805 1444 4866 126,
1483 4807 1540 4853 st
1576 4802 1847 4868 βηθύλος,
1887 4802 1953 4853 de
2029 4818 2098 4853 uo
2144 4804 2214 4857 cf.
2250 4804 2317 4856 Ε.
2353 4804 2429 4856 Μ.
2468 4804 2593 4869 196,
2633 4806 2699 4855 54
2745 4801 2895 4856 εἶδος
2940 4801 3030 4867 ὀρ-

451 4868 600 4921 νέου.
678 4871 784 4920 Pro
827 4867 1054 4921 αἲτυλος
1110 4876 1167 4921 et
1211 4869 1452 4933 ὄγκυλος
1508 4887 1629 4921 cum
1674 4870 1916 4925 Lobeck.
1963 4870 2008 4923 Ο
2033 4871 2203 4923 τυλος
2269 4876 2326 4922 et
2369 4869 2610 4934 Ὤγυλος
2663 4873 2850 4939 posui,
2895 4870 3030 4921 illud

452 4937 680 5006 explens
718 4953 785 4988 ex
821 4938 1005 5005 Steph.
1040 4940 1103 4988 Β.
1141 4943 1198 4988 et
1235 4939 1299 4989 11.
1334 4938 1423 4990 Pr.
1461 4937 1501 4990 Β
1536 4942 1657 5006 685,
1694 4940 1798 4990 hoc
1832 4957 1900 4991 ex
1938 4940 2017 4990 St.
2052 4941 2117 4991 B.

2497 5021 2625 5088 11*
