3664 5546
606 421 646 486 8
1542 415 1626 470 ΕΚ
1661 414 1801 469 ΤΩΝ
1844 410 2253 467 ΗΡΩΔΙΑΝΟΥ

607 592 843 656 δέοντα
898 589 1096 656 τόνον
1151 586 1389 666 ἐπιθείη
1444 589 1579 652 ταῖς
1636 586 1867 661 λέξεςι,
1925 583 2298 664 πειράςομαι
2341 586 2777 664 παραδοῦναι,
2820 585 3188 662 προομολο·

604 693 926 772 γουμένου
982 690 1280 770 δηλονότι
1335 692 1452 754 τοῦ
1512 687 1615 752 ἐπὶ
1670 687 1859 752 ποίας
1915 686 2139 766 ἑκάςτη
2194 686 2359 753 λέξις
2414 688 2726 768 ςυλλαβῆς
2778 686 3030 765 δέχεται
3069 686 3188 752 τὸν

605 794 839 871 τόνον,
898 794 999 859 καὶ
1054 793 1158 858 ἐπὶ
1210 796 1321 871 τῆς
1376 793 1510 856 τῶν
1566 789 1824 871 χρόνων
1870 788 2201 868 δυνάμεως
2257 788 2415 854 πότε
2459 788 2845 855 ἐκτείνονται
2888 788 2989 852 καὶ
3031 787 3188 853 πότε

610 897 1085 970 ςυςτέλλονται,
1144 894 1242 958 καὶ
1297 894 1553 973 προςέτι
1612 891 1771 957 πότε
1826 891 1932 957 διὰ
1989 890 2191 971 μόνου
2235 894 2352 956 τοῦ
2403 896 2452 955 ἰ’
2492 891 2593 955 καὶ
2633 890 2792 956 πότε
2835 890 2940 956 διὰ
2980 894 3091 970 τῆς
3137 897 3192 958 εἰ

541 1011 573 1060 5
610 999 968 1082 διφθόγγου
1012 996 1287 1078 γράφειν
1333 995 1594 1074 ἑκάςτην
1653 995 1856 1074 δεήςει
1900 995 2097 1060 λέξιν·
2157 994 2330 1072 πλὴν
2375 992 2509 1071 ὅτι,
2566 992 2683 1075 ἐφ’
2730 992 2825 1060 ὧν
2871 993 2952 1061 ἂν
2999 999 3190 1062 δυνα-

610 1103 724 1167 τὸν
772 1099 865 1180 εἴη
912 1099 1401 1178 ςυντομώτερον
1449 1099 1538 1163 ῶς
1583 1099 1748 1178 πρὸς
1791 1099 1910 1177 τὴν
1952 1099 2286 1177 παροῦςαν
2332 1094 2719 1173 ἐπαγγελίαν
2762 1096 2862 1162 καὶ
2904 1096 3020 1176 τὴν
3050 1099 3191 1162 ςυλ-

610 1205 812 1285 λαβὴν
856 1203 1131 1279 διδάξαι,
1187 1200 1301 1281 ἐφ’
1346 1200 1421 1279 ἧς
1467 1201 1673 1279 δεήςει
1714 1201 1830 1266 τὸν
1875 1198 2073 1265 τόνον
2117 1198 2391 1279 τιθέναι,
2435 1199 2536 1264 καὶ
2578 1203 2774 1264 τοῦτο
2818 1199 3194 1278 παραδώςο-

610 1327 723 1387 μεν
781 1305 852 1370 ἐκ
903 1308 1037 1371 τῶν
1093 1305 1211 1369 τοῦ
1265 1302 1822 1383 πολυμαθεςτάτου
1878 1302 2280 1382 Ἡρωδιανοῦ
2341 1302 2412 1368 ἐν
2472 1301 2734 1385 ἐπιτομῇ
2791 1300 3194 1380 ἐκλεξάμενοι

609 1409 687 1474 τὰ
730 1407 1178 1488 χρηςιμώτερα.
1225 1405 1490 1487 ἄρξομαι
1532 1406 1603 1469 δὲ
1647 1404 1968 1482 ἐντεῦθεν,
2017 1404 2281 1484 παρήςω
2314 1404 2387 1470 δὲ
2414 1404 2516 1468 καὶ
2542 1404 2622 1469 τὰ
2665 1405 2798 1469 τῶν
2843 1404 3192 1470 διαλέκτων

512 1518 577 1569 10
610 1511 932 1590 ἰδιώματα.
2968 1565 2980 1579 .

779 1601 1058 1677 Ἡόξεῖα
1086 1610 1226 1690 ἢέν
1257 1611 1424 1675 τέλει
1465 1610 1696 1675 τίθεται
1740 1610 1779 1689 ἢ
1823 1610 1953 1690 πρὸ
1999 1612 2139 1689 μιᾶς
2182 1612 2301 1675 τοῦ
2346 1609 2573 1674 τέλους
2617 1609 2656 1689 ἢ
2700 1609 2829 1690 πρὸ
2873 1608 3021 1673 δύο·
3065 1609 3195 1689 πρὸ

611 1717 808 1794 τριῶν
853 1715 923 1778 δὲ
969 1712 1086 1777 οὐκ
1130 1713 1236 1777 ἔτι.
1279 1713 1354 1776 τὸ
1396 1713 1520 1791 γὰρ
1554 1712 1801 1791 Μήδεῖα
1831 1712 2009 1792 παρὰ
2041 1711 2297 1792 (απφοῖ
2326 1712 2656 1778 πεπονθὸς
2700 1712 3195 1792 παραιτούμεθα,

614 1815 712 1881 ὅτι
754 1817 871 1895 τὴν
920 1820 973 1880 ε“ι
1018 1814 1373 1894 δίφθογγον
1419 1816 1668 1880 διεῖλεν.

780 1918 851 1983 Ἡ
898 1916 1342 1997 περιςπωμένη
1398 1916 1437 1996 ἢ
1493 1915 1563 1981 ἐν
1621 1916 1788 1981 τέλει
1830 1915 2063 1981 τίθεται
2108 1916 2197 1981 ῶς
2241 1916 2346 1993 ἐπὶ
2389 1919 2506 1981 τοῦ
2549 1917 2802 1997 Ἑρμῆς,
2859 1918 3196 1996 Ἡρακλῆς.

519 2028 578 2079 15
613 2020 652 2099 ἢ
696 2020 825 2098 πρὸ
869 2022 1011 2098 μιᾶς
1051 2021 1168 2083 τοῦ
1212 2018 1440 2083 τέλους
1486 2017 1577 2082 ὡς
1622 2017 1725 2083 ἐπὶ
1769 2021 1887 2082 τοῦ
1932 2021 2167 2097 κῆπος,
2213 2020 2458 2096 μῶλος·
2516 2020 2645 2098 πρὸ
2690 2017 2808 2084 δύο
2853 2020 2925 2084 δὲ
2970 2018 3196 2093 οὐκέτι.

617 2121 996 2190 οὐδέποτε
1056 2120 1160 2184 ἐπὶ
1219 2120 1517 2201 βραχείας
1574 2119 1805 2186 τίθεται
1860 2121 2306 2201 περιςπωμένη
2374 2120 2521 2186 οὔτε
2577 2120 2682 2186 ἐπὶ
2737 2122 2899 2187 θέςει
2942 2124 3199 2203 μακρᾶς,

618 2223 783 2289 ἀλλὰ
826 2222 1029 2302 μόνον
1073 2222 1177 2288 ἐπὶ
1223 2223 1408 2305 φύςει
1450 2225 1731 2303 μακρῶν.

786 2325 1012 2391 Ἰςτέον
1069 2327 1141 2391 δὲ
1197 2323 1294 2390 ὅτι
1347 2327 1518 2390 πᾱςα
1563 2327 1825 2406 βραχεῖα
1871 2326 2145 2406 ςυλλαβὴ
2190 2324 2320 2407 πρὸ
2367 2323 2661 2406 βραχείας
2705 2327 2744 2405 ἢ
2790 2325 2920 2406 πρὸ
2964 2330 3202 2408 μακρᾶς

617 2426 734 2509 ἐφῗ
779 2426 1007 2506 ἑαυτῆς
1052 2427 1287 2506 ἔχουςα
1330 2428 1444 2492 τὸν
1489 2427 1686 2492 τόνον
1733 2425 2053 2494 ὀξύνεται·
2105 2431 2224 2492 τοῦ
2269 2429 2384 2506 μὲν
2428 2429 2749 2509 προτέρου
2807 2428 3030 2509 φίλος,
3086 2433 3203 2495 τοῦ

513 2539 580 2589 20
617 2531 688 2594 δὲ
730 2529 1034 2609 δευτέρου
1064 2529 1339 2609 Ἕκτωρ,
1385 2528 1567 2608 ἔρως.
1613 2531 1782 2593 πᾶςα
1825 2531 2100 2610 ςυλλαβὴ
2146 2531 2275 2609 πρὸ
2323 2529 2442 2594 δύο
2486 2534 2601 2595 τοῦ
2644 2531 2872 2595 τέλους
2916 2530 3032 2612 ἐφ’
3060 2531 3202 2596 ἑαυ-

614 2635 724 2709 τῆς
770 2631 1006 2712 ἔχουςα
1048 2632 1164 2696 τὸν
1209 2632 1408 2698 τόνον
1441 2629 1751 2708 ὀξύνεται,
1791 2631 2106 2711 Ὅμηρος,
2155 2633 2507 2698 Μενέλαος.
2556 2632 2920 2712 Οὐδέποτε,
2966 2637 3203 2714 μακρᾶς

616 2733 808 2813 οὔςης
861 2738 972 2812 τῆς
1028 2732 1132 2798 ἐπὶ
1187 2734 1439 2810 τέλους,
1503 2732 1676 2814 τρίτη
1735 2733 1867 2799 ἀπὸ
1924 2734 2148 2800 τέλους
2214 2734 2427 2801 πίπτει
2481 2735 2520 2815 ἡ
2579 2734 2781 2803 ὀξεῖα·
2812 2719 2826 2746 ’
2853 2735 3037 2802 ἐνθεν
3093 2739 3203 2816 τῆς

616 2836 862 2901 εὐθείας
915 2839 1032 2901 τοῦ
1090 2836 1374 2916 Ὅμηρος
1435 2837 1536 2900 καὶ
1595 2836 1931 2916 αἰτιατικῆς
1990 2838 2091 2901 καὶ
2146 2840 2435 2916 κλητικῆς
2502 2839 3201 2921 προπαροξυνομένων,

615 2938 902 3017 Ὅμηρος
957 2938 1249 3018 Ὅμηρον
1303 2938 1575 3018 Ὅμηρε,
1632 2940 1671 3016 ἡ
1728 2940 1943 3018 γενικὴ
2002 2941 2103 3004 καὶ
2157 2942 2403 3019 δοτική,
2460 2946 2578 3006 τοῦ
2632 2941 2912 3021 Ὁμήρου
2969 2943 3070 3006 καὶ
3111 2947 3202 3024 τῷ

521 3051 585 3100 25
617 3039 907 3123 Ὁμήρῳ,
952 3040 1055 3104 διὰ
1098 3041 1215 3119 τὴν
1261 3039 1366 3105 ἐπὶ
1407 3040 1633 3105 τέλους
1677 3040 1922 3120 μακρὰν
1966 3042 2472 3120 παροξύνονται,
2519 3043 3039 3123 ςεςημειωμένων
3068 3047 3202 3108 τῶν

618 3141 948 3216 Ἀττικῶν,
1004 3141 1290 3218 πόλεως,
1350 3142 1659 3221 μάντεως.
1717 3141 1835 3206 τὸν
1887 3144 2010 3222 γὰρ
2063 3147 2195 3207 τῶν
2242 3148 2479 3209 κοινῶν
2525 3145 2792 3211 εὐθειῶν
2837 3146 3035 3212 τόνον
3082 3167 3204 3226 φυ-

621 3243 916 3307 λὰττουςι
968 3244 1045 3307 τὰ
1090 3243 1332 3308 Ἀττικὰ
1376 3242 1479 3307 ἐπὶ
1522 3244 1725 3320 πάςης
1769 3244 2103 3308 πτώςεως·
2160 3244 2197 3309 ὁ
2256 3246 2413 3311 ναός
2472 3245 2794 3323 ὀξύνεται,
2851 3249 2954 3313 διὰ
3007 3251 3204 3313 τοῦτο

621 3345 722 3409 καὶ
765 3343 802 3408 ὁ
849 3345 1050 3421 νεώς,
1105 3347 1222 3422 τοῦ
1264 3345 1395 3409 νεώ
1440 3344 1538 3408 καὶ
1584 3344 1646 3408 αἱ
1691 3346 1908 3410 λοιπαὶ
1961 3346 2230 3411 πτώςεις
2285 3346 2626 3415 ὀξύνονται
2668 3350 2925 3430 ὁμοίως.
2970 3352 3071 3415 καὶ
3114 3350 3205 3416 ἔτι

620 3450 738 3510 τοῦ
787 3446 1122 3510 Μενέλαος
1179 3448 1842 3526 προπαροξυνομένου
1898 3448 1974 3512 τὸ
2021 3449 2363 3515 Μενέλεως
2419 3453 2517 3516 καὶ
2571 3452 2636 3516 αἱ
2680 3453 2896 3517 λοιπαὶ
2939 3453 3206 3518 πτώςεις

520 3558 589 3609 30
623 3549 726 3613 καὶ
781 3546 842 3611 οἱ
899 3545 1147 3626 ἀριθμοὶ
1204 3548 1840 3629 προπαροξύνονται,
1897 3550 2014 3617 κᾶν
2071 3552 2228 3617 κατὰ
2284 3556 2541 3633 γενικὴν
2597 3553 2799 3634 μόνην
2854 3556 3113 3633 γένηται
3166 3555 3204 3633 ἡ

625 3649 949 3714 ἐπέκταςις
1008 3648 1098 3713 ὡς
1161 3649 1264 3713 ἐπὶ
1319 3653 1438 3714 τοῦ
1493 3651 1749 3715 πόλεως
1801 3652 1901 3716 καὶ
1956 3653 2262 3731 μάντεως.
2347 3655 2533 3721 Πᾶςα
2590 3656 2775 3737 φύςει
2828 3657 3034 3737 μακρὰ
3077 3657 3206 3737 πρὸ

765 3908 800 3957 1.
827 3909 859 3956 6
896 3904 1039 3971 πρὸς
1077 3911 1202 3971 post
1239 3904 1316 3957 ὡς
1355 3907 1579 3958 inserui.
1726 3909 1761 3958 l.
1801 3910 1832 3959 8
1872 3910 1991 3961 eod.
2029 3909 2407 3976 ἐκδεξάμενοι,
2442 3912 2699 3964 Dindorf.
2741 3914 3071 3967 emendavit.

625 3975 662 4025 l.
708 3977 763 4024 11
805 3975 1070 4031 Causam,
1110 3991 1204 4026 eur
1240 3981 1506 4026 accentus
1552 3985 1679 4026 ante
1729 3978 1948 4027 tertiam
1997 3979 2271 4042 syllabam
2320 3997 2353 4031 a
2397 3981 2504 4030 fine
2553 3998 2659 4031 non
2706 3981 3017 4046 rejiciatur,
3066 3982 3208 4032 hane

626 4044 821 4093 Choer.
860 4045 1008 4095 Dict.
1030 4046 1128 4093 398
1167 4044 1446 4108 proponit:
1483 4043 1760 4095 οὐδέποτε
1798 4044 1952 4111 ἁπλῆ
1991 4046 2131 4100 λέξις
2170 4048 2547 4112 πρωτότυπος
2585 4046 2850 4115 ἀκίνητος
2886 4047 3208 4114 ὑπερβαίνει

625 4111 732 4174 τὴν
767 4107 1172 4175 τριςυλλαβίαν.
1209 4111 1418 4162 τούτου
1455 4110 1612 4177 χάριν
1649 4110 1780 4164 οὐδὲ
1815 4111 1984 4166 τόνος
2023 4114 2344 4180 ὑπερβαίνει
2381 4116 2481 4169 τὰς
2515 4121 2664 4182 τρεῖς
2701 4117 2994 4182 ςυλλαβάς·
3042 4116 3207 4181 πρός-

627 4193 801 4231 κειται
838 4178 1060 4243 «ἁπλῆ»
1096 4178 1185 4231 διὰ
1219 4178 1319 4230 τὰς
1357 4179 1655 4232 ςυνθέτους
1693 4178 1817 4232 οἷον
1854 4182 1942 4233 διὰ
1978 4182 2048 4235 τὸ
2086 4184 2424 4249 φιλόςοφος,
2477 4184 2843 4251 Ἀρίςταρχος.
2888 4185 3207 4251 πρόςκειται

625 4246 1076 4311 «πρωτότυπος»
1112 4247 1200 4299 διὰ
1236 4247 1334 4299 τὰς
1374 4247 1750 4312 παραγώγους
1775 4246 1902 4302 οἷον
1925 4250 2013 4302 διὰ
2037 4251 2107 4304 τὸ
2133 4253 2482 4318 ςοφώτερος,
2520 4253 2840 4319 ταχύτερος.
2878 4253 3209 4318 «ἀκίνητος»

625 4316 687 4366 δὲ
722 4315 811 4367 διὰ
847 4314 916 4367 τὸ
954 4313 1123 4380 κείρω
1162 4316 1250 4366 καὶ
1287 4319 1451 4367 ποιῶ.
1521 4315 1735 4379 γίνεται
1770 4317 1877 4382 γὰρ
1912 4318 2141 4370 τούτων
2188 4320 2219 4372 ό
2255 4319 2722 4386 ὑπερςυντέλικος
2769 4321 3080 4387 ἐκεκάρμην
3119 4322 3208 4374 καὶ

627 4382 1002 4448 ἐπεποιήκειν.
1141 4384 1176 4434 l.
1207 4387 1267 4434 12
1305 4384 1372 4436 de
1410 4383 1629 4449 Μήδεϊα
1668 4387 1740 4437 cf.
1767 4386 1983 4437 Ahrens
2010 4388 2077 4439 de
2104 4389 2235 4442 dial.
2264 4390 2416 4440 Aeol.
2445 4408 2500 4455 p.
2528 4394 2588 4440 12
2616 4407 2738 4441 oum
2764 4402 2871 4441 not.
2897 4395 2945 4443 6.
3085 4391 3118 4441 l.
3147 4394 3209 4442 15

629 4452 748 4504 cod.
775 4452 985 4515 μῶλον.
1127 4452 1163 4505 1.
1193 4455 1253 4502 17
1292 4452 1468 4516 μόνον
1503 4455 1643 4504 τῶν
1679 4452 1843 4517 φύςει
1882 4455 1999 4508 cod.
2140 4457 2174 4506 l.
2206 4459 2267 4507 18
2305 4458 2421 4511 cod.
2463 4457 2544 4509 ἔτι
2581 4458 2657 4510 δέ.
2796 4459 2831 4510 1.
2856 4463 2922 4509 29
2959 4459 3077 4510 eod.
3104 4462 3205 4510 τοῦ

629 4519 951 4572 Μενέλεως.
989 4547 1050 4555 -
1090 4521 1172 4571 De
1210 4537 1266 4571 re
1306 4522 1376 4571 cf.
1414 4522 1487 4571 10.
1527 4521 1683 4572 Alex.
1719 4524 1767 4582 9,
1807 4527 1874 4573 30
1910 4523 2108 4574 Arcad.
2150 4528 2264 4586 127,
2290 4528 2355 4574 24
2393 4525 2589 4577 Choer.
2627 4531 2743 4592 399,
2780 4529 2872 4577 26:
2910 4526 3073 4591 φύςει
3112 4542 3208 4588 μα-

628 4590 762 4652 κρᾶς
798 4587 966 4652 ούςης
1001 4589 1104 4652 τῆς
1139 4586 1467 4640 τελευταίας
1504 4590 1778 4654 ςυλλαβῆς
1815 4589 1978 4657 τρίτη
2023 4591 2139 4643 ἀπὸ
2184 4592 2383 4644 τέλους
2419 4593 2697 4647 οὐδέποτε
2733 4593 2927 4647 πίπτει
2962 4594 2998 4658 ἡ
3038 4594 3207 4657 ὀξεῖα,

626 4657 796 4720 χωρὶς
835 4654 884 4707 εἰ
921 4656 994 4720 μὴ
1033 4655 1235 4722 εὑρεθῆ
1272 4656 1341 4707 τὸ
1379 4660 1430 4708 ὤ
1465 4656 1525 4708 ἐν
1569 4661 1641 4723 τῇ
1686 4658 1984 4726 τελευταίᾳ
2029 4660 2270 4725 ςυλλαβῇ
2318 4662 2747 4726 παραλήγοντος
2792 4666 2895 4715 τοῦ
2930 4666 2965 4714 ’ἑ
3000 4661 3079 4714 ὡς
3116 4661 3209 4713 ἐπὶ

626 4728 729 4776 τοῦ
778 4724 1035 4787 πόλεως,
1084 4723 1368 4787 μάντεως,
1417 4724 1699 4791 πράξεως,
1749 4725 2004 4792 πόλεων,
2055 4727 2341 4792 μάντεων,
2390 4728 2649 4794 πράξεων
2697 4732 2785 4782 καὶ
2832 4731 2910 4784 ὡς
2958 4730 3051 4783 ἐπὶ
3086 4732 3208 4781 τῶν

628 4791 781 4856 παρὰ
815 4796 937 4843 ταῖς
973 4792 1281 4845 διαλέκτοις
1318 4790 1442 4845 οἷον
1481 4792 1804 4859 Ἀτρείδεω,
1852 4793 2165 4859 Πηλείδεω.
2211 4794 2393 4849 ἰςτέον
2438 4798 2525 4851 ὅτι
2569 4802 2750 4851 ταῦτα
2785 4797 3208 4865 προπαροξυνό-

630 4874 770 4923 μενα
807 4860 875 4912 οὐ
901 4859 1156 4914 θέλουςιν
1183 4860 1330 4924 ἔχειν
1356 4861 1561 4924 μεταξὺ
1587 4864 1690 4913 τοῦ
1730 4866 1768 4912 ε’
1795 4861 1886 4913 καί
1921 4866 2025 4915 τοῦ
2062 4869 2113 4914 ΐῡ
2149 4864 2456 4928 ςύμφωνον
2482 4865 2559 4918 ώς
2586 4865 2680 4918 ἐπὶ
2713 4865 3208 4932 τῶν-προλεχθέν-

626 4942 748 4978 των
786 4927 1279 4992 παραδειγμάτων·
1319 4928 1417 4982 ἐὰν
1453 4929 1514 4982 δὲ
1550 4928 1656 4995 ἄρα
1692 4928 1782 4981 καὶ
1820 4929 2011 4994 ἐχωςι,
2050 4930 2283 4985 πάντως
2320 4932 2627 5000 εύρίςκεται
2662 4936 2697 5000 ἢ
2734 4935 2803 4987 τὸ
2840 4936 2872 4987 λ
2909 4936 2943 5001 ἢ
2976 4935 3047 4987 τό
3071 4937 3105 5004 β
3129 4934 3207 4986 ὡς
