3664 5546
567 382 830 432 CXCVIII
1650 374 2068 426 PRAEFATIO

567 547 760 625 ptura
811 537 894 601 ab
950 536 1091 620 ipso
1148 543 1402 600 retenta
1456 532 1754 620 quamvis
1811 533 1895 598 ab
1942 531 2318 597 Herodiano
2363 533 2606 597 reiecta
2656 542 2876 595 tamen
2930 542 3013 608 ab
3072 557 3146 600 eo

569 649 1069 706 commemorata
1114 646 1306 702 esset.
1392 636 1742 700 Praeterea
1795 635 2076 700 fortasse
2132 636 2202 699 in
2259 637 2474 700 animo
2531 635 2777 700 habuit
2803 642 2878 697 ut
2919 623 3149 693 multo-

567 765 710 807 rum
777 740 1052 806 aliorum
1119 741 1214 804 sic
1279 738 1477 803 etiam
1536 738 1766 802 horum
1832 739 2221 823 scripturam
2273 736 2760 802 Herodianeam
2827 757 2941 799 suo
3007 733 3148 795 loco

567 867 955 932 proponere,
1014 843 1188 930 quod
1245 851 1466 905 tamen
1517 841 1587 902 in
1643 862 1951 926 processu
2005 839 2249 905 oblitus
2295 850 2414 904 est.
2508 838 2727 920 Quare
2782 860 2916 903 non
2957 835 3150 898 mira-

564 949 782 1013 bimur
826 944 1232 1031 Hesychium
1275 941 1627 1021 vocabula,
1674 963 1948 1029 quorum
1993 942 2382 1028 scripturam
2425 963 2542 1029 per
2597 947 2649 1007 {i
2694 950 2759 1004 et
2810 945 2833 1006 ῑ
2874 938 3152 1004 liberam

567 1071 708 1114 esse
763 1046 1180 1112 Herodianus
1235 1045 1813 1132 pronunciaverat,
1880 1054 2135 1108 tantum
2191 1066 2321 1108 uno
2376 1043 2565 1108 modo
2621 1041 2915 1129 proferre
2971 1038 3154 1105 velut

566 1152 783 1217 Φίκιον
830 1163 1028 1236 quum
1075 1148 1172 1214 St.
1214 1148 1294 1212 B.
1342 1170 1392 1211 s.
1444 1148 1697 1213 Φίκειον
1744 1156 1810 1210 et
1855 1147 2148 1231 Theogn.
2198 1147 2339 1227 127,
2387 1146 2467 1209 32
2521 1144 2762 1209 diserte
2806 1153 3152 1229 utrumque

565 1253 762 1318 licere
808 1250 1093 1315 tradant.
1182 1248 1370 1313 Idem
1415 1248 1632 1314 valere
1678 1248 1942 1313 videtur
1986 1248 2068 1312 de
2114 1248 2378 1328 (Σιληνός
2421 1246 2618 1329 Hes.,
2676 1269 2872 1333 quum
2919 1244 3152 1310 Choer.

567 1365 633 1438 et
677 1354 974 1433 (ζειληνός
1016 1353 1171 1432 260,
1218 1352 1303 1416 24
1347 1362 1412 1417 et
1457 1350 1721 1417 (Σιλανός
1766 1373 1831 1437 p.
1863 1350 2021 1432 260,
2072 1351 2152 1413 10
2193 1351 2584 1440 praecipiat,
2631 1370 2824 1435 porro
2871 1348 2953 1413 de
2999 1349 3153 1430 ςτιά,

566 1458 739 1544 quod
785 1455 1016 1520 Choer.
1071 1455 1227 1536 262,
1279 1454 1359 1517 14
1403 1456 1602 1537 ςτειά,
1658 1451 1948 1537 Theogn.
2011 1452 2165 1535 103,
2222 1452 2305 1515 29
2361 1454 2496 1518 ςτιά
2551 1451 2837 1516 exhibet.
2928 1449 3152 1536 Neque

570 1556 868 1634 offendit,
916 1556 1089 1643 quod
1135 1554 1295 1620 Hes.
1341 1564 1590 1619 tantum
1638 1556 1934 1633 Εὐρωπία
1978 1556 2016 1634 ἡ
2061 1557 2246 1638 Ἥρα,
2295 1553 2387 1619 St.
2433 1556 2511 1618 B.
2559 1562 2777 1617 autem
2825 1554 3155 1632 Εὐρώπεια

573 1670 639 1724 et
683 1660 1010 1742 Εὐρωπία,
1056 1656 1215 1722 Hes,
1263 1667 1515 1721 tantum
1561 1639 1842 1740 Ἐφέςια,
1890 1656 1985 1721 St.
2020 1655 2096 1718 B.
2130 1658 2412 1737 Ἐφέςιος
2456 1669 2521 1719 et
2551 1658 2868 1738 Ἐφὲςειος
2912 1653 3155 1718 habent

573 1783 782 1848 neque
837 1759 1208 1846 Hesychius
1277 1768 1379 1823 est
1436 1757 2008 1846 reprehendendus
2023 1806 2040 1838 ,
2108 1757 2281 1843 quod
2343 1760 2615 1838 Κάμιρος
2672 1759 2867 1822 πόλις
2927 1756 3157 1822 Ῥόδου

575 1863 850 1928 afferens
907 1885 1034 1925 non
1090 1861 1381 1924 meminit
1433 1861 1881 1945 andronymici
1943 1861 2262 1940 Κάμειρος.
2362 1861 2612 1924 Rursus
2669 1881 2868 1947 quum
2926 1857 3158 1922 Choer.

580 1965 733 2045 192,
780 1963 864 2028 20
917 1964 1235 2028 Διπόλεια
1291 1955 1727 2048 praescribat,
1785 1962 2153 2025 accuratius
2214 1960 2371 2026 Hes,
2427 1972 2492 2026 et
2529 1963 2867 2028 Διπόλεια
2926 1970 2991 2024 et
3040 1962 3157 2025 Δι-

577 2068 773 2132 πόλια
816 2074 1298 2130 commemorat.
1365 2063 1445 2127 In
1488 2063 1882 2150 quibusdam
1927 2063 2265 2127 vocabulis
2296 2064 2543 2129 vocalis
2590 2068 2612 2130 ῑ
2655 2063 2998 2128 dialectice
3040 2084 3158 2149 pro

578 2172 633 2234 ε-ι
678 2167 926 2253 scripta
969 2166 1257 2247 videtur,
1312 2188 1462 2229 nam
1506 2166 1739 2245 ἀγίοχα
1783 2164 2181 2230 Schmidtius
2227 2188 2356 2230 non
2401 2188 2485 2230 ex
2527 2188 2838 2252 perversa
2878 2186 3160 2252 pronun·

580 2271 859 2336 ciatione
905 2269 1153 2332 formae
1184 2268 1434 2348 ἀγήοχα
1464 2276 1677 2332 ortum
1707 2276 1925 2353 putat,
1972 2266 2088 2331 sed
2117 2269 2423 2333 Boeotice
2455 2268 2701 2332 dictum
2731 2290 2848 2355 pro
2879 2267 3161 2347 ἀγείοχα.

752 2370 878 2435 Sed
923 2372 1055 2433 iam
1096 2379 1171 2433 ut
1213 2370 1281 2432 in
1323 2368 1657 2434 vocabulis
1702 2391 1820 2453 per
1863 2373 1885 2434 ἰ
1928 2370 2290 2435 scribendis
2338 2393 2377 2433 a
2404 2370 2724 2455 promisso
2757 2392 2873 2434 suo
2903 2369 3162 2433 stetisse

583 2470 1002 2559 Hesychiumv
1032 2470 1402 2552 ostendam,
1449 2470 1774 2536 vocabula
1815 2494 2162 2536 numerosa
2190 2494 2578 2558 proponam,
2626 2472 2695 2534 in
2725 2472 2960 2557 quibus
3007 2469 3161 2533 fide-

581 2574 729 2638 liter
775 2572 1136 2637 Herodiani
1179 2573 1462 2658 vestigia
1503 2573 1772 2659 pressit:
1823 2575 2267 2653 Ἀδρηςτίνη
2313 2573 2544 2637 Choer.
2582 2573 2735 2655 170,
2783 2574 2898 2655 33,
2945 2573 3164 2652 ἀῖδη-

582 2680 717 2742 λος
761 2674 1007 2741 Herod.
1053 2674 1121 2737 in
1165 2675 1246 2738 E.
1291 2676 1380 2739 M.
1425 2676 1538 2757 41,
1584 2676 1700 2759 44,
1747 2677 2002 2742 ἀΐδιος
2049 2674 2279 2739 Choer.
2331 2676 2472 2756 175,
2519 2675 2591 2757 3,
2636 2678 2900 2754 Ἄϊρος
2946 2674 3025 2738 Ε.
3071 2674 3161 2739 Μ.

503 2815 511 2821 -
584 2778 900 2861 488,16,
960 2777 1241 2856 ἀκηδία
1283 2778 1361 2840 Ε.
1408 2778 1499 2841 M.
1544 2779 1650 2859 47,
1697 2778 1808 2859 35,
1869 2780 2183 2845 ἀκονιτί
2238 2776 2859 2860 Choer.172,183
2928 2780 3166 2857 ἀκρα-

585 2884 742 2968 τία,
792 2880 1122 2959 ἀκραςία
1153 2878 1381 2944 Choer.
1423 2880 1569 2959 178,
1616 2880 1729 2961 29,
1777 2879 2240 2959 ἀκροθίνιον
2289 2877 2520 2944 Choer.
2560 2826 2710 2960 182,
2742 2880 2855 2959 33,
2904 2881 3166 2946 ἀλιςαι

590 2932 821 3045 Choer.
876 2980 1026 3060 183,
1073 2981 1146 3062 3,
1193 2980 1603 3061 ἀλιτήριος
1648 2980 1879 3044 Choer.
1934 2982 2082 3059 169,
2127 2982 2240 3063 21,
2299 2983 2676 3062 Ἀλίφηρα
2720 2982 2816 3046 St.
2864 2981 2974 3063 Β.,
3032 2982 3165 3046 ἀν-

588 3084 897 3162 τηρίδες
941 3081 1022 3145 Ε.
1067 3081 1158 3146 Μ.
1210 3082 1357 3161 102,
1409 3084 1519 3163 19,
1567 3082 1688 3168 Ep.
1724 3082 1831 3145 Cr.
1881 3081 2097 3163 1283,
2135 3083 2246 3164 28,
2296 3083 2333 3147 ὁ
2380 3084 2717 3163 Βάκχιος
2762 3084 2801 3148 ὁ
2843 3084 3166 3149 Διόνυςος

590 3187 743 3248 Arc.
790 3183 906 3263 41,
952 3184 1065 3264 29,
1115 3183 1346 3248 Choer.
1385 3184 1536 3263 185,
1584 3185 1700 3267 31,
1749 3186 2065 3262 Βρυςιαί
2112 3185 2204 3247 St.
2238 3184 2347 3248 B.-
2335 3185 2729 3267 ,βωνίτης
2761 3182 2987 3248 Choer.
3024 3184 3166 3265 184,

590 3286 702 3367 29,
755 3284 1387 3364 ΓρήνικοςΟΙιοοικ
1423 3285 1564 3365 187,
1595 3233 1707 3365 25,
1755 3286 2101 3369 γρίντης,
2146 3291 2447 3370 γρῑνος,
2492 3287 2806 3371 γρίςων,
2850 3290 3167 3369 γρῑπος,

591 3391 879 3466 γρῖφος
923 3388 1069 3464 περὶ
1112 3407 1252 3450 πος.
1298 3385 1443 3468 290,
1483 3387 1580 3467 15,
1629 3385 1863 3449 Choer.
1901 3386 2039 3466 188,
2084 3388 2125 3451 5
2168 3399 2233 3451 et
2281 3389 2382 3470 13,
2428 3387 2669 3453 Herod.
2716 3390 2787 3452 in
2828 3385 2906 3451 E.
2942 3387 3166 3452 Orion.

591 3488 696 3567 40,
742 3487 854 3568 20,
905 3489 1175 3552 δίςαλα
1219 3488 1562 3566 ἀκαθαρςία
1604 3488 1648 3549 i.
1681 3510 1736 3551 e.
1784 3493 1925 3553 δῑςα
1968 3488 2072 3553 vel
2117 3492 2389 3574 διςαλία,
2437 3490 2669 3555 Choer.
2707 3488 2848 3572 196,
2900 3491 2978 3554 16
3021 3488 3166 3553 coll.

463 3665 476 3673 ,
596 3588 673 3651 Ε.
697 3588 788 3652 Μ.
813 3588 960 3668 263,
995 3591 1063 3669 1,
1098 3593 1268 3653 δῖςα
1296 3590 1334 3668 ἡ
1368 3591 1660 3674 δυςωδία,
1692 3613 2079 3677 quamquam
2109 3602 2375 3677 propter
2405 3594 2519 3657 δίω
2550 3602 2615 3657 et
2645 3595 2793 3658 δείω
2826 3591 3171 3678 ancipitem

597 3691 984 3776 scripturam
1013 3712 1174 3753 ·esse
1217 3690 1580 3771 contendit,
1627 3714 1743 3778 per
1787 3695 1838 3772 ἰ,
1872 3698 2044 3759 δεῑςα
2087 3696 2126 3773 ἡ
2174 3695 2434 3772 ὑγραςία
2476 3716 2595 3780 per
2627 3700 2683 3759 ἑῑ
2710 3692 3171 3779 proferendum

598 3790 1233 3874 tradit3b1nM‘rnc
1278 3791 1355 3854 11.
1401 3792 1511 3857 Pr.
1556 3794 1606 3858 Τ
1650 3793 1762 3877 90,
1809 3796 2198 3875 ἐνωμοτία
2251 3794 2426 3880 quod
2457 3818 2561 3882 ap.
2595 3794 2827 3859 Choer.
2872 3805 3175 3881 corrupte

599 3895 958 4011 ἑνωμάτεια
994 3895 1309 3980 scriptum
1354 3904 1480 3976 est3
1529 3897 1875 3962 ἐνώπιον
1920 3900 2240 3976 μετώπιον
2287 3897 2366 3961 Ε.
2412 3897 2501 3961 Μ.
2548 3898 2705 3977 346,
2757 3898 2864 3979 103
2923 3898 3174 3978 ἐξίτη-

600 4000 733 4060 λος
779 3972 1009 4059 Choer.
1061 3995 1202 4075 199,
1249 3996 1359 4077 30,
1409 3997 1670 4075 ἔριθος
1717 3996 1946 4061 Choer.
1984 3998 2124 4078 199,
2158 3999 2228 4081 8,
2278 4001 2491 4079 ἐρίκη
2523 3998 2770 4064 Herod.
2801 4021 2906 4084 ap.
2939 3998 3171 4064 Choer.

596 4097 743 4178 272,
775 4096 880 4177 20,
912 4098 1065 4160 Arc.
1102 4098 1242 4179 107,
1278 4099 1388 4179 14,
1435 4099 1701 4177 ἐρινύς
1747 4099 1981 4163 Choer.
2016 4099 2156 4179 198,
2190 4101 2257 4183 8,
2304 4102 2587 4183 ἔριφος
2618 4098 2851 4165 Choer
2881 4101 3028 4182 214,
3060 4100 3172 4183 23,

600 4199 982 4277 Ἐρυθῑνοι
1016 4198 1110 4261 St.
1142 4199 1218 4261 B.
1251 4197 1481 4263 Choer.
1520 4201 1662 4281 197,
1694 4202 1806 4283 31,
1851 4202 2185 4282 Εὐηνίνη
2217 4200 2449 4267 Choer.
2487 4204 2639 4282 199,
2671 4204 2786 4285 33,
2834 4204 3178 4282 Εὔριπος

601 4300 834 4363 Choer.
865 4299 1020 4379 200,
1059 4300 1169 4382 11,
1211 4301 1498 4382 εὐφυΐα
1539 4302 1616 4365 Ε.
1665 4301 1755 4366 Μ.
1804 4303 1950 4384 399,
1997 4305 2077 4367 37
2125 4315 2190 4367 et
2231 4305 2376 4386 462,
2423 4305 2534 4388 23,
2585 4306 2895 4386 Ἐχινάς
2941 4303 3174 4368 Choer.

605 4401 745 4483 198,
787 4403 852 4483 1,
906 4402 1169 4480 ἐχῖνος
1214 4401 1447 4491 Choer,
1485 4403 1627 4485 198,
1660 4405 1730 4487 3,
1771 4408 2170 4482 ζευγίςιον
2203 4406 2437 4470 Choer.
2467 4406 2613 4487 215,
2653 4407 2760 4487 10,
2803 4407 3177 4484 Θερςίτης

602 4501 829 4566 Choer.
862 4503 1010 4584 217,
1042 4503 1155 4586 31,
1204 4505 1524 4570 Θεςπιαί
1552 4508 1737 4571 πόλις
1769 4507 2075 4573 Βοιωτίας
2110 4531 2193 4572 ex
2225 4507 2676 4572 emendatione
2706 4507 3023 4572 Meinekii
3056 4529 3174 4592 pro

604 4606 872 4671 Θέςπιος
902 4607 1188 4685 ποταμός
1217 4603 1294 4668 Il.
1323 4605 1428 4668 Pr.
1456 4609 1501 4672 Β
1523 4606 1680 4684 498,
1713 4609 1976 4675 θίαςος
2008 4612 2316 4690 θιαςώτης
2347 4608 2582 4674 Choer.
2609 4610 2756 4691 219,
2781 4610 2892 4691 32,
2929 4610 3175 4690 θλίβω

604 4705 838 4771 Choer.
877 4707 1023 4787 218,
1056 4707 1171 4789 28,
1215 4708 1395 4787 θριά
1435 4706 1664 4772 Choer.
1708 4710 1855 4789 217,
1887 4712 1999 4793 34,
2045 4717 2225 4790 θρῖα
2267 4712 2485 4792 φύλλα
2527 4717 2711 4790 ςυκῆς
2754 4710 2986 4775 Choer.
3029 4710 3175 4791 218,

603 4807 718 4889 25,
750 4813 1021 4887 θρῑναξ
1053 4808 1287 4876 Choer.
1319 4808 1464 4894 218,
1492 4810 1567 4893 5,
1613 4814 1804 4894 θρίψ
1839 4810 2067 4877 Choer.
2099 4813 2245 4896 218,
2282 4813 2389 4895 18,
2438 4813 2589 4894 ἶβις
2620 4812 2850 4879 Choer.
2882 4812 3028 4895 221,
3065 4814 3176 4898 14,
