3664 5546
1130 425 1289 480 ΠΕΡΙ
1329 424 1722 480 ΚΑΘΟΛΙΚΗ(
1756 424 2180 479 ΠΡΟΕΩιΔΙΑ(
2220 424 2301 478 ΙΘ.
2544 433 2554 444 “
2884 377 3013 489 515

589 597 686 661 Τὰ
730 596 819 661 εἰς
867 598 955 659 ‹Is—c
1013 596 1173 675 μέγα
1232 596 1624 676 ἐπιρρήματα
1680 595 1784 659 ἐπὶ
1838 596 2066 659 τέλους
2122 595 2359 674 ἔχοντα
2411 596 2528 659 τὸν
2582 595 2780 659 τόνον
2835 614 3010 672 περι-

425 703 704 763 ςπῶνται
749 697 1083 778 ἀληθῶς,
1131 697 1499 776 ἀψευδῶς
1543 699 1712 776 πλὴν
1757 701 1875 761 τοῦ
1920 697 2034 761 ὥς.
2123 698 2402 775 Δωριεῖς
2458 699 2530 759 δὲ
2582 696 2659 758 τὰ
2704 695 2836 759 ἀπὸ
2879 699 3012 759 τῶν

422 799 511 863 εἰς
566 803 639 862 οἱ
685 798 1012 865 ὀξυτόνων
1059 799 1450 878 ἐπιρρήματα
1477 799 1788 866 4ὀξύνουςι
1838 798 2040 878 ςοφός
2085 798 2383 878 ςοφώς,
2435 797 2629 861 καλός
2672 797 2940 860 καλῶς.

1821 988 1925 996 ⁴—-

1367 1120 1558 1197 Περὶ
1613 1121 2116 1200 ςυνδέςμων.’

589 1257 730 1321 Πᾶς
794 1257 1135 1334 ςύνδεςμος
1201 1256 1682 1335 μονοςύλλαβος
1748 1257 1832 1335 μὴ
1905 1255 2075 1334 ἔχων
2142 1255 2327 1334 φύςει
2389 1255 2634 1333 μακρὰν
2699 1254 3010 1338 ὀξύνεται,
3053 1264 3088 1314 5

423 1358 598 1439 γάρ,
644 1357 815 1437 τάρ,
862 1355 984 1438 ἄρ,
1032 1355 1155 1437 ῥά,
1201 1357 1315 1438 δέ,
1361 1357 1471 1438 τέ,
1519 1357 1686 1438 μέν,
1732 1356 1897 1438 κέν,
1945 1355 2068 1438 ἄν,
2113 1356 2274 1433 πέρ.
2354 1347 2357 1354 ’
2422 1439 2425 1440 ⁷
2962 1340 2971 1354 ⁸

595 1457 671 1521 Οἱ
716 1461 787 1521 δὲ
833 1457 921 1538 εἰς
966 1458 1006 1520 ἇ
1052 1457 1361 1535 λήγοντες
1406 1459 1507 1522 καὶ
1552 1458 1713 1535 ὑπὲρ
1759 1458 1904 1537 μίαν
1952 1458 2267 1537 ςυλλαβὴν
2314 1455 2498 1521 ὄντες
2541 1458 2777 1523 πάντες
2825 1460 3013 1538 βαρύ-

424 1579 678 1640 νονται,
736 1560 825 1623 ὡς
869 1558 1000 1637 ἔχει
1045 1560 1120 1622 τὸ
1168 1557 1346 1641 ἆρα,
1402 1559 1511 1623 ὅτε
1568 1559 2019 1636 διαπορητικός
2063 1559 2222 1640 ἐςτι,
2282 1558 2579 1623 ἐκτείνων
2631 1561 2706 1622 τὸ
2751 1565 3013 1637 πρῶτον

425 1664 497 1743 ἆ,
553 1661 654 1724 καὶ
699 1659 736 1723 ὁ
782 1661 1188 1734 ςυλλογιςτὸς
1234 1659 1336 1723 καὶ
1379 1661 2041 1738 παραπληρωματικὸς
2086 1659 2390 1735 ἑκάτερον
2437 1658 2807 1724 ςυςτέλλων.
2880 1681 3012 1723 τοι-

425 1765 616 1826 οῦτος
661 1762 762 1824 καὶ
806 1760 843 1824 ὁ
889 1764 1078 1825 κᾶτα
1123 1761 1365 1838 μακρὸν
1408 1760 1580 1839 ἔχων
1624 1762 1700 1824 τὸ
1743 1763 1787 1822 ἃ
1829 1762 1905 1824 τὸ
1951 1766 2244 1840 πρῶτον,
2291 1758 2527 1840 ὄφρα,
2570 1759 2734 1843 ἵνα,
2780 1760 3013 1843 ἔμπα,
3054 1767 3120 1819 10

425 1862 685 1943 ἕνεκα,
754 1861 1074 1942 οὕνεκα,
1144 1864 1347 1938 δῆτα,
1454 1861 1606 1924 ὅθεν
1664 1862 2083 1940 ςημειούμεθα
2147 1862 2262 1925 τὸν
2330 1859 2533 1924 ἀλλά
2597 1860 3011 1941 ὀξυνόμενον.

425 1964 706 2028 καθόλου
761 1963 884 2039 γὰρ
940 1961 1000 2026 οἱ
1057 1963 1499 2040 ςυμπλεκτικοὶ
1553 1963 1925 2045 ὀξύνονται,
1993 1963 2159 2044 μέν,
2223 1963 2334 2043 δέ,
2401 1962 2512 2044 τὲ,
2580 1963 2732 2045 καί,
2788 1963 2825 2040 ἠ
2843 1964 3012 2045 μέν,

427 2065 594 2146 ἠδέ,
661 2062 885 2144 ἀτάρ,
953 2062 1224 2140 αὐτάρ·
1293 2063 1499 2128 οὕτως
1567 2063 1688 2128 οὖν
1744 2064 1848 2128 καὶ
1902 2063 1940 2127 ὁ
1998 2062 2180 2128 ἀλλά.
2278 2063 2695 2141 ςημειούμεθα
2749 2064 2820 2128 ἐν
2876 2069 3015 2129 τοῖς

427 2166 904 2244 ςυμπλεκτικοῑς
947 2164 1063 2229 τὸν
1108 2164 1278 2242 ἤτοι
1327 2165 1796 2246 βαρυνόμενον,
1843 2165 1917 2229 ὃς
1963 2165 2043 2227 οὐ
2088 2163 2293 2243 μόνον
2335 2164 2782 2242 ςυμπλεκτικός
2828 2166 3013 2247 ἐςτιν,

427 2266 594 2330 ἀλλὰ
637 2265 740 2327 καὶ
784 2266 1206 2331 διαζευκτικός
1251 2265 1395 2330 οἷον
1442 2266 1623 2344 «ἤτοι
1667 2265 1847 2332 ἄξιον
1892 2265 1930 2343 ἢ
1977 2264 2096 2328 οὐκ
2138 2264 2376 2330 ἄξιον».
3050 2282 3116 2334 15

517 2378 529 2384 “
594 2367 734 2432 Πᾶς
794 2365 1138 2446 ςύνδεςμος
1195 2365 1285 2431 εἰς
1339 2369 1373 2430 ἰ
1428 2368 1645 2444 λήγων
1708 2366 2303 2445 μακροκατάληκτος
2362 2367 2727 2449 βαρύνεται,
2786 2367 2899 2432 εἰςὶ
2944 2370 3015 2432 δὲ

425 2688 828 2740 attendendum
864 2696 948 2739 est
987 2689 1358 2739 Herodianum
1395 2689 1450 2739 id
1490 2688 1810 2750 discrimen,
1861 2676 2002 2753 ‹iuod
2050 2689 2292 2742 Ammon.
2333 2706 2381 2755 p.
2419 2691 2508 2750 26,
2555 2691 2617 2742 Ε.
2656 2691 2728 2741 Μ.
2770 2692 2892 2752 162,
2930 2693 3014 2752 54,

379 2792 386 2797 -
425 2757 606 2808 Bekk.
646 2759 746 2807 An.
781 2757 899 2818 459,
940 2759 997 2806 11
1039 2757 1184 2807 inter
1220 2754 1473 2821 ἀτέχνως
1510 2763 1567 2808 et
1603 2755 1859 2821 ἀτεχνῶς
1895 2762 2171 2819 statuunt,
2210 2772 2317 2807 non
2353 2758 2646 2822 agnovisse
2688 2758 2887 2808 videri.

425 2826 462 2876 l.
503 2829 529 2875 1
577 2823 648 2875 τὰ
685 2821 764 2875 εἰς
799 2828 881 2876 ’ῶῗ
924 2850 992 2860 -·
1034 2825 1188 2888 πλὴν
1233 2826 1337 2876 τοῦ
1374 2824 1452 2875 ὥς
1490 2832 1619 2875 sunt
1656 2842 1723 2875 ex
1757 2825 1958 2876 Aread.
1997 2827 2120 2886 182,
2162 2828 2224 2875 16
2259 2833 2513 2890 recepta,
2552 2826 2768 2890 reliqua
2805 2826 2872 2875 de
2908 2827 3016 2878 Do-

427 2894 688 2943 riensium
726 2894 1016 2956 oxytonesi
1054 2909 1120 2941 ex
1157 2893 1404 2956 Theogn.
1443 2895 1557 2953 164,
1599 2895 1677 2943 18.
1745 2894 1831 2942 De
1868 2908 1927 2941 re
1964 2894 2035 2942 cf.
2072 2893 2219 2944 Mon.
2259 2895 2343 2956 25,
2381 2895 2447 2943 29
2484 2890 2651 2943 οὐδὲν
2689 2890 2766 2944 εἰς
2802 2894 2881 2945 UT(
2919 2895 3014 2959 λῆ-

426 2974 533 3022 γον
568 2957 845 3025 ἐπίρρημα
881 2957 1253 3024 ὀξυνόμενον,
1291 2958 1715 3024 ὑπεςταλμένης
1751 2957 2008 3025 Δωρίδος
2044 2958 2354 3011 διαλέκτου.
2425 2960 2604 3024 Apoll.
2641 2962 2705 3010 de
2743 2961 2870 3015 adv.
2897 2965 3014 3022 580,

426 3033 493 3078 33
531 3026 682 3091 παρὰ
718 3026 1027 3092 Δωριεῠςιν
1063 3025 1183 3078 ἔνια
1222 3027 1318 3091 (sc.
1345 3025 1424 3079 εἰς
1461 3030 1562 3087 ως)
1601 3025 1886 3090 ὀξύνεται,
1926 3026 2025 3078 ὅτε
2051 3026 2170 3092 (pro
2197 3027 2341 3078 ὥςτε
2366 3026 2599 3091 Ahrens)
2627 3026 2750 3078 κατ’
2773 3027 3013 3090 ἔγκλιςιν

429 3093 774 3158 ἀνεγνώςθη.
843 3094 877 3157 ἡ
916 3094 987 3158 ῥα
1030 3084 1216 3145 καλὼς
1261 3093 1660 3160 ἀποκαθάραςα
1712 3094 2145 3158 ἑξελεπύρωςεν.
2217 3096 2289 3145 ef.
2326 3095 2540 3145 Ahrens
2596 3094 2662 3145 de
2709 3096 2840 3146 dial.
2885 3098 3015 3146 Dor.

429 3179 483 3228 p.
522 3165 586 3212 32
624 3169 680 3212 et
717 3166 798 3212 33.
935 3162 1258 3211 Doctrinam
1296 3162 1364 3212 de
1401 3163 1880 3213 coniunctionibus
1917 3163 2193 3227 composui
2230 3178 2296 3211 ex
2321 3162 2397 3212 Ιο.
2425 3161 2813 3220 Alexandrino,
2853 3180 3013 3229 quem

429 3246 526 3294 pro
565 3229 926 3279 fundamento
963 3230 1198 3289 subieci,
1238 3234 1296 3279 et
1331 3230 1524 3282 Aread.
1563 3235 1620 3279 et
1657 3231 1853 3295 fragm.
1891 3231 1948 3279 in
1986 3231 2075 3279 Cr.
2098 3231 2200 3280 An.
2228 3229 2328 3280 Ox.
2353 3229 2439 3281 111
2462 3231 2577 3282 280.
2750 3230 2787 3282 l.
2824 3235 2855 3281 6
2891 3247 3016 3281 con-

425 3297 736 3347 iunctiones
784 3292 970 3361 recbpi
1008 3313 1075 3346 ex
1111 3298 1231 3347 Arc.
1274 3300 1392 3358 184,
1434 3300 1524 3362 16,
1563 3314 1689 3348 nam
1722 3300 1801 3349 Ιο.
1840 3298 1924 3347 ΑΙ.
1962 3298 2131 3347 habet
2168 3302 2385 3347 tantum
2420 3295 2550 3361 μέν,
2588 3296 2676 3361 δέ,
2714 3298 2778 3350 τέ
2815 3299 2906 3350 καὶ
2941 3299 3012 3350 τὰ

428 3362 615 3415 λοιπά.
684 3361 789 3428 τάρ
836 3364 1073 3428 apposui
1121 3380 1188 3414 ex
1205 3364 1294 3413 ·11.
1329 3366 1419 3417 Pr.
1458 3364 1500 3416 Α
1539 3367 1621 3415 65.
1867 3365 1904 3420 1.
1943 3366 1974 3414 8
2020 3364 2087 3414 de
2134 3362 2241 3427 ἄρα
2286 3364 2357 3415 cf.
2392 3368 2438 3415 A
2480 3365 2575 3419 011.
2626 3366 2694 3415 de
2740 3370 3013 3417 coniunct.
3082 3362 3086 3367 ⁴

429 3449 480 3497 p.
517 3436 617 3482 490
653 3446 804 3495 seqq.
844 3458 904 3467 —
946 3432 980 3481 1.
1011 3434 1082 3481 10
1118 3448 1206 3497 ap.
1244 3432 1319 3481 10.
1347 3432 1502 3482 Alex.
1538 3434 1798 3498 scriptum
1837 3437 1926 3482 est
1962 3434 2129 3498 κᾷτα,
2169 3448 2259 3497 ap.
2285 3432 2430 3482 Arca
2474 3471 2483 3481 .
2523 3438 2580 3483 et
2616 3450 2706 3497 ap.
2735 3434 2821 3486 Cr.
2849 3432 3010 3499 κάτα,

426 3504 592 3563 atque
620 3514 782 3563 quum
812 3498 1162 3549 Herodianus
1200 3498 1218 3549 ἰ
1254 3501 1557 3565 subscripti
1593 3501 1924 3550 mentionem
1961 3515 2069 3549 non
2096 3500 2271 3549 faciat
2308 3500 2719 3564 productionem
2757 3502 3010 3564 syllabae

429 3571 643 3616 tantum
681 3582 1130 3628 commemoranS,
1169 3568 1423 3617 existimo
1461 3584 1580 3617 eum
1608 3568 1751 3617 idem
1776 3567 1843 3617 de
1869 3568 1971 3617 hac
1994 3582 2125 3617 voce
2152 3567 2425 3618 iudicasse
2449 3574 2617 3632 atque
2643 3567 3012 3633 Apollonium,

432 3633 827 3750 31221233205
851 3634 1335 3751 Γὲιῖῗςιέἒὲἶθῗιέ·
1364 3635 1530 3753 ἔῗεὶἷ
1550 3651 1624 3752 ⁶0¹}
1653 3635 1743 3751 '‘A‘'
1761 3633 1908 3751 (Εἶτα
1943 3634 2087 3753 “¹335
2091 3651 2121 3684 ⁰
2154 3632 2242 3751 <³10³
2251 3635 2566 3753 ’ἐῗιῖεἰῗω
2593 3642 2702 3754 {3¹5
2705 3641 2853 3753 ‘³¹32’
2869 3652 3027 3768 ἐῆῖῐ·

433 3784 486 3833 p.
515 3769 630 3817 497.
667 3794 734 3802 —
771 3768 806 3817 1.
836 3771 896 3817 12
936 3766 1051 3832 καί,
1089 3739 1258 3833 ἠμέν,
1297 3768 1397 3834 ἠδέ
1434 3741 1648 3819 addua}
1671 3718 1869 3822 Afoad.
1894 3719 1964 3819 ‘gt
1990 3739 2207 3822 Cn’An.
2244 3797 2307 3806 —-
2345 3773 2426 3821 De
2464 3783 2499 3821 α
2538 3740 2645 3835 ’.πάρ
2682 3741 2755 3853 0⁷5.
2794 3779 3013 3836 praeter

431 3838 511 3886 10.
548 3834 632 3885 Al.
671 3835 762 3894 26Ῐ,
800 3837 831 3885 5
867 3836 965 3901 Ep.
1005 3835 1092 3885 Cr.
1128 3838 1154 3887 1
1189 3840 1247 3897 2,
1290 3840 1352 3887 18
1391 3837 1477 3900 (Ε.
1513 3839 1590 3887 Μ.
1629 3840 1751 3899 172,
1792 3836 1877 3899 17)
1925 3836 2182 3889 ὀξύνεται
2226 3836 2296 3887 τὸ
2332 3836 2473 3902 ἀτάρ
2509 3834 2544 3901 ἢ
2583 3839 2909 3902 βαρυνεται;
2959 3837 3042 3890 οῖ’

503 3918 535 3952 ν
572 3900 860 3954 ὀξυτόνως
895 3901 1248 3967 ἅνέγνωςαν,
1297 3902 1376 3955 ὡς
1415 3901 1788 3968 Καλλίμαχος,
1835 3902 1887 3956 οἱ
1931 3903 1993 3955 δε
2029 3904 2358 4022 βαῖυτόνως
2403 3903 2557 3970 λόγῳ
2596 3905 2825 3971 τοιῷδε·
2864 3909 3012 3957 πᾶςα

429 3971 463 4021 λ
496 3971 574 4021 ξις
609 3967 690 4021 εἰς
726 3972 794 4033 ᾱῑῖ
828 3970 1073 4035 λήγουςα
1109 3971 1407 4036 βαρύνεται
1441 3968 1567 4022 οῖον
1602 3971 1780 4036 ἄφαρ,
1819 3971 2007 4036 εἶθαρ,
2046 3972 2076 4022 δ
2117 3987 2255 4036 μαρ,
2292 3971 2456 4036 ςτέαρ
2496 3972 2709 4034 (Choer.
2746 3977 2866 4036 273,
2905 3973 3012 4037 12),

373 4062 384 4073 =
429 4036 630 4101 οὖθαρ·
664 4036 872 4103 ῥητέον
907 4038 1011 4091 οὖν
1049 4039 1136 4090 ὅτι
1172 4038 1356 4091 οὐδεὶς
1393 4038 1800 4101 ςυμπλεκτικὸς
1836 4038 2131 4102 ςύνδεςμος
2180 4040 2213 4101 ἢ
2253 4039 2548 4103 βαρύνεται
2584 4039 2620 4102 ἢ
2660 4042 3010 4104 περιςπᾱται,
3054 4084 3061 4093 .

427 4103 641 4157 πάντες
676 4106 737 4157 δὲ
772 4105 1071 4158 ὀξύνονται
1105 4093 1258 4171 πλὴν
1292 4108 1396 4158 τοῦ
1419 4106 1573 4170 ἤτοι.
1628 4108 1839 4158 Ibidem
1878 4107 2155 4171 quaestiO,
2192 4113 2374 4156 utrum
2408 4104 2588 4169 αὐτὰρ
2624 4123 2693 4155 an
2730 4104 2872 4170 ἀτάρ
2909 4109 3015 4172 pri-

426 4174 677 4223 mitivum
723 4175 824 4236 sit,
874 4174 1110 4223 solvitur
1154 4174 1259 4224 ita:
1309 4173 1548 4237 λέγομεν
1592 4175 1680 4225 ὅτι
1728 4171 1871 4224 κατὰ
1916 4170 2272 4235 πλεοναςμόν
2316 4172 2426 4223 ἑςτι
2461 4172 2531 4223 τὸ
2568 4171 2769 4237 αὐτάρ·
2818 4173 3011 4224 κανὼν

424 4238 534 4304 γάρ
569 4238 717 4292 έςτιν
754 4241 785 4291 ό
823 4239 1036 4303 λέγων,
1077 4239 1165 4290 ὅτι
1203 4239 1602 4304 παρεπόμενόν
1639 4239 1751 4291 ἐςτι
1795 4243 1867 4304 τῇ
1903 4243 2006 4291 τοο
2042 4238 2102 4289 ἐκ
2137 4241 2241 4289 τοῦ
2280 4241 2314 4289 ἃ
2359 4239 2671 4306 ςυνεςτώςῃ
2718 4239 3011 4307 διφθόγγῳ

428 4307 569 4370 μετὰ
604 4308 712 4370 τὴν
750 4306 1053 4358 ἀπόςταςιν
1089 4309 1193 4357 τοῦ
1231 4306 1611 4359 ὑποτακτικοῦ
1639 4306 1975 4370 φωνήεντος
2002 4304 2270 4356 ἐκτείνειν
2305 4306 2375 4360 τὸ
2412 4310 2447 4358 fi
2482 4305 2606 4358 οῖον
2633 4307 2809 4359 κλαίω
2835 4306 3010 4373 κλάω,

425 4371 615 4426 αἰετός
651 4372 834 4425 ἀετός.
907 4371 1065 4437 εἴπερ
1103 4373 1206 4424 οὖν
1244 4375 1335 4425 καὶ
1371 4375 1402 4425 ό
1439 4373 1616 4438 αὐτάρ
1652 4372 1952 4434 ςύνδεςμος
1986 4373 2204 4424 ἔνδειαν
2242 4372 2295 4424 εἳ
2333 4389 2396 4425 εν
2430 4377 2534 4425 τοῦ
2559 4377 2593 4425 U
2630 4374 2694 4426 ἐν
2728 4378 2813 4441 τῷ
2851 4374 3012 4441 ἀτάρ,

428 4438 739 4506 παρείπετο
786 4438 856 4489 ἂν
903 4440 992 4490 καὶ
1041 4438 1076 4501 ή
1123 4443 1227 4491 τοῦ
1274 4444 1310 4492 ἃ
1353 4441 1659 4492 ἑπέκταςις.
1732 4456 1781 4505 p.
1824 4444 1918 4504 67,
1958 4445 2019 4491 15
2063 4440 2287 4503 Τυρανν
2312 4455 2396 4492 ων
2441 4442 2580 4508 ἄταρ
2626 4441 3011 4508 ἀναγινώςκει,

426 4508 550 4560 ἐπεὶ
595 4507 766 4559 οὐδὲν
810 4504 888 4576 εἰς
922 4508 956 4570 β
999 4506 1179 4570 λῆγον
1222 4506 1367 4572 ὑπὲρ
1411 4506 1542 4571 μίαν
1588 4507 1868 4571 ςυλλαβὴν
1913 4506 2447 4573 βραχυκατάληκτον
2492 4509 2777 4574 ὀξύνεται,
2828 4510 3009 4576 ςτέαρ,

428 4575 625 4640 θέναρ,
681 4574 841 4638 κέαρ,
895 4573 1104 4638 φρέαρ,
1154 4572 1386 4637 νέκταρ,
1435 4573 1706 4625 ὡςαύτως
1751 4574 1821 4625 τὸ
1868 4573 2056 4639 πατήρ
2101 4575 2200 4626 ὅτε
2254 4576 2611 4629 ςυςτέλλεται
2656 4576 2748 4629 ἐπὶ
2795 4576 3012 4643 τέλους,

432 4642 760 4708 βαρύνεται,
809 4639 1017 4706 πάτερ,
1066 4638 1278 4703 ὁμοίως
1321 4640 1465 4706 ἀνήρ
1511 4640 1674 4706 ἄνερ,
1721 4639 1865 4707 δαήρ
1909 4641 2064 4706 δᾶερ·
2111 4640 2422 4695 ἀντέπιπτε
2471 4644 2572 4708 μὲν
2614 4643 2651 4707 ἡ
2697 4643 2841 4711 ὑπέρ
2876 4646 3012 4711 πρό-

429 4712 603 4774 θεςις,
642 4708 691 4760 εἰ
726 4710 801 4774 μὴ
838 4707 1191 4773 κατώρθωτο
1225 4709 1296 4760 τὸ
1337 4710 1519 4761 πᾶςαν
1554 4707 1846 4760 ὀξύνεςθαι
1882 4707 2163 4773 πρόθεςιν.
2211 4712 2280 4761 cf.
2322 4712 2513 4763 Choer.
2539 4716 2656 4776 432,
2696 4716 2744 4764 7.
2782 4739 2846 4749 —
2886 4713 2922 4762 1.
2950 4717 3013 4764 14

431 4780 500 4828 de
536 4776 662 4840 ἦτοι
698 4779 771 4828 ef.
809 4777 1069 4830 Eustath.
1111 4779 1260 4839 1404,
1297 4779 1361 4828 32
1399 4781 1457 4828 et
1491 4779 1574 4840 50,
1616 4780 1695 4829 10.
1830 4778 1869 4831 l.
1909 4780 1972 4829 15
2007 4774 2133 4831 οἷον
2166 4805 2233 4814 -
2269 4777 2422 4831 ἄξιον
2459 4797 2526 4831 ex
2562 4782 2652 4834 Or.
2687 4782 2788 4835 An.
2827 4796 3015 4833 acees-

428 4850 638 4895 serunt.
964 4848 970 4854 '

2445 4930 2608 4995 ¹33*
