3664 5546
1199 327 1357 380 ΠΕΡΙ
1398 324 1790 380 ΚΑΘΟΛΙΚΗ(
1825 323 2247 378 ΠΡΟΕΩιΔΙΑΕ
2289 324 2362 376 ΙΒ.
2951 325 3074 386 331

494 502 619 565 ἔςτι
676 500 777 564 καὶ
842 499 1005 576 ἄλλη
1063 499 1352 577 Μεςςήνη
1406 501 1517 575 τῆς
1577 497 1854 561 (ικελίας
1911 497 2010 558 καὶ
2066 495 2245 573 χώρα
2299 496 2610 573 Περςίδος
2670 496 2927 573 Μεςήνη
2988 496 3077 559 δι’

494 604 640 667 ἑνὸς
698 620 730 662 ς
786 601 914 665 ὑπὸ
970 605 1102 665 τῶν
1160 601 1279 664 δύο
1335 604 1643 679 ποταμῶν
1688 598 2031 678 Εὐφράτου
2087 598 2188 660 καὶ
2243 596 2535 690 Τίγριδος
2593 599 2981 678 μεςαζομένη
3038 599 3076 675 ἡ

494 706 596 769 καὶ
642 704 816 780 Μέςη
871 707 1001 767 τῶν
1058 708 1382 781 ποταμῶν.
1470 701 1800 781 γαλήνη,
1857 700 2155 777 εἰρήνη·
2212 699 2501 764 ἐκαλεῖτο
2560 689 2630 764 δὲ’
2686 701 2787 763 καὶ
2835 699 3075 762 Καλαύ-

495 827 633 885 ρεια
675 806 956 884 νηςίδιον
1004 805 1166 882 πρὸς
1226 809 1301 886 τῇ
1346 803 1551 886 Κρήτῃ
1597 801 1893 880 Εἰρήνη.
1985 802 2306 882 ςαγήνη,
2354 802 2722 883 λευκήνη,
2766 803 3075 882 τιθήνη,

492 907 842 986 Πειρήνη
897 907 934 983 ἡ
980 906 1196 987 πόλις,
1246 905 1571 982 Κιςθήνη
1627 905 1665 982 ἡ
1721 904 1936 986 πόλις,
1995 904 2316 985 ςυβήνη,
2374 902 2660 986 ἀπήνη,
2709 904 3136 982 Χαλδήνηῖ)

494 1010 702 1089 ὄνομα
745 1007 1000 1090 κύριον,
1049 1007 1350 1086 Καβήνη
1409 1007 1449 1083 ἡ
1510 1006 1719 1084 Κρήνη
1764 1006 2023 1086 Λυκίας,
2072 1002 2426 1083 (αρδήνη
2481 1005 2518 1082 ἡ
2566 1005 2865 1085 Ἀμαζών.
2955 1026 3076 1071 ςε·

496 1114 701 1189 λήνη.
791 1110 917 1174 ἔςτι
962 1110 1063 1173 καὶ
1108 1110 1337 1187 ςελήνη
1383 1108 1683 1172 πόπανόν
1741 1129 1796 1171 τι
1853 1113 1944 1189 τῷ
2000 1105 2208 1190 άςτρῳ
2253 1108 2714 1185 παραπλήςιον.
2805 1108 3074 1186 ύπήνη.

492 1214 866 1291 Παλλήνη
935 1211 1121 1275 πόλις
1179 1211 1431 1292 Θρᾴκης
1487 1209 1618 1300 ᾀπό
1672 1209 2019 1287 Παλλήνης
2084 1211 2196 1285 τῆς
2255 1207 2532 1273 (ίθωνος
2593 1211 2708 1288 μέν
2764 1210 3078 1287 θυγατρὸς

499 1315 759 1379 Κλείτου
815 1316 885 1377 δέ
930 1313 1258 1394 γυναικός,
1316 1312 1407 1376 ῶς
1450 1311 1841 1388 Ἡγήςιππος
1896 1310 1967 1374 ἐν
2025 1313 2159 1374 τοῖς
2204 1311 2679 1389 Παλληνιακοῑς
2727 1312 3076 1389 «Παλλήνη

495 1417 561 1480 δ>
605 1417 733 1480 ἐςτί
776 1414 1163 1494 χερρόνηςος
1205 1415 1549 1494 τρίγωνος,
1594 1414 1710 1490 τὴν
1744 1412 1919 1492 βάςιν
1949 1412 2184 1491 ἔχουςα
2213 1413 2377 1490 πρὸς
2411 1414 2788 1492 μεςημβρίαν
2819 1414 3076 1492 ἐςτραμ·
3121 1420 3181 1469 10

494 1519 707 1596 μένην.
798 1518 1085 1581 ἐκαλεῖτο
1132 1519 1203 1581 δὲ
1233 1516 1488 1594 Φλέγρα
1531 1515 1607 1579 τὸ
1652 1516 1931 1579 παλαιὸν
1976 1515 2079 1578 καὶ
2123 1516 2352 1597 ᾡκεῑτο
2400 1514 2527 1578 ὑπὸ
2571 1516 2705 1580 τῶν
2740 1514 3076 1591 Γιγάντων.

495 1621 594 1683 καὶ
640 1621 679 1697 ἡ
724 1623 854 1683 τῶν
900 1624 1066 1684 θεῶν
1114 1618 1215 1682 καὶ
1257 1622 1387 1682 τῶν
1436 1616 1754 1692 Γιγάντων
1800 1615 1968 1695 μάχη
2024 1616 2297 1680 ἐνταῦθα
2350 1617 2682 1696 μυθεύεται
2729 1617 3075 1693 γενέςθαι».

494 1721 621 1785 ἔστι
687 1721 758 1784 δὲ
822 1722 926 1783 καὶ
991 1723 1187 1798 δῆμος
1253 1720 1529 1785 Ἀττικὸς
1594 1721 1703 1795 τῆς
1760 1718 2147 1795 Ἀντιοχίδος
2215 1722 2425 1799 φυλῆς
2492 1718 2664 1784 οὕτω
2731 1717 3078 1797 λεγόμενος

494 1823 819 1900 Παλλήνη.
881 1822 1241 1900 Κυλλήνη
1286 1820 1441 1899 ὄρος
1487 1819 1844 1901 Ἀρκαδίας,
1891 1820 2159 1884 ςταδίων
2191 1820 2637 1898 Ὀλυμπιακῶν
2684 1820 2875 1884 ἐννέα
2904 1820 3078 1898 παρὰ

495 1924 699 1988 πόδας
744 1923 1149 2001 ὀγδοήκοντα
1192 1923 1334 1986 κατ’
1379 1921 1895 1998 Ἀπολλόδωρον.
1969 1921 2101 1986 ἀπὸ
2151 1922 2478 2001 Κυλλήνης
2526 1922 2762 1987 Ναίδος
2807 1922 3077 2002 νύμφης.
3119 1931 3181 1982 15

495 2026 619 2090 ἔςτι
666 2025 769 2089 καὶ
798 2026 1063 2089 Ἠλείων
1110 2024 1390 2089 ἐπίνειον
1425 2024 1731 2100 Κυλλήνη.
1783 2023 2085 2102 Κυρήνη
2130 2024 2315 2088 πόλις
2354 2023 2585 2104 Λιβύης
2630 2023 2761 2089 ἀπὸ
2797 2024 3079 2102 Κυρήνης

494 2130 604 2203 τῆς
648 2127 914 2205 ’Ύψεως
971 2126 1129 2191 κατὰ
1182 2127 1299 2191 τὸν
1355 2126 1685 2201 Πίνδαρον
1743 2125 1780 2202 ἢ
1843 2126 2045 2203 Κύρης
2102 2130 2307 2204 πηγῆς
2361 2125 2697 2204 ἐγχωρίου.
2795 2125 2923 2189 ἔςτι
2979 2126 3082 2189 καί

496 2229 780 2308 Ἰβηρίας·
826 2230 929 2294 καὶ
961 2228 1321 2293 Μαςςαλίας
1352 2226 1531 2306 ἄλλη.
1581 2226 1936 2305 Κυδρήνη
1969 2227 2156 2292 πόλις
2187 2228 2529 2305 Ἀρμενίας.
2563 2229 2644 2291 'lc
2657 2228 2851 2306 μήνη
2882 2226 3078 2306 ἡρωῖς

494 2332 595 2393 καὶ
639 2330 814 2410 κώμη
861 2331 1197 2412 Βοιωτίας,
1244 2328 1570 2408 Ἀλμήνη
1616 2328 1802 2392 πόλις
1849 2329 2012 2406 πρὸς
2068 2336 2159 2412 τῷ
2206 2329 2478 2410 Εὐξείνῳ
2533 2329 2755 2412 πόντῳ
2803 2329 2893 2394 ὡς
2943 2327 3076 2406 Ἀρ-

495 2433 728 2509 ριανός.
800 2432 1154 2512 Ἀνθήνη,
1202 2431 1407 2494 οὕτως
1453 2431 1663 2508 Χάραξ
1708 2430 2020 2495 Ἀνθάναν
2067 2431 2248 2511 φηςί,
2296 2431 2487 2496 πόλιν
2518 2430 2887 2509 Λακωνικὴν
2934 2430 3079 2509 μίαν
3115 2443 3184 2492 20

470 2538 623 2598 ,τῶν
669 2533 912 2597 ἑκατόν.
1002 2533 1290 2610 κέκληται
1338 2532 1439 2613 δέ,
1489 2532 1579 2596 ὡς
1623 2531 2136 2614 Φιλοςτέφανος,
2191 2532 2366 2611 παρὰ
2409 2533 2646 2610 ’Ἀνθην
2692 2534 2806 2596 τὸν
2852 2533 3080 2597 Ποςει-

498 2640 739 2717 δῶνος,
792 2635 1053 2698 ....ὃν
1108 2634 1460 2712 Κλεομένης
1518 2633 1556 2696 ὁ
1600 2634 1929 2699 Λεωνίδου
1987 2633 2272 2714 ἀδελφὸς
2328 2633 2582 2699 ἀνελὼν
2641 2635 2742 2697 καὶ
2797 2635 3080 2713 ἐκδείρας

498 2737 782 2815 ἔγραψεν
825 2737 895 2801 ἐν
926 2742 1016 2820 τῷ
1048 2736 1303 2816 δέρματι
1346 2736 1497 2800 τοὺς
1543 2735 1860 2815 χρηςμοὺς
1892 2733 2019 2800 ὧδε
2065 2739 2400 2815 τηρεῑςθαι.
2462 2736 2588 2801 ἔςτι
2621 2736 3079 2815 καί-Ἀρκαδίας

496 2838 698 2903 πόλις.
800 2838 1067 2916 Ἀτήνη
1128 2843 1326 2917 δῆμος
1402 2842 1511 2916 τῆς
1576 2839 1963 2916 Ἀντιοχίδος
2033 2843 2257 2919 φυλῆς.
2359 2838 2706 2904 Διονύςιος
2772 2839 3076 2917 Ἀτηνίαν.

498 2941 817 3019 Ἀτρήνη
861 2940 1137 3005 πόλις..
1171 2991 1183 3003 .
1218 2991 1229 3003 .
1276 2941 1758 3019 Φιλοςτέφανός
1800 2960 1994 3018 φηςιν
2039 2939 2171 3005 ἀπὸ
2215 2940 2432 3005 Δέςου
2475 2941 2576 3004 καί
2621 2941 2935 3019 Ἀτρῶνος
2981 2942 3081 3004 καὶ
3116 2954 3182 3001 25

498 3043 796 3121 Ἀτρήνης
840 3046 970 3106 τῶν
1015 3042 1327 3120 ’Ἀργητος
1381 3045 1498 3106 τοῦ
1548 3041 1894 3105 Κύκλωπος
1951 3041 2050 3104 καὶ
2094 3041 2372 3119 Φρυγίας
2418 3042 2702 3123 νύμφης,
2759 3062 3078 3120 προςηγο-

497 3148 764 3222 ρεῦςθαι.
812 3143 1122 3223 Ξιφήνη
1169 3144 1351 3221 χώρα
1379 3144 1818 3221 Παλαιςτίνης.
1879 3140 2164 3221 (ιδήνη
2210 3143 2396 3208 πόλις
2429 3143 2657 3209 Λυκίας
2703 3144 2792 3209 ὡς
2824 3136 3081 3208 Ξάνθος

497 3245 568 3308 ἐν
635 3244 963 3308 Λυδιακῶν
1030 3246 1329 3328 τετάρτῳ.
1435 3245 1739 3323 Βαρήνη
1820 3245 2006 3309 πόλις
2074 3244 2322 3322 Μηδίας
2399 3246 2590 3321 ἐγγὺς
2657 3246 3079 3326 Ἀγβατάνων.

500 3343 746 3423 (υήνη
812 3346 1000 3410 πόλις
1066 3346 1216 3425 μέςη
1272 3345 1593 3421 Αἰγύπτου
1649 3347 1751 3409 καὶ
1804 3346 2132 3412 Αἰθιοπίας
2187 3346 2291 3409 ἐπὶ
2359 3352 2450 3429 τῷ
2509 3347 2746 3432 Νείλῳ,
2804 3350 2949 3427 μεθ>
3001 3350 3080 3425 ἣν

499 3446 856 3524 ὠνόμαςται
902 3445 1067 3524 (ῑρις
1123 3446 1161 3510 ὁ
1206 3449 1508 3527 ποταμός.
1599 3449 1899 3527 μέμνηται
1954 3450 2026 3513 δὲ
2071 3448 2325 3513 πόλεως
2368 3450 2734 3514 Παυςανίας
2779 3447 2841 3530 (Ι
2887 3449 2991 3529 33,
3041 3450 3082 3510 4
3117 3460 3184 3509 30

499 3568 551 3611 e.
596 3547 714 3629 g),
760 3547 1046 3625 κέκληται
1092 3550 1163 3612 δὲ
1207 3547 1337 3613 ἀπὸ
1385 3547 1633 3627 (υήνου
1677 3550 1899 3614 Ἀετοῦ
1944 3550 2192 3614 παιδός.
2280 3550 2576 3630 Φιδήνη
2633 3551 2819 3615 πόλις
2866 3538 3080 3632 Ἀλβα-

498 3655 649 3741 νῶν.
739 3648 909 3713 ἔοικε
953 3650 1054 3713 καὶ
1097 3650 1341 3727 Φίδηνα
1385 3651 1670 3727 λέγεςθαι
1718 3651 1809 3715 ῶς
1855 3651 2176 3730 Ῥάβεννα.
2241 3652 2599 3730 Μυκῆναι
2644 3652 2829 3718 πόλις
2873 3655 3081 3718 Πελο-

499 3751 843 3828 ποννήςου.
932 3751 1214 3829 Ὅμηρος
1263 3752 1370 3814 «οἳ
1414 3754 1485 3816 δὲ
1533 3752 1835 3830 Μυκήνας
1880 3752 2061 3830 εἶχον
2107 3755 2182 3833 (Β
2214 3752 2366 3834 569)
2412 3754 2542 3818 ἀπὸ
2577 3754 2925 3832 Μυκηνέως
2965 3759 3082 3820 τοῦ

500 3849 887 3930 Επάρτωνος
940 3856 1056 3916 τοῦ
1110 3852 1471 3930 Φορωνέως
1526 3851 1837 3933 ἀδελφοῦ.
1939 3855 1977 3931 ἢ
2033 3853 2164 3918 ἀπὸ
2223 3855 2495 3933 μύκητος
2549 3860 2665 3919 τοῦ
2721 3857 2985 3936 ξίφους,
3045 3858 3082 3919 ὃ

500 3952 722 4033 ἐφόρει
767 3952 1080 4035 Περςεύς,
1127 3953 1281 4017 ἔνθα
1325 3957 1539 4031 κρατεῖ
1581 3976 1702 4036 τις,
1750 3954 1828 4019 οὗ
1875 3956 2184 4021 πεςόντος
2229 3956 2298 4019 ἐκ
2326 3956 2621 4034 Περςέως
2667 3957 2823 4020 κατὰ
2870 3957 3079 4019 κέλευ-
3119 3965 3183 4013 35

499 4067 595 4119 ςιν
650 4054 877 4132 Ἑρμοῦ
931 4056 1048 4133 τὴν
1103 4056 1292 4119 πόλιν
1350 4057 1600 4120 ἔκτιςεν.
1699 4058 1737 4134 ἢ
1807 4056 1939 4120 ἀπὸ
1996 4061 2113 4120 τοῦ
2170 4059 2544 4135 μυκήςαςθαι
2601 4059 2715 4135 τὴν
2772 4058 2866 4120 Ἰὼ
2924 4060 3079 4134 βοῦν

500 4156 627 4220 ἐκεῖ
687 4157 1056 4234 γενομένην.
1144 4157 1514 4235 Πελλήνη
1574 4158 1759 4222 πόλις
1818 4158 2084 4236 Ἀχαΐας.
2188 4159 2435 4232 λέγεται
2494 4160 2593 4223 καὶ
2648 4157 2932 4221 Πελλίνα
2993 4158 3082 4221 ὡς

503 4256 828 4333 Μιτυλίνα.
895 4258 1194 4337 Πριήνη
1241 4259 1426 4323 πόλις
1472 4259 1721 4323 Ἰωνίας.
1781 4258 2101 4337 Πυλήνη
2147 4258 2332 4323 πόλις
2382 4258 2701 4322 Αἰτωλίας.
2762 4260 3081 4338 Πυρήνή

501 4577 720 4644 εἰρήνη,
770 4582 859 4630 cui
894 4578 1097 4645 Εἰρήνη
1142 4597 1211 4630 ox
1254 4581 1335 4632 st.
1375 4583 1437 4631 B.
1476 4582 1733 4647 apposui,
1778 4595 1953 4643 usque
1999 4578 2068 4628 ad
2116 4576 2371 4644 (αρδήνη
2418 4580 2538 4645 (pro
2577 4577 2790 4647 Εεδήνη
2839 4582 2909 4637 cf.
2947 4583 3082 4633 Lob.

501 4647 665 4700 Pron.
708 4652 822 4710 195,
859 4647 912 4712 7)
953 4666 1017 4698 ex
1056 4648 1301 4713 Theogn.
1345 4651 1455 4707 113.
1496 4654 1553 4698 11
1596 4654 1654 4698 ut
1692 4648 1813 4696 huic
1852 4648 2008 4710 priva
2043 4648 2275 4709 inserui,
2313 4646 2519 4712 ςελήνη
2558 4664 2622 4697 ex
2661 4652 2741 4701 St.
2769 4652 2851 4711 B„
2889 4648 3080 4717 ὑπήνη

503 4730 568 4763 ex
604 4732 813 4766 canone
852 4716 1271 4781 orthographieo
1310 4718 1367 4766 in
1404 4718 1503 4765 An.
1542 4718 1641 4767 Ox.
1682 4716 1735 4763 11
1771 4716 1897 4773 321,
1936 4718 2029 4776 24,
2069 4714 2282 4779 reliqua
2318 4733 2384 4766 ex
2423 4720 2501 4768 St.
2543 4716 2633 4778 B.‚
2678 4719 2767 4767 cui
2813 4718 3081 4784 quaedam

503 4796 623 4830 eum
644 4782 999 4848 Theognosto
1035 4785 1339 4833 communia
1376 4788 1520 4834 sunt.
1581 4782 1650 4833 ad
1686 4780 1947 4844 Μυκῆναι
1984 4782 2232 4833 consului
2270 4784 2437 4834 etiam
2464 4783 2661 4836 Chocr.
2684 4788 2827 4838 Dict.
2858 4789 2971 4849 139,
2997 4790 3079 4839 3⁶2.
