3664 5546
635 388 762 454 546
1076 442 1084 452 ,
1570 387 1652 442 ΕΚ
1692 383 1832 441 ΤΩΝ
1875 390 1917 440 Η
1926 383 2285 441 ΡΩΔΙΑΝΟΥ

631 561 795 624 αὔω
853 559 957 623 ἐπὶ
1011 561 1130 623 τοῦ
1184 560 1435 638 φωνεῖν
1491 559 1827 639 ψιλοῦται,
1882 556 2040 621 ὅταν
2095 558 2166 620 δὲ
2221 556 2326 621 ἐπὶ
2376 560 2495 621 τοῦ
2540 557 2855 635 ξηραίνειν
2910 557 2949 633 ἦ
2995 555 3216 622 ἅπτειν

630 662 953 742 τάςςηται,
995 659 1142 724 τότε
1188 660 1535 723 δαςυντέον
1580 657 1720 723 ἑςτί.

802 761 876 824 ‘H
936 764 990 824 εἰ
1047 760 1401 841 δίφθογγος
1456 761 1759 837 ψιλοῦται
1814 757 1961 824 οἷον
2019 757 2269 842 εἶδος,
2325 757 2632 842 εἰκάζω,
2688 758 2925 836 εἴρων
2982 762 3084 824 καὶ
3138 763 3217 824 τὰ

631 863 830 928 λοιπὰ
870 864 1040 940 πλὴν
1083 864 1202 925 τοῦ
1247 860 1547 943 εἱρκτή,
1604 860 1845 925 Εἵλως
1900 858 1939 922 6
1984 863 2220 924 δοῦλος
2264 861 2367 923 καὶ
2410 859 2633 925 εἰκώς
2686 859 2725 923 6
2768 861 3059 942 πέμψας,
3115 863 3218 925 καὶ

567 975 601 1024 5
632 963 898 1029 εἱλίζω
941 965 1018 1027 τὸ
1064 962 1421 1044 ςυςτρέφω,
1467 962 1570 1025 καὶ
1610 961 1934 1040 εἱλόμην
1966 961 2067 1024 καὶ
2110 958 2283 1040 εἷμα
2323 963 2400 1025 τὸ
2429 961 2713 1044 ἱμάτιον,
2759 962 2862 1025 καὶ
2905 960 3216 1040 εἱμένος

628 1064 668 1128 6
721 1063 1142 1142 ἐνδεδυμένος
1201 1064 1304 1127 καὶ
1363 1060 1537 1127 εἷνα
1589 1063 1665 1126 τὸ
1721 1062 1838 1127 ἕνα
1891 1063 1994 1126 καὶ
2056 1062 2386 1126 εἵποντο
2440 1060 2582 1127 ἀντὶ
2635 1065 2754 1126 τοῦ
2809 1062 3213 1138 ἠκολούθουν

628 1166 731 1229 καὶ
774 1163 985 1229 εἶςεν
1042 1164 1184 1228 ἀντὶ
1236 1167 1355 1229 τοῦ
1411 1163 1726 1247 ἐκάθιςεν,
1782 1162 2126 1241 εἱςτήκει
2182 1165 2284 1227 καὶ
2336 1163 2516 1228 εἵως
2569 1161 2713 1228 ἀντὶ
2764 1166 2882 1226 τοῦ
2938 1163 3060 1228 ἕως
3114 1165 3216 1227 καὶ

629 1265 852 1328 εἵατο
898 1265 1000 1328 καὶ
1043 1264 1213 1343 εἵλη
1257 1266 1297 1343 ἡ
1343 1265 1640 1345 θερμαςία
1683 1266 1787 1328 καὶ
1829 1263 2150 1343 εἱαμενή
2201 1264 2333 1328 ἀπὸ
2376 1268 2488 1342 τῆς
2530 1265 2722 1329 ἕς-εως
2763 1269 2896 1328 τῶν
2941 1264 3213 1329 ὑδάτων.

629 1366 1028 1445 ςεςημείωται
1072 1367 1176 1429 καὶ
1216 1367 1293 1432 τὸ
1338 1365 1450 1431 εἷς
1493 1365 1920 1444 ἀριθμητικόν.

529 1478 593 1528 10
797 1467 870 1530 ‘H
914 1470 996 1540 'fu
1038 1468 1392 1547 δίφθογγος
1422 1469 1757 1549 ψιλοῦται,
1802 1464 1949 1531 οἷον
1982 1466 2168 1544 εύλή
2212 1466 2430 1531 εὐλαί
2477 1467 2541 1532 οἱ
2571 1467 2915 1549 ςκώληκες,
2960 1467 3213 1549 εὐδία,

628 1569 932 1651 εὐθεῖα,
978 1568 1196 1652 εὐνή,
1240 1569 1461 1650 εὐχή,
1507 1567 1766 1650 εὖρος,
1811 1568 2147 1646 εὔκηλος
2189 1569 2400 1632 καὶτὰ
2432 1570 2627 1633 λοιπὰ
2665 1569 2834 1646 πλὴν
2863 1572 2982 1632 τοῦ
3012 1568 3215 1633 εὕδω

625 1673 703 1735 τὸ
748 1669 1038 1734 καθεύδω
1083 1671 1186 1733 καὶ
1228 1669 1379 1733 εὕω
1422 1671 1498 1733 τὸ
1544 1670 1835 1750 φλογίζω
1885 1669 1987 1732 καὶ
2030 1668 2262 1752 εὕρω,
2318 1669 2446 1750 ἀφ’
2490 1669 2571 1732 οὑ
2614 1670 2716 1733 καὶ
2758 1669 3039 1748 εὑρίςκω.
3113 1670 3217 1733 καὶ

628 1770 710 1835 εὑ
765 1771 910 1836 ἀντὶ
960 1772 1081 1834 τοῦ
1136 1770 1370 1835 ἑαυτοῦ
1426 1770 1584 1835 κατὰ
1638 1774 1857 1849 κρᾶςιν
1911 1773 2031 1834 τοῦ
2084 1772 2118 1833 ἒ
2171 1771 2275 1834 καὶ
2335 1771 2374 1832 ὅ
2431 1769 2521 1833 εἰς
2572 1772 2689 1849 τὴν
2733 1773 2807 1834 ε“υ
2854 1771 3214 1852 δίφθογγον

626 1873 956 1951 Δωρικῶς.
2423 1889 2429 1894 ·

528 1984 591 2035 15
795 1971 867 2035 ‘H
928 1991 991 2033 οι
1052 1972 1124 2037 ἐν
1176 1976 1316 2037 ταῖς
1371 1973 1534 2052 ὑπὲρ
1590 1972 1736 2052 μίαν
1793 1974 2110 2053 ςυλλαβὴν
2166 1972 2362 2040 λέξεςι
2417 1975 2753 2056 ψιλοῦται,
2806 1973 2863 2039 εἰ
2916 1975 2999 2052 μὴ
3051 1976 3129 2038 τὸ
3172 1996 3215 2052 μ

628 2073 969 2155 ἐπάγοιτο,
1016 2070 1161 2138 οἷον
1207 2071 1557 2154 οἷςτρος,
1604 2072 1854 2137 οἶκος·
1908 2074 1985 2137 τὸ
2030 2071 2203 2138 οἶος
2244 2073 2650 2154 ἀναφορικὸν
2697 2075 3047 2139 δαςύνεται.
3135 2077 3214 2140 τὸ

628 2173 850 2254 οἶμος
899 2173 1096 2254 οἱμῶ
1139 2175 1489 2238 δαςύνεται.
1556 2176 1632 2239 τὸ
1664 2176 1734 2238 δὲ
1767 2173 1980 2252 οἴμοι
2012 2174 2353 2253 ἐπηύξηται
2384 2174 2516 2240 ἀπὸ
2545 2177 2663 2239 τοῦ
2695 2174 2761 2238 οἴ
2791 2177 3212 2254 φιλουμένου.

796 2276 867 2339 Ἡ
927 2279 1010 2338 ’δῦ
1065 2276 1136 2340 ἐν
1189 2278 1328 2339 ταῖς
1383 2276 1545 2354 ὑπὲρ
1600 2275 1771 2354 μίαν
1802 2277 2119 2356 ςυλλαβὴν
2181 2278 2372 2343 λέξεςι
2440 2280 2771 2358 ψιλοῦται,
2839 2277 3213 2358 οὐρανός,

627 2377 859 2458 ούλή,
905 2376 1148 2458 οὐρῶ,
1194 2374 1463 2459 οὖλος,
1510 2376 1761 2454 οὐρός.
1852 2376 2056 2440 οὕτω
2101 2379 2172 2441 δὲ
2216 2378 2255 2455 ἢ
2302 2377 2549 2442 οὕτως
2594 2379 2944 2443 δαςύνεται.

523 2489 593 2540 20
797 2478 888 2542 Τὸ
934 2481 970 2556 β
1014 2475 1377 2557 ἀρχόμενον
1425 2478 1654 2546 λέξεως
1698 2478 2067 2542 δαςύνεςθαι
2112 2479 2312 2562 θέλει,
2365 2479 2486 2562 ῥά,
2532 2479 2779 2563 ῥανίς,
2837 2478 2973 2558 ράξ
3018 2481 3213 2558 χωρῖς

624 2584 742 2644 τοῦ
798 2580 919 2642 Ῥᾶ
933 2599 1067 2657 ρος
1125 2579 1281 2660 (ἔςτι
1338 2580 1410 2643 δὲ
1465 2577 1677 2658 ὄνομα
1742 2579 1994 2661 κύριον)
2057 2581 2159 2644 καὶ
2221 2582 2414 2659 χωρὶς
2477 2584 2612 2645 τῶν
2676 2581 2741 2648 ἐξ
2807 2581 3009 2645 αὐτοῦ
3065 2580 3214 2644 οἷον

627 2868 803 2920 αὑτὸς
841 2867 1056 2920 ἑαυτάς.
1125 2868 1196 2920 τὸ
1232 2866 1356 2920 αὔω
1392 2884 1568 2934 usque
1604 2867 1674 2919 ad
1711 2866 1873 2918 finem
1909 2869 2142 2934 apposui
2176 2885 2244 2919 ex
2280 2868 2344 2919 11.
2381 2870 2472 2919 Pr.
2509 2868 2553 2920 Λ
2588 2871 2717 2931 461,
2766 2870 2862 2920 ubi
2904 2874 3218 2934 sequuntur

628 2936 741 2988 ἔςτι
776 2936 885 3001 γὰρ
920 2935 1191 2988 ςύνθετον
1229 2936 1372 3001 quod
1410 2936 1675 2987 Lchrsius
1710 2936 1935 3002 supplet
1977 2935 2047 2987 τὸ
2083 2932 2319 2999 ἀφαύω,
2367 2936 2681 2987 Lobeckius
2718 2937 2910 2990 Ehem.
2950 2940 3009 2987 11
3057 2937 3214 3000 παρὰ

541 3016 542 3019 ’
626 3004 697 3055 τὸ
734 3007 769 3055 ἃ
807 3005 897 3055 καί
932 3003 1035 3054 flu».
1091 3004 1161 3054 cs.
1199 3005 1368 3055 ctiam
1406 3004 1468 3054 11.
1505 3004 1595 3052 Pr.
1625 3001 1667 3053 Ν
1695 3006 1821 3053 441:
1858 3001 1929 3053 τὸ
1965 3002 2133 3054 αὖον;
2172 3002 2492 3054 δαςυντέον
2531 3001 2779 3067 ςημαίνει
2814 3003 2876 3054 δὲ
2909 3003 2980 3055 τὸ
3017 3002 3210 3069 ξηρόν,

623 3072 671 3124 Ψ
708 3075 834 3123 32⁷:
880 3070 1183 3122 δαςυντέον
1229 3071 1319 3122 καὶ
1366 3069 1887 3135 προπεριςπαςτέον
1927 3070 1998 3121 τὸ
2042 3068 2199 3121 αὗον.
2235 3097 2301 3105 -
2337 3071 2421 3121 Dc
2456 3074 2511 3121 ’ἇί
2548 3071 2891 3136 diphthongo
2926 3072 3062 3121 hacc
3100 3086 3214 3120 ser—

628 3146 761 3190 vata
786 3145 940 3190 sunt:
977 3140 1042 3191 ΙΙ.
1069 3141 1161 3191 Pr.
1191 3138 1231 3190 Β
1259 3141 1382 3188 154:
1457 3152 1607 3202 ρεον.
1659 3136 1966 3189 δαςυντέον
1988 3137 2059 3188 τὸ
2085 3138 2280 3204 ᾔρεον·
2317 3136 2433 3189 ἀπὸ
2468 3136 2576 3201 γὰρ
2610 3140 2714 3188 τοῦ
2752 3136 2894 3202 αἱρῶ
2932 3151 3215 3201 περιςπω-

627 3206 799 3270 μένου
835 3206 926 3258 καί
962 3205 1342 3269 δαςυνομένου
1377 3220 1413 3267 γ
1480 3220 1629 3256 ονεν.
1700 3204 1750 3257 Φ
1787 3208 1913 3257 327;
1951 3202 2093 3269 αἱρῶ
2130 3203 2561 3268 περιςπώμενον
2608 3204 2901 3256 δαςύνεται
2939 3208 3213 3270 ςημαῖνον

624 3273 695 3324 τὸ
733 3272 1164 3337 καταλαμβάνω.
1233 3272 1320 3324 διὸ
1359 3273 1449 3323 καὶ
1485 3272 1680 3324 ἐνθάδε
1725 3272 2048 3324 δαςυντέον.
2117 3270 2162 3321 Ω
2196 3276 2320 3324 579:
2366 3274 2552 3337 ᾕρεον.
2622 3272 2949 3324 δαςυντέον·
2988 3272 3214 3336 ἔφαμεν

625 3341 732 3403 γὰρ
767 3342 838 3392 τὸ
874 3340 1304 3405 περιςπώμενον
1340 3338 1481 3404 αἱρω
1518 3339 1857 3391 δαςύνεςθαι.
1896 3367 1958 3376 -—
1994 3343 2078 3391 Dc
2114 3337 2337 3402 αἰμνίον
2360 3341 2540 3391 altera
2572 3340 2828 3390 vocabuli
2852 3337 3050 3403 ἀμνίον
3076 3342 3213 3390 scri-

625 3416 787 3472 ptura
824 3410 894 3458 cf.
933 3409 1113 3459 Schol.
1150 3408 1251 3459 Od.
1287 3423 1323 3470 γ
1356 3411 1485 3468 444,
1525 3409 1593 3458 dc
1631 3406 1776 3458 αἵνω
1815 3406 1909 3472 (τὸ
1947 3406 2327 3471 δαςυνόμενον
2371 3408 2464 3458 καί
2508 3406 2892 3471 βαρυνόμενον
2937 3406 3007 3458 τὸ
3051 3406 3213 3471 παρὰ

631 3474 918 3527 Ἀττικοῖς.
990 3474 1348 3541 Φερεκράτης
1383 3473 1632 3539 «αἵνειν,
1671 3473 1984 3537 mcccciv»)
2023 3475 2244 3526 diverso
2282 3477 2351 3527 ab
2388 3472 2530 3526 αἰνῶ
2568 3476 2638 3525 cf.
2672 3477 2818 3526 Mon.
2856 3478 2949 3538 24,
2989 3477 3050 3524 16
3087 3490 3212 3525 cnm

625 3542 846 3594 Lehrsii
881 3543 1262 3594 adnotatione.
1363 3542 1401 3593 l.
1428 3542 1683 3594 3Arcad.
1708 3545 1826 3605 200,
1855 3546 1903 3593 3.
1929 3569 1996 3578 -
2024 3543 2090 3592 de
2128 3539 2253 3594 εἷνα
2287 3543 2361 3592 cf.
2396 3546 2715 3594 Buttmann.
2742 3559 2964 3608 gramm.
2991 3542 3213 3593 addita-

625 3616 812 3661 menta
838 3612 893 3662 11
913 3627 964 3675 p.
991 3614 1118 3673 412,
1155 3608 1408 3661 ἐκάθιςεν
1443 3627 1539 3675 pro
1565 3608 1837 3674 ἐκάθηςεν
1872 3610 2189 3660 emendavit
2214 3612 2430 3667 Iacobi.
2469 3608 2625 3661 εἵατο
2651 3611 2843 3675 scripsi
2869 3626 2966 3674 pro
2996 3606 3212 3673 εῖαντο,

628 3679 696 3727 dc
721 3678 825 3728 hoc
853 3679 926 3727 cf.
951 3678 1021 3731 ΙΙ.
1047 3680 1135 3727 Pr.
1165 3676 1210 3729 O
1241 3682 1327 3728 10.
1365 3677 1501 3729 ἔνιοι
1525 3678 1594 3729 τὸ
1620 3675 1771 3728 εἵαθ’
1793 3676 2002 3740 ψιλῶς;
2040 3676 2211 3728 «ἐνθ’
2233 3676 2340 3742 ἄρα
2376 3676 2430 3730 οἱ
2467 3677 2631 3740 μύλαι
2657 3675 2854 3729 εἴατο»
2878 3676 3003 3740 (Od.
3026 3692 3059 3726 υ
3088 3678 3213 3741 106)

627 3742 753 3795 ἀντὶ
788 3747 893 3795 τοῦ
930 3744 1086 3808 ἣςαν.
1166 3745 1257 3795 καὶ
1296 3743 1647 3809 Ἀρίςταρχος
1689 3742 1752 3795 δὲ
1798 3743 1952 3807 ψιλοῖ
1995 3744 2066 3796 τὸ
2113 3743 2284 3796 εἴατο.
2365 3742 2576 3807 ὁμοίως
2621 3745 2712 3796 καὶ
2757 3743 2850 3796 ἐπὶ
2894 3746 2997 3795 τοῦ
3034 3743 3215 3808 «εὗρε

627 3811 686 3862 δ’
721 3810 803 3862 ἑνὶ
850 3814 984 3876 ςπῆῑ
1027 3813 1304 3878 γλαφυρῷ
1352 3811 1547 3876 Θέτιν,
1593 3810 1735 3876 ἀμφὶ
1778 3810 1841 3862 δέ
1887 3810 1949 3862 τ’
1983 3810 2146 3862 ἄλλαι
2184 3810 2335 3863 εἵαθ’
2370 3811 2715 3877 ὁμηγερέες»
2763 3812 2849 3873 (ΙΙ.
2885 3809 2930 3862 Ω
2964 3812 3083 3873 83)·
3121 3810 3213 3863 ἐκ·

626 3878 847 3942 δέχεταί
883 3893 947 3930 τε
985 3877 1159 3931 κλίςιν
1181 3880 1291 3943 τὴν
1325 3877 1441 3930 ἀπὸ
1476 3882 1581 3930 τοῦ
1610 3826 1719 3942 εἰμφί
1756 3876 1835 3930 εἰς
1862 3880 2176 3944 παθητικοῦ
2202 3877 2672 3944 ὑπερςυντελίκου
2697 3878 2903 3943 χρόνον
2929 3879 3018 3930 καὶ
3043 3892 3213 3943 μετα·

627 3946 895 4010 λαμβάνει
929 3944 1008 3999 εἰς
1043 3947 1112 3998 τὸ
1150 3946 1436 4011 ὑπῆρχον·
1475 3946 1587 4010 ἔχει
1623 3946 1684 3998 δὲ
1720 3944 2004 3998 ἑπίςταςιν
2040 3945 2089 3998 εἰ
2123 3949 2227 3998 τοῦ
2266 3946 2374 4009 εἰμί
2416 3946 2488 3999 τὰ
2525 3946 2807 4012 παθητικὰ
2851 3946 3027 3997 δύνατ
3119 3960 3213 3997 ςυ-

627 4018 819 4079 ςτήναι
856 4014 999 4066 κατὰ
1034 4013 1444 4079 ςημαινόμενον
1489 4014 1525 4078 ἢ
1571 4016 1763 4079 χρῆςιν
1802 4011 2141 4079 Ἑλληνικήν.
2214 4014 2310 4073 διὸ
2356 4015 2584 4078 ἄμεινον
2626 4013 2881 4065 δαςύνειν
2926 4013 3017 4065 καὶ
3092 4014 3213 4065 κδέ·

624 4084 811 4145 χεςθαι
848 4081 1186 4146 ἐνδιέτριβον
1232 4083 1322 4134 καὶ
1365 4080 1536 4148 ἑκάθη
1539 4096 1656 4133 ντο.
1716 4083 1785 4131 cf.
1820 4078 1865 4131 Ω
1901 4084 1984 4132 84.
2028 4108 2096 4119 -
2140 4066 2371 4148 εἱαμενή
2408 4109 2471 4119 -
2509 4080 2741 4133 ὑδάτων
2786 4083 2995 4133 inserui
3036 4098 3104 4132 ex
3140 4082 3212 4133 11.

624 4152 668 4200 Ρ
673 4166 712 4199 ι·.
753 4149 811 4201 Ο
834 4153 932 4202 031
971 4151 1042 4200 cf.
1081 4149 1132 4201 Δ
1167 4153 1283 4201 483
1419 4151 1455 4200 l.
1493 4099 1557 4200 10
1589 4149 1792 4201 Arcad.
1831 4151 1945 4211 199,
1983 4153 2066 4200 27,
2137 4148 2273 4214 εὐνή
2309 4177 2376 4186 -
2412 4148 2649 4215 εὔκηλος
2685 4149 2871 4199 addidi
2907 4165 2975 4199 ex
3009 4151 3078 4200 11.
3114 4148 3211 4199 Pr.

625 4214 668 4268 Α
707 4219 991 4280 654,ιι1)ἰ;
1032 4216 1276 4284 εὔκηλον
1310 4218 1575 4281 ψιλοθται
1612 4215 1755 4267 κατὰ
1789 4215 1893 4267 δύο
1929 4216 1997 4267 λό
2000 4230 2152 4279 γ,ους
2191 4216 2282 4267 καί
2318 4215 2405 4267 ὅτι
2439 4215 2571 4267 rc·
2535 4232 2568 4267 6
2594 4215 3028 4281 ἑπεντιθέμενον
3052 4218 3213 4281 φιλοῖ

622 4282 695 4334 τὰ
747 4284 1095 4347 δαςυνόμενα
1148 4283 1457 4348 φωνήεντα
1492 4312 1558 4320 -
1604 4283 1696 4335 καὶ
1748 4282 1836 4335 δτι
1882 4282 1917 4346 ή
1966 4288 2033 4334 ἐυ
2076 4282 2382 4348 δίφθογγος
2434 4282 2846 4350 ἐπιφερομένου
2900 4284 3213 4348 ςυμφώνου

625 4352 913 4416 ψιλοῠται,
962 4350 1100 4415 εὐνή
1155 4349 1293 4415 εὐχή
1339 4350 1517 4415 εὖρος.
1595 4349 1949 4403 ἐναντιοῦται
1992 4350 2063 4403 τὸ
2109 4350 2258 4403 εὕδω
2305 4351 2397 4402 καὶ
2442 4350 2699 4416 εὑρίςκω.
2778 4351 2847 4403 τὸ
2894 4351 3001 4415 γὰρ
3045 4350 3214 4403 εὖςεν

623 4418 1005 4482 δαςυνόμενον
1039 4417 1153 4469 ἀπὸ
1190 4417 1432 4481 θέματος
1465 4421 1569 4470 τοῦ
1608 4418 1741 4471 εὕω.
1912 4419 2048 4471 1.15
2083 4419 2280 4470 Arcad.
2321 4422 2444 4479 199,
2480 4422 2574 4484 21,
2612 4418 2648 4482 ή
2687 4434 2739 4470 οι
2774 4420 2971 4485 scripsi
3005 4435 3101 4484 pro
3137 4418 3213 4469 τὸ

623 4503 674 4539 οι
711 4495 963 4539 monente
1002 4485 1265 4539 Schmidt.
1303 4487 1611 4540 Sedinensi.
1668 4486 1739 4538 τὸ
1774 4485 1837 4538 δὲ
1872 4484 2001 4550 οἷμο
2004 4501 2021 4537 ι
2055 4503 2159 4552 usq
2160 4503 2229 4537 uc
2266 4488 2338 4538 ‘ad
2371 4486 2531 4537 finem
2568 4486 2762 4537 addidi
2799 4503 2866 4537 ex
2902 4487 2966 4535 Ε.
2990 4486 3062 4536 Μ.
3087 4487 3213 4549 618,

626 4559 714 4609 17;
752 4555 822 4606 τὸ
859 4554 1006 4619 οἴμοι
1043 4552 1378 4620 ἐπηύξηται,
1417 4555 1586 4621 φηςίν
1624 4552 1995 4620 Ἡρωδιανὸς,
2034 4504 2159 4606 ἀπὸ
2185 4557 2289 4605 τοῦ
2327 4552 2383 4605 οἴ
2416 4553 2776 4617 ψιλουμένου.
2853 4550 2927 4604 τὰ
2961 4552 3022 4604 δὲ
3059 4551 3211 4604 ἄλλα

624 4623 956 4675 δαςύνονται
994 4624 1053 4686 (i.
1089 4640 1137 4674 e.
1176 4622 1390 4688 reliqua
1425 4624 1494 4673 ab
1532 4636 1625 4683 οιμ
1660 4622 1935 4673 ordientia
1971 4622 2283 4688 vocabula).
2457 4622 2595 4675 1.18
2629 4621 2829 4674 Arcad.
2867 4623 2968 4673 200
3027 4624 3087 4671 11
3128 4623 3209 4672 cf.

622 4692 689 4741 11.
714 4692 802 4744 Pr.
827 4691 866 4743 Β
896 4694 1010 4752 153,
1038 4690 1183 4740 unde
1211 4692 1396 4755 recepi
1419 4688 1608 4753 οὖλος,
1635 4688 1820 4754 οὐράς,
1851 4689 1899 4743 Ξ
1926 4694 2043 4742 340.
2169 4690 2207 4743 l.
2233 4694 2303 4743 20
2324 4690 2519 4741 Arcad-
2543 4692 2661 4749 200,
2686 4690 2770 4740 21.
2818 4687 2890 4752 ῥά
2924 4659 3114 4738 abdidi
3144 4705 3217 4739 ex

623 4758 688 4806 11.
717 4760 805 4811 Pr.
832 4759 876 4811 Α
902 4760 985 4808 56.
1011 4773 1110 4822 pro
1135 4757 1287 4821 πλὴν
1310 4759 1415 4808 τοῠ
1442 4757 1638 4821 Ῥᾶρος
1663 4757 1756 4809 καὶ
1784 4756 2002 4823 Ῥάριον
2030 4761 2216 4825 recepi
2246 4775 2387 4824 quae
2413 4756 3218 4823 cod.Barocc.Choe1-ob.ap.

626 4824 901 4878 Gnidon-d.
929 4843 979 4891 p.
1015 4826 1114 4875 905
1147 4827 1404 4890 praebet,
1441 4827 1563 4877 ubi:
1600 4825 1670 4877 τὸ
1706 4842 1740 4891 ρ
1776 4824 2092 4891 ἀρχόμενον
2130 4825 2336 4879 λέξεως
2372 4824 2693 4877 δαςύνεςθαι
2731 4823 2877 4875 θέλει
2904 4824 3076 4890 χωρὶς
3102 4828 3217 4877 τοῦ
