3664 5546
627 369 757 434 244
1379 384 1386 391 ·
1561 370 1643 424 ΕΚ
1682 369 1819 424 ΤΩΝ
1864 369 2268 427 ΗΡΩΔΙΑΝΟΥ

628 541 999 624 εὔχρους,
1056 540 1443 607 (κιάπους
1499 542 1686 607 ἔθνος
1739 540 2136 623 Αἰθιοπικόν,
2193 540 2283 604 ὡς
2337 538 2660 603 Ἑκαταῖος
2714 537 2783 601 ἐν
2840 537 3198 616 περιηγήςει

625 644 978 729 Αἰγύπτου,
1022 644 1327 710 Ἰάπους
1371 644 1559 709 ἔθνος
1608 643 1903 709 Κελτικὸν
1947 644 2111 722 πρὸς
2152 649 2229 727 τῇ
2274 641 2556 726 Ἰλλυρίᾳ.
2612 639 2956 704 Διονύςιος
2998 639 3197 703 ἑκκαι-

628 747 890 831 δεκάτῳ.
977 746 1378 829 τριόδους,
1422 745 1825 811 κυνόδους.

794 849 890 914 Τὰ
940 847 1030 914 εἰς
1073 851 1173 913 *aff
1224 848 1516 928 ἀρςενικὰ
1571 848 2159 928 περιττοςυλλάβως
2213 846 2553 926 κλινόμενα
2607 845 2707 910 καὶ
2761 844 2867 909 διὰ
2919 847 3200 923 καθαροῦ

568 953 747 1016 5τοῦ
789 955 872 1014 ὀἶ
916 949 1330 1033 βαρύνονται,
1374 951 1604 1033 ἥρως,
1654 950 1947 1033 Μίνως,
2002 949 2346 1031 πάτρως,
2398 948 2711 1028 μήτρως.
2796 947 3062 1028 Ἄθως,
3118 943 3200 1010 οὗ

625 1053 665 1131 ἡ
710 1052 900 1119 κλίςις
954 1053 1126 1131 διττὴ
1182 1054 1285 1118 καὶ
1325 1055 1573 1118 Ἄθωος
1628 1054 1729 1117 καὶ
1770 1053 1958 1117 Ἄθω.
2045 1051 2173 1117 ἔςτι
2229 1053 2300 1116 δὲ
2356 1050 2509 1128 ὄρος
2554 1049 2803 1132 Θρᾴκης
2857 1047 2988 1113 ἀπὸ
3029 1048 3200 1113 Ἄθω

627 1155 957 1238 γίγαντος,
1006 1155 1095 1220 ὡς
1142 1155 1493 1235 Νίκανδρος
1536 1155 1802 1238 πέμπτῳ
1848 1158 1959 1232 τῆς
2003 1152 2367 1233 Εὐρωπείας

929 1257 1029 1321 καί
1073 1278 1166 1321 τις
1211 1257 1382 1322 Ἄθω
1424 1257 1615 1322 τόςον
1659 1256 1830 1335 ὕψος
1874 1255 2030 1321 ἰδὼν
2076 1256 2348 1335 Θρήῑκος
2393 1255 2509 1320 ὑπ’
2551 1254 2802 1333 ἄςτροις

931 1359 1154 1424 ἔκλυεν
1200 1358 1280 1422 ού
1325 1359 1629 1438 δηθέντος
1673 1357 2004 1444 ἀμετρήτῳ
2050 1359 2177 1423 ὑπὸ
2224 1357 2440 1443 λίμνῃ,

539 1467 597 1518 10
934 1461 1009 1526 ὃς
1053 1460 1348 1526 ἀναποῦν
1393 1461 1651 1541 χείρεςςι
1695 1460 1815 1525 δύο
1863 1460 2145 1540 ῥίπτεςκε
2192 1461 2462 1540 βέλεμνα

705 1572 710 1577 ’
934 1560 1237 1643 ἠλιβάτου
1281 1564 1692 1642 προθέλυμνα
1739 1562 2163 1643 Καναςτραίης
2205 1562 2412 1642 πάρος
2456 1561 2664 1641 ἄκρης.

631 1664 871 1744 εἴρηται
916 1666 986 1729 δὲ
1031 1664 1133 1728 καὶ
1172 1665 1407 1730 Ἄθοος
1464 1665 1554 1729 ώς
1608 1666 1684 1730 τὸ
1743 1662 1879 1730 Κῶς
1928 1664 2106 1730 Κόος.
2196 1666 2441 1741 λέγεται
2494 1665 2598 1729 καὶ
2655 1662 2812 1727 κατὰ
2857 1661 3201 1740 ςυναίρεςιν

628 1768 878 1833 Ἄθους.
964 1766 1089 1831 ἔςτι
1125 1766 1206 1831 δὲ
1249 1769 1353 1833 καὶ
1393 1768 1610 1833 Ἄθως·
1642 1768 1827 1832 πόλις
1874 1767 1977 1831 ἐπὶ
2020 1773 2111 1851 τῷ
2153 1768 2341 1850 Ἄθῳ.
2884 1785 2893 1799 ·

800 1869 894 1934 Τὰ
947 1868 1036 1934 είς
1080 1871 1180 1936 'ffie
1225 1870 1398 1935 ἁπλᾶ
1441 1870 1546 1935 διὰ
1599 1873 1715 1935 τοῦ
1757 1873 1879 1935 ’ῖὸἶ
1922 1869 2293 1952 κλινόμενα,
2351 1868 2405 1933 εἰ
2460 1872 2663 1951 μακρᾷ
2714 1865 3107 1948 παραλήγοι,
3161 1866 3201 1942 ἢ

535 1976 595 2028 15
631 1971 930 2052 μετοχικὰ
984 1971 1144 2039 ὄντα
1198 1972 1518 2056 ὀξύνεται,
1576 1971 1853 2055 εὐρώς,
1907 1970 2175 2054 ἱδρώς,
2233 1971 2584 2050 Ἀραρώς.
2683 1969 2809 2034 ἔςτι
2867 1970 2938 2033 δὲ
2999 1966 3207 2047 ὄνομα

630 2077 749 2138 τοῦ
794 2073 936 2138 υἱοῦ
979 2079 1095 2139 τοῦ
1139 2074 1667 2157 Ἀριςτοφάνους,
1712 2074 2185 2139 ὑποδεδιώς·
2230 2072 2355 2137 ἔςτι
2402 2074 2472 2138 δὲ
2517 2070 2692 2137 εἶδος
2735 2070 2987 2150 ὀρνέου.
3033 2071 3088 2135 εἰ
3132 2072 3202 2135 δὲ

632 2175 891 2257 ἰαμβικὰ·
941 2175 1217 2258 ὑπάρχοι
1273 2177 1377 2241 διὰ
1431 2179 1549 2241 τοῦ
1602 2181 1716 2241 ἧς
1771 2174 2143 2258 κλινόμενα,
2201 2175 2565 2257 βαρύνεται,
2631 2174 2909 2257 γέλως,
2976 2172 3203 2255 ἔρως,

635 2279 932 2344 Νέπως·
978 2278 1104 2344 ἔςτι
1148 2280 1220 2344 δὲ
1264 2278 1472 2358 ὄνομα
1501 2278 1712 2357 ὄρους.
1771 2278 1847 2343 τὸ
1893 2278 1963 2342 δὲ
2008 2277 2248 2342 Εἵλως
2293 2275 2423 2341 ἀπὸ
2468 2280 2585 2341 τοῦ
2629 2277 2831 2341 Ἕλως
2874 2275 3204 2355 προςθέςει

632 2383 750 2445 τοῦ
792 2383 842 2444 ἶ.
916 2380 1188 2446 Εἵλωτες
1233 2380 1299 2444 δ’
1342 2380 1493 2445 εἰςὶν
1539 2380 1602 2445 οἱ
1645 2383 2086 2462 κατοικοῦντες
2129 2380 2244 2459 τὴν
2291 2379 2720 2458 Μεςςηνιακὴν
2765 2378 2954 2443 πόλιν
2998 2377 3207 2442 Ἕλος.

531 2487 598 2538 20
634 2481 930 2558 λε’γονται
973 2484 1076 2546 καὶ
1117 2482 1381 2547 Εἱλῶται
1426 2483 1527 2547 καὶ
1555 2483 1786 2547 Ἕλειοι
1832 2481 1934 2546 καὶ
1974 2480 2252 2545 Ἑλεῖται.
2311 2479 2374 2544 οἱ
2417 2482 2488 2544 δὲ
2521 2479 3000 2559 Λακεδαιμόνιοι
3044 2480 3203 2544 πάν-

632 2604 745 2648 τας
788 2585 943 2649 τοὺς
987 2584 1265 2650 δούλους
1308 2584 1585 2649 Εἵλωτας
1639 2587 1951 2649 καλοῦςιν.
2042 2583 2335 2659 λέγονται
2390 2584 2461 2646 δὲ
2517 2582 2788 2647 Εἵλωτες
2842 2583 2944 2647 καὶ
2996 2582 3059 2648 οἱ
3103 2582 3206 2645 ἐπὶ

632 2685 928 2771 Ταινάρῳ
974 2685 1256 2765 Εάτυροι.

805 2789 898 2854 Τὰ
943 2788 1074 2854 ἀπὸ
1119 2789 1596 2869 παρακειμένου
1642 2789 2019 2854 ςυντεθὲντα
2065 2789 2169 2853 διὰ
2212 2792 2331 2853 τοῦ
2374 2793 2487 2853 ῐὸς
2538 2788 2877 2867 κλινόμενα
2920 2783 3208 2854 ὀξύνεται

633 2888 930 2975 ἀπτώς,
985 2891 1258 2968 ἀγνώς.
1347 2891 1472 2956 ἔςτι
1526 2892 1598 2956 δὲ
1650 2893 1753 2956 καὶ
1806 2892 2180 2967 Ἀγνῶτες
2246 2890 2435 2956 ἔθνος
2504 2890 2794 2969 Κελτικῆς
2853 2891 3027 2968 παρὰ
3090 2891 3204 2954 τὸν

531 3000 597 3050 25
634 2991 954 3076 ὠκεανόν,
1000 2993 1092 3057 ὡς
1137 2993 1609 3072 Ἀρτεμίδωρος.

803 3094 896 3159 Τὰ
951 3093 1040 3159 εἰς
1100 3098 1200 3159 Ua?
1253 3095 1518 3159 ςύνθετα
1572 3093 1704 3160 ἀπὸ
1760 3100 1891 3161 τῶν
1928 3095 2029 3159 ἐἰς
2074 3099 2174 3158 ἀἶς
2219 3095 2719 3174 μονοςυλλάβων
2764 3094 3205 3174 παροξύνεται,

633 3197 758 3261 Ζώς
802 3195 1107 3277 ἀείζως,
1152 3196 1322 3275 χρώς
1367 3196 1832 3275 λευκόχρως.
1918 3197 1993 3262 τὸ
2041 3195 2258 3275 μέντοι
2303 3196 2672 3275 ὑποδμώς
2718 3196 3206 3260 «Ποςειδάωνος

635 3297 979 3377 ὑποδμώς»
1025 3298 1090 3379 (δ
1134 3297 1287 3379 386)
1343 3298 1634 3365 ὀξύνεται
1692 3298 1782 3362 ώς
1824 3299 2268 3377 παρέλκουςαν
2315 3298 2469 3378 ἔχον
2513 3299 2630 3376 τὴν
2676 3296 2818 3361 ὑπό.

801 3399 908 3464 Τὰ
951 3397 1038 3464 εἰς
1085 3404 1182 3463 ’ῶξ
1238 3399 1504 3465 ςύνθετα
1555 3399 1686 3464 ἀπὸ
1740 3403 1871 3466 τῶν
1928 3400 2016 3465 εἰς
2060 3404 2158 3464 ἀῖ
2212 3399 2714 3480 πολυςυλλὰβων
2765 3400 3206 3481 παροξύνεται,

536 3499 800 3578 3οἔρως
854 3500 1274 3584 χρυςέρως,
1330 3502 1524 3581 ἱδρώς
1578 3502 1969 3581 λυςίδρως.
2068 3504 2145 3567 τὸ
2199 3503 2272 3567 δὲ
2328 3503 2676 3580 δύςερως
2728 3503 2831 3566 καὶ
2883 3500 3206 3582 φιλόγε-

639 3604 788 3666 λως
831 3603 935 3666 καὶ
977 3603 1057 3666 τὰ
1100 3607 1362 3668 τοιαῦτα
1407 3604 1650 3669 Ἀττικὰ
1694 3603 1854 3668 ὄντα
1878 3603 2515 3683 ’προπαροξύνονται

806 3702 899 3767 Τὰ
953 3703 1042 3768 εἰς
1083 3707 1187 3769 ’ῶέ
1240 3706 1483 3770 Ἀττικὰ
1538 3705 1919 3785 ὁμοτονοῦςι
1974 3706 2269 3789 ἐκείνοις,
2323 3706 2449 3787 ἀφ’
2505 3705 2597 3771 ὧν
2665 3705 3206 3787 ἐςχηματίςθηςαν,

638 3803 794 3869 ναός
837 3806 1063 3890 νεώς,
1112 3807 1266 3872 λαός
1311 3808 1533 3890 λεώς,
1578 3807 1774 3874 κάλος
1804 3808 2085 3893 κάλως,
2117 3809 2368 3874 Τάλος
2399 3808 2698 3873 Τάλως’
2743 3807 2870 3872 ἔςτι
2902 3809 2971 3871 δὲ
3002 3807 3209 3886 ὄνομα

637 3907 890 3992 κύριον,
950 3909 1281 3974 Μενέλαος
1328 3909 1770 3994 Μενέλεως,
1826 3910 2065 3976 Ἰόλαος
2109 3912 2438 3993 Ἰόλεως,
2497 3909 2861 3989 Τυνδάρεος
2912 3909 3207 3974 Τυνδά-

639 4128 892 4195 εὔχρους,
930 4125 1204 4196 τριόδους,
1241 4130 1511 4183 κυνόδους
1548 4149 1615 4182 ex
1652 4132 1846 4184 Choer
1874 4134 2020 4183 Dict.
2045 4135 2161 4198 238,
2199 4134 2230 4183 8
2267 4139 2324 4184 et
2357 4136 2473 4197 240,
2500 4138 2549 4196 3,
2587 4134 2679 4184 ubi
2714 4133 2914 4183 vitiose
2950 4128 3208 4182 ἀκλίνους

641 4215 735 4264 pro
774 4196 1063 4251 Ἀλκίνους
1100 4202 1358 4265 scriptum
1397 4206 1497 4252 est.
1642 4201 1675 4250 l.
1713 4203 1745 4251 5
1780 4200 1967 4253 Ἄθως
2002 4201 2194 4251 addidi
2232 4219 2299 4252 ex
2336 4173 2509 4253 St.1'3.
2648 4198 3074 4264 1.15Ἀραρώς
3111 4215 3208 4266 pro

638 4265 861 4331 ἀραρώς
898 4269 1118 4334 scripsi,
1158 4284 1334 4333 neque
1372 4270 1515 4318 enim
1553 4269 1621 4319 de
1663 4270 1996 4335 participiiS,
2044 4270 2141 4320 sed
2188 4269 2254 4320 de
2291 4269 2734 4336 participialibus
2777 4269 2985 4334 agitur
3028 4273 3085 4318 et
3120 4284 3208 4318 ex·

638 4336 784 4401 plevi
822 4353 888 4387 ex
926 4336 1119 4388 Choer.
1159 4337 1306 4386 Dict.
1345 4339 1473 4398 202,
1511 4340 1568 4398 2,
1617 4337 1858 4387 indidem
1904 4354 1999 4401 pro
2045 4336 2385 4402 ὑπερδεδιώς
2432 4339 2625 4403 scripsi
2669 4335 2978 4388 ὑποδεδιώς
3025 4342 3081 4386 et
3123 4351 3213 4386 ex·

640 4403 805 4467 plevi.
881 4402 1085 4456 Νέπως
1122 4406 1358 4455 accessit
1403 4421 1469 4455 ex
1508 4403 1703 4458 Choer
1741 4407 2016 4469 Diet.65‚
2058 4409 2119 4456 17
2158 4414 2214 4456 et
2249 4408 2374 4469 256,
2413 4407 2494 4455 26.
2564 4406 2747 4457 Verba
2788 4403 3072 4469 προςθέςει
3106 4405 3209 4454 τοῦ

635 4472 1471 4602 ΞΟἪἚηὲῗιιῗῖθὲὀτῗῑιξὲιίἶι
1485 4444 2059 4604 &iffsscsswffi‘iszjff
2073 4473 2340 4600 δοῖἳῖἕέὸ
2367 4473 2521 4592 ῗῖἔῖἰ,
2548 4475 2871 4604 ἓθὲμέἒοέἶ
2891 4474 3055 4593 33⁰3*
3070 4475 3213 4591 κίἱὸᾰ

639 4619 695 4656 τι
731 4605 982 4671 ἑτεροῖον
1018 4607 1086 4673 δη
1090 4608 1301 4659 λοῠςιν·
1340 4606 1401 4659 ἐν
1437 4610 1577 4669 γοῦν
1613 4612 1731 4660 τοῖς
1770 4608 2112 4674 Ἡρωδιανοῠ
2152 4610 2409 4675 εὕρηται,
2458 4608 2546 4660 ὅτι
2581 4607 2824 4661 Εἵλωτες
2868 4607 2921 4661 οἱ
2956 4607 3047 4660 ἐπὶ
3086 4606 3212 4659 Ται-

646 4672 801 4741 νάρῳ
840 4624 1090 4741 (άτυροι.
1160 4678 1243 4726 De
1280 4673 1448 4741 ἱδρώς
1486 4681 1544 4726 et
1581 4674 1761 4742 εὐρώς
1798 4679 1871 4730 cf.
1909 4678 1973 4728 11.
2006 4681 2096 4730 Pr.
2134 4677 2186 4730 Δ
2221 4681 2336 4729 227.
2407 4677 2597 4728 Canon
2635 4678 2856 4728 transiit
2891 4679 2947 4728 in
2983 4678 3082 4742 Ep.
3120 4677 3215 4726 Cr.

648 4743 676 4793 1
710 4742 1507 4806 210,1.1.24Ἀγνῶτες
1544 4744 1735 4794 addidi
1770 4761 1838 4795 ex
1875 4746 1955 4796 St.
1992 4747 2053 4798 B.
2214 4747 2251 4799 1.
2288 4749 2351 4796 27
2390 4747 2558 4796 verba
2594 4746 2885 4796 Homerica
2922 4745 3111 4796 addidi
3147 4760 3213 4794 ex

637 4809 700 4859 ΙΙ.
737 4811 825 4860 Pr.
861 4809 913 4862 Δ
947 4815 1065 4862 423.
1271 4811 1304 4860 l.
1340 4816 1405 4862 29
1452 4827 1547 4876 pro
1594 4811 1830 4863 ςύνθετα
1868 4813 2262 4878 πολυςύλλαβα
2305 4812 2421 4865 ἀπὸ
2464 4816 2586 4865 τῶν
2622 4812 2701 4866 εἰς
2738 4830 2816 4866 ως
2853 4809 3046 4880 sc'ripsi
3091 4811 3213 4864 ςύν-

637 4877 776 4927 θετα
811 4875 925 4929 ἀπὸ
961 4880 1084 4929 τῶν
1120 4875 1198 4930 εἰς
1234 4881 1318 4931 tas—c
1343 4877 1798 4944 πολυςυλλάβων.
1943 4880 1978 4930 l.
2015 4887 2080 4934 33
2115 4881 2327 4946 κάλως,
2366 4880 2592 4947 Τάλως,
2629 4881 2960 4947 Μενέλεως,
2996 4879 3214 4933 Ἰόλεως
