3664 5546
662 397 783 462 116
1595 394 1676 449 εκ
1713 394 1854 448 rou
1898 379 2338 448 ΗΡΩΔιΑΝοΥ’

658 568 840 647 ληός
886 566 1159 632 Βοιώτιά
1202 565 1312 631 εἰςι
1357 566 1461 631 καὶ
1502 566 1661 629 κατὰ
1688 565 1937 643 τροπὴν
1983 568 2094 643 τῆς
2135 567 2203 628 ’ᾶῖ
2245 563 2606 643 διφθόγγου
2637 561 2896 638 ἐγένετο
2942 561 3046 624 καὶ
3087 580 3246 638 προ-

655 673 1028 748 περιςπᾶται
1072 670 1178 733 καὶ
1222 668 1529 736 ὀξύνεται.
1589 668 1665 731 τὸ
1711 669 1783 732 δὲ
1827 667 2073 747 ὄρηος
2115 667 2219 731 καὶ
2261 666 2570 743 Λύκηος
2614 663 2948 729 Λακωνικά
2990 662 3100 728 εἰςι
3146 663 3249 726 καὶ

656 771 1210 850 προπαροξύνεται
1268 771 1371 835 καὶ
1427 770 1590 834 αὐτὰ
1643 769 1802 833 κατὰ
1858 770 2106 847 τροπὴν
2167 772 2279 846 τῆς
2343 772 2398 832 εἶ
2442 767 2800 847 διφθόγγου
2846 766 2934 830 εἰς
2978 769 3018 843 ἦ
3061 785 3247 841 γεγο-

657 874 830 938 νότα.
919 873 1279 952 πρόςκειται
1324 871 1499 937 ἁπλᾶ
1542 872 1647 936 διὰ
1690 872 1766 936 τὸ
1813 870 2100 950 εὔνηος
2145 872 2246 935 καὶ
2293 870 2651 949 Ἐχένηος
2697 869 2800 933 καὶ
2843 868 3249 947 πολύνηος

597 986 629 1035 5
663 976 929 1041 ςύνθετα
989 974 1626 1055 προπαροξυνόμενα.
1713 973 1890 1051 παρὰ
1945 974 2069 1051 γάρ
2124 974 2199 1038 τὸ
2245 976 2401 1039 ναῦς
2458 972 2612 1051 νηός
2657 971 2971 1051 ςυνετέθη.
3059 971 3134 1036 τὸ
3178 971 3249 1035 δὲ

658 1079 860 1156 πηός
905 1074 1007 1142 καὶ
1050 1078 1209 1142 αὐτὸ
1256 1076 1325 1140 ἐκ
1368 1076 1616 1141 πάθους
1661 1075 2060 1155 διςύλλαβον.

829 1180 924 1245 Τὰ
967 1180 1072 1244 διὰ
1101 1182 1218 1244 τοῦ
1263 1165 1402 1243 δίἶξ
1444 1177 2034 1261 προπαροξύνεται,
2081 1176 2135 1241 εἰ
2181 1179 2261 1256 μὴ
2293 1177 2678 1256 τριςύλλαβα
2707 1175 2869 1241 ὄντα
2911 1175 3251 1256 τριβράχεα

662 1282 961 1360 εὑρεθῶςι
1006 1282 1108 1346 καὶ
1152 1281 1565 1360 παροξύτονα
1607 1282 1771 1360 πρὸς
1815 1280 2154 1357 διαςτολήν
2211 1279 2444 1357 κυρίων
2501 1279 2603 1342 καὶ
2648 1277 2988 1360 ἐπιθέτων,
3042 1278 3249 1355 ὥςπερ

660 1383 791 1463 ἔχει
834 1385 909 1448 τὸ
954 1383 1257 1449 Ῥοδίος
1304 1381 1626 1460 «Κάρηςός
1667 1402 1735 1446 τε
1780 1380 2028 1446 Ῥοδίος
2072 1402 2182 1446 τε»
2230 1381 2324 1463 (Μ
2369 1379 2481 1461 20)
2521 1382 2626 1471 καὶ
2683 1379 3009 1460 (χεδίος
3059 1378 3249 1458 «(χε-

562 1494 629 1547 10
663 1487 805 1552 δίον
861 1486 929 1549 δ’
988 1486 1091 1550 ἕλε
1148 1486 1375 1564 Λήϊτος
1430 1485 1641 1563 ἥρως»
1699 1482 1782 1565 (Ζ
1825 1482 1930 1562 35,
1978 1482 2030 1547 Ο
2074 1482 2229 1563 515)
2285 1483 2389 1547 καὶ
2443 1480 2654 1546 Ὁδίο
2676 1503 2723 1547 ς.
2823 1481 2919 1546 Τὰ
2975 1483 3046 1546 δὲ
3091 1502 3249 1560 προ-

663 1588 1075 1667 παροξύτονα
1117 1591 1346 1670 ταῦτα,
1389 1585 1626 1668 ἴδιος,
1687 1584 1983 1668 ἀΐδιος,
2041 1585 2450 1666 μαψίδιος,
2507 1585 2964 1667 παυρίδιος,
3009 1583 3249 1663 ἁρμό-

666 1696 867 1773 διος,
912 1690 1381 1771 νυμφίδιος,
1442 1687 1874 1771 φωρίδιος,
1932 1686 2505 1770 ἐπιμαςτίδιος,
2563 1686 2906 1768 ῥηῖδιος,
2962 1685 3249 1764 θνηθά-

666 1796 868 1874 διος,
913 1791 1434 1873 κρυπτάδιος,
1483 1789 1914 1873 Μυςάδιος,
1957 1788 3014 1872 Ὑςςάδιος,,μινυνθάδιος,
3070 1811 3251 1870 τυμ-

669 1894 955 1977 βίδιος,
1016 1894 1459 1975 Ἀρκάδιος,
1527 1890 1856 1970 ὠμίδιος
1933 1892 2036 1956 καὶ
2114 1890 2578 1974 ἐπωμίδιος,
2645 1890 3015 1973 Ἐξάδιος,
3081 1891 3298 1956 Κνί-“

569 2004 630 2055 15
666 1999 871 2078 διος,
944 1996 1411 2078 Ἐχινάδιος,
1487 1993 2075 2058 Ἐπιλευκάδιος
2150 1993 2226 2058 τὸ
2297 1992 2552 2057 ἐθνικόν
2622 1994 2730 2078 ,καὶ
2795 1993 3252 2058 Ἐπιλευκάδιοι

666 2096 851 2162 πόλις
903 2098 1059 2177 μετά
1114 2095 1558 2175 Ἀκαρνανίαν·
1644 2095 1968 2160 Ἑκαταῖος
2011 2094 2302 2179 Εὐρώπῃ.
2390 2093 2775 2177 Ἀράδιος,
2832 2095 3248 2181 Τενέδιος,

667 2198 1071 2283 Λεβέδιος,
1116 2198 1551 2277 Ψωφίδιος·
1605 2197 1931 2263 Ἑκαταῖος
1967 2200 2429 2273 .γενεαλογιῶν
2492 2196 2773 2281 δευτέρῳ
2828 2198 3113 2276 «κάπρος
3167 2197 3247 2277 ἦν

667 2300 737 2366 ἐν
782 2307 873 2386 τῷ
929 2300 1067 2380 ὄρεϊ
1119 2301 1223 2365 καὶ
1275 2300 1648 2379 Ψωφιδίους
1705 2300 1867 2365 κακὰ
1921 2300 2137 2363 πολλὰ
2192 2299 2484 2378 ἔοργεν».
2572 2298 2975 2381 Αὐλίδιος,
3033 2299 3250 2364 Δαυ-

667 2403 948 2487 λίδιος,
1006 2403 1466 2486 Βουλίδιος,
1522 2402 1899 2485 Ἠλίδιος,
1959 2401 2413 2485 Μιμνίδιος,
2475 2400 2923 2484 Λυχνίδιος,
2982 2403 3275 2467 ’Aeno--

563 2515 633 2567 20
668 2505 1055 2589 λαθίδιος,
1110 2504 1531 2588 Ἀλγίδιος,
1590 2503 1979 2586 Ἰςίνδιος,
2049 2501 2465 2587 (ιςίνδιος,
2537 2504 2997 2582 Ἀλαρόδιος
3063 2504 3253 2569 ἔθνος

666 2608 812 2685 περὶ
854 2608 968 2671 τὸν
1013 2607 1273 2671 Πόντον
1332 2607 1423 2671 ὡς
1466 2605 1815 2684 Ἡρόδοτός
1860 2625 2053 2684 φηςιν
2097 2603 2346 2687 (3,.94.
2394 2605 2454 2686 7,
2505 2604 2633 2686 79).
2724 2607 3121 2686 ςεςημείωται
3177 2608 3252 2671 τὸ

669 2708 997 2794 ἐρῳδιός
1042 2708 1452 2788 ὀξυνόμενον.
1542 2706 2001 2787 ἐξηκολούθηςε
2058 2708 2129 2771 δὲ
2184 2710 2321 2772 τοῖς
2372 2706 2477 2770 ἐπὶ
2522 2705 2787 2786 ὀρνέων.
2875 2710 2955 2773 τά
2997 2711 3119 2788 γάρ
3165 2708 3253 2773 εἰς

665 2815 750 2876 ὃίἶ
792 2813 1037 2891 καθαρά
1080 2818 1172 2896 τῷ
1215 2812 1249 2875 ῖ
1300 2810 1798 2890 παραληγόμενα
1852 2809 2014 2888 ὑπὲρ
2068 2812 2238 2888 τρεῖς
2295 2811 2607 2890 ςυλλαβὰς
2664 2809 2768 2874 ἐπὶ
2812 2810 3062 2890 ὀρνέων
3109 2811 3252 2879 ὀξύ-

669 2933 922 2996 νονται,
975 2913 1298 2996 αἰγυπιός,
1355 2913 1732 2995 χαραδριός,
1790 2911 2148 2993 βομβυλιός.
2236 2911 2408 2976 οὕτω
2463 2912 2565 2976 καὶ
2619 2912 2904 2996 ἐρῳδιός.
3003 2914 3253 2990 λέγεται

567 3028 633 3076 25
669 3016 771 3079 καὶ
816 3014 1050 3098 ῥῳδιός
1092 3015 1269 3094 παρὰ
1311 3014 1687 3080 Ἱππώνακτι
1736 3018 2087 3093 «κνεφαῖος
2132 3013 2340 3080 ἐλθὼν
2395 3013 2610 3100 ῥῳδιῷ
2642 3013 2734 3097 (P)
2779 3016 3191 3096 κατηυλίςθην
3207 3042 3252 3080 ».

668 3117 771 3181 καὶ
816 3117 906 3181 ὡς
950 3118 1065 3196 μὲν
1109 3118 1273 3196 πρὸς
1316 3119 1432 3197 τὴν
1478 3117 1814 3195 ςυνήθειάν
1859 3116 2024 3182 ἐςτιν
2068 3114 2426 3201 ἀφαίρεςις,
2485 3117 2576 3183 ὡς
2623 3118 2694 3182 δὲ
2738 3119 2902 3197 πρὸς
2944 3119 3060 3184 τὸν
3108 3138 3250 3198 ςχη-

671 3396 772 3442 est.
841 3392 983 3442 Nam
1017 3389 1292 3440 dialectus
1326 3387 1555 3440 Aeolica
1599 3393 1889 3440 accentum
1932 3406 2042 3440 non
2086 3390 2308 3440 omnino
2356 3390 2590 3441 retrahit
2631 3406 2808 3455 neque
2857 3389 3161 3458 dipthongo
3194 3391 3253 3442 ’(ῖι

670 3461 728 3509 in
762 3461 801 3522 ῆ
836 3474 999 3510 versa
1035 3463 1231 3520 mutat,
1267 3458 1425 3507 Eust.
1457 3459 1572 3514 365.
1609 3459 1675 3507 26
1708 3457 1767 3506 id
1804 3462 2020 3509 tantum
2058 3463 2318 3509 annotat:
2362 3457 2641 3523 λεγόμενη
2681 3475 2777 3525 pro
2826 3458 3123 3522 λεγόμεναι
3162 3476 3251 3510 ac-

672 3533 892 3578 centum
925 3528 984 3577 in
1020 3525 1491 3591 antepaenultima
1526 3525 1781 3577 retinere.
1831 3528 2012 3589 Quare
2049 3525 2274 3576 Arcadii
2307 3528 2477 3577 verba
2515 3527 2596 3577 sic
2632 3532 2694 3576 ut
2720 3527 2928 3576 factum
2957 3532 3062 3592 est,
3098 3543 3254 3593 prae-

672 3600 838 3645 eunte
886 3593 1192 3644 Schmidtio
1235 3594 1536 3645 immutavi.
1609 3594 1681 3644 cf.
1728 3593 1945 3645 Ahrens
1991 3594 2058 3644 de
2107 3593 2233 3644 dial.
2280 3593 2433 3644 Aeol.
2485 3596 2578 3645 187
2627 3594 2750 3645 coll.
2799 3597 2922 3660 167,
2967 3595 3034 3646 de
3081 3595 3252 3660 ὀρηος

671 3663 883 3712 Ahrens
921 3661 988 3712 de
1026 3661 1156 3712 dial.
1193 3664 1324 3712 Dor.
1362 3678 1412 3728 p.
1455 3663 1565 3711 163.
1756 3661 1792 3712 1.
1829 3663 1862 3712 8
1899 3678 1996 3727 pro
2032 3659 2446 3726 παροξύνονται
2492 3663 2690 3728 scripsi
2726 3661 3096 3727 παροξύτονα.
3165 3664 3251 3713 Ad

673 3727 883 3783 Ῥοδίος
918 3730 1109 3780 addidi
1145 3746 1211 3779 ex
1245 3731 1391 3780 Mon.
1430 3731 1512 3792 18,
1552 3732 1613 3780 16
1649 3731 1818 3780 verba
1855 3731 2175 3792 Homerica,
2215 3732 2286 3780 ad
2324 3745 2464 3795 quae
2503 3731 2560 3779 in
2582 3730 2648 3781 11.
2676 3731 2763 3780 Pr.
2789 3736 3113 3782 annotatum
3138 3736 3253 3783 est:

672 3796 881 3851 Ῥοδίος
918 3795 1410 3863 παροξυτονητέον
1447 3795 1526 3848 ὡς
1561 3797 1768 3861 κύριον.
1976 3798 2011 3851 l.
2049 3801 2081 3849 9
2125 3798 2197 3848 ad
2233 3796 2458 3862 Εχεδίος
2494 3800 2727 3864 apposui
2772 3800 2967 3863 verba,
3005 3815 3146 3865 quae
3184 3815 3251 3850 ex

672 3867 885 3917 duobus
922 3868 1175 3917 versibus
1211 3867 1518 3917 Homericis
1540 3863 1589 3917 Ζ
1611 3869 1677 3917 36
1713 3865 1976 3918 Φύλακον
2011 3865 2071 3917 δ’
2107 3864 2199 3917 ἕλε
2237 3865 2441 3931 Λήϊτος
2463 3867 2644 3931 ἥρως,
2686 3866 2731 3919 O
2758 3870 2857 3919 515
2881 3866 3009 3918 ἔνθ’
3032 3865 3252 3932 Ἕκτωρ

674 3933 776 3997 μὲν
823 3933 916 3985 ἕλε
965 3933 1194 3998 (Σχεδίον
1238 3935 1532 3984 memoriae
1579 3934 1740 3999 lapsu
1786 3935 2127 3984 commiscuit
2164 3935 2367 3988 Herod.
2415 3933 2596 3986 Ὀδίος
2642 3935 2833 3986 addidi
2879 3951 2946 3985 ex
2993 3936 3250 3990 Eustath.

672 4001 790 4054 l‘oco
826 4005 896 4053 ab
932 4003 1252 4054 Herodiano
1291 4003 1464 4067 petito
1501 4019 1552 4066 p.
1588 4003 1689 4052 890
1735 4001 1767 4053 6
1805 4000 2016 4054 Ῥοδίος
2052 4001 2308 4065 ποταμὸς
2353 4017 2432 4054 πα
2468 4001 2754 4056 οξυτόνως
2791 4002 3135 4068 προφέρεται
3171 4002 3252 4055 ὡς

673 4069 705 4121 6
743 4068 923 4122 Ὀδίος
959 4070 1049 4121 καὶ
1086 4071 1119 4122 6
1156 4068 1361 4122 Δολίος
1397 4069 1488 4121 καὶ
1525 4069 1557 4121 6
1595 4067 1795 4133 Τυχίος
1830 4070 1923 4121 καὶ
1958 4068 2030 4121 τὰ
2066 4069 2229 4134 ὅμοια
2253 4071 2408 4135 τριβρ
2449 4085 2549 4135 χεα
2573 4070 2746 4136 κύρια.
2784 4073 2856 4125 cf.
2880 4074 2944 4121 Ε.
2969 4073 3043 4126 Μ.
3070 4070 3252 4123 Ὀδίος

672 4137 785 4203 πρὸ
821 4137 1019 4190 τέλους
1057 4137 1092 4202 ἡ
1132 4139 1309 4203 ὀξεῖα,
1347 4136 1472 4190 ἐπεὶ
1508 4136 1701 4202 κύριόν
1738 4137 1874 4189 ἐςτι·
1910 4136 1981 4189 τὸ
2016 4137 2078 4189 δὲ
2114 4139 2523 4203 προςηγορικὸν
2560 4138 2710 4192 ὅδιος
2747 4136 2827 4190 ὡς
2863 4138 3095 4191 ςκότιος.
3164 4142 3250 4190 De

672 4207 758 4256 his
794 4207 867 4257 cf.
904 4207 1081 4257 Lehrs
1114 4207 1281 4258 Arist.
1330 4222 1380 4271 p.
1417 4205 1549 4256 269²
1584 4221 1698 4271 seq.
1771 4207 2004 4257 Nomina
2038 4206 2166 4258 inde
2205 4224 2238 4257 a
2275 4205 2541 4271 φωρίδιος
2576 4235 2642 4244 -
2680 4206 3032 4271 μινυνθάδιος
3114 4207 3254 4258 etivi

673 4291 741 4324 ex
777 4275 939 4334 Mon„
979 4274 1111 4325 addi
1144 4275 1324 4340 potuit
1359 4290 1427 4326 ex
1462 4274 1526 4323 Ε.
1563 4273 1636 4323 Μ.
1675 4276 1757 4337 75,
1794 4277 1885 4325 23:
1923 4271 2040 4325 ἀπὸ
2074 4276 2178 4325 τοῦ
2215 4273 2328 4339 ἅμα
2372 4273 2601 4338 ἁμάδιος
2638 4275 2984 4340 παραγωγὸν
3020 4275 3069 4327 δι
3143 4278 3248 4326 τοῦ

671 4359 811 4411 διος·
867 4357 958 4409 καὶ
1011 4357 1191 4412 πολὺς
1237 4359 1269 4411 6
1314 4361 1574 4411 τοιοῦτος
1619 4356 1933 4423 χαρακτήρ,
1983 4373 2122 4423 quae
2165 4360 2338 4411 verba
2382 4362 2517 4410 mire
2563 4366 2871 4426 cong-ruunt
2917 4377 3040 4412 cum
3073 4360 3249 4415 Mon:

591 4475 602 4486 ,
672 4427 764 4479 καί
808 4425 950 4477 ἄλλο
998 4425 1193 4492 μυρίον
1238 4427 1470 4491 πλῆθος.
1542 4427 1614 4478 cf.
1662 4429 1829 4478 etiam
1871 4426 2078 4477 Herod.
2123 4428 2251 4492 περὶ
2296 4430 2499 4480 παθῶν
2549 4430 2613 4478 Ε.
2648 4428 2720 4479 Μ.
2762 4431 2885 4492 783,
2922 4432 3004 4485 20.
3073 4430 3250 4480 Voca-

671 4497 821 4559 bula,
859 4510 999 4560 quae
1037 4496 1235 4546 deinde
1272 4502 1578 4559 sequuntur
1611 4511 1787 4560 usque
1825 4494 1897 4544 ad
1938 4492 2175 4561 Κνίδιος,
2213 4503 2343 4547 sunt
2379 4514 2445 4547 ex
2481 4497 2729 4562 Theogn.
2768 4499 2856 4559 54,
2898 4501 2987 4555 ⁶20,
3033 4497 3250 4562 reliqua

671 4579 739 4613 ex
776 4564 857 4613 St.
896 4564 984 4625 B.,
1033 4564 1101 4615 de
1137 4563 1378 4615 Aeolicis
1431 4563 1502 4613 cf.
1549 4564 1764 4614 Ahrens
1809 4563 1877 4614 de
1925 4563 2053 4615 dial.
2091 4565 2243 4615 Aeol.
2291 4582 2343 4631 p.
2383 4568 2475 4616 157
2525 4571 2583 4616 et
2627 4566 2764 4616 Lob.
2800 4564 3005 4616 Parall.
3042 4567 3134 4628 77,
3179 4565 3248 4616 de

671 4632 923 4683 omnibus
960 4631 1183 4683 Lobeck
1218 4630 1385 4681 Proll.
1412 4633 1515 4682 '351
1556 4646 1707 4697 seqq.
1803 4631 1840 4681 l.
1865 4634 1932 4683 22
1968 4632 2150 4685 Verba
2185 4632 2316 4683 inde
2353 4636 2422 4685 ab
2461 4631 2866 4698 ἐξηκολούθηςε
2903 4633 2964 4685 δὲ
2998 4636 3119 4686 τοῖς
3154 4630 3248 4684 ἐπὶ

670 4698 892 4764 ὀρνέων
929 4701 1134 4766 sumpsi
1171 4715 1239 4749 ex
1273 4698 1483 4749 Herod.
1519 4699 1647 4763 περὶ
1684 4700 1886 4750 παθῶν
1919 4701 1977 4750 in
2013 4702 2078 4751 E.
2116 4701 2305 4752 Orion.
2340 4704 2436 4768 57,ι
2463 4704 2545 4766 12,
2580 4703 2644 4751 Ε.
2681 4703 2753 4752 Μ.
2789 4704 2915 4766 380,
2952 4705 3018 4754 30
3053 4701 3247 4753 ordine

670 4767 917 4832 paullum
948 4769 1258 4818 immutato.
1328 4768 1507 4832 Atque
1545 4767 1650 4818 hoe
1694 4768 1812 4819 fere
1857 4768 2223 4819 modoetiam
2263 4770 2320 4820 in
2367 4769 2659 4820 Catholica
2706 4770 3035 4822 disseruisse
3072 4772 3249 4821 Hero·

668 4835 891 4886 dianam
931 4836 1133 4887 docent
1169 4835 1346 4900 ipsius
1380 4838 1553 4886 verba
1587 4836 1646 4886 in
1683 4837 1856 4887 Mon:
1893 4838 2001 4901 τὴν
2037 4836 2099 4889 δὲ
2135 4836 2289 4890 λύςιν
2324 4836 2552 4890 τούτων
2596 4835 2659 4890 ἑν
2704 4837 2950 4906 πέμπτῳ
2988 4838 3115 4903 περὶ
3153 4852 3248 4889 κα·

663 4904 891 4968 θολικῆς
928 4902 1244 4971 προςῳδίας
1279 4900 1639 4970 ἐποιηςάμην.
