3664 5546
1175 344 1335 399 ΠΕΡΙ
1378 341 1769 397 ΚΑΘΟΛΙΚΗ(
1807 339 2229 396 ΠΡΟΕΩιΔΙΑΕ
2268 341 2346 395 ΙΑ.
2920 339 3041 403 301
3130 408 3139 427 ί
3248 351 3255 365 =

462 515 657 580 ἁλία.
743 516 818 579 τὸ
864 514 1080 593 μέντοι
1126 510 1404 577 ςκοπιά
1447 513 1550 575 καὶ
1594 511 1873 576 ςποδιά
1917 510 2257 577 ὀξύνονται
2303 512 2394 575 ὡς
2437 511 2673 590 ἔχοντα
2714 510 2790 573 τὸ
2836 511 2873 571 ὃ
2919 508 3047 586 πρὸ

463 620 580 680 τοῦ
632 619 696 698 ἶ,
742 616 953 692 ὥςπερ
999 615 1101 678 καὶ
1142 615 1217 677 τὸ
1265 612 1505 677 πολιά
1549 614 1648 678 καὶ
1693 613 1972 692 τροχιά
2028 613 2131 676 καὶ
2172 612 2610 690 άματροχιά
2654 612 2756 674 καὶ
2798 609 3046 688 ὁρμιά.

630 717 724 780 Τὰ
769 715 1269 794 παραληγόμενα
1312 721 1405 798 τῷ
1443 716 1476 776 ἶ
1520 713 1651 778 ἀπὸ
1695 719 1826 778 τῶν
1873 714 1961 778 εἰς
2003 700 2037 780 ἒ
2103 713 2468 795 βαρύνεται,
2534 711 2861 794 Φρυγία,
2928 710 3047 775 δύο

463 823 680 898 χῶραι.
769 817 1067 902 (τράβων
1112 813 1223 896 (12
1266 836 1324 899 p.
1369 812 1524 896 517)
1581 814 1865 892 «Φρυγία
1919 834 1988 878 τε
2043 816 2165 892 γὰρ
2218 815 2257 892 ἡ
2303 815 2417 892 μὲν
2461 816 2741 877 καλεῖται
2787 812 3047 893 μεγάλη,

464 918 620 996 ἧςὸ
667 917 871 981 Μίδας
917 916 1264 997 ἐβαςίλευε,
1310 916 1413 979 καὶ
1455 918 1566 991 τῆς
1609 914 1806 993 ἄλλης
1843 916 2043 994 ’μέρος
2090 915 2152 978 οἱ
2200 915 2467 978 Γαλάται
2511 916 2844 991 κατέςχον·
2890 914 2929 990 ἡ
2975 913 3047 976 δὲ
3074 924 3106 973 5

465 1020 650 1098 μικρὰ
702 1020 742 1096 ἡ
798 1019 913 1097 ἐφ’
968 1017 1408 1099 Ἑλληςπόντῳ
1464 1018 1566 1079 καὶ
1622 1018 1660 1093 ἡ
1719 1018 1867 1094 περὶ
1907 1018 2024 1081 τὸν
2068 1016 2434 1099 Ὄλυμπον,
2490 1017 2529 1093 ἡ
2575 1016 2676 1079 καὶ
2721 1014 3049 1092 ἐπίκτητος

466 1120 837 1199 λεγομένη».
926 1118 1052 1182 ἔςτι
1097 1119 1200 1182 καὶ
1243 1117 1487 1194 Φρυγία
1530 1118 1731 1181 τόπος
1775 1121 1888 1194 τῆς
1933 1117 2123 1197 Οἴτης
2168 1116 2298 1182 ἀπὸ
2343 1122 2461 1181 τοῦ
2516 1117 2645 1181 ἐκεῖ
2688 1116 3050 1196 πεφρύχθαι

464 1222 580 1286 τὸν
632 1220 1002 1299 Ἡρακλέα».
1093 1218 1501 1299 Βεβρυκία,
1559 1217 1955 1300 Ὀρτυγία,
2014 1218 2334 1283 Αἰθικία.
2436 1218 2825 1296 Θεόπομπος
2879 1237 3049 1294 τρια-

466 1329 654 1405 κοςτῇ
709 1321 902 1404 ἐνάτῃ
955 1320 1371 1387 Φιλιππικῶν.
1474 1319 1801 1401 Κιλικία,
1858 1320 2262 1400 Ἀμβρακία
2325 1319 2456 1383 ἀπὸ
2511 1320 2866 1399 Ἀμβρακος
2933 1321 3049 1381 τοῦ

464 1424 696 1488 παιδὸς
741 1422 1129 1498 Θεςπρωτοῦ
1174 1424 1292 1484 τοῦ
1334 1420 1665 1485 Λυκάονος
1721 1422 1760 1497 ἢ
1816 1419 1949 1484 ἀπὸ
1995 1421 2362 1501 Ἀμβρακίας
2406 1424 2515 1497 τῆς
2559 1421 2807 1496 Αὐγέου
2860 1424 3048 1494 θυγα-

467 1524 646 1606 τρός,
692 1524 839 1601 περὶ
881 1522 955 1600 ἧς
1000 1522 1247 1586 Φῐλέας.
1336 1521 1589 1599 εὕρηται
1634 1522 1738 1586 καὶ
1781 1523 1887 1585 διὰ
1929 1525 2046 1584 τοῦ
2088 1524 2141 1584 ’τί
2183 1522 2325 1586 ἀντὶ
2367 1527 2484 1586 τοῦ
2527 1507 2584 1601 β.
2675 1521 2767 1585 Τε
2786 1543 2826 1597 μ
2840 1519 3052 1599 μικία

467 1626 642 1703 παρὰ
685 1631 778 1707 τῷ
820 1623 1187 1702 Λυκόφρονι
1233 1623 1325 1703 (v.
1374 1622 1523 1703 786)
1571 1623 1689 1686 «ὃν
1736 1624 2092 1701 Βομβύλεια
2128 1612 2347 1687 ’κλιτὺς
2397 1624 2436 1701 ἡ
2481 1622 2836 1702 Τεμμικία».
2914 1620 3050 1683 Νε-

468 1725 1103 1805 φελοκοκκυγγία
1155 1724 1342 1788 πόλις
1396 1729 1680 1802 κωμικῶς
1735 1724 2141 1802 ἑπινοηθεῖςα
2192 1726 2366 1802 παρὰ
2424 1723 2894 1804 Ἀριςτοφάνει,
2951 1722 3053 1785 καὶ

468 1826 693 1890 ἑνικῶς
765 1826 868 1889 καὶ
930 1829 1379 1908 Δ,πληθυντικῶς
1459 1826 1788 1904 λεγομένη.
1902 1825 2245 1903 Κωρυκία
2325 1825 2722 1903 ἀκρωτήριον
2792 1823 3051 1903 Κρήτης,

470 1927 811 2003 Ἰαπυγία
856 1927 974 1990 δύο
1020 1927 1270 2008 πόλεις,
1315 1926 1430 2004 μία
1474 1926 1544 1989 ἐν
1589 1932 1666 2009 τῇ
1712 1925 1936 2009 Ἰταλίᾳ
1981 1929 2083 1991 καὶ
2127 1927 2311 2005 ἑτέρα
2357 1927 2426 1990 ἐν
2471 1933 2546 2010 τῇ
2591 1924 2907 2007 Ἰλλυρίδι,
2963 1925 3052 1988 ὡς

468 2028 806 2093 Ἑκαταῖος.
900 2028 1411 2093 Καππαδοκία
1465 2029 1645 2107 χώρα
1697 2034 1773 2111 τῇ
1834 2027 2066 2111 Κιλικίᾳ
2111 2028 2519 2109 πρόςχωρος,
2577 2027 2665 2091 ὥς
2725 2047 2875 2105 φηςι
2924 2024 3054 2088 Μέ-

468 2150 734 2211 νιππος,
801 2129 933 2193 ἀπὸ
990 2129 1278 2208 (ινώπης
1343 2130 1432 2194 εἰς
1489 2129 1778 2208 Εὔαρχον
1834 2129 2158 2210 ποταμόν,
2222 2129 2293 2193 ὃς
2345 2128 2536 2206 ὁρίζει
2581 2127 3053 2206 Παφλαγονίαν

468 2233 570 2295 καὶ
618 2229 1086 2297 Καππαδοκίαν.
1176 2231 1577 2310 ςεςημείωται
1620 2231 1695 2294 τὸ
1741 2230 2126 2308 ἀνθρακιά
2169 2228 2578 2308 όξυνόμενον.

638 2331 731 2396 Τὰ
789 2332 895 2395 διὰ
949 2335 1066 2394 τοῦ
1119 2334 1206 2395 ’ῶῐ
1263 2332 1496 2396 ςπάνια
1552 2333 1653 2397 καὶ
1707 2333 1866 2396 κατὰ
1920 2332 2126 2394 πάθος
2180 2332 2496 2410 γενόμενα
2549 2330 2708 2406 παρ’
2753 2330 3053 2393 Ἀττικοῖς

470 2433 927 2513 παροξύνεται,
984 2430 1093 2495 οἷα
1135 2432 1230 2496 ὄα
1271 2434 1347 2512 τὸ
1394 2433 1618 2510 δέρμα·
1675 2433 1801 2496 ἔςτι
1847 2434 1949 2495 καὶ
1993 2435 2192 2509 δῆμος
2236 2435 2347 2507 τῆς
2392 2431 2667 2508 Ἀττικῆς
2721 2435 2833 2508 τῆς
2875 2430 3052 2494 Παν-

471 2534 752 2598 διονίδος
817 2535 1026 2611 φυλῆς
1089 2531 1240 2595 Ὄα.
1328 2534 1673 2597 Διονύςιος
1739 2535 1810 2596 δὲ
1878 2532 1916 2596 ὁ
1981 2532 2338 2612 Τρύφωνός
2402 2553 2553 2611 φηςι
2617 2535 3055 2609 πληθυντικῶς

471 2634 637 2698 Ὀεῑς
683 2633 970 2708 λέγεςθαι
1014 2631 1145 2696 ἀπὸ
1192 2637 1308 2695 τοῦ
1339 2633 1521 2697 Ὀεὺς
1569 2634 1658 2697 ὡς
1704 2635 1870 2698 ἄλλα
1915 2635 2143 2698 πολλά.
2202 2633 2389 2712 χροία
2432 2634 2640 2712 χρόα.
2686 2633 2839 2696 ποία
2885 2632 3052 2695 πόα.

475 2736 715 2800 Γενόα
769 2734 955 2798 πόλις
1010 2739 1141 2798 τῶν
1196 2733 1489 2812 Λιγύρων
1544 2739 1655 2811 τῆς
1713 2736 2001 2818 Ἰταλίας,
2060 2735 2418 2814 καλουμένη
2464 2738 2581 2800 νῦν
2627 2734 2906 2816 Ἰάνουα,
2965 2734 3053 2798 ὡς

472 2837 945 2915 Ἀρτεμίδωρος.
1003 2835 1286 2899 Θειςόα
1330 2837 1514 2901 πόλις
1559 2838 1900 2915 Ἀρκαδίας.
1953 2837 2207 2902 Λυκόα
2252 2837 2436 2900 πόλις
2479 2836 2821 2914 Ἀρκαδίας.
2877 2837 3051 2900 Παυ-

471 2938 686 3003 ςανίας
718 2936 919 3018 ὀγδόῃ
963 2937 1047 3016 (e.
1081 2935 1186 3015 36,
1222 2936 1303 3018 7).
1331 3013 1338 3018 ,
1367 2937 1626 3002 Μεςόα
1657 2939 1695 3017 ἢ
1729 2939 2035 3003 Μεςςόα
2078 2938 2278 3003 τόπος
2309 2938 2690 3014 Λακωνικῆς.
2753 2935 3052 3017 (Στράβων

471 3039 673 3122 ὀγδόῃ
702 3039 798 3122 (p.
831 3036 1004 3119 364).
1063 3037 1189 3100 ἔςτι
1222 3039 1322 3101 καὶ
1352 3041 1526 3117 φυλὴ
1557 3038 1904 3117 Λακωνική.
1953 3039 2144 3103 Νόαι
2175 3041 2360 3104 πόλις
2393 3039 2685 3103 (ικελίας.
2745 3037 3053 3102 Ἀπολλό-

471 3146 682 3219 δωρος
739 3139 1017 3221 δευτέρῳ
1073 3144 1407 3216 χρονικῶν.
1495 3141 1574 3203 τὰ
1629 3142 1700 3205 δὲ
1754 3142 1824 3205 ἐν
1882 3142 2201 3205 ἐπενθέςει
2257 3138 2546 3238 ὀξύνεται
2605 3140 2782 3204 ςτοιά
2836 3139 3054 3220 ςτοά,

472 3240 618 3319 ῥοιά
663 3240 821 3320 ῥοά.

473 3505 535 3513 -—-
573 3473 701 3528 ἁλία
746 3476 932 3526 addidi
980 3492 1044 3525 ex
1082 3478 1327 3540 Theogn.
1369 3481 1490 3541 107,
1532 3482 1609 3528 11.
1681 3481 1764 3529 De
1810 3476 2119 3542 ἁματροχιά
2163 3480 2232 3528 cf.
2276 3478 2341 3532 11.
2380 3480 2607 3529 Prosod.
2654 3476 2701 3529 Ψ
2745 3480 2871 3526 422:
2918 3474 3053 3540 ἅμα·

471 3542 720 3608 τροχιάς;
762 3543 1017 3594 ὀξύνεται
1054 3542 1263 3606 ὁμοίως
1299 3548 1383 3610 τῷ
1421 3545 1681 3608 φυταλιά.
1719 3575 1784 3582 -
1821 3545 1987 3610 όρμιά
2023 3549 2255 3612 apposui
2293 3563 2358 3595 ex
2396 3547 2643 3611 Theogn.
2684 3549 2796 3606 105,
2833 3547 2917 3600 27.

473 3613 506 3663 1.
546 3618 575 3662 3
617 3615 703 3680 τῷ
745 3616 765 3661 ἰ
811 3613 1032 3664 inserui.
1105 3609 1320 3675 Φρυγία
1356 3630 1422 3661 ex
1462 3615 1540 3662 St.
1575 3617 1636 3667 B.
1679 3615 1924 3678 explevi,
1976 3619 2197 3664 nomina
2242 3614 2369 3664 inde
2416 3615 2485 3662 ab
2524 3609 2737 3668 Αίθικία
2773 3628 2945 3677 usque
2983 3613 3053 3662 ad

474 3691 841 3748 Καππαδοκία
880 3711 946 3743 ex
986 3696 1066 3746 St.
1105 3696 1166 3744 B.
1203 3697 1381 3760 petita
1418 3702 1563 3751 sunt.
1620 3698 1682 3747 Ε.
1719 3699 1793 3748 Μ.
1831 3702 1948 3759 801,
1992 3702 2078 3747 19:
2115 3697 2188 3748 τὰ
2223 3696 2338 3748 ἀπὸ
2374 3699 2495 3748 τῶν
2533 3696 2610 3748 είς
2647 3700 2674 3750 ξ
2711 3697 2746 3761 ἢ
2783 3699 2816 3760 ὃ
2853 3695 3054 3761 ληγόν»

471 3777 593 3813 των
628 3763 716 3813 διὰ
750 3764 854 3813 τοῦ
893 3766 950 3812 ῑᾶ
989 3761 1354 3825 παραγόμενα
1389 3764 1605 3828 θηλυκὰ
1641 3764 1729 3816 διὰ
1762 3769 1866 3815 τοῦ
1905 3769 1935 3816 ῖ
1972 3764 2305 3829 γραφόμενα
2352 3765 2723 3829 παροξύνεται
2760 3764 2912 3828 πλὴν
2949 3767 3052 3816 τοῦ

472 3828 756 3894 ἀνθρακιά.
857 3829 893 3879 l.
931 3832 991 3879 21
1031 3828 1141 3880 Ὀα
1177 3830 1350 3893 δῆμος
1386 3832 1576 3880 addidi
1613 3850 1680 3882 ex
1716 3833 1958 3898 Theogn.
1999 3835 2113 3891 106,
2150 3837 2181 3882 6
2220 3838 2276 3882 et
2315 3835 2395 3882 St.
2438 3836 2493 3882 Β,
2516 3870 2530 3894 ,
2566 3834 2624 3882 in
2660 3829 2820 3896 χροία
2856 3848 3051 3881 aceen-

472 3905 584 3947 tum
623 3900 888 3952 intactum
923 3897 1122 3960 reliqui
1158 3913 1276 3946 cum
1304 3898 1630 3958 Schmidtio,
1668 3916 1995 3964 quamquam
2034 3900 2217 3965 paullo
2256 3906 2380 3964 post
2417 3900 2622 3950 diserte
2660 3898 2818 3962 χροιά
2853 3915 3053 3949 acuen—

475 3966 598 4015 ‹lnm
650 3981 773 4014 esse
821 3966 1186 4029 praecipitur,
1235 3970 1457 4028 propter
1493 3968 1556 4018 Ε.
1593 3970 1665 4017 M.
1703 3970 1827 4029 679,
1865 3971 1955 4018 35:
2004 3965 2225 4030 λέγουςί
2270 3981 2446 4029 τινες,
2495 3966 2582 4017 ὅτι
2628 3967 2694 4017 οὐ
2731 3965 2963 4017 πάντως
3000 3965 3053 4016 οἱ

476 4032 756 4097 Ἀθηναῖοι
781 4030 1204 4095 ἀποβάλλοντες
1239 4031 1308 4080 τὸ
1347 4035 1378 4082 ἰ’
1415 4032 1505 4082 καὶ
1541 4033 1647 4082 τὸν
1671 4034 1852 4084 αὐτὸν
1886 4034 2059 4086 τόνον
2084 4033 2476 4098 φυλάςςουςιν·
2515 4033 2633 4085 ἰδοὺ
2670 4033 2777 4096 γὰρ
2800 4033 2869 4083 τὸ
2895 4032 3054 4096 χροιά

473 4099 816 4162 ὀξυνόμενον
863 4099 1005 4163 παρ’
1041 4098 1242 4149 ἀὐτοῖς
1296 4098 1437 4150 κατὰ
1479 4098 1772 4165 ἀποβολὴν
1817 4105 1922 4152 τοῦ
1962 4107 1991 4153 ἰ’
2029 4102 2175 4166 χρόα
2217 4101 2536 4166 βαρύνεται·
2585 4101 2698 4152 ἔςτι
2742 4100 2803 4151 δὲ
2853 4099 3050 4160 εἰπεῖν,

474 4167 560 4218 ὅτι
605 4167 709 4218 οὐκ
756 4165 985 4229 ἐγένετο
1032 4165 1146 4217 ἀπὸ
1190 4169 1293 4217 τοῦ
1341 4165 1498 4230 χροιά
1543 4167 1842 4231 ὀξυτόνου,
1889 4168 2024 4220 ἀλλ’
2058 4169 2173 4221 ἀπὸ
2219 4172 2321 4222 τοῦ
2371 4168 2529 4233 χροία
2575 4167 2907 4232 βαρυτόνου·
2964 4169 3053 4218 καὶ

472 4235 576 4299 γὰρ
612 4235 681 4285 τὸ
729 4233 886 4298 χροιά
932 4231 1094 4298 χροία
1139 4232 1360 4296 λέγεται
1409 4234 1733 4298 βαρυτόνως
1779 4236 1813 4298 ἢ
1859 4234 1975 4287 ἀπὸ
2001 4239 2122 4287 ·τοΟ
2168 4238 2338 4300 χροῦς
2382 4236 2548 4300 χροός
2592 4235 2791 4298 γέγονε
2840 4234 2874 4297 ἡ
2915 4233 3053 4298 χρόα

477 4302 744 4354 Ἀττικῶς
781 4301 871 4352 καὶ
908 4301 1123 4353 ἐκεῖθεν
1159 4301 1193 4364 ἡ
1233 4299 1390 4365 χροιά
1436 4301 1498 4351 ἐν
1535 4300 1686 4368 ὀξείᾳ
1722 4302 1901 4366 τάςει,
1949 4309 2005 4354 in
2053 4306 2250 4368 quibus
2296 4306 2599 4354 Ilerodiani
2649 4303 2928 4353 sententia
2973 4304 3053 4352 in-

476 4386 596 4420 esse
635 4370 870 4420 videtur.
953 4370 1108 4435 Apud
1155 4369 1445 4418 Arcadium
1492 4386 1678 4435 parum
1725 4377 1984 4420 accurate
2033 4371 2099 4420 (le
2148 4372 2365 4421 diverso
2412 4379 2644 4422 accentu
2691 4368 2850 4434 χροιά
2893 4367 3054 4433 χροία

474 4437 611 4501 χρόα
648 4442 830 4487 actum
869 4444 970 4488 est.
1044 4435 1176 4489 ποία
1215 4435 1330 4488 πόα
1364 4439 1550 4502 recepi
1596 4454 1664 4487 ex
1698 4438 1974 4502 Theogn.,
2026 4438 2197 4489 Γενόα
2233 4464 2296 4474 —·
2336 4438 2473 4491 Νόαι
2520 4457 2588 4490 ex
2628 4441 2711 4489 St.
2748 4441 2808 4488 Β.
2845 4464 2908 4472 -
2946 4440 3053 4488 Pro

476 4503 718 4556 ςυνθέςει
755 4507 912 4571 posui
948 4504 1247 4556 ἑπενθέςει.
1316 4505 1380 4554 In
1427 4506 1512 4554 his
1549 4505 1835 4556 vocabulis
1876 4522 2075 4570 magna
2123 4513 2179 4555 et
2225 4508 2532 4570 scripturae
2580 4513 2636 4556 et
2667 4506 2941 4557 'accentus
2978 4506 3054 4554 in-

474 4575 785 4623 constantia
832 4579 918 4622 est
963 4575 1033 4627 ef,
1071 4574 1207 4622 Lob.
1247 4572 1331 4622 ΕΙ.
1370 4573 1424 4620 ΙΙ
1460 4577 1583 4628 345,
1631 4573 1923 4636 Phrynieh.
1974 4590 2024 4639 p.
2061 4576 2177 4623 496.
2250 4573 2550 4623 llerodiani
2593 4575 2730 4625 haee
2774 4573 3056 4624 sententia

477 4640 648 4690 fuisse
699 4641 935 4690 videtur:
985 4642 1201 4691 nomina
1247 4643 1303 4688 in
1338 4643 1407 4690 δᾶ
1445 4642 1491 4690 si
1535 4656 1600 4689 ex
1646 4641 1931 4692 vocabulis
1968 4644 2023 4690 in
2061 4645 2148 4691 δια
2194 4638 2391 4690 ut‘oi'a
2437 4639 2572 4692 ποία
2617 4639 2777 4705 χροία
2823 4641 2893 4692 ba
2938 4639 3054 4691 πόα

475 4707 613 4769 χρόα
650 4715 771 4757 orta
808 4713 961 4769 sunt,
999 4709 1358 4771 barytonesin
1395 4709 1680 4772 flagitant3
1719 4709 1804 4758 sin
1841 4725 1969 4760 vero
2008 4711 2188 4758 exitus
2223 4710 2293 4757 ὀ-(ῑ
2327 4708 2635 4771 primitivus
2671 4715 2729 4758 et
2753 4710 2974 4774 species
2997 4710 3053 4757 in

476 4787 563 4826 οια
601 4775 884 4841 epenthesi
910 4781 1213 4841 propagata
1241 4781 1352 4840 est,
1390 4782 1632 4841 oxytona
1657 4782 1785 4828 sunt
1809 4778 1963 4830 velut
1987 4773 2141 4828 ςτοιά
2165 4774 2327 4838 ςτοά,
2353 4774 2478 4842 ῥοιά
2502 4774 2622 4843 ῥοά.
2666 4777 3056 4843 Theognostus

3091 1428 3153 1479 10

3098 1933 3153 1985 15

3088 2439 3156 2490 20
