3664 5546
646 342 769 405 114
1574 340 1655 396 ΕΚ
1694 341 1834 394 ΤΩΝ
1876 341 2284 395 ΗΡΩΔΙΑΝΟΥ

644 515 714 577 δὲ
759 512 807 601 ὁ,
843 515 879 576 λ
893 533 930 577 ο
945 531 983 590 χ
996 531 1027 574 ε
1045 511 1083 575 6
1096 532 1127 576 c
1171 510 1339 575 ἔςται
1386 512 1531 587 καί
1580 510 1795 577 ὀξεῖαν
1841 512 2015 577 τάςιν
2063 538 2086 569 «
2103 512 2141 575 ὁ
2187 516 2224 575 δ
2239 511 2256 534 ’
2287 510 2356 575 ἐκ
2397 511 2661 589 λοχεοῑο
2704 509 2855 575 πάῖς
2867 533 2893 565 »
2929 506 3227 591 (Hesiod.

641 612 857 695 theog.
907 612 1076 696 178).
1133 612 1255 678 ἀλλ
1270 615 1286 635 ’
1316 612 1436 678 οὖν
1480 634 1553 689 γε
1600 615 1968 693 βαρυτόνως
2013 614 2074 678 οἱ
2118 613 2377 678 πλείους
2405 611 2778 688 ἀνέγνωςαν
2821 614 3229 692 πλεοναςμόν

643 717 1043 796 ἐκδεξάμενοι
1100 721 1218 780 τοῦ
1274 720 1305 779 ἒ
1318 765 1336 798 ,
1392 716 1550 780 ὥςτε
1604 716 1778 794 παρὰ
1832 718 1949 794 τὴν
2020 717 2220 795 λόχου
2275 716 2530 793 γενικὴν
2600 741 2624 771 «
2640 715 2707 779 ἐκ
2764 714 2966 793 λόχου
3024 713 3228 793 ἀμπή-

643 824 788 898 δηςε
804 844 829 875 »
877 815 988 901 (11.
1034 820 1083 884 Λ
1127 816 1281 899 379)
1327 817 1552 896 λόχοιο
1611 804 1899 893 γενέςθαι
1945 819 2045 882 καὶ
2090 818 2369 896 λόχεοιο.
2453 817 2629 896 παρὰ
2686 817 2936 896 κηδεύω
2982 818 3052 881 δὲ
3099 839 3135 880 κ
3150 838 3186 895 η
3202 856 3226 865 -

581 929 614 979 5
644 925 681 984 δ
698 942 728 985 ε
742 921 778 984 ό
793 942 823 985 ς
836 969 854 1002 ,
899 920 1142 984 κελεύω
1192 920 1235 982 Κ
1250 940 1280 984 ε
1294 923 1330 984 λ
1345 940 1375 983 ε
1391 920 1428 984 6
1444 941 1473 983 ς
1520 919 1729 999 ὄνομα
1783 921 2023 999 κύριον.
2113 920 2340 999 ὠρεύω
2385 918 2458 983 Ὠ
2470 941 2507 999 ρ
2521 940 2550 983 ε
2566 921 2604 985 6
2618 941 2650 985 ς
2703 919 2891 984 πόλις
2947 917 3226 998 Εύβοίαα

640 1023 895 1088 τούτοις
939 1021 1300 1087 ἀκόλουθον
1345 1023 1448 1086 καὶ
1492 1024 1567 1088 τό
1612 1028 1649 1087 θ
1664 1045 1700 1087 υ
1715 1042 1752 1101 ρ
1765 1043 1796 1087 ε
1811 1023 1849 1086 ό
1865 1043 1896 1087 ς
1943 1024 2023 1102 μὴ
2069 1023 2244 1101 παρὰ
2290 1021 2455 1101 ῥῆμα
2498 1022 2870 1101 γενόμενον.

809 1125 902 1192 Τὰ
946 1125 1033 1188 εἰς
1078 1145 1225 1189 τεος
1270 1126 1728 1208 παροξύνεται,
1785 1124 1840 1189 εἰ
1896 1126 1976 1203 μὴ
2032 1124 2100 1188 ἐκ
2155 1128 2563 1204 πλεοναςμοῦ
2607 1123 2747 1203 ἔχοι
2801 1124 2877 1188 τό
2923 1127 2956 1187 ἒ
2999 1124 3038 1202 ἢ
3083 1145 3227 1202 κτη-

638 1229 779 1292 τικὰ
823 1248 952 1311 ειη,
1000 1227 1314 1308 ρητέος,
1346 1228 1768 1309 πρακτέος,
1800 1226 2299 1309 ἀθροιςτέος,
2333 1227 2755 1308 μεμπτέος,
2795 1226 3227 1308 γραπτέος,

641 1330 1059 1412 λαλητέος,
1105 1329 1341 1407 νοητέ
1361 1350 1443 1394 ος
1463 1379 1481 1412 ,
1527 1329 1941 1412 ποιητέος,
1984 1329 2395 1404 γνωςτέος.
2482 1329 2558 1393 τὸ
2614 1329 2685 1393 δὲ
2742 1327 2964 1392 ἐτεός
3010 1327 3225 1394 ὀξύνε-

542 1438 607 1488 10
640 1451 757 1496 ται.
845 1430 975 1495 ἀπὸ
1020 1431 1143 1509 γὰρ
1198 1434 1315 1495 τοῦ
1372 1431 1514 1495 ἐτός
1568 1429 1881 1496 ὀξυτόνου
1892 1480 1911 1513 ,
1968 1431 2006 1495 ὃ
2063 1430 2339 1509 ςημαίνει
2397 1431 2512 1509 τὴν
2557 1429 2826 1508 ὕπαρξιν
2841 1479 2859 1513 ,
2914 1429 2978 1496 ἐξ
3023 1429 3104 1495 οὗ
3148 1431 3225 1496 τὸ

641 1533 871 1613 ἀληθές
883 1582 901 1615 ,
947 1533 1016 1597 έν
1061 1536 1441 1616 πλεοναςμῷ
1485 1536 1602 1597 τοῦ
1645 1536 1677 1595 ἴ
1721 1533 1994 1609 γέγονεν
2050 1532 2224 1598 ἐτεός
2279 1531 2451 1615 ὀξείᾳ
2506 1532 2693 1597 τάςει.
2781 1532 2886 1596 ἐπὶ
2928 1534 3052 1612 γὰρ
3094 1537 3226 1597 τῶν

640 1636 729 1701 εἰς
781 1655 853 1700 ος
898 1634 1238 1713 ὀνομάτων
1284 1634 1322 1699 ὁ
1366 1635 1768 1712 πλεοναςμὸς
1811 1638 1928 1699 τοῦ
1973 1638 2005 1698 ἓ
2049 1634 2352 1715 φυλάςςει
2409 1635 2525 1711 τὴν
2572 1635 2676 1698 ἐπὶ
2717 1634 2944 1699 τέλους
2990 1633 3225 1717 ὀξεῖαν,

640 1738 824 1803 κενός
878 1737 1181 1818 κενεός,
1238 1733 1524 1816 ἀδελφός
1589 1734 2016 1820 ἀδελφεός,
2084 1738 2400 1819 δαφοινός
2456 1724 2662 1816 δαφο
2682 1737 2911 1801 ινεός.
3010 1737 3086 1802 τὸ
3154 1737 3226 1801 δὲ

641 1839 1160 1923 δρακόντεος,
1204 1837 1633 1916 γερόντεος
1676 1838 1933 1916 κτητικά
1976 1838 2116 1902 ἐςτι.

542 1948 605 2000 15
809 1941 903 2006 Τὰ
947 1942 1052 2005 διὰ
1080 1944 1198 2005 τοῦ
1244 1926 1446 2006 Effe*
1478 1942 1838 2019 παραγωγὰ
1894 1941 2056 2018 ὑπὲρ
2115 1943 2284 2018 τρεῖς
2340 1939 2653 2020 ςυλλαβάς
2709 1940 2834 2005 ἐςτι
2879 1941 2981 2005 καὶ
3024 1961 3226 2020 παρο-

639 2046 885 2110 ξύνεται
900 2093 918 2127 ,
980 2045 1174 2123 χωρὶς
1229 2042 1292 2124 εἰ,
1341 2044 1421 2122 μὴ
1467 2042 1719 2108 ἔνδειαν
1775 2041 1891 2126 ἔχῃ
1946 2045 2064 2108 τοῦ
2107 2043 2140 2105 ῖ
2196 2042 2327 2107 ἀπὸ
2372 2047 2666 2122 κτητικοῦ
2711 2041 3029 2121 ὀνόματος
3081 2040 3226 2108 οἷον

638 2146 1076 2229 νηφαλέος,
1144 2144 1520 2228 αὐαλέος,
1578 2165 1758 2225 ςμερ
1778 2145 2097 2225 δαλέος,
2154 2144 2620 2228 θαρςαλέος,
2679 2146 3225 2227 ςκωπταλέος,

640 2236 1091 2329 δειμαλέος,
1165 2248 1635 2329 κερδαλέος,
1709 2247 2177 2329 φρικαλέος,
2252 2246 2674 2329 ἀργαλέος,
2758 2247 3225 2329 φοιταλέος,

636 2350 1057 2431 γηραλέος,
1106 2349 1445 2425 λευγαλέ
1465 2369 1581 2429 ος,
1628 2347 2055 2431 ὀπταλέος,
2114 2348 2518 2430 ἰκμαλέος,
2575 2348 3023 2432 ῥωμαλέος,
3081 2348 3226 2428 ρω-

537 2460 604 2511 20
638 2455 788 2529 γαλ
810 2452 969 2534 έος,
1025 2451 1515 2533 καρφαλέος,
1572 2449 1993 2528 ἁρπαλέος.
2090 2450 2449 2528 πρόςκειται
2508 2450 2605 2514 «εἰ
2660 2451 2741 2530 μὴ
2798 2450 2915 2535 ἔχῃ
2971 2450 3226 2515 ἔνδειαν

636 2558 753 2617 τοῦ
795 2554 828 2614 ἶ
885 2551 1016 2623 ἀπὸ
1072 2555 1364 2632 κτητικοῦ
1419 2551 1737 2631 ὀνόματος
1751 2576 1777 2607 »
1836 2552 1942 2616 διὰ
1985 2553 2061 2617 τὸ
2106 2552 2468 2617 δαιδάλειος
2526 2558 2562 2616 δ
2574 2573 2615 2616 α
2639 2558 2708 2616 ιδ
2723 2552 2764 2616 ά
2783 2556 2819 2617 λ
2834 2573 2864 2617 ε
2878 2573 2915 2617 ο
2932 2573 2993 2635 ς,
3038 2552 3225 2617 ἔνθεν

637 2656 939 2734 αἰτιατικὴ
997 2681 1024 2713 «
1040 2654 1382 2719 δαιδάλεον
1440 2655 1696 2733 θώρηκα
1710 2680 1734 2711 »
1792 2653 1969 2732 παρὰ
2021 2660 2114 2738 τῷ
2171 2661 2403 2739 ποιητῇ
2460 2656 2542 2736 (Θ
2592 2652 2776 2739 195),
2833 2655 3226 2719 κονιςάλειος

638 2779 777 2823 κον
795 2780 811 2822 ι
827 2757 1008 2823 ςάλε
1024 2778 1062 2821 ο
1081 2779 1112 2822 ς
1156 2757 1331 2836 παρὰ
1362 2756 1712 2841 Ἀντιμάχῳ
1760 2783 1783 2814 «
1799 2758 1892 2822 τὼ
1939 2756 2005 2822 δ’
2036 2755 2182 2821 αὖτ’
2230 2756 2392 2837 ἀμφὶ
2433 2756 2808 2823 κονιςάλεον
2848 2757 3226 2836 πεπονήατο

639 2861 874 2940 δίφρον
891 2885 932 2922 ».
1023 2859 1138 2924 ὅςα
1193 2860 1265 2924 δὲ
1319 2858 1450 2923 ἀπό
1506 2863 1637 2923 τῶν
1693 2863 2000 2938 κτητικῶν
2046 2858 2303 2934 ἐγένετο
2348 2879 2462 2923 κατ
2475 2860 2490 2882 '
2534 2858 2788 2924 ἔνδειαν
2838 2863 2956 2924 τοῦ
2998 2861 3032 2922 ἶ
3049 2908 3068 2941 ,
3124 2859 3228 2923 καὶ

534 2971 600 3021 25
636 2962 1273 3044 προπαροξύνονται,
1320 2960 1877 3044 Ἀγαμέμνεος,
1922 2960 2228 3040 Ἑκτόρε
2247 2982 2362 3043 ος,
2411 2960 2507 3025 Νε
2526 2960 2887 3043 ςτόρεος,
2932 2961 3224 3044 τέλεος,

637 3064 930 3142 χάλκεο
950 3084 1011 3146 ς,
1076 3062 1439 3146 χρύςεος,
1503 3062 1808 3145 τέγεος,
1871 3063 2170 3141 κήλεος.
2280 3061 2515 3141 Ὑπερ
2535 3063 2836 3145 βόρεοι,
2902 3063 3126 3148 ἔθνος,
3184 3064 3225 3128 ὃ

639 3350 843 3404 ἀλεύω.
914 3351 1005 3403 καὶ
1042 3351 1231 3414 ὥςπερ
1269 3350 1419 3415 παρὰ
1454 3349 1524 3401 τὸ
1561 3349 1782 3414 λοχεύω
1819 3350 2018 3414 λοχεός
2055 3351 2146 3408 καὶ
2191 3351 2407 3403 κελεύω
2449 3350 2678 3416 Κελεός,
2725 3351 2959 3417 ςωρεύω
2995 3352 3225 3418 ςωρεός,

640 3421 825 3472 οὕτως
872 3418 1060 3470 ἀλεύω
1101 3417 1309 3471 Ἀλεός.
1390 3417 1693 3483 Μεθόδιος,
1751 3435 1784 3468 a
1870 3435 1937 3469 ιιο
1983 3421 2362 3471 Herodianum
2415 3422 2747 3486 exscriptum
2805 3437 2927 3472 esse
2974 3429 3225 3488 apparet,

641 3487 843 3553 ὠρεύω
880 3517 945 3523 --
980 3486 1290 3551 γενόμενον
1332 3503 1399 3536 ex
1435 3487 1677 3552 Theogn.
1715 3487 1787 3537 ad
1827 3436 2015 3552 (ὲὶρεός
2062 3488 2251 3538 addidi
2295 3487 2457 3540 πόλις
2507 3486 2739 3552 Εὐβοίας
2777 3506 2845 3540 ex
2884 3489 2964 3539 St
3005 3490 3222 3550 Β.’108,

643 3561 721 3609 19.
776 3559 858 3606 Ex
902 3557 1004 3606 hoc
1048 3556 1443 3606 adnotamento
1489 3554 1670 3605 elucet
1714 3562 2066 3621 praeceptum
2110 3557 2167 3605 in
2213 3558 2276 3608 Ε.
2312 3560 2384 3607 Μ.
2421 3560 2546 3621 742,
2591 3562 2657 3606 20
2701 3571 2816 3623 ςωρ
2820 3556 2908 3609 όςτ
2956 3555 3071 3608 ἀπὸ
3117 3559 3224 3609 τοῦ

640 3624 819 3688 ςωρός
856 3623 1088 3689 ςωρεύω
1125 3622 1353 3687 ςωρεία,
1403 3622 1493 3672 καί
1537 3622 1747 3686 ςωρεός
1791 3622 1907 3674 ἀπὸ
1951 3627 2055 3675 τοο
2093 3622 2325 3687 ςωρεύω
2364 3622 2442 3676 ὡς
2479 3625 2729 3689 φωλεύω
2767 3625 3012 3689 φωλεός.
3083 3624 3230 3690 εἴρη-

638 3707 729 3743 ται
766 3691 827 3743 δὲ
863 3691 977 3743 ἀπὸ
1012 3695 1117 3743 τοῦ
1166 3691 1228 3742 ἑν
1272 3689 1432 3756 αὐτῷ
1479 3690 1812 3754 ςωρεύεςθαι
1856 3691 1928 3743 τὰ
1973 3691 2202 3755 ςώματα
2246 3692 2281 3755 ἢ
2328 3692 2479 3757 παρὰ
2523 3692 2592 3744 τὸ
2639 3692 2749 3744 ἔςω
2795 3692 2878 3758 ώρ
2882 3696 2993 3756 εῑν,
3032 3692 3065 3744 δ
3111 3692 3226 3744 έςτι

639 3759 948 3825 φυλάττειν
1006 3759 1150 3811 ὥςτε
1203 3758 1273 3810 τὸ
1330 3758 1541 3822 ςωρεός
1592 3759 1665 3823 μὴ
1722 3760 2197 3824 πεπλεονακέναι,
2252 3758 2395 3811 ἀλλὰ
2452 3761 2666 3824 μᾶλλον
2719 3760 3101 3826 ένδεδεηκέναι
3151 3760 3224 3813 τό

640 3827 843 3892 ςωρός·
896 3828 968 3879 τὰ
1003 3827 1109 3891 γὰρ
1146 3825 1224 3878 εἰς
1260 3841 1356 3890 ρος
1394 3825 1643 3890 λήγοντα
1679 3827 1975 3891 διςύλλαβα
2009 3831 2095 3893 τῷ
2135 3844 2181 3878 ω
2229 3828 2667 3894 παραληγόμενα
2705 3829 2778 3893 μὴ
2817 3829 2957 3881 όντα
2993 3827 3225 3881 ἐπίθετα

643 3895 964 3961 βαρύνεται,
1002 3894 1196 3959 Ὦρος,
1235 3894 1465 3958 Δῶρος,
1504 3894 1767 3960 Φλῶρος,
1806 3895 2021 3960 Βῶρος·
2059 3882 2226 3947 οὐδὲν
2263 3895 2464 3961 ἔχομεν
2502 3896 2791 3950 ὀξύτονον.
2861 3895 3224 3961 ςεςημείωται

641 3965 711 4017 τὸ
758 3978 870 4029 ςωρ
874 3962 950 4016 ός.
1029 3962 1271 4015 ὀξύτονα
1320 3960 1552 4013 ὲπίθετά
1588 3961 1711 4027 εἰςι,
1759 3962 2006 4027 χλωρός,
2045 3962 2265 4028 ψωρός,
2305 3964 2517 4030 μωρός·
2556 3967 2681 4017 πῶς
2718 3964 2822 4017 οὖν
2860 3963 3116 4017 ὀξύνεται
3151 3964 3224 4016 τὸ

641 4031 847 4096 ςωρός;
886 4030 1160 4097 ἠλόγηται
1205 4029 1345 4081 ὅταν
1389 4030 1699 4097 διςυλλαβῇ.
1770 4033 1840 4082 τὸ
1887 4033 2120 4095 πρῶτον
2155 4032 2264 4096 ἀρα
2308 4032 2518 4097 ςωρεός
2564 4030 2641 4084 ὡς
2690 4032 2854 4097 ὀχεός
2890 4032 3086 4097 λοχεός
3123 4033 3225 4096 (cf.

642 4100 900 4152 Lob.1·]l.
938 4102 965 4151 I
1001 4100 1150 4162 249),
1189 4098 1260 4149 ad
1305 4104 1591 4150 accentum
1639 4116 1759 4150 eum
1803 4114 2012 4150 canone
2059 4100 2410 4151 Herodianeo
2460 4102 2527 4151 de
2572 4103 2885 4152 nominibus
2932 4100 3227 4166 bisyllabis

643 4170 700 4219 in
740 4179 886 4231 ωρος
925 4184 1010 4232 ap.
1050 4166 1247 4217 Aroad.
1284 4168 1366 4226 69,
1403 4171 1435 4219 9
1472 4173 1528 4218 et
1577 4169 1633 4217 in
1671 4166 2016 4232 expedienda
2063 4168 2236 4218 forma
2274 4168 2453 4233 ςωρός
2489 4185 2587 4234 per
2631 4169 2854 4235 ellipsin
2900 4186 2968 4219 ex
3013 4168 3224 4233 ςωρεός

644 4252 765 4287 cum
801 4237 865 4287 ΙΙ.
902 4236 988 4285 Pr.
1028 4250 1343 4300 congruere.
1390 4236 1474 4286 De
1500 4236 1697 4299 λοχεός
1738 4242 1794 4286 et
1819 4234 2038 4285 Scholio
2064 4237 2134 4286 ad
2161 4237 2390 4288 Hesiod.
2420 4238 2622 4301 locum,
2660 4238 2804 4302 quod
2831 4242 3019 4288 nostro
3044 4237 3224 4287 simile

642 4309 993 4370 praeceptum
1031 4304 1310 4367 eontinet,·
1339 4304 1409 4354 ef.
1445 4304 1711 4354 Lehrsius
1748 4304 1813 4353 de
1850 4304 2016 4353 Arist.
2063 4320 2112 4370 p.
2151 4307 2183 4355 6
2220 4305 2327 4366 (ed.
2363 4307 2463 4368 11).
2609 4276 2645 4355 ’1.
2685 4309 2713 4356 7
2761 4303 2809 4357 εἰ
2847 4305 2920 4370 μὴ
2958 4303 3020 4356 ἐκ
3057 4305 3224 4356 πλεο·

640 4376 851 4436 ναςμοῠ
890 4371 1007 4435 ἔχοι
1042 4370 1110 4422 τὸ
1149 4385 1174 4421 ε
1213 4379 1438 4437 propter
1472 4370 1629 4423 ἔτεός
1665 4373 1903 4434 inserui3
1940 4371 2009 4421 ad
2045 4373 2271 4422 Arcadii
2305 4389 2569 4424 canonem
2606 4376 2866 4438 apposita
2902 4379 3030 4424 sunt
3055 4375 3226 4425 verba

640 4442 768 4491 inde
806 4458 839 4491 a
878 4438 1158 4503 μεμπτέος
1195 4456 1370 4506 usque
1407 4440 1478 4490 ad
1503 4439 1786 4502 γνωςτέο(
1813 4456 1880 4490 ex
1889 4409 1949 4488 ’Τ
1955 4440 2149 4505 heogn.
2198 4439 2313 4492 ἀπὸ
2338 4440 2443 4505 γὰρ
2467 4443 2571 4492 τοῦ
2599 4439 2728 4493 ἐτός
2754 4440 3027 4493 ὀξυτόνου
3052 4457 3225 4507 usque

641 4510 714 4560 ad
750 4507 1050 4573 δαφοινεός
1089 4525 1155 4557 ex
1192 4509 1436 4573 T.heog·n
1473 4512 1535 4558 51
1575 4516 1631 4559 et
1666 4508 1729 4559 ΙΙ.
1766 4509 1858 4561 Pr.
1897 4505 1935 4559 C
1971 4512 2071 4559 410
2109 4515 2164 4559 et.
2200 4511 2300 4560 538
2339 4511 2640 4575 composita
2677 4514 2805 4560 sunt
2841 4511 2911 4560 ef.
2950 4512 3050 4576 Ep.
3081 4510 3224 4562 cr.1

640 4580 757 4638 233,
796 4580 885 4641 24;
926 4583 1172 4627 extrema
1207 4577 1377 4626 verba
1415 4591 1449 4624 a
1484 4591 1570 4626 me
1595 4575 1722 4626 ficta
1759 4581 1888 4626 sunt
1924 4582 2147 4642 propter
2169 4577 2464 4627 Arcadium
2491 4577 2763 4629 dicentem
2789 4577 2825 4642 ἢ
2851 4577 3084 4643 κτητικά
3120 4575 3226 4643 εἴη.

641 4647 777 4696 Cum
814 4644 1007 4697 κενεός
1045 4645 1349 4710 comparari
1385 4651 1570 4709 potest
1605 4645 1772 4695 etiam
1806 4643 2034 4709 ςτερρός
2071 4643 2295 4709 ςτερεός
2340 4646 2396 4695 in
2446 4647 2539 4698 lib.
2579 4646 2708 4710 περὶ
2753 4645 3069 4711 ποςότητος
3105 4648 3223 4709 288,

640 4715 964 4766 10.1.
1008 4717 1067 4764 17
1105 4712 1292 4763 addidi
1337 4728 1403 4762 ex
1449 4713 1592 4765 Mon.
1630 4716 1684 4774 4,
1727 4716 1751 4764 1
1799 4712 2162 4765 ςκωπταλέος
2207 4741 2273 4748 —-
2318 4712 2636 4777 ῥωγαλέος;
2684 4714 3002 4779 καρφαλέος
3049 4713 3227 4778 ἁρπα·

637 4779 765 4832 λέος
803 4799 871 4832 ex
907 4782 1151 4846 Theogn.
1177 4783 1259 4840 51,
1302 4783 1380 4838 10,
1420 4780 1454 4830 l.
1478 4783 1542 4831 21
1581 4779 1745 4833 ἔνθεν
1779 4809 1847 4819 -
1884 4795 1980 4832 ποι
2021 4785 2189 4847 ¹met
2225 4782 2259 4833 1.
2299 4785 2364 4832 23
2399 4783 2551 4847 παρὰ
2589 4781 2904 4849 Ἀντιμάχῳ
2930 4811 2996 4818 -—
3021 4781 3227 4847 δίφρον

638 4865 706 4899 ex
742 4852 909 4914 Mon„
946 4849 1143 4912 τέγεος
1182 4865 1247 4898 ex
1284 4847 1348 4897 11.
1388 4848 1475 4899 Pr.
1513 4847 1559 4900 Ζ
1596 4851 1722 4912 248,
1761 4785 2092 4915 κήλεοςέτῇ
2078 4853 2193 4901 217.
2243 4848 2607 4916 Ὑπερβόρεοι
2644 4868 2710 4903 ex
2735 4852 2814 4905 St.
2842 4853 2902 4901 B.
2951 4851 3227 4903 Dubitavi
