3664 5546
583 340 666 388 CC
1664 332 2083 380 PRAEFATIO.

583 493 695 575 183
742 492 1078 572 χελιδών
1125 487 1304 553 Mon.
1353 488 1424 571 9,
1471 488 1540 570 63
1592 489 1778 554 Χῖος
1823 485 2057 551 Choer.
2104 486 2251 567 275,
2304 486 2410 570 143
2457 490 2694 568 χιτών
2739 486 2972 552 Choer.
3013 487 3160 570 279,

577 595 650 678 4;
692 595 994 674 ψάλιον
1040 590 1275 656 Choer.
1306 590 1464 671 279,
1515 590 1623 672 113
1673 591 2014 670 ψιθυρός
2059 588 2292 654 Choer.
2323 590 2481 673 279,
2529 590 2598 674 9,
2648 591 2883 672 ψιλός
2926 589 3160 656 Choer.

581 696 742 779 279,
789 695 903 779 293
951 696 1223 774 Ὠρίων
1271 691 1502 757 Choer.
1550 691 1706 773 280,
1757 692 1854 755 16.
2148 712 2157 733 ι

747 798 856 862 Ex
904 795 1286 863 confusione
1341 793 1664 859 vocalium
1719 794 2192 881 posterioribus
2250 805 2563 859 consueta
2616 793 3011 882 explicanda
3066 807 3166 861 est

579 899 971 988 diphthongi
1017 906 1068 966 {i
1122 907 1189 963 et
1244 895 1490 964 vocalis
1544 902 1583 976 ἦ
1642 897 2083 962 commutatio.
2174 897 2284 961 Sic
2335 919 2439 984 ap.
2482 898 2646 962 HeS.
2690 898 2996 985 leguntur
3039 901 3166 965 ἄει-

576 1027 678 1070 ται
722 1025 838 1090 pro
885 1003 1100 1086 ἄηται,
1157 1001 1374 1067 ἄειτον
1428 1021 1546 1085 pro
1595 999 1830 1081 ἄητον,
1888 1000 2154 1080 ἁμαρτεῖ
2196 1022 2313 1085 pro
2360 1001 2637 1086 ἁμαρτῇ,
2694 1010 2921 1065 contra
2972 1003 3165 1084 ἀμφί-

579 1123 763 1187 νηκες
809 1127 925 1192 pro
973 1103 1370 1186 ἀμφινεικές,
1416 1101 1533 1165 sed
1575 1105 1924 1181 καυςτηρῆς
1968 1124 2074 1188 ap.
2120 1101 2279 1166 Hes.
2326 1113 2426 1167 est
2471 1103 2699 1167 nativa
2743 1103 3029 1189 species,
3083 1126 3167 1168 ex

579 1232 709 1295 qua
750 1207 1097 1272 Boeoticae
1144 1202 1409 1269 dialecti
1451 1202 1925 1269 consuetudine
1958 1206 2320 1283 καυςτειρός
2351 1227 2456 1291 ap.
2490 1205 2641 1268 Arc.
2690 1206 2792 1287 71,
2824 1205 2907 1269 22
2952 1216 3167 1271 ortum

579 1319 712 1393 est3
758 1307 984 1373 eodem
1029 1306 1219 1371 modo
1253 1304 1653 1371 Schmidtius
1699 1307 2083 1386 παρείκαμεν
2114 1309 2620 1387 παρεπέμψαμεν
2666 1329 2771 1394 ap.
2817 1307 2980 1373 Hes.
3028 1308 3165 1373 dia-

580 1412 816 1477 lectice
861 1432 979 1498 pro
1033 1410 1402 1488 παρήκαμεν
1470 1406 1719 1472 dictum
1772 1416 1981 1494 putat.
2082 1407 2289 1474 Porro
2344 1413 2382 1487 ἦ
2440 1419 2505 1473 et
2556 1413 2579 1474 ῑ
2641 1409 3164 1493 commiscentur,

581 1514 952 1597 ἀμφιρεφὲα
980 1534 1097 1598 pro
1129 1511 1535 1593 ἀμφηρεφέα,
1568 1509 1836 1591 ἀμφικὲς
1867 1511 2051 1591 ξίφος
2082 1532 2198 1595 pro
2231 1510 2540 1595 ἄμφηκες,
2588 1512 2795 1592 ῥῆγμα
2824 1513 3165 1596 ςτάλαγμα,

584 1615 758 1704 quod
804 1624 1036 1701 postea
1080 1615 1272 1694 ῥῑγμα
1316 1620 1489 1677 recte
1520 1611 1836 1698 scriptum
1881 1619 2012 1692 est,
2053 1613 2302 1692 Τραχής
2327 1635 2445 1698 pro
2477 1614 2737 1697 Τραχίς,
2782 1614 2847 1677 in
2879 1612 2967 1699 gl.
3002 1637 3164 1696 φαρ-

589 1721 782 1784 κίδων
830 1717 1102 1798 ῥυτίδων
1149 1717 1251 1780 καὶ
1292 1716 1478 1780 πόλις
1521 1713 1798 1778 confusa
1845 1722 1997 1777 sunt
2041 1715 2268 1795 φαρκίς
2313 1717 2645 1796 φαρκίδων
2691 1726 2754 1781 et
2794 1717 3166 1797 Φαρκηδών.

583 1819 773 1884 Idem
817 1819 1082 1899 vitium,
1130 1816 1303 1904 quod
1333 1815 1666 1902 Hesychio
1680 1862 1699 1897 ,
1747 1814 1946 1879 etiam
1978 1814 2222 1881 Choera
2241 1815 2388 1899 229,
2419 1817 2503 1882 23
2532 1816 2856 1899 inhaeret,
2903 1818 2971 1883 in
3000 1841 3168 1884 κακι-

584 1923 727 2006 Θός,
775 1919 961 1985 cuius
1008 1918 1317 1985 vocabuli
1360 1925 1608 1982 rectam
1653 1916 2040 2003 scripturam
2092 1917 2366 2005 praebet
2407 1918 2652 1984 Arcad.
2694 1920 2810 2001 49,
2856 1920 2941 1985 25
2984 1944 3167 2000 κακη-

585 2025 713 2089 θός.
804 2021 1048 2089 Glossa
1092 2024 1359 2087 Ἀλίςιον
1406 2020 1590 2086 πόλις
1635 2030 1940 2106 corrupta
1996 2042 2139 2084 esse
2183 2030 2402 2107 potest
2446 2030 2559 2086 aut
2602 2043 2686 2086 ex
2729 2023 3017 2102 Ἀλήςιον
3063 2046 3165 2109 ap.

586 2124 681 2190 St.
737 2125 816 2189 B.
864 2132 978 2188 aut
1032 2144 1115 2187 ex
1172 2124 1475 2188 Ἀλείςιον
1534 2145 1639 2208 ap.
1698 2121 1930 2187 Choer.
1989 2123 2060 2185 in
2104 2121 2183 2186 Ε.
2229 2123 2316 2188 Μ.
2368 2123 2480 2205 61,
2527 2124 2642 2205 37;
2698 2146 2851 2188 nam
2892 2136 3169 2213 utroque

587 2226 778 2292 modo
825 2225 1220 2292 vocabulum
1266 2225 1581 2310 scriptum
1626 2223 1834 2287 fuisse
1878 2212 1963 2288 ex
2007 2224 2271 2290 diversa
2314 2227 2815 2313 epitomatorum
2859 2226 3170 2293 relatione

586 2326 887 2394 concludi
929 2335 1145 2414 potest
1184 2326 1430 2413 pariter
1475 2335 1670 2413 atque
1715 2348 1798 2390 ex
1847 2327 2002 2391 Arc.
2053 2327 2190 2409 123,
2236 2329 2276 2392 3
2321 2329 2620 2407 ἄνδειρον
2667 2338 2731 2393 et
2756 2328 2932 2396 Hes,
2978 2330 3169 2409 ἄνδη-

588 2453 728 2516 ρον,
773 2452 966 2517 quam
1012 2429 1295 2517 speciem
1340 2429 1539 2494 etiam
1583 2427 1662 2491 E.
1697 2427 1789 2492 M.
1844 2429 1986 2511 101,
2030 2430 2114 2494 39
2161 2429 2457 2512 exhibet,
2504 2440 2849 2518 utramque
2891 2431 3172 2497 formam

585 2533 898 2597 usitatam
943 2531 1148 2596 fuisse
1191 2530 1520 2596 coniicias.

756 2634 983 2721 Neque
1027 2656 1068 2698 a
1122 2632 1501 2698 confusione
1557 2633 1800 2699 vocalis
1848 2639 1883 2700 ἒ
1935 2644 2001 2699 et
2046 2633 2430 2720 diphthongi
2488 2658 2551 2700 αι
2609 2618 2773 2700 liber
2817 2645 2918 2700 est
2959 2637 3172 2723 Hesy-

588 2735 772 2802 chius
819 2759 873 2802 e.
922 2758 983 2821 g.
1033 2735 1425 2819 ἀμεμακέτην
1471 2758 1588 2823 pro
1632 2737 2058 2819 ἀμαιμακέτην
2103 2737 2405 2825 praebet,
2457 2740 2780 2805 Καςθανὲα
2822 2740 3008 2805 πόλις
3052 2762 3169 2826 pro

595 2842 976 2924 Καςθαναία,
1034 2838 1130 2903 St.
1177 2838 1252 2902 B.
1302 2862 1355 2902 s.
1406 2840 1783 2923 Καςταναία,
1840 2842 2103 2907 εὐκτέον
2158 2863 2277 2927 pro
2320 2841 2650 2925 εὐκταῖον,
2718 2841 2836 2906 sed
2882 2841 3174 2907 servavit

591 2941 878 3028 Hesych.
927 2950 1172 3006 rectam
1220 2940 1610 3026 scripturam
1652 2942 1720 3003 in
1771 2943 2062 3027 Ἐταιεῖς,
2107 2943 2173 3006 in
2218 2965 2344 3029 quo
2388 2942 2628 3008 diserte
2674 2949 2739 3007 ἀῖ
2780 2943 3172 3029 praescribit

594 3044 688 3109 St.
735 3044 814 3107 B.
861 3067 911 3107 S.
961 3065 1022 3107 V.
1073 3051 1139 3106 et
1181 3042 1250 3104 in
1295 3043 1556 3127 ἐόλητο,
1614 3041 1790 3128 quod
1845 3044 1913 3106 in
1967 3042 2300 3129 Apollonii
2344 3043 2452 3109 III
2494 3045 2617 3109 471
2676 3044 2862 3110 codd.
2909 3045 3169 3123 αἰόλητο

592 3145 943 3211 exhibetur
986 3144 1072 3208 cf.
1119 3143 1283 3209 Lob.
1330 3142 1413 3206 ad
1458 3143 1710 3207 Buttm.
1755 3144 1826 3208 II
1876 3145 2017 3208 164.

763 3246 983 3334 Etiam
1030 3250 1068 3309 ὃ
1112 3244 1350 3310 vitiose
1394 3267 1512 3331 pro
1560 3251 1612 3309 ῶ
1659 3245 1921 3331 ponitur
1964 3246 2030 3310 in
2077 3248 2344 3326 κρόπιον
2388 3272 2506 3337 pro
2552 3250 2836 3329 κρωπίον
2872 3249 3166 3335 Theogn.

592 3349 706 3429 69,
754 3348 826 3429 4,
875 3345 991 3411 sed
1022 3355 1199 3411 recte
1230 3369 1298 3411 se
1328 3345 1569 3411 habere
1601 3347 1862 3413 videtur
1891 3349 2102 3428 ὀρεύω
2117 3401 2135 3434 ,
2180 3351 2355 3438 quod
2386 3361 2485 3416 est
2516 3350 2711 3417 etiam
2743 3374 2847 3438 ap.
2880 3351 3170 3438 Theogn.

591 3449 707 3530 50,
753 3449 856 3513 21.

764 3549 872 3614 Ab
916 3549 1060 3635 ipso
1103 3549 1438 3638 Hesychio
1493 3550 1661 3617 hanc
1717 3551 2040 3618 vocalium
2094 3557 2648 3641 perturbationem
2700 3580 2827 3622 non
2895 3555 3173 3622 alienam

581 3674 737 3717 ⁴esse
791 3648 947 3714 inde
1004 3660 1180 3716 certe
1233 3661 1522 3736 constat,
1581 3654 1758 3741 quod
1813 3679 1945 3720 non
2001 3655 2210 3722 solum
2268 3659 2334 3721 in
2388 3659 2693 3725 insiticiis
2749 3659 2989 3745 glossis
3033 3682 3172 3747 per-

594 3774 792 3817 versa
846 3751 1175 3839 scriptura
1228 3757 1580 3842 reperitur,
1650 3757 1765 3823 sed
1824 3760 2020 3824 etiam
2075 3759 2142 3821 in
2197 3762 2499 3843 genuinis
2554 3784 2669 3826 suo
2726 3761 2864 3827 loco
2921 3763 3169 3849 positis.

597 3856 728 3921 Sed
773 3856 830 3920 si
874 3855 1277 3939 considereS,
1334 3881 1530 3945 quam
1585 3859 1791 3925 multa
1846 3859 2169 3925 vocabula
2211 3861 2577 3948 Hesychius
2637 3862 2834 3928 foeda
2885 3865 2987 3927 sui
3031 3864 3176 3929 aevi

599 3959 1135 4045 pronunciatione
1180 3982 1309 4024 non
1363 3960 1648 4025 intactus
1694 3973 1869 4027 recte
1922 3962 2006 4026 ad
2064 3986 2360 4028 normam
2401 3963 2762 4028 Herodiani
2805 3966 3173 4052 protulerit,

597 4084 728 4125 non
773 4060 1046 4144 negabis
1093 4084 1240 4125 eum
1286 4084 1514 4126 verum
1559 4064 2024 4150 pronunciasse
2081 4088 2281 4152 quum
2336 4066 2584 4131 diceret
2627 4090 2695 4131 se
2740 4068 2807 4131 in
2842 4067 3173 4154 orthogra-

595 4161 753 4247 phia
794 4160 1159 4227 Herodiani
1217 4164 1514 4249 vestigiis
1562 4166 1888 4231 insistere.
1977 4167 2172 4248 Quod
2223 4177 2297 4232 ut
2351 4169 2557 4253 magis
2617 4169 2813 4234 etiam
2860 4180 3171 4256 patescat,

597 4263 761 4328 alias
808 4286 1062 4351 quoque
1107 4265 1611 4353 orthographiae
1651 4277 1874 4354 partes
1923 4269 2263 4354 attingam.

767 4364 845 4429 In
907 4369 929 4432 ῐ
997 4365 1470 4433 subscribendo
1542 4368 1646 4434 vel
1719 4369 2079 4436 omittendo
2146 4371 2526 4459 plerumque
2585 4372 2955 4459 Hesychius
3029 4398 3175 4440 cum

596 4467 977 4533 Herodiano
1025 4470 1371 4534 consentit.

765 4568 846 4633 In
890 4569 1373 4657 subscriptione
1426 4573 1565 4637 iota
1618 4573 1968 4638 ineffabilis
2026 4578 2325 4662 congruit
2380 4577 2540 4642 HeS.
2598 4600 2746 4643 cum
2799 4578 3174 4644 Herodiano

598 4671 667 4734 in
710 4670 847 4734 his:
897 4673 1228 4758 ὁμαρτῇ,
1275 4671 1355 4736 Il.
1386 4673 1493 4738 Pr.
1526 4676 1568 4740 Ε
1603 4675 1728 4739 656
1773 4676 2048 4762 ἁμαρτῇ;
2094 4679 2296 4762 ἄνεῳ
2342 4679 2419 4745 Ε.
2464 4680 2554 4744 Μ.
2607 4681 2758 4762 105,
2809 4682 2918 4761 17;
2967 4687 3174 4766 δῃῶν

600 4772 679 4837 Il.
724 4773 833 4836 Pr.
893 4775 938 4839 Ρ
982 4773 1094 4858 653
1165 4776 1362 4858 ἑῷος
1407 4776 1639 4842 Choer.
1696 4777 1855 4860 214,
1907 4781 2017 4862 113
2085 4783 2328 4866 ᾔομεν
2386 4781 2620 4848 Choer.
2677 4783 2824 4864 217,
2876 4783 2984 4866 14;
3051 4785 3176 4869 ᾗχι
