3664 5546
1086 399 1244 455 ΠΕΡΙ
1286 399 1677 454 ΚΑΘΟΛΙΚΗ(
1715 398 2136 454 ΠΡΟΕΩιΔΙΑ(
2184 401 2239 453 ς.
2844 396 2965 463 139

537 569 632 635 Τὰ
687 570 776 636 εἰς
823 557 942 653 {of
978 573 1162 649 κύρια
1206 572 1244 649 ἢ
1300 572 1735 650 προςηγορικὰ
1791 571 1951 648 ὑπὲρ
2008 571 2129 635 δύο
2185 570 2499 648 ςυλλαβὰς
2553 571 2962 648 προπαροξύ-

370 694 574 755 νεται,
621 671 944 757 ἄραβος,
989 672 1361 755 κόναβος,
1406 672 1721 755 ἴαμβος,
1776 674 2150 756 κάραβος,
2208 673 2578 754 ςάραβος,
2635 671 2962 736 ἀττέλα-

372 780 536 856 βος,
580 774 742 854 ὅπερ
789 776 852 840 οἱ
897 775 1163 840 Ἀττικοὶ
1217 774 1604 852 παραλόγως
1660 775 1972 842 ὀξύνουςι.
2065 775 2423 853 Νήραβος
2477 774 2664 838 πόλις
2721 773 2960 853 (υρίας.

372 873 686 942 Νικόλαος
728 878 1025 958 τετάρτῳ.
1098 877 1483 956 Ἄμολβος
1540 876 1726 941 πόλις
1773 877 2171 959 Μαγνήτων,
2232 878 2322 941 ὡς
2376 878 2703 954 Βάλακρος
2752 876 2963 946 Μακε-,

370 983 648 1044 δονικῶν
706 976 778 1061 β’,
831 979 1182 1059 Ἄριςβος
1238 979 1528 1057 ποταμὸς
1585 979 1873 1063 Θρᾳκῶν.
1967 979 2421 1060 Βατάναβος
2476 978 2764 1059 Ἀραβίας
2820 999 2958 1043 ςτα-
2990 988 3021 1035 5

368 1080 541 1159 θμός.
586 1081 1079 1160 Πράςςαιβος
1117 1080 1306 1146 ἔθνος
1338 1080 1816 1165 Θεςπρωτικόν,
1853 1082 2256 1162 Κάνδυβος
2299 1086 2450 1147 παῖς
2479 1080 2960 1163 Δευκαλίωνος,

371 1183 735 1263 Μέταβος
780 1184 982 1265 ἥρως,
1028 1182 1154 1263 ἀφ’
1200 1181 1280 1247 οὗ
1326 1183 1793 1248 Μεταπόντιον.
1863 1185 1978 1249 τὸν
2034 1184 2163 1262 γὰρ,
2205 1184 2655 1249 Μεταπόντιον
2704 1181 2767 1246 οἱ
2812 1181 2959 1262 βάρ-

370 1289 554 1364 βαροι
603 1286 901 1365 Μέταβον
945 1284 1193 1361 ἔλεγον.
1249 1284 1636 1366 Πόλυβος.
1687 1285 2044 1365 Χάλυβος
2087 1285 2251 1364 παρ’
2293 1283 2596 1369 Ἑκαταίῳ
2642 1285 2706 1350 οἱ
2753 1284 2959 1348 Χάλυ-

369 1392 490 1467 βες.
542 1386 1046 1468 Καλλάτηβος
1090 1388 1274 1453 πόλις
1318 1387 1565 1453 Λυδίας.
1612 1386 1963 1466 Ἡρόδοτος
2003 1387 2239 1472 ἑβδόμῃ
2271 1389 2353 1469 (c.
2386 1386 2514 1469 31).
2560 1387 2961 1467 Τύρρηβος

366 1490 555 1553 πόλις
599 1489 827 1569 Λιβύης
871 1490 1003 1553 ἀπὸ
1047 1488 1381 1569 Τυρρήβου
1425 1492 1542 1554 τοῦ
1585 1489 1830 1555 Ἄτυος.
1882 1490 2291 1573 Κάνωβος,
2336 1489 2498 1568 ὅπερ
2544 1490 2673 1555 ἔδει
2716 1489 2959 1568 γράφε·
3004 1496 3064 1546 10

373 1596 511 1655 ςθαι
558 1592 665 1655 διὰ
707 1594 824 1656 τοῦ
843 1596 941 1655 στ’τ·
987 1591 1182 1656 οὐδὲν
1226 1591 1347 1669 γὰρ
1395 1590 1482 1656 εἰς
1525 1578 1648 1672 ’ὣς
1716 1595 1917 1670 λῆγον
1986 1592 2147 1671 ὑπὲρ
2214 1592 2333 1656 δύο
2392 1591 2705 1672 ςυλλαβάς
2756 1597 2850 1674 τῷ
2909 1593 2963 1649 ὦ

367 1693 825 1779 παραλήγεται.
903 1692 1216 1772 γράφεται
1273 1693 1345 1757 δὲ
1389 1693 1562 1772 ὅμως
1619 1695 1724 1758 διὰ
1791 1698 1907 1758 τοῦ
1966 1680 2016 1774 β.
2119 1693 2415 1774 (τράβων
2469 1693 2961 1777 ἑπτακαιδεκάτῃ

368 1794 466 1880 (p.
514 1794 669 1875 801)
718 1795 1062 1876 «Κάνωβος
1118 1795 1184 1859 δ’
1241 1795 1365 1860 ἔςτι
1422 1795 1608 1860 πόλις
1664 1794 1734 1860 ἐν
1790 1795 1983 1862 εἴκοςι
2049 1797 2150 1860 καὶ
2213 1795 2442 1863 ἑκατὸν
2500 1797 2773 1862 ςταδίοις
2827 1796 2960 1861 ἀπὸ

369 1897 845 1976 Ἀλεξανδρείας
889 1903 1045 1980 πεζῇ
1092 1897 1323 1979 ἰοῦςιν,
1378 1896 1508 1961 ἀπὸ
1569 1897 1877 1978 Κανώβου
1931 1898 2322 1980 κυβερνήτου
2370 1898 2741 1982 Μενελάου,
2796 1898 2959 1963 ἀπο-

366 1999 685 2064 θανόντος
727 1998 1010 2063 αὐτόθι».
2602 2050 2605 2059 .
3000 2007 3060 2057 15

537 2101 632 2165 Τὰ
688 2101 777 2166 εἰς
831 2089 946 2181 Bo}
989 2100 1305 2166 ἐπιθετικὰ
1363 2102 1525 2182 ὑπὲρ
1571 2101 1690 2167 δύο
1739 2101 2085 2185 ςυλλαβάς,
2143 2101 2197 2167 εἰ
2253 2103 2334 2181 μὴ
2391 2102 2468 2167 τὸ
2513 2106 2551 2181 ῆ
2597 2104 2957 2182 παραλήγοι

364 2206 404 2282 ἢ
438 2204 706 2277 ςύνθετα
736 2202 833 2281 εἴη
864 2202 996 2268 ἀπὸ
1037 2208 1166 2268 τῶν
1199 2203 1285 2269 εἰς
1313 2189 1432 2285 ᾗ
1461 2204 1825 2287 ληγόντων,
1857 2203 2169 2287 ὀξύνεται,
2214 2204 2542 2284 ἐρεμβός
2571 2206 2673 2270 καὶ
2705 2205 2857 2282 Ἐρε
2875 2227 2957 2284 μ-

368 2306 492 2385 βοί
531 2303 720 2370 ἔθνος
751 2305 1056 2384 Ἀραβίας.
1127 2305 1410 2385 Ὅμηρος
1456 2307 1598 2370 «καὶ
1639 2306 1969 2372 (ιδονίους
2011 2306 2116 2370 καὶ
2157 2305 2530 2386 Ἐρεμβούς»
2573 2304 2728 2389 (Οό.
2754 2312 2791 2371 δ
2822 2306 2957 2389 84),

364 2407 641 2473 τούτους
685 2407 757 2471 δέ
801 2428 951 2487 φηςι
994 2407 1148 2471 τοὺς
1178 2407 1643 2487 Τρωγλοδύτας
1686 2408 1817 2475 ἀπὸ
1864 2412 1981 2474 τοῦ
2026 2408 2115 2473 εἰς
2157 2407 2312 2487 ἔραν
2361 2408 2613 2487 βαίνειν.
2660 2409 2958 2484 λέγονται

365 2512 472 2575 καὶ
515 2510 883 2589 Ἐρεμβαῑοι.
970 2510 1183 2593 τούτῳ
1242 2512 1313 2575 δὲ
1368 2509 1606 2590 ὁμοίως
1660 2511 1762 2575 καὶ
1805 2511 2256 2591 Περραιβός
2301 2509 2585 2593 ἐθνικόν,ι
2642 2508 2722 2575 οὗ
2767 2515 2956 2588 θηλυ-
2992 2518 3062 2568 20

363 2614 486 2678 κὸν
531 2611 690 2676 κατὰ
734 2611 1072 2690 κοινότητα
1114 2612 1154 2690 ἡ
1199 2611 1557 2691 Περραιβός
1613 2612 1717 2675 καὶ
1756 2612 2098 2691 Περραιβή.
2187 2611 2558 2694 κολοβός,
2604 2617 2861 2692 βουφο
2877 2633 2957 2691 ρ-

368 2714 534 2798 βός,
579 2712 1106 2794 ἱπποφορβὸς.
1194 2714 1271 2779 τό
1318 2715 1388 2779 δὲ
1433 2713 1764 2795 ἔφηβος,
1811 2713 2104 2794 ἄνηβος
2149 2713 2584 2793 παραλήγουςι
2629 2720 2720 2798 τῷ
2764 2717 2819 2793 ἦ.
2882 2715 2957 2779 τὸ

365 2819 441 2881 δὲ
486 2809 922 2896 φιλόκυβος
965 2817 1286 2881 ςύνθετον.

539 2918 635 2982 Τὰ
689 2916 776 2982 εἰς
820 2921 937 2995 γ’·(Τς
991 2918 1334 2998 διςύλλαβα
1375 2909 1623 2996 ’ἔχοντα
1679 2918 1797 2996 τὴν
1853 2919 1980 2996 πρὸ
2037 2918 2266 2982 τέλους
2311 2920 2626 2999 ςυλλαβὴν
2678 2918 2766 2983 εἰς
2811 2919 2956 2998 ςύμ-

366 3041 602 3102 φωνον
644 3020 963 3097 λήγουςαν
993 3020 1426 3098 προςηγορικὰ
1455 3019 1615 3084 ὄντα
1656 3021 1696 3097 ἢ
1741 3021 1924 3098 κύρια
1957 3020 2322 3102 βαρύνεται,
2367 3023 2697 3099 πύργος·
2744 3021 2856 3086 εἰςὶ
2885 3023 2957 3085 δὲ
2993 3029 3058 3078 25

365 3125 473 3189 καὶ
515 3122 820 3200 Πύργοι
866 3121 1054 3186 πόλις
1101 3122 1444 3200 Μεςςήνης.
1525 3121 1899 3204 ςπόγγος,
1945 3123 2334 3205 φθόγγος,
2383 3124 2673 3202 Γόργος
2731 3124 2805 3188 τὸ
2851 3123 2955 3188 κύ-

367 3246 545 3305 ριον,
601 3224 894 3300 γοργός
939 3226 1008 3289 δὲ
1052 3225 1128 3289 τὸ
1175 3223 1484 3289 ἐπίθετον.
1571 3223 1847 3299 Ἐλγος
1900 3224 2177 3304 πόλιςμα
2231 3225 2491 3307 Λυδίας,
2554 3227 2644 3290 ὡς
2699 3225 2957 3291 Ξάνθος

365 3329 440 3392 ἐν
485 3326 838 3392 Λυδιακοῖς.
907 3326 1191 3402 Λίγγος
1235 3326 1570 3405 φρούριον·
1604 3326 2072 3404 Καςςανδρέων.
2140 3327 2632 3406 Ἀπολλόδωρος
2691 3326 2761 3392 ἐν
2805 3347 2957 3406 χρο-

366 3432 565 3495 νικῶν
610 3426 819 3509 τρίτῳ.
908 3426 1182 3503 (ίγγος
1225 3426 1412 3492 πόλις
1454 3427 1630 3506 παρὰ
1672 3434 1765 3511 τῷ
1807 3428 1997 3511 Ἄθῳ.
2085 3429 2162 3492 τὸ
2221 3430 2290 3493 δὲ
2352 3428 2642 3507 ςαργός
2701 3429 2738 3493 ὁ
2784 3429 2958 3508 ἰχθῦς

367 3530 678 3596 ὀξύνεται.
2994 3539 3061 3590 30

541 3630 637 3694 Τὰ
681 3630 770 3695 εἰς
811 3633 942 3707 Ῠ-οῖ
989 3630 1226 3709 ἔχοντα
1268 3633 1386 3710 τὴν
1430 3632 1559 3709 πρὸ
1602 3631 1827 3696 τέλους
1861 3633 2177 3711 ςυλλαβὴν
2223 3632 2310 3697 εἰς
2342 3632 2690 3712 ςύμφωνον
2724 3633 2956 3711 λήγου-

365 3754 482 3799 ςαν
550 3733 868 3797 ἐπιθετικὰ
933 3732 1091 3797 ὄντα
1103 3781 1122 3814 ,
1186 3732 1240 3796 εί
1307 3735 1386 3811 μὴ
1453 3734 1676 3797 ἔννοιά
1720 3755 1811 3798 τις
1870 3734 2144 3814 ὑπάρχοι
2202 3735 2576 3817 ςυνθέςεως,
2645 3735 2957 3818 ὀξύνεται,

365 3834 691 3917 γοργός,
735 3834 991 3913 ἀργός.
1053 3835 1153 3899 *τὸ
1200 3835 1414 3913 μέντοι
1458 3836 1734 3913 Ἀργος
1767 3836 2150 3916 βαρύνεται,
2207 3836 2309 3900 καὶ
2353 3837 2427 3900 τὸ
2474 3837 2769 3915 μάργος
2814 3837 2955 3901 ςύν-

2804 3975 2815 4012 ί

504 4091 539 4140 1.
577 4093 611 4141 3
657 4092 878 4141 nomina
931 4090 1061 4141 inde
1107 4107 1141 4141 a
1189 4087 1444 4153 Νήραβος
1488 4104 1659 4157 usque
1710 4091 1779 4140 ad
1825 4089 1983 4140 finem
2030 4107 2097 4140 ex
2145 4092 2223 4141 St.
2272 4092 2332 4141 B.
2380 4091 2690 4172 deprompsi
2738 4079 2959 4155 p'raeter

367 4158 660 4221 Πόλυβος,
701 4158 846 4223 quod
891 4175 959 4209 ex
1005 4158 1206 4209 Herod.
1254 4157 1382 4221 περὶ
1429 4159 1631 4209 παθῶν
1680 4160 1735 4208 in
1784 4159 1846 4212 Ε.
1887 4159 1957 4207 Μ.
1994 4160 2120 4221 680,
2160 4162 2222 4210 57
2272 4165 2383 4220 est3
2436 4159 2507 4209 ad
2557 4157 2818 4220 Κανωβος
2865 4175 2957 4208 ex·

369 4227 684 4292 plicandum
720 4227 944 4277 adhibui
983 4230 1153 4278 etiam
1189 4228 1336 4276 Mon.
1375 4227 1455 4288 13,
1491 4229 1555 4277 29
1591 4227 1659 4276 cf.
1701 4228 1763 4280 Ε.
1802 4228 1875 4276 Μ.
1914 4228 2029 4287 489,
2069 4229 2148 4277 25.
2258 4228 2290 4276 1.
2336 4229 2394 4276 17
2434 4224 2680 4292 Ἐρεμβοί
2720 4233 2776 4276 et
2811 4225 2956 4291 Περ-

369 4295 561 4359 ραιβός
596 4295 807 4345 inserui
842 4311 908 4344 ex
945 4296 1023 4344 St.
1063 4296 1150 4357 Β.,
1191 4295 1468 4360 posterius
1515 4294 1600 4344 his
1647 4295 1945 4348 adieetivis
1989 4294 2379 4345 adnumerasse
2417 4295 2792 4346 Herodianum
2827 4294 2956 4344 inde

372 4364 627 4414 concludi
667 4368 875 4427 potest,
915 4364 1058 4428 quod
1096 4363 1176 4414 St.
1216 4363 1276 4412 B.
1318 4362 1522 4412 diserte
1562 4363 1882 4413 femininum
1919 4360 2203 4425 Περραιβή
2243 4369 2645 4413 commemorat.
2818 4362 2852 4414 l.
2893 4365 2955 4414 ‘27

372 4431 571 4494 Ἐλγος
609 4458 674 4466 -
712 4428 907 4493 (ίγγος
945 4437 1072 4482 sunt
1109 4447 1176 4482 ex
1214 4432 1291 4482 St.
1331 4432 1390 4481 B.
1426 4457 1492 4465 —-
1528 4432 1760 4496 Propter
1796 4435 2058 4480 accentus
2095 4431 2518 4481 inconstantiam
2566 4431 2725 4481 omisi
2763 4429 2797 4482 Γ
2798 4428 2958 4492 ολγοί

371 4499 533 4551 πόλις
572 4497 799 4562 Κύπρου
834 4498 948 4550 ἀπὸ
989 4498 1023 4551 Γ
1026 4498 1225 4563 όλγου,
1267 4515 1362 4564 pro
1399 4513 1506 4563 quo
1544 4497 1849 4562 Goettling.
1891 4497 1957 4547 de
1997 4513 2108 4548 acc.
2148 4515 2196 4563 p.
2223 4500 2322 4548 246
2364 4497 2398 4550 Γ
2399 4498 2572 4560 ολγοῦ
2611 4499 2783 4549 scribi
2818 4499 2954 4560 vult,

371 4568 468 4619 sed
503 4569 561 4618 iu
599 4567 720 4621 cod.
757 4569 821 4617 R.
860 4566 1128 4634 Stephani
1169 4566 1362 4630 Γόλγοι
1399 4567 1661 4631 scriptum
1699 4570 1801 4615 est.
1873 4567 2075 4616 Exstat
2111 4582 2288 4617 canon
2324 4567 2494 4618 etiam
2528 4567 2584 4616 in
2620 4566 2721 4616 An.
2760 4567 2861 4618 Ox.
2902 4569 2956 4618 11

372 4637 486 4699 355,
523 4639 607 4698 21,
645 4635 739 4685 ubi
777 4651 1038 4699 perverse
1076 4635 1246 4698 ἄλγος
1283 4641 1538 4685 neutrum
1576 4629 1887 4699 appositum
1925 4640 2029 4684 est.
2145 4634 2179 4684 l.
2219 4639 2284 4686 33
2321 4651 2418 4700 pro
2459 4631 2665 4696 Γάγγος
2702 4633 2821 4684 cod.
2862 4635 2955 4684 ΑΒ

374 4704 461 4754 vel
496 4702 710 4765 (ἀγγος
750 4703 868 4756 eod.
909 4703 949 4752 C
988 4708 1172 4770 recepi
1209 4702 1534 4767 Goettlingii
1573 4701 1640 4752 de
1672 4706 1902 4751 accentu
1942 4720 1990 4767 p.
2017 4704 2115 4751 216
2152 4703 2525 4753 coniecturam
2550 4701 2773 4765 Ἄργος,
2814 4718 2955 4766 quae

376 4788 441 4821 eo
489 4788 546 4822 se
595 4770 966 4835 commendat,
1024 4773 1167 4838 quod
1213 4771 1370 4821 modo
1414 4767 1582 4834 ἀργός
1628 4768 1853 4819 allatum
1903 4777 1959 4821 et
2004 4770 2306 4820 Herodiani
2350 4768 2686 4822 consuetudo
2734 4774 2846 4832 est,
2898 4776 2959 4820 ut

375 4838 699 4905 homonyma
738 4846 1033 4904 comparet.
1081 4841 1302 4890 Diserte
1339 4838 1514 4888 Schol.
1553 4837 1624 4887 ad
1660 4837 1818 4888 Dion.
1855 4840 1973 4899 677,
2011 4839 2075 4887 26
2112 4839 2169 4887 in
2206 4838 2350 4902 loco,
2391 4840 2482 4887 ubi
2522 4839 2828 4888 Herodiani
2865 4838 2955 4888 de-

377 4904 548 4956 finitio
587 4907 879 4972 prosodiae
915 4910 1245 4976 explicatur:
1291 4906 1360 4958 τὸ
1398 4903 1619 4958 Apro(
1666 4902 1717 4956 εἰ
1753 4905 1855 4968 μὲν
1901 4903 2149 4971 ςημαίνει
2195 4905 2301 4957 τὸν
2348 4905 2625 4971 ῥᾴθυμον,
2671 4904 2953 4958 ὀξύνεται·
