3664 5546
587 969 619 1017 5

573 1478 631 1525 Ιί)

578 1983 634 2033 15

672 380 792 445 134
1609 381 1689 436 ΕΙ(
1729 382 1869 436 ΤΩΝ
1911 382 2320 437 ΗΡΩΔΙΑΝΟΥ

664 555 899 616 ταῖος.
962 550 1378 634 ῥαγδαῖος,
1436 556 1840 635 ςταδαῖος,
1901 552 2212 635 ἀδαῖος,
2272 554 2620 630 Ἀγκαῖος
2676 554 2851 634 παρὰ
2904 557 2980 621 τὸ
3037 556 3248 633 ἀγκάς.

663 655 737 718 τὸ
783 654 1002 733 μέντοι
1048 654 1247 732 μάτην
1296 654 1658 735 μάταιος,
1703 656 1777 719 τὸ
1823 656 1944 734 δήν
1991 656 2343 737 δηναιός,
2389 657 2464 721 τὸ
2510 657 2706 720 πάλαι
2751 658 3106 723 παλαιός.

832 755 925 820 Τὰ
980 754 1111 820 ἀπὸ
1168 755 1465 835 ῥημάτων
1522 760 1985 839 περιςπῶνται,
2053 757 2367 836 βέβαιος
2433 759 2608 836 παρὰ
2674 759 2749 823 τὸ
2808 760 3069 842 βέβηκα,
3123 760 3251 825 Φί-

665 861 918 940 λαιος,
968 858 1318 939 Νίκαιος,
1363 857 1717 940 Τίμαιος,
1763 859 2080 940 Λύαιος,
2126 859 2535 942 Πείραιος,
2577 861 2959 939 Πήδαιος·
3007 862 3086 926 οὐ
3131 863 3252 940 γὰρ

665 963 893 1041 τοῦτο,
941 960 1030 1023 ὡς
1076 957 1276 1023 οἴεται
1322 959 1360 1024 ὁ
1403 960 1687 1041 Ἅβρων,
1743 961 1919 1038 παρὰ
1973 963 2089 1040 τὴν
2135 964 2344 1038 πῆδον
2393 959 2517 1045 (?)·
2575 963 2783 1027 ἐοικὸς
2839 963 2963 1042 γὰρ
3009 966 3252 1042 μᾶλλον

660 1061 824 1140 ἥρωϊ
866 1061 1041 1139 παρὰ
1083 1062 1159 1125 τὸ
1203 1065 1414 1140 πηδᾶν
1461 1061 1906 1140 ἐςχηματίςθαι.

831 1163 924 1227 Τὰ
969 1164 1056 1227 εἰς
1103 1168 1235 1228 {ff
1279 1164 1558 1241 καθαρὸν
1604 1165 1987 1244 τριςύλλαβα
2030 1164 2266 1242 ἔχοντα
2311 1165 2380 1231 ἐν
2425 1173 2500 1249 τῇ
2546 1165 2719 1250 τρίτῃ
2763 1171 2803 1244 ἦ
2844 1169 3253 1246 προπαροξύ-

664 1285 872 1346 νεται,
938 1266 1287 1349 θήρειος,
1355 1266 1712 1347 μήλειος,
1760 1267 2124 1347 χήνειος,
2181 1267 2497 1342 κήλειος
2555 1268 2591 1331 ὁ
2650 1268 3007 1351 καυςτικός,
3068 1270 3252 1348 Κρή-

664 1387 893 1431 τειος.
961 1368 1035 1432 τὸ
1082 1368 1298 1447 με’ντοι
1345 1368 1645 1431 Ἠτεῖος
1688 1404 1774 1413 --
1818 1367 1898 1446 ἦν
1945 1369 2015 1432 δὲ
2062 1368 2306 1433 Ἠτεῖος
2351 1367 2439 1433 εἷς
2483 1375 2614 1435 τῶν
2661 1371 2819 1434 ἑπτὰ
2864 1376 3120 1453 ςοφῶν,
3168 1374 3255 1437 ὡς

665 1468 953 1548 Δίδυμος
999 1474 1436 1549 ςυμποςιακῶν
1468 1469 1744 1552 δεκάτῳ,
1789 1470 2068 1534 Πλάτων
2119 1472 2188 1533 δὲ
2224 1470 2294 1534 ἐν
2324 1471 2729 1557 Πρωταγόρᾳ
2764 1473 2974 1551 Χηνέα
3018 1477 3253 1538 τοῦτον

669 1569 850 1635 εἶπεν
893 1607 981 1617 -
1025 1572 1358 1653 Ἠλεῖος,
1417 1572 1682 1649 ήθεῖος
1739 1574 2243 1650 προπεριςπᾶται
2299 1573 2419 1636 οὐκ
2473 1573 2603 1639 ἀπὸ
2667 1575 3016 1654 ςυμφώνου
3062 1574 3253 1654 ἀρχό-

669 1692 843 1752 μενα.
910 1673 1012 1736 καὶ
1054 1674 1129 1738 τὸ
1175 1675 1289 1752 μὲν
1335 1673 1584 1737 Ἠλεῖος
1632 1673 1803 1738 οὕτω
1848 1673 2113 1747 γίνεται’
2170 1672 2301 1738 ἀπὸ
2345 1678 2457 1752 τῆς
2499 1675 2763 1740 Ἤλιδος
2805 1679 3055 1754 γενικῆς
3100 1676 3253 1742 ἀνα-

671 1774 881 1850 λόγως
925 1775 1234 1839 Ἠλίδειος
1280 1776 1369 1840 ῶς
1400 1775 1798 1839 Ἀδωνίδειος
1844 1776 1944 1838 καὶ
1977 1774 2388 1840 Εὐπολίδειος
2432 1783 2698 1860 κτητικῷ
2736 1778 2918 1861 τύπῳ
2964 1779 3066 1842 καὶ
3111 1778 3257 1843 καθ’

670 1876 892 1956 ὕφεςιν
950 1880 1066 1941 τοῦ
1121 1863 1159 1941 δ
1213 1877 1481 1942 Ἠλίειος
1535 1877 1637 1941 καὶ
1692 1877 1975 1961 Ἠλεῖος,
2042 1876 2167 1957 ἀφ’
2221 1875 2300 1942 οὗ
2369 1878 2643 1942 «Ἀλεῖος
2707 1878 2910 1944 Ζεύς»
2970 1877 3254 1961 (Gallim.

672 1976 750 2040 fr.
784 1976 911 2058 99).
985 1979 1267 2058 Τρύφων
1313 1979 1383 2043 δέ
1427 2000 1650 2062 φηςιν,
1695 1979 1792 2043 ὅτι
1839 1979 2084 2043 Ἠλίεος
2128 1981 2230 2044 καὶ
2274 1980 2521 2044 Ἠλέϊος
2565 1981 2666 2046 καὶ
2708 1980 2973 2047 Ἠλεῖος.
3062 1983 3140 2046 τὸ
3185 1983 3258 2047 δὲ

672 2080 887 2158 ἠθεῖος
929 2079 1078 2145 ἴςως
1124 2082 1300 2159 παρὰ
1344 2081 1421 2146 τὸ
1470 2082 1674 2162 θεῖος,
1721 2081 1889 2156 λέγω
1934 2084 2007 2146 δὲ
2049 2083 2126 2147 τὸ
2172 2084 2548 2161 ςημαντικὸν
2591 2087 2708 2150 τοῦ
2754 2083 3054 2166 ἐπαίνου,
3100 2084 3260 2149 κατὰ

671 2183 1079 2262 πλεοναςμὸν
1134 2188 1250 2247 τοῦ
1306 2186 1344 2262 ἦ
1400 2183 1675 2260 ἐγένετο.
1763 2184 1855 2249 Τὸ
1911 2185 1982 2248 δὲ
2042 2184 2391 2266 Κητειός,
2445 2185 2785 2264 Πηνειός
2830 2185 3120 2253 ὀξύνεται
3168 2187 3259 2251 ῶς

672 2285 870 2363 κύρια.
916 2285 1018 2347 καὶ
1063 2286 1137 2349 τὸ
1187 2285 1532 2363 Μήδειος
1577 2284 1798 2363 κύριον
1843 2320 1929 2331 -
1973 2284 2098 2351 ἔςτι
2144 2286 2217 2350 δὲ
2260 2285 2450 2350 ἔθνος
2495 2287 2533 2351 ὃ
2577 2288 2680 2351 καὶ
2727 2288 2938 2366 Μῆδοι
2981 2323 3069 2335 -
3096 2308 3256 2367 προ-

670 2387 1096 2466 παροξύνεται
1141 2387 1424 2466 καθάπερ
1472 2386 1839 2452 Βούδειοι
1884 2386 2073 2452 ἔθνος
2121 2388 2425 2466 Μηδικόν.

807 2626 839 2677 1.
881 2630 906 2676 1
954 2625 1215 2691 ῥαγδαῖος
1251 2655 1315 2661 -
1353 2623 1525 2689 ἀγκάς
1561 2625 1752 2676 addidi
1799 2642 1868 2676 ex
1915 2625 2163 2691 Theogn.
2201 2627 2294 2689 53,
2339 2627 2428 2691 18,
2476 2627 2621 2677 unde
2668 2627 2836 2677 etiam
2880 2625 2987 2693 δήν
3030 2627 3259 2694 δηναιός

669 2701 727 2746 et
763 2693 935 2746 πάλαι
962 2693 1214 2746 παλαιός.
1355 2694 1388 2744 l.
1424 2698 1456 2746 3
1493 2710 1580 2759 ap.
1620 2694 1818 2744 Arcad.
1854 2696 1938 2756 44,
1977 2698 2008 2745 3
2044 2693 2185 2745 haee
2223 2698 2433 2744 tantum
2470 2697 2643 2746 verba
2678 2701 2904 2746 exstant
2940 2696 3030 2747 καί
3066 2695 3136 2747 τὸ
3174 2696 3257 2761 βέ-

670 2766 821 2829 βαιος
858 2762 1009 2828 παρὰ
1044 2762 1114 2815 τὸ
1152 2761 1384 2829 βέβηκα,
1423 2762 1642 2829 explevi
1681 2779 1945 2814 canonem
1983 2778 2050 2813 ex
2075 2763 2139 2815 ΙΙ.
2170 2764 2258 2814 Pr.
2285 2760 2323 2815 Ε
2348 2764 2431 2815 69.
2482 2761 2684 2815 Λύαιος
2709 2764 2900 2815 addidi
2924 2781 2991 2815 ex
3012 2764 3259 2832 Theogn.

668 2837 751 2896 53,
790 2837 872 2895 23,
909 2829 1173 2897 Πείραιος
1211 2849 1278 2883 ex
1313 2832 1377 2883 11.
1413 2834 1503 2883 Pr.
1540 2830 1583 2882 Λ
1620 2835 1734 2882 301.
1784 2832 2079 2882 Caeterum
2113 2848 2223 2882 non
2259 2833 2525 2883 absonum
2563 2833 2671 2882 erit
2707 2834 2958 2884 conferre
2994 2849 3259 2885 canonem

671 2905 728 2952 in
766 2901 944 2951 Schol.
981 2899 1054 2950 ad
1089 2901 1154 2952 11.
1193 2898 1230 2952 Ε
1265 2903 1330 2951 69
1377 2900 1433 2949 in
1471 2900 1571 2949 An.
1611 2901 1782 2950 Paris,
1821 2900 1908 2950 111
1944 2901 2060 2961 283,
2099 2902 2184 2961 27,
2232 2916 2393 2965 quem
2436 2901 2727 2951 maximam
2773 2907 2986 2967 partem
3034 2918 3100 2952 ex
3150 2904 3259 2953 He·

673 2970 898 3020 rodiano
944 2969 1166 3019 fluxisse
1216 2975 1473 3033 apparet:
1512 2965 1793 3031 Πήδαιον;
1836 2965 2276 3031 βαρυτονητέον·
2322 2967 2394 3019 τὰ
2437 2966 2544 3033 γὰρ
2580 2968 2668 3020 διὰ
2707 2971 2811 3021 τοῦ
2849 2974 2967 3022 bio?
3003 2968 3259 3034 ὀνόματα

672 3035 1230 3157 ἷΐῗέἒαβτῗεκίἰὲἔιῒ
1260 3037 1359 3155 ἔν’ἓι
1382 3035 1539 3155 ὄέιῖῗν
1559 3033 2004 3155 ἀέἓνρῃὲἲέἆξέ(
2022 3035 2786 3170 Ἶξὲῖέζῖὰᾶἒυὶὶῑὲΐνθετξ
2820 3036 3258 3171 ἓτῗέτὲδωὲἷίἲᾷ

674 3121 801 3225 εῑτιτιε
841 3120 1155 3237 πάραγίίιγὰ
1189 3121 1278 3224 bf&
1312 3171 1382 3223 τὸ
1417 3172 1561 3234 τιμῶ
1599 3168 1829 3232 Τίμαιος
1867 3170 1957 3222 καὶ
1993 3170 2114 3223 λύω
2151 3170 2353 3223 Λύαιος
2391 3171 2482 3223 καὶ
2518 3173 2669 3236 φιλῶ
2697 3120 2925 3226 gnome
2963 3121 3257 3240 κατίμπηδῶ

672 3241 951 3306 Πήδαιος,
992 3242 1065 3306 μὴ
1103 3241 1342 3292 ςύνθετα
1377 3240 1464 3292 διὰ
1499 3238 1569 3290 τὸ
1606 3237 1870 3304 Εὔμαιος,
1922 3238 2061 3303 μήτε
2099 3238 2660 3304 ἀντιδιαςτελλόμενα
2705 3241 2792 3294 διὰ
2827 3242 2896 3293 τὸ
2937 3240 3047 3306 μήν
3085 3242 3259 3307 μηνός

677 3308 909 3374 μηναιός
947 3310 1312 3366 (scribendum
1349 3309 1565 3359 videtur
1602 3305 1895 3372 Ἀθηναῖος
1936 3306 2269 3373 Ἀθήναιος).
2316 3307 2386 3360 τὸ
2425 3308 2615 3372 μέντοι
2650 3312 2841 3375 τρυγῶ
2880 3310 3156 3376 Τρυγαῖος
3191 3310 3257 3363 οὐ

631 3421 638 3428 ,
673 3378 896 3444 κύριον,
923 3376 1048 3429 ἀλλ’
1072 3375 1337 3429 ἐπίθετον
1361 3374 1651 3428 Διονύςου.
1697 3377 1768 3425 ef.
1794 3376 1972 3426 Lehrs
1997 3376 2064 3426 de
2089 3376 2257 3427 Arist.
2280 3393 2332 3442 p.
2352 3379 2450 3429 297
2478 3377 2585 3438 (ed.
2614 3379 2691 3439 ΙΙ)
2715 3385 2771 3429 et
2798 3380 2855 3429 in
2884 3380 3259 3443 corrigendis.

678 3449 713 3501 1.
739 3449 770 3496 8
801 3444 1065 3510 Κρήτειος
1101 3446 1294 3496 addidi
1321 3461 1387 3495 ex
1416 3447 1494 3496 St.
1525 3445 1584 3494 B.
1620 3446 1738 3504 384,
1775 3447 1820 3494 7.
1874 3442 2087 3496 Ἠτεῖος
2125 3460 2192 3495 ex
2219 3445 2410 3496 eodem
2437 3462 2489 3511 p.
2516 3450 2634 3507 305,
2671 3450 2701 3496 2
2739 3448 2807 3496 ef.
2836 3448 2897 3496 E.
2923 3449 2997 3498 M.
3024 3449 3143 3511 248,
3168 3450 3258 3497 34:

674 3513 942 3578 Δαρεῖος;
981 3513 1050 3565 τὰ
1089 3513 1204 3565 ἀπὸ
1241 3514 1364 3564 τῶν
1401 3511 1479 3564 εἰς
1513 3515 1561 3563 ff
1597 3509 1686 3561 διὰ
1720 3514 1823 3563 τοῦ
1864 3515 1981 3564 ἓῖός·
2017 3511 2288 3576 γινόμενα
2314 3513 2426 3578 πρὸ
2454 3515 2575 3577 μιᾶς
2617 3513 2821 3577 ἔχοντα
2844 3514 2950 3566 τὸν
2974 3513 3149 3566 τόνον
3173 3513 3260 3566 διὰ

672 3585 775 3647 τῆς
813 3586 860 3634 {i
895 3580 1204 3646 διφθόγγου
1239 3580 1542 3646 γράφεται,
1580 3578 1734 3643 δῆρις
1770 3580 1991 3645 δηρεῑος
2036 3581 2128 3632 καὶ
2165 3585 2350 3647 τροπῇ
2388 3580 2626 3646 Δαρεῖος
2662 3580 2836 3634 οἱονεὶ
2872 3582 2904 3635 6
2942 3581 3258 3646 πολεμικός.

674 3651 834 3702 Ἠτις
872 3650 1052 3713 ὄνομα
1087 3649 1313 3701 πόλεως
1353 3649 1441 3700 καί
1484 3648 1696 3700 Ἠτεῖος
1734 3647 1766 3699 6
1804 3648 2056 3714 πολίτης.
2128 3647 2322 3713 μάντις
2360 3653 2619 3713 μαντεῖος
2657 3650 2689 3702 6
2730 3649 3043 3702 Ἀπόλλων.
3093 3650 3258 3715 πρός-

677 3733 853 3770 κειται
893 3718 1003 3782 πρὸ
1051 3720 1172 3782 μιᾶς
1209 3717 1314 3769 τὸν
1349 3716 1524 3769 τόνον
1570 3713 1800 3780 ἔχοντα,
1851 3715 2044 3782 ἐπειδὴ
2091 3716 2206 3769 ἀπὸ
2251 3719 2353 3768 τοθ
2401 3716 2596 3781 μάντις
2641 3715 2854 3780 γίνεται
2892 3716 3157 3771 Μάντιος.
3195 3747 3257 3754 -—-

679 3786 895 3838 Ἠλεῖος
934 3787 1156 3852 explevi
1194 3802 1262 3837 ex
1301 3787 1382 3836 St.
1419 3788 1481 3837 Β.
1519 3787 1635 3836 301.
1676 3787 1706 3835 3
1743 3787 1812 3835 ef.
1852 3786 1916 3834 E.
1944 3787 2011 3835 M.
2037 3788 2154 3847 426,
2181 3789 2241 3837 31
2286 3784 2500 3837 Ἠλεῖος
2539 3785 2571 3837 6
2608 3784 2844 3853 πολίτης
2879 3789 2982 3852 τῆς
3020 3786 3257 3839 Ἤλιδος.

675 3856 1276 3920 διφθογγογραφεῖται,
1328 3853 1518 3918 ὥςπερ
1563 3848 1679 3902 ἀπὸ
1714 3856 1817 3904 τοῦ
1857 3853 2096 3906 Εὔπολις
2132 3852 2439 3906 Εὐπόλιδος
2475 3852 2832 3907 Εὐπολίδειος
2878 3855 2968 3906 καὶ
3004 3853 3119 3907 ἀπὸ
3154 3857 3258 3906 τοῦ

679 3940 915 3992 Ἀδωνις
944 3938 1312 4001 Ἀδωνίδειος,
1339 3937 1495 3989 οὕτω
1523 3941 1611 3992 καί
1638 3936 1753 3989 ἀπὸ
1777 3941 1882 3990 τοῦ
1909 3937 2068 3990 Ἦλις
2105 3938 2330 3990 Ἤλιδος
2370 3936 2636 3991 Ἠλίδειος
2674 3940 2764 3992 καὶ
2800 3938 3053 4007 ἀποβολῇ
3090 3943 3191 3993 τοῦ
3229 3941 3260 3992 δ

681 4007 917 4061 Ἠλίειος
941 4008 1031 4058 καί
1058 4006 1243 4073 κράςει
1266 4009 1370 4057 τοῦ
1399 4009 1427 4057 ῑ
1454 4010 1543 4060 καί
1578 4010 1679 4072 τῆς
1707 4010 1753 4058 εἶ
1777 4006 2088 4070 διφθόγγου
2115 4006 2346 4059 Ἠλεῖος.
2372 4034 2436 4042 -—·
2462 4008 2650 4072 ήθεῖος
2675 4009 2896 4075 explevi
2923 4025 2989 4058 ex
3015 4008 3078 4059 11.
3103 4011 3189 4060 Pr.
3213 4007 3261 4061 Ζ

677 4080 801 4137 518,
833 4078 927 4127 ubi
951 4079 1122 4126 verba
1146 4077 1202 4125 in
1229 4080 1387 4127 textu
1413 4079 1693 4144 proposita
1719 4081 2047 4140 sequuntur:
2075 4073 2124 4126 εἰ
2148 4075 2238 4126 καὶ
2264 4074 2548 4140 νεωτέρου
2575 4074 2689 4127 ἐςτί
2716 4075 2856 4141 πρὸς
2884 4076 3260 4141 πρεςβύτερον

677 4144 930 4209 ἀδελφὸν
962 4143 1161 4208 ἔχουςα
1196 4143 1468 4207 ςεβαςμὸν
1502 4143 1919 4211 προςφώνηςις·
1963 4141 2067 4194 οὐκ
2103 4140 2293 4206 ἀγνοῶ
2340 4143 2399 4195 δὲ
2447 4143 2534 4195 ὅτι
2570 4148 2847 4208 ςυγχεῖται
2882 4143 2944 4196 ἐν
2976 4148 3095 4197 τοῖς
3130 4144 3260 4209 μεθ’

678 4213 947 4278 Ὅμηρον.
985 4212 1054 4262 ef.
1078 4211 1143 4262 E.
1164 4214 1235 4262 M.
1254 4215 1370 4274 422,
1394 4217 1424 4264 3
1450 4220 1505 4264 et
1530 4218 1593 4265 22
1619 4213 1715 4263 ubi
1741 4210 2176 4275 ἀναλογώτερον
2200 4210 2261 4263 δέ
2290 4210 2437 4263 ἐςτιν
2463 4210 2525 4263 ἐκ
2549 4215 2653 4263 τοῦ
2680 4215 2828 4264 θεῖος
2847 4209 2970 4278 (pro
2990 4212 3119 4265 θεός
3140 4213 3259 4277 scr.)

677 4281 821 4333 αὐτὸ
858 4277 1168 4332 κανονίζειν
1203 4281 1313 4345 ἤπε
1387 4280 1448 4332 ἐκ
1484 4284 1586 4334 τοο
1626 4279 1813 4332 ἔθους·
1854 4278 1916 4330 ἐκ
1945 4278 2057 4344 γὰρ
2092 4282 2194 4332 τοῦ
2233 4281 2382 4338 θεῖος
2418 4280 2509 4331 καί
2546 4279 2690 4345 αὐτὴ
2727 4279 2878 4333 τάςις
2903 4280 3138 4336 ςώζεται
3171 4281 3261 4331 καὶ

679 4348 841 4412 ὀλίγα
868 4348 1018 4412 πάθη
1043 4346 1268 4400 δίδοται.
1338 4365 1367 4399 κ
1395 4349 1455 4401 δὲ
1479 4353 1581 4402 τοῦ
1610 4348 1735 4401 ἔθος
1761 4348 1853 4399 καὶ
1879 4346 2172 4413 ἀλλότριος
2199 4348 2231 4400 6
2256 4346 2423 4400 τόνος
2450 4348 2743 4401 καὶπολλὰ
2767 4347 2838 4400 τὰ
2858 4347 3009 4414 πάθη
3037 4348 3259 4401 δίδοται.

682 4416 910 4483 Κητειός
948 4417 1038 4467 hie
1073 4434 1122 4483 p.
1149 4421 1243 4483 44,
1288 4421 1348 4470 10
1387 4424 1443 4467 et
1477 4423 1540 4469 22
1578 4418 1846 4468 Arcadius
1883 4423 2152 4481 oxytonos
2178 4417 2526 4467 scribendum
2553 4418 2749 4480 tradit,
2788 4417 2886 4468 sed
2914 4418 3261 4468 Herodianus

683 4487 749 4537 de
786 4486 890 4536 hoe
927 4486 1190 4537 vocabulo
1233 4487 1408 4537 fusius
1447 4488 1764 4552 exposuisse
1804 4485 2023 4535 videtur
2058 4485 2165 4543 ita,
2203 4490 2264 4535 ut
2293 4482 2512 4548 Κήτειοι
2551 4485 2675 4548 (Od.
2703 4486 2735 4536 λ
2760 4485 2897 4548 521),
2938 4488 2984 4537 si
3022 4503 3055 4536 a
3092 4488 3259 4550 κῆτος

679 4563 796 4605 cum
834 4555 1147 4604 Aristarcho
1183 4554 1428 4618 dueatur,
1467 4558 1966 4620 proparoxytonos‚
2017 4556 2063 4603 si
2099 4552 2356 4618 populum
2393 4554 2604 4618 Mysiae
2644 4553 2945 4618 significet,
2994 4561 3261 4619 oxytonos

681 4622 1026 4673 scribendum
1061 4638 1179 4672 esse
1220 4622 1437 4673 dixerit.
1509 4621 1686 4673 schol.
1725 4623 1792 4670 ad
1830 4621 2028 4685 ssdyss.
2064 4622 2099 4671 l.
2140 4620 2383 4686 Κήτειοι;
2424 4620 2952 4686 προπαροξυτόνως.
3002 4622 3092 4673 καὶ
3126 4620 3260 4673 τοὺς

681 4688 956 4754 μεγάλους
993 4688 1298 4742 ἀκουςτέον
1335 4688 1486 4755 παρὰ
1520 4689 1589 4741 τὸ
1627 4691 1823 4753 κῆτος,
1864 4687 1942 4741 ὡς
1980 4690 2069 4741 καὶ
2097 4687 2476 4755 Ἀρίςταρχος,
2515 4689 2674 4741 ἄλλοι
2701 4688 2861 4741 ἔθνος
2889 4688 3103 4742 Μυςίας
3126 4687 3259 4740 τοὺς

678 4761 783 4808 νῦν
823 4756 1081 4810 Ἐλεάτα(
1120 4756 1514 4821 καλουμένους.
1585 4758 1841 4810 Eustath.
1882 4758 1952 4808 ad
1991 4760 2040 4807 Ιι.
2076 4758 2134 4818 1.,
2175 4759 2257 4810 St.
2296 4759 2354 4806 B.
2392 4760 2517 4816 449,
2564 4761 2618 4809 11
2669 4758 2791 4809 eoll.
2834 4758 2988 4810 Enst.
3027 4759 3095 4808 ad
3132 4758 3259 4808 Dio·

681 4843 795 4890 nyse.
838 4830 991 4877 1017:
1031 4825 1266 4890 Μήδειοι
1305 4824 1565 4888 λέγονται
1602 4825 2146 4891 προπαροξυτόνως,
2194 4823 2446 4890 καθάπερ
2493 4824 2545 4877 οἱ
2592 4825 2736 4890 παρ’
2774 4824 3001 4893 Ὁμήρῳ
3044 4825 3260 4890 Κήτειοι

679 4899 736 4945 et
775 4913 823 4960 p.
863 4897 959 4945 180
995 4892 1176 4958 (Eust.
1213 4895 1285 4945 ad
1323 4896 1480 4947 Hom.
1509 4895 1660 4958 1070)
1700 4893 1950 4946 Βούδειοι
1988 4894 2149 4946 ἐθνος
2176 4893 2433 4959 Μηδικὸν
2470 4893 2549 4947 ὡς
2589 4893 2835 4959 Κήτειοι,
2873 4896 3016 4946 unde
3055 4895 3260 4959 sumpsi
