3664 5546
653 263 780 328 306
1345 241 1357 252 ’
1591 263 1673 342 εκ
1710 262 1852 316 ‘mn
1894 261 2302 316 ΗΡΩΔιΑΝοΥ

652 437 836 498 λεων.
905 433 1112 498 οὕτως
1157 434 1228 498 δὲ
1272 433 1375 497 καὶ
1416 432 1659 497 Είκινος
1703 437 1896 512 νῆςος
1940 434 2086 511 περὶ
2127 434 2245 511 τὴν
2281 432 2525 510 Κρήτην
2570 431 2890 509 πρότερον
2936 431 3250 495 ἐκαλεῖτο.

540 563 545 569 ·
652 535 925 612 Χωλόη
982 536 1059 600 τὸ
1115 533 1274 626 ὄρος
1327 537 1437 611 τῆς
1493 535 1786 617 Ἰταλίας,
1846 534 1918 599 ἐν
1975 533 2028 616 ᾧ
2087 555 2237 615 φαςι
2295 536 2679 612 γεννηθῆναι
2723 534 2840 598 τὸν
2884 534 3248 613 Ἣφαιςτον

649 637 882 717 χωλόν.
945 636 1170 715 Ἀρόη
1215 637 1403 701 πόλις
1447 636 1714 716 Ἀχαΐας.
1757 634 2125 701 Παυςανίας
2169 635 2422 720 ἑβδόμῳ
2465 637 2552 716 (ο.
2598 634 2697 714 18,
2740 634 2834 716 2).
2895 634 3125 713 ἐκλήθη
3173 636 3250 698 δὲ

649 738 781 804 ἀπὸ
825 741 936 816 τῆς
981 738 1269 817 ἑργαςίας
1312 742 1425 817 τῆς
1468 741 1600 815 γῆς.
1691 738 1941 813 λέγεται
1996 738 2100 802 καὶ
2141 738 2407 817 Πάτραι.
2497 736 2740 816 Βερόη
2786 736 2974 801 πόλις
3018 735 3246 814 (υρίας

586 852 618 902 5
648 842 729 919 ἣν
774 840 837 906 οἱ
879 841 1181 919 ἐγχώριοι
1226 840 1545 919 Βερόειαν.
1612 840 1918 917 Βουθόη
1962 840 2148 904 πόλις
2195 839 2535 918 Ἰλλυρίδος
2592 838 2684 904 ὥς
2727 837 2943 902 Φίλων
3001 838 3106 902 διὰ
3163 838 3244 901 τὸ

652 941 905 1022 Κάδμον
952 942 1057 1007 ἐπὶ
1099 943 1366 1030 ζεύγους
1413 945 1587 1021 βοῶν
1632 940 1996 1020 ὀχούμενον
2041 941 2285 1020 ταχέως
2330 940 2555 1006 ἀνύςαι
2608 941 2726 1018 τὴν
2784 940 2851 1004 ἐς
2894 938 3245 1016 Ἰλλυριοὺς

648 1044 825 1109 ὁδόν.
914 1043 975 1107 οἱ
1021 1044 1095 1108 δὲ
1137 1044 1252 1108 τὸν
1303 1042 1557 1123 Κάδμον
1614 1041 1746 1107 ἀπὸ
1801 1047 1914 1120 τῆς
1956 1041 2296 1117 Αἰγυπτίας
2342 1044 2629 1108 Βουτοῦς
2683 1040 2994 1121 ὀνομάςαι
3038 1040 3243 1118 αὐτὴν

648 1147 749 1210 καὶ
811 1147 1338 1225 παραφθαρεῑςαν
1404 1146 1723 1208 καλεῖςθαι
1778 1134 2088 1223 Βουθόην.
2188 1142 2555 1223 Ούδονόη
2610 1145 2860 1220 λέγεται
2914 1142 3045 1207 ὑπὸ
3106 1146 3240 1206 τῶν

646 1247 897 1328 Λιβύων
939 1245 1127 1311 Ἱςτός
1170 1249 1364 1323 νῆςος
1407 1246 1654 1325 Λιβύης.
1745 1246 2010 1325 Μερόη
2053 1245 2241 1311 πόλις
2284 1245 2623 1311 Αἰθιόπων.
2698 1245 3052 1324 Ἡρόδοτος
3095 1247 3235 1307 δευ-

548 1356 612 1407 10
646 1348 800 1432 τέρᾳ
843 1348 930 1430 (ο.
974 1345 1103 1428 29).
1192 1346 1324 1412 ἀπὸ
1372 1347 1644 1426 Μερόης.
1733 1346 1862 1412 ἔςτι
1921 1348 2022 1411 καὶ
2067 1347 2291 1426 Μερόη
2347 1348 2508 1411 κατὰ
2551 1346 2875 1412 ἀνατολὰς
2929 1348 3040 1423 τῆς
3092 1344 3239 1422 περὶ

645 1449 931 1529 Δάφνην
977 1448 1390 1528 Ἀντιοχείας·
1458 1447 1587 1512 ἔςτι
1644 1448 1745 1512 καὶ
1801 1449 2023 1527 Μερόη
2077 1448 2265 1514 πόλις
2311 1449 2553 1513 Λυκίας.
2643 1448 2994 1526 Ἀρςινόη
3050 1447 3235 1511 πόλις

590 1559 595 1564 ’
646 1550 878 1631 Λιβύης
933 1548 1065 1615 ἀπὸ
1119 1553 1231 1628 τῆς
1275 1553 1392 1614 τοῦ
1436 1549 1847 1629 Πτολεμαίου
1900 1554 2018 1614 τοῦ
2061 1549 2481 1629 Φιλαδέλφου
2536 1549 2822 1636 ἀδελφῆς
2876 1551 2980 1614 καὶ
3022 1569 3234 1625 γυναι-

645 1653 773 1717 κός.
862 1651 1130 1730 δευτέρα
1172 1652 1360 1717 πόλις
1403 1650 1841 1730 Παραιτονίου
1894 1650 2125 1732 Λιβύης
2181 1652 2220 1731 ἡ
2272 1650 2594 1730 πρότερον
2647 1651 2977 1730 Ταύχειρα
3064 1649 3237 1728 τρίτη

645 1753 832 1819 πόλις
877 1752 1100 1832 copiae
1143 1752 1213 1817 ἐν
1257 1753 1528 1818 Αὐλῶνι.
1601 1751 1870 1831 τετάρτη
1914 1755 2025 1831 τῆς
2080 1753 2297 1830 κοίλης
2342 1752 2579 1830 (υρίας.
2654 1752 2905 1832 πέμπτη
2956 1751 3235 1816 Κιλικίας.

548 1863 610 1914 15
646 1854 794 1934 ἕκτη
838 1858 949 1932 τῆς
991 1852 1316 1928 Αἰγύπτου
1369 1854 1556 1919 πόλις
1602 1852 1707 1917 ἐπὶ
1771 1857 1889 1918 τοῦ
1930 1854 2167 1919 Δέλτα.
2234 1854 2468 1934 ἑβδόμη
2518 1853 2775 1931 Κύπρου
2832 1853 2873 1931 ἡ
2917 1852 3235 1932 πρότερον

652 1956 907 2035 Μάριον
955 1956 1284 2035 λεγομένη.
1374 1954 1577 2033 ὀγδόη
1620 1954 1942 2020 Αἰτωλίας.
2034 1954 2225 2032 ἐνάτη
2270 1955 2533 2020 Λύκτου.
2623 1953 2851 2033 δεκάτη
2906 1957 3020 2034 τῆς
3062 1954 3233 2032 Τρω-

646 2059 1026 2135 γλοδυτικῆς
1067 2056 1106 2134 ἡ
1151 2056 1472 2135 πρότερον
1503 2056 1722 2137 Ὀλβία
1750 2057 2130 2136 καλουμένη.
2187 2056 2316 2122 ἔςτι
2358 2056 2462 2121 καὶ
2505 2055 2667 2135 ἄλλη
2696 2055 2942 2121 Λυκίας.
2996 2055 3235 2133 Νινόη

647 2160 686 2239 ἡ
720 2159 790 2225 ἐν
826 2158 1019 2242 Καρίᾳ
1049 2158 1451 2238 Ἀφροδιςιὰς
1480 2161 1785 2223 κτιςθεῑςα
1813 2158 1944 2223 ὑπὸ
1974 2164 2106 2224 τῶν
2136 2159 2487 2234 Πελαςγῶν
2517 2157 2832 2234 Λελέγων.
2877 2158 2981 2222 καὶ
3009 2156 3236 2235 ἐκλήθη

646 2260 944 2337 Λελέγων
994 2253 1202 2324 πόλις.
1291 2258 1430 2325 εἶτα
1486 2259 1717 2339 ἐκλήθη
1775 2261 2043 2339 Μεγάλη
2098 2259 2303 2324 πόλις.
2391 2258 2531 2324 εἶτα
2585 2259 2717 2324 ἀπὸ
2766 2259 2964 2324 Νίνου
3024 2258 3236 2336 Νινόη.

424 2405 431 2410 „
546 2368 615 2421 20
648 2360 928 2441 Ὀγχόη
974 2361 1158 2425 πόλις
1200 2360 1507 2427 Φωκίδος.
1597 2361 1871 2441 Ῥοδόη
1915 2362 2101 2427 πόλις
2145 2361 2383 2438 Ἰνδική.
2474 2360 2764 2440 (εθρόη
2819 2361 3007 2426 πόλις
3053 2358 3237 2435 Αἰγύ-

646 2483 831 2528 πτου.
919 2461 1187 2541 Φολόη
1243 2462 1431 2528 πόλις
1485 2463 1812 2542 Ἀρκαδίας
1870 2461 2002 2527 ἀπὸ
2047 2462 2268 2526 Φόλου
2326 2466 2445 2526 τοῦ
2495 2463 2874 2541 Κενταύρου.
2969 2460 3236 2539 Κολόη.

652 2563 1090 2642 Καλλιρρόη
1150 2563 1391 2629 Νέςτου
1444 2565 1757 2643 θυγάτηρ·
1824 2563 1951 2628 ἔςτι
2004 2565 2108 2628 καὶ
2162 2562 2540 2643 Μαιάνδρου
2605 2564 2901 2643 θυγάτηρ.
2984 2552 3237 2640 ’λέγεται

648 2668 719 2731 δὲ
765 2666 868 2729 καὶ
912 2663 1117 2730 οὕτως
1162 2665 1346 2744 λίμνη
1393 2664 1630 2744 Ευρίας.
1720 2666 1795 2730 τὸ
1841 2667 1912 2728 δὲ
1957 2664 2151 2741 ἀκοή
2197 2664 2267 2729 ἐκ
2309 2669 2427 2730 τοῦ
2471 2664 2707 2730 ἀκούω.

816 2766 911 2832 Τά
965 2766 1053 2831 εἰς
1109 2769 1146 2843 ἦ
1207 2766 1551 2847 διςύλλαβα
1604 2765 2104 2847 παραληγόμενα
2158 2772 2250 2851 τῷ
2307 2771 2376 2849 ῦ,
2436 2765 2670 2833 ςπάνια
2722 2765 2912 2850 ὄντα,
2978 2767 3058 2832 τὰ
3121 2768 3234 2846 μὲν

546 2881 612 2931 25
651 2869 1022 2951 βαρύνεται,
1070 2869 1210 2945 λύη
1255 2869 1295 2946 ή
1341 2868 1546 2933 ςτάςις
1588 2868 1720 2933 ἀπὸ
1764 2870 1877 2945 τῆς
1921 2867 2299 2951 διαλύςεως,
2355 2869 2495 2947 δύη
2541 2870 2580 2946 ἡ
2625 2869 3044 2952 κακοπάθεια,
3094 2869 3236 2948 γύη

648 2971 687 3050 ἡ
735 2974 818 3048 γῆ
861 2970 964 3035 καὶ
1007 2970 1200 3048 μέρος
1243 2968 1560 3051 ἀρότρου,
1607 2969 1762 3048 ψύη
1806 2970 1847 3047 ἡ
1892 2970 2032 3048 ψύα
2075 2971 2177 3035 καὶ
2221 2969 2396 3048 ψόαι.
2475 2971 2554 3034 τὰ
2600 2971 2670 3034 δὲ
2715 2969 3036 3053 ὀξύνεται,
3080 2969 3236 3050 φυή

649 3072 751 3136 καὶ
795 3069 1007 3149 Φλυή
1052 3072 1253 3148 δῆμος
1297 3070 1571 3135 Ἀττικὸς
1630 3074 1740 3149 τῆς
1790 3071 2177 3150 Κεκροπίδος
2233 3074 2457 3151 φυλῆς.
2547 3072 2797 3147 λέγεται
2841 3074 2944 3137 καὶ
2988 3072 3237 3137 Φλυεῑς.

818 3172 913 3235 Τὰ
970 3170 1060 3235 εἰς
1103 3176 1184 3250 ῦῆ
1229 3160 1737 3252 ύπερδίςύλλαβα
1782 3172 2152 3254 βαρύνεται,
2209 3171 2432 3251 ἰγνύη
2491 3172 2754 3252 «ἰγνύήν
2812 3173 3234 3253 βεβλημένος»

648 3275 729 3355 (Ν
775 3272 963 3355 212),
1008 3271 1233 3354 ὀρύη,
1277 3272 1525 3350 νορύη
1571 3272 1746 3338 εἶδος
1791 3271 2089 3355 ὀςπρίου,
2135 3272 2371 3353 Λιβύη
2416 3273 2597 3352 χώρα
2636 3274 3098 3357 πολυώνυμος,
3145 3275 3235 3339 ὡς

647 3563 730 3615 St.
769 3563 860 3626 Β.,
897 3561 1100 3627 Χωλόη
1140 3578 1207 3613 ex
1244 3562 1489 3629 Theogn.
1530 3565 1643 3625 108,
1686 3564 1763 3612 16.
1836 3560 2005 3625 Ἀρόη
2041 3588 2106 3596 -
2143 3560 2336 3626 Φολόη
2374 3561 2553 3612 adieci
2593 3578 2661 3613 ex
2698 3562 2777 3614 St.
2814 3564 2905 3628 Β.,
2944 3561 3127 3628 Κολόη
3166 3579 3234 3615 ex

647 3630 894 3696 Theogn.
930 3630 1027 3695 (ef.
1067 3632 1245 3682 Strab.
1284 3634 1347 3682 13
1384 3646 1438 3695 p.
1472 3629 1615 3692 626),
1658 3627 1968 3694 Καλλιρρόη
2007 3645 2074 3679 ex
2112 3627 2191 3679 St.
2216 3631 2280 3682 B.
2304 3655 2369 3664 —
2404 3630 2470 3680 In
2507 3630 2611 3695 Ep.
2639 3628 2726 3680 Cr.
2763 3632 2791 3681 1
2828 3633 2914 3695 94,
2949 3633 3035 3694 23,
3070 3632 3133 3685 Ε,
3161 3633 3238 3683 Μ.

646 3700 762 3756 202,
798 3700 882 3761 34,
920 3698 1118 3749 Choer.
1154 3698 1332 3764 Epim.
1370 3700 1426 3747 in
1454 3697 1659 3749 Psalm.
1690 3700 1805 3760 113,
1832 3700 1858 3746 1
1899 3712 2078 3747 canon
2115 3698 2195 3747 sio
2232 3703 2534 3762 conceptus
2573 3703 2683 3748 est:
2721 3697 2792 3749 τὰ
2828 3695 2908 3750 εἰς
2942 3700 2979 3762 ἦ
3017 3698 3236 3762 καθαρὰ

646 3768 732 3831 τῷ
768 3768 801 3817 δ’
837 3765 1303 3831 παραληγόμενα,
1342 3762 1427 3815 ὧν
1464 3763 1825 3829 προκατάρχῃ
1852 3762 2004 3829 ῥῆμα
2033 3767 2117 3829 τῷ
2154 3767 2186 3814 ἒ
2221 3764 2695 3830 παραληγόμενον
2731 3764 2919 3817 πάντα
2956 3765 3233 3829 ὀξύνεται,

612 3832 757 3886 -ζέω
792 3832 922 3899 ῑοή,
959 3833 1119 3886 πνέω
1157 3833 1337 3897 πνοή,
1376 3831 1491 3896 χέω
1526 3830 1655 3896 χοή·
1691 3831 1765 3883 τὰ
1799 3830 1862 3883 δὲ
1898 3831 1973 3895 μὴ
2020 3831 2209 3884 οὕτως
2246 3832 2451 3896 ἔχοντα
2488 3831 2792 3898 βαρύνετα,
2839 3833 3021 3899 φθόη,
3069 3833 3232 3898 χνόη,

646 3900 804 3966 χλόη.
872 3903 937 3952 In
974 3902 1155 3954 Schol.
1200 3901 1273 3952 ad
1309 3899 1562 3965 Sophocl.
1594 3901 1802 3950 Electr.
1852 3915 1905 3952 v.
1945 3902 2067 3950 711:
2113 3899 2186 3951 τά.
2230 3898 2307 3951 εἰς
2353 3903 2388 3965 ἦ
2434 3901 2682 3966 καθαρὸν
2726 3900 3027 3965 διςύλλαβα
3070 3905 3156 3968 τῷ
3203 3903 3238 3952 ’ὁ

647 3968 1089 4035 παραληγόμενα
1134 3967 1250 4020 ἀπὸ
1296 3966 1399 4018 δύο
1444 3966 1770 4030 ςυμφώνων
1814 3966 2125 4032 ἀρχόμενα,
2186 3964 2271 4017 ὧν
2316 3972 2646 4034 προηγεῖται
2701 3968 2865 4032 δαςύ,
2913 3967 3234 4034 βαρύνεται,

646 4036 818 4103 χνόη,
855 4036 1037 4102 φθόη,
1075 4035 1241 4101 χλόη·
1279 4034 1349 4085 τὸ
1385 4033 1447 4086 δὲ
1484 4032 1633 4098 πνοή
1669 4032 1773 4086 οὐκ
1810 4034 1925 4099 ἔχει
1963 4034 2113 4087 δαςύ.
2182 4037 2267 4085 De
2304 4037 2572 4102 scriptura
2611 4037 2868 4087 vocabuli
2891 4035 3034 4101 ἀκοή
3068 4037 3133 4090 Ε.
3158 4037 3236 4090 Μ.

645 4109 731 4169 50,
759 4109 822 4156 10
857 4103 1030 4169 ἀκοή,
1066 4101 1192 4168 οὐχὶ
1228 4100 1407 4166 ἀκουή
1447 4101 1614 4167 (quod
1651 4118 1737 4168 ap.
1761 4104 2059 4154 Homerum
2099 4104 2328 4166 legitur,
2367 4103 2465 4155 sed
2503 4104 2819 4169 pleonasmo
2844 4105 3236 4170 explicandum

647 4174 781 4235 θείη·
819 4173 891 4224 τὰ
925 4171 1032 4237 γὰρ
1070 4168 1149 4223 εἰς
1183 4172 1235 4220 ῑῦ
1270 4168 1487 4234 καθαρὰ
1522 4169 1773 4233 λήγοντα
1811 4169 2095 4235 βαρύτονα
2129 4167 2354 4234 ῥήματα
2399 4170 2508 4234 τὴν
2544 4169 2983 4237 παραλήγουςαν
3018 4169 3081 4224 έν
3115 4174 3236 4223 τοῖς

643 4238 968 4305 ῥηματικοῖς
1006 4238 1238 4301 ὀνόμαςι
1274 4238 1535 4302 βραχεῖαν
1571 4238 1710 4301 ἔχει,
1748 4236 1924 4290 κονίω
1961 4235 2148 4301 κονία,
2185 4237 2318 4302 φύω
2355 4237 2499 4304 φυή,
2538 4236 2731 4291 ἀκούω
2766 4237 2925 4304 ἀκοή.
3100 4239 3133 4289 1.
3169 4243 3238 4291 25
3325 4258 3334 4265 ²

645 4307 719 4358 ad
754 4307 862 4373 λύη
897 4307 935 4371 ή
973 4305 1155 4359 ςτάςις
1190 4305 1382 4356 addidi
1416 4304 1533 4356 ἀπὸ
1569 4308 1672 4370 τῆς
1707 4304 2012 4358 διαλύςεως
2050 4323 2117 4357 ex
2151 4306 2222 4359 11.
2259 4309 2414 4363 Pron.
2452 4305 2498 4358 Θ
2536 4309 2662 4370 240,
2708 4307 2803 4359 ubi
2850 4307 2952 4360 hoc
2995 4307 3235 4359 vocabu·

644 4374 757 4425 lum
791 4375 1125 4426 contrarium
1170 4389 1293 4425 esso
1339 4376 1424 4438 τῷ
1469 4373 1644 4438 δῆμος
1691 4390 1723 4423 a
1769 4373 1883 4425 δέω
1930 4381 2063 4425 nato
2107 4388 2231 4426 esse
2283 4373 2500 4428 dicitur.
2539 4401 2601 4411 —
2638 4376 2742 4440 τῆς
2793 4373 3132 4440 Κεκροπίδας
3167 4401 3235 4410 -

647 4442 851 4495 Φλυεῑς
898 4460 966 4494 ex
1003 4443 1084 4494 St.
1123 4444 1185 4493 B.
1260 4441 1512 4493 Eundem
1556 4456 1823 4493 canonem
1869 4442 2078 4492 habent
2120 4442 2223 4505 Ep.
2274 4441 2362 4491 Cr.
2399 4442 2424 4492 1
2461 4444 2560 4493 427
2606 4447 2665 4493 et
2707 4443 2771 4493 Ε.
2810 4443 2953 4494 Gud.
2988 4445 3112 4501 5⁶8,
3149 4445 3232 4493 47.

646 4511 732 4562 Ad
768 4510 885 4576 φυή
924 4512 1162 4563 fortasse
1199 4514 1522 4560 annotatum
1560 4510 1694 4560 fuit:
1739 4508 1810 4560 τὸ
1846 4508 1908 4561 δὲ
1944 4508 2069 4574 Φύη
2107 4508 2298 4572 κύριον
2335 4507 2632 4573 βαρύνεται
2677 4510 2749 4561 cf.
2787 4511 3052 4562 Herodot.
3085 4512 3113 4561 Ι
3148 4511 3233 4562 60.

726 4594 737 4603 ‘
782 4580 819 4629 l.
848 4581 913 4630 28
949 4576 1110 4642 ἰγνύη
1146 4593 1242 4643 pro
1276 4575 1440 4641 θιγύη
1476 4576 1687 4628 emend.
1712 4577 1983 4628 Thesaur.
2009 4592 2076 4628 ex
2114 4576 2295 4627 Schol.
2321 4577 2391 4626 ad
2420 4576 2461 4629 Ν
2491 4580 2614 4636 212,
2651 4593 2812 4643 quem
2845 4578 3021 4629 locum
3045 4592 3231 4643 supra,

647 4646 742 4694 ubi
780 4646 847 4696 de
884 4646 1194 4697 nominibus
1229 4646 1288 4694 in
1323 4647 1395 4695 isa
1432 4647 1643 4709 agitur,
1677 4660 1730 4709 p.
1757 4648 1885 4708 303,
1917 4648 1979 4696 10
2015 4645 2303 4709 proposui3
2344 4660 2410 4694 ex
2448 4644 2638 4695 eodem
2673 4646 2795 4696 loco
2829 4646 3002 4697 verba
3034 4646 3234 4696 Home-

648 4713 761 4762 rica
797 4714 1049 4778 apposui.
1110 4710 1285 4775 νορύη
1322 4718 1577 4761 monente
1616 4711 1959 4776 Goettlingio
1992 4717 2117 4775 post
2144 4710 2286 4775 ὀρύη
2321 4712 2646 4778 interposui.
2698 4710 2871 4776 Λιβύη
2911 4711 3126 4777 explevi
3166 4727 3233 4762 ex
