<?xml version="1.0" encoding="UTF-8"?>
<!DOCTYPE html PUBLIC "-//W3C//DTD XHTML 1.0 Transitional//EN"
    "http://www.w3.org/TR/xhtml1/DTD/xhtml1-transitional.dtd">
<html xmlns="http://www.w3.org/1999/xhtml" xml:lang="en" lang="en">
 <head>
  <title>
</title>
<meta http-equiv="Content-Type" content="text/html;charset=utf-8" />
  <meta name='ocr-system' content='tesseract 3.04.00' />
  <meta name='ocr-capabilities' content='ocr_page ocr_carea ocr_par ocr_line ocrx_word'/>
</head>
<body>
  <div class='ocr_page' id='page_1' title='image "./grammaticigraec02unkngoog_0059.png"; bbox 0 0 3664 5546; ppageno 0'>
   <div class='ocr_carea' id='block_1_1' title="bbox 1565 394 3066 443">
    <p class='ocr_par' dir='ltr' id='par_1_1' title="bbox 1565 394 3066 443">
     <span class='ocr_line' id='line_1_1' title="bbox 1565 394 3066 443; baseline -0.001 -2"><span class='ocrx_word' id='word_1_1' title='bbox 1565 394 1982 443; x_wconf 74' lang='lat' dir='ltr'>PRAEFATIO.</span> <span class='ocrx_word' id='word_1_2' title='bbox 2941 395 3066 441; x_wconf 80' lang='lat' dir='ltr'>Lm</span> 
     </span>
    </p>
   </div>
   <div class='ocr_carea' id='block_1_2' title="bbox 481 546 3102 1856">
    <p class='ocr_par' dir='ltr' id='par_1_2' title="bbox 492 546 3068 734">
     <span class='ocr_line' id='line_1_2' title="bbox 664 546 3068 635; baseline -0.002 -19"><span class='ocrx_word' id='word_1_3' title='bbox 664 553 703 616; x_wconf 88' lang='grc' dir='ltr'>Γ</span> <span class='ocrx_word' id='word_1_4' title='bbox 754 551 867 615; x_wconf 99' lang='grc'><strong>157</strong></span> <span class='ocrx_word' id='word_1_5' title='bbox 915 552 1170 635; x_wconf 79' lang='grc' dir='ltr'>τοιῇδ’</span> <span class='ocrx_word' id='word_1_6' title='bbox 1214 551 1285 615; x_wconf 80' lang='grc' dir='ltr'>ἕν</span> <span class='ocrx_word' id='word_1_7' title='bbox 1330 551 1482 616; x_wconf 78' lang='grc' dir='ltr'>ἐςτι·</span> <span class='ocrx_word' id='word_1_8' title='bbox 1530 552 1630 616; x_wconf 87' lang='grc' dir='ltr'>διὸ</span> <span class='ocrx_word' id='word_1_9' title='bbox 1674 550 2260 629; x_wconf 83' lang='grc' dir='ltr'>προπεριςπαςτέον</span> <span class='ocrx_word' id='word_1_10' title='bbox 2304 550 2381 613; x_wconf 90' lang='grc' dir='ltr'>τὸ</span> <span class='ocrx_word' id='word_1_11' title='bbox 2420 553 2667 632; x_wconf 83' lang='grc' dir='ltr'>τοιῇδε,</span> <span class='ocrx_word' id='word_1_12' title='bbox 2714 546 2830 611; x_wconf 90' lang='lat' dir='ltr'>sed</span> <span class='ocrx_word' id='word_1_13' title='bbox 2860 549 2915 614; x_wconf 94' lang='grc' dir='ltr'><em>Ζ</em></span> <span class='ocrx_word' id='word_1_14' title='bbox 2950 549 3068 612; x_wconf 85' lang='grc'>146</span> 
     </span>
     <span class='ocr_line' id='line_1_3' title="bbox 492 651 1808 734; baseline -0.002 -17"><span class='ocrx_word' id='word_1_15' title='bbox 492 654 630 732; x_wconf 85' lang='grc' dir='ltr'>τοίη</span> <span class='ocrx_word' id='word_1_16' title='bbox 677 654 773 717; x_wconf 86' lang='grc' dir='ltr'>δέ;</span> <span class='ocrx_word' id='word_1_17' title='bbox 826 654 945 719; x_wconf 87' lang='grc' dir='ltr'>δύο</span> <span class='ocrx_word' id='word_1_18' title='bbox 989 655 1146 734; x_wconf 87' lang='grc' dir='ltr'>μέρη</span> <span class='ocrx_word' id='word_1_19' title='bbox 1192 653 1394 729; x_wconf 81' lang='grc' dir='ltr'>λόγου</span> <span class='ocrx_word' id='word_1_20' title='bbox 1439 651 1524 716; x_wconf 86' lang='lat' dir='ltr'>cf.</span> <span class='ocrx_word' id='word_1_21' title='bbox 1569 654 1620 718; x_wconf 94' lang='grc' dir='ltr'>Λ</span> <span class='ocrx_word' id='word_1_22' title='bbox 1663 652 1808 714; x_wconf 99' lang='grc'><strong>409.</strong></span> 
     </span>
    </p>

    <p class='ocr_par' dir='ltr' id='par_1_3' title="bbox 488 751 3102 1024">
     <span class='ocr_line' id='line_1_4' title="bbox 545 751 3102 842; baseline -0 -22"><span class='ocrx_word' id='word_1_23' title='bbox 545 768 557 781; x_wconf 91' lang='grc'><em>·</em></span> <span class='ocrx_word' id='word_1_24' title='bbox 664 756 713 820; x_wconf 91' lang='grc' dir='ltr'>Χ</span> <span class='ocrx_word' id='word_1_25' title='bbox 757 755 835 817; x_wconf 89' lang='grc'>41</span> <span class='ocrx_word' id='word_1_26' title='bbox 894 756 1292 820; x_wconf 86' lang='grc' dir='ltr'>τοςςόνδε;</span> <span class='ocrx_word' id='word_1_27' title='bbox 1351 756 1478 834; x_wconf 90' lang='grc' dir='ltr'>πρὸ</span> <span class='ocrx_word' id='word_1_28' title='bbox 1533 756 1759 819; x_wconf 89' lang='grc' dir='ltr'>τέλους</span> <span class='ocrx_word' id='word_1_29' title='bbox 1814 755 1853 832; x_wconf 86' lang='grc' dir='ltr'>ἡ</span> <span class='ocrx_word' id='word_1_30' title='bbox 1901 753 2103 821; x_wconf 86' lang='grc' dir='ltr'>ὀξεῖα·</span> <span class='ocrx_word' id='word_1_31' title='bbox 2148 754 2219 818; x_wconf 79' lang='grc' dir='ltr'>ἓν</span> <span class='ocrx_word' id='word_1_32' title='bbox 2274 751 2397 831; x_wconf 92' lang='grc' dir='ltr'>γάρ</span> <span class='ocrx_word' id='word_1_33' title='bbox 2442 753 2568 817; x_wconf 84' lang='grc' dir='ltr'>ἐςτι</span> <span class='ocrx_word' id='word_1_34' title='bbox 2612 754 2804 833; x_wconf 92' lang='grc' dir='ltr'>μέρος</span> <span class='ocrx_word' id='word_1_35' title='bbox 2847 754 3102 842; x_wconf 28' lang='grc' dir='ltr'>λόγου..</span> 
     </span>
     <span class='ocr_line' id='line_1_5' title="bbox 490 855 3063 937; baseline 0 -16"><span class='ocrx_word' id='word_1_36' title='bbox 490 859 541 921; x_wconf 93' lang='grc' dir='ltr'>Α</span> <span class='ocrx_word' id='word_1_37' title='bbox 582 855 709 919; x_wconf 90' lang='grc'><strong>212</strong></span> <span class='ocrx_word' id='word_1_38' title='bbox 763 859 840 922; x_wconf 89' lang='grc' dir='ltr'>τὸ</span> <span class='ocrx_word' id='word_1_39' title='bbox 895 859 966 922; x_wconf 78' lang='grc' dir='ltr'>δὲ</span> <span class='ocrx_word' id='word_1_40' title='bbox 1020 859 1124 922; x_wconf 86' lang='grc' dir='ltr'>καὶ</span> <span class='ocrx_word' id='word_1_41' title='bbox 1176 857 1625 937; x_wconf 87' lang='grc' dir='ltr'>τετελεςμένον</span> <span class='ocrx_word' id='word_1_42' title='bbox 1681 856 1878 923; x_wconf 82' lang='grc' dir='ltr'>ἔςται·</span> <span class='ocrx_word' id='word_1_43' title='bbox 1941 856 2017 920; x_wconf 88' lang='grc' dir='ltr'>τὸ</span> <span class='ocrx_word' id='word_1_44' title='bbox 2072 856 2170 920; x_wconf 88' lang='grc' dir='ltr'>δέ;</span> <span class='ocrx_word' id='word_1_45' title='bbox 2239 855 2359 920; x_wconf 86' lang='grc' dir='ltr'>δύο</span> <span class='ocrx_word' id='word_1_46' title='bbox 2415 855 2571 935; x_wconf 87' lang='grc' dir='ltr'>μέρη</span> <span class='ocrx_word' id='word_1_47' title='bbox 2629 856 2830 932; x_wconf 84' lang='grc' dir='ltr'>λόγου</span> <span class='ocrx_word' id='word_1_48' title='bbox 2886 856 3063 931; x_wconf 88' lang='grc' dir='ltr'>εἰςίν;</span> 
     </span>
     <span class='ocr_line' id='line_1_6' title="bbox 488 958 830 1024; baseline 0.003 -3"><span class='ocrx_word' id='word_1_49' title='bbox 488 958 643 1024; x_wconf 91' lang='lat' dir='ltr'>item</span> <span class='ocrx_word' id='word_1_50' title='bbox 684 958 830 1023; x_wconf 91' lang='grc'><strong>228.</strong></span> 
     </span>
    </p>

    <p class='ocr_par' dir='ltr' id='par_1_4' title="bbox 485 1058 3065 1547">
     <span class='ocr_line' id='line_1_7' title="bbox 656 1058 3065 1141; baseline -0 -14"><span class='ocrx_word' id='word_1_51' title='bbox 656 1063 707 1127; x_wconf 92' lang='grc' dir='ltr'>Α</span> <span class='ocrx_word' id='word_1_52' title='bbox 748 1060 875 1126; x_wconf 90' lang='grc'>239</span> <span class='ocrx_word' id='word_1_53' title='bbox 919 1062 956 1125; x_wconf 90' lang='grc' dir='ltr'>ὁ</span> <span class='ocrx_word' id='word_1_54' title='bbox 1003 1064 1083 1126; x_wconf 79' lang='grc' dir='ltr'>δὲ</span> <span class='ocrx_word' id='word_1_55' title='bbox 1128 1060 1392 1141; x_wconf 84' lang='grc' dir='ltr'>ἄμεινον</span> <span class='ocrx_word' id='word_1_56' title='bbox 1438 1061 1558 1125; x_wconf 87' lang='grc' dir='ltr'>δύο</span> <span class='ocrx_word' id='word_1_57' title='bbox 1603 1062 1776 1140; x_wconf 90' lang='grc' dir='ltr'>μέρη.</span> <span class='ocrx_word' id='word_1_58' title='bbox 1855 1060 1868 1123; x_wconf 96' lang='grc' dir='ltr'>Ι</span> <span class='ocrx_word' id='word_1_59' title='bbox 1922 1059 2038 1122; x_wconf 92' lang='grc'>167</span> <span class='ocrx_word' id='word_1_60' title='bbox 2088 1059 2150 1125; x_wconf 81' lang='grc' dir='ltr'>οἱ</span> <span class='ocrx_word' id='word_1_61' title='bbox 2192 1060 2264 1124; x_wconf 82' lang='grc' dir='ltr'>δὲ</span> <span class='ocrx_word' id='word_1_62' title='bbox 2310 1058 2428 1124; x_wconf 82' lang='grc' dir='ltr'>δύο</span> <span class='ocrx_word' id='word_1_63' title='bbox 2475 1059 2630 1139; x_wconf 86' lang='grc' dir='ltr'>μέρη</span> <span class='ocrx_word' id='word_1_64' title='bbox 2676 1060 2876 1137; x_wconf 88' lang='grc' dir='ltr'>λόγου</span> <span class='ocrx_word' id='word_1_65' title='bbox 2921 1060 3065 1126; x_wconf 90' lang='grc' dir='ltr'>ἀντὶ</span> 
     </span>
     <span class='ocr_line' id='line_1_8' title="bbox 486 1160 3060 1241; baseline -0 -13"><span class='ocrx_word' id='word_1_66' title='bbox 486 1169 604 1228; x_wconf 85' lang='grc' dir='ltr'>τοῦ</span> <span class='ocrx_word' id='word_1_67' title='bbox 649 1162 830 1229; x_wconf 83' lang='grc' dir='ltr'>οὗτοι</span> <span class='ocrx_word' id='word_1_68' title='bbox 876 1165 962 1229; x_wconf 90' lang='grc' dir='ltr'>δέ.</span> <span class='ocrx_word' id='word_1_69' title='bbox 1050 1163 1164 1229; x_wconf 85' lang='grc' dir='ltr'>εἰςὶ</span> <span class='ocrx_word' id='word_1_70' title='bbox 1208 1165 1279 1228; x_wconf 80' lang='grc' dir='ltr'>δὲ</span> <span class='ocrx_word' id='word_1_71' title='bbox 1323 1163 1388 1227; x_wconf 82' lang='grc' dir='ltr'>οἳ</span> <span class='ocrx_word' id='word_1_72' title='bbox 1431 1163 2011 1241; x_wconf 88' lang='grc' dir='ltr'>προπεριέςπαςαν·</span> <span class='ocrx_word' id='word_1_73' title='bbox 2057 1161 2176 1226; x_wconf 83' lang='grc' dir='ltr'>οὐκ</span> <span class='ocrx_word' id='word_1_74' title='bbox 2220 1160 2310 1225; x_wconf 86' lang='grc' dir='ltr'>εὖ.</span> <span class='ocrx_word' id='word_1_75' title='bbox 2390 1160 2567 1239; x_wconf 86' lang='grc' dir='ltr'>χρεία</span> <span class='ocrx_word' id='word_1_76' title='bbox 2610 1162 2731 1240; x_wconf 91' lang='grc' dir='ltr'>γάρ</span> <span class='ocrx_word' id='word_1_77' title='bbox 2777 1163 2898 1226; x_wconf 86' lang='grc' dir='ltr'>ἐςτι</span> <span class='ocrx_word' id='word_1_78' title='bbox 2942 1168 3060 1227; x_wconf 84' lang='grc' dir='ltr'>τοῦ</span> 
     </span>
     <span class='ocr_line' id='line_1_9' title="bbox 488 1262 3060 1345; baseline 0 -15"><span class='ocrx_word' id='word_1_79' title='bbox 488 1266 833 1345; x_wconf 88' lang='grc' dir='ltr'>ςυνδέςμου</span> <span class='ocrx_word' id='word_1_80' title='bbox 879 1264 962 1328; x_wconf 89' lang='lat' dir='ltr'>cf.</span> <span class='ocrx_word' id='word_1_81' title='bbox 1013 1266 1026 1330; x_wconf 93' lang='grc' dir='ltr'>Ι</span> <span class='ocrx_word' id='word_1_82' title='bbox 1073 1264 1201 1330; x_wconf 91' lang='grc'><strong>509</strong></span> <span class='ocrx_word' id='word_1_83' title='bbox 1243 1266 1359 1329; x_wconf 87' lang='grc' dir='ltr'>τὸν</span> <span class='ocrx_word' id='word_1_84' title='bbox 1404 1264 1491 1329; x_wconf 89' lang='grc' dir='ltr'>δέ.</span> <span class='ocrx_word' id='word_1_85' title='bbox 1580 1263 1656 1326; x_wconf 85' lang='grc' dir='ltr'>Ε.</span> <span class='ocrx_word' id='word_1_86' title='bbox 1704 1262 1795 1326; x_wconf 89' lang='grc' dir='ltr'>Μ.</span> <span class='ocrx_word' id='word_1_87' title='bbox 1845 1262 2000 1342; x_wconf 85' lang='grc'><strong>761,</strong></span> <span class='ocrx_word' id='word_1_88' title='bbox 2045 1263 2128 1326; x_wconf 87' lang='grc'>32</span> <span class='ocrx_word' id='word_1_89' title='bbox 2182 1264 2259 1327; x_wconf 91' lang='grc' dir='ltr'>τό</span> <span class='ocrx_word' id='word_1_90' title='bbox 2314 1263 2386 1327; x_wconf 89' lang='grc' dir='ltr'>δέ</span> <span class='ocrx_word' id='word_1_91' title='bbox 2442 1283 2548 1342; x_wconf 89' lang='grc' dir='ltr'>μοι</span> <span class='ocrx_word' id='word_1_92' title='bbox 2599 1265 2879 1342; x_wconf 86' lang='grc' dir='ltr'>κρήηνον</span> <span class='ocrx_word' id='word_1_93' title='bbox 2925 1265 3060 1330; x_wconf 84' lang='grc' dir='ltr'>ἐέλ-</span> 
     </span>
     <span class='ocr_line' id='line_1_10' title="bbox 487 1363 3058 1450; baseline 0 -19"><span class='ocrx_word' id='word_1_94' title='bbox 487 1373 619 1446; x_wconf 88' lang='grc' dir='ltr'>δωρ</span> <span class='ocrx_word' id='word_1_95' title='bbox 664 1366 771 1450; x_wconf 88' lang='lat'>(11.</span> <span class='ocrx_word' id='word_1_96' title='bbox 815 1369 866 1431; x_wconf 93' lang='grc' dir='ltr'>Α</span> <span class='ocrx_word' id='word_1_97' title='bbox 908 1367 1020 1450; x_wconf 89' lang='grc'>41)</span> <span class='ocrx_word' id='word_1_98' title='bbox 1074 1367 1471 1445; x_wconf 86' lang='grc' dir='ltr'>Ἀρίςταρχος</span> <span class='ocrx_word' id='word_1_99' title='bbox 1529 1367 1648 1431; x_wconf 85' lang='grc' dir='ltr'>δύο</span> <span class='ocrx_word' id='word_1_100' title='bbox 1704 1366 1860 1443; x_wconf 89' lang='grc' dir='ltr'>μέρη</span> <span class='ocrx_word' id='word_1_101' title='bbox 1917 1364 2116 1440; x_wconf 85' lang='grc' dir='ltr'>λόγου</span> <span class='ocrx_word' id='word_1_102' title='bbox 2170 1368 2367 1429; x_wconf 86' lang='grc' dir='ltr'>ταῦτα</span> <span class='ocrx_word' id='word_1_103' title='bbox 2421 1363 2584 1430; x_wconf 81' lang='grc' dir='ltr'>εἶναι</span> <span class='ocrx_word' id='word_1_104' title='bbox 2647 1366 2846 1448; x_wconf 83' lang='grc' dir='ltr'>λέγει,</span> <span class='ocrx_word' id='word_1_105' title='bbox 2903 1366 2942 1431; x_wconf 88' lang='grc' dir='ltr'>ὁ</span> <span class='ocrx_word' id='word_1_106' title='bbox 2988 1369 3058 1432; x_wconf 79' lang='grc' dir='ltr'>δὲ</span> 
     </span>
     <span class='ocr_line' id='line_1_11' title="bbox 485 1469 1008 1547; baseline -0.002 -14"><span class='ocrx_word' id='word_1_107' title='bbox 485 1469 878 1547; x_wconf 73' lang='grc' dir='ltr'>Ἡρωδιανὸς</span> <span class='ocrx_word' id='word_1_108' title='bbox 921 1469 1008 1534; x_wconf 81' lang='grc' dir='ltr'>ἕν.</span> 
     </span>
    </p>

    <p class='ocr_par' dir='ltr' id='par_1_5' title="bbox 481 1565 3053 1856">
     <span class='ocr_line' id='line_1_12' title="bbox 654 1565 3053 1651; baseline -0.001 -16"><span class='ocrx_word' id='word_1_109' title='bbox 654 1572 667 1635; x_wconf 95' lang='grc' dir='ltr'>Ι</span> <span class='ocrx_word' id='word_1_110' title='bbox 715 1569 841 1634; x_wconf 89' lang='grc'>398</span> <span class='ocrx_word' id='word_1_111' title='bbox 896 1571 1082 1637; x_wconf 84' lang='grc' dir='ltr'>ἔνθα</span> <span class='ocrx_word' id='word_1_112' title='bbox 1135 1571 1243 1635; x_wconf 89' lang='grc' dir='ltr'>δέ;</span> <span class='ocrx_word' id='word_1_113' title='bbox 1303 1574 1422 1635; x_wconf 85' lang='grc' dir='ltr'>δύο</span> <span class='ocrx_word' id='word_1_114' title='bbox 1478 1571 1634 1650; x_wconf 88' lang='grc' dir='ltr'>μέρη</span> <span class='ocrx_word' id='word_1_115' title='bbox 1700 1569 1902 1646; x_wconf 87' lang='grc' dir='ltr'>λόγου</span> <span class='ocrx_word' id='word_1_116' title='bbox 1966 1566 2116 1632; x_wconf 78' lang='lat' dir='ltr'>coll,</span> <span class='ocrx_word' id='word_1_117' title='bbox 2172 1565 2250 1631; x_wconf 91' lang='lat' dir='ltr'>Il.</span> <span class='ocrx_word' id='word_1_118' title='bbox 2308 1568 2364 1631; x_wconf 92' lang='grc' dir='ltr'>Υ</span> <span class='ocrx_word' id='word_1_119' title='bbox 2407 1567 2563 1648; x_wconf 91' lang='grc'><strong>390,</strong></span> <span class='ocrx_word' id='word_1_120' title='bbox 2633 1567 2759 1633; x_wconf 90' lang='lat' dir='ltr'>Od.</span> <span class='ocrx_word' id='word_1_121' title='bbox 2821 1590 2852 1634; x_wconf 92' lang='grc' dir='ltr'>ε</span> <span class='ocrx_word' id='word_1_122' title='bbox 2905 1569 3053 1651; x_wconf 91' lang='grc'>208,</span> 
     </span>
     <span class='ocr_line' id='line_1_13' title="bbox 483 1670 3053 1758; baseline 0.001 -23"><span class='ocrx_word' id='word_1_123' title='bbox 483 1670 559 1735; x_wconf 89' lang='lat' dir='ltr'>Il.</span> <span class='ocrx_word' id='word_1_124' title='bbox 611 1673 660 1737; x_wconf 90' lang='grc' dir='ltr'>Χ</span> <span class='ocrx_word' id='word_1_125' title='bbox 709 1672 807 1736; x_wconf 92' lang='grc'>16.</span> <span class='ocrx_word' id='word_1_126' title='bbox 861 1672 919 1737; x_wconf 90' lang='grc' dir='ltr'>Υ</span> <span class='ocrx_word' id='word_1_127' title='bbox 958 1670 1086 1736; x_wconf 88' lang='grc'>390</span> <span class='ocrx_word' id='word_1_128' title='bbox 1128 1672 1199 1738; x_wconf 81' lang='grc' dir='ltr'>ἕν</span> <span class='ocrx_word' id='word_1_129' title='bbox 1244 1673 1366 1738; x_wconf 83' lang='grc' dir='ltr'>ἐςτι</span> <span class='ocrx_word' id='word_1_130' title='bbox 1407 1673 1485 1736; x_wconf 91' lang='grc' dir='ltr'>τὸ</span> <span class='ocrx_word' id='word_1_131' title='bbox 1530 1672 1790 1758; x_wconf 84' lang='grc' dir='ltr'>ἐνθάδε,</span> <span class='ocrx_word' id='word_1_132' title='bbox 1850 1672 1940 1736; x_wconf 85' lang='grc' dir='ltr'>ὡς</span> <span class='ocrx_word' id='word_1_133' title='bbox 1996 1672 2098 1736; x_wconf 83' lang='grc' dir='ltr'>καὶ</span> <span class='ocrx_word' id='word_1_134' title='bbox 2152 1670 2191 1735; x_wconf 88' lang='grc' dir='ltr'>ὁ</span> <span class='ocrx_word' id='word_1_135' title='bbox 2237 1670 2714 1750; x_wconf 80' lang='grc' dir='ltr'>Ἀςκαλωνίτης·</span> <span class='ocrx_word' id='word_1_136' title='bbox 2761 1672 2887 1737; x_wconf 83' lang='grc' dir='ltr'>ἔςτι</span> <span class='ocrx_word' id='word_1_137' title='bbox 2930 1674 3053 1752; x_wconf 85' lang='grc' dir='ltr'>γὰρ</span> 
     </span>
     <span class='ocr_line' id='line_1_14' title="bbox 481 1772 3050 1856; baseline 0.001 -18"><span class='ocrx_word' id='word_1_138' title='bbox 481 1776 790 1840; x_wconf 74' lang='grc' dir='ltr'>δεικτικὸν</span> <span class='ocrx_word' id='word_1_139' title='bbox 835 1778 945 1852; x_wconf 86' lang='grc' dir='ltr'>τῆς</span> <span class='ocrx_word' id='word_1_140' title='bbox 989 1775 1060 1839; x_wconf 84' lang='grc' dir='ltr'>ἐν</span> <span class='ocrx_word' id='word_1_141' title='bbox 1104 1775 1285 1856; x_wconf 85' lang='grc' dir='ltr'>τόπῳ</span> <span class='ocrx_word' id='word_1_142' title='bbox 1341 1775 1605 1853; x_wconf 89' lang='grc' dir='ltr'>ςχέςεως</span> <span class='ocrx_word' id='word_1_143' title='bbox 1660 1773 1869 1853; x_wconf 82' lang='grc' dir='ltr'>ὥςπερ</span> <span class='ocrx_word' id='word_1_144' title='bbox 1914 1774 2015 1838; x_wconf 88' lang='grc' dir='ltr'>καὶ</span> <span class='ocrx_word' id='word_1_145' title='bbox 2058 1773 2133 1837; x_wconf 88' lang='grc' dir='ltr'>τὸ</span> <span class='ocrx_word' id='word_1_146' title='bbox 2180 1772 2447 1837; x_wconf 85' lang='grc' dir='ltr'>«ἐνθάδε</span> <span class='ocrx_word' id='word_1_147' title='bbox 2502 1772 2567 1838; x_wconf 77' lang='grc' dir='ltr'>κ’</span> <span class='ocrx_word' id='word_1_148' title='bbox 2610 1773 2752 1839; x_wconf 86' lang='grc' dir='ltr'>αὖθι</span> <span class='ocrx_word' id='word_1_149' title='bbox 2797 1775 3050 1855; x_wconf 83' lang='grc' dir='ltr'>με’νων»</span> 
     </span>
    </p>
   </div>
   <div class='ocr_carea' id='block_1_3' title="bbox 484 1865 2292 1960">
    <p class='ocr_par' dir='ltr' id='par_1_6' title="bbox 484 1865 2292 1960">
     <span class='ocr_line' id='line_1_15' title="bbox 484 1865 2292 1960; baseline -0.002 -20"><span class='ocrx_word' id='word_1_150' title='bbox 484 1873 634 1960; x_wconf 88' lang='lat' dir='ltr'>(Od.</span> <span class='ocrx_word' id='word_1_151' title='bbox 679 1896 711 1941; x_wconf 90' lang='grc' dir='ltr'>ε</span> <span class='ocrx_word' id='word_1_152' title='bbox 755 1874 910 1958; x_wconf 88' lang='grc'>208)</span> <span class='ocrx_word' id='word_1_153' title='bbox 969 1875 1128 1942; x_wconf 87' lang='grc' dir='ltr'>ὥςτε</span> <span class='ocrx_word' id='word_1_154' title='bbox 1184 1877 1313 1955; x_wconf 86' lang='grc' dir='ltr'>πρὸ</span> <span class='ocrx_word' id='word_1_155' title='bbox 1365 1880 1478 1955; x_wconf 89' lang='grc' dir='ltr'>τῆς</span> <span class='ocrx_word' id='word_1_156' title='bbox 1535 1865 1606 1941; x_wconf 75' lang='grc' dir='ltr'>δέ</span> <span class='ocrx_word' id='word_1_157' title='bbox 1663 1878 1973 1956; x_wconf 86' lang='grc' dir='ltr'>ςυλλαβῆς</span> <span class='ocrx_word' id='word_1_158' title='bbox 2018 1874 2055 1952; x_wconf 83' lang='grc' dir='ltr'><strong>ἡ</strong></span> <span class='ocrx_word' id='word_1_159' title='bbox 2102 1873 2292 1941; x_wconf 85' lang='grc' dir='ltr'>ὀξεῖα.</span> 
     </span>
    </p>
   </div>
   <div class='ocr_carea' id='block_1_4' title="bbox 972 2061 2561 2137">
    <p class='ocr_par' dir='ltr' id='par_1_7' title="bbox 972 2061 2561 2137">
     <span class='ocr_line' id='line_1_16' title="bbox 972 2061 2561 2137; baseline -0.001 -11"><span class='ocrx_word' id='word_1_160' title='bbox 972 2070 1091 2128; x_wconf 79' lang='lat' dir='ltr'>tv.</span> <span class='ocrx_word' id='word_1_161' title='bbox 1176 2070 1277 2127; x_wconf 88' lang='lat' dir='ltr'>De</span> <span class='ocrx_word' id='word_1_162' title='bbox 1318 2061 1606 2127; x_wconf 78' lang='lat' dir='ltr'>diastasi</span> <span class='ocrx_word' id='word_1_163' title='bbox 1648 2069 2069 2137; x_wconf 77' lang='lat' dir='ltr'><strong>syllabarum</strong></span> <span class='ocrx_word' id='word_1_164' title='bbox 2109 2068 2561 2125; x_wconf 77' lang='lat' dir='ltr'>litei-aramve.</span> 
     </span>
    </p>
   </div>
   <div class='ocr_carea' id='block_1_5' title="bbox 453 2177 3047 4911">
    <p class='ocr_par' dir='ltr' id='par_1_8' title="bbox 473 2177 3047 2572">
     <span class='ocr_line' id='line_1_17' title="bbox 642 2177 3047 2267; baseline -0 -21"><span class='ocrx_word' id='word_1_165' title='bbox 642 2181 732 2248; x_wconf 89' lang='lat' dir='ltr'>Ut</span> <span class='ocrx_word' id='word_1_166' title='bbox 773 2180 1306 2267; x_wconf 80' lang='lat' dir='ltr'>quaestiunculae</span> <span class='ocrx_word' id='word_1_167' title='bbox 1351 2203 1532 2246; x_wconf 88' lang='lat' dir='ltr'>meae</span> <span class='ocrx_word' id='word_1_168' title='bbox 1579 2181 1772 2245; x_wconf 88' lang='lat' dir='ltr'>finem</span> <span class='ocrx_word' id='word_1_169' title='bbox 1804 2180 2166 2265; x_wconf 84' lang='lat' dir='ltr'>imponam,</span> <span class='ocrx_word' id='word_1_170' title='bbox 2216 2177 2543 2244; x_wconf 89' lang='lat' dir='ltr'>scribendi</span> <span class='ocrx_word' id='word_1_171' title='bbox 2577 2178 3047 2267; x_wconf 82' lang='lat' dir='ltr'>discrepantias</span> 
     </span>
     <span class='ocr_line' id='line_1_18' title="bbox 473 2281 3046 2369; baseline 0 -23"><span class='ocrx_word' id='word_1_172' title='bbox 473 2282 541 2346; x_wconf 90' lang='lat' dir='ltr'>in</span> <span class='ocrx_word' id='word_1_173' title='bbox 596 2282 866 2369; x_wconf 82' lang='lat' dir='ltr'>syllabis</span> <span class='ocrx_word' id='word_1_174' title='bbox 912 2282 1234 2349; x_wconf 81' lang='lat' dir='ltr'>litterisve</span> <span class='ocrx_word' id='word_1_175' title='bbox 1279 2293 1394 2347; x_wconf 89' lang='lat' dir='ltr'>aut</span> <span class='ocrx_word' id='word_1_176' title='bbox 1438 2283 1522 2347; x_wconf 85' lang='lat' dir='ltr'>ab</span> <span class='ocrx_word' id='word_1_177' title='bbox 1577 2281 2113 2347; x_wconf 81' lang='lat' dir='ltr'>antecedentibus</span> <span class='ocrx_word' id='word_1_178' title='bbox 2178 2291 2292 2344; x_wconf 89' lang='lat' dir='ltr'>aut</span> <span class='ocrx_word' id='word_1_179' title='bbox 2351 2281 2436 2344; x_wconf 89' lang='lat' dir='ltr'>ab</span> <span class='ocrx_word' id='word_1_180' title='bbox 2501 2281 3046 2369; x_wconf 86' lang='lat' dir='ltr'>subsequentibus</span> 
     </span>
     <span class='ocr_line' id='line_1_19' title="bbox 474 2382 3046 2472; baseline 0 -24"><span class='ocrx_word' id='word_1_181' title='bbox 474 2382 852 2470; x_wconf 82' lang='lat' dir='ltr'>separandis</span> <span class='ocrx_word' id='word_1_182' title='bbox 895 2384 1174 2472; x_wconf 76' lang='lat' dir='ltr'>positae,</span> <span class='ocrx_word' id='word_1_183' title='bbox 1231 2395 1551 2470; x_wconf 88' lang='lat' dir='ltr'>quatenus</span> <span class='ocrx_word' id='word_1_184' title='bbox 1608 2384 1694 2448; x_wconf 91' lang='lat' dir='ltr'>ab</span> <span class='ocrx_word' id='word_1_185' title='bbox 1738 2382 2119 2450; x_wconf 86' lang='lat' dir='ltr'>Herodiano</span> <span class='ocrx_word' id='word_1_186' title='bbox 2164 2397 2554 2448; x_wconf 84' lang='lat' dir='ltr'>memoratae</span> <span class='ocrx_word' id='word_1_187' title='bbox 2598 2394 2775 2465; x_wconf 86' lang='lat' dir='ltr'>sunt,</span> <span class='ocrx_word' id='word_1_188' title='bbox 2833 2384 3046 2449; x_wconf 78' lang='lat' dir='ltr'>brevi-</span> 
     </span>
     <span class='ocr_line' id='line_1_20' title="bbox 475 2485 1201 2572; baseline 0 -21"><span class='ocrx_word' id='word_1_189' title='bbox 475 2485 594 2552; x_wconf 90' lang='lat' dir='ltr'>bus</span> <span class='ocrx_word' id='word_1_190' title='bbox 639 2487 1201 2572; x_wconf 86' lang='lat' dir='ltr'>comprehendam.</span> 
     </span>
    </p>

    <p class='ocr_par' dir='ltr' id='par_1_9' title="bbox 467 2586 3041 3284">
     <span class='ocr_line' id='line_1_21' title="bbox 640 2586 3041 2676; baseline 0.002 -23"><span class='ocrx_word' id='word_1_191' title='bbox 640 2588 914 2676; x_wconf 86' lang='lat' dir='ltr'>Saepius</span> <span class='ocrx_word' id='word_1_192' title='bbox 959 2589 1255 2675; x_wconf 88' lang='lat' dir='ltr'>quaestio</span> <span class='ocrx_word' id='word_1_193' title='bbox 1301 2599 1443 2653; x_wconf 88' lang='lat' dir='ltr'>orta</span> <span class='ocrx_word' id='word_1_194' title='bbox 1496 2599 1626 2669; x_wconf 88' lang='lat' dir='ltr'>est,</span> <span class='ocrx_word' id='word_1_195' title='bbox 1683 2587 2068 2653; x_wconf 85' lang='lat' dir='ltr'>adverbium</span> <span class='ocrx_word' id='word_1_196' title='bbox 2113 2586 2195 2652; x_wconf 87' lang='grc' dir='ltr'>αὖ</span> <span class='ocrx_word' id='word_1_197' title='bbox 2240 2597 2306 2652; x_wconf 90' lang='lat' dir='ltr'>et</span> <span class='ocrx_word' id='word_1_198' title='bbox 2349 2588 2732 2673; x_wconf 86' lang='lat' dir='ltr'>pronomina</span> <span class='ocrx_word' id='word_1_199' title='bbox 2783 2595 2900 2655; x_wconf 87' lang='grc' dir='ltr'>τοῦ</span> <span class='ocrx_word' id='word_1_200' title='bbox 2949 2600 3041 2676; x_wconf 84' lang='grc' dir='ltr'>τῷ</span> 
     </span>
     <span class='ocr_line' id='line_1_22' title="bbox 469 2688 3040 2777; baseline 0 -19"><span class='ocrx_word' id='word_1_201' title='bbox 469 2692 583 2758; x_wconf 89' lang='grc' dir='ltr'>τόν</span> <span class='ocrx_word' id='word_1_202' title='bbox 626 2688 1064 2776; x_wconf 87' lang='lat' dir='ltr'>intellegenda</span> <span class='ocrx_word' id='word_1_203' title='bbox 1105 2688 1239 2754; x_wconf 88' lang='lat' dir='ltr'>sint</span> <span class='ocrx_word' id='word_1_204' title='bbox 1290 2712 1373 2753; x_wconf 89' lang='lat' dir='ltr'>an</span> <span class='ocrx_word' id='word_1_205' title='bbox 1416 2689 1804 2777; x_wconf 88' lang='lat' dir='ltr'>pronomina</span> <span class='ocrx_word' id='word_1_206' title='bbox 1858 2691 2059 2757; x_wconf 84' lang='grc' dir='ltr'>αὐτοῦ</span> <span class='ocrx_word' id='word_1_207' title='bbox 2104 2690 2280 2773; x_wconf 71' lang='grc' dir='ltr'>αὐτῷ</span> <span class='ocrx_word' id='word_1_208' title='bbox 2325 2690 2550 2756; x_wconf 86' lang='grc' dir='ltr'>αὐτόν·</span> <span class='ocrx_word' id='word_1_209' title='bbox 2605 2691 2669 2756; x_wconf 95' lang='grc' dir='ltr'>Π</span> <span class='ocrx_word' id='word_1_210' title='bbox 2712 2690 2791 2754; x_wconf 92' lang='grc'>87</span> <span class='ocrx_word' id='word_1_211' title='bbox 2836 2694 2913 2758; x_wconf 89' lang='grc' dir='ltr'>τὸ</span> <span class='ocrx_word' id='word_1_212' title='bbox 2958 2694 3040 2758; x_wconf 87' lang='grc' dir='ltr'>αὖ</span> 
     </span>
     <span class='ocr_line' id='line_1_23' title="bbox 469 2792 3039 2878; baseline 0.001 -18"><span class='ocrx_word' id='word_1_213' title='bbox 469 2794 952 2874; x_wconf 86' lang='grc' dir='ltr'>περιςπαςτέον·</span> <span class='ocrx_word' id='word_1_214' title='bbox 1010 2793 1129 2859; x_wconf 86' lang='grc' dir='ltr'>δύο</span> <span class='ocrx_word' id='word_1_215' title='bbox 1172 2794 1293 2871; x_wconf 91' lang='grc' dir='ltr'>γάρ</span> <span class='ocrx_word' id='word_1_216' title='bbox 1337 2794 1502 2858; x_wconf 84' lang='grc' dir='ltr'>ἐςτιν</span> <span class='ocrx_word' id='word_1_217' title='bbox 1557 2793 1638 2858; x_wconf 85' lang='grc' dir='ltr'>αὖ</span> <span class='ocrx_word' id='word_1_218' title='bbox 1683 2795 1786 2858; x_wconf 87' lang='grc' dir='ltr'>καὶ</span> <span class='ocrx_word' id='word_1_219' title='bbox 1826 2793 1942 2858; x_wconf 86' lang='grc' dir='ltr'>τοί.</span> <span class='ocrx_word' id='word_1_220' title='bbox 2033 2793 2079 2857; x_wconf 91' lang='grc' dir='ltr'>Κ</span> <span class='ocrx_word' id='word_1_221' title='bbox 2121 2792 2205 2856; x_wconf 88' lang='grc'>25</span> <span class='ocrx_word' id='word_1_222' title='bbox 2249 2792 2403 2858; x_wconf 82' lang='grc' dir='ltr'>οὐδὲ</span> <span class='ocrx_word' id='word_1_223' title='bbox 2446 2793 2569 2872; x_wconf 87' lang='grc' dir='ltr'>γὰρ</span> <span class='ocrx_word' id='word_1_224' title='bbox 2619 2794 2793 2878; x_wconf 85' lang='grc' dir='ltr'>αὐτῷ</span> <span class='ocrx_word' id='word_1_225' title='bbox 2837 2795 3039 2862; x_wconf 85' lang='grc' dir='ltr'>ὕπνος</span> 
     </span>
     <span class='ocr_line' id='line_1_24' title="bbox 470 2894 3037 2979; baseline 0.001 -18"><span class='ocrx_word' id='word_1_226' title='bbox 470 2898 572 2961; x_wconf 81' lang='grc' dir='ltr'>ἐπὶ</span> <span class='ocrx_word' id='word_1_227' title='bbox 625 2897 1035 2977; x_wconf 90' lang='grc' dir='ltr'>βλεφάροιςιν</span> <span class='ocrx_word' id='word_1_228' title='bbox 1089 2896 1363 2976; x_wconf 82' lang='grc' dir='ltr'>ἐφίζανε.</span> <span class='ocrx_word' id='word_1_229' title='bbox 1451 2895 1820 2974; x_wconf 87' lang='grc' dir='ltr'>Τυραννίων</span> <span class='ocrx_word' id='word_1_230' title='bbox 1876 2896 1992 2973; x_wconf 86' lang='grc' dir='ltr'>τὴν</span> <span class='ocrx_word' id='word_1_231' title='bbox 2048 2895 2222 2979; x_wconf 84' lang='grc' dir='ltr'>αὐτῷ</span> <span class='ocrx_word' id='word_1_232' title='bbox 2287 2894 2691 2973; x_wconf 87' lang='grc' dir='ltr'>άντωνυμίαν</span> <span class='ocrx_word' id='word_1_233' title='bbox 2755 2897 2901 2961; x_wconf 79' lang='grc' dir='ltr'>καθ’</span> <span class='ocrx_word' id='word_1_234' title='bbox 2964 2899 3037 2964; x_wconf 78' lang='grc' dir='ltr'>ἓν</span> 
     </span>
     <span class='ocr_line' id='line_1_25' title="bbox 468 2995 3035 3078; baseline 0.001 -16"><span class='ocrx_word' id='word_1_235' title='bbox 468 2997 838 3078; x_wconf 84' lang='grc' dir='ltr'>ἐλάμβανεν.</span> <span class='ocrx_word' id='word_1_236' title='bbox 926 2998 963 3061; x_wconf 90' lang='grc' dir='ltr'>ὁ</span> <span class='ocrx_word' id='word_1_237' title='bbox 1009 3000 1080 3063; x_wconf 82' lang='grc' dir='ltr'>δὲ</span> <span class='ocrx_word' id='word_1_238' title='bbox 1124 2998 1573 3076; x_wconf 84' lang='grc' dir='ltr'>Ἀςκαλωνίτης</span> <span class='ocrx_word' id='word_1_239' title='bbox 1625 2997 1741 3062; x_wconf 88' lang='grc' dir='ltr'>τὸν</span> <span class='ocrx_word' id='word_1_240' title='bbox 1785 2995 1868 3060; x_wconf 85' lang='grc' dir='ltr'>αὖ</span> <span class='ocrx_word' id='word_1_241' title='bbox 1913 2996 2259 3076; x_wconf 87' lang='grc' dir='ltr'>ςύνδεςμον</span> <span class='ocrx_word' id='word_1_242' title='bbox 2313 2997 2758 3077; x_wconf 87' lang='grc' dir='ltr'>παρελάμβανε</span> <span class='ocrx_word' id='word_1_243' title='bbox 2814 3001 2916 3063; x_wconf 85' lang='grc' dir='ltr'>καὶ</span> <span class='ocrx_word' id='word_1_244' title='bbox 2959 3003 3035 3065; x_wconf 89' lang='grc' dir='ltr'>τὸ</span> 
     </span>
     <span class='ocr_line' id='line_1_26' title="bbox 467 3097 3032 3184; baseline 0.001 -21"><span class='ocrx_word' id='word_1_245' title='bbox 467 3105 558 3182; x_wconf 82' lang='grc' dir='ltr'>τῷ</span> <span class='ocrx_word' id='word_1_246' title='bbox 603 3099 1024 3179; x_wconf 84' lang='grc' dir='ltr'>ἰςοδυναμοῡν</span> <span class='ocrx_word' id='word_1_247' title='bbox 1068 3106 1159 3184; x_wconf 83' lang='grc' dir='ltr'>τῷ</span> <span class='ocrx_word' id='word_1_248' title='bbox 1189 3100 1402 3184; x_wconf 82' lang='grc' dir='ltr'>τούτῳ</span> <span class='ocrx_word' id='word_1_249' title='bbox 1433 3098 1669 3180; x_wconf 88' lang='grc' dir='ltr'>ὁμοίως</span> <span class='ocrx_word' id='word_1_250' title='bbox 1699 3105 1791 3182; x_wconf 85' lang='grc' dir='ltr'>τῷ</span> <span class='ocrx_word' id='word_1_251' title='bbox 1821 3098 2008 3163; x_wconf 80' lang='grc' dir='ltr'>τοῦδ’</span> <span class='ocrx_word' id='word_1_252' title='bbox 2053 3097 2135 3161; x_wconf 86' lang='grc' dir='ltr'>αὖ</span> <span class='ocrx_word' id='word_1_253' title='bbox 2163 3102 2281 3162; x_wconf 84' lang='grc' dir='ltr'>τοῦ</span> <span class='ocrx_word' id='word_1_254' title='bbox 2313 3098 2705 3177; x_wconf 85' lang='grc' dir='ltr'>λυκάβαντος</span> <span class='ocrx_word' id='word_1_255' title='bbox 2742 3097 2895 3183; x_wconf 81' lang='lat' dir='ltr'>(Od.</span> <span class='ocrx_word' id='word_1_256' title='bbox 2934 3101 3032 3183; x_wconf 89' lang='lat'>14,</span> 
     </span>
     <span class='ocr_line' id='line_1_27' title="bbox 471 3198 2013 3284; baseline 0.001 -22"><span class='ocrx_word' id='word_1_257' title='bbox 471 3198 638 3284; x_wconf 90' lang='grc'><strong>161).</strong></span> <span class='ocrx_word' id='word_1_258' title='bbox 720 3200 819 3280; x_wconf 83' lang='grc' dir='ltr'>ῖςη</span> <span class='ocrx_word' id='word_1_259' title='bbox 865 3202 936 3266; x_wconf 87' lang='grc' dir='ltr'>δέ</span> <span class='ocrx_word' id='word_1_260' title='bbox 981 3222 1085 3281; x_wconf 93' lang='grc' dir='ltr'>μοι</span> <span class='ocrx_word' id='word_1_261' title='bbox 1132 3204 1308 3267; x_wconf 84' lang='grc' dir='ltr'>δοκεῖ</span> <span class='ocrx_word' id='word_1_262' title='bbox 1350 3203 1389 3280; x_wconf 88' lang='grc' dir='ltr'>ἡ</span> <span class='ocrx_word' id='word_1_263' title='bbox 1433 3200 1789 3277; x_wconf 87' lang='grc' dir='ltr'>ἀνάγνωςις</span> <span class='ocrx_word' id='word_1_264' title='bbox 1832 3198 2013 3265; x_wconf 84' lang='grc' dir='ltr'>εἶναι.</span> 
     </span>
    </p>

    <p class='ocr_par' dir='ltr' id='par_1_10' title="bbox 461 3299 3034 3892">
     <span class='ocr_line' id='line_1_28' title="bbox 631 3299 3034 3383; baseline 0.001 -17"><span class='ocrx_word' id='word_1_265' title='bbox 631 3300 1028 3366; x_wconf 88' lang='lat' dir='ltr'>Dubitatum</span> <span class='ocrx_word' id='word_1_266' title='bbox 1081 3312 1213 3383; x_wconf 87' lang='lat' dir='ltr'>est,</span> <span class='ocrx_word' id='word_1_267' title='bbox 1270 3310 1488 3365; x_wconf 86' lang='lat' dir='ltr'>utrum</span> <span class='ocrx_word' id='word_1_268' title='bbox 1543 3303 1613 3367; x_wconf 79' lang='grc' dir='ltr'>δέ</span> <span class='ocrx_word' id='word_1_269' title='bbox 1659 3323 1731 3382; x_wconf 89' lang='grc' dir='ltr'>με</span> <span class='ocrx_word' id='word_1_270' title='bbox 1786 3322 1873 3364; x_wconf 87' lang='lat' dir='ltr'>an</span> <span class='ocrx_word' id='word_1_271' title='bbox 1929 3302 1993 3366; x_wconf 78' lang='grc' dir='ltr'>δ’</span> <span class='ocrx_word' id='word_1_272' title='bbox 2043 3302 2152 3380; x_wconf 82' lang='grc' dir='ltr'>ἐμέ</span> <span class='ocrx_word' id='word_1_273' title='bbox 2208 3299 2623 3365; x_wconf 89' lang='lat' dir='ltr'>scribendum</span> <span class='ocrx_word' id='word_1_274' title='bbox 2676 3303 2796 3383; x_wconf 87' lang='lat' dir='ltr'>sit,</span> <span class='ocrx_word' id='word_1_275' title='bbox 2856 3306 2905 3370; x_wconf 89' lang='grc' dir='ltr'>Χ</span> <span class='ocrx_word' id='word_1_276' title='bbox 2949 3305 3034 3370; x_wconf 85' lang='grc'><strong>59</strong></span> 
     </span>
     <span class='ocr_line' id='line_1_29' title="bbox 463 3400 3032 3489; baseline 0.002 -21"><span class='ocrx_word' id='word_1_277' title='bbox 463 3405 625 3483; x_wconf 83' lang='grc' dir='ltr'>πρὸς</span> <span class='ocrx_word' id='word_1_278' title='bbox 670 3405 737 3469; x_wconf 79' lang='grc' dir='ltr'>δ’</span> <span class='ocrx_word' id='word_1_279' title='bbox 782 3403 917 3484; x_wconf 85' lang='grc' dir='ltr'>ἑμέ;</span> <span class='ocrx_word' id='word_1_280' title='bbox 964 3403 1702 3483; x_wconf 79' lang='grc' dir='ltr'>οὕτως·ὀρθοτονητέον.</span> <span class='ocrx_word' id='word_1_281' title='bbox 1771 3404 1815 3468; x_wconf 90' lang='grc' dir='ltr'>Κ</span> <span class='ocrx_word' id='word_1_282' title='bbox 1845 3402 1970 3465; x_wconf 91' lang='grc'>242</span> <span class='ocrx_word' id='word_1_283' title='bbox 2014 3400 2252 3467; x_wconf 86' lang='lat' dir='ltr'>Alexio</span> <span class='ocrx_word' id='word_1_284' title='bbox 2299 3403 2564 3489; x_wconf 83' lang='lat' dir='ltr'>scripsit</span> <span class='ocrx_word' id='word_1_285' title='bbox 2606 3406 2893 3471; x_wconf 77' lang='grc' dir='ltr'>κελεύετ’</span> <span class='ocrx_word' id='word_1_286' title='bbox 2936 3407 3032 3488; x_wconf 77' lang='grc' dir='ltr'>ἔμ’</span> 
     </span>
     <span class='ocr_line' id='line_1_30' title="bbox 464 3492 3030 3589; baseline 0.002 -19"><span class='ocrx_word' id='word_1_287' title='bbox 464 3506 659 3572; x_wconf 87' lang='grc' dir='ltr'>αὐτόν</span> <span class='ocrx_word' id='word_1_288' title='bbox 673 3554 692 3587; x_wconf 93' lang='grc'>,</span> <span class='ocrx_word' id='word_1_289' title='bbox 744 3503 1165 3570; x_wconf 86' lang='lat' dir='ltr'>Aristarchus</span> <span class='ocrx_word' id='word_1_290' title='bbox 1221 3513 1289 3569; x_wconf 87' lang='lat' dir='ltr'>et</span> <span class='ocrx_word' id='word_1_291' title='bbox 1329 3492 1713 3569; x_wconf 78' lang='lat' dir='ltr'>Ascalonita</span> <span class='ocrx_word' id='word_1_292' title='bbox 1764 3505 2054 3569; x_wconf 88' lang='grc' dir='ltr'>κελεύετέ</span> <span class='ocrx_word' id='word_1_293' title='bbox 2109 3505 2179 3585; x_wconf 77' lang='grc' dir='ltr'>μ’</span> <span class='ocrx_word' id='word_1_294' title='bbox 2233 3506 2463 3589; x_wconf 88' lang='grc' dir='ltr'>αὐτόν,</span> <span class='ocrx_word' id='word_1_295' title='bbox 2518 3507 2575 3570; x_wconf 87' lang='grc' dir='ltr'>Φ</span> <span class='ocrx_word' id='word_1_296' title='bbox 2623 3505 2743 3571; x_wconf 93' lang='grc'><strong>159</strong></span> <span class='ocrx_word' id='word_1_297' title='bbox 2796 3510 2913 3573; x_wconf 88' lang='grc' dir='ltr'>τὸν</span> <span class='ocrx_word' id='word_1_298' title='bbox 2960 3512 3030 3574; x_wconf 79' lang='grc' dir='ltr'>δὲ</span> 
     </span>
     <span class='ocr_line' id='line_1_31' title="bbox 464 3603 3028 3699; baseline 0.002 -29"><span class='ocrx_word' id='word_1_299' title='bbox 464 3608 538 3686; x_wconf 90' lang='grc' dir='ltr'>μέ</span> <span class='ocrx_word' id='word_1_300' title='bbox 581 3627 733 3686; x_wconf 88' lang='grc' dir='ltr'>φαςι</span> <span class='ocrx_word' id='word_1_301' title='bbox 776 3603 916 3686; x_wconf 87' lang='lat' dir='ltr'>alii,</span> <span class='ocrx_word' id='word_1_302' title='bbox 963 3604 1346 3671; x_wconf 87' lang='lat' dir='ltr'>Ascalonita</span> <span class='ocrx_word' id='word_1_303' title='bbox 1387 3609 1502 3673; x_wconf 87' lang='grc' dir='ltr'>τόν</span> <span class='ocrx_word' id='word_1_304' title='bbox 1548 3608 1613 3672; x_wconf 83' lang='grc' dir='ltr'>δ’</span> <span class='ocrx_word' id='word_1_305' title='bbox 1658 3607 1765 3686; x_wconf 82' lang='grc' dir='ltr'>ἐμέ</span> <span class='ocrx_word' id='word_1_306' title='bbox 1810 3627 1995 3699; x_wconf 69' lang='grc' dir='ltr'>φαςι,</span> <span class='ocrx_word' id='word_1_307' title='bbox 2042 3607 2087 3671; x_wconf 91' lang='grc' dir='ltr'>Ρ</span> <span class='ocrx_word' id='word_1_308' title='bbox 2135 3605 2256 3669; x_wconf 92' lang='grc'>174</span> <span class='ocrx_word' id='word_1_309' title='bbox 2311 3606 2453 3672; x_wconf 85' lang='grc' dir='ltr'>ὅςτέ</span> <span class='ocrx_word' id='word_1_310' title='bbox 2507 3611 2764 3693; x_wconf 82' lang='grc' dir='ltr'>με·φῄς</span> <span class='ocrx_word' id='word_1_311' title='bbox 2823 3608 3028 3675; x_wconf 88' lang='lat' dir='ltr'>Hero-</span> 
     </span>
     <span class='ocr_line' id='line_1_32' title="bbox 463 3705 3027 3793; baseline 0.003 -22"><span class='ocrx_word' id='word_1_312' title='bbox 463 3706 692 3772; x_wconf 88' lang='lat' dir='ltr'>dianus</span> <span class='ocrx_word' id='word_1_313' title='bbox 736 3729 885 3772; x_wconf 91' lang='lat' dir='ltr'>cum</span> <span class='ocrx_word' id='word_1_314' title='bbox 929 3705 1106 3789; x_wconf 87' lang='lat' dir='ltr'>aliis,</span> <span class='ocrx_word' id='word_1_315' title='bbox 1151 3708 1534 3773; x_wconf 87' lang='lat' dir='ltr'>Ascalonita</span> <span class='ocrx_word' id='word_1_316' title='bbox 1576 3707 1717 3774; x_wconf 84' lang='grc' dir='ltr'>ὅςτέ</span> <span class='ocrx_word' id='word_1_317' title='bbox 1763 3709 1835 3788; x_wconf 79' lang='grc' dir='ltr'>μ’</span> <span class='ocrx_word' id='word_1_318' title='bbox 1879 3708 2073 3791; x_wconf 80' lang='grc' dir='ltr'>ἔφης,</span> <span class='ocrx_word' id='word_1_319' title='bbox 2118 3709 2176 3772; x_wconf 87' lang='grc' dir='ltr'><strong>Ψ</strong></span> <span class='ocrx_word' id='word_1_320' title='bbox 2204 3708 2326 3772; x_wconf 87' lang='grc'>387</span> <span class='ocrx_word' id='word_1_321' title='bbox 2374 3710 2437 3774; x_wconf 80' lang='grc' dir='ltr'>οἱ</span> <span class='ocrx_word' id='word_1_322' title='bbox 2481 3710 2550 3775; x_wconf 89' lang='grc' dir='ltr'>δέ</span> <span class='ocrx_word' id='word_1_323' title='bbox 2604 3710 2666 3775; x_wconf 83' lang='grc' dir='ltr'>οἱ</span> <span class='ocrx_word' id='word_1_324' title='bbox 2711 3711 3027 3793; x_wconf 83' lang='grc' dir='ltr'>ἐβλάφθη-</span> 
     </span>
     <span class='ocr_line' id='line_1_33' title="bbox 461 3807 1851 3892; baseline 0.001 -19"><span class='ocrx_word' id='word_1_325' title='bbox 461 3830 604 3892; x_wconf 88' lang='grc' dir='ltr'>ςαν,</span> <span class='ocrx_word' id='word_1_326' title='bbox 648 3807 1030 3874; x_wconf 90' lang='lat' dir='ltr'>Ascalonita</span> <span class='ocrx_word' id='word_1_327' title='bbox 1073 3810 1135 3875; x_wconf 83' lang='grc' dir='ltr'>οἱ</span> <span class='ocrx_word' id='word_1_328' title='bbox 1179 3812 1244 3875; x_wconf 80' lang='grc' dir='ltr'>δ’</span> <span class='ocrx_word' id='word_1_329' title='bbox 1289 3812 1387 3876; x_wconf 82' lang='grc' dir='ltr'>ἑοὶ</span> <span class='ocrx_word' id='word_1_330' title='bbox 1429 3810 1851 3890; x_wconf 85' lang='grc' dir='ltr'>ἑβλάφθηςαν.</span> 
     </span>
    </p>

    <p class='ocr_par' dir='ltr' id='par_1_11' title="bbox 458 3910 3025 4199">
     <span class='ocr_line' id='line_1_34' title="bbox 629 3910 3025 3997; baseline 0.003 -22"><span class='ocrx_word' id='word_1_331' title='bbox 629 3912 692 3976; x_wconf 92' lang='grc' dir='ltr'>Μ</span> <span class='ocrx_word' id='word_1_332' title='bbox 735 3910 862 3975; x_wconf 87' lang='grc'>430</span> <span class='ocrx_word' id='word_1_333' title='bbox 904 3910 1326 3975; x_wconf 86' lang='lat' dir='ltr'>Aristarchus</span> <span class='ocrx_word' id='word_1_334' title='bbox 1371 3913 1577 3996; x_wconf 87' lang='grc' dir='ltr'>πάντῃ</span> <span class='ocrx_word' id='word_1_335' title='bbox 1632 3913 1710 3991; x_wconf 88' lang='grc' dir='ltr'>δή</span> <span class='ocrx_word' id='word_1_336' title='bbox 1765 3910 2060 3997; x_wconf 89' lang='lat' dir='ltr'>scripsit,</span> <span class='ocrx_word' id='word_1_337' title='bbox 2116 3910 2456 3997; x_wconf 84' lang='lat' dir='ltr'>Tyrannio</span> <span class='ocrx_word' id='word_1_338' title='bbox 2510 3915 2579 3978; x_wconf 75' lang='grc' dir='ltr'>δ’</span> <span class='ocrx_word' id='word_1_339' title='bbox 2621 3915 2691 3997; x_wconf 80' lang='grc' dir='ltr'>ᾗ,</span> <span class='ocrx_word' id='word_1_340' title='bbox 2743 3914 2851 3980; x_wconf 85' lang='grc' dir='ltr'>ἵνα</span> <span class='ocrx_word' id='word_1_341' title='bbox 2906 3917 3025 3981; x_wconf 83' lang='grc' dir='ltr'>δύο</span> 
     </span>
     <span class='ocr_line' id='line_1_35' title="bbox 459 4011 3025 4099; baseline 0.002 -23"><span class='ocrx_word' id='word_1_342' title='bbox 459 4012 613 4091; x_wconf 87' lang='grc' dir='ltr'>μέρη</span> <span class='ocrx_word' id='word_1_343' title='bbox 669 4012 866 4089; x_wconf 91' lang='grc' dir='ltr'>λόγου</span> <span class='ocrx_word' id='word_1_344' title='bbox 923 4013 1204 4097; x_wconf 82' lang='grc' dir='ltr'>ὑπάρχῃ,</span> <span class='ocrx_word' id='word_1_345' title='bbox 1270 4013 1342 4079; x_wconf 87' lang='grc' dir='ltr'>δέ</span> <span class='ocrx_word' id='word_1_346' title='bbox 1394 4015 1497 4078; x_wconf 87' lang='grc' dir='ltr'>καὶ</span> <span class='ocrx_word' id='word_1_347' title='bbox 1559 4015 1631 4097; x_wconf 82' lang='grc' dir='ltr'>ᾖ,</span> <span class='ocrx_word' id='word_1_348' title='bbox 1695 4011 1873 4099; x_wconf 87' lang='lat' dir='ltr'>quod</span> <span class='ocrx_word' id='word_1_349' title='bbox 1929 4011 2339 4078; x_wconf 92' lang='lat' dir='ltr'>Herodianus</span> <span class='ocrx_word' id='word_1_350' title='bbox 2392 4036 2526 4080; x_wconf 92' lang='lat' dir='ltr'>non</span> <span class='ocrx_word' id='word_1_351' title='bbox 2588 4017 3025 4082; x_wconf 86' lang='lat' dir='ltr'>necessarium</span> 
     </span>
     <span class='ocr_line' id='line_1_36' title="bbox 458 4121 665 4199; baseline 0 -23"><span class='ocrx_word' id='word_1_352' title='bbox 458 4121 665 4199; x_wconf 89' lang='lat' dir='ltr'>putat.</span> 
     </span>
    </p>

    <p class='ocr_par' dir='ltr' id='par_1_12' title="bbox 456 4215 3023 4403">
     <span class='ocr_line' id='line_1_37' title="bbox 623 4215 3023 4303; baseline 0.003 -24"><span class='ocrx_word' id='word_1_353' title='bbox 623 4216 681 4279; x_wconf 89' lang='grc' dir='ltr'>Φ</span> <span class='ocrx_word' id='word_1_354' title='bbox 721 4215 848 4280; x_wconf 88' lang='grc'>583</span> <span class='ocrx_word' id='word_1_355' title='bbox 889 4216 929 4296; x_wconf 87' lang='grc' dir='ltr'>ἦ</span> <span class='ocrx_word' id='word_1_356' title='bbox 976 4217 1055 4295; x_wconf 85' lang='grc' dir='ltr'>δή</span> <span class='ocrx_word' id='word_1_357' title='bbox 1097 4215 1366 4303; x_wconf 89' lang='lat' dir='ltr'>quidam</span> <span class='ocrx_word' id='word_1_358' title='bbox 1408 4219 1529 4299; x_wconf 88' lang='grc' dir='ltr'>ἤδη</span> <span class='ocrx_word' id='word_1_359' title='bbox 1573 4217 2009 4284; x_wconf 79' lang='lat' dir='ltr'>exhibuerunt</span> <span class='ocrx_word' id='word_1_360' title='bbox 2050 4238 2178 4281; x_wconf 91' lang='lat' dir='ltr'>non</span> <span class='ocrx_word' id='word_1_361' title='bbox 2217 4219 2613 4285; x_wconf 77' lang='lat' dir='ltr'>assentiente</span> <span class='ocrx_word' id='word_1_362' title='bbox 2647 4218 3023 4285; x_wconf 87' lang='lat' dir='ltr'>Herodiano</span> 
     </span>
     <span class='ocr_line' id='line_1_38' title="bbox 456 4315 2006 4403; baseline 0.001 -23"><span class='ocrx_word' id='word_1_363' title='bbox 456 4315 540 4380; x_wconf 82' lang='lat' dir='ltr'>cf.</span> <span class='ocrx_word' id='word_1_364' title='bbox 587 4316 804 4402; x_wconf 88' lang='lat' dir='ltr'>Epim.</span> <span class='ocrx_word' id='word_1_365' title='bbox 851 4317 1065 4382; x_wconf 86' lang='lat' dir='ltr'>Cram.</span> <span class='ocrx_word' id='word_1_366' title='bbox 1113 4316 1220 4382; x_wconf 87' lang='grc' dir='ltr'>ΙΙΙ</span> <span class='ocrx_word' id='word_1_367' title='bbox 1262 4317 1419 4403; x_wconf 87' lang='grc'><strong>399,</strong></span> <span class='ocrx_word' id='word_1_368' title='bbox 1463 4319 1651 4384; x_wconf 88' lang='lat' dir='ltr'>Eust.</span> <span class='ocrx_word' id='word_1_369' title='bbox 1705 4320 1858 4401; x_wconf 82' lang='lat'><strong>153,</strong></span> <span class='ocrx_word' id='word_1_370' title='bbox 1909 4320 2006 4383; x_wconf 89' lang='lat'>11.</span> 
     </span>
    </p>

    <p class='ocr_par' dir='ltr' id='par_1_13' title="bbox 453 4418 3021 4911">
     <span class='ocr_line' id='line_1_39' title="bbox 622 4418 3017 4519; baseline 0.003 -37"><span class='ocrx_word' id='word_1_371' title='bbox 622 4419 674 4482; x_wconf 90' lang='grc' dir='ltr'>Ω</span> <span class='ocrx_word' id='word_1_372' title='bbox 717 4418 813 4519; x_wconf 46' lang='grc'><strong>45.</strong></span> <span class='ocrx_word' id='word_1_373' title='bbox 846 4420 1001 4485; x_wconf 85' lang='grc' dir='ltr'>οὐδέ</span> <span class='ocrx_word' id='word_1_374' title='bbox 1046 4421 1108 4486; x_wconf 81' lang='grc' dir='ltr'>οἱ</span> <span class='ocrx_word' id='word_1_375' title='bbox 1151 4420 1345 4487; x_wconf 87' lang='grc' dir='ltr'>αἰδὼς</span> <span class='ocrx_word' id='word_1_376' title='bbox 1373 4424 1593 4505; x_wconf 77' lang='grc' dir='ltr'>γίνετ’,</span> <span class='ocrx_word' id='word_1_377' title='bbox 1639 4423 1745 4501; x_wconf 81' lang='grc' dir='ltr'>ἥτ’</span> <span class='ocrx_word' id='word_1_378' title='bbox 1789 4422 2028 4501; x_wconf 87' lang='grc' dir='ltr'>ἄνδρας</span> <span class='ocrx_word' id='word_1_379' title='bbox 2082 4422 2241 4502; x_wconf 88' lang='grc' dir='ltr'>μέγα</span> <span class='ocrx_word' id='word_1_380' title='bbox 2273 4424 2504 4490; x_wconf 90' lang='grc' dir='ltr'>ςίνεται</span> <span class='ocrx_word' id='word_1_381' title='bbox 2542 4424 2653 4502; x_wconf 80' lang='grc' dir='ltr'>ἠδ’</span> <span class='ocrx_word' id='word_1_382' title='bbox 2698 4424 3017 4504; x_wconf 87' lang='grc' dir='ltr'>ὀνίνηςεν;</span> 
     </span>
     <span class='ocr_line' id='line_1_40' title="bbox 453 4520 3021 4609; baseline 0.004 -25"><span class='ocrx_word' id='word_1_383' title='bbox 453 4522 619 4585; x_wconf 82' lang='grc' dir='ltr'>τινὲς</span> <span class='ocrx_word' id='word_1_384' title='bbox 662 4520 970 4588; x_wconf 80' lang='grc' dir='ltr'>ἐδάςυναν</span> <span class='ocrx_word' id='word_1_385' title='bbox 1013 4524 1089 4588; x_wconf 87' lang='grc' dir='ltr'>τὸ</span> <span class='ocrx_word' id='word_1_386' title='bbox 1133 4522 1171 4600; x_wconf 88' lang='grc' dir='ltr'>ἡ</span> <span class='ocrx_word' id='word_1_387' title='bbox 1217 4524 1316 4606; x_wconf 88' lang='grc' dir='ltr'>δέ,</span> <span class='ocrx_word' id='word_1_388' title='bbox 1366 4524 1475 4589; x_wconf 80' lang='grc' dir='ltr'>ἵνα</span> <span class='ocrx_word' id='word_1_389' title='bbox 1531 4526 1569 4604; x_wconf 87' lang='grc' dir='ltr'>ἡ</span> <span class='ocrx_word' id='word_1_390' title='bbox 1623 4524 1817 4589; x_wconf 86' lang='grc' dir='ltr'>αἰδὼς</span> <span class='ocrx_word' id='word_1_391' title='bbox 1874 4527 2048 4604; x_wconf 87' lang='grc' dir='ltr'>διττὴ</span> <span class='ocrx_word' id='word_1_392' title='bbox 2105 4526 2356 4609; x_wconf 85' lang='grc' dir='ltr'>ὑπάρχῃ</span> <span class='ocrx_word' id='word_1_393' title='bbox 2414 4527 2452 4604; x_wconf 83' lang='grc' dir='ltr'><strong>ἡ</strong></span> <span class='ocrx_word' id='word_1_394' title='bbox 2496 4529 2611 4607; x_wconf 83' lang='grc' dir='ltr'>μὲν</span> <span class='ocrx_word' id='word_1_395' title='bbox 2658 4527 3021 4607; x_wconf 90' lang='grc' dir='ltr'>βλάπτουςα</span> 
     </span>
     <span class='ocr_line' id='line_1_41' title="bbox 453 4620 3017 4713; baseline 0.003 -27"><span class='ocrx_word' id='word_1_396' title='bbox 453 4620 491 4698; x_wconf 85' lang='grc' dir='ltr'>ἡ</span> <span class='ocrx_word' id='word_1_397' title='bbox 537 4624 609 4687; x_wconf 80' lang='grc' dir='ltr'>δὲ</span> <span class='ocrx_word' id='word_1_398' title='bbox 651 4621 1017 4702; x_wconf 84' lang='grc' dir='ltr'>ὠφελοῦςα·</span> <span class='ocrx_word' id='word_1_399' title='bbox 1075 4623 1279 4689; x_wconf 84' lang='grc' dir='ltr'>οὕτως</span> <span class='ocrx_word' id='word_1_400' title='bbox 1333 4626 1405 4703; x_wconf 72' lang='grc' dir='ltr'>δὲ</span> <span class='ocrx_word' id='word_1_401' title='bbox 1458 4627 1561 4691; x_wconf 80' lang='grc' dir='ltr'>καὶ</span> <span class='ocrx_word' id='word_1_402' title='bbox 1603 4625 1642 4690; x_wconf 84' lang='grc' dir='ltr'>ὁ</span> <span class='ocrx_word' id='word_1_403' title='bbox 1687 4625 2020 4706; x_wconf 85' lang='grc' dir='ltr'>Εὐριπίδης</span> <span class='ocrx_word' id='word_1_404' title='bbox 2067 4624 2299 4713; x_wconf 89' lang='lat' dir='ltr'>(Hipp.</span> <span class='ocrx_word' id='word_1_405' title='bbox 2344 4626 2499 4712; x_wconf 85' lang='grc'><strong>385)</strong></span> <span class='ocrx_word' id='word_1_406' title='bbox 2558 4629 2883 4696; x_wconf 79' lang='grc' dir='ltr'>ἐξεδέξατο</span> <span class='ocrx_word' id='word_1_407' title='bbox 2935 4631 3017 4694; x_wconf 87' lang='grc' dir='ltr'>εἰ-</span> 
     </span>
     <span class='ocr_line' id='line_1_42' title="bbox 453 4724 3017 4816; baseline 0.005 -30"><span class='ocrx_word' id='word_1_408' title='bbox 453 4725 597 4788; x_wconf 84' lang='grc' dir='ltr'>πὼν</span> <span class='ocrx_word' id='word_1_409' title='bbox 641 4725 850 4790; x_wconf 83' lang='grc' dir='ltr'>διττάς</span> <span class='ocrx_word' id='word_1_410' title='bbox 894 4724 1059 4791; x_wconf 85' lang='grc' dir='ltr'>εἶναι</span> <span class='ocrx_word' id='word_1_411' title='bbox 1102 4725 1337 4792; x_wconf 85' lang='grc' dir='ltr'>αἰδούς.</span> <span class='ocrx_word' id='word_1_412' title='bbox 1426 4728 1685 4793; x_wconf 89' lang='grc' dir='ltr'>δύναιτο</span> <span class='ocrx_word' id='word_1_413' title='bbox 1740 4728 1808 4792; x_wconf 80' lang='grc' dir='ltr'>δ&gt;</span> <span class='ocrx_word' id='word_1_414' title='bbox 1852 4728 1931 4794; x_wconf 87' lang='grc' dir='ltr'>ἂν</span> <span class='ocrx_word' id='word_1_415' title='bbox 1974 4728 2015 4806; x_wconf 85' lang='grc' dir='ltr'><strong>ἡ</strong></span> <span class='ocrx_word' id='word_1_416' title='bbox 2058 4729 2218 4808; x_wconf 84' lang='grc' dir='ltr'>αὐτὴ</span> <span class='ocrx_word' id='word_1_417' title='bbox 2276 4729 2435 4795; x_wconf 86' lang='grc' dir='ltr'>οὖςα</span> <span class='ocrx_word' id='word_1_418' title='bbox 2478 4736 2567 4816; x_wconf 84' lang='grc' dir='ltr'>πῇ</span> <span class='ocrx_word' id='word_1_419' title='bbox 2622 4732 2737 4810; x_wconf 80' lang='grc' dir='ltr'>μὲν</span> <span class='ocrx_word' id='word_1_420' title='bbox 2783 4731 3017 4813; x_wconf 79' lang='grc' dir='ltr'>ὠφέλι·</span> 
     </span>
     <span class='ocr_line' id='line_1_43' title="bbox 455 4823 1363 4911; baseline 0.007 -24"><span class='ocrx_word' id='word_1_421' title='bbox 455 4843 571 4902; x_wconf 88' lang='grc' dir='ltr'>μος</span> <span class='ocrx_word' id='word_1_422' title='bbox 619 4823 780 4890; x_wconf 85' lang='grc' dir='ltr'>εἶναι</span> <span class='ocrx_word' id='word_1_423' title='bbox 823 4833 912 4911; x_wconf 83' lang='grc' dir='ltr'>πῇ</span> <span class='ocrx_word' id='word_1_424' title='bbox 958 4828 1029 4892; x_wconf 78' lang='grc' dir='ltr'>δὲ</span> <span class='ocrx_word' id='word_1_425' title='bbox 1073 4828 1363 4908; x_wconf 90' lang='grc' dir='ltr'>βλαβερά.</span> 
     </span>
    </p>
   </div>
  </div>
 </body>
</html>
