3664 5546
1153 403 1311 459 ιτεΡι
1353 401 1744 459 κΑοοΛικΗς
1780 402 2202 458 ιτΡοςΩιΔιΑς
2241 403 2296 457 Β.
2694 380 2703 387 ’
2934 403 3019 468 45

432 576 550 654 τήν
596 576 794 657 λέξιν,
839 577 1126 654 Δίδυμος
1154 578 1227 640 δέ
1257 597 1446 656 φηςιν
1491 577 1643 641 τοὺς
1689 575 1971 641 ἀςθενεῖς
2004 579 2344 653 ςπινθῆρας
2378 577 2620 653 δηλοῦν
2654 576 2770 653 τὴν
2817 575 3018 642 λέξιν·

434 677 560 742 ἔςτι
618 679 687 742 δὲ
744 677 873 742 ἀπὸ
932 682 1047 743 τοῦ
1102 678 1403 758 ψεφάλυξ
1459 679 1562 744 καὶ
1615 680 1759 743 κατ’
1814 677 2145 758 ἀφαίρεςιν
2210 681 2321 755 τῆς
2375 678 2632 756 πρώτης
2688 680 3015 757 ςυλλαβῆς.

435 778 704 863 ἄντυξ,
754 779 1029 859 βλέκυξ
1073 780 1113 859 ὴ
1159 781 1472 863 φλυαρία,
1530 780 1796 863 ὄρτυξ,
1852 780 2072 862 ὄρυξ,
2129 779 2439 862 κόκκυξ,
2487 779 2792 857 Μόρτυξ
2852 785 3016 859 βαςι·

436 881 584 946 λεὺς
643 881 1075 964 Κερκυραίων,
1131 881 1404 962 φάρυξ.
1505 882 1818 962 γράφεται
1889 884 1960 946 δὲ
2017 882 2209 961 χωρὶς
2275 885 2391 946 τοῦ
2448 885 2487 957 γ
2541 882 2581 959 ἡ
2637 882 2853 946 εὐθεῖα
2916 883 3018 947 καὶ

434 983 473 1061 ἡ
531 984 744 1061 γενικὴ
799 984 892 1047 δι’
935 983 1081 1049 ἑνὸς
1124 988 1165 1060 γ
1212 983 1544 1063 «φάρυγος
1599 985 1665 1049 δ’
1709 984 1994 1050 ἐξέςςυτο
2052 981 2273 1048 οἶνος»
2332 980 2487 1065 (Od.
2537 1003 2554 1045 ι
2599 981 2771 1066 373).
2862 1002 3013 1061 μαρ-
3041 991 3074 1041 5

432 1089 610 1163 τυρεῑ
653 1086 724 1149 δὲ
765 1092 843 1171 τῇ
889 1086 980 1150 δι’
1025 1086 1171 1152 ἑνὸς
1214 1090 1252 1162 Ῠ
1308 1093 1526 1171 γραφῇ
1580 1090 1691 1165 τῆς
1750 1085 2045 1166 φάρυγος
2107 1086 2208 1149 καὶ
2261 1085 2337 1149 τὸ
2392 1084 2832 1164 φαρύγεθρον·
2889 1084 3014 1149 ἔςτι

435 1187 536 1251 καὶ
565 1187 642 1251 αἱ
686 1188 973 1266 Φαρύγαι
1018 1189 1224 1253 τόπου
1269 1188 1493 1268 ὄνομα.
1579 1189 1681 1253 καὶ
1726 1187 2068 1267 ἀρςενικῶς
2112 1189 2227 1266 μὲν
2281 1187 2456 1265 παρὰ
2498 1186 2845 1268 Δωριεῦςι,
2907 1190 3014 1264 θη-

435 1292 640 1354 λυκῶς
684 1290 755 1353 δὲ
799 1291 973 1368 παρὰ
1019 1291 1368 1369 Ἀθηναίοις
1413 1291 1675 1366 λέγεται.
1767 1290 2062 1355 ςτόνυξ.
2151 1288 2367 1370 ὄνυξ,
2426 1285 2636 1369 ἴυγξ,
2694 1287 3014 1369 λάρυγξ,

433 1390 841 1468 ςτόρθυγξ·
887 1392 1166 1471 ςημαίνει
1224 1394 1295 1457 δὲ
1352 1395 1481 1457 πᾶν
1537 1392 1625 1457 εἰς
1679 1391 1792 1459 ὀξὺ
1853 1394 2070 1469 λῆγον.
2159 1392 2435 1456 Ἰᾶπυξ·
2492 1388 2618 1453 ἔςτι
2676 1390 2748 1454 δὲ
2803 1389 3013 1471 ἔθνος,

432 1494 672 1560 Ἰᾶζυξ
738 1493 927 1559 ἔθνος
994 1494 1409 1576 Εὐρωπαῖον,
1487 1494 1935 1572 ςπινθάρυξ.
2044 1491 2438 1572 ταρβάλυξ
2513 1490 2551 1555 ὁ
2621 1492 3014 1573 ταρακτικός,
3058 1501 3118 1551 10

431 1616 532 1659 πο
549 1595 875 1674 μφόλυξ.
965 1595 1322 1675 ἀμάρυγξ
1368 1595 1474 1661 ἐπὶ
1516 1595 1774 1661 ἀκτῖνος
1817 1598 1920 1661 καὶ
1966 1594 2377 1676 λαμπηδόνος
2435 1595 2537 1659 καὶ
2591 1592 2839 1674 ὄφεως·
2899 1595 3017 1659 ὡς·

433 1698 644 1762 αύτως
689 1699 759 1762 δὲ
804 1699 1030 1762 καὶτὰ
1075 1699 1367 1764 ςύνθετα·
1418 1698 1904 1780 Κολοῖφρυξ,
1951 1697 2272 1779 ἑπῆλυξ,
2331 1698 2735 1802 κ’(ιταῖτυξ,
2780 1716 3016 1761 τανυ-

436 1800 759 1882 πτέρυξ,
805 1805 1125 1884 διῶνυξ,
1175 1804 1569 1885 μονῶνυξ,
1616 1805 1900 1882 μῶνυξ,
1947 1799 2310 1880 ἀκρόνυξ,
2359 1797 2708 1880 εἰνάνυξ,
2755 1798 3016 1866 ἔννυξ.

431 1902 766 1981 μεςόνυξ
811 1899 901 1967 εἷς
945 1907 1076 1968 τῶν
1132 1904 1477 1981 πλανήτων
1521 1904 1696 1981 παρὰ
1739 1905 1878 1967 τοῖς
1921 1900 2415 1980 Πυθαγορείοις·
2462 1900 2765 1980 μέμνηται
2811 1898 3018 1979 (τηςί-

431 2024 644 2083 χορος.
720 2009 1043 2087 διῶρυξ,
1116 2010 1541 2086 τετρῶρυξ,
1607 2005 1954 2087 πρόφυξ,
2019 2004 2411 2085 πρόςφυξ,
2482 2001 2697 2084 ἄζυξ,
2770 2002 3018 2084 δίζυξ,
3060 2011 3120 2063 15

432 2107 690 2189 ςύζυξ,
738 2105 1037 2186 ὸμόζυξ.
1067 2142 1154 2153 -
1183 2106 1272 2171 Τὸ
1318 2108 1389 2172 δὲ
1434 2107 1720 2184 πτερύξ
1765 2106 2163 2185 ςεςημείωται
2210 2105 2337 2169 ὑπὸ
2384 2104 2791 2184 Ἀριςτάρχου
2834 2104 3017 2171 ὀξυν-

431 2211 544 2274 θὲν
589 2209 693 2273 διὰ
735 2210 811 2273 τὸ
857 2208 1110 2274 ἐννοίας
1153 2213 1539 2288 περιεκτικῆς
1583 2206 1774 2273 εἶναι·
1834 2208 2005 2273 οὕτω
2049 2207 2202 2289 γάρ,
2248 2205 2469 2288 φηςίν,
2528 2205 2897 2286 ἀνέγνωμεν
2944 2206 3015 2272 ἐν

430 2317 508 2395 τῇ
567 2311 612 2374 Β
669 2309 970 2395 ῥαψῳδίᾳ
1016 2309 1108 2395 (v.
1155 2309 1324 2394 316),
1369 2311 1725 2389 «πτερύγος
1782 2310 1976 2390 λάβεν
2032 2309 2486 2391 ἀμφιαχυῖαν».
2588 2308 2650 2373 οἱ
2705 2310 2775 2373 δὲ
2830 2307 3018 2373 ἄλλοι

431 2413 1031 2492 προπαροξύνουςιν
1076 2414 1150 2477 τὸ
1196 2414 1513 2491 πτέρυγος
1559 2413 1647 2478 ὡς
1693 2412 1982 2491 ὄρτυγος.

600 2515 692 2579 Τὰ
736 2514 824 2579 εἰς
867 2501 950 2594 ᾖξ’
986 2516 1065 2594 μὴ
1111 2514 1271 2580 ὄντα
1314 2516 1579 2581 ςύνθετα
1622 2515 1939 2579 ἐπιθετικὰ
1983 2514 2349 2596 βαρύνεται,
2397 2514 2723 2592 μύρμηξ·
2769 2511 2897 2576 ἔςτι
2941 2513 3016 2576 δὲ
3051 2523 3119 2573 ‘20

431 2620 536 2683 καὶ
579 2618 799 2696 κύριον
847 2618 1109 2696 Μύρμηξ
1154 2617 1193 2695 ἡ
1240 2616 1618 2697 Ἐπιμηθέως
1672 2617 1866 2698 γυνή,
1928 2616 2253 2699 ςκώληξ,
2310 2614 2635 2696 νάρθηξ,
2689 2612 3015 2696 κάχληξ,

433 2719 768 2800 ἀλώπηξ.
856 2718 1110 2800 Ζάρηξ
1168 2720 1354 2785 πόλις
1397 2719 1724 2798 Λακωνικὴ
1781 2719 1946 2798 πρὸς
2002 2724 2077 2803 τῇ
2134 2716 2406 2801 θαλάςςῃ
2461 2717 2562 2781 καὶ
2623 2715 2794 2794 ἥρως
2839 2717 3013 2796 Ἀθη-

432 2826 646 2905 ναῖος,
682 2819 773 2888 ῶς
800 2823 1162 2887 Παυςανίας
1192 2822 1263 2888 ἐν
1293 2823 1533 2907 πρώτῳ
1564 2822 1647 2907 (c.
1678 2822 1783 2902 38,
1813 2820 1884 2904 4)
1934 2821 2101 2886 «ἔςτι
2145 2821 2247 2886 καὶ
2275 2820 2745 2885 Ἱπποθόωντος
2775 2819 3014 2905 ἡρῷον,

432 2924 558 3004 ἀφ’
588 2923 667 2989 οὗ
710 2927 827 3004 τὴν
872 2926 1086 3005 φυλὴν
1131 2923 1512 3004 ὀνομάζουςι
1558 2926 1660 2989 καὶ
1703 2924 1969 3003 πληςίον
2000 2922 2341 3002 Ζάρηκος».
2401 2922 2663 3000 Ζαύηξ
2693 2921 2882 2987 ἔθνος
2912 2920 3014 2985 Λι-

435 3028 601 3107 βύης.
660 3026 1009 3105 Ἡρόδοτος
1053 3026 1109 3092 δ’
1154 3025 1240 3109 (c.
1293 3027 1459 3112 193).
1519 3026 1852 3105 «Ζαύηκος
1896 3026 2124 3092 ἔθνος»
2172 3024 2493 3090 Ἑκαταῖος
2539 3024 2610 3088 ἐν
2654 3023 3014 3102 περιηγήςει
3050 3033 3116 3083 25

431 3129 646 3195 Ἀςίας.
714 3130 958 3208 πήληξ
1003 3131 1105 3193 καὶ
1147 3130 1414 3209 Πήληξ
1460 3133 1657 3208 δῆμος
1699 3133 1810 3209 τῆς
1856 3128 2195 3194 Λεοντίδος
2240 3130 2449 3207 φυλῆς
2493 3127 2596 3190 καὶ
2639 3125 2677 3190 ὁ
2722 3126 3014 3207 δημότης.

433 3383 611 3450 Ἔρυξ,
653 3383 851 3450 Ἰᾶπυξ,
891 3402 956 3437 ex
995 3403 1059 3437 eo
1095 3392 1447 3438 accesserunt
1487 3386 1650 3441 Ἰἃζυξ
1700 3393 1758 3438 et
1798 3385 2145 3464 ΚολοῖφρυΞ
2180 3384 2216 3437 l.
2255 3388 2318 3435 12
2354 3384 2616 3436 καταῖτυξ
2653 3400 2721 3435 ex
2755 3383 2819 3434 11.
2846 3384 2935 3434 Pr.
2973 3382 3014 3436 Κ

433 3473 532 3522 258
565 3470 600 3534 ή
640 3472 903 3523 καταῖτυξ
953 3474 1420 3535 προπεριςπᾶται·
1467 3469 1654 3524 πάντα
1699 3471 1805 3536 γὰρ
1851 3469 1924 3522 τὰ
1968 3469 2046 3523 είς
2084 3472 2146 3522 υξ
2194 3469 2474 3528 ςυςτέλλει
2509 3467 2578 3519 τὸ
2616 3470 2678 3530 ῦ,
2715 3466 2788 3519 τὰ
2825 3467 3015 3531 μέντοι

435 3538 521 3590 διὰ
556 3541 658 3590 ‘roo
695 3542 728 3590 ἱ
764 3538 1065 3603 κλινόμενα
1103 3537 1337 3591 ἐκτείνει
1374 3538 1556 3592 ἐνίοτε
1591 3539 1662 3591 τὸ
1696 3543 1728 3590 U
1777 3539 1871 3591 ἐπὶ
1916 3541 2039 3590 τῶν
2073 3537 2268 3590 ἄλλων
2317 3536 2596 3589 πτώςεων
2642 3533 2767 3588 οἷον
2814 3535 3013 3600 βόμβυ-

434 3621 546 3672 κος,
584 3606 848 3672 κήρυκος·
883 3606 954 3658 τὸ
989 3606 1095 3672 γὰρ
1131 3607 1370 3673 «κήρυκι
1409 3606 1724 3675 Ἠπυτίδῃ»
1761 3608 1851 3672 (ΙΙ.
1890 3611 1969 3670 17,
2006 3609 2127 3670 324)
2166 3605 2525 3658 ςυνέςταλται
2562 3604 2648 3657 διὰ
2683 3605 2753 3657 τὸ
2792 3603 3012 3668 μέτρον.

433 3702 496 3712 ——
534 3675 568 3727 1.
599 3679 659 3726 13
686 3674 904 3728 εἰνάνυξ
931 3692 997 3726 ex
1024 3677 1089 3731 11.
1115 3678 1204 3727 Pr.
1236 3674 1248 3728 Ι
1274 3679 1398 3729 47οε
1426 3673 1734 3740 εἰνάνυχες·
1774 3674 1853 3727 ὡς
1890 3674 2212 3739 μονώνυχες
2246 3673 2354 3726 ἀπ’
2389 3671 2608 3725 εὐθείας
2641 3675 2745 3736 τῆς
2780 3671 3015 3726 εἰνάνυξ.

565 3744 599 3794 l.
634 3746 666 3793 4
706 3744 772 3795 de
810 3746 1080 3808 scriptura
1116 3745 1264 3795 vocis
1300 3743 1480 3809 φάρυξ
1517 3761 1586 3795 ex
1621 3744 1869 3810 Theogn.
1906 3747 1989 3805 40,
2026 3747 2058 3794 2
2095 3742 2294 3809 φάρυξ,
2332 3741 2487 3794 οὕτω
2524 3741 2630 3805 γὰρ
2667 3740 2699 3792 δ
2737 3755 2801 3792 τε
2840 3739 3012 3805 Ἡρω-

434 3811 619 3862 διανὸς
657 3813 748 3862 καί
785 3809 838 3863 ot
882 3812 1068 3864 λοιποί
1113 3813 1482 3877 γραμματικοὶ
1529 3813 1699 3878 χωρίς
1734 3815 1839 3864 τοῠ
1876 3816 1911 3875 T
1956 3812 2065 3876 τὴν
2112 3810 2337 3863 εὐθεῖαν
2382 3810 2473 3862 καὶ
2518 3809 2626 3873 τὴν
2670 3809 2900 3872 γενικὴν
2936 3807 3015 3859 δι’

436 3878 559 3931 ἑνὸς
596 3883 632 3942 γ’·
667 3886 725 3930 et
761 3881 1018 3930 Eustath.
1061 3882 1213 3943 1630,
1252 3885 1317 3931 23
1354 3879 1420 3945 ἦς
1458 3880 1557 3944 (sc.
1592 3883 1694 3945 τῆς
1732 3879 2007 3945 φάρυγος)
2045 3880 2247 3931 κοινῶς
2294 3878 2397 3943 μὲν
2434 3877 2622 3929 εὐθεῖα
2667 3874 2885 3940 φάρυγξ
2923 3877 3013 3927 καὶ

433 3949 622 4011 γενικὴ
659 3945 946 4012 φάρυγγος
985 3947 1063 3999 ὡς
1099 3946 1305 4010 ἴυγγος.
1375 3947 1562 4001 ἄλλως
1609 3949 1669 4000 δὲ
1706 3947 1887 4013 φάρυξ
1924 3946 2174 4011 φάρυγος
2212 3944 2290 3998 ὡς
2327 3945 2567 4007 ἄντυγος
2608 3941 2873 4006 Ἰάπυγος.
2942 3943 3014 3994 τὰ

432 4017 569 4078 γοῦν
605 4013 961 4080 ἀκριβέςτερα
997 4016 1118 4067 τῶν
1155 4014 1522 4081 ἀντιγράφων
1568 4016 1656 4069 διὰ
1698 4016 1768 4068 τὸ
1807 4015 2292 4080 εὐμετρητότερον
2328 4012 2621 4078 «φάρυγος
2665 4011 2722 4063 δ’
2759 4010 3013 4063 ἐξέςςυτο

433 4083 630 4136 οἶνος»
667 4082 816 4149 φηςί.
889 4085 978 4135 καὶ
1014 4084 1126 4147 ἔχει
1163 4083 1306 4135 αὐτὸ
1343 4082 1677 4149 ςυνηγορίαν
1715 4084 1804 4135 καί
1852 4083 1914 4136 ἐκ
1959 4085 2081 4134 τῶν
2120 4082 2494 4147 Ἡρωδιανοῦ,
2543 4079 2606 4131 ὃς
2654 4078 2715 4131 ἐν
2760 4082 2845 4130 τῶ
2884 4080 3012 4143 περὶ

431 4154 531 4203 τοῠ
570 4151 699 4204 ςτύξ
737 4151 936 4214 ςτυγός
975 4151 1390 4215 μονοςυλλάβου
1427 4152 1594 4216 οὔςης
1631 4150 1850 4205 εὐθείας
1887 4150 2029 4203 κατὰ
2064 4149 2132 4201 τὸ
2168 4150 2302 4214 τρύξ
2338 4148 2543 4214 τρυγός
2580 4133 2885 4210 ἐπαγαγὼν
2922 4147 3012 4198 καί

433 4218 573 4283 ὑπὲρ
611 4217 741 4284 μίαν
791 4220 1069 4284 ςυλλαβὴν
1113 4219 1182 4271 τὸ
1232 4219 1402 4271 ἄντυξ
1448 4219 1688 4283 ἄντυγος
1735 4219 2013 4284 ἐπιφέρει·
2052 4217 2207 4270 οὕτω
2254 4217 2343 4269 καὶ
2388 4217 2422 4280 ὴ
2473 4215 2795 4280 πομφόλυξ·
2843 4213 2899 4267 ἐξ
2943 4213 3011 4266 οὖ

434 4286 604 4351 δῆλον
641 4287 730 4339 ὅτι
780 4288 842 4339 ἑν
876 4291 962 4354 τῷ
1009 4285 1224 4353 φάρυγξ
1271 4289 1361 4340 καὶ
1408 4288 1742 4352 πομφόλυγξ
1787 4286 1923 4340 ἴςως
1968 4287 2030 4338 δὲ
2076 4286 2165 4338 καί
2211 4285 2273 4337 ἑν
2316 4288 2436 4336 τοῖς
2481 4281 2693 4347 ὁμοίοις
2738 4282 2800 4335 ἐκ
2846 4284 3011 4334 πλεο-

434 4358 638 4418 ναςμοῦ
678 4355 921 4418 ἔγκειται
956 4355 1025 4407 τὸ
1061 4358 1111 4406 V.
1167 4359 1431 4421 μαρτυρεῖ
1467 4355 1527 4408 δὲ
1561 4359 1632 4422 τῇ
1671 4356 1752 4407 δι’
1788 4355 1917 4408 ἑνὸς
1951 4359 1987 4418 γ
2020 4357 2209 4420 γραφῇ
2246 4355 2350 4418 τῆς
2386 4351 2637 4417 φάρυγος
2674 4352 2763 4403 καί
2799 4350 2869 4402 τὸ
2905 4365 3010 4417 φα-

435 4422 704 4489 ρύγεθρον
749 4424 841 4476 καὶ
890 4423 1152 4489 Φαγύρου
1196 4424 1380 4476 τόπου
1426 4423 1605 4487 ὄνομα
1652 4426 1721 4478 cf.
1759 4426 1885 4486 229,
1922 4418 2008 4474 40’.
2215 4424 2248 4473 l.
2290 4425 2351 4473 16
2396 4422 2644 4486 exceptio
2688 4420 2757 4470 de
2802 4419 3010 4483 πτερύξ

437 4498 646 4556 sumpta
684 4499 772 4544 est
811 4508 878 4542 ex
917 4492 1171 4545 Eustath.
1207 4495 1324 4555 229,
1362 4495 1428 4543 40
1472 4493 1542 4542 cf.
1580 4494 1682 4557 Ep.
1722 4493 1881 4543 Hom.
1917 4493 2036 4554 355,
2074 4494 2134 4553 8,
2174 4491 2368 4542 Choer.
2403 4491 2549 4541 Diet.
2587 4491 2669 4550 81,
2713 4491 2801 4545 13,
2836 4489 2900 4538 E.
2936 4488 3009 4537 M.

437 4561 547 4622 674,
584 4563 675 4624 20,
726 4561 921 4612 Choer.
967 4562 1071 4625 Ep.
1118 4562 1175 4611 in
1220 4559 1419 4612 Psalm.
1469 4563 1590 4624 125,
1627 4563 1720 4622 20,
1766 4559 1971 4610 Anecd.
2009 4559 2186 4610 Paris.
2233 4559 2319 4610 111
2354 4559 2480 4619 280,
2522 4559 2608 4618 16,
2645 4557 2725 4608 lv
2759 4555 2886 4619 337,
2924 4558 3009 4620 22,

437 4643 609 4697 Lehrs
648 4645 716 4695 de
752 4645 923 4695 Arist.
960 4648 1056 4696 301
1070 4643 1106 4695 ².
1210 4645 1245 4694 l.
1281 4643 1348 4695 20
1382 4659 1558 4695 canon
1596 4644 1662 4694 de
1699 4661 1840 4697 nom.
1881 4646 1936 4694 in
1973 4645 2038 4710 ηξ
2077 4659 2145 4694 ex
2180 4643 2299 4694 Arc.
2328 4645 2409 4705 19,
2447 4644 2504 4701 33
2542 4639 2781 4705 Μύρμηξ
2817 4638 3009 4704 κύριον

441 4714 668 4763 accessit
704 4729 772 4763 ex
808 4712 886 4767 st.
925 4714 988 4763 B.
1025 4716 1150 4776 373,
1191 4715 1279 4776 17,
1316 4711 1551 4778 νάρθηξ,
1599 4710 1807 4777 κάχληξ
1856 4728 1924 4762 ex
1958 4713 2199 4777 Theogn.
2237 4714 2330 4775 40,
2369 4713 2457 4770 18,
2502 4705 2687 4773 Ζάρηξ
2726 4717 2783 4759 et
2818 4707 3007 4772 Ζαύηξ

442 4794 505 4828 ex
539 4780 619 4831 St.
653 4780 736 4843 Β.,
776 4778 962 4845 πήληξ
1000 4780 1191 4832 Choer.
1229 4783 1345 4844 342,
1369 4779 1467 4843 25,
1503 4777 1702 4845 Πήληξ
1741 4797 1807 4831 ex
1847 4780 1927 4831 st.
1950 4781 2013 4830 B.
2040 4782 2158 4843 520,
2194 4782 2277 4843 24,
2314 4779 2407 4829 ubi
2440 4776 2513 4829 τὰ
2547 4775 2755 4827 τοπικὰ
2790 4774 2853 4828 ἐν
2889 4774 3009 4841 Πή-

441 4845 560 4910 ληκι
595 4846 674 4900 εἰς
709 4846 953 4913 Πήληκα
997 4846 1060 4899 ἐκ
1095 4846 1387 4913 Πηλήκων
1434 4848 1525 4899 καὶ
1572 4848 1893 4911 θαυμαςτὸν
1938 4850 2139 4911 τοῦτο,
2187 4846 2274 4898 ὅτι
2322 4846 2354 4898 ό
2400 4845 2574 4910 δῆμος
2611 4845 3008 4909 πληθυντικῶς

442 4913 680 4980 λέγεται,
720 4914 919 4967 ἑνικῶς
954 4914 1015 4967 δὲ
1051 4916 1123 4967 τὰ
1156 4914 1374 4968 τοπικά.
1423 4918 1588 4968 Mein.
1626 4923 1861 4969 annotat
1896 4917 2062 4968 etiam
2100 4915 2301 4968 ’ἑνικῶς
2340 4914 2541 4964 dictum
2580 4913 2751 4964 fuisse
2788 4919 3010 4981 praeter
