3664 5546
1120 348 1278 440 Περι
1322 381 1712 438 κΑοοΛικΗς
1750 381 2173 444 προςΩιΔιΑς
2212 383 2268 437 Β.
2886 380 2972 448 43

391 557 786 639 ἀποςφάξ,
833 555 1196 638 διαςφάξ,
1244 554 1809 636 βλεφαροςπάξ
1855 554 2520 635 καὶφιτροβαςτάξ
2564 556 2972 635 καὶνεκρο-

395 660 691 742 βαςτάξ.
781 659 855 724 τὸ
902 659 972 723 δὲ
1016 659 1300 740 ’Άςφαξ
1348 658 1684 738 βαρύνεται
1732 657 1822 722 ὡς
1866 657 2134 723 ἐθνικόν.
2216 659 2304 738 ’μή
2350 678 2442 722 τις
2487 659 2558 722 δὲ
2601 659 2842 739 Ἄςφαξ
2895 661 2971 725 τὸ

393 763 581 828 ἔθνος
623 762 726 826 καὶ
768 762 841 826 τὸ
886 762 1157 839 Ἀτραξ
1201 761 1276 825 τὸ
1322 761 1543 838 κύριον
1589 759 1893 825 ςύνθετον
1939 759 2192 839 οἰηθείη.
2264 761 2439 824 ἁπλᾶ
2466 760 2589 839 γάρ
2619 762 2799 826 ἐςτιν.
2872 763 2974 826 καὶ

392 866 466 930 τὸ
513 866 627 944 μὲν
670 865 910 942 Ἀςφαξ
955 863 1118 928 ἑςτὶν
1164 862 1353 927 ἔθνος
1396 862 1717 927 ἐποικίςαν
1761 865 1877 941 τὴν
1916 863 2188 941 Κύπρον.
2249 861 2287 927 ὁ
2332 864 2404 927 δὲ
2432 863 2659 942 Ἄτραξ
2688 865 2972 942 Πηνειοῦ

394 968 495 1032 καὶ
540 966 787 1044 Βούρας
832 967 1012 1046 παῖς,
1059 964 1184 1046 ἀφ’
1227 963 1306 1029 οὗ
1351 965 1538 1029 πόλις
1582 964 1920 1030 Θεςςαλίας
1964 968 2267 1030 κτιςθεῑςα
2323 965 2554 1044 ἐκλήθη
2598 966 2825 1044 Ἀτραξ
2870 968 2973 1031 καὶ
3000 973 3033 1023 5

394 1069 698 1147 Ἀτρακία.
759 1068 862 1131 καὶ
890 1067 965 1131 τὸ
997 1066 1248 1131 ἐθνικόν
1277 1068 1505 1146 Ἄτραξ
1537 1067 1875 1147 ὁμοφωνεῑ
1902 1073 1977 1150 τῇ
2008 1068 2209 1132 πόλει.
2269 1067 2629 1149 Λυκόφρων
2659 1066 2753 1152 (v,
2780 1066 2973 1151 1309)

397 1173 538 1236 «καὶ
581 1170 920 1248 δευτέρους
965 1167 1263 1248 ἔπεμψαν
1305 1169 1615 1247 Ἄτρακας
1664 1169 1897 1234 λύκους
1913 1192 1958 1233 ».
2726 1233 2737 1246 ,

565 1273 682 1337 Τὰ]
715 1271 802 1336 εἰς
854 1257 926 1338 ἒξ
984 1269 1269 1350 ὀνόματα
1325 1270 1689 1353 βαρύνεται,
1733 1271 2010 1354 Λέλεξ,
2059 1272 2200 1350 Βέρ
2219 1279 2292 1338 εξ
2347 1272 2536 1338 ἔθνος
2592 1272 2818 1352 μεταξὺ
2866 1273 2973 1337 Ἰν-

395 1377 532 1440 δίας
576 1376 679 1442 καὶ
706 1373 1030 1438 Αἰθιοπίας
1076 1373 1165 1439 ὡς
1206 1372 1597 1452 Τιμοκράτης
1641 1373 1678 1437 ὸ
1712 1375 2244 1456 Ἀδραμυττηνὸς,
2291 1374 2586 1457 ἐπίτεξ,
2632 1375 2973 1456 ἀγχίτεξ,

395 1477 819 1543 πινυτάλεξ
864 1477 967 1540 καὶ
1009 1475 1068 1541 εἴ
1109 1496 1165 1539 τι
1211 1476 1456 1555 ὅμοιον.
3014 1480 3076 1530 10

563 1579 656 1643 Τὰ
717 1579 806 1643 εἰς
871 1565 953 1644 ὀξ
1008 1578 1292 1656 ὀνόματα
1358 1579 1767 1657 βαρύνονται·
1842 1578 2075 1644 ςπάνια
2140 1580 2211 1644 δέ
2273 1579 2455 1644 εἰςιν·
2520 1580 2974 1662 Ἀλλόβροξ,

397 1682 586 1746 ἔθνος
632 1683 670 1746 Γ
673 1680 1001 1747 αλατικόν·
1045 1680 1371 1759 Πολύβιος
1415 1682 1485 1744 δὲ
1531 1680 1635 1745 διὰ
1677 1684 1794 1745 τοῦ
1842 1685 1875 1743 ἰ’
1922 1682 2160 1746 αὐτοὺς
2203 1685 2383 1746 καλεῖ
2426 1683 2831 1762 Ἀλλόβριγας
2875 1684 2977 1746 καὶ

399 1785 700 1848 ὡςαύτως
765 1785 836 1848 δὲ
901 1783 964 1848 οἱ
1029 1783 1323 1862 πλείους,
1383 1782 1873 1866 Ἀπολλόδωρος
1938 1785 2011 1848 δὲ
2084 1784 2188 1849 διὰ
2246 1788 2363 1849 τοῦ
2431 1787 2468 1849 ὖ
2529 1785 2976 1865 Ἀλλόβρυγας,

400 1886 652 1964 Χάραξ
697 1888 767 1951 δὲ
813 1885 916 1950 διὰ
962 1889 1076 1949 τοῦ
1122 1889 1159 1948 ὃ
1205 1883 1646 1963 Ἀλλόβρογας.
1707 1884 1872 1951 ἴςοξ
1920 1885 2107 1950 ποιός
2149 1906 2242 1950 τις
2284 1886 2489 1968 ἰχθῦς,
2534 1885 2755 1969 ἄλοξ,
2800 1888 2977 1965 παρὰ

399 1989 469 2053 δέ
513 2010 667 2054 τιςιν
713 1987 941 2070 αύλαξ,
987 1988 1149 2066 πρὸς
1193 1988 1445 2051 τούτοις
1502 1988 1573 2051 δὲ
1618 1988 1721 2050 καὶ
1775 1988 1850 2052 τὸ
1901 1988 2330 2055 Καππάδοξ
2374 1988 2563 2053 ἔθνος
2616 1996 2692 2074 τῇ
2742 1989 2977 2073 Κιλικίᾳ
3018 1991 3079 2041 15

398 2091 796 2185 πρόςχωρον.
885 2094 1078 2155 τοῦτο
1126 2091 1197 2153 δὲ
1243 2087 1489 2165 λέγεται
1535 2090 1638 2153 καὶ
1685 2089 2110 2154 Καππάδοκος
2138 2125 2225 2136 -
2255 2090 2460 2155 οὕτως
2504 2092 2608 2155 καὶ
2650 2091 2688 2156 ὁ
2736 2094 2977 2169 κτιςτὴς

398 2193 637 2272 εἴρηται
684 2193 810 2258 ὑπὸ
860 2193 1243 2270 Μενάνδρου
1272 2227 1357 2237 -
1386 2192 1489 2255 καὶ
1536 2191 1973 2270 Καππαδόκης.
2033 2191 2382 2270 Ἡρόδοτος
2413 2192 2484 2256 δέ
2515 2214 2705 2272 φηςιν
2749 2191 2811 2277 (Ι
2844 2192 2974 2277 72).

565 2295 659 2359 Τὰ
716 2295 803 2359 εἰς
848 2283 900 2360 ἶξ
946 2293 1311 2373 βαρύνεται·
1356 2296 1654 2372 φοῖνιξ·
1699 2292 1825 2357 ἔςτι
1871 2294 1941 2358 δὲ
1986 2294 2093 2358 καὶ
2132 2294 2353 2373 κύριον
2391 2294 2671 2361 Φοῖνιξ
2715 2295 2976 2373 Ἀγήνο-

401 2417 513 2476 ρος
557 2400 706 2461 παῑς
749 2398 788 2474 ἢ
832 2397 1239 2460 Ποςειδῶνος
1283 2395 1385 2459 καὶ
1427 2394 1690 2477 Λιβύης,
1736 2395 1789 2479 ᾧ
1837 2395 2173 2475 ὸμοφωνεῑ
2225 2397 2300 2461 τὸ
2347 2397 2615 2462 ἐθνικόν.
2704 2394 2831 2462 ἔςτί
2876 2399 2977 2461 καὶ

400 2498 720 2579 φρούριον
767 2498 1007 2576 4Καρίας
1063 2497 1142 2561 ού
1197 2498 1367 2561 πολὺ
1424 2495 1670 2575 ἀπέχον
1727 2495 1975 2562 Ῥόδου.
2064 2499 2166 2562 καὶ
2219 2499 2505 2577 ποταμός
2561 2499 2683 2564 ἐςτι
2739 2499 2977 2565 Φοῖνιξ.
3013 2505 3082 2555 20
3184 2548 3190 2554 .

403 2602 700 2681 βέμβιξ,
744 2600 1029 2679 Τέμμιξ
1073 2598 1263 2663 ἔθνος
1306 2603 1567 2675 πρῶτον
1615 2599 1872 2677 οἰκῆςαν
1918 2599 1987 2663 ἐν
2021 2600 2307 2683 Βοιωτίᾳ.
2396 2600 2755 2681 Λυκόφρων
2804 2603 2977 2679 «Ἄρ-

400 2725 513 2783 νης
566 2705 841 2767 παλαιᾶς
892 2701 1120 2783 γέννα,
1177 2700 1500 2780 Τεμμίκων
1568 2701 1846 2780 πρόμοι»
1909 2698 2002 2786 (ν.
2048 2700 2238 2788 644),
2295 2703 2623 2785 πέμφιξ,
2680 2704 2979 2787 τέττιξ,

402 2805 718 2873 ς-κάνδιξ
764 2804 1050 2884 λάχανόν
1094 2825 1152 2868 τι
1206 2804 1430 2885 ποιόν,
1485 2804 1784 2886 πέρδιξ,
1845 2806 2133 2899 χοῖνιξ,
2193 2805 2405 2873 Κίλιξ
2461 2809 2537 2871 τὸ
2598 2807 2819 2885 κύριον
2880 2808 2983 2871 καὶ

401 2909 475 2973 τὸ
521 2907 804 2989 ἐθνικόν,
847 2907 1064 2974 Αἷθιξ
1122 2906 1326 2971 ἔθνος.
1414 2906 1484 2970 ἐν
1542 2905 1853 2989 Θετταλίᾳ
1909 2906 1976 2972 δ’
2021 2908 2234 2990 ᾤκουν
2293 2908 2363 2973 ἐν
2408 2915 2500 2993 τῷ
2544 2908 2767 2994 Πίνδῳ
2812 2908 2979 2987 ὄρει·

405 3010 704 3089 Μαρςύας
736 3010 806 3073 δὲ
840 3009 1030 3089 μέςον
1074 3012 1186 3087 τῆς
1215 3008 1545 3088 Τυμφαίας
1587 3009 1690 3073 καὶ
1733 3008 2369 3089 Ἀθαμανίας·κεῖςθαί
2400 3032 2551 3091 φηςι
2594 3013 2710 3090 τὴν
2743 3013 2977 3090 χώραν.
3017 3022 3082 3071 ‘25

401 3113 649 3192 Ἕρνιξ
693 3111 883 3177 ἔθνος
924 3111 1228 3176 Λατίνων.
1315 3111 1660 3176 Διονύςιος
1705 3109 1924 3196 ὀγδόῳ
1968 3115 2079 3190 τῆς
2121 3111 2468 3193 Ῥωμαϊκης
2512 3113 2979 3195 ἀρχαιολογίας.

413 3255 424 3259 0
471 3246 622 3263 9-4-

405 3336 580 3371 canon
616 3324 783 3384 atque
819 3334 904 3382 ap.
939 3315 1133 3367 Arcad.
1340 3315 1377 3365 l.
1413 3318 1440 3365 1
1481 3315 1851 3380 φιτροβαςτάξ
1889 3333 1956 3367 ex
1992 3316 2264 3369 Lobeekii
2309 3317 2624 3369 coniectura
2669 3319 2852 3384 recepi
2886 3335 2983 3383 pro

406 3386 782 3452 λητροβαςτάξ
827 3385 1032 3436 codicis
1075 3386 1121 3433 A
1167 3386 1259 3436 vel
1314 3382 1671 3448 λιτροβαςτάξ
1717 3385 2025 3436 Herodiani
2085 3402 2170 3451 ap.
2216 3387 2287 3436 Is.
2333 3387 2587 3437 Vossium
2641 3387 2711 3437 ad
2757 3388 2890 3437 Hos,
2937 3404 2980 3437 s,

406 3455 604 3520 βάςτας
640 3456 729 3505 vel
766 3452 1123 3518 κιτροβαςτάξ
1159 3453 1312 3507 codd.
1352 3453 1463 3503 BC.
1607 3452 1641 3502 l.
1678 3456 1710 3503 2
1749 3451 1823 3517 μή
1849 3467 1932 3504 τις
1969 3452 2029 3504 δὲ
2066 3469 2235 3519 usque
2275 3454 2345 3504 ad
2382 3453 2417 3503 l.
2458 3457 2488 3505 7
2525 3459 2655 3504 sunt
2692 3471 2759 3505 ex
2797 3456 2877 3507 St.
2918 3455 2978 3504 B.

405 3527 490 3575 De
527 3523 834 3574 nominibus
869 3523 926 3570 in
961 3522 1026 3573 αξ
1064 3537 1096 3571 a
1132 3522 1299 3572 verbo
1337 3522 1656 3585 compositis
1692 3522 1761 3570 ef.
1800 3522 1968 3572 etiam
2005 3523 2069 3572 E.
2096 3522 2168 3572 M.
2195 3525 2311 3582 270,
2341 3524 2401 3572 17
2439 3521 2669 3586 διαςφάξ
2696 3522 2728 3574 ὁ
2752 3521 2981 3574 διεςτὼς

403 3591 595 3644 τόπος.
666 3588 966 3655 Ἡρόδοτος
1001 3590 1146 3639 «τοῦ
1186 3587 1346 3654 ὄρεός
1385 3587 1496 3639 ἐςτι
1532 3587 1804 3652 διαςφάξ»
1844 3590 1932 3640 καὶ
1969 3588 2056 3640 διὰ
2100 3591 2203 3653 τῆς
2250 3584 2550 3653 διαςφάγος
2589 3588 2847 3642 Αίςωπὸς
2883 3591 2984 3655 ῥεῖ.

409 3659 622 3725 εἴρηται
669 3658 746 3710 ὡς
793 3656 907 3708 ἀπὸ
953 3659 1057 3708 τοῦ
1104 3654 1304 3720 θερίζω
1348 3654 1516 3721 θρίΖω
1554 3653 1696 3720 θρίξ,
1737 3657 1988 3719 βαςτάῑω
2036 3656 2287 3719 βαςτάξω
2338 3657 2536 3720 βαςτάξ
2583 3659 2674 3710 καὶ
2720 3660 2981 3723 νεκροβα-

408 3727 559 3780 ςτάξ·
587 3726 773 3778 οὕτως
795 3725 909 3777 ἀπὸ
933 3727 1036 3775 τοῦ
1063 3723 1222 3776 ςπάω
1250 3723 1439 3777 ςπάζω
1466 3722 1604 3776 ςπάξ
1633 3724 1721 3775 καὶ
1747 3723 1887 3789 ςφάξ
1912 3724 2157 3788 διαςφάξ.
2174 3754 2235 3760 ——
2256 3726 2336 3775 Ab
2356 3727 2675 3778 Herodiano
2700 3728 2790 3777 hic
2816 3728 2982 3777 etiam

410 3797 673 3847 traditum
709 3795 836 3855 fuit,
876 3809 981 3859 quo
1016 3797 1243 3843 accentu
1279 3793 1554 3857 barytona
1588 3793 1941 3857 insignienda.
1978 3795 2119 3855 sint,
2157 3795 2235 3844 sic
2271 3795 2415 3844 fere:
2454 3795 2543 3845 καὶ
2566 3792 2639 3847 τὰ
2666 3794 2768 3856 μὲν
2794 3811 2981 3860 πυρρι-

408 3864 569 3929 χιακὰ
604 3864 694 3915 καὶ
731 3861 951 3926 ίαμβικὰ
987 3860 1076 3912 καὶ
1111 3860 1378 3924 τροχαῖκὰ
1416 3859 1555 3922 μετὰ
1602 3858 1745 3912 θέςει
1793 3863 2002 3925 μακρᾶς
2040 3860 2475 3925 παροξύνονται,
2513 3861 2585 3913 τὰ
2620 3862 2681 3914 δὲ
2717 3863 2984 3929 τροχαῑκὰ

410 3932 548 3996 μετὰ
584 3931 746 3995 φύςει
795 3931 1005 3994 μακρᾶς
1043 3930 1423 3994 περιςπῶνται
1469 3928 1540 3978 cf.
1580 3929 1775 3979 Choer.
1813 3932 1940 3990 312,
1980 3933 2045 3980 23
2089 3928 2159 3980 τὸ
2206 3930 2388 3994 φοῖνιξ
2435 3931 2526 3981 καὶ
2562 3931 2733 3994 κῆρυξ
2779 3931 2983 3995 ἔχοντα

408 4001 568 4066 φύςει
607 3997 822 4064 μακρὰν
857 3998 965 4062 τὴν
1004 3995 1437 4061 παραλήγουςαν
1474 3997 1970 4060 προπεριςπῶνται
2006 4003 2064 4049 et
2088 3998 2292 4051 Herod.
2332 3999 2389 4048 in
2413 3999 2589 4048 Bekk.
2616 3999 2818 4049 Anecd.
2855 3999 2982 4062 περὶ

406 4090 508 4138 τοῦ
548 4084 695 4136 ἐςτιν
732 4100 783 4150 p.
826 4084 955 4133 1148
991 4090 1052 4134 et
1088 4085 1236 4133 1149.
1411 4080 1444 4135 1.
1482 4083 1514 4132 8
1552 4081 1815 4132 Arcadius
1861 4083 2282 4159 tenni—nationes
2318 4070 2383 4136 ἐξ
2412 4069 2470 4137 ι-ξ·
2504 4071 2570 4136 δῖ
2601 4071 2669 4136 fig
2701 4084 2804 4134 boc
2827 4085 2983 4134 brevi

410 4188 616 4222 canone
643 4168 1080 4234 comprehendit:
1117 4166 1187 4218 τὰ
1224 4164 1302 4218 εἰς
1336 4152 1400 4218 k}
1433 4165 1523 4216 καὶ
1557 4152 1604 4218 ἷξ
1641 4168 1731 4218 καὶ
1767 4154 1831 4220 ἶξ
1868 4168 1956 4219 καὶ
1993 4170 2054 4220 υξ
2092 4165 2278 4218 πάντα
2305 4167 2618 4234 βαρύνεται,
2657 4167 2825 4221 Λέλεξ
2852 4166 2981 4232 πέρ-

407 4241 485 4292 διξ
527 4236 828 4291 Καππάδοξ
864 4236 1058 4300 κῆρυξ;
1102 4236 1353 4300 equidem
1396 4234 1688 4315 unifflique
1736 4237 1911 4287 exitui
1954 4238 2165 4301 privum
2209 4244 2561 4302 praeceptum
2606 4236 2891 4302 assignavi
2928 4241 2985 4286 et

408 4324 626 4391 quidem
661 4338 922 4373 canonem
961 4321 1026 4371 de
1063 4320 1372 4370 nominibus
1408 4320 1464 4369 in
1502 4322 1557 4373 εξ
1595 4324 1874 4385 composui
1908 4338 1977 4371 ex
2011 4320 2245 4371 Arcadio
2282 4327 2341 4371 ot
2374 4322 2631 4372 Eustath.
2673 4323 2821 4383 1922,
2858 4322 2891 4369 8
2920 4323 2984 4369 'et

409 4394 655 4457 Theogn.
679 4395 763 4453 40,
802 4395 851 4453 5,
890 4389 962 4453 ad
1000 4388 1163 4453 Βέρεξ
1201 4403 1344 4453 quae
1383 4386 1596 4451 addidi,
1633 4394 1763 4439 sunt
1787 4404 1855 4439 ex
1884 4390 1969 4439 St:
1987 4390 2049 4438 B.
2076 4405 2118 4441 s,
2145 4404 2214 4451 V„
2253 4389 2398 4439 unde
2425 4391 2594 4441 etiam
2621 4406 2707 4455 ap.
2735 4388 2982 4466 Theogn.

411 4495 503 4544 pro
543 4475 743 4540 Βέβρεξ
781 4475 1124 4525 scribendum
1158 4473 1380 4523 videtur
1417 4471 1596 4538 Βέρεξ.
1771 4473 1805 4522 1.
1846 4476 1903 4522 11
1943 4489 2205 4525 canonem
2242 4474 2309 4523 do
2346 4472 2628 4525 vocabulis
2663 4475 2721 4523 in
2758 4474 2818 4525 οξ
2856 4489 2984 4523 eon-

410 4546 567 4595 stitui
603 4562 671 4595 ex
708 4544 953 4607 Theogn.
987 4545 1106 4603 409,
1143 4542 1390 4591 consulto
1428 4541 1509 4593 St.
1546 4543 1615 4593 B.
1647 4541 1720 4590 ad
1760 4539 2057 4604 Ἀλλόβροξ
2096 4557 2137 4591 s.
2163 4558 2234 4603 ν.,
2273 4542 2367 4591 ubi
2405 4542 2436 4592 ὁ
2473 4540 2534 4593 δὲ
2569 4541 2824 4605 τεχνικὸς
2864 4539 2982 4593 Ἀλ-

408 4613 606 4678 λόβροξ
644 4611 806 4663 ἔθνος
847 4609 1167 4672 Γαλατικὸν,
1205 4609 1304 4661 sed
1339 4609 1542 4660 clarum
1579 4613 1665 4659 est
1701 4610 1869 4657 etiam
1904 4609 2118 4674 reliqua
2152 4611 2225 4659 ab
2248 4610 2562 4661 Herodiano
2588 4609 2804 4674 prolata
2840 4625 2983 4669 esse,

410 4682 502 4747 qni
548 4679 865 4746 Apollodori
912 4679 1333 4744 explicationem
1380 4683 1436 4728 et
1484 4678 1745 4727 Characis
1792 4677 2118 4742 scripturam
2165 4677 2469 4742 adoptavit.
2548 4678 2634 4727 Db
2682 4674 2983 4729 Καππάδοξ

409 4767 481 4815 cf.
515 4765 682 4815 etiam
718 4765 781 4814 E.
807 4766 882 4815 M.
907 4766 1035 4828 490,
1076 4765 1154 4813 19.
1300 4761 1336 4814 l.
1376 4763 1437 4813 18
1472 4778 1647 4813 canon
1686 4761 1750 4811 de
1788 4762 2100 4814 nominibus
2122 4762 2193 4819 „in
2229 4749 2274 4814 ἰξ
2313 4779 2378 4812 ex
2416 4761 2663 4827 Theogu.
2698 4764 2785 4825 40,
2821 4752 2888 4812 2⁸5
2927 4767 2984 4812 et

409 4833 598 4883 Dichr.
634 4833 759 4891 285,
799 4836 830 4881 5
875 4832 1207 4896 compositus
1252 4836 1354 4881 est.
1427 4832 1582 4893 Quae
1629 4829 1700 4879 ad
1737 4827 1925 4881 Φοῖνιξ
1973 4830 2193 4881 adiecta
2240 4835 2395 4894 sunt,
2442 4835 2660 4894 sumpta
2698 4846 2765 4880 ox
2802 4832 2880 4881 St.
2918 4832 2982 4881 B.

412 4917 454 4952 s,
490 4916 561 4966 v.,
599 4899 669 4950 ad
708 4897 853 4952 Κίλιξ
890 4916 958 4951 ex
994 4899 1186 4949 eodem
1220 4916 1271 4964 p.
1307 4901 1391 4963 49,
1433 4902 1525 4964 113
1564 4896 1715 4950 Αἶθιξ
1755 4913 1799 4950 s.
1826 4915 1881 4950 v.
1918 4896 2136 4952 Αἵθικες
2173 4896 2250 4953 ὡς
2291 4896 2517 4952 Κίλικες.
2564 4896 2744 4963 Ἕρνιξ
2771 4916 2838 4952 ex
2862 4899 2986 4952 eod.
