<?xml version="1.0" encoding="UTF-8"?>
<!DOCTYPE html PUBLIC "-//W3C//DTD XHTML 1.0 Transitional//EN"
    "http://www.w3.org/TR/xhtml1/DTD/xhtml1-transitional.dtd">
<html xmlns="http://www.w3.org/1999/xhtml" xml:lang="en" lang="en">
 <head>
  <title>
</title>
<meta http-equiv="Content-Type" content="text/html;charset=utf-8" />
  <meta name='ocr-system' content='tesseract 3.04.00' />
  <meta name='ocr-capabilities' content='ocr_page ocr_carea ocr_par ocr_line ocrx_word'/>
</head>
<body>
  <div class='ocr_page' id='page_1' title='image "./grammaticigraec02unkngoog_0616.png"; bbox 0 0 3664 5546; ppageno 0'>
   <div class='ocr_carea' id='block_1_1' title="bbox 612 315 2261 384">
    <p class='ocr_par' dir='ltr' id='par_1_1' title="bbox 612 315 2261 384">
     <span class='ocr_line' id='line_1_1' title="bbox 612 315 2261 384; baseline -0.008 -1"><span class='ocrx_word' id='word_1_1' title='bbox 612 318 740 384; x_wconf 83' lang='grc'>370</span> <span class='ocrx_word' id='word_1_2' title='bbox 1547 317 1629 372; x_wconf 88' lang='grc' dir='ltr'>ΕΚ</span> <span class='ocrx_word' id='word_1_3' title='bbox 1666 317 1807 371; x_wconf 91' lang='grc' dir='ltr'>ΤΩΝ</span> <span class='ocrx_word' id='word_1_4' title='bbox 1851 315 2261 371; x_wconf 88' lang='grc' dir='ltr'>ΗΡΩΔΙΑΝΟΥ</span> 
     </span>
    </p>
   </div>
   <div class='ocr_carea' id='block_1_2' title="bbox 427 484 3199 2999">
    <p class='ocr_par' dir='ltr' id='par_1_2' title="bbox 427 484 3199 2999">
     <span class='ocr_line' id='line_1_2' title="bbox 609 484 3199 564; baseline -0.001 -12"><span class='ocrx_word' id='word_1_5' title='bbox 609 488 927 553; x_wconf 90' lang='grc' dir='ltr'>τίναιον</span> <span class='ocrx_word' id='word_1_6' title='bbox 971 488 1158 552; x_wconf 99' lang='grc' dir='ltr'>πόλις</span> <span class='ocrx_word' id='word_1_7' title='bbox 1202 485 1544 551; x_wconf 86' lang='grc' dir='ltr'>Θεςςαλίας</span> <span class='ocrx_word' id='word_1_8' title='bbox 1601 486 1691 551; x_wconf 81' lang='grc' dir='ltr'>ὡς</span> <span class='ocrx_word' id='word_1_9' title='bbox 1735 486 2061 551; x_wconf 87' lang='grc' dir='ltr'>Ἑκαταῖος</span> <span class='ocrx_word' id='word_1_10' title='bbox 2115 486 2479 564; x_wconf 89' lang='grc' dir='ltr'>περιηγήςει</span> <span class='ocrx_word' id='word_1_11' title='bbox 2535 484 2859 564; x_wconf 75' lang='grc' dir='ltr'>Εὐρώπης.</span> <span class='ocrx_word' id='word_1_12' title='bbox 2950 486 3199 550; x_wconf 89' lang='grc' dir='ltr'>Νακό-</span> 
     </span>
     <span class='ocr_line' id='line_1_3' title="bbox 610 586 3199 671; baseline -0.002 -17"><span class='ocrx_word' id='word_1_13' title='bbox 610 592 842 654; x_wconf 88' lang='grc' dir='ltr'>λαιον</span> <span class='ocrx_word' id='word_1_14' title='bbox 885 589 1072 653; x_wconf 90' lang='grc' dir='ltr'>πόλις</span> <span class='ocrx_word' id='word_1_15' title='bbox 1115 588 1423 671; x_wconf 83' lang='grc' dir='ltr'>Φρυγίας,</span> <span class='ocrx_word' id='word_1_16' title='bbox 1477 589 1517 665; x_wconf 85' lang='grc' dir='ltr'>ἢ</span> <span class='ocrx_word' id='word_1_17' title='bbox 1562 589 1664 652; x_wconf 82' lang='grc' dir='ltr'>καὶ</span> <span class='ocrx_word' id='word_1_18' title='bbox 1709 587 2057 669; x_wconf 88' lang='grc' dir='ltr'>Νακόλεια,</span> <span class='ocrx_word' id='word_1_19' title='bbox 2115 587 2247 654; x_wconf 89' lang='grc' dir='ltr'>ἀπὸ</span> <span class='ocrx_word' id='word_1_20' title='bbox 2307 587 2596 666; x_wconf 91' lang='grc' dir='ltr'>Νακόλης</span> <span class='ocrx_word' id='word_1_21' title='bbox 2653 587 2936 666; x_wconf 85' lang='grc' dir='ltr'>νύμφης·</span> <span class='ocrx_word' id='word_1_22' title='bbox 2986 586 3199 665; x_wconf 86' lang='grc' dir='ltr'>ὥςπερ</span> 
     </span>
     <span class='ocr_line' id='line_1_4' title="bbox 607 688 3199 770; baseline -0.001 -16"><span class='ocrx_word' id='word_1_23' title='bbox 607 690 729 768; x_wconf 86' lang='grc' dir='ltr'>γὰρ</span> <span class='ocrx_word' id='word_1_24' title='bbox 775 689 906 755; x_wconf 86' lang='grc' dir='ltr'>ἀπὸ</span> <span class='ocrx_word' id='word_1_25' title='bbox 949 695 1066 755; x_wconf 87' lang='grc' dir='ltr'>τοῦ</span> <span class='ocrx_word' id='word_1_26' title='bbox 1111 690 1330 770; x_wconf 84' lang='grc' dir='ltr'>νύμφη</span> <span class='ocrx_word' id='word_1_27' title='bbox 1374 689 1701 768; x_wconf 86' lang='grc' dir='ltr'>νύμφαιον</span> <span class='ocrx_word' id='word_1_28' title='bbox 1756 691 1860 753; x_wconf 86' lang='grc' dir='ltr'>καὶ</span> <span class='ocrx_word' id='word_1_29' title='bbox 1901 690 2069 767; x_wconf 67' lang='grc' dir='ltr'>’Ἠρα</span> <span class='ocrx_word' id='word_1_30' title='bbox 2113 690 2385 767; x_wconf 90' lang='grc' dir='ltr'>Ἥραιον</span> <span class='ocrx_word' id='word_1_31' title='bbox 2398 738 2416 770; x_wconf 90' lang='grc'>,</span> <span class='ocrx_word' id='word_1_32' title='bbox 2472 688 2643 753; x_wconf 89' lang='grc' dir='ltr'>οὕτω</span> <span class='ocrx_word' id='word_1_33' title='bbox 2691 688 2947 766; x_wconf 89' lang='grc' dir='ltr'>Νακόλη</span> <span class='ocrx_word' id='word_1_34' title='bbox 2995 688 3199 752; x_wconf 88' lang='grc' dir='ltr'>Νακό-</span> 
     </span>
     <span class='ocr_line' id='line_1_5' title="bbox 610 788 3197 871; baseline -0 -16"><span class='ocrx_word' id='word_1_35' title='bbox 610 795 811 857; x_wconf 90' lang='grc' dir='ltr'>λαιον.</span> <span class='ocrx_word' id='word_1_36' title='bbox 915 792 1350 857; x_wconf 86' lang='grc' dir='ltr'>Κοτύλαιον</span> <span class='ocrx_word' id='word_1_37' title='bbox 1419 789 1576 870; x_wconf 93' lang='grc' dir='ltr'>ὄρος</span> <span class='ocrx_word' id='word_1_38' title='bbox 1640 790 1906 870; x_wconf 87' lang='grc' dir='ltr'>Εὐβοίας</span> <span class='ocrx_word' id='word_1_39' title='bbox 1970 789 2386 870; x_wconf 84' lang='grc' dir='ltr'>ἀνακείμενον</span> <span class='ocrx_word' id='word_1_40' title='bbox 2444 790 2784 871; x_wconf 87' lang='grc' dir='ltr'>Ἀρτέμιδι,</span> <span class='ocrx_word' id='word_1_41' title='bbox 2852 788 2941 854; x_wconf 85' lang='grc' dir='ltr'>ὥς</span> <span class='ocrx_word' id='word_1_42' title='bbox 3006 809 3197 868; x_wconf 87' lang='grc' dir='ltr'>φηςιν</span> 
     </span>
     <span class='ocr_line' id='line_1_6' title="bbox 544 879 3197 973; baseline 0 -20"><span class='ocrx_word' id='word_1_43' title='bbox 544 901 577 952; x_wconf 80' lang='grc'><strong>5</strong></span> <span class='ocrx_word' id='word_1_44' title='bbox 609 893 995 973; x_wconf 84' lang='grc' dir='ltr'>Ἀρχέμαχος</span> <span class='ocrx_word' id='word_1_45' title='bbox 1028 892 1098 957; x_wconf 83' lang='grc' dir='ltr'>ἐν</span> <span class='ocrx_word' id='word_1_46' title='bbox 1130 893 1452 973; x_wconf 85' lang='grc' dir='ltr'>Εὐβοϊκῶν</span> <span class='ocrx_word' id='word_1_47' title='bbox 1486 893 1555 972; x_wconf 86' lang='grc' dir='ltr'>β’.</span> <span class='ocrx_word' id='word_1_48' title='bbox 1620 892 2168 969; x_wconf 84' lang='grc' dir='ltr'>Κυδαθήναιον</span> <span class='ocrx_word' id='word_1_49' title='bbox 2216 896 2415 971; x_wconf 89' lang='grc' dir='ltr'>δῆμος</span> <span class='ocrx_word' id='word_1_50' title='bbox 2454 879 2567 967; x_wconf 84' lang='grc' dir='ltr'>τῆς</span> <span class='ocrx_word' id='word_1_51' title='bbox 2596 890 3028 956; x_wconf 81' lang='grc' dir='ltr'>Πανδιονίδος</span> <span class='ocrx_word' id='word_1_52' title='bbox 3072 913 3197 971; x_wconf 92' lang='grc' dir='ltr'>φυ-</span> 
     </span>
     <span class='ocr_line' id='line_1_7' title="bbox 607 992 3193 1076; baseline -0 -19"><span class='ocrx_word' id='word_1_53' title='bbox 607 997 737 1072; x_wconf 85' lang='grc' dir='ltr'>λῆς.</span> <span class='ocrx_word' id='word_1_54' title='bbox 811 994 1421 1058; x_wconf 88' lang='grc' dir='ltr'>Παντικάπαιον</span> <span class='ocrx_word' id='word_1_55' title='bbox 1466 996 1653 1057; x_wconf 90' lang='grc' dir='ltr'>πόλις</span> <span class='ocrx_word' id='word_1_56' title='bbox 1697 993 1980 1076; x_wconf 91' lang='grc' dir='ltr'>μεγίςτη,</span> <span class='ocrx_word' id='word_1_57' title='bbox 2025 998 2157 1059; x_wconf 87' lang='grc' dir='ltr'>τῶν</span> <span class='ocrx_word' id='word_1_58' title='bbox 2203 992 2741 1074; x_wconf 52' lang='grc' dir='ltr'>κατά,Βόςπορον</span> <span class='ocrx_word' id='word_1_59' title='bbox 2788 992 3193 1071; x_wconf 88' lang='grc' dir='ltr'>μητρόπολις.</span> 
     </span>
     <span class='ocr_line' id='line_1_8' title="bbox 605 1093 3196 1176; baseline -0 -18"><span class='ocrx_word' id='word_1_60' title='bbox 605 1095 833 1174; x_wconf 83' lang='grc' dir='ltr'>ὠκίςθη</span> <span class='ocrx_word' id='word_1_61' title='bbox 890 1096 960 1160; x_wconf 81' lang='grc' dir='ltr'>δὲ</span> <span class='ocrx_word' id='word_1_62' title='bbox 1016 1096 1190 1174; x_wconf 87' lang='grc' dir='ltr'>παρὰ</span> <span class='ocrx_word' id='word_1_63' title='bbox 1241 1095 1474 1174; x_wconf 87' lang='grc' dir='ltr'>Αἰήτου</span> <span class='ocrx_word' id='word_1_64' title='bbox 1530 1095 1792 1176; x_wconf 90' lang='grc' dir='ltr'>παιδός,</span> <span class='ocrx_word' id='word_1_65' title='bbox 1850 1094 2162 1174; x_wconf 89' lang='grc' dir='ltr'>λαβόντος</span> <span class='ocrx_word' id='word_1_66' title='bbox 2217 1095 2333 1159; x_wconf 90' lang='grc' dir='ltr'>τὸν</span> <span class='ocrx_word' id='word_1_67' title='bbox 2389 1094 2596 1158; x_wconf 90' lang='grc' dir='ltr'>τόπον</span> <span class='ocrx_word' id='word_1_68' title='bbox 2653 1094 2828 1172; x_wconf 85' lang='grc' dir='ltr'>παρὰ</span> <span class='ocrx_word' id='word_1_69' title='bbox 2884 1093 3196 1171; x_wconf 52' lang='grc' dir='ltr'>*Αγαήτου</span> 
     </span>
     <span class='ocr_line' id='line_1_9' title="bbox 603 1194 3195 1277; baseline -0.001 -16"><span class='ocrx_word' id='word_1_70' title='bbox 603 1200 721 1261; x_wconf 86' lang='grc' dir='ltr'>τοῦ</span> <span class='ocrx_word' id='word_1_71' title='bbox 753 1196 1011 1261; x_wconf 78' lang='grc' dir='ltr'>Εκυθῶν</span> <span class='ocrx_word' id='word_1_72' title='bbox 1060 1197 1362 1277; x_wconf 84' lang='grc' dir='ltr'>βαςιλέως</span> <span class='ocrx_word' id='word_1_73' title='bbox 1407 1197 1512 1259; x_wconf 89' lang='grc' dir='ltr'>καὶ</span> <span class='ocrx_word' id='word_1_74' title='bbox 1544 1197 1933 1260; x_wconf 87' lang='grc' dir='ltr'>καλέςαντος</span> <span class='ocrx_word' id='word_1_75' title='bbox 1976 1196 2090 1273; x_wconf 86' lang='grc' dir='ltr'>τὴν</span> <span class='ocrx_word' id='word_1_76' title='bbox 2136 1194 2328 1259; x_wconf 91' lang='grc' dir='ltr'>πόλιν</span> <span class='ocrx_word' id='word_1_77' title='bbox 2373 1194 2503 1260; x_wconf 87' lang='grc' dir='ltr'>ἀπὸ</span> <span class='ocrx_word' id='word_1_78' title='bbox 2550 1198 2667 1260; x_wconf 85' lang='grc' dir='ltr'>τοῦ</span> <span class='ocrx_word' id='word_1_79' title='bbox 2712 1196 3195 1273; x_wconf 84' lang='grc' dir='ltr'>παραρρέοντος</span> 
     </span>
     <span class='ocr_line' id='line_1_10' title="bbox 604 1294 3194 1378; baseline -0.001 -16"><span class='ocrx_word' id='word_1_80' title='bbox 604 1301 899 1378; x_wconf 86' lang='grc' dir='ltr'>ποταμοῦ</span> <span class='ocrx_word' id='word_1_81' title='bbox 942 1297 1379 1362; x_wconf 84' lang='grc' dir='ltr'>Παντικάπου.</span> <span class='ocrx_word' id='word_1_82' title='bbox 1447 1297 1887 1362; x_wconf 87' lang='grc' dir='ltr'>Λαπίθαιον</span> <span class='ocrx_word' id='word_1_83' title='bbox 1933 1295 2142 1375; x_wconf 88' lang='grc' dir='ltr'>ὄνομα</span> <span class='ocrx_word' id='word_1_84' title='bbox 2186 1294 2383 1374; x_wconf 87' lang='grc' dir='ltr'>ὄρους</span> <span class='ocrx_word' id='word_1_85' title='bbox 2428 1300 2541 1375; x_wconf 87' lang='grc' dir='ltr'>τῆς</span> <span class='ocrx_word' id='word_1_86' title='bbox 2584 1296 2964 1378; x_wconf 78' lang='grc' dir='ltr'>Λακωνικῆς.</span> <span class='ocrx_word' id='word_1_87' title='bbox 3010 1297 3194 1361; x_wconf 92' lang='grc' dir='ltr'>Φοι-</span> 
     </span>
     <span class='ocr_line' id='line_1_11' title="bbox 502 1396 3195 1481; baseline -0.001 -17"><span class='ocrx_word' id='word_1_88' title='bbox 502 1405 569 1458; x_wconf 91' lang='grc'>10</span> <span class='ocrx_word' id='word_1_89' title='bbox 603 1400 911 1465; x_wconf 90' lang='grc' dir='ltr'>νίκαιον</span> <span class='ocrx_word' id='word_1_90' title='bbox 980 1398 1137 1476; x_wconf 86' lang='grc' dir='ltr'>ὄρος</span> <span class='ocrx_word' id='word_1_91' title='bbox 1194 1398 1522 1477; x_wconf 86' lang='grc' dir='ltr'>Κορίνθου.</span> <span class='ocrx_word' id='word_1_92' title='bbox 1620 1399 1906 1477; x_wconf 81' lang='grc' dir='ltr'>Ἔφορος</span> <span class='ocrx_word' id='word_1_93' title='bbox 1972 1396 2530 1481; x_wconf 77' lang='grc' dir='ltr'>ἐννεακαιδεκάτῳ.</span> <span class='ocrx_word' id='word_1_94' title='bbox 2627 1398 3195 1476; x_wconf 90' lang='grc' dir='ltr'>Προςτρόπαια</span> 
     </span>
     <span class='ocr_line' id='line_1_12' title="bbox 603 1497 3192 1579; baseline -0 -14"><span class='ocrx_word' id='word_1_95' title='bbox 603 1501 790 1565; x_wconf 91' lang='grc' dir='ltr'>πόλις</span> <span class='ocrx_word' id='word_1_96' title='bbox 836 1499 1129 1564; x_wconf 79' lang='grc' dir='ltr'>(ικελίας.</span> <span class='ocrx_word' id='word_1_97' title='bbox 1218 1500 1663 1579; x_wconf 88' lang='grc' dir='ltr'>Τυμέναιον</span> <span class='ocrx_word' id='word_1_98' title='bbox 1721 1498 1876 1576; x_wconf 89' lang='grc' dir='ltr'>ὄρος</span> <span class='ocrx_word' id='word_1_99' title='bbox 1932 1498 2077 1575; x_wconf 87' lang='grc' dir='ltr'>περὶ</span> <span class='ocrx_word' id='word_1_100' title='bbox 2133 1497 2433 1576; x_wconf 84' lang='grc' dir='ltr'>Φρυγίαν.</span> <span class='ocrx_word' id='word_1_101' title='bbox 2524 1498 2717 1577; x_wconf 89' lang='grc' dir='ltr'>χωρὶς</span> <span class='ocrx_word' id='word_1_102' title='bbox 2772 1502 2889 1563; x_wconf 82' lang='grc' dir='ltr'>τοῦ</span> <span class='ocrx_word' id='word_1_103' title='bbox 2946 1500 3192 1564; x_wconf 89' lang='grc' dir='ltr'>Χαλα-</span> 
     </span>
     <span class='ocr_line' id='line_1_13' title="bbox 604 1598 3190 1679; baseline -0.001 -12"><span class='ocrx_word' id='word_1_104' title='bbox 604 1604 931 1679; x_wconf 87' lang='grc' dir='ltr'>ςτραῖον</span> <span class='ocrx_word' id='word_1_105' title='bbox 976 1600 1193 1678; x_wconf 91' lang='grc' dir='ltr'>νίτρον</span> <span class='ocrx_word' id='word_1_106' title='bbox 1240 1601 1343 1664; x_wconf 87' lang='grc' dir='ltr'>καὶ</span> <span class='ocrx_word' id='word_1_107' title='bbox 1372 1601 1893 1665; x_wconf 86' lang='grc' dir='ltr'>Ἠλακαταῖον</span> <span class='ocrx_word' id='word_1_108' title='bbox 1939 1598 2096 1677; x_wconf 88' lang='grc' dir='ltr'>ὄρος</span> <span class='ocrx_word' id='word_1_109' title='bbox 2127 1599 2469 1664; x_wconf 84' lang='grc' dir='ltr'>Θεςςαλίας</span> <span class='ocrx_word' id='word_1_110' title='bbox 2514 1599 2617 1662; x_wconf 81' lang='grc' dir='ltr'>καὶ</span> <span class='ocrx_word' id='word_1_111' title='bbox 2648 1600 3190 1679; x_wconf 91' lang='grc' dir='ltr'>Καναςτραῖον</span> 
     </span>
     <span class='ocr_line' id='line_1_14' title="bbox 604 1700 3189 1784; baseline -0.001 -17"><span class='ocrx_word' id='word_1_112' title='bbox 604 1702 804 1782; x_wconf 87' lang='grc' dir='ltr'>ἄκρον</span> <span class='ocrx_word' id='word_1_113' title='bbox 860 1703 1109 1784; x_wconf 85' lang='grc' dir='ltr'>Θρᾴκης</span> <span class='ocrx_word' id='word_1_114' title='bbox 1164 1703 1267 1766; x_wconf 88' lang='grc' dir='ltr'>καὶ</span> <span class='ocrx_word' id='word_1_115' title='bbox 1321 1701 1753 1783; x_wconf 83' lang='grc' dir='ltr'>Μακεδονίας,</span> <span class='ocrx_word' id='word_1_116' title='bbox 1808 1701 1847 1765; x_wconf 87' lang='grc' dir='ltr'>ὃ</span> <span class='ocrx_word' id='word_1_117' title='bbox 1905 1701 2009 1764; x_wconf 90' lang='grc' dir='ltr'>καὶ</span> <span class='ocrx_word' id='word_1_118' title='bbox 2067 1700 2430 1779; x_wconf 91' lang='grc' dir='ltr'>Κάναςτρον</span> <span class='ocrx_word' id='word_1_119' title='bbox 2488 1701 2769 1783; x_wconf 88' lang='grc' dir='ltr'>λέγεται,</span> <span class='ocrx_word' id='word_1_120' title='bbox 2824 1702 2925 1766; x_wconf 84' lang='grc' dir='ltr'>καὶ</span> <span class='ocrx_word' id='word_1_121' title='bbox 2980 1702 3189 1781; x_wconf 87' lang='grc' dir='ltr'>Ἀρα-</span> 
     </span>
     <span class='ocr_line' id='line_1_15' title="bbox 602 1799 3190 1884; baseline -0.001 -15"><span class='ocrx_word' id='word_1_122' title='bbox 602 1807 885 1884; x_wconf 92' lang='grc' dir='ltr'>χναῖον</span> <span class='ocrx_word' id='word_1_123' title='bbox 931 1802 1089 1881; x_wconf 82' lang='grc' dir='ltr'>ὄρος</span> <span class='ocrx_word' id='word_1_124' title='bbox 1130 1803 1418 1880; x_wconf 85' lang='grc' dir='ltr'>Ἄργους.</span> <span class='ocrx_word' id='word_1_125' title='bbox 1505 1803 1899 1881; x_wconf 85' lang='grc' dir='ltr'>Καλλίμαχος</span> <span class='ocrx_word' id='word_1_126' title='bbox 1941 1801 2168 1866; x_wconf 89' lang='grc' dir='ltr'>Αἰτίων</span> <span class='ocrx_word' id='word_1_127' title='bbox 2215 1799 2291 1865; x_wconf 80' lang='grc' dir='ltr'>α’.</span> <span class='ocrx_word' id='word_1_128' title='bbox 2355 1802 2458 1866; x_wconf 79' lang='grc' dir='ltr'>καὶ</span> <span class='ocrx_word' id='word_1_129' title='bbox 2502 1802 2960 1881; x_wconf 85' lang='grc' dir='ltr'>Ἀμυκλαῖον</span> <span class='ocrx_word' id='word_1_130' title='bbox 3005 1804 3190 1868; x_wconf 90' lang='grc' dir='ltr'>πόλις</span> 
     </span>
     <span class='ocr_line' id='line_1_16' title="bbox 503 1902 3190 1989; baseline -0.001 -19"><span class='ocrx_word' id='word_1_131' title='bbox 503 1911 566 1962; x_wconf 85' lang='grc'>15</span> <span class='ocrx_word' id='word_1_132' title='bbox 603 1906 673 1970; x_wconf 88' lang='grc' dir='ltr'>ἐν</span> <span class='ocrx_word' id='word_1_133' title='bbox 724 1905 927 1989; x_wconf 86' lang='grc' dir='ltr'>Κρήτῃ</span> <span class='ocrx_word' id='word_1_134' title='bbox 972 1905 1074 1968; x_wconf 90' lang='grc' dir='ltr'>καὶ</span> <span class='ocrx_word' id='word_1_135' title='bbox 1118 1903 1333 1982; x_wconf 87' lang='grc' dir='ltr'>ὅρμος.</span> <span class='ocrx_word' id='word_1_136' title='bbox 1422 1904 1501 1968; x_wconf 86' lang='grc' dir='ltr'>τὰ</span> <span class='ocrx_word' id='word_1_137' title='bbox 1544 1904 1666 1982; x_wconf 86' lang='grc' dir='ltr'>γὰρ</span> <span class='ocrx_word' id='word_1_138' title='bbox 1712 1904 1817 1968; x_wconf 90' lang='grc' dir='ltr'>διὰ</span> <span class='ocrx_word' id='word_1_139' title='bbox 1861 1906 1977 1967; x_wconf 87' lang='grc' dir='ltr'>τοῦ</span> <span class='ocrx_word' id='word_1_140' title='bbox 2021 1905 2172 1966; x_wconf 55' lang='grc' dir='ltr'>ἇῐῡ</span> <span class='ocrx_word' id='word_1_141' title='bbox 2227 1902 2401 1967; x_wconf 87' lang='grc' dir='ltr'>ἁπλᾶ</span> <span class='ocrx_word' id='word_1_142' title='bbox 2458 1903 2619 1981; x_wconf 81' lang='grc' dir='ltr'>ὑπὲρ</span> <span class='ocrx_word' id='word_1_143' title='bbox 2663 1906 2832 1982; x_wconf 88' lang='grc' dir='ltr'>τρεῖς</span> <span class='ocrx_word' id='word_1_144' title='bbox 2878 1904 3190 1984; x_wconf 84' lang='grc' dir='ltr'>ςυλλαβάς</span> 
     </span>
     <span class='ocr_line' id='line_1_17' title="bbox 603 2003 3188 2086; baseline -0.002 -14"><span class='ocrx_word' id='word_1_145' title='bbox 603 2007 840 2086; x_wconf 89' lang='grc' dir='ltr'>ἔχοντα</span> <span class='ocrx_word' id='word_1_146' title='bbox 881 2008 997 2084; x_wconf 87' lang='grc' dir='ltr'>τὴν</span> <span class='ocrx_word' id='word_1_147' title='bbox 1041 2004 1348 2083; x_wconf 87' lang='grc' dir='ltr'>τετάρτην</span> <span class='ocrx_word' id='word_1_148' title='bbox 1393 2003 1525 2068; x_wconf 88' lang='grc' dir='ltr'>ἀπὸ</span> <span class='ocrx_word' id='word_1_149' title='bbox 1570 2005 1795 2068; x_wconf 85' lang='grc' dir='ltr'>τέλους</span> <span class='ocrx_word' id='word_1_150' title='bbox 1843 2005 1947 2068; x_wconf 90' lang='grc' dir='ltr'>διὰ</span> <span class='ocrx_word' id='word_1_151' title='bbox 1991 2007 2108 2068; x_wconf 83' lang='grc' dir='ltr'>τοῦ</span> <span class='ocrx_word' id='word_1_152' title='bbox 2154 2006 2197 2066; x_wconf 79' lang='grc' dir='ltr'>ἃ</span> <span class='ocrx_word' id='word_1_153' title='bbox 2241 2005 2343 2068; x_wconf 89' lang='grc' dir='ltr'>καὶ</span> <span class='ocrx_word' id='word_1_154' title='bbox 2398 2005 2513 2082; x_wconf 87' lang='grc' dir='ltr'>τὴν</span> <span class='ocrx_word' id='word_1_155' title='bbox 2559 2004 2699 2082; x_wconf 87' lang='grc' dir='ltr'>ἑξῆς</span> <span class='ocrx_word' id='word_1_156' title='bbox 2755 2006 2860 2069; x_wconf 87' lang='grc' dir='ltr'>διὰ</span> <span class='ocrx_word' id='word_1_157' title='bbox 2902 2009 3020 2070; x_wconf 83' lang='grc' dir='ltr'>τοῦ</span> <span class='ocrx_word' id='word_1_158' title='bbox 3066 2009 3107 2067; x_wconf 86' lang='grc' dir='ltr'>ᾶ</span> <span class='ocrx_word' id='word_1_159' title='bbox 3149 2006 3188 2082; x_wconf 85' lang='grc' dir='ltr'>ἢ</span> 
     </span>
     <span class='ocr_line' id='line_1_18' title="bbox 603 2105 3189 2185; baseline -0.001 -13"><span class='ocrx_word' id='word_1_160' title='bbox 603 2109 708 2173; x_wconf 86' lang='grc' dir='ltr'>διὰ</span> <span class='ocrx_word' id='word_1_161' title='bbox 751 2112 868 2172; x_wconf 82' lang='grc' dir='ltr'>τοῦ</span> <span class='ocrx_word' id='word_1_162' title='bbox 911 2110 950 2170; x_wconf 79' lang='grc' dir='ltr'>ὓ</span> <span class='ocrx_word' id='word_1_163' title='bbox 995 2109 1384 2185; x_wconf 86' lang='grc' dir='ltr'>περιςπᾶται.</span> <span class='ocrx_word' id='word_1_164' title='bbox 1473 2106 1831 2183; x_wconf 90' lang='grc' dir='ltr'>πρόςκειται</span> <span class='ocrx_word' id='word_1_165' title='bbox 1878 2106 1935 2170; x_wconf 82' lang='grc' dir='ltr'>δ’</span> <span class='ocrx_word' id='word_1_166' title='bbox 1981 2105 2154 2169; x_wconf 87' lang='grc' dir='ltr'>ἁπλᾶ</span> <span class='ocrx_word' id='word_1_167' title='bbox 2199 2106 2303 2169; x_wconf 89' lang='grc' dir='ltr'>διὰ</span> <span class='ocrx_word' id='word_1_168' title='bbox 2345 2105 2421 2169; x_wconf 90' lang='grc' dir='ltr'>τὸ</span> <span class='ocrx_word' id='word_1_169' title='bbox 2466 2106 2915 2181; x_wconf 88' lang='grc' dir='ltr'>κατάγαιον.</span> <span class='ocrx_word' id='word_1_170' title='bbox 2982 2105 3072 2170; x_wconf 84' lang='grc' dir='ltr'>ἔτι</span> <span class='ocrx_word' id='word_1_171' title='bbox 3119 2108 3189 2170; x_wconf 78' lang='grc' dir='ltr'>δὲ</span> 
     </span>
     <span class='ocr_line' id='line_1_19' title="bbox 601 2204 3187 2290; baseline 0 -17"><span class='ocrx_word' id='word_1_172' title='bbox 601 2211 704 2274; x_wconf 89' lang='grc' dir='ltr'>καὶ</span> <span class='ocrx_word' id='word_1_173' title='bbox 757 2209 832 2273; x_wconf 88' lang='grc' dir='ltr'>τὸ</span> <span class='ocrx_word' id='word_1_174' title='bbox 889 2207 1384 2288; x_wconf 79' lang='grc' dir='ltr'>(τεφαναῖον</span> <span class='ocrx_word' id='word_1_175' title='bbox 1440 2207 1626 2272; x_wconf 90' lang='grc' dir='ltr'>πόλις</span> <span class='ocrx_word' id='word_1_176' title='bbox 1670 2206 1993 2289; x_wconf 84' lang='grc' dir='ltr'>Φωκίδος,</span> <span class='ocrx_word' id='word_1_177' title='bbox 2047 2207 2086 2283; x_wconf 89' lang='grc' dir='ltr'>ἣ</span> <span class='ocrx_word' id='word_1_178' title='bbox 2144 2207 2245 2270; x_wconf 88' lang='grc' dir='ltr'>καὶ</span> <span class='ocrx_word' id='word_1_179' title='bbox 2291 2204 2584 2286; x_wconf 80' lang='grc' dir='ltr'>(τεφάνη</span> <span class='ocrx_word' id='word_1_180' title='bbox 2631 2208 2913 2290; x_wconf 86' lang='grc' dir='ltr'>λέγεται,</span> <span class='ocrx_word' id='word_1_181' title='bbox 2968 2207 3070 2271; x_wconf 86' lang='grc' dir='ltr'>καὶ</span> <span class='ocrx_word' id='word_1_182' title='bbox 3112 2208 3187 2273; x_wconf 88' lang='grc' dir='ltr'>τὸ</span> 
     </span>
     <span class='ocr_line' id='line_1_20' title="bbox 606 2303 3186 2392; baseline -0.001 -18"><span class='ocrx_word' id='word_1_183' title='bbox 606 2311 1094 2392; x_wconf 89' lang='grc' dir='ltr'>Κορυφαῖον,</span> <span class='ocrx_word' id='word_1_184' title='bbox 1138 2309 1294 2387; x_wconf 88' lang='grc' dir='ltr'>ὄρος</span> <span class='ocrx_word' id='word_1_185' title='bbox 1339 2308 1466 2373; x_wconf 83' lang='grc' dir='ltr'>ἑςτὶ</span> <span class='ocrx_word' id='word_1_186' title='bbox 1507 2311 1642 2372; x_wconf 86' lang='grc' dir='ltr'>τῶν</span> <span class='ocrx_word' id='word_1_187' title='bbox 1677 2307 2125 2388; x_wconf 82' lang='grc' dir='ltr'>Ἐπιδαυρίων,</span> <span class='ocrx_word' id='word_1_188' title='bbox 2171 2306 2240 2372; x_wconf 83' lang='grc' dir='ltr'>ἐν</span> <span class='ocrx_word' id='word_1_189' title='bbox 2288 2307 2340 2389; x_wconf 87' lang='grc' dir='ltr'>ᾧ</span> <span class='ocrx_word' id='word_1_190' title='bbox 2386 2303 2631 2387; x_wconf 71' lang='grc' dir='ltr'>τιμᾶται</span> <span class='ocrx_word' id='word_1_191' title='bbox 2660 2309 2949 2388; x_wconf 83' lang='grc' dir='ltr'>Ἄρτεμις</span> <span class='ocrx_word' id='word_1_192' title='bbox 2991 2309 3186 2386; x_wconf 83' lang='grc' dir='ltr'>Κορυ-</span> 
     </span>
     <span class='ocr_line' id='line_1_21' title="bbox 499 2406 3186 2494; baseline 0.001 -24"><span class='ocrx_word' id='word_1_193' title='bbox 499 2420 568 2471; x_wconf 82' lang='lat'>20</span> <span class='ocrx_word' id='word_1_194' title='bbox 602 2412 778 2491; x_wconf 90' lang='grc' dir='ltr'>φαία.</span> <span class='ocrx_word' id='word_1_195' title='bbox 864 2411 1226 2476; x_wconf 92' lang='grc' dir='ltr'>Παυςανίας</span> <span class='ocrx_word' id='word_1_196' title='bbox 1272 2411 1551 2494; x_wconf 85' lang='grc' dir='ltr'>δευτέρῳ</span> <span class='ocrx_word' id='word_1_197' title='bbox 1600 2410 1685 2491; x_wconf 88' lang='grc' dir='ltr'>(ο.</span> <span class='ocrx_word' id='word_1_198' title='bbox 1730 2407 1848 2491; x_wconf 90' lang='grc'>28,</span> <span class='ocrx_word' id='word_1_199' title='bbox 1893 2406 1978 2489; x_wconf 91' lang='grc'>2).</span> <span class='ocrx_word' id='word_1_200' title='bbox 2050 2409 2155 2472; x_wconf 89' lang='grc' dir='ltr'>καὶ</span> <span class='ocrx_word' id='word_1_201' title='bbox 2196 2410 2272 2473; x_wconf 89' lang='grc' dir='ltr'>τὸ</span> <span class='ocrx_word' id='word_1_202' title='bbox 2318 2409 2866 2489; x_wconf 89' lang='grc' dir='ltr'>Τιλφωςςαῑον</span> <span class='ocrx_word' id='word_1_203' title='bbox 2913 2407 3069 2487; x_wconf 89' lang='grc' dir='ltr'>ὄρος</span> <span class='ocrx_word' id='word_1_204' title='bbox 3115 2411 3186 2474; x_wconf 85' lang='grc' dir='ltr'>ἐν</span> 
     </span>
     <span class='ocr_line' id='line_1_22' title="bbox 602 2512 2135 2595; baseline -0.004 -17"><span class='ocrx_word' id='word_1_205' title='bbox 602 2512 1073 2595; x_wconf 87' lang='grc' dir='ltr'>Ἀλαλκομενίᾳ.</span> <span class='ocrx_word' id='word_1_206' title='bbox 1159 2512 1443 2590; x_wconf 82' lang='grc' dir='ltr'>Ἔφορος</span> <span class='ocrx_word' id='word_1_207' title='bbox 1485 2546 1571 2556; x_wconf 92' lang='grc'>-</span> <span class='ocrx_word' id='word_1_208' title='bbox 1614 2512 2135 2588; x_wconf 90' lang='grc' dir='ltr'>προπεριςπᾶται.</span> 
     </span>
     <span class='ocr_line' id='line_1_23' title="bbox 770 2607 3185 2696; baseline 0 -18"><span class='ocrx_word' id='word_1_209' title='bbox 770 2614 864 2678; x_wconf 89' lang='grc' dir='ltr'>Τὰ</span> <span class='ocrx_word' id='word_1_210' title='bbox 918 2613 1023 2678; x_wconf 86' lang='grc' dir='ltr'>διὰ</span> <span class='ocrx_word' id='word_1_211' title='bbox 1077 2616 1193 2677; x_wconf 81' lang='grc' dir='ltr'>τοῦ</span> <span class='ocrx_word' id='word_1_212' title='bbox 1247 2614 1388 2675; x_wconf 68' lang='grc' dir='ltr'>ἒῐὸν</span> <span class='ocrx_word' id='word_1_213' title='bbox 1442 2611 1824 2690; x_wconf 86' lang='grc' dir='ltr'>τριςύλλαβα</span> <span class='ocrx_word' id='word_1_214' title='bbox 1878 2610 2432 2688; x_wconf 85' lang='grc' dir='ltr'>προπαροξύνεται</span> <span class='ocrx_word' id='word_1_215' title='bbox 2496 2613 2681 2691; x_wconf 90' lang='grc' dir='ltr'>κύρια</span> <span class='ocrx_word' id='word_1_216' title='bbox 2736 2612 2925 2696; x_wconf 85' lang='grc' dir='ltr'>ὄντα,</span> <span class='ocrx_word' id='word_1_217' title='bbox 2958 2607 3185 2678; x_wconf 70' lang='lat'>‘&#39;3013-</span> 
     </span>
     <span class='ocr_line' id='line_1_24' title="bbox 603 2710 3185 2797; baseline 0.001 -18"><span class='ocrx_word' id='word_1_218' title='bbox 603 2721 842 2781; x_wconf 88' lang='grc' dir='ltr'>δειον.</span> <span class='ocrx_word' id='word_1_219' title='bbox 897 2714 1182 2794; x_wconf 88' lang='grc' dir='ltr'>Ὅμηρος</span> <span class='ocrx_word' id='word_1_220' title='bbox 1229 2712 1341 2778; x_wconf 85' lang='grc' dir='ltr'>«ὅς</span> <span class='ocrx_word' id='word_1_221' title='bbox 1389 2712 1453 2791; x_wconf 81' lang='grc' dir='ltr'>ῥ’</span> <span class='ocrx_word' id='word_1_222' title='bbox 1498 2712 1567 2777; x_wconf 85' lang='grc' dir='ltr'>ἐν</span> <span class='ocrx_word' id='word_1_223' title='bbox 1615 2712 1900 2795; x_wconf 84' lang='grc' dir='ltr'>Βουδείῳ</span> <span class='ocrx_word' id='word_1_224' title='bbox 1946 2710 2018 2776; x_wconf 81' lang='grc' dir='ltr'>εὖ</span> <span class='ocrx_word' id='word_1_225' title='bbox 2063 2713 2423 2797; x_wconf 78' lang='grc' dir='ltr'>ναιομένῳ»</span> <span class='ocrx_word' id='word_1_226' title='bbox 2479 2710 2588 2797; x_wconf 92' lang='lat' dir='ltr'><strong>(Il.</strong></span> <span class='ocrx_word' id='word_1_227' title='bbox 2635 2715 2700 2779; x_wconf 96' lang='grc' dir='ltr'>Π</span> <span class='ocrx_word' id='word_1_228' title='bbox 2741 2714 2914 2797; x_wconf 81' lang='grc'>572).</span> <span class='ocrx_word' id='word_1_229' title='bbox 3000 2715 3185 2782; x_wconf 90' lang='grc' dir='ltr'>πόλις</span> 
     </span>
     <span class='ocr_line' id='line_1_25' title="bbox 467 2812 3184 2902; baseline 0.001 -22"><span class='ocrx_word' id='word_1_230' title='bbox 467 2866 476 2870; x_wconf 81' lang='lat'>-</span> <span class='ocrx_word' id='word_1_231' title='bbox 555 2899 559 2902; x_wconf 9' lang='grc' dir='ltr'><em>Α</em></span> <span class='ocrx_word' id='word_1_232' title='bbox 602 2818 673 2881; x_wconf 84' lang='grc' dir='ltr'>ἐν</span> <span class='ocrx_word' id='word_1_233' title='bbox 717 2816 1051 2899; x_wconf 87' lang='grc' dir='ltr'>Μαγνηςίᾳ</span> <span class='ocrx_word' id='word_1_234' title='bbox 1095 2822 1171 2900; x_wconf 85' lang='grc' dir='ltr'>τῇ</span> <span class='ocrx_word' id='word_1_235' title='bbox 1218 2816 1376 2879; x_wconf 88' lang='grc' dir='ltr'>κατὰ</span> <span class='ocrx_word' id='word_1_236' title='bbox 1421 2813 1731 2891; x_wconf 84' lang='grc' dir='ltr'>Εὐρώπην</span> <span class='ocrx_word' id='word_1_237' title='bbox 1777 2812 1909 2877; x_wconf 88' lang='grc' dir='ltr'>ἀπὸ</span> <span class='ocrx_word' id='word_1_238' title='bbox 1961 2817 2078 2877; x_wconf 82' lang='grc' dir='ltr'>τοῦ</span> <span class='ocrx_word' id='word_1_239' title='bbox 2123 2815 2476 2881; x_wconf 89' lang='grc' dir='ltr'>οἰκίςαντος</span> <span class='ocrx_word' id='word_1_240' title='bbox 2522 2816 2847 2881; x_wconf 89' lang='grc' dir='ltr'>Βουδείου.</span> <span class='ocrx_word' id='word_1_241' title='bbox 2937 2818 3184 2893; x_wconf 90' lang='grc' dir='ltr'>λέγεται</span> 
     </span>
     <span class='ocr_line' id='line_1_26' title="bbox 427 2913 3181 2999; baseline 0 -20"><span class='ocrx_word' id='word_1_242' title='bbox 427 2948 436 2957; x_wconf 85' lang='grc'>·</span> <span class='ocrx_word' id='word_1_243' title='bbox 500 2930 566 2979; x_wconf 77' lang='lat'>25</span> <span class='ocrx_word' id='word_1_244' title='bbox 602 2920 705 2983; x_wconf 87' lang='grc' dir='ltr'>καὶ</span> <span class='ocrx_word' id='word_1_245' title='bbox 759 2917 1045 2982; x_wconf 90' lang='grc' dir='ltr'>Βούδεια.</span> <span class='ocrx_word' id='word_1_246' title='bbox 1137 2916 1580 2981; x_wconf 89' lang='grc' dir='ltr'>Χλούνειον</span> <span class='ocrx_word' id='word_1_247' title='bbox 1616 2913 1849 2979; x_wconf 62' lang='grc' dir='ltr'>,τόπος</span> <span class='ocrx_word' id='word_1_248' title='bbox 1916 2914 1986 2978; x_wconf 88' lang='grc' dir='ltr'>ἐν</span> <span class='ocrx_word' id='word_1_249' title='bbox 2042 2916 2346 2999; x_wconf 87' lang='grc' dir='ltr'>Αἰτωλίᾳ,</span> <span class='ocrx_word' id='word_1_250' title='bbox 2411 2917 2581 2982; x_wconf 86' lang='grc' dir='ltr'>ὅπου</span> <span class='ocrx_word' id='word_1_251' title='bbox 2647 2916 2727 2995; x_wconf 90' lang='grc' dir='ltr'>ἦν</span> <span class='ocrx_word' id='word_1_252' title='bbox 2791 2917 2830 2981; x_wconf 87' lang='grc' dir='ltr'>ὁ</span> <span class='ocrx_word' id='word_1_253' title='bbox 2887 2920 3181 2997; x_wconf 90' lang='grc' dir='ltr'>χλούνης.</span> 
     </span>
    </p>
   </div>
   <div class='ocr_carea' id='block_1_3' title="bbox 602 3090 942 3098">
    <p class='ocr_par' dir='ltr' id='par_1_3' title="bbox 602 3090 942 3098">
     <span class='ocr_line' id='line_1_27' title="bbox 602 3090 942 3098; baseline 0 2448"><span class='ocrx_word' id='word_1_254' title='bbox 602 3090 942 3098; x_wconf 95' lang='lat' dir='ltr'> </span> 
     </span>
    </p>
   </div>
   <div class='ocr_carea' id='block_1_4' title="bbox 587 3198 3183 4826">
    <p class='ocr_par' dir='ltr' id='par_1_4' title="bbox 587 3198 3183 4826">
     <span class='ocr_line' id='line_1_28' title="bbox 602 3198 3179 3269; baseline 0.001 -15"><span class='ocrx_word' id='word_1_255' title='bbox 602 3219 745 3267; x_wconf 88' lang='grc' dir='ltr'>νως,</span> <span class='ocrx_word' id='word_1_256' title='bbox 784 3206 915 3255; x_wconf 83' lang='lat' dir='ltr'><strong>item</strong></span> <span class='ocrx_word' id='word_1_257' title='bbox 952 3204 1244 3268; x_wconf 80' lang='lat' dir='ltr'><strong>sequentia</strong></span> <span class='ocrx_word' id='word_1_258' title='bbox 1289 3218 1460 3267; x_wconf 85' lang='lat' dir='ltr'><strong>usque</strong></span> <span class='ocrx_word' id='word_1_259' title='bbox 1508 3202 1578 3251; x_wconf 84' lang='lat' dir='ltr'>ad</span> <span class='ocrx_word' id='word_1_260' title='bbox 1616 3200 1945 3263; x_wconf 85' lang='grc' dir='ltr'>Τυμὲναιον.</span> <span class='ocrx_word' id='word_1_261' title='bbox 2016 3204 2171 3253; x_wconf 83' lang='lat' dir='ltr'><strong>Inter</strong></span> <span class='ocrx_word' id='word_1_262' title='bbox 2216 3208 2449 3269; x_wconf 81' lang='lat' dir='ltr'><strong>excepta</strong></span> <span class='ocrx_word' id='word_1_263' title='bbox 2493 3203 2661 3253; x_wconf 79' lang='lat' dir='ltr'><strong>refert</strong></span> <span class='ocrx_word' id='word_1_264' title='bbox 2703 3198 2970 3256; x_wconf 68' lang='lat' dir='ltr'><strong>Ardadius</strong></span> <span class='ocrx_word' id='word_1_265' title='bbox 3004 3203 3179 3257; x_wconf 87' lang='grc' dir='ltr'>Χαλα-</span> 
     </span>
     <span class='ocr_line' id='line_1_29' title="bbox 601 3268 3183 3338; baseline 0 -15"><span class='ocrx_word' id='word_1_266' title='bbox 601 3275 830 3336; x_wconf 87' lang='grc' dir='ltr'>ςτραῖον</span> <span class='ocrx_word' id='word_1_267' title='bbox 878 3268 1098 3335; x_wconf 82' lang='grc' dir='ltr'>νίτρον,</span> <span class='ocrx_word' id='word_1_268' title='bbox 1147 3269 1525 3333; x_wconf 80' lang='grc' dir='ltr'>(τεφαναῖον,</span> <span class='ocrx_word' id='word_1_269' title='bbox 1565 3268 1977 3332; x_wconf 68' lang='grc' dir='ltr'>Ἠλακαταῖον,</span> <span class='ocrx_word' id='word_1_270' title='bbox 2015 3268 2319 3334; x_wconf 88' lang='grc' dir='ltr'>Καςτραῖον</span> <span class='ocrx_word' id='word_1_271' title='bbox 2365 3271 2467 3321; x_wconf 91' lang='lat' dir='ltr'>hoc</span> <span class='ocrx_word' id='word_1_272' title='bbox 2510 3272 2716 3321; x_wconf 83' lang='lat' dir='ltr'><strong>ordine.</strong></span> <span class='ocrx_word' id='word_1_273' title='bbox 2798 3273 3183 3338; x_wconf 77' lang='lat' dir='ltr'><strong>Theognostus</strong></span> 
     </span>
     <span class='ocr_line' id='line_1_30' title="bbox 602 3336 3179 3403; baseline 0 -13"><span class='ocrx_word' id='word_1_274' title='bbox 602 3340 800 3390; x_wconf 83' lang='lat' dir='ltr'><strong>eadem</strong></span> <span class='ocrx_word' id='word_1_275' title='bbox 833 3341 1064 3403; x_wconf 79' lang='lat' dir='ltr'><strong>praebet</strong></span> <span class='ocrx_word' id='word_1_276' title='bbox 1109 3338 1319 3389; x_wconf 78' lang='lat' dir='ltr'><strong>addens</strong></span> <span class='ocrx_word' id='word_1_277' title='bbox 1357 3336 1692 3399; x_wconf 73' lang='grc' dir='ltr'>Ἀμυκλαῖον</span> <span class='ocrx_word' id='word_1_278' title='bbox 1737 3344 1792 3387; x_wconf 82' lang='lat' dir='ltr'>et</span> <span class='ocrx_word' id='word_1_279' title='bbox 1831 3336 2188 3401; x_wconf 86' lang='grc' dir='ltr'>Ἀραχναῖον,</span> <span class='ocrx_word' id='word_1_280' title='bbox 2238 3338 2318 3394; x_wconf 84' lang='lat' dir='ltr'>St,</span> <span class='ocrx_word' id='word_1_281' title='bbox 2355 3340 2418 3391; x_wconf 90' lang='lat' dir='ltr'>B.</span> <span class='ocrx_word' id='word_1_282' title='bbox 2467 3355 2508 3389; x_wconf 80' lang='lat' dir='ltr'>s.</span> <span class='ocrx_word' id='word_1_283' title='bbox 2547 3337 2903 3401; x_wconf 80' lang='grc' dir='ltr'>Ἀραχναῖον,</span> <span class='ocrx_word' id='word_1_284' title='bbox 2952 3341 3048 3390; x_wconf 89' lang='lat' dir='ltr'>ubi</span> <span class='ocrx_word' id='word_1_285' title='bbox 3092 3356 3179 3391; x_wconf 82' lang='lat' dir='ltr'>ca-</span> 
     </span>
     <span class='ocr_line' id='line_1_31' title="bbox 603 3403 3179 3472; baseline 0.001 -15"><span class='ocrx_word' id='word_1_286' title='bbox 603 3423 800 3457; x_wconf 82' lang='lat' dir='ltr'><strong>nonem</strong></span> <span class='ocrx_word' id='word_1_287' title='bbox 834 3405 907 3456; x_wconf 83' lang='grc' dir='ltr'>τὰ</span> <span class='ocrx_word' id='word_1_288' title='bbox 941 3405 1030 3457; x_wconf 86' lang='grc' dir='ltr'>διὰ</span> <span class='ocrx_word' id='word_1_289' title='bbox 1064 3407 1167 3455; x_wconf 80' lang='grc' dir='ltr'>τοῦ</span> <span class='ocrx_word' id='word_1_290' title='bbox 1207 3419 1330 3455; x_wconf 85' lang='grc' dir='ltr'>αιον</span> <span class='ocrx_word' id='word_1_291' title='bbox 1374 3431 1441 3439; x_wconf 95' lang='grc'><strong>-</strong></span> <span class='ocrx_word' id='word_1_292' title='bbox 1477 3403 1807 3467; x_wconf 87' lang='grc' dir='ltr'>κατάγαιον,</span> <span class='ocrx_word' id='word_1_293' title='bbox 1850 3420 2006 3469; x_wconf 89' lang='lat' dir='ltr'><strong>quem</strong></span> <span class='ocrx_word' id='word_1_294' title='bbox 2044 3405 2081 3457; x_wconf 87' lang='lat'>1.</span> <span class='ocrx_word' id='word_1_295' title='bbox 2112 3408 2307 3456; x_wconf 84' lang='lat'>15—18</span> <span class='ocrx_word' id='word_1_296' title='bbox 2345 3408 2625 3471; x_wconf 82' lang='lat' dir='ltr'>proposui,</span> <span class='ocrx_word' id='word_1_297' title='bbox 2666 3409 2906 3472; x_wconf 77' lang='lat' dir='ltr'>profert,</span> <span class='ocrx_word' id='word_1_298' title='bbox 2948 3406 3179 3459; x_wconf 80' lang='grc' dir='ltr'>Ἠλακα-</span> 
     </span>
     <span class='ocr_line' id='line_1_32' title="bbox 601 3472 3176 3538; baseline 0 -14"><span class='ocrx_word' id='word_1_299' title='bbox 601 3477 763 3525; x_wconf 90' lang='grc' dir='ltr'>ταῖον</span> <span class='ocrx_word' id='word_1_300' title='bbox 801 3474 1031 3531; x_wconf 77' lang='lat' dir='ltr'><strong>omittit,</strong></span> <span class='ocrx_word' id='word_1_301' title='bbox 1070 3472 1212 3538; x_wconf 85' lang='lat' dir='ltr'>quod</span> <span class='ocrx_word' id='word_1_302' title='bbox 1249 3478 1433 3523; x_wconf 78' lang='lat' dir='ltr'><strong>tamen</strong></span> <span class='ocrx_word' id='word_1_303' title='bbox 1471 3488 1512 3523; x_wconf 82' lang='lat' dir='ltr'>s.</span> <span class='ocrx_word' id='word_1_304' title='bbox 1550 3473 1603 3521; x_wconf 90' lang='lat' dir='ltr'>h.</span> <span class='ocrx_word' id='word_1_305' title='bbox 1640 3489 1692 3524; x_wconf 81' lang='lat' dir='ltr'>v.</span> <span class='ocrx_word' id='word_1_306' title='bbox 1740 3472 1842 3521; x_wconf 86' lang='lat' dir='ltr'>hoc</span> <span class='ocrx_word' id='word_1_307' title='bbox 1880 3477 2110 3522; x_wconf 79' lang='lat' dir='ltr'><strong>accentu</strong></span> <span class='ocrx_word' id='word_1_308' title='bbox 2154 3474 2417 3538; x_wconf 83' lang='lat' dir='ltr'><strong>scriptum</strong></span> <span class='ocrx_word' id='word_1_309' title='bbox 2462 3473 2655 3535; x_wconf 80' lang='lat' dir='ltr'><strong>habet,</strong></span> <span class='ocrx_word' id='word_1_310' title='bbox 2703 3480 2761 3525; x_wconf 80' lang='lat' dir='ltr'>et</span> <span class='ocrx_word' id='word_1_311' title='bbox 2807 3473 3176 3538; x_wconf 67' lang='grc' dir='ltr'>(τεφανιΐιον,</span> 
     </span>
     <span class='ocr_line' id='line_1_33' title="bbox 603 3536 3181 3607; baseline 0.001 -16"><span class='ocrx_word' id='word_1_312' title='bbox 603 3544 743 3607; x_wconf 57' lang='lat' dir='ltr'><strong>quire</strong></span> <span class='ocrx_word' id='word_1_313' title='bbox 779 3542 932 3593; x_wconf 81' lang='lat' dir='ltr'><strong>urbis</strong></span> <span class='ocrx_word' id='word_1_314' title='bbox 969 3538 1231 3604; x_wconf 79' lang='grc' dir='ltr'>(τεφάνη</span> <span class='ocrx_word' id='word_1_315' title='bbox 1269 3540 1444 3590; x_wconf 78' lang='lat' dir='ltr'><strong>forma</strong></span> <span class='ocrx_word' id='word_1_316' title='bbox 1481 3556 1522 3591; x_wconf 80' lang='lat' dir='ltr'>s.</span> <span class='ocrx_word' id='word_1_317' title='bbox 1559 3555 1610 3590; x_wconf 79' lang='lat' dir='ltr'>v·</span> <span class='ocrx_word' id='word_1_318' title='bbox 1648 3537 1911 3602; x_wconf 80' lang='grc' dir='ltr'>(τεφάνη</span> <span class='ocrx_word' id='word_1_319' title='bbox 1947 3539 2579 3598; x_wconf 71' lang='lat' dir='ltr'><strong>intercidisse=videtur;</strong></span> <span class='ocrx_word' id='word_1_320' title='bbox 2630 3543 2729 3593; x_wconf 80' lang='lat' dir='ltr'>sed</span> <span class='ocrx_word' id='word_1_321' title='bbox 2768 3536 3087 3606; x_wconf 80' lang='grc' dir='ltr'>Κορυφαῖον</span> <span class='ocrx_word' id='word_1_322' title='bbox 3124 3552 3181 3593; x_wconf 86' lang='lat' dir='ltr'>et</span> 
     </span>
     <span class='ocr_line' id='line_1_34' title="bbox 602 3606 3178 3688; baseline 0 -28"><span class='ocrx_word' id='word_1_323' title='bbox 602 3609 991 3673; x_wconf 84' lang='grc' dir='ltr'>Τιλφωςςαῑον</span> <span class='ocrx_word' id='word_1_324' title='bbox 1025 3608 1171 3657; x_wconf 84' lang='lat' dir='ltr'><strong>idem</strong></span> <span class='ocrx_word' id='word_1_325' title='bbox 1208 3608 1717 3688; x_wconf 80' lang='lat' dir='ltr'><strong>properispomenos</strong></span> <span class='ocrx_word' id='word_1_326' title='bbox 1791 3606 1978 3656; x_wconf 85' lang='lat' dir='ltr'><strong>rofert.</strong></span> <span class='ocrx_word' id='word_1_327' title='bbox 2046 3607 2191 3656; x_wconf 88' lang='lat' dir='ltr'><strong>Hinc</strong></span> <span class='ocrx_word' id='word_1_328' title='bbox 2227 3609 2518 3672; x_wconf 79' lang='lat' dir='ltr'><strong>sequentia</strong></span> <span class='ocrx_word' id='word_1_329' title='bbox 2553 3611 2725 3660; x_wconf 81' lang='lat' dir='ltr'><strong>verba</strong></span> <span class='ocrx_word' id='word_1_330' title='bbox 2763 3613 3041 3675; x_wconf 79' lang='lat' dir='ltr'><strong>composui</strong></span> <span class='ocrx_word' id='word_1_331' title='bbox 3076 3612 3178 3673; x_wconf 80' lang='lat' dir='ltr'><strong>ita,</strong></span> 
     </span>
     <span class='ocr_line' id='line_1_35' title="bbox 601 3674 3179 3742; baseline -0 -15"><span class='ocrx_word' id='word_1_332' title='bbox 601 3683 664 3727; x_wconf 88' lang='lat' dir='ltr'>ut</span> <span class='ocrx_word' id='word_1_333' title='bbox 701 3674 1056 3739; x_wconf 79' lang='grc' dir='ltr'>(τεφαναῖον</span> <span class='ocrx_word' id='word_1_334' title='bbox 1091 3675 1313 3726; x_wconf 79' lang='lat' dir='ltr'><strong>Arcadii</strong></span> <span class='ocrx_word' id='word_1_335' title='bbox 1347 3677 1405 3724; x_wconf 88' lang='lat' dir='ltr'>in</span> <span class='ocrx_word' id='word_1_336' title='bbox 1450 3677 1554 3724; x_wconf 76' lang='lat' dir='ltr'>fine</span> <span class='ocrx_word' id='word_1_337' title='bbox 1601 3688 1719 3723; x_wconf 82' lang='lat' dir='ltr'>cum</span> <span class='ocrx_word' id='word_1_338' title='bbox 1802 3677 2078 3737; x_wconf 86' lang='grc' dir='ltr'>ορυφαῖον</span> <span class='ocrx_word' id='word_1_339' title='bbox 2122 3682 2180 3724; x_wconf 86' lang='lat' dir='ltr'>et</span> <span class='ocrx_word' id='word_1_340' title='bbox 2216 3674 2603 3738; x_wconf 84' lang='grc' dir='ltr'>Τιλφωςςαῑον</span> <span class='ocrx_word' id='word_1_341' title='bbox 2647 3693 3048 3742; x_wconf 79' lang='lat' dir='ltr'><strong>componerem,</strong></span> <span class='ocrx_word' id='word_1_342' title='bbox 3085 3679 3179 3726; x_wconf 82' lang='lat' dir='ltr'>ad-</span> 
     </span>
     <span class='ocr_line' id='line_1_36' title="bbox 604 3738 3177 3809; baseline 0.001 -16"><span class='ocrx_word' id='word_1_343' title='bbox 604 3745 734 3794; x_wconf 87' lang='lat' dir='ltr'><strong>dere</strong></span> <span class='ocrx_word' id='word_1_344' title='bbox 771 3744 930 3809; x_wconf 86' lang='lat' dir='ltr'><strong>potui</strong></span> <span class='ocrx_word' id='word_1_345' title='bbox 965 3745 1200 3793; x_wconf 77' lang='lat' dir='ltr'><strong>fortasse</strong></span> <span class='ocrx_word' id='word_1_346' title='bbox 1239 3758 1306 3792; x_wconf 84' lang='lat' dir='ltr'>ex</span> <span class='ocrx_word' id='word_1_347' title='bbox 1343 3742 1423 3791; x_wconf 81' lang='lat' dir='ltr'>St.</span> <span class='ocrx_word' id='word_1_348' title='bbox 1460 3743 1522 3792; x_wconf 88' lang='lat' dir='ltr'>B.</span> <span class='ocrx_word' id='word_1_349' title='bbox 1558 3757 1601 3791; x_wconf 82' lang='lat' dir='ltr'>s.</span> <span class='ocrx_word' id='word_1_350' title='bbox 1635 3738 1886 3792; x_wconf 86' lang='grc' dir='ltr'>Πέλιννα</span> <span class='ocrx_word' id='word_1_351' title='bbox 1922 3739 2263 3792; x_wconf 86' lang='grc' dir='ltr'>Πελινναῖον</span> <span class='ocrx_word' id='word_1_352' title='bbox 2306 3742 2437 3807; x_wconf 82' lang='grc' dir='ltr'>ὄρος</span> <span class='ocrx_word' id='word_1_353' title='bbox 2474 3740 2607 3794; x_wconf 84' lang='grc' dir='ltr'>Χίου</span> <span class='ocrx_word' id='word_1_354' title='bbox 2642 3749 2702 3794; x_wconf 86' lang='lat' dir='ltr'>et</span> <span class='ocrx_word' id='word_1_355' title='bbox 2737 3743 3177 3807; x_wconf 82' lang='grc' dir='ltr'>ἑπιθετικώτερα</span> 
     </span>
     <span class='ocr_line' id='line_1_37' title="bbox 601 3807 3179 3875; baseline 0 -14"><span class='ocrx_word' id='word_1_356' title='bbox 601 3810 758 3862; x_wconf 82' lang='grc' dir='ltr'>ὄντα.</span> <span class='ocrx_word' id='word_1_357' title='bbox 839 3811 1130 3861; x_wconf 80' lang='lat' dir='ltr'><strong>Caeterum</strong></span> <span class='ocrx_word' id='word_1_358' title='bbox 1183 3808 1729 3859; x_wconf 77' lang='lat' dir='ltr'><strong>animadvertendum</strong></span> <span class='ocrx_word' id='word_1_359' title='bbox 1782 3814 1897 3870; x_wconf 75' lang='lat' dir='ltr'><strong>cet,</strong></span> <span class='ocrx_word' id='word_1_360' title='bbox 1956 3807 2316 3874; x_wconf 84' lang='grc' dir='ltr'>Ἀμυκλαῖον,</span> <span class='ocrx_word' id='word_1_361' title='bbox 2382 3826 2705 3875; x_wconf 78' lang='lat' dir='ltr'><strong>quamquam</strong></span> <span class='ocrx_word' id='word_1_362' title='bbox 2755 3814 2815 3861; x_wconf 84' lang='lat' dir='ltr'>in</span> <span class='ocrx_word' id='word_1_363' title='bbox 2869 3827 3078 3862; x_wconf 80' lang='lat' dir='ltr'><strong>canone</strong></span> <span class='ocrx_word' id='word_1_364' title='bbox 3135 3827 3179 3862; x_wconf 80' lang='lat' dir='ltr'><strong>e.</strong></span> 
     </span>
     <span class='ocr_line' id='line_1_38' title="bbox 604 3875 3175 3943; baseline -0 -13"><span class='ocrx_word' id='word_1_365' title='bbox 604 3878 932 3943; x_wconf 86' lang='grc' dir='ltr'>Ἀραχναῖον</span> <span class='ocrx_word' id='word_1_366' title='bbox 966 3879 1113 3927; x_wconf 83' lang='lat' dir='ltr'><strong>inter</strong></span> <span class='ocrx_word' id='word_1_367' title='bbox 1147 3878 1628 3943; x_wconf 82' lang='lat' dir='ltr'><strong>properispomena</strong></span> <span class='ocrx_word' id='word_1_368' title='bbox 1664 3875 1924 3937; x_wconf 77' lang='lat' dir='ltr'><strong>refertur,</strong></span> <span class='ocrx_word' id='word_1_369' title='bbox 1964 3892 2015 3940; x_wconf 89' lang='lat' dir='ltr'>p.</span> <span class='ocrx_word' id='word_1_370' title='bbox 2055 3879 2137 3939; x_wconf 88' lang='grc'>88,</span> <span class='ocrx_word' id='word_1_371' title='bbox 2173 3880 2205 3928; x_wconf 88' lang='grc'>3</span> <span class='ocrx_word' id='word_1_372' title='bbox 2244 3877 2579 3941; x_wconf 88' lang='grc' dir='ltr'>Ἀμύκλαιον</span> <span class='ocrx_word' id='word_1_373' title='bbox 2615 3879 2877 3943; x_wconf 82' lang='lat' dir='ltr'><strong>scriptum</strong></span> <span class='ocrx_word' id='word_1_374' title='bbox 2915 3894 3054 3928; x_wconf 80' lang='lat' dir='ltr'><strong>esse.</strong></span> <span class='ocrx_word' id='word_1_375' title='bbox 3089 3880 3175 3929; x_wconf 91' lang='lat' dir='ltr'>De</span> 
     </span>
     <span class='ocr_line' id='line_1_39' title="bbox 604 3943 3175 4010; baseline 0 -13"><span class='ocrx_word' id='word_1_376' title='bbox 604 3945 979 4010; x_wconf 87' lang='grc' dir='ltr'>Καναςτραῖον</span> <span class='ocrx_word' id='word_1_377' title='bbox 1013 3945 1151 3995; x_wconf 82' lang='lat' dir='ltr'><strong>libet</strong></span> <span class='ocrx_word' id='word_1_378' title='bbox 1187 3943 1524 4005; x_wconf 83' lang='lat' dir='ltr'><strong>exscribere,</strong></span> <span class='ocrx_word' id='word_1_379' title='bbox 1563 3958 1702 4006; x_wconf 80' lang='lat' dir='ltr'><strong>quae</strong></span> <span class='ocrx_word' id='word_1_380' title='bbox 1739 3943 1971 4006; x_wconf 79' lang='lat' dir='ltr'><strong>praebet</strong></span> <span class='ocrx_word' id='word_1_381' title='bbox 2006 3943 2088 3996; x_wconf 78' lang='lat' dir='ltr'>St.</span> <span class='ocrx_word' id='word_1_382' title='bbox 2127 3946 2188 3995; x_wconf 89' lang='grc' dir='ltr'>Β.</span> <span class='ocrx_word' id='word_1_383' title='bbox 2227 3960 2269 3994; x_wconf 81' lang='lat' dir='ltr'>e.</span> <span class='ocrx_word' id='word_1_384' title='bbox 2312 3944 2655 4010; x_wconf 88' lang='grc' dir='ltr'>Κάναςτρον;</span> <span class='ocrx_word' id='word_1_385' title='bbox 2703 3945 2773 3996; x_wconf 90' lang='grc' dir='ltr'>τὸ</span> <span class='ocrx_word' id='word_1_386' title='bbox 2810 3944 3034 3996; x_wconf 80' lang='grc' dir='ltr'>ἐθνικὸν</span> <span class='ocrx_word' id='word_1_387' title='bbox 3074 3945 3175 3997; x_wconf 85' lang='grc' dir='ltr'>Κα-</span> 
     </span>
     <span class='ocr_line' id='line_1_40' title="bbox 601 4006 3175 4079; baseline 0.002 -17"><span class='ocrx_word' id='word_1_388' title='bbox 601 4017 907 4078; x_wconf 90' lang='grc' dir='ltr'>ναςτραῖος.</span> <span class='ocrx_word' id='word_1_389' title='bbox 989 4011 1285 4075; x_wconf 78' lang='grc' dir='ltr'>Εοφοκλῆς</span> <span class='ocrx_word' id='word_1_390' title='bbox 1329 4009 1391 4061; x_wconf 83' lang='grc' dir='ltr'>δὲ</span> <span class='ocrx_word' id='word_1_391' title='bbox 1435 4006 1914 4073; x_wconf 82' lang='grc' dir='ltr'>ύπομνηματίζων</span> <span class='ocrx_word' id='word_1_392' title='bbox 1967 4010 2040 4061; x_wconf 83' lang='grc' dir='ltr'>τὰ</span> <span class='ocrx_word' id='word_1_393' title='bbox 2086 4009 2485 4075; x_wconf 86' lang='grc' dir='ltr'>Ἀργοναυτικά</span> <span class='ocrx_word' id='word_1_394' title='bbox 2529 4013 2971 4077; x_wconf 72' lang='grc' dir='ltr'>«Καναςτραῑον,</span> <span class='ocrx_word' id='word_1_395' title='bbox 3019 4012 3175 4079; x_wconf 88' lang='grc' dir='ltr'>φηςί,</span> 
     </span>
     <span class='ocr_line' id='line_1_41' title="bbox 600 4074 3175 4146; baseline 0 -14"><span class='ocrx_word' id='word_1_396' title='bbox 600 4080 953 4146; x_wconf 87' lang='grc' dir='ltr'>ἀκρωτήριον</span> <span class='ocrx_word' id='word_1_397' title='bbox 998 4082 1102 4144; x_wconf 86' lang='grc' dir='ltr'>τῆς</span> <span class='ocrx_word' id='word_1_398' title='bbox 1138 4076 1504 4142; x_wconf 76' lang='grc' dir='ltr'>Παλλήνης».</span> <span class='ocrx_word' id='word_1_399' title='bbox 1574 4075 1708 4127; x_wconf 73' lang='grc' dir='ltr'>ἀλλ’</span> <span class='ocrx_word' id='word_1_400' title='bbox 1742 4074 2095 4129; x_wconf 80' lang='grc' dir='ltr'>ἐναντιοῦται</span> <span class='ocrx_word' id='word_1_401' title='bbox 2139 4078 2211 4129; x_wconf 85' lang='grc' dir='ltr'>τὰ</span> <span class='ocrx_word' id='word_1_402' title='bbox 2258 4079 2473 4143; x_wconf 83' lang='grc' dir='ltr'>ἐθνικά,</span> <span class='ocrx_word' id='word_1_403' title='bbox 2522 4078 2571 4132; x_wconf 87' lang='grc' dir='ltr'>εἰ</span> <span class='ocrx_word' id='word_1_404' title='bbox 2617 4081 2690 4145; x_wconf 89' lang='grc' dir='ltr'>μὴ</span> <span class='ocrx_word' id='word_1_405' title='bbox 2729 4080 2819 4131; x_wconf 79' lang='grc' dir='ltr'>καὶ</span> <span class='ocrx_word' id='word_1_406' title='bbox 2862 4083 3037 4132; x_wconf 83' lang='grc' dir='ltr'>τοῦτο</span> <span class='ocrx_word' id='word_1_407' title='bbox 3076 4086 3175 4137; x_wconf 82' lang='lat' dir='ltr'><strong>(sc.</strong></span> 
     </span>
     <span class='ocr_line' id='line_1_42' title="bbox 602 4142 3174 4213; baseline 0 -14"><span class='ocrx_word' id='word_1_408' title='bbox 602 4147 1002 4213; x_wconf 84' lang='grc' dir='ltr'>Καναςτραῑον)</span> <span class='ocrx_word' id='word_1_409' title='bbox 1046 4145 1374 4209; x_wconf 82' lang='grc' dir='ltr'>ἑκλάβοιμεν</span> <span class='ocrx_word' id='word_1_410' title='bbox 1421 4142 1825 4208; x_wconf 85' lang='grc' dir='ltr'>παραπληςίως</span> <span class='ocrx_word' id='word_1_411' title='bbox 1870 4147 1955 4210; x_wconf 82' lang='grc' dir='ltr'>τῷ</span> <span class='ocrx_word' id='word_1_412' title='bbox 2002 4144 2236 4208; x_wconf 86' lang='grc' dir='ltr'>Λέχαιον</span> <span class='ocrx_word' id='word_1_413' title='bbox 2280 4148 2370 4198; x_wconf 83' lang='grc' dir='ltr'>καὶ</span> <span class='ocrx_word' id='word_1_414' title='bbox 2415 4148 2646 4212; x_wconf 82' lang='grc' dir='ltr'>Λεχαῒος</span> <span class='ocrx_word' id='word_1_415' title='bbox 2691 4148 2782 4199; x_wconf 80' lang='grc' dir='ltr'>καὶ</span> <span class='ocrx_word' id='word_1_416' title='bbox 2826 4146 3059 4200; x_wconf 89' lang='grc' dir='ltr'>Λύκειον</span> <span class='ocrx_word' id='word_1_417' title='bbox 3102 4148 3174 4200; x_wconf 87' lang='grc' dir='ltr'>τὸ</span> 
     </span>
     <span class='ocr_line' id='line_1_43' title="bbox 597 4210 3174 4279; baseline 0.001 -14"><span class='ocrx_word' id='word_1_418' title='bbox 597 4215 899 4279; x_wconf 89' lang='grc' dir='ltr'>γυνμάςιον</span> <span class='ocrx_word' id='word_1_419' title='bbox 935 4213 1027 4265; x_wconf 84' lang='grc' dir='ltr'>καὶ</span> <span class='ocrx_word' id='word_1_420' title='bbox 1052 4212 1283 4265; x_wconf 85' lang='grc' dir='ltr'>Λυκεῑος</span> <span class='ocrx_word' id='word_1_421' title='bbox 1321 4211 1621 4265; x_wconf 88' lang='grc' dir='ltr'>Ἀπόλλων</span> <span class='ocrx_word' id='word_1_422' title='bbox 1658 4210 1748 4263; x_wconf 79' lang='grc' dir='ltr'>καὶ</span> <span class='ocrx_word' id='word_1_423' title='bbox 1789 4210 2083 4275; x_wconf 89' lang='grc' dir='ltr'>Νύμφαιον</span> <span class='ocrx_word' id='word_1_424' title='bbox 2120 4214 2210 4264; x_wconf 81' lang='grc' dir='ltr'>καὶ</span> <span class='ocrx_word' id='word_1_425' title='bbox 2240 4215 2558 4279; x_wconf 88' lang='grc' dir='ltr'>Νυμφαῖος,</span> <span class='ocrx_word' id='word_1_426' title='bbox 2595 4217 2690 4268; x_wconf 84' lang='lat' dir='ltr'>ubi</span> <span class='ocrx_word' id='word_1_427' title='bbox 2723 4216 2966 4269; x_wconf 84' lang='lat' dir='ltr'><strong>Meinek.</strong></span> <span class='ocrx_word' id='word_1_428' title='bbox 3002 4217 3174 4267; x_wconf 82' lang='lat' dir='ltr'><strong>veris-</strong></span> 
     </span>
     <span class='ocr_line' id='line_1_44' title="bbox 599 4277 3174 4350; baseline 0 -17"><span class='ocrx_word' id='word_1_429' title='bbox 599 4286 734 4334; x_wconf 83' lang='lat' dir='ltr'><strong>sime</strong></span> <span class='ocrx_word' id='word_1_430' title='bbox 780 4285 1034 4333; x_wconf 76' lang='lat' dir='ltr'><strong>adnotat:</strong></span> <span class='ocrx_word' id='word_1_431' title='bbox 1083 4282 1218 4332; x_wconf 85' lang='lat' dir='ltr'><strong>dicit</strong></span> <span class='ocrx_word' id='word_1_432' title='bbox 1263 4296 1425 4345; x_wconf 78' lang='lat' dir='ltr'><strong>posse</strong></span> <span class='ocrx_word' id='word_1_433' title='bbox 1472 4280 1691 4344; x_wconf 87' lang='lat' dir='ltr'><strong>quidem</strong></span> <span class='ocrx_word' id='word_1_434' title='bbox 1739 4277 2114 4344; x_wconf 84' lang='grc' dir='ltr'>Καναςτραῖον</span> <span class='ocrx_word' id='word_1_435' title='bbox 2171 4298 2267 4347; x_wconf 86' lang='lat' dir='ltr'><strong>pro</strong></span> <span class='ocrx_word' id='word_1_436' title='bbox 2314 4284 2530 4334; x_wconf 86' lang='lat' dir='ltr'><strong>nomine</strong></span> <span class='ocrx_word' id='word_1_437' title='bbox 2579 4285 2933 4335; x_wconf 80' lang='lat' dir='ltr'><strong>substantivo</strong></span> <span class='ocrx_word' id='word_1_438' title='bbox 2979 4285 3174 4350; x_wconf 81' lang='lat' dir='ltr'><strong>accipi,</strong></span> 
     </span>
     <span class='ocr_line' id='line_1_45' title="bbox 598 4346 3173 4416; baseline 0.001 -16"><span class='ocrx_word' id='word_1_439' title='bbox 598 4351 697 4401; x_wconf 78' lang='lat' dir='ltr'>sed</span> <span class='ocrx_word' id='word_1_440' title='bbox 731 4351 838 4401; x_wconf 81' lang='lat' dir='ltr'>hac</span> <span class='ocrx_word' id='word_1_441' title='bbox 879 4350 1000 4415; x_wconf 75' lang='lat' dir='ltr'><strong>lege</strong></span> <span class='ocrx_word' id='word_1_442' title='bbox 1051 4354 1113 4399; x_wconf 86' lang='lat' dir='ltr'>ut</span> <span class='ocrx_word' id='word_1_443' title='bbox 1150 4346 1524 4411; x_wconf 88' lang='grc' dir='ltr'>Κανάςτραιον</span> <span class='ocrx_word' id='word_1_444' title='bbox 1569 4348 1860 4398; x_wconf 83' lang='lat' dir='ltr'><strong>scribatur.</strong></span> <span class='ocrx_word' id='word_1_445' title='bbox 1932 4349 2281 4400; x_wconf 79' lang='lat' dir='ltr'><strong>Herodianus</strong></span> <span class='ocrx_word' id='word_1_446' title='bbox 2326 4366 2456 4402; x_wconf 87' lang='lat' dir='ltr'><strong>vero</strong></span> <span class='ocrx_word' id='word_1_447' title='bbox 2500 4352 2658 4401; x_wconf 86' lang='lat' dir='ltr'><strong>unice</strong></span> <span class='ocrx_word' id='word_1_448' title='bbox 2704 4352 2963 4416; x_wconf 54' lang='lat' dir='ltr'><strong>probavi&amp;</strong></span> <span class='ocrx_word' id='word_1_449' title='bbox 3001 4350 3173 4402; x_wconf 84' lang='grc' dir='ltr'>Κανα-</span> 
     </span>
     <span class='ocr_line' id='line_1_46' title="bbox 597 4413 3171 4481; baseline 0 -13"><span class='ocrx_word' id='word_1_450' title='bbox 597 4420 822 4481; x_wconf 87' lang='grc' dir='ltr'>ςτραῖον</span> <span class='ocrx_word' id='word_1_451' title='bbox 856 4434 909 4468; x_wconf 83' lang='lat' dir='ltr'>v.</span> <span class='ocrx_word' id='word_1_452' title='bbox 944 4416 1139 4467; x_wconf 77' lang='lat' dir='ltr'><strong>Arcad.</strong></span> <span class='ocrx_word' id='word_1_453' title='bbox 1175 4416 1229 4466; x_wconf 90' lang='lat' dir='ltr'>h.</span> <span class='ocrx_word' id='word_1_454' title='bbox 1265 4416 1302 4469; x_wconf 93' lang='lat' dir='ltr'>l.</span> <span class='ocrx_word' id='word_1_455' title='bbox 1417 4414 1453 4467; x_wconf 91' lang='lat'>1.</span> <span class='ocrx_word' id='word_1_456' title='bbox 1488 4417 1553 4464; x_wconf 79' lang='lat'>22</span> <span class='ocrx_word' id='word_1_457' title='bbox 1593 4413 1858 4466; x_wconf 89' lang='grc' dir='ltr'>Βούδειον</span> <span class='ocrx_word' id='word_1_458' title='bbox 1895 4417 2109 4480; x_wconf 80' lang='lat' dir='ltr'><strong>explevi</strong></span> <span class='ocrx_word' id='word_1_459' title='bbox 2144 4434 2212 4467; x_wconf 81' lang='lat' dir='ltr'>ex</span> <span class='ocrx_word' id='word_1_460' title='bbox 2249 4418 2328 4469; x_wconf 83' lang='lat' dir='ltr'>St.</span> <span class='ocrx_word' id='word_1_461' title='bbox 2365 4419 2453 4479; x_wconf 90' lang='grc' dir='ltr'>Β.,</span> <span class='ocrx_word' id='word_1_462' title='bbox 2491 4416 2795 4469; x_wconf 77' lang='grc' dir='ltr'>Χλούνειον</span> <span class='ocrx_word' id='word_1_463' title='bbox 2832 4435 2899 4469; x_wconf 86' lang='lat' dir='ltr'>ex</span> <span class='ocrx_word' id='word_1_464' title='bbox 2924 4419 3078 4470; x_wconf 86' lang='lat' dir='ltr'><strong>Theo</strong></span> <span class='ocrx_word' id='word_1_465' title='bbox 3158 4459 3171 4469; x_wconf 93' lang='lat'>.</span> 
     </span>
     <span class='ocr_line' id='line_1_47' title="bbox 599 4436 3173 4550; baseline 0.001 -16"><span class='ocrx_word' id='word_1_466' title='bbox 599 4488 714 4547; x_wconf 79' lang='lat'><strong>127,</strong></span> <span class='ocrx_word' id='word_1_467' title='bbox 750 4488 782 4536; x_wconf 84' lang='lat'><strong>3</strong></span> <span class='ocrx_word' id='word_1_468' title='bbox 820 4490 877 4535; x_wconf 87' lang='lat' dir='ltr'>et</span> <span class='ocrx_word' id='word_1_469' title='bbox 911 4485 974 4533; x_wconf 88' lang='grc' dir='ltr'>Ε.</span> <span class='ocrx_word' id='word_1_470' title='bbox 1009 4485 1083 4534; x_wconf 84' lang='grc' dir='ltr'>Μ.</span> <span class='ocrx_word' id='word_1_471' title='bbox 1122 4486 1239 4547; x_wconf 80' lang='lat'><strong>533,</strong></span> <span class='ocrx_word' id='word_1_472' title='bbox 1277 4484 1342 4533; x_wconf 77' lang='lat'>29</span> <span class='ocrx_word' id='word_1_473' title='bbox 1378 4481 1450 4533; x_wconf 87' lang='grc' dir='ltr'>τὰ</span> <span class='ocrx_word' id='word_1_474' title='bbox 1485 4480 1573 4533; x_wconf 87' lang='grc' dir='ltr'>διὰ</span> <span class='ocrx_word' id='word_1_475' title='bbox 1608 4484 1710 4532; x_wconf 84' lang='grc' dir='ltr'>τοῦ</span> <span class='ocrx_word' id='word_1_476' title='bbox 1751 4484 1868 4533; x_wconf 73' lang='grc' dir='ltr'>ἐΤοῖ</span> <span class='ocrx_word' id='word_1_477' title='bbox 1903 4483 2240 4547; x_wconf 89' lang='grc' dir='ltr'>τριςύλλαβα</span> <span class='ocrx_word' id='word_1_478' title='bbox 2278 4482 2555 4537; x_wconf 80' lang='grc' dir='ltr'>ἰδιάζοντα</span> <span class='ocrx_word' id='word_1_479' title='bbox 2599 4484 2689 4537; x_wconf 87' lang='grc' dir='ltr'>διὰ</span> <span class='ocrx_word' id='word_1_480' title='bbox 2723 4487 2826 4550; x_wconf 88' lang='grc' dir='ltr'>τῆς</span> <span class='ocrx_word' id='word_1_481' title='bbox 2862 4489 2911 4537; x_wconf 76' lang='grc' dir='ltr'>ἐἶ</span> <span class='ocrx_word' id='word_1_482' title='bbox 2945 4436 3173 4550; x_wconf 46' lang='lat' dir='ltr'><strong>baveg-</strong></span> 
     </span>
     <span class='ocr_line' id='line_1_48' title="bbox 632 4546 3173 4619; baseline 0.001 -16"><span class='ocrx_word' id='word_1_483' title='bbox 632 4567 699 4603; x_wconf 93' lang='grc' dir='ltr'>ου</span> <span class='ocrx_word' id='word_1_484' title='bbox 735 4550 1012 4616; x_wconf 89' lang='grc' dir='ltr'>γράφεται</span> <span class='ocrx_word' id='word_1_485' title='bbox 1050 4550 1140 4603; x_wconf 79' lang='grc' dir='ltr'>καὶ</span> <span class='ocrx_word' id='word_1_486' title='bbox 1175 4548 1659 4615; x_wconf 81' lang='grc' dir='ltr'>προπαροξύνεται</span> <span class='ocrx_word' id='word_1_487' title='bbox 1696 4546 1820 4600; x_wconf 87' lang='grc' dir='ltr'>οἷον</span> <span class='ocrx_word' id='word_1_488' title='bbox 1855 4549 1926 4600; x_wconf 89' lang='grc' dir='ltr'>τὸ</span> <span class='ocrx_word' id='word_1_489' title='bbox 1963 4549 2199 4613; x_wconf 89' lang='grc' dir='ltr'>Λάγειον</span> <span class='ocrx_word' id='word_1_490' title='bbox 2235 4551 2304 4602; x_wconf 86' lang='grc' dir='ltr'>τὸ</span> <span class='ocrx_word' id='word_1_491' title='bbox 2342 4550 2719 4616; x_wconf 79' lang='grc' dir='ltr'>ἱπποδρόμιον</span> <span class='ocrx_word' id='word_1_492' title='bbox 2757 4552 3173 4619; x_wconf 85' lang='grc' dir='ltr'>Ἀλεξανδρείας</span> 
     </span>
     <span class='ocr_line' id='line_1_49' title="bbox 631 4615 3171 4686; baseline 0.001 -16"><span class='ocrx_word' id='word_1_493' title='bbox 631 4618 708 4670; x_wconf 89' lang='grc' dir='ltr'>πὸ</span> <span class='ocrx_word' id='word_1_494' title='bbox 744 4619 931 4681; x_wconf 86' lang='grc' dir='ltr'>Λαγοῠ</span> <span class='ocrx_word' id='word_1_495' title='bbox 969 4632 1146 4669; x_wconf 89' lang='grc' dir='ltr'>τινος·</span> <span class='ocrx_word' id='word_1_496' title='bbox 1185 4617 1490 4669; x_wconf 84' lang='grc' dir='ltr'>Χλούνειον</span> <span class='ocrx_word' id='word_1_497' title='bbox 1534 4615 1713 4668; x_wconf 86' lang='grc' dir='ltr'>τόπος</span> <span class='ocrx_word' id='word_1_498' title='bbox 1760 4615 1822 4667; x_wconf 83' lang='grc' dir='ltr'>ἐν</span> <span class='ocrx_word' id='word_1_499' title='bbox 1872 4615 2146 4683; x_wconf 81' lang='grc' dir='ltr'>Αἰτωλία,</span> <span class='ocrx_word' id='word_1_500' title='bbox 2184 4619 2330 4670; x_wconf 84' lang='grc' dir='ltr'>ὅπου</span> <span class='ocrx_word' id='word_1_501' title='bbox 2374 4619 2448 4683; x_wconf 82' lang='grc' dir='ltr'>ἦν</span> <span class='ocrx_word' id='word_1_502' title='bbox 2493 4620 2526 4671; x_wconf 85' lang='grc' dir='ltr'>ὁ</span> <span class='ocrx_word' id='word_1_503' title='bbox 2572 4620 2829 4684; x_wconf 89' lang='grc' dir='ltr'>χλούνης.</span> <span class='ocrx_word' id='word_1_504' title='bbox 2900 4621 3171 4686; x_wconf 88' lang='grc' dir='ltr'>Λαύρειον</span> 
     </span>
     <span class='ocr_line' id='line_1_50' title="bbox 589 4669 3172 4751; baseline 0.002 -15"><span class='ocrx_word' id='word_1_505' title='bbox 589 4686 767 4738; x_wconf 89' lang='grc' dir='ltr'>τόπος</span> <span class='ocrx_word' id='word_1_506' title='bbox 804 4685 866 4737; x_wconf 84' lang='grc' dir='ltr'>ἐν</span> <span class='ocrx_word' id='word_1_507' title='bbox 907 4686 1130 4751; x_wconf 79' lang='grc' dir='ltr'>Ἀττικῇ</span> <span class='ocrx_word' id='word_1_508' title='bbox 1169 4684 1318 4749; x_wconf 82' lang='grc' dir='ltr'>ἔχων</span> <span class='ocrx_word' id='word_1_509' title='bbox 1356 4684 1603 4748; x_wconf 86' lang='grc' dir='ltr'>μέταλλα</span> <span class='ocrx_word' id='word_1_510' title='bbox 1689 4683 1845 4735; x_wconf 79' lang='grc' dir='ltr'>οὕτω</span> <span class='ocrx_word' id='word_1_511' title='bbox 1883 4685 1972 4735; x_wconf 83' lang='grc' dir='ltr'>καὶ</span> <span class='ocrx_word' id='word_1_512' title='bbox 2018 4669 2288 4750; x_wconf 85' lang='grc' dir='ltr'>κούρειον.</span> <span class='ocrx_word' id='word_1_513' title='bbox 2360 4686 2515 4738; x_wconf 84' lang='grc' dir='ltr'>οὕτω</span> <span class='ocrx_word' id='word_1_514' title='bbox 2565 4686 2627 4739; x_wconf 82' lang='grc' dir='ltr'>δὲ</span> <span class='ocrx_word' id='word_1_515' title='bbox 2662 4688 2913 4739; x_wconf 90' lang='grc' dir='ltr'>καλεῖται</span> <span class='ocrx_word' id='word_1_516' title='bbox 2943 4688 3012 4740; x_wconf 72' lang='grc' dir='ltr'>ἐν</span> <span class='ocrx_word' id='word_1_517' title='bbox 3052 4690 3172 4741; x_wconf 79' lang='grc' dir='ltr'>Ἀτ-</span> 
     </span>
     <span class='ocr_line' id='line_1_51' title="bbox 587 4748 3171 4826; baseline 0.002 -19"><span class='ocrx_word' id='word_1_518' title='bbox 587 4757 713 4823; x_wconf 81' lang='grc' dir='ltr'>τικῇ</span> <span class='ocrx_word' id='word_1_519' title='bbox 767 4753 837 4804; x_wconf 89' lang='grc' dir='ltr'>τὸ</span> <span class='ocrx_word' id='word_1_520' title='bbox 892 4752 1097 4819; x_wconf 83' lang='grc' dir='ltr'>ἱερεῖον</span> <span class='ocrx_word' id='word_1_521' title='bbox 1147 4752 1218 4803; x_wconf 89' lang='grc' dir='ltr'>τὸ</span> <span class='ocrx_word' id='word_1_522' title='bbox 1274 4753 1580 4817; x_wconf 87' lang='grc' dir='ltr'>θυόμενον,</span> <span class='ocrx_word' id='word_1_523' title='bbox 1636 4748 1803 4815; x_wconf 86' lang='grc' dir='ltr'>ἡνίκα</span> <span class='ocrx_word' id='word_1_524' title='bbox 1851 4750 2171 4818; x_wconf 82' lang='grc' dir='ltr'>ἐγράφοντο</span> <span class='ocrx_word' id='word_1_525' title='bbox 2225 4752 2279 4807; x_wconf 76' lang='grc' dir='ltr'>οἱ</span> <span class='ocrx_word' id='word_1_526' title='bbox 2327 4757 2520 4823; x_wconf 58' lang='grc' dir='ltr'>κοῦροι</span> <span class='ocrx_word' id='word_1_527' title='bbox 2575 4753 2654 4807; x_wconf 82' lang='grc' dir='ltr'>είς</span> <span class='ocrx_word' id='word_1_528' title='bbox 2700 4755 2837 4807; x_wconf 87' lang='grc' dir='ltr'>τοὺς</span> <span class='ocrx_word' id='word_1_529' title='bbox 2883 4756 3171 4826; x_wconf 83' lang='grc' dir='ltr'>φράτορας</span> 
     </span>
    </p>
   </div>
   <div class='ocr_carea' id='block_1_5' title="bbox 1204 3406 1340 3415">
    <p class='ocr_par' dir='ltr' id='par_1_5' title="bbox 1204 3406 1340 3415">
     <span class='ocr_line' id='line_1_52' title="bbox 1204 3406 1340 3415; baseline 0 2131"><span class='ocrx_word' id='word_1_530' title='bbox 1204 3406 1340 3415; x_wconf 95' lang='lat' dir='ltr'> </span> 
     </span>
    </p>
   </div>
  </div>
 </body>
</html>
