3664 5546
1559 407 1974 454 PRAEFATIO.
2382 478 2389 487 .
2974 411 3069 457 XV

461 558 711 625 librum
770 563 918 641 περὶ
972 561 1271 641 ῥημάτων
1336 570 1719 647 conceptum
1787 583 1948 623 esse.
2050 559 2154 623 De
2212 560 2474 645 reliquis
2537 563 2840 648 operibus
2906 562 3069 626 nihil

466 662 634 726 certi
681 660 940 726 definiri
985 671 1226 748 potest,
1273 661 1512 726 librum
1541 665 1687 742 περὶ
1717 663 2163 743 ἐπιρρημάτων
2210 672 2355 747 post
2384 662 2650 727 Iliacam
2698 664 3067 749 prosodiam

469 764 792 850 scriptum
837 786 981 827 esse
1024 763 1274 828 indicat
1318 765 1360 828 Ε
1409 765 1530 827 100
1570 766 1646 829 τὸ
1690 764 1900 829 αἴτιον
1947 766 2015 830 ἐν
2061 771 2152 849 τῷ
2207 766 2353 843 περὶ
2409 764 2831 844 ἑπιρρήματοε
2883 765 3066 845 ἐροῦ-

471 888 624 950 μεν,
682 864 798 928 sed
843 888 999 929 num
1045 865 1395 929 editionem
1449 865 1945 931 Monadioorum
1999 864 2457 951 praecesserit,
2509 866 2887 950 ambiguum
2947 876 3067 948 est,

470 990 674 1053 quum
713 968 790 1031 in
832 966 1005 1032 Mon.
1054 989 1361 1053 praesens
1408 966 1822 1032 adhibeatur:
1883 967 2130 1050 26,12
2182 970 2273 1033 mc
2318 968 2631 1033 δείκνυται
2676 969 2748 1033 ἐν
2789 976 2882 1051 τῶ
2925 971 3069 1048 περὶ

472 1070 954 1149 ἐπιρρημάτων,
1011 1070 1117 1150 27,
1164 1070 1204 1133 3
1249 1071 1320 1134 ἐν
1371 1075 1466 1154 τῷ
1510 1072 1656 1149 περὶ
1701 1016 2145 1150 ἐπιρρημάτων
2202 1071 2479 1145 λέγεται;
2535 1068 2769 1149 27,14
2822 1072 3068 1148 λέγεται

471 1152 573 1236 ἐν
606 1178 698 1256 τῶ
755 1173 900 1251 περὶ
963 1172 1426 1251 ἐπιρρημάτων.
1525 1169 1795 1234 Librum
1864 1174 2009 1250 περὶ
2074 1171 2416 1251 ὀνομάτων
2482 1182 2632 1256 post
2692 1171 3069 1236 Prosodiam

473 1273 896 1339 Homericam
941 1273 1256 1359 scriptum
1287 1294 1428 1335 esse
1459 1272 1652 1336 modo
1687 1272 2000 1352 vidimuS‚
2047 1272 2160 1336 sed
2192 1273 2509 1337 incertum
2542 1282 2673 1353 est,
2720 1295 2870 1336 num
2918 1282 3069 1337 ante

474 1373 882 1439 Catholicam
928 1373 1299 1439 elaboratus
1346 1374 1460 1454 sit,
1520 1373 1674 1438 lieet
1729 1373 1882 1438 inde
1928 1373 2102 1460 quod
2146 1372 2637 1439 Choeroboseus
2694 1372 2836 1439 loco
2884 1374 3068 1438 initio

472 1475 671 1539 huius
727 1475 1122 1562 paragraphi
1177 1476 1388 1560 posito
1445 1474 1903 1540 Onomatioum
1960 1477 2139 1561 prius
2198 1478 2490 1540 nominat
2543 1497 2737 1562 quam
2790 1475 3069 1540 Catholi-

471 1599 620 1641 eam
664 1576 1016 1641 concludas
1049 1576 1432 1641 Onomatieo
1478 1577 1737 1641 demum
1784 1577 2076 1663 perfeeto
2108 1575 2509 1642 Catholieam
2547 1577 2855 1641 emissam
2900 1599 3067 1657 esse,

472 1700 645 1765 quae
690 1679 974 1764 suspicio
1032 1680 1325 1743 firmatur
1381 1678 1583 1742 altero
1639 1676 2077 1743 Choerobosei
2132 1678 2273 1743 loco
2328 1701 2391 1765 p.
2438 1678 2564 1743 232
2579 1702 2593 1742 :
2655 1681 2729 1744 τὸ
2788 1680 2947 1762 ἰξύε,
3015 1679 3069 1743 εἰ

471 1783 578 1846 καὶ
623 1783 1065 1861 παρατέθειται
1111 1781 1149 1844 ὁ
1179 1781 1575 1861 Ἡρωδιανὸς
1619 1781 1690 1844 ἐν
1720 1787 1811 1866 τῷ
1842 1780 2205 1865 ὀνοματικῷ
2238 1783 2328 1846 ῶς
2368 1783 2881 1863 περιεπῶμενον,
2926 1780 3069 1844 ἀλλ’

473 1883 598 1949 οὖν
656 1883 736 1949 ού
794 1887 1198 1965 περιεπᾶται,
1266 1882 1408 1947 ἀλλ’
1464 1884 1785 1965 ὀξύνεται,
1847 1883 1935 1948 ὥς
1992 1904 2181 1963 φηςιν
2248 1884 2318 1947 ἐν
2385 1891 2461 1968 τῇ
2522 1883 2834 1965 καθόλου,
2900 1902 3068 1967 quae

469 1983 788 2048 Lehrsius
833 1985 1011 2049 Mon.
1064 1984 1185 2048 105
1229 1982 1325 2048 sie
1370 1985 1434 2047 in
1482 1981 1824 2048 catholica
1869 1983 2117 2070 scripta
2162 2006 2303 2048 esse
2360 1985 2648 2049 coniicit:
2707 1986 2782 2049 τὸ
2842 1984 2968 2050 ἰξῡε
3013 1984 3068 2047 εἰ

474 2088 579 2151 καὶ
622 2087 694 2150 ἐν
738 2093 832 2170 τῷ
876 2086 1238 2169 ὀνοματικῷ
1283 2086 1682 2166 παρεθέμεθα
1729 2086 1818 2150 ὼε
1864 2087 2017 2151 δέον
2061 2090 2472 2165 περιεπᾶεθαι
2517 2087 2701 2166 φύεει
2752 2086 3064 2165 μονοεύλ-

473 2192 680 2269 λαβον
725 2189 1112 2271 γενόμενον,
1158 2188 1301 2252 ἀλλ’
1347 2188 1465 2253 οὖν
1511 2207 1584 2263 γε
1630 2187 1939 2254 ὀξύνεται.

643 2293 683 2370 ξ
729 2289 789 2352 8.
875 2289 1189 2353 Lehrsius
1245 2291 1312 2352 in
1367 2287 1585 2353 Anall.
1642 2288 1728 2352 ad
1783 2288 2027 2354 Herod.
2088 2312 2150 2375 p.
2210 2291 2335 2354 418
2396 2288 2675 2353 indicem
2740 2287 3054 2352 librorum
3072 2312 3132 2352 ι)
3146 2313 3227 2353 nor
3231 2314 3329 2353 mian

465 2391 1032 2456 Herodianeorum
1090 2388 1373 2455 confecit
1428 2399 1840 2471 accuratum,
1907 2391 2013 2454 oui
2075 2390 2290 2454 nullus
2351 2390 2515 2455 liber
2570 2389 2912 2455 addendus
2978 2394 3090 2455 ae
3076 2382 3289 2502 ''¹th
3294 2328 3365 2489 (1.1

464 2494 752 2559 fortasse
796 2516 965 2557 unus
1011 2501 1263 2557 tantum
1308 2490 1512 2577 ipsius
1546 2490 1803 2555 Lehrsii
1848 2491 2088 2556 iudicio
2132 2493 2543 2575 derogandus
2590 2501 2708 2555 est.
2781 2462 3088 2557 Abiudi-l
3126 2513 3233 2552 υ«υιι
3236 2508 3313 2540 0¹⁵¹

469 2603 709 2659 cantur
753 2618 793 2658 a
835 2597 977 2659 viro
1022 2593 1385 2660 clarissimo
1431 2591 1813 2656 Herodiano
1859 2593 2018 2657 haee
2063 2595 2340 2679 scripta:

645 2695 935 2779 libentia,
1003 2696 1116 2783 qui
1180 2695 1302 2760 sub
1369 2695 1509 2758 eius
1575 2693 1836 2758 nomine
1902 2694 2144 2779 fertur,
2214 2696 2587 2773 Φιλέταιρος
2650 2703 2799 2781 post
2858 2694 3061 2759 Moer.

464 2826 535 2888 p.
582 2802 706 2864 431
757 2824 798 2864 a
843 2799 1150 2863 Piersono
1196 2798 1411 2862 editus

642 2924 839 2988 porro
896 2902 1296 2980 Ἡρωδιανοῦ
1350 2901 1495 2978 περὶ
1549 2899 1960 2978 ζητουμένων
2016 2901 2174 2963 κατὰ
2230 2901 2429 2979 πάεηε
2481 2901 2753 2965 κλίεεωε.
2844 2901 3060 2963 Uram.

463 3004 724 3068 Aneed,
771 3004 898 3069 Ox,
946 3002 1053 3067 ΙΙΙ
1095 3001 1455 3067 246—255
1500 3011 1566 3065 et

642 3109 788 3186 περὶ
832 3107 1090 3171 κλίεεωε
1136 3105 1435 3184 ῥημάτων
1479 3107 1597 3168 τοῦ
1643 3103 1844 3167 αὐτοῦ
1889 3103 2106 3166 Cram.
2164 3101 2203 3168 l.
2251 3126 2307 3168 o.
2352 3103 2711 3168 256-262
2766 3104 2852 3168 ab
2897 3103 3062 3168 Iler-

464 3229 708 3271 manno
755 3207 837 3271 de
881 3206 1132 3270 emend.
1166 3217 1289 3270 rat.
1320 3228 1383 3290 p.
1416 3205 1542 3266 302
1586 3203 1709 3268 sub
1756 3202 1944 3267 titulo
1975 3206 2191 3270 Αἰλίου
2237 3206 2635 3285 Ἡρωδιανοῦ
2679 3208 2825 3285 περὶ
2867 3206 3063 3286 ἡμαρ-

459 3311 765 3392 τημένων
813 3311 1046 3376 λέξεων
1092 3307 1299 3388 edita,
1357 3307 1467 3392 qui
1524 3304 1688 3370 liber
1743 3305 1807 3368 in
1866 3305 2009 3369 aliis
2055 3305 2214 3371 Mss,
2275 3315 2439 3370 teste
2495 3307 2805 3372 Cramero
2861 3307 3062 3387 Ἡρω-

461 3417 702 3476 διανοῦ
745 3414 891 3489 περὶ
932 3411 1341 3491 ζητουμένων
1386 3409 1545 3472 κατὰ
1588 3408 1783 3472 κλίειν
1841 3410 2083 3473 παντὸς
2142 3414 2260 3473 τοῦ
2315 3410 2515 3485 λόγου
2574 3416 2784 3490 μερῶν
2836 3408 3061 3472 inseri-

461 3515 653 3579 bitur
698 3521 762 3576 et
805 3513 874 3575 in
915 3512 992 3576 Ε.
1028 3510 1116 3574 Μ.
1149 3533 1214 3596 p.
1247 3511 1404 3590 794,
1452 3508 1534 3572 88
1578 3510 1934 3589 ζητούμενα
1978 3515 2109 3575 τῶν
2154 3516 2364 3589 μερῶν
2410 3515 2527 3575 τοῦ
2573 3513 2776 3586 λόγου
2820 3509 3063 3574 dieitur

459 3624 534 3679 et
580 3625 734 3700 post
776 3614 979 3679 Moer.
1026 3612 1322 3677 Piersoni
1373 3610 1567 3694 (Lob.
1613 3610 1967 3696 Phrynieh.
2015 3633 2078 3696 p.
2123 3613 2279 3695 451)
2325 3634 2469 3675 omn
2528 3611 2757 3676 alienis
2802 3611 3060 3676 addita-

457 3718 708 3780 mentis
754 3717 876 3781 sub
923 3713 1111 3780 titulo
1158 3715 1225 3779 ἐκ
1269 3719 1402 3778 τῶν
1446 3713 1847 3791 Ἡρωδιανοῦ
1893 3711 2234 3797 evulgatus
2281 3723 2407 3793 est,

643 3828 779 3881 tum
824 3840 989 3904 quae
1034 3818 1250 3881 Cram.
1299 3816 1426 3878 An.
1474 3812 1580 3876 III
1624 3814 1843 3877 228-
1858 3814 1983 3878 236
2039 3815 2161 3880 sub
2217 3814 2407 3880 titulo
2462 3791 2861 3895 Ἡρωδιανοῦ
2916 3819 3061 3894 περὶ

455 3925 881 3999 παραγωγῶν
924 3926 1196 3996 γενικῶν
1242 3917 1372 3981 ἀπὸ
1419 3916 1767 3981 διαλέκτων
1812 3916 2225 3999 exhibentur,

642 4024 787 4101 περὶ
830 4023 1115 4101 ἀριθμῶν
1160 4042 1263 4104 ap.
1312 4016 1458 4082 Ald.
1507 4026 1572 4080 et
1618 4016 1842 4102 Steph.
1890 4016 2078 4100 thes„

641 4126 786 4202 περὶ
845 4125 1072 4202 ετίχων
1128 4126 1240 4199 τῆς
1297 4122 1531 4188 λέξεως
1589 4141 1694 4204 ap.
1741 4120 1994 4184 Viuois.
2044 4121 2115 4184 II
2160 4121 2242 4184 86
2290 4120 2392 4184 vel
2448 4122 2593 4200 περὶ
2650 4121 2880 4186 λέξεως
2925 4126 3056 4184 τῶν

452 4227 701 4305 ετίχων
746 4234 897 4310 post
940 4224 1280 4303 Trieham‚

641 4328 784 4405 περὶ
828 4326 1333 4392 αὐθυποτάκτων
1379 4329 1482 4393 καὶ
1523 4328 1987 4395 άνυποτάκτων
2034 4325 2251 4390 Bekk.
2300 4326 2428 4389 An.
2478 4324 2585 4389 III
2635 4325 2824 4404 1086,

639 4432 786 4509 περὶ
828 4430 1277 4508 ἀκυριολογίαε
1320 4430 1705 4494 Boissonad.
1753 4428 2002 4495 Aneed.
2048 4426 2154 4492 111
2197 4427 2323 4490 262
2368 4425 2580 4490 Bekk.
2630 4428 2753 4491 An.
2807 4424 2989 4506 1452,

641 4534 1044 4612 εχηματιεμοὶ
1087 4531 1409 4611 Ὁμηρικοί
1455 4531 1520 4596 in
1567 4532 1808 4597 Sturzii
1853 4530 2072 4616 Etym.
2120 4530 2343 4610 Guid„

639 4635 786 4711 περὶ
832 4638 1257 4714 βαρβαριεμοῦ
1311 4637 1412 4699 καὶ
1467 4638 1867 4712 εολοικιεμοῦ
1922 4641 2070 4718 post
2126 4631 2546 4695 Ammonium
2598 4640 2662 4693 et
2717 4651 2819 4713 ap.
2870 4628 3051 4692 Bois-

449 4755 606 4801 son.
655 4733 765 4798 ΙΙΙ
809 4733 967 4817 2413
1013 4735 1292 4822 denique
1337 4736 1419 4800 ad
1466 4736 1643 4800 Mon.
1691 4758 1755 4821 p.
1800 4735 1914 4816 22,
1971 4757 2134 4820 quae
2181 4733 2527 4798 Cramerus
2584 4729 2689 4794 III
2732 4752 2794 4815 p.
2841 4731 3051 4795 237-

447 4838 592 4906 245
651 4834 861 4901 edidit
904 4837 1273 4928 suspicatus
1320 4859 1402 4904 ex
1447 4836 1821 4904 Herodiano
1868 4835 2211 4927 desumpta
2265 4855 2441 4918 esse,
2499 4832 2583 4899 ab
2629 4853 2705 4900 eo
2759 4833 3055 4919 profecta
