3664 5546
712 430 839 498 490
1178 400 1182 405 ’
1641 433 1722 488 εκ
1761 432 1901 487 mu
1945 432 2349 488 ΗΡΩΔιΑΝοΥ

876 605 1038 669 ’Έςτι
1083 604 1154 670 δέ
1184 624 1326 670 τινα
1355 606 1458 670 καὶ
1485 606 1642 684 παρ’
1674 605 2010 684 αἰτιατικῆς
2039 604 2383 685 γεγονότα,
2431 601 2575 668 οἷον
2618 605 2693 668 τὸ
2723 603 2972 680 πέραν
3016 604 3115 668 καὶ
3141 604 3244 668 πέ
3264 640 3295 651 -

710 729 847 788 ρην
879 706 1059 772 «ἀλλ’
1089 708 1227 773 ὅςοι
1255 709 1498 774 ναίουςι
1528 709 1770 787 πέρην»
1804 707 1883 791 (Β
1904 705 2059 792 535)
2094 709 2196 772 καὶ
2229 707 2383 786 μετὰ
2413 707 2774 785 προθέςεως
2809 709 3295 786 «ἀντιπέραν

707 811 1048 877 λεύςςουςα
1102 812 1304 889 πυρὸς
1360 812 1581 876 ςέλας»
1642 812 1744 876 καὶ
1803 810 1932 876 ἀπὸ
1990 813 2240 887 δοτικῆς
2296 809 2584 888 «ἐπίςχες
2628 810 2866 895 αὐτοῦ,
2935 813 3016 891 μὴ
3079 810 3293 894 πέρᾳ

706 919 1005 998 προβῆς
1051 914 1293 990 λόγου»
1355 914 1661 992 Κρατῖνος
1715 914 1785 979 ἐν
1828 913 2179 997 ξΕύνείδαις.
2267 913 2370 976 καὶ
2421 911 2495 976 τὸ
2541 915 2810 997 πρῲην
2867 916 2937 980 δὲ
2982 914 3140 992 παρ’
3183 913 3293 977 αἰ-

646 1027 679 1077 5
707 1019 984 1095 τιατικὴν
1030 1016 1460 1096 ςχηματίζουςι
1487 1053 1571 1064 -
1604 1016 1675 1081 ἐκ
1716 1021 1827 1094 τῆς
1872 1017 1999 1094 πρό
2028 1016 2388 1093 προθέςεως
2433 1015 2662 1090 γέγονε
2693 1017 2919 1098 προῖα,
2964 1016 3027 1083 ἐξ
3068 1015 3146 1081 οὗ
3174 1018 3290 1080 καὶ

704 1119 743 1198 ἡ
790 1119 1088 1198 αἰτιατικὴ
1132 1121 1369 1197 προῑαν
1415 1121 1516 1184 καὶ
1558 1119 1795 1184 ἐκτάςει
1825 1122 1942 1184 τοῦ
1986 1120 2024 1182 ’ὀ
2070 1117 2158 1182 εἰς
2202 1119 2257 1181 ὦ
2301 1119 2554 1195 πρωῑαν
2583 1120 2685 1184 καὶ
2714 1119 3003 1184 Ἰωνικῶς
3026 1120 3286 1198 πρωῑην

705 1221 806 1288 καὶ
847 1222 1006 1287 κατὰ
1051 1221 1398 1299 ςυναίρεςιν
1453 1226 1569 1286 τοῦ
1626 1225 1677 1286 ὦ
1731 1223 1836 1285 καὶ
1890 1225 2006 1285 τοῦ
2049 1223 2083 1284 ἶ
2126 1219 2213 1284 εἰς
2256 1222 2371 1297 τὴν
2416 1221 2471 1302 ᾧ
2518 1221 2876 1300 δίφθογγον
2921 1223 3136 1306 πρῴην
3180 1258 3283 1269 —

710 1329 898 1408 «τῇδε
929 1315 1196 1408 πρῴαν»
1228 1326 1331 1388 καὶ
1360 1326 1434 1389 τὸ
1483 1323 1711 1403 «ἀκὴν
1759 1324 2063 1399 ἐγένοντο
2096 1327 2334 1405 ςιωπῇ»
2372 1306 2481 1404 (11.
2516 1324 2554 1386 Γ
2585 1321 2695 1406 95)
2729 1325 2831 1387 καὶ
2866 1323 3140 1403 «ἀκμήν
3168 1345 3281 1388 τοι

708 1428 866 1506 βρύα
895 1429 1089 1506 τῆμος
1120 1426 1223 1491 ἐπὶ
1255 1428 1528 1505 ςτήθεςςι
1559 1428 1907 1506 κέχυνται».
1954 1425 2043 1491 ὡς
2074 1427 2248 1504 παρὰ
2283 1424 2488 1490 ἀεικές
2525 1423 2732 1504 ὄνομα
2762 1424 3071 1492 ὀξύτονον
3102 1425 3284 1504 ἐπίρ-

609 1539 672 1590 10
708 1549 872 1608 ρημα
907 1531 982 1594 τὸ
1016 1529 1135 1593 «οὔ
1181 1529 1242 1593 οἱ
1288 1527 1541 1594 ἀεικὲς
1584 1528 1965 1612 ἀμυνομένῳ
1994 1530 2136 1607 περὶ
2167 1529 2410 1606 πάτρης
2438 1528 2745 1606 τεθνάμεν
2777 1527 2858 1610 (Ο
2886 1526 3041 1609 496)
3070 1529 3171 1592 καὶ
3196 1530 3279 1592 τὸ

706 1631 1088 1696 «ἐπιεικὲς
1134 1631 1437 1710 ὀπυιέμεν
1479 1632 1642 1696 ἐςτὶν
1674 1633 1913 1715 ἑκάςτῳ
1944 1631 2009 1714 (β
2039 1629 2190 1713 207)
2221 1627 2426 1695 καὶτὸ
2459 1628 2570 1694 «ὗε
2603 1630 2668 1694 δ’
2698 1628 2823 1707 ἄρα
2851 1630 3015 1695 Ζεὺς
3060 1652 3271 1696 ςυνε-

706 1733 871 1811 χές»
915 1734 1011 1814 (Μ
1040 1731 1152 1814 25)
1198 1733 1548 1814 ἀτρεκές,
1597 1734 2053 1817 διαμπερές,
2111 1733 2317 1797 οὕτως
2359 1732 2487 1797 ἔδει
2527 1733 2629 1796 καὶ
2667 1733 2841 1810 παρὰ
2870 1735 2946 1797 τὸ
2992 1732 3268 1811 ἀληθές

705 1833 913 1914 ὄνομα
942 1837 1015 1901 τὸ
1047 1836 1354 1915 ἐπίρρημα
1385 1837 1725 1902 ὀξύνεςθαι.
1787 1837 1953 1900 ἀλλὰ
1982 1838 2085 1901 καὶ
2111 1835 2269 1914 παρ)
2304 1833 2654 1913 Ἀθηναίοις
2685 1838 3016 1914 διαςτολῆς
3051 1836 3273 1914 ἔτυχεν

704 1940 806 2003 καὶ
847 1938 950 2002 ἐπὶ
995 1939 1107 2017 μὲν
1150 1942 1267 2002 τοῦ
1312 1938 1628 2017 ὀνόματος
1659 1938 1976 2020 ὀξύνεται,
2023 1938 2125 2004 ἐπὶ
2170 1940 2241 2003 δὲ
2284 1941 2401 2002 τοῦ
2446 1937 2866 2016 ἐπιρρήματος
2910 1936 3274 2018 βαρύνεται·

608 2052 670 2103 15
707 2039 1008 2122 «ἄληθες,
1064 2039 1116 2109 ὦ
1171 2045 1287 2104 παῖ
1338 2044 1449 2118 τῆς
1503 2039 1849 2119 ἀρουραίας
1899 2045 2116 2116 θεᾶς;»
2175 2039 2627 2119 Ἀριςτοφάνης
2685 2040 3032 2118 Βατράχοις
3088 2038 3278 2124 (840)

706 2144 807 2207 καὶ
862 2143 931 2208 ἐν
992 2125 1307 2222 Νεφέλαις
1362 2141 1546 2226 (840)
1595 2145 1692 2214 «τί
1738 2144 1804 2207 δ’
1850 2145 1941 2217 ἂν,
1974 2145 2131 2222 παρ’
2178 2142 2438 2207 ἐκείνων
2481 2143 2584 2206 καὶ
2628 2140 2816 2219 μάθοι
2861 2143 3127 2221 χρηςτός
3186 2163 3277 2208 τις

704 2243 811 2320 ἄν;
858 2243 1116 2323 ἄληθες;
1177 2244 1293 2309 ὅςα
1346 2265 1467 2324 περ
1524 2245 1656 2310 ἔςτ’
1711 2246 1780 2310 ἐν
1838 2246 2202 2325 ἀνθρώποις
2259 2245 2427 2324 ςοφά
2444 2269 2485 2307 ».
2573 2244 2831 2309 τοιοῦτό
2876 2244 2997 2309 ἐςτι
3053 2246 3159 2309 καὶ
3203 2246 3277 2310 τὸ

704 2347 1061 2426 ἐπιτηδές
1108 2347 1525 2431 ὀξυνόμενον,
1571 2348 2067 2427 ἐπιρρηματικῶς
2108 2347 2776 2427 προπαροξυνόμενον.
2865 2348 2969 2411 καὶ
3007 2349 3083 2413 τὸ
3128 2347 3270 2412 αὐ-

702 2450 970 2514 τοετές
1036 2448 1287 2528 ὁμοίως.
1374 2451 1477 2514 καὶ
1518 2451 1593 2514 τὸ
1654 2451 1923 2529 χάριεν
1969 2452 2040 2515 δὲ
2093 2452 2250 2529 παρ’
2306 2450 2526 2514 αὐτοῖς
2593 2450 3273 2530 προπαροξυνόμενον,

602 2562 669 2613 20
704 2551 811 2615 ὅτε
856 2553 957 2616 καὶ
1001 2551 1496 2632 έπιρρηματικῶς
1543 2553 1814 2628 λέγεται·
1861 2553 2068 2633 ὄνομα
2113 2556 2181 2617 δὲ
2229 2554 2306 2617 ὂν
2337 2552 2774 2629 παροξύνεται.
2830 2553 2933 2616 καὶ
2959 2552 3033 2615 τὸ
3082 2553 3271 2632 ςφό-
3352 2607 3359 2620 .

704 2659 846 2732 δρα
894 2655 1226 2734 βαρύνεται
1268 2655 1575 2734 ἐπίρρημα
1606 2655 1715 2738 ὄν,
1760 2657 1861 2719 καὶ
1891 2658 1967 2720 τὸ
2011 2655 2253 2734 ἠρέμα
2297 2654 2751 2736 παροξύνεται,
2796 2653 3106 2733 ἐπίρρημα
3165 2655 3271 2736 ὄν,

705 2757 857 2821 δέον
921 2758 1510 2835 προπαροξύνεςθαι
1579 2758 1667 2823 ὡς
1732 2759 1807 2823 τὸ
1867 2758 2139 2842 ἥςυχα,
2205 2760 2373 2836 πλὴν
2439 2757 2492 2822 εἰ
2554 2759 2632 2837 μὴ
2690 2757 2862 2834 παρὰ
2915 2757 2991 2821 τὸ
3057 2754 3270 2837 ἠρεμῶ

701 2861 972 2937 γέγονεν
1029 2860 1118 2925 ὡς
1173 2859 1423 2939 ἀτρεμῶ
1479 2859 1796 2942 ἀτρέμα,
1856 2868 2007 2936 ςιγῶ
2062 2865 2264 2942 ςῑγα,
2331 2859 2503 2925 ἀντῶ
2548 2859 2767 2924 ἄντα·
2812 2859 2886 2923 τό
2920 2879 2987 2923 τε
3030 2859 3273 2943 ἡςυχῇ

703 2967 1073 3042 περιςπᾱται
1113 2963 1526 3046 παραλόγως,
1571 2963 1625 3029 εἰ
1664 2964 1744 3042 μὴ
1792 2964 2204 3043 ςυνεξέδραμε
2248 2966 2385 3028 τοῖς
2430 2962 2518 3028 εἰς
2561 2968 2643 3045 ῑῇ
2686 2963 3055 3041 ἐπιρρήμαςι
3096 2982 3268 3041 περι·

702 3287 814 3355 ἁμᾷ
852 3292 1036 3355 παντᾷ
1073 3293 1257 3357 κρυφᾷ
1293 3290 1516 3341 exhibui
1552 3292 1602 3351 ῖ,
1640 3306 1766 3339 nam
1803 3305 2127 3354 quamquam
2165 3291 2473 3354 quaesitum
2507 3304 2654 3351 esse,
2691 3293 2872 3338 utrum
2908 3288 3046 3338 haec
3078 3288 3262 3338 adver·

701 3359 795 3407 bia
831 3359 864 3406 ῖ
900 3358 1143 3409 habeant
1178 3375 1248 3408 an
1287 3375 1418 3419 non,
1459 3358 1716 3419 traditur,
1755 3363 1937 3408 tamon
1972 3358 2345 3408 Herodianum
2381 3374 2500 3408 eam
2536 3359 2603 3407 ob
2640 3358 2811 3421 ipsam
2847 3372 3067 3407 oausam
3105 3371 3261 3421 quae-

702 3426 937 3485 stionem
992 3427 1303 3478 instituisse
1357 3428 1602 3487 videtur,
1655 3431 1718 3476 ut
1763 3429 1796 3476 ἰ’
1844 3426 2211 3477 exhibendum
2263 3443 2383 3477 esso
2441 3426 2867 3487 demonstraret,
2926 3424 3069 3489 quod
3118 3439 3261 3474 more

702 3495 1123 3559 epitomatorum
1160 3495 1366 3545 excidit
1402 3495 1471 3545 cf.
1507 3495 1720 3545 Ahrens
1755 3495 1823 3545 de
1862 3495 1993 3548 dial.
2019 3496 2149 3545 Dor.
2188 3512 2239 3560 p.
2266 3497 2366 3546 368
2390 3510 2570 3559 seqq.,
2607 3498 2664 3542 et
2701 3510 2862 3557 quem
2896 3493 3054 3556 citat,
3089 3492 3264 3558 Apoll.

701 3562 767 3612 de
804 3563 927 3616 adv.
964 3564 1079 3616 625.
1219 3564 1254 3616 l.
1297 3567 1318 3612 1
1360 3564 1426 3613 de
1464 3562 1641 3627 πέραν
1686 3569 1743 3613 et
1778 3562 2082 3626 ἀντιπέραν
2127 3564 2195 3617 cf.
2234 3564 2369 3613 Lob.
2408 3563 2491 3613 El.
2527 3563 2554 3612 1
2589 3563 2688 3611 624
2725 3566 2782 3611 ot
2816 3562 2871 3612 ΙΙ
2904 3562 3023 3612 206.
3060 3588 3127 3598 -
3163 3561 3199 3611 l.
3232 3563 3265 3609 4

702 3628 765 3680 ἐν
801 3628 1079 3682 Εὐνείδαις
1124 3647 1221 3695 pro
1264 3628 1547 3693 Εὐμένιςιν
1592 3631 1939 3681 scribendum
1986 3646 2109 3681 esso
2154 3633 2353 3696 probat
2386 3631 2552 3681 Mein.
2600 3630 2795 3693 fragm.
2831 3645 2968 3679 com.
3002 3629 3032 3679 1
3066 3631 3135 3680 ΞΟ
3181 3628 3262 3679 ed.

699 3699 827 3748 min.
932 3699 966 3750 l.
991 3700 1023 3748 5
1058 3700 1227 3750 verba
1264 3698 1324 3749 ἐκ
1361 3701 1462 3761 τῆς
1499 3698 1609 3763 πρό
1643 3727 1709 3735 -—
1745 3700 1781 3748 l.
1815 3704 1844 3749 7
1882 3697 2189 3762 δίφθογγον
2222 3700 2436 3771 1πρῴην
2466 3699 2649 3762 recepi
2685 3712 2751 3746 ex
2776 3697 3022 3761 Theogn.
3048 3699 3163 3757 154,
3189 3699 3265 3748 32.

701 3766 770 3817 cf.
794 3768 860 3818 E.
885 3767 959 3820 Μ.
985 3768 1101 3828 266,
1131 3769 1194 3816 18
1229 3766 1426 3831 δηρόν;
1464 3766 1804 3828 ὀνοματικὸν
1829 3765 2125 3831 ἐπίρρημα·
2165 3768 2348 3818 πολλὰ
2381 3764 2486 3830 γάρ
2511 3763 2608 3817 εἰςι
2642 3764 2714 3815 τὰ
2737 3767 2992 3816 τοιαῦτα·
3017 3763 3207 3828 ὥςπερ
3227 3764 3262 3825 ἡ

701 3832 844 3897 πέρα
868 3836 970 3896 τῆς
995 3833 1168 3897 πέρας
1204 3836 1311 3898 τήν
1336 3835 1512 3898 πέραν
1537 3836 1625 3885 καὶ
1652 3835 1929 3900 ἐπίρρημα
1953 3835 2132 3899 πέραν
2154 3834 2374 3900 «πέραν
2396 3836 2498 3885 τοῦ
2525 3831 2821 3897 χειμάρρου
2856 3835 2979 3883 τῶν
3005 3831 3261 3895 κέδρων»

701 3901 791 3952 καὶ
828 3901 1041 3965 πρώῖος
1077 3903 1263 3967 πρωῖα
1299 3902 1333 3964 ἠ
1372 3900 1646 3967 αἰτιατική
1683 3904 1907 3968 πρωῖαν
1943 3904 2031 3954 καὶ
2064 3907 2247 3969 τροπῇ
2277 3904 2485 3968 Ἰωνικῇ
2513 3901 2633 3967 (pro
2659 3900 2998 3967 Βοιωτιακῇ)
3022 3900 3255 3963 πρωῖην,

700 3970 756 4021 ἐξ
794 3968 861 4020 οὗ
899 3969 967 4021 τὸ
1004 3971 1205 4035 πρῴην
1242 3969 1540 4035 ἐπίρρημα·
1578 3971 1733 4022 οὕτω
1771 3971 1945 4036 δηρόν
1980 3970 2049 4022 τὸ
2085 3971 2177 4023 ἐπὶ
2214 3972 2397 4023 πολὺν
2431 3970 2650 4034 χρόνον.
2842 3970 2877 4022 l.
2920 3973 2981 4019 12
3014 3966 3258 4031 ἀτρεκές,

700 4054 797 4105 pro
836 4054 941 4103 quo
977 4039 1220 4104 Theogn.
1261 4043 1375 4103 155,
1415 4043 1476 4089 13
1513 4040 1683 4091 habet
1716 4038 2018 4104 αὐτάρκες,
2067 4046 2125 4090 et
2167 4038 2462 4104 διαμπερές
2508 4040 2691 4102 recepi
2736 4054 2802 4088 ex
2838 4040 2884 4088 E
2930 4081 2941 4091 .
2981 4037 3066 4087 Cr.
3101 4037 3129 4087 Ι
3168 4038 3263 4086 140

700 4107 788 4169 (Ε.
825 4108 900 4157 Μ.
936 4109 1063 4168 358,
1101 4108 1218 4171 54),
1259 4109 1350 4172 qui
1385 4124 1504 4157 cnm
1550 4106 1755 4172 ἄληθες
1801 4115 1860 4159 et
1905 4107 2162 4172 ἐπίτηδες
2208 4112 2538 4173 componunt
2581 4106 2749 4156 etiam
2795 4105 2867 4157 ἐπ
2907 4118 3120 4167 ναγκες.
3194 4104 3260 4154 cf.

696 4175 874 4225 Lehrs
909 4191 995 4239 qu.
1038 4192 1118 4240 ep.
1162 4178 1442 4227 138—143.
1486 4202 1554 4213 -
1598 4177 1635 4226 l.
1678 4179 1739 4226 18
1778 4177 1845 4226 de
1882 4174 2149 4227 αὐτοετές
2194 4177 2264 4231 cf.
2304 4176 2542 4225 Ammon.
2579 4190 2629 4238 p.
2672 4176 2793 4224 131:
2844 4171 3059 4238 τρίετες
3104 4173 3259 4237 βαρυ-

697 4242 883 4294 τόνως
920 4244 1010 4294 καὶ
1043 4243 1255 4307 τριετές
1292 4243 1576 4295 ὀξυτόνως
1612 4243 1886 4309 διαφέρει,
1925 4245 2058 4308 φηςί
2095 4244 2447 4307 Πτολεμαῖος
2484 4243 2516 4293 ὀ
2556 4240 2988 4307 Ἀςκαλωνίτης-
3025 4239 3126 4291 ἐὰν
3164 4239 3261 4304 μὲν

696 4310 802 4375 γὰρ
839 4310 1323 4376 βαρυτονήςωμεν,
1362 4311 1509 4363 ἔςται
1545 4311 1637 4363 ἐπὶ
1674 4312 1906 4377 χρόνου,
1944 4313 2029 4364 διὸ
2066 4313 2155 4364 καὶ
2194 4312 2225 4364 ὁ
2260 4311 2495 4377 ποιητής
2541 4323 2729 4374 φηςιν·
2776 4309 2898 4362 «ὡς
2921 4307 3136 4373 τρίετες
3164 4308 3259 4371 μέν

699 4378 866 4443 ἔληθε
903 4379 1099 4444 δόλῳ»
1138 4380 1261 4443 (Od.
1303 4382 1332 4442 β
1373 4382 1485 4443 106,
1525 4394 1571 4429 ω
1613 4382 1754 4443 141)·
1800 4379 1901 4432 ἐὰν
1936 4381 1996 4432 δὲ
2033 4380 2463 4443 ὀξυτονήςωμεν
2497 4376 2708 4443 τριετές
2753 4378 2831 4429 ὡς
2868 4376 3076 4441 εὐφυές
3112 4376 3258 4428 ἔςται

697 4446 789 4497 ἐπὶ
834 4445 1074 4511 ἡλικίας,
1124 4445 1248 4498 οἷον
1281 4451 1494 4513 τριετὲς
1531 4448 1599 4498 τὸ
1638 4446 1873 4499 παιδίον.
1944 4449 2078 4500 ὅθεν
2121 4449 2191 4500 τὸ
2228 4448 2408 4500 ἐξετέ’
2443 4444 2698 4509 ἀδμήτην
2735 4447 2869 4511 (ἔδει
2915 4446 3259 4510 προπαροξυ·

697 4518 974 4567 τονεῖςθαι
1011 4516 1162 4580 πλὴν
1197 4516 1282 4567 ὅτι
1324 4515 1579 4568 Ἀττικόν
1617 4517 1840 4582 supplet
1876 4518 2050 4568 Lehrs
2087 4533 2174 4582 qu.
2209 4534 2296 4583 ep.
2336 4534 2385 4582 p.
2415 4514 2550 4579 147).
2585 4514 2691 4577 χρὴ
2728 4514 2832 4566 οὖν
2866 4512 3259 4575 ἀναγινώςκειν

698 4581 775 4633 ὡς
812 4582 949 4635 ἀξιοῖ
987 4584 1018 4635 ὀ
1057 4581 1480 4649 Ἀςκαλωνίτης.
1552 4585 1729 4635 Lehrs
1764 4600 1853 4649 qu.
1892 4602 1975 4649 ep.
2012 4602 2063 4650 p.
2103 4588 2199 4636 136
2236 4602 2385 4651 seqq.
2588 4582 2622 4632 l.
2663 4584 2726 4630 19
2762 4583 2829 4633 do
2864 4581 3052 4646 χάριεν
3088 4582 3149 4631 Ε.
3186 4582 3255 4634 Μ.

696 4651 814 4715 807,
855 4656 917 4702 15
952 4653 1059 4715 τήν
1094 4650 1291 4718 τρίτην
1325 4652 1439 4703 ἀπὸ
1475 4652 1673 4704 τέλους
1710 4651 1893 4704 ὀξύνει
1931 4652 2292 4717 Ἡρωδιανὸς,
2342 4652 2485 4718 quod
2529 4651 2595 4701 de
2632 4649 2892 4702 adverbio
2926 4649 3248 4713 intellegen-

698 4717 822 4767 dum
859 4735 981 4771 esse
1017 4725 1171 4786 patet
1207 4729 1263 4771 et
1299 4739 1365 4771 ex
1401 4726 1586 4771 nostro
1620 4721 1743 4771 loco
1781 4727 1839 4772 et
1874 4739 1939 4772 ex
1976 4722 2219 4787 Theogn.
2248 4725 2367 4773 119:
2406 4720 2478 4771 τά
2514 4717 2592 4771 εἰς
2628 4722 2693 4770 {V
2716 4718 2966 4783 λήγοντα
2991 4716 3255 4781 οὐδέτερα

697 4783 810 4836 ἀπὸ
846 4786 1131 4852 ἀρςενικοῦ
1168 4788 1512 4853 γεγενημένα
1538 4787 1651 4839 εἴτε
1677 4788 1930 4852 ὀνόματα
1956 4788 2068 4841 εἴτε
2097 4790 2324 4853 μετοχαὶ
2350 4828 2360 4839 .
2388 4827 2398 4838 .
2427 4827 2437 4837 .
2477 4788 2739 4849 ὁμοτονεῖ
2773 4792 2844 4853 τῇ
2882 4787 3115 4851 κλητικῇ
3152 4786 3251 4835 τοῦ

697 4850 998 4917 ἀρςενικοῦ,
1036 4856 1105 4906 τὸ
1142 4856 1329 4920 χαρίεν
1367 4855 1414 4905 ὧ
1451 4854 1663 4921 χαρίεν·
1701 4857 1770 4907 τὸ
1805 4857 1912 4921 γὰρ
1939 4858 2433 4922 προπαροξύτονον
2469 4854 2746 4923 έπίρρημά
2781 4854 2943 4908 ἐςτιν.
2988 4855 3060 4904 cf.
3084 4854 3255 4905 Lehrs

700 4936 787 4984 qn.
817 4937 899 4987 ep.
926 4940 976 4987 p.
1007 4926 1116 4973 143.
1219 4924 1252 4973 1.
1277 4927 1342 4974 23
1378 4926 1510 4986 ςιγῶ
1549 4927 1696 4989 ςῑγα,
1722 4924 1878 4976 ἀντῶ
1915 4924 2058 4976 ἄντα
2084 4926 2270 4976 addidi
2306 4943 2373 4977 ex
2397 4925 2600 4979 Herod.
2628 4927 2686 4976 in
2708 4925 2773 4980 E.
2798 4924 2871 4974 M.
2898 4925 3010 4985 111,
3040 4925 3103 4973 15
3138 4922 3252 4972 loco
