3664 5546
621 316 747 381 268
1556 313 1653 401 ΕΚ,
1675 313 1815 368 ΤΩΝ
1859 312 2268 369 ΗΡΩΔΙΑΝΟΥ
2289 385 2294 390 Ἴ

622 487 788 568 φηςί.
879 487 1217 553 Μένιππος
1274 487 1345 551 δὲ
1401 484 1640 565 χωρίον
1686 485 2177 563 Τραπεζοῦντος
2232 485 2302 551 ἐν
2358 484 2650 569 περίπλῳ
2703 488 2836 550 τῶν
2889 484 3009 550 δύο
3055 486 3211 552 πόν-

619 610 769 655 των.
830 588 1153 654 Ἑκαταῖος
1197 589 1269 652 δὲ
1311 589 1414 652 καὶ
1457 587 1847 667 Θεόπομπος
1890 587 2082 653 πόλιν
2127 588 2329 666 αὐτήν
2374 607 2581 666 φαςιν.
2657 588 2997 668 μέταςςα
3038 589 3213 666 παρὰ

619 694 695 758 τὸ
741 691 895 772 μετά
928 691 1164 784 (ξχωρὶς
1197 690 1269 754 δὲ
1300 690 1625 768 μέταςςαι»
1660 687 1815 772 (od.
1851 712 1869 752 ι
1899 688 2072 773 221).
2123 688 2434 755 Ἔδεςςα
2476 690 2663 755 πόλις
2700 689 2924 769 (υρίας
2954 690 3213 756 ἀποικία

619 800 730 874 τῆς
776 795 846 860 ἐν
883 791 1267 876 Μακεδονίᾳ.
1325 793 1720 870 Ποιήεςςα
1772 791 1959 856 πόλις
2002 796 2114 869 τῆς
2164 792 2316 856 Κέω.
2389 788 2676 857 Εύεςςα
2719 794 2960 873 καλύβη
3004 814 3095 858 τις
3141 794 3211 857 ἐν

550 906 582 955 5
618 897 813 981 Λυκίᾳ
869 895 1000 960 ἀπὸ
1059 893 1322 974 (υέςςης
1387 894 1586 972 γραός
1651 913 1826 958 τινος
1884 894 2359 973 ὑποδεξαμένης
2412 895 2528 972 τὴν
2584 894 2769 972 Λητὼ
2824 896 2928 959 καὶ
2985 894 3212 964 (ύεςςα

620 999 807 1063 πόλις
850 998 1215 1076 Τυρρηνῶν.
1306 995 1672 1062 (ινόεςςα
1725 996 1913 1061 πόλις
1969 994 2261 1060 (ικελίας.
2329 996 2802 1074 ’Τειχιόεςςα
2860 997 3047 1062 πόλις
3094 998 3210 1061 Μι-
3281 1049 3284 1050 ⁷

622 1101 851 1179 ληςίας.
896 1098 1340 1177 Ὑδρόεςςα·
1395 1098 1602 1163 οὕτως
1645 1097 1684 1175 ἡ
1730 1098 1939 1176 Τῆνος
1984 1096 2272 1161 ἐκαλεῖτο
2319 1097 2424 1162 διὰ
2466 1099 2542 1163 τὸ
2587 1098 2984 1176 κατάρρυτον
3031 1098 3208 1164 εἶναι.

622 1200 1068 1280 Ἀκριόεςςα
1122 1201 1309 1265 πόλις
1364 1200 1434 1265 ἐν
1479 1200 1750 1284 Πόντῳ,
1793 1199 2164 1276 Ἡρακλείας
2211 1199 2544 1277 ὑποτελής.
2631 1199 2939 1280 Δομίτιος
2993 1200 3210 1265 Καλλί-

624 1323 887 1381 ςτρατος
941 1303 1011 1368 ἐν
1066 1303 1333 1387 τετάρτῃ
1390 1303 1537 1380 περὶ
1590 1300 1975 1379 Ἡρακλείας.
2073 1302 2488 1380 Πύργηςςα
2541 1301 2882 1381 πολίχνιον
2933 1303 3208 1369 Ἰταλίας.

522 1412 586 1464 10
623 1405 1055 1483 Μάρπηςςα
1099 1403 1256 1482 ὄρος
1285 1404 1533 1482 Πάρου.
1581 1403 1959 1483 Τρίνηςςα
2001 1403 2204 1467 τόπος
2237 1402 2529 1481 Φρυγίας.
2577 1403 2967 1483 Θεόπομπος
2998 1404 3209 1484 Ἑλλη-

619 1511 816 1580 νικῶν
846 1506 1146 1590 τετάρτῳ.
1191 1506 1599 1584 Πέτροςςα
1642 1508 1834 1583 νῆςος
1868 1505 2150 1570 Κιλικίας.
2196 1505 2636 1587 Τίλφωςςα,
2679 1505 2984 1570 Βοιωτίας
3012 1505 3207 1585 κρήνη

622 1610 725 1672 καὶ
767 1607 923 1686 ὄρος
967 1605 1098 1671 ἀπὸ
1143 1607 1512 1687 Τιλφώςςης
1555 1606 1824 1686 νύμφης.
1913 1608 2226 1687 γράφεται
2272 1608 2375 1671 καὶ
2431 1607 2521 1672 δι’
2565 1607 2712 1671 ἑνὸς
2754 1609 2804 1670 E.
2893 1607 3209 1687 μέλιςςα

621 1711 725 1774 καὶ
771 1710 1108 1778 Μέλιςςα
1151 1695 1432 1788 θυγάτηρ
1477 1708 1890 1792 Ἐπιδάμνου,
1947 1709 2024 1787 ἦς
2076 1710 2180 1773 καὶ
2233 1712 2351 1773 τοῦ
2400 1708 2814 1772 Ποςειδῶνος
2870 1708 2908 1772 ὁ
2952 1709 3208 1787 Δυρρά-

622 1831 777 1890 χιος.
852 1808 978 1890 ἀφ’
1030 1809 1106 1889 ἧς
1163 1810 1329 1875 ἔςτιν
1386 1809 1456 1875 ἐν
1502 1810 1861 1895 Ἐπιδάμνῳ
1915 1810 2117 1875 τόπος
2163 1810 2621 1892 Μελιςςώνιος,
2678 1809 2834 1875 ἔνθα
2875 1811 3208 1875 Ποςειδῶν

525 1921 588 1973 15
625 1912 784 1995 αὐτῇ
832 1916 1172 1995 ςυνῆλθεν,
1221 1913 1311 1976 ῶς
1354 1911 1588 1977 Φίλων.
1678 1913 1804 1976 ἔςτι
1851 1914 1952 1977 καὶ
1998 1913 2272 1977 Μέλιςςα
2314 1912 2499 1976 πόλις
2543 1912 2810 1992 Λιβύων.
2887 1911 3209 1977 Ἑκαταῖος

625 2014 806 2098 Ἀςίᾳ.
836 2055 854 2061 -
881 2016 983 2078 καὶ
1027 2013 1097 2079 ἐν
1147 2014 1381 2098 Κυζίκῳ
1427 2015 1603 2093 κώμη
1637 2014 1928 2078 Μέλιςςα.
1971 2015 2345 2094 Ἄμφιςςα
2387 2013 2573 2077 πόλις
2605 2012 2891 2080 Ὀζολῶν
2926 2013 3206 2092 Λοκρῶν.

624 2116 749 2180 ἔςτι
796 2117 866 2181 δὲ
911 2117 1263 2195 παραγωγὴ
1309 2115 1379 2179 ἐκ
1419 2118 1531 2193 τῆς
1576 2114 1739 2196 ἀμφί
1771 2116 1861 2181 ῶς
1907 2115 1975 2179 ἐκ
2017 2120 2130 2193 τῆς
2160 2115 2299 2180 ἀντί
2329 2116 2706 2180 Ἄντιςςα’
2752 2114 2878 2179 ἔςτι
2925 2117 2995 2180 δὲ
3024 2116 3208 2181 πόλις

538 2286 549 2300 ‚
622 2216 863 2298 Λέςβου
919 2217 1147 2298 ἐφεξῆς
1201 2223 1294 2300 τῷ
1350 2217 1575 2301 (ιγρίῳ
1641 2216 1771 2282 ἀπὸ
1825 2221 1937 2296 τῆς
1985 2211 2292 2296 Ἀντίςςης
2345 2220 2456 2294 τῆς
2517 2217 2822 2296 Μάκαρος
2876 2218 3210 2304 θυγατρός,

624 2319 694 2385 ἐν
749 2323 887 2385 τοῖς
931 2320 1240 2384 Φίλωνος.
1329 2320 1453 2384 ἔςτι
1499 2320 1612 2384 ’καὶ
1665 2323 1856 2397 νῆςος
1910 2319 2017 2399 μία
2071 2324 2201 2384 τῶν
2261 2319 2603 2383 Κυκλάδων
2656 2320 2760 2383 καὶ
2818 2319 2991 2397 τρίτη
3037 2320 3208 2384 Ἰνδι-

521 2429 589 2481 20
621 2424 764 2504 κῆς,
821 2422 901 2499 ἣν
958 2421 1318 2501 ἀναγράφει
1371 2419 1587 2486 Φίλων
1641 2422 1744 2484 καὶ
1784 2421 2180 2500 Δημοδάμας
2234 2420 2272 2485 ὁ
2329 2421 2633 2499 Μιλήςιος
2676 2457 2763 2467 -
2820 2423 2921 2485 καὶ
2976 2421 3044 2485 ἐκ
3097 2425 3209 2499 τῆς

624 2522 728 2586 ἐπί
791 2522 826 2587 ἔ
837 2544 1063 2587 πιςςα
1130 2524 1290 2601 παρ’
1353 2522 1669 2605 Ἑκαταίῳ.
1773 2522 2239 2602 «Μνημοςύνης
2305 2522 2344 2601 ἢ
2411 2523 2813 2602 Λητογενοῦς
2878 2523 3208 2602 χαρίεντος

624 2623 899 2688 ἔπιςςα».
943 2624 1304 2702 Ἄργιςςα
1347 2624 1532 2688 πόλις
1575 2624 1614 2702 ἡ
1660 2624 1925 2701 ὕςτερον
1955 2624 2294 2702 Ἄργουρα.
2345 2624 2722 2689 Πίτνιςςα
2751 2626 2936 2689 πόλις
2966 2625 3205 2689 Λυκαο-

536 2764 553 2772 ⁷
623 2724 776 2790 νίας.
861 2724 1161 2791 ῶςαύτως
1230 2726 1302 2791 δὲ
1365 2725 1469 2790 καὶ
1532 2725 1611 2790 τὰ
1669 2726 2323 2810 παρεςχηματὶςμένα,
2393 2726 2783 2811 Μάκεςςα,
2852 2727 3205 2809 Θρέῖςςα,

624 2827 1053 2911 Ἀράβιςςα,
1098 2828 1584 2910 Αἰθιόπιςςα,
1621 2828 2194 2910 Καπαδόκιςςα,
2238 2829 2750 2912 πανδόκιςςα,
2797 2829 3204 2911 Φοίνιςςα,

520 2940 586 2991 25
627 2930 963 3013 Κίλιςςα,
1009 2930 1433 3012 βαςίλιςςα,
1478 2929 1962 3013 Ἀρκάδιςςα,
2013 2930 2444 3010 Καβάλιςςα
2486 2930 2523 3008 ἧ
2560 2932 2855 3015 Καβαλίς,
2901 2932 2939 2996 ὁ
2984 2930 3218 2995 πολυί-“

623 3052 787 3110 ςτωρ
832 3032 1276 3115 Ἀλέξανδρος,
1336 3032 1865 3114 Μολύκριςςα,
1916 3032 2327 3115 Κούριςςα,
2384 3031 2729 3113 Λίβυςςα.
2819 3033 2943 3098 ἔςτι
2991 3035 3062 3097 δὲ
3105 3033 3208 3097 καὶ

622 3133 942 3213 φρούριον
975 3134 1265 3197 Βιθυνίας
1294 3133 1768 3216 ἐπιθαλάςςιον,
1816 3134 1907 3198 ῶς
1936 3134 2294 3212 πολυίςτωρ
2325 3134 2755 3212 Ἀλέξανδρος.
2803 3136 3204 3215 Βέβρυςςα.

621 3236 700 3299 τὰ
745 3237 816 3298 δὲ
860 3235 1319 3312 παραλήγοντα
1360 3242 1437 3320 τῇ
1482 3241 1595 3317 “οὐ,
1641 3236 1695 3300 εἰ
1740 3238 1855 3315 μὲν
1902 3236 2116 3315 ἔχοιεν
2160 3236 2231 3300 ἓν
2278 3240 2341 3318 Ε,
2387 3237 2967 3314 προπαροξύνεται·
3012 3236 3204 3300 Φαέ-

623 3343 863 3400 θουςα
918 3336 1197 3415 θυγάτηρ
1252 3336 1501 3420 Ἡλίου,
1559 3338 2009 3419 Ἀρέθουςα,
2071 3338 2268 3417 κρήνη
2330 3338 2620 3402 (ικελίας.
2719 3339 2875 3416 αὕτη
2947 3338 3205 3416 Κυπάρα

521 3452 589 3505 30
623 3435 903 3513 ἐλέγετο.
958 3437 1085 3502 ἔςτι
1129 3439 1233 3503 καὶ
1274 3438 1510 3518 Ἰθάκης
1558 3441 1731 3518 «πὰρ
1778 3439 2061 3518 Κόρακος
2104 3440 2304 3522 πέτρῃ
2350 3440 2452 3504 ἐπί
2494 3460 2562 3503 τε
2609 3441 2806 3524 κρήνῃ
2852 3440 3204 3523 Ἀρεθούςῃ.

623 3539 908 3618 Ὅμηρος
952 3537 1107 3623 (Od.
1154 3561 1192 3606 ν
1235 3539 1412 3623 408).
1498 3543 1786 3622 Δίδυμος
1840 3541 2370 3621 ὑπομνηματίζων
2426 3543 2543 3621 τὴν
2599 3547 2636 3607 V
2692 3546 2803 3620 τῆς
2855 3541 3206 3607 Ὀδυςςείας

624 3728 1029 3738 .-—.———.———-

623 3868 816 3983 {¹²31oe
824 3880 1088 3984 2552033:
1126 3864 2292 3997 &⁰525{333⁶232‘¹{⁰52v³÷1z{‡3¹3¹5352&
2319 3864 3010 3998 ῗιοῧέέῧξξίἔςιῖἷῖεῦῆ·
3037 3865 3205 3983 {322

623 3999 798 4063 γόνου
835 3998 1125 4065 χαρίεντος
1163 3999 1413 4062 ἔπιςςα»,
1451 3998 1606 4051 οὕτω
1644 4000 1734 4051 καὶ
1772 3999 1926 4064 παρὰ
1958 4000 2067 4064 τὴν
2105 4000 2245 4064 μετά
2271 4000 2508 4064 μέταςςα
2545 4000 2758 4066 «χωρὶς
2793 4000 2854 4051 δὲ
2893 3998 3204 4061 μέταςςαι».

626 4067 1006 4133 παραιτητέον
1040 4067 1147 4131 γὰρ
1184 4067 1317 4118 τοὺς
1354 4066 1731 4130 ἡγουμένους,
1772 4068 1859 4119 ὅτι
1886 4067 2000 4120 ἐςτὶ
2026 4067 2305 4131 μέςςαται·
2343 4067 2668 4133 ἐλέγχονται
2704 4067 2809 4132 γὰρ
2837 4067 2924 4119 ὅτι
2957 4067 3031 4132 ἣν
3055 4067 3207 4131 παρὰ

623 4136 731 4200 τὴν
770 4133 937 4199 μετά,
976 4135 1101 4187 ἐπεὶ
1138 4135 1290 4199 παρὰ
1324 4135 1432 4199 τὴν
1469 4133 1563 4186 ἐπί
1596 4134 1667 4186 τὸ
1696 4135 1895 4187 ’ἔπιςςα
1921 4135 2089 4202 (παρ’
2113 4135 2384 4204 Ἑκαταίῳ
2421 4137 2575 4188 addit
2603 4139 2664 4188 E.
2690 4135 2804 4200 M.)‚
2840 4153 2908 4187 ex
2943 4152 3047 4200 quo
3084 4137 3206 4185 loeo

625 4206 793 4254 etiam
830 4203 1048 4267 ἔπιςςα,
1097 4205 1241 4268 quod
1278 4209 1465 4254 exstat
1500 4210 1790 4269 praeterea
1837 4220 1924 4269 ap.
1964 4205 2042 4254 st.
2081 4206 2142 4259 Β,
2182 4209 2272 4267 90,
2309 4208 2373 4255 21
2412 4206 2633 4270 explevi
2678 4221 2774 4269 pro
2811 4203 2845 4266 ή
2884 4202 3206 4266 δωδεγόνου

624 4274 875 4322 scribens
929 4271 963 4334 ἢ
1012 4271 1383 4336 Λητογενοῦς.
1462 4273 1547 4323 De
1593 4271 1893 4335 Τίλφωςςα
1941 4273 2019 4323 St.
2068 4275 2128 4326 B.
2176 4275 2299 4336 614,
2352 4275 2402 4322 1:
2459 4272 2571 4323 ἔςτι
2619 4269 2890 4324 Βοιωτίας
2937 4270 3206 4335 Τίλφωςα

614 4339 803 4404 κρήνη
841 4338 932 4389 καὶ
970 4338 1128 4403 ὄρος,
1168 4338 1508 4404 Ἡρωδιανὸς
1545 4339 1606 4391 δὲ
1643 4337 1945 4404 Τίλφωςςα
1980 4338 2142 4405 φηςί,
2181 4341 2276 4390 ubi
2301 4341 2541 4391 Meinek.
2578 4347 2771 4390 contra
2797 4339 3022 4390 Arcadii
3050 4354 3205 4404 prae·

626 4414 845 4473 ceptum
882 4407 1182 4470 Τιλφῶςςα
1219 4408 1439 4469 scribit3
1487 4407 1708 4470 μέλιςςα
1756 4415 1813 4459 et
1850 4406 2122 4472 βαςίλιςςα
2159 4413 2289 4460 sunt
2326 4425 2392 4459 ex
2430 4408 2678 4474 Theogn.
2716 4410 2810 4467 99,
2850 4410 2930 4458 3-2.
2972 4433 3034 4442 —-·
3070 4408 3104 4456 l.
3139 4410 3205 4458 23

624 4476 743 4541 ipse
781 4476 964 4526 adieci
1006 4476 1178 4527 verba
1215 4473 1489 4527 ὡςαύτως
1533 4476 1595 4527 δὲ
1639 4475 1729 4526 καὶ
1772 4476 1845 4527 τὰ
1882 4474 2463 4542 παρεςχηματιςμένα,
2509 4493 2636 4526 nam
2682 4476 2824 4541 quod
2871 4476 3207 4525 Schmidtius

625 4544 789 4593 sumit
824 4541 1352 4606 ἀπαραςχημάτιςτα
1388 4545 1444 4593 in
1482 4545 1756 4609 principio
1793 4547 2020 4596 canonis
2048 4551 2269 4611 propter
2300 4543 2525 4609 ήρῷςςα
2562 4544 2810 4595 additum
2849 4559 2970 4593 esse
3009 4535 3207 4592 falsufu

624 4618 728 4674 est,
769 4626 933 4675 quum
968 4608 1213 4674 ἠρώϊςςα
1240 4627 1336 4675 pro
1380 4619 1714 4678 aroxytonos
1741 4613 2069 4679 primigenia
2097 4615 2271 4664 forma
2306 4613 2406 4673 sit,
2445 4628 2587 4677 quae
2623 4617 2748 4677 post
2773 4613 3206 4663 contractionem

625 4679 1091 4739 circumflectitur,
1139 4683 1197 4727 et
1242 4677 1322 4741 Θρ
1354 4681 1473 4730 ἰ’ςςα
1519 4680 1732 4744 reliqua
1775 4681 1908 4730 item
1961 4689 2025 4732 ut
2071 4682 2292 4732 nomina
2337 4681 2690 4731 substantiva
2733 4682 3207 4745 proparoxytonos
3240 4716 3261 4730 0

626 4747 995 4809 proferantur.
1043 4742 1332 4798 Φαέθουςα
1369 4747 1591 4813 explevi
1625 4763 1691 4797 ex
1729 4748 1874 4798 Mon.
1917 4751 1995 4811 12,
2033 4752 2125 4813 34,
2165 4746 2463 4812 Ἀρέθουςα
2500 4765 2567 4799 ex
2604 4748 2684 4802 St.
2713 4749 2776 4798 B.
2815 4754 2872 4798 et
2905 4748 3051 4799 Mon.
3077 4745 3112 4795 1.
3138 4762 3205 4808 c.,

627 4814 719 4878 qui
754 4813 864 4864 loci
899 4814 1030 4863 miro
1067 4820 1390 4878 congruunt.
