3664 5546
646 408 884 454 CXXXX
1710 408 2127 456 PRAEFATIO.

639 584 678 624 a
721 565 1002 627 πλεῖςτοι
1049 562 1117 626 δ’
1162 563 1514 644 Ἀβδηρῖται
1561 567 1685 628 κτλ.
1775 561 1856 626 In
1910 564 2358 643 Ἀδραμύτειον
2416 566 2694 650 primurn
2751 565 2830 630 de
2876 566 3209 651 orthogra-

637 663 792 750 phia
847 664 1093 748 agitur,
1161 673 1299 728 tum
1367 665 1448 729 de
1504 665 1907 730 derivatione
1963 666 2046 731 ab
2103 668 2488 746 Ἀδραμύτης
2546 676 2660 732 aut
2725 669 2809 733 ab
2872 671 3211 752 Ἄδραμυς,

637 788 832 853 quam
876 765 1088 830 reiicit
1131 766 1550 832 Herodianus
1595 766 1701 833 hic
1745 769 2127 833 nominatim
2183 759 2520 851 laudatuS,
2579 770 2730 857 quia
2782 771 2852 834 in
2893 774 3213 851 Ἄδραμυς

635 873 670 934 ’ἶ
715 867 1138 934 desideretur.
1213 868 1548 934 Articulus
1598 873 1804 951 Χρύςη
1853 892 1969 957 per
2003 881 2308 936 accentus
2344 872 2743 938 notationem
2779 875 2848 937 in
2891 872 3212 959 principio

638 971 916 1056 positam
961 970 1403 1036 Herodianum
1444 972 1694 1058 prodit,
1742 972 1825 1037 ad
1873 960 2433 1061 comprobandum·
2471 998 2660 1039 usum
2707 975 2836 1041 duo
2871 974 3211 1062 Sophoclis

635 1075 761 1139 loci
804 1084 1272 1160 proponuntur.
1347 1075 1511 1139 Tum
1556 1074 1852 1140 additur:
1912 1077 2022 1142 εἰςὶ
2068 1078 2169 1141 καὶ
2213 1077 2399 1142 ἄλλαι
2447 1079 2675 1156 Χρῦςαι
2721 1079 3047 1158 ὁμώνυμοι
3091 1079 3213 1144 πό-

637 1183 766 1244 λεις
811 1178 909 1242 καὶ
951 1178 1141 1243 τόποι
1184 1179 1444 1243 πολλοί·
1509 1179 1654 1257 περὶ
1698 1178 1955 1257 (κῦρον.
2036 1181 2138 1243 καὶ
2193 1183 2303 1256 τῆς
2354 1180 2611 1260 Λεςβίας
2664 1181 2865 1245 τόπος
2922 1189 2988 1244 et
3041 1202 3211 1244 com-

635 1277 853 1365 plures
900 1276 1090 1343 aliae.
1180 1277 1364 1343 Haec
1409 1278 1816 1344 diversarum
1858 1279 2118 1346 urbium
2172 1283 2571 1346 enumeratio
2625 1280 2817 1366 longe
2874 1281 2958 1346 ab
3002 1281 3212 1347 Hero-

636 1380 829 1446 diano
874 1378 1224 1445 abhorrere
1279 1382 1574 1463 videtur,
1631 1405 1828 1470 quum
1884 1381 2244 1468 geographi
2296 1384 2513 1468 potius
2569 1406 2763 1469 quam
2807 1385 3217 1468 grammatici

637 1485 739 1548 sit.
812 1482 941 1548 Sed
983 1493 1059 1547 ut
1088 1482 1501 1549 Herodianus
1548 1484 1846 1549 diversas
1891 1482 2432 1570 appellativorum
2463 1485 2973 1571 significationes
3007 1484 3213 1572 expli—

635 1588 812 1651 cavit
855 1586 1374 1674 testimoniisque
1413 1586 1730 1669 firmavit,
1764 1589 1857 1653 sic
1892 1588 2090 1651 etiam
2129 1589 2545 1671 cognomines
2587 1588 2783 1654 urbes
2829 1588 3215 1653 distinxisse

634 1698 699 1754 et
743 1688 1239 1754 auctoritatibus
1298 1690 1687 1775 scriptorum
1742 1690 2203 1776 comprobasse
2256 1688 2583 1775 putandus
2629 1701 2748 1755 est.
2792 1735 2813 1756 .
2839 1689 3214 1776 Stephanus

635 1800 851 1855 autem
903 1788 1011 1855 vel
1066 1793 1453 1876 epitomator
1508 1793 1725 1856 omnia
1791 1791 2091 1877 exempla
2144 1792 2228 1857 ab
2282 1791 2658 1858 Herodiano
2717 1791 2916 1857 allata
2972 1791 3198 1857 descri-

636 1893 788 1958 bere
844 1903 1180 1979 pertaesus
1238 1893 1397 1957 satis
1455 1893 1687 1959 habuit
1743 1916 2061 1958 summam
2113 1892 2343 1958 horum
2398 1891 2841 1981 exemplorum
2896 1894 3216 1961 brevibus

634 1996 976 2084 concipere
1022 1997 1279 2061 omissis
1326 1997 1713 2081 scriptorum
1759 1996 2183 2077 testimoniis,
2242 1998 2334 2062 sic
2378 2008 2451 2062 ut
2495 2020 2669 2062 nunc
2710 1998 2834 2063 hae
2878 2019 3214 2062 enumera-

635 2100 843 2166 tiones
891 2099 1007 2165 vix
1052 2121 1197 2162 cum
1241 2099 1668 2183 grammatica
1715 2097 2009 2162 doctrina
2053 2099 2435 2164 coniunctae
2482 2122 2623 2164 esse
2668 2100 3033 2165 videantur.
3102 2099 3218 2163 Ex

632 2204 756 2267 hac
813 2202 1264 2290 epitomatoris
1320 2199 1720 2265 Herodianei
1775 2201 2245 2265 consuetudine
2300 2200 2759 2287 explicandum
2826 2212 2924 2267 cst
2989 2203 3215 2284 etiam,

549 2324 558 2331 '
634 2307 806 2395 quod
850 2305 1109 2391 saepius
1158 2313 1366 2367 terrae
1413 2312 1478 2367 et
1520 2304 1816 2384 regiones
1863 2301 2215 2368 distinctae
2263 2315 2445 2385 sunt,
2502 2327 2670 2391 quae
2727 2304 2987 2369 eaedem
3033 2314 3215 2386 sunt,

635 2433 784 2475 nam
839 2414 1183 2493 excerptor
1246 2427 1376 2469 non
1442 2404 1905 2470 animadvertit
1959 2402 2071 2470 eas
2136 2408 2205 2469 in
2244 2405 2539 2471 ‘diversis
2606 2408 2994 2492 scriptorum
3050 2404 3215 2471 locis

635 2513 893 2578 diverse
938 2508 1334 2595 significatas
1382 2529 1523 2571 esse
1570 2505 1653 2571 cf.
1687 2505 1886 2570 Mein.
1918 2531 1982 2594 p.
2014 2507 2169 2590 272,
2218 2511 2271 2573 1.
2363 2507 2722 2594 Originalis
2767 2507 3219 2574 huiuscemodi

633 2615 1090 2702 cognominum
1152 2610 1414 2675 urbium
1480 2607 1832 2694 explicatio
1903 2619 2165 2675 servata
2231 2609 2367 2675 fere
2434 2620 2534 2675 est
2600 2612 2668 2675 in
2726 2611 3026 2696 Ὤλενος,
3092 2611 3217 2676 ubi

637 2718 925 2785 Achaica
990 2724 1054 2780 et
1121 2710 1419 2778 Aetolica
1490 2711 1685 2777 urbes
1755 2711 2285 2779 discriminantur
2358 2716 2749 2801 scriptorum
2821 2714 3215 2780 testimoniis

631 2823 970 2907 utriusque
1028 2840 1154 2882 usu
1206 2816 1481 2879 firmato,
1537 2853 1621 2863 ——
1670 2816 1750 2879 In
1795 2815 2067 2880 articulo
2121 2826 2338 2880 autem
2387 2819 2591 2897 Χρύςη
2648 2816 2899 2902 prolato
2953 2815 3215 2881 ethnico

636 2924 911 3004 Χρυςεύς
963 2920 1460 3006 perispomenon
1517 2920 1722 2997 Χρυςῆ
1786 2918 1943 2983 item
2009 2940 2093 2982 ex
2150 2918 2487 2984 Catholica
2518 2921 2927 3023 lproponitur
2982 2918 3213 2982 recisis

632 3026 1073 3113 antiquiorum
1117 3019 1502 3105 scriptorum
1549 3019 1942 3084 testimoniis
1990 3030 2056 3084 et
2098 3019 2342 3085 additis
2387 3019 2548 3086 locis
2594 3022 3023 3107 posteriorum
3053 3019 3215 3085 Dio-

633 3130 807 3217 nysii
851 3136 915 3192 et
956 3122 1299 3190 Marciani.

802 3230 947 3296 Iam
990 3248 1145 3291 vero
1192 3222 1500 3288 articulos
1532 3221 1876 3288 nonnullos
1909 3245 2308 3305 enumerem,
2356 3228 2467 3312 qui
2495 3226 2706 3310 magis
2753 3226 2949 3290 etiam
2979 3223 3213 3288 alienis

634 3330 1098 3400 additamentis
1135 3350 1175 3392 a
1218 3324 1548 3412 Stephano
1591 3325 1966 3411 interpolati
2013 3337 2183 3392 sunt.
2251 3329 2454 3409 Ἄβιοι
2497 3329 2687 3394 ἔθνος
2720 3329 3018 3393 (κυθικόν
3063 3348 3213 3390 cum

637 3460 832 3502 versu
861 3430 1208 3499 Homerico
1255 3439 1320 3493 et
1363 3426 1802 3514 explicatione
1847 3429 2123 3492 nominis
2171 3430 2254 3496 ab
2286 3429 2666 3495 Alexandro
2716 3428 2972 3515 prolata
3001 3429 3207 3493 Hero-

636 3540 813 3604 diani
859 3546 1040 3615 sunt,
1093 3542 1231 3596 tum
1277 3530 1361 3595 ab
1407 3529 1737 3617 Stephano
1782 3531 2032 3595 inserta
2076 3542 2227 3596 sunt
2269 3534 2547 3598 δικαίους
2593 3534 2658 3597 δ’
2703 3532 2882 3597 εἶπεν
2929 3532 3214 3613 Ὅμηρος

634 3645 738 3708 διὰ
781 3642 855 3706 τὸ
901 3640 980 3718 μὴ
1030 3637 1414 3717 βουληθῆναι
1459 3635 1614 3712 μετὰ
1668 3639 1798 3699 τῶν
1844 3634 2207 3715 Ἀμαζόνων
2262 3636 2366 3700 ἐπὶ
2418 3638 2534 3714 τὴν
2579 3636 2782 3701 Ἀςίαν
2828 3636 3214 3720 ςτρατεῦςαι,

634 3766 787 3808 nam
831 3736 1169 3825 sequentia
1214 3734 1419 3798 verba
1461 3737 1499 3814 ἢ
1547 3736 1643 3800 ὅτι
1688 3736 1919 3822 ἑδραίῳ
1968 3738 2080 3821 βίῳ
2128 3737 2206 3802 οὐ
2250 3746 2529 3817 χρῶνται
2576 3737 2747 3802 οὕτω
2800 3739 3093 3813 λέγονται
3138 3750 3215 3802 ut

634 3847 844 3911 altera
886 3835 1279 3927 etymologia
1325 3837 1500 3899 vocis
1545 3839 1748 3918 Ἄβιοι
1794 3838 1878 3904 ab
1935 3837 2308 3904 Herodiano
2368 3838 2733 3903 Alexandri
2790 3839 3213 3925 originationi

634 3958 808 4013 arcte
853 3943 1161 4009 adiuncta
1202 3937 1487 4003 fuerunt.
1563 3939 1730 4003 Tum
1777 3940 2047 4029 Didymi
2101 3942 2378 4006 nominis
2436 3942 2794 4028 expositi0‚
2846 3965 3012 4028 quae
3054 3942 3211 4006 item

634 4052 718 4117 ab
765 4044 1140 4113 Herodiano
1194 4039 1406 4127 posita
1447 4040 1607 4125 suit,
1667 4053 1732 4107 et
1786 4046 2111 4131 scriptura
2168 4066 2282 4131 per
2337 4047 2377 4122 Ῠ
2425 4045 2633 4126 Γάβιοι
2687 4066 2833 4109 cum
2880 4044 3211 4132 Aeschyli,

635 4144 1122 4233 Philostephani
1177 4142 1562 4207 testimoniis
1622 4144 2041 4231 proferuntur
2096 4157 2160 4210 et
2217 4156 2289 4210 ut
2343 4168 2427 4210 ex
2485 4149 2588 4212 καὶ
2631 4147 2816 4212 ἄλλοι
2862 4148 3214 4212 coniectari

633 4255 787 4319 licet
842 4244 1264 4332 complurium
1319 4247 1702 4311 nominatim
1758 4248 2111 4330 dictorum,
2170 4271 2286 4335 pro
2342 4248 2581 4335 quibus
2627 4247 2851 4334 Steph.
2901 4247 3070 4313 dixit
3108 4254 3214 4316 καὶ

635 4359 837 4424 ἄλλοι.
904 4350 1090 4432 Quae
1135 4349 1201 4411 in
1245 4346 1370 4412 fine
1402 4347 1632 4413 addita
1661 4361 1812 4415 sunt
1858 4352 1970 4417 εἰςὶ
2000 4353 2071 4417 δὲ
2102 4349 2327 4416 (κύθαι
2355 4388 2442 4399 -
2470 4352 2722 4419 τοξόται
2753 4353 2874 4430 γὰρ
2921 4353 2981 4417 οἱ
3026 4352 3212 4417 αὐτοὶ

635 4458 915 4546 sumpsit
958 4447 1327 4535 Stephanus
1373 4473 1458 4515 ex
1505 4451 1718 4516 Schol.
1767 4452 1895 4516 AV
1941 4452 2026 4517 ad
2071 4451 2152 4516 Il.
2201 4454 2249 4518 Ν
2296 4453 2357 4519 6.

800 4562 1062 4642 Ἄβυδοι
1107 4555 1275 4630 τρεῖς
1317 4554 1565 4620 πόλεις·
1610 4554 1648 4633 ἡ
1692 4557 1839 4620 καθ’
1884 4556 2352 4647 Ἑλλήςπογτον
2384 4563 2513 4623 τῶν
2548 4557 2868 4637 Μιληςίων
2916 4556 3209 4641 ἄποικος,

634 4667 818 4731 cujus
865 4664 1051 4731 testis
1083 4652 1442 4741 Dionysius
1488 4656 1848 4742 periegetes
1895 4680 1933 4721 a
1965 4658 2294 4745 Stephano
2325 4660 2625 4746 appictus
2659 4669 2789 4740 est,
2836 4662 2939 4725 καὶ
2984 4662 3020 4740 ὴ
3067 4665 3210 4726 κατ’

635 4752 954 4830 Αἴγυπτον
999 4791 1084 4802 -
1124 4759 1225 4821 καὶ
1267 4759 1306 4838 ἡ
1352 4760 1508 4825 κατὰ
1551 4762 1666 4839 τὴν
1698 4761 2015 4837 Ἰαπυγίαν
2060 4763 2098 4839 ἢ
2129 4762 2418 4845 Ἰταλίαν,
2468 4764 2506 4841 ἣ
2552 4761 2906 4842 οὐδετέρως
2938 4765 3208 4848 λέγεται,

639 4855 728 4919 ὡς
772 4855 1001 4921 Φιλέας
1049 4858 1213 4925 «ἔςτι
1260 4863 1331 4926 δὲ
1377 4901 1457 4909 -—
1498 4863 1818 4943 Ἄβυδον»
1858 4872 2007 4925 sunt
2039 4860 2433 4946 Herodiani,
2472 4884 2511 4926 a
2553 4886 2678 4949 quo
2726 4863 3208 4930 distinctionem
