3664 5546
621 293 747 358 284
1557 292 1638 347 ΕΚ
1679 293 1817 346 ΤΩΝ
1859 293 2270 348 ΗΡΩΔΙΑΝΟΥ

618 467 847 546 τόνου,
892 463 1105 542 ὥςπερ
1149 464 1252 527 καὶ
1294 463 1400 528 ἐπὶ
1439 467 1557 527 τοῦ
1603 463 1796 542 «ἦλθε
1841 464 1984 527 κατ’
2030 463 2251 541 ἰγνύην
2299 463 2727 544 βεβλημένος»
2775 462 2856 546 (Ν
2889 462 3046 546 212)
3087 465 3203 543 τὴν

620 567 977 646 μεταβολὴν
1035 568 1149 642 τῆς
1201 564 1441 630 τάςεως
1497 565 1857 643 έποιήςατο.
1947 565 2073 629 ἔςτι
2131 566 2233 629 καὶ
2285 566 2594 630 Πτελέα
2648 568 2846 643 δῆμος
2904 565 3202 645 Οἰνηῑδος

619 670 828 746 φυλῆς
871 668 974 731 καὶ
1015 667 1218 732 πόλις.
1308 665 1479 731 οὕτω
1523 667 1647 745 γὰρ
1691 665 1733 743 ἡ
1773 667 2046 746 Ἐφεςος
2091 666 2410 750 ἐκαλεῖτο,
2467 668 2572 731 καὶ
2615 666 2802 731 Ἰτέα
2846 670 3046 746 δῆμος
3090 671 3203 746 τῆς

621 768 1066 847 Ἀκαμαντίδος
1098 771 1324 848 φυλῆς.
1384 769 1639 850 ςυκέα,
1684 766 2171 850 ἀμυγδαλέα,
2204 769 2480 851 μηλέα,
2513 769 2881 849 λεοντέα»,
2926 770 3201 852 γαλέα,

440 895 444 899 Α
543 880 575 930 5
623 870 874 948 Νεμέα
926 870 1106 948 χώρα
1159 873 1271 946 τῆς
1315 870 1714 952 Ἀργολίδος,
1759 869 2004 934 Τενέα
2058 871 2235 948 κώμη
2285 869 2595 947 Κορίνθου
2650 868 2782 934 ἀπὸ
2838 870 3045 935 Τένου
3087 875 3202 936 τοῦ

578 961 1112 1054 ’Κύκνου,·τινες
1168 973 1239 1036 δὲ
1287 973 1325 1035 Γ
1329 972 1479 1036 ενέα
1532 971 1869 1051 γράφουςι.
1960 971 2392 1055 Μαντινέα,
2450 972 2489 1049 ἣ
2544 972 2647 1035 καὶ
2694 971 3044 1052 Μαντίνεια
3099 974 3204 1037 καὶ

622 1072 927 1150 Μαντίνη.
1015 1071 1336 1137 Ὠκαλέα
1379 1073 1565 1143 πόλις
1613 1072 1934 1137 Βοιωτίας,
1965 1071 2312 1152 «Ὠκαλέην
2361 1073 2677 1137 Μεδεῶνά
2720 1073 2784 1135 τ’
2830 1072 3199 1152 ἐϋκτίμενον

618 1173 1040 1252 πτολίεθρον»
1086 1175 1371 1254 Ὅμηρος
1414 1175 1491 1256 (Β
1536 1173 1705 1254 501).
1795 1174 2084 1238 ἐκαλεῖτο
2142 1177 2212 1238 δὲ
2257 1176 2359 1239 καὶ
2388 1173 2712 1257 Ὠκάλεια,
2759 1174 2849 1238 ώς
2894 1175 3198 1240 Ἀπολλό-

621 1280 849 1353 δωρος.
938 1276 1167 1358 ἐκλήθη
1214 1278 1285 1340 δὲ
1331 1276 1503 1340 οὕτω
1559 1277 1664 1340 διὰ
1718 1277 1793 1341 τὸ
1839 1274 1974 1341 ὦκα
2028 1277 2132 1340 καὶ
2185 1277 2509 1356 ςυντόμως
2563 1275 2804 1340 ἐκεῖθεν
2839 1275 2948 1341 εἰς
2993 1276 3202 1356 Θήβας

520 1382 583 1434 10
617 1377 997 1455 πορεύεςθαι
1041 1379 1080 1456 ἢ
1127 1376 1258 1443 ἀπὸ
1302 1381 1597 1456 ποταμοῦ
1639 1378 2136 1456 παραρρέοντος.
2205 1377 2395 1442 ἀλέα
2438 1377 2543 1442 ἐπὶ
2585 1381 2696 1456 τῆς
2726 1377 3058 1456 θερμαςίας
3103 1377 3203 1441 καὶ

508 1491 519 1498 “
619 1478 818 1544 ὁπότε
864 1483 1053 1557 δηλοῖ
1093 1481 1210 1558 τὴν
1257 1479 1472 1559 φυγὴν
1521 1478 1886 1562 βαρύνεται,
1931 1478 2036 1543 ἐπὶ
2080 1481 2150 1544 δὲ
2193 1484 2307 1558 τῆς
2337 1479 2602 1558 Ἀθηνᾶς
2632 1478 2939 1544 ὀξύνεται.
3007 1479 3197 1557 ἐχρῆν

620 1582 693 1644 δὲ
756 1582 858 1644 καὶ
920 1584 1114 1645 τοῦτο
1184 1580 1496 1660 βαρύνειν.
1604 1581 1707 1645 καὶ
1768 1581 1846 1645 τὸ
1901 1581 2122 1646 Ἀλέα
2184 1583 2370 1647 πόλις
2424 1581 2750 1660 Ἀρκαδίας
2817 1579 3201 1659 Θεόπομπος

619 1689 1010 1766 πεντηκοςτῇ
1056 1682 1217 1765 ἕκτῃ.
1260 1717 1347 1730 -
1389 1682 1517 1746 ἔςτι
1572 1683 1673 1745 καὶ
1718 1683 2060 1747 Θετταλίας
2116 1686 2220 1748 καὶ
2273 1683 2433 1762 ἄλλη
2485 1683 2917 1761 Καρπητανῶν
2973 1682 3200 1747 ἔθνους

625 1784 924 1848 Κελτικοῦ
964 1820 1051 1830 -
1097 1784 1448 1863 βαρύνεται.
1510 1784 1776 1862 Ἀρδέα
1814 1773 2102 1848 κατοικία
2131 1790 2242 1862 τῆς
2275 1784 2550 1849 Ἰταλίας.
2608 1778 2908 1864 ’(τράβων
2951 1784 3200 1866 πέμπτῃ

522 1891 583 1943 15
620 1887 712 1971 (p.
757 1883 930 1966 228).
1030 1885 1260 1964 ἐκλήθη
1328 1888 1398 1951 δὲ
1463 1885 1595 1951 ἀπὸ
1660 1887 1807 1951 ἑνὸς
1873 1891 2005 1950 τῶν
2070 1875 2320 1950 παίδων
2387 1886 2734 1951 Ὀδυςςέως
2798 1886 2899 1949 καὶ
2949 1884 3198 1962 Κίρκης,

621 1987 830 2051 Ἀςέα
884 1988 1059 2066 κώμη
1113 1991 1226 2064 τῆς
1272 1987 1630 2071 Ἀρκαδίας,
1685 1985 1811 2067 ἀφ’
1866 1986 1942 2065 ἧς
1998 1986 2035 2050 ὁ
2081 1987 2376 2067 Ἀλφειὸς
2423 1986 2582 2068 ῥέει,
2640 1987 2714 2051 ὃς
2768 1987 2873 2051 καὶ
2914 1985 3201 2064 Ἀςεάτης

622 2090 885 2164 λέγεται.
946 2089 1187 2164 Τεγέα
1230 2089 1417 2154 πόλις
1464 2089 1787 2168 Ἀρκαδίας
1832 2089 1976 2154 «καὶ
2004 2089 2241 2168 Τεγέην
2286 2087 2466 2167 εἶχον
2514 2089 2614 2152 καὶ
2653 2088 3013 2167 Μαντινέην
3059 2089 3198 2167 ἐρα-

621 2192 836 2269 τεινήν
852 2214 895 2254 ».
985 2190 1271 2268 Ὅμηρος
1314 2193 1390 2272 (Β
1436 2189 1589 2272 607)
1644 2193 1746 2256 καὶ
1789 2190 2153 2256 Παυςανίας
2197 2190 2255 2270 η’
2308 2192 2389 2272 (e.
2433 2190 2497 2272 3,
2542 2188 2612 2272 4)
2639 2179 2685 2248 '«
2702 2190 3060 2255 Μαντινεὺς
3102 2189 3200 2253 καὶ

621 2292 934 2370 Τεγεάτης
976 2292 1079 2357 καὶ
1111 2292 1441 2356 Μαίναλος
1472 2293 1711 2368 Τεγέαν
1755 2293 2026 2360 κτίζουςι
2071 2291 2592 2357 καῖ’Μαντίνειαν
2609 2317 2652 2354 ».
2714 2291 2839 2356 ἔςτι
2869 2292 2973 2356 καὶ
3002 2290 3200 2366 Τεγέα

519 2398 586 2450 20
621 2394 690 2459 ἑν
741 2394 944 2476 Κρήτῃ
991 2393 1119 2459 ὑπὸ
1164 2393 1519 2474 Ταλθυβίου
1564 2397 1887 2458 κτιςθεῑςα.
1977 2395 2260 2476 Θυρέα,
2314 2394 2459 2472 περὶ
2502 2393 2577 2472 ἧς
2620 2394 2892 2472 Ἀργεῖοι
2935 2395 3039 2458 καὶ
3080 2393 3198 2458 Λα-

620 2495 1006 2574 κεδαιμόνιοι
1061 2494 1475 2575 ἐπολέμηςαν.
1564 2496 1688 2560 ἔςτι
1747 2497 1817 2560 δὲ
1874 2497 1985 2574 τῆς
2046 2496 2394 2573 Κυνουρίας
2448 2498 2593 2577 γῆς,
2649 2495 2910 2574 μεθορία
2965 2495 3038 2558 δὲ
3091 2496 3199 2571 τῆς

619 2596 899 2675 Ἀργείας
944 2597 1046 2660 καὶ
1088 2597 1466 2675 Λακωνικῆς.
1558 2599 1804 2673 λέγεται
1850 2600 1951 2662 καὶ
2003 2601 2440 2677 πληθυντικῶς
2492 2598 2596 2661 καὶ
2650 2596 2810 2660 κατὰ
2854 2595 3198 2674 ςυναίρεςιν

622 2699 814 2778 Θυρῆ.
904 2698 1116 2763 Ἐλέα
1159 2700 1345 2763 πόλις
1390 2699 1661 2763 Ἰταλίας.
1751 2697 2040 2764 ἐκαλεῖτο
2099 2701 2169 2764 δὲ
2213 2699 2421 2777 Ὑέλη.
2511 2697 2848 2778 ώνομάςθη
2908 2698 2978 2761 δὲ
3025 2695 3200 2760 Ἐλέα

622 2800 752 2865 ἀπὸ
795 2804 914 2864 τοῦ
958 2801 1443 2879 παραρρέοντος
1488 2806 1798 2882 ποταμοῦ.
1867 2803 2136 2867 Μαλέα
2179 2801 2342 2879 ἄκρα
2386 2801 2550 2879 πρὸς
2593 2806 2669 2883 τῇ
2713 2799 3199 2880 Πελοποννήςῳ

517 2905 585 2956 25
623 2904 724 2967 καὶ
783 2903 1033 2967 Μάλεια
1089 2904 1193 2967 διὰ
1246 2903 1622 2982 διφθόγγου.
1711 2904 1991 2982 Ὑδρέα
2044 2906 2237 2980 νῆςος
2291 2904 2455 2980 πρὸς
2508 2908 2586 2985 τῇ
2631 2901 2942 2978 Τροιζῆνι.
3031 2899 3198 2963 Ἑκα-

620 3007 800 3068 ταῑος
844 3002 1132 3087 Εὐρώπῃ.
1205 3004 1690 3083 Ἀραιθυρέα·
1737 3004 1946 3069 οὕτως
1991 3006 2029 3083 ἡ
2074 3005 2312 3069 Φλιοῦς
2354 3004 2566 3068 πάλαι.
2627 3001 2912 3081 Ὅμηρος
2942 3002 3020 3083 (Β
3049 2998 3199 3080 571)

625 3105 1072 3182 «Ἀραιθυρέην
1118 3105 1182 3168 τ’
1227 3105 1558 3184 ἐρατεινήν
1574 3130 1619 3169 ».
1688 3089 2057 3170 Παυςανίας
2103 3105 2382 3189 δευτέρῳ
2427 3104 2857 3182 περιηγήςεως
2900 3101 3201 3166 Ἑλλάδος

621 3207 705 3287 (e.
744 3205 850 3286 12,
896 3205 967 3287 5)
1010 3206 1202 3285 φηςὶν
1248 3206 1345 3270 ὅτι
1392 3207 1732 3285 «Ἄραντος
1791 3207 1929 3272 υἱὸς
1966 3209 2181 3286 Ἄορις
2226 3207 2483 3283 ἐγένετο
2528 3206 2632 3269 καὶ
2674 3204 2953 3283 θυγάτηρ
2991 3204 3198 3281 ’Ἀραι-

621 3306 830 3384 θὐρέα.
929 3305 1202 3372 τούτους
1256 3307 1540 3372 Φλιάςιοί
1596 3330 1743 3389 φαςι
1811 3311 2009 3388 θήρας
2063 3308 2401 3389 ἐμπείρους
2465 3307 2755 3383 γενέςθαι
2817 3305 2921 3370 καὶ
2981 3304 3061 3368 τὰ
3115 3302 3200 3393 εἰς

519 3413 586 3467 30
620 3409 908 3488 πόλεμον
953 3406 1315 3487 ἀνδρείους·
1359 3413 1943 3490 προαποθανούςης
1989 3412 2059 3475 δὲ
2090 3413 2202 3487 τῆς
2245 3409 2533 3489 ἀδελφῆς
2562 3410 2778 3486 ’Ἀορις
2823 3406 2912 3471 εἰς
2956 3406 3200 3486 μνήμην

620 3514 732 3588 τῆς
777 3509 1064 3590 ἀδελφῆς
1108 3512 1222 3589 τὴν
1268 3512 1485 3591 χώραν
1532 3512 1742 3577 οὕτως
1786 3514 1913 3593 ἔφη
1930 3538 1972 3576 ».
2033 3510 2455 3589 Μανθυρέα
2499 3510 2675 3589 κώμη
2718 3507 3059 3586 Ἀρκαδίας.
3125 3505 3200 3569 τὸ

621 3614 693 3676 δὲ
741 3611 1113 3690 Κεγχρεαί
1155 3614 1341 3678 πόλις
1386 3614 1693 3692 Τρωάδος
1733 3650 1821 3660 -
1866 3614 2132 3692 δευτέρα
2174 3613 2360 3678 πόλις
2402 3613 2506 3676 καὶ
2547 3611 2828 3677 ἐπίνειον
2875 3608 3198 3688 Κορίνθου.

618 3714 793 3791 τρίτη
860 3714 1116 3779 Ἰταλίας
1167 3751 1256 3762 -
1312 3717 1350 3779 Γ
1366 3714 1583 3779 αθεαί
1650 3714 1836 3801 πόλις
1893 3716 2250 3797 Ἀρκαδίας,
2317 3713 2639 3793 Κεδρεαί
2705 3711 2890 3776 πόλις
2962 3708 3198 3787 Καρίας.

619 3815 943 3882 Ἑκαταῖος
988 3817 1172 3901 Ἀςίᾳ.
1264 3817 1587 3894 Κορςεαί
1632 3820 1825 3893 νῆςος
1871 3820 1983 3894 τῆς
2029 3815 2262 3882 Ἰωνίας
2307 3816 2681 3894 καταντικρὺ
2728 3812 2956 3891 Εάμου.
3031 3810 3198 3875 Ἑκα-

616 4138 1001 4209 τῆς’καθόλου
1048 4138 1259 4190 πτελέα
1306 4136 1447 4190 ἰτέα·
1487 4140 1576 4190 καὶ
1612 4138 1722 4190 «ὃν
1759 4139 1991 4191 πτελέαι
2037 4140 2224 4201 κτλ.»,
2263 4137 2489 4191 Πτελέα
2535 4139 2721 4205 δῆμος4
2756 4142 2813 4189 et
2851 4135 2986 4188 Ἰτέα
3025 4136 3197 4200 δῆμος

617 4214 747 4257 sunt
783 4220 851 4257 ex
886 4211 964 4257 St.
999 4210 1044 4258 B
1068 4245 1081 4264 ‚
1118 4205 1437 4270 ἀμυγδαλέα
1473 4235 1538 4243 —
1574 4206 1748 4270 γαλέα
1786 4225 1854 4258 ex
1890 4209 2133 4273 Theogn.
2175 4210 2289 4269 103,
2326 4209 2418 4267 20,
2460 4205 2645 4270 Νεμέα
2682 4222 2748 4256 ex
2785 4205 2975 4256 eodem
3022 4210 3078 4254 et
3115 4204 3195 4253 St.

614 4276 696 4337 Β.,
739 4274 905 4327 Γενέα
942 4292 1007 4325 ex
1046 4275 1123 4325 St..
1162 4277 1253 4335 Β.,
1290 4275 1417 4325 hinc
1461 4282 1772 4342 corruptum
1816 4276 2039 4326 videtur
2084 4273 2276 4328 Μενέα
2316 4291 2402 4340 ap.
2441 4275 2686 4340 Theogn.
2724 4273 2793 4323 ad
2833 4270 3068 4324 Ὠκαλέα
3105 4270 3197 4320 ad-

618 4342 771 4392 hibui
816 4350 1036 4407 praeter
1078 4343 1158 4395 st.
1205 4343 1269 4394 B.
1312 4344 1469 4394 Euat.
1524 4344 1594 4393 ad
1644 4345 1801 4394 Hom.
1849 4343 1882 4395 l.
1931 4361 1976 4394 o.
2023 4370 2086 4381 -
2144 4344 2302 4394 omisi
2353 4341 2532 4406 ςηπέα
2586 4358 2671 4407 ap.
2721 4341 3000 4405 Theogn„
3054 4336 3199 4403 quod

616 4426 684 4460 ex
731 4409 896 4461 ςυκέα
940 4411 1199 4460 iteratum
1234 4411 1485 4472 videtur,
1530 4413 1640 4461 nisi
1686 4411 1827 4463 forte
1876 4410 2086 4476 Εήπεια
2131 4412 2262 4462 urbs
2308 4426 2396 4475 ap.
2431 4410 2774 4461 Herodotum
2809 4408 2884 4458 VI
2922 4410 2985 4458 ’Π
3031 4407 3198 4457 etiam

617 4475 809 4542 (ηπέα
862 4478 1015 4528 dicta
1061 4484 1171 4537 est,
1225 4477 1513 4530 Μαντινέα
1560 4477 1794 4530 Ὠκαλέα
1843 4484 1970 4530 sunt
2017 4496 2082 4530 ex
2127 4479 2375 4543 Theogn.
2433 4483 2491 4527 et
2547 4478 2626 4527 St.
2671 4479 2759 4539 Β.,
2814 4473 2953 4527 ἀλέα
3007 4490 3074 4524 ex
3119 4473 3197 4522 St.

620 4546 706 4607 Β.,
762 4546 858 4596 ubi
907 4546 1141 4597 diserto:
1203 4544 1543 4609 Ἡρωδιανὸς
1590 4561 1749 4610 φηςι;
1799 4547 2013 4612 reliqua
2069 4547 2249 4597 omnia
2295 4560 2468 4608 usque
2515 4544 2583 4594 ad
2629 4541 2851 4609 Ὀρνεαί
2895 4559 2962 4593 ex
3009 4541 3087 4592 St.
3132 4540 3197 4590 B.

620 4627 733 4662 sum
779 4618 835 4662 ta
879 4618 1029 4664 sunt:
1195 4612 1229 4662 l.
1269 4616 1335 4663 34
1381 4631 1422 4665 s,
1474 4611 1703 4678 Κορςεαί
1747 4614 1938 4679 Steph.
1983 4613 2181 4664 tradit:
2240 4610 2582 4676 Ἡρωδιανὸς
2622 4608 2820 4675 Κορςία
2872 4609 2960 4661 διὰ
3004 4610 3106 4659 τοῦ
3145 4609 3176 4658 ῖ

618 4694 723 4742 quo
807 4681 887 4730 sic
930 4680 1368 4744 intellegendum
1414 4687 1525 4739 est,
1570 4686 1632 4731 ut
1674 4682 1851 4745 posui.
1924 4682 2238 4733 Secundum
2283 4687 2570 4730 accentum
2615 4680 2890 4731 nominum
2936 4645 3200 4740 Κεγχρεαί

622 4744 816 4798 Γαθεαί
853 4746 1182 4813 reliquorum
1218 4748 1385 4799 etiam
1421 4748 1583 4814 haec,
1624 4763 1762 4817 quae
1796 4764 1885 4814 ap.
1912 4750 1991 4801 St.
2025 4752 2088 4803 Β.
2113 4752 2452 4814 paroxytona
2489 4753 2618 4798 sunt
2651 4746 2913 4812 pluralia,
2952 4742 3200 4796 acuenda
