3664 5546
662 279 793 344 304
1600 280 1681 334 ΕΚ
1718 280 1859 334 ΤΩΝ
1902 279 2311 334 ΗΡΩΔΙΑΝΟΥ

1100 566 1279 631 ΠΕΡΙ
1327 566 1487 631 ΤΩΝ
1537 567 1649 631 ΕΙ(
1691 570 1729 645 ἦ
1776 565 2160 631 ΘΗΛΥΚΩΝ
2213 567 2326 631 ΚΑΙ
2374 565 2534 629 ΤΩΝ
2582 565 2695 630 ΕΙ(
2738 567 2846 650 U}

1742 749 2014 805 ΒΙΒΛΙΟΝ
2056 745 2138 815 ιβ’.

832 924 926 987 Τὰ
971 922 1058 987 εἰς
1101 925 1139 1000 ἦ
1186 923 1471 1000 λήγοντα
1526 921 1766 1000 θηλυκὰ
1821 921 1996 999 παρὰ
2051 924 2302 999 γενικῆς
2356 922 2844 999 ςχηματιςθέντα
2895 924 3258 1007 βαρύνεται,

663 1028 935 1103 χιτῶνος
983 1025 1315 1106 Χιτώνη,
1360 1023 1677 1102 ἡγεμόνος
1722 1023 2096 1102 ἡγεμόνη,
2151 1023 2492 1100 ςώφρονος
2538 1021 2951 1105 Εωφρόνη,
3011 1024 3254 1104 εὔφρο-

605 1138 636 1187 5
669 1145 783 1189 νος
852 1146 882 1190 ε
898 1125 935 1189 ὐ
950 1147 1001 1204 φ
1017 1144 1053 1203 ρ
1069 1125 1105 1188 6
1122 1145 1157 1187 ν
1172 1146 1209 1202 η
1223 1173 1242 1205 ,
1308 1123 1639 1204 ἀμύμονος
1700 1123 1765 1186 Ἀ
1780 1145 1820 1199 μ
1836 1145 1871 1186 υ
1885 1124 1989 1200 μώ
2005 1143 2040 1186 ν
2054 1144 2091 1199 η
2159 1123 2196 1199 ἡ
2262 1123 2542 1201 θυγάτηρ
2604 1123 2878 1188 Δαναοῦ
2891 1174 2910 1207 ,
2974 1126 3254 1203 πέρατος

665 1228 997 1308 περάτη,
1044 1226 1317 1290 κάλυκος
1362 1225 1681 1306 καλύκη,
1729 1223 1947 1301 χιόνος
1995 1223 2230 1300 Χιόνη
2276 1223 2485 1303 ὄνομα
2529 1225 2824 1301 ἡρωῒδος.
2880 1227 2956 1290 τὸ
3003 1228 3070 1290 δὲ
3116 1226 3251 1304 ἁρ-

665 1348 820 1402 παγ
836 1329 874 1404 ή
920 1319 1240 1407 ὀξύνεται,
1288 1326 1447 1389 διότι
1493 1324 1624 1388 ἀπὸ
1671 1325 1952 1402 ἁρπάζω.
2039 1325 2116 1388 τὸ
2163 1325 2234 1387 δὲ
2278 1323 2582 1403 ἁρπάγη
2634 1325 2911 1402 ςιδήριόν
2954 1348 3013 1390 τι
3059 1333 3250 1406 βαρυ-

665 1429 944 1507 νόμενον
990 1427 1120 1491 ἀπὸ
1167 1431 1283 1489 τοῦ
1329 1426 1633 1503 ἅρπαγος.
1721 1426 1825 1489 καὶ
1869 1425 1947 1487 τὰ
1992 1425 2346 1503 παρώνυμα
2391 1425 2657 1508 ὁμοίως,
2715 1426 3069 1505 ἀμφίρυτος
3112 1426 3246 1506 ἀμ-

665 1529 986 1609 φιρύτη,
1052 1528 1442 1605 δορύκτητος
1503 1528 1969 1606 δορυκτήτη,
2036 1524 2393 1604 ἀμφίλυκος
2459 1525 2887 1609 ἀμφιλύκη,
2955 1528 3246 1609 ἄςβεςτος

568 1640 629 1691 ιο
666 1630 751 1693 ἀς
768 1631 846 1710 βέ
863 1651 989 1707 ςτη
1028 1632 1178 1705 «τῆς
1224 1629 1280 1692 δ’
1324 1627 1491 1706 αἶψα
1536 1627 1678 1690 κατ’
1723 1627 1981 1706 ἀςβέςτη
2023 1628 2274 1705 κέχυται
2307 1626 2513 1705 φλόξ»
2560 1628 2653 1708 (Π
2687 1625 2864 1711 123),
2910 1629 3247 1706 εὐποίητος

488 1721 499 1736 ”
664 1731 1048 1807 εὐποιήτη
1120 1729 1523 1812 «εὐποιήτῃςι
1598 1729 1864 1811 πύλῃςι»
1935 1725 2054 1809 (ll.
2099 1728 2142 1790 Ε
2197 1725 2393 1809 466),
2462 1728 2789 1802 πάγκαλος
2866 1730 3244 1806 παγκάλη·

663 1832 1032 1908 Παγκάλη
1079 1830 1135 1894 δ’
1180 1830 1466 1894 ἐκαλεῖτο
1513 1831 1614 1893 καὶ
1658 1830 1968 1907 Ἀμοργὸς
2011 1831 2217 1905 νῆςος.
2290 1829 2602 1894 πάναιθος
2646 1832 2987 1910 παναίθη
3001 1879 3019 1913 ,
3075 1831 3245 1909 περί-

663 1938 876 1998 ξεςτος
919 1932 1358 2013 περιξέςτη,
1404 1930 1759 2008 ἀρίγνωτος
1803 1929 2214 2009 ἀριγνώτη.
2657 1927 2686 1949 “
3187 1995 3195 2001 ,

835 2032 929 2096 Τὰ
973 2033 1061 2096 εἰς
1105 2034 1143 2108 ἦ
1190 2033 1455 2097 ςύνθετα
1498 2034 1600 2095 καὶ
1641 2032 2086 2109 παραςύνθετα
2144 2032 2511 2113 βαρύνεται,
2569 2030 2738 2096 Ὠκυ
2754 2032 2941 2124 πνέτη
2956 2082 2974 2114 ,
3030 2033 3105 2096 ‘Y
3121 2053 3245 2112 ψι-

564 2146 626 2197 15
663 2135 897 2215 πύλη,
944 2133 1336 2216 Ἐριφύλη,
1384 2134 1800 2215 Βερονίκη,
1846 2133 2326 2211 Πολυκάςτη.

831 2235 924 2298 Τὰ
969 2234 1058 2298 εἰς
1100 2237 1138 2310 ἦ
1184 2235 1616 2312 προςηγορικὰ
1658 2235 1697 2310 ἢ
1746 2234 2082 2313 βαρύνεται
2138 2234 2176 2312 ἢ
2222 2232 2511 2300 ὀξύνεται
2567 2235 2832 2298 ςύνθετα
2883 2234 3058 2300 ὄντα.
3131 2235 3246 2300 ὅςα

664 2336 783 2401 οὖν
830 2336 961 2416 ἔχει
1006 2356 1065 2398 τι
1110 2335 1272 2400 ἄλλο
1318 2335 1508 2414 μέρος
1555 2336 1757 2410 λόγου
1801 2336 1903 2399 καὶ
1949 2334 2205 2413 ἄρχεται
2251 2337 2443 2413 χωρὶς
2487 2335 2848 2412 προθέςεως
2890 2337 3245 2419 βαρύνεται,

661 2439 1038 2518 κυνάγχη,
1084 2437 1442 2515 βουκάπη
1489 2438 1527 2515 ἡ
1573 2441 1704 2501 τῶν
1752 2441 1926 2515 βοῶν
1972 2437 2214 2518 φάτνη,
2271 2438 2721 2515 ποντοκύκη
2767 2438 2929 2516 γυνή
2974 2438 3013 2514 ἡ
3057 2458 3243 2516 ταρα-

798 2693 833 2741 l.
874 2696 1034 2756 l‘pro
1068 2692 1232 2742 titulo
1269 2692 1390 2744 cod.
1418 2689 1460 2740 C
1498 2689 1626 2753 περὶ
1661 2691 1783 2740 τῶν
1821 2688 1899 2740 εἰς
1935 2692 1969 2752 ῆ
2007 2689 2273 2753 θηλυκῶν
2310 2689 2399 2739 καὶ
2435 2692 2558 2741 τῶν
2594 2693 2644 2740 ῶ
2681 2691 2821 2753 μετὰ
2855 2693 2979 2742 τῶν
3012 2692 3244 2756 καθεξῆς

663 2766 719 2810 et
745 2760 865 2811 cod.
903 2762 949 2811 A
987 2759 1114 2825 περὶ
1150 2758 1324 2811 τόνου
1359 2760 1482 2808 τῶν
1519 2756 1596 2809 εἰς
1634 2759 1667 2822 ἦ
1706 2758 1972 2823 θηλυκῶν
2011 2759 2089 2819 (in
2128 2760 2170 2807 B
2208 2758 2493 2823 inscriptio
2531 2759 2709 2822 deest)
2748 2762 2905 2825 posui
2943 2765 3082 2825 quae
3120 2760 3246 2809 dedi

662 2829 896 2878 indicem
944 2829 1205 2878 librorum
1239 2826 1478 2878 Arcadio
1514 2828 1809 2891 praefixum
1848 2830 2089 2876 secutus.
2194 2825 2226 2877 Ι.
2267 2830 2297 2875 5
2337 2824 2638 2891 Ἀμυμώνη
2677 2829 2901 2892 explevi
2937 2834 2993 2878 et
3027 2830 3244 2878 nomina

662 2913 834 2960 usquo
871 2896 941 2945 ad
978 2894 1148 2960 Χιόνη
1186 2895 1375 2944 addidi
1412 2910 1479 2943 ex
1516 2895 1578 2942 Ε.
1603 2895 1675 2943 Μ.
1710 2894 1792 2954 87,
1832 2896 1915 2952 35,
1954 2908 2116 2957 quem
2153 2892 2327 2941 locum
2365 2894 2466 2943 hoc
2490 2894 2713 2943 Arcadii
2749 2901 3102 2960 praeceptum
3133 2897 3244 2945 He-

662 2964 880 3014 rodiani
917 2978 1036 3013 esse
1075 2964 1443 3012 demonstrat:
1495 2959 1796 3023 Ἀμυμώνη
1845 2960 1879 3021 ἡ
1929 2958 2179 3022 θυγάτηρ
2214 2958 2445 3010 Δαναοῦ
2493 2958 2608 3011 ἀπὸ
2644 2964 2747 3025 τῆς
2782 2961 3068 3025 ἀμύμονος
3102 2977 3245 3025 γενι·

663 3034 779 3094 κῆς.
851 3029 1036 3081 πολλὰ
1069 3029 1176 3091 γὰρ
1210 3030 1334 3078 τῶν
1370 3028 1636 3092 θηλυκῶν
1671 3025 1974 3088 ὀνομάτων
2011 3024 2088 3078 εἰς
2124 3030 2158 3089 η
2197 3025 2448 3090 λήγοντα
2492 3025 2707 3090 γίνεται
2753 3028 2867 3080 ἀπὸ
2901 3033 3025 3079 ’τῶν
3062 3028 3138 3081 εἰς
3173 3034 3244 3081 δί

662 3099 904 3160 γενικῶν
929 3099 1049 3147 τῶν
1076 3096 1280 3146 ἑνικῶν
1316 3091 1442 3145 οἷον
1465 3093 1710 3158 πέρατος
1748 3092 1994 3159 περάτη,
2032 3092 2272 3145 κάλυκος
2298 3095 2538 3160 καλύκη,
2578 3095 2829 3159 ἅρπαγος
2864 3095 3090 3162 ἁρπάγη
3127 3098 3245 3162 (βα-

663 3160 2468 3294 3333&5¹3¹„553v551x23‘53’3n‘ffl'zzss'fessssz'mu‘ffsszzf
2492 3161 3244 3296 3¹3Z32ff‘21v050d135‘23‘35:

662 3304 754 3351 Pr.
790 3298 847 3350 Π
887 3302 1006 3349 123:
1048 3296 1400 3363 ἈρΙςταρχος
1438 3296 1581 3347 κατὰ
1618 3298 1845 3361 βαρεῖαν
1879 3295 2037 3347 τάςιν
2073 3294 2306 3361 ἀςβέςτη
2343 3296 2691 3362 παρώνυμον
2737 3297 3103 3363 ἐκδεχόμενος
3139 3302 3242 3350 τοῦ

661 3365 962 3429 ((ᾰςβεςτος
999 3364 1057 3415 δ’
1093 3364 1192 3430 ἄρ’
1226 3364 1445 3428 ἐνῶρτο
1480 3363 1705 3427 γέλως»
1741 3365 1915 3426 ὑγιῶς
1951 3363 2117 3415 πάνυ.
2186 3363 2373 3415 οὕτως
2418 3364 2524 3430 γὰρ
2569 3365 2680 3428 ἔχει
2717 3366 2786 3416 τὸ
2823 3365 3105 3429 ἀνάλογον
3141 3368 3241 3431 ἤτε

662 3426 895 3496 ἔμφαὶις
939 3436 1042 3483 τοῦ
1094 3432 1470 3497 δηλουμένου,
1518 3432 1607 3483 καὶ
1654 3431 1834 3483 πολὺς
1893 3433 1924 3483 6
1969 3428 2228 3482 τοιοῦτος
2276 3433 2647 3496 ςχηματιςμὸς
2694 3432 3007 3498 Ὁμηρικός.
3046 3463 3108 3471 -
3156 3434 3243 3485 εύ-

661 3500 870 3565 ποιήτη
908 3517 975 3550 ex
1010 3501 1075 3550 Il.
1100 3503 1188 3550 Pr.
1213 3499 1269 3551 Π
1295 3504 1418 3551 636:
1456 3500 1526 3549 τὸ
1564 3499 1626 3550 εὖ
1664 3499 1731 3550 οὐ
1759 3500 1978 3551 θέλουςι
2016 3497 2149 3550 κατ’
2173 3496 2316 3549 ἰδίαν
2354 3499 2764 3565 προφέρεςθαι,
2793 3500 2928 3552 ἀλλ’
2963 3501 3026 3553 ἓν
3063 3505 3244 3553 ποιεῖν

663 3565 1041 3631 εὐποιητάων,
1080 3566 1204 3618 ἐπεὶ
1240 3569 1331 3619 καὶ
1367 3565 1430 3618 ἐν
1468 3566 1679 3630 ἑτέροις
1704 3568 1840 3631 φηςί
1864 3568 1971 3630 τὴν
2008 3567 2238 3629 δοτικὴν
2272 3566 2644 3633 «εὐποΰτῃςι
2670 3568 2916 3634 πύλῃςι»
2942 3569 3028 3633 (11.
3053 3568 3090 3622 Ε
3118 3573 3242 3632 466)

661 3634 1035 3698 παρωνύμως.
1106 3633 1262 3697 κάγὼ
1300 3634 1361 3686 δὲ
1399 3632 1881 3698 ςυγκατατίθεμαι.
1928 3661 1992 3669 -
2038 3632 2298 3697 παγκάλη
2346 3648 2498 3685 πανα
2522 3637 2591 3699 θη
2638 3646 2857 3701 sumpta
2903 3645 3033 3687 sunt
3076 3655 3142 3687 ex
3180 3633 3246 3687 11.

661 3705 751 3752 Pr.
788 3702 836 3753 Ξ
871 3706 995 3752 372:
1035 3700 1114 3753 ὡς
1150 3703 1304 3768 παρὰ
1339 3702 1408 3753 τὸ
1446 3702 1616 3753 καλός
1662 3701 1892 3764 ἐγένετο
1938 3700 2251 3765 πάγκαλος,
2301 3701 2588 3766 παγκάλη,
2637 3703 2792 3754 οὕτω
2842 3704 2934 3755 καὶ
2978 3705 3136 3768 παρὰ
3173 3704 3245 3755 τὸ

664 3768 820 3821 αἰθός
867 3768 1164 3832 πάναιθος,
1218 3771 1264 3836 ᾧ
1302 3768 1617 3840 ἀκόλουθον
1653 3769 1722 3820 τὸ
1768 3767 2043 3833 παναίθη,
2090 3771 2364 3834 proprium
2412 3769 2686 3835 Παγκάλη
2732 3788 2801 3821 ex
2838 3772 2921 3821 St.
2957 3774 3020 3822 B.
3092 3786 3245 3837 περι·
3283 3800 3290 3803 -

662 3836 823 3902 ξέςτη
861 3836 1146 3902 ἀριγνώτη
1186 3854 1252 3887 ex
1288 3839 1351 3890 ΙΙ.
1392 3838 1480 3887 Pr.
1520 3837 1531 3887 Ι
1571 3840 1695 3887 343:
1742 3836 2120 3901 δορυκτήτηνε
2169 3836 2486 3902 δορυκτήτη
2525 3837 2604 3889 ώς
2649 3836 2964 3903 ἀριγνώτη,
3008 3838 3103 3889 ἵνα
3137 3842 3242 3890 τοῦ

661 3905 1007 3969 δορύκτητος
1050 3905 1398 3969 ’παρώνυμον
1445 3906 1493 3968 ῄ.
1565 3904 1752 3956 οὕτως
1796 3903 1906 3967 γὰρ
1948 3905 2098 3967 φιλεῖ
2145 3902 2494 3967 ςχηματίζειν
2541 3906 2574 3957 ὁ
2621 3904 2887 3970 ποιητής,
2935 3905 3243 3970 ἀμφιρύτη,

662 3972 969 4038 περιξέςτη.
1049 3975 1132 4023 De
1179 3970 1471 4035 περιξέςτη
1521 3974 1594 4023 cs.
1636 3972 1819 4022 Schol.
1869 3973 1937 4020 ad
1986 3973 2088 4021 Od.
2126 3987 2162 4033 μ
2199 3975 2291 4021 79:
2339 3971 2657 4038 περιξέςτῃ;
2705 3976 2964 4037 κρεῖττον
3010 3973 3243 4038 βαρυτό-

662 4055 776 4092 νως
811 4039 1052 4104 γράφειν
1097 4039 1386 4104 περιξέςτῃ
1435 4036 1644 4101 ὁμοίως
1688 4041 1774 4105 τῷ
1811 4036 2058 4103 ἀςβέςτη.
2127 4038 2196 4088 τὸ
2241 4039 2348 4103 γὰρ
2391 4044 2666 4103 περιςπᾶν
2712 4041 2821 4103 ἔχει
2869 4040 2960 4092 καί
3006 4055 3060 4091 τι
3095 4040 3242 4092 ἀντι-

662 4107 868 4170 λογίας.
939 4110 1064 4157 Huc
1110 4109 1349 4171 pertinet
1395 4109 1562 4156 etiam
1611 4106 1789 4160 schol.
1828 4108 1899 4156 ad
1943 4106 1990 4156 Z
2034 4109 2161 4156 266:
2207 4103 2508 4157 ἀνίπτοιςι;
2556 4107 2742 4158 οὕτως
2782 4107 3160 4173 Ἀρίςταρχος,
3209 4109 3243 4160 6

660 4176 721 4226 δὲ
758 4174 1099 4239 Ἡρωδιανὸς
1134 4173 1222 4225 διὰ
1257 4176 1360 4225 τοῦ
1397 4176 1433 4235 ῆ
1468 4171 1743 4240 ἀνίπτηςι.
1793 4174 1988 4225 Choer.
2025 4177 2172 4225 Dict.
2208 4176 2326 4236 522,
2365 4178 2453 4223 1⁶2:
2491 4175 2560 4239 τὸ
2598 4173 2945 4241 παγκακίςτη
2986 4175 3243 4229 Ἀττικόν

661 4243 831 4293 ἐςτιν·
869 4242 923 4294 οἱ
957 4241 1062 4305 γὰρ
1102 4240 1382 4307 Ἀθηναῖοι
1418 4241 1511 4292 ἐπὶ
1549 4240 1650 4303 μὲν
1686 4244 1807 4291 τῶν
1845 4239 1923 4292 εἰς
1958 4243 2027 4292 ὄ“ς“
2065 4240 2267 4291 ἁπλῶν
2304 4239 2525 4292 εἰώθαςι
2560 4242 2630 4293 τὸ
2655 4242 2906 4307 θηλυκὸν
2930 4243 3243 4307 ὁμόφωνον

660 4313 844 4361 ποιεῖν
879 4313 964 4374 τῷ
1001 4308 1300 4374 ἀρςενικῷ,
1339 4309 1371 4359 ὁ
1408 4309 1581 4372 ςοφός
1619 4309 1710 4359 καὶ
1745 4310 1789 4371 η
1820 4307 2022 4373 ςοφός,
2070 4309 2102 4359 6
2141 4308 2343 4360 κλυτός
2389 4309 2480 4360 καὶ
2517 4308 2551 4372 ή
2591 4310 2794 4362 κλυτός
2829 4312 3077 4362 «κλυτὸς
3117 4310 3241 4373 Ἀμ-

660 4374 952 4441 φιτρίτη»,
990 4377 1239 4428 «κλυτὸς
1266 4375 1678 4439 Ἱπποδάμεια»,
1718 4375 1810 4427 ἐπὶ
1847 4377 1907 4427 δὲ
1944 4378 2065 4426 τῶν
2101 4376 2180 4428 εἰς
2214 4380 2280 4429 ἐἶ
2316 4376 2603 4428 ςυνθέτων
2636 4376 2715 4429 εἰς
2750 4381 2785 4442 ῆ
2812 4375 3033 4430 εἰώθαςι
3059 4382 3240 4430 ποιεῖν

660 4443 729 4494 τὸ
767 4444 1015 4508 θηλυκὸν
1052 4441 1176 4495 οἷον
1213 4444 1245 4494 6
1282 4443 1560 4495 ἀθάνατος
1597 4442 1631 4506 ἡ
1672 4443 1953 4509 ἀθανάτη,
1991 4442 2023 4494 ό
2060 4443 2318 4510 ἀρίζηλος
2363 4443 2398 4507 ἡ
2437 4444 2681 4510 ἀριζήλη.
2751 4448 2823 4495 cf.
2861 4448 3037 4497 Lehrs
3072 4448 3140 4496 ad
3178 4447 3242 4496 ll.

660 4513 749 4563 Pr.
786 4511 835 4563 Ξ
869 4515 989 4562 372.
1126 4513 1160 4561 Ι.
1208 4517 1266 4563 18
1312 4511 1636 4576 ποντοκύκη
1672 4510 1817 4575 γυνή
1865 4513 2058 4576 scripsi
2102 4529 2198 4577 pro
2235 4513 2592 4577 παντογύνη,
2639 4515 2781 4578 quod
2818 4513 2988 4563 habet
3023 4514 3140 4563 cod.
3173 4515 3238 4577 A,

663 4586 719 4627 et
755 4578 1118 4642 παντογκύνη
1158 4580 1279 4640 Bc,
1326 4596 1451 4628 nam
1490 4596 1557 4628 ex
1595 4581 1905 4629 commixtis
1942 4579 2082 4643 κύκη
2129 4588 2185 4632 et
2219 4578 2391 4643 γυνή,
2440 4583 2581 4645 quod
2619 4581 2968 4631 Herodianus
3002 4598 3070 4631 ex
3107 4581 3238 4631 Cra-

662 4647 766 4695 tini
805 4647 922 4697 loco
959 4654 1293 4711 apposuerat
1330 4647 1405 4697 cf.
1444 4646 1648 4711 Bergk.
1692 4647 1810 4701 rell.
1849 4663 1981 4696 com.
2018 4648 2133 4699 Att.
2173 4665 2226 4713 p.
2254 4651 2369 4705 255,
2411 4647 2636 4697 Arcadii
2671 4650 2940 4714 scriptura
2978 4654 3098 4698 orta
3133 4654 3239 4710 est,

662 4720 937 4765 caeterum
974 4711 1303 4781 παντογύνη
1342 4730 1440 4780 per
1475 4730 1532 4764 se
1572 4713 1772 4764 falsum
1811 4722 1924 4779 est,
1964 4730 2126 4781 quum
2163 4716 2251 4765 hic
2287 4730 2461 4765 sermo
2497 4716 2571 4765 sit
2618 4715 2684 4766 do
2721 4717 3058 4781 nominibus,
3106 4731 3237 4783 quo·
