<?xml version="1.0" encoding="UTF-8"?>
<!DOCTYPE html PUBLIC "-//W3C//DTD XHTML 1.0 Transitional//EN"
    "http://www.w3.org/TR/xhtml1/DTD/xhtml1-transitional.dtd">
<html xmlns="http://www.w3.org/1999/xhtml" xml:lang="en" lang="en">
 <head>
  <title>
</title>
<meta http-equiv="Content-Type" content="text/html;charset=utf-8" />
  <meta name='ocr-system' content='tesseract 3.04.00' />
  <meta name='ocr-capabilities' content='ocr_page ocr_carea ocr_par ocr_line ocrx_word'/>
</head>
<body>
  <div class='ocr_page' id='page_1' title='image "./grammaticigraec02unkngoog_0505.png"; bbox 0 0 3664 5546; ppageno 0'>
   <div class='ocr_carea' id='block_1_1' title="bbox 1189 393 3072 459">
    <p class='ocr_par' dir='ltr' id='par_1_1' title="bbox 1189 393 3072 459">
     <span class='ocr_line' id='line_1_1' title="bbox 1189 393 3072 459; baseline 0.005 -11"><span class='ocrx_word' id='word_1_1' title='bbox 1189 395 1348 450; x_wconf 85' lang='grc' dir='ltr'>ΠΕΡΙ</span> <span class='ocrx_word' id='word_1_2' title='bbox 1388 395 1780 451; x_wconf 77' lang='grc' dir='ltr'>ΚΑΘΟΛΙΚΗΕ</span> <span class='ocrx_word' id='word_1_3' title='bbox 1816 393 2242 450; x_wconf 72' lang='grc' dir='ltr'>ΠΡΟΕΩιΔΙΑ(</span> <span class='ocrx_word' id='word_1_4' title='bbox 2281 395 2358 448; x_wconf 90' lang='grc' dir='ltr'>ΙΑ.</span> <span class='ocrx_word' id='word_1_5' title='bbox 2944 395 3072 459; x_wconf 80' lang='grc'>259</span> 
     </span>
    </p>
   </div>
   <div class='ocr_carea' id='block_1_2' title="bbox 375 554 3172 3395">
    <p class='ocr_par' dir='ltr' id='par_1_2' title="bbox 375 554 3070 955">
     <span class='ocr_line' id='line_1_2' title="bbox 375 554 3068 645; baseline 0 -16"><span class='ocrx_word' id='word_1_6' title='bbox 375 571 402 580; x_wconf 65' lang='grc'><strong>“</strong></span> <span class='ocrx_word' id='word_1_7' title='bbox 477 570 654 645; x_wconf 91' lang='grc' dir='ltr'>δμου.</span> <span class='ocrx_word' id='word_1_8' title='bbox 745 566 872 631; x_wconf 84' lang='grc' dir='ltr'>ἔςτι</span> <span class='ocrx_word' id='word_1_9' title='bbox 917 554 1021 629; x_wconf 84' lang='grc' dir='ltr'>καὶ</span> <span class='ocrx_word' id='word_1_10' title='bbox 1062 564 1295 631; x_wconf 83' lang='grc' dir='ltr'>Ῥόδου</span> <span class='ocrx_word' id='word_1_11' title='bbox 1350 566 1538 632; x_wconf 90' lang='grc' dir='ltr'>πόλις</span> <span class='ocrx_word' id='word_1_12' title='bbox 1581 569 1865 645; x_wconf 90' lang='grc' dir='ltr'>ταπεινή.</span> <span class='ocrx_word' id='word_1_13' title='bbox 1953 566 2056 631; x_wconf 85' lang='grc' dir='ltr'>καὶ</span> <span class='ocrx_word' id='word_1_14' title='bbox 2105 565 2331 644; x_wconf 88' lang='grc' dir='ltr'>Καρίας</span> <span class='ocrx_word' id='word_1_15' title='bbox 2389 564 2568 643; x_wconf 89' lang='grc' dir='ltr'>ἄλλη.</span> <span class='ocrx_word' id='word_1_16' title='bbox 2656 564 2761 629; x_wconf 87' lang='grc' dir='ltr'>καὶ</span> <span class='ocrx_word' id='word_1_17' title='bbox 2805 563 3068 641; x_wconf 78' lang='grc' dir='ltr'>(ογδια-</span> 
     </span>
     <span class='ocr_line' id='line_1_3' title="bbox 476 666 3068 749; baseline 0 -17"><span class='ocrx_word' id='word_1_18' title='bbox 476 670 593 744; x_wconf 90' lang='grc' dir='ltr'>νῆς</span> <span class='ocrx_word' id='word_1_19' title='bbox 649 666 828 747; x_wconf 84' lang='grc' dir='ltr'>ἄλλη.</span> <span class='ocrx_word' id='word_1_20' title='bbox 917 668 1162 746; x_wconf 90' lang='grc' dir='ltr'>χήρα..</span> <span class='ocrx_word' id='word_1_21' title='bbox 1216 670 1388 747; x_wconf 87' lang='grc' dir='ltr'>πλὴν</span> <span class='ocrx_word' id='word_1_22' title='bbox 1442 673 1560 734; x_wconf 83' lang='grc' dir='ltr'>τοῦ</span> <span class='ocrx_word' id='word_1_23' title='bbox 1607 673 1658 749; x_wconf 75' lang='grc' dir='ltr'>ᾧ</span> <span class='ocrx_word' id='word_1_24' title='bbox 1715 670 1820 734; x_wconf 88' lang='grc' dir='ltr'>διὰ</span> <span class='ocrx_word' id='word_1_25' title='bbox 1877 668 1953 734; x_wconf 89' lang='grc' dir='ltr'>τὸ</span> <span class='ocrx_word' id='word_1_26' title='bbox 1998 668 2215 747; x_wconf 86' lang='grc' dir='ltr'>Φηρά</span> <span class='ocrx_word' id='word_1_27' title='bbox 2261 666 2521 745; x_wconf 76' lang='grc' dir='ltr'>«Φηράς</span> <span class='ocrx_word' id='word_1_28' title='bbox 2576 687 2644 730; x_wconf 90' lang='grc' dir='ltr'>τε</span> <span class='ocrx_word' id='word_1_29' title='bbox 2690 666 2916 733; x_wconf 91' lang='grc' dir='ltr'>ζαθέας</span> <span class='ocrx_word' id='word_1_30' title='bbox 2959 667 3068 745; x_wconf 79' lang='grc' dir='ltr'>ἠδ’</span> 
     </span>
     <span class='ocr_line' id='line_1_4' title="bbox 471 767 3070 854; baseline -0 -20"><span class='ocrx_word' id='word_1_31' title='bbox 471 770 767 836; x_wconf 80' lang='grc' dir='ltr'>Ἄνθειαν</span> <span class='ocrx_word' id='word_1_32' title='bbox 830 769 1257 849; x_wconf 80' lang='grc' dir='ltr'>βαθύλειμον»</span> <span class='ocrx_word' id='word_1_33' title='bbox 1306 767 1412 852; x_wconf 93' lang='lat' dir='ltr'><strong>(Il.</strong></span> <span class='ocrx_word' id='word_1_34' title='bbox 1462 772 1475 835; x_wconf 92' lang='grc' dir='ltr'>Ι</span> <span class='ocrx_word' id='word_1_35' title='bbox 1540 770 1715 854; x_wconf 80' lang='lat'>151).</span> <span class='ocrx_word' id='word_1_36' title='bbox 1814 771 1895 835; x_wconf 88' lang='grc' dir='ltr'>τὰ</span> <span class='ocrx_word' id='word_1_37' title='bbox 1961 772 2033 835; x_wconf 80' lang='grc' dir='ltr'>δὲ</span> <span class='ocrx_word' id='word_1_38' title='bbox 2099 769 2231 835; x_wconf 84' lang='grc' dir='ltr'>ἀπὸ</span> <span class='ocrx_word' id='word_1_39' title='bbox 2298 770 2679 849; x_wconf 92' lang='grc' dir='ltr'>φωνήεντος</span> <span class='ocrx_word' id='word_1_40' title='bbox 2742 767 3070 848; x_wconf 85' lang='grc' dir='ltr'>ἀρχόμενα</span> 
     </span>
     <span class='ocr_line' id='line_1_5' title="bbox 479 870 1776 955; baseline 0 -20"><span class='ocrx_word' id='word_1_41' title='bbox 479 872 933 952; x_wconf 81' lang='grc' dir='ltr'>παροξύνεται,</span> <span class='ocrx_word' id='word_1_42' title='bbox 978 871 1197 954; x_wconf 86' lang='grc' dir='ltr'>Ἥρα,</span> <span class='ocrx_word' id='word_1_43' title='bbox 1244 871 1436 955; x_wconf 86' lang='grc' dir='ltr'>ὥρα,</span> <span class='ocrx_word' id='word_1_44' title='bbox 1482 870 1776 951; x_wconf 85' lang='grc' dir='ltr'>ὀπώρα.</span> 
     </span>
    </p>

    <p class='ocr_par' dir='ltr' id='par_1_3' title="bbox 473 972 3172 2176">
     <span class='ocr_line' id='line_1_6' title="bbox 644 972 3128 1056; baseline -0.002 -20"><span class='ocrx_word' id='word_1_45' title='bbox 644 972 739 1037; x_wconf 84' lang='grc' dir='ltr'>Τὰ</span> <span class='ocrx_word' id='word_1_46' title='bbox 769 972 858 1038; x_wconf 84' lang='grc' dir='ltr'>εἰς</span> <span class='ocrx_word' id='word_1_47' title='bbox 887 976 972 1053; x_wconf 67' lang='grc' dir='ltr'>ρῑ</span> <span class='ocrx_word' id='word_1_48' title='bbox 1000 974 1343 1052; x_wconf 88' lang='grc' dir='ltr'>διςύλλαβα</span> <span class='ocrx_word' id='word_1_49' title='bbox 1373 973 1876 1054; x_wconf 86' lang='grc' dir='ltr'>ςυνεςταλμένον</span> <span class='ocrx_word' id='word_1_50' title='bbox 1907 973 2144 1052; x_wconf 85' lang='grc' dir='ltr'>ἔχοντα</span> <span class='ocrx_word' id='word_1_51' title='bbox 2171 975 2248 1040; x_wconf 90' lang='grc' dir='ltr'>τὸ</span> <span class='ocrx_word' id='word_1_52' title='bbox 2283 978 2323 1037; x_wconf 83' lang='grc' dir='ltr'>ἃ</span> <span class='ocrx_word' id='word_1_53' title='bbox 2356 973 2724 1056; x_wconf 80' lang='grc' dir='ltr'>βαρύνεται,</span> <span class='ocrx_word' id='word_1_54' title='bbox 2745 976 3065 1056; x_wconf 81' lang='grc' dir='ltr'>ςφαῑρα,</span> <span class='ocrx_word' id='word_1_55' title='bbox 3094 981 3128 1031; x_wconf 83' lang='grc'><strong>5</strong></span> 
     </span>
     <span class='ocr_line' id='line_1_7' title="bbox 478 1074 3111 1158; baseline -0 -19"><span class='ocrx_word' id='word_1_56' title='bbox 478 1077 743 1158; x_wconf 85' lang='grc' dir='ltr'>μοῖρα,</span> <span class='ocrx_word' id='word_1_57' title='bbox 788 1078 1054 1158; x_wconf 89' lang='grc' dir='ltr'>πεῖρα,</span> <span class='ocrx_word' id='word_1_58' title='bbox 1100 1079 1368 1156; x_wconf 86' lang='grc' dir='ltr'>ςφῦρα.</span> <span class='ocrx_word' id='word_1_59' title='bbox 1437 1077 1698 1154; x_wconf 82' lang='grc' dir='ltr'>Βοῦρα</span> <span class='ocrx_word' id='word_1_60' title='bbox 1739 1075 1929 1140; x_wconf 90' lang='grc' dir='ltr'>πόλις</span> <span class='ocrx_word' id='word_1_61' title='bbox 1974 1076 2226 1154; x_wconf 76' lang='grc' dir='ltr'>Ἀχαΐας</span> <span class='ocrx_word' id='word_1_62' title='bbox 2282 1074 2413 1140; x_wconf 86' lang='grc' dir='ltr'>ἀπὸ</span> <span class='ocrx_word' id='word_1_63' title='bbox 2462 1076 2709 1154; x_wconf 91' lang='grc' dir='ltr'>Βούρας</span> <span class='ocrx_word' id='word_1_64' title='bbox 2753 1075 3111 1153; x_wconf 85' lang='grc' dir='ltr'>θυγατρὸς,</span> 
     </span>
     <span class='ocr_line' id='line_1_8' title="bbox 475 1175 3069 1260; baseline -0.001 -18"><span class='ocrx_word' id='word_1_65' title='bbox 475 1176 698 1242; x_wconf 90' lang='grc' dir='ltr'>Ἴωνος</span> <span class='ocrx_word' id='word_1_66' title='bbox 762 1182 880 1242; x_wconf 83' lang='grc' dir='ltr'>τοῦ</span> <span class='ocrx_word' id='word_1_67' title='bbox 947 1177 1211 1242; x_wconf 90' lang='grc' dir='ltr'>Ξούθου</span> <span class='ocrx_word' id='word_1_68' title='bbox 1268 1178 1371 1242; x_wconf 84' lang='grc' dir='ltr'>καὶ</span> <span class='ocrx_word' id='word_1_69' title='bbox 1426 1176 1681 1256; x_wconf 82' lang='grc' dir='ltr'>Ἑλίκης.</span> <span class='ocrx_word' id='word_1_70' title='bbox 1772 1178 1998 1255; x_wconf 85' lang='grc' dir='ltr'>Νῶρα</span> <span class='ocrx_word' id='word_1_71' title='bbox 2057 1178 2245 1242; x_wconf 85' lang='grc' dir='ltr'>πόλις</span> <span class='ocrx_word' id='word_1_72' title='bbox 2309 1177 2380 1241; x_wconf 84' lang='grc' dir='ltr'>ἐν</span> <span class='ocrx_word' id='word_1_73' title='bbox 2442 1175 2677 1255; x_wconf 80' lang='grc' dir='ltr'>(αρδοῖ</span> <span class='ocrx_word' id='word_1_74' title='bbox 2738 1182 2814 1260; x_wconf 82' lang='grc' dir='ltr'>τῇ</span> <span class='ocrx_word' id='word_1_75' title='bbox 2880 1177 3069 1259; x_wconf 85' lang='grc' dir='ltr'>νήςῳ.</span> 
     </span>
     <span class='ocr_line' id='line_1_9' title="bbox 478 1277 3068 1359; baseline -0 -17"><span class='ocrx_word' id='word_1_76' title='bbox 478 1277 696 1357; x_wconf 80' lang='grc' dir='ltr'>(ῶρα</span> <span class='ocrx_word' id='word_1_77' title='bbox 753 1279 939 1344; x_wconf 89' lang='grc' dir='ltr'>πόλις</span> <span class='ocrx_word' id='word_1_78' title='bbox 984 1279 1258 1346; x_wconf 90' lang='grc' dir='ltr'>Ἰταλίας.</span> <span class='ocrx_word' id='word_1_79' title='bbox 1334 1277 1588 1357; x_wconf 81' lang='grc' dir='ltr'>(οὓρα</span> <span class='ocrx_word' id='word_1_80' title='bbox 1632 1283 1937 1359; x_wconf 88' lang='grc' dir='ltr'>μαντεῖον</span> <span class='ocrx_word' id='word_1_81' title='bbox 1981 1278 2224 1344; x_wconf 87' lang='grc' dir='ltr'>Λυκίας.</span> <span class='ocrx_word' id='word_1_82' title='bbox 2289 1279 2370 1343; x_wconf 85' lang='grc' dir='ltr'>τὰ</span> <span class='ocrx_word' id='word_1_83' title='bbox 2415 1280 2486 1343; x_wconf 80' lang='grc' dir='ltr'>δὲ</span> <span class='ocrx_word' id='word_1_84' title='bbox 2532 1280 2613 1357; x_wconf 88' lang='grc' dir='ltr'>μὴ</span> <span class='ocrx_word' id='word_1_85' title='bbox 2659 1279 3068 1357; x_wconf 83' lang='grc' dir='ltr'>ςυνεςταλμέ-</span> 
     </span>
     <span class='ocr_line' id='line_1_10' title="bbox 475 1380 3071 1464; baseline -0.001 -19"><span class='ocrx_word' id='word_1_86' title='bbox 475 1400 595 1445; x_wconf 93' lang='grc' dir='ltr'>νον</span> <span class='ocrx_word' id='word_1_87' title='bbox 639 1382 716 1446; x_wconf 87' lang='grc' dir='ltr'>τό</span> <span class='ocrx_word' id='word_1_88' title='bbox 761 1384 805 1445; x_wconf 81' lang='grc' dir='ltr'>ἃ</span> <span class='ocrx_word' id='word_1_89' title='bbox 858 1380 1096 1459; x_wconf 84' lang='grc' dir='ltr'>ἔχοντα</span> <span class='ocrx_word' id='word_1_90' title='bbox 1151 1380 1473 1464; x_wconf 85' lang='grc' dir='ltr'>ὀξύνεται,</span> <span class='ocrx_word' id='word_1_91' title='bbox 1531 1380 1658 1461; x_wconf 88' lang='grc' dir='ltr'>ἰρά</span> <span class='ocrx_word' id='word_1_92' title='bbox 1710 1381 1751 1459; x_wconf 86' lang='grc' dir='ltr'>ἡ</span> <span class='ocrx_word' id='word_1_93' title='bbox 1809 1381 2115 1460; x_wconf 82' lang='grc' dir='ltr'>ἐκκληςία.</span> <span class='ocrx_word' id='word_1_94' title='bbox 2187 1384 2383 1445; x_wconf 83' lang='grc' dir='ltr'>τοῦτο</span> <span class='ocrx_word' id='word_1_95' title='bbox 2439 1381 2511 1445; x_wconf 81' lang='grc' dir='ltr'>δὲ</span> <span class='ocrx_word' id='word_1_96' title='bbox 2564 1382 2923 1459; x_wconf 85' lang='grc' dir='ltr'>διφορεῖται</span> <span class='ocrx_word' id='word_1_97' title='bbox 2968 1380 3071 1444; x_wconf 87' lang='grc' dir='ltr'>καὶ</span> 
     </span>
     <span class='ocr_line' id='line_1_11' title="bbox 475 1480 3172 1564; baseline -0.001 -18"><span class='ocrx_word' id='word_1_98' title='bbox 475 1482 634 1547; x_wconf 85' lang='grc' dir='ltr'>κατὰ</span> <span class='ocrx_word' id='word_1_99' title='bbox 677 1484 798 1560; x_wconf 88' lang='grc' dir='ltr'>τὴν</span> <span class='ocrx_word' id='word_1_100' title='bbox 844 1481 1266 1561; x_wconf 82' lang='grc' dir='ltr'>ἐτυμολογίαν</span> <span class='ocrx_word' id='word_1_101' title='bbox 1311 1482 1414 1546; x_wconf 83' lang='grc' dir='ltr'>καὶ</span> <span class='ocrx_word' id='word_1_102' title='bbox 1455 1483 1615 1547; x_wconf 89' lang='grc' dir='ltr'>κατὰ</span> <span class='ocrx_word' id='word_1_103' title='bbox 1657 1484 1774 1561; x_wconf 88' lang='grc' dir='ltr'>τὴν</span> <span class='ocrx_word' id='word_1_104' title='bbox 1816 1485 2094 1564; x_wconf 89' lang='grc' dir='ltr'>γραφήν.</span> <span class='ocrx_word' id='word_1_105' title='bbox 2161 1482 2216 1547; x_wconf 84' lang='grc' dir='ltr'>εἰ</span> <span class='ocrx_word' id='word_1_106' title='bbox 2261 1484 2375 1561; x_wconf 84' lang='grc' dir='ltr'>μὲν</span> <span class='ocrx_word' id='word_1_107' title='bbox 2420 1481 2542 1559; x_wconf 85' lang='grc' dir='ltr'>γὰρ</span> <span class='ocrx_word' id='word_1_108' title='bbox 2573 1481 2749 1559; x_wconf 84' lang='grc' dir='ltr'>παρὰ</span> <span class='ocrx_word' id='word_1_109' title='bbox 2792 1482 2868 1546; x_wconf 87' lang='grc' dir='ltr'>τὸ</span> <span class='ocrx_word' id='word_1_110' title='bbox 2913 1480 3067 1559; x_wconf 87' lang='grc' dir='ltr'>εἴρω</span> <span class='ocrx_word' id='word_1_111' title='bbox 3106 1487 3172 1539; x_wconf 87' lang='grc'>10</span> 
     </span>
     <span class='ocr_line' id='line_1_12' title="bbox 476 1582 3068 1668; baseline -0.001 -19"><span class='ocrx_word' id='word_1_112' title='bbox 476 1585 553 1649; x_wconf 90' lang='grc' dir='ltr'>τό</span> <span class='ocrx_word' id='word_1_113' title='bbox 599 1584 802 1668; x_wconf 88' lang='grc' dir='ltr'>λέγω,</span> <span class='ocrx_word' id='word_1_114' title='bbox 848 1584 953 1648; x_wconf 87' lang='grc' dir='ltr'>διὰ</span> <span class='ocrx_word' id='word_1_115' title='bbox 997 1583 1391 1667; x_wconf 89' lang='grc' dir='ltr'>διφθόγγου,</span> <span class='ocrx_word' id='word_1_116' title='bbox 1437 1583 1492 1649; x_wconf 87' lang='grc' dir='ltr'>εἰ</span> <span class='ocrx_word' id='word_1_117' title='bbox 1537 1586 1609 1648; x_wconf 80' lang='grc' dir='ltr'>δὲ</span> <span class='ocrx_word' id='word_1_118' title='bbox 1654 1583 1785 1649; x_wconf 86' lang='grc' dir='ltr'>ἀπὸ</span> <span class='ocrx_word' id='word_1_119' title='bbox 1811 1588 1949 1650; x_wconf 66' lang='grc' dir='ltr'>,τοῦ</span> <span class='ocrx_word' id='word_1_120' title='bbox 1992 1583 2173 1662; x_wconf 87' lang='grc' dir='ltr'>ἱερὰν</span> <span class='ocrx_word' id='word_1_121' title='bbox 2217 1582 2384 1649; x_wconf 80' lang='grc' dir='ltr'>εἶναι</span> <span class='ocrx_word' id='word_1_122' title='bbox 2429 1583 2535 1647; x_wconf 88' lang='grc' dir='ltr'>διὰ</span> <span class='ocrx_word' id='word_1_123' title='bbox 2577 1587 2696 1647; x_wconf 84' lang='grc' dir='ltr'>τοῦ</span> <span class='ocrx_word' id='word_1_124' title='bbox 2725 1585 2775 1647; x_wconf 85' lang='grc' dir='ltr'>ἶ.</span> <span class='ocrx_word' id='word_1_125' title='bbox 2822 1583 3068 1665; x_wconf 90' lang='grc' dir='ltr'>ςειρά,</span> 
     </span>
     <span class='ocr_line' id='line_1_13' title="bbox 476 1684 3068 1770; baseline -0.001 -19"><span class='ocrx_word' id='word_1_126' title='bbox 476 1686 717 1770; x_wconf 89' lang='grc' dir='ltr'>πυρά,</span> <span class='ocrx_word' id='word_1_127' title='bbox 764 1684 991 1767; x_wconf 83' lang='grc' dir='ltr'>οὐρά,</span> <span class='ocrx_word' id='word_1_128' title='bbox 1037 1684 1387 1768; x_wconf 89' lang='grc' dir='ltr'>φρουρά,</span> <span class='ocrx_word' id='word_1_129' title='bbox 1433 1685 1745 1764; x_wconf 72' lang='grc' dir='ltr'>πλευρά</span> <span class='ocrx_word' id='word_1_130' title='bbox 1814 1686 2064 1764; x_wconf 86' lang='grc' dir='ltr'>Φαραί</span> <span class='ocrx_word' id='word_1_131' title='bbox 2107 1686 2293 1751; x_wconf 88' lang='grc' dir='ltr'>πόλις</span> <span class='ocrx_word' id='word_1_132' title='bbox 2326 1686 2681 1766; x_wconf 91' lang='grc' dir='ltr'>Μεςςήνης,</span> <span class='ocrx_word' id='word_1_133' title='bbox 2727 1685 2880 1749; x_wconf 88' lang='grc' dir='ltr'>ὅθεν</span> <span class='ocrx_word' id='word_1_134' title='bbox 2904 1684 3068 1763; x_wconf 77' lang='grc' dir='ltr'>ἧςαν</span> 
     </span>
     <span class='ocr_line' id='line_1_14' title="bbox 474 1784 3070 1868; baseline -0 -17"><span class='ocrx_word' id='word_1_135' title='bbox 474 1787 537 1851; x_wconf 84' lang='grc' dir='ltr'>οἱ</span> <span class='ocrx_word' id='word_1_136' title='bbox 592 1786 1077 1868; x_wconf 82' lang='grc' dir='ltr'>Ἀφαρητιάδαι·</span> <span class='ocrx_word' id='word_1_137' title='bbox 1135 1784 1258 1853; x_wconf 87' lang='grc' dir='ltr'>ἔςτι</span> <span class='ocrx_word' id='word_1_138' title='bbox 1313 1788 1417 1851; x_wconf 82' lang='grc' dir='ltr'>καὶ</span> <span class='ocrx_word' id='word_1_139' title='bbox 1471 1787 1741 1867; x_wconf 80' lang='grc' dir='ltr'>Ἀχαΐας.</span> <span class='ocrx_word' id='word_1_140' title='bbox 1815 1787 1928 1852; x_wconf 80' lang='grc' dir='ltr'>εἰςὶ</span> <span class='ocrx_word' id='word_1_141' title='bbox 1979 1787 2083 1852; x_wconf 85' lang='grc' dir='ltr'>καὶ</span> <span class='ocrx_word' id='word_1_142' title='bbox 2138 1786 2343 1866; x_wconf 91' lang='grc' dir='ltr'>Φαραί</span> <span class='ocrx_word' id='word_1_143' title='bbox 2402 1785 2726 1851; x_wconf 82' lang='grc' dir='ltr'>Βοιωτίας.</span> <span class='ocrx_word' id='word_1_144' title='bbox 2813 1785 2940 1850; x_wconf 82' lang='grc' dir='ltr'>ἔςτι</span> <span class='ocrx_word' id='word_1_145' title='bbox 2998 1787 3070 1850; x_wconf 80' lang='grc' dir='ltr'>δὲ</span> 
     </span>
     <span class='ocr_line' id='line_1_15' title="bbox 474 1886 3068 1974; baseline -0 -22"><span class='ocrx_word' id='word_1_146' title='bbox 474 1888 637 1967; x_wconf 85' lang='grc' dir='ltr'>ἄλλη</span> <span class='ocrx_word' id='word_1_147' title='bbox 688 1889 929 1967; x_wconf 85' lang='grc' dir='ltr'>Κρήτης</span> <span class='ocrx_word' id='word_1_148' title='bbox 973 1886 1245 1952; x_wconf 86' lang='grc' dir='ltr'>ἄποικος</span> <span class='ocrx_word' id='word_1_149' title='bbox 1287 1891 1400 1965; x_wconf 87' lang='grc' dir='ltr'>τῆς</span> <span class='ocrx_word' id='word_1_150' title='bbox 1446 1888 1516 1953; x_wconf 86' lang='grc' dir='ltr'>ἐν</span> <span class='ocrx_word' id='word_1_151' title='bbox 1564 1889 1889 1974; x_wconf 87' lang='grc' dir='ltr'>Μεςςήνῃ,</span> <span class='ocrx_word' id='word_1_152' title='bbox 1937 1890 2026 1954; x_wconf 88' lang='grc' dir='ltr'>ὡς</span> <span class='ocrx_word' id='word_1_153' title='bbox 2070 1887 2302 1953; x_wconf 88' lang='grc' dir='ltr'>Φίλων.</span> <span class='ocrx_word' id='word_1_154' title='bbox 2361 1888 2509 1967; x_wconf 87' lang='grc' dir='ltr'>ἀρά</span> <span class='ocrx_word' id='word_1_155' title='bbox 2552 1889 2655 1953; x_wconf 82' lang='grc' dir='ltr'>καὶ</span> <span class='ocrx_word' id='word_1_156' title='bbox 2684 1887 2859 1967; x_wconf 87' lang='grc' dir='ltr'>Ἀρά</span> <span class='ocrx_word' id='word_1_157' title='bbox 2890 1888 3068 1952; x_wconf 83' lang='grc' dir='ltr'>Ἀθά-</span> 
     </span>
     <span class='ocr_line' id='line_1_16' title="bbox 475 1988 3170 2071; baseline 0 -18"><span class='ocrx_word' id='word_1_158' title='bbox 475 2009 712 2069; x_wconf 88' lang='grc' dir='ltr'>μαντος</span> <span class='ocrx_word' id='word_1_159' title='bbox 767 1988 1049 2067; x_wconf 79' lang='grc' dir='ltr'>θυγάτηρ</span> <span class='ocrx_word' id='word_1_160' title='bbox 1105 1990 1208 2053; x_wconf 83' lang='grc' dir='ltr'>καὶ</span> <span class='ocrx_word' id='word_1_161' title='bbox 1262 1990 1434 2068; x_wconf 85' lang='grc' dir='ltr'>Ἀραί</span> <span class='ocrx_word' id='word_1_162' title='bbox 1488 1994 1665 2068; x_wconf 85' lang='grc' dir='ltr'>νῆςοι</span> <span class='ocrx_word' id='word_1_163' title='bbox 1720 1995 1893 2070; x_wconf 85' lang='grc' dir='ltr'>τρεῖς</span> <span class='ocrx_word' id='word_1_164' title='bbox 1947 1991 2120 2056; x_wconf 85' lang='grc' dir='ltr'>οὕτω</span> <span class='ocrx_word' id='word_1_165' title='bbox 2178 1990 2515 2070; x_wconf 87' lang='grc' dir='ltr'>λεγόμεναι</span> <span class='ocrx_word' id='word_1_166' title='bbox 2573 1990 2679 2053; x_wconf 91' lang='grc' dir='ltr'>διὰ</span> <span class='ocrx_word' id='word_1_167' title='bbox 2729 1991 2845 2055; x_wconf 86' lang='grc' dir='ltr'>τὰς</span> <span class='ocrx_word' id='word_1_168' title='bbox 2887 1988 3066 2071; x_wconf 86' lang='grc' dir='ltr'>ἀράς,</span> <span class='ocrx_word' id='word_1_169' title='bbox 3110 1996 3170 2046; x_wconf 80' lang='lat'>15</span> 
     </span>
     <span class='ocr_line' id='line_1_17' title="bbox 473 2090 2803 2176; baseline 0 -22"><span class='ocrx_word' id='word_1_170' title='bbox 473 2090 547 2156; x_wconf 86' lang='grc' dir='ltr'>ἃς</span> <span class='ocrx_word' id='word_1_171' title='bbox 591 2093 870 2170; x_wconf 88' lang='grc' dir='ltr'>Δωριεῖς</span> <span class='ocrx_word' id='word_1_172' title='bbox 914 2090 1298 2170; x_wconf 84' lang='grc' dir='ltr'>ἐποιήςαντο</span> <span class='ocrx_word' id='word_1_173' title='bbox 1345 2091 1507 2170; x_wconf 89' lang='grc' dir='ltr'>πρὸς</span> <span class='ocrx_word' id='word_1_174' title='bbox 1551 2097 1670 2157; x_wconf 82' lang='grc' dir='ltr'>τοῦ</span> <span class='ocrx_word' id='word_1_175' title='bbox 1713 2092 2228 2176; x_wconf 86' lang='grc' dir='ltr'>Πενταπολίτας,</span> <span class='ocrx_word' id='word_1_176' title='bbox 2277 2093 2367 2157; x_wconf 79' lang='grc' dir='ltr'>ὡς</span> <span class='ocrx_word' id='word_1_177' title='bbox 2413 2091 2803 2171; x_wconf 86' lang='grc' dir='ltr'>Ἀριςτείδης.</span> 
     </span>
    </p>

    <p class='ocr_par' dir='ltr' id='par_1_4' title="bbox 471 2190 3068 2377">
     <span class='ocr_line' id='line_1_18' title="bbox 641 2190 3068 2275; baseline 0 -18"><span class='ocrx_word' id='word_1_178' title='bbox 641 2193 735 2257; x_wconf 88' lang='grc' dir='ltr'>Τὰ</span> <span class='ocrx_word' id='word_1_179' title='bbox 780 2191 870 2257; x_wconf 84' lang='grc' dir='ltr'>εἰς</span> <span class='ocrx_word' id='word_1_180' title='bbox 914 2196 996 2270; x_wconf 74' lang='grc' dir='ltr'><em>ρᾶ</em></span> <span class='ocrx_word' id='word_1_181' title='bbox 1040 2193 1201 2271; x_wconf 82' lang='grc' dir='ltr'>ὑπὲρ</span> <span class='ocrx_word' id='word_1_182' title='bbox 1246 2193 1366 2258; x_wconf 94' lang='grc' dir='ltr'>δύο</span> <span class='ocrx_word' id='word_1_183' title='bbox 1414 2190 1729 2275; x_wconf 88' lang='grc' dir='ltr'>ςυλλαβὰς</span> <span class='ocrx_word' id='word_1_184' title='bbox 1773 2195 1850 2259; x_wconf 85' lang='grc' dir='ltr'>τὸ</span> <span class='ocrx_word' id='word_1_185' title='bbox 1896 2198 1937 2257; x_wconf 84' lang='grc' dir='ltr'><strong>ἆ</strong></span> <span class='ocrx_word' id='word_1_186' title='bbox 1971 2196 2171 2275; x_wconf 88' lang='grc' dir='ltr'>βραχὺ</span> <span class='ocrx_word' id='word_1_187' title='bbox 2216 2193 2452 2273; x_wconf 86' lang='grc' dir='ltr'>ἔχοντα</span> <span class='ocrx_word' id='word_1_188' title='bbox 2487 2192 3068 2274; x_wconf 83' lang='grc' dir='ltr'>προπαροξύνεται,</span> 
     </span>
     <span class='ocr_line' id='line_1_19' title="bbox 471 2293 2375 2377; baseline 0 -18"><span class='ocrx_word' id='word_1_189' title='bbox 471 2294 848 2377; x_wconf 90' lang='grc' dir='ltr'>μάχαιρα,</span> <span class='ocrx_word' id='word_1_190' title='bbox 893 2294 1244 2377; x_wconf 86' lang='grc' dir='ltr'>χίμαιρα,</span> <span class='ocrx_word' id='word_1_191' title='bbox 1287 2293 1763 2377; x_wconf 81' lang='grc' dir='ltr'>Δηϊάνειρα,</span> <span class='ocrx_word' id='word_1_192' title='bbox 1809 2294 2375 2373; x_wconf 86' lang='grc' dir='ltr'>ςκολόπενδρα.</span> 
     </span>
    </p>

    <p class='ocr_par' dir='ltr' id='par_1_5' title="bbox 472 2395 3168 3070">
     <span class='ocr_line' id='line_1_20' title="bbox 637 2395 3065 2479; baseline 0 -20"><span class='ocrx_word' id='word_1_193' title='bbox 637 2415 676 2451; x_wconf 65' lang='grc' dir='ltr'>ιε</span> <span class='ocrx_word' id='word_1_194' title='bbox 723 2395 818 2459; x_wconf 88' lang='grc' dir='ltr'>Τὰ</span> <span class='ocrx_word' id='word_1_195' title='bbox 871 2395 961 2460; x_wconf 87' lang='grc' dir='ltr'>εἰς</span> <span class='ocrx_word' id='word_1_196' title='bbox 1003 2399 1142 2474; x_wconf 59' lang='lat' dir='ltr'>W</span> <span class='ocrx_word' id='word_1_197' title='bbox 1193 2396 1355 2474; x_wconf 77' lang='grc' dir='ltr'>ὑπὲρ</span> <span class='ocrx_word' id='word_1_198' title='bbox 1412 2397 1531 2460; x_wconf 91' lang='grc' dir='ltr'>δύο</span> <span class='ocrx_word' id='word_1_199' title='bbox 1589 2397 1904 2477; x_wconf 88' lang='grc' dir='ltr'>ςυλλαβὰς</span> <span class='ocrx_word' id='word_1_200' title='bbox 1957 2397 2414 2479; x_wconf 84' lang='grc' dir='ltr'>παροξύνεται,</span> <span class='ocrx_word' id='word_1_201' title='bbox 2487 2396 2802 2474; x_wconf 90' lang='grc' dir='ltr'>Κυπάρα</span> <span class='ocrx_word' id='word_1_202' title='bbox 2866 2395 3065 2475; x_wconf 86' lang='grc' dir='ltr'>κρήνη</span> 
     </span>
     <span class='ocr_line' id='line_1_21' title="bbox 473 2496 3168 2582; baseline 0 -21"><span class='ocrx_word' id='word_1_203' title='bbox 473 2496 780 2579; x_wconf 78' lang='grc' dir='ltr'>(ικελίας,</span> <span class='ocrx_word' id='word_1_204' title='bbox 826 2497 865 2574; x_wconf 88' lang='grc' dir='ltr'>ἣ</span> <span class='ocrx_word' id='word_1_205' title='bbox 909 2497 1012 2561; x_wconf 82' lang='grc' dir='ltr'>καὶ</span> <span class='ocrx_word' id='word_1_206' title='bbox 1054 2497 1397 2575; x_wconf 87' lang='grc' dir='ltr'>Ἀρέθουςα</span> <span class='ocrx_word' id='word_1_207' title='bbox 1443 2496 1734 2582; x_wconf 84' lang='grc' dir='ltr'>ἐλέγετο,</span> <span class='ocrx_word' id='word_1_208' title='bbox 1786 2496 2189 2577; x_wconf 89' lang='grc' dir='ltr'>Βατεράρα</span> <span class='ocrx_word' id='word_1_209' title='bbox 2230 2498 2417 2562; x_wconf 89' lang='grc' dir='ltr'>πόλις</span> <span class='ocrx_word' id='word_1_210' title='bbox 2448 2497 2718 2573; x_wconf 90' lang='grc' dir='ltr'>Λιγύων.</span> <span class='ocrx_word' id='word_1_211' title='bbox 2765 2497 3064 2575; x_wconf 90' lang='grc' dir='ltr'>Ἰνδάρα</span> <span class='ocrx_word' id='word_1_212' title='bbox 3098 2500 3168 2553; x_wconf 77' lang='grc'>20</span> 
     </span>
     <span class='ocr_line' id='line_1_22' title="bbox 472 2598 3064 2682; baseline -0 -19"><span class='ocrx_word' id='word_1_213' title='bbox 472 2598 753 2663; x_wconf 80' lang='grc' dir='ltr'>(ικανῶν</span> <span class='ocrx_word' id='word_1_214' title='bbox 799 2598 1001 2662; x_wconf 91' lang='grc' dir='ltr'>πόλις.</span> <span class='ocrx_word' id='word_1_215' title='bbox 1048 2599 1452 2678; x_wconf 90' lang='grc' dir='ltr'>Θεόπομπος.</span> <span class='ocrx_word' id='word_1_216' title='bbox 1503 2599 1816 2679; x_wconf 87' lang='grc' dir='ltr'>Καμάρα</span> <span class='ocrx_word' id='word_1_217' title='bbox 1860 2601 2047 2665; x_wconf 90' lang='grc' dir='ltr'>πόλις</span> <span class='ocrx_word' id='word_1_218' title='bbox 2083 2599 2349 2682; x_wconf 87' lang='grc' dir='ltr'>Κρήτης,</span> <span class='ocrx_word' id='word_1_219' title='bbox 2394 2598 2529 2677; x_wconf 85' lang='grc' dir='ltr'>ἥτις</span> <span class='ocrx_word' id='word_1_220' title='bbox 2560 2599 2746 2664; x_wconf 86' lang='grc' dir='ltr'>Λατώ</span> <span class='ocrx_word' id='word_1_221' title='bbox 2787 2599 3064 2675; x_wconf 86' lang='grc' dir='ltr'>ἐλέγετο.</span> 
     </span>
     <span class='ocr_line' id='line_1_23' title="bbox 473 2699 3063 2784; baseline 0 -22"><span class='ocrx_word' id='word_1_222' title='bbox 473 2699 780 2779; x_wconf 89' lang='grc' dir='ltr'>Λιπάρα</span> <span class='ocrx_word' id='word_1_223' title='bbox 820 2702 1013 2777; x_wconf 84' lang='grc' dir='ltr'>νῆςος</span> <span class='ocrx_word' id='word_1_224' title='bbox 1056 2701 1305 2781; x_wconf 88' lang='grc' dir='ltr'>μεγίςτη</span> <span class='ocrx_word' id='word_1_225' title='bbox 1361 2702 1495 2766; x_wconf 85' lang='grc' dir='ltr'>τῶν</span> <span class='ocrx_word' id='word_1_226' title='bbox 1549 2700 1711 2765; x_wconf 87' lang='grc' dir='ltr'>ἑπτὰ</span> <span class='ocrx_word' id='word_1_227' title='bbox 1765 2704 1884 2766; x_wconf 84' lang='grc' dir='ltr'>τοῦ</span> <span class='ocrx_word' id='word_1_228' title='bbox 1926 2700 2195 2784; x_wconf 86' lang='grc' dir='ltr'>Αἰόλου,</span> <span class='ocrx_word' id='word_1_229' title='bbox 2250 2702 2290 2780; x_wconf 91' lang='grc' dir='ltr'>ἣ</span> <span class='ocrx_word' id='word_1_230' title='bbox 2338 2701 2724 2777; x_wconf 86' lang='grc' dir='ltr'>Μελιγουνὶς</span> <span class='ocrx_word' id='word_1_231' title='bbox 2782 2700 3063 2783; x_wconf 84' lang='grc' dir='ltr'>ἐλέγετο,</span> 
     </span>
     <span class='ocr_line' id='line_1_24' title="bbox 473 2801 3063 2886; baseline 0.001 -21"><span class='ocrx_word' id='word_1_232' title='bbox 473 2802 739 2880; x_wconf 91' lang='grc' dir='ltr'>πληςίον</span> <span class='ocrx_word' id='word_1_233' title='bbox 795 2801 1103 2886; x_wconf 78' lang='grc' dir='ltr'>(ικελίας,</span> <span class='ocrx_word' id='word_1_234' title='bbox 1158 2802 1290 2868; x_wconf 88' lang='grc' dir='ltr'>ἀπὸ</span> <span class='ocrx_word' id='word_1_235' title='bbox 1346 2801 1636 2882; x_wconf 89' lang='grc' dir='ltr'>Λιπάρου</span> <span class='ocrx_word' id='word_1_236' title='bbox 1689 2807 1806 2869; x_wconf 79' lang='grc' dir='ltr'>τοῦ</span> <span class='ocrx_word' id='word_1_237' title='bbox 1861 2804 2146 2870; x_wconf 86' lang='grc' dir='ltr'>Αὔςονος</span> <span class='ocrx_word' id='word_1_238' title='bbox 2203 2802 2362 2868; x_wconf 83' lang='grc' dir='ltr'>υἱοῦ.</span> <span class='ocrx_word' id='word_1_239' title='bbox 2453 2804 2701 2879; x_wconf 88' lang='grc' dir='ltr'>λέγεται</span> <span class='ocrx_word' id='word_1_240' title='bbox 2760 2804 2861 2867; x_wconf 82' lang='grc' dir='ltr'>καὶ</span> <span class='ocrx_word' id='word_1_241' title='bbox 2903 2806 3063 2882; x_wconf 85' lang='grc' dir='ltr'>πλη-</span> 
     </span>
     <span class='ocr_line' id='line_1_25' title="bbox 472 2901 3063 2989; baseline 0.002 -25"><span class='ocrx_word' id='word_1_242' title='bbox 472 2906 790 2968; x_wconf 87' lang='grc' dir='ltr'>θυντικῶς.</span> <span class='ocrx_word' id='word_1_243' title='bbox 882 2904 1288 2982; x_wconf 90' lang='grc' dir='ltr'>Μακκάραι</span> <span class='ocrx_word' id='word_1_244' title='bbox 1333 2905 1514 2984; x_wconf 84' lang='grc' dir='ltr'>χώρα</span> <span class='ocrx_word' id='word_1_245' title='bbox 1561 2906 1721 2985; x_wconf 82' lang='grc' dir='ltr'>ὑπὲρ</span> <span class='ocrx_word' id='word_1_246' title='bbox 1767 2904 2125 2983; x_wconf 88' lang='grc' dir='ltr'>Φὰρςαλον.</span> <span class='ocrx_word' id='word_1_247' title='bbox 2219 2905 2610 2985; x_wconf 91' lang='grc' dir='ltr'>Θεόπομπος</span> <span class='ocrx_word' id='word_1_248' title='bbox 2640 2901 2908 2989; x_wconf 84' lang='grc' dir='ltr'>πέμπτῳ</span> <span class='ocrx_word' id='word_1_249' title='bbox 2953 2904 3063 2969; x_wconf 90' lang='grc' dir='ltr'>Φι-</span> 
     </span>
     <span class='ocr_line' id='line_1_26' title="bbox 473 3006 3165 3070; baseline 0.003 -2"><span class='ocrx_word' id='word_1_250' title='bbox 473 3006 803 3070; x_wconf 85' lang='grc' dir='ltr'>λιππικῶν.</span> <span class='ocrx_word' id='word_1_251' title='bbox 3098 3014 3165 3064; x_wconf 79' lang='lat'>25</span> 
     </span>
    </p>

    <p class='ocr_par' dir='ltr' id='par_1_6' title="bbox 468 3106 3063 3395">
     <span class='ocr_line' id='line_1_27' title="bbox 640 3106 3063 3196; baseline 0.001 -28"><span class='ocrx_word' id='word_1_252' title='bbox 640 3128 679 3165; x_wconf 73' lang='grc' dir='ltr'>ιι</span> <span class='ocrx_word' id='word_1_253' title='bbox 721 3106 816 3171; x_wconf 86' lang='grc' dir='ltr'>Τὰ</span> <span class='ocrx_word' id='word_1_254' title='bbox 860 3106 948 3172; x_wconf 81' lang='grc' dir='ltr'>εἰς</span> <span class='ocrx_word' id='word_1_255' title='bbox 993 3112 1113 3187; x_wconf 65' lang='grc' dir='ltr'>ἐρεῖ</span> <span class='ocrx_word' id='word_1_256' title='bbox 1169 3110 1515 3189; x_wconf 86' lang='grc' dir='ltr'>διςύλλαβα</span> <span class='ocrx_word' id='word_1_257' title='bbox 1568 3107 2131 3188; x_wconf 87' lang='grc' dir='ltr'>μακροκατάληκτα</span> <span class='ocrx_word' id='word_1_258' title='bbox 2189 3108 2554 3191; x_wconf 85' lang='grc' dir='ltr'>βαρύνεται,</span> <span class='ocrx_word' id='word_1_259' title='bbox 2619 3108 2786 3196; x_wconf 81' lang='grc' dir='ltr'>ἔρα,</span> <span class='ocrx_word' id='word_1_260' title='bbox 2844 3107 3063 3187; x_wconf 88' lang='grc' dir='ltr'>Δέρα</span> 
     </span>
     <span class='ocr_line' id='line_1_28' title="bbox 469 3206 3061 3294; baseline 0 -22"><span class='ocrx_word' id='word_1_261' title='bbox 469 3206 677 3288; x_wconf 84' lang='grc' dir='ltr'>ὄνομα</span> <span class='ocrx_word' id='word_1_262' title='bbox 718 3209 926 3274; x_wconf 89' lang='grc' dir='ltr'>τόπου</span> <span class='ocrx_word' id='word_1_263' title='bbox 969 3209 1363 3293; x_wconf 87' lang='grc' dir='ltr'>Λακωνικῆς,</span> <span class='ocrx_word' id='word_1_264' title='bbox 1413 3210 1627 3289; x_wconf 89' lang='grc' dir='ltr'>Μέρα</span> <span class='ocrx_word' id='word_1_265' title='bbox 1671 3210 1881 3289; x_wconf 90' lang='grc' dir='ltr'>ὄνομα</span> <span class='ocrx_word' id='word_1_266' title='bbox 1925 3209 2210 3293; x_wconf 90' lang='grc' dir='ltr'>πόλεως,</span> <span class='ocrx_word' id='word_1_267' title='bbox 2256 3212 2337 3276; x_wconf 92' lang='grc' dir='ltr'>δέ</span> <span class='ocrx_word' id='word_1_268' title='bbox 2352 3231 2444 3290; x_wconf 92' lang='grc' dir='ltr'>ρα</span> <span class='ocrx_word' id='word_1_269' title='bbox 2457 3260 2475 3294; x_wconf 93' lang='grc'>,</span> <span class='ocrx_word' id='word_1_270' title='bbox 2520 3214 2715 3275; x_wconf 84' lang='grc' dir='ltr'>τοῦτο</span> <span class='ocrx_word' id='word_1_271' title='bbox 2769 3210 2840 3274; x_wconf 81' lang='grc' dir='ltr'>δὲ</span> <span class='ocrx_word' id='word_1_272' title='bbox 2884 3211 3061 3288; x_wconf 88' lang='grc' dir='ltr'>παρὰ</span> 
     </span>
     <span class='ocr_line' id='line_1_29' title="bbox 468 3310 3061 3395; baseline 0 -21"><span class='ocrx_word' id='word_1_273' title='bbox 468 3316 561 3392; x_wconf 83' lang='grc' dir='ltr'>τῷ</span> <span class='ocrx_word' id='word_1_274' title='bbox 603 3316 837 3395; x_wconf 83' lang='grc' dir='ltr'>ποιητῇ</span> <span class='ocrx_word' id='word_1_275' title='bbox 885 3310 990 3375; x_wconf 88' lang='grc' dir='ltr'>διὰ</span> <span class='ocrx_word' id='word_1_276' title='bbox 1031 3313 1143 3389; x_wconf 88' lang='grc' dir='ltr'>τῆς</span> <span class='ocrx_word' id='word_1_277' title='bbox 1188 3311 1241 3374; x_wconf 71' lang='lat' dir='ltr'>{i</span> <span class='ocrx_word' id='word_1_278' title='bbox 1286 3310 1648 3392; x_wconf 87' lang='grc' dir='ltr'>διφθόγγου</span> <span class='ocrx_word' id='word_1_279' title='bbox 1691 3311 2006 3393; x_wconf 86' lang='grc' dir='ltr'>γράφεται</span> <span class='ocrx_word' id='word_1_280' title='bbox 2052 3312 2154 3378; x_wconf 85' lang='grc' dir='ltr'>καὶ</span> <span class='ocrx_word' id='word_1_281' title='bbox 2193 3312 2504 3380; x_wconf 86' lang='grc' dir='ltr'>ὀξύνεται.</span> <span class='ocrx_word' id='word_1_282' title='bbox 2583 3314 2658 3378; x_wconf 89' lang='grc' dir='ltr'>τό</span> <span class='ocrx_word' id='word_1_283' title='bbox 2703 3314 2776 3377; x_wconf 80' lang='grc' dir='ltr'>δὲ</span> <span class='ocrx_word' id='word_1_284' title='bbox 2821 3311 3061 3390; x_wconf 89' lang='grc' dir='ltr'>Φεραί</span> 
     </span>
    </p>
   </div>
   <div class='ocr_carea' id='block_1_3' title="bbox 469 3481 874 3494">
    <p class='ocr_par' dir='ltr' id='par_1_7' title="bbox 469 3481 874 3494">
     <span class='ocr_line' id='line_1_30' title="bbox 469 3481 874 3494; baseline 0 2052"><span class='ocrx_word' id='word_1_285' title='bbox 469 3481 874 3494; x_wconf 95' lang='lat' dir='ltr'> </span> 
     </span>
    </p>
   </div>
   <div class='ocr_carea' id='block_1_4' title="bbox 459 3581 3159 4952">
    <p class='ocr_par' dir='ltr' id='par_1_8' title="bbox 459 3581 3159 4952">
     <span class='ocr_line' id='line_1_31' title="bbox 469 3581 3059 3718; baseline 0.001 -18"><span class='ocrx_word' id='word_1_286' title='bbox 469 3595 615 3713; x_wconf 63' lang='grc' dir='ltr'>ἔὲἔὲ</span> <span class='ocrx_word' id='word_1_287' title='bbox 650 3581 965 3715; x_wconf 53' lang='grc' dir='ltr'>ῗιῖῗοξῖνῗ</span> <span class='ocrx_word' id='word_1_288' title='bbox 985 3582 2000 3718; x_wconf 46' lang='grc' dir='ltr'>ἅῖῧὲέῗέῗοπῖἓὲᾲῖὲγὶῗτέθὲῳϋέ,·</span> <span class='ocrx_word' id='word_1_289' title='bbox 2040 3581 2580 3717; x_wconf 51' lang='grc' dir='ltr'>Ἑὲἕὲψεέἓαῗξᾶἶ.</span> <span class='ocrx_word' id='word_1_290' title='bbox 2594 3585 2847 3716; x_wconf 60' lang='grc' dir='ltr'>ἷηῖἶῗαῖ</span> <span class='ocrx_word' id='word_1_291' title='bbox 2882 3582 3059 3717; x_wconf 62' lang='grc' dir='ltr'>ῗῖἧζὲζ</span> 
     </span>
     <span class='ocr_line' id='line_1_32' title="bbox 468 3717 3060 3788; baseline 0.001 -21"><span class='ocrx_word' id='word_1_292' title='bbox 468 3717 627 3782; x_wconf 87' lang='grc' dir='ltr'>θήρα.</span> <span class='ocrx_word' id='word_1_293' title='bbox 676 3718 979 3782; x_wconf 86' lang='grc' dir='ltr'>ςημειῶδες</span> <span class='ocrx_word' id='word_1_294' title='bbox 1014 3717 1122 3783; x_wconf 82' lang='grc' dir='ltr'>ἄρα</span> <span class='ocrx_word' id='word_1_295' title='bbox 1156 3718 1226 3771; x_wconf 86' lang='grc' dir='ltr'>τὸ</span> <span class='ocrx_word' id='word_1_296' title='bbox 1264 3718 1449 3784; x_wconf 83' lang='grc' dir='ltr'>Φηρά,</span> <span class='ocrx_word' id='word_1_297' title='bbox 1489 3725 1546 3771; x_wconf 81' lang='lat' dir='ltr'>et</span> <span class='ocrx_word' id='word_1_298' title='bbox 1579 3718 1749 3785; x_wconf 89' lang='grc' dir='ltr'>Πήρα</span> <span class='ocrx_word' id='word_1_299' title='bbox 1785 3719 1943 3786; x_wconf 89' lang='grc' dir='ltr'>Ξήρα</span> <span class='ocrx_word' id='word_1_300' title='bbox 1980 3719 2138 3785; x_wconf 87' lang='grc' dir='ltr'>Θήρα</span> <span class='ocrx_word' id='word_1_301' title='bbox 2176 3737 2243 3776; x_wconf 81' lang='lat' dir='ltr'>ex</span> <span class='ocrx_word' id='word_1_302' title='bbox 2281 3722 2471 3788; x_wconf 37' lang='lat'>8213„</span> <span class='ocrx_word' id='word_1_303' title='bbox 2505 3721 2651 3771; x_wconf 85' lang='lat' dir='ltr'>unde</span> <span class='ocrx_word' id='word_1_304' title='bbox 2691 3724 2862 3770; x_wconf 79' lang='lat' dir='ltr'>etiam</span> <span class='ocrx_word' id='word_1_305' title='bbox 2897 3719 3060 3785; x_wconf 88' lang='grc' dir='ltr'>Φηρά</span> 
     </span>
     <span class='ocr_line' id='line_1_33' title="bbox 467 3791 3059 3871; baseline 0.001 -19"><span class='ocrx_word' id='word_1_306' title='bbox 467 3803 703 3868; x_wconf 80' lang='lat' dir='ltr'>explevi.</span> <span class='ocrx_word' id='word_1_307' title='bbox 775 3801 954 3853; x_wconf 74' lang='lat' dir='ltr'>Omisi</span> <span class='ocrx_word' id='word_1_308' title='bbox 984 3801 1146 3868; x_wconf 90' lang='grc' dir='ltr'>Δηρά</span> <span class='ocrx_word' id='word_1_309' title='bbox 1182 3802 1343 3854; x_wconf 84' lang='grc' dir='ltr'>πόλις</span> <span class='ocrx_word' id='word_1_310' title='bbox 1378 3805 1480 3868; x_wconf 81' lang='grc' dir='ltr'>τῆς</span> <span class='ocrx_word' id='word_1_311' title='bbox 1519 3803 1772 3869; x_wconf 82' lang='grc' dir='ltr'>Ἰβηρίας,</span> <span class='ocrx_word' id='word_1_312' title='bbox 1810 3812 2036 3871; x_wconf 85' lang='lat' dir='ltr'>propter</span> <span class='ocrx_word' id='word_1_313' title='bbox 2079 3805 2224 3870; x_wconf 85' lang='lat' dir='ltr'>quod</span> <span class='ocrx_word' id='word_1_314' title='bbox 2270 3811 2492 3870; x_wconf 78' lang='lat' dir='ltr'><strong>praeter</strong></span> <span class='ocrx_word' id='word_1_315' title='bbox 2526 3808 2576 3869; x_wconf 73' lang='grc' dir='ltr'>ῑῤ</span> <span class='ocrx_word' id='word_1_316' title='bbox 2613 3807 2783 3862; x_wconf 52' lang='lat' dir='ltr'>eiiam</span> <span class='ocrx_word' id='word_1_317' title='bbox 2828 3791 2871 3856; x_wconf 62' lang='grc'><em>5</em></span> <span class='ocrx_word' id='word_1_318' title='bbox 2895 3806 3059 3855; x_wconf 84' lang='lat' dir='ltr'>eximi</span> 
     </span>
     <span class='ocr_line' id='line_1_34' title="bbox 469 3861 3060 3938; baseline 0.001 -19"><span class='ocrx_word' id='word_1_319' title='bbox 469 3869 726 3922; x_wconf 77' lang='lat' dir='ltr'><strong>debebat.</strong></span> <span class='ocrx_word' id='word_1_320' title='bbox 771 3872 955 3923; x_wconf 80' lang='lat' dir='ltr'><strong>Verba</strong></span> <span class='ocrx_word' id='word_1_321' title='bbox 978 3871 1200 3921; x_wconf 82' lang='lat' dir='ltr'>Arcadii</span> <span class='ocrx_word' id='word_1_322' title='bbox 1226 3869 1274 3922; x_wconf 83' lang='grc' dir='ltr'>εἰ</span> <span class='ocrx_word' id='word_1_323' title='bbox 1298 3861 1359 3922; x_wconf 84' lang='grc' dir='ltr'>δέ</span> <span class='ocrx_word' id='word_1_324' title='bbox 1383 3885 1435 3921; x_wconf 88' lang='grc' dir='ltr'>τι</span> <span class='ocrx_word' id='word_1_325' title='bbox 1462 3871 1662 3938; x_wconf 85' lang='grc' dir='ltr'>εὑρεθῇ</span> <span class='ocrx_word' id='word_1_326' title='bbox 1689 3874 1807 3923; x_wconf 85' lang='grc' dir='ltr'>κτλ.</span> <span class='ocrx_word' id='word_1_327' title='bbox 1835 3873 2017 3923; x_wconf 78' lang='lat' dir='ltr'>adieci</span> <span class='ocrx_word' id='word_1_328' title='bbox 2044 3874 2241 3923; x_wconf 80' lang='lat' dir='ltr'>canoni</span> <span class='ocrx_word' id='word_1_329' title='bbox 2276 3871 2343 3923; x_wconf 81' lang='lat' dir='ltr'>de</span> <span class='ocrx_word' id='word_1_330' title='bbox 2369 3875 2681 3925; x_wconf 84' lang='lat' dir='ltr'>nominibus</span> <span class='ocrx_word' id='word_1_331' title='bbox 2716 3876 2772 3923; x_wconf 89' lang='lat' dir='ltr'>in</span> <span class='ocrx_word' id='word_1_332' title='bbox 2796 3877 2868 3925; x_wconf 69' lang='grc' dir='ltr'>νῖι</span> <span class='ocrx_word' id='word_1_333' title='bbox 2893 3889 3060 3937; x_wconf 81' lang='lat' dir='ltr'><strong>supra</strong></span> 
     </span>
     <span class='ocr_line' id='line_1_35' title="bbox 469 3938 3059 4006; baseline 0.002 -19"><span class='ocrx_word' id='word_1_334' title='bbox 469 3954 520 4004; x_wconf 89' lang='lat' dir='ltr'>p.</span> <span class='ocrx_word' id='word_1_335' title='bbox 547 3941 665 4002; x_wconf 78' lang='lat'><strong>256,</strong></span> <span class='ocrx_word' id='word_1_336' title='bbox 690 3940 742 3988; x_wconf 81' lang='lat'>4.</span> <span class='ocrx_word' id='word_1_337' title='bbox 845 3938 880 3989; x_wconf 87' lang='lat' dir='ltr'>l.</span> <span class='ocrx_word' id='word_1_338' title='bbox 907 3940 938 3988; x_wconf 83' lang='lat'>6</span> <span class='ocrx_word' id='word_1_339' title='bbox 974 3953 1038 3990; x_wconf 81' lang='lat' dir='ltr'>ex</span> <span class='ocrx_word' id='word_1_340' title='bbox 1066 3940 1146 3991; x_wconf 79' lang='lat' dir='ltr'>St.</span> <span class='ocrx_word' id='word_1_341' title='bbox 1173 3940 1233 3990; x_wconf 91' lang='grc' dir='ltr'>Β.</span> <span class='ocrx_word' id='word_1_342' title='bbox 1270 3939 1450 3989; x_wconf 80' lang='lat' dir='ltr'>adieci</span> <span class='ocrx_word' id='word_1_343' title='bbox 1486 3939 1670 4004; x_wconf 83' lang='grc' dir='ltr'>Βοῦρα</span> <span class='ocrx_word' id='word_1_344' title='bbox 1708 3940 1878 4005; x_wconf 87' lang='grc' dir='ltr'>Νῶρα</span> <span class='ocrx_word' id='word_1_345' title='bbox 1904 3939 2067 4005; x_wconf 78' lang='grc' dir='ltr'>(ὥρα</span> <span class='ocrx_word' id='word_1_346' title='bbox 2093 3938 2302 4004; x_wconf 78' lang='grc' dir='ltr'>(οὐρα,</span> <span class='ocrx_word' id='word_1_347' title='bbox 2343 3940 2409 3990; x_wconf 85' lang='lat' dir='ltr'>de</span> <span class='ocrx_word' id='word_1_348' title='bbox 2447 3945 2578 4006; x_wconf 70' lang='lat' dir='ltr'>cmo:</span> <span class='ocrx_word' id='word_1_349' title='bbox 2617 3941 2744 4004; x_wconf 76' lang='grc' dir='ltr'>περὶ</span> <span class='ocrx_word' id='word_1_350' title='bbox 2779 3940 2846 3992; x_wconf 81' lang='grc' dir='ltr'>οὗ</span> <span class='ocrx_word' id='word_1_351' title='bbox 2871 3939 3059 3991; x_wconf 51' lang='grc' dir='ltr'>Πολύ,</span> 
     </span>
     <span class='ocr_line' id='line_1_36' title="bbox 466 4003 3059 4072; baseline 0.001 -16"><span class='ocrx_word' id='word_1_352' title='bbox 466 4003 678 4071; x_wconf 88' lang='grc' dir='ltr'>χαρμός</span> <span class='ocrx_word' id='word_1_353' title='bbox 713 4019 882 4070; x_wconf 86' lang='grc' dir='ltr'>φηςιν</span> <span class='ocrx_word' id='word_1_354' title='bbox 918 4004 980 4058; x_wconf 86' lang='grc' dir='ltr'>ἑν</span> <span class='ocrx_word' id='word_1_355' title='bbox 1006 4006 1301 4058; x_wconf 76' lang='grc' dir='ltr'>Λυκιακοῖς</span> <span class='ocrx_word' id='word_1_356' title='bbox 1333 4005 1524 4058; x_wconf 77' lang='grc' dir='ltr'>«ὅπου</span> <span class='ocrx_word' id='word_1_357' title='bbox 1549 4010 1655 4058; x_wconf 81' lang='grc' dir='ltr'>νῦν</span> <span class='ocrx_word' id='word_1_358' title='bbox 1691 4007 1872 4072; x_wconf 86' lang='grc' dir='ltr'>φρέαρ</span> <span class='ocrx_word' id='word_1_359' title='bbox 1898 4007 2168 4072; x_wconf 89' lang='grc' dir='ltr'>θαλάςςης</span> <span class='ocrx_word' id='word_1_360' title='bbox 2194 4008 2371 4060; x_wconf 87' lang='grc' dir='ltr'>τόπος</span> <span class='ocrx_word' id='word_1_361' title='bbox 2399 4006 2628 4072; x_wconf 81' lang='grc' dir='ltr'>(ούριος</span> <span class='ocrx_word' id='word_1_362' title='bbox 2656 4007 3000 4069; x_wconf 88' lang='grc' dir='ltr'>καλούμενος</span> <span class='ocrx_word' id='word_1_363' title='bbox 3012 4022 3059 4060; x_wconf 87' lang='lat'>&gt;›.</span> 
     </span>
     <span class='ocr_line' id='line_1_37' title="bbox 466 4072 3057 4142; baseline 0 -19"><span class='ocrx_word' id='word_1_364' title='bbox 466 4075 892 4124; x_wconf 78' lang='lat' dir='ltr'>Adnotationem</span> <span class='ocrx_word' id='word_1_365' title='bbox 927 4074 994 4124; x_wconf 77' lang='lat' dir='ltr'>de</span> <span class='ocrx_word' id='word_1_366' title='bbox 1034 4076 1307 4141; x_wconf 80' lang='lat' dir='ltr'>scriptura</span> <span class='ocrx_word' id='word_1_367' title='bbox 1345 4076 1500 4125; x_wconf 81' lang='lat' dir='ltr'>vocis</span> <span class='ocrx_word' id='word_1_368' title='bbox 1536 4072 1626 4139; x_wconf 74' lang='grc' dir='ltr'>ἱρά</span> <span class='ocrx_word' id='word_1_369' title='bbox 1663 4078 1894 4142; x_wconf 80' lang='lat' dir='ltr'>apposui</span> <span class='ocrx_word' id='word_1_370' title='bbox 1928 4092 1993 4126; x_wconf 80' lang='lat' dir='ltr'>ex</span> <span class='ocrx_word' id='word_1_371' title='bbox 2028 4078 2093 4126; x_wconf 83' lang='lat' dir='ltr'>E.</span> <span class='ocrx_word' id='word_1_372' title='bbox 2119 4079 2193 4127; x_wconf 88' lang='lat' dir='ltr'>M.</span> <span class='ocrx_word' id='word_1_373' title='bbox 2218 4080 2335 4138; x_wconf 76' lang='lat'>303,</span> <span class='ocrx_word' id='word_1_374' title='bbox 2362 4077 2428 4125; x_wconf 82' lang='lat'>38</span> <span class='ocrx_word' id='word_1_375' title='bbox 2464 4075 2584 4126; x_wconf 80' lang='lat' dir='ltr'><strong>coll.</strong></span> <span class='ocrx_word' id='word_1_376' title='bbox 2621 4076 2879 4126; x_wconf 80' lang='lat' dir='ltr'><strong>Eustath.</strong></span> <span class='ocrx_word' id='word_1_377' title='bbox 2907 4078 3057 4138; x_wconf 85' lang='grc'>1060,</span> 
     </span>
     <span class='ocr_line' id='line_1_38' title="bbox 466 4139 3058 4208; baseline -0 -16"><span class='ocrx_word' id='word_1_378' title='bbox 466 4144 549 4192; x_wconf 82' lang='grc'>36.</span> <span class='ocrx_word' id='word_1_379' title='bbox 690 4141 725 4191; x_wconf 89' lang='grc'>1.</span> <span class='ocrx_word' id='word_1_380' title='bbox 763 4144 825 4191; x_wconf 78' lang='lat'>12</span> <span class='ocrx_word' id='word_1_381' title='bbox 862 4139 1042 4206; x_wconf 86' lang='grc' dir='ltr'>Φαραί</span> <span class='ocrx_word' id='word_1_382' title='bbox 1080 4151 1136 4193; x_wconf 82' lang='lat' dir='ltr'>et.</span> <span class='ocrx_word' id='word_1_383' title='bbox 1174 4140 1307 4207; x_wconf 86' lang='grc' dir='ltr'>Ἀρά</span> <span class='ocrx_word' id='word_1_384' title='bbox 1343 4148 1566 4208; x_wconf 79' lang='lat' dir='ltr'><strong>propter</strong></span> <span class='ocrx_word' id='word_1_385' title='bbox 1602 4145 1747 4208; x_wconf 87' lang='lat' dir='ltr'><strong>quod</strong></span> <span class='ocrx_word' id='word_1_386' title='bbox 1782 4140 1890 4206; x_wconf 85' lang='grc' dir='ltr'>ἀρά</span> <span class='ocrx_word' id='word_1_387' title='bbox 1924 4145 2158 4205; x_wconf 80' lang='lat' dir='ltr'>inserui,</span> <span class='ocrx_word' id='word_1_388' title='bbox 2199 4149 2328 4193; x_wconf 77' lang='lat' dir='ltr'><strong>sunt</strong></span> <span class='ocrx_word' id='word_1_389' title='bbox 2365 4159 2431 4193; x_wconf 82' lang='lat' dir='ltr'>ex</span> <span class='ocrx_word' id='word_1_390' title='bbox 2470 4144 2553 4195; x_wconf 80' lang='lat' dir='ltr'>St.</span> <span class='ocrx_word' id='word_1_391' title='bbox 2590 4144 2652 4192; x_wconf 92' lang='lat' dir='ltr'>B.</span> <span class='ocrx_word' id='word_1_392' title='bbox 2792 4143 2829 4191; x_wconf 89' lang='lat' dir='ltr'>l.</span> <span class='ocrx_word' id='word_1_393' title='bbox 2871 4145 2932 4192; x_wconf 83' lang='lat'>19</span> <span class='ocrx_word' id='word_1_394' title='bbox 2969 4157 3058 4191; x_wconf 80' lang='lat' dir='ltr'>ea-</span> 
     </span>
     <span class='ocr_line' id='line_1_39' title="bbox 465 4209 3057 4276; baseline 0.001 -18"><span class='ocrx_word' id='word_1_395' title='bbox 465 4225 662 4260; x_wconf 84' lang='lat' dir='ltr'><strong>nonem</strong></span> <span class='ocrx_word' id='word_1_396' title='bbox 698 4225 767 4258; x_wconf 84' lang='lat' dir='ltr'>ex</span> <span class='ocrx_word' id='word_1_397' title='bbox 810 4210 1123 4260; x_wconf 72' lang='lat' dir='ltr'><strong>nominibus</strong></span> <span class='ocrx_word' id='word_1_398' title='bbox 1169 4226 1203 4260; x_wconf 80' lang='lat' dir='ltr'><strong>a</strong></span> <span class='ocrx_word' id='word_1_399' title='bbox 1248 4211 1330 4261; x_wconf 81' lang='lat' dir='ltr'>St.</span> <span class='ocrx_word' id='word_1_400' title='bbox 1375 4212 1437 4261; x_wconf 89' lang='lat' dir='ltr'>B.</span> <span class='ocrx_word' id='word_1_401' title='bbox 1484 4210 1713 4276; x_wconf 78' lang='lat' dir='ltr'>prolatis</span> <span class='ocrx_word' id='word_1_402' title='bbox 1759 4214 2062 4276; x_wconf 84' lang='lat' dir='ltr'>composui,</span> <span class='ocrx_word' id='word_1_403' title='bbox 2110 4211 2383 4260; x_wconf 80' lang='lat' dir='ltr'><strong>vocabula</strong></span> <span class='ocrx_word' id='word_1_404' title='bbox 2439 4211 2604 4260; x_wconf 79' lang='lat' dir='ltr'>aliter</span> <span class='ocrx_word' id='word_1_405' title='bbox 2649 4209 2858 4274; x_wconf 75' lang='lat' dir='ltr'>scripta</span> <span class='ocrx_word' id='word_1_406' title='bbox 2903 4209 3057 4260; x_wconf 83' lang='lat' dir='ltr'><strong>velut</strong></span> 
     </span>
     <span class='ocr_line' id='line_1_40' title="bbox 468 4273 3053 4342; baseline 0 -15"><span class='ocrx_word' id='word_1_407' title='bbox 468 4275 736 4341; x_wconf 86' lang='grc' dir='ltr'>Βοςίραρα</span> <span class='ocrx_word' id='word_1_408' title='bbox 772 4276 935 4328; x_wconf 90' lang='grc' dir='ltr'>πόλις</span> <span class='ocrx_word' id='word_1_409' title='bbox 973 4275 1262 4340; x_wconf 81' lang='grc' dir='ltr'>Αἰγύπτου</span> <span class='ocrx_word' id='word_1_410' title='bbox 1307 4294 1404 4342; x_wconf 85' lang='lat' dir='ltr'>pro</span> <span class='ocrx_word' id='word_1_411' title='bbox 1444 4280 1657 4329; x_wconf 80' lang='lat' dir='ltr'><strong>neutris</strong></span> <span class='ocrx_word' id='word_1_412' title='bbox 1704 4278 1956 4329; x_wconf 81' lang='lat' dir='ltr'>habenda</span> <span class='ocrx_word' id='word_1_413' title='bbox 2003 4282 2148 4328; x_wconf 79' lang='lat' dir='ltr'><strong>sunt.</strong></span> <span class='ocrx_word' id='word_1_414' title='bbox 2216 4276 2323 4327; x_wconf 87' lang='lat' dir='ltr'>Pro</span> <span class='ocrx_word' id='word_1_415' title='bbox 2369 4273 2665 4340; x_wconf 88' lang='grc' dir='ltr'>Μανδαραί</span> <span class='ocrx_word' id='word_1_416' title='bbox 2712 4275 2905 4341; x_wconf 89' lang='grc' dir='ltr'>(μέρος</span> <span class='ocrx_word' id='word_1_417' title='bbox 2951 4278 3053 4340; x_wconf 88' lang='grc' dir='ltr'>τῆς</span> 
     </span>
     <span class='ocr_line' id='line_1_41' title="bbox 459 4342 3055 4411; baseline -0 -16"><span class='ocrx_word' id='word_1_418' title='bbox 459 4342 856 4409; x_wconf 68' lang='grc' dir='ltr'>Μακεδονικῆς</span> <span class='ocrx_word' id='word_1_419' title='bbox 903 4342 1142 4410; x_wconf 86' lang='grc' dir='ltr'>Κύρρου)</span> <span class='ocrx_word' id='word_1_420' title='bbox 1189 4348 1247 4396; x_wconf 88' lang='lat' dir='ltr'>in</span> <span class='ocrx_word' id='word_1_421' title='bbox 1293 4346 1448 4396; x_wconf 78' lang='lat' dir='ltr'>libris</span> <span class='ocrx_word' id='word_1_422' title='bbox 1495 4343 1787 4410; x_wconf 86' lang='grc' dir='ltr'>Μανδάραι</span> <span class='ocrx_word' id='word_1_423' title='bbox 1832 4347 2096 4411; x_wconf 80' lang='lat' dir='ltr'>seriptum</span> <span class='ocrx_word' id='word_1_424' title='bbox 2143 4349 2253 4404; x_wconf 80' lang='lat' dir='ltr'><strong>est,</strong></span> <span class='ocrx_word' id='word_1_425' title='bbox 2303 4342 2564 4408; x_wconf 83' lang='grc' dir='ltr'>Δουςαρά</span> <span class='ocrx_word' id='word_1_426' title='bbox 2607 4343 2869 4409; x_wconf 87' lang='grc' dir='ltr'>Δουςαρή</span> <span class='ocrx_word' id='word_1_427' title='bbox 2908 4343 3055 4408; x_wconf 82' lang='grc' dir='ltr'>(ςκό-</span> 
     </span>
     <span class='ocr_line' id='line_1_42' title="bbox 466 4411 3054 4478; baseline 0 -15"><span class='ocrx_word' id='word_1_428' title='bbox 466 4413 638 4463; x_wconf 86' lang='grc' dir='ltr'>πελος</span> <span class='ocrx_word' id='word_1_429' title='bbox 684 4411 775 4463; x_wconf 81' lang='grc' dir='ltr'>καὶ</span> <span class='ocrx_word' id='word_1_430' title='bbox 822 4414 1044 4477; x_wconf 86' lang='grc' dir='ltr'>κορυφὴ</span> <span class='ocrx_word' id='word_1_431' title='bbox 1092 4412 1429 4478; x_wconf 84' lang='grc' dir='ltr'>ὑψηλοτάτη</span> <span class='ocrx_word' id='word_1_432' title='bbox 1478 4411 1757 4476; x_wconf 81' lang='grc' dir='ltr'>Ἀραβίας)</span> <span class='ocrx_word' id='word_1_433' title='bbox 1811 4413 1947 4462; x_wconf 80' lang='lat' dir='ltr'>item</span> <span class='ocrx_word' id='word_1_434' title='bbox 1994 4416 2364 4476; x_wconf 81' lang='lat' dir='ltr'>paroxytonos</span> <span class='ocrx_word' id='word_1_435' title='bbox 2419 4411 2808 4476; x_wconf 82' lang='lat' dir='ltr'><strong>proferendum</strong></span> <span class='ocrx_word' id='word_1_436' title='bbox 2856 4412 3054 4464; x_wconf 81' lang='lat' dir='ltr'>iudico,</span> 
     </span>
     <span class='ocr_line' id='line_1_43' title="bbox 464 4476 3056 4545; baseline 0 -17"><span class='ocrx_word' id='word_1_437' title='bbox 464 4480 648 4530; x_wconf 78' lang='lat' dir='ltr'>Etiam</span> <span class='ocrx_word' id='word_1_438' title='bbox 688 4479 967 4544; x_wconf 86' lang='grc' dir='ltr'>Βαίταρρα</span> <span class='ocrx_word' id='word_1_439' title='bbox 1004 4480 1167 4532; x_wconf 90' lang='grc' dir='ltr'>πόλις</span> <span class='ocrx_word' id='word_1_440' title='bbox 1207 4479 1468 4545; x_wconf 88' lang='grc' dir='ltr'>Κελτική,</span> <span class='ocrx_word' id='word_1_441' title='bbox 1517 4496 1678 4545; x_wconf 80' lang='lat' dir='ltr'><strong>quam</strong></span> <span class='ocrx_word' id='word_1_442' title='bbox 1715 4480 1930 4530; x_wconf 82' lang='lat' dir='ltr'>Plinius</span> <span class='ocrx_word' id='word_1_443' title='bbox 1972 4480 2258 4529; x_wconf 74' lang='lat' dir='ltr'>Beterram</span> <span class='ocrx_word' id='word_1_444' title='bbox 2294 4478 2457 4540; x_wconf 84' lang='lat' dir='ltr'>dicit,</span> <span class='ocrx_word' id='word_1_445' title='bbox 2499 4476 2774 4543; x_wconf 88' lang='grc' dir='ltr'>Βαιτάρρα</span> <span class='ocrx_word' id='word_1_446' title='bbox 2824 4495 3056 4544; x_wconf 86' lang='lat' dir='ltr'><strong>pronun-</strong></span> 
     </span>
     <span class='ocr_line' id='line_1_44' title="bbox 466 4544 3077 4611; baseline 0.001 -16"><span class='ocrx_word' id='word_1_447' title='bbox 466 4547 718 4597; x_wconf 79' lang='lat' dir='ltr'>ciandum</span> <span class='ocrx_word' id='word_1_448' title='bbox 763 4548 1000 4603; x_wconf 78' lang='lat' dir='ltr'>videtur.</span> <span class='ocrx_word' id='word_1_449' title='bbox 1080 4550 1191 4600; x_wconf 84' lang='lat' dir='ltr'>Hic</span> <span class='ocrx_word' id='word_1_450' title='bbox 1237 4556 1710 4600; x_wconf 81' lang='lat' dir='ltr'><strong>commemoratum</strong></span> <span class='ocrx_word' id='word_1_451' title='bbox 1762 4547 1876 4596; x_wconf 78' lang='lat' dir='ltr'>fuit</span> <span class='ocrx_word' id='word_1_452' title='bbox 1930 4546 2099 4596; x_wconf 79' lang='lat' dir='ltr'>etiam</span> <span class='ocrx_word' id='word_1_453' title='bbox 2144 4544 2424 4608; x_wconf 87' lang='grc' dir='ltr'>ἀντιφάρα</span> <span class='ocrx_word' id='word_1_454' title='bbox 2468 4544 2504 4608; x_wconf 89' lang='grc' dir='ltr'>ή</span> <span class='ocrx_word' id='word_1_455' title='bbox 2553 4544 2693 4611; x_wconf 87' lang='grc' dir='ltr'>ζήλη</span> <span class='ocrx_word' id='word_1_456' title='bbox 2741 4546 2892 4610; x_wconf 86' lang='grc' dir='ltr'>παρὰ</span> <span class='ocrx_word' id='word_1_457' title='bbox 2936 4550 3077 4597; x_wconf 83' lang='grc' dir='ltr'>τοῖς·</span> 
     </span>
     <span class='ocr_line' id='line_1_45' title="bbox 467 4610 3159 4681; baseline -0 -16"><span class='ocrx_word' id='word_1_458' title='bbox 467 4611 852 4678; x_wconf 77' lang='grc' dir='ltr'>Ευρακουςίοις</span> <span class='ocrx_word' id='word_1_459' title='bbox 888 4613 1041 4680; x_wconf 83' lang='grc' dir='ltr'>παρὰ</span> <span class='ocrx_word' id='word_1_460' title='bbox 1075 4615 1145 4668; x_wconf 87' lang='grc' dir='ltr'>τὸ</span> <span class='ocrx_word' id='word_1_461' title='bbox 1182 4616 1371 4681; x_wconf 84' lang='grc' dir='ltr'>φέρω,</span> <span class='ocrx_word' id='word_1_462' title='bbox 1411 4614 1443 4667; x_wconf 86' lang='grc' dir='ltr'>ὃ</span> <span class='ocrx_word' id='word_1_463' title='bbox 1479 4614 1717 4679; x_wconf 81' lang='grc' dir='ltr'>Δωριεῖς</span> <span class='ocrx_word' id='word_1_464' title='bbox 1755 4611 1923 4676; x_wconf 86' lang='grc' dir='ltr'>φάρω</span> <span class='ocrx_word' id='word_1_465' title='bbox 1963 4613 2216 4677; x_wconf 85' lang='grc' dir='ltr'>λέγουςιν</span> <span class='ocrx_word' id='word_1_466' title='bbox 2265 4610 2343 4663; x_wconf 84' lang='grc' dir='ltr'>ὡς</span> <span class='ocrx_word' id='word_1_467' title='bbox 2378 4612 2449 4664; x_wconf 86' lang='grc' dir='ltr'>τὸ</span> <span class='ocrx_word' id='word_1_468' title='bbox 2495 4613 2688 4676; x_wconf 89' lang='grc' dir='ltr'>τέμνω</span> <span class='ocrx_word' id='word_1_469' title='bbox 2724 4611 2923 4677; x_wconf 85' lang='grc' dir='ltr'>τάμνω</span> <span class='ocrx_word' id='word_1_470' title='bbox 2961 4613 3052 4666; x_wconf 82' lang='grc' dir='ltr'>καὶ</span> <span class='ocrx_word' id='word_1_471' title='bbox 3152 4616 3159 4621; x_wconf 83' lang='grc'><strong>’</strong></span> 
     </span>
     <span class='ocr_line' id='line_1_46' title="bbox 465 4677 3050 4748; baseline 0 -17"><span class='ocrx_word' id='word_1_472' title='bbox 465 4681 533 4732; x_wconf 88' lang='grc' dir='ltr'>τὸ</span> <span class='ocrx_word' id='word_1_473' title='bbox 568 4681 765 4747; x_wconf 83' lang='grc' dir='ltr'>τρέπω</span> <span class='ocrx_word' id='word_1_474' title='bbox 800 4681 1029 4747; x_wconf 85' lang='grc' dir='ltr'>τράπω·</span> <span class='ocrx_word' id='word_1_475' title='bbox 1069 4683 1235 4748; x_wconf 87' lang='grc' dir='ltr'>φάρω</span> <span class='ocrx_word' id='word_1_476' title='bbox 1273 4684 1377 4735; x_wconf 85' lang='grc' dir='ltr'>οὖν</span> <span class='ocrx_word' id='word_1_477' title='bbox 1413 4681 1568 4747; x_wconf 90' lang='grc' dir='ltr'>φάρα</span> <span class='ocrx_word' id='word_1_478' title='bbox 1605 4682 1695 4733; x_wconf 76' lang='grc' dir='ltr'>καὶ</span> <span class='ocrx_word' id='word_1_479' title='bbox 1731 4678 2012 4745; x_wconf 86' lang='grc' dir='ltr'>ἀντιφάρα</span> <span class='ocrx_word' id='word_1_480' title='bbox 2057 4680 2093 4744; x_wconf 89' lang='grc' dir='ltr'>ή</span> <span class='ocrx_word' id='word_1_481' title='bbox 2133 4677 2407 4733; x_wconf 80' lang='grc' dir='ltr'>ἐναντίως</span> <span class='ocrx_word' id='word_1_482' title='bbox 2443 4680 2748 4746; x_wconf 84' lang='grc' dir='ltr'>φερομένη.</span> <span class='ocrx_word' id='word_1_483' title='bbox 2819 4684 2923 4747; x_wconf 87' lang='grc' dir='ltr'>Ερ.</span> <span class='ocrx_word' id='word_1_484' title='bbox 2962 4683 3050 4733; x_wconf 87' lang='lat' dir='ltr'>Cr.</span> 
     </span>
     <span class='ocr_line' id='line_1_47' title="bbox 467 4747 3054 4815; baseline 0 -17"><span class='ocrx_word' id='word_1_485' title='bbox 467 4748 494 4798; x_wconf 92' lang='lat'>1</span> <span class='ocrx_word' id='word_1_486' title='bbox 528 4750 610 4812; x_wconf 78' lang='lat'>83,</span> <span class='ocrx_word' id='word_1_487' title='bbox 650 4754 732 4811; x_wconf 77' lang='lat'>22,</span> <span class='ocrx_word' id='word_1_488' title='bbox 769 4751 833 4801; x_wconf 84' lang='lat' dir='ltr'>E.</span> <span class='ocrx_word' id='word_1_489' title='bbox 859 4747 932 4804; x_wconf 80' lang='grc' dir='ltr'>Μ.</span> <span class='ocrx_word' id='word_1_490' title='bbox 965 4755 1079 4815; x_wconf 83' lang='grc'>114,</span> <span class='ocrx_word' id='word_1_491' title='bbox 1106 4755 1173 4803; x_wconf 79' lang='grc'>20</span> <span class='ocrx_word' id='word_1_492' title='bbox 1207 4753 1278 4805; x_wconf 79' lang='lat' dir='ltr'>cf.</span> <span class='ocrx_word' id='word_1_493' title='bbox 1307 4751 1546 4815; x_wconf 79' lang='lat' dir='ltr'><strong>Hesych.</strong></span> <span class='ocrx_word' id='word_1_494' title='bbox 1571 4766 1614 4803; x_wconf 76' lang='lat' dir='ltr'>e.</span> <span class='ocrx_word' id='word_1_495' title='bbox 1641 4766 1691 4801; x_wconf 83' lang='lat' dir='ltr'>v.</span> <span class='ocrx_word' id='word_1_496' title='bbox 1812 4748 1849 4797; x_wconf 88' lang='lat'>1.</span> <span class='ocrx_word' id='word_1_497' title='bbox 1873 4751 1939 4798; x_wconf 80' lang='lat'>26</span> <span class='ocrx_word' id='word_1_498' title='bbox 1974 4751 2120 4800; x_wconf 83' lang='lat' dir='ltr'>hunc</span> <span class='ocrx_word' id='word_1_499' title='bbox 2155 4763 2419 4798; x_wconf 75' lang='lat' dir='ltr'><strong>canonem</strong></span> <span class='ocrx_word' id='word_1_500' title='bbox 2457 4750 2665 4815; x_wconf 79' lang='lat' dir='ltr'>sumpsi</span> <span class='ocrx_word' id='word_1_501' title='bbox 2702 4765 2769 4799; x_wconf 85' lang='lat' dir='ltr'>ex</span> <span class='ocrx_word' id='word_1_502' title='bbox 2806 4750 3054 4815; x_wconf 81' lang='lat' dir='ltr'><strong>Theogn.</strong></span> 
     </span>
     <span class='ocr_line' id='line_1_48' title="bbox 469 4815 3052 4884; baseline 0.002 -20"><span class='ocrx_word' id='word_1_503' title='bbox 469 4817 580 4874; x_wconf 88' lang='grc'>101,</span> <span class='ocrx_word' id='word_1_504' title='bbox 607 4821 697 4880; x_wconf 84' lang='grc' dir='ltr'>1ος</span> <span class='ocrx_word' id='word_1_505' title='bbox 734 4834 832 4883; x_wconf 87' lang='lat' dir='ltr'>pro</span> <span class='ocrx_word' id='word_1_506' title='bbox 867 4817 1027 4884; x_wconf 89' lang='grc' dir='ltr'>Πέρα</span> <span class='ocrx_word' id='word_1_507' title='bbox 1064 4820 1259 4884; x_wconf 79' lang='lat' dir='ltr'>scripsi</span> <span class='ocrx_word' id='word_1_508' title='bbox 1293 4817 1448 4883; x_wconf 87' lang='grc' dir='ltr'>Δέρα</span> <span class='ocrx_word' id='word_1_509' title='bbox 1484 4833 1552 4868; x_wconf 84' lang='lat' dir='ltr'>ex</span> <span class='ocrx_word' id='word_1_510' title='bbox 1589 4819 1669 4870; x_wconf 72' lang='lat' dir='ltr'>St.</span> <span class='ocrx_word' id='word_1_511' title='bbox 1694 4818 1757 4867; x_wconf 94' lang='lat' dir='ltr'>B.</span> <span class='ocrx_word' id='word_1_512' title='bbox 1794 4815 2005 4868; x_wconf 80' lang='lat' dir='ltr'><strong>addens</strong></span> <span class='ocrx_word' id='word_1_513' title='bbox 2042 4816 2395 4880; x_wconf 80' lang='grc' dir='ltr'>Λακωνικῆς;</span> <span class='ocrx_word' id='word_1_514' title='bbox 2434 4818 2568 4869; x_wconf 84' lang='lat' dir='ltr'>item</span> <span class='ocrx_word' id='word_1_515' title='bbox 2604 4816 2761 4881; x_wconf 62' lang='lat' dir='ltr'>bkpu&#39;</span> <span class='ocrx_word' id='word_1_516' title='bbox 2776 4833 2871 4883; x_wconf 88' lang='lat' dir='ltr'>pro</span> <span class='ocrx_word' id='word_1_517' title='bbox 2897 4815 3052 4883; x_wconf 88' lang='grc' dir='ltr'>πέρα.</span> 
     </span>
     <span class='ocr_line' id='line_1_49' title="bbox 468 4879 1220 4952; baseline 0.001 -17"><span class='ocrx_word' id='word_1_518' title='bbox 468 4879 637 4948; x_wconf 74' lang='grc' dir='ltr'>Φεραί</span> <span class='ocrx_word' id='word_1_519' title='bbox 674 4886 898 4952; x_wconf 77' lang='lat' dir='ltr'>explevi</span> <span class='ocrx_word' id='word_1_520' title='bbox 933 4902 999 4936; x_wconf 84' lang='lat' dir='ltr'>ex</span> <span class='ocrx_word' id='word_1_521' title='bbox 1039 4888 1119 4938; x_wconf 77' lang='lat' dir='ltr'>St.</span> <span class='ocrx_word' id='word_1_522' title='bbox 1156 4887 1220 4936; x_wconf 92' lang='grc' dir='ltr'>Β.</span> 
     </span>
    </p>
   </div>
  </div>
 </body>
</html>
