3664 5546
666 366 788 430 130
1393 425 1400 433 ,
1595 366 1676 420 ΕΚ
1715 366 1856 420 ΤΩΝ
1900 365 2310 420 ΗΡΩΔΙΑΝΟΥ

657 538 733 601 τὸ
780 538 1020 618 κνέφας
1064 541 1477 619 κνεφαῖος,
1537 535 1735 603 οὖδας
1791 536 2139 602 ούδαῖος.
2228 538 2305 601 τὸ
2350 539 2421 601 δὲ
2466 536 2740 615 άραιός
2797 535 2836 600 6
2881 537 2962 615 μὴ
3008 535 3250 601 πυκνὸς

660 640 835 719 παρὰ
880 641 955 705 τὸ
1004 640 1182 719 ῥαιός
1228 640 1298 704 ἐν
1344 643 1726 723 πλεοναςμῷ
1756 644 1876 703 τοῦ
1921 660 1994 721 α,
2040 640 2460 718 μετελθούςης
2489 643 2598 717 τῆς
2643 638 2892 703 δαςείας
2919 642 3038 702 τοῦ
3081 641 3119 715 i>
3164 637 3252 702 εἰς

657 743 732 806 τὸ
779 745 850 824 ἃ,
910 744 1116 806 καθὼς
1175 744 1277 805 καὶ
1331 742 1437 806 ἐπὶ
1489 746 1605 806 τοῦ
1663 741 1825 821 ῥέζω
1872 742 1973 806 καὶ
2030 741 2229 823 ἕρδω,
2284 742 2360 805 τὸ
2406 743 2477 806 δὲ
2522 740 2703 820 ῥαιός
2753 739 2885 806 ἀπὸ
2929 744 3047 804 τοῦ
3093 740 3251 819 ραίω

658 843 968 926 ῥήματος,
1027 844 1064 908 ὃ
1121 847 1310 923 δηλοῖ
1364 844 1440 907 τὸ
1495 844 1756 924 φθείρω.
1843 844 1920 909 τὸ
1967 845 2038 908 δὲ
2094 842 2370 921 ἀραῖος
2426 842 2556 908 ἀπὸ
2609 847 2722 921 τῆς
2765 842 2940 921 ἀρᾶς.
3029 843 3132 907 καὶ
3172 843 3251 906 τὸ

489 954 499 962 ’
595 951 628 1001 5
660 945 931 1026 ήβαιός
974 946 1150 1023 παρὰ
1193 946 1270 1011 τὸ
1317 946 1491 1026 βαιός
1535 950 1918 1031 πλεοναςμῷ
1961 948 2079 1011 τοῦ
2123 950 2194 1025 ἦ,
2251 947 2326 1010 τὸ
2382 947 2454 1010 δὲ
2501 945 2676 1025 βαιός
2703 943 2860 1009 ·ἀπὸ
2904 948 3023 1008 τοῦ
3070 947 3250 1024 βῆναι

659 1047 815 1127 βαός
862 1049 964 1112 καὶ
1007 1038 1390 1130 πλεοναςμῷ
1435 1051 1551 1113 τοῦ
1596 1050 1629 1110 ἶ
1674 1049 1851 1128 βαιός
1896 1046 1933 1111 6
1979 1047 2088 1111 ἐπ’
2132 1048 2355 1124 ὀλίγον
2401 1048 2644 1127 χρόνον
2691 1048 2985 1127 βεβηκώς.

824 1150 918 1214 Τὰ
973 1150 1078 1214 διὰ
1132 1154 1248 1214 τοῦ
1304 1170 1444 1213 αιος
1510 1150 1724 1214 ἐθνικά
1777 1153 2316 1229 προπεριςπᾶται,
2375 1149 2814 1232 Ἀθηναῖος,
2872 1149 3249 1243 Θηβαῖος,

656 1252 1059 1334 Ῥωμαῖος,
1114 1251 1467 1334 Αἰγαῖος,
1526 1252 1885 1329 Ἀγραῖος
1939 1252 2129 1316 ἔθνος
2185 1251 2478 1331 Ἀράβιον
2548 1252 2639 1316 ὡς
2694 1251 2763 1315 ἐν
2830 1249 3249 1333 ἑκκαιδεκάτῳ

657 1355 747 1440 (p.
794 1353 946 1437 767)
995 1353 1308 1434 (τράβων.
1399 1354 1525 1418 ἔςτι
1572 1356 1643 1418 δὲ
1690 1355 1791 1417 καὶ
1838 1354 2060 1433 ἕτερον
2108 1353 2297 1419 ἔθνος
2342 1353 2750 1431 Ἀκαρνάνων
2809 1352 2899 1417 ὥς
2944 1350 3247 1417 Θουκυδί-

557 1462 621 1513 10
656 1461 770 1536 δης
826 1456 896 1521 ἐν
951 1455 1125 1539 τρίτῃ
1184 1456 1267 1539 (ο.
1322 1454 1463 1518 106.
1513 1454 1649 1519 111.
1703 1454 1870 1539 114).
1971 1458 2270 1533 λέγονται
2329 1456 2431 1520 καὶ
2475 1456 2790 1538 Ἀγραεῖς,
2849 1454 2940 1519 ὡς
2999 1454 3248 1532 Ἐρατο-

657 1559 892 1637 ςθένης.
983 1559 1369 1622 Βακκαῖος
1412 1557 1718 1622 Ἱςπανίας
1762 1557 1967 1622 ἔθνος.
2038 1559 2451 1622 Γαλιλαῖος
2495 1556 2685 1623 ἔθνος
2729 1555 3051 1621 Ἰουδαίας.
3127 1557 3247 1620 Γε-

655 1664 936 1727 νοαῖος
981 1659 1171 1724 ἔθνος
1205 1659 1563 1725 Μολοςςίας
1607 1658 1739 1725 ἀπὸ
1773 1661 1812 1724 Γ
1815 1660 2010 1724 ενόου
2057 1659 2373 1739 ἄρχοντος
2403 1659 2650 1742 αὐτῶν,
2694 1657 2944 1723 Ῥιανὸς
2984 1657 3249 1741 τετάρτῃ

656 1763 1067 1827 Θεςςαλικῶν.
1123 1761 1529 1839 Δερραῖος
1586 1762 1867 1845 Θρᾴκιον
1923 1762 2127 1827 ἔθνος.
2193 1761 2542 1840 Ἡρόδοτος
2596 1759 2951 1839 Δερςαίους
3015 1758 3250 1823 αύτούς

655 1885 806 1945 φηςι
852 1863 945 1947 (7,
998 1862 1168 1945 110).·
1252 1863 1661 1944 Δυρβαῖος
1706 1864 1896 1930 ἔθνος
1941 1867 2219 1942 καθῆκον
2264 1862 2353 1927 εἰς
2398 1864 2722 1940 Βάκτρους
2772 1863 2874 1947 καὶ
2917 1864 3033 1941 τὴν
3080 1861 3248 1925 Ἰνδι-

561 1974 619 2024 15
656 1968 790 2046 κήν.
862 1966 1117 2045 Κτηςίας
1160 1966 1231 2030 ἐν
1272 1966 1604 2043 Περςικῶν
1650 1966 1686 2030 ι’
1731 1967 1948 2046 «χώρη
1990 1967 2062 2030 δὲ
2094 1966 2258 2043 πρὸς
2289 1964 2489 2029 αὐτὸν
2519 1963 2880 2048 πρόςκειται
2909 1964 3248 2045 Δυρβαῖοι,

656 2070 819 2147 πρὸς
863 2070 978 2147 τὴν
1026 2067 1332 2147 Βακτρίην
1377 2068 1480 2131 καὶ
1530 2068 1791 2147 Ἰνδικὴν
1832 2066 2325 2132 κατατείνοντες.
2393 2065 2573 2131 οὗτοι
2619 2065 2993 2145 εὐδαίμονες
3023 2065 3250 2144 ἄνδρες

656 2171 759 2235 καὶ
801 2170 1094 2234 πλούςιοι
1140 2171 1241 2233 καὶ
1272 2169 1468 2247 κάρτα
1498 2169 1726 2233 δίκαιοί
1759 2169 1901 2252 εἰςι,
1949 2169 2098 2234 οὔτε
2130 2168 2494 2233 ἀδικέοντες
2530 2167 2679 2232 οὔτε
2711 2167 3249 2233 ἀποκτιννύοντες

656 2271 1004 2350 ἄνθρωπον
1051 2272 1306 2336 οὐδένα.
1381 2271 1494 2335 ἐὰν
1540 2272 1612 2335 δέ
1653 2292 1712 2335 τι
1758 2272 1984 2351 εὕρωςι
2031 2272 2100 2336 ἐν
2144 2277 2220 2355 τῇ
2266 2270 2402 2352 ὁδῷ
2446 2271 2484 2348 ἢ
2531 2269 2788 2350 χρυςίον
2821 2270 2859 2348 ἢ
2914 2269 3165 2349 ἱμάτιον
3209 2269 3248 2345 ἢ

656 2373 965 2453 ἀργύριον
1010 2374 1049 2452 ἢ
1094 2371 1259 2437 ἀλλο
1290 2393 1378 2455 τι,
1426 2372 1620 2436 οὐδὲν
1666 2372 2134 2452 ἀποκινήςειαν.
2196 2370 2375 2436 οὗτοι
2423 2371 2573 2436 οὔτε
2614 2371 3066 2451 ἀρτοποιέουςι
3099 2369 3250 2435 οὔτε

555 2482 623 2531 20
658 2474 925 2540 ἐςθίουςι
958 2474 1107 2539 οὔτε
1150 2473 1470 2557 νομίζουςι
1507 2474 1620 2538 ἐὰν
1656 2476 1737 2554 μὴ
1774 2474 1933 2553 ἱρῶν
1969 2476 2252 2540 οὕνεκεν.
2318 2472 2558 2553 ἄλφιτα
2592 2475 2664 2538 δὲ
2703 2474 2990 2539 ποιέουςι
3026 2472 3249 2537 λεπτό-

657 2597 809 2655 τερα
850 2576 1128 2654 κατάπερ
1176 2574 1238 2640 οἱ
1283 2576 1584 2654 Ἕλληνες
1629 2577 1731 2640 καὶ
1774 2577 2038 2641 ἐςθίουςι
2086 2575 2281 2654 μάζας
2324 2581 2509 2640 ποῶν
2529 2602 2572 2639 ».
2619 2575 2986 2656 Ἑβραῖος.
3044 2575 3250 2639 οὕτως

657 2680 953 2743 Ἰουδαῖοι
1000 2677 1129 2742 ἀπὸ
1164 2677 1598 2760 Ἀβράμωνος,
1646 2678 1734 2742 ὥς
1778 2698 1929 2757 φηςι
1978 2678 2204 2756 Χάραξ.
2266 2677 2715 2755 Θαμαναῖος
2762 2678 3251 2761 ἔθνοςΠὲρςαις

658 2783 964 2861 ὑπήκοον.
1011 2781 1358 2859 Ἡρόδοτος
1404 2780 1576 2864 τρίτῃ
1625 2780 1704 2863 (e.
1752 2779 1882 2865 93).
1971 2781 2245 2861 Ἰβαῖος
2289 2781 2326 2844 6
2371 2782 2472 2844 καὶ
2517 2780 2750 2861 Ἰβηνός
2805 2780 2993 2845 ἔθνος
3042 2780 3249 2844 Κελτι-

658 2887 783 2962 κῆς.
872 2883 1194 2947 Λαιαῖος
1239 2881 1427 2947 ἔθνος
1470 2881 1839 2946 Παιονικόν.
1907 2883 2298 2962 Θουκυδίδης
2343 2883 2612 2966 δευτέρᾳ
2659 2880 2817 2966 (96).
2891 2883 3250 2946 Παναῖος

557 2994 621 3042 ‘25
659 2984 848 3050 ἔθνος
879 2984 1232 3048 Ἠδωνικὸν
1279 2984 1358 3048 ού
1402 2983 1628 3061 πόρρω
1674 2984 2132 3063 Ἀμφιπόλεως.
2194 2985 2533 3049 Μιναῖος
2577 2983 2766 3048 ἔθνος
2810 2983 2880 3047 ἐν
2926 2989 3002 3067 τῇ
3047 3002 3247 3061 παρα-

661 3086 765 3169 λίᾳ
819 3088 929 3163 τῆς
984 3085 1280 3164 Ἐρυθρᾶς
1337 3085 1660 3163 θαλάςςης.
1758 3086 2205 3163 Παρθυαῖοι
2262 3085 2451 3151 ἔθνος
2504 3086 2703 3150 πάλαι
2757 3087 2870 3164 μὲν
2928 3084 3249 3167 (κυθικόν,

661 3188 925 3267 ὕςτερον
981 3188 1053 3251 δὲ
1108 3187 1322 3266 φυγόν
1377 3187 1414 3264 ἢ
1474 3187 1844 3264 μετοικῆςαν
1903 3187 2005 3250 ἐπὶ
2062 3187 2356 3270 Μήδους,
2411 3190 2641 3267 κληθὲν
2697 3189 2769 3252 δὲ
2825 3187 3032 3251 οὕτως
3075 3187 3250 3265 παρὰ

665 3290 910 3368 Μήδοις
965 3289 1071 3352 διὰ
1124 3290 1240 3366 τὴν
1298 3287 1488 3367 φύςιν
1543 3291 1654 3365 τῆς
1712 3287 1949 3352 αὐτοὺς
2003 3290 2344 3368 δεξαμένης
2400 3293 2515 3367 γῆς
2570 3289 2854 3353 ἑλώδους
2898 3289 3002 3352 καὶ
3043 3287 3246 3364 ἀγκώ-

662 3396 819 3456 δους
865 3390 1085 3472 οὔςης,
1130 3389 1168 3467 ἢ
1215 3389 1320 3453 διὰ
1363 3390 1480 3467 τὴν
1525 3390 1771 3472 φυγήν,
1816 3390 2032 3455 καθότι
2079 3390 2140 3456 οἱ
2172 3390 2397 3455 (κύθαι
2441 3391 2594 3455 τοὺς
2625 3391 2919 3470 φυγάδας
2963 3390 3250 3468 πάρθους

560 3501 627 3552 3ο
660 3496 934 3557 καλοῦςι.
982 3492 1276 3567 λέγονται
1322 3493 1394 3555 δὲ
1424 3490 1525 3554 καὶ
1555 3490 1806 3569 Πάρθοι
1837 3493 1938 3556 καὶ
1966 3493 2255 3572 Πάρθιοι.
2309 3493 2823 3570 Πλαδαραῖος
2868 3492 3056 3558 ἔθνος
3086 3493 3250 3571 πρὸς

661 3593 897 3672 ἄρκτον
954 3591 1264 3672 κείμενον.
1349 3593 1756 3671 Πλαραῖος
1810 3593 2000 3659 ἔθνος
2035 3595 2373 3672 Ἠπείρου.
2461 3594 2759 3669 λέγονται
2813 3595 2885 3658 δὲ
2928 3595 3030 3659 καὶ
3072 3593 3248 3658 Πλά-

663 3715 805 3774 ριοι.
894 3694 1302 3759 Ῥονδαῖος
1358 3694 1545 3759 ἔθνος
1591 3694 1921 3779 Θρᾳκικόν.
2012 3695 2490 3761 (ινδοναῖος
2547 3695 2825 3778 Θρᾴκιον
2883 3695 3104 3779 ἔθνος,
3161 3695 3250 3760 ὡς

662 3796 987 3861 Ἑκαταῖος
1042 3796 1113 3860 ἐν
1168 3795 1456 3879 Εὐρώπῃ.
1532 3796 2045 3876 Χωραμναῖος
2092 3797 2279 3862 ἔθνος
2333 3798 2647 3876 Περςικὸν
2702 3796 2945 3876 ἀγρίων
3002 3796 3249 3875 ἀνθρώ-

662 3919 823 3964 πων.
917 3896 1172 3976 Κτηςίας
1226 3897 1297 3961 ἐν
1340 3897 1676 3975 Περςικῶν
1734 3899 1979 3981 δεκάτῳ
2039 3900 2252 3964 «οὕτω
2309 3901 2380 3963 δὲ
2445 3900 2639 3979 ταχύς
2703 3899 2869 3965 ἐςτιν
2936 3899 2974 3964 6
3028 3898 3250 3977 ἄγριος

562 4011 628 4060 35
665 3999 1039 4082 ἄνθρωπος,
1088 3999 1179 4064 ὡς
1222 4001 1324 4064 καὶ
1367 4000 1617 4065 διώκων
1662 4000 1774 4064 τὰς
1820 4000 2067 4080 ἐλάφας
2111 4001 2674 4081 καταλαμβάνειν».
2730 4000 3130 4079 ςεςημείωται
3172 4001 3249 4065 τὸ

666 4101 966 4181 Ἀχαιός
1018 4102 1094 4165 τὸ
1151 4100 1403 4167 ἐθνικὸν
1460 4102 1560 4166 καὶ
1612 4103 1688 4167 τὸ
1749 4101 1972 4181 κύριον
2038 4101 2433 4181 ὀξυνόμενον
2499 4105 2601 4167 καὶ
2652 4102 2729 4167 τὸ
2775 4102 3252 4182 Ἐρυςίχαιος

663 4322 889 4375 οὐδαῖος
925 4325 1160 4388 apposui
1197 4329 1448 4374 monente
1486 4324 1766 4375 Lobeckio
1804 4321 2005 4373 Parall.
2042 4325 2140 4373 356
2177 4329 2291 4377 not.
2330 4325 2394 4375 67
2433 4341 2499 4373 ex
2536 4326 2598 4372 E
2637 4324 2708 4373 M.
2749 4327 2873 4385 539,
2916 4324 3006 4386 18,
3054 4323 3143 4373 ubi
3180 4323 3247 4372 de

665 4392 939 4457 scriptura
986 4391 1136 4442 vocis
1180 4391 1332 4455 κριός
1389 4394 1505 4458 agit
1550 4392 1906 4442 Herodianus
1950 4389 2101 4454 κριός
2147 4408 2254 4442 non
2302 4408 2336 4442 a
2382 4390 2546 4456 κέρας
2593 4390 2774 4456 κεριός
2832 4407 2929 4456 per
2972 4406 3248 4456 syncopen

665 4467 841 4510 ortum
878 4476 1000 4510 esse
1039 4462 1433 4524 pronuncians,
1473 4462 1691 4524 κεραῖος
1735 4458 1842 4523 γὰρ
1879 4457 2127 4521 ὤφειλεν
2172 4458 2317 4510 εἶναι
2363 4458 2442 4510 ὡς
2488 4458 2700 4523 κνέφας
2747 4462 3042 4522 κνεφαῖος,
3081 4456 3250 4509 οὖδας

663 4527 889 4580 οὐδαῑος
928 4527 1130 4578 collato
1168 4530 1229 4578 Ε.
1268 4530 1339 4578 Μ.
1379 4531 1495 4588 417,
1531 4533 1563 4578 3
1608 4530 1701 4578 ubi
1750 4527 1988 4582 traditur
2030 4526 2258 4592 δηναιός
2294 4529 2446 4588 aeui,
2494 4525 2590 4578 ἵνα
2627 4528 2701 4592 μὴ
2739 4529 2839 4593 ςχῇ
2885 4525 3072 4578 τύπον
3119 4540 3248 4590 κτη-

661 4596 835 4648 τικόν.
906 4595 975 4647 τὸ
1016 4594 1078 4647 δὲ
1120 4593 1310 4660 ἀραῖος
1354 4594 1468 4647 ἀπὸ
1511 4598 1615 4660 τῆς
1655 4593 1792 4659 ἀρᾶς
1835 4603 1896 4647 ut
1934 4596 1969 4646 l.
2007 4599 2032 4646 1
2078 4595 2111 4647 6
2155 4596 2228 4660 μὴ
2267 4595 2480 4647 πυκνός
2517 4613 2582 4646 ex
2620 4597 2866 4661 mnrgine
2904 4595 3023 4646 cod.
3062 4597 3108 4646 Α
3143 4595 3251 4644 huc

661 4666 864 4731 recepi.
937 4662 1129 4729 ἠβαιό(
1162 4661 1355 4713 addidi
1394 4679 1460 4714 ex
1497 4664 1559 4713 Ε.
1598 4665 1668 4713 Μ.
1704 4667 1820 4727 417,
1863 4667 1942 4726 15,
1981 4665 2073 4714 ubi
2113 4681 2251 4729 quae
2289 4664 2551 4729 leguntur
2588 4665 2619 4713 1.
2658 4668 2722 4716 ⁶29
2759 4661 2951 4727 ήβαιός
2991 4662 3249 4714 ὀξύνεται

660 4731 737 4785 ὡς
774 4732 1003 4798 γηραιός
1040 4730 1295 4798 δηναιός,
1331 4729 1426 4782 ἵνα
1463 4732 1538 4796 μὴ
1577 4730 1962 4796 βαρυνόμενον
1997 4735 2096 4798 ςχῇ
2136 4731 2404 4796 κτητικὸν
2440 4731 2624 4784 τύπον
2661 4731 2851 4796 ὥςπερ
2891 4730 3077 4796 Ῥώμη
3116 4729 3249 4782 Ῥω-

658 4804 818 4864 μαῖος
856 4817 965 4851 non
1001 4799 1308 4852 Herodiani
1344 4806 1488 4852 eunt.
1684 4800 1721 4853 1.
1759 4803 1788 4851 7
1827 4816 2092 4851 canonem
2130 4800 2351 4850 Arcadii
2385 4803 2468 4865 43,
2511 4804 2573 4853 18
2607 4801 2715 4852 huc
2755 4800 3087 4864 transposui.
3159 4796 3249 4850 Αί-

656 4872 811 4931 γαῑος
850 4898 911 4903 --
952 4867 1315 4933 Χωραμναῖος
1356 4884 1421 4918 ox
1460 4867 1539 4917 St.
1582 4870 1640 4917 B.
1684 4868 1876 4918 arnor-³.
2019 4869 2052 4921 1.
2093 4873 2158 4917 36
2198 4868 2264 4917 ad
2309 4866 2527 4933 Ἀχαιός
2565 4869 2752 4920 addidi
2789 4866 2859 4919 τὸ
2896 4865 3123 4919 ἐθνικὸν
3157 4867 3248 4917 καί
