3664 5546
1181 386 1340 441 Περι
1382 385 1775 442 κΑΘοΛικΗς
1810 384 2236 441 ΠΡοςΩιΔιΑς
2274 384 2346 438 ις.
2611 373 2615 377 ⁴
2928 381 3045 448 451

460 559 553 637 τῷ
596 555 630 615 ῑ
690 552 1026 633 βαρύνεται
1072 556 1460 621 καταείνω
1503 557 1580 621 τὸ
1635 558 1971 640 καλύπτω,
2030 556 2320 638 ὠδίνω,
2368 552 3056 642 ὀρίνω,’ἀλεείνω,

458 655 799 739 φαείνω,
862 656 1200 722 ἐλεείνω.
1288 659 1363 723 τὸ
1430 664 1724 738 χαλινῶ
1791 661 2200 740 περιςπᾶται,
2267 657 2366 721 ὅτι
2431 655 2565 734 ἔχει
2629 655 2708 719 τό
2771 654 3056 735 χαλινός,

462 757 674 836 ὥςπερ
717 759 821 822 καὶ
862 756 939 820 τό
984 766 1333 823 ταπεινῶ
1374 761 1450 825 τὸ
1496 763 1812 827 ταπεινός.

630 859 725 924 Τὰ
769 859 859 925 εἰς
904 863 1001 924 Vni}
1046 861 1187 939 μετ’
1231 861 1583 940 ἐπιπλοκῆς
1612 863 1966 943 ςυμφῶνου
2003 863 2414 944 περιςπᾶται,
2460 856 2714 941 ὑπνῶ,
2758 863 3057 943 πυκνῶ,

461 960 648 1026 ἱκνῶ
693 962 796 1025 καὶ
837 960 1161 1045 ἱκνοῦμαι,
1207 970 1457 1042 τεχνῶ
1502 966 1605 1029 καὶ
1646 969 2003 1047 τεχνῶμαι,
2057 967 2370 1044 ςκιδνῶ,
2428 960 2637 1026 ἰδνῶ.
2727 960 3057 1041 ςεςημείω-
3092 963 3127 1014 ⁶

461 1082 562 1126 ται
605 1064 682 1127 τὸ
727 1062 988 1127 δάκνω
1034 1065 1426 1148 βαρύτονον,
1473 1064 1635 1143 ὅπερ
1680 1064 1814 1130 ἀπὸ
1859 1068 1977 1130 τοῦ
2022 1064 2320 1140 δαγκάνω
2364 1063 2596 1138 γέγονε
2639 1063 2798 1127 κατὰ
2836 1083 3059 1140 ςυγκο-

462 1164 610 1242 πήν.
697 1163 778 1227 τὰ
820 1166 893 1228 δὲ
936 1164 1174 1244 ἔχοντα
1216 1167 1346 1244 πρὸ
1389 1170 1508 1231 τοῦ
1552 1168 1594 1230 ν
1635 1168 1712 1231 τὸ
1757 1169 1810 1244 'fi
1857 1165 2225 1247 βαρύνεται,
2283 1166 2478 1244 χωρὶς
2535 1164 2590 1228 εἰ
2635 1167 2717 1244 μὴ
2762 1163 2894 1229 ἀπὸ
2937 1163 3058 1227 δύο

466 1264 836 1345 ςυμφώνων
880 1266 1181 1348 ἄρχοιτο,
1239 1267 1279 1344 ἢ
1324 1265 1535 1346 ὄνομα
1578 1268 2049 1350 προκατάρχοι,
2106 1267 2382 1353 μίμνω,
2437 1266 2737 1349 κάμνω,
2790 1266 3059 1345 τέμνω.

377 1352 403 1365 “
462 1368 540 1431 τὸ
585 1368 659 1430 δὲ
702 1374 1023 1447 κρημνῶ
1067 1371 1475 1452 περιςπᾶται,
1522 1369 1618 1433 ὅτι
1665 1368 1798 1434 ἀπό
1844 1369 1965 1435 δύο
2012 1370 2378 1449 ςυμφώνων
2422 1367 2672 1447 ἤρξατο.

634 1468 729 1532 Τὰ
785 1469 891 1533 διὰ
943 1474 1061 1534 τοῦ
1118 1473 1257 1534 &Vm
1313 1470 1824 1551 ὑπερδιςύλλαβα
1883 1471 2249 1552 βαρύνεται,
2306 1468 2504 1533 ὁπότε
2559 1471 2872 1547 παρῆκται
2925 1465 3059 1533 ἀπὸ
3099 1470 3164 1524 10

470 1569 776 1649 ῥήματος·
834 1570 994 1650 αὐτὴ
1050 1573 1149 1636 δὲ·
1179 1572 1219 1650 ἡ
1274 1572 1381 1636 διὰ
1435 1575 1553 1636 τοῦ
1599 1576 1739 1636 ἇΐῶ
1793 1572 2150 1650 παραγωγὴ
2196 1571 2316 1635 οὐκ
2371 1570 2503 1650 ἔχει
2547 1571 2692 1635 κατ’
2738 1569 2943 1649 ἀρχὴν
2985 1570 3063 1634 τὸ

463 1674 497 1734 ἶ
542 1671 962 1751 ἐκτεταμένον
1016 1673 1122 1737 διὰ
1164 1673 1251 1737 τό
1286 1666 1464 1752 ’ἴςχω
1522 1672 1765 1751 ἰχανῶ
1820 1673 1860 1751 ἢ
1917 1673 2035 1751 τὴν
2079 1676 2135 1736 ε“ι
2189 1674 2550 1752 δίφθογγον
2604 1672 2710 1736 διὰ
2752 1672 2829 1736 τό
2874 1671 3063 1736 δείκω

467 1775 544 1839 τό
607 1774 879 1838 δεικνύω
945 1774 1049 1837 καὶ
1112 1779 1466 1839 δεικανῶ.
1567 1775 1905 1854 βαρύνεται
1969 1775 2040 1838 δὲ
2103 1777 2336 1856 ταῦτα,
2403 1774 2602 1838 λείπω
2669 1773 3062 1855 λιμττάνω,

472 1876 647 1955 λήβω
692 1874 1095 1958 λαμβάνω,
1140 1876 1321 1954 μήθω
1351 1876 1758 1959 μανθάνω,
1806 1875 1981 1953 λήθω
2015 1874 2416 1957 λανθάνω,
2461 1876 2635 1954 δήκω
2666 1875 3062 1957 δαγκάνω,

471 1976 696 2056 φεύγω
726 1976 1133 2060 φυγγάνω,
1168 1976 1326 2041 οίδῶ
1357 1976 1656 2042 οἰδάνω
1702 1976 1990 2043 «οἰδάνει
2022 1976 2093 2041 ἐν
2126 1977 2401 2054 ςτήθεςςι
2445 1976 2650 2041 νόον»
2696 1972 2800 2057 (Il.
2836 1976 2851 2040 Ι
2883 1973 3061 2058 554),
3101 1981 3165 2033 15

473 2078 526 2160 ᾧ
582 2078 810 2156 ὅμοιον
865 2078 969 2142 καὶ
1021 2077 1097 2142 τὸ
1154 2078 1467 2143 κυδάνω
1522 2079 1609 2161 (Ξ
1654 2077 1766 2160 73)
1819 2078 2042 2144 καὶτὸ
2089 2077 2400 2157 μελάνω
2444 2077 2526 2160 (Η
2571 2075 2700 2158 64).
2788 2076 3064 2159 ἱκάνω,

470 2180 794 2262 κιχάνω,
852 2177 893 2241 ἃ
936 2177 1183 2255 ἄλογον
1227 2164 1467 2259 ἔχοντα
1518 2182 1637 2245 τόν
1680 2184 1947 2258 πρῶτον
1992 2179 2237 2259 χρόνον
2291 2182 2410 2244 τοῦ
2460 2177 2760 2256 ἀορίςτου
2805 2178 3065 2243 ἐκτείνει

467 2281 586 2345 τόν
640 2268 963 2358 δεύτερον.
1050 2285 1484 2359 περιςπῶνται
1540 2282 1612 2345 δέ
1663 2281 1746 2345 τὰ
1802 2281 2259 2359 διπλαςιαςμὸν
2314 2279 2645 2359 πάςχοντα
2697 2283 3065 2357 γαγγανῶ

467 2382 545 2447 τό
587 2381 876 2460 ταράςςω
930 2380 1032 2446 καὶ
1085 2402 1189 2446 πα
1201 2386 1481 2462 μφανῶ
1525 2383 1565 2462 ἢ
1621 2381 1821 2447 ὁπότε
1877 2381 2010 2447 ἀπὸ
2066 2382 2387 2460 ὀνόματος
2432 2381 2724 2463 ἐγένετο,
2781 2380 3061 2460 κυρκάνη

469 2488 830 2562 κυρκανῶ
872 2483 951 2546 τὸ
995 2487 1283 2565 θορυβῶ,
1327 2483 1581 2561 δαπάνη
1629 2488 1984 2566 δαπανῶ,
2029 2484 2277 2563 μηχανή
2323 2488 2680 2566 μηχανῶ,
2741 2482 3063 2562 ςτὲφανος
3098 2490 3169 2542 20

473 2588 864 2667 ςτεφανῶ,
911 2581 1171 2663 λίβανος
1215 2587 1539 2669 λιβανῶ,
1583 2586 1864 2665 μέλανος
1910 2587 2246 2665 μελανῶ.

641 2684 737 2749 T&
780 2684 870 2748 εἰς
910 2687 1009 2763 ῥῶ
1037 2687 1536 2766 παραληγόμενα
1564 2688 1912 2766 φωνήεντα
1956 2689 1998 2750 ἇ
2026 2686 2079 2764 ’ἢ
2115 2689 2156 2765 ἦ
2185 2688 2225 2765 ἢ
2270 2690 2327 2750 ὦ
2370 2690 2777 2771 περιςπᾶται,
2833 2690 3064 2785 κηρῶ,

474 2788 779 2870 πληρῶ,
823 2792 1067 2872 γηρῶ,
1111 2792 1349 2870 τηρῶ,
1395 2788 1570 2867 ὠρῶ
1612 2788 1689 2852 τό
1735 2789 2078 2872 φυλάττω,
2122 2793 2453 2868 τιμωρῶ.
2541 2789 2943 2868 ςεςημείωται
2987 2789 3065 2853 τὸ

475 2888 638 2967 ἄρω
683 2888 1043 2969 βαρύτονον
1084 2890 1164 2954 τὸ
1209 2888 1467 2968 ἁρμόζω
1510 2891 1550 2968 ἢ
1594 2890 1671 2954 τό
1718 2891 2022 2971 λαμβάνω
2065 2891 2168 2955 καὶ
2210 2889 2640 2970 ἀποφέρομαι.
3099 2967 3110 2974 ⁴

634 2983 738 3053 Τὰ
782 2989 871 3054 εἰς
913 2994 1011 3068 ’ρ“ω“
1054 2992 1556 3070 παραληγόμενα
1599 2998 1692 3074 τῷ
1735 2994 1769 3056 ἐ’
1811 2993 1916 3056 καὶ
1959 2992 2297 3072 βαρύνεται
2351 2992 2455 3056 καὶ
2496 2995 2889 3069 περιςπᾶται.
2962 2991 3066 3056 καὶ
3101 3000 3168 3052 25

399 3155 409 3166 ,
473 3095 847 3169 περιςπᾶται
901 3094 1049 3176 μέν,
1105 3092 1303 3156 ὁπότε
1358 3091 1490 3170 ἔχει
1544 3094 1893 3172 πληςιάζον
1949 3093 2148 3172 ψιλόν
2198 3099 2291 3177 τῷ
2346 3094 2411 3174 ἒ,
2467 3097 2665 3171 κερῶ
2723 3095 2801 3158 τὸ
2845 3097 3063 3177 κιρνῶ,

475 3193 713 3277 περῶ,
779 3199 1073 3277 πτερῶ,
1140 3199 1400 3272 ςτερῶ.
1508 3197 1591 3275 μὴ
1660 3195 1870 3260 οὕτως
1936 3196 2008 3259 δὲ
2073 3194 2311 3274 ἔχοντα
2378 3194 2749 3279 βαρύνεται,
2795 3186 3062 3277 ’δέρω,

477 3294 708 3373 φέρω.
794 3295 872 3359 τὸ
916 3294 1071 3375 ἐρῶ
1115 3298 1490 3374 περιςπᾶται
1532 3294 1667 3360 ἀπὸ
1711 3297 2091 3376 φωνήεντος
2133 3295 2516 3378 ἀρχόμενον.

475 3415 877 3424 ——-—.-.--.—.—-.—

614 3481 650 3532 l.
690 3485 717 3531 1
764 3497 862 3548 pro
908 3480 1044 3534 εἴνω
1091 3483 1287 3549 scripsi
1332 3480 1614 3536 καταείνω
1660 3489 1891 3550 propter
1932 3484 2450 3550 interpretationem
2492 3499 2527 3534 a
2571 3483 2796 3535 Lasear.
2836 3484 2935 3535 174
3001 3484 3066 3534 14

476 3548 548 3600 τὸ
597 3548 899 3616 καλύπτω,
948 3565 1089 3617 quae
1132 3566 1222 3618 ap.
1261 3551 1458 3601 Aread.
1504 3552 1738 3615 excidit,
1786 3559 2066 3603 servatam
2112 3567 2315 3603 memor
2359 3551 2426 3604 11.
2471 3549 2522 3603 Ψ
2569 3555 2666 3603 135
2711 3551 2850 3615 θριξὶ
2896 3565 2930 3600 ν
2962 3565 3065 3602 κυν

479 3613 813 3668 καταείνυον
850 3622 906 3667 et
942 3618 1395 3682 hastath-1925,
1433 3620 1499 3669 27
1545 3617 1623 3669 ἔω
1672 3617 1788 3671 ἔνω
1835 3617 1972 3671 εἵνω
2016 3619 2087 3671 τὸ
2135 3617 2437 3683 καλύπτω,
2488 3616 2557 3670 οὗ
2603 3617 2949 3684 παραγωγὸν
2993 3616 3064 3670 τὸ

479 3682 668 3736 εἱνύω.
717 3685 902 3738 iacobi
935 3685 1207 3737 Lobeekii
1240 3687 1430 3737 Rhem.
1460 3689 1557 3738 125
1594 3688 2034 3738 emendationem
2070 3685 2309 3739 ἀλεείνω
2338 3693 2524 3739 tuetur
2551 3687 2815 3752 Hesychii
2849 3687 3065 3752 glossa:

477 3750 759 3816 ὰλεάζειν,
787 3751 1135 3817 κρύπτειν.
1187 3753 1224 3818 ἢ
1259 3752 1611 3818 προβάλλειν.
1654 3754 1690 3819 ἢ
1716 3752 1936 3820 εἴργειν.
1981 3753 2405 3822 θερμαίνειν,
2442 3752 2757 3819 ἀφανίζειν,
2796 3754 2894 3805 sed
2920 3753 3066 3820 quod

478 3820 547 3872 de
585 3820 899 3884 significatu
933 3822 1090 3872 verbi
1124 3819 1376 3874 ἀλεάζειν
1408 3823 1501 3872 hie
1542 3822 1795 3889 docetur,
1834 3838 1942 3873 non
1980 3823 2047 3875 de
2084 3820 2322 3875 ἀλεείνω
2359 3822 2626 3873 traditum
2665 3828 2771 3874 eet.
2825 3819 3064 3874 ἀλεείνω

475 3914 545 3924 -
567 3884 798 3939 ἐλεείνω
835 3893 1022 3954 recepi
1057 3904 1125 3938 ex
1159 3889 1407 3956 Theogn.
1435 3892 1549 3952 144,
1574 3893 1659 3942 33.
1799 3891 1835 3941 1.
1865 3894 1924 3942 11
1963 3907 2062 3958 pro
2089 3889 2372 3957 κατάρχον
2398 3890 2598 3958 scripsi
2617 3905 2736 3941 oum
2763 3889 3067 3940 Schmidtio

477 3955 538 4006 in
585 3971 908 4022 programm.
944 3955 1230 4008 &edinenffl
1281 3973 1333 4023 p.
1371 3959 1432 4007 21
1484 3958 1617 4008 κατ’
1651 3955 1830 4023 ἀρχὴν
1877 3964 1934 4009 et
1981 3960 2172 4011 eodem
2217 3968 2474 4011 monente
2519 3957 2711 4008 addidi
2756 3956 2792 4007 1.
2831 3959 2895 4006 12
2939 3962 3066 4022 post

476 4020 614 4087 ῐςχω
654 4020 859 4089 ίχανῶ,
900 4039 1025 4074 nam
1065 4024 1418 4076 Herodianus
1464 4025 1877 4093 productionem
1923 4028 2132 4078 vocalis
2176 4041 2193 4077 ι
2232 4027 2327 4078 elli
2370 4027 2418 4077 ei
2453 4026 2647 4076 literae
2682 4025 2718 4075 ἴ
2762 4021 2908 4074 efflei
2943 4038 3064 4073 ere-

479 4091 691 4142 didisse
728 4092 977 4155 videtur,
1012 4092 1062 4143 si
1098 4092 1291 4143 Choer.
1328 4093 1584 4159 Orthogr.
1630 4109 1683 4160 p.
1719 4097 1818 4144 222
1855 4094 2139 4145 conferas:
2189 4045 2399 4158 txavfw
2439 4093 2541 4158 (sie
2580 4090 2931 4142 scribendum
2966 4106 3065 4156 pro

478 4155 716 4223 ίχανόω)
754 4155 970 4222 ίχανάω
1005 4158 1081 4223 ἦν
1115 4159 1207 4210 καί
1241 4158 1335 4211 ἐπὶ
1371 4162 1443 4226 τῇ
1480 4159 1663 4228 ἐνδείᾳ
1697 4163 1804 4213 τοῦ
1841 4163 1871 4214 ἓ
1915 4159 2206 4213 ἐκτέταται
2242 4160 2312 4211 τὸ
2349 4164 2398 4212 ῖ.
2444 4161 2671 4211 verbum
2709 4155 2908 4221 ίχανᾱν
2984 4173 3068 4208 ro·

477 4227 591 4277 fert
638 4227 806 4277 etiam
849 4227 1069 4292 Stepb„
1119 4232 1182 4277 ut
1228 4229 1399 4292 solet,
1454 4244 1521 4282 ex
1577 4229 1779 4280 Herod.
1826 4245 1868 4280 s.
1913 4227 2128 4291 Ἴχαναε
2179 4226 2375 4291 ίχανᾶν
2420 4226 2490 4279 τὸ
2526 4224 2831 4288 ἐπιθυμεῖν.
2901 4225 2934 4276 λ
2978 4225 3063 4276 θω

477 4292 743 4346 λανθάνω
783 4309 851 4345 ex
885 4294 1077 4347 Diehr.
1112 4296 1239 4353 286,
1282 4298 1359 4348 18.
1397 4322 1462 4333 -
1499 4296 1571 4346 ad
1606 4294 1816 4347 οἰδάνω
1855 4297 2088 4362 apposui
2131 4297 2303 4346 verba
2341 4295 2634 4346 Homerica
2681 4310 2747 4344 ex
2784 4292 2850 4343 11.
2890 4294 2984 4344 Pr.
3018 4291 3066 4346 Ξ

477 4363 568 4413 73:
604 4360 855 4414 κυδάνειτ
896 4361 1310 4428 βαρυτονητέον
1343 4362 1551 4427 ὁροίως
1595 4367 1683 4429 τῷ
1719 4359 1970 4415 «οἰδάνει
2017 4361 2078 4414 ἐν
2122 4362 2407 4426 ςτήθεςςιν
2452 4361 2654 4425 νόον»,
2699 4359 2850 4411 unde
2898 4355 3064 4411 eiiam

478 4429 658 4481 adieci
702 4428 959 4494 κυδάνω,
1008 4435 1065 4480 et
1102 4428 1330 4493 μελάνει
1366 4448 1432 4482 ex
1470 4432 1535 4486 ΙΙ,
1574 4432 1661 4480 Pr.
1703 4430 1743 4482 Η
1782 4432 1850 4480 64
1896 4429 2146 4493 μελάνειτ
2194 4427 2275 4481 ώς
2311 4428 2519 4482 οἰδάνει
2567 4427 2599 4479 ό
2638 4425 3067 4493 Ἀςκαλωνίτης.

477 4494 538 4547 ἐκ
572 4495 681 4562 γὰρ
712 4497 820 4549 τοῦ
855 4497 1130 4562 μελαίνει,
1168 4495 1363 4564 φηςίν,
1398 4496 1584 4563 ἐνδείᾳ
1616 4500 1723 4548 τοῦ
1758 4499 1793 4548 ῖ
1827 4495 2069 4558 ἐγένετο.
2105 4523 2168 4532 -
2206 4494 2410 4563 ίκάνω,
2449 4494 2661 4560 κιχάνω
2709 4501 3066 4547 accesserunt

478 4579 547 4614 ex
580 4565 767 4616 Diehr.
805 4565 840 4616 1.
882 4583 956 4621 e.:
991 4564 1065 4617 τὰ
1101 4565 1190 4617 διὰ
1224 4567 1329 4617 τοῦ
1366 4567 1488 4617 &Vn-s
1524 4564 1749 4629 ῥήματα
1783 4563 1894 4615 ὑπέ
1973 4564 2073 4616 δύο
2119 4563 2393 4628 ςυλλαβὰς
2437 4563 2794 4629 βαρυνόμενα
2839 4561 2952 4628 ἔχει
2994 4562 3065 4615 τὸ

478 4632 516 4682 ἃ
550 4632 1018 4698 ςυνεςταλμένον,
1056 4632 1348 4699 λιμπάνω,
1396 4631 1693 4697 μανθάνω,
1730 4631 1871 4683 λανθ
1914 4645 2027 4696 νω,
2074 4630 2358 4695 λαμβάνω.
2426 4631 2497 4682 τὸ
2535 4630 2723 4695 μέντοι
2758 4629 2938 4683 ἱκάνω
2975 4631 3066 4683 καὶ

479 4698 689 4763 κιχάνω
724 4700 934 4764 άλογον
967 4700 1173 4766 ἔχοντα
1209 4702 1329 4753 κτλ.
1398 4700 1718 4763 παμφανῶ,
1755 4700 1901 4764 quod
1937 4703 2064 4753 Are.
2101 4700 2159 4750 in
2194 4699 2301 4750 fine
2337 4701 2564 4752 canonis
2600 4699 2795 4751 habet:
2841 4698 3066 4751 τούτοις

478 4766 676 4830 ὅμοιον
711 4769 802 4820 καί
835 4768 907 4820 τὸ
946 4771 1239 4833 παμφανῶ
1277 4770 1442 4820 Lase.
1470 4767 1606 4816 duee
1644 4769 1759 4831 174,
1784 4767 1851 4817 26
1889 4767 2022 4832 μεθ’
2046 4764 2132 4817 ὧν
2154 4767 2245 4818 καὶ
2269 4767 2341 4819 τὸ
2367 4769 2659 4832 παμφανῶ
2684 4767 2778 4819 καὶ
2796 4767 3066 4832 γαγγανῶ

478 4834 549 4886 τὸ
584 4835 865 4906 ταράςςω,
904 4853 1023 4888 eum
1061 4838 1329 4900 γαγγανῶ
1369 4838 1669 4900 composui.

2529 4919 2661 4990 29*
2704 4911 2712 4924 ’
