3664 5546
638 369 765 437 412
1576 370 1658 426 εκ
1696 370 1837 424 ‘scm
1880 370 2290 425 ΗΡΩΔιΑΝοΥ

636 545 803 623 μήτιι
859 544 1035 623 μήτι
1093 543 1275 622 «μήτι
1328 543 1384 606 δ’
1426 542 1688 620 ἡνίοχος
1746 541 2172 619 περιγίγνεται
2234 540 2569 619 ἡνιόχοιο»
2631 540 2718 621 (Ψ
2772 538 2943 621 318).
3030 540 3132 605 καὶ
3184 542 3225 620 ἡ

636 649 814 722 ςπῆϊ
859 646 930 709 δὲ
975 646 1190 722 δοτικὴ
1237 643 1383 709 οἷον
1430 642 1617 722 «εὗρε
1664 643 1719 706 δ’
1763 642 1834 708 ἐν
1881 645 2068 720 ςπῆῖ»
2115 641 2198 724 (Ω
2228 640 2338 723 83)
2375 641 2951 721 προπεριςπωμένη
2996 643 3098 707 καὶ
3142 643 3224 722 μὴ

636 745 990 825 ὀξυνομένη
1048 746 1167 811 οὐκ
1221 746 1555 810 ἀντίκειται
1609 745 1791 827 ἡμῖν,
1858 743 2076 822 ἐπειδὴ
2134 743 2236 807 καὶ
2290 743 2449 822 αὕτη
2504 743 2666 821 ὑπὲρ
2732 743 2852 808 δύο
2909 744 3224 824 ςυλλαβάς

634 847 759 911 ἑςτι
804 847 1099 928 δυνάμει,
1145 846 1286 912 ἀλλ’
1329 846 1369 924 ἡ
1416 846 1760 924 ςυναίρεςις
1803 845 1969 909 αἰτία
2009 845 2240 921 γέγονε
2284 848 2395 922 τῆς
2439 844 2856 924 διςυλλαβίας.
2922 842 3055 910 ἀπὸ
3099 846 3223 924 γὰρ

559 958 592 1007 5
636 951 753 1013 τοῦ
799 949 991 1013 ςπέος
1028 949 1252 1014 ςπέεος
1287 948 1460 1014 ςπὲεῑ
1494 949 1653 1012 κατὰ
1684 949 1901 1025 κρᾶςιν
1945 951 2076 1011 τῶν
2122 946 2241 1010 δύο
2285 949 2352 1010 ἐἶ
2379 945 2469 1011 εἰς
2499 948 2538 1024 ἦ
2570 946 2983 1030 γέγονε,ςπῆϊ
3010 946 3221 1026 ὥςπερ

632 1051 1012 1129 Ἠρακλέεος
1055 1050 1411 1129 Ἡρακλῆος
1457 1052 1706 1127 «τεῖχος
1750 1048 1818 1113 ἐς
1862 1047 2223 1127 ἀμφίχυτον
2268 1047 2622 1127 Ἡρακλῆος
2675 1047 2875 1113 θείοιο
2921 1049 3007 1131 (Υ
3055 1048 3220 1130 145).

801 1151 1074 1231 Ὁμοίως
1119 1152 1218 1216 καὶ
1262 1150 1326 1215 αἱ
1370 1151 1630 1231 μετοχαὶ
1676 1151 2060 1230 βαρύνονται
2106 1148 2369 1214 ςτάντι
2427 1153 2675 1232 ςτᾶςι,
2733 1150 2953 1215 δόντι
3000 1154 3219 1215 δοῦςι

632 1253 733 1318 καὶ
777 1253 881 1318 ἐπὶ
924 1253 1188 1319 πάντων
1233 1252 1487 1332 ὁμοίως.
1577 1252 1616 1330 ἡ
1673 1252 1745 1315 δὲ
1799 1254 1979 1315 πᾶςι
2036 1251 2527 1331 βεβαρυτόνηται
2585 1252 2675 1316 ως
2731 1254 3063 1330 μετοχικῆς
3113 1272 3218 1316 τυ-

632 1359 834 1435 χόῡςα
877 1354 1258 1437 ἀναλογίας,
1301 1353 1378 1433 ἧς
1424 1354 1634 1432 ἔχεται
1678 1353 1781 1416 καὶ
1823 1352 2114 1419 Φθάντι
2159 1353 2262 1416 καὶ
2303 1353 2558 1419 Φθᾶςι.

535 1465 600 1514 10
802 1457 1012 1523 Πάλιν
1047 1455 1366 1533 γυναικί
1399 1455 1502 1519 καὶ
1534 1453 1856 1532 θυγατρί
1887 1458 2303 1533 ςημειοῡνται.
2347 1454 2629 1520 καθόλου
2650 1454 2774 1534 γὰρ
2804 1457 2973 1519 πᾶςα
3003 1456 3218 1533 δοτικὴ

634 1558 1043 1639 ἰςοςύλλαβος
1095 1564 1171 1642 τῇ
1229 1557 1353 1642 ἰδίᾳ
1410 1563 1626 1639 γενικῇ
1681 1557 1784 1620 καὶ
1844 1557 1960 1620 τὸν
2026 1554 2224 1620 αὐτὸν
2280 1556 2411 1634 ἔχει
2466 1557 2663 1623 τόνον
2720 1560 2920 1621 καλοῦ
2975 1560 3219 1639 καλῷ,

633 1661 854 1742 φωτός
907 1659 1119 1741 φωτί.
1207 1658 1262 1723 εἰ
1316 1658 1436 1723 οὖν
1489 1650 1581 1724 τὸ’
1618 1657 1919 1734 γυναικός
1982 1657 2086 1721 καὶ
2149 1658 2461 1735 θυγατρός
2518 1657 2891 1739 ὀξύνονται,
2958 1656 3218 1722 εἰκότως

633 1763 758 1842 ἄρα
800 1763 904 1826 καὶ
944 1758 1195 1826 τούτων
1239 1759 1480 1824 δοτικαὶ
1521 1758 1884 1825 ὀξύνονται·
1930 1758 2116 1824 ἔνθεν
2156 1759 2258 1823 καὶ
2300 1760 2376 1825 τὸ
2419 1758 2595 1825 τίνος
2638 1760 2740 1824 καὶ
2779 1760 2975 1824 τίνων
3019 1758 3218 1823 ὁπότε

632 1865 1030 1943 πυςματικῶς
1086 1861 1499 1944 βαρύνονται,
1555 1860 2016 1940 ςυμβαρύνουςι
2072 1861 2175 1925 καὶ
2227 1861 2343 1940 τὴν
2389 1862 2645 1939 δοτικὴν
2685 1859 2844 1926 τίνι
2890 1861 2992 1925 καὶ
3055 1861 3215 1927 τίςι.

532 1972 598 2023 15
633 1966 741 2032 ὅτε
786 1966 858 2031 δέ
902 1964 1065 2029 ἐςτιν
1110 1962 1439 2045 ἀόριςτον,
1492 1961 1782 2029 ὀξύνεται
1826 1963 1932 2028 καὶ
1975 1962 2302 2030 ςυνοξύνει
2345 1965 2461 2042 τὴν
2506 1963 2781 2041 δοτικήν.
2854 1961 3215 2042 πρόςκειται

632 2068 1125 2146 «ἰςοςύλλαβος»
1173 2065 1277 2130 διὰ
1321 2064 1396 2129 τὸ
1440 2063 1684 2142 παχέος
1727 2067 1992 2146 παχεῖ,
2037 2063 2171 2142 ἥτις
2214 2064 2319 2128 διὰ
2363 2065 2478 2143 τὴν
2524 2063 2873 2142 ςυναίρεςιν
2926 2063 3045 2128 οὐκ
3089 2062 3214 2128 ἰςο-

631 2171 928 2249 ςυλλαβεῖ
968 2173 1044 2251 τῇ
1090 2172 1321 2249 γενικῇ.
1385 2166 1463 2231 τὸ
1510 2166 1582 2230 δὲ
1626 2166 1858 2243 παχὲῑ
1882 2154 2312 2246 ’ἰςοςυλλαβεὶζ
2385 2168 2484 2231 δεῖ
2528 2166 2600 2231 δὲ
2643 2163 3215 2245 παραφυλάξαςθαι

627 2272 706 2336 τὸ
752 2270 857 2335 «οἱ
901 2271 1016 2349 μὲν
1060 2268 1296 2333 πάντες
1341 2267 1430 2352 ἰῷ
1473 2266 1612 2333 κίον
1657 2267 1842 2347 ἤματι
1875 2266 2092 2332 Ἄϊδος
2136 2266 2326 2332 εἴςω»
2371 2267 2456 2348 (Ζ
2493 2265 2675 2348 422)·
2731 2266 2837 2332 ἰὀν
2880 2267 3004 2346 γάρ
3049 2266 3214 2331 ἐςτιν

626 2374 666 2451 ἡ
712 2372 930 2437 εὐθεῖα
973 2371 1076 2435 καὶ
1117 2370 1156 2447 ἡ
1201 2370 1418 2447 γενικὴ
1461 2367 1569 2433 ἴου
1598 2367 2087 2451 παροξυτόνως,
2131 2369 2171 2447 ἡ
2218 2370 2289 2433 δὲ
2322 2371 2538 2448 δοτικὴ
2585 2368 2662 2453 ἰῷ
2701 2368 3215 2448 περιςπωμένως.

526 2481 596 2534 20
631 2474 721 2539 ὡς
764 2474 888 2553 γὰρ
933 2478 1117 2556 ςοφῷ
1158 2470 1558 2550 Ἀρίςταρχος
1601 2471 1705 2534 καὶ
1747 2469 2170 2549 ἐπεκράτηςεν
2214 2469 2413 2534 αὐτοῦ
2457 2470 2497 2548 ἡ
2542 2467 2922 2546 ἀνάγνωςις·
2968 2471 3214 2549 μήποτε

629 2575 781 2657 οὖν,
837 2575 976 2639 ἐπεὶ
1029 2573 1132 2639 καὶ
1174 2574 1251 2639 τὸ
1297 2572 1357 2655 ἰῇ
1398 2572 1508 2637 ἐπὶ
1550 2573 1804 2649 δοτικῆς
1848 2572 2253 2656 περιέςπαςε,
2310 2575 2736 2652 ςυνεξομοιῶν
2789 2578 2881 2656 τῷ
2934 2574 3053 2636 τοῦ
3101 2576 3212 2650 θη-

628 2680 826 2741 λυκοῢ
878 2676 1053 2760 τόνῳ
1108 2674 1269 2740 κατὰ
1322 2675 1439 2752 τὴν
1495 2672 1695 2752 αὐτὴν
1750 2677 1991 2739 πτῶςιν
2034 2673 2138 2737 καὶ
2189 2674 2266 2738 τὸ
2313 2672 2660 2752 οὐδέτερον
2705 2672 2912 2738 οὕτως
2957 2671 3213 2751 ἀνέγνω

626 2778 975 2858 ὁμοτόνως.
1070 2777 1335 2843 Τούτων
1395 2773 1515 2841 οὖν
1573 2776 1781 2842 οὕτως
1847 2776 2135 2855 ἐχόντων
2193 2779 2307 2855 τῆς
2361 2775 2727 2854 Τυνδάρεος
2793 2775 3040 2841 εὐθείας
3097 2778 3212 2854 τῆς

628 2881 733 2946 διὰ
786 2884 903 2945 τοῦ
958 2883 992 2944 ἐ’
1047 2881 1149 2944 καὶ
1201 2881 1238 2942 ὃ
1284 2877 1323 2957 ἡ
1378 2879 1595 2958 γενικὴ
1640 2877 2012 2957 Τυνδαρέου
2068 2878 2193 2942 ἑςτὶ
2247 2876 2734 2959 παροξυτόνως,
2791 2875 2957 2941 ἀλλὰ
3011 2877 3114 2940 καὶ
3169 2878 3210 2956 ἡ

524 2987 590 3040 25
627 2981 844 3061 δοτίκὴ
899 2981 1137 3062 ὁμοίως
1189 2987 1265 3065 τῇ
1320 2985 1537 3063 γενικῇ
1582 2979 2002 3062 Τυνδαρέῳ
2058 2979 2185 3044 ἑςτὶ
2226 2979 2696 3057 παροξυτόνως.
2785 2978 2944 3044 ὅταν
2989 2979 3060 3043 δὲ
3101 2978 3208 3054 γέ·

623 3104 808 3163 νηται
862 3083 1154 3148 Ἀττικῶς
1205 3081 1245 3160 ἡ
1300 3081 1521 3146 εὐθεῖα
1575 3082 1680 3146 διὰ
1733 3084 1853 3146 τοῦ
1907 3084 1942 3147 ἒ
1994 3082 2115 3145 καὶ.
2150 3086 2202 3144 iss
2258 3079 2641 3160 Τυνδάρεως
2697 3080 2788 3145 ὡς
2843 3079 3205 3162 Μενέλεως,

622 3184 772 3249 τότε
814 3182 1367 3263 προπαροξύνεται
1410 3184 1450 3262 ἡ
1493 3184 1708 3261 γενικὴ
1748 3183 1852 3246 καὶ
1892 3183 1932 3262 ἡ
1979 3182 2194 3261 δοτικὴ
2235 3180 2475 3262 ὁμοίως
2517 3180 2662 3248 οἷον
2704 3185 2820 3247 τοῦ
2859 3180 3206 3260 Τυνδάρεω

623 3292 715 3369 τῷ
759 3285 1175 3368 Τυνδάρεῳ
1220 3283 1430 3363 ὥςπερ
1472 3288 1590 3350 τοῦ
1638 3284 1944 3350 Μενέλεω
1987 3291 2080 3368 τῷ
2126 3284 2517 3368 Μενέλεῳ.

758 3387 920 3450 -Ἔτι
964 3385 1029 3450 αἱ
1071 3385 1163 3451 εἰς
1203 3389 1238 3449 ῖ
1292 3385 1795 3466 ἐκφωνούμενον
1855 3386 2157 3464 λήγουςαι
2212 3386 2374 3465 ὑπὲρ
2431 3384 2550 3451 δύο
2596 3385 2911 3466 ςυλλαβὰς
2952 3383 3207 3450 ἀςυναί-

523 3495 591 3548 30
625 3509 796 3568 ρετοι
841 3486 1037 3552 ἑνικαί
1080 3507 1148 3551 τε
1193 3488 1296 3551 καὶ
1330 3489 1742 3568 πληθυντικαὶ
1787 3488 2199 3568 βαρύνονται·
2244 3486 2413 3552 ἀλλὰ
2455 3486 3057 3566 προπαροξύνονται
3089 3488 3206 3565 μὲν

624 3590 689 3654 αἱ
734 3587 864 3653 ἀπὸ
912 3588 1286 3668 βαρυτόνων
1330 3588 1598 3656 εὐθειῶν
1637 3588 1790 3653 Αἴας
1820 3588 2092 3662 Αἴαντος
2135 3588 2405 3654 Αἴαντι
2452 3588 2704 3671 Αἴαςι,
2749 3587 2915 3667 ἔρως
2961 3587 3207 3667 ἔρωτος

756 3811 792 3862 l.
830 3813 963 3863 ''l—9
997 3807 1298 3874 ἀναλογίας
1322 3811 1401 3862 Io.
1426 3811 1511 3863 AJ.
1542 3814 1620 3873 11,
1645 3814 1695 3874 2,
1730 3812 1826 3861 ubi
1864 3810 2009 3876 quod
2044 3809 2248 3875 legitur
2284 3812 2525 3875 μετοχῆς
2558 3811 2772 3861 mutavi
2796 3812 2853 3860 in
2879 3811 3203 3874 μετοχικῆς;

622 3879 797 3930 verba
828 3876 895 3941 ἦς
933 3877 1117 3941 ἔχεται
1156 3907 1217 3914 -
1256 3877 1430 3931 Φθᾶςι
1468 3880 1586 3945 ipse
1624 3880 1860 3944 apposui
1898 3894 1964 3929 ex
2000 3877 2308 3929 Herodiani
2343 3880 2650 3940 sententia,
2690 3892 2828 3942 quae
2863 3880 2918 3929 in
2956 3878 3205 3929 doctrina

623 3945 691 3996 de
729 3948 987 4012 genetivo
1022 3948 1241 4013 prolata
1279 3953 1388 4008 est,
1427 3946 1865 3998 Choeroboscum
1889 3963 1941 4012 p.
1965 3948 2083 4010 417,
2110 3948 2177 3996 24
2214 3950 2273 3995 et
2305 3947 2426 4007 462,
2452 3948 2518 3998 25
2552 3952 2792 3997 secutus,
2927 3945 2964 3995 1.
3005 3948 3204 3996 10-15

620 4013 730 4077 τὴν
765 4013 993 4078 δοτικήν
1040 4030 1108 4066 ex
1143 4017 1222 4069 Ῑο.
1257 4015 1346 4068 Al.
1383 4015 1607 4065 insertis
1652 4014 1688 4067 1.
1729 4017 1789 4065 11
1828 4013 2099 4079 exemplis
2141 4014 2317 4065 καλοῦ
2365 4015 2521 4080 καλῷ
2564 4012 2763 4077 φωτός
2806 4009 2962 4078 φωτί
3005 4013 3204 4078 quibus

622 4098 800 4133 canon
835 4083 1003 4133 etiam
1045 4084 1103 4133 in
1148 4083 1367 4134 nomina
1401 4083 1428 4132 Ι
1463 4087 1522 4132 et
1555 4083 1612 4133 11
1655 4081 2048 4133 declinationis
2083 4080 2428 4144 extenditur,
2473 4083 2698 4132 insertis
2735 4098 2803 4133 ex
2837 4083 2959 4131 Are.
3001 4083 3112 4143 129,
3157 4084 3201 4133 1.

619 4177 688 4186 —
724 4150 757 4200 1.
794 4153 858 4201 15
895 4150 1215 4214 πρόςκειται
1249 4176 1314 4185 -
1353 4149 1387 4199 l.
1429 4151 1490 4201 1‘1
1529 4147 1870 4213 ἰςοςυλλαβεῑ
1904 4165 1973 4201 ex
2009 4149 2131 4201 Arc.
2171 4147 2297 4213 1293
2334 4153 2393 4211 3;
2439 4150 2567 4200 inde
2612 4151 2682 4200 ab
2728 4149 2810 4200 δεῖ
2845 4147 2907 4200 δὲ
2944 4162 3201 4213 παραφυ·

621 4216 882 4270 λάξαςθαι
916 4245 982 4255 —
1021 4220 1055 4272 1.
1097 4222 1158 4270 19
1194 4216 1636 4282 περιςπωμένως
1683 4234 1750 4269 ex
1786 4218 1982 4269 Choer.
2016 4219 2141 4277 415,
2181 4217 2269 4274 13,
2317 4216 2396 4268 ώς
2439 4215 2556 4282 γὰρ
2591 4220 2752 4283 ςοφῷ
2789 4244 2854 4254 --
2894 4218 2929 4269 1.
2967 4219 3033 4267 23
3068 4214 3200 4278 ὁμο-

619 4284 808 4337 τόνως
846 4302 913 4337 ex
947 4287 1013 4336 11.
1050 4286 1138 4335 Pr.
1173 4284 1222 4338 Ζ
1254 4288 1355 4335 422
1393 4285 1490 4348 (cf.
1526 4285 1572 4337 Θ
1614 4286 1761 4349 108),
1799 4286 2091 4351 sequentia
2128 4298 2299 4349 usquo
2336 4285 2409 4335 ad
2446 4285 2480 4338 1.
2517 4288 2582 4337 28
2619 4300 2686 4335 ex
2724 4285 2919 4335 Choer.
2954 4284 2990 4338 1.
3030 4301 3075 4335 c.
3124 4284 3198 4334 cf.

623 4353 802 4404 Schol.
841 4354 913 4404 ad
948 4353 1051 4404 od.
1086 4353 1119 4404 λ
1153 4356 1254 4404 299
1290 4353 1414 4404 coll.
1450 4369 1573 4404 cum
1608 4354 1865 4406 Eustath.
1899 4379 1966 4390 —
2001 4353 2111 4404 Hic
2147 4352 2256 4402 fuit
2299 4354 2468 4404 etiam
2503 4368 2680 4404 sermo
2729 4353 2796 4403 de
2833 4357 3067 4403 accentu
3104 4350 3202 4402 da·

621 4423 721 4472 tivi
756 4420 932 4487 ὅτεῳς
970 4427 1034 4471 ut
1069 4421 1326 4472 concludi
1363 4426 1547 4487 potest
1583 4437 1650 4471 ex
1688 4422 1887 4474 Choer.
1923 4423 2043 4485 414,
2081 4423 2138 4472 ὅτ
2176 4418 2265 4470 διὰ
2297 4423 2475 4473 τοῦτο
2510 4419 2580 4471 τὸ
2615 4419 2765 4486 ὅτεῳ
2802 4417 3200 4482 ἀναγνωςτέον

622 4485 1286 4618 ῗὲἑῧῖἷὲξὲἶῖνωὲῗθν
1312 4487 1391 4607 ²³³:
1416 4489 1662 4610 ὅὲξῲωὲε
1696 4489 1889 4609 {³523ss
1915 4487 2266 4609 {⁶³⁶202532
2285 4488 2404 4607 ¹233
2441 4487 2705 4607 “53:2²‘'
2737 4487 2794 4607 ἐξ
2829 4502 2966 4607 {ae‘
3003 4486 3199 4608 &22⁶3

582 4675 591 4682 ,
621 4622 918 4686 ὁμοτονεῖν
952 4560 1141 4691 αι’νῖἒῇἶἴ
1186 4561 1297 4678 Βέἓ
1332 4560 1651 4677 Ηῖτοᾶῖαιιῖ
1672 4625 1812 4677 haec
1849 4559 2147 4688 ιιοιιχὲἓῑη,
2187 4626 2369 4690 potius
2405 4572 2476 4676 ag
2524 4641 2589 4676 eo
2602 4570 3204 4691 oprgfectumoeidetur

621 4692 800 4743 Sehol.
837 4693 909 4742 ad
945 4693 1050 4747 Od.
1089 4694 1119 4756 β
1160 4696 1279 4744 114:
1318 4693 1468 4760 ὅτεῳ
1506 4691 1586 4745 ὡς
1621 4692 1915 4760 Πηνέλεῳ.
1984 4693 2055 4745 τὸ
2090 4691 2197 4756 γὰρ
2231 4696 2317 4757 τῷ
2357 4691 2498 4755 μετὰ
2531 4691 2602 4743 τὸ
2637 4691 2890 4755 γενέςθαι
2928 4690 3046 4756 ὅτῳ
3083 4689 3200 4753 διῃ-

617 4757 755 4822 ρέθη
802 4757 881 4810 ὼε
927 4759 996 4810 τὸ
1044 4759 1180 4812 ὅτου
1224 4760 1356 4813 ὅτεο
1401 4761 1491 4812 καὶ
1528 4760 1591 4813 ἐν
1628 4762 1965 4827 πλεοναςμῷ
2012 4763 2115 4813 τοῦ
2153 4765 2186 4813 {-
2222 4759 2542 4825 «εἰρήςεται
2588 4759 2757 4816 ὅττεό
2799 4774 2857 4811 ςε
2892 4758 3054 4823 χρή).
3127 4760 3202 4808 cs.

621 4826 761 4875 μοι).
798 4827 881 4877 Et.
916 4828 943 4876 1
980 4829 1103 4890 422,
1142 4830 1197 4879 11
1233 4831 1316 4880 97.
1487 4828 1521 4878 1.
1557 4832 1746 4895 29-p.
1782 4832 1883 4880 413
1920 4830 1955 4882 1.
1992 4832 2023 4880 5
2060 4831 2278 4882 ποιοοει
2315 4845 2384 4878 ex
2419 4831 2498 4882 10.
2535 4828 2619 4884 Al.
2658 4832 2738 4892 11,
2778 4831 2867 4889 12;
2908 4825 3104 4878 Αἴαντι
3143 4831 3202 4878 et
