3664 5546
1216 154 1275 211 ib

955 380 965 390 '
1049 418 1059 431 ·
1165 404 1323 467 Περι
1365 373 1754 459 κΑοοΑικΗς
1792 401 2214 458 ΠΡοςΩιΔιΑς
2260 402 2313 456 ε.
2813 380 2826 401 ’
2922 400 3036 464 111

514 548 541 569 ὁ
594 570 722 641 ’Τὰ
766 575 852 641 εἰς
898 562 978 640 ’ὅξ
1023 577 1365 656 διςύλλαβα
1419 576 1494 639 τὸ
1553 575 1645 653 δῖχ

461 680 559 745 καὶ
605 673 799 746 Εάός
843 679 1056 756 ἡψτῶν
1105 678 1309 769 (αζΐων
1357 683 1563 756 νῆςος.
1637 679 1645 701 ³

372 835 390 854 .
460 783 883 863 οἰκηςάντων,
944 781 1069 844 ἔςτι
1132 782 1232 844 καὶ
1296 779 1541 845 Λυδίας.
1631 781 1645 790 “

460 885 682 962 ἱερέως
735 884 810 948 τὸ
868 883 1057 958 γένος
1082 883 1434 964 ’Μιληςίου,
1485 882 1645 947 ὡς’(1

461 1001 609 1067 φηςι
670 987 918 1064 κτιςτὴν
976 988 1087 1063 τῆς
1145 985 1398 1049 πόλεως
1444 984 1645 1059 γενές(

461 1086 528 1153 ἐκ
573 1092 688 1153 τοῦ
734 1091 917 1166 τιμᾶν
960 1088 1076 1151 τὸν
1121 1086 1251 1150 Δία
1293 1085 1447 1150 Τίον
1491 1103 1645 1165 προς

459 1191 926 1285 Παφλαγονίας
971 1182 1259 1272 περίπλῲ
1317 1187 1487 1255 «ἀπὸ
1534 1188 1645 1251 Ψύ]

463 1295 583 1373 μὸν
631 1294 931 1355 Βιλλαῖον
978 1290 1216 1355 ςτάδιοι
1276 1287 1374 1375 17»
1431 1275 1536 1354 καί
1579 1311 1645 1359 «c

462 1399 561 1471 λιν
622 1394 725 1458 καὶ
788 1393 1079 1471 ποταμὸν
1139 1393 1439 1458 Βιλλαῖον
1502 1393 1645 1467 ,ςτάέ

461 1497 616 1560 Τίου
661 1496 748 1581 εἰς
791 1496 1125 1574 Ἄμαςτριν
1173 1494 1558 1558 στάδιοι-(κ’.

461 1600 660 1677 τέρως
703 1600 805 1662 καὶ
858 1595 1290 1675 τριςυλλάβως
1332 1597 1421 1678 ’τό
1464 1597 1645 1661 Τίειό’

461 1706 591 1766 τῶν
652 1701 884 1764 Ἰώνων
899 1749 916 1781 ,
949 1699 1205 1789 ,ἔχουςα
1260 1699 1364 1762 καὶ
1419 1699 1615 1762 πόλιν

463 1804 620 1868 κατὰ
665 1800 996 1883 Ἐρυθράς,
1043 1801 1111 1865 ἐν
1160 1802 1228 1864 δὲ
1274 1800 1460 1864 πόλις
1508 1801 1645 1865 Χίος

462 1906 681 1984 χιόνος
724 1908 835 1983 τῆς
881 1903 1008 1966 ἐκεῖ
1050 1903 1396 1991 γενομένης
1440 1906 1645 1981 πολλῆ

463 2008 647 2085 ἑτέρα
690 2005 876 2070 πόλις
910 1986 1150 2082 ’Καρίας
1197 2004 1345 2069 Χίος
1388 2006 1548 2069 κατὰ
1592 2005 1641 2069 Τ

462 2108 523 2185 γ’
577 2108 647 2172 ἐν
692 2107 939 2190 Εὐβοίᾳ.
1032 2105 1209 2170 Κίος
1253 2108 1539 2186 ποταμὸς
1585 2129 1645 2171 κς

463 2210 684 2292 ὄρος,
728 2209 848 2273 ἴος
893 2208 930 2272 ὁ
976 2209 1212 2290 μόνος,
1252 2209 1417 2332 βίος
1462 2211 1500 2288 ἡ
1545 2215 1645 2276 Ζω

465 2313 687 2391 μνιός
733 2312 770 2375 ὁ
814 2311 1063 2375 ἁπαλός
1108 2310 1267 2388 παρ>
1311 2311 1689 2391 Εὐφορίωνι.

632 2415 725 2479 Τὰ
770 2415 874 2477 διὰ
918 2417 1034 2477 τοῦ
1082 2417 1212 2478 ὐος
1259 2414 1600 2493 διςύλλαβα
1644 2413 1938 2491 ἀρςενικὰ
1970 2414 2335 2495 βαρύνεται,
2379 2413 2643 2491 Δρῦος
2687 2401 2896 2492 ὄνομα
2939 2414 3046 2478 κύ-

466 2538 605 2596 ριον
662 2516 799 2581 υίὸς
852 2515 1172 2590 Αἰγύπτου
1229 2516 1329 2579 και
1383 2515 1664 2579 Φλῦος.
1765 2517 2160 2595 ςεςημείωται
2217 2515 2254 2579 6
2309 2516 2532 2580 πυός
2563 2511 2885 2623 ὀξυτόνως
2946 2537 3046 2580 και
3081 2527 3149 2578 2ο

465 2619 819 2698 ἀρςενικῶς.
907 2617 982 2680 τὸ
1029 2619 1099 2681 δὲ
1143 2617 1328 2681 νυός
1373 2618 1411 2694 ἡ
1459 2617 1675 2695 νύμφη
1721 2619 1998 2695 θηλυκὸν
2045 2617 2350 2683 ὀξύνεται.

633 2721 727 2786 Τὰ
781 2719 885 2783 διὰ
940 2723 1056 2783 τοῦ
1115 2739 1230 2782 οος
1290 2719 1390 2782 καὶ
1443 2740 1549 2784 εος
1605 2719 1946 2801 διςύλλαβα
2000 2718 2130 2785 ἀπὸ
2189 2723 2536 2801 ςυμφώνσυ
2582 2718 2905 2800 ἀρχόμενα
2949 2721 3051 2784 καὶ

466 2827 546 2904 μὴ
617 2824 820 2902 μόνου
878 2826 995 2887 τοῦ
1055 2809 1091 2885 θ
1153 2822 1518 2903 βαρύνεται,
1587 2823 1804 2905 νόος,
1867 2822 2089 2904 γόος,
2152 2822 2373 2904 ῥόος,
2440 2823 2718 2904 πλόος,
2775 2823 3047 2906 θρόος,

466 2926 747 3007 φλόος,
793 2924 1007 3005 κόος,
1054 2924 1092 2988 ὃ
1140 2924 1387 3000 λέγεται
1434 2926 1533 2988 καὶ
1576 2929 1775 3006 κῶος,
1832 2925 1935 2987 καὶ
1985 2924 2181 2988 Κόος
2226 2924 2435 3004 ὄνομα
2478 2925 2715 3005 τόπου,
2775 2924 3046 3005 χνόος,

465 3027 743 3108 φλέος,
796 3026 1016 3108 Κέος,
1063 3025 1283 3109 Τέος,
1329 3028 1599 3109 πλέος,
1645 3027 1857 3108 νέος,
1904 3026 2004 3090 διὸ
2038 3027 2138 3090 καὶ
2181 3047 2256 3090 το
2287 3026 2469 3093 Ζοος
2498 3027 2656 3105 παρ
2687 3024 3044 3109 Ἐπιχάρμῳ
3081 3041 3147 3089 25

466 3129 527 3194 οἱ
582 3129 842 3193 πλείους
902 3128 1217 3208 ἐβάρυναν
1281 3150 1449 3207 «τρις
1506 3128 1789 3207 ἀπεδόθη
1855 3128 2063 3194 ζόος».
2163 3128 2398 3207 ὁμοίως
2452 3149 2553 3192 και
2610 3130 2684 3192 τὸ
2741 3130 2919 3192 ςόος
2971 3128 3045 3192 τό

466 3232 686 3309 κύριον
734 3251 834 3294 και
877 3231 953 3295 τὸ
999 3231 1497 3313 προςηγορικόν,
1544 3229 1703 3308 ὅπερ
1749 3232 1787 3308 ἡ
1836 3232 2129 3309 ςυνήθεια
2175 3231 2279 3295 διὰ
2323 3233 2440 3294 τοῦ
2487 3252 2539 3292 ω
2569 3230 2836 3312 γράφει,
2881 3232 3047 3294 τινὲς

467 3335 537 3398 δὲ
582 3335 685 3397 καὶ
739 3334 850 3397 ςὺν
905 3339 996 3417 τῷ
1041 3336 1087 3395 ῖ.
1176 3334 1251 3397 τὸ
1308 3334 1377 3396 δὲ
1435 3333 1558 3397 ἑός
1615 3332 1936 3414 ὀξύνεται,
1992 3332 2123 3397 ἀπὸ
2170 3333 2547 3412 φωνήεντος
2598 3332 2738 3410 γάρ.
2826 3334 2929 3396 καὶ
2971 3333 3046 3397 τὸ

466 3435 654 3499 θοός
697 3437 799 3499 καὶ
842 3436 1019 3498 θεός
1067 3435 1156 3499 ὡς
1190 3434 1320 3499 ἀπὸ
1365 3439 1482 3498 τοῦ
1526 3422 1569 3498 θ
1607 3436 1826 3514 μόνου.

466 3723 582 3777 ἀπὸ
631 3724 936 3790 ςυμφώνου
981 3723 1016 3788 ἢ
1065 3723 1388 3788 ςυμφώνων
1431 3724 1654 3790 ἤρξατο.
1862 3725 1899 3774 l.
1935 3729 1966 3775 2
2013 3722 2153 3777 (doc
2190 3755 2253 3760 —
2290 3728 2455 3791 νῆςος
2502 3726 2691 3776 addidi
2737 3742 2802 3776 ex
2848 3725 2928 3776 St.
2966 3726 3047 3790 Β.,

466 3801 690 3859 propter
727 3798 968 3859 ignotam
1009 3795 1373 3857 quantitatem
1413 3796 1571 3844 omisi
1608 3791 1755 3845 Τάος
1793 3794 1873 3842 St.
1913 3795 1974 3843 B.
2013 3809 2056 3843 s.
2103 3791 2336 3859 Τάοχοι;
2386 3793 2625 3845 τούτους
2669 3794 2816 3843 τινὲς
2864 3792 3047 3845 Τάους

467 3864 745 3926 καλοῠςιν,
786 3860 864 3912 ὡς
891 3859 1235 3925 (οφαίνετος
1273 3861 1337 3911 ἐν
1370 3866 1440 3928 τῇ
1480 3860 1734 3924 ἀναβάςει
1762 3859 1911 3925 φηςί.
1961 3861 2065 3912 Ἴος
2103 3864 2323 3928 explevi
2361 3880 2426 3913 ex
2454 3864 2532 3916 St.
2561 3864 2640 3924 Β.,
2676 3863 2771 3912 ubi
2810 3862 3047 3912 fortasse

466 3933 634 3981 etiam
672 3929 967 3993 oraculum,
1008 3930 1150 3994 quod
1189 3932 1353 3980 etiam
1392 3947 1478 3995 ap.
1519 3932 1679 3980 Paua.
1706 3932 1754 3980 X
1793 3934 1875 3992 24,
1913 3933 1944 3979 2
1979 3935 2183 3995 exstat,
2223 3932 2293 3981 ab
2319 3931 2637 3981 Herodiano
2673 3930 2904 3995 petitum
2944 3937 3047 3992 est,

468 4016 534 4048 ex
573 4000 653 4049 St.
691 4000 859 4049 etiam
896 3997 1027 4050 Τίος
1073 3999 1315 4063 explevi,
1362 3996 1490 4049 Χίος
1540 3995 1664 4049 Κίος
1710 3999 1944 4063 apposui
1992 4014 2057 4046 ex
2105 3998 2182 4052 St.
2230 4001 2292 4050 B.
2337 4001 2463 4062 537,
2502 4001 2530 4048 7
2579 4004 2634 4048 et
2679 3998 2741 4048 Ε.
2789 3999 2860 4046 Μ.
2911 3999 2944 4048 l.
2982 4015 3046 4061 0.,

465 4064 637 4130 Δρίος
682 4084 749 4116 ex
788 4068 866 4116 St.
907 4068 964 4116 B.
1004 4069 1132 4129 672,
1171 4071 1216 4115 9.
1290 4065 1444 4128 μνιός
1491 4081 1557 4115 ex
1594 4067 1657 4114 Ε.
1693 4069 1764 4116 M.
1802 4069 1930 4128 472,
1966 4069 2058 4128 44,
2105 4067 2206 4116 An.
2246 4068 2347 4116 Ox.
2386 4068 2441 4117 11
2477 4069 2604 4127 377,
2644 4069 2726 4128 30,
2766 4065 2836 4115 cf.
2878 4067 3047 4116 Mein.

468 4135 649 4187 Anall.
687 4136 844 4184 Alex
886 4152 935 4200 p
979 4136 1091 4185 147.
1133 4135 1199 4184 de
1238 4133 1352 4196 βιός
1390 4142 1446 4184 et
1483 4131 1597 4196 βίος
1634 4136 1702 4183 cf.
1742 4136 1841 4199 Ep.
1880 4104 1965 4183 (3⁷.r
2002 4135 2029 4183 I
2066 4137 2150 4196 92,
2191 4138 2268 4196 18,
2307 4137 2371 4184 Ε.
2410 4137 2483 4188 M.
2527 4137 2650 4197 198,
2686 4135 2768 4183 24.
2910 4134 2944 4185 l.
2991 4138 3047 4184 19
3107 4152 3132 4184 ο

466 4205 537 4252 ab
576 4203 810 4252 Arcadio
848 4208 1070 4252 servata
1108 4209 1237 4252 sunt
1275 4208 1489 4251 tantum
1525 4203 1686 4281 hqec:
1733 4202 1801 4252 τὸ
1849 4201 1909 4252 δὲ
1946 4201 2079 4252 νυός
2118 4202 2151 4264 ἡ
2191 4202 2384 4265 νύμφη
2424 4174 2695 4254 ὀξύνετόιι.
2732 4231 2796 4235 ——
2835 4200 2867 4252 6
2906 4200 3047 4252 πυός

381 4267 389 4273 ’
467 4269 752 4323 ὀξυτόνως
807 4270 896 4320 καὶ
940 4268 1242 4334 ἀρςενικῶς
1296 4269 1358 4320 ἐν
1403 4273 1487 4336 τῷ
1534 4262 1596 4321 ιε’
1643 4272 1767 4333 (scr.
1808 4261 1873 4335 ε’)
1919 4272 2021 4333 τῆς
2068 4269 2313 4321 καθόλου
2357 4270 2491 4334 φηςί
2537 4270 2716 4319 Schol.
2765 4270 2836 4319 ad
2881 4270 3048 4319 Arist.

466 4342 595 4392 Pae.
638 4343 786 4401 1150,
824 4340 892 4391 cf.
931 4340 1069 4389 Lob.
1105 4339 1294 4389 Rham.
1333 4342 1448 4388 309.
1518 4339 1760 4389 Priorem
1799 4340 2025 4388 canonis
2063 4343 2276 4403 partem
2314 4355 2380 4387 ex
2417 4338 2660 4402 'lheogm
2708 4355 2758 4402 p.
2793 4339 2860 4387 48
2900 4337 3046 4399 finxi,

465 4408 562 4456 ubi
597 4406 782 4471 Δρύος
823 4413 880 4456 et
916 4405 1128 4469 Φλύος,
1168 4407 1311 4472 quod
1349 4424 1415 4456 ex
1453 4409 1690 4457 Pausan.
1729 4408 1804 4455 IV
1844 4412 1888 4466 1,
1927 4411 1957 4456 ι
1994 4405 2181 4458 Φλῠος
2221 4407 2431 4471 scripsi.
2588 4407 2621 4460 l
2662 4409 2727 4455 24
2764 4403 2943 4470 φλόος
2982 4422 3047 4454 ex

467 4476 712 4541 T.he0gn
749 4493 799 4538 p.
836 4478 962 4537 491,
1010 4474 1143 4525 κόος
1180 4491 1245 4524 ex
1282 4476 1428 4525 Μοιι.
1466 4476 1556 4534 41,
1595 4478 1685 4534 30,
1728 4475 1809 4527 St.
1846 4474 1908 4526 B.
1947 4475 2072 4535 402,
2110 4479 2141 4524 9
2190 4482 2247 4524 et
2283 4476 2553 4539 Theogn„
2593 4472 2759 4537 χνόος
2796 4491 2860 4523 ex
2898 4476 3044 4524 Mon.

466 4551 843 4605 accesserunt,
885 4541 1058 4606 φλέος
1097 4572 1160 4577 --
1198 4542 1368 4594 πλέος
1408 4559 1473 4592 ex
1512 4543 1758 4606 'lheogn.
1806 4543 1990 4592 Verba
2027 4513 2112 4593 δίὸ
2150 4543 2239 4592 καὶ
2274 4541 2343 4592 τὸ
2381 4541 2505 4594 ζόος
2532 4570 2595 4576 ——
2624 4540 2749 4591 ςόος
2787 4559 2852 4592 ex
2880 4542 3047 4603 Mon.,

464 4611 534 4662 τὸ
573 4611 764 4676 κύριον
801 4640 864 4646 -—-
902 4611 1001 4661 ςὺν
1037 4614 1121 4676 τῷ
1168 4627 1183 4661 ι
1227 4628 1293 4660 ex
1329 4612 1595 4676 Theogn„
1635 4611 1701 4659 de
1739 4613 1772 4659 ἶ
1809 4610 2118 4675 subscripto
2156 4613 2225 4661 ef.
2262 4612 2462 4661 Herod.
2500 4612 2555 4659 in
2595 4612 2656 4659 Ε.
2697 4610 2769 4659 Μ.
2811 4613 2925 4671 741,
2964 4613 3047 4659 49.

467 4679 598 4731 Θοός
635 4681 810 4730 adieci
848 4697 914 4728 ex
952 4682 1098 4729 Mon.
1138 4679 1174 4728 l.
1211 4697 1276 4742 c.,
1315 4680 1509 4729 Choer.
1549 4681 1694 4729 Dict.
1732 4682 1849 4739 245,
1887 4682 1934 4740 8,
1976 4681 2037 4728 Ε.
2075 4680 2147 4732 Μ.
2185 4681 2304 4741 446,
2342 4683 2424 4740 32,
2464 4679 2555 4728 ubi
2594 4694 2768 4727 canon
2809 4680 2884 4727 sic
2922 4694 3047 4726 con·

468 4755 662 4812 ceptus
701 4756 810 4798 est:
848 4746 919 4798 τὰ
965 4746 1042 4799 εἰς
1080 4752 1141 4799 ος
1181 4747 1426 4812 καθαρὸν
1473 4746 1752 4812 λήγοντα,
1801 4746 2242 4811 παραληγόμενα
2288 4750 2371 4812 τῷ
2407 4750 2441 4797 ἐ
2477 4747 2511 4811 ἢ
2549 4745 2617 4796 τὸ
2656 4749 2716 4807 ό,
2765 4743 3048 4809 ἀρχόμενα

469 4829 582 4882 ἀπὸ
619 4832 926 4898 ςυμφώνου
964 4832 1036 4897 μὴ
1072 4836 1175 4885 τοῦ
1215 4836 1246 4883 θ
1284 4832 1616 4909 (εοζμόνου)
1657 4831 1979 4896 βαρύνεται,
2018 4832 2214 4895 πλόος,
2250 4832 2409 4895 γόος·
2447 4831 2592 4896 χόος.
2633 4831 2703 4882 τὸ
2742 4829 2908 4895 θρόος
2944 4830 3047 4882 οὐκ

438 4915 583 4984 οἀπὸ
606 4921 708 4969 τοῦ
759 4920 950 4968 κοινοῦ
984 4918 1107 4980 (ser.
1136 4917 1333 4983 μόνου)
1373 4921 1420 4969 θ.
1481 4917 1611 4969 θοός
1648 4917 1709 4968 δὲ
1746 4919 1837 4969 καὶ
1873 4918 2001 4987 θεός
2040 4918 2311 4970 ὀξύνεται.
2372 4915 2588 4968 Μοιιιιιῑ.
2626 4916 2777 4967 loeus
2814 4918 2894 4966 sic
2930 4916 3047 4966 fini-
