3664 5546
655 389 782 454 516
1592 386 1674 441 ΕΙ(
1712 386 1853 441 ΤΩΝ
1895 384 2304 441 ΗΡΩΔΙΑΝΟΥ

659 560 944 641 ςπάνιοι,
989 558 1088 623 ὅπ
1105 578 1233 639 ως,
1279 557 1556 639 ἔμπης,
1603 557 1813 635 ὅμως
1858 556 1967 620 ὅτε
2000 555 2372 637 ςύνδεςμος,
2418 553 2528 619 ὅτε
2575 554 2652 618 δὲ·
2689 552 3032 634 ἐπίρρημα,
3075 572 3256 629 περι-

659 663 883 725 ςπᾶται
928 659 1102 738 ὁμῶς
1151 659 1240 724 ὡς
1284 662 1522 738 ςαφῶς.

830 762 940 827 Καὶ
984 761 1047 826 οἱ
1088 760 1742 847 παραπληρωματικοὶ
1797 758 2036 823 πάντες
2080 757 2451 841 ὀξύνονται,
2515 756 2604 835 δή
2619 807 2638 839 ,
2693 756 2866 838 θήν,
2911 754 3035 836 νύ,
3079 755 3253 835 τάρ,

657 864 780 945 ἄρ,
815 862 935 945 ῥά,
965 864 1118 945 τοί,
1148 862 1265 943 γε’,
1296 861 1469 943 πέρ,
1501 859 1625 942 ἄν,
1656 862 1821 941 κέν,
1853 861 2013 939 μήν.
2075 860 2147 925 Ὁ
2180 862 2250 924 δ“ε
2283 859 2373 924 αὖ
2404 860 2508 923 καὶ
2537 857 2575 922 6
2618 857 2763 923 οὖν
2794 856 3252 934 περιεςπάςθη-

588 971 622 1022 5
659 985 773 1028 ςαν
805 965 910 1028 διὰ
938 966 1013 1027 τὸ
1059 966 1174 1042 τὴν
1221 961 1310 1026 εἰς
1355 965 1392 1025 ῡ
1424 962 1745 1038 λήγουςαν
1778 961 2138 1041 δίφθογγον
2170 960 2681 1040 ἀποςτρέφεςθαι
2711 959 2826 1037 τὴν
2863 956 3112 1039 ὀξεῖαν,
3161 957 3253 1020 ὡς

659 1066 969 1130 πολλάκις
1015 1064 1297 1143 εἴπομεν.
2766 1059 2770 1064 ’

824 1166 966 1230 Πᾶς
996 1164 1422 1240 αἰτιολογικός
1455 1164 1795 1243 ςύνδεςμος
1825 1165 1987 1243 ὑπὲρ
2015 1164 2160 1243 μίαν
2186 1165 2504 1243 ςυλλαβὴν
2538 1161 2896 1244 βαρύνεται,
2930 1160 3254 1242 οὕνεκα,

661 1268 919 1351 ἕνεκα,
964 1266 1203 1347 ὄφρα,
1246 1265 1411 1347 ἵνα,
1459 1266 1608 1347 ὅτι,
1654 1253 1919 1348 χάριν,
1978 1268 2166 1344 δηλοῖ
2219 1265 2341 1343 γὰρ
2388 1263 2506 1328 οὐκ
2550 1262 2759 1343 ὄνομα
2803 1263 3041 1344 μόνον,
3086 1260 3256 1325 ἀλλὰ

659 1370 761 1433 καὶ
806 1369 1154 1447 ςύνδεςμον
1199 1367 1630 1443 αἰτιολογικὸν
1678 1367 1903 1446 «χάριν
1950 1366 2250 1431 Δίωνος»
2297 1365 2440 1430 ἀντὶ
2483 1369 2599 1429 τοῦ
2641 1365 2828 1429 ἕνεκα
2871 1364 3146 1428 Δίωνος.

558 1477 626 1530 10
696 1524 701 1533 .
831 1470 904 1535 ‘0
951 1470 1013 1534 εἰ
1060 1471 1439 1535 ςυναπτικὸς
1481 1469 1583 1533 καὶ
1626 1467 1664 1531 6
1711 1467 1880 1532 ἐπεί
1923 1466 2482 1546 παραςυναπτικὸς
2527 1466 2902 1543 ςυνεςτηκός
2932 1465 3107 1543 παρὰ
3135 1466 3256 1542 τὴν

660 1572 763 1636 ἐπί
808 1573 1106 1650 πρόθεςιν
1152 1572 1254 1634 καὶ
1308 1571 1424 1634 τὸν
1483 1568 1536 1634 εἰ
1589 1568 1940 1646 ςύνδεςμον
1991 1570 2374 1634 ςυναπτικὸν
2428 1567 2794 1633 ὀξύνονται·
2849 1566 3061 1649 τούτῳ
3103 1565 3256 1642 ἠκο-

662 1673 932 1751 λούθηςε
988 1672 1089 1735 καὶ
1144 1671 1182 1735 6
1228 1671 1394 1753 ἐάν,
1454 1671 1550 1735 ὅτι
1607 1672 1709 1736 καὶ
1764 1672 1960 1736 αὐτὸς
2017 1660 2358 1750 ς’ύνδεςμός
2419 1669 2584 1733 ἐςτιν
2641 1667 2772 1732 ἀπὸ
2827 1672 2944 1732 τοῦ
3001 1667 3055 1732 εἰ
3111 1688 3256 1732 ςυν-

660 1778 929 1838 απτικοῦ
971 1772 1354 1852 -ςυνδέςμου
1389 1773 1491 1837 καὶ
1545 1776 1663 1837 τοῦ
1721 1772 1802 1837 ἄν
1860 1774 2550 1852 παραπληρωματικοῦ.
2640 1769 2880 1849 ὁμοίως
2933 1771 3035 1833 καὶ
3081 1767 3118 1832 ὁ
3163 1768 3257 1846 ἤν

659 1874 842 1940 καὶὸ
892 1873 1089 1952 ἐπήν
1134 1874 1238 1939 καὶ
1281 1873 1319 1937 6
1365 1872 1608 1937 ἐπεάν
1652 1873 1755 1937 καὶ
1799 1873 1838 1937 6
1883 1875 2057 1953 μήν·
2105 1873 2196 1937 ἔτι
2242 1875 2314 1937 δὲ
2344 1870 2513 1936 καὶὸ
2560 1870 2915 1949 ἀλλαμήν
2961 1868 3086 1934 εἴτε
3132 1869 3256 1933 δύο

559 1983 624 2035 15
661 1978 860 2043 λέξεις
917 1975 1050 2040 εἶεν
1107 1974 1233 2038 εἴτε
1292 1974 1430 2056 μία,
1489 1973 1797 2042 ὀξύνεται.
1887 1974 1925 2038 6
1983 1974 2148 2053 εἰδή
2196 1960 2308 2039 ’καὶ
2362 1973 2632 2049 ἐπειδή
2683 1971 2803 2035 δύο
2850 1971 3005 2051 μέρη
3050 1970 3257 2046 λόγου
3367 1996 3376 2001 ·

597 2154 603 2163 ‚
661 2077 826 2142 ἐςτίν
884 2075 1255 2156 ὀξυνόμενα.
1345 2070 1584 2154 ὁμοίως
1635 2077 1738 2140 καὶ
1793 2075 1831 2139 6
1891 2074 2115 2155 εἴπερ
2171 2077 2274 2140 καὶ
2329 2074 2366 2138 6
2422 2073 2744 2152 ἐπείπερ
2790 2074 2894 2135 καὶ
2936 2072 3256 2149 ἐπειδή-

596 2210 605 2215 ·
660 2199 820 2257 περ.
877 2177 1019 2242 ἀλλ’
1064 2177 1283 2255 ἐπειδὴ
1329 2175 1674 2253 ἐγκλιτικός
1718 2176 1951 2242 ἐςτιν-ὁ
1982 2177 2408 2271 πέρηέγείρει
2452 2178 2569 2253 τὴν
2601 2176 2729 2253 πρὸ
2761 2172 2960 2238 αὐτοῦ
2993 2176 3256 2253 βαρεῖαν

661 2280 751 2345 εἰς
796 2278 1013 2344 ὀξεῖαν
1062 2278 1152 2343 ὡς
1198 2278 1236 2349 6
1282 2278 1351 2342 κέ
1398 2277 1468 2343 ἐν
1515 2276 1673 2360 εἷκε,
1720 2276 1874 2343 αἴκε.
1989 2350 1994 2355 ,

829 2380 970 2444 Πᾶς
1036 2379 1379 2457 ςύνδεςμος
1444 2378 1803 2458 δίφθογγον
1871 2379 2043 2458 ἔχων
2096 2379 2213 2457 τὴν
2281 2379 2385 2443 διὰ
2449 2381 2566 2442 τοῦ
2622 2380 2655 2440 ἶ
2712 2376 3034 2458 ὀξύνεται,
3101 2377 3256 2458 τοί,

556 2490 627 2542 20
663 2483 819 2563 δαί,
865 2481 949 2546 εἰ.
1915 2553 1936 2565 ⁸

829 2581 902 2645 Ὁ
948 2586 1108 2660 μῶν
1152 2583 1333 2662 παρ’
1364 2581 1719 2659 Ἀθηναίοις
1763 2581 2212 2660 διαπορητικός
2242 2581 2336 2644 ὢν
2367 2572 2765 2660 περιςπᾶται·
2813 2580 2944 2645 ἀπὸ
2976 2582 3099 2659 γὰρ
3131 2584 3253 2645 τοῦ

662 2686 744 2763 μὴ
789 2685 892 2748 καὶ
944 2687 1062 2747 τοῦ
1119 2682 1238 2748 οὖν
1296 2684 1638 2765 ςύγκειται,
1693 2682 2166 2761 Δωρικώτερον
2222 2683 2558 2761 τραπείςης
2608 2684 2719 2759 τῆς
2765 2684 2846 2746 δῦ
2891 2681 3259 2762 διφθόγγου

663 2786 752 2850 εἰς
796 2786 870 2850 τὸ
917 2789 1002 2866 ὦ,
1057 2787 1175 2863 τὴν
1222 2787 1292 2848 δὲ
1339 2784 1459 2849 οὖν
1504 2784 1768 2865 εἴπομεν
1814 2788 2244 2864 περιςπᾶςθαι.
2333 2783 2554 2849 Οὕτως
2599 2786 2669 2848 δὲ
2714 2785 2817 2849 καὶ
2860 2784 2899 2848 6
2945 2783 3064 2848 οὖν
3109 2804 3260 2848 ςυν-

664 2886 1048 2966 ταςςόμενος
1093 2893 1168 2971 τῇ
1216 2886 1293 2950 ού
1325 2885 1649 2968 ’ἀποφάςει
1694 2887 1765 2952 ἐν
1795 2892 1888 2970 τῷ
1920 2886 2193 2970 οὔκουν,
2252 2887 2359 2950 ὅτε
2405 2887 2520 2966 μὲν
2550 2888 2994 2968 παραπληροῑ,
3040 2883 3261 2953 ὀξύνει

560 2999 625 3048 25
661 2989 777 3065 τὴν
824 2989 904 3052 οὐ
950 2986 1277 3067 ἀπόφαςιν
1325 2987 1624 3052 οὔκουν
1670 2987 1762 3052 ὡς
1807 2987 2070 3066 εὔρουν·
2128 2987 2353 3078 &eant
2397 2989 2512 3065 τὴν
2560 2987 2723 3052 ἰδίαν
2779 2987 2909 3066 ἔχει
2963 2988 3260 3069 δύναμιν,

661 3090 982 3154 τουτέςτιν
1027 3090 1494 3165 ςυλλογιςτικός
1540 3088 1694 3172 ἐςτι,
1725 3089 2032 3169 φυλάττει
2064 3090 2178 3167 τὴν
2211 3087 2375 3153 ἰδίαν
2419 3089 2933 3170 περιςπωμὲνην,
2981 3089 3072 3152 ὼς
3101 3108 3259 3167 χρυ-

664 3193 849 3272 ςοῦν,
895 3189 1101 3254 οὕτως
1144 3191 1246 3254 καὶ
1291 3189 1598 3255 οὐκοῦν.

833 3289 905 3353 Ὁ
960 3290 998 3367 ἠ
1056 3290 1345 3358 ὀξύνεται
1412 3293 1449 3369 ἢ
1507 3294 1909 3369 περιςπᾶται.
1986 3292 2409 3356 διαζευκτικός
2473 3291 2587 3369 μὲν
2656 3289 2776 3355 οὖν
2843 3291 3150 3369 ὑπάρχων
3212 3292 3256 3368 ἢ

668 3481 1031 3488 ———-—-—-—-.
1038 3481 1069 3486 .-

835 3613 868 3661 1.
910 3616 934 3660 1
992 3611 1129 3675 ἕως,
1185 3612 1329 3676 quod
1383 3620 1509 3677 post
1564 3612 1724 3664 ὅπως
1779 3613 1947 3663 habet
1999 3614 2075 3663 Ιο.
2119 3611 2224 3672 Al„
2285 3611 2381 3661 sed
2438 3613 2601 3661 abest
2656 3611 2725 3660 ab
2772 3611 3033 3672 Arcadio,
3087 3611 3254 3672 eieci,

667 3681 800 3745 quia
845 3678 956 3731 ἕως
1000 3680 1320 3729 Herodiano
1365 3680 1459 3742 (ef.
1496 3682 1574 3731 Ιο.
1612 3680 1695 3731 ΑΙ.
1732 3684 1824 3742 39,
1863 3680 1950 3742 25)
1998 3680 2321 3728 adverbium
2365 3685 2474 3728 tem
2518 3677 2666 3728 orale
2717 3684 2818 3731 est.
2867 3705 2933 3714 -
2979 3679 3048 3727 de
3092 3676 3252 3740 ὅμως

669 3748 741 3797 cf.
780 3747 964 3798 Schol.
1010 3747 1080 3796 ad
1118 3746 1220 3798 od.
1264 3747 1295 3796 λ
1333 3749 1457 3798 565:
1505 3747 1641 3798 ἔνθα
1686 3747 1745 3811 χ’
1780 3747 1962 3809 όμῶςε
2012 3745 2438 3810 περιςπαςτέον·
2480 3695 2759 3810 1ἐπίρρημα
2803 3745 2926 3810 γάρ.
2997 3748 3081 3810 τῷ
3126 3759 3252 3795 ςυν-

631 3811 645 3824 ’
667 3813 849 3879 δέςμῳ
896 3812 964 3864 οὐ
1011 3816 1236 3879 χρῆται,
1274 3814 1410 3866 ἀλλ’
1444 3813 1576 3865 ἀντ’
1611 3813 1787 3865 αὐτοῦ
1834 3818 1921 3880 τῷ
1968 3814 2165 3879 ἔμπης.
2235 3812 2321 3864 διὸ
2359 3813 2448 3863 καὶ
2484 3813 2554 3864 τὸ
2590 3811 2787 3875 «ὅμως
2833 3813 2892 3864 δ’
2925 3811 2994 3863 οὐ
3040 3810 3252 3876 λήθετο

668 3881 922 3946 χάρμης»
977 3879 1059 3946 (Μ
1106 3884 1228 3946 393)
1284 3880 1337 3932 οί
1390 3880 1620 3934 πλείου(
1674 3883 2014 3946 περιςπῶςιν
2067 3883 2137 3932 ef.
2191 3881 2253 3930 11.
2308 3881 2396 3931 Pr.
2454 3879 2500 3932 Ο
2554 3884 2677 3943 209,
2733 3881 2908 3931 Lehrs
2959 3881 3029 3929 de
3082 3882 3252 3938 Arist.

670 3966 723 4014 p.
749 3949 881 4001 156²
918 3965 1070 4015 seqq.
1249 3950 1283 3998 l.
1321 3953 1352 3999 3
1387 3950 1466 3999 Ιο.
1504 3950 1588 3999 ΑΙ.
1624 3948 1722 4013 δή,
1760 3948 1859 4013 ῥά,
1896 3949 2031 4012 θήν,
2070 3948 2206 4012 πέρ,
2245 3948 2341 3999 κέν
2379 3948 2468 3999 καὶ
2505 3946 2558 3998 ot
2593 3946 3088 4012 Rumon-reliquas
3123 3962 3251 3996 eon-

670 4017 977 4067 iunotiones
1015 4034 1082 4066 ex
1118 4019 1245 4066 Arc.
1283 4025 1340 4066 et
1377 4018 1465 4068 Cr.
1505 4017 1723 4078 addidi,
1761 4014 1868 4080 τάρ
1906 4032 1973 4066 ex
2009 4016 2073 4069 11.
2111 4016 2197 4065 Pr.
2237 4015 2271 4065 1.
2311 4032 2355 4066 0.
2394 4042 2455 4051 -
2501 4018 2982 4067 coniunctionibus
3018 4015 3250 4080 expleti-

668 4083 1250 4203 {isskgarztaicnlffbgwc
1288 4098 1380 4133 πω
1414 4098 1516 4201 inq?
1535 4087 1665 4135 ποθι
1711 4084 2486 4201 αόηξωξτατειῌοτοάίέηιιω
2528 4082 3146 4201 ἓιίεοοῐεῖῗίῐθὲξαιζῖ
3191 4084 3249 4197 i?

718 4167 745 4200 ο
833 4193 844 4205 .
932 4167 986 4202 n.
1126 4185 1172 4204 ..
1436 4189 1448 4201 .
1564 4166 1741 4201 exsen
1783 4169 1831 4202 ει
1936 4166 2044 4201 une
2114 4166 2268 4201 ocum
2402 4168 2491 4204 un.
2577 4167 2630 4200 n.
2716 4167 2769 4199 x.
3172 4165 3202 4198 ο
3234 4185 3247 4198 .

668 4219 846 4284 Apoll.
885 4219 950 4268 de
985 4221 1126 4272 coni.
1161 4221 1277 4269 514.
1448 4217 1481 4267 1.
1518 4222 1550 4269 8
1587 4168 1834 4282 bvpupet
1865 4216 1961 4269 ἵνα
1996 4220 2227 4284 apposui
2264 4235 2330 4268 ex
2364 4166 2485 4282 gr„
2522 4215 2620 4268 ἵνα
2653 4233 2744 4282 ap.
2781 4220 2903 4270 Are.
2943 4187 3116 4268 de'est.

668 4287 702 4335 1.
742 4289 805 4337 10
843 4286 911 4335 de
950 4284 1000 4336 εί
1037 4288 1107 4336 cf.
1143 4287 1222 4336 10.
1256 4287 1345 4336 Al.
1382 4287 1466 4348 32,
1507 4289 1585 4348 16,
1623 4287 1799 4336 Lehrs
1837 4291 2052 4350 quaest.
2087 4303 2170 4352 ep.
2210 4288 2275 4336 98
2321 4290 2434 4336 not.
2572 4285 2606 4335 l.
2647 4288 2706 4335 11
2743 4283 2938 4351 τούτῳ
2977 4312 3038 4321 -
3075 4296 3248 4347 παρα-

669 4354 1111 4418 πληρωματικοῠ
1150 4353 1183 4403 1.
1223 4357 1286 4404 13
1331 4354 1539 4403 inserui
1585 4370 1653 4404 ex
1699 4355 1786 4407 Cr.
1835 4356 1963 4417 280,
2009 4356 2091 4405 25.
2138 4379 2205 4389 —
2250 4354 2287 4406 1.
2327 4357 2391 4403 14
2435 4350 2583 4416 ἐπήν
2631 4353 2825 4418 scripsi
2868 4369 2969 4419 pro
3010 4349 3246 4416 ἑμπλήν,

669 4423 815 4485 quod
852 4423 971 4472 sive
1008 4419 1247 4487 πληςίον
1283 4422 1401 4472 sive
1448 4417 1617 4484 χωρίς
1664 4419 1963 4487 significat,
2008 4421 2361 4472 Herodianus
2405 4436 2503 4486 pro
2551 4420 2813 4471 adverbio
2848 4420 3044 4471 habuit
3089 4425 3146 4470 et
3191 4421 3248 4468 in

670 4490 914 4554 proxima
950 4490 1180 4539 ultimae
1215 4490 1364 4538 acuit
1402 4490 1473 4538 cf.
1510 4489 1589 4538 10.
1626 4490 1710 4538 Al.
1748 4491 1810 4540 37
1867 4491 1949 4539 35.
2096 4490 2131 4538 l.
2167 4491 2231 4538 21
2272 4488 2339 4538 de
2379 4489 2504 4551 μῶν
2540 4489 2612 4541 cf.
2649 4488 2829 4552 Apoll.
2868 4488 2934 4538 de
2971 4489 3114 4539 coni.
3147 4489 3250 4536 494

666 4564 727 4606 et
760 4559 876 4606 496.
1049 4557 1084 4609 l.
1120 4560 1187 4608 25
1232 4556 1299 4606 de
1336 4555 1544 4607 οὔκουν
1580 4556 1651 4606 cf.
1688 4557 1793 4621 Ep.
1831 4557 1919 4606 Cr.
1955 4557 2011 4607 11
2047 4559 2171 4619 395,
2209 4558 2299 4606 27:
2346 4556 2555 4607 οὔκουν
2589 4554 2737 4606 ἐςτίν
2773 4552 3051 4619 ἐπίρρημα
3081 4552 3250 4617 ἀρνή·

670 4637 811 4674 ςεως
854 4622 982 4675 ἀντὶ
1026 4626 1128 4675 τοῦ
1176 4623 1453 4687 οὐδαμῶς.
1496 4621 1600 4674 ’τὸ
1646 4622 1707 4675 δὲ
1751 4622 1963 4674 οὐκοῦν
2015 4622 2161 4675 ἐςτιν
2215 4621 2513 4687 ςύνδεςμος
2558 4622 2984 4685 ςυλλογιςτικός.
3060 4620 3250 4672 οὕτως

670 4690 1027 4753 Ἡρωδιανὸς.
1096 4692 1275 4757 Apoll.
1315 4691 1383 4741 de
1419 4693 1558 4743 coni.
1594 4693 1712 4741 496.
1923 4692 1959 4745 l.
1993 4693 2063 4742 ‘28
2109 4692 2176 4741 de
2221 4692 2257 4755 ἠ
2297 4692 2678 4758 coniunctione
2721 4707 2794 4740 ex
2829 4689 3140 4752 Osthanes,
3190 4695 3252 4738 ut

668 4758 916 4820 videtur,
964 4767 1240 4810 servatum
1289 4764 1376 4809 est
1420 4760 1783 4822 fragmentum
1828 4758 1991 4809 valde
2039 4759 2384 4809 decurtatum
2440 4764 2499 4807 et
2552 4758 2912 4823 depravatum
2955 4760 3013 4808 in
3065 4758 3130 4809 E.
3174 4757 3250 4806 M.

668 4827 787 4887 415,
816 4829 903 4876 15:
941 4826 1047 4875 τὸν
1082 4829 1116 4888 ῆ
1155 4826 1458 4888 ςύνδεςμον
1496 4825 1551 4878 ἓξ
1597 4825 1885 4890 διαφόρως
1922 4823 2209 4895 ςημαίνειν
2244 4826 2414 4891 φηςὶν
2440 4824 2781 4889 Ἡρωδιανὸς
2816 4823 3252 4888 περιςπώμενον
