3664 5546
694 334 825 398 464
1635 334 1717 388 ΕΚ
1755 333 1898 388 ΤΩΝ
1935 332 2347 389 ΗΡΩΔΙΑΝΟΥ

865 504 1010 568 Πᾶν
1053 505 1510 581 προςτακτικὸν
1557 504 1718 582 ὑπὲρ
1763 504 1909 584 μίαν
1957 504 2273 583 ςυλλαβὴν
2305 503 2895 583 ὁμοιοκατάληκτον
2936 509 3031 590 τῷ
3074 503 3293 590 οἰκείῳ

697 605 985 689 ὸριςτικῷ
1029 605 1133 669 καί
1177 604 1498 685 ὁμότονόν
1560 605 1723 670 ἐςτιν
1768 605 1977 690 αὐτῷ,
2034 603 2264 668 ἔτυπτε
2317 605 2594 688 τύπτε,
2650 605 2820 671 ἐνόει
2876 606 3076 689 νόει,
3131 606 3294 687 ἐβόα

699 705 871 789 βόα,
916 705 1086 784 ἐτίθη
1130 706 1336 786 τίθη,
1393 704 1670 786 ἐπίμπλη
1715 707 2042 789 πίμπλη,
2094 706 2271 783 ἵςτην
2312 706 2486 785 ἵςτης
2525 706 2662 785 ἵςτη
2706 708 2810 771 καὶ
2848 707 3050 791 ἵςτη,
3104 707 3291 787 ἐκρή-

696 828 859 886 μνην
903 806 1213 886 ἑκρήμνης
1259 806 1535 887 ἐκρήμνη
1580 809 1682 871 καὶ
1726 808 2057 890 κρήμνη,
2106 807 2196 871 ὡς
2242 808 2402 885 παρ’
2432 807 2735 891 Εὐριπίδῃ
2780 810 3063 890 «κρήμνη
3106 829 3291 873 ςεαυ-

634 920 667 969 5
699 910 816 987 τὴν
861 908 931 971 ἐκ
974 908 1161 987 μέςης
1206 907 1616 988 ἀντηρίδος»·
1660 902 1940 973 έτύπτου
1984 909 2303 973 τύπτου.
2376 909 2455 972 τὸ
2500 911 2569 972 δὲ
2618 912 2859 989 λαβοῦ
2905 911 3007 974 καὶ
3048 914 3292 975 πιθοῦ

695 1010 872 1089 παρὰ
915 1010 1219 1074 Ἀττικοῖς
1262 1013 1652 1089 περιςπᾶται.
1727 1010 1809 1075 οὐ
1853 1011 2063 1093 πάντῃ
2107 1011 2178 1074 δὲ
2220 1010 2300 1074 τὰ
2349 1010 2775 1088 προςτακτικὰ
2816 1015 2936 1075 τοῦ
2981 1012 3292 1089 δευτέρου

695 1110 995 1190 ἀορίςτου
1040 1117 1499 1195 περιςπῶνται,
1555 1112 1902 1190 εὑρίςκεται
1945 1113 2070 1189 γὰρ
2112 1112 2190 1175 τὸ
2234 1109 2525 1190 ἀφίκου
2581 1112 3021 1191 βαρυνόμενον
3064 1113 3167 1177 καὶ
3205 1114 3292 1177 τὸ

694 1211 893 1277 ἴδου.
981 1213 1072 1278 ἔτι
1118 1214 1220 1278 καὶ
1261 1214 1337 1278 τὸ
1383 1213 1562 1277 ἐλθέ
1607 1214 1707 1278 καὶ
1750 1213 1922 1277 εἰπέ
1965 1213 2069 1276 καὶ
2112 1212 2290 1291 εὑρέ
2335 1211 2687 1279 ὀξύνουςιν.
2754 1212 2880 1278 ἔςτι
2924 1215 2995 1278 δὲ
3039 1213 3290 1278 ἀπολο-

694 1317 934 1390 γεῖςθαι
988 1315 1135 1393 περὶ
1188 1314 1405 1379 αὐτῶν
1461 1317 1620 1379 κατά
1678 1315 1797 1379 δύο
1850 1315 2150 1394 τρόπους.
2197 1314 2316 1378 ἢτά
2374 1315 2498 1393 γὰρ
2567 1315 2997 1396 ἀπαρέμφατα
3047 1320 3164 1380 τοῦ
3233 1315 3292 1394 β’

596 1424 662 1477 10
697 1415 998 1495 ἀορίςτου
1042 1414 1270 1480 εἴωθεν
1326 1415 1364 1480 ὁ
1409 1418 1675 1495 ποιητὴς
1727 1417 1890 1481 κατὰ
1944 1417 2228 1481 διάλυςιν
2273 1416 2630 1495 προφέρειν
2688 1414 2835 1481 οἷον
2881 1420 3115 1496 φαγεῖν
3159 1437 3289 1496 φα-

695 1518 898 1601 γέειν,
961 1517 1118 1581 ἰδεῖν
1178 1516 1398 1599 ἰδέειν,
1463 1501 1663 1582 ταῦτα
1718 1520 1791 1582 δὲ
1845 1516 1927 1582 οὐ
1989 1517 2387 1597 προφέρεται
2442 1519 2602 1581 κατὰ
2656 1517 2969 1583 διάλυςιν·
3032 1518 3109 1582 τὸ
3159 1518 3289 1595 γὰρ

697 1619 908 1683 ἐλθεῖν
964 1617 1083 1683 οὐκ
1138 1617 1320 1685 εἶπεν
1374 1619 1616 1684 έλθέειν
1673 1619 1830 1684 οὐδὲ
1883 1620 1959 1683 τὸ
2017 1619 2221 1684 εἰπεῖν
2287 1619 2522 1684 εἰπέειν
2578 1618 2733 1683 οὐδὲ
2775 1621 2853 1684 τό
2912 1619 3124 1698 εὑρεῖν
3179 1618 3289 1683 εὑ-

696 1721 883 1801 ρέειν.
971 1719 1191 1798 ἐπειδὴ
1247 1719 1367 1785 οὖν
1422 1725 1619 1785 ταῦτα
1672 1721 2118 1800 ἡμαρτήθηςαν
2173 1721 2333 1786 κατὰ
2388 1724 2619 1805 τοῦτο,
2675 1722 2838 1800 φημὶ
2890 1722 2968 1787 τὸ
3023 1722 3106 1800 μὴ
3150 1725 3288 1784 δια-

697 1822 982 1902 λύεςθαι,
1029 1821 1268 1886 τούτου
1313 1822 1499 1901 χάριν
1544 1823 1646 1886 καὶ
1690 1822 1760 1887 έν
1806 1825 1945 1886 τοῖς
1973 1825 2455 1901 προςτακτικοῖς
2499 1823 2658 1888 κατὰ
2699 1825 2817 1888 τὸν
2846 1823 3044 1888 τόνον
3088 1822 3288 1901 ἡμαρ-

526 1980 537 1989 ,
598 1935 659 1987 15
694 1925 971 2004 τήθηςαν
1016 1925 1118 1988 καί
1161 1923 1663 2004 ὠξυτονήθηςαν.
1736 1922 1952 1989 ἄλλως
1996 1944 2064 1988 τε
2109 1925 2180 1988 δὲ
2224 1924 2263 1988 ὁ
2309 1924 2363 2005 β’
2406 1923 2700 2003 ἀόριςτος
2744 1924 2825 1989 οὐ
2869 1926 3038 1989 θέλει
3082 1927 3289 2006 μακρᾷ

695 2026 1197 2108 παραλήγεςθαι,
1258 2024 1427 2089 ἀλλὰ
1484 2025 1743 2109 βραχείᾳ
1800 2023 1946 2090 οἷον
2002 2025 2241 2105 ἔλαβον
2296 2025 2550 2106 ἔφαγον
2606 2026 2858 2103 ἔνυγον.
2956 2029 3154 2091 ταῦτα
3211 2026 3287 2089 δὲ

696 2131 903 2211 μακρᾷ
945 2129 1379 2206 παραλήγεται
1425 2125 1571 2191 οἷον
1615 2126 1817 2205 ἦλθον
1866 2125 2056 2192 εἶπον
2101 2126 2313 2205 εὗρον.
2378 2110 2599 2206 ἐπειδὴ
2645 2126 2767 2192 οὖν
2801 2127 3095 2206 διήλλαξε
3139 2127 3288 2204 περὶ

694 2231 813 2294 τὸν
868 2228 1111 2308 χρόνον
1167 2233 1280 2306 τῆς
1336 2230 1827 2307 παραληγούςης
1882 2228 1953 2293 ἐν
1996 2231 2134 2293 τοῖς
2178 2228 2545 2313 ὁριςτικοῖς,
2598 2229 2836 2294 τούτου
2881 2230 3065 2309 χάριν
3111 2229 3286 2306 διήλ·
3391 2229 3398 2235 ’

697 2334 847 2397 λαξε
890 2332 994 2395 καὶ
1035 2332 1183 2411 περὶ
1223 2333 1340 2395 τὸν
1386 2331 1583 2396 τόνον
1627 2331 1699 2395 έν
1743 2334 1884 2395 τοῖς
1927 2333 2408 2409 προςτακτικοῖς
2449 2331 2553 2395 καί
2595 2330 3097 2410 ὠξυτονήθηςαν.

594 2444 662 2495 20
867 2455 905 2491 ιε
950 2431 1045 2497 Τὰ
1109 2431 1199 2497 εἰς
1262 2435 1332 2495 τ-ιε
1395 2434 1820 2511 προςτακτικὰ
1885 2431 2432 2512 ὁμοιοκατάληκτα
2500 2432 2659 2498 ὄντα
2730 2434 2887 2515 τοῖς,
2946 2432 3285 2511 ὁριςτικοῖς

697 2720 813 2787 148,
850 2726 917 2775 26
952 2723 1156 2779 addidi.
1185 2752 1189 2759 ·
1229 2725 1407 2788 Quum
1443 2726 1628 2773 antem
1664 2738 1732 2775 ex
1765 2720 2018 2790 Apollon.
2058 2720 2124 2772 de
2159 2722 2381 2788 syntaxi
2415 2739 2468 2789 p.
2503 2724 2629 2782 264,
2666 2724 2723 2773 3:
2769 2719 2936 2778 ἔνθεν
2979 2719 3049 2775 οὐ
3087 2733 3283 2786 cum·

694 2790 988 2855 τατίθεμαι
1021 2796 1143 2845 τοῖς
1180 2790 1243 2843 ἐν
1278 2795 1657 2858 προςτακτικῇ
1695 2795 1962 2859 προφορᾷ
1997 2791 2323 2844 ὀξυτονοθςι
2368 2791 2439 2843 τὸ
2484 2789 2625 2856 φαθί
2659 2799 2933 2858 appareat
2965 2807 3160 2858 parum
3194 2807 3282 2842 ac·

697 2867 889 2910 curate
922 2862 1210 2926 Apollonii
1246 2862 1579 2911 sententiam
1622 2862 1680 2909 in
1712 2863 1814 2909 An.
1852 2870 1908 2910 et
1943 2860 2125 2913 fichol.
2165 2861 2400 2909 relatam
2437 2859 2586 2918 esse,
2625 2866 2683 2910 et
2718 2865 2914 2925 pateat
2936 2859 3280 2925 Apollonium

694 2944 815 2978 cum
850 2929 1170 2979 Herodiano
1206 2929 1263 2977 in
1300 2928 1624 2992 berytonesi
1659 2928 1977 2992 imperativi
2021 2926 2159 2990 φάθι
2195 2929 2569 2990 consensisse,
2617 2943 2714 2992 pro
2747 2928 3026 2993 Apollonii
3060 2930 3280 2978 nomine

694 2995 981 3047 indefinite
1026 2995 1399 3047 Herodianum
1444 2994 1698 3047 ὀξύνουςι
1744 2995 2022 3046 dicentem
2068 2995 2178 3045 feci
2224 3001 2282 3044 ct
2327 3011 2423 3059 pro
2467 2997 2639 3060 ipsius
2685 2997 2902 3046 nomine
2947 2993 3062 3058 ἐγὼ
3106 2993 3168 3046 δὲ
3211 2993 3280 3046 οὐ

694 3061 1160 3128 ςυγκατατίθεμαι
1196 3065 1370 3128 posui.
1441 3065 1511 3113 cf.
1550 3063 1866 3112 Skrzeczka
1901 3061 2422 3129 Apollon.,doctrin.
2458 3063 2609 3113 verb.
2646 3063 2673 3113 1
2710 3066 2759 3113 7.
2908 3063 2942 3112 l.
2967 3066 3001 3114 3
3035 3062 3191 3127 ἐτίθη
3214 3089 3278 3098 -

690 3129 820 3196 ἵςτη
859 3134 1038 3183 adieci
1075 3149 1141 3182 ex
1178 3131 1383 3185 Herod.
1424 3129 1552 3196 περὶ
1589 3132 1793 3181 παθῶν
1828 3132 1886 3180 in
1922 3133 1985 3181 Ε.
2015 3133 2088 3181 Μ.
2124 3133 2241 3192 477,
2269 3133 2352 3192 56,
2391 3131 2531 3184 Gud.
2557 3131 2673 3188 288,
2697 3133 2790 3182 25:
2825 3127 3068 3193 λέγομεν
3101 3131 3277 3193 ἡμεῖς,

695 3198 784 3250 ὅτι
819 3198 888 3249 οὐ
926 3199 1105 3263 μόνον
1141 3198 1234 3250 ἐπὶ
1268 3201 1392 3248 τῶν
1429 3196 1508 3249 εἰς
1542 3201 1590 3248 ff,
1626 3196 1926 3262 ῥημάτων,
1963 3196 2106 3250 ἀλλὰ
2132 3198 2222 3248 καὶ
2259 3195 2353 3248 ἐπὶ
2385 3199 2508 3248 τῶν
2532 3194 2611 3248 εἰς
2636 3201 2700 3261 ῖιῖ
2723 3197 2795 3249 τὰ
2817 3197 2982 3262 τρίτα
3005 3198 3280 3263 πρόςωπα

692 3270 814 3317 τῶν
852 3270 1254 3331 παρατατικῶν
1298 3265 1534 3331 δεύτερα
1580 3266 1860 3330 πρόςωπα
1902 3269 2024 3316 τῶν
2070 3265 2497 3329 προςτακτικῶν
2540 3263 2754 3328 γίνεται
2796 3263 2922 3318 οἷον
2966 3265 3084 3317 νόει
3129 3264 3281 3329 φίλει

697 3349 815 3414 βόα.
887 3349 1076 3402 οὕτως
1119 3349 1222 3401 οὖν
1268 3350 1358 3400 καὶ
1403 3348 1456 3401 οἰ
1501 3347 1768 3412 Ἀττικοί,
1819 3347 1919 3400 ἐὰν
1967 3350 2041 3414 μὴ
2089 3348 2403 3413 χρὴςωνται
2447 3353 2519 3416 τῇ
2565 3359 2619 3401 bt
2664 3350 2988 3415 καταλήξει,
3033 3352 3282 3414 χρῶνται

693 3422 814 3470 τοῖς
858 3418 1066 3482 τρίτοις
1111 3417 1436 3481 προςώποις
1480 3421 1601 3468 τῶν
1649 3419 2052 3482 παρατατικῶν
2107 3417 2168 3467 ἐν
2213 3420 2636 3482 προςτακτικοῖς
2683 3416 2808 3470 οἷον
2853 3417 3045 3483 ἐτίθην
3091 3416 3280 3483 έτίθης
3377 3439 3390 3443 ·

695 3484 852 3551 ἐτίθη
891 3487 1036 3549 κτλ.,
1077 3483 1360 3550 ἐκρήμνην
1395 3513 1462 3520 -
1497 3483 1793 3550 ἀντηρίδος
1831 3501 1900 3535 ex
1934 3487 1999 3536 Ε.
2036 3486 2108 3536 Μ.
2148 3488 2264 3565 537,
2301 3490 2393 3536 35:
2431 3485 2677 3552 κρήμνηε
2715 3484 2974 3551 «κρήμνη
3010 3512 3071 3522 -
3111 3483 3279 3550 ἀντη-

694 3552 888 3617 ρίδος»
924 3553 1003 3606 ὡς
1039 3552 1155 3605 ἀπὸ
1191 3555 1294 3603 τοῦ
1334 3551 1469 3604 ίςτῶ
1503 3550 1691 3617 ἵςτημι
1738 3552 1770 3603 ὁ
1809 3552 2193 3616 παρατατικὸς
2231 3550 2394 3617 ἱςτην
2437 3551 2596 3620 ἵςτης
2636 3552 2762 3618 ϊςτη
2808 3554 2899 3605 καὶ
2934 3553 3004 3605 τὸ
3041 3566 3279 3618 προςτα-

696 3620 890 3672 κτικόν
922 3619 1078 3687 ἰ’ςτη,
1117 3619 1273 3672 οὕτω
1310 3621 1402 3672 καὶ
1438 3619 1553 3672 ἀπὸ
1589 3623 1692 3672 τοῦ
1730 3621 1963 3685 κρημνῶ
2000 3618 2214 3682 γίνεται
2259 3620 2565 3686 κρήμνημι,
2613 3621 2645 3673 ὁ
2691 3620 3073 3685 παρατατικὸς
3119 3619 3278 3685 ἐκρή-

697 3703 843 3754 μνην
888 3686 1169 3754 ἐκρήμνης
1213 3686 1463 3755 ἑκρήμνη
1509 3688 1601 3739 καί
1644 3689 1714 3740 τὸ
1762 3687 2172 3752 προςτακτικὸν
2218 3689 2456 3753 κρήμνη.
2525 3692 2609 3741 De
2645 3688 2895 3741 ἐτύπτου
2941 3688 3161 3740 τύπτου
3208 3691 3280 3739 cf.

696 3757 1001 3806 Herodian.
1038 3773 1124 3822 ap.
1164 3757 1362 3811 Choer.
1399 3759 1525 3808 765:
1560 3755 1632 3808 τὰ
1669 3754 1748 3807 εἰς
1784 3760 1895 3820 pin-v
1932 3755 2137 3820 ἔχοντα
2171 3757 2242 3808 τὸ
2280 3759 2317 3820 ᾗ
2354 3756 2603 3808 κλιτικὸν
2649 3756 2783 3809 τότε
2828 3755 3012 3822 ἔχουςι
3054 3751 3127 3808 τὰ
3168 3754 3278 3807 ἴδια

695 3823 1074 3887 προςτακτικὰ
1109 3822 1597 3889 ὁμοιοκατάληκτα
1631 3827 1751 3875 τοῖς
1788 3822 1943 3875 ἰδίοις
1979 3823 2261 3888 δευτέροις
2296 3824 2644 3889 προςώποις,
2680 3823 2848 3888 ἡνίκα
2883 3825 2974 3877 καὶ
3008 3822 3079 3875 τὸ
3115 3838 3278 3888 προς-

692 3908 963 3960 τακτικὸν
1007 3908 1076 3960 τὸ
1125 3907 1489 3974 ἐνεργητικὸν
1534 3908 2041 3974 ὁμοιοκαταληκτεῑ
2075 3911 2160 3974 τῷ
2209 3906 2331 3976 ἰδίῳ
2367 3910 2627 3976 ὀριςτικῷ
2663 3909 2698 3973 ἢ
2736 3906 2816 3960 εἰς
2841 3895 2906 3960 ῖι
2952 3908 3110 3974 λήγει
3153 3905 3278 3959 οἷον

695 3975 944 4028 ἔτυπτον
980 3976 1221 4029 ἔτυπτες
1261 3977 1471 4029 ἔτυπτε
1506 3976 1687 4028 τύπτε
1725 3975 2286 4040 ὁμοιοκαταλήκτως,
2333 3976 2477 4028 ἀλλὰ
2520 3978 2611 4029 καὶ
2657 3975 2985 4042 ἐτυπτόμην
3030 3974 3275 4028 ἐτύπτου

693 4043 915 4096 τύπτου
941 4045 1475 4110 ὁμοιοκαταλήκτως
1499 4051 1558 4094 et
1578 4045 1771 4094 Choer.
1793 4062 1845 4110 p.
1866 4047 1983 4106 756,
2003 4046 2052 4093 6.
2088 4045 2198 4094 Hie
2222 4046 2392 4095 etiam
2417 4046 2485 4096 de
2511 4052 2744 4096 accentu
2769 4045 2977 4096 formae
2999 4042 3158 4096 αίδεο
3179 4060 3275 4110 pro

694 4110 906 4177 αἰδέεο,
944 4129 1105 4179 quam
1142 4114 1494 4163 Herodianus
1530 4118 1905 4177 paroxytonos
1939 4112 2228 4178 scripsisse
2265 4129 2334 4162 ex
2369 4115 2436 4163 Il.
2461 4113 2550 4163 Pr.
2575 4111 2621 4164 Ω
2654 4115 2754 4164 202
2790 4114 3093 4164 coniectari
3128 4112 3274 4173 licet,

642 4191 661 4197 ‘
696 4181 1041 4246 disputatum
1078 4182 1251 4232 fuisse
1287 4181 1571 4245 probabile
1609 4186 1711 4230 est.
1748 4207 1814 4216 —
1854 4180 1889 4230 l.
1913 4182 1946 4230 6
1982 4178 2048 4230 οὐ
2087 4177 2274 4245 πάντῃ
2312 4207 2378 4215 -
2414 4181 2449 4231 l.
2474 4182 2506 4230 8
2540 4177 2663 4231 ἵδου
2697 4196 2764 4231 ex
2803 4180 3072 4232 Choerob.
3103 4195 3156 4246 p.
3178 4181 3274 4231 628

695 4251 906 4314 recepi,
948 4250 1070 4299 ubi:
1117 4246 1268 4310 λέγει
1313 4247 1345 4299 ὁ
1384 4247 1726 4312 Ἡρωδιανὸς
1770 4247 1859 4299 ὅτι
1902 4247 1975 4299 τὰ
2020 4247 2398 4311 προςτακτικὰ
2441 4249 2545 4299 τοῦ
2591 4247 2860 4313 δευτέρου
2901 4245 3165 4312 copie-rou
3205 4244 3272 4297 οὐ

696 4314 884 4381 πάντῃ
938 4317 1322 4381 περιςπῶνται
1368 4316 1487 4366 κτλ.
1532 4343 1599 4352 -
1651 4316 1692 4366 1.
1736 4317 1768 4365 8
1824 4314 1938 4367 ἐςτι
1980 4313 2043 4365 δὲ
2098 4315 2493 4378 ἀπολογεῑςθαι
2547 4332 2725 4381 usque
2781 4318 2853 4367 ad
2896 4316 3060 4367 finem
3102 4322 3273 4366 trans·

695 4384 1251 4503 {238352225-0122233'
1265 4386 1391 4502 ⁷3&
1428 4381 2812 4516 {zzssssssaeai‘ssesszffssffizav⁶¹f²sngffussss⁶„323
2841 4380 2969 4503 ‘2¹55
3010 4379 3273 4515 '3221‘ss

696 4519 831 4582 φηςὶ
865 4518 973 4584 γὰρ
1007 4519 1096 4571 ὅτι
1130 4518 1203 4570 τὰ
1238 4517 1618 4584 ἀπαρέμφατα
1652 4520 1771 4570 κτλ.
1796 4547 1863 4556 -
1897 4524 1942 4568 Α
1968 4518 2332 4569 Choerobose.
2369 4520 2614 4570 additurz
2651 4518 2871 4581 λέγουςι
2905 4517 2969 4569 δέ
3001 4531 3152 4569 τινες
3188 4516 3275 4568 δτι

697 4587 788 4637 καὶ
822 4587 893 4639 τὸ
929 4586 1077 4651 φάγε
1113 4587 1205 4637 καὶ
1242 4589 1335 4639 πῖε
1371 4586 1425 4638 οἰ
1464 4584 1706 4638 Ἀττικοὶ
1741 4585 1891 4652 φαγέ
1928 4586 2020 4637 καὶ
2059 4584 2150 4637 πιέ
2188 4584 2442 4649 λέγουςιν
2478 4585 2792 4652 ὀξυτόνως,
2828 4586 2973 4651 ὅπερ
3007 4584 3112 4637 οὐκ
3149 4584 3274 4636 ἐπε-

696 4653 987 4721 κράτηςεν.
1127 4656 1161 4706 l.
1200 4659 1267 4704 20
1300 4655 1445 4705 hunc
1481 4671 1747 4707 canonem
1783 4657 2013 4720 apposui
2049 4671 2117 4705 ex
2153 4656 2218 4705 Ε.
2244 4655 2317 4707 Μ.
2353 4657 2469 4718 381,
2504 4658 2570 4706 59
2606 4655 2821 4717 (Choer.
2860 4657 2976 4718 743,
3011 4655 3121 4717 32),
3156 4668 3274 4702 cum

697 4723 898 4785 quibus
932 4726 1184 4788 congruit
1218 4723 1283 4772 ΙΙ.
1320 4724 1410 4776 Pr.
1454 4721 1489 4774 Γ
1523 4726 1655 4775 280:
1688 4721 1996 4785 ἀναγκαῖόν
2033 4720 2146 4773 ἐςτι
2183 4720 2577 4786 παραφυλάξαι
2622 4720 2806 4774 ἐκεῖνο
2850 4720 2931 4773 ὡς
2965 4719 3055 4774 ὅτι
3088 4719 3161 4772 τὰ
3196 4718 3274 4774 εἰς

694 4791 761 4849 ”ff
799 4789 1046 4857 λήγοντα
1083 4789 1327 4858 όριςτικὰ
1364 4790 1454 4841 καὶ
1491 4791 1869 4859 προςτακτικὰ
1912 4789 1998 4841 ἀεὶ
2046 4789 2309 4856 ὁμοτονεῑ
2352 4789 2778 4855 ὑπεςταλμένου
2823 4792 2926 4841 τοῦ
2975 4788 3090 4841 ἔςτι
3135 4787 3272 4860 κτλ.,
