<?xml version="1.0" encoding="UTF-8"?>
<!DOCTYPE html PUBLIC "-//W3C//DTD XHTML 1.0 Transitional//EN"
    "http://www.w3.org/TR/xhtml1/DTD/xhtml1-transitional.dtd">
<html xmlns="http://www.w3.org/1999/xhtml" xml:lang="en" lang="en">
 <head>
  <title>
</title>
<meta http-equiv="Content-Type" content="text/html;charset=utf-8" />
  <meta name='ocr-system' content='tesseract 3.04.00' />
  <meta name='ocr-capabilities' content='ocr_page ocr_carea ocr_par ocr_line ocrx_word'/>
</head>
<body>
  <div class='ocr_page' id='page_1' title='image "./grammaticigraec02unkngoog_0539.png"; bbox 0 0 3664 5546; ppageno 0'>
   <div class='ocr_carea' id='block_1_1' title="bbox 1214 254 3098 319">
    <p class='ocr_par' dir='ltr' id='par_1_1' title="bbox 1214 254 3098 319">
     <span class='ocr_line' id='line_1_1' title="bbox 1214 254 3098 319; baseline 0.003 -6"><span class='ocrx_word' id='word_1_1' title='bbox 1214 257 1373 313; x_wconf 86' lang='grc' dir='ltr'>ΠΕΡΙ</span> <span class='ocrx_word' id='word_1_2' title='bbox 1415 256 1807 312; x_wconf 73' lang='grc' dir='ltr'>ΚΑΘΟΛΙΚΗἘ</span> <span class='ocrx_word' id='word_1_3' title='bbox 1843 255 2266 311; x_wconf 75' lang='grc' dir='ltr'>ΠΡΟΕΩιΔΙΑ(</span> <span class='ocrx_word' id='word_1_4' title='bbox 2306 257 2385 310; x_wconf 91' lang='grc' dir='ltr'>ΙΑ.</span> <span class='ocrx_word' id='word_1_5' title='bbox 2970 254 3098 319; x_wconf 77' lang='grc'>293</span> 
     </span>
    </p>
   </div>
   <div class='ocr_carea' id='block_1_2' title="bbox 479 424 3219 3851">
    <p class='ocr_par' dir='ltr' id='par_1_2' title="bbox 479 424 3149 1017">
     <span class='ocr_line' id='line_1_2' title="bbox 506 424 3093 508; baseline -0.002 -15"><span class='ocrx_word' id='word_1_6' title='bbox 506 434 649 508; x_wconf 86' lang='grc' dir='ltr'>χεῑα</span> <span class='ocrx_word' id='word_1_7' title='bbox 697 429 798 493; x_wconf 86' lang='grc' dir='ltr'>καὶ</span> <span class='ocrx_word' id='word_1_8' title='bbox 843 427 1143 508; x_wconf 73' lang='grc' dir='ltr'>ἀλίμενος</span> <span class='ocrx_word' id='word_1_9' title='bbox 1187 427 1343 492; x_wconf 87' lang='grc' dir='ltr'>ὅςον</span> <span class='ocrx_word' id='word_1_10' title='bbox 1389 426 1659 492; x_wconf 89' lang='grc' dir='ltr'>ςταδίων</span> <span class='ocrx_word' id='word_1_11' title='bbox 1703 426 2078 508; x_wconf 80' lang='grc' dir='ltr'>τριάκοντα,</span> <span class='ocrx_word' id='word_1_12' title='bbox 2135 424 2323 490; x_wconf 79' lang='grc' dir='ltr'>οἶνον</span> <span class='ocrx_word' id='word_1_13' title='bbox 2382 425 2638 504; x_wconf 85' lang='grc' dir='ltr'>ἄριςτον</span> <span class='ocrx_word' id='word_1_14' title='bbox 2697 425 2933 503; x_wconf 86' lang='grc' dir='ltr'>ἔχοντα</span> <span class='ocrx_word' id='word_1_15' title='bbox 2985 446 3093 490; x_wconf 92' lang='grc' dir='ltr'>κα-</span> 
     </span>
     <span class='ocr_line' id='line_1_3' title="bbox 508 524 3095 611; baseline -0.002 -15"><span class='ocrx_word' id='word_1_16' title='bbox 508 532 829 611; x_wconf 89' lang='grc' dir='ltr'>λούμενον</span> <span class='ocrx_word' id='word_1_17' title='bbox 876 529 1250 610; x_wconf 87' lang='grc' dir='ltr'>Ἀρςυηνόν,</span> <span class='ocrx_word' id='word_1_18' title='bbox 1296 526 1376 592; x_wconf 89' lang='grc' dir='ltr'>οὗ</span> <span class='ocrx_word' id='word_1_19' title='bbox 1420 529 1722 608; x_wconf 85' lang='grc' dir='ltr'>μέμνηται</span> <span class='ocrx_word' id='word_1_20' title='bbox 1769 527 2069 606; x_wconf 80' lang='grc' dir='ltr'>(τράβων</span> <span class='ocrx_word' id='word_1_21' title='bbox 2116 527 2193 591; x_wconf 87' lang='grc' dir='ltr'>ιδ’</span> <span class='ocrx_word' id='word_1_22' title='bbox 2239 529 2330 611; x_wconf 88' lang='lat' dir='ltr'>(p.</span> <span class='ocrx_word' id='word_1_23' title='bbox 2363 524 2532 608; x_wconf 84' lang='lat'>645).</span> <span class='ocrx_word' id='word_1_24' title='bbox 2600 526 3095 605; x_wconf 87' lang='grc' dir='ltr'>Ἀςτερουςία</span> 
     </span>
     <span class='ocr_line' id='line_1_4' title="bbox 479 616 3091 712; baseline -0.002 -15"><span class='ocrx_word' id='word_1_25' title='bbox 479 616 662 711; x_wconf 41' lang='grc' dir='ltr'>“ὄρος</span> <span class='ocrx_word' id='word_1_26' title='bbox 711 634 949 712; x_wconf 86' lang='grc' dir='ltr'>Κρήτης</span> <span class='ocrx_word' id='word_1_27' title='bbox 1004 632 1170 709; x_wconf 89' lang='grc' dir='ltr'>πρὸς</span> <span class='ocrx_word' id='word_1_28' title='bbox 1221 631 1297 695; x_wconf 86' lang='grc' dir='ltr'>τὸ</span> <span class='ocrx_word' id='word_1_29' title='bbox 1351 630 1573 694; x_wconf 90' lang='grc' dir='ltr'>νότιον</span> <span class='ocrx_word' id='word_1_30' title='bbox 1630 630 1822 709; x_wconf 89' lang='grc' dir='ltr'>μέρος</span> <span class='ocrx_word' id='word_1_31' title='bbox 1877 627 2254 708; x_wconf 84' lang='grc' dir='ltr'>ἀποβλέπον</span> <span class='ocrx_word' id='word_1_32' title='bbox 2299 627 2387 692; x_wconf 85' lang='grc' dir='ltr'>εἰς</span> <span class='ocrx_word' id='word_1_33' title='bbox 2430 629 2781 711; x_wconf 82' lang='grc' dir='ltr'>Θάλαςςαν,</span> <span class='ocrx_word' id='word_1_34' title='bbox 2839 626 2966 708; x_wconf 83' lang='grc' dir='ltr'>ἀφ’</span> <span class='ocrx_word' id='word_1_35' title='bbox 3011 628 3091 692; x_wconf 85' lang='grc' dir='ltr'>οὗ</span> 
     </span>
     <span class='ocr_line' id='line_1_5' title="bbox 505 730 3092 813; baseline -0.002 -14"><span class='ocrx_word' id='word_1_36' title='bbox 505 736 607 799; x_wconf 89' lang='grc' dir='ltr'>καὶ</span> <span class='ocrx_word' id='word_1_37' title='bbox 662 735 848 799; x_wconf 91' lang='grc' dir='ltr'>πόλις</span> <span class='ocrx_word' id='word_1_38' title='bbox 901 733 1048 811; x_wconf 78' lang='grc' dir='ltr'>περὶ</span> <span class='ocrx_word' id='word_1_39' title='bbox 1105 733 1221 797; x_wconf 85' lang='grc' dir='ltr'>τὸν</span> <span class='ocrx_word' id='word_1_40' title='bbox 1282 731 1607 796; x_wconf 84' lang='grc' dir='ltr'>Καύκαςον</span> <span class='ocrx_word' id='word_1_41' title='bbox 1676 730 1923 807; x_wconf 80' lang='grc' dir='ltr'>(ινδικὴ</span> <span class='ocrx_word' id='word_1_42' title='bbox 1980 730 2375 807; x_wconf 78' lang='grc' dir='ltr'>Ἀςτερουςία</span> <span class='ocrx_word' id='word_1_43' title='bbox 2440 731 2762 813; x_wconf 86' lang='grc' dir='ltr'>κέκληται,</span> <span class='ocrx_word' id='word_1_44' title='bbox 2834 730 3092 809; x_wconf 84' lang='grc' dir='ltr'>Κρητῶν</span> 
     </span>
     <span class='ocr_line' id='line_1_6' title="bbox 504 831 3149 911; baseline -0.002 -12"><span class='ocrx_word' id='word_1_45' title='bbox 504 835 797 901; x_wconf 85' lang='grc' dir='ltr'>ἀποικίας</span> <span class='ocrx_word' id='word_1_46' title='bbox 852 835 982 899; x_wconf 83' lang='grc' dir='ltr'>ἐκεῖ</span> <span class='ocrx_word' id='word_1_47' title='bbox 1037 833 1370 911; x_wconf 86' lang='grc' dir='ltr'>ςταλείςης.</span> <span class='ocrx_word' id='word_1_48' title='bbox 1462 835 1500 897; x_wconf 95' lang='grc' dir='ltr'>Γ</span> <span class='ocrx_word' id='word_1_49' title='bbox 1515 832 1875 911; x_wconf 89' lang='grc' dir='ltr'>υμνηςίαι</span> <span class='ocrx_word' id='word_1_50' title='bbox 1934 831 2053 896; x_wconf 87' lang='grc' dir='ltr'>δύο</span> <span class='ocrx_word' id='word_1_51' title='bbox 2111 835 2289 910; x_wconf 85' lang='grc' dir='ltr'>νῆςοι</span> <span class='ocrx_word' id='word_1_52' title='bbox 2349 832 2495 909; x_wconf 85' lang='grc' dir='ltr'>περὶ</span> <span class='ocrx_word' id='word_1_53' title='bbox 2549 833 2664 909; x_wconf 87' lang='grc' dir='ltr'>τὴν</span> <span class='ocrx_word' id='word_1_54' title='bbox 2719 831 3086 910; x_wconf 87' lang='grc' dir='ltr'>Τυρςηνίδα.</span> <span class='ocrx_word' id='word_1_55' title='bbox 3115 836 3149 887; x_wconf 85' lang='grc'><strong>5</strong></span> 
     </span>
     <span class='ocr_line' id='line_1_7' title="bbox 504 933 2487 1017; baseline -0.003 -17"><span class='ocrx_word' id='word_1_56' title='bbox 504 936 864 1017; x_wconf 87' lang='grc' dir='ltr'>Λυκόφρων</span> <span class='ocrx_word' id='word_1_57' title='bbox 909 937 1002 1017; x_wconf 86' lang='lat' dir='ltr'>(v.</span> <span class='ocrx_word' id='word_1_58' title='bbox 1047 933 1201 1015; x_wconf 87' lang='lat'>633)</span> <span class='ocrx_word' id='word_1_59' title='bbox 1990 1006 1994 1010; x_wconf 17' lang='grc' dir='ltr'><strong>Α</strong></span> <span class='ocrx_word' id='word_1_60' title='bbox 2480 958 2487 961; x_wconf 57' lang='grc'><em>“</em></span> 
     </span>
    </p>

    <p class='ocr_par' dir='ltr' id='par_1_3' title="bbox 1078 1033 2492 1116">
     <span class='ocr_line' id='line_1_8' title="bbox 1078 1033 2492 1116; baseline -0.001 -17"><span class='ocrx_word' id='word_1_61' title='bbox 1078 1034 1141 1100; x_wconf 79' lang='grc' dir='ltr'>οἱ</span> <span class='ocrx_word' id='word_1_62' title='bbox 1184 1035 1240 1099; x_wconf 75' lang='grc' dir='ltr'>δ’</span> <span class='ocrx_word' id='word_1_63' title='bbox 1285 1034 1755 1116; x_wconf 82' lang='grc' dir='ltr'>άμφικλύςτους</span> <span class='ocrx_word' id='word_1_64' title='bbox 1799 1034 2106 1113; x_wconf 85' lang='grc' dir='ltr'>χοιράδας</span> <span class='ocrx_word' id='word_1_65' title='bbox 2152 1036 2190 1098; x_wconf 95' lang='grc' dir='ltr'>Γ</span> <span class='ocrx_word' id='word_1_66' title='bbox 2194 1033 2492 1114; x_wconf 89' lang='grc' dir='ltr'>υμνηςίας</span> 
     </span>
    </p>

    <p class='ocr_par' dir='ltr' id='par_1_4' title="bbox 1078 1134 2593 1216">
     <span class='ocr_line' id='line_1_9' title="bbox 1078 1134 2593 1216; baseline -0.002 -14"><span class='ocrx_word' id='word_1_67' title='bbox 1078 1141 1511 1216; x_wconf 85' lang='grc' dir='ltr'>ςιςυρνοδῡται</span> <span class='ocrx_word' id='word_1_68' title='bbox 1555 1136 1838 1216; x_wconf 86' lang='grc' dir='ltr'>καρκίνοι</span> <span class='ocrx_word' id='word_1_69' title='bbox 1882 1134 2293 1202; x_wconf 87' lang='grc' dir='ltr'>πεπλωκότες</span> <span class='ocrx_word' id='word_1_70' title='bbox 2336 1168 2343 1179; x_wconf 63' lang='grc'><strong>»</strong></span> <span class='ocrx_word' id='word_1_71' title='bbox 2586 1147 2593 1154; x_wconf 75' lang='grc'><strong><em>’</em></strong></span> 
     </span>
    </p>

    <p class='ocr_par' dir='ltr' id='par_1_5' title="bbox 488 1236 3219 3851">
     <span class='ocr_line' id='line_1_10' title="bbox 1077 1236 2366 1319; baseline -0.002 -17"><span class='ocrx_word' id='word_1_72' title='bbox 1077 1238 1389 1319; x_wconf 86' lang='grc' dir='ltr'>ἄχλαινον</span> <span class='ocrx_word' id='word_1_73' title='bbox 1434 1236 1861 1317; x_wconf 87' lang='grc' dir='ltr'>άμπρεύςουςι</span> <span class='ocrx_word' id='word_1_74' title='bbox 1904 1238 2164 1315; x_wconf 88' lang='grc' dir='ltr'>νήλιποι</span> <span class='ocrx_word' id='word_1_75' title='bbox 2211 1236 2366 1316; x_wconf 89' lang='grc' dir='ltr'>βίον.</span> 
     </span>
     <span class='ocr_line' id='line_1_11' title="bbox 508 1336 3191 1421; baseline -0.001 -15"><span class='ocrx_word' id='word_1_76' title='bbox 508 1340 885 1421; x_wconf 89' lang='grc' dir='ltr'>Κορηςςία</span> <span class='ocrx_word' id='word_1_77' title='bbox 926 1339 1265 1419; x_wconf 90' lang='grc' dir='ltr'>πολίχνιον</span> <span class='ocrx_word' id='word_1_78' title='bbox 1322 1342 1433 1416; x_wconf 91' lang='grc' dir='ltr'>τῆς</span> <span class='ocrx_word' id='word_1_79' title='bbox 1482 1339 1633 1403; x_wconf 87' lang='grc' dir='ltr'>Κέω.</span> <span class='ocrx_word' id='word_1_80' title='bbox 1726 1338 2110 1419; x_wconf 89' lang='grc' dir='ltr'>Κραβαςία</span> <span class='ocrx_word' id='word_1_81' title='bbox 2165 1338 2353 1403; x_wconf 92' lang='grc' dir='ltr'>πόλις</span> <span class='ocrx_word' id='word_1_82' title='bbox 2403 1337 2677 1417; x_wconf 85' lang='grc' dir='ltr'>Ἰβήρων.</span> <span class='ocrx_word' id='word_1_83' title='bbox 2765 1336 3089 1403; x_wconf 87' lang='grc' dir='ltr'>Ἑκαταῖος</span> <span class='ocrx_word' id='word_1_84' title='bbox 3125 1339 3191 1391; x_wconf 87' lang='grc'>10</span> 
     </span>
     <span class='ocr_line' id='line_1_12' title="bbox 504 1437 3089 1527; baseline -0.001 -20"><span class='ocrx_word' id='word_1_85' title='bbox 504 1443 792 1527; x_wconf 86' lang='grc' dir='ltr'>Εὐρώπῃ.</span> <span class='ocrx_word' id='word_1_86' title='bbox 879 1442 1342 1522; x_wconf 89' lang='grc' dir='ltr'>Δελφουςία</span> <span class='ocrx_word' id='word_1_87' title='bbox 1384 1441 1572 1505; x_wconf 90' lang='grc' dir='ltr'>πόλις</span> <span class='ocrx_word' id='word_1_88' title='bbox 1615 1440 1943 1518; x_wconf 81' lang='grc' dir='ltr'>Ἀρκαδίας</span> <span class='ocrx_word' id='word_1_89' title='bbox 2000 1438 2090 1504; x_wconf 86' lang='grc' dir='ltr'>ὡς</span> <span class='ocrx_word' id='word_1_90' title='bbox 2136 1439 2520 1517; x_wconf 81' lang='grc' dir='ltr'>Ἀνδροτίων</span> <span class='ocrx_word' id='word_1_91' title='bbox 2577 1437 2646 1502; x_wconf 86' lang='grc' dir='ltr'>ἑν</span> <span class='ocrx_word' id='word_1_92' title='bbox 2696 1438 2747 1519; x_wconf 88' lang='grc' dir='ltr'>β’</span> <span class='ocrx_word' id='word_1_93' title='bbox 2793 1439 3089 1504; x_wconf 87' lang='grc' dir='ltr'>Ἀτθίδος.</span> 
     </span>
     <span class='ocr_line' id='line_1_13' title="bbox 501 1538 3090 1623; baseline -0.001 -15"><span class='ocrx_word' id='word_1_94' title='bbox 501 1544 891 1609; x_wconf 91' lang='grc' dir='ltr'>Διονυςία</span> <span class='ocrx_word' id='word_1_95' title='bbox 954 1543 1139 1608; x_wconf 89' lang='grc' dir='ltr'>πόλις</span> <span class='ocrx_word' id='word_1_96' title='bbox 1195 1541 1468 1606; x_wconf 87' lang='grc' dir='ltr'>Ἰταλίας.</span> <span class='ocrx_word' id='word_1_97' title='bbox 1565 1540 1973 1608; x_wconf 89' lang='grc' dir='ltr'>Δονουςία</span> <span class='ocrx_word' id='word_1_98' title='bbox 2036 1543 2228 1617; x_wconf 90' lang='grc' dir='ltr'>νῆςος</span> <span class='ocrx_word' id='word_1_99' title='bbox 2284 1540 2473 1618; x_wconf 87' lang='grc' dir='ltr'>μικρὰ</span> <span class='ocrx_word' id='word_1_100' title='bbox 2526 1538 2790 1623; x_wconf 84' lang='grc' dir='ltr'>Ῥόδου,</span> <span class='ocrx_word' id='word_1_101' title='bbox 2858 1540 2946 1605; x_wconf 89' lang='grc' dir='ltr'>εἰς</span> <span class='ocrx_word' id='word_1_102' title='bbox 3012 1543 3090 1618; x_wconf 87' lang='grc' dir='ltr'>ἣν</span> 
     </span>
     <span class='ocr_line' id='line_1_14' title="bbox 501 1640 3090 1721; baseline -0 -13"><span class='ocrx_word' id='word_1_103' title='bbox 501 1645 820 1710; x_wconf 90' lang='grc' dir='ltr'>Διόνυςος</span> <span class='ocrx_word' id='word_1_104' title='bbox 879 1644 944 1715; x_wconf 83' lang='grc' dir='ltr'>ἐξ</span> <span class='ocrx_word' id='word_1_105' title='bbox 1004 1644 1215 1711; x_wconf 89' lang='grc' dir='ltr'>Νάξου</span> <span class='ocrx_word' id='word_1_106' title='bbox 1269 1644 1385 1721; x_wconf 86' lang='grc' dir='ltr'>τὴν</span> <span class='ocrx_word' id='word_1_107' title='bbox 1433 1643 1766 1721; x_wconf 89' lang='grc' dir='ltr'>Ἀριάδνην</span> <span class='ocrx_word' id='word_1_108' title='bbox 1822 1640 2182 1721; x_wconf 81' lang='grc' dir='ltr'>μετεκόμιςε</span> <span class='ocrx_word' id='word_1_109' title='bbox 2227 1645 2344 1707; x_wconf 85' lang='grc' dir='ltr'>τοῦ</span> <span class='ocrx_word' id='word_1_110' title='bbox 2399 1642 2643 1720; x_wconf 88' lang='grc' dir='ltr'>πατρὸς</span> <span class='ocrx_word' id='word_1_111' title='bbox 2701 1641 2885 1707; x_wconf 89' lang='grc' dir='ltr'>Μίνω</span> <span class='ocrx_word' id='word_1_112' title='bbox 2944 1644 3090 1707; x_wconf 91' lang='grc' dir='ltr'>διώ-</span> 
     </span>
     <span class='ocr_line' id='line_1_15' title="bbox 497 1739 3111 1823; baseline -0.001 -13"><span class='ocrx_word' id='word_1_113' title='bbox 497 1750 735 1811; x_wconf 81' lang='grc' dir='ltr'>’κοντος</span> <span class='ocrx_word' id='word_1_114' title='bbox 780 1745 999 1822; x_wconf 83' lang='grc' dir='ltr'>αὐτήν.</span> <span class='ocrx_word' id='word_1_115' title='bbox 1059 1744 1229 1810; x_wconf 83' lang='grc' dir='ltr'>ἔοικε</span> <span class='ocrx_word' id='word_1_116' title='bbox 1275 1743 1395 1809; x_wconf 84' lang='grc' dir='ltr'>οὖν</span> <span class='ocrx_word' id='word_1_117' title='bbox 1440 1744 1752 1809; x_wconf 90' lang='grc' dir='ltr'>Διονυςία</span> <span class='ocrx_word' id='word_1_118' title='bbox 1796 1739 1961 1807; x_wconf 83' lang='grc' dir='ltr'>εἶναι</span> <span class='ocrx_word' id='word_1_119' title='bbox 2005 1744 2109 1807; x_wconf 86' lang='grc' dir='ltr'>καὶ</span> <span class='ocrx_word' id='word_1_120' title='bbox 2151 1743 2308 1807; x_wconf 86' lang='grc' dir='ltr'>κατὰ</span> <span class='ocrx_word' id='word_1_121' title='bbox 2352 1743 2785 1823; x_wconf 84' lang='grc' dir='ltr'>παραφθορὰν</span> <span class='ocrx_word' id='word_1_122' title='bbox 2830 1744 3111 1809; x_wconf 51' lang='grc' dir='ltr'>Δονουι</span> 
     </span>
     <span class='ocr_line' id='line_1_16' title="bbox 503 1843 3191 1926; baseline 0 -15"><span class='ocrx_word' id='word_1_123' title='bbox 503 1849 616 1911; x_wconf 89' lang='grc' dir='ltr'>ςία.</span> <span class='ocrx_word' id='word_1_124' title='bbox 707 1847 999 1912; x_wconf 89' lang='grc' dir='ltr'>Μαςςία</span> <span class='ocrx_word' id='word_1_125' title='bbox 1042 1848 1223 1926; x_wconf 87' lang='grc' dir='ltr'>χώρα</span> <span class='ocrx_word' id='word_1_126' title='bbox 1266 1846 1692 1925; x_wconf 82' lang='grc' dir='ltr'>παρακειμένη</span> <span class='ocrx_word' id='word_1_127' title='bbox 1735 1847 1874 1910; x_wconf 83' lang='grc' dir='ltr'>τοῖς</span> <span class='ocrx_word' id='word_1_128' title='bbox 1919 1843 2337 1924; x_wconf 89' lang='grc' dir='ltr'>Ταρτηςςίοις.</span> <span class='ocrx_word' id='word_1_129' title='bbox 2411 1843 2837 1923; x_wconf 77' lang='grc' dir='ltr'>Ἐκατηςία·</span> <span class='ocrx_word' id='word_1_130' title='bbox 2883 1844 3092 1911; x_wconf 86' lang='grc' dir='ltr'>οὕτως</span> <span class='ocrx_word' id='word_1_131' title='bbox 3128 1848 3191 1900; x_wconf 89' lang='grc'>15</span> 
     </span>
     <span class='ocr_line' id='line_1_17' title="bbox 500 1945 3091 2026; baseline -0 -14"><span class='ocrx_word' id='word_1_132' title='bbox 500 1949 539 2026; x_wconf 89' lang='grc' dir='ltr'>ἡ</span> <span class='ocrx_word' id='word_1_133' title='bbox 595 1948 814 2025; x_wconf 86' lang='grc' dir='ltr'>Ἰδριὰς</span> <span class='ocrx_word' id='word_1_134' title='bbox 868 1948 1054 2012; x_wconf 89' lang='grc' dir='ltr'>πόλις</span> <span class='ocrx_word' id='word_1_135' title='bbox 1112 1948 1400 2012; x_wconf 85' lang='grc' dir='ltr'>ἐκαλεῖτο</span> <span class='ocrx_word' id='word_1_136' title='bbox 1461 1946 1704 2025; x_wconf 86' lang='grc' dir='ltr'>Καρίας.</span> <span class='ocrx_word' id='word_1_137' title='bbox 1796 1945 2199 2011; x_wconf 89' lang='grc' dir='ltr'>Μολοςςία</span> <span class='ocrx_word' id='word_1_138' title='bbox 2262 1947 2301 2024; x_wconf 89' lang='grc' dir='ltr'>ἡ</span> <span class='ocrx_word' id='word_1_139' title='bbox 2368 1947 2549 2024; x_wconf 85' lang='grc' dir='ltr'>χώρα</span> <span class='ocrx_word' id='word_1_140' title='bbox 2607 1949 2720 2024; x_wconf 87' lang='grc' dir='ltr'>τῆς</span> <span class='ocrx_word' id='word_1_141' title='bbox 2772 1946 3091 2025; x_wconf 83' lang='grc' dir='ltr'>Ἠπείρου.</span> 
     </span>
     <span class='ocr_line' id='line_1_18' title="bbox 503 2044 3093 2128; baseline -0 -14"><span class='ocrx_word' id='word_1_142' title='bbox 503 2049 752 2115; x_wconf 90' lang='grc' dir='ltr'>Μυςία</span> <span class='ocrx_word' id='word_1_143' title='bbox 793 2048 832 2127; x_wconf 91' lang='grc' dir='ltr'>ἡ</span> <span class='ocrx_word' id='word_1_144' title='bbox 878 2050 1058 2128; x_wconf 86' lang='grc' dir='ltr'>χώρα</span> <span class='ocrx_word' id='word_1_145' title='bbox 1099 2050 1202 2113; x_wconf 88' lang='grc' dir='ltr'>καὶ</span> <span class='ocrx_word' id='word_1_146' title='bbox 1245 2049 1448 2113; x_wconf 90' lang='grc' dir='ltr'>πόλις.</span> <span class='ocrx_word' id='word_1_147' title='bbox 1535 2048 1734 2113; x_wconf 84' lang='grc' dir='ltr'>Λυδοὶ</span> <span class='ocrx_word' id='word_1_148' title='bbox 1777 2048 1850 2111; x_wconf 80' lang='grc' dir='ltr'>δὲ</span> <span class='ocrx_word' id='word_1_149' title='bbox 1892 2049 2009 2124; x_wconf 87' lang='grc' dir='ltr'>τὴν</span> <span class='ocrx_word' id='word_1_150' title='bbox 2053 2044 2250 2126; x_wconf 85' lang='grc' dir='ltr'>ὀξύην</span> <span class='ocrx_word' id='word_1_151' title='bbox 2280 2046 2478 2126; x_wconf 89' lang='grc' dir='ltr'>μυςόν</span> <span class='ocrx_word' id='word_1_152' title='bbox 2509 2066 2679 2126; x_wconf 90' lang='grc' dir='ltr'>φαςι.</span> <span class='ocrx_word' id='word_1_153' title='bbox 2771 2048 3093 2113; x_wconf 91' lang='grc' dir='ltr'>Νικαςία</span> 
     </span>
     <span class='ocr_line' id='line_1_19' title="bbox 500 2147 3091 2230; baseline -0.001 -14"><span class='ocrx_word' id='word_1_154' title='bbox 500 2149 779 2230; x_wconf 89' lang='grc' dir='ltr'>νηςίδιον</span> <span class='ocrx_word' id='word_1_155' title='bbox 826 2151 1047 2230; x_wconf 89' lang='grc' dir='ltr'>μικρὸν</span> <span class='ocrx_word' id='word_1_156' title='bbox 1092 2151 1361 2229; x_wconf 91' lang='grc' dir='ltr'>πληςίον</span> <span class='ocrx_word' id='word_1_157' title='bbox 1407 2150 1636 2215; x_wconf 87' lang='grc' dir='ltr'>Νάξου.</span> <span class='ocrx_word' id='word_1_158' title='bbox 1721 2148 2126 2226; x_wconf 88' lang='grc' dir='ltr'>Παρραςία</span> <span class='ocrx_word' id='word_1_159' title='bbox 2163 2147 2356 2212; x_wconf 86' lang='grc' dir='ltr'>πόλις</span> <span class='ocrx_word' id='word_1_160' title='bbox 2399 2148 2741 2224; x_wconf 90' lang='grc' dir='ltr'>Ἀρκαδίας,</span> <span class='ocrx_word' id='word_1_161' title='bbox 2807 2149 3091 2229; x_wconf 89' lang='grc' dir='ltr'>Ὅμηρος</span> 
     </span>
     <span class='ocr_line' id='line_1_20' title="bbox 500 2247 3086 2333; baseline -0.001 -18"><span class='ocrx_word' id='word_1_162' title='bbox 500 2254 577 2333; x_wconf 88' lang='grc' dir='ltr'>(Β</span> <span class='ocrx_word' id='word_1_163' title='bbox 620 2251 775 2333; x_wconf 86' lang='grc'>608)</span> <span class='ocrx_word' id='word_1_164' title='bbox 824 2251 1244 2331; x_wconf 76' lang='grc' dir='ltr'>«Ετύμφηλόν</span> <span class='ocrx_word' id='word_1_165' title='bbox 1290 2253 1354 2314; x_wconf 77' lang='grc' dir='ltr'>τ’</span> <span class='ocrx_word' id='word_1_166' title='bbox 1385 2249 1567 2328; x_wconf 84' lang='grc' dir='ltr'>εἶχον</span> <span class='ocrx_word' id='word_1_167' title='bbox 1611 2250 1715 2314; x_wconf 83' lang='grc' dir='ltr'>καὶ</span> <span class='ocrx_word' id='word_1_168' title='bbox 1755 2249 2124 2327; x_wconf 89' lang='grc' dir='ltr'>Παρραςίην</span> <span class='ocrx_word' id='word_1_169' title='bbox 2169 2247 2518 2328; x_wconf 82' lang='grc' dir='ltr'>ἐνέμοντο»</span> <span class='ocrx_word' id='word_1_170' title='bbox 2567 2247 2698 2313; x_wconf 89' lang='grc' dir='ltr'>ἀπὸ</span> <span class='ocrx_word' id='word_1_171' title='bbox 2739 2250 3086 2327; x_wconf 89' lang='grc' dir='ltr'>Παρρὰςου</span> 
     </span>
     <span class='ocr_line' id='line_1_21' title="bbox 500 2349 3191 2433; baseline -0.001 -17"><span class='ocrx_word' id='word_1_172' title='bbox 500 2353 648 2418; x_wconf 85' lang='grc' dir='ltr'>ἑνὸς</span> <span class='ocrx_word' id='word_1_173' title='bbox 673 2358 803 2418; x_wconf 88' lang='grc' dir='ltr'>τῶν</span> <span class='ocrx_word' id='word_1_174' title='bbox 833 2352 1164 2417; x_wconf 90' lang='grc' dir='ltr'>Λυκάονος</span> <span class='ocrx_word' id='word_1_175' title='bbox 1206 2353 1474 2416; x_wconf 88' lang='grc' dir='ltr'>παίδων.</span> <span class='ocrx_word' id='word_1_176' title='bbox 1535 2351 1744 2429; x_wconf 84' lang='grc' dir='ltr'>Χάραξ</span> <span class='ocrx_word' id='word_1_177' title='bbox 1776 2352 1848 2414; x_wconf 78' lang='grc' dir='ltr'>δὲ</span> <span class='ocrx_word' id='word_1_178' title='bbox 1879 2349 2091 2429; x_wconf 86' lang='grc' dir='ltr'>κτίςμα</span> <span class='ocrx_word' id='word_1_179' title='bbox 2118 2350 2458 2424; x_wconf 86' lang='grc' dir='ltr'>Πελαςγοῦ</span> <span class='ocrx_word' id='word_1_180' title='bbox 2500 2349 2570 2413; x_wconf 86' lang='grc' dir='ltr'>ἐν</span> <span class='ocrx_word' id='word_1_181' title='bbox 2601 2351 2840 2433; x_wconf 88' lang='grc' dir='ltr'>πρώτῳ</span> <span class='ocrx_word' id='word_1_182' title='bbox 2871 2370 3084 2428; x_wconf 86' lang='grc' dir='ltr'>χρονι-</span> <span class='ocrx_word' id='word_1_183' title='bbox 3123 2353 3191 2405; x_wconf 83' lang='grc'>20</span> 
     </span>
     <span class='ocr_line' id='line_1_22' title="bbox 501 2450 3087 2531; baseline -0.001 -13"><span class='ocrx_word' id='word_1_184' title='bbox 501 2460 634 2518; x_wconf 88' lang='grc' dir='ltr'>κῶν</span> <span class='ocrx_word' id='word_1_185' title='bbox 679 2453 884 2517; x_wconf 87' lang='grc' dir='ltr'>οὕτως</span> <span class='ocrx_word' id='word_1_186' title='bbox 930 2452 1306 2528; x_wconf 84' lang='grc' dir='ltr'>«Πελαςγὸς</span> <span class='ocrx_word' id='word_1_187' title='bbox 1337 2453 1703 2529; x_wconf 90' lang='grc' dir='ltr'>Ἀκέςτορος</span> <span class='ocrx_word' id='word_1_188' title='bbox 1747 2455 1899 2515; x_wconf 83' lang='grc' dir='ltr'>παῖς</span> <span class='ocrx_word' id='word_1_189' title='bbox 1942 2455 2059 2515; x_wconf 84' lang='grc' dir='ltr'>τοῦ</span> <span class='ocrx_word' id='word_1_190' title='bbox 2106 2450 2400 2531; x_wconf 85' lang='grc' dir='ltr'>Ἐκβάςου</span> <span class='ocrx_word' id='word_1_191' title='bbox 2443 2454 2562 2514; x_wconf 82' lang='grc' dir='ltr'>τοῦ</span> <span class='ocrx_word' id='word_1_192' title='bbox 2596 2451 2837 2529; x_wconf 85' lang='grc' dir='ltr'>Ἄργου</span> <span class='ocrx_word' id='word_1_193' title='bbox 2882 2470 3087 2531; x_wconf 89' lang='grc' dir='ltr'>μετοι-</span> 
     </span>
     <span class='ocr_line' id='line_1_23' title="bbox 488 2551 3086 2635; baseline -0 -17"><span class='ocrx_word' id='word_1_194' title='bbox 488 2554 692 2632; x_wconf 79' lang='grc' dir='ltr'>’κήςας</span> <span class='ocrx_word' id='word_1_195' title='bbox 747 2553 837 2618; x_wconf 87' lang='grc' dir='ltr'>εἰς</span> <span class='ocrx_word' id='word_1_196' title='bbox 883 2553 1159 2630; x_wconf 87' lang='grc' dir='ltr'>Ἄργους</span> <span class='ocrx_word' id='word_1_197' title='bbox 1200 2552 1306 2616; x_wconf 77' lang='grc' dir='ltr'>,εἰς</span> <span class='ocrx_word' id='word_1_198' title='bbox 1359 2555 1475 2632; x_wconf 86' lang='grc' dir='ltr'>τὴν</span> <span class='ocrx_word' id='word_1_199' title='bbox 1531 2552 1651 2617; x_wconf 79' lang='grc' dir='ltr'>ἀπ’</span> <span class='ocrx_word' id='word_1_200' title='bbox 1696 2551 1945 2617; x_wconf 86' lang='grc' dir='ltr'>ἐκείνου</span> <span class='ocrx_word' id='word_1_201' title='bbox 2001 2554 2116 2631; x_wconf 81' lang='grc' dir='ltr'>μὲν</span> <span class='ocrx_word' id='word_1_202' title='bbox 2168 2551 2315 2616; x_wconf 88' lang='grc' dir='ltr'>τότε</span> <span class='ocrx_word' id='word_1_203' title='bbox 2368 2552 2762 2635; x_wconf 85' lang='grc' dir='ltr'>Πελαςγίαν,</span> <span class='ocrx_word' id='word_1_204' title='bbox 2820 2552 3086 2631; x_wconf 82' lang='grc' dir='ltr'>ὕςτερον</span> 
     </span>
     <span class='ocr_line' id='line_1_24' title="bbox 503 2652 3085 2733; baseline 0 -15"><span class='ocrx_word' id='word_1_205' title='bbox 503 2655 574 2718; x_wconf 79' lang='grc' dir='ltr'>δὲ</span> <span class='ocrx_word' id='word_1_206' title='bbox 619 2652 949 2732; x_wconf 84' lang='grc' dir='ltr'>Ἀρκαδίαν</span> <span class='ocrx_word' id='word_1_207' title='bbox 994 2652 1386 2733; x_wconf 87' lang='grc' dir='ltr'>ἐβαςίλευςεν</span> <span class='ocrx_word' id='word_1_208' title='bbox 1443 2653 1554 2732; x_wconf 80' lang='grc' dir='ltr'>ἔτη</span> <span class='ocrx_word' id='word_1_209' title='bbox 1600 2652 1983 2717; x_wconf 85' lang='grc' dir='ltr'>εἰκοςιπέντε</span> <span class='ocrx_word' id='word_1_210' title='bbox 2028 2654 2130 2717; x_wconf 81' lang='grc' dir='ltr'>καὶ</span> <span class='ocrx_word' id='word_1_211' title='bbox 2171 2652 2363 2717; x_wconf 89' lang='grc' dir='ltr'>πόλιν</span> <span class='ocrx_word' id='word_1_212' title='bbox 2408 2653 2774 2732; x_wconf 91' lang='grc' dir='ltr'>Παρραςίαν</span> <span class='ocrx_word' id='word_1_213' title='bbox 2827 2653 3025 2719; x_wconf 86' lang='grc' dir='ltr'>ἔκτιςε</span> <span class='ocrx_word' id='word_1_214' title='bbox 3041 2679 3085 2718; x_wconf 59' lang='grc' dir='ltr'>ν.</span> 
     </span>
     <span class='ocr_line' id='line_1_25' title="bbox 505 2743 3087 2835; baseline 0 -15"><span class='ocrx_word' id='word_1_215' title='bbox 505 2756 797 2833; x_wconf 88' lang='grc' dir='ltr'>Νικάνωρ</span> <span class='ocrx_word' id='word_1_216' title='bbox 858 2756 928 2820; x_wconf 78' lang='grc' dir='ltr'>δὲ</span> <span class='ocrx_word' id='word_1_217' title='bbox 981 2754 1350 2835; x_wconf 90' lang='grc' dir='ltr'>Παρβαςίαν</span> <span class='ocrx_word' id='word_1_218' title='bbox 1404 2754 1594 2835; x_wconf 88' lang='grc' dir='ltr'>φηςὶν</span> <span class='ocrx_word' id='word_1_219' title='bbox 1649 2755 1850 2832; x_wconf 84' lang='grc' dir='ltr'>αὐτὴν</span> <span class='ocrx_word' id='word_1_220' title='bbox 1904 2756 2233 2832; x_wconf 85' lang='grc' dir='ltr'>κεκλῆςθαι</span> <span class='ocrx_word' id='word_1_221' title='bbox 2289 2755 2394 2819; x_wconf 87' lang='grc' dir='ltr'>διὰ</span> <span class='ocrx_word' id='word_1_222' title='bbox 2447 2756 2564 2833; x_wconf 89' lang='grc' dir='ltr'>τὴν</span> <span class='ocrx_word' id='word_1_223' title='bbox 2610 2743 2941 2821; x_wconf 85' lang='grc' dir='ltr'>Λυκάονος</span> <span class='ocrx_word' id='word_1_224' title='bbox 2999 2756 3087 2822; x_wconf 91' lang='grc' dir='ltr'>εἰς</span> 
     </span>
     <span class='ocr_line' id='line_1_26' title="bbox 501 2842 3219 2935; baseline -0.001 -14"><span class='ocrx_word' id='word_1_225' title='bbox 501 2858 615 2921; x_wconf 87' lang='grc' dir='ltr'>τὸν</span> <span class='ocrx_word' id='word_1_226' title='bbox 661 2857 791 2920; x_wconf 90' lang='grc' dir='ltr'>Δία</span> <span class='ocrx_word' id='word_1_227' title='bbox 833 2856 1251 2935; x_wconf 87' lang='grc' dir='ltr'>παρανομίαν.</span> <span class='ocrx_word' id='word_1_228' title='bbox 1338 2855 1717 2935; x_wconf 89' lang='grc' dir='ltr'>Πειραςία</span> <span class='ocrx_word' id='word_1_229' title='bbox 1770 2856 1958 2921; x_wconf 91' lang='grc' dir='ltr'>πόλις</span> <span class='ocrx_word' id='word_1_230' title='bbox 2005 2842 2388 2934; x_wconf 83' lang='grc' dir='ltr'>Μαγνηςίας.</span> <span class='ocrx_word' id='word_1_231' title='bbox 2478 2857 2723 2932; x_wconf 90' lang='grc' dir='ltr'>λέγεται</span> <span class='ocrx_word' id='word_1_232' title='bbox 2781 2858 2881 2921; x_wconf 87' lang='grc' dir='ltr'>καὶ</span> <span class='ocrx_word' id='word_1_233' title='bbox 2937 2858 3086 2922; x_wconf 76' lang='grc' dir='ltr'>Πεῐ-</span> <span class='ocrx_word' id='word_1_234' title='bbox 3123 2869 3219 2932; x_wconf 38' lang='grc'>25,</span> 
     </span>
     <span class='ocr_line' id='line_1_27' title="bbox 501 2958 3086 3037; baseline 0 -15"><span class='ocrx_word' id='word_1_235' title='bbox 501 2959 687 3036; x_wconf 87' lang='grc' dir='ltr'>ρεςία.</span> <span class='ocrx_word' id='word_1_236' title='bbox 775 2958 1168 3036; x_wconf 91' lang='grc' dir='ltr'>Περουςία</span> <span class='ocrx_word' id='word_1_237' title='bbox 1221 2958 1408 3023; x_wconf 88' lang='grc' dir='ltr'>πόλις</span> <span class='ocrx_word' id='word_1_238' title='bbox 1461 2958 1825 3037; x_wconf 83' lang='grc' dir='ltr'>Τυρρηνῶν.</span> <span class='ocrx_word' id='word_1_239' title='bbox 1913 2958 2227 3037; x_wconf 88' lang='grc' dir='ltr'>γράφεται</span> <span class='ocrx_word' id='word_1_240' title='bbox 2282 2959 2350 3022; x_wconf 80' lang='grc' dir='ltr'>δὲ</span> <span class='ocrx_word' id='word_1_241' title='bbox 2410 2962 2602 3036; x_wconf 84' lang='grc' dir='ltr'>διχῶς</span> <span class='ocrx_word' id='word_1_242' title='bbox 2661 2960 2764 3023; x_wconf 88' lang='grc' dir='ltr'>καὶ</span> <span class='ocrx_word' id='word_1_243' title='bbox 2821 2959 2925 3023; x_wconf 86' lang='grc' dir='ltr'>διὰ</span> <span class='ocrx_word' id='word_1_244' title='bbox 2969 2963 3086 3023; x_wconf 80' lang='grc' dir='ltr'>τοῦ</span> 
     </span>
     <span class='ocr_line' id='line_1_28' title="bbox 501 3057 3085 3141; baseline 0.001 -19"><span class='ocrx_word' id='word_1_245' title='bbox 501 3062 540 3130; x_wconf 77' lang='grc' dir='ltr'><strong><em>ὃ</em></strong></span> <span class='ocrx_word' id='word_1_246' title='bbox 597 3060 699 3123; x_wconf 90' lang='grc' dir='ltr'>καὶ</span> <span class='ocrx_word' id='word_1_247' title='bbox 754 3059 898 3139; x_wconf 91' lang='grc' dir='ltr'>δίχα</span> <span class='ocrx_word' id='word_1_248' title='bbox 962 3058 1180 3123; x_wconf 84' lang='grc' dir='ltr'>αὐτοῦ.</span> <span class='ocrx_word' id='word_1_249' title='bbox 1267 3059 1718 3139; x_wconf 91' lang='grc' dir='ltr'>Πρυμνηςία</span> <span class='ocrx_word' id='word_1_250' title='bbox 1783 3058 1970 3124; x_wconf 87' lang='grc' dir='ltr'>πόλις</span> <span class='ocrx_word' id='word_1_251' title='bbox 2031 3057 2289 3141; x_wconf 82' lang='grc' dir='ltr'>Καρίας,</span> <span class='ocrx_word' id='word_1_252' title='bbox 2356 3060 2435 3136; x_wconf 86' lang='grc' dir='ltr'>ἣν</span> <span class='ocrx_word' id='word_1_253' title='bbox 2501 3059 2698 3124; x_wconf 83' lang='grc' dir='ltr'>ἔκτιςε</span> <span class='ocrx_word' id='word_1_254' title='bbox 2755 3060 3085 3139; x_wconf 88' lang='grc' dir='ltr'>Μίμαιθος.</span> 
     </span>
     <span class='ocr_line' id='line_1_29' title="bbox 501 3160 3083 3245; baseline 0 -21"><span class='ocrx_word' id='word_1_255' title='bbox 501 3160 1018 3225; x_wconf 88' lang='grc' dir='ltr'>Ῥαδανουςία</span> <span class='ocrx_word' id='word_1_256' title='bbox 1078 3161 1265 3224; x_wconf 89' lang='grc' dir='ltr'>πόλις</span> <span class='ocrx_word' id='word_1_257' title='bbox 1322 3160 1695 3225; x_wconf 90' lang='grc' dir='ltr'>Μαςςαλίας.</span> <span class='ocrx_word' id='word_1_258' title='bbox 1781 3160 2297 3225; x_wconf 87' lang='grc' dir='ltr'>Ῥοδανουςία</span> <span class='ocrx_word' id='word_1_259' title='bbox 2361 3162 2549 3225; x_wconf 91' lang='grc' dir='ltr'>πόλις</span> <span class='ocrx_word' id='word_1_260' title='bbox 2614 3160 2683 3225; x_wconf 82' lang='grc' dir='ltr'>ἐν</span> <span class='ocrx_word' id='word_1_261' title='bbox 2743 3161 3083 3245; x_wconf 88' lang='grc' dir='ltr'>Μαςςαλίᾳ.</span> 
     </span>
     <span class='ocr_line' id='line_1_30' title="bbox 501 3261 3084 3341; baseline 0.001 -17"><span class='ocrx_word' id='word_1_262' title='bbox 501 3261 892 3341; x_wconf 89' lang='grc' dir='ltr'>Ταυραςία</span> <span class='ocrx_word' id='word_1_263' title='bbox 955 3261 1143 3326; x_wconf 89' lang='grc' dir='ltr'>πόλις</span> <span class='ocrx_word' id='word_1_264' title='bbox 1208 3261 1481 3325; x_wconf 84' lang='grc' dir='ltr'>Ἰταλίας.</span> <span class='ocrx_word' id='word_1_265' title='bbox 1594 3261 1915 3326; x_wconf 89' lang='grc' dir='ltr'>Χαδιςία</span> <span class='ocrx_word' id='word_1_266' title='bbox 1979 3261 2163 3325; x_wconf 90' lang='grc' dir='ltr'>πόλις</span> <span class='ocrx_word' id='word_1_267' title='bbox 2228 3261 2661 3339; x_wconf 86' lang='grc' dir='ltr'>Λευκοςύρων.</span> <span class='ocrx_word' id='word_1_268' title='bbox 2762 3261 3084 3327; x_wconf 81' lang='grc' dir='ltr'>Ἑκαταῖος</span> 
     </span>
     <span class='ocr_line' id='line_1_31' title="bbox 499 3360 3187 3447; baseline -0 -20"><span class='ocrx_word' id='word_1_269' title='bbox 499 3365 933 3438; x_wconf 89' lang='grc' dir='ltr'>γενεαλογιῶν</span> <span class='ocrx_word' id='word_1_270' title='bbox 979 3363 1258 3447; x_wconf 85' lang='grc' dir='ltr'>δευτέρῳ</span> <span class='ocrx_word' id='word_1_271' title='bbox 1306 3362 1383 3438; x_wconf 81' lang='grc' dir='ltr'>«ἡ</span> <span class='ocrx_word' id='word_1_272' title='bbox 1430 3364 1501 3427; x_wconf 79' lang='grc' dir='ltr'>δὲ</span> <span class='ocrx_word' id='word_1_273' title='bbox 1532 3363 1879 3441; x_wconf 86' lang='grc' dir='ltr'>Θεμιςκύρη</span> <span class='ocrx_word' id='word_1_274' title='bbox 1924 3361 2148 3427; x_wconf 87' lang='grc' dir='ltr'>πεδίον</span> <span class='ocrx_word' id='word_1_275' title='bbox 2193 3361 2359 3428; x_wconf 87' lang='grc' dir='ltr'>έςτὶν</span> <span class='ocrx_word' id='word_1_276' title='bbox 2403 3360 2535 3427; x_wconf 89' lang='grc' dir='ltr'>ἀπὸ</span> <span class='ocrx_word' id='word_1_277' title='bbox 2574 3362 2861 3441; x_wconf 90' lang='grc' dir='ltr'>Χαδιςίης</span> <span class='ocrx_word' id='word_1_278' title='bbox 2905 3364 3082 3442; x_wconf 91' lang='grc' dir='ltr'>μέχρι</span> <span class='ocrx_word' id='word_1_279' title='bbox 3121 3375 3187 3427; x_wconf 86' lang='grc' dir='ltr'>3ο</span> 
     </span>
     <span class='ocr_line' id='line_1_32' title="bbox 502 3462 3081 3545; baseline -0 -18"><span class='ocrx_word' id='word_1_280' title='bbox 502 3463 1025 3541; x_wconf 78' lang='grc' dir='ltr'>Θερμώδοντος».</span> <span class='ocrx_word' id='word_1_281' title='bbox 1093 3463 1430 3528; x_wconf 89' lang='grc' dir='ltr'>Μένιππος</span> <span class='ocrx_word' id='word_1_282' title='bbox 1474 3466 1545 3528; x_wconf 79' lang='grc' dir='ltr'>δὲ</span> <span class='ocrx_word' id='word_1_283' title='bbox 1593 3462 1887 3529; x_wconf 88' lang='grc' dir='ltr'>Χαδίςιον</span> <span class='ocrx_word' id='word_1_284' title='bbox 1931 3464 2148 3543; x_wconf 90' lang='grc' dir='ltr'>κώμην</span> <span class='ocrx_word' id='word_1_285' title='bbox 2191 3464 2295 3528; x_wconf 85' lang='grc' dir='ltr'>καὶ</span> <span class='ocrx_word' id='word_1_286' title='bbox 2336 3464 2631 3542; x_wconf 88' lang='grc' dir='ltr'>ποταμὸν</span> <span class='ocrx_word' id='word_1_287' title='bbox 2677 3462 2747 3529; x_wconf 81' lang='grc' dir='ltr'>ἐν</span> <span class='ocrx_word' id='word_1_288' title='bbox 2792 3464 3081 3545; x_wconf 83' lang='grc' dir='ltr'>περίπλῳ</span> 
     </span>
     <span class='ocr_line' id='line_1_33' title="bbox 499 3555 3080 3652; baseline 0 -25"><span class='ocrx_word' id='word_1_289' title='bbox 499 3568 632 3628; x_wconf 89' lang='grc' dir='ltr'>τῶν</span> <span class='ocrx_word' id='word_1_290' title='bbox 688 3563 809 3626; x_wconf 87' lang='grc' dir='ltr'>δύο</span> <span class='ocrx_word' id='word_1_291' title='bbox 864 3563 1138 3627; x_wconf 91' lang='grc' dir='ltr'>Πόντων</span> <span class='ocrx_word' id='word_1_292' title='bbox 1195 3564 1384 3643; x_wconf 90' lang='grc' dir='ltr'>φηςίν</span> <span class='ocrx_word' id='word_1_293' title='bbox 1444 3563 1616 3629; x_wconf 82' lang='grc' dir='ltr'>«ἀπὸ</span> <span class='ocrx_word' id='word_1_294' title='bbox 1671 3569 1788 3629; x_wconf 82' lang='grc' dir='ltr'>τοῦ</span> <span class='ocrx_word' id='word_1_295' title='bbox 1831 3565 2156 3652; x_wconf 84' lang='grc' dir='ltr'>Λυκάςτου</span> <span class='ocrx_word' id='word_1_296' title='bbox 2212 3565 2302 3628; x_wconf 88' lang='grc' dir='ltr'>εἰς</span> <span class='ocrx_word' id='word_1_297' title='bbox 2355 3565 2573 3644; x_wconf 91' lang='grc' dir='ltr'>κώμην</span> <span class='ocrx_word' id='word_1_298' title='bbox 2631 3565 2733 3628; x_wconf 84' lang='grc' dir='ltr'>καὶ</span> <span class='ocrx_word' id='word_1_299' title='bbox 2787 3555 3080 3644; x_wconf 77' lang='grc' dir='ltr'>ποταμὸν</span> 
     </span>
     <span class='ocr_line' id='line_1_34' title="bbox 504 3664 3078 3747; baseline 0.001 -19"><span class='ocrx_word' id='word_1_300' title='bbox 504 3664 800 3729; x_wconf 91' lang='grc' dir='ltr'>Χαδίςιον</span> <span class='ocrx_word' id='word_1_301' title='bbox 845 3664 1064 3727; x_wconf 89' lang='grc' dir='ltr'>ςτάδια</span> <span class='ocrx_word' id='word_1_302' title='bbox 1106 3664 1334 3728; x_wconf 86' lang='grc' dir='ltr'>ἑκατὸν</span> <span class='ocrx_word' id='word_1_303' title='bbox 1380 3666 1806 3747; x_wconf 87' lang='grc' dir='ltr'>πεντήκοντα,</span> <span class='ocrx_word' id='word_1_304' title='bbox 1858 3664 1990 3730; x_wconf 85' lang='grc' dir='ltr'>ἀπὸ</span> <span class='ocrx_word' id='word_1_305' title='bbox 2038 3664 2334 3730; x_wconf 89' lang='grc' dir='ltr'>Χαδιςίου</span> <span class='ocrx_word' id='word_1_306' title='bbox 2380 3665 2485 3729; x_wconf 83' lang='grc' dir='ltr'>ἐπὶ</span> <span class='ocrx_word' id='word_1_307' title='bbox 2526 3667 2640 3730; x_wconf 91' lang='grc' dir='ltr'>τὸν</span> <span class='ocrx_word' id='word_1_308' title='bbox 2687 3665 2838 3745; x_wconf 84' lang='grc' dir='ltr'>Ἰριν</span> <span class='ocrx_word' id='word_1_309' title='bbox 2882 3686 3078 3730; x_wconf 90' lang='grc' dir='ltr'>ποτα-</span> 
     </span>
     <span class='ocr_line' id='line_1_35' title="bbox 502 3764 3080 3851; baseline 0 -21"><span class='ocrx_word' id='word_1_310' title='bbox 502 3766 623 3845; x_wconf 85' lang='grc' dir='ltr'>μὸν</span> <span class='ocrx_word' id='word_1_311' title='bbox 668 3764 886 3829; x_wconf 88' lang='grc' dir='ltr'>ςτάδια</span> <span class='ocrx_word' id='word_1_312' title='bbox 929 3764 1216 3828; x_wconf 80' lang='grc' dir='ltr'>ἑκατόν».</span> <span class='ocrx_word' id='word_1_313' title='bbox 1294 3765 1614 3831; x_wconf 88' lang='grc' dir='ltr'>Χαλιςία</span> <span class='ocrx_word' id='word_1_314' title='bbox 1658 3767 1842 3831; x_wconf 91' lang='grc' dir='ltr'>πόλις</span> <span class='ocrx_word' id='word_1_315' title='bbox 1885 3767 2130 3846; x_wconf 85' lang='grc' dir='ltr'>Λιβύης.</span> <span class='ocrx_word' id='word_1_316' title='bbox 2204 3766 2488 3845; x_wconf 81' lang='grc' dir='ltr'>Ἔφορος</span> <span class='ocrx_word' id='word_1_317' title='bbox 2533 3766 2603 3831; x_wconf 87' lang='grc' dir='ltr'>ἐν</span> <span class='ocrx_word' id='word_1_318' title='bbox 2646 3773 2741 3851; x_wconf 85' lang='grc' dir='ltr'>τῷ</span> <span class='ocrx_word' id='word_1_319' title='bbox 2786 3767 2839 3830; x_wconf 83' lang='grc' dir='ltr'>ε’</span> <span class='ocrx_word' id='word_1_320' title='bbox 2884 3766 3080 3830; x_wconf 80' lang='grc' dir='ltr'>«ἀνα-</span> 
     </span>
    </p>
   </div>
   <div class='ocr_carea' id='block_1_3' title="bbox 500 3864 3309 3947">
    <p class='ocr_par' dir='ltr' id='par_1_6' title="bbox 500 3864 3309 3947">
     <span class='ocr_line' id='line_1_36' title="bbox 500 3864 3309 3947; baseline 0.001 -18"><span class='ocrx_word' id='word_1_321' title='bbox 500 3865 710 3944; x_wconf 85' lang='grc' dir='ltr'>χθέντι</span> <span class='ocrx_word' id='word_1_322' title='bbox 756 3865 823 3929; x_wconf 82' lang='grc' dir='ltr'>δ’</span> <span class='ocrx_word' id='word_1_323' title='bbox 867 3864 999 3929; x_wconf 88' lang='grc' dir='ltr'>ἀπὸ</span> <span class='ocrx_word' id='word_1_324' title='bbox 1053 3865 1303 3929; x_wconf 86' lang='grc' dir='ltr'>τούτων</span> <span class='ocrx_word' id='word_1_325' title='bbox 1357 3866 1544 3932; x_wconf 85' lang='grc' dir='ltr'>πόλις</span> <span class='ocrx_word' id='word_1_326' title='bbox 1586 3867 2029 3947; x_wconf 84' lang='grc' dir='ltr'>ὀνομαζομένη</span> <span class='ocrx_word' id='word_1_327' title='bbox 2066 3867 2381 3932; x_wconf 75' lang='grc' dir='ltr'>Χαλιςία».</span> <span class='ocrx_word' id='word_1_328' title='bbox 2478 3867 2835 3945; x_wconf 88' lang='grc' dir='ltr'>Χαριςίαι</span> <span class='ocrx_word' id='word_1_329' title='bbox 2892 3869 3079 3932; x_wconf 91' lang='grc' dir='ltr'>πόλις</span> <span class='ocrx_word' id='word_1_330' title='bbox 3116 3879 3207 3932; x_wconf 82' lang='grc'>35-</span> <span class='ocrx_word' id='word_1_331' title='bbox 3302 3887 3309 3900; x_wconf 85' lang='grc'><strong>’</strong></span> 
     </span>
    </p>
   </div>
   <div class='ocr_carea' id='block_1_4' title="bbox 500 3964 3216 4351">
    <p class='ocr_par' dir='ltr' id='par_1_7' title="bbox 500 3964 3216 4351">
     <span class='ocr_line' id='line_1_37' title="bbox 500 3964 3081 4050; baseline -0.001 -19"><span class='ocrx_word' id='word_1_332' title='bbox 500 3967 827 4046; x_wconf 87' lang='grc' dir='ltr'>Ἀρκαδίας</span> <span class='ocrx_word' id='word_1_333' title='bbox 890 3964 1021 4031; x_wconf 89' lang='grc' dir='ltr'>ἀπὸ</span> <span class='ocrx_word' id='word_1_334' title='bbox 1089 3966 1384 4044; x_wconf 85' lang='grc' dir='ltr'>Χαριςίου</span> <span class='ocrx_word' id='word_1_335' title='bbox 1438 3968 1666 4032; x_wconf 90' lang='grc' dir='ltr'>παιδὸς</span> <span class='ocrx_word' id='word_1_336' title='bbox 1727 3967 2074 4032; x_wconf 88' lang='grc' dir='ltr'>Λυκάονος.</span> <span class='ocrx_word' id='word_1_337' title='bbox 2171 3969 2535 4033; x_wconf 89' lang='grc' dir='ltr'>Παυςανίας</span> <span class='ocrx_word' id='word_1_338' title='bbox 2590 3967 2809 4050; x_wconf 85' lang='grc' dir='ltr'>ὀγδόῳ</span> <span class='ocrx_word' id='word_1_339' title='bbox 2864 3967 2964 4048; x_wconf 85' lang='lat'>(3,</span> <span class='ocrx_word' id='word_1_340' title='bbox 3010 3967 3081 4048; x_wconf 90' lang='lat'>4)</span> 
     </span>
     <span class='ocr_line' id='line_1_38' title="bbox 501 4056 3078 4148; baseline 0 -18"><span class='ocrx_word' id='word_1_341' title='bbox 501 4068 996 4147; x_wconf 79' lang='grc' dir='ltr'>«ώνομάςθηςαν</span> <span class='ocrx_word' id='word_1_342' title='bbox 1043 4070 1113 4132; x_wconf 79' lang='grc' dir='ltr'>δ“ε</span> <span class='ocrx_word' id='word_1_343' title='bbox 1144 4070 1245 4132; x_wconf 89' lang='grc' dir='ltr'>καὶ</span> <span class='ocrx_word' id='word_1_344' title='bbox 1275 4068 1405 4132; x_wconf 89' lang='grc' dir='ltr'>άπὸ</span> <span class='ocrx_word' id='word_1_345' title='bbox 1441 4069 1706 4146; x_wconf 90' lang='grc' dir='ltr'>Κρώμου</span> <span class='ocrx_word' id='word_1_346' title='bbox 1756 4068 2005 4148; x_wconf 90' lang='grc' dir='ltr'>Κρῶμοι</span> <span class='ocrx_word' id='word_1_347' title='bbox 2050 4070 2152 4132; x_wconf 82' lang='grc' dir='ltr'>καὶ</span> <span class='ocrx_word' id='word_1_348' title='bbox 2184 4056 2463 4147; x_wconf 85' lang='grc' dir='ltr'>Χαριςίαι</span> <span class='ocrx_word' id='word_1_349' title='bbox 2498 4068 2792 4146; x_wconf 91' lang='grc' dir='ltr'>Χαρίςιον</span> <span class='ocrx_word' id='word_1_350' title='bbox 2824 4068 3078 4146; x_wconf 83' lang='grc' dir='ltr'>ἔχουςαι</span> 
     </span>
     <span class='ocr_line' id='line_1_39' title="bbox 500 4167 3077 4252; baseline -0 -18"><span class='ocrx_word' id='word_1_351' title='bbox 500 4169 832 4248; x_wconf 81' lang='grc' dir='ltr'>οἰκιςτήν».</span> <span class='ocrx_word' id='word_1_352' title='bbox 927 4169 1216 4247; x_wconf 90' lang='grc' dir='ltr'>Χορςία</span> <span class='ocrx_word' id='word_1_353' title='bbox 1259 4169 1444 4232; x_wconf 88' lang='grc' dir='ltr'>πόλις</span> <span class='ocrx_word' id='word_1_354' title='bbox 1489 4168 1808 4233; x_wconf 91' lang='grc' dir='ltr'>Βοιωτίας.</span> <span class='ocrx_word' id='word_1_355' title='bbox 1898 4170 2259 4234; x_wconf 80' lang='grc' dir='ltr'>Παυςανίας</span> <span class='ocrx_word' id='word_1_356' title='bbox 2306 4170 2513 4252; x_wconf 84' lang='grc' dir='ltr'>ἐνάτῳ</span> <span class='ocrx_word' id='word_1_357' title='bbox 2558 4167 2692 4249; x_wconf 79' lang='grc'>(24,</span> <span class='ocrx_word' id='word_1_358' title='bbox 2736 4168 2805 4249; x_wconf 78' lang='lat'>5)</span> <span class='ocrx_word' id='word_1_359' title='bbox 2851 4167 2962 4232; x_wconf 84' lang='grc' dir='ltr'>«ἐκ</span> <span class='ocrx_word' id='word_1_360' title='bbox 3007 4171 3077 4233; x_wconf 81' lang='grc' dir='ltr'>δὲ</span> 
     </span>
     <span class='ocr_line' id='line_1_40' title="bbox 504 4267 3216 4351; baseline 0 -18"><span class='ocrx_word' id='word_1_361' title='bbox 504 4270 856 4349; x_wconf 88' lang='grc' dir='ltr'>Κυρτώνων</span> <span class='ocrx_word' id='word_1_362' title='bbox 902 4270 1367 4351; x_wconf 81' lang='grc' dir='ltr'>ὑπερβάλλοντι</span> <span class='ocrx_word' id='word_1_363' title='bbox 1410 4270 1487 4334; x_wconf 86' lang='grc' dir='ltr'>τὸ</span> <span class='ocrx_word' id='word_1_364' title='bbox 1532 4270 1687 4348; x_wconf 86' lang='grc' dir='ltr'>ὄρος</span> <span class='ocrx_word' id='word_1_365' title='bbox 1716 4270 1990 4350; x_wconf 89' lang='grc' dir='ltr'>πόλιςμά</span> <span class='ocrx_word' id='word_1_366' title='bbox 2035 4271 2158 4335; x_wconf 86' lang='grc' dir='ltr'>ἐςτι</span> <span class='ocrx_word' id='word_1_367' title='bbox 2192 4269 2516 4347; x_wconf 75' lang='grc' dir='ltr'>Χορςίας».</span> <span class='ocrx_word' id='word_1_368' title='bbox 2563 4267 2851 4347; x_wconf 82' lang='grc' dir='ltr'>Ὠριςία</span> <span class='ocrx_word' id='word_1_369' title='bbox 2893 4268 3078 4333; x_wconf 88' lang='grc' dir='ltr'>πόλις</span> <span class='ocrx_word' id='word_1_370' title='bbox 3188 4295 3216 4306; x_wconf 80' lang='lat'><strong>·</strong></span> 
     </span>
    </p>
   </div>
   <div class='ocr_carea' id='block_1_5' title="bbox 503 4407 905 4418">
    <p class='ocr_par' dir='ltr' id='par_1_8' title="bbox 503 4407 905 4418">
     <span class='ocr_line' id='line_1_41' title="bbox 503 4407 905 4418; baseline 0 1128"><span class='ocrx_word' id='word_1_371' title='bbox 503 4407 905 4418; x_wconf 95' lang='lat' dir='ltr'> </span> 
     </span>
    </p>
   </div>
   <div class='ocr_carea' id='block_1_6' title="bbox 485 4455 3078 4693">
    <p class='ocr_par' dir='ltr' id='par_1_9' title="bbox 485 4455 3078 4693">
     <span class='ocr_line' id='line_1_42' title="bbox 502 4455 3077 4556; baseline -0.001 -14"><span class='ocrx_word' id='word_1_372' title='bbox 502 4487 649 4542; x_wconf 76' lang='grc' dir='ltr'>Ἀςία</span> <span class='ocrx_word' id='word_1_373' title='bbox 683 4497 813 4542; x_wconf 79' lang='lat' dir='ltr'>sunt</span> <span class='ocrx_word' id='word_1_374' title='bbox 850 4508 917 4542; x_wconf 81' lang='lat' dir='ltr'>ex</span> <span class='ocrx_word' id='word_1_375' title='bbox 954 4491 1033 4543; x_wconf 81' lang='lat' dir='ltr'>St.</span> <span class='ocrx_word' id='word_1_376' title='bbox 1069 4492 1131 4540; x_wconf 89' lang='lat' dir='ltr'>B.</span> <span class='ocrx_word' id='word_1_377' title='bbox 1203 4492 1284 4541; x_wconf 79' lang='lat' dir='ltr'>De</span> <span class='ocrx_word' id='word_1_378' title='bbox 1322 4489 1599 4543; x_wconf 88' lang='grc' dir='ltr'>Δονουςία</span> <span class='ocrx_word' id='word_1_379' title='bbox 1636 4492 1709 4544; x_wconf 87' lang='lat' dir='ltr'>cf.</span> <span class='ocrx_word' id='word_1_380' title='bbox 1748 4492 1888 4542; x_wconf 89' lang='lat' dir='ltr'><strong>Lob.</strong></span> <span class='ocrx_word' id='word_1_381' title='bbox 1921 4491 2091 4543; x_wconf 89' lang='lat' dir='ltr'>Proll.</span> <span class='ocrx_word' id='word_1_382' title='bbox 2131 4507 2181 4556; x_wconf 91' lang='lat' dir='ltr'>p.</span> <span class='ocrx_word' id='word_1_383' title='bbox 2215 4492 2313 4541; x_wconf 80' lang='lat'>417</span> <span class='ocrx_word' id='word_1_384' title='bbox 2351 4494 2462 4540; x_wconf 84' lang='lat' dir='ltr'><strong>not.</strong></span> <span class='ocrx_word' id='word_1_385' title='bbox 2671 4488 2704 4538; x_wconf 93' lang='lat'>1.</span> <span class='ocrx_word' id='word_1_386' title='bbox 2741 4489 2807 4539; x_wconf 75' lang='lat'>25</span> <span class='ocrx_word' id='word_1_387' title='bbox 2844 4487 2912 4539; x_wconf 81' lang='lat' dir='ltr'>de</span> <span class='ocrx_word' id='word_1_388' title='bbox 2947 4455 3077 4539; x_wconf 80' lang='grc' dir='ltr'>Πει-</span> 
     </span>
     <span class='ocr_line' id='line_1_43' title="bbox 485 4555 3078 4625; baseline -0.002 -16"><span class='ocrx_word' id='word_1_389' title='bbox 485 4555 656 4621; x_wconf 74' lang='grc' dir='ltr'>’ραςία</span> <span class='ocrx_word' id='word_1_390' title='bbox 703 4560 774 4610; x_wconf 83' lang='lat' dir='ltr'>cf.</span> <span class='ocrx_word' id='word_1_391' title='bbox 819 4561 954 4611; x_wconf 91' lang='lat' dir='ltr'>Lob.</span> <span class='ocrx_word' id='word_1_392' title='bbox 991 4559 1160 4613; x_wconf 87' lang='lat' dir='ltr'><strong>Proll.</strong></span> <span class='ocrx_word' id='word_1_393' title='bbox 1205 4561 1307 4610; x_wconf 77' lang='lat'>426</span> <span class='ocrx_word' id='word_1_394' title='bbox 1352 4564 1409 4608; x_wconf 79' lang='lat' dir='ltr'>et</span> <span class='ocrx_word' id='word_1_395' title='bbox 1451 4561 1577 4618; x_wconf 86' lang='lat'>430,</span> <span class='ocrx_word' id='word_1_396' title='bbox 1623 4559 1770 4624; x_wconf 82' lang='lat' dir='ltr'>apud</span> <span class='ocrx_word' id='word_1_397' title='bbox 1812 4557 2067 4625; x_wconf 77' lang='lat' dir='ltr'><strong>Aponon.</strong></span> <span class='ocrx_word' id='word_1_398' title='bbox 2103 4559 2130 4609; x_wconf 95' lang='lat'>1</span> <span class='ocrx_word' id='word_1_399' title='bbox 2174 4561 2266 4621; x_wconf 80' lang='lat'>37,</span> <span class='ocrx_word' id='word_1_400' title='bbox 2313 4559 2413 4609; x_wconf 80' lang='lat'>584</span> <span class='ocrx_word' id='word_1_401' title='bbox 2460 4557 2753 4623; x_wconf 80' lang='lat' dir='ltr'>pluraliter</span> <span class='ocrx_word' id='word_1_402' title='bbox 2796 4557 3078 4606; x_wconf 80' lang='lat' dir='ltr'>invenitur</span> 
     </span>
     <span class='ocr_line' id='line_1_44' title="bbox 502 4621 3077 4693; baseline 0.001 -18"><span class='ocrx_word' id='word_1_403' title='bbox 502 4631 765 4688; x_wconf 76' lang='lat' dir='ltr'><strong>oxytonos</strong></span> <span class='ocrx_word' id='word_1_404' title='bbox 799 4625 1102 4692; x_wconf 81' lang='grc' dir='ltr'>Πειρεςιαί,</span> <span class='ocrx_word' id='word_1_405' title='bbox 1140 4627 1320 4678; x_wconf 81' lang='lat' dir='ltr'>Schol.</span> <span class='ocrx_word' id='word_1_406' title='bbox 1356 4627 1424 4678; x_wconf 77' lang='lat' dir='ltr'>ad</span> <span class='ocrx_word' id='word_1_407' title='bbox 1460 4628 1692 4693; x_wconf 85' lang='lat' dir='ltr'><strong>priorem</strong></span> <span class='ocrx_word' id='word_1_408' title='bbox 1724 4627 1928 4678; x_wconf 81' lang='lat' dir='ltr'>locum:</span> <span class='ocrx_word' id='word_1_409' title='bbox 1965 4624 2252 4691; x_wconf 88' lang='grc' dir='ltr'>Πειρεςιάς</span> <span class='ocrx_word' id='word_1_410' title='bbox 2290 4625 2480 4688; x_wconf 87' lang='grc' dir='ltr'>ὄνομα</span> <span class='ocrx_word' id='word_1_411' title='bbox 2516 4623 2764 4678; x_wconf 88' lang='grc' dir='ltr'>πόλεως·</span> <span class='ocrx_word' id='word_1_412' title='bbox 2812 4622 2891 4675; x_wconf 87' lang='grc' dir='ltr'>ώς</span> <span class='ocrx_word' id='word_1_413' title='bbox 2914 4621 3077 4690; x_wconf 33' lang='grc' dir='ltr'>κἘρύ-</span> 
     </span>
    </p>
   </div>
   <div class='ocr_carea' id='block_1_7' title="bbox 371 4690 1130 4762">
    <p class='ocr_par' dir='ltr' id='par_1_10' title="bbox 371 4690 1130 4762">
     <span class='ocr_line' id='line_1_45' title="bbox 371 4690 1130 4762; baseline 0.003 -19"><span class='ocrx_word' id='word_1_414' title='bbox 371 4690 380 4696; x_wconf 82' lang='grc'>’</span> <span class='ocrx_word' id='word_1_415' title='bbox 500 4694 660 4757; x_wconf 87' lang='grc' dir='ltr'>θρας,</span> <span class='ocrx_word' id='word_1_416' title='bbox 699 4695 789 4745; x_wconf 84' lang='grc' dir='ltr'>καὶ</span> <span class='ocrx_word' id='word_1_417' title='bbox 824 4693 1130 4762; x_wconf 85' lang='grc' dir='ltr'>Πειρεςίας.</span> 
     </span>
    </p>
   </div>
  </div>
 </body>
</html>
