3664 5546
681 453 897 501 LXXIV
1353 485 1360 492 .
1753 449 2165 502 PRAEFATIO.

678 607 1067 687 Ἡρωδιανὸς
1123 607 1193 672 ἐν
1237 614 1330 692 τῷ
1373 609 1517 687 περὶ
1561 608 1855 672 Ἀττικῶν
1900 606 2266 688 τονόβλιος,
2322 605 2496 691 quod
2551 606 2762 671 τόνων
2824 605 3039 690 βιβλίῳ
3093 604 3246 668 scri-

674 707 961 776 bendum
1005 730 1147 772 esse
1192 709 1509 794 suspicor.
1541 745 1624 754 —
1654 707 1804 788 Qua
1846 708 2093 771 ratione
2136 706 2303 772 liber
2331 708 2726 793 compositus
2770 705 2997 786 fuerit,
3041 706 3246 771 nesci-

674 833 817 875 mus
835 859 853 892 ,
900 810 1016 874 sed
1047 811 1395 874 coniectari
1423 808 1570 874 licet
1600 810 2095 894 grammaticum
2136 819 2516 896 praecepta,
2562 829 2728 895 quae
2769 809 2851 872 de
2879 807 3246 872 Atticorum

676 934 717 976 a
759 911 1082 976 communi
1128 933 1419 975 sermone
1465 910 1939 976 declinantibus
1984 909 2490 976 accentiunculis
2537 911 2603 973 in
2648 909 2965 975 Prosodia
3008 910 3246 975 Catho-
3360 951 3369 964 ι

675 1013 801 1080 lica
853 1036 970 1102 per
1023 1015 1427 1078 occasionem
1480 1011 1818 1093 attulerat,
1877 1014 1945 1077 in
1988 1013 2158 1077 hunc
2201 1012 2441 1078 librum
2484 1010 2829 1077 contulisse
2883 1021 2949 1076 et
2990 1020 3065 1075 ut
3107 1013 3246 1076 eius

676 1138 813 1180 mos
856 1115 1016 1197 fuit,
1073 1115 1392 1200 quaedam
1435 1116 1630 1180 etiam
1673 1113 2003 1180 addidisse
2048 1124 2161 1180 aut
2215 1122 2388 1180 certe
2434 1115 2798 1179 accuratius
2844 1115 3243 1200 exposuisse,

675 1239 877 1303 quum
919 1216 1086 1282 liber
1129 1216 1209 1280 de
1255 1216 1520 1303 speciali
1563 1218 1837 1282 materia
1876 1217 2224 1302 singularis
2267 1217 2575 1280 maiorem
2610 1215 3019 1302 exspatiandi
3051 1212 3243 1279 liber-

674 1327 875 1382 tatem
917 1318 1277 1402 praeberet.
1342 1318 1663 1405 Equidem
1707 1320 1923 1383 omnia
1965 1341 2130 1405 quae
2173 1327 2433 1405 praeter
2475 1320 2631 1398 tria,
2678 1340 2842 1403 quae
2886 1318 3025 1382 dixi
3071 1315 3245 1401 frag-

674 1429 895 1485 menta
934 1419 1018 1484 ad
1057 1421 1346 1485 Atticam
1375 1420 1752 1486 Prosodiam
1798 1422 2160 1507 spectantia
2185 1421 2437 1501 inveni,
2486 1417 2864 1485 Catholicae
2893 1419 3247 1484 Prosodiae

674 1521 926 1604 tribui,
965 1522 1080 1586 sed
1121 1544 1202 1586 ne
1247 1521 1479 1586 molem
1523 1524 1736 1607 operis
1783 1526 1941 1604 mei,
1987 1544 2182 1609 quam
2225 1520 2458 1607 vellem
2503 1523 2712 1585 minus
2757 1542 3061 1606 magnam
3105 1543 3247 1587 esse

674 1646 894 1710 posse,
939 1626 1130 1689 nimis
1176 1646 1511 1709 augerem,
1567 1627 1813 1689 monitu
1856 1625 2111 1690 Lehrsii
2152 1623 2505 1689 Prosodiae
2535 1623 2798 1689 Atticae
2843 1646 2925 1688 ex
2969 1623 3247 1707 singulis

676 1725 1147 1793 adnotamentis
1215 1726 1694 1813 componendae
1761 1727 2097 1792 consilium
2165 1725 2422 1790 deserui
2482 1735 2548 1790 et
2601 1733 2911 1791 accurata
2964 1725 3246 1808 singulo-

623 1849 632 1860 ’
675 1850 817 1892 rum
860 1827 1324 1893 vocabulorum
1379 1830 1857 1893 enumeratione
1912 1831 1981 1892 in
2024 1827 2284 1910 Indice,
2342 1849 2532 1913 quem
2592 1838 2800 1893 totum
2854 1849 3018 1914 opus
3064 1827 3246 1913 sequi

675 1928 943 2012 iubeb0,
990 1930 1300 1994 damnum
1343 1932 1700 1995 restituam.

1217 2171 1228 2181 ,
1283 2098 1403 2163 VI.
1476 2102 1668 2181 Περὶ
1711 2101 2121 2182 Ὁμηρικῆς
2164 2102 2621 2187 προςῳδίας.

843 2233 986 2300 Hoc
1031 2234 1216 2301 titulo
1262 2235 1717 2328 complectiturx
1753 2235 2167 2302 Herodianus
2216 2236 2420 2320 (Mon.
2468 2236 2580 2314 25,
2628 2236 2708 2299 28
2764 2235 3001 2316 εἴρηται
3044 2273 3127 2284 -
3171 2237 3243 2302 ἐν

673 2346 749 2424 τῇ
803 2338 1101 2424 Ὁμηρικῇ
1157 2340 1481 2423 προςῳδίᾳ
1536 2329 1622 2402 cf.
1667 2338 1749 2402 Il.
1793 2338 1979 2403 Pros.
2037 2342 2086 2404 Λ
2132 2339 2253 2402 160
2307 2339 2375 2404 ἐν
2431 2347 2506 2423 τῇ
2563 2339 2861 2423 Ὁμηρικῇ
2917 2339 3243 2423 προςῳδίᾳ

673 2441 1067 2506 ἐναντιοῦται
1131 2441 1370 2525 τούτῳ)
1436 2450 1502 2504 et
1556 2438 1826 2504 Iliacam
1881 2440 2262 2505 Prosodiam
2324 2441 2424 2524 (ἐν
2486 2447 2563 2526 τῇ
2630 2442 2850 2525 Ἰλιακῇ
2916 2441 3242 2525 προςῳδίᾳ

673 2543 723 2606 Α
763 2542 918 2623 493,
962 2542 1116 2619 576,
1167 2544 1205 2606 Γ
1248 2541 1389 2629 20),
1449 2564 1614 2629 quae
1660 2543 1916 2629 saepius
1966 2544 2162 2607 etiam
2207 2540 2608 2626 significatur
2660 2563 2836 2605 mero
2880 2543 3242 2624 προςῳδίας

671 2644 927 2708 nomine
975 2645 1021 2708 Β
1065 2643 1188 2708 498
1232 2649 1429 2710 ταῦτα
1475 2646 1544 2710 ἐν
1589 2652 1665 2731 τῇ
1709 2647 2037 2731 προςῳδίᾳ
2082 2646 2119 2710 ὁ
2164 2645 2580 2723 Ἡρωδιανὸς·
2648 2643 2717 2708 ἐν
2763 2644 2978 2723 μέντοι
3023 2649 3114 2727 τῷ
3160 2644 3243 2708 ια’

669 2749 779 2824 τῆς
824 2749 1190 2830 καθολικῆς,
1243 2745 1422 2811 haud
1465 2768 1611 2812 raro
1659 2748 1779 2812 sic:
1842 2748 1910 2815 ἐν
1954 2755 2030 2834 τῇ
2076 2749 2126 2813 Α
2168 2748 2239 2830 (Ε
2282 2745 2467 2831 325),
2522 2745 2593 2811 ἐν
2637 2752 2712 2829 τῇ
2759 2746 2805 2810 Β
2850 2746 2936 2828 (Υ
2980 2745 3123 2829 30),
3168 2745 3240 2811 ἐν

669 2856 745 2932 τῇ
790 2850 844 2914 Ζ
899 2852 1009 2927 τῆς
1062 2850 1325 2915 Ἰλιάδος
1372 2846 1447 2933 (Β
1489 2849 1645 2934 592)
1702 2860 1767 2914 et
1822 2849 2253 2936 Odyssiacam
2307 2848 2690 2912 Prosodiam
2746 2846 2990 2931 (Schol.
3048 2847 3133 2912 ad
3174 2850 3242 2913 Π

668 2950 795 3014 390
837 2950 907 3015 ἐν
951 2958 1027 3034 τῇ
1071 2952 1470 3037 Ὀδυςςειακῇ
1513 2952 1841 3036 προςῳδίᾳ
1885 2959 2185 3032 φανερῶς
2228 2954 2302 3016 τὸ
2345 2955 2628 3030 γραπτῦς
2673 2956 2975 3034 περιςπᾷ,
3021 2948 3240 3014 Schol.

669 3050 754 3115 ad
799 3051 1002 3115 Arist.
1050 3054 1225 3117 Avv.
1273 3051 1427 3116 861:
1488 3053 1882 3131 Ἡρωδιανὸς
1938 3054 2006 3117 ἐν
2062 3060 2138 3136 τῇ
2197 3054 2388 3136 βίβλῳ
2443 3055 2594 3133 φηςὶ
2650 3055 2761 3130 τῆς
2805 3052 3241 3130 Ὀδυςςειακῆς

669 3155 1060 3238 προςῳδίας,
1119 3152 1347 3217 Choer.
1406 3153 1584 3216 Dict.
1629 3152 1790 3232 462,
1837 3153 1921 3216 30
1964 3154 2001 3217 ὁ
2045 3154 2437 3231 Ἡρωδιανὸς
2494 3155 2563 3217 ἐν
2620 3161 2695 3239 τῇ
2748 3155 2798 3218 Α
2855 3158 2967 3232 τῆς
3022 3154 3239 3219 Ὀδυς-

670 3260 916 3334 ςειακῆς
960 3256 1319 3338 προςῳδίας
1363 3256 1508 3338 (pro
1541 3253 1874 3338 ῥαψῳδίας
1920 3253 2213 3339 scripsi),
2259 3276 2451 3339 quam
2497 3253 2913 3319 Herodianus
2958 3255 3098 3340 ipsc
3144 3255 3239 3319 sic

669 3356 828 3419 citat
870 3356 938 3418 in
985 3352 1061 3417 Il.
1107 3354 1213 3418 Pr.
1259 3356 1309 3419 Α
1351 3354 1504 3417 294;
1555 3357 1994 3434 ἐντελέςτερον
2042 3358 2480 3436 διαληψόμεθα
2537 3358 2605 3422 ἐν
2660 3365 2734 3440 τῇ
2783 3359 2821 3421 Γ
2864 3361 2976 3435 τῆς
3020 3359 3235 3422 Ὀδυς-

670 3456 864 3538 ςείας,
912 3457 976 3521 Μ
1027 3455 1174 3519 157:
1225 3458 1293 3523 ἐν
1338 3465 1413 3542 τῇ
1461 3459 1525 3523 Μ
1570 3462 1681 3536 τῆς
1725 3458 2081 3524 Ὀδυςςείας
2127 3459 2483 3542 ῥηθήςεται,
2531 3461 2580 3523 Η
2632 3458 2778 3522 199:
2827 3460 2897 3523 ἐν
2942 3466 3017 3544 τῇ
3065 3460 3079 3523 Ι
3126 3463 3238 3537 τῆς

621 3626 626 3634 ,
669 3558 1025 3623 Ὀδυςςείας
1067 3560 1450 3637 παραλόγως
1494 3559 1915 3639 ἑνεκλίναμεν.

1455 3752 1515 3795 α.
1559 3731 1722 3809 Περὶ
1764 3730 2021 3809 Ἰλιακῆς
2065 3730 2446 3816 προςῳδίας.

837 3861 1094 3928 Codicis
1139 3863 1377 3928 Veneti
1419 3866 1481 3929 A
1525 3866 1991 3951 praestantiam
2033 3865 2344 3929 Lehrsius
2399 3866 2467 3928 in
2507 3864 2982 3931 -dissertationc
3038 3866 3109 3930 II
3154 3866 3237 3930 de

666 3963 1037 4029 Aristarchi
1082 3966 1314 4034 studiis
1359 3966 1717 4031 clarissime
1760 3958 2121 4031 illustravit
2175 3977 2239 4032 ct
2284 3991 2345 4054 p.
2391 3968 2474 4031 30
2518 3989 2693 4053 seqq.
2750 3967 2830 4030 dc
2876 3968 3238 4032 Prosodiae

667 4065 907 4131 Iliacae
950 4066 1275 4154 reliquiiS‚
1334 4090 1499 4153 quae
1537 4069 1611 4131 -in
1655 4091 1729 4133 co
1775 4069 2214 4152 continentur,
2274 4072 2579 4155 exposuit
2629 4070 2943 4149 breviter,
3004 4069 3119 4133 sed
3162 4080 3237 4134 ut

666 4168 830 4233 solet
882 4168 978 4233 ita
1028 4181 1105 4233 ut
1169 4191 1303 4233 rem
1359 4168 1751 4235 absolveret.
1846 4170 2089 4235 Docuit
2139 4171 2206 4235 in
2270 4171 2393 4236 hoc
2458 4170 2681 4236 codice
2738 4170 3038 4257 quamvis
3102 4194 3233 4236 non

666 4270 913 4351 omnia,
971 4270 1040 4334 id
1096 4271 1268 4356 quod
1310 4270 1530 4336 verbis
1576 4273 1944 4352 παράκειται
1985 4309 2073 4320 -
2112 4274 2255 4339 τινὰ
2299 4274 2367 4339 ἐκ
2420 4277 2530 4354 τῆς
2574 4275 2831 4351 Ἰλιακῆς
2875 4274 3234 4357 προςῳδίας

664 4370 1068 4456 significetur
1098 4382 1163 4436 et
1192 4394 1276 4437 ex
1303 4372 1445 4459 ipso
1475 4373 1859 4439 Herodiano
1891 4383 2141 4459 pateat,
2187 4385 2254 4438 at
2282 4373 2562 4459 plurima
2591 4383 2766 4439 certe
2797 4383 3061 4439 servata
3091 4396 3234 4438 csse

663 4472 904 4538 Iliacae
948 4472 1303 4538 Prosodiae
1347 4474 1807 4540 adnotamenta
1851 4476 2174 4540 interdum
2218 4475 2301 4540 ab
2347 4477 2771 4561 epitomatore
2829 4476 3052 4540 recisis
3098 4498 3230 4539 am-

662 4573 983 4660 plioribus
1040 4573 1583 4661 explicationibus
1640 4578 1708 4640 in
1760 4577 2028 4642 brevius
2074 4586 2438 4659 contracta3
2496 4577 2969 4643 demonstravit
3012 4599 3232 4642 excer—

662 4686 913 4762 ptorem
955 4678 1306 4743 retinuisse
1349 4678 1642 4762 germani
1672 4679 2034 4745 Herodiani
2065 4700 2424 4743 sermonem
2454 4690 2520 4744 ct
2549 4678 2885 4743 addidisse
2913 4678 3235 4765 quaedam

663 4799 747 4840 ex
789 4775 933 4841 aliis
965 4778 1327 4844 Herodiani
1371 4779 1629 4864 scriptis
1672 4781 1899 4867 petita.
1965 4782 2189 4867 Neque
2232 4791 2450 4846 tamen
2494 4804 2623 4845 non
2655 4780 2991 4846 admonuit
3035 4781 3231 4846 etiam

663 4876 731 4940 in
774 4875 943 4942 hunc
985 4881 1273 4945 codicem
1316 4880 1521 4946 multa
1563 4904 1646 4945 ex
1689 4880 1837 4946 aliis
1892 4883 2363 4949 recentioribus
2414 4882 2888 4948 commentariis
2934 4881 3231 4948 Homeri-
