3664 5546
677 326 806 389 480
1614 324 1694 378 ΕΚ
1733 323 1874 377 ΤΩΝ
1917 323 2325 377 ΗΡΩΔΙΑΝΟΥ

647 496 941 571 οςενικήν.
1019 495 1124 557 διὰ
1169 495 1238 556 δὲ
1294 495 1410 571 τὴν
1467 491 1667 572 αὐτὴν
1713 490 1918 555 αἰτίαν
1964 490 2224 565 ἐγένετο
2238 539 2256 571 ,
2313 491 2411 554 ὅτι
2455 491 2495 568 ἡ
2543 492 2734 570 ὑπέρ
2778 492 2972 555 πάλιν
3016 491 3267 568 ὠξύνθη

676 596 780 659 καὶ
821 598 1018 657 ταῦτα
1063 596 1362 673 μηδεμιᾶς
1395 592 1650 658 ,λέξεως
1706 590 1794 655 εἰς
1852 595 1921 668 εἶ)
1980 589 2293 671 ληγούςηὲ
2345 594 2500 671 μετὰ
2548 594 2840 671 βραχείας
2897 594 2998 656 καὶ
3040 592 3266 657 ὀξυνο-

677 696 884 775 μένης.
973 694 1074 758 καὶ
1119 694 1223 757 διὰ
1266 696 1461 757 τοῦτο
1506 695 1609 757 καὶ
1650 693 1767 757 τὸν
1812 692 2015 770 αὐτάρ
2058 693 2403 773 ςύνδεςμον
2453 700 2544 778 τῷ
2600 693 2776 777 λόγῳ
2820 699 2952 757 τῶν
2997 695 3266 771 ςυμπλε-

680 802 905 864 κτικῶν
963 795 1157 859 πάλιν
1221 794 1582 877 ὠξύνομεν,
1639 794 1858 873 ἐπειδὴ
1912 797 2037 859 πᾶς
2093 794 2435 871 ςύνδεςμος
2480 796 2933 874 ςυμπλεκτικός
2975 793 3266 860 ὀξύνεται

616 915 650 964 5
681 898 877 976 χωρὶς
918 900 1036 961 τοῦ
1079 896 1237 974 ἤτοι.

844 1032 967 1096 Εἰςὶ
1012 1033 1082 1096 δὲ
1126 1032 1458 1110 προθέςεις
1503 1033 1657 1096 δέκα
1699 1032 1802 1095 καὶ
1846 1030 2033 1095 ὀκτώ.
2122 1031 2374 1097 τούτων
2431 1032 2495 1096 αἱ
2551 1034 2665 1112 μὲν
2718 1031 3266 1110 ὀρθοτονούμεναι

675 1137 858 1218 δέκα,
904 1133 1083 1218 ἀνά,
1129 1134 1285 1216 διά,
1333 1133 1563 1217 ἀμφί,
1608 1133 1814 1214 ἀντί,
1863 1133 2030 1215 ςύν,
2076 1132 2179 1216 ἐξ,
2226 1133 2368 1216 εἰς,
2415 1133 2526 1215 ε’ν,
2570 1133 2796 1216 πρός,
2842 1134 3007 1212 πρό.
3060 1133 3263 1209 ἐγκλι-

673 1237 936 1316 νόμεναι
1004 1236 1075 1299 δὲ
1137 1237 1241 1299 καὶ
1295 1235 1844 1315 ἀναςτρεφόμεναι
1912 1235 2112 1317 ὀκτώ,
2179 1235 2402 1318 κατά,
2468 1235 2687 1318 μετά,
2752 1236 2990 1318 παρά,
3053 1234 3263 1317 περί,

675 1338 861 1420 ἀπό,
907 1337 1062 1419 ἐπί,
1109 1337 1289 1420 ὑπό,
1335 1337 1541 1415 ὑπέρ.
2282 1353 2293 1358 ·

570 1489 638 1539 10
848 1471 1137 1536 Καθόλου
1194 1473 1264 1535 δὲ
1315 1472 1384 1535 αἱ
1442 1472 1992 1552 ἀναςτρεφόμεναι
2050 1472 2413 1550 διςύλλαβοί
2476 1494 2545 1536 τε
2612 1470 2778 1537 εἶναι
2844 1474 3097 1538 θέλουςι
3163 1473 3263 1536 καὶ

633 1574 986 1653 ’δίχρονον
1034 1573 1185 1638 ὅθεν
1215 1577 1659 1651 τριχρονοῦςαι
1689 1575 1728 1651 ἡ
1775 1572 1949 1639 ἀντί
1993 1574 2097 1636 καὶ
2136 1572 2333 1652 ἀμφί
2380 1575 2499 1638 οὐκ
2529 1574 3062 1657 ἀναςτρέφονται,
3109 1574 3261 1637 οὐδὲ

673 1677 737 1740 αἱ
780 1682 873 1762 τῷ
905 1676 936 1737 ἶ
981 1676 1477 1757 πλεονάζουςαι,
1524 1675 1778 1757 καταί,
1824 1675 2094 1757 παραί,
2141 1675 2357 1758 ὑπαί,
2405 1676 2649 1754 ὑπείρ.
2698 1677 3121 1756 ςημειούμεθα
3148 1678 3259 1753 τὴν

673 1779 799 1841 διό
842 1778 1061 1856 χώραν
1107 1777 1381 1855 ἕχουςαν
1427 1776 1837 1858 ἀναςτροφῆς
1880 1778 1983 1840 καὶ
2027 1777 2108 1855 μὴ
2154 1777 2719 1857 ἀναςτρεφομένην
2777 1779 2882 1842 διὰ
2937 1779 3055 1856 τὴν
3098 1779 3259 1855 πρὸς

477 1961 492 1968 ·
670 1881 788 1945 τὸν
833 1880 964 1942 Δία
1011 1880 1181 1942 «Δία
1225 1879 1293 1941 δ’
1339 1879 1457 1943 οὐκ
1501 1879 1608 1957 ἔχε
1654 1880 1937 1958 νήδυμος
1983 1878 2227 1941 ὕπνος»
2273 1880 2349 1959 (Β
2393 1877 2463 1961 2)
2509 1880 2938 1958 ςυνέμπτωςιν
2993 1881 3100 1943 καὶ
3147 1881 3258 1955 τὴν

571 1997 634 2046 15
671 1981 820 2046 ἀνά
865 1983 947 2061 μὴ
992 1979 1592 2063 ἀναςτρεφομένην,
1642 1980 1753 2046 ἵνα
1797 1981 1880 2058 μὴ
1925 1979 2188 2063 ςημαίνη
2231 1980 2348 2043 τὸν
2393 1978 2635 2045 ἄνακτα
2680 1981 2769 2045 ὡς
2824 1982 2895 2045 ἐν
2950 1986 3044 2065 τῷ
3093 1979 3260 2043 «Ζεῦ

672 2082 795 2147 ἄνα
839 2084 1199 2147 Δωδωναῖε
1242 2082 1638 2157 Πελαςγικέ»
1684 2082 1775 2163 (Π
1818 2080 1974 2162 233)
2017 2081 2056 2158 ἢ
2102 2082 2177 2144 τὸ
2235 2081 2401 2160 ῥῆμα
2446 2081 2630 2146 «ἀλλ’
2672 2081 2826 2164 ἄνα,
2882 2083 2936 2146 εἰ
2980 2081 3259 2161 μέμονάς

577 2257 604 2274 “
671 2206 785 2261 γε»
834 2187 879 2267 (Ι
928 2184 1097 2266 247).
1186 2185 1225 2261 ἡ
1273 2184 1343 2246 δὲ
1389 2183 1460 2248 ἐν
1505 2184 1908 2248 πλεονάςαςα
1950 2189 2042 2267 τῷ
2085 2183 2118 2243 'i
2161 2181 2525 2263 ἀνεςτρόιφη
2583 2184 2678 2265 «ᾧ
2722 2183 2839 2250 ἔνι
2884 2184 3088 2261 κούρη
3133 2203 3256 2246 κοι-

672 2281 875 2366 μᾶτο»
922 2286 984 2368 (ζ
1036 2285 1157 2366 15).
1246 2286 1350 2348 καὶ
1401 2285 1513 2348 τὰς
1568 2285 2092 2364 μονοςυλλάβους
2158 2285 2231 2347 δὲ
2297 2283 2411 2349 ἐὰν
2472 2286 2578 2348 ἐπὶ
2632 2286 2799 2349 τέλει
2854 2285 2965 2349 ὥςι
3023 2285 3255 2362 στίχου,

671 2390 1171 2468 ἀναςτρέφουςιν
1217 2385 1362 2452 οἶον
1412 2389 1661 2451 «ἐλθὼν
1708 2387 1776 2450 δ’
1820 2386 2255 2464 ἀργυρότοξος
2286 2384 2620 2453 Ἀπόλλων
2658 2387 3030 2466 Ἀρτέμιδι
3079 2388 3252 2452 ξύν»
3327 2386 3346 2394 ”

567 2505 636 2558 20
669 2494 737 2572 (o
782 2491 961 2573 410)·
1011 2490 1330 2569 ῥώννυται
1374 2490 1497 2566 γὰρ
1542 2488 1579 2551 ὁ
1624 2489 1817 2552 τόνος
1862 2492 1972 2566 τῆς
2017 2489 2128 2552 ςύν
2158 2488 2553 2572 προθέςεως,
2596 2490 2707 2553 ἵνα
2748 2493 2972 2565 νοῆται
3016 2490 3059 2566 ἡ
3106 2488 3253 2551 ἀνα-

670 2595 932 2674 ςτροφή.
1020 2591 1281 2655 τοιοῦτό
1327 2591 1450 2654 ἑςτι
1506 2590 1608 2653 καὶ
1660 2591 1736 2653 τὸ
1797 2590 1919 2652 «οὐ
1965 2589 2079 2668 μέν
2124 2610 2231 2669 μοι
2289 2591 2480 2654 κακὸς
2525 2590 2758 2655 εἴδεται
2802 2590 2956 2655 οὐδὲ
3001 2595 3253 2653 κακῶν

669 2695 785 2761 ἔξ»
831 2695 917 2777 (Ξ
961 2693 1132 2775 472).

667 3024 700 3075 1.
730 3028 754 3073 1
794 3023 1048 3072 lacunam
1084 3018 1302 3084 explevi
1329 3019 1513 3069 verbis
1547 3016 1636 3068 διὰ
1669 3015 1731 3067 δὲ
1763 3016 1873 3081 τὴν
1919 3016 2103 3080 αὐτὴν
2135 3015 2320 3068 αἰτίαν
2353 3015 2579 3079 ἐγένετο
2606 3018 2823 3077 omissa„
2853 3027 2978 3084 post
3010 3019 3113 3069 ὅτί
3136 3035 3248 3085 par-

666 3092 839 3141 ticula
874 3088 951 3140 δέ.
987 3117 1050 3124 -
1090 3087 1123 3137 l.
1159 3092 1190 3138 3
1228 3087 1296 3136 de
1334 3093 1568 3136 accentu
1607 3086 2010 3136 coniunctionis
2046 3083 2226 3148 αὐτάρ
2262 3086 2337 3135 ef.
2362 3090 2585 3151 praeter
2619 3086 2698 3135 Io.
2737 3086 2821 3137 Al.
2846 3090 2931 3149 40,
2962 3091 3010 3149 5,
3051 3088 3248 3140 Choer.

669 3161 812 3210 Uict.
849 3161 977 3220 432,
1016 3159 1074 3219 7,
1115 3157 1211 3219 Ep.
1262 3156 1318 3203 in
1357 3153 1554 3203 Psalm.
1594 3156 1652 3216 8,
1690 3155 1772 3203 27.
1979 3153 2012 3203 l.
2047 3155 2198 3203 6--9
2246 3155 2451 3218 sumpsi
2501 3169 2567 3203 ex
2614 3154 2810 3204 Aread.
2862 3156 2986 3216 180,
3033 3158 3085 3206 3.

666 3228 700 3277 l.
745 3229 957 3278 10-22
1003 3241 1071 3273 ex
1115 3225 1194 3274 10.
1238 3223 1325 3275 Al.
1360 3225 1450 3284 27,
1497 3225 1561 3272 27
1609 3222 1715 3271 huc
1759 3223 1984 3272 retraxi.
2037 3248 2102 3255 —
2155 3220 2191 3269 1.
2230 3225 2293 3272 10
2335 3220 2553 3272 θέλουςι
2597 3236 2717 3270 cum
2751 3223 2982 3272 Bloehio
3028 3220 3249 3273 inserui.

803 3294 838 3344 1.
880 3296 939 3342 11
980 3293 1047 3342 de
1084 3289 1210 3353 ἀντί
1246 3292 1314 3339 ef.
1354 3290 1418 3342 ΙΙ.
1459 3305 1538 3355 pr.
1578 3288 1623 3340 Θ
1663 3291 1786 3340 163:
1824 3287 1983 3340 ἀντ’;
2023 3289 2211 3339 κακῶς
2246 3287 2364 3341 ὅςοι
2400 3287 2861 3353 ἀναςτρέφουςιν·
2908 3290 2942 3352 ή
2980 3290 3092 3355 γὰρ
3129 3289 3252 3342 ἀντί

667 3359 1078 3426 ἀναςτρέφεται
1113 3358 1342 3409 οὔποτε.
1378 3386 1444 3393 -
1483 3359 1516 3409 Ι.
1546 3361 1607 3407 12
1643 3354 1781 3408 ὑπαί
1819 3358 2027 3407 inserui
2061 3360 2287 3422 propter
2320 3357 2387 3409 11.
2411 3359 2500 3407 Pr.
2529 3356 2568 3406 Β
2604 3358 2730 3407 824ε
2768 3356 2907 3408 ὑπαὶ
2943 3358 3122 3409 πόδας
3162 3359 3249 3410 οὔ·

666 3444 783 3481 τως
819 3426 960 3480 ὑπαί
995 3426 1075 3479 ὡς
1121 3423 1283 3477 καταί
1328 3426 1417 3476 καὶ
1464 3422 1650 3490 παραί.
1722 3424 1780 3476 αἱ
1823 3424 1931 3489 γὰρ
1976 3422 2263 3487 προθέςεις
2309 3422 2755 3488 ἑπαυξανόμεναι
2800 3425 2889 3476 διὰ
2933 3428 3037 3477 τοῦ
3078 3430 3113 3477 ἶ
3150 3442 3250 3492 φυ-

666 3498 848 3549 λάςςει
883 3495 989 3547 τὸν
1023 3493 1204 3545 αὑτὸν
1228 3492 1415 3545 τόνον.
1474 3493 1506 3545 Γ
1531 3498 1655 3546 217:
1693 3492 1858 3544 ὑπαίε
1900 3492 1979 3544 ὡς
2017 3490 2066 3543 εἰ
2101 3492 2191 3542 καὶ
2216 3491 2448 3556 ἐντελὴς
2485 3491 2584 3556 ἦν,
2622 3491 2809 3544 οὕτως
2834 3492 3248 3560 ἀναγνωστέον,

667 3564 1064 3629 φυλάττοντας
1097 3564 1201 3627 τῆς
1238 3561 1558 3625 προθέςεως
1591 3561 1698 3612 τὸν
1734 3560 1923 3613 τόνον.
1988 3559 2034 3611 Ο
2059 3564 2118 3610 4:
2155 3558 2293 3611 ὑπαὶ
2327 3559 2516 3612 δέουςε
2572 3560 2607 3623 ἡ
2656 3559 2772 3612 ὑπὸ
2810 3561 3067 3626 πρόθεςις
3116 3564 3251 3616 ὑπαί

666 3632 894 3695 ἐγένετο
930 3628 1140 3695 ὁμοίως
1174 3633 1260 3697 τῷ
1296 3630 1476 3681 «ὑπαὶ
1513 3628 1660 3681 πόδα
1696 3627 1923 3681 νείατον
1961 3628 2145 3693 Ἴδης»
2182 3628 2273 3678 καί
2308 3627 2421 3679 ἐςτι
2456 3628 2525 3679 τὸ
2563 3627 2688 3692 ἑξῆς
2723 3627 2840 3679 ὑπὸ
2876 3629 3052 3683 δέους.
3097 3632 3250 3685 οὕτω

666 3701 757 3751 καί
796 3698 1162 3764 Ἀρίςταρχος.
1210 3698 1297 3749 διὸ
1333 3697 1714 3764 παραιτητέον
1749 3697 1857 3748 τὸν
1883 3694 2249 3815 Τυξαννίωνα
2286 3696 2603 3761 βαρύνοντα
2638 3695 2747 3759 τὴν
2782 3696 2919 3749 ὕπαι
2956 3699 3046 3751 καὶ
3084 3701 3249 3763 ἡγού-

666 3782 838 3833 μενον
874 3766 988 3819 ἀπὸ
1024 3769 1128 3818 τοῦ
1165 3765 1376 3818 ὕπαιθα
1412 3766 1558 3817 εἶναι
1594 3764 1772 3817 πάθος
1808 3767 1913 3829 τῆς
1988 3762 2259 3828 ποκοπῆς.
2285 3766 2410 3814 -1.
2447 3768 2511 3814 14
2535 3765 2706 3815 verba
2728 3765 3023 3817 Homerica
3059 3784 3129 3818 ex
3156 3770 3196 3822 Β
3220 3774 3249 3820 2

666 3838 854 3902 recepi
892 3853 959 3886 ex
993 3836 1180 3887 Schol.
1220 3836 1291 3884 ad
1329 3836 1562 3899 Dionys.
1595 3851 1646 3899 p.
1673 3837 1790 3896 931,
1869 3833 2109 3897 ui-„loeus
2146 3838 2337 3882 nostro
2374 3832 2682 3883 simillimus
2719 3838 2825 3896 est,
2864 3840 2923 3884 et
2955 3850 3020 3885 ex
3056 3839 3247 3888 eodem

667 3905 850 3959 Schol.
899 3906 1124 3968 Dionys.
1174 3903 1292 3953 loeo
1339 3903 1529 3952 addidi
1573 3901 1664 3953 καί
1697 3901 1807 3965 τὴν
1882 3898 1951 3950 νά
1987 3927 2051 3963 .-
2089 3898 2333 3964 μέμονάς
2377 3914 2486 3962 γε»
2520 3900 2556 3950 l.
2596 3902 2674 3950 17.
2746 3903 2885 3953 Nam
2934 3918 3065 3953 casu
3112 3907 3246 3956 haec

664 3975 811 4038 apud
853 3974 933 4023 10.
979 3972 1062 4021 Al.
1112 3972 1382 4021 excidisse
1437 3971 1758 4021 observavit
1800 3969 1996 4019 Lehrs.
2052 3984 2138 4033 qu.
2185 3985 2273 4034 ep.
2319 3971 2399 4018 72.
2479 3968 2864 4033 Compluribus
2919 3973 3063 4021 enim
3118 3975 3247 4024 loeis

663 4042 1016 4093 Herodianus
1051 4040 1116 4089 de
1155 4038 1489 4104 anastrophe
1525 4037 1957 4104 praepositionis
1991 4034 2100 4087 ἀνά
2135 4039 2273 4101 egit:
2312 4037 2380 4091 11.
2412 4037 2499 4086 Pr.
2539 4033 2577 4087 Ε
2613 4039 2738 4087 824:
2778 4035 2963 4103 μάχην
2994 4037 3106 4092 ἀνὰ
3140 4056 3244 4093 κοι-

663 4108 960 4172 ρανέοντα
1000 4105 1131 4159 ἀνά;
1170 4104 1224 4158 οἱ
1260 4105 1361 4170 μὲν
1398 4104 1775 4170 ἀνέστρεψαν,
1818 4102 1915 4155 ἵνα
1959 4103 2192 4169 γένηται
2236 4102 2343 4155 ἀνὰ
2384 4104 2493 4168 τὴν
2529 4102 2728 4169 μάχην.
2801 4104 3054 4173 Ἀρίςταρ
3091 4124 3155 4161 ος
3187 4108 3245 4161 δὲ

663 4177 1027 4244 παρῃτήςατο
1062 4174 1171 4239 τὴν
1207 4172 1314 4224 ἀνά
1349 4172 1717 4239 ἀναστρέψαι,
1756 4171 1936 4224 ὁπότε
1974 4172 2049 4236 μὴ
2088 4168 2396 4237 ςημαντικὴ
2437 4169 2524 4237 εἴη
2559 4175 2663 4223 τοῦ
2700 4171 2994 4240 ἀνάστηθι,
3065 4192 3136 4228 να
3172 4177 3243 4241 μὴ

662 4244 974 4311 ςυνεμπέςῃ
1012 4246 1096 4310 τῷ
1131 4241 1289 4293 «Ζεῦ
1332 4240 1440 4292 ἄνα
1476 4241 1832 4294 Δωδωναῖε»
1871 4241 1960 4303 (11.
1995 4239 2053 4292 Π
2088 4244 2229 4301 233).
2300 4241 2366 4290 Ε.
2404 4242 2477 4291 Μ.
2515 4243 2607 4305 95,
2642 4244 2725 4292 47.
2778 4239 2913 4293 ἄνω
2961 4242 3087 4296 ἀλλ’
3121 4245 3242 4309 ἀνα,

664 4313 712 4367 εἰ
749 4315 994 4380 μέμονας
1029 4310 1157 4362 ἀντὶ
1190 4312 1294 4360 τοῦ
1332 4308 1598 4375 ἀνάςτηθι
1634 4309 1739 4374 ὅλη
1775 4309 1812 4372 ἡ
1853 4308 1995 4361 λέξις
2031 4306 2373 4373 ἀπεςπάςθη.
2442 4306 2547 4359 οὐκ
2591 4307 2704 4360 ἔςτι
2748 4308 2809 4361 δὲ
2851 4309 3117 4379 ἀποκοπὴ
3154 4312 3245 4365 ἐπὶ

661 4386 764 4435 τοῦ
801 4380 1080 4434 τοιούτου.
1116 4376 1473 4443 Ἡρωδιανός.
1519 4404 1586 4413 —-
1633 4378 1672 4432 l.
1712 4381 1772 4428 17
1811 4377 1878 4426 de
1917 4376 2000 4428 ἔνι
2038 4377 2220 4431 Schol.
2243 4376 2314 4426 ad
2342 4376 2443 4427 Od.
2470 4376 2499 4427 Z
2537 4379 2624 4428 15:
2663 4376 2711 4442 ᾧ
2749 4377 2833 4429 ἔνι
2867 4379 3069 4447 κούρη;
3116 4379 3244 4433 ἀνα-

662 4450 972 4516 ςτρεπτέον
1006 4448 1115 4513 τὴν
1152 4446 1262 4510 ἔνι,
1302 4446 1414 4498 ἔςτι
1447 4444 1554 4511 γὰρ
1592 4445 1654 4497 ἐν
1693 4445 1756 4512 ᾧ.
1828 4446 1965 4495 Cum
2000 4441 2084 4495 ἑνί
2119 4445 2421 4510 comparari
2456 4449 2644 4510 potest
2678 4442 2836 4510 ποτί,
2883 4447 2950 4498 de
2997 4465 3104 4515 quo
3140 4451 3245 4501 He·

665 4521 922 4570 rodianus
957 4520 1015 4568 in
1050 4518 1189 4585 liblro
1227 4514 1354 4579 περὶ
1392 4516 1595 4566 παθῶν
1633 4516 1751 4580 egit
1786 4512 1875 4566 Cr.
1914 4517 2016 4563 An.
2054 4514 2139 4563 111
2174 4515 2301 4575 267,
2339 4516 2429 4575 32,
2468 4513 2565 4563 sed
2601 4514 2973 4579 anastrophen
3007 4533 3117 4575 non
3152 4534 3242 4584 pa·

663 4590 802 4637 titur
848 4588 918 4637 ef.
953 4586 1131 4636 Lehrs
1152 4599 1255 4652 ,qu.
1296 4600 1382 4649 ep.
1421 4586 1503 4633 72.
1537 4610 1606 4619 —
1641 4583 1675 4634 1.
1711 4584 1778 4632 22
1816 4581 1885 4631 de
1923 4579 1979 4632 ἐξ
2018 4582 2089 4630 cf.
2125 4581 2301 4632 Lehrs
2347 4596 2436 4646 qu.
2472 4596 2557 4646 ep.
2592 4583 2684 4641 97,
2730 4584 2868 4633 Lob.
2916 4585 3002 4636 El.
3040 4586 3096 4637 11
3134 4588 3243 4637 162.

662 4657 746 4705 De
785 4673 841 4705 re
880 4655 950 4704 es.
990 4653 1168 4704 Schol.
1215 4652 1284 4702 ad
1332 4651 1432 4702 Od.
1470 4665 1508 4713 γ
1546 4653 1640 4702 137
1653 4668 1666 4699 2
1715 4649 1930 4714 ἀγορὴν
1977 4647 2034 4700 ἐς
2079 4646 2298 4700 πάντας
2346 4647 2626 4712 Ἀχαιούςε
2682 4649 2981 4714 βούλονται
3031 4655 3143 4720 τὴν
3188 4654 3243 4707 ἐς

663 4722 926 4785 πρόθεςιν
978 4720 1265 4785 ῥωννύναι
1316 4720 1422 4771 τὸν
1475 4718 1677 4783 τόνον,
1733 4717 1828 4770 ἵνα
1881 4716 2112 4783 δυνάμει
2156 4718 2491 4785 ,ἀναςτροφὴ
2550 4719 2780 4787 γένηται
2835 4720 2976 4772 κατὰ
3028 4723 3099 4776 τὸ
3155 4728 3245 4796 ὁρ·

663 4793 811 4842 νιθες
848 4790 943 4840 ὥς.
