3664 5546
1171 348 1328 404 ΠΕΡΙ
1372 345 1763 402 ΚΑΘΟΛΙΚΗ(
1799 346 2222 403 ΠΡΟΕΩιΔΙΑ(
2266 347 2334 400 Δ.
2964 345 3047 410 89

465 522 788 587 Ἑκαταῖος
862 521 1150 605 Εὐρώπῃ.
1263 520 1641 603 Ἀρςακίς,
1719 519 2101 602 Ἀτρακίς,
2178 518 2541 599 Φαιακίς,
2614 518 3045 600 Ῥυνδακίς,

467 623 858 704 Εαλμακίς
903 623 1089 689 πόλις
1138 623 1397 706 Καρίας,
1455 622 1776 690 Βυζακίς
1820 623 2000 701 χώρα
2044 623 2190 700 περὶ
2238 622 2351 686 τὰς
2398 620 2650 700 Εύρτεις
2695 619 2786 685 ὡς
2828 621 3046 686 Πολύ-

468 733 601 808 βιος
645 726 716 791 ἐν
760 727 1101 811 δωδεκάτῳ
1148 725 1458 790 «ςταδίων
1504 726 1618 804 μὲν
1664 724 1823 791 οὗςα
1866 726 1982 803 τὴν
2025 724 2403 805 περίμετρον
2444 723 2792 804 διςχιλίων,
2836 725 3045 805 mm&

467 830 727 908 ςχήματι
771 829 1181 909 περιφερής».
1269 827 1593 909 Ἰωλκίς,
1640 827 2038 909 Τεμμικίς,
2085 826 2444 891 Εελευκίς
2489 826 2684 904 χώρα.
2773 824 2900 890 ἔςτι
2946 828 3048 889 καὶ

465 932 789 1010 ποτηρίων
845 928 1019 996 εἶδος
1073 929 1206 996 ἀπὸ
1263 930 1589 995 (ελεύκου.
1682 929 2067 1008 Ναρθηκίς
2122 927 2403 1008 νηςίδιον
2461 928 2650 1005 ἐγγὺς
2707 927 3043 1009 (άμουιέν
3072 935 3104 987 5

468 1039 639 1118 δεξιᾷ
680 1037 817 1099 τοῖς
862 1033 1290 1112 προςπλέουςι
1336 1033 1500 1111 πρὸς
1543 1034 1659 1112 τὴν
1704 1033 1912 1097 πόλιν.

633 1136 726 1201 Τὰ
782 1135 870 1201 εἰς
915 1123 1025 1201 λιῖ
1054 1134 1229 1201 ἀπλᾶ
1273 1134 1506 1214 ἔχοντα
1551 1134 1901 1214 ςύμφωνον
1946 1134 2092 1199 κατ’
2137 1133 2489 1212 ἐπιπλοκὴν
2520 1134 2558 1212 ἢ
2592 1135 3046 1212 διπλαςιαςμὸν

465 1243 583 1303 τοῦ
635 1225 672 1304 λ
716 1237 1037 1320 ὀξύνεται,
1092 1236 1145 1302 εἰ
1189 1239 1269 1316 μὴ
1316 1234 1420 1302 διὰ
1464 1241 1581 1302 τοῦ
1625 1224 1665 1300 ὃ
1706 1236 1986 1302 κλίνοιτο
2030 1238 2069 1315 ἢ
2114 1233 2306 1300 πόλιν
2353 1234 2668 1319 ςημαίνοι,
2725 1235 3046 1317 φυλλίς·

466 1340 591 1406 ἔςτι
636 1343 707 1405 δὲ
751 1341 853 1406 καὶ
896 1341 1076 1419 χώρα
1120 1339 1386 1422 Θρᾴκης.
1472 1338 1822 1418 Ἡρόδοτος
1885 1339 2119 1423 ἑβδόμῃ
2176 1340 2255 1421 (ο.
2306 1336 2454 1419 113)
2511 1338 2590 1427 «ἱὴ
2648 1339 2718 1402 δὲ
2762 1342 2841 1415 γῆ
2887 1335 3045 1416 αὕτη

465 1444 611 1522 περὶ
653 1427 728 1508 τὸ
771 1443 1108 1519 Πάγγαιον
1163 1442 1318 1520 ὄρος
1374 1441 1662 1515 καλέεται
1706 1441 1996 1507 Φυλλίς».
2085 1438 2211 1505 ἔςτι
2265 1440 2368 1505 καὶ
2422 1441 2709 1519 ποταμὸς
2755 1439 3046 1505 Βιθυνίας
3083 1448 3148 1499 10

464 1545 716 1610 Φυλλίς.
805 1545 1135 1627 κιγκλίς,
1193 1544 1466 1609 θυλλίς
1531 1543 1568 1607 ὁ
1634 1544 1926 1608 θύλακος.
2011 1542 2265 1608 Ὑλλίς
2318 1543 2394 1608 τὸ
2462 1544 2738 1622 θηλυκὸν
2794 1542 3046 1606 ἐθνικοί)

464 1648 638 1725 παρὰ
686 1647 1060 1731 Καλλιμάχῳ
1117 1646 1245 1713 ἀπὸ
1302 1646 1597 1711 Ὑλλίδος
1644 1645 1925 1724 Ἀργείας
1970 1648 2111 1725 μιᾶς
2166 1650 2298 1710 τῶν
2342 1649 2617 1725 νυμφῶν
2673 1646 2775 1710 καὶ
2818 1645 3045 1710 Ἀπολ-

467 1750 760 1828 λόδωρος

1070 1851 1285 1916 Ὑλλὶς
1329 1850 1651 1930 πρόκειται
1695 1849 2086 1930 χερρόνηςος
2130 1851 2309 1929 ἡλίκη

1070 1954 1332 2033 μάλιςτα
1373 1953 1907 2036 Πελοπόννηςος,
1953 1953 2041 2018 ὥς
2087 1956 2237 2032 φάςι
2272 2003 2463 2017 .....
3087 1965 3147 2016 15

1072 2107 1267 2120 .....
1285 2079 1314 2120 ·.
1348 2108 1360 2120 .
1393 2107 1406 2120 .
1439 2107 1451 2119 .
1485 2107 1498 2120 .
1532 2107 1545 2120 .
1578 2107 1591 2120 .
1624 2107 1637 2119 .
1683 2055 2133 2122 πεντεκαίδεκα

1069 2157 1290 2223 πόλεις
1334 2158 1570 2237 ἔχουςα
1613 2159 2031 2238 παμμεγέθεις
2077 2158 2470 2237 οἰκουμένας.

464 2262 630 2327 ἔςτιν
674 2261 887 2326 Ὑλλίς
931 2261 1032 2325 καὶ
1076 2262 1248 2340 φυλὴ
1293 2261 1566 2340 Ἄργους
1610 2262 1713 2326 καὶ
1754 2261 2070 2339 Δωριέων
2115 2263 2218 2326 καὶ
2260 2260 2664 2341 Τροιζηνίων.
2735 2260 3045 2344 Βυβλίς,

464 2363 713 2444 ἀδελφὴ
765 2363 1046 2446 Καύνου,
1107 2362 1186 2428 οὗ
1243 2363 1568 2442 ἐραςθεῖςα
1612 2365 1978 2443 φεύγοντος
2034 2362 2279 2429 ἐκείνου
2323 2362 2668 2441 ἀπήγξατο.
2758 2363 2929 2427 οὕτω
2975 2364 3046 2427 δὲ

463 2468 565 2531 καὶ
623 2466 910 2530 ἐκαλεῖτο
969 2465 1193 2542 Μῆλος
1249 2465 1354 2545 μία
1408 2470 1539 2530 τῶν
1589 2465 1930 2530 Κυκλάδων
1986 2464 2118 2549 ἀπὸ
2169 2468 2307 2528 τῶν
2365 2465 2650 2543 Βυβλίων
2709 2464 3042 2529 Φοινίκων.
3080 2476 3150 2527 20

465 2569 511 2632 Β
527 2568 797 2646 ρυλλίς
841 2567 1021 2646 χώρα
1065 2566 1134 2631 ἐν
1180 2573 1255 2649 τῇ
1299 2567 1712 2645 Προποντίδι.
1780 2568 1856 2632 τὸ
1904 2568 1974 2632 δὲ
2019 2567 2358 2646 Τράλλις
2403 2567 2589 2633 πόλις
2620 2566 2851 2631 Λυδίας
2881 2568 3046 2645 πρὸς

462 2675 554 2753 τῷ
601 2669 953 2752 Μαιάνδρῳ
998 2674 1295 2751 ποταμῷ,
1341 2670 1443 2733 καὶ
1484 2669 1560 2733 τὸ
1608 2669 1891 2734 Βύλλις
1935 2669 2122 2734 πόλις
2167 2668 2505 2747 Ἰλλυρίδος
2550 2669 3045 2751 παραθαλαςςία,

462 2775 595 2836 τῶν
641 2773 795 2851 μετὰ
842 2770 1297 2850 Νεοπτολέμου
1344 2771 1773 2851 Μυρμιδόνων
1816 2770 2047 2850 κτίςμα.
2122 2771 2224 2836 καὶ
2266 2772 2340 2836 τὸ
2387 2772 2656 2837 δέλλις
2700 2772 2775 2837 τὸ
2821 2772 3045 2851 μικρὸν

464 2861 731 2954 ςφηκίον
777 2875 881 2939 διὰ
916 2860 1099 2938 τοῦὄ
1144 2874 1431 2938 κλίνεται.
1507 2875 1609 2938 καὶ
1651 2876 1727 2939 τὸ
1773 2875 2046 2954 βάλλις
2091 2876 2162 2940 δὲ
2195 2874 2529 2955 βαρύνεται
2575 2872 2752 2939 εἶδος
2783 2872 3043 2956 ἄνθους,

464 2977 502 3042 ὃ
548 2979 726 3041 δοκεῖ
768 2978 980 3041 ποιεῖν
1025 2974 1265 3052 ἀναζῆν
1309 2976 1424 3041 τὸν
1469 2976 1714 3054 νεκρόν.
3080 2987 3148 3038 25

631 3079 723 3143 Τά
781 3078 870 3143 εἰς
922 3064 1024 3143 λῖς
1071 3078 1328 3161 βραχείᾳ
1382 3077 1879 3158 παραληγόμενα
1936 3077 2310 3161 διςύλλαβα,
2377 3078 2431 3143 εἰ
2488 3080 2568 3159 μὴ
2625 3078 2756 3144 ἀπὸ
2812 3082 2929 3144 τοῦ
2994 3081 3045 3144 ff

463 3181 727 3260 ἄρχοιτο
774 3183 926 3260 μήτε
971 3180 1419 3260 ύποκοριςτικὰ
1463 3179 1558 3258 εἴη
1574 3230 1591 3261 ,
1637 3180 1959 3263 ὀξύνεται,
2008 3181 2257 3261 βολίς,
2303 3181 2570 3264 φολίς,
2617 3182 2851 3263 ςελίς,
2898 3202 3043 3260 ψα-

464 3282 614 3366 λίς,
666 3284 898 3347 πυλίς
943 3281 1443 3361 ὑποκοριςτικόν.
1528 3283 1604 3347 τὸ
1662 3283 1734 3347 δὲ
1787 3284 2068 3361 πρύλις
2125 3284 2459 3364 βαρύνεται
2514 3284 2553 3362 ἡ
2610 3283 2892 3348 ἔνοπλος
2936 3282 3043 3360 ὄρ-

433 3385 637 3464 ’χηςις
692 3385 903 3464 ὥςπερ
958 3383 1060 3451 καὶ
1120 3384 1160 3462 ἡ
1215 3384 1447 3451 πόλις
1492 3384 1624 3451 ἀπὸ
1681 3389 1799 3450 τοῦ
1866 3387 1913 3448 ff
1979 3384 2320 3465 ἀρχομένη.
2410 3386 2512 3450 καὶ
2565 3385 2799 3451 Τύλις
2857 3384 3044 3450 πόλις

596 3676 633 3726 l.
671 3677 702 3725 8
740 3673 949 3727 Φυλλίς
984 3674 1259 3740 proprium
1294 3691 1362 3726 ex
1387 3675 1466 3725 St.
1493 3676 1554 3730 Β,
1582 3675 1787 3726 addidi.
1891 3676 1929 3726 l.
1958 3678 2018 3727 11
2058 3673 2242 3729 Ὑλλίς
2267 3705 2331 3712 —-
2358 3674 2591 3742 Βρυλλίς
2627 3693 2694 3727 ex
2732 3676 2939 3734 eodem,
2979 3693 3047 3727 ex

428 3800 432 3805 ,
464 3760 569 3809 quo
598 3745 766 3794 etiam
793 3741 1029 3808 Τράλλις
1056 3743 1274 3809 explevi
1300 3750 1355 3794 et
1380 3742 1578 3795 Βύλλις
1604 3746 1853 3811 apposui.
1901 3746 1985 3796 De
2011 3743 2380 3796 declinatione
2405 3762 2518 3795 voe.
2543 3743 2726 3797 δέλλις
2752 3746 2821 3794 ef.
2851 3744 3045 3795 Choer.

463 3816 578 3874 222,
594 3815 700 3874 -313
738 3828 805 3863 ex
828 3812 931 3861 hoc
955 3827 1165 3861 canone
1193 3812 1361 3862 etiam
1386 3809 1541 3874 ἄγλις
1568 3811 1805 3876 ἄγλιθις,
1845 3813 1991 3878 quod
2016 3813 2210 3865 Choer.
2238 3816 2356 3874 353,
2386 3816 2444 3863 11
2474 3818 2752 3878 oxytonon
2780 3829 2900 3863 esse
2927 3829 3045 3878 per-

462 3880 635 3940 hibet,
662 3881 720 3929 in
746 3879 1084 3944 paenultima
1109 3880 1235 3928 acui
1259 3879 1441 3930 debet.
1484 3882 1568 3930 Ex
1592 3881 1693 3931 hoc
1717 3882 1838 3946 ipso
1863 3897 2070 3931 canone
2096 3882 2301 3946 pendet
2327 3883 2494 3931 etiam
2520 3879 2728 3944 τριγλίς
2749 3879 3043 3945 τριγλίδος,

464 3949 608 4013 quod
628 3949 683 3997 in
707 3950 770 3999 E.
786 3950 856 3998 M.
869 3949 986 4010 806,
1006 3951 1066 3999 51
1093 3948 1291 3997 canoni
1308 3947 1556 4012 generali
1576 3950 1888 4000 subiicitur:
1910 3947 1981 3999 τὰ
2004 3945 2082 4000 εἰς
2105 3949 2157 4004 ἶς’
2180 3948 2476 4012 διςύλλαβα
2502 3948 2705 4012 ἔχοντα
2731 3949 2842 4013 πρὸ
2869 3952 2971 4000 τοῦ
2999 3965 3044 4001 ις

463 4030 832 4095 ἀμετάβολον,
871 4031 970 4084 ἐὰν
1012 4029 1266 4096 κλίνηται
1311 4031 1400 4084 διὰ
1432 4035 1537 4083 τοῦ
1575 4018 1634 4098 δ,
1672 4033 1930 4086 ὀξύνεται
1967 4031 2090 4086 οἷον
2125 4032 2358 4099 τριγλίς·
2398 4032 2448 4085 εἰ
2481 4033 2542 4085 δὲ
2578 4031 2666 4084 διὰ
2701 4034 2803 4083 τοῦ
2844 4035 2903 4096 ῗ,
2955 4034 3045 4097 βα-

463 4101 689 4167 ρύνεται
726 4098 850 4151 οἷον
886 4098 1039 4165 χάρις
1075 4098 1325 4165 χάριτος,
1375 4102 1467 4168 qui
1512 4117 1687 4152 canon
1724 4119 1834 4153 non
1869 4104 1939 4154 ab
1978 4104 2123 4153 omni
2169 4108 2325 4169 parte
2361 4118 2527 4153 verus
2575 4105 2685 4162 est,
2733 4117 2858 4150 nam
2906 4117 2954 4150 e.
2993 4118 3043 4166 g.

463 4168 648 4233 Χαῖρις
685 4166 937 4233 Χαίριδος
974 4170 1222 4233 quamvis
1258 4186 1355 4234 per
1390 4168 1420 4221 δ
1460 4169 1785 4234 declinetur,
1825 4175 2011 4221 tamen
2048 4172 2376 4235 barytonum
2414 4177 2515 4223 est.
2760 4167 2797 4221 l.
2835 4170 2901 4218 26
2949 4186 3045 4234 pro

465 4252 636 4317 βραχύ
673 4254 832 4318 posui
869 4249 1093 4319 βραχείᾳ
1130 4252 1569 4317 παραληγόμενα
1620 4271 1685 4304 ex
1732 4256 1832 4320 Ep.
1869 4255 2028 4304 Hom.
2065 4258 2190 4314 361,
2226 4256 2317 4304 26:
2376 4254 2448 4306 τὰ
2496 4251 2573 4306 εἰς
2621 4255 2702 4304 λις
2746 4251 3043 4316 διςύλλαβα

465 4320 689 4388 βραχείᾳ
735 4320 1177 4386 παραληγόμενα
1223 4320 1512 4385 ὀξύνεται,
1559 4321 1752 4386 ψαλίς,
1800 4320 2014 4386 ςκαλίς,
2071 4321 2247 4385 βολίς,
2304 4318 2482 4374 πυλίς.
2561 4319 2924 4386 ςεςημείωται
2970 4321 3039 4372 τὸ

465 4388 627 4457 πόλις
665 4388 755 4440 καί
790 4389 1004 4453 πρύλις.
1142 4389 1178 4442 l.
1215 4393 1280 4440 29
1326 4389 1493 4442 Τύλις
1529 4406 1701 4455 nsque
1741 4390 1807 4440 ad
1843 4389 2004 4441 finem
2041 4391 2228 4441 addidi
2265 4407 2329 4440 ex
2367 4391 2446 4439 St.
2485 4392 2545 4440 B.
2582 4417 2644 4425 —
2683 4391 2863 4440 Verba
2902 4387 3043 4453 μήτε

464 4456 859 4522 ὑποκοριςτικὰ
896 4456 982 4522 εἴη
1030 4475 1136 4508 non
1175 4457 1489 4522 significant
1532 4464 1596 4508 ut
1639 4459 1903 4508 Schmidt.
1951 4459 2084 4509 dicit
2127 4456 2569 4521 ύπεςταλμένων
2612 4460 2735 4508 τῶν
2780 4456 2895 4507 ἀπὸ
2941 4460 3044 4509 τοῦ

463 4529 504 4576 π
542 4523 1014 4589 ύποκοριςτίκῶν,
1056 4527 1151 4577 sed
1188 4524 1630 4588 ὑπεςταλμένων
1666 4528 1788 4577 τῶν
1823 4523 1939 4577 ἀπὸ
1984 4529 2085 4577 τοῦ
2124 4531 2165 4577 π
2204 4527 2277 4591 μὴ
2314 4526 2791 4591 ὑποκοριςτικῶν,
2830 4525 3047 4576 intelle-

466 4599 669 4658 guntur
705 4593 867 4645 πόλις
904 4601 960 4644 et
994 4594 1219 4658 πρύλις,
1259 4610 1400 4659 quae
1439 4610 1471 4644 a
1507 4598 1549 4644 τῖ’
1575 4595 1792 4660 quidem
1831 4595 2101 4660 incipiunt
2126 4611 2303 4660 neque
2327 4601 2512 4645 tamen
2539 4595 2879 4645 deminutiva
2916 4600 3047 4644 sunt

464 4666 525 4711 ut
560 4659 724 4713 πυλίς
762 4663 903 4728 quod
942 4663 1015 4712 ab
1052 4665 1093 4712 fr
1129 4664 1371 4726 ordienS,
1409 4679 1572 4726 quum
1611 4663 2002 4713 deminutivum
2044 4665 2132 4724 sit,
2170 4665 2403 4714 acuitur.
2463 4664 2547 4712 De
2585 4661 2782 4726 πρύλις
2820 4661 3046 4712 tradunt

466 4730 510 4779 Ε
555 4771 565 4782 .
606 4731 763 4779 Hom.
799 4733 927 4791 345,
975 4732 1040 4780 27
1086 4731 1282 4796 πρύλις
1328 4730 1362 4794 ἡ
1411 4730 1673 4782 ἐνόπλιος
1721 4729 1963 4795 ὀρχηςις·
2013 4734 2292 4797 παρῆκται
2337 4729 2397 4782 ἐκ
2443 4732 2544 4781 τοῦ
2593 4728 2824 4795 πρυλής.
2894 4730 3046 4793 φιλεῖ

467 4747 548 4847 δέρ
563 4811 685 4848 πως
730 4797 802 4848 τὰ
852 4795 968 4849 ἀπὸ
1012 4800 1134 4849 τῶν
1170 4797 1451 4851 τοιούτων
1489 4798 1841 4864 βαρύνεςθαι,
1890 4799 2135 4865 ἐκμανής
2190 4799 2439 4862 έκμανις,
2496 4797 2743 4863 ἀναλκής
2797 4796 3043 4863 ἄναλκις,

469 4863 621 4915 οὕτω
658 4863 875 4930 πρυλής
913 4865 1125 4930 πρύλις.
