3664 5546
640 404 766 469 536
1578 403 1660 457 ΕΚ
1698 404 1839 458 ΤΩΝ
1882 402 2290 459 ΗΡΩΔΙΑΝΟΥ

810 603 848 638 ιι
896 577 1037 642 Πᾶς
1082 575 1384 654 δεύτερος
1438 574 1734 653 άόριςτος
1788 575 1895 639 ἐπὶ
1948 578 2079 639 τῶν
2136 574 2227 639 εἰς
2283 575 2351 653 ᾖ
2395 574 2993 658 μακροκατάληκτός
3050 575 3236 655 ἐςτιν,

590 740 601 753 ,
642 678 929 759 ἔγνων,
996 678 1288 759 ἑάλων,
1345 677 1722 759 ἐξέτρων,
1786 676 2054 759 ἔτλην,
2120 677 2376 758 ἔςτην,
2439 675 2661 758 ἔδην,
2729 676 2945 756 ἔφην.
3035 677 3236 757 ἔφυν

643 779 770 858 ἄρα
812 780 916 844 καὶ
959 779 1165 844 ἔδυν.
1887 811 1899 821 -

813 907 850 942 ιι
899 881 993 945 Τὰ
1037 880 1126 945 εἰς
1168 866 1272 945 ffii
1316 881 1601 959 λήγοντα
1644 879 2076 961 ἀπαρέμφατα
2120 882 2202 959 μὴ
2249 880 2408 944 κατὰ
2435 880 2699 945 Αἰολίδα
2732 880 3064 945 διάλεκτον
3109 881 3237 960 τρί-
3315 944 3322 955 ,

582 990 615 1039 5
646 1004 760 1061 την
805 981 938 1047 ἀπὸ
983 983 1210 1047 τέλους
1255 982 1491 1062 ἔχοντα
1532 983 1650 1061 τὴν
1696 981 1913 1049 ὀξεῖαν
1958 984 2136 1063 φιλεῖ
2176 983 2305 1060 πρὸ
2346 982 2575 1048 τέλους
2621 982 3066 1065 βραχύνεςθαι,
3113 982 3241 1046 λέ-

642 1090 942 1167 γεςθαι,
986 1084 1360 1166 τίθεςθαι,
1401 1084 1794 1167 ἵςταςθαι,
1840 1085 2338 1163 πίμπραςθαι.
2425 1084 2505 1147 τὰ
2549 1084 2672 1162 γὰρ
2717 1087 2982 1147 τοιαῦτα
3027 1084 3239 1163 δίζη-

646 1191 844 1269 ςθαι,
891 1186 1258 1266 φίληςθαι
1288 1185 1652 1266 ,ὑποφαίνει
1682 1185 1982 1251 Αἰολικὸν
2027 1187 2408 1265 χαρακτῆρα.
2476 1184 2685 1250 οὕτως
2729 1184 2851 1250 οὖν
2896 1186 2998 1249 καὶ
3039 1188 3242 1251 ταῦτα

645 1287 1096 1364 ἀναγνωςτέον
1139 1290 1251 1365 τῆς
1294 1287 1783 1367 παραληγούςης
1828 1289 2339 1372 βραχυνομένης,
2385 1287 2838 1369 δεδάαςθαι,
2893 1286 3239 1366 μηχανά-

647 1395 902 1471 αςθαι,
946 1389 1419 1472 αἰτιάαςθαι,
1465 1389 1957 1471 ἑδριάαςθαι,
2010 1389 2410 1468 μνάαςθαι.
2497 1388 2572 1453 τὸ
2619 1389 2692 1453 δὲ
2737 1387 3240 1467 δηριαάςθων

552 1495 614 1545 10
649 1491 735 1572 (Φ
776 1489 933 1572 467)
975 1492 1052 1556 τὸ
1100 1491 1404 1570 δεύτερον
1450 1493 1492 1554 ἇ
1536 1491 1853 1556 ἐκτατέον.
1941 1495 2137 1556 τοῦτο
2180 1492 2305 1570 γὰρ
2350 1490 2388 1555 ὁ
2433 1492 2753 1570 χαρακτὴρ
2800 1490 3116 1569 βούλεται.

815 1620 853 1655 ιι
900 1592 975 1658 Αἱ
1019 1592 1107 1657 εἰς
1152 1594 1183 1656 Ε
1230 1593 1534 1670 λήγουςαι
1579 1593 1844 1671 μετοχαὶ
1884 1588 2203 1671 ἀρςενικαὶ
2245 1593 2386 1671 ἤτοι
2441 1590 3021 1672 βραχυκατάληκτοί
3065 1590 3242 1671 εἰςιν,

652 1696 742 1758 ὡς
785 1693 850 1759 αἱ
894 1695 982 1760 εἰς
1024 1698 1104 1758 οἱ
1147 1695 1483 1775 λήγουςαι,
1526 1694 2053 1775 τυπτόμενος,
2099 1693 2541 1772 λεγόμενος
2585 1693 2623 1772 ἢ
2656 1692 3242 1779 μακροκατάληκτοι

652 1797 743 1861 ὡς
772 1796 836 1860 αἱ
866 1797 947 1875 μή
980 1796 1186 1860 οὕτως
1216 1795 1504 1877 ἔχουςαι,
1550 1796 1983 1875 πεποιθώς,
2028 1795 2624 1877 διδούς,·βιούς·
2680 1794 2736 1859 εἰ
2780 1795 2853 1858 δὲ
2897 1793 2984 1857 εἰς
3029 1794 3243 1871 δίχρο-

653 1919 772 1962 νον
829 1898 1162 1978 λήγουςιν,
1217 1895 1636 1976 ἐκτεταμένον
1695 1896 1855 1961 αὐτὸ
1909 1896 2198 1978 ἔχουςιν,
2263 1895 2507 1979 ἱςτάς,
2575 1896 2828 1978 βιβάς,
2882 1895 3245 1975 Ζευγνύς,

488 2042 515 2049 -
556 2003 616 2053 15
653 1999 824 2081 δύς,
868 1999 1034 2078 φύς.

820 2127 857 2162 ιι
906 2101 1001 2165 Τὰ
1044 2101 1132 2165 εἰς
1176 2087 1245 2167 {E
1303 2102 1586 2179 λήγοντα
1642 2101 2067 2182 ἐπιρρήματα,
2135 2099 2333 2165 ὁπότε
2395 2100 2527 2180 ἔχει
2582 2101 2711 2177 πρό
2768 2100 2996 2164 τέλους
3052 2099 3127 2163 τὸ
3186 2100 3250 2180 ἃ,

654 2202 1153 2280 ςυνεςταλμένον
1211 2202 1371 2285 αὐτὸ
1427 2201 1589 2284 ἔχει,
1645 2202 2042 2284 Ἀθήναζε,
2098 2202 2414 2284 θύραζε,
2470 2202 2806 2283 Θήβαζε,
2847 2200 3096 2279 ἔραζε.
3171 2201 3248 2265 τὸ

654 2287 871 2382 μέντοι
918 2307 1210 2382 χαμᾶζε
1257 2303 1513 2367 ἐκτείνει
1558 2302 1635 2367 τὸ
1681 2305 1723 2368 ἃ
1765 2305 1868 2368 καὶ
1912 2306 2435 2382 προπεριςπᾶται.

822 2433 860 2468 ιι
908 2404 1002 2468 Τὰ
1038 2405 1127 2469 εἰς
1171 2409 1227 2468 “ri
1260 2408 1544 2484 λήγοντα
1574 2404 2000 2487 ἐπιρρήματα,
2046 2405 2102 2470 εἰ
2129 2406 2389 2481 γένοιτο
2421 2405 2554 2470 ἀπὸ
2583 2409 2717 2469 τῶν
2750 2403 2839 2469 εἰς
2878 2390 2969 2471 {Tu
3019 2403 3252 2482 ληγόν-

553 2511 621 2561 '20
654 2493 1131 2585 τ’ων’ρημάτων
1176 2506 1214 2585 ἢ
1271 2505 1404 2572 ἀπὸ
1448 2511 1580 2571 τῶν
1625 2505 1714 2571 εἰς
1760 2509 1862 2569 ἀἶὲ
1905 2507 2387 2588 ἐπιρρημάτων,
2445 2507 2801 2571 ςυςτέλλειν
2856 2506 3025 2570 θέλει
3081 2507 3157 2569 τὸ
3210 2508 3253 2587 i,

654 2608 898 2690 Ἰαςτί,
945 2609 1290 2691 Λυδιςτί,
1336 2608 2142 2691 Φρυγιςτί,Δωριςτί,
2184 2606 2649 2690 μεγαλωςτί,
2695 2606 3099 2687 δημιωςτί,
3141 2604 3254 2669 ἱε-

658 2698 917 2791 ρωςτί,
962 2710 1251 2776 νεωςτί.
1304 2710 1382 2775 τὸ
1425 2711 1642 2795 μέντοι
1673 2709 2049 2775 ἀπνευςτί
2078 2710 2182 2775 καὶ
2222 2708 2544 2775 ἀνωιςτί
2584 2710 2760 2789 παρὰ
2788 2710 2865 2773 τὸ
2896 2707 3255 2773 ἄπνευςτος

656 2812 760 2875 καὶ
804 2810 1130 2877 ἀνώϊςτος.
1206 2814 1286 2877 τὰ
1331 2815 1403 2878 δὲ
1446 2812 1579 2878 ἀπὸ
1623 2819 1757 2879 τῶν
1807 2818 2145 2878 πτωτικῶν
2205 2811 2379 2877 οὕτω
2436 2812 2807 2893 μηκύνεται,
2856 2811 2946 2876 ὡς
2988 2810 3119 2888 ἔχει
3174 2811 3255 2874 τὸ

659 2912 1008 2996 ἀκονιτί,
1038 2913 1447 2995 ἀναιμωτί,
1478 2913 1838 2997 ἀκλαυτί,
1869 2915 2274 2996 πανθοινί,
2309 2913 2591 2995 ἀκριτί,
2623 2912 2973 2992 ἀμογητί.
3017 2911 3095 2976 τὸ
3126 2915 3147 2975 ἰ
3182 2913 3256 2975 δὲ
3359 2933 3371 2944 ·

558 3016 626 3064 25
662 3014 800 3079 ἔςθ’
844 3014 952 3079 ὅτε
1006 3016 1109 3079 καὶ
1163 3017 1664 3096 ςυνεςταλμένον
1718 3016 2117 3096 προφέρεται
2172 3014 2356 3099 ἀδείᾳ
2411 3021 2704 3097 ποιητικῇ
2750 3013 3047 3091 «Νέςτωρ
3103 3013 3172 3104 δῖ
3217 3011 3257 3075 ὁ

661 3116 1221 3204 γέρωνιάμογητί»
1268 3119 1372 3182 καὶ
1414 3118 1493 3182 τὰ
1536 3117 1678 3194 ἑξῆς
1720 3119 1798 3199 (Λ
1843 3116 2013 3199 636).
2103 3117 2275 3182 οὕτω
2320 3119 2392 3181 δὲ
2437 3116 2541 3181 καὶ
2583 3114 2789 3195 ἀμιςθί
2834 3115 3083 3193 «ἀμιςθὶ
3121 3114 3254 3190 .γάρ

663 3237 728 3281 ςε
773 3218 1101 3298 πάμπαν».
2307 3273 2318 3280 .
2707 3223 2726 3234 “
3010 3213 3016 3232 ’

812 3317 869 3378 ἰι
917 3319 1012 3383 Τά
1056 3320 1144 3385 εἰς
1189 3325 1271 3384 ἂν
1316 3322 1601 3399 λήγοντα
1655 3321 2051 3400 ἐπιρρήματα
2105 3320 2448 3385 ἐκτείνουςι
2503 3320 2579 3384 τὸ
2637 3319 2710 3400 ἃ,
2768 3317 2999 3400 ἄγαν,
3045 3317 3261 3398 λίαν,

663 3419 946 3502 πέραν,
1005 3421 1227 3502 εὔὰν,
1285 3422 1759 3502 ὑπεςτολμένου
1814 3428 1933 3487 τοῦ
1988 3423 2329 3501 πάμπαν.
2416 3422 2492 3486 τὸ
2548 3421 2670 3499 γὰρ
2715 3419 2873 3484 ὅταν
2933 3418 3052 3483 δύο
3097 3418 3261 3497 μέρη

564 3522 631 3572 30
668 3519 869 3596 λόγου
913 3521 1068 3604 ἐςτί,
1115 3522 1223 3587 ὅτε
1269 3525 1371 3588 καὶ
1413 3523 1510 3587 ἄν.
1599 3523 1673 3588 τὸ
1720 3526 1789 3588 δὲ
1835 3525 2079 3588 τάλαν
2126 3522 2510 3603 ὀνοματικόν
2555 3521 2697 3586 ἐςτι.

834 3648 871 3683 ιι-
919 3622 1013 3686 Τὰ
1056 3623 1145 3687 εἰς
1187 3627 1271 3687 ἶῑὲ
1328 3625 1720 3704 ἐπιρρήματα
1771 3626 1826 3690 εἰ
1872 3626 2127 3699 λέγοιτο
2173 3623 2331 3690 ἄνευ
2374 3628 2492 3688 τοῦ
2547 3627 2580 3687 ἐ
2625 3622 2928 3701 ἰςόχρονα
2981 3621 3262 3702 λέγεται,

667 3724 1043 3800 μεςςηγύς
1089 3727 1373 3803 μεςςηγύ.
1461 3727 1536 3790 τὸ
1582 3727 1799 3806 μέντοι
1844 3726 2220 3805 ἄντικρυς
2264 3726 2623 3806 μεταβαλὸν
2669 3725 2784 3788 τὸν
2828 3724 3025 3788 τόνον
3079 3723 3266 3801 μετέ-

670 3826 823 3902 βαλε
869 3825 972 3900 καὶ
1014 3824 1129 3890 τὸν
1176 3826 1432 3904 χρόνον.

1599 3963 1793 4042 Περὶ
1836 3963 2319 4043 πνευμάτων.

566 4101 632 4159 35
839 4066 984 4161 Πάν
1029 4096 1272 4175 ἄρθρον
1318 4097 1448 4163 ἀπὸ
1495 4100 1874 4178 φωνήεντος
1928 4098 2290 4178 ἀρχόμενον
2336 4099 2701 4179 δαςύνεται,
2747 4098 2817 4179 ὅ,
2865 4095 2989 4178 οὗ,
3034 4097 3105 4178 ᾧ.
3181 4097 3262 4160 τὸ

670 4198 739 4260 δ“ε
785 4196 838 4260 ὦ
884 4201 1216 4281 ψιλοῦται,
1260 4199 1340 4264 οὐ
1384 4199 1508 4278 γάρ
1552 4199 1831 4282 ἄρθρον,
1876 4199 2017 4265 ἀλλ’
2062 4193 2376 4280 ἐπίρρημα
2418 4199 2730 4277 κλητικόν.

804 4385 841 4435 1.
882 4387 906 4434 1
944 4386 1008 4435 ΙΙ.
1046 4387 1133 4436 Pr.
1168 4384 1219 4436 Δ
1254 4389 1369 4435 222.
1505 4387 1543 4437 l.
1579 4390 1715 4437 4-9
1764 4384 2036 4449 μνάαεθαι
2082 4404 2148 4437 ox
2187 4387 2250 4438 11.
2289 4389 2376 4438 Pr.
2414 4385 2461 4437 Ζ
2497 4387 2597 4436 268
2634 4388 2690 4435 ἰη
2725 4386 2949 4436 brevius
2987 4385 3276 4446 contraxi,

670 4469 834 4517 quum
857 4453 1086 4503 eundem
1111 4469 1373 4504 canonem
1399 4454 1509 4505 iam
1534 4470 1697 4519 supra
1725 4471 1776 4519 p.
1803 4457 1920 4517 467,
1947 4459 1976 4506 7
2001 4455 2401 4520 proposuerim,
2427 4453 2497 4504 τὸ
2522 4453 2584 4505 δέ
2608 4452 2961 4517 δηριαάςθων
2989 4467 3162 4516 usquo
3187 4452 3270 4501 ad

671 4522 833 4571 finem
857 4521 1092 4586 apposui
1129 4537 1195 4570 ex
1230 4521 1293 4572 ΙΙ.
1336 4524 1422 4572 Pr.
1460 4522 1510 4575 Φ
1543 4525 1661 4573 467.
1790 4523 1825 4573 l.
1870 4527 1929 4573 11
1968 4523 2156 4580 Βίοὶιτ,
2187 4526 2305 4584 291,
2348 4528 2392 4572 1.
2531 4522 2567 4571 l.
2608 4523 2669 4571 16
2707 4521 2891 4573 Dichr.
2929 4522 3047 4581 292,
3084 4521 3152 4569 28
3187 4520 3272 4572 of.

670 4592 820 4641 Mon.
847 4591 930 4649 46,
963 4591 1040 4644 19,
1068 4589 1132 4641 ΙΙ.
1159 4591 1247 4643 Pr.
1277 4589 1312 4641 Γ
1337 4593 1419 4642 29.
1491 4591 1525 4640 1.
1556 4593 1617 4640 19
1644 4590 1828 4641 Dichr.
1864 4595 1980 4653 300,
2023 4593 2098 4644 16.
2171 4590 2212 4640 l.
2249 4592 2314 4640 28
2352 4590 2540 4640 Dichr.
2578 4592 2695 4650 290,
2737 4592 2815 4640 13.
2897 4588 2930 4640 l.
2967 4590 3030 4637 31
3071 4586 3269 4636 Dichr.

671 4660 787 4717 301,
828 4660 874 4708 1.
1011 4658 1078 4707 In
1114 4658 1402 4723 spirituum
1438 4658 1688 4708 doctrina
1723 4658 2048 4708 adornanda
2084 4659 2164 4708 sic
2200 4660 2316 4722 egi,
2351 4663 2415 4707 ut
2451 4671 2691 4708 canonos
2726 4657 2796 4706 ab
2819 4655 3059 4705 Arcadio
3094 4654 3270 4704 valde

673 4725 1013 4775 disturbatos
1049 4731 1200 4775 certo
1236 4725 1415 4775 ordini
1450 4726 1852 4791 adstringerem
1890 4733 1946 4775 et
1965 4741 2112 4794 quae
2139 4727 2210 4776 ab
2235 4742 2298 4776 οο
2324 4726 2527 4776 omissa
2551 4729 2707 4785 sunt,
2747 4730 2804 4774 et
2835 4740 2901 4773 ex
2929 4723 3272 4788 fragmen-tis

674 4791 1299 4910 ffassfficaeddssffimlig
1335 4793 1611 4858 explerem
1649 4801 1705 4843 et
1743 4810 1810 4843 ex
1847 4795 2162 4860 praeceptis
2198 4794 2256 4843 in
2293 4792 2560 4844 Prosodia
2600 4792 2890 4841 Homerica
2927 4791 3189 4841 servatis.

697 4895 708 4907 .
747 4866 757 4879 ·
897 4875 986 4909 rea
1029 4896 1040 4907 .
1180 4898 1193 4923 ,
1302 4897 1314 4909 .
