3664 5546
1156 305 1315 359 ΠΕΡΙ
1358 305 1750 362 “Aeolum-uc
1786 306 2209 364 ΠΡΟΕΩιΔΙΑ(
2248 307 2317 360 ΙΓ.
2900 306 3025 372 351

436 475 827 564 ἀρςενικῶν,
859 474 898 539 6
930 475 1210 554 ςώφρων
1255 473 1309 538 ὦ
1338 480 1619 559 υςῶφρον
1650 477 1753 540 καὶ
1793 477 1871 540 τὸ
1917 481 2268 559 ςῶφρον,
2311 475 2350 538 6
2381 475 2702 556 ἀγνώμων
2733 475 2787 540 ὦ
2817 476 3026 552 ἄγνω-

437 598 558 657 μον
604 578 706 641 καὶ
749 577 824 641 τὸ
871 576 1271 658 ἄγνωμον,
1316 576 1355 641 6
1400 575 1678 655 ἀμείνων
1723 576 1777 640 ὦ
1827 576 2092 656 ἄμεινον
2142 579 2218 641 τὸ
2263 576 2625 660 ἄμεινον,
2673 578 2711 641 6
2757 577 3026 658 βελτίων

393 678 492 742 ’ὦ
553 680 805 759 βέλτιον
859 680 936 744 τὸ
994 679 1338 760 βέλτιον,
1394 677 1433 742 6
1488 677 1723 756 ἀρείων
1768 677 1822 742 ὦ
1867 678 2086 758 ἄρειον
2130 680 2206 743 τὸ
2254 677 2542 756 ἄρειον.
2630 682 2769 745 τοῖς
2822 682 2893 744 δὲ
2938 680 3027 744 εἰς

436 784 531 843 u‘W
563 774 981 860 ὀξυνομένοις
1013 779 1274 859 ὀνόμαςι
1307 779 1623 845 οὐδέποτε
1652 780 2025 858 παράκειται
2051 779 2397 858 οὐδετέρου
2421 780 3025 862 παραςχηματιςμός.

604 881 699 946 Τὰ
740 880 873 946 ἀπὸ
930 885 1060 946 τῶν
1117 881 1204 946 εἰς
1259 886 1339 959 ῆν
1394 880 1742 960 ἀρςενικῶν
1799 882 1889 946 εἰς
1933 883 2015 946 {V
2070 881 2379 960 οὐδέτερα
2433 881 2858 963 ὁμοτονοῦςιν
2913 882 3024 947 αὐ·
3053 894 3086 944 5

435 986 603 1065 τοῖς,
649 982 847 1061 ἄρςην
893 982 1159 1066 ἄρςεν,
1202 985 1394 1062 τέρην
1437 984 1676 1061 τέρεν.

606 1110 645 1144 4
689 1084 784 1149 Τὰ
827 1083 916 1148 εἰς
961 1087 1057 1148 HN
1102 1090 1392 1164 μετοχῶν
1439 1086 1739 1162 δευτέρας
1784 1085 2072 1162 ςυζυγίας
2117 1089 2247 1151 τῶν
2293 1087 2796 1165 περιςπωμένων
2842 1086 3025 1152 οὐδέ-

435 1206 588 1264 τερα
630 1185 1012 1264 ὁμοτονοῦςι
1057 1188 1193 1250 τοῖς
1237 1185 1622 1269 ἀρςενικοῖς,
1680 1186 1718 1250 6
1777 1191 1952 1266 βοῶν
1996 1189 2071 1252 τὸ
2130 1192 2364 1270 βοῶν,
2422 1187 2460 1252 6
2504 1192 2715 1265 γελῶν
2770 1190 2847 1254 τὸ
2899 1208 3024 1264 γε·

437 1291 621 1368 λῶν,
677 1286 716 1351 6
761 1287 936 1365 ὁρῶν
979 1288 1056 1352 τὸ
1102 1287 1347 1370 ὁρῶν,
1405 1288 1443 1351 6
1488 1286 1758 1363 ἀγαπῶν
1802 1289 1879 1352 τὸ
1925 1287 2283 1371 ἀγαπῶν,
2344 1289 2382 1352 6
2438 1292 2719 1367 μελετῶν
2775 1292 2851 1354 τὸ
2897 1310 3022 1369 με·

437 1393 696 1454 λετῶν.
764 1391 1113 1468 μονογενὲς
1158 1390 1230 1454 δὲ
1274 1389 1621 1467 οὐδέτερον
1667 1388 1757 1455 εἰς
1800 1392 1896 1453 ‹su—v
1930 1392 2131 1466 λῆγον
2163 1389 2372 1470 ὄνομα
2417 1390 2535 1455 οὐκ
2579 1392 2746 1456 ἔςτιν
2791 1392 3021 1469 εὑρεῖν.
3063 1402 3126 1453 ιο

601 1521 638 1556 ιι·
685 1490 759 1557 Αἱ
805 1489 894 1556 εἰς
938 1494 1032 1554 (Tc
1076 1491 1340 1570 μετοχαὶ
1384 1489 1516 1556 ἀπὸ
1555 1491 2057 1570 περιςπωμένων
2103 1492 2261 1555 κατὰ
2287 1493 2496 1557 πάθος
2538 1493 2877 1573 γενόμεναι
2921 1495 3026 1558 καὶ

436 1594 868 1673 φυλάττουςαι
911 1593 987 1656 τὸ
1033 1597 1087 1657 ὓ]
1144 1592 1250 1658 ἐπὶ
1302 1597 1414 1671 τῆς
1456 1596 1709 1670 γενικῆς
1763 1595 1881 1656 τοῦ
1926 1592 2257 1671 ἀρςενικοῦ
2312 1593 2758 1672 ὁμοτονοθντα
2812 1594 3023 1674 ἔχουςι

436 1695 515 1759 τὰ
570 1695 905 1775 οὐδέτερα,
975 1693 1176 1773 βεβώς
1232 1698 1511 1775 βεβῶτος
1560 1695 1635 1757 τὸ
1682 1695 1958 1776 βεβώς,
2023 1695 2229 1770 γεγώς
2283 1700 2567 1770 γεγῶτος
2622 1696 2697 1760 τὸ
2741 1696 3022 1778 γεγώς,

437 1795 630 1861 ἑςτῶς
673 1796 941 1860 ἑςτῶτος
985 1796 1061 1860 τό
1106 1794 1374 1879 ἑςτώς,
1419 1795 1661 1860 τεθνώς
1704 1800 2022 1860 τεθνῶτος
2064 1796 2139 1860 τὸ
2183 1796 2492 1862 τεθνώς.
2559 1799 2908 1875 μονογενὲς
2952 1799 3024 1861 δὲ

438 1897 783 1976 οὐδέτερον
827 1897 916 1961 εἰς
966 1900 1064 1960 ῶς
1110 1895 1228 1961 οὐκ
1273 1897 1438 1962 ἔςτιν
1484 1897 1697 1975 εὑρεῖν
1742 1898 1913 1975 πλὴν
1957 1901 2075 1961 τοῦ
2119 1902 2284 1977 φῶς
2328 1899 2431 1962 καὶ
2473 1902 2589 1963 τοῦ
2634 1896 2745 1962 ὦς.
3065 1911 3125 1961 15

605 1999 698 2064 Τὰ
741 1997 830 2065 εἰς
874 2000 915 2062 ἇ
970 1999 1251 2077 λήγοντα
1305 1997 1614 2077 οὐδέτερα
1667 2002 1991 2077 μονογενῆ
2049 1999 2384 2079 βαρύνεται
2441 2000 2544 2065 καὶ
2588 1999 2902 2065 ςυςτέλλει
2947 2001 3022 2064 τὸ

437 2105 478 2164 ἆ
521 2103 623 2166 καὶ
675 2102 750 2166 τὸ
806 2104 848 2179 ῑι
898 2101 1329 2179 παραλήγεται
1374 2101 1477 2165 καὶ
1534 2099 1639 2163 διὰ
1693 2103 1808 2164 τοῦ
1865 2101 1976 2163 ’τος
2022 2100 2189 2164 θέλει
2234 2102 2561 2168 κλίνεςθαι.
2660 2101 3021 2180 πρόςκειται

435 2205 757 2282 μονογενῆ
813 2202 918 2265 διὰ
975 2204 1050 2266 τὸ
1104 2201 1314 2281 μέγα
1400 2197 1596 2265 τοῦτο
1656 2203 1778 2280 γὰρ
1837 2203 2014 2280 λήγει
2082 2201 2170 2266 εἰς
2223 2205 2265 2266 ἃ
2321 2205 2423 2268 καὶ
2475 2204 2604 2282 πρὸ
2655 2206 2773 2267 τοῦ
2819 2205 2859 2266 ἇ
2905 2202 3023 2268 οὐκ

435 2304 564 2383 ἔχει
619 2305 695 2368 τὸ
755 2307 795 2380 ιῑ
851 2303 955 2368 διὰ
1009 2304 1085 2366 τὸ
1145 2304 1229 2382 μὴ
1281 2301 1446 2367 εἶναι
1503 2301 1884 2400 μονογενές,
1940 2302 2073 2368 ἀπὸ
2126 2305 2250 2382 γὰρ
2305 2309 2422 2369 τοῦ
2476 2306 2685 2384 μέγας.
2772 2305 2847 2368 τὸ
2897 2305 3021 2382 γὰρ

433 2407 701 2485 Πάςχα
747 2405 1102 2486 βάρβαρον,
1157 2406 1259 2469 διὸ
1316 2406 1355 2469 ὃ
1412 2405 1514 2468 καὶ
1568 2404 1847 2468 ἄκλιτον.
1935 2407 2009 2470 τὸ
2055 2406 2266 2485 φάβα
2319 2408 2419 2470 καὶ
2471 2405 2628 2471 αὐτὸ
2675 2404 3019 2488 βάρβαρον,
3057 2420 3125 2472 20

435 2507 488 2570 εἰ
516 2507 633 2574 ,καὶ
663 2507 959 2571 κλίνοιτο.
1017 2507 1241 2584 καὶτὰ
1285 2510 1415 2571 τῶν
1448 2506 1774 2584 ςτοιχείων
1820 2504 2140 2589 ὀνόματα,
2185 2506 2428 2589 ἄλφα,
2475 2511 2696 2589 βῆτα,
2739 2507 3021 2589 γάμμα,

436 2608 672 2672 δέλτα
712 2643 799 2655 -
844 2607 969 2672 ἔςτι
1014 2609 1117 2671 καὶ
1159 2608 1420 2672 Δέλτα
1472 2608 1661 2673 πόλις
1713 2608 1881 2685 πρὸς
1933 2614 2007 2692 τῇ
2055 2607 2244 2691 (υρίᾳ
2298 2610 2401 2672 καὶ
2444 2611 2635 2685 νῆςος
2678 2608 3020 2690 Αἰγύπτου,

438 2710 527 2775 ῶς
569 2709 881 2792 Ἔφορος,
927 2710 1067 2773 κατ’
1109 2708 1489 2787 Αἰγυπτίους
1544 2709 1904 2790 καλουμένη
1947 2709 2235 2789 Πυραμίς
2278 2708 2411 2773 ἀπὸ
2467 2713 2577 2788 τῆς
2627 2714 2744 2775 τοῦ
2789 2710 3017 2790 ςχήμα·

434 2832 545 2876 τος
589 2811 967 2891 ὁμοιότητος
993 2824 1080 2857 *—
1112 2811 1395 2892 βάρβαρα
1438 2813 1541 2876 καὶ
1583 2812 1806 2877 ἄκλιτά
1850 2811 2019 2878 εἰςιν.
2080 2813 2155 2876 τὸ
2200 2813 2271 2876 δὲ
2317 2811 2605 2891 ἀλειφα
2648 2811 2906 2890 ἐγένετο
2951 2813 3022 2877 ἐκ
3078 2808 3090 2822 ”

434 2918 550 2978 τοῦ
595 2913 871 2994 ἄλειφαρ
917 2913 956 2991 ἢ
1002 2913 1272 2994 ἄλειφας
1326 2913 1653 2998 ύποςτολῇ
1697 2916 1812 2978 τοῦ
1857 2917 1894 2993 ρ
1939 2914 1978 2992 ἢ
2033 2916 2150 2978 τοῦ
2204 2917 2268 2996 ἰ,
2310 2916 2386 2979 τὸ
2440 2915 2512 2978 δὲ
2559 2914 2742 2979 λίπα
2792 2914 2861 2979 ἐκ
2902 2917 3019 2978 τοῦ
3055 2929 3123 2979 25

568 3202 604 3257 l.
640 3206 673 3253 2
726 3202 759 3253 ό
795 3200 1044 3265 ἀμείνων
1089 3206 1260 3269 usqu‘e
1306 3202 1376 3254 ad
1419 3200 1610 3268 ἄρειον
1656 3203 1835 3253 adieci
1882 3219 1948 3253 ex
1993 3202 2234 3269 Theogn.
2275 3205 2398 3267 119,
2440 3205 2496 3265 1,
2541 3205 2660 3254 τοῖς
2705 3202 2766 3254 δέ
2810 3201 2890 3254 εἰς
2935 3206 3019 3256 ῶῐ

435 3266 792 3333 ὸξυνομὲνοις
838 3286 908 3321 ox
954 3271 1019 3326 11.
1066 3271 1155 3321 Pr.
1194 3268 1232 3323 C
1272 3274 1387 3322 519.
1593 3269 1628 3320 l.
1668 3274 1700 3323 5
1744 3268 2052 3334 ἀρςενικῶν
2087 3270 2298 3322 inserui
2333 3276 2587 3321 monente
2626 3271 2924 3322 Schmidtio
2961 3275 3018 3323 in

434 3343 834 3403 programmate
872 3338 1162 3389 Sedinensi
1198 3337 1376 3404 (1864)
1419 3354 1471 3403 p.
1510 3341 1591 3389 12.
1813 3338 1850 3388 1.
1889 3342 1919 3389 7
1968 3339 2113 3389 hunc
2148 3353 2410 3389 canonem
2446 3355 2515 3389 ex
2550 3339 2797 3405 Theogn.
2837 3342 2950 3403 119,
2987 3343 3020 3390 6

436 3405 634 3456 adieci.
768 3406 805 3459 l.
845 3407 904 3454 11
943 3408 1175 3473 apposui
1213 3422 1280 3457 ex
1304 3407 1551 3472 Theogn.
1591 3409 1703 3469 119,
1741 3409 1832 3468 21;
1873 3406 1940 3457 de
1977 3408 2105 3469 φῶς
2143 3412 2200 3456 et
2237 3402 2316 3457 ὦς
2354 3407 2424 3460 ef.
2461 3407 2660 3457 librum
2697 3423 2755 3458 se
2797 3415 3018 3458 nentem

441 3472 782 3525 Catholicae.
954 3474 989 3523 1.
1028 3476 1090 3524 16
1135 3474 1402 3526 Arcadius
1435 3474 1607 3524 habet
1642 3474 1782 3524 haec
1817 3478 2030 3524 tantum
2077 3474 2143 3524 de.
2181 3474 2392 3524 neutris
2427 3476 2485 3525 in
2519 3476 2581 3527 ii:
2627 3473 2701 3525 τὰ
2737 3489 2763 3525 ε
2788 3488 2815 3526 ε
2851 3476 2888 3525 ἃ
2922 3474 3018 3539 λή-

437 3533 929 3659 γονὲαὲἕέδέέεὲα
973 3540 1271 3660 βαρύόνεται
1308 3540 1635 3661 ὶ[τουτέςτιν
1689 3541 1725 3660 2
1771 3541 2145 3660 napofifixle‘jerm
2192 3540 2422 3659 innon-ulfi]
2437 3542 2528 3661 &n‘
2571 3544 3020 3662 τὲροὲτεριςπῗῖαι

434 3622 540 3739 ἒὲἔ
577 3622 1094 3740 προπέροεένῖὲῶἶ
1134 3611 2010 3742 ᾎῖίηῖὲὶαέἕῆξὲῑίηὲᾝὲςμὲ
2040 3623 3026 3753 ρέιμὲὕρξῇατι..”η’ἑρ’ἑ..ἔὲᾱὲ”..ἓξ

431 3744 574 3795 vidit
610 3743 963 3795 Schmidtius.
1000 3745 1106 3793 Pro
1143 3745 1228 3795 his
1267 3746 1394 3795 dedi
1432 3761 1500 3795 ex
1536 3746 1689 3796 Theo
1729 3761 1780 3795 n.
1824 3748 1938 3807 120,
1975 3749 2042 3797 30
2076 3745 2148 3797 τὰ
2184 3743 2261 3796 εἰς
2299 3761 2334 3797 α
2371 3744 2621 3809 λήγοντα
2656 3772 2724 3784 —-
2758 3746 2829 3796 τὸ
2866 3746 3018 3811 φάβα

432 3838 497 3847 -
534 3810 583 3862 εἰ
620 3811 708 3862 καὶ
746 3810 993 3862 κλίνοιτο
1028 3812 1252 3863 insertis
1287 3812 1472 3864 verbis
1508 3813 1598 3864 καί
1634 3813 1685 3863 δι
1758 3814 1862 3864 τοῦ
1899 3817 1996 3864 'fo—c
2033 3812 2184 3865 θέλει
2221 3812 2498 3865 κλίνεςθαι
2536 3830 2603 3864 ex
2641 3814 2835 3865 Choer.
2867 3817 3016 3868 Diet.

430 3880 548 3944 368,
584 3882 633 3929 2.
707 3879 773 3930 de
811 3876 965 3943 φάβα
1002 3885 1056 3930 et
1092 3878 1288 3943 Πάςχα
1322 3880 1568 3998 Τδεοὲη.
1605 3883 1697 3943 78,
1740 3883 1828 3943 15,
1876 3881 2246 3945 ςημειούμεθα
2283 3881 2358 3945 μὴ
2395 3881 2465 3932 τὸ
2504 3883 2540 3944 fi
2576 3881 3017 4000 παραλέγόμενα

430 3947 501 3998 τὸ
536 3946 689 4011 φάβα
727 3946 816 3997 καὶ
840 3944 1065 4010 Πάςχα,
1103 3945 1189 3997 ῶν
1223 3947 1292 3997 τὸ
1329 3945 1432 4010 μὲν
1505 3947 1583 3999 πὸ
1619 3951 1722 4013 τῆς
1761 3946 2018 4012 Ἰταλῶν,
2055 3948 2125 4000 τὸ
2150 3947 2346 4012 Πάςχα
2383 3948 2444 4000 δὲ
2479 3947 2595 3999 ἀπὸ
2619 3950 2724 4012 τῆς
2749 3948 2762 3965 ‘
2806 3948 3015 4012 βραίων

431 4017 633 4080 φωνῆς
672 4013 1023 4079 μετηγμένον
1062 4012 1140 4066 εἰς
1174 4015 1283 4080 τὴν
1318 4012 1549 4068 Ἑλλάδα
1586 4015 1808 4082 φωνήν.
1878 4014 1948 4066 τὸ
1997 4014 2099 4078 μὲν
2137 4013 2382 4068 κλίνεται
2419 4014 2747 4067 ἀκολούθως
2782 4018 2899 4066 τοῖς
2937 4016 3015 4067 είς

432 4084 525 4144 μᾶ.
586 4085 690 4133 τοῦ
727 4081 923 4146 Πάςχα
958 4081 1019 4133 δὲ
1053 4080 1109 4134 αί
1146 4085 1379 4148 καθεξῆς
1415 4082 1657 4136 πτώςεις
1692 4081 2019 4148 ςεςίγηνται.
2113 4082 2120 4089 ’
2157 4085 2193 4137 1.
2231 4087 2294 4134 21
2334 4084 2423 4134 καὶ
2459 4082 2531 4134 τὰ
2565 4084 2686 4133 τῶν
2724 4083 3014 4146 ςτοιχείων

431 4149 684 4214 ὀνόματα
721 4177 784 4188 -
832 4151 867 4201 l.
904 4154 970 4202 24
1014 4149 1214 4202 ἄκλιτά
1259 4149 1394 4203 εἰςιν
1440 4155 1597 4217 posui
1645 4168 1711 4202 ex
1757 4152 1953 4202 Choer.
1998 4152 2123 4212 368,
2160 4155 2222 4202 31
2271 4152 2496 4201 insertis
2541 4152 2726 4201 verbis
2770 4148 3016 4216 βάρβαρα

432 4219 519 4269 καὶ
556 4217 708 4285 (nam
744 4219 825 4269 ita
863 4219 1143 4284 explicata
1179 4235 1301 4271 esse
1337 4221 1557 4270 nomina
1581 4220 1865 4269 literarum
1900 4234 1969 4270 ex
2006 4217 2110 4268 loci
2144 4219 2321 4283 ipsius
2345 4233 2592 4269 connexu
2617 4218 2789 4268 claret
2822 4224 2879 4268 et
2905 4224 3015 4271 tra-

433 4286 580 4336 ditur
615 4292 672 4337 et
715 4304 748 4337 a
787 4285 981 4337 Choer.
1017 4289 1145 4349 373,
1183 4291 1245 4337 31
1303 4292 1360 4337 et
1394 4287 1570 4339 Bekk.
1605 4287 1710 4337 An.
1750 4289 1874 4349 780,
1913 4288 1976 4336 32
2032 4282 2215 4336 ίςτέον
2270 4284 2357 4336 ὅτι
2411 4284 2706 4350 βαρβάρων
2759 4285 2862 4348 μέν
2916 4286 3031 4338 είςι·

432 4353 704 4419 εὑρέμετα
738 4352 811 4405 τὰ
848 4352 1139 4406 ἑκκαίδεκα
1175 4353 1474 4419 γράμματα
1508 4357 1690 4406 ταῦτα
1727 4352 1874 4417 κτλ.)
1913 4357 1969 4403 ot
2007 4354 2225 4418 proprio
2261 4352 2453 4404 Δέλτα
2497 4370 2566 4403 ex
2602 4356 2682 4404 St.
2719 4355 2809 4421 B„
2857 4357 3013 4418 Quae
3119 4366 3132 4374 “

432 4421 499 4472 de
535 4420 768 4486 ἄλειφα,
807 4420 942 4473 λίπα
979 4429 1038 4473 et
1069 4422 1189 4487 ὕφα
1226 4424 1545 4485 traduntur,
1583 4421 1783 4472 collato
1821 4420 2017 4470 Choer.
2053 4422 2181 4482 366,
2219 4423 2283 4469 26
2320 4436 2471 4485 seqq.
2518 4428 2738 4487 sumpta.
2781 4430 2911 4473 sunt
2947 4439 3014 4473 ex

429 4488 747 4540 Herodiano
783 4507 872 4608 ag.
909 4492 1165 4543 Eustath.
1207 4493 1363 4553 1560,
1399 4492 1489 4540 26;
1538 4484 1880 4552 Ἡρωδιανὸς
1917 4485 2106 4569 ἄλλως
2149 4486 2291 4537 αὐτὸ
2331 4486 2426 4551 (sc.
2464 4487 2624 4553 λίπα)
2662 4488 3014 4553 ςχηματίζων

429 4556 1097 4690 δ’ἒέῧὸᾶἳρῖαιᾶἒεῖἱὶῗῧ
1111 4552 3013 4693 *2222‘2‘131'6zzfflffz‘e2³22?222540323{2205232353‘220‘1'5

429 4694 531 4742 τοῦ
569 4694 601 4755 β
635 4691 670 4755 ἢ
707 4695 810 4743 τοῦ
850 4697 877 4745 Ε
920 4691 1148 4756 ἄλειφα·
1186 4692 1260 4743 τὰ
1291 4692 1353 4743 δὲ
1388 4690 1527 4742 λίπα
1563 4688 1619 4741 ἐξ
1656 4686 1938 4749 ἀναλόγου
1976 4686 2464 4754 άντιπαραθέςεως
2500 4691 2752 4755 ἐγένετο·
2792 4692 2870 4745 ὡς
2905 4693 3012 4760 γάρ

432 4760 580 4810 κῶος
616 4760 797 4823 κῶας,
834 4760 966 4812 ὕδος
1001 4759 1165 4823 ὕδας,
1201 4762 1373 4824 γῆρος
1409 4760 1612 4823 γῆρας,
1659 4755 1814 4807 οὕτω
1861 4756 1951 4806 καὶ
1998 4755 2160 4809 λίπος
2197 4755 2390 4823 λίπας,
2438 4758 2494 4814 ἐξ
2542 4758 2610 4812 οὗ
2656 4760 2820 4826 λίπα,
2855 4760 2939 4815 ἵν’
2975 4764 3009 4829 ῇ
