3664 5546
569 383 811 436 CLXXII
1628 379 2046 429 PRAEFATIO.

559 537 1015 618 Ἀριςτοτέλης;
1084 558 1161 599 ea
1215 557 1380 621 quac
1436 543 1590 599 sunt
1646 556 1728 599 ex
1784 533 1953 599 libro
2009 535 2318 614 θαυμάςια
2374 532 2738 615 ἀκούςματα
2804 533 3146 618 inscript0,

556 641 696 724 ipse
740 638 1107 723 Stephanus
1155 637 1471 722 appinxit.

728 739 1288 803 Artemidorus
1334 736 1641 802 laudatur
1684 739 1752 801 in
1797 737 1925 825 ΕΡ.
1971 738 2077 803 Cr.
2126 738 2160 802 I
2201 736 2331 801 440
2373 736 2481 816 Εἴρ
2536 735 2858 820 ποταμός,
2914 736 2993 803 οὗ
3037 737 3145 815 μέ-

557 862 781 923 μνηται
832 840 1293 920 Ἀρτεμίδωρος
1349 840 1419 906 ἐν
1476 842 2085 923 Γεωγραφουμένως
2139 839 2206 902 in
2262 836 2438 919 loce,
2493 838 2606 925 qui
2663 836 2889 926 procul
2943 837 3142 902 dubio

556 967 641 1008 cx
697 941 1078 1007 Herodiano
1137 939 1357 1021 fluxit,
1415 943 1678 1027 saepius
1735 965 1775 1005 a
1830 941 2057 1028 Steph.
2120 962 2178 1005 e.
2231 962 2296 1025 g.
2351 940 2426 1017 5,
2486 941 2518 1003 1
2577 940 2831 1020 εὕρηται
2887 942 2959 1006 δὲ
3016 942 3140 1022 (sc.

558 1043 870 1127 Ἀβαρνίς)
919 1044 1022 1108 καὶ
1065 1044 1171 1109 διὰ
1198 1048 1316 1108 τοῦ
1360 1048 1412 1107 ἦ
1443 1043 1771 1127 Ἀπαρνίς,
1818 1045 1910 1109 ὼς
1957 1043 2129 1122 παρὰ
2157 1042 2598 1127 Ἀρτεμιδώρῳ
2629 1047 2721 1126 τῷ
2749 1042 3139 1124 γεωγρὰφῳ,

554 1146 666 1231 qui
713 1144 890 1209 locus
936 1152 1202 1229 propter
1245 1143 1635 1229 scripturam
1690 1153 1938 1229 etymo,
1997 1144 2182 1208 cuius
2228 1140 2447 1229 paullo
2492 1153 2644 1209 ante
2684 1142 2924 1208 mentio
2968 1143 3141 1207 facta

559 1255 732 1328 erat,
781 1244 1332 1322 accommodatam
1373 1244 1457 1309 ab
1489 1244 1867 1310 Herodiano
1898 1244 2190 1331 prolatus
2222 1245 2475 1327 fuerat3
2518 1267 2583 1330 p.
2621 1244 2717 1325 18,
2754 1245 2833 1308 19
2878 1255 3141 1330 propter

553 1346 798 1433 gentile
844 1347 1244 1426 Ἀγκωνίτης;
1289 1369 1354 1433 Ρ.
1387 1346 1503 1427 20,
1536 1347 1570 1409 7
1617 1369 1736 1433 pro
1768 1356 1935 1411 teste
1980 1346 2205 1434 populi
2251 1348 2587 1423 Ἀγνῶτες;
2633 1368 2694 1431 p.
2727 1345 2844 1426 80,
2878 1345 2915 1409 7
2947 1345 3138 1411 Ἀλω-

557 1451 651 1516 νίς
697 1454 889 1528 νῆςος
934 1451 1035 1513 καὶ
1078 1449 1262 1513 πόλις
1310 1450 1700 1532 Μαςςαλίας,
1757 1450 1848 1516 ὡς
1894 1449 2379 1530 Ἀρτεμίδωρος;
2436 1471 2499 1533 Ρ.
2544 1447 2662 1528 38,
2708 1448 2751 1510 4
2793 1455 3140 1533 propterea

556 1538 729 1637 quod
775 1549 1176 1625 nominativo
1221 1549 1328 1615 Αἴξ
1373 1570 1492 1634 pro
1537 1549 1695 1628 Αἰγά
1737 1571 1896 1614 usus
1942 1558 2044 1614 est
2086 1549 2206 1615 οὐκ
2248 1549 2603 1626 ἀναλόγως.

726 1650 1309 1716 Demosthenes
1367 1659 1614 1730 orator,
1683 1672 1874 1736 quem
1940 1649 2140 1716 semel
2205 1650 2430 1715 laudat
2490 1648 2808 1716 Choerob.
2876 1660 3141 1736 propter

553 1761 892 1819 accentum
927 1752 1222 1818 adverbii
1252 1753 1600 1833 ἑκαςταχοῦ
1629 1753 1807 1818 Dict.
1831 1752 1977 1832 429,
2008 1753 2115 1834 28,
2149 1751 2349 1817 semel
2379 1752 2616 1818 citatur
2645 1753 2731 1817 ab
2759 1751 3135 1817 Herodiano

554 1857 622 1919 in
652 1855 828 1920 Mon.
879 1855 976 1936 13,
1026 1853 1109 1919 20
1151 1855 1473 1933 Ἄργουρα
1515 1855 1702 1920 πόλις
1747 1856 2047 1938 Εὐβοίας,
2093 1856 2393 1936 μέμνηται
2437 1855 2854 1936 Δημοςθένης
2901 1855 3137 1932 λέγων·

555 1958 619 2025 ἐξ
665 1958 1014 2036 Ἀργούρας
1069 1961 1180 2037 τῆς
1225 1958 1524 2040 Εὐβοίας,
1580 1979 1727 2020 cum
1783 1977 1911 2043 quo
1969 1955 2110 2021 loco
2166 1956 2252 2020 cf.
2303 1955 2399 2021 St.
2445 1955 2521 2020 B.
2572 1954 2725 2036 114,
2778 1956 2807 2018 1
2869 1955 2993 2022 ἔςτι
3037 1957 3138 2021 καὶ

554 2060 756 2123 τόπος
800 2060 910 2137 τῆς
954 2057 1219 2138 Εὐβοίας
1262 2059 1613 2144 Ἄργουρα,
1662 2058 1834 2124 ὅπου
1882 2062 2061 2124 δοκεῖ
2102 2060 2218 2124 τὸν
2262 2059 2614 2137 Πανόπτην
2659 2057 2886 2138 Ἑρμῆν
2931 2078 3134 2138 πεφο-

554 2161 875 2235 νευκέναι;
923 2160 1218 2224 omisisse
1264 2159 1523 2225 videtur
1567 2159 1935 2246 Stephanus
1971 2158 2433 2224 Demosthenis
2481 2158 2921 2222 testimonium
2966 2158 3137 2244 quod

555 2262 838 2326 fortasse
882 2262 948 2324 in
994 2260 1249 2326 Cathol.
1298 2260 1483 2344 (Arc.
1515 2260 1619 2343 97,
1650 2263 1711 2342 4,
1749 2262 1855 2346 10)
1901 2261 2145 2325 aderat.
2212 2259 2386 2324 Hinc
2433 2281 2561 2325 non
2608 2258 2837 2325 dubito
2881 2282 3136 2324 sumere

554 2361 731 2449 apud
762 2361 1162 2447 Stephanum
1193 2356 1473 2450 Τάμυνα,
1515 2366 1698 2429 πόλις
1732 2364 2058 2443 Ἐρετρίας.
2106 2363 2402 2445 (τράβων
2435 2364 2681 2448 δεκάτῃ.
2728 2363 2828 2427 καὶ
2858 2364 3135 2439 πληθυν-

553 2472 739 2530 τικῶς
797 2464 928 2530 «εἰς
982 2464 1095 2529 τὰς
1154 2464 1488 2546 Ταμύνας»
1538 2464 1908 2548 (Demosth.
1956 2486 2010 2528 c.
2060 2463 2286 2529 Boeot.
2333 2485 2396 2549 p.
2442 2463 2594 2543 999,
2642 2462 2708 2548 8)
2756 2460 3135 2528 Herodiano

555 2567 781 2631 deberi
823 2565 950 2630 loci
993 2565 1489 2631 Demosthenici
1534 2565 1928 2630 citationem.

723 2666 1315 2732 Eratosthenes
1372 2668 1630 2753 saepius
1686 2668 1772 2732 ab
1817 2665 2194 2732 Herodiano
2251 2665 2319 2729 in
2374 2665 2815 2731 testimonium
2868 2673 3137 2730 vocatur

553 2795 609 2836 e.
659 2793 724 2856 g.
769 2767 949 2835 Mon.
999 2768 1099 2851 13,
1146 2767 1230 2832 22
1271 2770 1589 2850 Ὄλουρα·
1634 2771 1936 2851 μέμνηται
1982 2769 2455 2848 Ἐρατοςθένης·
2500 2768 2568 2831 in
2609 2764 2779 2833 libro
2825 2769 2970 2848 περὶ
3013 2789 3131 2834 πα-

553 2880 686 2939 θῶν
731 2872 801 2935 in
844 2870 925 2934 Ε.
971 2870 1062 2935 Μ.
1109 2876 1226 2939 ποῖ
1268 2876 1463 2953 κῆχος
1507 2870 1664 2952 682,
1710 2871 1824 2952 52,
1870 2872 1939 2935 in
1984 2868 2237 2934 Cathol.
2283 2870 2351 2933 in
2394 2868 2475 2934 E.
2516 2868 2607 2934 M.
2653 2868 2811 2949 286,
2857 2869 2940 2934 33
2984 2875 3131 2949 δρα-

550 2976 712 3056 ξων,
743 2995 847 3059 ap.
880 2971 1110 3038 Choer.
1147 2973 1262 3055 75,
1302 2975 1373 3038 17
1420 2981 1684 3058 propter
1729 2971 2233 3037 declinationem
2275 2972 2505 3038 Λάδων
2548 2972 2885 3053 Λάδωνος;
2932 2992 2994 3055 p.
3028 2970 3130 3051 81,

556 3076 634 3139 13
677 3076 861 3154 Ἔρυξ
906 3075 944 3140 ὁ
988 3076 1160 3154 ἥρως
1205 3076 1307 3140 καὶ
1350 3075 1387 3153 ἡ
1433 3074 1617 3140 πόλις
1661 3075 1837 3153 παρὰ
1879 3080 1973 3158 τῷ
2007 3075 2432 3153 Ἐρατοςθένει
2464 3072 2599 3159 (ap.
2630 3071 2726 3137 St.
2758 3072 2836 3137 B.
2868 3094 2921 3137 s.
2949 3073 3132 3153 Ἔρυξ

552 3175 997 3240 testimonium
1043 3174 1353 3257 excidit);
1408 3198 1471 3262 p.
1519 3175 1634 3257 81,
1681 3174 1763 3238 27
1809 3175 2007 3253 γάνυξ
2063 3175 2101 3240 ὁ
2145 3176 2479 3255 γανύκτωρ
2523 3175 2698 3253 παρὰ
2747 3182 2839 3259 τῷ
2883 3176 3132 3253 Ἐρατο-

556 3277 785 3353 ςθένει;
855 3298 914 3362 Ρ.
968 3276 1120 3357 119,
1166 3276 1252 3339 30
1305 3276 1530 3355 Ἀρύας
1586 3277 1931 3356 Ἀρύαντος
1985 3277 2145 3355 παρ’
2200 3277 2629 3356 Ἐρατοςθένει
2699 3276 2778 3355 «ἡ
2845 3278 2917 3341 δὲ
2972 3276 3133 3355 ὑπὲρ

554 3377 897 3455 Ἀρύαντος
942 3378 1047 3442 ἐπὶ
1089 3380 1406 3457 προχοαῖς
1449 3376 1840 3456 ποταμίων».
1905 3375 1997 3442 St.
2027 3375 2105 3441 B.
2153 3377 2293 3459 137,
2324 3378 2366 3457 5
2407 3379 2700 3457 ’Άςςυρες
2743 3377 2918 3456 παρὰ
2962 3377 3132 3457 Ἐρα-

552 3479 857 3560 τοςθένει,
900 3478 1052 3544 ἴςως
1098 3479 1189 3543 ὼς
1232 3479 1364 3544 ἀπὸ
1408 3483 1525 3545 τοῦ
1570 3480 1859 3558 Ἰλλυριοί
1900 3481 2182 3558 Ἴλλυρες
2226 3480 2472 3543 excitat
2517 3479 2892 3543 memoriam
2938 3477 3129 3542 adno-

553 3580 820 3642 tamenti
866 3578 1260 3643 Herodianei
1319 3580 1399 3643 de
1447 3581 1683 3659 Κέρκυρ
1726 3582 1937 3660 Ἴλλυρ
1980 3581 2048 3644 in
2094 3579 2174 3644 E.
2219 3581 2308 3645 M.
2355 3580 2514 3662 506,
2560 3581 2671 3645 20:
2729 3581 2806 3646 τὸ
2848 3582 3133 3659 Ἴλλυρας

553 3682 1057 3761 μεταπέπλαςται
1101 3681 1262 3746 κατὰ
1304 3683 1419 3760 τὴν
1464 3681 1664 3761 αὐτὴν
1720 3689 1975 3748 πτῶςιν.
2063 3681 2342 3768 Reliqua
2386 3681 2632 3764 omnia,
2687 3703 2855 3767 quae
2909 3702 2949 3744 a
2992 3679 3130 3745 Ste-

551 3780 767 3867 phano
824 3781 1211 3862 afferuntur,
1266 3782 1361 3847 ita
1414 3791 1798 3865 comparata
1853 3792 2040 3866 sunt,
2097 3793 2170 3848 ut
2213 3806 2297 3849 ex
2352 3781 2690 3849 Catholica
2733 3781 2938 3867 petita
2991 3802 3133 3845 esse

551 3883 893 3970 probabile
939 3884 1046 3948 sit.
2316 3959 2321 3964 ι

669 4020 682 4030 ·
719 3984 1209 4049 Hecataeus:
1267 3984 1447 4050 Mon.
1503 3986 1619 4067 36,
1665 3986 1748 4051 28
1802 3987 1977 4053 οὕτω
2030 3988 2155 4067 γὰρ
2212 3986 2333 4072 (sc.
2390 3983 2645 4071 Πάρος)
2699 3987 2737 4052 ὁ
2795 3985 3133 4052 Μενελάου

551 4089 840 4152 ἐκαλεῖτο
897 4087 1220 4167 πρωρεύς·
1285 4087 1453 4154 ἀλλὰ
1520 4090 1621 4154 καὶ
1683 4089 1760 4154 τὸ
1826 4090 2106 4169 θηλυκὸν
2175 4089 2279 4154 ἐπὶ
2340 4093 2453 4168 τῆς
2505 4090 2704 4168 νήςου
2758 4088 2879 4153 ἀπ’
2934 4088 3132 4153 αὐτοῦ

550 4188 761 4269 ὄνομα
804 4187 1147 4270 λαβούςης,
1207 4188 1297 4254 ὥς
1351 4210 1543 4270 φηςιν
1586 4191 1927 4255 Ἑκαταῖος.
2016 4188 2387 4276 Stephanus
2442 4190 2615 4255 idem
2670 4189 2872 4255 tradit
2927 4188 3132 4253 Heca-

551 4290 680 4353 taei
725 4289 1098 4354 testimonio
1144 4290 1416 4356 omisso:
1473 4292 1599 4358 ἔςτι
1654 4294 1757 4358 καὶ
1810 4295 2002 4369 νῆςος
2057 4294 2178 4375 (sc.
2224 4292 2471 4376 Φάρος)
2528 4292 2567 4371 ἡ
2624 4293 2786 4372 πρὸς
2841 4298 2918 4375 τῇ
2964 4292 3130 4355 Ἀλε-

551 4392 864 4475 ξανδρείᾳ.
904 4424 989 4439 —-
1032 4392 1249 4471 Φάρος
1292 4393 1416 4474 γὰρ
1460 4395 1499 4458 ὁ
1542 4395 1838 4473 πρωρεὺς
1871 4394 2212 4460 Μενελάου
2258 4395 2328 4459 ἐν
2372 4401 2449 4477 τῇ
2494 4395 2665 4478 νήςῳ
2711 4394 2961 4473 δηχθεὶς
3006 4393 3132 4457 ὑπὸ

550 4492 772 4573 ὄφεως
816 4492 1044 4574 ἐτάφη.

720 4591 897 4657 Mon.
943 4593 1061 4675 41,
1106 4594 1190 4659 25
1233 4595 1509 4678 Φύςκος,
1570 4596 1895 4662 Ἑκαταῖος
1951 4598 2121 4663 «ἐὼν
2166 4598 2237 4663 δὲ
2291 4600 2715 4678 πρεςβύτερος
2758 4594 3130 4674 Λοκρὸς.ἦν

550 4694 804 4760 Φύςκου
848 4698 1058 4761 παῖς».
1148 4696 1242 4761 St.
1288 4694 1362 4761 B.
1411 4696 1570 4778 675,
1621 4696 1700 4762 10
1742 4697 1989 4764 Φύςκος
2032 4699 2136 4781 δέ,
2191 4698 2319 4779 ἀφ’
2363 4697 2444 4764 οὗ
2488 4697 2553 4763 οἱ
2595 4697 2865 4774 Λέλεγες
2909 4696 2972 4762 οἱ
3014 4699 3132 4762 νῦν
3242 4727 3251 4734 ·

551 4795 800 4875 Λοκροί.
