3664 5546
649 334 774 397 326
1586 331 1668 384 εκ
1706 330 1847 383 mu
1890 329 2299 383 ΗΡΩΔΙΑΝοΥ

645 504 910 586 ἑβδόμῳ.
995 502 1196 580 Κύμη
1240 502 1427 565 πόλις
1467 501 1760 565 Αἰολίδος
1809 501 1938 578 πρὸ
1994 503 2106 577 τῆς
2151 499 2390 578 Λέςβου
2435 499 2566 563 ἀπὸ
2614 499 2819 578 Κύμης
2862 499 3233 578 Ἀμαζόνος·

647 606 771 669 ἔςτι
817 596 920 668 καὶ
962 605 1148 681 ἑτέρα
1193 604 1466 668 Ἰταλίας.
1534 603 1707 680 τρίτη
1752 606 1865 679 τῆς
1911 602 2174 666 Ἠλείας.
2243 602 2510 679 τετάρτη
2555 601 2958 680 Παμφυλίας.
3015 601 3237 679 Δύμη

645 708 830 772 πόλις
863 706 1112 785 Ἀχαΐας
1159 706 1383 783 ἐςχάτη
1429 706 1592 783 πρὸς
1639 704 1844 785 δύςιν,
1892 703 2043 769 ὅθεν
2088 705 2192 767 καὶ
2224 702 2619 782 Καλλίμαχος
2663 704 2736 766 ἐν
2771 702 3235 781 ἐπιγράμμαςιν

649 808 778 873 «εἰς
823 808 1053 888 Δύμην
1099 807 1373 871 ἀπιόντα
1415 809 1532 885 τὴν
1576 806 1908 883 Ἀχαιῶν».
1966 806 2213 881 λέγεται
2260 807 2361 870 καὶ
2404 808 2844 883 πληθυντικῶς
2890 805 2979 869 ὡς
3011 804 3237 867 Ἀπολ-

584 922 617 970 5
649 910 941 988 λόδωρος
999 909 1291 973 «τούτων
1348 908 1676 985 άπέχουςα
1738 907 2028 971 ςταδίους
2086 904 2177 985 ρκ’
2241 907 2501 987 έςχάτη,
2568 910 2763 970 κεῖται
2831 907 2993 984 πρὸς
3061 898 3283 983 δύ’ςιν,

645 1012 918 1089 Δῦμαι».
1006 1011 1172 1089 Δρύ
1187 1031 1280 1090 μη
1322 1011 1506 1074 πόλις
1538 1009 1783 1088 Λιβύης.
1874 1005 2172 1089 (τράβων
2219 1009 2291 1075 ιζ’
2337 1010 2424 1094 (p.
2460 1006 2629 1089 834).
2684 994 3117 1087 ιςεςημείωται
3161 1009 3238 1071 τὸ

645 1114 819 1193 τιμή
864 1112 1333 1191 προςηγορικὸν
1379 1111 1790 1189 ὀξυνόμενον.
1880 1111 2067 1189 Τίμη
2113 1113 2184 1175 δὲ
2228 1112 2304 1174 τὸ
2350 1111 2572 1188 κύριον
2618 1109 2971 1189 βαρύνεται.

815 1234 852 1269 ιε·
901 1215 995 1278 Τὰ
1040 1214 1127 1277 εἰς
1171 1216 1255 1291 ’μῆ
1303 1213 1810 1291 ὑπερδιςύλλαβα
1862 1214 1902 1278 'fi
1959 1213 2458 1291 παραληγόμενα
2520 1212 2887 1293 βαρύνεται,
2946 1212 3238 1292 Οἰςύμη

646 1316 832 1380 πόλις
890 1316 1306 1380 Μακεδονίας.
1406 1315 1797 1393 Θουκυδίδης
1864 1315 2130 1397 τετάρτῃ
2194 1315 2278 1396 (ο.
2332 1313 2498 1396 107).
2597 1313 2833 1391 ταύτην
2896 1313 3239 1392 Αἰςύμην

555 1427 614 1476 10
647 1418 930 1497 Ὅμηρος
976 1413 1080 1496 (ΙΙ.
1114 1418 1166 1480 Θ
1209 1414 1361 1497 304)
1408 1416 1534 1495 ἔφη
1583 1417 1734 1482 «τόν
1782 1415 1850 1495 ῥ’
1896 1418 1959 1482 ἐξ
2002 1416 2347 1494 Αἰςύμηθεν
2393 1414 2748 1494 ὀπυιομένη
2794 1415 2932 1479 τέκε
2979 1417 3237 1494 μήτηρ».

650 1516 945 1598 Ἠδύμη’
973 1518 1159 1582 πόλις
1209 1517 1452 1595 Καρίας.
1540 1518 1788 1596 Ἰδύμη
1846 1518 2030 1582 πόλις
2081 1518 2307 1595 Καρίας
2362 1518 2399 1595 ἡ
2446 1518 2557 1590 4καὶ
2606 1518 2838 1596 Ἴδυμα.
2927 1517 3237 1595 Διδύμη

649 1620 929 1699 μίαρτῶν
973 1618 1210 1683 Αἰόλου
1254 1619 1465 1696 νήςων
1511 1617 1641 1682 ἀπὸ
1685 1624 1802 1683 τοῦ
1851 1621 2161 1699 ςχήματος
2217 1619 2650 1697 ὀνομαςθεῑςα.
2740 1619 2866 1691 ἔςτι
2913 1620 3012 1681 καὶ
3055 1617 3241 1682 πόλις

648 1721 927 1800 Λίβυςςα.
1028 1720 1153 1784 ἐςτι
1219 1721 1318 1783 καὶ
1377 1721 1552 1799 κώμη
1622 1721 1890 1785 Κιλικίας
1955 1721 2325 1803 Διδυμαί,
2393 1719 2731 1785 ὀξυτόνως.
2830 1719 3238 1798 Δινδρύμη

649 1823 836 1886 πόλις
894 1821 1310 1886 Μακεδονίας.

555 1934 614 1983 15
819 1924 912 1987 Τά
957 1923 1045 1987 εἰς
1091 1928 1172 2000 νῆ
1217 1927 1538 2002 μονογενῆ
1585 1926 1725 2004 μετ’
1756 1924 2105 2003 ἐπιπλοκῆς
2148 1926 2498 2005 ςυμφώνου
2533 1924 2900 2005 βαρύνεται,
2948 1923 3240 2003 πάχνη,

653 2026 932 2107 λάχνη,
979 2024 1173 2103 ἄχνη
1220 2025 1612 2103 καὶ”Αχναι
1659 2026 1846 2090 πόλις
1879 2027 2236 2091 Θεςςαλίας.
2294 2025 2420 2089 έςτι
2467 2027 2568 2089 καὶ
2600 2025 2932 2107 Βοιωτίας,
2977 2026 3240 2106 τέχνη,

651 2126 891 2204 Αἴτνη
936 2127 1121 2191 πόλις
1168 2123 1442 2190 (ικελίας
1488 2125 1618 2191 ἀπὸ
1669 2127 1983 2210 Κατάνης,
2029 2128 2317 2204 Ἱέρωνος
2363 2128 2606 2208 κτίςμα,
2665 2128 2755 2192 ὡς
2778 2177 2911 2191 .....
2957 2127 3242 2207 φάτνη,

653 2226 907 2307 δάφνη
952 2229 1054 2291 καὶ
1096 2227 1384 2308 Δάφνη
1428 2228 1779 2306 προάςτιον
1825 2229 2285 2307 ἐπιςημότατον
2317 2232 2425 2306 τῆς
2457 2230 2624 2312 ἑῴας
2656 2228 3077 2316 Ἀντιοχείας.
3114 2228 3241 2291 ἐςτι

651 2331 754 2393 καὶ
806 2327 968 2406 ἄλλη
1023 2329 1266 2409 Δάφνη
1323 2329 1548 2394 Λυκίας
1616 2329 1872 2408 χωρίον.
1972 2330 2097 2395 ἔςτι
2161 2332 2262 2394 καὶ
2315 2330 2478 2408 ἄλλη
2548 2330 2813 2409 πληςίον
2872 2329 3242 2408 Πηλουςίου

550 2444 617 2491 20
651 2431 826 2509 παρὰ
883 2434 1014 2494 τῶν
1084 2431 1214 2495 ἐκεῖ
1275 2435 1541 2496 πολλῶν
1601 2433 1953 2511 φυομένων
2014 2437 2299 2512 δαφνῶν.
2390 2431 2645 2511 ὄρφνη
2712 2432 2749 2508 ἡ
2808 2431 2935 2497 νύξ.
3033 2432 3242 2508 Ἴγνη

652 2533 837 2597 πόλις
881 2532 1149 2611 πληςίον
1193 2533 1512 2611 Πριάπου.
1599 2535 1839 2611 Ἴχναι
1885 2533 2071 2597 πόλις
2105 2533 2521 2599 Μακεδονίας.
2611 2533 2960 2611 Ἡρόδοτος
3005 2533 3241 2615 ἑβδόμῃ

651 2634 735 2715 (ο.
775 2632 938 2714 123).
1015 2634 1460 2712 Ἐρατοςθένης
1505 2636 1577 2698 δὲ
1621 2636 1856 2714 Ἀχνας
1900 2636 2100 2713 αύτήν
2146 2656 2312 2715 φηςι.
2403 2635 2679 2713 Φιλητᾶς
2726 2637 2797 2699 δ“ε
2842 2633 3045 2711 ἄλλην
3091 2635 3243 2714 φηςὶ

655 2736 759 2799 διὰ
820 2738 936 2799 τοῦ
1002 2738 1057 2799 ᾶ.
1169 2736 1296 2801 ἔςτι
1353 2738 1456 2801 καὶ
1509 2736 1693 2815 ἑτέρα
1757 2736 1891 2821 ἑῴα
1957 2737 2160 2802 πόλις.
2262 2735 2486 2817 λίμνη
2556 2738 2658 2801 καὶ
2709 2737 2987 2816 Λίμναι
3055 2736 3243 2800 πόλις

654 2837 723 2902 ἐν
779 2836 1250 2920 Ἐλληςπόντῳ,
1305 2840 1452 2916 περὶ
1504 2837 1757 2915 (ηςτόν.
1846 2839 2170 2903 Ἑκαταῖος
2225 2839 2513 2922 Εὐρώπῃ.
2603 2840 2708 2902 καὶ
2762 2840 2982 2917 ἕτερος
3040 2838 3243 2902 τόπος

552 2950 617 2999 ‘25
645 2937 926 3014 Ἀττικῆς
993 2938 1213 3017 Λίμναι
1279 2939 1708 3020 καλούμενος,
1774 2939 1932 3003 ἔνθα
1995 2940 2031 3002 ὁ
2096 2940 2416 3005 Διόνυςος
2484 2940 2756 3019 ἐτιμᾶτο.
2850 2940 3244 3020 Καλλίμαχος

656 3038 976 3122 «Λιμναίω
1050 3042 1119 3104 δὲ
1195 3040 1589 3118 χοροςτάδας
1658 3041 1820 3119 ἦγον
1898 3041 2183 3119 ἑορτάς».
2292 3042 2526 3119 Ὄννη
2592 3041 2902 3120 ἐμπόριον
2968 3045 3077 3118 τῆς
3138 3043 3242 3105 εύ-

654 3140 960 3218 δαίμονος
1016 3141 1322 3219 Ἀραβίας.
1408 3142 1713 3220 ποίμνη.
1799 3142 2089 3206 Βάτναι
2156 3142 2343 3206 πόλις
2408 3146 2519 3220 τῆς
2574 3142 2936 3221 Ὀςροήνης.
3027 3144 3103 3207 τὸ
3173 3145 3245 3206 δὲ

651 3233 899 3320 ’ψεδνός
964 3242 1215 3320 ψεδνή
1270 3243 1569 3319 τριγενές.
1666 3244 1741 3306 τὸ
1809 3244 1881 3307 δέ.
1946 3244 2254 3323 πρυμνή
2322 3243 2644 3325 ἐπίθετον,
2713 3244 2869 3309 ὅταν
2936 3245 3008 3307 δὲ
3074 3243 3244 3308 ἰδίως

787 3397 814 3402 -.
855 3396 1060 3404 -ωμ

653 3512 764 3561 qua
801 3495 988 3545 addidi
1026 3511 1198 3560 usque
1244 3496 1315 3545 ad
1352 3495 1532 3562 Δύμη.
1571 3525 1634 3533 -
1679 3500 1743 3549 In
1781 3499 1881 3550 An.
1922 3497 2350 3555 Ox.11÷388‚4
2397 3513 2571 3547 canon
2612 3499 2690 3548 sic
2726 3500 3019 3548 statuitur:
3058 3498 3129 3550 τὰ
3166 3497 3244 3550 είς
3304 3525 3311 3530 ·

658 3579 730 3627 μη
778 3562 1026 3627 καθαρὸν
1063 3561 1358 3626 διςύλλαβα
1394 3565 1556 3628 φύςει
1593 3569 1773 3631 μακρᾷ
1810 3564 2253 3630 παραληγόμενα
2291 3564 2590 3629 βαρύνεται
2626 3563 2749 3616 οἷον
2796 3565 3012 3630 μνήμη,
3060 3565 3242 3630 φήμη

595 3657 604 3676 .
657 3630 858 3694 κνήμη.
929 3628 1139 3692 ὁμοίως
1185 3631 1256 3681 τά
1301 3631 1504 3694 ἔχοντα
1551 3633 1661 3697 πρὸ
1706 3637 1808 3684 τοῦ
1850 3648 1886 3695 μ
1932 3633 2001 3684 τὸ
2047 3636 2108 3697 ἦ,
2157 3630 2205 3684 εἰ
2252 3633 2341 3683 καὶ
2387 3632 2530 3696 ὑπὲρ
2576 3632 2676 3684 δύο
2724 3633 2997 3696 ςυλλαβὰς
3041 3633 3129 3685 διὰ
3174 3634 3244 3684 τὸ

658 3698 899 3764 νοςήμη,
949 3696 1166 3762 φιλήμη
1223 3700 1312 3749 καὶ
1367 3700 1611 3751 καθόλου
1658 3700 1827 3752 ὁποῖα
1882 3699 2117 3763 ὑπάρχει
2171 3700 2335 3763 φύςει
2390 3704 2571 3766 μακρᾷ
2627 3701 3067 3766 παραληγόμενα
3120 3699 3245 3752 οἷον

660 3765 842 3830 Κύμη,
881 3764 1044 3830 λύμη.
1116 3764 1480 3831 ςεςημείωται
1516 3757 1584 3819 τὸ
1621 3768 1751 3833 τιμή
1790 3767 1869 3820 ὡς
1909 3768 3246 3833 upocrwoptxdv.cf.Lob.1³r011.159‚Pa1-all.

657 3851 708 3900 p.
745 3836 860 3885 397.
1036 3834 1071 3883 l.
1110 3837 1141 3884 8
1177 3835 1320 3885 hunc
1356 3852 1617 3887 canonem
1655 3844 1882 3902 propter
1917 3838 2137 3886 nomina
2182 3853 2215 3886 a
2253 3836 2535 3900 Stephano
2573 3836 2747 3886 relata
2782 3838 3087 3902 οοιιιροειιίς
3125 3853 3247 3886 cum

657 3902 1024 3968 praecedente
1062 3903 1393 3966 coniungere
1431 3904 1608 3966 nolui,
1648 3906 1777 3969 quia
1813 3906 2100 3969 quantitas
2127 3907 2279 3954 varia
2306 3910 2404 3955 aut
2430 3905 2646 3954 incerta
2682 3909 2783 3954 est.
2887 3904 3012 3954 l.16
3050 3904 3245 3966 Αχναι

656 3970 848 4020 addidi
885 3987 952 4021 ex
991 3971 1070 4023 St.
1111 3971 1199 4032 B„
1250 3970 1424 4035 Αἴτνη
1464 3988 1532 4021 ex
1568 3989 1632 4022 eo
1670 3972 1911 4037 explevi;
1958 3973 2259 4022 verisimile
2306 3979 2393 4022 ost
2427 3972 2804 4021 Herodianum
2849 3974 3115 4036 originem
3152 3987 3245 4022 no

655 4039 860 4088 minum
899 4038 1248 4102 explicuisse
1277 4046 1336 4088 ut
1375 4040 1580 4089 factum
1625 4045 1710 4089 ost
1747 4041 1804 4089 in
1844 4040 1905 4087 Ε.
1942 4041 2015 4088 Μ.
2052 4043 2134 4100 40,
2174 4043 2238 4090 29
2277 4038 2450 4103 Αιτνη
2490 4038 2620 4103 ὄρος
2658 4037 2931 4091 (ικελίασ
2980 4039 3132 4104 παρὰ
3175 4040 3246 4090 τὸ

657 4104 800 4157 αἷθω
838 4105 907 4156 τὸ
945 4103 1087 4156 καίω
1124 4104 1289 4169 αῖτνη
1317 4105 1396 4157 ὡς
1421 4106 1589 4170 φάγω
1616 4105 1834 4170 φάτνη,
1874 4106 2064 4171 πήςςω
2092 4105 2293 4172 πάχνη.
2321 4108 2662 4157 —lacunam
2688 4107 2957 4157 indicavit
2982 4107 3247 4170 Meinek„

657 4174 790 4238 quia
825 4189 1020 4224 nomeu
1057 4175 1164 4223 scri
1207 4176 1343 4225 toris
1379 4175 1532 4224 velut
1555 4173 1837 4238 Πίνδαρος
1875 4176 2145 4225 excidisse
2182 4176 2414 4225 videtur.
2461 4173 2669 4238 Δάφνη
2707 4176 2939 4240 apposui
2964 4193 3030 4225 ex
3057 4177 3135 4225 St.
3164 4177 3247 4232 B„

654 4242 785 4291 item
823 4241 972 4306 Ἴγνη
1011 4269 1074 4276 —-·
1114 4240 1152 4293 Β
1194 4256 1334 4293 τναι.
1371 4270 1436 4277 —-
1473 4241 1543 4293 τὸ
1579 4242 1640 4293 δέ
1677 4241 1904 4307 πρυμνή
1952 4251 2125 4307 usque
2163 4243 2236 4293 ad
2272 4242 2431 4293 finem
2466 4244 2699 4307 apposui
2746 4260 2811 4292 ex
2849 4243 2913 4292 11.
2948 4245 3038 4292 Pr.
3075 4241 3113 4294 Ε
3148 4247 3247 4293 292

657 4310 780 4359 coll.
817 4308 864 4360 Ξ
900 4313 983 4363 32.
1031 4309 1321 4372 Arcadius,
1360 4326 1478 4360 cum
1516 4326 1621 4374 quo
1659 4315 1967 4374 congruunt
2002 4311 2102 4376 Ep.
2133 4311 2411 4372 Cr.1·260,
2452 4313 2533 4372 15,
2572 4326 2601 4358 e
2638 4311 3008 4361 substantivis
3044 4310 3249 4360 nulium

658 4379 875 4427 exemit.
944 4379 1008 4428 Iu
1047 4378 1145 4442 Ep.
1181 4379 1205 4428 1
1240 4381 1306 4428 48
1344 4394 1520 4428 canon
1557 4378 1639 4428 sic
1675 4379 2056 4428 constituitur:
2093 4376 2165 4429 τὰ
2202 4376 2279 4428 εἰς
2316 4380 2385 4440 νη
2425 4377 2556 4440 μετ’
2592 4377 2903 4441 ἐπιπλοκῆς
2939 4376 3247 4440 ςυμφώνου

658 4443 955 4508 βαρύνεται
993 4441 1116 4496 οἷον
1155 4445 1369 4510 ὄρφνη,
1409 4442 1602 4510 λίμνη,
1641 4446 1709 4496 τὸ
1747 4444 1894 4509 ἀμνή
1932 4444 2047 4495 ἀπὸ
2083 4448 2186 4496 τοῦ
2224 4445 2429 4506 άμενος
2468 4446 2569 4506 (sic
2594 4447 2732 4496 Lob.
2759 4445 2925 4495 Proll.
2954 4448 3051 4495 241
3079 4451 3190 4495 not.
3217 4451 3249 4495 6

659 4513 916 4562 emendat
963 4529 1058 4576 pro
1104 4512 1251 4577 ἀκμή
1295 4513 1388 4564 ἐπὶ
1424 4528 1526 4564 του
1568 4511 1835 4577 ἄκμονος)
1876 4511 2196 4564 ἀντιπίπτει
2244 4514 2333 4564 καὶ
2371 4513 2633 4577 ςτρωμνή
2671 4513 2760 4564 καὶ
2802 4511 2940 4577 Ἰχνή
2979 4513 3069 4563 και
3110 4512 3249 4576 Ἰχνά

661 4579 821 4632 πόλις
860 4579 921 4631 ἐν
949 4579 1298 4647 Μακεδονίᾳ,
1338 4581 1525 4645 ὥςπερ
1564 4579 1613 4632 εἰ
1648 4580 1799 4644 λέγοι
1840 4582 2236 4645 πληθυντικῶς
2266 4579 2447 4643 Ιχναί·
2488 4580 2599 4642 ἔχει
2626 4580 2685 4631 δὲ
2723 4579 3014 4644 ἀφορμήν,
3054 4580 3140 4631 ὅτι
3178 4579 3249 4631 τὰ

659 4647 1003 4712 ὀφειλόμενα
1043 4649 1369 4712 βαρύνεςθαι
1409 4648 1634 4712 ἑνικῶς,
1675 4650 2073 4713 πληθυντικῶς
2110 4648 2306 4713 ὁρᾶται
2344 4648 2611 4712 ὀξύτονα,
2651 4647 2910 4700 Πλάταια
2947 4646 3246 4710 Πλαταιαί,

659 4715 888 4780 Ὄρνεια
929 4715 1176 4780 ’,Ορνεαί
1218 4715 1450 4768 Κλέωνα
1490 4714 1754 4768 Κλεωναί.
1830 4717 1941 4770 Sed
1981 4732 2306 4782 quamquam
2357 4716 2554 4780 ὁρᾶται
2592 4717 2897 4767 Herodiaui
2935 4717 3248 4766 memoriam

660 4787 897 4848 excitat,
936 4790 1121 4836 tamen
1158 4787 1288 4849 quia
1325 4801 1413 4851 ap.
1452 4785 1529 4839 St.
1570 4785 1631 4834 B.
1667 4784 1834 4848 Ιχναι
1873 4791 2244 4850 paroxytonos
2284 4785 2599 4847 exhibetur,
2647 4785 2751 4836 hoc
2798 4784 3249 4836 adnotamentum
