3664 5546
1504 418 1921 469 PRAEFATIO.
2823 419 3023 466 XXVII

444 583 484 644 ὅ
528 587 594 643 et
637 581 668 643 ἒ
713 575 799 641 cf.
846 579 1079 657 ἀελλής
1123 577 1364 656 ἀολλής
1408 576 1476 638 in
1518 575 1597 639 E.
1647 575 1872 640 Orion.
1918 573 2019 654 29,
2065 572 2169 635 22.
2260 573 2478 654 Quum
2511 571 2926 638 Herodianus
2970 577 3023 653 ᾧ

441 681 512 745 in
568 680 790 760 ςιφλός
844 678 919 744 Ε.
965 679 1191 744 Orion.
1242 678 1397 759 150,
1462 677 1539 741 14
1593 688 1660 742 et
1713 677 1783 741 in
1838 678 2046 756 ὀφρῦς
2100 674 2179 738 Ε.
2226 674 2312 739 Μ.
2358 675 2516 756 644,
2572 675 2656 739 32
2709 675 3021 738 insertum

440 790 734 868 putaret,
792 802 923 846 non
966 781 1280 844 miramur
1323 780 1521 845 etiam
1565 785 1602 860 ἶ(
1658 780 1726 843 in
1782 776 2000 843 medio
2055 774 2377 842 vocabulo
2429 799 2575 846 eum
2631 777 3022 842 inculcatum

442 883 783 949 iudicasse.

1676 967 1780 1030 24.

613 1071 691 1135 E.
741 1068 967 1135 Orion.
1022 1071 1170 1152 123,
1228 1070 1312 1133 24
1367 1070 1620 1150 ὄχθαι;
1678 1070 1758 1134 τὰ
1812 1068 1986 1148 χείλη
2043 1072 2174 1133 τῶν
2228 1071 2535 1147 ποταμῶν
2589 1068 2668 1131 τὰ
2723 1066 3027 1146 ἐξέχοντα

444 1175 575 1253 ἔχω
620 1173 777 1251 ὄχος
808 1165 1047 1252 ’ἔξοχος
1092 1174 1194 1237 καὶ
1236 1173 1515 1251 θηλυκὸν
1560 1171 1680 1251 ὄχη
1726 1172 1827 1237 καὶ
1871 1174 2253 1255 πλεοναςμῷ
2296 1173 2414 1244 τοῦ
2461 1156 2505 1234 ὅ
2541 1169 2717 1247 ὄχθη.
2792 1169 3026 1246 Ἡρω-

445 1276 717 1340 διανὸς
762 1275 843 1339 ἐν
889 1275 1380 1360 ἑπιμεριςμῷ.
1456 1263 1501 1338 ὅ
1546 1273 1866 1337 insertum
1921 1271 2050 1336 fuit
2093 1271 2471 1336 Herodiano
2529 1269 2596 1333 in
2646 1269 2856 1350 ἰςθμός
2911 1291 3027 1355 pro

444 1378 616 1457 ἰςμός
659 1375 896 1440 Zonar.
945 1375 1109 1438 1122
1155 1374 1300 1441 coll.
1346 1375 1422 1440 Ε.
1467 1375 1559 1440 Μ.
1603 1376 1753 1456 477,
1797 1374 1902 1437 22.

614 1630 695 1693 E.
745 1630 971 1696 Orion.
1022 1630 1162 1711 138,
1213 1630 1288 1694 17
1333 1633 1561 1711 πηγή;
1607 1632 1782 1710 παρὰ
1825 1632 1901 1695 τὸ
1957 1635 2141 1709 πηδῶ
2188 1629 2370 1709 ῥῆμα.
2457 1629 2626 1708 πηδή
2683 1630 2785 1693 καὶ
2839 1629 3026 1707 πηγή.

446 1734 941 1813 Ἡρωδιανὸς
986 1733 1065 1797 ἐν
1112 1733 1667 1813 ἐπιμεριςμοῑς.
1756 1730 1944 1795 Idem
1986 1729 2187 1795 habet
2231 1730 2462 1796 Choer.
2511 1728 2699 1793 Orth.
2734 1728 2881 1810 248,
2930 1730 3027 1793 17.

446 1833 777 1899 Incertum
843 1842 944 1898 est
997 1821 1035 1898 δ
1090 1834 1160 1896 in
1203 1839 1243 1911 Ῠ
1296 1833 1531 1900 mutati
1586 1832 1958 1918 exemplum
2014 1836 2172 1913 δυνή
2229 1835 2425 1916 γυνή,
2482 1851 2680 1918 quum
2733 1834 2891 1894 item
2945 1853 3028 1894 ex

444 1934 903 2021 Epimerismis
949 1935 1226 2021 petitum
1273 1935 1392 2017 sit,
1453 1934 1571 2000 sed
1610 1922 1652 2000 δ
1696 1935 1763 1998 in
1808 1939 1844 2000 ff
1887 1956 2152 2000 versum
2195 1934 2454 2021 putavit
2497 1932 2914 1997 Herodianus
2959 1930 3028 1993 in

446 2038 707 2101 δέδοιδα
752 2037 1008 2103 δέδοικα
1050 2040 1195 2117 περὶ
1241 2037 1539 2116 ῥημάτων
1581 2036 1664 2100 fr.
1714 2037 1814 2101 14.

613 2274 828 2361 Epim.
878 2272 953 2340 Il.
997 2276 1049 2340 Α
1092 2274 1217 2340 318
1272 2274 1412 2339 cod.
1461 2172 1822 2338 ΟοίεῙ.2ἓῗ87
1880 2273 1948 2336 in
1992 2273 2207 2337 Cram.
2256 2274 2386 2337 An.
2433 2272 2585 2336 Par.
2634 2270 2740 2337 III
2783 2273 2939 2354 348,
2986 2272 3028 2335 4

444 2378 762 2443 πόντος;
812 2377 937 2441 ἕςτι
981 2379 1057 2442 τὸ
1102 2378 1260 2456 θέμα
1304 2378 1481 2442 πένω
1526 2378 1602 2442 τὸ
1647 2379 1889 2455 δηλοῦν
1932 2379 2008 2441 τὸ
2053 2377 2295 2454 ἐνεργῶ
2341 2377 2442 2440 καὶ
2486 2375 2734 2458 κάμνω,
2780 2374 2907 2454 ἀφ’
2949 2373 3027 2439 οὗ

444 2478 650 2544 πόνος
695 2480 796 2542 καὶ
839 2479 996 2542 κατὰ
1039 2480 1444 2559 πλεοναςμὸν
1488 2483 1605 2544 τοῦ
1649 2482 1685 2542 τ
1730 2479 2003 2558 πόντος,
2061 2477 2207 2542 καθ’
2252 2479 2329 2541 ὃν
2377 2476 2729 2555 πεπόνηται
2775 2478 2849 2540 τὸ
2894 2480 3026 2539 τῶν

445 2579 809 2659 ἀνθρώπων
864 2580 1055 2654 γένος
1107 2582 1254 2659 περὶ
1316 2581 1431 2643 τὸν
1486 2582 1713 2643 πλοῦν.
1810 2579 2036 2643 πόνων
2103 2578 2223 2641 οὖν
2280 2578 2618 2656 ἐπώνυμος
2676 2577 2713 2640 ὁ
2768 2576 3025 2642 πόντος.

446 2680 618 2745 οὕτω
662 2680 1021 2746 Φιλόξενος.
1097 2680 1135 2744 ὁ
1181 2683 1261 2744 δὲ
1305 2680 1784 2759 Ἡρωδιανὸς
1828 2680 1911 2744 ἐν
1957 2679 2499 2758 ἐπιμεριςμοῑς
2545 2677 2787 2741 αὐτοῦ
2835 2678 3025 2758 λέγει,

446 2782 545 2846 ὅτι
588 2782 762 2861 παρὰ
803 2783 880 2847 τὸ
924 2785 1103 2847 πνέω
1147 2783 1379 2860 γέγονε
1424 2782 1663 2846 πνότος
1707 2784 1808 2847 καὶ
1854 2782 2171 2862 μεταθέςει
2214 2785 2332 2845 τοῦ
2376 2784 2415 2844 ὃ
2461 2780 2731 2862 πόντος,
2777 2780 2905 2859 ἀφ’
2947 2778 3026 2843 οὗ

447 2882 511 2945 αἱ
554 2883 774 2948 πνοαί·
834 2884 1043 2965 «αἶψα
1097 2887 1169 2949 δὲ
1223 2885 1468 2949 πόντον
1521 2883 1749 2947 ἵκανον
1806 2883 2114 2962 ἀήμεναι»
2175 2883 2262 2964 (Ψ
2305 2880 2475 2962 214).
2564 2880 2730 2943 Cum
2786 2881 3027 2946 πνότος

447 2982 686 3050 πόντος
730 2983 1014 3049 conferri
1057 2993 1274 3069 potest
1318 2985 1520 3063 κρεκίς
1564 2985 1767 3064 κερκίς
1811 2983 1888 3047 Ε.
1938 2981 2111 3048 Gud.
2157 2983 2301 3063 316,
2346 2982 2450 3046 35.

1678 3136 1780 3200 27.

616 3237 695 3301 E.
741 3236 967 3302 Orion.
1028 3236 1179 3319 138,
1235 3238 1320 3302 30
1374 3242 1970 3320 προμνηςτῖνοι;
2031 3239 2161 3303 ἀπὸ
2218 3241 2334 3303 τοῦ
2392 3238 2563 3317 μένω
2620 3236 2882 3317 μενετός
2926 3237 3030 3300 καὶ

449 3339 757 3419 μενεςτός.
846 3341 1108 3404 δύναται
1153 3343 1224 3405 δὲ
1268 3343 1370 3405 καὶ
1414 3342 1682 3421 μενητός
1726 3343 2063 3420 μενητῖνος
2108 3342 2210 3404 καὶ
2254 3343 2636 3423 πλεοναςμῷ
2681 3343 2797 3404 τοῦ
2843 3342 2876 3403 Ε
2922 3359 3025 3416 με·
3087 3338 3096 3353 “

449 3445 739 3518 νηςτῑνος
804 3446 1154 3520 μνηςτῖνος.
1264 3442 1470 3507 οὕτως
1535 3442 2012 3519 Ἡρωδιανὸς
2078 3442 2160 3505 ἐν
2227 3442 2785 3520 ἐπιμεριςμοῖς.
2897 3438 3026 3502 Pro

448 3542 617 3620 μένω
663 3542 948 3621 μένιςτος
994 3542 1228 3628 scripsi
1286 3545 1457 3624 μένω
1502 3543 1763 3623 μενετός
1807 3543 1910 3607 καὶ
1953 3542 2246 3621 μενεςτός
2300 3549 2365 3605 et
2407 3540 2476 3603 in
2520 3540 2648 3603 fine
2694 3544 3027 3620 μνηςτῑνος

450 3640 696 3705 addidi.
760 3679 829 3689 —
895 3642 973 3706 In
1028 3654 1163 3708 tam
1221 3642 1541 3729 singulari
1594 3652 1859 3728 tamque
1914 3642 2312 3726 infrequenti
2379 3664 2541 3706 voce
2600 3639 2866 3704 difficile
2926 3650 3028 3703 est

447 3751 620 3808 certo
667 3741 1588 3810 demonstrare-Herodianum
1620 3753 1950 3808 auctorem
1991 3744 2332 3828 utriusque
2364 3741 2816 3828 explicationis
2850 3763 3024 3822 esse3
3151 3806 3176 3814 ,

449 3847 482 3909 Ε
526 3842 997 3929 pleonasticum
1042 3846 1275 3910 statuit
1320 3845 1565 3910 Herod.
1620 3846 1691 3907 in
1734 3844 1810 3909 Il.
1858 3845 1966 3931 Pr,
2013 3846 2071 3908 Ψ
2121 3844 2241 3907 160
2295 3844 2363 3907 in
2419 3844 2641 3922 ὀςχεός
2695 3842 2778 3906 ab
2837 3842 3027 3921 ὀχεός

450 3946 686 4024 ὀχεύω;
746 3968 1077 4031 syncopen
1131 3945 1375 4011 vocalis
1434 3947 1466 4011 ἒ
1520 3968 1574 4010 e.
1623 3968 1687 4030 g.
1744 3947 1812 4010 in
1867 3944 2121 4009 Cathol.
2179 3967 2282 4031 ap.
2329 3945 2483 4009 Arc.
2530 3945 2644 4021 62,
2697 3944 2772 4006 18
2827 3944 3026 4022 ἀμνός

449 4045 534 4109 ab
578 4046 828 4126 ἄμενος.
1679 4130 1763 4195 28

616 4229 696 4294 Ε.
743 4229 963 4296 Orion.
1017 4232 1155 4314 140,
1204 4232 1288 4295 24
1333 4233 1606 4312 ρόδονε
1653 4234 1727 4298 τὸ
1773 4231 1985 4298 ἄνθος.
2045 4233 2222 4311 παρὰ
2264 4234 2340 4297 τὸ
2386 4232 2516 4298 ὄζω
2561 4230 2721 4296 ὄδον
2768 4230 2894 4295 έςτὶ
2925 4233 3028 4295 καὶ

450 4335 830 4416 πλεοναςμῷ
859 4338 975 4397 τοῦ
1006 4338 1042 4412 ῥ
1075 4333 1289 4413 ῥόδον.
1352 4334 1558 4399 οὕτως
1588 4334 2065 4412 Ἡρωδιανὸς
2110 4334 2190 4398 έν
2223 4334 2782 4412 ἑπιμεριςμοῖς.
2847 4329 3025 4395 Alte-

448 4453 592 4494 rum
635 4437 672 4512 ἴ)
717 4431 955 4497 adiecti
1011 4432 1380 4521 exemplum
1434 4435 1504 4497 in
1548 4454 1802 4497 summa
1844 4432 2038 4497 huius
2083 4431 2549 4498 vocabulorum
2593 4432 2867 4518 penuria
2912 4428 3025 4512 (cf.

449 4532 613 4597 Lob.
668 4531 772 4597 El.
831 4533 864 4596 I
925 4534 1073 4619 119)
1140 4556 1329 4598 nemo
1391 4534 1836 4619 exspectabit,
1893 4532 2008 4598 sed
2065 4533 2514 4598 Herodianum
2578 4530 3027 4595 huiuscemodi

449 4634 818 4718 prosthesin
880 4656 1009 4696 non
1081 4636 1409 4721 respuisse
1487 4643 1759 4721 apparet
1835 4656 1918 4698 ex
1981 4637 2219 4715 μοχλός
2298 4633 2380 4698 ab
2457 4635 2586 4712 ἔχω
2660 4632 2738 4695 Ε.
2803 4630 3025 4695 Orion.

452 4733 607 4897 ἐξὲξ,
649 4735 735 4898 046
777 4735 1068 4816 μόρφνος
1124 4736 1205 4800 ab
1262 4736 1477 4817 ὄρφνη
1525 4735 1602 4801 Il.
1649 4735 1756 4799 Pr.
1803 4735 1856 4799 Ω
1900 4735 2058 4818 316,
2117 4738 2376 4817 ψάμμος
2432 4756 2514 4797 ex
2559 4734 2763 4813 ἄμμος
2809 4732 2888 4796 Ε.
2933 4733 3024 4797 Μ.

591 4881 610 4915 ,
738 4883 753 4900 .
