3664 5546
1128 395 1285 453 ΠΕΡΙ
1326 394 1716 452 ΚΑΘΟΛΙΚΗ(
1751 394 2172 451 ΠΡΟΕΩιΔΙΑ(
2212 394 2290 449 ΙΘ.
2873 393 2998 459 507

422 578 466 636 ῡ
510 568 601 637 ἔϋ.
689 567 875 635 εἶπον
922 571 994 636 δὲ
1050 571 1131 650 μὴ
1187 570 1611 650 μελετήςαντα
1662 568 1737 634 τὸ
1792 569 1827 633 ’ἑ
1880 566 2080 650 ἔχειν,
2136 566 2243 632 διὰ
2295 566 2370 631 τὸ
2418 565 2551 631 ἰθύς
2597 565 2749 649 ἰθύ,
2810 565 2998 632 εὐθύς

427 671 612 737 εὐθύ
657 671 1042 751 όξυνόμενα·
1099 671 1440 751 διςύλλαβα
1486 671 1591 734 διὰ
1632 671 1707 737 τὸ
1752 669 2064 752 μεταξύ,
2122 667 2458 750 μεςςηγύ
2511 668 2615 733 καὶ
2656 668 2731 733 τὸ
2776 666 2998 734 ἀντι-

425 774 593 857 κρύ,
639 773 747 839 ὅτε
792 774 986 853 χωρὶς
1029 777 1148 838 τοῦ
1190 775 1250 837 ἰ·
1315 772 1424 838 ὅτε
1466 772 1588 851 γάρ
1634 771 1759 838 ἑςτι
1803 773 1958 853 μετὰ
2000 774 2116 836 τοῦ
2161 772 2222 855 ἒ,
2268 770 2848 851 προπαροξύνεται·
2910 770 2999 838 ὼς

425 877 529 941 καὶ
570 877 646 941 τὸ
693 876 1037 958 ἐμβραχύ
1082 878 1390 956 ςημαῖνον
1434 875 1511 941 τὸ
1555 874 1945 942 ἁπαξαπλῶς
1988 874 2028 953 ἢ
2073 873 2374 940 καθάπαξ.

595 1004 635 1041 ιι
679 978 773 1043 Τὰ
815 977 1120 1043 Αἰολικῶς
1176 978 1279 1042 διὰ
1321 981 1438 1043 τοῦ
1480 966 1546 1044 Ui·
1585 977 1983 1057 ἐκφερόμενα
2028 975 2362 1057 βαρύνεται
2406 975 2509 1041 καὶ
2549 977 2816 1056 τοπικὴν
2863 976 2999 1056 ςχέ-
3030 986 3061 1037 5

427 1102 522 1147 ςιν
580 1082 767 1160 δηλοῖ
819 1077 964 1146 οἷον
1019 1080 1284 1164 πήλυϊ,
1339 1079 1602 1163 ἄλλυϊ,
1656 1078 1954 1161 ἀτέρυῖ,
2011 1078 2308 1143 τούτυῖ·
2366 1079 2443 1143 τὸ
2499 1077 2774 1144 ὀτοτύῑ
2827 1079 3003 1158 παρὰ

424 1184 501 1248 τὸ
559 1181 780 1247 ὀτοτοῖ
833 1182 1358 1262 παροξυνόμενον
1413 1181 1770 1257 ἀπολογίαν
1826 1181 1958 1260 ἔχει
2016 1181 2106 1246 ῶς
2151 1180 2269 1245 οὐκ
2320 1180 2484 1245 ἔςτιν
2528 1181 2795 1247 τοπικόν
2852 1181 3002 1247 οὔτε

424 1283 751 1366 Αἰολικόν,
798 1286 1254 1363 ςχετλιαςτικὸν
1302 1285 1398 1350 δέ·
1442 1285 1522 1349 τὰ
1564 1283 1987 1364 ςχετλιαςτικὰ
2034 1282 2113 1348 οὐ
2144 1281 2530 1371 πεφρόντικε
2561 1285 2673 1361 τῆς
2703 1282 3001 1363 ἀκριβοῦς

425 1385 794 1469 ἑξετάςεως,
843 1386 933 1451 ὡς
977 1387 1286 1452 πολλάκις
1332 1387 1694 1465 διείληπται.

596 1516 635 1553 ιι
677 1488 771 1553 Τὰ
813 1487 902 1553 εἰς
944 1490 984 1553 ὃ
1031 1490 1314 1569 λήγοντα
1357 1489 1749 1568 ἐπιρρήματα
1792 1488 1954 1566 ὑπὲρ
2000 1488 2144 1568 μίαν
2176 1489 2490 1568 ςυλλαβήν
2537 1485 2654 1553 οὐκ
2691 1487 2858 1554 ἔςτιν
2904 1488 3001 1554 ὅτι
3043 1497 3103 1548 ιο

426 1592 507 1670 μὴ
551 1591 628 1657 τὸ
674 1593 909 1670 δεῦρο
956 1591 1409 1674 βαρυνόμενον.
1475 1591 1552 1657 τὸ
1596 1592 1718 1670 γὰρ
1763 1590 1888 1659 εἰς’
1914 1590 1951 1656 ὅ
1997 1590 2116 1655 δύο
2162 1590 2318 1671 μέρη
2351 1590 2549 1667 λόγου
2583 1588 2733 1656 εἰςίν
2778 1589 2882 1655 καὶ
2923 1591 3000 1656 τὸ

426 1693 579 1758 ἀπό
642 1692 933 1773 πρόθεςίς
994 1692 1157 1760 ἐςτιν
1224 1692 1688 1773 ἰςοδυναμοῦςα
1752 1699 1843 1777 τῷ
1909 1692 2153 1758 ἄποθεν
2220 1691 2606 1772 ἐπιρρήματι.
2705 1692 2780 1757 τὸ
2839 1696 3001 1770 γοῦν

427 1798 618 1875 δεῦρο
662 1796 1320 1875 παρακελευςματικόν
1365 1795 1442 1861 ὂν
1487 1795 1616 1874 ἔχει
1661 1796 1737 1860 τὸ
1783 1798 1965 1859 δεῦτε
2005 1795 2459 1874 πληθυντικόν·
2503 1792 2739 1870 γίνεται
2785 1795 2857 1859 δὲ
2900 1795 3004 1859 καὶ

425 1897 602 1977 δευρί
643 1898 818 1976 παρὰ
861 1897 1190 1962 Ἀττικοῖς·
1233 1902 1576 1977 ποιητικῶς
1620 1898 1693 1962 δὲ
1736 1895 1880 1961 κατ’
1925 1896 2253 1962 ἑπέκταςιν
2295 1900 2412 1961 τοῦ
2456 1898 2494 1959 ὃ
2541 1894 2630 1960 εἰς
2675 1898 2729 1960 ὦ
2774 1896 2999 1976 δεύρω.

425 2000 586 2078 ὅπερ
648 1999 886 2079 εἴρηται
950 2000 1126 2080 παρὰ
1188 2006 1280 2085 τῷ
1346 2005 1576 2083 ποιητῇ
1643 1998 1808 2065 ἅπαξ
1866 1997 1935 2064 ἐν
1991 2005 2083 2083 τῷ
2143 1997 2221 2077 «ἦ
2277 1996 2485 2077 δεύρω
2541 1998 2656 2077 μὲν
2716 1998 2996 2065 ἕποντο»
3039 2006 3101 2058 15

421 2103 491 2183 (Γ
534 2099 718 2184 240),
765 2101 968 2168 ἐνίοτε
1013 2102 1116 2167 καὶ
1160 2106 1367 2182 δεῦρυ.

586 2204 732 2269 Πᾶν
778 2203 1087 2285 ἐπίρρημα
1131 2204 1219 2269 εἰς
1262 2207 1317 2268 ’ὦ
1364 2208 1564 2283 λῆγον
1607 2204 2028 2287 παραγωγόν,
2074 2204 2154 2282 μὴ
2198 2202 2465 2282 Δώριον
2510 2203 2638 2282 πρὸ
2684 2206 2824 2283 μιᾶς
2870 2203 3000 2283 ἔχει

419 2309 534 2373 τὸν
580 2307 811 2391 τόνον,
856 2306 1049 2391 ἄνω,
1094 2308 1327 2389 κάτω,
1383 2306 1562 2390 ἔξω,
1618 2305 1828 2388 εἴςω,
1886 2306 2151 2384 πρόςω
2195 2304 2298 2369 καὶ
2338 2303 2602 2384 πόρςω
2647 2306 2750 2370 καὶ
2792 2313 2999 2391 τροπῇ

422 2411 660 2494 Ἀττικῇ
707 2413 823 2474 τοῦ
870 2412 904 2474 ἔ
947 2408 1035 2474 εἰς
1079 2412 1117 2488 β
1164 2409 1252 2474 ὡς
1287 2409 1481 2489 ἄρςην
1525 2408 1727 2487 ἄρρην
1773 2408 2073 2490 πόρρω,
2115 2405 2371 2486 ἄφνω·
2415 2406 2590 2485 παρὰ
2624 2408 2700 2472 τὸ
2743 2406 3038 2497 ἀφανής,

422 2509 691 2590 ἀφανῶς
723 2511 814 2575 ὡς
837 2510 1093 2591 εὐςεβής
1125 2509 1396 2591 εύςεβῶς
1427 2512 1528 2576 καὶ
1558 2517 1841 2595 ςυγκοπῇ
1871 2504 2297 2593 καῖ’ἀποβολῇ
2328 2512 2446 2573 τοῦ
2476 2510 2510 2573 Ε
2538 2509 2642 2573 καὶ
2664 2507 2997 2596 ἀναδρομῇ
3035 2518 3103 2569 20

421 2616 537 2676 τοῦ
577 2611 773 2676 τόνου
804 2611 908 2675 διὰ
937 2613 1052 2678 τὸν
1083 2616 1445 2692 χαρακτῆρα
1474 2611 1682 2693 ἄφνω.
1750 2612 2136 2692 ἑκαςτέρω
2177 2611 2252 2676 τὸ
2292 2611 2687 2691 πορρωτέρω
2718 2609 2849 2677 ἀπὸ
2881 2616 3000 2678 τοῦ

421 2713 596 2797 ἑκάς,
653 2712 691 2778 ὃ
746 2711 1022 2792 ςημαίνει
1075 2715 1150 2780 τὸ
1206 2713 1481 2800 ἄποθεν,
1536 2715 1638 2781 καὶ
1691 2715 1769 2781 οὐ
1826 2714 2001 2795 παρὰ
2044 2715 2121 2780 τὸ
2165 2712 2494 2797 ἑκάτερος,
2551 2712 2831 2796 ἑκατέρω
2874 2715 2998 2796 γὰρ

420 2816 516 2895 ἦν.
604 2818 1111 2900 πορρωτέρω,
1157 2817 1581 2901 ἐγγυτέρω,
1627 2816 2034 2900 ἀνωτάτω,
2080 2816 2515 2898 ἐγγυτάτω,
2582 2815 2996 2901 ἀπωτέρω,

419 2918 873 2997 περαιτέρω.
960 2920 1036 2984 τὸ
1082 2921 1152 2984 δὲ
1197 2918 1403 3005 ἄνεῳ
1448 2922 2030 3000 προπαροξύνεται·
2086 2919 2161 2984 τό
2207 2918 2295 2983 ἰώ
2348 2917 2669 3002 ὀξύνεται,
2725 2919 2997 2999 ἀνακληι

418 3022 594 3086 τικὸν
641 3020 718 3086 ὂν
763 3022 864 3086 καὶ
908 3020 1026 3086 οὐκ
1071 3021 1148 3088 ὂν
1192 3023 1610 3102 παραγωγόν·
1666 3025 1768 3088 καὶ
1822 3024 1897 3088 τὸ
1954 3022 2337 3102 ἑπιςχερώ
2384 3020 2715 3088 ὀξύτονον.
2803 3023 2878 3087 τὸ
2923 3024 2996 3089 δὲ
3032 3031 3100 3082 25

420 3244 482 3296 ἐϋ
517 3243 632 3296 ἀπὸ
668 3247 771 3295 τοῦ
811 3243 873 3296 εὖ
911 3244 1053 3297 κατὰ
1087 3244 1331 3298 διάλυςιν
1365 3247 1469 3312 τῆς
1505 3251 1568 3298 ἐυ
1614 3244 1925 3309 διφθόγγου
1970 3243 2048 3298 εἰς
2082 3247 2115 3296 ἓ
2159 3244 2250 3295 καὶ
2283 3247 2344 3308 ῦ,
2394 3244 2537 3310 quod
2582 3245 2661 3295 sie
2704 3246 2998 3298 restituen-

421 3312 545 3363 dum
583 3317 669 3363 est
703 3310 820 3365 ἀπὸ
856 3316 959 3364 τοῦ
997 3313 1091 3366 ἐΰς
1129 3312 1191 3365 ὲῠ
1228 3314 1290 3365 εὖ
1328 3315 1419 3366 καὶ
1452 3313 1568 3368 ἀπὸ
1603 3317 1707 3366 τοῦ
1746 3313 1809 3365 εὖ
1848 3314 1984 3378 κτλ.,
2022 3329 2148 3368 nam
2182 3314 2300 3363 iure
2337 3313 2601 3364 Lehrsius
2624 3314 2794 3364 Arist.
2820 3330 2872 3380 p.
2895 3316 2997 3366 384

420 3381 504 3431 ed.
529 3381 584 3430 11
611 3381 797 3430 adnot.
820 3381 911 3431 hic
936 3381 1004 3432 de
1031 3380 1094 3432 ἔϋ
1121 3382 1389 3446 barytono
1412 3385 1502 3449 agi
1529 3384 1759 3434 iudicat.
1863 3382 1899 3433 l.
1924 3385 1956 3433 5
1991 3383 2137 3432 hune
2162 3396 2427 3431 canonem
2450 3381 2633 3446 recepi
2660 3397 2726 3432 ex
2750 3382 2996 3448 Theogn.

422 3451 544 3510 160,
584 3451 613 3498 7
660 3464 778 3498 eum
824 3449 1300 3501 emendationibus
1341 3451 1599 3502 Ahrensii
1644 3452 1710 3501 de
1757 3450 1889 3503 dial.
1934 3450 2087 3500 Aeol.
2135 3466 2186 3515 p.
2225 3451 2321 3499 154
2357 3454 2471 3500 not.
2519 3449 2642 3500 coll.
2693 3465 2746 3514 p.
2789 3453 2878 3514 17,
2925 3449 2995 3503 τὸ

419 3515 616 3567 ὁτοτύῖ
650 3515 802 3580 παρὰ
836 3515 905 3568 τὸ
942 3516 1134 3569 ὀτοτοῖ
1169 3518 1627 3584 παροξυνόμενον
1661 3521 1779 3584 ipse
1815 3519 2028 3569 correxi
2065 3533 2162 3583 pro
2196 3519 2370 3568 τοῦτο
2407 3515 2558 3581 παρὰ
2592 3516 2661 3569 τὸ
2699 3516 2820 3569 ὄτοι
2858 3532 2995 3583 παρ-

419 3582 778 3646 οξυνόμενον.
915 3585 955 3635 l.
993 3588 1056 3636 10
1092 3588 1259 3636 etiam
1297 3587 1440 3638 hune
1474 3603 1739 3638 canonem
1774 3602 1844 3638 ex
1881 3586 2129 3651 Theogn.
2168 3588 2279 3640 160,
2316 3588 2379 3635 31
2420 3587 2630 3651 recepi,
2666 3585 2706 3637 1.
2746 3589 2808 3636 14
2842 3585 2996 3651 παρὰ

423 3651 692 3703 Ἀττικοῖς
737 3652 927 3702 addidi
971 3659 1027 3704 et
1073 3670 1169 3719 pro
1206 3652 1476 3707 πολλάκις
1521 3655 1612 3706 καὶ
1658 3653 1746 3706 διὰ
1789 3654 2056 3718 μετρικὴν
2075 3650 2290 3717 -χρείαν
2339 3651 2430 3703 καὶ
2476 3651 2565 3704 διὰ
2608 3655 2713 3704 τοῦ
2750 3655 2802 3704 ’ὤ
2836 3656 2996 3720 posui

422 3718 548 3771 κατ’
583 3718 877 3771 ἑπέκταςιν
912 3748 978 3757 —-
1016 3720 1225 3774 ἕποντο
1271 3722 1333 3787 (Γ
1368 3722 1506 3788 24Ο)]
1541 3740 1609 3774 ex
1643 3723 1789 3773 Mon.
1825 3724 1917 3780 26,
1953 3726 2016 3773 31
2065 3719 2232 3772 οὐδὲν
2278 3718 2356 3772 εἰς
2404 3723 2436 3772 ὃ
2472 3719 2628 3785 λήγει
2676 3719 2820 3786 ὑπὲρ
2865 3720 2995 3785 μίαν

420 3785 699 3851 ςυλλαβήν
736 3788 1187 3853 (monosyllabum
1225 3790 1304 3855 ψό
1342 3796 1819 3841 commemoratum
1855 3796 1942 3841 est
1975 3791 2058 3849 46,
2098 3789 2207 3852 17).
2245 3787 2386 3840 ἀλλὰ
2424 3787 2600 3852 μόνον
2633 3788 2703 3839 τὸ
2738 3789 2923 3855 δεῦρο,
2961 3789 2994 3842 δ

419 3854 633 3921 εῐρηται
668 3883 734 3891 -
772 3855 1037 3908 ἕποντο».
1108 3871 1187 3909 πα
1224 3857 1259 3910 ὰ
1294 3858 1355 3910 δὲ
1399 3862 1519 3911 τοῖς
1556 3857 1809 3911 Αἰολεῠςι
1855 3858 1946 3909 καὶ
1989 3858 2158 3922 δεῦρυ
2203 3856 2291 3908 διὰ
2325 3859 2429 3908 τοῦ
2466 3860 2516 3907 ῦ.
2587 3855 2740 3921 παρὰ
2774 3856 2836 3909 δὲ
2875 3858 2994 3911 Ἀτ-

417 3926 591 3975 τικοῖς
629 3922 752 3975 ἔςθ’
787 3923 884 3976 ὅτε
923 3924 1013 3975 καὶ
1048 3924 1178 3990 δευρ
1235 3925 1457 3989 λέγεται
1492 3925 1580 3979 διὰ
1613 3929 1716 3978 τοῦ
1753 3925 1789 3977 ῑ.
1857 3925 2200 3990 τετόλμηται
2235 3924 2297 3977 δὲ
2332 3923 2511 3976 αὐτοῦ
2548 3926 2639 3976 καὶ
2672 3926 2994 3990 θεματιςθῆ-

418 4006 508 4043 ναι
544 3991 928 4057 πληθυντικὸν
963 3991 1033 4044 τὸ
1079 3993 1270 4058 δεῦτε,
1319 4011 1441 4045 eum
1485 4011 1592 4061 quo
1638 4000 1919 4060 comparat
1963 3993 2144 4062 Apoll.
2194 3993 2261 4043 de
2308 3993 2433 4048 adv.
2472 3996 2596 4056 553,
2634 3996 2665 4043 6
2710 3991 2877 4056 ἄγετε
2923 3995 2994 4046 of.

417 4061 516 4124 Ep.
555 4060 644 4113 Cr.
682 4062 708 4111 1
743 4064 802 4119 3,
841 4063 888 4110 5.
1093 4061 1127 4111 1.
1167 4066 1228 4114 18
1274 4060 1403 4114 εἷςω
1451 4064 1659 4114 inserui
1705 4079 1773 4113 ex
1808 4064 2055 4128 Theogn.
2095 4063 2220 4124 161,
2259 4063 2349 4121 16,
2395 4062 2527 4113 item
2572 4061 2662 4112 καὶ
2698 4060 2891 4127 πόρςω
2927 4089 2994 4098 -

418 4127 641 4192 πόρρω;
697 4125 865 4191 ἄφνω
920 4128 1111 4179 addidi
1169 4147 1234 4180 ex
1280 4131 1484 4182 Herod.
1540 4131 1669 4195 περὶ
1722 4133 1926 4183 παθῶν
1970 4131 2026 4180 in
2070 4131 2135 4182 Ε.
2184 4129 2324 4181 Gud.
2367 4132 2459 4192 97,
2508 4131 2595 4188 18,
2655 4145 2778 4180 cum
2823 4131 2994 4181 Hero·

418 4196 584 4246 diano
631 4199 884 4259 congruit
926 4197 1173 4262 Apollon.
1222 4198 1290 4249 de
1336 4199 1559 4251 adverb.
1594 4201 1719 4261 580,
1764 4202 1848 4251 20.
1927 4199 1996 4248 ad
2052 4196 2331 4262 ἑκαςτέρω
2385 4199 2616 4263 apposui
2658 4196 2727 4248 τὸ
2772 4211 2993 4263 πορρω-
3049 4239 3056 4244 .

417 4262 565 4328 τέρω
610 4289 673 4299 —-
721 4262 828 4327 γὰρ
872 4262 945 4327 ἦν
991 4281 1058 4315 ex
1104 4266 1168 4319 E.
1206 4266 1279 4317 Μ.
1313 4269 1438 4329 320,
1478 4271 1541 4318 15
1584 4268 1678 4318 ubi
1725 4268 2030 4318 subiectum
2066 4272 2153 4317 est
2188 4264 2373 4316 οὕτως
2411 4264 2765 4329 Ἡρωδιανὸς.
2835 4264 2992 4328 ἐγγυ-

416 4330 566 4396 τέρω
609 4358 675 4367 -
721 4330 1037 4396 περαιτέρω
1082 4341 1435 4385 accesserunt
1479 4352 1546 4387 ex
1588 4336 1830 4400 Theogn.
1909 4334 2186 4386 Adverbio
2227 4331 2380 4399 ἄνεῳ
2436 4334 2658 4383 subdidi
2691 4332 2739 4397 ῑ,
2787 4349 2854 4384 ex
2889 4333 2994 4385 hoe

416 4401 539 4452 loeo
574 4404 733 4466 patet
764 4400 1140 4451 Herodianum
1176 4418 1296 4452 eum
1330 4403 1621 4469 Apollonio
1666 4419 1761 4467 pro
1798 4403 2024 4454 adverb.
2063 4403 2321 4454 habuisse
2358 4400 2537 4468 ἄνεῳ,
2586 4406 2752 4467 atque
2801 4404 2994 4466 opinor

416 4469 839 4535 explicationem
886 4469 1208 4534 largiorem,
1252 4486 1392 4535 quae
1439 4472 1636 4522 similis
1682 4471 1792 4521 fuit
1841 4470 2134 4536 Apollonio
2182 4470 2250 4520 de
2298 4469 2423 4521 adv.
2469 4486 2520 4535 p.
2559 4473 2659 4520 555
2705 4473 2762 4520 et
2807 4473 2924 4532 577,
2961 4473 2992 4521 9

417 4536 542 4586 huie
585 4536 708 4587 loeo
753 4536 1024 4587 adnexam
1069 4538 1138 4588 ab
1183 4540 1540 4603 epitomatore
1585 4541 1816 4590 recisam
1864 4555 2006 4590 esse.
2076 4539 2148 4589 ef.
2194 4538 2329 4588 Lob.
2365 4538 2451 4591 El.
2489 4539 2544 4589 11
2579 4538 2695 4588 284.
2737 4564 2804 4574 -—
2851 4537 2888 4587 l.
2928 4541 2994 4588 24

421 4619 518 4719 pro
552 4602 873 4669 ἀνάκλητον
909 4605 1106 4670 scripsi
1142 4603 1546 4672 ἀνακλητικόν,
1586 4607 1652 4657 de
1691 4605 1757 4658 ἰώ
1796 4606 1996 4657 Herod.
2035 4606 2162 4671 περὶ
2200 4607 2401 4657 παθῶν
2437 4606 2494 4655 in
2531 4607 2596 4655 E.
2632 4607 2706 4657 Μ.
2739 4608 2859 4668 481,
2901 4609 2989 4656 15:

442 4668 489 4719 ώ
524 4671 593 4722 τὸ
629 4670 923 4737 ἐπίρρημα.
994 4672 1055 4724 ἐκ
1091 4676 1194 4724 τοῦ
1232 4672 1338 4738 ἰωή
1375 4674 1519 4727 κατὰ
1554 4673 1855 4739 ςυγκοπήν.
1927 4673 2176 4739 Τρύφων
2222 4673 2283 4725 δὲ
2320 4672 2495 4736 λέγει,
2544 4672 2632 4725 ὅτι
2666 4671 2735 4724 τὸ
2774 4671 2821 4723 ῶ
2861 4673 2990 4738 κλη-

420 4737 578 4787 τικὸν
613 4739 919 4804 προςέλαβε
955 4740 1025 4792 τὸ
1060 4740 1081 4793 ῑ
1119 4742 1207 4792 καὶ
1244 4740 1471 4804 ἐγένετο
1510 4741 1592 4794 ἰώ.
1663 4743 1787 4795 εἶτα
1823 4742 1894 4794 τὸ
1940 4740 1987 4792 ὧ
2026 4744 2378 4807 περιςπᾶται·
2423 4741 2493 4793 τὸ
2528 4740 2590 4793 δὲ
2628 4739 2695 4793 ἰώ
2734 4739 2989 4793 ὀξύνεται

422 4799 545 4854 οἷον
589 4804 701 4857 «ἰὼ
748 4806 794 4857 ὡ
834 4807 1210 4872 Ἀπολλώνιε,
1258 4808 1325 4862 ἰὼ
1363 4811 1763 4874 Λακεδαῖμον».
1845 4810 1988 4862 ἀλλὰ
2034 4808 2443 4874 ςχετλιαςτικὸν
2475 4809 2578 4861 ικαὶ
2625 4809 2989 4873 βακχευτικὸν

422 4869 526 4936 οὐχ
568 4871 875 4927 ὑποπίπτει
917 4880 989 4942 τῇ
1034 4876 1317 4945 ἀναλογίᾳ.
1386 4879 1515 4944 περὶ
1561 4882 1778 4934 παθῶν.
1861 4881 1947 4930 De
1992 4877 2263 4943 ἑπιςχερώ
2309 4879 2378 4930 ef.
2422 4878 2488 4931 Il.
2535 4878 2622 4929 Pr.
2661 4875 2700 4931 C
2736 4880 2826 4931 68:
2873 4876 2989 4931 ἐπι-
