3664 5546
609 425 738 489 554
895 427 906 440 ‘
1431 426 1512 481 ΕΙ(
1552 427 1698 482 ΤΟΥ
1737 428 2010 482 ΒΙΒΛΙΟΥ
2048 428 2194 481 ΤΟΥ
2229 426 2386 481 ΠΕΡΙ

612 616 729 660 νος
773 597 896 673 γὰρ
942 595 1134 660 οὗτος
1165 595 1203 660 ὁ
1234 602 1569 680 τροχαῖος,
1615 599 1761 678 οὐχὶ
1789 598 2402 677 προπεριςπώμενος
2432 596 2532 659 καὶ
2562 595 2667 659 διὰ
2695 600 2888 660 τοῦτο
2918 597 2995 659 τὸ
3026 596 3184 661 ἔςτιν

612 695 732 760 οὐκ
776 696 1156 779 ἐγκλίνεται,
1201 696 1343 761 ἀλλ’
1388 700 1494 763 ἐπὶ
1535 705 1651 764 τοῦ
1696 704 1718 765 ῑ
1761 701 1892 780 ἔχει
1936 700 2053 777 τὴν
2099 698 2330 765 ὀξεῖαν.
2399 698 2636 761 Γίνεται
2683 695 2804 761 οὖν
2852 697 2892 774 ἦ
2927 696 3186 772 ἔγκλιςις

611 796 901 880 ὀξυτόνῳ
958 798 1072 876 μὲν
1132 798 1291 876 λέξει
1355 801 1588 866 «κακός
1653 802 1850 882 ἐςτι»,
1917 799 2468 881 προπαροξυτόνῳ
2535 799 2607 863 δὲ
2665 797 2938 862 «ἄκακός
3000 798 3122 862 ἐςτι
3138 823 3185 881 ι»,

610 899 1054 982 περιςπωμένῃ
1100 902 1171 965 δὲ
1217 901 1470 980 «Ἑρμῆς
1513 902 1710 986 ἐςτι»,
1756 901 2331 984 προπεριςπωμένῃ
2361 901 2433 964 δὲ
2481 900 2774 988 «φαῦλός
2804 899 3028 964 ἐςτιν».
3088 901 3188 963 καὶ

548 1011 581 1061 5
609 1001 734 1079 γὰρ
778 1000 1208 1080 ἐπαναγωγὴν
1263 1008 1395 1066 τῶν
1450 1001 1668 1068 αὐτῶν
1721 1004 2120 1082 πεποιήμεθα
2164 1003 2268 1066 διὰ
2312 1000 2700 1080 ςαφεςτέραν
2753 1007 3004 1075 γνῶςιν.
3077 1001 3185 1064 ἐὰν

610 1102 682 1165 δὲ
726 1104 807 1180 μὴ
854 1102 1059 1166 οὕτως
1103 1102 1218 1185 ἔχῃ
1264 1103 1466 1181 ἤγουν
1514 1105 1605 1169 ὡς
1648 1105 2100 1185 προτέτακται,
2143 1104 2260 1180 τὴν
2305 1101 2520 1169 ὀξεῖαν
2565 1101 2671 1166 ἐπὶ
2709 1105 2829 1166 τοῦ
2871 1102 3185 1183 ῑδέχεται,

609 1205 712 1267 καὶ
755 1203 869 1268 ἐὰν
924 1203 1270 1282 προκέηται
1325 1204 1526 1294 αὐτοῦ
1582 1207 1621 1284 ἢ
1679 1210 1984 1285 τροχαῖος
2039 1204 2483 1283 παροξύτονος
2541 1202 2685 1267 οἷον
2730 1202 2979 1284 μάντις,
3034 1203 3186 1280 πόρ-

607 1325 754 1385 νος,
807 1304 848 1383 ἢ
893 1305 1374 1384 περιςπώμενος
1418 1308 1563 1388 μέν,
1621 1307 1792 1385 ἔχων
1849 1309 1921 1370 δὲ
1975 1307 2091 1385 τὴν
2146 1306 2515 1369 τελευταίαν
2559 1305 2722 1369 θέςει
2765 1304 3044 1384 μακράν,
3100 1303 3187 1368 ὡς

608 1405 740 1483 ἔχει
784 1406 860 1469 τὸ
905 1408 1154 1489 φοῖνιξ,
1200 1410 1423 1489 κῆρυξ,
1467 1409 1506 1486 ἢ
1539 1411 1880 1473 ςπονδεῖος
1911 1407 2147 1487 ὁμοίως
2177 1406 2618 1484 παροξύτονος
2648 1406 2860 1482 ὥςπερ
2889 1404 2965 1468 τὸ
2997 1403 3186 1486 ἥρως,

511 1512 574 1562 10
608 1505 827 1588 εἵλως,
871 1508 910 1585 ἢ
954 1507 1181 1588 ἴαμβος
1226 1508 1421 1574 πάλιν
1465 1510 1908 1588 παροξύτονος
1955 1509 2045 1574 ὡς
2089 1510 2164 1573 τὸ
2210 1509 2407 1588 ἔρως,
2460 1508 2698 1588 γέλως,
2752 1507 2793 1583 ἢ
2837 1506 3188 1586 πυρρίχιος,

606 1609 890 1688 καθάπερ
933 1610 1009 1674 τὸ
1058 1609 1282 1691 λόγος,
1327 1610 1561 1692 πόνος,
1604 1614 1947 1688 τηνικαῦτα
1988 1611 2105 1674 τὸν
2149 1609 2347 1675 τόνον
2378 1608 2483 1672 ἐπὶ
2525 1611 2643 1673 τοῦ
2685 1610 2707 1671 i
2751 1607 2999 1685 δέχεται
3047 1605 3187 1671 οἷον

608 1710 868 1788 «μάντις
912 1709 1077 1774 ἐςτίν
1087 1759 1107 1792 ,
1153 1714 1370 1788 φοῖνιξ
1416 1711 1571 1793 ἐςτί,
1616 1712 1787 1789 ἥρως
1830 1712 1986 1793 ἐςτί,
2031 1712 2235 1786 γέλως
2279 1710 2436 1792 ἐςτί,
2482 1711 2676 1785 λόγος
2720 1709 2905 1773 ἐςτίν.

779 1811 891 1873 Καὶ
932 1812 1007 1874 τὸ
1053 1811 1273 1888 δυϊκρν
1318 1812 1389 1874 δέ
1433 1811 1614 1876 ἑςτόν
1658 1812 2007 1887 ἐγκλίνεται
2054 1812 2162 1876 «οἵ
2204 1832 2311 1890 μοι
2356 1810 2719 1892 ςκυζομένῳ
2762 1829 2884 1887 περ
2916 1810 3184 1888 Ἀχαιῶν

605 1912 900 1991 φίλτατοί
944 1911 1187 1976 ἐςτον».
1241 1913 1288 1993 (Ι
1343 1911 1492 1993 198)
1534 1914 1637 1977 καὶ
1677 1915 1757 1978 τὰ
1808 1914 2198 1993 πληθυντικά
2244 1911 2617 1990 «ἄνθρωποί
2670 1911 2885 1992 ἐςμεν,
2939 1910 3184 1990 ἄνθρω-

509 2018 570 2069 15
607 2013 720 2078 ποί
764 2013 933 2095 ἐςτε,
980 2011 1159 2077 οὗτοί
1203 2013 1372 2079 εἰςι».

775 2114 874 2178 Ἐκ
917 2114 989 2177 δὲ
1031 2118 1321 2193 μετοχῶν
1367 2115 1487 2192 οὐχ
1520 2114 1664 2180 οἷόν
1707 2117 1777 2180 τέ
1806 2117 1973 2182 ἐςτιν
2004 2116 2356 2191 ἑγκλιτικὸν
2386 2114 2627 2193 μόριον.
2691 2113 2792 2178 ἀεὶ
2833 2115 2957 2192 γὰρ
2990 2117 3187 2178 ταῦτα

606 2216 676 2280 ἐκ
730 2216 1000 2294 θέματος
1055 2213 1392 2298 ἀνάγεται,
1448 2215 1580 2291 εἴγε
1634 2218 2022 2296 μεταλήψεις
2076 2217 2375 2295 ῥημάτων
2434 2216 2601 2281 εἰςίν.
2702 2215 2843 2280 ἀλλ’
2899 2215 3060 2280 οὐδὲ
3125 2215 3187 2281 ἐξ

605 2317 864 2396 ἄρθρου.
951 2321 1027 2399 τῇ
1082 2316 1206 2394 γὰρ
1264 2318 1546 2384 ςυντάξει
1597 2317 1635 2394 ἡ
1692 2318 2032 2397 παράθεςις
2083 2323 2216 2389 τῶν
2271 2318 2527 2396 ἄρθρων
2582 2318 2873 2396 μάχεται·
2932 2317 3189 2383 ἅπαντα

603 2419 727 2495 γὰρ
771 2421 968 2482 ταῦτα
1012 2419 1399 2495 προτακτικά
1442 2418 1639 2501 ἐςτιν,
1696 2420 2125 2498 ἀρκτικώτερα
2177 2420 2337 2484 ὄντα
2391 2425 2520 2483 τῶν
2566 2419 2981 2497 καλουμένων
3026 2439 3185 2496 προ-

503 2525 570 2575 ‘20
604 2525 943 2600 τακτικῶν,
989 2520 1027 2602 ᾗ
1073 2518 1368 2598 κατάρχει
1414 2519 1575 2584 ὅλου
1623 2521 1823 2597 λόγου
1871 2522 1950 2598 «ἢ
1995 2520 2168 2600 μυρί’
2213 2514 2487 2598 Ἀχαιοῖς
2531 2519 2718 2595 ἄλγε’
2761 2519 3026 2598 ἔθηκεν»
3088 2522 3187 2584 καὶ

604 2622 718 2686 «ὃς
761 2621 930 2700 μάλα
980 2621 1195 2685 πολλὰ
1249 2621 1540 2701 πλάγχθη
1556 2646 1599 2686 ».
1691 2622 1795 2686 διὰ
1849 2626 2043 2686 τοῦτο
2100 2622 2204 2686 καὶ
2258 2621 2395 2705 ἰδίῳ
2455 2622 2680 2699 ῥήματι
2736 2622 3185 2704 κατακλείεται,

602 2723 731 2802 πρὸ
785 2722 986 2787 αὐτοῦ
1039 2743 1106 2787 τε
1161 2721 1495 2788 πίπτουςιν
1551 2722 1615 2787 αἱ
1671 2724 1927 2803 ςτιγμαί.
2016 2724 2118 2788 καὶ
2171 2723 2234 2790 ἐξ
2289 2722 2596 2788 ἁπάντων
2649 2728 2781 2787 τῶν
2835 2721 3054 2789 ὄντων
3106 2723 3183 2787 οὐ

603 2824 817 2889 πολλά
861 2824 984 2888 ἐςτι
1029 2824 1217 2903 μόρια
1261 2824 1504 2907 εὑρεῖν,
1551 2825 1592 2888 ἃ
1636 2825 1724 2890 εἰς
1766 2827 1884 2903 τὴν
1928 2826 2351 2904 προκειμένην
2388 2825 2685 2890 ’ςύνταξιν
2732 2824 3060 2899 ὑπάγεται.

726 2939 746 2953 ““
773 2926 871 2989 Ἐκ
915 2927 986 2989 δὲ
1031 2924 1448 3004 ἀντωνυμιῶν
1503 2927 1568 2990 αἱ
1625 2927 1740 3005 μὲν
1785 2927 2138 3004 ἐγείρουςαι
2193 2928 2309 3004 τὴν
2354 2926 2569 2991 ὀξεῖαν
2622 2927 2737 3003 τὴν
2793 2926 2921 3003 πρὸ
2966 2927 3184 2992 αὑτῶν

501 3032 566 3081 25
602 3028 1026 3105 ἐγκλιματικαὶ
1069 3029 1441 3107 καλοῦνται,
1488 3026 1552 3090 αἱ
1597 3030 1668 3092 δὲ
1712 3030 1793 3107 μὴ
1840 3028 2192 3106 ἐγείρουςαι
2237 3028 2799 3108 ὀρθοτονούμεναι.

769 3128 915 3193 Τῶν
960 3127 1378 3206 ἀντωνυμιῶν
1422 3128 1487 3191 αἱ
1530 3129 1644 3206 μὲν
1689 3130 1965 3208 κτητικαὶ
2010 3129 2325 3218 οὐδέποτε
2368 3129 2796 3210 ἑγκλίνονται,
2841 3127 2982 3193 ἀλλ’
3029 3130 3183 3194 οὐδὲ

601 3230 665 3293 αἱ
723 3229 960 3293 εὐθεῖαι
1014 3234 1145 3293 τῶν
1199 3229 1663 3307 πρωτοτύπων.
1750 3231 1815 3295 αἱ
1871 3233 1943 3296 δὲ
1998 3237 2131 3295 τῶν
2186 3231 2632 3308 πρωτοτύπων
2676 3231 2944 3295 πτώςεις
2988 3232 3183 3309 χωρὶς

505 3328 514 3335 ’
600 3334 711 3409 τῆς
756 3333 1044 3409 κλητικῆς
1097 3330 1523 3412 ἐγκλίνονται,
1578 3331 1617 3408 ἡ
1669 3334 1887 3411 γενικὴ
1942 3333 2046 3395 καὶ
2101 3334 2316 3426 δοτικὴ
2372 3333 2475 3395 καὶ
2525 3331 2844 3409 αἰτιατική.
2933 3331 3079 3396 ἀλλ’
3121 3332 3183 3397 αἱ

602 3432 716 3511 μὲν
759 3435 877 3496 τοῦ
921 3432 1185 3509 πρώτου
1238 3433 1592 3510 προςώπου
1636 3432 2072 3512 ἐγκλινόμεναι
2119 3433 2220 3496 καὶ
2262 3434 2338 3498 τὸ
2383 3433 2527 3496 κατ’
2571 3432 2775 3511 ἀρχὴν
2818 3437 2852 3497 ἒ
2892 3432 3182 3514 ἀποβάλ-

363 3574 400 3583 -
500 3536 566 3587 30
603 3536 836 3597 λουςιν.
886 3533 1195 3612 «ἤκουςάς
1239 3555 1394 3615 μου,
1440 3533 1686 3598 ἔδωκάς
1730 3555 1867 3615 μοι,
1923 3533 2209 3601 ἐδίδαξὰς
2254 3554 2390 3612 με».
2478 3534 2542 3598 αἱ
2598 3536 2669 3599 δὲ
2712 3537 2830 3655 τοί)
2874 3534 3182 3613 δευτέρου

733 3786 770 3835 l.
809 3791 842 3837 8
878 3791 936 3836 et
969 3790 1001 3837 9
1040 3787 1106 3837 de
1144 3789 1327 3850 φοῖνιξ
1364 3789 1534 3853 κῆρυξ
1572 3789 1642 3838 ef.
1681 3788 1879 3841 Aroad.
1918 3791 2042 3851 140,
2081 3791 2127 3838 1.
2162 3815 2227 3825 -—
2273 3788 2309 3839 l.
2351 3790 2548 3839 13—-15
2583 3788 2755 3838 Bekk.
2795 3789 2943 3838 1158.
3013 3791 3182 3853 impe-

599 3856 810 3905 rativus
845 3853 969 3905 ἔςτε
1005 3871 1112 3905 non
1151 3860 1238 3905 est
1275 3856 1568 3906 encliticus
1603 3856 1668 3909 Il.
1695 3856 1784 3905 Pr.
1816 3855 1850 3906 Γ
1886 3858 2009 3907 28οε
2049 3854 2317 3920 μάρτυροι
2354 3855 2504 3907 ἐςτε;
2543 3855 2918 3919 παροξύνεται
2940 3855 3011 3905 τὸ
3035 3854 3179 3917 ἔςτε,

596 3920 693 3974 ἵνα
728 3922 1138 3987 προςτακτικὸν
1172 3921 1404 3987 γένηται
1440 3921 1651 3986 ὁμοίως
1685 3926 1771 3989 τῷ
1797 3922 2128 3987 φυλάςςετε·
2169 3922 2524 3987 πιθανωτέρα
2559 3923 2665 3987 γὰρ
2700 3922 2735 3985 ἡ
2772 3921 3008 3986 τοιαύτη
3044 3921 3176 3973 ἀνά-

598 4004 816 4052 γνωςις.
886 3990 1071 4042 πολλὰ
1106 3988 1212 4054 γάρ
1246 3989 1361 4042 ἐςτι
1398 3988 1775 4054 προςτακτικὰ
1811 3989 1891 4041 ὡς
1928 3990 2071 4054 πρὸς
2106 3990 2242 4041 τοὺς
2285 3990 2452 4043 θεοὺς
2486 3990 2640 4043 «Ζεῦ
2687 3988 2895 4054 πάτερ,
2933 3988 3080 4041 ἀλλὰ
3116 3990 3180 4041 ςὺ

597 4058 754 4121 ῥθςαι
791 4056 1027 4122 ποίηςόν
1060 4058 1115 4107 τ’
1148 4056 1376 4123 αἴθρην,
1414 4058 1510 4109 δός
1545 4058 1600 4108 τ’
1633 4057 2043 4121 ὀφθαλμοῖςιν»
2081 4058 2168 4121 (11.
2208 4058 2246 4110 Ρ
2281 4058 2424 4124 645).
2494 4057 2800 4119 ἀναγκαῖον
2836 4056 3028 4120 μέντοι
3065 4056 3193 4108 ἑςτὶ

598 4125 990 4189 παραφυλάξαι
1027 4125 1210 4177 ἐκεῖνο
1248 4125 1326 4177 ὡς
1363 4125 1450 4177 ὅτι
1486 4125 1559 4177 τὰ
1595 4122 1674 4176 εἰς
1711 4129 1776 4176 τε
1824 4125 2073 4189 λήγοντα
2119 4126 2470 4190 πληθυντικὰ
2515 4124 2760 4189 ὁριςτικὰ
2804 4125 2895 4177 καί
2941 4139 3179 4188 προςτα-

597 4194 758 4244 κτικά
793 4193 879 4244 ἀεὶ
917 4193 1182 4256 ὁμοτονεῖ
1216 4192 1638 4255 ὑπεςταλμένου
1660 4196 1764 4244 τοῦ
1791 4192 1942 4256 ἔςτε,
1980 4189 2105 4245 οἷον
2139 4192 2336 4255 λέγετε
2371 4221 2437 4230 -—
2472 4192 2560 4243 ὅτι
2592 4192 2812 4256 λέγετε,
2851 4191 2951 4253 ἄγε
2986 4220 3055 4227 ——
3091 4192 3178 4243 δτι

596 4259 780 4322 ἄγετε.
849 4261 1000 4311 Idem
1036 4262 1365 4326 praescribit
1399 4261 1462 4310 Ε.
1502 4262 1575 4313 Μ.
1617 4263 1733 4323 382,
1775 4263 1799 4310 1
1839 4261 2078 4311 addens:
2116 4258 2327 4323 ὁμοίως
2364 4261 2455 4312 καὶ
2498 4260 2567 4311 τὸ
2602 4258 2767 4323 φάτε.
2806 4287 2873 4295 —-
2907 4260 2943 4311 1.
2982 4262 3179 4309 16—23

595 4328 772 4379 Bekk.
815 4331 942 4378 1144
978 4329 1050 4380 cf.
1084 4328 1280 4378 Arcad.
1321 4330 1441 4389 141,
1480 4332 1537 4379 8:
1575 4325 1843 4392 γίνωςκε,
1888 4327 1974 4379 ὅτι
2011 4326 2179 4379 οὐδὲν
2216 4328 2598 4391 προτακτικὸν
2635 4325 2979 4389 ἑγκλίνεςθαι
3014 4326 3175 4377 δύνα-

594 4410 710 4446 ται·
747 4393 858 4446 τίνι
892 4396 1000 4460 γὰρ
1037 4394 1468 4458 παραπέμψουςι
1503 4395 1609 4445 τὸν
1645 4393 1787 4447 ἴδιον
1820 4395 2023 4456 τόνον;
2061 4394 2188 4446 ἀλλ’
2222 4394 2355 4447 οὐδὲ
2392 4396 2465 4447 τὰ
2499 4395 2705 4458 ἔχοντα
2742 4393 3176 4458 προηγουμένην

594 4461 843 4526 ςτιγμὴν.
914 4466 1039 4514 πῶς
1072 4462 1180 4525 γὰρ
1214 4461 1543 4515 διαζεύξεως
1581 4461 2012 4527 προηγουμένης
2058 4462 2292 4525 ἔγκλιςις
2335 4463 2594 4527 γένηται;
2642 4462 2734 4513 καὶ
2769 4461 2980 4513 τούτου
3016 4459 3176 4524 χάριν

592 4532 666 4581 τὰ
709 4530 887 4595 ἄρθρα
930 4530 1034 4581 οὐκ
1077 4527 1444 4591 ὲγκλίνονται.
1491 4557 1555 4565 -
1598 4531 1672 4580 τὰ
1716 4529 2086 4593 ἑγκλινόμενα
2140 4532 2283 4582 κατὰ
2327 4532 2436 4595 τὴν
2481 4529 2707 4582 εὐθεῖαν
2753 4529 2844 4581 καὶ
2889 4528 3031 4580 κατὰ
3074 4528 3174 4579 τὰς

594 4596 768 4650 ἄλλας
805 4596 1043 4649 πτώςεις
1081 4595 1424 4659 ἐγκλίνεςθαι
1458 4596 1691 4649 δύναται
1732 4596 1842 4663 [διὸ
1880 4598 2014 4649 οὔτε
2050 4597 2107 4650 αἱ
2144 4597 2430 4663 προθὲςεις
2466 4597 2601 4650 οὔτε
2638 4595 2695 4648 αί
2733 4598 2961 4660 μετοχαί
2997 4592 3211 4657 &mi--

595 4668 781 4715 νεςθαι
818 4664 1071 4716 θέλουςιν
1106 4664 1346 4730 margoJ,
1385 4665 1572 4715 horum
1609 4666 1760 4730 prius
1805 4671 2159 4732 praeceptum
2204 4666 2276 4716 ad
2319 4665 2402 4717 τίς
2438 4666 2595 4717 τινός
2642 4664 2987 4715 referendum
3021 4663 3174 4713 vide-

596 4737 709 4790 tur,
748 4732 981 4782 alterum
1018 4747 1142 4782 cum
1175 4732 1273 4783 illo
1308 4733 1612 4784 cohaerens
1648 4734 1718 4783 ad
1753 4734 2083 4799 particulam
2120 4734 2373 4785 omissam
2400 4728 2702 4799 pbr-tinere,
2742 4748 2881 4796 quae
2921 4731 2987 4781 de
3012 4745 3173 4781 voca-

595 4797 742 4847 bulis
777 4799 1046 4850 eneliseos
1081 4801 1398 4863 expertibus
1443 4801 1666 4865 agebat.
1849 4801 1884 4855 l.
1920 4804 2121 4851 24—25
2158 4801 2334 4852 Bekk.
2375 4804 2521 4851 1144.
2566 4827 2633 4835 —-
2678 4800 2713 4849 l.
2750 4798 2939 4848 26—1.
2976 4802 3006 4848 3
3042 4812 3169 4862 pag.

600 4878 713 4928 seq.
751 4864 944 4913 Arcad.
982 4867 1094 4927 142,
1132 4866 1199 4914 20
1229 4870 1384 4929 -143,
1422 4869 1480 4928 ὃς
1517 4868 1553 4917 l.
1583 4871 1646 4917 27
1685 4885 1781 4932 pro
1818 4865 2181 4931 παραγώγων
2220 4869 2417 4933 scripsi
2452 4866 2868 4931 πρωτοτύπων.
