3664 5546
1190 308 1350 364 ΠΕΡΙ
1397 307 1789 364 ΚΑΘΟΛΙΚΗΕ
1822 307 2245 364 ΠΡΟΕΩιΔΙΑ(
2283 310 2345 370 Η.
2933 309 3048 372 191

465 477 660 558 Ἶρος
705 479 781 544 τὸ
839 479 1061 558 κύριον
1119 479 1224 545 καὶ
1279 480 1465 544 πόλις
1521 476 1877 545 Θεςςαλίας.
1965 478 2326 559 Λυκόφρων
2382 478 2593 558 «Ἶρὸν
2646 499 2715 543 τε
2770 478 3057 558 Τραχῖνα

391 624 400 635 ·
467 583 565 647 καὶ
607 583 1076 663 Περραιβικήν»
1124 582 1219 664 (ν.
1249 579 1440 667 905),
1482 582 1764 665 Πῖρος,
1820 581 2088 665 Τίρος,
2144 581 2417 660 (κίρος
2471 582 2548 645 τὸ
2602 580 2839 659 κύριον.
2928 577 3055 645 ἔςτι

468 686 537 749 δὲ
580 684 788 768 ἥρως,
843 683 972 765 ἀφ’
1016 682 1097 749 οὗ
1143 683 1368 762 (κίρον
1423 683 1625 749 τόπος
1667 684 1975 767 Ἀττικός,
2030 683 2133 748 καὶ
2176 683 2502 762 Ἀρκαδίας
2560 683 2843 748 κατοικία
2895 685 3055 762 πλη-

467 786 599 851 ςίον
660 787 1047 852 Μαιναλέων
1104 787 1207 851 καὶ
1259 786 1660 865 Παρραςίων.
1760 786 1814 851 εἰ
1868 787 2085 866 μέντοι
2140 787 2577 865 προςηγορικὰ
2631 785 2670 863 ἢ
2736 784 3056 850 ἐπιθετικὰ

466 887 592 972 εἴη,
639 887 963 971 ὀξύνεται,
1006 886 1176 967 ἱρὸς
1222 887 1261 953 ὁ
1289 887 1492 972 ἱερός,
1538 889 1757 968 λιρὸς
1801 888 1841 953 6
1872 888 2171 971 ἀναιδής,
2217 888 2433 967 ςιρός
2475 889 2550 954 τὸ
2581 888 3050 967 προςηγορικὸν
3079 901 3114 951 5

466 990 503 1057 6
546 992 894 1068 κατώγειος
938 988 1136 1057 οἶκος.

631 1093 726 1159 Τὰ
780 1092 870 1158 εἰς
911 1095 1031 1171 W
1073 1093 1418 1175 διςύλλαβα
1460 1093 1961 1173 παραληγόμενα
2003 1099 2095 1179 τῷ
2141 1096 2179 1157 ὅ
2226 1092 2595 1176 βαρύνεται,
2645 1091 2844 1157 ὁπότε
2888 1092 3053 1170 γίνε-

463 1216 562 1261 ται
609 1195 739 1261 ἀπὸ
794 1198 926 1260 τῶν
980 1196 1534 1276 παραληγομένων
1589 1202 1682 1281 τῷ
1727 1198 1761 1259 ἓ
1802 1195 1843 1273 ἢ
1890 1194 1944 1258 ὅ
1996 1196 2036 1273 ἢ
2092 1196 2156 1258 ἇῑ
2211 1195 2545 1279 διφθὸγγῳ
2601 1193 2934 1279 ῥημάτων,
3001 1195 3056 1261 εἰ

465 1299 545 1379 μή
602 1319 697 1364 τις
755 1299 1053 1377 διαςτολὴ
1108 1298 1400 1383 γένοιτο,
1457 1299 1699 1376 ςπόρο
1716 1317 1778 1380 ς,
1834 1295 1932 1361 ὅτι
1989 1297 2254 1381 ςπείρω,
2307 1296 2606 1376 πτὸρος
2666 1296 2704 1361 6
2748 1298 3054 1381 πταρμὸς,

466 1400 560 1464 ὁτι
604 1399 884 1483 πταίρω,
928 1400 1238 1479 φθόρος
1281 1400 1379 1465 ὅτι
1423 1401 1701 1483 φθείρω,
1747 1399 1986 1478 μόρος
2017 1398 2116 1463 ὁτι
2146 1397 2369 1482 μείρω,
2416 1399 2656 1479 κόρος
2701 1399 2799 1465 ὅτι
2844 1401 3053 1484 κείρω,
3096 1412 3157 1463 ιο

347 1537 351 1541 -
465 1502 717 1583 φόρος
774 1502 871 1567 ὅτι
928 1503 1145 1586 φέρω,
1201 1502 1460 1584 φορός
1514 1503 1586 1567 δὲ
1641 1500 1680 1565 6
1735 1499 1972 1582 ἄνεμος
2016 1499 2369 1585 ὀξυτόνως,
2423 1500 2644 1586 ὅρος,
2703 1501 2855 1581 εἴρω
2910 1503 3055 1586 γάρ,

478 1602 662 1682 ὀρός
709 1605 780 1669 δὲ
825 1604 901 1669 τὸ
946 1603 1425 1686 ἀφυλιζόμενον
1469 1608 1588 1670 τοῦ
1630 1604 1965 1681 γάλακτος.
2024 1605 2100 1669 τὸ
2145 1605 2217 1667 δὲ
2261 1600 2500 1681 ὄρρος
2547 1606 2914 1684 βαρυτόνως
2954 1605 3059 1671 καὶ

465 1707 625 1771 κατὰ
667 1708 784 1786 τὴν
830 1706 1165 1772 διάλεκτον
1210 1707 1314 1772 καὶ
1355 1714 1447 1792 τῷ
1492 1707 1698 1791 λόγῳ·
1763 1706 1844 1771 τὰ
1898 1706 2021 1785 γὰρ
2077 1705 2165 1771 εἰς
2210 1710 2293 1770 ὀἳ
2338 1710 2658 1785 μονογενῆ
2713 1707 3057 1788 διςύλλαβα

464 1814 555 1892 τῷ
599 1810 639 1871 ὃ
683 1809 1184 1890 παραληγόμενα
1225 1810 1265 1887 ἢ
1312 1809 1376 1875 ἐξ
1421 1809 1622 1874 αὐτοῦ
1664 1809 1991 1889 ἀρχόμενα
2034 1810 2136 1873 καὶ
2179 1807 2417 1887 ἔχοντα
2459 1809 2554 1873 δὶς
2597 1810 2674 1874 τὸ
2718 1809 2879 1874 αὐτὸ
2910 1810 3057 1889 ςύμ-

468 1930 697 1990 φωνον
743 1910 1110 1996 βαρύνεται,
1155 1911 1420 1993 κόννος,
1466 1911 1725 1994 κόκκος,
1757 1910 2015 1993 κόττος,
2046 1908 2261 1976 ὄςςος·
2306 1912 2514 1976 οὕτως
2543 1911 2670 1990 ἄρα
2699 1912 2802 1976 καὶ
2830 1910 3055 1989 ὄρρος·
3096 1922 3157 1972 15

467 2013 543 2076 τὸ
586 2012 805 2092 μέντοι
851 2012 1086 2094 βορός
1131 2012 1170 2077 6
1225 2014 1441 2078 πολλὰ
1486 2012 1710 2079 ἐςθίων
1763 2014 1868 2079 καὶ
1910 2013 1986 2078 τὸ
2041 2012 2281 2092 χορός
2325 2013 2429 2078 καὶ
2473 2013 2708 2091 ςορός
2760 2013 2799 2077 6
2844 2013 3054 2094 τάφος

467 2115 567 2178 καὶ
608 2115 845 2194 τορός
888 2114 1258 2183 ὀξύνονται·
1314 2115 1394 2181 ού
1450 2116 1575 2194 γὰρ
1618 2116 1907 2192 γίνονται
1953 2115 2084 2180 ἀπὸ
2129 2115 2445 2181 τοιούτων
2500 2113 2831 2198 ῥημάτων,
2889 2114 3056 2180 ἀλλὰ
3128 2104 3131 2107 ’

466 2217 541 2280 τὸ
587 2216 782 2296 βορός
827 2215 958 2283 ἀπὸ
1005 2221 1123 2282 τοῦ
1170 2222 1300 2296 βρῶ
1359 2218 1583 2298 βρώςω
1630 2218 1924 2300 βρώςκω,
1980 2216 2082 2281 καὶ
2134 2218 2209 2281 τὸ
2254 2216 2451 2296 χορός
2495 2217 2626 2282 ἀπὸ
2678 2221 2795 2281 τοῦ
2840 2221 3054 2300 χωρῶ,

468 2322 709 2401 χῶρος,
753 2317 952 2397 χορὸς
995 2326 1205 2403 τροπῇ
1250 2324 1368 2384 τοῦ
1417 2319 1470 2377 ὧ
1516 2318 1604 2383 εἰς
1650 2323 1721 2402 ὅ,
1774 2319 1879 2383 καὶ
1918 2318 1996 2383 τὸ
2055 2318 2244 2396 ςορός
2289 2318 2420 2382 ἀπὸ
2465 2321 2582 2382 τοῦ
2627 2319 2889 2397 ςωρεύω
2934 2339 3052 2383 ςω-

469 2419 613 2498 ρεός
657 2419 864 2498 ςωρός
907 2420 1250 2500 ἀρςενικῶς
1295 2423 1399 2486 καὶ
1437 2420 1631 2499 ςορός
1661 2423 1949 2501 θηλυκῶς
1992 2420 2094 2484 καὶ
2135 2421 2212 2484 τὸ
2241 2421 2433 2498 τορός
2479 2421 2549 2484 δὲ
2596 2418 2727 2485 ἀπὸ
2757 2424 2874 2485 τοῦ
2904 2424 3052 2499 τρῶ.
3089 2435 3157 2486 20

468 2522 866 2602 ςεςημείωται
908 2523 983 2588 τὸ
1029 2522 1266 2601 δορός
1312 2522 1351 2603 6
1397 2523 1819 2605 δεδαρμένος,
1864 2521 1919 2587 εἰ
1961 2523 2063 2586 καὶ
2106 2520 2176 2587 ἐκ
2218 2526 2336 2587 τοῦ
2380 2521 2570 2600 δείρω
2612 2522 2871 2598 γίνεται.

597 2711 633 2762 l.
673 2715 698 2762 1
746 2709 888 2777 Ἶρος
927 2710 1151 2776 expleri
1186 2727 1254 2760 ex
1292 2712 1372 2762 St.
1409 2713 1473 2762 B.
1506 2712 1632 2772 337,
1672 2713 1703 2761 2
1751 2715 1807 2760 et
1842 2712 1889 2763 8.
1930 2737 1993 2747 -
2037 2708 2240 2776 Πῑρος,
2288 2725 2615 2776 quamquam
2659 2710 2859 2761 flumen
2903 2711 3055 2778 apud

465 2780 804 2832 Herodotum
841 2786 899 2831 et
936 2781 1264 2831 Strabonem
1298 2777 1504 2844 Πεῖρος
1541 2781 1826 2838 scribitur,
1868 2786 2051 2829 tamen
2099 2780 2446 2829 retinendum
2483 2784 2594 2842 est,
2642 2796 2804 2845 quum
2843 2779 3050 2831 diserte

465 2850 730 2899 Arcadius
764 2848 831 2898 de
869 2849 1178 2899 nominibus
1213 2849 1270 2898 in
1305 2849 1421 2912 ι’ρδς
1459 2848 1611 2898 dieat
1658 2855 1714 2898 et
1751 2848 2000 2914 Theogn.
2048 2847 2259 2898 tradat:
2305 2845 2377 2898 τὰ
2424 2846 2512 2898 διὰ
2555 2850 2660 2899 τοῦ
2697 2862 2832 2912 ηρος
2874 2847 3051 2900 διςύλ-

467 2916 606 2980 λαβα
651 2915 813 2981 κύριά
857 2929 922 2968 τε
969 2916 1059 2968 καί
1096 2914 1473 2982 προςηγορικὰ
1517 2915 1608 2967 καὶ
1653 2914 1915 2980 ἐπίθετα,
1964 2913 2165 2967 ὁποίας
2213 2913 2282 2966 ἂν
2329 2913 2416 2981 εἴη
2452 2913 2669 2966 τάςεως
2743 2916 2831 2967 διὰ
2873 2918 2977 2967 τοῦ
3014 2919 3052 2981 ἦ

463 2983 763 3050 γράφεται·
810 2982 1174 3050 ςεςημείωται
1220 2983 1308 3036 διὰ
1352 2987 1456 3037 τοῦ
1492 2987 1528 3035 ῖ
1564 2983 1898 3048 γραφόμενα
1944 2982 2104 3049 κύρια
2147 2982 2382 3048 τέςςαρα
2418 2982 2585 3049 Ἶρος,
2624 2954 2816 3049 Τῖρος,
2855 2982 3049 3050 Πίρος,

467 3049 659 3118 (κίρος
696 3053 787 3104 καὶ
823 3051 918 3104 ἐπὶ
954 3055 1382 3118 προςηγορικῶν
1427 3052 1529 3104 δύο
1573 3049 1692 3118 ἱρός
1738 3052 1771 3105 6
1807 3051 1984 3117 ίερός,
2023 3050 2171 3115 ςιρὸς
2216 3051 2286 3102 τὸ
2323 3050 2543 3117 οἴκημα.
2613 3053 2683 3102 ef.
2719 3054 2785 3103 Ε.
2822 3055 2895 3103 Μ.
2930 3057 3050 3116 475,

465 3123 529 3172 23
564 3119 636 3172 τὰ
671 3119 760 3172 διὰ
794 3123 897 3172 τοῦ
933 3122 1052 3185 fficff
1086 3120 1382 3186 διςύλλαβα
1418 3120 1579 3186 κύρια
1616 3120 1707 3172 καὶ
1745 3121 2081 3186 βαρύνονται
2118 3120 2208 3171 καὶ
2244 3120 2332 3172 διὰ
2366 3123 2469 3171 τοῦ
2508 3124 2539 3172 ῑ
2575 3119 2890 3185 γράφονται
2925 3117 3052 3173 οἷον

469 3186 626 3253 Κίρος
673 3188 853 3252 ὄνομα
900 3188 1117 3254 κύριον,
1172 3188 1348 3255 Πῖρος
1395 3189 1575 3252 ὄνομα
1629 3191 1890 3254 ποταμοῦ
1946 3188 2036 3240 καὶ
2082 3186 2247 3253 Τίρος
2300 3188 2480 3251 ὄνομα
2535 3191 2822 3254 ποταμοῦ,
2872 3187 3050 3254 Μίρος

465 3255 720 3321 ποταμὸς
756 3255 1016 3322 Φρυγίας.
1087 3261 1269 3323 ςκῖρος
1314 3257 1348 3310 6
1399 3257 1581 3322 γύψος
1630 3258 1892 3323 (Hesyeh.
1939 3259 2191 3322 ςκεῖρος).
2271 3256 2593 3321 πρόςκειται
2640 3257 2801 3323 κύρια
2846 3256 2934 3309 διὰ
2978 3257 3049 3310 τὸ

466 3323 647 3390 νειρὸς
683 3325 977 3378 ὁξύτονον·
1023 3325 1127 3378 οὐκ
1173 3325 1287 3378 ἐςτι
1330 3325 1392 3378 δὲ
1429 3325 1635 3391 κύριον.
1707 3322 1957 3392 ςημαίνει
1992 3323 2053 3376 δὲ
2089 3323 2195 3376 τὸν
2232 3324 2554 3390 ὁρμητικὸν.
2625 3326 2771 3376 Hine
2817 3333 3052 3392 apparet

466 3394 838 3444 Herodianum
882 3394 1098 3445 diverse
1145 3395 1216 3444 ab
1260 3395 1392 3446 aliis
1435 3395 1760 3446 vocabulum
1804 3411 1903 3460 per
1950 3396 1983 3445 ἶ
2019 3396 2439 3460 pronunciasse,
2490 3394 2729 3445 fortasse
2775 3394 2921 3460 quod
2968 3396 3049 3445 bi·

465 3462 682 3526 syllaba
726 3462 785 3511 in
829 3475 975 3525 ειρος
1022 3463 1240 3514 omnino
1285 3479 1407 3514 esse
1452 3465 1706 3529 negavit,
1753 3463 1845 3513 vel
1901 3464 2066 3512 etiam
2122 3462 2264 3528 quod
2319 3478 2387 3513 ex
2432 3458 2666 3526 Πίερος,
2722 3478 2828 3527 qua
2874 3463 3048 3513 forma

465 3530 636 3580 utitur
678 3530 1014 3591 Pausaniae,
1062 3530 1254 3581 eodem
1296 3531 1457 3582 modo
1513 3547 1621 3597 quo
1665 3528 1784 3596 ίρός
1829 3547 1897 3580 ex
1952 3527 2102 3595 ἱερός
2147 3535 2490 3581 contractum
2534 3531 2772 3597 putavit.
2852 3532 3050 3582 Utrum

467 3593 660 3662 (κίρος
697 3614 767 3647 an
790 3595 930 3650 ,Εκῖι
974 3612 1000 3649 ς
1038 3598 1382 3649 scribendum
1420 3601 1511 3661 sit,
1549 3600 1792 3650 haesitat
1828 3599 2072 3651 Meinek.
2116 3599 2189 3648 ad
2226 3597 2305 3651 St.
2344 3601 2407 3651 B.
2444 3601 2566 3657 575,
2605 3602 2653 3649 9.
2803 3597 2836 3648 l.
2878 3601 2940 3649 11
2979 3600 3048 3651 de

466 3664 643 3730 φόρος
681 3672 740 3716 et
775 3680 854 3729 φο
926 3679 953 3717 ς
992 3667 1064 3717 cf.
1102 3666 1298 3716 Choer.
1335 3669 1481 3718 Dict.
1519 3670 1635 3729 239,
1674 3669 1725 3730 6,
1759 3668 1823 3717 Ε.
1859 3667 2088 3730 Μ.’686,
2129 3670 2214 3725 10,
2250 3667 2496 3716 Favorin
2533 3668 2650 3731 378,
2690 3669 2781 3729 15,
2819 3668 2922 3732 Ep.
2961 3668 3048 3718 Cr.

465 3735 492 3784 I
529 3737 645 3797 369,
684 3738 767 3798 30,
805 3736 900 3785 ubi
936 3735 1081 3784 idem
1115 3738 1282 3799 atque
1319 3735 1466 3785 inter
1499 3734 1677 3800 φόρος
1726 3741 1781 3784 et
1818 3734 1998 3800 φορός
2036 3735 2328 3785 discrimen
2375 3736 2639 3785 statuitur
2679 3737 2828 3785 inter
2871 3734 3048 3800 πόρος

466 3809 521 3854 et
557 3801 760 3867 πορὸςε
801 3801 954 3866 παρὰ
987 3801 1057 3854 τὸ
1095 3804 1254 3867 περῶ
1291 3799 1506 3864 γίνεται
1542 3801 1604 3854 ἐν
1641 3800 1792 3870 ὀξείᾳ
1827 3802 1980 3855 τάςει
2025 3801 2059 3854 6
2094 3802 2380 3867 διαπερῶν
2426 3802 2517 3853 καὶ
2563 3801 2625 3853 ἐν
2671 3800 2861 3868 βαρείᾳ
2897 3802 3049 3855 τάςει

466 3870 641 3935 πόρος
686 3869 719 3922 ὁ
765 3869 1186 3935 διαπερώμενος
1232 3869 1426 3921 τόπος.
1463 3898 1527 3906 -
1565 3871 1634 3922 de
1672 3871 1803 3935 ὅρος
1848 3874 2045 3922 notatu
2087 3872 2309 3936 dignum
2357 3878 2466 3929 est,
2514 3872 2896 3922 Herodianum
2939 3873 3050 3923 alio

463 3938 580 3989 loeo
620 3940 949 4004 repetivisse
987 3941 1058 3989 ab
1095 3939 1234 4002 ὁρᾶν
1270 3939 1448 3991 Bekk.
1484 3941 1588 3991 An.
1627 3941 1751 4003 649,
1789 3943 1878 3990 20:
1920 3938 2260 4003 Ἡρωδιανὸς
2307 3937 2455 4001 λέγει
2501 3938 2589 3990 ὅτι
2634 3936 2749 3990 ἀπὸ
2784 3940 2888 3989 'roo
2928 3939 3046 4003 ὁρῶ

462 4006 531 4057 τὸ
569 4005 762 4070 βλέπω
799 4006 1035 4070 γέγονεν
1072 4006 1226 4071 ὅρος·
1264 4006 1355 4057 καὶ
1389 4006 1496 4071 γὰρ
1533 4007 1566 4058 ὁ
1603 4006 1735 4073 ὅρος
1772 4006 2017 4071 εύὸρατα
2061 4007 2152 4058 καὶ
2189 4006 2406 4058 εὔοπτα
2451 4010 2599 4058 ποιεῖ
2642 4005 2777 4069 ἡμῖν
2820 4005 2892 4057 τὰ
2936 4006 3047 4070 ὁρι-

463 4073 693 4138 ζόμενα;
735 4075 971 4127 fortasse
1007 4075 1111 4125 hoc
1148 4075 1280 4126 fecit
1317 4082 1539 4140 propter
1573 4077 1824 4142 spiritum
1860 4091 2142 4140 asperum,
2182 4091 2306 4124 nam
2341 4073 2411 4126 τὸ
2436 4077 2468 4124 ὃ
2494 4072 2906 4139 ἐπιφερομένου
2940 4077 3045 4125 τοῦ

465 4144 497 4206 ρ
540 4143 803 4207 ψιλοῠται
849 4143 1001 4207 πλὴν
1045 4145 1149 4194 τοῦ
1195 4142 1313 4208 ὁρῶ
1360 4142 1452 4193 καὶ
1497 4142 1629 4206 ὅρος
1674 4141 1965 4209 ἀρςενικὸν
2007 4143 2100 4194 καὶ
2145 4139 2313 4206 ὁρίζω
2359 4142 2553 4193 Arcad.
2595 4147 2714 4202 199,
2754 4146 2835 4192 20.
2906 4145 3045 4193 Num

469 4211 815 4262 Herodianus
851 4209 986 4276 εἴρω
1024 4212 1337 4276 scripserit,
1373 4216 1437 4260 ut
1472 4212 1530 4260 in
1566 4211 1684 4262 eod.
1709 4213 1756 4261 A
1793 4212 2110 4274 exhibetur,
2150 4210 2374 4260 dubium
2414 4216 2522 4272 est,
2562 4226 2726 4275 quum
2763 4226 2940 4260 canon
2966 4212 3047 4261 sic

465 4294 522 4328 se
557 4280 791 4330 habeat:
827 4279 863 4341 ὴ
903 4284 950 4330 {i
986 4277 1292 4343 δίφθογγος
1329 4280 1593 4344 ψιλοῡται
1629 4296 1809 4345 neque
1857 4275 1992 4343 εἴρω
2030 4278 2177 4328 inter
2222 4282 2476 4342 exempta
2514 4279 2586 4327 sit
2620 4278 2907 4328 vocabula.
2975 4277 3046 4330 τὸ

465 4344 665 4411 ὄρρος
701 4347 896 4397 addidi
931 4363 1000 4397 ex
1037 4347 1218 4398 schol.
1243 4348 1315 4398 ad
1339 4349 1508 4400 Arist.
1534 4349 1673 4399 Rau.
1709 4351 1835 4397 ⁶222:
1874 4345 1988 4409 ἐγὼ
2025 4344 2088 4397 δὲ
2123 4343 2181 4407 γ’
2206 4342 2398 4407 ἀλγεῖν
2434 4343 2670 4409 ἄρχομαι
2703 4345 2809 4396 τὸν
2846 4344 3043 4410 ὄρρονς

464 4440 528 4448 —
565 4413 907 4480 Ἡρωδιανὸς
943 4414 1004 4466 δὲ
1040 4415 1132 4466 καὶ
1168 4415 1323 4483 λόγῳ
1361 4414 1451 4466 καὶ
1487 4413 1632 4467 κατὰ
1665 4415 1774 4479 τὴν
1809 4412 2103 4465 διάλεκτον
2140 4411 2356 4477 βαρέως
2393 4413 2488 4476 (ad
2524 4429 2574 4463 v.
2611 4416 2710 4465 223
2747 4412 3045 4476 Τιμαχίδας

464 4486 533 4548 τῇ
570 4485 834 4550 προφορᾷ
865 4481 1041 4548 ὄρρὸν
1080 4484 1159 4535 ὡς
1195 4483 1398 4549 ὀρθόν,
1436 4484 1534 4534 sed
1569 4483 1726 4537 codd.
1765 4482 1936 4547 ὄρρον
1974 4482 2053 4534 ὡς
2090 4480 2289 4545 ὄρθον,
2336 4480 2590 4531 Dindorf.
2628 4480 2798 4545 ὄρρον
2836 4481 2915 4532 ὡς
2954 4481 3045 4546 ὅρ-

467 4564 569 4612 μον
609 4552 950 4616 emendavit)
988 4555 1043 4600 et
1078 4550 1252 4614 λόγον
1289 4553 1472 4603 adieci
1517 4568 1584 4602 ex
1621 4552 1877 4602 Eustath.
1918 4554 2074 4610 1746,
2112 4551 2206 4610 26,
2256 4550 2348 4600 ubi
2395 4550 2462 4599 de
2501 4547 2659 4600 ὄςςος
2695 4550 2837 4614 agit,
2888 4552 3046 4614 potui

468 4620 633 4670 etiarn
676 4619 908 4670 alterum
953 4633 1218 4671 canonem
1262 4623 1320 4671 in
1365 4620 1429 4674 ΙΙ.
1465 4619 1555 4670 Pr.
1592 4616 1636 4670 Λ
1672 4620 1737 4668 68
1783 4619 2047 4669 adhibere
2093 4617 2296 4680 ὄγμον;
2346 4616 2424 4668 ὡς
2462 4616 2647 4680 ὄλβον.
2716 4615 2788 4668 τὰ
2822 4616 2930 4680 γὰρ
2966 4615 3044 4670 είς

467 4687 532 4736 ὃς
567 4687 816 4753 λήγοντα
852 4685 1149 4749 διςύλλαβα
1188 4690 1467 4753 μονογενῆ
1504 4685 1788 4751 ἀρχόμενα
1824 4684 1940 4739 ἀπὸ
1983 4688 2086 4738 τοῦ
2124 4690 2156 4737 ὃ
2192 4685 2283 4750 καὶ
2319 4684 2522 4749 ἔχοντα
2558 4684 2659 4736 δύο
2695 4684 2971 4766 ςύμφωνα
3006 4687 3043 4751 ἢ

469 4751 701 4806 πλείονα
749 4753 1074 4820 βαρύνεςθαι
1122 4753 1270 4807 θέλει
1323 4754 1449 4808 οἷον
1505 4755 1701 4819 ὄκνος,
1765 4753 1997 4820 ὄμβρος,
2053 4753 2246 4820 ὄρρος,
2301 4753 2487 4818 ὄςςος,
2547 4752 2778 4818 Ὀρθος,
2839 4751 3044 4818 ὄρφος·

470 4819 622 4873 οὕτω
665 4822 757 4875 καὶ
804 4822 995 4886 ὄγμος.
1039 4849 1104 4858 —-
1153 4824 1189 4877 l.
1227 4827 1289 4876 17
1335 4826 1507 4876 verba
1552 4822 1695 4875 ἀλλὰ
1748 4821 1818 4874 τὸ
1874 4822 2037 4889 βορὸς
2083 4839 2253 4888 usque
2311 4823 2381 4873 ad
2429 4823 2464 4876 l.
2503 4824 2569 4874 20
2614 4820 2729 4873 ἀπὸ
2773 4823 2876 4873 τοῦ
2921 4824 3042 4887 τρῶ
