3664 5546
675 339 797 403 160
1606 336 1688 392 ΕΙ(
1725 337 1865 393 ΤΩΝ
1907 336 2313 391 ΗΡΩΔΙΑΝΟΥ

666 510 1036 586 Αἰγιαλός
1102 510 1329 588 μεταξὺ
1397 507 1718 573 (Σικυῶνος
1779 510 1882 572 καὶ
1945 512 2062 573 τοῦ
2129 508 2532 586 Βουπραςίου
2596 507 2992 587 καλούμενος
3055 506 3259 572 τόπος

668 609 800 676 ἀπὸ
853 610 1200 687 Αἰγιαλέως
1263 612 1382 674 τοῦ
1439 610 1717 694 Ἰνάχου,
1786 610 1879 675 ὡς
1933 611 2170 690 Ἴςτρος
2234 609 2304 675 ἐν
2371 608 2688 675 ἀποικίαις
2750 613 2863 688 τῆς
2915 608 3257 685 Αἰγύπτου.

669 712 834 778 ἔςτιν
882 714 1102 792 ἕτερος
1155 711 1452 788 Αἰγιαλός
1506 713 1823 792 προςεχὴς
1879 718 1971 795 τῶ
2014 711 2254 795 Πόντῳ
2298 712 2457 792 μετὰ
2498 713 2613 791 τὴν
2662 711 2981 792 Κάραμβιν
3035 710 3259 793 ἄκραν,

670 816 761 880 ὡς
803 815 1257 881 Ἀπολλώνιος.
1326 813 1456 894 ἔχει
1512 816 1583 880 δὲ
1637 816 1739 880 καὶ
1782 815 2001 894 κώμην
2047 813 2414 894 ὁμώνυμον.
2470 814 2756 894 Ὅμηρος
2801 813 3152 894 «Κρῶμνάν
3196 813 3261 877 τ’

606 927 639 977 5
668 916 970 992 Αἰγιαλόν
1014 937 1124 981 τε»
1171 918 1248 999 (Β
1293 914 1463 998 855).
1541 917 1855 997 γράφεται
1902 917 1971 981 δε
2020 915 2372 996 «Κρῶμναν
2421 916 2748 998 Κωβίαλόν
2790 936 2860 980 τε
2874 940 2918 980 ».
2985 915 3113 981 ἔςτι
3159 917 3260 981 καὶ

669 1020 920 1102 Θρᾴκης
963 1019 1248 1096 αἰγιαλὸς
1292 1019 1466 1098 παρὰ
1509 1024 1602 1103 τῷ
1647 1017 1986 1102 (τρυμόνι,
2033 1017 2506 1084 ὡς’Ἑκαταῑοςε
2581 1017 2708 1085 ἔςτι
2762 1019 2864 1083 καὶ
2915 1017 3115 1084 ἄλλος
3157 1018 3258 1082 Αἰ-

669 1121 891 1197 γιαλὸς
935 1122 1130 1201 μέγας
1173 1120 1572 1200 καλούμενος
1617 1119 1688 1185 ἐν
1730 1120 2026 1203 Αἰθιοπίᾳ
2069 1120 2214 1184 κατ’
2255 1119 2596 1197 Αἴγυπτον.

840 1257 932 1322 Τά
988 1257 1077 1323 εἰς
1131 1243 1298 1323 {ff}
1335 1258 1590 1336 τριγενῆ
1636 1256 1874 1336 ἔχοντα
1917 1258 2032 1335 τὴν
2077 1256 2292 1336 τρίτην
2339 1260 2641 1338 βραχεῖαν
2688 1256 3011 1340 ὀξύνεται,
3066 1257 3166 1323 άπ
3178 1278 3219 1321 α
3233 1294 3259 1305 -

673 1362 709 1423 λ
730 1360 843 1443 ός,
888 1358 1325 1442 χθαμαλός,
1370 1358 1798 1442 τροχαλός,
1823 1357 2166 1443 ἀταλὸς,
2211 1358 2537 1442 ὁμαλός,
2582 1358 2827 1424 ἀκαλό
2846 1380 2907 1442 ς,
2963 1359 3263 1435 γυαλός

571 1470 637 1521 10
671 1463 747 1527 τὸ
805 1461 1117 1527 ἐπίθετον.
1217 1460 1615 1541 ςεςημείωται
1669 1460 1746 1524 τὸ
1801 1482 1844 1540 μ
1857 1480 1887 1525 ε
1900 1481 1940 1536 γ
1953 1460 1994 1525 ά
2007 1463 2043 1524 λ
2058 1480 2095 1525 ο
2113 1481 2145 1525 ς
2199 1462 2664 1540 παροξύτονον.
2753 1461 3040 1541 ἐξέλειψε
3096 1462 3167 1526 δὲ
3218 1461 3261 1539 ἡ

671 1564 949 1645 μεγάλος
993 1563 1209 1628 εὐθεῖα
1254 1563 1359 1627 διὰ
1402 1563 1478 1628 τὸ
1524 1561 2066 1653 ἀχαρακτήριςτον
2108 1567 2227 1628 τοῦ
2271 1564 2487 1629 τόνου.

842 1700 935 1765 Τά
981 1699 1085 1765 διά
1120 1704 1237 1764 τοῦ
1279 1684 1447 1765 ἇλοῖ
1486 1699 1995 1781 ὑπερδιςύλλαβα
2038 1699 2195 1779 μετά
2252 1702 2370 1763 τοῦ
2424 1704 2467 1762 ἃ
2522 1698 2941 1781 ἐκτεταμένου
2997 1699 3263 1781 βαρύνε-

670 1823 805 1887 ται,
862 1801 1270 1880 Φάρςαλος
1323 1801 1511 1867 πόλις
1567 1802 1910 1867 Θεςςαλίας
1967 1801 2098 1866 ἀπὸ
2154 1800 2496 1880 Φαρςάλου
2551 1806 2669 1867 τοῦ
2726 1801 3046 1881 Ἀκριςίου.
3132 1801 3263 1866 ἔςτι

671 1906 774 1969 καὶ
824 1903 1212 1984 Παμφυλίας
1266 1904 1468 1970 πόλις.
1561 1903 1948 1988 Τάβαλος,
2007 1902 2472 1984 (τύμφαλος
2537 1904 2723 1969 πόλις
2779 1903 3104 1983 Ἀρκαδίας
3158 1906 3264 1969 καὶ

577 2016 637 2067 15
672 2007 895 2071 πεδίον
941 2005 1286 2086 ὁμώνυμον
1331 2007 1433 2069 καὶ
1476 2007 1665 2085 πηγή.
1753 2006 1792 2085 ἡ
1839 2006 2025 2070 πόλις
2070 2004 2414 2084 ἀρςενικῶς
2459 2007 2562 2070 καί
2603 2009 2908 2086 θηλυκῶς.

843 2142 936 2207 Τά
979 2142 1084 2207 διά
1112 2146 1230 2207 τοῦ
1272 2127 1426 2208 ἐ’λ-οἷ
1466 2144 1787 2222 μονογενῆ
1819 2142 2395 2225 προπαροξύνεται,
2441 2140 2496 2206 εἰ
2539 2142 2621 2222 μὴ
2653 2142 2860 2207 πάθος
2888 2163 2945 2206 τι
2982 2143 3262 2225 γένοιτο,

674 2245 1043 2325 ἄμπελος.
1134 2242 1258 2309 ἔςτι
1302 2246 1406 2310 καὶ
1449 2242 1637 2309 πόλις
1679 2247 1792 2321 τῆς
1836 2244 2217 2331 Λιγυςτικῆς.
2274 2243 2599 2309 Ἑκαταῖος
2644 2243 2931 2329 Εὐρώπῃ.
2990 2244 3115 2310 ἔςτι
3161 2245 3266 2308 καὶ

674 2347 837 2426 ἄκρα
881 2346 1270 2425 Τορωναίων
1324 2348 1644 2427 Ἀμπελος
1700 2332 2030 2426 λεγομένη.
2104 2346 2231 2412 ἔςτι
2276 2347 2378 2411 καὶ
2422 2345 2607 2425 ἑτέρα
2652 2345 2815 2425 ἄκρα
2868 2351 2981 2426 τῆς
3027 2346 3262 2427 (άμου.

673 2451 774 2514 καὶ
819 2449 982 2528 ἄλλη
1027 2449 1098 2514 ἐν
1133 2447 1403 2534 Κυρήνῃ,
1434 2447 1760 2526 Ἀγροίτας
1806 2449 1878 2513 δὲ
1924 2449 2043 2513 δύο
2088 2447 2309 2513 πόλεις
2354 2445 2518 2513 εἶναί
2563 2468 2745 2531 φηςι,
2789 2450 2906 2528 τὴν
2937 2450 3052 2528 μὲν
3097 2447 3262 2532 ἄνω,

495 2530 504 2541 ’
572 2563 640 2613 20
671 2553 788 2631 τὴν
834 2553 905 2616 δὲ
949 2550 1137 2615 κάτω.
1205 2549 1332 2615 ἔςτι
1377 2551 1478 2615 καὶ
1523 2550 1782 2614 Ἰταλίας
1826 2550 1989 2630 ἄκρα
2033 2552 2136 2615 καὶ
2180 2550 2366 2629 λιμὴν
2410 2550 2512 2614 καὶ
2555 2551 2757 2622 πόλις.
2848 2549 3267 2633 (θένελος,

673 2654 970 2719 πύελος
1013 2653 1115 2716 καὶ
1158 2652 1528 2734 πτύελος,
1591 2651 1987 2737 Κύψελος,
2042 2653 2428 2735 Δέκελος,
2487 2651 2806 2731 Ἔχελος
2849 2652 3052 2734 ἥρως,
3104 2652 3265 2716 Πά-

675 2758 912 2822 νελος
965 2753 1308 2834 άρςενικῶς
1361 2754 1549 2820 πόλις
1603 2754 1749 2834 περὶ
1801 2756 1920 2823 τὸν
1974 2754 2254 2822 Πόντον.
2344 2754 2574 2835 ἐκλήθη
2621 2756 2692 2820 δὲ
2736 2753 2868 2820 ἀπό
2911 2775 3087 2821 τινος
3128 2758 3267 2820 τῶν

674 2858 1166 2941 Ἡρακλεωτῶν,
1234 2859 1308 2923 ὃς
1384 2856 1650 2938 ἀφίκετο
1717 2858 1785 2923 ἐκ
1854 2858 2174 2940 Βοιωτίαςι
2227 2856 2559 2934 ἀπόγονος
2620 2858 2713 2923 ὢν
2768 2857 3080 2937 Πηνέλεω
3144 2861 3268 2921 τοῦ

671 2959 1222 3040 ςτρατηγήςαντος
1253 2960 1357 3025 ἐπὶ
1385 2960 1635 3039 Τροίαν.
1691 2959 2059 3045 ἄγγελος,
2104 2960 2519 3044 ςκόπελος,
2560 2959 2988 3043 ςφάκελος,
3018 2959 3267 3040 άςφό-

677 3222 901 3284 praeter
935 3214 1184 3280 αἰγιαλός
1221 3216 1514 3283 trisyllaba
1551 3222 1764 3268 tantum
1801 3217 2135 3281 afferuntur,
2183 3223 2371 3268 tamen
2407 3232 2582 3268 canon
2621 3218 2740 3283 ipse
2779 3216 2915 3268 nihil
2952 3216 3156 3267 diserte
3195 3215 3267 3267 de

675 3285 984 3351 trisyllabis
1018 3287 1150 3338 solis
1187 3285 1360 3335 edicit
1394 3290 1450 3335 et
1483 3285 1782 3336 verisimile
1819 3295 1909 3336 est
1946 3287 2014 3337 ab
2051 3288 2411 3351 epitomatore
2450 3285 2719 3338 vocabula
2759 3283 3266 3350 νοΙιιι-Κρωβίαλο(

677 3356 882 3405 omissa
918 3369 1055 3407 esse.
1131 3352 1338 3405 Ἰταλός
1374 3359 1555 3403 autem
1591 3354 1664 3404 ed
1699 3370 1959 3404 canonem
1997 3354 2256 3420 quadrat,
2307 3355 2437 3419 quin
2484 3369 2622 3420 opus
2667 3355 2741 3404 sit
2783 3370 2901 3403 cum
2935 3353 3073 3404 Lob.
3112 3366 3267 3417 περι-

678 3425 867 3488 εκτικῇ
905 3423 962 3471 in
1000 3420 1188 3505 ἐθνικῇ
1227 3428 1460 3484 mutare,
1537 3438 1664 3473 uum
1701 3421 1906 3474 habeat
1944 3424 2281 3472 femininum.
2321 3423 2530 3488 Ineptit
2566 3423 2632 3473 Ε.
2658 3423 2732 3472 Μ.
2764 3425 2843 3484 14,
2869 3423 2935 3472 36
2975 3419 3267 3484 Ἀγχίαλος

678 3489 713 3552 ή
753 3490 855 3553 μὲν
891 3489 1053 3542 πόλις
1091 3489 1374 3553 ὁξυνεται,
1413 3488 1446 3540 6
1481 3489 1513 3541 δ
1580 3488 2021 3554 παραθαλάςςιος
2065 3489 2245 3542 τόπος
2282 3489 2783 3554 προπαροξύνεται.
3025 3490 3061 3542 1.
3097 3493 3130 3540 9
3167 3505 3269 3554 pro

679 3556 870 3609 ἰταλός
907 3560 1103 3624 scripsi
1148 3574 1268 3608 cnm
1306 3558 1608 3609 Schmidtio
1653 3557 1888 3623 ἀταλός,
1927 3557 2168 3622 ὁμαλός,
2217 3557 2424 3609 ἀκαλός
2459 3575 2526 3608 ex
2560 3560 2626 3607 E.
2664 3560 2738 3610 Μ.
2773 3561 2865 3620 44,
2903 3560 2969 3608 29
3015 3559 3265 3624 apposui,

677 3625 887 3689 γυαλός
935 3642 1002 3676 ex
1046 3627 1113 3677 ll.
1151 3628 1240 3678 Pr.
1282 3622 1320 3678 Ε
1366 3629 1432 3677 99
1475 3625 1545 3676 τὸ
1589 3625 1803 3688 γύαλον
1851 3625 1993 3678 ὅταν
2040 3625 2304 3678 ἐπίθετον
2350 3627 2413 3691 ᾖ,
2452 3625 2737 3691 ὀξύνεται,
2785 3624 2913 3677 εὖτ’
2948 3623 3019 3676 ἂν
3064 3624 3097 3676 6
3134 3628 3268 3676 παῖς

679 3693 794 3745 ἀπὸ
842 3693 943 3757 μὲν
986 3693 1201 3756 γυαλὸν
1247 3691 1407 3745 λίθον
1455 3692 1815 3759 ἀγκάςαςθαι,
1872 3695 2019 3746 unde
2065 3695 2308 3748 Lobeek.
2363 3699 2515 3745 recte
2567 3701 2737 3761 negat
2793 3693 3046 3744 concludi
3102 3709 3266 3759 posse

679 3767 972 3828 propterea
1009 3763 1336 3814 adieetivum
1372 3763 1523 3821 acui,
1562 3763 1710 3828 quod
1747 3763 2054 3829 epithetum
2092 3764 2191 3825 sit3
2227 3779 2355 3814 nam
2389 3763 2497 3813 nisi
2534 3765 2704 3813 tertia
2741 3763 2812 3813 ab
2850 3761 3045 3812 ultima
3079 3762 3270 3812 brevis

679 3837 856 3889 esset,
894 3832 1141 3896 quamvis
1176 3830 1515 3881 adiectivum
1552 3846 1620 3880 ex
1654 3831 1962 3883 Herodiani
1999 3833 2278 3882 sententia
2315 3846 2489 3896 aeque
2528 3835 2695 3896 etque
2730 3828 3018 3893 δαίδαλος,
3056 3829 3269 3894 ἤκαλο(

677 3905 1149 3964 proparoxytonos
1184 3897 1535 3949 scribendum
1572 3905 1739 3950 esset.
1813 3901 2006 3950 Canon
2053 3902 2197 3949 enim
2234 3899 2542 3951 Herodiani
2586 3900 2677 3949 hic
2723 3905 2832 3950 eet:
2879 3901 3100 3948 nomina
3143 3914 3269 3948 cum

677 3967 1152 4032 antepaenultima
1195 3966 1490 4031 producta,
1548 3967 1663 4018 sive
1710 3968 2063 4019 substantiva
2108 3969 2226 4017 sive
2273 3967 2580 4029 adunativa,
2631 3973 3073 4033 proparoxytona
3117 3972 3267 4028 aunt,

677 4038 918 4086 nomina·
941 4035 1294 4086 substantiva
1340 4050 1461 4085 eum
1507 4035 1985 4101 antepaenultima
2026 4040 2281 4101 correpta
2337 4041 2785 4102 propnroxytona
2837 4042 2990 4098 sunt,
3045 4035 3268 4085 nomina

675 4104 960 4155 adiectiva
996 4118 1119 4154 cum
1153 4103 1311 4154 brevi
1347 4104 1818 4170 antepaenultima
1854 4109 2143 4155 acuuntur.
2192 4104 2378 4155 Verba
2415 4101 2664 4167 ἑξέλειψε
2688 4102 2751 4155 δὲ
2784 4118 2960 4168 usque
2997 4103 3068 4153 ad
3106 4102 3267 4152 finem

677 4173 859 4238 recepi
896 4187 964 4221 ex
1001 4170 1198 4222 Choer.
1235 4172 1416 4237 Epim.
1451 4173 1510 4222 in
1545 4172 1747 4223 Psalm.
1784 4175 1870 4235 68,
1910 4175 1989 4223 19.
2060 4170 2310 4235 ἐξέλειῳε
2347 4199 2413 4208 —
2449 4170 2645 4223 τόνου·
2693 4171 2868 4236 δῆλον
2904 4169 2966 4222 δὲ
3003 4169 3090 4222 ὅτι
3127 4184 3267 4235 παρ-

680 4239 901 4304 ωξύνθη
955 4237 991 4302 ή
1042 4237 1281 4303 μεγάλος
1328 4238 1517 4292 εὐθεῖα
1562 4237 1678 4292 ἀπὸ
1722 4242 1825 4306 τῆς
1872 4238 2090 4291 εὐθείας
2134 4242 2256 4291 τῶν
2301 4240 2717 4305 πληθυντικῶν.
2786 4237 2839 4290 οἱ
2888 4237 3116 4302 μεγάλοι
3159 4237 3270 4302 γάρ

678 4323 881 4372 φαμεν.
1055 4308 1089 4359 1.
1129 4311 1191 4360 13
1237 4306 1525 4374 Φάρςαλος
1563 4309 1781 4375 explevi
1817 4325 1883 4359 ex
1921 4309 1999 4360 St.
2036 4310 2128 4368 Β.,
2175 4306 2512 4372 (τύμφαλος
2550 4325 2615 4358 ex
2664 4308 2853 4359 eodem
2890 4307 3094 4361 addidi.

679 4377 713 4426 1.
757 4380 814 4428 17
852 4375 1137 4440 Ἀμπελος
1172 4375 1338 4429 πόλις
1374 4378 1608 4443 apposui
1654 4393 1721 4427 ex
1768 4379 1856 4430 St.
1884 4378 1974 4434 Β.,
2020 4377 2111 4428 καί
2148 4376 2393 4428 πτύελος
2441 4393 2508 4427 ex
2543 4377 2788 4443 Theogn.
2825 4377 2917 4438 61,
2955 4379 3047 4438 30,
3093 4373 3270 4427 Δέκε·

678 4443 802 4508 λος,
840 4442 1064 4508 Ἔχελος
1100 4443 1359 4497 Πάνελος
1404 4463 1472 4496 ex
1518 4445 1598 4496 St.
1633 4447 1725 4508 Β.,
1773 4444 2012 4508 ἄγγελος
2057 4473 2122 4481 -
2169 4443 2446 4509 ςφάκελος
2490 4462 2560 4496 ex
2607 4445 2854 4510 Theogn.
2890 4446 2982 4507 61,
3019 4447 3101 4494 29.
3186 4445 3270 4495 De

678 4511 990 4577 ἀςφοδελός
1044 4513 1225 4565 Sehol.
1271 4514 1342 4563 ad
1377 4514 1477 4565 Od.
1516 4513 1548 4565 λ
1591 4516 1713 4564 539:
1770 4512 2058 4565 ὀξυτόνως
2110 4512 2422 4578 ἀςφοδελός
2475 4512 2508 4564 6
2547 4512 2755 4577 τόπος,
2803 4511 2836 4563 6
2892 4511 3043 4576 ἔχων
3090 4510 3270 4576 ,ἀςφὸ-

678 4581 871 4645 δελον,
918 4582 1040 4646 ἥτις
1086 4580 1200 4633 ἐςτί
1254 4579 1465 4646 βοτάνη
1520 4579 1686 4644 ὁμοία
1741 4581 1934 4648 ςκίλλη
1981 4582 2051 4631 ef.
2092 4582 2332 4648 Hesyeh.
2378 4598 2421 4633 ει.
2464 4579 2529 4633 ἀς
2581 4581 2776 4633 όδελος
2824 4587 2882 4631 et
2924 4583 2988 4632 E.
3033 4581 3104 4631 M.
3150 4584 3273 4644 161,

682 4653 771 4702 12;
820 4650 1009 4701 differt
1052 4649 1275 4714 Trypho
1320 4665 1408 4715 ap.
1452 4649 1706 4700 Eustath.
1754 4652 1912 4712 1698,
1960 4653 2052 4701 28:
2100 4649 2379 4716 Τρύφων,
2429 4664 2541 4714 φας
2635 4646 2921 4716 προκρίνει
2967 4647 3274 4713 όμοτονεῖν

680 4716 880 4782 ἄμφω,
928 4716 1053 4769 ἐπεὶ
1099 4714 1368 4768 πολλάκις
1414 4716 1665 4781 όμότονα
1715 4721 1835 4770 τοῖς
1881 4716 2192 4782 περιέχουςι
2246 4717 2318 4770 τὰ
2365 4690 2758 4783 περιεχόμενα·
2814 4716 3081 4780 ςκόροδον
3125 4720 3276 4779 γοῦν

681 4785 770 4835 καὶ
829 4785 862 4836 6
917 4785 1124 4848 τόπος,
1195 4782 1257 4834 ἐν
1317 4784 1364 4850 ᾧ
1422 4785 1492 4837 τὸ
1551 4784 1737 4848 φυτὸν
1796 4787 2072 4838 πωλεῖται
2133 4787 2222 4839 καὶ
2281 4787 2424 4838 αὐτὸ
2481 4787 2552 4838 τὸ
2611 4785 2810 4851 φυτόν.
2905 4783 3115 4847 ὁμοίως
3179 4786 3276 4838 καὶ

682 4851 882 4917 κρόκος
928 4851 960 4903 6
1005 4852 1183 4904 τόπος
1229 4866 1291 4903 τε
1339 4853 1428 4905 καὶ
1473 4852 1543 4904 τὸ
1593 4852 1655 4904 ἐν
1699 4852 1859 4921 αὐτῷ
1907 4854 2179 4919 πεφυκός.
2271 4854 2510 4907 Ἀττικοὶ
2558 4853 2619 4906 δὲ
2663 4853 2819 4906 οὕτω
2864 4855 3118 4904 ποιοῠςιν
3176 4853 3277 4906 ἐπὶ
