<?xml version="1.0" encoding="UTF-8"?>
<!DOCTYPE html PUBLIC "-//W3C//DTD XHTML 1.0 Transitional//EN"
    "http://www.w3.org/TR/xhtml1/DTD/xhtml1-transitional.dtd">
<html xmlns="http://www.w3.org/1999/xhtml" xml:lang="en" lang="en">
 <head>
  <title>
</title>
<meta http-equiv="Content-Type" content="text/html;charset=utf-8" />
  <meta name='ocr-system' content='tesseract 3.04.00' />
  <meta name='ocr-capabilities' content='ocr_page ocr_carea ocr_par ocr_line ocrx_word'/>
</head>
<body>
  <div class='ocr_page' id='page_1' title='image "./grammaticigraec02unkngoog_0799.png"; bbox 0 0 3664 5546; ppageno 0'>
   <div class='ocr_carea' id='block_1_1' title="bbox 698 422 3157 497">
    <p class='ocr_par' dir='ltr' id='par_1_1' title="bbox 698 422 3157 497">
     <span class='ocr_line' id='line_1_1' title="bbox 698 422 3157 497; baseline -0.004 -13"><span class='ocrx_word' id='word_1_1' title='bbox 698 466 736 497; x_wconf 59' lang='grc' dir='ltr'><em>φ</em></span> <span class='ocrx_word' id='word_1_2' title='bbox 990 429 1413 484; x_wconf 76' lang='grc' dir='ltr'>ΠΡΟΕΩιΔΙΑΕ</span> <span class='ocrx_word' id='word_1_3' title='bbox 1450 428 1589 484; x_wconf 78' lang='grc' dir='ltr'>ΤΗ(</span> <span class='ocrx_word' id='word_1_4' title='bbox 1630 429 1813 483; x_wconf 88' lang='grc' dir='ltr'>ΚΑΤΑ</span> <span class='ocrx_word' id='word_1_5' title='bbox 1854 427 2211 482; x_wconf 79' lang='grc' dir='ltr'>(ΥΝΤΑΞΙΝ</span> <span class='ocrx_word' id='word_1_6' title='bbox 2251 425 2391 478; x_wconf 85' lang='grc' dir='ltr'>ΤΩΝ</span> <span class='ocrx_word' id='word_1_7' title='bbox 2431 424 2717 479; x_wconf 87' lang='grc' dir='ltr'>ΛΕΞΕΩΝ.</span> <span class='ocrx_word' id='word_1_8' title='bbox 3029 422 3157 487; x_wconf 82' lang='grc'>553</span> 
     </span>
    </p>
   </div>
   <div class='ocr_carea' id='block_1_2' title="bbox 569 594 3334 2707">
    <p class='ocr_par' dir='ltr' id='par_1_2' title="bbox 573 594 3141 768">
     <span class='ocr_line' id='line_1_2' title="bbox 573 594 3141 683; baseline -0.003 -18"><span class='ocrx_word' id='word_1_9' title='bbox 573 602 651 683; x_wconf 95' lang='grc' dir='ltr'>(Α</span> <span class='ocrx_word' id='word_1_10' title='bbox 695 599 875 682; x_wconf 65' lang='grc'>299),</span> <span class='ocrx_word' id='word_1_11' title='bbox 951 601 1069 664; x_wconf 90' lang='grc' dir='ltr'>τόν</span> <span class='ocrx_word' id='word_1_12' title='bbox 1124 601 1195 663; x_wconf 77' lang='grc' dir='ltr'>δὲ</span> <span class='ocrx_word' id='word_1_13' title='bbox 1251 600 1408 664; x_wconf 88' lang='grc' dir='ltr'>κατὰ</span> <span class='ocrx_word' id='word_1_14' title='bbox 1463 600 1652 679; x_wconf 91' lang='grc' dir='ltr'>φύςιν</span> <span class='ocrx_word' id='word_1_15' title='bbox 1696 600 1894 665; x_wconf 86' lang='grc' dir='ltr'>τόνον</span> <span class='ocrx_word' id='word_1_16' title='bbox 1959 596 2196 674; x_wconf 83' lang='grc' dir='ltr'>ἔχοντα</span> <span class='ocrx_word' id='word_1_17' title='bbox 2259 596 2609 675; x_wconf 88' lang='grc' dir='ltr'>πυςματικὰ</span> <span class='ocrx_word' id='word_1_18' title='bbox 2670 595 2984 670; x_wconf 89' lang='grc' dir='ltr'>γίνονται·</span> <span class='ocrx_word' id='word_1_19' title='bbox 3049 594 3141 657; x_wconf 87' lang='grc' dir='ltr'>τίς</span> 
     </span>
     <span class='ocr_line' id='line_1_3' title="bbox 574 701 1113 768; baseline -0.006 -1"><span class='ocrx_word' id='word_1_20' title='bbox 574 704 751 767; x_wconf 91' lang='grc' dir='ltr'>τίνος</span> <span class='ocrx_word' id='word_1_21' title='bbox 793 702 913 768; x_wconf 94' lang='grc' dir='ltr'>τίνι</span> <span class='ocrx_word' id='word_1_22' title='bbox 957 701 1113 765; x_wconf 88' lang='grc' dir='ltr'>τίνα.</span> 
     </span>
    </p>

    <p class='ocr_par' dir='ltr' id='par_1_3' title="bbox 569 796 3334 1798">
     <span class='ocr_line' id='line_1_4' title="bbox 749 796 3158 881; baseline -0.003 -13"><span class='ocrx_word' id='word_1_23' title='bbox 749 803 851 868; x_wconf 80' lang='grc' dir='ltr'>Ἐν</span> <span class='ocrx_word' id='word_1_24' title='bbox 896 803 968 867; x_wconf 76' lang='grc' dir='ltr'>δὲ</span> <span class='ocrx_word' id='word_1_25' title='bbox 1013 801 1275 881; x_wconf 85' lang='grc' dir='ltr'>ῥήμαςιν</span> <span class='ocrx_word' id='word_1_26' title='bbox 1321 802 1669 877; x_wconf 86' lang='grc' dir='ltr'>ἐγκλίνεται</span> <span class='ocrx_word' id='word_1_27' title='bbox 1725 803 1802 866; x_wconf 84' lang='grc' dir='ltr'>τὸ</span> <span class='ocrx_word' id='word_1_28' title='bbox 1857 801 2016 880; x_wconf 90' lang='grc' dir='ltr'>φημί</span> <span class='ocrx_word' id='word_1_29' title='bbox 2059 802 2163 864; x_wconf 87' lang='grc' dir='ltr'>καὶ</span> <span class='ocrx_word' id='word_1_30' title='bbox 2204 802 2280 864; x_wconf 90' lang='grc' dir='ltr'>τὸ</span> <span class='ocrx_word' id='word_1_31' title='bbox 2325 799 2473 879; x_wconf 88' lang='grc' dir='ltr'>εἰμί·</span> <span class='ocrx_word' id='word_1_32' title='bbox 2531 799 2765 864; x_wconf 84' lang='grc' dir='ltr'>«πεζὸς</span> <span class='ocrx_word' id='word_1_33' title='bbox 2810 798 2877 861; x_wconf 80' lang='grc' dir='ltr'>δ’</span> <span class='ocrx_word' id='word_1_34' title='bbox 2930 796 3158 862; x_wconf 81' lang='grc' dir='ltr'>ἕνδεκά</span> 
     </span>
     <span class='ocr_line' id='line_1_5' title="bbox 570 899 3158 997; baseline -0.002 -29"><span class='ocrx_word' id='word_1_35' title='bbox 570 926 771 984; x_wconf 82' lang='grc' dir='ltr'>φημι»</span> <span class='ocrx_word' id='word_1_36' title='bbox 818 905 863 985; x_wconf 92' lang='grc' dir='ltr'>(Ι</span> <span class='ocrx_word' id='word_1_37' title='bbox 910 901 1066 983; x_wconf 87' lang='grc'>329)</span> <span class='ocrx_word' id='word_1_38' title='bbox 1113 902 1378 967; x_wconf 85' lang='grc' dir='ltr'>«τόςςον</span> <span class='ocrx_word' id='word_1_39' title='bbox 1433 904 1562 978; x_wconf 82' lang='grc' dir='ltr'>ἐγώ</span> <span class='ocrx_word' id='word_1_40' title='bbox 1618 923 1818 981; x_wconf 84' lang='grc' dir='ltr'>φημι»</span> <span class='ocrx_word' id='word_1_41' title='bbox 1866 904 1943 984; x_wconf 89' lang='grc' dir='ltr'>(Β</span> <span class='ocrx_word' id='word_1_42' title='bbox 1993 900 2158 982; x_wconf 88' lang='grc'>129).</span> <span class='ocrx_word' id='word_1_43' title='bbox 2244 901 2483 965; x_wconf 90' lang='grc' dir='ltr'>τούτου</span> <span class='ocrx_word' id='word_1_44' title='bbox 2537 900 2611 964; x_wconf 89' lang='grc' dir='ltr'>τὸ</span> <span class='ocrx_word' id='word_1_45' title='bbox 2670 899 2975 977; x_wconf 79' lang='grc' dir='ltr'>δεύτερον</span> <span class='ocrx_word' id='word_1_46' title='bbox 3028 901 3158 997; x_wconf 85' lang='grc' dir='ltr'>φῄς</span> 
     </span>
     <span class='ocr_line' id='line_1_6' title="bbox 570 998 3215 1083; baseline -0.003 -13"><span class='ocrx_word' id='word_1_47' title='bbox 570 1006 965 1080; x_wconf 85' lang='grc' dir='ltr'>ἀνέγκλιτον.</span> <span class='ocrx_word' id='word_1_48' title='bbox 1049 1004 1125 1068; x_wconf 88' lang='grc' dir='ltr'>τὸ</span> <span class='ocrx_word' id='word_1_49' title='bbox 1180 1006 1251 1067; x_wconf 79' lang='grc' dir='ltr'>δὲ</span> <span class='ocrx_word' id='word_1_50' title='bbox 1305 1005 1522 1083; x_wconf 90' lang='grc' dir='ltr'>τρίτον</span> <span class='ocrx_word' id='word_1_51' title='bbox 1580 1004 1927 1080; x_wconf 87' lang='grc' dir='ltr'>ἐγκλίνεται</span> <span class='ocrx_word' id='word_1_52' title='bbox 1984 1001 2081 1067; x_wconf 78' lang='grc' dir='ltr'>«τί</span> <span class='ocrx_word' id='word_1_53' title='bbox 2131 998 2330 1082; x_wconf 80' lang='grc' dir='ltr'>’φηςιν</span> <span class='ocrx_word' id='word_1_54' title='bbox 2386 1000 2648 1076; x_wconf 81' lang='grc' dir='ltr'>οὗτος»;</span> <span class='ocrx_word' id='word_1_55' title='bbox 2705 1000 2841 1065; x_wconf 78' lang='grc' dir='ltr'>ἑςθ’</span> <span class='ocrx_word' id='word_1_56' title='bbox 2899 1000 3008 1064; x_wconf 86' lang='grc' dir='ltr'>ὅτε</span> <span class='ocrx_word' id='word_1_57' title='bbox 3053 1002 3157 1064; x_wconf 88' lang='grc' dir='ltr'>καὶ</span> <span class='ocrx_word' id='word_1_58' title='bbox 3184 1007 3215 1057; x_wconf 88' lang='grc'><strong>5</strong></span> 
     </span>
     <span class='ocr_line' id='line_1_7' title="bbox 569 1102 3161 1184; baseline -0.002 -13"><span class='ocrx_word' id='word_1_59' title='bbox 569 1108 650 1171; x_wconf 87' lang='grc' dir='ltr'>τὰ</span> <span class='ocrx_word' id='word_1_60' title='bbox 703 1105 1094 1184; x_wconf 75' lang='grc' dir='ltr'>πληθύντικά</span> <span class='ocrx_word' id='word_1_61' title='bbox 1150 1105 1548 1180; x_wconf 84' lang='grc' dir='ltr'>ἐγκλίνονται</span> <span class='ocrx_word' id='word_1_62' title='bbox 1608 1105 1860 1169; x_wconf 78' lang='grc' dir='ltr'>«ἐκεῖνό</span> <span class='ocrx_word' id='word_1_63' title='bbox 1914 1124 2125 1183; x_wconf 88' lang='grc' dir='ltr'>φαμεν</span> <span class='ocrx_word' id='word_1_64' title='bbox 2184 1105 2223 1182; x_wconf 86' lang='grc' dir='ltr'>ἢ</span> <span class='ocrx_word' id='word_1_65' title='bbox 2279 1123 2443 1183; x_wconf 90' lang='grc' dir='ltr'>φατε</span> <span class='ocrx_word' id='word_1_66' title='bbox 2493 1104 2532 1181; x_wconf 81' lang='grc' dir='ltr'>ἢ</span> <span class='ocrx_word' id='word_1_67' title='bbox 2579 1122 2832 1182; x_wconf 78' lang='grc' dir='ltr'>φαςιν».</span> <span class='ocrx_word' id='word_1_68' title='bbox 2918 1102 3012 1166; x_wconf 88' lang='grc' dir='ltr'>ἔτι</span> <span class='ocrx_word' id='word_1_69' title='bbox 3055 1102 3161 1165; x_wconf 88' lang='grc' dir='ltr'>καὶ</span> 
     </span>
     <span class='ocr_line' id='line_1_8' title="bbox 571 1203 3160 1288; baseline -0.003 -16"><span class='ocrx_word' id='word_1_70' title='bbox 571 1209 646 1273; x_wconf 88' lang='grc' dir='ltr'>τὸ</span> <span class='ocrx_word' id='word_1_71' title='bbox 692 1206 813 1288; x_wconf 84' lang='grc' dir='ltr'>εἰμί</span> <span class='ocrx_word' id='word_1_72' title='bbox 857 1207 1059 1272; x_wconf 85' lang='grc' dir='ltr'>«Διὸς</span> <span class='ocrx_word' id='word_1_73' title='bbox 1104 1208 1175 1272; x_wconf 84' lang='grc' dir='ltr'>δέ</span> <span class='ocrx_word' id='word_1_74' title='bbox 1217 1228 1317 1272; x_wconf 87' lang='grc' dir='ltr'>τοι</span> <span class='ocrx_word' id='word_1_75' title='bbox 1363 1206 1636 1284; x_wconf 84' lang='grc' dir='ltr'>ἄγγελός</span> <span class='ocrx_word' id='word_1_76' title='bbox 1680 1206 1842 1285; x_wconf 85' lang='grc' dir='ltr'>εἰμι»</span> <span class='ocrx_word' id='word_1_77' title='bbox 1898 1206 1976 1287; x_wconf 92' lang='grc' dir='ltr'>(Β</span> <span class='ocrx_word' id='word_1_78' title='bbox 2004 1204 2130 1285; x_wconf 90' lang='grc'>26).</span> <span class='ocrx_word' id='word_1_79' title='bbox 2216 1205 2292 1269; x_wconf 88' lang='grc' dir='ltr'>τὸ</span> <span class='ocrx_word' id='word_1_80' title='bbox 2338 1207 2410 1269; x_wconf 76' lang='grc' dir='ltr'>δὲ</span> <span class='ocrx_word' id='word_1_81' title='bbox 2455 1203 2516 1269; x_wconf 84' lang='grc' dir='ltr'>εἶ</span> <span class='ocrx_word' id='word_1_82' title='bbox 2558 1203 2966 1285; x_wconf 82' lang='grc' dir='ltr'>ἀνέγκλιτον,</span> <span class='ocrx_word' id='word_1_83' title='bbox 3010 1208 3160 1266; x_wconf 68' lang='grc' dir='ltr'>καθ·</span> 
     </span>
     <span class='ocr_line' id='line_1_9' title="bbox 572 1303 3158 1387; baseline -0.002 -14"><span class='ocrx_word' id='word_1_84' title='bbox 572 1310 669 1373; x_wconf 90' lang='grc' dir='ltr'>ότι</span> <span class='ocrx_word' id='word_1_85' title='bbox 715 1309 795 1374; x_wconf 86' lang='grc' dir='ltr'>οὐ</span> <span class='ocrx_word' id='word_1_86' title='bbox 840 1313 971 1373; x_wconf 87' lang='grc' dir='ltr'>τῶν</span> <span class='ocrx_word' id='word_1_87' title='bbox 1002 1308 1090 1372; x_wconf 85' lang='grc' dir='ltr'>εἰς</span> <span class='ocrx_word' id='word_1_88' title='bbox 1131 1313 1199 1387; x_wconf 62' lang='lat' dir='ltr'>ist</span> <span class='ocrx_word' id='word_1_89' title='bbox 1242 1309 1381 1373; x_wconf 84' lang='grc' dir='ltr'>ἐςτί.</span> <span class='ocrx_word' id='word_1_90' title='bbox 1446 1309 1522 1372; x_wconf 87' lang='grc' dir='ltr'>τὸ</span> <span class='ocrx_word' id='word_1_91' title='bbox 1557 1309 1629 1371; x_wconf 81' lang='grc' dir='ltr'>δὲ</span> <span class='ocrx_word' id='word_1_92' title='bbox 1663 1307 1754 1372; x_wconf 83' lang='grc' dir='ltr'>εἷς</span> <span class='ocrx_word' id='word_1_93' title='bbox 1784 1307 2136 1382; x_wconf 84' lang='grc' dir='ltr'>ἐγκλιτικὸν</span> <span class='ocrx_word' id='word_1_94' title='bbox 2179 1304 2323 1370; x_wconf 83' lang='grc' dir='ltr'>οἷον</span> <span class='ocrx_word' id='word_1_95' title='bbox 2360 1305 2664 1384; x_wconf 81' lang='grc' dir='ltr'>«αἵματός</span> <span class='ocrx_word' id='word_1_96' title='bbox 2708 1304 2796 1370; x_wconf 82' lang='grc' dir='ltr'>εἰς</span> <span class='ocrx_word' id='word_1_97' title='bbox 2840 1303 3158 1380; x_wconf 81' lang='grc' dir='ltr'>ἀγαθοῖο»</span> 
     </span>
     <span class='ocr_line' id='line_1_10' title="bbox 572 1400 3292 1490; baseline -0.001 -19"><span class='ocrx_word' id='word_1_98' title='bbox 572 1409 665 1490; x_wconf 92' lang='grc' dir='ltr'>(Δ</span> <span class='ocrx_word' id='word_1_99' title='bbox 710 1408 881 1489; x_wconf 90' lang='grc'>611).</span> <span class='ocrx_word' id='word_1_100' title='bbox 968 1411 1071 1473; x_wconf 84' lang='grc' dir='ltr'>καὶ</span> <span class='ocrx_word' id='word_1_101' title='bbox 1129 1408 1250 1474; x_wconf 82' lang='grc' dir='ltr'>ἐςςί</span> <span class='ocrx_word' id='word_1_102' title='bbox 1305 1411 1610 1487; x_wconf 84' lang='grc' dir='ltr'>δεύτερον</span> <span class='ocrx_word' id='word_1_103' title='bbox 1655 1408 1869 1487; x_wconf 79' lang='grc' dir='ltr'>ἑνικρν</span> <span class='ocrx_word' id='word_1_104' title='bbox 1924 1408 2274 1483; x_wconf 83' lang='grc' dir='ltr'>ἑγκλίνεται</span> <span class='ocrx_word' id='word_1_105' title='bbox 2337 1400 2658 1485; x_wconf 81' lang='grc' dir='ltr'>«ςχὲτλιός</span> <span class='ocrx_word' id='word_1_106' title='bbox 2723 1407 2854 1471; x_wconf 84' lang='grc' dir='ltr'>ἐςςι</span> <span class='ocrx_word' id='word_1_107' title='bbox 2900 1405 3156 1484; x_wconf 72' lang='grc' dir='ltr'>γεραιέ»</span> <span class='ocrx_word' id='word_1_108' title='bbox 3285 1480 3292 1487; x_wconf 29' lang='lat'>⁵</span> 
     </span>
     <span class='ocr_line' id='line_1_11' title="bbox 572 1506 3334 1593; baseline -0.001 -19"><span class='ocrx_word' id='word_1_109' title='bbox 572 1510 649 1591; x_wconf 91' lang='grc' dir='ltr'>(Κ</span> <span class='ocrx_word' id='word_1_110' title='bbox 698 1510 865 1593; x_wconf 87' lang='grc'>164).</span> <span class='ocrx_word' id='word_1_111' title='bbox 952 1510 1029 1574; x_wconf 89' lang='grc' dir='ltr'>τὸ</span> <span class='ocrx_word' id='word_1_112' title='bbox 1074 1510 1242 1574; x_wconf 86' lang='grc' dir='ltr'>ἔςτιν</span> <span class='ocrx_word' id='word_1_113' title='bbox 1296 1512 1480 1589; x_wconf 83' lang='grc' dir='ltr'>ἡνίκα</span> <span class='ocrx_word' id='word_1_114' title='bbox 1524 1510 1783 1589; x_wconf 85' lang='grc' dir='ltr'>ἄρχεται</span> <span class='ocrx_word' id='word_1_115' title='bbox 1819 1510 2018 1584; x_wconf 87' lang='grc' dir='ltr'>λόγου</span> <span class='ocrx_word' id='word_1_116' title='bbox 2061 1509 2100 1586; x_wconf 83' lang='grc' dir='ltr'>ἣ</span> <span class='ocrx_word' id='word_1_117' title='bbox 2147 1508 2255 1572; x_wconf 90' lang='grc' dir='ltr'>ὅτε</span> <span class='ocrx_word' id='word_1_118' title='bbox 2299 1507 2715 1573; x_wconf 83' lang='grc' dir='ltr'>ὑποτάςςεται</span> <span class='ocrx_word' id='word_1_119' title='bbox 2754 1514 2830 1593; x_wconf 85' lang='grc' dir='ltr'>τῇ</span> <span class='ocrx_word' id='word_1_120' title='bbox 2875 1507 2954 1572; x_wconf 84' lang='grc' dir='ltr'>οὔ</span> <span class='ocrx_word' id='word_1_121' title='bbox 2999 1506 3159 1572; x_wconf 86' lang='grc' dir='ltr'>ἀπο·</span> <span class='ocrx_word' id='word_1_122' title='bbox 3201 1511 3265 1562; x_wconf 86' lang='lat'>10</span> <span class='ocrx_word' id='word_1_123' title='bbox 3323 1534 3334 1543; x_wconf 35' lang='grc' dir='ltr'>ι</span> 
     </span>
     <span class='ocr_line' id='line_1_12' title="bbox 572 1608 3150 1704; baseline -0.001 -29"><span class='ocrx_word' id='word_1_124' title='bbox 572 1612 759 1690; x_wconf 88' lang='grc' dir='ltr'>φάςει</span> <span class='ocrx_word' id='word_1_125' title='bbox 805 1612 842 1689; x_wconf 83' lang='grc' dir='ltr'>ἢ</span> <span class='ocrx_word' id='word_1_126' title='bbox 886 1617 979 1694; x_wconf 87' lang='grc' dir='ltr'>τῷ</span> <span class='ocrx_word' id='word_1_127' title='bbox 1024 1611 1125 1675; x_wconf 88' lang='grc' dir='ltr'>καί</span> <span class='ocrx_word' id='word_1_128' title='bbox 1166 1612 1206 1689; x_wconf 84' lang='grc' dir='ltr'>ἢ</span> <span class='ocrx_word' id='word_1_129' title='bbox 1252 1611 1311 1675; x_wconf 84' lang='grc' dir='ltr'>εἴ</span> <span class='ocrx_word' id='word_1_130' title='bbox 1352 1612 1390 1689; x_wconf 83' lang='grc' dir='ltr'>ἢ</span> <span class='ocrx_word' id='word_1_131' title='bbox 1416 1609 1602 1704; x_wconf 34' lang='grc' dir='ltr'>,ἀλλά</span> <span class='ocrx_word' id='word_1_132' title='bbox 1633 1611 1954 1693; x_wconf 82' lang='grc' dir='ltr'>ςυνδέςμψ</span> <span class='ocrx_word' id='word_1_133' title='bbox 1999 1611 2036 1688; x_wconf 83' lang='grc' dir='ltr'>ἢ</span> <span class='ocrx_word' id='word_1_134' title='bbox 2069 1616 2161 1695; x_wconf 83' lang='grc' dir='ltr'>τῷ</span> <span class='ocrx_word' id='word_1_135' title='bbox 2206 1608 2296 1673; x_wconf 82' lang='grc' dir='ltr'>ὡς</span> <span class='ocrx_word' id='word_1_136' title='bbox 2328 1610 2698 1687; x_wconf 83' lang='grc' dir='ltr'>ἐπιρρήματι</span> <span class='ocrx_word' id='word_1_137' title='bbox 2743 1611 2781 1687; x_wconf 83' lang='grc' dir='ltr'>ἢ</span> <span class='ocrx_word' id='word_1_138' title='bbox 2811 1615 2904 1693; x_wconf 85' lang='grc' dir='ltr'>τῷ</span> <span class='ocrx_word' id='word_1_139' title='bbox 2932 1612 3150 1690; x_wconf 84' lang='grc' dir='ltr'>τοῦτο,</span> 
     </span>
     <span class='ocr_line' id='line_1_13' title="bbox 571 1708 2091 1798; baseline -0.001 -21"><span class='ocrx_word' id='word_1_140' title='bbox 571 1716 913 1791; x_wconf 84' lang='grc' dir='ltr'>τηνικαῦτα</span> <span class='ocrx_word' id='word_1_141' title='bbox 956 1713 1073 1789; x_wconf 89' lang='grc' dir='ltr'>τὴν</span> <span class='ocrx_word' id='word_1_142' title='bbox 1119 1712 1333 1778; x_wconf 86' lang='grc' dir='ltr'>ὀξεῖαν</span> <span class='ocrx_word' id='word_1_143' title='bbox 1378 1712 1510 1791; x_wconf 85' lang='grc' dir='ltr'>ἔχει</span> <span class='ocrx_word' id='word_1_144' title='bbox 1555 1712 1659 1776; x_wconf 83' lang='grc' dir='ltr'>ἐπὶ</span> <span class='ocrx_word' id='word_1_145' title='bbox 1701 1716 1820 1776; x_wconf 86' lang='grc' dir='ltr'>τοῦ</span> <span class='ocrx_word' id='word_1_146' title='bbox 1862 1714 1897 1775; x_wconf 78' lang='grc' dir='ltr'>ἒ</span> <span class='ocrx_word' id='word_1_147' title='bbox 1947 1708 2091 1798; x_wconf 77' lang='grc' dir='ltr'>οἷον</span> 
     </span>
    </p>

    <p class='ocr_par' dir='ltr' id='par_1_4' title="bbox 573 1810 3262 2707">
     <span class='ocr_line' id='line_1_14' title="bbox 876 1810 2807 1897; baseline -0.003 -20"><span class='ocrx_word' id='word_1_148' title='bbox 876 1811 1002 1877; x_wconf 86' lang='grc' dir='ltr'>ἔςτι</span> <span class='ocrx_word' id='word_1_149' title='bbox 1046 1813 1234 1878; x_wconf 90' lang='grc' dir='ltr'>πόλις</span> <span class='ocrx_word' id='word_1_150' title='bbox 1278 1813 1514 1892; x_wconf 83' lang='grc' dir='ltr'>Ἐφύρη</span> <span class='ocrx_word' id='word_1_151' title='bbox 1559 1820 1739 1897; x_wconf 86' lang='grc' dir='ltr'>μυχῷ</span> <span class='ocrx_word' id='word_1_152' title='bbox 1780 1814 2049 1890; x_wconf 86' lang='grc' dir='ltr'>Ἄργεος</span> <span class='ocrx_word' id='word_1_153' title='bbox 2091 1811 2475 1890; x_wconf 86' lang='grc' dir='ltr'>ἱπποβότοιο</span> <span class='ocrx_word' id='word_1_154' title='bbox 2523 1810 2607 1895; x_wconf 91' lang='grc' dir='ltr'>(Ζ</span> <span class='ocrx_word' id='word_1_155' title='bbox 2657 1811 2807 1895; x_wconf 84' lang='grc'>152)</span> 
     </span>
     <span class='ocr_line' id='line_1_15' title="bbox 802 1911 2725 1999; baseline -0.002 -22"><span class='ocrx_word' id='word_1_156' title='bbox 802 1986 821 1999; x_wconf 24' lang='lat' dir='ltr'>s</span> <span class='ocrx_word' id='word_1_157' title='bbox 878 1912 996 1977; x_wconf 87' lang='grc' dir='ltr'>οὐκ</span> <span class='ocrx_word' id='word_1_158' title='bbox 1040 1913 1173 1978; x_wconf 80' lang='grc' dir='ltr'>ἔςτ’</span> <span class='ocrx_word' id='word_1_159' title='bbox 1218 1914 1373 1978; x_wconf 85' lang='grc' dir='ltr'>οὐδὲ</span> <span class='ocrx_word' id='word_1_160' title='bbox 1418 1915 1587 1979; x_wconf 85' lang='grc' dir='ltr'>ἔοικε</span> <span class='ocrx_word' id='word_1_161' title='bbox 1631 1915 1782 1978; x_wconf 88' lang='grc' dir='ltr'>τεὸν</span> <span class='ocrx_word' id='word_1_162' title='bbox 1826 1913 1986 1977; x_wconf 85' lang='grc' dir='ltr'>ἔπος</span> <span class='ocrx_word' id='word_1_163' title='bbox 2031 1912 2411 1992; x_wconf 90' lang='grc' dir='ltr'>ἀρνήςαςθαι</span> <span class='ocrx_word' id='word_1_164' title='bbox 2459 1911 2525 1993; x_wconf 92' lang='grc' dir='ltr'>(θ</span> <span class='ocrx_word' id='word_1_165' title='bbox 2568 1911 2725 1995; x_wconf 82' lang='lat'>357)</span> 
     </span>
     <span class='ocr_line' id='line_1_16' title="bbox 578 2013 3261 2097; baseline -0.001 -17"><span class='ocrx_word' id='word_1_166' title='bbox 578 2016 715 2080; x_wconf 83' lang='grc' dir='ltr'>«ὡς</span> <span class='ocrx_word' id='word_1_167' title='bbox 761 2015 887 2079; x_wconf 81' lang='grc' dir='ltr'>ἔςτι</span> <span class='ocrx_word' id='word_1_168' title='bbox 950 2016 1147 2079; x_wconf 86' lang='grc' dir='ltr'>κακὸν</span> <span class='ocrx_word' id='word_1_169' title='bbox 1188 2014 1451 2097; x_wconf 87' lang='grc' dir='ltr'>ἀμαθία,</span> <span class='ocrx_word' id='word_1_170' title='bbox 1498 2016 1553 2078; x_wconf 84' lang='grc' dir='ltr'>εἰ</span> <span class='ocrx_word' id='word_1_171' title='bbox 1593 2015 1773 2095; x_wconf 58' lang='grc' dir='ltr'>ἔςτινζ</span> <span class='ocrx_word' id='word_1_172' title='bbox 1804 2014 2043 2096; x_wconf 83' lang='grc' dir='ltr'>οὕτως,</span> <span class='ocrx_word' id='word_1_173' title='bbox 2088 2013 2229 2077; x_wconf 82' lang='grc' dir='ltr'>ἀλλ’</span> <span class='ocrx_word' id='word_1_174' title='bbox 2270 2013 2434 2078; x_wconf 86' lang='grc' dir='ltr'>ἔςτιν</span> <span class='ocrx_word' id='word_1_175' title='bbox 2477 2013 2711 2090; x_wconf 89' lang='grc' dir='ltr'>εἰπεῖν,</span> <span class='ocrx_word' id='word_1_176' title='bbox 2755 2015 2939 2078; x_wconf 81' lang='grc' dir='ltr'>τοῦτ’</span> <span class='ocrx_word' id='word_1_177' title='bbox 2993 2014 3161 2078; x_wconf 81' lang='grc' dir='ltr'>ἔςτιν</span> <span class='ocrx_word' id='word_1_178' title='bbox 3204 2018 3261 2069; x_wconf 88' lang='grc'>15</span> 
     </span>
     <span class='ocr_line' id='line_1_17' title="bbox 573 2115 3160 2199; baseline -0.002 -17"><span class='ocrx_word' id='word_1_179' title='bbox 573 2118 905 2196; x_wconf 85' lang='grc' dir='ltr'>ἁμάρτημα</span> <span class='ocrx_word' id='word_1_180' title='bbox 920 2140 965 2180; x_wconf 78' lang='lat'>».</span> <span class='ocrx_word' id='word_1_181' title='bbox 1053 2115 1168 2179; x_wconf 84' lang='grc' dir='ltr'>ἐὰν</span> <span class='ocrx_word' id='word_1_182' title='bbox 1222 2117 1294 2180; x_wconf 80' lang='grc' dir='ltr'>δὲ</span> <span class='ocrx_word' id='word_1_183' title='bbox 1340 2117 1757 2194; x_wconf 86' lang='grc' dir='ltr'>ὑποτάςςηται</span> <span class='ocrx_word' id='word_1_184' title='bbox 1803 2116 2091 2199; x_wconf 84' lang='grc' dir='ltr'>ὀξυτόνῳ</span> <span class='ocrx_word' id='word_1_185' title='bbox 2137 2116 2298 2182; x_wconf 85' lang='grc' dir='ltr'>λέξει</span> <span class='ocrx_word' id='word_1_186' title='bbox 2343 2115 2381 2192; x_wconf 83' lang='grc' dir='ltr'>ἢ</span> <span class='ocrx_word' id='word_1_187' title='bbox 2404 2116 2900 2198; x_wconf 86' lang='grc' dir='ltr'>’περιςπωμένῃ,</span> <span class='ocrx_word' id='word_1_188' title='bbox 2958 2115 3160 2190; x_wconf 80' lang='grc' dir='ltr'>ἐγκλί-</span> 
     </span>
     <span class='ocr_line' id='line_1_18' title="bbox 575 2211 3160 2300; baseline -0.002 -16"><span class='ocrx_word' id='word_1_189' title='bbox 575 2239 748 2284; x_wconf 89' lang='grc' dir='ltr'>νεται</span> <span class='ocrx_word' id='word_1_190' title='bbox 806 2216 951 2283; x_wconf 90' lang='grc' dir='ltr'>οἷον</span> <span class='ocrx_word' id='word_1_191' title='bbox 1011 2218 1244 2282; x_wconf 84' lang='grc' dir='ltr'>«καλός</span> <span class='ocrx_word' id='word_1_192' title='bbox 1298 2217 1492 2300; x_wconf 80' lang='grc' dir='ltr'>ἐςτιν,</span> <span class='ocrx_word' id='word_1_193' title='bbox 1547 2218 1769 2297; x_wconf 82' lang='grc' dir='ltr'>Ἑρμῆς</span> <span class='ocrx_word' id='word_1_194' title='bbox 1825 2217 2066 2297; x_wconf 78' lang='grc' dir='ltr'>ἐςτιν»,</span> <span class='ocrx_word' id='word_1_195' title='bbox 2133 2216 2171 2292; x_wconf 84' lang='grc' dir='ltr'>ἢ</span> <span class='ocrx_word' id='word_1_196' title='bbox 2238 2211 2518 2297; x_wconf 75' lang='grc' dir='ltr'>τροχαίῳ</span> <span class='ocrx_word' id='word_1_197' title='bbox 2576 2217 2657 2295; x_wconf 89' lang='grc' dir='ltr'>μὴ</span> <span class='ocrx_word' id='word_1_198' title='bbox 2717 2215 3160 2299; x_wconf 83' lang='grc' dir='ltr'>παροξυτόνῳ,</span> 
     </span>
     <span class='ocr_line' id='line_1_19' title="bbox 574 2316 3158 2400; baseline -0.002 -15"><span class='ocrx_word' id='word_1_199' title='bbox 574 2320 740 2384; x_wconf 86' lang='grc' dir='ltr'>ἀλλὰ</span> <span class='ocrx_word' id='word_1_200' title='bbox 784 2318 1376 2400; x_wconf 83' lang='grc' dir='ltr'>προπεριςπωμένῳ</span> <span class='ocrx_word' id='word_1_201' title='bbox 1421 2317 1565 2382; x_wconf 83' lang='grc' dir='ltr'>οἷον</span> <span class='ocrx_word' id='word_1_202' title='bbox 1614 2317 1832 2381; x_wconf 75' lang='grc' dir='ltr'>«οἶκός</span> <span class='ocrx_word' id='word_1_203' title='bbox 1878 2316 2031 2397; x_wconf 85' lang='grc' dir='ltr'>ἐςτι,</span> <span class='ocrx_word' id='word_1_204' title='bbox 2091 2316 2288 2395; x_wconf 81' lang='grc' dir='ltr'>δῆμός</span> <span class='ocrx_word' id='word_1_205' title='bbox 2343 2317 2525 2380; x_wconf 84' lang='grc' dir='ltr'>ἑςτι».</span> <span class='ocrx_word' id='word_1_206' title='bbox 2614 2320 2714 2380; x_wconf 81' lang='grc' dir='ltr'>δεῖ</span> <span class='ocrx_word' id='word_1_207' title='bbox 2766 2320 3158 2397; x_wconf 88' lang='grc' dir='ltr'>προςθεῖναι,</span> 
     </span>
     <span class='ocr_line' id='line_1_20' title="bbox 574 2408 3159 2500; baseline -0.002 -16"><span class='ocrx_word' id='word_1_208' title='bbox 574 2408 628 2484; x_wconf 83' lang='grc' dir='ltr'>εἰ</span> <span class='ocrx_word' id='word_1_209' title='bbox 672 2416 753 2500; x_wconf 86' lang='grc' dir='ltr'>μὴ</span> <span class='ocrx_word' id='word_1_210' title='bbox 799 2419 938 2496; x_wconf 84' lang='grc' dir='ltr'>ἔχοι</span> <span class='ocrx_word' id='word_1_211' title='bbox 983 2420 1098 2494; x_wconf 90' lang='grc' dir='ltr'>τὴν</span> <span class='ocrx_word' id='word_1_212' title='bbox 1141 2418 1508 2481; x_wconf 86' lang='grc' dir='ltr'>τελευταίαν</span> <span class='ocrx_word' id='word_1_213' title='bbox 1555 2419 1873 2496; x_wconf 85' lang='grc' dir='ltr'>ςυλλαβὴν</span> <span class='ocrx_word' id='word_1_214' title='bbox 1918 2418 1954 2480; x_wconf 89' lang='grc' dir='ltr'>ὁ</span> <span class='ocrx_word' id='word_1_215' title='bbox 2009 2420 2313 2495; x_wconf 84' lang='grc' dir='ltr'>τροχαῖος</span> <span class='ocrx_word' id='word_1_216' title='bbox 2355 2418 2517 2481; x_wconf 86' lang='grc' dir='ltr'>θέςει</span> <span class='ocrx_word' id='word_1_217' title='bbox 2562 2417 2852 2500; x_wconf 74' lang='grc' dir='ltr'>μακράν,</span> <span class='ocrx_word' id='word_1_218' title='bbox 2896 2416 2986 2480; x_wconf 82' lang='grc' dir='ltr'>ὡς</span> <span class='ocrx_word' id='word_1_219' title='bbox 3030 2417 3159 2494; x_wconf 87' lang='grc' dir='ltr'>ἔχει</span> 
     </span>
     <span class='ocr_line' id='line_1_21' title="bbox 574 2506 3262 2598; baseline -0.001 -16"><span class='ocrx_word' id='word_1_220' title='bbox 574 2522 650 2583; x_wconf 87' lang='grc' dir='ltr'>τὸ</span> <span class='ocrx_word' id='word_1_221' title='bbox 699 2522 957 2598; x_wconf 81' lang='grc' dir='ltr'>«φοῖνιξ</span> <span class='ocrx_word' id='word_1_222' title='bbox 1003 2518 1156 2598; x_wconf 88' lang='grc' dir='ltr'>ἐςτί,</span> <span class='ocrx_word' id='word_1_223' title='bbox 1202 2521 1392 2595; x_wconf 87' lang='grc' dir='ltr'>κῆρυξ</span> <span class='ocrx_word' id='word_1_224' title='bbox 1438 2518 1621 2581; x_wconf 79' lang='grc' dir='ltr'>ἑςτί».</span> <span class='ocrx_word' id='word_1_225' title='bbox 1710 2518 1815 2582; x_wconf 79' lang='grc' dir='ltr'>διὰ</span> <span class='ocrx_word' id='word_1_226' title='bbox 1858 2518 1980 2596; x_wconf 87' lang='grc' dir='ltr'>γὰρ</span> <span class='ocrx_word' id='word_1_227' title='bbox 2025 2521 2141 2597; x_wconf 87' lang='grc' dir='ltr'>τὴν</span> <span class='ocrx_word' id='word_1_228' title='bbox 2184 2524 2301 2582; x_wconf 85' lang='grc' dir='ltr'>τοῦ</span> <span class='ocrx_word' id='word_1_229' title='bbox 2343 2506 2374 2585; x_wconf 73' lang='grc' dir='ltr'>ἓ</span> <span class='ocrx_word' id='word_1_230' title='bbox 2427 2519 2751 2597; x_wconf 82' lang='grc' dir='ltr'>ἐπιφορὰν</span> <span class='ocrx_word' id='word_1_231' title='bbox 2797 2518 2877 2582; x_wconf 91' lang='grc' dir='ltr'>ού</span> <span class='ocrx_word' id='word_1_232' title='bbox 2921 2518 3158 2593; x_wconf 85' lang='grc' dir='ltr'>γίνεται</span> <span class='ocrx_word' id='word_1_233' title='bbox 3194 2527 3262 2577; x_wconf 73' lang='grc'>20</span> 
     </span>
     <span class='ocr_line' id='line_1_22' title="bbox 576 2618 3159 2707; baseline -0 -24"><span class='ocrx_word' id='word_1_234' title='bbox 576 2621 860 2694; x_wconf 83' lang='grc' dir='ltr'>ἔγκλιςις.</span> <span class='ocrx_word' id='word_1_235' title='bbox 949 2619 1031 2707; x_wconf 73' lang='grc' dir='ltr'>μὴ</span> <span class='ocrx_word' id='word_1_236' title='bbox 1076 2618 1497 2702; x_wconf 82' lang='grc' dir='ltr'>παροξυτόνῳ</span> <span class='ocrx_word' id='word_1_237' title='bbox 1542 2621 1613 2683; x_wconf 77' lang='grc' dir='ltr'>δὲ</span> <span class='ocrx_word' id='word_1_238' title='bbox 1659 2618 1850 2684; x_wconf 82' lang='grc' dir='ltr'>εἷπον</span> <span class='ocrx_word' id='word_1_239' title='bbox 1896 2620 2001 2683; x_wconf 79' lang='grc' dir='ltr'>διὰ</span> <span class='ocrx_word' id='word_1_240' title='bbox 2044 2621 2118 2684; x_wconf 89' lang='grc' dir='ltr'>τὸ</span> <span class='ocrx_word' id='word_1_241' title='bbox 2180 2620 2440 2699; x_wconf 76' lang='grc' dir='ltr'>«φύλλα</span> <span class='ocrx_word' id='word_1_242' title='bbox 2493 2619 2655 2683; x_wconf 81' lang='grc' dir='ltr'>ἐςτίν</span> <span class='ocrx_word' id='word_1_243' title='bbox 2675 2648 2714 2683; x_wconf 62' lang='lat' dir='ltr'>o.</span> <span class='ocrx_word' id='word_1_244' title='bbox 2803 2618 3159 2698; x_wconf 85' lang='grc' dir='ltr'>παροξύτο-</span> 
     </span>
    </p>
   </div>
   <div class='ocr_carea' id='block_1_3' title="bbox 806 2791 983 2798">
    <p class='ocr_par' dir='ltr' id='par_1_5' title="bbox 806 2791 983 2798">
     <span class='ocr_line' id='line_1_23' title="bbox 806 2791 983 2798; baseline 0 2748"><span class='ocrx_word' id='word_1_245' title='bbox 806 2791 983 2798; x_wconf 95' lang='lat' dir='ltr'> </span> 
     </span>
    </p>
   </div>
   <div class='ocr_carea' id='block_1_4' title="bbox 563 2888 3161 3763">
    <p class='ocr_par' dir='ltr' id='par_1_6' title="bbox 563 2888 3161 3763">
     <span class='ocr_line' id='line_1_24' title="bbox 738 2888 3158 2956; baseline 0.002 -17"><span class='ocrx_word' id='word_1_246' title='bbox 738 2891 773 2940; x_wconf 85' lang='lat' dir='ltr'>l.</span> <span class='ocrx_word' id='word_1_247' title='bbox 813 2893 836 2938; x_wconf 94' lang='lat' dir='ltr'>l</span> <span class='ocrx_word' id='word_1_248' title='bbox 874 2891 998 2943; x_wconf 80' lang='lat' dir='ltr'><strong>Arc.</strong></span> <span class='ocrx_word' id='word_1_249' title='bbox 1038 2892 1161 2948; x_wconf 84' lang='grc'>142,</span> <span class='ocrx_word' id='word_1_250' title='bbox 1198 2893 1257 2952; x_wconf 84' lang='grc'>4;</span> <span class='ocrx_word' id='word_1_251' title='bbox 1298 2891 1364 2941; x_wconf 82' lang='lat' dir='ltr'>de</span> <span class='ocrx_word' id='word_1_252' title='bbox 1398 2888 1484 2942; x_wconf 86' lang='grc' dir='ltr'>τίς</span> <span class='ocrx_word' id='word_1_253' title='bbox 1521 2893 1736 2943; x_wconf 81' lang='lat' dir='ltr'><strong>nomine</strong></span> <span class='ocrx_word' id='word_1_254' title='bbox 1777 2893 1850 2941; x_wconf 86' lang='lat' dir='ltr'>cf.</span> <span class='ocrx_word' id='word_1_255' title='bbox 1885 2892 2062 2942; x_wconf 78' lang='lat' dir='ltr'><strong>Lehrs</strong></span> <span class='ocrx_word' id='word_1_256' title='bbox 2098 2892 2167 2941; x_wconf 82' lang='lat' dir='ltr'>ad</span> <span class='ocrx_word' id='word_1_257' title='bbox 2203 2893 2350 2943; x_wconf 85' lang='lat' dir='ltr'><strong>Mon.</strong></span> <span class='ocrx_word' id='word_1_258' title='bbox 2392 2896 2478 2954; x_wconf 84' lang='lat'>19,</span> <span class='ocrx_word' id='word_1_259' title='bbox 2523 2896 2576 2954; x_wconf 86' lang='lat'>1,</span> <span class='ocrx_word' id='word_1_260' title='bbox 2614 2894 2800 2942; x_wconf 78' lang='lat' dir='ltr'><strong>Diehr.</strong></span> <span class='ocrx_word' id='word_1_261' title='bbox 2840 2896 2964 2956; x_wconf 77' lang='lat'>2823</span> <span class='ocrx_word' id='word_1_262' title='bbox 3003 2893 3069 2944; x_wconf 79' lang='lat' dir='ltr'>de</span> <span class='ocrx_word' id='word_1_263' title='bbox 3104 2908 3158 2943; x_wconf 86' lang='grc' dir='ltr'>τι</span> 
     </span>
     <span class='ocr_line' id='line_1_25' title="bbox 577 2955 3158 3040; baseline 0 -31"><span class='ocrx_word' id='word_1_264' title='bbox 577 2958 760 3009; x_wconf 86' lang='lat' dir='ltr'><strong>Schol.</strong></span> <span class='ocrx_word' id='word_1_265' title='bbox 795 2957 867 3006; x_wconf 83' lang='lat' dir='ltr'>ad</span> <span class='ocrx_word' id='word_1_266' title='bbox 905 2957 1008 3011; x_wconf 87' lang='lat' dir='ltr'>od.</span> <span class='ocrx_word' id='word_1_267' title='bbox 1048 2973 1087 3040; x_wconf 60' lang='lat' dir='ltr'>r!</span> <span class='ocrx_word' id='word_1_268' title='bbox 1119 2961 1243 3019; x_wconf 86' lang='grc' dir='ltr'>20ος</span> <span class='ocrx_word' id='word_1_269' title='bbox 1283 2973 1299 3007; x_wconf 95' lang='grc' dir='ltr'>ι</span> <span class='ocrx_word' id='word_1_270' title='bbox 1339 2962 1431 3018; x_wconf 74' lang='lat'>113</span> <span class='ocrx_word' id='word_1_271' title='bbox 1470 2959 1538 3010; x_wconf 83' lang='lat' dir='ltr'>de</span> <span class='ocrx_word' id='word_1_272' title='bbox 1574 2974 1659 3025; x_wconf 81' lang='grc' dir='ltr'>τῳ</span> <span class='ocrx_word' id='word_1_273' title='bbox 1697 2973 1725 3009; x_wconf 94' lang='grc' dir='ltr'>ς</span> <span class='ocrx_word' id='word_1_274' title='bbox 1760 2961 1887 3021; x_wconf 84' lang='grc'>289,</span> <span class='ocrx_word' id='word_1_275' title='bbox 1933 2973 2049 3024; x_wconf 84' lang='grc' dir='ltr'>τεῳ</span> <span class='ocrx_word' id='word_1_276' title='bbox 2086 2959 2119 3009; x_wconf 87' lang='grc' dir='ltr'>λ</span> <span class='ocrx_word' id='word_1_277' title='bbox 2157 2962 2273 3009; x_wconf 83' lang='grc'>502.</span> <span class='ocrx_word' id='word_1_278' title='bbox 2309 2987 2370 2995; x_wconf 90' lang='grc'><strong>-</strong></span> <span class='ocrx_word' id='word_1_279' title='bbox 2413 2961 2448 3009; x_wconf 93' lang='lat'>1.</span> <span class='ocrx_word' id='word_1_280' title='bbox 2486 2963 2637 3011; x_wconf 84' lang='lat'>3—9</span> <span class='ocrx_word' id='word_1_281' title='bbox 2674 2962 2791 3010; x_wconf 86' lang='lat' dir='ltr'><strong>Arc.</strong></span> <span class='ocrx_word' id='word_1_282' title='bbox 2834 2955 2954 3022; x_wconf 81' lang='grc'>142,</span> <span class='ocrx_word' id='word_1_283' title='bbox 2991 2963 3158 3011; x_wconf 83' lang='grc'>6-19</span> 
     </span>
     <span class='ocr_line' id='line_1_26' title="bbox 576 3023 3161 3087; baseline 0 -11"><span class='ocrx_word' id='word_1_284' title='bbox 576 3028 749 3076; x_wconf 80' lang='lat' dir='ltr'><strong>verba</strong></span> <span class='ocrx_word' id='word_1_285' title='bbox 787 3023 984 3075; x_wconf 85' lang='grc' dir='ltr'>καθότι</span> <span class='ocrx_word' id='word_1_286' title='bbox 1028 3039 1097 3074; x_wconf 88' lang='grc' dir='ltr'>ου</span> <span class='ocrx_word' id='word_1_287' title='bbox 1132 3027 1253 3074; x_wconf 86' lang='grc' dir='ltr'>τῶν</span> <span class='ocrx_word' id='word_1_288' title='bbox 1291 3024 1369 3076; x_wconf 80' lang='grc' dir='ltr'>εἰς</span> <span class='ocrx_word' id='word_1_289' title='bbox 1407 3030 1462 3087; x_wconf 57' lang='lat' dir='ltr'>§st</span> <span class='ocrx_word' id='word_1_290' title='bbox 1498 3024 1612 3077; x_wconf 83' lang='grc' dir='ltr'>ἑςτί</span> <span class='ocrx_word' id='word_1_291' title='bbox 1649 3029 1861 3077; x_wconf 80' lang='lat' dir='ltr'><strong>inserta</strong></span> <span class='ocrx_word' id='word_1_292' title='bbox 1896 3032 2024 3076; x_wconf 80' lang='lat' dir='ltr'>sunt.</span> <span class='ocrx_word' id='word_1_293' title='bbox 2067 3042 2135 3076; x_wconf 76' lang='lat' dir='ltr'>ex</span> <span class='ocrx_word' id='word_1_294' title='bbox 2169 3028 2348 3076; x_wconf 81' lang='lat' dir='ltr'><strong>Bekk.</strong></span> <span class='ocrx_word' id='word_1_295' title='bbox 2389 3028 2536 3077; x_wconf 85' lang='lat'>1158.</span> <span class='ocrx_word' id='word_1_296' title='bbox 2618 3028 2969 3077; x_wconf 79' lang='lat' dir='ltr'><strong>Herodianus</strong></span> <span class='ocrx_word' id='word_1_297' title='bbox 3014 3029 3161 3078; x_wconf 83' lang='lat' dir='ltr'><strong>enim</strong></span> 
     </span>
     <span class='ocr_line' id='line_1_27' title="bbox 577 3089 3157 3159; baseline 0 -15"><span class='ocrx_word' id='word_1_298' title='bbox 577 3093 630 3144; x_wconf 81' lang='grc' dir='ltr'>εἶ</span> <span class='ocrx_word' id='word_1_299' title='bbox 666 3108 775 3143; x_wconf 87' lang='lat' dir='ltr'>non</span> <span class='ocrx_word' id='word_1_300' title='bbox 823 3094 891 3142; x_wconf 84' lang='lat' dir='ltr'>ab</span> <span class='ocrx_word' id='word_1_301' title='bbox 938 3089 1049 3155; x_wconf 74' lang='grc' dir='ltr'>εἰμί</span> <span class='ocrx_word' id='word_1_302' title='bbox 1095 3092 1426 3150; x_wconf 81' lang='lat' dir='ltr'><strong>declinavit,</strong></span> <span class='ocrx_word' id='word_1_303' title='bbox 1475 3094 1573 3144; x_wconf 79' lang='lat' dir='ltr'>sed</span> <span class='ocrx_word' id='word_1_304' title='bbox 1616 3099 1679 3143; x_wconf 86' lang='lat' dir='ltr'>ut</span> <span class='ocrx_word' id='word_1_305' title='bbox 1717 3094 2037 3159; x_wconf 80' lang='lat' dir='ltr'><strong>Apollonius</strong></span> <span class='ocrx_word' id='word_1_306' title='bbox 2082 3109 2169 3158; x_wconf 82' lang='lat' dir='ltr'>ap.</span> <span class='ocrx_word' id='word_1_307' title='bbox 2217 3093 2414 3147; x_wconf 84' lang='lat' dir='ltr'><strong>Choer.</strong></span> <span class='ocrx_word' id='word_1_308' title='bbox 2451 3098 2576 3157; x_wconf 84' lang='lat'><strong>583,</strong></span> <span class='ocrx_word' id='word_1_309' title='bbox 2616 3099 2679 3146; x_wconf 89' lang='lat'>33</span> <span class='ocrx_word' id='word_1_310' title='bbox 2725 3097 2795 3145; x_wconf 79' lang='lat' dir='ltr'>ab</span> <span class='ocrx_word' id='word_1_311' title='bbox 2842 3094 3018 3156; x_wconf 83' lang='grc' dir='ltr'>ἔομαι.</span> <span class='ocrx_word' id='word_1_312' title='bbox 3088 3095 3157 3144; x_wconf 80' lang='lat' dir='ltr'>de</span> 
     </span>
     <span class='ocr_line' id='line_1_28' title="bbox 580 3159 3160 3224; baseline 0.001 -15"><span class='ocrx_word' id='word_1_313' title='bbox 580 3162 763 3211; x_wconf 79' lang='lat' dir='ltr'><strong>verbis</strong></span> <span class='ocrx_word' id='word_1_314' title='bbox 799 3161 856 3209; x_wconf 89' lang='lat' dir='ltr'>in</span> <span class='ocrx_word' id='word_1_315' title='bbox 890 3161 1203 3210; x_wconf 82' lang='lat' dir='ltr'><strong>universum</strong></span> <span class='ocrx_word' id='word_1_316' title='bbox 1239 3161 1312 3209; x_wconf 83' lang='lat' dir='ltr'>cf.</span> <span class='ocrx_word' id='word_1_317' title='bbox 1345 3161 1470 3209; x_wconf 88' lang='lat' dir='ltr'><strong>Arc.</strong></span> <span class='ocrx_word' id='word_1_318' title='bbox 1518 3164 1636 3220; x_wconf 79' lang='lat'>141,</span> <span class='ocrx_word' id='word_1_319' title='bbox 1678 3164 1767 3210; x_wconf 82' lang='lat'>16:</span> <span class='ocrx_word' id='word_1_320' title='bbox 1812 3160 1886 3212; x_wconf 86' lang='grc' dir='ltr'>τὰ</span> <span class='ocrx_word' id='word_1_321' title='bbox 1925 3161 2005 3224; x_wconf 78' lang='grc' dir='ltr'>μὴ</span> <span class='ocrx_word' id='word_1_322' title='bbox 2052 3160 2362 3223; x_wconf 81' lang='grc' dir='ltr'>ὀξυνόμενα</span> <span class='ocrx_word' id='word_1_323' title='bbox 2409 3160 2632 3224; x_wconf 81' lang='grc' dir='ltr'>ῥήματα</span> <span class='ocrx_word' id='word_1_324' title='bbox 2667 3161 2770 3212; x_wconf 84' lang='grc' dir='ltr'>οὐκ</span> <span class='ocrx_word' id='word_1_325' title='bbox 2808 3159 3160 3223; x_wconf 86' lang='grc' dir='ltr'>ἐγκλίνονται</span> 
     </span>
     <span class='ocr_line' id='line_1_29' title="bbox 579 3225 3156 3290; baseline 0 -11"><span class='ocrx_word' id='word_1_326' title='bbox 579 3229 672 3279; x_wconf 82' lang='grc' dir='ltr'>καὶ</span> <span class='ocrx_word' id='word_1_327' title='bbox 707 3226 780 3278; x_wconf 87' lang='grc' dir='ltr'>τὰ</span> <span class='ocrx_word' id='word_1_328' title='bbox 816 3225 1182 3289; x_wconf 85' lang='grc' dir='ltr'>ἑγκλινόμενα</span> <span class='ocrx_word' id='word_1_329' title='bbox 1219 3227 1362 3278; x_wconf 88' lang='grc' dir='ltr'>κατὰ</span> <span class='ocrx_word' id='word_1_330' title='bbox 1396 3227 1502 3278; x_wconf 89' lang='grc' dir='ltr'>τὸν</span> <span class='ocrx_word' id='word_1_331' title='bbox 1537 3227 1823 3280; x_wconf 83' lang='grc' dir='ltr'>ἑνεςτῶτα</span> <span class='ocrx_word' id='word_1_332' title='bbox 1868 3227 1937 3278; x_wconf 85' lang='grc' dir='ltr'>οὐ</span> <span class='ocrx_word' id='word_1_333' title='bbox 1984 3226 2215 3280; x_wconf 87' lang='grc' dir='ltr'>πάντως</span> <span class='ocrx_word' id='word_1_334' title='bbox 2260 3227 2403 3279; x_wconf 88' lang='grc' dir='ltr'>κατὰ</span> <span class='ocrx_word' id='word_1_335' title='bbox 2446 3227 2517 3279; x_wconf 88' lang='grc' dir='ltr'>τὰ</span> <span class='ocrx_word' id='word_1_336' title='bbox 2563 3227 2732 3280; x_wconf 87' lang='grc' dir='ltr'>λοιπὰ</span> <span class='ocrx_word' id='word_1_337' title='bbox 2777 3227 3156 3290; x_wconf 80' lang='grc' dir='ltr'>ἑγκλίνονται;</span> 
     </span>
     <span class='ocr_line' id='line_1_30' title="bbox 582 3291 3159 3360; baseline 0.001 -15"><span class='ocrx_word' id='word_1_338' title='bbox 582 3296 649 3345; x_wconf 77' lang='lat' dir='ltr'>de</span> <span class='ocrx_word' id='word_1_339' title='bbox 686 3291 831 3357; x_wconf 88' lang='grc' dir='ltr'>φημί</span> <span class='ocrx_word' id='word_1_340' title='bbox 869 3294 1085 3343; x_wconf 79' lang='lat' dir='ltr'>Charax</span> <span class='ocrx_word' id='word_1_341' title='bbox 1123 3297 1280 3344; x_wconf 78' lang='lat'>1152:</span> <span class='ocrx_word' id='word_1_342' title='bbox 1329 3293 1476 3346; x_wconf 83' lang='grc' dir='ltr'>τινὲς</span> <span class='ocrx_word' id='word_1_343' title='bbox 1523 3295 1723 3356; x_wconf 77' lang='grc' dir='ltr'>ἔλεγον</span> <span class='ocrx_word' id='word_1_344' title='bbox 1769 3294 1914 3346; x_wconf 79' lang='grc' dir='ltr'>αὐτὸ</span> <span class='ocrx_word' id='word_1_345' title='bbox 1951 3294 2050 3359; x_wconf 81' lang='lat' dir='ltr'>(se.</span> <span class='ocrx_word' id='word_1_346' title='bbox 2088 3294 2257 3359; x_wconf 88' lang='grc' dir='ltr'>φημί)</span> <span class='ocrx_word' id='word_1_347' title='bbox 2306 3296 2378 3359; x_wconf 83' lang='grc' dir='ltr'>μὴ</span> <span class='ocrx_word' id='word_1_348' title='bbox 2418 3294 2789 3360; x_wconf 78' lang='grc' dir='ltr'>ὲγκλίνεςθαι,</span> <span class='ocrx_word' id='word_1_349' title='bbox 2838 3294 2918 3347; x_wconf 83' lang='grc' dir='ltr'>ὡς</span> <span class='ocrx_word' id='word_1_350' title='bbox 2956 3296 2987 3347; x_wconf 89' lang='grc' dir='ltr'>ὁ</span> <span class='ocrx_word' id='word_1_351' title='bbox 3025 3312 3159 3360; x_wconf 91' lang='grc' dir='ltr'>προ-</span> 
     </span>
     <span class='ocr_line' id='line_1_31' title="bbox 578 3359 3159 3429; baseline 0 -17"><span class='ocrx_word' id='word_1_352' title='bbox 578 3361 867 3425; x_wconf 86' lang='grc' dir='ltr'>ειρημένος</span> <span class='ocrx_word' id='word_1_353' title='bbox 903 3359 1194 3423; x_wconf 86' lang='grc' dir='ltr'>Τήλεφος,</span> <span class='ocrx_word' id='word_1_354' title='bbox 1233 3361 1280 3427; x_wconf 82' lang='grc' dir='ltr'>ᾧ</span> <span class='ocrx_word' id='word_1_355' title='bbox 1319 3360 1423 3413; x_wconf 83' lang='grc' dir='ltr'>οὐκ</span> <span class='ocrx_word' id='word_1_356' title='bbox 1459 3361 1686 3427; x_wconf 84' lang='grc' dir='ltr'>ἐπείςθη</span> <span class='ocrx_word' id='word_1_357' title='bbox 1724 3361 1759 3424; x_wconf 85' lang='grc' dir='ltr'>ἡ</span> <span class='ocrx_word' id='word_1_358' title='bbox 1800 3361 2123 3426; x_wconf 82' lang='grc' dir='ltr'>παράδοςις;</span> <span class='ocrx_word' id='word_1_359' title='bbox 2164 3363 2229 3411; x_wconf 85' lang='lat' dir='ltr'>de</span> <span class='ocrx_word' id='word_1_360' title='bbox 2264 3365 2379 3428; x_wconf 79' lang='grc' dir='ltr'>φῄς</span> <span class='ocrx_word' id='word_1_361' title='bbox 2405 3363 2594 3414; x_wconf 71' lang='lat' dir='ltr'><strong>Chai-,z</strong></span> <span class='ocrx_word' id='word_1_362' title='bbox 2632 3363 2701 3414; x_wconf 91' lang='grc' dir='ltr'>τὸ</span> <span class='ocrx_word' id='word_1_363' title='bbox 2738 3364 2852 3429; x_wconf 87' lang='grc' dir='ltr'>φῄς</span> <span class='ocrx_word' id='word_1_364' title='bbox 2889 3363 3159 3427; x_wconf 82' lang='grc' dir='ltr'>δεύτερον</span> 
     </span>
     <span class='ocr_line' id='line_1_32' title="bbox 563 3425 3158 3493; baseline 0.001 -13"><span class='ocrx_word' id='word_1_365' title='bbox 563 3428 681 3480; x_wconf 57' lang='grc' dir='ltr'>&gt;οὐκ</span> <span class='ocrx_word' id='word_1_366' title='bbox 718 3425 1031 3490; x_wconf 79' lang='grc' dir='ltr'>ἑγκλίνεται</span> <span class='ocrx_word' id='word_1_367' title='bbox 1068 3427 1287 3491; x_wconf 86' lang='grc' dir='ltr'>μήποτε</span> <span class='ocrx_word' id='word_1_368' title='bbox 1322 3428 1411 3480; x_wconf 77' lang='grc' dir='ltr'>διὰ</span> <span class='ocrx_word' id='word_1_369' title='bbox 1445 3430 1515 3481; x_wconf 89' lang='grc' dir='ltr'>τὸ</span> <span class='ocrx_word' id='word_1_370' title='bbox 1552 3429 1876 3491; x_wconf 87' lang='grc' dir='ltr'>πλεόναςμα</span> <span class='ocrx_word' id='word_1_371' title='bbox 1911 3432 2014 3480; x_wconf 84' lang='grc' dir='ltr'>τοῦ</span> <span class='ocrx_word' id='word_1_372' title='bbox 2050 3429 2086 3479; x_wconf 74' lang='lat' dir='ltr'>i.</span> <span class='ocrx_word' id='word_1_373' title='bbox 2133 3428 2268 3481; x_wconf 77' lang='grc' dir='ltr'>ἀλλ’</span> <span class='ocrx_word' id='word_1_374' title='bbox 2301 3429 2576 3482; x_wconf 81' lang='grc' dir='ltr'>οὐδέποτε</span> <span class='ocrx_word' id='word_1_375' title='bbox 2610 3431 2680 3482; x_wconf 87' lang='grc' dir='ltr'>τὸ</span> <span class='ocrx_word' id='word_1_376' title='bbox 2718 3430 2818 3481; x_wconf 84' lang='grc' dir='ltr'>ἀπ’</span> <span class='ocrx_word' id='word_1_377' title='bbox 2853 3430 3031 3482; x_wconf 80' lang='grc' dir='ltr'>αὐτοῦ</span> <span class='ocrx_word' id='word_1_378' title='bbox 3069 3445 3158 3493; x_wconf 80' lang='grc' dir='ltr'>γε·</span> 
     </span>
     <span class='ocr_line' id='line_1_33' title="bbox 577 3494 3159 3562; baseline 0.001 -15"><span class='ocrx_word' id='word_1_379' title='bbox 577 3495 748 3557; x_wconf 91' lang='grc' dir='ltr'>γονὸς</span> <span class='ocrx_word' id='word_1_380' title='bbox 784 3494 927 3545; x_wconf 84' lang='grc' dir='ltr'>κατὰ</span> <span class='ocrx_word' id='word_1_381' title='bbox 961 3494 1252 3559; x_wconf 81' lang='grc' dir='ltr'>ἀποβολὴν</span> <span class='ocrx_word' id='word_1_382' title='bbox 1287 3495 1387 3560; x_wconf 87' lang='grc' dir='ltr'>ἠμί</span> <span class='ocrx_word' id='word_1_383' title='bbox 1422 3494 1760 3558; x_wconf 83' lang='grc' dir='ltr'>ἐγκλίνεται;</span> <span class='ocrx_word' id='word_1_384' title='bbox 1801 3498 1870 3546; x_wconf 87' lang='lat' dir='ltr'>de</span> <span class='ocrx_word' id='word_1_385' title='bbox 1898 3497 2097 3561; x_wconf 82' lang='lat' dir='ltr'><strong>plurali</strong></span> <span class='ocrx_word' id='word_1_386' title='bbox 2122 3500 2278 3548; x_wconf 83' lang='lat' dir='ltr'><strong>verbi</strong></span> <span class='ocrx_word' id='word_1_387' title='bbox 2302 3496 2446 3561; x_wconf 84' lang='grc' dir='ltr'>φημί</span> <span class='ocrx_word' id='word_1_388' title='bbox 2472 3497 2663 3549; x_wconf 59' lang='lat' dir='ltr'><strong>Char:</strong></span> <span class='ocrx_word' id='word_1_389' title='bbox 2700 3497 2773 3549; x_wconf 83' lang='grc' dir='ltr'>τὰ</span> <span class='ocrx_word' id='word_1_390' title='bbox 2808 3498 3159 3562; x_wconf 84' lang='grc' dir='ltr'>πληθυντικὰ</span> 
     </span>
     <span class='ocr_line' id='line_1_34' title="bbox 578 3559 3158 3628; baseline 0.002 -15"><span class='ocrx_word' id='word_1_391' title='bbox 578 3563 680 3627; x_wconf 83' lang='lat' dir='ltr'><strong>(sc.</strong></span> <span class='ocrx_word' id='word_1_392' title='bbox 715 3564 820 3612; x_wconf 82' lang='grc' dir='ltr'>τοῦ</span> <span class='ocrx_word' id='word_1_393' title='bbox 858 3559 1026 3625; x_wconf 88' lang='grc' dir='ltr'>φημί)</span> <span class='ocrx_word' id='word_1_394' title='bbox 1075 3561 1181 3612; x_wconf 85' lang='grc' dir='ltr'>οὐκ</span> <span class='ocrx_word' id='word_1_395' title='bbox 1226 3562 1616 3627; x_wconf 84' lang='grc' dir='ltr'>ἑξωμάλιςται,</span> <span class='ocrx_word' id='word_1_396' title='bbox 1663 3563 1807 3615; x_wconf 87' lang='grc' dir='ltr'>ἀλλὰ</span> <span class='ocrx_word' id='word_1_397' title='bbox 1855 3563 2006 3627; x_wconf 85' lang='grc' dir='ltr'>παρὰ</span> <span class='ocrx_word' id='word_1_398' title='bbox 2052 3563 2154 3625; x_wconf 78' lang='grc' dir='ltr'>μὲν</span> <span class='ocrx_word' id='word_1_399' title='bbox 2197 3567 2318 3616; x_wconf 90' lang='grc' dir='ltr'>τοῖς</span> <span class='ocrx_word' id='word_1_400' title='bbox 2365 3566 2597 3617; x_wconf 83' lang='grc' dir='ltr'>πολλοῖς</span> <span class='ocrx_word' id='word_1_401' title='bbox 2643 3566 2734 3615; x_wconf 81' lang='grc' dir='ltr'>καὶ</span> <span class='ocrx_word' id='word_1_402' title='bbox 2771 3564 3002 3628; x_wconf 84' lang='grc' dir='ltr'>μάλιςτα</span> <span class='ocrx_word' id='word_1_403' title='bbox 3037 3569 3158 3617; x_wconf 83' lang='grc' dir='ltr'>τοῖς</span> 
     </span>
     <span class='ocr_line' id='line_1_35' title="bbox 576 3627 3161 3697; baseline 0.001 -16"><span class='ocrx_word' id='word_1_404' title='bbox 576 3628 849 3693; x_wconf 87' lang='grc' dir='ltr'>ἀκριβέςιν</span> <span class='ocrx_word' id='word_1_405' title='bbox 895 3627 1206 3690; x_wconf 85' lang='grc' dir='ltr'>ἐγκλίνεται</span> <span class='ocrx_word' id='word_1_406' title='bbox 1250 3630 1559 3694; x_wconf 85' lang='grc' dir='ltr'>ἄνθρωπόν</span> <span class='ocrx_word' id='word_1_407' title='bbox 1604 3645 1819 3694; x_wconf 88' lang='grc' dir='ltr'>φαμεν,</span> <span class='ocrx_word' id='word_1_408' title='bbox 1870 3630 2180 3695; x_wconf 86' lang='grc' dir='ltr'>ἄνθρωπόν</span> <span class='ocrx_word' id='word_1_409' title='bbox 2224 3646 2401 3696; x_wconf 87' lang='grc' dir='ltr'>φατε,</span> <span class='ocrx_word' id='word_1_410' title='bbox 2448 3632 2756 3697; x_wconf 80' lang='grc' dir='ltr'>ἄνθρωπόν</span> <span class='ocrx_word' id='word_1_411' title='bbox 2802 3647 2961 3697; x_wconf 91' lang='grc' dir='ltr'>φαςι,</span> <span class='ocrx_word' id='word_1_412' title='bbox 2987 3632 3161 3697; x_wconf 59' lang='grc' dir='ltr'>παρά</span> 
     </span>
     <span class='ocr_line' id='line_1_36' title="bbox 576 3694 3159 3763; baseline 0.001 -15"><span class='ocrx_word' id='word_1_413' title='bbox 576 3712 681 3749; x_wconf 89' lang='grc' dir='ltr'>τιςι</span> <span class='ocrx_word' id='word_1_414' title='bbox 715 3697 775 3748; x_wconf 80' lang='grc' dir='ltr'>δ’</span> <span class='ocrx_word' id='word_1_415' title='bbox 810 3695 906 3758; x_wconf 85' lang='grc' dir='ltr'>οὔ,</span> <span class='ocrx_word' id='word_1_416' title='bbox 953 3694 1038 3747; x_wconf 79' lang='grc' dir='ltr'>οἷς</span> <span class='ocrx_word' id='word_1_417' title='bbox 1074 3695 1109 3758; x_wconf 84' lang='grc' dir='ltr'><strong>ἡ</strong></span> <span class='ocrx_word' id='word_1_418' title='bbox 1148 3695 1375 3761; x_wconf 83' lang='grc' dir='ltr'>ἀκριβὴς</span> <span class='ocrx_word' id='word_1_419' title='bbox 1411 3697 1720 3760; x_wconf 84' lang='grc' dir='ltr'>ἀνάγνωςις</span> <span class='ocrx_word' id='word_1_420' title='bbox 1755 3697 1861 3749; x_wconf 86' lang='grc' dir='ltr'>οὐκ</span> <span class='ocrx_word' id='word_1_421' title='bbox 1898 3696 2153 3762; x_wconf 80' lang='grc' dir='ltr'>ἐπείςθη;</span> <span class='ocrx_word' id='word_1_422' title='bbox 2202 3699 2267 3748; x_wconf 78' lang='lat' dir='ltr'>de</span> <span class='ocrx_word' id='word_1_423' title='bbox 2313 3698 2447 3762; x_wconf 90' lang='grc' dir='ltr'>φαςί</span> <span class='ocrx_word' id='word_1_424' title='bbox 2493 3701 2565 3750; x_wconf 82' lang='lat' dir='ltr'>cf.</span> <span class='ocrx_word' id='word_1_425' title='bbox 2603 3701 2771 3751; x_wconf 78' lang='lat' dir='ltr'><strong>etiam</strong></span> <span class='ocrx_word' id='word_1_426' title='bbox 2809 3701 3004 3753; x_wconf 77' lang='lat' dir='ltr'><strong>Choer.</strong></span> <span class='ocrx_word' id='word_1_427' title='bbox 3042 3703 3159 3763; x_wconf 83' lang='lat'>510,</span> 
     </span>
    </p>
   </div>
   <div class='ocr_carea' id='block_1_5' title="bbox 517 3777 3222 4788">
    <p class='ocr_par' dir='ltr' id='par_1_7' title="bbox 517 3777 3222 4788">
     <span class='ocr_line' id='line_1_37' title="bbox 578 3777 3161 3849; baseline 0.002 -20"><span class='ocrx_word' id='word_1_428' title='bbox 578 3784 678 3842; x_wconf 75' lang='lat'>213</span> <span class='ocrx_word' id='word_1_429' title='bbox 716 3780 782 3830; x_wconf 84' lang='lat' dir='ltr'>de</span> <span class='ocrx_word' id='word_1_430' title='bbox 821 3777 931 3841; x_wconf 84' lang='grc' dir='ltr'>εἰμί</span> <span class='ocrx_word' id='word_1_431' title='bbox 966 3780 1034 3829; x_wconf 90' lang='lat'>11.</span> <span class='ocrx_word' id='word_1_432' title='bbox 1072 3781 1158 3829; x_wconf 89' lang='lat' dir='ltr'>Pr.</span> <span class='ocrx_word' id='word_1_433' title='bbox 1199 3779 1239 3831; x_wconf 91' lang='grc' dir='ltr'>Β</span> <span class='ocrx_word' id='word_1_434' title='bbox 1275 3783 1366 3830; x_wconf 82' lang='lat'>26:</span> <span class='ocrx_word' id='word_1_435' title='bbox 1404 3781 1541 3833; x_wconf 87' lang='grc' dir='ltr'>Διὸς</span> <span class='ocrx_word' id='word_1_436' title='bbox 1576 3781 1637 3833; x_wconf 78' lang='grc' dir='ltr'>δέ</span> <span class='ocrx_word' id='word_1_437' title='bbox 1672 3796 1760 3832; x_wconf 92' lang='grc' dir='ltr'>τοι</span> <span class='ocrx_word' id='word_1_438' title='bbox 1795 3780 2035 3843; x_wconf 77' lang='grc' dir='ltr'>ἄγγελός</span> <span class='ocrx_word' id='word_1_439' title='bbox 2073 3780 2205 3845; x_wconf 67' lang='lat' dir='ltr'>eim:</span> <span class='ocrx_word' id='word_1_440' title='bbox 2255 3783 2365 3846; x_wconf 87' lang='grc' dir='ltr'>τὴν</span> <span class='ocrx_word' id='word_1_441' title='bbox 2402 3785 2498 3835; x_wconf 92' lang='grc' dir='ltr'>λος</span> <span class='ocrx_word' id='word_1_442' title='bbox 2544 3781 2922 3849; x_wconf 83' lang='grc' dir='ltr'>ὸξυτονητέον</span> <span class='ocrx_word' id='word_1_443' title='bbox 2966 3783 3054 3835; x_wconf 78' lang='grc' dir='ltr'>διὰ</span> <span class='ocrx_word' id='word_1_444' title='bbox 3090 3783 3161 3834; x_wconf 89' lang='grc' dir='ltr'>τὸ</span> 
     </span>
     <span class='ocr_line' id='line_1_38' title="bbox 579 3844 3160 3914; baseline 0.001 -16"><span class='ocrx_word' id='word_1_445' title='bbox 579 3845 703 3910; x_wconf 81' lang='grc' dir='ltr'>εἰμί.</span> <span class='ocrx_word' id='word_1_446' title='bbox 775 3847 845 3897; x_wconf 80' lang='lat' dir='ltr'>de</span> <span class='ocrx_word' id='word_1_447' title='bbox 880 3844 958 3897; x_wconf 76' lang='grc' dir='ltr'>εἷς</span> <span class='ocrx_word' id='word_1_448' title='bbox 995 3846 1170 3897; x_wconf 87' lang='lat' dir='ltr'><strong>Schol.</strong></span> <span class='ocrx_word' id='word_1_449' title='bbox 1209 3848 1310 3897; x_wconf 86' lang='lat' dir='ltr'>Od.</span> <span class='ocrx_word' id='word_1_450' title='bbox 1346 3863 1381 3899; x_wconf 90' lang='grc' dir='ltr'>α</span> <span class='ocrx_word' id='word_1_451' title='bbox 1421 3852 1544 3901; x_wconf 79' lang='grc' dir='ltr'>17οε</span> <span class='ocrx_word' id='word_1_452' title='bbox 1593 3849 1773 3901; x_wconf 89' lang='grc' dir='ltr'>πόθεν</span> <span class='ocrx_word' id='word_1_453' title='bbox 1809 3847 1916 3900; x_wconf 69' lang='lat' dir='ltr'>cic:</span> <span class='ocrx_word' id='word_1_454' title='bbox 1966 3848 2256 3911; x_wconf 79' lang='grc' dir='ltr'>ἐγκλιτέον</span> <span class='ocrx_word' id='word_1_455' title='bbox 2290 3851 2399 3914; x_wconf 88' lang='grc' dir='ltr'>τὴν</span> <span class='ocrx_word' id='word_1_456' title='bbox 2435 3849 2515 3903; x_wconf 87' lang='grc' dir='ltr'>εἰς</span> <span class='ocrx_word' id='word_1_457' title='bbox 2551 3854 2622 3902; x_wconf 81' lang='lat' dir='ltr'>cf.</span> <span class='ocrx_word' id='word_1_458' title='bbox 2660 3851 2691 3903; x_wconf 86' lang='grc' dir='ltr'>δ</span> <span class='ocrx_word' id='word_1_459' title='bbox 2727 3855 2852 3914; x_wconf 84' lang='grc'>317,</span> <span class='ocrx_word' id='word_1_460' title='bbox 2892 3854 3035 3901; x_wconf 89' lang='lat' dir='ltr'>Mon.</span> <span class='ocrx_word' id='word_1_461' title='bbox 3075 3854 3160 3913; x_wconf 85' lang='lat'>44,</span> 
     </span>
     <span class='ocr_line' id='line_1_39' title="bbox 577 3914 3160 3983; baseline 0.002 -19"><span class='ocrx_word' id='word_1_462' title='bbox 577 3919 665 3966; x_wconf 85' lang='grc'>23.</span> <span class='ocrx_word' id='word_1_463' title='bbox 726 3914 945 3964; x_wconf 77' lang='lat' dir='ltr'><strong>Charax</strong></span> <span class='ocrx_word' id='word_1_464' title='bbox 987 3930 1038 3979; x_wconf 91' lang='lat' dir='ltr'>p.</span> <span class='ocrx_word' id='word_1_465' title='bbox 1079 3917 1237 3967; x_wconf 86' lang='lat'>1151:</span> <span class='ocrx_word' id='word_1_466' title='bbox 1283 3917 1388 3966; x_wconf 82' lang='grc' dir='ltr'>τοῦ</span> <span class='ocrx_word' id='word_1_467' title='bbox 1436 3914 1546 3979; x_wconf 74' lang='grc' dir='ltr'>εἰμί</span> <span class='ocrx_word' id='word_1_468' title='bbox 1581 3914 1894 3978; x_wconf 82' lang='grc' dir='ltr'>ἑγκλίνεται</span> <span class='ocrx_word' id='word_1_469' title='bbox 1938 3917 2031 3967; x_wconf 83' lang='grc' dir='ltr'>καὶ</span> <span class='ocrx_word' id='word_1_470' title='bbox 2074 3917 2144 3968; x_wconf 89' lang='grc' dir='ltr'>τὸ</span> <span class='ocrx_word' id='word_1_471' title='bbox 2180 3917 2448 3983; x_wconf 86' lang='grc' dir='ltr'>δεύτερον</span> <span class='ocrx_word' id='word_1_472' title='bbox 2495 3918 2805 3983; x_wconf 86' lang='grc' dir='ltr'>πρόςωπον</span> <span class='ocrx_word' id='word_1_473' title='bbox 2842 3917 2922 3970; x_wconf 83' lang='grc' dir='ltr'>εἴς</span> <span class='ocrx_word' id='word_1_474' title='bbox 2958 3916 3160 3981; x_wconf 74' lang='grc' dir='ltr'>«αἵμα-</span> 
     </span>
     <span class='ocr_line' id='line_1_40' title="bbox 576 3978 3222 4050; baseline 0.002 -19"><span class='ocrx_word' id='word_1_475' title='bbox 576 3981 677 4033; x_wconf 90' lang='grc' dir='ltr'>τός</span> <span class='ocrx_word' id='word_1_476' title='bbox 702 3978 780 4031; x_wconf 85' lang='grc' dir='ltr'>εἰς</span> <span class='ocrx_word' id='word_1_477' title='bbox 817 3978 1093 4043; x_wconf 71' lang='grc' dir='ltr'>ἀγαθοῖο»</span> <span class='ocrx_word' id='word_1_478' title='bbox 1130 3982 1221 4032; x_wconf 85' lang='grc' dir='ltr'>καὶ</span> <span class='ocrx_word' id='word_1_479' title='bbox 1255 3985 1437 4033; x_wconf 80' lang='grc' dir='ltr'>ταῦτα</span> <span class='ocrx_word' id='word_1_480' title='bbox 1473 3983 1541 4034; x_wconf 88' lang='grc' dir='ltr'>οὐ</span> <span class='ocrx_word' id='word_1_481' title='bbox 1568 3985 1711 4048; x_wconf 89' lang='grc' dir='ltr'>πρὸς</span> <span class='ocrx_word' id='word_1_482' title='bbox 1736 3982 2009 4049; x_wconf 82' lang='grc' dir='ltr'>διάφορον</span> <span class='ocrx_word' id='word_1_483' title='bbox 2035 3985 2444 4050; x_wconf 88' lang='grc' dir='ltr'>ςημαινόμενον</span> <span class='ocrx_word' id='word_1_484' title='bbox 2469 3984 2810 4049; x_wconf 78' lang='grc' dir='ltr'>ἑγκλίνεται,</span> <span class='ocrx_word' id='word_1_485' title='bbox 2850 3985 2993 4037; x_wconf 83' lang='grc' dir='ltr'>ἀλλὰ</span> <span class='ocrx_word' id='word_1_486' title='bbox 3018 3985 3161 4049; x_wconf 91' lang='grc' dir='ltr'>πρὸς</span> <span class='ocrx_word' id='word_1_487' title='bbox 3213 4033 3222 4038; x_wconf 78' lang='grc'><em>,</em></span> 
     </span>
     <span class='ocr_line' id='line_1_41' title="bbox 579 4047 3160 4116; baseline 0.002 -17"><span class='ocrx_word' id='word_1_488' title='bbox 579 4047 837 4112; x_wconf 84' lang='grc' dir='ltr'>εὐπρεπῆ</span> <span class='ocrx_word' id='word_1_489' title='bbox 886 4062 1054 4111; x_wconf 90' lang='grc' dir='ltr'>φαςιν</span> <span class='ocrx_word' id='word_1_490' title='bbox 1099 4048 1286 4101; x_wconf 77' lang='grc' dir='ltr'>οὕτως</span> <span class='ocrx_word' id='word_1_491' title='bbox 1330 4049 1517 4114; x_wconf 84' lang='grc' dir='ltr'>ἀρέςαι</span> <span class='ocrx_word' id='word_1_492' title='bbox 1560 4055 1680 4105; x_wconf 84' lang='grc' dir='ltr'>τοῖς</span> <span class='ocrx_word' id='word_1_493' title='bbox 1717 4052 1988 4104; x_wconf 85' lang='grc' dir='ltr'>παλαιοῖς.</span> <span class='ocrx_word' id='word_1_494' title='bbox 2058 4052 2127 4103; x_wconf 91' lang='grc' dir='ltr'>τὸ</span> <span class='ocrx_word' id='word_1_495' title='bbox 2163 4052 2225 4103; x_wconf 78' lang='grc' dir='ltr'>δὲ</span> <span class='ocrx_word' id='word_1_496' title='bbox 2262 4051 2315 4103; x_wconf 86' lang='grc' dir='ltr'>εῖ</span> <span class='ocrx_word' id='word_1_497' title='bbox 2358 4052 2462 4103; x_wconf 89' lang='grc' dir='ltr'>οὐκ</span> <span class='ocrx_word' id='word_1_498' title='bbox 2498 4050 2837 4116; x_wconf 81' lang='grc' dir='ltr'>ἑγκλίνεται,</span> <span class='ocrx_word' id='word_1_499' title='bbox 2885 4051 2999 4104; x_wconf 84' lang='grc' dir='ltr'>εἴτε</span> <span class='ocrx_word' id='word_1_500' title='bbox 3045 4052 3160 4105; x_wconf 86' lang='grc' dir='ltr'>ἀπὸ</span> 
     </span>
     <span class='ocr_line' id='line_1_42' title="bbox 577 4113 3159 4184; baseline 0.002 -18"><span class='ocrx_word' id='word_1_501' title='bbox 577 4118 680 4166; x_wconf 79' lang='grc' dir='ltr'>τοῦ</span> <span class='ocrx_word' id='word_1_502' title='bbox 719 4113 828 4178; x_wconf 83' lang='grc' dir='ltr'>εἰμί</span> <span class='ocrx_word' id='word_1_503' title='bbox 865 4114 979 4167; x_wconf 79' lang='grc' dir='ltr'>ἑςτι</span> <span class='ocrx_word' id='word_1_504' title='bbox 1014 4116 1101 4167; x_wconf 84' lang='grc' dir='ltr'>διὰ</span> <span class='ocrx_word' id='word_1_505' title='bbox 1134 4115 1205 4167; x_wconf 83' lang='grc' dir='ltr'>τὸ</span> <span class='ocrx_word' id='word_1_506' title='bbox 1242 4116 1420 4170; x_wconf 88' lang='grc' dir='ltr'>πάθος</span> <span class='ocrx_word' id='word_1_507' title='bbox 1458 4117 1571 4170; x_wconf 83' lang='grc' dir='ltr'>εἴτε</span> <span class='ocrx_word' id='word_1_508' title='bbox 1611 4118 1911 4184; x_wconf 80' lang='grc' dir='ltr'>ἑτέρωθεν,</span> <span class='ocrx_word' id='word_1_509' title='bbox 1950 4118 2074 4170; x_wconf 78' lang='grc' dir='ltr'>ἀλλ’</span> <span class='ocrx_word' id='word_1_510' title='bbox 2099 4119 2486 4184; x_wconf 79' lang='grc' dir='ltr'>ὸρθοτονεῖται</span> <span class='ocrx_word' id='word_1_511' title='bbox 2522 4120 2613 4170; x_wconf 79' lang='grc' dir='ltr'>καὶ</span> <span class='ocrx_word' id='word_1_512' title='bbox 2650 4119 2712 4170; x_wconf 81' lang='grc' dir='ltr'>ἐν</span> <span class='ocrx_word' id='word_1_513' title='bbox 2746 4124 2831 4171; x_wconf 83' lang='grc' dir='ltr'>τῶ</span> <span class='ocrx_word' id='word_1_514' title='bbox 2856 4119 3159 4184; x_wconf 87' lang='grc' dir='ltr'>ἄνθρωπος</span> 
     </span>
     <span class='ocr_line' id='line_1_43' title="bbox 580 4170 3163 4253; baseline 0.001 -19"><span class='ocrx_word' id='word_1_515' title='bbox 580 4182 648 4234; x_wconf 84' lang='grc' dir='ltr'>εῒ.</span> <span class='ocrx_word' id='word_1_516' title='bbox 682 4210 748 4219; x_wconf 90' lang='lat'>—-</span> <span class='ocrx_word' id='word_1_517' title='bbox 785 4184 821 4233; x_wconf 88' lang='lat'>1.</span> <span class='ocrx_word' id='word_1_518' title='bbox 859 4186 922 4233; x_wconf 91' lang='grc'>10</span> <span class='ocrx_word' id='word_1_519' title='bbox 955 4183 1026 4234; x_wconf 90' lang='grc' dir='ltr'>τὸ</span> <span class='ocrx_word' id='word_1_520' title='bbox 1063 4183 1176 4235; x_wconf 84' lang='grc' dir='ltr'>ἔςτι</span> <span class='ocrx_word' id='word_1_521' title='bbox 1210 4200 1383 4250; x_wconf 78' lang='lat' dir='ltr'>usque</span> <span class='ocrx_word' id='word_1_522' title='bbox 1422 4187 1492 4236; x_wconf 80' lang='lat' dir='ltr'>ad</span> <span class='ocrx_word' id='word_1_523' title='bbox 1527 4187 1562 4236; x_wconf 88' lang='lat' dir='ltr'>l.</span> <span class='ocrx_word' id='word_1_524' title='bbox 1602 4190 1664 4237; x_wconf 88' lang='grc'>12</span> <span class='ocrx_word' id='word_1_525' title='bbox 1701 4203 1825 4252; x_wconf 84' lang='lat' dir='ltr'><strong>pag.</strong></span> <span class='ocrx_word' id='word_1_526' title='bbox 1855 4203 1968 4252; x_wconf 83' lang='lat' dir='ltr'><strong>seq.</strong></span> <span class='ocrx_word' id='word_1_527' title='bbox 2008 4203 2075 4238; x_wconf 84' lang='lat' dir='ltr'>ex</span> <span class='ocrx_word' id='word_1_528' title='bbox 2111 4187 2289 4237; x_wconf 81' lang='lat' dir='ltr'><strong>Bekk.</strong></span> <span class='ocrx_word' id='word_1_529' title='bbox 2329 4189 2459 4238; x_wconf 78' lang='lat'>1148</span> <span class='ocrx_word' id='word_1_530' title='bbox 2495 4187 2624 4251; x_wconf 78' lang='grc' dir='ltr'>περὶ</span> <span class='ocrx_word' id='word_1_531' title='bbox 2659 4190 2763 4239; x_wconf 88' lang='grc' dir='ltr'>τοθ</span> <span class='ocrx_word' id='word_1_532' title='bbox 2802 4170 2979 4251; x_wconf 69' lang='grc' dir='ltr'>ἕςτιν,</span> <span class='ocrx_word' id='word_1_533' title='bbox 3019 4188 3163 4253; x_wconf 84' lang='lat' dir='ltr'>quod</span> 
     </span>
     <span class='ocr_line' id='line_1_44' title="bbox 580 4251 3159 4321; baseline 0.003 -22"><span class='ocrx_word' id='word_1_534' title='bbox 580 4252 944 4316; x_wconf 77' lang='lat' dir='ltr'><strong>fragmentum</strong></span> <span class='ocrx_word' id='word_1_535' title='bbox 980 4251 1391 4303; x_wconf 79' lang='lat' dir='ltr'><strong>Herodianeum</strong></span> <span class='ocrx_word' id='word_1_536' title='bbox 1427 4269 1548 4305; x_wconf 77' lang='lat' dir='ltr'>esse</span> <span class='ocrx_word' id='word_1_537' title='bbox 1588 4256 1866 4319; x_wconf 66' lang='lat' dir='ltr'><strong>persuasit</strong></span> <span class='ocrx_word' id='word_1_538' title='bbox 1901 4255 2080 4306; x_wconf 77' lang='lat' dir='ltr'><strong>Lehrs</strong></span> <span class='ocrx_word' id='word_1_539' title='bbox 2126 4270 2212 4319; x_wconf 89' lang='lat' dir='ltr'>qu.</span> <span class='ocrx_word' id='word_1_540' title='bbox 2248 4270 2333 4319; x_wconf 82' lang='lat' dir='ltr'>ep.</span> <span class='ocrx_word' id='word_1_541' title='bbox 2373 4258 2498 4313; x_wconf 82' lang='lat'>104,</span> <span class='ocrx_word' id='word_1_542' title='bbox 2544 4271 2643 4321; x_wconf 87' lang='lat' dir='ltr'>pro</span> <span class='ocrx_word' id='word_1_543' title='bbox 2688 4254 2895 4318; x_wconf 79' lang='grc' dir='ltr'>Θωμᾶς</span> <span class='ocrx_word' id='word_1_544' title='bbox 2931 4254 3045 4306; x_wconf 82' lang='grc' dir='ltr'>ἑςτι</span> <span class='ocrx_word' id='word_1_545' title='bbox 3091 4257 3159 4307; x_wconf 78' lang='lat' dir='ltr'>ab</span> 
     </span>
     <span class='ocr_line' id='line_1_45' title="bbox 580 4319 3161 4388; baseline 0.003 -20"><span class='ocrx_word' id='word_1_546' title='bbox 580 4320 944 4383; x_wconf 79' lang='lat' dir='ltr'><strong>epitomatore</strong></span> <span class='ocrx_word' id='word_1_547' title='bbox 988 4319 1209 4369; x_wconf 80' lang='lat' dir='ltr'><strong>invecto</strong></span> <span class='ocrx_word' id='word_1_548' title='bbox 1259 4321 1451 4384; x_wconf 74' lang='lat' dir='ltr'><strong>scripsi</strong></span> <span class='ocrx_word' id='word_1_549' title='bbox 1487 4322 1520 4372; x_wconf 88' lang='lat'>1.</span> <span class='ocrx_word' id='word_1_550' title='bbox 1561 4325 1592 4370; x_wconf 89' lang='grc'>4</span> <span class='ocrx_word' id='word_1_551' title='bbox 1630 4338 1754 4388; x_wconf 81' lang='lat' dir='ltr'><strong>pag.</strong></span> <span class='ocrx_word' id='word_1_552' title='bbox 1802 4322 2083 4387; x_wconf 82' lang='lat' dir='ltr'><strong>proximae</strong></span> <span class='ocrx_word' id='word_1_553' title='bbox 2132 4320 2329 4386; x_wconf 81' lang='grc' dir='ltr'>Ἑρμῆς</span> <span class='ocrx_word' id='word_1_554' title='bbox 2374 4319 2504 4372; x_wconf 83' lang='grc' dir='ltr'>ἑςτι.</span> <span class='ocrx_word' id='word_1_555' title='bbox 2582 4324 2666 4373; x_wconf 81' lang='lat' dir='ltr'>De</span> <span class='ocrx_word' id='word_1_556' title='bbox 2714 4338 2770 4373; x_wconf 80' lang='lat' dir='ltr'>re</span> <span class='ocrx_word' id='word_1_557' title='bbox 2816 4322 2886 4376; x_wconf 83' lang='lat' dir='ltr'>cf.</span> <span class='ocrx_word' id='word_1_558' title='bbox 2926 4323 3161 4376; x_wconf 75' lang='lat' dir='ltr'><strong>Charac-</strong></span> 
     </span>
     <span class='ocr_line' id='line_1_46' title="bbox 581 4384 3160 4455; baseline 0.002 -19"><span class='ocrx_word' id='word_1_559' title='bbox 581 4389 739 4448; x_wconf 86' lang='lat'>1151,</span> <span class='ocrx_word' id='word_1_560' title='bbox 777 4384 924 4434; x_wconf 77' lang='lat' dir='ltr'>undo</span> <span class='ocrx_word' id='word_1_561' title='bbox 961 4386 1147 4435; x_wconf 77' lang='lat' dir='ltr'><strong>hausit</strong></span> <span class='ocrx_word' id='word_1_562' title='bbox 1180 4386 1439 4437; x_wconf 80' lang='lat' dir='ltr'><strong>Eustath.</strong></span> <span class='ocrx_word' id='word_1_563' title='bbox 1480 4391 1637 4449; x_wconf 84' lang='grc'>1600,</span> <span class='ocrx_word' id='word_1_564' title='bbox 1680 4392 1741 4440; x_wconf 90' lang='grc'>13</span> <span class='ocrx_word' id='word_1_565' title='bbox 1778 4405 1904 4446; x_wconf 76' lang='lat' dir='ltr'>sua,</span> <span class='ocrx_word' id='word_1_566' title='bbox 1951 4405 2092 4455; x_wconf 76' lang='lat' dir='ltr'><strong>quae</strong></span> <span class='ocrx_word' id='word_1_567' title='bbox 2126 4390 2185 4438; x_wconf 90' lang='lat' dir='ltr'>in</span> <span class='ocrx_word' id='word_1_568' title='bbox 2220 4390 2361 4454; x_wconf 79' lang='lat' dir='ltr'><strong>ipsis</strong></span> <span class='ocrx_word' id='word_1_569' title='bbox 2396 4406 2573 4455; x_wconf 80' lang='lat' dir='ltr'><strong>paene</strong></span> <span class='ocrx_word' id='word_1_570' title='bbox 2610 4390 2799 4440; x_wconf 79' lang='lat' dir='ltr'><strong>verbis</strong></span> <span class='ocrx_word' id='word_1_571' title='bbox 2833 4406 2952 4440; x_wconf 79' lang='lat' dir='ltr'>eum</span> <span class='ocrx_word' id='word_1_572' title='bbox 2988 4391 3160 4441; x_wconf 84' lang='lat' dir='ltr'><strong>Hero-</strong></span> 
     </span>
     <span class='ocr_line' id='line_1_47' title="bbox 579 4453 3158 4521; baseline 0.002 -19"><span class='ocrx_word' id='word_1_573' title='bbox 579 4453 795 4502; x_wconf 79' lang='lat' dir='ltr'><strong>dianeis</strong></span> <span class='ocrx_word' id='word_1_574' title='bbox 846 4453 1163 4517; x_wconf 81' lang='lat' dir='ltr'><strong>conspirare</strong></span> <span class='ocrx_word' id='word_1_575' title='bbox 1217 4455 1534 4505; x_wconf 79' lang='lat' dir='ltr'><strong>observavit</strong></span> <span class='ocrx_word' id='word_1_576' title='bbox 1578 4457 1755 4506; x_wconf 82' lang='lat' dir='ltr'><strong>Lehrs</strong></span> <span class='ocrx_word' id='word_1_577' title='bbox 1800 4473 1851 4521; x_wconf 90' lang='lat' dir='ltr'>p.</span> <span class='ocrx_word' id='word_1_578' title='bbox 1892 4459 2004 4508; x_wconf 87' lang='grc'>125.</span> <span class='ocrx_word' id='word_1_579' title='bbox 2078 4457 2144 4506; x_wconf 89' lang='lat'>11.</span> <span class='ocrx_word' id='word_1_580' title='bbox 2182 4458 2272 4507; x_wconf 89' lang='lat' dir='ltr'>Pr.</span> <span class='ocrx_word' id='word_1_581' title='bbox 2306 4453 2355 4506; x_wconf 91' lang='grc' dir='ltr'><em>Ζ</em></span> <span class='ocrx_word' id='word_1_582' title='bbox 2395 4460 2515 4508; x_wconf 81' lang='lat'>152:</span> <span class='ocrx_word' id='word_1_583' title='bbox 2563 4456 2676 4509; x_wconf 82' lang='grc' dir='ltr'>ἔςτι</span> <span class='ocrx_word' id='word_1_584' title='bbox 2720 4457 2883 4509; x_wconf 89' lang='grc' dir='ltr'>πόλις</span> <span class='ocrx_word' id='word_1_585' title='bbox 2921 4455 3158 4521; x_wconf 63' lang='grc' dir='ltr'>Ἐφύρης</span> 
     </span>
     <span class='ocr_line' id='line_1_48' title="bbox 576 4517 3161 4589; baseline 0.002 -19"><span class='ocrx_word' id='word_1_586' title='bbox 576 4521 647 4572; x_wconf 86' lang='grc' dir='ltr'>τὸ</span> <span class='ocrx_word' id='word_1_587' title='bbox 684 4518 809 4577; x_wconf 81' lang='grc' dir='ltr'>ἔςτι,</span> <span class='ocrx_word' id='word_1_588' title='bbox 833 4517 925 4569; x_wconf 81' lang='grc' dir='ltr'>ἐπὶ</span> <span class='ocrx_word' id='word_1_589' title='bbox 959 4520 1062 4582; x_wconf 83' lang='grc' dir='ltr'>τῆς</span> <span class='ocrx_word' id='word_1_590' title='bbox 1098 4519 1333 4585; x_wconf 85' lang='grc' dir='ltr'>πρώτης</span> <span class='ocrx_word' id='word_1_591' title='bbox 1368 4524 1642 4587; x_wconf 84' lang='grc' dir='ltr'>ςυλλαβῆς</span> <span class='ocrx_word' id='word_1_592' title='bbox 1679 4522 1791 4587; x_wconf 83' lang='grc' dir='ltr'>ἔχει</span> <span class='ocrx_word' id='word_1_593' title='bbox 1825 4524 1935 4587; x_wconf 88' lang='grc' dir='ltr'>τὴν</span> <span class='ocrx_word' id='word_1_594' title='bbox 1959 4522 2173 4585; x_wconf 80' lang='grc' dir='ltr'>ὀξεῖαν,</span> <span class='ocrx_word' id='word_1_595' title='bbox 2211 4523 2355 4574; x_wconf 85' lang='grc' dir='ltr'>ὅταν</span> <span class='ocrx_word' id='word_1_596' title='bbox 2389 4523 2626 4589; x_wconf 81' lang='grc' dir='ltr'>ἄρχηται</span> <span class='ocrx_word' id='word_1_597' title='bbox 2660 4524 2807 4575; x_wconf 76' lang='grc' dir='ltr'>«ἔςτι</span> <span class='ocrx_word' id='word_1_598' title='bbox 2831 4524 2893 4576; x_wconf 78' lang='grc' dir='ltr'>δέ</span> <span class='ocrx_word' id='word_1_599' title='bbox 2918 4538 3000 4575; x_wconf 89' lang='grc' dir='ltr'>τις</span> <span class='ocrx_word' id='word_1_600' title='bbox 3028 4538 3161 4587; x_wconf 88' lang='grc' dir='ltr'>προ-</span> 
     </span>
     <span class='ocr_line' id='line_1_49' title="bbox 517 4585 3163 4657; baseline 0.001 -17"><span class='ocrx_word' id='word_1_601' title='bbox 517 4633 525 4640; x_wconf 92' lang='grc'>.</span> <span class='ocrx_word' id='word_1_602' title='bbox 579 4585 813 4651; x_wconf 88' lang='grc' dir='ltr'>πάροιθε</span> <span class='ocrx_word' id='word_1_603' title='bbox 850 4585 1088 4639; x_wconf 72' lang='grc' dir='ltr'>πόλιος»</span> <span class='ocrx_word' id='word_1_604' title='bbox 1126 4586 1212 4651; x_wconf 85' lang='grc'>(11.</span> <span class='ocrx_word' id='word_1_605' title='bbox 1254 4586 1293 4639; x_wconf 95' lang='grc' dir='ltr'>Β</span> <span class='ocrx_word' id='word_1_606' title='bbox 1332 4590 1453 4650; x_wconf 86' lang='grc'>811)</span> <span class='ocrx_word' id='word_1_607' title='bbox 1491 4590 1582 4641; x_wconf 77' lang='grc' dir='ltr'>καὶ</span> <span class='ocrx_word' id='word_1_608' title='bbox 1619 4589 1760 4641; x_wconf 85' lang='grc' dir='ltr'>ὅταν</span> <span class='ocrx_word' id='word_1_609' title='bbox 1796 4588 2176 4655; x_wconf 85' lang='grc' dir='ltr'>ὑποτάςςηται</span> <span class='ocrx_word' id='word_1_610' title='bbox 2211 4595 2282 4656; x_wconf 73' lang='grc' dir='ltr'>τῇ</span> <span class='ocrx_word' id='word_1_611' title='bbox 2321 4591 2387 4643; x_wconf 84' lang='grc' dir='ltr'>οὔ</span> <span class='ocrx_word' id='word_1_612' title='bbox 2424 4590 2702 4655; x_wconf 87' lang='grc' dir='ltr'>ἀποφάςει</span> <span class='ocrx_word' id='word_1_613' title='bbox 2738 4590 3011 4657; x_wconf 23' lang='grc' dir='ltr'>«ὡςῆοὐκ</span> <span class='ocrx_word' id='word_1_614' title='bbox 3047 4591 3163 4642; x_wconf 83' lang='grc' dir='ltr'>ἔςθ’</span> 
     </span>
     <span class='ocr_line' id='line_1_50' title="bbox 583 4653 3161 4724; baseline 0.003 -21"><span class='ocrx_word' id='word_1_615' title='bbox 583 4653 677 4704; x_wconf 82' lang='grc' dir='ltr'>ὅδε</span> <span class='ocrx_word' id='word_1_616' title='bbox 714 4656 935 4718; x_wconf 72' lang='grc' dir='ltr'>μῦθος»</span> <span class='ocrx_word' id='word_1_617' title='bbox 971 4653 1094 4717; x_wconf 86' lang='lat' dir='ltr'><strong>(Od.</strong></span> <span class='ocrx_word' id='word_1_618' title='bbox 1130 4670 1174 4717; x_wconf 86' lang='grc' dir='ltr'>ψ</span> <span class='ocrx_word' id='word_1_619' title='bbox 1209 4655 1326 4716; x_wconf 79' lang='grc'>62)·</span> <span class='ocrx_word' id='word_1_620' title='bbox 1382 4654 1431 4706; x_wconf 87' lang='grc' dir='ltr'>εἰ</span> <span class='ocrx_word' id='word_1_621' title='bbox 1468 4656 1660 4720; x_wconf 85' lang='grc' dir='ltr'>μέντοι</span> <span class='ocrx_word' id='word_1_622' title='bbox 1694 4672 1758 4720; x_wconf 88' lang='grc' dir='ltr'>γε</span> <span class='ocrx_word' id='word_1_623' title='bbox 1796 4658 1871 4721; x_wconf 88' lang='grc' dir='ltr'>μὴ</span> <span class='ocrx_word' id='word_1_624' title='bbox 1910 4656 1997 4723; x_wconf 85' lang='grc' dir='ltr'>εἴη</span> <span class='ocrx_word' id='word_1_625' title='bbox 2033 4658 2103 4710; x_wconf 91' lang='grc' dir='ltr'>τὸ</span> <span class='ocrx_word' id='word_1_626' title='bbox 2138 4661 2394 4723; x_wconf 79' lang='grc' dir='ltr'>τοιοῦτο,</span> <span class='ocrx_word' id='word_1_627' title='bbox 2432 4657 2621 4711; x_wconf 81' lang='grc' dir='ltr'>οὐκέτι</span> <span class='ocrx_word' id='word_1_628' title='bbox 2658 4659 2753 4710; x_wconf 79' lang='grc' dir='ltr'>ἐπὶ</span> <span class='ocrx_word' id='word_1_629' title='bbox 2787 4662 2892 4723; x_wconf 84' lang='grc' dir='ltr'>τῆς</span> <span class='ocrx_word' id='word_1_630' title='bbox 2927 4657 3161 4724; x_wconf 86' lang='grc' dir='ltr'>πρώτης</span> 
     </span>
     <span class='ocr_line' id='line_1_51' title="bbox 582 4720 3160 4788; baseline 0.003 -20"><span class='ocrx_word' id='word_1_631' title='bbox 582 4721 856 4786; x_wconf 84' lang='grc' dir='ltr'>ςυλλαβῆς</span> <span class='ocrx_word' id='word_1_632' title='bbox 892 4721 1005 4784; x_wconf 83' lang='grc' dir='ltr'>ἔχει</span> <span class='ocrx_word' id='word_1_633' title='bbox 1039 4721 1148 4785; x_wconf 89' lang='grc' dir='ltr'>τὴν</span> <span class='ocrx_word' id='word_1_634' title='bbox 1185 4721 1370 4773; x_wconf 80' lang='grc' dir='ltr'>ὀξεῖαν</span> <span class='ocrx_word' id='word_1_635' title='bbox 1404 4720 1529 4774; x_wconf 77' lang='grc' dir='ltr'>οἷον</span> <span class='ocrx_word' id='word_1_636' title='bbox 1565 4724 1640 4775; x_wconf 72' lang='grc' dir='ltr'>«ὃ</span> <span class='ocrx_word' id='word_1_637' title='bbox 1675 4725 1745 4788; x_wconf 85' lang='grc' dir='ltr'>δὴ</span> <span class='ocrx_word' id='word_1_638' title='bbox 1782 4725 2188 4788; x_wconf 85' lang='grc' dir='ltr'>τετελεςμένον</span> <span class='ocrx_word' id='word_1_639' title='bbox 2213 4723 2419 4778; x_wconf 70' lang='grc' dir='ltr'>ἐςτίν».</span> <span class='ocrx_word' id='word_1_640' title='bbox 2463 4727 2533 4778; x_wconf 79' lang='grc' dir='ltr'>Ἀ</span> <span class='ocrx_word' id='word_1_641' title='bbox 2559 4729 2653 4778; x_wconf 81' lang='lat'>63:</span> <span class='ocrx_word' id='word_1_642' title='bbox 2689 4726 2759 4778; x_wconf 90' lang='grc' dir='ltr'>τὸ</span> <span class='ocrx_word' id='word_1_643' title='bbox 2797 4727 2946 4778; x_wconf 81' lang='grc' dir='ltr'>ἐςτιν</span> <span class='ocrx_word' id='word_1_644' title='bbox 2982 4725 3160 4788; x_wconf 77' lang='grc' dir='ltr'>ἐγκλι-</span> 
     </span>
    </p>
   </div>
   <div class='ocr_carea' id='block_1_6' title="bbox 582 4784 3164 4922">
    <p class='ocr_par' dir='ltr' id='par_1_8' title="bbox 582 4784 3164 4922">
     <span class='ocr_line' id='line_1_52' title="bbox 582 4784 3164 4860; baseline 0.005 -27"><span class='ocrx_word' id='word_1_645' title='bbox 582 4784 740 4835; x_wconf 85' lang='grc' dir='ltr'>τικόν</span> <span class='ocrx_word' id='word_1_646' title='bbox 776 4788 946 4850; x_wconf 83' lang='grc' dir='ltr'>ἐςτιν,</span> <span class='ocrx_word' id='word_1_647' title='bbox 985 4785 1034 4840; x_wconf 81' lang='grc' dir='ltr'>εἰ</span> <span class='ocrx_word' id='word_1_648' title='bbox 1071 4790 1143 4853; x_wconf 89' lang='grc' dir='ltr'>μὴ</span> <span class='ocrx_word' id='word_1_649' title='bbox 1180 4788 1408 4854; x_wconf 80' lang='grc' dir='ltr'>ἄρχεται</span> <span class='ocrx_word' id='word_1_650' title='bbox 1443 4791 1478 4854; x_wconf 84' lang='grc' dir='ltr'>ἢ</span> <span class='ocrx_word' id='word_1_651' title='bbox 1517 4792 1591 4856; x_wconf 86' lang='grc' dir='ltr'>μὴ</span> <span class='ocrx_word' id='word_1_652' title='bbox 1629 4795 1958 4857; x_wconf 83' lang='grc' dir='ltr'>προηγεῖται</span> <span class='ocrx_word' id='word_1_653' title='bbox 1993 4791 2028 4855; x_wconf 87' lang='grc' dir='ltr'>ἡ</span> <span class='ocrx_word' id='word_1_654' title='bbox 2069 4792 2137 4844; x_wconf 86' lang='grc' dir='ltr'>οὔ</span> <span class='ocrx_word' id='word_1_655' title='bbox 2173 4793 2479 4860; x_wconf 88' lang='grc' dir='ltr'>ἀπόφαςις,</span> <span class='ocrx_word' id='word_1_656' title='bbox 2518 4810 2585 4844; x_wconf 81' lang='lat' dir='ltr'>ex</span> <span class='ocrx_word' id='word_1_657' title='bbox 2622 4795 2821 4860; x_wconf 80' lang='lat' dir='ltr'><strong>quibus</strong></span> <span class='ocrx_word' id='word_1_658' title='bbox 2857 4794 2992 4845; x_wconf 83' lang='lat' dir='ltr'><strong>loeis</strong></span> <span class='ocrx_word' id='word_1_659' title='bbox 3027 4794 3063 4843; x_wconf 93' lang='lat'>1.</span> <span class='ocrx_word' id='word_1_660' title='bbox 3100 4797 3164 4846; x_wconf 87' lang='grc'>10</span> 
     </span>
     <span class='ocr_line' id='line_1_53' title="bbox 584 4853 2964 4922; baseline 0.008 -21"><span class='ocrx_word' id='word_1_661' title='bbox 584 4853 780 4916; x_wconf 80' lang='lat' dir='ltr'><strong>scripsi</strong></span> <span class='ocrx_word' id='word_1_662' title='bbox 813 4853 1040 4919; x_wconf 86' lang='grc' dir='ltr'>ἄρχεται</span> <span class='ocrx_word' id='word_1_663' title='bbox 1076 4873 1174 4922; x_wconf 89' lang='lat' dir='ltr'>pro</span> <span class='ocrx_word' id='word_1_664' title='bbox 1210 4855 1380 4921; x_wconf 81' lang='grc' dir='ltr'>ἄρχει.</span> <span class='ocrx_word' id='word_1_665' title='bbox 2959 4886 2964 4891; x_wconf 91' lang='lat'><strong>·</strong></span> 
     </span>
    </p>
   </div>
  </div>
 </body>
</html>
