3664 5546
707 400 971 448 CXXXIV
1785 399 2200 448 PRAEFATIO.

706 553 884 618 diani
930 563 1278 639 praecepta
1323 551 1403 616 de
1448 550 1674 616 enclisi
1717 552 1988 617 adhibui
2034 554 2127 618 ita
2169 562 2242 616 ut
2284 553 2528 617 nemini
2563 575 2691 617 non
2720 576 3101 642 persuasum
3145 556 3286 620 fore

707 655 1195 722 affirmaverim.
1297 652 1432 719 Cur
1486 664 1702 719 autem
1758 653 1928 718 duae
1960 655 2317 740 epitomae
2384 657 2717 720 confectae
2783 658 2945 737 sint,
3011 657 3079 722 id
3142 680 3285 744 per·

706 757 960 844 quirere
1003 780 1269 845 prorsus
1315 757 1543 820 inutile
1587 765 1717 838 est,
1765 757 2047 821 fortasse
2077 758 2291 843 priore
2323 760 2570 844 scripta
2599 768 2942 845 excerptor
2969 758 3293 826 intellexit

709 860 909 925 nimio
954 882 1099 925 eam
1143 859 1509 925 breviorem
1554 881 1698 923 esse
1742 868 1807 922 et
1851 858 2120 923 alteram
2165 858 2449 941 addidit,
2496 862 2565 925 in
2593 884 2722 942 qua
2751 884 2889 925 rem
2918 863 3287 928 accuratius

710 963 1033 1049 exposuit.
1132 960 1436 1027 Alienum
1500 961 1567 1027 in
1620 960 1837 1026 locum
1892 961 1961 1025 in
2017 959 2163 1025 libr.
2222 962 2352 1026 XV
2406 961 2573 1027 hanc
2627 964 3017 1049 particulam
3072 965 3290 1030 nescio

710 1086 837 1152 quo
882 1086 1039 1128 casu
1083 1063 1425 1150 irrepsisse
1469 1074 1535 1128 et
1580 1086 1661 1128 ex
1708 1062 2145 1148 praefatione,
2204 1065 2269 1127 in
2314 1086 2445 1151 qua
2498 1062 2665 1130 libro
2711 1065 3083 1131 Catholicae
3139 1068 3290 1132 sub-

710 1169 928 1232 iuncto
975 1167 1381 1250 assignatur,
1440 1174 1506 1229 et
1559 1187 1642 1229 ex
1687 1166 2158 1251 compositione
2202 1168 2417 1253 operis
2464 1169 2662 1232 totius
2710 1167 3125 1233 manifestum
3170 1177 3294 1232 est.

882 1268 1068 1349 Quae
1111 1291 1176 1354 p.
1227 1268 1367 1350 175,
1419 1268 1622 1331 1-22
1668 1266 1749 1332 de
1795 1268 2168 1333 accentibus
2216 1279 2281 1333 et
2325 1269 2558 1355 spiritu
2604 1270 2982 1351 traduntur,
3028 1272 3097 1335 in
3139 1269 3296 1335 alie-

714 1395 869 1437 num
924 1369 1141 1438 locum
1195 1368 1380 1435 illata
1434 1392 1644 1457 neque
1701 1380 1775 1435 ut
1835 1368 2151 1434 vilissima
2198 1369 2476 1435 delenda
2522 1381 2705 1454 sunt3
2763 1394 2928 1458 quae
2987 1373 3156 1438 enim
3214 1374 3296 1438 de

714 1481 987 1538 accentu
1046 1473 1271 1537 1—17
1329 1481 1515 1554 sunt,
1584 1473 1935 1538 concinunt
2005 1471 2140 1536 fere
2196 1493 2341 1536 cum
2406 1471 2650 1537 Ioanne
2719 1473 3161 1540 Alexandrino
3230 1476 3300 1539 in

717 1577 1080 1662 prooemio,
1129 1598 1214 1639 ex
1257 1597 1383 1661 quo
1427 1574 1555 1639 huc
1601 1573 1816 1639 delata
1861 1573 2160 1648 arbitror,
2208 1585 2273 1640 et
2317 1597 2481 1661 quae
2526 1574 2568 1640 l.
2608 1575 2854 1639 18-22
2900 1577 2980 1641 de
3027 1577 3298 1664 spiritus

716 1680 931 1764 asperi
975 1680 1043 1742 in
1086 1677 1577 1764 praecedentem
1629 1698 1979 1742 consonam
2023 1675 2091 1740 vi
2138 1676 2472 1758 dicuntur,
2521 1677 2601 1741 de
2648 1700 2766 1741 suo
2811 1677 2952 1743 loco
2999 1702 3080 1744 ex
3110 1690 3300 1766 parte

719 1778 1092 1845 Catholicae
1159 1782 1305 1860 περὶ
1367 1781 1781 1860 πνευμάτων,
1858 1778 2031 1843 unde
2097 1765 2367 1843 eandem
2435 1801 2570 1843 rem
2637 1779 2871 1846 Choer.
2940 1781 3007 1843 in
3075 1781 3300 1845 Bekk.

719 1882 967 1948 Anecd.
1026 1879 1181 1962 704,
1240 1881 1323 1948 28
1381 1883 1693 1968 sumpsit,
1760 1890 1938 1945 mota
1993 1883 2324 1967 suspicor3
2386 1880 2503 1945 sed
2569 1903 2736 1968 quae
2793 1905 2856 1968 p.
2906 1884 3059 1964 175,
3118 1884 3296 1947 24-

726 1984 866 2066 176,
919 1984 996 2048 12
1040 1986 1186 2063 περὶ
1229 1986 1545 2049 ευνθέτων
1594 1984 1891 2065 ῥημάτων
1947 1984 2391 2068 reperiuntur,
2448 1982 2616 2047 male
2672 1986 2952 2070 repetita
3006 1996 3158 2050 sunt
3218 2010 3303 2050 ex

720 2111 785 2174 p.
821 2087 963 2167 173,
1010 2085 1111 2150 26.
1189 2086 1374 2166 Quae
1418 2094 1636 2149 tamen
1679 2109 1744 2171 p.
1793 2086 1932 2167 180,
1979 2085 2252 2167 8-181,
2305 2086 2383 2148 14
2425 2083 2763 2171 leguntur,
2810 2108 2938 2151 non
2982 2088 3306 2154 abolenda

720 2188 1030 2270 arbitror,
1101 2209 1250 2252 nam
1316 2210 1518 2273 quum
1581 2186 1741 2252 nihil
1803 2189 1992 2271 insit,
2062 2188 2238 2275 quod
2294 2186 2746 2253 Herodianeae
2812 2189 2892 2253 de
2958 2189 3179 2255 enclisi
3241 2205 3307 2255 et

718 2289 1115 2376 anastropha
1158 2290 1712 2376 praepositionum
1763 2289 2099 2355 doctrinae
2134 2298 2484 2376 repugnet,
2533 2288 2832 2376 exempla
2861 2302 3077 2356 autem
3108 2294 3305 2357 unius

721 2391 1222 2480 praepositionis
1267 2414 1384 2477 pro
1428 2392 1634 2456 altera
1674 2394 1930 2479 positae
1960 2390 2322 2457 Herodiani
2369 2391 2470 2456 vel
2514 2391 2906 2458 admoneant
2953 2393 3064 2478 (cf.
3094 2394 3309 2458 Lehrs

722 2505 972 2581 quaest.
1020 2516 1121 2579 ep.
1165 2517 1227 2580 p.
1260 2495 1340 2558 86
1373 2493 1616 2580 seqq.),
1662 2493 1830 2559 hunc
1888 2495 2173 2558 omnium
2225 2494 2774 2581 praepositionum
2818 2506 3238 2582 conspectum
3269 2519 3311 2560 a

726 2595 1061 2664 Catholica
1104 2618 1232 2660 non
1279 2596 1625 2661 abhorrere
1670 2597 1973 2662 arbitror.

894 2698 1076 2781 Quae
1123 2722 1184 2786 p.
1236 2698 1375 2781 186,
1428 2697 1703 2780 1-192,
1756 2699 1831 2764 16
1877 2703 2022 2780 περὶ
2065 2705 2174 2780 τῆς
2218 2697 2347 2766 τῶν
2391 2701 2606 2767 τόνων
2662 2702 2970 2780 εὑρὲεεωε
3028 2703 3128 2766 καὶ
3171 2710 3309 2768 τῶν

727 2804 1059 2885 εχημὰτων
1116 2803 1332 2868 αὐτῶν
1387 2805 1491 2867 καὶ
1546 2806 1692 2883 περὶ
1737 2804 1992 2882 χρόνων
2049 2806 2151 2869 καὶ
2204 2804 2586 2882 πνευμάτων
2641 2802 2980 2888 leguntur,
3043 2815 3313 2870 exstant

725 2916 978 2971 tantum
1021 2905 1086 2968 in
1133 2904 1274 2969 cod.
1321 2904 1528 2970 Paris,
1576 2904 1661 2985 C,
1709 2902 1951 2968 absunt
1994 2915 2059 2968 et
2104 2926 2142 2968 a
2182 2905 2322 2969 cod.
2368 2905 2577 2970 Paris,
2612 2905 2669 2969 B
2714 2915 2780 2970 et
2821 2905 2905 2969 ab
2938 2905 3311 2972 Havniensi

726 3008 819 3090 A,
878 3007 994 3070 sed
1049 3006 1270 3070 insunt
1320 3008 1387 3070 in
1442 3008 1871 3090 grammatica
1928 3006 2386 3071 Theodosiana
2440 3006 2583 3072 cod.
2644 3006 2792 3071 Par.
2849 3008 3037 3073 2063.
3142 3009 3312 3074 lnde

727 3108 898 3196 quod
964 3109 1031 3171 in
1085 3108 1462 3174 melioribus
1532 3108 1862 3173 codicibus
1921 3109 2187 3172 Arcadii
2255 3109 2415 3173 haec
2482 3109 2805 3196 expositio
2875 3111 3310 3193 desideratur,

727 3209 889 3275 nihil
934 3209 1250 3291 efficitur,
1297 3234 1495 3298 quum
1540 3222 1800 3298 praeter
1844 3211 2013 3274 hanc
2057 3209 2138 3274 de
2194 3221 2577 3276 accentuum
2632 3213 3011 3278 inventione
3067 3222 3133 3276 et
3176 3212 3313 3276 for-

727 3313 851 3377 mis
898 3311 1406 3398 disputationem
1451 3315 1520 3377 in
1562 3314 1643 3377 iis
1690 3314 1890 3377 etiam
1933 3335 2085 3376 vere
2131 3311 2577 3396 Herodianea,
2625 3338 2790 3401 quae
2851 3315 3017 3379 hanc
3076 3315 3314 3381 sectio-

727 3438 874 3480 nem
919 3425 1278 3502 sequuntur
1319 3419 1464 3496 περὶ
1508 3418 1762 3496 χρόνων
1794 3419 1897 3481 καὶ
1939 3416 2321 3495 πνευμάτων
2366 3416 2408 3480 i.
2443 3440 2497 3481 e.
2547 3428 2719 3482 totus
2754 3415 2919 3483 liber
2950 3417 3312 3503 vigesimus

731 3515 1109 3583 Catholicae
1156 3517 1391 3583 desint.
1482 3517 1614 3582 Sed
1658 3518 1726 3580 in
1784 3540 1854 3582 re
1912 3517 2090 3603 ipsa,
2151 3540 2319 3605 quae
2375 3518 2684 3601 traditur,
2743 3530 2807 3584 et
2861 3519 2929 3582 in
2990 3542 3312 3602 sermone,

729 3620 842 3707 qui
886 3620 970 3684 ab
1015 3620 1428 3707 Herodianeo
1475 3620 1723 3702 differt,
1768 3642 2035 3684 causam
2080 3620 2466 3706 suspicionis
2512 3622 2726 3685 inesse
2773 3643 2972 3707 supra
3016 3622 3178 3686 dixi.

900 3722 1148 3803 Sectio,
1196 3744 1361 3809 quae
1406 3745 1469 3807 p.
1508 3722 1649 3803 191,
1689 3723 1732 3784 4
1776 3722 2103 3809 sequitur,
2150 3723 2307 3788 item
2349 3723 2417 3786 in
2463 3723 2686 3787 codice
2731 3732 2990 3788 tantum
3037 3723 3089 3790 C
3133 3734 3197 3789 et
3242 3725 3313 3788 in

730 3824 1157 3911 grammatica
1199 3822 1656 3888 Theodosiana
1698 3824 1941 3908 legitur
1984 3836 2179 3911 atque
2224 3825 2453 3890 eadem
2498 3825 2635 3890 fere
2679 3827 2748 3888 in
2792 3824 3011 3889 Bekk.
3059 3826 3314 3890 Anecd.

731 3929 857 3993 674
901 3936 1191 4009 exstant3
1238 3926 1322 3990 ab
1368 3925 1742 3991 Herodiano
1758 3976 1777 4009 ,
1837 3949 2002 4012 quae
2058 3926 2161 3990 hic
2208 3928 2587 4010 traduntur,
2646 3927 2859 3993 aliena
2902 3951 3046 3993 esse
3090 3926 3195 3992 vel
3243 3928 3315 3992 id

733 4029 1001 4109 evincit,
1049 4028 1223 4115 quod
1266 4029 1436 4107 πάθη
1481 4027 1650 4092 inter
1692 4029 2035 4114 prosodias
2081 4028 2474 4095 referuntur.

901 4131 1136 4195 Paucis
1181 4128 1282 4192 his
1345 4130 1666 4215 exceptis,
1722 4153 1887 4216 quae
1945 4153 2027 4195 ex
2082 4131 2209 4197 alio
2268 4133 2447 4197 fonte
2503 4132 2571 4195 in
2630 4133 2953 4219 epitomen
3010 4131 3316 4197 derivata

732 4244 917 4316 sunt,
987 4230 1207 4297 omnia
1271 4232 1522 4318 reliqua
1585 4243 1650 4298 et
1707 4232 2069 4299 Herodiani
2137 4235 2500 4300 doctrinam
2569 4246 2634 4298 et
2695 4257 3055 4300 sermonem
3110 4235 3313 4299 etiam

728 4343 1241 4424 repraesentant.
1335 4334 1504 4399 Nam
1565 4335 1888 4401 Arcadius
1904 4384 1921 4417 ,
1979 4338 2090 4424 qui
2149 4336 2421 4419 dicitur,
2490 4335 2652 4400 nihil
2711 4335 2969 4402 addidit
3026 4336 3107 4401 de
3166 4359 3311 4417 su0‚

732 4440 848 4506 sed
901 4446 1249 4525 praecepta
1293 4436 1711 4501 Herodianea
1762 4439 1830 4502 in
1888 4439 2153 4504 brevius
2213 4438 2500 4523 redegit,
2568 4440 2663 4503 ita
2716 4448 2789 4503 ut
2856 4440 3051 4503 etiam
3108 4438 3315 4503 verba

733 4542 1015 4608 auctoris
1061 4538 1440 4625 plerumque
1485 4542 1814 4605 retineret.
1903 4541 2072 4605 Nam
2104 4540 2293 4628 ,quod
2337 4564 2400 4627 p.
2431 4542 2536 4624 41,
2583 4542 2668 4605 30
2711 4541 3034 4628 reperitur
3075 4562 3312 4605 nomen

734 4645 1040 4730 (έργιοε,
1093 4641 1266 4727 quod
1323 4641 1695 4706 Meinekius
1749 4643 1836 4707 ad
1890 4643 1986 4708 St.
2043 4644 2120 4707 Β.
2174 4643 2333 4725 222,
2398 4644 2472 4708 13
2539 4643 2751 4709 medio
2820 4644 3078 4709 demum
3145 4664 3309 4707 aevo

733 4744 1210 4831 frequentatum
1240 4767 1384 4809 esse
1415 4743 1780 4824 existimat,
1829 4744 1927 4827 id,
1975 4768 2174 4832 quum
2205 4768 2310 4831 ap.
2342 4745 2629 4831 Theogn.
2660 4747 2765 4827 58,
2798 4747 2880 4811 23
2910 4769 3041 4812 non
3070 4754 3307 4821 exstet,

734 4868 774 4909 a
815 4843 1081 4912 librario
1127 4846 1438 4912 insertum
1487 4869 1630 4912 esse
1674 4846 1986 4927 arbitror,
2046 4847 2149 4911 cui
2208 4847 2526 4912 debentur
2610 4856 2859 4912 ortasse
2914 4849 3111 4913 etiam
3168 4867 3311 4933 per·
