3664 5546
650 331 734 396 90
1581 332 1662 389 ΕΚ
1701 331 1841 386 ΤΩΝ
1884 330 2290 385 ΗΡΩΔΙΑΝΟΥ

650 504 898 587 Θρᾴκης
941 508 1058 570 τοῦ
1101 504 1300 584 Αἵμου
1343 505 1643 587 πληςίον,
1689 506 1790 569 καὶ
1836 503 2109 568 (κόλις
2156 504 2407 582 Ἀχαΐας
2462 503 2647 568 πόλις
2695 502 2797 568 καὶ
2839 501 3058 570 Ψίλις
3102 523 3223 569 πο-

646 608 844 686 ταμός
886 611 997 686 τῆς
1044 608 1332 673 Βιθυνία(
1375 607 1613 686 ἑκρέων
1659 607 1746 671 εἰς
1789 608 1907 672 τόν
1953 606 2248 673 Εὔξεινον
2293 607 2553 671 πόντον.

815 709 908 775 Τὰ
965 711 1054 774 εἰς
1100 698 1197 778 st}
1252 712 1594 790 διςύλλαβα
1649 710 1779 775 ἀπὸ
1840 710 2188 789 ςυμφώνου
2240 708 2596 791 ἀρχόμενα,
2664 707 2718 773 εἰ
2783 711 3223 787 παραλήγοιτο

645 815 830 893 φύςει
875 819 1079 897 μακρᾷ
1120 814 1313 894 χωρὶς
1358 819 1399 878 ἇ
1444 816 1717 894 μακροῦ,
1771 812 2092 895 ὀξύνεται,
2147 812 2368 892 μηλίς
2410 811 2449 890 ἡ
2496 810 2698 892 μηλέα
2750 813 2852 875 καὶ
2897 812 3138 901 Μηλίς
3182 812 3221 890 ἡ

585 931 617 981 5
648 917 858 997 χώρα,
916 919 1220 999 δουλίς,
1277 917 1575 982 Δαυλίς
1618 916 1805 980 πόλις
1849 914 2154 983 Φωκίδος.
2224 915 2508 995 Ὅμηρος
2555 914 2888 979 «Δαυλίδα
2941 916 3044 978 καὶ
3084 914 3221 978 Πα-

644 1022 899 1097 νοπῆα»
946 1021 1021 1101 (Β
1065 1017 1234 1101 520).
1282 1023 1523 1084 δαῦλον
1570 1021 1640 1083 δὲ
1684 1019 1759 1083 τὸ
1805 1019 1978 1083 δαςύ.
2026 1021 2244 1083 δαςεῖα
2289 1020 2359 1105 δὲ
2413 1018 2454 1096 ἡ
2498 1016 2700 1082 πόλις.
2744 1016 3108 1081 Παυςανίας
3150 1017 3222 1081 δὲ

645 1120 890 1205 δεκάτῳ
949 1121 1120 1186 «ἀπὸ
1178 1122 1432 1201 νύμφης
1490 1122 1857 1186 Δαυλίδος»
1904 1122 1984 1203 (ο.
2027 1120 2103 1202 4,
2152 1120 2233 1202 7).
2323 1119 2385 1184 οἱ
2440 1120 2511 1184 δὲ
2576 1118 2839 1196 ὕςτερον
2894 1118 3221 1184 Δαύλειάν

645 1243 797 1303 φαςι
851 1225 1438 1303 προπαροξυτόνως
1493 1226 1595 1289 καὶ
1650 1225 1754 1289 διὰ
1809 1225 2183 1304 διφθόγγου.
2273 1223 2669 1288 ἐναντιοῦται
2724 1221 2801 1285 τό
2856 1225 3128 1301 μαῦλις
3181 1222 3220 1300 ἡ

645 1325 920 1405 μάχαιρα
963 1327 1065 1390 καὶ
1107 1327 1182 1391 τὸ
1227 1329 1458 1404 τῆλις.
1546 1329 1620 1392 τὸ
1666 1329 1736 1392 δ“ε
1782 1329 2003 1392 τᾶλις
2046 1326 2084 1404 ἡ
2131 1326 2531 1405 μελλόγαμος
2579 1325 2655 1390 τό
2701 1328 2742 1387 ἃ
2788 1325 3029 1403 μακρόν
3073 1323 3219 1402 ἔχει.

551 1438 610 1490 10
643 1429 771 1493 Ἔτι
818 1431 1150 1508 βαρύνεται
1195 1429 1297 1494 καὶ
1338 1430 1414 1494 τὸ
1461 1430 1694 1495 Βᾶλις
1737 1430 1925 1494 πόλις
1955 1429 2185 1510 Λιβύης
2228 1429 2392 1506 πρὸς
2435 1434 2510 1511 τῇ
2561 1426 2828 1510 Κυρήνῃ,
2873 1425 3002 1491 ἀπό
3046 1447 3221 1492 τινος

646 1531 933 1613 Βάλεως,
999 1530 1078 1596 οὗ
1144 1533 1244 1595 καὶ
1307 1531 1483 1611 ἱερὸν
1540 1531 1686 1610 ἔχει.
1774 1534 1878 1596 καὶ
1942 1534 2182 1610 μᾶλις.
2250 1532 2353 1596 καὶ
2406 1528 2619 1595 Ἦλις
2672 1529 2860 1593 πόλις
2925 1529 3089 1607 πρὸς
3143 1535 3220 1613 τῇ

645 1633 956 1717 Ὀλυμπίᾳ
1009 1632 1139 1698 ἀπὸ
1193 1635 1414 1699 Ἢλίου
1467 1639 1583 1699 τοῦ
1628 1634 1963 1699 Ταντάλου
2018 1634 2262 1699 παιδός.
2349 1632 2475 1697 ἔςτι
2528 1633 2631 1697 καὶ
2684 1629 2845 1710 ἄλλη
2897 1631 3221 1709 Ἀρκαδίας

644 1737 745 1799 καὶ
789 1736 959 1815 τρίτη
1005 1736 1324 1802 Ἱςπανίας.
1398 1738 1501 1801 καὶ
1546 1736 1714 1802 ὗλις
1758 1737 1797 1815 ἡ
1844 1737 2004 1802 ὑλία.
2056 1737 2158 1800 καὶ
2202 1737 2481 1801 Βοῦλις
2526 1733 2713 1798 πόλις
2756 1733 3045 1798 Φωκίδος
3089 1732 3219 1799 ἀπὸ

645 1838 989 1903 Βούλωνος
1035 1839 1336 1920 οἰκιςτοῦ,
1381 1839 1644 1903 Πῶλις
1690 1839 1877 1904 πόλις
1920 1838 2257 1915 Αἰγύπτου.
2303 1839 2405 1903 καὶ
2447 1836 2668 1901 αὐλις
2709 1837 2747 1914 ἡ
2795 1836 3057 1901 ἔπαυλις
3086 1836 3219 1901 αἰο-

545 1952 607 2001 15
646 1942 869 2021 λικῶς,
928 1940 1165 2005 Αὐλίς
1222 1941 1293 2005 δὲ
1348 1941 1385 2019 ἡ
1431 1941 1617 2005 πόλις
1664 1939 1972 2005 Βοιωτίας
2016 1939 2305 2006 ὀξύνεται
2362 1941 2507 2005 «καὶ
2548 1939 2785 2004 Αὐλίδα
2828 1940 3218 2018 πετρήεςαν»
3311 1969 3315 1972 >

643 2043 720 2124 (B
753 2039 923 2123 496).
968 2042 1006 2120 ἡ
1036 2044 1106 2107 δὲ
1137 2042 1439 2121 αἰτιατική
1479 2042 1714 2108 «Αὖλιν
1759 2044 1824 2105 τ’
1870 2042 2195 2122 ἔςφαγον»
2228 2044 2403 2122 παρὰ
2432 2048 2523 2125 τῷ
2554 2040 2914 2121 Εὐφορίωνι
2960 2040 3065 2124 (fr.
3103 2040 3223 2105 129

642 2143 869 2226 Mein.)
914 2144 1045 2210 ἀπὸ
1100 2145 1346 2209 εὐθείας
1392 2147 1826 2226 βαρυνομένης
1870 2146 2131 2222 γέγονε·
2182 2145 2222 2223 ἡ
2277 2147 2399 2224 γὰρ
2454 2145 2543 2210 εἰς
2596 2148 2662 2211 ἵν
2717 2144 3047 2223 κατάληξις
3090 2144 3221 2209 ἀπὸ

644 2246 1014 2328 βαρυτόνων
1060 2248 1246 2329 ἐςτίν,
1292 2248 1330 2326 ἡ
1377 2248 1447 2312 δὲ
1492 2248 1579 2313 εἰς
1621 2237 1705 2313 δᾶ
1758 2250 1861 2313 καὶ
1919 2248 2289 2329 βαρυτόνων
2343 2249 2446 2312 καὶ
2499 2248 2841 2316 ὀξυτόνων.
2940 2246 3221 2327 Τρύφων

642 2352 717 2416 τὸ
762 2350 950 2416 Αὐλίς
1004 2350 1275 2428 παράγει
1327 2352 1502 2429 παρὰ
1559 2351 1634 2416 τό
1695 2350 2020 2428 ἀλιςθῆναι
2086 2350 2225 2416 ἀλίς
2280 2354 2383 2417 καὶ
2436 2352 2646 2435 αὐλίς,
2712 2352 2810 2417 ὅτι
2876 2350 2964 2415 εἰς
3020 2349 3220 2428 αὐτὴν

540 2466 608 2514 20
646 2452 1061 2532 ἠθροίςθηςαν
1109 2453 1172 2517 οἱ
1201 2453 1534 2533 Ἕλληνες·
1610 2455 1861 2534 βέλτιον
1924 2453 2055 2520 ἀπὸ
2099 2458 2211 2533 τῆς
2240 2453 2511 2519 Αὐλίδος
2555 2459 2668 2532 τῆς
2711 2453 3059 2533 Εὐωνύμου
3103 2456 3220 2517 τοῦ

648 2556 978 2635 Κηφιςςοῦ.

811 2657 905 2722 Τὰ
962 2658 1050 2722 εἰς
1097 2644 1212 2724 ff
1251 2658 1759 2739 ὑπερδιςύλλαβα
1811 2658 1901 2724 εἰς
1956 2663 1999 2723 ᾶ
2045 2660 2244 2741 βραχὺ
2290 2660 2877 2737 προπαραλήγοντα
2920 2660 2957 2737 ἢ
3004 2656 3220 2725 ὀξύνε-

641 2781 741 2825 ται
796 2762 835 2840 ἢ
895 2762 1244 2842 βαρύνεται.
1333 2764 1435 2827 καὶ
1489 2761 1827 2829 ὀξύνονται
1884 2761 2030 2845 μέν,
2087 2762 2205 2827 ὅςα
2258 2762 2555 2841 τυγχάνει
2610 2761 3120 2843 έπιθετικώτερα,
3179 2760 3218 2839 ἢ

641 2862 771 2941 ἔχει
815 2865 931 2941 τὴν
977 2866 1237 2944 πρώτην
1285 2866 1599 2945 ςυλλαβὴν
1644 2865 2125 2944 καταλήγουςαν
2182 2865 2270 2930 εἰς
2314 2870 2350 2930 ν
2405 2864 2682 2945 ἀφώνου
2727 2864 3219 2944 ἐπιφερομένου,

540 2982 606 3032 25
643 2966 988 3031 Ἀτταλίς
1034 2968 1206 3047 φυλὴ
1250 2971 1363 3046 τῆς
1406 2969 1713 3048 Ἀττικῆς,
1758 2968 1838 3045 ἣν
1884 2968 2163 3051 Ἀττάλῳ
2208 2966 2524 3045 ἀνέθηκαν
2567 2968 2917 3048 Ἀθηναῖοι,
2960 2966 3217 3042 Αἰγια-

643 3066 758 3132 λίς
829 3069 989 3147 παρ’
1061 3070 1387 3152 Ἀλκμᾶνι,
1459 3069 1803 3152 Αἰθαλίς,
1883 3069 2232 3151 Οἰχαλίς,
2307 3069 2731 3151 Φαρςαλίς,
2805 3067 3219 3149 Δαιδαλίς,

644 3170 1047 3236 Θετταλίς·
1114 3171 1241 3236 ἔςτι
1298 3174 1399 3237 καὶ
1453 3172 1814 3236 θετταλίς
1871 3171 2166 3251 ὑπόδημά
2217 3193 2276 3235 τι
2334 3172 2556 3255 ποιόν,
2626 3171 3095 3237 ὡς·Λύςιππος
3150 3169 3219 3234 ἐν

645 3270 942 3354 Βάκχαις,
989 3273 1374 3356 Ἀρδαλίς,
1421 3274 1782 3352 Ἀρδαλίδες
1827 3273 1892 3337 αἱ
1936 3278 2155 3353 μοῦςαι
2212 3273 2281 3338 ἐν
2327 3274 2637 3353 Τροιζῆνι.
2706 3272 3007 3355 Ἰταλίς,
3079 3272 3218 3336 Κα-

645 3373 863 3452 βαλίς
918 3374 992 3438 τὸ
1055 3378 1331 3453 θηλυκὸν
1397 3379 1514 3440 τοῦ
1570 3375 1823 3439 ἐθνικοῦ
1890 3376 1980 3439 ὡς
2047 3374 2342 3455 (τράβων
2390 3373 2478 3460 (p.
2524 3374 2678 3456 630)
2744 3373 3105 3450 «ἀπόγονοι
3150 3376 3219 3438 δὲ

541 3488 608 3540 30
643 3473 871 3540 Λυδῶν
916 3476 979 3540 οἱ
1027 3477 1356 3558 Κιβυρᾶται
1399 3482 1530 3542 τῶν
1575 3478 2024 3555 καταςχόντων
2067 3478 2182 3554 τὴν
2232 3477 2547 3557 Καβαλίδα
2562 3501 2606 3540 ».
2664 3477 2701 3541 ὁ
2746 3479 2816 3541 δὲ
2862 3476 3219 3554 πολυίςτωρ

645 3577 1059 3657 Ἀλέξανδρος
1118 3581 1500 3661 Καβάλιςςαν
1557 3582 1708 3659 φηςὶ
1762 3579 1839 3644 τὸ
1883 3581 2175 3659 θηλυκόν.
2265 3579 2680 3661 Τανταλίς,
2735 3578 3137 3644 Πανθαλίς
3180 3579 3218 3655 ἡ

644 3679 997 3757 θεράπαινα
1026 3681 1308 3765 Ἑλένης,
1355 3682 1708 3763 ἀγκαλίς,
1752 3682 1828 3746 τὸ
1873 3683 1995 3759 γὰρ
2041 3684 2080 3757 Ῠ
2124 3681 2192 3745 ἐκ
2235 3685 2351 3745 τοῦ
2383 3686 2468 3763 ν,
2514 3681 2896 3747 δενδαλίς.
2952 3681 3031 3745 τὰ
3077 3681 3218 3760 μέν-

642 3802 742 3846 τοι
806 3787 1236 3864 προςηγορικὰ
1307 3785 1344 3862 ἢ
1420 3784 1603 3861 κύρια
1666 3783 2299 3864 προπαροξύνονται,
2376 3784 2785 3864 βούβαλις,
2862 3785 3217 3864 δάμαλις,

650 3884 1042 3963 βαύκαλις.
1134 3887 1528 3964 Νάρμαλις
1571 3885 1758 3949 πόλις
1799 3885 2112 3966 Πιςιδίας,
2173 3884 2509 3964 Κάβαλις
2566 3885 2752 3950 πόλις
2810 3886 3074 3962 πληςίον
3124 3883 3218 3947 Κι-

543 4001 606 4052 35
646 3987 839 4065 βύρας
881 3989 1044 4065 πρὸς
1102 3989 1298 4053 νότον
1346 3987 1744 4065 Μαιάνδρου.
1836 3987 2133 4067 (τράβων
2184 3987 2651 4070 τριςκαιδεκάτῃ
2695 3988 2788 4072 (p.
2834 3986 3004 4068 629).
3083 3986 3216 4049 Κά-

644 4093 863 4169 ραλις
908 4092 1095 4155 πόλις
1139 4089 1390 4170 Λιβυκή,
1438 4089 1769 4154 (άδαλις
1812 4089 2118 4166 Αἰγυπτία
2160 4090 2377 4172 πόλις,
2437 4089 2716 4154 (ύαλις
2760 4089 2945 4154 πόλις
2993 4090 3218 4152 Μαςτι-

643 4197 837 4256 ανῶν.
925 4192 1322 4270 ςεςημείωται
1386 4192 1462 4256 τὸ
1516 4193 1900 4272 τροφαλίς
1967 4193 2070 4257 ἐπὶ
2124 4197 2322 4271 τυροῦ
2377 4192 2802 4274 ὀξυνόμενον,
2870 4191 2944 4269 ἧς
3012 4195 3219 4270 χρῆςις

780 4380 814 4431 l,
851 4383 882 4430 4
921 4377 1104 4445 Μηλίς
1140 4397 1206 4430 ex
1246 4381 1326 4430 St.
1363 4381 1449 4441 B.‚
1488 4378 1697 4432 Δαυλίς
1736 4397 1801 4430 ex
1842 4381 2033 4431 eodem
2070 4381 2288 4447 explevi
2334 4382 2464 4429 item
2510 4386 2677 4444 atque
2722 4378 2902 4431 Βᾶλις.
3085 4380 3119 4429 l.
3161 4381 3215 4427 11

641 4447 800 4500 Ἦλις
840 4450 1055 4515 explevi
1093 4465 1158 4498 ex
1196 4451 1273 4498 st.
1313 4451 1399 4511 Β.,
1439 4449 1469 4501 Ι.
1515 4454 1573 4499 13
1612 4448 1808 4500 Βοῦλις
1848 4455 1905 4500 et
1940 4447 2135 4501 Πῶλις
2181 4466 2247 4498 ex
2284 4449 2476 4499 eodem
2514 4448 2727 4510 addidi,
2776 4447 2811 4498 1.
2852 4451 2914 4499 14
2958 4445 3219 4498 αἰολικῶς

643 4533 710 4566 ex
751 4519 831 4567 St.
869 4519 928 4567 B.
966 4519 1081 4576 321,
1125 4519 1210 4567 15:
1248 4515 1502 4568 ὀξύνεται
1538 4515 1607 4567 τὸ
1645 4515 1870 4569 Δαυλίς.
1940 4516 2010 4567 τὸ
2047 4516 2107 4569 δὲ
2143 4517 2301 4569 αὖλις
2337 4514 2599 4568 αἰολικῶς
2637 4515 2947 4582 βαρύνεται.
3085 4516 3118 4568 l.
3160 4516 3220 4564 16

641 4583 677 4646 ἡ
717 4584 777 4635 δὲ
813 4583 1088 4648 αἰτιατικὴ
1126 4612 1189 4618 *—
1231 4585 1263 4634 l.
1306 4588 1366 4634 18
1403 4584 1693 4636 ὀξυτόνων
1732 4591 1859 4635 sunt
1895 4602 1964 4635 ex
2000 4586 2063 4635 11.
2102 4589 2190 4637 Pr.
2218 4584 2257 4637 Β
2294 4588 2410 4642 496,
2460 4584 2710 4649 Τρύφων
2746 4600 2917 4649 neque
2954 4585 3024 4634 ad
3062 4583 3219 4634 finem

645 4669 712 4701 ex
751 4655 830 4705 st.
857 4656 917 4704 Β.
961 4656 1069 4715 147,
1115 4656 1153 4702 1.
1226 4653 1535 4717 Tryphonis
1572 4655 1997 4718 originationem
2033 4654 2250 4704 nomine
2293 4668 2580 4718 suppresso
2617 4654 2882 4719 praebent
2920 4654 3085 4703 etiam
3122 4653 3165 4700 Ε
3206 4691 3218 4703 .

644 4721 800 4773 Hom.
839 4725 921 4772 25.
960 4725 1010 4780 4,
1050 4723 1110 4770 E.
1151 4722 1223 4770 M.
1269 4724 1380 4784 170,
1425 4723 1505 4780 18,
1543 4722 1636 4771 ubi
1675 4737 1766 4785 pro
1802 4719 2013 4774 αὐλίζω
2053 4721 2397 4772 scribendum
2434 4720 2620 4774 ἁλίζω.
2792 4720 2828 4770 l.
2863 4725 2927 4772 ‘25
2966 4668 3218 4772 Ἀτταλίς

643 4815 710 4822 —-
749 4786 982 4851 Καβαλίς
1021 4790 1144 4840 1.*38
1181 4805 1248 4838 ex
1276 4790 1355 4839 St.
1383 4791 1444 4838 B.
1561 4789 1595 4838 1.
1620 4793 1686 4839 34
1726 4787 2005 4852 Νάρμαλις
2041 4806 2213 4854 usque
2254 4789 2323 4838 ad
2361 4787 2560 4841 (ὐαλις
2597 4805 2662 4840 ex
2703 4790 2779 4839 St.
2807 4791 2869 4839 B.
2978 4788 3010 4838 1.
3037 4792 3102 4839 36
3139 4800 3219 4838 ςε-

646 4855 947 4920 ςημείωται
985 4855 1053 4908 τὸ
1090 4854 1362 4922 τροφαλὶς
1399 4873 1466 4908 ex
1503 4857 1760 4910 Eustath.
1805 4861 1949 4920 1339,
1992 4861 2052 4908 19
2089 4865 2146 4908 et
2179 4859 2297 4921 620,
2340 4860 2399 4907 14
2437 4857 2638 4923 (Schol.
2676 4857 2745 4908 ad
2782 4857 2844 4907 11.
2881 4854 2918 4908 Ε
2955 4860 3078 4919 903,
3117 4855 3216 4907 An.
