3664 5546
1193 348 1353 404 ΠΕΡΙ
1394 348 1785 404 ΚΑΘΟΛΙΚΗ(
1822 347 2245 403 ΠΡΟΕΩιΔΙΑ(
2284 348 2363 403 ΙΑ.
2952 345 3080 411 289

488 520 716 585 νατία
769 520 1158 599 χερρόνηςος
1214 520 1317 584 καὶ
1372 519 1612 596 χωρίον
1667 518 1911 583 Λυκίας.
1999 518 2416 596 ’Ἀλέξανδρος
2471 516 2540 581 ἐν
2598 511 2879 601 δευτέρῳ
2933 518 3081 595 περὶ

488 624 730 689 Λυκίας.
800 623 1073 698 Μαγία,
1099 622 1285 686 πόλις
1330 618 1647 699 Ἰλλυρίας.
1695 620 2006 699 Μαριάμ
2021 620 2147 699 μία
2190 619 2377 684 πόλις
2421 617 2754 683 Φοινίκων.
2825 620 3077 682 Μακε-

488 726 610 789 τία
653 728 846 804 μοῖρα
891 723 1291 788 Μακεδονίας
1347 722 1435 785 ὡς
1485 720 1786 798 Μαρςύας
1844 720 1914 784 ἐν
1970 722 2210 803 πρώτῳ
2257 722 2716 785 Μακεδονικῶν
2775 720 2917 783 «καὶ
2959 720 3076 796 τὴν

492 824 850 904 Ὀρεςτείαν
896 827 967 889 δὲ
1014 824 1335 889 Μακετίαν
1382 823 1673 898 λέγουςιν
1707 820 1863 886 -ἀπό
1916 825 2035 886 τοῦ
2083 822 2533 904 Μακεδόνος»,
2587 821 2755 886 ἀλλὰ
2808 822 2909 884 καὶ
2961 823 3078 899 τὴν

490 928 650 1007 ὅλην
699 928 1106 993 Μακεδονίαν
1164 920 1483 990 Μακετίαν
1541 923 1720 988 οἶδεν
1766 922 2254 1002 ὀνομαζομένην
2313 923 2655 1003 Κλείδημος
2710 923 2781 987 ἐν
2836 924 3076 1006 πρώτῳ
3106 934 3140 983 5

493 1030 772 1093 Ἀτθίδος
818 1029 960 1093 «καὶ
1004 1030 1419 1111 ἐξῳκίςθηςαν
1450 1027 1612 1103 ὑπὲρ
1643 1026 1758 1090 τὸν
1789 1026 2089 1100 Αἰγιαλὸν
2121 1023 2258 1089 ἄνω
2298 1028 2410 1102 τῆς
2439 1025 2836 1103 καλουμένης
2870 1026 3077 1088 Μακε-

492 1130 626 1194 τίας
642 1155 685 1192 ».
750 1129 1049 1194 Μαςτία
1078 1130 1264 1194 πόλις
1293 1129 1458 1207 πρὸς
1486 1131 1625 1191 ταῖς
1656 1127 2049 1205 Ἡρακλείαις
2095 1128 2363 1205 ςτήλαις.
2424 1126 2831 1190 Μεδυλλία
2874 1126 3080 1208 πόλις,

495 1232 821 1310 Ἀλβανῶν
848 1231 1058 1312 κτίςις,
1082 1230 1409 1310 Ῥωμαίων
1441 1228 1727 1293 ἄποικος.
1771 1229 2119 1293 Διονύςιος
2149 1226 2205 1304 γ’
2234 1227 2580 1306 Ῥωμαῖκῆς
2612 1228 3081 1306 ἀρχαιολογίας.

495 1332 740 1396 Μελία
782 1332 970 1396 πόλις
1018 1330 1261 1410 Καρίας.
1306 1331 1630 1395 Ἑκαταῖος
1671 1333 2107 1405 γενεαλογιῶν
2153 1328 2224 1393 δ’.
2283 1328 2671 1419 Ναυπλία,
2717 1329 2903 1393 πόλις
2932 1330 3078 1407 Ἄρ-

492 1452 666 1507 γους.
712 1432 1011 1513 (τράβων
1042 1432 1244 1515 ὀγδόῃ
1268 1433 1359 1516 (p.
1384 1431 1539 1513 368)
1564 1431 1735 1496 «ἀπὸ
1766 1436 1885 1495 τοῦ
1917 1433 2053 1494 ταῖς
2084 1432 2264 1494 ναυςὶ
2292 1433 2805 1507 προςπλεῖςθαι».
2851 1430 3080 1495 Ξιλία
3119 1442 3181 1492 ιο

493 1533 678 1597 πόλις
708 1533 955 1613 Λιβύης.
1002 1534 1417 1612 Ἀλέξανδρος
1463 1532 1559 1615 ἐν,
1577 1533 1767 1621 τρίτῳ
1797 1532 2102 1612 Λιβυκῶν.
2166 1530 2511 1609 Ὀρεςτία
2552 1533 2628 1596 τὸ
2675 1532 2856 1610 ἥμιςυ
2888 1533 3080 1611 μέρος

497 1634 796 1713 Μεγάλης
834 1634 1104 1698 Πόλεως
1147 1634 1279 1698 ἀπὸ
1324 1639 1433 1712 τῆς
1489 1638 1606 1697 τοῦ
1652 1632 1953 1715 Ὀρέςτου
1997 1632 2362 1710 παρουςίας.
2442 1632 2566 1697 ἔςτι
2623 1635 2726 1697 καὶ
2777 1633 2963 1697 πόλις
3010 1632 3080 1696 έν

495 1736 833 1817 Ὀρέςταις,
857 1736 927 1799 ἐν
959 1724 1093 1813 ὄρει
1118 1735 1548 1818 ὑπερκειμένῳ
1578 1739 1689 1813 τῆς
1715 1736 2152 1810 Μακεδονικῆς
2174 1737 2305 1811 γῆς.
2353 1734 2455 1797 καὶ
2484 1732 2743 1811 ἄλλη-ἑν
2769 1734 3079 1818 Ἀρκαδίᾳ.

499 1837 904 1901 Μελανδία
946 1837 1127 1915 χώρα
1179 1835 1495 1900 Ειθωνίας.
1586 1836 1975 1915 Θεόπομπος
2031 1841 2396 1918 τριακοςτῷ·
2432 1835 2621 1919 τρίτῳ
2665 1835 3079 1900 Φιλιππικῶν.

499 1939 901 2003 Μεςςαπία
972 1939 1152 2016 χώρα
1216 1937 1527 2013 Ἰαπυγίας
1598 1936 1915 2015 προςεχὴς
1980 1935 2271 2013 Τάραντι.
2383 1937 2635 2015 Μηδία
2689 1937 2882 2015 χώρα
2946 1940 3084 2001 ταῖς
3124 1947 3187 1997 15

502 2038 794 2104 Καςπίαις
829 2040 1341 2118 παρακεκλιμένη
1385 2037 1630 2102 πύλαις,
1698 2038 2021 2102 Ἑκαταῖος
2047 2038 2247 2120 ιἈςίᾳ.
2304 2036 2435 2100 ἀπὸ
2483 2037 2713 2115 Μήδου
2757 2038 2900 2102 υἱοῦ
2948 2039 3083 2117 Μη-

498 2140 685 2205 δείας.
761 2141 1177 2220 Μολορχία
1219 2141 1405 2205 πόλις
1453 2140 1694 2218 Νεμέας
1738 2139 1872 2204 ἀπὸ
1919 2139 2272 2216 Μολόρχου
2327 2141 2443 2201 τοῦ
2495 2139 2853 2205 ξενίςαντος
2896 2139 3083 2217 Ἡρα-

498 2242 651 2305 κλέα
695 2241 970 2306 ἀπιόντα
1014 2242 1119 2305 έπὶ
1162 2244 1279 2307 τὸν
1311 2241 1549 2317 ἀγῶνα.
1597 2240 2010 2317 Μουνυχία
2056 2241 2239 2317 λιμὴν
2272 2239 2546 2316 Ἀττικῆς
2588 2239 2719 2307 ἀπὸ
2753 2241 3082 2318 Μονύχου.

500 2344 746 2417 λέγεται
791 2345 893 2406 καὶ
925 2342 1250 2420 Μωνυχία.
1301 2341 1684 2420 Μοψοπία
1727 2342 1766 2419 ἡ
1814 2342 2053 2417 Ἀττικὴ
2098 2339 2230 2404 ἀπὸ
2264 2340 2623 2421 Μόψοπος,
2675 2341 3083 2420 Καλλίμαχος.

501 2443 905 2507 Μυλαντία
958 2443 1121 2521 ἄκρα
1175 2443 1244 2507 ἐν
1304 2442 1554 2524 Καμίρῳ
1609 2445 1719 2520 τῆς
1774 2440 2005 2504 Ῥόδου
2059 2439 2191 2504 άπὸ
2252 2441 2595 2506 Μύλαντος
2647 2445 2763 2506 τοῦ
2816 2443 3083 2520 πρώτου
3118 2450 3186 2499 20

499 2544 803 2621 εὑρόντος
849 2543 918 2606 ἐν
962 2551 1054 2626 τῷ
1100 2545 1214 2626 βίῳ
1256 2544 1372 2622 τὴν
1418 2546 1534 2606 τοῦ
1579 2543 1784 2620 μύλου
1830 2545 2066 2621 χρῆςιν.
2115 2542 2594 2606 Μαςαιςυλία
2637 2544 2818 2622 χώρα
2850 2543 3081 2623 Λιβύης

499 2646 816 2722 προςεχὴς
844 2651 922 2727 τῇ
966 2651 1097 2708 τῶν
1132 2643 1574 2720 Μαυρουςίων.
1623 2642 1916 2707 Μυςτία
1960 2642 2144 2706 πόλις
2175 2641 2514 2707 (αυνιτῶν.
2573 2644 2860 2734 Φίλιςτος
2904 2645 3078 2708 ἑνδε-

501 2744 688 2828 κάτῳ.
737 2744 971 2811 Ναξία
1014 2745 1199 2809 πόλις
1248 2744 1489 2823 Καρίας,
1566 2743 1981 2821 Ἀλέξανδρος
2026 2743 2096 2807 ἐν
2141 2744 2378 2828 πρώτῳ
2423 2745 2570 2824 περὶ
2618 2746 2860 2824 Καρίας.
2931 2747 3091 2811 Νο-·

501 2845 778 2925 μαντία
806 2847 993 2909 πόλις
1024 2845 1298 2925 Ἰβηρίας.
1345 2845 1539 2923 Ἰόβας
1571 2845 1640 2909 ἐν
1675 2846 1956 2927 δευτέρῳ
1987 2844 2334 2923 Ῥωμαϊκῆς
2372 2844 2843 2924 ἀρχαιολογίας.
2902 2849 3077 2923 λέγε-

499 2967 601 3011 ται
646 2948 717 3011 δὲ
762 2948 864 3011 καὶ
907 2948 1011 3010 διὰ
1054 2950 1164 3024 τῆς
1211 2952 1306 3011 ο-ῡ.
1362 2947 1647 3011 Νοςτία
1688 2948 1865 3026 κώμη
1912 2934 2253 3024 Ἀρκαδίας.
2301 2947 2690 3026 Θεόπομπος
2733 2956 3082 3032 τριακοςτῶ
3120 2956 3185 3004 ’25

501 3048 779 3132 δευτέρῳ
835 3048 1250 3112 Φιλιππικῶν.
1325 3047 1627 3112 Ξουθία
1669 3048 1857 3112 πόλις
1903 3046 2195 3111 (ικελίας.
2268 3047 2557 3112 Φίλιςτος
2612 3050 2803 3132 τρίτῳ
2855 3048 3082 3114 Εικελι-

501 3156 649 3213 κῶν.
696 3148 958 3227 Ὀλβία
1000 3137 1187 3213 πόλις
1230 3149 1575 3227 Λιγυςτική.
1634 3150 1902 3227 δευτέρα
1946 3148 2132 3212 πόλις
2177 3148 2246 3211 έν
2276 3149 2530 3231 Πόντῳ,
2576 3150 2749 3228 τρίτη
2797 3150 3085 3216 Βιθυνίας

499 3249 631 3315 ἀπὸ
678 3236 927 3328 Ὀλβίας
970 3251 1241 3331 νύμφης.
1301 3250 1568 3328 τετάρτη
1612 3249 2031 3330 Παμφυλίας,
2078 3251 2168 3314 ῶς
2212 3249 2444 3314 Φίλων.
2511 3251 2762 3329 πέμπτη
2810 3251 3083 3330 Ἰβηρίας.

499 3350 647 3429 ἕκτη
704 3349 1003 3428 Εαρδοῦς.
1077 3351 1310 3431 ἑβδόμη
1358 3351 1671 3429 Ἰλλυρίας.
1746 3350 1949 3429 ὀγδόη
1995 3350 2480 3428 Ἑλληςπόντου.
2555 3351 2746 3430 ἐνάτη
2800 3351 3084 3415 Κιλικίας.

501 3450 881 3530 Ὀλυμπία
923 3452 961 3529 ἡ
1006 3451 1325 3529 πρότερον
1370 3452 1538 3515 Πῖςα
1571 3452 1900 3530 λεγομένη.
1990 3450 2370 3528 Ὀρτυγία.
2461 3452 2667 3516 οὕτως
2711 3452 3000 3516 ἐκαλεῖτο
3046 3453 3085 3530 ἡ
3122 3463 3189 3510 3⁴»

497 3553 784 3631 Ἔφεςος.
858 3553 1284 3631 Παμφυλία
1328 3555 1507 3631 χώρα
1550 3554 1866 3630 προςεχὴς
1921 3559 1998 3636 τῇ
2047 3553 2323 3636 Ἰςάυρίᾳ.
2395 3553 2854 3618 Παλλαντία
2897 3554 3085 3618 πόλις

500 3652 775 3732 Ἰβηρίας.
847 3653 1426 3731 Παραποταμία
1482 3654 1667 3717 πόλις
1713 3653 2019 3717 Φωκίδος.
2093 3653 2494 3730 Πελαςγία
2545 3656 2725 3733 χώρα
2781 3659 2898 3719 τοῦ
2941 3655 3086 3733 Ἀρ-

499 3775 672 3829 γους.
730 3752 936 3818 οὕτως
983 3753 1270 3817 ἐκαλεῖτο
1316 3755 1420 3819 καὶ
1463 3757 1501 3832 ἡ
1548 3755 1841 3832 Ἀρκαδία
1851 3803 1873 3836 ,
1920 3755 2009 3817 ῶς
2059 3754 2372 3819 Νικόλαος
2416 3756 2686 3839 πέμπτῃ.
2743 3755 3089 3834 Πετηλία

500 3855 686 3919 πόλις
733 3855 1008 3932 Ἰταλικὴ.
1054 3855 1433 3918 Πικεντία
1475 3856 1661 3919 πόλις
1692 3855 2060 3933 Τυρρηνίας.
2106 3855 2375 3931 Φλέγων
2422 3859 2493 3920 δὲ
2522 3857 2838 3922 Πικεντόν
2883 3856 3083 3933 αὐτὴν

501 3959 695 4020 καλεῖ.
751 3954 1147 4031 Περαντία
1190 3956 1377 4019 πόλις
1420 3955 1740 4020 Αἰτωλίας.
1797 3956 2117 4020 Πιςιδία
2161 3958 2357 4034 χώρα.
2412 3957 2856 4022 Πλακεντία
2899 3957 3084 4020 πόλις
3123 3965 3188 4014 35»

500 4056 809 4133 Λιγύρων.
882 4056 1239 4134 Πορθμία
1282 4057 1386 4120 καὶ
1427 4055 1758 4135 Πόρθμιον
1803 4057 1979 4134 κώμη
2025 4057 2096 4120 ἐν
2141 4064 2231 4139 τῷ
2278 4058 2533 4134 ςτόματι
2577 4062 2688 4135 τῆς
2724 4059 3088 4121 Μαιώτιδος

503 4157 738 4235 λίμνης.
803 4156 1232 4234 Πραιτετία
1277 4156 1516 4233 χωρίον
1562 4156 1666 4220 ἐπὶ
1698 4160 1826 4220 -τοῦ
1875 4156 2139 4233 Ἀδρίου.
2212 4157 2512 4235 Πτυχία
2557 4162 2749 4236 νῆςος
2792 4159 2968 4236 παρὰ
3011 4165 3087 4242 τῇ

505 4258 801 4340 Κερκύρᾳ.
878 4256 1139 4321 Ῥοδία
1195 4256 1382 4320 πόλις
1425 4256 1668 4321 Λυκίας.
1755 4257 2220 4321 Ῥοδουντία
2274 4257 2513 4335 χωρίον
2567 4260 2832 4338 πληςίον
2880 4258 3087 4337 Οἴτης.

499 4358 791 4423 *Ροιτία
844 4358 1031 4422 πόλις
1077 4357 1394 4435 Βάκτρων.
1482 4357 1866 4436 Ῥωμυλία
1918 4362 2051 4422 τῶν
2108 4357 2179 4421 έν
2225 4358 2449 4440 Ἰταλίᾳ
2506 4357 2829 4424 Εαυνιτῶν
2886 4360 3088 4425 πόλις.

504 4458 888 4539 (ἶαββατία
931 4459 1107 4537 κώμη
1158 4458 1432 4536 Κελτική.
1493 4457 1880 4537 (αγαρτία
1923 4459 2311 4536 χερρόνηςος
2354 4460 2530 4537 παρὰ
2573 4466 2648 4544 τῇ
2698 4460 2934 4543 Καςπίᾳ
2979 4466 3087 4524 θα-
3125 4471 3192 4520 40

505 4560 711 4643 λάςςῃ.
786 4559 1215 4624 Εαλλεντία
1258 4560 1443 4624 πόλις
1490 4558 1890 4623 Μεςςαπίων.
1965 4558 2353 4638 Εαρματία
2395 4561 2434 4638 ἡ
2480 4561 2675 4639 χώρα.
2750 4560 3091 4640 (αμυλία

503 4661 688 4725 πόλις
723 4659 949 4737 Καρίας
983 4660 1291 4725 Μοτύλου
1337 4660 1553 4738 κτίςμα
1594 4664 1713 4724 τοῦ
1756 4662 1873 4737 τὴν
1904 4658 2161 4738 Ἑλένην
2208 4661 2309 4723 καὶ
2335 4659 2545 4738 Πάριν
2591 4662 3088 4740 ὑποδεξαμένου.

505 4759 887 4840 (ερμυλία
929 4761 1113 4827 πόλις
1162 4762 1337 4840 παρὰ
1384 4763 1499 4827 τὸν
1540 4762 1744 4844 Ἄθω,
1789 4761 1880 4825 ῶς
1909 4761 2249 4826 Ἑκαταῖος.
2339 4761 2564 4841 Εητία
2605 4764 2790 4828 πόλις
2832 4762 3090 4830 Ἰταλίας

575 4892 954 4930 naaonuuvs.
992 4882 1037 4932 1.
2599 4864 2677 4928 19
