3664 5546
1183 388 1342 443 ΠΕΡΙ
1384 388 1778 444 ΚΑΘΟΛΙΚΗΕ
1814 387 2238 443 ΠΡΟΕΩιΔΙΑ(
2277 388 2348 441 lii.
2931 386 3062 451 439

466 561 667 641 ταμὸν
711 560 1107 625 κελάδοντα»
1154 556 1262 642 (11.
1309 559 1354 623 C
1396 558 1700 641 {affl-cuc
1755 559 1886 623 ἀπὸ
1933 559 2310 639 βαρυτόνου.
2400 559 2476 623 τὸ
2530 557 2782 639 φείδω
2837 557 3057 638 φείδο-

466 684 572 744 μαι
601 697 687 709 --
713 663 790 727 τὸ
823 663 895 726 δὲ
939 661 1061 725 ἀπ’
1102 661 1306 725 αὐτοῦ
1336 662 1775 741 μεταγόμενον
1819 665 2023 740 φιδῶ
2068 660 2194 741 ἀφ’
2238 658 2318 726 οὗ
2363 661 2779 739 πεφιδήςεται
2811 660 3069 724 ςυςτέλ-·

467 769 584 831 λον
647 766 764 844 τὴν
830 764 1329 842 παραλῆγουςαν
1395 766 1771 839 περιςπᾶται
1835 797 1921 809 -
1986 762 2253 841 ψεύδω
2296 763 2674 844 ζψεύδομαι,
2751 760 3058 826 ςπεύδω

466 867 851 949 ςπεύδομαι,
895 864 1172 943 ἐρείδω
1216 863 1566 946 ἐρείδομαι,
1612 864 1886 946 ἀείδω,
1932 863 2125 928 αἴδω
2173 864 2278 928 ἐπὶ
2308 867 2426 928 τοῦ
2457 862 2851 945 αἰςχύνομαι,
2895 854 3058 941 ὅπερ

465 971 567 1034 καὶ
608 971 981 1047 περιςπᾶται
1023 1001 1111 1014 ——
1151 967 1591 1044 παραλήγουςι
1638 966 1990 1049 διφθόγγῳ.
3082 974 3115 1023 5

633 1088 728 1152 Τὰ
782 1086 870 1151 εἰς
921 1073 1020 1150 {Tu—J
1064 1084 1302 1163 ἔχοντα
1346 1083 1419 1149 ἐν
1471 1090 1547 1165 τῇ
1602 1084 1731 1162 πρὸ
1786 1084 2017 1147 τέλους
2073 1086 2351 1167 ςυλλαβῇ
2407 1086 2471 1166 ἒ,
2528 1084 2581 1165 ᾧ
2635 1083 3057 1149 ὑποτέτακται

463 1191 502 1269 ἢ
549 1190 900 1269 ςύμφωνον
943 1188 982 1265 ἢ
1029 1186 1454 1255 ὑποτακτικὸν
1491 1188 1789 1266 φωνῆεν,
1837 1183 2205 1267 βαρύνεται,
2251 1185 2307 1249 εἰ
2350 1186 2432 1266 μὴ
2477 1184 2640 1264 παρ’
2683 1185 2893 1264 ὄνομα
2936 1183 3056 1267 εἴη,

465 1291 801 1370 ςπένδω,
870 1289 1101 1371 ἔρδω,
1167 1286 1476 1368 ἅμέρδω
1539 1287 1615 1351 τὸ
1674 1285 2003 1369 ςτερίςκω,
2071 1286 2304 1369 εὕδω,
2373 1290 2710 1367 ςπεύδω,
2772 1285 3053 1367 φείδω,

466 1393 699 1457 δείδω
743 1393 817 1456 τὸ
850 1393 1207 1472 φοβοῦμαι,
1252 1388 1438 1453 εἴδω
1482 1390 1586 1453 καὶ
1629 1387 1828 1453 εἰδῶ.
1875 1389 1951 1453 τὸ
1997 1389 2070 1452 δὲ
2114 1391 2396 1470 κερδῶ,
2443 1387 2541 1452 ὅτι
2575 1387 2835 1470 κέρδος,
2879 1407 3053 1465 περι-

466 1497 710 1560 ςπᾶται.
1012 1550 1027 1575 ,
1702 1506 1711 1515 “
3091 1496 3157 1548 10

633 1611 727 1675 Τὰ
779 1610 871 1675 εἰς
924 1598 1022 1674 Sili
1063 1609 1560 1688 παραληγόμενα
1588 1613 1679 1691 τῷ
1711 1611 1752 1671 ὃ
1779 1610 2186 1690 περιςπᾶται,
2231 1611 2531 1691 ςποδῶ,
2565 1610 2820 1689 ποδῶ,
2866 1607 3053 1672 οἰδῶ

465 1715 539 1780 τὸ
586 1712 881 1795 οἰδαίνω,
926 1710 1204 1793 ἀοιδῶ,
1249 1709 1400 1775 ὅθεν
1446 1709 1688 1774 ἀοιδιῶ.
2269 1782 2293 1809 x

635 1828 875 1897 Τὰ,εἰς
918 1818 1019 1894 δῖο-
1068 1829 1577 1909 παραληγόμενα,
1619 1834 1712 1911 τῷ
1758 1831 1843 1912 ὦ,
1899 1828 1955 1893 εἰ
2009 1827 2170 1906 παρ’
2213 1827 2432 1917 ὄνομα,
2476 1828 2573 1909 εἴη
2586 1879 2605 1913 ,
2659 1830 3055 1910 περιςπᾶται,

465 1937 909 2016 κιθαρῳδῶ,
968 1935 1343 2017 κωμψδῶ,
1388 1934 2225 2029 τραγῳδῶυμονῳδῶ,
2281 1934 2642 2014 μελῳδῶ,
2689 1930 3051 2014 ὑμνῳδῶ,

469 2038 823 2119 ληρῳδῶ,
869 2032 1013 2112 μεθ’
1057 2031 1151 2097 ὧν
1196 2031 1300 2097 καὶ
1342 2030 1614 2110 ὀπηδῶ
1658 2031 1762 2096 καὶ
1806 2030 2019 2096 αὐδῶ
2064 2032 2167 2096 καὶ
2209 2036 2448 2096 νωδῶ.
2737 2112 2744 2119 ᾕ
3093 2042 3153 2091 15

631 2153 725 2218 Τὰ
780 2151 868 2216 εἰς
918 2138 1019 2216 ’δῶ
1073 2151 1144 2217 ἐν
1204 2156 1281 2235 τῇ
1345 2151 1475 2230 πρὸ
1533 2151 1761 2214 τέλους
1822 2148 2059 2229 ἔχοντα
2119 2148 2196 2215 τὸ
2240 2153 2275 2213 ἶ
2327 2150 2416 2215 εἰς
2476 2151 2551 2215 τὸ
2597 2152 2634 2215 ν
2688 2152 3052 2227 καταλῆγον

465 2257 831 2337 βαρύνεται,
875 2252 1198 2336 ἀλίνδω,
1246 2251 1621 2335 καλίνδω,
1666 2250 2012 2316 κυλίνδω
2058 2251 2138 2329 «ἡ
2187 2253 2259 2316 δὲ
2303 2252 2724 2331 κυλινδομένη
2767 2252 3052 2330 καναχὴν

463 2357 610 2436 ἔχε»
643 2352 752 2438 (ΙΙ.
783 2357 849 2420 Π
871 2353 1046 2437 794),
1093 2353 1894 2437 «προπροκυλινδόμενος»
1927 2350 2084 2434 (od.
2118 2373 2154 2431 ρ
2186 2350 2359 2435 525),
2407 2355 2609 2435 «μέγα
2649 2357 2814 2432 κῦμα
2844 2353 3053 2418 κυλίν-

463 2463 637 2525 δων»
684 2453 841 2539 (Οά.
875 2474 906 2519 ε
935 2454 1106 2537 296).
1192 2459 1393 2519 ταῦτα
1436 2456 1507 2520 δὲ
1552 2454 1653 2519 καὶ
1695 2457 2087 2533 περιςπᾶται.

631 2575 726 2639 Τὰ
779 2572 867 2638 εἰς
915 2559 1014 2639 διῖι
1060 2573 1430 2655 διςύλλαβα,
1479 2572 1533 2638 εἰ
1576 2572 1709 2652 ἔχει
1752 2572 1827 2637 τὸ
1873 2575 1915 2636 ἆ
1961 2576 2161 2650 λῆγον
2205 2573 2276 2639 ἐν
2320 2580 2397 2657 τῇ
2441 2574 2571 2653 πρὸ
2628 2574 2859 2640 τέλους
2904 2576 3047 2640 ςυλ-
3086 2584 3154 2636 20

466 2680 654 2760 λαβῇ,
698 2678 1102 2758 περιςπᾶται,
1147 2696 1199 2755 φ
1213 2679 1419 2753 ραδῶ
1464 2675 1539 2739 τὸ
1586 2674 2003 2755 βουλεύομαι·
2048 2674 2104 2739 εἰ
2147 2676 2365 2756 μέντοι
2409 2675 2500 2740 εἰς
2545 2675 2896 2757 ςύμφωνον
2939 2696 3049 2740 κα-
3237 2662 3256 2679 “

463 2966 616 3017 Aah&
654 2935 865 3015 inse‘rto
903 2964 1090 3015 addidi
1125 2964 1472 3029 participium
1509 2962 1766 3014 κελάδων
1804 2979 1929 3014 cum
1963 2964 2258 3015 Homerico
2304 2939 2626 3014 testimoiiio
2664 2981 2733 3015 ει
2767 2966 2835 3020 11.
2868 2966 2959 3016 Pr.
2998 2965 3047 3017 φ

464 3037 550 3085 16:
590 3031 873 3085 κελάδων;
913 3030 1330 3096 βαρυτονητέον
1365 3031 1475 3095 τὴν
1511 3029 1774 3095 μετοχὴν.
1821 3029 2164 3084 κελάδοντος
2198 3031 2304 3097 γὰρ
2340 3031 2375 3094 ἡ
2414 3030 2636 3096 γενική,
2673 3032 2765 3084 καί
2801 3032 2837 3095 ή
2875 3030 3048 3085 αἰτια-

459 3102 585 3167 τικὴ
624 3099 935 3152 κελάδοντα
968 3098 1126 3164 «πὰρ
1161 3098 1425 3162 ποταμὸν
1463 3100 1642 3163 κτλ.»,
1680 3098 2153 3176 οὐψκελαδοῦντα.
2220 3101 2293 3151 cf.
2321 3099 2515 3150 Choer.
2541 3101 2719 3166 Epim.
2756 3103 2815 3152 in
2846 3101 3049 3156 Psalm.

463 3189 586 3250 123,
624 3189 684 3248 2,
730 3185 831 3235 An.
865 3185 1043 3235 Paris.
1081 3184 1162 3233 111
1200 3186 1325 3245 299,
1363 3184 1420 3233 8;
1474 3183 1549 3233 τὰ
1600 3180 1679 3235 εἰς
1732 3184 1814 3236 δω
1870 3183 2123 3247 λήγοντα
2169 3182 2391 3248 ῥήματα
2435 3183 2581 3249 ὑπὲρ
2627 3183 2727 3236 δύο
2774 3184 3047 3248 ςυλλαβὰς

462 3253 667 3318 ἔχοντα
701 3253 810 3315 τὴν
846 3252 959 3316 πρὸ
995 3250 1196 3302 τέλους
1232 3250 1513 3314 ςυλλαβὴν
1559 3247 1638 3302 εἰς
1675 3254 1912 3316 φωνῆεν
1959 3249 2240 3314 λήγουςαν
2277 3254 2639 3316 περιςπᾶται,
2690 3249 2738 3304 εἰ
2776 3253 2850 3316 μὴ
2886 3251 3047 3316 τύχοι

461 3324 511 3372 ἒῑ
546 3319 850 3384 δίφθογγος
895 3317 1020 3370 οἷον
1065 3316 1295 3382 ὀπηδῶ,
1340 3332 1372 3367 τ
1409 3318 1618 3384 αγῳδῶ
1667 3318 1939 3383 ληρωδῶ,
1978 3318 2260 3383 ςταφιδῶ,
2309 3317 2503 3382 όμαδῶ
2551 3319 2642 3371 καί
2688 3320 2938 3385 κελαδῶ,
2976 3320 3047 3373 τὸ

462 3389 567 3453 γὰρ
605 3386 868 3440 Κελάδων
907 3384 1255 3438 Κελάδοντος
1294 3384 1355 3437 ἑτ
1387 3401 1471 3452 ρῳ
1511 3385 1664 3453 λόγῳ
1703 3385 2092 3451 κατώρθωται.
2162 3385 2436 3450 ἐξέφυγεν
2480 3386 2587 3453 ἄρα
2622 3388 2692 3440 τὸ
2739 3385 2909 3440 ἀείδω
2956 3388 3047 3439 καί

463 3469 676 3538 ἑρείδω.
722 3476 779 3521 et
815 3471 936 3522 eod.
972 3470 1074 3522 loc.
1109 3471 1209 3523 An.
1246 3464 1511 3533 Paris.sss'
1547 3470 1753 3521 κανών.
1798 3469 1872 3522 τὰ
1909 3468 1986 3522 εἰς
2022 3471 2104 3522 δω
2141 3469 2286 3536 ὑπὲρ
2321 3470 2424 3522 δύο
2460 3470 2733 3535 ςυλλαβὰς
2770 3471 3049 3537 περιςπώ-

464 3554 604 3603 μενα
640 3537 893 3601 ὀνόματα
929 3538 1041 3604 ἔχει
1078 3535 1543 3603 προκατάρχοντα
1579 3537 1785 3601 ὅμαδος
1824 3538 2047 3604 όμαδῶ,
2088 3537 2320 3590 κέλαδος
2358 3538 2606 3604 κελαδῶ,
2643 3541 2714 3592 τὸ
2750 3538 2919 3592 ἀείδω
2957 3554 3028 3591 κα

460 3604 658 3673 ἐρείδω
704 3604 807 3658 οὐκ
853 3606 980 3670 ἔχει.
1048 3606 1203 3657 Idem
1244 3605 1303 3655 in
1340 3608 1441 3670 Ep.
1480 3606 1568 3655 Cr.
1608 3608 1630 3656 1
1668 3611 1759 3670 21,
1797 3609 1847 3658 8.
1885 3635 1947 3644 -
1994 3607 2031 3656 l.
2071 3610 2102 3656 2
2148 3606 2297 3671 φιδῶ
2345 3609 2552 3658 inserui
2601 3625 2669 3659 ex
2715 3610 2779 3661 E.
2817 3610 2891 3660 M.
2930 3611 3046 3672 122,

461 3680 545 3738 40,
583 3676 685 3740 Ep.
722 3675 811 3725 Cr.
848 3676 875 3725 Ι
912 3677 962 3737 7,
998 3677 1056 3724 3:
1095 3672 1436 3738 Ἡρωδιανὸς
1475 3671 1625 3735 λέγει
1662 3673 1748 3725 ὅτι
1784 3674 1856 3725 τὰ
1891 3672 2007 3724 ἀπὸ
2047 3674 2377 3739 βαρυτόνων
2423 3675 2779 3739 μεταγόμενα
2825 3673 2904 3727 εἰς
2951 3689 3047 3728 πε-

460 3741 816 3808 ριςπώμενον
851 3740 1130 3793 ςυςτέλλει
1165 3741 1273 3805 τὴν
1311 3741 1762 3806 παραλήγουςαν.
1799 3770 1866 3778 —-
1901 3741 2125 3794 ςπεύδω
2162 3740 2466 3805 ςπεύδομαι
2503 3744 2684 3795 adieci
2719 3761 2786 3795 ex
2822 3745 3048 3796 Lascar.

462 3814 579 3872 169,
618 3813 698 3872 14,
734 3807 904 3860 ἀείδω
944 3826 1011 3860 ex
1046 3809 1182 3861 locis
1218 3809 1403 3874 paullo
1443 3805 1573 3861 anie
1610 3808 1881 3872 laudatis,
1919 3808 2062 3861 αἶδω
2101 3827 2168 3861 ex
2205 3811 2454 3876 Theogn.
2495 3814 2609 3875 140,
2649 3815 2733 3862 32.
2940 3812 2976 3862 1.
3013 3815 3047 3864 8

461 3878 606 3943 ἔρδω
643 3878 839 3943 scripsi
872 3893 1003 3928 cum
1028 3879 1254 3928 Lascar.
1292 3879 1405 3939 169,
1445 3879 1509 3927 16
1545 3894 1643 3943 pro
1676 3877 1854 3943 ἔρδω,
1892 3876 2059 3930 δείδω
2098 3883 2226 3929 ante
2264 3879 2548 3942 φοβοῦμαι
2575 3879 2848 3930 excidisse
2873 3881 3046 3930 auim-

461 3948 705 3997 advertit
744 3944 990 3996 Schmidt
1024 3945 1095 3995 cf.
1133 3946 1272 3995 Lob.
1307 3945 1500 3996 Rhem.
1537 3949 1618 3997 73.
1780 3947 1816 3996 l.
1860 3950 1919 3996 11
1959 3945 2118 3998 ποδῶ
2159 3947 2264 4008 (sic
2301 3947 2570 4001 Thesaur.
2608 3962 2705 4012 pro
2744 3946 2922 4010 μοδῶ)
2961 3963 3047 3998 re-

460 4014 583 4080 cepi
621 4029 689 4063 ex
724 4013 972 4078 Theogn.
1016 4015 1129 4075 141,
1165 4015 1197 4062 4
1233 4018 1289 4063 et
1334 4011 1468 4064 ὅθεν
1514 4012 1705 4066 ἀοιδιῶ
1753 4014 1944 4064 addidi
1989 4031 2057 4064 ex
2103 4030 2253 4066 more
2297 4014 2649 4064 Herodianeo
2699 4019 2922 4064 secutus
2959 4013 3047 4064 Cr.

458 4084 562 4133 An.
599 4081 700 4132 Ox.
726 4082 754 4131 Ι
779 4081 863 4144 69,
900 4083 965 4134 Ε.
994 4082 1067 4134 Μ.
1108 4083 1225 4142 113,
1260 4083 1344 4144 24,
1382 4082 1642 4132 Favorin.
1681 4082 1801 4131 Ecl.
1842 4085 1962 4132 114:
2010 4081 2125 4133 ἀπὸ
2170 4085 2273 4133 τοῦ
2321 4080 2508 4132 ἀοιδός
2545 4083 2826 4146 παρῆκται
2869 4078 3043 4132 ἀοιδῶ

460 4148 588 4201 εἶτα
623 4147 814 4199 ἀοιδιῶ
854 4149 925 4198 cf.
961 4148 1097 4199 Lob.
1136 4148 1325 4199 Rhem.
1363 4152 1427 4200 73
1464 4155 1521 4199 et
1561 4151 1673 4206 155.
1778 4149 1813 4202 1.
1856 4152 1919 4200 14
1957 4148 2198 4214 μονῳδῶ
2237 4165 2306 4200 ex
2342 4149 2500 4200 Lasc.
2530 4150 2645 4210 169,
2671 4151 2764 4213 22,
2803 4147 3043 4214 μελῳδῶ

457 4215 704 4283 ὑμνῳδῶ
744 4216 926 4266 adieci
961 4231 1029 4267 ex
1065 4215 1310 4280 Theogn.
1350 4218 1472 4276 141,
1514 4220 1601 4278 10,
1648 4216 1892 4282 ληρῳδῶ
1942 4232 2009 4266 ex
2045 4217 2242 4267 Choer.
2277 4216 2454 4281 Epim.
2496 4219 2616 4277 123,
2655 4219 2704 4267 2.
2741 4243 2805 4253 -
2842 4215 3043 4280 δπηδῶ

458 4302 526 4336 ex
560 4286 787 4335 Lascar.
821 4285 1005 4349 recepi
1039 4300 1137 4349 pro
1172 4283 1397 4333 Arcadii
1432 4283 1623 4348 πηδῶ,
1662 4283 1830 4335 νωδῶ
1872 4285 2111 4334 accessit
2145 4300 2212 4333 ex
2250 4283 2498 4348 Theogn.
2537 4286 2651 4346 141,
2688 4287 2770 4348 4.ἐ
2902 4284 2938 4335 1.
2981 4286 3042 4335 1‘1

458 4369 553 4418 pro
590 4350 909 4404 καταλίνδω
944 4352 1170 4403 Arcadii
1205 4352 1364 4416 posui
1400 4350 1645 4403 καλίνδω
1692 4369 1760 4401 ex
1795 4351 2044 4416 Theogn.
2083 4354 2205 4412 141,
2245 4353 2333 4407 12;
2382 4349 2635 4415 exempla
2679 4352 2751 4402 ad
2798 4349 3042 4404 κυλίνδω

458 4422 692 4486 apposui
728 4436 793 4470 ex
827 4420 891 4475 11.
929 4420 1019 4469 Pr.
1048 4418 1087 4471 Ρ
1111 4420 1236 4470 688:
1274 4416 1542 4470 κυλίνδει;
1586 4416 1939 4483 Ἀρίςταρχος
1977 4416 2230 4482 βαρύνει,
2267 4415 2441 4479 ὑγιῶς
2477 4416 2627 4469 πάνυ
2663 4418 2752 4471 διὰ
2784 4419 2857 4471 τὰ
2893 4419 3043 4484 κινή-

458 4503 605 4551 ματα
640 4485 1017 4540 «κυλίνδετο»
1052 4489 1194 4550 γοῠν
1229 4501 1399 4552 φηςιν
1436 4487 1560 4549 (Od.
1598 4489 1631 4538 θ
1667 4490 1759 4548 81;
1798 4487 1830 4537 λ
1869 4489 2018 4544 698),
2056 4483 2180 4548 οὐχὶ
2218 4483 2560 4537 ἐκυλινδεῖτο
2606 4487 2696 4537 καί
2731 4486 2811 4550 «ἡ
2851 4485 2912 4539 δὲ
2949 4503 3042 4539 κυ-

456 4555 753 4620 λινδομὲνη
791 4556 945 4608 κτλ.»
981 4554 1067 4606 διὸ
1105 4553 1195 4606 καί
1233 4553 1450 4619 βαρέως
1494 4554 1602 4618 τὴν
1643 4551 1922 4605 κυλίνδων
1957 4551 2413 4616 ἀναγινώςκομεν
2450 4565 2480 4602 4(
2493 4552 2635 4616 μέγα
2670 4557 2818 4618 κῦμα
2854 4554 3038 4606 κυλίν-

457 4622 616 4677 δων»
653 4624 780 4686 (Od.
819 4639 846 4676 ε
882 4625 1022 4688 296).
1093 4623 1276 4674 Schol.
1324 4621 1395 4672 ad
1433 4621 1533 4672 Od.
1577 4636 1613 4673 α
1665 4624 1790 4672 162:
1839 4618 2106 4672 κυλίνδει;
2156 4619 2309 4685 παρὰ
2352 4623 2438 4686 τῷ
2485 4625 2692 4688 ποιητῇ
2739 4621 3036 4688 βαρύνεται

457 4689 557 4743 ἀεί.
625 4692 801 4757 δῆλον
836 4691 899 4743 ἐκ
936 4694 1039 4743 τοῦ
1078 4686 1789 4756 «προπροκυλινδόμενος»
1825 4687 1916 4740 καὶ
1954 4689 2098 4752 «ἥτε
2133 4688 2562 4754 κυλινδομένη».
2630 4692 2811 4742 ταῦτα
2848 4689 2909 4742 δὲ
2945 4692 3035 4743 καί

459 4763 789 4823 περιςπᾶται
822 4761 881 4810 in
916 4759 1021 4810 fine
1059 4759 1250 4810 addidi
1286 4763 1344 4808 et
1379 4760 1603 4830 propter
1648 4756 1796 4807 locos
1839 4756 1996 4808 modo
2044 4758 2354 4823 propositos
2404 4763 2461 4808 et
2505 4765 2731 4824 propter
2766 4759 3037 4827 Theogn„

458 4845 550 4908 qui
585 4845 742 4898 dicit:
778 4843 852 4896 τὰ
887 4843 975 4896 διὰ
1019 4846 1123 4896 τοῦ
1161 4844 1297 4896 ινδῶ
1344 4839 1567 4908 ῥήματα
1614 4840 2011 4906 περιςπώμενα
2056 4840 2144 4893 διὰ
2185 4843 2289 4894 τοῦ
2327 4844 2360 4894 ἶ
2395 4841 2598 4907 γράφει
2641 4843 2750 4908 τὴν
2785 4843 3037 4909 παραλή·
