<?xml version="1.0" encoding="UTF-8"?>
<!DOCTYPE html PUBLIC "-//W3C//DTD XHTML 1.0 Transitional//EN"
    "http://www.w3.org/TR/xhtml1/DTD/xhtml1-transitional.dtd">
<html xmlns="http://www.w3.org/1999/xhtml" xml:lang="en" lang="en">
 <head>
  <title>
</title>
<meta http-equiv="Content-Type" content="text/html;charset=utf-8" />
  <meta name='ocr-system' content='tesseract 3.04.00' />
  <meta name='ocr-capabilities' content='ocr_page ocr_carea ocr_par ocr_line ocrx_word'/>
</head>
<body>
  <div class='ocr_page' id='page_1' title='image "./grammaticigraec02unkngoog_0640.png"; bbox 0 0 3664 5546; ppageno 0'>
   <div class='ocr_carea' id='block_1_1' title="bbox 594 250 2546 363">
    <p class='ocr_par' dir='ltr' id='par_1_1' title="bbox 594 250 2546 363">
     <span class='ocr_line' id='line_1_1' title="bbox 594 250 2546 363; baseline -0.011 0"><span class='ocrx_word' id='word_1_1' title='bbox 594 298 723 363; x_wconf 84' lang='lat'>394</span> <span class='ocrx_word' id='word_1_2' title='bbox 1529 250 1612 349; x_wconf 77' lang='grc' dir='ltr'>εκ</span> <span class='ocrx_word' id='word_1_3' title='bbox 1650 295 1790 348; x_wconf 83' lang='grc' dir='ltr'>τΩΝ</span> <span class='ocrx_word' id='word_1_4' title='bbox 1832 295 2240 349; x_wconf 79' lang='grc' dir='ltr'>ΗΡΩΔιΑΝοΥ</span> <span class='ocrx_word' id='word_1_5' title='bbox 2513 325 2546 341; x_wconf 76' lang='grc'><strong><em>,</em></strong></span> 
     </span>
    </p>
   </div>
   <div class='ocr_carea' id='block_1_2' title="bbox 390 466 3177 1967">
    <p class='ocr_par' dir='ltr' id='par_1_2' title="bbox 390 466 3177 1967">
     <span class='ocr_line' id='line_1_2' title="bbox 593 466 3175 546; baseline -0.002 -12"><span class='ocrx_word' id='word_1_6' title='bbox 593 468 822 546; x_wconf 81' lang='grc' dir='ltr'>δεκάτη</span> <span class='ocrx_word' id='word_1_7' title='bbox 865 469 940 532; x_wconf 90' lang='grc' dir='ltr'>τὸ</span> <span class='ocrx_word' id='word_1_8' title='bbox 986 467 1374 544; x_wconf 84' lang='grc' dir='ltr'>Ἀργολικόν.</span> <span class='ocrx_word' id='word_1_9' title='bbox 1461 466 1763 543; x_wconf 83' lang='grc' dir='ltr'>ἑνδεκάτη</span> <span class='ocrx_word' id='word_1_10' title='bbox 1809 466 1848 544; x_wconf 82' lang='grc' dir='ltr'><strong>ἡ</strong></span> <span class='ocrx_word' id='word_1_11' title='bbox 1894 466 2195 530; x_wconf 85' lang='grc' dir='ltr'>Φαιάκων</span> <span class='ocrx_word' id='word_1_12' title='bbox 2239 466 2559 546; x_wconf 85' lang='grc' dir='ltr'>Ὑπέρεια.</span> <span class='ocrx_word' id='word_1_13' title='bbox 2644 468 2880 545; x_wconf 84' lang='grc' dir='ltr'>Ἄργος</span> <span class='ocrx_word' id='word_1_14' title='bbox 2925 469 2996 531; x_wconf 77' lang='grc' dir='ltr'>δὲ</span> <span class='ocrx_word' id='word_1_15' title='bbox 3041 487 3175 545; x_wconf 85' lang='grc' dir='ltr'>ςχε-</span> 
     </span>
     <span class='ocr_line' id='line_1_3' title="bbox 593 567 3175 653; baseline -0.002 -17"><span class='ocrx_word' id='word_1_16' title='bbox 593 573 712 636; x_wconf 89' lang='grc' dir='ltr'>δόν</span> <span class='ocrx_word' id='word_1_17' title='bbox 756 574 886 635; x_wconf 85' lang='grc' dir='ltr'>πᾶν</span> <span class='ocrx_word' id='word_1_18' title='bbox 930 568 1157 633; x_wconf 81' lang='grc' dir='ltr'>πεδίον</span> <span class='ocrx_word' id='word_1_19' title='bbox 1204 567 1362 633; x_wconf 85' lang='grc' dir='ltr'>κατὰ</span> <span class='ocrx_word' id='word_1_20' title='bbox 1406 567 1736 632; x_wconf 84' lang='grc' dir='ltr'>θάλαςςαν.</span> <span class='ocrx_word' id='word_1_21' title='bbox 1827 568 2060 632; x_wconf 85' lang='grc' dir='ltr'>Βῖδος</span> <span class='ocrx_word' id='word_1_22' title='bbox 2105 569 2424 648; x_wconf 89' lang='grc' dir='ltr'>φρούριον</span> <span class='ocrx_word' id='word_1_23' title='bbox 2470 569 2541 634; x_wconf 86' lang='grc' dir='ltr'>ἐν</span> <span class='ocrx_word' id='word_1_24' title='bbox 2587 569 2849 653; x_wconf 80' lang='grc' dir='ltr'>(ικελίᾳ.</span> <span class='ocrx_word' id='word_1_25' title='bbox 2922 568 3175 647; x_wconf 84' lang='grc' dir='ltr'>εὕρηται</span> 
     </span>
     <span class='ocr_line' id='line_1_4' title="bbox 593 668 3175 749; baseline -0 -13"><span class='ocrx_word' id='word_1_26' title='bbox 593 675 665 736; x_wconf 78' lang='grc' dir='ltr'>δὲ</span> <span class='ocrx_word' id='word_1_27' title='bbox 708 672 811 736; x_wconf 84' lang='grc' dir='ltr'>καὶ</span> <span class='ocrx_word' id='word_1_28' title='bbox 854 671 959 734; x_wconf 88' lang='grc' dir='ltr'>διὰ</span> <span class='ocrx_word' id='word_1_29' title='bbox 1003 671 1362 749; x_wconf 84' lang='grc' dir='ltr'>διφθόγγου</span> <span class='ocrx_word' id='word_1_30' title='bbox 1407 672 1509 734; x_wconf 83' lang='grc' dir='ltr'>καὶ</span> <span class='ocrx_word' id='word_1_31' title='bbox 1551 670 1656 733; x_wconf 86' lang='grc' dir='ltr'>διὰ</span> <span class='ocrx_word' id='word_1_32' title='bbox 1699 672 1814 732; x_wconf 83' lang='grc' dir='ltr'>τοῦ</span> <span class='ocrx_word' id='word_1_33' title='bbox 1858 670 1906 732; x_wconf 86' lang='grc' dir='ltr'>ῑ.</span> <span class='ocrx_word' id='word_1_34' title='bbox 1981 668 2254 748; x_wconf 84' lang='grc' dir='ltr'>Ἕρμος</span> <span class='ocrx_word' id='word_1_35' title='bbox 2299 669 2391 735; x_wconf 79' lang='grc' dir='ltr'>ὥς</span> <span class='ocrx_word' id='word_1_36' title='bbox 2435 670 2622 748; x_wconf 84' lang='grc' dir='ltr'>ἕρκος</span> <span class='ocrx_word' id='word_1_37' title='bbox 2667 670 3025 749; x_wconf 72' lang='grc' dir='ltr'>οὐδετέρως</span> <span class='ocrx_word' id='word_1_38' title='bbox 3067 674 3175 747; x_wconf 81' lang='grc' dir='ltr'>δῆ-</span> 
     </span>
     <span class='ocr_line' id='line_1_5' title="bbox 594 770 3176 855; baseline -0.001 -18"><span class='ocrx_word' id='word_1_39' title='bbox 594 794 711 853; x_wconf 89' lang='grc' dir='ltr'>μος</span> <span class='ocrx_word' id='word_1_40' title='bbox 763 775 875 850; x_wconf 85' lang='grc' dir='ltr'>τῆς</span> <span class='ocrx_word' id='word_1_41' title='bbox 921 772 1369 849; x_wconf 80' lang='grc' dir='ltr'>Ἀκαμαντίδος</span> <span class='ocrx_word' id='word_1_42' title='bbox 1421 774 1646 852; x_wconf 82' lang='grc' dir='ltr'>φυλῆς.</span> <span class='ocrx_word' id='word_1_43' title='bbox 1734 770 1983 845; x_wconf 84' lang='grc' dir='ltr'>λέγεται</span> <span class='ocrx_word' id='word_1_44' title='bbox 2038 771 2142 834; x_wconf 84' lang='grc' dir='ltr'>καὶ</span> <span class='ocrx_word' id='word_1_45' title='bbox 2184 771 2421 851; x_wconf 79' lang='grc' dir='ltr'>Ἕρμοι.</span> <span class='ocrx_word' id='word_1_46' title='bbox 2497 773 2860 852; x_wconf 84' lang='grc' dir='ltr'>τέμενος·</span> <span class='ocrx_word' id='word_1_47' title='bbox 2891 772 3031 855; x_wconf 35' lang='grc' dir='ltr'>,ἔςτι</span> <span class='ocrx_word' id='word_1_48' title='bbox 3074 773 3176 836; x_wconf 77' lang='grc' dir='ltr'>καὶ</span> 
     </span>
     <span class='ocr_line' id='line_1_6' title="bbox 517 872 3174 952; baseline 0.001 -18"><span class='ocrx_word' id='word_1_49' title='bbox 517 884 550 934; x_wconf 82' lang='lat'>5</span> <span class='ocrx_word' id='word_1_50' title='bbox 596 875 943 952; x_wconf 84' lang='grc' dir='ltr'>Τέμενος</span> <span class='ocrx_word' id='word_1_51' title='bbox 998 874 1198 938; x_wconf 87' lang='grc' dir='ltr'>τόπος</span> <span class='ocrx_word' id='word_1_52' title='bbox 1241 872 1516 937; x_wconf 78' lang='grc' dir='ltr'>(ικελίας</span> <span class='ocrx_word' id='word_1_53' title='bbox 1573 872 1701 937; x_wconf 87' lang='grc' dir='ltr'>ὑπὸ</span> <span class='ocrx_word' id='word_1_54' title='bbox 1755 872 1871 937; x_wconf 84' lang='grc' dir='ltr'>τὰς</span> <span class='ocrx_word' id='word_1_55' title='bbox 1930 872 2274 937; x_wconf 83' lang='grc' dir='ltr'>Ἐπιπολὰς</span> <span class='ocrx_word' id='word_1_56' title='bbox 2325 875 2490 951; x_wconf 86' lang='grc' dir='ltr'>πρὸς</span> <span class='ocrx_word' id='word_1_57' title='bbox 2544 877 2682 938; x_wconf 87' lang='grc' dir='ltr'>ταῖς</span> <span class='ocrx_word' id='word_1_58' title='bbox 2737 873 3174 952; x_wconf 78' lang='grc' dir='ltr'>(υρακούςαις.</span> 
     </span>
     <span class='ocr_line' id='line_1_7' title="bbox 592 973 3174 1065; baseline -0 -26"><span class='ocrx_word' id='word_1_59' title='bbox 592 977 667 1040; x_wconf 90' lang='grc' dir='ltr'>τὸ</span> <span class='ocrx_word' id='word_1_60' title='bbox 722 975 1083 1065; x_wconf 82' lang='grc' dir='ltr'>ἔλεγχος,</span> <span class='ocrx_word' id='word_1_61' title='bbox 1137 976 1213 1039; x_wconf 89' lang='grc' dir='ltr'>τὸ</span> <span class='ocrx_word' id='word_1_62' title='bbox 1271 974 1574 1055; x_wconf 87' lang='grc' dir='ltr'>ςκότος,</span> <span class='ocrx_word' id='word_1_63' title='bbox 1627 974 1704 1037; x_wconf 85' lang='grc' dir='ltr'>τὸ</span> <span class='ocrx_word' id='word_1_64' title='bbox 1760 973 2085 1052; x_wconf 88' lang='grc' dir='ltr'>τάριχος</span> <span class='ocrx_word' id='word_1_65' title='bbox 2139 974 2370 1051; x_wconf 85' lang='grc' dir='ltr'>γέγονε</span> <span class='ocrx_word' id='word_1_66' title='bbox 2430 976 2589 1039; x_wconf 85' lang='grc' dir='ltr'>κατὰ</span> <span class='ocrx_word' id='word_1_67' title='bbox 2645 976 3001 1054; x_wconf 83' lang='grc' dir='ltr'>μεταβολὴν</span> <span class='ocrx_word' id='word_1_68' title='bbox 3057 978 3174 1038; x_wconf 85' lang='grc' dir='ltr'>τοῦ</span> 
     </span>
     <span class='ocr_line' id='line_1_8' title="bbox 591 1074 3173 1157; baseline -0 -16"><span class='ocrx_word' id='word_1_69' title='bbox 591 1078 823 1152; x_wconf 83' lang='grc' dir='ltr'>γένους</span> <span class='ocrx_word' id='word_1_70' title='bbox 868 1076 938 1139; x_wconf 82' lang='grc' dir='ltr'>ἐκ</span> <span class='ocrx_word' id='word_1_71' title='bbox 980 1080 1098 1139; x_wconf 84' lang='grc' dir='ltr'>τοῦ</span> <span class='ocrx_word' id='word_1_72' title='bbox 1142 1075 1180 1138; x_wconf 99' lang='lat'>6</span> <span class='ocrx_word' id='word_1_73' title='bbox 1224 1074 1521 1157; x_wconf 84' lang='grc' dir='ltr'>ἔλεγχος,</span> <span class='ocrx_word' id='word_1_74' title='bbox 1565 1074 1605 1139; x_wconf 96' lang='lat'>6</span> <span class='ocrx_word' id='word_1_75' title='bbox 1650 1076 1904 1156; x_wconf 88' lang='grc' dir='ltr'>ςκότος,</span> <span class='ocrx_word' id='word_1_76' title='bbox 1950 1075 1988 1138; x_wconf 94' lang='lat'>6</span> <span class='ocrx_word' id='word_1_77' title='bbox 2031 1076 2308 1154; x_wconf 89' lang='grc' dir='ltr'>τάριχος.</span> <span class='ocrx_word' id='word_1_78' title='bbox 2382 1075 2446 1140; x_wconf 86' lang='grc' dir='ltr'>αἱ</span> <span class='ocrx_word' id='word_1_79' title='bbox 2490 1078 2561 1141; x_wconf 81' lang='grc' dir='ltr'>δὲ</span> <span class='ocrx_word' id='word_1_80' title='bbox 2607 1077 2869 1156; x_wconf 85' lang='grc' dir='ltr'>μετοχαὶ</span> <span class='ocrx_word' id='word_1_81' title='bbox 2909 1076 3173 1143; x_wconf 85' lang='grc' dir='ltr'>ὀξύνον-</span> 
     </span>
     <span class='ocr_line' id='line_1_9' title="bbox 591 1176 1750 1260; baseline -0.003 -17"><span class='ocrx_word' id='word_1_82' title='bbox 591 1199 723 1260; x_wconf 89' lang='grc' dir='ltr'>ται,</span> <span class='ocrx_word' id='word_1_83' title='bbox 767 1180 842 1241; x_wconf 86' lang='grc' dir='ltr'>τὸ</span> <span class='ocrx_word' id='word_1_84' title='bbox 887 1176 1259 1259; x_wconf 87' lang='grc' dir='ltr'>τετυφός,</span> <span class='ocrx_word' id='word_1_85' title='bbox 1304 1176 1750 1255; x_wconf 84' lang='grc' dir='ltr'>πεποιηκός.</span> 
     </span>
     <span class='ocr_line' id='line_1_10' title="bbox 762 1278 3174 1361; baseline 0 -19"><span class='ocrx_word' id='word_1_86' title='bbox 762 1279 856 1342; x_wconf 89' lang='grc' dir='ltr'>Τὰ</span> <span class='ocrx_word' id='word_1_87' title='bbox 910 1278 999 1343; x_wconf 88' lang='grc' dir='ltr'>εἰς</span> <span class='ocrx_word' id='word_1_88' title='bbox 1042 1281 1110 1361; x_wconf 61' lang='grc' dir='ltr'>ζεῖ</span> <span class='ocrx_word' id='word_1_89' title='bbox 1165 1282 1484 1356; x_wconf 83' lang='grc' dir='ltr'>μονογενῆ</span> <span class='ocrx_word' id='word_1_90' title='bbox 1530 1278 2119 1360; x_wconf 85' lang='grc' dir='ltr'>προπαροξύνεται,</span> <span class='ocrx_word' id='word_1_91' title='bbox 2169 1279 2660 1359; x_wconf 83' lang='grc' dir='ltr'>Κυνόςαργες</span> <span class='ocrx_word' id='word_1_92' title='bbox 2706 1278 3053 1358; x_wconf 87' lang='grc' dir='ltr'>γυμνάςιον</span> <span class='ocrx_word' id='word_1_93' title='bbox 3103 1279 3174 1342; x_wconf 85' lang='grc' dir='ltr'>ἐν</span> 
     </span>
     <span class='ocr_line' id='line_1_11' title="bbox 498 1377 3175 1463; baseline 0.002 -26"><span class='ocrx_word' id='word_1_94' title='bbox 498 1388 560 1438; x_wconf 88' lang='lat'>10</span> <span class='ocrx_word' id='word_1_95' title='bbox 594 1387 671 1463; x_wconf 83' lang='grc' dir='ltr'>τῇ</span> <span class='ocrx_word' id='word_1_96' title='bbox 716 1380 958 1461; x_wconf 84' lang='grc' dir='ltr'>Ἀττικῇ</span> <span class='ocrx_word' id='word_1_97' title='bbox 1003 1379 1107 1442; x_wconf 84' lang='grc' dir='ltr'>καὶ</span> <span class='ocrx_word' id='word_1_98' title='bbox 1151 1382 1380 1461; x_wconf 84' lang='grc' dir='ltr'>δῆμος,</span> <span class='ocrx_word' id='word_1_99' title='bbox 1425 1377 1557 1444; x_wconf 88' lang='grc' dir='ltr'>ἀπὸ</span> <span class='ocrx_word' id='word_1_100' title='bbox 1601 1380 1886 1461; x_wconf 88' lang='grc' dir='ltr'>Διόμου,</span> <span class='ocrx_word' id='word_1_101' title='bbox 1931 1379 2048 1459; x_wconf 75' lang='grc' dir='ltr'>ἀφ’</span> <span class='ocrx_word' id='word_1_102' title='bbox 2092 1378 2170 1444; x_wconf 84' lang='grc' dir='ltr'>οὗ</span> <span class='ocrx_word' id='word_1_103' title='bbox 2226 1380 2264 1444; x_wconf 92' lang='lat'>6</span> <span class='ocrx_word' id='word_1_104' title='bbox 2309 1385 2523 1459; x_wconf 82' lang='grc' dir='ltr'>χῶρος</span> <span class='ocrx_word' id='word_1_105' title='bbox 2571 1381 2858 1459; x_wconf 85' lang='grc' dir='ltr'>Ἀθήνηςι</span> <span class='ocrx_word' id='word_1_106' title='bbox 2901 1380 3175 1459; x_wconf 87' lang='grc' dir='ltr'>Διόμεια</span> 
     </span>
     <span class='ocr_line' id='line_1_12' title="bbox 390 1480 3174 1564; baseline 0 -20"><span class='ocrx_word' id='word_1_107' title='bbox 390 1486 398 1492; x_wconf 90' lang='grc'><em>“</em></span> <span class='ocrx_word' id='word_1_108' title='bbox 591 1484 890 1545; x_wconf 82' lang='grc' dir='ltr'>καλεῖται.</span> <span class='ocrx_word' id='word_1_109' title='bbox 945 1480 1196 1557; x_wconf 83' lang='grc' dir='ltr'>Δίομος</span> <span class='ocrx_word' id='word_1_110' title='bbox 1238 1482 1362 1558; x_wconf 88' lang='grc' dir='ltr'>γὰρ</span> <span class='ocrx_word' id='word_1_111' title='bbox 1391 1481 1687 1557; x_wconf 88' lang='grc' dir='ltr'>Ἡρακλεῖ</span> <span class='ocrx_word' id='word_1_112' title='bbox 1732 1481 1823 1545; x_wconf 78' lang='grc' dir='ltr'>ὡς</span> <span class='ocrx_word' id='word_1_113' title='bbox 1868 1486 1995 1564; x_wconf 79' lang='grc' dir='ltr'>θεῷ</span> <span class='ocrx_word' id='word_1_114' title='bbox 2025 1481 2200 1546; x_wconf 86' lang='grc' dir='ltr'>θύων</span> <span class='ocrx_word' id='word_1_115' title='bbox 2243 1482 2324 1545; x_wconf 86' lang='grc' dir='ltr'>τὰ</span> <span class='ocrx_word' id='word_1_116' title='bbox 2363 1481 2655 1548; x_wconf 85' lang='grc' dir='ltr'>ξενώςων</span> <span class='ocrx_word' id='word_1_117' title='bbox 2682 1480 2776 1563; x_wconf 69' lang='lat'>(22)</span> <span class='ocrx_word' id='word_1_118' title='bbox 2819 1481 2959 1558; x_wconf 78' lang='grc' dir='ltr'>ἱερὰ</span> <span class='ocrx_word' id='word_1_119' title='bbox 2988 1480 3174 1559; x_wconf 85' lang='grc' dir='ltr'>Ἡρα-</span> 
     </span>
     <span class='ocr_line' id='line_1_13' title="bbox 593 1568 3175 1664; baseline 0 -19"><span class='ocrx_word' id='word_1_120' title='bbox 593 1585 730 1645; x_wconf 86' lang='grc' dir='ltr'>κλεῑ</span> <span class='ocrx_word' id='word_1_121' title='bbox 781 1581 921 1662; x_wconf 85' lang='grc' dir='ltr'>ἥρῳ</span> <span class='ocrx_word' id='word_1_122' title='bbox 950 1568 1173 1647; x_wconf 52' lang='lat' dir='ltr'>s{helie</span> <span class='ocrx_word' id='word_1_123' title='bbox 1228 1582 1330 1644; x_wconf 86' lang='grc' dir='ltr'>καὶ</span> <span class='ocrx_word' id='word_1_124' title='bbox 1383 1580 1557 1664; x_wconf 83' lang='grc' dir='ltr'>αὐτῷ</span> <span class='ocrx_word' id='word_1_125' title='bbox 1611 1581 1785 1647; x_wconf 86' lang='grc' dir='ltr'>κύων</span> <span class='ocrx_word' id='word_1_126' title='bbox 1845 1583 2072 1647; x_wconf 86' lang='grc' dir='ltr'>λευκὸς</span> <span class='ocrx_word' id='word_1_127' title='bbox 2125 1582 2411 1659; x_wconf 90' lang='grc' dir='ltr'>ἁρπάςας</span> <span class='ocrx_word' id='word_1_128' title='bbox 2465 1584 2545 1647; x_wconf 87' lang='grc' dir='ltr'>τὰ</span> <span class='ocrx_word' id='word_1_129' title='bbox 2599 1584 2787 1661; x_wconf 85' lang='grc' dir='ltr'>μηρία</span> <span class='ocrx_word' id='word_1_130' title='bbox 2842 1583 2931 1646; x_wconf 87' lang='grc' dir='ltr'>εἰς</span> <span class='ocrx_word' id='word_1_131' title='bbox 2979 1585 3175 1645; x_wconf 85' lang='grc' dir='ltr'>τοῦτο</span> 
     </span>
     <span class='ocr_line' id='line_1_14' title="bbox 592 1682 3175 1773; baseline 0 -28"><span class='ocrx_word' id='word_1_132' title='bbox 592 1685 667 1746; x_wconf 86' lang='grc' dir='ltr'>τὸ</span> <span class='ocrx_word' id='word_1_133' title='bbox 711 1682 952 1773; x_wconf 85' lang='grc' dir='ltr'>χωρίον</span> <span class='ocrx_word' id='word_1_134' title='bbox 996 1682 1240 1760; x_wconf 87' lang='grc' dir='ltr'>ἤνεγκε.</span> <span class='ocrx_word' id='word_1_135' title='bbox 1308 1682 1593 1761; x_wconf 85' lang='grc' dir='ltr'>ὅμαρες</span> <span class='ocrx_word' id='word_1_136' title='bbox 1636 1683 1713 1747; x_wconf 92' lang='grc' dir='ltr'>τὸ</span> <span class='ocrx_word' id='word_1_137' title='bbox 1754 1687 2177 1765; x_wconf 86' lang='grc' dir='ltr'>ςυμφωνοῦν,</span> <span class='ocrx_word' id='word_1_138' title='bbox 2223 1685 2562 1749; x_wconf 89' lang='grc' dir='ltr'>πεύκαες</span> <span class='ocrx_word' id='word_1_139' title='bbox 2604 1686 2679 1749; x_wconf 87' lang='grc' dir='ltr'>τὸ</span> <span class='ocrx_word' id='word_1_140' title='bbox 2723 1684 2983 1765; x_wconf 89' lang='grc' dir='ltr'>πικρόν,</span> <span class='ocrx_word' id='word_1_141' title='bbox 3029 1682 3175 1761; x_wconf 83' lang='grc' dir='ltr'>ῥώ-</span> 
     </span>
     <span class='ocr_line' id='line_1_15' title="bbox 592 1782 3177 1866; baseline 0 -19"><span class='ocrx_word' id='word_1_142' title='bbox 592 1788 781 1848; x_wconf 87' lang='grc' dir='ltr'>’παες</span> <span class='ocrx_word' id='word_1_143' title='bbox 831 1785 913 1866; x_wconf 74' lang='grc' dir='ltr'>Ι’τό</span> <span class='ocrx_word' id='word_1_144' title='bbox 966 1782 1276 1864; x_wconf 84' lang='grc' dir='ltr'>ἀλςῶδες,</span> <span class='ocrx_word' id='word_1_145' title='bbox 1331 1783 1703 1865; x_wconf 88' lang='grc' dir='ltr'>πάνακες,</span> <span class='ocrx_word' id='word_1_146' title='bbox 1763 1786 2166 1850; x_wconf 87' lang='grc' dir='ltr'>δονάκαες.</span> <span class='ocrx_word' id='word_1_147' title='bbox 2254 1787 2333 1850; x_wconf 86' lang='grc' dir='ltr'>τὰ</span> <span class='ocrx_word' id='word_1_148' title='bbox 2386 1788 2458 1853; x_wconf 78' lang='grc' dir='ltr'>δὲ</span> <span class='ocrx_word' id='word_1_149' title='bbox 2513 1786 2833 1850; x_wconf 81' lang='grc' dir='ltr'>ἐπιθετικὰ</span> <span class='ocrx_word' id='word_1_150' title='bbox 2890 1784 3177 1852; x_wconf 86' lang='grc' dir='ltr'>ὀξύνεται</span> 
     </span>
     <span class='ocr_line' id='line_1_16' title="bbox 494 1883 2220 1967; baseline 0.004 -24"><span class='ocrx_word' id='word_1_151' title='bbox 494 1892 556 1943; x_wconf 79' lang='grc'>15</span> <span class='ocrx_word' id='word_1_152' title='bbox 593 1886 804 1964; x_wconf 89' lang='grc' dir='ltr'>ὥςπερ</span> <span class='ocrx_word' id='word_1_153' title='bbox 850 1886 957 1951; x_wconf 69' lang='grc' dir='ltr'>καὶ</span> <span class='ocrx_word' id='word_1_154' title='bbox 994 1885 1072 1949; x_wconf 86' lang='grc' dir='ltr'>τὰ</span> <span class='ocrx_word' id='word_1_155' title='bbox 1117 1883 1443 1967; x_wconf 88' lang='grc' dir='ltr'>ἀρςενικά,</span> <span class='ocrx_word' id='word_1_156' title='bbox 1489 1886 1830 1967; x_wconf 85' lang='grc' dir='ltr'>εὐςεβές,</span> <span class='ocrx_word' id='word_1_157' title='bbox 1878 1885 2220 1961; x_wconf 82' lang='grc' dir='ltr'>εὐγενές.</span> 
     </span>
    </p>
   </div>
   <div class='ocr_carea' id='block_1_3' title="bbox 1581 2143 2185 2153">
    <p class='ocr_par' dir='ltr' id='par_1_3' title="bbox 1581 2143 2185 2153">
     <span class='ocr_line' id='line_1_17' title="bbox 1581 2143 2185 2153; baseline 0.002 -1"><span class='ocrx_word' id='word_1_158' title='bbox 1581 2143 2185 2153; x_wconf 56' lang='grc' dir='ltr'>Μ-Ἣ</span> 
     </span>
    </p>
   </div>
   <div class='ocr_carea' id='block_1_4' title="bbox 1186 2396 2584 2463">
    <p class='ocr_par' dir='ltr' id='par_1_4' title="bbox 1186 2396 2584 2463">
     <span class='ocr_line' id='line_1_18' title="bbox 1186 2396 2584 2463; baseline -0.001 -2"><span class='ocrx_word' id='word_1_159' title='bbox 1186 2397 1363 2462; x_wconf 89' lang='grc' dir='ltr'>ΠΕΡΙ</span> <span class='ocrx_word' id='word_1_160' title='bbox 1414 2396 2068 2463; x_wconf 74' lang='grc' dir='ltr'>ΜΟΝΟΕΥΛΛΑΒΩΝ</span> <span class='ocrx_word' id='word_1_161' title='bbox 2116 2396 2584 2463; x_wconf 84' lang='grc' dir='ltr'>ΟΝΟΜΑΤΩΝ.</span> 
     </span>
    </p>
   </div>
   <div class='ocr_carea' id='block_1_5' title="bbox 373 2576 3176 3040">
    <p class='ocr_par' dir='ltr' id='par_1_5' title="bbox 373 2576 3176 3040">
     <span class='ocr_line' id='line_1_19' title="bbox 1671 2576 2065 2638; baseline -0.008 -1"><span class='ocrx_word' id='word_1_162' title='bbox 1671 2582 1943 2638; x_wconf 90' lang='grc' dir='ltr'>ΒΙΒΛΙΟΝ</span> <span class='ocrx_word' id='word_1_163' title='bbox 1985 2576 2065 2635; x_wconf 85' lang='grc' dir='ltr'>ιδ’.</span> 
     </span>
     <span class='ocr_line' id='line_1_20' title="bbox 373 2751 3175 2837; baseline -0.001 -17"><span class='ocrx_word' id='word_1_164' title='bbox 373 2825 410 2837; x_wconf 58' lang='lat'><em>-</em></span> <span class='ocrx_word' id='word_1_165' title='bbox 486 2789 503 2820; x_wconf 57' lang='lat' dir='ltr'>x</span> <span class='ocrx_word' id='word_1_166' title='bbox 761 2753 907 2818; x_wconf 87' lang='grc' dir='ltr'>Πᾶν</span> <span class='ocrx_word' id='word_1_167' title='bbox 951 2751 1160 2834; x_wconf 90' lang='grc' dir='ltr'>ὄνομα</span> <span class='ocrx_word' id='word_1_168' title='bbox 1203 2753 1689 2835; x_wconf 86' lang='grc' dir='ltr'>μονοςύλλαβον</span> <span class='ocrx_word' id='word_1_169' title='bbox 1721 2753 2067 2833; x_wconf 85' lang='grc' dir='ltr'>οὐδέτερον</span> <span class='ocrx_word' id='word_1_170' title='bbox 2098 2754 2730 2836; x_wconf 89' lang='grc' dir='ltr'>μακροκατάληκτον,</span> <span class='ocrx_word' id='word_1_171' title='bbox 2777 2752 2903 2818; x_wconf 86' lang='grc' dir='ltr'>εἴτε</span> <span class='ocrx_word' id='word_1_172' title='bbox 2937 2751 3175 2818; x_wconf 81' lang='grc' dir='ltr'>ἀπαθὲς</span> 
     </span>
     <span class='ocr_line' id='line_1_21' title="bbox 595 2853 3176 2939; baseline -0.001 -20"><span class='ocrx_word' id='word_1_173' title='bbox 595 2854 691 2934; x_wconf 83' lang='grc' dir='ltr'>εἴη</span> <span class='ocrx_word' id='word_1_174' title='bbox 738 2854 865 2919; x_wconf 86' lang='grc' dir='ltr'>εἴτε</span> <span class='ocrx_word' id='word_1_175' title='bbox 908 2856 1266 2939; x_wconf 87' lang='grc' dir='ltr'>πεπονθός,</span> <span class='ocrx_word' id='word_1_176' title='bbox 1312 2860 1685 2934; x_wconf 90' lang='grc' dir='ltr'>περιςπᾶται</span> <span class='ocrx_word' id='word_1_177' title='bbox 1731 2858 1834 2920; x_wconf 84' lang='grc' dir='ltr'>καὶ</span> <span class='ocrx_word' id='word_1_178' title='bbox 1877 2856 2002 2920; x_wconf 81' lang='grc' dir='ltr'>ἔςτι</span> <span class='ocrx_word' id='word_1_179' title='bbox 2045 2857 2125 2919; x_wconf 86' lang='grc' dir='ltr'>τὰ</span> <span class='ocrx_word' id='word_1_180' title='bbox 2176 2857 2623 2936; x_wconf 86' lang='grc' dir='ltr'>μονοςύλλαβα</span> <span class='ocrx_word' id='word_1_181' title='bbox 2665 2861 2797 2921; x_wconf 86' lang='grc' dir='ltr'>τῶν</span> <span class='ocrx_word' id='word_1_182' title='bbox 2852 2853 3176 2932; x_wconf 88' lang='grc' dir='ltr'>ςτοιχείων</span> 
     </span>
     <span class='ocr_line' id='line_1_22' title="bbox 491 2956 3175 3040; baseline 0.002 -25"><span class='ocrx_word' id='word_1_183' title='bbox 491 2965 559 3016; x_wconf 77' lang='lat'>‘20</span> <span class='ocrx_word' id='word_1_184' title='bbox 594 2956 881 3037; x_wconf 87' lang='grc' dir='ltr'>ὀνόματα</span> <span class='ocrx_word' id='word_1_185' title='bbox 927 2956 1030 3040; x_wconf 84' lang='grc' dir='ltr'>εἶ,</span> <span class='ocrx_word' id='word_1_186' title='bbox 1078 2961 1198 3039; x_wconf 84' lang='grc' dir='ltr'>μῦ,</span> <span class='ocrx_word' id='word_1_187' title='bbox 1244 2961 1364 3039; x_wconf 83' lang='grc' dir='ltr'>νῦ,</span> <span class='ocrx_word' id='word_1_188' title='bbox 1408 2961 1508 3040; x_wconf 84' lang='grc' dir='ltr'>ξῑ,</span> <span class='ocrx_word' id='word_1_189' title='bbox 1567 2956 1690 3039; x_wconf 87' lang='grc' dir='ltr'>οὖ,</span> <span class='ocrx_word' id='word_1_190' title='bbox 1735 2961 1850 3038; x_wconf 84' lang='grc' dir='ltr'>πῖ,</span> <span class='ocrx_word' id='word_1_191' title='bbox 1898 2957 2033 3039; x_wconf 83' lang='grc' dir='ltr'>ῥῶ,</span> <span class='ocrx_word' id='word_1_192' title='bbox 2079 2962 2248 3040; x_wconf 83' lang='grc' dir='ltr'>ταῦ,</span> <span class='ocrx_word' id='word_1_193' title='bbox 2293 2961 2411 3038; x_wconf 85' lang='grc' dir='ltr'>φῖ,</span> <span class='ocrx_word' id='word_1_194' title='bbox 2463 2961 2570 3040; x_wconf 86' lang='grc' dir='ltr'>χῖ,</span> <span class='ocrx_word' id='word_1_195' title='bbox 2616 2960 2737 3039; x_wconf 86' lang='grc' dir='ltr'>ψῖ,</span> <span class='ocrx_word' id='word_1_196' title='bbox 2783 2956 2852 3021; x_wconf 83' lang='grc' dir='ltr'>ὦ.</span> <span class='ocrx_word' id='word_1_197' title='bbox 2897 2992 2982 3002; x_wconf 93' lang='lat'>—-</span> <span class='ocrx_word' id='word_1_198' title='bbox 3023 2959 3175 3020; x_wconf 86' lang='grc' dir='ltr'>πᾶν</span> 
     </span>
    </p>
   </div>
   <div class='ocr_carea' id='block_1_6' title="bbox 492 3056 3236 3852">
    <p class='ocr_par' dir='ltr' id='par_1_6' title="bbox 592 3056 3236 3445">
     <span class='ocr_line' id='line_1_23' title="bbox 594 3056 3236 3150; baseline 0 -29"><span class='ocrx_word' id='word_1_199' title='bbox 594 3057 724 3122; x_wconf 86' lang='grc' dir='ltr'>ἀπὸ</span> <span class='ocrx_word' id='word_1_200' title='bbox 779 3063 896 3150; x_wconf 85' lang='grc' dir='ltr'>τοῦ</span> <span class='ocrx_word' id='word_1_201' title='bbox 951 3061 1075 3124; x_wconf 85' lang='grc' dir='ltr'>πᾶς</span> <span class='ocrx_word' id='word_1_202' title='bbox 1132 3058 1233 3122; x_wconf 86' lang='grc' dir='ltr'>καὶ</span> <span class='ocrx_word' id='word_1_203' title='bbox 1288 3060 1364 3122; x_wconf 86' lang='grc' dir='ltr'>τὸ</span> <span class='ocrx_word' id='word_1_204' title='bbox 1421 3063 1522 3123; x_wconf 85' lang='grc' dir='ltr'>δῶ</span> <span class='ocrx_word' id='word_1_205' title='bbox 1567 3056 1699 3124; x_wconf 86' lang='grc' dir='ltr'>ἀπὸ</span> <span class='ocrx_word' id='word_1_206' title='bbox 1754 3063 1872 3123; x_wconf 87' lang='grc' dir='ltr'>τοῦ</span> <span class='ocrx_word' id='word_1_207' title='bbox 1931 3064 2112 3138; x_wconf 87' lang='grc' dir='ltr'>δῶμα</span> <span class='ocrx_word' id='word_1_208' title='bbox 2155 3061 2257 3123; x_wconf 81' lang='grc' dir='ltr'>καὶ</span> <span class='ocrx_word' id='word_1_209' title='bbox 2299 3061 2374 3123; x_wconf 86' lang='grc' dir='ltr'>τὸ</span> <span class='ocrx_word' id='word_1_210' title='bbox 2432 3064 2584 3140; x_wconf 86' lang='grc' dir='ltr'>φᾶρ</span> <span class='ocrx_word' id='word_1_211' title='bbox 2628 3060 2704 3123; x_wconf 85' lang='grc' dir='ltr'>τὸ</span> <span class='ocrx_word' id='word_1_212' title='bbox 2749 3057 3000 3138; x_wconf 80' lang='grc' dir='ltr'>ἱμάτιον</span> <span class='ocrx_word' id='word_1_213' title='bbox 3043 3056 3174 3121; x_wconf 85' lang='grc' dir='ltr'>ἀπὸ</span> <span class='ocrx_word' id='word_1_214' title='bbox 3221 3093 3236 3110; x_wconf 67' lang='lat' dir='ltr'>e</span> 
     </span>
     <span class='ocr_line' id='line_1_24' title="bbox 592 3159 3176 3243; baseline -0 -20"><span class='ocrx_word' id='word_1_215' title='bbox 592 3163 710 3223; x_wconf 85' lang='grc' dir='ltr'>τοῦ</span> <span class='ocrx_word' id='word_1_216' title='bbox 765 3163 976 3240; x_wconf 85' lang='grc' dir='ltr'>φᾶρος</span> <span class='ocrx_word' id='word_1_217' title='bbox 1032 3162 1134 3223; x_wconf 81' lang='grc' dir='ltr'>καὶ</span> <span class='ocrx_word' id='word_1_218' title='bbox 1188 3162 1337 3241; x_wconf 83' lang='grc' dir='ltr'>κρῖ,</span> <span class='ocrx_word' id='word_1_219' title='bbox 1395 3163 1636 3242; x_wconf 84' lang='grc' dir='ltr'>ςταῖς,</span> <span class='ocrx_word' id='word_1_220' title='bbox 1694 3163 1875 3238; x_wconf 86' lang='grc' dir='ltr'>ςτῆρ</span> <span class='ocrx_word' id='word_1_221' title='bbox 1932 3162 2007 3225; x_wconf 91' lang='grc' dir='ltr'>τὸ</span> <span class='ocrx_word' id='word_1_222' title='bbox 2064 3160 2279 3243; x_wconf 88' lang='grc' dir='ltr'>ςτέαρ,</span> <span class='ocrx_word' id='word_1_223' title='bbox 2337 3160 2504 3243; x_wconf 88' lang='grc' dir='ltr'>οὖς,</span> <span class='ocrx_word' id='word_1_224' title='bbox 2561 3159 2691 3240; x_wconf 83' lang='grc' dir='ltr'>ὦς,</span> <span class='ocrx_word' id='word_1_225' title='bbox 2747 3164 2944 3242; x_wconf 85' lang='grc' dir='ltr'>φῶς,</span> <span class='ocrx_word' id='word_1_226' title='bbox 2996 3161 3176 3240; x_wconf 84' lang='grc' dir='ltr'>πῦρ,</span> 
     </span>
     <span class='ocr_line' id='line_1_25' title="bbox 594 3258 3176 3341; baseline -0.001 -17"><span class='ocrx_word' id='word_1_227' title='bbox 594 3263 822 3339; x_wconf 85' lang='grc' dir='ltr'>ςκῶρ·</span> <span class='ocrx_word' id='word_1_228' title='bbox 866 3265 1059 3325; x_wconf 83' lang='grc' dir='ltr'>τοῦτο</span> <span class='ocrx_word' id='word_1_229' title='bbox 1108 3261 1179 3324; x_wconf 86' lang='grc' dir='ltr'>δέ</span> <span class='ocrx_word' id='word_1_230' title='bbox 1223 3281 1375 3340; x_wconf 89' lang='grc' dir='ltr'>φαςι</span> <span class='ocrx_word' id='word_1_231' title='bbox 1417 3262 1698 3339; x_wconf 90' lang='grc' dir='ltr'>Δωριεῖς</span> <span class='ocrx_word' id='word_1_232' title='bbox 1744 3261 2027 3329; x_wconf 86' lang='grc' dir='ltr'>ὀξύνειν·</span> <span class='ocrx_word' id='word_1_233' title='bbox 2092 3262 2172 3326; x_wconf 89' lang='grc' dir='ltr'>τὰ</span> <span class='ocrx_word' id='word_1_234' title='bbox 2216 3264 2288 3327; x_wconf 81' lang='grc' dir='ltr'>δὲ</span> <span class='ocrx_word' id='word_1_235' title='bbox 2332 3262 2568 3340; x_wconf 83' lang='grc' dir='ltr'>ἔχοντα</span> <span class='ocrx_word' id='word_1_236' title='bbox 2613 3263 2913 3341; x_wconf 85' lang='grc' dir='ltr'>βραχεῖαν</span> <span class='ocrx_word' id='word_1_237' title='bbox 2958 3258 3176 3325; x_wconf 85' lang='grc' dir='ltr'>ὀξύνε-</span> 
     </span>
     <span class='ocr_line' id='line_1_26' title="bbox 593 3362 1154 3445; baseline 0 -21"><span class='ocrx_word' id='word_1_238' title='bbox 593 3382 724 3445; x_wconf 91' lang='grc' dir='ltr'>ται,</span> <span class='ocrx_word' id='word_1_239' title='bbox 770 3362 882 3443; x_wconf 57' lang='lat' dir='ltr'>gv,</span> <span class='ocrx_word' id='word_1_240' title='bbox 933 3362 1024 3426; x_wconf 85' lang='grc' dir='ltr'>τίς</span> <span class='ocrx_word' id='word_1_241' title='bbox 1068 3362 1154 3424; x_wconf 85' lang='grc' dir='ltr'>τί.</span> 
     </span>
    </p>

    <p class='ocr_par' dir='ltr' id='par_1_7' title="bbox 492 3462 3180 3852">
     <span class='ocr_line' id='line_1_27' title="bbox 492 3462 3176 3545; baseline 0.002 -23"><span class='ocrx_word' id='word_1_242' title='bbox 492 3474 557 3523; x_wconf 77' lang='lat'>25</span> <span class='ocrx_word' id='word_1_243' title='bbox 761 3464 908 3527; x_wconf 87' lang='grc' dir='ltr'>Πᾶν</span> <span class='ocrx_word' id='word_1_244' title='bbox 952 3462 1161 3542; x_wconf 85' lang='grc' dir='ltr'>ὄνομα</span> <span class='ocrx_word' id='word_1_245' title='bbox 1204 3464 1688 3545; x_wconf 88' lang='grc' dir='ltr'>μονοςύλλαβον</span> <span class='ocrx_word' id='word_1_246' title='bbox 1732 3465 1821 3528; x_wconf 85' lang='grc' dir='ltr'>εἰς</span> <span class='ocrx_word' id='word_1_247' title='bbox 1868 3468 1906 3529; x_wconf 65' lang='lat' dir='ltr'>V</span> <span class='ocrx_word' id='word_1_248' title='bbox 1950 3468 2151 3543; x_wconf 85' lang='grc' dir='ltr'>λῆγον</span> <span class='ocrx_word' id='word_1_249' title='bbox 2189 3463 2520 3541; x_wconf 87' lang='grc' dir='ltr'>ἀρςενικόν</span> <span class='ocrx_word' id='word_1_250' title='bbox 2563 3464 2667 3527; x_wconf 86' lang='grc' dir='ltr'>καὶ</span> <span class='ocrx_word' id='word_1_251' title='bbox 2708 3463 2986 3542; x_wconf 87' lang='grc' dir='ltr'>θηλυκὸν</span> <span class='ocrx_word' id='word_1_252' title='bbox 3032 3462 3176 3528; x_wconf 83' lang='grc' dir='ltr'>ὀξύ-</span> 
     </span>
     <span class='ocr_line' id='line_1_28' title="bbox 594 3563 3179 3648; baseline 0 -20"><span class='ocrx_word' id='word_1_253' title='bbox 594 3584 799 3645; x_wconf 90' lang='grc' dir='ltr'>νεται,</span> <span class='ocrx_word' id='word_1_254' title='bbox 843 3564 1012 3630; x_wconf 91' lang='grc' dir='ltr'>Πάν</span> <span class='ocrx_word' id='word_1_255' title='bbox 1057 3563 1095 3629; x_wconf 96' lang='lat'>6</span> <span class='ocrx_word' id='word_1_256' title='bbox 1127 3564 1399 3647; x_wconf 87' lang='grc' dir='ltr'>δαίμων,</span> <span class='ocrx_word' id='word_1_257' title='bbox 1442 3566 1640 3630; x_wconf 89' lang='grc' dir='ltr'>Δάν·</span> <span class='ocrx_word' id='word_1_258' title='bbox 1687 3565 1895 3631; x_wconf 85' lang='grc' dir='ltr'>οὕτως</span> <span class='ocrx_word' id='word_1_259' title='bbox 1926 3565 2165 3646; x_wconf 87' lang='grc' dir='ltr'>εἴρηται</span> <span class='ocrx_word' id='word_1_260' title='bbox 2202 3565 2329 3630; x_wconf 85' lang='grc' dir='ltr'>ὑπὸ</span> <span class='ocrx_word' id='word_1_261' title='bbox 2362 3567 2661 3630; x_wconf 88' lang='grc' dir='ltr'>Βοιωτῶν</span> <span class='ocrx_word' id='word_1_262' title='bbox 2694 3564 2731 3629; x_wconf 93' lang='lat'>6</span> <span class='ocrx_word' id='word_1_263' title='bbox 2762 3563 2946 3648; x_wconf 89' lang='grc' dir='ltr'>Ζεύς,</span> <span class='ocrx_word' id='word_1_264' title='bbox 2987 3563 3179 3629; x_wconf 91' lang='grc' dir='ltr'>Ζάν·</span> 
     </span>
     <span class='ocr_line' id='line_1_29' title="bbox 594 3663 3180 3748; baseline -0 -19"><span class='ocrx_word' id='word_1_265' title='bbox 594 3663 766 3729; x_wconf 86' lang='grc' dir='ltr'>οὕτω</span> <span class='ocrx_word' id='word_1_266' title='bbox 821 3665 944 3742; x_wconf 82' lang='grc' dir='ltr'>γὰρ</span> <span class='ocrx_word' id='word_1_267' title='bbox 999 3664 1236 3745; x_wconf 85' lang='grc' dir='ltr'>εἴρηται</span> <span class='ocrx_word' id='word_1_268' title='bbox 1293 3666 1331 3729; x_wconf 94' lang='lat'>6</span> <span class='ocrx_word' id='word_1_269' title='bbox 1386 3669 1532 3731; x_wconf 87' lang='grc' dir='ltr'>θεὸς</span> <span class='ocrx_word' id='word_1_270' title='bbox 1599 3668 1727 3730; x_wconf 86' lang='grc' dir='ltr'>ὑπὸ</span> <span class='ocrx_word' id='word_1_271' title='bbox 1792 3673 1922 3732; x_wconf 88' lang='grc' dir='ltr'>τῶν</span> <span class='ocrx_word' id='word_1_272' title='bbox 1987 3667 2532 3748; x_wconf 83' lang='grc' dir='ltr'>μεταγενεςτέρων</span> <span class='ocrx_word' id='word_1_273' title='bbox 2583 3664 2859 3730; x_wconf 87' lang='grc' dir='ltr'>Αἰολῶν·</span> <span class='ocrx_word' id='word_1_274' title='bbox 2928 3666 3031 3729; x_wconf 90' lang='grc' dir='ltr'>καὶ</span> <span class='ocrx_word' id='word_1_275' title='bbox 3085 3665 3180 3729; x_wconf 84' lang='grc' dir='ltr'>ἔτι</span> 
     </span>
     <span class='ocr_line' id='line_1_30' title="bbox 594 3765 3177 3852; baseline -0 -20"><span class='ocrx_word' id='word_1_276' title='bbox 594 3765 657 3832; x_wconf 72' lang='grc' dir='ltr'>οἱ</span> <span class='ocrx_word' id='word_1_277' title='bbox 701 3767 1213 3845; x_wconf 82' lang='grc' dir='ltr'>μεταγενέςτεροι</span> <span class='ocrx_word' id='word_1_278' title='bbox 1256 3769 1471 3832; x_wconf 87' lang='grc' dir='ltr'>Ἴωνες</span> <span class='ocrx_word' id='word_1_279' title='bbox 1516 3768 1619 3832; x_wconf 87' lang='grc' dir='ltr'>διὰ</span> <span class='ocrx_word' id='word_1_280' title='bbox 1663 3772 1780 3832; x_wconf 86' lang='grc' dir='ltr'>τοῦ</span> <span class='ocrx_word' id='word_1_281' title='bbox 1826 3769 1870 3831; x_wconf 78' lang='grc' dir='ltr'><strong>ἃ</strong></span> <span class='ocrx_word' id='word_1_282' title='bbox 1911 3768 2056 3849; x_wconf 55' lang='grc' dir='ltr'>Ζάν,</span> <span class='ocrx_word' id='word_1_283' title='bbox 2104 3766 2342 3847; x_wconf 88' lang='grc' dir='ltr'>ὁμοίως</span> <span class='ocrx_word' id='word_1_284' title='bbox 2383 3774 2476 3852; x_wconf 82' lang='grc' dir='ltr'>τῷ</span> <span class='ocrx_word' id='word_1_285' title='bbox 2520 3767 2752 3832; x_wconf 86' lang='grc' dir='ltr'>Λυκᾶνι</span> <span class='ocrx_word' id='word_1_286' title='bbox 2810 3765 3026 3830; x_wconf 80' lang='grc' dir='ltr'>«κλῦθί</span> <span class='ocrx_word' id='word_1_287' title='bbox 3069 3787 3177 3847; x_wconf 91' lang='grc' dir='ltr'>μοι</span> 
     </span>
    </p>
   </div>
   <div class='ocr_carea' id='block_1_7' title="bbox 591 3904 993 3913">
    <p class='ocr_par' dir='ltr' id='par_1_8' title="bbox 591 3904 993 3913">
     <span class='ocr_line' id='line_1_31' title="bbox 591 3904 993 3913; baseline 0 1633"><span class='ocrx_word' id='word_1_288' title='bbox 591 3904 993 3913; x_wconf 95' lang='lat' dir='ltr'> </span> 
     </span>
    </p>
   </div>
   <div class='ocr_carea' id='block_1_8' title="bbox 590 4001 3184 4816">
    <p class='ocr_par' dir='ltr' id='par_1_9' title="bbox 590 4001 3184 4816">
     <span class='ocr_line' id='line_1_32' title="bbox 595 4001 3178 4070; baseline -0.001 -12"><span class='ocrx_word' id='word_1_289' title='bbox 595 4006 783 4070; x_wconf 79' lang='grc' dir='ltr'>Βῖδος,</span> <span class='ocrx_word' id='word_1_290' title='bbox 830 4004 1033 4070; x_wconf 84' lang='grc' dir='ltr'>Ἕρμος</span> <span class='ocrx_word' id='word_1_291' title='bbox 1069 4034 1133 4041; x_wconf 89' lang='lat'>—</span> <span class='ocrx_word' id='word_1_292' title='bbox 1170 4004 1420 4068; x_wconf 87' lang='grc' dir='ltr'>Τέμενος</span> <span class='ocrx_word' id='word_1_293' title='bbox 1458 4005 1515 4065; x_wconf 92' lang='grc'>(1.</span> <span class='ocrx_word' id='word_1_294' title='bbox 1551 4005 1604 4067; x_wconf 88' lang='lat'>5)</span> <span class='ocrx_word' id='word_1_295' title='bbox 1651 4022 1719 4058; x_wconf 81' lang='lat' dir='ltr'>ex</span> <span class='ocrx_word' id='word_1_296' title='bbox 1754 4005 1835 4056; x_wconf 80' lang='lat' dir='ltr'>St.</span> <span class='ocrx_word' id='word_1_297' title='bbox 1873 4006 1934 4056; x_wconf 91' lang='lat' dir='ltr'>B.</span> <span class='ocrx_word' id='word_1_298' title='bbox 1974 4032 2038 4040; x_wconf 90' lang='lat'>—</span> <span class='ocrx_word' id='word_1_299' title='bbox 2073 4006 2109 4055; x_wconf 92' lang='lat' dir='ltr'>l.</span> <span class='ocrx_word' id='word_1_300' title='bbox 2147 4008 2179 4055; x_wconf 82' lang='lat'>6</span> <span class='ocrx_word' id='word_1_301' title='bbox 2226 4004 2454 4067; x_wconf 85' lang='grc' dir='ltr'>ἔλεγχος</span> <span class='ocrx_word' id='word_1_302' title='bbox 2490 4031 2555 4040; x_wconf 87' lang='grc'>-</span> <span class='ocrx_word' id='word_1_303' title='bbox 2598 4001 2823 4068; x_wconf 87' lang='grc' dir='ltr'>τάριχος</span> <span class='ocrx_word' id='word_1_304' title='bbox 2869 4020 2935 4054; x_wconf 82' lang='lat' dir='ltr'>ex</span> <span class='ocrx_word' id='word_1_305' title='bbox 2979 4003 3178 4056; x_wconf 85' lang='lat' dir='ltr'>Choer.</span> 
     </span>
     <span class='ocr_line' id='line_1_33' title="bbox 590 4070 3178 4138; baseline -0.002 -14"><span class='ocrx_word' id='word_1_306' title='bbox 590 4075 739 4125; x_wconf 81' lang='lat' dir='ltr'>Diet.</span> <span class='ocrx_word' id='word_1_307' title='bbox 779 4077 896 4134; x_wconf 78' lang='grc'>264,</span> <span class='ocrx_word' id='word_1_308' title='bbox 937 4078 1000 4126; x_wconf 78' lang='grc'>15</span> <span class='ocrx_word' id='word_1_309' title='bbox 1037 4078 1094 4124; x_wconf 83' lang='lat' dir='ltr'>et</span> <span class='ocrx_word' id='word_1_310' title='bbox 1128 4074 1246 4137; x_wconf 86' lang='grc'>366,</span> <span class='ocrx_word' id='word_1_311' title='bbox 1286 4073 1332 4125; x_wconf 89' lang='grc'>1.</span> <span class='ocrx_word' id='word_1_312' title='bbox 1474 4073 1510 4126; x_wconf 89' lang='lat' dir='ltr'>l.</span> <span class='ocrx_word' id='word_1_313' title='bbox 1547 4076 1578 4123; x_wconf 85' lang='lat'>9</span> <span class='ocrx_word' id='word_1_314' title='bbox 1617 4071 1965 4135; x_wconf 86' lang='grc' dir='ltr'>Κυνόςαργες</span> <span class='ocrx_word' id='word_1_315' title='bbox 2002 4073 2222 4138; x_wconf 83' lang='lat' dir='ltr'><strong>explevi</strong></span> <span class='ocrx_word' id='word_1_316' title='bbox 2270 4089 2335 4124; x_wconf 81' lang='lat' dir='ltr'>ex</span> <span class='ocrx_word' id='word_1_317' title='bbox 2373 4073 2450 4121; x_wconf 79' lang='lat' dir='ltr'>St.</span> <span class='ocrx_word' id='word_1_318' title='bbox 2486 4073 2576 4134; x_wconf 91' lang='lat' dir='ltr'>B.,</span> <span class='ocrx_word' id='word_1_319' title='bbox 2624 4070 2830 4135; x_wconf 86' lang='grc' dir='ltr'>δμαρες</span> <span class='ocrx_word' id='word_1_320' title='bbox 2877 4087 2972 4136; x_wconf 82' lang='lat' dir='ltr'>pro</span> <span class='ocrx_word' id='word_1_321' title='bbox 3009 4070 3178 4134; x_wconf 79' lang='grc' dir='ltr'>ὅμαρ-</span> 
     </span>
     <span class='ocr_line' id='line_1_34' title="bbox 591 4138 3180 4206; baseline -0.001 -14"><span class='ocrx_word' id='word_1_322' title='bbox 591 4156 688 4206; x_wconf 78' lang='grc' dir='ltr'>γε(</span> <span class='ocrx_word' id='word_1_323' title='bbox 724 4141 952 4192; x_wconf 79' lang='lat' dir='ltr'>Arcadii</span> <span class='ocrx_word' id='word_1_324' title='bbox 986 4147 1043 4192; x_wconf 84' lang='lat' dir='ltr'>et</span> <span class='ocrx_word' id='word_1_325' title='bbox 1076 4141 1421 4205; x_wconf 75' lang='lat' dir='ltr'>&#39;l&#39;heognosti</span> <span class='ocrx_word' id='word_1_326' title='bbox 1458 4142 1615 4205; x_wconf 83' lang='lat' dir='ltr'>posui</span> <span class='ocrx_word' id='word_1_327' title='bbox 1650 4140 1854 4191; x_wconf 77' lang='lat' dir='ltr'>collato</span> <span class='ocrx_word' id='word_1_328' title='bbox 1889 4141 2210 4206; x_wconf 82' lang='lat' dir='ltr'>Hesychio,.</span> <span class='ocrx_word' id='word_1_329' title='bbox 2239 4138 2513 4202; x_wconf 87' lang='grc' dir='ltr'>πάνακες,</span> <span class='ocrx_word' id='word_1_330' title='bbox 2561 4156 2626 4190; x_wconf 79' lang='lat' dir='ltr'>ex</span> <span class='ocrx_word' id='word_1_331' title='bbox 2664 4155 2769 4203; x_wconf 88' lang='lat' dir='ltr'>quo</span> <span class='ocrx_word' id='word_1_332' title='bbox 2806 4155 2895 4204; x_wconf 85' lang='lat' dir='ltr'>ap.</span> <span class='ocrx_word' id='word_1_333' title='bbox 2934 4138 3180 4203; x_wconf 78' lang='lat' dir='ltr'>Theogn.</span> 
     </span>
     <span class='ocr_line' id='line_1_35' title="bbox 598 4208 3180 4274; baseline -0.002 -15"><span class='ocrx_word' id='word_1_334' title='bbox 598 4213 711 4271; x_wconf 82' lang='lat'>131,</span> <span class='ocrx_word' id='word_1_335' title='bbox 748 4212 813 4259; x_wconf 78' lang='lat'>29</span> <span class='ocrx_word' id='word_1_336' title='bbox 851 4208 1065 4274; x_wconf 86' lang='grc' dir='ltr'>πάγηες</span> <span class='ocrx_word' id='word_1_337' title='bbox 1102 4213 1413 4273; x_wconf 84' lang='lat' dir='ltr'>corruptum</span> <span class='ocrx_word' id='word_1_338' title='bbox 1453 4223 1573 4259; x_wconf 79' lang='lat' dir='ltr'>esse</span> <span class='ocrx_word' id='word_1_339' title='bbox 1610 4208 1856 4258; x_wconf 85' lang='lat' dir='ltr'>Lobeek.</span> <span class='ocrx_word' id='word_1_340' title='bbox 1881 4209 1967 4258; x_wconf 89' lang='lat' dir='ltr'>El.</span> <span class='ocrx_word' id='word_1_341' title='bbox 1990 4210 2018 4258; x_wconf 90' lang='grc' dir='ltr'>Ι</span> <span class='ocrx_word' id='word_1_342' title='bbox 2053 4211 2153 4259; x_wconf 81' lang='lat'>345</span> <span class='ocrx_word' id='word_1_343' title='bbox 2190 4208 2504 4264; x_wconf 80' lang='lat' dir='ltr'>adnotavit,</span> <span class='ocrx_word' id='word_1_344' title='bbox 2539 4208 2728 4271; x_wconf 81' lang='lat' dir='ltr'>recepi</span> <span class='ocrx_word' id='word_1_345' title='bbox 2763 4208 2973 4272; x_wconf 83' lang='lat' dir='ltr'>pariter</span> <span class='ocrx_word' id='word_1_346' title='bbox 3007 4210 3180 4268; x_wconf 79' lang='lat' dir='ltr'>atque</span> 
     </span>
     <span class='ocr_line' id='line_1_36' title="bbox 593 4273 3179 4341; baseline -0.002 -14"><span class='ocrx_word' id='word_1_347' title='bbox 593 4275 864 4328; x_wconf 83' lang='grc' dir='ltr'>δονάκαες</span> <span class='ocrx_word' id='word_1_348' title='bbox 901 4294 969 4327; x_wconf 85' lang='lat' dir='ltr'>ex</span> <span class='ocrx_word' id='word_1_349' title='bbox 1004 4277 1376 4341; x_wconf 76' lang='lat' dir='ltr'>TheognostO.</span> <span class='ocrx_word' id='word_1_350' title='bbox 1512 4276 1548 4326; x_wconf 90' lang='lat' dir='ltr'>l.</span> <span class='ocrx_word' id='word_1_351' title='bbox 1586 4278 1784 4327; x_wconf 84' lang='lat'>18—24</span> <span class='ocrx_word' id='word_1_352' title='bbox 1820 4277 2101 4341; x_wconf 78' lang='lat' dir='ltr'>composui</span> <span class='ocrx_word' id='word_1_353' title='bbox 2136 4293 2206 4326; x_wconf 82' lang='lat' dir='ltr'>ex</span> <span class='ocrx_word' id='word_1_354' title='bbox 2240 4277 2319 4326; x_wconf 92' lang='lat' dir='ltr'>Io.</span> <span class='ocrx_word' id='word_1_355' title='bbox 2354 4275 2508 4326; x_wconf 79' lang='lat' dir='ltr'>Alex.</span> <span class='ocrx_word' id='word_1_356' title='bbox 2545 4277 2594 4336; x_wconf 84' lang='lat'>7,</span> <span class='ocrx_word' id='word_1_357' title='bbox 2633 4276 2695 4323; x_wconf 83' lang='lat'>16</span> <span class='ocrx_word' id='word_1_358' title='bbox 2733 4281 2790 4324; x_wconf 87' lang='lat' dir='ltr'>et</span> <span class='ocrx_word' id='word_1_359' title='bbox 2825 4273 3022 4324; x_wconf 77' lang='lat' dir='ltr'>Aread.</span> <span class='ocrx_word' id='word_1_360' title='bbox 3063 4276 3179 4330; x_wconf 76' lang='lat'>124,</span> 
     </span>
     <span class='ocr_line' id='line_1_37' title="bbox 596 4341 3180 4409; baseline -0.001 -15"><span class='ocrx_word' id='word_1_361' title='bbox 596 4348 813 4398; x_wconf 78' lang='lat'>12-20,</span> <span class='ocrx_word' id='word_1_362' title='bbox 970 4345 1006 4397; x_wconf 85' lang='lat'>1.</span> <span class='ocrx_word' id='word_1_363' title='bbox 1044 4347 1110 4394; x_wconf 81' lang='lat'>25</span> <span class='ocrx_word' id='word_1_364' title='bbox 1147 4344 1343 4397; x_wconf 80' lang='lat' dir='ltr'>Arcad.</span> <span class='ocrx_word' id='word_1_365' title='bbox 1385 4347 1500 4405; x_wconf 78' lang='lat'>124,</span> <span class='ocrx_word' id='word_1_366' title='bbox 1538 4346 1618 4393; x_wconf 79' lang='lat'>21.</span> <span class='ocrx_word' id='word_1_367' title='bbox 1654 4369 1720 4379; x_wconf 88' lang='lat'>—</span> <span class='ocrx_word' id='word_1_368' title='bbox 1756 4341 1881 4394; x_wconf 87' lang='grc' dir='ltr'>Δάν</span> <span class='ocrx_word' id='word_1_369' title='bbox 1917 4360 2015 4409; x_wconf 88' lang='lat' dir='ltr'>pro</span> <span class='ocrx_word' id='word_1_370' title='bbox 2050 4343 2156 4395; x_wconf 85' lang='grc' dir='ltr'>Ἂν</span> <span class='ocrx_word' id='word_1_371' title='bbox 2194 4343 2510 4394; x_wconf 74' lang='lat' dir='ltr'>emendavit</span> <span class='ocrx_word' id='word_1_372' title='bbox 2544 4344 2681 4392; x_wconf 87' lang='lat' dir='ltr'><strong>Lob.</strong></span> <span class='ocrx_word' id='word_1_373' title='bbox 2718 4342 2922 4392; x_wconf 75' lang='lat' dir='ltr'>Parall.</span> <span class='ocrx_word' id='word_1_374' title='bbox 2960 4343 3044 4400; x_wconf 79' lang='lat'>71,</span> <span class='ocrx_word' id='word_1_375' title='bbox 3081 4357 3180 4405; x_wconf 87' lang='lat' dir='ltr'>pro</span> 
     </span>
     <span class='ocr_line' id='line_1_38' title="bbox 596 4408 3182 4477; baseline -0.002 -14"><span class='ocrx_word' id='word_1_376' title='bbox 596 4412 789 4476; x_wconf 84' lang='grc' dir='ltr'>κύριον</span> <span class='ocrx_word' id='word_1_377' title='bbox 836 4415 993 4477; x_wconf 78' lang='lat' dir='ltr'>posui</span> <span class='ocrx_word' id='word_1_378' title='bbox 1040 4411 1227 4463; x_wconf 83' lang='grc' dir='ltr'>οὕτως</span> <span class='ocrx_word' id='word_1_379' title='bbox 1271 4439 1347 4464; x_wconf 87' lang='grc'>-.</span> <span class='ocrx_word' id='word_1_380' title='bbox 1383 4411 1416 4463; x_wconf 88' lang='grc' dir='ltr'>ὁ</span> <span class='ocrx_word' id='word_1_381' title='bbox 1458 4410 1602 4463; x_wconf 86' lang='grc' dir='ltr'>Ζεύς</span> <span class='ocrx_word' id='word_1_382' title='bbox 1648 4428 1716 4462; x_wconf 82' lang='lat' dir='ltr'>ex</span> <span class='ocrx_word' id='word_1_383' title='bbox 1758 4411 1906 4461; x_wconf 88' lang='lat' dir='ltr'><strong>Mon.</strong></span> <span class='ocrx_word' id='word_1_384' title='bbox 1951 4415 2009 4474; x_wconf 88' lang='grc'>6,</span> <span class='ocrx_word' id='word_1_385' title='bbox 2060 4415 2148 4474; x_wconf 68' lang='grc'>17,</span> <span class='ocrx_word' id='word_1_386' title='bbox 2196 4427 2321 4462; x_wconf 79' lang='lat' dir='ltr'>nam</span> <span class='ocrx_word' id='word_1_387' title='bbox 2365 4412 2500 4461; x_wconf 87' lang='lat' dir='ltr'>licet</span> <span class='ocrx_word' id='word_1_388' title='bbox 2543 4409 2811 4460; x_wconf 76' lang='lat' dir='ltr'>Arcadius</span> <span class='ocrx_word' id='word_1_389' title='bbox 2857 4408 3182 4459; x_wconf 72' lang='lat' dir='ltr'>dialecticas</span> 
     </span>
     <span class='ocr_line' id='line_1_39' title="bbox 596 4474 3179 4546; baseline -0.002 -16"><span class='ocrx_word' id='word_1_390' title='bbox 596 4481 799 4531; x_wconf 73' lang='lat' dir='ltr'>formas</span> <span class='ocrx_word' id='word_1_391' title='bbox 834 4481 1123 4531; x_wconf 76' lang='lat' dir='ltr'><strong>maximam</strong></span> <span class='ocrx_word' id='word_1_392' title='bbox 1160 4484 1371 4546; x_wconf 79' lang='lat' dir='ltr'>partem</span> <span class='ocrx_word' id='word_1_393' title='bbox 1409 4480 1874 4545; x_wconf 73' lang='lat' dir='ltr'>praetermiserit,</span> <span class='ocrx_word' id='word_1_394' title='bbox 1911 4483 2097 4529; x_wconf 81' lang='lat' dir='ltr'>tamen</span> <span class='ocrx_word' id='word_1_395' title='bbox 2134 4496 2243 4528; x_wconf 87' lang='lat' dir='ltr'>non</span> <span class='ocrx_word' id='word_1_396' title='bbox 2280 4494 2464 4529; x_wconf 79' lang='lat' dir='ltr'>omnes</span> <span class='ocrx_word' id='word_1_397' title='bbox 2501 4478 2759 4530; x_wconf 77' lang='lat' dir='ltr'>resecuit.</span> <span class='ocrx_word' id='word_1_398' title='bbox 2831 4474 2950 4529; x_wconf 86' lang='grc' dir='ltr'>Ζάν</span> <span class='ocrx_word' id='word_1_399' title='bbox 2987 4475 3179 4526; x_wconf 72' lang='lat' dir='ltr'>addidi</span> 
     </span>
     <span class='ocr_line' id='line_1_40' title="bbox 595 4544 3184 4610; baseline -0.002 -13"><span class='ocrx_word' id='word_1_400' title='bbox 595 4565 663 4597; x_wconf 80' lang='lat' dir='ltr'>ex</span> <span class='ocrx_word' id='word_1_401' title='bbox 698 4548 957 4598; x_wconf 80' lang='lat' dir='ltr'>Eustath.</span> <span class='ocrx_word' id='word_1_402' title='bbox 997 4550 1144 4610; x_wconf 85' lang='grc'>1387,</span> <span class='ocrx_word' id='word_1_403' title='bbox 1181 4551 1245 4599; x_wconf 84' lang='grc'>27</span> <span class='ocrx_word' id='word_1_404' title='bbox 1284 4555 1340 4599; x_wconf 86' lang='lat' dir='ltr'>et</span> <span class='ocrx_word' id='word_1_405' title='bbox 1380 4550 1524 4610; x_wconf 79' lang='grc'>1141,</span> <span class='ocrx_word' id='word_1_406' title='bbox 1562 4548 1659 4598; x_wconf 85' lang='lat' dir='ltr'>ubi</span> <span class='ocrx_word' id='word_1_407' title='bbox 1696 4547 1902 4598; x_wconf 77' lang='lat' dir='ltr'>diserte</span> <span class='ocrx_word' id='word_1_408' title='bbox 1940 4546 1973 4598; x_wconf 83' lang='lat'>6</span> <span class='ocrx_word' id='word_1_409' title='bbox 2009 4546 2248 4598; x_wconf 85' lang='grc' dir='ltr'>παλαιὸς</span> <span class='ocrx_word' id='word_1_410' title='bbox 2283 4544 2538 4609; x_wconf 82' lang='grc' dir='ltr'>τεχνικὸς</span> <span class='ocrx_word' id='word_1_411' title='bbox 2577 4562 2674 4610; x_wconf 83' lang='lat' dir='ltr'>pro</span> <span class='ocrx_word' id='word_1_412' title='bbox 2722 4551 2867 4596; x_wconf 82' lang='lat' dir='ltr'>teste</span> <span class='ocrx_word' id='word_1_413' title='bbox 2905 4544 3184 4609; x_wconf 82' lang='lat' dir='ltr'>profertur</span> 
     </span>
     <span class='ocr_line' id='line_1_41' title="bbox 592 4611 3183 4680; baseline -0.001 -18"><span class='ocrx_word' id='word_1_414' title='bbox 592 4615 629 4663; x_wconf 90' lang='lat' dir='ltr'>i.</span> <span class='ocrx_word' id='word_1_415' title='bbox 670 4615 1131 4676; x_wconf 71' lang='lat' dir='ltr'>e.·Herodinnu8‚</span> <span class='ocrx_word' id='word_1_416' title='bbox 1172 4616 1265 4680; x_wconf 89' lang='lat' dir='ltr'>qui</span> <span class='ocrx_word' id='word_1_417' title='bbox 1300 4616 1357 4665; x_wconf 87' lang='lat' dir='ltr'>in</span> <span class='ocrx_word' id='word_1_418' title='bbox 1394 4617 1541 4668; x_wconf 86' lang='lat' dir='ltr'>Mon.</span> <span class='ocrx_word' id='word_1_419' title='bbox 1580 4614 1614 4666; x_wconf 91' lang='lat' dir='ltr'>l.</span> <span class='ocrx_word' id='word_1_420' title='bbox 1653 4633 1695 4665; x_wconf 81' lang='lat' dir='ltr'>c.</span> <span class='ocrx_word' id='word_1_421' title='bbox 1733 4614 1940 4666; x_wconf 76' lang='lat' dir='ltr'>similia</span> <span class='ocrx_word' id='word_1_422' title='bbox 1976 4615 2173 4677; x_wconf 74' lang='lat' dir='ltr'>habet,</span> <span class='ocrx_word' id='word_1_423' title='bbox 2209 4621 2264 4665; x_wconf 84' lang='lat' dir='ltr'>et</span> <span class='ocrx_word' id='word_1_424' title='bbox 2303 4630 2370 4663; x_wconf 81' lang='lat' dir='ltr'>ex</span> <span class='ocrx_word' id='word_1_425' title='bbox 2403 4615 2506 4666; x_wconf 86' lang='lat' dir='ltr'>An.</span> <span class='ocrx_word' id='word_1_426' title='bbox 2547 4612 2652 4662; x_wconf 80' lang='lat' dir='ltr'>Ox.</span> <span class='ocrx_word' id='word_1_427' title='bbox 2688 4614 2772 4664; x_wconf 88' lang='grc' dir='ltr'>ΙΙΙ</span> <span class='ocrx_word' id='word_1_428' title='bbox 2808 4615 2925 4674; x_wconf 80' lang='grc'>237,</span> <span class='ocrx_word' id='word_1_429' title='bbox 2962 4613 3046 4668; x_wconf 75' lang='lat'>26,</span> <span class='ocrx_word' id='word_1_430' title='bbox 3084 4611 3183 4675; x_wconf 88' lang='lat' dir='ltr'>qui</span> 
     </span>
     <span class='ocr_line' id='line_1_42' title="bbox 596 4678 3183 4733; baseline -0.001 -3"><span class='ocrx_word' id='word_1_431' title='bbox 596 4681 747 4733; x_wconf 75' lang='lat' dir='ltr'>loeus</span> <span class='ocrx_word' id='word_1_432' title='bbox 781 4698 846 4732; x_wconf 85' lang='lat' dir='ltr'>ex</span> <span class='ocrx_word' id='word_1_433' title='bbox 876 4683 1238 4732; x_wconf 77' lang='lat' dir='ltr'>Herodianeis</span> <span class='ocrx_word' id='word_1_434' title='bbox 1274 4682 1526 4733; x_wconf 80' lang='lat' dir='ltr'>fontibus</span> <span class='ocrx_word' id='word_1_435' title='bbox 1561 4683 1846 4732; x_wconf 75' lang='lat' dir='ltr'>derivatus</span> <span class='ocrx_word' id='word_1_436' title='bbox 1870 4682 2195 4733; x_wconf 73' lang='lat' dir='ltr'>emendatus</span> <span class='ocrx_word' id='word_1_437' title='bbox 2218 4686 2305 4732; x_wconf 76' lang='lat' dir='ltr'>est</span> <span class='ocrx_word' id='word_1_438' title='bbox 2329 4682 2398 4731; x_wconf 81' lang='lat' dir='ltr'>ab</span> <span class='ocrx_word' id='word_1_439' title='bbox 2424 4680 2696 4731; x_wconf 77' lang='lat' dir='ltr'>Abrensio</span> <span class='ocrx_word' id='word_1_440' title='bbox 2720 4680 2787 4731; x_wconf 84' lang='lat' dir='ltr'>de</span> <span class='ocrx_word' id='word_1_441' title='bbox 2813 4679 2945 4732; x_wconf 75' lang='lat' dir='ltr'>dial.</span> <span class='ocrx_word' id='word_1_442' title='bbox 2971 4678 3183 4729; x_wconf 81' lang='lat' dir='ltr'>Aeolio.</span> 
     </span>
     <span class='ocr_line' id='line_1_43' title="bbox 598 4748 1951 4816; baseline 0.003 -20"><span class='ocrx_word' id='word_1_443' title='bbox 598 4763 648 4814; x_wconf 85' lang='lat' dir='ltr'>p.</span> <span class='ocrx_word' id='word_1_444' title='bbox 686 4750 811 4811; x_wconf 81' lang='lat'>163,</span> <span class='ocrx_word' id='word_1_445' title='bbox 849 4750 968 4816; x_wconf 77' lang='lat' dir='ltr'>ipse</span> <span class='ocrx_word' id='word_1_446' title='bbox 1005 4751 1062 4800; x_wconf 89' lang='lat' dir='ltr'>in</span> <span class='ocrx_word' id='word_1_447' title='bbox 1096 4750 1285 4799; x_wconf 80' lang='lat' dir='ltr'>verbis</span> <span class='ocrx_word' id='word_1_448' title='bbox 1319 4748 1408 4801; x_wconf 82' lang='grc' dir='ltr'>διὰ</span> <span class='ocrx_word' id='word_1_449' title='bbox 1443 4751 1547 4800; x_wconf 83' lang='grc' dir='ltr'>τοῦ</span> <span class='ocrx_word' id='word_1_450' title='bbox 1584 4751 1620 4800; x_wconf 81' lang='grc' dir='ltr'><strong><em>ἃ</em></strong></span> <span class='ocrx_word' id='word_1_451' title='bbox 1656 4750 1865 4800; x_wconf 77' lang='lat' dir='ltr'>inserui</span> <span class='ocrx_word' id='word_1_452' title='bbox 1900 4753 1951 4800; x_wconf 76' lang='grc' dir='ltr'>ἃ.</span> 
     </span>
    </p>
   </div>
   <div class='ocr_carea' id='block_1_9' title="bbox 1380 4891 1415 4898">
    <p class='ocr_par' dir='ltr' id='par_1_10' title="bbox 1380 4891 1415 4898">
     <span class='ocr_line' id='line_1_44' title="bbox 1380 4891 1415 4898; baseline 0.057 -2"><span class='ocrx_word' id='word_1_453' title='bbox 1380 4891 1415 4898; x_wconf 81' lang='grc'>-</span> 
     </span>
    </p>
   </div>
   <div class='ocr_carea' id='block_1_10' title="bbox 3619 677 3620 1539">
    <p class='ocr_par' dir='ltr' id='par_1_11' title="bbox 3619 677 3620 1539">
     <span class='ocr_line' id='line_1_45' title="bbox 3619 677 3620 1539; baseline 0 0"><span class='ocrx_word' id='word_1_454' title='bbox 3619 677 3620 1539; x_wconf 95' lang='lat' dir='ltr'> </span> 
     </span>
    </p>
   </div>
   <div class='ocr_carea' id='block_1_11' title="bbox 3619 2618 3620 3870">
    <p class='ocr_par' dir='ltr' id='par_1_12' title="bbox 3619 2618 3620 3870">
     <span class='ocr_line' id='line_1_46' title="bbox 3619 2618 3620 3870; baseline 0 0"><span class='ocrx_word' id='word_1_455' title='bbox 3619 2618 3620 3870; x_wconf 95' lang='lat' dir='ltr'> </span> 
     </span>
    </p>
   </div>
   <div class='ocr_carea' id='block_1_12' title="bbox 3619 4547 3620 5463">
    <p class='ocr_par' dir='ltr' id='par_1_13' title="bbox 3619 4547 3620 5463">
     <span class='ocr_line' id='line_1_47' title="bbox 3619 4547 3620 5463; baseline 0 0"><span class='ocrx_word' id='word_1_456' title='bbox 3619 4547 3620 5463; x_wconf 95' lang='lat' dir='ltr'> </span> 
     </span>
    </p>
   </div>
  </div>
 </body>
</html>
