3664 5546
643 428 772 493 460
1582 429 1663 482 εκ
1701 428 1843 482 mu
1886 403 2294 483 ΗΡΩΔιᾹΝογ

642 621 775 681 ται,
822 599 1198 682 λάβῃςθα,
1244 599 1576 682 ἔφηςθα,
1622 599 1979 678 οἴδηςθα,
2027 601 2392 683 λέγῃςθα,
2448 599 2802 682 βάλῃςθα.
2889 598 2970 662 τὰ
3013 597 3233 676 μέντοι

524 747 547 754 -
640 701 985 782 διςύλλαβα
1036 705 1575 784 προπεριςπᾶται,
1631 706 1886 782 φῆςθα
1939 702 2044 765 ἐπὶ
2101 701 2407 779 δευτέρου
2463 698 2763 777 ἀορίστου
2818 700 2919 763 καὶ
2973 705 3236 783 φῇςθα

642 804 756 868 ςὺν
797 809 893 886 τῷ
933 803 967 866 ἶ
1010 802 1115 867 ἐπὶ
1157 807 1276 867 τοῦ
1321 803 1702 880 ἐνεςτῶτος,
1748 803 1972 885 ἦςθα,
2018 802 2262 868 οἶςθα.

814 904 928 969 Καὶ
979 905 1059 970 τὰ
1103 904 1192 970 εἰς
1248 891 1331 969 ffi
1385 913 1610 983 πρῶτα
1639 925 1645 932 ·
1673 906 1988 984 πρόςωπα
2052 904 2653 983 προπαροξύνονται
2669 954 2687 986 ,
2749 903 3232 983 τυπτόμεθα,

566 1013 599 1062 5
642 1007 1065 1089 νικώμεθα,
1110 1008 1625 1086 χρυςούμεθα.

806 1109 953 1174 Πᾶν
1008 1108 1175 1188 ῥῆμα
1231 1108 1319 1174 εἰς
1372 1112 1413 1172 V
1467 1110 2100 1194 μακροκατάληκτον,
2125 1110 2286 1186 ὑπὲρ
2344 1109 2489 1188 μίαν
2536 1110 2853 1189 ςυλλαβὴν
2906 1107 3035 1185 πρὸ
3086 1111 3234 1186 μιᾶς

637 1213 757 1274 τοῦ
800 1210 1029 1274 τέλους
1072 1210 1203 1288 ἔχει
1246 1212 1362 1289 τὴν
1417 1210 1665 1290 ὀξεῖαν,
1719 1209 2041 1293 ἐνόουν,
2103 1211 2500 1292 ἐδείκνυν,
2556 1210 2843 1292 ἔγνων,
2898 1209 3234 1287 ἐγεγρά-

638 1330 853 1390 φειν,
899 1312 1251 1394 νυγείην,
1307 1313 1708 1394 διδοίμην,
1765 1313 2180 1395 ἐτυπέτην,
2237 1311 2498 1377 ἔςτων.
2586 1312 2662 1376 τὸ
2717 1312 2789 1376 δὲ
2834 1311 3074 1390 ἐχρῆν
3126 1309 3234 1374 καὶ

637 1410 729 1491 ἦν
772 1415 1162 1490 περιςπᾶται.
2117 1440 2132 1449 ·

538 1519 604 1571 10
805 1515 951 1579 Πᾶν
982 1515 1678 1607 πρόςωπονιὸριςτικὸν
1709 1517 1799 1581 εἰς
1830 1519 1913 1582 ο-ν
1943 1515 2071 1581 εἴτε
2103 1516 2317 1582 ἑνικὸν
2359 1515 2485 1582 εἴτε
2516 1516 2942 1594 πληθυντικὸν
2974 1514 3230 1579 ἁπλοῦν

639 1614 800 1693 ὑπὲρ
832 1614 953 1679 δύο
985 1618 1297 1696 ςυλλαβὰς
1326 1618 1914 1701 προπαροξύνεται,
1959 1618 2319 1698 ἔγραφον
2363 1618 2493 1694 ἐγὼ
2522 1619 2626 1683 καὶ
2667 1618 3023 1697 ἔγραφον
3069 1615 3232 1681 ἐκεῖ·

637 1736 773 1798 νοι,
827 1716 1173 1782 ἔτυπτον
1218 1718 1346 1794 ἐγὼ
1391 1720 1494 1784 καὶ
1535 1718 1877 1785 ἔτυπτον
1923 1721 2186 1802 ἐκεῖνοι,
2243 1720 2716 1799 ύπεςταλμένης
2770 1722 2884 1796 τῆς
2924 1717 3236 1795 Δωρίδος

638 1819 1004 1901 διαλέκτου,
1073 1818 1137 1883 οἱ
1190 1821 1314 1898 γὰρ
1368 1821 1648 1899 Δωριεῖς
1705 1823 1781 1887 τὸ
1838 1822 2119 1898 ἐλέγον
2184 1822 2418 1887 ἐκεῖνοι
2485 1821 2928 1899 παροξύνουςι.
3014 1820 3091 1884 τὸ
3155 1820 3234 1882 δὲ

637 1917 893 2002 εἶχον,
938 1920 1002 1987 ἐξ
1048 1919 1129 1986 οὗ
1173 1922 1249 1986 τὸ
1297 1925 1702 2005 κατεῖχον,
1758 1924 1862 1988 καὶ
1905 1923 2071 1989 ἄλλα
2114 1927 2488 2001 περιςπᾶται
2536 1924 2625 1987 ὡς
2672 1922 3072 2001 διςύλλαβον.
3148 1920 3232 1984 τὰ

541 2026 601 2078 15
637 2022 760 2099 γὰρ
805 2022 1148 2103 διςύλλαβα
1200 2024 1239 2102 ἢ
1296 2028 1858 2103 προπεριςπῶνται
1901 2027 1940 2104 ἣ
1986 2025 2459 2104 παροξύνονται
2517 2025 2674 2090 κατὰ
2729 2024 2883 2088 τοὺς
2927 2021 3230 2098 κανόνας.

637 2127 875 2202 μακρᾶς
917 2125 1040 2202 γὰρ
1073 2123 1262 2203 οὔςης
1303 2129 1417 2203 ’τῆς
1462 2127 1953 2206 παραληγούςης
1996 2131 2588 2209 προπεριςπῶνται,
2632 2126 2906 2208 ἦλθον,
2952 2123 3232 2206 εὖρον,

635 2222 896 2308 εἶχον,
941 2223 1164 2291 εἶδον
1207 2228 1312 2291 καὶ
1353 2225 1584 2293 τᾶλλα·
1637 2228 1932 2309 βραχείας
1977 2230 2048 2293 δὲ
2091 2231 2205 2306 τῆς
2248 2228 2768 2310 παραληγούςης,
2824 2227 3232 2306 παροξύνον-

632 2347 766 2409 ται,
811 2325 1021 2409 ἴδον,
1067 2327 1315 2407 ἔςχον.

801 2429 897 2494 Τὰ
942 2423 1030 2494 είς
1074 2434 1155 2494 ο“ν
1199 2432 1622 2508 προςτακτικὰ
1672 2436 1792 2498 τοῦ
1847 2434 2112 2511 πρώτου
2167 2431 2465 2511 ἀορίςτου
2512 2432 3019 2511 ύπερδιςύλλαβα
3062 2452 3230 2510 προ-

532 2535 601 2586 20
634 2530 1139 2615 παροξύνονται,
1185 2530 1563 2616 ἄκουςον,
1607 2534 1936 2618 νόηςον,
1981 2536 2351 2615 φίληςον·
2397 2534 2740 2614 διςύλλαβα
2771 2535 2842 2599 δὲ
2872 2532 3033 2598 ὄντα
3061 2553 3230 2611 παρ-

635 2632 975 2699 οξύνονται
1030 2634 1069 2711 ἢ
1128 2639 1688 2712 προπεριςπῶνται
1744 2637 1902 2700 κατὰ
1958 2639 2112 2702 τοὺς
2167 2635 2475 2718 κανόνας,
2542 2638 2852 2718 νεῖμον,
2909 2639 3230 2717 κρῖνον,

632 2732 927 2817 τύψον,
975 2736 1235 2818 λέξον,
1291 2736 1636 2820 γράψον,
1691 2735 1927 2804 εἶπον
1972 2738 2115 2804 ἀντὶ
2156 2742 2275 2804 τοῦ
2319 2737 2456 2803 εἰπέ
2504 2738 2594 2803 ὡς
2637 2738 2813 2816 παρὰ
2860 2737 3230 2827 Μενάνδρῳ

635 2832 867 2901 «εἶπον
933 2838 1004 2901 δὲ
1058 2837 1115 2901 τί
1168 2841 1381 2904 ποιεῖν
1447 2839 1766 2917 μέλλετε».
1856 2839 1982 2904 ἔςτι
2047 2842 2119 2905 δὲ
2185 2840 2486 2920 δηλονότι
2541 2839 2842 2918 ἀορίςτου
2897 2843 3014 2904 τοῦ
3070 2838 3232 2903 εἶπα

632 2938 1116 3014 προςτακτικόν·
1162 2939 1216 3003 εἰ
1246 2939 1369 3017 γὰρ
1400 2940 1480 3019 ἦν
1512 2942 1816 3020 δευτέρου
1848 2927 2146 3021 ἆορίςτου
2177 2941 2617 3021 (υρακουςίων
2649 2941 2798 3024 ἔθει,
2829 2941 3110 3007 ὠξύνετο
3143 2940 3229 3027 ἂν

529 3046 595 3097 25
634 3036 871 3116 ὁμοίως
913 3046 1006 3124 τῷ
1048 3047 1247 3125 κοινῷ
1292 3050 1725 3127 προςτακτικῷ
1756 3050 1849 3126 τῷ
1880 3044 2034 3108 εἰπέ.
2102 3043 2165 3108 οἱ
2196 3044 2320 3121 γὰρ
2354 3043 2763 3121 (υρακούςιοι
2798 3046 3227 3122 μεταποιοῦν-

628 3160 735 3205 τες
780 3140 869 3206 εἰς
912 3145 993 3205 ὃν
1037 3144 1120 3209 τὰ
1168 3144 1592 3220 προςτακτικὰ
1634 3149 1751 3209 τοῦ
1809 3139 1862 3225 β’
1907 3144 2205 3223 ἀορίςτου
2250 3146 2365 3209 τὸν
2406 3144 2605 3210 τόνον
2654 3146 3044 3225 φυλάττουςι
3086 3150 3226 3209 τῶν

632 3246 867 3307 κοινῶν
912 3246 1385 3321 πρόςτακτικῶν
1431 3244 1576 3309 οἷον
1622 3245 1776 3325 λάβε
1823 3246 2102 3329 λάβον,
2146 3247 2301 3322 νύγε
2346 3246 2623 3329 νύγον,
2676 3246 2867 3312 ἄνελε
2912 3244 3225 3311 ἄνελον.

799 3342 944 3408 Πᾶν
991 3343 1296 3422 δεύτερον
1341 3345 1691 3423 πρόςωπον
1735 3348 2208 3433 παρῳχημένου
2239 3348 2480 3426 χρόνου
2513 3348 2673 3425 ὑπὲρ
2718 3349 2863 3426 μίαν
2903 3349 3226 3428 ςυλλαβὴν

633 3443 951 3523 λήγοντος
995 3445 1034 3523 ἢ
1080 3443 1168 3510 εἰς
1193 3445 1233 3510 ν
1262 3446 1301 3524 ἢ
1334 3445 1422 3510 εἰς
1466 3450 1508 3512 ἆ
1540 3447 1844 3529 ὁμοτονεῖ
1885 3456 1978 3535 τῷ
2021 3451 2293 3534 πρώτῳ,
2339 3449 2574 3529 ἐνύγην
2622 3450 2856 3528 ἐνύγη
2874 3472 2935 3533 ς,
2981 3448 3224 3529 ἐδάρην

800 3685 835 3735 1.
877 3688 902 3734 1
950 3684 1196 3751 λάβῃςθα
1236 3702 1357 3735 cum
1392 3686 1423 3738 ῖ
1459 3688 1770 3752 subscripto
1813 3689 2062 3751 exhibui,
2109 3686 2340 3753 οἴδηςθα
2381 3702 2479 3755 pro
2521 3687 2748 3740 οἴδαςθα
2791 3688 3054 3738 librorum
3098 3703 3228 3739 cum

569 3819 583 3827 .
630 3751 891 3802 Schmidt.
930 3768 997 3803 cx
1035 3752 1231 3808 Chocr.
1268 3754 1387 3816 592,
1424 3758 1491 3805 24
1524 3754 1595 3806 τὸ
1630 3754 1758 3807 οἶδα
1795 3753 1981 3833 οὲδημι
2016 3754 2271 3819 λέγουςιν
2307 3756 2360 3809 οἱ
2397 3754 2640 3820 Αἰολεῖς,
2676 3754 2888 3806 τούτου
2923 3754 2994 3806 τὸ
3029 3754 3225 3807 δεύτε-

628 3849 732 3899 ρον
782 3834 939 3901 οῖδης
982 3837 1074 3888 καὶ
1126 3837 1260 3889 κατ’
1303 3837 1599 3890 ἐπέκταςιν
1653 3842 1758 3904 τῆς
1804 3843 1875 3893 θα
1919 3841 2197 3904 ςυλλαβῆς
2243 3839 2473 3905 οἴδηςθα
2517 3840 2706 3904 ὥςπερ
2749 3838 2893 3903 ῆςθα
2938 3838 3029 3891 καὶ
3075 3838 3226 3891 κατὰ

628 3905 918 4022 ςυγιῙεοπὴν
953 3905 1129 3957 οῖςθα.
1165 3933 1233 3942 -
1267 3905 1507 3971 λέγῃςθα
1545 3905 1815 3991 βόιλῃςθαΑ
1837 3916 1892 3960 et
1930 3909 1964 3959 1.
2001 3912 2031 3959 2
2078 3907 2171 3959 ἐπὶ
2217 3908 2485 3973 δευτέρου
2521 3936 2587 3944 -
2624 3907 2938 3990 ἐνεςτῶτος
2983 3909 3226 3990 appositi

624 3973 797 4105 Ξέροὶ·
830 3972 1146 4105 Ξέῥιὲἰοξῗθ
1159 3988 1267 4104 2⁵82
1293 3976 1398 4094 31⁰
1412 3973 1913 4111 45312233‘22‘53,
1941 3972 3224 4121 “3133352‘222¹3²‘535223‘2'1325342c‘0‘551⁶5²}

625 4122 719 4175 ἐπὶ
754 4127 858 4177 τοῦ
894 4124 1234 4189 ἐνεςτῶτος,
1275 4132 1332 4177 ct
1368 4128 1513 4178 Mon.
1549 4130 1635 4190 44,
1671 4130 1736 4177 27
1775 4128 1876 4180 ὅςα
1914 4126 1991 4181 εἰς
2029 4131 2099 4180 θα
2136 4128 2308 4193 λήγει·
2333 4129 2569 4193 δεύτερα
2606 4128 2886 4194 πρόςωπα
2911 4125 3219 4178 ἑπεκτετα-

625 4207 793 4273 μένα,
829 4213 1013 4261 ταῦτα
1048 4208 1302 4276 ἀποβολῇ
1351 4213 1456 4275 τῆς
1492 4213 1562 4263 θα
1599 4211 1876 4277 ςυλλαβῆς
1912 4211 2237 4264 καταλείπει
2274 4212 2453 4278 ῥητὸν
2489 4212 2558 4264 τὸ
2594 4212 2774 4277 ῥῆμα,
2811 4208 2939 4263 οἷον
2975 4209 3221 4275 λέγῃςθα

622 4274 815 4341 λέγῃς,
856 4276 1101 4343 βάλῃςθα
1138 4276 1336 4344 βάλῃς,
1375 4277 1517 4341 ῆςθα
1551 4279 1647 4344 ἧς·
1687 4279 1864 4343 μόνον
1901 4280 2067 4345 besto
2106 4280 2267 4333 οῑςθα
2302 4284 2567 4333 τοιοῦτον
2604 4280 2710 4331 οὐκ
2746 4277 3064 4331 ἀνεδέξατο.
3134 4276 3222 4329 αἶ-

622 4358 747 4396 τιον
791 4344 852 4396 δὲ
895 4345 965 4396 τὸ
1012 4344 1206 4397 πάθος.
1278 4347 1348 4396 cf.
1394 4348 1458 4398 11.
1503 4349 1593 4406 Pr,
1629 4347 1675 4400 Τ
1712 4352 1858 4399 27οι-
1885 4346 2154 4400 δίδοιςθαε
2204 4346 2256 4399 οἱ
2304 4348 2405 4411 μὲν
2452 4347 2780 4414 βαρύνουςιν
2827 4345 2907 4397 ὡς
2955 4344 3220 4399 Αἰολικὸν

623 4411 738 4463 ἀπὸ
773 4416 877 4464 τοῦ
912 4411 1110 4475 δίδοιμι
1146 4411 1315 4465 δίδοις
1338 4412 1580 4468 δίδοιςθα
1605 4413 1683 4466 ὡς
1707 4414 1954 4481 τίθηςθα.
2003 4414 2056 4469 οἱ
2081 4416 2142 4468 δὲ
2170 4418 2510 4480 περιςπῶςιν
2535 4414 2833 4467 ἐπέκταςιν
2860 4413 3006 4465 εἶναι
3031 4411 3220 4475 οἰόμε-

622 4494 709 4531 νοι
744 4478 860 4532 ἀπὸ
896 4484 1001 4532 τοῦ
1038 4481 1222 4533 διδοῖς.
1342 4482 1378 4532 l.
1416 4487 1448 4534 9
1485 4484 1752 4548 quomodo
1788 4485 2137 4535 Herodianus
2174 4487 2486 4536 abnormcm
2524 4489 2810 4534 accentum
2848 4483 3221 4537 excusaverit,
3285 4496 3294 4504 “

622 4549 782 4598 nobis
826 4565 937 4600 non
984 4550 1233 4600 relictum
1289 4557 1404 4613 cst,
1461 4552 1708 4616 Theogn.
1753 4554 1875 4613 161,
1913 4555 1978 4602 24
2026 4552 2222 4603 tradit:
2276 4551 2346 4603 τὸ
2401 4550 2572 4616 ἐχρῆν
2624 4548 3056 4614 περιςπώμενον
3110 4548 3223 4600 οὐκ

622 4614 927 4681 ἐπίρρημα,
966 4615 1321 4681 ἀλλὰ,ρῆμα,
1360 4617 1504 4669 καθά
1540 4634 1709 4684 φηςιν
1746 4618 1779 4670 ὁ
1814 4620 2072 4681 τεχνικὸς
2110 4619 2172 4671 ἐν
2207 4623 2279 4685 τῇ
2318 4620 2581 4671 καθόλου.
2613 4640 2617 4645 ·
2651 4620 2725 4670 cf.
2761 4620 2868 4683 Ep.
2908 4617 3008 4667 Cr„
3033 4618 3060 4668 1
3095 4620 3222 4681 434,

622 4684 758 4735 Lob.
794 4685 866 4735 ad
903 4688 1104 4737 Buttm.
1139 4687 1196 4736 11
1232 4702 1283 4750 p.
1319 4690 1435 4741 330.
1577 4688 1614 4737 l.
1656 4691 1718 4739 10
1754 4685 1834 4739 εἰς
1870 4689 1936 4738 ἵν
1973 4690 2180 4739 inserui
2217 4695 2472 4738 monente
2501 4687 2766 4738 Schmidt.
2804 4687 2862 4735 in
2888 4700 3220 4751 programm.

623 4750 912 4804 Sedinens.
951 4752 1129 4816 (1864)
1168 4770 1218 4817 p.
1257 4757 1342 4803 24.
1550 4755 1585 4805 l.
1623 4758 1688 4805 22
1734 4757 1904 4806 verba
1951 4755 2119 4807 εἷπον
2165 4754 2291 4805 ἀντὶ
2326 4757 2430 4806 τοῦ
2470 4752 2620 4817 εἰπέ,
2670 4770 2812 4819 quac
2859 4760 2992 4804 ante
3023 4750 3222 4816 τύψον

624 4819 808 4881 posita
862 4825 1018 4880 sunt,
1074 4821 1131 4869 in
1184 4820 1291 4869 fine
1340 4821 1606 4874 collocavi
1653 4823 1864 4875 addens
1911 4822 1990 4873 ώς
2037 4822 2188 4889 παρὰ
2235 4821 2550 4889 Μενάνδρῳ
2599 4839 2773 4888 usquc
2819 4821 2890 4875 ad
2935 4820 3099 4871 finem
3147 4838 3222 4875 ex

625 4884 822 4937 Choer.
859 4890 975 4949 752,
1013 4891 1041 4939 7
1081 4887 1176 4951 (cf.
1213 4889 1331 4950 627,
1369 4890 1439 4951 ὃ).
