3664 5546
1526 411 1654 458 PRA
1664 409 1919 459 EFATIO
1928 445 1941 458 .
2926 412 3019 458 Lv

440 567 703 644 ράμενοι
758 564 1123 652 scripturae
1180 565 1431 640 obstat,
1487 572 1551 628 et
1606 566 1655 629 Ν
1714 563 1840 626 246
1896 585 2011 650 pro
2066 566 2365 644 θεράπων
2422 566 2528 631 ἐΰς
2587 565 3013 630 derivationis

438 664 581 750 lege
623 674 995 754 contempta
1038 667 1447 747 θεραπωνεύς
1492 664 1889 731 scribebant.

609 871 669 935 A
710 870 1029 935 Prosodia
1058 869 1394 934 Catholica
1435 871 1677 956 quippe
1721 891 1888 956 quae
1931 879 2232 934 versetur
2274 871 2340 934 in
2384 870 2582 935 rebus
2628 871 2712 936 ad
2756 872 3013 938 univer-

438 994 583 1036 sum
628 993 989 1036 sermonem
1034 971 1511 1060 pertinentibus
1542 993 1750 1058 neque
1781 982 2124 1057 poetarum
2170 970 2569 1056 singulorum
2616 996 2838 1054 usum,
2882 976 3012 1038 nisi

437 1095 587 1138 cum
629 1073 1096 1138 consuetudine
1140 1071 1399 1137 vinculo
1453 1072 1737 1158 quodam
1794 1072 2165 1153 cohaereat,
2230 1073 2546 1160 explicet,
2603 1077 2763 1139 haec
2820 1077 3010 1159 πάθη,

437 1198 606 1261 quae
662 1198 872 1262 neque
927 1184 1078 1239 sunt
1132 1173 1478 1261 prosodiae
1534 1184 1598 1239 et
1651 1175 1936 1240 maxime
2001 1184 2269 1263 propter
2333 1198 2518 1240 suam
2572 1186 2872 1240 naturam
2927 1179 3009 1242 ad

437 1288 777 1364 poetarum
823 1275 928 1342 vel
972 1275 1246 1342 aliorum
1291 1276 1679 1362 scriptorum
1711 1276 2002 1362 singulos
2049 1276 2223 1342 locos
2271 1279 2508 1342 rectius
2541 1276 3007 1363 intellegendos

436 1389 762 1465 spectant,
807 1376 1073 1443 exclusa
1116 1377 1379 1442 fuerunt
1420 1379 1568 1464 ipsa
1610 1400 1727 1464 per
1770 1401 1842 1443 se
1885 1401 2096 1465 neque
2139 1379 2591 1444 tractabantur
2642 1379 2768 1442 nisi
2812 1403 3007 1467 quum

437 1480 738 1568 propriae
782 1502 949 1567 quae
995 1478 1297 1544 dicuntur
1340 1478 1687 1565 prosodiae
1743 1482 2148 1546 occasionem
2204 1502 2423 1544 eorum
2480 1481 3006 1565 attingendorum

436 1582 868 1668 praebebant,
915 1578 1089 1667 quod
1132 1580 1247 1645 ubi
1290 1579 1537 1645 factum
1583 1581 1670 1645 sit
1714 1583 1938 1647 statim
1981 1582 2371 1647 videbimus.

604 1684 816 1748 Verae
872 1682 1074 1766 igitur
1137 1690 1391 1745 tantum
1468 1683 1815 1768 prosodiae
1881 1685 1950 1748 in
2015 1684 2335 1750 Prosodia
2400 1683 2732 1750 Catholica
2796 1685 3007 1752 locum

434 1785 829 1867 babuerunt,
894 1794 1195 1848 accentus
1208 1831 1227 1864 ,
1288 1784 1400 1867 qui
1463 1786 1725 1872 proprie
1787 1785 2124 1869 dicuntur,
2192 1788 2520 1873 quantitas
2584 1798 2650 1853 et
2715 1789 3001 1873 spiritus

436 1889 567 1952 Diu
634 1887 1052 1953 observatum
1119 1896 1219 1950 est
1274 1883 1534 1949 Platoni
1595 1887 1723 1950 iam
1779 1887 2044 1952 nomina
2099 1897 2481 1953 accentuum
2537 1889 2714 1957 ὀξεῖα
2777 1900 2843 1955 et
2898 1898 3003 1972 βα-

436 1993 576 2069 ρεῖα
619 1998 684 2052 et
722 1989 1162 2069 περιςπωμένη
1208 1997 1365 2051 nota
1403 1988 1607 2051 fuisse
1652 1987 1766 2072 (cf.
1804 1987 2125 2053 Steinthal
2158 1990 2554 2055 Geschichte
2584 1990 2700 2055 der
2729 1990 3004 2079 Sprach-

433 2083 891 2155 wissenschaft
934 2111 997 2176 p.
1043 2089 1231 2172 252),
1276 2090 1563 2153 maxime
1607 2090 2049 2155 memorabilis
2097 2101 2197 2155 est
2239 2090 2418 2156 locus
2477 2091 2726 2179 Cratyl.
2772 2117 2835 2180 p.
2878 2095 3005 2158 399

433 2201 695 2273 πρῶτον
741 2195 856 2271 μὲν
899 2193 1022 2270 γάρ
1077 2192 1152 2255 τὸ
1208 2192 1459 2256 τοιόνδε
1516 2197 1613 2257 δεῖ
1667 2193 1961 2271 ἐννοῆςαι
2016 2195 2161 2272 περὶ
2203 2194 2576 2278 ὀνομάτων,
2620 2195 2716 2261 ὅτι
2761 2198 3002 2266 πολλά-

434 2316 525 2360 κις
569 2295 1050 2374 ἐπεμβάλλομεν
1094 2294 1459 2376 γράμματα,
1503 2295 1582 2358 τὰ
1628 2295 1684 2359 δ’
1728 2296 2129 2377 ἐξαιροῦμεν,
2174 2298 2321 2375 παρ’
2366 2299 2403 2362 ὃ
2449 2298 2807 2377 βουλόμεθα
2852 2299 3001 2364 ὀνο-

434 2398 767 2478 μάζοντες,
812 2396 912 2459 καὶ
954 2396 1066 2460 τὰς
1111 2394 1486 2474 ὀξύτητας
1530 2399 2008 2477 μεταβάλλομεν
2052 2396 2195 2461 οἷον
2239 2398 2352 2461 Διῒ
2393 2399 2614 2482 φίλος,
2658 2404 2851 2465 τοῦτο
2893 2401 3002 2465 ἵνα

432 2499 573 2563 ἀντὶ
603 2498 881 2577 ῥήματος
924 2496 1132 2576 ὄνομα
1158 2498 1307 2576 ἡμῖν
1349 2499 1642 2581 γένηται,
1688 2499 1762 2562 τό
1791 2520 1860 2563 τε
1906 2498 2130 2577 ἕτερον
2175 2498 2443 2565 αὐτόθεν
2490 2500 2645 2564 ἰῶτα
2676 2501 3000 2580 ἐξείλομεν

433 2602 534 2666 καὶ
576 2600 717 2665 ἀντὶ
760 2597 1016 2666 ὀξείας
1072 2604 1184 2679 τῆς
1241 2599 1424 2678 μέςης
1479 2603 1820 2681 ςυλλαβῆς,
1884 2603 2207 2678 βαρεῖαν
2262 2601 2725 2680 ἐφθεγξάμεθα·
2782 2602 2999 2667 ἄλλων

433 2706 504 2767 δὲ
546 2701 926 2767 τούναντίον
971 2702 1367 2782 ἐμβάλλομεν
1409 2702 1767 2785 γράμματα,
1812 2701 1891 2765 τὰ
1936 2704 2007 2765 δὲ
2053 2703 2438 2781 βαρύτερα
2482 2701 2678 2769 ὀξέως
2723 2705 2997 2785 φθεγγό-

435 2812 606 2885 μεθα.
690 2800 1033 2867 Aristotel.
1080 2812 1249 2888 poet.
1297 2824 1351 2864 c.
1398 2804 1482 2865 20
1525 2810 1656 2865 tres
1701 2813 2006 2867 accentus
2053 2802 2242 2867 affert
2285 2804 2540 2886 ὀξύτης,
2587 2807 2855 2885 βαρύτης
2902 2808 3001 2870 καὶ

432 2910 508 2973 τὸ
552 2907 774 2988 μὲςον,
829 2927 954 2990 quo
1010 2913 1336 2989 postremo
1392 2900 1710 2968 vocabulo
1757 2903 2154 2987 significavit
2184 2903 2509 2989 quendam
2539 2905 2710 2968 inter
2738 2915 2999 2970 acutum

432 3020 498 3073 et
550 3028 817 3092 gravem
871 3015 1342 3071 commeantem
1399 3014 1767 3087 accentum,
1826 3008 2190 3085 περίςπαςιν
2246 3028 2401 3069 vero
2460 3016 2529 3070 ut
2576 3029 2658 3069 ex
2715 3008 2892 3074 ὀξεῖα
2935 3017 3000 3072 et

433 3115 653 3192 βαρεῖα
695 3107 1103 3172 coniunctam
1147 3108 1563 3193 praeteriisse
1606 3107 1889 3172 videtur.
1975 3107 2281 3193 Antiquis
2336 3108 2538 3190 igitur
2581 3107 2710 3171 iam
2756 3120 2996 3194 tempo-

430 3212 610 3277 ribus
656 3210 1006 3276 observata
1048 3218 1148 3273 est
1189 3208 1587 3295 syllabarum
1633 3196 1746 3274 aut
1786 3209 2037 3275 intenta
2081 3219 2195 3274 aut
2222 3208 2494 3272 remissa
2523 3211 2998 3295 pronunciatio,

431 3323 622 3400 atque
677 3310 943 3375 nomina
1004 3311 1272 3376 inventa
1335 3320 1504 3375 sunt.
1594 3310 1848 3375 Revera
1913 3334 2079 3375 unus
2135 3320 2388 3375 tantum
2448 3321 2748 3375 accentus
2802 3322 2877 3376 ut
2930 3313 2998 3376 in

434 3414 607 3481 omni
650 3435 945 3477 sermone
989 3412 1083 3476 sic
1124 3414 1192 3477 in
1238 3412 1493 3480 Graeco
1538 3421 1793 3495 exstat,
1841 3413 1931 3493 is,
1976 3413 2088 3497 qui
2132 3411 2452 3499 syllabam
2497 3413 2801 3493 intendit,
2849 3437 2996 3478 acu—

432 3528 565 3598 tus,
609 3538 759 3579 nam
802 3514 1062 3580 nomine
1107 3514 1454 3601 prosodiae
1498 3514 1719 3598 gravis
1750 3514 1910 3578 nihil
1955 3514 2283 3579 indicatur
2312 3514 2436 3579 nisi
2469 3512 2792 3600 syllabam
2837 3538 2996 3579 voce

436 3640 564 3682 non
627 3616 899 3682 intendi.
1012 3616 1231 3697 Quare
1295 3616 1561 3702 quidam
1624 3614 1877 3681 duobus
1942 3616 2320 3682 accentibus
2378 3616 2663 3680 contenti
2731 3616 2995 3681 fuerunt

374 3724 381 3731 ’
433 3718 611 3786 velut
653 3717 1114 3783 Athenodorus
1174 3741 1374 3782 unum
1430 3717 1799 3782 inferiorem
1854 3717 2131 3782 alterum
2185 3717 2583 3804 superiorem
2638 3716 2995 3804 appellanS,

430 3844 580 3886 nam
621 3819 865 3885 flexum
910 3819 1049 3885 sive
1093 3821 1455 3905 προςῳδίαν
1501 3822 1984 3900 περιςπωμένην
2028 3817 2189 3882 nihil
2233 3818 2411 3884 aliud
2456 3842 2598 3884 esse
2642 3842 2837 3905 quam
2879 3820 2993 3883 hos

358 3971 367 3981 ·
431 3924 595 3989 duos
639 3923 709 3986 in
750 3945 880 3986 una
924 3920 1180 4007 syllaba
1225 3921 1649 3987 existimavit.
1741 3920 1877 3985 Alii
1922 3932 1994 3987 ut
2035 3919 2453 3985 Aristarchus
2498 3931 2563 3985 et
2617 3920 2757 3984 eius
2803 3919 2992 3983 disci-

429 4024 617 4111 pulus
646 4022 1006 4109 Dionysius
1038 4022 1261 4087 Thrax
1291 4033 1421 4087 tres
1452 4024 1791 4109 prosodias
1822 4032 2188 4088 statuerunt
2218 4023 2461 4102 ὀξεῖαν,
2503 4044 2698 4107 quam
2727 4020 2996 4107 quidam

431 4128 876 4206 ἐπιτεταμένην
920 4136 995 4189 ut
1039 4124 1327 4191 Glaucus
1371 4126 1630 4191 Samius
1676 4124 2031 4205 vocabant,
2080 4128 2336 4206 βαρεῖαν
2381 4133 2447 4188 et
2489 4124 2993 4207 περιςπωμένην,

430 4250 592 4314 quae
660 4228 996 4308 ὀξυβάρεια
1057 4236 1224 4292 teste
1291 4225 1519 4293 Servio
1585 4227 1669 4291 ab
1728 4227 2106 4305 Ammonio,
2173 4226 2494 4290 referente
2551 4224 2837 4290 Arcadio
2906 4226 2991 4290 ab

430 4329 870 4416 Aristophane
914 4327 1242 4415 appellata
1286 4339 1412 4408 est,
1456 4351 1497 4392 a
1538 4328 1863 4413 Dionysio
1910 4327 2216 4414 Olympio
2270 4328 2534 4412 ἄτονος,
2587 4328 2673 4392 ab
2717 4326 2991 4392 Hermo-

430 4442 607 4496 crate
650 4430 825 4497 Iasio
880 4432 1298 4510 ςύμπλεκτος,
1355 4430 1437 4495 ab
1483 4428 1875 4515 Epicharmo
1929 4432 2323 4510 κεκλαςμένη.
2377 4467 2445 4476 -
2496 4427 2632 4492 Alii
2684 4437 2993 4515 quattuor

431 4541 733 4598 accentus
778 4554 920 4596 esse
963 4540 1358 4617 putaverunt
1401 4530 1610 4597 tribus
1658 4530 1987 4595 consuetis
2032 4530 2354 4616 prosodiis
2399 4530 2758 4616 quandam,
2805 4531 2989 4594 cuius

431 4634 685 4718 signum
728 4633 960 4699 Servio
1015 4644 1189 4700 certe
1241 4634 1534 4718 ignotum
1578 4633 1734 4712 fuit,
1791 4633 1961 4696 inter
2015 4632 2228 4699 ὀξεῖαν
2284 4642 2349 4698 et
2394 4638 2652 4714 βαρεῖαν
2706 4630 2988 4695 mediam

431 4734 840 4819 adimentem
887 4736 1056 4800 inter
1098 4735 1594 4821 grammaticOS,
1639 4734 1752 4819 qui
1797 4735 1964 4798 hanc
1994 4736 2181 4815 μὲςην
2212 4734 2685 4821 probaverunt,
2731 4742 2990 4819 praeter

433 4837 915 4923 Tyrannionem
945 4838 1361 4904 nominantur
1383 4835 1669 4907 Glaucus
1700 4836 1984 4917 SamiuS,
2015 4835 2477 4902 Hermocrates
2510 4835 2746 4921 Iasius,
2778 4835 2989 4902 Theo-
