3664 5546
672 309 799 374 276
1610 307 1691 362 εκ
1729 308 1872 363 τΩΝ
1913 308 2323 362 ΗΡΩΔΙΑΝοΥ

673 482 744 544 δὲ
790 481 892 544 καὶ
933 479 1190 556 Φανότη
1234 478 1338 542 καὶ
1380 479 1721 543 Φανοτεύς.
1769 478 2161 556 Θουκυδίδης
2205 478 2487 561 τετάρτῳ
2533 478 2615 559 (c.
2652 476 2786 561 89).
2845 479 3013 543 τινές
3041 479 3262 544 Πανό-

624 581 859 654 ,πειάν
915 601 1122 660 φαςιν.
1197 580 1641 659 Τρινέμεια·
1710 578 1918 643 οὕτως
1977 579 2369 659 Καλλίμαχος
2424 578 2649 662 Ἑκάλῃ
2708 580 2825 644 τὸν
2892 582 3096 660 δῆμον
3149 582 3264 657 τῆς

675 682 1060 760 Κεκροπίδος
1105 683 1346 763 φυλῆς,
1403 682 1480 745 ὃν
1524 681 1869 758 Διόδωρος
1912 682 2015 744 καὶ
2056 680 2344 758 Δίδυμος
2386 680 2712 759 Τρινεμεῑς
2757 679 3260 762 ἀναγράφουςιν.

672 784 1113 862 Βουνόμεια
1156 784 1259 846 καὶ
1304 781 1637 861 Βούνομος
1694 781 1984 846 ἐκαλεῖτο
2040 782 2079 860 ἡ
2128 781 2531 852 Μακεδονίας
2571 781 2808 845 Πέλλα.
2883 781 3262 848 Οἰάνθεια

597 893 629 943 5
672 884 858 948 πόλις
902 883 1188 966 Λοκρῶν,
1233 883 1628 965 Ἑλλάνικος,
1674 884 1753 961 ἣν
1798 883 2124 947 Ἑκαταῖος
2168 882 2439 966 Εὐρώπῃ
2470 882 2750 961 Οἰάνθην
2794 886 2989 947 καλεῖ.
3036 883 3258 962 Ἀφύ-

667 1006 840 1049 τεια
882 985 1069 1049 πόλις
1113 984 1392 1067 Θρᾴκης,
1437 986 1475 1062 ἣ
1521 985 1623 1048 καὶ
1667 983 1907 1064 Ἀφύτη
1953 985 2057 1048 καὶ
2096 984 2362 1063 Ἄφυτις
2405 985 2506 1048 καὶ
2539 983 2839 1063 Ἄφυτος.
2884 985 3256 1065 Δέλβεια·

671 1086 880 1151 οὕτως
925 1086 1176 1161 λέγουςί
1219 1105 1385 1150 τινες
1429 1086 1688 1165 Δέρβην
1735 1085 2056 1164 φρούριον
2102 1085 2398 1163 Ἰςαυρίας
2441 1085 2543 1149 καὶ
2588 1085 2826 1164 λιμένα.
2892 1085 3020 1150 ἔςτι
3065 1086 3135 1150 δὲ
3177 1091 3256 1169 τῇ

645 1174 801 1253 ιτῶν
831 1187 1179 1253 Λυκαόνων
1209 1193 1399 1270 φωνῇ
1429 1186 1753 1265 ἄρκευθος.
1800 1186 2287 1262 Ἀντιγόνεια
2329 1186 2516 1251 πόλις
2550 1186 2826 1282 Χαονίας
2856 1185 2927 1251 ἐν
2959 1186 3255 1269 Ἠπείρῳ.

670 1289 797 1354 ἔςτι
840 1290 942 1353 καὶ
984 1288 1170 1353 πόλις
1199 1287 1524 1365 Ἀρκαδίας
1567 1288 1606 1366 ἡ
1652 1288 1972 1366 πρότερον
2006 1287 2367 1352 Μαντίνεια.
2433 1288 2606 1366 τρίτη
2640 1288 3074 1368 Μακεδονίας,
3118 1287 3253 1351 Ἀν-

509 1416 525 1430 ·
572 1406 636 1457 ιο
669 1391 933 1467 τιγόνου
997 1389 1212 1470 κτίςμα
1275 1394 1393 1454 τοῦ
1463 1390 1760 1455 Γονατοῦ.
1849 1388 2114 1468 τετάρτη
2171 1389 2461 1454 Βιθυνίας
2520 1389 2685 1467 πρὸς
2747 1395 2841 1472 τῷ
2896 1389 3252 1473 Δαςκυλίῳ.

666 1493 918 1578 πέμπτη
963 1492 1033 1557 ἐν
1076 1498 1151 1574 τῇ
1198 1489 1387 1574 (υρίᾳ
1430 1491 1696 1570 πληςίον
1743 1490 2142 1570 Ἀντιοχείας.
2232 1490 2358 1554 ἔςτι
2401 1491 2504 1554 καὶ
2547 1490 2868 1570 φρούριον
2918 1491 3256 1569 Κυζικηνῆς

530 1679 539 1684 Ω
667 1593 914 1671 ἀπέχον
969 1596 1080 1671 τῆς
1133 1592 1572 1671 προςεςπέρου
1628 1593 1937 1671 θαλάςςης
1982 1593 2073 1656 ὡς
2119 1592 2408 1657 ςταδίους
2463 1591 2537 1656 ν’.
2626 1592 3026 1657 Ἀττάλεια
3067 1592 3253 1657 πόλις

665 1694 896 1759 Λυδίας
940 1694 1261 1772 πρότερον
1308 1693 1638 1772 Ἀγρόειρα
1681 1694 1719 1773 ἢ
1766 1694 2097 1772 Ἀλλόειρα
2140 1693 2516 1773 καλουμένη.
2592 1692 2656 1757 οἱ
2707 1696 2778 1758 δὲ
2822 1694 2939 1772 τὴν
2988 1694 3253 1758 Κιλικίας
3299 1693 3312 1700 ’

671 1795 972 1874 Κώρυκον
1019 1794 1190 1860 οὕτω
1246 1796 1401 1875 φαςὶ
1444 1794 1762 1876 λέγεςθαι,
1823 1795 1914 1859 ὡς
1964 1795 2363 1876 Δημήτριος,
2420 1792 2551 1859 ἀπὸ
2596 1794 2903 1860 Ἀττάλου
2946 1795 3250 1859 Φιλαδέλ-

568 1912 630 1962 15
667 1917 802 1976 φου
847 1896 1188 1960 κτίςαντος.
1233 1896 1683 1974 Ἀδράςτεια
1726 1896 1955 1975 μεταξὺ
1984 1896 2291 1974 Πριάπου
2334 1897 2435 1960 καὶ
2464 1896 2715 1974 Παρίου
2746 1895 2877 1960 ἀπὸ
2909 1896 3249 1974 Ἀδράςτου

668 1998 1000 2078 βαςιλέως,
1068 1997 1141 2061 ὃς
1195 1998 1300 2061 καὶ
1351 2002 1608 2075 πρῶτος
1661 1997 1958 2075 ἱδρύςατο
2026 1998 2103 2062 τὸ
2164 1997 2487 2076 Νεμέςεως
2540 1996 2734 2076 ἱερόν.
2834 1996 3123 2062 ἐκαλεῖτο
3179 2000 3249 2061 δὲ

663 2101 766 2163 καὶ
808 2098 847 2176 ἡ
893 2099 1074 2177 χώρα
1117 2098 1479 2176 Ἀδράςτεια
1522 2099 1626 2163 καὶ
1669 2097 2065 2176 Ἀδραςτείας
2107 2099 2332 2188 πεδίον
2376 2099 2478 2162 καὶ
2520 2097 2560 2176 ἡ
2603 2098 2791 2163 πόλις
2835 2097 3057 2165 οὕτως.
3124 2098 3249 2164 ἔςτι

663 2201 765 2264 καὶ
829 2199 1136 2284 Τρωάδος
1193 2199 1555 2278 Ἀδράςτεια
1621 2199 1821 2263 τόπος
1884 2198 2016 2265 ἀπὸ
2083 2200 2474 2278 Ἀδραςτείας
2535 2201 2850 2278 θυγατρὸς
2916 2199 3247 2282 Μελίςςου,

659 2306 778 2366 τοῦ
830 2302 996 2380 Ἴδης
1050 2305 1163 2379 τῆς
1215 2304 1478 2379 πρῶτον
1546 2300 1982 2380 βαςιλευςάςης
2037 2300 2108 2365 ἐν
2141 2301 2394 2384 Τροίᾳ,
2463 2301 2553 2366 ὡς
2606 2301 2817 2379 Χάραξ
2870 2300 3246 2380 Ἑλληνικῶν

559 2415 628 2467 20
664 2404 947 2487 δευτέρᾳ.
994 2401 1394 2466 Ἀκούτεια
1437 2401 1624 2466 πόλις
1669 2401 1928 2481 Ἰβηρίας
1973 2402 2135 2467 καθὰ
2169 2401 2467 2482 (τράβων
2513 2402 2584 2467 ἐν
2625 2409 2717 2486 τῷ
2761 2402 2952 2485 τρίτῳ
2998 2403 3088 2488 (p.
3123 2401 3245 2485 15).

661 2503 1162 2584 Ἀμφιγένεια
1204 2503 1391 2568 πόλις
1423 2503 1834 2581 Μεςςηνιακή.
1881 2487 2181 2583 (τράβων
2226 2500 2428 2586 ὀγδόῃ
2475 2501 2570 2588 (p.
2602 2502 2774 2587 349).
2820 2502 2945 2570 ἔςτι
2990 2505 3062 2568 δὲ
3091 2502 3247 2568 κατὰ

661 2607 777 2685 μὲν
834 2604 1334 2682 Ἀπολλόδωρον
1388 2607 1500 2682 τῆς
1546 2604 1914 2688 Μακιςτίας,
1975 2605 2135 2669 κατὰ
2180 2605 2251 2668 δὲ
2296 2603 2671 2684 Ἀντίμαχον
2725 2607 2837 2682 τῆς
2883 2603 3244 2682 Μεςςηνίας.

663 2705 998 2771 Μενέλαος
1045 2706 1116 2769 δέ
1160 2726 1309 2786 φηςι
1355 2708 1456 2770 καὶ
1500 2705 1945 2786 Ἀμφιγένειον
1989 2705 2281 2785 εἰρῆςθαι.
2357 2705 2849 2786 Ἀνεμώρεια
2875 2705 3062 2770 πόλις
3105 2699 3244 2770 Φω·

658 2808 847 2874 κίδος.
892 2809 1179 2888 Ὅμηρος
1226 2807 1332 2871 «οἵ
1372 2807 1439 2871 τ’
1469 2808 1893 2887 Ἀνεμώρειαν
1925 2810 2027 2872 καὶ
2056 2807 2414 2887 Ὑάμπολιν
2454 2806 2947 2887 ἀμφενέμοντο»
2987 2808 3065 2889 (Β
3093 2804 3246 2887 521)

557 2924 622 2974 25
657 2910 761 2975 καὶ
803 2910 1162 2990 Λυκόφρων
1222 2908 1511 2987 «πάτραν
1556 2909 1816 2974 Λίλαιαν
1873 2908 2300 2989 κάνεμωρείας
2354 2910 2598 2974 πέδον»
2657 2910 2752 2992 (ν.
2802 2906 3008 2989 1073).
3083 2908 3244 2974 ὠνό-

658 3031 878 3090 μαςται
923 3009 1055 3075 ἀπὸ
1098 3014 1216 3074 τοῦ
1262 3010 1736 3090 ςυμβαίνοντος.
1815 3010 2250 3090 ὑποκείμενον
2305 3011 2430 3088 γάρ
2474 3010 2671 3087 αὐτῆς
2722 3009 2798 3073 τὸ
2827 3009 3243 3089 -καλούμενον

662 3112 1102 3190 Κατοπτήριον
1147 3110 1419 3193 χωρίον,
1474 3111 1539 3178 ἐξ
1584 3109 1664 3175 οὗ
1705 3111 1799 3174 δι’
1843 3111 2078 3189 ἡμέρας
2121 3113 2224 3175 καὶ
2277 3111 2507 3176 νύκτας
2551 3110 2963 3188 καταιγίζεται
3007 3131 3242 3176 παντα-

657 3213 868 3291 χόθεν.
942 3212 1250 3277 Ἄνθεια
1303 3212 1490 3276 πόλις
1545 3211 2091 3294 Πελοποννήςου,
2157 3213 2424 3291 πληςίον
2476 3212 2785 3295 Ἄργους,
2858 3212 2948 3277 ὡς
3011 3211 3240 3279 Φίλων.

658 3313 783 3377 ἔςτι
829 3314 900 3376 δὲ
942 3312 1200 3378 Ἄνθεια
1254 3313 1355 3377 καὶ
1407 3316 1524 3377 τοῦ
1567 3313 1831 3383 Πόντου
1885 3314 2072 3378 πόλις
2124 3313 2289 3391 πρὸς
2332 3319 2408 3397 τῇ
2455 3313 2703 3397 Θρᾴκῃ,
2766 3313 3088 3392 Μιληςίων
3142 3314 3241 3377 καὶ

554 3426 624 3478 30
657 3414 981 3480 Φωκαέων
1036 3406 1336 3497 ἄτΐοικος,
1392 3413 1469 3492 ἧς
1523 3414 1867 3494 μέμνηνται
1924 3414 2163 3478 πολλοὶ
2216 3414 2319 3478 καὶ
2370 3414 2619 3485 Φιλέας.
2708 3413 2834 3478 ἔςτι
2900 3416 3004 3479 καὶ
3068 3417 3239 3494 κώμη

655 3514 900 3607 Λιβύης.
974 3515 1337 3581 Παυςανίας
1382 3517 1452 3580 δὲ
1495 3517 1791 3581 Ἄνθειαν
1840 3514 2120 3593 Θουρίαν
2164 3514 2356 3579 πόλιν
2404 3514 2751 3594 Μεςςηνίας
2805 3515 3011 3594 φηςίν.
3074 3516 3238 3580 Ἄν-

656 3635 822 3679 τεια
866 3615 1052 3680 πόλις
1097 3616 1356 3682 Ἰταλίας
1399 3617 1685 3695 ὑπήκοος
1728 3616 2076 3696 Ῥωμαίων.
2150 3615 2381 3695 ἐκλήθη
2427 3617 2500 3679 δὲ
2552 3614 2684 3680 ἀπὸ
2735 3615 2954 3695 Κίρκης
2997 3615 3237 3681 παιδός.
3295 3694 3302 3708 ,

658 3716 1035 3782 «Ὀδυςςέως
1100 3718 1222 3797 γὰρ
1289 3720 1391 3783 καὶ
1461 3718 1680 3797 Κίρκης
1743 3716 1922 3783 υἱοὺς
1985 3718 2273 3793 γενέςθαι
2338 3719 2537 3799 τρεῖς,
2603 3716 2883 3799 Ῥῶμον,
2941 3717 3238 3800 Ἀντείαν,

657 3817 1002 3897 Ἀρδείαν».
1061 3820 1513 3900 μετωνομάςθη
1560 3821 1632 3884 δὲ
1675 3819 1778 3882 καὶ
1814 3818 2089 3884 Ἄντιον.
2136 3818 2510 3900 Ἀράφεια
2552 3820 2744 3896 νῆςος
2777 3818 3022 3896 Καρίας.
3067 3819 3238 3896 Παρ-

554 3931 619 3982 35
655 3919 866 3984 θένιος
911 3919 981 3985 ἐν
1028 3920 1277 4003 Ἰφίκλῳ
1325 3922 1468 3985 «καὶ
1510 3919 1792 3997 εἰναλίην
1837 3919 2184 4000 Ἀράφειαν
2199 3944 2243 3983 ».
2307 3920 2660 3998 Γρώνεια
2702 3918 2889 3984 πόλις
2932 3917 3238 4000 Φωκίδος,

658 4020 985 4098 Γρύνεια
1028 4023 1140 4097 τῆς
1169 4021 1491 4099 Τρωάδος.
1552 4021 2043 4099 Ἀριαράθεια
2087 4021 2271 4086 πόλις
2315 4020 2582 4099 πληςίον
2618 4019 3066 4086 Καππαδοκίας
3107 4019 3238 4084 ἀπὸ

654 4122 1033 4201 Ἀριαράθου
1067 4122 1513 4186 Καππαδοκίας
1548 4121 2060 4204 βαςιλεύςαντος,
2103 4125 2392 4202 γαμβροῦ
2420 4120 2766 4200 Ἀντιόχου.
2809 4121 3238 4199 Αἰγιάλεια·

655 4223 863 4288 οὕτως
893 4223 1193 4302 ἐκέκλητο
1222 4224 1472 4302 Ἄργος.
1505 4223 1870 4302 Ὑπέρεια
1896 4224 2133 4302 Ἄργος
2161 4223 2200 4301 ἡ
2224 4224 2524 4288 Φαιάκων
2546 4222 2734 4288 πόλις
2764 4222 3084 4306 ἐκέκλητο,
3115 4220 3239 4287 ἔςτι

653 4326 755 4388 καὶ
799 4324 1100 4403 Ὑπέρεια
1143 4325 1313 4404 πηγὴ
1361 4324 1695 4404 Μεςηῖδος.
1742 4324 2246 4402 Ἀπεράντεια
2290 4325 2476 4391 πόλις
2507 4324 2860 4390 Θεςςαλίας.
2913 4323 3239 4404 Πολύβιος

552 4434 619 4486 4ο
654 4425 931 4510 εἰκοςτῷ.
999 4426 1436 4492 Ἀντινόεια
1480 4427 1666 4491 πόλις
1707 4424 2032 4501 Αἰγύπτου
2076 4424 2198 4490 ἀπ’
2245 4426 2573 4500 Ἀντινόου
2628 4425 2873 4491 παιδός.
2947 4422 3235 4489 Ἀντιό-

652 4546 825 4606 χεια
868 4528 1108 4592 πολλαὶ
1148 4529 1394 4593 πόλεις·
1439 4529 1662 4605 πρώτη
1707 4526 1944 4604 (ύρων.
2032 4526 2071 4604 ἡ
2128 4526 2396 4605 δευτέρα
2448 4527 2681 4606 ἐκλήθη
2731 4526 2862 4591 ἀπὸ
2907 4525 3236 4603 Ἀντιόχου
3323 4542 3328 4546 ·
3385 4592 3394 4599 ‚

650 4631 768 4691 τοῦ
821 4627 1241 4711 Ἐπιφανοῦς,
1295 4628 1539 4693 Λυδίας.
1637 4628 1810 4706 τρίτη
1872 4628 2389 4710 Μεςοποταμίας,
2460 4628 2796 4705 Μυγδονία
2856 4625 3235 4707 καλουμένη,

649 4727 783 4805 ἥτις
826 4728 990 4805 πρὸς
1031 4732 1163 4792 τῶν
1208 4728 1567 4805 ἐπιχωρίων
1615 4727 1864 4807 Νάςιβις
1921 4732 2216 4793 καλεῖται.
2305 4729 2569 4806 τετάρτη
2613 4728 2911 4793 Πιςιδίας.
2984 4727 3235 4805 πέμπτη
