3664 5546
1160 366 1318 421 ΠΕΡΙ
1360 367 1748 423 ΚΑΘΟΛΙΚΗ(
1784 368 2205 424 ΠΡΟΕΩιΔΙΑ(
2245 371 2305 424 Η.
2406 396 2414 403 ·
2901 372 3029 439 219

457 559 620 620 τος,
676 538 999 621 ἄφετος,
1059 538 1371 622 ἄνετος,
1425 540 1787 621 Αἴνετος,
1842 542 2155 607 αἰνετός
2199 543 2269 607 δὲ
2314 543 2389 607 τὸ
2434 544 2743 608 ἐπίθετον.
2830 543 3025 624 Λάμ-

417 630 688 707 ’πετος
744 640 881 706 υἱὸς
932 642 1136 725 Ἴρου,
1188 643 1561 726 πάγετος,
1618 643 1778 722 ὅπερ
1837 642 2048 710 ὀξύνει
2104 644 2142 722 ἡ
2202 646 2509 724 ςυνήθεια.
2598 646 2690 710 ἔτι
2736 645 3026 713 ὀξύνεται

457 743 557 808 καὶ
600 742 829 808 ἀετός
874 744 976 808 καὶ
1020 743 1298 810 αἰετός.

622 845 715 910 Τὰ
760 846 864 911 διὰ
905 850 1023 910 τοῦ
1067 850 1214 912 ἐτος
1258 849 1636 929 τριςύλλαβα
1681 849 2114 927 προςηγορικὰ
2156 849 2194 927 ἢ
2241 849 2555 913 ἐπιθετικὰ
2600 850 2921 930 ὀξύνεται,
2973 851 3029 914 εἰ

456 950 534 1027 μὴ
591 949 993 1029 παρωνύμως
1045 950 1429 1032 τετύπωται,
1483 951 1836 1033 νιφετός,
1894 951 2151 1033 ὑετός,
2218 950 2588 1034 κοπετός,
2654 952 3085 1034 πυρετός,5

454 1051 810 1134 τοκετός,
866 1053 1272 1131 ςυρφετός.
1360 1053 1435 1117 τὸ
1492 1053 1708 1133 μέντοι
1771 1051 2133 1135 ἄςχετος,
2202 1051 2572 1136 ἄςπετος,
2638 1054 3026 1129 γνύπετος

455 1153 493 1218 ὁ
537 1158 776 1233 χαῦνος
818 1155 1389 1235 προπαροξύνεται.

621 1285 658 1319 ι
706 1258 800 1323 Τὰ
853 1258 1014 1336 ὑπὲρ
1067 1260 1236 1337 τρεῖς
1287 1258 1600 1339 ςυλλαβὰς
1656 1259 1759 1322 διὰ
1816 1261 1933 1322 τοῦ
1980 1264 2128 1323 ετδῗ
2171 1258 2597 1339 ἐκφερόμενα,
2654 1260 2734 1337 μὴ
2792 1258 3030 1337 ἔχοντα

455 1361 1046 1439 παραςχηματιςμὸν
1112 1363 1419 1441 θηλυκοῦ,
1485 1360 1848 1426 ἑπιθετικῶς
1914 1362 2027 1439 μὲν
2095 1361 2541 1440 λαμβανόμενα
2613 1360 2829 1440 τρίτην
2896 1360 3026 1425 ἀπὸ

455 1463 678 1527 τέλους
735 1463 902 1528 θέλει
956 1462 1126 1540 ἔχειν
1183 1463 1298 1541 τὴν
1353 1462 1567 1529 ὀξεῖαν
1612 1462 1823 1542 ὥςπερ
1879 1462 2009 1541 ἔχει
2065 1463 2140 1527 τὸ
2197 1461 2754 1545 ἀμαιμάκετος,
2811 1483 3025 1541 περι-
3068 1474 3131 1525 10

456 1564 812 1646 μήκετος,
856 1563 1376 1646 ἀριδείκετος,
1423 1565 1856 1646 ἐξαίρετος,
1900 1564 2516 1645 παλινάγρετος,
2560 1563 3028 1648 τηλύγετος,

455 1665 876 1747 Ταΰγετος,
914 1665 1359 1744 ἀτρύγετος.
1416 1667 1491 1731 τὸ
1523 1669 1593 1731 δὲ
1625 1666 2105 1731 λαιλαπετός
2150 1668 2231 1746 μὴ
2268 1666 2346 1731 ὂν
2377 1666 2731 1731 ἐπιθετικὸν
2778 1665 3028 1744 ὠξύνθη

455 1768 558 1831 καὶ
589 1768 665 1833 τὸ
697 1767 1034 1833 Ἰαπετός
1080 1768 1184 1833 ἐπὶ
1213 1769 1446 1849 κυρίου.
1508 1768 1714 1834 οὕτως
1761 1768 1882 1833 οὖν
1913 1770 2017 1833 καὶ
2057 1769 2133 1833 τὸ
2179 1767 2654 1850 ἀφυςγετός,
2700 1768 2877 1846 εἰπερ
2911 1769 3029 1832 οὐκ

454 1869 621 1934 ἔςτιν
666 1868 1047 1952 ἐπιθετικόν,
1104 1870 1296 1948 ὑγιῶς
1340 1872 1866 1951 όξυτονηθήςεται
1911 1871 2068 1935 κατὰ
2110 1872 2226 1935 τὸν
2273 1870 2692 1951 Ἀρίςταρχον.
2765 1870 2804 1948 ἢ
2851 1870 3029 1948 εἴπερ

456 1971 612 2036 αὐτὸ
660 1971 1016 2051 βαρύνομεν
1047 1974 1206 2037 κατὰ
1224 1956 1349 2038 ’τὸν
1380 1974 1826 2056 Τυραννίωνα,
1873 1976 2160 2053 δώςομεν
2191 1973 2350 2038 αὐτὸ
2382 1975 2482 2037 καὶ
2520 1972 2858 2037 ἐπικεῖςθαί
2889 1993 3028 2037 τινι.
3072 1983 3129 2034 15

622 2073 715 2137 Τὰ
758 2073 847 2138 εἰς
889 2077 1004 2138 τόἶ
1053 2074 1235 2154 κύρια
1289 2076 1327 2154 ἢ
1384 2076 1639 2140 ἐπίθετα
1692 2076 2190 2156 παραληγόμενα
2245 2080 2336 2158 τῷ
2380 2078 2421 2153 ἦ
2465 2077 2782 2154 μονογενῆ
2839 2075 3027 2155 βαρύ-

456 2196 707 2258 νονται,
751 2177 1101 2258 Ἄρητος,
1147 2177 1499 2257 Λάμητος
1543 2179 1834 2257 ποταμὸς
1878 2178 2042 2258 πρὸς
2091 2177 2404 2257 Κρότωνι,
2463 2175 2590 2256 ἀφ’
2635 2174 2715 2240 οὗ
2758 2176 3026 2255 Λαμητῑ-

455 2298 555 2343 νοι
599 2278 800 2343 πόλις.
898 2278 1218 2344 Ἑκαταῖος
1273 2279 1543 2364 Εὐρώπῃ
1589 2280 1701 2344 «ἐν
1748 2282 1819 2344 δὲ
1863 2280 2152 2359 Λὰμητος
2207 2278 2523 2361 ποταμός,
2579 2278 2650 2343 ἐν
2705 2279 2776 2343 δὲ
2820 2277 3026 2357 Λαμη-

455 2384 667 2445 τῑνοι».
716 2381 1069 2459 Μέλητος
1098 2380 1307 2461 ὄνομα
1336 2382 1577 2463 κύριον,
1610 2381 1946 2461 βύνητος
1977 2380 2152 2446 εἶδος
2182 2380 2430 2459 ἱματίου
2462 2380 2620 2458 παρ’
2649 2378 3025 2454 &nmium

457 2482 816 2560 Μάςητος
873 2481 1056 2547 πόλις
1100 2482 1429 2564 Ἀργείων,
1484 2483 1523 2561 ἣ
1580 2484 1682 2547 καὶ
1739 2483 1973 2561 Μάςης.
2065 2482 2409 2560 Μίλητος
2464 2480 2648 2546 πόλις
2704 2480 3019 2561 ἐπιφανὴς
3062 2493 3131 2543 20

456 2583 525 2649 ἐν
575 2584 767 2667 Καρίᾳ
811 2587 941 2648 τῶν
986 2583 1234 2648 Ἰώνων.
1323 2584 1645 2649 Ἑκαταῖος
1689 2583 1874 2667 Ἀςίᾳ.
1961 2584 2248 2663 Δίδυμος
2292 2583 2360 2648 δ’
2390 2583 2460 2647 ἐν
2506 2585 2644 2647 τοῖς
2690 2602 3026 2662 ςυμποςια-

455 2688 590 2751 κοῖς
635 2704 855 2767 φηςιν,
900 2684 998 2749 ὅτι
1042 2689 1303 2762 πρῶτον
1347 2685 1646 2765 Λελεγηίς
1689 2685 1976 2751 ἐκαλεῖτο
2022 2684 2152 2750 ἀπὸ
2197 2690 2327 2750 τῶν
2373 2685 2803 2749 ἐνοικούντων
2839 2685 3026 2750 Λελέ-

454 2809 621 2871 γων,
667 2786 807 2852 εἶτα
847 2788 1174 2852 Πιτύουςα
1218 2787 1348 2853 ἀπὸ
1393 2793 1522 2854 τῶν
1577 2789 1707 2853 ἐκεῖ
1759 2789 2004 2854 πιτύων
2058 2789 2160 2853 καὶ
2216 2788 2313 2852 ὅτι
2368 2788 2497 2852 ἐκεῖ
2539 2791 2801 2866 πρῶτον
2846 2787 3026 2853 πίτυς

454 2890 598 2970 ἔφυ.
689 2889 751 2953 οἱ
803 2889 927 2967 γὰρ
988 2890 1280 2968 Μιλήςιοι
1336 2891 1406 2955 ἐν
1464 2894 1601 2956 τοῖς
1655 2890 2104 2971 θεςμοφορίοις
2158 2890 2380 2955 πίτυος
2434 2890 2674 2954 κλάδον
2728 2888 2857 2954 ὑπὸ
2910 2890 3025 2968 τὴν

455 2993 712 3073 ςτιβὰδα
756 3043 768 3056 .
815 3041 828 3055 .
875 2989 1034 3056 .“καὶ
1079 2991 1184 3056 ἐπὶ
1225 2993 1304 3057 τὰ
1345 2997 1455 3071 τῆς
1500 2992 1843 3073 Δήμητρος
1886 2992 2027 3072 ἱερὰ
2069 2995 2322 3058 κλῶνον
2353 2991 2575 3056 πίτυος
2618 2991 2886 3057 τίθεςθαι
2919 3042 2932 3055 .
2965 3043 2978 3056 .
3011 3043 3024 3056 .
3060 3004 3125 3052 25

455 3095 559 3159 διὰ
601 3097 677 3160 τὸ
722 3093 993 3173 ἀρχαῖον
1040 3099 1149 3173 τῆς
1204 3095 1529 3171 γενὲςεως.
1617 3097 1771 3175 μετὰ
1826 3097 1900 3160 δὲ
1953 3098 2149 3159 ταῦτα
2202 3093 2333 3159 ἀπὸ
2377 3094 2685 3158 Ἄνακτος
2736 3097 2854 3158 τοῦ
2913 3094 3027 3172 Γῆς

455 3198 556 3261 καὶ
609 3195 908 3275 Οὐρανοῦ
963 3197 1298 3276 ὠνομάςθη
1344 3198 1729 3276 Ἀνακτορία.
1816 3197 1943 3262 ἔςτι
1999 3198 2070 3261 δὲ
2125 3197 2227 3261 καὶ
2274 3196 2534 3276 Κρητικὴ
2595 3195 2781 3260 πόλις
2828 3195 3025 3274 Μίλη-

454 3319 580 3362 τος.
682 3298 927 3374 λέγεται
993 3301 1062 3364 δὲ
1118 3301 1221 3363 καὶ
1282 3301 1396 3378 τὴν
1474 3300 1813 3379 Καλυψοῦς
1879 3302 2076 3377 νῆςον
2135 3298 2421 3378 Μίλητον
2485 3297 2787 3377 κληθῆναί
2849 3318 3025 3363 ποτε.

459 3398 817 3478 Κόρητος,
910 3401 1355 3481 Κατάρητος
1410 3401 1448 3465 ὁ
1503 3403 1805 3482 ποταμός.
1895 3400 2227 3481 Αἴνητος
2283 3400 2493 3482 ὄνομα
2544 3400 2795 3482 κύριον,
2850 3399 3025 3479 τρύ-

455 3656 689 3723 apposui
727 3671 795 3706 ex
831 3656 912 3709 St.
935 3658 999 3708 Β.
1037 3660 1094 3707 et
1129 3657 1310 3709 Schol.
1348 3659 1419 3710 ad
1453 3659 1519 3710 11.
1546 3657 1586 3711 Β
1611 3661 1727 3710 852.
1751 3686 1814 3696 --
1840 3675 1937 3726 pro
1971 3656 2171 3723 ἄρετος
2208 3657 2404 3723 scripsi
2437 3655 2649 3721 ἄφετος
2688 3672 2755 3707 ex
2780 3657 3026 3722 Theogn.

456 3729 537 3788 75,
574 3728 624 3788 7,
662 3724 804 3789 quod
840 3729 902 3774 ut
938 3731 1226 3845 {gravatum
1264 3728 1326 3777 E.
1361 3726 1434 3781 M.
1476 3730 1588 3789 104,
1626 3731 1691 3809 41}
1729 3728 2006 3793 componit
2041 3744 2161 3777 cum
2197 3724 2413 3777 ἄνετος.
2470 3726 2608 3775 Tum
2646 3730 2869 3791 propter
2903 3723 3027 3807 ἀνε-

453 3793 578 3856 τός,
618 3793 766 3857 quod
802 3809 868 3842 ex
903 3808 939 3844 α
963 3793 1125 3845 νετός
1172 3810 1327 3845 eorm
1370 3799 1484 3846 tum
1530 3801 1844 3861 suepmatur
1887 3797 2026 3847 Lob.
2063 3793 2266 3846 Pax-all.
2302 3795 2397 3843 481
2445 3793 2797 3858 Theognosto
2847 3809 3027 3844 conet—

371 3905 380 3914 .
453 3867 636 3922 nante,
677 3858 907 3913 Αἴνετος
944 3863 1219 3928 praemisi.
1267 3862 1310 3914 Λ
1352 3877 1563 3925 μπετος
1602 3881 1670 3916 ex
1707 3865 1786 3915 st.
1823 3867 1886 3916 B.
1924 3863 2132 3914 addidi.
2201 3865 2265 3914 In
2302 3861 2405 3912 fine
2443 3863 2667 3912 canonis
2703 3859 2935 3925 νιφετός
2972 3867 3031 3912 et

454 3928 618 3981 ὑετός
656 3929 725 3978 ad
762 3936 1082 3995 sequentem
1118 3947 1382 3981 canonem
1417 3933 1720 3998 releganda
1755 3938 1910 3993 sunt,
1962 3938 2017 3983 et.
2064 3948 2181 3981 cum
2218 3929 2516 3981 Schmidtio
2553 3945 2648 3994 pro
2684 3928 2774 3980 καὶ
2810 3927 2879 3978 τὸ
2917 3926 3027 3980 αἰε-

457 3997 558 4049 τός
597 3999 757 4063 posui
793 3997 882 4049 καί
918 3996 1083 4049 ἀετός
1122 3997 1213 4050 καί
1247 3996 1450 4051 αἰετός.
1619 4001 1655 4053 l.
1693 4003 1725 4052 5
1769 4001 1877 4050 huc
1915 3999 2173 4050 transtuli
2210 3995 2468 4062 νιφετός,
2505 3995 2698 4060 ὑετόε,
2737 3997 2835 4047 sed
2872 3998 3029 4048 omisi

455 4063 767 4130 ἀφυςγετός
815 4071 879 4117 ut
922 4066 1406 4132 quadrisyllabum.
1485 4070 1622 4118 Nam
1661 4068 1942 4136 *Ax-cadius}
1988 4067 2124 4117 duos
2169 4081 2437 4127 οειιιοιιεε,
2497 4081 2721 4130 quorum
2766 4063 2913 4113 alter
2956 4065 3025 4114 de

453 4133 934 4200 hypertrisyllabis
967 4140 1221 4186 servatus
1260 4140 1348 4186 est
1382 4137 1440 4184 in
1477 4135 1542 4187 Il.
1581 4137 1668 4187 Pr.
1704 4136 1747 4188 Λ
1783 4139 1902 4199 495,
1940 4135 2229 4185 contraxit.
2420 4134 2454 4185 1.
2492 4136 2524 4185 8
2560 4148 2824 4184 canonem
2861 4148 2927 4181 ex
2964 4132 3026 4181 ll.

456 4203 543 4253 Pr.
578 4202 614 4252 l.
654 4220 701 4252 e.
735 4201 843 4252 huc
881 4204 1223 4268 transposui;
1264 4219 1331 4252 ex
1367 4205 1469 4268 Ep.
1506 4204 1596 4258 Cr.
1634 4207 1661 4257 1
1700 4207 1822 4264 135,
1861 4206 1925 4253 E.
1966 4205 2038 4252 M.
2073 4202 2191 4264 347,
2228 4203 2320 4263 22,
2358 4202 2454 4252 ubi
2491 4216 2665 4251 canon
2700 4201 2781 4250 sic
2816 4200 3026 4265 profer·

456 4274 568 4319 tur:
605 4269 677 4321 τὰ
711 4269 799 4322 διὰ
834 4273 937 4321 τοῦ
976 4284 1102 4321 ετος
1147 4269 1292 4335 ὑπὲρ
1336 4270 1437 4322 δύο
1476 4272 1634 4333 (Lob.
1672 4272 1842 4325 Proll.
1879 4273 1979 4322 374
2022 4274 2136 4320 not.
2171 4272 2202 4318 2
2238 4267 2408 4334 τρεῖς)
2458 4267 2731 4332 ςυλλαβὰς
2776 4281 3025 4332 προπαρ-

454 4337 738 4389 οξύνεςθαι
774 4336 923 4389 θέλει
959 4336 1084 4390 οῐον
1108 4337 1473 4403 ἀριδείκετος,
1512 4337 1914 4403 ἀμαιμάκετος,
1953 4335 2259 4401 ἐξαίρετος,
2299 4333 2733 4399 παλινάγρετος,
2772 4333 2941 4399 χωρὶς
2978 4333 3027 4387 εἰ

456 4406 528 4469 μὴ
566 4404 719 4456 ἁπλᾶ
755 4405 896 4458 ὄντα
933 4405 1044 4471 πρὸ
1079 4409 1183 4458 τοῦ
1224 4423 1250 4459 ε
1289 4407 1358 4458 τὸ
1395 4411 1435 4458 π
1473 4407 1584 4471 ἔχει
1631 4408 1664 4471 ἢ
1700 4407 1815 4458 ἀπὸ
1852 4405 2100 4471 ῥήματος
2137 4403 2404 4456 ςυνθέτου
2440 4401 2657 4466 γέγονε·
2708 4401 3026 4467 πρόςκειται

456 4471 504 4524 εἰ
541 4473 613 4537 μὴ
651 4472 804 4525 ἁπλᾶ
840 4474 981 4526 ὄντα
1017 4475 1130 4540 πρὸ
1166 4479 1270 4528 τοῦ
1307 4479 1336 4526 ἐ’
1372 4475 1441 4527 τὸ
1477 4491 1518 4527 π
1558 4475 1669 4539 ἔχει
1704 4475 1793 4526 διὰ
1827 4475 1897 4525 τὸ
1937 4471 2197 4534 Ἰαπετός.
2252 4472 2285 4535 ἢ
2323 4471 2438 4522 ἀπὸ
2475 4469 2722 4535 ῥήματος
2760 4468 3026 4522 ςυνθέτου

455 4540 541 4592 διὰ
576 4540 645 4592 τὸ
692 4540 968 4595 ἐπαινέςω
1015 4541 1325 4596 ἐπαινετὸς.
1406 4541 1767 4608 ςεςημείωται
1812 4542 1882 4593 τὸ
1927 4539 2239 4604 ἀφυςγετός
2277 4539 2311 4602 ἡ
2369 4535 2684 4602 ἀκαθαρςία.
2720 4540 3029 4589 -inserui

456 4606 791 4672 ἀριδείκετος
828 4638 892 4646 -
928 4609 1362 4677 παλινάγρετος,
1402 4628 1468 4661 ex
1493 4612 1738 4676 Theogn.
1774 4609 2110 4674 τηλύγετος,
2149 4625 2216 4659 ex
2251 4609 2332 4660 St.
2356 4608 2417 4657 Β.
2452 4609 2574 4668 607,
2614 4609 2671 4656 11
2712 4606 3023 4669 Ταῦγετος;

458 4673 756 4739 ἀρςενικῶς
793 4678 882 4729 καὶ
917 4679 1179 4743 θηλυκῶς
1217 4679 1304 4730 καὶ
1341 4678 1656 4743 οὐδετέρως
1691 4677 1999 4740 Ταΰγετον.
2102 4677 2138 4725 l.
2176 4677 2237 4725 17
2277 4674 2343 4726 de
2380 4675 2620 4740 Ἀρητος
2656 4675 2727 4729 cf.
2766 4676 3025 4728 Eustath.

459 4742 529 4791 ad
567 4742 604 4794 Ρ
640 4748 724 4801 37.
761 4746 824 4794 Ε.
864 4749 939 4796 Μ.
979 4749 1093 4810 140,
1129 4750 1212 4809 39,
1249 4745 1507 4811 Λάμητος
1543 4747 1761 4812 explevi
1796 4762 1863 4796 ex
1902 4746 1981 4795 St.
2016 4748 2096 4806 B„
2134 4742 2395 4807 Μέλητος
2432 4760 2500 4794 ex
2537 4742 2801 4809 Theogu„
2838 4740 3025 4807 Μάςη-

458 4823 582 4874 τος,
630 4809 882 4877 Μίλητος
928 4830 995 4862 ex
1041 4814 1121 4864 St.
1173 4816 1231 4864 B.
1282 4815 1491 4876 adieci,
1547 4813 1823 4881 Κόρητος,
1882 4811 2234 4878 Κατάρητος,
2290 4813 2376 4862 cui
2419 4810 2665 4863 Lobeck.
2712 4810 2880 4863 Proll.
2926 4814 3025 4863 378

459 4882 642 4942 aptum
679 4895 873 4930 nomen
909 4882 1243 4932 substituere
1280 4898 1387 4932 non
1426 4883 1618 4948 habet,
1667 4880 1932 4946 Αἴνητος,
1980 4881 2122 4948 quod
2161 4881 2297 4931 Lob.
2334 4895 2431 4945 pro
2468 4877 2700 4944 Ἐνητος
2747 4880 3022 4946 proponit,
