3664 5546
1111 443 1268 502 ΠΕΡΙ
1310 443 1698 501 ΚΑΘΟΛΙΚΗ(
1734 442 2154 502 ΠΡΟΕΩιΔΙΑ(
2202 443 2281 504 le.
2849 440 2970 506 491

416 614 793 698 ςπωμένοις,
847 622 1103 700 τριχῇ,
1167 619 1531 699 τετραχῇ,
1596 624 1957 701 πενταχῇ.
2045 616 2147 681 καὶ
2199 617 2274 679 τὸ
2328 614 2768 694 αὐθημερόν
2812 599 2975 678 ’ὀξύ-

412 738 583 787 νεται
639 717 769 784 ἀπὸ
812 721 928 783 τοῦ
988 716 1343 797 αὐθήμερος
1402 719 2073 798 προπαροξυνομένου.
2146 719 2273 784 ἔςτι
2317 719 2458 784 τινὰ
2507 718 2771 782 ςύνθετα
2824 715 2976 781 ἀνα-

413 820 748 902 βιβάζοντα
800 821 915 886 τὸν
979 820 1177 885 τόνον
1246 822 1336 886 ὡς
1399 823 1473 888 τὸ
1527 824 1997 903 παντάπαςι,
2065 820 2401 899 πάμπαν.
2512 822 2591 885 τὰ
2656 821 2830 898 παρὰ
2900 819 2974 883 τό

410 922 578 1003 ἦμαρ
620 923 1023 1001 ςυντιθέμενα
1079 923 1385 1003 φυλάττει
1436 928 1553 989 τοῦ
1597 923 1808 990 ἁπλοῦ
1863 926 1977 990 τὸν
2032 925 2259 1008 τόνον,
2316 924 2507 1001 αὐτῆ
2522 943 2668 1003 μαρ
2682 921 2722 1006 ,“,
2751 923 2978 999 ἐννῆ-

412 1046 586 1109 μαρ,
629 1025 942 1109 ἑξῆμαρ,
986 1028 1402 1106 ποςςῆμαρ.
1489 1027 1568 1092 τὰ
1620 1029 1736 1107 μὲν
1783 1026 1902 1092 οὖν
1950 1027 2013 1093 ἐξ
2065 1026 2403 1106 ὀνομάτων
2445 1026 2760 1104 γενόμενα
2800 1023 2969 1104 ἐπιρ-
3008 1033 3039 1080 5

411 1129 656 1211 ρήματα
698 1128 962 1194 τοιαῦτά
1005 1127 1145 1194 ἐςτι.
1236 1130 1467 1195 λοιπὸν
1511 1130 1612 1194 καὶ
1655 1131 1801 1208 περὶ
1843 1134 1972 1194 τῶν
2017 1134 2365 1209 θεματικῶν
2411 1129 2685 1193 λεκτέον.

578 1230 724 1296 Πᾶν
780 1230 1264 1311 μονοςύλλαβον
1319 1230 1628 1310 ἐπίρρημα
1640 1281 1657 1313 ,
1717 1231 1770 1295 εἰ
1824 1232 1937 1310 μὲν
1983 1230 2114 1309 ἔχει
2159 1232 2341 1311 φύςει
2389 1234 2718 1311 βραχεῖαν,
2780 1232 2978 1306 δῆλον

414 1333 504 1399 ὡς
549 1331 867 1415 ὀξύνεται,
912 1330 1089 1414 πάξ,
1135 1332 1328 1414 μάψ,
1375 1333 1543 1416 λάξ,
1591 1334 1797 1415 χθές,
1845 1332 1982 1416 ἄψ,
2039 1332 2175 1398 δάξ
2219 1333 2392 1411 παρὰ
2435 1335 2510 1397 τὸ
2557 1335 2759 1414 δῆκω,
2819 1331 2980 1410 ὅπερ

410 1434 515 1499 καὶ
558 1433 712 1500 ὀδάξ
759 1434 1037 1517 λέγεται,
1082 1435 1226 1518 μίξ,
1271 1436 1447 1518 πύξ,
1492 1436 1706 1517 πρίν,
1752 1434 1899 1518 δίς,
1942 1436 2138 1518 τρίς,
2184 1436 2289 1514 ψό
2334 1436 2506 1512 παρὰ
2540 1441 2633 1518 τῷ
2664 1434 2984 1514 (οφοκλεῑ

412 1535 483 1600 ἐν
550 1537 795 1616 ποιμέςι
861 1536 1063 1614 μόνον
1128 1536 1216 1602 εἰς
1279 1540 1317 1600 ὃ
1377 1541 1576 1616 λῆγον
1633 1537 1972 1619 ἐπίρρημα,
2038 1539 2140 1602 καὶ
2193 1535 2307 1601 εἴτι
2371 1537 2616 1614 ὅμοιον.
2714 1537 2980 1601 Τούτοις
3022 1545 3082 1595 10

413 1636 648 1717 ὁμοίως
693 1637 982 1705 ὀξύνεται
1025 1640 1126 1704 καὶ
1167 1640 1246 1704 τὰ
1290 1639 1611 1705 ἐπιτατικὰ
1655 1642 1757 1705 καὶ
1812 1641 2134 1719 ςτερητικά
2188 1638 2405 1721 μόρια,
2458 1639 2578 1720 Ζά,
2637 1639 2758 1722 δά,
2818 1638 2946 1703 δύς
2962 1687 2980 1721 ,

412 1741 533 1823 vo,
576 1740 692 1822 νέ,
734 1740 852 1824 νῆ,
899 1740 1044 1825 ἐρί,
1091 1741 1248 1825 ἁρί,
1305 1740 1345 1806 ἃ
1391 1742 1705 1807 οὐδέποτε
1747 1743 1894 1807 καθ’
1939 1743 2099 1807 αὐτὰ
2146 1742 2469 1823 λέγονται,
2525 1739 2665 1804 ἀλλ’
2722 1741 2794 1804 ἑν
2839 1761 2980 1805 ςυν-

416 1842 592 1909 θέςει.
676 1846 810 1908 τῶν
866 1844 937 1908 δὲ
992 1844 1235 1921 μακρὰν
1290 1843 1574 1922 ἑχόντων
1618 1844 1802 1924 φύςει
1845 1845 1923 1909 τὰ
1968 1846 2080 1922 μὲν
2126 1847 2529 1925 περιςπᾶται,
2586 1843 2664 1907 τὰ
2721 1844 2790 1908 δὲ
2836 1842 2979 1909 ὀξύ-

419 1963 612 2011 νεται.
684 1944 765 2009 τὰ
805 1946 1154 2024 πυςματικὰ
1197 1949 1599 2030 περιςπᾶται,
1644 1952 1774 2030 πῇ,
1819 1951 2001 2029 ποῦ,
2046 1953 2219 2011 πῶς.
2292 1949 2489 2010 ταῦτα
2533 1946 2604 2009 δὲ
2650 1944 2979 2022 ἀοριςτού-

419 2065 581 2125 μενα
609 2044 978 2122 ἐγκλίνεται·
1023 2047 1102 2112 οὔ
1145 2069 1303 2113 πως
1339 2047 1469 2113 ἑςτ’
1500 2048 1795 2125 Ἀγέλαε»
1828 2050 1896 2130 (χ
1930 2048 2099 2132 136),
2143 2047 2347 2112 «ἀλλά
2392 2066 2544 2112 που
2589 2045 2812 2130 ἄλλῃ»,
2860 2045 2979 2110 «οὐ
3018 2056 3080 2106 15

417 2148 540 2226 γάρ
595 2169 709 2213 πω
760 2149 1095 2215 τοιούτους
1159 2149 1346 2215 ἴδον»
1406 2148 1484 2232 (Α
1527 2148 1698 2234 262).
1785 2153 1860 2216 τὸ
1928 2153 1997 2216 δὲ
2062 2157 2163 2215 πῶ
2220 2149 2714 2227 ςυνταςςόμενον
2768 2153 2842 2231 τῇ
2900 2147 2979 2212 οὐ

417 2249 737 2330 ἀποφάςει
785 2252 890 2316 καὶ
941 2258 1018 2336 τῇ
1072 2253 1154 2331 μή
1211 2251 1633 2332 ἀπαγορεύςει
1689 2254 2072 2333 ύπιςχνεῑται
2127 2254 2201 2317 τὸ
2258 2253 2410 2330 μετὰ
2464 2256 2661 2315 ταῦτα
2704 2251 2979 2326 γίνεςθαι

414 2353 489 2418 τὸ
536 2354 1034 2433 ςυνταςςόμενον
1079 2356 1295 2420 αὐτοῖς
1324 2359 1608 2438 πρᾶγμα,
1656 2354 1800 2420 οἶον
1849 2356 2032 2421 οὔπω
2063 2355 2344 2437 ἔφαγον,
2390 2354 2575 2418 οὔπω
2619 2347 2980 2431 έδείπνὴςα·

416 2455 666 2535 μέλλων
710 2456 834 2539 γάρ
885 2478 978 2525 τις
1024 2462 1304 2525 δειπνεῖν
1341 2461 1536 2524 τοῦτο
1591 2457 2030 2540 ἀποφαίνεται.
2118 2458 2194 2522 τὸ
2236 2456 2358 2536 γὰρ
2415 2455 2495 2520 οὐ
2540 2460 2778 2524 δειπνῶ
2823 2454 2979 2520 ἀπό-

419 2749 528 2800 iam
564 2765 725 2816 supra
749 2766 802 2817 p.
821 2752 940 2815 488,
967 2753 1032 2803 14
1052 2751 1292 2804 laudato.
1329 2752 1401 2802 cf.
1426 2750 1679 2818 Apollon.
1718 2751 1785 2803 de
1821 2751 1944 2802 adv.
1969 2753 2083 2802 562.
2226 2751 2260 2803 1.
2302 2752 2327 2800 1
2365 2753 2606 2815 τετραχῇ
2645 2751 2878 2800 accessit
2916 2765 2981 2800 ex

420 2816 685 2883 Are.183,
720 2822 769 2870 4.
802 2847 866 2856 -
898 2820 935 2874 l.
971 2824 1002 2871 3
1039 2821 1106 2870 de
1141 2819 1376 2883 πάμπαν
1414 2822 1485 2871 cf.
1519 2822 1585 2875 E.
1624 2819 1765 2874 Gud.
1798 2824 1924 2883 450,
1961 2823 2050 2870 2οε
2091 2818 2204 2871 ἐςτὶ
2241 2820 2354 2870 πᾶν
2391 2819 2478 2868 καί
2516 2817 2648 2869 κατ’
2682 2816 2981 2869 ἀναδιπλα-

420 2886 644 2949 ςιαςμὸν
679 2886 942 2951 πάμπαν,
978 2888 1049 2941 τὸ
1085 2888 1146 2940 δὲ
1183 2892 1219 2951 ιῑ
1254 2888 1342 2941 διὰ
1376 2890 1485 2952 τὴν
1519 2888 1788 2941 ςύνταξιν.
1825 2887 2012 2939 οὕτως
2049 2885 2402 2951 Ἡρωδιανὸς.
2457 2888 2526 2936 cf.
2564 2886 2739 2937 Lehrs
2773 2887 2980 2937 Herod.

421 2971 473 3020 p.
510 2956 633 3016 290,
668 2955 949 3021 Apoll..de
985 2956 1108 3007 adv.
1147 2960 1262 3009 569.
1446 2957 1481 3007 l.
1518 2961 1551 3007 4
1587 2958 1653 3007 de
1690 2956 1947 3021 αὐτῆμαρ
1985 2961 2042 3005 et
2077 2956 2297 3020 reliquis
2333 2955 2402 3004 ef.
2440 2955 2503 3004 ll.
2542 2957 2629 3006 Pr.
2668 2953 2710 3006 Α
2748 2957 2837 3006 81;
2887 2953 2982 3005 αὐ-

415 3024 625 3087 τῆμαρ;
666 3022 942 3089 ἐπίρρημα
966 3023 1044 3076 ὠς
1080 3024 1148 3076 τὸ
1174 3024 1419 3090 ἐννῆμαρ
1455 3026 1545 3077 καί
1582 3024 1813 3089 ἑξῆμαρ,
1854 3026 1943 3075 καὶ
1980 3022 2149 3087 ἐχρῆν
2186 3022 2286 3086 μὲν
2320 3021 2461 3074 αὐτὸ
2487 3021 2838 3085 ἀναπέμπειν
2879 3022 2983 3072 τὸν

315 3124 328 3141 .
419 3089 594 3142 τόνον
631 3090 709 3144 ὡς
748 3091 1046 3157 βούκερως.
1114 3092 1240 3145 ἀλλ’
1273 3092 1464 3157 ἐπειδὴ
1501 3092 1666 3144 οὐδὲν
1700 3094 1819 3143 τῶν
1858 3090 1933 3143 εἰς
1970 3096 2035 3142 ἴ
2076 3090 2413 3142 ςυντέθειται
2449 3090 2484 3154 ἢ
2524 3090 2699 3153 μόνον
2720 3089 2790 3141 τὸ
2817 3090 2981 3155 ἦμαρ,

417 3158 559 3223 πρὸς
593 3160 704 3223 τὴν
739 3160 1213 3226 παρηλλαγμένην
1256 3162 1503 3214 ςύνθεςιν
1547 3159 1621 3224 ἣν
1657 3160 1991 3224 παρηλλαγμ
2024 3174 2119 3211 νος
2167 3158 2198 3210 ὁ
2232 3158 2414 3209 τόνος.
2488 3159 2529 3210 Α
2567 3162 2655 3210 53;
2707 3158 2979 3223 ἐννῆμαρ;

419 3224 590 3291 ἐχρῆν
623 3227 696 3279 τὸ
732 3227 979 3294 ἐννῆμαρ
1015 3229 1476 3294 προπαροξύνειν,
1516 3228 1594 3281 ὡς
1631 3228 1762 3293 παρ’
1797 3227 2096 3292 οὐδέτερον
2142 3225 2516 3289 ςυγκείμενον.
2585 3225 2709 3278 ἀλλ’
2745 3225 2776 3277 ὁ
2812 3225 2981 3278 τόνος

419 3293 777 3362 παρηλλάγη,
816 3295 939 3349 ἐπεὶ
975 3298 1062 3349 καὶ
1100 3297 1230 3364 ξένη
1268 3297 1303 3360 ἡ
1341 3298 1608 3349 ςύνθεςις·
1646 3296 1812 3348 οὐδὲν
1847 3295 1952 3360 γὰρ
1986 3298 2108 3346 τῶν
2145 3293 2222 3347 εἰς
2258 3299 2327 3360 ἂρ
2362 3294 2629 3360 ςυνετέθη
2666 3293 2986 3359 οὐδετέρων

422 3361 518 3426 (ef.
553 3363 654 3413 An.
690 3366 819 3415 Par.
852 3365 938 3416 ΙΙΙ
975 3368 1098 3425 322,
1136 3364 1243 3432 35).
1312 3364 1356 3418 Ω
1390 3368 1514 3417 657;
1563 3366 1874 3429 ποςςῆμαρ;
1922 3363 2032 3427 ὑφ’
2067 3363 2154 3426 ἔν,
2195 3379 2265 3415 πε
2303 3363 2619 3428 ιςπωμένης
2667 3362 2833 3427 οῠςης
2873 3363 2984 3426 πρὸ

419 3429 645 3495 τέλους,
683 3431 762 3484 ὡς
798 3433 888 3484 καί
924 3432 986 3484 ὲν
1019 3438 1105 3499 τῷ
1141 3433 1246 3485 αὐτ
1290 3448 1396 3498 μαρ
1432 3434 1521 3484 καὶ
1559 3433 1656 3484 ένν
1699 3447 1806 3497 μαρ
1845 3432 2073 3496 ἑξῆμαρ·
2119 3447 2257 3497 προε
2281 3446 2445 3497 ρηται
2480 3432 2540 3482 δὲ
2576 3431 2682 3496 ἤδη
2722 3431 2847 3495 περὶ
2882 3432 2984 3495 τῆς

421 3497 645 3563 λέξεως,
683 3497 824 3552 ἀλλὰ
861 3501 950 3552 καὶ
988 3499 1226 3567 ἑζῆτητο
1250 3436 1324 3553 Ἔν
1358 3506 1479 3553 ταῖς
1518 3516 1661 3567 προτ
1701 3515 1823 3553 ςεςι.
1894 3500 2272 3565 παραιτητέον
2316 3499 2419 3551 οὖν
2453 3500 2588 3552 τοὺς
2625 3498 2766 3551 κατὰ
2801 3497 2985 3549 διάλυ-

423 3580 506 3618 ςιν
540 3565 1036 3629 ἀναγινώςκοντας.
1109 3570 1289 3622 Schol.
1325 3570 1395 3620 ad
1432 3571 1531 3620 Od.
1567 3587 1600 3619 v
1634 3573 1725 3620 34:
1767 3570 2057 3633 πανῆμαρε
2105 3568 2137 3619 ὁ
2177 3567 2577 3632 Ἀριςτοφάνης
2625 3566 2727 3618 οὐκ
2766 3566 2827 3618 ἑν
2865 3580 2985 3618 ςυν-

421 3633 567 3686 θέςει
602 3637 734 3700 φηςί
769 3637 838 3688 τὸ
874 3636 1047 3701 ἦμαρ,
1085 3637 1226 3689 ἀλλὰ
1265 3641 1403 3700 πᾶν,
1443 3637 1565 3689 εἶτα
1603 3637 1727 3688 κατ’
1762 3634 1907 3688 ἰδίαν
1941 3637 2010 3688 τὸ
2047 3635 2209 3700 ἦμαρ.
2258 3638 2360 3703 Ep.
2388 3638 2475 3687 Cr.
2508 3638 2535 3686 Ι
2572 3640 2685 3697 155,
2720 3637 2776 3685 6:
2819 3634 2986 3699 ἐχρῆν

420 3701 566 3753 αὐτὸ
606 3701 701 3765 (se.
737 3702 1005 3770 ἐννῆμαρ)
1042 3706 1555 3770 προπαροξύνεςθαι
1591 3704 1669 3756 ὡς
1695 3705 1827 3769 παρ’
1852 3704 2161 3770 οὐδετέρου
2190 3703 2565 3767 ςυγκείμενον,
2603 3703 2728 3755 ἀλλ’
2752 3702 2783 3754 ὁ
2818 3701 2986 3754 τόνος

420 3769 780 3836 παρηλλάγη,
819 3771 940 3824 ἐπεὶ
976 3774 1067 3824 καὶ
1092 3773 1221 3839 ξένη
1257 3774 1293 3836 ἡ
1333 3773 1595 3826 ςύνθεςις·
1630 3773 1702 3825 τὰ
1726 3772 1785 3824 δὲ
1810 3772 1924 3825 ἀπὸ
1950 3774 2052 3824 τοῦ
2079 3772 2227 3837 ἦμαρ
2253 3772 2613 3835 ςυντιθέμενα
2638 3769 2987 3836 ἐπιρρήματα

422 3841 916 3903 προπεριςπῶνται
951 3838 1345 3907 οἷονὲξῆμαρ,
1385 3842 1645 3907 ἐννῆμαρ,
1783 3842 1819 3893 l.
1857 3846 1888 3893 8
1924 3840 2004 3905 ἄψ
2029 3869 2095 3876 -
2121 3838 2238 3905 τρίς
2274 3841 2461 3890 addidi
2501 3856 2567 3890 ex
2604 3840 2725 3890 Are.
2756 3843 2868 3901 181,
2905 3844 2986 3888 21.

422 3906 490 3956 de
531 3905 659 3970 χθές
695 3908 764 3961 cf.
804 3910 948 3961 Mon.
982 3912 1070 3971 47,
1107 3914 1163 3962 3:
1204 3909 1370 3961 οὐδὲν
1406 3908 1485 3962 εἰς
1520 3912 1590 3962 ff
1628 3912 1802 3974 λῆγον
1849 3908 2152 3975 ἐπίρρημα,
2201 3908 2341 3960 ἀλλὰ
2379 3909 2553 3971 μόνον
2597 3909 2666 3959 τὸ
2704 3906 2861 3969 ἐχθές
2899 3906 2997 3965 καὶι

420 3972 566 4038 χθές.
635 3977 740 4041 Ep.
776 3975 864 4029 Cr.
900 3977 927 4025 I
959 3980 1079 4039 437,
1116 3981 1198 4035 22,
1235 3978 1412 4045 Apoll.
1452 3979 1519 4028 de
1555 3979 1680 4028 adv,
1716 3982 1814 4029 556
1853 3994 2030 4043 seqq.‚
2071 3977 2138 4026 de
2176 3977 2256 4039 ἄψ
2293 3980 2353 4027 Ε.
2393 3979 2464 4026 Μ.
2504 3979 2617 4038 184,
2656 3981 2686 4026 3
2725 3974 2986 4038 Ἡρωδια-

391 4041 521 4103 ‚voc
558 4042 839 4108 μηδέποτε
873 4043 944 4095 τὰ
979 4045 1145 4097 διπλᾶ
1183 4044 1533 4110 πλεονάζειν,
1581 4046 1723 4111 quod
1759 4048 1816 4095 in
1863 4046 2002 4097 libro
2028 4046 2153 4109 περὶ
2190 4046 2392 4096 παθῶν
2425 4049 2615 4094 eontra
2652 4058 2746 4093 eos
2783 4042 2987 4092 dietum

422 4110 667 4181 videtur,
715 4114 806 4177 qui
842 4110 921 4175 ἄψ
957 4111 1071 4164 ἀπὸ
1109 4116 1211 4165 τοῦ
1250 4117 1285 4165 ἃ
1330 4113 1697 4179 ςημαίνοντος
1740 4113 1809 4165 τὸ
1848 4112 2027 4165 ὀπίςω
2073 4114 2214 4164 κατὰ
2260 4111 2614 4173 πλεοναςμὸν
2659 4113 2762 4161 τοῦ
2810 4113 2855 4173 ῑρ
2894 4110 2988 4159 du-

420 4184 646 4239 xerunt;
685 4179 753 4230 de
789 4178 889 4232 λάξ
925 4188 981 4232 et
1018 4181 1124 4234 πύξ
1163 4184 1233 4234 cf.
1269 4183 1446 4248 Apoll.
1487 4182 1552 4233 de
1590 4183 1714 4233 adv,
1755 4184 1871 4243 551,
1911 4182 1977 4231 de
2016 4179 2146 4246 πρίν
2182 4182 2326 4231 Mon.
2364 4183 2448 4240 45,
2487 4183 2576 4229 22:
2617 4176 2784 4229 οὐδὲν
2820 4176 2897 4229 εἰς
2936 4182 2986 4228 ἰν

422 4245 867 4311 μονοςύλλαβον,
912 4247 1053 4300 ἀλλὰ
1101 4250 1276 4312 μόνον
1319 4249 1388 4301 τὸ
1426 4248 1572 4315 πρίν.
1643 4250 1888 4315 Theogn.
1927 4252 2049 4310 155,
2087 4254 2135 4299 3.
2182 4274 2245 4285 —-
2291 4248 2357 4298 de
2405 4247 2486 4298 δίς
2523 4253 2589 4297 et·
2613 4245 2729 4310 τρίς
2767 4246 2988 4309 Trypho

419 4331 508 4380 ap.
547 4315 725 4381 Apoll.
766 4315 831 4366 de
858 4316 982 4370 adv.
1007 4322 1103 4370 557
1141 4319 1480 4369 observavit:
1518 4317 1590 4370 τὰ
1626 4315 1703 4368 εἰς
1737 4320 1770 4369 ἶ
1806 4313 2056 4380 λήγοντα
2095 4314 2233 4378 μετὰ
2270 4313 2522 4379 βραχείας
2560 4313 2803 4379 ἐκφορᾶς
2841 4312 2989 4365 ἐςτιν

419 4382 564 4447 ὑπὲρ
602 4381 732 4446 μίαν
779 4385 1080 4451 ςυλλαβήν,
1126 4386 1271 4436 unde
1316 4386 1398 4437 δίς
1444 4392 1501 4436 et
1545 4383 1663 4449 τρίς
1709 4401 1809 4450 per
1853 4399 2131 4448 syncopen
2176 4399 2241 4433 ex
2288 4382 2473 4434 δυάκις
2516 4389 2571 4433 et
2615 4380 2823 4447 τριάκις
2869 4387 2989 4431 orta

420 4452 787 4511 existimavit,
827 4453 923 4504 sed
962 4461 1154 4504 contra
1187 4455 1328 4505 hanc
1365 4454 1590 4503 duarum
1627 4453 1961 4515 syllabarum
1996 4467 2270 4516 syncopen
2307 4452 2509 4501 Herod.
2548 4452 2603 4499 in
2641 4451 2801 4501 EsM.
2841 4448 2986 4514 (cod.

418 4520 595 4570 Paris.
618 4523 739 4579 346)
779 4537 828 4586 p.
855 4524 973 4584 279,
999 4526 1029 4573 7
1067 4523 1398 4587 disputavit:
1440 4522 1528 4572 καὶ
1565 4518 1786 4582 λέγουςί
1820 4533 1968 4570 τινες
1995 4518 2095 4570 δύο
2131 4519 2421 4581 ςυλλαβῶν
2459 4517 2685 4580 ἐγένετο
2712 4516 2986 4581 ςυγκοπή·

419 4588 510 4637 καί
545 4589 670 4640 πῶς
704 4587 936 4640 δύναται
970 4590 1329 4655 τριςύλλαβος
1364 4589 1465 4640 δύο
1502 4587 1772 4651 ςυλλαβὰς
1810 4586 2176 4651 ἐκκεκόφθαι;
2217 4587 2343 4651 περὶ
2377 4586 2586 4638 τούτου
2624 4585 2862 4648 λέγομεν
2900 4584 2988 4636 ὅτι

420 4654 534 4707 ἀπὸ
579 4659 682 4707 τοῦ
726 4655 914 4708 δυάκις
960 4659 1050 4708 καί
1093 4656 1302 4723 τριάκις
1352 4655 1490 4721 ἆρον
1533 4657 1603 4707 τὸ
1641 4659 1677 4707 ᾶ
1711 4656 1802 4705 καὶ
1839 4657 1872 4705 ἱ
1916 4655 2005 4705 καί
2052 4653 2193 4705 κατὰ
2237 4653 2508 4719 ςυνίζηςιν
2554 4654 2669 4718 (καὶ
2716 4653 2989 4716 ςυςτολὴν

419 4723 607 4773 addidi
641 4731 863 4791 propter
898 4727 1037 4777 Lob.
1071 4726 1155 4777 El.
1196 4728 1223 4776 I
1267 4725 1392 4789 388)
1428 4723 1509 4776 δίς
1555 4724 1645 4775 καὶ
1688 4721 1822 4787 τρίς.
1893 4722 2077 4774 οὕτως
2115 4722 2468 4786 Ἡρωδιανὸς.
2514 4750 2578 4757 -
2624 4723 2658 4771 l.
2696 4726 2727 4773 9
2772 4720 2849 4785 ψό
2896 4722 2987 4771 ad-

421 4791 533 4840 didi
571 4808 638 4842 ex
673 4794 820 4843 Mon.
852 4795 936 4854 46,
975 4797 1054 4845 17.
1193 4794 1228 4844 l.
1267 4797 1331 4844 10
1365 4792 1588 4844 τούτοις
1625 4788 1835 4853 ὁμοίως
1870 4819 1936 4827 -
1973 4790 2035 4841 ἐν
2071 4789 2314 4843 ςυνθέςει
2359 4792 2394 4845 l.
2436 4794 2497 4842 13
2534 4791 2714 4841 adieci
2763 4808 2828 4840 ex
2865 4791 2988 4841 Arc.

422 4861 534 4921 181,
559 4861 642 4909 24.
680 4861 752 4910 cf.
777 4861 878 4925 Ep.
905 4861 996 4912 Cr.
1022 4863 1050 4912 I
1071 4864 1187 4923 294,
1215 4864 1263 4924 4,
1291 4862 1426 4913 Lob.
1449 4861 1535 4911 El.
1562 4862 1590 4911 I
1616 4864 1708 4911 191
1735 4864 1848 4911 not.
1873 4864 1921 4910 2.
1969 4860 2157 4909 Iacobi
2180 4857 2263 4910 νώ
2292 4860 2562 4910 excidisse
2590 4859 2916 4925 suspicatur.

418 4926 455 4977 l.
486 4929 549 4978 15
574 4927 643 4978 de
666 4926 864 4980 οὔπω(
890 4929 961 4978 ef.
985 4928 1048 4981 Il.
1075 4930 1162 4980 Pr.
1189 4928 1238 4981 Υ
1260 4931 1378 4993 464,
1405 4929 1580 4983 Lehrs
1607 4944 1692 4997 qu.
1720 4944 1805 4996 ep.
1836 4931 1949 4993 129,
1976 4928 2044 4979 de
2070 4926 2234 4979 οὔπω
2260 4928 2326 4982 11.
2353 4931 2445 4980 Pr.
2470 4927 2511 4978 Α
2538 4929 2654 4981 542.
2674 4955 2739 4963 -
2768 4928 2802 4977 l.
2831 4929 2891 4977 16
2915 4927 2985 4979 τὸ
