3664 5546
630 368 728 414 XX
1441 434 1448 445 ·
1713 367 2134 415 PRAEFATIO.

631 528 868 605 ριςμῷ
911 528 1011 605 τῷ
1045 521 1221 586 «οὐκ
1264 521 1466 600 ὄγχνη
1510 522 1590 585 οὐ
1634 523 1918 600 πραςιή
1951 542 2108 587 cot»
2146 521 2379 603 (06.oe
2410 519 2582 604 247).
2618 558 2705 568 —
2734 522 2866 586 ἀπὸ
2906 527 3025 587 τοῦ
3066 533 3215 587 ante

628 625 731 687 ἐπὶ
760 627 987 708 πολλῷ
1017 621 1437 686 inserendum
1467 622 1716 687 monuit
1735 620 2071 690 LehrsiuS.
2115 623 2276 687 Pest
2305 624 2684 707 ἐπιμεριςμῷ
2714 624 2781 685 in
2815 622 2958 687 cod.
2993 633 3216 687 exstat

627 727 822 807 τώου,
854 724 1032 810 quod
1062 725 1342 790 fortasse
1374 748 1459 788 ex
1488 729 1605 789 τοῦ
1637 748 1689 789 ω
1722 734 1935 788 ortum
1966 734 2086 788 est.
2136 722 2268 788 Sed
2296 731 2388 811 τῷ
2420 723 2503 787 ad
2536 746 2829 788 normam
2859 726 3213 810 superioris

626 824 753 889 loci
797 826 1102 911 praetuli,
1161 826 1344 912 potui
1399 825 1598 891 etiam
1653 831 1770 892 τοῦ
1823 826 2109 890 scribere
2164 833 2237 888 ut
2292 835 2392 888 est
2445 824 2516 887 in
2568 825 2786 890 Schol.
2834 825 2960 891 Od.
3007 833 3043 892 δ
3091 827 3210 891 797

625 926 692 989 in
739 925 1172 1012 Epimerismo
1217 926 1328 992 illo
1360 927 1649 1012 Didymo
1692 928 2027 1011 assignato
2072 928 2142 992 ἐν
2180 927 2561 1012 ἑπιμεριςμῷ
2604 933 2722 993 τοῦ
2771 934 2995 1009 «μῆνιν
3040 928 3211 993 ἄειδε

627 1029 784 1093 Θεά»
845 1029 1235 1108 Πηνελόπην
1302 1029 1502 1106 αὐτήν
1568 1050 1717 1110 φηςι
1779 1028 1899 1114 (sc.
1959 1031 2249 1109 Δίδυμος
2313 1026 2532 1113 paullo
2598 1039 2749 1094 ante
2810 1029 3210 1115 nominatus)

628 1131 951 1214 λελέχθαι,
996 1131 1171 1209 παρὰ
1215 1133 1290 1196 τὸ
1334 1131 1630 1195 πένεςθαι
1672 1133 1749 1196 τὸ
1798 1134 2034 1196 λῶπος.

791 1231 903 1296 Ex
944 1230 1046 1296 his
1091 1231 1251 1297 locis
1284 1229 1634 1296 concludas
1679 1232 1796 1312 iis,
1845 1231 1955 1318 qui
2000 1229 2160 1295 haec
2191 1233 2715 1317 exscripserunt,
2762 1233 3209 1318 epimerismos

624 1331 986 1397 secundum
1017 1332 1517 1398 Homericorum
1562 1354 1871 1397 versuum
1915 1333 2150 1397 seriem
2180 1332 2513 1399 ordinatos
2554 1334 2623 1397 in
2652 1335 2955 1399 manibus
2986 1335 3211 1399 fuisse.

624 1437 844 1521 Atque
899 1435 1066 1499 hanc
1129 1434 1687 1521 epimerismorum
1744 1435 2406 1500 consarcinandorum
2463 1436 2781 1499 rationem
2837 1436 3210 1522 antiquissi-

625 1558 798 1599 mam
844 1535 1046 1599 fuisse
1089 1535 1284 1600 facile
1328 1537 1683 1607 credimus,
1741 1560 1939 1623 quum
1985 1537 2195 1600 omnis
2245 1537 2815 1620 grammaticorum
2861 1535 3211 1622 disciplina

623 1639 692 1701 in
734 1636 1023 1702 Homero
1068 1637 1557 1724 interpretando
1605 1648 2000 1703 versaretur.
2076 1638 2185 1701 Ex
2228 1638 2327 1701 his
2375 1637 2460 1701 ad
2505 1637 2891 1701 discentium
2935 1660 3207 1702 commo-

623 1738 893 1804 ditatem
948 1748 1181 1825 postea
1248 1739 1604 1804 secundum
1670 1741 2005 1805 literarum
2068 1739 2364 1803 ordinem
2430 1739 2735 1825 dispositi
2790 1739 3209 1824 Epimerismi

623 1841 886 1906 conflati
931 1850 1110 1922 sunt,
1158 1842 1270 1926 qui
1313 1840 1441 1905 illis
1488 1842 1724 1927 prioris
1769 1841 2029 1925 generis
2071 1840 2499 1926 epimerismis
2542 1840 2639 1904 ita
2668 1851 3208 1926 supervenerunt,

621 1952 698 2007 ut
740 1943 970 2030 paucis
1028 1941 1326 2005 frustulis
1384 1942 1677 2027 exceptis
1736 1964 1945 2028 paene
2001 1952 2487 2006 evanescerent.
2577 1941 2924 2006 Caeterum
2978 1941 3059 2008 (le
3105 1964 3206 2006 ac-

625 2053 818 2108 centu
874 2043 1181 2108 vocabuli
1238 2048 1543 2122 ςτροῦθος
1601 2065 1717 2129 per
1771 2041 2078 2108 vocabuli
2133 2049 2330 2124 μῦθος
2388 2044 2795 2108 occasionem
2841 2045 3210 2130 expositum

624 2155 782 2210 erat.
874 2145 979 2209 De
1023 2146 1218 2223 πολιή
1265 2143 1513 2208 dictum
1557 2154 1699 2208 erat
1742 2167 1861 2228 per
1906 2144 2483 2230 opportunitatem,
2541 2166 2736 2230 quam
2794 2143 2978 2210 dedit
3022 2166 3208 2211 voca-

621 2246 850 2312 bulum
905 2247 1133 2325 πραςιή
1192 2244 1276 2308 cf.
1320 2248 1433 2329 Ep.
1482 2245 1590 2309 Cr.
1637 2243 1671 2307 I
1715 2245 1870 2324 366,
1916 2244 2000 2308 29
2054 2247 2311 2325 πραςιά;
2369 2248 2449 2311 τὰ
2504 2246 2920 2325 άθροίςματος
2980 2269 3209 2327 ςημαν-

621 2350 761 2412 τικὰ
807 2349 908 2412 καὶ
953 2347 1167 2411 οὐςίας
1221 2348 1431 2411 πάντα
1474 2346 1814 2412 ὀξύνονται
1862 2345 2006 2412 οἷον
2065 2347 2369 2429 ἀχυρμιά,
2427 2349 2736 2443 φυταλιά,
2793 2349 3208 2431 ἁρματροχιά,

622 2449 961 2531 ἀνθρακιά,
1017 2448 1276 2531 ςποδιά,
1332 2448 1622 2527 πυρκαῑά.
1709 2449 1813 2511 καὶ
1867 2449 2043 2528 παρὰ
2096 2449 2171 2512 τὸ
2216 2449 2480 2527 ἔςχατος
2535 2449 2759 2528 ἐςχάτη
2815 2450 2913 2513 καὶ
2958 2450 3209 2528 ἐςχατιά

624 2552 870 2631 «ἀγχοῦ
915 2551 1027 2615 ἐπ’
1069 2551 1393 2629 ἑςχατιᾶς»
1442 2547 1596 2635 (od.
1631 2570 1662 2613 ε
1706 2548 1863 2634 489)
1910 2552 2013 2615 καὶ
2059 2551 2259 2629 ςκοπή
2305 2551 2532 2615 ςκοπιά
2580 2551 2803 2630 «ἔςτην
2850 2551 2915 2615 δ’
2960 2552 3025 2615 ἐς
3068 2573 3206 2617 ςκο-

622 2655 813 2732 πιήν»
865 2650 1021 2736 (Od.
1054 2675 1089 2717 κ
1119 2652 1249 2736 97).
1293 2690 1379 2700 -—-
1423 2651 1629 2716 οὕτως
1675 2651 1794 2717 οὖν
1842 2653 1943 2716 καὶ
1987 2654 2162 2733 παρὰ
2205 2654 2279 2717 τὸ
2324 2653 2569 2718 πολλός
2614 2653 2716 2717 καὶ
2758 2654 2968 2730 πολλή
3013 2655 3207 2731 πολιή

623 2757 697 2820 τὸ
754 2755 857 2819 διὰ
909 2758 1165 2820 πολλοῦ
1219 2755 1460 2834 χρόνου
1518 2753 1870 2833 ἐρχόμενον
1927 2756 2028 2820 καὶ
2087 2755 2298 2821 πολιά.
2398 2758 2640 2836 μήποτε
2707 2754 2828 2820 οὖν
2894 2754 3024 2820 ἀπὸ
3090 2760 3207 2820 τοῦ

623 2857 1079 2937 ςυμβεβηκότος
1136 2857 1239 2922 ἐπὶ
1295 2861 1519 2934 λευκῆς
1577 2856 1741 2920 ἐςτιν
1805 2856 2044 2938 [ἐκεῖνο
2099 2860 2214 2937 μὲν
2269 2858 2392 2935 γὰρ
2450 2858 2720 2938 εἴρηται,
2788 2857 2923 2921 ἐπεὶ
2980 2859 3206 2939 πολλῷ

623 2959 840 3041 χρόνῳ
884 2959 1046 3035 ἥκει·
1101 2963 1295 3023 τοῦτο
1355 2961 1424 3023 δὲ
1483 2959 1586 3022 ἐπὶ
1642 2958 1838 3036 μόνης
1884 2957 2123 3036 εἴρηται
2169 2961 2280 3035 τῆς
2327 2958 2705 3037 λευκότητος
2761 2978 2845 3020 ex
2891 2955 3104 3018 Schol.
3150 2956 3205 3018 B

623 3056 707 3120 ad
755 3056 833 3121 11.
880 3057 920 3120 1.
969 3052 1260 3140 inserui}
1350 3058 1556 3123 οὕτως
1603 3058 1723 3121 οὖν
1769 3060 1873 3122 καὶ
1914 3058 2146 3137 πραςιά
2190 3060 2290 3122 καὶ
2333 3059 2584 3139 τραςιά,
2641 3058 2914 3135 ςημαίνει
2974 3059 3044 3121 δὲ
3089 3058 3205 3121 τὸν

623 3160 862 3237 τόπον,
919 3159 1088 3222 ὅπου
1135 3160 1258 3222 ἑςτί
1313 3180 1370 3222 τι
1426 3163 1671 3237 πλῆθος
1728 3159 1933 3224 ςύκων
1980 3159 2457 3237 ξηραινομένων
2501 3161 2540 3236 ἢ
2586 3165 2798 3237 τυρῶν
2850 3159 2888 3236 ἢ
2935 3158 3203 3236 ὁτουδή-

622 3279 797 3323 ποτε.
886 3259 987 3321 κοιὶ
1031 3260 1106 3321 τὸ
1144 3258 1394 3337 αἱμαςιά
1439 3260 1646 3323 οὕτως
1689 3260 1819 3337 ἔχει
1834 3308 1851 3340 ,
1903 3258 2035 3323 ἀπὸ
2080 3264 2198 3323 τοῦ
2243 3261 2702 3339 ςυμβεβηκότος
2748 3260 2823 3323 τὸ
2868 3259 3076 3337 ὄνομα
3121 3260 3204 3324 εἰ-

622 3359 847 3437 ληφός.
935 3356 1235 3424 Eustath.
1287 3358 1477 3438 1183,
1523 3359 1625 3422 61.

789 3457 1267 3542 Epimerismon
1314 3458 1670 3524 seeundum
1717 3482 1946 3524 versus
1980 3460 2364 3526 Homericos
2411 3461 2857 3526 ordinatorum
2898 3462 3205 3528 admonet

618 3569 965 3645 praeterea
1008 3558 1189 3622 locus
1235 3559 1312 3625 E.
1359 3559 1450 3623 Μ.
1505 3560 1651 3640 101,
1698 3562 1812 3641 34,
1870 3561 1984 3626 ubi
2042 3562 2321 3647 primum
2379 3562 2460 3626 dc
2517 3564 2627 3646 ἄν,
2687 3576 2821 3630 tum
2876 3564 2958 3626 de
3003 3566 3202 3643 νάκην

620 3662 973 3746 exponitur

622 3865 755 3930 «ἂν
801 3867 882 3930 δὲ
928 3865 1210 3946 νάκην»
1259 3864 1414 3948 (Od.
1448 3872 1480 3932 ξ
1508 3865 1687 3948 530).
1757 3865 2031 3931 ἐνταῦθα
2074 3868 2151 3931 τὸ
2183 3867 2263 3931 ἄν
2300 3869 2442 3934 ἀντὶ
2483 3875 2598 3935 τοῦ
2629 3870 2755 3936 ἀνά
2791 3872 2947 3936 κατὰ
2978 3893 3199 3949 ςυγκο-

618 3968 764 4045 πήν.
853 3968 1129 4047 ςημαίνει
1175 3969 1244 4029 δὲ
1291 3968 1392 4030 καὶ
1437 3967 1606 4045 ῥῆμα
1647 3968 2104 4045 προςτακτικόν
2151 3969 2479 4051 ἀντιφάςει
2523 3979 2654 4036 τῶν
2705 3973 2924 4038 ἄλλων
2969 3975 3199 4053 προθέ-

619 4089 780 4132 ςεων
826 4069 915 4132 εἰς
946 4069 1262 4145 ὁριςτικὸν
1294 4070 1969 4147 μεταλαμβανομὲνων.
2000 4106 2084 4115 -
2124 4070 2464 4149 ἀρςενικῶς
2495 4074 2724 4156 νάκην,
2770 4075 2977 4154 ὄνομα
3006 4097 3199 4154 προς-

618 4170 936 4248 ηγορικόν.
1023 4171 1189 4232 τινὲς
1235 4170 1306 4232 δὲ
1364 4169 1656 4243 λέγουςιν
1713 4170 1871 4234 αὐτὸ
1928 4173 2218 4249 θηλυκόν.
2308 4175 2733 4252 ςυνέμπτωςιν
2791 4178 2862 4240 δὲ
2914 4177 3197 4240 πέπονθε

617 4270 776 4334 κατὰ
818 4272 934 4346 τὴν
980 4269 1338 4347 αἰτιατικήν.
1427 4269 1762 4349 ἀμφότερα
1807 4273 1878 4334 δὲ
1923 4274 2294 4353 παρώνυμα.
2381 4277 2458 4340 τὸ
2515 4277 2637 4355 γὰρ
2697 4279 2973 4356 Θηλυκόν
3025 4279 3199 4356 παρὰ

617 4373 812 4436 νάκος
858 4370 1016 4447 νάκη
1064 4371 1154 4434 ὡς
1202 4370 1435 4450 βλάβος
1483 4372 1698 4451 βλάβη.
1787 4374 1863 4437 τὸ
1909 4375 1980 4436 δὲ
2025 4373 2359 4452 ἀρςενικόν
2420 4379 2595 4455 παρὰ
2638 4379 2713 4441 τὸ
2758 4377 2952 4457 νάκης
2996 4378 3198 4443 νάκου

616 4473 832 4550 νάκην.
922 4469 1127 4534 οὕτως
1172 4469 1655 4549 Ἡρωδιανὸς
1702 4475 1783 4540 ἐν
1831 4475 2432 4555 Ἐπιμεριςμοῖς.
2464 4516 2545 4523 -
2588 4477 2721 4542 Pro
2769 4481 3196 4558 ςυνὲμπτωςιν

614 4570 849 4656 scripsi
906 4573 1227 4649 ςυγκοπήν
1284 4570 1617 4637 intellectu
1673 4574 1853 4638 vocis
1901 4575 2229 4655 ἀποκοπή;
2287 4600 2404 4662 pro
2464 4578 2726 4658 ἐμφάςει
2782 4583 2972 4665 posui
3026 4583 3196 4647 ἀντι-

615 4671 817 4749 φάςει.

784 4771 971 4851 Quae
1014 4772 1470 4843 adnotamenta
1516 4780 1816 4844 derivata
1848 4779 2127 4844 fortasse
2171 4801 2255 4844 ex
2286 4779 2453 4844 libro
2487 4786 2629 4862 περὶ
2668 4788 2924 4867 παθῶν,
2969 4783 3036 4847 in
3067 4805 3194 4869 quo
