3664 5546
675 352 870 405 Lxxx
1623 318 1630 329 ³
1743 355 2156 405 PRAEFATIO.

673 511 911 577 iterum
952 520 1089 575 tota
1132 510 1532 574 Scholiorum
1578 509 1661 573 ad
1708 510 1981 575 Iliadem
2037 509 2204 574 mole
2258 510 2601 597 pervoluta
2660 518 2726 574 et
2772 519 3071 576 accurate
3116 510 3239 575 fru-

676 610 890 693 stulis,
937 634 1102 699 quae
1148 613 1425 696 speciem
1470 611 1795 696 quandam
1840 611 2293 676 Herodianeae
2337 613 2605 696 originis
2650 610 2890 677 habere
2934 613 3239 677 videban-

674 722 780 776 tur
823 734 1031 799 neque
1074 712 1143 775 in
1172 711 1425 776 Lehrsii
1456 712 1736 777 editione
1764 713 2288 798 reperiebantur,
2334 715 2790 800 perpensitatis
2833 714 3242 780 inveniebam

673 1004 762 1057 δτι
796 1005 869 1057 τὰ
906 1002 984 1056 εἰς
1020 1007 1051 1054 ἒ
1088 1002 1338 1068 λήγοντα
1372 1000 1599 1066 χρονικὰ
1635 990 2276 1067 ἑπιρρήματα“θέλουςιν
2324 1001 2470 1066 ἔχειν
2514 1001 2585 1053 τὸ
2621 1004 2652 1054 ἐ’
2690 1003 2801 1068 πρὸ
2836 1006 2940 1056 τοῦ
2977 1007 3012 1055 ’ἶ
3047 1002 3242 1069 ἐνίοτε,

676 1072 966 1137 ἑκάςτοτε,
1005 1071 1238 1135 ἄλλοτε,
1277 1070 1367 1121 καὶ
1405 1070 1492 1122 ὅτι
1528 1069 1802 1122 οὐδέποτε
1842 1071 1974 1121 κατ’
2008 1069 2179 1134 ἀρχὰς
2214 1070 2247 1122 ό
2284 1070 2579 1133 ςύνδεςμος
2616 1069 2944 1123 ςυντίθεται.
3014 1072 3150 1124 ἔνιοι
3185 1072 3243 1123 δὲ

675 1141 952 1205 λέγουςιν,
992 1139 1080 1191 ὅτι
1118 1138 1179 1189 ἐν
1215 1137 1457 1190 ςυνθέςει
1492 1136 1657 1190 ἐςτίν.
1729 1136 2003 1190 οὐδέποτε
2048 1138 2153 1202 γὰρ
2191 1137 2496 1204 εύρίςκεται
2545 1138 2576 1189 ὁ
2614 1140 2852 1203 ποιητὴς
2889 1139 3243 1205 παραλαμβά-

674 1224 795 1259 νων
829 1210 1004 1259 τοῡτο
1040 1207 1109 1259 τὸ
1146 1205 1421 1272 ἐπίρρημα
1457 1206 1626 1270 χωρὶς
1660 1209 1764 1257 τοῦ
1802 1220 1901 1258 κεν
1937 1205 2237 1270 ςυνδέςμου
2282 1209 2654 1272 epimeristam
2692 1208 2958 1258 redolent.
3030 1211 3105 1260 ef.
3145 1211 3241 1274 Ep.

675 1278 762 1327 Cr.
803 1279 829 1326 Ι
867 1280 981 1338 138,
1020 1280 1111 1339 30,
1151 1278 1214 1326 Ε.
1251 1276 1323 1329 Μ.
1361 1278 1488 1332 305,
1526 1278 1608 1325 47.
1657 1301 1719 1310 -
1774 1273 1825 1326 Δ
1868 1280 1928 1325 15
1974 1273 2377 1338 περιεπαςτέον
2422 1274 2527 1325 τὸν
2572 1273 2841 1340 δεύτερον
2876 1278 2935 1339 ῆ·
2984 1276 3097 1328 ἔςτι
3142 1276 3243 1340 γὰρ

672 1341 1081 1408 διαπορητικός.
1119 1345 1230 1393 BL.
1267 1370 1333 1378 —
1368 1344 1434 1393 63
1470 1341 1781 1406 ἕψονται;
1819 1342 1891 1393 τό
1928 1346 2055 1393 επῶ
2084 1342 2295 1407 δηλοῦν
2332 1341 2434 1405 μὲν
2468 1341 2538 1393 τὸ
2571 1341 2721 1405 λέγω
2759 1344 3038 1407 ψιλοῠται,
3077 1343 3147 1395 τὸ
3182 1343 3241 1395 δέ

673 1411 970 1463 ἀκολουθῶ
1009 1410 1318 1462 δαςύνεται.
1347 1413 1407 1461 Β.
1443 1437 1509 1445 -
1543 1414 1644 1460 410
1678 1407 1843 1474 ὁμοίῃ
1882 1409 2081 1461 ἔνθεο
2116 1413 2275 1528 nug:
2318 1407 2669 1475 Ἀρίςταρχος
2697 1409 2757 1461 ἓν
2795 1414 2941 1462 ποιεῖ
2975 1412 3044 1463 τὸ
3083 1412 3244 1463 ἔνθεο

696 1477 791 1531 ἵνα
834 1477 1063 1545 γένηται
1100 1478 1383 1542 Ἀττικόν,
1432 1476 1627 1540 ὅμοιον
1662 1481 1746 1542 τῷ
1784 1478 1902 1541 <<μὴ
1950 1480 2158 1541 ψεῡςον
2294 1475 2452 1530 Ζεῦ»
2497 1479 2837 1529 alienissima
2879 1486 3008 1530 sunt
3052 1478 3243 1543 verba)

713 1546 801 1597 ντὶ
835 1549 938 1597 τοῦ
978 1546 1161 1599 ἔνθου.
1237 1545 1618 1598 Ἀπολλώνιος
1663 1544 1724 1596 δὲ
1770 1544 2073 1597 διαςτέλλει
2109 1544 2179 1596 τὸ
2224 1544 2312 1609 ἐν,
2347 1543 2443 1596 ἵνα
2487 1544 2719 1610 γένηται
2755 1544 2818 1598 ἐν
2865 1545 3046 1614 ὁμοίᾳ.
3082 1551 3146 1598 Α.
3179 1574 3247 1584 -

672 1617 772 1666 487
809 1613 1137 1679 ἀζομένηε
1176 1612 1470 1679 ξηρομένη.
1525 1613 1705 1676 ψιλῶς
1742 1611 2160 1676 ἀναγνωςτέον·
2207 1611 2592 1677 ἐςχημάτιςται
2634 1612 2740 1678 γὰρ
2786 1615 2938 1679 παρὰ
2984 1616 3094 1679 τὴν
3129 1613 3243 1666 ςτέ-

673 1697 830 1748 ρηςιν
863 1685 967 1734 τοῦ
1003 1684 1120 1746 Ζῆν.
1157 1685 1206 1733 D
1244 1683 1338 1747 (cf.
1376 1684 1496 1733 Arc.
1537 1683 1649 1743 174,
1690 1681 1792 1746 12).
1829 1709 1896 1717 -
1930 1685 2025 1733 491
2067 1681 2352 1733 Λεῦκον;
2390 1683 2496 1731 νῦν
2532 1681 3087 1746 προπεριςπωμένως
3127 1685 3245 1749 (pro

674 1749 1115 1815 περιςπωμένως
1153 1749 1279 1814 scr.)
1317 1746 1728 1812 ἀναγνωςτέον.
1766 1749 1832 1799 D.
1873 1776 1934 1784 —
1971 1748 2008 1801 Ε
2044 1752 2109 1799 24
2144 1748 2602 1814 ἀκαχήμενοςε
2651 1747 3071 1815 ὡς’τιθήμενος
3118 1749 3244 1815 ὀνή-

676 1833 870 1882 μενος,
918 1816 1211 1871 Αἰολικῶς.·
1246 1820 1315 1868 D.
1361 1844 1424 1853 —
1475 1820 1569 1867 142
1616 1813 1842 1879 βαθείης
1879 1814 2236 1868 ἐξάλλεται
2280 1816 2484 1882 αύλῆς;
2534 1815 2669 1868 ἔνιοι
2714 1816 2772 1869 ἐξ
2816 1817 2943 1869 ἀντὶ
2985 1821 3089 1870 τοῦ
3136 1818 3244 1871 ἔξω

674 1885 957 1938 ἀκούουςι’
997 1885 1104 1938 ἔξω
1143 1885 1225 1937 ὢν
1263 1883 1486 1949 βαθείης
1521 1882 1697 1949 αὐλῆς
1731 1882 1962 1935 ἅλλεται
1999 1882 2077 1936 εἰς
2112 1883 2182 1935 τὸ
2219 1883 2395 1936 ἐντός.
2467 1884 2499 1936 ό
2537 1883 2728 1948 μέντοι
2765 1884 3150 1938 Ἀπολλώνιος
3183 1885 3245 1937 ἐν

673 1958 759 2074 Γὲ
779 1950 1865 2084 0¹¹⁶&ffffiffiff'issivssfiffiki'iffioss
1890 1950 2528 2085 ἑξάλέῧέαὲλᾶετῖᾦχῖῗ
2542 1953 3245 2086 „a‘ss‘effioz‘ffffl‘ffissz’f

674 2091 803 2155 λῆν·
844 2090 993 2142 τινὲς
1029 2089 1090 2141 δὲ
1126 2088 1214 2140 διὰ
1247 2091 1350 2139 τοῦ
1387 2092 1421 2138 τ
1456 2085 1750 2152 Μενέςτην
1795 2086 1875 2139 ὡς
1914 2087 2195 2153 Ὀρέςτην.
2232 2091 2348 2140 LV.
2381 2115 2446 2124 —
2491 2092 2591 2140 499
2626 2087 2848 2155 ἀλῳάς
2896 2088 2974 2141 ὡς
3019 2088 3245 2152 ἀγαθάς.

674 2157 789 2210 ἀπὸ
825 2156 931 2222 γὰρ
965 2160 1068 2208 τοῦ
1106 2155 1292 2222 ἀλωή,
1330 2154 1363 2206 δ
1399 2156 1496 2208 ςὺν
1531 2158 1616 2221 τῷ
1652 2154 1673 2206 i
1707 2154 2006 2220 γράφεται·
2044 2155 2197 2221 παρὰ
2219 2155 2326 2221 γὰρ
2351 2155 2421 2207 τὸ
2446 2154 2638 2210 ἀλοιῶ.
2664 2160 2778 2211 BV.
2805 2184 2871 2193 —
2896 2161 2996 2210 535
3031 2157 3241 2221 ὁμῶςε

674 2224 1050 2291 προκατάρχει
1085 2228 1187 2276 τοῦ
1226 2224 1380 2287 ὁμῶς
1415 2222 1485 2275 τὸ
1522 2222 1658 2285 όμός
1696 2223 1786 2275 καὶ
1823 2223 1934 2289 ὁμή
1971 2224 2061 2276 καὶ
2098 2224 2258 2286 ὁμόν.
2327 2222 2413 2275 διὸ
2458 2226 2790 2288 περιςπᾶται
2826 2223 2905 2277 ὡς
2942 2226 3147 2277 καλῶς.
3183 2229 3245 2276 V.

675 2322 741 2330 —
775 2298 874 2347 555
926 2292 1262 2358 τάρφεςιν
1315 2290 1394 2343 ὡς
1441 2290 1678 2355 βέλεςιν,
1727 2290 1841 2343 ἀπὸ
1884 2286 1988 2343 τοῦ
2033 2290 2274 2357 τάρφος·
2320 2291 2417 2342 ὅτε
2462 2292 2524 2344 δὲ
2568 2291 2682 2344 ἀπὸ
2720 2295 2823 2344 τοῦ
2869 2293 3118 2359 ταρφὴς,
3166 2291 3244 2344 ὡς

674 2360 829 2414 ὀξέςι.
866 2364 932 2413 V.
957 2389 1022 2397 —
1056 2364 1152 2413 831
1191 2358 1783 2424 ἀλλοπρόςαλλονε
1823 2359 2094 2411 ςύνθετόν
2130 2358 2265 2411 ἐςτι·
2303 2359 2388 2411 διὸ
2425 2358 2493 2411 οὐ
2531 2361 2655 2412 κατ’
2690 2358 2832 2412 ἰδίαν
2868 2361 2901 2413 ό
2935 2359 3105 2413 τόνος
3141 2363 3244 2426 τῆς

674 2429 906 2496 πρώτης
942 2429 1147 2482 λέξεως
1182 2426 1426 2490 λέγεται·
1465 2425 1675 2489 ὁμοίως
1711 2426 1772 2479 δὲ
1805 2431 1891 2493 τῷ
1917 2427 2259 2492 ἀλλοθρόους
2295 2426 2631 2480 ἀλλοειδέας.
2667 2430 2732 2480 A.
2770 2456 2836 2466 —
2870 2427 2917 2480 Ζ
2956 2432 3054 2482 185
3090 2426 3153 2480 οἳ
3189 2428 3247 2480 δ’

674 2498 742 2550 ού
776 2496 1183 2561 γιγνώςκοντες
1219 2495 1586 2561 ἀπηνήναντο
1624 2494 1879 2548 ἕκαςτοςε
1918 2496 2066 2548 τινές
2099 2495 2169 2547 τὸ
2205 2494 2258 2547 οί
2281 2494 2724 2560 περιςπωμὲνως
2760 2497 2851 2548 καὶ
2885 2495 3124 2562 δαςέως,
3160 2495 3247 2548 ἵν’

673 2567 708 2631 ᾖ
745 2565 923 2618 αὐτοῦ
959 2568 1062 2617 τοῦ
1101 2564 1339 2617 Αἴαντος
1374 2563 1554 2615 αὐτὸν
1599 2560 1838 2628 εἰδότες,
1885 2567 2088 2615 κακῶς.
2126 2567 2190 2616 V.
2228 2590 2291 2600 —
2329 2567 2426 2615 198
2473 2562 2596 2615 ἐπεὶ
2641 2563 2770 2616 οὐδ’
2805 2563 2946 2627 ἐμέ;
2993 2565 3102 2629 τὴν
3147 2563 3244 2628 ἐμέ

674 2634 707 2685 ὁ
733 2634 1073 2699 Ἡρωδιανὸς
1109 2632 1364 2751 εὐλόΣως
1403 2631 1632 2684 ὤξυνεν.
1668 2634 1784 2682 BL.
1820 2660 1887 2669 —-
1927 2633 1968 2684 Η
2007 2636 2071 2685 52
2108 2630 2425 2684 ἐπιςπεῖν
2462 2630 2540 2684 ὡς
2576 2630 2862 2684 ἐπιπλεῖνε
2903 2632 3245 2696 μονοςύλλα-

675 2704 774 2766 βον
808 2703 916 2767 γὰρ
950 2701 1019 2753 τὸ
1055 2705 1213 2753 ςπεῑν
1287 2699 1682 2765 παρέμφατον·
1718 2701 1834 2751 πᾶν
1870 2699 1930 2751 δέ
1965 2699 2376 2765 ἀπαρέμφατον
2412 2699 2806 2763 ςυντιθέμενον
2841 2699 3104 2765 φυλάςςει
3138 2700 3245 2753 τὸν

673 2770 851 2823 αὐτὸν
886 2769 1074 2826 τόνον.
1113 2799 1178 2807 -
1224 2767 1269 2821 Θ
1307 2772 1370 2820 57
1408 2770 1647 2834 χρειοῑ;
1698 2766 1776 2820 ὡς
1821 2768 2020 2834 Λητοῖ;
2069 2772 2103 2831 ὴ
2150 2766 2256 2832 γὰρ
2300 2767 2492 2820 εὐθεῖα
2526 2767 2737 2833 «χρειὼ
2783 2767 2934 2832 ἐμεῖο
2970 2767 3245 2835 γένηται»

676 2840 759 2903 (11.
797 2839 841 2891 Α
878 2841 1015 2901 341).
1053 2841 1116 2890 Α.
1153 2868 1219 2876 —
1257 2839 1270 2888 Ι
1308 2841 1423 2888 225.
1493 2839 1577 2887 Ex
1613 2837 1788 2887 schol.
1826 2840 1899 2896 A,
1937 2838 2031 2886 ubi
2066 2836 2253 2888 οὕτως
2290 2836 2632 2902 Ἡρωδιανὸς
2677 2844 2843 2889 notae
2889 2839 2958 2889 ab
3007 2854 3072 2888 eo
3107 2840 3245 2889 alie·

673 2910 934 2958 nissimae
972 2908 1292 2973 apponitur,
1340 2906 1546 2956 collato
1590 2921 1709 2955 cum
1755 2905 1934 2955 altero
1978 2905 2162 2955 Schol.
2197 2906 2270 2969 A,
2316 2906 2461 2970 quod
2503 2905 2965 2957 Friedlaenderus
3016 2923 3083 2957 ex
3127 2908 3245 2956 Ari—

675 2977 884 3026 stonico
938 2982 994 3025 et
1044 2975 1278 3040 Didymo
1332 2974 1604 3024 coaluisse
1657 2975 1938 3037 opinatur,
1991 2974 2291 3022 coniectari
2341 2974 2475 3023 licet
2527 2975 2699 3024 etiam
2748 2975 3122 3025 Herodianum
3173 2974 3244 3025 de

673 3045 943 3109 scriptura
978 3041 1248 3094 ἐπιδευεῖς
1284 3041 1457 3104 ῆμεν
1494 3056 1591 3106 pro
1626 3041 1978 3090 Aristarc-,bea
2013 3038 2254 3091 ἐπιδεύει
2290 3039 2432 3105 ἠμέν
2478 3041 2803 3093 disseruisse
2848 3043 2915 3093 ob
2954 3047 3243 3093 accentum

672 3113 828 3162 vocis
863 3124 1021 3175 ημεν.
1056 3137 1122 3147 -
1156 3114 1255 3162 539
1293 3107 1471 3172 ὧρςεν
1507 3107 1616 3158 ἔπι
1652 3106 1899 3171 χλούνην
1944 3109 2044 3158 ςῦν
2088 3107 2306 3170 ἆγριονε
2354 3106 2407 3159 οί
2455 3108 2556 3171 μὲν
2591 3108 3053 3174 ἀναςτρέφουςιν,
3088 3107 3172 3160 ἵν’
3209 3111 3245 3229 2

676 3178 947 3243 ἐπῶρςεν.
1016 3176 1068 3229 οἱ
1113 3177 1174 3229 δέ
1218 3173 1568 3239 ἐκδεξάμενοι
1613 3174 1859 3240 χλούνην
1902 3174 2010 3238 τὴν
2055 3174 2231 3239 χλόην
2267 3173 2350 3240 (2)
2396 3175 2714 3242 ἐνέκλιναν,
2760 3177 2854 3228 ἵνα
2898 3177 3128 3243 γένηται
3171 3192 3207 3229 τ

678 3246 803 3310 ἑξῆς
841 3245 933 3297 ἐπὶ
967 3245 1076 3309 τὴν
1110 3244 1374 3309 χλούνην.
1410 3245 1571 3293 ABL.
1600 3269 1663 3278 —
1692 3241 1730 3294 Ι(
1768 3247 1832 3294 52
1868 3241 2170 3306 δολιχόν;
2209 3241 2458 3307 διαφέρει
2493 3244 2563 3296 τὸ
2598 3244 2817 3308 δόλιχος
2852 3248 2955 3297 τοῦ
2993 3245 3242 3309 δολιχός·

676 3311 1246 3378 προπαροξυνόμενον
1270 3309 1376 3375 γάρ
1399 3309 1548 3362 ἐςτιν
1574 3309 1722 3361 εἶδος
1759 3307 2019 3375 ὀςπρίου,
2058 3309 2399 3373 ὀξυνόμενον
2424 3311 2484 3363 δὲ
2522 3312 2770 3378 ςημαίνει
2804 3313 2909 3365 τὸν
2935 3312 3161 3379 μακρόν.
3198 3317 3244 3366 Β

678 3381 767 3445 (ex
805 3381 1017 3430 cathol.
1048 3397 1099 3445 p.
1124 3384 1239 3443 226,
1266 3380 1374 3443 22).
1400 3406 1462 3415 -
1489 3378 1532 3430 Λ
1557 3381 1622 3428 69
1657 3377 1929 3442 ταρφέα
1966 3378 2043 3429 ὼς
2069 3377 2220 3430 ὀξέα·
2258 3381 2363 3430 νῦν
2395 3380 2502 3445 γὰρ
2529 3379 2849 3434 ἐπιθετικόν
2871 3381 2941 3433 τὸ
2965 3384 3245 3433 τοιοῦτον.

675 3451 838 3500 ABL.
865 3476 926 3484 —
952 3446 1009 3500 Μ
1049 3450 1145 3498 160
1180 3446 1345 3511 ἀμφ’
1379 3446 1546 3497 αὖον
1582 3445 1799 3497 ἀΰτεινε
1838 3445 1939 3497 δύο
1976 3445 2114 3511 μέρη
2151 3446 2324 3509 λόγου
2361 3446 2536 3513 ἐςτίν,
2582 3446 2725 3514 ἀμφί
2758 3449 2850 3500 καὶ
2885 3448 3052 3514 αύον,
3087 3447 3173 3500 ἵν’
3208 3450 3245 3515 ᾖ

677 3515 825 3579 ἀμφ’
859 3513 1067 3567 αὐτοὺς
1102 3514 1242 3567 αὖον
1266 3514 1469 3566 ἀΰτειν.
1516 3514 1608 3565 καὶ
1642 3512 1712 3565 τὸ
1747 3514 2129 3578 πληθυντικὸν
2162 3514 2316 3567 οἶδεν
2350 3515 2502 3568 «αὖα
2534 3515 2705 3569 πάλαι
2729 3515 3043 3583 περίκηλα»
3068 3518 3189 3581 (Od.
3216 3533 3246 3569 ε

675 3585 817 3648 240).
851 3610 918 3619 -
957 3582 998 3636 Ν
1025 3588 1088 3634 41
1125 3584 1423 3647 αὐῖαχοιε
1461 3581 1514 3633 οἱ
1539 3582 1642 3645 μέν
1665 3580 1817 3646 παρὰ
1841 3581 1910 3633 τὸ
1935 3582 2091 3634 αὔειν
2126 3583 2217 3634 καὶ
2244 3581 2476 3647 ίάκχειν·
2515 3583 2568 3636 οἱ
2595 3584 2656 3636 δέ
2681 3584 3058 3650 ἐξαιρεθέντος
3080 3587 3183 3637 τοῦ
3211 3589 3246 3636 V

675 3651 746 3702 τὸ
782 3654 816 3701 ῦ
852 3652 1179 3714 προςελθεῖν
1215 3650 1294 3703 ὡς
1329 3650 1538 3713 ἀγαθός
1573 3648 1780 3714 ἀγαυός
1817 3649 1884 3715 (1)
1921 3649 2259 3703 κατάξαντες
2297 3651 2661 3705 καυάξαντες·
2698 3651 2752 3704 οἱ
2786 3652 2847 3704 δέ
2884 3652 3017 3705 κατ’
3053 3651 3246 3705 ἐπίτα-

677 3734 759 3771 ςιν
796 3718 962 3771 ὄντος
998 3723 1099 3770 τοῦ
1139 3723 1173 3770 ᾶ
1210 3719 1390 3782 ἀῖαχοι
1436 3717 1563 3769 εἶτα
1606 3715 2023 3771 πλεονάςαντος
2067 3721 2169 3770 τοῦ
2216 3723 2274 3770 ῦ·
2312 3719 2627 3784 Χρύςιππος
2672 3720 2734 3772 δὲ
2777 3720 2810 3772 ό
2858 3719 3106 3773 (τωῖκὸς
3151 3722 3244 3772 καὶ

676 3786 967 3839 Διονύςιος
1002 3787 1035 3839 ό
1060 3786 1205 3854 Θρᾷξ
1242 3786 1533 3840 δαςύνουςι
1566 3786 1636 3838 τὸ
1671 3786 1919 3850 αὐΐαχοι,
1956 3785 2032 3838 ἵν’
2057 3787 2090 3852 ᾗ
2129 3787 2467 3853 ξηρόφωνοι.
2494 3791 2555 3839 A.
2595 3788 2740 3852 quod
2766 3791 2820 3839 la
2844 3790 3028 3841 Roche
3066 3806 3117 3855 p.
3142 3792 3245 3841 209

677 3857 991 3907 Herodiano
1027 3857 1245 3918 tribuit,
1283 3855 1373 3907 vel
1407 3859 1631 3921 propter
1675 3856 2099 3919 originationem
2141 3858 2293 3907 vocis
2337 3855 2544 3917 ἀγαυός
2588 3857 2658 3907 ab
2702 3854 2911 3919 ἀγαθός
2954 3859 3026 3909 ab
3070 3859 3247 3907 Hero-

677 3925 838 3975 diano
876 3924 1112 3974 alienam
1148 3926 1206 3974 in
1241 3925 1612 3988 suspicionem
1634 3924 1883 3975 incurrit.
1909 3950 1975 3958 —
2014 3927 2109 3974 137
2146 3922 2616 3988 ὀλοοίτροχοςι
2655 3923 2974 3990 Δημήτριος
3011 3924 3043 3976 ὁ
3079 3923 3245 3988 γονύ·

678 4006 844 4044 πεςος
879 3991 1123 4055 δαςύνει,
1159 3989 1236 4042 ἵν’
1271 3992 1303 4057 ᾖ
1342 3989 1472 4042 ὅλος
1506 3990 1829 4055 τροχοειδὴς
1865 3990 1955 4041 καὶ
1981 3990 2124 4043 κατὰ
2148 3993 2261 4042 πᾶν
2286 3990 2452 4056 μέρος
2476 3991 2833 4057 άςτὴρικτος,
2870 3996 2953 4058 τῷ
2991 3992 3052 4045 δέ
3086 3992 3243 4059 τόνῳ

678 4059 757 4112 ὡς
793 4060 1160 4125 κακότροπος.
1230 4059 1413 4111 οὕτως
1450 4057 1509 4109 δέ
1547 4059 1636 4109 καὶ
1672 4057 2016 4124 Ἐρμαππίας
2062 4058 2153 4110 καὶ
2191 4057 2377 4111 Νικίας
2424 4059 2514 4110 καὶ
2554 4059 2829 4124 Ἀριςτέας
2875 4061 2966 4112 καὶ
3004 4059 3243 4126 Ἀριςτό-

675 4142 842 4180 νικος.
925 4127 1176 4192 Κόμανος
1228 4127 1287 4178 δὲ
1332 4126 1423 4177 καὶ
1466 4125 1819 4188 Πτολεμαῖος
1873 4126 1904 4177 ὁ
1944 4126 2351 4192 Ἀςκαλωνίτης
2403 4128 2624 4191 ψιλοῡςι
2676 4128 2767 4179 καὶ
2820 4129 3241 4193 παροξύνουςιν,

677 4196 980 4248 ἀκούοντες
1016 4195 1122 4247 τὸν
1157 4195 1249 4246 ἐπὶ
1284 4196 1352 4245 τὸ
1389 4192 1605 4259 τρέχειν
1642 4194 1814 4246 ὀλοὸν
1851 4195 1942 4246 καὶ
1977 4194 2178 4247 δεινόν.
2237 4194 2519 4247 ἐπένθεςις
2554 4194 2615 4246 δὲ
2650 4198 2753 4247 τοῦ
2788 4195 2811 4248 ἶ
2845 4195 3096 4262 περιττή.
3151 4199 3242 4248 καὶ

676 4264 783 4329 γὰρ
827 4265 995 4329 χωρὶς
1040 4263 1216 4314 αὐτοῦ
1263 4262 1492 4315 ςώζεται
1540 4262 1609 4314 τὸ
1648 4261 1880 4328 μέτρον,
1918 4264 2009 4314 καὶ
2044 4262 2155 4315 ἔδει
2200 4262 2343 4314 αὐτὸ
2379 4262 2716 4328 ἀναλογῆςαι
2759 4268 2844 4330 τῷ
2888 4264 3243 4317 «Ἄτλαντος

678 4331 924 4398 θυγάτηρ
969 4330 1362 4396 ὀλοόφρονος»
1398 4332 1525 4392 (Οά.
1571 4344 1606 4381 α
1643 4330 1753 4394 52).
1832 4330 2186 4397 Δημόκριτος
2231 4331 2290 4382 δέ
2335 4330 2404 4382 τὸ
2451 4331 2802 4397 κυλινδρικὸν
2839 4334 3016 4398 ςχῆμα
3062 4330 3242 4384 ὀλοοί-

676 4415 882 4466 τροχον
926 4401 1098 4451 καλεῖ.
1179 4399 1365 4450 καλῶς
1410 4398 1471 4450 δὲ
1524 4397 1798 4464 βάρβαρον
1851 4399 1941 4450 καὶ
1992 4399 2200 4461 ἀλογον
2244 4398 2425 4463 ὁρμὴν
2468 4397 2670 4466 ἀψύχῳ
2717 4398 2868 4465 βάρει
2922 4399 3103 4452 είκαςε
3154 4398 3243 4452 διά

678 4469 894 4520 παντὸς
928 4466 1111 4519 τόπου
1148 4466 1575 4533 κυλινδουμένῳ.
1612 4470 1722 4520 ΑΒ.
1761 4494 1827 4502 -
1863 4471 1962 4519 452
1997 4466 2056 4517 δ’
2089 4463 2187 4530 ἔμ’
2223 4466 2430 4518 ἔτικτες
2469 4467 2883 4533 ὀρθοτονητέον
2917 4469 3025 4532 τὴν
3060 4466 3240 4520 ἀντω-

675 4535 906 4600 νυμίαν·
943 4534 1066 4586 ἐςτι,
1098 4533 1203 4600 γὰρ
1238 4534 1640 4599 ἀντιδιαςτολὴ.
1685 4536 1845 4590 ABL.
1884 4562 1949 4572 —
1994 4534 2041 4587 Ξ
2077 4539 2108 4587 3
2144 4534 2423 4597 Μαχᾶον
2467 4534 2545 4587 ὡς
2584 4535 2926 4601 Ἀνδραῖμον.
2964 4540 3029 4592 V.
3066 4563 3129 4574 —
3176 4539 3243 4588 38

679 4603 943 4669 ἁθρόοις
985 4602 1333 4668 Ἀρίςταρχος
1369 4603 1614 4666 δαςύνει,
1652 4602 1889 4667 φάςκων
1924 4602 2010 4653 ὅτι
2046 4602 2186 4667 ἀρχὴ
2224 4602 2475 4667 πλήθους
2512 4603 2544 4654 ό
2578 4607 2727 4669 τρεῖς
2751 4603 3006 4670 ἀριθμός·
3045 4603 3144 4656 είςί
3179 4603 3243 4655 δέ.

679 4670 732 4723 οἳ
770 4671 1066 4735 ἐψίλωςαν.
1121 4670 1351 4734 ἄμεινον
1386 4671 1446 4723 δέ
1482 4669 1764 4722 πείθεςθαι
1799 4674 1884 4736 τῷ
1926 4669 1982 4722 Ἀ
2023 4671 2260 4736 ιςτάρχῳ
2299 4669 2389 4734 (ex
2425 4673 2518 4723 BL
2557 4680 2683 4738 post
2719 4670 3004 4735 ἐψίλωςαν
3037 4673 3241 4723 addere

679 4739 808 4789 licet
841 4737 918 4791 ἵν’
953 4740 986 4804 ᾖ
1024 4738 1285 4805 ἄφωνοι).
1320 4768 1388 4779 -
1427 4743 1522 4791 199
1558 4739 1800 4804 δαμνᾷ;
1841 4737 1892 4790 οἱ
1940 4753 1976 4800 μ
2009 4753 2040 4789 ν
2077 4736 2286 4802 ὁμοίως
2321 4743 2406 4803 τῷ
2442 4743 2649 4806 «πειρᾷ
2693 4739 2845 4804 ἐμεῖο
2889 4739 3117 4806 γεραιέ»
3153 4740 3241 4804 (ΙΙ.

679 4805 725 4860 Ω
759 4810 899 4874 390).
971 4805 1024 4860 οἱ
1068 4807 1129 4860 δὲ
1172 4809 1399 4875 Δώριον
1444 4807 1588 4859 αὐτὸ
1630 4806 1755 4858 ἀντὶ
1800 4808 1903 4857 τοῦ
1945 4806 2233 4872 δάμναςαι·
2292 4805 2641 4874 Ἀρίςταρχός
2694 4823 2863 4874 φηςιν
2915 4809 2993 4861 ὡς
3045 4806 3241 4878 ἐπίςτᾳ
