3664 5546
672 391 796 456 162
1604 398 1687 454 ΕΚ
1725 400 1866 456 ΤΩΝ
1909 399 2315 455 ΗΡΩΔΙΑΝΟΥ

667 561 818 628 λίας.
895 563 1327 645 Εὐρύηλος·
1394 569 1601 636 οὕτως
1664 571 1703 650 ἡ
1770 571 2121 651 ἀκρόπολις
2185 574 2317 638 τῶν
2384 571 2763 638 Ἐπιπολῶν.
2843 571 3254 653 Κάρμηλος

664 663 836 743 ὄρος.
881 666 1265 748 Ὄλβηλος
1311 671 1496 737 πόλις
1544 674 1962 741 Μακεδονίας.
2031 673 2359 752 Βάλακρος
2407 675 2865 741 Μακεδονικῶν
2914 721 2928 736 .
3092 673 3253 740 Ῥά-

574 807 585 818 -
663 770 903 846 κηλος
948 770 1134 835 πόλις
1183 773 1599 841 Μακεδονίας.
1665 775 2256 857 (ελευκόβηλος
2301 777 2488 842 πόλις
2533 776 2773 855 (υρίας.
2838 775 3252 857 Φάρβηλος

662 868 848 933 πόλις
893 869 1273 950 Ἐρετριέων.
1318 876 1696 958 Ἄρβηλος
1740 878 1780 943 ὁ
1811 879 2202 962 Ἀθμονέως,
2247 877 2374 958 ἀφ’
2419 877 2499 944 οὗ
2542 879 2824 960 Ἄρβηλα
2866 879 3053 944 πόλις
3083 879 3251 957 Περ-

601 980 634 1028 5
666 972 815 1050 ςική.
903 973 993 1037 τό-
1025 976 1097 1039 δὲ
1143 974 1465 1072 ῥιγηλός
1510 980 1641 1060 ἔχει
1685 981 1979 1060 θηλυκόν.

833 1073 925 1138 Τὰ
970 1076 1075 1139 διὰ
1118 1082 1235 1142 τοῦ
1279 1067 1455 1160 ηλςῖ
1501 1083 2009 1165 ὑπερδιςύλλαβα
2076 1082 2251 1148 ἁπλᾶ
2327 1082 2646 1148 ἐπιθετικὰ
2709 1082 2947 1162 ἔχοντα
3011 1082 3268 1162 θηλυκὰ·

663 1172 987 1257 ὀξύνεται,
1034 1180 1379 1264 ςιγηλός,
1424 1185 1787 1270 μιμηλός,
1834 1185 2266 1268 ἀπατηλός,
2309 1184 2651 1268 ὑψηλός,
2697 1185 3072 1269 ύδρηλός,
3116 1205 3248 1264 χα-

663 1276 935 1358 μηλός,
982 1277 1420 1381 ὀμβρηλ-ό-ςέ
1449 1285 1818 1370 ὀκνηλός,
1864 1286 2267 1367 ἀτυζηλός.

832 1377 924 1442 Τὰ
969 1382 1073 1446 διὰ
1116 1388 1232 1448 τοῦ
1278 1390 1416 1452 ιλος
1473 1388 1768 1467 ἀρςενικὰ
1823 1390 2062 1469 ἔχοντα
2115 1390 2191 1454 τό
2235 1393 2268 1452 ἶ
2323 1390 2524 1469 βραχὺ
2568 1389 3024 1468 παροξύνεται·
3080 1389 3134 1454 εἰ
3177 1389 3246 1453 δέ

568 1488 631 1539 10
665 1499 723 1542 τι
768 1485 1347 1561 προπαροξύτονον
1394 1489 1523 1574 εἴη,
1567 1492 1606 1569 ἢ
1651 1492 1839 1557 πάθει
1884 1492 2153 1570 γέγονεν
2197 1492 2236 1569 ἢ
2270 1492 2440 1569 γένει
2486 1492 2807 1575 διαφέρει,
2851 1492 3244 1574 ναυτίλος,

660 1580 1053 1666 Τρωίλος,
1097 1585 1439 1674 Ζωΐλος,
1483 1593 1913 1675 Πενθίλος,
1960 1592 2315 1676 ὀργίλος,
2361 1593 2789 1677 Μυρτίλος,
2849 1592 3244 1675 Χοιρίλος,

660 1682 1091 1770 Πορςίλος,
1124 1689 1537 1778 Βανδίλος,
1568 1696 1975 1776 φρυγίλος.
2019 1695 2461 1774 (ποργίλος
2492 1700 2692 1776 δῆμος
2721 1696 3021 1779 Ἀττικός,
3054 1696 3243 1774 Κορ-

659 1784 890 1851 πίλος
935 1788 1205 1867 Θρακῶν
1251 1792 1456 1862 ἔθνος.
1488 1817 1495 1825 ·
1546 1797 1844 1879 (τράβων
1901 1798 1952 1865 ζ’
1995 1800 2084 1884 (p.
2129 1796 2257 1880 87).
2343 1799 2420 1863 τὸ
2475 1800 2547 1862 δὲ
2602 1798 2913 1875 αἲγιλος
2969 1799 3244 1878 θηλυκὸν

659 1889 1237 1968 προπαροξύνεται.
1326 1898 1403 1962 τὸ
1449 1900 1520 1964 δὲ
1564 1901 1835 1966 κόϊλος
1890 1900 2022 1965 ἀπὸ
2075 1904 2192 1964 τοῦ
2249 1903 2470 1965 κοῖλος
2536 1901 2695 1965 κατὰ
2758 1901 2964 1965 πάθος
3017 1902 3119 1965 καὶ
3167 1900 3242 1964 τὸ

560 1997 622 2048 15
659 1989 983 2068 μύτιλος
1029 1992 1067 2057 ὁ
1113 1993 1377 2076 ἔςχατος
1420 2003 1523 2066 καὶ
1565 2002 1641 2067 τὸ
1685 2003 2018 2068 πύτιλος
2061 2003 2633 2082 προπαροξύνεται.
2721 2002 3119 2084 ςεςημείωται
3173 2003 3243 2067 δὲ

660 2091 762 2154 καὶ
804 2092 880 2156 τὸ
929 2092 1314 2196 Nonc
1357 2105 2035 2185 προπαροξυνόμενον.

828 2192 920 2258 Τὰ
976 2195 1064 2263 εἰς
1121 2204 1259 2267 ιλος
1314 2205 1852 2291 ὑπερδιςύλλαβα,
1909 2206 1964 2272 εἰ
2017 2205 2156 2286 ἔχοι
2209 2207 2284 2272 τὸ
2332 2207 2363 2269 ἰ’
2405 2206 2855 2290 ἐκτεταμένον,
2911 2227 3239 2286 προπαρο-

657 2293 905 2360 ξύνεται
922 2345 940 2379 ,
998 2299 1053 2363 εἰ
1107 2305 1190 2383 μὴ
1245 2304 1305 2383 ἡ·
1343 2307 1516 2387 τρίτη
1573 2307 1712 2388 ἔχοι
1756 2310 1834 2374 τὸ
1880 2305 1953 2393 ἆ,
2009 2310 2047 2374 ὃ
2101 2308 2528 2388 προκατάρχει
2573 2311 2939 2390 ςυμφώνων
2984 2310 3054 2375 ἐν
3099 2313 3239 2375 ςυλ-

657 2396 848 2474 λήψει
894 2397 1137 2490 ὄντων,
1184 2411 1603 2491 ςτρόβιλος
1649 2409 1826 2476 εἶδος
1872 2409 2225 2494 ὀρχήςεως,
2272 2410 2691 2492 ςτροβιλός
2735 2413 2806 2476 δὲ
2849 2411 2890 2490 ἡ
2922 2413 3238 2491 ςυςτροφὴ

553 2515 620 2566 20
653 2517 771 2578 τοῦ
829 2512 1079 2595 ἐχίνου,
1136 2511 1473 2597 ἔςβιλος,
1542 2512 1850 2597 ὅμιλος,
1904 2512 2348 2596 Πάμμιλος,
2414 2512 2567 2578 ἀλλ’
2624 2513 2743 2579 οὐκ
2804 2513 2875 2579 ἐν
2931 2514 3238 2594 ςυλλήψει

653 2617 732 2680 τὰ
778 2614 1105 2695 ςύμφωνα.
1150 2615 1226 2678 τὸ
1272 2617 1344 2680 δὲ
1390 2615 1783 2693 Καδμῖλος
1829 2613 1870 2678 ὁ
1899 2613 2122 2695 Ἑρμῆς
2164 2618 2670 2695 προπεριςπᾶται
2702 2616 2858 2696 ἔχον
2899 2618 2977 2681 τὸ
3021 2619 3063 2679 ἇ
3107 2615 3238 2680 ἐπι-

654 2717 1037 2799 φερομένων
1082 2717 1202 2783 δύο
1248 2717 1612 2799 ςυμφώνων
1658 2716 1728 2784 ἐν
1755 2717 2101 2797 ςυλλήψει.

653 3011 811 3061 omisi
846 3007 1088 3075 Αἴγηλος
1132 3007 1295 3060 ἔθνος
1340 3006 1596 3074 Μηδικὸν
1642 3024 1728 3075 ap.
1779 3008 1888 3072 st„
1925 3007 2069 3074 quod
2106 3009 2270 3059 Mein.
2315 3025 2383 3060 ex
2427 3006 2622 3073 Αίγλοί
2667 3010 2872 3062 Herod.
2909 3014 2968 3073 3,
3005 3013 3072 3061 92
3118 3026 3235 3061 eor·

652 3083 869 3144 ruptum
914 3083 1168 3153 μαῖαι..-
1167 3077 1412 3128 Similem
1457 3093 1724 3145 cano-nem
1771 3078 2041 3144 praebent
2087 3078 2255 3127 etiam
2291 3079 2392 3128 An.
2431 3080 2531 3130 Ox.
2571 3080 2626 3129 11
2659 3083 2785 3139 415,
2827 3084 2889 3131 13
2931 3077 3236 3143 τράχηλος·

652 3162 724 3215 τὰ
759 3162 848 3214 διὰ
882 3165 985 3213 τοῦ
1023 3163 1159 3227 ηλος
1204 3161 1458 3226 ὀνόματα
1502 3160 1648 3226 ὑπὲρ
1692 3161 1792 3213 δύο
1839 3160 2111 3224 ςυλλαβάς
2167 3161 2203 3225 ἢ
2250 3160 2491 3213 ὁξύτονα
2535 3156 2925 3228 οἶον“ύψηλός
2969 3161 3234 3229 χαμηλός.

651 3230 1122 3295 προπαροξύτονα
1158 3227 1283 3282 οἷον
1319 3228 1604 3295 κίβδηλος,
1643 3229 1919 3295 κάμηλος,
1957 3228 2248 3295 ςτρίβηλος
2285 3230 2410 3292 (scr.
2450 3229 2728 3296 Ὄρβηλος
2765 3232 2853 3283 vel
2891 3232 3066 3282 simile
3105 3231 3237 3297 quid

651 3301 790 3351 Lob.
826 3300 997 3350 Pron.
1041 3303 1176 3363 109),
1216 3297 1463 3365 βέβηλος.
1685 3299 1720 3350 l.
1756 3301 1788 3348 6
1836 3304 1962 3364 post
1997 3297 2151 3349 ἁπλᾶ
2196 3297 2385 3348 addidi
2430 3296 2717 3351 ἑπιθετικά
2761 3317 2830 3351 ex
2865 3300 2926 3349 11.
2962 3301 3052 3351 Pr.
3091 3300 3124 3350 1.
3164 3316 3234 3361 c.‚

651 3365 901 3432 χαμηλός
935 3392 1000 3403 -
1037 3365 1279 3432 ὀκνηλός
1316 3384 1384 3418 ex
1418 3368 1694 3432 Theogn„
1730 3364 2006 3432 ἀτυζηλός
2043 3383 2110 3416 ex
2149 3366 2330 3417 Schol.
2368 3366 2440 3416 cd
2476 3366 2655 3432 Apoll.
2694 3366 2734 3419 Β
2775 3370 2931 3429 1057,
2968 3368 3089 3418 ubi:
3136 3380 3233 3419 πε-

651 3433 982 3499 ριςπαςτέον
1016 3434 1086 3486 τὸ
1123 3434 1399 3503 ἀτυζηλῷ.
1448 3434 1561 3488 ἔςτι
1596 3434 1703 3500 γὰρ
1740 3432 1855 3487 ἀπὸ
1893 3434 2166 3487 ὁξυτόνου
2191 3436 2294 3485 τοθ
2334 3433 2636 3500 ἀτυζηλός,
2674 3433 2754 3487 ὡς
2792 3434 3133 3500 Ἡρωδιανὸς
3169 3432 3234 3485 ἐν

645 3505 731 3568 τῷ
771 3502 918 3569 ἕκτῳ
956 3504 1058 3567 τῆς
1095 3503 1355 3555 καθόλου.
1396 3505 1657 3554 Fortasse
1694 3503 1947 3557 distinxit
1972 3502 2321 3554 Herodianus
2358 3520 2391 3554 a
2426 3502 2652 3568 ςιγηλός
2676 3504 2952 3570 proprium
2978 3500 3230 3568 (ίγηλος,

648 3571 793 3635 quod
830 3572 1083 3621 Eustath.
1130 3572 1296 3622 affert
1343 3574 1498 3635 1967,
1545 3575 1611 3623 35
1655 3575 1718 3621 ut
1758 3571 1979 3621 videtur
2022 3587 2088 3622 ex
2132 3571 2467 3637 Philemone,
2506 3573 2555 3622 si
2597 3571 2850 3627 conferas
2889 3589 2938 3636 p.
2975 3574 3101 3633 906,
3139 3576 3232 3625 δὶς

646 3639 842 3690 videas
879 3639 1072 3692 Lehrs.
1110 3640 1177 3691 de
1213 3641 1377 3692 Arist.
1414 3643 1515 3692 280
1551 3640 1635 3689 ed.
1670 3641 1742 3691 11.
1924 3639 1958 3690 1.
1999 3642 2058 3689 11
2102 3635 2327 3704 ὀργίλος
2362 3667 2428 3675 -
2465 3636 2737 3703 φρυγίλος
2772 3639 2964 3691 addita
3000 3645 3130 3690 sunt
3165 3655 3234 3690 ex

646 3708 892 3774 Theogn.
929 3710 1019 3769 62,
1056 3712 1107 3760 6.
1134 3714 1362 3774 exc-epto
1397 3705 1700 3773 Πορςίλος,
1739 3708 1883 3773 quod
1930 3724 1999 3758 ex
2043 3708 2183 3758 libro
2227 3707 2357 3772 περί
2405 3706 2722 3772 ποςότητος
2768 3707 2859 3759 Cr.
2892 3710 2997 3758 An.
3036 3706 3138 3757 Ox.
3173 3708 3232 3757 11

646 3778 765 3834 291,
803 3777 898 3826 ubi
936 3777 1137 3827 vitiose
1173 3774 1450 3842 Πυρςίλος
1487 3776 1749 3842 scriptum
1786 3781 1900 3838 est,
1938 3776 2043 3826 hue
2078 3775 2262 3827 retuli.
2333 3777 2472 3827 Nam
2511 3791 2688 3826 canon
2726 3774 2794 3826 de
2830 3776 3139 3827 nominibus
3172 3775 3262 3848 in‘

645 3861 765 3911 ιλος
803 3867 858 3911 et
894 3862 1039 3912 ειλος
1075 3861 1153 3911 ibi
1187 3862 1502 3927 propositus
1539 3865 1623 3911 est
1658 3859 2073 3923 Herodianeus‚
2121 3866 2183 3910 ut
2229 3865 2466 3926 apparet
2503 3876 2570 3910 ex
2607 3860 3014 3926 comparatione
3052 3859 3232 3909 Theo-

646 3930 833 3993 gnosti
870 3934 926 3979 et
963 3929 1053 3979 Cr.
1089 3929 1267 3994 Epim.
1302 3928 1354 3978 11
1391 3932 1508 3980 303.
1581 3925 1893 3992 (ποργίλος
1930 3944 1997 3979 ex
2034 3929 2116 3978 St.
2153 3931 2247 3994 Β.,
2295 3930 2392 3979 ubi
2440 3935 2624 3979 tamen
2662 3926 2971 3992 (πόργιλος
3008 3927 3230 3978 exhibe-

644 4004 761 4055 tur,
803 3994 1077 4061 Κορπίλος
1114 4013 1180 4046 ex
1218 3996 1441 4060 eodem,
1480 4012 1807 4062 quamquam
1846 4012 1932 4062 ap.
1971 3998 2298 4047 Strabonem
2335 3995 2610 4063 Κορπῑλος
2647 3997 2910 4061 scriptum
2947 4003 3048 4047 est.
3093 3995 3230 4046 Cum

646 4062 885 4127 αῐγιλος,
924 4065 1034 4114 nisi
1070 4065 1355 4129 quantitas
1390 4066 1598 4115 vocalis
1632 4067 1664 4116 ἶ
1705 4065 1920 4115 incerta
1947 4071 2122 4127 esset,
2161 4067 2412 4131 componi
2435 4065 2747 4131 potuissent
2770 4065 2988 4115 urbium
3010 4065 3231 4115 nomina

645 4132 874 4194 Ἄμιλος
921 4131 1084 4184 πόλις
1132 4129 1433 4196 Ἀρκαδίας.
1504 4130 1824 4185 Παυςανίας
1870 4131 2060 4199 ὀγδόη.
2131 4131 2391 4197 Ἀργιλος
2437 4132 2601 4184 πόλις
2646 4130 2883 4199 Θρᾴκης.
2955 4130 3228 4197 Τράγιλος

646 4200 807 4252 πόλις
847 4197 941 4263 μία
970 4201 1094 4251 τῶν
1130 4198 1223 4251 ἐπὶ
1260 4198 1481 4268 Θρᾴκης
1517 4202 1664 4266 κτλ.,
1702 4199 1991 4266 Τρώγιλος
2027 4198 2236 4266 χωρίον
2273 4199 2548 4265 (ικελίας,
2595 4199 2872 4265 Πράξιλος
2907 4199 3071 4252 πόλις
3107 4198 3228 4252 Μα-

643 4283 898 4337 κεδονίας
946 4286 1181 4337 fortasse
1228 4291 1291 4337 ut¹
1330 4284 1617 4350 Πράξιλλα
1663 4301 1761 4351 per
1805 4284 2011 4351 duplex
2046 4286 2114 4337 λλ
2152 4286 2515 4338 scribendum.
2558 4283 2630 4338 τὸ
2669 4285 2902 4338 πύτιλος
2938 4284 3124 4336 addidi
3159 4302 3226 4336 ex

642 4369 789 4421 Mon.
826 4373 911 4433 20,
947 4373 1039 4422 35:
1078 4371 1279 4423 κοῖλος.
1336 4369 1503 4423 οὐδὲν
1541 4369 1619 4423 εἰς
1655 4373 1752 4423 λος
1796 4371 1973 4434 λῆγον
2018 4370 2347 4436 διςύλλαβον
2394 4370 2705 4436 βαρύτονον
2740 4374 2811 4437 τῇ
2847 4372 2902 4422 δί
2934 4370 3224 4436 διφθόγγῳ

644 4438 1117 4503 παραληγόμενον
1153 4438 1241 4491 ὅτι
1279 4440 1353 4505 μὴ
1393 4439 1568 4503 μόνον
1601 4439 1673 4491 τὸ
1708 4440 1911 4491 κοῖλος.
1969 4437 2252 4503 ἀνάλογον
2288 4438 2391 4491 οὖν
2428 4438 2540 4492 έςτι
2575 4439 2977 4506 τριςυλλαβοθν
3013 4438 3102 4490 καὶ
3138 4440 3225 4490 λε-

640 4505 887 4570 γόμενον
923 4506 1127 4560 κόῑλος.
1199 4507 1498 4574 μεμίμηται
1532 4507 1639 4573 γὰρ
1672 4507 1744 4559 τὸ
1779 4504 2024 4572 αἷγιλος,
2064 4507 2319 4573 μύτιλος,
2366 4507 2625 4573 πύτιλος,
2657 4504 2951 4572 νύκτιλος,
2987 4507 3133 4557 unde
3169 4507 3225 4557 in

640 4574 748 4624 fine
774 4577 1005 4642 apposui
1028 4575 1393 4641 ςεςημείωται
1419 4583 1538 4639 etc„
1565 4592 1684 4628 oum
1712 4574 1985 4627 Νύκτιλος
2009 4576 2442 4643 componendum
2467 4592 2590 4628 esse
2610 4574 2833 4628 Τάξιλοι
2856 4592 2947 4642 ap.
2967 4575 3221 4626 Eustath.

643 4643 713 4692 ad
750 4644 980 4707 Dionys,
1020 4647 1145 4694 1141
1185 4644 1498 4710 suspicatur
1533 4644 1777 4695 Lobeck.
1812 4644 1882 4698 ef.
1922 4645 1989 4695 de
2027 4645 2116 4697 his
2151 4646 2288 4696 Lob.
2323 4645 2491 4696 Proll.
2529 4646 2626 4695 116
2661 4660 2815 4711 seqq.
2852 4649 2911 4695 et
2945 4643 3119 4694 Lehrs
3154 4642 3223 4693 ad

644 4712 794 4765 Mon.
830 4711 866 4762 1.
902 4710 939 4763 1.
1098 4712 1135 4761 l.
1172 4712 1235 4762 18
1271 4728 1369 4779 pro
1404 4710 1471 4763 οὗ
1510 4709 1886 4776 προκατάρχει
1923 4712 2231 4777 ςύμφωνον
2268 4727 2389 4762 oum
2426 4711 2726 4764 Schmidtio
2763 4713 2981 4778 scripsi:
3019 4708 3052 4762 ὃ
3089 4725 3222 4775 προ·

643 4776 904 4843 κατάρχει
940 4807 1005 4815 -
1043 4778 1251 4830 ὄντων.
1455 4779 1491 4831 l.
1528 4783 1595 4831 20
1640 4778 1853 4842 ἔςβιλος
1897 4786 2087 4833 tuetur
2122 4780 2382 4833 Schmidt.
2429 4781 2498 4831 ad
2534 4780 2771 4846 Hesych.
2817 4779 2908 4844 ἐςβ
2950 4792 3043 4830 νες
3088 4778 3219 4845 (leg.

642 4844 875 4909 ἐςβιλος)
913 4847 1188 4913 ποτηρίου
1225 4845 1374 4899 εἶδος
1412 4846 1613 4913 (παρὰ)
1650 4847 2044 4915 Ταραντίνοις,
2081 4849 2403 4901 Lobeckius
2437 4848 2753 4900 mendosum
2798 4855 2853 4900 et
2888 4862 2914 4899 ς
2948 4848 3093 4899 ςιλος
3129 4847 3220 4897 vel

642 4911 920 4966 εῖςπνιλος
960 4916 1400 4967 substituendum
1436 4916 1663 4967 iudicat.
1700 4944 1764 4952 —-
1800 4918 1858 4966 in
1901 4916 2009 4969 fine
2046 4916 2239 4968 addidi
2277 4914 2707 4983 ἐπιφερομένων
2743 4945 2808 4953 -—
2844 4915 2908 4967 ἐν
2952 4914 3219 4983 ςυλλήψει
