3664 5546
1541 452 1952 501 PRAEFATIO.
2134 411 2143 422 *
2867 456 3033 504 Lxlx

462 606 827 671 Havniensi
876 606 1038 672 1965
1082 606 1440 693 descripta,
1486 629 1570 671 ex
1615 628 1741 693 quo
1784 630 1994 694 nuper
2034 607 2480 693 Herodianum
2525 611 2670 689 περὶ
2713 613 3035 691 μονήρουε

464 709 694 776 λέξεως
749 707 958 790 edidi,
1025 709 1105 775 O.
1149 709 1237 773 D.
1282 708 1532 775 Bloehii
1602 710 1926 774 amicitiae
1984 709 2209 775 debeo.
2309 710 2471 775 Eius
2532 710 2683 775 libri
2738 712 2863 776 duo
2921 713 3032 780 alii

461 818 900 874 memorantur
930 809 1235 893 Codices,
1284 810 1448 875 alter
1478 811 1899 876 Taurinensis
1946 811 2009 897 (Ι
2051 812 2161 898 25)
2207 813 2384 898 apud
2425 813 2756 878 Pasinium
2800 813 2929 878 vol.
2961 814 3032 880 II

459 936 525 998 p.
569 911 726 993 375,
773 911 944 999 quod
989 921 1297 997 quattuor
1346 913 1733 998 paginarum
1786 913 2228 998 fragmentum
2272 924 2396 996 est,
2453 914 2813 980 Vaticanus
2870 915 3033 980 alter

460 1014 717 1101 (1766),
763 1014 830 1079 in
875 1014 1231 1102 Anecdotis
1275 1015 1569 1080 Bekkeri
1613 1014 1740 1080 vol.
1786 1014 1894 1080 111
1939 1039 2002 1101 p.
2052 1014 2236 1080 1352.
2303 1015 2660 1081 Vaticanus
2706 1027 2779 1081 ut
2822 1029 2920 1084 est
2962 1021 3029 1084 in

462 1116 589 1181 fine
632 1115 936 1198 mutilus,
981 1119 1076 1181 ita
1118 1116 1263 1182 aliis
1306 1119 1371 1183 in
1417 1116 1574 1182 locis
1619 1115 2000 1203 locupletior
2043 1116 2406 1183 Havniensi
2450 1141 2591 1183 esse
2634 1119 2914 1200 videtur,
2956 1132 3029 1187 ut

457 1221 528 1283 in
569 1242 695 1304 quo
719 1205 985 1282 'nullum
1030 1222 1311 1306 supersit
1353 1220 1699 1305 vestigium
1730 1218 1856 1284 loci
1899 1242 1939 1284 a
1968 1219 2275 1284 Bekkero
2318 1222 2634 1307 appositi,
2683 1224 2746 1289 οἱ
2788 1224 3026 1290 ἰδιῶται

457 1326 570 1400 τῆς
614 1325 677 1386 (ῖι
716 1322 1071 1403 διφθόγγου
1114 1324 1189 1388 τὸ
1234 1326 1256 1387 ἰ
1299 1323 1442 1387 κατ’
1487 1322 1687 1402 ἰδικὴν
1735 1324 2049 1403 ευλλαβὴν
2094 1324 2573 1404 προφερόμενοι
2619 1327 2771 1406 φαεὶ
2815 1330 3025 1407 βαβαῖ·

460 1423 540 1489 οὐ
584 1428 683 1489 δεῖ
726 1425 827 1507 δέ,
873 1423 1038 1489 ἀλλὰ
1083 1426 1467 1505 διευλλάβωε
1513 1425 1692 1505 βαβαί
1736 1425 2139 1504 θαυμάζοντά
2182 1446 2240 1489 τι
2284 1426 2323 1503 ἢ
2369 1425 2755 1492 ἐπαινοῦντα
2799 1430 3024 1505 λέγειν.

624 1525 729 1589 De
794 1527 1270 1612 epitomatoriS,
1342 1526 1455 1613 qui
1520 1524 1847 1590 Arcadius
1920 1523 2027 1590 vel
2094 1525 2498 1590 Theodosius
2576 1528 2845 1612 dicitur,
2916 1554 3024 1595 no-

457 1630 630 1692 mine
688 1638 755 1691 et
805 1629 1061 1712 ingenio
1116 1627 1321 1715 deque
1367 1627 1662 1713 partibus
1705 1626 1859 1692 libri
1902 1627 2007 1692 vel
2054 1628 2269 1693 dubiis
2314 1627 2422 1693 v'el
2477 1632 2912 1715 suppositiciis
2957 1634 3023 1697 in

453 1730 664 1818 capite
710 1728 791 1793 de
836 1728 1124 1795 fontibus
1182 1730 1515 1795 doctrinae
1559 1728 1972 1794 Herodianae
2028 1730 2341 1794 disseram
2395 1731 2639 1815 pariter
2693 1742 2887 1819 atque
2942 1734 3023 1798 de

454 1830 700 1895 Ioanne
744 1828 1192 1896 Alexandrino
1249 1840 1313 1896 et
1357 1830 1685 1917 Stephano
1729 1832 2088 1917 ByzantiO,
2146 1834 2257 1919 qui
2312 1835 2540 1897 tertius
2596 1833 2742 1898 fons
2790 1834 3022 1899 Catho-

454 1932 616 1998 licae
660 1931 1033 2020 principalis
1080 1940 1197 1999 est.
1289 1932 1575 1997 Textum
1619 1932 1888 1997 exhibui
1944 1955 2027 1997 ex
2082 1936 2452 1999 recensione
2495 1934 2805 1999 Meinekii
2853 1937 3020 2020 (Ste-

453 2035 651 2120 phahi
694 2035 996 2119 Byzantii
1027 2033 1449 2100 Etlinicorum
1493 2034 1828 2121 reliquiae.
1887 2044 2099 2099 tomus
2130 2038 2326 2122 prior.
2383 2035 2670 2101 Berolini
2713 2036 3021 2123 impensis

453 2135 539 2202 G.
569 2136 853 2201 Reimeri
900 2136 1126 2223 1849),
1173 2159 1213 2200 a
1256 2159 1386 2223 qua
1429 2159 1556 2201 non
1599 2139 1840 2202 recessi
1884 2139 2008 2201 nisi
2051 2140 2326 2223 receptis
2374 2137 2763 2224 quibusdam
2810 2162 3018 2204 emen-

453 2237 821 2304 dationibus
867 2237 1135 2302 editoris
1180 2235 1555 2320 clarissimi,
1601 2260 1763 2325 quas
1807 2241 2106 2326 quamvis
2137 2242 2395 2325 egregie
2441 2242 2773 2326 scriptoris
2815 2242 3022 2307 verba

450 2341 859 2405 restituentes
902 2341 971 2403 in
1014 2349 1199 2405 textu
1242 2362 1481 2426 ponere
1526 2338 1886 2424 dubitavit,
1947 2352 2013 2406 et
2065 2343 2405 2428 perpaucis
2461 2344 2641 2406 meis.
2731 2342 3018 2423 Quartus

452 2443 594 2507 fons
659 2440 1030 2506 Catholicae
1097 2452 1196 2506 est
1247 2442 1697 2527 Theognostus
1760 2443 1848 2508 ab
1905 2443 1959 2507 I.
2017 2444 2099 2507 A.
2159 2443 2464 2509 Cramero
2530 2446 2597 2508 in
2653 2445 3016 2510 Anecdoto-

449 2565 594 2608 rum
648 2542 1046 2609 Graecorum
1102 2544 1569 2610 Oxoniensium
1624 2543 1753 2609 vol.
1800 2545 1873 2609 ΙΙ
1917 2545 2186 2631 (Oxonii
2236 2545 2426 2628 1835)
2481 2568 2565 2609 ex
2618 2545 2838 2611 codice
2893 2547 3016 2612 Ba-

447 2646 745 2710 rocciano
798 2647 885 2712 50
948 2646 1179 2711 editus.
1288 2646 1410 2710 His
1475 2646 1765 2712 fontibus
1821 2648 2145 2733 primariis
2189 2645 2530 2718 faccedunt
2584 2646 3017 2715 Choerobosci

448 2747 715 2814 Dictata
758 2757 822 2812 et
850 2748 1267 2835 Epimerismi
1310 2749 1378 2814 in
1406 2746 1698 2814 Psalmos
1745 2748 1922 2814 edita
1964 2748 2172 2814 tribus
2216 2747 2651 2814 voluminibus
2696 2772 2736 2814 a
2767 2750 3019 2816 Thoma

448 2850 822 2917 Gaisfordio
872 2850 1110 2916 Oxonii
1167 2850 1360 2932 1842,
1428 2851 1720 2916 eiusdem
1762 2853 2198 2933 Ὀρθογραφία
2252 2852 2427 2917 edita
2480 2852 2544 2916 in
2596 2851 2842 2917 Anecd.
2887 2853 3014 2918 Ox.

448 2951 519 3016 II
571 2952 723 3017 inde
778 2975 820 3016 a
870 2975 934 3039 p.
980 2954 1098 3018 167
1156 2963 1220 3017 et
1274 2954 1786 3039 scriptumuepi
1842 2955 2195 3033 ποεότητοε
2247 2951 2406 3018 ibid.
2464 2952 2615 3017 inde
2669 2976 2709 3017 a
2757 2978 2819 3040 p.
2867 2954 3013 3037 283,

447 3053 777 3120 Eustathii
819 3055 1267 3120 commentarii
1311 3055 1395 3120 ad
1440 3056 1791 3121 Homerum
1851 3066 1915 3120 et
1956 3055 2346 3140 Dionysium
2390 3056 2801 3139 Periegeten,
2861 3056 3015 3143 Epi-

444 3157 731 3221 merismi
774 3157 1107 3221 Homerici
1148 3157 1216 3220 in
1260 3157 1508 3223 Anecd.
1557 3158 1682 3224 Ox.
1732 3157 1834 3239 II,
1883 3154 2140 3222 Scholia
2183 3156 2267 3221 ad
2312 3157 2700 3242 Dionysium
2742 3159 2810 3221 in
2841 3157 3011 3223 Bek-

445 3257 592 3323 keri
623 3257 1014 3340 AnecdotiS,
1061 3261 1317 3324 omnino
1363 3261 1580 3325 omnia
1621 3261 1863 3346 scripta
1906 3260 2358 3343 grammatica,
2400 3280 2566 3345 quae
2610 3260 2677 3323 in
2724 3259 3015 3325 Crameri

445 3358 803 3425 Anecdotis
848 3359 1328 3426 Oxoniensibus
1373 3371 1438 3425 et
1479 3361 1956 3426 Parisiensibus
2014 3371 2077 3425 et
2122 3360 2417 3425 Bekkeri
2462 3360 2818 3426 Anecdotis
2865 3384 3012 3426 con-

445 3464 760 3544 tinentur,
817 3461 1273 3548 Etymologica
1325 3463 1636 3549 Magnum
1700 3474 1765 3528 et
1819 3464 2194 3528 Gudianum
2252 3462 2431 3546 (nam
2485 3462 2702 3547 Etym.
2753 3463 3011 3527 Orionis

441 3586 768 3650 perpauca
810 3563 895 3629 ad
938 3564 1304 3651 prosodiam
1348 3566 1738 3650 pertinentia
1779 3565 2114 3651 praebet),
2161 3563 2419 3629 Scholia
2462 3563 2546 3628 ad
2599 3564 2815 3629 varios
2861 3567 3013 3629 scri-

442 3675 664 3753 ptores
693 3666 1000 3732 Graeeos.
1023 3704 1107 3713 —-
1130 3667 1768 3731 Praestantissimum
1799 3676 2016 3730 autem
2047 3665 2408 3730 subsidium
2437 3665 2521 3729 ad
2550 3665 3014 3747 restituendam

442 3766 846 3832 Catholicam
890 3778 1040 3832 sunt
1082 3770 1325 3854 scripta
1353 3767 1712 3832 Herodiani
1756 3769 1980 3851 ipsius.
2043 3768 2211 3831 Nam
2256 3790 2455 3853 quum
2485 3765 2823 3832 Catholica
2863 3790 3011 3832 cum

441 3868 738 3935 omnibus
789 3872 1241 3954 grammatices
1289 3870 1584 3956 partibus
1638 3870 2000 3934 arctissimo
2052 3868 2311 3933 vinculo
2361 3869 2704 3934 cohaereat
2759 3879 2822 3933 et
2865 3890 3011 3933 con·

440 3980 575 4036 stet
600 3970 776 4036 idem
804 3969 977 4057 quod
1005 3973 1074 4036 in
1104 3971 1248 4035 aliis
1283 3972 1572 4057 scriptis,
1617 3973 1814 4036 etiam
1844 3972 1914 4035 in
1946 3969 2277 4035 Catholica
2307 3969 2615 4035 traditum
2655 3992 2829 4052 esse,
2865 3993 3009 4034 con-

440 4074 733 4158 sequitur
772 4071 1040 4138 lacunas
1071 4095 1231 4160 quas
1262 4066 1758 4159 epitomatorum
1787 4070 1980 4158 culpa
2010 4071 2346 4138 Catholica
2389 4073 2635 4154 hausit,
2681 4073 3010 4157 aptissime

439 4173 690 4259 expleri
733 4197 920 4260 posse
977 4197 1060 4240 ex
1113 4173 1377 4261 reliquis
1434 4176 1711 4261 scriptis.
1804 4174 2024 4254 Quare
2080 4184 2144 4238 et
2197 4175 2564 4259 fragmenta
2616 4171 3008 4258 reliquorum

440 4277 863 4361 scriptorum,
921 4299 1087 4362 quae
1138 4277 1278 4363 ipse
1337 4274 1601 4362 collegi,
1659 4277 2036 4362 saepissime
2093 4274 2392 4356 adhibui,
2449 4276 2735 4339 maximo
2793 4284 3010 4339 autem

437 4379 589 4442 usui
646 4377 910 4445 fuerunt
965 4380 1206 4464 scripta
1261 4378 1388 4443 tria
1440 4400 1480 4441 a
1521 4376 1793 4442 Lehrsio
1841 4377 2265 4461 (Regimontii
2320 4377 2747 4442 Borussorum
2805 4376 2998 4461 1848)

439 4478 642 4561 edita,
686 4501 805 4565 per
848 4502 1011 4565 quae
1057 4479 1313 4543 demum
1360 4479 1609 4544 aditum
1652 4478 1739 4544 ad
1778 4480 2242 4545 accuratiorem
2284 4479 2730 4543 Herodianeae
2775 4479 3006 4543 doctri-

438 4602 561 4645 nae
603 4583 1034 4666 cognitionem
1079 4580 1474 4667 patefactum
1518 4603 1661 4645 esse
1705 4602 1893 4645 nemo
1937 4580 2341 4645 infitiabitur.

604 4683 726 4746 His
775 4683 1072 4748 omnibus
1117 4683 1409 4748 fontibus
1454 4682 1716 4746 assidua
1744 4680 2021 4747 lectione
2067 4693 2132 4747 et
2162 4681 2457 4768 diligenti
2497 4682 3007 4768 perscrutatione

439 4781 770 4848 exhaustis
812 4793 1082 4849 conatus
1129 4807 1305 4867 sum,
1372 4794 1685 4870 quatenus
1740 4784 1883 4848 fieri
1937 4785 2174 4869 potuit,
2231 4783 2589 4850 Herodiani
2632 4783 3008 4849 Prosodiam

440 4882 837 4949 Catholicam
911 4887 1250 4951 restituere
1316 4896 1509 4973 atque
1586 4907 1971 4973 quamquam
2035 4888 2290 4952 omnino
2365 4884 2840 4975 desperandum
2912 4897 3011 4953 est
