3664 5546
550 267 678 332 354
1486 268 1567 323 ΕΙ(
1606 268 1745 322 ΤΩΝ
1787 268 2191 324 ΗΡΩΔΙΑΝΟΥ

718 438 812 501 Τὰ
856 436 944 501 εἰς
993 441 1018 501 ῑ
1064 440 1385 517 μονογενῆ
1431 438 1593 516 ὑπὲρ
1638 438 1784 518 μίαν
1829 440 2149 518 ςυλλαβὴν
2196 436 2565 517 βαρύνεται,
2620 436 2820 514 μέλι·
2879 435 3023 514 δίχα
3067 436 3139 499 δὲ

549 539 789 604 τούτου
859 540 963 602 καὶ
1016 544 1147 604 τῶν
1214 539 1364 618 παρ’
1418 540 1620 603 αὐτοῦ
1676 541 2108 606 ςυντεθέντων
2174 540 2545 620 ἀπόμελι,
2603 537 2956 618 ὀξόμελι,
3014 539 3138 602 εὐ-

548 640 1003 721 κρατόμελι,
1061 641 1414 719 οἰνόμελι
1472 642 1572 704 καὶ
1627 645 1745 704 τοῦ
1801 641 2291 720 μονοςυλλάβου
2355 640 2421 704 τί
2489 640 2683 704 οὐδέν
2749 639 2873 704 ἐςτι
2929 637 3140 720 ὄνομα

549 742 897 820 οὐδέτερον
951 739 1318 819 Ἑλληνικὸν
1375 740 1633 807 ἀπαθές.
1721 744 1797 807 τὸ
1854 744 1977 820 γὰρ
2033 743 2190 807 κίκι
2246 740 2423 806 εἶδος
2478 741 2698 805 ἐλαίου
2751 742 2902 820 παρ’
2950 741 3137 817 Αἰγυ-

479 850 512 900 5
547 842 785 924 πτίοις,
829 843 1009 921 κόμι
1054 844 1129 907 τὸ
1175 842 1496 925 κομίδιον,
1540 844 1856 926 πέπερι,
1902 845 2346 926 κιννάβαρι,
2407 843 2570 920 ὅπερ
2616 843 2884 907 Ἀττικοὶ
2924 844 3135 919 τιγγά-

550 947 741 1026 βαρυ,
787 944 1078 1025 ςίνηπι,
1124 947 1379 1026 κοῖφι,
1426 945 1642 1023 ςτάχι
1690 944 1955 1023 ςύνηθες
1997 944 2382 1026 Αἰγυπτίοις,
2427 945 2589 1023 ὅπερ
2635 945 2916 1024 ςημαίνει
2961 943 3138 1009 εἶδος

547 1048 829 1126 πυρροῦ,
874 1045 1164 1126 ςτίμμι,
1222 1044 1384 1123 ὅπερ
1427 1049 1724 1122 γυναῖκες
1777 1047 1935 1110 κατὰ
1978 1048 2132 1111 τοὺς
2178 1046 2557 1126 ὀφθαλμοὺς
2600 1045 2918 1126 χρίονται,
2975 1047 3137 1125 ὅπερ

548 1146 618 1210 ἐν
663 1152 741 1230 τῇ
787 1145 1081 1230 ςυνηθείᾳ
1127 1149 1326 1225 λαχᾶς
1369 1149 1684 1229 καλεῖται,
1740 1147 1910 1225 κόρι
1956 1149 2031 1212 τὸ
2076 1148 2411 1228 κορίανον,
2467 1147 2782 1229 τάγυρι,
2828 1148 3135 1229 χνάςμι,

548 1246 752 1329 κάρι,
799 1247 1038 1312 ςίςελι
1085 1247 1207 1325 οὐχ
1252 1246 1612 1330 Ἑλληνικά,
1667 1249 1819 1316 ξένα
1863 1249 1951 1312 δέ.
2036 1250 2113 1313 τὸ
2170 1250 2241 1313 δὲ
2285 1248 2521 1328 τρόφι
2575 1246 2707 1312 ἀπὸ
2751 1252 2870 1312 τοῦ
2913 1249 3135 1328 τρόφι-

449 1355 513 1404 10
551 1369 675 1426 μον
719 1349 953 1424 γέγονε
997 1349 1146 1413 κατ’
1189 1339 1669 1426 ἀποκοπήνὼς
1713 1349 1846 1413 ἀπὸ
1889 1353 2007 1414 τοῦ
2051 1350 2317 1428 κρίμνου
2359 1350 2436 1413 τὸ
2480 1352 2635 1432 κρῖ,
2689 1349 2992 1415 ώςαύτως
3034 1352 3136 1413 καὶ

545 1449 735 1530 ἄλφι
780 1448 912 1515 ἀπὸ
956 1453 1074 1514 τοῦ
1118 1449 1393 1529 ἄλφιτον
1438 1451 1540 1514 καὶ
1582 1451 1659 1515 τὸ
1711 1451 1832 1529 ἔρι
1877 1449 2008 1516 ἀπὸ
2052 1454 2170 1515 τοῦ
2216 1450 2412 1528 ἔριον.
2934 1453 2953 1462 ’

716 1551 809 1616 Τὰ
854 1553 926 1615 δὲ
973 1550 1062 1615 εἰς
1104 1555 1136 1614 ἶ
1182 1550 1498 1616 έπιθετικὰ
1543 1550 1849 1631 ὁμοτονεῖ
1898 1555 2038 1617 τοῖς
2082 1551 2468 1633 ἀρςενικοῖς,
2524 1552 2935 1630 λειπόπατρις
2980 1555 3135 1616 λει-

546 1652 926 1734 πόπατρι,
984 1652 1349 1732 φυγόπολις
1405 1654 1841 1735 φυγόπολι,
1907 1653 2290 1734 φιλόπατρι(
2355 1653 2816 1736 φιλόπατρι,
2881 1654 3135 1733 εὔχαρι(

549 1752 836 1836 εὔχαρι.
2811 1758 2837 1766 ’

451 1860 513 1936 1-5
719 1854 814 1919 Τὰ
857 1853 946 1920 εἰς
991 1860 1029 1920 ῡ
1074 1854 1605 1935 μονογενῆ,ὑπὲρ
1651 1855 1796 1935 μίαν
1841 1858 2159 1937 ςυλλαβὴν
2206 1856 2573 1940 βαρύνεται,
2628 1857 2851 1938 δόρυ,
2907 1856 3136 1936 γόνυ,

547 1957 767 2037 μέθυ,
814 1956 1085 2039 δάκρυ,
1142 1960 1346 2038 πῶϋ,
1391 1956 1575 2021 ἄςτυ
1618 1992 1704 2002 -—-
1747 1957 1981 2035 ἐκλήθη
2034 1959 2107 2021 δὲ
2163 1956 2348 2039 ἄςτυ,
2407 1959 2499 2022 ὡς
2543 1957 2904 2036 Φιλόχορος
2961 1956 3032 2021 ἐν
3077 1957 3135 2020 α’

419 2090 440 2096 -
544 2060 657 2135 τῆς
703 2057 983 2123 Ἀτθίδος
1043 2058 1189 2122 «διὰ
1244 2059 1320 2122 τὸ
1387 2058 1709 2136 πρότερον
1752 2058 2060 2141 ζνομάδας
2125 2059 2226 2122 καὶ
2293 2060 2619 2137 ςποράδην
2685 2063 2929 2124 Ζῶντας
2989 2059 3133 2122 τότε

546 2160 872 2224 ςυνελθεῖν
917 2161 1020 2224 καὶ
1067 2163 1281 2237 ςτῆναι
1326 2158 1397 2222 ἐκ
1437 2163 1549 2236 τῆς
1603 2160 1853 2238 πλάνης
1910 2158 1998 2223 εἰς
2040 2160 2155 2223 τὰς
2212 2160 2430 2224 κοινὰς
2484 2160 2784 2242 οἰκήςεις,
2843 2162 2995 2225 ὅθεν
3052 2160 3132 2224 οὐ

546 2261 1080 2339 μετανεςτήκαςιν.
1150 2260 1471 2338 Ἀθηναῖοι
1517 2262 1589 2324 δὲ
1631 2265 1878 2338 πρῶτοι
1914 2263 2046 2325 τῶν
2079 2260 2297 2324 ἄλλων
2344 2259 2497 2339 ἄςτη
2556 2262 2661 2325 καὶ
2704 2264 2923 2325 πόλεις
2970 2263 3132 2343 ᾤκηψ

442 2367 514 2418 20
548 2381 662 2425 ςαν
678 2387 722 2424 ».
812 2361 1059 2437 λέγεται
1105 2361 1256 2426 ἄςτυ
1312 2362 1415 2425 καὶ
1467 2361 1505 2424 ὁ
1552 2364 1782 2443 δῆμος,
1842 2361 1932 2425 ὥς
1977 2361 2423 2441 Ἐρατοςθένης
2479 2361 2549 2426 ἐν
2596 2362 2896 2445 Ἠριγόνῃ
2954 2362 3133 2441 «fi‘b'

547 2461 654 2526 ὅτε
700 2463 778 2540 δὴ
825 2462 1102 2541 Θορικοῦ
1146 2463 1346 2527 καλὸν
1387 2461 1606 2527 ἵκανεν
1652 2461 1800 2526 ἕδος
1832 2512 1846 2526 .
1878 2511 1892 2525 .
1926 2511 1938 2525 .
1970 2468 2025 2524 .'»
2084 2461 2180 2525 ὅτι
2227 2463 2298 2525 δὲ
2344 2465 2542 2541 δῆμος
2588 2462 2860 2541 Θορικός
2911 2467 3129 2541 δῆλον.

546 2562 670 2626 ἔςτι
714 2565 817 2627 καὶ
860 2564 1037 2644 κώμη
1082 2563 1347 2642 πληςίον
1391 2563 1698 2642 Κανώβου
1754 2563 1931 2641 παρὰ
1984 2564 2099 2641 τὴν
2146 2563 2624 2642 Ἀλεξάνδρειαν
2669 2600 2756 2610 ——-
2809 2553 3012 2629 νᾶπυ
3055 2565 3131 2628 τὸ

546 2663 782 2747 ςίνηπι,
863 2665 1133 2750 κόνδυ,
1214 2664 1485 2744 κάχρυ,
1552 2666 1738 2744 φῖτυ
1803 2665 1880 2729 τὸ
1945 2664 2214 2746 φίτυμα,
2281 2666 2521 2747 μῶλυ,
2599 2668 2873 2756 τρῆνυ,
2941 2665 3131 2744 ἄςχυ

543 2764 876 2846 ἀπόρευμα
920 2767 1212 2846 δένδρου.
1282 2767 1358 2830 τὸ
1405 2766 1476 2829 δὲ
1517 2763 1717 2829 Αἶπυ
1762 2764 1949 2830 πόλις
1982 2765 2333 2844 Μεςςηνίας
2379 2767 2521 2830 «καὶ
2552 2765 2771 2845 Θρύον
2803 2767 3131 2847 Ἀλφειοῖο

443 2877 508 2925 25
543 2868 753 2946 πόρον
813 2870 916 2933 καὶ
969 2869 1254 2933 ἐΰκτιτον
1308 2865 1515 2931 Αἶπυ»
1574 2867 1651 2948 (Β
1694 2865 1850 2946 592)
1907 2866 2038 2932 ἀπὸ
2104 2871 2214 2945 τῆς
2269 2868 2693 2947 ἐρυμνότητος
2750 2869 3131 2949 καλουμένη,

545 2967 909 3049 ἀμφίβολόν
956 2970 1139 3036 ἐςτιν.
1206 2968 1607 3047 Ἀρίςταρχος
1648 2967 1772 3045 γὰρ
1819 2967 1910 3034 ὡς
1956 2968 2102 3051 ὀξύ,
2148 2969 2651 3044 ςυγκατατίθεται
2698 2972 2769 3034 δὲ
2814 2969 2987 3054 αὐτῷ
3030 2972 3133 3034 καὶ

543 3224 648 3274 τοῦ
686 3220 934 3288 κάρηνον
969 3228 1200 3285 utroque
1235 3220 1357 3272 loco
1394 3224 1696 3283 servatam,
1735 3238 1900 3287 quam
1935 3222 2253 3288 comprobat
2289 3226 2455 3274 etiam
2496 3224 2689 3274 Choer.
2726 3225 2842 3285 515,
2885 3225 2961 3273 18.

547 3292 584 3341 l.
625 3293 650 3341 1
689 3288 814 3354 δίχα
858 3289 919 3341 δὲ
954 3288 1163 3341 τούτου
1201 3315 1263 3325 --
1304 3290 1339 3339 l.
1378 3292 1409 3340 9
1455 3287 1586 3341 ξένα
1628 3289 1690 3340 δέ
1734 3292 1975 3356 prompsi
2021 3307 2088 3340 ex
2134 3292 2390 3343 Eustath.
2427 3292 2552 3353 846,
2589 3294 2620 3342 8
2668 3290 2971 3356 ἀποκοπὴν
3017 3290 3130 3355 ἔχει

543 3357 613 3409 τὸ
648 3357 820 3424 τρόφι
855 3356 981 3409 ἀντὶ
1016 3359 1119 3407 τοῦ
1157 3354 1259 3420 τρό
1310 3370 1436 3419 ιμον
1473 3356 1551 3407 ὡς
1587 3354 1703 3408 ἀπὸ
1738 3360 1843 3407 τοῦ
1870 3355 2102 3422 κρίμνου
2136 3357 2207 3409 τὸ
2245 3362 2346 3423 κρῖ.
2382 3357 2571 3410 ἄλλως
2605 3357 2710 3423 γὰρ
2746 3357 2914 3409 οὐδέν
2951 3359 3128 3421 ὄνομα
3178 3408 3187 3416 ,

545 3424 848 3490 οὐδέτερον
886 3424 1210 3489 Ἑλληνικὸν
1247 3438 1271 3474 ε
1298 3438 1325 3475 ς
1361 3428 1394 3475 ῖ
1431 3423 1591 3488 λήγει
1626 3422 1749 3488 δίχα
1784 3427 1887 3475 τοῦ
1927 3424 2049 3488 μέλι
2084 3425 2175 3475 καὶ
2199 3429 2303 3477 τοῦ
2340 3424 2411 3476 τί.
2459 3425 2779 3491 πρόςκειται
2805 3425 3129 3491 Ἑλληνικὸν

544 3492 633 3544 διὰ
667 3492 737 3544 τὸ
775 3492 978 3557 πέπερι
1013 3491 1104 3543 καὶ
1139 3490 1209 3542 τὸ
1246 3489 1432 3556 ςίνηπι
1468 3491 1558 3542 καὶ
1593 3492 1663 3544 τὸ
1702 3492 1869 3556 κόμμι
1906 3493 1996 3543 καὶ
2032 3492 2102 3543 τὸ
2127 3497 2304 3557 κοῖφι·
2339 3496 2514 3545 τοῦτο
2550 3494 2655 3559 γὰρ
2689 3493 2794 3556 οὐχ
2820 3493 3126 3558 Ἑλληνικά,

545 3559 675 3613 ξένα
710 3559 799 3624 δέ,
838 3560 916 3611 ὥς
952 3574 1127 3624 φαςιν·
1164 3556 1216 3609 οἱ
1262 3556 1515 3622 παλαιοί,
1565 3575 1671 3624 quo
1717 3562 1935 3611 nomine
1984 3561 2071 3610 hic
2114 3561 2413 3625 significari
2458 3562 2835 3611 Herodianum
2881 3562 3128 3612 ostendit

543 3629 814 3683 Priscian.
864 3628 941 3680 VI
990 3631 1050 3678 13
1096 3629 1311 3695 p2205.
1361 3630 1419 3677 8:
1476 3627 1825 3679 Herodianus
1871 3630 2074 3693 gummi
2119 3644 2334 3694 quoque
2380 3634 2438 3680 et
2522 3631 2673 3695 eperi
2717 3630 2956 3679 barbara
3002 3645 3125 3679 esse

545 3695 711 3758 ‹licit3
750 3697 1003 3760 congruit
1039 3694 1231 3745 Chocr.
1271 3697 1372 3745 373
1408 3709 1587 3759 seqq„
1626 3696 1771 3746 unde
1809 3697 1977 3745 etiam
2015 3699 2318 3760 composita
2365 3713 2398 3747 a
2435 3712 2471 3759 μ
2505 3697 2556 3748 λι
2594 3696 2790 3747 adieci.
2858 3697 3127 3747 Arcadius

547 3768 766 3827 praeter
819 3762 940 3826 μέλι
986 3763 1154 3813 habet
1199 3758 1332 3825 κίκι,
1380 3763 1472 3811 cui
1518 3762 1661 3826 παρ’
1705 3760 2026 3825 Αἰγυπτίοις
2071 3763 2263 3813 addidi
2317 3781 2383 3814 ex
2429 3765 2651 3827 choen,
2700 3762 2853 3826 κόμι,
2901 3763 3122 3828 πέπερι,

548 3828 855 3895 κιννάβαρι,
896 3830 1039 3897 quod
1076 3830 1293 3894 explevi
1331 3846 1398 3879 ex
1433 3828 1679 3895 Theogn.
1711 3832 1823 3892 120,
1860 3834 1943 3893 29,
1981 3828 2182 3894 ςίνηπι.
2217 3859 2284 3867 —-
2322 3835 2474 3895 κοῖφι
2498 3835 2733 3897 apposui
2758 3848 2826 3881 ex
2849 3832 3127 3894 Eustatb„

546 3895 702 3960 ςτάχι
746 3914 812 3948 ex
857 3899 1105 3963 Theogn.
1159 3904 1216 3948 et
1263 3897 1460 3947 Choer.
1513 3897 1849 3948 Schmidtius
1905 3898 1975 3948 ad
2030 3899 2275 3963 Hesych.
2332 3899 2630 3963 παχήμρον
2685 3901 2742 3949 in
2785 3898 3128 3964 Theoguosti

547 3982 599 4030 p.
638 3969 721 4030 79,
758 3969 789 4017 5
825 3967 1032 4019 verbis:
1072 3964 1185 4015 ἔςτι
1220 3963 1282 4015 δὲ
1319 3962 1556 4029 ἐρυθρὸν
1600 3963 1715 4016 ἀπὸ
1753 3964 1993 4016 πλίνθου
2027 3966 2504 4032 λελεπτυςμένης,
2552 3966 2584 4016 ὃ
2622 3964 2764 4029 μετὰ
2798 3964 2985 4029 γύψου
3022 3982 3125 4030 φυ-
3215 4015 3223 4019 .

545 4032 716 4097 ραθὲν
753 4033 842 4085 καὶ
880 4031 1097 4099 χριςθὲν
1134 4030 1347 4083 εὐθέως
1384 4031 1662 4095 πήγνυται
1708 4034 1766 4082 in
1812 4032 2093 4096 πήγνυται
2138 4035 2384 4099 ineptam
2430 4036 2822 4086 Graeculorum
2868 4034 3122 4098 etymolo-

546 4102 691 4165 giam
729 4106 970 4167 corrupti
1013 4099 1271 4152 vocabuli
1308 4101 1579 4150 contineri
1624 4101 1940 4166 suspicatur
1983 4107 2148 4165 atque
2186 4099 2319 4165 πάχι
2366 4102 2713 4152 scribendum
2760 4117 2882 4151 esse
2930 4107 3120 4167 putare

545 4169 779 4220 videtur.
817 4197 883 4206 —
921 4166 1104 4232 ςτίμμι
1151 4184 1217 4218 ex
1254 4167 1470 4231 choen,
1518 4166 1640 4233 κόρι
1675 4195 1741 4204 —
1778 4165 1944 4220 ςίςελι
1989 4183 2056 4218 ex
2100 4168 2346 4234 Theogn.
2397 4169 2738 4231 (Lobeckins
2772 4170 2979 4220 Pax-all.
3025 4172 3125 4219 200

542 4252 642 4300 pro
677 4234 900 4301 χνάςμι,
939 4234 1062 4301 κάρι
1098 4236 1264 4286 scribi
1309 4235 1429 4286 vult
1471 4234 1672 4287 θλάςπι
1717 4240 1775 4286 et
1819 4234 2021 4301 ἄκαρι).
2090 4234 2261 4300 τρόφι
2308 4237 2527 4303 explevi
2577 4253 2645 4287 ex
2681 4237 2936 4288 Eustath.
2982 4235 3020 4289 l.
3054 4253 3121 4297 c.‚

543 4300 680 4369 ἄλφι
719 4312 774 4354 et
809 4304 890 4369 ἔρι
937 4321 1004 4355 ex
1051 4303 1244 4355 Choer.
1280 4304 1406 4366 375,
1442 4305 1476 4353 4
1520 4304 1720 4355 adieci.
1790 4304 1862 4353 cf.
1909 4306 1997 4354 Cr.
2045 4304 2147 4355 An.
2186 4306 2286 4358 Ox.
2324 4306 2404 4355 IV
2438 4307 2564 4367 338,
2603 4308 2661 4355 6:
2707 4305 2830 4354 τῶν
2874 4303 2954 4355 είς
2990 4308 3022 4354 ἶ
3062 4301 3125 4355 ἓν

544 4370 722 4433 μόνον
756 4370 1317 4437 ἀπαραςχήματιςτον
1351 4368 1420 4420 τὸ
1459 4369 1603 4433 μέλι·
1651 4370 1721 4422 τὸ
1757 4369 1819 4421 δὲ
1855 4370 2024 4436 τρόφι
2070 4371 2205 4422 κατ’
2239 4370 2568 4436 ἀποκοπὴν,
2614 4370 2684 4422 τὸ
2729 4375 2817 4435 κρῖ
2862 4371 2951 4422 καὶ
2988 4371 3125 4435 ἄλφι

543 4437 606 4490 ἐκ
644 4438 884 4504 πάθους,
922 4439 991 4491 τὸ
1028 4437 1215 4506 ςίνηπι
1252 4438 1341 4489 καὶ
1378 4436 1579 4503 πέπερι
1616 4437 1719 4502 οὐχ
1745 4436 2061 4505 ,Ἑλληνικά
2132 4441 2269 4490 Lob.
2308 4440 2393 4493 El.
2432 4441 2488 4491 11
2524 4443 2642 4490 294.
2843 4439 2879 4489 l.
2920 4443 2983 4491 13
3020 4454 3123 4504 φυ-

543 4506 779 4569 γόπολις
816 4537 878 4543 --
918 4506 1107 4572 εὔχαρι
1146 4506 1379 4572 apposui
1421 4522 1491 4556 ex
1530 4507 1723 4558 Choer.
1764 4523 1814 4571 p.
1853 4510 1970 4559 374.
2180 4507 2213 4556 l.
2253 4509 2314 4556 1ss
2361 4505 2499 4557 ἄςτυ
2544 4506 2760 4570 explevi
2806 4522 2875 4556 ex
2922 4509 3001 4558 St.
3040 4509 3124 4570 B„

546 4574 715 4626 κόνδυ
753 4605 814 4611 -
851 4577 1030 4640 τρῆνυ
1095 4576 1238 4641 quod
1277 4579 1592 4638 suspectum
1631 4580 1742 4637 est,
1778 4575 1989 4625 inserui
2026 4590 2090 4625 ex
2129 4573 2374 4639 Tlieogn.
2414 4578 2535 4635 120,
2574 4578 2665 4634 32,
2715 4572 2850 4637 ἄςχυ
2899 4591 2965 4624 cx
3003 4575 3122 4625 eod.

543 4660 593 4709 p.
631 4646 714 4695 79.
752 4670 816 4680 ——
851 4644 886 4693 l.
923 4645 990 4693 24
1027 4614 1179 4695 Ᾰῖπυ
1217 4669 1276 4677 —-
1316 4641 1636 4707 καλουμένη
1674 4659 1738 4692 ex
1778 4641 1858 4693 St.
1886 4645 1949 4697 B.
1990 4658 2031 4694 s,
2058 4658 2135 4705 v.,
2173 4642 2207 4693 1.
2244 4644 2310 4691 26
2345 4638 2662 4705 ἀμφίβολόν
2699 4639 2810 4692 ἐςτι
2848 4657 3020 4707 usque
3056 4643 3124 4692 ad

544 4710 704 4761 finem
747 4713 988 4762 annexui
1033 4728 1100 4761 ex
1139 4711 1199 4760 n.
1237 4712 1390 4761 Pros,
1429 4708 1468 4760 Β
1507 4713 1629 4773 692,
1676 4710 1771 4760 ubi
1818 4715 2109 4775 postquam
2149 4706 2501 4775 Ἀρίςταρχος
2537 4707 2643 4774 γὰρ
2689 4737 2755 4745 -
2804 4709 3123 4775 βαρύνεται,
