3664 5546
1201 364 1360 418 ΠΕΡΙ
1402 362 1794 418 ΚΑΘΟΛΙΚΗΕ
1832 362 2255 417 ΠΡΟΕΩιΔΙΑ(
2295 361 3071 427 1Α.287

488 536 808 613 Ἰλλυριῶν
853 535 1046 613 μοῖρα
1102 530 1369 611 πληςίον
1416 531 1669 611 Ὠρικοῦ
1724 534 1826 596 κάὶ
1874 532 2220 616 Κερκύρας,
2277 534 2342 601 ἐξ
2385 532 2706 613 Ἀβάντων
2759 537 2890 597 τῶν
2942 531 3074 597 ἀπὸ

486 637 717 716 Τροίας
763 634 1209 713 νοςτηςάντων
1242 635 1584 718 ᾡκιςμένη,
1628 635 1788 698 κατὰ
1820 635 2202 715 βαρβαρικὴν
2232 636 2480 713 τροπὴν
2508 638 2626 698 τοῦ
2673 640 2708 714 β
2739 633 2890 698 εἰς“
2857 656 2898 712 μ
2938 634 3073 697 ἑλέ·

484 745 602 818 χθη
647 740 824 817 παρὰ
868 734 1217 819 Ἀντιγόνῳ
1263 735 1333 799 ἐν
1382 735 1787 818 Μακεδονικῇ
1831 736 2211 814 περιηγήςει.
2274 736 2669 815 Καλλίμαχος
2700 735 3072 815 Ἀμαντίνην

485 832 687 918 αὐτήν
732 860 882 920 φηςι
943 838 1034 902 ὡς
1078 835 1426 915 Λεοντίνην
1484 838 1625 901 «καὶ
1670 835 2043 916 Ἀμαντίνην
2100 838 2334 919 ᾤκιςαν
2381 835 2714 914 Ὠρικίην».
2804 837 3072 901 Ἀετία·

486 941 694 1006 οὕτως
738 942 968 1019 ἐκλήθη
1015 939 1052 1016 ἣ
1096 937 1415 1013 Αἴγυπτος
1460 937 1590 1001 ἀπό
1632 958 1808 1002 τινος
1855 938 2056 1003 Ἰνδοῦ
2101 938 2335 1002 Ἀετοῦ.
2403 938 2569 1002 ἀλλὰ
2613 940 2715 1002 καὶ
2759 937 3072 1014 Ὠγυγία
3101 952 3132 1000 5

484 1042 773 1107 ἐκαλεῖτο
831 1045 935 1106 καὶ
977 1042 1403 1122 Ἡφαιςτία.
1490 1039 1711 1103 Αἰλία
1742 1039 1953 1121 Ἴπόλις
1995 1040 2419 1117 Παλαιςτίνης
2476 1040 2514 1118 ή
2559 1039 2756 1104 πάλαι
2812 1040 3071 1117 Ἱεροςό-

486 1147 651 1223 λυμα
695 1143 825 1209 ἀπὸ
870 1144 1086 1209 Αἰλίου
1132 1144 1485 1221 Ἀδριανοῦ.
1547 1141 1949 1219 Ἀκραιφία
1992 1141 2178 1205 πόλις
2226 1140 2546 1205 Βοιωτίας.
2612 1140 2676 1204 οἱ
2718 1143 2790 1205 δὲ
2834 1141 3073 1219 Ἀκραί-

485 1265 673 1327 φιον,
714 1245 1080 1310 Παυςανίας
1124 1247 1195 1308 δ“ε
1241 1243 1332 1327 (9,
1378 1242 1482 1321 23,
1528 1241 1570 1303 5
1613 1250 1679 1304 et
1724 1242 1792 1323 9)
1842 1243 2248 1322 Ἀκραίφνιον
2293 1243 2396 1305 καὶ
2439 1243 2810 1320 οὐδετέρως.
2877 1242 2955 1320 ἦν
3002 1244 3073 1306 δὲ

487 1346 616 1411 ὑπὸ
662 1346 1050 1425 Ἀθάμαντος
1095 1349 1400 1410 κτιςθεῑςα
1444 1344 1481 1420 ἢ
1529 1344 1657 1408 ὑπὸ
1703 1344 2093 1423 Ἀκραιφέως
2137 1348 2255 1408 τοῦ
2300 1344 2725 1407 Ἀπόλλωνος.
2781 1343 3073 1422 Θεόπομ-

485 1468 610 1511 πος
667 1426 755 1511 δὲ’
794 1448 874 1512 τὰ
931 1448 1300 1526 Ἀκραίφνια
1353 1445 1559 1524 φηςίν.
1650 1445 2036 1523 Ἀλμωπία
2090 1445 2271 1523 χώρα
2325 1449 2435 1523 τῆς
2494 1445 2928 1527 Μακεδονίας,
2992 1446 3071 1522 ἢν
3116 1461 3172 1510 10

489 1549 704 1632 ᾤκουν
747 1550 1100 1627 Ἄλμωπες.
1188 1546 1549 1627 Λυκόφρων
1592 1547 1686 1627 (v.
1728 1545 1921 1626 1238)
1967 1546 2076 1610 «ἐκ
2131 1547 2188 1610 δ’
2233 1545 2587 1624 Ἀλμωπίας
2629 1546 3070 1625 παλιμπλανή-

483 1669 601 1728 την
646 1650 890 1714 δέξεται
933 1648 1284 1727 Τυρςηνία»
1344 1649 1489 1725 περὶ
1531 1647 1781 1711 Αἰνείου
1838 1647 2062 1722 λέγων.
2150 1647 2380 1725 ἐκλήθη
2409 1698 2414 1703 ,
2441 1649 2511 1711 δὲ
2556 1647 2688 1710 ἀπὸ
2731 1648 3073 1725 Ἀλμωπος

485 1754 601 1814 τοῦ
630 1751 1045 1816 Ποςειδῶνος
1088 1752 1191 1817 καὶ
1229 1751 1457 1828 Ἕλλης
1499 1754 1609 1826 τῆς
1654 1748 2057 1827 Ἀθάμαντος.
2125 1748 2549 1813 Ἀλωπεκία
2604 1753 2810 1826 νῆςος.
2879 1747 3069 1826 Ετρά-

488 1855 618 1930 βων
663 1851 967 1935 ἑνδεκάτῃ
1011 1853 1104 1935 (p.
1135 1849 1308 1930 493).
1368 1851 1564 1916 Ἀξία
1607 1850 1793 1914 πόλις
1839 1850 2104 1929 Λοκρῶν
2149 1855 2281 1914 τῶν
2327 1850 2643 1931 Ὀζολῶν,
2694 1849 2828 1921 ἀπὸ,
2871 1850 3071 1916 Ἀξίας

484 1954 597 2028 τῆς
642 1953 954 2031 θυγατρὸς
1004 1952 1329 2031 Κλυμένου
1373 1953 1412 2030 ἢ
1457 1956 1573 2014 τοῦ
1617 1953 1847 2015 παιδὸς
1893 1942 2011 2016 τοῦ
2057 1953 2276 2018 Ἀξίου.
2351 1952 2478 2016 ἔςτι
2534 1953 2634 2015 καὶ
2690 1951 2874 2014 πόλις
2921 1951 3068 2013 Ἰτα-
3109 1967 3169 2018 15

486 2052 639 2117 λίας.
689 2053 923 2119 Ἀπία·
971 2053 1178 2118 οὕτως
1221 2051 1284 2117 οἱ
1326 2053 1633 2131 νεώτεροι
1679 2055 1754 2118 τὸ
1797 2053 2048 2131 Ἄργος.
2094 2052 2472 2117 Αἰθιοπία.
2526 2052 2860 2130 Εὐριπίδης
2906 2052 3069 2131 Ἐρε-

484 2158 624 2232 χθεῑ
698 2155 1067 2228 «Αἰθιοπίαν
1136 2174 1239 2219 νιν
1313 2154 1566 2221 ἑξέςως’
1633 2154 1738 2218 ἐπὶ
1802 2156 2063 2231 χθόνα».
2175 2154 2432 2232 Ἀρδία
2495 2154 2682 2217 πόλις
2751 2154 3069 2236 Ἰλλυρίας,

486 2257 777 2320 Βαντία
819 2256 1006 2321 πόλις
1051 2256 1322 2320 Ἰταλίας.
1380 2255 1631 2319 Ἀντία
1674 2255 1860 2319 πόλις
1908 2255 2180 2318 Ἰταλίας.
2240 2256 2355 2319 Ἀν
2374 2256 2548 2334 δρία
2592 2255 2778 2319 πόλις
2824 2255 3069 2319 Ἠλείας

455 2358 588 2424 ,καὶ
631 2357 815 2436 ἑτέρα
862 2356 1294 2438 Μακεδονίας,
1353 2358 1442 2420 ὡς
1485 2355 1717 2421 Φιλέας
1772 2357 1842 2420 ἐν
1903 2356 2251 2433 περίπλοις.
2340 2356 2594 2435 Ἀλβία
2653 2356 2692 2433 ἡ
2739 2357 2918 2434 χώρα
2963 2357 3068 2420 διὰ

484 2462 600 2523 τοῦ
653 2464 702 2538 β.
792 2460 871 2523 τὰ
927 2459 997 2522 δὲ
1050 2457 1169 2536 ὄρη
1212 2458 1480 2521 Ἄλπεια
1537 2459 1640 2521 καὶ
1690 2458 1926 2536 Ἄλβια.
2016 2457 2321 2535 Ἀμαξία
2375 2458 2562 2522 πόλις
2612 2461 2736 2534 τῆςἡ
2775 2458 3068 2536 τραχείας
3104 2474 3172 2523 20

490 2558 775 2623 Κιλικίας.
863 2558 1161 2638 (τράβων
1208 2558 1287 2621 ιδ’
1331 2558 1419 2641 (p.
1465 2557 1634 2638 (569).
1710 2558 1963 2635 Ἀδρία
2004 2558 2191 2622 πόλις
2234 2558 2339 2622 καὶ
2379 2559 2538 2637 παρ’
2582 2559 2782 2637 αὐτὴν
2827 2559 3068 2623 κόλπος

486 2657 733 2735 Ἀδρίας
788 2660 890 2722 καὶ
933 2659 1223 2737 ποταμὸς
1268 2658 1507 2736 ὁμοίως
1521 2707 1539 2740 ,
1598 2659 1689 2723 ὡς
1732 2657 2072 2723 Ἑκαταῖος.
2163 2659 2414 2737 Ἀτρία
2467 2661 2653 2725 πόλις
2698 2660 3068 2743 Τυρρηνίας,

485 2759 860 2839 Διομήδους
903 2758 1151 2842 κτίςμα,
1194 2764 1509 2840 χειμῶνος
1552 2759 1948 2842 πλεύςαντος
1991 2761 2095 2825 καὶ
2138 2760 2297 2841 μετὰ
2339 2762 2414 2826 τὸ
2461 2765 2841 2840 διαςωθῆναι
2887 2762 3067 2828 καλέ-

486 2882 716 2927 ςαντος
756 2861 987 2939 Αἰθρία.
1076 2862 1178 2924 καὶ
1230 2862 1613 2941 παρεφθάρη
1667 2863 1845 2941 παρὰ
1907 2866 2044 2926 τοῖς
2111 2864 2451 2943 βαρβάροις
2508 2865 2585 2929 τὸ
2631 2864 2854 2944 ὄνομα.
2941 2866 3066 2930 ἔςτι

484 2964 587 3028 καὶ
630 2962 792 3042 ἄλλη
849 2963 1036 3027 πόλις
1084 2964 1322 3044 Βοιῶν,
1379 2962 1608 3028 ἔθνους
1657 2964 1971 3027 Κελτικοῦ.
2060 2965 2365 3043 Ἀραβία
2418 2967 2457 3044 ἡ
2503 2966 2698 3044 χώρα.
2788 2966 3067 3044 Ἀρικία
3103 2985 3167 3035 2³5

484 3066 671 3130 πόλις
725 3065 1028 3130 Λατίνων.
1084 3064 1447 3129 Διονύςιος.
1538 3065 1899 3144 Ἀρκαδία
1964 3064 2095 3129 ἀπὸ
2153 3069 2270 3129 τοῦ
2326 3066 2546 3145 Ἀρκάς
2597 3068 2908 3145 Ἀρκάδος
2975 3069 3064 3132 ὡς

485 3166 711 3245 Τέμμιξ
756 3166 1062 3247 Τέμμικος
1120 3165 1430 3246 Τεμμικία.
1522 3165 1981 3244 Ἀτροπατία
2035 3168 2073 3245 ή
2129 3170 2238 3245 τῆς
2286 3168 2530 3246 Μηδίας
2585 3169 2851 3247 δευτέρα
2894 3169 3066 3250 μερὶς

485 3267 617 3331 ἀπὸ
660 3271 777 3331 τοῦ
822 3267 1139 3347 ἡγεμόνος
1185 3266 1598 3345 Ἀτροπάτου.
1688 3267 2080 3346 Ἀρρεντία
2131 3269 2317 3333 πόλις
2362 3268 2635 3334 Ἰταλίας.
2711 3271 3065 3350 Ἀρςακία

485 3369 672 3433 πόλις
718 3369 979 3447 Μηδίας.
1035 3369 1488 3448 Ἀφροδιτία
1530 3368 1770 3447 χωρίον
1813 3369 2194 3447 Λακωνικῆς.
2283 3371 2676 3449 Θουκυδίδης
2720 3371 2775 3434 δ’
2819 3373 2903 3453 (ο.
2934 3372 3062 3453 56).

488 3470 784 3547 Ἀχαιῖα
827 3470 1002 3547 παρὰ
1046 3472 1120 3534 τὸ
1168 3470 1414 3548 Ἀχαιός
1459 3469 1695 3547 κύριον.
1783 3470 1910 3534 ἔςτι
1954 3472 2058 3535 καὶ
2102 3472 2310 3551 λόφος
2355 3472 2425 3537 ἐν
2474 3473 2772 3558 Καρύςτῳ
2815 3475 2919 3538 καὶ
2959 3474 3063 3538 τό·
3100 3492 3168 3544 30

486 3591 598 3634 ποι
654 3571 974 3650 διάφοροι.
1076 3571 1543 3648 Βερεκυντία
1608 3572 1791 3648 χώρα
1853 3571 1985 3637 ἀπὸ
2043 3573 2437 3651 Βερεκύντου
2501 3576 2692 3639 τινός.
2792 3576 3066 3640 Βεςκία

486 3672 673 3755 πόλις
726 3671 1049 3736 Αὐςόνων.
1151 3673 1477 3736 Βιθυνία
1529 3674 1693 3751 πρὸς
1748 3680 1841 3757 τῷ
1899 3673 2134 3758 Πόντῳ
2189 3676 2370 3754 χώρα
2432 3674 2564 3770 ἀπὸ
2621 3678 2894 3742 Βιθυνοῦ
2947 3682 3065 3742 τοῦ

485 3772 649 3837 Διὸς
705 3773 809 3836 και
851 3772 1100 3854 Θράκης
1152 3775 1265 3849 τῆς
1308 3773 1667 3855 Τιτανίδος,
1722 3775 1761 3852 ἣ
1818 3774 1887 3838 ἐκ
1941 3777 2056 3855 μὲν
2109 3776 2273 3841 Διὸς
2327 3777 2470 3855 ἔςχε
2516 3779 2818 3861 Βιθυνόν,
2875 3778 2944 3843 ἐκ
2993 3782 3064 3843 δὲ

491 3873 739 3951 Κρόνου
784 3873 1147 3948 Δόλογκον.
1215 3875 1579 3939 Βιςαλτία
1621 3875 1807 3940 πόλις
1852 3878 1955 3941 καὶ
1999 3879 2178 3957 χώρα
2224 3879 2625 3944 Μακεδονίας
2669 3879 2800 3944 ἀπὸ
2844 3881 3063 3980 Βιςάλ-

484 3994 602 4037 του
655 3978 775 4039 τοῦ
830 3974 1050 4039 Ἡλίου
1114 3976 1219 4038 καὶ
1274 3975 1404 4053 Γῆς.
1505 3977 1836 4042 Βοιωτία
1904 3977 2035 4043 ἀπὸ
2092 3981 2381 4046 Βοιωτοῦ
2434 3981 2691 4046 Ἰτώνου
2752 3984 2872 4046 τοῦ
2926 3982 3064 4061 Ἀμ-
3101 4000 3166 4051 35

485 4076 851 4155 φικτύονος.
938 4075 1192 4153 Κάςτωρ
1238 4078 1310 4140 δὲ
1362 4076 1493 4141 ἀπὸ
1552 4081 1663 4155 τῆς
1712 4082 2226 4160 καθηγηςαμένης
2271 4082 2499 4166 Κάδμῳ
2556 4083 2709 4162 βοὸς
2766 4085 3066 4160 λεχθῆναι

483 4179 601 4257 τὴν
644 4178 863 4256 χώραν
909 4177 1130 4242 οὕτως.
1185 4179 1353 4242 τινὲς
1397 4180 1469 4243 δὲ
1502 4179 1592 4246 ὡς
1624 4181 1743 4245 οὐκ
1785 4181 1979 4247 ὄντας
2020 4186 2159 4246 ταῖς
2204 4183 2511 4248 διανοίαις
2542 4184 2696 4247 τοὺς
2740 4184 3063 4249 Βοιωτοὺς

484 4277 649 4354 ἄγαν
694 4278 1081 4357 εὐκινήτους.
1155 4278 1444 4343 ἐκαλεῖτο
1490 4282 1560 4343 δὲ
1604 4282 1707 4345 καὶ
1752 4283 2005 4347 Ἀονία
2049 4284 2154 4347 καὶ
2199 4285 2599 4349 Μεςςαπία
2642 4284 2744 4349 καὶ
2789 4284 3062 4362 Ὠγυγία.

488 4380 775 4444 Βουθία
824 4380 1014 4445 πόλις
1072 4380 1324 4446 Ἰωνίας.
1411 4381 1798 4462 Θεόπομπος
1854 4387 1924 4448 δὲ
1981 4384 2219 4463 χωρίον
2276 4385 2440 4465 φηςί.
2530 4386 2830 4466 Βουφία
2886 4389 3061 4467 κώμη

484 4483 595 4559 τῆς
651 4480 1007 4548 (ικυωνίας
1093 4482 1377 4561 Ἔφορος
1433 4482 1692 4568 εἰκοςτῷ
1744 4485 1953 4569 τρίτῳ.
2044 4486 2360 4565 Βραχία·
2418 4487 2625 4552 οὕτως
2677 4487 2716 4565 ἡ
2775 4488 3060 4568 Ἀραβικὴ
3096 4501 3165 4555 4ο

487 4581 760 4648 θάλαςςα
816 4583 1122 4648 ἐκαλεῖτο.
1223 4583 1454 4662 ἐκλήθη
1509 4587 1580 4649 δὲ
1638 4586 1741 4649 διὰ
1795 4587 1870 4650 τὸ
1926 4586 1997 4650 ἐν
2062 4586 2221 4671 αὐτῇ
2286 4586 2450 4654 εἶναι
2517 4589 2716 4668 βράχη
2783 4593 3060 4656 πλεῑςτα.

488 4682 812 4760 Βρεττία
864 4688 1054 4762 νῆςος
1112 4685 1183 4750 ἐν
1235 4692 1328 4770 τῷ
1374 4686 1586 4769 Ἀδρία
1640 4690 1934 4767 ποταμὸν
1979 4689 2215 4767 ἔχουςα
2260 4690 2575 4769 Βρέττιον.
2663 4690 2788 4756 ἔςτι
2844 4694 2916 4757 δὲ
2959 4692 3062 4757 καὶ

488 4782 744 4861 Βρεττία
787 4786 967 4864 χώρα
1008 4791 1140 4852 τῶν
1186 4788 1514 4868 Βρεττίων.
1605 4790 1928 4869 Ἀντίοχος
1986 4792 2056 4855 δὲ
2119 4791 2234 4871 τὴν
2280 4791 2540 4857 Ἰταλίαν
2598 4794 2858 4871 πρῶτόν
2911 4815 3059 4875 φηςι
