3664 5546
1515 365 1937 414 PRAEFATIO.
2755 366 3019 415 CLXXIX

442 543 608 585 mam
653 520 1135 585 Herodianeam
1180 519 1699 583 animadvertere
1751 519 1910 583 mihi
1956 519 2184 584 videor
2227 519 2297 581 in
2341 519 2470 583 his:
2519 521 2804 600 Ἀβυδών
2850 522 3026 603 Ἀβυ-

443 629 681 705 δῶνος,
736 623 976 701 χωρίον
1038 623 1473 704 Μακεδονίας,
1543 624 1632 687 ὡς
1687 622 1984 703 (τράβων
2047 659 2133 668 -
2200 620 2488 687 ὀξύνεται
2556 623 2642 687 δέ.
2743 624 3026 703 Ἀγραῖοι

444 726 733 805 Ἀράβιον
779 724 969 789 ἔθνος
1016 725 1105 789 ὡς
1151 724 1466 803 (τράβων.
1554 723 1834 803 Αἴβουρα
1879 725 2066 789 πόλις
2108 723 2365 803 Ἰβηρίας
2413 725 2503 788 ὡς
2548 724 2869 808 (τράβων,
2912 724 3027 788 ubi

445 835 805 910 sequuntur
846 826 1110 888 nomina
1162 826 1229 888 in
1275 829 1472 905 ὄῦρὰ,
1530 846 1697 909 quae
1753 825 1947 889 etiam
2006 826 2075 887 in
2118 824 2292 889 Mon.
2344 825 2453 904 13,
2504 824 2581 888 18
2636 825 3028 906 afferuntur3

445 929 723 1004 Αἰγίνιον
799 928 986 992 πόλις
1048 928 1372 1006 Ἰλλυριῶν
1440 926 1531 992 ὡς
1597 926 1912 1006 (τράβων.
2003 927 2297 1005 Ἀκυλήῑα
2360 927 2546 991 πόλις
2611 927 2869 992 Ἰταλίας
2938 929 3029 993 ὡς

445 1029 771 1111 (τράβων,
838 1029 1173 1108 Ἁλίκυρνα
1240 1031 1415 1108 κώμη
1481 1029 1908 1108 Ἀκαρνανίας.
2000 1028 2314 1110 Ετράβων.
2406 1029 2753 1093 Ἀλωπεκία
2819 1033 3028 1107 νῆςος.

449 1131 742 1211 (τράβων
789 1130 1111 1213 ἑνδεκάτῃ.
1199 1152 1390 1214 porro
1424 1131 1664 1210 Ἀμιςός
1711 1130 1938 1194 «πόλις
1983 1129 2352 1212 ἀξιόλογος,
2400 1131 2696 1209 διέχουςα
2740 1129 3029 1209 (ινώπης

447 1234 733 1297 ςταδίους
794 1232 1207 1297 ἑνακοςίους»
1266 1230 1605 1294 Strabonis
1660 1253 1895 1294 nomen
1953 1229 2047 1294 sic
2107 1231 2417 1294 omissum
2473 1239 2574 1294 est
2623 1240 2699 1294 ut
2756 1230 3030 1295 aliorum

445 1333 636 1397 etiam
691 1332 776 1395 ab
822 1330 1201 1397 Herodiano
1259 1333 1705 1418 appositorum
1762 1333 2183 1418 scriptorum,
2240 1354 2512 1419 quorum
2558 1332 2762 1398 verba
2806 1329 3035 1397 relicta

447 1445 595 1499 sunt
641 1457 696 1497 e.
742 1454 811 1517 g.
856 1456 910 1496 s,
955 1435 1130 1500 Τέως
1175 1433 1571 1519 Pherecydis
1626 1443 1692 1497 et
1735 1433 2013 1498 Ctesiae.
2103 1434 2233 1498 Sed
2274 1446 2364 1499 .ut
2420 1435 2825 1520 Stephanum
2881 1432 3033 1498 alio·

449 1560 586 1601 rum
630 1536 824 1601 etiam
870 1539 1294 1621 scriptorum,
1352 1557 1513 1621 quos
1571 1536 2023 1600 Herodianum
2077 1534 2314 1619 legisse
2368 1545 2579 1622 patet,
2640 1537 3034 1616 testimonia,

445 1640 556 1703 ubi
601 1659 728 1702 non
775 1636 860 1701 ad
903 1639 1181 1701 nominis
1228 1637 1668 1702 definitionem
1712 1659 1923 1724 neque
1977 1637 2062 1702 ad
2108 1660 2245 1701 rem
2305 1638 2797 1723 grammaticam
2840 1637 3034 1724 perti-

445 1750 633 1821 nent,
697 1738 963 1802 aliunde
1019 1738 1329 1824 petivisse
1387 1739 1644 1803 affirmo
1697 1762 1751 1803 e.
1801 1761 1866 1823 g.
1925 1739 2173 1825 Ephori
2237 1738 2384 1803 fuse
2450 1739 2531 1804 de
2588 1740 3033 1805 Amazonibus

448 1841 861 1928 exponentis,
930 1841 1025 1903 sic
1091 1842 1287 1904 etiam
1354 1839 1561 1905 multa
1618 1840 2058 1906 Straboniana
2124 1862 2270 1904 eum
2338 1864 2465 1906 non
2534 1864 2617 1906 ex
2674 1840 3035 1906 Herodiani

449 1944 832 2008 auctoritate
879 1939 1214 2023 laudasse,
1248 1943 1361 2007 sed
1394 1967 1476 2007 ex
1519 1944 1661 2029 ipso
1706 1942 2030 2008 Strabone
2071 1944 2475 2028 excerpsisse
2515 1943 2836 2007 contendo
2883 1966 2936 2016 e.
2970 1965 3034 2026 g.

451 2070 501 2110 s.
531 2048 841 2128 Ἄγκυρα,
888 2044 1212 2124 Ἀγχιάλη;
1259 2054 1452 2131 atque
1497 2046 1624 2108 iam
1674 2066 1872 2130 supra
1916 2044 2197 2109 vidimus
2229 2043 2627 2130 Stephanum
2677 2068 2758 2108 ex
2798 2046 3035 2110 vitioso

450 2147 790 2211 Strabonis
844 2146 1068 2209 codice
1114 2146 1179 2208 in
1239 2169 1363 2232 quo
1421 2149 1732 2232 scriptum
1788 2145 1917 2210 fuit
1954 2147 2226 2224 Αἰγινεῑς
2281 2168 2400 2231 pro
2446 2147 2746 2226 Αἰγιλεῖς,
2793 2145 3038 2232 gentile

449 2250 714 2326 Αἰγινεῖς
761 2268 879 2333 pro
923 2248 1240 2327 Αἰγινῆται
1284 2248 1605 2334 posuisse.

619 2349 794 2413 Huic
838 2348 918 2413 de
965 2350 1391 2434 scriptoribus
1405 2399 1423 2432 ,
1471 2373 1744 2436 quorum
1791 2350 1877 2414 ab
1908 2350 2286 2414 Herodiano
2319 2350 2762 2415 adhibitorum
2795 2352 3040 2416 indicia

450 2452 636 2517 nobis
683 2452 979 2516 servavit
1022 2451 1426 2539 Stephanus,
1485 2453 1676 2516 nimis
1732 2474 1891 2516 sane
1947 2451 2201 2537 amplae
2259 2454 2621 2538 quaestioni
2676 2453 2871 2516 finem
2924 2455 3037 2516 im-

455 2563 650 2640 ponat
724 2553 947 2620 brevis
1027 2553 1108 2616 de
1184 2553 1584 2618 Pausania
1662 2556 2085 2639 periegete
2159 2554 2557 2618 observatio.
2670 2554 2818 2619 Non
2896 2577 3037 2618 sum

455 2657 708 2719 nescius
757 2655 836 2719 de
884 2665 1204 2740 tempore,
1252 2678 1379 2742 quo
1425 2655 1787 2720 Pausanias
1834 2657 2166 2742 periegeta
2220 2677 2380 2742 opus
2427 2677 2613 2718 suum
2658 2655 3038 2738 confecerit,

455 2757 801 2824 dissentire
866 2756 1096 2821 harum
1161 2780 1378 2821 rerum
1445 2757 1689 2844 peritos
1756 2781 1964 2845 neque
2029 2759 2201 2822 inter
2254 2782 2366 2823 eos
2426 2768 2762 2839 constare,
2819 2768 3039 2822 utrum

454 2861 790 2946 periegeta
847 2859 932 2923 ab
999 2882 1110 2941 eo,
1176 2860 1287 2946 qui
1343 2860 1548 2946 Syrus
1619 2860 2146 2945 cognominatur,
2205 2859 2504 2924 diversus
2562 2860 2648 2923 sit
2702 2884 2784 2923 an
2845 2859 3036 2924 idem.

457 2962 816 3047 Utrumque
869 2960 954 3023 ab
1014 2959 1387 3027 Herodiano
1444 2962 1810 3027 adhibitum
1873 2985 2016 3025 csse
2069 2971 2248 3026 certo
2306 2961 2737 3025 demonstrari
2793 2971 3036 3048 potest:

459 3063 695 3149 Syrum
740 3064 1130 3148 comparatis
1187 3061 1287 3126 his
1345 3062 1502 3127 locis
1549 3086 1600 3126 s.
1646 3088 1710 3128 v.
1755 3065 2064 3145 Ἄγκυρα,
2122 3064 2237 3128 ubi
2281 3062 2639 3127 Herodiani
2692 3084 2902 3127 canon
2959 3062 3041 3127 de

458 3165 861 3230 derivatione
905 3165 1235 3229 nominum
1292 3164 1632 3247 gentilium
1687 3166 1754 3229 in
1809 3186 1968 3230 avoc
2025 3165 2395 3251 propositus
2452 3174 2583 3246 est,
2641 3166 2707 3228 in
2760 3167 2906 3249 ipso
2964 3186 3040 3227 eo

459 3288 702 3329 canone
746 3264 908 3329 haec
952 3267 1287 3349 leguntur:
1334 3268 1680 3348 ἡμάρτηται
1725 3270 1799 3333 τὸ
1834 3269 2230 3347 Βοτρυηνός,
2276 3268 2390 3331 ἐὰν
2436 3267 2567 3331 ἀπὸ
2612 3270 2729 3331 τοῦ
2761 3268 3046 3346 Βότρυος

459 3371 728 3445 γε’γονεν
788 3378 852 3430 et
896 3390 960 3452 p.
1012 3368 1164 3450 197,
1209 3360 1252 3431 4
1308 3369 1576 3451 Βότρυς,
1637 3370 1823 3434 πόλις
1867 3370 2189 3449 Φοινίκης
2245 3369 2283 3433 ὁ
2338 3369 2602 3447 πολίτης
2660 3369 3044 3450 Βοτρυηνός,

464 3472 553 3534 ὡς
597 3471 994 3554 Παυςανίας,
1039 3471 1452 3549 παραλόγως·
1508 3470 1641 3535 ἀπὸ
1696 3472 1819 3549 γὰρ
1874 3475 2123 3549 γενικῆς
2177 3472 2645 3548 καθαρευούςης
2699 3471 2775 3535 τὸ
2820 3475 2857 3547 ῆ
2914 3470 3044 3549 ἔχει

461 3573 588 3650 πρὸ
633 3572 890 3654 τέλους,
938 3571 1213 3652 ὀφεῖλον
1257 3575 1334 3637 τὸ
1380 3575 1453 3655 ἆ,
1500 3574 1590 3637 ὡς
1621 3572 1986 3653 Ὀλβιανός,
2037 3573 2413 3651 Καρδιανός;
2460 3572 2855 3656 periegetam
2886 3592 3044 3635 vero

462 3672 834 3757 compositis
889 3671 989 3735 his
1047 3696 1100 3736 s.
1156 3675 1451 3739 Πιάςται;
1516 3675 1895 3755 «βαρύνεται
1963 3673 2084 3758 (sc.
2139 3672 2434 3757 Πιάςται)
2503 3672 2739 3753 ὁμοίως
2808 3674 2878 3736 δὲ
2944 3674 3047 3736 καὶ

460 3775 744 3839 Διέςται·
793 3775 1199 3841 Μακεδονικὰ
1244 3777 1315 3839 δέ
1360 3775 1511 3841 εἰςιν
1557 3776 1748 3854 ἔθνη»
1797 3785 1864 3838 et
1907 3797 1958 3836 s.
2002 3775 2203 3839 Δῖονε
2250 3775 2613 3839 Παυςανίας
2659 3776 2730 3838 δὲ
2761 3775 3044 3839 Διάςτας

463 3877 640 3957 φηςί·
691 3876 1087 3941 Μακεδόνων
1132 3877 1255 3956 γὰρ
1301 3877 1339 3941 ὁ
1384 3878 1617 3960 τύπος,
1663 3878 1977 3956 Ὀρέςται,
2022 3876 2382 3953 Λυγκηςταί.
2457 3874 2665 3959 Saepe
2712 3897 2829 3960 pro
2876 3885 3047 3937 teste

463 3976 739 4040 nominis
787 3975 1059 4041 alicuius
1114 4000 1294 4042 more
1341 3978 1755 4043 Herodianeo
1813 3978 2142 4063 profertur
2187 4000 2239 4039 s.
2285 3977 2576 4057 Αἱμονίας
2637 3978 2748 4040 εἰςὶ
2802 3979 2905 4040 καὶ
2945 3976 3047 4040 Αἱ-

463 4080 705 4161 μονιαί,
762 4078 948 4143 πόλις
1004 4080 1330 4158 Ἀρκαδίας
1380 4117 1468 4126 -
1523 4082 1614 4145 ὡς
1670 4081 2058 4145 Παυςανίας.
2144 4080 2403 4157 Ἄμιλος
2458 4081 2643 4143 πόλις
2700 4078 3049 4159 Ἀρκαδίας,

462 4181 825 4244 Παυςανίας
871 4179 1103 4265 ὀγδόῃ,
1150 4203 1344 4266 saepe
1389 4182 1584 4244 etiam
1632 4202 1750 4266 pro
1798 4191 1963 4244 teste
2008 4176 2374 4263 gentilium:
2423 4179 2646 4256 Αἶγυςε
2696 4216 2778 4224 -
2824 4179 2886 4242 οἱ
2931 4199 3051 4242 πο-

465 4285 625 4345 λῖται
669 4282 960 4364 Αἰγῦται,
1008 4284 1098 4347 ὡς
1141 4283 1522 4348 Παυςανίας.
1611 4283 2018 4361 Ἀμάρυνθος.
2092 4283 2168 4345 τὸ
2215 4282 2468 4346 ἑθνικὸν
2511 4282 2906 4362 Αμαρύνθιος
2951 4281 3053 4343 καὶ

464 4384 830 4463 Ἀμαρύςιος
877 4384 968 4447 ὡς
1012 4384 1441 4463 Τρικορύςιος.
1529 4386 1699 4449 οὕτω
1743 4385 1867 4463 γὰρ
1911 4382 2274 4448 Παυςανίας
2320 4384 2391 4448 ἐν
2434 4385 2674 4466 πρώτῃ.

626 4487 690 4548 Α
760 4482 1128 4568 Stephano,
1199 4507 1325 4571 quo
1392 4486 1740 4571 pretiosius
1808 4482 1895 4546 ad
1952 4482 2223 4548 Arcadii
2293 4486 2619 4569 epitomen
2678 4480 3053 4546 Catholicae

464 4584 900 4672 supplendam
966 4609 1172 4674 eoque
1227 4586 1416 4651 modo
1474 4584 1875 4649 Catholicam
1931 4586 2142 4670 ipsam
2195 4582 2787 4650 reconstituendam
2845 4582 3053 4646 subsi-

460 4688 627 4753 dium
676 4688 802 4753 vix
862 4687 1138 4771 cogitari
1193 4697 1442 4774 potest,
1499 4686 1841 4751 discedens
1900 4708 2055 4751 non.
2089 4708 2353 4773 possum
2410 4708 2536 4750 non
2594 4686 2840 4763 facere,
2898 4686 3054 4769 quin

457 4791 782 4857 affirmem
843 4811 946 4852 me
1001 4790 1321 4874 omnium,
1379 4790 1489 4876 qui
1549 4788 1633 4852 ab
1691 4810 1765 4852 eo
1831 4787 2015 4851 citati
2079 4797 2260 4871 sunt,
2318 4789 2711 4871 scriptorum
2779 4795 3057 4849 aetatem

2531 4891 2648 4951 m*
