3664 5546
1137 437 1294 493 ΠΕΡΙ
1337 434 1730 491 ΚΑΘΟΛΙΚΗΕ
1767 434 2189 492 ΠΡΟΕΩιΔΙΑ(
2227 435 2264 490 Γ
2270 473 2281 485 .
2926 426 3009 494 75

421 632 566 690 ςτης
611 610 1095 695 άγροιώτης,
1149 613 1511 692 μονώτης
1556 612 1658 675 καὶ
1710 609 2056 692 μονώςτης.
2146 607 2506 685 Μαιώτης
2561 606 2751 671 ἔθνος
2796 602 3008 669 (κυθι-

422 720 538 781 κόν
595 715 887 795 μέγιςτον
943 715 1045 780 καὶ
1087 716 1626 794 πολυάνθρωπον.
1714 712 1843 778 ἔςτι
1897 714 1999 778 καὶ
2043 712 2318 791 μαιώτης
2373 710 2546 788 ἰχθῦς
2597 730 2709 774 τις.
2797 707 3010 787 Ἀρα-

424 819 674 896 χώτης
741 818 1028 897 ποταμὸς
1096 818 1381 900 Ἰνδικός,
1445 819 1519 883 ὃς
1585 818 1686 882 καὶ
1741 814 2118 895 Ἀραχωτός.
2193 813 2593 891 Ἀζειώτης
2649 811 2838 876 ἔθνος
2900 813 3010 888 τῆς

422 921 762 1005 Τρῳάδος,
811 921 901 985 ῶς
944 920 1310 986 Ἑλλάνικος
1353 922 1425 986 ἐν
1469 924 1608 985 τοῖς
1652 920 1798 999 περὶ
1841 917 2077 984 Λυδίαν
2123 916 2307 992 λέγει.
2385 914 2554 980 ἔοικε
2600 916 2672 980 δὲ
2714 914 2792 979 τὸ
2836 933 3008 991 πρω,

422 1021 709 1088 τότυπον
753 1008 964 1090 ’Άζεια
1008 1021 1205 1105 εἶναι,
1256 1022 1353 1088 ἵν’
1397 1023 1436 1107 ᾔ
1495 1022 1586 1088 ῶς
1632 1021 1885 1100 Μάρεια
1931 1020 2340 1101 Μαρειώτης,
2394 1017 2661 1098 Ῥάφεια
2703 1015 3009 1095 Ῥαφειώ-
3039 1019 3071 1067 5

422 1147 549 1205 της.
609 1126 858 1202 λέγεται
904 1127 976 1190 δὲ
1020 1127 1123 1191 καὶ
1166 1124 1405 1191 Ἀζειοί.
1465 1124 2036 1204 Ἡρακλεώτης,
2076 1121 2653 1203 Ῥαφανεώτης,
2697 1119 3012 1199 Ἀμβρα-

424 1229 741 1311 κιώτης,
786 1228 1239 1310 Πηλιώτης,
1285 1229 1671 1310 Φθιώτης,
1717 1227 2189 1307 Ἰταλιώτης,
2248 1223 2728 1302 (ικελιώτης.
2789 1219 3013 1285 ἀςπι-

425 1332 712 1410 διώτης
755 1367 839 1403 -,-
882 1332 958 1395 τὸ
1004 1332 1076 1395 δὲ
1122 1330 1559 1412 προπετὴς,
1604 1331 1980 1412 ἀκρατής,
2025 1316 2338 1408 τ’ριετής
2384 1327 2666 1392 ςύνθετα.
2998 1403 3004 1410 ‚

593 1433 688 1498 Τὰ
731 1435 835 1498 διὰ
879 1438 996 1499 τοῦ
1043 1438 1194 1512 ατής
1238 1435 1315 1500 τὸ
1360 1438 1403 1499 ἀ
1446 1433 1688 1514 μακρὸν
1719 1432 1959 1511 ἔχοντα
2001 1433 2083 1511 μὴ
2118 1430 2278 1496 ὄντα
2310 1428 2615 1510 ῥηματικὰ
2657 1427 3014 1509 βαρύνεται,

424 1536 838 1615 Εὐφράτης
894 1537 1214 1618 ποταμός,
1273 1537 1620 1617 Νιφάτης
1689 1536 1848 1615 ὄρος
1904 1533 2243 1614 Ἀρμενίας.
2332 1532 2500 1598 ἔοικε
2564 1532 2636 1597 δὲ
2700 1530 2875 1609 παρὰ
2938 1529 3015 1595 τὸ
3055 1532 3120 1585 10

426 1638 700 1720 νείφειν,
758 1637 910 1703 ἀλλ’
968 1639 1363 1719 ὀνοματικῶς
1419 1639 1525 1705 διὰ
1575 1643 1694 1704 τοῦ
1747 1642 1777 1701 ἰ’
1821 1637 2152 1718 γράφεται.
2241 1636 2343 1700 καὶ
2385 1632 2783 1711 Πείςανδρος
2836 1630 3017 1711 ἑβδό-

425 1763 523 1825 μῳ
571 1744 851 1820 «ταῦρον
898 1743 1347 1822 πρυμνώρειαν
1393 1741 1784 1806 ἐϋςκόπελόν
1828 1761 1898 1806 τε
1947 1739 2296 1820 Νιφάτην».
2386 1735 2934 1816 Ἰλαραυγάτης
2977 1734 3017 1798 ὁ

426 1843 623 1923 Ἴβηρ·
667 1843 990 1909 Ἑκαταῖος
1034 1844 1323 1929 Εὐρώπῃ.
1411 1845 1513 1908 καὶ
1568 1843 2013 1922 Ἰλαραυγάτης
2067 1841 2372 1920 ποταμός.
2462 1837 3014 1918 Ἀντεμνάτης,

427 1946 943 2027 Βεμβινάτης,
1002 1946 1495 2028 Μεςολάτης,
1565 1946 1964 2027 Ναπάτης,
2030 1945 2406 2025 Πιςάτης,
2469 1940 3014 2027 Ῥαβεννάτης,

424 2047 910 2131 Ῥεςινάτης,
958 2046 1377 2131 (πινάτης,
1433 2048 1805 2130 Ζαιάτης,
1864 2048 2232 2129 Βαιάτης,
2288 2045 2677 2126 Ἐλεάτης,
2722 2041 3007 2119 Τεγεά-
3051 2047 3111 2100 15

424 2171 591 2232 της,
639 2150 1069 2229 Μαλεάτης.
1129 2149 1509 2231 Ἀνδροτίων
1554 2152 1839 2233 πέμπτῳ.
1910 2150 2323 2231 Γυθεάτης,
2355 2148 2823 2229 (ερρεάτης,
2866 2146 3006 2210 Φε-

425 2254 735 2334 νεάτης,
791 2253 1236 2335 Πανεάτης,
1307 2254 1777 2335 Κορςεάτης,
1837 2252 2291 2333 Ὑδρεάτης,
2349 2250 2801 2331 Ὀρνεάτης,
2866 2249 3004 2313 Ζε-

429 2356 771 2436 λειάτης,
833 2355 1417 2437 Κορωνειάτης,
1477 2355 2104 2436 Καυλωνειάτης,
2160 2353 2564 2433 Ἐρευάτης
2630 2353 2819 2418 πόλις
2887 2353 3005 2417 Λυ-

424 2458 558 2522 κίας
614 2460 715 2522 καὶ
758 2459 833 2521 τὸ
889 2459 1141 2523 ἐθνικὸν
1199 2458 1582 2539 ὁμοφώνως.
1669 2456 2156 2537 (παρτιάτης
2220 2456 2380 2521 κατὰ
2432 2456 2838 2534 πλεοναςμὸν
2891 2459 3008 2519 τοῦ

425 2564 467 2624 ά
496 2560 627 2625 ἀπὸ
658 2564 774 2624 τοῦ
807 2559 1153 2639 (παρτίτης
1186 2562 1276 2625 ὼς
1311 2559 1884 2642 Κροτωνιάτης,
1917 2560 2344 2640 Φαριάτης,
2374 2558 2798 2638 Φαςιάτης,
2848 2557 3005 2622 Νω-
3042 2561 3111 2611 20

425 2663 879 2744 νακριάτης,
927 2663 1292 2742 οἰκιάτης.
1349 2663 1621 2743 Ἰάτης,
1667 2662 2022 2744 (κιάτης,
2055 2660 2481 2741 Ἐρινιάτης
2526 2662 2701 2740 κώμη
2736 2660 3008 2738 Μεγαρί-

425 2771 555 2830 δος.
620 2764 986 2831 Παυςανίας
1030 2764 1090 2829 α’
1132 2767 1217 2847 (c.
1261 2764 1379 2848 44,
1423 2762 1495 2849 5)
1549 2766 1652 2831 καὶ
1706 2765 1744 2831 ὁ
1799 2765 2075 2844 οἰκήτωρ
2143 2763 2486 2843 Ἐρινιάτης
2545 2764 2649 2829 διὰ
2707 2763 2784 2829 τὸ
2851 2784 3007 2841 προ-

426 2867 824 2949 κατειληφός.
926 2868 1413 2947 ’Βρενθιάτης
1481 2862 1770 2949 ποταμὸς
1826 2868 2168 2947 Ἀρκαδίας.
2266 2867 2757 2946 Αύταριάτης
2819 2865 3008 2930 ἔθνος

426 2970 888 3048 Θεςπρωτικόν.
980 2969 1189 3048 Χάραξ
1235 2971 1306 3036 ἐν
1351 2972 1585 3054 ἑβδόμῃ
1633 2974 1950 3052 χρονικῶν
1999 2971 2098 3034 καὶ
2139 2970 2518 3050 Φαβωρῖνος
2572 2969 2643 3033 ἐν
2686 2974 3008 3033 παντοδα·

425 3076 575 3136 παῑς
621 3074 723 3136 καὶ
770 3072 1234 3151 Ἐρατοςθένης.
1325 3073 1744 3154 Γενοάτης,
1802 3073 2263 3154 Θειςοάτης,
2319 3071 2753 3152 Λυκοάτης,
2813 3071 3007 3135 Μες-
3044 3082 3111 3131 25

426 3175 738 3255 ςοάτης,
785 3175 1104 3258 Οἰάτης,
1140 3176 1570 3256 Καρυάτης,
1620 3176 2066 3256 Καφυάτης,
2111 3174 2572 3254 Μωλυάτης,
2615 3173 3007 3252 ἀγυιάτης.

425 3278 500 3342 τὸ
547 3278 617 3359 δὲ
662 3277 941 3356 θεατής
986 3280 1086 3342 καὶ
1130 3279 1505 3356 πειρατής
1553 3278 1860 3358 ῥηματικὰ
1902 3277 2063 3342 ὄντα
2107 3277 2414 3343 ὀξύνεται.

595 3378 688 3441 Τὰ
753 3379 842 3443 εἰς
907 3384 1040 3458 {fn-E
1105 3385 1222 3444 τοῦ
1286 3384 1303 3444 ί
1369 3384 1613 3459 μακροῦ
1680 3380 1876 3446 ὄντος
1944 3381 2046 3444 καὶ
2110 3384 2277 3460 ἔῐτΤῚς
2345 3379 2715 3462 βαρύνεται,
2781 3378 3008 3443 πολί-

427 3502 587 3561 της,
645 3502 721 3545 τε
739 3482 1047 3561 μενίτης
1063 3532 1080 3564 ,
1135 3482 1263 3548 ἔςτι
1328 3485 1430 3547 καὶ
1484 3483 1694 3563 λόφος
1749 3484 1819 3549 ἐν
1877 3489 1953 3566 τῇ
2004 3483 2218 3566 Θρᾴκη
2278 3484 2441 3562 πρὸς
2495 3488 2572 3566 τῇ
2621 3481 3008 3564 Τριβαλλῶν.

428 3743 820 3804 proponuntur.
993 3738 1031 3789 l.
1072 3741 1097 3788 1
1136 3736 1407 3804 Μαιώτης
1442 3754 1617 3805 usque
1661 3737 1729 3789 ad
1765 3737 2104 3807 ἀςπιδιώτης
2150 3744 2279 3793 sunt
2313 3756 2380 3791 ex
2418 3739 2497 3791 St.
2535 3742 2598 3790 B.
2639 3767 2698 3775 —-
2736 3740 3011 3791 (janonem

425 3807 647 3857 Arcadii
682 3808 746 3857 27
794 3812 907 3860 not.
945 3811 1011 3859 3⁰
1056 3807 1140 3858 ἔτι
1184 3806 1256 3858 τὰ
1289 3807 1378 3859 διὰ
1413 3809 1517 3858 τοῦ
1565 3812 1718 3871 ωτης
1765 3808 1839 3871 μὴ
1888 3808 2165 3872 ῥηματικὰ
2209 3808 2308 3873 (se.
2354 3807 2675 3872 βαρύνεται)
2720 3807 3009 3873 δεςμώτης

426 3874 772 3940 ςτρατιώτης
806 3876 993 3937 omisi,
1031 3877 1162 3940 quia
1200 3876 1255 3925 in
1292 3875 1395 3925 hoc
1428 3891 1641 3927 canone
1675 3877 2008 3928 continetur.
2055 3877 2210 3928 Finis
2246 3879 2475 3928 canonis
2511 3883 2574 3928 ut
2607 3876 2851 3941 reliquae
2891 3893 3010 3942 par-

428 3949 509 3994 tes
551 3944 622 3994 ab
660 3944 896 3993 Arcadio
942 3945 1104 3996 nimis
1148 3949 1463 3994 contractus
1507 3951 1622 4008 est,
1670 3949 2026 3995 memoratum
2076 3946 2183 3996 fuit
2226 3946 2346 3995 sine
2394 3945 2561 3997 dubio
2606 3943 2886 4009 ὑψιπέτης
2923 3946 3010 4006 (11.

427 4014 515 4063 Pr.
557 4009 613 4062 Μ
655 4013 804 4073 ⁶301),
850 4013 920 4062 cf.
967 4013 1037 4063 de
1082 4012 1366 4063 vocabulis
1410 4012 1731 4076 ιι.πέτομαι
1778 4019 1836 4063 et
1879 4011 2074 4065 πίπτω
2123 4014 2388 4064 derivatis
2435 4012 2626 4065 IaehrS.
2707 4019 2884 4063 naest.
2923 4029 3009 4078 ep.

433 4083 526 4130 160
545 4097 704 4146 seqq.
808 4082 842 4131 1.
869 4085 900 4131 9
936 4080 1096 4145 Apud
1118 4079 1413 4130 Arcadium
1442 4081 1548 4130 tria
1573 4086 1785 4132 tantum
1822 4082 2090 4144 berytona
2116 4079 2419 4145 Τεγεάτης,
2458 4029 2831 4146 (Σπαρτιάτης,
2868 4081 3012 4146 quod

425 4148 649 4213 explevi
694 4166 759 4199 ex
798 4149 1095 4200 Herodian.
1143 4148 1271 4212 περὶ
1310 4149 1512 4199 παθῶν
1548 4149 1606 4199 in
1640 4151 1703 4200 E.
1742 4151 1815 4202 M.
1854 4152 1979 4212 722,
2015 4153 2100 4213 28,
2147 4150 2523 4215 proferuntur,
2570 4148 2781 4215 reliqua
2828 4151 3012 4200 omnia

428 4216 679 4282 exempla
714 4219 796 4268 ita
830 4234 897 4268 ex
933 4218 1011 4267 St.
1052 4219 1113 4267 B.
1151 4223 1414 4282 excerpta
1450 4221 1596 4280 sunt,
1634 4223 1695 4267 ut
1730 4233 1897 4269 unum
1933 4219 2188 4283 quodque
2225 4234 2400 4283 genus
2435 4217 2811 4269 huiuscemodi
2849 4234 3011 4267 voea—

425 4284 671 4335 bulorum
711 4290 1185 4351 repraesentatum
1222 4285 1312 4335 sit.
1383 4282 1686 4351 Ζελειάτης
1724 4286 1929 4336 diserte
1966 4286 2273 4337 Herodiani
2316 4288 2594 4338 mentione
2634 4287 2787 4336 facta
2822 4286 3011 4336 lauda·

427 4357 515 4402 tur
550 4369 583 4402 a
620 4353 701 4402 St.
742 4355 804 4405 Β.
841 4355 961 4416 295,
997 4356 1029 4402 6
1063 4352 1286 4406 Ζέλεια·
1322 4351 1392 4403 τὸ
1429 4352 1653 4404 ἐθνικὸν
1677 4351 1961 4419 Ζελείτης.
2010 4352 2352 4418 Ἡρωδιανὸς
2389 4354 2449 4407 δὲ
2474 4353 2800 4407 Ζελειὰτῶν
2824 4368 3009 4419 φηςιν,

426 4421 573 4485 quod
611 4425 796 4472 tamen
832 4437 941 4472 non
976 4423 1059 4472 sie
1095 4420 1534 4486 intellegendum
1569 4428 1682 4482 est,
1719 4423 1881 4487 qnasi
1916 4422 2269 4473 Herodianus
2290 4420 2560 4488 Ζελείτης
2598 4424 2826 4472 formam
2865 4439 3010 4488 pror-

427 4504 520 4539 sus
556 4490 947 4553 reprobaverit.
1017 4490 1100 4541 De
1144 4487 1446 4554 Ἐρῑνῑάτης
1482 4489 1724 4541 Meinek.
1760 4491 1993 4541 adnotat
2038 4489 2185 4556 apud
2223 4490 2555 4541 Pausaniam
2593 4491 2733 4557 legi:
2780 4489 2842 4542 ἐν
2883 4489 3011 4555 Ἐρι-

427 4554 548 4624 νείᾳ
582 4560 654 4622 τῇ
693 4556 1007 4622 Μεγαρέων
1045 4556 1235 4622 κώμῃ,
1273 4557 1368 4609 sed
1406 4557 1722 4624 Stephanus
1756 4559 1979 4609 videtur
2014 4575 2083 4609 ex
2116 4559 2434 4610 Herodiano
2471 4560 2755 4624 petivisse,
2794 4559 2885 4624 qui
2923 4559 3046 4616 hie,

426 4625 592 4676 aliam
638 4627 962 4692 scripturam
1006 4625 1292 4678 invenisse
1327 4626 1551 4677 videtur
1595 4627 1804 4691 pariter
1847 4634 2014 4693 atque
2061 4644 2151 4692 ap.
2189 4627 2451 4679 Herodot.
2486 4629 2512 4677 1
2560 4628 2682 4684 125,
2727 4627 2822 4677 ubi
2867 4642 3012 4677 nune

427 4691 691 4757 ἀρτέαται
728 4696 953 4745 verbum
992 4696 1288 4761 reperitur,
1328 4694 1515 4759 populi
1551 4711 1748 4745 nomen
1786 4694 2079 4760 Ἀρτεᾶται
2122 4694 2328 4761 legisse
2373 4695 2674 4746 coniectari
2720 4699 2907 4759 potest
2945 4711 3010 4745 ex

429 4763 507 4809 St.
547 4763 608 4814 B.
652 4761 943 4826 Ἀρτεᾶται
986 4761 1151 4826 γένος
1188 4761 1481 4826 Περςικόν.
1552 4761 1853 4827 Ἡρόδοτος
1891 4760 2094 4829 πρώτη
2143 4769 2201 4814 et
2238 4780 2280 4817 ε.
2322 4761 2573 4828 Ἀρταία;
2621 4761 2675 4814 οἱ
2720 4760 3010 4815 οἰκοῦντες

432 4828 687 4892 Ἀρταῖοι.
762 4830 1061 4895 Ἡρόδοτος
1102 4828 1403 4895 Ἀρτεάτας
1442 4830 1651 4883 αὐτοὺς
1690 4832 1846 4883 καλεῖ
1882 4831 1971 4884 διὰ
2005 4835 2110 4884 τοῦ
2147 4835 2180 4883 ἐ’
2204 4832 2389 4896 ψιλοῦ.
2459 4833 2785 4882 Accuratius
2822 4832 2890 4882 de
2928 4832 3012 4883 his

429 4897 571 4947 sicut
607 4898 677 4949 de
714 4898 939 4963 reliquis
975 4899 1275 4964 gentilibus
1310 4899 1365 4948 in
1404 4899 1543 4949 libro
1582 4900 1710 4964 περὶ
1747 4899 2114 4964 παρωνύμων
2149 4916 2329 4965 agam.
2458 4901 2491 4951 l.
2517 4903 2584 4952 28
2624 4916 2692 4950 ex
2725 4900 3012 4952 vocabulis

428 4966 486 5016 in
521 4967 643 5029 ἰῖῆί
677 4966 952 5018 Arcadius
986 4972 1202 5019 tantum
1238 4965 1475 5034 πολίτης
1519 4975 1579 5019 et
1623 4967 1919 5034 τεμενίτης
1956 4969 2156 5034 habet,
2203 4968 2453 5035 quod-ex
2497 4969 2577 5020 St.
2614 4969 2678 5019 B.
2724 4969 3009 5036 supplev13
