3664 5546
701 347 828 414 254
1631 344 1713 399 ΕΚ
1749 344 1889 399 ΤΩΝ
1931 344 2339 401 ΗΡΩΔΙΑΝΟΥ
2409 342 2416 351 ’

698 504 960 584 ἐκείνων
1004 515 1316 592 λέγουςαν
1360 508 1781 594 προςτάςςειν.
1812 515 1930 581 τὸν
1975 514 2210 581 Λάκιον
2254 517 2418 596 πρὸς
2461 514 2784 583 ἀνατολὰς
2837 514 3022 595 ἡλίου
3065 518 3275 582 πλεῖν.

697 626 815 687 τοῦ
871 620 938 686 δ’
996 619 1384 699 Ἀντιφήμου
1437 617 1824 693 γελάςαντος
1878 619 1995 696 τὴν
2050 619 2298 684 Πυθίαν
2353 618 2555 684 εἰπεῖν
2621 620 2814 686 πάλιν
2873 618 3035 699 «ἐφ’
3088 617 3273 696 ἡλίου

700 727 992 803 δυςμῶν»
1057 720 1159 786 καὶ
1217 721 1411 785 Γέλαν
1478 718 1667 784 πόλιν
1735 718 1972 784 οἰκίςαι.
2060 719 2252 786 Φίλα
2287 720 2502 787 νπόλις
2568 721 2999 805 Μακεδονίας,
3060 721 3276 800 κτίςμα

697 824 1069 905 Δημητρίου
1122 826 1240 887 τοῦ
1301 821 1669 897 Ἀντιγόνου
1727 822 1985 906 παιδός,
2050 827 2168 887 τοῦ
2225 825 2467 888 Γονατᾶ
2521 823 2954 907 καλουμένου,
3016 823 3090 888 ὃς
3144 822 3273 887 ἀπὸ

638 932 671 983 5
700 930 812 1006 τῆς
865 927 1104 991 τούτου
1159 924 1393 1005 μητρὸς
1446 922 1644 988 Φίλας
1696 921 1803 987 ἐπὶ
1855 928 1972 989 τοῦ
2027 925 2312 1004 Πηνειοῦ
2368 924 2564 991 ἔκτιςε
2607 926 2799 991 πόλιν
2843 925 3062 991 Φίλαν.
3147 924 3274 990 ἔςτι

700 1030 801 1094 καὶ
843 1031 1034 1106 νῆςος
1077 1027 1147 1091 ἐν
1187 1025 1499 1110 Αἰγύπτῳ.
1572 1023 1927 1103 Ἡρόδοτος
1979 1028 2245 1113 τετάρτῃ
2289 1029 2373 1110 (ο.
2425 1028 2572 1110 178)
2618 1028 2766 1093 «ἐπὶ
2820 1028 3112 1107 ποταμόν
3154 1027 3272 1092 τόν

699 1132 927 1213 μέγαν,
975 1129 1028 1213 ᾧ
1072 1128 1279 1207 ὄνομα
1307 1126 1551 1205 Τρίτων
1597 1125 1791 1211 ἐςτίν,
1839 1127 2080 1194 ἐκδιδοῖ
2109 1131 2180 1194 δὲ
2225 1128 2419 1195 οὗτος
2466 1130 2531 1195 ἐς
2563 1131 2785 1210 λίμνην
2817 1130 3096 1209 μεγάλην
3128 1129 3271 1207 Τρι-

698 1232 950 1297 τωνίδα.
1009 1230 1080 1295 ἐν
1125 1232 1196 1296 δὲ
1240 1229 1399 1314 αὐτῇ
1444 1231 1637 1306 νῆςος
1679 1226 1774 1293 ἔνι
1819 1236 1896 1314 τῇ
1941 1229 2188 1312 οὔνομα
2231 1231 2451 1296 Φίλα».
2499 1231 2734 1312 (μίλα
2775 1231 2961 1296 πόλις
3006 1230 3274 1313 Θρᾴκης.

698 1334 1021 1399 Ἑκαταῖος
1084 1332 1355 1415 Εὐρώπῃ
1422 1329 1620 1410 «μετὰ
1684 1331 1756 1395 δὲ
1822 1331 2014 1412 (μίλα
2077 1334 2321 1400 πόλις».
2420 1333 2643 1399 Πόλα
2706 1320 2891 1398 π’όλις
2958 1330 3274 1411 Ἰλλυρίας.

600 1440 665 1492 10
700 1437 922 1502 Βῶλα
964 1434 1151 1500 πόλις
1182 1432 1457 1498 Ἰταλίας.
1507 1431 1729 1496 Νῶλα
1771 1434 1960 1499 πόλις
1987 1436 2305 1502 Αὐςόνων.
2353 1435 2675 1501 Ἑκαταῖος
2707 1436 2994 1520 Εὐρώπῃ.
3043 1434 3274 1513 Νώλην

614 1602 623 1606 ,
698 1540 770 1603 δὲ
835 1538 1033 1616 αὐτὴν
1096 1533 1421 1615 Πολύβιός
1486 1552 1654 1613 φηςι.
1743 1534 2002 1602 Βάλλα
2065 1539 2252 1604 πόλις
2318 1537 2733 1605 Μακεδονίας.
2800 1538 3111 1617 Τράλλα
3173 1535 3277 1600 καὶ

695 1641 973 1706 Πάλλα
1014 1636 1368 1717 Ἀμαζόνες.
1436 1634 1705 1700 πάλλα
1747 1636 1786 1714 ἡ
1834 1642 2085 1719 ςφαῑρα.
2140 1628 2367 1706 Ἕλλᾶ
2409 1640 2648 1719 χωρίον
2695 1639 2925 1722 Ἀςίας,
2971 1639 3276 1704 Ἀττάλου

699 1742 1005 1824 βαςιλέως
1048 1739 1372 1821 ἐμπόριον.
1416 1734 1742 1817 Πολύβιος
1788 1739 1882 1811 ις’.
1925 1742 2190 1807 Πέλλα
2231 1742 2418 1807 πόλις
2451 1742 2881 1825 Μακεδονίας,
2913 1741 3277 1833 Θεςςαλίας,

697 1844 981 1928 Ἀχαίας,
1028 1842 1243 1921 κοίλης
1288 1838 1512 1918 (υρίας
1555 1838 1594 1916 ἡ
1641 1839 1866 1907 Βοῦτις
1912 1844 2237 1924 λεγομένη.
2302 1845 2341 1923 ἡ
2379 1846 2459 1909 ,δὲ
2505 1844 2907 1909 Μακεδονίας
2950 1843 3274 1922 πρότερον

596 1950 659 2002 15
695 1945 983 2012 ἐκαλεῖτο
1038 1945 1140 2010 καὶ
1193 1939 1551 2021 Βουνόμεια
1581 1989 1595 2004 .
1627 1990 1686 2005 ..
1733 1942 1962 2024 ἐκλήθη
1989 1948 2079 2011 -δὲ
2133 1946 2263 2012 ἀπὸ
2307 1947 2530 2011 Πέλλα
2570 1951 2688 2012 τοῦ
2733 1946 3072 2012 κτίςαντος.
3144 1944 3274 2009 ἔςτι

693 2050 798 2113 καὶ
838 2049 1062 2114 Πέλλα
1105 2046 1260 2125 ὄρος
1302 2042 1643 2108 Αἰθιοπίας.
1703 2046 2002 2122 βδέλλα.
2066 2049 2305 2113 Κίλλα
2339 2048 2397 2126 ’ἡ
2442 2048 2644 2113 πόλις.
2701 2049 2960 2114 κόλλα.
3021 2048 3275 2123 Νέγλα

695 2151 1030 2230 πολίχνιον
1074 2146 1378 2227 Ἀραβίας.
1455 2145 1730 2211 Γλαῦκος
1774 2150 2053 2234 δευτέρῳ
2097 2150 2422 2231 Ἀραβικῆς
2471 2149 2938 2230 ἀρχαιολογίας.
3012 2148 3271 2229 Ἀμφί-

696 2256 894 2332 μαλα
936 2252 1121 2316 πόλις
1170 2248 1441 2327 Κρήτης,
1484 2243 1924 2315 Ὑλλούαλα
1968 2255 2166 2332 δῆμος
2214 2252 2455 2332 Καρίας.
2525 2253 2960 2318 Ἀπολλώνιος
3003 2253 3055 2316 ε’
3092 2251 3272 2330 Καρι-

694 2358 826 2421 κῶν
872 2355 1110 2433 «Κᾶρες
1154 2353 1226 2417 δὲ
1268 2349 1385 2414 τὸν
1428 2346 1634 2412 τόπον
1680 2349 1959 2437 ἐκεῖνον,
2005 2354 2162 2419 ἔνθα
2204 2354 2446 2420 Ὕλλος
2490 2354 2820 2438 ἀπώλετο,
2865 2353 3271 2421 Ὑλλούαλαν

593 2465 660 2516 20
695 2455 1031 2537 ώνόμαςαν
1088 2458 1190 2521 καὶ
1244 2458 1391 2526 ἕδος
1436 2461 1709 2527 ἐνταῦθα
1763 2456 2093 2537 ἐδείμαντο
2139 2457 2565 2522 Ἀπόλλωνος.
2639 2458 2739 2521 καὶ
2791 2460 2909 2522 νῦν
2960 2456 3053 2521 ἔτι
3098 2455 3273 2534 παρὰ

692 2559 808 2624 τὸν
864 2560 1016 2625 θεὸν
1077 2560 1274 2638 δῆμός
1327 2562 1450 2628 ἐςτι
1504 2561 1871 2628 Ὑλλούαλα
1925 2559 2327 2640 λεγόμενος».
2414 2557 2540 2623 ἄλα
2594 2558 2716 2638 γὰρ
2784 2558 2848 2622 οἱ
2905 2558 3100 2637 Κᾶρες
3153 2557 3270 2622 τὸν

690 2660 894 2726 ἵππον
937 2661 1181 2737 ἔλεγον.
1229 2662 1578 2746 (κάβαλα
1621 2664 1800 2744 χώρα
1843 2661 2221 2740 Ἐρετριέων.
2269 2661 2656 2741 Θεόπομπος
2686 2659 2945 2745 εἰκοςτῷ
2987 2660 3269 2743 τετάρτῳ

695 2762 1108 2829 Φιλιππικῶν.
1164 2763 1478 2832 Ῥέςαλα
1522 2767 1706 2833 πόλις
1735 2764 2106 2846 Ὀμβρικῶν.
2154 2762 2494 2835 Μίςπιλα
2536 2762 2722 2828 πόλις
2754 2764 3014 2843 Μήδων.
3067 2762 3269 2827 Ξενο-

696 2870 843 2946 φῶν
884 2865 1075 2951 τρίτῳ
1120 2865 1487 2949 ἀναβάςεως
1529 2871 1610 2954 (c.
1653 2867 1716 2948 4,
1768 2866 1893 2951 10).
1978 2866 2390 2945 Ὀκρίκολα
2444 2866 2630 2930 πόλις
2673 2866 3036 2945 Τυρρηνῶν.
3109 2865 3268 2930 Διο-

594 2977 659 3027 25
695 2967 909 3033 νύςιος
939 2967 1832 3056 ὀκτωκαιδεκάτῳῬωμαϊκῆς
1859 2967 2327 3058 ἀρχαιολογίας.
2374 2962 2755 3032 (ατίκολα
2782 2967 2968 3032 πόλις
2998 2966 3267 3031 Ἰταλίας.

694 3069 1015 3134 Ἀπίολα
1057 3069 1243 3135 πόλις
1286 3072 1559 3138 Ἰταλίας.
1611 3071 2016 3149 Κρόταλλα
2058 3069 2242 3134 πόλις
2285 3069 2559 3133 Ἰταλίας.
2616 3068 2938 3134 Ἑκαταῖος
2981 3068 3269 3152 Εὐρώπῃ.

695 3171 1074 3236 Μάκαλλα
1117 3172 1304 3237 πόλις
1350 3174 1622 3239 Ἰταλίας.
1667 3171 1984 3252 ἄμαλλα.
2031 3171 2357 3236 Βίτελλα
2399 3171 2584 3235 πόλις
2625 3170 2899 3235 Ἰταλίας.
2943 3171 3271 3236 >Ἀτελλα

694 3271 878 3337 πόλις
922 3270 1202 3338 Ὀπικῶν
1234 3274 1491 3340 Ἰταλίας
1536 3275 1763 3355 μεταξὺ
1798 3273 2053 3352 Καπύης
2096 3272 2200 3337 καὶ
2229 3271 2628 3364 Νεαπόλεῳς.
2673 3272 3042 3347 ’ᾏΕντελλα
3083 3272 3271 3337 πόλις

694 3373 986 3439 (ικελίας.
1029 3375 1314 3456 Ἔφορος
1357 3376 1451 3448 ις’.
1539 3376 1886 3442 (τύελλα
1939 3374 2260 3456 φρούριον
2315 3376 2426 3451 τῆς
2478 3373 2549 3438 έν
2596 3373 2837 3459 (ικελίᾳ
2891 3373 3269 3453 Μεγαρίδος.

495 3485 529 3524 ⁰
578 3485 660 3537 -30
695 3474 984 3541 Φίλιςτος
1028 3478 1308 3564 τετάρτῳ
1340 3477 1691 3544 (ικελικῶν.
1736 3477 2142 3557 Φρέγελλα
2186 3476 2372 3542 πόλις
2401 3476 2676 3540 Ἰταλίας.
2729 3475 3051 3541 (ίκελλα
3092 3476 3269 3554 κώμη

691 3577 1142 3662 Παλαιςτίνης,
1189 3579 1278 3644 ὡς
1319 3580 1621 3660 Ἰώςηπος
1666 3580 1777 3664 (Α.
1803 3577 1854 3644 Ι.
1887 3576 1922 3641 I
1955 3576 2018 3659 6,
2056 3577 2153 3658 13,
2186 3576 2271 3661 9).
2348 3578 2670 3662 θύελλα,
2715 3578 3066 3661 δίκελλα,
3108 3576 3269 3642 Μύ-

693 3681 954 3762 ριλλα,
981 3680 1418 3764 Πράξιλλα,
1449 3681 1901 3763 Τελέςιλλα,
1949 3680 2319 3762 Κύδιλλα,
2364 3680 2708 3759 Κόριλλα
2748 3680 2934 3746 πόλις
2961 3680 3308 3746 Λατίνων.’

691 3780 1033 3847 Διονύςιος
1062 3783 1341 3868 τετάρτῳ
1372 3782 1718 3863 Ῥωμαϊκῆς
1748 3782 2216 3864 ἀρχαιολογίας.
2267 3782 2634 3861 Ἄκριλλα
2663 3782 2849 3848 πόλις
2880 3782 3157 3848 (ικελίας
3187 3780 3269 3847 ού

691 3885 915 3963 πόρρω
947 3884 1379 3964 (υρακουςῶν.
1429 3885 1817 3964 Κορίολλα
1846 3885 2033 3950 πόλις
2063 3885 2336 3950 Ἰταλίας.
2396 3885 2731 3967 Ἄβολλα
2759 3885 2945 3950 πόλις
2976 3885 3268 3950 (ικελίας.

590 3995 655 4047 35
690 3987 1029 4065 Ἀχολλα
1086 3988 1271 4053 πόλις
1329 3988 1555 4067 Λιβύης
1615 3988 1694 4053 ού
1753 3987 1976 4067 πόρρω
2034 3991 2164 4053 τῶν
2216 3986 2506 4066 (ύρτεων
2566 3985 2836 4054 ἄποικος
2891 3986 3267 4053 Μελιταίων.

689 4089 1028 4165 Ἄγυλλα
1082 4090 1265 4154 πόλις
1307 4090 1672 4170 Τυρρηνίας.
1759 4091 2119 4171 Λυκόφρων
2165 4089 2260 4171 (v,
2309 4089 2500 4171 1355)
2545 4089 2892 4166 «Ἀγυλλαν
2937 4090 3268 4155 Αύςονῑτιν

825 4414 861 4469 1.
897 4416 929 4465 8
966 4410 1141 4477 (μίλα
1177 4442 1242 4450 -
1279 4412 1475 4467 Πέλλα
1510 4431 1574 4466 ex
1613 4417 1695 4470 St.
1733 4416 1813 4478 Β.,
1852 4412 2081 4479 βδέλλα,
2121 4411 2292 4467 Κίλλα
2330 4431 2396 4466 ex
2431 4415 2678 4480 Theogn.
2706 4416 2821 4478 100,
2857 4416 2951 4475 21;
2989 4411 3164 4466 κόλλα
3200 4426 3270 4464 ex

688 4481 845 4536 Euat.
874 4486 1023 4550 1934,
1051 4485 1134 4534 22.
1173 4511 1236 4519 —
1276 4482 1461 4546 Νέγλα
1496 4512 1561 4520 -—
1598 4481 1875 4536 Μάκαλλα
1902 4500 1969 4534 ex
1994 4483 2078 4537 St.
2104 4483 2194 4546 Β.,
2227 4480 2448 4546 ἄμαλλα
2473 4499 2541 4533 ex
2564 4483 2720 4533 Eust.
2757 4482 2792 4532 1.
2823 4499 2893 4543 o.,
2931 4480 3166 4535 Βίτελλα
3201 4507 3268 4517 -—

691 4549 925 4608 (ίκελλα
987 4567 1055 4602 ex
1110 4551 1192 4604 St.
1248 4554 1339 4616 Β.,
1403 4553 1559 4603 omisi
1620 4553 1841 4603 nomina
1902 4552 2108 4602 Latina
2172 4549 2425 4602 πάτελλα
2486 4566 2575 4616 ap.
2629 4551 2878 4617 Theogn.
2932 4548 3267 4615 Πρίςκελλα,

688 4635 1063 4691 φαλκώνιλλα
1109 4638 1165 4687 ιιι
1209 4636 1275 4686 Ε.
1313 4636 1387 4689 Μ.
1426 4639 1515 4700 19,
1552 4639 1645 4699 50,
1687 4637 1786 4702 Ep.
1826 4636 1917 4687 cr.
1961 4637 2123 4714 1-14,
2161 4640 2255 4687 31:
2301 4634 2371 4686 τὰ
2416 4632 2494 4687 εις
2541 4621 2618 4688 λῖῐ
2657 4633 2803 4699 ὑπὲρ
2847 4634 2950 4688 δύο
2996 4633 3270 4698 cunam<

689 4719 892 4786 ἔχοντα
952 4721 1061 4786 τὴν
1113 4719 1225 4785 πρὸ
1276 4719 1475 4773 τέλους
1528 4720 1806 4785 ςυλλαβὴν
1861 4717 1939 4773 είς
1993 4722 2025 4772 λ
2072 4718 2498 4785 καταλήγουςαν
2549 4718 2737 4772 πάντα
2784 4719 3269 4787 προπαροξύνεται

689 4787 814 4841 οἷον
871 4788 1122 4852 δίκελλα,
1184 4786 1455 4851 μάκελλα,
1517 4786 1780 4853 (ίβυλλα,
1841 4787 2173 4854 Πρίςκιλλα,
2233 4787 2606 4840 Φαλκώνιλλα
2665 4790 2756 4841 καὶ
2814 4788 3009 4841 ἄελλαι
3077 4788 3269 4852 φωναὶ

690 4858 839 4922 παρὰ
893 4856 1170 4922 (οφοκλεῖ
1222 4855 1284 4908 ὲν
1339 4855 1565 4924 Φαίδρᾳ.
1620 4883 1682 4893 -
1736 4856 1944 4908 θύελλα
1991 4886 2057 4894 -
2106 4856 2344 4910 Κύδιλλα
2402 4873 2469 4907 ex
2514 4859 2759 4924 Theogn.
2799 4884 2865 4894 —-
2916 4856 3154 4920 Κόριλλα
3206 4885 3267 4894 -
