3664 5546
631 371 758 433 472
1568 364 1650 417 εκ
1689 362 1828 416 mu
1872 361 2280 415 ΗΡΩΔΙΑΝογ

635 541 971 620 λάμενος
1018 539 1097 603 οὐ
1144 538 1301 601 κατὰ
1333 536 1539 601 πάθος
1569 536 1857 612 γίνονται
1903 533 2492 611 προπαροξυτόνως
2521 532 2653 598 ἀπὸ
2685 537 2802 598 τοῦ
2833 533 3230 613 οὐταςμὲνος

632 645 733 708 καὶ
790 641 1245 721 ἐληλαςμένος,
1307 640 1525 716 ἐπειδὴ
1584 638 1673 702 ὡς
1734 636 1894 701 ὄντα
1951 636 2111 713 ὑπὲρ
2166 638 2336 714 τρεῖς
2391 636 2706 715 ςυλλαβάς
2761 634 3051 715 ὤφειλον
3107 635 3228 699 τὸν

631 745 832 809 αὐτὸν
875 743 1072 821 τόνον
1118 741 1424 821 φυλάξαι,
1480 739 1621 804 ἀλλ’
1667 740 1797 803 ἀπὸ
1842 743 1974 802 τῶν
2020 739 2108 802 εἰς
2153 743 2218 813 ’μί
2264 737 2444 818 εἰςίν,
2504 738 2594 801 ὡς
2651 737 2782 802 ἀπὸ
2826 742 2942 802 τοῦ
3002 737 3230 815 οὔτημι

632 847 737 911 καὶ
789 846 1085 926 ἑλήλημι,
1134 843 1245 908 ἵνα
1298 842 1447 906 ὦςιν
1504 841 1850 906 ἐνεςτῶτος
1905 841 2007 904 καὶ
2061 844 2490 918 παρατατικοῦ
2550 840 2763 917 ὥςπερ
2802 838 3006 918 ἵςτημι
3056 839 3230 905 ἵετα-

574 956 606 1004 5
638 969 744 1028 μαι
789 948 1221 1025 ίςτάμενος.

698 1089 717 1098 -
805 1048 877 1113 Αἱ
933 1049 1021 1112 εἰς
1076 1052 1115 1125 ῆ
1171 1047 1470 1124 λήγουςαι
1526 1045 1791 1122 θηλυκαὶ
1843 1044 2349 1127 παροξύνονται,
2415 1046 2898 1125 τυπτομένη,
2942 1044 3231 1124 ’τετυμ-

637 1153 842 1232 μένη.
1643 1225 1657 1235 ·

805 1253 877 1316 Αἱ
935 1252 1021 1315 εἰς
1078 1255 1120 1314 ἆ
1174 1251 1437 1329 θηλυκαὶ
1492 1248 2096 1328 προπαροξύνονται
2153 1250 2190 1326 ἢ
2248 1253 2826 1326 προπεριςπῶνται.
2915 1249 3017 1311 καὶ
3070 1267 3233 1326 προ-

638 1359 1065 1432 περιςπῶνται
1111 1353 1257 1433 μέν,
1304 1350 1442 1416 ὅςαι
1489 1350 1621 1415 ἀπὸ
1668 1349 1997 1418 ὀξυτόνων
2044 1351 2194 1415 εἰςὶν
2225 1350 2575 1429 ἀρςενικῶν
2619 1351 2658 1428 ἢ
2704 1351 3234 1431 περιςπωμένων,

542 1463 605 1513 10
639 1461 815 1521 νοῶν
873 1458 1197 1535 νοοῦςα,
1252 1454 1599 1534 εὐφρανῶν
1646 1453 2196 1535 εὐφρανοῦςα,
2253 1451 2472 1517 τυπείς
2525 1454 2883 1533 τυπεῖςα,
2939 1452 3236 1530 τετυφώς

639 1559 1040 1636 τετυφυῑα.
1130 1555 1732 1633 προπαροξύνονται
1793 1556 1896 1635 δέ,
1954 1554 2092 1618 ὅςαι
2155 1553 2287 1619 ἀπὸ
2347 1554 2720 1634 βαρυτόνων
2776 1552 2929 1618 εἰςὶν
2988 1553 3236 1631 ἀρςενι-

642 1662 805 1739 κῶν,
854 1658 1062 1733 λέγων
1109 1657 1476 1738 λέγουςα,
1521 1657 1751 1736 τύψων
1795 1657 2178 1738 τύψουςα,
2226 1656 2492 1734 ποιήςας
2537 1657 2938 1734 ποιήςαςα.

810 1758 885 1822 Αἱ
931 1759 1263 1837 ούδέτεραι
1308 1760 1570 1836 μετοχαὶ
1614 1758 1995 1838 ὁμοτονοῦςι
2041 1760 2178 1822 τοῖς
2224 1757 2405 1821 ἰδίοις
2450 1757 2836 1840 ἀρςενικοῖς,
2892 1757 2931 1821 6
2972 1757 3240 1821 τύπτων

644 1863 731 1926 τὸ
786 1860 1117 1943 τύπτον,
1174 1859 1211 1923 6
1256 1866 1466 1925 ποιῶν
1523 1860 1608 1924 τὸ
1664 1864 1983 1943 ποιοῦν,
2040 1859 2078 1922 6
2135 1860 2353 1939 λαβών
2409 1861 2495 1925 τὸ
2554 1860 2829 1941 λαβόν,
2886 1859 2925 1923 6
2967 1860 3241 1937 ποιήςας

480 1967 491 1968 ’
549 1971 609 2021 15
643 1963 731 2027 τὸ
776 1967 1142 2044 ποιῆςαν,
1188 1963 1242 2026 εἰ
1287 1964 1390 2026 καὶ
1433 1963 1514 2041 μὴ
1558 1963 1674 2027 τὸν
1719 1961 1921 2026 αὐτὸν
1966 1963 2072 2025 διὰ
2114 1963 2230 2056 τόν
2275 1961 2540 2026 κανόνα.

812 2064 885 2128 Αί
930 2064 1361 2143 ςυντιθέμεναι
1390 2066 1653 2142 μετοχαὶ
1697 2063 1816 2138 οὐκ
1847 2063 2290 2143 ἀναβιβάζουςι
2330 2064 2447 2129 τὸν
2477 2064 2964 2147 τόνον,,λέγων
3009 2083 3242 2127 κατα-

650 2166 937 2249 λέγων,
1003 2165 1225 2246 φέρων
1291 2166 1778 2246 περιφέρων,
1837 2164 2046 2229 ἐλθών
2102 2164 2497 2247 ἀνελθών,
2556 2166 2733 2230 ςπών
2793 2166 3245 2250 μεταςπών,

647 2272 870 2332 πατῶν
925 2272 1398 2346 περιπατῶν.
1488 2267 1543 2331 εἰ
1598 2268 1669 2331 δὲ
1723 2266 2168 2347 ἀναβιβάζουςι
2233 2267 2348 2332 τὸν
2411 2267 2642 2350 τόνον,
2704 2267 2914 2332 οὐκέτι
2978 2266 3246 2346 μένουςι

649 2369 939 2452 μετοχαί,
985 2368 1127 2433 ἀλλ’
1157 2368 1443 2448 ὀνόματα
1471 2367 1787 2449 γίνονται,
1832 2369 1985 2432 τλάς
2030 2369 2333 2451 Ἄτλας,
2381 2368 2494 2448 βάς
2531 2370 2786 2449 Ἄβας,
2831 2369 2963 2448 φάς
3005 2368 3245 2447 Περί-

547 2480 615 2529 20
649 2491 834 2554 φας,
890 2472 1236 2548 χωρὶςτῆς
1282 2470 1446 2533 ἑκών
1493 2471 1594 2533 καὶ
1639 2467 1910 2534 ἀέκων.
1999 2471 2098 2534 καὶ
2142 2469 2310 2535 ἕςτιν
2356 2471 2558 2536 εἰπεῖν
2605 2472 2961 2550 διαφόρους
3012 2470 3246 2553 λύςεις,

648 2733 684 2794 ἰ
720 2726 1051 2795 ἠκαχμένον.
1124 2727 1289 2776 Porro
1327 2725 1440 2789 hie,
1479 2727 1700 2792 opinor,
1737 2722 2072 2791 ἁλιτήμενος
2121 2727 2199 2777 sic
2235 2728 2541 2793 explicavit
2579 2731 2644 2777 ut
2680 2729 2736 2777 iu
2774 2727 2997 2781 Prosod.
3037 2727 3247 2792 Odyse.

651 2799 682 2849 6
718 2800 842 2848 207:
882 2795 949 2846 τὸ
985 2793 1321 2857 ἀλιτήμενος
1359 2793 1408 2845 εί
1446 2794 1547 2857 μὲν
1584 2793 1984 2858 παροξύνεται,
2031 2809 2111 2845 πα
2186 2792 2441 2858 κείμενός
2478 2795 2592 2848 ἑςτι
2639 2793 2782 2846 κατὰ
2826 2795 3101 2859 ςυςτολὴν
3137 2797 3246 2859 τῆς

652 2863 948 2930 ἀρχούςης·
976 2861 1025 2914 εἰ
1049 2862 1110 2913 δὲ
1136 2854 1641 2926 προπαροξύνεται,
1669 2860 1913 2914 ἐνεςτώς
1933 2861 2046 2913 ἑςτι
2067 2862 2111 2914 Α
2135 2863 2324 2915 ολικὸς
2345 2863 2424 2915 ὡς
2453 2862 2805 2927 ἀλαλήμενος
2838 2863 2929 2914 καὶ
2962 2861 3244 2927 ἀκαχήμε·

654 2948 765 2984 νος.
803 2935 884 2982 De
910 2929 1254 2996 ἐληλάμενος
1281 2935 1337 2981 et
1361 2929 1675 2993 οὐτάμενος
1712 2930 1913 2995 duplex
1939 2932 2328 2996 interpretatio
2355 2933 2572 2997 prolata
2599 2932 2729 2993 fuit,
2757 2947 2983 2995 quarum
3007 2931 3246 2981 alteram

580 3034 587 3040 ·
652 3000 1002 3052 Herodianus
1027 2999 1399 3065 praeoptavit.
1449 2999 1735 3062 Quomodo
1768 2999 1825 3048 in
1853 2999 2204 3064 explanando
2241 3001 2597 3065 processerit,
2624 2999 2928 3049 clarissime
2991 2998 3147 3050 atefit
3173 3014 3246 3048 ex

633 3070 716 3128 Jl.
742 3071 833 3122 Pr.
859 3067 902 3118 Λ
927 3070 1053 3118 659:
1091 3064 1420 3128 οὐτάμενοι;
1454 3064 1815 3132 -Ἀρίςταρχος
1843 3064 1922 3118 ὡς
1956 3064 2237 3129 ίςτάμενοι
2262 3068 2353 3118 καὶ
2380 3066 2712 3131 κιχράμενοι.
2749 3064 2949 3130 Πάμφι
2987 3080 3049 3118 ος
3073 3065 3136 3117 δὲ
3162 3064 3246 3117 ὡς

653 3134 1006 3201 δεδαρμένοι,
1045 3134 1169 3185 ἐπεὶ
1207 3134 1296 3184 καὶ
1332 3134 1401 3185 τὸ
1440 3132 1768 3200 βεβλημένοι
1812 3133 2155 3186 ςυντελικόν.
2226 3135 2317 3186 καὶ
2362 3135 2514 3186 δοκεῖ
2559 3134 2629 3184 τὸ
2672 3137 2938 3185 τοιοῦτον
2982 3131 3097 3185 ἀπὸ
3136 3133 3244 3183 ἑνι-

655 3207 757 3256 κοῦ
795 3202 1029 3267 ἀριθμοῦ
1068 3201 1215 3253 πολὺ
1254 3201 1536 3267 πρότερον
1572 3203 1951 3267 τεθεωρῆςθαι
1997 3202 2138 3266 παρ’
2173 3202 2352 3268 αὐτῷ·
2401 3202 2536 3266 φηςὶ
2580 3200 2688 3266 γὰρ
2724 3200 2898 3253 «οὔτ’
2932 3200 3002 3265 ἂρ
3048 3201 3247 3265 βεβλη-

657 3271 824 3336 μένος
860 3269 989 3323 ὁξέῑν
1010 3271 1202 3335 χαλκῷ
1240 3268 1373 3320 οὔτ’
1404 3268 1770 3336 αὐτοςχεδίην
1805 3268 2191 3332 οὐταςμένος»
2230 3270 2355 3331 (Od.
2381 3271 2414 3321 λ
2453 3269 2591 3333 536).
2642 3269 2862 3320 ςυντελι
2970 3266 3076 3332 γὰρ
3115 3283 3248 3331 μετ·

656 3343 759 3459 {iffi
782 3336 1493 3471 &mzzfssmt‘ffiz‘
1518 3336 2223 3468 3352’5332‘422'055233
2257 3335 3249 3468 πέἒθὲἔίἳῗέςῗῶῗῗέκῖιξξῗμέῗῗε

657 3423 845 3527 οὕτξιως
891 3472 1294 3535 ἀνεγίνωςκεν,
1350 3471 1493 3524 ἀλλὰ
1538 3471 1952 3537 παρακείμενον
1999 3444 2343 3524 πεπονθότα.
2425 3472 2546 3537 ἔχει
2583 3471 2644 3523 δὲ
2685 3472 2890 3523 οὕτως.
2969 3471 3122 3537 παρὰ
3174 3472 3249 3523 τὸ

657 3542 812 3595 οὐτῶ
851 3539 1282 3607 περιςπώμενον
1320 3539 1578 3592 ἐκπίπτει
1616 3540 1963 3605 παραγωγὸν
1989 3538 2066 3592 εἰς
2101 3545 2156 3602 μὶ
2186 3541 2362 3604 λῆγον
2395 3540 2464 3592 τὸ
2500 3540 2729 3605 οὔτημι,
2770 3538 2880 3605 ἀφ’
2904 3538 2972 3592 οὗ
2997 3539 3250 3605 ἁπαρέμ-

658 3624 845 3675 φατον
880 3609 950 3660 τὸ
988 3606 1221 3660 οὐτάναι
1259 3608 1348 3659 καὶ
1384 3607 1704 3670 οὐτάμεναι.
1775 3607 1891 3659 ἀπὸ
1938 3607 2000 3659 δέ
2043 3611 2146 3660 τοῦ
2195 3608 2399 3673 οὔτημι
2443 3607 2657 3671 γίνεται
2701 3609 2982 3674 παθητικὴ
3034 3608 3249 3672 μετοχὴ

659 3675 973 3739 οὐτάμενος
1010 3676 1101 3728 καὶ
1136 3674 1436 3738 οὐτάμενοι
1473 3674 1551 3727 ὡς
1590 3674 1921 3739 κιχράμενοι.
1965 3674 2091 3727 ἀλλ’
2114 3676 2182 3727 οὔ
2209 3691 2397 3740 φαμεν
2433 3676 2652 3742 ταύτην
2688 3676 2833 3728 εἶναι
2869 3675 2932 3728 ἐν
2967 3680 3038 3743 τῇ
3079 3676 3248 3739 (νῠνῖ

660 3746 862 3803 Lehrs)
899 3742 1176 3807 ςυντάξει,
1216 3743 1341 3795 ἀλλ’
1376 3742 1573 3808 ἔτερόν
1609 3758 1662 3793 τι
1708 3742 1867 3809 αὐτῷ
1913 3743 2147 3809 ςύνηθες
2184 3744 2333 3809 ῥῆμα
2379 3743 2522 3796 εἶναι
2568 3744 2638 3795 τὸ
2675 3743 2925 3808 οὐτάζω,
2974 3743 3109 3796 ὅθεν
3155 3743 3250 3795 καὶ

660 3812 898 3865 οὔταςεν
935 3811 967 3863 ὁ
1004 3810 1280 3876 ἀόριςτος’
1318 3810 1385 3863 οὐ
1421 3810 1527 3875 γὰρ
1551 3811 1620 3876 δὴ
1648 3811 1886 3875 ςυςτολὴ
1922 3814 2025 3863 τοῦ
2063 3812 2329 3878 οὔτηςεν,
2368 3811 2447 3864 ὡς
2484 3812 2774 3877 πρόδηλον
2810 3811 2915 3864 κάκ
2939 3814 3043 3863 τοῦ
3068 3810 3250 3875 ἀπαρ-

662 3879 919 3944 εμφάτου
964 3878 1236 3931 «οὺτάςαι
1281 3879 1414 3930 οὐδὲ
1460 3880 1692 3943 βαλεῖν»
1740 3878 1827 3943 (Il.
1869 3878 1917 3931 Ξ
1951 3881 2074 3942 424)
2113 3880 2202 3930 καί
2239 3879 2299 3932 ἐκ
2334 3883 2437 3931 τοῦ
2476 3880 2784 3931 «οὔταςται
2819 3880 2878 3931 δ’
2913 3879 3250 3932 Ὀδυςςεύς»

663 3948 729 4011 (Λ
755 3948 893 4012 661).
943 3947 1134 4013 τούτῳ
1172 3948 1240 4013 δὴ
1278 3951 1362 4014 τῷ
1389 3946 1655 4000 οὔταςται
1682 3946 1966 4013 παρέθηκε
1995 3948 2239 4011 μετοχὴν
2263 3947 2370 4012 τὴν
2396 3946 2739 4010 οὐταςμένος
2763 3947 2873 3999 «οὔ
2898 3948 2961 3998 τ’
2984 3946 3249 4010 αὐτοςχε-

660 4014 786 4081 δίην
821 4015 1205 4078 οὐταςμένος»
1243 4016 1369 4077 (Od.
1408 4016 1440 4066 λ
1478 4016 1599 4080 536)
1637 4016 1759 4079 ἥτις
1796 4016 1933 4066 κατ’
1969 4015 2219 4078 ἔλλειψιν
2264 4018 2367 4066 τοῦ
2403 4017 2436 4067 ἴ
2470 4013 2686 4077 γίνεται
2721 4014 3051 4079 οὐτάμενος.
3110 4029 3249 4079 προ·

661 4084 1003 4149 παρωξύνθη
1041 4083 1102 4136 δὲ
1139 4083 1254 4135 ὑπὸ
1289 4087 1392 4134 τοῦ
1434 4082 1791 4148 Ἀριςτάρχου
1826 4083 1916 4134 διὰ
1951 4082 2056 4133 τὸν
2082 4083 2432 4147 χαρακτῆρα,
2471 4081 2594 4134 ἐπεὶ
2630 4081 2688 4134 αἱ
2723 4087 2977 4135 τοιαῦται
3015 4083 3248 4147 μετοχαὶ

663 4152 1207 4217 προπαρωξύνοντο,
1247 4150 1564 4215 ἱςτάμενος,
1604 4150 1947 4215 κιχράμενος.
2006 4150 2039 4201 6
2073 4150 2180 4214 γὰρ
2216 4150 2359 4214 ἀνὴρ
2395 4154 2480 4216 τῷ
2518 4154 2823 4216 χαρακτῆρι
2861 4152 3075 4214 μᾶλλον
3110 4150 3248 4203 τοὺς

660 4221 864 4272 τόνους
903 4218 1215 4283 προςνέμει.
1286 4218 1474 4270 ἄλλως
1511 4233 1573 4270 τε
1612 4220 1700 4269 καὶ
1737 4218 1772 4281 ἡ
1820 4217 2089 4283 γινομένη
2136 4221 2239 4269 τοῦ
2277 4220 2310 4270 ἰ
2346 4218 2539 4282 ὕφεςις
2586 4219 2676 4270 καὶ
2721 4218 3043 4284 ἀναδρομὴν
3088 4216 3250 4282 ἐργά-

660 4289 813 4341 ζεται
846 4287 1036 4339 τόνου.
1109 4288 1180 4337 ef.
1217 4288 1395 4337 Lehrs
1432 4288 1599 4337 Arist.
1637 4291 1737 4337 255
1782 4288 1867 4336 ed.
1903 4288 1976 4339 11.
2115 4286 2150 4339 l.
2189 4290 2358 4338 6-20
2401 4287 2572 4351 χωρὶς
2607 4288 2711 4350 τῆς
2748 4285 2899 4338 ἑκών
2935 4287 3025 4338 καὶ
3061 4284 3250 4337 ἀέκων

662 4362 789 4407 sunt
830 4372 897 4405 ex
934 4358 1054 4405 Arc.
1095 4358 1206 4411 177,
1250 4359 1309 4405 18
1348 4371 1522 4419 seqq„
1562 4353 1722 4419 ςπώγ
1760 4353 2065 4416 μεταςπών
2102 4355 2311 4405 inserui
2359 4373 2424 4404 ex
2461 4355 2523 4406 ΙΙ.
2563 4355 2650 4404 Pr.
2692 4353 2729 4403 Ρ
2771 4357 2892 4423 ¹9⁰?
2942 4354 3250 4418 μεταςπών

662 4422 741 4475 ὡς
778 4422 1137 4485 καταλαβών·
1177 4422 1289 4474 ἐςτι
1319 4422 1725 4486 γὰρκδεύτερος
1762 4421 2032 4485 ἀόριςτος.
2069 4420 2303 4484 οὐδεμία
2337 4422 2398 4473 δέ
2435 4423 2645 4487 μετοχὴ
2683 4420 2746 4473 ὲν
2781 4421 3027 4474 ςυνθὲςει
3061 4421 3251 4484 ἀναβι-

663 4490 810 4555 βάζει
854 4491 960 4542 τόν
1004 4491 1204 4553 τόνον,
1255 4490 1341 4540 ὅτι
1388 4491 1462 4555 μὴ
1511 4489 1655 4556 μόνη
1702 4490 1737 4554 ἡ
1777 4488 1992 4554 ἀέκων,
2031 4491 2158 4554 περὶ
2196 4489 2261 4554 ἧς
2295 4491 2589 4555 ζητοῦμεν.
2642 4492 2800 4540 Haec
2836 4489 3056 4555 ζήτηςις
3101 4491 3253 4540 eius-

662 4576 765 4626 que
822 4560 1022 4610 solutio
1078 4560 1351 4609 contineri
1402 4559 1623 4610 videtur
1674 4560 1732 4610 in
1786 4560 1884 4623 iis,
1953 4575 2092 4624 quae
2153 4560 2571 4610 Choeroboscus
2635 4560 2900 4610 servavit.
3001 4560 3138 4608 Nam
3191 4558 3252 4607 in

660 4634 949 4692 utramque
995 4632 1203 4694 partem
1251 4628 1623 4694 disceptatur,
1680 4628 1910 4693 primum
1956 4643 2052 4677 cur
2108 4628 2457 4693 participium
2506 4625 2694 4677 ἀέκων
2740 4632 3032 4676 accentum
3075 4630 3250 4675 retra-

663 4697 792 4746 here
847 4698 1046 4760 possit,
1106 4702 1217 4746 tum
1270 4712 1367 4746 cur
1418 4712 1528 4746 non
1580 4697 1768 4761 potius
1820 4702 2047 4761 propter
2099 4700 2398 4745 retractum
2450 4700 2738 4746 accentum
2777 4692 2992 4745 ·ἀέκων
3053 4708 3252 4743 nomen

664 4779 827 4827 quam
874 4765 1218 4828 participium
1266 4765 1625 4815 existimetur.
1706 4767 1863 4827 Quae
1919 4763 2240 4827 disputandi
2294 4764 2435 4813 ratio
2491 4778 2653 4828 quam
2699 4763 2936 4811 maxime
2983 4760 3253 4811 Herodia-

664 4847 770 4880 nea
818 4836 919 4882 est.
991 4832 1171 4892 Quare
1216 4832 1343 4881 inde
1389 4833 1459 4881 ab
1507 4831 1543 4880 l.
1577 4835 1643 4881 20
1690 4847 1863 4896 usque
1909 4832 1941 4883 l.
1978 4832 2043 4880 26
2077 4847 2199 4895 pag.
2246 4848 2359 4895 seq.
2428 4831 2800 4881 Choerobosci
2847 4830 3254 4895 expositionem
