3664 5546
617 306 749 371 246
1554 301 1636 356 εκ
1673 299 1812 354 mu
1857 298 2263 355 ΗΡΩΔιΑΝοΥ

615 483 759 559 θος,
805 474 929 555 ἀφ’
971 474 1064 539 ὧν
1110 474 1323 539 εὐδίας
1367 472 1702 552 γινομένης
1734 470 1956 537 ἔλαιον
2001 469 2371 536 ἐπιπολάζει
2413 471 2761 551 τοςοῦτον,
2805 466 2961 531 ὅςον
3006 464 3193 544 ἀρύε-

617 584 749 644 ςθαι
795 574 955 642 αὐτὸ
999 580 1139 642 ταῖς
1184 576 1393 654 χερςὶν
1434 573 1527 645 ,εἰς
1573 573 1815 654 ςκάφος
1863 574 1965 637 καὶ
2009 576 2269 653 χρῆςθαι
2313 570 2503 653 αὐτῷ.
2592 569 2832 651 ἅλως,
2878 568 3039 634 ἕως.
3113 568 3194 633 τὰ

612 681 685 745 δὲ
726 680 809 760 μὴ
855 677 1061 744 οὕτως
1105 677 1340 756 ἔχοντα
1383 674 1706 758 ὀξύνεται,
1750 674 2018 757 αἰδώς,
2060 673 2231 752 ἠώς.

786 804 821 839 ιι
866 780 958 845 Τὰ
1002 779 1091 845 εἰς
1133 777 1254 843 δύο
1300 778 1609 857 ςύμφωνα
1654 776 1935 855 λήγοντα
1978 775 2431 855 πολυςύλλαβα
2490 773 2856 856 βαρύνεται,
2912 773 3192 850 Τῑρυνς

555 902 587 950 5
616 884 802 949 πόλις
845 885 955 961 τῆς
997 880 1505 958 Πελοποννήςου
1566 878 1669 943 «οἱ
1714 877 1782 941 δ’
1823 878 2058 956 Ἀργος
2111 877 2173 941 τ’
2229 874 2410 956 εἶχον
2454 875 2731 955 Τίρυνθά
2782 893 2851 939 τε
2894 874 3191 954 τειχιόες-

614 1006 771 1051 ςαν»
818 985 893 1067 (Β
923 981 1096 1063 559).
1141 984 1419 1048 καλεῖται
1464 981 1535 1045 δὲ
1580 978 1710 1044 ἀπὸ
1743 978 2051 1058 Τίρυνθος
2095 977 2388 1059 ἀδελφοῦ
2418 978 2910 1058 Ἀμφιτρύωνος.
2962 978 3193 1055 γέγονε
3287 976 3296 983 ’

613 1089 685 1153 δὲ
728 1085 799 1151 ἐκ
850 1088 969 1150 τοῦ
1011 1070 1202 1162 Τῖρυς
1245 1082 1576 1163 προςθέςει
1631 1084 1749 1144 τοῦ
1792 1084 1848 1144 ἧ.
1938 1080 2238 1163 ἕλμινς,
2294 1081 2616 1164 μάκαρς,
2671 1077 3001 1163 δάμαρς,
3057 1079 3192 1144 (ά-

616 1192 805 1266 λαρς
860 1190 1050 1264 νῆςος
1093 1185 1353 1267 Λιβύης,
1407 1182 1753 1262 Περίηρς
1806 1183 1967 1261 παρ’
2019 1183 2310 1261 Ἀλκμᾶνι
2369 1183 2437 1248 ἐκ
2490 1185 2607 1248 τοῦ
2661 1181 2979 1262 περιήρης.
3065 1181 3193 1246 ἔςτι

615 1292 688 1355 δὲ
731 1288 1008 1354 ἄκλιτον.
1094 1284 1169 1352 rb
1215 1288 1285 1351 δὲ
1330 1284 1816 1366 μονοςύλλαβον
1862 1283 2002 1349 ἅλς
2047 1283 2353 1352 ὀξύνεται.

520 1406 583 1458 10
752 1391 878 1454 .Τὰ
931 1389 1019 1455 εἰς
1072 1392 1171 1467 ἂψ
1224 1387 1678 1468 πολυςύλλαβα
1745 1385 2109 1469 βαρύνεται,
2166 1387 2445 1470 Ἄραψ,
2512 1389 2843 1469 λαῖλαψ,
2908 1385 3191 1467 θέραψ,

619 1492 944 1570 (κίραιιν
1011 1491 1137 1557 ἔςτι
1183 1492 1254 1555 δὲ
1299 1488 1506 1570 ὄνομα
1548 1489 1768 1568 κύριον
1813 1489 1989 1567 παρὰ
2030 1492 2170 1553 τοῖς
2213 1492 2511 1568 κωμικοῖς
2566 1487 3031 1568 εύριςκόμενον.
3115 1488 3192 1552 τὸ

619 1596 692 1660 δὲ
735 1592 1189 1674 πλινθοβάψ
1235 1592 1337 1657 καὶ
1377 1591 1837 1671 πελεθοβάψ
1884 1591 2188 1657 ὀξύνεται.

788 1695 882 1760 Τὰ
926 1694 1014 1760 εἰς
1060 1699 1111 1772 ᾧ
1156 1694 1607 1774 πὀλυςύλλαβα
1649 1692 1884 1773 ἔχοντα
1927 1692 2055 1771 πρὸ
2110 1696 2226 1757 τοῦ
2281 1698 2332 1772 ἰῇ
2379 1697 2416 1758 ὃ
2459 1694 2498 1771 ἢ
2550 1696 2583 1757 ἒ
2627 1692 2995 1776 βαρύνεται,
3044 1692 3192 1757 Πέ-

624 1800 809 1878 λοψ,
863 1795 1148 1876 Δρύοψ
1215 1795 1405 1860 ἔθνος
1457 1797 1603 1874 περὶ
1658 1797 1774 1874 τὴν
1832 1794 2060 1877 Οἴτην,
2127 1795 2400 1875 μέροψ.
2484 1794 2610 1860 ἔςτι
2664 1797 2736 1861 δὲ
2789 1795 2891 1860 καὶ
2955 1794 3191 1874 κύριον.

528 1914 585 1965 15
625 1899 905 1976 Μέροψ
952 1897 1073 1976 γάρ
1119 1898 1243 1963 ἐςτι
1288 1900 1438 1962 παῖς
1483 1899 1596 1977 μὲν
1628 1896 1904 1978 Τριόπα,
1949 1898 2156 1975 πατὴρ
2201 1899 2274 1963 δὲ
2303 1900 2414 1976 τῆς
2449 1897 2581 1979 Κῶ,
2626 1895 2751 1978 ἀφ’
2784 1895 2863 1961 οὗ
2897 1897 3194 1975 Μέροπες

623 1998 684 2064 οἱ
732 1998 913 2084 Κῷοι.
969 1998 1250 2078 Δόλοψ
1296 1998 1469 2078 ἥρως
1512 1999 1614 2063 καὶ
1642 1998 1832 2063 ἔθνος
1863 1998 2199 2064 Θεςςαλῶν
2229 1998 2512 2081 ἔγγιςτα,
2555 1999 2842 2077 Ἔλλοψ
2884 1997 2922 2062 ὁ
2950 1999 3194 2078 Ἴωνος,

622 2100 747 2181 ἀφ’
799 2098 878 2164 οὗ
935 2100 1229 2165 Ἐλλοπία
1285 2100 1860 2181 χωρίονἘύβοίας.
1955 2099 2292 2183 Κέκροψ,
2346 2101 2549 2179 Ὕοψ
2605 2100 2790 2166 πόλις
2846 2100 2916 2164 ἐν
2971 2099 3194 2182 Ἰβηρίᾳ

623 2201 1033 2281 χερρονήςου.
1088 2201 1410 2268 Ἑκαταῖος
1454 2203 1725 2285 Εὐρώπῃ
1771 2201 1967 2281 «μετὰ
2012 2203 2083 2266 δὲ
2118 2202 2299 2281 Ὕοψ
2344 2202 2563 2285 πόλις,
2608 2203 2762 2282 μετὰ
2806 2203 2877 2266 δὲ
2919 2201 3195 2279 Λεςυρός

623 2303 968 2383 ποταμός».
1042 2303 1322 2385 Τρίοψ·
1368 2305 1614 2384 Τρίοπα
1654 2303 1777 2382 γάρ
1824 2324 2014 2393 φηςιν
2059 2302 2422 2369 Ἑλλάνικος
2467 2304 2749 2383 Τρίοπον
2793 2305 2910 2369 τὸν
2953 2302 3196 2381 πατέρα
3301 2362 3306 2375 ,

520 2421 589 2473 20
625 2405 1076 2484 Ἐρυςίχθονος.
1143 2404 1181 2483 ἡ
1228 2407 1298 2470 δὲ
1343 2406 1642 2487 Μόψοψ
1689 2406 1905 2470 εὐθεῖα
1950 2404 2223 2485 ἄρρητός
2267 2406 2448 2471 ἐςτιν.
2503 2406 2785 2485 Αἰθίοψ
2835 2404 3194 2486 «Αἰθίοπας,

624 2508 724 2572 τοὶ
780 2507 965 2586 διχθὰ
1018 2507 1335 2572 δεδαίαται
1390 2508 1641 2586 ἔςχατοι
1698 2506 1994 2586 ἀνδρῶν»
2052 2503 2207 2588 (od.
2253 2528 2294 2572 α
2337 2506 2463 2588 23).
2553 2508 2632 2572 οὐ
2689 2509 2810 2587 γὰρ
2866 2507 3102 2586 ἀληθὴς
3157 2506 3195 2571 ὁ
3236 2507 3248 2519 ”

625 2608 1054 2687 Ὑψικράτους
1101 2608 1295 2685 λόγος
1342 2609 1432 2674 ὡς
1480 2609 1673 2675 οὐδὲν
1719 2608 1811 2675 εἰς’
1851 2613 1950 2688 δῑιῑ
1980 2609 2139 2688 παρ’
2169 2608 2424 2694 Ὁμήρῳ
2455 2609 2619 2689 εἰμὴ
2663 2611 2738 2675 τὸ
2770 2612 3195 2688 καλαῦροψ.

627 2709 738 2776 εἰςὶ
768 2711 840 2775 δὲ
869 2711 971 2776 καὶ
998 2710 1074 2776 τὸ
1105 2710 1198 2790 ὄψ
1230 2712 1330 2777 καὶ
1370 2712 1445 2777 τὸ
1478 2711 1706 2792 μέροψ.
1775 2710 2092 2794 εὐρύοψ.
2163 2715 2507 2797 βοῦκλεψ
2549 2711 2707 2796 παρ’
2740 2711 3197 2794 Ἀριςτοφάνει,

626 2812 1056 2896 τυρόκλεψ,
1101 2812 1628 2897 ἀλευρόκλεψ,
1680 2814 2113 2898 νακόκλεψ,
2157 2817 2567 2893 κατῶβλεψ
2615 2811 2790 2878 εἶδος
2834 2813 3070 2894 θηρίου.

526 2927 591 2978 25
797 2912 890 2977 Τὰ
934 2913 1022 2978 εἰς
1067 2917 1118 2993 ᾧ
1162 2914 1396 2994 ἔχοντα
1439 2918 1471 2978 ῑ
1524 2917 1652 2994 πρὸ
1710 2919 1828 2982 τοῦ
1883 2921 1934 2995 ψ
1992 2915 2357 2997 βαρύνεται,
2413 2905 2871 2999 ςκευότριψ,
2924 2915 3196 2980 παιδό-

628 3036 847 3098 τριψ,
915 3015 1232 3098 χέρνιψ,
1301 3017 1755 3101 χοιρότριψ,
1822 3017 2221 3099 οἰκότριψ,
2287 3017 2707 3100 πεδότριψ,
2772 3016 3197 3098 ἀμφίτριψ,

633 3116 1053 3199 Κεντόριψ,
1121 3120 1495 3202 κατῆλιψ,
1561 3118 1869 3198 αἰγίλιψ
1937 3120 2039 3183 καὶ
2103 3118 2416 3198 Αίγίλιψ
2474 3120 2739 3200 πληςίον
2802 3117 3197 3197 Κροκυλείων

765 3371 801 3426 l.
837 3374 871 3423 4
903 3372 1046 3423 hune
1083 3389 1343 3424 canonem
1379 3376 1498 3442 ipse
1536 3375 1813 3440 composui
1850 3389 1917 3423 ex
1955 3373 2146 3425 Choer.
2183 3375 2266 3437 66,
2298 3376 2388 3435 29,
2427 3373 2628 3440 Ἱὶῑρυνε
2665 3375 2883 3441 explevi
2919 3391 2987 3425 ex
3022 3374 3100 3425 St.
3135 3373 3197 3422 B.

631 3440 751 3491 coll.
792 3441 1048 3491 Eustath.
1087 3441 1155 3491 ad
1193 3442 1409 3493 Homer.
1448 3444 1483 3498 1.
1523 3459 1567 3494 c.
1614 3448 1670 3492 et
1706 3441 1898 3492 Choer.
1937 3441 2093 3494 Orth.
2128 3443 2256 3505 264,
2293 3444 2352 3505 7,
2389 3444 2532 3493 unde
2577 3443 2748 3493 verba
2793 3441 2993 3505 γέγονε
3037 3440 3099 3493 δὲ
3133 3468 3199 3477 --

630 3511 734 3561 τοῦ
772 3511 833 3570 V,
872 3506 1085 3573 (ζάλαρς
1122 3510 1306 3574 recepi
1354 3527 1421 3560 ex
1457 3510 1536 3561 St.
1575 3512 1666 3572 B.‚
1713 3509 1807 3560 ubi
1845 3506 2057 3573 (ζάλαρς
2094 3507 2172 3560 ὡς
2210 3507 2433 3574 μάκαρς.
2502 3508 2747 3576 Περίηρς
2794 3528 2862 3562 ex
2896 3510 3036 3560 libro
3073 3508 3200 3573 περὶ
3243 3509 3252 3518 ‘

634 3579 836 3628 παθῶν
872 3577 927 3625 ἰιι
966 3578 1027 3633 Ε,
1067 3577 1138 3627 Μ.
1175 3579 1291 3640 663,
1330 3582 1410 3630 54.
1480 3580 1604 3628 Huc
1642 3577 1988 3628 referendum
2036 3585 2120 3628 est
2156 3578 2322 3628 etiam
2359 3576 2697 3643 Βερέκυντος
2744 3577 2937 3642 γενικὴ
2973 3579 3076 3641 τῆς
3113 3574 3200 3628 εὐ-

631 3642 783 3697 Θείας
820 3642 1066 3709 ἀρρήτου
1102 3661 1189 3710 ap.
1227 3647 1304 3696 St.
1340 3645 1404 3695 B.
1441 3647 1557 3707 163,
1597 3647 1674 3696 19.
1783 3645 1817 3696 Ι.
1859 3649 1913 3694 11
1956 3642 2168 3709 (κίραψ
2208 3661 2274 3696 ex
2310 3645 2502 3697 Choer.
2540 3649 2685 3698 Diet.
2722 3649 2819 3709 88,
2858 3652 2916 3696 11
2960 3653 3013 3697 et
3050 3647 3131 3697 26.

631 3713 666 3763 l.
709 3717 767 3764 14
803 3711 1005 3777 Δρύοψ
1041 3712 1258 3778 explevi
1295 3730 1361 3763 ex
1399 3713 1477 3765 St.
1516 3714 1595 3775 B.‚
1632 3710 1836 3777 Μέροψ
1874 3729 1940 3763 ex
1977 3713 2167 3764 eodem
2205 3729 2255 3778 p.
2290 3715 2417 3774 446,
2458 3718 2517 3764 11
2557 3714 2680 3766 coll.
2717 3718 2833 3776 402,
2874 3716 2964 3776 14,
2999 3711 3201 3776 Δόλοψ

633 3809 697 3816 -
735 3777 935 3843 Αἰθίοψ
973 3797 1036 3831 ex
1075 3780 1265 3831 eodem
1302 3780 1495 3831 adieci.
1654 3781 1689 3830 l.
1725 3785 1790 3832 23
1827 3779 2041 3845 εὐρύοψ
2079 3780 2292 3844 addidi,
2330 3782 2579 3846 βοῠκλεψ
2617 3783 2837 3848 explevi
2871 3797 2940 3833 ex
2973 3780 3076 3847 Ep.
3114 3781 3203 3831 Cr.

634 3851 658 3900 1
685 3851 801 3911 269,
827 3852 875 3900 9.
904 3875 965 3883 —-
992 3847 1372 3912 ἀλευρόκλεψ,
1411 3856 1472 3900 ut
1503 3865 1623 3900 eum
1648 3850 1782 3900 Lob.
1808 3849 2012 3899 Parall.
2039 3851 2136 3899 292
2162 3855 2273 3901 not.
2303 3853 2362 3900 14
2393 3866 2489 3916 pro
2515 3849 2869 3917 ἑφευρόκλεψ
2895 3850 3118 3914 scripsi,
3147 3853 3205 3902 et

634 3915 941 3980 νακόκλεψ,
979 3917 1279 3980 κατῶβλεψ
1306 3933 1372 3967 ex
1396 3917 1640 3983 Theogn.
1667 3919 1748 3980 97,
1775 3921 1859 3968 30.
1997 3917 2029 3967 l.
2057 3920 2122 3968 26
2159 3918 2225 3967 de
2248 3916 2445 3982 χέρνιψ
2479 3919 2550 3969 cf.
2576 3919 2755 3972 Schol.
2788 3919 2856 3969 ad
2882 3920 3049 3971 Arist.
3077 3921 3203 3970 Pae.

613 3987 759 4036 ·956:
796 3984 952 4037 οὕτω
977 3983 1084 4036 τὸν
1109 3984 1332 4049 χέρνιβα
1357 3985 1571 4048 μᾶλλον
1601 3983 2096 4050 προπαροξυντέον
2121 3984 2264 4037 κατὰ
2286 3987 2396 4051 τὴν
2419 3984 2738 4049 ἀναλογίαν.
2786 3985 2838 4040 οἱ
2873 3985 2935 4038 δὲ
2962 3985 3204 4038 Ἀττικοὶ

636 4052 1039 4118 παροξύνουςιν
1076 4050 1154 4104 ὡς
1192 4053 1253 4104 ἐν
1290 4050 1574 4120 τραγῳδίᾳ
1620 4053 1710 4105 καὶ
1747 4050 2031 4120 κωμῳδίᾳ.
2101 4054 2298 4104 Athen.
2335 4070 2384 4120 p.
2419 4057 2520 4105 409
2565 4054 2717 4119 παρὰ
2760 4057 2879 4106 τοῖς
2923 4058 3203 4119 τραγικοῖς

635 4122 725 4172 καὶ
760 4124 879 4173 τοῖς
915 4123 1180 4184 κωμικοῖς
1216 4120 1617 4185 παροξυτόνως
1661 4120 2007 4184 ἁνέγνωςται
2052 4118 2290 4186 χερνίβα.
2362 4120 2502 4187 παρ’
2536 4120 2799 4188 Εὐριπίδῃ
2848 4121 2910 4174 ἐν
2946 4121 3204 4187 Ἡρακλεῖ

634 4187 755 4242 «εἰς
793 4186 1007 4253 χερνίβ’
1031 4188 1110 4240 ὡς
1137 4187 1367 4253 βάψειεν
1395 4188 1706 4255 Ἀλκμήνης
1731 4189 1958 4253 γόνος».
1995 4187 2137 4241 ἀλλὰ
2160 4189 2251 4241 καὶ
2275 4188 2415 4255 παρ’
2439 4187 2701 4242 Εὐπόλιδι
2726 4189 2787 4241 ἐν
2813 4188 2963 4243 Αἰξίν
2987 4190 3204 4242 «αὐτοῦ

631 4258 739 4322 τὴν
778 4254 1001 4322 χερνίβα
1039 4255 1320 4310 παύςεις».
1390 4258 1494 4322 χρὴ
1533 4258 1723 4321 μέντοι
1762 4257 2276 4323 προπαροξυτόνως
2311 4256 2700 4322 προφέρεςθαι.
2769 4257 2842 4310 τὰ
2875 4257 2982 4323 γὰρ
3017 4257 3204 4311 τοιάδε

632 4324 910 4390 ῥηματικὰ
945 4323 1283 4377 ςυντεθέντα
1320 4323 1398 4378 είς
1434 4329 1482 4389 ψ
1520 4326 1769 4391 λήγοντα
1792 4325 2071 4389 γεγονότα
2107 4324 2258 4390 παρὰ
2280 4324 2386 4377 τὸν
2412 4324 2851 4391 παρακείμενον,
2888 4326 2996 4391 τὴν
3030 4341 3204 4392 παρα-

632 4393 912 4458 λήγουςαν
937 4395 1040 4444 τοῦ
1069 4393 1479 4458 παρακειμένου
1515 4393 1902 4460 φυλάςςουςιν,
1940 4393 2011 4446 ἄν
2034 4409 2097 4446 τε
2133 4393 2231 4459 ἔχῃ
2269 4395 2479 4445 τοῦτον
2514 4393 2600 4446 διὰ
2635 4397 2756 4446 τῶν
2793 4393 2895 4447 δύο
2930 4399 3012 4458 ‘mi
3048 4394 3204 4458 λεγό-

632 4475 829 4524 μενον,
870 4461 1165 4527 βαρύνεται
1202 4461 1484 4525 λέλειμμαι
1520 4460 1732 4527 αἰγίλιψ
1796 4461 2087 4528 τέτριμμαι
2112 4459 2396 4526 οἰκότριψ,
2434 4460 2734 4527 κέκλεμμαι
2771 4463 3018 4527 βοῦκλεψ
3056 4461 3206 4527 παρὰ

631 4528 908 4593 (Σοφοκλεῖ
954 4527 1177 4594 Ἑρμῆς,
1236 4530 1535 4594 βέβλεμμαι
1580 4531 1885 4595 κατῶβλεψ
1941 4545 2019 4583 πα
2055 4530 2091 4582 ἀ
2138 4528 2422 4596 Ἀρχελάῳ
2477 4533 2563 4596 τῷ
2609 4529 2914 4597 Χερρονίτῃ
2973 4529 3034 4583 ἐν
3086 4534 3206 4583 τοῖς

634 4597 975 4661 Ἰδιοφυέςινε
1015 4597 1076 4649 ἐν
1113 4596 1174 4650 δὲ
1210 4601 1328 4650 τοῖς
1365 4596 1617 4661 πλαγίοις
1653 4598 1726 4650 τὰ
1760 4601 1995 4650 τοιαῦτα
2052 4599 2112 4650 πί
2135 4600 2239 4664 τῆς
2275 4597 2453 4662 αὐτῆς
2489 4599 2762 4664 ςυλλαβῆς
2799 4597 3072 4664 φυλάττει
3096 4599 3206 4664 τήν

628 4664 799 4718 τάςιν.
840 4695 901 4701 -
939 4664 1229 4730 χοιρότριψ
1267 4682 1334 4717 ex
1369 4667 1615 4733 Theogn.
1653 4669 1745 4730 98,
1781 4671 1812 4716 2
1851 4674 1909 4718 et
1944 4668 2140 4718 Choer.
2177 4669 2270 4724 88.
2315 4668 2404 4727 16,
2442 4663 2701 4731 οἰκότριψ
2741 4684 2808 4718 ex
2847 4667 3068 4724 Choer..
3110 4681 3206 4719 πε-

627 4732 828 4798 δότριψ
864 4731 1142 4798 ἀμφίτριψ
1187 4749 1254 4785 ex
1290 4734 1534 4800 Theogn.
1571 4735 1693 4786 coll.
1732 4735 1917 4785 Diehr.
1954 4736 2068 4796 ⁶386,
2110 4737 2196 4798 ll,
2237 4731 2512 4798 Κεντόριψ
2551 4750 2618 4785 ex
2654 4736 2923 4803 Theogn..
2963 4736 3207 4802 κατῆλιψ

629 4817 696 4851 ex
734 4803 946 4864 choen,
985 4799 1197 4864 αἰγίλιψ
1235 4817 1303 4852 ex
1342 4804 1438 4867 Ep.
1477 4803 1564 4853 Cr.
1604 4805 1630 4853 1
1666 4805 1783 4865 269,
1823 4805 1905 4868 10,
1943 4800 2165 4866 Αίγίλιψ
2205 4818 2269 4853 ex
2309 4803 2387 4852 St.
2426 4805 2488 4855 Β.
