3664 5546
1098 394 1257 452 πεΡι
1298 392 1688 451 κΑοοΛικι-ις
1724 390 2147 452 ΠΡοςΩιΔιΑς
2185 390 2266 450 ιο.
2845 388 2967 459 511

560 568 659 633 Εἰς
704 570 740 648 ἴ)
788 569 1069 647 λήγοντα
1124 568 1517 648 ἐπιρρήματα
1571 567 1847 636 ὀξύτονα
1902 568 2020 633 οὐκ
2073 568 2239 633 ἐςτιν
2295 568 2396 631 καὶ
2438 567 2516 630 τὰ
2560 565 2732 630 ἁπλᾶ
2779 565 2970 645 βαρύ·

391 689 551 735 τονα
606 671 835 737 ςπάνια
890 672 993 736 καὶ
1046 671 1293 750 μονήρη
1351 671 1441 735 ὡς
1493 670 1625 750 ἔχει
1679 672 1755 736 τὸ
1811 670 2110 748 νύκτωρ
2166 668 2398 748 μόνον,
2434 667 2520 733 εἰς
2575 670 2676 745 ’ῶρ
2731 668 2832 731 καὶ
2893 668 2970 732 τὸ

392 769 572 851 ἄτερ
627 773 830 851 μόνον
886 772 974 838 εἰς
1030 764 1155 853 ε“ρ.’
1203 774 1280 838 τὸ
1335 772 1458 852 γὰρ
1501 772 1807 852 Δάματερ
1864 772 2118 851 κλητική
2186 771 2277 835 ὡς
2331 771 2407 834 τὸ
2463 770 2807 853 “Ἠρακλες,
2870 769 2972 833 καὶ

392 873 618 954 ἄφαρ.
725 876 803 940 τὸ
869 877 994 955 γὰρ
1061 874 1442 957 αὐτῆμαρ,
1507 877 1940 956 ποςςῆμαρ,
2009 873 2352 951 ἐννῆμαρ
2424 870 2689 937 ςύνθετα
2752 870 2969 949 παρώ-

391 977 560 1057 νυμὰ
603 976 772 1042 εἰςιν.
1420 1040 1431 1054 ,
2596 1022 2606 1045 ι
3005 987 3038 1037 5

560 1079 652 1144 Τὰ
696 1079 786 1144 εἰς
830 1083 912 1143 ἐἶς’
956 1080 1036 1159 μὴ
1080 1080 1576 1159 παραληγόμενα
1618 1085 1711 1164 τῷ
1754 1082 1786 1143 ἒ
1835 1077 1947 1143 ςὺν
1993 1077 2356 1162 ἐμεταβόλῳ
2396 1076 2716 1157 ὀξύνεται,
2761 1073 2972 1157 ἑκάς,

392 1180 711 1264 ἀνεκάς,
758 1179 1026 1263 ἀγκάς,
1072 1180 1443 1263 ἐντυπάς,
1488 1179 1902 1260 ἀνδρακάς.
1967 1181 2043 1245 τὸ
2089 1180 2305 1259 μέντοι
2349 1178 2592 1243 πέλας
2637 1176 2971 1257 βαρύνεται

392 1284 494 1348 καὶ
535 1284 610 1347 τό
656 1282 994 1362 ἀτρέμα(
1041 1283 1353 1363 «ἀτρέμας
1382 1281 1541 1362 ἧςο»
1589 1285 1665 1365 (Β
1695 1281 1880 1364 200),
1928 1281 2090 1361 ὅπερ
2120 1282 2222 1346 καὶ
2251 1282 2443 1359 χωρὶς
2485 1284 2601 1344 τοῦ
2645 1281 2680 1341 ἰ
2724 1278 2971 1354 λέγεται

392 1384 646 1462 ἀτρέμα.
731 1385 808 1449 τὸ
855 1386 926 1449 δὲ
971 1383 1198 1449 ἅλιας
1241 1385 1401 1463 παρ’
1445 1383 1818 1449 Ἱππώνακτι
1865 1383 2418 1463 προπαροξύνεται
2473 1381 2604 1446 ἀπὸ
2663 1384 2781 1444 τοῦ
2832 1378 2970 1443 ἅλις

392 1485 756 1550 πλεονάςαν
800 1487 877 1550 τὸ
924 1489 980 1550 ἆ.
1072 1503 1083 1513 ·
2657 1502 2690 1515 ··
3015 1499 3075 1550 ιο

511 1622 524 1634 ·
561 1606 597 1641 ³⁶
646 1588 739 1652 Τὰ
784 1587 872 1652 εἰς
916 1592 983 1653 ἔς
1038 1590 1322 1666 λήγοντα
1376 1587 1766 1669 ἐπιρρήματα
1820 1587 1995 1652 ἁπλᾶ
2049 1593 2330 1667 φυςικῶς
2375 1587 2492 1651 οὐκ
2536 1587 2733 1667 ἔςτιν,
2791 1584 2844 1649 εἰ
2888 1585 2969 1663 μὴ

393 1690 469 1754 τὸ
526 1689 748 1769 ἐχθές
802 1689 1181 1770 διςύλλαβον
1237 1690 1340 1754 καὶ
1393 1690 1573 1768 χθές
1627 1690 2111 1770 μονοςύλλαβον
2166 1690 2267 1754 καὶ
2325 1688 2770 1752 ἑνδελιςτές
2826 1684 2971 1751 ὀξύ-

394 1811 593 1856 τονον
636 1792 811 1870 παρὰ
856 1790 1322 1874 (υρακοςςίοις,
1377 1792 1414 1855 ὃ
1471 1792 1574 1856 καὶ
1629 1791 1980 1856 ἐλλιςτές
2037 1791 2312 1869 λέγεται·
2366 1791 2443 1854 τὸ
2498 1792 2620 1868 γὰρ
2666 1788 2795 1853 ἀές
2839 1786 2970 1852 ἀπὸ

393 1897 510 1957 τοῦ
555 1891 677 1957 ἀεί·
722 1895 797 1958 τὸ
843 1895 915 1958 δὲ
960 1893 1274 1976 ἄληθες,
1320 1892 1686 1971 ἐπίτηδες
1732 1892 2082 1973 ὀνοματικὰ
2125 1893 2227 1957 καὶ
2271 1893 2605 1973 βαρύτονα.

563 1994 657 2059 Τὰ
711 1994 801 2060 εἰς
844 1997 927 2074 {Tc
986 1995 1352 2078 βαρύνεται,
1409 1995 1685 2079 ἔμπης,
1752 1995 2163 2076 ἐξαίφνης,
2228 1993 2629 2076 ἐξαπίνης,
2695 1992 2969 2071 ἑξείης·
3008 2009 3071 2058 15

390 2099 465 2161 τό
520 2098 591 2161 δὲ
647 2096 817 2174 ἑξῆς
873 2099 950 2161 τὸ
1007 2096 1129 2162 ἀπ’
1183 2097 1383 2161 αὐτοῦ
1447 2101 1839 2175 περιςπᾶται.
1927 2098 2031 2161 καὶ
2093 2098 2169 2161 τὸ
2225 2095 2515 2175 ἀκαρής
2576 2095 2968 2174 ὀξυνόμενον

390 2198 774 2279 ὀνοματικόν
821 2198 984 2264 ἐςτιν
1030 2198 1259 2277 ὅμοιον
1303 2205 1396 2283 τῷ
1442 2198 1820 2278 εὐρυπυλής.
2767 2268 2770 2271 ,

558 2301 652 2366 Τὰ
705 2301 794 2367 είς
849 2305 903 2365 ῖς
961 2301 1243 2379 λήγοντα
1298 2301 1637 2382 διςύλλαβα
1695 2300 2063 2382 βαρύνεται,
2129 2299 2382 2382 μόλις,
2449 2300 2700 2382 μόγις,
2767 2299 2969 2382 ἅλις,

390 2401 561 2467 ἄνις
616 2402 757 2467 ἀντὶ
808 2406 925 2467 τοῦ
981 2403 1209 2484 χωρίς,
1265 2402 1531 2480 μέχρις
1574 2405 1677 2467 καὶ
1730 2402 1805 2466 τὸ
1850 2403 2009 2480 παρ’
2053 2401 2212 2466 αὐτὸ
2266 2400 2506 2480 ἄχρις.
2596 2403 2842 2477 λέγεται
2897 2403 2969 2465 δὲ

390 2506 492 2566 καὶ
534 2505 712 2581 μέχρι
755 2505 858 2568 καὶ
900 2503 1042 2582 ἄχρι
1088 2502 1243 2567 ἄνευ
1287 2506 1403 2567 τοῦ
1447 2508 1511 2586 Ξ,
1557 2503 1808 2586 αὖθις,
1864 2504 1901 2568 ὃ
1959 2503 2204 2581 λέγεται
2258 2504 2360 2568 καὶ
2412 2502 2556 2567 αὖθι
2609 2504 2713 2567 καὶ
2754 2502 2955 2567 αὖθιν.
3006 2518 3075 2568 20

393 2604 558 2681 μόνα
600 2606 676 2668 τὸ
722 2605 961 2683 χωρίς
1003 2605 1106 2669 καὶ
1160 2604 1397 2686 ἀμφίς
1451 2606 1806 2674 ὀξύνονται.
1894 2606 1973 2669 τὰ
2020 2607 2090 2669 δὲ
2134 2606 2295 2683 ὑπὲρ
2353 2606 2472 2669 δύο
2526 2607 2836 2684 ςυλλαβὰς
2879 2604 2970 2669 εἰς

394 2709 448 2769 ιῖ
495 2706 807 2790 λήγοντα,
852 2707 1343 2787 ὑπεςταλμένων
1373 2713 1504 2773 τῶν
1545 2708 1649 2771 διὰ
1677 2711 1793 2771 τοῦ
1834 2692 1987 2773 ἷις
2017 2708 2121 2772 καὶ
2160 2710 2299 2770 'ff'tc
2332 2706 2700 2789 ὀξύνονται,
2746 2706 2967 2784 ἐγκυ-

391 2808 536 2891 τίς,
593 2807 631 2872 ὃ
688 2811 882 2888 χωρὶς
933 2814 1050 2874 τοῦ
1107 2814 1141 2874 ἒ
1188 2810 1580 2891 Καλλίμαχος
1626 2809 1808 2876 εἶπεν
1866 2813 1979 2876 «ςὺ
2026 2812 2093 2876 δ’
2136 2811 2346 2887 ἐγκυτὶ
2399 2812 2625 2875 τέκνον
2670 2809 2902 2889 ἐκέρςω
2919 2835 2969 2892 20,

392 3018 781 3026 ———⁴--.-

526 3151 563 3202 l.
602 3154 629 3202 1
675 3168 773 3218 pro
808 3153 887 3205 Ιο.
923 3151 1081 3207 Alex.
1119 3168 1328 3203 canone
1365 3151 1437 3204 τὰ
1482 3150 1560 3206 εἰς
1594 3154 1629 3217 ’ῥ
1664 3151 1915 3218 λήγοντα
1962 3151 2283 3218 βαρύνεται,
2322 3150 2502 3216 ἄφαρ,
2541 3151 2794 3216 νύκτωρ,
2832 3150 2969 3218 ἄτερ

395 3221 578 3286 recepi
598 3219 943 3285 Theognosti
968 3227 1349 3287 praeceptum,
1386 3221 1444 3270 in
1480 3237 1584 3303 quo
1622 3220 1774 3273 ἁπλᾶ
1811 3227 1940 3272 ante
1980 3220 2220 3274 ὀξύτονα
2256 3220 2563 3283 aberravit,
2600 3226 2968 3285 comparatum

395 3304 515 3338 eum
550 3288 698 3342 Mon.
730 3290 814 3347 46,
849 3291 940 3339 29:
978 3288 1229 3353 νύκτωρ;
1267 3287 1435 3339 οὐδὲν
1471 3303 1550 3341 εις
1585 3293 1670 3354 ιιι-ρ
1706 3287 2009 3354 ἐπίρρημα,
2057 3288 2199 3340 ἀλλὰ
2236 3286 2411 3351 μόνον
2445 3287 2515 3338 τὸ
2551 3287 2792 3353 νύκτωρ.
2862 3287 2969 3341 δεί-

396 3369 590 3406 κνυται
624 3355 730 3420 γὰρ
766 3354 1161 3422 ἐπίρρημαε-
1197 3354 1358 3420 arcp:
1406 3355 1574 3408 οὐδὲν
1610 3355 1688 3409 εἰς
1723 3361 1821 3421 fis)
1859 3355 2161 3423 ἐπίρρημα,
2199 3354 2341 3407 ἀλλὰ
2379 3355 2555 3418 μόνον
2588 3355 2658 3407 τὸ
2695 3356 2850 3424 ἄτερ·
2896 3356 2967 3408 τὸ

396 3424 502 3487 γὰρ
537 3422 802 3488 Δάματερ
838 3424 1073 3490 κλητικὴ
1111 3422 1189 3475 ὡς
1224 3423 1294 3475 τὸ
1328 3423 1621 3489 Ἣρακλες.
1759 3426 1795 3478 l.
1821 3428 1853 3474 6
1888 3423 2014 3476 ἑκάς
2051 3425 2240 3475 addidi
2277 3439 2344 3474 ex
2381 3424 2565 3477 schol.
2595 3424 2665 3474 ad
2689 3425 2788 3476 Od.
2816 3440 2848 3474 ν
2875 3428 2964 3476 14:

395 3489 697 3554 ἀνδρακάςε
745 3491 894 3543 τινὲς
929 3491 1201 3556 γράφουςι
1236 3491 1409 3556 ἄνδρα
1445 3491 1610 3544 κάτα·
1657 3491 1689 3544 ό
1733 3492 1795 3544 δὲ
1831 3492 2103 3557 Φρύνιχος
2149 3490 2465 3556 ἀνδρακάδα
2511 3492 2646 3557 φηςί
2690 3492 2799 3557 τὴν
2845 3496 2968 3543 τῶν

393 3557 618 3622 ἀνδρῶν
670 3557 888 3611 δεκάδα.
967 3558 1080 3612 ἐςτι
1125 3559 1186 3611 δέ
1231 3558 1509 3625 ἐπίρρημα
1555 3560 1633 3612 ὡς
1690 3559 1818 3612 ἑκάς
1866 3561 1955 3612 καὶ
2012 3558 2273 3611 ἐντυπάς.
2355 3560 2426 3610 ad
2479 3558 2722 3624 ἀτρέμας
2776 3560 2967 3611 addidi

395 3628 567 3677 verba
601 3628 893 3678 Homerica
926 3644 995 3679 ex
1030 3629 1091 3681 E.
1128 3628 1204 3683 M.
1241 3633 1323 3691 63,
1363 3631 1451 3679 18:
1489 3627 1671 3680 ἅλιαςι
1722 3628 1872 3680 ἐςτιν
1906 3627 2027 3680 ἅλις
2074 3629 2164 3679 καὶ
2200 3629 2536 3693 πλεοναςμῷ
2581 3631 2684 3679 τοῦ
2723 3627 2968 3679 ᾶ·ἅλιας.

396 3693 509 3745 ἔςτι
545 3693 606 3745 δέ
644 3697 883 3760 μονῆρες
919 3693 988 3746 τὸ
1025 3692 1326 3762 ἐπίρρημα·
1372 3695 1541 3747 οὐδὲν
1584 3695 1690 3761 γάρ
1735 3695 1883 3748 ἐςτιν
1928 3694 2007 3748 εἰς
2041 3700 2109 3748 ᾶῖ
2143 3694 2421 3761 ἐπίρρημα
2466 3696 2966 3761 προπαροξύτονον

395 3760 519 3813 ἀλλ’
554 3763 588 3826 ἢ
626 3761 898 3815 ὀξύτονον
944 3761 1099 3827 ἑκάς,
1146 3762 1318 3826 ἀγκάς
1356 3764 1514 3828 (Lob.
1550 3764 1635 3816 El.
1670 3766 1698 3815 1
1734 3768 1831 3815 409
1879 3782 1976 3831 pro
2013 3762 2215 3829 ἐμπάς)
2259 3765 2295 3828 ἢ
2342 3763 2728 3828 παροξύτονον
2774 3763 2851 3815 ὡς
2896 3765 2965 3817 τὸ

394 3828 678 3895 «ἀτρέμας
714 3828 871 3894 ἦςο».
942 3832 1015 3886 cf.
1052 3833 1233 3896 Apoll.
1268 3831 1334 3882 de
1372 3832 1497 3883 adv.
1535 3836 1650 3890 570.
1687 3835 1770 3883 24.
1913 3834 1951 3885 l.
1992 3836 2050 3884 11
2097 3833 2242 3883 hunc
2280 3848 2547 3883 canonem
2583 3833 2651 3883 (1ο
2687 3833 2967 3884 adverbiis

396 3900 453 3947 in
489 3903 555 3950 ff
592 3900 775 3963 recepi
822 3915 890 3953 ex
925 3899 1168 3964 Theogn.
1208 3901 1331 3962 162,
1367 3903 1449 3950 31.
1494 3927 1560 3936 -
1606 3899 1913 3952 ἐνδελιςτές
1958 3907 2017 3952 et
2061 3899 2304 3953 ἐλλιςτές
2348 3903 2563 3950 intacta
2605 3900 2830 3966 reliqui,
2877 3918 2963 3967 ap.

394 3967 635 4031 Hesyeh.
673 3964 1010 4018 ἐνδελιςπές·
1047 3965 1349 4031 παντελές,
1387 3984 1485 4033 pro
1522 3984 1627 4034 quo
1664 3969 1923 4022 Schmidt.
1960 3967 2255 4020 ἀνελλιπὲς
2291 3968 2637 4018 scribendum
2673 3976 2880 4020 censet.

394 4032 430 4082 1.
471 4036 534 4084 16
569 4032 638 4084 τὸ
674 4032 774 4085 ἀπ’
807 4033 983 4085 αὐτοῦ
1021 4034 1203 4084 adieci
1240 4051 1306 4085 ex
1341 4035 1587 4101 Theogn.
1626 4039 1738 4099 163,
1773 4039 1823 4098 4,
1863 4037 2007 4103 apud
2045 4052 2203 4101 quem
2238 4033 2439 4099 ἑξείης,
2478 4033 2587 4098 ἀφ’
2620 4035 2688 4086 οὗ
2732 4036 2802 4087 τὸ
2838 4035 2964 4101 ἑξῆς

397 4100 852 4167 περιςπώμενον,
892 4118 959 4153 ex
994 4102 1181 4152 eodem
1218 4101 1413 4165 ὅμοιον
1446 4106 1531 4170 τῷ
1569 4102 1904 4169 εὐρυπυλής.
2057 4104 2093 4154 l.
2131 4106 2194 4154 18
2231 4101 2385 4165 μόλις
2423 4102 2580 4165 μόγις
2616 4120 2684 4154 ex
2717 4104 2964 4170 Theogn.

395 4171 625 4289 ῗῗρῗῗέἰ
638 4168 1072 4302 ’πᾰνὲὲᾗχὲξρῖἒ
1087 4169 1858 4303 -γῗλῗῇτάαᾬοέοᾶἔᾛξρκ
1879 4168 2294 4301 ”5524‘13122220
2318 4168 2431 4302 3323
2448 4169 2963 4304 ⁹¹35³⁰3021³¹¹4³5232103

395 4304 578 4357 ἐκεῖνο
612 4304 674 4357 δὲ
710 4304 911 4371 ἔχομεν
947 4304 1156 4371 λέγειν,
1205 4304 1284 4358 ὡς
1318 4311 1391 4358 τα
1427 4305 1504 4358 εἰς
1540 4311 1589 4358 ἰς
1626 4305 1972 4372 ἐπιρρήματα
2015 4277 2312 4369 διςύλλαβα
2358 4304 2679 4370 βαρύνεται,
2729 4306 2807 4359 ὼς
2852 4306 2963 4370 ἔχει

394 4373 463 4425 τὸ
500 4374 647 4437 ἄνις,
685 4372 831 4437 ἅλις,
871 4373 1055 4437 μόγις,
1094 4373 1273 4438 ἄχρις,
1312 4374 1483 4426 αὖθις.
1532 4374 1787 4427 ὀξύνεται
1822 4374 1884 4426 δέ
1918 4374 1987 4426 τὸ
2023 4371 2192 4439 χωρίς
2222 4374 2310 4424 καὶ
2335 4371 2534 4437 ἀμφίς,
2572 4373 2712 4426 διότι
2747 4374 2963 4440 μακρὰν

396 4441 553 4507 ἔςχεν
589 4441 715 4505 ἤτοι
750 4441 912 4506 φύςει
947 4440 981 4505 ἢ
1020 4440 1178 4493 θέςει.
1246 4440 1319 4493 τὰ
1355 4441 1544 4505 μέντοι
1582 4441 1934 4507 βαρυνόμενα
1974 4443 2102 4508 ἤτοι
2139 4443 2398 4507 βραχεῖαν
2434 4441 2586 4506 εἶχεν
2629 4443 2665 4506 ἢ
2707 4444 2817 4508 τὴν
2853 4457 2963 4495 κοι-

395 4511 503 4574 νὴν
538 4509 918 4576 καλουμένην,
955 4511 1077 4573 ἥτις
1114 4507 1350 4561 ἐδύνατο
1387 4509 1585 4573 ςχεδὸν
1621 4512 1846 4575 βραχεῖα
1883 4510 2042 4563 εἶναι.
2111 4510 2197 4562 διὸ
2232 4508 2469 4573 ἐμάχετο
2503 4509 2573 4561 τὸ
2609 4510 2766 4563 αὖθις
2802 4513 2963 4576 βαρυ-

398 4576 652 4640 νόμενον.
721 4578 874 4630 δοκεῖ
907 4576 968 4629 δέ
1005 4592 1096 4642 μοι
1131 4576 1451 4641 ἀποφυγεῖν
1484 4578 1593 4641 τὴν
1628 4577 1839 4643 ὀξεῖαν,
1877 4578 2001 4631 ἐπεὶ
2046 4579 2136 4630 καὶ
2180 4580 2385 4643 τριχῶς
2431 4576 2659 4641 ἐλέγετο
2704 4579 2848 4632 κατὰ
2892 4578 2962 4630 τό

398 4643 590 4713 τέλος,
626 4646 810 4710 αὖθις,
847 4645 1002 4711 αὖθι,
1040 4645 1216 4697 αὖθιν.
1280 4644 1350 4697 τὸ
1386 4643 1448 4697 δέ
1482 4649 1747 4699 τοιοῦτον
1783 4647 2002 4713 ἑωρᾶτο
2038 4647 2129 4698 καί
2166 4645 2258 4697 ἐπὶ
2293 4648 2395 4696 τοῦ
2436 4645 2628 4711 πέρυςι
2664 4646 2963 4712 βαρυνομέ-

399 4725 515 4763 νου.
585 4717 657 4766 ef.
680 4717 820 4767 Lob.
848 4714 933 4766 El.
967 4716 1026 4767 11
1058 4717 1159 4766 210
1182 4729 1334 4779 seqq.
1371 4742 1437 4750 -—
1473 4713 1693 4779 λέγεται
1728 4715 1789 4768 δέ
1824 4715 1917 4767 καὶ
1951 4743 2018 4752 —-
2053 4714 2188 4766 ἄνευ
2223 4716 2327 4765 τοῦ
2364 4716 2397 4766 ἰ
2432 4731 2498 4765 ex
2534 4716 2800 4780 Theogn.,
2838 4723 2963 4782 post

401 4793 558 4849 αὖθις
602 4797 634 4849 ὃ
679 4799 900 4865 λέγεται
943 4828 1009 4836 -
1054 4797 1217 4850 αὖθιν
1260 4815 1326 4849 ex
1368 4799 1432 4849 ΙΙ.
1469 4800 1560 4851 Pr.
1595 4800 1631 4850 l.
1668 4818 1711 4851 c.
1758 4829 1823 4836 —
1867 4801 1902 4851 l.
1941 4803 2005 4851 22
2050 4787 2166 4852 αδις
2211 4797 2300 4851 καί
2336 4799 2454 4852 Hit-c*
2489 4816 2587 4866 pro
2630 4800 2711 4853 δις
2755 4801 2845 4853 καί
2879 4804 2963 4854 iffi}

402 4865 745 4917 scribendum
790 4883 913 4919 esse
956 4868 1102 4920 vidit
1135 4868 1272 4919 Lob.
1309 4868 1393 4920 El.
1431 4868 1487 4918 ΙΙ
1522 4871 1639 4920 213.
1689 4898 1747 4908 -
1799 4871 1868 4921 de
1914 4870 2164 4935 oxytonis
2206 4870 2264 4918 in
2299 4868 2351 4922 ff
2395 4869 2467 4924 cf.
2511 4868 2576 4920 ΙΙ.
2614 4872 2703 4924 Pr.
2750 4869 2797 4922 Ξ
2829 4873 2958 4924 463;
