3664 5546
668 393 752 458 32
1604 392 1685 447 ΕΚ
1723 391 1864 446 ΤΩΝ
1906 391 2312 447 ΗΡΩΔΙΑΝΟΥ

664 564 856 645 Λιβύη
917 562 1234 644 Ἀμμωνία
1304 563 1595 629 ἐκαλεῖτο
1612 612 1630 646 ,
1698 561 1966 644 ἄκμων
2031 564 2134 628 καὶ
2187 564 2488 643 Ἀκμων
2555 563 2607 644 ὁ,
2656 562 2928 645 Μάνεω,
2985 562 3081 643 ἀφ
3099 563 3117 587 ’
3168 562 3247 628 οὗ

603 717 606 724 .
663 666 958 747 Ἀκμονία
1005 666 1198 731 ’πόλις
1253 664 1532 745 Φρυγίας
1565 657 1685 730 ’ὡς
1741 665 2157 745 Ἀλέξανδρος
2212 664 2251 730 6
2306 665 2667 745 πολυίςτωρ
2723 666 2796 731 ἐν
2849 665 3040 748 τρίτῳ
3103 667 3249 744 περὶ

664 768 963 852 Φρυγίας,
1008 769 1111 834 καὶ
1141 767 1474 846 Ἀκμόνιον
1519 766 1709 832 ἄλςος
1751 769 1898 846 περὶ
1929 767 2390 850 Θερμώδοντα,
2438 768 2529 833 ώς
2571 767 2963 851 Φερεκύδης,
3009 766 3125 848 ἐφ’
3169 765 3248 832 οὗ

664 872 861 950 μιγεὶς
889 872 1081 962 Ἄρης
1110 876 1187 955 τῇ
1208 869 1508 954 Ἁρμονίᾳ
1537 870 1648 935 τὰς
1671 868 2014 949 Ἀμαζόνας
2045 869 2248 953 ἔςχεν,
2287 869 2377 935 ὡς
2400 870 2835 936 Ἀπολλώνιος
2866 870 2938 934 ἐν
2968 870 3249 953 δευτέρῳ

602 983 635 1033 5
667 974 761 1056 (v.
808 972 986 1056 994).
1047 971 1377 1052 Λάκμων
1421 971 1584 1051 ἄκρα
1625 976 1741 1036 τοῦ
1783 971 2032 1038 Πίνδου
2077 972 2306 1056 ὄρους,
2352 971 2415 1038 ἐξ
2459 971 2535 1050 ἧς
2578 970 2617 1036 6
2659 972 2909 1051 Ἴναχος
2954 971 3057 1037 καὶ
3098 970 3250 1036 Αἴας

665 1076 764 1155 ῥεῖ
805 1075 1125 1157 ποταμός,
1174 1074 1264 1139 ὡς
1308 1073 1630 1139 Ἑκαταῖος
1662 1074 1732 1141 ἐν
1775 1074 2047 1159 πρώτῳ·
2093 1074 2219 1140 ἔςτι
2265 1075 2336 1139 δὲ
2380 1074 2775 1153 παρώνυμον
2821 1075 2912 1138 ὡς
2956 1073 3089 1139 ἀπὸ
3132 1076 3249 1138 τοῦ

663 1177 929 1257 Λάκμος.
1038 1176 1119 1241 ’O
1139 1179 1436 1256 λμωνες
1510 1178 1685 1257 κώμη
1757 1177 2077 1242 Βοιωτίας.
2186 1177 2504 1257 Τέκμων
2580 1176 2766 1241 πόλις
2830 1176 3248 1255 Θεςπρωτῶν.

664 1279 993 1361 Ῥήμων,
1022 1278 1402 1361 Πάμμων,
1435 1279 1740 1362 Θέμων,
1772 1280 2119 1361 Βρέμων,
2164 1279 2497 1362 τέρμων,
2528 1278 2852 1361 ςίρμων,
2887 1278 3247 1360 Χάρμων,

662 1381 1012 1463 τλήμων,
1072 1380 1421 1464 μνήμων,
1478 1382 1822 1464 κτήμων,
1892 1382 2226 1463 ςτήμων,
2283 1381 2652 1464 γνώμων,
2706 1379 2991 1464 ἰ’δμων,
3047 1379 3247 1461 φρά-

565 1490 630 1542 10
664 1488 905 1563 δμων.
1003 1481 1083 1548 τὰ
1141 1483 1356 1562 μέντοι
1412 1482 1766 1563 ὀξυνόμενα
1818 1483 2053 1548 τοπικά
2095 1483 2261 1548 ἐςτιν
2327 1482 2417 1547 ὡς
2483 1483 2804 1566 λειμών,
2860 1482 3248 1565 κευθμών,

664 1589 751 1666 θη
768 1585 930 1666 μών
947 1633 966 1668 ,
1010 1584 1050 1662 ἢ
1095 1585 1201 1649 ἐπὶ
1243 1589 1466 1663 καιροῦ
1512 1586 1892 1666 λαμβάνεται
1939 1586 2029 1651 ὡς
2073 1586 2395 1668 χειμών,
2450 1585 2489 1663 ἢ
2535 1584 2665 1664 ἔχει
2720 1586 2796 1651 τὸ
2842 1589 2880 1647 fs
2925 1584 3248 1664 ἐκτεταμέ-

666 1708 787 1754 νον
833 1688 923 1753 ώς
955 1686 1047 1751 Ετ
1065 1688 1327 1766 ρυμών
1358 1688 1644 1768 ποταμὸς
1675 1688 2149 1771 Ἀμφιπόλεως,
2194 1686 2319 1767 ἀφ’
2349 1685 2429 1752 οὗ
2461 1687 2499 1751 6
2533 1690 2766 1767 βορρᾶς
2812 1685 3249 1767 «(τρυμονίου

667 1791 950 1872 βορέαο»
975 1785 1259 1873 (Gallim.
1285 1786 1432 1852 Del.
1457 1787 1591 1874 26).
1637 1790 1740 1855 καὶ
1770 1790 2100 1871 δρυμών.
2147 1790 2249 1855 καὶ
2276 1790 2351 1855 τὸ
2383 1789 2687 1868 κρεμών
2720 1785 3027 1855 ὀξύνεται.
3074 1787 3248 1864 λέγε-

665 1913 766 1957 ται
806 1892 929 1971 γὰρ
971 1892 1075 1956 καὶ
1116 1892 1505 1972 διςυλλάβως
1539 1892 1644 1957 ἐπὶ
1671 1897 1782 1971 τῆς
1811 1892 2006 1972 αὐτῆς
2046 1892 2337 1973 ςημαςίας
2380 1898 2472 1977 τῷ
2505 1890 2898 1975 τριςυλλάβῳ
2938 1890 3248 1970 ἀκρεμών.

570 2001 633 2054 15
838 1994 932 2058 Τὰ
989 1992 1088 2064 εἰς,
1126 1997 1266 2071 ὧν
1322 1993 1482 2074 ὑπὲρ
1539 1995 1658 2060 δύο
1718 1994 2062 2076 ςυλλαβάς,
2108 1993 2186 2088 οεἰ
2243 1993 2683 2073 παραλήγοιτο
2739 1992 2926 2073 φύςει
2990 1992 3030 2071 ἢ
3087 1992 3249 2057 θέςει

668 2099 874 2180 μακρᾷ
918 2095 1285 2177 βαρύνεται,
1330 2095 1684 2179 ἀμύμων,
1730 2097 2124 2178 ἐγκύμων,
2172 2095 2637 2179 οἰκτίρμων,
2682 2094 3072 2177 Ἡγήμων,
3117 2093 3248 2158 Φι-

667 2198 967 2280 λήμων,
1012 2196 1362 2280 νοήμων,
1419 2196 1811 2282 ἀςχήμων,
1868 2198 2306 2280 εὐςχήμων,
2364 2197 2804 2279 χαιρήμων,
2862 2195 3248 2278 ἐλεήμων,

668 2299 1196 2381 μελανείμων,
1244 2299 1713 2383 λευχείμων,
1761 2301 2275 2382 βαθυλείμων.

836 2402 931 2467 Τὰ
987 2402 1074 2466 εἰς
1119 2405 1258 2480 W
1318 2401 1478 2481 ὑπὲρ
1537 2401 1657 2467 δύο
1715 2403 2028 2483 ςυλλαβὰς
2085 2402 2584 2483 παραληγόμενα
2640 2404 2681 2464 ἆ
2735 2404 2957 2482 βραχεῖ
3009 2402 3113 2466 καὶ
3165 2401 3248 2481 μὴ

565 2510 634 2563 20
666 2504 1007 2582 κλινόμενα
1051 2505 1157 2569 διὰ
1196 2507 1314 2569 τοῦ
1359 2507 1399 2567 ὅ
1442 2502 1757 2571 ὀξύνεται·
1802 2505 1861 2569 εί
1902 2506 1973 2570 δέ
2016 2526 2074 2569 τι
2119 2504 2465 2588 ἐβαρύνθη,
2512 2504 2602 2570 ώς
2647 2504 2884 2583 κύριον.
2959 2504 3063 2568 καὶ
3105 2502 3247 2570 ὀξύ-

664 2628 826 2672 τονα
870 2609 985 2685 μὲν
1031 2605 1404 2686 Τελαμών
1450 2607 1553 2671 καὶ
1594 2607 1670 2672 τὸ
1715 2607 1937 2686 κύριον
1979 2643 2066 2653 -
2109 2606 2237 2672 ἔςτι
2278 2608 2353 2672 δὲ
2398 2590 2503 2672 καί
2541 2606 2727 2672 πόλις
2772 2605 3123 2686 Τυρρηνίας
3163 2640 3250 2652 —-

666 2708 769 2772 καὶ
812 2708 887 2773 τὸ
932 2708 1434 2792 προςηγορικόν,
1478 2710 1875 2792 καλαμών,
1921 2710 2381 2792 πλαταμών,
2437 2708 2793 2789 κεραμών
2836 2707 3247 2788 περιεκτικόν.

672 2811 1040 2891 Κεράμων
1085 2813 1157 2877 δὲ
1198 2813 1274 2876 τὸ
1322 2812 1541 2890 κύριον
1600 2812 1691 2877 ὡς
1734 2814 1807 2877 τὸ
1852 2812 2277 2896 Ποτάμων,
2323 2812 2659 2893 Ἀςάμων
2716 2812 2818 2875 καὶ
2866 2811 3248 2891 Ναςάμων

668 2915 954 2994 βαςιλεύς
1008 2934 1132 2996 τις,
1190 2912 1315 2993 ἀφ’
1360 2911 1440 2979 οὗ
1497 2913 1561 2977 οἱ
1617 2914 2086 2995 Ναςαμῶνες
2142 2915 2218 2979 τὸ
2275 2914 2547 2995 Λιβυκὸν
2602 2914 2821 2997 ἔθνος,
2880 2913 2968 2978 ὡς
3028 2912 3247 2977 Καλλί-

564 3026 630 3077 25
666 3034 897 3097 μαχος,
943 3014 1263 3082 ὀξυτόνως
1307 3016 1470 3095 πρὸς
1501 3013 1983 3095 ἀντιδιαςτολὴν
2014 3015 2163 3082 ἴςως
2191 3019 2308 3081 τοῦ
2338 3017 2559 3095 κυρίου
2590 3015 2924 3096 ὀνόματος
2983 3014 3247 3095 Ἀβρά-

667 3139 827 3197 μων
885 3116 1012 3200 ἀφ’
1069 3116 1148 3183 οὗ
1205 3118 1500 3183 Ἰουδαῖοι
1560 3115 1866 3200 Ἑβραῖοι,
1932 3117 2020 3182 ὥς
2074 3138 2223 3199 φηςι
2280 3119 2508 3197 Χάραξ.
2607 3119 2682 3183 τὸ
2752 3118 2825 3182 δὲ
2890 3117 3247 3196 τεράμων

667 3221 1006 3301 βαρύνεται
1051 3221 1139 3286 ὡς
1185 3220 1289 3285 διὰ
1333 3224 1448 3285 τοῦ
1493 3222 1531 3283 ὃ
1576 3219 1973 3300 κλινόμενον.

836 3324 929 3388 Τὰ
972 3322 1061 3388 εἰς
1103 3325 1242 3401 [un—v
1288 3322 1448 3400 ὑπὲρ
1494 3321 1614 3387 δύο
1660 3321 1972 3401 ςυλλαβὰς
2015 3322 2252 3402 ἔχοντα
2306 3324 2422 3401 τὴν
2477 3323 2606 3402 πρὸ
2662 3322 2889 3387 τέλους
2933 3321 3249 3401 ςυλλαβὴν

669 3429 1003 3508 βραχεῖαν,
1048 3423 1518 3504 ὑπεςταλμένης
1560 3428 1671 3502 τῆς
1714 3423 1801 3490 εἰς
1856 3426 1931 3490 τὸ
1978 3427 2020 3488 ἇ
2061 3424 2505 3508 παραλήξεως,
2560 3424 2616 3491 εἰ
2659 3426 2772 3506 μὲν
2818 3423 3099 3490 κλίνοιτο
3145 3424 3249 3489 διὰ

806 3681 839 3732 l.
882 3685 948 3734 10
990 3681 1187 3748 topicis
1223 3679 1464 3746 intelligi
1501 3679 1738 3745 λειμών,
1777 3680 1920 3745 qnod
1958 3698 2024 3732 ex
2059 3681 2308 3746 Theogn.
2344 3684 2437 3740 29,
2475 3684 2543 3733 20
2586 3682 2845 3747 apposui,
2893 3681 3035 3732 unde
3084 3680 3249 3731 etiam

667 3750 932 3814 κευθμών
968 3768 1018 3817 p.
1055 3753 1144 3809 39,
1181 3752 1212 3801 9
1259 3753 1317 3800 et
1360 3751 1479 3801 τοῖς
1517 3747 1609 3800 ἐπὶ
1654 3751 1847 3814 καιροῦ
1886 3747 2327 3813 λαμβανομένοις
2376 3750 2672 3815 significari
2709 3749 2944 3814 χειμών,
2991 3749 3137 3814 quod
3182 3764 3247 3799 ex

667 3820 785 3870 eod.
821 3819 1067 3885 Theogn.
1106 3818 1335 3884 sumpsi,
1376 3818 1666 3868 annotavit
1700 3819 1837 3869 Lob.
1875 3817 1944 3868 ad
1981 3819 2065 3868 Ai.
2104 3820 2227 3881 1⁷13
2267 3818 2332 3869 de
2372 3818 2583 3881 λειμών
2617 3819 2859 3869 conferri
2894 3818 3052 3868 iubet
3086 3819 3149 3867 E.
3173 3817 3248 3870 M.

666 3889 786 3952 562,
821 3890 907 3951 29,
943 3888 1062 3940 ubi:
1101 3885 1313 3950 λειμών
1349 3884 1461 3937 ἑςτι
1498 3885 1853 3951 περιεκτικόν
1890 3884 1969 3937 ὡς
2008 3885 2098 3937 καὶ
2132 3884 2201 3935 τὸ
2237 3887 2463 3949 χειμών.
2600 3886 2636 3938 l.
2667 3889 2728 3937 12
2765 3884 3039 3951 (τρυμών
3078 3901 3145 3936 ex
3170 3884 3250 3934 St.

666 3956 729 4005 B.
764 3957 882 4020 588,
920 3959 947 4007 1
985 3961 1042 4006 et
1078 3956 1324 4020 Theogn.
1359 3957 1442 4015 35,
1483 3957 1547 4006 19
1583 3954 1789 4018 adieci,
1826 3954 1973 4006 unde
2021 3955 2189 4006 etiam
2225 3954 2481 4019 δρυμὼν,
2528 3953 2674 4019 qnod
2715 3954 2957 4008 Lobeck.
2997 3969 3092 4019 pro
3129 3965 3249 4016 κρε-

669 4023 793 4086 μών
830 4025 959 4090 poni
1003 4023 1184 4075 voluit
1227 4023 1263 4077 l.
1302 4039 1346 4073 ο.
1382 4029 1496 4074 not.
1542 4025 1638 4086 20,
1686 4023 1783 4073 sed
1829 4028 2012 4073 tuetur
2055 4022 2280 4095 κρεμών
2325 4023 2571 4088 Theogn.
2609 4025 2703 4085 39,
2745 4026 2832 4082 10,
2878 4023 3034 4072 ouius
3083 4021 3250 4072 verba

667 4092 847 4143 adieci
883 4093 953 4144 cf.
993 4093 1055 4142 E.
1092 4093 1184 4143 Or.
1220 4093 1306 4155 28,
1343 4093 1435 4141 27ε
1472 4089 1761 4156 ἀκρεμών;
1802 4089 1991 4156 κρέμω
2028 4089 2204 4155 ῥήμα,
2242 4088 2352 4154 ἀφ’
2377 4088 2443 4142 οὗ
2470 4089 2780 4155 ῥηματικὸν
2817 4089 2998 4153 ὄνομα
3024 4088 3249 4153 κρεμών

668 4160 759 4211 καὶ
804 4158 1073 4225 κρεμόνες
1116 4158 1187 4210 τὸ
1233 4158 1631 4225 πληθυντικόν.
1704 4159 1792 4210 καὶ
1841 4158 2178 4224 πλεοναςμῷ
2213 4160 2318 4210 τοῦ
2355 4162 2391 4210 ἃ
2426 4156 2704 4223 ἀκρεμών.
2776 4156 3073 4210 πλεονάζει
3108 4156 3177 4208 τὸ
3213 4159 3249 4207 'd

668 4227 746 4280 ὡς
783 4228 983 4292 ςτάχυς
1018 4227 1272 4291 ἆςταχυς.
1342 4227 1530 4279 οὕτως
1568 4226 1909 4294 Ἡρωδιανὸς
1945 4228 2015 4278 cf.
2054 4229 2185 4279 Lob.
2221 4227 2308 4278 El.
2344 4229 2370 4278 I
2409 4229 2487 4280 16.
2642 4227 2677 4277 l.
2719 4228 2780 4277 16
2816 4223 3124 4291 οἰκτίρμων
3159 4224 3250 4275 ad-

665 4296 784 4347 didi
823 4314 890 4348 ex
926 4297 1170 4362 Theogn.
1205 4299 1297 4359 37,
1334 4301 1392 4361 4,
1442 4295 1678 4362 νοήμων
1715 4297 1912 4350 Choer.
1950 4297 2075 4359 286,
2116 4297 2205 4357 12,
2253 4293 2520 4359 ἀςχήμων
2564 4322 2628 4330 —-
2674 4292 2965 4359 χαιρήμων
3002 4295 3246 4360 Theogn.

664 4367 750 4429 29,
787 4368 837 4428 7,
876 4366 970 4415 ubi
1006 4365 1153 4415 falso
1190 4362 1472 4429 χαρείμων
1521 4371 1578 4416 et
1612 4363 1916 4428 λευχήμων
1959 4380 2057 4430 pro
2092 4362 2430 4428 λευχείμων;
2478 4362 2738 4427 ἐλεήμων
2777 4363 2971 4414 Choer.
3011 4364 3129 4423 286,
3168 4365 3249 4425 11,

667 4430 1021 4496 μελανείμων
1057 4431 1370 4495 λευχείμων
1404 4434 1650 4499 Theogn.
1690 4437 1772 4494 29,
1808 4436 1892 4492 27,
1931 4430 2284 4494 βαθυλείμων
2319 4433 2402 4495 30,
2438 4434 2487 4484 4.
2598 4462 2605 4469 ·
2679 4431 2713 4481 1.
2749 4433 2812 4481 21
2851 4433 3039 4482 urbem
3077 4429 3249 4482 Τελα-

665 4501 792 4567 μὼν
836 4501 1066 4568 apposui
1109 4517 1178 4551 ex
1223 4500 1301 4552 St.
1339 4504 1401 4555 B.
1452 4503 1578 4566 612,
1619 4505 1666 4554 3.
1745 4504 1828 4552 De
1876 4499 2192 4564 πλαταμών
2237 4500 2307 4550 ef.
2352 4500 2609 4550 Eustath.
2656 4500 2725 4549 ad
2770 4500 2930 4554 Hom.
2982 4500 3138 4565 1698,
3184 4501 3250 4550 35

664 4574 787 4622 τῶν
830 4570 1201 4633 περιεκτικῶν
1246 4567 1324 4620 εἰς
1361 4572 1446 4620 ων
1491 4569 1760 4622 ὀξύτονος
1813 4569 1850 4631 ἡ
1899 4566 2223 4634 κατάληξις,
2269 4566 2332 4619 ἐν
2377 4564 2463 4618 οἷς
2510 4566 2643 4618 καθ’
2686 4565 3033 4631 Ἠρωδιανὸν
3081 4566 3169 4617 καὶ
3216 4564 3250 4617 ὀ

665 4637 997 4701 πλαταμών.
1148 4638 1182 4687 l.
1218 4639 1285 4688 23
1319 4653 1417 4702 pro
1455 4636 1741 4702 Ἀςςάμων
1778 4638 2125 4689 scribendum
2160 4636 2415 4702 proponit
2448 4635 2583 4691 Lob.
2621 4636 2791 4687 Proll.
2833 4639 2928 4687 157
2965 4640 3062 4686 aut
3098 4632 3249 4686 Ἀςά-

666 4721 792 4771 μων
828 4724 895 4758 ex
932 4709 1175 4759 Pausan.
1211 4705 1289 4758 VI
1329 4707 1414 4764 16,
1451 4708 1484 4756 4
1529 4714 1626 4757 aut
1665 4704 1943 4769 Ναςάμων
1991 4721 2057 4756 ex
2095 4705 2271 4770 Apoll.
2308 4705 2387 4755 IV
2426 4706 2580 4767 14963
2627 4704 2744 4769 ipse
2790 4708 3079 4770 utrumque
3123 4719 3249 4753 con-

669 4777 822 4826 iunxi
861 4781 916 4827 et
954 4772 1234 4837 Ναςαμών
1272 4773 1457 4825 addidi
1493 4790 1560 4825 ex
1597 4774 1676 4830 St.
1715 4777 1778 4825 B.
1815 4776 1934 4833 4⁷0,
1971 4775 2003 4824 8
2041 4779 2097 4824 ot
2131 4772 2388 4823 Eustath.
2426 4772 2497 4822 ad
2532 4772 2761 4837 Dionys.
2800 4775 2915 4825 209.
3111 4770 3146 4821 l.
3183 4772 3252 4822 25

671 4842 963 4963 Ἀβράμων
1001 4841 1184 4895 addidi
1220 4858 1287 4892 ex
1325 4840 1405 4892 St.
1441 4844 1503 4894 B.
1538 4845 1654 4901 259,
1691 4845 1739 4893 6.
1937 4843 1972 4896 l.
2004 4844 2079 4911 ,29
2114 4857 2211 4906 pro
2248 4840 2323 4904 μὴ
2360 4838 2672 4903 ἑγκλίνοιτο
2709 4856 2810 4891 sor.
2849 4840 3108 4892 Schmidt.
3147 4837 3252 4904 μὲν

667 4912 733 4962 κλ
757 4926 930 4963 νοιτο.
