3664 5546
1182 384 1340 439 ΠΕΡΙ
1382 380 1774 437 ΚΑΘΟΛΙΚΗ(
1813 380 2237 436 ΠΡΟΕΩιΔΙΑ(
2280 381 2341 435 Β.
2970 380 3051 444 51

462 554 500 619 ὁ
546 554 745 620 ἀλλᾶς
792 555 882 642 ῶς
936 553 1068 619 ἀπὸ
1123 557 1240 618 τοῦ
1285 553 1543 620 ἀλλάεις
1587 553 1860 619 κέκλιται
1917 553 2022 618 διὰ
2074 557 2191 618 τοῦ
2235 556 2423 635 W,
2472 552 2566 617 ἵν’
2618 553 2657 636 ᾗ
2703 551 3061 617 ἀλλάεντος

464 657 565 721 καὶ
608 657 766 721 κατὰ
811 660 1025 736 κρᾶςιν
1071 655 1422 738 ἀλλᾶντος,
1467 657 1570 721 καὶ
1615 656 1944 735 ἡέντελὴς
1976 657 2190 720 εὐθεῖα
2233 658 2350 720 τοῦ
2394 653 2715 719 ἀλλᾶντος
2745 675 3058 733 περιςπω-

464 760 660 837 μένην
706 758 959 823 ἀπαιτεῖ
1001 759 1117 836 τὴν
1163 757 1294 823 ἀπὸ
1340 759 1617 837 κράςεως
1663 758 1902 838 ὁμοίως
1945 764 2036 840 τῷ
2079 758 2277 822 ἱλάεις
2319 756 2507 821 ἱλᾶς.
2593 756 2721 821 Ἔτι
2769 759 2839 822 δὲ
2885 778 3058 836 περι-

462 866 740 926 ςπῶνται
794 865 992 926 ταῦτα
1046 859 1260 939 μόνω(
1304 861 1488 939 κύρια
1532 861 1571 938 ἢ
1619 860 2099 942 ὑποκοριςτικὰ,
2145 859 2409 938 Ἑρμᾶς
2465 859 2765 941 Ἀργᾶς,
2826 859 3061 935 Αἰγᾶς

461 963 749 1042 ποταμὸς
795 963 1156 1042 φερόμενος
1202 961 1332 1027 ἀπὸ
1378 967 1493 1026 τοῦ
1537 964 1683 1040 περὶ
1726 963 1801 1026 τὸ
1831 963 2081 1027 Πύθιον
2123 960 2350 1043 ὄρους,
2396 960 2510 1040 ἀφ’
2555 958 2635 1023 οὗ
2678 962 2781 1024 καὶ
2824 963 2899 1026 τὸ
2945 983 3054 1026 πε-
3087 975 3147 1047 5·

462 1063 603 1129 δίον
647 1064 942 1146 Αἰγαῖον,
1005 1065 1303 1142 Καρρᾶς
1346 1065 1635 1143 ποταμὸς
1681 1062 1935 1144 (υρίας,
1991 1065 2320 1144 Βορρᾶς,
2390 1063 2730 1127 Γονατᾶς
2797 1063 2834 1127 ὁ
2905 1065 3055 1128 Γού-

462 1187 599 1231 νιος
684 1166 966 1248 ἑθνικόν,
1056 1167 1441 1248 Κομητᾶς,
1514 1166 1887 1247 Φιλητᾶς,
1963 1165 2265 1246 Μηνᾶς,
2339 1163 2627 1247 Ζηνᾶς,
2706 1165 3055 1249 Μητρᾶς,

463 1267 878 1349 ὀςτρακᾶς,
933 1272 1304 1349 πινακᾶς,
1363 1270 1744 1350 λαχανᾶς,
1812 1267 1852 1343 ἢ
1909 1265 2013 1329 ἐπὶ
2069 1267 2436 1345 ςκώμματος
2492 1267 2841 1346 ταςςόμενα
2906 1289 3056 1348 φα-

461 1374 600 1445 γᾶς
665 1373 1130 1449 καταφαγᾶς
1208 1361 1495 1434 δακνᾶς
1559 1369 1597 1447 ἢ
1663 1369 1743 1432 τὰ
1809 1366 1940 1432 ἀπὸ
2008 1368 2467 1448 ςυμβεβηκότος
2547 1368 2691 1433 οἷον
2765 1374 3055 1447 τρεςᾶς.

468 1471 770 1536 ὡςαύτως
817 1473 888 1535 δὲ
933 1473 1035 1535 καὶ
1078 1472 1475 1536 τὰἸωνικῶς
1506 1470 1893 1548 παραλόγως
1924 1470 2030 1535 διὰ
2072 1475 2188 1535 τοῦ
2235 1457 2272 1533 δ
2326 1471 2688 1552 κεκλιμένα,
2746 1469 2839 1535 ὧν
2895 1473 2969 1537 τὸ
3017 1491 3058 1534 α
3098 1482 3161 1532 10

463 1573 736 1655 μακρόν,
784 1574 1096 1656 Βοιβᾶς,
1143 1575 1447 1654 Βιττᾶς,
1500 1574 1775 1650 Κυρᾶς·
1864 1572 1977 1636 εἰςὶ
2021 1573 2090 1636 δὲ
2137 1572 2423 1652 ὀνόματα
2467 1574 2664 1651 κύρια.
2740 1573 3055 1638 οὐδέποτε

465 1677 537 1740 δὲ
582 1673 908 1758 ὀξύνεται,
966 1676 1158 1754 χωρὶς
1216 1675 1269 1739 εἰ
1325 1676 1405 1754 μὴ
1460 1674 1610 1740 ὧςιν
1668 1674 1798 1738 ἀπὸ
1858 1677 2207 1753 παθητικοῦ
2262 1676 2732 1754 παρακειμένου
2789 1676 3057 1740 ςύνθετα

464 1776 569 1841 διὰ
613 1776 818 1855 μόνου
864 1780 981 1840 τοῦ
1025 1779 1062 1840 ’ἲ
1105 1777 1448 1857 κλινόμενα
1506 1775 1651 1841 οἷον
1706 1777 2150 1855 χαλκοκράς
2205 1777 2307 1840 καὶ
2361 1777 2903 1854 γαλακτοκράς
2954 1778 3057 1842 καὶ

463 1877 812 1956 νεοκράς.
901 1878 1052 1942 ὅθεν
1106 1880 1182 1942 τὸ
1238 1877 1412 1957 ἱμάς
1479 1880 1580 1944 καὶ
1635 1878 1961 1957 ἀνδριάς
2021 1879 2111 1943 ῶς
2184 1878 2601 1957 ἐκτεταμένον
2678 1879 2914 1957 ἔχοντα
2980 1881 3055 1944 τὸ

463 1984 546 2043 ‹at—c
598 1978 1015 2058 ςημειούμεθα
1057 1981 1444 2058 παραλόγως
1490 1980 1861 2059 όξυνόμενα.
1952 1980 2072 2045 οὐκ
2114 1979 2335 2056 ἀγνοῶ
2391 1983 2462 2044 δὲ
2518 1981 2615 2045 ὅτι
2662 1981 3055 2060 Ἡλιόδωρος
3096 1994 3157 2044 15

465 2081 770 2161 ἐβούλετο
816 2085 1015 2145 ταῦτα
1058 2085 1384 2159 περιςπᾶν.
1472 2083 1548 2147 τὸ
1606 2082 1672 2146 δ’
1715 2082 1882 2162 αὐτὸ,
1932 2082 2109 2160 ἠξίου
2167 2084 2266 2146 καὶ
2309 2082 2589 2161 Δράκων
2637 2082 2675 2146 ὅ
2722 2082 3054 2162 (τρατονι-

464 2183 639 2264 κεύς,
695 2182 787 2245 ἔτι
844 2184 914 2246 δὲ
977 2185 1079 2247 καὶ
1122 2183 1511 2262 Τυραννίων.
1600 2183 1720 2247 οὐκ
1773 2183 1903 2261 ἔχει
1961 2184 2031 2248 δὲ
2091 2184 2261 2249 οὕτω
2317 2185 2397 2249 τὰ
2450 2189 2560 2263 τῆς
2615 2183 3054 2261 ἀναγνωςεως.

465 2285 842 2364 ἐμιμήςαντο
890 2286 961 2348 δὲ
1006 2285 1169 2349 αὐτὰ
1214 2285 1619 2366 ἐκτεινόμενα
1674 2285 1743 2350 ἑν
1799 2292 1876 2368 τῇ
1934 2286 2214 2369 ληγούςῃ
2268 2288 2427 2350 κατὰ
2471 2288 2585 2352 τὰς
2637 2288 2910 2366 μετοχὰς
2955 2289 3058 2352 καὶ

463 2386 580 2464 τὴν
625 2390 756 2450 τῶν
801 2391 1091 2465 μετοχῶν
1136 2387 1329 2452 κλίςιν
1375 2391 1492 2451 τοῦ
1536 2387 1707 2451 ἱςτάς
1760 2386 2050 2451 ἱςτάντος
2104 2388 2207 2451 καὶ
2262 2389 2435 2468 βιβάς
2481 2390 2789 2469 βιβάντος.
2877 2390 3055 2467 ἱμάν-

466 2509 576 2553 τος
629 2489 752 2566 γὰρ
809 2488 913 2551 καὶ
966 2487 1382 2572 ἀνδριάντος,
1438 2489 1601 2567 ἅπερ
1656 2487 1816 2567 παρ>
1875 2489 2175 2553 Ἀττικοῖς
2228 2492 2617 2568 περιςπᾶται.
2708 2491 3055 2569 Βαρύνεται
3091 2507 3160 2579 29

468 2777 636 2831 κλίςις
672 2777 707 2841 ἢ
746 2776 879 2829 κατ’
914 2773 1207 2841 ἀποβολὴν
1241 2781 1344 2829 τοῦ
1383 2780 1416 2830 ἰ
1451 2778 1484 2842 ἢ
1522 2777 1610 2829 διὰ
1644 2781 1747 2830 τοῦ
1773 2781 1862 2842 Vr,
1902 2777 2134 2844 Μητρᾶς
2162 2778 2391 2843 Μητρᾶ,
2428 2778 2615 2845 Ζηνᾶς
2640 2779 2825 2845 Ζηνᾶ,
2868 2780 2900 2832 Γ
2905 2782 3053 2833 λιςᾶς

473 2847 794 2909 Γλιςᾶντος,
832 2846 1075 2896 πελεκᾶς
1112 2846 1483 2911 πελεκᾶντος,
1522 2846 1694 2897 ἀλλᾶς
1730 2845 2009 2898 ἀλλᾶντος
2046 2847 2137 2897 καὶ
2174 2846 2261 2897 ὅτι
2296 2851 2576 2898 τοιοῦτον.
2714 2851 2747 2900 Ι.
2775 2852 2806 2900 3
2844 2848 3053 2912 ὁμοίως

467 2919 552 2983 τῷ
590 2944 656 2951 —
693 2913 814 2965 ὶλᾶς
851 2914 1042 2964 addidi
1081 2931 1147 2964 ex
1182 2916 1308 2963 Arc.
1345 2918 1426 2977 21,
1465 2918 1549 2967 26.
1621 2914 1703 2965 ἔτι
1738 2915 1800 2966 δὲ
1838 2917 2220 2980 περιςπῶνται
2265 2931 2439 2980 usque
2477 2917 2777 2981 αᾶ·τρεςᾶς
2814 2916 2849 2967 l.
2888 2922 2919 2968 9
2957 2920 3049 2968 ad·

469 2985 580 3034 didi
617 3000 685 3033 ex
723 2984 919 3033 Choer.
956 2986 1049 3042 42,
1087 2985 1148 3033 31
1198 2982 1434 3033 adiectis
1471 2981 1667 3047 Ἑρμᾶς
1716 3000 1781 3033 ex
1823 2985 1950 3036 Arc.
1986 2988 2075 3041 22,
2114 2988 2170 3046 5,
2222 2981 2421 3047 Ἀργᾶς
2465 3002 2531 3035 ex
2567 2985 2692 3035 Arc.
2726 2989 2818 3049 21,
2860 2989 2914 3049 1,
2960 2988 3053 3037 ubi

470 3053 639 3103 Mein.
679 3068 775 3116 pro
812 3048 983 3115 ἀρκᾶς
1021 3050 1123 3099 hoc
1161 3051 1476 3113 substituit3
1517 3053 1581 3101 de
1621 3053 1836 3101 nomine
1874 3052 1995 3116 ipso
2033 3053 2107 3105 cf.
2132 3052 2267 3101 Lob.
2296 3051 2465 3104 Pron.
2490 3055 2608 3115 497,
2647 3054 2740 3117 qui
2775 3055 3052 3119 proprium

471 3138 537 3170 cx
576 3118 824 3183 Ἀργέας,
861 3118 1258 3184 appellativum
1293 3125 1478 3169 autem
1516 3136 1580 3169 ex
1618 3117 1812 3183 ἀργίας
1851 3125 2191 3170 contractum
2227 3125 2414 3185 putat,
2451 3120 2666 3171 Ahrens
2701 3128 2929 3186 propter
2963 3120 3054 3185 ἀρ-

470 3189 649 3250 γᾶντα
688 3188 1066 3237 accusativum
1103 3203 1170 3237 ex
1206 3185 1429 3251 ἀργάεις
1467 3187 1533 3237 de
1573 3187 1706 3236 dial.
1743 3189 1874 3237 Dor.
1911 3190 2009 3238 196
2044 3205 2162 3238 cum
2200 3194 2313 3238 not.
2340 3192 2371 3239 3
2410 3189 2482 3238 cf.
2510 3189 2774 3241 Schmidt.
2812 3190 2883 3240 ad
2921 3191 3055 3241 Hcs,

472 3272 514 3310 s,
552 3254 740 3320 ἀργᾶς.
810 3252 976 3315 Αίγᾶς
1017 3271 1083 3303 ex
1121 3254 1201 3304 St.
1236 3260 1296 3308 B.
1335 3256 1426 3317 38,
1466 3257 1523 3317 6,
1582 3253 1823 3306 Γονατᾶς
1863 3271 1928 3304 ex
1964 3256 2046 3307 St.
2082 3257 2143 3306 B.
2180 3258 2304 3317 211,
2340 3259 2399 3321 2,,
2436 3257 2531 3306 ubi
2567 3258 2771 3308 diserte
2809 3257 3053 3307 additum

472 3331 583 3374 est:
620 3322 652 3374 ὃ
692 3322 781 3373 καὶ
819 3321 1144 3386 παράλογον
1179 3322 1266 3373 διὰ
1299 3322 1406 3374 τὸν
1440 3322 1632 3386 τόνον,
1672 3340 1740 3372 ex
1777 3325 1971 3374 eodem
2007 3324 2173 3374 etiam
2213 3323 2425 3388 Καρρᾶς
2462 3327 2578 3387 362,
2615 3328 2662 3374 2.
2736 3324 2947 3389 Βορρᾶς
2987 3342 3053 3375 ex

471 3392 595 3443 Arc.
633 3395 723 3452 22,
765 3393 828 3440 15
875 3398 931 3440 ct
967 3392 1070 3455 Ep.
1111 3392 1267 3440 Hom.
1305 3395 1432 3452 217,
1470 3395 1526 3442 8:
1563 3390 1635 3442 τὰ
1672 3388 1749 3442 εἰς
1785 3394 1851 3441 (Tc
1896 3390 2041 3456 ὑπὲρ
2089 3390 2218 3455 μίαν
2263 3392 2542 3456 ςυλλαβὴν
2589 3391 2803 3457 μακρὸν
2851 3393 3054 3458 ἔχοντα

469 3458 540 3509 τὸ
577 3464 611 3509 α
648 3458 682 3521 ἢ
722 3456 1057 3522 βαρύνονται
1094 3457 1127 3520 ἢ
1165 3461 1570 3522 περιςπῶνται·
1608 3459 1943 3524 βαρύνονται
1983 3459 2084 3521 μὲν
2120 3457 2244 3511 οἷον
2280 3458 2430 3511 Θόας
2467 3457 2615 3512 Αἶας.
2671 3463 3052 3524 περιςπῶνται

471 3526 533 3577 δὲ
568 3523 692 3577 οἷον
730 3526 941 3591 Βορρᾶς
977 3524 1171 3576 ἀλλᾶς·
1220 3526 1333 3578 ἐςτι
1368 3526 1429 3579 δὲ
1467 3528 1616 3578 εἶδος
1653 3528 2038 3591 πλακοῦντος,
2091 3526 2146 3579 ἐξ
2194 3527 2260 3578 οὗ
2309 3528 2398 3578 καὶ
2444 3526 2892 3580 ἀλλαντοπωλῶ.
2963 3530 3052 3580 καὶ

474 3596 740 3646 πελεκᾶς·
776 3592 846 3644 τό
883 3592 943 3644 δὲ
980 3591 1104 3655 ἱμάς
1141 3594 1232 3644 καὶ
1268 3593 1489 3660 ἀνδριάς
1527 3595 1605 3645 ὡς
1631 3594 2002 3646 διαλλάξαντα
2040 3595 2182 3646 κατὰ
2217 3594 2322 3645 τὸν
2357 3594 2563 3660 χρόνον
2602 3596 2746 3661 πρὸς
2781 3597 2854 3649 τὰ
2889 3596 3049 3661 ἄλλα,

472 3664 649 3727 ἤγουν
692 3660 761 3712 τὸ
810 3659 1035 3725 Ἀρκάς,
1082 3661 1337 3726 διήλλαξε
1386 3663 1473 3713 καὶ
1518 3664 1626 3727 τήν
1673 3661 1870 3714 κλίςιν·
1928 3662 2020 3714 ἐπὶ
2067 3663 2259 3726 μέντοι
2312 3667 2536 3729 γενικῆς
2581 3662 2811 3726 ἱμάντος
2852 3663 2904 3717 οἱ
2951 3666 3052 3729 μὲν

476 3729 715 3783 Ἀττικοὶ
750 3733 835 3795 τῷ
875 3728 1061 3796 χρόνῳ
1097 3733 1200 3794 τῆς
1238 3728 1455 3781 εὐθείας
1490 3730 1936 3783 ἀκολουθοῦντες
1974 3734 2278 3795 περιςπῶςι
2301 3732 2410 3795 τὴν
2434 3733 2676 3797 γενικήν.
2721 3732 2755 3796 ή
2793 3734 2853 3785 δὲ
2891 3735 3050 3799 κοινὴ

474 3798 732 3863 ςυνήθεια
767 3800 942 3847 τοῦτο
978 3795 1224 3859 ἀπέβαλε
1261 3798 1350 3849 διὰ
1384 3798 1489 3849 τὸν
1535 3798 1746 3850 κανόνα
1783 3801 1901 3850 κτλ.
2109 3800 2141 3849 1.
2177 3802 2209 3850 8
2246 3816 2343 3865 pro
2381 3800 2686 3852 πινακαδᾶς
2725 3818 2812 3867 ap.
2856 3803 3051 3854 Chocr.

473 3869 610 3917 Lob.
636 3865 805 3917 Proll.
835 3869 933 3915 506
972 3871 1084 3915 not.
1113 3871 1178 3916 33
1215 3868 1450 3917 πινακᾶς
1490 3869 1834 3917 scribendum
1874 3873 2084 3931 censet,
2124 3870 2267 3932 quod
2304 3871 2507 3933 recepi.
2633 3869 2666 3918 l.
2699 3871 2889 3919 10-11
2932 3869 3051 3921 Βιτ-

473 3937 573 3985 τᾶς
611 3951 676 3983 ex
714 3935 794 3986 Io.
831 3935 917 3983 ΑΙ.
956 3935 1006 3993 8,
1048 3936 1134 3995 18,
1171 3934 1266 3983 ubi
1305 3950 1399 3999 pro
1434 3932 1566 3986 ἷςως
1604 3934 1944 3998 παραλόγως
1982 3952 2048 3984 ex
2087 3936 2281 3986 Choer.
2319 3939 2412 3998 42,
2449 3938 2540 3993 28,
2582 3934 2839 3988 Ἰωνικῶς
2877 3953 3051 4003 παρα-

474 4002 661 4064 λόγως
699 4002 923 4066 scripsi,
974 4000 1150 4065 Κυρᾶς
1196 4004 1440 4053 accessit
1487 4020 1552 4053 ex
1591 4003 1784 4055 Chocr.
1996 4004 2029 4056 l.
2069 4006 2131 4053 13
2176 4002 2263 4055 διὰ
2313 4003 2487 4067 μόνου
2529 4006 2634 4053 τοῦ
2673 4007 2706 4054 τ
2752 4005 3052 4068 κλινόμενα

475 4071 773 4151 addidi-ex
811 4070 999 4119 10.A1.
1027 4072 1075 4131 8,
1113 4073 1194 4129 22,
1232 4070 1375 4120 unde
1413 4072 1589 4153 ctiam²
1615 4070 1865 4136 νεοκράς.
1989 4071 2130 4154 ‘1.14
2168 4087 2431 4121 canonem
2470 4072 2536 4123 de
2574 4070 2701 4133 ἱμάς
2738 4079 2795 4122 et
2829 4071 3051 4137 ἀνδριάς

475 4139 1192 4269 ἱὶρὲῖἮὲξέρόῖἱοῖὸήῖῖέᾰ
1229 4140 1327 4269 ἒέἷῖ
1361 4154 1430 4256 ¹1³1?
1436 4138 1794 4269 wssu‘iffi‘
1815 4137 2219 4269 ,ἳὲκξίἓῖἒὲοὗῗ
2239 4138 3055 4273 ιῖῗεηὲἔὲγιῖιῗὲεἳᾷιμῗέἒῢὲἑ

474 4303 540 4311 -—
575 4276 610 4325 l.
649 4278 712 4324 19
749 4271 899 4336 βιβάς
937 4271 1191 4336 βιβάντος
1228 4274 1424 4337 adieci,
1461 4277 1537 4325 10.
1565 4275 1649 4329 ΑΙ,
1677 4278 1725 4339 8,
1752 4279 1836 4339 23,
1872 4275 2016 4325 unde
2053 4276 2087 4325 l.
2116 4278 2178 4325 19
2213 4273 2443 4337 ἱμάντος
2479 4275 2584 4340 γὰρ
2621 4304 2687 4311 -
2723 4279 3055 4341 περιςπᾶται

477 4344 549 4394 cf.
588 4342 785 4393 Choer.
825 4345 909 4401 98,
945 4347 980 4391 4
1024 4342 1118 4412 ubi
1154 4341 1224 4393 τὸ
1271 4339 1397 4404 ἱμάς
1434 4342 1525 4392 καὶ
1561 4340 1810 4408 ἀνδριάς,
1862 4342 1940 4393 ὥς
1986 4356 2155 4408 φηςιν
2192 4342 2533 4407 Ἡρωδιανὸς
2571 4342 2633 4394 ἐν
2668 4348 2740 4410 τῇ
2789 4345 3052 4410 καθόλου,

477 4409 814 4476 παραλόγως
852 4408 1162 4460 ὀξύνονται.
1233 4412 1293 4461 Ε.
1330 4413 1405 4460 Μ.
1449 4415 1558 4472 101,
1594 4415 1660 4460 42
1705 4409 1957 4474 ἀνδριάς;
2006 4412 2279 4475 Ζητεῖται,
2319 4410 2367 4462 εἰ
2403 4411 2591 4462 πάντα
2633 4411 2707 4463 τὰ
2743 4411 2821 4465 εἰς
2857 4419 2921 4466 ὰς
2960 4429 3056 4478 μα-

479 4480 614 4543 κρὸν
659 4476 1052 4541 καταλήγοντα
1099 4478 1133 4541 ἢ
1181 4477 1516 4543 βαρύνονται
1561 4478 1595 4542 ἢ
1643 4480 2052 4543 περιςπῶνται,
2100 4478 2170 4529 τὸ
2223 4476 2284 4529 δὲ
2328 4478 2551 4544 ἀνδριάς
2596 4481 2687 4530 καὶ
2732 4480 2857 4543 ἱμάς
2907 4497 3057 4547 ςεςη-

479 4546 709 4609 μείωται
725 4585 738 4609 ,
761 4549 926 4596 ποῖον
954 4544 1061 4609 ἄρα
1090 4544 1369 4608 ἀνάλογον
1395 4545 1642 4609 ὤφειλεν
1670 4546 1818 4609 ἔχειν
1842 4546 1949 4597 τὸν
1974 4545 2165 4609 τόνον,
2197 4547 2628 4611 περιςπώμενον
2652 4548 2686 4611 ἢ
2717 4550 3057 4613 βαρύτονον;

478 4616 567 4665 καὶ
605 4614 874 4676 λέγουςιν,
912 4613 1000 4664 ὅτι
1038 4613 1362 4678 βαρύνεται,
1401 4614 1594 4677 ἐπειδὴ
1633 4613 1820 4665 πάντα
1855 4613 1927 4665 τὰ
1964 4614 2042 4666 εἰς
2078 4616 2142 4665 (ἶς’
2178 4612 2293 4666 ἀπὸ
2327 4618 2449 4666 τῶν
2476 4615 2553 4667 εἰς
2592 4632 2655 4668 ος
2691 4615 2805 4668 ἀπὸ
2842 4617 3061 4670 εὐθείας

479 4684 513 4746 ἢ
551 4682 666 4734 ἀπὸ
700 4684 924 4745 γενικῆς
963 4681 1277 4747 βαρύνεται,
1317 4682 1477 4745 βέλος
1516 4680 1717 4745 βελίας,
1755 4681 1981 4746 δράκων
2005 4681 2311 4746 δράκοντος
2345 4684 2694 4748 δρακοντίας,
2733 4686 2919 4738 οὕτως
2956 4686 3063 4752 ἄρα

479 4749 678 4815 ἀνδρὸς
716 4748 963 4815 ἀνδρίας·
1011 4750 1101 4801 καὶ
1152 4749 1337 4802 πάντα
1381 4750 1453 4802 τὰ
1499 4749 1577 4801 εἰς
1614 4754 1719 4813 ιῖιῑς·
1756 4751 1830 4814 μή
1880 4749 2021 4800 ὄντα
2065 4750 2461 4815 ὑποκοριςτικὰ
2508 4753 2805 4818 βαρύνεται
2851 4754 3065 4819 ἀκάμας

479 4817 631 4869 οὕτω
671 4817 759 4869 καὶ
793 4817 938 4880 ἰ’μας.
975 4828 1005 4868 <<
1019 4819 1092 4882 μὴ
1131 4819 1271 4869 ὂντα
1307 4818 1745 4883 ύποκοριςτικὰ»
1779 4817 1869 4869 διὰ
1903 4818 1973 4869 τὸ
2011 4817 2218 4881 Θωμᾶς
2255 4820 2345 4871 καὶ
2385 4820 2597 4882 Κοςμᾶς
2637 4820 2754 4873 ἀπὸ
2790 4827 2894 4875 τοῦ
2934 4827 3065 4876 θαυ-

483 4885 669 4952 μάςιος
706 4886 797 4936 καὶ
835 4885 1071 4948 κόςμιος.
1143 4888 1227 4936 De
1267 4889 1576 4939 nominibus
1615 4889 1670 4937 in
1708 4884 1793 4938 {ac
1832 4887 1906 4937 cs.
1946 4888 2081 4939 Lob.
2117 4888 2285 4942 Proll.
2321 4906 2370 4953 p.
2408 4892 2526 4941 490.

2535 4974 2659 5047 .4*
