3664 5546
1152 409 1312 469 Περι
1354 408 1748 469 κΑοοΛικΗς
1784 408 2209 468 πΡοςΩιΔιΑς
2248 408 2318 467 ιε.
2902 410 3031 477 419

436 586 732 665 κλητικὴν
778 582 925 651 οἷον
979 583 1252 666 εὐμήκης
1310 581 1668 668 εὔμηκες,
1723 583 2028 664 ἐπιμήκης
2072 583 2474 665 ἐπίμηκες,
2530 584 2846 662 κακοήθης
2901 603 3029 647 κα-

440 688 744 770 κόηθες,
791 688 1062 766 (υνήθης
1107 685 1463 770 ςύνηθες,
1508 687 1911 766 παμμεγέθης
1953 685 2477 768 παμμέγεθες,
2534 682 2633 749 οἶς
2675 683 3030 763 ἠκολούθη-

440 810 553 854 ςαν
599 791 702 854 καὶ
753 790 831 854 τὸ
884 789 1242 870 φιλαλήθης
1297 788 1736 869 φιλάληθες
1788 789 1893 852 καὶ
1947 788 2288 868 μιςαλήθης
2343 787 2780 867 μιςάληθες.
2823 822 2911 832 -
2951 787 3031 851 τὰ

438 891 615 968 παρὰ
657 891 734 955 τὸ
781 891 927 955 ἔτος
971 890 1130 969 παρ’
1171 889 1321 968 ἡμῖν
1368 891 1482 968 μἐν
1514 887 1874 968 ὀξυνόμενα
1903 890 2062 954 κατὰ
2105 890 2221 968 τήν
2267 887 2522 954 εὐθεῖαν
2568 889 2671 952 καὶ
2711 888 2872 953 κατὰ
2916 890 3032 967 τὴν

439 991 1122 1072 κλητικὴνέόξύνονται
1177 988 1324 1056 οἷον
1379 990 1417 1055 6
1472 992 1718 1070 τριετής
1761 990 1815 1056 ὦ
1857 989 2195 1074 τριετές,
2250 989 2289 1054 6
2346 990 2695 1068 πενταετής
2748 988 2802 1052 ὦ
2846 1010 3029 1055 πεν-
3073 998 3106 1048 5

438 1094 743 1176 ταετές,
800 1092 838 1157 6
892 1093 1149 1171 ἑξαετὴς
1204 1092 1258 1156 ὦ
1312 1092 1655 1178 ἑξαετές,
1709 1093 1887 1172 παρὰ
1943 1095 2015 1158 δὲ
2070 1095 2207 1157 τοῖς
2252 1091 2605 1172 Ἀθηναίοις
2669 1091 3027 1170 παροξυνό-

441 1214 602 1275 μενα
653 1194 814 1260 κατὰ
868 1195 988 1273 τὴν
1044 1194 1298 1259 εὐθεῖαν
1354 1196 1425 1261 ἐν
1478 1202 1557 1280 τῇ
1601 1199 1858 1279 κλητικῇ
1913 1194 2519 1272 προπαροξύνονται
2583 1191 2729 1268 οἷον
2786 1193 2825 1258 6
2882 1213 3033 1259 πεν-

440 1296 665 1375 ταέτης
707 1295 762 1360 ὦ
804 1297 1261 1379 πεντάετες,
1306 1295 1344 1360 6
1388 1296 1642 1375 ἑξαὲτης
1686 1296 1740 1361 ὦ
1785 1296 2113 1363 ἑξάετες.

480 1413 483 1416 ’
609 1397 795 1463 Πᾶςα
838 1399 1093 1477 κλητικὴ
1151 1397 1239 1463 εἰς
1293 1401 1329 1476 ὃ
1386 1398 1541 1478 μετὰ
1586 1396 1882 1478 βραχείας
1928 1398 2296 1482 βαρύνεται,
2327 1397 2652 1479 fenon,
2711 1396 3034 1480 Νέςτορ,

445 1498 792 1581 Μέντορ,
837 1498 1024 1574 ἔνθεν
1066 1501 1141 1564 τὸ
1187 1499 1407 1582 ἄνερ,
1454 1503 1730 1582 ςῶτερ,
1776 1499 2051 1582 πάτερ,
2096 1502 2283 1576 δᾶερ
2327 1498 2778 1579 ἐβαρύνθηςαν.
2838 1498 2912 1563 Αἱ
2947 1498 3036 1563 εἰς
3075 1506 3138 1556 10

441 1601 521 1678 ᾗῇ
566 1599 804 1665 εὐθεῖαι
849 1600 1011 1678 ὑπὲρ
1057 1602 1176 1665 δύο
1209 1601 1525 1681 ςυλλαβὰς
1571 1599 1914 1680 βαρύτονοι
1959 1598 2400 1679 ἀναπέμπουςι
2444 1601 2562 1665 τὸν
2601 1599 2798 1665 τόνον
2845 1600 2915 1665 ἐν
2957 1607 3036 1685 τῇ

443 1704 728 1786 κλητικῇ,
784 1701 1150 1785 θύγατερ,
1206 1701 1556 1785 εἴνατερ,
1611 1703 2015 1784 Δήμητερ,
2070 1700 2524 1779 αἰνόπατερ.
2620 1702 2697 1767 τὸ
2760 1706 3035 1782 κυβερ-

443 1806 680 1881 νᾶτερ
725 1800 857 1867 ἀπὸ
902 1802 1218 1870 ὀξυτόνου
1259 1808 1380 1868 τοῦ
1424 1804 1815 1883 κυβερνατὴρ
1846 1802 2202 1884 γενόμενον
2231 1803 2804 1894 προπεριεςπάςθη.
2865 1802 2930 1868 αἱ
2966 1805 3037 1868 δὲ

449 1903 539 1972 εἰς
594 1907 680 1983 ’65
725 1903 887 1982 ὑπὲρ
944 1903 1065 1968 δύο
1121 1904 1435 1986 ςυλλαβὰς
1479 1907 1761 1983 κλητικαὶ
1802 1903 1874 1971 ἐν
1930 1905 2127 1988 ταύτῃ
2179 1910 2258 1989 ,τῇ
2315 1908 2593 1988 ςυλλαβῇ
2647 1904 3037 1986 φυλάττουςι
3075 1920 3092 1929 ·

444 2007 562 2071 τὸν
605 2006 838 2088 τόνον,
884 2006 955 2071 ἐν
997 2006 1038 2089 ᾗ
1085 2009 1361 2091 ςυλλαβῇ
1395 2007 1538 2096 ’ἔχει
1584 2005 1788 2072 αὐτὸν
1841 2007 1882 2085 ἡ
1937 2007 2185 2089 εὐθεῖα,
2241 2009 2630 2089 κωμῆτορ,
2679 2006 3038 2090 ρίκῆτορ,
3076 2013 3138 2064 15

443 2108 997 2190 Πολυμῆςτορ,
1040 2108 1616 2187 παντοκράτορ.
2936 2130 2947 2140 ·

610 2208 685 2273 Αἱ
728 2191 859 2273 ἀπὸ
902 2213 1035 2275 τῶν
1080 2208 1168 2274 εἰς
1208 2211 1313 2273 ἰιι-ν
1356 2209 1624 2276 εὐθειῶν
1669 2209 1897 2274 ἁπλῶν
1943 2209 2224 2289 κλητικαὶ
2268 2209 2374 2273 ἐπὶ
2414 2211 2526 2286 τῆς
2570 2208 2766 2288 αὐτῆς
2811 2213 3036 2276 ςυλλα-

446 2313 556 2391 βῆς
599 2313 739 2375 ταῖς
782 2310 1054 2376 εὐθείαις
1095 2312 1213 2376 τὸν
1256 2312 1471 2376 τόνονκ
1499 2310 1927 2394 φυλάττουςι,
1970 2311 2199 2376 πέπων
2244 2311 2538 2393 πέπον,
2582 2311 2825 2389 δαίμων
2872 2317 3036 2376 δαῖ-

445 2432 643 2494 μων,
699 2412 1018 2490 Ἀρετάων
1065 2412 1464 2490 Ἀρετᾶον·
1521 2411 1577 2475 εἰ
1622 2411 1841 2491 μέντοι
1884 2412 2173 2477 ςύνθετοι
2219 2410 2385 2495 εἷεν,
2430 2411 2875 2493 ἀναβιβάζουςι
2919 2416 3037 2479 τὸν

444 2513 642 2578 τόνον
685 2512 972 2577 τουτέςτι
1018 2512 1656 2596 προπαροξύνονται,
1701 2511 2112 2594 εὔδαιμον,
2175 2515 2749 2597 κυλλοπόδιον,
2795 2514 3036 2579 Αὐτό-
3073 2522 3141 2573 20

446 2618 722 2695 μεδον,
768 2613 1284 2696 Ἀγάμεμνον,
1330 2613 1879 2694 ὀλβιόδαιμον.
1933 2615 2015 2679 τὰ
2058 2616 2235 2694 παρὰ
2277 2617 2352 2679 τὸ
2384 2615 2557 2695 φρήν
2606 2615 2724 2680 οὐκ
2753 2614 3038 2682 ἀνέδωκε

445 2716 563 2781 τὸν
629 2715 858 2798 τόνον,
926 2713 1068 2780 ἀλλ’
1131 2714 1448 2795 ἐφύλαξεν
1515 2714 1621 2779 ἐπὶ
1681 2718 1794 2793 τῆς
1860 2715 2085 2799 αὐτῆς,
2154 2717 2532 2800 δαΐφρον,
2598 2717 3036 2799 Λυκόφρον.

447 2816 847 2896 ςεςημείωται
891 2818 963 2880 δὲ
1005 2816 1081 2880 τὸ
1112 2815 1166 2879 ὦ
1209 2816 1703 2897 Λακεδαῑμον
1744 2818 1848 2883 καὶ
1886 2820 1962 2882 τὸ
2009 2819 2443 2898 «ψευδόμενοί
2489 2838 2554 2883 ςε
2581 2819 3035 2901 Παλαῖμον»

447 2919 529 2998 μὴ
572 2917 1045 2997 ἀναπέμψαντα
1086 2919 1203 2983 τὸν
1247 2919 1462 2984 τόνον.

752 3039 855 3046 ‘—

448 3104 596 3170 ἔχειν
632 3103 896 3171 ἀφορμὴν
933 3096 1477 3170 προπαροξύνεςθαι,
1515 3106 1659 3157 unde
1695 3113 1933 3173 apparet
1969 3109 2390 3174 epitomatorem
2426 3104 2641 3174 partem
2677 3114 2892 3159 tantum
2926 3110 3036 3161 He·

447 3174 745 3224 rodianeae
783 3174 1147 3239 expositionis
1184 3175 1506 3239 protulisse,
1545 3174 1779 3225 alteram
1813 3177 1987 3242 ipsius
2024 3176 2359 3241 sententiam
2384 3178 2756 3228 continentem
2781 3193 3037 3244 suppres-
3071 3190 3086 3199 ⁷

448 3242 585 3292 sisse
625 3242 698 3295 of.
734 3242 911 3292 Lehrs
949 3246 1163 3307 quaest.
1204 3258 1290 3307 ep.
1329 3259 1395 3307 p(
1422 3243 1548 3306 1593
1588 3248 1810 3307 praeter
1851 3243 2000 3294 locos
2045 3259 2078 3294 a
2116 3245 2233 3295 viro
2272 3244 2578 3295 clarissimo
2625 3246 2828 3296 citatos
2864 3246 3038 3297 adeas

448 3309 617 3359 etiam
650 3311 753 3359 An.
775 3310 876 3359 Ox.
903 3309 989 3359 111
1012 3310 1112 3360 427
1150 3307 1297 3361 ἐςτιν
1334 3308 1369 3372 ἡ
1410 3309 1478 3360 κλ
1518 3310 1645 3373 τικὴ
1683 3308 1950 3376 αὐθάδες,
1990 3309 2333 3376 παραλόγως
2359 3310 2420 3363 δὲ
2445 3310 2700 3363 αὔθαδες.
2804 3313 2841 3363 l.
2869 3316 3035 3365 9-12

447 3372 756 3440 αἰνόπατερ
783 3392 851 3426 ex
876 3378 953 3427 10.
981 3375 1065 3427 Al.
1095 3379 1175 3441 13,
1202 3379 1284 3440 36,
1310 3374 1367 3428 αἱ
1392 3375 1453 3427 δὲ
1479 3391 1506 3428 ε
1531 3392 1558 3429 ς
1580 3381 1648 3442 δῇ
1672 3394 1848 3445 usqne
1875 3379 1946 3430 ad
1971 3379 2132 3430 finem
2158 3396 2227 3431 ex
2253 3379 2446 3430 Choer.
2470 3382 2587 3443 437,
2614 3383 2675 3430 21
2702 3380 2798 3431 ubi
2827 3381 3035 3432 diserte

446 3443 1057 3576 Sssiffssiss‘ssffisszss‘ss
1064 3443 1478 3564 ἑὲῗνῖξὲἕαέῗρ
1489 3447 2922 3577 §ffl'veffitkassff”90‘2‘250fi3325‘0xssffstssffl3234?
2949 3449 3035 3580 ¹³53

444 3577 756 3641 ὀξυνόμενα
781 3577 990 3640 ὁμοίως
1013 3583 1134 3631 ταῖς
1158 3550 1354 3631 αὐτῶν
1380 3578 1620 3633 εὐθείαις
1645 3579 1759 3632 ἀπὸ
1781 3580 2035 3634 Αἰολίδος
2061 3529 2356 3634 διαλέκτου
2383 3582 2827 3649 ἑμμεμενήκαςιν
2854 3530 3034 3635 εξπέἰν

447 3645 580 3697 καθ’
614 3645 975 3711 Ἡρωδιανόν.
1029 3644 1178 3699 εἰκὸς
1214 3647 1276 3699 δὲ
1313 3648 1403 3699 καὶ
1438 3648 1508 3699 τὸ
1545 3651 1727 3713 ςῶτερ
1762 3650 1988 3701 τούτοις
2024 3650 2420 3716 ςυνεκδραμεῑν
2458 3649 2886 3716 Αίολικώτερον.
2960 3652 3032 3701 cf.

448 3714 644 3764 Choer.
668 3716 816 3764 Diot.
842 3717 961 3777 273,
990 3718 1052 3765 12
1091 3714 1215 3781 (Ep.
1240 3717 1300 3765 in
1324 3717 1530 3769 Psalm.
1556 3719 1606 3775 8,
1633 3719 1749 3778 27);
1785 3716 1857 3769 τὰ
1891 3716 1970 3769 εἰς
2004 3721 2040 3783 ῥ’
2073 3717 2323 3784 λήγοντα
2358 3717 2859 3784 βραχυκατάληκτα
2890 3719 3033 3784 ὑπὲρ

449 3778 578 3844 μίαν
616 3781 896 3846 ςυλλαβὴν
921 3781 1372 3847 ἀποςτρέφονται
1408 3785 1517 3847 τὴν
1553 3783 1740 3836 ὀξεῖαν
1773 3782 1932 3836 τάςιν
1951 3799 2052 3849 ’χω
2093 3787 2139 3837 ic
2163 3789 2267 3853 τῆς
2290 3786 2436 3852 ὑπέρ
2461 3785 2783 3851 προθέςεως
2807 3787 2898 3838 καὶ
2928 3789 3031 3837 τοῦ

447 3847 589 3913 ἀτάρ
614 3849 913 3913 ςυνδέςμου
941 3850 1033 3901 καί
1056 3849 1255 3915 αὐτάρ,
1282 3848 1408 3902 οἷον
1432 3850 1631 3915 μάκαρ,
1659 3850 1830 3917 ἄφαρ,
1857 3852 2017 3917 ἦτορ,
2044 3801 2217 3919 gauf),
2244 3854 2361 3919 ἔαρ,
2389 3854 2587 3920 φρέαρ,
2610 3853 2827 3919 δέλεαρ,
2849 3854 3034 3919 (τέαρ,

448 3916 664 3981 ὄνειαρ·
702 3916 889 3969 οὕτως
924 3916 1033 3969 αὓν
1069 3918 1159 3969 καὶ
1196 3918 1359 3983 ἄνερ,
1398 3917 1606 3983 πάτερ,
1643 3921 1854 3985 ςῶτερ,
1892 3920 2027 3986 δᾶερ
2065 3919 2406 3986 βαρυτόνως.
2444 3921 2766 3988 πρόςκειται
2803 3921 3036 3985 «βραχυ-

448 3983 809 4049 κατάληκτα»
844 3985 932 4036 διὰ
956 3985 1026 4036 τὸ
1063 3986 1253 4051 πατήρ
1290 3986 1380 4038 καὶ
1417 3984 1560 4050 ἀνήρ
1597 3986 1926 4050 ὁξυνόμενα.
1964 3989 2284 4054 πρόςκειται
2320 3989 2507 4054 «ὑπὲρ
2545 3988 2675 4053 μίαν
2712 3989 3036 4052 ςυλλαβὴν»

447 4051 538 4103 διὰ
571 4051 677 4103 τὸν
711 4051 817 4117 γάρ
854 4053 1157 4122 ςύνδεςμον
1193 4053 1553 4116 ὁξυνόμενον.
1580 4081 1646 4091 ·-—
1672 4056 1807 4106 Cum
1844 4053 2154 4121 αἰνόπατερ
2188 4058 2590 4122 comparandus
2625 4062 2712 4107 est
2747 4058 3037 4107 vocativus

447 4118 774 4185 τριβόλετερ
812 4136 845 4170 a
881 4121 1240 4188 τριβολετήρ,
1279 4122 1425 4188 quod
1463 4122 1769 4187 exemplum
1806 4124 2002 4175 Choer.
2039 4128 2155 4186 273,
2197 4127 2222 4173 1
2262 4132 2319 4175 et
2353 4128 2472 4185 431,
2509 4127 2576 4175 29
2612 4141 2680 4174 ex
2715 4124 3036 4176 Herodiano

450 4188 750 4253 sumpsisse
790 4189 1031 4254 probant
1068 4190 1156 4239 Cr.
1183 4190 1285 4239 An.
1308 4190 1487 4241 Paris.
1523 4191 1549 4239 Ι
1586 4193 1704 4254 396,
1731 4194 1791 4240 21
1837 4192 1908 4244 es.
1933 4193 2070 4244 Lob.
2098 4191 2265 4243 Proll.
2292 4193 2409 4253 131,
2434 4194 2491 4252 5,
2527 4192 2810 4243 Hermann
2849 4206 3036 4257 opusc.

448 4256 525 4306 VI
566 4260 610 4313 1,
652 4258 766 4307 131.
940 4256 975 4306 l.
1017 4260 1215 4309 17—23
1262 4274 1329 4307 ex
1365 4257 1443 4311 10.
1484 4256 1568 4307 Al.
1613 4260 1700 4324 14,
1738 4260 1786 4308 6.
1834 4287 1901 4295 —-
1948 4259 1985 4308 l.
2026 4260 2096 4308 18
2133 4274 2231 4325 pro
2267 4260 2370 4322 τῆς
2417 4255 2636 4309 εὐθείας
2683 4260 2878 4326 scripsi
2914 4262 3037 4311 ταῖς

450 4321 704 4375 εὐθείαις.
774 4324 841 4375 In
875 4323 981 4375 fine
1019 4323 1318 4388 Παλαῖμον
1355 4325 1547 4375 addidi
1592 4341 1661 4375 ex
1704 4326 1769 4376 11.
1806 4328 1897 4379 Pr.
1939 4324 1972 4377 Γ
2011 4327 2132 4376 182:
2180 4324 2566 4389 ὁλβιόδαιμονε
2613 4324 3038 4391 προπαροξυτό-

449 4404 579 4443 νως.
635 4390 749 4443 ἔςτι
784 4391 892 4456 γὰρ
930 4390 1214 4444 ςύνθετον.
1267 4391 1341 4443 τὰ
1377 4391 1438 4442 δὲ
1475 4395 1658 4459 μακρᾷ
1695 4390 2138 4459 παραληγόμενα
2175 4392 2484 4457 βαρύτονά,
2523 4392 2727 4459 ἔχοντα
2764 4394 3037 4460 κλητικὴν

451 4456 530 4510 εἰς
582 4463 650 4509 <W
703 4458 1164 4526 περατουμένην,
1213 4461 1660 4525 προπεριςπᾶται
1705 4459 1861 4513 ἁπλᾶ
1908 4461 2076 4526 ὄντα,
2126 4460 2391 4526 Μαχᾶον,
2442 4460 2726 4526 Ἀρετᾶον.
2797 4461 3037 4514 ςύνθετα

452 4524 643 4588 μέντοι
678 4525 976 4580 ἀναδίδωςι
1010 4528 1118 4579 τὸν
1153 4525 1354 4590 τόνον,
1394 4526 1801 4594 κυλλοπόδιον,
1840 4527 2181 4593 Ποςείδαον,
2221 4528 2594 4593 ὀλβιόδαιμον.
2654 4529 2745 4581 καί
2782 4528 2877 4581 ἐπὶ
2914 4532 3038 4580 τῶν

452 4592 646 4645 ἄλλων
678 4598 803 4647 τῶν
840 4595 1129 4648 ςυνθέτων
1173 4596 1244 4647 τὸ
1288 4594 1460 4660 αὐτό,
1508 4595 1661 4658 λέγω
1708 4595 1770 4647 δὲ
1814 4596 1886 4647 τὸ
1931 4594 2258 4660 Αὐτόμεδον
2305 4598 2395 4649 καὶ
2435 4596 2808 4662 Ἀγάμεμνον·
2854 4600 3038 4650 ταῦτα

453 4659 559 4725 γὰρ
595 4661 765 4714 πάλιν
799 4663 906 4715 τὸν
939 4663 1114 4716 τόνον
1150 4661 1439 4727 ἀνεβίβαςε
1476 4662 1620 4716 κατὰ
1657 4664 1956 4730 κλητικήν,
1995 4664 2118 4716 ἐπεὶ
2154 4665 2396 4717 ςύνθετα
2420 4664 2509 4729 ἦν.
2546 4666 2619 4716 τά
2656 4664 2849 4728 μέντοι
2886 4665 3038 4730 παρὰ

453 4726 523 4778 τὸ
558 4731 710 4795 φρήν
747 4730 1109 4795 ςυντιθὲμενα
1155 4731 1401 4798 ἐφύλαξε
1447 4730 1553 4782 τὸν
1596 4729 1799 4796 τόνον,
1847 4732 2046 4797 Λυκόφ
2082 4748 2177 4797 ον,
2234 4733 2501 4798 δαΐφρον,
2550 4733 2684 4784 ὅθεν
2731 4733 3038 4799 ςημειῶδες

358 4822 365 4833 ·
455 4794 637 4848 ἐκεῖνο
683 4798 825 4850 κατὰ
870 4800 1145 4864 κλητικὴν
1180 4799 1291 4852 «ἰὼ
1328 4799 1720 4862 Λακεδαίμον»
1759 4746 2164 4867 Ἀριςτοφιίίνης
2203 4799 2482 4855 Ὀλκάςιν·
2529 4801 2620 4852 καί
2657 4800 2933 4854 ςύνθετον
2967 4801 3038 4853 τὸ

452 4864 838 4930 «ψευδόμενοί
878 4881 937 4919 ςε
982 4866 1342 4934 Παλαῖμον».
1412 4866 1462 4920 Φ
1498 4869 1625 4921 331:
1670 4867 1741 4919 τὸ
1787 4868 2167 4921 κυλλοπόδιον
2207 4867 2560 4934 Ἀρίςταρχος
2605 4870 3038 4936 προπαροξύνει,

2494 4951 2634 5015 27*
