3664 5546
1579 411 1995 462 PRAEFATIO.
2775 413 3048 460 LXXXIX

477 571 619 637 loco
676 580 1020 657 utrumque
1076 567 1465 636 vocabulum
1519 571 1886 655 promiscue
1939 577 2139 655 ponat
2197 568 2304 652 (E.
2358 568 2449 632 M.
2492 567 2645 641 672,
2691 567 2775 631 46
2830 567 3048 632 πνύεω

478 675 1031 757 ἀναδιπλαειαεμῷ
1077 674 1405 738 πιπνύεκω
1433 710 1517 721 --
1547 673 1808 753 ἄμεινον
1856 674 1927 738 δὲ
1959 674 2168 747 λέγειν
2198 671 2602 751 πλεοναεμόν
2633 672 2794 750 ἤπερ
2826 673 3045 734 διπλα-

480 772 779 859 ειαεμόν).
876 773 1213 840 Interdum
1269 773 1535 842 additur
1587 776 1731 840 κατ’
1787 775 1990 854 ἀρχὴν
2049 772 2318 857 (Arcad.
2365 773 2476 853 70,
2526 772 2606 836 10
2659 774 2738 837 τὰ
2794 772 2880 836 εἰ(
2932 776 3049 850 iffi?

479 877 984 959 ὑπερδιεύλλαβα
1028 879 1590 958 δεδιπλαειαεμένα
1620 878 1762 942 κατ’
1792 877 1997 957 ἀρχὴν
2027 912 2111 925 —-
2141 873 2505 959 βάρβαρος).
2551 873 2637 942 cf.
2670 873 3049 939 Skrzeczka

478 978 520 1044 l.
565 1004 620 1046 c.
665 1002 730 1066 p.
776 979 838 1044 6.

645 1082 748 1146 De
793 1083 975 1146 exitu
1028 1081 1498 1147 vocabulorum
1553 1090 1744 1146 aucto
1789 1089 2143 1167 usurpatur
2192 1102 2531 1146 commune
2573 1100 2811 1145 nomen
2854 1083 3046 1145 πλεο-

477 1185 709 1266 ναεμό(
755 1184 860 1268 (Ε.
894 1183 983 1247 Μ.
1020 1177 1174 1266 748,
1204 1185 1246 1249 3
1289 1187 1365 1250 τὸ
1409 1186 1642 1272 ταυτόν
1690 1184 1770 1250 οὐ
1813 1184 2243 1268 πλεοναεμόε,
2287 1183 2427 1248 ἀλλ’
2471 1183 2796 1259 ἀναλογία.
2842 1181 2923 1245 Ε.
2954 1180 3045 1245 M.

476 1287 592 1367 44,
635 1286 719 1350 45
763 1286 1364 1367 ἀκαμαντοχάρμανῑ
1424 1287 1542 1352 οὐκ
1597 1287 1724 1352 ἔετι
1770 1287 2198 1370 πλεοναεμόε,
2255 1285 2420 1351 ἀλλὰ
2475 1285 2685 1364 πλάνη
2731 1284 3046 1369 κλίεεωε);

478 1389 674 1454 etiam
720 1386 1012 1475 syllabae
1058 1385 1419 1453 accessioni
1460 1389 1584 1453 hoc
1639 1411 1876 1453 nomen
1939 1388 2188 1452 inditur
2251 1387 2355 1470 (E.
2413 1385 2501 1450 M.
2562 1386 2688 1450 645
2751 1386 2882 1451 ἀπὸ
2936 1390 3047 1464 τῆς

477 1491 666 1570 ὄρεος
709 1495 958 1570 γενικῆς
999 1491 1236 1569 γίνεται
1283 1491 1548 1573 ὀρὲοεφι
1594 1493 1695 1556 καὶ
1738 1492 1895 1557 κατὰ
1941 1493 2261 1569 ευγκοπὴν
2291 1495 2405 1555 τοῦ
2448 1495 2487 1553 ’ὀ
2533 1491 2635 1554 καὶ
2666 1492 3047 1573 πλεοναεμῷ

476 1597 586 1672 τῆς
629 1598 712 1674 Est
758 1597 1066 1675 (υλλαβῆε
1109 1593 1384 1680 ὄρεεφι).
1468 1593 1685 1657 Aucta
1736 1614 1856 1678 per
1909 1597 1930 1658 i
1969 1592 2366 1678 praepositio
2421 1592 2491 1656 ἐν
2536 1599 2812 1656 vocatur
2854 1594 3045 1655 πλεο-

477 1696 752 1762 νάζουεα
794 1702 885 1780 τῷ
938 1699 961 1761 i
1002 1696 1097 1760 Ιο.
1142 1694 1248 1759 ΑΙ.
1294 1694 1399 1776 27,
1444 1696 1559 1777 333
1603 1693 1758 1759 item
1814 1695 1991 1760 καταί
2045 1703 2111 1758 et
2155 1695 2350 1772 παραί
2393 1692 2553 1757 ibid.
2598 1691 2703 1774 27,
2748 1691 2833 1755 29
2887 1699 2978 1777 τῷ
3027 1695 3048 1756 i

478 1798 936 1864 πλεονάζουεαι
991 1797 1333 1878 dicuntur,
1392 1796 1622 1862 eodem
1673 1795 2007 1861 intellectu
2056 1795 2126 1859 in
2170 1795 2248 1860 ΙΙ.
2293 1794 2402 1858 Pr.
2449 1798 2495 1861 Β
2541 1794 2666 1858 824
2719 1796 3047 1880 προθέεειε
3122 1852 3126 1856 ⁴

478 1902 977 1981 ἑπαυξανόμεναι
1032 1903 1136 1965 διὰ
1189 1905 1307 1965 τοῦ
1359 1903 1382 1965 ἰ
1435 1900 1870 1963 nominantur.
1958 1897 2143 1963 Idem
2193 1897 2583 1963 vocabulum
2641 1896 2923 1962 occurrit
2964 1896 3044 1959 E.

475 2002 565 2093 M.
612 2002 769 2084 618,
819 2003 894 2066 17
941 2004 1015 2068 τὸ
1062 2001 1233 2083 οἴμοι
1279 2003 1616 2084 ἐπηύξηται
1660 2002 1791 2067 ἀπὸ
1836 2005 1954 2066 τοῦ
2000 2000 2066 2066 οἴ
2108 2001 2522 2081 ψιλουμένου.
2565 2037 2651 2048 -
2695 1999 2794 2064 In.
2839 2000 2920 2062 E.
2951 1999 3043 2062 M.

474 2104 600 2169 342
656 2102 737 2168 de
790 2105 979 2185 προτί
1034 2104 1274 2169 dicitur
1325 2105 1365 2183 ἡ
1421 2105 1583 2184 πρόε
1637 2105 1991 2184 προεέλαβε
2046 2105 2122 2169 τὸ
2178 2107 2201 2169 i
2245 2111 2311 2167 et
2352 2102 2420 2166 in
2466 2099 2715 2166 Anecd.
2764 2102 2891 2167 Ox.
2938 2101 3045 2168 III

473 2206 621 2287 267,
665 2205 750 2270 32
791 2206 830 2285 ἡ
874 2208 1036 2286 πρός
1079 2215 1338 2286 πρῶτον
1383 2208 1727 2272 ἑπλεόναεε
1772 2208 1847 2271 τὸ
1892 2210 1914 2271 i
1958 2207 2059 2271 καὶ
2103 2206 2358 2284 ἐγένετο
2403 2205 2606 2284 προεί.

641 2305 1156 2373 Usitatissimum
1209 2307 1563 2395 syllabicae
1607 2309 1819 2373 exitus
1866 2305 2387 2423 amplificationis
2434 2328 2670 2371 nomen
2723 2315 2823 2371 est
2864 2308 3043 2373 ἐπέκ-

473 2432 660 2476 ταειε
747 2409 1055 2504 Primitus
1110 2410 1273 2476 haec
1326 2432 1458 2475 vox
1515 2432 1658 2474 eam
1704 2407 2000 2497 syllabae
2045 2410 2486 2474 accessionem
2510 2408 2898 2496 significare
2948 2410 3042 2473 vi·

476 2510 697 2593 detur,
743 2534 908 2599 quae
952 2534 1344 2600 quamquam
1376 2512 1812 2597 significatum
1858 2535 1989 2577 non
2033 2520 2273 2592 mutat,
2320 2520 2535 2575 tamen
2566 2509 3042 2597 quodammodo

473 2613 766 2679 inflectit.
836 2612 944 2678 Sic
991 2613 1407 2680 Herodianus
1453 2614 1693 2679 diserte
1739 2613 1820 2678 de
1840 2596 2351 2699 pronominibus
2403 2634 2520 2699 per
2575 2635 2592 2678 ι
2644 2612 3042 2679 demonstra·

473 2716 681 2782 tivum
724 2716 931 2782 auctis
976 2715 1194 2782 dicit
1177 2738 1246 2779 m
1292 2716 1370 2780 E.
1402 2715 1490 2783 M.
1533 2716 1683 2794 643,
1729 2716 1815 2782 30
1859 2715 2049 2782 οὗτος
2092 2752 2176 2763 --
2218 2717 2293 2782 τὸ
2340 2716 2410 2782 δὲ
2455 2717 2764 2783 δεικτικὸν
2809 2717 3042 2783 οὑτοεί.

474 2821 548 2884 τὸ
592 2821 715 2898 γὰρ
760 2820 972 2886 οὑτοεί
1017 2820 1279 2885 ἐκεινοεί
1322 2821 1424 2885 και
1467 2820 1566 2886 ὁδί
1608 2820 1845 2897 γίνεται
1890 2820 2033 2884 κατ’
2078 2818 2405 2884 ἐπέκταειν
2448 2822 2564 2884 τοῦ
2593 2821 2615 2884 i
2644 2821 2806 2898 πρὸς
2837 2820 3040 2901 ἔμφα-

475 2943 569 2987 ειν
621 2924 922 2987 πλείονος
975 2923 1226 2990 δείξεως
1278 2958 1366 2969 -
1419 2924 1492 2988 τὸ
1560 2922 1774 2987 οὑτοεί
1841 2924 2272 3000 παραγαγωγὴ
2334 2920 2732 3001 ἀντωνυμία(
2798 2923 2898 2985 καὶ
2961 2923 3041 2986 οὐ

475 3024 891 3104 πλεοναεμόε.
978 3024 1041 3089 αἱ
1095 3029 1376 3090 τοιαῦται
1440 3025 1562 3104 γὰρ
1617 3022 2005 3104 ἀντωνυμίαι
2056 3023 2523 3088 ἐπεκτείνονται
2580 3026 2681 3088 καὶ
2725 3024 2804 3089 οὐ
2848 3028 3040 3089 πλεο-

473 3126 744 3193 νάζουει.
832 3125 1279 3210 Distinguitur
1331 3124 1439 3190 hic
1482 3125 1834 3209 ἐπέκταειε,
1888 3146 2036 3189 cum
2092 3145 2222 3210 qua
2270 3146 2431 3189 voce
2475 3128 2826 3205 παραγωγή
2870 3149 3041 3191 com-

474 3236 785 3308 mutatur,
852 3250 892 3291 a
955 3227 1331 3314 pleonasmo
1400 3248 1576 3293 mero
1639 3236 1704 3291 et
1758 3249 1798 3290 a
1851 3225 2229 3313 pathologia
2292 3225 2630 3309 eximitur,
2700 3225 2785 3291 ad
2849 3250 3042 3313 quam

472 3329 801 3416 pertinent
842 3338 1092 3394 tantum
1137 3351 1254 3394 eae
1297 3329 1576 3416 specieS,
1627 3351 1902 3415 quarum
1947 3328 2159 3395 forma
2201 3326 2381 3393 nulla
2424 3327 2787 3395 intellectus
2831 3339 3040 3395 muta-

470 3431 648 3496 tione
692 3431 950 3496 variata
992 3441 1113 3496 est.
1180 3430 1308 3496 Sed
1338 3428 1755 3496 Herodianus
1802 3433 2060 3518 saepius
2106 3430 2355 3518 species
2403 3428 2719 3516 quasdam
2762 3431 2830 3495 in
2874 3431 3040 3498 libro

475 3536 618 3612 περὶ
672 3539 894 3599 παθῶν
950 3534 1016 3597 in
1072 3556 1346 3598 examen
1400 3541 1618 3613 vocat,
1679 3541 1751 3596 ut
1795 3553 1903 3597 eas
1951 3544 2178 3599 contra
2234 3532 2558 3620 passionis
2605 3534 3039 3621 suspicionem

443 3632 785 3700 ¹defendat
827 3644 895 3699 et
935 3632 1263 3714 ostendat,
1322 3633 1478 3721 quid
1534 3634 1925 3699 discriminis
1981 3636 2069 3699 sit
2121 3635 2291 3701 inter
2344 3636 2749 3701 affectionem
2805 3645 2870 3702 ct
2912 3636 3039 3700 for-

473 3759 722 3801 marum
766 3738 1163 3803 variationes
1211 3759 1250 3800 a
1278 3737 1585 3823 passione*
1611 3736 1880 3801 alienas.
1947 3737 2116 3801 Tum
2154 3739 2414 3805 transiit
2454 3762 2689 3804 nomen
2721 3740 3040 3806 ἑπέκταοιε

472 3837 559 3902 ad
602 3839 981 3924 pronomina
1032 3849 1099 3904 et
1141 3836 1613 3925 pronominalis.
1652 3849 1876 3921 aucta,
1933 3861 2205 3926 quorum
2262 3841 2587 3905 sententia
2639 3862 2767 3904 non
2824 3842 3040 3907 differt
3094 3826 3113 3845 ⁹

473 3948 649 4005 certe
693 3963 778 4005 ex
819 3951 1110 4006 veterum
1155 3939 1458 4028 opinione
1502 3962 1542 4004 a
1582 3943 1985 4028 prototypis‚
2030 3943 2111 4006 E.
2152 3942 2241 4007 M.
2286 3943 2441 4019 314,
2473 3943 2557 4008 55
2600 3943 2830 4018 ἔγωγε
2877 3965 3036 4022 προ-

472 4044 916 4122 παροξύτονον
959 4047 1072 4121 τῆς
1115 4048 1188 4119 γε
1218 4043 1606 4109 ἐπεκτάεεω(
1638 4043 1847 4124 οὔεηε,
1894 4043 2016 4128 Ep.
2066 4042 2171 4108 Cr.
2204 4044 2238 4109 I
2268 4045 2391 4110 306
2433 4047 2512 4110 τὰ
2556 4046 3039 4125 ἐπεκτεινόμενα
3061 4053 3080 4069 ·

474 4145 580 4208 διὰ
624 4148 735 4222 τῆ(
775 4130 856 4210 δῖ
900 4146 1179 4228 τοιόεδε,
1224 4145 1514 4228 τοεόεδε,
1572 4154 1637 4210 et
1691 4144 1773 4209 ad
1820 4166 2039 4209 omnes
2097 4146 2355 4210 omnino
2412 4147 2480 4210 in
2537 4146 2718 4211 exitu
2761 4145 3035 4232 amplifi-

473 4253 650 4308 catas
715 4255 781 4309 et
844 4247 1174 4311 nominum
1238 4254 1304 4310 et
1367 4246 1715 4311 verborum
1785 4255 1853 4311 et
1917 4242 2372 4312 adverbiorum
2440 4249 2688 4334 specics
2763 4246 2869 4333 (ΙΙ.
2927 4248 3036 4312 Pr.

474 4346 527 4409 Θ
569 4346 698 4410 474
750 4348 789 4428 ἡ
847 4351 1060 4427 δοτικὴ
1127 4349 1584 4429 ἐπεκτεταμένη
1648 4347 1791 4414 οἷον
1846 4350 2166 4433 πάντεεει,
2229 4347 2404 4415 Mon.
2461 4350 2578 4432 44,
2634 4350 2714 4413 27
2767 4350 2896 4415 ’ὅεα
2950 4350 3037 4415 εἰς

473 4435 558 4513 θα
604 4449 778 4527 λήγει
842 4451 1107 4529 δεύτερα
1172 4451 1480 4529 πρόεωπα
1543 4451 2003 4531 ἑπεκτεταμένα
2057 4452 2357 4535 λέγῃεθα,
2414 4453 2718 4536 βάλῃεθα,
2784 4452 2879 4516 Io.
2927 4452 3032 4516 Al.

472 4548 547 4629 5,
592 4548 677 4613 20
718 4550 842 4615 τὰ·
817 4553 955 4616 -διὰ
1009 4556 1126 4617 τοῦ
1183 4574 1244 4633 χι
1300 4553 1338 4631 ἢ
1385 4559 1454 4618 θε
1520 4553 1980 4634 ἐπεκτεταμὲνα
2033 4555 2335 4634 φυλάττει
2390 4555 2505 4618 τὸν
2567 4554 2761 4618 τόνον
2820 4554 3035 4638 [ναίχι,

474 4649 602 4715 εἴθε
656 4650 793 4716 αἴθε
848 4661 914 4716 et
968 4651 1076 4716 hic
1128 4674 1324 4717 causa
1380 4675 1458 4718 ea
1511 4676 1654 4718 esse
1710 4652 1950 4718 d1c1tur
1963 4703 1982 4738 ‚
2039 4653 2208 4740 quod
2271 4653 2528 4741 syllaba
2577 4652 2908 4740 superflua
2951 4648 3038 4719 sit

475 4751 583 4817 ἅτε
628 4755 703 4832 δὴ
748 4759 1037 4833 περιττῆς
1081 4755 1269 4834 οὔεηε
1311 4761 1420 4834 τῆς
1465 4757 1849 4841 ευλλαβῆε]).

643 4852 941 4918 Eundem
984 4878 1174 4942 quem
1217 4858 1537 4924 ἑπέκταειε
1581 4866 1644 4922 et
1699 4858 2152 4926 ἐπεκτείνεεθαι
2208 4860 2348 4924 sive
2403 4859 2722 4925 ἑπεκτάεει
2776 4863 3035 4939 χρῆεθαι
