3664 5546
1202 373 1361 428 ΠΕΡΙ
1400 372 1792 429 ΚΑΘΟΛΙΚΗ(
1828 374 2253 430 ΠΡΟΕΩιΔΙΑ(
2294 375 2342 428 Γ.
2992 375 3074 438 6ῗ

479 547 992 624 διερμηνευθεῖςα
1048 547 1319 624 Περςῶν
1377 545 1810 624 ςτρατόπεδον
1825 570 1870 608 ».
1970 544 2139 609 ἔοικε
2206 546 2279 609 δὲ
2334 544 2676 623 ἀρςενικῶς
2732 546 2833 610 καὶ
2889 549 3077 624 θηλυ-

478 652 605 712 κῶς
650 647 960 729 εἰρῆςθαι,
1013 648 1176 726 τάχα
1233 648 1335 729 δέ,
1393 647 1556 727 ὅπερ
1612 647 1909 729 ἄμεινον,
1967 647 2072 711 ἐπὶ
2127 650 2239 725 τῆς
2297 648 2551 712 πόλεως
2596 652 2916 730 θηλυκῶς,
2975 648 3079 712 ἐπὶ

480 751 551 814 δὲ
594 753 726 815 τῶν
773 749 1127 828 οἰκητόρων
1173 749 1628 829 ἀνδρωνύμως.
1716 755 1810 832 τῷ
1856 752 1928 814 δὲ
1972 754 2002 812 ἰ
2046 750 2480 828 παραλήγεται
2535 751 2574 828 ἢ
2620 750 2800 835 μόνῳ
2838 752 2877 828 ἢ
2924 751 3079 830 μετὰ

479 852 703 930 ἑτέρου
749 853 1129 932 φωνήεντος
1176 852 1247 916 ἐν
1294 852 1629 937 διφθόγγῳ
1674 854 1713 931 ἢ
1759 852 2220 935 ἀνεκφωνήτω.
2309 852 2412 915 καὶ
2467 851 2908 936 ἀνεκφωνήτω
2963 853 3079 931 μὲν

480 952 625 1018 οἷον
673 953 892 1019 Μίνως
940 954 1343 1032 Μινωῖδης
1389 954 1492 1017 καὶ
1522 953 1869 1032 ςυναιρέςει
1918 954 2283 1037 Μινῲδης
2328 954 2429 1017 καὶ
2473 952 2647 1033 ἥρως
2691 953 3071 1033 Ἡρωῖδης
3101 965 3134 1013 5

479 1057 582 1120 καὶ
611 1056 985 1140 Ἡρῴδης,
1031 1056 1101 1120 ἐν
1146 1056 1477 1137 διφθόγγῳ
1522 1057 1593 1120 δὲ
1625 1055 1771 1121 οἶον
1800 1055 2279 1135 Περιθοίδης
2323 1057 2923 1134 καὶΠεριθοῖδαι
2970 1060 3077 1135 δῆ-

482 1178 599 1236 μος
644 1157 943 1236 Οἰνηῒδος
988 1161 1231 1239 φυλῆς,
1280 1159 1704 1223 Χολλεῖδαι
1750 1161 1951 1236 δῆμος
1993 1161 2104 1236 τῆς
2148 1158 2493 1223 Λεοντίδος
2543 1161 2768 1239 φυλῆς.
2857 1159 2957 1224 καὶ
3000 1160 3080 1224 τὰ

482 1261 554 1324 δὲ
600 1260 731 1324 ἀπὸ
773 1264 905 1324 τῶν
953 1259 1041 1324 εἰς
1087 1262 1195 1325 {ffc
1241 1260 1402 1325 ὄντα
1445 1261 1902 1349 πατρωνυμικὰ
1946 1261 2160 1326 πάντα
2213 1260 2320 1325 διὰ
2361 1264 2476 1339 τῆς
2533 1262 2585 1325 ᾗ
2631 1261 2882 1325 θέλουςι
2925 1261 3078 1340 γρά-

481 1367 705 1442 φεςθαι
763 1361 1187 1444 Πηλείδης,
1243 1362 1667 1445 Ἀτρείδης,
1723 1362 2116 1445 Αἰγείδης,
2173 1360 2543 1442 Ὠρείδης.
2644 1364 2720 1427 τὸ
2790 1364 2861 1427 δὲ
2922 1363 3079 1428 Ἀλ-

480 1465 741 1543 κείδης
786 1463 919 1529 ἀπὸ
964 1468 1080 1529 τοῦ
1126 1464 1416 1529 Ἀλκαῖος
1460 1471 1669 1549 τροπῇ
1713 1468 1824 1543 τῆς
1871 1469 1938 1529 ἇῑ
1982 1464 2341 1545 διφθόγγου
2396 1464 2485 1529 εἰς
2541 1467 2658 1543 τὴν
2706 1470 2787 1529 ἑῐ·
2847 1464 2939 1529 ἔτι
2997 1467 3078 1529 τὰ
3118 1475 3183 1525 10

481 1566 613 1631 ἀπὸ
657 1571 787 1631 τῶν
843 1566 932 1631 εἰς
990 1570 1078 1629 ιῖιὶ
1126 1566 1420 1631 Ἀττικῶν
1466 1567 1571 1631 διὰ
1624 1571 1737 1646 τῆς
1794 1571 1847 1631 ἑι
1900 1567 2263 1647 γράφονται
2295 1567 2595 1631 ’Νείλεως
2643 1566 3079 1649 Νειλείδης,

482 1668 731 1734 Εὔνεως
761 1667 1087 1746 Εὐνείδη
1110 1688 1168 1732 ς·
1214 1670 1317 1732 καὶ
1346 1668 1425 1732 τὰ
1456 1667 1587 1734 ἀπὸ
1618 1674 1750 1733 τῶν
1784 1670 1873 1734 εἰς
1906 1674 1980 1747 ης
2026 1669 2115 1734 εἰς
2159 1672 2275 1735 ὅιῖ
2322 1668 2608 1748 ἐχόντων
2651 1671 2768 1748 τὴν
2800 1671 3079 1751 γενικήν,

483 1771 536 1834 εἰ
581 1771 694 1849 μὲν
741 1769 999 1854 βραχείᾳ
1045 1770 1511 1853 παραλήγεται,
1571 1771 1675 1836 διὰ
1718 1775 1836 1835 τοῦ
1888 1793 1905 1835 ι
1961 1771 2273 1852 γράφεται
2320 1771 2784 1854 Εὐτυχίδης,
2840 1772 3077 1836 Πλει-

484 1872 878 1953 ςθενίδης,
925 1872 1494 1955 Ἀχαιμενίδης,
1541 1874 1594 1937 εἰ
1640 1874 1709 1937 δὲ
1741 1878 1961 1958 ,μακρᾷ
2006 1876 2469 1956 παραλήγεται,
2517 1874 2621 1938 διὰ
2662 1877 2774 1952 τῆς
2819 1895 2870 1938 ει
2923 1873 3078 1953 Εὐή-

485 1996 596 2053 ρης
637 1975 921 2053 Εὐήρους
965 1973 1424 2057 Εὐηρείδης,
1467 1976 1923 2057 Εὐκλείδης,
1955 1975 2489 2058 Ἡρακλείδης,
2531 1976 3075 2054 Χαρικλείδης·
3120 1983 3180 2033 15

483 2077 690 2141 τύπου
737 2077 808 2141 δὲ
852 2081 1348 2155 πατρωνυμικοῦ
1392 2075 1524 2142 ἀπὸ
1579 2082 1710 2143 τῶν
1765 2077 1855 2142 εἰς
1902 2080 1976 2140 ὁὶ
2029 2077 2188 2143 ὄντα
2232 2080 2675 2158 παρετάθηςαν
2721 2080 2827 2143 διὰ
2869 2081 2980 2155 τῆς
3027 2082 3080 2141 εἰ

483 2178 975 2261 Λυςιθείδης,
1034 2178 1436 2260 Κηκείδης,
1510 2179 1976 2262 Καλλείδης,
2023 2179 2540 2262 Ἀχιλλείδης,
2586 2180 3078 2260 Ἐχεφυλλεί-

485 2286 651 2363 δης,
700 2280 1335 2362 (κυθρωπείδης,
1383 2280 1946 2363 Θαρρελείδης,
1996 2280 2566 2361 Φιλομηλείδης
2614 2282 3080 2365 «Φιλομηλείδῃ

484 2377 821 2447 ἐπάλαιςεν
876 2382 1195 2447 ἀναςτάς»
1253 2370 1418 2465 (()d.'
1468 2404 1504 2461 ρ
1562 2382 1725 2464 134).
1830 2383 2264 2462 Κυθνείδης.
2338 2388 2369 2446 ῑ
2426 2385 2608 2468 μόνῳ
2665 2385 2734 2449 δὲ
2792 2384 3078 2461 παραλή-

484 2505 656 2561 γεται
701 2486 781 2548 τὰ
827 2484 958 2548 ἀπὸ
1013 2487 1124 2562 τῆς
1184 2484 1272 2549 εἰς
1328 2489 1401 2549 ὃς
1455 2483 1582 2550 εἴτε
1640 2485 1888 2549 εὐθείας
1943 2485 2069 2550 εἴτε
2113 2490 2363 2564 γενικῆς
2421 2488 2460 2565 ἢ
2518 2486 2649 2551 ἀπὸ
2694 2490 2825 2550 τῶν
2870 2485 2959 2550 εἰς
3002 2504 3077 2563 ης
3114 2496 3183 2545 20

485 2588 572 2652 εἰς
617 2590 697 2649 δῦ
742 2586 1026 2664 ἐχόντων
1057 2588 1174 2666 ’τὴν
1218 2589 1475 2665 γενικὴν
1504 2588 1812 2666 γινόμενα
1842 2588 2316 2669 πατρωνυμικά,
2360 2587 2836 2670 Πριαμίδης,
2883 2588 3077 2652 Ταν-

485 2690 842 2771 ταλίδης,
897 2688 1376 2771 Ἑκτορίδης,
1426 2690 1911 2770 Πελοπίδης,
1974 2689 2489 2772 Κεκροπίδης,
2547 2689 3080 2771 Μεμνονίδης,

484 2792 964 2870 Φοινικίδης.
1022 2791 1465 2872 Ἀςτακίδης
1509 2791 1906 2872 Πείςανδρος
1952 2793 2199 2876 δεκάτῃ.
2258 2793 2701 2871 Ἀρκαςίδης
2744 2792 2783 2857 6
2829 2793 3080 2870 Ἀρκάς·

487 2894 724 2974 ὤφειλε
771 2895 885 2972 μὲν
933 2893 1327 2974 Ἀρκαδίδης,
1383 2893 1550 2958 ἀλλὰ
1595 2893 1700 2958 διὰ
1742 2895 1819 2958 τὸ
1863 2895 2254 2974 κακόφωνον
2301 2894 2507 2959 οὕτως
2553 2895 2811 2971 ἐγένετο
2858 2896 2960 2959 καὶ
3003 2894 3080 2958 τὸ

486 2996 762 3075 θηλυκὸν
810 2994 1105 3074 Ἀρκαςίς.
1194 2995 1638 3075 Ἀρςακίδης
1683 2995 1873 3061 ἔθνος
1919 2996 2050 3061 ἀπὸ
2102 2996 2427 3078 Ἀρςάκου,
2472 2997 2971 3075 Δαρδανίδαι
3017 2997 3081 3060 οἱ
3116 3007 3181 3056 :25

484 3098 852 3178 Δάρδανοι,
900 3098 1214 3175 Ἰδηῖδαι
1262 3096 1323 3161 οἱ
1369 3098 1582 3162 Ἰδαῖοι
1626 3097 1756 3161 ἀπὸ
1799 3102 1913 3177 τῆς
1960 3099 2139 3177 Ἰδηῖς
2185 3098 2431 3163 εὐθείας
2476 3102 2782 3181 θηλυκῆς,
2818 3099 3078 3176 -Δρυῖ-

488 3205 619 3279 δης
666 3201 854 3264 ἔθνος
902 3199 1245 3263 Γαλατικὸν
1292 3200 1678 3280 φιλόςοφον.
1749 3200 2126 3281 Ἐρεβίδαι
2174 3200 2366 3280 μέρος
2410 3200 2861 3280 Λωτοφάγων·
2907 3200 3079 3263 Φίλι-

487 3323 630 3367 ςτος
675 3300 911 3383 ὀγδόῳ.
995 3301 1447 3381 Ὀδρυςίδης
1494 3302 1531 3365 6
1578 3301 1913 3382 Ὀδρύςης,
1962 3302 2526 3381 Ἀδυρμαχίδης
2571 3303 2844 3383 Λιβυκὸν
2891 3303 3081 3367 ἔθνος

490 3407 578 3469 ὡς
622 3402 972 3481 Ἡρόδοτος
1018 3401 1142 3484 (IV
1182 3403 1344 3484 168).
1427 3404 1872 3483 Πηδαςίδης
1917 3403 1955 3467 6
1985 3403 2335 3482 Πηδαςεύς.
2392 3405 2769 3483 Τευθίδης
2814 3405 2852 3468 6
2885 3405 3080 3470 οἰκῶν

488 3509 758 3573 Τευθίδα
809 3506 1002 3572 πόλιν
1061 3505 1402 3584 Ἀρκαδίας.
1489 3506 1818 3584 Πιςίδης
1875 3505 2064 3570 ἔθνος
2125 3506 2448 3585 βάρβαρον
2510 3511 2849 3571 κατοικοῦν
2904 3508 3079 3586 παρὰ
3117 3520 3184 3571 30

488 3613 602 3690 τὴν
646 3612 1003 3674 Ἀςπενδον
1049 3608 1151 3671 καὶ
1193 3610 1308 3685 τὴν
1359 3607 1646 3672 Κιλικίαν.
1714 3606 1954 3687 εἴρηται
2001 3610 2071 3671 δὲ
2118 3607 2248 3672 ἀπὸ
2292 3609 2574 3673 Πιςίδου.
2635 3610 3080 3673 ςυςτέλλονται

489 3715 559 3777 δὲ
602 3715 720 3776 τοῦ
762 3711 1023 3788 Πιςίδης
1066 3709 1170 3773 καὶ
1211 3710 1461 3774 Πιςιδία
1505 3711 1568 3773 αἱ
1614 3709 1902 3788 δεύτεραι
1950 3712 2051 3774 καὶ
2095 3709 2158 3774 αἱ
2202 3716 2476 3789 πρῶται·
2530 3712 2817 3790 Πιςιδικὴ
2865 3715 2934 3776 δὲ
2982 3713 3082 3775 καὶ

487 3814 814 3879 Πιςιδικὸν
869 3813 972 3875 καὶ
1015 3812 1294 3876 Πιςιδεῑς
1357 3814 1513 3890 μετὰ
1570 3812 1879 3876 ἐκτάςεως
1934 3816 2051 3875 τοῦ
2096 3816 2141 3875 ἰζ
2239 3812 2647 3877 Αἰθαλίδαι
2715 3818 2913 3892 δῆμος
2969 3818 3082 3890 τῆς

489 3917 829 3981 Λεοντίδος
875 3917 1085 3994 φυλῆς
1131 3903 1233 3977 κὰὶ
1278 3913 1340 3977 οἱ
1384 3915 1648 3993 δημόται
1708 3915 2109 3996 ὁμοφώνως,
2168 3915 2659 3993 Βερενικίδὰι
2720 3914 2850 3979 ἀπὸ
2898 3917 3081 3992 Βερε-

659 4206 693 4260 1.
731 4209 764 4254 6
801 4205 866 4255 de
904 4204 1156 4271 Ἡρῲδης
1194 4205 1267 4259 vs.
1305 4206 1367 4256 E.
1405 4205 1477 4255 M.
1513 4207 1640 4262 453.
1676 4208 1743 4255 56
1778 4212 1837 4255 et
1872 4209 1988 4268 397,
2033 4208 2092 4255 12
2129 4203 2489 4270 Εὐρυπῲδης.
2696 4203 2730 4253 1.
2767 4208 2797 4253 9
2837 4201 3082 4267 Ὠρείδης

493 4274 682 4324 addidi
720 4291 785 4324 ex
823 4274 1144 4323 Herodiano
1191 4275 1244 4323 in
1284 4274 1462 4323 Sehol.
1500 4274 1571 4322 ad
1607 4275 1858 4338 Aponon.
1900 4273 1939 4325 Β
1980 4277 2077 4323 110
2124 4270 2368 4337 Ὠρείδη(
2415 4273 2503 4324 διὰ
2548 4275 2649 4336 τῆς
2688 4289 2735 4322 ει
2772 4272 3083 4335 διφθόγγου

494 4343 527 4406 ἡ
566 4342 988 4407 παραλήγουςα·
1037 4340 1222 4393 οὕτως
1263 4340 1602 4406 Ἡρωδιανὸς
1641 4341 1702 4391 ἐν
1749 4345 1834 4406 τῶ
1871 4339 2047 4404 τρίτω
2093 4344 2195 4406 τῆς
2242 4342 2503 4392 καθόλου.
2577 4344 2648 4391 ef.
2689 4341 2884 4392 Choer.
2926 4342 2983 4389 in
3020 4340 3083 4391 E.

495 4413 566 4461 M.
604 4413 722 4471 823,
760 4414 792 4459 6
833 4407 1080 4474 Ὠρείτης
1120 4409 1151 4460 ὁ
1188 4408 1424 4474 πολίτης
1461 4409 1614 4473 παρὰ
1649 4409 1718 4460 τὸ
1762 4409 1949 4473 Ὠρεός
1992 4395 2183 4472 Ὠρεοῦ
2222 4408 2435 4472 γίνεται
2473 4409 2658 4460 καὶτὸ
2685 4408 2878 4471 κύριον
2904 4407 3083 4469 ὄνομά

494 4478 606 4529 ἑςτι
639 4478 728 4529 διὰ
763 4477 1073 4542 διφθόγγου
1112 4477 1189 4528 ως
1228 4478 1378 4542 παρὰ
1420 4476 1790 4542 Ἀπολλωνίῳ
1827 4476 2113 4541 «Ὠρείτης
2158 4477 2220 4527 δ’
2261 4477 2553 4539 Ἀμύκοιο»
2590 4506 2653 4512 ---
2694 4475 2820 4526 τινὰ
2864 4475 2924 4525 δὲ
2962 4477 3083 4525 τῶν

495 4545 860 4610 ἀντιγράφων
901 4544 1144 4610 Ὠρείδης
1183 4545 1322 4609 ἔχει,
1362 4545 1755 4609 Χοιροβοςκός,
1803 4546 1898 4595 ubi
1946 4545 2205 4595 addenda
2243 4552 2373 4595 sunt
2409 4552 2538 4596 ante
2577 4545 2655 4595 ὡς
2692 4543 2844 4608 παρὰ
2886 4543 3082 4593 Ἀπολ-

496 4613 685 4680 λωνίῳ
732 4643 795 4649 -υ
844 4614 995 4677 παρὰ
1040 4615 1109 4666 τὸ
1161 4613 1348 4677 Ὠρεύς
1401 4612 1616 4677 Ὠρέως.
1831 4612 2115 4677 Ἀλκείδης
2174 4614 2229 4663 in
2287 4615 2407 4664 loeo
2456 4613 2825 4677 Etymologici
2872 4613 2945 4662 M.
2993 4628 3083 4660 ex-

499 4682 644 4746 plevi
679 4699 746 4733 ex
787 4682 984 4732 Choer.
1024 4682 1180 4732 Orth.
1222 4686 1334 4744 173,
1373 4685 1455 4732 21.
1608 4682 1640 4730 l.
1682 4683 1741 4732 17
1781 4680 1848 4730 de
1886 4682 1971 4731 his
2008 4682 2320 4731 nominibus
2358 4689 2619 4732 accurate
2657 4681 2915 4745 exposuit
2950 4679 3086 4729 Lob.

496 4750 697 4800 Parau.
747 4767 796 4815 p.
835 4753 868 4798 5
911 4765 1050 4814 seq„
1098 4752 1256 4800 cuius
1302 4749 1717 4800 emendationes
1769 4753 1982 4815 rec-eph
2034 4747 2336 4814 Καλλείδης
2385 4759 2445 4800 et
2492 4746 2829 4813 Ἀχιλλείδης
2876 4749 3085 4797 intacta

499 4818 719 4883 reliqui,
769 4833 934 4882 quum
977 4819 1221 4869 Lobeck.
1259 4833 1318 4869 se
1354 4818 1440 4867 hin
1489 4818 1756 4867 medelam
1804 4819 2066 4868 adhibere
2115 4833 2222 4868 uon
2272 4834 2432 4883 posse
2482 4818 2743 4868 fateatur.
2947 4815 2984 4865 l.
3025 4819 3085 4866 19

502 4884 797 4950 Κυθνείδης
834 4885 1022 4936 addidi
1058 4903 1125 4937 ex
1163 4887 1358 4937 Choer.
1395 4887 1549 4936 Orth.
1587 4889 1703 4947 235,
1742 4888 1807 4936 26
1846 4886 1969 4936 coll.
2008 4888 2204 4936 Zonar.
2243 4903 2294 4951 p.
2333 4889 2449 4940 902.

2586 4969 2678 5033 5²2
