3664 5546
660 373 744 438 56
1601 369 1683 424 ΕΚ
1720 369 1860 424 ΤΩΝ
1903 368 2311 425 ΗΡΩΔΙΑΝΟΥ

827 545 920 609 Τὰ
964 543 1051 609 εἰς
1094 548 1210 609 Vde
1255 543 1494 622 ὁμοίως
1539 543 1906 625 βαρύνεται,
1952 541 2005 607 εἰ
2050 544 2130 621 μὴ
2178 541 2274 621 εἴη
2321 541 2767 620 ὑποκοριςτικὰ
2812 542 2850 620 ἣ
2897 543 3001 606 ἐπὶ
3046 544 3245 623 (κώμ-

659 668 883 730 ματος,
941 646 1334 729 Ἀρτύνας,
1392 646 1674 728 Ξένας,
1739 643 2168 728 Πρατίνας,
2243 644 2521 727 Πίνας,
2594 644 2862 709 Κάνας.
2976 646 3247 724 Μηνᾶς

658 751 871 829 μέντοι
928 751 1030 814 καὶ
1082 749 1136 814 Ζ
1149 772 1188 828 η
1203 771 1240 815 ν
1255 753 1295 813 ἂ
1310 770 1341 814 ς
1396 748 1857 826 ὑποκοριςτικά.
1945 748 2020 812 τὸ
2076 749 2147 812 δὲ
2204 752 2238 811 δ
2254 768 2296 811 α
2310 768 2391 811 κν
2408 750 2448 811 ἃ
2463 768 2492 811 ς
2537 750 2909 826 περιςπᾶται
2924 798 2942 830 ,
2998 747 3095 834 ὅτι
3142 747 3249 811 ἐπὶ

659 853 1026 931 ςκώμματος
1113 852 1373 944 άςςεται.

599 965 631 1015 5
835 976 873 1012 ιι
929 955 1022 1019 Τὰ
1090 952 1178 1018 εἰς
1245 958 1370 1017 fta—c
1427 953 1794 1035 βαρύνεται,
1868 952 2208 1034 Κάλπας,
2273 952 2580 1034 Πάπας,
2647 951 2981 1034 (κόπας,
3047 954 3245 1033 Λάμ-

660 1078 832 1140 πας,
876 1057 1235 1139 Πάμπας,
1281 1056 1556 1139 Λίπας,
1589 1055 1997 1136 Εὐρώπας,
2034 1054 2317 1133 Κύπας,
2362 1047 2807 1138 'ſsu-pirrum,
2841 1056 3246 1138 Ἀράςπας,

663 1160 1099 1241 Γοργόπας,
1147 1156 1362 1223 ἅπας.
2684 1236 2694 1253 ¹

828 1261 922 1326 Τὰ
965 1261 1054 1326 εἰς
1097 1265 1214 1340 ρ-αξ
1226 1311 1244 1342 ,
1290 1264 1370 1340 μὴ
1416 1261 1574 1326 ὄντα
1619 1259 2063 1338 ὐποκοριςτικὰ
2107 1260 2145 1337 ἢ
2194 1260 2699 1338 ςυναληλιμμὲνα
2742 1261 2781 1338 ἢ
2828 1261 3094 1341 νόμιςμα
3139 1266 3246 1341 δη-

663 1366 901 1427 λοῦντα
958 1364 1322 1445 βαρύνεται,
1381 1363 1487 1441 Θή
1505 1382 1540 1440 ρ
1555 1383 1595 1425 α
1610 1382 1641 1426 ς
1655 1412 1672 1445 ,
1733 1361 1848 1425 Ἀθ
1862 1365 1898 1424 ύ
1916 1381 1951 1439 ρ
1965 1381 2049 1426 ας
2104 1360 2384 1426 ἐπίνειον
2439 1363 2542 1425 καὶ
2592 1363 2885 1441 ,ποταμὸς
2942 1364 3086 1442 περὶ
3132 1366 3246 1428 Βυ-

567 1474 627 1524 ¹0
661 1465 947 1531 ζάντιον·
1036 1465 1374 1546 Εὐφορίων
1434 1493 1458 1520 α
1475 1464 1675 1529 ὕδατα
1719 1464 2051 1541 δινήεντος
2108 1463 2541 1543 ἀμευςάμενος
2588 1465 2857 1543 Ἀθύραο
2874 1492 2916 1529 ».
3008 1466 3130 1530 ἔςτι
3178 1468 3250 1529 δὲ

662 1567 764 1631 καὶ
826 1566 1102 1632 (ικελίας
1162 1568 1450 1645 ποταμὸς
1515 1566 1778 1645 Ἀθύρας
1791 1615 1808 1647 ,
1873 1567 1961 1630 ὡς
2030 1565 2488 1645 Νυμφόδωρος.
2590 1565 2639 1629 Τ
2653 1566 2689 1629 ύ
2706 1587 2742 1645 ρ
2759 1588 2841 1631 ας
2907 1568 3093 1633 πόλις
3149 1569 3251 1631 καὶ

663 1670 949 1748 ποταμὸς
993 1671 1062 1733 ἐν
1107 1671 1198 1754 τῷ
1243 1669 1513 1751 Εὐξείνῳ
1558 1669 1779 1750 πόντῳ
1794 1718 1811 1749 ,
1860 1670 1949 1733 ὡς
1995 1667 2032 1732 ὁ
2077 1667 2450 1746 πολυίςτωρ.
2544 1669 2788 1745 λέγεται
2859 1671 2930 1733 δὲ
2984 1671 3086 1734 καὶ
3129 1670 3248 1734 Τύ-

665 1792 773 1850 ρις.
846 1770 1170 1851 Κιβύρας
1215 1771 1502 1851 ἀδελφὸς
1536 1770 1858 1849 Μαρςύου.
1938 1770 2165 1848 Ἄρας
2211 1770 2547 1848 αὐτόχθων
2579 1792 2701 1853 τις,
2747 1770 2874 1851 ἀφ’
2906 1770 2984 1836 οὗ
3030 1773 3248 1851 Ἀραν-

662 1872 761 1938 τία
803 1875 1313 1952 Πελοποννήςου
1359 1874 1558 1937 πόλις.
1648 1873 1751 1937 Τά
1765 1893 1799 1951 ρ
1815 1894 1855 1936 α
1871 1894 1901 1937 ς
1957 1874 2141 1937 πόλις
2198 1872 2455 1937 Ἰταλίας
2510 1874 2610 1936 καὶ
2666 1875 2953 1953 ποταμὸς
2999 1875 3249 1952 ὁμώνυ-

567 1995 627 2046 15
664 1996 781 2054 μος
824 1975 998 2054 παρὰ
1042 1975 1354 2040 θάλαςςαν
1371 1993 1385 2007 ·
1460 1974 1799 2052 άρςενικῶς
1846 1977 1917 2039 δὲ
1962 1975 2102 2038 κατ’
2147 1974 2514 2052 ἀναλογίαν.
2593 1975 2786 2040 οὐδὲν
2832 1977 2955 2054 γὰρ
3001 1975 3089 2040 εἰς
3133 1982 3251 2055 τῆς

664 2077 940 2156 θηλυκὸν
986 2077 1344 2155 εὑρίςκεται.
1431 2080 1625 2140 τοῦτο
1684 2081 1719 2140 δ
1733 2077 1748 2098 '
1804 2077 2059 2155 εὕρηται
2116 2078 2218 2140 καὶ
2260 2080 2562 2155 θηλυκῶς.
2657 2077 2700 2140 Κ
2714 2077 2754 2140 ά
2769 2097 2804 2154 ρ
2818 2098 2858 2140 α
2873 2098 2917 2141 ς.
2975 2078 3024 2143 Λ
3042 2079 3082 2142 ά
3098 2099 3134 2157 ρ
3148 2099 3250 2143 ας.

662 2177 966 2257 Πείρας.
1018 2178 1199 2257 Καίρ
1224 2199 1374 2256 ρας.
1422 2177 1458 2241 Ἱ
1477 2178 1713 2256 μέρας
1758 2180 2077 2262 ποταμός,
2126 2181 2214 2243 ὡς
2263 2179 2570 2256 Νικάνωρ.
2632 2179 3088 2259 Χρυςαόρας
3132 2201 3252 2245 πο-

663 2281 859 2360 ταμὸς
946 2280 1191 2345 Λυδίας.
1280 2278 1761 2358 Φαναγόρας.
1840 2281 2327 2358 Πυθαγόρας.
2348 2363 2351 2366 ,
2409 2280 2807 2360 (ιμμόρας.
2899 2281 3252 2358 Ξεναγό-

667 2403 816 2460 ρας.
879 2382 1191 2460 Κύδρας.
1254 2381 1562 2458 Κόδρας.
1620 2381 2006 2461 Λάμπρας.
2062 2382 2462 2462 Πρόφρας.
2538 2382 2883 2460 Τεύθρας
2928 2383 2965 2447 ὁ
3010 2383 3251 2449 Πανδί-

564 2505 632 2553 20
667 2504 821 2549 ονος
840 2534 857 2566 ,
902 2484 1031 2548 Τίθ
1049 2504 1184 2563 ρας
1229 2487 1426 2562 δῆμος
1467 2486 1579 2561 τῆς
1611 2483 1906 2562 Αἰγηίδος
1948 2488 2188 2566 φυλῆς,
2237 2485 2281 2547 Β
2297 2483 2434 2563 άβρ
2449 2504 2532 2548 ας
2577 2484 2913 2562 πολίχνιον
2959 2486 3257 2552 Αἰολίδος

665 2586 853 2662 ἐγγὺς
900 2585 1055 2650 Χίου
1100 2586 1444 2665 ὁμώνυμον
1489 2592 1580 2669 τῷ
1625 2593 1849 2669 κτιςτῇ.
1929 2587 2023 2651 Κο
2040 2586 2360 2666 ψίφρας.
2425 2586 2499 2649 τὸ
2546 2588 2617 2650 δὲ
2665 2587 2727 2650 Μ
2745 2608 2781 2664 η
2798 2591 2985 2665 τρᾶς
3030 2588 3101 2652 Ἡ
3118 2593 3255 2668 ρᾶς

666 2709 701 2752 τ
715 2708 745 2753 ε
759 2710 794 2752 τ
806 2710 842 2768 ρ
855 2692 895 2754 ἃ
909 2710 940 2753 ς
987 2694 1071 2770 βο
1088 2708 1123 2766 ρ
1138 2709 1173 2767 ρ
1187 2691 1227 2752 ἃ
1241 2710 1271 2753 ς
1315 2691 1703 2766 περιςπᾶται.
1790 2690 1866 2753 τὸ
1914 2690 1983 2753 δὲ
2028 2711 2063 2753 τ
2078 2710 2107 2753 ε
2120 2710 2156 2752 τ
2169 2708 2204 2766 ρ
2219 2689 2260 2752 ά
2275 2709 2306 2753 ς
2349 2688 2653 2766 τετράδος
2700 2691 3108 2755 ςυςτέλλεται.

837 2816 876 2852 αι
930 2792 1023 2857 Τὰ
1080 2791 1168 2856 εἰς
1223 2796 1334 2857 effi
1391 2790 1755 2874 βαρύνεται,
1811 2791 1865 2856 εἰ
1910 2794 1990 2871 μὴ
2048 2792 2179 2856 ἀπὸ
2233 2791 2693 2872 ςυμβεβηκότος
2706 2841 2724 2874 ,
2772 2792 2868 2872 εἴη
2917 2795 2965 2859 Χ
2983 2816 3018 2873 ρ
3035 2795 3072 2858 ύ
3089 2816 3175 2860 ςα
3190 2815 3219 2860 ς
3238 2845 3257 2876 ,

670 2893 1100 2976 Βαρβύςας,
1152 2892 1469 2977 Κέρςας,
1512 2893 1883 2976 Πετίςας,
1930 2895 2241 2959 Ἀπέςας
2295 2893 2450 2972 ὄρος
2505 2896 2616 2972 τῆς
2664 2894 2906 2973 Νεμέας
2965 2897 3055 2961 ὡς
3096 2896 3254 2961 Πίν-

806 3114 843 3164 l.
882 3117 913 3164 2
952 3114 1085 3165 Cod.
1123 3116 1346 3166 Arcadii
1379 3117 1427 3167 A
1463 3119 1692 3183 praebet
1727 3116 2007 3180 ἁρπύνας,
2048 3116 2137 3166 BC
2177 3114 2447 3179 ἑρπύνας,
2498 3132 2594 3181 pro
2642 3133 2746 3182 quo
2785 3118 2945 3182 posui
2984 3115 3254 3181 Ἀρτύνας

673 3189 929 3233 monente
977 3184 1258 3234 Lobeekio
1296 3186 1462 3239 l’roll.
1532 3187 1628 3235 247
1673 3192 1786 3235 not.
1834 3188 1923 3240 22,
1972 3184 2166 3235 Choer.
2213 3185 2382 3233 habet
2428 3182 2705 3249 Ἀρτίνας·
2743 3184 2948 3247 Ξένας,
3006 3202 3103 3251 pro
3149 3184 3258 3251 quo

674 3251 809 3300 Lob.
854 3248 1038 3301 ὀξίνας
1083 3255 1366 3317 proponit,
1423 3255 1688 3305 intactum
1731 3252 1929 3316 reliqui
1975 3252 2330 3301 Schmidtium
2385 3260 2632 3311 secutuS,
2686 3254 2903 3318 reliqua
2947 3270 3015 3305 ex
3063 3254 3257 3305 Choer.

675 3336 727 3384 p.
763 3321 828 3368 38
872 3318 1063 3368 addita
1116 3325 1270 3381 sunt,
1329 3322 1420 3384 qui
1471 3322 1639 3372 habet
1693 3326 1983 3386 praeterea
2032 3319 2285 3381 Ἀλένας,
2341 3321 2484 3384 quod
2540 3321 2776 3375 fortasse
2835 3326 3145 3386 corruptum
3190 3338 3257 3372 ex

676 3384 867 3438 Μένας
907 3384 1148 3450 Κλὴνας;
1195 3387 1230 3436 l.
1267 3392 1297 3438 3
1340 3391 1537 3440 Arcad.
1583 3389 1752 3439 habet
1795 3388 1983 3449 δεκᾶς,
2034 3387 2175 3453 quod
2232 3388 2364 3437 Lob.
2403 3389 2437 3437 l.
2476 3406 2520 3438 e.
2570 3395 2758 3439 tuetur
2802 3390 3178 3454 interpretans
3224 3390 3257 3441 ὁ

675 3452 926 3506 δεκάζων
961 3454 1051 3504 vel
1085 3454 1480 3519 δεκαζόμενος,
1520 3458 1618 3508 sed
1656 3457 1849 3508 Choer.
1886 3460 1980 3512 43,
2018 3460 2049 3505 2
2084 3455 2290 3507 δακνᾶς
2329 3457 2582 3521 praebet,
2634 3458 2778 3522 quod
2826 3473 2948 3507 eum
2993 3457 3256 3507 Schmidt.

679 3522 932 3587 praetuli.
1002 3524 1082 3573 St.
1117 3524 1183 3577 Β.
1217 3528 1342 3585 577,
1384 3529 1445 3576 10
1493 3532 1879 3576 commemorat
1927 3522 2070 3575 Ζεὺς
2118 3520 2411 3587 (κοτινᾶς,
2460 3527 2615 3575 cuius
2658 3534 2842 3576 tamen
2890 3531 3155 3575 accentus
3202 3531 3260 3576 et

677 3591 952 3654 scriptura
997 3591 1254 3649 fluctuat,
1303 3595 1610 3658 comparari
1657 3599 1844 3658 potest
1889 3609 2009 3643 eum
2059 3590 2316 3642 Γονατᾶς.
2521 3593 2555 3644 l.
2596 3598 2626 3643 5
2662 3609 2929 3643 canonem
2967 3593 3154 3643 addidi
3191 3611 3259 3644 ex

679 3658 875 3709 Choer.
919 3660 1008 3720 38,
1047 3663 1105 3720 9;
1160 3658 1431 3725 Εὐρώπας
1478 3678 1546 3712 ex
1589 3678 1640 3727 p.
1674 3664 1767 3719 41,
1815 3664 1906 3721 25,
1956 3657 2265 3724 Ἀγρίππας
2318 3688 2383 3693 ·--
2440 3659 2725 3725 Γοργόπας
2780 3668 3137 3711 accesserunt
3191 3678 3256 3712 ex

678 3727 880 3776 Herod.
917 3727 1018 3777 An.
1055 3728 1156 3777 Ox.
1191 3729 1268 3779 lv
1306 3733 1429 3791 335,
1469 3733 1533 3778 22
1572 3734 1628 3778 et
1664 3731 1747 3779 27.
1819 3729 1890 3778 cf.
1927 3730 2028 3793 Ep.
2066 3729 2221 3776 Hom.
2258 3731 2381 3783 349,
2418 3732 2449 3778 4
2497 3731 2687 3779 παπᾱς
2735 3728 2766 3779 ὀ
2802 3727 3016 3792 πατήρ,
3057 3726 3093 3791 ὃμ
3128 3729 3260 3780 κατ’

679 3792 1181 3860 ἀναδιπλαςιαςμὸν
1241 3795 1356 3848 ἀπὸ
1414 3799 1518 3848 τοῦ
1584 3798 1693 3848 πᾶς
1745 3795 1984 3859 γίνεται,
2037 3798 2211 3846 τοῦτο
2264 3794 2315 3846 οἱ
2370 3795 2629 3859 Ῥωμαῖοι
2690 3795 3013 3861 βαρυτόνως
3067 3795 3259 3849 πάπας

680 3861 947 3925 λέγουςιν.
1152 3865 1184 3917 l.
1224 3868 1255 3915 9
1312 3863 1544 3928 Ἀθύρας
1591 3864 1847 3929 supplevi
1891 3880 1956 3914 ex
2004 3866 2082 3915 St.
2118 3865 2180 3914 B.
2218 3867 2305 3923 35,
2346 3867 2435 3921 21,
2489 3865 2700 3929 reliqua
2754 3867 2934 3915 omnia
2988 3867 3261 3929 barytona

721 3937 900 3981 taeter
933 3930 1295 3996 Πυθαγόρας,
1344 3933 1488 3998 quod
1526 3938 1710 3982 exstat
1747 3934 1913 3982 etiam
1950 3949 2036 3997 ap.
2072 3934 2221 3993 Are„
2260 3932 2467 3981 adieci:
2514 3931 2697 3996 Τύρας
2735 3950 2801 3983 ex
2841 3935 2920 3983 St.
2953 3936 3014 3984 B.
3048 3936 3176 3996 624,
3209 3938 3261 3996 4,

681 3948 912 4064 Κιβύρας
953 4004 1068 4063 597,
1111 4005 1197 4061 11,
1246 3999 1417 4065 Ἀρας
1458 4004 1580 4061 109,
1621 4003 1681 4049 12
1719 4006 1776 4050 et
1813 4000 2008 4053 Choer.
2046 4004 2129 4059 38,
2167 3988 2258 4061 2'f,
2299 3998 2483 4064 Τάρας
2519 4003 2644 4061 603,
2686 4004 2712 4049 1
2753 4008 2808 4051 et
2846 4002 3042 4054 Choer.
3081 4004 3170 4063 39,
3209 4006 3259 4054 3.

655 4065 960 4135 ,Κάραςὶ-
1002 4065 1236 4132 Καίρρας
1274 4069 1499 4130 Choer.,
1539 4067 1743 4133 Ὶμὲρας
1782 4070 1862 4119 St,
1902 4072 1963 4119 B.
1999 4072 2122 4125 331,
2165 4072 2251 4129 18,
2290 4066 2605 4132 Χρυςαόρας
2642 4072 2759 4125 436,
2803 4072 2887 4130 14,
2928 4067 3260 4134 Φαναγόρας

595 4166 599 4170 Δ
681 4137 804 4195 657,
844 4138 900 4195 8,
948 4133 1225 4200 (ιμμόρας
1262 4138 1457 4187 Choer.
1486 4139 1583 4192 39,
1621 4140 1678 4191 7,
1726 4135 2049 4201 Ξεναγόρας
2089 4137 2291 4186 Herod.
2328 4140 2429 4189 An.
2468 4138 2567 4187 Ox.
2603 4138 2678 4186 IV
2714 4140 2837 4193 355,
2877 4140 2965 4195 15,
3006 4138 3100 4186 ubi
3147 4154 3261 4187 cor-

684 4210 842 4268 rupte
883 4202 1190 4268 Ἐξαγόρας.
1264 4203 1473 4269 Κύδρας
1509 4233 1572 4239 -
1609 4203 1883 4269 Πρόφρας
1921 4222 1989 4255 ex
2025 4206 2222 4255 Choer.
2359 4205 2394 4253 l.
2436 4208 2496 4255 19
2535 4203 2785 4269 Τεύθρας
2822 4222 2890 4256 ex
2927 4206 3006 4255 St.
3044 4206 3105 4257 B.
3141 4208 3263 4268 310,

685 4275 771 4324 10.
827 4269 1033 4335 Τίθρας
1077 4275 1200 4330 624,
1239 4276 1296 4333 3,
1355 4271 1566 4337 Βάβρας
1617 4277 1734 4329 154,
1777 4276 1860 4325 11.
1936 4270 2225 4337 Κοψίφρας
2281 4271 2473 4322 Choer.
2546 4273 2669 4322 Hue
2723 4274 2966 4337 pertinet
3023 4274 3262 4323 fortasse

683 4341 852 4389 etiam
890 4337 1113 4403 Εκίρας,
1152 4339 1297 4403 quod
1334 4341 1498 4391 Mein.
1537 4342 1670 4406 phil.
1710 4341 1963 4394 exercitt.
2003 4343 2059 4390 in
2096 4341 2292 4393 Athen.
2333 4341 2387 4389 11
2428 4358 2476 4406 p.
2501 4344 2566 4391 30
2601 4342 2746 4405 apud
2782 4342 3113 4406 Diognetum
3152 4342 3261 4392 He-

685 4409 899 4457 rosliani
937 4410 1081 4460 Mon.
1122 4410 1202 4463 11,
1241 4412 1305 4459 29
1346 4407 1559 4460 Κόλλον
1593 4409 1699 4460 τὸν
1737 4407 1938 4474 Εκίρου
1976 4410 2213 4459 inveniri
2251 4408 2405 4470 dicit,
2444 4409 2554 4458 nisi
2581 4409 2637 4457 id
2675 4408 2744 4457 ad
2772 4406 2965 4472 (κίρος
3004 4425 3262 4461 revocan-

685 4476 836 4537 ‹lum;
877 4476 1040 4526 etiam
1079 4473 1300 4540 Λιςοραί
1345 4475 1506 4529 ἔθνος
1542 4477 1798 4543 Θρᾴκιον.
1861 4476 2144 4529 Ἑκαταῖος
2182 4474 2424 4542 Εὐρώπῃ
2467 4478 2550 4527 St.
2588 4477 2649 4526 Β.
2687 4479 2805 4535 234,
2846 4479 2926 4538 18,
2963 4478 3059 4526 ubi
3096 4478 3262 4528 Mein.

685 4550 782 4594 aut
817 4542 1046 4608 Διςόραι
1083 4550 1180 4594 aut
1216 4543 1495 4610 Διςοραῑοι
1534 4548 1881 4597 scribendum
1918 4548 2253 4610 suspicatur,
2295 4550 2352 4593 et
2393 4544 2639 4609 Γέρμαρα
2681 4543 2947 4608 Κελτικῆς
2986 4544 3160 4596 ἔθνος.

683 4613 718 4662 l.
754 4616 818 4662 22
858 4618 982 4678 post
1019 4611 1228 4676 Βορρᾶς
1274 4613 1478 4663 addere
1529 4615 1680 4680 potui
1718 4613 1932 4679 Καρρᾶς
1978 4612 2233 4676 ποταμός
2279 4630 2345 4663 ex
2389 4614 2465 4662 St.
2503 4616 2564 4665 B.
2603 4616 2732 4676 362,
2770 4616 2828 4675 2,
2878 4613 3022 4678 quod
3068 4628 3265 4662 nomeu

684 4681 878 4730 Choer.
915 4684 1004 4743 39,
1043 4684 1074 4730 6
1114 4679 1325 4745 Κάρρας
1365 4680 1546 4746 Κάρρα
1583 4684 1832 4737 exhibet:
1881 4690 1938 4733 et
1976 4694 2098 4747 post
2143 4679 2345 4745 τετράς
2388 4679 2657 4745 τετράδος
2708 4680 3062 4732 ςυςτέλλεται
3098 4681 3265 4731 adiici

683 4758 1007 4813 potuerunt:
1045 4749 1113 4800 τὸ
1150 4748 1210 4801 δὲ
1250 4747 1426 4813 Κυρᾶς
1467 4748 1737 4815 Κυρᾶδος,
1777 4749 1844 4801 οὐ
1882 4750 1951 4801 τὸ
1988 4754 2023 4801 ἃ
2062 4748 2292 4814 μακρόν,
2331 4751 2681 4813 περιςπᾱται.
2821 4749 2854 4802 l.
2895 4754 2959 4799 23
2998 4765 3263 4799 canonem

683 4816 752 4865 de
789 4818 1096 4867 nominibus
1133 4819 1190 4867 in
1224 4820 1326 4869 ἓῐΓς
1361 4819 1478 4883 ipse
1517 4819 1703 4869 addidi
1749 4819 2170 4884 exceptionibus
2217 4818 2281 4866 de
2330 4819 2527 4881 τρεςᾱς
2577 4824 2633 4867 et
2674 4817 2707 4868 Γ
2710 4819 2861 4870 λιςᾱς
2908 4835 2973 4868 ex
3022 4818 3264 4882 superio-

683 4884 833 4936 ribus
869 4886 1141 4950 repetitis.
1212 4886 1480 4952 Exempla
1516 4893 1644 4937 sunt
1680 4903 1747 4937 ex
1785 4888 1980 4938 Choer.
2019 4888 2099 4948 39,
2144 4889 2222 4949 11,
2263 4884 2542 4950 Βαρβύςας
2581 4903 2675 4952 pro
2714 4880 2999 4950 Βαρύνςας’
3033 4886 3160 4937 dedi
3197 4902 3266 4937 ex
