3664 5546
1306 366 1464 421 ΠΕΡΙ
1505 364 1894 421 ΚΑΘΟΛΙΚΗ(
1927 362 2346 420 ΠΡΟΕΩιΔΙΑ(
2386 366 2447 420 Η.
3029 365 3154 430 213

582 538 766 604 πόλις
810 539 1106 604 Πιςιδίας.
1193 540 1270 604 τὸ
1323 540 1539 620 μέντοι
1599 536 1961 617 περιςςός
2013 537 2309 617 τριγενές.
2399 536 2795 617 ςεςημείωται
2850 538 2924 603 τὸ
2968 538 3151 603 Τελ-

584 641 840 720 μιςςός
894 640 1079 705 πόλις
1128 641 1383 724 Καρίας,
1439 640 1529 706 ὡς
1585 641 1654 705 δὲ
1706 639 1921 705 Φίλων
1978 641 2080 704 καὶ
2134 638 2463 722 (τράβων,
2518 639 2761 705 Λυκίας.
2850 639 2972 705 ἔςτι
3028 640 3151 719 γὰρ
3214 688 3231 713 ,,

581 742 966 822 ἀμφοτέρων
1010 742 1193 822 ὅριον
1237 744 1390 822 μετὰ
1432 742 1740 807 Δαίδαλα.
2458 738 2463 747 ’

748 845 841 910 Τὰ
884 844 972 910 εἰς
1016 848 1133 910 ‘co—c
1178 844 1683 927 ὑπερδιςύλλαβα
1726 844 1962 924 ἔχοντα
2005 846 2120 923 τὴν
2175 846 2303 923 πρὸ
2359 845 2585 910 τέλους
2630 845 2943 925 ςυλλαβὴν
2988 846 3077 911 εἰς
3119 848 3151 909 ῑ

580 948 995 1027 ἐκτεταμένον
1040 947 1358 1025 λήγουςαν
1403 947 1723 1014 ὀξύνεται·
1809 945 1865 1011 εἰ
1908 945 1980 1011 δέ
2031 968 2086 1010 τι
2133 947 2650 1030 βεβαρυτόνηται,
2695 950 2888 1012 τοῦτο
2933 950 3147 1028 παρώ-
3177 961 3209 1011 5

579 1070 782 1130 νυμον
828 1050 1014 1130 ὤφθη
1059 1048 1190 1116 ἀπὸ
1247 1053 1555 1131 θηλυκοῦ,
1615 1048 1979 1131 Κηφιςός,
2030 1048 2298 1114 Ἰλιςός
2354 1049 2641 1129 ποταμὸς
2693 1053 2804 1128 τῆς
2856 1050 3149 1131 Ἀττικῆς,

580 1153 649 1217 ἐν
716 1153 769 1236 ᾧ
829 1156 1127 1231 τιμῶνται
1192 1152 1257 1216 αἱ
1325 1151 1570 1217 Μοῦςαι
1636 1150 1933 1233 Ἰλιςίδες,
1999 1149 2090 1215 ὡς
2144 1150 2649 1229 Ἀπολλόδωρος.
2753 1151 3147 1235 Κεδριςός,

578 1254 875 1334 Ἀμιςός
917 1254 1102 1319 πόλις
1147 1254 1216 1320 ἐν
1259 1254 1513 1338 Πόντῳ.
1602 1253 1851 1329 λέγεται
1906 1252 2011 1316 καὶ
2052 1251 2405 1331 ἀρςενικῶς.
2472 1253 2820 1333 Ἀμνιςός
2862 1257 3148 1335 ποταμὸς

583 1358 834 1435 Κρήτης.
921 1358 995 1420 τὸ
1042 1358 1112 1421 δὲ
1154 1357 1515 1435 ’Άρνιςος
1555 1355 1846 1437 Ἄρνιςα,
1899 1354 2280 1433 Λάρνιςος
2323 1354 2596 1435 Λάρνιςα
2650 1355 2780 1420 ἀπὸ
2834 1360 3146 1440 θηλυκῶν,

580 1459 879 1524 ὼςαύτως
923 1459 1024 1523 καὶ
1070 1446 1450 1541 Μήριςος,
1498 1457 1850 1535 Μάριςος
1897 1455 1936 1520 ὁ
1978 1456 2295 1541 ποταμός,
2352 1458 2731 1541 Πάμιςος,
2792 1458 3146 1539 Κρίμιςος
3184 1471 3249 1523 10

577 1561 615 1626 ὁ
660 1562 946 1642 ποταμὸς
991 1560 1303 1644 (ικελίας,
1360 1559 1755 1639 Μόρμιςος
1800 1558 1838 1623 ὁ
1883 1558 2200 1641 ποταμός,
2265 1559 2580 1643 Νάῖςος,
2636 1561 2901 1640 ὕριςος
2959 1563 3144 1642 βαρύ-

577 1684 813 1729 νονται

744 1765 837 1830 Τὰ
891 1765 978 1832 εἰς
1022 1771 1139 1832 ῖόἱ
1184 1763 1687 1845 ύπερδιςύλλαβα
1729 1770 1820 1849 τῷ
1865 1766 1903 1828 ὃ
1934 1763 2428 1844 παραληγόμενα
2472 1765 2542 1830 ἐν
2574 1768 2996 1849 διπλαςιαςμῷ
3029 1772 3146 1833 τοῦ

576 1871 606 1932 ’ς’
652 1867 969 1953 ὀξύνεται,
1015 1868 1362 1950 νεοςςός,
1406 1866 1816 1948 κολοςςός,
1866 1866 2276 1931 Μολοςςός
2319 1866 2527 1947 ὄνομα
2570 1866 2814 1934 ἔθνους.

741 1970 834 2036 Τὰ
889 1970 976 2037 εἰς
1032 1972 1150 2037 δύο
1208 1974 1274 2035 Εἰ
1328 1968 1824 2049 παραληγόμενα
1875 1975 1965 2052 τῷ
2033 1990 2071 2032 υ
2126 1970 2709 2052 προπαροξύνεται,
2779 1971 2817 2035 Γ
2831 1972 2861 2035 έ
2875 1992 3144 2039 νυςςος
3185 1982 3245 2032 15

571 2073 778 2153 ὄνομα
806 2077 1114 2153 ποταμοῦ.
1160 2074 1645 2155 Ἄμφρυςςος
1688 2071 1875 2136 πόλις
1902 2070 2205 2136 Φωκίδος.
2250 2072 2352 2135 καὶ
2397 2072 2487 2136 δι’
2529 2072 2676 2137 ἑνὸς
2719 2074 2751 2135 ἰ
2795 2072 3142 2154 ἐκφέρεται.

453 2258 458 2263 .
568 2178 744 2241 τινὲς
780 2178 852 2241 δὲ
896 2177 1000 2241 διὰ
1043 2180 1160 2241 τοῦ
1205 2182 1240 2257 β
1285 2174 1450 2256 φαςί.
1518 2173 1644 2239 έςτι
1689 2173 1791 2237 καὶ
1832 2173 2119 2253 ποταμὸς
2152 2174 2526 2252 Μαγνηςίας.
2583 2175 2916 2241 Ἴνυςςος
2959 2177 3144 2243 πόλις

453 4769 458 4776 ·
565 4746 767 4806 ρωςςός
802 4748 1019 4813 explevi
1042 4765 1108 4799 ex
1133 4749 1377 4813 Theogn.
1404 4750 1486 4810 74,
1511 4752 1559 4810 3,

569 2278 892 2355 Αἰγύπτου
952 2279 1266 2358 προςεχὴς
1322 2284 1413 2361 τῷ
1471 2275 1670 2361 Καςίψ
1725 2275 1879 2356 ὄρει.
1966 2275 2314 2354 Ἡρόδοτος
2360 2275 2461 2357 (3,
2506 2273 2595 2359 5).
2685 2276 2987 2344 ὡςαύτως
3042 2282 3143 2344 καὶ

569 2381 646 2445 τὰ
712 2380 800 2445 δι’
865 2380 1013 2446 ἑνὸς
1075 2384 1107 2444 Ξ
1172 2378 1569 2460 ἐκφερόμενα
1633 2377 2217 2459 προπαροξύνεται,
2291 2377 2650 2461 μέθυςος,
2724 2378 3140 2464 γόγγυςος,

568 2482 993 2564 Διόνυςος,
1045 2482 1367 2547 Ὄνυςος
1432 2480 1470 2545 ὁ
1537 2479 1838 2559 ποταμός.
1937 2477 2266 2561 ἄφυςος,
2323 2477 2607 2556 ἄρυςος
2661 2478 2924 2557 ἀγγεῖον
2988 2467 3242 2549 πλε-’Ξό

570 2584 720 2648 κτὸν
767 2588 1174 2662 ςπυριδῶδες.
1262 2582 1595 2648 Ἰάλυςος
1647 2582 1819 2661 ἥρως
1871 2581 1973 2646 καὶ
2026 2581 2210 2646 πόλις
2264 2581 2334 2646 ἐν
2380 2579 2607 2665 Ῥόδψ“
2638 2582 2738 2646 καὶ
2794 2583 2864 2649 ἐν
2915 2583 3139 2670 (κυθίᾳ

571 2686 672 2748 καὶ
726 2684 796 2750 ἐν
851 2691 942 2767 τῷ
986 2685 1213 2769 Ἁδρίᾳ.
1303 2685 1762 2765 Ἀμφίλυςος
1817 2683 2103 2763 ποταμὸς
2159 2682 2387 2763 (άμου.
2476 2683 2814 2763 Εὐφορίων
2866 2686 3135 2767 Ἀρτεμι-

570 2788 761 2870 δώρῳ
808 2790 1081 2867 «δαῖμον
1126 2790 1198 2854 ὃς
1244 2788 1649 2868 Ἀμφιλύςοιο
1694 2786 1854 2867 ῥόον
1871 2811 1915 2850 ».

736 2889 829 2954 Τὰ
883 2890 971 2956 εἰς
1023 2893 1172 2954 ῖῖοἶ
1223 2891 1384 2970 ὑπὲρ
1442 2890 1560 2955 δύο
1627 2889 1938 2969 ςυλλαβὰς
1999 2895 2091 2973 τῷ
2158 2894 2211 2955 ‹T›
2271 2889 2763 2969 παραληγόμενα
2827 2893 3134 2977 ὀξύνεται,

571 2975 960 3070 Κερωςςόξ
1029 2992 1213 3059 πόλις
1278 2992 1811 3057 Ἀπολλωνιάδος.
1916 2992 2354 3072 Βηρωςςός,
2435 2991 2872 3071 Κεδρωςςός
2944 2985 3132 3061 ἔθνος
3169 3013 3235 3062 :25

565 3093 829 3173 πληςίον
882 3099 991 3173 τῆς
1048 3095 1344 3175 Ἐρυθρᾶς
1397 3095 1737 3177 θαλάςςης,
1796 3095 1912 3159 οὓς
1953 3095 2055 3158 καὶ
2102 3094 2140 3158 Γ
2141 3093 2482 3173 εδρωςίους
2540 3097 2852 3161 καλοῦςιν.
2940 3098 3015 3163 τὸ
3061 3101 3131 3163 δὲ
3191 3087 3195 3092 ⁴

565 3194 862 3263 ἅλωςος
905 3197 977 3262 ἓν
1022 3198 1054 3262 ξ
1097 3197 1255 3277 ἔχει·
1299 3197 1531 3274 γέγονε
1577 3197 1648 3261 δὲ
1691 3196 1867 3275 παρὰ
1909 3196 2024 3262 τὸν
2069 3195 2296 3260 ἁλώςω
2341 3195 2673 3275 μέλλοντα.

563 3494 695 3538 tona
731 3494 878 3541 sunt.
946 3484 1244 3551 Τελμιςςόε
1279 3487 1656 3539 Herodianum
1693 3487 1979 3554 scripsisse
2019 3489 2259 3537 testatur
2294 3486 2558 3538 Arcadius
2594 3488 2645 3538 h.
2675 3489 2708 3539 1.
2747 3493 2803 3539 et
2840 3489 3028 3555 Steph.
3066 3492 3126 3542 B.

564 3562 620 3605 et.
654 3556 861 3607 Herod.
899 3574 987 3623 ap.
1025 3556 1281 3607 Eustath.
1318 3557 1392 3607 ad
1425 3558 1653 3621 Dionys.
1678 3556 1795 3618 859,
1831 3555 1930 3608 sed
1967 3571 2131 3620 quum
2167 3555 2247 3609 St.
2272 3556 2335 3606 Β.
2368 3554 2703 3620 Τελμήςςιος
2741 3573 2862 3607 cum
2886 3555 3127 3623 Λυγνής-

564 3639 674 3677 (ιος
712 3630 1018 3690 comparet,
1057 3640 1176 3674 eum
1215 3625 1381 3674 etiam
1416 3623 1730 3688 Τελμηςεός
1767 3624 2048 3689 cognitum
2082 3624 2342 3675 habuisse
2390 3632 2448 3675 et
2484 3625 2551 3674 de
2587 3625 2961 3691 discrepantia
2998 3628 3127 3677 scri-

561 3699 756 3759 pturae
794 3693 1089 3744 adnotasse
1127 3692 1379 3742 concludi
1413 3699 1621 3757 potest3
1671 3697 1948 3743 caeterum
1993 3693 2093 3742 hoc
2127 3708 2322 3743 nomen
2369 3708 2435 3743 ex
2473 3693 2551 3745 St.
2588 3694 2649 3742 B.
2688 3694 2925 3759 explevi.

561 3761 595 3811 l.
634 3765 666 3813 6
714 3759 897 3813 Ἰλιςός
945 3759 1164 3826 explevi
1209 3775 1276 3810 ex
1314 3761 1393 3814 St.
1430 3764 1518 3824 B.‚
1565 3761 1661 3810 ubi
1707 3757 1921 3812 Ἰλιςςός
1957 3761 2217 3825 scriptum
2263 3766 2364 3811 est.
2437 3759 2689 3826 Κεδριςός
2738 3777 2834 3826 pro
2875 3761 3125 3827 Κερδιςός

563 3829 878 3881 emendavit
911 3830 1047 3880 Lob.
1086 3827 1253 3878 Proll.
1287 3831 1412 3890 4133
1454 3826 1693 3891 Ἀμιςός,
1735 3827 1984 3892 Ἀμνιςός
2022 3845 2089 3878 ex
2125 3828 2206 3879 St.
2231 3829 2292 3878 B.
2329 3828 2532 3879 addidi.
2580 3831 2686 3881 Pro
2724 3829 2973 3893 Ἀρκιςος
3000 3831 3125 3895 Ἀρ-

561 3912 679 3949 κιςα
715 3898 957 3961 Lobeck.
996 3911 1062 3947 ex
1098 3895 1342 3961 Theogn.
1380 3899 1462 3959 73,
1501 3899 1564 3946 14
1598 3896 1825 3962 scripsit
1860 3896 2112 3962 Ἀρνιςος
2148 3895 2386 3961 Ἀρνιςα.
2458 3898 2640 3948 Verba
2676 3896 2804 3947 inde
2842 3898 2910 3947 ab
2949 3897 3123 3950 ὡςαύ-

558 3980 674 4018 τως
725 3965 815 4017 καὶ
860 3964 1106 4031 Μήριςος
1158 3980 1329 4029 usque
1382 3964 1455 4015 ad
1507 3964 1666 4015 finem
1718 3964 1898 4016 adieci
1948 3981 2016 4016 ex
2061 3965 2307 4031 Theogn.
2390 3965 2658 4016 Lobeekii
2712 3966 3127 4018 emendationes

560 4035 856 4100 recipienS,
907 4051 1030 4085 nam
1075 4050 1163 4099 ap.
1210 4033 1457 4098 Theogn.
1507 4029 1589 4097 Νή
1628 4045 1738 4084 ιςο(
1785 4049 1882 4098 pro
1929 4031 2199 4098 Μήριςος,
2246 4033 2463 4097 Ἀριςο(
2511 4049 2606 4099 pro
2652 4030 2923 4098 Μάριςος,
2971 4033 3122 4086 &icoc

559 4120 656 4184 pro
708 4100 904 4155 Νάϊςος
952 4101 1118 4168 (quod
1162 4117 1249 4166 ap.
1296 4103 1376 4154 St.
1414 4102 1476 4151 B.
1524 4098 1565 4151 Ν
1607 4103 1751 4152 ἰ’ςςος
1798 4100 1959 4153 πόλις
2006 4099 2224 4165 Θρᾴκης
2272 4102 2531 4167 scriptum
2578 4100 2714 4166 est),
2763 4101 2976 4166 ὕβριςος
3024 4119 3123 4168 pro

557 4170 740 4236 ύριςος
776 4171 1128 4233 exhibentur,
1168 4170 1234 4220 de
1273 4167 1554 4233 Μόρμιςος
1592 4169 1810 4221 dubitat
1847 4170 2085 4220 Lobeck.
2288 4169 2323 4218 l.
2363 4173 2424 4219 14
2461 4168 2747 4222 Μολοςςός
2796 4169 3017 4236 explevi
3055 4188 3123 4221 ex

558 4241 801 4305 Theogn.
838 4241 921 4302 78,
958 4241 1039 4289 21.
1143 4238 1179 4292 l.
1219 4240 1280 4288 15
1320 4236 1352 4289 Γ
1356 4236 1576 4290 ένυςςος
1614 4237 1800 4288 addidi
1836 4254 1903 4287 ex
1937 4237 2182 4302 Theogn.
2216 4239 2298 4298 73,
2334 4239 2416 4298 27,
2454 4234 2802 4301 Ἀμφρυςςος
2840 4256 2907 4289 ex
2943 4238 3124 4289 Schol.

557 4324 733 4390 Apoll.
770 4323 813 4376 Α
851 4326 941 4375 54:
977 4322 1342 4388 Ἀμφρυςςος.
1413 4320 1687 4387 γράφεται
1733 4322 1822 4372 καὶ
1869 4319 1956 4373 διὰ
1990 4323 2092 4371 τοῦ
2132 4305 2188 4384 ᾗ,
2235 4318 2314 4372 ὡς
2362 4319 2650 4372 Διονύςιος
2707 4321 3121 4387 (Argonautico-

559 4408 674 4443 rum
709 4392 989 4458 scriptor)·
1027 4390 1141 4443 ἔςτι
1176 4390 1237 4443 δέ
1273 4390 1528 4455 ποταμὸς
1563 4387 1877 4443 Θεςςαλίας.
1948 4387 2456 4453 προπαροξύνεται,
2496 4386 2574 4439 ὼς
2611 4387 2672 4439 ἐν
2707 4393 2778 4454 τῇ
2815 4393 2849 4454 ἦ
2887 4392 2989 4454 τῆς
3026 4403 3119 4441 κα-

559 4476 729 4528 θόλου
768 4482 824 4527 et
862 4477 943 4528 St.
977 4479 1040 4528 Β.
1076 4475 1425 4540 Ἀμφρυςςος
1461 4474 1622 4527 πόλις
1648 4471 1928 4537 Φωκίδος,
1966 4472 2115 4525 τινὲς
2150 4472 2211 4524 δὲ
2245 4471 2332 4523 διὰ
2366 4475 2468 4523 τοῦ
2509 4459 2550 4536 θ’
2583 4470 2715 4537 φαςί
2760 4479 2816 4523 et
2852 4474 3116 4540 Theogn„

559 4546 651 4595 ubi
686 4543 1037 4609 Ἀμβρυςςος.
1072 4573 1137 4579 -
1173 4543 1408 4596 Ἴνυςςος
1455 4544 1688 4610 apposui
1733 4558 1800 4592 ex
1848 4543 1927 4592 St.
1967 4541 2057 4600 B.‚
2106 4542 2202 4592 ubi
2248 4557 2346 4591 suo
2392 4541 2512 4591 loco
2559 4546 2763 4591 motum
2812 4547 2924 4605 est,
2973 4543 3118 4607 apud

559 4612 896 4663 Herodotum
941 4613 1229 4664 exhibetur
1266 4612 1547 4678 Ἰήνυςςος.
1585 4637 1649 4646 ——
1684 4609 1870 4660 Verba
1914 4607 2183 4662 ώςαύτως
2218 4636 2283 4645 —-
2328 4607 2811 4673 προπαροξύνεται
2857 4611 2975 4674 ipse
3021 4611 3117 4660 ad-

561 4680 688 4742 ieci,
727 4679 960 4733 Ὄνυςος
996 4708 1060 4716 --
1096 4678 1295 4745 ἄρυςος
1331 4697 1399 4732 ex
1433 4674 2007 4810 Τὴοοὲξιιέωἶιὲὲὲςος,
2046 4675 2482 4796 ’ἒμφίλιᾶςίοὲσοκ
2520 4678 2600 4731 St.
2638 4679 2699 4809 {13
2714 4760 2800 4794 am
2826 4677 2891 4795 Β1.
2906 4679 2984 4809 ἒό
3022 4677 3115 4730 Κε-

1912 4762 1977 4797 ex
2003 4763 2067 4799 eo
2111 4762 2192 4797 em
2217 4761 2251 4795 a
2334 4763 2351 4794 1
2393 4764 2434 4809 1,
2473 4761 2633 4810 quam
2678 4761 2711 4795 u
2869 4761 2903 4810 η
2943 4761 3116 4800 ωςςος

564 4817 816 4881 scriptum
853 4821 962 4879 est,
1000 4816 1094 4881 qui
1128 4822 1389 4867 accentus
1423 4816 1495 4866 ad
1530 4816 1758 4865 formam
1795 4811 2055 4877 Βήρωςος
2099 4815 2373 4881 pertinere
2418 4814 2658 4872 videtur,
2699 4811 3011 4877 Κεδρωςςός
3048 4832 3116 4866 ex

569 4878 643 4934 St.
668 4885 730 4937 B.
766 4886 882 4949 371,
921 4886 984 4935 14
1021 4883 1148 4939 coll.
1180 4886 1296 4946 200,
1335 4886 1423 4946 153
1459 4884 1526 4936 de
1561 4881 1776 4935 ἅλωςοε
1812 4881 1884 4937 ef.
1921 4884 2058 4936 Lob.
2094 4882 2264 4935 Proll.
2298 4883 2416 4944 418,
2454 4882 2548 4947 qui
2586 4882 2926 4948 Theognosti
2962 4880 3114 4964 Βλῶ-
