3664 5546
671 397 836 445 1,er
1747 399 2164 452 PRAEFATIO.

664 575 807 616 mae
862 561 928 615 et
971 552 1436 637 paenultimae‚
1495 558 1809 634 ετοιχεῖον
1866 576 2301 621 consonarum
2358 557 2866 642 composituram
2925 556 3033 622 vel
3087 558 3242 623 scri-

664 666 925 742 pturam
953 675 1070 740 per
1099 651 1461 740 simplicem
1491 655 1785 719 vocalem
1817 659 1903 739 (e.
1935 678 2000 742 g.
2030 657 2079 744 f)
2122 667 2236 722 aut
2265 680 2382 744 per
2412 657 2884 745 diphthongum
2917 660 3002 743 (e.
3037 681 3101 744 g.
3134 662 3242 744 εἶ),

653 758 869 842 ,πάθος
910 756 1316 820 affectionem
1361 793 1443 803 -—
1490 755 1676 820 multi
1720 766 1819 821 est
1870 756 2140 823 laboris.
2228 759 2450 841 Quare
2495 784 2662 847 quae
2707 760 2885 847 apud
2927 761 3243 826 Herodia-

664 881 819 922 num
886 857 1234 921 coniuncta
1297 856 1560 922 fuerunt
1621 856 1947 945 dispescui
2016 869 2079 924 et
2144 859 2400 946 singula
2467 863 2689 927 statim
2754 885 2877 927 usu
2943 864 3240 950 probatis

664 958 979 1047 exemplis
1026 959 1343 1050 appositis
1389 959 1733 1024 illustravi.
1819 960 1989 1025 Nam
2034 961 2162 1026 nisi
2207 961 2397 1027 simul
2442 965 2663 1029 statim
2717 965 2922 1030 multa
2976 973 3043 1030 et
3094 986 3241 1051 pro-

661 1063 821 1126 bata
875 1061 1138 1148 quidem
1199 1060 1500 1147 exempla
1564 1061 1650 1126 ad
1711 1084 2233 1151 unamquamque
2300 1064 2744 1132 definitionem
2799 1077 3238 1153 apponuntur,

661 1164 914 1228 animus
962 1162 1183 1227 deficit
1223 1162 1319 1227 ita
1362 1173 1438 1228 ut
1479 1186 1607 1229 non
1652 1163 1847 1229 facile
1891 1163 2141 1251 reliqua
2183 1169 2483 1254 persequi
2529 1177 2748 1254 queat.

801 1266 1241 1352 .Quamquam
1295 1264 1455 1330 haec
1509 1288 1742 1352 parum
1797 1266 1990 1354 plane
2043 1270 2478 1354 pronunciata
2529 1280 2712 1353 sunt,
2770 1281 3023 1354 tamen,
3080 1272 3235 1357 quid

661 1370 831 1433 inter
874 1390 1055 1432 suam
1100 1369 1427 1454 epitomen
1471 1377 1534 1433 et
1578 1368 1962 1453 originalem
2018 1368 2254 1434 librum
2311 1370 2395 1435 ad
2453 1373 2989 1459 perspicuitatem
3042 1374 3236 1438 inter-

660 1493 804 1535 esse
848 1468 1128 1535 voluerit
1159 1470 1320 1533 satis
1351 1468 1632 1555 intellegi
1663 1480 1901 1556 potest.
1961 1469 2377 1537 Herodianus
2409 1473 2673 1539 videtur
2700 1497 2923 1540 omnes
2953 1496 3234 1540 canones

661 1571 742 1636 de
788 1570 1106 1656 singulari
1150 1572 1334 1636 exitu
1378 1595 1430 1636 e.
1466 1594 1526 1657 g.
1577 1573 2062 1642 de,nominibus
2107 1573 2177 1637 in
2220 1562 2518 1641 ffitam
2560 1587 2737 1642 arcte
2782 1577 3232 1658 connexuisse,

659 1685 735 1740 ut
779 1697 943 1739 unus
990 1673 1467 1769 quoda—mmodo
1514 1696 1721 1740 canon
1767 1686 1942 1741 esset
1986 1698 2042 1740 e.
2088 1699 2151 1762 g.
2197 1676 2369 1741 hunc
2412 1677 2549 1743 fere
2592 1679 2660 1743 in
2704 1678 2997 1743 modum:

828 1779 922 1843 Τὰ
966 1777 1055 1843 εἰ(
1100 1783 1233 1843 δων
1280 1777 1622 1859 διεύλλαβα
1665 1778 1955 1846 ὀξύνεται
1999 1781 2101 1843 καὶ
2146 1781 2497 1860 βαρύνεται.
2585 1783 2664 1847 τὰ
2721 1782 2810 1847 εἰ(
2837 1767 2988 1848 W
3043 1783 3233 1862 ὑπερ-

659 1881 1028 1963 διεύλλαβα,
1073 1881 1127 1944 εἰ
1170 1881 1608 1960 παραλήγοιτο
1652 1888 1744 1965 τῷ
1788 1884 1827 1959 ἦ
1871 1883 1909 1959 ἢ
1954 1885 1997 1945 ἃ
2039 1883 2078 1960 ἢ
2126 1883 2164 1945 ὖ
2209 1884 2577 1967 βαρύνεται,
2621 1885 2700 1948 τὰ
2730 1883 2818 1949 εἰ(
2862 1873 2997 1951 ὧν
3041 1885 3231 1965 ὑπερ-

659 1983 1008 2077 bucellas—og
1054 1970 1345 2049 ὀξύνεται
1399 1985 1859 2062 παραλήγοντα
1913 1990 2005 2069 τῷ
2060 1986 2082 2048 ῑ
2140 1985 2178 2061 ἢ
2237 1983 2524 2065 ὀνόματα
2580 1987 2840 2051 πόλεων
2897 1989 2935 2066 ἢ
2995 1988 3229 2071 ἐθνικά,

655 2087 735 2150 τὰ
779 2085 867 2151 εἰ(
913 2072 1063 2151 busit—
1091 2085 1331 2163 θηλυκὰ
1375 2084 1698 2169 ὀξύνεται,
1742 2086 1822 2150 τὰ
1868 2087 1971 2150 διὰ
2015 2090 2132 2151 τοῦ
2157 2072 2331 2152 ἴων
2377 2087 2672 2167 ἀρρενικά
2720 2108 2790 2153 τε
2846 2090 2948 2154 καὶ
2992 2090 3231 2167 θηλυκὰ

656 2190 818 2267 ὑπὲρ
864 2189 982 2253 δύο
1030 2188 1341 2268 ευλλαβὰ(
1384 2187 1558 2251 ἁπλᾶ
1601 2187 1927 2270 ὀξύνεται,
1973 2188 2052 2252 τὰ
2097 2188 2201 2252 διὰ
2242 2194 2360 2254 τοῦ
2404 2178 2579 2270 ἧδ-ιιῖν
2624 2190 2920 2270 ἀρεενικὰ
2974 2193 3078 2256 καὶ
3122 2196 3229 2268 θη-

656 2291 816 2356 λυκὰ
859 2290 1363 2370 ύπερδιεύλλαβα
1407 2291 1511 2354 διὰ
1555 2293 1669 2354 τοῦ
1714 2293 1753 2354 ὃ
1808 2290 2149 2370 κλινόμενα
2204 2290 2526 2374 ὀξύνεται,
2581 2292 2659 2357 τὰ
2717 2295 2821 2358 διὰ
2876 2297 2993 2358 τοῦ
3038 2299 3228 2358 ωδων

656 2394 1007 2474 βαρύνεται.
1120 2390 1291 2455 Τ11111
1363 2390 1834 2476 sequebantur,
1916 2390 2179 2476 opinor,
2253 2402 2409 2478 apta
2486 2393 2573 2457 ad
2642 2416 2840 2458 unam
2906 2416 3228 2482 quamque

651 2505 905 2581 partem
949 2493 1212 2558 canonis
1269 2491 1570 2578 exempla
1623 2515 1772 2557 cum
1827 2493 2219 2558 testimoniis
2277 2496 2696 2580 scriptorum,
2754 2518 2901 2561 cum
2945 2495 3227 2583 explica-

652 2598 827 2662 tione
882 2608 947 2662 et
1000 2596 1208 2661 omnis
1265 2594 1523 2680 generis
1580 2594 2144 2679 adnotationibus3
2191 2596 2426 2681 quibus
2472 2596 2738 2662 additae
2782 2607 2969 2663 erant
3011 2620 3225 2662 exem-

652 2701 908 2787 ptiones
940 2699 1177 2763 iterum
1212 2719 1359 2761 cum
1389 2697 1780 2763 testimoniis
1812 2708 1879 2762 et
1908 2697 2500 2764 observationibus.
2534 2737 2619 2747 —-
2647 2701 2973 2765 Arcadius
3005 2700 3226 2786 igitur,

648 2811 726 2867 ut
788 2801 1239 2889 perspicuitati
1302 2801 1698 2883 consuleret,
1773 2799 1946 2865 hunc
2017 2822 2332 2866 canonem
2397 2801 2765 2886 generalem
2832 2802 3094 2867 diremit
3157 2802 3226 2865 in

651 2913 902 2991 septem
947 2901 1307 2988 singulares
1320 2950 1338 2983 ,
1386 2926 1421 2966 e
1464 2904 1856 2990 quibus,·ut
1900 2924 1984 2966 cx
2027 2904 2511 2989 comparatione
2544 2903 2975 2989 Theognosti,
3023 2903 3224 2968 Choe-

648 3006 906 3072 robosci
953 3016 1018 3070 et
1061 3002 1375 3090 Stephani
1417 3003 1729 3090 Byzantii
1771 3002 2071 3068 videmus
2083 3052 2101 3085 ,
2148 3014 2280 3070 tres
2328 3005 2544 3069 omisit
2598 3016 2665 3070 et
2709 3004 2982 3089 sing-ulis
3039 3026 3223 3092 prae·

650 3110 856 3194 ceptis
901 3107 1125 3171 statim
1167 3105 1627 3189 vulgatissima
1669 3102 1971 3190 exempla
2014 3107 2334 3193 apposuit.

818 3207 1014 3272 Hunc
1057 3208 1124 3271 in
1167 3205 1430 3271 modum
1474 3227 1721 3271 canone
1764 3206 2053 3290 generali
2100 3207 2313 3273 diviso
2358 3209 2425 3273 in
2470 3218 2689 3296 partes
2749 3210 2803 3273 si
2859 3207 3066 3275 lector
3120 3231 3220 3273 ar-

646 3321 953 3396 gumento
996 3308 1506 3395 uniuscuiusque
1539 3296 1816 3373 'canonis
1863 3307 2131 3372 assidua
2172 3310 2447 3375 lectione
2489 3320 2796 3397 percepto
2843 3312 3222 3376 universum

649 3435 962 3478 canonem
1005 3434 1088 3477 ex
1134 3409 1404 3495 singulis
1450 3409 1748 3496 partibus
1804 3412 2022 3476 animo
2081 3423 2455 3498 componat,
2513 3422 2580 3477 et
2639 3415 2731 3478 sic
2784 3414 2853 3476 in
2895 3413 3218 3498 integrum

648 3514 836 3601 quasi
881 3514 1211 3595 restituat,
1265 3512 1388 3576 hac
1443 3512 1720 3598 epitome
1774 3513 2110 3578 utentibus
2167 3536 2297 3578 non
2351 3513 2561 3580 solum
2615 3514 3046 3597 brevitatem,
3102 3513 3219 3578 sed

649 3618 847 3681 etiam
913 3615 1444 3703 perspicuitatem
1509 3613 2019 3681 redundaturam
2089 3639 2252 3680 esse.
2353 3616 2578 3703 Neque
2644 3615 3059 3681 diffitendum
3119 3625 3221 3680 est

646 3729 997 3805 praecepta
1039 3717 1161 3782 hac
1209 3716 1530 3795 divisione
1576 3726 1640 3781 et
1685 3718 1909 3782 statim
1953 3717 2299 3805 unicuique
2345 3718 2578 3782 canoni
2633 3716 2904 3805 speciali
2947 3715 3217 3781 adiectis

648 3818 960 3907 exemplis
1006 3818 1212 3904 magis
1269 3818 1614 3905 perspicua
1669 3818 1841 3900 fieri,
1902 3817 1974 3882 id
2028 3819 2204 3905 quod
2258 3819 2547 3885 Arcadio
2605 3819 3008 3885 discentibus
3064 3819 3217 3883 scri-

646 3922 825 3987 benti
880 3924 1206 3986 maximae
1258 3920 1386 3983 fuit
1430 3942 1653 4003 curae,
1696 3943 1827 3985 non
1873 3920 2283 4004 Herodiano,
2341 3922 2446 3986 cui
2502 3942 2649 3984 cum
2690 3919 3217 4006 intellegentibus

643 4034 711 4088 et
756 4023 965 4090 doctis
1007 4024 1169 4088 viris
1213 4045 1315 4087 res
1359 4020 1508 4085 fuit.

811 4126 1169 4191 Brevitatis
1225 4146 1423 4188 causa
1475 4124 1689 4210 pergit
1734 4124 2054 4189 Arcadius
2112 4146 2182 4189 se
2236 4147 2492 4190 omnem
2549 4124 2618 4188 in
2670 4134 3015 4211 utramque
3069 4146 3214 4210 par-

614 4207 773 4295 ⁶tcm
820 4226 1329 4314 disputationem
1370 4225 1683 4290 recidisse
1728 4236 1793 4290 et
1837 4226 2221 4311 ambagibus
2264 4228 2483 4292 missis
2527 4226 2849 4295 rationem
2892 4228 2976 4291 ab
3008 4226 3214 4292 Hero-

643 4331 837 4397 diano
883 4331 1225 4417 probatam
1267 4333 1609 4416 recepisse.
1667 4328 1761 4393 Ut
1803 4328 1873 4391 in
1904 4328 2200 4415 exemplo
2231 4328 2565 4394 nominum
2597 4328 2667 4392 in
2698 4315 2864 4395 W
2887 4328 3213 4411 insistam,

644 4434 726 4499 de
782 4443 1050 4499 accentu
1115 4432 1393 4497 nominis
1447 4433 1782 4498 Ποεειδῶν
1849 4429 1920 4494 id
1982 4440 2235 4496 tantum
2292 4431 2595 4517 protulit,
2662 4453 2788 4518 quo
2852 4430 3211 4518 perispasis

642 4536 1054 4617 defenditur,
1102 4558 1209 4611 ea,
1257 4557 1424 4621 quae
1469 4543 1698 4597 contra
1742 4532 1869 4596 dici
1914 4542 2267 4620 potuerunt
2311 4543 2376 4598 et
2419 4532 2488 4597 in
2528 4532 2709 4597 Mon.
2757 4532 2831 4615 9,
2876 4533 2917 4597 3
2964 4530 3211 4618 (Cram.

639 4640 770 4704 An.
827 4640 954 4706 Ox.
1016 4637 1122 4702 III
1177 4637 1329 4719 240)
1387 4633 1737 4721 explanata
1791 4645 1965 4717 sunt,
2023 4655 2287 4722 prorsus
2345 4636 2644 4699 resecuit.
2702 4672 2786 4682 —-
2842 4633 2970 4699 Sed
3039 4632 3212 4719 quod

640 4741 936 4806 omnibus
983 4741 1120 4804 fere
1167 4735 1529 4802 Herodiani
1573 4736 2107 4822 epitomatoribus
2164 4736 2429 4820 accidit,
2485 4746 2559 4801 ut
2609 4759 2806 4823 quum
2849 4735 3211 4800 Herodiani

639 4853 1055 4931 praeceptum
1098 4843 1166 4903 in
1197 4837 1463 4904 brevius
1497 4838 1876 4903 contrahere
1922 4837 2198 4921 vellent,
2243 4838 2643 4918 omitterent,
2689 4860 2854 4926 quae
2885 4840 2969 4903 ab
3002 4837 3208 4904 Hero·
