3664 5546
625 419 777 465 xxu
1707 412 2123 460 PRAEFATIO.

621 593 810 651 ριμνα
852 569 930 634 Ε.
981 568 1204 632 Orion.
1257 566 1407 649 105,
1459 568 1539 631 10
1584 568 1654 633 ἐν
1699 567 2154 648 ἐπιμεριςμοῑς,
2211 564 2450 629 Zonar.
2510 564 2670 629 1344
2713 565 2783 631 ἐν
2829 565 3210 649 ἑπιμεριςμῷ

623 672 800 736 dicit.

792 771 922 838 Sed
965 773 1098 835 iam
1142 780 1349 836 restat
1390 772 1883 855 gravissimum,
1929 779 2002 834 ut
2047 768 2482 833 demonstrem
2530 791 2639 849 ea,
2687 790 2855 853 quae
2887 791 2970 833 ex
3005 768 3210 835 Hero-

624 874 804 938 diani
860 872 1312 960 Epimerismis
1370 873 1685 954 citantur,
1754 872 2106 935 maximam
2164 880 2420 956 partem
2475 870 2559 936 ab
2617 868 2994 935 Herodiano
3058 892 3213 935 vere

621 976 916 1064 profecta
960 997 1123 1039 esse.
1206 973 1355 1054 Qua
1397 974 1468 1036 in
1511 996 1581 1038 re
1627 997 1704 1038 ea
1746 975 1997 1038 ratione
2043 995 2266 1059 agam,
2313 982 2386 1037 ut
2432 995 2651 1036 omnes
2698 969 2989 1056 singulos
3036 972 3211 1038 locos

624 1079 693 1142 in
736 1100 1010 1142 examen
1051 1098 1280 1142 vocem
1314 1084 1380 1139 ct
1421 1075 1813 1161 comparatis
1854 1075 2243 1140 indubitatis
2285 1072 2649 1138 Herodiani
2695 1074 3062 1160 praeceptis
3108 1096 3211 1138 res

625 1179 1075 1244 Herodianeas
1109 1200 1251 1242 esse
1284 1178 1603 1242 evincam.
1649 1177 1753 1240 De
1779 1176 1883 1260 iis,
1910 1199 2071 1264 quos
2096 1178 2228 1240 iam
2255 1176 2586 1262 proposui,
2615 1177 2776 1240 satis
2810 1176 3057 1240 dictum
3090 1184 3207 1239 est.

795 1282 1014 1345 Primo
1060 1278 1202 1345 loco
1246 1279 1620 1367 ponendum
1665 1289 1766 1343 est
1811 1288 2229 1365 praeceptum

627 1521 696 1583 in
740 1520 820 1583 E.
869 1518 1094 1583 Orion.
1147 1517 1296 1597 124,
1341 1518 1384 1581 4
1430 1517 1538 1602 (E.
1572 1516 1749 1581 Gud.
1780 1517 1940 1598 280,
1994 1517 2092 1597 17,
2139 1516 2219 1580 Ε.
2264 1515 2354 1579 Μ.
2404 1517 2557 1588 618,
2604 1515 2689 1579 42
2731 1513 2876 1580 coll.
2908 1515 3212 1581 Eustath.

631 1622 786 1701 663,
831 1620 976 1704 23):
1055 1618 1230 1685 οἶος
1287 1619 1323 1683 ὁ
1380 1620 1578 1700 μόνος
1632 1623 2186 1701 πλεοναςμῷτοῦ
2241 1622 2297 1683 ὃ.
2384 1618 2484 1683 ἴος
2540 1620 2661 1697 γάρ
2720 1619 2845 1682 ἑςτι
2901 1618 2939 1681 ὁ
2996 1618 3216 1700 μόνος,

631 1723 818 1787 ἔνθεν
885 1722 986 1806 «ἰῇ
1049 1723 1117 1786 δ’
1182 1721 1278 1786 ἑνὶ
1342 1722 1520 1786 νυκτὶ
1583 1720 1897 1795 γένοντο»
1959 1719 2032 1800 (C
2076 1717 2247 1802 251).
2338 1721 2545 1785 οὕτως
2601 1719 3077 1798 Ἡρωδιανὸς
3136 1720 3218 1783 ἐν

631 1825 1219 1903 ἓΕπιμεριςμοῖς.

801 1924 972 1988 Nam
1018 1924 1113 1987 sic
1157 1922 1301 1987 οἶος
1347 1930 1560 1985 ortum
1604 1932 1873 2007 putasse
1918 1920 2367 1985 Herodianum
2414 1923 2651 1988 scimus
2699 1944 2783 1986 ex
2828 1921 3072 1987 Arcad.
3115 1923 3216 2001 37,

637 2027 736 2090 10.
826 2024 1002 2090 Casu
1045 2024 1248 2107 igitur
1292 2023 1540 2086 factum
1586 2034 1720 2105 est,
1766 2033 1842 2087 ut
1885 2021 2016 2087 alia
2058 2024 2542 2109 Epimerismon
2596 2034 2945 2109 praecepta
2995 2046 3078 2087 ex
3120 2045 3216 2086 re-

631 2125 854 2213 liquiis
900 2125 1197 2209 germani
1241 2122 1622 2187 Herodiani‘
1658 2133 1731 2188 ut
1792 2147 1878 2188 ex
1922 2124 2299 2189 Herodiano
2355 2127 2563 2212 petita
2617 2125 3059 2190 demonstrare
3110 2146 3217 2187 ne-

635 2248 969 2315 queamus.
1060 2224 1229 2289 Nam
1286 2222 1438 2287 licet
1491 2247 1573 2287 ne
1630 2225 1773 2290 ioco
1830 2226 2093 2312 quidem
2153 2228 2502 2292 contendat
2555 2227 2701 2312 quis
2757 2250 2864 2308 ea,
2932 2249 3098 2312 quae
3152 2226 3219 2289 in

636 2328 1113 2415 Epimerismos
1174 2324 1586 2407 transierint,
1643 2339 1990 2413 propterea
2043 2351 2126 2393 ex
2169 2329 2468 2414 genuinis
2515 2329 2819 2415 operibus
2872 2327 3219 2407 excidisse,

636 2441 855 2495 tamen
909 2449 1095 2490 nemo
1152 2425 1514 2491 affirmabit
1540 2449 1674 2510 ea,
1740 2426 1906 2514 quae
1963 2453 2047 2494 ex
2099 2431 2400 2514 genuinis
2456 2431 2762 2516 operibus
2831 2428 3219 2509 exciderint,

634 2532 702 2594 in
747 2529 1218 2624 Epimerismos
1266 2528 1544 2592 transire
1588 2550 1716 2593 non
1761 2532 2090 2616 potuisse;
2144 2533 2274 2597 imo
2329 2529 2642 2619 perfacile
2697 2530 2838 2593 fieri
2891 2530 3103 2616 potuit
3147 2539 3222 2594 ut

636 2630 960 2719 quaedam
1004 2652 1171 2715 quae
1219 2630 1294 2693 in
1347 2629 1649 2713 genuinis
1708 2633 2018 2718 operibus
2074 2633 2578 2715 interciderunt,
2636 2654 2711 2696 eo
2770 2631 2956 2696 nobis
3003 2653 3219 2696 serva-

638 2743 889 2815 rentur,
937 2730 1110 2819 quod
1153 2732 1222 2797 in
1265 2732 1733 2818 Epimerismos
1777 2734 2098 2802 translata
2142 2745 2318 2800 sunt.

809 2969 1018 3036 Schol.
1065 2972 1127 3034 A
1171 2968 1258 3033 ad
1303 2968 1380 3033 Il.
1430 2971 1493 3034 Μ
1544 2970 1691 3034 106:
1744 2974 2230 3052 λελιημένοι;
2287 2976 2444 3037 λιλῶ
2491 2973 2615 3037 ἐςτι
2663 2973 2827 3050 ῥῆμα
2868 2972 2944 3035 τὸ
2994 2991 3221 3049 ςημαν-

638 3075 817 3139 τικὸν
861 3077 977 3137 τοῦ
1023 3071 1559 3150 προθυμουμένου
1615 3072 1683 3133 ἐκ
1739 3076 1855 3135 τοῦ
1904 3076 1995 3137 λῶ
2041 3074 2513 3154 διπλαςιαςθέν,
2571 3070 2650 3136 οὗ
2706 3056 3100 3149 παραγωῒόν
3145 3073 3221 3136 τὸ

642 3173 863 3237 λιλαίω
912 3171 1322 3248 «λιλαιόμενα
1367 3172 1563 3248 χροὸς
1609 3170 1786 3235 ἆςαι»
1838 3170 1945 3253 (ΙΙ.
1978 3172 2027 3236 Λ
2055 3171 2227 3253 574).
2294 3180 2385 3256 τῷ
2432 3176 2588 3237 λιλῶ
2618 3171 2976 3236 ἀκόλουθος
3021 3193 3223 3251 παρα-

642 3275 930 3351 κείμενος
977 3270 1304 3351 λελίληκα,
1362 3272 1705 3348 παθητικὸς
1761 3274 2113 3352 λελίλημαι,
2170 3275 2405 3352 μετοχὴ
2453 3272 2894 3354 λελιλημένος,
2946 3277 3225 3352 πληθυν-

643 3375 776 3451 τικὴ
810 3370 1210 3449 λελιλημένοι
1244 3371 1524 3449 ἐλλείψει
1555 3376 1672 3436 τοῦ
1705 3359 1744 3435 λ
1772 3374 2148 3451 λελιημένοι.
2229 3374 2709 3452 Ἡρωδιανὸς
2755 3373 2833 3437 ἐν
2880 3373 3223 3453 ἐπιμερι-

645 3495 675 3538 ς
690 3476 881 3552 μοῖς.
956 3470 1140 3538 Idem
1185 3469 1386 3534 habet
1428 3471 1506 3535 E.
1555 3471 1646 3534 M.
1694 3462 1835 3536 sine
1882 3474 2170 3538 auctoris
2217 3483 2283 3537 et
2327 3473 2475 3538 libri
2517 3473 2796 3538 nomine.
2868 3474 2973 3538 De
3018 3473 3225 3560 dipla-

645 3573 884 3636 siasmo
932 3571 1018 3634 cf.
1052 3570 1285 3636 Choer.
1318 3572 1473 3651 850,
1519 3571 1604 3635 20
1645 3574 1713 3636 in
1756 3574 1899 3638 loco
1945 3597 2028 3638 ex
2068 3574 2444 3638 Herodiano
2489 3575 2869 3659 deprompto
2915 3586 2981 3640 et
3010 3577 3225 3661 ipsum

645 3673 1102 3738 Herodianum
1145 3673 1211 3735 in
1257 3673 1337 3736 E.
1384 3671 1474 3735 M.
1523 3672 1676 3754 272,
1724 3675 1763 3738 8
1819 3663 2125 3760 διδοῗςκω,
2181 3675 2441 3762 ellipsin
2496 3674 2720 3739 literae
2769 3664 2803 3742 λ
2860 3674 3062 3740 habes
3119 3699 3225 3761 ap.

647 3776 741 3839 St.
787 3774 865 3837 B.
911 3774 1066 3854 446,
1112 3774 1152 3836 3
1200 3775 1562 3854 Μεςημβρία
1620 3796 1704 3837 ex
1751 3777 2156 3857 Μελςημβρία
2200 3780 2303 3843 διὰ
2359 3779 2432 3842 τὸ
2478 3777 2949 3858 εὐφωνότερον.
2995 3814 3079 3825 —-
3121 3777 3228 3840 Ex

648 3876 876 3940 eodem
921 3876 1102 3938 fonte
1146 3874 1340 3938 fluxit
1371 3874 1449 3936 Ε.
1483 3872 1705 3939 Orion.
1755 3875 1866 3956 92,
1899 3878 2000 3941 25.
2052 3879 2294 3958 λιαρός;
2343 3878 2637 3962 ἀποβολῇ
2682 3884 2798 3943 τοῦ
2843 3883 2919 3958 ἶ·
2966 3880 3227 3958 χλιαρός

646 3979 784 4057 γάρ.
872 3978 951 4041 τὰ
1007 3980 1078 4041 δὲ
1132 3977 1362 4056 χλιαρὰ
1417 3981 1720 4055 προςηνῆ.
1822 3980 2084 4044 δύναται
2120 3983 2214 4045 ·δ“ε
2267 3981 2367 4044 καὶ
2421 3980 2663 4046 ἄλλως·
2729 3984 2884 4045 λιλῶ
2943 3981 3017 4044 τὸ
3086 3980 3227 4043 λίαν

648 4082 832 4145 θέλω.
922 4084 1016 4142 λῶ
1068 4078 1191 4155 γὰρ
1245 4078 1321 4140 τὸ
1377 4076 1562 4140 θέλω.
1652 4080 1751 4142 καὶ
1809 4084 1967 4144 λιλῶ
2012 4083 2233 4145 λιλαίω
2288 4083 2389 4145 καὶ
2444 4082 2721 4146 λιλαίετο
2766 4082 2927 4159 παρ’
2972 4080 3227 4163 Ὁμήρῳ

650 4181 736 4263 (Υ
782 4179 892 4261 76)
940 4179 1042 4243 καὶ
1088 4179 1176 4241 ὼς
1222 4181 1400 4254 μαδῶ
1455 4178 1768 4273 μαδα-ρός,
1815 4184 2041 4246 πλαδῶ
2085 4183 2445 4265 πλαδαρός,
2491 4185 2669 4262 χαλῶ
2715 4181 3025 4262 χαλαρός,
3072 4184 3228 4245 λιλῶ

650 4279 908 4358 λιλαρός
953 4279 1054 4342 καὶ
1098 4276 1393 4359 ἀποβολῇ
1437 4282 1555 4341 τοῦ
1602 4282 1636 4343 λ
1690 4281 1924 4359 λιαρός.
2011 4284 2090 4347 τὰ
2133 4285 2254 4361 γὰρ
2297 4288 2582 4362 προςηνῆ
2628 4282 2915 4360 θέλομεν.

820 4508 1036 4574 Schol.
1091 4511 1271 4575 BLV
1332 4511 1417 4576 ad
1471 4512 1548 4577 Il.
1596 4515 1651 4579 Ζ
1693 4514 1849 4579 414:
1910 4517 2132 4598 ἀμόνε
2193 4519 2274 4583 ἐν
2330 4519 2806 4602 ἐπιμεριςμῷ
2863 4539 3052 4598 φηςιν
3110 4516 3228 4600 (se.

653 4613 690 4678 ὁ
735 4614 1190 4699 Ἡρωδιανὸς),
1238 4618 1335 4682 ὅτι
1379 4619 1511 4683 ἀπὸ
1555 4622 1672 4682 τοῦ
1718 4618 1874 4698 ἐμόν
1920 4620 2238 4684 ἐκτέταται
2283 4620 2358 4682 τὸ
2404 4623 2437 4683 ἓ
2481 4619 2568 4683 εἰς
2612 4624 2661 4682 ‘d
2704 4619 2962 4698 μακρόν.
3036 4617 3228 4680 Prae-

652 4713 919 4778 cedunt:
969 4717 1043 4780 τὸ
1090 4718 1254 4798 ἀμὸν
1299 4720 1370 4784 ἐν
1416 4722 1530 4798 μὲν
1573 4726 1649 4802 τῇ
1697 4719 1921 4802 Ἰλιακῇ
1967 4720 2293 4802 προςῳδίᾳ
2339 4716 2455 4801 (ad
2494 4716 2555 4780 h.
2592 4716 2664 4800 l.)
2714 4720 2903 4798 φηςὶν
2949 4719 2986 4782 ὁ
3030 4719 3228 4796 Ἡρω-

654 4819 873 4883 διανὸς
927 4820 1398 4899 Δωρικώτερον
1456 4819 1620 4885 εἶναι
1675 4819 1807 4883 ἀπὸ
1863 4824 1978 4884 τοῦ
2034 4821 2360 4899 ἁμέτερον.
2405 4855 2491 4865 -
2545 4818 2626 4881 In
2671 4817 2748 4880 Il.
2793 4816 2976 4882 Pros,
3025 4815 3228 4880 Hero-
