3664 5546
1149 409 1307 472 ΠΕΡΙ
1349 411 1741 480 ΚΑΘΟΛΙΚΗζ
1779 409 2203 469 ΠΡΟΕΩιΔΙΑ(
2247 413 2299 469 ς.
2908 413 3023 478 161

445 592 676 655 δελος
721 590 760 669 ἡ
807 589 1077 671 βοτάνη,
1133 587 1587 669 άςφοδελός
1631 588 1670 652 ὁ
1713 587 1917 653 τόπος
1974 587 2012 652 ὁ
2056 586 2390 666 περιέχων.
2477 587 2554 651 τό
2600 585 2907 652 δειελός
2951 587 3026 651 τὸ

444 691 721 758 δειλινόν
767 690 1057 758 ὀξύνεται
1102 692 1204 755 καὶ
1247 692 1325 755 τὸ
1370 689 1651 770 ὀβελός
1695 691 1799 754 καὶ
1842 689 2148 770 μυελὸς.

608 795 706 859 J&
751 795 855 858 διὰ
891 798 1009 859 τοῦ
1048 781 1199 859 ἕλος
1229 792 1546 857 ἐπιθετικὰ
1576 792 2087 874 ὑπερδιςύλλαβα
2116 791 2352 871 ἔχοντα
2391 792 2507 871 τὴν
2537 791 2752 871 τρίτην
2783 792 3028 872 μακρὰν
3097 829 3104 836 ·

372 901 379 906 ’
443 897 1029 978 προπαροξύνεται,
1086 895 1479 977 ἀείδελος,
1542 892 1884 976 εἴκελος,
1943 893 2469 977 εὐτράπελος,
2524 894 2926 973 πέμπελος
2992 894 3029 957 ὁ

443 998 731 1064 παλαιός.
820 997 875 1062 εἰ
929 999 1001 1063 δὲ
1054 998 1415 1078 τριβράχεαΧ
1446 996 1543 1075 εἴη
1598 996 1916 1061 ἐπιθετικὰ
1980 997 2062 1076 μὴ
2129 995 2288 1061 ὄντα
2353 996 2649 1080 ςύνθετα,
2717 995 3026 1076 ὀξύνεται,
3057 1003 3090 1053 5

407 1107 421 1121 ·
446 1100 765 1166 (ικελός
807 1101 884 1165 τὸ
931 1099 1183 1165 ἑθνικὸν
1227 1098 1359 1163 ἀπὸ
1403 1102 1520 1163 τοῦ
1566 1098 1842 1163 οἰκιςτοῦ
1886 1099 1989 1162 καὶ
2032 1096 2392 1177 ἀρχηγέτου
2444 1103 2557 1177 τῆς
2602 1098 2816 1178 χώρας
2830 1148 2848 1181 ,
2906 1098 3031 1178 ἀφ’

446 1200 525 1267 οὗ
570 1204 672 1267 καὶ
716 1201 958 1266 (ικελία
999 1202 1039 1280 ἡ
1084 1203 1292 1283 χώρα,
1341 1201 1431 1266 ὡς
1479 1199 1716 1265 Κίλικες
1758 1204 1877 1264 τοῦ
1925 1199 2202 1283 Κίλικος,
2261 1199 2340 1265 οὗ
2384 1202 2487 1265 καὶ
2530 1201 2569 1280 ἡ
2618 1199 2881 1282 Κιλικία,
2941 1201 3032 1265 ῶς

446 1304 754 1370 Θετταλοί
784 1303 914 1369 ἀπὸ
947 1303 1307 1385 Θετταλοῦ,
1352 1301 1432 1367 οὗ
1474 1303 1514 1381 ἡ
1546 1302 1885 1385 Θετταλία,
1931 1303 2033 1367 καὶ
2062 1301 2309 1381 Φρύγες
2338 1302 2623 1386 Φρυγός,
2670 1301 2750 1367 οὗ
2793 1304 2834 1382 ἡ
2864 1301 3030 1380 Φρυ-

442 1406 565 1482 γία.
657 1410 827 1472 «τῶν
874 1407 945 1471 δὲ
990 1410 1321 1485 νηςιωτῶν
1368 1405 1430 1470 οἱ
1478 1406 1593 1484 μὲν
1638 1404 1951 1480 ἰθαγενεῖς
1995 1404 2192 1469 πάλαι
2238 1403 2459 1481 Λίγυες
2515 1405 2578 1472 ἐξ
2631 1404 2890 1469 Ἰταλίας
2937 1402 3033 1467 (ι-
3062 1481 3068 1492 ι

445 1509 621 1573 κελοὶ
664 1509 992 1592 λέγονται,
1038 1507 1100 1573 οἱ
1145 1508 1215 1572 δὲ
1260 1506 1572 1585 ἐπήλυδες
1602 1507 1906 1585 Ἕλληνές
1938 1506 2049 1572 εἰςι
2096 1506 2452 1572 (ικελιῶται
2501 1508 2591 1573 ὡς
2636 1508 3027 1572 Ἰταλιῶται.»
3069 1514 3135 1565 10

447 1609 905 1693 ςτροβελός,
964 1609 1309 1698 κεφελός
1353 1607 1461 1691 (P).
1549 1610 1624 1674 τὸ
1691 1610 1762 1674 δὲ
1827 1608 2176 1690 Ζάφελος
2234 1610 2536 1675 ςύνθετον
2594 1609 2671 1674 ὃν
2727 1610 2903 1687 παρὰ
2957 1609 3032 1672 τὸ

444 1699 528 1779 ἰᾶ
564 1714 667 1777 καὶ
708 1712 784 1776 τό
829 1710 1094 1793 ὀφέλλω
1122 1713 1199 1776 τὸ
1245 1710 1416 1779 αὔξω
1446 1711 2019 1790 προπαροξύνεται.
2074 1713 2150 1776 τό
2197 1713 2268 1776 δὲ
2314 1711 2593 1776 δέελος
2636 1710 2871 1775 ταύτόν
2908 1710 3033 1775 έςτι

444 1822 537 1899 τῷ
582 1817 794 1893 δῆλος.

616 1917 708 1982 Τὰ
753 1917 858 1981 διὰ
899 1920 1017 1982 τοῦ
1052 1904 1222 1996 {so}
1248 1916 1754 1997 ὑπερδιςύλλαβα
1783 1917 2217 1995 προςηγορικὰ
2247 1917 2285 1994 ἢ
2317 1917 2501 1995 κύρια
2529 1917 2568 1994 ἢ
2601 1915 2918 1980 ἑπιθετικὰ
2950 1917 3030 1995 μὴ

447 2017 682 2099 ἔχοντα
710 2016 842 2084 ἴδια
872 2020 1112 2099 θηλυκὰ
1141 2019 1729 2101 προπαροξύνεται,
1761 2018 2125 2103 εὔκηλος,
2171 2019 2596 2102 τράχηλος,
2642 2019 3031 2100 κάπηλος,
3073 2029 3133 2078 15

448 2122 823 2205 κάμηλος,
868 2120 1259 2204 φάςηλος,
1308 2119 1801 2203 (τύμφηλος,
1850 2121 2216 2203 βέβηλος,
2261 2122 2663 2204 κίβδηλος,
2700 2120 3031 2200 ἐρύγμη-

450 2227 616 2306 λος,
682 2224 720 2288 ὃ
777 2223 856 2287 οὐ
914 2223 1194 2289 δεόντως
1247 2223 1619 2301 Τυραννίων
1677 2223 1917 2289 ὀξύνει·
1983 2223 2241 2299 ἐγένετο
2308 2224 2378 2288 δὲ
2439 2223 2613 2301 παρὰ
2668 2224 2743 2287 τὸ
2801 2222 3032 2304 ἐρύγω,

425 2325 636 2391 ’ἔνθεν
680 2326 1105 2403 παρατατικὸς
1151 2326 1426 2404 «ἤρυγεν
1472 2325 1816 2403 ἑλκόμενος
1862 2325 2058 2389 ἕλικι»
2106 2322 2210 2406 (Il.
2241 2325 2299 2388 Υ
2341 2324 2529 2408 404),
2577 2324 2888 2404 ἐρύγηλος
2933 2325 3036 2388 καὶ

449 2428 520 2494 ἑν
564 2430 945 2510 πλεοναςμῶ
988 2431 1104 2492 τοῦ
1146 2430 1199 2504 Ῑι
1243 2427 1615 2508 ἐρύγμηλος.
1680 2426 2090 2509 Πάμηλος,
2132 2426 2469 2506 Εὔζηλος
2515 2426 2834 2507 φρουρίον
2868 2425 3033 2491 (ικε-

452 2735 685 2788 πολλῶν
721 2735 789 2786 ef.
827 2734 1030 2787 Velsen
1068 2750 1117 2800 p.
1157 2735 1218 2785 16
1255 2750 1405 2801 seqq.
1475 2733 1617 2784 Ante
1653 2732 1867 2786 δειελὸς
1902 2733 1971 2786 τὸ
2016 2733 2259 2787 δειλινόν
2295 2733 2560 2786 Schmidt.
2604 2734 2912 2801 suspicatur
2947 2749 3036 2786 ex-

453 2805 655 2856 cidisse
701 2802 914 2855 δείελος
960 2802 992 2853 ὸ
1038 2802 1212 2868 ἀςτήρ
1256 2803 1486 2865 iniuria,
1534 2818 1661 2853 nam
1704 2803 1916 2855 δειελὸς
1962 2804 2313 2854 Herodianus
2359 2804 2505 2853 inter
2547 2804 2846 2867 vocabula,
2893 2820 3032 2868 quae

452 2878 678 2939 propter
710 2874 1021 2938 passionem
1056 2878 1310 2937 exempta
1347 2875 1499 2934 sunt,
1537 2871 1726 2921 retulit
1764 2878 1820 2923 et
1856 2871 2068 2923 δειελὸς
2105 2889 2170 2922 ex
2205 2867 2360 2935 δείλη
2396 2888 2496 2937 per
2530 2873 2906 2937 pleonasmum
2940 2888 3034 2922 vo·

454 2941 590 2991 calis
634 2944 668 2991 ἒ
712 2940 1039 3005 repetivisse
1084 2939 1360 3005 putandus
1406 2944 1493 2988 est
1538 2939 1602 2991 Ε.
1641 2941 1713 2990 Μ.
1759 2942 1885 3003 251,
1927 2943 1988 2989 14
2035 2941 2108 2994 cf.
2151 2941 2287 2991 Lob.
2333 2939 2494 2997 Rroll.
2545 2942 2667 3001 106,
2712 2939 2797 2990 ΕΙ.
2842 2942 2868 2990 1
2913 2942 3033 2998 414,

452 3010 642 3060 Rhem.
681 3009 793 3059 188.
865 3006 1063 3070 ὀβελὸς
1099 3008 1370 3072 quomodo
1405 3006 1754 3058 Herodianus
1788 3009 2206 3073 propagaverit,
2245 3009 2446 3059 seimus
2484 3024 2553 3058 ex
2587 3009 2652 3062 Ε.
2682 3007 2773 3058 Or.
2816 3010 2929 3069 115,
2967 3010 3034 3057 24
3085 3016 3091 3025 ·

453 3076 670 3140 ὀβελὸς·
718 3075 870 3140 παρὰ
914 3074 982 3126 τὸ
1021 3073 1210 3138 βάλλω
1256 3076 1290 3139 ἢ
1329 3075 1512 3139 βέλλω
1549 3072 1761 3136 γίνεται
1805 3075 1876 3126 τὸ
1914 3076 2015 3138 μὲν
2052 3074 2354 3141 οὐδέτερον
2390 3074 2574 3139 βέλος,
2621 3074 2690 3126 τὸ
2726 3074 2787 3126 δὲ
2824 3074 3033 3140 ἀρςενι-

453 3145 556 3196 κὸν
594 3144 755 3208 βελός
793 3145 884 3195 καὶ
922 3145 1256 3210 πλεοναςμῷ
1300 3146 1404 3195 τοὺ
1443 3146 1475 3196 ὃ
1511 3142 1725 3206 ὀβελὸς.
1795 3142 1983 3196 οὕτως
2028 3142 2091 3195 ἑν
2134 3147 2219 3209 τῷ
2267 3143 2395 3208 περὶ
2439 3146 2641 3195 παθῶν
2679 3141 3032 3207 Ἡρωδιανὸς.

454 3213 657 3277 μυελὸς
702 3214 784 3263 ita
832 3211 1197 3277 explicavisse
1233 3212 1452 3263 videtur
1486 3218 1549 3262 ut
1582 3212 1645 3263 E.
1673 3213 1748 3265 Μ.
1787 3215 1905 3275 593,
1943 3214 2007 3263 34
2046 3212 2248 3276 μυελὸς
2285 3210 2437 3276 παρὰ
2471 3211 2541 3262 τὸ
2578 3210 2641 3263 ἑν
2678 3215 2835 3278 μυχῷ
2875 3209 3033 3263 εἰλεῖ-

452 3282 599 3345 ςθαι,
640 3280 877 3344 μύχελὸς
913 3294 997 3331 τις
1033 3279 1134 3343 ὠν,
1172 3287 1230 3332 et
1265 3281 1313 3330 si
1350 3281 1650 3346 Sophronis
1684 3279 1884 3330 δαελὸς
1921 3286 2394 3331 commemoratum
2431 3280 2556 3341 fuit,
2595 3281 2762 3332 etiam
2798 3281 2902 3331 hoe
2939 3297 3037 3345 per

454 3347 634 3401 πάθος
670 3349 1020 3414 expedivisse
1055 3349 1332 3414 putandus
1368 3356 1454 3399 est
1477 3347 1684 3398 Herod.
1723 3354 1819 3398 aut
1859 3364 1926 3397 ex
1961 3347 2159 3414 δαερός
2185 3355 2280 3399 aut
2315 3365 2382 3399 ex
2405 3347 2596 3400 δαῑλὸς
2621 3349 2684 3398 Ε.
2712 3348 2783 3397 Μ.
2808 3351 2924 3407 246,
2953 3352 3034 3399 34.

588 3417 623 3470 l.
660 3421 691 3467 5
727 3414 1022 3481 τριβράχεα
1060 3432 1156 3481 pro
1191 3416 1524 3498 τριςύλλαβα
1564 3417 1757 3497 scripsi
1794 3432 1912 3496 eum
1951 3417 2243 3498 Sehmidt„
2289 3416 2387 3467 sed
2433 3414 2623 3467 ἑθνικὰ
2667 3416 2701 3479 ἢ
2750 3415 3035 3497 ἐπιθετικὰ

456 3501 751 3618 ssiu-3225.
774 3481 1945 3617 2⁸.‘.;‚.3¹33”3·g.53{{²1‘321‚?¹²1²2·2¹3¹1..⁰3550233ffi
1969 3486 2295 3604 3332123‘31‘5..
2305 3482 2802 3603 {1:‘15333353'532
2839 3485 3036 3603 ἰξιῗές

453 3636 697 3701 ζάφελος
735 3621 968 3702 explevf
995 3637 1180 3687 verbis
1224 3635 1375 3702 παρὰ
1420 3637 1490 3688 τὸ
1527 3622 1593 3691 ζᾶ
1628 3666 1693 3672 -·
1718 3636 1872 3689 αὔξω
1912 3654 1978 3687 ex
2013 3637 2077 3686 Ε.
2104 3637 2198 3687 Or.
2235 3639 2325 3699 65,
2362 3641 2429 3688 20
2465 3636 2588 3697 coll.
2623 3637 2689 3688 E.
2715 3638 2788 3688 M.
2816 3640 2933 3700 370,
2973 3640 3037 3687 19

454 3723 742 3786 ζαφελῶς·
780 3719 924 3782 ἄγαν
953 3720 1210 3785 ςφοδρῶς
1253 3722 1290 3785 ἢ
1328 3721 1640 3774 έπικὸπως·
1680 3721 1831 3786 παρὰ
1866 3721 1936 3773 τὸ
1972 3723 2037 3774 ζα
2073 3723 2163 3774 καὶ
2200 3721 2269 3773 τὸ
2307 3721 2540 3785 ὁφέλλω
2585 3720 2655 3772 τὸ
2690 3721 2844 3773 αὔξω
2891 3718 3036 3783 γίνε-

454 3805 546 3842 ται
580 3789 858 3853 ζαόφελος
895 3789 985 3840 καὶ
1022 3792 1271 3854 ςυγκοπῇ
1308 3788 1564 3854 ζάφελος.
1602 3789 1957 3855 Ἡρωδιανὸς.
2028 3790 2152 3841 ΑΙὶο
2190 3806 2401 3841 canone
2438 3789 2602 3840 fulcit
2635 3790 2839 3843 Herod.
2876 3791 2934 3839 in
2970 3790 3038 3844 ΙΙ.

454 3861 545 3910 Pr.
590 3858 603 3911 Ι
651 3860 750 3909 516
794 3864 1081 3908 accentum
1130 3874 1244 3908 voc.
1291 3856 1548 3921 Ζάφελος.
1618 3857 1999 3920 ἐπιζαφελῶςε
2056 3858 2255 3923 ἐχρῆν,
2312 3857 2435 3909 ἐπεὶ
2482 3857 2634 3923 παρὰ
2676 3856 2746 3908 τὸ
2791 3856 3034 3921 Ζάφελος

455 3926 685 3991 γέγονε,
723 3926 814 3978 καὶ
849 3924 1110 3990 ζαφέλως
1147 3923 1293 3988 ἡμᾶς
1329 3924 1710 3989 ἀνεγνωκέναι
1748 3927 2099 3991 βαρυτόνως,
2138 3926 2173 3990 ἢ
2212 3926 2301 3978 καὶ
2337 3924 2520 3977 ἐκεῖνο
2558 3924 2692 3976 κατ’
2728 3924 2863 3976 ὀξὺν
2901 3940 3036 3989 προ-

456 3995 717 4060 φέρεςθαι
753 3992 941 4045 τόνον.
1012 3992 1155 4044 ἀλλὰ
1191 3992 1409 4057 μήποτε
1446 3992 1515 4045 τὸ
1565 3994 1665 4057 μὲν
1701 3992 1944 4052 Ζάφελος
1981 3993 2469 4059 προπαροξύνεται
2505 3994 2660 4061 λόγῳ
2697 3992 2915 4060 τούτῳ,
2956 3992 3035 4043 ως

454 4080 527 4131 τὰ
564 4077 642 4131 εἰς
678 4080 745 4131 δί
783 4077 1032 4143 λήγοντα
1069 4075 1397 4141 ςυγκείμενα
1433 4077 1585 4142 παρὰ
1618 4078 1688 4129 τὸ
1722 4066 1801 4131 Zu—
1824 4078 2341 4143 προπαροξύνεται,
2378 4076 2600 4144 Ζάθεος,
2639 4076 2897 4130 Ζάκοτος·
2944 4078 3035 4128 οὕ-

455 4179 570 4216 τως
606 4154 864 4229 ζάφελος.
910 4162 980 4214 τὸ
1017 4161 1078 4214 δὲ
1112 4163 1374 4227 ζαφελῶς
1409 4165 1758 4227 περιςπᾶται,
1797 4162 1920 4215 ἐπεὶ
1955 4162 2027 4214 τὰ
2063 4162 2150 4215 διὰ
2185 4166 2288 4214 τοῦ
2315 4165 2442 4214 λως·
2456 4162 2824 4228 ἐπιρρήματα,
2862 4177 3036 4227 παρα-

456 4233 742 4298 ληγόμενα
777 4235 862 4299 τῷ
896 4234 948 4295 “ε“,
986 4230 1064 4282 ὡς
1101 4229 1194 4282 ἐπὶ
1230 4232 1491 4282 πλεῑςτον
1528 4233 1679 4293 φιλεῖ
1716 4232 2103 4295 περιςπᾶςθαι,
2149 4230 2422 4295 ἐντελῶς,
2470 4230 2777 4295 ἐπιμελῶς,
2825 4228 2910 4282 οἷς
2947 4231 3037 4281 καὶ

455 4301 525 4352 τὸ
560 4301 821 4365 ζαφελῶς
858 4298 1177 4363 ξυνέδραμε.
1249 4298 1567 4363 πρὸςκειται
1604 4298 1683 4351 ὡς
1729 4299 1822 4351 ἐπὶ
1857 4299 1927 4350 τὸ
1965 4300 2228 4350 πλεῑςτον
2270 4299 2360 4350 διὰ
2393 4298 2463 4349 τὸ
2501 4298 2890 4364 εὐτραπέλως,
2931 4297 3036 4350 ἰκέ-

457 4370 587 4421 λως.
610 4397 678 4405 —-
700 4368 770 4420 τὸ
808 4368 869 4420 δὲ
903 4367 1096 4420 δέελος
1132 4368 1250 4419 κτλ.
1288 4368 1467 4419 adieci
1504 4385 1571 4419 ex
1606 4367 1669 4418 11.
1696 4370 1784 4419 Pr.
1816 4365 1855 4418 Ι(
1880 4369 1998 4417 466.
2093 4366 2128 4417 l.
2158 4370 2220 4416 14
2257 4367 2633 4431 προςηγορικὰ
2659 4396 2723 4403 -
2750 4366 3036 4419 ἑπιθετικὰ

458 4454 649 4505 addidi
686 4471 753 4505 ex
788 4455 854 4506 11.
890 4455 982 4504 Pr.
1022 4451 1059 4505 C
1097 4456 1221 4504 580:
1258 4450 1602 4517 ἑρύγμηλον;
1643 4449 1721 4503 ὡς
1759 4449 2012 4515 βέβηλον.
2071 4448 2143 4500 τὰ
2180 4449 2285 4514 γὰρ
2320 4449 2409 4501 διὰ
2442 4453 2546 4501 τοῦ
2583 4453 2719 4516 ηλος
2757 4451 2900 4515 ὑπὲρ
2935 4450 3037 4502 δύο

458 4522 731 4586 ςυλλαβὰς
784 4521 1160 4587 προςηγορικὰ
1211 4520 1247 4584 ἢ
1302 4520 1461 4584 κύρια
1518 4518 2034 4583 προπαροξύνεςθαι
2088 4517 2262 4581 θέλει,
2321 4516 2570 4583 κάμηλος
2623 4519 2714 4570 καὶ
2768 4518 3035 4584 φάςηλος,

460 4589 812 4656 (τύμφηλος.
881 4589 953 4641 τὰ
988 4588 1179 4653 μέντοι
1216 4586 1501 4640 ἐπιθετικὰ
1538 4586 1824 4640 ὁξύνεςθαι
1863 4585 1965 4649 μὲν
2008 4584 2184 4648 θέλει,
2224 4585 2320 4637 ὅτε
2358 4587 2888 4652 παραςχηματιςμὸν
2925 4586 3038 4650 ἔχει

459 4660 734 4724 θηλυκοθ,
772 4656 1022 4723 ςιγηλὸς,
1058 4657 1140 4722 ὑψ
1182 4655 1305 4721 λὸς,
1343 4654 1660 4721 ἀπατηλὸς,
1710 4654 1784 4719 μὴ
1821 4654 2010 4707 οὕτως
2054 4654 2116 4706 δὲ
2153 4653 2356 4718 ἔχοντα
2393 4654 2745 4719 βαρύνεςθαι,
2786 4654 3035 4719 βέβηλος,

461 4724 744 4792 κίβδηλος,
791 4725 1056 4791 κάπηλος.
1139 4740 1166 4776 ε
1223 4725 1291 4789 δὴ
1330 4724 1418 4776 καὶ
1454 4723 1524 4775 τὸ
1561 4722 1874 4788 ἑρύγμηλος
1917 4722 2021 4774 οὐκ
2070 4722 2183 4786 ἔχει
2218 4722 2492 4788 θηλυκόν,
2531 4723 2705 4788 δῆλον
2742 4723 2830 4774 ὅτι
2867 4723 3037 4785 ὑγιῶς

463 4793 969 4859 βαρυτονηθήςεται
1005 4793 1095 4845 καὶ
1133 4792 1200 4843 οὐ
1236 4792 1486 4844 δεόντως
1522 4790 1666 4843 αὐτὸ
1712 4789 2044 4855 Τυραννίων
2081 4789 2285 4842 ὀξύνει·
2332 4790 2558 4854 ἐγένετο
2603 4791 2664 4842 δὲ
2703 4793 2821 4843 κτλ.
2891 4793 3038 4841 Hinc

462 4862 652 4912 addidi
688 4860 934 4927 κάμηλος
970 4890 1033 4897 -
1079 4859 1407 4926 ἐρύγμηλος.
1477 4857 1773 4925 Πάμηλος,
1820 4861 1966 4924 quod
2000 4859 2138 4912 Lob.
2175 4860 2345 4913 Proll.
2385 4865 2483 4911 110
2525 4868 2638 4911 not.
2681 4864 2739 4909 11
2787 4875 2887 4926 pro
2922 4858 3038 4912 Πά-

462 4930 628 4993 ςηλος
674 4930 1016 4982 seribendum
1062 4931 1344 4995 proponit,
1391 4929 1574 4995 recepi
1617 4945 1683 4979 ex
1719 4929 1968 4994 Theogn.
2050 4925 2293 4991 Εῠζηλος
2327 4958 2392 4964 —
2429 4928 2704 4993 Ἄρβηλος
2750 4945 2816 4979 ex
2862 4929 3040 4978 St.-B.

534 5044 913 5083 annonarum.
953 5032 995 5084 1.
2559 5013 2631 5074 ll
