3664 5546
570 434 575 442 '
666 420 787 490 110
1592 425 1673 480 ΕΚ
1711 425 1850 479 ΤΩΝ
1892 424 2297 481 ΗΡΩΔΙΑΝΟΥ

663 598 753 662 ὡς
796 597 1144 676 πυςματικὰ
1192 598 1293 660 καὶ
1336 597 1730 680 ἀναφῳικά,
1786 600 1981 662 τὰδὲ
2028 595 2201 663 οἶοτ
2248 597 2283 661 ὁ
2331 597 2559 679 μόνος,
2619 594 2714 661 ὅτι
2759 597 2834 660 τὸ
2883 599 2920 659 ὃ
2964 595 3240 662 πλεονά-

660 699 863 765 Ζειέν
908 705 984 781 τῇ
1030 697 1208 784 ἀρχῇ.
1298 700 1399 763 καὶ
1441 700 1519 762 τὰ
1563 701 1747 777 κύρια
1792 701 1861 764 δὲ
1909 698 2175 781 ὁμοίως,
2237 700 2516 782 Μοῑος,
2566 699 2798 763 Βοῖος
2856 698 3045 763 ἔθνος
3093 699 3242 762 Κελ-

659 805 1068 882 τογιαλατῶν,
1108 802 1362 864 Κοῖος.
1425 801 1607 865 Οἰός
1664 802 1735 865 δὲ
1791 800 1827 864 ὁ
1876 804 2071 879 δῆμος
2127 806 2237 880 τῆς
2285 801 2557 878 Ἀττικῆς
2603 791 2911 868 ὀξύνεται.
3000 800 3124 864 ἔςτι
3170 801 3242 863 δὲ

660 905 762 967 καὶ
805 904 993 966 πόλις
1043 903 1305 982 Κρητικὴ
1351 905 1453 967 καὶ
1497 903 1705 980 ὄνομα
1751 903 2004 981 λιμένος
2048 905 2148 966 καὶ
2195 903 2469 982 ῥεῖθρον.
2681 979 2690 989 ἱ

598 1013 632 1063 5
832 1006 926 1070 Τὰ
971 1004 1060 1068 εἰς
1102 1006 1239 1068 ἐι-οἶ
1271 1006 1613 1084 διςύλλαβα
1645 1005 1961 1069 ἐπιθετικὰ
1994 995 2362 1089 Βαρύνεται,
2411 1007 2656 1088 λεῖος,
2704 1009 2957 1088 μεῖος,
3003 984 3241 1087 θέῑος,

661 1109 970 1187 πλεῖος,
1030 1105 1276 1189 ῥεῑος,
1334 1110 1637 1188 χρεῖος,
1700 1108 1928 1172 Κεῖος
1985 1109 2086 1172 καὶ
2127 1107 2358 1171 Τεῑος
2415 1108 2483 1170 ἐκ
2528 1111 2642 1172 τοῦ
2692 1108 2870 1171 Κέϊος
2913 1108 3016 1171 καὶ
3059 1106 3242 1170 Τέίὀς

662 1209 1123 1287 ςυναιρεθέντα.
1210 1206 1285 1272 τὸ
1344 1211 1413 1273 δὲ
1469 1208 1683 1273 νειός
1741 1210 1847 1273 ἐπὶ
1901 1212 2011 1286 τῆς
2056 1209 2529 1287 ἀνανεουμένης
2586 1215 2700 1288 γῆς
2746 1210 2863 1273 οὐκ
2909 1209 3241 1288 ἀρςενικόν

661 1313 762 1376 καὶ
805 1312 1170 1389 μονογενὲς.
2556 1389 2568 1401 ἱ
3088 1302 3108 1312 ”

835 1438 871 1472 x-
900 1414 1007 1478 ’Τὰ
1037 1413 1125 1483 εἰς
1155 1413 1306 1478 ε-υδέ
1336 1414 1677 1493 διςύλλαβα
1709 1415 1893 1492 κύρια
1922 1414 2457 1497 πρδπεριςπᾶται,
2506 1417 2700 1478 Βεῦο
2719 1435 2748 1478 ς
2785 1413 3072 1498 ποταμδός
3104 1413 3241 1505 Μα-

2307 1591 2316 1601 ·
2955 1548 2978 1575 0

2303 1640 2415 1683 ενα
2452 1625 2541 1704 τῷ
2581 1623 2618 1680 ’ἲ
2671 1625 2888 1702 μακρῷ
2920 1612 3244 1697 ἀρχόμενα

2303 1715 2449 1784 ’ῑος
2497 1722 2600 1789 καὶ
2642 1714 2839 1784 Πῑοέ
2879 1719 3092 1801 ὄνομα
3135 1721 3240 1784 xtr-

2303 1822 2617 1907 ις.ὀγδόῃ
2665 1821 2749 1906 (ο.
2782 1810 2853 1903 5)
2902 1822 3084 1888 «Χῖοι
3141 1823 3244 1886 καὶ

2304 1946 2416 1989 ς».·
2479 1927 2592 1989 καὶ
2613 1914 2976 2003 ’Ἡρόδοτος
3021 1925 3243 2006 πρώτῃ

2308 2014 2724 2103 αλέγονται,».“
2795 2029 2871 2090 τό
2921 2031 2952 2088 f
3000 2021 3276 2106 μα’κρὸν,

2303 2128 2355 2213 3)
2428 2131 2530 2194 καὶ
2599 2134 2718 2194 τοῦ
2789 2129 2935 2213 Θέτι
2994 2128 3246 2193 «πάντα

2303 2230 2455 2315 ΕὈἸ).
2556 2232 2629 2296 τὸ
2687 2233 2757 2321 δε
2813 2231 3244 2309 πρωτότυπον

2342 2335 2598 2416 Γρῖος,
2643 2333 2884 2401 Φθῖος
2927 2333 3098 2411 ἥρως
3142 2333 3246 2396 καὶ

2303 2440 2451 2500 ινται
2496 2437 2598 2525 καὶ
2625 2436 2845 2530 ‘motez
2913 2434 3160 2499 Φλῑος
3203 2433 3243 2497 ὁ

2304 2538 2379 2601 τὰ
2423 2539 2539 2615 τὴν
2582 2538 2874 2621 γραφήν,
2916 2538 3083 2601 τινὲς
3128 2538 3243 2615 μὲν

2303 2661 2327 2703 ς
2373 2643 2426 2703 εἰ
2472 2640 2847 2720 διφθόγγου.
2904 2640 2980 2704 τὸ
3027 2639 3245 2717 κριός

2303 2762 2351 2807 ις
2394 2741 2611 2821 τρίχας
2656 2742 3055 2821 ςεςημείωται
3099 2741 3244 2809 ὀξυ-

2303 2850 2631 2923 περιςπῶςι
2687 2846 2849 2924 πρὸς
2907 2846 3243 2921 διαςτολὴν

873 3013 883 3021 ,
1015 3013 1054 3022 ,,
1114 3013 1124 3022 ,
1310 3013 1324 3028 ,
1679 3013 1688 3023 ,
2349 2948 2569 3025 κύριον
2616 2945 2842 3013 ὀξύνει.
2931 2946 3244 3026 γράφεται

557 3057 622 3105 :25
652 3046 731 3110 ,δὲ
777 3045 880 3107 διὰ
924 3050 1041 3109 τοῦ
1084 3049 1118 3108 ἶ
1179 3052 1270 3131 τῷ
1328 3048 1549 3112 κανόνι
1606 3054 1736 3112 τῶν
1793 3049 1898 3112 διὰ
1953 3051 2068 3111 τοῦ
2123 3052 2225 3109 ιδῖ
2281 3048 2674 3129 διςυλλάβων
2730 3048 3076 3126 ἀρςενικῶν
3139 3047 3246 3110 διὰ

600 3199 609 3210 .
658 3150 775 3211 τοῦ
830 3150 864 3208 ῖ·
906 3149 1357 3227 γραφομένων.
1413 3150 1489 3214 τὸ
1535 3151 1606 3214 δὲ
1653 3150 1764 3215 ἰός
1809 3150 1915 3214 ἐπὶ
1957 3152 2074 3212 τοῦ
2107 3151 2333 3229 βέλους
2378 3148 2508 3214 ἀπὸ
2541 3151 2919 3231 φωνήεντος
2965 3149 3239 3229 ἄρχεται.

664 3439 785 3499 124,
822 3439 855 3486 4
890 3434 1011 3489 οἶος
1059 3435 1091 3487 ὁ
1138 3435 1309 3499 μόνος
1358 3439 1692 3503 πλεοναςμῷ
1738 3441 1842 3489 τοῦ
1881 3433 1928 3489 ὅ.
1997 3436 2081 3490 ἴος
2125 3437 2231 3503 γάρ
2268 3437 2379 3491 ἐςτι
2416 3439 2448 3491 ό
2496 3438 2666 3504 μόνος
2714 3439 2877 3491 ἔνθεν
2923 3437 3019 3505 «ἰῇ
3066 3437 3125 3490 δ’
3160 3436 3245 3490 ἑνὶ

659 3503 819 3554 νυκτὶ
864 3505 1144 3566 γένοντο»
1193 3504 1256 3571 (C
1293 3506 1432 3570 251).
1504 3506 1690 3558 οὕτως
1739 3506 2081 3571 Ἡρωδιανὸς
2127 3506 2188 3558 ἐν
2238 3507 2649 3572 Ἐπιμεριςμοῖς.
2725 3512 2829 3559 Pro
2876 3506 3008 3559 Οἰός
3056 3509 3134 3557 St.
3182 3510 3245 3557 Β.

658 3572 827 3621 habet
861 3577 978 3633 487,
1017 3579 1048 3624 3
1085 3573 1225 3625 Οἶον
1262 3573 1434 3638 δῆμος
1471 3578 1572 3639 τῆς
1611 3573 1908 3626 Λεοντίδος
1956 3575 2165 3639 φυλῆς,
2213 3576 2355 3625 idem
2397 3575 2531 3628 Οἶος
2569 3575 2861 3641 πολίχνιον
2897 3574 3107 3638 Τεγέας
3153 3573 3244 3627 Αἰ-

659 3639 858 3701 (χύλοε
896 3640 1104 3692 Μυςοῑς
1141 3659 1191 3707 p.
1229 3645 1355 3705 487,
1394 3646 1424 3692 5
1468 3649 1523 3693 et
1560 3660 1608 3707 p.
1645 3646 1770 3705 449,
1811 3646 1837 3693 1
1888 3642 2024 3694 Οἶο(
2062 3641 2398 3712 πολίχνιον,
2427 3647 2521 3696 sed
2559 3645 2833 3712 Theogn.,
2875 3645 3018 3694 unde
3053 3644 3244 3693 addidi

659 3706 772 3757 ἔςτι
808 3707 870 3759 δὲ
906 3710 995 3760 καὶ
1033 3709 1195 3761 πόλις
1233 3727 1408 3776 usque
1445 3711 1515 3760 ad
1553 3711 1803 3775 ῥεῖθρον,
1852 3712 2058 3762 nullam
2095 3720 2357 3762 accentus
2395 3714 2800 3763 distinctionem
2838 3713 3105 3777 agnoscit.
3175 3713 3243 3761 In

658 3775 722 3824 11.
758 3777 844 3826 Pr.
883 3775 926 3828 Λ
962 3781 1027 3828 24
1065 3777 1197 3829 ome
1234 3785 1513 3844 oxytonon
1550 3779 1652 3828 hoe
1688 3796 1899 3829 canone
1938 3780 2281 3831 defenditur:
2320 3781 2472 3844 φιλεῖ
2509 3795 2632 3831 πως
2667 3780 2739 3831 τὰ
2776 3778 2853 3831 εἰ(
2891 3785 2952 3832 ὃς
2990 3778 3245 3844 λήγοντα

658 3842 955 3908 διςύλλαβα
992 3849 1272 3910 μονογενῆ
1311 3844 1425 3897 ἀπὸ
1461 3849 1565 3910 τῆς
1602 3851 1653 3898 οἱ
1698 3846 2008 3910 διφθόγγου
2054 3845 2335 3911 ἀρχόμενα
2373 3847 2725 3912 βαρύνεςθαι,
2774 3847 2953 3900 ὁπότε
2990 3846 3102 3912 πρὸ
3138 3849 3245 3911 τῆς

657 3915 723 3965 (ἶ
762 3913 1034 3978 ςυλλαβῆς
1071 3913 1379 3978 ςύμφωνον
1416 3913 1451 3977 ἢ
1490 3914 1763 3979 ςύμφωνα
1799 3913 2035 3979 ὑπάρχει
2071 3944 2136 3951 ——
2173 3917 2316 3981 φημὶ
2366 3916 2426 3968 δέ
2463 3917 2551 3967 διὰ
2587 3915 2655 3966 τὸ
2695 3914 2841 3967 Οἰός.
2914 3916 3100 3968 οὕτως
3136 3914 3244 3979 γὰρ

657 3980 879 4043 λέγεται
923 3982 1096 4046 δῆμος
1144 3982 1288 4046 παρ’
1327 3980 1638 4046 Ἀθηναίοις
1685 3982 1818 4034 κατ’
1854 3982 2041 4034 ὀξεῖαν
2088 3982 2243 4035 τάςιν
2293 4015 2356 4020 —
2403 3982 2527 4035 οἷον
2573 3985 2755 4047 οἶκος,
2794 3984 2978 4048 οϊτοςἺ,
3030 3983 3243 4047 οἶκτος,

656 4049 840 4114 οἶνος,
879 4049 1059 4112 οἶμος.
1197 4052 1231 4098 l.
1271 4053 1301 4098 6
1339 4050 1486 4113 ῥεῑος
1527 4057 1582 4100 et
1618 4055 1800 4116 χρεῖος
1838 4058 2192 4103 accesserunt
2230 4070 2294 4103 ex
2334 4055 2579 4118 Theogn.
2615 4055 2699 4115 48,
2740 4057 2820 4114 17,
2858 4054 2949 4104 καὶ
2988 4051 3151 4103 Τεῑος
3176 4080 3245 4086 ——

657 4116 1051 4182 ςυναιρεθέντα
1088 4134 1154 4168 ex
1190 4119 1270 4170 St.
1311 4120 1370 4171 B.
1410 4122 1528 4180 403,
1566 4123 1597 4170 5
1636 4137 1676 4170 s.
1718 4119 1841 4171 Κῶς
1879 4127 1936 4169 et
1971 4122 2088 4180 620,
2125 4123 2158 4171 4
2195 4138 2237 4170 S.
2276 4120 2450 4173 Τέως.
2625 4122 2659 4173 l.
2702 4124 2730 4170 7
2768 4119 2861 4171 ἐπὶ
2896 4123 2999 4186 τῆς
3037 4149 3101 4155 --
3139 4119 3246 4171 οὐκ

657 4204 724 4236 ex
760 4187 1005 4251 Theogn.
1045 4186 1078 4236 l.
1116 4203 1161 4235 c.
1207 4185 1275 4237 τὸ
1313 4186 1461 4237 νειός
1499 4186 1770 4240 ὀξύτονον
1816 4188 1906 4238 καί
1943 4187 2086 4238 αὐτὸ
2132 4187 2219 4239 διὰ
2263 4192 2366 4254 τῆς
2403 4194 2449 4239 ᾗ
2496 4187 2885 4253 γραφόμενον,
2936 4189 3008 4252 μὴ
3048 4188 3115 4239 ὃν
3151 4186 3246 4252 ἀρ-

657 4253 875 4306 ςενικὸν
914 4252 1051 4319 μηδὲ
1089 4253 1220 4316 ἔχον
1256 4253 1558 4319 οὐδετέρου
1596 4255 2125 4321 παραςχηματιςμὸν
2162 4256 2253 4307 ἐπὶ
2290 4259 2391 4321 τῆς
2418 4255 2836 4322 ἀνανεουμένης
2856 4259 2961 4320 γῆς
2989 4259 3245 4320 μονῆρες.

789 4324 824 4372 l.
861 4327 892 4373 9
928 4338 1191 4372 canonem
1230 4323 1296 4373 de
1334 4326 1646 4375 nominibus
1689 4329 1746 4375 in
1783 4327 1915 4376 ἐυοῖ
1959 4331 2183 4390 propter
2218 4324 2392 4376 Βεῦος
2441 4327 2521 4378 St.
2560 4327 2620 4379 Β.
2662 4328 2784 4387 166,
2822 4330 2853 4375 9
2889 4326 3040 4377 finxi.

658 4392 690 4445 l.
733 4394 796 4441 12
833 4392 905 4441 ad
941 4393 1069 4441 πῖοε
1104 4391 1294 4441 addidi
1330 4392 1420 4443 καὶ
1457 4391 1598 4445 Πῖο(
1637 4410 1702 4444 ex
1739 4394 1801 4443 Ε.
1831 4394 1903 4443 Μ.
1941 4397 2056 4456 539,
2095 4397 2175 4450 20,
2213 4395 2312 4458 Ep.
2355 4394 2441 4443 Cr.
2472 4396 2498 4444 I
2539 4397 2650 4455 107,
2688 4397 2770 4455 21,
2810 4394 2911 4442 An.
2950 4395 3122 4442 Paris.
3161 4393 3245 4442 11⁵1

652 4463 771 4522 307,
809 4460 858 4522 8,
898 4459 1143 4525 Theogn.
1182 4462 1275 4522 48,
1311 4463 1397 4512 23.
1470 4459 1599 4512 Χῖος
1637 4461 1859 4526 explevi
1906 4476 1972 4511 ex
2010 4461 2087 4511 St.
2129 4463 2188 4510 B.
2227 4466 2352 4523 693,
2393 4465 2480 4524 14,
2521 4461 2701 4524 ὄνομα
2738 4461 2923 4512 τόπου
2970 4461 3039 4511 ad
3079 4459 3244 4524 Θρῑος

654 4528 831 4578 adieci
865 4544 933 4578 ex
969 4527 1072 4578 An.
1113 4528 1214 4578 Ox.
1251 4529 1305 4578 11
1342 4531 1458 4590 377,
1496 4533 1560 4578 31
1610 4530 1689 4592 (in
1725 4532 1787 4578 Ε.
1823 4531 1899 4580 Μ.
1938 4528 1973 4577 l.
2014 4547 2059 4584 c.
2100 4528 2278 4592 ὄνομα
2316 4533 2628 4595 ποταμοῦ),
2673 4528 2826 4592 Γρῖος
2869 4546 2936 4580 ex
2974 4529 3242 4593 Theogn„

653 4598 798 4646 unde
849 4593 1000 4659 Γρίος
1046 4613 1132 4662 ap.
1180 4595 1336 4646 Suid.
1381 4597 1772 4662 corrigendum.
1855 4597 2024 4650 Φθῖος
2082 4599 2298 4663 explevi
2355 4615 2421 4647 ex
2468 4600 2533 4648 11.
2579 4599 2667 4651 Pr.
2718 4596 2760 4647 Ν
2809 4599 2908 4649 686
2954 4603 3011 4647 et
3055 4598 3133 4650 St.
3180 4598 3245 4648 B.

651 4667 769 4726 268,
809 4666 839 4712 6
877 4664 908 4714 ό
944 4663 1115 4717 Φθῖος
1153 4663 1224 4727 ῆν
1265 4663 1485 4727 Ἀχαιοῦ
1526 4670 1582 4714 et
1619 4667 1743 4721 664.
1784 4668 1807 4714 1
1850 4664 2025 4718 Φθία;
2073 4665 2143 4716 τὸ
2192 4665 2416 4716 ἐθνικὸν
2462 4665 2723 4731 Φθιώτης
2770 4666 2862 4717 καὶ
2899 4659 3248 4729 Φθῖος,’ἀφ’

637 4731 720 4782 ὀὗ
760 4731 920 4784 Φθῖοι
967 4732 1057 4782 καὶ
1094 4732 1289 4793 Φθῖες,
1328 4731 1498 4784 Φλῖος
1548 4733 1739 4782 addidi
1783 4751 1851 4783 ex
1890 4734 2085 4783 Choer.
2123 4734 2277 4787 Orth.
2316 4737 2441 4795 271,
2487 4738 2539 4796 1,
2588 4737 2647 4784 Ε.
2686 4736 2757 4784 Μ.
2796 4735 2829 4783 l.
2867 4750 2941 4791 c..
2990 4732 3142 4797 κριός
3189 4739 3249 4782 et

659 4799 819 4862 Κρῑος
855 4817 922 4850 ex
960 4803 1021 4851 E.
1059 4802 1132 4850 M.
1171 4807 1228 4850 et
1265 4801 1460 4853 (thoer.
1501 4801 1655 4853 Orth.
1696 4804 1812 4861 226,
1851 4805 1933 4852 21.
1983 4801 2052 4852 τὸ
2089 4801 2150 4852 δὲ
2189 4800 2270 4852 ἰός
2308 4803 2498 4852 addidi
2535 4803 2653 4867 ipso
2690 4804 2971 4852 indicante
3009 4800 3247 4851 Arcadio

655 4874 711 4916 et
749 4869 997 4932 Theogn.
1037 4870 1194 4930 (luce,
1233 4870 1379 4933 apud
1419 4885 1575 4933 quem
1612 4868 1837 4920 τούτοις
1876 4872 1970 4930 (sc.
1997 4868 2137 4921 Πῑος
2165 4868 2294 4920 Χῖος
2330 4869 2445 4921 δῖος
2471 4869 2637 4934 Θρῑος
2678 4870 2831 4935 Γρῑος
2858 4869 3030 4922 Φθῖος
3067 4867 3246 4934 κριός)

655 4935 850 4998 ὅμοιον
888 4934 1029 4986 κατά
1064 4951 1128 4988 τε
1163 4937 1390 5001 γραφὴν
1437 4937 1526 4987 καί
1564 4936 1770 5000 χρόνον
1812 4937 1883 4988 τὸ
1931 4936 2012 4988 ἰός
2049 4936 2323 4990 ὀξύτονον
2367 4937 2461 4989 ἐπὶ
2510 4941 2611 4990 τοῦ
2661 4938 2886 5003 βέλους,
2936 4936 2983 4988 εἰ
3028 4937 3119 4988 καὶ
3169 4939 3246 5004 μὴ
