<?xml version="1.0" encoding="UTF-8"?>
<!DOCTYPE html PUBLIC "-//W3C//DTD XHTML 1.0 Transitional//EN"
    "http://www.w3.org/TR/xhtml1/DTD/xhtml1-transitional.dtd">
<html xmlns="http://www.w3.org/1999/xhtml" xml:lang="en" lang="en">
 <head>
  <title>
</title>
<meta http-equiv="Content-Type" content="text/html;charset=utf-8" />
  <meta name='ocr-system' content='tesseract 3.04.00' />
  <meta name='ocr-capabilities' content='ocr_page ocr_carea ocr_par ocr_line ocrx_word'/>
</head>
<body>
  <div class='ocr_page' id='page_1' title='image "./grammaticigraec02unkngoog_0438.png"; bbox 0 0 3664 5546; ppageno 0'>
   <div class='ocr_carea' id='block_1_1' title="bbox 576 382 2275 447">
    <p class='ocr_par' dir='ltr' id='par_1_1' title="bbox 576 382 2275 447">
     <span class='ocr_line' id='line_1_1' title="bbox 576 382 2275 447; baseline 0.001 -9"><span class='ocrx_word' id='word_1_1' title='bbox 576 393 585 399; x_wconf 66' lang='lat'><em>⁴</em></span> <span class='ocrx_word' id='word_1_2' title='bbox 630 382 750 447; x_wconf 80' lang='grc'>192</span> <span class='ocrx_word' id='word_1_3' title='bbox 1560 384 1643 438; x_wconf 86' lang='grc' dir='ltr'>ΕΚ</span> <span class='ocrx_word' id='word_1_4' title='bbox 1679 383 1822 438; x_wconf 86' lang='grc' dir='ltr'>ΤΩΝ</span> <span class='ocrx_word' id='word_1_5' title='bbox 1866 383 2275 440; x_wconf 86' lang='grc' dir='ltr'>ΗΡΩΔΙΑΝΟΥ</span> 
     </span>
    </p>
   </div>
   <div class='ocr_carea' id='block_1_2' title="bbox 517 553 3217 3401">
    <p class='ocr_par' dir='ltr' id='par_1_2' title="bbox 619 553 3217 946">
     <span class='ocr_line' id='line_1_2' title="bbox 793 553 3214 640; baseline 0 -21"><span class='ocrx_word' id='word_1_6' title='bbox 793 554 886 619; x_wconf 86' lang='grc' dir='ltr'>Τὰ</span> <span class='ocrx_word' id='word_1_7' title='bbox 953 553 1043 620; x_wconf 87' lang='grc' dir='ltr'>εἰς</span> <span class='ocrx_word' id='word_1_8' title='bbox 1096 557 1221 632; x_wconf 58' lang='lat' dir='ltr'><em>W</em></span> <span class='ocrx_word' id='word_1_9' title='bbox 1287 554 1630 635; x_wconf 90' lang='grc' dir='ltr'>διςύλλαβα</span> <span class='ocrx_word' id='word_1_10' title='bbox 1691 556 2193 636; x_wconf 88' lang='grc' dir='ltr'>παραληγόμενα</span> <span class='ocrx_word' id='word_1_11' title='bbox 2254 561 2347 640; x_wconf 80' lang='grc' dir='ltr'>τῷ</span> <span class='ocrx_word' id='word_1_12' title='bbox 2412 557 2452 619; x_wconf 80' lang='grc' dir='ltr'>ὖ</span> <span class='ocrx_word' id='word_1_13' title='bbox 2518 557 2740 635; x_wconf 88' lang='grc' dir='ltr'>βραχεῖ</span> <span class='ocrx_word' id='word_1_14' title='bbox 2806 553 3214 638; x_wconf 82' lang='grc' dir='ltr'>βαρύνονται,</span> 
     </span>
     <span class='ocr_line' id='line_1_3' title="bbox 623 655 3214 742; baseline 0 -22"><span class='ocrx_word' id='word_1_15' title='bbox 623 655 867 735; x_wconf 79' lang='grc' dir='ltr'>(ύρος</span> <span class='ocrx_word' id='word_1_16' title='bbox 911 657 1134 722; x_wconf 89' lang='grc' dir='ltr'>κοινὸν</span> <span class='ocrx_word' id='word_1_17' title='bbox 1180 655 1391 737; x_wconf 88' lang='grc' dir='ltr'>ὄνομα</span> <span class='ocrx_word' id='word_1_18' title='bbox 1445 659 1713 723; x_wconf 86' lang='grc' dir='ltr'>πολλῶν</span> <span class='ocrx_word' id='word_1_19' title='bbox 1769 658 1994 724; x_wconf 83' lang='grc' dir='ltr'>ἐθνῶν.</span> <span class='ocrx_word' id='word_1_20' title='bbox 2083 657 2340 737; x_wconf 89' lang='grc' dir='ltr'>Τύρος</span> <span class='ocrx_word' id='word_1_21' title='bbox 2395 659 2589 735; x_wconf 87' lang='grc' dir='ltr'>νῆςος</span> <span class='ocrx_word' id='word_1_22' title='bbox 2644 657 2716 722; x_wconf 83' lang='grc' dir='ltr'>ἐν</span> <span class='ocrx_word' id='word_1_23' title='bbox 2760 655 3024 742; x_wconf 84' lang='grc' dir='ltr'>Φοινίκῃ</span> <span class='ocrx_word' id='word_1_24' title='bbox 3081 655 3214 722; x_wconf 88' lang='grc' dir='ltr'>ἀπὸ</span> 
     </span>
     <span class='ocr_line' id='line_1_4' title="bbox 622 758 3215 839; baseline 0.001 -16"><span class='ocrx_word' id='word_1_25' title='bbox 622 758 836 836; x_wconf 83' lang='grc' dir='ltr'>Τύρου</span> <span class='ocrx_word' id='word_1_26' title='bbox 890 762 1008 823; x_wconf 81' lang='grc' dir='ltr'>τοῦ</span> <span class='ocrx_word' id='word_1_27' title='bbox 1051 759 1367 825; x_wconf 88' lang='grc' dir='ltr'>Φοίνικος.</span> <span class='ocrx_word' id='word_1_28' title='bbox 1455 758 1581 824; x_wconf 87' lang='grc' dir='ltr'>ἔςτι</span> <span class='ocrx_word' id='word_1_29' title='bbox 1636 761 1739 825; x_wconf 88' lang='grc' dir='ltr'>καὶ</span> <span class='ocrx_word' id='word_1_30' title='bbox 1792 760 2002 839; x_wconf 92' lang='grc' dir='ltr'>Τύρος</span> <span class='ocrx_word' id='word_1_31' title='bbox 2056 763 2169 839; x_wconf 89' lang='grc' dir='ltr'>τῆς</span> <span class='ocrx_word' id='word_1_32' title='bbox 2227 760 2591 838; x_wconf 84' lang='grc' dir='ltr'>Λακωνικῆς</span> <span class='ocrx_word' id='word_1_33' title='bbox 2644 761 2748 825; x_wconf 81' lang='grc' dir='ltr'>καὶ</span> <span class='ocrx_word' id='word_1_34' title='bbox 2801 763 2996 839; x_wconf 89' lang='grc' dir='ltr'>νῆςος</span> <span class='ocrx_word' id='word_1_35' title='bbox 3049 759 3215 838; x_wconf 87' lang='grc' dir='ltr'>πρὸς</span> 
     </span>
     <span class='ocr_line' id='line_1_5' title="bbox 619 849 3217 946; baseline 0 -20"><span class='ocrx_word' id='word_1_36' title='bbox 619 866 696 945; x_wconf 82' lang='grc' dir='ltr'>τῇ</span> <span class='ocrx_word' id='word_1_37' title='bbox 741 861 1008 945; x_wconf 78' lang='grc' dir='ltr'>Ἐρυθρᾷ</span> <span class='ocrx_word' id='word_1_38' title='bbox 1051 861 1361 946; x_wconf 84' lang='grc' dir='ltr'>θαλάςςῃ,</span> <span class='ocrx_word' id='word_1_39' title='bbox 1407 861 1487 940; x_wconf 84' lang='grc' dir='ltr'>ἣν</span> <span class='ocrx_word' id='word_1_40' title='bbox 1519 862 1977 942; x_wconf 88' lang='grc' dir='ltr'>Ἀρτεμίδωρος</span> <span class='ocrx_word' id='word_1_41' title='bbox 2021 862 2235 928; x_wconf 89' lang='grc' dir='ltr'>Τύλον</span> <span class='ocrx_word' id='word_1_42' title='bbox 2279 863 2386 927; x_wconf 84' lang='grc' dir='ltr'>διὰ</span> <span class='ocrx_word' id='word_1_43' title='bbox 2428 865 2547 927; x_wconf 83' lang='grc' dir='ltr'>τοῦ</span> <span class='ocrx_word' id='word_1_44' title='bbox 2593 849 2630 926; x_wconf 73' lang='grc' dir='ltr'>λ</span> <span class='ocrx_word' id='word_1_45' title='bbox 2674 864 2887 945; x_wconf 86' lang='grc' dir='ltr'>καλεῖ,</span> <span class='ocrx_word' id='word_1_46' title='bbox 2940 861 3068 927; x_wconf 86' lang='grc' dir='ltr'>ἔςτι</span> <span class='ocrx_word' id='word_1_47' title='bbox 3113 861 3217 926; x_wconf 83' lang='grc' dir='ltr'>καὶ</span> 
     </span>
    </p>

    <p class='ocr_par' dir='ltr' id='par_1_3' title="bbox 561 962 3214 1457">
     <span class='ocr_line' id='line_1_6' title="bbox 561 962 3213 1044; baseline 0.002 -19"><span class='ocrx_word' id='word_1_48' title='bbox 561 975 594 1024; x_wconf 81' lang='grc'><strong>5</strong></span> <span class='ocrx_word' id='word_1_49' title='bbox 622 963 810 1027; x_wconf 88' lang='grc' dir='ltr'>πόλις</span> <span class='ocrx_word' id='word_1_50' title='bbox 853 962 1074 1029; x_wconf 84' lang='grc' dir='ltr'>Ἰνδίας</span> <span class='ocrx_word' id='word_1_51' title='bbox 1118 965 1222 1029; x_wconf 84' lang='grc' dir='ltr'>καὶ</span> <span class='ocrx_word' id='word_1_52' title='bbox 1263 963 1494 1028; x_wconf 84' lang='grc' dir='ltr'>Λυδίας</span> <span class='ocrx_word' id='word_1_53' title='bbox 1546 965 1650 1029; x_wconf 88' lang='grc' dir='ltr'>καὶ</span> <span class='ocrx_word' id='word_1_54' title='bbox 1702 965 2005 1031; x_wconf 92' lang='grc' dir='ltr'>Πιςιδίας.</span> <span class='ocrx_word' id='word_1_55' title='bbox 2075 965 2408 1044; x_wconf 84' lang='grc' dir='ltr'>Ἀρριανὸς</span> <span class='ocrx_word' id='word_1_56' title='bbox 2463 965 2535 1029; x_wconf 83' lang='grc' dir='ltr'>δὲ</span> <span class='ocrx_word' id='word_1_57' title='bbox 2590 964 2671 1029; x_wconf 87' lang='grc' dir='ltr'>τὰ</span> <span class='ocrx_word' id='word_1_58' title='bbox 2711 965 2955 1030; x_wconf 79' lang='grc' dir='ltr'>’Ἀναθα</span> <span class='ocrx_word' id='word_1_59' title='bbox 2998 963 3213 1043; x_wconf 89' lang='grc' dir='ltr'>Τύρον</span> 
     </span>
     <span class='ocr_line' id='line_1_7' title="bbox 619 1065 3214 1146; baseline 0.001 -17"><span class='ocrx_word' id='word_1_60' title='bbox 619 1067 815 1130; x_wconf 88' lang='grc' dir='ltr'>καλεῖ.</span> <span class='ocrx_word' id='word_1_61' title='bbox 906 1065 1174 1143; x_wconf 93' lang='grc' dir='ltr'>Μύρος</span> <span class='ocrx_word' id='word_1_62' title='bbox 1217 1066 1506 1145; x_wconf 87' lang='grc' dir='ltr'>ποταμὸς</span> <span class='ocrx_word' id='word_1_63' title='bbox 1549 1067 1936 1146; x_wconf 86' lang='grc' dir='ltr'>παραρρέων</span> <span class='ocrx_word' id='word_1_64' title='bbox 1984 1067 2213 1146; x_wconf 92' lang='grc' dir='ltr'>Μύραν</span> <span class='ocrx_word' id='word_1_65' title='bbox 2257 1067 2450 1132; x_wconf 90' lang='grc' dir='ltr'>πόλιν</span> <span class='ocrx_word' id='word_1_66' title='bbox 2495 1065 2534 1131; x_wconf 99' lang='lat'>6</span> <span class='ocrx_word' id='word_1_67' title='bbox 2577 1065 2683 1130; x_wconf 82' lang='grc' dir='ltr'>καὶ</span> <span class='ocrx_word' id='word_1_68' title='bbox 2727 1066 2987 1145; x_wconf 88' lang='grc' dir='ltr'>Μύρων.</span> <span class='ocrx_word' id='word_1_69' title='bbox 3042 1066 3098 1131; x_wconf 87' lang='grc' dir='ltr'>εἰ</span> <span class='ocrx_word' id='word_1_70' title='bbox 3142 1068 3214 1132; x_wconf 82' lang='grc' dir='ltr'>δὲ</span> 
     </span>
     <span class='ocr_line' id='line_1_8' title="bbox 619 1166 3213 1253; baseline 0.001 -22"><span class='ocrx_word' id='word_1_71' title='bbox 619 1166 759 1246; x_wconf 84' lang='grc' dir='ltr'>ἔχοι</span> <span class='ocrx_word' id='word_1_72' title='bbox 804 1167 1260 1251; x_wconf 83' lang='grc' dir='ltr'>ἐκτεταμένον,</span> <span class='ocrx_word' id='word_1_73' title='bbox 1304 1167 1489 1246; x_wconf 91' lang='grc' dir='ltr'>κύρια</span> <span class='ocrx_word' id='word_1_74' title='bbox 1533 1169 1647 1248; x_wconf 83' lang='grc' dir='ltr'>μὲν</span> <span class='ocrx_word' id='word_1_75' title='bbox 1694 1167 1856 1235; x_wconf 91' lang='grc' dir='ltr'>ὄντα</span> <span class='ocrx_word' id='word_1_76' title='bbox 1901 1170 2270 1253; x_wconf 87' lang='grc' dir='ltr'>βαρύνεται,</span> <span class='ocrx_word' id='word_1_77' title='bbox 2320 1169 2598 1252; x_wconf 82' lang='grc' dir='ltr'>Κῦρος,</span> <span class='ocrx_word' id='word_1_78' title='bbox 2645 1168 2967 1252; x_wconf 82' lang='grc' dir='ltr'>(κῦρος,</span> <span class='ocrx_word' id='word_1_79' title='bbox 3015 1169 3059 1249; x_wconf 82' lang='grc' dir='ltr'>ἡ</span> <span class='ocrx_word' id='word_1_80' title='bbox 3103 1172 3213 1248; x_wconf 91' lang='grc' dir='ltr'>νῆ-</span> 
     </span>
     <span class='ocr_line' id='line_1_9' title="bbox 621 1268 3213 1356; baseline 0.001 -23"><span class='ocrx_word' id='word_1_81' title='bbox 621 1289 761 1352; x_wconf 90' lang='grc' dir='ltr'>ςος,</span> <span class='ocrx_word' id='word_1_82' title='bbox 816 1269 964 1348; x_wconf 82' lang='grc' dir='ltr'>περὶ</span> <span class='ocrx_word' id='word_1_83' title='bbox 1004 1268 1082 1348; x_wconf 83' lang='grc' dir='ltr'>ἧς</span> <span class='ocrx_word' id='word_1_84' title='bbox 1127 1270 1443 1336; x_wconf 85' lang='grc' dir='ltr'>Νικόλαος</span> <span class='ocrx_word' id='word_1_85' title='bbox 1489 1270 1559 1336; x_wconf 83' lang='grc' dir='ltr'>ἐν</span> <span class='ocrx_word' id='word_1_86' title='bbox 1615 1271 1886 1355; x_wconf 85' lang='grc' dir='ltr'>πέμπτῳ</span> <span class='ocrx_word' id='word_1_87' title='bbox 1933 1271 2218 1350; x_wconf 79' lang='grc' dir='ltr'>«(κΰρον</span> <span class='ocrx_word' id='word_1_88' title='bbox 2265 1272 2336 1336; x_wconf 76' lang='grc' dir='ltr'>δὲ</span> <span class='ocrx_word' id='word_1_89' title='bbox 2380 1273 2457 1336; x_wconf 89' lang='grc' dir='ltr'>τὸ</span> <span class='ocrx_word' id='word_1_90' title='bbox 2503 1272 2618 1351; x_wconf 76' lang='grc' dir='ltr'>μὲν</span> <span class='ocrx_word' id='word_1_91' title='bbox 2672 1272 2952 1337; x_wconf 87' lang='grc' dir='ltr'>παλαιὸν</span> <span class='ocrx_word' id='word_1_92' title='bbox 2998 1272 3213 1356; x_wconf 82' lang='grc' dir='ltr'>ᾤκουν</span> 
     </span>
     <span class='ocr_line' id='line_1_10' title="bbox 618 1371 3211 1457; baseline 0.002 -22"><span class='ocrx_word' id='word_1_93' title='bbox 618 1371 940 1448; x_wconf 87' lang='grc' dir='ltr'>Πελαςγοί</span> <span class='ocrx_word' id='word_1_94' title='bbox 984 1392 1053 1437; x_wconf 89' lang='grc' dir='ltr'>τε</span> <span class='ocrx_word' id='word_1_95' title='bbox 1096 1371 1201 1437; x_wconf 86' lang='grc' dir='ltr'>καὶ</span> <span class='ocrx_word' id='word_1_96' title='bbox 1247 1372 1501 1451; x_wconf 79' lang='grc' dir='ltr'>Κᾶρες».</span> <span class='ocrx_word' id='word_1_97' title='bbox 1569 1371 1914 1457; x_wconf 79' lang='grc' dir='ltr'>(φῦρος,</span> <span class='ocrx_word' id='word_1_98' title='bbox 1960 1373 2201 1453; x_wconf 85' lang='grc' dir='ltr'>(ῦρος</span> <span class='ocrx_word' id='word_1_99' title='bbox 2244 1377 2437 1453; x_wconf 85' lang='grc' dir='ltr'>νῆςος</span> <span class='ocrx_word' id='word_1_100' title='bbox 2468 1373 2741 1456; x_wconf 85' lang='grc' dir='ltr'>Ἰωνική,</span> <span class='ocrx_word' id='word_1_101' title='bbox 2790 1373 2879 1439; x_wconf 82' lang='grc' dir='ltr'>ῶς</span> <span class='ocrx_word' id='word_1_102' title='bbox 2913 1372 3211 1455; x_wconf 83' lang='grc' dir='ltr'>(τράβων</span> 
     </span>
    </p>

    <p class='ocr_par' dir='ltr' id='par_1_4' title="bbox 524 1472 3213 1758">
     <span class='ocr_line' id='line_1_11' title="bbox 524 1472 3213 1560; baseline 0.002 -26"><span class='ocrx_word' id='word_1_103' title='bbox 524 1481 587 1532; x_wconf 88' lang='grc'>10</span> <span class='ocrx_word' id='word_1_104' title='bbox 621 1473 851 1558; x_wconf 83' lang='grc' dir='ltr'>δεκάτῃ</span> <span class='ocrx_word' id='word_1_105' title='bbox 898 1474 989 1560; x_wconf 90' lang='lat' dir='ltr'><strong>(p.</strong></span> <span class='ocrx_word' id='word_1_106' title='bbox 1018 1472 1207 1559; x_wconf 87' lang='grc'>485),</span> <span class='ocrx_word' id='word_1_107' title='bbox 1251 1476 1331 1553; x_wconf 87' lang='grc' dir='ltr'>ἣν</span> <span class='ocrx_word' id='word_1_108' title='bbox 1376 1473 1415 1538; x_wconf 95' lang='lat'>6</span> <span class='ocrx_word' id='word_1_109' title='bbox 1460 1477 1726 1555; x_wconf 85' lang='grc' dir='ltr'>ποιητὴς</span> <span class='ocrx_word' id='word_1_110' title='bbox 1771 1474 2000 1555; x_wconf 84' lang='grc' dir='ltr'>(υρίην</span> <span class='ocrx_word' id='word_1_111' title='bbox 2041 1479 2223 1540; x_wconf 87' lang='grc' dir='ltr'>καλεῖ</span> <span class='ocrx_word' id='word_1_112' title='bbox 2266 1476 2337 1542; x_wconf 84' lang='grc' dir='ltr'>ἐν</span> <span class='ocrx_word' id='word_1_113' title='bbox 2379 1476 2704 1560; x_wconf 85' lang='grc' dir='ltr'>Ὀδυςςείᾳ</span> <span class='ocrx_word' id='word_1_114' title='bbox 2759 1476 2827 1558; x_wconf 95' lang='grc' dir='ltr'>(ο</span> <span class='ocrx_word' id='word_1_115' title='bbox 2867 1474 3025 1558; x_wconf 87' lang='grc'>403)</span> <span class='ocrx_word' id='word_1_116' title='bbox 3077 1476 3213 1554; x_wconf 90' lang='grc' dir='ltr'>ἥτις</span> 
     </span>
     <span class='ocr_line' id='line_1_12' title="bbox 622 1576 3212 1662; baseline 0.001 -22"><span class='ocrx_word' id='word_1_117' title='bbox 622 1576 880 1655; x_wconf 88' lang='grc' dir='ltr'>μηκύνει</span> <span class='ocrx_word' id='word_1_118' title='bbox 923 1577 1042 1655; x_wconf 86' lang='grc' dir='ltr'>τὴν</span> <span class='ocrx_word' id='word_1_119' title='bbox 1087 1577 1367 1657; x_wconf 86' lang='grc' dir='ltr'>πρώτην.</span> <span class='ocrx_word' id='word_1_120' title='bbox 1454 1577 1536 1657; x_wconf 87' lang='grc' dir='ltr'>μὴ</span> <span class='ocrx_word' id='word_1_121' title='bbox 1582 1576 1754 1642; x_wconf 84' lang='grc' dir='ltr'>οὕτω</span> <span class='ocrx_word' id='word_1_122' title='bbox 1799 1578 1904 1661; x_wconf 90' lang='grc' dir='ltr'>δέ,</span> <span class='ocrx_word' id='word_1_123' title='bbox 1950 1577 2272 1662; x_wconf 86' lang='grc' dir='ltr'>ὀξύνεται,</span> <span class='ocrx_word' id='word_1_124' title='bbox 2318 1578 2569 1657; x_wconf 86' lang='grc' dir='ltr'>πυρός</span> <span class='ocrx_word' id='word_1_125' title='bbox 2614 1577 2653 1642; x_wconf 94' lang='lat'>6</span> <span class='ocrx_word' id='word_1_126' title='bbox 2699 1580 2903 1661; x_wconf 89' lang='grc' dir='ltr'>ςῖτος,</span> <span class='ocrx_word' id='word_1_127' title='bbox 2947 1578 3212 1661; x_wconf 90' lang='grc' dir='ltr'>τυρός,</span> 
     </span>
     <span class='ocr_line' id='line_1_13' title="bbox 619 1677 869 1758; baseline -0.013 -11"><span class='ocrx_word' id='word_1_128' title='bbox 619 1677 869 1758; x_wconf 84' lang='grc' dir='ltr'>ξυρός.</span> 
     </span>
    </p>

    <p class='ocr_par' dir='ltr' id='par_1_5' title="bbox 620 1780 3211 1970">
     <span class='ocr_line' id='line_1_14' title="bbox 790 1780 3211 1867; baseline 0 -21"><span class='ocrx_word' id='word_1_129' title='bbox 790 1780 884 1846; x_wconf 87' lang='grc' dir='ltr'>Τὰ</span> <span class='ocrx_word' id='word_1_130' title='bbox 948 1780 1038 1846; x_wconf 87' lang='grc' dir='ltr'>εἰς</span> <span class='ocrx_word' id='word_1_131' title='bbox 1081 1801 1197 1860; x_wconf 95' lang='grc' dir='ltr'>ρος</span> <span class='ocrx_word' id='word_1_132' title='bbox 1254 1784 1575 1861; x_wconf 86' lang='grc' dir='ltr'>μονογενῆ</span> <span class='ocrx_word' id='word_1_133' title='bbox 1632 1780 1976 1862; x_wconf 88' lang='grc' dir='ltr'>διςύλλαβα</span> <span class='ocrx_word' id='word_1_134' title='bbox 2028 1783 2528 1864; x_wconf 86' lang='grc' dir='ltr'>παραληγόμενα</span> <span class='ocrx_word' id='word_1_135' title='bbox 2581 1789 2674 1867; x_wconf 83' lang='grc' dir='ltr'>τῷ</span> <span class='ocrx_word' id='word_1_136' title='bbox 2740 1804 2794 1846; x_wconf 94' lang='grc' dir='ltr'>ω</span> <span class='ocrx_word' id='word_1_137' title='bbox 2852 1782 3211 1866; x_wconf 88' lang='grc' dir='ltr'>βαρύνεται,</span> 
     </span>
     <span class='ocr_line' id='line_1_15' title="bbox 620 1882 3211 1970; baseline 0.002 -24"><span class='ocrx_word' id='word_1_138' title='bbox 620 1883 902 1961; x_wconf 91' lang='grc' dir='ltr'>Δῶρος</span> <span class='ocrx_word' id='word_1_139' title='bbox 958 1882 997 1946; x_wconf 91' lang='lat'>6</span> <span class='ocrx_word' id='word_1_140' title='bbox 1040 1884 1352 1962; x_wconf 86' lang='grc' dir='ltr'>Ἕλληνος</span> <span class='ocrx_word' id='word_1_141' title='bbox 1405 1884 1509 1948; x_wconf 87' lang='grc' dir='ltr'>καὶ</span> <span class='ocrx_word' id='word_1_142' title='bbox 1563 1883 1749 1948; x_wconf 90' lang='grc' dir='ltr'>πόλις</span> <span class='ocrx_word' id='word_1_143' title='bbox 1805 1882 2119 1963; x_wconf 87' lang='grc' dir='ltr'>Φοινίκης.</span> <span class='ocrx_word' id='word_1_144' title='bbox 2207 1883 2531 1951; x_wconf 85' lang='grc' dir='ltr'>Ἑκαταῖος</span> <span class='ocrx_word' id='word_1_145' title='bbox 2575 1883 2745 1970; x_wconf 84' lang='grc' dir='ltr'>Ἀςίᾳ</span> <span class='ocrx_word' id='word_1_146' title='bbox 2803 1886 2999 1964; x_wconf 82' lang='grc' dir='ltr'>«μετὰ</span> <span class='ocrx_word' id='word_1_147' title='bbox 3055 1885 3126 1950; x_wconf 76' lang='grc' dir='ltr'>δὲ</span> <span class='ocrx_word' id='word_1_148' title='bbox 3170 1885 3211 1964; x_wconf 87' lang='grc' dir='ltr'>ἡ</span> 
     </span>
    </p>

    <p class='ocr_par' dir='ltr' id='par_1_6' title="bbox 521 1985 3216 2481">
     <span class='ocr_line' id='line_1_16' title="bbox 521 1985 3213 2069; baseline 0.001 -20"><span class='ocrx_word' id='word_1_149' title='bbox 521 1995 584 2045; x_wconf 85' lang='grc'>15</span> <span class='ocrx_word' id='word_1_150' title='bbox 619 1985 818 2050; x_wconf 90' lang='grc' dir='ltr'>πάλαι</span> <span class='ocrx_word' id='word_1_151' title='bbox 860 1985 1130 2069; x_wconf 93' lang='grc' dir='ltr'>Δῶρος,</span> <span class='ocrx_word' id='word_1_152' title='bbox 1185 1988 1305 2051; x_wconf 81' lang='grc' dir='ltr'>νῦν</span> <span class='ocrx_word' id='word_1_153' title='bbox 1351 1986 1422 2050; x_wconf 76' lang='grc' dir='ltr'>δὲ</span> <span class='ocrx_word' id='word_1_154' title='bbox 1465 1985 1672 2065; x_wconf 86' lang='grc' dir='ltr'>Δῶρα</span> <span class='ocrx_word' id='word_1_155' title='bbox 1714 1988 2058 2051; x_wconf 78' lang='grc' dir='ltr'>καλεῖται».</span> <span class='ocrx_word' id='word_1_156' title='bbox 2129 1986 2430 2068; x_wconf 86' lang='grc' dir='ltr'>Ἰώςηπος</span> <span class='ocrx_word' id='word_1_157' title='bbox 2484 1986 2556 2052; x_wconf 82' lang='grc' dir='ltr'>ἐν</span> <span class='ocrx_word' id='word_1_158' title='bbox 2613 1987 2669 2059; x_wconf 67' lang='grc' dir='ltr'>ς’</span> <span class='ocrx_word' id='word_1_159' title='bbox 2711 1990 2825 2065; x_wconf 83' lang='grc' dir='ltr'>τῆς</span> <span class='ocrx_word' id='word_1_160' title='bbox 2867 1987 3213 2065; x_wconf 86' lang='grc' dir='ltr'>Ἰουδαϊκῆς</span> 
     </span>
     <span class='ocr_line' id='line_1_17' title="bbox 618 2084 3215 2183; baseline 0.001 -32"><span class='ocrx_word' id='word_1_161' title='bbox 618 2085 895 2165; x_wconf 82' lang='grc' dir='ltr'>ἱςτορίας</span> <span class='ocrx_word' id='word_1_162' title='bbox 940 2084 1145 2152; x_wconf 80' lang='grc' dir='ltr'>«εἶναί</span> <span class='ocrx_word' id='word_1_163' title='bbox 1186 2108 1245 2151; x_wconf 89' lang='grc' dir='ltr'>τι</span> <span class='ocrx_word' id='word_1_164' title='bbox 1289 2087 1558 2163; x_wconf 89' lang='grc' dir='ltr'>γύναιον</span> <span class='ocrx_word' id='word_1_165' title='bbox 1604 2087 1675 2154; x_wconf 84' lang='grc' dir='ltr'>ἐν</span> <span class='ocrx_word' id='word_1_166' title='bbox 1719 2088 1908 2153; x_wconf 89' lang='grc' dir='ltr'>πόλει</span> <span class='ocrx_word' id='word_1_167' title='bbox 1937 2088 2198 2174; x_wconf 83' lang='grc' dir='ltr'>Δώρῳ»</span> <span class='ocrx_word' id='word_1_168' title='bbox 2230 2090 2333 2155; x_wconf 84' lang='grc' dir='ltr'>καὶ</span> <span class='ocrx_word' id='word_1_169' title='bbox 2375 2089 2570 2155; x_wconf 91' lang='grc' dir='ltr'>πάλιν</span> <span class='ocrx_word' id='word_1_170' title='bbox 2618 2088 2768 2154; x_wconf 85' lang='grc' dir='ltr'>«ὅτε</span> <span class='ocrx_word' id='word_1_171' title='bbox 2811 2088 3079 2183; x_wconf 69' lang='grc' dir='ltr'>ἤνεγκεν</span> <span class='ocrx_word' id='word_1_172' title='bbox 3125 2088 3215 2154; x_wconf 84' lang='grc' dir='ltr'>εἰς</span> 
     </span>
     <span class='ocr_line' id='line_1_18' title="bbox 619 2189 3212 2270; baseline 0 -16"><span class='ocrx_word' id='word_1_173' title='bbox 619 2190 735 2268; x_wconf 87' lang='grc' dir='ltr'>τὴν</span> <span class='ocrx_word' id='word_1_174' title='bbox 779 2190 1082 2267; x_wconf 77' lang='grc' dir='ltr'>Δῶρον».</span> <span class='ocrx_word' id='word_1_175' title='bbox 1170 2189 1665 2269; x_wconf 92' lang='grc' dir='ltr'>Ἀπολλόδωρος</span> <span class='ocrx_word' id='word_1_176' title='bbox 1710 2190 1781 2255; x_wconf 84' lang='grc' dir='ltr'>ἐν</span> <span class='ocrx_word' id='word_1_177' title='bbox 1825 2195 2145 2269; x_wconf 85' lang='grc' dir='ltr'>χρονικῶν</span> <span class='ocrx_word' id='word_1_178' title='bbox 2189 2189 2247 2255; x_wconf 91' lang='grc' dir='ltr'>δ’</span> <span class='ocrx_word' id='word_1_179' title='bbox 2293 2191 2421 2257; x_wconf 83' lang='grc' dir='ltr'>«εἰς</span> <span class='ocrx_word' id='word_1_180' title='bbox 2462 2192 2706 2270; x_wconf 90' lang='grc' dir='ltr'>Δῶρον</span> <span class='ocrx_word' id='word_1_181' title='bbox 2751 2189 2952 2257; x_wconf 83' lang='grc' dir='ltr'>οὗςαν</span> <span class='ocrx_word' id='word_1_182' title='bbox 2997 2190 3212 2257; x_wconf 81' lang='grc' dir='ltr'>ἐπιθα-</span> 
     </span>
     <span class='ocr_line' id='line_1_19' title="bbox 622 2290 3213 2377; baseline 0.001 -21"><span class='ocrx_word' id='word_1_183' title='bbox 622 2290 879 2356; x_wconf 87' lang='grc' dir='ltr'>λάττιον</span> <span class='ocrx_word' id='word_1_184' title='bbox 922 2290 1175 2356; x_wconf 76' lang='grc' dir='ltr'>πόλιν».</span> <span class='ocrx_word' id='word_1_185' title='bbox 1242 2291 1345 2356; x_wconf 85' lang='grc' dir='ltr'>καὶ</span> <span class='ocrx_word' id='word_1_186' title='bbox 1372 2291 1789 2371; x_wconf 86' lang='grc' dir='ltr'>Ἀλέξανδρος</span> <span class='ocrx_word' id='word_1_187' title='bbox 1834 2293 1906 2358; x_wconf 83' lang='grc' dir='ltr'>ἐν</span> <span class='ocrx_word' id='word_1_188' title='bbox 1950 2292 2118 2377; x_wconf 88' lang='grc' dir='ltr'>Ἀςίᾳ</span> <span class='ocrx_word' id='word_1_189' title='bbox 2165 2293 2443 2372; x_wconf 84' lang='grc' dir='ltr'>«Δῶρος</span> <span class='ocrx_word' id='word_1_190' title='bbox 2487 2293 2555 2358; x_wconf 78' lang='grc' dir='ltr'>τ’</span> <span class='ocrx_word' id='word_1_191' title='bbox 2585 2292 2891 2372; x_wconf 86' lang='grc' dir='ltr'>ἀγχίαλός</span> <span class='ocrx_word' id='word_1_192' title='bbox 2934 2293 2999 2358; x_wconf 75' lang='grc' dir='ltr'>τ’</span> <span class='ocrx_word' id='word_1_193' title='bbox 3041 2293 3213 2373; x_wconf 85' lang='grc' dir='ltr'>Ἰόπη</span> 
     </span>
     <span class='ocr_line' id='line_1_20' title="bbox 619 2392 3216 2481; baseline 0.002 -25"><span class='ocrx_word' id='word_1_194' title='bbox 619 2392 996 2472; x_wconf 91' lang='grc' dir='ltr'>προύχουςα</span> <span class='ocrx_word' id='word_1_195' title='bbox 1050 2393 1361 2472; x_wconf 82' lang='grc' dir='ltr'>θαλάςςης</span> <span class='ocrx_word' id='word_1_196' title='bbox 1375 2419 1420 2458; x_wconf 83' lang='grc'>».</span> <span class='ocrx_word' id='word_1_197' title='bbox 1508 2395 1612 2459; x_wconf 87' lang='grc' dir='ltr'>καὶ</span> <span class='ocrx_word' id='word_1_198' title='bbox 1668 2394 1882 2472; x_wconf 88' lang='grc' dir='ltr'>Χάραξ</span> <span class='ocrx_word' id='word_1_199' title='bbox 1937 2394 2020 2458; x_wconf 91' lang='grc' dir='ltr'>ια’</span> <span class='ocrx_word' id='word_1_200' title='bbox 2065 2394 2380 2476; x_wconf 79' lang='grc' dir='ltr'>«Τρύφων</span> <span class='ocrx_word' id='word_1_201' title='bbox 2435 2396 2506 2460; x_wconf 83' lang='grc' dir='ltr'>ἐν</span> <span class='ocrx_word' id='word_1_202' title='bbox 2556 2395 2777 2481; x_wconf 84' lang='grc' dir='ltr'>Δώρῳ</span> <span class='ocrx_word' id='word_1_203' title='bbox 2829 2399 2943 2474; x_wconf 89' lang='grc' dir='ltr'>τῆς</span> <span class='ocrx_word' id='word_1_204' title='bbox 2997 2396 3216 2475; x_wconf 86' lang='grc' dir='ltr'>κοίλης</span> 
     </span>
    </p>

    <p class='ocr_par' dir='ltr' id='par_1_7' title="bbox 518 2493 3214 2988">
     <span class='ocr_line' id='line_1_21' title="bbox 518 2493 3214 2578; baseline 0.003 -24"><span class='ocrx_word' id='word_1_205' title='bbox 518 2505 586 2555; x_wconf 79' lang='lat'>‘20</span> <span class='ocrx_word' id='word_1_206' title='bbox 622 2493 846 2574; x_wconf 84' lang='grc' dir='ltr'>(υρίας</span> <span class='ocrx_word' id='word_1_207' title='bbox 910 2495 1097 2561; x_wconf 92' lang='grc' dir='ltr'>πόλει</span> <span class='ocrx_word' id='word_1_208' title='bbox 1165 2496 1717 2575; x_wconf 88' lang='grc' dir='ltr'>πολιορκούμενος</span> <span class='ocrx_word' id='word_1_209' title='bbox 1785 2496 1907 2561; x_wconf 86' lang='grc' dir='ltr'>ὑπ’</span> <span class='ocrx_word' id='word_1_210' title='bbox 1960 2497 2293 2576; x_wconf 83' lang='grc' dir='ltr'>Ἀντιόχου</span> <span class='ocrx_word' id='word_1_211' title='bbox 2359 2497 2604 2578; x_wconf 83' lang='grc' dir='ltr'>ἔφυγεν</span> <span class='ocrx_word' id='word_1_212' title='bbox 2659 2497 2748 2562; x_wconf 90' lang='grc' dir='ltr'>εἰς</span> <span class='ocrx_word' id='word_1_213' title='bbox 2800 2498 3214 2578; x_wconf 75' lang='grc' dir='ltr'>Πτολεμαΐδα</span> 
     </span>
     <span class='ocr_line' id='line_1_22' title="bbox 620 2598 3213 2682; baseline 0 -19"><span class='ocrx_word' id='word_1_214' title='bbox 620 2599 736 2677; x_wconf 90' lang='grc' dir='ltr'>τὴν</span> <span class='ocrx_word' id='word_1_215' title='bbox 779 2599 974 2678; x_wconf 86' lang='grc' dir='ltr'>Ἄκην</span> <span class='ocrx_word' id='word_1_216' title='bbox 1020 2599 1432 2678; x_wconf 81' lang='grc' dir='ltr'>λεγομένην».</span> <span class='ocrx_word' id='word_1_217' title='bbox 1499 2598 1627 2664; x_wconf 87' lang='grc' dir='ltr'>ἔςτι</span> <span class='ocrx_word' id='word_1_218' title='bbox 1672 2598 1774 2663; x_wconf 83' lang='grc' dir='ltr'>καὶ</span> <span class='ocrx_word' id='word_1_219' title='bbox 1822 2598 2050 2677; x_wconf 86' lang='grc' dir='ltr'>Καρίας</span> <span class='ocrx_word' id='word_1_220' title='bbox 2094 2599 2333 2678; x_wconf 89' lang='grc' dir='ltr'>Δῶρος</span> <span class='ocrx_word' id='word_1_221' title='bbox 2376 2599 2595 2682; x_wconf 92' lang='grc' dir='ltr'>πόλις,</span> <span class='ocrx_word' id='word_1_222' title='bbox 2638 2601 2719 2677; x_wconf 84' lang='grc' dir='ltr'>ἣν</span> <span class='ocrx_word' id='word_1_223' title='bbox 2765 2599 3213 2677; x_wconf 85' lang='grc' dir='ltr'>ςυγκαταλέγει</span> 
     </span>
     <span class='ocr_line' id='line_1_23' title="bbox 619 2700 3212 2788; baseline 0.001 -24"><span class='ocrx_word' id='word_1_224' title='bbox 619 2703 759 2765; x_wconf 88' lang='grc' dir='ltr'>ταῖς</span> <span class='ocrx_word' id='word_1_225' title='bbox 791 2700 1053 2765; x_wconf 89' lang='grc' dir='ltr'>πόλεςιν</span> <span class='ocrx_word' id='word_1_226' title='bbox 1090 2704 1230 2765; x_wconf 88' lang='grc' dir='ltr'>ταῖς</span> <span class='ocrx_word' id='word_1_227' title='bbox 1264 2701 1555 2781; x_wconf 86' lang='grc' dir='ltr'>Καρικαῑς</span> <span class='ocrx_word' id='word_1_228' title='bbox 1589 2700 1907 2780; x_wconf 85' lang='grc' dir='ltr'>Κρατερὸς</span> <span class='ocrx_word' id='word_1_229' title='bbox 1941 2701 2012 2765; x_wconf 85' lang='grc' dir='ltr'>ἑν</span> <span class='ocrx_word' id='word_1_230' title='bbox 2052 2707 2144 2787; x_wconf 83' lang='grc' dir='ltr'>τῷ</span> <span class='ocrx_word' id='word_1_231' title='bbox 2176 2702 2326 2781; x_wconf 81' lang='grc' dir='ltr'>περὶ</span> <span class='ocrx_word' id='word_1_232' title='bbox 2357 2700 2786 2783; x_wconf 88' lang='grc' dir='ltr'>ψηφιςμάτων</span> <span class='ocrx_word' id='word_1_233' title='bbox 2820 2701 3012 2788; x_wconf 89' lang='grc' dir='ltr'>τρίτῳ</span> <span class='ocrx_word' id='word_1_234' title='bbox 3049 2702 3212 2766; x_wconf 80' lang='grc' dir='ltr'>«Κα-</span> 
     </span>
     <span class='ocr_line' id='line_1_24' title="bbox 621 2802 3211 2889; baseline 0.002 -23"><span class='ocrx_word' id='word_1_235' title='bbox 621 2803 795 2881; x_wconf 90' lang='grc' dir='ltr'>ρικὸς</span> <span class='ocrx_word' id='word_1_236' title='bbox 826 2802 1067 2884; x_wconf 85' lang='grc' dir='ltr'>φόρος·</span> <span class='ocrx_word' id='word_1_237' title='bbox 1100 2804 1369 2887; x_wconf 91' lang='grc' dir='ltr'>Δῶρος,</span> <span class='ocrx_word' id='word_1_238' title='bbox 1391 2804 1793 2883; x_wconf 66' lang='grc' dir='ltr'>Φαςηλῖται».</span> <span class='ocrx_word' id='word_1_239' title='bbox 1854 2806 2131 2883; x_wconf 91' lang='grc' dir='ltr'>Βῶρος.</span> <span class='ocrx_word' id='word_1_240' title='bbox 2180 2805 2350 2869; x_wconf 91' lang='grc' dir='ltr'>Χλῶ</span> <span class='ocrx_word' id='word_1_241' title='bbox 2363 2825 2501 2883; x_wconf 91' lang='grc' dir='ltr'>ρος</span> <span class='ocrx_word' id='word_1_242' title='bbox 2530 2805 2606 2869; x_wconf 87' lang='grc' dir='ltr'>τὸ</span> <span class='ocrx_word' id='word_1_243' title='bbox 2635 2804 2889 2889; x_wconf 91' lang='grc' dir='ltr'>κύριον,</span> <span class='ocrx_word' id='word_1_244' title='bbox 2923 2810 3211 2889; x_wconf 89' lang='grc' dir='ltr'>χῶρος,</span> 
     </span>
     <span class='ocr_line' id='line_1_25' title="bbox 619 2903 3211 2988; baseline 0 -17"><span class='ocrx_word' id='word_1_245' title='bbox 619 2906 981 2988; x_wconf 90' lang='grc' dir='ltr'>Πρῶρος,</span> <span class='ocrx_word' id='word_1_246' title='bbox 1034 2906 1315 2984; x_wconf 92' lang='grc' dir='ltr'>Πῶρος</span> <span class='ocrx_word' id='word_1_247' title='bbox 1359 2903 1570 2985; x_wconf 88' lang='grc' dir='ltr'>ὄνομα</span> <span class='ocrx_word' id='word_1_248' title='bbox 1613 2906 1851 2984; x_wconf 90' lang='grc' dir='ltr'>κύριον.</span> <span class='ocrx_word' id='word_1_249' title='bbox 1917 2905 2168 2984; x_wconf 86' lang='grc' dir='ltr'>Ὦρος.</span> <span class='ocrx_word' id='word_1_250' title='bbox 2235 2907 2638 2986; x_wconf 85' lang='grc' dir='ltr'>ςεςημείωται</span> <span class='ocrx_word' id='word_1_251' title='bbox 2694 2908 2771 2972; x_wconf 89' lang='grc' dir='ltr'>τό</span> <span class='ocrx_word' id='word_1_252' title='bbox 2834 2907 3081 2986; x_wconf 92' lang='grc' dir='ltr'>ςωρός</span> <span class='ocrx_word' id='word_1_253' title='bbox 3134 2908 3211 2972; x_wconf 87' lang='grc' dir='ltr'>τὸ</span> 
     </span>
    </p>

    <p class='ocr_par' dir='ltr' id='par_1_8' title="bbox 517 3007 3210 3291">
     <span class='ocr_line' id='line_1_26' title="bbox 517 3007 3210 3093; baseline 0.002 -25"><span class='ocrx_word' id='word_1_254' title='bbox 517 3020 584 3069; x_wconf 76' lang='lat'>25</span> <span class='ocrx_word' id='word_1_255' title='bbox 619 3010 865 3086; x_wconf 87' lang='grc' dir='ltr'>πλῆθος</span> <span class='ocrx_word' id='word_1_256' title='bbox 909 3007 980 3072; x_wconf 82' lang='grc' dir='ltr'>ἐκ</span> <span class='ocrx_word' id='word_1_257' title='bbox 1020 3010 1139 3071; x_wconf 87' lang='grc' dir='ltr'>τοῦ</span> <span class='ocrx_word' id='word_1_258' title='bbox 1185 3007 1424 3086; x_wconf 92' lang='grc' dir='ltr'>ςωρεός</span> <span class='ocrx_word' id='word_1_259' title='bbox 1469 3009 1803 3084; x_wconf 87' lang='grc' dir='ltr'>ςυγκοπέν.</span> <span class='ocrx_word' id='word_1_260' title='bbox 1890 3009 1971 3072; x_wconf 85' lang='grc' dir='ltr'>τὰ</span> <span class='ocrx_word' id='word_1_261' title='bbox 2014 3009 2234 3088; x_wconf 88' lang='grc' dir='ltr'>μέντοι</span> <span class='ocrx_word' id='word_1_262' title='bbox 2280 3008 2600 3074; x_wconf 85' lang='grc' dir='ltr'>ἑπιθετικὰ</span> <span class='ocrx_word' id='word_1_263' title='bbox 2644 3007 2968 3093; x_wconf 86' lang='grc' dir='ltr'>ὀξύνεται,</span> <span class='ocrx_word' id='word_1_264' title='bbox 3012 3012 3210 3088; x_wconf 89' lang='grc' dir='ltr'>χλω-</span> 
     </span>
     <span class='ocr_line' id='line_1_27' title="bbox 622 3108 3210 3195; baseline 0.001 -22"><span class='ocrx_word' id='word_1_265' title='bbox 622 3109 787 3191; x_wconf 93' lang='grc' dir='ltr'>ρός,</span> <span class='ocrx_word' id='word_1_266' title='bbox 835 3109 1136 3189; x_wconf 89' lang='grc' dir='ltr'>βλωρός</span> <span class='ocrx_word' id='word_1_267' title='bbox 1181 3108 1220 3172; x_wconf 90' lang='lat'>6</span> <span class='ocrx_word' id='word_1_268' title='bbox 1264 3109 1654 3193; x_wconf 83' lang='grc' dir='ltr'>ὑπόλευκος,</span> <span class='ocrx_word' id='word_1_269' title='bbox 1698 3109 1946 3188; x_wconf 88' lang='grc' dir='ltr'>Ζωρός</span> <span class='ocrx_word' id='word_1_270' title='bbox 1991 3109 2030 3174; x_wconf 95' lang='lat'>6</span> <span class='ocrx_word' id='word_1_271' title='bbox 2060 3110 2324 3194; x_wconf 90' lang='grc' dir='ltr'>θερμός,</span> <span class='ocrx_word' id='word_1_272' title='bbox 2368 3111 2671 3194; x_wconf 88' lang='grc' dir='ltr'>ψωρός,</span> <span class='ocrx_word' id='word_1_273' title='bbox 2715 3110 3013 3195; x_wconf 91' lang='grc' dir='ltr'>πωρός,</span> <span class='ocrx_word' id='word_1_274' title='bbox 3059 3133 3210 3192; x_wconf 87' lang='grc' dir='ltr'>μω-</span> 
     </span>
     <span class='ocr_line' id='line_1_28' title="bbox 621 3211 1554 3291; baseline 0.001 -16"><span class='ocrx_word' id='word_1_275' title='bbox 621 3211 755 3290; x_wconf 92' lang='grc' dir='ltr'>ρός</span> <span class='ocrx_word' id='word_1_276' title='bbox 798 3211 901 3276; x_wconf 81' lang='grc' dir='ltr'>καὶ</span> <span class='ocrx_word' id='word_1_277' title='bbox 944 3214 1201 3291; x_wconf 91' lang='grc' dir='ltr'>μῶρος</span> <span class='ocrx_word' id='word_1_278' title='bbox 1244 3211 1554 3277; x_wconf 88' lang='grc' dir='ltr'>Ἀττικῶς.</span> 
     </span>
    </p>

    <p class='ocr_par' dir='ltr' id='par_1_9' title="bbox 788 3313 3213 3401">
     <span class='ocr_line' id='line_1_29' title="bbox 788 3313 3213 3401; baseline 0.001 -23"><span class='ocrx_word' id='word_1_279' title='bbox 788 3313 885 3379; x_wconf 87' lang='grc' dir='ltr'>Τὰ</span> <span class='ocrx_word' id='word_1_280' title='bbox 929 3313 1018 3379; x_wconf 88' lang='grc' dir='ltr'>εἰς</span> <span class='ocrx_word' id='word_1_281' title='bbox 1062 3317 1177 3392; x_wconf 59' lang='grc' dir='ltr'>δοῖ</span> <span class='ocrx_word' id='word_1_282' title='bbox 1221 3313 1566 3396; x_wconf 90' lang='grc' dir='ltr'>διςύλλαβα</span> <span class='ocrx_word' id='word_1_283' title='bbox 1605 3313 2105 3395; x_wconf 87' lang='grc' dir='ltr'>παραληγόμενα</span> <span class='ocrx_word' id='word_1_284' title='bbox 2145 3321 2223 3401; x_wconf 81' lang='grc' dir='ltr'>τῇ</span> <span class='ocrx_word' id='word_1_285' title='bbox 2267 3318 2333 3381; x_wconf 64' lang='lat' dir='ltr'>ist</span> <span class='ocrx_word' id='word_1_286' title='bbox 2362 3315 2729 3401; x_wconf 85' lang='grc' dir='ltr'>διφθόγγῳ,</span> <span class='ocrx_word' id='word_1_287' title='bbox 2773 3314 2830 3382; x_wconf 84' lang='grc' dir='ltr'>εἰ</span> <span class='ocrx_word' id='word_1_288' title='bbox 2865 3317 2984 3398; x_wconf 81' lang='grc' dir='ltr'>μὲν</span> <span class='ocrx_word' id='word_1_289' title='bbox 3027 3315 3213 3397; x_wconf 89' lang='grc' dir='ltr'>κύρια</span> 
     </span>
    </p>
   </div>
   <div class='ocr_carea' id='block_1_3' title="bbox 636 3485 1023 3496">
    <p class='ocr_par' dir='ltr' id='par_1_10' title="bbox 636 3485 1023 3496">
     <span class='ocr_line' id='line_1_30' title="bbox 636 3485 1023 3496; baseline 0 2050"><span class='ocrx_word' id='word_1_290' title='bbox 636 3485 1023 3496; x_wconf 95' lang='lat' dir='ltr'> </span> 
     </span>
    </p>
   </div>
   <div class='ocr_carea' id='block_1_4' title="bbox 618 3604 3212 4968">
    <p class='ocr_par' dir='ltr' id='par_1_11' title="bbox 618 3604 3212 4423">
     <span class='ocr_line' id='line_1_31' title="bbox 619 3604 3212 3741; baseline -0 -16"><span class='ocrx_word' id='word_1_291' title='bbox 619 3604 1877 3739; x_wconf 49' lang='grc' dir='ltr'>ἓὲῗωῗὲξὶ.ἓθέᾂῗιὲἓΒὲἔᾶ“.ἷΞζῇἓ8ἑέι.</span> <span class='ocrx_word' id='word_1_292' title='bbox 1895 3605 2744 3728; x_wconf 49' lang='lat' dir='ltr'>q‘ffiaffiessffiffiffimffirssffii</span> <span class='ocrx_word' id='word_1_293' title='bbox 2769 3606 3100 3741; x_wconf 51' lang='lat'>1222‘22212‘2‘</span> <span class='ocrx_word' id='word_1_294' title='bbox 3120 3611 3212 3740; x_wconf 55' lang='grc' dir='ltr'>ἐξ</span> 
     </span>
     <span class='ocr_line' id='line_1_32' title="bbox 619 3739 3208 3809; baseline 0 -17.003"><span class='ocrx_word' id='word_1_295' title='bbox 619 3742 868 3808; x_wconf 84' lang='lat' dir='ltr'><strong>T.heogn</strong></span> <span class='ocrx_word' id='word_1_296' title='bbox 907 3742 1091 3801; x_wconf 84' lang='grc'>70,16</span> <span class='ocrx_word' id='word_1_297' title='bbox 1128 3757 1226 3807; x_wconf 90' lang='lat' dir='ltr'><strong>pro</strong></span> <span class='ocrx_word' id='word_1_298' title='bbox 1262 3739 1439 3806; x_wconf 87' lang='grc' dir='ltr'>χαίρω</span> <span class='ocrx_word' id='word_1_299' title='bbox 1476 3743 1632 3807; x_wconf 89' lang='grc' dir='ltr'>χαρῶ</span> <span class='ocrx_word' id='word_1_300' title='bbox 1670 3741 1839 3807; x_wconf 90' lang='grc' dir='ltr'>χορός</span> <span class='ocrx_word' id='word_1_301' title='bbox 1861 3746 2047 3809; x_wconf 82' lang='grc' dir='ltr'>τροπῇ</span> <span class='ocrx_word' id='word_1_302' title='bbox 2084 3745 2189 3794; x_wconf 85' lang='grc' dir='ltr'>τοθ</span> <span class='ocrx_word' id='word_1_303' title='bbox 2228 3757 2275 3793; x_wconf 94' lang='grc' dir='ltr'>ω</span> <span class='ocrx_word' id='word_1_304' title='bbox 2313 3740 2392 3795; x_wconf 84' lang='grc' dir='ltr'>εἰς</span> <span class='ocrx_word' id='word_1_305' title='bbox 2427 3746 2460 3794; x_wconf 84' lang='grc' dir='ltr'><em>ὃ</em></span> <span class='ocrx_word' id='word_1_306' title='bbox 2498 3744 2845 3795; x_wconf 80' lang='lat' dir='ltr'><strong>scribendum</strong></span> <span class='ocrx_word' id='word_1_307' title='bbox 2883 3759 3005 3795; x_wconf 78' lang='lat' dir='ltr'><strong>esee</strong></span> <span class='ocrx_word' id='word_1_308' title='bbox 3029 3740 3208 3808; x_wconf 83' lang='grc' dir='ltr'>χαίρω</span> 
     </span>
     <span class='ocr_line' id='line_1_33' title="bbox 619 3794 3211 3877; baseline 0 -16"><span class='ocrx_word' id='word_1_309' title='bbox 619 3808 791 3875; x_wconf 88' lang='grc' dir='ltr'>χαρός</span> <span class='ocrx_word' id='word_1_310' title='bbox 825 3808 993 3874; x_wconf 87' lang='grc' dir='ltr'>χορός</span> <span class='ocrx_word' id='word_1_311' title='bbox 1027 3808 1064 3874; x_wconf 83' lang='grc' dir='ltr'>ἢ</span> <span class='ocrx_word' id='word_1_312' title='bbox 1102 3807 1254 3874; x_wconf 86' lang='grc' dir='ltr'>παρὰ</span> <span class='ocrx_word' id='word_1_313' title='bbox 1288 3808 1358 3861; x_wconf 88' lang='grc' dir='ltr'>τὸ</span> <span class='ocrx_word' id='word_1_314' title='bbox 1394 3811 1564 3875; x_wconf 90' lang='grc' dir='ltr'>χωρῶ</span> <span class='ocrx_word' id='word_1_315' title='bbox 1602 3811 1786 3873; x_wconf 90' lang='grc' dir='ltr'>χῶρος</span> <span class='ocrx_word' id='word_1_316' title='bbox 1810 3810 1977 3876; x_wconf 87' lang='grc' dir='ltr'>χορός</span> <span class='ocrx_word' id='word_1_317' title='bbox 2012 3814 2198 3876; x_wconf 83' lang='grc' dir='ltr'>τροπῇ</span> <span class='ocrx_word' id='word_1_318' title='bbox 2213 3794 2338 3862; x_wconf 77' lang='grc' dir='ltr'>τοῦ</span> <span class='ocrx_word' id='word_1_319' title='bbox 2377 3827 2424 3863; x_wconf 95' lang='grc' dir='ltr'>ω</span> <span class='ocrx_word' id='word_1_320' title='bbox 2450 3808 2530 3864; x_wconf 75' lang='grc' dir='ltr'>εἰς</span> <span class='ocrx_word' id='word_1_321' title='bbox 2564 3815 2612 3863; x_wconf 82' lang='grc' dir='ltr'>ὃ.</span> <span class='ocrx_word' id='word_1_322' title='bbox 2651 3810 2841 3863; x_wconf 83' lang='grc' dir='ltr'>οὕτως</span> <span class='ocrx_word' id='word_1_323' title='bbox 2865 3809 3211 3877; x_wconf 88' lang='grc' dir='ltr'>Ἡρωδιανὸς</span> 
     </span>
     <span class='ocr_line' id='line_1_34' title="bbox 621 3876 3210 3946; baseline 0 -17"><span class='ocrx_word' id='word_1_324' title='bbox 621 3876 684 3929; x_wconf 82' lang='grc' dir='ltr'>ἐν</span> <span class='ocrx_word' id='word_1_325' title='bbox 725 3880 798 3944; x_wconf 79' lang='grc' dir='ltr'>τῇ</span> <span class='ocrx_word' id='word_1_326' title='bbox 845 3876 1106 3929; x_wconf 85' lang='grc' dir='ltr'>καθόλου.</span> <span class='ocrx_word' id='word_1_327' title='bbox 1148 3906 1217 3913; x_wconf 92' lang='grc'><strong>-</strong></span> <span class='ocrx_word' id='word_1_328' title='bbox 1259 3881 1431 3944; x_wconf 88' lang='grc' dir='ltr'>χωρῶ</span> <span class='ocrx_word' id='word_1_329' title='bbox 1477 3884 1663 3929; x_wconf 79' lang='lat' dir='ltr'><strong>autem</strong></span> <span class='ocrx_word' id='word_1_330' title='bbox 1707 3881 1888 3945; x_wconf 81' lang='lat' dir='ltr'><strong>ipsum</strong></span> <span class='ocrx_word' id='word_1_331' title='bbox 1934 3880 2286 3930; x_wconf 73' lang='lat' dir='ltr'><strong>Herodianus</strong></span> <span class='ocrx_word' id='word_1_332' title='bbox 2327 3896 2394 3931; x_wconf 90' lang='lat' dir='ltr'><strong>ex</strong></span> <span class='ocrx_word' id='word_1_333' title='bbox 2437 3882 2522 3944; x_wconf 88' lang='grc' dir='ltr'>χῶ</span> <span class='ocrx_word' id='word_1_334' title='bbox 2568 3881 2832 3945; x_wconf 81' lang='lat' dir='ltr'><strong>repetivit</strong></span> <span class='ocrx_word' id='word_1_335' title='bbox 2878 3896 2968 3946; x_wconf 80' lang='lat' dir='ltr'><strong>ap.</strong></span> <span class='ocrx_word' id='word_1_336' title='bbox 3018 3881 3098 3931; x_wconf 85' lang='lat' dir='ltr'>St.</span> <span class='ocrx_word' id='word_1_337' title='bbox 3143 3880 3210 3933; x_wconf 89' lang='lat' dir='ltr'>B.</span> 
     </span>
     <span class='ocr_line' id='line_1_35' title="bbox 620 3944 3211 4012; baseline 0 -14"><span class='ocrx_word' id='word_1_338' title='bbox 620 3949 739 4007; x_wconf 83' lang='grc'>699,</span> <span class='ocrx_word' id='word_1_339' title='bbox 776 3949 807 3998; x_wconf 91' lang='grc'>7</span> <span class='ocrx_word' id='word_1_340' title='bbox 845 3944 1002 4011; x_wconf 89' lang='grc' dir='ltr'>χώρα</span> <span class='ocrx_word' id='word_1_341' title='bbox 1036 3945 1073 4008; x_wconf 86' lang='grc' dir='ltr'>ἡ</span> <span class='ocrx_word' id='word_1_342' title='bbox 1114 3946 1308 4010; x_wconf 87' lang='grc' dir='ltr'>μερικὴ</span> <span class='ocrx_word' id='word_1_343' title='bbox 1344 3949 1417 4011; x_wconf 84' lang='grc' dir='ltr'>γῆ</span> <span class='ocrx_word' id='word_1_344' title='bbox 1454 3945 1607 4012; x_wconf 86' lang='grc' dir='ltr'>παρὰ</span> <span class='ocrx_word' id='word_1_345' title='bbox 1650 3945 1720 3998; x_wconf 87' lang='grc' dir='ltr'>τὸ</span> <span class='ocrx_word' id='word_1_346' title='bbox 1757 3948 1842 4010; x_wconf 87' lang='grc' dir='ltr'>χῶ</span> <span class='ocrx_word' id='word_1_347' title='bbox 1879 3946 2055 4012; x_wconf 80' lang='grc' dir='ltr'>ῥῆμα,</span> <span class='ocrx_word' id='word_1_348' title='bbox 2101 3945 2210 4012; x_wconf 78' lang='grc' dir='ltr'>ἀφ’</span> <span class='ocrx_word' id='word_1_349' title='bbox 2245 3946 2312 3999; x_wconf 82' lang='grc' dir='ltr'>οὗ</span> <span class='ocrx_word' id='word_1_350' title='bbox 2350 3946 2441 3999; x_wconf 77' lang='grc' dir='ltr'>καὶ</span> <span class='ocrx_word' id='word_1_351' title='bbox 2476 3946 2597 4012; x_wconf 90' lang='grc' dir='ltr'>χών</span> <span class='ocrx_word' id='word_1_352' title='bbox 2632 3946 2725 3998; x_wconf 78' lang='grc' dir='ltr'>καὶ</span> <span class='ocrx_word' id='word_1_353' title='bbox 2758 3946 2915 4012; x_wconf 88' lang='grc' dir='ltr'>χθών</span> <span class='ocrx_word' id='word_1_354' title='bbox 2952 3947 2988 4011; x_wconf 84' lang='grc' dir='ltr'><strong>ἡ</strong></span> <span class='ocrx_word' id='word_1_355' title='bbox 3025 3962 3211 4012; x_wconf 83' lang='grc' dir='ltr'>χωρη-</span> 
     </span>
     <span class='ocr_line' id='line_1_36' title="bbox 618 4012 3209 4082; baseline 0.001 -17"><span class='ocrx_word' id='word_1_356' title='bbox 618 4015 746 4080; x_wconf 88' lang='grc' dir='ltr'>τικὴ</span> <span class='ocrx_word' id='word_1_357' title='bbox 782 4016 885 4080; x_wconf 81' lang='grc' dir='ltr'>γῆ,</span> <span class='ocrx_word' id='word_1_358' title='bbox 922 4012 1032 4079; x_wconf 84' lang='grc' dir='ltr'>ἀφ’</span> <span class='ocrx_word' id='word_1_359' title='bbox 1067 4012 1135 4065; x_wconf 83' lang='grc' dir='ltr'>οὗ</span> <span class='ocrx_word' id='word_1_360' title='bbox 1173 4014 1265 4066; x_wconf 80' lang='grc' dir='ltr'>καὶ</span> <span class='ocrx_word' id='word_1_361' title='bbox 1301 4016 1500 4080; x_wconf 90' lang='grc' dir='ltr'>χῶρος.</span> <span class='ocrx_word' id='word_1_362' title='bbox 1571 4015 1728 4079; x_wconf 79' lang='lat' dir='ltr'><strong>Quae</strong></span> <span class='ocrx_word' id='word_1_363' title='bbox 1769 4016 1836 4066; x_wconf 89' lang='lat' dir='ltr'><strong>de</strong></span> <span class='ocrx_word' id='word_1_364' title='bbox 1884 4014 2049 4081; x_wconf 89' lang='grc' dir='ltr'>βορός</span> <span class='ocrx_word' id='word_1_365' title='bbox 2088 4015 2228 4079; x_wconf 82' lang='lat' dir='ltr'>dixi,</span> <span class='ocrx_word' id='word_1_366' title='bbox 2268 4016 2471 4068; x_wconf 80' lang='lat' dir='ltr'><strong>collato</strong></span> <span class='ocrx_word' id='word_1_367' title='bbox 2494 4018 2575 4070; x_wconf 91' lang='grc' dir='ltr'>Ε.</span> <span class='ocrx_word' id='word_1_368' title='bbox 2598 4016 2673 4066; x_wconf 84' lang='grc' dir='ltr'>Μ.</span> <span class='ocrx_word' id='word_1_369' title='bbox 2695 4018 2814 4080; x_wconf 79' lang='lat'>452,</span> <span class='ocrx_word' id='word_1_370' title='bbox 2851 4019 2933 4077; x_wconf 81' lang='grc'>29,</span> <span class='ocrx_word' id='word_1_371' title='bbox 2974 4022 3031 4067; x_wconf 90' lang='lat' dir='ltr'><strong>et</strong></span> <span class='ocrx_word' id='word_1_372' title='bbox 3067 4032 3209 4082; x_wconf 79' lang='lat' dir='ltr'><strong>quae</strong></span> 
     </span>
     <span class='ocr_line' id='line_1_37' title="bbox 621 4082 3207 4149; baseline 0 -16"><span class='ocrx_word' id='word_1_373' title='bbox 621 4083 689 4133; x_wconf 87' lang='lat' dir='ltr'><strong>de</strong></span> <span class='ocrx_word' id='word_1_374' title='bbox 724 4082 893 4148; x_wconf 88' lang='grc' dir='ltr'>τορός</span> <span class='ocrx_word' id='word_1_375' title='bbox 939 4084 1062 4149; x_wconf 77' lang='lat' dir='ltr'><strong>ipse</strong></span> <span class='ocrx_word' id='word_1_376' title='bbox 1109 4098 1321 4133; x_wconf 79' lang='lat' dir='ltr'><strong>canone</strong></span> <span class='ocrx_word' id='word_1_377' title='bbox 1357 4083 1583 4134; x_wconf 79' lang='lat' dir='ltr'><strong>Arcadii</strong></span> <span class='ocrx_word' id='word_1_378' title='bbox 1628 4084 1865 4133; x_wconf 80' lang='lat' dir='ltr'><strong>ducente</strong></span> <span class='ocrx_word' id='word_1_379' title='bbox 1911 4090 2249 4135; x_wconf 76' lang='lat' dir='ltr'><strong>commentus</strong></span> <span class='ocrx_word' id='word_1_380' title='bbox 2285 4100 2431 4148; x_wconf 81' lang='lat' dir='ltr'><strong>sum,</strong></span> <span class='ocrx_word' id='word_1_381' title='bbox 2478 4083 2659 4149; x_wconf 88' lang='grc' dir='ltr'>ςωρός</span> <span class='ocrx_word' id='word_1_382' title='bbox 2695 4090 2884 4135; x_wconf 79' lang='lat' dir='ltr'><strong>autem</strong></span> <span class='ocrx_word' id='word_1_383' title='bbox 2919 4086 2978 4135; x_wconf 88' lang='lat' dir='ltr'><strong>in</strong></span> <span class='ocrx_word' id='word_1_384' title='bbox 3010 4084 3078 4135; x_wconf 92' lang='lat'>11.</span> <span class='ocrx_word' id='word_1_385' title='bbox 3114 4085 3207 4137; x_wconf 89' lang='lat' dir='ltr'>Pr.</span> 
     </span>
     <span class='ocr_line' id='line_1_38' title="bbox 618 4149 3211 4218; baseline -0 -15"><span class='ocrx_word' id='word_1_386' title='bbox 618 4150 669 4203; x_wconf 80' lang='grc' dir='ltr'><strong>Ψ</strong></span> <span class='ocrx_word' id='word_1_387' title='bbox 714 4154 812 4203; x_wconf 87' lang='grc'>160</span> <span class='ocrx_word' id='word_1_388' title='bbox 859 4152 939 4202; x_wconf 80' lang='lat' dir='ltr'><strong>sic</strong></span> <span class='ocrx_word' id='word_1_389' title='bbox 984 4150 1211 4202; x_wconf 78' lang='lat' dir='ltr'><strong>deducit</strong></span> <span class='ocrx_word' id='word_1_390' title='bbox 1256 4151 1627 4203; x_wconf 77' lang='lat' dir='ltr'><strong>Herodianus:</strong></span> <span class='ocrx_word' id='word_1_391' title='bbox 1676 4149 1830 4216; x_wconf 86' lang='grc' dir='ltr'>παρὰ</span> <span class='ocrx_word' id='word_1_392' title='bbox 1864 4150 1934 4203; x_wconf 87' lang='grc' dir='ltr'>τὸ</span> <span class='ocrx_word' id='word_1_393' title='bbox 1972 4151 2205 4217; x_wconf 87' lang='grc' dir='ltr'>ςωρεύω</span> <span class='ocrx_word' id='word_1_394' title='bbox 2248 4151 2279 4204; x_wconf 97' lang='lat'>6</span> <span class='ocrx_word' id='word_1_395' title='bbox 2328 4151 2570 4218; x_wconf 88' lang='grc' dir='ltr'>ςωρεός,</span> <span class='ocrx_word' id='word_1_396' title='bbox 2616 4150 2687 4203; x_wconf 88' lang='grc' dir='ltr'>τὸ</span> <span class='ocrx_word' id='word_1_397' title='bbox 2731 4150 2794 4204; x_wconf 84' lang='grc' dir='ltr'>δὲ</span> <span class='ocrx_word' id='word_1_398' title='bbox 2840 4151 3020 4217; x_wconf 88' lang='grc' dir='ltr'>ςωρός</span> <span class='ocrx_word' id='word_1_399' title='bbox 3066 4151 3211 4203; x_wconf 87' lang='grc' dir='ltr'>κατὰ</span> 
     </span>
     <span class='ocr_line' id='line_1_39' title="bbox 620 4216 3210 4286; baseline 0 -15"><span class='ocrx_word' id='word_1_400' title='bbox 620 4219 911 4284; x_wconf 81' lang='grc' dir='ltr'>ςυγκοπὴν</span> <span class='ocrx_word' id='word_1_401' title='bbox 955 4216 1340 4286; x_wconf 79' lang='grc' dir='ltr'>ἀποτελεῖται,</span> <span class='ocrx_word' id='word_1_402' title='bbox 1388 4225 1557 4285; x_wconf 77' lang='lat' dir='ltr'><strong>atque</strong></span> <span class='ocrx_word' id='word_1_403' title='bbox 1602 4219 1889 4286; x_wconf 81' lang='lat' dir='ltr'><strong>probabile</strong></span> <span class='ocrx_word' id='word_1_404' title='bbox 1939 4226 2028 4271; x_wconf 76' lang='lat' dir='ltr'><strong>est</strong></span> <span class='ocrx_word' id='word_1_405' title='bbox 2062 4236 2184 4271; x_wconf 86' lang='lat' dir='ltr'><strong>eum</strong></span> <span class='ocrx_word' id='word_1_406' title='bbox 2228 4225 2292 4271; x_wconf 86' lang='lat' dir='ltr'>ut</span> <span class='ocrx_word' id='word_1_407' title='bbox 2334 4220 2501 4286; x_wconf 87' lang='grc' dir='ltr'>χορός</span> <span class='ocrx_word' id='word_1_408' title='bbox 2547 4237 2614 4273; x_wconf 88' lang='lat' dir='ltr'><strong>ex</strong></span> <span class='ocrx_word' id='word_1_409' title='bbox 2659 4222 2871 4286; x_wconf 89' lang='grc' dir='ltr'>χῶρος,</span> <span class='ocrx_word' id='word_1_410' title='bbox 2920 4222 3002 4271; x_wconf 84' lang='lat' dir='ltr'><strong>sic</strong></span> <span class='ocrx_word' id='word_1_411' title='bbox 3047 4220 3210 4285; x_wconf 90' lang='grc' dir='ltr'>ςορός</span> 
     </span>
     <span class='ocr_line' id='line_1_40' title="bbox 621 4258 3210 4355; baseline 0 -17"><span class='ocrx_word' id='word_1_412' title='bbox 621 4304 690 4338; x_wconf 87' lang='lat' dir='ltr'><strong>ex</strong></span> <span class='ocrx_word' id='word_1_413' title='bbox 726 4287 906 4353; x_wconf 87' lang='grc' dir='ltr'>ςωρός</span> <span class='ocrx_word' id='word_1_414' title='bbox 942 4288 1301 4355; x_wconf 79' lang='lat' dir='ltr'><strong>repetivisse,</strong></span> <span class='ocrx_word' id='word_1_415' title='bbox 1325 4258 1644 4353; x_wconf 86' lang='grc' dir='ltr'>ἀρςενικῶς</span> <span class='ocrx_word' id='word_1_416' title='bbox 1681 4293 1738 4339; x_wconf 86' lang='lat' dir='ltr'><strong>et</strong></span> <span class='ocrx_word' id='word_1_417' title='bbox 1772 4287 2036 4353; x_wconf 89' lang='grc' dir='ltr'>θηλυκῶς</span> <span class='ocrx_word' id='word_1_418' title='bbox 2072 4304 2140 4339; x_wconf 89' lang='lat' dir='ltr'><strong>ex</strong></span> <span class='ocrx_word' id='word_1_419' title='bbox 2164 4290 2411 4355; x_wconf 87' lang='lat' dir='ltr'><strong>&#39;lheogn.</strong></span> <span class='ocrx_word' id='word_1_420' title='bbox 2453 4289 2658 4340; x_wconf 77' lang='lat' dir='ltr'><strong>addidi.</strong></span> <span class='ocrx_word' id='word_1_421' title='bbox 2728 4290 2812 4340; x_wconf 87' lang='lat' dir='ltr'><strong>De</strong></span> <span class='ocrx_word' id='word_1_422' title='bbox 2847 4288 3017 4354; x_wconf 88' lang='grc' dir='ltr'>τορός</span> <span class='ocrx_word' id='word_1_423' title='bbox 3051 4291 3210 4339; x_wconf 81' lang='lat' dir='ltr'><strong>Eust.</strong></span> 
     </span>
     <span class='ocr_line' id='line_1_41' title="bbox 620 4355 2983 4423; baseline 0.001 -16"><span class='ocrx_word' id='word_1_424' title='bbox 620 4355 1069 4421; x_wconf 74' lang='grc' dir='ltr'>907,13;τόρος</span> <span class='ocrx_word' id='word_1_425' title='bbox 1106 4355 1208 4420; x_wconf 80' lang='grc' dir='ltr'>μὲν</span> <span class='ocrx_word' id='word_1_426' title='bbox 1244 4355 1542 4422; x_wconf 82' lang='grc' dir='ltr'>ἀργαλεῖον</span> <span class='ocrx_word' id='word_1_427' title='bbox 1577 4355 1910 4408; x_wconf 80' lang='grc' dir='ltr'>τεκτονικὸν</span> <span class='ocrx_word' id='word_1_428' title='bbox 1949 4355 1980 4408; x_wconf 96' lang='lat'>6</span> <span class='ocrx_word' id='word_1_429' title='bbox 2016 4357 2109 4408; x_wconf 79' lang='grc' dir='ltr'>καὶ</span> <span class='ocrx_word' id='word_1_430' title='bbox 2143 4356 2374 4423; x_wconf 88' lang='grc' dir='ltr'>τόρνος,</span> <span class='ocrx_word' id='word_1_431' title='bbox 2410 4357 2580 4423; x_wconf 89' lang='grc' dir='ltr'>τορός</span> <span class='ocrx_word' id='word_1_432' title='bbox 2616 4355 2679 4409; x_wconf 81' lang='grc' dir='ltr'>δὲ</span> <span class='ocrx_word' id='word_1_433' title='bbox 2714 4356 2747 4409; x_wconf 89' lang='lat'>6</span> <span class='ocrx_word' id='word_1_434' title='bbox 2784 4357 2983 4422; x_wconf 88' lang='grc' dir='ltr'>ςαφής.</span> 
     </span>
    </p>

    <p class='ocr_par' dir='ltr' id='par_1_12' title="bbox 618 4422 3211 4968">
     <span class='ocr_line' id='line_1_42' title="bbox 618 4422 3208 4492; baseline 0.001 -17"><span class='ocrx_word' id='word_1_435' title='bbox 618 4424 655 4478; x_wconf 91' lang='lat'>1.</span> <span class='ocrx_word' id='word_1_436' title='bbox 691 4428 723 4476; x_wconf 83' lang='lat'>2</span> <span class='ocrx_word' id='word_1_437' title='bbox 777 4422 952 4489; x_wconf 82' lang='lat' dir='ltr'>C6poc</span> <span class='ocrx_word' id='word_1_438' title='bbox 990 4430 1046 4475; x_wconf 92' lang='lat' dir='ltr'><strong>et</strong></span> <span class='ocrx_word' id='word_1_439' title='bbox 1082 4423 1265 4490; x_wconf 93' lang='grc' dir='ltr'>Τύρος</span> <span class='ocrx_word' id='word_1_440' title='bbox 1301 4441 1369 4476; x_wconf 86' lang='lat' dir='ltr'><strong>ex</strong></span> <span class='ocrx_word' id='word_1_441' title='bbox 1404 4428 1484 4477; x_wconf 85' lang='lat' dir='ltr'>St.</span> <span class='ocrx_word' id='word_1_442' title='bbox 1522 4427 1584 4477; x_wconf 92' lang='grc' dir='ltr'>Β.</span> <span class='ocrx_word' id='word_1_443' title='bbox 1622 4441 1687 4475; x_wconf 82' lang='lat' dir='ltr'><strong>ex</strong></span> <span class='ocrx_word' id='word_1_444' title='bbox 1690 4424 1867 4491; x_wconf 83' lang='lat' dir='ltr'><strong>plevi,</strong></span> <span class='ocrx_word' id='word_1_445' title='bbox 1924 4423 2117 4491; x_wconf 92' lang='grc' dir='ltr'>Μύρος</span> <span class='ocrx_word' id='word_1_446' title='bbox 2154 4442 2224 4476; x_wconf 91' lang='lat' dir='ltr'><strong>ex</strong></span> <span class='ocrx_word' id='word_1_447' title='bbox 2259 4426 2451 4477; x_wconf 86' lang='lat' dir='ltr'><strong>eodem</strong></span> <span class='ocrx_word' id='word_1_448' title='bbox 2488 4428 2746 4492; x_wconf 80' lang='lat' dir='ltr'><strong>apposui,</strong></span> <span class='ocrx_word' id='word_1_449' title='bbox 2795 4423 2974 4491; x_wconf 73' lang='lat' dir='ltr'><strong>cepoe</strong></span> <span class='ocrx_word' id='word_1_450' title='bbox 3020 4440 3089 4475; x_wconf 86' lang='lat' dir='ltr'><strong>ex</strong></span> <span class='ocrx_word' id='word_1_451' title='bbox 3126 4423 3208 4479; x_wconf 85' lang='lat' dir='ltr'>St.</span> 
     </span>
     <span class='ocr_line' id='line_1_43' title="bbox 618 4440 3210 4561; baseline 0 -16"><span class='ocrx_word' id='word_1_452' title='bbox 618 4494 684 4545; x_wconf 91' lang='grc' dir='ltr'>Β.</span> <span class='ocrx_word' id='word_1_453' title='bbox 722 4497 780 4545; x_wconf 84' lang='lat' dir='ltr'><strong>et</strong></span> <span class='ocrx_word' id='word_1_454' title='bbox 816 4508 883 4544; x_wconf 88' lang='lat' dir='ltr'><strong>ex</strong></span> <span class='ocrx_word' id='word_1_455' title='bbox 917 4494 1175 4545; x_wconf 81' lang='lat' dir='ltr'><strong>Eustath.</strong></span> <span class='ocrx_word' id='word_1_456' title='bbox 1225 4493 1298 4544; x_wconf 77' lang='lat' dir='ltr'>ad</span> <span class='ocrx_word' id='word_1_457' title='bbox 1332 4493 1560 4558; x_wconf 57' lang='lat' dir='ltr'><strong>Diony&amp;</strong></span> <span class='ocrx_word' id='word_1_458' title='bbox 1596 4440 1724 4544; x_wconf 74' lang='lat' dir='ltr'>525p</span> <span class='ocrx_word' id='word_1_459' title='bbox 1742 4511 1770 4544; x_wconf 88' lang='lat' dir='ltr'><strong>e</strong></span> <span class='ocrx_word' id='word_1_460' title='bbox 1851 4493 1979 4545; x_wconf 81' lang='lat' dir='ltr'><strong>levi.</strong></span> <span class='ocrx_word' id='word_1_461' title='bbox 2049 4493 2464 4559; x_wconf 75' lang='lat' dir='ltr'><strong>Eustath.907,</strong></span> <span class='ocrx_word' id='word_1_462' title='bbox 2504 4498 2567 4545; x_wconf 82' lang='lat'>12</span> <span class='ocrx_word' id='word_1_463' title='bbox 2613 4494 2910 4561; x_wconf 80' lang='lat' dir='ltr'><strong>distinguit</strong></span> <span class='ocrx_word' id='word_1_464' title='bbox 2955 4495 3210 4545; x_wconf 74' lang='lat' dir='ltr'><strong>substan-</strong></span> 
     </span>
     <span class='ocr_line' id='line_1_44' title="bbox 618 4511 3210 4628; baseline -0.001 -16"><span class='ocrx_word' id='word_1_465' title='bbox 618 4563 793 4614; x_wconf 81' lang='lat' dir='ltr'><strong>tivum</strong></span> <span class='ocrx_word' id='word_1_466' title='bbox 829 4563 1001 4626; x_wconf 81' lang='grc' dir='ltr'>γῦρος</span> <span class='ocrx_word' id='word_1_467' title='bbox 1038 4563 1108 4614; x_wconf 76' lang='lat' dir='ltr'>ab</span> <span class='ocrx_word' id='word_1_468' title='bbox 1145 4562 1425 4615; x_wconf 81' lang='lat' dir='ltr'><strong>adiectivo</strong></span> <span class='ocrx_word' id='word_1_469' title='bbox 1458 4559 1657 4626; x_wconf 78' lang='grc' dir='ltr'>γυρός,</span> <span class='ocrx_word' id='word_1_470' title='bbox 1695 4511 1847 4627; x_wconf 55' lang='lat' dir='ltr'><strong>quod)</strong></span> <span class='ocrx_word' id='word_1_471' title='bbox 1877 4562 2116 4613; x_wconf 77' lang='lat' dir='ltr'><strong>fortasse</strong></span> <span class='ocrx_word' id='word_1_472' title='bbox 2152 4568 2217 4613; x_wconf 86' lang='lat' dir='ltr'>ut</span> <span class='ocrx_word' id='word_1_473' title='bbox 2251 4561 2465 4627; x_wconf 79' lang='lat' dir='ltr'><strong>reliqua</strong></span> <span class='ocrx_word' id='word_1_474' title='bbox 2501 4561 2738 4628; x_wconf 78' lang='lat' dir='ltr'><strong>plurima</strong></span> <span class='ocrx_word' id='word_1_475' title='bbox 2772 4563 2852 4612; x_wconf 89' lang='lat' dir='ltr'>ibi</span> <span class='ocrx_word' id='word_1_476' title='bbox 2889 4561 3108 4628; x_wconf 76' lang='lat' dir='ltr'><strong>prolata</strong></span> <span class='ocrx_word' id='word_1_477' title='bbox 3142 4577 3210 4612; x_wconf 85' lang='lat' dir='ltr'><strong>ex</strong></span> 
     </span>
     <span class='ocr_line' id='line_1_45' title="bbox 619 4627 3210 4696; baseline -0.001 -15"><span class='ocrx_word' id='word_1_478' title='bbox 619 4630 827 4681; x_wconf 82' lang='lat' dir='ltr'><strong>Herod.</strong></span> <span class='ocrx_word' id='word_1_479' title='bbox 864 4630 1039 4684; x_wconf 84' lang='lat' dir='ltr'><strong>fluxit.</strong></span> <span class='ocrx_word' id='word_1_480' title='bbox 1185 4630 1224 4680; x_wconf 93' lang='lat' dir='ltr'>l.</span> <span class='ocrx_word' id='word_1_481' title='bbox 1264 4632 1327 4680; x_wconf 82' lang='lat'>14</span> <span class='ocrx_word' id='word_1_482' title='bbox 1361 4628 1564 4694; x_wconf 84' lang='grc' dir='ltr'>Δῶρος</span> <span class='ocrx_word' id='word_1_483' title='bbox 1602 4630 1825 4694; x_wconf 81' lang='lat' dir='ltr'><strong>explevi</strong></span> <span class='ocrx_word' id='word_1_484' title='bbox 1861 4645 1927 4681; x_wconf 85' lang='lat' dir='ltr'><strong>ex</strong></span> <span class='ocrx_word' id='word_1_485' title='bbox 1966 4632 2046 4683; x_wconf 89' lang='lat' dir='ltr'>St.</span> <span class='ocrx_word' id='word_1_486' title='bbox 2081 4631 2163 4690; x_wconf 70' lang='lat' dir='ltr'>B„</span> <span class='ocrx_word' id='word_1_487' title='bbox 2199 4631 2386 4695; x_wconf 84' lang='grc' dir='ltr'>χῶρος</span> <span class='ocrx_word' id='word_1_488' title='bbox 2420 4657 2487 4665; x_wconf 92' lang='grc'>-</span> <span class='ocrx_word' id='word_1_489' title='bbox 2521 4627 2691 4695; x_wconf 87' lang='grc' dir='ltr'>Ὦρος</span> <span class='ocrx_word' id='word_1_490' title='bbox 2728 4646 2797 4681; x_wconf 89' lang='lat' dir='ltr'><strong>ex</strong></span> <span class='ocrx_word' id='word_1_491' title='bbox 2830 4629 3078 4696; x_wconf 85' lang='lat' dir='ltr'><strong>Theogn.</strong></span> <span class='ocrx_word' id='word_1_492' title='bbox 3112 4628 3210 4679; x_wconf 78' lang='lat' dir='ltr'>ad-</span> 
     </span>
     <span class='ocr_line' id='line_1_46' title="bbox 621 4696 3210 4778; baseline -0 -29"><span class='ocrx_word' id='word_1_493' title='bbox 621 4698 762 4761; x_wconf 81' lang='lat' dir='ltr'><strong>didi,</strong></span> <span class='ocrx_word' id='word_1_494' title='bbox 809 4697 989 4763; x_wconf 90' lang='grc' dir='ltr'>ςωρός</span> <span class='ocrx_word' id='word_1_495' title='bbox 1035 4697 1255 4765; x_wconf 84' lang='lat' dir='ltr'><strong>explevi</strong></span> <span class='ocrx_word' id='word_1_496' title='bbox 1299 4714 1366 4749; x_wconf 86' lang='lat' dir='ltr'><strong>ex</strong></span> <span class='ocrx_word' id='word_1_497' title='bbox 1401 4698 1466 4749; x_wconf 94' lang='lat' dir='ltr'>Il.</span> <span class='ocrx_word' id='word_1_498' title='bbox 1503 4700 1593 4750; x_wconf 84' lang='lat' dir='ltr'>Pr.</span> <span class='ocrx_word' id='word_1_499' title='bbox 1629 4696 1680 4749; x_wconf 80' lang='grc' dir='ltr'><strong>Ψ</strong></span> <span class='ocrx_word' id='word_1_500' title='bbox 1717 4700 1831 4750; x_wconf 86' lang='grc'>160.</span> <span class='ocrx_word' id='word_1_501' title='bbox 1865 4726 1934 4736; x_wconf 88' lang='grc'>--</span> <span class='ocrx_word' id='word_1_502' title='bbox 1977 4698 2160 4765; x_wconf 85' lang='grc' dir='ltr'>Ζωρός</span> <span class='ocrx_word' id='word_1_503' title='bbox 2205 4697 2238 4750; x_wconf 86' lang='lat'>6</span> <span class='ocrx_word' id='word_1_504' title='bbox 2285 4697 2476 4763; x_wconf 84' lang='grc' dir='ltr'>μικρός</span> <span class='ocrx_word' id='word_1_505' title='bbox 2519 4714 2608 4764; x_wconf 83' lang='lat' dir='ltr'><strong>ap.</strong></span> <span class='ocrx_word' id='word_1_506' title='bbox 2645 4699 2842 4753; x_wconf 82' lang='lat' dir='ltr'><strong>Arcad.</strong></span> <span class='ocrx_word' id='word_1_507' title='bbox 2889 4702 3210 4778; x_wconf 83' lang='lat' dir='ltr'><strong>corruptum</strong></span> 
     </span>
     <span class='ocr_line' id='line_1_47' title="bbox 621 4764 3211 4834; baseline -0 -17"><span class='ocrx_word' id='word_1_508' title='bbox 621 4772 730 4831; x_wconf 80' lang='lat' dir='ltr'><strong>est,</strong></span> <span class='ocrx_word' id='word_1_509' title='bbox 786 4768 945 4832; x_wconf 78' lang='lat' dir='ltr'><strong>posui</strong></span> <span class='ocrx_word' id='word_1_510' title='bbox 996 4766 1141 4832; x_wconf 86' lang='lat' dir='ltr'><strong>quod</strong></span> <span class='ocrx_word' id='word_1_511' title='bbox 1194 4782 1263 4816; x_wconf 81' lang='lat' dir='ltr'><strong>ex</strong></span> <span class='ocrx_word' id='word_1_512' title='bbox 1307 4767 1559 4817; x_wconf 81' lang='lat' dir='ltr'><strong>omnibus</strong></span> <span class='ocrx_word' id='word_1_513' title='bbox 1605 4766 2068 4832; x_wconf 79' lang='lat' dir='ltr'><strong>explicationibus</strong></span> <span class='ocrx_word' id='word_1_514' title='bbox 2114 4766 2187 4817; x_wconf 78' lang='lat' dir='ltr'>ad</span> <span class='ocrx_word' id='word_1_515' title='bbox 2233 4766 2424 4833; x_wconf 88' lang='grc' dir='ltr'>μικρός</span> <span class='ocrx_word' id='word_1_516' title='bbox 2471 4768 2646 4819; x_wconf 81' lang='lat' dir='ltr'><strong>forma</strong></span> <span class='ocrx_word' id='word_1_517' title='bbox 2691 4767 2936 4834; x_wconf 87' lang='lat' dir='ltr'><strong>proxime</strong></span> <span class='ocrx_word' id='word_1_518' title='bbox 2990 4764 3211 4817; x_wconf 79' lang='lat' dir='ltr'><strong>accedit</strong></span> 
     </span>
     <span class='ocr_line' id='line_1_48' title="bbox 620 4832 3209 4902; baseline 0 -18"><span class='ocrx_word' id='word_1_519' title='bbox 620 4834 839 4900; x_wconf 84' lang='grc' dir='ltr'>θερμός.</span> <span class='ocrx_word' id='word_1_520' title='bbox 908 4834 1096 4886; x_wconf 79' lang='lat' dir='ltr'><strong>Iacobi</strong></span> <span class='ocrx_word' id='word_1_521' title='bbox 1140 4835 1461 4901; x_wconf 74' lang='lat' dir='ltr'><strong>suspicatur</strong></span> <span class='ocrx_word' id='word_1_522' title='bbox 1506 4832 1574 4889; x_wconf 78' lang='grc' dir='ltr'>οὐ</span> <span class='ocrx_word' id='word_1_523' title='bbox 1621 4834 1815 4898; x_wconf 82' lang='grc' dir='ltr'>μικτός</span> <span class='ocrx_word' id='word_1_524' title='bbox 1859 4838 1895 4888; x_wconf 89' lang='lat' dir='ltr'><strong>i.</strong></span> <span class='ocrx_word' id='word_1_525' title='bbox 1932 4852 1982 4901; x_wconf 83' lang='lat' dir='ltr'>q.</span> <span class='ocrx_word' id='word_1_526' title='bbox 2028 4834 2286 4901; x_wconf 81' lang='grc' dir='ltr'>ἄκρατος.</span> <span class='ocrx_word' id='word_1_527' title='bbox 2354 4837 2440 4888; x_wconf 89' lang='lat' dir='ltr'><strong>De</strong></span> <span class='ocrx_word' id='word_1_528' title='bbox 2486 4834 2675 4901; x_wconf 87' lang='grc' dir='ltr'>μωρός</span> <span class='ocrx_word' id='word_1_529' title='bbox 2710 4836 2985 4902; x_wconf 53' lang='lat' dir='ltr'><strong>Theogna</strong></span> <span class='ocrx_word' id='word_1_530' title='bbox 3031 4836 3209 4886; x_wconf 82' lang='grc' dir='ltr'>τοῦτο</span> 
     </span>
     <span class='ocr_line' id='line_1_49' title="bbox 618 4901 1685 4968; baseline 0.002 -15"><span class='ocrx_word' id='word_1_531' title='bbox 618 4901 714 4954; x_wconf 80' lang='grc' dir='ltr'>ἐπὶ</span> <span class='ocrx_word' id='word_1_532' title='bbox 748 4902 1003 4967; x_wconf 83' lang='grc' dir='ltr'>ἐμψύχου</span> <span class='ocrx_word' id='word_1_533' title='bbox 1037 4902 1333 4967; x_wconf 82' lang='grc' dir='ltr'>τιθέμενον</span> <span class='ocrx_word' id='word_1_534' title='bbox 1368 4901 1685 4968; x_wconf 88' lang='grc' dir='ltr'>βαρύνεται.</span> 
     </span>
    </p>
   </div>
  </div>
 </body>
</html>
