3664 5546
680 363 876 411 CXXII
1767 362 2181 412 PRAEFATIO.

678 516 920 584 codicis
975 517 1037 583 A
1099 517 1530 583 desideratur.
1627 517 1807 582 Nihil
1864 518 1945 583 de
1998 519 2357 603 scripturae
2424 518 2806 584 diversitate
2872 519 3249 586 adnotatum

678 628 778 684 est
840 620 908 683 in
964 618 1026 683 A
1083 619 1166 684 ad
1222 618 1300 684 Il.
1348 621 1390 686 Ε
1446 619 1603 701 857,
1670 620 1782 686 ubi
1840 620 1895 683 B
1949 619 2176 685 habet:
2245 624 2320 687 τὸ
2381 624 2453 688 δὲ
2508 624 2726 701 μίτρην
2784 624 2942 688 κατὰ
2998 625 3250 701 δοτικὴν

679 723 1106 806 Ἀρίςταρχος,
1152 723 1545 802 Ἡρωδιανὸς
1590 726 1661 787 δὲ
1706 725 1862 802 μετὰ
1903 729 2020 789 τοῦ
2066 729 2136 806 ν,
2182 725 2219 788 ὃ
2276 726 2377 789 καὶ
2422 725 2690 804 βέλτιον.
2735 760 2819 769 —
2862 724 2928 789 Π
2976 725 3098 788 104
3140 723 3250 788 ad-

679 833 1123 889 notamentum
1169 824 1311 889 cod.
1358 826 1420 888 A
1475 824 1844 907 intercidit,
1902 825 2014 890 BL
2070 825 2410 911 praebent:
2473 827 2584 890 ςὺν
2638 833 2731 910 τῷ
2776 830 2813 889 ν
2859 828 3109 908 δεινήν,
3166 829 3252 892 ὡς

604 912 613 926 ’
676 928 1085 1007 Ἡρωδιανὸς.
1131 965 1212 1020 ᾗ
1260 928 1307 992 Η
1353 926 1479 991 298
1523 932 1700 992 θεῖον
1747 928 2043 994 δύςονται
2088 928 2311 1005 ἀγῶνα
2352 926 2514 991 nihil
2562 926 2644 990 de
2690 927 3015 1013 scriptura
3056 927 3125 990 in
3171 928 3250 1007 A,

677 1029 794 1093 sed
840 1027 955 1093 BL
998 1030 1309 1110 γράφεται
1356 1032 1427 1095 δὲ
1469 1031 1571 1094 καὶ
1614 1030 1877 1094 θύονται
1933 1031 2024 1095 ὡς
2067 1031 2477 1109 Ἡρωδιανός.
2566 1030 2736 1095 οὕτω
2791 1032 2914 1109 γὰρ
2971 1030 3252 1113 ἄμεινον,

679 1140 744 1195 et
774 1132 828 1196 Ω
856 1131 983 1195 584
1012 1131 1105 1195 A:
1154 1131 1226 1197 ἔν
1272 1153 1384 1197 τιςι
1429 1132 1620 1196 κότον
1666 1132 1746 1196 οὐ
1775 1132 2138 1215 κατερύκοι,
2184 1132 2445 1212 ἄμεινον
2493 1134 2563 1197 δὲ
2609 1134 2840 1214 χόλον,
2887 1132 2972 1195 Β;
3023 1134 3252 1212 χόλον;

676 1235 1073 1313 Ἡρωδιανὸς
1115 1234 1277 1310 γόον
1321 1234 1587 1314 γράφει,
1643 1237 1840 1299 ποῖον
1893 1234 2016 1313 γὰρ
2072 1233 2266 1299 οὗτος
2324 1234 2456 1312 εἶχε
2501 1235 2733 1318 χόλον,
2785 1235 2838 1299 εἰ
2881 1237 2962 1314 μὴ
3010 1239 3255 1314 μᾶλλον

676 1337 869 1413 γόον;
915 1333 1008 1398 V:
1058 1336 1307 1401 Ῥιανὸς
1351 1337 1578 1419 κόλον,
1624 1336 1686 1401 οἱ
1730 1338 1801 1401 δὲ
1847 1337 2079 1401 κόπον·
2125 1335 2387 1415 ἄμεινον
2433 1338 2503 1400 δὲ
2547 1337 2742 1419 γόον,
2784 1337 2893 1401 ἵνα
2938 1339 3019 1415 μὴ
3067 1339 3255 1414 ὑπερ-

678 1440 963 1517 παθήςας
1017 1439 1432 1517 καταράςηται
1488 1438 1773 1516 Ἀχιλλεῖ.
1829 1474 1917 1485 —
1968 1436 2118 1501 Non
2174 1437 2548 1521 negaverim
2614 1437 2935 1523 quaedam
3003 1459 3092 1500 ex
3156 1438 3255 1516 iis,

679 1561 845 1625 quae
891 1537 1162 1625 protuli,
1210 1538 1293 1602 ab
1338 1537 1714 1604 Herodiano
1761 1539 1893 1603 dici
1935 1539 2249 1625 potuisse.
2309 1538 2477 1603 Nam
2523 1538 2743 1624 quidni
2789 1539 2856 1603 in
2899 1538 3069 1604 libro
3118 1543 3260 1619 περὶ

678 1648 906 1708 παθῶν
951 1642 1032 1706 de
1077 1641 1362 1727 synizesi
1408 1643 1587 1706 vocis
1633 1642 1888 1722 Αἰνέας,
1937 1640 2018 1704 de
2062 1642 2392 1721 Θυραωρός
2435 1640 2504 1703 in
2546 1641 2729 1704 Pros‚
2775 1639 3133 1722 Catholica,
3180 1639 3259 1704 de

679 1749 859 1811 νῖκος
900 1744 968 1806 in
1013 1742 1500 1828 Orthographia
1544 1743 1814 1827 ageret?
1903 1742 2035 1807 Sed
2080 1741 2341 1807 existis
2385 1741 2803 1826 testimoniiS,
2851 1765 3018 1828 quae
3063 1766 3258 1829 quam

679 1845 936 1910 infirma
990 1846 1122 1909 sint
1172 1845 1380 1909 cuivis
1440 1831 1855 1931 perspicuum
1904 1855 2034 1926 est,
2092 1843 2161 1908 id
2216 1844 2483 1909 minime
2537 1845 2974 1931 consequitur.
3064 1842 3261 1909 Nulla

679 1949 881 2032 igitur
936 1957 1037 2012 est
1093 1946 1294 2012 editio
1363 1947 1776 2012 Herodianea
1831 1947 2136 2027 Homeri,
2203 1945 2417 2011 nullae
2483 1957 2597 2012 aut
2650 1946 2880 2011 saltem
2945 1969 3258 2033 perquam

681 2049 916 2113 dubiae
949 2059 1101 2114 sunt
1130 2049 1492 2135 scripturae
1521 2050 1872 2115 varietates
1904 2049 2031 2113 nisi
2075 2071 2241 2136 quae
2285 2051 2352 2113 in
2396 2048 2540 2113 cod.
2570 2050 2633 2111 A
2663 2048 2980 2113 nituntur.
3037 2048 3259 2112 Etiam

680 2153 747 2216 in
794 2149 1019 2220 Schol„
1056 2149 1178 2216 Od.
1226 2174 1244 2216 ι
1287 2151 1442 2214 445:
1496 2156 1716 2236 λαχμῷ
1761 2153 2181 2231 ςτεινόμενος;
2238 2153 2299 2216 οἱ
2344 2153 2605 2216 παλαιοί
2650 2173 2802 2232 φαςι
2848 2151 3113 2217 κάλλιον
3161 2153 3261 2216 ἐν·

679 2260 879 2320 ταῦθα
924 2255 1142 2338 λάχνῳ
1190 2254 1346 2319 κατὰ
1375 2254 1771 2332 Ἡρωδιανόν
1785 2305 1803 2337 ,
1851 2275 2047 2340 quum
2093 2253 2161 2317 in
2193 2253 2299 2318 Et.
2330 2253 2421 2317 M.
2452 2253 2599 2334 558,
2631 2252 2715 2316 24
2743 2251 2905 2316 haec
2936 2252 3263 2339 scriptura

680 2355 951 2421 Seleuco
997 2355 1353 2436 tribuatur,
1411 2364 1524 2419 aut
1577 2377 1725 2419 cum
1767 2354 2237 2420 Friedlandero
2297 2358 2366 2419 in
2421 2354 2637 2419 Iahnii
2683 2354 2855 2418 Ann.
2906 2355 3067 2419 1858
3114 2379 3176 2442 p.
3223 2354 3263 2418 4

681 2458 1034 2523 Herodiani
1078 2479 1313 2522 nomen
1356 2480 1473 2544 pro
1519 2451 1826 2546 corrupto
1872 2457 2244 2523 habendum
2290 2467 2405 2522 aut
2459 2481 2543 2522 ex
2587 2456 3031 2544 epitomatoris
3076 2456 3261 2522 vani·

682 2570 814 2625 tate
858 2558 1317 2648 explicandum
1361 2570 1477 2624 est.

1734 2788 2203 2798 ————--...—

1633 3022 1886 3126 caput
1937 3022 2331 3109 alterum..

1257 3228 1364 3293 De
1409 3226 1731 3293 fontibus
1773 3225 2143 3292 doctrinae
2187 3226 2701 3292 Herodianeae.

421 3398 479 3438 De
509 3398 638 3438 Hero-
852 3389 891 3465 ξ
930 3386 985 3448 1.
1046 3379 1407 3447 Herodiani
1450 3380 1820 3464 fragmenta
1850 3401 2016 3465 quae
2061 3394 2411 3468 supersunt
2455 3381 2669 3445 omnia
2711 3402 2911 3465 quum
2957 3378 3264 3465 colligere

491 3468 531 3506 ⁰³
560 3480 604 3507 ²*
633 3489 646 3494 ’
684 3487 1195 3565 constituissem,
1240 3481 1700 3566 intellegebam
1743 3505 1873 3547 non
1917 3483 2079 3548 satis
2135 3506 2278 3549 esse
2336 3504 2444 3548 eos
2504 3482 2714 3564 locos,
2770 3482 3007 3568 quibus
3052 3481 3263 3548 Hero-

416 3601 654 3655 explieandi
685 3589 862 3654 diani
927 3609 1163 3652 nomen
1229 3595 1344 3650 aut
1401 3608 1550 3649 cum
1610 3583 1801 3651 titulo
1868 3585 2023 3651 libri
2087 3596 2199 3651 aut
2266 3609 2340 3651 eo
2408 3586 2647 3652 omisso
2705 3586 3073 3671 appositum
3141 3594 3262 3665 est,

686 3711 959 3776 eosque,
1005 3689 1240 3775 quibus
1287 3689 1568 3753 auctoris
1610 3687 1871 3754 nomine
1916 3689 2111 3754 tacito
2155 3687 2306 3754 libri
2350 3687 2580 3753 titulus
2614 3687 2701 3773 (e'.
2731 3709 2795 3771 g.
2830 3688 2976 3765 περὶ
3004 3686 3261 3767 παθῶν)

687 3790 977 3856 adiectus
1024 3801 1142 3875 est,
1189 3800 1252 3856 et
1283 3813 1414 3870 eoS,
1462 3789 1698 3876 quibus
1746 3789 2025 3856 technici
2057 3789 2490 3876 appellatione
2521 3789 2748 3855 addita
2777 3788 3059 3873 suspicio
3089 3798 3265 3852 certe

569 3946 578 3977 ,
687 3892 1139 3959 Herodianeae
1212 3892 1484 3977 originis
1566 3891 1889 3978 quaedam
1961 3892 2407 3973 subnascitur,
2493 3914 2577 3955 ex
2649 3889 3123 3977 Etymologicis
3200 3899 3264 3953 et

687 3994 1044 4060 Anecdotis
1101 3992 1422 4079 Indicum*
1456 4014 1609 4080 ope,
1666 4006 1741 4060 ut
1797 3995 1933 4059 fere
1989 3994 2095 4075 fit,
2153 3994 2568 4081 conquirere,
2630 3993 2746 4058 sed
2798 4013 3065 4056 necesse
3120 4013 3264 4055 esse

687 4100 906 4162 omnia
948 4098 1226 4184 scripta,
1271 4098 1341 4161 in
1384 4118 1551 4183 quae
1595 4118 1680 4160 ex
1723 4097 2079 4162 Herodiani
2141 4096 2371 4183 pelago
2428 4094 2623 4160 rivuli
2679 4094 2945 4180 quidam
3001 4093 3262 4159 deducti

687 4210 934 4282 essent,
979 4200 1229 4264 intento
1275 4201 1489 4264 animo
1534 4196 1869 4285 perlegere
1913 4208 1977 4262 et
2019 4221 2186 4284 quae
2231 4199 2315 4264 ab
2360 4197 2737 4262 Herodiano
2781 4196 3079 4282 profecta
3120 4218 3264 4260 esse

688 4304 1097 4382 viderentur,
1145 4311 1411 4367 enotare
1469 4310 1533 4364 et
1579 4323 1725 4365 cum
1780 4301 1892 4383 iis,
1939 4324 2105 4389 quae
2152 4299 2512 4391 Herodiani
2570 4321 2712 4363 esse
2767 4309 2944 4363 certo
3000 4300 3260 4378 scimuS,

688 4415 992 4471 accurate
1035 4425 1436 4490 comparare.
1523 4402 1692 4467 Nam
1750 4402 1890 4468 fere
1943 4403 2298 4468 innumeris
2356 4402 2636 4487 egregiis
2678 4401 3038 4466 Herodiani
3081 4423 3262 4487 prae-

689 4508 894 4594 ceptis
939 4506 1427 4587 fraudaremur,
1484 4506 1610 4570 nisi
1655 4504 1740 4568 ad
1785 4528 1894 4588 ea,
1958 4528 2124 4593 quae
2178 4502 2355 4568 nullo
2413 4513 2680 4567 externo
2738 4503 2978 4568 indicio
3032 4512 3264 4569 notata

690 4609 774 4675 ab
818 4607 1197 4673 Herodiano
1243 4606 1539 4694 profecta
1581 4616 1760 4687 sunt,
1809 4628 2061 4672 summa
2104 4605 2449 4691 vigilantia
2478 4607 2980 4672 attenderemus.
3026 4607 3262 4670 Facem

689 4708 1137 4775 huiuscemodi
1181 4709 1566 4795 fragmentis
1608 4709 1995 4793 indagandis
2028 4708 2334 4795 praetulit
2362 4708 2674 4774 Lehrsius
2706 4718 2772 4772 et
2800 4709 3263 4794 compositione

691 4811 932 4877 Iliacae
977 4811 1330 4876 Prosodiae
1376 4820 1442 4876 et
1485 4810 1701 4875 multis
1733 4810 2300 4877 observationibus
2344 4833 2460 4898 per
2504 4809 2965 4876 adnotamenta
3008 4809 3094 4875 ad
3138 4810 3263 4875 tria
