3664 5546
1224 376 1381 431 ΠΕΡΙ
1423 376 1812 432 ΚΑΘΟΛΙΚΗ(
1849 375 2267 431 ΠΡΟΕΩιΔΙΑ(
2310 376 2341 429 Ι.
2947 373 3070 438 23Ί

664 547 759 613 Τὰ
814 546 903 613 εἷς
949 552 1028 612 Ue
1073 547 1247 612 ἁπλᾶ
1290 548 1606 614 ἐπιθετικὰ
1649 549 1754 613 διὰ
1795 551 1913 612 τοῦ
1955 550 1989 611 ἒ
2040 546 2381 626 κλινόμενα
2434 548 2687 624 τριγενῆ
2729 544 3073 624 διςύλλαβα

499 650 656 716 ὄντα
686 650 1009 732 ὀξύνεται,
1053 649 1224 733 ἠΰς,
1267 650 1492 733 ἡδύς,
1534 651 1801 731 ταχύς,
1849 650 2169 731 βραδύς,
2202 647 2431 731 ὠκύς,
2475 646 2724 712 πολύς
2771 646 3070 711 «πολέων
3142 680 3153 695 1

497 751 875 831 κεκορήμεθ’
918 749 1209 817 ἀέθλων»
1256 753 1335 834 (ψ
1382 752 1551 833 350).
1608 753 1685 817 τὸ
1729 754 1800 817 δὲ
1844 752 2114 832 ἥμιςυς
2164 750 2735 829 προπαροξύνεται.
2823 747 2904 812 οὐ
2949 748 3071 825 γὰρ

497 855 893 935 διςύλλαβον.
981 855 1084 919 καὶ
1123 855 1199 919 τὸ
1243 858 1480 932 θῆλυς
1523 857 2028 934 προπεριςπᾶται
2083 856 2317 931 «θῆλυς
2361 852 2578 932 ἐέρςη»
2624 848 2781 933 (Οό.
2827 869 2858 913 ε
2899 847 3071 929 467).

499 956 691 1035 «Ἥρη
736 958 929 1033 θῆλυς
973 955 1205 1020 ἐοῦςα»
1250 952 1355 1039 (Il.
1385 956 1436 1021 Τ
1467 954 1606 1039 97)·
1665 956 1744 1021 οὐ
1787 956 1911 1034 γὰρ
1954 955 2261 1033 τριγενές·
2307 954 2387 1019 οὐ
2433 953 2697 1019 δύναται
2738 953 2860 1030 γὰρ
2905 950 3067 1016 εἶναι
3096 962 3129 1011 5

496 1057 826 1137 άρςενικὸν
870 1059 945 1122 τὸ
989 1061 1101 1137 τῆς
1142 1062 1274 1123 τῶν
1318 1063 1635 1135 γυναικῶν
1680 1057 1935 1138 φύςεως
1978 1042 2413 1136 κατηγοροῦν.’
2467 1057 2571 1120 καὶ
2611 1056 2688 1120 τό
2731 1054 2874 1133 πρέ
2894 1058 3070 1134 ςβυς

498 1160 875 1241 βαρύτονον.
964 1162 1312 1239 μονογενὲς
1357 1159 1456 1237 ὀν.Ι
1517 1162 1621 1225 καὶ
1662 1160 1738 1224 τὸ
1782 1159 2027 1240 Λίβυς.
2091 1159 2196 1223 διὰ
2238 1159 2361 1237 γὰρ
2405 1161 2522 1223 τοῦ
2566 1162 2605 1221 ῡ
2648 1155 2935 1221 κλίνεται.

662 1263 808 1328 Πᾶν
852 1261 941 1327 εἰς
983 1266 1067 1326 ‘isc
1114 1265 1314 1341 λῆγον
1360 1261 1664 1327 ςύνθετον
1709 1261 2062 1328 ἐπιθετικόν
2113 1261 2477 1343 βαρύνεται,
2522 1259 2851 1341 ἔπηλυς,
2896 1257 3071 1337 νέη-

498 1366 660 1448 λυς,
704 1364 1243 1447 πολύδακρυς,
1289 1363 1809 1444 μελάνοφρυς.

665 1465 760 1531 Τὰ
813 1466 902 1531 εἰς
945 1468 1028 1530 ῦὶ
1072 1465 1368 1545 ἀρςενικά
1397 1466 1907 1547 ύπερδιςύλλαβα
1952 1466 2317 1547 βαρύνεται,
2363 1464 2662 1546 ἥμιςυς,
2707 1463 3071 1545 πέλεκυς,
3110 1476 3174 1526 10

497 1567 1062 1650 Ῥαδάμανθυς,
1106 1568 1497 1647 Πάλαμυς.
1558 1566 1683 1632 ἔςτι
1728 1569 1802 1633 δὲ
1847 1566 2055 1647 ὄνομα
2099 1567 2432 1649 βαςιλέως,
2478 1565 2798 1647 ὄλολυς,
2845 1564 3071 1628 ἄςτα-

496 1689 649 1748 χυς.
738 1670 1139 1749 ςεςημείωται
1193 1672 1269 1735 τὸ
1328 1669 1614 1749 ἐλαχύς
1670 1669 1707 1734 ὁ
1764 1669 2090 1749 ἐλάχιςτος
2145 1668 2556 1747 ὀξυνόμενον.
2644 1667 2934 1733 ὀξύνεται
2979 1666 3118 1746 δέ,·

495 1770 634 1835 ἐπεὶ
678 1772 759 1835 τὰ
814 1771 902 1835 εἰς
948 1775 1028 1836 BE
1083 1771 1318 1855 ἔχοντα
1371 1771 1722 1850 οὐδετέρου
1777 1773 2373 1852 παραςχηματιςμόν
2427 1768 2926 1848 παραληγόμενα
2979 1774 3072 1852 τῷ

497 1878 537 1938 ᾶ
594 1873 931 1941 ὀξύνονται
988 1871 1134 1939 οἷον
1191 1873 1455 1957 βραδύς,
1511 1874 1736 1958 ταχύς,
1790 1877 2013 1953 πραΰς.
2085 1875 2201 1953 τὴν
2258 1871 2377 1938 οὖν
2436 1872 2868 1953 ὀφειλομένην
2912 1890 3070 1949 προ-

458 1962 943 2055 ’παροξύτονον
996 1975 1174 2041 τάςιν
1227 1975 1297 2042 ἐν
1353 1981 1446 2057 τῷ
1499 1978 1752 2060 θηλυκῷ
1809 1976 2154 2044 ἀνεδέξατο
2221 1978 2453 2053 «νῆςος
2512 1974 2718 2039 ἔπειτ’
2773 1973 3069 2052 ἐλάχεια»
3108 1991 3172 2041 15

494 2074 650 2159 (Od.
695 2099 716 2141 ι
765 2076 928 2159 116).

661 2179 755 2245 Τὰ
807 2179 896 2245 εἰς
939 2184 1024 2244 ff
1081 2180 1322 2259 θηλυκὰ
1383 2181 1884 2260 ςυνεςταλμὲνον
1950 2180 2186 2260 ἔχοντα
2238 2180 2316 2246 τὸ
2374 2184 2410 2245 ὖ
2466 2180 2568 2244 καὶ
2626 2179 2731 2244 διὰ
2785 2180 2903 2242 τοῦ
2958 2164 3073 2242 ’δοῖ

493 2282 835 2361 κλινόμενα
899 2280 1223 2365 ὀξύνεται,
1283 2283 1610 2366 χλαμύς,
1678 2283 2069 2366 πηλαμύς,
2145 2282 2462 2364 κροκύς,
2533 2279 2813 2346 Καινύς
2879 2284 3072 2358 νῆςος

491 2384 760 2463 πληςίον
798 2383 1221 2462 ’Πελωριάδος
1264 2386 1376 2461 τῆς
1421 2385 1578 2471 κατὰ
1624 2383 1905 2450 (ικελίαν
1950 2383 2178 2468 ἄκρας,
2233 2386 2395 2463 πρὸς
2440 2383 2615 2448 δύςιν
2659 2383 2948 2447 νεύουςα.
2993 2382 3072 2444 τὰ

495 2487 710 2565 μέντοι
765 2487 847 2565 μὴ
893 2487 998 2550 διὰ
1039 2490 1157 2550 τοῦ
1195 2471 1315 2551 ’δᾶ
1371 2486 1712 2566 κλινόμενα
1756 2488 2125 2569 βαρύνεται,
2180 2486 2443 2570 γένυς,
2504 2485 2761 2567 πίτυς,
2805 2486 3070 2565 χέλυς,
3105 2502 3173 2551 20

494 2591 767 2670 γῆρυς,
812 2586 1268 2668 ἀτράφαξυς
1313 2587 1489 2654 εἶδος
1522 2589 1841 2673 λαχάνου,
1873 2587 2191 2670 ἄμαξυς,
2221 2588 2489 2671 κόρυς,
2519 2592 2805 2669 κῶμυς,
2851 2585 3069 2664 ἔγχε-

499 2691 663 2753 λυς·
727 2688 790 2752 οἱ
834 2689 906 2753 δὲ
949 2688 1259 2769 Ἐγχελεῖς
1303 2690 1492 2758 ἔθνος
1537 2692 1880 2770 Ἰλλυρικὸν
1923 2691 1963 2769 ἢ
2008 2690 2140 2755 ἀπὸ
2185 2693 2301 2773 τοῦ
2345 2689 2638 2769 Ἐγχελής
2693 2688 2731 2767 ἢ
2778 2686 2909 2752 ἀπὸ
2953 2691 3071 2751 τοῦ

498 2789 841 2870 Ἐγχελεύς.
909 2793 1153 2882 λέγεται
1196 2795 1298 2858 καὶ
1341 2794 1657 2873 Ἐγχελέαι
1701 2793 1834 2860 ἀπὸ
1877 2798 1994 2858 τοῦ
2040 2793 2366 2873 Ἐγχελέης
2409 2793 2447 2872 ἢ
2494 2792 2841 2870 Ἐγχελέας.
2898 2792 3069 2856 Μῶ-

497 2895 629 2959 λυς
658 2892 920 2974 Λίβυςςα
948 2894 1149 2960 πόλις.
1194 2895 1517 2962 Ἑκαταῖος
1547 2897 1909 2976 περιηγήςει
1939 2896 2185 2976 Λιβύης.
2207 2937 2212 2942 -
2236 2894 2545 2975 Κῶβρυς
2586 2893 2773 2959 πόλις
2803 2893 3068 2976 Θρᾴκης.

495 2995 882 3076 Θεόπομπος
947 2996 1344 3065 Φιλιππικῶν
1411 2999 1633 3083 ἐνάτῳ.
1722 2996 1957 3076 Αἴγυς
2028 2996 2215 3062 πόλις
2279 2997 2638 3078 Λιγυςτική,
2704 2997 2795 3061 ὡς
2858 2995 3067 3076 Εὐφο-
3103 3014 3168 3064 ⁰25

661 3255 697 3308 1.
735 3257 762 3304 1
815 3256 1043 3320 τριγενῆ
1098 3255 1292 3307 addidi
1344 3272 1413 3307 ex
1463 3256 1566 3323 Ep.
1606 3258 1633 3307 1
1681 3258 1804 3318 147,
1852 3257 1939 3317 14,
1995 3255 2064 3305 ad
2112 3252 2291 3306 πολύς
2337 3253 2510 3304 verba
2554 3251 2844 3303 Homerica
2890 3251 3067 3302 adieci

491 3337 558 3370 ex
591 3321 694 3388 Ep.
734 3321 823 3374 Cr.
859 3323 886 3372 1
920 3325 1037 3386 341,
1073 3326 1167 3386 213
1206 3351 1268 3362 —
1307 3324 1378 3374 ad
1413 3323 1606 3389 ῆμιςυς
1651 3325 1884 3390 apposui
1930 3321 1997 3373 οὐ
2043 3322 2149 3388 γὰρ
2195 3321 2522 3384 διςύλλαβον
2568 3326 2796 3387 propter
2840 3321 3071 3370 canonis

493 3389 896 3448 formationem}
943 3391 1016 3441 ad
1053 3393 1226 3456 θῆλυς
1270 3407 1463 3443 versus
1499 3393 1816 3444 Homericos
1864 3394 2095 3457 apposui
2140 3408 2206 3442 ex
2242 3390 2307 3442 Il.
2348 3393 2438 3441 Pr.
2474 3387 2510 3441 Ε
2547 3392 2647 3441 269
2694 3395 2751 3440 et
2792 3389 2963 3440 verba
2999 3386 3065 3438 οὐ

491 3455 596 3522 γάρ
629 3458 903 3522 τριγενές·
939 3487 1004 3494 -
1041 3473 1256 3525 κατηγο
1326 3461 1397 3510 ῦν
1435 3477 1501 3511 ex
1535 3461 1636 3526 Ep.
1673 3461 1762 3511 Cr.
1796 3461 1820 3510 1
1864 3463 1983 3510 147:
2029 3459 2100 3510 τὰ
2137 3458 2215 3512 εἰς
2251 3461 2315 3511 ii?
2349 3460 2576 3523 τριγενῆ
2613 3456 2909 3520 διςύλλαβα
2945 3454 3067 3507 ὀξύ-

492 3538 668 3576 νεται·
705 3523 775 3576 τὸ
801 3527 974 3590 θῆλυς
1000 3525 1105 3578 οὐκ
1139 3474 1466 3579 ‹iv-rectam·
1505 3528 1572 3579 οὺ
1598 3528 1829 3580 δύναται
1855 3527 1960 3592 γὰρ
1998 3527 2141 3579 εἶναι
2176 3528 2247 3579 τὸ
2284 3526 2574 3592 ἀρςενικὸν
2609 3528 2712 3590 τῆς
2737 3527 2858 3575 τῶν
2881 3538 3067 3586 γυναι-

492 3595 614 3643 κῶν
658 3593 882 3657 φύςειυς
926 3598 1296 3661 κατηγοροῦν.
1367 3596 1509 3649 ὥςτε
1556 3595 1660 3648 οὐκ
1704 3596 1964 3660 ἄντικρυς
2009 3595 2329 3662 ἀντιπίπτει
2374 3595 2443 3646 τὸ
2488 3592 2650 3658 Λίβυς
2695 3593 2787 3645 καὶ
2832 3591 3065 3657 πρέςβυς

493 3663 773 3727 μονογενῆ
811 3661 965 3714 ὄντα.
1035 3664 1126 3715 καὶ
1160 3664 1229 3715 τὸ
1266 3663 1368 3727 μὲν
1403 3663 1567 3729 Λίβυς
1602 3664 1692 3717 διὰ
1724 3665 1829 3716 τού
1866 3666 1901 3715 U
1937 3662 2184 3715 κλίνεται
2219 3662 2443 3728 Λίβυος,
2488 3662 2561 3713 τὸ
2604 3661 2664 3713 δὲ
2709 3660 2945 3726 πρέςβυς
2980 3659 3066 3711 διὰ

491 3731 596 3780 τοῦ
633 3731 681 3780 ἐἶ
751 3731 895 3780 Hinc
939 3732 1158 3798 explevi
1202 3731 1439 3797 πρὲςβυς
1488 3735 1668 3784 verbis
1714 3731 2016 3795 μονογενὲς
2060 3732 2129 3784 ὄν
2173 3739 2232 3784 et
2276 3730 2440 3796 Λίβυς
2484 3731 2670 3781 addidi
2716 3747 2836 3780 cum
2883 3730 3067 3779 verbis

495 3796 581 3848 διὰ
615 3796 722 3862 γὰρ
756 3799 859 3849 τοῦ
896 3800 930 3850 fi
966 3796 1239 3864 κλίνεται,
1290 3817 1413 3851 nam
1457 3802 1597 3853 hane
1641 3817 1863 3852 oausam
1907 3802 1976 3852 ab
2013 3801 2330 3852 Herodiano
2376 3800 2647 3866 prolatam
2693 3798 2894 3861 fuisse,
2941 3813 3066 3848 eon·

489 3865 635 3915 cludi
672 3871 859 3931 potest
895 3883 961 3918 ex
999 3869 1083 3919 St.
1117 3869 1201 3932 B„
1238 3870 1331 3934 qui
1365 3870 1474 3920 tria
1510 3885 1715 3936 genera
1751 3867 1917 3933 Λίβυς
1953 3866 2186 3934 Λίβυςςα
2220 3866 2355 3932 Λίβυ
2394 3869 2598 3919 diserte
2636 3867 2859 3932 profert.

487 3933 522 3983 1.
557 3935 590 3984 8
635 3935 706 3984 of.
744 3935 809 3987 E.
844 3936 918 3989 M.
955 3938 1084 4000 246,
1122 3939 1200 3988 11.
1435 3938 1472 3989 l.
1515 3942 1571 3988 11
1609 3936 1882 4001 Πάλαμυς
1931 3953 1999 3988 ex
2036 3939 2230 3989 Choer.
2264 3939 2411 3991 Diet.
2448 3939 2575 4001 232,
2612 3938 2645 3986 3
2689 3937 2894 4000 recepi.
2941 3932 3065 3985 ὄλο·

489 4001 588 4054 λυς
633 4018 700 4053 ex
745 4004 892 4054 Mon.
929 4007 1020 4062 32,
1057 4008 1146 4068 35,
1184 4003 1421 4069 ἄςταχυς
1467 4022 1533 4056 ex
1579 4005 1643 4056 Il.
1692 4009 1782 4057 Pr.
1819 4004 1866 4058 Θ
1905 4008 2003 4058 178
2048 4011 2106 4057 et
2146 4007 2249 4071 Ep.
2284 4005 2373 4056 Cr.
2409 4006 2435 4055 1
2471 4007 2566 4066 85,
2604 4006 2657 4055 5:
2705 4002 2951 4054 καθόλου
2994 4001 3066 4052 τὰ

490 4067 566 4121 εἰς
601 4072 667 4121 ff
704 4068 953 4135 λήγοντα
989 4070 1249 4136 ἀρςενικὰ
1285 4071 1428 4138 ὑπὲρ
1474 4073 1574 4125 δύο
1611 4073 1884 4139 ςυλλαβάς
1920 4073 2438 4139 προπαροξύνεςθαι
2483 4071 2632 4123 θέλει
2678 4069 2830 4122 ἁπλᾶ
2873 4083 2937 4120 τε
2976 4070 3064 4120 καί

488 4137 752 4202 ςύνθετα,
793 4138 1058 4205 πέλεκυς,
1095 4141 1314 4205 ἢμιςυς,
1353 4141 1589 4207 δίπηχυς
1625 4144 1717 4195 καὶ
1751 4140 1945 4193 τᾶλλα.
1980 4141 2125 4216 τᾳύτ
2199 4140 2302 4193 οὖν
2327 4141 2418 4191 καί
2453 4140 2523 4191 τὸ
2559 4138 2797 4203 ᾰςταχυς
2832 4137 2945 4201 ἅμα
2976 4141 3065 4203 τῷ

487 4207 824 4274 πλεοναςμῷ
861 4209 1372 4274 προπαροξύνεται·
1409 4210 1479 4261 τὸ
1517 4209 1717 4273 ἐλαχύς
1751 4208 1896 4274 ὑπὲρ
1933 4208 2033 4260 δύο
2071 4224 2133 4260 cu
2171 4207 2343 4273 λαβὰς
2380 4207 2449 4258 ὃν
2482 4206 2763 4260 ὀξύνεται·
2802 4206 2935 4257 ὅθεν
2960 4205 3064 4256 οὐκ

487 4274 867 4340 ήκολούθηςεν
913 4276 1072 4343 αὐτῷ
1115 4277 1185 4328 τὸ
1229 4277 1479 4343 θηλυκὸν
1531 4276 1778 4343 ἐλάχεια,
1834 4274 2320 4342 προπεριεςπάςθη
2366 4275 2472 4340 γὰρ
2525 4274 2595 4326 ἄν
2630 4277 2837 4339 «νῆςος
2882 4273 3067 4324 ἔπειτ’

488 4340 752 4407 ἐλάχεια»
791 4343 914 4407 (Οᾶ.
950 4358 968 4395 ι
1007 4346 1142 4411 116).
1193 4345 1238 4394 Ε
1280 4384 1293 4396 .
1320 4346 1409 4401 Cr.
1435 4348 1463 4397 I
1499 4349 1618 4410 266,
1657 4350 1742 4398 19:
1778 4345 1851 4396 τὰ
1887 4342 1966 4396 είς
2001 4347 2067 4397 Tse
2103 4343 2246 4409 ὑπὲρ
2269 4343 2371 4395 δύο
2396 4342 2667 4406 ςυλλαβὰς
2693 4341 3064 4395 ςυςτέλλοντα

486 4409 554 4462 τὸ
590 4413 625 4462 ῦ
661 4412 1150 4476 προπαροξύνεται
1195 4362 1276 4465 olP
1355 4413 1709 4478 Λεύκοφρυς,
1755 4415 1977 4487 ἣμιωὲ,
2024 4410 2373 4477 ἀτράφαξυς,
2420 4411 2681 4463 πέλεκυς·
2727 4410 2914 4461 οὕτως
2959 4408 3063 4460 οὖν

489 4478 576 4529 καὶ
613 4478 813 4543 ἔλαχυς
851 4480 1099 4546 ὠφειλεν
1136 4481 1304 4533 εἶναι·
1342 4481 1484 4534 ἀλλὰ
1520 4481 1644 4533 ἐπεὶ
1679 4480 1750 4532 τὰ
1776 4480 1855 4533 είς
1890 4496 1955 4532 υς
1980 4480 2185 4545 ἔχοντα
2208 4478 2512 4544 οὐδετέρου
2536 4477 3064 4544 παραςχηματιςμὸν

490 4546 1047 4679 ῗιῗὲἕέἒῖἒῖῖέῗαῖΨ
1064 4546 1885 4683 ῗὴέξῗέἳπὲἐχὲἒῗςέξὲἓὲἑύ
1915 4548 2358 4683 Ἓὲἓὲέύῗέἒέἃ
2379 4545 2811 4667 τῖιῖῗῖοὲνχῖῗὲν
2833 4546 3064 4679 effi&

491 4679 808 4748 ἀνεδέξατο,
867 4702 934 4735 ex
976 4701 1085 4751 quo
1129 4687 1249 4736 loeo
1296 4688 1545 4754 supplevi
1593 4688 2006 4738 annotationem
2051 4689 2118 4738 de
2164 4684 2365 4748 ἐλαχύς
2422 4701 2518 4750 pro
2564 4665 3062 4748 κεχρεώςτημένην

491 4750 831 4803 substituens
869 4769 1054 4804 vocem
1092 4754 1497 4806 Herodianeam
1534 4752 1930 4819 ὀφειλομένην.
2124 4755 2158 4804 l.
2197 4755 2259 4804 18
2295 4753 2497 4816 κροκύς
2533 4756 2715 4816 recepi
2762 4769 2828 4801 ex
2866 4750 3060 4804 Choer.

490 4816 634 4873 Diet.
671 4821 787 4882 358,
824 4823 919 4885 22,
960 4820 1156 4874 Καινύς
1193 4839 1261 4872 ex
1298 4823 1379 4874 St.
1416 4826 1478 4874 B.
1551 4819 1758 4884 ἄμαξυς
1795 4851 1859 4857 —fl-
1896 4822 2126 4888 ἔγχελυς
2164 4838 2230 4872 ex
2270 4823 2463 4872 Choer.
2501 4825 2622 4881 357,
2659 4823 2750 4880 2θ·,
2791 4818 3062 4883 Ἐγχελεῖς

492 4897 564 4934 ex
593 4887 668 4938 St.
705 4890 785 4952 B.‚
822 4890 965 4939 unde
1004 4893 1170 4941 etiam
1208 4890 1417 4956 reliqua
1452 4906 1623 4958 usqne
1661 4893 1729 4940 ad
1769 4891 1944 4946 finem.
