3664 5546
657 382 772 432 cvl
1725 379 2140 428 PRAEFATIO.

657 536 1069 603 Herodianus
1112 537 1177 600 in
1224 535 1299 602 ll.
1342 536 1449 600 Pr.
1496 538 1539 602 Ε
1583 536 1694 617 91,
1745 534 1862 600 ubi
1904 525 1975 600 se
2020 534 2102 599 de
2144 537 2448 620 genetivo
2495 535 2961 601 vocabulorum
3006 535 3073 597 in
3114 541 3221 618 ῆς,

655 661 771 704 οιιι·
821 641 1147 723 Δάρητος,
1216 643 1517 721 ψιλῆτος,
1582 642 1895 717 κουρῆτος
1948 647 2015 701 et
2067 643 2281 717 κριτοῦ
2336 636 2707 718 flectantur,
2763 639 2833 703 ἐν
2888 642 3025 704 τοῖς
3077 641 3224 717 περὶ

657 743 992 822 ὀνομάτων
1038 742 1397 807 ἀποδώςειν
1441 743 1556 807 τὸν
1603 739 1802 816 λόγον
1848 739 2220 825 profitetur3
2266 741 2310 804 Ε
2353 739 2510 821 266,
2557 739 2670 804 ubi
2716 738 2903 805 dicit:
2963 740 3221 805 ἀποδεί·

656 852 846 924 ξομεν
889 847 959 909 δὲ
1002 846 1105 909 καὶ
1145 845 1220 909 τὸ
1268 842 1509 908 «υἱάςι»
1555 843 1730 921 παρὰ
1772 845 1965 907 τοῦτο
2013 839 2132 923 (sc.
2178 840 2327 926 υίῖς)
2375 842 2445 907 ἐν
2489 846 2628 907 τοῖς
2671 843 2816 920 περὶ
2859 841 3221 924 ὀνομάτων,

657 947 812 1011 ὅταν
871 947 974 1010 καὶ
1025 947 1170 1024 περὶ
1221 948 1331 1022 τῆς
1384 947 1718 1022 καθολικῆς
1781 944 2083 1023 κινήςεως
2135 948 2252 1009 τοῦ
2307 943 2624 1023 ὀνόματος
2690 945 3221 1027 διαλαμβάνομεν,

658 1047 709 1113 Ω
753 1046 878 1111 318
923 1045 1208 1111 traditur
1261 1046 1341 1112 ἐν
1395 1053 1496 1129 τῷ
1551 1047 1780 1130 τρίτῳ
1822 1053 1972 1111 τῶν
2018 1047 2510 1125 ὀνοματικῶν
2567 1046 2649 1110 de
2694 1048 2897 1110 ectasi
2940 1045 3221 1111 vocabu-

658 1148 866 1214 lorum
920 1149 1198 1233 εὐκλήῖς,
1265 1148 1555 1227 εὐκνήμις
1610 1145 2020 1211 disseruisse.
2110 1146 2502 1235 Saepissime
2566 1146 2674 1213 hic
2719 1147 2885 1213 liber
2950 1157 3223 1213 vocatur

657 1252 1039 1331 ὀνοματικόν
1097 1272 1152 1315 e.
1209 1272 1272 1335 g.
1330 1249 1621 1333 Theogn.
1674 1249 1755 1313 47
1812 1250 2204 1328 Ἡρωδιανὸς
2270 1249 2341 1315 ἐν
2397 1256 2488 1334 τῷ
2543 1249 2932 1335 ὀνοματικῷ,
2988 1249 3220 1314 Choer.

658 1352 830 1417 Dict.
874 1352 988 1433 35,
1039 1352 1137 1415 10.
1224 1349 1615 1436 Complexus
1671 1360 1769 1415 est
1821 1349 2037 1414 omnia
2090 1351 2385 1431 omnin0,
2442 1373 2608 1436 quae
2663 1351 2748 1415 ad
2800 1373 3037 1416 nomen
3078 1374 3219 1438 per·

659 1452 899 1535 tinent,
956 1475 1155 1540 quare
1209 1474 1471 1520 necesse
1525 1453 1679 1531 fuit,
1735 1461 1808 1516 ut
1861 1474 2007 1516 cum
2061 1451 2204 1517 aliis
2262 1451 2624 1517 Herodiani
2692 1453 2950 1539 scriptis
3017 1453 3223 1518 multa

659 1555 1027 1620 communia
1078 1555 1375 1637 haberet,
1432 1553 1714 1618 maxime
1768 1576 1915 1618 cum
1972 1553 2333 1635 Catholica‚
2402 1576 2599 1641 quum
2666 1565 2971 1620 accentus
3028 1567 3101 1620 ut
3155 1556 3223 1618 in

659 1657 956 1723 omnibus
1000 1655 1297 1744 partibus
1340 1656 1648 1720 orationis
1694 1655 1789 1719 sic
1832 1656 2031 1721 etiam
2075 1656 2140 1719 in
2183 1656 2438 1720 nomine
2480 1655 2655 1722 haud
2695 1657 2884 1744 parvi
2914 1659 3222 1723 momenti

661 1761 776 1841 sit,
844 1768 908 1824 et
959 1781 1104 1823 cum
1157 1757 1344 1824 libris
1399 1761 1545 1837 περὶ
1597 1759 1915 1838 διχρόνων
1974 1767 2038 1822 et
2089 1760 2234 1838 περὶ
2276 1763 2502 1826 παθῶν
2560 1770 2626 1825 et
2680 1781 2825 1825 cum
2889 1783 2965 1826 eo
3030 1758 3221 1841 libro,

660 1884 851 1948 quem
897 1860 1309 1926 Herodianus
1353 1860 1685 1945 inscripsit
1727 1863 1873 1939 περὶ
1915 1860 2173 1926 κλίςεως
2227 1861 2596 1947 ὀνομάτων,
2651 1862 2720 1926 id
2777 1860 2954 1949 quod
2996 1884 3112 1948 per
3155 1883 3225 1926 se

661 1963 904 2029 clarum
970 1972 1071 2027 est
1133 1973 1200 2027 et
1252 1984 1336 2026 ex
1392 1960 1874 2047 comparatione
1926 1960 2006 2025 Il.
2061 1962 2244 2027 Pros.
2299 1964 2342 2028 Ε
2390 1963 2501 2045 91,
2567 1963 2682 2029 ubi
2748 1964 2829 2028 de
2896 1963 3225 2028 declinatu

661 2063 966 2131 vocabuli
1020 2066 1253 2144 κουρής
1308 2086 1378 2127 se
1434 2064 1503 2130 ἐν
1557 2068 1693 2129 τοῖς
1746 2066 1893 2143 περὶ
1956 2064 2297 2144 ὀνομάτων
2360 2075 2654 2129 acturum
2711 2087 2855 2129 esse
2900 2064 3091 2144 dicit,
3161 2075 3225 2129 et

663 2166 743 2232 Il.
789 2167 969 2231 Pros.
1016 2166 1050 2229 I
1082 2165 1239 2245 529,
1285 2164 1401 2230 ubi
1445 2163 1938 2229 declinationem
1984 2166 2164 2231 vocis
2210 2171 2513 2246 κουρῆτες
2558 2161 2990 2230 demonstrari
3036 2170 3106 2234 ἐν
3150 2175 3225 2252 τῇ

663 2272 849 2335 κλίςει
892 2275 1023 2335 τῶν
1078 2267 1415 2348 ὀνομάτων
1469 2265 1767 2353 perhibet
1811 2276 1878 2331 et
1921 2268 1964 2332 Ε
2005 2267 2159 2347 266,
2215 2267 2329 2332 ubi
2385 2270 2455 2335 ἐν
2510 2272 2648 2333 τοῖς
2698 2272 2844 2348 περὶ
2886 2269 3224 2350 ὀνομάτων

664 2395 734 2437 se
787 2373 932 2451 περὶ
983 2376 1093 2449 τῆς
1147 2374 1481 2447 καθολικῆς
1535 2370 1834 2449 κινήςεως
1878 2374 1992 2434 τοῦ
2038 2370 2357 2449 ὀνόματος
2402 2368 2580 2454 (υἷις)
2625 2370 3000 2456 praecipere
3054 2393 3227 2435 asse-

661 2475 767 2539 rit.
855 2473 1077 2566 Neque
1133 2481 1349 2535 tamen
1401 2478 1771 2556 propterea,
1830 2469 2005 2556 quod
2059 2470 2371 2556 scriptum
2426 2474 2572 2551 περὶ
2625 2471 2964 2552 ὀνομάτων
3022 2472 3231 2551 multa

662 2573 902 2640 similia
943 2585 1138 2659 atque
1180 2571 1346 2637 liber
1387 2575 1533 2651 περὶ
1576 2572 1831 2638 κλίςεως
1875 2569 2133 2653 habuit,
2181 2571 2310 2638 duo
2355 2595 2554 2659 opera
2594 2596 2711 2660 pro
2756 2596 2883 2639 uno
2928 2573 3231 2639 habenda

661 2688 815 2743 sunt
860 2687 925 2741 et
966 2673 1458 2739 iure=Lehrsius
1503 2672 1589 2738 ad
1618 2673 1864 2738 Herod.
1910 2697 1973 2760 p.
2007 2673 2134 2738 419
2178 2683 2523 2762 utrumque
2568 2676 2893 2742 distinxit.
2961 2677 3231 2740 Praeter

664 2780 790 2845 tria
842 2780 1211 2864 fragmenta
1266 2776 1664 2857 Onomatici,
1730 2799 1898 2863 quae
1951 2778 2036 2843 ab
2090 2779 2233 2863 ipso
2287 2777 2664 2845 Herodiano
2731 2790 2995 2845 servata
3057 2788 3229 2859 sunt,

662 2881 983 2968 quaedam
1035 2879 1447 2965 reperiuntur
1502 2880 1570 2943 in
1614 2876 1865 2942 Anecd.
1922 2878 2445 2961 Oxoniensibus,
2501 2903 2710 2968 pauca
2761 2881 2937 2967 apud
2990 2882 3229 2946 Eusta-

664 2984 904 3065 thium‚
961 2980 1242 3067 plurima
1294 2979 1471 3067 apud
1516 2978 2058 3045 Choeroboscum.
2150 2979 2280 3045 Hic
2333 2993 2591 3069 praeter
2652 2993 2902 3069 partem
2956 2983 3231 3068 primam

587 3128 606 3147 .
664 3085 876 3173 operis
932 3085 1035 3148 sui
1090 3106 1132 3148 a
1183 3081 1563 3147 Gaisfordio
1617 3081 1810 3162 editi,
1879 3104 2042 3167 quae
2109 3083 2425 3170 inscripta
2477 3093 2577 3149 est
2634 3087 2947 3164 Γεωργίου
3004 3087 3230 3164 Χοιρο-

667 3193 898 3269 βοςκοῦ
941 3187 1029 3252 εἰς
1071 3188 1146 3252 τὸ
1177 3183 1558 3264 ὀνοματικόν
1603 3194 1668 3247 et
1710 3183 2060 3248 maximam
2089 3195 2341 3271 partem
2377 3208 2463 3250 ex
2491 3185 2870 3250 Herodiano
2901 3187 3234 3271 exscripta

668 3299 791 3366 est,
862 3285 1224 3351 Herodiani
1284 3283 1713 3349 Onomaticon
1776 3286 2236 3352 commentario
2304 3285 2690 3368 illustravit,
2758 3310 2951 3374 quem
3008 3286 3234 3352 laudat

667 3388 1110 3476 compluribus
1154 3385 1348 3466 locis,
1411 3407 1574 3469 quos
1616 3384 1722 3450 hic
1766 3386 2073 3465 subiicio,
2131 3388 2286 3473 quia
2330 3386 2479 3452 inde
2524 3386 2642 3453 lux
2685 3387 3005 3475 quaedam
3049 3389 3232 3453 affer·

671 3503 776 3556 tur
831 3489 1190 3554 Herodiani
1246 3488 1446 3572 libro,
1501 3509 1652 3551 nam
1706 3511 1746 3552 a
1799 3511 1957 3554 vero
2020 3512 2153 3554 non
2212 3490 2698 3572 aberrabimu8‚
2769 3491 2825 3555 si
2892 3514 3000 3572 ea,
3069 3512 3236 3577 quae

671 3591 1159 3658 Choeroboscus
1206 3614 1277 3654 se
1320 3590 1387 3652 in
1436 3591 1895 3654 commentario
1939 3591 2234 3675 attigisse
2288 3591 2476 3671 dicit,
2531 3593 2745 3678 ipsum
2789 3592 3232 3657 Herodianum

671 3696 870 3760 etiam
915 3693 1298 3758 disseruisse
1342 3692 1680 3756 sumimus:
1730 3692 1963 3757 Choer.
2010 3692 2227 3758 Gaisf.
2270 3693 2429 3774 468,
2474 3693 2692 3758 Bekk.
2741 3694 2991 3759 Anecd.
3041 3693 3231 3758 1272:

672 3800 846 3877 περὶ
895 3800 1016 3875 τῆς
1080 3797 1372 3863 τάξεως
1436 3796 1747 3862 πάντων
1802 3801 1954 3861 τῶν
2023 3801 2272 3874 μερῶν
2329 3801 2467 3861 τοῦ
2526 3796 2797 3878 λόγου,
2866 3797 2958 3862 ἔτι
3014 3799 3084 3861 δὲ
3134 3798 3239 3860 καὶ

672 3901 851 3979 περὶ
891 3903 1022 3978 τῆς
1067 3898 1213 3964 ὀνο
1227 3899 1498 3978 μαςίας
1543 3897 1764 3963 αὐτῶν.
1787 3898 1970 3962 τοῦτ’
2002 3897 2126 3962 ἔςτι
2156 3899 2320 3962 διατί
2349 3898 2554 3963 οὕτως
2585 3898 3058 3981 ὠνομάςθηςαν,
3090 3896 3236 3964 οἷον

654 3990 833 4066 ’διατί
886 4003 961 4066 τὸ
1006 4001 1214 4080 ὄνομα
1259 4001 1503 4075 λέγεται
1549 3998 1756 4079 ὄνομα
1799 4001 1902 4063 καὶ
1942 4001 2018 4063 τὸ
2065 3999 2228 4080 ῥῆμα
2275 4000 2439 4079 ῥῆμα
2492 4000 2592 4065 καὶ
2634 4001 2713 4065 τὰ
2762 4002 2957 4066 λοιπὰ
3001 3999 3239 4080 ὁμοίω(

673 4106 754 4170 ἑν
796 4108 964 4168 τοῖς
1019 4101 1645 4181 προλεγομένοις
1705 4106 1843 4166 τοῦ
1897 4102 2377 4181 ὀνοματικοῡ
2434 4102 2919 4181 Ἡρωδιανοῦ
2970 4103 3238 4182 μαθηςό-

674 4212 845 4286 μεθα.
889 4241 976 4252 -
1016 4224 1076 4288 p.
1122 4202 1276 4284 281,
1330 4204 1406 4268 13
1448 4205 1525 4269 τό
1569 4203 1683 4268 τίς
1725 4203 1970 4285 τινός,
2016 4203 2071 4268 εἰ
2113 4209 2240 4289 θεῷ
2284 4199 2511 4285 φίλον,
2567 4204 2966 4284 μαθηςόμεθα
3009 4203 3090 4269 ἐν
3134 4210 3240 4287 τῷ

673 4306 1064 4389 προοιμίῳ
1117 4309 1255 4370 τοῦ
1311 4304 1791 4385 ὀνοματικοῦ
1847 4305 2329 4384 Ἡρωδιανοῦ
2385 4308 2465 4385 μὴ
2527 4306 2888 4386 δυνάμενον
2956 4308 3241 4382 κλιθῆναι

673 4411 764 4474 δι’
808 4409 1010 4473 ἄλλου
1054 4409 1399 4488 ςυμφώνου
1459 4408 1523 4472 ἐξ
1578 4406 1856 4486 ἀνάγκης
1900 4407 2108 4487 ἐκλίθη
2165 4408 2269 4471 διὰ
2312 4412 2428 4472 τοῦ
2472 4410 2526 4472 ἧ.
2570 4443 2656 4452 -
2698 4428 2762 4491 p.
2811 4407 2965 4478 703,
3015 4405 3093 4469 19
3136 4406 3242 4470 εὕ-

674 4533 862 4591 ρημαι
906 4510 1200 4592 εὑρέθην,
1256 4510 1407 4574 ὅθεν
1462 4509 1564 4571 καὶ
1615 4509 1689 4572 τὸ
1734 4508 1943 4588 ὄνομα
1984 4511 2059 4574 τὸ
2116 4508 2455 4589 ῥηματικὸν
2510 4509 2832 4587 εὑρετής
2887 4509 2992 4572 διὰ
3045 4511 3162 4571 τοῦ
3210 4510 3245 4572 ἒ

675 4614 870 4695 ἐςτίν,
926 4610 1084 4690 ὅπερ
1137 4613 1243 4676 καὶ
1282 4611 1441 4675 κατὰ
1482 4610 1599 4675 τὸν
1642 4611 1838 4676 τόνον
1880 4611 2240 4691 ἡμάρτηται.
2326 4612 2473 4689 περὶ
2527 4609 2606 4675 οὗ
2663 4610 2743 4676 ἐν
2799 4616 2902 4695 τῷ
2948 4610 3088 4674 ὀνο
3103 4630 3243 4689 μα-

674 4704 857 4799 τικῷ
911 4712 1424 4794 Ἡρωδιανοῦ,
1477 4711 1532 4775 εἰ
1584 4717 1711 4795 θεῷ
1764 4713 1991 4795 φίλον,
2049 4715 2459 4793 μαθηςόμεθα.
2503 4748 2590 4759 -
2641 4734 2707 4797 p.
2753 4709 2879 4775 276
2922 4711 3068 4788 περὶ
3123 4716 3246 4775 τοῦ

677 4814 876 4899 «ὧρςε
932 4815 996 4883 δ’
1051 4816 1156 4881 ἐπὶ
1205 4816 1390 4893 ζαῆν
1447 4811 1725 4893 ἄνεμον»
1793 4811 1950 4896 (Od.
2006 4836 2048 4897 μ
2091 4815 2243 4902 313)
2302 4816 2580 4895 ςημαίνει
2637 4816 2708 4881 δὲ
2760 4815 2876 4879 τὸν
2930 4812 3246 4896 ςφοδρόν,
