3664 5546
615 302 748 368 428
1558 299 1640 355 εκ
1677 299 1817 354 mu
1862 294 2272 356 ΗΡΩΔιΑΝοΥ

784 473 857 538 Αἱ
902 473 991 539 εἰς
1034 476 1102 537 {E
1132 472 1294 552 ὑπὲρ
1324 471 1445 536 δύο
1479 471 1793 552 ςυλλαβὰς
1823 469 2060 537 εὐθεῖαι
2096 471 2438 553 βαρύνουςι
2468 471 2582 537 τὰς
2610 470 2898 555 γενικάς,
2942 470 3209 539 Αἴαντε(

615 575 1002 657 Αἰάντων,
1048 574 1396 655 ἑβδομάδες
1426 574 1914 658 ἑβδομάδων,
1944 573 2231 655 εὐςεβέες
2272 574 2691 658 εὐςεβέων,
2738 573 3003 651 ςτάχύες
3034 595 3208 640 ςτα-

617 678 861 758 χύων,
906 676 1146 756 ὀςφύες
1190 676 1527 756 ὀςφύων.
1615 675 1746 740 ἔδει
1791 675 1913 741 οὐν
1958 676 2064 740 καὶ
2113 678 2189 741 τὸ
2233 677 2579 759 πόλεων,
2636 676 3029 760 μάντεων,
3072 698 3207 742 πε-

618 780 906 845 λέκεων
963 779 1066 844 καὶ
1119 777 1200 842 τὰ
1254 777 1508 843 τούτοις
1562 778 1970 857 παραπλήςια
2019 780 2147 857 πρὸ
2204 781 2346 859 μιᾶς
2398 778 2569 859 ἔχειν
2615 780 2731 844 τὸν
2775 779 2991 844 τόνον.
3065 778 3210 844 ἀλλ’

555 892 588 943 5
619 880 937 946 Ἀττικούς
968 902 1121 961 φαςι
1149 879 1667 959 προπαροξύνειν
1696 884 1927 964 ταῦτα,
1972 880 2137 960 άπερ
2177 880 2340 946 ἐςτὶν
2386 879 2519 947 ἀπὸ
2547 886 2680 946 τῶν
2712 880 2802 946 εἰς
2832 885 2887 945 fc
2919 880 3206 964 εὐθειῶν,

618 985 721 1049 καὶ
764 983 857 1048 ἔτι
902 982 1021 1048 δύο
1068 981 1199 1047 ἀπὸ
1230 988 1362 1048 τῶν
1393 982 1483 1047 εἰς
1512 985 1616 1065 GE,
1673 982 1750 1047 τό
1795 1004 1866 1047 τε
1911 983 2226 1063 πήχεων
2271 984 2375 1049 καὶ
2402 983 2745 1049 πελέκεων.
2805 982 3206 1062 ςεςημείωται

616 1086 810 1151 πάλιν
854 1091 1256 1161 γυναικῶν
1301 1084 1403 1149 καὶ
1447 1090 1856 1164 θυγατρῶν
1911 1086 2359 1165 περιςπώμενα
2402 1083 2685 1165 ἑπόμενα
2728 1091 2820 1168 τῷ
2863 1085 3044 1169 τόπῳ
3087 1088 3206 1150 τοῦ

615 1188 815 1253 τόνου
859 1190 972 1265 τῆς
1014 1189 1268 1264 γενικῆς
1312 1187 1521 1264 ἑνικῆς
1564 1188 1669 1251 καὶ
1709 1188 1789 1252 τὰ
1832 1187 1983 1266 παρ’
2023 1187 2374 1267 Ἀθηναίοις
2418 1185 2791 1267 ἀριθμητικὰ
2833 1188 2911 1252 τὸ
2956 1186 3204 1265 χιλιά-

619 1294 752 1355 δων
798 1289 900 1354 καὶ
943 1288 1364 1369 μυριάδων.
1452 1292 1651 1354 ταῦτα
1705 1289 1829 1369 γάρ
1875 1290 2025 1369 παρ’
2077 1288 2300 1354 αὐτοῖς
2344 1296 2805 1373 περιςπῶνται,
2862 1289 3013 1368 παρ’
3054 1290 3203 1370 ἡμῖν

518 1399 583 1449 10
618 1393 689 1456 δὲ
735 1391 1135 1472 βαρύνονται.

785 1492 860 1557 Αἱ
905 1494 977 1556 δὲ
1023 1490 1112 1558 είς
1157 1496 1246 1556 {Ti
1291 1491 1530 1557 εὐθεῖαι
1575 1495 1997 1578 ςυνῃρημέναι
2042 1494 2155 1560 εἰςὶ
2208 1494 2311 1559 καὶ
2354 1500 2697 1573 περιςπῶςι
2742 1494 2857 1559 τὰς
2903 1493 3061 1558 ἰδίας
3103 1513 3204 1570 γε-

618 1595 828 1677 νικάς,
888 1595 977 1660 ὡς
1019 1596 1141 1673 ἤδη
1186 1593 1485 1677 εἴπομεν,
1544 1596 1894 1675 (ωκράτεις
1951 1597 2408 1679 (ωκρατῶν,
2465 1597 2901 1677 Δημοςθένεις
2942 1597 3202 1674 Δημο-

621 1702 950 1779 ςθενῶν,
994 1694 1281 1776 εὐςεβεῑς
1316 1696 1669 1776 εὐςεβῶν.
1757 1700 1834 1762 τὸ
1880 1699 2247 1764 δυςώδων
2292 1699 2395 1763 καὶ
2437 1698 2760 1764 εὐώδων
2812 1699 2917 1763 καὶ
2959 1698 3204 1763 νοςώ-

620 1804 773 1864 δων
816 1804 909 1882 τῷ
955 1797 1131 1880 λόγῳ
1177 1799 1293 1877 μὲν
1338 1800 1979 1884 περιςπαςθήςονται,
2025 1801 2062 1865 ὁ
2109 1802 2180 1866 δὲ
2226 1800 2627 1881 Ἀρίςταρχος
2670 1801 2905 1866 ταύτας
2950 1801 3052 1865 καὶ
3093 1799 3205 1864 τὰς

523 1908 583 1960 15
620 1898 843 1978 ὁμοίας
890 1899 1146 1979 βαρύνει
1192 1899 1261 1965 ἐκ
1302 1904 1421 1965 τοῦ
1465 1900 1704 1966 οἴεςθαι
1746 1901 1861 1967 τὰς
1906 1902 2182 1969 ἐντελεῖς
2234 1903 2490 1978 γενικὰς
2534 1901 2749 1967 αὐτῶν
2800 1901 3203 1981 προπαροξύ-

620 2006 863 2082 νεςθαι,
921 1999 1224 2067 εὐώδεων
1283 2003 1373 2067 ὡς
1429 2002 1706 2068 πόλεων.
1795 2004 1917 2070 οὐκ
1971 2004 2290 2080 εὐλόγως·
2346 2004 2535 2084 μόναι
2590 2005 2714 2082 γὰρ
2769 2004 2833 2069 αἱ
2888 2003 3019 2070 ἀπὸ
3076 2010 3204 2068 τῶν

619 2103 709 2169 εἰς
766 2105 818 2166 ῖς
875 2103 1267 2182 ύπάρχουςιν
1323 2104 1387 2168 αἱ
1444 2106 2121 2188 προπαροξυνόμεναι,
2186 2107 2478 2189 πόλεων,
2533 2106 2863 2190 μάντεων,
2929 2107 3033 2171 καὶ
3086 2104 3204 2169 δύο

620 2205 752 2270 ἀπὸ
795 2211 926 2270 τῶν
972 2205 1062 2270 εἰς
1108 2209 1189 2272 BE
1233 2208 1590 2291 πελέκεων,
1636 2208 1931 2288 πήχεων,
1980 2208 2044 2273 αἱ
2075 2210 2146 2273 δὲ
2176 2209 2395 2273 λοιπαὶ
2424 2212 2615 2273 πᾶςαι
2648 2209 2990 2289 βαρύτονοι
3026 2205 3207 2271 οὐςαι

620 2308 749 2386 πρὸ
795 2311 938 2387 μιᾶς
982 2308 1198 2388 ἔχουςι
1242 2309 1359 2373 τὸν
1402 2308 1632 2393 τόνον,
1679 2310 1771 2374 ὥς
1814 2310 2161 2388 πρόκειται.
2221 2310 2610 2388 παραλόγως
2655 2309 2776 2375 οὐν
2809 2308 3237 2388 Ἀρίςταρχος·

518 2418 586 2469 20
622 2409 880 2489 βαρύνει
924 2410 1026 2474 καὶ
1070 2409 1321 2488 ἐπείςθη
1366 2409 1404 2488 ή
1450 2410 1816 2489 παράδοςις.
1884 2413 1987 2476 καὶ
2029 2412 2104 2476 τὸ
2148 2411 2489 2490 τριήρων
2536 2410 2598 2476 οἱ
2643 2413 2758 2491 μὲν
2805 2410 3207 2492 βαρύνουςιν,

621 2511 683 2575 οἱ
727 2512 800 2575 δὲ
844 2517 1257 2594 περιςπῶςιν,
1302 2512 1514 2590 ὥςπερ
1546 2497 1648 2576 καὶ
1691 2512 2106 2590 αὐτάρκων
2151 2513 2254 2578 καὶ
2298 2512 2664 2579 αὐθάδων
2709 2514 2812 2578 καὶ
2852 2513 2944 2582 τὸ,
2977 2512 3206 2589 ςυνή-

621 2617 777 2677 θων
822 2613 929 2677 καὶ
969 2613 1385 2693 κακοήθων
1434 2614 1769 2693 βαρύνεται
1796 2613 2027 2706 ,ὥςπερ
2073 2615 2177 2680 καὶ
2217 2615 2297 2680 τὰ
2341 2613 2555 2681 αὐτῶν
2600 2615 3009 2695 ἐπιρρήματα.

622 2943 687 2992 ἶς’
726 2938 975 3005 λήγοντα
1020 2938 1318 3003 διςύλλαβα
1365 2937 1620 3002 ὀνόματα
1666 2937 1769 2990 ἐπ’
1805 2937 2024 2992 εὐθείας
2072 2941 2454 3005 πληθυντικῆς
2502 2939 2614 3004 ἔχει
2658 2941 2889 3005 γενικὴν
2930 2954 3211 3004 περιςπω-

623 3006 827 3072 μένην·
865 3007 952 3059 διὸ
989 3007 1079 3060 καὶ
1113 3006 1185 3058 τὸ
1222 3006 1443 3072 Τρώων
1488 3008 1579 3058 καὶ
1622 3006 1834 3069 δμώων
1882 3008 1972 3060 καὶ
2020 3006 2241 3060 παίδων
2287 3007 2627 3072 ἀνεγίνωςκε
2676 3010 2991 3073 περιςπῶν,
3030 3007 3112 3059 ἔτι
3148 3007 3211 3059 δὲ

621 3075 712 3126 καὶ
747 3074 817 3127 τὸ
855 3074 1093 3127 πάντων
1128 3074 1220 3126 καὶ
1255 3073 1412 3126 λάων
1450 3075 1540 3125 καὶ
1575 3072 1779 3139 τίνων,
1819 3076 1948 3140 περὶ
1984 3073 2068 3125 ὧν
2106 3074 2278 3138 λόγον
2315 3075 2537 3127 ἔδωκαν
2573 3077 2662 3128 καὶ
2699 3075 2752 3130 οί
2778 3076 2890 3140 πρὸ
2926 3076 3093 3139 ήμῶν
3118 3076 3210 3126 καὶ

620 3142 796 3207 ἡμεῖς.
866 3144 937 3194 ef.
974 3144 1207 3195 alterum
1245 3142 1426 3194 Schol.
1463 3143 1533 3193 ad
1569 3144 1620 3193 h.
1656 3142 1718 3206 1.,
1769 3145 1911 3207 quod
1955 3149 2018 3193 ut
2062 3160 2096 3193 a
2131 3143 2365 3197 Lehrsio
2401 3145 2568 3196 Arist.
2606 3161 2657 3211 p.
2683 3148 2782 3196 254
2820 3145 2904 3195 ed.
2942 3145 2996 3195 11
3032 3158 3210 3193 emen-

622 3211 810 3263 datum
847 3217 960 3275 est,
998 3212 1089 3261 hic
1124 3212 1381 3262 subiioio=
1418 3210 1488 3262 τὸ
1524 3209 1697 3262 θώων
1744 3209 1881 3262 ἔνιοι
1917 3212 2286 3276 περιςπῶςιν,
2331 3210 2417 3263 ἵν’
2453 3212 2703 3277 ὁμοτονῇ
2749 3215 2833 3278 τῷ
2879 3212 3072 3277 θηρῶν
3118 3211 3211 3261 καὶ

623 3280 827 3330 κυνῶν.
897 3278 932 3342 ἡ
989 3278 1050 3331 δὲ
1104 3277 1403 3342 παράδοςις
1457 3277 1808 3342 βαρυτόνως·
1865 3277 2052 3330 οὕτως
2105 3278 2166 3330 δὲ
2211 3279 2300 3331 καὶ
2355 3278 2388 3330 ὁ
2437 3278 2790 3345 Ἀρίςταρχος
2845 3277 3210 3343 προφέρεται.

514 3401 528 3407 ,
621 3346 866 3411 Διοκλῆς
902 3346 965 3398 δὲ
1000 3346 1091 3397 καὶ
1129 3345 1161 3398 ὁ
1187 3344 1334 3413 Θρᾷξ
1360 3345 1651 3398 Διονύςιος
1688 3345 2194 3409 καταγινώςκουςιν
2232 3347 2410 3400 αὐτοῦ
2439 3345 2518 3399 ὡς
2545 3348 2887 3413 βαρύνοντος
2912 3347 3020 3411 τὴν
3045 3345 3210 3397 λέξιν.

624 3412 816 3466 Κάςιος
868 3414 930 3467 δὲ
974 3412 1434 3477 ἀπολογούμενος
1478 3413 1623 3478 ὑπὲρ
1675 3416 1779 3479 τῆς
1834 3413 2260 3479 βαρυτονήςεώς
2313 3429 2481 3479 φηςιν
2536 3415 2624 3467 ὅτι
2678 3415 2750 3466 τὰ
2803 3413 3209 3477 μονοςύλλαβα,

621 3481 761 3533 ὅταν
800 3480 901 3544 μὲν
939 3481 1037 3546 ἔχῃ
1076 3481 1185 3543 τὴν
1222 3481 1609 3545 πληθυντικὴν
1647 3480 1739 3533 ἐπὶ
1775 3484 1880 3546 τῆς
1915 3481 2243 3534 τελευταίας
2288 3484 2563 3547 ςυλλαβῆς
2602 3482 2742 3545 μετὰ
2778 3482 3085 3545 ςυμφώνου
3122 3481 3211 3532 λε-

620 3548 870 3613 γομένην
917 3547 1149 3599 πάντως
1196 3549 1286 3600 καὶ
1334 3547 1477 3600 κατὰ
1521 3550 1752 3614 γενικὴν
1789 3552 2149 3615 περιςπᾶται,
2198 3548 2322 3602 οἷον
2368 3552 2563 3615 θῆρες,
2602 3551 2796 3614 κύνες,
2835 3552 3031 3614 χῆνες,
3070 3548 3213 3600 ὅταν

622 3616 684 3667 δὲ
719 3615 834 3667 ἀπὸ
871 3615 1209 3679 φωνήεντος
1245 3615 1589 3681 ἀρχομένην,
1629 3615 1863 3669 πάντως
1901 3618 2392 3683 βαρυτονουμένην
2441 3616 2565 3670 οἷον
2602 3617 2797 3682 Τρῶες
2843 3618 3026 3680 δμῶες
3062 3619 3212 3668 λᾶες.

622 3680 927 3735 ἀντίκειται
962 3683 1024 3734 δὲ
1060 3683 1219 3749 αὐτῷ
1255 3683 1325 3735 τὸ
1362 3682 1584 3735 παίδων
1621 3685 1711 3735 καὶ
1750 3683 2003 3736 πάντων.
2075 3684 2261 3751 Χαῖρις
2295 3685 2357 3738 δέ
2394 3701 2562 3750 φηςιν
2598 3685 2702 3738 οὐκ
2739 3686 2885 3737 εἶναι
2928 3684 2990 3737 ἐν
3033 3685 3213 3737 διςυλ-

623 3750 811 3815 λάβοις
847 3750 1153 3814 ἀναλογίαν
1182 3752 1252 3817 (3³)
1293 3752 1364 3803 ef.
1403 3752 1658 3803 Eustath.
1695 3756 1820 3811 922,
1850 3756 1943 3804 50.
2124 3753 2160 3803 l.
2203 3757 2331 3805 1—‘1
2369 3756 2669 3818 θυγατρῶν
2706 3752 3106 3819 περιςπώμενα
3145 3770 3214 3804 ex

624 3821 703 3870 10.
739 3819 822 3869 Al.
862 3821 942 3881 19,
979 3823 1038 3881 43
1079 3820 1250 3871 verba
1288 3818 1539 3882 ἑπόμενα
1575 3836 1746 3884 usque
1783 3821 1853 3870 ad
1891 3820 2051 3872 finem
2089 3837 2156 3871 ex
2192 3821 2313 3874 Arc.
2357 3825 2468 3885 136,
2506 3825 2555 3872 2.
2716 3822 2751 3871 1.
2790 3825 2988 3872 11-12
3025 3837 3094 3871 ex
3127 3822 3210 3875 10.

622 3887 705 3938 Al.
748 3890 835 3941 19.
877 3891 956 3938 13.
992 3914 1060 3925 —
1095 3888 1129 3938 1.
1170 3891 1232 3939 13
1269 3886 1509 3951 εὐςεβεῖς
1557 3887 1803 3952 εύςεβῶν
1849 3888 2039 3938 addidi
2085 3895 2307 3954 propter
2339 3890 2636 3955 sequentia
2671 3890 2948 3940 adiectiva
2985 3904 3051 3939 ex
3085 3888 3211 3942 Asc.

625 3957 740 4019 136,
778 3959 861 4007 21.
899 3979 965 3991 -ω
1003 3958 1157 4020 Quae
1194 3963 1527 4022 sequuntur,
1566 3957 1834 4007 constitui
1870 3972 1937 4007 ex
1972 3959 2051 4008 Io.
2086 3959 2169 4008 Al.
2209 3964 2266 4007 et
2298 3958 2552 4008 Arcadio.
2622 3957 2700 4009 10.
2735 3957 2821 4008 Al.
2859 3958 2939 4008 sio
3013 3972 3211 4007 rouun-

623 4025 758 4074 eiat:
795 4022 866 4075 τὸ
903 4022 1172 4075 δυςώδων
1210 4024 1301 4076 καὶ
1337 4022 1575 4076 εὐώδων
1610 4028 1695 4088 τῷ
1734 4024 1890 4089 λόγῳ
1929 4024 2031 4088 μὲν
2068 4024 2632 4089 περιςπαςθήςονται,
2673 4025 2806 4089 φαςὶ
2840 4023 2903 4075 δὲ
2937 3973 3043 4075 τὲν
3070 4021 3211 4088 Ἀρί-

623 4104 864 4211 ἓίαὲἰξῧν
882 4091 1112 4212 οἷὲἓέἒῗ
1137 4092 1239 4212 ἔέἐ
1283 4089 2603 4224 ἔῗξ.ἰὲἒὲίῗε.ῗὲἕὲνὲἱινέῶῗπὲἷὲἰῗξοέἰινΐέθέ.
2636 4092 2977 4212 ’Ἷὲἵῗὲὤῗζ
2995 4104 3209 4211 ώῖηξέἒ

621 4227 794 4278 λεων·
834 4229 1044 4280 κακῶς·
1083 4227 1249 4292 μόναι
1284 4227 1390 4291 γὰρ
1425 4254 1487 4263 -
1529 4227 1837 4292 πρόκειται.
1906 4229 2070 4279 Hunc
2105 4245 2173 4279 ex
2211 4229 2521 4279 Herodiani
2567 4199 2847 4280 se⁷ntentia
2895 4233 2952 4278 et
2987 4241 3213 4278 consue·

619 4295 813 4347 tudine
862 4295 1010 4358 (nam
1053 4312 1164 4347 non
1210 4297 1293 4346 sic
1337 4300 1421 4345 ut·
1454 4295 1544 4345 hie
1588 4296 1797 4345 factum
1853 4301 1963 4355 est,
2010 4302 2202 4346 eontra
2247 4296 2624 4347 Aristarchum
2676 4296 2946 4361 disputat)
2999 4295 3215 4345 mutavi

622 4362 832 4414 addens
869 4380 936 4413 ex
973 4365 1089 4428 ipso
1127 4364 1207 4414 Io.
1243 4363 1332 4414 Al.
1367 4365 1458 4424 39,
1500 4365 1564 4414 15
1599 4360 1896 4413 νοςώδων;
1945 4361 1976 4414 ὁ
2021 4362 2083 4416 δὲ
2122 4361 2477 4428 Ἀρίςταρχος
2522 4364 2613 4415 καὶ
2655 4362 2727 4415 τὸ
2773 4362 3041 4415 νοςώδων
3088 4359 3212 4423 ἐβά-

621 4445 791 4495 ρυνεν
836 4429 1088 4494 ἀλόγως,
1137 4437 1194 4481 et
1239 4428 1582 4494 παραλόγως
1618 4428 1723 4481 οὖν
1762 4427 2116 4495 Ἀρίςταρχος
2154 4431 2378 4496 βαρύνει
2414 4432 2506 4483 καὶ
2552 4428 2779 4495 ἐπείςθη
2828 4430 2863 4494 ἡ
2912 4427 3212 4494 παράδοςις

624 4515 695 4550 ex
730 4498 1034 4550 Herodiani
1070 4499 1352 4549 sententia
1388 4514 1694 4563 apponens»,
1734 4514 1898 4563 quam
1934 4501 2105 4550 otiam
2138 4500 2365 4551 Arcadii
2401 4502 2573 4551 verba
2616 4499 2685 4550 τὸ
2729 4496 3000 4550 δυςώδων
3036 4510 3213 4559 παρα·

626 4564 814 4628 λόγως
859 4564 1135 4631 ἐβαρύνθη
1182 4571 1618 4631 repraesentant.
1699 4566 1771 4616 cf.
1816 4567 2088 4620 Theodos,
2134 4568 2314 4619 Bekk.
2360 4570 2460 4620 An.
2509 4570 2667 4630 1006,
2715 4569 2782 4617 24
2827 4566 2896 4617 τὸ
2940 4562 3212 4616 δυςώδων

628 4630 981 4698 Ἀρίςταρχος
1017 4632 1242 4695 ἀλόγως
1278 4632 1547 4698 ἑβάρυνεν
1584 4633 1675 4685 καὶ
1712 4632 1962 4698 τριήρων
1997 4632 2132 4698 φαςί
2164 4649 2313 4686 τινες
2343 4634 2631 4686 Ἀττικοὺς
2657 4632 2984 4699 βαρυτόνως
3009 4631 3211 4693 λέγειν.

626 4727 694 4737 —-
727 4701 762 4750 1.
800 4704 867 4752 20
902 4701 992 4752 καὶ
1027 4701 1098 4752 τὸ
1134 4699 1384 4765 τριήρων
1420 4717 1589 4765 usque
1626 4701 1696 4751 ad
1732 4700 1894 4753 finem
1942 4703 2212 4754 debentur
2246 4702 2483 4753 Arcadio
2522 4705 2648 4766 136,
2686 4705 2779 4765 22,
2823 4699 3087 4753 αὐθάδων
3125 4716 3216 4751 ac-

627 4769 798 4820 cessit
834 4785 902 4820 ex
937 4769 1014 4821 10.
1050 4768 1133 4819 Al.
1170 4771 1252 4832 39,
1295 4771 1373 4821 13.
1444 4770 1515 4819 cf.
1552 4769 1729 4820 Lehrs
1763 4770 1932 4821 Arist.
1969 4786 2021 4835 p.
2058 4773 2159 4822 254
2193 4770 2279 4839 ed.
2317 4770 2388 4820 11.
