3664 5546
1196 293 1354 348 Περι
1398 291 1791 347 κΑοοΛικΗς
1828 258 2253 348 ΠΡοςΩῐΔιΑς
2293 292 2368 346 ιΒ.
2402 260 2411 273 ’
2775 276 2786 299 “
2944 292 3068 358 337

479 466 801 543 κορώνη.
862 463 987 528 ἔςτι
1030 465 1131 526 καὶ
1178 463 1365 528 πόλις
1399 464 1778 547 Μεςςηνίας,
1817 464 1915 529 ὡς
1952 463 2411 544 Ἀρτεμίδωρος
2445 462 2698 547 ἑβδόμῳ
2733 466 2850 527 τοῦ
2881 484 3068 529 κατα-
3112 551 3126 561 ⁶

480 567 714 648 λόγου,
759 567 862 630 καὶ
911 569 1104 645 μοῖρα
1154 568 1265 642 τῆς
1310 566 1666 645 (αλαμῖνος
1708 568 1820 642 τῆς
1875 565 1948 630 ἐν
1994 566 2242 649 Κύπρῳ.
2332 565 2462 630 ἔςτι
2504 568 2573 629 δὲ
2620 566 2723 629 καὶ
2763 566 3069 631 Βιθυνίας.

479 668 897 747 μελεδώνη.
975 668 1230 747 Ἰτώνη
1261 669 1441 746 χώρα
1472 667 1601 732 ὑπὸ
1644 669 1762 731 τὸν
1806 665 2041 750 Αἷμον,
2086 667 2176 731 ὡς
2206 665 2531 731 Ἑκαταῖος
2576 667 2865 751 Εὐρώπῃ.
2945 666 3070 732 ἔςτι

477 772 580 834 καὶ
618 770 804 833 πόλις
848 770 1063 848 Ἰτώνη
1106 770 1175 834 ἐν
1207 769 1484 852 Ἠπείρῳ
1523 769 1626 832 καὶ
1668 768 1928 833 Ἰταλίας
1969 770 2072 833 καὶ
2117 767 2423 837 Βοιωτίας
2467 769 2571 832 καὶ
2610 769 2841 833 Λυδίας
2886 770 2987 834 καὶ
3031 770 3070 848 ἡ

443 858 707 950 ’Ἀθηνᾶ
731 872 960 950 Ἰτώνη.
1008 871 1449 949 ἐντεριώνη.
1498 869 3129 954 Ἀτρυτώνη,Ἀκριςιώνη,Ἠλεκτρυώνη,5

475 973 755 1051 Ἠῖώνη
812 973 999 1037 πόλις
1045 971 1370 1037 Βοιωτίας.
1446 972 1885 1053 Ἀμυμώνη,
1931 972 2305 1053 Ἠριώνη,
2350 972 2655 1053 Διώνη,
2703 972 3069 1051 Μηκώνη·

478 1073 686 1139 οὕτως
728 1074 1018 1138 ἐκαλεῖτο
1062 1072 1101 1150 ἡ
1146 1070 1403 1139 (ικυών.
1471 1073 1894 1151 Ἀργειώνη
1942 1073 2033 1138 ὡς
2062 1073 2462 1152 Ἀντίμαχος·
2508 1073 2715 1137 οὕτως
2760 1074 2801 1152 ἡ
2834 1073 3068 1152 Ἑλένη.

478 1176 854 1260 ῥᾳςτώνη.
914 1175 1158 1254 Ἰώνη·
1205 1175 1412 1240 οὕτως
1459 1175 1747 1239 ἐκαλεῖτο
1791 1172 1830 1252 ἡ
1867 1174 2025 1240 Γάζα
2069 1173 2201 1239 ἀπὸ
2233 1175 2387 1240 Ἰοῦς
2416 1175 2934 1254 προςπλευςάςης
2965 1177 3066 1241 καὶ

476 1279 769 1357 μεινάςης
815 1278 944 1341 ἐκεῖ
972 1277 1074 1339 καὶ
1103 1276 1141 1354 ἡ
1173 1276 1522 1356 Ἀντιόχεια
1550 1276 1589 1354 ἡ
1621 1277 1796 1354 παρὰ
1825 1275 2144 1359 Δάφνην,
2191 1276 2270 1354 ἣν
2303 1277 2554 1358 ᾤκηςαν
2586 1277 2875 1355 Ἀργεῖοι.
2940 1277 3068 1342 Χι-

476 1381 714 1457 τώνη·
754 1378 964 1443 οὕτως
992 1379 1030 1456 ἡ
1055 1379 1343 1458 Ἄρτεμις
1374 1378 1635 1454 ἐλέγετο
1668 1379 1769 1442 καὶ
1794 1375 2083 1442 Χιτωνία.
2131 1377 2427 1456 Ἠλώνη
2459 1364 2646 1442 πόλις
2667 1378 3066 1459 Περραιβική.
3110 1392 3173 1442 10

476 1481 762 1559 Ὅμηρος
809 1481 1080 1559 «Ὀρθὴν
1127 1481 1420 1559 Ἠλώνην
1464 1500 1573 1544 τε»
1620 1482 1698 1560 (Β
1733 1478 1922 1561 739),
1979 1482 2097 1543 νῦν
2145 1480 2216 1543 δὲ
2260 1479 2616 1558 Λειμώνη
2673 1481 2778 1544 διὰ
2821 1480 2938 1544 τὸν
2997 1480 3067 1546 ἐν

476 1582 635 1664 αὐτῇ
683 1586 976 1661 λειμῶνα.
1041 1581 1398 1664 Κολώνη,
1443 1581 1873 1659 γρονθώνη.
1938 1580 2292 1671 Γυρντώνη
2339 1580 2527 1646 πόλις
2569 1585 2683 1659 τῆς
2725 1580 3067 1646 Θεςςαλίας

477 1684 579 1745 καὶ
607 1683 1005 1762 Περραιβίας.
1078 1682 1363 1762 Ὅμηρος
1408 1683 1485 1764 (Β
1533 1680 1700 1763 738).
1763 1682 2011 1756 λέγεται
2056 1683 2158 1745 καὶ
2204 1684 2473 1759 Γυρτών.
2538 1684 2833 1762 Βιζώνη
2878 1684 3065 1748 πόλις

480 1784 780 1862 Ποντική.
882 1785 1251 1863 Βρυςώνη
1305 1784 1344 1861 ἡ
1400 1783 1585 1863 πηγή.
1674 1782 2011 1862 Αἰγώνη·
2087 1782 2295 1848 οὕτως
2349 1782 2598 1850 Ῥιανὸς
2666 1784 3068 1869 ἑκκαιδεκάτῃ

475 1885 824 1962 Αίγώνειαν
869 1884 1060 1951 πόλιν
1110 1886 1410 1965 Μηλιέων
1457 1885 1641 1960 λέγει.
1724 1884 2017 1963 Ἁλώνη
2062 1889 2254 1963 νῆςος
2298 1886 2462 1964 πρὸς
2507 1893 2583 1970 τῇ
2634 1887 2889 1971 Κυζίκῳ,
2936 1887 3067 1966 ἥτις
3108 1900 3169 1951 15

476 1987 579 2049 καὶ
625 1986 846 2066 Νεβρίς
891 1989 993 2051 καὶ
1035 1988 1423 2067 Προχώνη
1470 1987 1773 2051 ἐκαλεῖτο.
1835 1986 2173 2067 ώνομάςθη
2220 1989 2291 2052 δὲ
2336 1986 2574 2069 οὕτως,
2606 1986 2805 2053 ὁπότε
2851 1989 2914 2053 οἱ
2957 1989 3065 2053 ἐπ-

476 2092 803 2152 οικοῦντες
856 2090 973 2166 τὴν
1026 2093 1157 2154 τῶν
1213 2089 1390 2171 ἁλῶν
1447 2088 1740 2168 ἑργαςίαν
1798 2088 2169 2168 ἐπενόηςαν.
2265 2090 2434 2154 τινες
2490 2090 2562 2153 δὲ
2617 2089 2819 2167 αὐτὴν
2875 2088 3065 2155 εἶπον

475 2189 666 2253 πόλιν
695 2190 1177 2270 Παφλαγονίας.
1241 2191 1762 2269 Ἀργανθώνη·
1814 2190 2023 2254 οὕτως
2058 2191 2305 2266 λέγεται
2342 2191 2710 2268 Ἀργανθὼν
2742 2189 2899 2268 ὄρος
2931 2194 3065 2258 Μυ-

477 2290 608 2355 ςίας
638 2292 740 2355 καὶ
769 2291 807 2369 ἡ
839 2290 1065 2369 ’Ῥήςου
1096 2293 1275 2371 γυνή.
1337 2292 1637 2371 Ἰςτώνη
1683 2292 1841 2371 ὄρος
1871 2294 2178 2371 προςεχὲς
2207 2298 2285 2376 τῇ
2318 2293 2615 2377 Κερκύρᾳ.
2678 2292 3069 2372 Θουκυδίδης

475 2392 648 2476 τρίτῃ
695 2393 778 2474 (ο.
827 2390 953 2473 85).
1022 2393 1398 2472 Λογγώνη
1445 2391 1720 2458 (ικελίας
1764 2395 1968 2459 πόλις.
2052 2395 2465 2477 Κελαδών,η
2510 2394 2698 2459 πόλις
2742 2395 3064 2473 Λοκρίδος.
3103 2408 3172 2457 20

480 2492 886 2571 Κρηςτώνη
941 2486 1441 2576 πόλιςθρᾴκης.
1529 2495 1890 2574 Λυκόφρων
1947 2496 2042 2577 (V.
2090 2494 2243 2575 937)
2302 2495 2780 2576 «ὁρμωκοτῆςαι
2840 2496 2956 2562 τόν
2998 2517 3067 2561 τε

483 2592 857 2672 Κρηςτώνης
901 2594 1109 2660 θεόν».
1200 2594 1368 2661 ἔοικε
1415 2597 1486 2660 δὲ
1530 2594 1701 2660 εἶναι
1738 2597 1778 2674 ἡ
1829 2597 2124 2675 Κρηςτών
2168 2598 2327 2675 παρ’
2371 2596 2658 2682 Ἡςιόδῳ.
2746 2599 3065 2676 Λυκώνη

476 2695 663 2758 πόλις
709 2695 976 2778 Θρᾴκης.
1066 2692 1906 2777 Εύφορίων’”1ππομε’δοντι.
1997 2698 2365 2778 (αλμώνη
2410 2698 2599 2764 πόλις
2656 2703 2766 2778 τῆς
2811 2700 3064 2773 Πιςάτι-

478 2801 590 2860 δος
634 2798 736 2860 καὶ
780 2798 978 2875 κρήνη
1020 2798 1360 2878 ὁμώνυμος
1403 2797 1534 2863 ἀπὸ
1580 2804 1698 2864 τοῦ
1730 2799 2122 2880 (αλμωνὲως
2164 2805 2282 2864 τοῦ
2329 2802 2647 2880 βαςιλέως.
2714 2799 3066 2867 (αλῶναι

395 2929 408 2940 ·
476 2899 663 2963 πόλις
707 2898 1091 2977 Δελματίας)
1177 2899 1546 2979 Κυρτώνη
1591 2899 1866 2979 ἀρχαῖον
1911 2895 2119 2981 ὄνομα
2168 2905 2285 2965 τοῦ
2331 2904 2635 2968 Βοιωτίας
2680 2904 3064 2983 πολίςματος
3100 2918 3165 2966 25

476 2999 514 3062 ὃ
561 3001 809 3075 λέγεται
859 3000 1203 3079 Κύρτωνες.
1291 3001 1584 3080 (κιώνη
1629 3002 1815 3067 πόλις
1862 3003 2141 3084 Θρᾴκης,
2187 3002 2347 3067 ἔνθα
2393 3005 2639 3081 λέγεται
2685 3006 2799 3069 τὰς
2844 3005 3065 3089 Τρῳά-

476 3104 590 3164 δας
635 3100 1108 3184 αἰχμαλώτους,
1165 3104 1270 3167 διὰ
1323 3104 1400 3167 τὸ
1441 3105 1537 3182 -μὴ
1593 3103 1722 3167 ὑπὸ
1777 3107 1909 3169 τῶν
1956 3103 2279 3182 Ἑλλήνων
2336 3104 2424 3170 εἰς
2481 3107 2781 3171 δουλείαν
2834 3105 3061 3180 ἀπενε-

477 3204 700 3278 χθῆναι
743 3207 875 3267 τῶν
920 3203 1135 3267 αὐτῶν
1180 3208 1530 3286 γυναικῶν,
1587 3204 1893 3284 ἑμπρῆςαι
1949 3205 2063 3270 τὰς
2107 3210 2279 3286 ναῦς.
2370 3205 2432 3270 οἱ
2490 3208 2560 3271 δὲ
2604 3208 2853 3273 πλοίων
2899 3207 3061 3273 ἀπο-

475 3306 742 3380 ροῦντες
787 3303 851 3370 ἐξ
896 3302 1175 3382 ἀνάγκης
1232 3306 1602 3384 κατέμειναν
1660 3305 1861 3370 αὐτοῦ
1915 3307 2108 3371 πόλιν
2155 3305 2437 3387 (κιώνην
2483 3307 2847 3374 οἰκίςαντες.
2937 3310 3062 3374 Οἰ-

476 3403 684 3483 νώνη
749 3408 940 3482 νῆςος
1012 3412 1143 3470 τῶν
1200 3405 1527 3473 Αἰακιδῶν.
1627 3409 1948 3486 Τορώνη
2002 3409 2188 3473 πόλις
2254 3408 2503 3491 Θρᾴκης
2565 3409 2697 3475 ἀπὸ
2755 3412 3062 3490 Τορώνης
3099 3423 3166 3473 30

473 3508 585 3582 τῆς
628 3505 950 3583 Πρωτέως
992 3509 1030 3585 ἢ
1075 3508 1487 3573 Ποςειδῶνος
1530 3510 1633 3573 καὶ
1675 3509 1988 3588 Φοινίκης.
2072 3510 2197 3574 ἔςτι
2243 3511 2346 3574 καὶ
2388 3511 2550 3590 ἄλλη
2596 3512 2864 3590 Τορώνη
2910 3514 3065 3592 μετὰ

474 3606 709 3684 Τροίαν
754 3611 1088 3673 κτιςθεῖςαῑ
1164 3610 1238 3674 τὸ
1286 3612 1358 3674 δὲ
1401 3609 1698 3688 Αἰξωνή
1745 3614 1943 3691 δῆμος
1998 3615 2109 3689 τῆς
2160 3612 2545 3690 Κεκροπίδος
2591 3617 2799 3692 φυλῆς
2844 3607 3062 3680 ὀξύνε-

473 3727 603 3790 ται,
652 3708 742 3772 ὼς
788 3707 1042 3774 εἴθιςται
1088 3710 1192 3774 ἐπὶ
1235 3715 1500 3776 πολλῶν
1531 3717 1661 3777 τῶν
1694 3713 1946 3796 δήμων,
1992 3716 2094 3778 καὶ
2135 3713 2209 3777 τὸ
2262 3713 2607 3780 Κλεωναί
2652 3716 2755 3779 καὶ
2803 3715 3062 3780 Κολω-

473 3809 595 3873 ναί
642 3804 869 3875 πόλεις’
905 3813 1343 3890 πληθυντικῶς
1388 3813 1739 3893 λεγόμεναι.

473 4132 683 4190 habuit,
723 4149 884 4197 quum
922 4134 1040 4185 eod.
1077 4135 1125 4183 A
1161 4132 1442 4199 Μοθώνη,
1481 4135 1572 4185 Bc
1619 4134 1870 4200 Μεθώνη
1917 4137 2236 4202 praebeant.
2284 4137 2519 4202 Κορώνη
2559 4141 2834 4205 ptoprium
2873 4157 2939 4190 ex
2977 4141 3056 4191 St.

475 4202 533 4250 B.
573 4201 778 4264 adieci,
818 4199 1111 4267 μελεδώνη
1150 4230 1212 4238 -
1252 4201 1517 4267 Βρυςώνη
1555 4205 1737 4269 recepi
1774 4221 1841 4254 ex
1868 4205 2115 4270 Theogn.
2144 4207 2256 4268 115,
2294 4210 2360 4256 30
2395 4209 2594 4271 partim
2635 4225 2701 4257 ex
2740 4209 2818 4258 st.
2850 4210 2907 4257 B.
2948 4224 3060 4258 am·

472 4269 675 4333 pliata3
723 4285 819 4333 pro
854 4267 1052 4334 Διώνη
1101 4272 1340 4335 repetito
1385 4272 1544 4335 posui
1583 4269 1741 4335 Ἰώνη
1777 4287 1841 4321 ex
1881 4272 1963 4325 St.
2002 4274 2090 4334 B„
2176 4289 2235 4323 ro
2274 4271 2462 4338 Ἰζώνη
2510 4291 2577 4324 ex
2615 4276 2803 4326 eodem
2842 4274 3058 4342 Βιζώνη

472 4342 727 4386 monente
774 4338 911 4390 Lob.
959 4339 1126 4389 Proll.
1170 4341 1269 4389 229
1316 4345 1429 4390 not.
1475 4341 1506 4386 6
1550 4345 1604 4388 et
1652 4356 1749 4404 pro
1795 4337 2065 4404 Χρυςώνη
2163 4340 2386 4404 ρυςώνη
2446 4343 2633 4392 eodem
2690 4348 2940 4404 auctore3
2989 4344 3057 4394 de

471 4403 769 4470 γρονθώνη
819 4406 890 4455 cf.
932 4407 1067 4456 Lob.
1107 4406 1268 4456 Proll.
1304 4409 1404 4456 230
1440 4411 1551 4459 not.
1590 4408 1651 4467 8,
1701 4413 1910 4457 eertum
1959 4413 2046 4457 est
2094 4408 2192 4457 hoc
2238 4423 2346 4458 non
2394 4425 2459 4458 ex
2505 4408 2698 4475 γρώνη
2744 4416 3059 4476 corruptum

477 4485 624 4536 esse,
663 4488 826 4537 quum
863 4473 966 4524 hoe
999 4472 1191 4539 γρώνη
1233 4474 1398 4523 etiam
1436 4489 1470 4523 a
1503 4474 1861 4540 Theognosto
1908 4477 2053 4526 inter
2101 4475 2380 4540 disyllaba
2427 4478 2757 4540 proferatur.
2830 4478 3057 4544 Αίγώνη
3108 4479 3155 4517 N

472 4553 646 4627 ιιεφιε
683 4539 1032 4625 ιιᾱ,Τορώνη
1069 4547 1290 4624 ¹qumpta
1326 4547 1455 4591 sunt
1492 4558 1558 4592 ex
1597 4543 1675 4596 St.
1715 4543 1776 4592 B.
1849 4544 1931 4592 De
1967 4549 2200 4593 accentu
2249 4542 2454 4594 diserte
2494 4546 2753 4597 Eustath.
2790 4546 2861 4596 ad
2900 4548 3059 4598 Hom.

474 4607 1105 4740 ’ἒῗῧὴέἐιὶώᾞιῇᾚῶῗ
1138 4607 1851 4744 ἓῷνὲἷόδῗνιΐδῃῗορώνηιῖ
1890 4609 2236 4743 ἒὲθῗιὲῗΐξῆν
2257 4609 2587 4745 ἒξρῖἓῖλιαὲῗ
2601 4614 2717 4731 ’⁶3¹2'
2742 4614 2818 4731 1¹3³?
2821 4653 2832 4744 ;
2858 4612 3061 4732 {53¹3ss

473 4737 563 4790 ναί
599 4757 719 4790 cum
755 4744 820 4793 L.
857 4744 1137 4794 Dindorfio
1175 4746 1369 4811 scripsi
1406 4762 1501 4811 pro
1540 4743 1813 4799 Μολωναί
1850 4747 1967 4797 cod.
2004 4749 2096 4797 AB
2136 4755 2192 4799 et
2228 4745 2501 4812 Μοχωναί
2538 4749 2659 4798 cod.
2696 4749 2758 4799 C.

545 4857 918 4895 ειειιοοιᾼπνε.
959 4845 1000 4897 Ι.
2572 4831 2656 4894 22
