3664 5546
1171 383 1329 439 ΠΕΡΙ
1370 384 1763 440 ΚΑΘΟΛΙΚΗΕ
1797 382 2222 441 ΠΡΟΕΩιΔΙΑ(
2256 384 2320 439 Ζ.
2931 385 3047 451 167

469 558 883 636 ςυγκὲκοπται
922 555 1050 623 εἴτε
1104 557 1207 623 καὶ
1246 556 1498 624 ἐντελές
1543 556 1699 641 ἐςτι,
1747 557 2059 637 δοχμός.
2104 557 2181 623 τό
2228 558 2298 622 δὲ
2343 537 2666 639 κρίθμος
2714 558 3048 638 βαρύνεται

466 661 554 728 εἰς
599 661 895 741 ἰδιότητα.

631 764 725 830 Τὰ
778 763 867 828 εἰς
919 766 1038 842 ιῖοῖ
1091 762 1327 843 ἔχοντα
1379 764 1507 842 πρὸ
1562 766 1680 828 τοῦ
1735 765 1776 840 ᾗ
1835 766 1871 826 Ξ
1935 761 2168 827 ςπάνια
2221 763 2336 842 μέν
2394 761 2508 828 εἰςι
2563 763 2666 828 καὶ
2712 764 3048 843 βαρύνεται

466 865 611 932 οἷον
666 866 998 950 Λάκμος,
1051 865 1376 946 Δέκμος.
1474 866 1550 930 τὸ
1608 866 1825 945 μέντοι
1881 864 2252 944 Τρωκμός
2306 864 2497 930 ἔθνος
2556 864 2899 931 Γαλατικόν
2963 902 3048 913 -

464 967 813 1033 ἐκαλοῦντο
859 969 930 1032 δὲ
973 968 1077 1033 καὶ
1117 968 1474 1048 Τροκμηνοί
1500 1004 1587 1015 -
1616 966 1923 1034 ὀξύνεται.

630 1070 724 1134 Τὰ
780 1069 868 1134 εἰς
924 1071 1044 1149 Kc?
1099 1072 1381 1151 λήγοντα
1434 1069 1670 1149 ἔχοντα
1724 1071 1853 1148 πρὸ
1920 1072 2037 1134 τοῦ
2091 1072 2133 1149 μ
2184 1069 2262 1135 τό
2317 1072 2353 1134 ἶ
2421 1069 2837 1153 βαρύνονται,
2904 1068 3049 1135 οἷον

462 1171 788 1256 πότμος,
831 1172 1181 1256 Πάτμος,
1225 1172 1548 1253 Λάτμος.
1637 1170 2038 1251 ςεςημείωται
2081 1171 2158 1237 τὸ
2203 1169 2443 1250 ἀτμός
2488 1170 2901 1251 ὀξυνόμενον.

629 1275 725 1340 Τὰ
777 1273 867 1339 εἰς
922 1272 1039 1354 Ῑῑόῖ
1092 1275 1375 1355 λήγοντα
1428 1274 1601 1340 ἁπλᾶ
1655 1272 1893 1353 ἔχοντα
1945 1274 2073 1352 πρὸ
2129 1278 2244 1339 τοῦ
2301 1277 2342 1353 ii
2396 1274 2472 1340 τὸ
2529 1277 2562 1338 ἒ
2616 1275 3050 1354 προςηγορικά

462 1376 621 1442 ὄντα
665 1376 988 1461 ὀξύνεται,
1055 1378 1135 1458 μὴ
1190 1376 1427 1456 ἔχοντα
1482 1377 1552 1442 ἐν
1596 1382 1673 1461 τῇ
1716 1376 1847 1464 πρὸ
1890 1375 2120 1441 τέλους
2164 1379 2441 1462 ςυλλαβῇ
2496 1377 2572 1441 τὸ
2625 1380 2663 1441 ὃ
2710 1377 2913 1457 μόνον
2959 1375 3048 1442 εἰς

462 1482 494 1544 ἒ
539 1482 931 1562 καταλῆγον,
978 1479 1294 1562 ῥυςμός,
1341 1479 1648 1562 δεςμός,
1693 1477 2010 1561 δαςμός,
2065 1479 2377 1563 θεςμός,
2432 1479 2800 1563 χρηςμός,
2855 1485 3045 1544 ’ςπα-

464 1581 664 1660 ςμός.
751 1582 1109 1660 πρόςκειται
1165 1580 1678 1661 «προςηγορικά»
1732 1579 1844 1645 ἵνα
1898 1580 2206 1661 φύγωμεν
2249 1582 2329 1646 τὰ
2375 1582 2697 1662 βαρύτονα
2741 1581 2924 1660 κύρια
2969 1582 3046 1646 τὸ

466 1684 845 1763 Κροῖςμος
900 1685 1002 1749 καὶ
1061 1684 1373 1762 Κάςμος.
1459 1683 1536 1747 τό
1591 1684 1662 1747 δὲ
1719 1681 2066 1762 Βρυςμός
2122 1680 2275 1766 (ἔςτι
2334 1685 2406 1748 δὲ
2461 1683 2671 1764 ὄνομα
2715 1683 3047 1765 βαςιλέως)

461 1785 768 1853 ὀξύνεται.
856 1785 1019 1851 «οὐκ
1061 1785 1297 1865 ἔχοντα
1348 1786 1424 1851 τὸ
1470 1791 1507 1847 ’ὀ
1555 1785 1818 1866 μόνον».
1906 1784 1982 1850 τὸ
2026 1785 2150 1864 γὰρ
2205 1784 2335 1850 κός
2348 1806 2489 1865 μος
2544 1786 2911 1868 βαρύνεται,
2967 1787 3044 1851 τὸ

461 1889 534 1953 δὲ
586 1887 979 1967 κρουςμός
1032 1877 1339 1954 ὀξύνεται.
1439 1889 1541 1952 καὶ
1592 1887 1668 1953 τὸ
1726 1887 2155 1967 ςύνδεςμος
2213 1888 2769 1967 προπαροξύνεται
2829 1888 3043 1953 ςύνθε-

458 2011 576 2056 τον
621 1990 716 2056 ὄν.
2457 2044 2462 2050 .

627 2093 721 2159 Τὰ
775 2091 863 2158 εἰς
917 2093 1036 2171 Hb?
1092 2092 1526 2172 προςηγορικὰ
1569 2091 1806 2171 ἔχοντα
1860 2093 1978 2170 τὴν
2034 2092 2163 2171 πρὸ
2217 2093 2445 2158 τέλους
2499 2095 2816 2174 ςυλλαβὴν
2869 2093 2957 2158 εἰς
3008 2079 3044 2159 λ

457 2194 939 2274 καταλήγουςαν
1005 2193 1327 2277 ὀξύνεται,
1406 2192 1849 2277 ὀφθαλμός,
1923 2195 2221 2277 τιλμός,
2302 2194 2637 2277 ψαλμός,
2710 2196 3044 2279 παλμός,

458 2297 852 2377 ἰνδαλμός.
939 2296 1015 2362 τὸ
1082 2299 1153 2361 δὲ
1207 2297 1488 2377 Ἄλμος
1531 2297 1607 2361 τό
1669 2295 1891 2375 κύριον
1955 2297 2109 2378 (ἔςτι
2176 2299 2246 2362 δὲ
2303 2297 2489 2362 πόλις
2547 2297 2881 2380 Βοιωτίας,
2953 2299 3043 2363 ὡς

456 2399 846 2465 Ἑλλάνικος·
889 2400 991 2463 καὶ
1035 2398 1288 2478 (ἀλμον
1334 2399 1534 2477 αὐτήν
1579 2419 1730 2478 φηςι
1776 2398 1848 2464 ἐν
1891 2399 2172 2482 δευτέρῳ
2215 2397 2763 2481 Δευκαλιωνείας)
2819 2400 2922 2463 καὶ
2965 2400 3041 2464 τὸ

454 2503 742 2582 Ὅλμος
785 2502 862 2566 τό
907 2500 1128 2579 κύριον
1174 2501 1277 2565 καὶ
1317 2502 1394 2567 τὸ
1439 2501 1912 2579 προςηγορικόν
1959 2501 2311 2580 βαρύνεται.

622 2624 660 2661 x
710 2603 802 2668 Τὰ
846 2601 935 2667 εἰς
983 2603 1104 2681 μ’(ῖὲ
1156 2602 1590 2683 προςηγορικὰ
1644 2601 1747 2665 καὶ
1800 2601 2119 2668 ἐπιθετικὰ
2172 2601 2409 2682 ἔχοντα
2461 2604 2578 2683 τὴν
2631 2602 2760 2682 πρὸ
2814 2603 3042 2669 τέλους

456 2707 771 2787 ςυλλαβὴν
818 2705 906 2770 εἰς
952 2709 989 2787 ἶ)
1042 2705 1526 2784 καταλήγουςαν
1581 2702 1906 2788 ὀξύνεται,
1964 2725 2049 2770 κο
2070 2704 2286 2789 ρμός,
2342 2706 2680 2789 φορμός,
2736 2706 3038 2784 θερμός.

453 2811 530 2875 τὸ
576 2812 648 2874 δὲ
692 2808 933 2889 ὅρμος
980 2808 1332 2890 βαρύνεται.
1420 2806 1495 2871 τὸ
1540 2807 1611 2871 δὲ
1657 2806 1957 2886 Θέρμος
2001 2807 2339 2887 πολίχνιον
2382 2809 2721 2891 Αἰτωλίας,
2769 2809 2859 2873 ὡς
2903 2808 3037 2872 Πο-

456 2912 704 2993 λύβιος,
765 2912 869 2975 καὶ
930 2913 1006 2985 τὸ
1064 2909 1411 2989 (κύρμος
1454 2908 1642 2974 πόλις
1688 2909 1952 2976 Κυζίκου
2006 2909 2305 2995 πληςίον,
2359 2912 2463 2975 καὶ
2517 2911 2778 2990 Ἕρμοι
2837 2914 3037 2990 δῆμος

451 3016 563 3093 τῆς
608 3013 1053 3092 Ἀκαμαντίδος
1096 3014 1306 3093 φυλῆς
1348 3010 1388 3075 ὅ
1430 3012 1534 3077 καὶ
1574 3011 1807 3091 Ἕρμος
1851 3010 2209 3091 οὐδετέρως
2252 3012 2451 3091 κύρια.

451 3269 656 3334 δοχμός
693 3277 819 3321 sunt
858 3288 926 3323 ex
959 3271 1023 3326 11.
1061 3270 1148 3321 Pr.
1188 3268 1245 3322 Μ
1285 3269 1410 3319 148:
1446 3264 1516 3319 τὸ
1552 3266 1757 3331 δοχμός
1794 3266 2079 3335 ὀξύνεται,
2117 3265 2241 3320 ἐπεὶ
2275 3268 2348 3320 τὰ
2384 3265 2462 3320 εἰς
2495 3268 2599 3332 Ῑιῑῆ
2637 3268 2768 3332 μετ’
2804 3268 3033 3322 ἐπιπλο-

454 3340 552 3402 κῆς
596 3340 700 3390 τοὺ
737 3341 770 3404 5(
818 3338 1106 3391 ὀξύνεςθαι
1151 3336 1300 3390 θέλει
1346 3337 1462 3388 κτλ.
1534 3337 1641 3387 Pro
1687 3333 1916 3400 κρίθμος
1961 3353 2048 3403 ap.
2093 3336 2350 3389 Eustath.
2396 3343 2454 3388 et
2495 3339 2737 3403 Hesych.
2785 3339 3030 3402 κρῆθμος

455 3407 717 3472 seriptum
763 3414 876 3469 est,
932 3407 1032 3457 sed
1077 3405 1302 3471 κρίθμος
1349 3406 1518 3456 etiam
1560 3404 1710 3470 apud
1754 3406 1999 3456 Dioscor.
2042 3406 2097 3456 11
2146 3407 2241 3456 157
2288 3412 2473 3457 exstat
2516 3407 2586 3456 cf.
2634 3398 2700 3455 de
2746 3406 2850 3457 hac
2894 3422 3028 3457 voce

452 3475 590 3526 Lob.
616 3474 819 3526 Parall.
855 3478 953 3525 427
991 3480 1103 3525 not.
1210 3475 1244 3524 l.
1267 3477 1299 3525 4
1336 3474 1482 3539 apud
1521 3476 1600 3525 St.
1626 3473 1689 3523 B.
1716 3474 1835 3538 639,
1875 3475 1963 3536 11,
2001 3472 2147 3524 unde
2183 3472 2344 3525 ἔθνος
2369 3501 2435 3509 —-
2460 3471 2784 3539 Τροκμηνοί
2821 3473 3032 3537 addidi,

452 3543 713 3606 scriptum
749 3548 836 3593 est
872 3540 1131 3607 Τροκμοί.
1240 3542 1277 3593 1.
1315 3542 1346 3592 8
1381 3540 1535 3594 ἁπλᾶ
1571 3541 1781 3592 inserui
1816 3556 1934 3591 cum
1963 3541 2265 3592 Schmidtio
2305 3540 2540 3605 editore,
2581 3559 2676 3608 pro
2713 3540 2782 3592 τὸ
2817 3544 2851 3594 ἶ
2887 3540 2965 3594 εἰς
3001 3545 3034 3593 ὃ

452 3609 627 3671 μόνον
664 3610 986 3674 καταλῆγον
1024 3609 1356 3660 Schmidtius
1393 3610 1716 3662 Sedineneis
1751 3610 1809 3658 in
1847 3624 2171 3675 progr-amm.
2213 3611 2391 3673 (1864)
2427 3627 2479 3676 p.
2508 3614 2573 3660 20
2610 3609 2927 3661 emendavit
2960 3609 3031 3661 τό

451 3677 714 3796 ἓοΐίἓῖἓῖ.
750 3676 905 3798 ἓῗιὲιῗ
921 3676 2593 3819 ρξῖἷαέρῖῑῖᾊᾎέῗὲἐ.ῗ.ἶῖἓθἓζιῖ,“.ῗὲοὲὐέο.ῗχὲζῖἓωτῖ..ἵ
2640 3676 2843 3812 ’,ξὲἴῶ
2866 3695 3032 3811 ..Ἑὶῖῗ

452 3828 626 3865 κειται
664 3813 1026 3880 supplendum
1063 3820 1149 3864 est
1175 3818 1231 3862 et
1267 3829 1361 3878 pro
1396 3813 1466 3880 τό
1500 3812 1563 3865 δὲ
1598 3812 1801 3876 κόςμος
1837 3841 1903 3848 —-
1940 3813 2031 3865 καί
2066 3812 2134 3864 τὸ
2171 3813 2443 3878 κρουςμός
2480 3816 2560 3866 sic
2584 3814 2932 3866 scribendum
2969 3820 3032 3865 ut

451 3884 574 3936 feci.
718 3884 752 3933 1.
785 3886 845 3933 10
881 3898 977 3948 pro
1014 3879 1251 3945 βρυςμός
1276 3880 1535 3932 Schmidt.
1577 3881 1710 3932 edit.
1749 3882 2094 3932 scribendum
2131 3885 2387 3948 proponit
2421 3881 2627 3947 ῥυςμός
2664 3882 2753 3931 vel
2789 3880 3027 3946 βραςμός

450 3952 596 4014 inre,
635 3966 759 4001 nam
797 3947 1046 4015 Βρυςμός
1091 3956 1178 3999 est
1220 3964 1417 3999 nomen
1463 3950 1766 4015 proprium,
1812 3950 1959 4015 quod
2005 3950 2076 4001 ad
2120 3965 2383 4001 canonem
2426 3967 2535 4002 non
2583 3949 2835 4016 quadrat.
2918 3951 3030 4000 Sed

450 4035 615 4084 quum
650 4019 708 4068 in
745 4020 808 4069 E.
836 4021 910 4070 M.
938 4021 1055 4079 249,
1096 4021 1157 4069 15
1190 4017 1250 4066 in
1284 4016 1430 4079 loco,
1471 4018 1563 4083 qui
1600 4033 1667 4068 ex
1703 4017 2009 4068 Herodiani
2043 4017 2183 4069 libro
2220 4019 2348 4082 περὶ
2384 4017 2700 4071 ςυντάξεως
2736 4015 3028 4080 ςτοιχείων

451 4088 800 4153 depromptus
836 4093 946 4145 est,
988 4090 1253 4136 accentus
1289 4086 1499 4150 proprii
1534 4084 1781 4149 Βρυςμός
1817 4084 1957 4151 (ἔςτι
2002 4084 2063 4136 δὲ
2101 4085 2281 4149 ὄνομα
2327 4085 2619 4151 βαςιλέως)
2669 4085 2909 4135 traditus
2955 4087 3030 4135 sit

450 4161 670 4211 acutus,
716 4154 805 4204 hic
851 4155 1018 4204 etiam
1063 4150 1358 4217 ςημείωςιν
1404 4153 1677 4218 quandam
1722 4153 1787 4203 de
1830 4160 2062 4204 accentu
2106 4153 2266 4204 huius
2302 4156 2540 4205 nominis
2578 4153 2804 4205 allatam
2855 4154 3029 4203 fuisse

449 4230 657 4274 eertum
692 4227 804 4284 est,
843 4237 1010 4286 quare
1048 4222 1243 4287 scripsi
1279 4226 1405 4285 poet
1443 4219 1675 4285 Κάςμος·
1713 4220 1782 4272 τὸ
1818 4220 1882 4272 δὲ
1919 4219 2166 4285 Βρυςμός
2204 4221 2321 4273 κτλ.
2427 4224 2461 4273 1.
2503 4225 2565 4273 18
2602 4221 3028 4286 explicationem

452 4294 604 4343 vocis
638 4289 847 4352 Ἄλμος
885 4291 1065 4355 recepi
1102 4306 1167 4339 ex
1207 4290 1284 4338 St.
1322 4291 1384 4339 B.
1435 4294 1491 4339 et
1537 4306 1604 4340 ex
1650 4289 1840 4340 eodem
1875 4287 2089 4353 ’Όλμος
2137 4291 2320 4354 recepi
2367 4297 2621 4341 monente
2659 4289 2921 4339 Schmidt.
2971 4294 3029 4339 et

448 4359 657 4412 Nauck.
697 4358 770 4408 ad‘
802 4358 1077 4423 Aristoph.
1115 4360 1247 4422 Byz.
1285 4373 1337 4423 p.
1375 4359 1502 4420 239;
1539 4363 1815 4408 caeterum
1853 4373 1942 4421 ap.
1979 4360 2058 4408 st.
2087 4359 2147 4407 B.
2185 4359 2315 4408 urbs
2352 4357 2581 4408 Ciliciae
2618 4356 2845 4420 “Ολμοι,
2886 4356 3028 4407 filius

451 4426 671 4492 Sisyphi
710 4423 913 4487 Ὀλμός
949 4427 1220 4478 scribitur.
1291 4426 1538 4476 Transiit
1580 4440 1755 4475 canon
1802 4426 1858 4474 in
1905 4426 1967 4476 Ε.
2006 4427 2079 4477 M.
2116 4424 2245 4490 817,
2281 4428 2347 4475 27
2392 4442 2459 4476 ex
2507 4425 2704 4476 Choer.
2740 4425 2917 4490 Epim.
2967 4424 3025 4474 in

448 4495 653 4547 Psalm.
692 4497 737 4554 1,
775 4496 857 4544 25.
1038 4495 1071 4544 1.
1110 4497 1171 4544 21
1212 4493 1356 4544 hunc
1393 4509 1655 4544 canonem
1691 4492 1824 4542 finxi
1861 4494 1976 4559 ipse
2015 4490 2097 4541 ex'
2117 4492 2186 4547 11.
2221 4494 2311 4543 Pr.
2346 4491 2391 4543 Ω
2426 4495 2542 4555 316,
2579 4492 2701 4543 ubi:
2738 4493 2811 4544 τὰ
2846 4490 2925 4545 εἰς
2960 4495 3026 4545 δί

448 4561 697 4627 λήγοντα
733 4559 1049 4625 διςύλλαβα,
1090 4561 1163 4626 μὴ
1202 4560 1404 4625 ἔχοντα
1451 4559 1978 4625 παραςχηματιςμὸν
2023 4561 2268 4625 θηλυκοῡ
2314 4559 2512 4625 γένους
2549 4560 2753 4624 ἔχοντα
2789 4560 2902 4625 πρὸ
2936 4560 3025 4613 τέ-

448 4630 580 4682 λους
616 4629 724 4693 τὴν
759 4634 827 4693 ὄρ
862 4629 1064 4694 ςυλλαβ
1107 4645 1140 4680 ν
1177 4628 1362 4680 πάντα
1402 4628 1698 4693 βαρύνεται
1732 4627 2177 4692 ὑπεςταλμένων
2212 4630 2334 4679 τῶν
2369 4627 2448 4681 εἰς
2486 4630 2586 4690 μ’ὅῐ
2623 4627 2923 4693 ληγόντων
2957 4659 3026 4666 -

448 4697 535 4749 διὰ
569 4696 639 4748 τό
675 4697 881 4762 κορμός
925 4712 1077 4762 φορμ
1146 4736 1157 4748 .
1227 4697 1496 4748 vocabuli
1541 4696 1712 4761 ὅρμος
1760 4698 2106 4762 berytonesis
2151 4704 2393 4760 constat,
2439 4696 2697 4749 Eustath.
2736 4698 2892 4759 1788,
2928 4701 3021 4750 47:

3088 978 3122 1027 5

3085 1492 3150 1543 10

3085 2004 3147 2054 15

3077 2515 3145 2564 20

448 4764 703 4819 ὀξύνεται
738 4764 889 4830 παρά
911 4780 1015 4818 τιςι
1050 4767 1171 4817 τῶν
1207 4763 1501 4830 ἑςύςτερον
1527 4765 1559 4816 ὁ
1586 4764 1756 4828 ὅρμος
1793 4764 1825 4816 ὀ
1862 4769 2174 4827 γυναικεῖος
2203 4764 2406 4830 κόςμος
2432 4764 2575 4831 πρὸς
2598 4763 3023 4832 ἀντιδιαςτολὴν
3075 4820 3079 4825 ,

446 4836 548 4886 τοῦ
587 4832 729 4886 κατὰ
762 4832 866 4887 τὸν
902 4833 1097 4897 λιμένα
1133 4834 1202 4885 cf.
1242 4838 1391 4899 1967,
1430 4837 1510 4885 29.
1583 4831 1658 4886 Θέ
1698 4847 1798 4896 μος
1839 4839 1896 4884 et
1931 4831 2182 4898 (κύρμος
2218 4840 2346 4886 eunt
2383 4851 2450 4886 ex
2487 4835 2567 4887 St.
2603 4835 2665 4888 B.
2738 4835 2929 4885 Canon
2964 4836 3022 4886 in

445 4904 547 4972 Ep.
585 4904 672 4955 Cr.
706 4904 734 4956 1
776 4906 900 4968 281,
940 4906 1002 4957 13
1047 4903 1127 4955 sic
1171 4904 1467 4970 profertur:
1519 4901 1592 4955 τὰ
1637 4915 1663 4955 ε
1687 4916 1715 4954 ς
1762 4906 1862 4965 μ’ὄξ
1907 4900 2157 4967 λήγοντα
2204 4902 2500 4967 διςύλλαβα
2548 4906 2619 4969 τῇ
2667 4904 2734 4968 δῖ)
2778 4902 3020 4970 ςυλλαβῇ
