3664 5546
624 368 747 433 172
1142 364 1145 368 Α
1554 362 1636 417 εκ
1675 361 1816 417 mu
1859 359 2265 415 ΗΡΩΔιΑΝογ

618 541 907 620 ἔλυμος
949 538 1052 603 καὶ
1078 537 1402 617 Ἔλυμος
1445 535 1650 617 ἥρως,
1695 533 1822 614 ἀφ’
1867 530 1947 597 οὗ
1991 531 2242 612 Ἐλυμία
2284 530 2472 595 πόλις
2517 526 2935 595 Μακεδονίας.
3022 526 3196 591 ἔτυ-

617 663 756 722 μος
799 643 902 706 καὶ
944 640 1358 722 ἐτήτυμος,
1404 638 1765 721 δίδυμος,
1809 636 2135 716 ἥδυμος,
2180 633 2556 715 νήδυμος,
2588 631 2979 709 ςκόλυμος
3023 627 3201 694 εἶδος

619 744 922 826 βοτάνης,
981 742 1330 822 (ἶόλυμος
1384 741 1573 806 ἔθνος
1632 739 1694 804 οἱ
1737 742 1857 804 νῦν
1899 737 2148 803 Πιςίδαι
2193 735 2324 801 ἀπὸ
2370 735 2662 814 (ολύμου
2717 737 2834 798 τοῦ
2878 733 3041 798 Διὸς
3096 733 3200 796 καὶ

621 847 952 925 Χαλδήνης
1022 844 1393 924 «(ολύμους
1445 842 1884 921 καλουμένους
1951 840 2293 918 παρελθὼν
2364 835 2788 903 Μαυςώλου».
2897 836 3198 915 Ἴδυμος

555 959 588 1011 5
619 949 906 1029 ποταμὸς
963 947 1222 1030 Καρίας,
1281 946 1641 1025 (ίδυμος,
1696 943 1825 1024 ἀφ’
1880 941 1961 1007 οὗ
2006 941 2240 1022 (ἶίδυμα
2284 941 2473 1006 πόλις
2512 938 2755 1004 Λυκίας.
2829 937 3196 1017 Εὔρυμος.

617 1055 734 1116 τοῦ
778 1050 995 1130 μέντοι
1040 1048 1402 1127 κωλυμός
1447 1049 1550 1111 καὶ
1593 1045 1878 1125 ἐρυμός
1921 1045 1997 1109 τὸ
2041 1049 2081 1108 ῦ
2125 1043 2384 1125 μακρόν.

787 1153 881 1217 Τὰ
926 1151 1014 1216 εἰς
1058 1155 1174 1229 Πόῐ
1218 1150 1598 1230 τριςύλλαβα
1641 1147 2139 1228 παραληγόμενα
2181 1153 2258 1231 τῇ
2303 1149 2366 1210 δῖ
2400 1144 2733 1229 διφθόγγῳ
2779 1144 2860 1224 μὴ
2889 1163 3197 1222 παρεςχη-

618 1256 957 1335 ματιςμὲνα
1020 1257 1273 1338 θηλυκῷ
1329 1253 1502 1329 γένει
1563 1250 1885 1333 ὀξύνεται,
1953 1247 2335 1328 κυδοιμός
2400 1248 2440 1327 ἡ
2493 1247 2769 1328 ταραχή,
2826 1245 3196 1328 ἀλοιμός,

618 1357 949 1437 ἀμοιμός
993 1357 1150 1421 κατὰ
1195 1349 1554 1434 ἐναλλαγὴν
1600 1352 1928 1431 ςτοιχείων
1972 1351 2104 1417 ἀπὸ
2145 1355 2262 1415 τοῦ
2305 1348 2587 1430 ἀμοιβός.
2644 1348 2719 1413 τὸ
2765 1349 2837 1413 δὲ
2882 1347 3197 1427 ἕτοιμος

519 1471 585 1524 10
619 1458 928 1543 Ἀττικόν,
974 1460 1048 1524 τὸ
1093 1459 1164 1523 δὲ
1208 1458 1530 1537 ἑτοῖμος
1573 1456 1794 1521 κοινόν
1841 1454 1966 1519 ἐςτι
2008 1453 2307 1532 τριγενές.
2394 1451 2498 1516 καὶ
2548 1451 2625 1516 τὸ
2681 1449 3114 1531 ἀλύδοιμος
3159 1449 3197 1514 ὁ

620 1562 869 1642 οἰκτρός
913 1560 1485 1641 προπαροξύνεται.

789 1689 826 1725 τε
870 1663 963 1728 Τὰ
1008 1663 1098 1729 εἰς
1139 1665 1257 1741 Ποῖ
1314 1662 1597 1741 λήγοντα
1650 1661 1812 1739 ὑπὲρ
1872 1659 1991 1725 δύο
2037 1658 2349 1738 ςυλλαβὰς
2402 1654 2640 1737 ἔχοντα
2694 1656 2823 1735 πρὸ
2875 1659 2993 1721 τοῦ
3036 1659 3079 1734 μ
3119 1655 3196 1721 τὸ

617 1768 649 1829 ἒ
694 1765 1020 1831 ὀξύνεςθαι
1065 1766 1267 1847 θέλει,
1313 1762 1708 1846 μεριςμός,
1754 1761 2171 1844 ὁπλιςμός,
2217 1759 2676 1841 ἀθροιςμός,
2732 1756 3196 1853 ἀφλοιςμόὲ

614 1870 927 1934 τοῦτο-δὲ
983 1869 1143 1933 ἔνιοι
1197 1866 1372 1947 παρὰ
1435 1868 1511 1931 τὸ
1577 1866 1891 1946 ἀφριςμός
1946 1867 2295 1944 μεταβολῆς
2348 1863 2698 1942 γενομένης
2750 1863 2869 1924 τοῦ
2922 1862 2959 1939 b
3026 1858 3123 1924 εἰς’
3159 1863 3197 1924 λ

517 1980 580 2032 15
616 1972 719 2034 καὶ
771 1970 1248 2035 πλεονάςαντος
1302 1972 1419 2034 τοῦ
1473 1972 1527 2032 ὅ.
1618 1968 1679 2033 οἱ
1734 1969 1805 2033 δὲ
1862 1967 2037 2045 παρὰ
2092 1967 2167 2031 τὸ
2225 1966 2408 2046 φλέω
2451 1966 2554 2029 καὶ
2607 1963 2829 2045 φλύω,
2886 1962 3197 2043 φλοιςμός

615 2074 716 2137 καὶ
760 2073 1113 2153 ἀφλοιςμός
1158 2071 1228 2137 ἐν
1273 2074 1654 2156 πλεοναςμῷ
1698 2074 1816 2136 τοῦ
1860 2071 1918 2134 ἆ.
2008 2069 2109 2134 διὸ
2155 2068 2235 2132 οὐ
2280 2067 2560 2132 δεόντως
2602 2064 2976 2145 Τυραννίων
3037 2085 3195 2144 προ-

615 2176 975 2255 παροξύνει.

787 2303 824 2337 -x
866 2277 961 2341 Τὰ
1017 2276 1105 2344 εἰς
1162 2280 1333 2357 (Effe—c
1389 2275 1899 2355 ύπερδιςύλλαβα
1951 2273 2538 2354 προπαροξύνεται,
2594 2268 2958 2350 Εὔρωμος
3010 2269 3196 2335 πόλις

619 2379 844 2457 Καρίας
899 2378 1030 2444 ἀπὸ
1086 2379 1395 2460 Εὐρώμου
1449 2383 1564 2443 τοῦ
1623 2377 1892 2457 Ἰδριέως
1950 2375 2183 2457 Καρός,
2249 2375 2596 2458 Ἴθωμος,
2651 2372 2776 2453 ἀφ’
2832 2371 2911 2437 οὗ
2975 2373 3194 2452 Ἰθώμη

513 2493 581 2544 20
614 2482 799 2546 πόλις
855 2480 1228 2564 Θεςςαλίας,
1282 2480 1794 2561 Τετράκωμος
1849 2479 2039 2544 ἔθνος
2100 2478 2162 2542 οἱ
2226 2478 2327 2542 καὶ
2383 2476 2869 2555 Τετραχωρῖται.
2957 2475 3195 2554 ὁμοίως

615 2586 685 2649 δὲ
731 2585 832 2647 καὶ
874 2585 952 2648 τὰ
997 2583 1102 2649 διὰ
1143 2587 1261 2649 τοῦ
1305 2588 1507 2662 δἰῑιῖιῑς
1551 2582 2059 2662 ὑπερδιςύλλαβα
2100 2581 2523 2658 Πάτουμος
2567 2577 2753 2643 πόλις
2795 2577 3098 2657 Ἀραβίας.

782 2686 875 2750 Τὰ
919 2685 1008 2750 εἰς
1051 2689 1167 2750 Vo‘c'
1211 2686 1446 2766 ἔχοντα
1490 2687 1617 2764 πρὸ
1661 2689 1779 2749 τοῦ
1835 2688 1874 2747 ν
1928 2683 2000 2749 ἕν
2042 2703 2100 2746 τι
2144 2687 2274 2747 τῶν
2330 2682 2535 2761 μὲςων
2590 2680 2915 2758 ςτοιχείων
2960 2679 3196 2758 ἔχοντα

614 2789 890 2866 θηλυκὸν
934 2788 1125 2865 γένος
1169 2789 1489 2871 ὀξύνεται,
1535 2788 1886 2872 ςτεγνός,
1931 2786 2293 2868 ςτυγνός,
2340 2785 2609 2867 ἁγνός,
2653 2784 2962 2865 κεδνός,
3008 2783 3194 2848 ἀλα-

613 2891 944 2974 παδνός,
990 2890 1341 2974 ἀκιδνός,
1388 2890 1862 2971 ὀλοφυδνός.
1933 2890 2011 2954 τὸ
2057 2891 2273 2969 μέντοι
2319 2888 2612 2964 λάγνος
2656 2886 3018 2967 βαρύνεται·
3076 2887 3195 2951 οὐκ

513 3004 577 3054 25
614 2993 743 3071 ἔχει
787 2994 910 3071 γὰρ
954 2991 1121 3070 ἴδιον
1166 2993 1459 3073 θηλυκόν.
1548 2993 1678 3073 ἔχει
1724 2994 1796 3058 δὲ
1841 2994 1942 3057 καὶ
1985 2992 2246 3058 ἔννοιαν
2299 2991 2658 3057 ςυνθὲςεως.
2749 2988 3050 3055 ὡςαύτως
3094 2990 3194 3053 καὶ

748 3316 784 3365 l.
827 3320 850 3366 1
889 3315 1125 3379 Ἔλυμος
1178 3316 1332 3380 ἥρως
1379 3333 1445 3367 ex
1495 3318 1575 3371 St.
1612 3319 1707 3388 13„
1754 3317 1846 3368 καὶ
1890 3315 2166 3382 ἐτήτυμος
2210 3334 2277 3368 ex
2322 3317 2568 3382 Theogn.
2603 3317 2695 3378 64,
2733 3317 2825 3377 3ος
2870 3313 3080 3377 ἥδυμος
3124 3331 3191 3364 ex

615 3385 890 3450 Theogn„
929 3384 1173 3449 νήδυμος
1210 3385 1484 3447 ςκόλυμος
1521 3403 1588 3436 ex
1623 3388 1723 3451 Ep.
1760 3387 1849 3440 Cr.
1887 3387 1913 3436 I
1949 3388 2065 3447 298,
2103 3388 2189 3447 28,
2225 3387 2319 3436 ubi
2355 3386 2499 3435 idem
2537 3399 2714 3434 canon
2752 3382 3048 3449 profertur.
3094 3381 3190 3435 (6-

615 3452 786 3515 λυμος
824 3469 891 3502 ex
931 3457 1011 3504 St.
1049 3455 1111 3504 B.
1153 3453 1397 3517 explevi,
1434 3453 1674 3517 Ἰδυμος,
1713 3451 1946 3517 (ίδυμος
1984 3470 2052 3504 ex
2089 3453 2281 3505 eodem
2319 3452 2517 3507 adieci.
2573 3450 2821 3516 Εὔρυμος
2859 3467 2954 3516 pro
2990 3450 3189 3515 ἔρυμος

615 3538 680 3572 ex
718 3522 985 3570 Lobeekii
1023 3521 1331 3571 coniectura
1369 3521 1571 3572 Parall.
1598 3525 1699 3572 422
1725 3523 1819 3583 (of.
1849 3523 2018 3574 Proll.
2044 3523 2163 3586 165)
2190 3522 2439 3583 exhibui,
2476 3519 2744 3584 Πόλυμος
2783 3518 2963 3581 ὄνομα
2999 3519 3190 3585 κύριον

615 3605 703 3653 ap.
743 3589 988 3654 Theogn.
1024 3588 1303 3639 Lobeckio
1349 3607 1417 3639 ex
1463 3591 1828 3655 praecedente
1877 3588 2126 3652 (όλυμος
2164 3595 2471 3656 corruptum
2508 3590 2753 3651 videtur,
2803 3604 2971 3652 quare
3016 3588 3189 3638 omisi.

614 3655 876 3719 κωλυμός
913 3674 1008 3722 pro
1046 3655 1289 3719 κολυμός
1325 3660 1594 3722 praebent
1631 3659 1805 3724 Epim.
1842 3659 1877 3708 l.
1918 3677 1988 3719 e.‚
2028 3657 2232 3723 ἑρυμός
2270 3675 2365 3724 pro
2400 3656 2575 3722 ῥυμός
2609 3657 2834 3721 flagitat
2869 3671 3063 3718 canon,
3102 3656 3194 3720 qui

616 3727 734 3790 agit
770 3725 836 3775 de
873 3725 1338 3791 hyperdisyllabis
1373 3727 1442 3775 cf.
1481 3726 1655 3776 Lehrs
1691 3727 1763 3776 ad
1801 3727 1985 3777 Diehr.
2025 3730 2141 3778 300.
2200 3728 2341 3777 Lob.
2377 3725 2580 3776 Parall.
2613 3725 2650 3774 l.
2688 3741 2733 3774 c.
2769 3729 2827 3775 et
2861 3723 2925 3773 E.
2964 3726 3037 3775 Μ.
3075 3726 3192 3784 603,

617 3797 694 3845 10.
846 3794 879 3845 1.
917 3799 949 3845 8
994 3798 1119 3860 post
1167 3792 1426 3855 κυδοιμός
1473 3792 1765 3857 ἀθροιςμός
1813 3792 2121 3858 ἀφλοιςμός
2169 3795 2485 3856 exturbavi‚
2532 3809 2659 3844 nam
2705 3793 2809 3844 hue
2852 3796 3193 3858 irrepserunt

615 3879 682 3911 ex
718 3861 829 3911 alio
867 3878 1105 3923 canone,
1143 3863 1236 3926 qui
1274 3863 1341 3912 ab
1380 3863 1613 3936 Areqdio
1658 3864 1892 3914 omissus
1937 3867 1994 3913 in
2028 3863 2097 3913 11.
2136 3865 2223 3913 Pr.
2264 3862 2309 3915 Ο
2346 3865 2444 3914 607
2480 3863 2780 3927 reperitur;
2832 3864 2958 3926 post
3002 3858 3192 3911 κοινόν

613 3929 802 3979 addidi
841 3946 906 3980 ex
943 3931 1188 3994 Theogn.
1224 3930 1308 3990 65,
1343 3932 1377 3979 4
1412 3929 1525 3981 ἑςτι
1560 3930 1824 3995 τριγενές.
1896 3933 1979 3981 De
2016 3929 2238 3992 ἑτοῖμος
2274 3930 2479 3982 Herod.
2514 3931 2573 3980 in
2608 3930 2755 3979 Mon.
2792 3932 2884 3991 33,
2920 3932 2977 3980 9:
3026 3926 3192 3979 οὐδὲν

613 3995 692 4049 εἰς
729 4001 828 4058 μὀς
866 3999 1042 4062 λῆγον
1077 3995 1222 4060 ὑπὲρ
1256 3995 1358 4048 δύο
1393 3998 1663 4061 ςυλλαβὰς
1699 4003 1769 4064 τῇ
1807 4015 1860 4051 οι
1894 3997 2184 4065 διφθόγγῳ
2222 3995 2694 4064 παραληγόμενον
2731 3998 3190 4062 προπεριςπᾶται,

613 4065 757 4117 ἀλλὰ
793 4064 967 4128 μόνον
1003 4064 1072 4115 τὸ
1120 4064 1357 4128 ἑτοῖμος.
1428 4067 1519 4117 καὶ
1562 4070 1737 4118 τοῦτο
1783 4067 1844 4119 δὲ
1890 4065 2030 4132 παρ’
2066 4067 2338 4120 Ἀττικοῖς
2381 4069 2500 4118 τοῖς
2536 4063 2836 4129 νεωτέροις
2881 4064 3014 4128 φαςὶ
3060 4080 3191 4129 προ-

614 4133 1031 4198 παροξύνεςθαι.
1069 4161 1134 4168 »-
1169 4134 1656 4197 Plurisyllaborum
1692 4138 1749 4186 in
1784 4149 1944 4199 αιμος
1980 4150 2144 4186 unum
2171 4137 2334 4187 affert
2358 4134 2604 4186 Lobeck.
2629 4133 2792 4184 Proll.
2822 4135 2918 4185 159
2956 4131 3191 4196 (όαιμος

613 4203 848 4252 hominis
881 4203 1106 4252 barbari
1142 4218 1364 4265 nomen,
1413 4204 1483 4254 ad
1530 4203 1674 4269 quod
1712 4204 1929 4256 accedit
1971 4220 2039 4254 ex
2077 4204 2156 4257 St.
2196 4205 2259 4255 B.
2293 4207 2385 4265 90,
2427 4207 2490 4254 16
2527 4201 2889 4266 Ἀνάδραιμος
2936 4203 3217 4264 ιιίίιετιιιιι,ὴ

613 4271 852 4322 fortasse
879 4269 1294 4320 Macedonicum
1331 4287 1526 4322 nomen
1563 4273 1714 4323 urbis
1744 4271 2093 4338 Ἀμφίπολις.
2198 4273 2234 4322 l.
2265 4276 2326 4324 12
2361 4272 2507 4322 hune
2544 4286 2812 4322 canonem
2845 4287 2913 4320 ex
2938 4269 3000 4323 11.
3029 4270 3119 4326 Pr.
3145 4269 3191 4322 O

612 4340 711 4388 60⁷
747 4338 853 4389 huc
888 4339 1144 4390 transtuli
1180 4340 1398 4390 nomine
1435 4338 1729 4405 ἀθροιςμός
1766 4359 1835 4393 ex
1870 4341 2102 4392 Arcadio
2139 4347 2437 4406 assumpto,
2596 4339 2633 4391 l.
2672 4341 2735 4390 18
2771 4354 3037 4390 canonem
3070 4340 3191 4404 ipse

612 4406 744 4456 finxi
779 4424 846 4456 ex
881 4406 1218 4468 nominibus,
1258 4423 1399 4488 quae
1436 4426 1522 4473 ap.
1560 4409 1636 4458 St.
1674 4410 1736 4462 B.
1775 4410 2140 4476 reperiuntur.
2213 4409 2296 4460 Ad
2346 4409 2534 4459 horum
2578 4406 2990 4458 similitudinem
3027 4409 3192 4458 etiam

611 4473 681 4525 τὸ
719 4473 869 4539 παρὰ
904 4477 989 4540 τῷ
1029 4473 1168 4541 Ἰόβᾳ
1202 4489 1463 4537 κειμενον
1500 4476 1835 4541 βαρβαρικὸν
1873 4477 2053 4540 ὄνομα
2092 4475 2366 4540 Ναβωμὸς
2412 4477 2594 4541 potius
2634 4472 2905 4538 Νάβωμος
2953 4476 3191 4525 seriben-

614 4542 740 4592 dum
776 4543 988 4594 iudicat
1025 4545 1201 4595 Lehrs
1237 4542 1307 4592 ad
1333 4545 1476 4595 Mon.
1511 4544 1585 4607 13,
1611 4549 1697 4596 30.
1801 4547 1838 4596 l.
1863 4550 1929 4597 23
1951 4544 2277 4597 ἀλαπαδνὸς
2302 4572 2368 4579 ——
2393 4543 2710 4606 ὁλοφυδνός
2748 4543 2932 4593 adieci
2956 4560 3022 4592 ex
3046 4544 3190 4592 Mon.

613 4613 729 4672 293,
771 4613 847 4690 {5‘
883 4638 946 4646 -—
984 4611 1096 4675 ἔχει
1132 4610 1194 4661 δὲ
1229 4610 1321 4660 καὶ
1358 4610 1581 4675 ἔννοιαν
1619 4612 1927 4666 ςυνθέςεως
1965 4631 2032 4665 ex
2068 4614 2132 4665 ΙΙ.
2167 4614 2256 4663 Pr.
2294 4612 2342 4665 Ξ
2377 4614 2501 4664 351:
2550 4609 2805 4664 ςτιλπναί
2850 4608 3061 4674 ὁμοίως
3104 4612 3189 4676 τῷ

615 4675 810 4740 ίςχναι·
856 4678 928 4730 τὰ
971 4679 1078 4744 γὰρ
1125 4676 1202 4730 εἰς
1245 4680 1348 4730 ῑΐοῖ
1393 4679 1688 4743 διςύλλαβα
1734 4681 1865 4744 μετ’
1909 4680 2219 4746 ἐπιπλοκῆς
2273 4679 2581 4745 ςυμφώνου
2634 4681 2860 4744 τριγενῆ
2907 4677 3190 4731 ὁξύνεςθαι

612 4743 788 4807 θέλει,
826 4745 1096 4811 πρυμνός,
1137 4744 1333 4809 ἰςχνός.
1383 4748 1618 4800 πυκνός·
1657 4747 2011 4801 ἐναντιοῦται
2035 4750 2104 4801 τὸ
2131 4748 2340 4814 λίχνος·
2377 4748 2446 4800 τὸ
2470 4747 2576 4813 γὰρ
2601 4746 2805 4810 λάγνος
2831 4746 3052 4798 ἔννοιαν
3077 4745 3188 4810 ἔχει

614 4812 934 4865 ςυνθέςεως.
1008 4815 1073 4865 de
1113 4813 1318 4877 λάγνος
1353 4816 1423 4865 cf.
1463 4816 1716 4867 Bustath.
1745 4821 1892 4880 1412,
1929 4821 2019 4869 29:
2058 4816 2119 4869 ἐκ
2155 4820 2259 4869 τοῦ
2295 4815 2463 4879 γόνος
2498 4817 2626 4880 ἤτοι
2660 4814 2801 4881 γονή
2838 4814 2906 4866 οὐ
2943 4814 3119 4878 μόνον
3155 4814 3187 4866 ὁ

614 4878 844 4944 λάγνος,
882 4880 1024 4933 ἀλλὰ
1060 4882 1151 4932 καὶ
1188 4881 1220 4933 ὁ
1257 4882 1399 4934 κατὰ
1434 4883 1570 4935 τοὺς
1606 4884 1880 4939 παλαιοὺς
1916 4884 2152 4951 λάγνης,
2201 4885 2279 4937 ὡς
2315 4882 2489 4939 οἱονεὶ
2525 4883 2770 4949 λαγόνης
2803 4884 2981 4949 ἤγουν
3017 4882 3186 4936 πολύ-
