3664 5546
572 289 850 339 xxxxlv
1658 287 2077 339 PRAEFATIO.

573 464 843 528 gravem
897 443 1027 509 sibi
1081 444 1296 509 inesse
1350 441 1697 526 significat.
1784 439 2047 507 Mediae
2100 462 2257 506 vero
2274 489 2292 521 ‚
2348 440 2535 509 euius
2592 464 2767 507 nune
2818 464 2976 506 usus
3027 463 3160 507 non

573 546 851 612 habetur
860 595 881 629 ,
946 554 1171 613 notam
1229 565 1360 610 non
1416 542 1754 628 ponimus,
1820 543 1977 629 quia
2028 565 2239 628 neque
2294 565 2335 608 a
2385 543 2742 611 maioribus
2790 544 3157 632 accepimus

572 671 784 737 neque
827 648 1075 734 fingere
1116 667 1484 736 possumus.

742 855 850 921 Ex
892 856 1040 941 ipsa
1081 850 1430 938 prosodiae
1460 850 1872 932 definitione,
1916 859 1997 921 ut,
2020 848 2345 919 intellexit
2372 851 2570 917 etiam
2602 851 2971 918 Scholiasta
3000 852 3158 918 Dio-

573 957 778 1042 nysii,
837 956 950 1042 qui
1006 955 1177 1019 hane
1222 952 1664 1019 definitionem
1680 1000 1698 1033 ,
1757 962 1832 1017 ut
1874 951 2166 1032 videtur,
2224 963 2582 1039 praeeunte
2624 953 3003 1020 Herodiano
3048 976 3158 1018 ex-

572 1057 775 1145 plieat
819 1057 911 1144 (p·
958 1056 1116 1138 680,
1161 1057 1240 1121 21
1289 1057 1392 1121 καὶ
1436 1055 1500 1121 οἱ
1542 1055 1768 1134 χρόνοι
1812 1057 1917 1121 καὶ
1957 1057 2039 1120 τὰ
2080 1056 2409 1137 πνεύματα
2463 1058 2566 1121 καὶ
2610 1059 2671 1122 οἱ
2716 1057 2896 1122 τόνοι
2952 1056 3159 1121 ἐπιδέ-

575 1181 797 1240 χονται
840 1160 956 1225 τὸν
1001 1159 1263 1238 ὁριςμόν
1307 1161 1418 1235 τῆς
1463 1157 1856 1240 προςῳδίας,
1900 1159 2070 1237 πλὴν
2101 1160 2236 1224 τῶν
2265 1163 2491 1223 παθῶν
2537 1157 2720 1223 ἅτινα
2765 1160 2920 1224 οὐδὲ
2962 1179 3158 1236 προς-

576 1263 759 1346 ῳδίαι
815 1261 994 1342 εἰςίν)
1047 1268 1230 1346 patet
1284 1261 1363 1325 τὰ
1416 1260 1588 1338 πάθη
1645 1258 1716 1340 (i.
1762 1280 1819 1322 e.
1868 1260 1983 1338 τὴν
2037 1259 2490 1342 ἀπόςτροφον,
2547 1262 2663 1338 τὴν
2721 1261 2887 1339 ὑφὲν
2932 1267 3000 1323 et
3042 1260 3159 1337 τὴν

576 1362 1079 1444 ὑποδιαςτολήν)
1139 1361 1211 1425 in
1263 1359 1730 1427 Prosodiarum
1784 1381 2126 1424 numerum
2186 1360 2271 1424 ab
2326 1358 2702 1425 Herodiano
2760 1383 2891 1426 non
2952 1358 3163 1425 relata

575 1486 751 1545 esse,
796 1485 948 1528 nam
964 1511 983 1544 ,
1027 1472 1103 1526 ut
1145 1462 1322 1527 idem
1354 1460 1724 1527 Scholiasta
1752 1460 2244 1541 animadvertit,
2291 1482 2420 1526 non
2463 1461 2610 1546 ipsa
2652 1462 3163 1549 pronunciantur

575 1576 648 1631 ut
690 1566 827 1630 toni
869 1574 938 1629 et
980 1564 1248 1650 spiritus
1296 1572 1362 1628 et
1405 1563 1772 1649 quantitas,
1814 1561 1933 1627 sed
1979 1561 2333 1629 seeundum
2379 1585 2459 1630 ea
2500 1585 2697 1629 voees
2742 1562 3163 1650 proferuntur

576 1666 668 1753 (p.
713 1666 872 1748 648,
919 1666 957 1730 8
1002 1668 1166 1746 πρὸς
1209 1667 1288 1731 τὰ
1332 1666 1504 1743 πάθη
1548 1666 1814 1746 ᾅδονται
1859 1665 1925 1729 αἱ
1968 1666 2217 1747 φωναί,
2270 1666 2472 1744 ἤγουν
2517 1667 2676 1732 κατὰ
2720 1667 2799 1731 τὰ
2842 1667 3030 1746 πάθη.
3073 1702 3161 1714 —

575 1771 656 1835 οὐ
712 1769 881 1845 λέγω
948 1768 1123 1846 οὐχὶ
1189 1766 1472 1847 οὕτως,
1537 1766 1704 1831 ἀλλὰ
1756 1768 2012 1846 βλέπων
2068 1770 2184 1847 τὴν
2240 1768 2657 1848 ἀπόςτροφον
2716 1770 2867 1848 οὐχ’
2923 1769 3157 1834 οὕτως·

574 1873 676 1936 καὶ
719 1871 912 1936 πάλιν
957 1871 1032 1934 τὸ
1078 1870 1545 1948 χειρίςοφος
1590 1869 1670 1932 οὐ
1717 1870 1886 1944 λέγω
1932 1871 2092 1947 χειρὶ
2135 1871 2369 1952 ςοφός,
2424 1870 2567 1935 ἀλλ’
2612 1870 2786 1948 ὁρῶν
2831 1872 2946 1949 τὴν
2992 1871 3159 1950 ὑφὲν

573 1974 988 2049 ἀναγινώςκω
1034 1971 1417 2050 χειρίςοφος.
1505 1970 1742 2048 ὁμοίως
1795 1971 1899 2034 καὶ
1951 1969 2056 2035 ἐπὶ
2108 1975 2226 2035 τοῦ
2270 1972 2511 2054 ἔςτιν,
2566 1971 2782 2039 ἄξιος
2839 1972 3038 2037 πείθει
3084 1993 3158 2050 με

573 2075 614 2151 ἡ
670 2074 1097 2150 ὑποδιαςτολὴ
1153 2071 1372 2138 ἄξιος
1416 2070 1872 2147 ἀναγινώςκειν
1926 2074 2028 2137 καὶ
2082 2075 2162 2152 μὴ
2224 2073 2524 2140 Νάξιος
2617 2073 2775 2138 ὥςτε
2831 2075 2990 2138 κατὰ
3043 2075 3158 2151 τὴν

574 2172 995 2254 ἑτυμολογίαν
1041 2173 1244 2252 μόνον
1292 2174 1588 2251 λέγονται
1631 2172 1710 2237 τὰ
1753 2172 1925 2252 πάθη
1970 2175 2350 2258 προςῳδίαι,
2406 2175 2552 2253 οὐχὶ
2605 2176 2765 2239 κατὰ
2808 2177 2924 2239 τὸν
2969 2174 3159 2252 ὅρον·

575 2276 679 2340 διὰ
723 2275 846 2354 γὰρ
890 2276 966 2338 τὸ
1011 2276 1176 2353 πρὸς
1220 2276 1419 2340 αὐτὰς
1478 2275 1732 2356 ᾄδεςθαι
1787 2274 1902 2339 τὰς
1945 2274 2173 2355 φωνὰς
2218 2275 2498 2354 εἴρηνται
2556 2276 2862 2345 καὶ.αὐτὰ
2907 2296 3158 2357 προςψ-

496 2369 508 2377 ’
575 2377 744 2459 δίαι).
834 2374 1010 2440 Ηὶιιο
1054 2374 1342 2442 efficitur
1385 2396 1532 2440 eam
1575 2374 1955 2454 sectionem,
2001 2396 2166 2461 quae
2212 2375 2437 2441 statim
2481 2398 2587 2462 ap.
2634 2375 2994 2441 Arcadium
3045 2396 3154 2440 ex-

572 2478 964 2564 positionem
1020 2481 1166 2557 περὶ
1230 2482 1342 2558 τῆς
1405 2484 1539 2545 τῶν
1605 2478 1816 2543 τόνων
1864 2477 2174 2556 εὑρέςεως
2218 2482 2347 2543 κτλ.
2426 2479 2753 2563 sequitur,
2821 2498 3019 2563 quum
3088 2476 3159 2538 in

573 2601 652 2645 ea
717 2580 917 2645 etiam
981 2582 1151 2659 πάθη
1215 2578 1543 2665 prosodiis
1600 2579 2141 2659 adnumerentur,
2210 2601 2295 2643 ex
2359 2579 2733 2644 Herodiano
2797 2600 2929 2644 non
2992 2576 3157 2642 deri-

572 2690 798 2746 vatam
840 2704 1006 2747 esse.

1505 2768 1701 2847 Περὶ
1741 2770 2233 2849 προςῳδιῶν.

741 2889 1107 2971 Προςῳδίαι
1167 2888 1280 2953 εἰςὶ
1332 2889 1511 2953 δέκα·
1575 2886 1780 2967 ὀξεῖα,
1839 2883 2013 2950 οἷον·
2067 2886 2245 2950 θεός
2286 2883 2324 2967 ’,
2372 2890 2621 2968 βαρεῖα,
2650 2884 2844 2975 ὀῖον·
2901 2886 3072 2951 Πὰν
3112 2880 3156 2968 “,

571 2990 1052 3071 περιςπωμένη,
1118 2988 1290 3055 οἷον·
1355 2993 1502 3067 πῦρ
1553 2991 1599 3069 ’“,
1666 2983 1902 3066 μακρὰ,
1960 2983 2134 3051 οἷον·
2202 2974 2424 3065 ’Ᾰρης
2489 3022 2547 3071 -,
2621 2991 2916 3070 βραχεῖα,
2982 2985 3154 3051 οἷον·

570 3086 792 3171 ’Ᾰρης
831 3093 884 3172 “,
940 3094 1190 3171 δαςεῖα,
1236 3088 1409 3154 οἷον·
1465 3089 1693 3167 ἥλιος
1737 3087 1775 3170 ‘‚
1831 3085 2023 3167 ψιλή,
2079 3084 2251 3152 οἷον·
2309 3087 2575 3164 ἠέλιος
2629 3090 2668 3170 ³,
2723 3087 3157 3170 ἀπόςτροφος,

576 3192 749 3258 οἷον·
808 3190 906 3256 ὡς
951 3190 1181 3271 ἔφατ’
1225 3192 1261 3271 ’,
1308 3191 1504 3273 ὑφὲν,
1559 3189 1731 3255 οἷον·
1783 3186 2308 3263 παςιμέλουςα
2356 3190 2427 3272 ⁰,
2475 3191 2938 3273 ὑποδιαςτολή,
2983 3188 3156 3254 οἷον·

574 3294 725 3359 Δία
769 3293 834 3357 δ’
892 3292 1032 3356 οὐκ
1087 3292 1247 3375 ἔχε,
1313 3293 1662 3370 νήδυμος
1717 3271 2488 3371 ὕπνοςῗ-’Διαιροῦνται
2534 3294 2605 3358 δὲ
2662 3291 2845 3357 αὗται
2891 3291 2979 3356 εἰς
3022 3291 3155 3356 τές-

576 3414 757 3473 ςαρα·
804 3393 893 3459 εἰς
935 3392 1199 3477 τόνους,
1244 3394 1334 3459 εἰς
1379 3393 1684 3475 χρόνους,
1729 3393 1819 3458 εἰς
1865 3395 2194 3475 πνεύματα
2237 3396 2341 3459 καὶ
2383 3395 2471 3460 εἰς
2516 3393 2703 3471 πάθη.

745 3495 940 3560 Τόνοι
985 3497 1101 3575 μὲν
1144 3497 1340 3573 τρεῖς·
1400 3495 1574 3562 ὀξεῖα
1629 3498 1852 3574 βαρεῖα
1905 3497 2364 3575 περιςπωμένη.
2454 3496 2678 3574 χρόνοι
2724 3497 2797 3561 δὲ
2841 3493 2989 3558 δύο·
3044 3513 3154 3571 μα-

576 3598 696 3675 κρά
740 3599 1017 3676 βραχεῖα
1105 3597 1436 3678 πνεύματα
1479 3598 1550 3662 δὲ
1595 3596 1741 3661 δύο·
1788 3601 2008 3662 δαςεῖα
2052 3601 2225 3676 ψιλή.
2300 3597 2470 3676 πάθη
2516 3598 2588 3662 δὲ
2631 3596 2797 3674 τρία·
2844 3594 3158 3673 ἀπόςτρο-

576 3718 705 3778 φος
750 3698 915 3778 ὑφέν
960 3699 1406 3776 ὑποδιαςτολή.

745 3799 1093 3867 Ὀξύτονον
1138 3800 1347 3878 ὄνομα
1400 3802 1679 3865 καλεῖται
1736 3801 1809 3865 τὸ
1870 3799 1974 3865 ἐπὶ
2026 3801 2256 3866 τέλους
2299 3800 2456 3879 ἔχον
2500 3801 2745 3881 ὀξεῖαν,
2802 3799 2975 3865 οἷον·
3033 3819 3155 3864 ςο-

576 3902 723 3982 φός
766 3902 1019 3967 καλός.
1108 3901 1555 3979 παροξύτονον
1600 3904 1882 3966 καλεῖται
1926 3903 2000 3967 τὸ
2046 3903 2174 3980 πρὸ
2219 3905 2360 3982 μιᾶς
2415 3904 2727 3981 ςυλλαβῆς
2770 3905 2888 3967 τοῦ
2931 3901 3158 3966 τέλους

415 4006 537 4079 192
578 4002 754 4086 ἔχον,
781 4002 1029 4083 ὀξεῖαν,
1076 4001 1251 4067 οἷον·
1305 4002 1540 4083 φίλος
1583 4003 1778 4069 νέος.
1869 4004 2449 4082 προπαροξύτονον
2504 4002 2715 4081 ὄνομα
2758 4005 3038 4067 καλεῖται
3081 4002 3156 4066 τὸ

575 4105 703 4182 πρὸ
737 4104 879 4171 ,δύο
937 4106 1266 4183 ςυλλαβῶν
1322 4108 1440 4168 τοῦ
1494 4105 1721 4171 τέλους
1774 4104 1931 4183 ἔχον
1987 4107 2102 4185 τὴν
2160 4104 2413 4187 ὀξεῖαν,
2469 4103 2641 4170 οἷον·
2707 4102 3157 4183 φιλόςοφος

576 4204 1035 4283 φιλόκαλος.
1102 4206 1587 4285 περιςπώμενον
1633 4209 1912 4272 καλεῖται
1957 4209 2033 4272 τὸ
2078 4207 2183 4272 ἐπὶ
2226 4207 2451 4272 τέλους
2481 4205 2635 4284 ἔχον
2680 4206 2796 4283 τὴν
2840 4225 3156 4283 περιςπω-
3218 4261 3225 4266 .

576 4305 803 4385 μένην,
851 4304 1023 4369 οἷον·
1070 4307 1444 4385 Ἡρακλῆς
1490 4306 1928 4387 (οφοκλῆς-
1975 4308 2593 4387 προπεριςπώμενον
2624 4305 2834 4385 ὄνομα
2876 4308 3156 4372 καλεῖται

575 4407 651 4470 τὸ
696 4407 823 4484 πρὸ
870 4409 1010 4485 μιᾶς
1055 4409 1366 4487 ςυλλαβῆς
1420 4412 1537 4474 τοῦ
1590 4410 1816 4474 τέλους
1872 4410 2029 4488 ἔχὀν
2073 4411 2189 4487 τὴν
2234 4407 2751 4488 περιςπωμένην,
2799 4406 2972 4473 οἷον·
3028 4409 3155 4483 δῆ-

577 4526 716 4584 μος
759 4509 1016 4582 κῆπος.
1105 4510 1234 4587 πρὸ
1290 4510 1426 4574 δύω
1481 4509 1601 4576 οὖν
1655 4512 1990 4589 ςυλλαβῶν
2047 4510 2491 4589 περιςπωμένη
2549 4509 2629 4574 οὐ
2684 4509 2948 4591 τίθεται,
3007 4508 3157 4574 οὔτε

578 4606 754 4672 ὀξεῖα
796 4608 925 4685 πρὸ
969 4614 1162 4686 τριῶν
1209 4613 1543 4691 ςυλλαβῶν
1588 4611 1947 4689 εὑρίςκεται.
2035 4613 2075 4689 ἡ
2120 4613 2191 4676 δὲ
2238 4613 2459 4691 βαρεῖα
2501 4611 2762 4690 τίθεται,
2809 4609 2918 4674 ὅτε
2964 4609 3003 4674 ὁ
3050 4607 3155 4672 λό-

577 4727 692 4784 γος
734 4709 940 4786 τρέχει
984 4713 1237 4790 ςτιγμὴν
1291 4713 1374 4790 μὴ
1429 4711 1599 4789 ἔχων
1655 4711 1769 4789 τὴν
1814 4712 2180 4777 τελευταίαν
2227 4712 2440 4777 ὀξεῖαν
2495 4711 2747 4789 τρέπων
2800 4712 2889 4776 εἰς
2932 4709 3154 4791 αὐτήν,
