3664 5546
1234 342 1394 397 ΠΕΡΙ
1438 340 1828 395 ΚΑΘΟΛΙΚΗ(
1867 340 2286 395 ΠΡΟΕΩιΔΙΑ(
2328 341 2402 394 ΙΒ.
2985 341 3113 406 329

530 516 636 579 έπὶ
699 518 832 579 τῶν
897 512 1159 600 ἀδήλων
1238 515 1341 577 καὶ
1418 513 1973 592 ἑκτετοπιςμένων.
2082 513 2499 591 Παρικὰνη
2572 513 2756 577 πόλις
2819 515 3109 591 Περςική.

530 617 851 681 Ἑκαταῖος
898 616 1062 699 Ἀςίᾳ
1123 616 1235 680 «ἐν
1291 616 1358 681 δ’
1410 616 1653 681 αὐτοῑςι
1710 617 1897 681 πόλις
1950 616 2283 694 Παρικάνη
2332 615 2580 693 οὔνομα
2595 639 2639 677 ν.
2726 616 2802 679 τὸ
2857 617 2929 680 δὲ
2974 637 3110 694 μη-

530 719 724 798 χανή
769 717 1075 784 ὀξύνεται.
1167 718 1470 783 ὡςαύτως
1515 719 1616 783 καὶ
1660 719 2040 797 Ἀμφαναί
2085 719 2270 782 πόλις
2304 718 2584 796 Δωρική.
2672 717 2996 782 Ἑκαταῖος
3040 716 3112 783 ἐν

528 820 777 904 πρώτῃῖ
802 824 1250 895 γενεαλογιῶν.
1355 820 1744 900 Θεόπομπος
1790 819 2184 899 Ἀμφαναίαν
2240 819 2441 898 αὐτὴν
2496 821 2676 883 καλεῖ
2729 819 2800 884 ἐν
2845 819 3112 902 πέμπτῳ

529 922 941 987 Φιλιππικῶν.
1042 922 1165 986 ἔςτι
1222 923 1324 986 καὶ
1377 923 1617 1001 χωρίον
1676 922 2015 987 Θεςςαλίας
2077 921 2395 988 ὡςαύτως.
2496 922 2573 984 τὰ
2630 923 2703 985 δὲ
2758 921 2846 986 εἰς
2902 925 3024 1008 ανῆ
3070 924 3112 982 ἃ
3141 929 3174 979 5

532 1031 749 1109 μακρῷ
779 1024 1274 1103 παραληγόμενα
1302 1024 1541 1104 ἔχοντα
1570 1024 1832 1089 ἔννοιάν
1864 1043 2038 1088 τινος
2062 1024 2724 1103 προςυπακουομένου
2755 1022 2856 1087 ἐπὶ
2883 1027 3113 1101 χωρῶν

530 1126 633 1190 καὶ
677 1127 782 1190 ἐπὶ
825 1126 1082 1190 πόλεων
1128 1125 1450 1208 ὀξύνεται,
1499 1126 1858 1203 Ματιανή
1913 1128 2107 1204 μοῖρα
2158 1129 2270 1202 τῆς
2315 1126 2577 1204 Μηδίας.
2669 1125 2966 1205 (τράβων
3011 1124 3113 1187 ἑν-

533 1227 761 1311 δεκάτῃ
815 1229 909 1313 (p.
953 1226 1107 1309 509)
1165 1232 1398 1292 «τοῦτο
1456 1230 1527 1293 δὲ
1582 1228 1820 1304 γίνεται
1876 1229 1978 1292 καὶ
2030 1231 2142 1305 τῆς
2201 1227 2446 1305 Μηδίας
2500 1227 2572 1292 ἐν
2627 1233 2703 1311 τῇ
2763 1228 3112 1309 Ματιανῇ».

531 1329 834 1406 Ἀςιανή
879 1329 1064 1394 πόλις
1110 1329 1373 1394 Ἠλείας.
1431 1329 1805 1412 Ἀχριανή·
1842 1330 2027 1394 πόλις
2071 1328 2422 1407 Ὑρκανίας.
2481 1329 2808 1409 Πολύβιος
2850 1329 3113 1410 δεκάτῳ.

496 1430 920 1510 ’(ογδιανή
966 1432 1207 1510 χωρίον
1251 1433 1397 1509 περὶ
1437 1433 1554 1510 τὴν
1601 1431 2010 1509 Βακτριανήν.
2058 1428 2442 1507 (ουςιανή
2487 1430 2526 1509 ἡ
2572 1431 2753 1509 χώρα
2796 1432 2898 1494 καὶ
2937 1430 3115 1509 κώμη
3153 1437 3219 1487 10

534 1531 857 1612 Εουςιανή.
948 1533 1297 1613 (υρβανή
1341 1535 1532 1610 νῆςος
1576 1533 1646 1598 έν
1691 1539 1781 1615 τῷ
1826 1531 2158 1616 Εὐφράτῳ.

701 1636 795 1708 Τὰ
839 1634 927 1699 εἰς
968 1639 1051 1713 ’νῆ
1097 1635 1438 1715 διςύλλαβα
1493 1641 1587 1717 τῷ
1630 1635 1664 1700 ἒ
1716 1636 2214 1714 παραληγόμενα
2268 1634 2370 1698 καὶ
2427 1632 2763 1714 βαρύνεται
2817 1634 2918 1698 καὶ
2972 1632 3114 1700 ὀξύ-

534 1757 724 1800 νεται.
815 1737 1150 1816 βαρύνεται
1193 1737 1269 1801 τὸ
1314 1737 1348 1800 ἔ
1362 1757 1450 1814 νη
1465 1783 1483 1816 ,
1526 1736 1817 1804 ὀξύνεται
1873 1737 1948 1800 τὸ
1995 1736 2230 1801 Θεναί
2283 1735 2493 1800 πόλις“
2518 1735 2787 1818 Κρήτης,
2832 1738 2998 1801 τινες
3045 1738 3116 1800 δὲ

535 1838 877 1916 Ἀρκαδίας.
967 1838 1027 1902 οἱ
1072 1838 1142 1902 δ’
1187 1837 1369 1916 ὄρος·
1427 1840 1529 1902 καὶ
1570 1839 1646 1903 τὸ
1695 1838 1943 1902 Μεναί
1998 1839 2182 1903 πόλις
2230 1838 2508 1902 (ικελίας
2562 1837 2752 1913 ἐγγὺς
2794 1838 3114 1902 Παλικῶν.

535 1939 1027 2018 Ἀπολλόδωρος
1072 1941 1144 2005 έν
1188 1940 1468 2023 δευτέρῳ
1514 1944 1848 2020 χρονικῶν.
1910 1942 2013 2004 καὶ
2056 1940 2132 2004 τὸ
2178 1939 2365 2018 εὐνή
2411 1939 2567 2018 μετὰ
2610 1943 2727 2003 τοῦ
2773 1943 2829 2004 ὗ.
2885 1939 3122 2016 γέγονε
3158 1945 3218 1996 15

533 2042 655 2119 γὰρ
711 2040 842 2105 ἀπὸ
899 2045 1016 2106 τοῦ
1072 2041 1163 2107 εἷς
1221 2041 1367 2106 ἑνός
1428 2041 1540 2120 ἑνή
1601 2043 1703 2105 καὶ
1757 2041 1947 2122 εὐνή,
2004 2041 2397 2121 ψιλουμένης
2451 2043 2562 2118 τῆς
2609 2045 2683 2105 εἰ]
2736 2041 3116 2122 διφθόγγου,

533 2143 672 2208 ἐπεὶ
712 2144 788 2207 τὸ
834 2149 873 2206 ῡ
915 2143 1279 2210 πλεονάζον
1328 2146 1515 2222 ψιλοῑ
1556 2144 1637 2207 τὰ
1680 2144 1808 2222 πρὸ
1855 2143 2089 2207 ἑαυτοῦ
2133 2143 2507 2226 φωνήεντα,
2553 2143 2781 2221 ἕκηλος
2825 2142 3114 2223 εὔκηλος,

533 2245 678 2309 ἕαδε
725 2245 929 2310 εὔαδε.
1020 2244 1132 2309 εἰςὶ
1176 2246 1247 2308 δὲ
1291 2245 1394 2308 καὶ
1436 2245 1668 2310 Εύναί
1712 2245 1898 2310 πόλις
1948 2245 2204 2327 Καρίας,
2251 2244 2322 2309 έν
2366 2246 2405 2327 ᾗ
2451 2246 2739 2324 ποταμὸς
2783 2244 3072 2309 Εὐναῑος.

699 2347 793 2411 Τὰ
857 2346 962 2411 διὰ
1024 2344 1143 2410 τοῦ
1214 2349 1335 2425 ’evii
1402 2345 1908 2426 ύπερδιςύλλαβα
1984 2348 2304 2424 μονογενῆ
2380 2332 2747 2427 βαρύνεται,
2826 2344 3134 2425 ὠλένη,

514 2448 791 2525 ’Ἑλένη
858 2450 1049 2526 νῆςος
1113 2451 1224 2524 τῆς
1280 2449 1570 2525 Ἀττικῆς.
1659 2447 1982 2512 Ἑκαταῖος
2047 2447 2334 2530 Εὐρώπῃ.
2423 2447 2554 2512 ἐκεῖ
2617 2448 2741 2526 γὰρ
2797 2445 3117 2526 ἀποβῆναί
3152 2456 3221 2505 20

534 2569 684 2627 φαςι
725 2550 840 2626 τὴν
870 2549 1128 2627 Ἑλένην
1169 2551 1325 2628 μετὰ
1365 2549 1480 2628 τὴν
1521 2548 1756 2613 ἅλωςιν
1788 2548 1986 2614 Ἰλίου.
2047 2548 2174 2613 ἔςτι
2218 2549 2320 2613 καὶ
2359 2550 2557 2627 κρήνη
2598 2549 2816 2628 Ἑλένη
2859 2549 2930 2612 ἐν
2964 2548 3116 2632 Χίῳ,

535 2650 605 2742 ἐν
634 2652 673 2733 ᾗ
705 2649 921 2728 Ἑλένη
953 2649 1280 2714 έλούςατο.
1332 2651 1695 2729 Κλυμένη.
1746 2650 2310 2730 Καςμένη,πόλις
2343 2650 2636 2715 (ικελίας.
2683 2650 3034 2729 Ἡρόδοτος
3064 2649 3115 2715 ζ’

536 2749 619 2834 (ο.
656 2749 831 2835 155);
885 2751 1207 2831 Κτιμένη
1248 2753 1435 2819 πόλις
1470 2752 1841 2849 Θεςςαλίας,
1879 2753 2008 2817 ὑπὸ
2045 2752 2315 2831 Πηλέως
2354 2751 2597 2817 Φοίνικι
2632 2755 3007 2834 δωρηθεῖςα,
3042 2750 3116 2830 ἦς

533 2854 683 2919 τοὺς
714 2853 980 2917 πολίτας
1009 2853 1293 2933 Ὅμηρος
1322 2855 1635 2920 Δόλοπάς
1669 2876 1883 2938 φηςιν,
1917 2856 2006 2920 ὡς
2039 2854 2279 2919 (ίντιας
2313 2859 2425 2934 τῆς
2456 2855 2734 2937 Λήμνου,
2766 2854 2868 2918 καὶ
2889 2854 3116 2932 Τρῶας
3186 2844 3194 2852 ’

533 2959 642 3033 τῆς
686 2954 871 3018 Ἰλίου
917 2956 1019 3019 καὶ
1060 2954 1354 3038 Ζελείας,
1401 2957 1503 3020 καὶ
1547 2956 1835 3021 Ἐπειοὺς
1878 2959 1989 3034 τῆς
2017 2957 2312 3038 Ἤλιδος,
2358 2957 2460 3021 καὶ
2501 2957 2779 3021 Φαίακας
2824 2960 2935 3032 τῆς
2967 2955 3112 3033 (χε-
3152 2966 3219 3015 25

534 3042 683 3133 ρίας
733 3058 835 3120 καὶ
897 3056 1208 3136 Ἄβαντας
1272 3058 1426 3122 τοὺς
1492 3058 1783 3136 Εὐβοέας.
1874 3057 2044 3122 οὕτω
2110 3059 2212 3121 καὶ
2253 3057 2627 3137 «Κτιμένην
2686 3057 3113 3134 Δολοπηῒδα»
3173 3059 3186 3063 “

533 3154 861 3242 (Apollon.
907 3155 1118 3220 Rhod.
1168 3156 1359 3239 168).
1416 3159 1858 3238 Δυναμένη.
1918 3159 2411 3238 Μελπομένη.
2465 3158 3115 3237 Κατακεκαυμένη

535 3260 715 3336 χώρα
757 3263 868 3335 τῆς
913 3259 1212 3338 Ἑφεςίας.
1288 3260 1586 3341 (τράβων
1630 3261 2115 3344 τριςκαιδεκάτῳ
2160 3263 2246 3345 (p.
2293 3260 2461 3342 628).
2539 3261 2887 3340 (ταμένη
2931 3261 3118 3325 πόλις

539 3359 864 3439 Χαλύβων.
926 3360 1247 3425 Ἑκαταῖος
1294 3362 1475 3445 Ἀςίᾳ.
1537 3362 1852 3441 Ἀρμένη
1898 3363 2074 3440 κώμη
2118 3362 2599 3443 Παφλαγονίας.
2659 3363 2997 3426 Μένιππος
3045 3363 3114 3424 ἐν

535 3460 860 3544 περίπλῳ,
905 3462 1078 3539 παρὰ
1110 3463 1181 3526 δὲ
1212 3462 1596 3541 Ξενοφῶντι
1643 3464 1712 3541 ἐν
1744 3462 2112 3545 ἀναβάςεως
2143 3465 2199 3535 ς’
2230 3465 2329 3547 (1,
2360 3463 2429 3544 9)
2473 3465 2746 3544 Ἀρμήνη
2778 3465 2883 3528 διὰ
2913 3466 3029 3527 τοῦ
3059 3466 3114 3538 ἦ.
3152 3473 3221 3525 30

536 3562 993 3640 Λυκοςθένη
1054 3563 1240 3628 πόλις
1282 3564 1528 3629 Λυδίας.
1618 3564 1876 3631 Ξάνθος
1933 3568 2157 3650 πρώτῃ
2210 3568 2571 3650 Λυδιακῶν,
2628 3566 2707 3644 ἣν
2764 3567 2866 3630 καὶ
2920 3565 3117 3630 Λυκο-

534 3868 631 3917 pro
669 3858 944 3917 postremo
983 3852 1228 3903 Meinek.
1267 3852 1558 3919 Παρικανή
1605 3859 1662 3905 et
1708 3872 1805 3919 pro
1842 3852 2152 3921 Παρίκανοι
2197 3853 2508 3921 Παρικανοί
2553 3855 2900 3907 scribendum
2947 3855 3120 3921 suspi-

537 3925 711 3970 catur.
782 3918 1053 3971 ώςαύτως
1101 3921 1189 3971 καὶ
1238 3918 1515 3984 Ἀμφαναί
1561 3939 1627 3972 ex
1674 3922 1754 3975 St.
1803 3924 1864 3973 B.
1910 3925 2106 3975 adieci.
2178 3926 2371 3974 Finem
2419 3926 2649 3975 canonis
2693 3922 2763 3975 τὰ
2808 3921 2886 3974 εἰς
2922 3923 3039 3984 ἴῦῆ
3084 3926 3119 3972 ᾶ

537 3991 732 4052 μακρῷ
777 3989 898 4052 ipse
944 3988 1137 4038 addidi
1183 3988 1381 4039 conato
1423 3989 1661 4040 Arcadio
1700 3994 1822 4051 107,
1875 3995 1937 4041 10
1983 4009 2080 4057 pro
2124 3998 2207 4042 ter
2251 3993 2522 4043 voeabula
2567 4007 2600 4042 a
2647 3992 2726 4043 st.
2771 3992 2834 4043 B.
2881 3991 3117 4055 prolata.

536 4057 694 4105 omisi
727 4054 1046 4119 Δαριςτάνη
1087 4054 1246 4107 πόλις
1283 4056 1513 4120 Περςικ’
1542 4096 1554 4120 ,
1603 4059 1745 4123 quod
1794 4060 2032 4110 fortasse
2070 4009 2388 4123 Xuptcravff]
2435 4060 2604 4109 scribi
2648 4058 2829 4111 debet.
2978 4058 3014 4106 1.
3056 4060 3118 4105 13

536 4139 634 4188 pro
678 4123 903 4173 Arcadii
938 4121 1089 4189 Θενή
1136 4124 1279 4186 (cod.
1316 4126 1383 4186 A)
1431 4141 1497 4175 ve
1565 4123 1735 4177 Θεναί
1774 4126 1863 4189 (Β)
1912 4126 2040 4177 dedi
2086 4142 2226 4191 quae
2270 4128 2502 4191 praebet
2546 4127 2626 4176 St.
2671 4128 2762 4184 Β.,
2814 4141 2880 4174 ox
2927 4124 3117 4175 eodem

536 4191 718 4240 adieci
756 4188 954 4241 Μεναί.
1026 4192 1210 4244 Verba
1246 4190 1446 4254 γέγονε
1483 4192 1588 4257 γὰρ
1627 4220 1683 4229 -
1727 4193 1892 4245 εὔαδε
1929 4195 2162 4258 apposui
2199 4209 2266 4242 ex
2302 4193 2548 4258 Theogn.
2576 4195 2689 4253 112,
2727 4196 2810 4251 30,
2847 4196 2972 4242 niun
3007 4192 3118 4241 He-

534 4258 797 4309 rodianea
835 4274 957 4309 esse
995 4260 1155 4310 docet
1191 4260 1348 4310 loeus
1387 4277 1451 4311 ex
1488 4260 1629 4311 libro
1665 4261 1793 4325 περὶ
1829 4262 2034 4312 παθῶν
2068 4263 2125 4310 in
2163 4262 2224 4311 Ε.
2251 4260 2342 4310 Or.
2367 4264 2448 4317 57,
2485 4262 2575 4312 31:
2615 4258 2787 4311 εὐνις;
2828 4259 2860 4310 ὁ
2898 4258 3118 4323 ἑςτερη·

537 4324 701 4388 μένος
748 4325 902 4378 τινὸς
949 4326 1102 4391 παρὰ
1146 4327 1255 4392 τὴν
1304 4326 1430 4379 ἑνός
1475 4327 1719 4391 γενικήν.
1790 4327 1822 4378 ὁ
1869 4327 1974 4391 γὰρ
2022 4326 2365 4391 παρώνυμος
2410 4327 2695 4392 χαρακτὴρ
2741 4325 2855 4377 ἀπὸ
2892 4328 3118 4389 γενικῆς

535 4392 771 4458 γίνεται,
813 4393 969 4445 οὕτω
1008 4394 1160 4458 παρὰ
1194 4395 1302 4458 τὴν
1340 4393 1466 4446 ἑνός
1501 4396 1732 4459 γενικὴν
1779 4394 1890 4445 ἕνις
1929 4394 2018 4445 καὶ
2066 4394 2208 4446 κατὰ
2244 4395 2602 4457 πλεοναςμὸν
2644 4395 2748 4444 τοῦ
2787 4397 2820 4445 ῦ
2868 4393 3016 4445 εὖνις
3063 4398 3119 4443 et

536 4461 602 4511 de
638 4463 843 4526 spiritu
880 4463 952 4515 cf.
979 4463 1057 4515 ·11.
1097 4464 1185 4512 Pr.
1228 4461 1270 4513 Α
1307 4465 1423 4513 554.
1497 4460 1663 4514 Εὐναί
1702 4464 1910 4525 sumpsi
1948 4477 2017 4512 ex
2054 4463 2132 4512 St.
2171 4464 2237 4512 B.
2388 4464 2423 4512 1.
2459 4466 2525 4513 20
2562 4460 2752 4525 Ἑλένη
2793 4462 3013 4527 explevi
3051 4476 3117 4510 ex

537 4529 613 4578 St.
650 4530 711 4583 B.
777 4527 1029 4595 Καςμένη
1069 4546 1137 4580 ex
1174 4530 1254 4583 St.
1287 4531 1368 4589 Β.,
1411 4546 1477 4579 ex
1515 4545 1620 4594 quo
1660 4528 1946 4592 Καυμένη,
1986 4531 2074 4579 eui
2109 4529 2276 4579 Mein.
2314 4529 2385 4581 ad
2422 4531 2501 4580 St.
2539 4531 2600 4579 B.
2636 4532 2752 4590 370,
2791 4534 2822 4581 6
2863 4526 3115 4591 Κλυμένη

536 4597 872 4647 substituere
909 4598 1057 4659 vult,
1105 4614 1192 4662 ap.
1229 4598 1477 4662 Theogn.
1518 4599 1638 4658 113,
1676 4599 1708 4644 2
1754 4603 2070 4661 corruptum
2113 4596 2350 4650 videtur.
2424 4596 2662 4659 Κτιμένη
2700 4613 2767 4646 ex
2806 4598 2885 4647 St.
2925 4600 3014 4659 Β.,
3053 4612 3117 4644 ex

536 4678 641 4726 qno
691 4663 948 4729 Κτημένη
1002 4681 1090 4730 ap.
1144 4665 1387 4729 Theogn.
1433 4669 1746 4727 corruptum
1797 4668 1901 4713 est.
1980 4665 2048 4714 In
2101 4663 2328 4729 Φυμένη
2383 4680 2468 4731 ap.
2514 4665 2759 4728 Theogn.
2811 4666 3122 4716 continetur

539 4727 806 4795 Κλυμένη.
944 4732 978 4782 l.
1015 4734 1081 4782 27
1116 4730 1445 4794 Δυναμένη,
1484 4728 1831 4795 Μελπομένη
1870 4746 1967 4795 pro
2005 4729 2315 4795 Ἐλπομένη
2355 4749 2420 4782 ex
2457 4732 2702 4796 Theogn.
2741 4736 3116 4791 accesserunt,

535 4797 748 4862 reliqua
783 4814 957 4863 usque
993 4798 1065 4848 ad
1095 4797 1412 4862 Λυκοςθένη
1451 4805 1579 4849 sunt
1614 4815 1680 4849 ex
1719 4799 1800 4851 St.
1841 4799 1926 4862 Β.,
1973 4816 2042 4850 ex
2088 4814 2194 4864 quo
2231 4800 2397 4850 etiam
2437 4797 2796 4862 Ἀκεςαμεναί
2832 4816 3006 4868 usque
3044 4798 3118 4850 ad
