3664 5546
1164 361 1324 416 ΠΕΡΙ
1363 358 1755 416 ΚΑΘΟΛΙΚΗ(
1787 360 2210 417 ΠΡΟΕΩιΔΙΑΕ
2252 361 2322 415 ΙΕ.
2931 364 3053 428 421

467 532 908 612 παροξύνεται.
999 531 1293 601 ὀξύνεται
1348 534 1463 613 μὲν
1518 532 1650 599 ἀπὸ
1704 534 2207 615 περιςπωμένων
2272 535 2377 598 καὶ
2439 532 2850 614 ὀξυνομένων
2908 556 3056 615 χρυ-

468 639 614 703 ςοῦς
647 635 946 718 χρυςώ,
991 635 1187 701 καλός
1233 638 1370 700 καλ
1388 636 1457 700 ὠ.
1523 637 1651 716 πρὸ
1697 639 1840 716 μιᾶς
1885 638 1957 701 δὲ
2002 635 2131 715 ἔχει
2176 638 2293 701 τὸν
2338 636 2538 702 τόνον
2567 636 2647 701 τὰ
2691 635 2821 701 ἀπὸ
2868 642 3056 718 βαρυ-

464 739 792 822 νομένων,
848 737 1134 819 Ὅμηρος
1189 737 1521 821 Ὁμήρω,
1588 737 1780 818 φίλος
1847 738 2070 819 φίλω.
2168 739 2245 803 τὸ
2312 740 2384 803 δὲ
2449 737 2679 818 ἄμφω
2745 739 2847 803 καὶ
2913 739 3055 803 δύο

465 841 762 923 θεματικόι
807 840 975 909 εἰςιν.
2793 888 2800 894 .

1088 959 1287 1037 Περὶ
1328 958 1573 1023 τόνου
1617 960 1749 1035 τῆς
1795 962 2065 1036 δυῖκῆς
2107 962 2438 1037 γενικῆς.
2935 940 2940 951 ’
3084 970 3117 1019 5

629 1097 705 1162 Αἱ
757 1096 1000 1174 γενικαὶ
1054 1100 1187 1161 τῶν
1241 1099 1476 1160 δυῑκῶν
1530 1094 1620 1159 εἰς
1674 1098 1777 1160 ἇιν
1836 1095 2096 1173 λήγουςι
2154 1096 2257 1159 καὶ
2309 1094 2398 1160 εἰς
2443 1100 2563 1160 ὄϊν.
2651 1096 2716 1161 αἱ
2772 1097 2887 1176 μὲν
2933 1096 3055 1162 οὖν

462 1201 552 1267 εἰς
597 1204 701 1264 &w
747 1199 816 1264 ἐκ
870 1202 1004 1263 τῶν
1061 1197 1239 1262 ἰδίων
1293 1197 1562 1262 εὐθειῶν
1619 1196 2080 1262 κανονίζονται.
2169 1196 2224 1261 εἰ
2279 1197 2395 1274 μὲν
2437 1198 2562 1277 γὰρ
2608 1197 2945 1266 ὀξύνονται
2990 1197 3055 1261 αἱ

463 1303 700 1368 εὐθεῖαι
732 1302 835 1366 καὶ
864 1303 1322 1382 περιςπῶνται,
1367 1299 1627 1364 πάντως
1658 1298 1722 1363 αἱ
1750 1299 1995 1374 γενικαὶ
2024 1303 2485 1381 περιςπῶνται,
2531 1300 2693 1363 καλά
2735 1301 3052 1381 καλαῖν,

462 1403 629 1469 ἀλλὰ
684 1405 784 1468 καὶ
840 1405 1036 1466 διπλᾶ
1088 1403 1426 1466 διπλαῖν.
1526 1399 1580 1464 εἰ
1635 1401 1706 1465 δὲ
1763 1400 2180 1482 βαρύνονται,
2247 1401 2350 1464 καὶ
2404 1400 2468 1464 αἱ
2531 1401 2804 1484 γενικαί,
2869 1401 3050 1481 φίλαι

461 1505 768 1586 φίλαιν,
810 1505 1057 1583 ’μοῦςαι
1122 1502 1466 1582 μούςαιν.
1566 1503 1668 1567 καὶ
1730 1500 2044 1580 ἀποροῦςί
2107 1522 2276 1567 τινες
2330 1502 2662 1584 λέγοντες,
2730 1502 2834 1566 διὰ
2899 1503 2956 1567 τί
3009 1503 3050 1582 ἡ
3092 1513 3156 1564 10

461 1605 897 1685 Ἀτρείδαιν
949 1604 1165 1682 γενικὴ
1219 1606 1357 1668 τῶν
1408 1607 1644 1669 δυῑκῶν
1700 1603 1781 1667 οὐ
1846 1605 2221 1681 περιςπᾶται
2286 1603 2526 1683 ὁμοίως
2578 1610 2655 1688 τῇ
2711 1604 3049 1682 Ἀτρειδῶν

459 1715 676 1791 γενικῇ
728 1711 861 1772 τῶν
914 1709 1389 1784 πληθυντικῶνς
1448 1703 1591 1769 ἀλλ’
1645 1706 1812 1770 ἔςτιν
1866 1704 2103 1787 εἰπεῖν,
2169 1704 2265 1769 ὅτι
2332 1705 2372 1784 ἡ
2428 1705 2773 1784 Ἀτρείδαιν
2834 1707 3049 1784 γενικὴ

460 1815 591 1876 τῶν
645 1813 881 1874 δυῑκῶν
938 1810 1185 1887 μᾶλλον
1238 1812 1315 1889 τῇ
1360 1806 1699 1885 Ἀτρείδαις
1753 1798 1972 1890 δοτικῇ
2026 1811 2156 1871 τῶν
2211 1811 2655 1886 πληθυντικῶν
2707 1807 3052 1873 ἀκολουθεῖ

460 1913 623 1991 ἤπερ
666 1917 743 1995 τῇ
788 1911 1127 1987 Ἀτρειδῶν
1170 1914 1384 1992 γενικῇ
1428 1914 1562 1973 τῶν
1606 1911 2067 1987 πληθυντικῶν.
2157 1909 2315 1972 κατὰ
2368 1910 2491 1987 γὰρ
2535 1912 2652 1988 τὴν
2697 1911 2927 1989 φωνὴν
2971 1916 3048 1993 τῇ

463 2018 678 2098 δοτικῇ
732 2018 865 2076 τῶν
920 2002 1364 2089 πληθυντικῶν
1420 2009 1772 2088 πληςιάζει·
1814 1992 1953 2089 ’τὴν
2019 2010 2219 2088 αὐτὴν
2283 2011 2408 2089 γὰρ
2474 2011 2831 2090 δίφθογγον
2899 2009 3047 2088 ἔχει.
3091 2022 3152 2075 15

458 2116 709 2179 Ἄλλως
759 2133 828 2177 τε
886 2113 957 2176 δὲ
1012 2115 1201 2177 πᾶςαι
1269 2111 1333 2175 αἱ
1389 2111 1655 2176 πτώςεις
1714 2111 2097 2192 βαρύνονται
2154 2110 2298 2176 οἷον
2354 2112 2670 2191 Ἀτρείδης
2725 2113 3048 2191 Ἀτρείδου

460 2217 741 2300 Ἀτρείδῃ
798 2213 1151 2297 Ἀτρείδην,
1218 2213 1401 2277 δυϊκὰ
1462 2213 1745 2292 Ἀτρείδα
1811 2214 2187 2295 Ἀτρείδαιν,
2253 2214 2643 2291 πληθυντικά
2707 2213 3049 2291 Ἀτρείδαις

458 2317 791 2396 Ἀτρείδας.
859 2314 1067 2380 οὕτως
1113 2314 1235 2380 οὖν
1279 2316 1382 2379 καὶ
1426 2314 1771 2392 Ἀτρείδαιν
1818 2314 2205 2395 βαρυτόνως.
2275 2313 2462 2393 Μόνη
2509 2316 2580 2380 δὲ
2625 2316 2665 2395 ἡ
2710 2315 3046 2394 Ἀτρειδῶν

457 2420 671 2498 γενικὴ
715 2425 848 2484 τῶν
878 2408 1320 2496 πληθυντικῶν
1352 2416 1771 2495 περιεςπόιςθη
1786 2467 1805 2499 ,
1852 2415 1991 2480 ἐπεὶ
2020 2417 2123 2481 καὶ
2152 2417 2313 2495 μόνη
2344 2416 2600 2500 διῃρέθη
2638 2416 2783 2482 οἷον
2816 2417 3047 2495 Ἀτρει-

459 2521 643 2586 δέων.
731 2519 875 2584 Ἐἁν
923 2518 1280 2599 βούλωνται
1335 2517 1455 2582 οὖν
1500 2521 1813 2596 περιςπᾶν
1870 2520 1983 2597 τὴν
2035 2518 2379 2597 Ἀτρείδαιν
2435 2520 2691 2597 γενικὴν
2737 2523 2867 2584 τῶν
2914 2524 3045 2583 δυῖ-
3082 2531 3151 2582 20

460 2629 591 2687 κῶν
653 2620 891 2700 ὁμοίως
943 2627 1021 2704 τῇ
1077 2620 1414 2697 Ἀτρειδῶν
1467 2626 1682 2704 γενικῇ
1736 2624 1869 2685 τῶν
1925 2624 2399 2703 πληθυντικῶν,
2455 2622 2558 2684 καὶ
2610 2621 2691 2699 μὴ
2747 2619 3044 2701 βαρύνειν

459 2723 698 2803 ὁμοίως
751 2724 891 2788 ταῖς
944 2721 1169 2787 ἄλλαις
1223 2722 1520 2805 πτώςεςι,
1575 2722 1865 2788 δότωςαν
1924 2721 2034 2786 ἐπ’
2087 2721 2282 2801 αὐτῆς
2335 2723 2410 2787 τὸ
2467 2721 2823 2806 ἐξαίρετον,
2882 2722 3045 2802 ὅπερ

459 2826 641 2905 ἔςχεν
685 2826 726 2904 ἡ
770 2825 986 2902 γενικὴ
1030 2829 1162 2888 τῶν
1192 2828 1666 2906 πληθυντικῶν,
1711 2824 1996 2888 τουτέςτι
2041 2826 2158 2903 τὴν
2189 2825 2513 2903 διαίρεςιν·
2560 2824 2615 2889 εἰ
2659 2827 2731 2889 δὲ
2776 2825 2856 2890 ού
2888 2830 3044 2890 διαι-

460 2931 687 3010 ρεῖται,
734 2926 859 3005 ἄρα
903 2925 1059 2991 οὐδὲ
1102 2926 1219 2991 τὸν
1262 2925 1460 2991 τόνον
1507 2926 1627 2992 ἕξει
1672 2929 1784 3002 τῆς
1828 2928 2081 3004 γενικῆς
2124 2932 2255 2990 τῶν
2300 2929 2760 3004 πληθυντικῶν.

623 3027 697 3093 Αἱ
743 3030 813 3093 δὲ
859 3027 949 3094 εἰς
978 3031 1093 3093 ὀἶν
1125 3028 1368 3103 γενικαὶ
1398 3026 1453 3091 εἰ
1482 3029 1597 3106 μὲν
1628 3027 1759 3091 ἀπὸ
1791 3033 1924 3096 τῶν
1970 3027 2058 3092 εἰς
2102 3031 2157 3091 ὤ
2188 3026 2474 3105 γίνοιντο
2504 3027 2771 3093 εὐθειῶν
2786 3078 2805 3110 ,
2852 3034 3042 3109 βαρυ-
3078 3041 3144 3090 25

455 3132 749 3210 νομένων
794 3132 908 3210 μὲν
955 3129 1495 3211 ςυμβαρύνονται,
1541 3130 1712 3208 φίλω
1757 3129 2064 3211 φίλοιν,
2111 3129 2522 3208 ὀξυνομένων
2568 3131 2641 3194 δὲ
2685 3135 3042 3209 περιςπῶν-

454 3252 586 3314 ται,
650 3233 825 3295 καλώ
881 3233 1179 3296 καλοῖν.
1267 3232 1342 3295 τὸ
1400 3230 1702 3311 ἀμφοῖν
1767 3231 1872 3294 καὶ
1927 3233 2155 3295 δυοῖν
2209 3231 2312 3295 καὶ
2368 3233 2623 3315 δυεῖν,
2682 3231 2772 3296 ὥς
2827 3251 3042 3314 φαςιν,

456 3333 615 3397 κατὰ
656 3334 905 3411 τροπὴν
947 3336 1066 3396 τοῦ
1112 3335 1149 3395 ὃ
1193 3331 1283 3396 εἰς
1326 3334 1391 3413 ἒ,
1445 3331 1563 3397 οὐκ
1617 3331 1945 3397 ἀκόλουθα
1989 3338 2080 3416 τῷ
2125 3331 2320 3412 ἄμφω
2377 3333 2480 3397 καὶ
2522 3333 2643 3398 δύο
2690 3333 3040 3414 βαρυνομέ-

456 3454 608 3498 νοις.
696 3432 763 3496 Εἰ
815 3433 887 3497 δὲ
941 3431 1072 3497 ἀπὸ
1126 3439 1258 3497 τῶν
1313 3432 1402 3498 εἰς
1455 3435 1519 3516 E,
1587 3432 1718 3498 ἀπὸ
1772 3436 1888 3513 μὲν
1943 3439 2074 3499 τῶν
2129 3434 2524 3514 διςυλλάβων
2587 3440 3041 3516 περιςπῶνται,

457 3538 630 3613 χεῖρε
686 3536 1025 3616 χειροῖν,
1091 3535 1245 3613 θῆρε
1299 3538 1607 3617 θηροῖν,
1675 3535 1838 3600 πόδε
1901 3539 2224 3618 ποδοῖν,
2290 3542 2470 3617 φῶτε
2526 3539 2868 3620 φωτοῖν,
2935 3534 3143 3600 ἐπὶ3ο

456 3635 746 3718 ἀνδρῶν,
803 3641 982 3714 φῶτε
1037 3637 1108 3700 δὲ
1163 3637 1470 3716 φώτοιν
1524 3636 1629 3700 ἐπὶ
1680 3643 1958 3716 πυρςῶν.
2048 3637 2243 3703 πάλιν
2302 3639 2754 3718 ςεςημειωτέον
2808 3639 2884 3703 τὸ
2931 3638 3040 3702 τί-

455 3758 619 3803 νοιν
675 3736 888 3817 πύςμα
942 3737 1382 3818 βαρυνόμενον
1439 3739 1531 3803 ὡς
1574 3740 1738 3816 πρὸς
1780 3741 1858 3805 τὸ
1903 3739 2202 3818 ἀόριςτον
2257 3741 2744 3820 περιςπώμενον
2800 3741 2903 3804 καὶ
2945 3739 3037 3804 ἔτι

453 3840 529 3904 τὸ
573 3839 929 3921 παίδοιν,
972 3839 1309 3922 Τρώοιν,
1355 3818 1686 3905 πάντόιν
1732 3842 1837 3905 καὶ
1863 3843 1942 3906 τὰ
1972 3842 2197 3925 λοιπά,
2244 3842 2285 3905 ἃ
2315 3844 2418 3907 καὶ
2447 3846 2605 3908 κατὰ
2634 3844 2750 3921 τὴν
2780 3842 3036 3919 γενικὴν

450 4141 1319 4277 ὥῖἓᾴᾬέὲὲεδὲἔξῆΐὲἒέαιῖἓ
1354 4144 1544 4281 ἓξὲῗὸῗ
1570 4146 2382 4267 δῖἓκέῗῖῆῗαῗέἕὲἓμῐᾬέι
2432 4144 2935 4277 {⁰¹¹⁰¹·1³3‘}›,2'{¹·q²'
2970 4147 3038 4195 ²⁶

450 4282 488 4334 1.
525 4285 558 4333 3
593 4280 662 4332 τὸ
699 4280 760 4331 δὲ
796 4279 972 4344 ἄμφω
1010 4251 1188 4346 usque,
1221 4281 1291 4331 ad
1326 4281 1486 4332 finem
1520 4283 1701 4334 adieci
1738 4300 1806 4333 ex
1831 4283 2024 4333 Arcad.
2054 4232 2287 4345 131,q24.
2337 4282 2409 4332 ef.
2443 4231 2510 4334 133).
2536 4230 2609 4332 fi.
2638 4283 2721 4344 91,
2757 4283 2820 4330 41
2898 4295 3033 4344 μφω

450 4346 591 4412 θέμα
628 4347 778 4400 ἐςτίν
815 4346 895 4399 ὡς
932 4345 1034 4399 δύο
1072 4365 1139 4398 ex
1175 4349 1379 4401 Herod.
1418 4350 1545 4415 περὶ
1583 4353 1802 4402 παθῶν.
1974 4351 2008 4402 1.
2046 4353 2213 4401 6—10
2249 4348 2480 4412 μούςαιν
2515 4366 2584 4399 ex
2619 4349 2698 4401 10.
2737 4348 2823 4398 Al.
2867 4350 2947 4411 15,
2991 4353 3034 4398 1.

449 4445 515 4452 —
554 4418 590 4467 1.
630 4419 829 4468 14—24
865 4431 934 4466 ex
972 4415 1170 4467 Choer.
1204 4419 1324 4478 443,
1363 4421 1429 4469 34
1468 4419 1666 4481 (Bekk.
1695 4419 1796 4469 An.
1826 4417 1978 4480 1250)
2016 4418 2112 4467 ubi
2147 4417 2237 4467 καὶ
2274 4413 2545 4480 ἀποροῠςί
2581 4429 2731 4467 τινες
2768 4413 3033 4477 λέγοντες

448 4512 515 4520 -
551 4485 979 4550 πληθυντικῶν;
1030 4484 1121 4535 καὶ
1167 4482 1454 4536 ἐπιλύεται
1499 4484 1532 4536 ό
1577 4483 1920 4550 Ἡρωδιανὸς
1976 4482 2039 4535 ἐν
2093 4488 2164 4549 τῇ
2211 4482 2456 4535 καθόλου
2501 4483 2710 4546 λέγων,
2759 4482 2848 4533 ὅτι
2891 4483 3029 4546 κτλ.,

450 4568 590 4617 quae
628 4554 799 4604 verba
835 4553 916 4602 sic
953 4554 1163 4604 mutavi
1198 4550 1332 4604 ἀλλ’
1367 4552 1515 4604 ἐςτιν
1553 4551 1759 4614 εἰπεῖν,
1799 4550 1904 4602 ὅτι.
2052 4551 2086 4602 1.
2124 4551 2309 4602 25-1,
2347 4553 2379 4601 6
2414 4567 2538 4617 pag.
2576 4567 2690 4616 seq.
2729 4567 2797 4602 ex
2830 4551 2907 4602 Io.
2946 4551 3032 4605 Al.

451 4622 530 4682 15,
566 4623 624 4682 ὃς
663 4621 696 4671 l.
733 4623 798 4671 27
837 4621 927 4671 καὶ
965 4620 1118 4672 δυεῖν
1154 4649 1219 4657 --
1256 4623 1359 4672 τοῦ
1396 4624 1429 4672 ὃ
1466 4618 1544 4672 εἰς
1579 4622 1611 4670 ἓ
1647 4635 1715 4670 ex
1750 4621 1874 4669 Arc.
1913 4621 2024 4682 132,
2064 4622 2093 4670 ’1
2132 4621 2379 4685 apposui.
2534 4620 2569 4670 l.
2606 4623 2673 4670 30
2708 4620 2872 4684 φῶτε
2909 4633 3029 4683 φω-

449 4691 570 4738 τοῑν
607 4688 700 4740 ἐπὶ
737 4686 988 4752 ἀνδρῶν,
1026 4692 1191 4754 φῶτε
1226 4688 1288 4740 δὲ
1325 4688 1546 4752 φώτοιν
1583 4686 1677 4738 ἐπὶ
1712 4688 1945 4750 πυρςῶν
1981 4703 2048 4738 ex
2084 4688 2278 4741 Aread.
2321 4689 2441 4749 132,
2481 4690 2571 4750 163
2619 4703 2747 4738 nam
2781 4688 2885 4738 hoc
2921 4688 3032 4739 He-

448 4754 732 4808 rodianum
770 4755 1024 4809 docuisse
1064 4775 1129 4809 ex
1165 4758 1243 4808 Ῑο.
1279 4756 1362 4809 ΑΙ.
1407 4758 1486 4818 19,
1523 4758 1589 4807 30
1626 4760 1809 4820 patet,
1847 4755 1946 4806 ubi
1982 4755 2188 4808 diserte
2234 4756 2405 4821 φῶτα
2440 4753 2661 4820 φώτων
2698 4752 2820 4810 ὦτα
2857 4755 3028 4807 ὤτων

448 4825 860 4887 praescribitur.
929 4826 1000 4876 cf.
1038 4826 1236 4876 Choer.
1268 4826 1387 4883 445,
1426 4825 1507 4879 18.
