3664 5546
1523 434 1938 484 PRAEFATIO.
2793 437 3031 485 CXXXV

440 613 687 677 paucae
735 590 884 655 illae
931 590 1285 670 dictioneS,
1344 612 1509 676 quae
1566 589 1651 653 ab
1699 588 2075 654 Herodiano
2134 583 2385 654 ‘alienae
2438 591 2502 654 in
2549 590 2817 656 Arcadii
2864 590 3030 658 libro

439 695 748 779 leguntur
805 716 867 779 p.
921 692 1041 756 145
1098 692 1167 755 in
1225 692 1538 777 ampliore
1598 690 1678 754 de
1724 691 1954 756 enelisi
1999 692 2279 779 epitome
2324 695 2427 758 ἐπὶ
2481 695 2602 773 γὰρ
2646 695 2895 760 τούτων
2940 702 3031 778 τῷ

442 799 547 863 νοῒ
593 798 773 882 μόνῳ
819 796 1363 876 καταλαμβάνεται
1410 797 1447 874 ἡ
1493 795 1790 878 ἔγκλιειε,
1836 817 2035 881 quum
2081 795 2147 857 in
2193 794 2496 860 breviore
2540 818 2603 880 p.
2656 796 2806 877 141,
2853 798 2893 861 3
2937 803 3029 881 τῷ

441 907 537 983 νῷ
581 901 761 983 μόνῳ
806 899 1043 974 γίνεται
1089 898 1128 976 ἡ
1186 898 1452 974 ἔγκλιει(
1493 894 1871 962 Herodiano
1928 907 2244 963 consueta
2286 896 2498 961 forma
2541 906 2856 983 usurpata
2911 898 3027 980 sit3

443 1025 505 1087 p.
537 1001 652 1078 42,
684 1000 768 1062 22
811 1002 890 1064 τὰ
935 1000 1023 1065 εἰς
1065 1007 1138 1064 oc
1184 1001 1464 1079 καθαρὸν
1511 1001 1670 1077 ὑπὲρ
1717 1000 1836 1064 δύο
1870 1001 2183 1081 (υλλαβὰε
2211 1008 2287 1085 τῇ
2335 1024 2387 1084 ῳ
2421 1002 2752 1084 διφθόγγψ
2799 1023 3030 1066 κατα-

444 1109 841 1186 χρηετικῇ,
889 1123 1003 1188 pro
1050 1124 1180 1188 qua
1226 1101 1554 1166 veteribus
1601 1102 2043 1184 grammaticis
2090 1102 2427 1186 incognita
2472 1124 2631 1168 voce
2678 1103 3030 1184 δίφθογγοε

442 1207 894 1284 καταχρησική
951 1227 1035 1267 ex
1089 1202 1451 1292 Herodiani
1506 1203 1975 1268 consuetudine
2032 1226 2093 1288 p.
2151 1204 2267 1285 38,
2325 1205 2364 1267 6
2421 1204 2734 1290 scriptum
2796 1214 2896 1269 est
2951 1206 3030 1269 τὰ

441 1309 533 1375 εἰ(
577 1312 715 1373 W
758 1308 914 1387 μετὰ
957 1308 1563 1386 προεγεγραμμένου
1608 1310 1646 1371 i.
1723 1304 2027 1369 Librario
2074 1304 2272 1370 etiam
2315 1326 2524 1391 pauca
2568 1328 2653 1370 ex
2695 1306 3030 1371 iotacismo

443 1420 603 1474 nata
645 1408 809 1474 vitia
854 1410 1041 1487 ἑρίκω
1085 1430 1204 1494 pro
1253 1409 1473 1486 ἐρείκω
1525 1408 1676 1490 152,
1730 1407 1805 1472 13
1852 1417 1916 1471 et
1960 1408 2170 1473 (ιετόε
2226 1429 2343 1493 pro
2395 1409 2623 1487 (ηετόε
2678 1431 2738 1494 p.
2791 1408 2903 1491 79,
2956 1407 3030 1472 18

441 1511 793 1596 assignem.

614 1613 1105 1678 Pretiosissima
1150 1622 1248 1677 est
1292 1634 1368 1677 ea
1412 1635 1564 1700 pars
1613 1616 1960 1698 epitomeS,
2007 1634 2172 1699 quae
2203 1611 2653 1698 complectitur
2696 1623 3030 1699 quattuor-

439 1715 654 1781 decim
720 1716 964 1803 primos
1029 1714 1231 1781 libros
1304 1714 1386 1780 de
1455 1714 1841 1780 nominativi
1909 1715 2304 1780 accentibus,
2412 1713 2578 1778 Nam
2639 1737 3029 1803 quamquam

439 1819 511 1880 in
555 1816 701 1882 aliis
747 1818 1045 1884 fontibus
1077 1816 1266 1903 plura
1295 1827 1646 1903 praecepta
1688 1816 1921 1881 melius
1967 1826 2031 1880 et
2061 1815 2311 1902 plenius
2345 1827 2607 1881 servata
2650 1828 2832 1908 sunt,
2878 1841 3029 1882 nus-

438 1943 636 2007 quam
667 1930 883 1984 tamen
916 1941 1236 1984 canonum
1267 1917 1684 1985 cohaerentia
1713 1918 2043 2005 totiusque
2073 1919 2288 2004 operis
2321 1918 2752 1985 conformatio
2782 1923 3030 2006 pariter

437 2021 827 2087 ostenditur.
931 2022 1206 2087 Minoris
1261 2021 1456 2108 pretii
1512 2031 1664 2084 sunt
1722 2042 1837 2084 eae
1891 2029 2142 2106 partes,
2201 2043 2368 2107 quae
2423 2041 2551 2116 non
2618 2022 2685 2084 in
2751 2021 3027 2105 singulis

437 2122 685 2207 regulis
740 2124 1212 2190 constituendis
1270 2136 1335 2189 et
1390 2121 1840 2209 exemplorum
1900 2121 2090 2207 copia
2134 2120 2541 2187 illustra-ndis
2589 2124 3024 2205 continentur,

438 2224 560 2290 sed
601 2227 670 2290 in
713 2225 781 2290 vi
827 2235 891 2290 et
933 2237 1172 2292 natura
1214 2226 1359 2312 ipsa
1402 2235 1786 2291 accentuum
1827 2224 2076 2310 positae
2122 2234 2277 2289 sunt
2320 2235 2386 2289 et
2429 2226 2501 2288 in
2544 2247 2768 2290 eorum
2814 2226 3026 2291 varia-

439 2330 616 2393 tione
661 2341 1025 2394 versantur.
1112 2327 1221 2392 Ad
1277 2327 1393 2392 has
1451 2326 1896 2413 excerpendae
1955 2327 2403 2413 epitomatoris
2457 2327 2788 2411 ingenium
2844 2330 3025 2394 inva-

437 2428 645 2494 lidum
699 2430 859 2513 fuit,
927 2431 1038 2516 qui
1094 2439 1362 2494 externa
1417 2430 1678 2516 quidem
1736 2428 2116 2493 discrimina
2178 2428 2723 2514 comprehendere
2787 2433 3024 2517 potuit,

439 2530 786 2618 perplexas
831 2533 1114 2598 rationes
1161 2531 1778 2617 vicissitudinesque
1823 2530 2264 2617 perspiciendi
2318 2529 2699 2596 facultatem
2743 2555 2873 2597 non
2918 2532 3029 2596 ha-

441 2635 604 2699 buit.
671 2634 778 2699 Ex
822 2658 950 2721 quo
996 2634 1239 2719 ingenii
1284 2645 1546 2720 stupore
1577 2633 1861 2699 fortasse
1894 2631 2354 2719 explicandum
2400 2643 2533 2712 est,
2580 2632 2757 2719 quod
2789 2632 3024 2698 doctri-

440 2758 592 2801 nam
636 2737 717 2802 de
761 2735 989 2802 enelisi
1031 2758 1158 2801 non
1206 2757 1335 2800 uno
1365 2737 1571 2816 iactu,
1618 2734 1735 2800 sed
1779 2735 2014 2801 iterato
2059 2732 2283 2801 labore
2314 2735 2690 2822 expiscatus
2735 2745 2836 2801 est
2865 2736 3022 2822 quin

445 2838 664 2903 lectori
731 2839 1162 2905 satisfaceret.
1252 2837 1428 2902 Hinc
1493 2837 1772 2902 fortasse
1831 2839 2079 2903 factum
2147 2849 2276 2919 est,
2342 2848 2416 2903 ut
2479 2838 2666 2903 nobis
2730 2837 3024 2903 detracta

445 2942 531 3005 sit
573 2951 848 3027 excepta
891 2940 1118 3007 enclisi
1162 2939 1412 3026 reliqua
1454 2962 1606 3026 pars
1652 2941 1931 3004 extremi
1978 2938 2158 3021 libri,
2207 2942 2270 3003 in
2317 2962 2444 3026 quo
2490 2940 2570 3005 de
2609 2940 3022 3026 anastrophe,

446 3044 526 3107 de
578 3054 884 3109 accentus
941 3044 1007 3106 in
1063 3042 1458 3129 synaloephe
1512 3052 1577 3105 et
1643 3043 2165 3128 interpunctione
2232 3044 2523 3127 positura
2587 3052 2801 3108 actum
2858 3053 3021 3123 erat,

443 3167 830 3231 quamquam
886 3145 954 3210 id
1011 3166 1167 3209 casu
1232 3145 1432 3208 etiam
1486 3145 1734 3208 factum
1792 3166 1935 3208 esse
1990 3142 2166 3209 haud
2222 3143 2603 3209 incredibile
2670 3155 2790 3209 est.
2891 3144 3021 3209 Sed

443 3247 663 3312 fausta
705 3248 970 3313 fortuna
1014 3247 1254 3327 evenit,
1299 3256 1374 3311 ut
1415 3246 1482 3308 in
1527 3245 1606 3309 iis
1645 3245 1978 3330 partibus,
2025 3269 2190 3334 quae
2237 3269 2340 3333 ap.
2388 3246 2743 3310 Arcadium
2789 3268 3019 3332 parum

443 3361 743 3414 accurate
787 3360 902 3414 aut
934 3349 1192 3414 omnino
1222 3372 1352 3413 non
1383 3357 1702 3414 tractatae
1735 3333 1919 3430 sunt,
1967 3349 2230 3414 Ioannis
2265 3347 2697 3413 Alexandrini
2738 3349 3021 3435 epitome

443 3460 700 3516 servata
744 3451 852 3515 sit.

1241 3604 1348 3669 De
1389 3604 1658 3670 Ioanne
1703 3602 2219 3670 Alexandrino.

607 3758 800 3823 Hunc
857 3758 1169 3823 Ioannem
1212 3758 1767 3839 Alexandrinum,
1830 3760 1942 3845 qui
1999 3759 2282 3824 omnium
2338 3760 2475 3824 fere
2518 3760 3018 3846 epitomatorum

439 3860 794 3927 Herodiani
849 3861 1136 3944 vestigia
1189 3861 1428 3924 summi
1484 3862 1891 3945 grammatici
1949 3862 2437 3926 accuratissime
2481 3863 2749 3948 pressit,
2809 3863 2902 3926 ita
2945 3874 3020 3928 ut

437 3964 598 4029 nihil
641 3964 766 4027 nisi
809 3962 984 4026 illius
1029 3963 1391 4029 doctrinam
1424 3963 1715 4029 traderet
1759 3973 1824 4028 et
1872 3975 2181 4052 tanquam
2223 3964 2428 4047 ipsius
2466 3964 2828 4029 Herodiani
2873 3987 3016 4050 per-

437 4088 664 4132 sonam
711 4064 1044 4145 indueret,
1090 4087 1359 4149 prorsus
1394 4064 1724 4131 diversum
1757 4064 1975 4130 iudico
2021 4066 2106 4129 ab
2152 4088 2227 4131 eo
2260 4066 2503 4131 Ioanne
2538 4064 3015 4149 Alexandriae,

437 4169 547 4257 qui
599 4167 1001 4253 Philoponus
1054 4168 1550 4252 cognominatus
1607 4178 1727 4232 est.
1827 4168 1931 4232 De
1997 4189 2122 4253 quo
2190 4167 2399 4231 Suid.:
2471 4170 2766 4246 Ἰωάννης
2819 4190 3014 4249 γραμ-

437 4273 689 4351 ματικὸς
744 4271 1193 4350 Ἀλεξανδρεύς
1203 4321 1222 4353 ,
1290 4271 1328 4334 ὁ
1394 4272 1752 4348 ἐπικληθεὶς,
1808 4271 2207 4353 Φιλόπονοε,
2272 4271 2505 4336 τούτου
2572 4273 3015 4351 (υγγράμματα

435 4376 813 4453 πάμπολλα,
882 4373 1305 4454 γραμματικά,
1372 4372 1731 4455 φιλόςοφα,
1798 4373 2199 4455 ἀριθμητικὰ,
2267 4372 2566 4452 ῥητορικά
2623 4377 2757 4438 κτλ.
2846 4371 3012 4437 Nam

437 4476 573 4555 hic,
624 4484 701 4538 ut
746 4496 832 4538 ex
877 4474 1358 4559 comparatione
1400 4474 1606 4561 ipsius
1651 4484 2149 4559 praeceptorum
2195 4496 2340 4537 cum
2386 4473 2813 4540 Herodianeis
2869 4497 3011 4560 per-

437 4577 599 4664 spici
664 4585 915 4663 potest,
992 4598 1122 4641 non
1188 4574 1395 4640 solum
1464 4577 1547 4641 ab
1605 4575 1982 4641 Herodiano
2049 4575 2428 4662 saepissime
2495 4575 2825 4655 discessit,
2895 4577 3011 4641 sed

439 4681 627 4744 etiam
680 4701 832 4744 eum
886 4678 1298 4764 impugnavit
1351 4691 1417 4745 et
1471 4681 1730 4743 omnino
1786 4688 1920 4742 tam
1974 4677 2268 4742 infirmae
2323 4677 2724 4743 auctoritatis
2792 4688 2891 4741 est
2939 4691 3012 4744 ut

443 4780 744 4847 Lehrsius
803 4779 887 4844 de
940 4781 1147 4845 Arist.
1195 4803 1255 4865 p.
1301 4781 1426 4845 248
1483 4791 1616 4843 not.
1664 4779 1764 4845 ed.
1811 4780 1883 4845 ΙΙ
1927 4782 1987 4845 ei
2032 4803 2288 4846 omnem
2331 4779 2525 4844 fidem
2572 4777 3011 4861 derogandam

441 4904 574 4948 esse
619 4904 829 4969 neque
875 4881 1257 4964 EustathiO,
1322 4882 1434 4948 ubi
1481 4883 1548 4945 in
1593 4903 1668 4946 eo
1715 4883 1856 4948 solo
1899 4885 2178 4963 nitatur,
2234 4880 2629 4947 credendum
2674 4902 2816 4944 esse
2861 4904 3007 4947 cen-
