3664 5546
1188 397 1346 452 ΠΕΡΙ
1389 395 1782 451 ΚΑΘΟΛΙΚΗ(
1817 395 2245 452 ΠΡΟΕΩιΔΙΑ(
2293 397 2362 450 ΙΓ.
2948 396 3072 461 357

477 573 685 638 τόνως
738 578 831 654 τῷ
885 568 1229 654 ἀράχνιον·
1293 567 1373 633 οὐ
1428 567 1553 645 γὰρ
1607 559 1773 634 ἐςτιν
1831 565 2351 649 ύποκοριςτικόν,
2408 566 2561 631 ἀλλ’
2616 565 2748 631 ἀπὸ
2794 566 3074 645 ῥήματος

479 672 927 753 έςχημάτιςται.
1759 665 1766 676 “
2176 666 2186 674 ’

648 792 744 855 Τὰ
798 791 902 856 διὰ
952 791 1069 854 τοῦ
1124 773 1276 853 W
1321 786 1452 852 ἀπὸ
1508 791 1897 866 παραγωγῆς
1962 787 2197 866 ἔχοντα
2250 788 2326 852 τὸ
2386 773 2423 852 δ
2489 785 3071 868 προπαροξύνεται,

481 894 798 974 μύδιον,
847 891 1305 984 βοτρύδιόν,
1353 888 1744 972 ἰχθύδιον,
1790 889 2176 970 ςἰκύδιον,
2209 888 2639 970 ὀφρύδιον,
2671 887 3074 969 πιτύδιον,

482 995 887 1074 όςφύδιον.
935 992 1405 1056 Βοιωτίδιον
1437 990 1506 1053 ἐκ
1533 990 1854 1054 Βοιώτιος.
1902 989 2356 1084 Ἀριςτοφάνης
2380 989 2782 1067 Ἀχαρνεῦςιν
2799 990 2892 1070 (v.
2920 986 3072 1068 872)
3100 999 3133 1048 5

484 1096 577 1160 «ὦ
619 1098 820 1174 ,χαῖρε
882 1092 1314 1173 κολλικοφάγε
1372 1091 1762 1156 Βοιωτίδιον.
1866 1094 2193 1175 κῴδιον,
2247 1092 2592 1172 βοίδιον,
2649 1089 3072 1171 βιβλίδιον,

482 1198 743 1263 όῑδιον
798 1196 901 1260 καὶ
958 1195 1028 1259 έν
1083 1192 1429 1272 ςυναιρέςει
1473 1191 1770 1274 οἴδιον,
1826 1194 2154 1276 Ζῴδιον,
2212 1194 2577 1275 ςτῴδιον,
2635 1191 3073 1271 καλῴδιον,

482 1298 934 1379 φυςείδιον,
979 1294 1408 1376 λεξείδιον,
1470 1295 1779 1376 γῄδιον,
1836 1294 2282 1375 κλινήδιον,
2329 1292 2792 1371 πορνήδιον.
2878 1292 2956 1356 τὸ
3002 1293 3073 1354 δὲ

482 1398 833 1481 παιδίον,
889 1398 1276 1478 κλειδίον,
1335 1394 1614 1479 δᾳδίον
1670 1395 1744 1459 τὸ
1803 1382 1841 1459 δ
1895 1394 2014 1459 οὐκ
2066 1395 2197 1473 ἔχει
2261 1393 2329 1462 ἐκ
2385 1397 2792 1472 παραγωγῆς.
2879 1393 2955 1457 τὸ
3000 1392 3071 1456 δὲ

482 1500 947 1580 δορκάδιον,
994 1497 1378 1563 ἀςπίδιον.
1441 1494 1819 1575 Μένανδρος
1868 1494 2201 1561 «ἀςπίδιον
2247 1495 2558 1574 ἐπριάμην
2602 1516 2660 1558 τι
2706 1495 2808 1559 καὶ
2852 1493 3071 1573 μαχαί-
3111 1502 3177 1553 10

482 1622 666 1680 ριον»
712 1602 815 1666 καὶ
857 1600 1281 1679 κροκύδιον
1327 1597 1874 1677 ὑπερτριςύλλαβα
1917 1597 2517 1684 προπαροξύνεται.

649 1720 742 1784 Τὰ
788 1719 892 1782 διὰ
934 1721 1050 1781 τοῦ
1095 1720 1197 1779 ἰῶ
1242 1715 1622 1796 τριςύλλαβα
1665 1715 1903 1793 ἔχοντα
1946 1717 2073 1794 πρὸ
2117 1719 2236 1780 τοῦ
2266 1718 2298 1777 ἶ
2342 1718 2381 1792 ς’)
2422 1715 2460 1792 ἢ
2505 1701 2568 1797 λ,
2602 1715 2682 1794 μὴ
2718 1712 2879 1778 ὄντα
2910 1714 3069 1776 ύπο-

482 1820 795 1899 κοριςτικὰ
850 1819 1006 1898 μηδὲ
1060 1817 1297 1896 ἔχοντα
1347 1817 1423 1880 τὸ
1474 1820 1510 1894 ῆ
1565 1816 1636 1881 έν
1686 1822 1763 1899 τῇ
1817 1815 2436 1900 προπαραληγούςῃ,
2490 1814 3068 1896 προπαροξύνεται,

481 1922 738 2001 ἴκριον
782 1922 858 1986 τὸ
904 1920 1252 2000 ςανίδωμα,
1297 1916 1589 1999 ἴτριον,
1635 1916 2002 2000 ὄςπριον,
2048 1919 2307 2000 ἔριον,
2356 1916 2660 1996 μείλιον
2706 1916 2781 1980 τὸ
2829 1919 3067 1996 δῶρον,

481 2024 883 2103 τρύβλιον,
931 2018 1228 2099 λείριον
1258 2019 1333 2083 τὸ
1365 2017 1591 2101 ἄνθος,
1639 2017 2034 2097 ῥάκτριον.
2092 2018 2369 2099 ὄβριον
2414 2019 2488 2082 τὸ
2534 2022 2664 2081 τῶν
2697 2017 2980 2081 λεόντων
3029 2017 3068 2093 ἢ
3109 2026 3172 2078 15

481 2129 612 2188 τῶν
660 2123 871 2187 λύκων
917 2121 1268 2186 ςκυλάκιον.
1334 2120 1728 2200 φράτριον
1773 2120 2005 2199 τόπος,
2051 2120 2121 2204 ἐν
2167 2119 2220 2202 ᾧ
2269 2118 2332 2184 οἱ
2374 2123 2485 2197 τῆς
2528 2118 2724 2195 αὐτῆς
2754 2117 3066 2196 φρατρίας

483 2224 890 2300 ςυνάγονται·
947 2224 1023 2287 τὸ
1070 2224 1141 2287 δὲ
1185 2220 1458 2300 θηρίον
1504 2221 1634 2299 ἔχει
1679 2221 1755 2286 τὸ
1810 2225 1853 2299 ἦ
1896 2221 1998 2285 καὶ
2047 2219 2530 2298 ύποκοριςτικόν
2587 2220 2767 2284 ἐςτιν.
2856 2217 2948 2282 ἔτι
2992 2218 3069 2281 τὸ

484 2326 790 2406 βιβλίον
835 2325 937 2389 καὶ
982 2322 1304 2403 ςμιλίον.

653 2468 691 2502 -ιι
734 2443 828 2506 Τὰ
871 2442 976 2505 διὰ
1030 2444 1147 2505 τοῦ
1199 2444 1305 2504 ῑὸῖι
1363 2440 1673 2519 οὐδέτερα
1728 2443 2050 2519 μονογενῆ
2108 2440 2520 2520 τριςύλλαβα,
2578 2440 2660 2518 μὴ
2705 2437 2864 2503 ὄντα
2909 2438 3068 2501 ὑπο·
3134 2433 3149 2438 “

483 2542 826 2622 κοριςτικά,
882 2542 936 2605 εἰ
990 2541 1127 2620 ἔχοι
1181 2544 1297 2621 τὴν
1341 2542 1555 2620 τρίτην
1600 2541 1731 2605 ἀπὸ
1776 2541 2003 2605 τέλους
2048 2542 2327 2623 μακράν,
2383 2540 2489 2604 διὰ
2546 2543 2665 2604 τοῦ
2709 2542 2743 2602 ἶ
2799 2539 3067 2619 ἐκφερο-
3104 2549 3173 2600 20

484 2645 711 2724 μένην,
768 2641 909 2719 ἤτοι
964 2642 1168 2720 μόνου
1222 2643 1260 2718 ἢ
1319 2643 1430 2707 ςὺν
1488 2643 1687 2725 ἑτέρῳ
1742 2642 2101 2724 φωνήεντι,
2154 2641 2741 2721 προπαροξύνεται,
2798 2641 3067 2721 Ἴλιον,

482 2745 889 2824 ποίμνιον,
958 2740 1709 2826 (ίγριον,“λείριον,
1774 2742 2069 2826 ἴτριον,
2136 2742 2455 2823 μείλιον.
2554 2742 2786 2810 ςπάνια
2852 2742 2923 2808 δὲ
2988 2742 3067 2808 τὰ

482 3004 665 3063 τεῖχος
690 2994 916 3061 τειχίον,
953 2996 1124 3061 χωρίς
1161 2999 1263 3048 τοῦ
1289 2996 1580 3061 φρούριον.
1627 2997 1699 3049 τὰ
1733 2996 1795 3049 δὲ
1830 2995 1947 3049 ἀπὸ
1982 2994 2237 3062 βραχείας
2261 2996 2353 3048 οὔ·
2391 2993 2573 3060 φακός
2609 2993 2840 3059 φάκιον,
2878 2995 3067 3057 λαγώς

484 3068 704 3130 λάγιον,
743 3064 911 3131 ῥάκος
937 3063 1158 3130 ῥάκιον,
1184 3062 1353 3116 νάκος
1378 3062 1589 3116 νάκιον.
1634 3063 1704 3116 τὸ
1738 3065 1799 3116 δέ
1823 3063 2003 3129 ἵχνιον
2030 3064 2107 3116 ὡς
2133 3062 2423 3130 ςυμφώνῳ
2448 3064 2604 3128 ὑγρῷ
2631 3061 3069 3127 ςυνεζευγμένον

485 3136 552 3187 οὺ
579 3138 727 3186 ποιεῖ
755 3131 988 3197 μακράν,
1026 3148 1145 3182 cum
1184 3148 1289 3197 quo
1326 3149 1536 3182 canone
1573 3133 1631 3183 in
1655 3134 1965 3185 universum
1992 3134 2244 3197 congruit
2267 3134 2342 3191 is,
2381 3148 2539 3196 quem
2565 3133 2747 3181 statim
2773 3131 3067 3197 proferam,

485 3203 581 3255 sed
622 3204 830 3253 rectius
864 3202 922 3250 in
958 3202 1061 3250 hoc
1098 3206 1152 3250 et
1191 3215 1259 3250 ex
1301 3200 1610 3250 Herodiani
1647 3202 1926 3251 sententia
1962 3217 2059 3266 pro
2105 3197 2501 3263 ὑποκοριετικά
2547 3199 2749 3249 dicitur
2794 3213 3067 3264 προςηγο·

482 3269 621 3335 ρικά.
692 3270 803 3319 Οιιι·
838 3284 955 3317 cum
1003 3265 1039 3317 ἀ
1075 3264 1270 3330 άχνιον
1314 3267 1370 3317 in
1409 3267 1474 3317 E.
1511 3270 1583 3320 M.
1631 3269 1666 3318 1.
1703 3283 1749 3317 c.
1798 3267 2157 3333 compositum
2207 3268 2280 3318 sit
2322 3264 2530 3330 ἵχνιον,
2578 3270 2737 3332 patet
2781 3283 2847 3317 ex
2894 3267 2956 3316 E.
2993 3268 3066 3317 Μ.

486 3342 598 3399 135,
639 3339 693 3387 5:
733 3333 885 3399 παρὰ
920 3334 989 3384 τὸ
1061 3332 1243 3398 ράςςω
1280 3332 1544 3397 ἀράχνιον
1583 3333 1661 3386 ὼς
1698 3334 1851 3397 δέμω
1888 3335 2139 3399 δέμνιον,
2179 3332 2360 3386 παίζω
2398 3332 2658 3396 παίγνιον
2693 3334 2765 3384 cf.
2790 3333 2970 3383 Schol.
2995 3333 3066 3384 ad

485 3407 715 3468 Dionys,
763 3404 889 3465 856,
929 3404 1015 3452 24.
1094 3402 1199 3451 Hic
1245 3403 1412 3451 etiam
1457 3408 1720 3454 accentus
1767 3404 1920 3453 vocis
1964 3402 2157 3467 ληδιον
2213 3406 2544 3453 memoratus
2600 3401 2732 3463 fuit,
2787 3400 2854 3452 de
2910 3402 3068 3451 cuius

483 3473 760 3536 scriptura
794 3484 993 3534 magna
1033 3468 1139 3518 fuit
1175 3469 1445 3520 dissensio
1490 3471 1562 3520 cf.
1603 3471 1739 3520 Lob.
1774 3470 1860 3520 El.
1896 3471 1951 3519 11
1986 3474 2076 3529 40,
2115 3469 2333 3534 Didym.
2372 3486 2460 3535 ap.
2495 3468 2751 3519 Eustath.
2794 3470 2947 3529 1146,
2984 3471 3067 3521 58.

619 3538 652 3591 l.
689 3542 722 3589 3
763 3537 912 3587 hunc
956 3552 1218 3586 canonem
1265 3553 1332 3586 ex
1377 3538 1611 3587 Arcadio
1649 3540 1772 3600 120,
1815 3540 1877 3586 12
1923 3538 2029 3588 huc
2065 3541 2300 3599 retraxi,
2348 3538 2479 3602 quia
2530 3552 2649 3586 cum
2733 3536 3064 3586 raecedente

483 3610 636 3657 arcte
689 3605 962 3655 cohaeret.
1044 3607 1196 3666 Quae
1242 3604 1631 3668 Theognoetus
1680 3607 1800 3666 121,
1848 3608 1915 3655 20
1961 3605 2029 3655 de
2074 3603 2269 3667 μύδιον
2319 3604 2555 3669 profert:
2611 3552 2728 3654 dmg
2775 3605 2880 3665 μθ(
2927 3602 3064 3666 μυός

485 3673 699 3737 μυῐδιον
738 3671 828 3722 καὶ
864 3669 926 3721 ἐν
963 3673 1214 3735 ςυγκοπῇ
1251 3673 1354 3722 τοῦ
1394 3675 1426 3722 ῖ
1464 3671 1680 3734 μύδιον·
1717 3675 1821 3723 τοῦ
1858 3671 1966 3736 γὰρ
2000 3675 2035 3723 ῦ
2071 3672 2163 3723 καί
2198 3674 2231 3725 ῖ
2267 3669 2345 3723 εἰς
2380 3671 2489 3735 τὴν
2525 3674 2579 3722 in
2603 3669 2913 3734 δίφθογγον
2942 3684 3064 3721 ςυν-

483 3742 765 3805 αιρεθῆςαι
804 3738 877 3801 μὴ
915 3736 1245 3800 δυναμένων
1290 3737 1377 3789 διὰ
1420 3737 1490 3789 τὸ
1536 3737 1819 3803 μηδέποτε
1865 3740 1973 3803 τὴν
2015 3741 2072 3791 ’ῡῑ
2117 3737 2427 3804 δίφθογγον
2472 3737 2567 3790 ἐπί
2610 3736 2812 3790 τέλους
2856 3736 3063 3790 λέξεως

484 3809 625 3871 μήτε
665 3805 804 3870 μετὰ
839 3802 1145 3868 ςυμφώνου
1182 3802 1552 3870 εὑρίςκεςθαι,
1584 3804 1845 3858 ἑξέπεςεν
1879 3805 1949 3858 τὸ
1985 3810 2017 3858 ἶ
2059 3807 2148 3858 καί
2185 3807 2405 3872 ἔμεινεν
2432 3806 2609 3869 μόνον
2641 3805 2711 3861 τὸ
2748 3808 2781 3856 ῦ
2813 3822 2881 3856 ex
2920 3807 3064 3855 male

483 3876 771 3926 intellecto
807 3873 1124 3923 Herodiano
1160 3871 1435 3923 fluxerunt
1471 3873 1543 3923 cf.
1583 3875 1721 3925 Lob.
1758 3874 1845 3925 El.
1883 3875 1911 3925 1
1946 3878 2064 3936 282,
2102 3875 2155 3925 11
2190 3878 2272 3936 24,
2312 3874 2478 3929 Proll.
2515 3878 2631 3926 358.
2668 3900 2731 3909 —-
2773 3871 3066 3938 βοτρύδιόν

483 3971 547 3978 ——
586 3941 852 4005 ὁςφύδιον
897 3940 1080 4004 recepi
1125 3954 1190 3988 ex
1235 3939 1514 4005 Theogn.‚
1562 3939 1887 3992 Βοιωτίδιον
1932 3959 1997 3992 ex
2045 3944 2126 3993 St.
2175 3943 2263 4007 Β.,
2310 3940 2487 3994 ὀῐδιον
2533 3966 2598 3978 —-
2645 3939 2954 4005 πορνήδιον
2997 3956 3064 3990 ex

482 4010 729 4073 Theogn.
770 4010 860 4066 121
904 4010 960 4056 et
998 4008 1117 4068 122,
1153 4008 1279 4081 124,
1326 4008 1391 4057 de
1430 4009 1705 4073 scriptura
1749 4010 1903 4059 vocis
1944 4010 2140 4075 γῄδιον
2185 4011 2257 4063 cf.
2295 4011 2429 4060 Lob.
2464 4009 2548 4060 ΕΙ.
2584 4011 2638 4060 ΙΙ
2675 4011 2766 4070 41,
2814 4009 2837 4057 Ι
2874 4010 2968 4057 281
3010 4011 3067 4056 et

482 4095 609 4154 4633
654 4092 691 4141 l.
730 4095 792 4141 10
835 4092 1006 4140 verba
1050 4089 1119 4139 τὸ
1156 4089 1187 4139 δ
1222 4090 1325 4140 οὐκ
1370 4089 1482 4153 ἔχει
1529 4093 1752 4142 inserui.
1820 4091 1891 4142 τὸ
1935 4091 1997 4143 δὲ
2041 4090 2333 4156 δορκάδιον
2376 4107 2552 4158 usque
2596 4092 2667 4142 ad
2714 4091 2875 4141 finem
2923 4107 3065 4142 com-

519 4160 639 4209 osni
666 4174 732 4208 ex
757 4159 1003 4223 Theogn.
1032 4159 1143 4214 126,
1169 4159 1234 4206 22
1261 4165 1316 4208 et
1344 4161 1457 4220 125,
1483 4161 1515 4209 9
1541 4164 1597 4209 et
1621 4160 1700 4209 St.
1724 4160 1789 4209 B.
1814 4174 1858 4208 e.
1886 4158 2088 4211 Ἀςπίς.
2193 4160 2227 4210 l.
2256 4164 2318 4211 13
2342 4162 2514 4211 verba
2539 4157 2677 4224 μηδὲ
2704 4158 2909 4220 ἔχοντα
2934 4157 3004 4208 τὸ
3029 4162 3062 4222 ἦ

482 4176 546 4277 ἓν
581 4229 652 4291 τῇ
690 4222 1202 4290 προπαραληγούςῃ
1242 4225 1432 4274 addidi
1469 4230 1693 4291 propter
1725 4225 1796 4277 τὸ
1831 4224 1893 4277 δὲ
1929 4223 2123 4291 θηρίον
2159 4225 2271 4291 ἔχει
2296 4226 2366 4278 τὸ
2402 4229 2464 4291 ἦ,
2504 4243 2609 4291 quo
2646 4225 2942 4286 indicatur,
2974 4226 3065 4276 hic

487 4298 656 4343 etiam
691 4293 912 4343 nomina
946 4294 1004 4342 in
1041 4293 1199 4354 npsffiae
1237 4308 1346 4342 non
1385 4292 1725 4343 deminutiva
1761 4293 1941 4343 relata
1980 4294 2178 4356 fuisse,
2216 4296 2362 4344 inter
2399 4309 2538 4359 quae
2586 4294 2823 4344 fortasse
2863 4290 3063 4357 μηρίον

483 4367 628 4423 erat,
675 4374 999 4425 quamquam
1048 4362 1186 4410 sumi
1235 4363 1419 4425 potest
1462 4360 1566 4409 hoc
1611 4365 1832 4426 propter
1878 4365 2160 4411 externam
2204 4363 2464 4412 vocabuli
2509 4363 2747 4426 speciem
2792 4362 2959 4410 etiam
3005 4362 3063 4410 in

482 4428 901 4493 hypocoristicis
935 4432 1311 4477 enumeratum
1351 4426 1548 4489 fuisse,
1587 4430 1735 4477 inter
1769 4443 1912 4492 quae
1946 4428 2064 4493 ipse
2101 4427 2284 4481 retuli.
2332 4429 2414 4478 De
2451 4425 2871 4545 ἴκριονεέςίοτοᾶ.
2908 4429 2965 4477 in
3001 4427 3063 4477 ll.

481 4496 570 4545 Pr.
617 4494 662 4546 O
708 4497 809 4545 676
851 4491 999 4558 ἴκρια
1045 4491 1124 4544 ὡς
1168 4494 1383 4558 δέμνια·
1441 4493 1554 4544 ἐςτι
1596 4493 1703 4558 γὰρ
1747 4494 2082 4559 ῥηματικὸν,
2142 4494 2221 4547 ὼς
2265 4493 2327 4546 ἐν
2374 4494 2582 4560 ἑτέροις
2682 4509 2871 4559 ρηται,
2917 4496 3061 4546 unde

483 4563 780 4613 concludas
816 4561 1190 4612 Herodianum
1227 4561 1556 4612 vocabulum
1591 4562 1671 4612 ita
1706 4562 2070 4627 explicavisse
2107 4568 2169 4613 ut
2206 4564 2415 4615 factum
2448 4568 2535 4613 est
2559 4563 2617 4612 in
2642 4564 2704 4612 E.
2732 4564 2801 4612 M.
2826 4564 2944 4623 470,
2969 4566 3060 4613 32:

483 4627 629 4693 ἴκρια
664 4628 736 4680 τὰ
773 4627 1126 4691 ςανιδώματα
1162 4628 1251 4680 διὰ
1285 4627 1355 4679 τὸ
1390 4626 1470 4679 διῖ
1504 4626 1700 4680 αὐτῶν
1735 4627 2013 4681 ἱκνεῖςθαι.
2117 4631 2153 4679 l.
2192 4634 2253 4682 19
2287 4630 2433 4681 hunc
2468 4645 2735 4680 canonem
2772 4629 2958 4679 addidi
2995 4647 3062 4679 ex

485 4697 548 4749 11.
584 4698 672 4746 Pr.
712 4696 723 4746 Ι
766 4699 887 4755 147,
933 4698 1028 4747 ubi
1075 4704 1297 4763 propter
1342 4693 1555 4758 μείλιον
1602 4698 1939 4761 propositum
1986 4702 2099 4761 est,
2157 4697 2226 4747 de
2281 4714 2386 4763 quo
2431 4699 2506 4747 Tr
2546 4698 2691 4763 phou
2744 4698 3058 4749 dubitabat:

485 4763 735 4881 Τὲιύφων
770 4766 922 4827 ζητεῖ
960 4764 1088 4828 περί
1124 4767 1226 4816 τοῦ
1265 4762 1464 4827 τόνου,
1504 4761 1750 4828 πότερον
1787 4762 1866 4815 ὡς
1903 4762 2133 4828 ποίμνια
2169 4764 2204 4829 ἢ
2251 4764 2330 4817 ὡς
2367 4764 2498 4816 παιδ
2521 4779 2571 4816 α.
2640 4764 2774 4828 ἡμῖν
2811 4764 2871 4816 δὲ
2908 4764 3058 4816 δοκεῖ

483 4844 517 4879 τ
590 4830 1160 4895 προπαροξυνόμενον
1195 4829 1372 4883 πλέον
1396 4831 1567 4896 εῖναι,
1606 4829 1841 4883 ςπάνιον
1873 4831 1935 4883 δὲ
1957 4832 2027 4883 τὸ
2054 4832 2538 4898 παροξυνόμενον,
2577 4829 2627 4885 εί
2648 4831 2836 4885 οὕτως
2861 4831 3059 4898 ὁριςαί-
