<?xml version="1.0" encoding="UTF-8"?>
<!DOCTYPE html PUBLIC "-//W3C//DTD XHTML 1.0 Transitional//EN"
    "http://www.w3.org/TR/xhtml1/DTD/xhtml1-transitional.dtd">
<html xmlns="http://www.w3.org/1999/xhtml" xml:lang="en" lang="en">
 <head>
  <title>
</title>
<meta http-equiv="Content-Type" content="text/html;charset=utf-8" />
  <meta name='ocr-system' content='tesseract 3.04.00' />
  <meta name='ocr-capabilities' content='ocr_page ocr_carea ocr_par ocr_line ocrx_word'/>
</head>
<body>
  <div class='ocr_page' id='page_1' title='image "./grammaticigraec02unkngoog_0791.png"; bbox 0 0 3664 5546; ppageno 0'>
   <div class='ocr_carea' id='block_1_1' title="bbox 1205 370 3078 448">
    <p class='ocr_par' dir='ltr' id='par_1_1' title="bbox 1205 370 3078 448">
     <span class='ocr_line' id='line_1_1' title="bbox 1205 370 3078 448; baseline -0.001 -19"><span class='ocrx_word' id='word_1_1' title='bbox 1205 373 1364 429; x_wconf 86' lang='grc' dir='ltr'>ΠΕΡΙ</span> <span class='ocrx_word' id='word_1_2' title='bbox 1408 373 1802 429; x_wconf 76' lang='grc' dir='ltr'>ΚΑΘΟΛΙΚΗΕ</span> <span class='ocrx_word' id='word_1_3' title='bbox 1839 371 2261 428; x_wconf 75' lang='grc' dir='ltr'>ΠΡΟΕΩιΔΙΑ(</span> <span class='ocrx_word' id='word_1_4' title='bbox 2302 370 2356 425; x_wconf 88' lang='grc' dir='ltr'>Κ.</span> <span class='ocrx_word' id='word_1_5' title='bbox 2951 370 3078 448; x_wconf 69' lang='grc'>545</span> 
     </span>
    </p>
   </div>
   <div class='ocr_carea' id='block_1_2' title="bbox 490 534 3158 1027">
    <p class='ocr_par' dir='ltr' id='par_1_2' title="bbox 490 534 3079 728">
     <span class='ocr_line' id='line_1_2' title="bbox 659 534 3079 624; baseline -0.002 -14"><span class='ocrx_word' id='word_1_6' title='bbox 659 534 748 610; x_wconf 86' lang='grc' dir='ltr'>Τὸ</span> <span class='ocrx_word' id='word_1_7' title='bbox 801 547 841 608; x_wconf 80' lang='grc' dir='ltr'><em>ὃ</em></span> <span class='ocrx_word' id='word_1_8' title='bbox 898 545 1028 622; x_wconf 91' lang='grc' dir='ltr'>πρὸ</span> <span class='ocrx_word' id='word_1_9' title='bbox 1087 549 1205 608; x_wconf 82' lang='grc' dir='ltr'>τοῦ</span> <span class='ocrx_word' id='word_1_10' title='bbox 1261 547 1300 611; x_wconf 64' lang='lat' dir='ltr'>V</span> <span class='ocrx_word' id='word_1_11' title='bbox 1354 546 1425 611; x_wconf 87' lang='grc' dir='ltr'>έν</span> <span class='ocrx_word' id='word_1_12' title='bbox 1483 548 1619 610; x_wconf 84' lang='grc' dir='ltr'>ταῖς</span> <span class='ocrx_word' id='word_1_13' title='bbox 1683 546 1846 623; x_wconf 82' lang='grc' dir='ltr'>ὑπὲρ</span> <span class='ocrx_word' id='word_1_14' title='bbox 1899 542 2046 622; x_wconf 89' lang='grc' dir='ltr'>μίαν</span> <span class='ocrx_word' id='word_1_15' title='bbox 2107 543 2423 622; x_wconf 89' lang='grc' dir='ltr'>ςυλλαβὴν</span> <span class='ocrx_word' id='word_1_16' title='bbox 2493 542 2689 608; x_wconf 82' lang='grc' dir='ltr'>λέξεςι</span> <span class='ocrx_word' id='word_1_17' title='bbox 2755 544 3079 624; x_wconf 87' lang='grc' dir='ltr'>ψιλοῦται,</span> 
     </span>
     <span class='ocr_line' id='line_1_3' title="bbox 490 643 1294 728; baseline 0 -18"><span class='ocrx_word' id='word_1_18' title='bbox 490 646 706 728; x_wconf 84' lang='grc' dir='ltr'>ὄνυξ,</span> <span class='ocrx_word' id='word_1_19' title='bbox 752 643 977 728; x_wconf 90' lang='grc' dir='ltr'>ὄναρ,</span> <span class='ocrx_word' id='word_1_20' title='bbox 1026 645 1294 724; x_wconf 89' lang='grc' dir='ltr'>ὄνομα.</span> 
     </span>
    </p>

    <p class='ocr_par' dir='ltr' id='par_1_3' title="bbox 492 731 3158 1027">
     <span class='ocr_line' id='line_1_4' title="bbox 659 731 3080 830; baseline -0.001 -20"><span class='ocrx_word' id='word_1_21' title='bbox 659 746 749 810; x_wconf 88' lang='grc' dir='ltr'>Τὸ</span> <span class='ocrx_word' id='word_1_22' title='bbox 795 748 836 809; x_wconf 81' lang='grc' dir='ltr'><em>ὃ</em></span> <span class='ocrx_word' id='word_1_23' title='bbox 883 747 1013 824; x_wconf 91' lang='grc' dir='ltr'>πρὸ</span> <span class='ocrx_word' id='word_1_24' title='bbox 1067 750 1185 811; x_wconf 83' lang='grc' dir='ltr'>τοῦ</span> <span class='ocrx_word' id='word_1_25' title='bbox 1239 751 1287 810; x_wconf 76' lang='grc' dir='ltr'>’ῖι</span> <span class='ocrx_word' id='word_1_26' title='bbox 1348 749 1680 828; x_wconf 86' lang='grc' dir='ltr'>ψιλοῦται,</span> <span class='ocrx_word' id='word_1_27' title='bbox 1736 747 1790 811; x_wconf 85' lang='grc' dir='ltr'>εἰ</span> <span class='ocrx_word' id='word_1_28' title='bbox 1850 748 1931 825; x_wconf 80' lang='grc' dir='ltr'>μὴ</span> <span class='ocrx_word' id='word_1_29' title='bbox 1980 746 2056 810; x_wconf 90' lang='grc' dir='ltr'>τὸ</span> <span class='ocrx_word' id='word_1_30' title='bbox 2115 731 2152 809; x_wconf 67' lang='grc' dir='ltr'>λ</span> <span class='ocrx_word' id='word_1_31' title='bbox 2197 745 2538 826; x_wconf 83' lang='grc' dir='ltr'>ἐπάγοιτο,</span> <span class='ocrx_word' id='word_1_32' title='bbox 2585 744 2857 827; x_wconf 86' lang='grc' dir='ltr'>ὀπίςω,</span> <span class='ocrx_word' id='word_1_33' title='bbox 2909 743 3080 830; x_wconf 84' lang='grc' dir='ltr'>ὀπι-</span> 
     </span>
     <span class='ocr_line' id='line_1_5' title="bbox 492 845 3082 930; baseline -0.001 -19"><span class='ocrx_word' id='word_1_34' title='bbox 492 848 736 930; x_wconf 89' lang='grc' dir='ltr'>πεύω,</span> <span class='ocrx_word' id='word_1_35' title='bbox 783 847 965 930; x_wconf 86' lang='grc' dir='ltr'>ὀπή,</span> <span class='ocrx_word' id='word_1_36' title='bbox 1012 846 1315 925; x_wconf 87' lang='grc' dir='ltr'>ὀπώρα·</span> <span class='ocrx_word' id='word_1_37' title='bbox 1373 848 1549 925; x_wconf 88' lang='grc' dir='ltr'>παρὰ</span> <span class='ocrx_word' id='word_1_38' title='bbox 1592 848 1668 911; x_wconf 89' lang='grc' dir='ltr'>τὸ</span> <span class='ocrx_word' id='word_1_39' title='bbox 1715 847 1851 911; x_wconf 87' lang='grc' dir='ltr'>ἕπω</span> <span class='ocrx_word' id='word_1_40' title='bbox 1897 847 2332 926; x_wconf 91' lang='grc' dir='ltr'>δαςυνόμενον</span> <span class='ocrx_word' id='word_1_41' title='bbox 2380 845 2780 924; x_wconf 87' lang='grc' dir='ltr'>ψιλούμενον</span> <span class='ocrx_word' id='word_1_42' title='bbox 2823 846 3082 921; x_wconf 82' lang='grc' dir='ltr'>ἐγένετο</span> 
     </span>
     <span class='ocr_line' id='line_1_6' title="bbox 494 945 3158 1027; baseline -0.003 -16"><span class='ocrx_word' id='word_1_43' title='bbox 494 948 786 1013; x_wconf 87' lang='grc' dir='ltr'><strong>ὀπάων.</strong></span> <span class='ocrx_word' id='word_1_44' title='bbox 857 948 1064 1013; x_wconf 83' lang='grc' dir='ltr'>οὕτως</span> <span class='ocrx_word' id='word_1_45' title='bbox 1094 948 1225 1027; x_wconf 85' lang='grc' dir='ltr'>ἔχει</span> <span class='ocrx_word' id='word_1_46' title='bbox 1256 949 1360 1013; x_wconf 85' lang='grc' dir='ltr'>καὶ</span> <span class='ocrx_word' id='word_1_47' title='bbox 1387 949 1464 1013; x_wconf 91' lang='grc' dir='ltr'>τὸ</span> <span class='ocrx_word' id='word_1_48' title='bbox 1508 948 1887 1026; x_wconf 87' lang='grc' dir='ltr'>ὄπατρος·</span> <span class='ocrx_word' id='word_1_49' title='bbox 1937 947 2057 1012; x_wconf 84' lang='grc' dir='ltr'>οὐκ</span> <span class='ocrx_word' id='word_1_50' title='bbox 2090 947 2217 1012; x_wconf 86' lang='grc' dir='ltr'>ἔςτι</span> <span class='ocrx_word' id='word_1_51' title='bbox 2248 949 2321 1011; x_wconf 80' lang='grc' dir='ltr'>δὲ</span> <span class='ocrx_word' id='word_1_52' title='bbox 2353 947 2677 1025; x_wconf 87' lang='grc' dir='ltr'>ψιλωτέον</span> <span class='ocrx_word' id='word_1_53' title='bbox 2710 947 2801 1011; x_wconf 83' lang='grc' dir='ltr'>ὡς</span> <span class='ocrx_word' id='word_1_54' title='bbox 2833 945 3081 1011; x_wconf 82' lang='grc' dir='ltr'>οἴονται</span> <span class='ocrx_word' id='word_1_55' title='bbox 3124 954 3158 1004; x_wconf 80' lang='lat'>5</span> 
     </span>
    </p>
   </div>
   <div class='ocr_carea' id='block_1_3' title="bbox 406 1046 3085 1132">
    <p class='ocr_par' dir='ltr' id='par_1_4' title="bbox 406 1046 3085 1132">
     <span class='ocr_line' id='line_1_7' title="bbox 406 1046 3085 1132; baseline -0.001 -19"><span class='ocrx_word' id='word_1_56' title='bbox 406 1097 414 1104; x_wconf 83' lang='lat'>.</span> <span class='ocrx_word' id='word_1_57' title='bbox 494 1051 599 1113; x_wconf 87' lang='grc' dir='ltr'>διὰ</span> <span class='ocrx_word' id='word_1_58' title='bbox 626 1051 745 1128; x_wconf 85' lang='grc' dir='ltr'>τὴν</span> <span class='ocrx_word' id='word_1_59' title='bbox 779 1050 1118 1128; x_wconf 87' lang='grc' dir='ltr'>ςυγκοπήν.</span> <span class='ocrx_word' id='word_1_60' title='bbox 1165 1051 1381 1114; x_wconf 90' lang='grc' dir='ltr'>πολλὰ</span> <span class='ocrx_word' id='word_1_61' title='bbox 1411 1050 1533 1128; x_wconf 88' lang='grc' dir='ltr'>γάρ</span> <span class='ocrx_word' id='word_1_62' title='bbox 1564 1070 1716 1130; x_wconf 92' lang='grc' dir='ltr'>φαςι</span> <span class='ocrx_word' id='word_1_63' title='bbox 1748 1049 1853 1114; x_wconf 88' lang='grc' dir='ltr'>διὰ</span> <span class='ocrx_word' id='word_1_64' title='bbox 1882 1051 1997 1126; x_wconf 89' lang='grc' dir='ltr'>τὴν</span> <span class='ocrx_word' id='word_1_65' title='bbox 2029 1050 2351 1132; x_wconf 86' lang='grc' dir='ltr'>ςυγκοπὴν</span> <span class='ocrx_word' id='word_1_66' title='bbox 2383 1051 2740 1127; x_wconf 84' lang='grc' dir='ltr'>ψιλοῦςθαι.</span> <span class='ocrx_word' id='word_1_67' title='bbox 2786 1046 2953 1111; x_wconf 91' lang='grc' dir='ltr'>ἀλλὰ</span> <span class='ocrx_word' id='word_1_68' title='bbox 2982 1048 3085 1111; x_wconf 85' lang='grc' dir='ltr'>καὶ</span> 
     </span>
    </p>
   </div>
   <div class='ocr_carea' id='block_1_4' title="bbox 494 1148 3197 3048">
    <p class='ocr_par' dir='ltr' id='par_1_5' title="bbox 494 1148 3085 1436">
     <span class='ocr_line' id='line_1_8' title="bbox 494 1148 3084 1234; baseline -0 -21"><span class='ocrx_word' id='word_1_69' title='bbox 494 1151 862 1233; x_wconf 88' lang='grc' dir='ltr'>δαςύνεται,</span> <span class='ocrx_word' id='word_1_70' title='bbox 902 1150 1243 1230; x_wconf 89' lang='grc' dir='ltr'>ἑςτήκαμεν</span> <span class='ocrx_word' id='word_1_71' title='bbox 1279 1151 1572 1234; x_wconf 86' lang='grc' dir='ltr'>ἕςταμεν,</span> <span class='ocrx_word' id='word_1_72' title='bbox 1604 1149 1944 1229; x_wconf 74' lang='grc' dir='ltr'>Ἡράκλεες</span> <span class='ocrx_word' id='word_1_73' title='bbox 1973 1150 2303 1227; x_wconf 87' lang='grc' dir='ltr'>Ἣρακλες.</span> <span class='ocrx_word' id='word_1_74' title='bbox 2357 1149 2714 1227; x_wconf 87' lang='grc' dir='ltr'>πρόςκειται</span> <span class='ocrx_word' id='word_1_75' title='bbox 2746 1148 2843 1213; x_wconf 80' lang='grc' dir='ltr'>«εἰ</span> <span class='ocrx_word' id='word_1_76' title='bbox 2881 1149 2964 1228; x_wconf 83' lang='grc' dir='ltr'>μὴ</span> <span class='ocrx_word' id='word_1_77' title='bbox 3007 1148 3084 1212; x_wconf 91' lang='grc' dir='ltr'>τὸ</span> 
     </span>
     <span class='ocr_line' id='line_1_9' title="bbox 496 1239 3084 1331; baseline -0 -17"><span class='ocrx_word' id='word_1_78' title='bbox 496 1239 534 1314; x_wconf 67' lang='grc' dir='ltr'>’λ</span> <span class='ocrx_word' id='word_1_79' title='bbox 588 1251 939 1327; x_wconf 80' lang='grc' dir='ltr'>ἐπάγοιτο»</span> <span class='ocrx_word' id='word_1_80' title='bbox 987 1252 1211 1316; x_wconf 88' lang='grc' dir='ltr'>διὰ.τὸ</span> <span class='ocrx_word' id='word_1_81' title='bbox 1255 1251 1461 1331; x_wconf 88' lang='grc' dir='ltr'>ὁπλή</span> <span class='ocrx_word' id='word_1_82' title='bbox 1506 1252 1609 1316; x_wconf 84' lang='grc' dir='ltr'>καὶ</span> <span class='ocrx_word' id='word_1_83' title='bbox 1652 1251 1904 1316; x_wconf 85' lang='grc' dir='ltr'>ὅπλον</span> <span class='ocrx_word' id='word_1_84' title='bbox 1949 1252 2053 1314; x_wconf 83' lang='grc' dir='ltr'>καὶ</span> <span class='ocrx_word' id='word_1_85' title='bbox 2092 1251 2173 1314; x_wconf 89' lang='grc' dir='ltr'>τὰ</span> <span class='ocrx_word' id='word_1_86' title='bbox 2216 1249 2349 1314; x_wconf 87' lang='grc' dir='ltr'>ἀπὸ</span> <span class='ocrx_word' id='word_1_87' title='bbox 2399 1248 2650 1314; x_wconf 88' lang='grc' dir='ltr'>τούτων</span> <span class='ocrx_word' id='word_1_88' title='bbox 2694 1250 3084 1330; x_wconf 84' lang='grc' dir='ltr'>παρηγμένα.</span> 
     </span>
     <span class='ocr_line' id='line_1_10' title="bbox 495 1350 3085 1436; baseline -0.001 -20"><span class='ocrx_word' id='word_1_89' title='bbox 495 1353 571 1417; x_wconf 90' lang='grc' dir='ltr'>τὸ</span> <span class='ocrx_word' id='word_1_90' title='bbox 619 1354 690 1417; x_wconf 80' lang='grc' dir='ltr'>δὲ</span> <span class='ocrx_word' id='word_1_91' title='bbox 735 1352 889 1417; x_wconf 88' lang='grc' dir='ltr'>ὁπό</span> <span class='ocrx_word' id='word_1_92' title='bbox 906 1374 987 1417; x_wconf 95' lang='grc' dir='ltr'>ςο</span> <span class='ocrx_word' id='word_1_93' title='bbox 1004 1374 1066 1436; x_wconf 92' lang='grc' dir='ltr'>ς,</span> <span class='ocrx_word' id='word_1_94' title='bbox 1113 1352 1433 1436; x_wconf 82' lang='grc' dir='ltr'>ὁποῖος,</span> <span class='ocrx_word' id='word_1_95' title='bbox 1479 1353 1692 1417; x_wconf 85' lang='grc' dir='ltr'>ὅπως</span> <span class='ocrx_word' id='word_1_96' title='bbox 1735 1353 1840 1416; x_wconf 86' lang='grc' dir='ltr'>καὶ</span> <span class='ocrx_word' id='word_1_97' title='bbox 1880 1353 1962 1416; x_wconf 87' lang='grc' dir='ltr'>τὰ</span> <span class='ocrx_word' id='word_1_98' title='bbox 2002 1351 2193 1431; x_wconf 84' lang='grc' dir='ltr'>ὅμοια</span> <span class='ocrx_word' id='word_1_99' title='bbox 2224 1350 2314 1416; x_wconf 82' lang='grc' dir='ltr'>ὡς</span> <span class='ocrx_word' id='word_1_100' title='bbox 2344 1350 2710 1431; x_wconf 86' lang='grc' dir='ltr'>ἀναφορικά</span> <span class='ocrx_word' id='word_1_101' title='bbox 2737 1351 3085 1416; x_wconf 91' lang='grc' dir='ltr'>δαςύνεται.</span> 
     </span>
    </p>

    <p class='ocr_par' dir='ltr' id='par_1_6' title="bbox 500 1450 3192 1936">
     <span class='ocr_line' id='line_1_11' title="bbox 671 1450 3192 1536; baseline -0 -19"><span class='ocrx_word' id='word_1_102' title='bbox 671 1453 761 1518; x_wconf 89' lang='grc' dir='ltr'>Τὸ</span> <span class='ocrx_word' id='word_1_103' title='bbox 807 1456 847 1516; x_wconf 77' lang='grc' dir='ltr'>’ὁ</span> <span class='ocrx_word' id='word_1_104' title='bbox 894 1453 1370 1534; x_wconf 78' lang='grc' dir='ltr'>ἐπιφερομένου</span> <span class='ocrx_word' id='word_1_105' title='bbox 1413 1458 1530 1518; x_wconf 83' lang='grc' dir='ltr'>τοῦ</span> <span class='ocrx_word' id='word_1_106' title='bbox 1576 1458 1614 1533; x_wconf 77' lang='grc' dir='ltr'>ρ</span> <span class='ocrx_word' id='word_1_107' title='bbox 1658 1456 1994 1535; x_wconf 85' lang='grc' dir='ltr'>ψιλοῦται,</span> <span class='ocrx_word' id='word_1_108' title='bbox 2039 1450 2225 1530; x_wconf 86' lang='grc' dir='ltr'>ὄρος</span> <span class='ocrx_word' id='word_1_109' title='bbox 2266 1452 2344 1516; x_wconf 91' lang='grc' dir='ltr'>τὸ</span> <span class='ocrx_word' id='word_1_110' title='bbox 2389 1452 2769 1536; x_wconf 83' lang='grc' dir='ltr'>οὐδέτερον,</span> <span class='ocrx_word' id='word_1_111' title='bbox 2815 1450 3087 1534; x_wconf 85' lang='grc' dir='ltr'>ὄρυζα,</span> <span class='ocrx_word' id='word_1_112' title='bbox 3122 1464 3192 1516; x_wconf 88' lang='lat'>10</span> 
     </span>
     <span class='ocr_line' id='line_1_12' title="bbox 500 1551 3088 1637; baseline 0 -18"><span class='ocrx_word' id='word_1_113' title='bbox 500 1552 768 1635; x_wconf 91' lang='grc' dir='ltr'>ὀρεύς,</span> <span class='ocrx_word' id='word_1_114' title='bbox 814 1554 1105 1637; x_wconf 89' lang='grc' dir='ltr'>ὀρέγω,</span> <span class='ocrx_word' id='word_1_115' title='bbox 1151 1554 1538 1636; x_wconf 88' lang='grc' dir='ltr'>Ὀρέςτης,</span> <span class='ocrx_word' id='word_1_116' title='bbox 1581 1556 1749 1633; x_wconf 82' lang='grc' dir='ltr'>πλὴν</span> <span class='ocrx_word' id='word_1_117' title='bbox 1780 1556 1899 1618; x_wconf 84' lang='grc' dir='ltr'>τοῦ</span> <span class='ocrx_word' id='word_1_118' title='bbox 1945 1552 2101 1632; x_wconf 85' lang='grc' dir='ltr'>ὁρῶ</span> <span class='ocrx_word' id='word_1_119' title='bbox 2146 1552 2336 1637; x_wconf 85' lang='grc' dir='ltr'>ὁρᾷς</span> <span class='ocrx_word' id='word_1_120' title='bbox 2380 1554 2482 1617; x_wconf 80' lang='grc' dir='ltr'>καὶ</span> <span class='ocrx_word' id='word_1_121' title='bbox 2525 1553 2710 1632; x_wconf 91' lang='grc' dir='ltr'>ὅρος</span> <span class='ocrx_word' id='word_1_122' title='bbox 2755 1551 3088 1632; x_wconf 87' lang='grc' dir='ltr'>ἀρςενικὸν</span> 
     </span>
     <span class='ocr_line' id='line_1_13' title="bbox 501 1653 3093 1734; baseline -0 -16"><span class='ocrx_word' id='word_1_123' title='bbox 501 1654 663 1733; x_wconf 87' lang='grc' dir='ltr'>ὅπερ</span> <span class='ocrx_word' id='word_1_124' title='bbox 719 1653 853 1720; x_wconf 91' lang='grc' dir='ltr'>ἀπὸ</span> <span class='ocrx_word' id='word_1_125' title='bbox 907 1657 1025 1719; x_wconf 85' lang='grc' dir='ltr'>τοῦ</span> <span class='ocrx_word' id='word_1_126' title='bbox 1083 1654 1219 1733; x_wconf 85' lang='grc' dir='ltr'>ὁρῶ</span> <span class='ocrx_word' id='word_1_127' title='bbox 1273 1657 1350 1720; x_wconf 91' lang='grc' dir='ltr'>τὸ</span> <span class='ocrx_word' id='word_1_128' title='bbox 1408 1655 1624 1734; x_wconf 85' lang='grc' dir='ltr'>βλέπω</span> <span class='ocrx_word' id='word_1_129' title='bbox 1676 1655 1966 1730; x_wconf 85' lang='grc' dir='ltr'>γέγονεν.</span> <span class='ocrx_word' id='word_1_130' title='bbox 2055 1655 2158 1718; x_wconf 82' lang='grc' dir='ltr'>καὶ</span> <span class='ocrx_word' id='word_1_131' title='bbox 2208 1654 2332 1731; x_wconf 89' lang='grc' dir='ltr'>γὰρ</span> <span class='ocrx_word' id='word_1_132' title='bbox 2387 1653 2426 1717; x_wconf 87' lang='grc' dir='ltr'>ὸ</span> <span class='ocrx_word' id='word_1_133' title='bbox 2470 1654 2625 1732; x_wconf 90' lang='grc' dir='ltr'>ὅρος</span> <span class='ocrx_word' id='word_1_134' title='bbox 2669 1654 2947 1732; x_wconf 85' lang='grc' dir='ltr'>εὐόρατα</span> <span class='ocrx_word' id='word_1_135' title='bbox 2988 1653 3093 1718; x_wconf 79' lang='grc' dir='ltr'>καὶ</span> 
     </span>
     <span class='ocr_line' id='line_1_14' title="bbox 500 1754 3090 1836; baseline -0.001 -17"><span class='ocrx_word' id='word_1_136' title='bbox 500 1755 746 1820; x_wconf 86' lang='grc' dir='ltr'>εὔοπτα</span> <span class='ocrx_word' id='word_1_137' title='bbox 798 1759 974 1820; x_wconf 88' lang='grc' dir='ltr'>ποιεῖ</span> <span class='ocrx_word' id='word_1_138' title='bbox 1026 1757 1178 1835; x_wconf 89' lang='grc' dir='ltr'>ἡμῖν</span> <span class='ocrx_word' id='word_1_139' title='bbox 1231 1756 1311 1820; x_wconf 87' lang='grc' dir='ltr'>τὰ</span> <span class='ocrx_word' id='word_1_140' title='bbox 1354 1755 1708 1836; x_wconf 88' lang='grc' dir='ltr'>ὁριζόμενα.</span> <span class='ocrx_word' id='word_1_141' title='bbox 1773 1756 1877 1819; x_wconf 85' lang='grc' dir='ltr'>καὶ</span> <span class='ocrx_word' id='word_1_142' title='bbox 1922 1754 2157 1834; x_wconf 82' lang='grc' dir='ltr'>ὁρίζω</span> <span class='ocrx_word' id='word_1_143' title='bbox 2212 1755 2314 1819; x_wconf 90' lang='grc' dir='ltr'>καὶ</span> <span class='ocrx_word' id='word_1_144' title='bbox 2359 1755 2593 1834; x_wconf 89' lang='grc' dir='ltr'>ὅρκος</span> <span class='ocrx_word' id='word_1_145' title='bbox 2638 1755 2710 1820; x_wconf 77' lang='grc' dir='ltr'>ἐκ</span> <span class='ocrx_word' id='word_1_146' title='bbox 2754 1758 2873 1820; x_wconf 81' lang='grc' dir='ltr'>τοῦ</span> <span class='ocrx_word' id='word_1_147' title='bbox 2918 1755 3090 1834; x_wconf 87' lang='grc' dir='ltr'>ὅρος.</span> 
     </span>
     <span class='ocr_line' id='line_1_15' title="bbox 500 1849 2848 1936; baseline -0 -16"><span class='ocrx_word' id='word_1_148' title='bbox 500 1858 604 1920; x_wconf 86' lang='grc' dir='ltr'>καὶ</span> <span class='ocrx_word' id='word_1_149' title='bbox 645 1856 770 1936; x_wconf 87' lang='grc' dir='ltr'>γὰρ</span> <span class='ocrx_word' id='word_1_150' title='bbox 816 1855 878 1922; x_wconf 82' lang='grc' dir='ltr'>οἱ</span> <span class='ocrx_word' id='word_1_151' title='bbox 924 1854 1275 1935; x_wconf 75' lang='grc' dir='ltr'>ὀμνύοντες</span> <span class='ocrx_word' id='word_1_152' title='bbox 1320 1856 1640 1935; x_wconf 82' lang='grc' dir='ltr'>ὁρίζονται</span> <span class='ocrx_word' id='word_1_153' title='bbox 1683 1856 1786 1919; x_wconf 80' lang='grc' dir='ltr'>καὶ</span> <span class='ocrx_word' id='word_1_154' title='bbox 1831 1853 2193 1934; x_wconf 90' lang='grc' dir='ltr'>ὀμνύουςιν.</span> <span class='ocrx_word' id='word_1_155' title='bbox 2838 1849 2848 1856; x_wconf 79' lang='grc'><strong>’</strong></span> 
     </span>
    </p>

    <p class='ocr_par' dir='ltr' id='par_1_7' title="bbox 504 1955 3194 2138">
     <span class='ocr_line' id='line_1_16' title="bbox 657 1955 3194 2040; baseline -0.001 -19"><span class='ocrx_word' id='word_1_156' title='bbox 657 1957 760 2037; x_wconf 42' lang='grc' dir='ltr'>,Τὸ</span> <span class='ocrx_word' id='word_1_157' title='bbox 814 1960 852 2022; x_wconf 82' lang='grc' dir='ltr'><em>ὃ</em></span> <span class='ocrx_word' id='word_1_158' title='bbox 909 1960 1039 2036; x_wconf 91' lang='grc' dir='ltr'>πρὸ</span> <span class='ocrx_word' id='word_1_159' title='bbox 1095 1961 1214 2023; x_wconf 82' lang='grc' dir='ltr'>τοῦ</span> <span class='ocrx_word' id='word_1_160' title='bbox 1269 1960 1306 2021; x_wconf 73' lang='grc' dir='ltr'>ἶ·</span> <span class='ocrx_word' id='word_1_161' title='bbox 1363 1959 1697 2038; x_wconf 86' lang='grc' dir='ltr'>ψιλοῦται,</span> <span class='ocrx_word' id='word_1_162' title='bbox 1755 1956 2127 2040; x_wconf 88' lang='grc' dir='ltr'>ὀτρηρός,</span> <span class='ocrx_word' id='word_1_163' title='bbox 2175 1955 2619 2038; x_wconf 82' lang='grc' dir='ltr'>ὀτοτύζειν,</span> <span class='ocrx_word' id='word_1_164' title='bbox 2676 1956 2920 2022; x_wconf 88' lang='grc' dir='ltr'>ὄτλος.</span> <span class='ocrx_word' id='word_1_165' title='bbox 3009 1956 3091 2021; x_wconf 85' lang='grc' dir='ltr'>οὐ</span> <span class='ocrx_word' id='word_1_166' title='bbox 3130 1968 3194 2019; x_wconf 81' lang='lat'>15</span> 
     </span>
     <span class='ocr_line' id='line_1_17' title="bbox 504 2056 1836 2138; baseline -0.001 -16"><span class='ocrx_word' id='word_1_167' title='bbox 504 2059 766 2138; x_wconf 86' lang='grc' dir='ltr'>μάχεται</span> <span class='ocrx_word' id='word_1_168' title='bbox 810 2059 887 2123; x_wconf 88' lang='grc' dir='ltr'>τὸ</span> <span class='ocrx_word' id='word_1_169' title='bbox 932 2059 1066 2124; x_wconf 88' lang='grc' dir='ltr'>ὅτε</span> <span class='ocrx_word' id='word_1_170' title='bbox 1111 2059 1214 2122; x_wconf 87' lang='grc' dir='ltr'>καὶ</span> <span class='ocrx_word' id='word_1_171' title='bbox 1258 2058 1374 2122; x_wconf 90' lang='grc' dir='ltr'>ὅτι</span> <span class='ocrx_word' id='word_1_172' title='bbox 1422 2056 1836 2137; x_wconf 89' lang='grc' dir='ltr'>δαςυνόμενα.</span> 
     </span>
    </p>

    <p class='ocr_par' dir='ltr' id='par_1_8' title="bbox 499 2151 3196 2850">
     <span class='ocr_line' id='line_1_18' title="bbox 674 2151 3091 2244; baseline 0 -20"><span class='ocrx_word' id='word_1_173' title='bbox 674 2160 765 2244; x_wconf 88' lang='grc' dir='ltr'>Τὸ</span> <span class='ocrx_word' id='word_1_174' title='bbox 814 2163 851 2223; x_wconf 72' lang='lat' dir='ltr'>fi</span> <span class='ocrx_word' id='word_1_175' title='bbox 894 2159 1095 2238; x_wconf 91' lang='grc' dir='ltr'>πάςης</span> <span class='ocrx_word' id='word_1_176' title='bbox 1142 2159 1372 2226; x_wconf 86' lang='grc' dir='ltr'>λέξεως</span> <span class='ocrx_word' id='word_1_177' title='bbox 1415 2157 1620 2237; x_wconf 87' lang='grc' dir='ltr'>ἄρχον</span> <span class='ocrx_word' id='word_1_178' title='bbox 1665 2159 2000 2224; x_wconf 91' lang='grc' dir='ltr'>δαςύνεται</span> <span class='ocrx_word' id='word_1_179' title='bbox 2043 2159 2213 2237; x_wconf 88' lang='grc' dir='ltr'>πλὴν</span> <span class='ocrx_word' id='word_1_180' title='bbox 2256 2163 2387 2223; x_wconf 85' lang='grc' dir='ltr'>τῶν</span> <span class='ocrx_word' id='word_1_181' title='bbox 2430 2157 2760 2224; x_wconf 86' lang='grc' dir='ltr'>Αῖολικῶν.</span> <span class='ocrx_word' id='word_1_182' title='bbox 2838 2160 2916 2224; x_wconf 89' lang='grc' dir='ltr'>τὸ</span> <span class='ocrx_word' id='word_1_183' title='bbox 2964 2151 3091 2240; x_wconf 63' lang='grc' dir='ltr'>ύβὶ</span> 
     </span>
     <span class='ocr_line' id='line_1_19' title="bbox 505 2258 3092 2343; baseline -0.001 -17"><span class='ocrx_word' id='word_1_184' title='bbox 505 2262 826 2343; x_wconf 83' lang='grc' dir='ltr'>βάλλειν</span> <span class='ocrx_word' id='word_1_185' title='bbox 870 2260 1213 2339; x_wconf 87' lang='grc' dir='ltr'>ψιλωτέον.</span> <span class='ocrx_word' id='word_1_186' title='bbox 1303 2259 1429 2325; x_wconf 86' lang='grc' dir='ltr'>ἔςτι</span> <span class='ocrx_word' id='word_1_187' title='bbox 1472 2261 1596 2338; x_wconf 88' lang='grc' dir='ltr'>γὰρ</span> <span class='ocrx_word' id='word_1_188' title='bbox 1638 2259 1951 2324; x_wconf 84' lang='grc' dir='ltr'>Αἰολικὸν.</span> <span class='ocrx_word' id='word_1_189' title='bbox 2039 2260 2143 2323; x_wconf 80' lang='grc' dir='ltr'>καὶ</span> <span class='ocrx_word' id='word_1_190' title='bbox 2194 2258 2431 2339; x_wconf 81' lang='grc' dir='ltr'>ὔμμες</span> <span class='ocrx_word' id='word_1_191' title='bbox 2475 2259 2827 2338; x_wconf 86' lang='grc' dir='ltr'>ψιλωτέον·</span> <span class='ocrx_word' id='word_1_192' title='bbox 2884 2260 2923 2337; x_wconf 90' lang='grc' dir='ltr'>ἡ</span> <span class='ocrx_word' id='word_1_193' title='bbox 2967 2261 3092 2338; x_wconf 84' lang='grc' dir='ltr'>γὰρ</span> 
     </span>
     <span class='ocr_line' id='line_1_20' title="bbox 504 2359 3092 2444; baseline 0 -18"><span class='ocrx_word' id='word_1_194' title='bbox 504 2363 666 2427; x_wconf 86' lang='grc' dir='ltr'>λέξις</span> <span class='ocrx_word' id='word_1_195' title='bbox 708 2361 985 2441; x_wconf 84' lang='grc' dir='ltr'>Αἰολική.</span> <span class='ocrx_word' id='word_1_196' title='bbox 1072 2362 1152 2425; x_wconf 91' lang='grc' dir='ltr'>τὸ</span> <span class='ocrx_word' id='word_1_197' title='bbox 1199 2374 1238 2415; x_wconf 81' lang='grc' dir='ltr'>υ</span> <span class='ocrx_word' id='word_1_198' title='bbox 1281 2362 1563 2438; x_wconf 84' lang='grc' dir='ltr'>καθαρὸν</span> <span class='ocrx_word' id='word_1_199' title='bbox 1618 2361 1690 2426; x_wconf 84' lang='grc' dir='ltr'>ἐν</span> <span class='ocrx_word' id='word_1_200' title='bbox 1735 2359 1900 2444; x_wconf 75' lang='grc' dir='ltr'>ἀρχῇ</span> <span class='ocrx_word' id='word_1_201' title='bbox 1946 2360 2177 2426; x_wconf 83' lang='grc' dir='ltr'>λέξεως</span> <span class='ocrx_word' id='word_1_202' title='bbox 2217 2361 2393 2439; x_wconf 92' lang='grc' dir='ltr'>παρὰ</span> <span class='ocrx_word' id='word_1_203' title='bbox 2444 2363 2584 2425; x_wconf 85' lang='grc' dir='ltr'>τοῖς</span> <span class='ocrx_word' id='word_1_204' title='bbox 2627 2361 2917 2440; x_wconf 84' lang='grc' dir='ltr'>Ἕλληςιν</span> <span class='ocrx_word' id='word_1_205' title='bbox 2961 2362 3092 2440; x_wconf 90' lang='grc' dir='ltr'>πρὸ</span> 
     </span>
     <span class='ocr_line' id='line_1_21' title="bbox 499 2459 3196 2545; baseline -0.001 -18"><span class='ocrx_word' id='word_1_206' title='bbox 499 2467 620 2527; x_wconf 83' lang='grc' dir='ltr'>τοῦ</span> <span class='ocrx_word' id='word_1_207' title='bbox 662 2467 705 2541; x_wconf 71' lang='lat'>3(</span> <span class='ocrx_word' id='word_1_208' title='bbox 750 2463 1096 2541; x_wconf 87' lang='grc' dir='ltr'>ἀπείρηται.</span> <span class='ocrx_word' id='word_1_209' title='bbox 1183 2464 1466 2541; x_wconf 86' lang='grc' dir='ltr'>καθαρὸν</span> <span class='ocrx_word' id='word_1_210' title='bbox 1511 2464 1583 2526; x_wconf 82' lang='grc' dir='ltr'>δὲ</span> <span class='ocrx_word' id='word_1_211' title='bbox 1627 2459 1850 2545; x_wconf 86' lang='grc' dir='ltr'>εἶπον,</span> <span class='ocrx_word' id='word_1_212' title='bbox 1909 2460 2047 2525; x_wconf 84' lang='grc' dir='ltr'>ἐπεὶ</span> <span class='ocrx_word' id='word_1_213' title='bbox 2100 2462 2178 2527; x_wconf 91' lang='grc' dir='ltr'>τὸ</span> <span class='ocrx_word' id='word_1_214' title='bbox 2233 2461 2428 2539; x_wconf 83' lang='grc' dir='ltr'>ὔρχα</span> <span class='ocrx_word' id='word_1_215' title='bbox 2468 2462 2564 2526; x_wconf 85' lang='grc' dir='ltr'>ὀύ</span> <span class='ocrx_word' id='word_1_216' title='bbox 2607 2463 2890 2541; x_wconf 85' lang='grc' dir='ltr'>καθαρὸν</span> <span class='ocrx_word' id='word_1_217' title='bbox 2933 2462 3092 2542; x_wconf 86' lang='grc' dir='ltr'>ἔχον</span> <span class='ocrx_word' id='word_1_218' title='bbox 3127 2472 3196 2524; x_wconf 85' lang='lat'>20</span> 
     </span>
     <span class='ocr_line' id='line_1_22' title="bbox 503 2549 3093 2648; baseline 0.001 -21"><span class='ocrx_word' id='word_1_219' title='bbox 503 2564 580 2627; x_wconf 90' lang='grc' dir='ltr'>τὸ</span> <span class='ocrx_word' id='word_1_220' title='bbox 626 2568 664 2626; x_wconf 81' lang='grc' dir='ltr'>ὓ</span> <span class='ocrx_word' id='word_1_221' title='bbox 709 2564 980 2643; x_wconf 85' lang='grc' dir='ltr'>εὕρηται.</span> <span class='ocrx_word' id='word_1_222' title='bbox 1069 2564 1198 2642; x_wconf 92' lang='grc' dir='ltr'>πρὸ</span> <span class='ocrx_word' id='word_1_223' title='bbox 1243 2566 1361 2628; x_wconf 81' lang='grc' dir='ltr'>τοῦ</span> <span class='ocrx_word' id='word_1_224' title='bbox 1405 2549 1438 2632; x_wconf 70' lang='grc' dir='ltr'>ἶ</span> <span class='ocrx_word' id='word_1_225' title='bbox 1481 2560 1519 2640; x_wconf 80' lang='grc' dir='ltr'>ἢ</span> <span class='ocrx_word' id='word_1_226' title='bbox 1573 2549 1701 2641; x_wconf 46' lang='lat' dir='ltr'>{R</span> <span class='ocrx_word' id='word_1_227' title='bbox 1758 2567 1812 2640; x_wconf 68' lang='grc' dir='ltr'>ἵν’</span> <span class='ocrx_word' id='word_1_228' title='bbox 1866 2562 1944 2626; x_wconf 90' lang='grc' dir='ltr'>τὸ</span> <span class='ocrx_word' id='word_1_229' title='bbox 2003 2588 2040 2630; x_wconf 92' lang='grc' dir='ltr'>υ</span> <span class='ocrx_word' id='word_1_230' title='bbox 2097 2562 2218 2641; x_wconf 83' lang='grc' dir='ltr'>οὐχ</span> <span class='ocrx_word' id='word_1_231' title='bbox 2273 2562 2563 2646; x_wconf 87' lang='grc' dir='ltr'>εὕρηται,</span> <span class='ocrx_word' id='word_1_232' title='bbox 2630 2563 2685 2627; x_wconf 85' lang='grc' dir='ltr'>εἰ</span> <span class='ocrx_word' id='word_1_233' title='bbox 2737 2565 2819 2644; x_wconf 84' lang='grc' dir='ltr'>μὴ</span> <span class='ocrx_word' id='word_1_234' title='bbox 2874 2563 2945 2629; x_wconf 84' lang='grc' dir='ltr'>ἐν</span> <span class='ocrx_word' id='word_1_235' title='bbox 2999 2569 3093 2648; x_wconf 83' lang='grc' dir='ltr'>τῷ</span> 
     </span>
     <span class='ocr_line' id='line_1_23' title="bbox 506 2663 3092 2748; baseline 0.001 -21"><span class='ocrx_word' id='word_1_236' title='bbox 506 2665 727 2742; x_wconf 85' lang='grc' dir='ltr'>ὕψος.</span> <span class='ocrx_word' id='word_1_237' title='bbox 813 2665 1149 2741; x_wconf 83' lang='grc' dir='ltr'>γεγονέναι</span> <span class='ocrx_word' id='word_1_238' title='bbox 1214 2667 1286 2729; x_wconf 77' lang='grc' dir='ltr'>δὲ</span> <span class='ocrx_word' id='word_1_239' title='bbox 1338 2665 1441 2728; x_wconf 86' lang='grc' dir='ltr'>καὶ</span> <span class='ocrx_word' id='word_1_240' title='bbox 1495 2663 1653 2727; x_wconf 85' lang='grc' dir='ltr'>αὐτό</span> <span class='ocrx_word' id='word_1_241' title='bbox 1708 2683 1861 2743; x_wconf 92' lang='grc' dir='ltr'>φαςι</span> <span class='ocrx_word' id='word_1_242' title='bbox 1914 2664 2090 2741; x_wconf 91' lang='grc' dir='ltr'>παρὰ</span> <span class='ocrx_word' id='word_1_243' title='bbox 2142 2665 2218 2727; x_wconf 90' lang='grc' dir='ltr'>τὸ</span> <span class='ocrx_word' id='word_1_244' title='bbox 2274 2664 2456 2729; x_wconf 85' lang='grc' dir='ltr'>ὄπτω</span> <span class='ocrx_word' id='word_1_245' title='bbox 2498 2667 2575 2730; x_wconf 90' lang='grc' dir='ltr'>τὸ</span> <span class='ocrx_word' id='word_1_246' title='bbox 2632 2665 2880 2748; x_wconf 85' lang='grc' dir='ltr'>βλέπω,</span> <span class='ocrx_word' id='word_1_247' title='bbox 2938 2663 3092 2745; x_wconf 87' lang='grc' dir='ltr'>ὀψω</span> 
     </span>
     <span class='ocr_line' id='line_1_24' title="bbox 507 2763 1608 2850; baseline -0.001 -21"><span class='ocrx_word' id='word_1_248' title='bbox 507 2764 683 2844; x_wconf 86' lang='grc' dir='ltr'>ὄψος</span> <span class='ocrx_word' id='word_1_249' title='bbox 726 2766 829 2830; x_wconf 89' lang='grc' dir='ltr'>καὶ</span> <span class='ocrx_word' id='word_1_250' title='bbox 870 2772 1078 2849; x_wconf 84' lang='grc' dir='ltr'>τροπῇ</span> <span class='ocrx_word' id='word_1_251' title='bbox 1121 2764 1377 2850; x_wconf 78' lang='grc' dir='ltr'>Αἰολικῇ</span> <span class='ocrx_word' id='word_1_252' title='bbox 1422 2763 1608 2843; x_wconf 82' lang='grc' dir='ltr'>ὕψος.</span> 
     </span>
    </p>

    <p class='ocr_par' dir='ltr' id='par_1_9' title="bbox 509 2865 3197 3048">
     <span class='ocr_line' id='line_1_25' title="bbox 676 2865 3092 2951; baseline 0.001 -21"><span class='ocrx_word' id='word_1_253' title='bbox 676 2866 749 2930; x_wconf 90' lang='grc' dir='ltr'>Ἡ</span> <span class='ocrx_word' id='word_1_254' title='bbox 794 2870 876 2929; x_wconf 59' lang='lat' dir='ltr'>ffi</span> <span class='ocrx_word' id='word_1_255' title='bbox 923 2869 1277 2948; x_wconf 86' lang='grc' dir='ltr'>δίφθογγος</span> <span class='ocrx_word' id='word_1_256' title='bbox 1307 2870 1642 2948; x_wconf 83' lang='grc' dir='ltr'>ψιλοῦται,</span> <span class='ocrx_word' id='word_1_257' title='bbox 1687 2866 1929 2949; x_wconf 81' lang='grc' dir='ltr'>αὔξω,</span> <span class='ocrx_word' id='word_1_258' title='bbox 1973 2866 2214 2950; x_wconf 83' lang='grc' dir='ltr'>αὐδῶ,</span> <span class='ocrx_word' id='word_1_259' title='bbox 2259 2865 2528 2950; x_wconf 82' lang='grc' dir='ltr'>αὐτός,</span> <span class='ocrx_word' id='word_1_260' title='bbox 2574 2868 2878 2951; x_wconf 88' lang='grc' dir='ltr'>αὔριον,</span> <span class='ocrx_word' id='word_1_261' title='bbox 2921 2870 3092 2947; x_wconf 86' lang='grc' dir='ltr'>πλὴν</span> 
     </span>
     <span class='ocr_line' id='line_1_26' title="bbox 509 2966 3197 3048; baseline 0 -17"><span class='ocrx_word' id='word_1_262' title='bbox 509 2969 627 3031; x_wconf 84' lang='grc' dir='ltr'>τοῦ</span> <span class='ocrx_word' id='word_1_263' title='bbox 672 2966 865 3047; x_wconf 81' lang='grc' dir='ltr'>αὕτη</span> <span class='ocrx_word' id='word_1_264' title='bbox 913 2966 1272 3048; x_wconf 83' lang='grc' dir='ltr'>βαρύτδνον</span> <span class='ocrx_word' id='word_1_265' title='bbox 1317 2966 1449 3034; x_wconf 90' lang='grc' dir='ltr'>ἀπὸ</span> <span class='ocrx_word' id='word_1_266' title='bbox 1492 2971 1611 3032; x_wconf 81' lang='grc' dir='ltr'>τοῦ</span> <span class='ocrx_word' id='word_1_267' title='bbox 1658 2966 1853 3032; x_wconf 87' lang='grc' dir='ltr'>οὗτος</span> <span class='ocrx_word' id='word_1_268' title='bbox 1896 2970 1999 3033; x_wconf 85' lang='grc' dir='ltr'>καὶ</span> <span class='ocrx_word' id='word_1_269' title='bbox 2043 2968 2287 3034; x_wconf 87' lang='grc' dir='ltr'>αύτόν</span> <span class='ocrx_word' id='word_1_270' title='bbox 2342 2967 2486 3033; x_wconf 83' lang='grc' dir='ltr'>ἀντὶ</span> <span class='ocrx_word' id='word_1_271' title='bbox 2537 2973 2654 3034; x_wconf 83' lang='grc' dir='ltr'>τοῦ</span> <span class='ocrx_word' id='word_1_272' title='bbox 2698 2969 2947 3033; x_wconf 88' lang='grc' dir='ltr'>ἑαυτόν.</span> <span class='ocrx_word' id='word_1_273' title='bbox 3019 2972 3097 3035; x_wconf 90' lang='grc' dir='ltr'>τὸ</span> <span class='ocrx_word' id='word_1_274' title='bbox 3130 2980 3197 3031; x_wconf 80' lang='lat'>25</span> 
     </span>
    </p>
   </div>
   <div class='ocr_carea' id='block_1_5' title="bbox 511 3156 913 3166">
    <p class='ocr_par' dir='ltr' id='par_1_10' title="bbox 511 3156 913 3166">
     <span class='ocr_line' id='line_1_27' title="bbox 511 3156 913 3166; baseline 0 2380"><span class='ocrx_word' id='word_1_275' title='bbox 511 3156 913 3166; x_wconf 95' lang='lat' dir='ltr'> </span> 
     </span>
    </p>
   </div>
   <div class='ocr_carea' id='block_1_6' title="bbox 510 3302 3099 4663">
    <p class='ocr_par' dir='ltr' id='par_1_11' title="bbox 510 3302 3099 4663">
     <span class='ocr_line' id='line_1_28' title="bbox 512 3302 3095 3380; baseline 0.002 -24"><span class='ocrx_word' id='word_1_276' title='bbox 512 3302 880 3370; x_wconf 84' lang='grc' dir='ltr'>Ἀριςτόνικος</span> <span class='ocrx_word' id='word_1_277' title='bbox 917 3305 1138 3380; x_wconf 63' lang='grc' dir='ltr'>φιλοῡςι</span> <span class='ocrx_word' id='word_1_278' title='bbox 1175 3305 1616 3370; x_wconf 80' lang='grc' dir='ltr'>παροξύνοντες,</span> <span class='ocrx_word' id='word_1_279' title='bbox 1663 3302 1971 3357; x_wconf 84' lang='grc' dir='ltr'>ἀκούοντες</span> <span class='ocrx_word' id='word_1_280' title='bbox 2015 3305 2121 3357; x_wconf 87' lang='grc' dir='ltr'>τὸν</span> <span class='ocrx_word' id='word_1_281' title='bbox 2158 3305 2251 3357; x_wconf 82' lang='grc' dir='ltr'>ἐπὶ</span> <span class='ocrx_word' id='word_1_282' title='bbox 2294 3304 2364 3357; x_wconf 86' lang='grc' dir='ltr'>τὸ</span> <span class='ocrx_word' id='word_1_283' title='bbox 2409 3304 2628 3370; x_wconf 85' lang='grc' dir='ltr'>τρέχειν</span> <span class='ocrx_word' id='word_1_284' title='bbox 2673 3306 2861 3359; x_wconf 87' lang='grc' dir='ltr'>ὀλοὸν.</span> <span class='ocrx_word' id='word_1_285' title='bbox 2932 3307 3095 3360; x_wconf 77' lang='grc' dir='ltr'>ἐπέν-</span> 
     </span>
     <span class='ocr_line' id='line_1_29' title="bbox 510 3371 3093 3439; baseline 0.002 -17"><span class='ocrx_word' id='word_1_286' title='bbox 510 3374 655 3424; x_wconf 85' lang='grc' dir='ltr'>θεςις</span> <span class='ocrx_word' id='word_1_287' title='bbox 690 3372 752 3424; x_wconf 83' lang='grc' dir='ltr'>δὲ</span> <span class='ocrx_word' id='word_1_288' title='bbox 787 3374 891 3423; x_wconf 80' lang='grc' dir='ltr'>τοῦ</span> <span class='ocrx_word' id='word_1_289' title='bbox 938 3386 955 3423; x_wconf 91' lang='grc' dir='ltr'>ι</span> <span class='ocrx_word' id='word_1_290' title='bbox 993 3372 1256 3438; x_wconf 88' lang='grc' dir='ltr'>περιττή·</span> <span class='ocrx_word' id='word_1_291' title='bbox 1303 3371 1356 3425; x_wconf 74' lang='grc' dir='ltr'>οἱ</span> <span class='ocrx_word' id='word_1_292' title='bbox 1401 3373 1462 3425; x_wconf 83' lang='grc' dir='ltr'>δὲ</span> <span class='ocrx_word' id='word_1_293' title='bbox 1506 3372 1861 3439; x_wconf 88' lang='grc' dir='ltr'>δαςύνουςιν,</span> <span class='ocrx_word' id='word_1_294' title='bbox 1906 3372 1993 3424; x_wconf 81' lang='grc' dir='ltr'>ἵν’</span> <span class='ocrx_word' id='word_1_295' title='bbox 2028 3374 2061 3439; x_wconf 78' lang='grc' dir='ltr'>ᾖ</span> <span class='ocrx_word' id='word_1_296' title='bbox 2107 3374 2239 3425; x_wconf 84' lang='grc' dir='ltr'>ὅλος</span> <span class='ocrx_word' id='word_1_297' title='bbox 2284 3373 2607 3438; x_wconf 86' lang='grc' dir='ltr'>τροχοειδὴς</span> <span class='ocrx_word' id='word_1_298' title='bbox 2653 3375 2743 3426; x_wconf 80' lang='grc' dir='ltr'>καὶ</span> <span class='ocrx_word' id='word_1_299' title='bbox 2789 3374 2933 3426; x_wconf 81' lang='grc' dir='ltr'>κατὰ</span> <span class='ocrx_word' id='word_1_300' title='bbox 2979 3378 3093 3428; x_wconf 82' lang='grc' dir='ltr'>πᾶν</span> 
     </span>
     <span class='ocr_line' id='line_1_30' title="bbox 514 3436 3093 3506; baseline 0.002 -16"><span class='ocrx_word' id='word_1_301' title='bbox 514 3439 677 3502; x_wconf 84' lang='grc' dir='ltr'>μέρος</span> <span class='ocrx_word' id='word_1_302' title='bbox 713 3436 1058 3505; x_wconf 84' lang='grc' dir='ltr'>άςτήρικτος.</span> <span class='ocrx_word' id='word_1_303' title='bbox 1128 3440 1485 3506; x_wconf 87' lang='grc' dir='ltr'>Δημόκριτος</span> <span class='ocrx_word' id='word_1_304' title='bbox 1533 3440 1621 3503; x_wconf 85' lang='grc' dir='ltr'>δέ,</span> <span class='ocrx_word' id='word_1_305' title='bbox 1666 3440 1738 3492; x_wconf 84' lang='grc' dir='ltr'>τὸ</span> <span class='ocrx_word' id='word_1_306' title='bbox 1783 3440 2135 3505; x_wconf 88' lang='grc' dir='ltr'>κυλινδρικὸν</span> <span class='ocrx_word' id='word_1_307' title='bbox 2181 3443 2359 3505; x_wconf 86' lang='grc' dir='ltr'>ςχῆμα</span> <span class='ocrx_word' id='word_1_308' title='bbox 2405 3440 2771 3506; x_wconf 79' lang='grc' dir='ltr'>ὀλοοίτροχον</span> <span class='ocrx_word' id='word_1_309' title='bbox 2815 3443 2973 3494; x_wconf 82' lang='grc' dir='ltr'>καλεῖ</span> <span class='ocrx_word' id='word_1_310' title='bbox 3021 3445 3093 3494; x_wconf 81' lang='lat' dir='ltr'>cf.</span> 
     </span>
     <span class='ocr_line' id='line_1_31' title="bbox 510 3507 3093 3574; baseline 0.002 -18"><span class='ocrx_word' id='word_1_311' title='bbox 510 3508 766 3557; x_wconf 79' lang='lat' dir='ltr'><strong>Eustath.</strong></span> <span class='ocrx_word' id='word_1_312' title='bbox 805 3512 921 3570; x_wconf 76' lang='lat'>925,</span> <span class='ocrx_word' id='word_1_313' title='bbox 960 3512 1005 3561; x_wconf 91' lang='lat'>1.</span> <span class='ocrx_word' id='word_1_314' title='bbox 1042 3535 1109 3544; x_wconf 91' lang='lat'>-—</span> <span class='ocrx_word' id='word_1_315' title='bbox 1144 3508 1400 3559; x_wconf 80' lang='lat' dir='ltr'><strong>Eustath.</strong></span> <span class='ocrx_word' id='word_1_316' title='bbox 1431 3512 1579 3572; x_wconf 84' lang='lat'>1389,</span> <span class='ocrx_word' id='word_1_317' title='bbox 1607 3511 1697 3559; x_wconf 81' lang='lat'>57:</span> <span class='ocrx_word' id='word_1_318' title='bbox 1740 3507 2097 3573; x_wconf 87' lang='grc' dir='ltr'>Ὀλοόφρονα</span> <span class='ocrx_word' id='word_1_319' title='bbox 2130 3508 2236 3560; x_wconf 91' lang='grc' dir='ltr'>τὸν</span> <span class='ocrx_word' id='word_1_320' title='bbox 2271 3508 2558 3561; x_wconf 84' lang='grc' dir='ltr'>Ἄτλαντα</span> <span class='ocrx_word' id='word_1_321' title='bbox 2582 3513 2832 3574; x_wconf 86' lang='grc' dir='ltr'>νοοῦςιν,</span> <span class='ocrx_word' id='word_1_322' title='bbox 2872 3508 2951 3560; x_wconf 83' lang='grc' dir='ltr'>ὡς</span> <span class='ocrx_word' id='word_1_323' title='bbox 2986 3510 3093 3562; x_wconf 84' lang='grc' dir='ltr'>τὸν</span> 
     </span>
     <span class='ocr_line' id='line_1_32' title="bbox 511 3572 3094 3645; baseline 0.002 -22"><span class='ocrx_word' id='word_1_324' title='bbox 511 3572 656 3636; x_wconf 80' lang='grc' dir='ltr'>ὑπὲρ</span> <span class='ocrx_word' id='word_1_325' title='bbox 692 3574 848 3626; x_wconf 85' lang='grc' dir='ltr'>ὅλων</span> <span class='ocrx_word' id='word_1_326' title='bbox 897 3579 1224 3639; x_wconf 85' lang='grc' dir='ltr'>φρονοῦντα</span> <span class='ocrx_word' id='word_1_327' title='bbox 1267 3577 1445 3641; x_wconf 83' lang='grc' dir='ltr'>ἤγουν</span> <span class='ocrx_word' id='word_1_328' title='bbox 1488 3578 1611 3627; x_wconf 83' lang='grc' dir='ltr'>τῶν</span> <span class='ocrx_word' id='word_1_329' title='bbox 1655 3574 1811 3628; x_wconf 85' lang='grc' dir='ltr'>ὅλων</span> <span class='ocrx_word' id='word_1_330' title='bbox 1857 3575 2273 3641; x_wconf 87' lang='grc' dir='ltr'>φροντιςτικόν·</span> <span class='ocrx_word' id='word_1_331' title='bbox 2319 3576 2405 3627; x_wconf 92' lang='grc' dir='ltr'>διὸ</span> <span class='ocrx_word' id='word_1_332' title='bbox 2451 3576 2542 3628; x_wconf 78' lang='grc' dir='ltr'>καὶ</span> <span class='ocrx_word' id='word_1_333' title='bbox 2587 3576 2620 3628; x_wconf 85' lang='grc' dir='ltr'>ὁ</span> <span class='ocrx_word' id='word_1_334' title='bbox 2658 3575 2969 3645; x_wconf 82' lang='grc' dir='ltr'>Κλεάνθης,</span> <span class='ocrx_word' id='word_1_335' title='bbox 3017 3578 3094 3629; x_wconf 82' lang='grc' dir='ltr'>ὥς</span> 
     </span>
     <span class='ocr_line' id='line_1_33' title="bbox 513 3639 3092 3708; baseline 0.001 -16"><span class='ocrx_word' id='word_1_336' title='bbox 513 3655 708 3705; x_wconf 90' lang='grc' dir='ltr'>φαςιν,</span> <span class='ocrx_word' id='word_1_337' title='bbox 747 3639 973 3693; x_wconf 81' lang='grc' dir='ltr'>ἐδάςυνε</span> <span class='ocrx_word' id='word_1_338' title='bbox 1010 3641 1080 3694; x_wconf 90' lang='grc' dir='ltr'>τὸ</span> <span class='ocrx_word' id='word_1_339' title='bbox 1115 3645 1148 3693; x_wconf 83' lang='grc' dir='ltr'><strong><em>ὃ</em></strong></span> <span class='ocrx_word' id='word_1_340' title='bbox 1182 3644 1285 3708; x_wconf 86' lang='grc' dir='ltr'>τῆς</span> <span class='ocrx_word' id='word_1_341' title='bbox 1322 3642 1610 3708; x_wconf 86' lang='grc' dir='ltr'>ἀρχούςης.</span> <span class='ocrx_word' id='word_1_342' title='bbox 1684 3644 1750 3693; x_wconf 80' lang='lat' dir='ltr'>de</span> <span class='ocrx_word' id='word_1_343' title='bbox 1788 3647 1871 3706; x_wconf 62' lang='grc' dir='ltr'>οῖ</span> <span class='ocrx_word' id='word_1_344' title='bbox 1906 3642 1969 3696; x_wconf 89' lang='lat'>11.</span> <span class='ocrx_word' id='word_1_345' title='bbox 2008 3645 2098 3695; x_wconf 85' lang='lat' dir='ltr'>Pr.</span> <span class='ocrx_word' id='word_1_346' title='bbox 2133 3643 2190 3695; x_wconf 93' lang='grc' dir='ltr'><strong>Μ</strong></span> <span class='ocrx_word' id='word_1_347' title='bbox 2225 3646 2353 3695; x_wconf 82' lang='lat'>471:</span> <span class='ocrx_word' id='word_1_348' title='bbox 2404 3643 2473 3695; x_wconf 88' lang='grc' dir='ltr'>τὸ</span> <span class='ocrx_word' id='word_1_349' title='bbox 2521 3644 2729 3708; x_wconf 82' lang='grc' dir='ltr'>ὅμαδος</span> <span class='ocrx_word' id='word_1_350' title='bbox 2772 3643 3092 3697; x_wconf 87' lang='grc' dir='ltr'>δαςυντέον.</span> 
     </span>
     <span class='ocr_line' id='line_1_34' title="bbox 515 3707 3095 3777; baseline 0.002 -19"><span class='ocrx_word' id='word_1_351' title='bbox 515 3707 627 3771; x_wconf 78' lang='grc' dir='ltr'>ἔχει</span> <span class='ocrx_word' id='word_1_352' title='bbox 661 3708 769 3772; x_wconf 84' lang='grc' dir='ltr'>γὰρ</span> <span class='ocrx_word' id='word_1_353' title='bbox 802 3708 874 3760; x_wconf 88' lang='grc' dir='ltr'>τὸ</span> <span class='ocrx_word' id='word_1_354' title='bbox 909 3708 1051 3774; x_wconf 76' lang='grc' dir='ltr'>ὁμοῦ</span> <span class='ocrx_word' id='word_1_355' title='bbox 1089 3709 1415 3774; x_wconf 76' lang='grc' dir='ltr'>ἐγκείμενον</span> <span class='ocrx_word' id='word_1_356' title='bbox 1464 3713 1535 3762; x_wconf 82' lang='lat' dir='ltr'>ef.</span> <span class='ocrx_word' id='word_1_357' title='bbox 1573 3714 1674 3777; x_wconf 88' lang='lat' dir='ltr'>Ep.</span> <span class='ocrx_word' id='word_1_358' title='bbox 1716 3710 1802 3761; x_wconf 87' lang='lat' dir='ltr'>Cr.</span> <span class='ocrx_word' id='word_1_359' title='bbox 1838 3713 1866 3762; x_wconf 92' lang='lat'>1</span> <span class='ocrx_word' id='word_1_360' title='bbox 1901 3713 2026 3774; x_wconf 88' lang='grc'>318,</span> <span class='ocrx_word' id='word_1_361' title='bbox 2062 3713 2156 3762; x_wconf 77' lang='lat'>2¹7:</span> <span class='ocrx_word' id='word_1_362' title='bbox 2204 3711 2275 3762; x_wconf 92' lang='grc' dir='ltr'>τὸ</span> <span class='ocrx_word' id='word_1_363' title='bbox 2310 3714 2345 3762; x_wconf 84' lang='grc' dir='ltr'>δ</span> <span class='ocrx_word' id='word_1_364' title='bbox 2386 3711 2500 3776; x_wconf 92' lang='grc' dir='ltr'>πρὸ</span> <span class='ocrx_word' id='word_1_365' title='bbox 2535 3714 2640 3764; x_wconf 80' lang='grc' dir='ltr'>τοῦ</span> <span class='ocrx_word' id='word_1_366' title='bbox 2688 3712 2817 3765; x_wconf 87' lang='grc' dir='ltr'>ἑνὸς</span> <span class='ocrx_word' id='word_1_367' title='bbox 2854 3715 2891 3776; x_wconf 65' lang='lat' dir='ltr'>sa</span> <span class='ocrx_word' id='word_1_368' title='bbox 2935 3712 3095 3764; x_wconf 89' lang='grc' dir='ltr'>δαςύ-</span> 
     </span>
     <span class='ocr_line' id='line_1_35' title="bbox 513 3774 3096 3846; baseline 0.002 -20"><span class='ocrx_word' id='word_1_369' title='bbox 513 3790 699 3840; x_wconf 88' lang='grc' dir='ltr'>νεται,</span> <span class='ocrx_word' id='word_1_370' title='bbox 735 3774 1013 3841; x_wconf 87' lang='grc' dir='ltr'>Ὅμηρος,</span> <span class='ocrx_word' id='word_1_371' title='bbox 1053 3777 1274 3844; x_wconf 89' lang='grc' dir='ltr'>ὅμιλος,</span> <span class='ocrx_word' id='word_1_372' title='bbox 1313 3778 1526 3843; x_wconf 81' lang='grc' dir='ltr'>ὅμοιος·</span> <span class='ocrx_word' id='word_1_373' title='bbox 1562 3778 1632 3830; x_wconf 89' lang='grc' dir='ltr'>τὸ</span> <span class='ocrx_word' id='word_1_374' title='bbox 1670 3778 1847 3842; x_wconf 85' lang='grc' dir='ltr'>ὀμιχῶ</span> <span class='ocrx_word' id='word_1_375' title='bbox 1885 3776 2275 3845; x_wconf 84' lang='grc' dir='ltr'>ςεςημείωται,</span> <span class='ocrx_word' id='word_1_376' title='bbox 2313 3779 2383 3831; x_wconf 88' lang='grc' dir='ltr'>τὸ</span> <span class='ocrx_word' id='word_1_377' title='bbox 2418 3779 2481 3831; x_wconf 83' lang='grc' dir='ltr'>δὲ</span> <span class='ocrx_word' id='word_1_378' title='bbox 2504 3778 2643 3844; x_wconf 81' lang='grc' dir='ltr'>ἠΰτ’</span> <span class='ocrx_word' id='word_1_379' title='bbox 2665 3778 2907 3846; x_wconf 77' lang='grc' dir='ltr'>ὀμίχλη»</span> <span class='ocrx_word' id='word_1_380' title='bbox 2942 3780 3096 3845; x_wconf 86' lang='grc' dir='ltr'>παρὰ</span> 
     </span>
     <span class='ocr_line' id='line_1_36' title="bbox 512 3844 3095 3911; baseline 0.002 -18"><span class='ocrx_word' id='word_1_381' title='bbox 512 3846 598 3909; x_wconf 80' lang='grc' dir='ltr'>τῷ</span> <span class='ocrx_word' id='word_1_382' title='bbox 635 3848 844 3909; x_wconf 78' lang='grc' dir='ltr'>ποιητῇ</span> <span class='ocrx_word' id='word_1_383' title='bbox 883 3844 951 3910; x_wconf 90' lang='grc' dir='ltr'>(Α</span> <span class='ocrx_word' id='word_1_384' title='bbox 988 3844 1112 3909; x_wconf 84' lang='grc'>359)</span> <span class='ocrx_word' id='word_1_385' title='bbox 1149 3846 1293 3899; x_wconf 84' lang='grc' dir='ltr'>κατὰ</span> <span class='ocrx_word' id='word_1_386' title='bbox 1331 3845 1624 3898; x_wconf 87' lang='grc' dir='ltr'>διάλεκτον</span> <span class='ocrx_word' id='word_1_387' title='bbox 1664 3846 1914 3911; x_wconf 85' lang='grc' dir='ltr'>Ἰωνικήν</span> <span class='ocrx_word' id='word_1_388' title='bbox 1949 3845 2113 3898; x_wconf 81' lang='grc' dir='ltr'>ἐςτιν.</span> <span class='ocrx_word' id='word_1_389' title='bbox 2251 3848 2288 3897; x_wconf 90' lang='lat'>1.</span> <span class='ocrx_word' id='word_1_390' title='bbox 2330 3852 2355 3898; x_wconf 92' lang='grc'>1</span> <span class='ocrx_word' id='word_1_391' title='bbox 2392 3848 2588 3898; x_wconf 80' lang='lat' dir='ltr'><strong>Arcad.</strong></span> <span class='ocrx_word' id='word_1_392' title='bbox 2628 3850 2740 3910; x_wconf 82' lang='lat'><strong>199,</strong></span> <span class='ocrx_word' id='word_1_393' title='bbox 2782 3852 2862 3902; x_wconf 88' lang='lat'>11.</span> <span class='ocrx_word' id='word_1_394' title='bbox 2999 3849 3037 3900; x_wconf 91' lang='lat'>1.</span> <span class='ocrx_word' id='word_1_395' title='bbox 3062 3852 3095 3899; x_wconf 84' lang='lat'><strong>3</strong></span> 
     </span>
     <span class='ocr_line' id='line_1_37' title="bbox 510 3912 3093 3979; baseline 0.003 -19"><span class='ocrx_word' id='word_1_396' title='bbox 510 3912 713 3961; x_wconf 79' lang='lat' dir='ltr'><strong>Arcad.</strong></span> <span class='ocrx_word' id='word_1_397' title='bbox 761 3914 884 3975; x_wconf 92' lang='grc'>198,</span> <span class='ocrx_word' id='word_1_398' title='bbox 924 3914 1012 3975; x_wconf 88' lang='grc'>18,</span> <span class='ocrx_word' id='word_1_399' title='bbox 1060 3912 1321 3965; x_wconf 89' lang='grc' dir='ltr'>ὀπιπεύω</span> <span class='ocrx_word' id='word_1_400' title='bbox 1366 3930 1540 3979; x_wconf 83' lang='lat' dir='ltr'><strong>usque</strong></span> <span class='ocrx_word' id='word_1_401' title='bbox 1587 3915 1659 3965; x_wconf 83' lang='lat' dir='ltr'>ad</span> <span class='ocrx_word' id='word_1_402' title='bbox 1703 3912 2035 3978; x_wconf 85' lang='grc' dir='ltr'>παρηγμένα</span> <span class='ocrx_word' id='word_1_403' title='bbox 2084 3914 2120 3965; x_wconf 90' lang='lat'>1.</span> <span class='ocrx_word' id='word_1_404' title='bbox 2155 3917 2187 3965; x_wconf 89' lang='lat'>8</span> <span class='ocrx_word' id='word_1_405' title='bbox 2232 3915 2412 3965; x_wconf 82' lang='lat' dir='ltr'><strong>adieci</strong></span> <span class='ocrx_word' id='word_1_406' title='bbox 2458 3931 2525 3966; x_wconf 81' lang='lat' dir='ltr'>ex</span> <span class='ocrx_word' id='word_1_407' title='bbox 2567 3914 2634 3966; x_wconf 92' lang='lat' dir='ltr'>Il.</span> <span class='ocrx_word' id='word_1_408' title='bbox 2681 3917 2837 3965; x_wconf 87' lang='lat' dir='ltr'><strong>Pros.</strong></span> <span class='ocrx_word' id='word_1_409' title='bbox 2886 3913 2930 3965; x_wconf 91' lang='grc' dir='ltr'>Λ</span> <span class='ocrx_word' id='word_1_410' title='bbox 2975 3918 3093 3978; x_wconf 82' lang='grc'>257,</span> 
     </span>
     <span class='ocr_line' id='line_1_38' title="bbox 511 3978 3096 4048; baseline 0.001 -20"><span class='ocrx_word' id='word_1_411' title='bbox 511 3979 664 4029; x_wconf 73' lang='lat' dir='ltr'><strong>undo</strong></span> <span class='ocrx_word' id='word_1_412' title='bbox 696 3981 862 4030; x_wconf 77' lang='lat' dir='ltr'><strong>etiam</strong></span> <span class='ocrx_word' id='word_1_413' title='bbox 898 3978 1058 4032; x_wconf 86' lang='grc' dir='ltr'>ὅπως</span> <span class='ocrx_word' id='word_1_414' title='bbox 1093 3984 1352 4033; x_wconf 76' lang='lat' dir='ltr'><strong>accessit.</strong></span> <span class='ocrx_word' id='word_1_415' title='bbox 1470 3982 1509 4031; x_wconf 87' lang='lat' dir='ltr'>l.</span> <span class='ocrx_word' id='word_1_416' title='bbox 1546 3984 1609 4031; x_wconf 92' lang='grc'>10</span> <span class='ocrx_word' id='word_1_417' title='bbox 1643 3983 1843 4035; x_wconf 81' lang='lat' dir='ltr'><strong>Aroad.</strong></span> <span class='ocrx_word' id='word_1_418' title='bbox 1882 3984 1997 4046; x_wconf 79' lang='lat'>199,</span> <span class='ocrx_word' id='word_1_419' title='bbox 2037 3984 2117 4045; x_wconf 84' lang='lat'>18,</span> <span class='ocrx_word' id='word_1_420' title='bbox 2153 3980 2223 4032; x_wconf 87' lang='grc' dir='ltr'>τὸ</span> <span class='ocrx_word' id='word_1_421' title='bbox 2259 3981 2561 4046; x_wconf 84' lang='grc' dir='ltr'>οὐδέτερον</span> <span class='ocrx_word' id='word_1_422' title='bbox 2598 3983 2832 4048; x_wconf 82' lang='lat' dir='ltr'><strong>apposui</strong></span> <span class='ocrx_word' id='word_1_423' title='bbox 2869 3990 3096 4048; x_wconf 82' lang='lat' dir='ltr'><strong>propter</strong></span> 
     </span>
     <span class='ocr_line' id='line_1_39' title="bbox 512 4044 3093 4115; baseline -0 -18"><span class='ocrx_word' id='word_1_424' title='bbox 512 4044 642 4110; x_wconf 86' lang='grc' dir='ltr'>δρος</span> <span class='ocrx_word' id='word_1_425' title='bbox 688 4045 1004 4112; x_wconf 86' lang='grc' dir='ltr'>ἀρςενικόν,</span> <span class='ocrx_word' id='word_1_426' title='bbox 1059 4050 1228 4099; x_wconf 82' lang='lat' dir='ltr'>verba</span> <span class='ocrx_word' id='word_1_427' title='bbox 1271 4048 1400 4099; x_wconf 82' lang='lat' dir='ltr'><strong>inde</strong></span> <span class='ocrx_word' id='word_1_428' title='bbox 1455 4050 1525 4098; x_wconf 83' lang='lat' dir='ltr'>ab</span> <span class='ocrx_word' id='word_1_429' title='bbox 1582 4047 1726 4113; x_wconf 85' lang='grc' dir='ltr'>ὅπερ</span> <span class='ocrx_word' id='word_1_430' title='bbox 1770 4065 1943 4115; x_wconf 82' lang='lat' dir='ltr'><strong>usque</strong></span> <span class='ocrx_word' id='word_1_431' title='bbox 1990 4049 2061 4099; x_wconf 82' lang='lat' dir='ltr'>ad</span> <span class='ocrx_word' id='word_1_432' title='bbox 2111 4047 2183 4099; x_wconf 88' lang='grc' dir='ltr'>τὰ</span> <span class='ocrx_word' id='word_1_433' title='bbox 2237 4047 2532 4113; x_wconf 87' lang='grc' dir='ltr'>ὁριζόμενα</span> <span class='ocrx_word' id='word_1_434' title='bbox 2575 4050 2757 4098; x_wconf 81' lang='lat' dir='ltr'><strong>adieci</strong></span> <span class='ocrx_word' id='word_1_435' title='bbox 2801 4064 2869 4098; x_wconf 86' lang='lat' dir='ltr'>ex</span> <span class='ocrx_word' id='word_1_436' title='bbox 2914 4048 3093 4103; x_wconf 76' lang='lat' dir='ltr'><strong>Bekk,</strong></span> 
     </span>
     <span class='ocr_line' id='line_1_40' title="bbox 510 4113 3090 4180; baseline 0.002 -17"><span class='ocrx_word' id='word_1_437' title='bbox 510 4115 723 4164; x_wconf 84' lang='lat' dir='ltr'><strong>Anecd.</strong></span> <span class='ocrx_word' id='word_1_438' title='bbox 760 4117 877 4178; x_wconf 82' lang='lat'>649,</span> <span class='ocrx_word' id='word_1_439' title='bbox 915 4118 998 4177; x_wconf 91' lang='grc'>20,</span> <span class='ocrx_word' id='word_1_440' title='bbox 1033 4117 1155 4166; x_wconf 85' lang='lat' dir='ltr'><strong>ubi:</strong></span> <span class='ocrx_word' id='word_1_441' title='bbox 1193 4114 1536 4180; x_wconf 83' lang='grc' dir='ltr'>Ἡρωδιανὸς</span> <span class='ocrx_word' id='word_1_442' title='bbox 1571 4115 1721 4179; x_wconf 89' lang='grc' dir='ltr'>λέγει</span> <span class='ocrx_word' id='word_1_443' title='bbox 1758 4115 1845 4167; x_wconf 85' lang='grc' dir='ltr'>ὅτι</span> <span class='ocrx_word' id='word_1_444' title='bbox 1883 4114 1997 4167; x_wconf 86' lang='grc' dir='ltr'>ἀπὸ</span> <span class='ocrx_word' id='word_1_445' title='bbox 2032 4118 2136 4167; x_wconf 82' lang='grc' dir='ltr'>τοῦ</span> <span class='ocrx_word' id='word_1_446' title='bbox 2175 4114 2292 4178; x_wconf 86' lang='grc' dir='ltr'>ὁρῶ</span> <span class='ocrx_word' id='word_1_447' title='bbox 2329 4114 2398 4166; x_wconf 89' lang='grc' dir='ltr'>τὸ</span> <span class='ocrx_word' id='word_1_448' title='bbox 2436 4113 2628 4179; x_wconf 87' lang='grc' dir='ltr'>βλέπω</span> <span class='ocrx_word' id='word_1_449' title='bbox 2664 4114 2897 4179; x_wconf 85' lang='grc' dir='ltr'>γέγονεν</span> <span class='ocrx_word' id='word_1_450' title='bbox 2932 4116 3090 4179; x_wconf 87' lang='grc' dir='ltr'>ὅρος·</span> 
     </span>
     <span class='ocr_line' id='line_1_41' title="bbox 516 4179 3090 4248; baseline 0.002 -18"><span class='ocrx_word' id='word_1_451' title='bbox 516 4180 606 4230; x_wconf 79' lang='grc' dir='ltr'>καὶ</span> <span class='ocrx_word' id='word_1_452' title='bbox 640 4179 747 4243; x_wconf 84' lang='grc' dir='ltr'>γὰρ</span> <span class='ocrx_word' id='word_1_453' title='bbox 784 4182 901 4232; x_wconf 86' lang='grc' dir='ltr'>κτλ.</span> <span class='ocrx_word' id='word_1_454' title='bbox 937 4210 1001 4218; x_wconf 89' lang='grc'><strong>-</strong></span> <span class='ocrx_word' id='word_1_455' title='bbox 1039 4181 1129 4232; x_wconf 80' lang='grc' dir='ltr'>καὶ</span> <span class='ocrx_word' id='word_1_456' title='bbox 1166 4182 1333 4246; x_wconf 89' lang='grc' dir='ltr'>ὅρκος</span> <span class='ocrx_word' id='word_1_457' title='bbox 1368 4199 1539 4248; x_wconf 81' lang='lat' dir='ltr'><strong>usque</strong></span> <span class='ocrx_word' id='word_1_458' title='bbox 1588 4186 1659 4234; x_wconf 81' lang='lat' dir='ltr'>ad</span> <span class='ocrx_word' id='word_1_459' title='bbox 1703 4183 1865 4232; x_wconf 85' lang='lat' dir='ltr'>finem</span> <span class='ocrx_word' id='word_1_460' title='bbox 1910 4183 2101 4233; x_wconf 80' lang='lat' dir='ltr'><strong>addidi</strong></span> <span class='ocrx_word' id='word_1_461' title='bbox 2149 4198 2217 4232; x_wconf 82' lang='lat' dir='ltr'>ex</span> <span class='ocrx_word' id='word_1_462' title='bbox 2252 4183 2357 4247; x_wconf 87' lang='lat' dir='ltr'>Ep.</span> <span class='ocrx_word' id='word_1_463' title='bbox 2395 4183 2486 4233; x_wconf 89' lang='lat' dir='ltr'>Cr.</span> <span class='ocrx_word' id='word_1_464' title='bbox 2522 4184 2550 4233; x_wconf 97' lang='lat'>1</span> <span class='ocrx_word' id='word_1_465' title='bbox 2583 4185 2710 4246; x_wconf 84' lang='lat'>308,</span> <span class='ocrx_word' id='word_1_466' title='bbox 2756 4184 2850 4233; x_wconf 86' lang='lat' dir='ltr'>uhi</span> <span class='ocrx_word' id='word_1_467' title='bbox 2896 4182 3090 4247; x_wconf 78' lang='lat' dir='ltr'><strong>6pxoc:</strong></span> 
     </span>
     <span class='ocr_line' id='line_1_42' title="bbox 514 4245 3094 4314; baseline 0.001 -16"><span class='ocrx_word' id='word_1_468' title='bbox 514 4245 735 4298; x_wconf 86' lang='grc' dir='ltr'>δαςύνει</span> <span class='ocrx_word' id='word_1_469' title='bbox 774 4247 806 4297; x_wconf 87' lang='grc' dir='ltr'>ὁ</span> <span class='ocrx_word' id='word_1_470' title='bbox 844 4246 1205 4312; x_wconf 80' lang='grc' dir='ltr'>Ἡρωδιανὸς·</span> <span class='ocrx_word' id='word_1_471' title='bbox 1251 4248 1312 4301; x_wconf 81' lang='grc' dir='ltr'>ἑκ</span> <span class='ocrx_word' id='word_1_472' title='bbox 1348 4252 1453 4301; x_wconf 81' lang='grc' dir='ltr'>τοῦ</span> <span class='ocrx_word' id='word_1_473' title='bbox 1495 4249 1650 4313; x_wconf 85' lang='grc' dir='ltr'>ὅρος·</span> <span class='ocrx_word' id='word_1_474' title='bbox 1688 4247 1745 4302; x_wconf 79' lang='grc' dir='ltr'>ἐξ</span> <span class='ocrx_word' id='word_1_475' title='bbox 1780 4248 1959 4300; x_wconf 81' lang='grc' dir='ltr'>αὐτοῦ</span> <span class='ocrx_word' id='word_1_476' title='bbox 1993 4248 2100 4313; x_wconf 85' lang='grc' dir='ltr'>γὰρ</span> <span class='ocrx_word' id='word_1_477' title='bbox 2136 4247 2324 4313; x_wconf 85' lang='grc' dir='ltr'>ὅρκος·</span> <span class='ocrx_word' id='word_1_478' title='bbox 2362 4250 2453 4301; x_wconf 80' lang='grc' dir='ltr'>καὶ</span> <span class='ocrx_word' id='word_1_479' title='bbox 2488 4248 2593 4314; x_wconf 86' lang='grc' dir='ltr'>γὰρ</span> <span class='ocrx_word' id='word_1_480' title='bbox 2631 4251 2749 4301; x_wconf 86' lang='grc' dir='ltr'>κτλ.</span> <span class='ocrx_word' id='word_1_481' title='bbox 2954 4250 2993 4301; x_wconf 90' lang='lat'>1.</span> <span class='ocrx_word' id='word_1_482' title='bbox 3032 4253 3094 4301; x_wconf 84' lang='lat'>15</span> 
     </span>
     <span class='ocr_line' id='line_1_43' title="bbox 512 4312 3094 4381; baseline 0.002 -17"><span class='ocrx_word' id='word_1_483' title='bbox 512 4312 709 4365; x_wconf 82' lang='lat' dir='ltr'><strong>Arcad.</strong></span> <span class='ocrx_word' id='word_1_484' title='bbox 750 4315 863 4375; x_wconf 85' lang='lat'>198,</span> <span class='ocrx_word' id='word_1_485' title='bbox 905 4316 984 4377; x_wconf 84' lang='grc'>12,</span> <span class='ocrx_word' id='word_1_486' title='bbox 1023 4331 1119 4379; x_wconf 88' lang='lat' dir='ltr'>pro</span> <span class='ocrx_word' id='word_1_487' title='bbox 1157 4315 1325 4367; x_wconf 83' lang='grc' dir='ltr'>ὄθλος</span> <span class='ocrx_word' id='word_1_488' title='bbox 1363 4318 1561 4381; x_wconf 75' lang='lat' dir='ltr'><strong>scripsi</strong></span> <span class='ocrx_word' id='word_1_489' title='bbox 1597 4316 1780 4367; x_wconf 85' lang='grc' dir='ltr'>ὄτλος.</span> <span class='ocrx_word' id='word_1_490' title='bbox 1922 4318 1956 4370; x_wconf 88' lang='grc'>1.</span> <span class='ocrx_word' id='word_1_491' title='bbox 1986 4319 2048 4367; x_wconf 83' lang='grc'>17</span> <span class='ocrx_word' id='word_1_492' title='bbox 2085 4317 2283 4366; x_wconf 81' lang='lat' dir='ltr'><strong>Arcad.</strong></span> <span class='ocrx_word' id='word_1_493' title='bbox 2318 4319 2435 4380; x_wconf 84' lang='lat'><strong>200,</strong></span> <span class='ocrx_word' id='word_1_494' title='bbox 2475 4320 2556 4371; x_wconf 85' lang='lat'>14.</span> <span class='ocrx_word' id='word_1_495' title='bbox 2601 4316 2672 4369; x_wconf 84' lang='grc' dir='ltr'>τὸ</span> <span class='ocrx_word' id='word_1_496' title='bbox 2707 4316 3005 4381; x_wconf 76' lang='grc' dir='ltr'>ὑββάλλειν</span> <span class='ocrx_word' id='word_1_497' title='bbox 3028 4345 3094 4353; x_wconf 92' lang='grc'>-</span> 
     </span>
     <span class='ocr_line' id='line_1_44' title="bbox 515 4379 3094 4458; baseline 0.002 -25"><span class='ocrx_word' id='word_1_498' title='bbox 515 4379 787 4458; x_wconf 51' lang='grc' dir='ltr'>Αἰολικὸν,</span> <span class='ocrx_word' id='word_1_499' title='bbox 822 4383 1056 4447; x_wconf 78' lang='lat' dir='ltr'><strong>apposui</strong></span> <span class='ocrx_word' id='word_1_500' title='bbox 1103 4399 1169 4432; x_wconf 77' lang='lat' dir='ltr'>ox</span> <span class='ocrx_word' id='word_1_501' title='bbox 1205 4383 1268 4433; x_wconf 90' lang='lat' dir='ltr'>Il.</span> <span class='ocrx_word' id='word_1_502' title='bbox 1307 4386 1397 4434; x_wconf 86' lang='lat' dir='ltr'>Pr.</span> <span class='ocrx_word' id='word_1_503' title='bbox 1433 4382 1479 4434; x_wconf 87' lang='grc' dir='ltr'>Τ</span> <span class='ocrx_word' id='word_1_504' title='bbox 1516 4386 1611 4448; x_wconf 89' lang='grc'>80,</span> <span class='ocrx_word' id='word_1_505' title='bbox 1659 4385 1752 4434; x_wconf 86' lang='lat' dir='ltr'>ubi</span> <span class='ocrx_word' id='word_1_506' title='bbox 1789 4381 1903 4434; x_wconf 84' lang='grc' dir='ltr'>ἔςτι</span> <span class='ocrx_word' id='word_1_507' title='bbox 1946 4382 2053 4447; x_wconf 84' lang='grc' dir='ltr'>γὰρ</span> <span class='ocrx_word' id='word_1_508' title='bbox 2090 4380 2378 4449; x_wconf 83' lang='grc' dir='ltr'>Αἰολικὸν,</span> <span class='ocrx_word' id='word_1_509' title='bbox 2424 4384 2501 4435; x_wconf 88' lang='grc' dir='ltr'>ὥς</span> <span class='ocrx_word' id='word_1_510' title='bbox 2545 4398 2713 4449; x_wconf 89' lang='grc' dir='ltr'>φηςιν</span> <span class='ocrx_word' id='word_1_511' title='bbox 2750 4384 3094 4450; x_wconf 85' lang='grc' dir='ltr'>Ἡρωδιανὸς</span> 
     </span>
     <span class='ocr_line' id='line_1_45' title="bbox 515 4447 3099 4516; baseline 0.001 -16"><span class='ocrx_word' id='word_1_512' title='bbox 515 4447 579 4500; x_wconf 85' lang='grc' dir='ltr'>έν</span> <span class='ocrx_word' id='word_1_513' title='bbox 613 4452 700 4513; x_wconf 81' lang='grc' dir='ltr'>τῷ</span> <span class='ocrx_word' id='word_1_514' title='bbox 737 4462 768 4498; x_wconf 90' lang='grc' dir='ltr'>κ</span> <span class='ocrx_word' id='word_1_515' title='bbox 829 4449 933 4512; x_wconf 84' lang='grc' dir='ltr'>τῆς</span> <span class='ocrx_word' id='word_1_516' title='bbox 982 4448 1243 4500; x_wconf 87' lang='grc' dir='ltr'>καθόλου.</span> <span class='ocrx_word' id='word_1_517' title='bbox 1287 4477 1353 4487; x_wconf 89' lang='grc'>-</span> <span class='ocrx_word' id='word_1_518' title='bbox 1398 4450 1490 4500; x_wconf 81' lang='grc' dir='ltr'>καὶ</span> <span class='ocrx_word' id='word_1_519' title='bbox 1533 4449 1708 4514; x_wconf 84' lang='grc' dir='ltr'>ὔμμες</span> <span class='ocrx_word' id='word_1_520' title='bbox 1755 4477 1822 4485; x_wconf 92' lang='grc'><strong>-</strong></span> <span class='ocrx_word' id='word_1_521' title='bbox 1873 4447 2102 4516; x_wconf 80' lang='grc' dir='ltr'>Αἰολική</span> <span class='ocrx_word' id='word_1_522' title='bbox 2155 4451 2335 4502; x_wconf 83' lang='lat' dir='ltr'><strong>adieci</strong></span> <span class='ocrx_word' id='word_1_523' title='bbox 2380 4468 2446 4501; x_wconf 77' lang='lat' dir='ltr'>ex</span> <span class='ocrx_word' id='word_1_524' title='bbox 2488 4452 2555 4506; x_wconf 91' lang='lat' dir='ltr'>Il.</span> <span class='ocrx_word' id='word_1_525' title='bbox 2590 4454 2680 4504; x_wconf 88' lang='lat' dir='ltr'>Pr.</span> <span class='ocrx_word' id='word_1_526' title='bbox 2731 4452 2775 4504; x_wconf 89' lang='grc' dir='ltr'>Α</span> <span class='ocrx_word' id='word_1_527' title='bbox 2819 4455 2947 4516; x_wconf 83' lang='grc'>335,</span> <span class='ocrx_word' id='word_1_528' title='bbox 3000 4454 3099 4503; x_wconf 84' lang='lat' dir='ltr'>ubi</span> 
     </span>
     <span class='ocr_line' id='line_1_46' title="bbox 516 4513 3096 4585; baseline 0.002 -19"><span class='ocrx_word' id='word_1_529' title='bbox 516 4516 719 4580; x_wconf 77' lang='grc' dir='ltr'>ὔμμεςε</span> <span class='ocrx_word' id='word_1_530' title='bbox 758 4513 944 4567; x_wconf 84' lang='grc' dir='ltr'>οὕτως</span> <span class='ocrx_word' id='word_1_531' title='bbox 980 4516 1268 4579; x_wconf 87' lang='grc' dir='ltr'>ψιλωτέον</span> <span class='ocrx_word' id='word_1_532' title='bbox 1303 4516 1373 4568; x_wconf 86' lang='grc' dir='ltr'>τὸ</span> <span class='ocrx_word' id='word_1_533' title='bbox 1410 4519 1446 4566; x_wconf 70' lang='lat' dir='ltr'>U</span> <span class='ocrx_word' id='word_1_534' title='bbox 1491 4520 1595 4568; x_wconf 80' lang='grc' dir='ltr'>τοῦ</span> <span class='ocrx_word' id='word_1_535' title='bbox 1642 4518 1834 4581; x_wconf 85' lang='grc' dir='ltr'>ὔμμες.</span> <span class='ocrx_word' id='word_1_536' title='bbox 1904 4517 1939 4579; x_wconf 86' lang='grc' dir='ltr'>ἡ</span> <span class='ocrx_word' id='word_1_537' title='bbox 1976 4517 2084 4582; x_wconf 77' lang='grc' dir='ltr'>γὰρ</span> <span class='ocrx_word' id='word_1_538' title='bbox 2129 4517 2271 4571; x_wconf 80' lang='grc' dir='ltr'>λέξις</span> <span class='ocrx_word' id='word_1_539' title='bbox 2310 4517 2561 4583; x_wconf 82' lang='grc' dir='ltr'>Αἰολική,·</span> <span class='ocrx_word' id='word_1_540' title='bbox 2607 4517 2968 4585; x_wconf 78' lang='grc' dir='ltr'>ἐπιμαρτυρεῖ</span> <span class='ocrx_word' id='word_1_541' title='bbox 3005 4519 3096 4572; x_wconf 75' lang='grc' dir='ltr'>καὶ</span> 
     </span>
     <span class='ocr_line' id='line_1_47' title="bbox 516 4581 3097 4663; baseline 0.001 -27"><span class='ocrx_word' id='word_1_542' title='bbox 516 4583 553 4646; x_wconf 85' lang='grc' dir='ltr'>ἡ</span> <span class='ocrx_word' id='word_1_543' title='bbox 593 4583 902 4648; x_wconf 86' lang='grc' dir='ltr'>ςυναλοιφὴ</span> <span class='ocrx_word' id='word_1_544' title='bbox 939 4581 1043 4635; x_wconf 74' lang='grc' dir='ltr'>«αἲ</span> <span class='ocrx_word' id='word_1_545' title='bbox 1078 4582 1142 4635; x_wconf 81' lang='grc' dir='ltr'>κ’</span> <span class='ocrx_word' id='word_1_546' title='bbox 1175 4583 1344 4647; x_wconf 88' lang='grc' dir='ltr'>ὔμμιν</span> <span class='ocrx_word' id='word_1_547' title='bbox 1380 4581 1626 4651; x_wconf 75' lang='grc' dir='ltr'>ὑπέρςχῃ</span> <span class='ocrx_word' id='word_1_548' title='bbox 1671 4587 1841 4655; x_wconf 37' lang='grc' dir='ltr'>χεῖρα,</span> <span class='ocrx_word' id='word_1_549' title='bbox 1865 4583 2158 4649; x_wconf 77' lang='grc' dir='ltr'>Κρονίων»</span> <span class='ocrx_word' id='word_1_550' title='bbox 2195 4586 2281 4650; x_wconf 85' lang='lat'>(11.</span> <span class='ocrx_word' id='word_1_551' title='bbox 2305 4585 2356 4637; x_wconf 95' lang='grc' dir='ltr'>Δ</span> <span class='ocrx_word' id='word_1_552' title='bbox 2391 4586 2533 4663; x_wconf 52' lang='grc' dir='ltr'>2ἑ9&gt;,</span> <span class='ocrx_word' id='word_1_553' title='bbox 2570 4584 2640 4637; x_wconf 90' lang='grc' dir='ltr'>τὸ</span> <span class='ocrx_word' id='word_1_554' title='bbox 2676 4588 2712 4638; x_wconf 85' lang='grc' dir='ltr'><strong>ῦ</strong></span> <span class='ocrx_word' id='word_1_555' title='bbox 2747 4587 2995 4652; x_wconf 88' lang='grc' dir='ltr'>καθαρὸν</span> <span class='ocrx_word' id='word_1_556' title='bbox 3029 4614 3097 4625; x_wconf 88' lang='grc'>-</span> 
     </span>
    </p>
   </div>
   <div class='ocr_carea' id='block_1_7' title="bbox 523 4656 3096 4879">
    <p class='ocr_par' dir='ltr' id='par_1_12' title="bbox 523 4656 3096 4879">
     <span class='ocr_line' id='line_1_48' title="bbox 523 4656 3096 4737; baseline 0.003 -23"><span class='ocrx_word' id='word_1_557' title='bbox 523 4665 556 4714; x_wconf 85' lang='grc' dir='ltr'><strong>ῦ</strong></span> <span class='ocrx_word' id='word_1_558' title='bbox 593 4660 821 4733; x_wconf 81' lang='grc' dir='ltr'>εὕρηται</span> <span class='ocrx_word' id='word_1_559' title='bbox 868 4684 934 4718; x_wconf 75' lang='lat' dir='ltr'>ex</span> <span class='ocrx_word' id='word_1_560' title='bbox 970 4668 1172 4718; x_wconf 84' lang='lat' dir='ltr'>Herod.</span> <span class='ocrx_word' id='word_1_561' title='bbox 1217 4685 1307 4734; x_wconf 84' lang='lat' dir='ltr'>ap.</span> <span class='ocrx_word' id='word_1_562' title='bbox 1344 4669 1596 4734; x_wconf 83' lang='lat' dir='ltr'><strong>Theogn.</strong></span> <span class='ocrx_word' id='word_1_563' title='bbox 1641 4685 1691 4734; x_wconf 86' lang='lat' dir='ltr'>p.</span> <span class='ocrx_word' id='word_1_564' title='bbox 1727 4671 1810 4719; x_wconf 84' lang='lat'>26.</span> <span class='ocrx_word' id='word_1_565' title='bbox 1857 4695 1923 4705; x_wconf 90' lang='lat'><em>-</em></span> <span class='ocrx_word' id='word_1_566' title='bbox 1969 4668 2081 4733; x_wconf 88' lang='grc' dir='ltr'>πρὸ</span> <span class='ocrx_word' id='word_1_567' title='bbox 2124 4673 2228 4720; x_wconf 82' lang='grc' dir='ltr'>τοῦ</span> <span class='ocrx_word' id='word_1_568' title='bbox 2271 4656 2312 4725; x_wconf 72' lang='grc' dir='ltr'>ἶ</span> <span class='ocrx_word' id='word_1_569' title='bbox 2344 4670 2380 4734; x_wconf 84' lang='grc' dir='ltr'>ἢ</span> <span class='ocrx_word' id='word_1_570' title='bbox 2424 4672 2451 4724; x_wconf 87' lang='grc' dir='ltr'>ξ</span> <span class='ocrx_word' id='word_1_571' title='bbox 2488 4687 2660 4737; x_wconf 81' lang='lat' dir='ltr'><strong>usque</strong></span> <span class='ocrx_word' id='word_1_572' title='bbox 2705 4672 2776 4723; x_wconf 77' lang='lat' dir='ltr'>ad</span> <span class='ocrx_word' id='word_1_573' title='bbox 2818 4671 2980 4723; x_wconf 80' lang='lat' dir='ltr'><strong>finem</strong></span> <span class='ocrx_word' id='word_1_574' title='bbox 3027 4687 3096 4723; x_wconf 82' lang='lat' dir='ltr'>ex</span> 
     </span>
     <span class='ocr_line' id='line_1_49' title="bbox 523 4733 3091 4802; baseline 0.005 -22"><span class='ocrx_word' id='word_1_575' title='bbox 523 4733 765 4799; x_wconf 80' lang='lat' dir='ltr'><strong>Theogn.</strong></span> <span class='ocrx_word' id='word_1_576' title='bbox 807 4738 885 4798; x_wconf 87' lang='grc'>19,</span> <span class='ocrx_word' id='word_1_577' title='bbox 924 4740 1007 4798; x_wconf 90' lang='grc'>30,</span> <span class='ocrx_word' id='word_1_578' title='bbox 1044 4737 1165 4786; x_wconf 82' lang='lat' dir='ltr'><strong>ubi:</strong></span> <span class='ocrx_word' id='word_1_579' title='bbox 1203 4735 1391 4787; x_wconf 80' lang='grc' dir='ltr'>οὕτως</span> <span class='ocrx_word' id='word_1_580' title='bbox 1427 4735 1768 4799; x_wconf 85' lang='grc' dir='ltr'>Ἡρωδιανὸς</span> <span class='ocrx_word' id='word_1_581' title='bbox 1806 4734 1870 4786; x_wconf 84' lang='grc' dir='ltr'>ἑν</span> <span class='ocrx_word' id='word_1_582' title='bbox 1904 4740 1989 4802; x_wconf 83' lang='grc' dir='ltr'>τῷ</span> <span class='ocrx_word' id='word_1_583' title='bbox 2027 4737 2157 4800; x_wconf 80' lang='grc' dir='ltr'>περὶ</span> <span class='ocrx_word' id='word_1_584' title='bbox 2192 4736 2550 4801; x_wconf 86' lang='grc' dir='ltr'>πνευμάτων.</span> <span class='ocrx_word' id='word_1_585' title='bbox 2622 4740 2693 4789; x_wconf 80' lang='lat' dir='ltr'>ef.</span> <span class='ocrx_word' id='word_1_586' title='bbox 2728 4743 2877 4791; x_wconf 87' lang='lat' dir='ltr'><strong>Mon.</strong></span> <span class='ocrx_word' id='word_1_587' title='bbox 2914 4743 3004 4798; x_wconf 90' lang='grc'>22,</span> <span class='ocrx_word' id='word_1_588' title='bbox 3042 4744 3091 4794; x_wconf 87' lang='grc'>3.</span> 
     </span>
     <span class='ocr_line' id='line_1_50' title="bbox 657 4801 3095 4879; baseline 0.004 -30"><span class='ocrx_word' id='word_1_589' title='bbox 657 4801 692 4850; x_wconf 92' lang='lat' dir='ltr'>l.</span> <span class='ocrx_word' id='word_1_590' title='bbox 728 4806 793 4851; x_wconf 73' lang='grc'>24</span> <span class='ocrx_word' id='word_1_591' title='bbox 836 4804 1035 4854; x_wconf 78' lang='lat' dir='ltr'><strong>Arcad.</strong></span> <span class='ocrx_word' id='word_1_592' title='bbox 1077 4807 1197 4867; x_wconf 84' lang='lat'>199,</span> <span class='ocrx_word' id='word_1_593' title='bbox 1235 4806 1327 4868; x_wconf 78' lang='grc'>24,</span> <span class='ocrx_word' id='word_1_594' title='bbox 1373 4802 1554 4856; x_wconf 84' lang='grc' dir='ltr'>αὑτόν</span> <span class='ocrx_word' id='word_1_595' title='bbox 1602 4811 1661 4856; x_wconf 82' lang='lat' dir='ltr'>et</span> <span class='ocrx_word' id='word_1_596' title='bbox 1696 4802 1903 4855; x_wconf 85' lang='grc' dir='ltr'>ἑαυτὸν</span> <span class='ocrx_word' id='word_1_597' title='bbox 1946 4807 2147 4871; x_wconf 78' lang='lat' dir='ltr'><strong>scripsi</strong></span> <span class='ocrx_word' id='word_1_598' title='bbox 2192 4822 2260 4857; x_wconf 80' lang='lat' dir='ltr'>ex</span> <span class='ocrx_word' id='word_1_599' title='bbox 2307 4808 2468 4859; x_wconf 77' lang='lat' dir='ltr'><strong>lexic.</strong></span> <span class='ocrx_word' id='word_1_600' title='bbox 2514 4807 2584 4858; x_wconf 73' lang='lat' dir='ltr'>de</span> <span class='ocrx_word' id='word_1_601' title='bbox 2628 4809 2805 4872; x_wconf 79' lang='lat' dir='ltr'><strong>spirit.</strong></span> <span class='ocrx_word' id='word_1_602' title='bbox 2853 4810 2957 4879; x_wconf 76' lang='grc'>240</span> <span class='ocrx_word' id='word_1_603' title='bbox 2997 4824 3095 4873; x_wconf 85' lang='lat' dir='ltr'>pro</span> 
     </span>
    </p>
   </div>
   <div class='ocr_carea' id='block_1_8' title="bbox 596 4889 2692 4956">
    <p class='ocr_par' dir='ltr' id='par_1_13' title="bbox 596 4889 2692 4956">
     <span class='ocr_line' id='line_1_51' title="bbox 596 4889 2692 4956; baseline 0.002 -8"><span class='ocrx_word' id='word_1_604' title='bbox 596 4914 970 4954; x_wconf 71' lang='lat' dir='ltr'><strong>nsuoomuvs.</strong></span> <span class='ocrx_word' id='word_1_605' title='bbox 1008 4907 1054 4956; x_wconf 89' lang='lat'>1.</span> <span class='ocrx_word' id='word_1_606' title='bbox 2608 4889 2692 4953; x_wconf 76' lang='lat'>35</span> 
     </span>
    </p>
   </div>
  </div>
 </body>
</html>
