3664 5546
634 371 807 418 LVIII
1708 371 2125 420 PRAEFATIO.

634 534 967 612 spectare,
1012 547 1179 612 quae
1225 536 1594 613 separatam
1641 551 1681 592 a
1736 525 2013 611 singulis
2059 527 2397 593 vocabulis
2455 532 2911 594 tractationem
2957 528 3206 612 efflagi-

630 630 834 696 tabat.
892 653 976 678 ¹——
1031 630 1181 697 Non
1248 633 1449 717 igitur
1513 633 1948 699 dubitandum
2015 644 2145 717 est,
2213 635 2367 722 quin
2437 644 2741 701 accentus
2806 636 2873 698 in
2941 636 3205 720 syntaxi

630 731 1095 799 vocabulorum
1164 733 1249 798 ad
1303 734 1705 800 Catholicam
1772 736 1869 801 ita
1927 738 2287 823 pertineat,
2346 748 2421 803 ut
2478 739 2618 802 sine
2683 736 2798 802 illa
2852 747 3205 822 syntaxeos

630 835 926 900 doctrina
992 836 1315 902 Prosodia
1379 837 1715 903 Catholica
1786 862 2018 904 manca
2083 840 2302 904 futura
2367 863 2572 926 neque
2638 840 3036 926 praestitura
3099 839 3205 920 sit,

630 938 803 1024 quod
870 960 1104 1003 nomen
1161 937 1535 1024 pollicetur,
1595 941 1971 1007 universam
2040 941 2494 1027 prosodiamm
2561 940 2941 1006 doctrinam.
3031 942 3204 1006 Ana-

630 1039 897 1127 strophe
933 1041 1200 1127 quidem
1235 1064 1381 1106 cum
1417 1042 2007 1129 praepositionibus
2033 1045 2338 1126 coniungi
2374 1045 2608 1130 potuit,
2643 1045 2812 1107 sieut
2838 1044 2906 1106 in
2938 1043 3203 1108 Ioannis

632 1141 1067 1207 Alexandrini
1114 1144 1394 1229 epitome
1434 1146 1807 1209 consociata
1866 1156 1965 1210 est
2011 1155 2075 1210 et
2131 1168 2328 1232 quum
2372 1147 2652 1210 Ioannes
2698 1155 2972 1231 excepto
3017 1145 3204 1210 initio

631 1254 935 1309 accurate
991 1245 1290 1310 ordinem
1336 1245 1715 1312 Catholicae
1771 1249 2168 1330 servaverit,
2215 1248 2353 1312 iure
2412 1247 2732 1334 suspicari
2775 1246 2935 1311 mihi
2977 1247 3206 1312 videor

633 1345 799 1409 hanc
844 1348 1178 1412 materiam
1239 1349 1307 1411 in
1352 1348 1722 1414 Catholicae
1780 1348 1947 1415 libro
1994 1349 2268 1430 XVIII,
2327 1350 2430 1414 eui
2476 1351 2618 1436 ipse
2664 1372 2807 1413 eam
2854 1348 3203 1431 destinavi,

633 1457 978 1513 tractatam
1036 1459 1100 1514 et
1166 1452 1236 1515 in
1290 1450 1457 1516 libro
1514 1451 1892 1517 Catholicae
1959 1452 2306 1518 subiuncto
2372 1454 2558 1516 novis
2634 1452 3204 1517 observationibus

633 1560 928 1615 ornatam
959 1553 1289 1639 variisque
1322 1553 1783 1618 additamentis
1821 1563 2081 1626 auctam
2115 1555 2320 1619 fuisse
2349 1555 2673 1636 iteratam,
2707 1576 2874 1640 quae
2906 1554 3203 1639 repetitio

630 1675 840 1738 neque
882 1654 965 1718 ab
997 1653 1374 1721 Herodiano
1406 1654 1621 1720 aliena
1649 1665 1750 1721 est
1780 1667 1843 1721 et
1872 1658 1939 1721 in
1970 1668 2104 1722 tam
2135 1656 2350 1744 amplo
2381 1679 2577 1742 opere
2607 1658 2724 1721 vix
2753 1654 3028 1754 molesta
3054 1655 3201 1720 fuit.

799 1755 1069 1820 Praeter
1091 1757 1535 1844 anastrophen
1562 1757 1730 1822 liber
1747 1759 2126 1825 Catholicae
2148 1759 2530 1824 subiunctus
2564 1758 2940 1823 continebat
2969 1757 3201 1823 doetri-

628 1879 780 1920 nam
826 1857 909 1922 de
953 1858 1177 1922 enelisi
1220 1882 1385 1945 quae
1430 1860 1559 1924 nisi
1602 1861 1667 1924 in
1714 1862 1981 1948 syntaxi
2024 1885 2156 1926 non
2212 1862 2511 1925 occurrit.
2599 1859 2812 1925 Huius
2872 1860 3205 1925 doctrinae

632 1958 807 2044 apud
867 1958 1224 2023 Arcadium
1281 1960 1449 2026 duae
1506 1973 1771 2028 exstant
1839 1964 2192 2049 epitomae,
2260 1985 2427 2050 quae
2493 1986 2576 2026 ex
2642 1962 2770 2026 fine
2827 1960 3203 2026 Catholicae

629 2062 850 2125 nescio
894 2084 1022 2148 quo
1067 2084 1222 2126 casu
1265 2062 1332 2126 in
1377 2063 1661 2130 alienum
1706 2066 1918 2130 locum
1963 2067 2031 2129 in
2084 2065 2324 2131 librum
2369 2065 2501 2129 XV
2561 2064 2781 2129 illatae
2837 2072 3008 2127 sunt.
3097 2063 3205 2127 Ex

632 2162 1007 2228 Herodiano
1054 2165 1207 2250 quin
1267 2177 1612 2254 excerptae
1658 2169 1820 2248 sint,
1881 2167 2164 2232 dubitari
2223 2190 2351 2230 non
2395 2176 2644 2254 potest,
2699 2190 2849 2231 nam
2896 2166 2979 2230 ab
3027 2166 3200 2231 omni

630 2275 816 2351 parte
859 2277 1211 2354 praecepta
1254 2280 1623 2353 congruunt
1678 2293 1824 2334 eum
1881 2271 1962 2333 iis
2022 2292 2188 2355 quae
2236 2269 2498 2333 aliunde
2554 2269 2638 2334 ab
2683 2268 3063 2334 Herodiano
3119 2267 3202 2330 de

631 2366 753 2430 hac
808 2370 1078 2433 materie
1133 2369 1380 2434 tradita
1435 2371 1749 2437 habemus
1769 2420 1787 2453 ,
1846 2395 1928 2435 ex
1974 2369 2349 2436 Catholicae
2403 2370 2571 2436 libro
2631 2371 2979 2435 subiuncto
3039 2369 3200 2433 deri-

632 2478 822 2534 vatas
868 2493 1010 2534 esse
1052 2473 1367 2557 probatur
1413 2497 1523 2553 00,
1570 2474 1743 2560 quod
1779 2472 2111 2560 exempla,
2160 2496 2322 2559 quae
2365 2474 2433 2536 in
2471 2482 2852 2557 argumento
2897 2471 3051 2536 libri
3096 2493 3200 2557 ap.

633 2572 990 2637 Arcadium
1034 2584 1101 2639 et
1144 2597 1248 2661 ap.
1296 2575 1603 2639 Ioannem
1651 2574 1841 2640 Alex.
1889 2577 1950 2658 3,
1996 2576 2079 2640 26
2123 2576 2515 2656 afferuntur,
2561 2575 2630 2639 in
2674 2573 2879 2639 altera
2922 2575 3202 2660 epitome

632 2698 695 2761 p.
746 2675 887 2757 140,
934 2675 1003 2759 63
1057 2679 1136 2741 10
1178 2687 1243 2741 01
1290 2679 1406 2775 113,
1450 2678 1526 2741 16
1569 2689 1931 2746 recurrunt.
1987 2716 2055 2725 —
2104 2681 2320 2760 Πάθη,
2366 2700 2533 2765 quae
2575 2677 2707 2740 iam
2755 2699 2953 2762 supra
2993 2675 3198 2740 Hero-

632 2777 898 2842 dianum
941 2802 1022 2845 ne
1068 2802 1440 2845 numerasse
1484 2781 1744 2865 quidem
1790 2782 1961 2845 inter
2003 2781 2347 2866 prosodias
2403 2792 2636 2865 neque·
2670 2779 2753 2844 ad
2798 2778 3200 2843 Catholicam

630 2883 956 2966 pertinere
1011 2882 1485 2960 demonstravi,
1557 2906 1596 2946 a
1651 2885 1920 2968 syntaxi
1976 2884 2472 2965 vocabulorum,
2532 2906 2727 2968 quam
2787 2880 3200 2945 Herodianus

627 2982 981 3068 intellegit,
1036 2998 1304 3070 prorsus
1362 2984 1731 3049 abhorrent.
1828 2986 1921 3048 At
1975 2984 2331 3065 Arcadius,
2388 2995 2617 3049 eontra
2670 2984 2840 3049 dicat
2895 2983 3075 3070 quiS,
3132 2982 3202 3044 in

630 3096 1010 3169 argumento
1056 3087 1260 3149 refert
1303 3084 1617 3150 traditum
1662 3108 1803 3149 esse
1846 3085 1914 3148 in
1958 3084 2069 3150 illo
2114 3085 2281 3150 libro
2325 3090 2467 3167 περὶ
2498 3091 2830 3164 διαετολῆ(
2874 3088 2973 3151 καὶ
3018 3106 3200 3150 ςυνα-

633 3191 917 3271 λοιφῶν,
996 3185 1316 3252 vocabulo
1392 3198 1607 3251 autem
1683 3185 1959 3251 diastole
2022 3188 2428 3271 significatur
2506 3188 2851 3252 disiunctio
2925 3188 3200 3252 duarum

630 3288 969 3351 literarum
1038 3298 1153 3352 aut
1200 3286 1581 3353 vocularum
1634 3291 1829 3372 (ἔετιν
1888 3288 2059 3357 ἄξιος
2111 3327 2198 3337 -
2252 3292 2377 3355 ἔστι
2433 3293 2660 3359 Νάξιος
2716 3294 2898 3370 δουρὶ
2954 3289 3202 3371 κλυτός,

630 3410 759 3453 11011
805 3390 1274 3473 δουρίκλυτοε),
1321 3395 1731 3473 ευναλοιφῶν
1774 3415 1930 3455 vero
1984 3392 2243 3455 nomine
2299 3402 2363 3456 et
2417 3398 2624 3472 κρᾶειε
2679 3400 2744 3455 01
2800 3395 2981 3474 ὑφέν.
3071 3391 3202 3455 Sed

635 3489 828 3555 facile
883 3492 1277 3577 perspicitur
1332 3492 1470 3555 eius
1526 3494 1782 3577 generis
1845 3493 2143 3579 exempla
2200 3496 2366 3560 ἔστιν
2423 3496 2595 3561 ἄξιος
2650 3496 2774 3559 ἕετι
2834 3496 3060 3561 Νάξιος
3117 3492 3198 3555 ad

634 3592 964 3675 singulum
1007 3593 1331 3679 quendam
1388 3592 1603 3659 locum
1659 3596 2220 3682 interpretandum
2274 3596 2598 3681 pertinere
2653 3604 2718 3658 01
2778 3595 2900 3658 nisi
2965 3594 3198 3673 obiter,

631 3696 701 3758 in
744 3693 1097 3759 universali
1143 3695 1463 3761 Prosodia
1505 3696 1716 3760 locum
1760 3720 1890 3761 non
1933 3697 2173 3761 habere
2188 3747 2206 3779 ,
2253 3698 2321 3760 in
2354 3696 2622 3784 speciali
2654 3697 2989 3783 scriptoris
3021 3719 3198 3782 pros-

635 3795 818 3877 odia,
866 3796 1042 3882 apud
1098 3820 1286 3883 quem
1334 3798 1727 3884 ambiguitas
1777 3800 2057 3864 existere
2101 3800 2344 3885 potuit,
2393 3809 2542 3884 apte
2583 3798 2898 3863 collocata
2941 3797 3198 3860 fuisset.

633 3898 780 3962 Non
833 3897 1020 3963 aliter
1073 3899 1497 3964 iudicandum
1555 3912 1656 3964 est
1711 3902 1792 3966 de
1860 3906 2043 3981 δουρὶ
2097 3904 2350 3985 κλυτός,
2411 3902 2493 3965 (10
2549 3924 2674 3986 (1110
2728 3901 2795 3963 111
2853 3897 3202 3961 Homerica

630 4001 945 4066 Prosodia
990 4001 1351 4066 disserendi
1396 4000 1574 4067 locus
1621 4004 1750 4068 fuit
1763 4052 1780 4085 ,
1826 4004 1896 4067 in
1932 4002 2269 4067 Catholiea
2311 4025 2438 4066 non
2482 4003 2549 4065 in
2594 4012 2809 4088 parte,
2857 4023 3022 4086 quae
3066 4001 3203 4085 agit

631 4103 712 4168 de
757 4114 1027 4168 accentu
1072 4105 1139 4167 in
1185 4105 1482 4189 syntaxi,
1532 4106 1647 4169 sed
1691 4105 1804 4170 ubi
1852 4105 1933 4169 de
1963 4106 2460 4190 compositorum
2493 4115 2765 4168 accentu
2796 4126 3008 4167 sermo
3039 4101 3199 4184 fuit3

630 4228 830 4291 quare
853 4227 1019 4291 quae
1044 4228 1148 4291 ap.
1177 4205 1633 4290 epitomatores
1658 4207 1741 4271 de
1771 4208 2143 4292 compositis
2177 4231 2215 4270 a
2234 4209 2460 4273 κλυτός
2486 4207 2834 4271 traduntur
2857 4204 3202 4268 coniuncta

627 4330 773 4372 cum
814 4307 924 4388 iis,
970 4328 1136 4392 quae
1180 4306 1248 4370 111
1291 4306 1681 4373 Homericae
1710 4308 2064 4373 Prosodiae
2108 4307 2547 4393 compluribus
2592 4307 2751 4371 locis
2798 4306 3198 4392 praecipiun—

572 4452 583 4457 -
628 4418 767 4489 tur,
811 4406 1006 4473 retuli
1052 4408 1137 4472 ad
1179 4406 1295 4471 lib.
1327 4409 1430 4473 IX
1474 4421 1540 4475 et
1581 4419 1656 4474 ut
1697 4408 1823 4474 alio
1870 4412 2064 4474 etiam
2096 4410 2393 4495 exemplo
2437 4419 2617 4491 utar,
2664 4409 3200 4495 disceptationem

629 4510 710 4575 de
756 4512 916 4589 ὑπὲρ
963 4512 1165 4591 μόρον
1210 4524 1277 4573 et
1321 4513 1687 4592 ὑπέρμορον
1734 4511 1819 4575 ad
1866 4510 1980 4577 lib.
2029 4510 2220 4575 XIX.
2311 4511 2504 4592 Quod
2563 4510 2643 4575 de
2691 4509 2965 4595 dialysi,
3023 4507 3237 4604 ideme

631 4614 828 4677 etiam
873 4612 955 4677 de
1000 4610 1291 4697 synthesi
1341 4613 1567 4698 (ὑφὲν)
1615 4612 1810 4678 valet.
1898 4614 2117 4699 Atque
2161 4612 2327 4676 hanc
2370 4616 2734 4699 passionem
2782 4636 2821 4674 a
2865 4610 3204 4675 Catholica

632 4711 959 4777 exclusam
1015 4713 1222 4778 fuisse
1276 4715 1516 4779 certius
1572 4715 1765 4779 etiam
1832 4715 2145 4778 affirmari
2201 4724 2434 4800 potest.
2534 4714 2699 4778 Nam
2769 4704 3206 4799 synaloephcs

630 4815 920 4896 nomine,
968 4815 1142 4902 quod
1170 4815 1496 4881 Arcadius
1543 4827 1846 4903 usurpat,
1881 4815 2291 4881 Herodianus
2337 4837 2664 4903 nunquam
2708 4814 2828 4879 hoc
2869 4812 3198 4878 intellectu
