3664 5546
1214 369 1373 424 ΠΕΡΙ
1414 323 1806 425 nemum-lc
1842 370 2264 426 ΠΡΟΕΩιΔΙΑΕ
2305 372 2374 424 ΙΓ.
2970 372 3096 436 393

511 542 703 605 ταῖος.
791 541 895 605 καὶ
948 540 1327 621 οὐδέτερον,
1384 540 1583 606 ὁπότε
1636 542 2016 619 ςημαντικὸν
2071 545 2187 605 τοῦ
2241 540 2489 619 ἱματίου
2543 544 2581 620 ἢ
2639 543 2741 605 καὶ
2783 546 2901 607 τοῦ
2945 542 3096 619 ἀρό-

512 663 700 724 τρου,
760 643 851 706 ὡς
906 643 1009 706 καὶ
1062 642 1213 720 παρ’
1258 642 1577 723 Ἀλκμᾶνι·
1635 642 1802 706 ἀλλὰ
1859 643 1960 706 καὶ
2017 641 2192 721 παρὰ
2246 642 2598 727 Ἀντιμάχῳ
2655 643 2797 707 «ἀεὶ
2852 645 3097 725 φάρεος

513 744 846 822 χατέουςιν
889 743 1202 808 ἑκόντες».
1290 742 1499 809 οὕτως
1555 745 1625 809 ἐν
1668 748 1807 809 τοῖς
1853 742 2273 824 ἀντιγράφοις
2316 744 2587 823 εὕρηται.
2640 781 2726 792 -
2779 745 3096 811 κάλλος·

514 845 614 910 καὶ
656 846 849 911 τοῦτό
895 844 1020 910 ἐςτι
1076 848 1365 923 μονῆρες.
1453 845 1533 909 τὰ
1585 846 1708 924 γὰρ
1768 845 1856 910 εἰς
1903 847 1987 908 ’ὅς’
2042 845 2324 922 λήγοντα
2377 846 2720 926 διςύλλαβα
2747 840 2751 844 Δ
2777 848 3098 927 βαρύτονα

514 948 750 1038 ἔχοντα
791 947 999 1011 διςςὸν
1042 948 1118 1011 τό
1147 933 1185 1010 λ
1230 946 1311 1011 ού
1342 948 1512 1012 θέλει
1556 946 1721 1011 εἶναι
1752 946 2077 1024 οὐδέτερα.
2135 947 2393 1012 Ὕλλος.
2453 947 2697 1012 Κύλλος
2741 950 2817 1013 τὸ
2853 950 3093 1028 κύριον.
3135 958 3169 1007 5

515 1049 823 1129 (κύλλος,
859 1047 1144 1129 Ψύλλος,
1193 1049 1465 1131 Τέλλος,
1512 1047 1762 1113 Φέλλος
1791 1048 1868 1112 τό
1903 1049 2157 1130 κύριον,
2190 1049 2461 1131 Βίλλος,
2508 1050 2748 1132 ςίλλος,
2796 1051 3096 1133 Γρύλλος,

518 1150 793 1230 Κόλλος,
850 1149 1122 1232 Γάλλος,
1176 1134 1387 1232 ἴλλος,
1445 1151 1679 1215 Γίλλος.
1767 1150 1895 1214 ἔςτι
1936 1151 2022 1227 ,δὲ
2077 1150 2179 1215 καὶ
2221 1150 2387 1214 ἄλλα
2436 1152 2652 1216 πολλὰ
2685 1136 2948 1218 ’τούτοις
2993 1153 3096 1231 ἐμ-

515 1255 713 1333 φερῆ,
758 1250 922 1328 ἅπερ
968 1255 1360 1329 παραιτεῖται
1403 1254 1478 1316 τὸ
1525 1248 1873 1329 οὐδέτερον
1918 1251 2124 1326 γένος.
2193 1255 2393 1330 δῆλον
2440 1253 2558 1318 οὖν
2606 1253 2697 1317 ὡς
2741 1254 2815 1317 τὸ
2860 1254 3097 1319 κάλλος

514 1351 915 1429 πεπλάνηται
958 1352 997 1429 ἢ
1043 1354 1188 1430 περὶ
1230 1354 1550 1432 ποςότητα
1592 1357 1709 1417 τοῦ
1761 1339 1796 1417 λ
1843 1354 1881 1430 ἢ
1949 1354 2095 1431 περὶ
2146 1354 2222 1418 τὸ
2275 1353 2502 1447 γένος.ι
2571 1354 2688 1419 ὅςα
2741 1354 2866 1432 γὰρ
2911 1355 3096 1420 οὐδέ-

513 1454 666 1532 τερά
710 1454 874 1519 ἐςτιν
919 1452 1008 1519 εἰς
1052 1456 1135 1518 οἳ
1182 1456 1492 1537 λήγοντα,
1548 1459 1745 1519 ταῦτα
1802 1458 2198 1534 παραιτεῖται
2253 1456 2422 1534 ἔχειν
2480 1455 2703 1534 ἕτερον
2749 1443 2818 1538 λ,
2877 1457 2966 1521 ὡς
3021 1458 3095 1522 τὸ
3140 1462 3201 1514 ¹0

516 1556 697 1621 ἕλος
736 1590 824 1602 -
868 1555 994 1620 ἔςτι
1036 1557 1141 1620 καὶ
1167 1556 1354 1621 πόλις
1382 1557 1711 1635 Λακωνικὴ
1742 1556 1844 1620 καὶ
1875 1557 2182 1635 Μεςςηνίς
2228 1558 2371 1621 «καὶ
2398 1558 2688 1623 Πτελεὸν
2733 1557 2834 1622 καὶ
2876 1558 3097 1623 Ἕλος

518 1656 618 1721 καὶ
658 1657 969 1736 Δώριον»
1016 1660 1092 1740 (Β
1135 1656 1290 1738 594)
1334 1658 1510 1737 παρὰ
1551 1660 1628 1722 τό
1673 1658 1743 1722 ἐν
1788 1658 1918 1722 ἕλει
1959 1657 2152 1723 εἶναι·
2210 1660 2337 1725 ἔςτι
2380 1661 2484 1723 καὶ
2525 1659 2715 1723 Ἕλος
2757 1659 3096 1741 Αἰγύπτου.

518 1758 644 1823 ἔςτι
709 1760 780 1823 δὲ
845 1761 947 1823 καὶ
1009 1760 1210 1825 τόπος
1262 1760 1490 1839 μεταξὺ
1543 1764 1658 1824 τοῦ
1707 1760 2060 1838 Πειραιέως
2123 1762 2226 1825 καὶ
2282 1765 2400 1826 τοῦ
2451 1762 2858 1840 τετρακώμου
2909 1760 3096 1849 ΪΗρα-

517 1860 765 1940 κλείου,
823 1860 892 1924 ἐν
949 1862 1003 1944 ᾧ
1056 1862 1211 1926 τοὺς
1265 1861 1610 1940 γυμνικοὺς
1664 1858 1920 1937 ἀγῶνας
1973 1862 2252 1928 ἐτίθεςαν
2305 1866 2444 1928 τοῖς
2502 1863 2960 1942 παναθηναίοις
3011 1898 3097 1910 --

518 1962 761 2026 θάλος
822 1962 1058 2041 «φίλου
1110 1963 1346 2027 θάλος»
1390 1964 1483 2045 “(Χ
1526 1960 1654 2043 87).
1704 1998 1791 2009 -
1850 1965 2153 2047 ςκέλος,
2214 1964 2474 2046 βέλος,
2532 1965 2795 2045 τέλος,
2856 1966 3098 2044 μέλος
3135 1979 3198 2031 15

518 2064 891 2144 διςύλλαβα·
935 2065 1016 2128 τὰ
1060 2066 1130 2129 δὲ
1176 2065 1282 2128 διὰ
1324 2068 1442 2128 τοῦ
1483 2049 1636 2130 ε-λοῖ
1680 2064 1842 2143 ὑπὲρ
1888 2065 2007 2130 δύο
2056 2067 2369 2147 ςυλλαβὰς
2422 2064 2582 2131 ὄντα
2626 2065 2937 2144 οὐδέτερα
2980 2068 3099 2131 οὐκ

515 2164 665 2230 εἰςὶν
711 2164 856 2230 οἷον
901 2167 1216 2248 Ζάφελος,
1262 2166 1604 2248 ςκόπελος,
1658 2167 1986 2246 πέμπελος
2029 2170 2198 2245 πλὴν
2252 2171 2369 2231 τοῦ
2415 2166 2749 2250 ὄφελος,
2807 2167 2968 2246 ὅπερ
3014 2168 3098 2232 εἰ-

515 2267 719 2332 κότως
766 2268 854 2332 ὡς
900 2269 980 2347 μὴ
1027 2268 1181 2346 ἔχον
1226 2288 1283 2330 τι
1328 2268 1724 2350 μιμήςαςθαι,
1770 2266 2031 2333 ἄκλιτον
2076 2270 2340 2349 ἔμεινεν.
2407 2269 2611 2348 ὕψος
2656 2269 2858 2347 μόνον
2890 2268 3100 2353 ὄνομα

516 2366 878 2448 ἀρχόμενον
923 2368 1054 2433 ἀπὸ
1098 2373 1216 2432 τοῦ
1269 2371 1308 2432 ι’)
1363 2369 1520 2447 ἔχον
1576 2368 2049 2449 ἐπιφερόμενον
2107 2373 2396 2435 διπλοῦν.
2484 2369 2690 2435 αἴτιον
2742 2372 2814 2434 δὲ
2856 2372 2931 2435 τὸ
2977 2371 3098 2435 πά-

516 2474 645 2533 θος.
732 2470 964 2546 γέγονε
1007 2471 1131 2547 γὰρ
1176 2469 1351 2548 παρὰ
1393 2470 1470 2534 τὸ
1514 2470 1695 2535 ὄπτω
1750 2472 1826 2536 τὸ
1874 2472 2089 2551 βλέπω
2133 2472 2283 2550 ὄψω
2327 2472 2501 2550 ὄψος
2556 2472 2658 2535 καὶ
2701 2478 2910 2553 τροπῇ
2953 2470 3096 2536 Αἰο-
3133 2488 3201 2540 20

521 2572 656 2653 λικῇ
703 2570 891 2649 ὕψος.
976 2571 1225 2635 Αἰολεῖς
1271 2571 1327 2634 δ’
1370 2570 1525 2649 ἴψος
1573 2572 1865 2647 λέγουςιν
1910 2573 2069 2636 αὐτὸ
2115 2572 2531 2650 οἰκειότερον·
2584 2573 2708 2637 ἔςτι
2753 2574 2877 2651 γὰρ
2922 2573 3099 2653 εὑρέ-

519 2676 654 2735 ςθαι
698 2673 774 2736 τὸ
818 2674 853 2733 ἰ
885 2670 1033 2748 ’πρὸ
1088 2675 1204 2734 τοῦ
1261 2675 1522 2755 διπλοῦ,
1575 2673 1723 2756 ἵζω,
1780 2674 1940 2756 ἰξός,
2000 2675 2202 2753 «μέγα
2258 2675 2315 2738 δ’
2357 2673 2522 2753 ἴψαο
2579 2675 2741 2741 λαὸν
2786 2674 3097 2753 Ἀχαιῶν»

517 2772 594 2854 (Α
622 2770 794 2853 454).
861 2773 1162 2837 ὡςαύτως
1204 2772 1335 2858 ἀπὸ
1366 2776 1735 2854 μελλόντων
1780 2777 1856 2840 τὸ
1902 2775 2106 2855 ἅψος
2154 2777 2387 2841 «λύθεν
2433 2777 2505 2841 δέ
2550 2776 2611 2841 οἱ
2642 2777 2816 2857 ἅψεα
2844 2778 3096 2842 πάντα»

518 2877 583 2955 (δ
615 2872 766 2955 794)
810 2876 911 2938 καὶ
959 2873 1223 2940 «πίςεα
1264 2877 1611 2955 ποιήεντα»
1658 2877 1743 2958 (Υ
1774 2876 1859 2959 9).
1907 2881 2211 2942 ςτεῑνος
2256 2878 2332 2941 τὸ
2379 2878 2727 2957 οὐδέτερον
2766 2914 2854 2926 -
2898 2882 3098 2944 «ςτεῑ-
3183 2873 3194 2890 '

516 2997 630 3041 νος
690 2976 851 3040 ὁδοῦ
906 2976 1162 3055 κοίλης»
1219 2976 1307 3059 (Ψ
1349 2975 1531 3057 419)·
1587 2977 1905 3043 ἑπίςταται
1961 2981 2033 3046 δὲ
2087 2978 2125 3044 ὁ
2182 2982 2449 3058 ποιητὴς
2502 2981 2605 3044 καὶ
2658 2982 2775 3059 τὴν
2841 2983 3098 3059 δοτικὴν
3134 2995 3202 3046 25

520 3078 780 3143 «ςτείνει
826 3078 896 3142 ἐν
940 3077 1299 3162 αἰνοτάτῳ»
1333 3076 1438 3161 (11.
1470 3080 1523 3143 Θ
1557 3078 1712 3162 476)
1740 3116 1824 3128 -
1855 3082 1931 3145 τὸ
1963 3081 2033 3143 δὲ
2064 3079 2395 3158 ἀρςενικὸν
2428 3081 2750 3164 ὀξύνεται,
2796 3081 3100 3147 ὡςαύτως

517 3181 617 3243 καὶ
661 3180 805 3258 μάκ
822 3201 955 3258 ρος
997 3180 1148 3257 παρ’
1192 3180 1629 3261 Ἀριςτοφάνει
1677 3181 1768 3245 «ὦ
1803 3182 2121 3246 Πόςειδον
2167 3187 2285 3246 τοῦ
2329 3183 2648 3261 μάκρους»
2694 3182 2851 3265 (Av.
2889 3183 3097 3264 1131).

517 3280 616 3344 κὰὶ
659 3281 895 3359 μακρός
937 3314 1023 3326 --
1075 3282 1176 3344 καὶ
1232 3284 1544 3346 κλεῖτος
1599 3282 1749 3360 παρ’
1803 3284 2096 3362 Ἀλκμᾶνι
2154 3290 2285 3366 «τῷ
2340 3284 2410 3348 ἐν
2457 3284 2776 3368 Θεςςαλίῳ
2831 3285 3096 3349 κλείτει»

519 3382 622 3445 καὶ
664 3382 924 3445 κλειτός.
970 3417 1055 3428 --
1099 3382 1370 3466 οὖδος,
1431 3382 1592 3461 ὅπερ
1637 3383 1769 3449 ἀπὸ
1812 3390 1932 3450 τοῦ
1978 3384 2175 3449 οὖδας
2219 3385 2456 3461 γίνεται
2504 3387 2593 3450 ὡς
2639 3390 2880 3465 γῆρος
2922 3387 3099 3465 παρὰ

518 3484 594 3547 τὸ
638 3486 838 3560 γῆρας
882 3484 984 3546 καὶ
1028 3488 1226 3549 κῶος
1269 3486 1444 3562 παρὰ
1497 3487 1573 3550 τὸ
1616 3489 1800 3569 κῶας
1844 3488 1947 3550 καὶ
1990 3486 2140 3551 ὦος
2194 3487 2370 3565 παρὰ
2412 3489 2488 3552 τὸ
2545 3487 2693 3551 ὦας.
2735 3524 2822 3535 --
2864 3488 3100 3553 κνύος
3134 3501 3201 3552 30

518 3585 558 3663 ἢ
605 3582 822 3664 φθορά
863 3586 1037 3661 παρὰ
1077 3587 1154 3649 τὸ
1186 3587 1357 3651 κνύω
1401 3588 1551 3665 παρ’
1580 3587 1850 3671 Ἡςιόδῳ
1897 3588 1986 3652 ὡς
2027 3589 2203 3667 παρὰ
2244 3590 2320 3652 τὸ
2352 3589 2486 3652 θύω
2531 3590 2717 3654 θύος
2763 3590 2864 3654 καὶ
2908 3589 3098 3669 φλύω

520 3686 773 3766 φλύος
816 3685 990 3763 παρὰ
1033 3686 1383 3772 Ἀρχιλόχῳ
1437 3688 1541 3752 ἐπὶ
1584 3687 1917 3770 φλυαρίας.
2003 3688 2242 3754 Αἶπος
2301 3689 2458 3768 ὄρος
2500 3691 2746 3756 Λυδίας.
2817 3691 3098 3769 Ἄργος

517 3785 940 3866 διαςημοτάτη
995 3789 1179 3853 πόλις
1234 3790 1761 3870 Πελοποννήςου.
1871 3791 2140 3870 δευτέρα
2191 3792 2425 3870 Ἀργος
2486 3793 2561 3856 τὸ
2628 3791 3096 3873 Ἀμφιλοχικὸν.

516 3889 690 3967 τρίτη
746 3888 1083 3953 Θεςςαλίας
1138 3891 1176 3967 ἡ
1232 3895 1348 3956 νῦν
1393 3892 1677 3969 Λάριςςα.
1763 3893 2029 3972 τετάρτη
2089 3892 2356 3958 Κιλικίας
2409 3893 2447 3970 ἡ
2499 3897 2617 3957 νῦν
2663 3894 3099 3972 Ἀργειόπολις

518 3989 767 4067 πέμπτη
824 3988 893 4051 ἐν
942 3989 1190 4075 Νιςύρῳ
1244 3997 1352 4074 μιᾷ
1407 3998 1537 4058 τῶν
1598 3994 1957 4059 Κυκλάδων.
2047 3995 2190 4072 ἕκτη
2247 3996 2404 4058 κατὰ
2459 3995 2789 4072 Τροιζῆνα.
2862 3995 3095 4073 ἑβδόμη
3133 3997 3198 4058 35

517 4090 674 4153 κατὰ
720 4090 1142 4156 Μακεδονίαν.
1217 4091 1417 4172 ὀγδόη
1460 4095 1693 4173 Ἄργος
1739 4095 2060 4174 Ὀρέςτιον
2086 4096 2143 4173 ,ἡ
2191 4095 2259 4160 ἐν
2307 4095 2547 4178 (κυθίᾳ.
2609 4095 2801 4174 ἐνάτη
2852 4095 3094 4173 Καρίας.

648 4329 684 4381 l.
722 4331 755 4380 3
791 4326 995 4380 κάλλος
1032 4329 1212 4406 ajieoi
1249 4348 1317 4382 ex
1351 4333 1497 4384 Mon.
1535 4323 1618 4397 11,
1659 4336 1720 4383 16
1758 4334 1988 4383 resectis
2025 4331 2381 4395 testimoniis,
2421 4347 2562 4397 quae
2598 4333 2708 4382 iam
2744 4331 2962 4408 protuli,
3001 4335 3097 4386 ubi

518 4412 582 4462 de
618 4414 932 4466 nominibus
966 4415 1024 4464 in
1058 4415 1192 4467 λλος
1239 4420 1538 4469 tractatum
1583 4423 1694 4478 est,
1742 4422 1799 4466 et
1844 4416 2031 4466 addito
2066 4414 2229 4468 Ἕλος
2271 4416 2491 4482 proprio
2537 4432 2605 4466 ex
2642 4415 2719 4466 St.
2755 4419 2816 4467 B.
2854 4443 2915 4453 —
2955 4417 2989 4471 l.
3036 4421 3097 4469 15

516 4479 707 4533 ςκέλος
739 4508 808 4518 —-·
843 4482 879 4535 1.
920 4483 983 4532 18
1019 4481 1250 4535 ἄκλιτον
1286 4483 1504 4546 ἔμεινεν
1541 4486 1721 4548 recepi
1756 4501 1823 4534 ex
1861 4484 1960 4548 Ep.
2000 4484 2089 4536 Cr.
2127 4485 2154 4533 I
2188 4486 2306 4546 305,
2342 4487 2434 4546 21,
2473 4484 2668 4537 Choer.
2693 4485 2838 4535 Diet.
2862 4487 2987 4548 391,
3015 4489 3093 4536 10.

517 4574 580 4583 -
616 4548 761 4612 ὕψος
800 4546 860 4613 (l.
901 4550 985 4614 18)
1024 4552 1261 4602 accessit
1297 4568 1364 4602 ex
1400 4555 1548 4603 Mon.
1585 4555 1668 4613 22,
1706 4554 1736 4600 2
1774 4551 2025 4601 adhibito
2074 4550 2383 4616 frag-mento
2419 4551 2730 4602 Herodiani
2763 4551 2892 4616 περὶ
2929 4567 3094 4604 πνευ-

520 4613 713 4675 μάτων
749 4633 837 4682 ap.
877 4617 1121 4684 Thqun.
1162 4621 1253 4680 19,
1292 4621 1378 4669 20.
1416 4645 1478 4654 -
1504 4617 1669 4681 .ἅψος
1704 4644 1771 4653 -
1808 4616 1971 4668 πίςεα
2009 4618 2065 4678 (1.
2104 4620 2170 4668 23
2217 4624 2274 4668 et
2309 4617 2398 4684 24)
2445 4635 2514 4669 ex
2548 4618 2651 4683 Ep.
2686 4619 2773 4673 Cr.
2809 4621 2838 4670 Ι
2874 4621 2964 4677 63,
3002 4624 3094 4684 2ος

520 4686 729 4736 (τεῖνος
774 4701 844 4735 ex
887 4685 950 4736 Il.
998 4687 1087 4736 Pr.
1139 4685 1195 4737 Μ
1233 4688 1326 4749 66,
1373 4686 1420 4737 Ψ
1455 4687 1554 4736 419
1600 4685 1821 4737 collatis
1865 4686 1968 4749 Ep.
2017 4685 2106 4734 Cr.
2140 4686 2166 4735 1
2205 4689 2332 4747 305,
2372 4690 2434 4737 10
2480 4691 2538 4736 et
2581 4689 2707 4748 412,
2748 4691 2803 4749 13
2849 4688 3095 4739 indidem

522 4747 725 4814 μάκρος
762 4757 819 4803 et
855 4753 1091 4804 κλεῑτος.
1233 4754 1267 4808 1.
1305 4756 1371 4804 29
1406 4752 1573 4804 οῦδος
1608 4779 1668 4788 -
1712 4750 1825 4803 ὦος
1864 4767 1931 4801 ex
1967 4752 2173 4802 Herod.
2213 4755 2343 4817 περὶ
2378 4755 2605 4816 παθῶν,
2643 4754 2707 4809 Ε.
2745 4755 2819 4805 Μ.
2855 4757 2970 4815 638,
3009 4760 3094 4807 54.

522 4840 584 4851 -
624 4817 657 4867 1.
692 4822 758 4869 30
794 4818 962 4871 κνύος
1003 4847 1063 4856 -
1101 4819 1281 4886 φλύος
1320 4836 1387 4870 ex
1423 4819 1628 4870 Herod.
1667 4836 1754 4884 ap.
1790 4819 2049 4873 Eustath.
2081 4820 2227 4884 1746,
2262 4825 2311 4875 9.
2450 4823 2487 4874 l.
2526 4824 2590 4872 32
2628 4820 2831 4887 Αῖπος,
2869 4822 3091 4890 Ἄργος,
