3664 5546
1558 415 1976 465 PRAEFATIO.
2310 449 2320 454 ·
2911 416 3053 462 XXV

466 576 543 641 τὸ
587 575 774 657 ὄρος,
831 573 956 654 ἀφ’
1001 573 1081 639 οὗ
1127 573 1292 639 ἐςτιν
1347 573 1567 652 ἀθρεῖν
1624 573 1704 637 τὰ
1758 572 2002 651 μακρὰν
2058 569 2488 652 ἀφεςτηκότα,
2544 571 2646 634 καὶ
2701 572 2879 649 παρὰ
2936 570 3053 648 τὴν

469 677 672 757 ἀρχὴν
716 676 1001 755 ἄρχαμος
1044 676 1147 741 καὶ
1189 675 1488 754 ὄρχαμος.
1547 673 1756 739 οὕτως
1798 671 2286 751 Ἡρωδιανὸς
2330 671 2411 737 ἑν
2456 672 3055 751 Ἐπιμεριςμοῖς.

470 777 733 843 Titulus
781 776 1059 842 accessit
1104 798 1189 841 ex
1231 774 1359 840 lex.
1405 772 1637 860 cyrilli
1683 775 1752 837 in
1798 776 1926 837 An.
1975 771 2184 835 Paris.
2234 770 2332 834 IV
2383 771 2536 854 1853
2585 772 2651 835 in
2696 772 2774 836 Ε.
2828 771 3053 838 Orion.

471 878 913 965 subscriptum
968 886 1074 941 est
1129 877 1337 943 οὕτως
1390 876 1788 955 Ἡρωδιανὸς
1844 876 1946 941 καὶ
1999 875 2436 940 Ἀπολλώνιος
2501 874 2571 940 ἐν
2637 882 2713 959 τῇ
2773 876 3058 960 Μετοχῇ,

471 980 585 1046 ubi
630 982 701 1047 ἑν
745 988 822 1065 τῇ
869 982 1129 1064 Μετοχῇ
1175 978 1259 1042 ad
1304 975 1637 1063 Apollonii
1682 986 1938 1041 tantum
1992 996 2227 1039 nomen
2282 973 2611 1060 pertinere
2668 997 2750 1038 ex
2807 974 3054 1061 Cyrillo

469 1079 719 1168 patefit.
827 1080 1043 1167 Trope
1112 1078 1359 1144 voealis
1433 1083 1475 1143 δ
1537 1078 1605 1141 in
1671 1081 1713 1143 ἃ
1777 1077 2100 1166 reperitur
2172 1085 2437 1142 auctore
2504 1074 2882 1142 Herodiano
2949 1099 3054 1163 ap.

471 1181 783 1248 Eustath.
833 1181 1021 1262 1405,
1072 1182 1147 1245 17
1195 1181 1263 1243 in
1309 1182 1540 1262 βολβός
1585 1201 1625 1244 a
1672 1181 1888 1262 βάλλω
1933 1187 2277 1264 prognato.

641 1386 719 1449 E.
768 1385 995 1451 Orion.
1044 1384 1157 1465 89,
1203 1384 1286 1449 33
1331 1386 1633 1464 κρηπίς;
1680 1385 2009 1463 ὑπόδημα·
2053 1382 2232 1462 παρὰ
2276 1382 2351 1448 τὸ
2398 1382 2575 1461 ἕρπω
2619 1383 2823 1462 ἑρπίς·
2869 1385 3057 1464 ὑπερ-

473 1490 635 1554 θέςει
678 1492 797 1553 τοῦ
842 1490 878 1567 ρ
926 1488 1104 1567 ῥεπίς
1148 1489 1251 1552 καὶ
1293 1490 1676 1570 πλεοναςμῷ
1731 1489 1851 1551 τοῦ
1897 1487 1932 1550 ιῖ
1974 1484 2221 1566 κρεπίς,
2275 1484 2593 1563 μεταθέςει
2647 1490 2765 1550 τοῦ
2809 1490 2843 1551 ἒ
2887 1487 2975 1552 εἰς
3017 1485 3056 1566 ἦ

473 1591 728 1678 κρηπίς,
800 1589 890 1654 δι’
944 1588 1020 1667 ἧς
1078 1589 1294 1668 ἕρπειν
1363 1588 1564 1671 ἔςτιν,
1622 1587 1660 1653 ὅ
1725 1588 1889 1652 ἐςτιν
1948 1586 2219 1652 ὁδεύειν.
2320 1585 2527 1652 οὕτως
2581 1585 3058 1667 Ἡρωδιανὸς

374 1721 387 1736 .
475 1691 554 1758 ἐν
600 1692 1192 1770 Ἐπιμεριςμοῖς.
1252 1687 1515 1754 Titulus
1562 1689 1843 1753 accessit
1886 1710 1970 1752 ex
2012 1687 2092 1751 E.
2139 1684 2316 1751 Gud.
2362 1686 2520 1767 346,
2572 1686 2613 1750 9
2656 1687 2801 1753 eod.
2848 1689 3058 1754 Paris.

471 1792 637 1857 2631
684 1794 752 1855 in
798 1789 1015 1856 Oram.
1058 1791 1188 1854 An.
1235 1788 1447 1854 Paris.
1491 1789 1589 1854 IV
1631 1790 1718 1855 45
1761 1798 1826 1854 et
1870 1788 1999 1854 lex.
2048 1785 2277 1874 cyrill.
2329 1787 2491 1853 ibid.
2546 1788 2688 1855 185.
2781 1791 3057 1879 Propter

474 1892 898 1979 hyperthesin
953 1890 1183 1956 literae
1236 1895 1274 1971 ἶ)
1344 1890 1431 1954 ef.
1488 1892 1691 1972 κερκίς
1747 1913 1834 1956 ex
1888 1892 2092 1972 κρέκω
2146 1889 2216 1953 in
2270 1888 2438 1954 libro
2495 1893 2642 1971 περὶ
2696 1900 2922 1960 παθῶν
2992 1895 3060 1959 in

474 1993 555 2057 E.
603 1991 779 2059 Gud.
825 1994 980 2073 316,
1026 1993 1139 2074 35,
1200 1992 1282 2057 de
1335 1992 1662 2078 prosthesi
1717 1990 1946 2057 literae
1999 1995 2035 2057 ι’(
2090 1992 2175 2056 cf.
2236 1993 2570 2059 Καυλωνία
2625 2015 2709 2058 ex
2761 1996 3057 2064 Αὐλωνία

477 2104 693 2160 ortum
739 2116 843 2180 ap.
893 2095 989 2160 St.
1035 2094 1112 2158 B.
1158 2093 1306 2174 369,
1358 2095 1468 2176 153
1509 2093 1855 2181 productio
1901 2094 2148 2160 vocalis
2193 2098 2227 2160 ἒ
2268 2094 2338 2158 in
2381 2097 2420 2173 ῆ
2467 2095 2752 2160 sumitur
2797 2096 2880 2161 ab
2926 2096 3056 2162 He—

475 2195 749 2263 rodiano
796 2197 865 2258 in
907 2198 1082 2277 πήρα
1127 2217 1209 2260 ex
1254 2197 1436 2277 φέρω
1481 2217 1586 2281 ap.
1631 2194 1928 2304 Theogn.
1975 2194 2085 2261 Cr.
2130 2194 2201 2260 II
2246 2195 2349 2261 93.

644 2399 723 2465 Ε.
773 2398 997 2466 Orion.
1048 2398 1189 2480 105,
1239 2400 1318 2463 10
1362 2400 1714 2496 μέριμναε
1761 2400 1938 2481 παρὰ
1980 2400 2056 2465 τὸ
2102 2400 2329 2479 μερίζω
2374 2401 2639 2480 μέριδνα
2686 2403 2776 2469 ὡς
2822 2406 3058 2472 λεπίζω

362 2507 379 2516 ‘
477 2504 766 2569 λέπαδνα
822 2504 925 2568 καὶ
988 2509 1197 2586 τροπῇ
1262 2505 1379 2567 τοῦ
1444 2507 1480 2566 δ
1546 2501 1635 2567 εἰς
1687 2506 1729 2580 fi
1785 2502 2066 2582 μέρμινα.
2168 2502 2374 2567 οὕτως
2430 2503 2912 2581 Ἡρωδιανὸς
2977 2510 3057 2573 ἐν

476 2606 1041 2683 ἐπιμεριςμοῑς.
1141 2603 1306 2667 Zon.
1362 2601 1484 2667 134
1546 2602 1747 2667 habet
1803 2603 2011 2668 οὕτως
2067 2602 2461 2681 Ἡρωδιανὸς
2530 2604 2599 2668 ἐν
2657 2604 3057 2692 ἐπιμεριςμῷ,

479 2704 560 2768 Ε.
592 2705 682 2769 Μ.
715 2704 863 2786 580,
900 2705 976 2768 13
1008 2703 1251 2769 omittit
1281 2702 1850 2790 subscriptionem.
1908 2702 2189 2790 Compar
2219 2711 2618 2767 mutatamm
2649 2692 2685 2770 δ
2731 2716 2796 2770 et
2839 2711 2881 2788 fi
2911 2729 3056 2773 eon-

426 2876 437 2881 ,
478 2829 785 2872 sonarum
840 2804 1210 2892 exemplum
1263 2826 1348 2870 ex
1401 2804 1781 2870 Herodiano
1840 2804 2133 2892 proferre
2190 2827 2322 2869 non
2374 2805 2615 2887 habeo,
2674 2809 2793 2873 sed
2857 2833 3056 2897 quum

476 2907 929 2973 Herodianum
984 2930 1114 2972 non
1178 2928 1263 2972 ex
1318 2930 1465 2972 sese
1521 2907 1704 2971 nasci
1759 2907 2287 2972 terminationem
2340 2911 2426 2986 {N
2478 2917 2747 2991 putasse
2808 2922 3056 2976 eertum

478 3009 568 3073 sit
611 3008 728 3092 (ef.
773 3008 938 3073 Lob.
971 3007 1169 3074 Proll.
1207 3010 1389 3095 169),
1436 3006 1628 3073 aliter
1673 3030 1807 3072 vox
1854 3008 1913 3072 ei
1957 3028 2369 3094 procrescere
2413 3030 2544 3073 non
2588 3011 2805 3095 potuit
2845 3035 3058 3099 neque

478 3109 749 3175 offendit
801 3109 916 3174 illa
975 3110 1162 3176 nobis
1222 3111 1389 3175 mira
1446 3109 1783 3175 literarum
1837 3120 2027 3195 trope
2094 3109 2164 3172 in
2218 3110 2638 3194 grammatico
2650 3159 2669 3192 ,
2727 3114 2833 3178 oui
2890 3137 2945 3179 e.
2993 3138 3057 3201 g.

478 3213 689 3293 φάτνη
745 3233 830 3276 ex
882 3213 1098 3293 φάγνη
1155 3220 1361 3297 τροπῇ
1414 3217 1531 3278 τοῦ
1586 3215 1626 3289 Ῠ
1679 3212 1768 3277 εἰς
1809 3215 1847 3277 ’ῖ-
1903 3212 1970 3274 in
2025 3210 2327 3298 Sympos.
2373 3210 2458 3276 fr.
2509 3211 2587 3277 12
2641 3224 2707 3279 et
2759 3216 3058 3297 τάρριχος

479 3333 562 3376 ex
605 3312 850 3392 γάρρον
896 3313 1052 3378 ibid.
1096 3312 1177 3378 fr.
1227 3315 1301 3376 11
1349 3322 1504 3377 nata
1546 3312 1961 3378 videbantur.

648 3515 726 3578 E.
775 3513 1001 3579 Orion.
1052 3515 1190 3596 187,
1242 3517 1315 3579 17
1374 3518 1610 3596 μηρός
1666 3518 1842 3596 παρὰ
1897 3519 1973 3582 τὸ
2027 3517 2273 3597 μερίζω.
2361 3516 2518 3583 ἔνθα
2573 3519 2926 3598 μεμέριςται
2981 3525 3058 3588 τὸ

481 3621 654 3695 ςῶμα
698 3617 800 3680 καὶ
840 3623 1049 3701 τροπῇ
1093 3621 1210 3681 τοῦ
1254 3617 1287 3681 ἐ’
1330 3618 1418 3683 εἰς
1462 3621 1517 3696 ἦ.
1576 3618 1784 3682 οὕτως
1826 3618 2309 3697 Ἡρωδιανὸς
2353 3619 2433 3683 ἐν
2480 3618 3056 3713 ἐπιμεριςμοῑς,

480 3715 651 3778 unde
695 3714 982 3802 Cyrillus
1029 3716 1097 3780 in
1141 3719 1269 3781 An.
1314 3717 1524 3781 Paris.
1570 3717 1667 3783 IV
1715 3719 1836 3782 186
1881 3716 2304 3803 corrigendus
2352 3727 2469 3782 est.
2539 3717 2724 3782 Idem
2768 3721 2848 3785 E.
2881 3722 3056 3788 Gud.

478 3816 621 3897 392,
651 3815 772 3898 45,
818 3816 945 3902 Ep.
979 3816 1087 3881 Cr.
1119 3818 1154 3882 Ι
1181 3819 1328 3900 272,
1360 3819 1463 3883 22.
1526 3818 1631 3882 De
1673 3828 1860 3906 trope
1905 3818 2151 3885 vocalis
2196 3824 2230 3885 ἒ
2273 3819 2342 3883 in
2386 3824 2426 3899 ἦ
2471 3821 2600 3884 iam
2646 3820 2893 3886 dietum
2935 3835 3058 3890 est.

646 4017 729 4082 Ε.
773 4018 998 4082 Orion.
1036 4019 1177 4100 110,
1211 4020 1288 4084 31
1336 4023 1550 4088 νυός;
1596 4023 1635 4100 ἡ
1681 4023 1899 4104 νύμφη
1944 4024 2120 4103 παρὰ
2162 4025 2238 4089 τὸ
2283 4024 2434 4090 νέος
2476 4029 2685 4107 τροπῇ
2728 4029 2847 4090 τοῦ
2890 4030 2925 4090 ἓ
2968 4029 3057 4093 εἰς

484 4132 519 4180 ῡ
562 4119 733 4184 νυός.
821 4120 1299 4199 Ἡρωδιανὸς
1354 4123 1434 4189 ἐν
1492 4124 2057 4203 ἐπιμεριςμοῖς.
2155 4123 2341 4188 Idem
2397 4124 2478 4187 E.
2525 4123 2697 4188 Gud.
2746 4125 2906 4206 412,
2951 4126 3055 4204 54,

481 4218 721 4283 similia
764 4231 1031 4285 auctore
1076 4244 1426 4309 suppresso
1471 4223 1550 4288 E.
1597 4224 1689 4287 Μ.
1736 4225 1894 4306 608,
1941 4224 2057 4307 36;
2114 4223 2231 4288 36(1
2287 4247 2371 4289 ex
2414 4225 2541 4312 Ep.
2589 4225 2696 4288 Cr.
2743 4225 2778 4289 Ι
2821 4224 2969 4308 291,
3017 4229 3055 4290 8

482 4320 575 4383 sie
618 4317 797 4384 loeus
840 4321 1267 4406 corrigendus
1310 4323 1603 4389 videtur:
1653 4326 1899 4406 νύμφη;
1949 4328 2039 4392 ὡς
2082 4328 2257 4406 παρὰ
2299 4329 2374 4393 τὸ
2419 4329 2569 4394 νέος
2611 4334 2817 4411 τροπῇ
2862 4332 2980 4393 τοῦ
3027 4334 3058 4394 ἒ

480 4420 568 4485 εἰς
610 4425 650 4488 ὖ
693 4424 878 4506 νυός,
924 4423 1097 4489 οὕτω
1153 4427 1329 4504 παρὰ
1371 4426 1447 4490 τὸ
1501 4427 1655 4492 νέον
1711 4428 1814 4491 καὶ
1866 4429 1943 4493 τὸ
1996 4432 2107 4508 φῶ
2162 4430 2239 4493 τὸ
2294 4430 2508 4508 φαίνω
2563 4429 2799 4508 νύμφη.
2887 4427 3056 4492 Nam

480 4519 893 4587 Herodianus
940 4523 1031 4587 sic
1076 4525 1293 4606 νύμφη
1340 4547 1456 4610 pro
1502 4527 1862 4613 composito
1907 4526 2221 4593 habuisse
2263 4529 2527 4619 videtur
2568 4538 2642 4592 ut
2682 4529 2971 4604 Αἴγιςθος
3015 4553 3057 4594 a

481 4627 574 4686 θῶ
615 4626 692 4689 τὸ
737 4625 990 4705 θηλάζω
1034 4634 1098 4688 et
1142 4627 1417 4708 κάραβος
1461 4649 1500 4691 a
1548 4633 1640 4709 βῶ
1685 4628 1882 4709 βαίνω
1925 4627 2006 4691 Ε.
2050 4628 2136 4693 Μ.
2185 4630 2328 4711 137,
2374 4630 2476 4695 32.
2547 4630 2767 4714 Trope
2809 4628 3055 4694 vocalis

480 4726 514 4787 ’ἑ
565 4723 631 4785 in
689 4730 727 4789 ῡ
782 4724 1062 4789 sumitur
1118 4726 1314 4790 otiam
1369 4729 1437 4791 in
1489 4726 1614 4814 Ep.
1672 4728 1781 4793 Cr.
1839 4727 1874 4791 Ι
1924 4729 2082 4810 442,
2133 4731 2197 4794 1:
2259 4731 2429 4812 χύω,
2484 4731 2671 4796 ἔνθεν
2731 4730 2768 4794 ὁ
2824 4733 3056 4810 κέχυκα

481 4826 972 4910 παρακείμενος,
1017 4829 1192 4907 παρὰ
1235 4829 1311 4893 τὸ
1356 4830 1486 4908 χέω
1532 4830 1690 4894 κατὰ
1734 4831 2119 4911 μετάληψιν’
2176 4834 2278 4898 καὶ
2331 4832 2454 4910 γὰρ
2508 4832 2662 4898 τοὺς
2717 4831 2908 4898 θεοὺς
2952 4833 3052 4898 λέ-
