3664 5546
608 404 728 470 188
1543 399 1626 456 ΕΚ
1663 389 1803 455 ΤΩΝ
1845 396 2254 454 ΗΡΩΔΙΑΝΟΥ

771 576 867 642 Τὰ
896 577 1002 642 διὰ
1044 578 1162 641 τοῦ
1206 563 1411 642 bont—oc
1463 573 1674 640 πάντα
1727 571 2103 653 παρηγμὲνα
2160 570 2486 654 ὀξύνεται,
2545 567 2985 654 ἡμεδαπός,
3048 589 3190 635 πο-

604 678 879 762 δαπός,
924 677 1469 760 παντοδαπός,
1515 676 2012 757 ἀλλοδαπός,
2055 673 2523 754 τηλεδαπός.

769 781 898 847 Ἔτι
940 781 1022 847 τὰ
1066 780 1384 846 ἐπιθετικά
1427 780 1693 846 ςύνθετα
1733 785 1826 863 τῷ
1874 782 1929 842 ὦ
1973 776 2473 857 παραληγόμενα
2514 775 2806 843 ὀξύνεται
2849 773 3190 856 αἱματω-

601 884 776 967 πός,
833 884 1359 966 κελαινωπός,
1415 882 1878 965 πολυωπός,
1934 879 2275 963 εὐωπός,
2329 878 2727 962 τηλωπός,
2784 877 3189 960 χαρωπός,

541 994 573 1045 5
605 986 1097 1069 μελανωπός,
1141 985 1557 1051 πελιωπός.

770 1088 866 1153 Τὰ
911 1087 999 1153 εἰς
1041 1091 1171 1153 τΤοῗ
1211 1086 1722 1168 ύπερδιςύλλαβα
1765 1085 1950 1166 κύρια
1993 1087 2031 1165 ἢ
2077 1085 2512 1165 προςηγορικά
2542 1082 2839 1163 ἀρςενικά
2881 1082 3045 1149 ὄντα
3086 1082 3192 1147 καὶ

602 1191 844 1270 θηλυκὰ
874 1191 1031 1272 μηδὲ
1062 1191 1399 1273 ἑπιθετικά,
1430 1189 1486 1255 εἰ
1515 1190 1597 1270 μὴ
1628 1190 2068 1269 παραλήγοιτο
2098 1195 2192 1276 τῷ
2224 1194 2277 1254 fi]
2294 1238 2313 1272 ‚
2356 1186 2937 1269 προπαροξύνεται,
2967 1187 3189 1266 Ἄρο-

602 1314 775 1377 πος,
820 1293 1163 1371 Τρίοπος
1207 1292 1245 1357 ὁ
1289 1294 1498 1372 πατὴρ
1533 1291 1985 1371 Ἐρυςίχθόνος.
2032 1290 2397 1357 Ἑλλάνικος
2441 1292 2514 1355 δὲ
2557 1290 2662 1356 καὶ
2703 1287 2954 1369 Τρίοπά
2997 1309 3189 1370 φηςιν

538 1402 545 1414 ’
601 1396 801 1463 αὐτὸν
846 1394 978 1461 ἀπὸ
1023 1399 1142 1461 τοῦ
1184 1395 1412 1474 Τρίοψ.
1498 1394 1962 1473 Δουρίοπος
2016 1395 2203 1459 πόλις
2249 1391 2668 1459 Μακεδονίας.
2744 1391 3044 1473 (τράβων
3089 1391 3189 1473 ἑβ-

505 1512 570 1565 10
603 1498 766 1583 δόμῃ
810 1499 902 1584 (p.
934 1495 1104 1580 326).
1151 1497 1358 1563 οὕτως
1402 1496 1504 1560 καὶ
1536 1496 1575 1574 ἡ
1621 1496 1815 1576 χώρα.
1861 1496 2234 1579 Ἀναπος,
2263 1496 2514 1561 Ὕαπο
2531 1517 2592 1580 ς,
2638 1493 2766 1576 ἀφ’
2809 1493 2889 1560 οὗ
2919 1493 3192 1559 Ὑάπεια

600 1601 787 1666 πόλις
830 1598 1135 1664 Φωκίδος.
1211 1599 1623 1664 Μέςςαπος
1668 1597 1706 1663 ὁ
1752 1598 2120 1678 μετοικήςας
2165 1597 2253 1664 εἰς
2296 1597 2593 1681 Ἰταλίαν,
2649 1595 2777 1678 ἀφ’
2821 1594 2901 1661 οὗ
2948 1597 3190 1663 Μεςςα·

602 1702 730 1768 πία.
817 1700 1172 1781 Πρίαπος
1217 1700 1354 1767 υἱὸς
1397 1699 1774 1782 Ἀφροδίτης
1826 1702 1930 1765 καὶ
1971 1700 2317 1767 Διονύςου.
2405 1700 2532 1765 ἔςτι
2588 1701 2692 1765 καὶ
2744 1699 2931 1766 πόλις
2974 1697 3190 1779 Ἐλλη-

602 1802 917 1871 ςποντίας.
977 1803 1456 1883 Ἀςτὲροπος.
1522 1802 1945 1882 Ὄλυμπος·
2011 1802 2138 1869 ἔςτι
2183 1803 2288 1870 καὶ
2330 1801 2485 1881 ὄρος
2534 1802 2787 1868 Μυςίας.
2856 1801 3192 1881 Ἀρριανὸς

604 1908 995 1972 Βιθυνιακῶν
1048 1906 1304 1990 πρώτῳ.
1376 1906 1504 1971 ἔςτι
1559 1906 1661 1970 καὶ
1716 1906 1903 1971 πόλις
1945 1904 2344 1986 Παμφυλίας.
2422 1903 2721 1985 (τράβων
2767 1903 2846 1969 ιδ’
2893 1900 2984 1989 (p.
3014 1901 3190 1987 666).

503 2022 566 2076 15
605 2009 1045 2088 Μέλαμπος.
1099 2008 1569 2088 Εὐρύαμπος·
1607 2008 1796 2073 πόλις
1844 2007 2222 2088 Μαγνηςίας.
2292 2006 2761 2086 Μάρςιππος
2804 2006 2994 2072 πόλις
3035 2006 3189 2072 Φοι·

603 2111 791 2190 νίκης.
847 2110 1258 2177 Φίλιππος.
1347 2110 1460 2176 εἰςὶ
1513 2110 1617 2175 καὶ
1666 2109 1974 2175 Φίλιπποι
2029 2111 2216 2176 πόλις
2276 2108 2676 2176 Μακεδονίας
2742 2106 2806 2173 οἱ
2865 2109 3189 2188 πρότερον

605 2213 919 2293 Κρηνίδες.
984 2212 1441 2293 Ἀρτεμίδωρος
1486 2213 1631 2278 «καὶ
1660 2212 1847 2278 πόλις
1875 2211 2181 2277 Φίλιπποι
2226 2212 2303 2278 τὸ
2347 2212 2627 2278 παλαιὸν
2660 2210 2977 2291 Κρηνίδες.
3050 2212 3191 2276 τοῖς

542 2386 552 2399 .
603 2316 675 2379 δὲ
723 2315 1049 2394 Κρηνίταις
1103 2315 1614 2395 πολεμουμένοις
1667 2315 1797 2381 ὑπὸ
1843 2315 2114 2399 Θρᾳκῶν
2161 2315 2472 2396 βοηθήςας
2516 2314 2554 2380 ὁ
2605 2313 2924 2380 Φίλιππος
2965 2312 3189 2379 Φιλίπ-

602 2438 767 2483 πους
830 2417 1159 2496 ὠνόμαςεν
1175 2441 1220 2481 ».
1328 2417 1675 2498 ἑκλήθηςαν
1739 2417 2045 2483 Φίλιπποι
2121 2418 2223 2482 καὶ
2288 2416 2353 2483 αἱ
2419 2417 2619 2497 Θῆβαι
2684 2414 3024 2482 Θεςςαλίας
3087 2416 3192 2481 καὶ

501 2532 571 2583 20
606 2519 848 2600 Γόμφοι
924 2517 1345 2597 Θεςπρωτίας.
1419 2520 1771 2598 Εὔριπος.
1845 2521 2146 2599 Ἴςηπος
2209 2519 2401 2585 ἔθνος
2473 2518 2790 2584 (κυθικόν.
2864 2516 3190 2584 Ἑκαταῖος

602 2621 891 2705 Εὐρώπῃ.
940 2620 1312 2700 Χάροπος
1354 2622 1430 2686 τὸ
1476 2622 1732 2704 κύριον,
1775 2622 2134 2701 χαροπός
2179 2623 2250 2687 δὲ
2293 2622 2370 2688 τὸ
2415 2621 2727 2688 ἐπίθετον.
2785 2620 3190 2701 ςεςημείωται

601 2724 677 2789 τὸ
723 2721 1071 2803 ἀτραπός
1117 2721 1511 2805 ὀξυνόμενον
1556 2726 1660 2791 καὶ
1701 2724 1777 2791 τό
1824 2724 2290 2805 Ἀριμαςπός
2343 2724 2532 2791 ἔθνος
2575 2724 3045 2806 Ὑπερβορέων.
3110 2724 3189 2790 τὸ

603 2826 675 2890 δὲ
719 2823 1080 2908 ἀρτίπος,
1124 2824 1526 2893 ἀελλόπος
1572 2827 1662 2892 ὡς
1705 2828 1882 2907 παρὰ
1925 2834 2018 2913 τῷ
2063 2833 2295 2912 ποιητῇ
2342 2826 2426 2912 (Θ
2454 2824 2609 2909 409)
2655 2826 2869 2906 «ὦρτο
2925 2828 3000 2891 δὲ
3041 2824 3189 2905 Ἶρις

604 2926 927 2992 ἀελλόπος
958 2925 1425 3013 ἀγγελέουςα»,
1474 2930 1787 2996 ὠκύπος
1825 2931 1972 2994 κατ’
2015 2929 2305 3009 ἔλλειψιν
2337 2933 2456 2994 τοῦ
2497 2932 2535 2994 ῡ
2565 2928 2881 3009 γενόμενα
2910 2928 3187 3008 παροξύ-

500 3044 567 3096 25
602 3049 794 3095 νεται.
881 3029 961 3093 τὰ
1006 3032 1078 3096 δὲ
1121 3032 1619 3111 παραληγόμενα
1657 3039 1751 3117 τῷ
1797 3037 1852 3097 ὦ
1895 3033 2080 3111 κύρια
2131 3034 2172 3112 ἢ
2217 3031 2650 3111 προςηγδρικὰ
2705 3032 2808 3096 καὶ
2853 3031 3189 3112 βαρύνεται

590 3132 706 3196 ’καὶ
748 3122 1055 3199 ὀξύνεται.
1141 3134 1222 3197 τὰ
1265 3134 1380 3213 μὲν
1426 3133 1547 3200 οὖν
1592 3134 1776 3214 κύρια
1819 3134 1952 3200 ἀπὸ
1997 3135 2182 3215 φύςει
2226 3137 2464 3214 μακρᾶς
2509 3132 2836 3213 ἀρχόμενα
2876 3132 3189 3216 ὀξύνεται,

604 3233 918 3300 Ἰνωπός
972 3232 1182 3314 ὄνομα
1235 3240 1560 3319 ποταμοῦ,
1617 3235 1963 3304 Ἀςωπός
2017 3237 2223 3315 πατὴρ
2267 3235 2551 3317 Αἰγίνης,
2607 3233 2959 3314 Ὠρωπός
3002 3235 3188 3301 πόλις

605 3336 926 3401 Βοιωτίας.
986 3335 1114 3402 ἔςτι
1144 3338 1247 3402 καὶ
1289 3338 1476 3404 πόλις
1519 3338 1590 3402 ἐν
1632 3338 1848 3417 Ἄργει
1892 3341 2198 3404 κτιςθεῖςα
2240 3338 2345 3403 καὶ
2388 3337 2458 3403 ἐν
2490 3337 2878 3424 Θεςπρωτίᾳ.
2938 3337 3188 3416 λέγεται

603 3438 706 3501 καὶ
758 3436 1115 3516 ἀρςενικῶς.
1190 3439 1584 3519 Θουκυδίδης
1638 3439 1839 3525 ὀγδόῃ
1895 3439 1975 3523 (ο.
2016 3439 2129 3523 66)
2190 3439 2492 3520 «ἔχοντες
2550 3438 2671 3505 οὖν
2726 3440 2843 3506 τὸν
2888 3438 3187 3519 Ὠρωπὸν

502 3550 570 3605 30
604 3538 1023 3619 ἀφικνοῦνται
1068 3539 1157 3606 εἰς
1199 3542 1316 3620 τὴν
1361 3539 1592 3607 Ῥόδον
1608 3567 1650 3604 ».
1736 3542 2102 3608 Παυςανίας
2158 3545 2230 3608 δὲ
2276 3541 2348 3607 ἐν
2390 3549 2484 3627 τῷ
2538 3541 2791 3627 ἑβδόμῳ
2837 3539 2918 3626 (c.
2970 3542 3071 3622 11,
3114 3541 3187 3625 4)

602 3642 719 3720 τὴν
763 3639 955 3706 πόλιν
999 3645 1287 3720 θηλυκῶς
1330 3663 1484 3723 φηςι
1532 3643 1982 3722 «διαρπάζουςι
2013 3642 2312 3723 Ὠρωπὸν
2357 3643 2647 3723 ὑπήκοόν
2689 3664 2897 3725 ςφιςιν
2929 3642 3187 3710 οὖςαν».

738 3881 774 3932 1.
811 3884 842 3932 2
877 3880 1197 3948 τηλεδαπός
1236 3882 1429 3934 addidi
1467 3899 1535 3935 ex
1571 3884 1672 3951 Ep.
1711 3883 1798 3936 Cr.
1834 3887 1862 3937 1
1895 3886 2023 3949 369,
2059 3886 2152 3935 2⁷:
2197 3883 2270 3937 τὰ
2315 3881 2629 3947 πυςματικὰ
2666 3882 2853 3936 πάντα
2890 3881 3189 3950 βαρύνεται

602 3966 1026 4031 ὑπεςταλμένου
1060 3970 1164 4020 τοῦ
1202 3968 1483 4022 ποδαπός·
1518 3969 1592 4023 τὰ
1624 3969 1730 4036 γὰρ
1766 3969 1857 4023 διὰ
1890 3973 1995 4023 τοῦ
2040 3968 2219 4024 δαπος
2263 3968 2451 4021 πάντα
2508 3967 2794 4035 ὀξύνεται,
2847 3967 3186 4034 ἀλλοδαπός,

603 4034 921 4100 ἡμεδαπός,
957 4036 1292 4103 τηλεδαπός.
1522 4038 1559 4089 l.
1593 4040 1626 4089 4
1670 4040 1892 4090 nomina
1937 4038 2067 4090 inde
2113 4039 2183 4089 ab
2229 4036 2458 4091 εὐωπός
2494 4054 2561 4089 ex
2595 4037 2844 4104 Theogn.
2883 4039 2977 4101 69,
3012 4040 3044 4088 6
3093 4038 3189 4089 de-

604 4104 857 4170 prompta
892 4112 1037 4157 sunt.
1208 4107 1245 4160 1.
1281 4108 1315 4156 6
1356 4106 1418 4156 ἰιι
1450 4107 1611 4158 initio
1648 4109 1875 4158 canonis
1910 4124 2007 4173 pro
2053 4106 2311 4172 ἀρςενικὰ
2356 4106 2497 4158 ὄντα
2543 4105 2632 4157 καὶ
2670 4104 2983 4171 ἑπιθετικά,
3022 4122 3188 4172 quum

602 4172 849 4306 22232232
885 4172 1173 4293 ἒῖῗὲἷέἱὰ
1202 4174 1669 4295 ἓῖἒὲὓέἲέῗίἓ
1713 4175 2508 4297 fflffizzffl11²⁰?12fflfi2'r‘21‘3222
2545 4175 3188 4295 ‘’m“flzssssszuflssffss

604 4312 685 4360 St.
722 4309 814 4373 B.,
859 4311 994 4361 item
1028 4309 1248 4363 Ὕαπος
1283 4339 1349 4347 -
1385 4261 1705 4378 Πρίαπος.Ρ
1728 4311 2010 4376 Ὀλυπος,
2058 4312 2206 4378 quod
2253 4258 2590 4363 Scffimidti’us
2633 4257 2736 4377 pn‘)³
2767 4309 3061 4375 Ὄλυμπος
3098 4326 3189 4362 su-

604 4379 875 4443 spicatur,
914 4394 1025 4429 non
1067 4395 1294 4432 necesse
1340 4384 1452 4443 est,
1535 4397 1663 4432 uum
1710 4397 1888 4432 canon
1934 4382 2105 4432 etiam
2146 4381 2369 4433 nomina
2412 4394 2656 4431 consona
2702 4379 2995 4445 praefinita
3039 4396 3188 4431 com-

601 4446 894 4567 }lectatur.
965 4445 1279 4512 Μέλαμπος
1328 4474 1396 4484 —-
1448 4448 1498 4501 Φ
1559 4462 1730 4502 ιππος
1783 4456 1916 4502 sunt
1969 4465 2037 4500 ex
2092 4448 2172 4500 St.
2226 4453 2316 4513 B.,
2369 4449 2504 4499 item
2548 4447 2785 4514 Ἴςηπος.
2923 4447 2958 4497 l.
2998 4450 3061 4498 21
3118 4447 3185 4500 de

647 4512 860 4579 άροπος
898 4516 968 4566 cf.
1005 4517 1071 4567 11.
1103 4517 1193 4568 Pr.
1221 4515 1261 4569 Β
1297 4519 1428 4568 672:
1465 4516 1749 4582 Χαρόποιο
1786 4515 1865 4568 ὡς
1900 4516 2277 4583 Μενάνδροιοε
2316 4516 2406 4568 καὶ
2441 4515 2549 4582 γὰρ
2585 4514 2701 4567 ἀπὸ
2735 4516 2962 4580 γενικῆς
2998 4514 3189 4568 εὐθεῖά

601 4581 713 4634 ἐςτι
750 4583 1171 4651 παρειλημμένη
1199 4583 1277 4635 ὡς
1320 4584 1390 4636 τὸ
1427 4583 1548 4637 υίὸς
1584 4584 1911 4651 Τροιζήνοιο
1947 4586 2038 4638 καὶ
2073 4584 2151 4638 εἰς
2190 4584 2329 4638 ἰδιότ
2370 4599 2442 4636 τα
2479 4583 2510 4636 ὀ
2562 4581 2696 4636 είλει
2733 4583 2789 4650 ἡ,
2808 4583 3000 4648 βαρεῖα
3033 4582 3188 4637 τάςις

602 4650 1140 4716 παραλαμβάνεςθαι.
1226 4651 1560 4716 Ἀριμαςπός
1606 4669 1674 4703 ex
1722 4654 1803 4708 St.
1849 4658 1939 4717 B.,
1984 4656 2157 4707 verba
2200 4653 2270 4706 τὸ
2315 4601 2377 4705 br}
2420 4650 2526 4719 ἀρτ
2550 4667 2657 4705 πος
2699 4680 2768 4689 -
2810 4650 3187 4717 παροξύνεται

602 4722 885 4839 οοιὶιιροῖαὶ
928 4737 1019 4839 ext
1040 4721 1107 4838 11¹1
1145 4720 1284 4837 Prii!
1323 4724 1447 4839 5061:
1492 4718 1753 4842 ἀρθτίποςε
1792 4721 1954 4841 {peili
1961 4721 2162 4775 τέλους
2193 4721 2241 4841 Ίή
2290 4721 2479 4841 ὸξιξῖἰαῶ
2516 4718 2727 4806 quoium
2743 4723 2869 4840 ἦζιίἑιῖιίῖ
2902 4718 3186 4840 ἀελιλόπος

602 4801 1054 4908 ’ἕοῃξέῗὲῗιᾱῖαῑ
1092 4803 1969 4920 0300522123‘312'53221532ss0f5
2002 4793 2739 4925 {⁵32⁰ss.¹⁵1›;r‡¹11.¹24'3⁰72251q'i‘
2773 4806 2829 4911 ξι
2870 4805 2963 4912 ἓίἱ
3000 4805 3187 4916 ιοὲῗῗ

606 4921 835 4979 Ἰνωπός
880 4924 1101 4995 explevi
1154 4941 1221 4981 ex
1256 4925 1530 4995 Theogn„
1577 4925 1832 4985 Ἀςωπός
1873 4925 2128 4997 Ὠρωπὸς
2173 4944 2241 4982 ex
2279 4926 2472 4996 steph.
2511 4927 2643 4993 Byz.
