3664 5546
703 392 830 458 526
1640 395 1722 451 ΕΚ
1758 396 1900 451 ΤΩΝ
1943 397 2354 452 ΗΡΩΔΙΑΝΟΥ

704 562 922 647 ὄφις,
969 566 1216 646 κόνις,
1262 569 1516 648 δῆρις,
1573 566 1878 648 μάντις,
1935 566 2189 649 ὄρχις,
2237 568 2537 650 λάτρις,
2593 568 2848 651 ὄρνις,
2893 569 3282 647 Ἀριςτοκλῆς

703 667 773 729 δὲ
839 665 909 729 ἐν
968 672 1061 748 τῷ
1119 667 1266 744 περὶ
1331 667 1678 732 διαλέκτων
1736 669 1927 748 φηςίν
1985 668 2305 733 Ἀττικοὺς
2359 668 2674 734 ἐκτείνειν.
2775 669 2828 733 εἰ
2893 672 2964 734 δὲ
3023 670 3284 734 ςύνθετα

702 766 979 844 ὑπάρχοι
1035 766 1099 833 ἐξ
1152 766 1381 832 ἁπλῶν
1427 768 1841 834 ἐκτεινόντων
1896 770 1975 841 τὸ
2027 772 2079 851 ῐ,
2136 769 2554 852 έκτείνονται,
2609 771 2827 849 κνημίς
2881 771 3281 852 εὐκνήμις,

701 868 905 947 ψηφίς
961 870 1473 948 μελαμψήφις
1527 871 1628 934 καὶ
1683 870 1800 934 ὅςα
1854 874 2133 935 τοιαῦτα.
2236 870 2441 936 οὕτως
2496 874 2600 935 καὶ
2654 872 2724 936 έν
2779 878 2871 956 τῷ
2931 872 3281 951 «ἐϋκλήις

638 979 671 1027 5
701 967 1015 1046 ἀραρυῖα»
1048 968 1131 1051 (Ω
1160 969 1314 1051 318)
1360 969 1761 1050 Ἀρίςταρχος
1804 969 2218 1047 ἀναγινώςκει
2250 972 2500 1050 ἐϋκλήϊς
2533 974 2624 1038 ὡς
2655 973 2949 1052 ἐϋκνήμις
2981 974 3277 1039 ςύνθετον

697 1076 909 1134 ποιῶν
946 1072 1062 1148 τὴν
1096 1071 1294 1154 λέξιν,
1340 1071 1546 1136 οὕτως
1578 1072 1680 1136 καὶ
1710 1072 2181 1151 Ἀςκαλωνίτης.
2253 1072 2368 1137 εἰςὶ
2397 1076 2469 1139 δὲ
2515 1074 2580 1138 οἳ
2625 1078 2870 1139 διεῖλον
2918 1070 3032 1142 «ἐῢ
3076 1076 3274 1154 κληῗς’

697 1170 1027 1254 ἀραρυῖα»,
1052 1171 1150 1238 οἷς
1184 1173 1687 1249 ςυγκατατίθεται
1720 1175 1822 1238 καὶ
1846 1172 2150 1256 Τρύφων,
2182 1174 2302 1239 οὐκ
2332 1173 2421 1238 εὖ.
2467 1173 2733 1254 ἄμεινον
2764 1177 2886 1254 γὰρ
2918 1176 3276 1241 ἐπιθετικῶς

697 1272 957 1338 ἀκούειν
1024 1274 1126 1338 καὶ
1194 1276 1274 1353 μὴ
1340 1275 1548 1339 πάθος
1604 1274 1962 1354 ἐκδέχεςθαι
2025 1277 2449 1354 πληθυντικῆς
2503 1280 2787 1360 δοτικῆς,
2856 1278 3026 1353 λέγω
3081 1280 3152 1342 δὲ
3207 1279 3278 1341 τὸ

696 1378 808 1452 τῆς
854 1375 1222 1454 ἐκθλίψεως.
1311 1378 1349 1441 ὃ
1395 1377 1465 1441 δέ
1511 1398 1704 1459 φημι,
1761 1376 2060 1441 τοιοῦτόν
2108 1377 2264 1453 ἐςτι,
2322 1377 2412 1440 ὡς
2457 1377 2555 1441 ὅτι
2602 1377 2946 1458 ἐκθλίβεται
2992 1381 3106 1457 μὲν
3150 1380 3223 1443 τὸ
3260 1382 3280 1442 i

602 1483 664 1533 10
699 1480 809 1553 τῆς
854 1472 1113 1554 δοτικῆς
1160 1478 1337 1556 παρὰ
1389 1484 1483 1561 τῷ
1544 1484 1775 1561 ποιητῇ
1832 1479 1935 1541 καὶ
1989 1477 2197 1556 ἑνικῆς
2253 1478 2658 1556 ὑπαρχούςης
2719 1480 2818 1543 καὶ
2861 1483 3279 1559 πληθυντικῆς

698 1578 980 1657 «κέρκιδ’
1024 1577 1298 1657 ὕφαινε»
1344 1575 1500 1659 (od.
1532 1599 1563 1642 ε
1594 1578 1737 1661 62),
1784 1579 1999 1657 «χέρς’
2044 1580 2367 1657 ἐρετάων»
2414 1576 2570 1660 (Od.
2603 1601 2640 1644 ν
2677 1580 2846 1663 115),
2896 1581 3038 1645 «καὶ
3070 1581 3275 1659 νήεςς’

696 1678 962 1757 ἡγήςατ’
993 1679 1306 1757 Ἀχαιῶν»
1355 1675 1463 1760 (ΙΙ.
1495 1681 1546 1744 Α
1578 1679 1717 1761 71),
1763 1678 1844 1743 οὔ
1876 1700 1948 1755 γε
1994 1682 2115 1759 μὴν
2161 1682 2237 1744 τὸ
2269 1679 2401 1744 ἀπὸ
2445 1686 2578 1744 τῶν
2624 1680 2712 1745 εἰς
2759 1685 2812 1744 ιῖ
2858 1681 3271 1760 ἐκτεταμένον

695 1784 1018 1859 θηλυκῶν·
1062 1780 1117 1845 εἰ
1162 1781 1229 1844 δ’
1271 1780 1310 1857 ἡ
1354 1781 1738 1860 προκειμένη
1784 1781 1948 1847 λέξις
1993 1782 2250 1859 κρίςεως
2296 1784 2495 1845 δεῖται
2540 1782 2697 1846 κατὰ
2743 1783 2859 1860 τὴν
2902 1781 3279 1865 ἀνάγνωςιν,

696 1885 897 1959 δῆλον
943 1881 1041 1953 ὅτι
1089 1881 1403 1946 ςυνθέτως
1446 1879 1978 1964 ἀναγνωςόμεθα,
2032 1881 2213 1946 ὅπως
2270 1884 2352 1961 μὴ
2407 1886 2836 1975 πληθυντικοῦ
2893 1888 3110 1963 δῶμεν
3167 1885 3279 1961 τὴν

601 1990 659 2039 15
694 1987 915 2062 χρῆςιν
959 1983 1134 2061 παρὰ
1177 1984 1292 2062 τὴν
1339 1983 1673 2061 ςυνήθειαν
1717 1987 1836 2047 τοῦ
1879 1987 2154 2060 ποιητοῦ
2205 1985 2308 2047 καὶ
2351 1983 2643 2064 ἔκθλιψιν
2690 1985 3018 2064 ςημειώδη.
3108 1984 3163 2048 εἰ
3206 1985 3279 2062 δὴ

695 2083 999 2149 ςύνθετόν
1057 2084 1179 2148 έςτι
1234 2083 1311 2148 τὸ
1366 2084 1648 2167 εὐκλήις,
1705 2085 1808 2149 καὶ
1861 2083 2246 2164 παροξύνειν
2302 2087 2401 2149 δεῖ
2443 2085 2634 2168 αύτό,
2690 2086 2933 2165 μακρὸν
2976 2086 3103 2163 γὰρ
3148 2085 3220 2148 τὸ
3262 2088 3282 2149 ῑ

690 2186 795 2250 καὶ
838 2185 908 2250 ἐν
954 2191 1029 2269 τῇ
1077 2185 1383 2250 ςυνθέςει·
1424 2184 1556 2250 ἀπὸ
1600 2186 1726 2264 γὰρ
1769 2189 1886 2250 τοῦ
1931 2172 2174 2265 χρόνου
2217 2186 2333 2252 τὸν
2377 2186 2575 2251 τόνον
2621 2186 2977 2265 ἐςτήςαμεν.

861 2320 954 2386 Τὰ
1000 2318 1278 2387 ὀξύτονα
1321 2321 1560 2399 θηλυκὰ
1604 2320 1693 2386 εἰς
1734 2323 1793 2384 ῖς
1841 2321 2122 2400 λήγοντα
2165 2322 2247 2399 μὴ
2277 2321 2715 2399 καθαρεύοντα
2758 2322 3140 2401 μεμελέτηκε
3185 2323 3283 2386 καὶ

690 2420 1070 2487 έκτείνεςθαι
1113 2424 1215 2486 καὶ
1260 2422 1709 2487 ςυςτέλλεςθαι.
1782 2424 1920 2487 τοῖς
1967 2423 2081 2500 μὲν
2127 2420 2248 2486 οὖν
2294 2423 2693 2487 ςυςτέλλουςι
2736 2424 2878 2488 τὸκῑ
2919 2422 3283 2503 ἀδιάφορος

590 2524 729 2601 2οἡ
788 2524 917 2602 πρὸ
972 2525 1201 2587 τέλους
1255 2522 1380 2588 εἴτε
1438 2525 1644 2602 μακρὰ
1698 2524 1795 2602 εἴη
1862 2520 1987 2587 εἴτε
2054 2526 2347 2606 βραχεῖα,
2416 2525 2663 2606 βολίς,
2729 2524 2985 2607 ῥανίς,
3052 2525 3282 2608 αἰγίς,

691 2625 945 2707 μηλίς,
990 2624 1280 2701 Δωρίς·
1339 2627 1473 2688 τοῖς
1516 2627 1588 2689 δὲ
1633 2624 1976 2689 ἐκτείνουςι
2022 2624 2098 2687 τὸ
2143 2627 2194 2706 i,
2247 2626 2351 2688 καὶ
2394 2624 2655 2703 μάλιςτα
2712 2626 2817 2689 ἐπὶ
2860 2626 3281 2708 διςυλλάβων,

582 2717 600 2730 ’
690 2727 729 2805 ἡ
785 2728 913 2805 πρὸ
970 2726 1196 2791 τέλους
1250 2727 1455 2805 μακρὰ
1511 2727 1795 2805 ὑπῆρχεν
1852 2725 2232 2806 ἤτοιφύςει
2286 2725 2325 2804 ἢ
2382 2727 2576 2810 θέςει,
2631 2727 2933 2810 κρηνίς,
3000 2725 3279 2810 ψηφίς,

690 2828 933 2910 κηκίς,
990 2827 1236 2909 κηλίς,
1292 2827 1537 2910 νηςίς,
1595 2827 1954 2907 ςφραγίς,
2013 2827 2314 2910 βαλβίς,
2371 2827 2684 2909 φαρκίς,
2750 2828 3008 2910 άρπίς,
3076 2827 3277 2907 ἁψίς.

689 2927 943 2993 δικαίως
987 2927 1108 2993 οὖν
1166 2927 1229 2992 οἱ
1284 2929 1549 2993 Ἀττικοὶ
1592 2931 1665 2993 τὸ
1723 2928 1931 3007 ῥιπίς
1986 2929 2088 2992 καὶ
2130 2929 2381 3011 καρίς,
2427 2927 2468 2991 ἃ
2510 2928 2549 3005 ἡ
2601 2930 2781 3007 κοινὴ
2839 2931 3140 3007 ςυνήθεια
3183 2929 3279 2993 ἐκ·

585 3040 652 3089 25
688 3028 910 3111 τείνει,
956 3030 1371 3095 ςυςτέλλουςι.
1461 3029 1803 3108 διςύλλαβα
1860 3030 1931 3093 δὲ
1984 3028 2379 3112 παρεθέμην,
2435 3029 2576 3094 ἐπεὶ
2629 3029 2853 3108 ὁρᾶται
2897 3032 3280 3111 τριςύλλαβα

690 3130 949 3214 βραχείᾳ
994 3131 1494 3209 παραληγόμενα
1546 3132 1647 3194 καὶ
1702 3130 1861 3194 κατὰ
1904 3132 2021 3208 τὴν
2079 3132 2314 3210 ςυνήθη
2372 3134 2591 3209 χρῆςιν
2636 3132 2738 3195 καὶ
2780 3132 2938 3195 κατὰ
2981 3133 3100 3211 τὴν
3146 3138 3277 3196 τῶν

686 3230 919 3296 Ἰώνων
965 3230 1329 3295 ἐκτείνοντα
1377 3231 1452 3296 τὸ
1508 3233 1554 3295 ἰ·
1624 3232 1781 3295 κατὰ
1836 3232 1908 3295 δὲ
1963 3231 2116 3295 τοὺς
2150 3231 2492 3297 ·Ἀττικοῦς
2548 3234 3005 3298 ςυςτέλλονται.
3082 3236 3275 3297 πλο-

687 3332 937 3413 καμίς,
995 3331 1342 3414 κεραμίς,
1399 3332 1754 3414 καλαμίς,
1815 3333 2226 3412 βλεφαρίς,
2287 3331 2643 3412 ῥαφανίς.
2732 3334 2808 3397 τὸ
2866 3334 2938 3396 δε
2995 3331 3277 3408 ἀγαθίς

686 3432 785 3498 ἀεὶ
829 3432 1367 3512 ςυςτελλομένως·
1414 3432 1585 3497 οὕτω
1630 3436 1700 3497 δὲ
1746 3435 1848 3497 καὶ
1889 3433 1929 3510 ἡ
1973 3434 2358 3512 τρυφαλίς
2403 3434 2813 3498 ςυςτέλλεται.
2881 3435 2983 3497 καὶ
3026 3434 3275 3499 έπίςτα-

584 3544 650 3595 30
685 3554 778 3598 ςιν
823 3533 953 3611 ἔχει
999 3534 1074 3597 τὸ
1120 3523 1338 3611 κληῒς
1367 3533 1808 3612 ἐκτεινόμενον
1855 3534 1957 3597 καὶ
2001 3537 2374 3612 καθαρεῦον.
2434 3535 2512 3597 τὰ
2558 3535 2629 3598 δὲ
2676 3534 2871 3598 λοιπὰ
2913 3533 3127 3599 πάντα
3173 3557 3274 3600 ςυ-

688 3635 1087 3717 ςτέλλονται,
1132 3634 1356 3716 Λαῒς,
1404 3635 1619 3717 Ναῒς,
1666 3636 1982 3718 Θηςηῖς,
2029 3636 2297 3718 δμωῖς,
2345 3636 2614 3717 ἡρωῖς,
2662 3636 2973 3701 Μινωῖς.

684 3953 837 4009 κόνις
883 3983 949 3993 —-
993 3955 1183 4022 λάτρις
1231 3973 1298 4007 ex
1342 3956 1687 4020 Dieh1·.298,
1734 3959 1816 4008 23.
1895 3957 2054 4007 Finis
2099 3956 2328 4007 canonis
2375 3971 2463 4022 ap.
2510 3957 2705 4009 Arcad.
2754 3957 2833 4007 sic
2876 3958 3152 4022 procedit:
3199 3955 3268 4008 τὸ

684 4025 836 4089 ὀρνις
873 4023 1136 4089 εὐκνήμις
1182 4024 1273 4075 καί
1317 4023 1388 4075 τὰ
1433 4023 1597 4086 ὅμοια
1644 4022 1884 4075 ςύνθετα
1932 4022 2271 4075 ἐκτείνουςιν
2311 4021 2567 4075 ’.Αττικοί
2639 4025 2744 4073 Pro
2781 4025 2867 4075 his
2903 4027 3060 4089 posui
3095 4024 3265 4089 ὄρνις,

685 4092 1142 4157 Ἀριςτοκλῆς-
1180 4092 1271 4144 καὶ
1307 4090 1408 4144 ὅςα
1444 4093 1676 4143 τοιαῦτα
1725 4107 1791 4141 ex
1827 4093 1858 4141 Ι
1863 4091 2014 4146 heht
2053 4091 2167 4142 Le.
2239 4090 2425 4142 οὕτως
2474 4091 2563 4142 καὶ
2611 4090 2673 4142 ἐν
2709 4094 2793 4157 τῷ
2832 4090 3058 4156 ἐῦκλήῖς
3092 4108 3264 4159 usque

683 4161 755 4210 ad
799 4159 960 4210 finem
1006 4162 1189 4224 recepi
1236 4177 1303 4210 ex
1340 4159 1410 4210 Jl.
1456 4162 1543 4210 Pr.
1590 4158 1633 4209 Ω
1677 4162 1802 4210 318:
1862 4156 2214 4222 Ἀρίςταρχος
2273 4157 2497 4223 εὐκλήῑς
2552 4157 2632 4210 ὡς
2685 4158 2949 4223 εὐκνήμις
2996 4160 3265 4210 ςύνθετον

682 4229 867 4278 ποιῶν
903 4227 1011 4291 τὴν
1048 4227 1195 4278 λέξιν
1221 4226 1366 4290 κτλ.,
1405 4243 1569 4291 quum
1606 4229 1661 4276 in
1698 4227 1750 4276 h.
1777 4226 1897 4276 loco
1935 4227 1969 4275 Ι.
1999 4229 2057 4276 17
2099 4232 2226 4291 post
2261 4224 2323 4277 ἐν
2359 4229 2430 4291 τῇ
2470 4225 2715 4278 ςυνθέςει
2754 4227 2962 4277 diserto
3002 4227 3262 4277 addatur.

682 4293 761 4346 ὡς
797 4293 860 4345 ἐν
895 4298 980 4360 τῷ
1019 4287 1067 4346 κ’
1102 4296 1205 4359 τῆς
1243 4294 1488 4346 καθόλου
1523 4293 1693 4359 φηςίν
1730 4293 1762 4344 ό
1798 4292 1987 4344 αὐτός.
2024 4295 2093 4343 cf.
2129 4294 2193 4344 11.
2231 4296 2322 4345 Pr.
2363 4292 2402 4344 Β
2444 4297 2557 4356 175,
2595 4295 2694 4343 An.
2731 4295 2909 4344 Paris.
2945 4295 3024 4346 111
3062 4298 3180 4356 310,
3217 4297 3263 4342 ⁶2.

815 4364 851 4416 l.
892 4365 954 4413 18
991 4362 1186 4412 Arcad.
1226 4366 1349 4424 196,
1388 4365 1445 4423 8,
1495 4362 1590 4412 sed
1637 4377 1734 4427 pro
1772 4361 1995 4411 Arcadii
2037 4377 2244 4412 canone
2294 4360 2388 4425 (τὰ
2436 4358 2514 4412 εἰς
2559 4364 2606 4412 ἶς’
2643 4360 2883 4412 ὁξύτονα
2927 4361 3142 4426 θηλυκὰ
3178 4359 3261 4411 ἐκ·

680 4426 853 4481 τείνει
888 4429 956 4480 τὸ
991 4428 1013 4480 ῑ
1049 4429 1139 4480 καὶ
1176 4400 1357 4496 μακρᾷ
1402 4427 1741 4548 napahfisset,
1790 4425 2002 4562 κρηνίς;Ι
2023 4427 2125 4492 [sic
2172 4445 2268 4493 pro
2314 4426 2553 4492 κορωνίς
2591 4426 2752 4493 ser.‚]
2799 4427 3005 4493 ψηφίς,
3054 4425 3258 4492 βαλβίς,

681 4495 884 4629 QZ?
897 4445 1213 4629 assffiffpffi
1219 4491 2291 4629 2232?inAE”ffiaisskfffflssmssffi‘ssf
2316 4493 2522 4616 ὅῗέιὲἱ
2541 4465 3101 4625 233‘31“?'1113‘1⁶0{{,'2‘15
3140 4494 3260 4613 ἓξὲξ

680 4633 1049 4697 praecedente
1087 4634 1412 4685 coniunctus
1447 4637 1532 4683 est
1545 4632 1842 4696 „recipere
1880 4633 2114 4682 retentis
2151 4632 2335 4682 verbis
2380 4628 2607 4682 δικαίως
2652 4629 2756 4682 οὖν
2795 4658 2858 4667 —-
2894 4629 3259 4692 ςυςτέλλουςι,

682 4701 829 4750 inter
864 4715 1007 4765 quae
1045 4717 1112 4750 ex
1146 4701 1361 4751 Diehra
1407 4699 1477 4751 τὸ
1516 4698 1707 4762 μέντοι
1743 4696 1900 4763 καρίς
1945 4699 2037 4750 καὶ
2072 4696 2222 4764 ῥιπίς
2266 4697 2300 4761 ἡ
2350 4697 2453 4761 μὲν
2498 4697 2656 4761 κοινὴ
2704 4697 2962 4763 ςυνήθεια
3006 4696 3257 4760 ἐκτείνει,

673 4765 722 4883 ἓ
754 4765 972 4887 δὲοτῶῖ
999 4764 1328 4902 ἑὲξηζιόίων
1362 4766 1677 4820 διάλεκτος-
1687 4765 1969 4819 ςυςτέλλει
2002 4768 2214 4819 inserui
2248 4764 2284 4817 ἃ
2319 4764 2354 4829 ἡ
2395 4765 2553 4829 κοινὴ
2591 4764 2853 4831 ςυνήθεια
2888 4764 3136 4819 ἐκτείνει.
3190 4766 3260 4815 cf.

725 4849 762 4900 P
862 4850 888 4884 ¹¹
2177 4863 2188 4876 ⁰
