3664 5546
753 401 880 469 500
1687 399 1768 460 ΕΚ
1805 398 1945 456 ΤΩΝ
1987 397 2394 456 ΗΡΩΔΙΑΝΟΥ

755 575 899 641 οἷον
958 575 1265 656 νέρθεν,
1330 574 1601 657 πόθεν,
1667 574 2039 656 πρόςθεν,
2106 572 2317 655 ὅθεν,
2381 571 2645 653 τόθεν,
2705 573 2997 651 κεῖθεν,
3060 573 3310 653 γῆθεν,

753 681 1021 760 δῆθεν,
1075 681 1364 755 κρῆθεν
1423 676 1592 741 «ἀπὸ
1649 679 1918 755 κρῆθεν»
1977 676 2070 759 (Π
2111 673 2284 757 548).
2373 673 2452 737 τὰ
2506 674 2577 737 δὲ
2633 672 2792 750 ὑπὲρ
2848 671 2968 736 δύο
3020 674 3314 751 ςυλλαβὰς

752 779 805 843 εἰ
852 780 990 859 ἔχοι
1034 781 1162 858 πρὸ
1194 783 1309 844 τοῦ
1355 765 1391 842 θ
1439 779 1818 861 ςύμφωνον,
1850 779 2063 857 τρίτην
2094 776 2226 842 ἀπὸ
2256 777 2482 841 τέλους
2514 774 2644 853 ἔχει
2673 775 2788 851 τὴν
2819 772 3033 839 ὀξεῖαν
3045 821 3063 855 ,
3094 771 3312 852 ὕπερ-

750 887 916 963 θεν,
963 882 1320 963 ἔνερθεν,
1365 880 1709 946 ὄπιςθεν.
1798 881 1900 945 καὶ
1951 881 2030 945 τὰ
2081 884 2172 963 τῷ
2229 881 2266 942 ὃ
2321 877 2818 956 παραληγόμενα
2870 874 3313 954 παροξύνεςθαι

690 993 723 1042 5
754 982 953 1066 θέλει,
1010 985 1178 1062 πλὴν
1233 988 1365 1048 τῶν
1411 982 1695 1061 ἐχόντων
1741 982 2105 1062 ἐγκειμένην
2150 980 2448 1060 πρόθεςιν
2506 980 2545 1058 ἢ
2590 978 2751 1058 παρ’
2794 976 3004 1056 ὄνομα
3057 976 3312 1056 ἐπιμερι-

751 1085 1022 1165 ζόμενον
1067 1085 1523 1164 παρηγμένων·
1579 1074 1776 1150 ταῦτα
1829 1085 1952 1163 γὰρ
2007 1084 2590 1163 προπαροξύνεται·
2644 1082 2720 1146 τὸ
2776 1082 2891 1161 μὲν
2935 1079 3057 1158 γὰρ
3103 1078 3314 1143 ἔνδο-

751 1192 915 1270 θεν,
960 1186 1319 1269 ἔκτοθεν,
1365 1186 1834 1265 ἀπόπροθεν
1879 1186 2176 1265 πρόθεςιν
2208 1184 2473 1250 ἕκαςτον
2505 1183 2634 1263 ἔχει
2666 1183 2768 1248 καὶ
2797 1183 2890 1248 ἔτι
2932 1183 3009 1246 τὸ
3053 1181 3314 1260 πάροι-

751 1293 881 1353 θεν
947 1289 1310 1354 πλεονάςαν
1364 1290 1441 1354 τὸ
1500 1291 1550 1353 ἶ.
1635 1290 1712 1353 τὸ
1768 1290 1842 1353 δὲ
1907 1287 2292 1370 ἄλλοθεν,
2360 1286 2785 1352 ἑκάςτοθεν
2851 1284 3135 1364 ὀνόματα
3195 1284 3316 1362 ἔχει

751 1389 1251 1471 ἐπιμεριζόμενα.
1335 1391 1413 1454 τὰ
1459 1391 1529 1454 δὲ
1575 1392 1771 1455 λοιπὰ
1815 1390 2026 1455 πάντα
2069 1390 2525 1472 παροξύνεται,
2578 1386 2946 1470 ἀγρόθεν,
2993 1385 3315 1465 οὐρανό-

653 1501 717 1551 10
752 1497 914 1576 θεν,
984 1492 1402 1574 κυκλόθεν,
1470 1492 1889 1575 Λεςβόθεν,
1961 1493 2312 1575 Ἰλιόθεν,
2386 1489 2831 1572 Ἀβυδόθεν,
2904 1489 3316 1570 ποντόθεν,

754 1594 1121 1676 αὐτόθεν,
1166 1593 1624 1674 πρυμνόθεν
1668 1630 1747 1640 —-
1800 1595 1877 1658 τὸ
1923 1594 1995 1659 δὲ
2048 1594 2498 1673 πρύμνηθεν
2554 1598 2646 1676 τῷ
2701 1593 2739 1669 ἦ
2795 1591 3317 1670 παραληγόμενον

754 1695 1306 1774 προπαροξύνεται
1356 1732 1439 1742 -
1482 1696 1818 1775 τηλόθεν
1863 1697 1966 1761 καὶ
2009 1695 2175 1760 ἄλλα
2218 1694 2420 1776 μυρία
2509 1693 2927 1774 ςημειούμεθα
2979 1693 3056 1758 τὸ
3114 1691 3317 1757 οἴκο-

754 1802 915 1879 θεν,
970 1798 1365 1863 πάντοθεν
1421 1798 2056 1879 προπαροξυνόμενα.
2142 1799 2222 1862 τὰ
2276 1797 2493 1891 μέντοι
2545 1802 2637 1879 τῷ
2682 1798 2723 1858 ἃ
2777 1800 2995 1881 μακρῷ
3050 1798 3317 1874 παραλη-

753 1899 994 1979 γόμενα
1036 1901 1074 1978 ἢ
1118 1906 1210 1985 τῷ
1241 1901 1349 1978 ἢῆ
1380 1907 1471 1985 τῷ
1519 1906 1603 1983 ὦ,
1649 1900 1704 1964 εἰ
1747 1903 1864 1982 μὲν
1893 1900 2322 1980 πρωτότυπον
2353 1898 2567 1965 αὐτῶν
2600 1898 2958 1979 βαρύτονον
3003 1899 3076 1982 ᾖ,
3118 1898 3319 1975 τρίτην

655 2011 718 2061 15
755 2000 884 2066 ἀπὸ
929 2002 1155 2066 τέλους
1199 2001 1329 2081 ἔχει
1372 2003 1486 2081 τὴν
1532 2002 1778 2085 ὀξεῖαν,
1825 2002 1879 2067 εἰ
1924 2005 1996 2068 δὲ
2040 2002 2387 2085 όξύτονον,
2432 2003 2952 2080 προπεριςπᾶται.
3041 2006 3172 2064 τῶν
3216 2000 3319 2078 μἐν

753 2104 1427 2183 προπαροξυνομένων
1484 2105 1918 2184 ὑποδείγματα
1971 2111 2200 2189 πρῷρα
2250 2106 2701 2187 πρῴραθεν,
2757 2101 2917 2166 Φθία
2960 2101 3320 2182 Φθίαθεν,

753 2205 979 2284 Πιερία
1019 2205 1472 2288 Πιερίαθεν,
1526 2207 1603 2271 τὸ
1657 2207 1728 2270 δὲ
1771 2206 2200 2286 Πιερίηθεν
2244 2212 2451 2289 τροπῇ
2496 2209 2613 2270 τοῦ
2669 2207 2711 2267 ἆ
2763 2203 2852 2269 εἰς
2894 2208 2964 2286 ἦ,
3023 2201 3325 2283 Ὀλυμπία

754 2306 1304 2391 Ὀλυμπίαθεν,
1362 2308 1525 2388 θύρα
1580 2309 1948 2391 θύραθεν,
1994 2307 2498 2390 Ἀφίδνηθεν,
2553 2306 2998 2390 Αἰγίνηθεν,
3045 2305 3323 2383 κλιςίη-

755 2413 918 2491 θεν,
952 2409 1442 2494 Μυκήνηθεν,
1472 2411 1800 2494 Ἴδηθεν,
1832 2410 2329 2493 πρύμνηθεν,
2373 2411 2449 2475 τὸ
2483 2409 2700 2489 μέντοι
2731 2411 3189 2489 πρυμνόθεν
3229 2407 3326 2472 διὰ

654 2520 722 2571 20
754 2515 872 2574 τοῦ
918 2513 955 2575 ὃ
986 2512 1426 2589 παροξύνεται.
1479 2519 1611 2577 τῶν
1658 2514 1729 2577 δὲ
1754 2512 2384 2592 προπεριςπωμένων
2416 2511 2847 2591 ὑποδείγματα
2874 2516 3109 2594 ταῦτα,
3139 2508 3326 2574 Ὑςιαί

722 2610 1109 2695 ,ὀξυτόνως,
1164 2614 1787 2694 προπεριςπωμένως
1838 2613 2222 2697 Ὑςιᾶθεν,
2278 2615 2747 2697 Θεςπιᾶθεν,
2800 2614 3326 2693 Πλαταιᾶθεν,

754 2715 1274 2800 Δεκελιᾶθεν,
1339 2717 1514 2796 παρὰ
1580 2718 1651 2783 δὲ
1720 2716 2095 2802 Καλλιμάχῳ
2158 2715 2719 2800 Δεκελειόθεν,
2794 2714 3170 2800 ἀρχῆθεν,
3236 2713 3327 2779 ὅτι

755 2816 936 2896 ἀρχή.
993 2818 1117 2883 ἔςω
1163 2819 1483 2902 ἔςωθεν,
1530 2819 1652 2886 ἔξω
1697 2818 2024 2902 ἔξωθεν,
2069 2820 2288 2897 πρόςω
2333 2819 2766 2901 πρόςωθεν,
2811 2818 2949 2883 ἄνω
2996 2818 3328 2899 ἄνωθεν,

755 2919 926 2983 κάτω
970 2919 1348 3002 κάτωθεν,
1405 2921 1943 3004 προτέρωθεν,
2001 2921 2516 3004 ἑκατέρωθεν,
2572 2921 3112 3003 ὁποτέρωθεν,
3169 2920 3327 2984 ἑτέ-

654 3033 719 3082 25
758 3026 1041 3104 ρωθεν,
1074 3020 1691 3107 ἀμφοτέρωθεν,
1732 3024 1835 3088 καὶ
1879 3022 1969 3087 ὡς
2013 3022 2144 3088 ἀπὸ
2175 3026 2292 3088 τοῦ
2322 3021 2468 3089 ἄπω
2512 3025 2594 3104 μὴ
2625 3023 2960 3103 εἰρημένου
3005 3022 3083 3087 τὸ
3128 3021 3328 3086 ἄπω-

758 3259 849 3310 καὶ
887 3256 1292 3324 πιθανώτερον.
1429 3261 1465 3313 l.
1506 3265 1531 3311 1
1570 3262 1639 3312 de
1676 3261 1873 3327 νέρθεν
1909 3265 1979 3315 cf.
2015 3262 2194 3329 Apoll.
2232 3262 2298 3314 de
2335 3264 2560 3315 adverb.
2586 3265 2703 3327 603,
2732 3265 2795 3314 15
2831 3267 2888 3312 et
2921 3265 2981 3312 in
3017 3262 3327 3313 universum

759 3345 826 3393 de
866 3344 1146 3394 adverbiis
1180 3346 1237 3395 in
1274 3347 1371 3396 θεν
1408 3361 1461 3409 ρ.
1498 3348 1598 3396 596
1636 3361 1786 3411 seqq.
1860 3363 1956 3412 pro
1993 3346 2170 3398 πόθεν
2215 3348 2414 3412 scripsi
2448 3346 2595 3398 ὅθεν.
2633 3374 2697 3383 -
2730 3348 2906 3411 γῆθεν
2941 3347 3119 3411 δῆθεν
3155 3362 3325 3396 acces·

758 3418 947 3464 serunt
988 3429 1056 3462 ex
1089 3412 1335 3478 Theogn.
1376 3415 1502 3476 156,
1539 3417 1632 3473 22,
1680 3417 1889 3479 κρῆθεν
1926 3431 1995 3465 ex
2031 3415 2095 3466 11.
2130 3416 2218 3465 Pr.
2254 3413 2312 3467 Π
2346 3417 2472 3479 548,
2518 3414 2670 3480 παρὰ
2702 3415 2772 3465 τὸ
2809 3413 2950 3478 καρή
2990 3413 3327 3478 ὀξυνόμενον

758 3478 1002 3544 καρῆθέν
1039 3478 1152 3531 ἑςτι
1188 3481 1278 3531 καὶ
1314 3483 1521 3546 κρῆθεν
1557 3480 1620 3532 ἐν
1655 3486 1922 3548 ςυγκοπῇ.
1954 3510 2024 3521 --
2059 3483 2093 3532 l.
2119 3486 2152 3532 4
2188 3481 2418 3534 ὄπιςθεν
2455 3499 2522 3533 ex
2546 3481 2828 3535 ὁπίςωθεν
2854 3485 3141 3534 concisum
3175 3487 3326 3547 putat

757 3549 935 3613 Apoll.
976 3548 1043 3598 de
1080 3548 1204 3599 adv.
1241 3552 1356 3610 603,
1393 3554 1453 3610 53
1490 3550 1561 3600 cf.
1597 3550 1722 3602 Arc.
1762 3554 1876 3614 129,
1914 3555 2000 3602 1οε
2038 3549 2096 3602 αἱ
2132 3552 2402 3612 ςυγκοπαί
2437 3549 2851 3615 ἀναβιβάζουςιν
2885 3549 3177 3602 ὀπίςωθεν
3212 3549 3324 3600 ὄπι·

757 3619 913 3679 ςθεν,
971 3614 1293 3680 ὁμόπατρος
1341 3616 1603 3682 ὄπατρος.
1655 3645 1722 3655 -
1773 3622 1806 3669 ὃ
1852 3620 2046 3685 scripsi
2089 3635 2186 3684 pro
2221 3621 2275 3683 ῆ.
2325 3646 2391 3656 -
2443 3619 2477 3669 1.
2513 3622 2545 3668 6
2600 3617 2896 3684 πρόςωθεν
2932 3626 3068 3669 ante
3104 3618 3324 3670 ἔνδοθεν

758 3686 828 3734 ab
864 3684 968 3733 hoc
1005 3683 1123 3734 loco
1161 3685 1400 3735 alienum
1435 3687 1585 3736 infra
1621 3688 1894 3738 transtuli.
1946 3714 2012 3724 -
2064 3688 2099 3737 l.
2138 3690 2167 3737 7
2206 3688 2274 3738 de
2311 3684 2579 3750 πάροιθεν
2622 3688 2692 3737 cf.
2728 3689 2873 3741 Mon.
2909 3689 2998 3751 46,
3036 3690 3129 3738 27:
3166 3683 3323 3738 οὐδὲν

758 3766 836 3818 είς
863 3770 961 3819 θεν
998 3766 1275 3834 ἐπίρρημα
1312 3769 1487 3834 λῆγον
1522 3772 1592 3855 τῆ
1630 3772 1682 3822 oi
1716 3769 2007 3837 διφθόγγῳ
2046 3770 2392 3835 παραλήγειν
2427 3770 2600 3835 θέλει,
2639 3769 2782 3823 ἀλλὰ
2819 3770 2997 3833 μόνον
3034 3771 3107 3823 τὸ
3143 3769 3322 3835 πάροι-

758 3837 873 3886 θεν.
1049 3837 1083 3890 l.
1126 3841 1188 3888 10
1232 3835 1532 3901 κυκλόθεν,
1591 3837 1821 3903 Ιλιόθεν,
1864 3837 2162 3902 Ἀβυδόθεν
2198 3847 2326 3891 sunt
2363 3856 2428 3890 ex
2464 3840 2708 3905 Theogn.
2748 3840 2869 3903 156,
2904 3842 2972 3891 27
3021 3847 3082 3891 et
3120 3842 3238 3900 157,
3274 3841 3319 3887 7.

758 3906 932 3954 verba
976 3903 1045 3955 τὸ
1090 3903 1152 3955 δὲ
1198 3903 1528 3970 πρύμνηθεν
1571 3934 1639 3942 -
1682 3906 2195 3972 προπαροξύνεται,
2244 3923 2386 3973 quae
2429 3924 2519 3974 ap.
2555 3910 2633 3962 Io,
2670 3908 2756 3961 Al.
2802 3913 2928 3974 post
2973 3906 3120 3959 ἄλλα
3166 3902 3320 3970 μυρία

757 3973 940 4037 posita
976 3979 1130 4035 eunt,
1170 3974 1377 4024 retraxi
1412 3980 1470 4024 et
1504 3973 1749 4039 τηλόθεν
1783 3976 1969 4025 addidi
2007 3983 2228 4040 propter
2270 3976 2532 4041 τηλῶθεν
2569 3991 2602 4025 a
2637 3975 2883 4040 Theogn.
2921 3977 3222 4040 prolatum,
3259 3974 3320 4023 de

758 4055 863 4105 quo
901 4043 1092 4091 statim
1128 4043 1328 4105 agitur.
1442 4042 1475 4091 l.
1516 4046 1578 4094 13
1613 4040 1899 4094 πάντοθεν
1935 4043 2179 4108 Theogn.
2219 4046 2340 4106 157,
2383 4045 2415 4092 S
2458 4044 2734 4109 componit
2769 4059 2890 4094 cum
2926 4042 3174 4095 ἄλλοθεν
3210 4037 3322 4093 ἑκά-

757 4109 980 4172 ςτοθεν,
1018 4109 1197 4174 Apoll.
1219 4109 1288 4160 de
1314 4109 1439 4163 adv.
1465 4112 1581 4174 605,
1612 4113 1671 4160 16
1696 4111 1834 4161 dicit
1860 4111 2122 4176 quosdam
2144 4120 2365 4177 praeter
2388 4109 2612 4162 οἴκοθεν
2636 4109 2877 4163 ἄλλοθεν
2902 4110 3139 4163 ἔνδοθεν
3164 4112 3320 4161 etiam

758 4174 1040 4227 πάντοθεν
1064 4179 1440 4242 pronunciare.
1487 4178 1621 4228 Cum
1644 4180 1723 4229 Io.
1750 4179 1834 4228 Al.
1873 4181 2125 4244 congruit
2149 4182 2303 4231 Eunt.
2329 4182 2447 4242 918,
2468 4183 2553 4232 42.
2659 4181 2693 4233 l.
2724 4185 2785 4231 13
2811 4179 3044 4230 eundem
3068 4193 3318 4231 canonem

760 4247 841 4297 St.
878 4245 940 4297 B.
977 4247 1095 4306 224,
1133 4248 1163 4295 7
1200 4262 1243 4299 s,
1280 4244 1550 4297 Δεκέλεια
1584 4249 1863 4313 proponit:
1901 4246 1972 4299 τὰ
2007 4244 2121 4300 ἀπὸ
2158 4246 2448 4300 ὀξυτόνων
2492 4245 2569 4299 εἰς
2605 4250 2641 4299 ἃ
2676 4247 2711 4311 ἢ
2749 4245 2829 4299 εἰς
2863 4250 2899 4312 ῆ
2936 4248 3206 4312 γινόμενα
3239 4243 3321 4297 διὰ

757 4331 860 4380 τοῦ
899 4332 1038 4395 ηθεν
1073 4329 1109 4393 ἢ
1146 4332 1282 4381 αθεν
1319 4332 1776 4396 προπεριςπᾶται.
1829 4358 1895 4367 -
1950 4331 1984 4381 1.
2023 4333 2084 4381 17
2118 4330 2318 4396 Πιερία
2352 4330 2654 4398 Πιερίαθεν
2688 4333 2912 4384 inserui.
2969 4360 3034 4371 —-
3089 4332 3125 4382 l.
3163 4334 3222 4382 18
3255 4330 3318 4378 de

762 4395 1098 4463 Ἀφίδνηθεν
1136 4401 1216 4449 St.
1252 4399 1314 4449 B.
1355 4402 1468 4462 149,
1507 4402 1596 4451 15:
1633 4398 1901 4463 Ἀφιδναε
1937 4397 2010 4449 τά
2045 4398 2249 4450 τοπικὰ
2283 4399 2424 4464 δῆλα
2452 4398 2803 4465 Ἀφίδνηθεν.
2837 4426 2906 4436 —-
2941 4397 3237 4464 Αἰγίνηθεν
3258 4423 3318 4431 -

757 4463 973 4529 Ἴδηθεν
1009 4471 1138 4517 sunt
1175 4482 1241 4516 ex
1278 4467 1525 4532 Theogn.
1564 4471 1679 4530 157,
1716 4470 1798 4518 16.
1835 4495 1898 4505 -
1935 4468 1970 4518 l.
1994 4470 2060 4518 20
2095 4467 2467 4532 παροξύνεται
2501 4469 2685 4519 verbis
2720 4467 2808 4520 διὰ
2830 4469 2934 4520 τοῦ
2972 4469 3008 4519 ὃ
3042 4464 3320 4534 postposui

756 4540 811 4585 et
849 4551 946 4599 pro
982 4533 1429 4599 περιςπωμένων
1466 4536 1661 4602 scripsi
1694 4535 2271 4601 προπεριςπωμένων.
2340 4537 2448 4587 Pro
2485 4535 2773 4599 Ὑγειᾶθεν
2809 4542 3070 4601 corrupto
3105 4533 3320 4585 exhibui

758 4619 825 4651 ex
863 4603 944 4653 St.
982 4605 1044 4656 Β.
1084 4600 1255 4654 ’Υςιαί
1293 4601 1571 4668 Ὑςιᾱθεν,
1609 4602 1950 4655 Δεκελιᾶθεν
1993 4631 2059 4639 -
2104 4603 2474 4656 Δεκελειόθεν
2521 4621 2587 4654 ex
2634 4609 2711 4656 st.
2745 4607 2808 4656 B.
2845 4621 2886 4655 s.
2923 4602 3194 4655 Δεκέλεια
3229 4600 3319 4650 ad-

756 4670 871 4720 didi
894 4670 1163 4722 Meinekii
1187 4673 1520 4722 sententiam
1544 4672 1634 4722 hic
1658 4679 1879 4739 praeter
1902 4671 2272 4724 Δεκελειόθεν
2308 4673 2473 4723 etiam
2501 4674 2739 4738 speciem
2763 4671 3108 4723 Δεκελιᾶθεν
3133 4685 3319 4721 memo·

755 4744 934 4788 ratam
968 4741 1140 4789 fuisse
1177 4739 1482 4804 amplexus.
1553 4739 1790 4804 ἔςωθεν,
1829 4741 1972 4806 quod
2017 4757 2104 4806 ap.
2139 4742 2220 4795 Io.
2256 4740 2339 4791 Al.
2376 4741 2636 4792 adverbio
2682 4739 2924 4805 ἀρχῆθεν
2969 4741 3319 4806 praemissum

759 4813 862 4868 est,
898 4808 989 4857 hic
1026 4808 1183 4857 omisi
1218 4818 1279 4858 ut
1312 4808 1455 4857 male
1492 4824 1559 4857 ex
1607 4810 1964 4873 sequentibus
2007 4810 2321 4874 repetitum.
2357 4837 2422 4844 -
2460 4809 2497 4858 1.
2534 4811 2599 4860 23
2634 4807 2857 4859 ἄνωθεν
2889 4836 2958 4844 -
2994 4805 3318 4872 ἀμφοτέρω-

756 4875 856 4923 θεν
894 4876 1123 4940 apposui
1159 4892 1225 4925 ex
1261 4876 1506 4941 Theogn.
1547 4879 1660 4939 156,
1696 4879 1761 4926 26
1796 4883 1852 4926 et
1886 4879 1967 4928 34.

3546 3241 3548 3396 1
