3664 5546
643 379 790 434 XXX
1715 383 2132 471 PRAnFA'rlo.

640 542 1061 630 proferuntur
1120 541 1280 628 quin
1331 537 1874 608 hallucinationes
1936 543 2371 628 posteriorum
2436 540 3015 626 grammaticorum
3070 541 3225 625 sint,

641 645 915 710 dubium
960 666 1105 708 esse
1134 666 1267 709 non
1307 652 1556 729 potest,
1603 653 1856 707 restant
1899 652 2033 707 tres
2048 692 2066 725 ,
2113 666 2279 730 quae
2310 642 2594 707 melioris
2627 654 2780 709 sunt
2824 654 3051 727 notae,
3096 668 3228 708 una

639 744 1021 826 Philoxeni,
1081 767 1248 830 quae
1305 767 1694 831 quamquam
1751 745 1942 809 abest
1997 745 2081 810 ab
2138 746 2217 808 Ε.
2276 746 2450 810 Gud.
2508 756 2727 809 tamen
2792 751 3076 812 fortasse
3140 747 3225 811 ab

637 849 784 935 ipso
816 847 1197 912 Herodiano
1230 856 1741 911 commemorata
1771 856 1944 928 erat,
1992 846 2193 928 duae,
2240 869 2517 932 quarum
2548 847 2968 913 Herodianus
3000 858 3228 913 auctor

641 973 787 1014 csse
831 950 1129 1031 videtur,
1176 949 1291 1013 sed
1335 949 1428 1012 ita
1471 959 1544 1013 ut
1588 945 1864 1013 alteram
1923 946 2113 1013 alteri
2167 949 2676 1034 praeoptaverit.
2765 948 2934 1013 Nam
2978 953 3140 1029 γυνή
3187 971 3226 1012 a

641 1056 801 1135 δυνή
846 1061 1059 1118 ortum
1104 1073 1244 1115 esse
1288 1049 1552 1114 credere
1597 1050 1841 1134 potuit,
1886 1072 2086 1135 quum
2131 1072 2171 1114 a
2214 1050 2576 1114 mutatione
2610 1037 2663 1116 ’δ
2716 1051 2782 1114 in
2839 1055 2879 1127 Ῠ
2932 1051 3002 1114 in
3054 1052 3224 1132 πηγή

640 1176 725 1218 ex
769 1156 940 1233 πηδή
984 1173 1115 1215 non
1159 1151 1570 1232 abhorreret,
1617 1152 1735 1215 sed
1779 1152 2104 1238 correptio
2152 1151 2396 1217 vocalis
2443 1158 2481 1217 ῡ
2534 1152 2868 1217 abnormis
2926 1152 3014 1215 ad
3057 1151 3225 1216 hanc

639 1254 1105 1342 etymologiam
1163 1254 1582 1317 reiicicndam
1637 1274 1784 1316 eum
1847 1252 2173 1317 adducere
2228 1253 2477 1318 debuit.
2566 1253 2691 1317 His
2747 1254 3089 1339 perpensis
3148 1275 3223 1317 eo

641 1356 1021 1443 pervenisse
1067 1356 1362 1437 videtur,
1417 1365 1491 1418 ut
1543 1376 1685 1418 eam
1739 1356 2098 1436 rationem,
2157 1376 2285 1441 qua
2339 1357 2500 1434 γυνή
2556 1377 2640 1418 ex
2695 1357 2859 1434 γονή
2913 1363 3226 1420 consueta

639 1458 888 1523 vocalis
957 1459 1313 1520 mutatione
1381 1467 1523 1520 orta
1587 1456 1971 1541 putabatur,
2041 1456 2439 1542 sequendam
2508 1455 2792 1520 duceret.
2893 1456 3003 1521 Sic
3064 1457 3223 1535 fere,

639 1560 903 1647 opinor,
949 1561 1017 1623 in
1062 1558 1229 1623 libro
1277 1560 1423 1637 περὶ
1478 1565 1704 1624 παθῶν
1761 1557 1843 1622 de
1888 1556 2013 1623 hac
2070 1580 2230 1623 voce
2287 1558 2654 1643 disputavit
2709 1567 2901 1643 atque
2957 1568 3224 1644 etymon

638 1664 833 1746 γονή,
879 1661 1052 1747 quod
1095 1662 1293 1725 etiam
1340 1659 1582 1724 nostris
1628 1658 2021 1745 etymologis
2067 1659 2399 1745 perplacet
2444 1659 2559 1741 (cf.
2602 1658 2767 1723 Lob.
2800 1658 3041 1722 Parall.
3078 1660 3222 1741 127,

638 1763 907 1827 Curtius
940 1761 1347 1846 Grundziige
1394 1760 1509 1823 der
1540 1759 1802 1826 Griech.
1835 1760 2252 1847 Etymologic
2297 1761 2403 1826 ed.
2435 1760 2505 1824 II
2549 1782 2613 1844 p.
2650 1759 2798 1843 160)
2844 1758 3223 1825 Herodiano

636 1865 986 1950 probatum
1043 1863 1248 1927 fuisse
1300 1860 1618 1928 concludo
1677 1885 1760 1926 ex
1807 1862 2221 1947 Theognosto
2268 1885 2332 1949 p.
2379 1863 2493 1944 88,
2539 1862 2650 1924 2οτ
2711 1863 2872 1940 γυνή
2928 1864 3102 1941 παρὰ
3145 1866 3222 1928 τὸ

636 1968 859 2049 γείνω,
928 1968 964 2030 ὃ
1022 1970 1210 2045 δηλοῖ
1270 1967 1345 2029 τὸ
1412 1965 1629 2048 τίκτω,
1688 1965 1852 2043 γονή
1910 1965 2009 2028 καὶ
2063 1970 2270 2047 τροπῇ
2325 1969 2443 2029 τοῦ
2500 1968 2537 2028 ὃ
2594 1963 2682 2029 εἰς
2735 1964 2775 2027 ἶ)
2817 1964 3071 2048 Αἰολικῇ
3131 1966 3222 2030 ὡς

636 2069 864 2147 ὅμοιον
909 2068 1138 2147 ὔμοιον
1183 2068 1345 2145 γονή
1390 2067 1570 2145 γυνή.
1870 2150 1952 2216 38

807 2252 886 2316 E.
936 2251 1113 2317 Gud.
1157 2252 1314 2332 256,
1362 2250 1443 2314 28
1488 2257 1763 2331 θαῦμα;
1821 2253 1995 2330 παρὰ
2050 2255 2126 2317 τὸ
2184 2253 2481 2333 θαυμάζω
2537 2253 2837 2333 θαυμάςω
2892 2254 3219 2333 θαύμαςμα

635 2358 738 2421 καὶ
782 2356 993 2437 ἐνδείᾳ
1037 2358 1154 2418 τοῦ
1200 2356 1235 2417 ἒ
1277 2355 1377 2418 καὶ
1422 2354 1565 2417 κατ’
1609 2352 1953 2433 ἀποκοπὴν
1998 2358 2231 2434 θαῦμα·
2279 2354 2340 2418 οἱ
2386 2357 2457 2419 δὲ
2500 2356 2677 2433 παρὰ
2719 2356 2795 2419 τὸ
2840 2361 2968 2420 θεῶ
3012 2356 3217 2419 θεάςω

633 2458 901 2521 τεθὲακα
943 2458 1238 2534 τεθέαμαι
1282 2455 1484 2534 θέαμα
1528 2457 1630 2519 καὶ
1673 2457 1882 2534 κράςει
1927 2460 2094 2535 θᾶμα
2138 2458 2238 2520 καὶ
2283 2461 2506 2534 θαῦμα.
2594 2456 2801 2521 οὕτως
2845 2456 3215 2535 Ἡρωδια-

633 2561 770 2624 νὸς
817 2560 897 2623 ἐν
944 2558 1501 2637 ἐπιμεριςμοῖς.
1546 2593 1631 2603 -
1676 2556 1836 2621 Post
1891 2558 2188 2638 θαυμάζω
2244 2555 2470 2620 addidi
2526 2559 2824 2637 θαυμάςω
2869 2580 2952 2620 ex
2998 2558 3078 2620 E.
3124 2557 3214 2620 M.

631 2661 789 2741 443,
835 2659 914 2722 21
964 2668 1030 2722 et
1071 2660 1247 2738 παρὰ
1289 2659 1365 2723 τὸ
1411 2664 1539 2724 θεῶ
1595 2660 1825 2744 scripsi
1883 2681 2000 2744 pro
2059 2660 2255 2740 θέωμι
2311 2681 2395 2722 ex
2437 2659 2518 2722 E.
2564 2658 2652 2722 M.
2702 2681 2784 2722 ex
2829 2657 3055 2722 eodem
3101 2657 3213 2723 ad-

633 2761 861 2826 iiciens
907 2762 1113 2828 θεάςω
1157 2761 1423 2827 τεθέακα
1466 2761 1774 2842 τεθέαμαι.
1830 2760 2276 2827 Herodianum
2324 2783 2645 2847 apocopes
2692 2760 3213 2826 amantissimum

632 2886 776 2928 esse
821 2863 1174 2929 ostendunt
1218 2863 1592 2947 fragmenta
1634 2861 2087 2946 Pathologiae.

800 3085 881 3150 Ε.
927 3085 1100 3151 Gud.
1145 3084 1302 3165 352,
1349 3085 1433 3146 29
1478 3084 1743 3148 κύκλα;
1792 3083 2069 3163 ςημαίνει
2113 3084 2268 3148 τοὺς
2311 3084 2600 3163 τρόχους.
2677 3084 2803 3149 ἔςτι
2850 3084 3015 3164 ῥῆμα
3058 3089 3210 3166 κλῶ,

630 3191 694 3255 ἐξ
740 3188 820 3253 οὗ
866 3187 1351 3268 μονοςύλλαβον
1397 3184 1606 3263 ὄνομα
1651 3185 1819 3248 κλός.
1889 3186 1990 3248 καὶ
2034 3184 2252 3263 ἐπειδὴ
2298 3185 2492 3252 οὐδὲν
2538 3187 2627 3252 εἰς
2672 3191 2745 3251 ὃς
2791 3188 2998 3266 ὄνομα
3036 3188 3209 3264 λήγει

631 3289 1148 3370 μονοςύλλαβον,
1204 3287 1655 3363 διπλαςιαςμὸν
1722 3284 2197 3366 ἀναδεξάμενον
2270 3288 2527 3363 ἐγένετο
2584 3289 2814 3353 κύκλος
2883 3289 2972 3352 ὡς
3036 3290 3210 3366 παρὰ

627 3393 704 3456 τὸ
750 3396 843 3455 θῶ
888 3390 962 3454 τὸ
1007 3389 1260 3467 θηλάζω
1316 3388 1428 3453 θός
1473 3388 1575 3450 καὶ
1618 3387 1836 3467 ἐπειδὴ
1899 3387 2014 3452 οὐκ
2056 3388 2338 3465 ἠδύνατο
2395 3391 2713 3473 λέγεςθαι,
2770 3391 3208 3454 διπλαςιαςθὲν

629 3494 885 3569 ἐγένετο
940 3491 1113 3556 τιθός
1159 3490 1305 3574 [οὐκ
1362 3488 1716 3553 ἀντιπίπτει
1760 3490 1836 3554 τὸ
1881 3492 2003 3554 πός
2049 3491 2153 3554 διὰ
2195 3491 2271 3554 τὸ
2317 3491 2540 3556 πάθος.
2628 3493 2813 3557 ἔνθεν
2860 3491 2897 3555 ὁ
2942 3492 3209 3570 ποιητὴς

629 3595 945 3659 οὐδέποτε
991 3594 1094 3658 ἐπὶ
1136 3597 1254 3657 τοῦ
1300 3591 1784 3672 μονοςυλλάβου
1830 3590 2053 3672 ὕφεςιν
2100 3593 2471 3675 ἐποιήςατο,
2518 3591 2659 3657 ἀλλ’
2688 3593 2758 3656 ἑν
2788 3599 2881 3677 τῷ
2928 3593 3207 3676 ςυνθὲτῳ

630 3696 993 3760 «ἀελλόπος
1037 3694 1225 3773 Ἶρις»
1272 3694 1354 3776 (Θ
1383 3692 1582 3774 409)].
1653 3693 1691 3769 ἢ
1736 3693 1911 3770 παρὰ
1954 3695 2029 3759 τὸ
2075 3694 2269 3758 κυλίω
2313 3694 2551 3771 γίνεται
2595 3696 2788 3758 κύλος
2832 3696 2934 3759 καὶ
2977 3694 3207 3758 κύκλος

626 3798 664 3861 ὁ
710 3798 1087 3862 εὐκύλιςτος.
1176 3797 1252 3859 τὸ
1298 3796 1369 3858 δὲ
1412 3795 1611 3858 κύκλα
1654 3794 1911 3870 ἐγένετο
1966 3795 2125 3859 κατὰ
2170 3797 2627 3874 μεταπλαςμόν.
2715 3795 2753 3859 ὁ
2800 3797 2870 3859 δὲ
2913 3800 3207 3859 τοιοῦτος

626 3899 1065 3979 μεταπλαςμός
1105 3896 1489 3977 φυλακτικὸς
1535 3896 1656 3960 ἐςτι
1698 3901 1827 3961 τῶν
1861 3897 2076 3961 αὐτῶν
2105 3896 2317 3962 τόνων
2363 3898 2633 3961 κύκλους
2663 3897 2893 3979 κύκλα,
2937 3896 3206 3975 ταρςούς

623 4002 838 4084 ταρςά,
864 4001 1123 4079 ἐρετμός
1154 3998 1396 4076 ἐρετμά.
1441 3997 1647 4062 οὕτως
1671 3997 2150 4076 Ἡρωδιανὸς
2183 3997 2264 4062 ἐν
2299 3997 2350 4078 β’
2376 3997 2617 4062 αὐτοῦ
2650 3998 3203 4077 ἐπιμεριςμοῖς.

623 4123 740 4186 pro
773 4103 1284 4178 διπλαςιαςθῆναι
1317 4097 1551 4184 scripsi
1583 4100 1899 4182 λέγεςθαι,
1946 4102 2418 4183 διπλαςιαςθὲν,
2463 4122 2581 4184 pro
2626 4099 2818 4179 τηθός
2862 4120 3008 4161 cum
3038 4096 3201 4161 Lob.

625 4203 725 4266 El.
774 4202 809 4266 I
869 4202 985 4265 167
1041 4201 1231 4266 τιθός.
1320 4199 1547 4264 Verba
1602 4201 1784 4264 uncis
1845 4198 2102 4265 seclusa
2156 4201 2369 4287 recepi
2424 4223 2508 4263 ex
2564 4201 2689 4286 Ep.
2736 4199 2842 4264 Cr.
2892 4198 2926 4261 I
2969 4198 3073 4260 22.
3119 4235 3203 4244 ——-

622 4307 661 4383 ἢ
723 4305 897 4383 παρὰ
960 4305 1037 4368 τὸ
1103 4303 1297 4367 κυλίω
1353 4302 1589 4378 γίνεται
1645 4304 1838 4368 κύλος
1891 4305 1992 4368 καὶ
2047 4304 2277 4367 κύκλος
2333 4302 2370 4366 ὁ
2426 4302 2790 4367 εύκύλιςτος
2844 4322 2930 4365 ex
2983 4300 3062 4364 E.
3110 4300 3201 4364 M.

621 4406 768 4482 544,
818 4405 895 4468 12
940 4404 1128 4490 posui
1173 4425 1290 4488 pro
1335 4405 1374 4481 ἢ
1420 4405 1650 4470 κύκλος
1681 4407 1926 4480 λέγεται
1973 4405 2010 4468 ὁ
2043 4405 2421 4469 εὐκύλιςτος.
2450 4439 2538 4450 -
2566 4403 2671 4466 De
2716 4400 3202 4466 homoeotonesi

622 4503 1196 4592 metaplasmorum
1251 4505 1335 4570 cf.
1395 4506 1546 4570 Are.
1599 4506 1746 4586 122,
1797 4506 1913 4586 18,
1960 4504 2034 4571 Il.
2083 4505 2190 4567 Pr.
2239 4505 2281 4567 C
2324 4504 2484 4586 3523
2543 4504 2624 4568 de
2677 4503 2941 4567 defectu
2985 4525 3199 4567 mono·

624 4606 1026 4691 syllaborum
1069 4607 1138 4668 in
1182 4612 1262 4670 οἳ
1310 4606 1606 4692 Theogn.
1639 4630 1700 4692 p.
1740 4607 1878 4670 135.
1968 4603 2280 4669 Similiter
2325 4615 2398 4668 ut
2442 4605 2548 4670 hic
2593 4605 2675 4668 de
2720 4604 2971 4688 origine
3019 4604 3199 4668 vocis

622 4709 850 4773 κύκλος
872 4707 1240 4773 haesitabat
1270 4709 1350 4773 de
1381 4708 1583 4772 verbo
1609 4709 1832 4791 κέκλω,
1857 4706 2033 4791 quod
2057 4714 2273 4771 utrum
2304 4728 2343 4768 a
2371 4709 2536 4771 κὲλω
2567 4708 2808 4769 inserto
2831 4709 2866 4769 ι’(
2890 4728 2974 4769 an
3004 4727 3043 4767 a
3067 4709 3198 4770 κλῶ

623 4830 738 4894 per
769 4806 1390 4893 anadiplasiasmum
1431 4816 1844 4894 procreatum
1891 4818 2062 4871 esset
2105 4806 2437 4872 dubitavit
2480 4808 2548 4871 in
2596 4806 2672 4869 E.
2714 4807 2803 4870 Μ.
2836 4809 2993 4889 500,
3036 4807 3139 4871 31.
