<?xml version="1.0" encoding="UTF-8"?>
<!DOCTYPE html PUBLIC "-//W3C//DTD XHTML 1.0 Transitional//EN"
    "http://www.w3.org/TR/xhtml1/DTD/xhtml1-transitional.dtd">
<html xmlns="http://www.w3.org/1999/xhtml" xml:lang="en" lang="en">
 <head>
  <title>
</title>
<meta http-equiv="Content-Type" content="text/html;charset=utf-8" />
  <meta name='ocr-system' content='tesseract 3.04.00' />
  <meta name='ocr-capabilities' content='ocr_page ocr_carea ocr_par ocr_line ocrx_word'/>
</head>
<body>
  <div class='ocr_page' id='page_1' title='image "./grammaticigraec02unkngoog_0126.png"; bbox 0 0 3664 5546; ppageno 0'>
   <div class='ocr_carea' id='block_1_1' title="bbox 687 430 2152 479">
    <p class='ocr_par' dir='ltr' id='par_1_1' title="bbox 687 430 2152 479">
     <span class='ocr_line' id='line_1_1' title="bbox 687 430 2152 479; baseline -0.001 -1"><span class='ocrx_word' id='word_1_1' title='bbox 687 430 776 478; x_wconf 75' lang='lat' dir='ltr'>CX</span> <span class='ocrx_word' id='word_1_2' title='bbox 1737 431 2152 479; x_wconf 80' lang='lat' dir='ltr'>PRAEFATIO.</span> 
     </span>
    </p>
   </div>
   <div class='ocr_carea' id='block_1_2' title="bbox 680 582 3249 1076">
    <p class='ocr_par' dir='ltr' id='par_1_2' title="bbox 680 582 3249 1076">
     <span class='ocr_line' id='line_1_2' title="bbox 683 582 3247 671; baseline 0 -25"><span class='ocrx_word' id='word_1_3' title='bbox 683 582 977 669; x_wconf 84' lang='lat' dir='ltr'>pluribus</span> <span class='ocrx_word' id='word_1_4' title='bbox 1022 583 1284 670; x_wconf 86' lang='lat' dir='ltr'>scriptis</span> <span class='ocrx_word' id='word_1_5' title='bbox 1329 595 1706 670; x_wconf 69' lang='lat' dir='ltr'>persecutus</span> <span class='ocrx_word' id='word_1_6' title='bbox 1752 594 1851 648; x_wconf 87' lang='lat' dir='ltr'>est</span> <span class='ocrx_word' id='word_1_7' title='bbox 1895 582 2187 668; x_wconf 87' lang='lat' dir='ltr'>generali</span> <span class='ocrx_word' id='word_1_8' title='bbox 2231 587 2376 663; x_wconf 87' lang='grc' dir='ltr'>περὶ</span> <span class='ocrx_word' id='word_1_9' title='bbox 2427 584 2799 669; x_wconf 84' lang='grc' dir='ltr'>ὀνομάτων,</span> <span class='ocrx_word' id='word_1_10' title='bbox 2855 582 3247 671; x_wconf 75' lang='lat' dir='ltr'>specialibus</span> 
     </span>
     <span class='ocr_line' id='line_1_3' title="bbox 681 687 3248 769; baseline 0.001 -19"><span class='ocrx_word' id='word_1_11' title='bbox 681 688 826 765; x_wconf 86' lang='grc' dir='ltr'>περὶ</span> <span class='ocrx_word' id='word_1_12' title='bbox 879 687 1136 751; x_wconf 83' lang='grc' dir='ltr'>κλίςεως</span> <span class='ocrx_word' id='word_1_13' title='bbox 1193 687 1562 768; x_wconf 85' lang='grc' dir='ltr'>ὀνομάτων,</span> <span class='ocrx_word' id='word_1_14' title='bbox 1617 688 1763 765; x_wconf 87' lang='grc' dir='ltr'>περὶ</span> <span class='ocrx_word' id='word_1_15' title='bbox 1803 695 2047 769; x_wconf 85' lang='grc' dir='ltr'>γενῶν,</span> <span class='ocrx_word' id='word_1_16' title='bbox 2100 689 2246 766; x_wconf 86' lang='grc' dir='ltr'>περὶ</span> <span class='ocrx_word' id='word_1_17' title='bbox 2297 692 2415 752; x_wconf 84' lang='grc' dir='ltr'>τοῦ</span> <span class='ocrx_word' id='word_1_18' title='bbox 2467 687 2675 767; x_wconf 83' lang='grc' dir='ltr'>ὕδωρ,</span> <span class='ocrx_word' id='word_1_19' title='bbox 2732 690 2877 766; x_wconf 86' lang='grc' dir='ltr'>περὶ</span> <span class='ocrx_word' id='word_1_20' title='bbox 2930 691 3049 752; x_wconf 87' lang='grc' dir='ltr'>τοῦ</span> <span class='ocrx_word' id='word_1_21' title='bbox 3102 689 3248 769; x_wconf 84' lang='grc' dir='ltr'>Ζώς,</span> 
     </span>
     <span class='ocr_line' id='line_1_4' title="bbox 683 784 3249 874; baseline 0.001 -24"><span class='ocrx_word' id='word_1_22' title='bbox 683 788 836 852; x_wconf 88' lang='lat' dir='ltr'>item</span> <span class='ocrx_word' id='word_1_23' title='bbox 881 786 1170 872; x_wconf 88' lang='lat' dir='ltr'>generali</span> <span class='ocrx_word' id='word_1_24' title='bbox 1215 784 1382 851; x_wconf 90' lang='lat' dir='ltr'>libro</span> <span class='ocrx_word' id='word_1_25' title='bbox 1437 791 1582 866; x_wconf 86' lang='grc' dir='ltr'>περὶ</span> <span class='ocrx_word' id='word_1_26' title='bbox 1636 788 1934 867; x_wconf 83' lang='grc' dir='ltr'>ῥημάτων</span> <span class='ocrx_word' id='word_1_27' title='bbox 1976 799 2043 852; x_wconf 88' lang='lat' dir='ltr'>et</span> <span class='ocrx_word' id='word_1_28' title='bbox 2086 785 2476 874; x_wconf 81' lang='lat' dir='ltr'>specialibus</span> <span class='ocrx_word' id='word_1_29' title='bbox 2520 790 2665 868; x_wconf 87' lang='grc' dir='ltr'>περὶ</span> <span class='ocrx_word' id='word_1_30' title='bbox 2708 794 3050 871; x_wconf 82' lang='grc' dir='ltr'>ςυζυγιῶν,</span> <span class='ocrx_word' id='word_1_31' title='bbox 3104 790 3249 866; x_wconf 89' lang='grc' dir='ltr'>περὶ</span> 
     </span>
     <span class='ocr_line' id='line_1_5' title="bbox 680 889 3245 973; baseline 0 -20"><span class='ocrx_word' id='word_1_32' title='bbox 680 894 796 954; x_wconf 88' lang='grc' dir='ltr'>τοῦ</span> <span class='ocrx_word' id='word_1_33' title='bbox 839 893 921 970; x_wconf 81' lang='grc' dir='ltr'>μὴ</span> <span class='ocrx_word' id='word_1_34' title='bbox 966 890 1177 954; x_wconf 86' lang='grc' dir='ltr'>πάντα</span> <span class='ocrx_word' id='word_1_35' title='bbox 1218 891 1298 952; x_wconf 85' lang='grc' dir='ltr'>τὰ</span> <span class='ocrx_word' id='word_1_36' title='bbox 1343 889 1587 969; x_wconf 89' lang='grc' dir='ltr'>ῥήματα</span> <span class='ocrx_word' id='word_1_37' title='bbox 1617 891 1925 955; x_wconf 81' lang='grc' dir='ltr'>κλίνεςθαι</span> <span class='ocrx_word' id='word_1_38' title='bbox 1970 890 2058 955; x_wconf 85' lang='grc' dir='ltr'>εἰς</span> <span class='ocrx_word' id='word_1_39' title='bbox 2088 892 2329 956; x_wconf 88' lang='grc' dir='ltr'>πάντας</span> <span class='ocrx_word' id='word_1_40' title='bbox 2370 892 2523 955; x_wconf 85' lang='grc' dir='ltr'>τοὺς</span> <span class='ocrx_word' id='word_1_41' title='bbox 2567 890 2874 973; x_wconf 86' lang='grc' dir='ltr'>χρόνους,</span> <span class='ocrx_word' id='word_1_42' title='bbox 2921 891 3064 969; x_wconf 84' lang='grc' dir='ltr'>περὶ</span> <span class='ocrx_word' id='word_1_43' title='bbox 3105 910 3245 970; x_wconf 89' lang='grc' dir='ltr'>μετ-</span> 
     </span>
     <span class='ocr_line' id='line_1_6' title="bbox 680 990 2623 1076; baseline -0.001 -20"><span class='ocrx_word' id='word_1_44' title='bbox 680 1000 891 1072; x_wconf 87' lang='grc' dir='ltr'>οχῶν,</span> <span class='ocrx_word' id='word_1_45' title='bbox 934 992 1080 1069; x_wconf 86' lang='grc' dir='ltr'>περὶ</span> <span class='ocrx_word' id='word_1_46' title='bbox 1122 995 1241 1055; x_wconf 80' lang='grc' dir='ltr'>τοῦ</span> <span class='ocrx_word' id='word_1_47' title='bbox 1283 991 1363 1070; x_wconf 87' lang='grc' dir='ltr'>ἦν</span> <span class='ocrx_word' id='word_1_48' title='bbox 1407 1001 1472 1054; x_wconf 91' lang='lat' dir='ltr'>et</span> <span class='ocrx_word' id='word_1_49' title='bbox 1514 993 1656 1070; x_wconf 86' lang='grc' dir='ltr'>περὶ</span> <span class='ocrx_word' id='word_1_50' title='bbox 1699 999 1830 1057; x_wconf 85' lang='grc' dir='ltr'>τῶν</span> <span class='ocrx_word' id='word_1_51' title='bbox 1875 992 1963 1056; x_wconf 85' lang='grc' dir='ltr'>εἰς</span> <span class='ocrx_word' id='word_1_52' title='bbox 2008 993 2071 1070; x_wconf 78' lang='grc' dir='ltr'>’μῐ</span> <span class='ocrx_word' id='word_1_53' title='bbox 2114 990 2623 1076; x_wconf 89' lang='lat' dir='ltr'>comprehendit.</span> 
     </span>
    </p>
   </div>
   <div class='ocr_carea' id='block_1_3' title="bbox 1485 1158 2438 1240">
    <p class='ocr_par' dir='ltr' id='par_1_3' title="bbox 1485 1158 2438 1240">
     <span class='ocr_line' id='line_1_7' title="bbox 1485 1158 2438 1240; baseline 0.002 -18"><span class='ocrx_word' id='word_1_54' title='bbox 1485 1158 1712 1225; x_wconf 84' lang='lat' dir='ltr'>XVII.</span> <span class='ocrx_word' id='word_1_55' title='bbox 1796 1162 1989 1240; x_wconf 86' lang='grc' dir='ltr'>Περὶ</span> <span class='ocrx_word' id='word_1_56' title='bbox 2033 1165 2438 1237; x_wconf 85' lang='grc' dir='ltr'>ςυζυγιῶν.</span> 
     </span>
    </p>
   </div>
   <div class='ocr_carea' id='block_1_4' title="bbox 678 1292 3245 1684">
    <p class='ocr_par' dir='ltr' id='par_1_4' title="bbox 678 1292 3245 1684">
     <span class='ocr_line' id='line_1_8' title="bbox 849 1292 3245 1382; baseline 0 -24"><span class='ocrx_word' id='word_1_57' title='bbox 849 1293 954 1359; x_wconf 83' lang='lat' dir='ltr'>Ex</span> <span class='ocrx_word' id='word_1_58' title='bbox 997 1294 1120 1360; x_wconf 88' lang='lat' dir='ltr'>boc</span> <span class='ocrx_word' id='word_1_59' title='bbox 1165 1292 1332 1358; x_wconf 88' lang='lat' dir='ltr'>libro</span> <span class='ocrx_word' id='word_1_60' title='bbox 1375 1315 1578 1358; x_wconf 87' lang='lat' dir='ltr'>unum</span> <span class='ocrx_word' id='word_1_61' title='bbox 1622 1305 1872 1359; x_wconf 84' lang='lat' dir='ltr'>tanturn</span> <span class='ocrx_word' id='word_1_62' title='bbox 1918 1295 2039 1361; x_wconf 89' lang='lat' dir='ltr'>hoc</span> <span class='ocrx_word' id='word_1_63' title='bbox 2086 1293 2271 1361; x_wconf 89' lang='lat' dir='ltr'>titulo</span> <span class='ocrx_word' id='word_1_64' title='bbox 2317 1295 2755 1382; x_wconf 87' lang='lat' dir='ltr'>subscriptum</span> <span class='ocrx_word' id='word_1_65' title='bbox 2808 1296 3245 1379; x_wconf 80' lang='lat' dir='ltr'>fragmentum</span> 
     </span>
     <span class='ocr_line' id='line_1_9' title="bbox 679 1395 3245 1483; baseline -0.001 -23"><span class='ocrx_word' id='word_1_66' title='bbox 679 1407 974 1483; x_wconf 79' lang='lat' dir='ltr'><strong>superest</strong></span> <span class='ocrx_word' id='word_1_67' title='bbox 1018 1418 1122 1482; x_wconf 88' lang='lat' dir='ltr'>ap.</span> <span class='ocrx_word' id='word_1_68' title='bbox 1168 1395 1461 1480; x_wconf 87' lang='lat' dir='ltr'>Theogn.</span> <span class='ocrx_word' id='word_1_69' title='bbox 1507 1395 1722 1460; x_wconf 81' lang='lat' dir='ltr'>Cram.</span> <span class='ocrx_word' id='word_1_70' title='bbox 1773 1397 1922 1477; x_wconf 87' lang='lat'>138,</span> <span class='ocrx_word' id='word_1_71' title='bbox 1978 1396 2193 1460; x_wconf 83' lang='lat' dir='ltr'>Bekk.</span> <span class='ocrx_word' id='word_1_72' title='bbox 2245 1398 2435 1478; x_wconf 85' lang='grc'>1401,</span> <span class='ocrx_word' id='word_1_73' title='bbox 2494 1398 2599 1461; x_wconf 86' lang='lat' dir='ltr'>cui</span> <span class='ocrx_word' id='word_1_74' title='bbox 2644 1420 2842 1462; x_wconf 89' lang='lat' dir='ltr'>unum</span> <span class='ocrx_word' id='word_1_75' title='bbox 2887 1420 2970 1461; x_wconf 81' lang='lat' dir='ltr'>ex</span> <span class='ocrx_word' id='word_1_76' title='bbox 3014 1398 3245 1460; x_wconf 86' lang='lat' dir='ltr'>Choer.</span> 
     </span>
     <span class='ocr_line' id='line_1_10' title="bbox 678 1495 3245 1584; baseline 0.002 -28"><span class='ocrx_word' id='word_1_77' title='bbox 678 1497 800 1561; x_wconf 75' lang='lat'>657</span> <span class='ocrx_word' id='word_1_78' title='bbox 847 1495 1092 1561; x_wconf 88' lang='lat' dir='ltr'>addidi.</span> <span class='ocrx_word' id='word_1_79' title='bbox 1181 1497 1365 1577; x_wconf 77' lang='lat' dir='ltr'>Quae</span> <span class='ocrx_word' id='word_1_80' title='bbox 1419 1507 1758 1584; x_wconf 87' lang='lat' dir='ltr'>praeterea</span> <span class='ocrx_word' id='word_1_81' title='bbox 1800 1498 1881 1562; x_wconf 88' lang='lat' dir='ltr'>de</span> <span class='ocrx_word' id='word_1_82' title='bbox 1925 1499 2492 1583; x_wconf 88' lang='lat' dir='ltr'>coniugationibus</span> <span class='ocrx_word' id='word_1_83' title='bbox 2548 1499 2725 1563; x_wconf 85' lang='lat' dir='ltr'>dicta</span> <span class='ocrx_word' id='word_1_84' title='bbox 2767 1509 3042 1564; x_wconf 89' lang='lat' dir='ltr'>aetatem</span> <span class='ocrx_word' id='word_1_85' title='bbox 3088 1497 3245 1564; x_wconf 84' lang='lat' dir='ltr'>tule-</span> 
     </span>
     <span class='ocr_line' id='line_1_11' title="bbox 681 1596 3087 1684; baseline 0 -22"><span class='ocrx_word' id='word_1_86' title='bbox 681 1609 867 1680; x_wconf 84' lang='lat' dir='ltr'>runt,</span> <span class='ocrx_word' id='word_1_87' title='bbox 913 1597 997 1661; x_wconf 91' lang='lat' dir='ltr'>ad</span> <span class='ocrx_word' id='word_1_88' title='bbox 1043 1596 1450 1662; x_wconf 84' lang='lat' dir='ltr'>Catholicam</span> <span class='ocrx_word' id='word_1_89' title='bbox 1497 1598 1808 1684; x_wconf 80' lang='lat' dir='ltr'>relegavi.</span> <span class='ocrx_word' id='word_1_90' title='bbox 3078 1615 3087 1622; x_wconf 86' lang='lat'><strong>·</strong></span> 
     </span>
    </p>
   </div>
   <div class='ocr_carea' id='block_1_5' title="bbox 785 1767 3148 1952">
    <p class='ocr_par' dir='ltr' id='par_1_5' title="bbox 785 1767 3148 1952">
     <span class='ocr_line' id='line_1_12' title="bbox 785 1767 3148 1852; baseline 0.002 -20"><span class='ocrx_word' id='word_1_91' title='bbox 785 1767 1042 1833; x_wconf 89' lang='lat' dir='ltr'><strong>XVIII.</strong></span> <span class='ocrx_word' id='word_1_92' title='bbox 1131 1769 1641 1850; x_wconf 86' lang='grc' dir='ltr'>Μονόβιβλον</span> <span class='ocrx_word' id='word_1_93' title='bbox 1686 1772 1865 1851; x_wconf 87' lang='grc' dir='ltr'>περὶ</span> <span class='ocrx_word' id='word_1_94' title='bbox 1907 1776 2043 1836; x_wconf 85' lang='grc' dir='ltr'>τοῦ</span> <span class='ocrx_word' id='word_1_95' title='bbox 2089 1773 2178 1851; x_wconf 87' lang='grc' dir='ltr'>μὴ</span> <span class='ocrx_word' id='word_1_96' title='bbox 2223 1772 2478 1836; x_wconf 88' lang='grc' dir='ltr'>πάντα</span> <span class='ocrx_word' id='word_1_97' title='bbox 2522 1773 2610 1836; x_wconf 86' lang='grc' dir='ltr'>τὰ</span> <span class='ocrx_word' id='word_1_98' title='bbox 2654 1772 2948 1852; x_wconf 88' lang='grc' dir='ltr'>ῥήματα</span> <span class='ocrx_word' id='word_1_99' title='bbox 2991 1772 3148 1837; x_wconf 80' lang='grc' dir='ltr'>κλί·</span> 
     </span>
     <span class='ocr_line' id='line_1_13' title="bbox 1258 1873 2650 1952; baseline 0.001 -17"><span class='ocrx_word' id='word_1_100' title='bbox 1258 1876 1527 1936; x_wconf 88' lang='grc' dir='ltr'>νεςθαι</span> <span class='ocrx_word' id='word_1_101' title='bbox 1572 1873 1680 1937; x_wconf 89' lang='grc' dir='ltr'>εἰς</span> <span class='ocrx_word' id='word_1_102' title='bbox 1724 1873 2018 1939; x_wconf 88' lang='grc' dir='ltr'>πάντας</span> <span class='ocrx_word' id='word_1_103' title='bbox 2062 1875 2249 1938; x_wconf 87' lang='grc' dir='ltr'>τοὺς</span> <span class='ocrx_word' id='word_1_104' title='bbox 2294 1875 2650 1952; x_wconf 85' lang='grc' dir='ltr'>χρόνους.</span> 
     </span>
    </p>
   </div>
   <div class='ocr_carea' id='block_1_6' title="bbox 676 2003 3247 2802">
    <p class='ocr_par' dir='ltr' id='par_1_6' title="bbox 676 2003 3247 2802">
     <span class='ocr_line' id='line_1_14' title="bbox 847 2003 3247 2092; baseline 0 -23"><span class='ocrx_word' id='word_1_105' title='bbox 847 2004 1037 2071; x_wconf 87' lang='lat' dir='ltr'>Hunc</span> <span class='ocrx_word' id='word_1_106' title='bbox 1095 2005 1332 2073; x_wconf 89' lang='lat' dir='ltr'>librum</span> <span class='ocrx_word' id='word_1_107' title='bbox 1388 2003 1586 2070; x_wconf 89' lang='lat' dir='ltr'>semel</span> <span class='ocrx_word' id='word_1_108' title='bbox 1640 2004 1865 2071; x_wconf 88' lang='lat' dir='ltr'>laudat</span> <span class='ocrx_word' id='word_1_109' title='bbox 1919 2005 2151 2072; x_wconf 87' lang='lat' dir='ltr'>Choer.</span> <span class='ocrx_word' id='word_1_110' title='bbox 2196 2008 2353 2088; x_wconf 86' lang='grc'>811,</span> <span class='ocrx_word' id='word_1_111' title='bbox 2399 2007 2509 2088; x_wconf 89' lang='grc'>20,</span> <span class='ocrx_word' id='word_1_112' title='bbox 2567 2007 2683 2072; x_wconf 90' lang='lat' dir='ltr'>sed</span> <span class='ocrx_word' id='word_1_113' title='bbox 2739 2007 2825 2072; x_wconf 87' lang='lat' dir='ltr'>ad</span> <span class='ocrx_word' id='word_1_114' title='bbox 2881 2008 3247 2092; x_wconf 85' lang='lat' dir='ltr'>fragmenta</span> 
     </span>
     <span class='ocr_line' id='line_1_15' title="bbox 678 2105 3244 2195; baseline -0 -25"><span class='ocrx_word' id='word_1_115' title='bbox 678 2107 996 2174; x_wconf 82' lang='lat' dir='ltr'>accedunt</span> <span class='ocrx_word' id='word_1_116' title='bbox 1053 2105 1364 2171; x_wconf 88' lang='lat' dir='ltr'>nonnulla</span> <span class='ocrx_word' id='word_1_117' title='bbox 1415 2118 1794 2194; x_wconf 84' lang='lat' dir='ltr'>praecepta,</span> <span class='ocrx_word' id='word_1_118' title='bbox 1862 2130 2027 2195; x_wconf 90' lang='lat' dir='ltr'>quae</span> <span class='ocrx_word' id='word_1_119' title='bbox 2083 2131 2164 2172; x_wconf 86' lang='lat' dir='ltr'>ex</span> <span class='ocrx_word' id='word_1_120' title='bbox 2220 2107 2445 2172; x_wconf 86' lang='lat' dir='ltr'>eodem</span> <span class='ocrx_word' id='word_1_121' title='bbox 2500 2107 2665 2173; x_wconf 90' lang='lat' dir='ltr'>libro</span> <span class='ocrx_word' id='word_1_122' title='bbox 2723 2107 3244 2173; x_wconf 87' lang='lat' dir='ltr'>Choeroboscum</span> 
     </span>
     <span class='ocr_line' id='line_1_16' title="bbox 678 2203 3235 2296; baseline 0.001 -25"><span class='ocrx_word' id='word_1_123' title='bbox 678 2209 1101 2296; x_wconf 77' lang='lat' dir='ltr'>exscripsisse</span> <span class='ocrx_word' id='word_1_124' title='bbox 1155 2221 1607 2294; x_wconf 82' lang='lat' dir='ltr'>argumentum</span> <span class='ocrx_word' id='word_1_125' title='bbox 1663 2203 2067 2275; x_wconf 84' lang='lat' dir='ltr'>demonstrat</span> <span class='ocrx_word' id='word_1_126' title='bbox 2128 2218 2194 2273; x_wconf 90' lang='lat' dir='ltr'>et</span> <span class='ocrx_word' id='word_1_127' title='bbox 2254 2209 2693 2295; x_wconf 83' lang='lat' dir='ltr'>fragmentum</span> <span class='ocrx_word' id='word_1_128' title='bbox 2764 2213 2910 2290; x_wconf 85' lang='grc' dir='ltr'>περὶ</span> <span class='ocrx_word' id='word_1_129' title='bbox 2965 2211 3235 2275; x_wconf 82' lang='grc' dir='ltr'>ἀκλίτων</span> 
     </span>
     <span class='ocr_line' id='line_1_17' title="bbox 680 2309 3243 2398; baseline 0 -24"><span class='ocrx_word' id='word_1_130' title='bbox 680 2309 977 2390; x_wconf 83' lang='grc' dir='ltr'>ῥημάτων</span> <span class='ocrx_word' id='word_1_131' title='bbox 1019 2312 1235 2377; x_wconf 87' lang='grc' dir='ltr'>Αἰλίου</span> <span class='ocrx_word' id='word_1_132' title='bbox 1266 2312 1662 2391; x_wconf 85' lang='grc' dir='ltr'>Ἡρωδιανοῦ</span> <span class='ocrx_word' id='word_1_133' title='bbox 1705 2312 1773 2374; x_wconf 90' lang='lat' dir='ltr'>in</span> <span class='ocrx_word' id='word_1_134' title='bbox 1803 2313 1930 2375; x_wconf 85' lang='lat' dir='ltr'>An.</span> <span class='ocrx_word' id='word_1_135' title='bbox 1963 2310 2090 2377; x_wconf 85' lang='lat' dir='ltr'>Ox.</span> <span class='ocrx_word' id='word_1_136' title='bbox 2122 2310 2220 2376; x_wconf 93' lang='lat' dir='ltr'>IV</span> <span class='ocrx_word' id='word_1_137' title='bbox 2251 2312 2407 2392; x_wconf 82' lang='grc'>338,</span> <span class='ocrx_word' id='word_1_138' title='bbox 2453 2310 2628 2398; x_wconf 91' lang='lat' dir='ltr'>quod</span> <span class='ocrx_word' id='word_1_139' title='bbox 2660 2333 3049 2398; x_wconf 89' lang='lat' dir='ltr'>quamquam</span> <span class='ocrx_word' id='word_1_140' title='bbox 3095 2333 3243 2375; x_wconf 90' lang='lat' dir='ltr'>cum</span> 
     </span>
     <span class='ocr_line' id='line_1_18' title="bbox 679 2410 3247 2500; baseline 0.001 -28"><span class='ocrx_word' id='word_1_141' title='bbox 679 2410 1129 2477; x_wconf 76' lang='lat' dir='ltr'>Choerobosco</span> <span class='ocrx_word' id='word_1_142' title='bbox 1173 2435 1238 2499; x_wconf 90' lang='lat' dir='ltr'>p.</span> <span class='ocrx_word' id='word_1_143' title='bbox 1281 2413 1410 2476; x_wconf 86' lang='grc'>489</span> <span class='ocrx_word' id='word_1_144' title='bbox 1453 2434 1629 2499; x_wconf 87' lang='lat' dir='ltr'>seqq.</span> <span class='ocrx_word' id='word_1_145' title='bbox 1676 2413 1985 2495; x_wconf 85' lang='lat' dir='ltr'>concinit,</span> <span class='ocrx_word' id='word_1_146' title='bbox 2030 2424 2248 2478; x_wconf 86' lang='lat' dir='ltr'>tamen</span> <span class='ocrx_word' id='word_1_147' title='bbox 2292 2411 2489 2478; x_wconf 87' lang='lat' dir='ltr'>habet</span> <span class='ocrx_word' id='word_1_148' title='bbox 2532 2413 2851 2499; x_wconf 87' lang='lat' dir='ltr'>quaedam</span> <span class='ocrx_word' id='word_1_149' title='bbox 2895 2412 3247 2500; x_wconf 85' lang='lat' dir='ltr'>peculiaria</span> 
     </span>
     <span class='ocr_line' id='line_1_19' title="bbox 680 2511 3245 2602; baseline 0 -27"><span class='ocrx_word' id='word_1_150' title='bbox 680 2511 857 2575; x_wconf 77' lang='lat' dir='ltr'>velut</span> <span class='ocrx_word' id='word_1_151' title='bbox 900 2511 982 2576; x_wconf 91' lang='lat' dir='ltr'>de</span> <span class='ocrx_word' id='word_1_152' title='bbox 1027 2516 1252 2580; x_wconf 87' lang='grc' dir='ltr'>ςκιάςω</span> <span class='ocrx_word' id='word_1_153' title='bbox 1297 2523 1364 2578; x_wconf 92' lang='lat' dir='ltr'>et</span> <span class='ocrx_word' id='word_1_154' title='bbox 1407 2519 1792 2598; x_wconf 86' lang='grc' dir='ltr'>διδαςκῆςαι,</span> <span class='ocrx_word' id='word_1_155' title='bbox 1838 2537 2005 2602; x_wconf 91' lang='lat' dir='ltr'>quae</span> <span class='ocrx_word' id='word_1_156' title='bbox 2049 2536 2156 2601; x_wconf 85' lang='lat' dir='ltr'>ap.</span> <span class='ocrx_word' id='word_1_157' title='bbox 2189 2514 2713 2579; x_wconf 82' lang='lat' dir='ltr'>Choeroboscum</span> <span class='ocrx_word' id='word_1_158' title='bbox 2745 2515 3000 2579; x_wconf 87' lang='lat' dir='ltr'>desunt.</span> <span class='ocrx_word' id='word_1_159' title='bbox 3056 2515 3245 2577; x_wconf 88' lang='lat' dir='ltr'>Hanc</span> 
     </span>
     <span class='ocr_line' id='line_1_20' title="bbox 677 2612 3245 2703; baseline 0.001 -27"><span class='ocrx_word' id='word_1_160' title='bbox 677 2612 870 2677; x_wconf 83' lang='lat' dir='ltr'>valde</span> <span class='ocrx_word' id='word_1_161' title='bbox 916 2613 1318 2680; x_wconf 84' lang='lat' dir='ltr'>decurtatam</span> <span class='ocrx_word' id='word_1_162' title='bbox 1363 2616 1684 2701; x_wconf 87' lang='lat' dir='ltr'>epitomen</span> <span class='ocrx_word' id='word_1_163' title='bbox 1730 2615 1992 2703; x_wconf 82' lang='lat' dir='ltr'>explevi</span> <span class='ocrx_word' id='word_1_164' title='bbox 2023 2616 2388 2702; x_wconf 84' lang='lat' dir='ltr'>praeceptis</span> <span class='ocrx_word' id='word_1_165' title='bbox 2434 2615 2693 2681; x_wconf 87' lang='lat' dir='ltr'>aliunde</span> <span class='ocrx_word' id='word_1_166' title='bbox 2723 2617 3032 2702; x_wconf 84' lang='lat' dir='ltr'>cognitis,</span> <span class='ocrx_word' id='word_1_167' title='bbox 3079 2637 3245 2701; x_wconf 89' lang='lat' dir='ltr'>quae</span> 
     </span>
     <span class='ocr_line' id='line_1_21' title="bbox 676 2714 1897 2802; baseline 0.002 -23"><span class='ocrx_word' id='word_1_168' title='bbox 676 2715 760 2781; x_wconf 90' lang='lat' dir='ltr'>ab</span> <span class='ocrx_word' id='word_1_169' title='bbox 807 2714 1183 2782; x_wconf 88' lang='lat' dir='ltr'>Herodiano</span> <span class='ocrx_word' id='word_1_170' title='bbox 1228 2715 1523 2802; x_wconf 87' lang='lat' dir='ltr'>profecta</span> <span class='ocrx_word' id='word_1_171' title='bbox 1565 2716 1897 2785; x_wconf 86' lang='lat' dir='ltr'>videntur.</span> 
     </span>
    </p>
   </div>
   <div class='ocr_carea' id='block_1_7' title="bbox 667 2887 3241 4414">
    <p class='ocr_par' dir='ltr' id='par_1_7' title="bbox 1520 2887 2532 2970">
     <span class='ocr_line' id='line_1_22' title="bbox 1520 2887 2532 2970; baseline 0.003 -18"><span class='ocrx_word' id='word_1_172' title='bbox 1520 2887 1712 2952; x_wconf 90' lang='lat' dir='ltr'>XIX.</span> <span class='ocrx_word' id='word_1_173' title='bbox 1797 2891 1993 2969; x_wconf 84' lang='grc' dir='ltr'>Περὶ</span> <span class='ocrx_word' id='word_1_174' title='bbox 2035 2895 2399 2970; x_wconf 87' lang='grc' dir='ltr'>μετοχῶν.</span> <span class='ocrx_word' id='word_1_175' title='bbox 2525 2907 2532 2913; x_wconf 93' lang='grc'><em>·</em></span> 
     </span>
    </p>

    <p class='ocr_par' dir='ltr' id='par_1_8' title="bbox 667 3005 3241 4295">
     <span class='ocr_line' id='line_1_23' title="bbox 841 3005 3241 3094; baseline -0.001 -23"><span class='ocrx_word' id='word_1_176' title='bbox 841 3005 1032 3071; x_wconf 90' lang='lat' dir='ltr'>Hunc</span> <span class='ocrx_word' id='word_1_177' title='bbox 1085 3005 1322 3072; x_wconf 88' lang='lat' dir='ltr'>librum</span> <span class='ocrx_word' id='word_1_178' title='bbox 1379 3005 1793 3071; x_wconf 86' lang='lat' dir='ltr'>Herodianus</span> <span class='ocrx_word' id='word_1_179' title='bbox 1852 3007 1993 3093; x_wconf 90' lang='lat' dir='ltr'>ipse</span> <span class='ocrx_word' id='word_1_180' title='bbox 2048 3013 2200 3073; x_wconf 87' lang='lat' dir='ltr'>citat</span> <span class='ocrx_word' id='word_1_181' title='bbox 2252 3008 2320 3070; x_wconf 92' lang='lat' dir='ltr'>in</span> <span class='ocrx_word' id='word_1_182' title='bbox 2376 3008 2552 3073; x_wconf 90' lang='lat' dir='ltr'>Mon.</span> <span class='ocrx_word' id='word_1_183' title='bbox 2606 3007 2680 3089; x_wconf 81' lang='lat'>5,</span> <span class='ocrx_word' id='word_1_184' title='bbox 2726 3008 2840 3089; x_wconf 88' lang='grc'>26,</span> <span class='ocrx_word' id='word_1_185' title='bbox 2906 3018 3241 3094; x_wconf 87' lang='lat' dir='ltr'>praeterea</span> 
     </span>
     <span class='ocr_line' id='line_1_24' title="bbox 674 3107 3240 3189; baseline 0 -18"><span class='ocrx_word' id='word_1_186' title='bbox 674 3109 814 3172; x_wconf 90' lang='lat' dir='ltr'>eius</span> <span class='ocrx_word' id='word_1_187' title='bbox 858 3109 1251 3174; x_wconf 83' lang='lat' dir='ltr'>mentionem</span> <span class='ocrx_word' id='word_1_188' title='bbox 1295 3107 1461 3172; x_wconf 87' lang='lat' dir='ltr'>facit</span> <span class='ocrx_word' id='word_1_189' title='bbox 1497 3107 1592 3172; x_wconf 93' lang='grc' dir='ltr'>Ιο.</span> <span class='ocrx_word' id='word_1_190' title='bbox 1623 3108 1731 3172; x_wconf 89' lang='lat' dir='ltr'>Al.</span> <span class='ocrx_word' id='word_1_191' title='bbox 1768 3109 1876 3189; x_wconf 87' lang='grc'>18,</span> <span class='ocrx_word' id='word_1_192' title='bbox 1922 3110 2004 3173; x_wconf 84' lang='grc'>33</span> <span class='ocrx_word' id='word_1_193' title='bbox 2049 3109 2147 3175; x_wconf 88' lang='grc' dir='ltr'>ὅτι</span> <span class='ocrx_word' id='word_1_194' title='bbox 2190 3111 2425 3175; x_wconf 87' lang='grc' dir='ltr'>πάντες</span> <span class='ocrx_word' id='word_1_195' title='bbox 2467 3112 2729 3175; x_wconf 88' lang='grc' dir='ltr'>πάντων</span> <span class='ocrx_word' id='word_1_196' title='bbox 2760 3113 3030 3189; x_wconf 83' lang='grc' dir='ltr'>μετοχῆς</span> <span class='ocrx_word' id='word_1_197' title='bbox 3075 3107 3240 3187; x_wconf 85' lang='grc' dir='ltr'>εἴλη-</span> 
     </span>
     <span class='ocr_line' id='line_1_25' title="bbox 673 3209 3238 3296; baseline -0.002 -21"><span class='ocrx_word' id='word_1_198' title='bbox 673 3231 798 3290; x_wconf 89' lang='grc' dir='ltr'>φεν</span> <span class='ocrx_word' id='word_1_199' title='bbox 865 3209 1246 3293; x_wconf 80' lang='grc' dir='ltr'>ἀναλογίαν,</span> <span class='ocrx_word' id='word_1_200' title='bbox 1315 3211 1404 3275; x_wconf 84' lang='grc' dir='ltr'>ὡς</span> <span class='ocrx_word' id='word_1_201' title='bbox 1469 3211 1538 3275; x_wconf 86' lang='grc' dir='ltr'>ἐν</span> <span class='ocrx_word' id='word_1_202' title='bbox 1592 3216 1685 3294; x_wconf 84' lang='grc' dir='ltr'>τῷ</span> <span class='ocrx_word' id='word_1_203' title='bbox 1751 3213 1898 3289; x_wconf 81' lang='grc' dir='ltr'>περὶ</span> <span class='ocrx_word' id='word_1_204' title='bbox 1956 3218 2247 3291; x_wconf 81' lang='grc' dir='ltr'>μετοχῶν</span> <span class='ocrx_word' id='word_1_205' title='bbox 2314 3213 2652 3295; x_wconf 80' lang='grc' dir='ltr'>δέδεικται,</span> <span class='ocrx_word' id='word_1_206' title='bbox 2717 3210 2955 3296; x_wconf 86' lang='lat' dir='ltr'>quibus</span> <span class='ocrx_word' id='word_1_207' title='bbox 3020 3209 3238 3274; x_wconf 80' lang='lat' dir='ltr'>verbis</span> 
     </span>
     <span class='ocr_line' id='line_1_26' title="bbox 677 3309 3240 3399; baseline -0 -26"><span class='ocrx_word' id='word_1_208' title='bbox 677 3309 1031 3375; x_wconf 84' lang='lat' dir='ltr'>llerodiani</span> <span class='ocrx_word' id='word_1_209' title='bbox 1087 3310 1326 3376; x_wconf 90' lang='lat' dir='ltr'>librum</span> <span class='ocrx_word' id='word_1_210' title='bbox 1385 3310 1735 3395; x_wconf 87' lang='lat' dir='ltr'>significari</span> <span class='ocrx_word' id='word_1_211' title='bbox 1790 3313 1939 3376; x_wconf 91' lang='lat' dir='ltr'>inde</span> <span class='ocrx_word' id='word_1_212' title='bbox 1993 3321 2207 3399; x_wconf 86' lang='lat' dir='ltr'>patet,</span> <span class='ocrx_word' id='word_1_213' title='bbox 2264 3312 2438 3399; x_wconf 89' lang='lat' dir='ltr'>quod</span> <span class='ocrx_word' id='word_1_214' title='bbox 2494 3313 2590 3378; x_wconf 92' lang='lat' dir='ltr'>Io.</span> <span class='ocrx_word' id='word_1_215' title='bbox 2637 3310 2745 3377; x_wconf 85' lang='lat' dir='ltr'>Al.</span> <span class='ocrx_word' id='word_1_216' title='bbox 2802 3314 2871 3376; x_wconf 92' lang='lat' dir='ltr'>in</span> <span class='ocrx_word' id='word_1_217' title='bbox 2924 3334 3002 3375; x_wconf 86' lang='lat' dir='ltr'>ea</span> <span class='ocrx_word' id='word_1_218' title='bbox 3044 3310 3240 3398; x_wconf 79' lang='lat' dir='ltr'>parti-</span> 
     </span>
     <span class='ocr_line' id='line_1_27' title="bbox 673 3410 3238 3499; baseline 0 -25"><span class='ocrx_word' id='word_1_219' title='bbox 673 3410 850 3493; x_wconf 88' lang='lat' dir='ltr'>cula,</span> <span class='ocrx_word' id='word_1_220' title='bbox 897 3433 1062 3498; x_wconf 85' lang='lat' dir='ltr'>quae</span> <span class='ocrx_word' id='word_1_221' title='bbox 1104 3422 1203 3476; x_wconf 89' lang='lat' dir='ltr'>est</span> <span class='ocrx_word' id='word_1_222' title='bbox 1247 3415 1393 3491; x_wconf 84' lang='grc' dir='ltr'>περὶ</span> <span class='ocrx_word' id='word_1_223' title='bbox 1434 3418 1719 3493; x_wconf 84' lang='grc' dir='ltr'>μετοχῶν</span> <span class='ocrx_word' id='word_1_224' title='bbox 1763 3435 1826 3498; x_wconf 89' lang='lat' dir='ltr'>p.</span> <span class='ocrx_word' id='word_1_225' title='bbox 1873 3413 1987 3492; x_wconf 82' lang='lat'>21,</span> <span class='ocrx_word' id='word_1_226' title='bbox 2035 3413 2118 3477; x_wconf 79' lang='grc'>26</span> <span class='ocrx_word' id='word_1_227' title='bbox 2163 3435 2341 3499; x_wconf 88' lang='lat' dir='ltr'>seqq.</span> <span class='ocrx_word' id='word_1_228' title='bbox 2387 3416 2553 3478; x_wconf 90' lang='lat' dir='ltr'>hanc</span> <span class='ocrx_word' id='word_1_229' title='bbox 2599 3437 2733 3478; x_wconf 89' lang='lat' dir='ltr'>rem</span> <span class='ocrx_word' id='word_1_230' title='bbox 2776 3436 2906 3480; x_wconf 91' lang='lat' dir='ltr'>non</span> <span class='ocrx_word' id='word_1_231' title='bbox 2951 3412 3238 3496; x_wconf 86' lang='lat' dir='ltr'>attingit.</span> 
     </span>
     <span class='ocr_line' id='line_1_28' title="bbox 675 3513 3237 3600; baseline 0.001 -25"><span class='ocrx_word' id='word_1_232' title='bbox 675 3513 797 3577; x_wconf 80' lang='lat' dir='ltr'>llis</span> <span class='ocrx_word' id='word_1_233' title='bbox 854 3513 1106 3579; x_wconf 87' lang='lat' dir='ltr'>duobus</span> <span class='ocrx_word' id='word_1_234' title='bbox 1162 3513 1541 3599; x_wconf 82' lang='lat' dir='ltr'>fragmentis</span> <span class='ocrx_word' id='word_1_235' title='bbox 1598 3514 1777 3600; x_wconf 89' lang='lat' dir='ltr'>(nam</span> <span class='ocrx_word' id='word_1_236' title='bbox 1820 3515 1888 3577; x_wconf 91' lang='lat' dir='ltr'>in</span> <span class='ocrx_word' id='word_1_237' title='bbox 1932 3514 2012 3579; x_wconf 87' lang='grc' dir='ltr'>Ε.</span> <span class='ocrx_word' id='word_1_238' title='bbox 2058 3513 2286 3579; x_wconf 88' lang='lat' dir='ltr'>Orion.</span> <span class='ocrx_word' id='word_1_239' title='bbox 2331 3515 2442 3596; x_wconf 86' lang='lat'>89,</span> <span class='ocrx_word' id='word_1_240' title='bbox 2487 3515 2560 3596; x_wconf 86' lang='lat'>4,</span> <span class='ocrx_word' id='word_1_241' title='bbox 2617 3513 2729 3579; x_wconf 91' lang='lat' dir='ltr'>ubi</span> <span class='ocrx_word' id='word_1_242' title='bbox 2790 3515 2996 3581; x_wconf 87' lang='grc' dir='ltr'>οὕτως</span> <span class='ocrx_word' id='word_1_243' title='bbox 3039 3515 3237 3593; x_wconf 84' lang='grc' dir='ltr'>Ἡρω-</span> 
     </span>
     <span class='ocr_line' id='line_1_29' title="bbox 674 3615 3239 3702; baseline -0.001 -22"><span class='ocrx_word' id='word_1_244' title='bbox 674 3617 891 3681; x_wconf 89' lang='grc' dir='ltr'>διανὸς</span> <span class='ocrx_word' id='word_1_245' title='bbox 937 3618 1037 3681; x_wconf 81' lang='grc' dir='ltr'>καὶ</span> <span class='ocrx_word' id='word_1_246' title='bbox 1081 3617 1513 3682; x_wconf 82' lang='grc' dir='ltr'>Ἀπολλώνιος</span> <span class='ocrx_word' id='word_1_247' title='bbox 1558 3617 1628 3682; x_wconf 83' lang='grc' dir='ltr'>ἐν</span> <span class='ocrx_word' id='word_1_248' title='bbox 1673 3624 1748 3702; x_wconf 81' lang='grc' dir='ltr'>τῇ</span> <span class='ocrx_word' id='word_1_249' title='bbox 1794 3624 2061 3701; x_wconf 85' lang='grc' dir='ltr'>μετοχῇ,</span> <span class='ocrx_word' id='word_1_250' title='bbox 2116 3615 2343 3681; x_wconf 86' lang='lat' dir='ltr'>titulus</span> <span class='ocrx_word' id='word_1_251' title='bbox 2389 3615 2475 3680; x_wconf 90' lang='lat' dir='ltr'>ad</span> <span class='ocrx_word' id='word_1_252' title='bbox 2518 3615 2938 3702; x_wconf 85' lang='lat' dir='ltr'>Apollonium</span> <span class='ocrx_word' id='word_1_253' title='bbox 2987 3625 3239 3679; x_wconf 87' lang='lat' dir='ltr'>tantum</span> 
     </span>
     <span class='ocr_line' id='line_1_30' title="bbox 672 3716 3241 3804; baseline -0 -24"><span class='ocrx_word' id='word_1_254' title='bbox 672 3717 984 3803; x_wconf 86' lang='lat' dir='ltr'>pertinet,</span> <span class='ocrx_word' id='word_1_255' title='bbox 1030 3739 1227 3804; x_wconf 89' lang='lat' dir='ltr'>quum</span> <span class='ocrx_word' id='word_1_256' title='bbox 1271 3718 1424 3782; x_wconf 88' lang='lat' dir='ltr'>huic</span> <span class='ocrx_word' id='word_1_257' title='bbox 1467 3719 1927 3783; x_wconf 87' lang='lat' dir='ltr'>adnotamento</span> <span class='ocrx_word' id='word_1_258' title='bbox 1972 3718 2039 3781; x_wconf 93' lang='lat' dir='ltr'>in</span> <span class='ocrx_word' id='word_1_259' title='bbox 2083 3716 2294 3782; x_wconf 86' lang='lat' dir='ltr'>lexico</span> <span class='ocrx_word' id='word_1_260' title='bbox 2326 3717 2555 3804; x_wconf 73' lang='lat' dir='ltr'>cyrilli</span> <span class='ocrx_word' id='word_1_261' title='bbox 2588 3720 2715 3783; x_wconf 90' lang='lat' dir='ltr'>An.</span> <span class='ocrx_word' id='word_1_262' title='bbox 2750 3717 2955 3781; x_wconf 86' lang='lat' dir='ltr'>Paris.</span> <span class='ocrx_word' id='word_1_263' title='bbox 2988 3717 3083 3780; x_wconf 93' lang='lat' dir='ltr'>IV</span> <span class='ocrx_word' id='word_1_264' title='bbox 3120 3717 3241 3779; x_wconf 84' lang='lat'>185</span> 
     </span>
     <span class='ocr_line' id='line_1_31' title="bbox 673 3815 3237 3906; baseline -0 -24"><span class='ocrx_word' id='word_1_265' title='bbox 673 3818 1108 3906; x_wconf 89' lang='lat' dir='ltr'>subscriptum</span> <span class='ocrx_word' id='word_1_266' title='bbox 1165 3820 1251 3885; x_wconf 88' lang='lat' dir='ltr'>sit</span> <span class='ocrx_word' id='word_1_267' title='bbox 1305 3820 1510 3886; x_wconf 86' lang='grc' dir='ltr'>οὕτως</span> <span class='ocrx_word' id='word_1_268' title='bbox 1563 3819 1959 3899; x_wconf 75' lang='grc' dir='ltr'>Ἡρωδιανὸς</span> <span class='ocrx_word' id='word_1_269' title='bbox 2026 3821 2096 3885; x_wconf 84' lang='grc' dir='ltr'>ἐν</span> <span class='ocrx_word' id='word_1_270' title='bbox 2153 3821 2637 3904; x_wconf 82' lang='grc' dir='ltr'>Ἐπιμεριςμοῖς,</span> <span class='ocrx_word' id='word_1_271' title='bbox 2704 3818 2859 3884; x_wconf 88' lang='lat' dir='ltr'>licet</span> <span class='ocrx_word' id='word_1_272' title='bbox 2922 3840 3007 3882; x_wconf 82' lang='lat' dir='ltr'>ex</span> <span class='ocrx_word' id='word_1_273' title='bbox 3069 3815 3237 3883; x_wconf 89' lang='lat' dir='ltr'>libro</span> 
     </span>
     <span class='ocr_line' id='line_1_32' title="bbox 671 3919 3237 4007; baseline -0.002 -21"><span class='ocrx_word' id='word_1_274' title='bbox 671 3923 814 4001; x_wconf 85' lang='grc' dir='ltr'>περὶ</span> <span class='ocrx_word' id='word_1_275' title='bbox 876 3927 1144 4002; x_wconf 85' lang='grc' dir='ltr'>μετοχῆς</span> <span class='ocrx_word' id='word_1_276' title='bbox 1209 3923 1277 3985; x_wconf 90' lang='lat' dir='ltr'>in</span> <span class='ocrx_word' id='word_1_277' title='bbox 1332 3921 1798 4007; x_wconf 87' lang='lat' dir='ltr'>Epimerismos</span> <span class='ocrx_word' id='word_1_278' title='bbox 1866 3921 2203 3986; x_wconf 83' lang='lat' dir='ltr'>transiisse</span> <span class='ocrx_word' id='word_1_279' title='bbox 2259 3920 2493 4007; x_wconf 84' lang='lat' dir='ltr'>possit)</span> <span class='ocrx_word' id='word_1_280' title='bbox 2559 3921 2658 3984; x_wconf 89' lang='lat' dir='ltr'>his</span> <span class='ocrx_word' id='word_1_281' title='bbox 2726 3922 2927 4006; x_wconf 89' lang='lat' dir='ltr'>igitur</span> <span class='ocrx_word' id='word_1_282' title='bbox 2982 3919 3237 3985; x_wconf 90' lang='lat' dir='ltr'>duobus</span> 
     </span>
     <span class='ocr_line' id='line_1_33' title="bbox 668 4014 3237 4111; baseline -0.001 -25"><span class='ocrx_word' id='word_1_283' title='bbox 668 4014 1050 4109; x_wconf 68' lang='lat' dir='ltr'>fragmentis</span> <span class='ocrx_word' id='word_1_284' title='bbox 1105 4044 1316 4111; x_wconf 86' lang='lat' dir='ltr'>pauca</span> <span class='ocrx_word' id='word_1_285' title='bbox 1370 4035 1721 4109; x_wconf 86' lang='lat' dir='ltr'>praecepta</span> <span class='ocrx_word' id='word_1_286' title='bbox 1776 4045 1860 4087; x_wconf 84' lang='lat' dir='ltr'>ex</span> <span class='ocrx_word' id='word_1_287' title='bbox 1905 4023 2225 4088; x_wconf 88' lang='lat' dir='ltr'>Choerob.</span> <span class='ocrx_word' id='word_1_288' title='bbox 2273 4021 2533 4105; x_wconf 87' lang='lat' dir='ltr'>addidi,</span> <span class='ocrx_word' id='word_1_289' title='bbox 2592 4022 2876 4109; x_wconf 85' lang='lat' dir='ltr'>reliqua,</span> <span class='ocrx_word' id='word_1_290' title='bbox 2935 4045 3098 4108; x_wconf 91' lang='lat' dir='ltr'>quae</span> <span class='ocrx_word' id='word_1_291' title='bbox 3155 4021 3237 4085; x_wconf 88' lang='lat' dir='ltr'>de</span> 
     </span>
     <span class='ocr_line' id='line_1_34' title="bbox 667 4124 3233 4213; baseline 0 -24"><span class='ocrx_word' id='word_1_292' title='bbox 667 4125 1026 4213; x_wconf 88' lang='lat' dir='ltr'>participiis</span> <span class='ocrx_word' id='word_1_293' title='bbox 1072 4137 1336 4193; x_wconf 80' lang='lat' dir='ltr'>servata</span> <span class='ocrx_word' id='word_1_294' title='bbox 1377 4136 1562 4210; x_wconf 88' lang='lat' dir='ltr'>sunt,</span> <span class='ocrx_word' id='word_1_295' title='bbox 1605 4147 1803 4213; x_wconf 89' lang='lat' dir='ltr'>quum</span> <span class='ocrx_word' id='word_1_296' title='bbox 1848 4134 2181 4191; x_wconf 86' lang='lat' dir='ltr'>accentum</span> <span class='ocrx_word' id='word_1_297' title='bbox 2230 4135 2555 4212; x_wconf 87' lang='lat' dir='ltr'>spectent,</span> <span class='ocrx_word' id='word_1_298' title='bbox 2602 4125 2955 4190; x_wconf 82' lang='lat' dir='ltr'>Prosodiae</span> <span class='ocrx_word' id='word_1_299' title='bbox 2997 4124 3233 4189; x_wconf 84' lang='lat' dir='ltr'>Catho-</span> 
     </span>
     <span class='ocr_line' id='line_1_35' title="bbox 667 4228 1098 4295; baseline 0.005 -6"><span class='ocrx_word' id='word_1_300' title='bbox 667 4229 830 4293; x_wconf 88' lang='lat' dir='ltr'>licae</span> <span class='ocrx_word' id='word_1_301' title='bbox 875 4228 1098 4295; x_wconf 88' lang='lat' dir='ltr'>tribui.</span> 
     </span>
    </p>

    <p class='ocr_par' dir='ltr' id='par_1_9' title="bbox 1290 4330 2607 4414">
     <span class='ocr_line' id='line_1_36' title="bbox 1290 4330 2607 4414; baseline 0.001 -19"><span class='ocrx_word' id='word_1_302' title='bbox 1290 4330 1447 4396; x_wconf 89' lang='lat' dir='ltr'>XX.</span> <span class='ocrx_word' id='word_1_303' title='bbox 1541 4334 2053 4414; x_wconf 86' lang='grc' dir='ltr'>Μονόβιβλον</span> <span class='ocrx_word' id='word_1_304' title='bbox 2100 4334 2275 4411; x_wconf 86' lang='grc' dir='ltr'>περὶ</span> <span class='ocrx_word' id='word_1_305' title='bbox 2317 4335 2456 4401; x_wconf 84' lang='grc' dir='ltr'>τοῦ</span> <span class='ocrx_word' id='word_1_306' title='bbox 2499 4331 2607 4412; x_wconf 88' lang='grc' dir='ltr'>ἦν.</span> 
     </span>
    </p>
   </div>
   <div class='ocr_carea' id='block_1_8' title="bbox 833 4447 3236 4536">
    <p class='ocr_par' dir='ltr' id='par_1_10' title="bbox 833 4447 3236 4536">
     <span class='ocr_line' id='line_1_37' title="bbox 833 4447 3236 4536; baseline -0.001 -21"><span class='ocrx_word' id='word_1_307' title='bbox 833 4448 938 4515; x_wconf 85' lang='lat' dir='ltr'>Ex</span> <span class='ocrx_word' id='word_1_308' title='bbox 983 4450 1105 4514; x_wconf 89' lang='lat' dir='ltr'>hoc</span> <span class='ocrx_word' id='word_1_309' title='bbox 1147 4448 1314 4517; x_wconf 89' lang='lat' dir='ltr'>libro</span> <span class='ocrx_word' id='word_1_310' title='bbox 1358 4473 1560 4516; x_wconf 88' lang='lat' dir='ltr'>unum</span> <span class='ocrx_word' id='word_1_311' title='bbox 1603 4452 2042 4536; x_wconf 87' lang='lat' dir='ltr'>fragmentum</span> <span class='ocrx_word' id='word_1_312' title='bbox 2091 4462 2417 4516; x_wconf 81' lang='lat' dir='ltr'>servatum</span> <span class='ocrx_word' id='word_1_313' title='bbox 2465 4463 2565 4517; x_wconf 88' lang='lat' dir='ltr'>est</span> <span class='ocrx_word' id='word_1_314' title='bbox 2609 4473 2649 4514; x_wconf 88' lang='lat' dir='ltr'>a</span> <span class='ocrx_word' id='word_1_315' title='bbox 2693 4449 2924 4515; x_wconf 85' lang='lat' dir='ltr'>Choer.</span> <span class='ocrx_word' id='word_1_316' title='bbox 2955 4448 3099 4531; x_wconf 76' lang='lat'><strong>536,</strong></span> <span class='ocrx_word' id='word_1_317' title='bbox 3136 4447 3236 4514; x_wconf 78' lang='lat'>17.</span> 
     </span>
    </p>
   </div>
   <div class='ocr_carea' id='block_1_9' title="bbox 1110 4620 2802 4703">
    <p class='ocr_par' dir='ltr' id='par_1_11' title="bbox 1110 4620 2802 4703">
     <span class='ocr_line' id='line_1_38' title="bbox 1110 4620 2802 4703; baseline 0 -17"><span class='ocrx_word' id='word_1_318' title='bbox 1110 4620 1304 4686; x_wconf 88' lang='lat' dir='ltr'>XXI.</span> <span class='ocrx_word' id='word_1_319' title='bbox 1389 4623 1580 4701; x_wconf 81' lang='grc' dir='ltr'>Περὶ</span> <span class='ocrx_word' id='word_1_320' title='bbox 1625 4622 1975 4703; x_wconf 82' lang='grc' dir='ltr'>ῥήματος</span> <span class='ocrx_word' id='word_1_321' title='bbox 2016 4621 2155 4686; x_wconf 90' lang='lat' dir='ltr'>sive</span> <span class='ocrx_word' id='word_1_322' title='bbox 2200 4623 2381 4700; x_wconf 82' lang='grc' dir='ltr'>περὶ</span> <span class='ocrx_word' id='word_1_323' title='bbox 2426 4623 2802 4703; x_wconf 85' lang='grc' dir='ltr'>ῥημάτων.</span> 
     </span>
    </p>
   </div>
   <div class='ocr_carea' id='block_1_10' title="bbox 666 4756 3235 4948">
    <p class='ocr_par' dir='ltr' id='par_1_12' title="bbox 666 4756 3235 4948">
     <span class='ocr_line' id='line_1_39' title="bbox 834 4756 3235 4845; baseline -0.002 -23"><span class='ocrx_word' id='word_1_324' title='bbox 834 4758 1047 4845; x_wconf 85' lang='lat' dir='ltr'>Opus,</span> <span class='ocrx_word' id='word_1_325' title='bbox 1105 4768 1178 4822; x_wconf 89' lang='lat' dir='ltr'>ut</span> <span class='ocrx_word' id='word_1_326' title='bbox 1221 4756 1514 4839; x_wconf 80' lang='lat' dir='ltr'>videtur,</span> <span class='ocrx_word' id='word_1_327' title='bbox 1571 4758 2041 4845; x_wconf 86' lang='lat' dir='ltr'>amplissimum</span> <span class='ocrx_word' id='word_1_328' title='bbox 2096 4760 2177 4823; x_wconf 88' lang='lat' dir='ltr'>de</span> <span class='ocrx_word' id='word_1_329' title='bbox 2230 4759 2436 4823; x_wconf 77' lang='lat' dir='ltr'>verbo</span> <span class='ocrx_word' id='word_1_330' title='bbox 2479 4759 2895 4822; x_wconf 85' lang='lat' dir='ltr'>Herodianus</span> <span class='ocrx_word' id='word_1_331' title='bbox 2952 4758 3093 4843; x_wconf 89' lang='lat' dir='ltr'>ipse</span> <span class='ocrx_word' id='word_1_332' title='bbox 3136 4757 3235 4819; x_wconf 89' lang='lat' dir='ltr'>in-</span> 
     </span>
     <span class='ocr_line' id='line_1_40' title="bbox 666 4860 3233 4948; baseline -0 -23"><span class='ocrx_word' id='word_1_333' title='bbox 666 4862 930 4948; x_wconf 88' lang='lat' dir='ltr'>scripsit</span> <span class='ocrx_word' id='word_1_334' title='bbox 973 4863 1043 4928; x_wconf 83' lang='grc' dir='ltr'>ἐν</span> <span class='ocrx_word' id='word_1_335' title='bbox 1097 4866 1235 4927; x_wconf 82' lang='grc' dir='ltr'>τοῖς</span> <span class='ocrx_word' id='word_1_336' title='bbox 1288 4863 1433 4940; x_wconf 81' lang='grc' dir='ltr'>περὶ</span> <span class='ocrx_word' id='word_1_337' title='bbox 1487 4861 1779 4941; x_wconf 88' lang='grc' dir='ltr'>ῥημάτων</span> <span class='ocrx_word' id='word_1_338' title='bbox 1823 4861 2002 4928; x_wconf 87' lang='lat' dir='ltr'>Mon.</span> <span class='ocrx_word' id='word_1_339' title='bbox 2048 4863 2160 4942; x_wconf 81' lang='lat'>45,</span> <span class='ocrx_word' id='word_1_340' title='bbox 2206 4863 2277 4943; x_wconf 87' lang='grc'>9,</span> <span class='ocrx_word' id='word_1_341' title='bbox 2326 4862 2508 4927; x_wconf 88' lang='lat' dir='ltr'>Pros.</span> <span class='ocrx_word' id='word_1_342' title='bbox 2558 4860 2631 4927; x_wconf 92' lang='grc' dir='ltr'>ΙΙ.</span> <span class='ocrx_word' id='word_1_343' title='bbox 2676 4864 2726 4927; x_wconf 93' lang='grc' dir='ltr'>Α</span> <span class='ocrx_word' id='word_1_344' title='bbox 2769 4862 2922 4941; x_wconf 77' lang='grc'>278,</span> <span class='ocrx_word' id='word_1_345' title='bbox 2979 4864 3050 4928; x_wconf 85' lang='grc' dir='ltr'>ἐν</span> <span class='ocrx_word' id='word_1_346' title='bbox 3094 4863 3233 4925; x_wconf 84' lang='grc' dir='ltr'>τοῖς</span> 
     </span>
    </p>
   </div>
  </div>
 </body>
</html>
