3664 5546
1494 451 1913 501 PRAEFATIO.
2925 452 2996 500 LI

420 619 725 689 accentu,
772 607 890 672 sed
936 631 1064 673 non
1111 618 1360 674 mutato
1405 618 1681 694 propter.
1724 606 1966 692 legem,
2026 607 2384 671 secundum
2442 628 2637 692 quam
2693 616 2996 672 accentus

420 733 551 775 non
595 709 920 792 variatur,
969 712 1024 775 si
1070 711 1554 797 praepositione
1598 709 1757 774 nihil
1803 710 2163 774 sententiae
2209 709 2553 796 compositi
2596 710 2876 790 accedit,
2929 708 3000 773 id

422 812 599 899 quod
641 813 1064 878 Aristarchus
1131 813 1197 875 in
1251 811 1376 876 hac
1421 834 1580 877 voce
1633 812 1882 898 pariter
1926 820 2119 899 atque
2165 813 2233 875 in
2278 813 2704 892 ἐπιςμυγερῶς
2760 821 2826 876 et
2867 813 3000 879 ἑπι-

425 917 737 996 βουκόλος
795 915 1045 980 statuit.
1154 915 1300 980 Non
1360 915 1489 980 fuit
1552 915 1755 999 igitur
1810 912 2180 979 Aristarchi
2245 914 2569 998 scriptura
2634 916 2738 980 ἔπι
2801 919 3001 1000 μῆνις,

419 1027 494 1080 ut
523 1016 866 1082 Bekkerus
913 1018 978 1080 in
1024 1016 1507 1082 adnotamentis
1547 1018 1777 1099 refert,
1827 1016 1942 1082 sed
1988 1019 2289 1097 ἐπιμῆνις.
2381 1016 2624 1081 Similis
2674 1017 2997 1083 dissensio

422 1117 554 1183 fuit
597 1119 678 1182 de
722 1121 1064 1187 ἐπιςκοπος
1115 1121 1158 1182 Κ
1202 1119 1318 1202 38,
1387 1120 1500 1184 ubi
1557 1118 1781 1183 Nicias
1839 1121 2160 1200 ὀτρυνέεις
2196 1120 2526 1204 ,Τρώεςςιν
2581 1119 2686 1184 ἔπι
2741 1120 3000 1204 ςκοπόν,

426 1218 537 1283 alii
581 1222 928 1288 ἐπιςκοπόν
986 1230 1257 1286 accentu
1311 1233 1578 1308 propter
1631 1222 2023 1287 sententiam
2078 1221 2558 1309 praepositione
2613 1243 2745 1285 non
2791 1222 3000 1285 varia-

426 1333 560 1386 tam
599 1324 871 1388 immoto
885 1371 903 1405 ,
952 1323 1373 1388 Aristarchus
1420 1325 1761 1391 ἐπίςκοπος
1817 1323 2105 1410 scripsit,
2168 1324 2275 1387 cui
2317 1322 2757 1409 adstipulatur
2800 1322 3005 1388 Hero·

426 1424 658 1488 dianus
715 1435 1061 1513 propterea
1115 1426 1291 1512 quod
1344 1427 1773 1512 compositum
1830 1427 2157 1490 communi
2210 1449 2332 1490 usu
2389 1424 2841 1513 pervulgatum
2896 1427 2999 1490 sit.

424 1526 682 1592 Pariter
745 1526 823 1590 Il.
884 1529 933 1593 Ν
990 1528 1118 1591 450
1176 1527 1441 1614 quidam
1503 1530 1707 1614 Κρήτῃ
1771 1530 1877 1594 ἔπι
1944 1529 2176 1613 οὖρον,
2244 1527 2632 1594 Ascalonita
2698 1530 3004 1609 ἐπιοῦρον

425 1629 903 1715 praepositione
957 1652 1073 1716 per
1129 1629 1599 1694 abundantiam
1646 1629 1905 1712 addita,
1963 1630 2384 1695 Aristarchus
2435 1653 2582 1694 cum
2626 1631 3004 1719 Tryphone,

427 1730 664 1816 quibus
710 1730 1125 1796 Herodianus
1183 1733 1568 1813 assentitur,
1627 1734 1935 1813 ἐπίουρον
1991 1734 2409 1819 scripserunt.
2499 1731 2578 1796 Il.
2628 1735 2676 1798 Η
2723 1733 2805 1798 63
2849 1734 3004 1799 πόν-

426 1855 542 1898 τον
603 1835 709 1898 ἔπι
774 1835 920 1915 φρίξ
988 1833 1405 1899 Ascalonitae
1468 1835 1856 1920 scripturam
1915 1834 2156 1921 probat
2221 1834 2633 1899 Herodianus
2708 1834 3004 1898 reiiciens

429 1935 864 2027 compositum
908 1957 1055 2000 cum
1099 1936 1471 2023 quiescente
1515 1937 1995 2024 praepositione
2043 1939 2315 2019 ἐπιφρίξ.
2401 1936 2478 2001 Il.
2516 1939 2529 2002 Ι
2569 1937 2685 2000 147
2733 1938 2837 2001 ἐπὶ
2880 1938 3005 2015 μεί-

431 2042 534 2103 λια
577 2038 762 2102 δώςω
808 2036 1196 2124 Apollonius
1244 2047 1309 2103 et
1338 2038 1573 2104 Alexio
1622 2025 2057 2128 scripserunt,
2105 2039 2529 2104 Aristarchus
2576 2039 3004 2125 compositum

430 2140 753 2219 ἐπιμείλια.
844 2143 858 2204 Ι
905 2140 1030 2204 456
1075 2143 1211 2206 θεοὶ
1255 2142 1320 2206 δ’
1364 2142 1643 2207 ἐτέλειον
1688 2142 1929 2221 ἐπαράς
1983 2141 2466 2228 praepositione
2509 2163 2628 2227 per
2673 2140 3005 2205 abundan-

427 2243 591 2305 tiam
634 2240 892 2305 adiecta
935 2251 1000 2306 et
1043 2243 1151 2306 ἐπ’
1195 2242 1356 2322 ἀράς
1399 2244 1503 2308 ἐπὶ
1547 2240 1634 2306 ad
1663 2244 1944 2310 ἐτέλειον
1975 2242 2178 2307 relato
2226 2243 2540 2329 scriptum
2571 2242 2775 2307 fuisse
2805 2242 3009 2308 refert

430 2341 847 2408 Herodianus
892 2344 1033 2430 ipse
1073 2343 1238 2407 nihil
1282 2344 1613 2409 decidens.
1679 2345 1765 2409 cf.
1813 2346 1894 2409 de
1939 2344 2039 2409 his
2082 2344 2288 2409 Lehrs
2319 2345 2525 2409 Arist.
2567 2367 2631 2432 p.
2668 2344 2784 2408 107
2829 2366 3007 2430 seqq.

430 2445 534 2510 ed.
580 2443 673 2510 II.
2507 2459 2517 2473 '

595 2547 689 2613 Ut
732 2546 817 2611 ad
852 2553 1372 2628 praepositionum
1414 2569 1550 2612 cum
1594 2554 1905 2613 adiectivis
1939 2547 2471 2634 compositionem
2515 2557 2877 2630 transeam,
2927 2548 3008 2613 de

433 2650 899 2731 μεταμάζιος
945 2652 989 2715 Ε
1020 2649 1131 2730 19,
1177 2650 1352 2736 quod
1398 2672 1550 2714 vere
1595 2652 2026 2737 compositum
2060 2660 2162 2715 est
2204 2672 2413 2736 neque
2445 2649 2729 2735 disiungi
2772 2660 3006 2737 potest,

431 2752 554 2818 hoc
598 2761 1047 2838 praeceptum,
1105 2750 1277 2839 quod
1333 2751 1521 2818 nobis
1577 2752 1837 2839 quidem
1883 2751 2277 2839 superfluum
2324 2761 2451 2825 est,
2511 2753 2846 2839 proponit:
2904 2775 3007 2835 με-

433 2856 760 2936 ταμάζιον;
821 2856 991 2920 οὕτω
1047 2856 1426 2936 μεταμάζιον
1480 2857 1553 2920 ἓν
1608 2856 1914 2936 ποιητέον
1973 2857 2062 2921 ὡς
2116 2858 2192 2921 τὸ
2248 2857 2656 2938 μετάφρενον
2707 2858 2806 2921 καὶ
2850 2856 3009 2922 ἐνώ-

432 2976 613 3023 πιον·
668 2960 977 3035 παρῆκται
1032 2959 1103 3021 δὲ
1156 2959 1332 3036 παρὰ
1374 2960 1450 3022 τὸ
1497 2959 1687 3037 μαζός
1732 2959 1832 3023 καὶ
1875 2960 1991 3037 τὴν
2036 2959 2221 3041 μετά,
2282 2960 2371 3022 ὡς
2426 2959 2600 3037 παρὰ
2652 2959 2728 3022 τὸ
2773 2959 3008 3037 χθονός

434 3060 536 3124 καὶ
578 3061 693 3137 τὴν
739 3059 842 3123 ἐπί
886 3060 1280 3143 ἐπιχθόνιος,
1325 3061 1498 3138 παρὰ
1541 3060 1832 3139 ποταμόν
1876 3060 2387 3139 παραποτάμιος·
2443 3061 2678 3137 γίνεται
2735 3061 2856 3139 γάρ
2908 3060 3009 3124 καὶ

435 3161 566 3226 ἀπὸ
610 3162 730 3226 δύο
776 3162 1012 3227 λέξεων
1057 3163 1214 3226 κατὰ
1256 3163 1599 3241 παράθεςιν
1646 3163 1716 3226 ἓν
1760 3183 1814 3225 τι
1860 3162 2284 3245 παραγωγόν,
2345 3162 2434 3226 ὡς
2490 3163 2565 3225 τὸ
2613 3162 3008 3241 Νεαπολίτης

436 3265 537 3328 καὶ
578 3264 744 3328 ἄλλα
787 3264 989 3342 μυρία.
1077 3262 1162 3325 cf.
1207 3262 1498 3328 Lobeck.
1548 3261 1754 3326 Elem.
1802 3262 1949 3327 564.

604 3363 737 3428 Sed
792 3363 1123 3429 veteribus
1181 3365 1262 3428 de
1327 3363 1735 3450 quorundam
1802 3364 2126 3450 scriptura
2188 3387 2316 3429 non
2372 3365 2733 3430 constabat.
2823 3368 2837 3429 l
2885 3364 3010 3430 236

436 3465 818 3529 Ascalonita
861 3466 1025 3531 Ζεὺς
1080 3468 1151 3531 δέ
1209 3488 1355 3548 ςφιν
1405 3469 1707 3547 Κρονίδης
1764 3468 1836 3532 ἐν
1881 3468 2053 3533 δεξιὰ
2110 3469 2349 3557 ςήματα
2393 3469 2646 3548 φαίνων
2691 3466 3014 3531 disiunxit

438 3570 511 3631 ἐν
566 3569 737 3635 δεξιὰ
788 3568 1333 3654 praepositionem
1388 3569 1458 3634 ἐν
1512 3567 1850 3632 abundare
1906 3568 2238 3654 opinatus,
2294 3568 2719 3633 Aristarchus
2767 3570 3011 3637 ἐνδέξια

438 3691 556 3754 pro
601 3669 957 3755 composito
1002 3668 1233 3734 habuit
1276 3671 1595 3755 probante
1629 3668 2028 3735 HerodianO.
2119 3669 2434 3734 Similiter
2477 3671 2556 3735 Il.
2604 3674 2661 3736 Φ
2707 3671 2827 3735 163
2874 3672 3011 3736 ἐπεὶ

439 3774 834 3851 περιδέξιος
877 3772 991 3852 ἦεν
1035 3773 1384 3852 περιδέξιος
1428 3781 1501 3835 ut
1530 3773 1841 3840 ἐπιδέξιος
1884 3783 1951 3837 et
1979 3773 2348 3852 ἀμφιδέξιος
2393 3773 2824 3858 compositum
2869 3794 3012 3837 esse
3082 3844 3094 3856 ⁶

441 3870 672 3937 maluit
714 3895 908 3959 quam
954 3872 1081 3937 duo
1126 3872 1469 3939 vocabula.
1558 3873 1687 3939 Sed
1743 3873 1915 3937 idem
1966 3875 2017 3939 Λ
2059 3872 2186 3936 395
2231 3874 2454 3939 οἰωνοὶ
2508 3877 2578 3939 δὲ
2634 3877 2779 3954 περὶ
2822 3876 3011 3940 πλέες

441 3976 513 4053 ἠὲ
567 3980 860 4053 γυναῖκες
916 3977 1399 4063 Tyrannionem
1457 3977 1795 4055 περίπλεες
1853 3975 2349 4058 coniungentem
2394 3974 2606 4060 carpit
2650 3976 3013 4040 assentiens

443 4075 860 4141 Ascalonitae
904 4088 971 4142 et
1012 4076 1319 4141 Alexioni
1363 4076 1875 4141 dissolventibus
1923 4099 2067 4140 eam
2111 4077 2196 4140 ob
2239 4098 2505 4140 causam
2548 4099 2741 4163 quam
2771 4076 3010 4141 Alexio

442 4178 811 4264 proposuit,
868 4177 1074 4265 quod,
1131 4201 1333 4265 quum
1388 4179 1713 4263 integrum
1757 4182 2208 4261 περιπλέονες,
2265 4200 2346 4242 ex
2392 4199 2518 4264 quo
2563 4180 2896 4258 περίπλεες
2939 4186 3014 4242 ut

441 4282 629 4345 πλέες
673 4303 755 4344 ex
799 4282 1070 4346 πλέονες
1100 4290 1529 4367 syncopatum
1574 4281 1776 4362 foret,
1823 4301 1952 4343 non
1982 4280 2260 4362 existat,
2308 4302 2388 4344 ne
2418 4280 2720 4344 affectum
2751 4278 3012 4366 quidem

443 4381 720 4446 existere
769 4383 996 4468 possit.

605 4484 708 4548 De
742 4490 1260 4565 praepositionum
1303 4504 1435 4564 cum
1479 4489 1674 4549 verbis
1717 4483 2182 4571 compositione
2225 4483 2385 4549 haec
2439 4485 2770 4550 afferenda
2826 4495 3009 4551 sunt:

607 4584 698 4650 Ut
737 4586 804 4649 in
850 4588 864 4651 Ι
912 4585 1037 4650 236
1081 4586 1464 4652 Ascalonita
1518 4587 1587 4651 ἐν
1632 4586 1803 4651 δεξιὰ
1845 4594 2111 4672 propter
2167 4585 2633 4650 abundantiam
2687 4587 3012 4673 praeposi-

445 4685 637 4749 tionis
693 4687 1041 4770 disiunxit,
1100 4689 1194 4752 sic
1248 4687 1359 4752 alii
1416 4687 1501 4754 ob
1557 4686 1827 4751 eandem
1874 4709 2136 4751 causam
2181 4689 2248 4751 in
2291 4686 2371 4751 Il.
2429 4691 2442 4754 Ι
2489 4688 2615 4751 426
2666 4689 2815 4768 ἐμεῦ
2860 4689 3011 4753 ἀπὸ

447 4788 813 4866 μηνίςαντος
858 4790 1198 4877 scripsisse
1244 4791 1571 4855 videntur.
1659 4787 2076 4854 Herodianus
2123 4771 2296 4853 enim
2340 4790 2582 4855 diserte
2626 4789 2817 4871 dicit,
2861 4788 3017 4856 licet

446 4888 733 4954 abundet
770 4893 1209 4978 praepositio,
1257 4890 1710 4976 coniungenda
1754 4914 1898 4955 esse
1944 4891 2073 4955 duo
2120 4891 2442 4957 vocabula
2486 4892 2571 4956 cf.
2620 4890 2704 4956 ad
2748 4893 2797 4956 Τ
2841 4892 2943 4956 62.

2520 4994 2611 5059 d*
