3664 5546
1543 408 1959 460 Pium-Ano.
2843 410 3060 483 cnm

467 577 766 648 crates,
822 589 1011 654 quem
1056 565 1426 652 Stephanus
1481 566 1523 630 i.
1570 589 1629 630 e.
1675 564 2094 630 Herodianus
2153 565 2596 650 reprehendit,
2653 562 2829 649 quod
2882 563 3057 648 apud

467 669 828 735 Homerum
874 668 1120 732 nullum
1165 666 1558 732 vocabulum
1604 668 1671 731 in
1713 670 1816 747 ῆν·
1857 675 2120 753 praeter
2164 670 2501 746 καλαῦροψ
2560 666 2832 751 reperiri
2877 664 3057 728 dixe-

465 781 592 834 rat.
679 770 850 835 Nam
892 768 1392 834 Eratosthenem
1446 768 1716 854 eiusque
1770 768 2013 833 similes
2057 766 2448 853 geographis
2492 766 2708 853 potius
2752 766 3057 830 adnume-

467 870 709 936 randos
777 871 965 952 duxi,
1041 869 1122 935 de
1186 879 1689 935 commentatore
1754 869 2075 956 Sophocle
2141 869 2383 949 dicam,
2457 867 2571 934 ubi
2630 866 2711 931 de
2778 864 3056 932 Scholiis

467 971 927 1060 Apollonianis
972 993 1315 1058 exponam.

638 1074 1055 1139 Enumeratis
1100 1073 1179 1138 iis
1223 1073 1698 1158 grammaticis,
1745 1096 1908 1159 quos
1952 1072 2183 1138 citavit
2215 1070 2586 1157 Stephanus
2603 1119 2622 1152 ,
2668 1070 2883 1136 facere
2930 1093 3057 1135 non

465 1197 766 1262 possum,
823 1175 978 1261 quin
1036 1197 1174 1255 eos,
1231 1175 1341 1261 qui
1387 1198 1428 1240 a
1470 1174 1800 1262 Stephano
1845 1197 1975 1240 non
2032 1174 2282 1239 laudati
2336 1183 2450 1239 aut
2492 1173 2560 1236 in
2602 1172 2813 1237 tribus
2857 1170 3054 1236 Lehr-

466 1278 673 1341 sianis
730 1277 987 1363 scriptis
1044 1286 1157 1341 aut
1208 1276 1277 1340 in
1335 1275 1602 1362 reliquis
1647 1276 1960 1363 dispersis
2013 1274 2398 1360 fragmentis
2452 1283 3056 1353 commemorantur,

467 1398 892 1465 componam,
949 1378 1016 1441 in
1071 1399 1199 1464 quo
1254 1378 1590 1442 literarum
1645 1379 1882 1443 seriem
1927 1399 2192 1463 sequar:
2250 1376 2641 1440 Aeschrio
2699 1374 2808 1462 (Il.
2853 1375 2963 1440 Pr.
3007 1376 3057 1439 Λ

466 1478 649 1564 239).
695 1479 1167 1544 Alexander
1211 1478 1745 1567 ‚Cotyaeensis
1791 1480 1861 1568 (ὁ
1896 1479 2197 1545 Κοτιαεύς
2240 1478 2345 1541 vel
2392 1478 2430 1543 ὁ
2466 1478 2924 1556 Ἀςκληπιάδου
2971 1476 3056 1539 cf.

465 1580 679 1645 Lehrs
725 1580 944 1644 Anall.
990 1601 1053 1666 p.
1086 1580 1214 1644 429
1255 1581 1324 1645 in
1366 1579 1448 1644 E.
1479 1580 1566 1645 Μ.
1596 1580 1754 1663 276,
1801 1581 1884 1644 26
1929 1581 2148 1659 δίκρον
2193 1581 2297 1646 καὶ
2339 1580 2633 1662 δίκροον,
2679 1601 2786 1665 ap.
2826 1577 3056 1642 Choer.

464 1681 630 1761 589,
661 1681 747 1744 24
787 1691 1058 1768 propter
1101 1680 1466 1747 mirabilem
1511 1681 1759 1746 formae
1803 1683 2063 1748 δέδοικα
2093 1679 2644 1766 explicationem).
2714 1677 3057 1744 Alexion

465 1781 584 1865 (E.
630 1781 806 1847 Gud.
849 1781 1012 1864 289,
1056 1782 1203 1867 31),
1266 1782 1625 1849 Amerias
1672 1782 1750 1866 (Λ
1798 1779 1982 1864 754),
2036 1782 2501 1847 Ammonius
2550 1777 2684 1866 (ap.
2732 1779 3057 1846 Theodos.

465 1881 691 1948 Bekk.
751 1883 880 1947 An.
941 1883 1135 1965 1006,
1192 1881 1336 1971 28),
1396 1883 1855 1966 Antigonus
1914 1885 2005 1964 (Ψ
2047 1882 2231 1966 319),
2288 1881 2770 1968 Apollonius
2830 1883 2868 1948 ὁ
2919 1886 3057 1948 τοῦ

467 1985 787 2050 Θέωνος
857 1983 943 2067 (Υ
994 1985 1181 2067 234),
1249 1983 1735 2070 Apollonius
1802 1985 1841 2050 ὁ
1887 1985 2284 2067 Ἀρχιβίου
2352 1982 2618 2070 (Choer.
2686 1981 2876 2048 Orth.
2931 1982 3059 2047 242

468 2083 622 2149 coll.
653 2085 734 2149 E.
765 2084 858 2150 M.
887 2085 1045 2167 605,
1091 2086 1242 2172 33),
1285 2086 1739 2150 Aristocles
1783 2087 1856 2152 ἐν
1900 2092 1992 2170 τῷ
2037 2088 2183 2165 περὶ
2226 2087 2574 2152 διαλέκτων
2621 2083 2880 2168 (Dichr.
2910 2084 3056 2165 299,

473 2186 576 2271 l),
621 2186 1143 2253 Aristonicus
1192 2189 1263 2271 (Γ
1310 2187 1462 2268 198,
1508 2187 1589 2251 Ε.
1630 2186 1722 2251 Μ.
1766 2186 1921 2267 622,
1967 2186 2111 2271 39),
2156 2188 2758 2274 Aristophanes
2803 2184 3057 2271 Byzan-

466 2289 601 2351 tius
648 2287 904 2370 (Dichr.
949 2287 1106 2370 285,
1160 2288 1299 2372 10),
1354 2289 1426 2355 ἐν
1470 2287 1773 2354 Ἀττικαῖς
1830 2289 2067 2354 λέξεςιν
2112 2289 2234 2352 291
2255 2320 2303 2369 ,ο
2328 2289 2436 2368 10,
2494 2291 2566 2355 ἐν
2621 2290 2933 2366 γλώτταις
2979 2285 3055 2350 ΙΙ.

465 2388 577 2452 Pr.
610 2390 660 2453 Α
687 2389 811 2453 567
845 2389 1021 2473 etc.).
1113 2387 1728 2471 [Callimachum
1771 2390 2269 2473 grammaticum
2314 2389 2692 2454 Herodiano
2737 2388 3056 2474 antiquio-

463 2510 605 2552 rem
649 2487 944 2574 intellegi
989 2490 1133 2554 vult
1177 2489 1434 2554 Ahrens
1480 2489 1641 2553 Buc.
1689 2490 1758 2554 ΙΙ
1804 2513 1869 2576 p.
1912 2488 2111 2554 XLII
2156 2501 2221 2554 et
2261 2491 2388 2555 514
2433 2500 2499 2555 et
2538 2490 2668 2554 420
2710 2488 2888 2575 apud
2933 2491 3056 2553 Ar·

463 2591 610 2654 cad.
656 2590 773 2671 26,
823 2591 901 2654 13
945 2591 1036 2656 ἔτι
1081 2592 1162 2656 τὰ
1205 2592 1311 2657 διὰ
1352 2597 1470 2658 τοῦ
1515 2597 1687 2672 ὤρη-ς
1730 2593 2022 2674 Διώρης,
2065 2593 2392 2672 Λυκώρης·
2448 2593 2611 2672 ὅπερ
2660 2592 3055 2671 Καλλίμαχος

464 2691 711 2775 ὀξύνει,
754 2691 868 2756 ubi
914 2700 1131 2756 tamen
1176 2699 1259 2757 ex
1304 2690 1597 2778 Theogn.
1644 2715 1709 2779 p.
1752 2692 1870 2773 32,
1931 2693 2041 2778 qui
2101 2690 2381 2757 eundem
2426 2692 2789 2758 Herodiani
2841 2690 3056 2756 locum

460 2792 764 2879 respicit,
830 2793 870 2872 ἡ
920 2797 1258 2874 Λυκωρέος
1312 2798 1528 2875 γενικὴ
1596 2795 1727 2861 ἀπὸ
1791 2799 1905 2874 τῆς
1957 2795 2294 2873 Λυκωρεύς
2349 2795 2596 2862 εὐθείας
2652 2796 3051 2877 ἐκφερομένη

462 2894 626 2960 οὖςα
667 2896 997 2974 τετήρηται
1042 2894 1355 2960 Lehrsius
1409 2919 1519 2983 qu.
1577 2918 1674 2983 ep.
1721 2920 1784 2983 p.
1837 2895 1959 2961 165
2001 2895 2219 2983 potius
2264 2893 2735 2962 Callimachum
2790 2906 3051 2982 poetam

461 2995 712 3081 (hymn.
760 2996 829 3059 in
875 2994 1092 3083 Apoll.
1137 2997 1248 3081 94)
1306 2997 1660 3082 significari
1716 2996 1985 3061 iudicat.
2071 2996 2218 3062 Non
2263 3019 2531 3061 necesse
2591 3006 2692 3061 est
2734 2998 2801 3061 in
2845 2995 3052 3062 altero

460 3096 631 3178 loco,
677 3096 793 3161 ubi
837 3095 1273 3162 Callimachus
1329 3108 1600 3184 propter
1654 3099 1914 3164 tonosin
1968 3098 2268 3177 affertur,
2321 3098 2388 3161 in
2436 3097 2562 3185 Ep.
2613 3097 2806 3162 Hom.
2856 3120 2915 3184 p.
2952 3098 3052 3179 18,

462 3199 571 3279 11,
618 3196 699 3262 Ε.
744 3197 835 3263 Μ.
886 3198 1040 3279 130,
1085 3197 1191 3279 27,
1251 3199 1328 3263 Ε.
1377 3198 1551 3264 Gud.
1598 3199 1712 3281 68,
1756 3199 1844 3263 20
1894 3202 1976 3265 τὰ
2031 3199 2118 3266 εἰς
2176 3187 2311 3267 ἴων
2368 3200 2656 3279 λήγοντα
2712 3201 2874 3280 ὑπὲρ
2924 3201 3050 3266 δύο
3187 3216 3195 3225 ·

457 3301 768 3382 ςυλλαβὰς
814 3300 1191 3380 βαρύνεςθαι
1236 3302 1435 3385 θέλει,
1493 3301 1547 3366 εἰ
1601 3304 1683 3381 μὴ
1729 3303 1766 3385 ᾖ
1812 3303 2169 3390 περιεκτικά
2210 3339 2297 3350 -
2341 3303 2742 3381 ςεςημείωται
2802 3304 2878 3368 τὸ
2924 3305 3045 3367 Βα-

454 3402 668 3480 βυλών
713 3402 816 3466 καὶ
860 3404 1232 3483 μαιμαλλών
1277 3404 1552 3486 θηλυκά,
1607 3403 1645 3468 ὃ
1691 3403 1970 3484 ςημαίνει
2021 3406 2137 3483 τὴν
2182 3405 2477 3484 μαινάδα.
2579 3404 2787 3469 οὕτως
2838 3405 3055 3470 Καλλί-

450 3521 684 3585 μαχος,
747 3523 916 3588 quae
960 3502 1167 3567 verba
1208 3512 1473 3568 exstant
1531 3504 1727 3568 etiam
1773 3526 1879 3589 ap.
1926 3504 2169 3569 Arcad.
2226 3504 2335 3584 13,
2388 3505 2417 3567 1
2482 3503 2623 3567 sine
2676 3502 3060 3569 Callimachi

447 3600 808 3684 mentione,
854 3602 1351 3687 grammaticum
1396 3627 1437 3669 a
1480 3614 1674 3692 poeta
1717 3604 2054 3670 diversum
2099 3613 2422 3682 statuere,
2478 3627 2629 3669 nam
2678 3606 2849 3672 οὕτω
2899 3608 3056 3672 Καλ-

446 3702 714 3783 λίμαχος
769 3725 902 3769 non
956 3703 1041 3768 ad
1100 3715 1470 3787 accentum,
1530 3705 1646 3770 sed
1690 3707 1775 3770 ad
1820 3727 2011 3770 usum
2054 3707 2235 3771 vocis
2290 3728 2484 3787 μαιμα
2501 3709 2710 3791 λλών,
2755 3729 2922 3793 quae
2951 3730 3059 3796 ap.

445 3801 920 3868 Callimachum
975 3803 1104 3889 legi
1161 3804 1428 3888 dicitur,
1486 3816 1761 3893 spectat.
1864 3806 2086 3873 Tertio
2162 3807 2301 3873 loco
2357 3806 2573 3873 Schol.
2635 3808 2722 3872 ad
2776 3807 3052 3875 Theocr.

441 3902 584 3968 VH
611 3904 726 3987 60,
773 3905 886 3971 ubi
931 3907 1239 3988 έφιλάθεν
1269 3906 1709 3974 Callimachus
1756 3911 2155 3989 παροξύνειν
2199 3908 2513 3992 traditur,
2560 3919 2751 3974 antea
2795 3909 3045 3975 Abren-

439 4004 581 4070 sius
627 4006 709 4070 de
754 4005 908 4070 dial.
967 4007 1129 4073 Dor.
1176 4030 1241 4094 p.
1284 4008 1369 4072 29
1413 4009 1499 4074 ad
1543 4010 1791 4076 Dorica
1839 4009 2167 4097 Cyrenaei
2226 4011 2518 4075 carmina
2575 4008 2826 4091 retulit,
2885 4033 3060 4075 nunc

435 4106 866 4191 grammatico
911 4110 1246 4194 assignare
1289 4108 1433 4175 vult
1476 4121 1743 4197 propter
1789 4111 2067 4177 Arcadii
2126 4122 2191 4176 et
2243 4110 2833 4198 Epimerismorum
2880 4110 3058 4177 locos

434 4207 711 4289 citatos,
758 4230 920 4294 quos
966 4218 1201 4295 poetae
1245 4210 1449 4277 tribui
1494 4235 1687 4298 posse
1734 4211 2217 4278 demonstrasse
2264 4213 2531 4294 videor,
2587 4224 2653 4279 et
2683 4212 2897 4278 Schol.
2926 4213 3057 4279 AD

433 4308 522 4374 ad
566 4307 646 4373 Il.
695 4312 734 4375 Γ
783 4311 814 4373 1
863 4309 1081 4397 Epim.
1128 4310 1324 4376 Hom.
1369 4312 1445 4395 2,
1499 4314 1575 4378 18
1621 4315 1912 4382 ὀξύνεται
1957 4316 2033 4381 τὸ
2084 4316 2250 4394 ἀτάρ
2295 4316 2334 4393 ἢ
2412 4314 2780 4397 βαρύνεται;
2838 4316 2901 4381 οἱ
2944 4317 3059 4395 μὲν

431 4410 757 4478 ὀξυτόνως
801 4411 1207 4497 ἀνέγνωςαν,
1265 4415 1356 4480 ὼς
1407 4414 1834 4499 Καλλίμαχος,
1889 4415 1952 4480 οἱ
2010 4417 2081 4481 δὲ
2131 4418 2503 4499 βαρυτόνως
2540 4467 2559 4500 ,
2615 4437 2803 4502 quem
2847 4414 3059 4481 locum

429 4510 730 4597 profecto
760 4513 1190 4597 grammatico
1220 4514 1436 4600 potius
1465 4537 1665 4601 quam
1695 4514 2038 4601 Cyrenaeo
2070 4516 2225 4582 attri
2256 4517 2489 4582 butum
2524 4515 2771 4602 velim]
2807 4515 3061 4581 Chae·-

430 4611 543 4677 ris
590 4612 800 4699 (Mon.
845 4614 967 4705 42,
1021 4616 1162 4701 14),
1219 4614 1737 4704 Chrysippus
1785 4619 1868 4698 (Α
1926 4618 2084 4701 129,
2143 4619 2221 4683 Ε.
2267 4618 2359 4684 Μ.
2405 4619 2564 4699 272,
2615 4618 2721 4702 8),
2785 4616 3062 4682 Clean·

427 4713 598 4779 thes
657 4713 874 4800 (Pros.
934 4714 1063 4781 Od.
1110 4739 1151 4782 α
1204 4716 1353 4804 52),
1425 4719 1686 4782 Draco
1741 4717 2405 4785 Stratonicensis
2482 4719 2690 4805 (Mon.
2747 4718 2865 4800 35,
2932 4720 3061 4802 15),

427 4814 904 4903 Euphranor
950 4816 1036 4902 (Ξ
1066 4818 1258 4901 372),
1305 4816 1675 4886 Heliodo
1704 4841 1839 4887 rus
1889 4819 2096 4906 (Mon.
2142 4821 2259 4902 34,
2294 4820 2406 4903 15,
2449 4818 2671 4885 Bekk.
2707 4821 2836 4886 An.
2876 4820 3062 4900 1158,
