3664 5546
1631 342 2049 390 PRAEFATIO.
3059 341 3133 387 xl

539 502 810 582 λέξεων,
869 500 977 563 cui
1032 498 1098 561 in
1152 497 1374 561 Bekk.
1424 496 1674 562 Aneed.
1727 496 1885 561 1157
1942 494 2159 562 Αἰλίου
2221 517 2452 561 nomen
2509 497 2953 583 praepositum
3011 506 3133 578 est,

537 603 608 667 in
672 601 906 666 Hortis
974 598 1187 664 Adon.
1244 600 1463 666 Αἰλίου
1527 600 1876 664 Διονυςίου
1944 596 2200 662 titulum
2264 598 2485 663 habet.
2593 597 2722 662 Sed
2787 607 3134 683 utrumque

539 706 985 788 fragmentum
1029 699 1391 766 Herodiani
1437 723 1581 765 esse
1623 710 2082 785 argumentum
2129 709 2193 764 et
2235 700 2400 764 ratio
2445 699 2826 785 disputandi
2871 699 3133 765 convin-

541 814 719 871 cunt.
789 805 1013 891 Atque
1058 803 1214 867 haee
1259 802 1574 868 librorum
1617 801 2176 868 Herodianeorum
2222 802 2559 888 inscriptio
2603 803 2988 867 documento
3036 813 3135 866 est

543 898 997 973 Herodianum
1063 913 1405 991 postquam
1472 906 1744 970 Romam
1811 904 2240 995 demigravit,
2318 926 2496 967 more
2556 902 2733 967 illius
2802 904 3133 990 temporiS,

542 1009 720 1098 quod
767 1008 1030 1074 Aelium
1075 1008 1481 1073 Hadrianum
1523 1029 1730 1094 usque
1773 1006 1860 1070 ad
1906 1006 2312 1071 Pertinacem
2369 1015 2662 1069 secutum
2718 1013 2847 1085 est,
2901 1027 3135 1069 nomen

541 1110 954 1199 imperatoris
1013 1109 1336 1175 Hadriani
1395 1109 1744 1195 accepisse.
1846 1107 2041 1189 Quod
2104 1129 2338 1173 nemen
2404 1130 2603 1194 quum
2670 1108 2958 1172 sexcenti
3021 1106 3135 1170 alii

401 1286 426 1293 ,
541 1224 880 1300 gererent,
940 1215 1177 1305 mirum
1230 1234 1362 1277 non
1415 1222 1516 1276 est
1569 1212 1788 1277 varies
1836 1209 2059 1276 Aelios
2106 1211 2365 1297 saepius
2412 1209 2798 1275 commixtos
2845 1229 2987 1273 esse
3040 1219 3133 1273 at-

543 1340 671 1406 que
716 1316 812 1382 sie
856 1316 1105 1380 factum
1160 1322 1287 1394 est,
1346 1324 1420 1379 ut
1477 1336 1595 1400 pro
1644 1312 1835 1377 Aelio
1882 1312 2257 1377 Herodiano
2316 1311 2489 1377 Aelii
2547 1311 2855 1396 Dionysii
2900 1333 3133 1377 nomen

545 1420 835 1506 positum
881 1417 968 1481 sit
1013 1416 1096 1480 ab
1142 1415 1680 1502 epitomatoribus
1727 1423 1793 1480 et
1837 1414 2156 1493 librariis,
2214 1415 2455 1501 quippe
2500 1412 2736 1500 quibus
2781 1435 2911 1477 non
2955 1412 3133 1498 igno·

547 1531 688 1586 tum
733 1519 932 1585 fuerit
978 1519 1176 1583 etiam
1223 1516 1482 1583 Aelium
1528 1517 1923 1605 Dionysium
1968 1517 2291 1582 musicum
2337 1517 2404 1580 in
2449 1515 2645 1581 rebus
2692 1515 3136 1600 grammaticis

545 1632 880 1688 versatum
925 1643 1088 1687 esse.
2960 1688 2970 1698 ,

717 1727 758 1805 ξ
801 1723 864 1788 5.
951 1722 1081 1787 Per
1145 1742 1399 1786 omnem
1463 1722 1923 1809 antiquitatem
1986 1743 2193 1806 usque
2265 1721 2351 1786 ad
2418 1722 2779 1787 recentiora
2842 1729 3435 1806 temporaoecognomn-

543 1824 964 1892 Herodianus
1011 1824 1277 1888 summis
1323 1823 1628 1889 laudibus
1676 1822 1885 1891 elatus
1932 1835 2062 1906 est3
2108 1825 2176 1887 in
2220 1822 2517 1908 catalogo
2562 1822 3135 1907 grammaticorum
3232 1809 3372 1849 '¹³¹'¹¹⁵·

543 1931 616 1993 in
663 1924 915 1992 Aneed.
961 1925 1167 1989 Paris·
1214 1924 1314 1988 IV
1365 1924 1515 2007 195,
1562 1926 1645 1989 26
1691 1937 1967 1991 vocatur
2011 1927 2048 1992 ὁ
2094 1928 2317 2008 μέγας,
2369 1925 2452 1991 ab
2500 1923 2799 1989 Eustath.
2848 1924 3005 2005 620,
3059 1925 3135 1987 14

546 2031 784 2111 ςοφός,
848 2027 919 2091 in
985 2026 1196 2092 Schol.
1263 2028 1349 2091 ad
1409 2027 1638 2112 Eurip.
1711 2027 2051 2114 Hippolyt.
2120 2027 2247 2091 408
2311 2028 2706 2108 φιλόςοφος,
2771 2049 2806 2090 e
2874 2026 3132 2090 Latinis

543 2129 990 2217 grammaticis
1045 2128 1420 2194 Priscianus
1479 2127 1838 2193 Herodiani
1892 2138 1957 2194 et
2001 2127 2336 2215 Apollonii
2393 2129 2642 2194 artibus
2687 2129 2849 2193 nihil
2894 2129 3132 2193 certius

541 2233 825 2299 inveniri
883 2230 1358 2317 pronunciavit.
1449 2231 1921 2296 Constantinus
1980 2230 2283 2295 Lascaris
2343 2231 2537 2297 homo
2596 2253 2803 2296 vanus
2850 2230 3131 2316 quidem,

546 2335 664 2400 sed
720 2333 916 2420 patrii
973 2333 1295 2397 sermonis
1350 2335 1646 2419 apprime
1701 2355 1945 2418 gnarus
2012 2355 2160 2398 eum
2229 2333 2507 2399 honorat
2571 2333 2951 2419 cognomine
3015 2337 3133 2398 τοῦ

545 2440 976 2517 πολυμαθοῦς.
1066 2433 1191 2498 Per
1256 2433 1705 2499 excellentiam
1771 2445 1990 2501 autem
2056 2437 2116 2500 ei
2184 2435 2496 2500 tribuitur
2555 2441 2816 2499 technici
2874 2456 3131 2515 nomen,

543 2561 675 2624 quo
731 2536 1033 2622 inprimis
1099 2537 1293 2599 etiam
1350 2536 1711 2624 Dionysius
1765 2537 2025 2618 Thrax,
2091 2536 2479 2623 Apollonius
2534 2546 2599 2600 et
2643 2535 3130 2600 Choeroboseus

540 2642 718 2705 inter
761 2637 1216 2722 grammaticos
1265 2637 1445 2722 digni
1489 2637 1695 2703 habiti
1743 2650 1916 2703 sunt.

719 2740 1123 2806 Posteriores
1187 2738 1548 2826 artigraphi
1613 2737 1825 2805 solent
1891 2761 2038 2804 eum
2106 2738 2639 2825 grammaticum,
2714 2738 2901 2803 euius
2969 2759 3129 2823 opus

543 2842 879 2930 quoddam
921 2851 1037 2908 aut
1078 2841 1406 2925 explicant
1435 2852 1550 2906 aut
1582 2841 1992 2924 exscribunt,
2026 2841 2306 2907 techniei
2336 2841 2594 2906 nomine
2627 2841 3005 2926 designare;
3032 2841 3133 2905 sie

541 2944 1042 3011 Choeroboscus
1088 2944 1153 3007 in
1198 2944 1486 3009 Dictatis
1534 2944 1938 3026 technicum,
1983 2943 2098 3009 ubi
2142 2942 2319 3008 nullo
2362 2942 2809 3008 additamento
2854 2942 3132 3029 profert,

539 3046 984 3112 Theodosium
1029 3045 1382 3131 intellegit,
1428 3046 1493 3110 in
1527 3044 2017 3131 Orthographia
2060 3067 2246 3126 vero,
2293 3066 2685 3132 quamquam
2727 3045 2922 3109 etiam
2966 3044 3129 3111 alios

541 3147 862 3235 quosdam
911 3146 1242 3212 technieos
1287 3147 1355 3211 in
1400 3170 1588 3211 usum
1636 3170 1822 3212 suum
1868 3146 2199 3229 adhibuit,
2258 3158 2477 3213 tamen
2533 3148 2792 3212 nomine
2849 3146 3129 3214 techniei

537 3250 870 3315 neminem
915 3250 1044 3314 nisi
1088 3249 1540 3314 Herodianum
1586 3248 1915 3334 signifieat
1960 3271 2015 3313 e.
2047 3272 2111 3333 g.
2158 3272 2221 3335 p.
2255 3249 2382 3313 274
2427 3251 2709 3329 Φθιρῶν;
2769 3249 2974 3317 ἰςτέον
3033 3252 3130 3317 ὅτι

534 3354 620 3417 τὸ
678 3352 932 3430 Φθιρῶν
985 3388 1071 3399 -
1127 3351 1164 3416 ὁ
1220 3353 1507 3431 τεχνικὸς
1566 3352 1670 3416 διὰ
1725 3354 1843 3415 τοῦ
1888 3354 1909 3415 ῑ
1951 3352 2215 3435 γράφει,
2272 3372 2461 3437 quem
2517 3349 2730 3415 locum
2774 3352 3129 3438 respiciens

535 3450 935 3517 Eustathius
991 3452 1151 3533 368,
1213 3453 1286 3514 11
1348 3451 1590 3515 diserte
1647 3451 1837 3515 dicit:
1907 3453 1945 3529 ἡ
1999 3455 2215 3533 γραφὴ
2279 3458 2389 3531 τῆς
2445 3455 2935 3533 παραληγούςης
2996 3462 3130 3520 τῶν

533 3554 836 3632 Φθειρῶν
880 3554 1131 3619 τούτων
1178 3554 1495 3634 διάφορος
1541 3554 1699 3618 κατὰ
1742 3555 1859 3618 τὸν
1907 3553 2354 3634 Χοιροβοςκόν.
2432 3554 2494 3619 οἱ
2539 3556 2653 3633 μὲν
2700 3557 2822 3634 γὰρ
2867 3555 3129 3620 πλείους

533 3656 652 3722 διὰ
697 3656 1056 3736 διφθόγγου
1115 3656 1472 3735 γράφουςιν
1521 3654 1710 3738 αὐτό,
1768 3653 1828 3722 ὁ,
1866 3656 1936 3719 δὲ
1980 3656 2264 3733 τεχνικός
2309 3677 2457 3736 φηςι
2504 3656 2607 3720 διὰ
2661 3661 2779 3721 τοῦ
2823 3660 2873 3739 i,
2927 3678 3129 3737 τεχνι-

533 3759 663 3824 κόν
711 3759 918 3833 λέγων
962 3759 1078 3822 τὸν
1111 3756 1528 3835 Ἡρωδιανόν.
1588 3754 1698 3820 Sic
1743 3755 1940 3819 etiam
1973 3755 2464 3839 Theognostus,
2512 3757 2622 3841 qui
2653 3756 3127 3840 Herodianum,

527 3858 830 3923 maxime
876 3858 1015 3922 eius
1048 3855 1452 3922 Catholieam
1497 3857 1857 3943 excerpsit,
1903 3867 1977 3921 ut
2020 3856 2160 3943 ipse
2203 3857 2470 3938 fatetur,
2518 3856 2885 3922 technieum
2914 3859 3128 3944 ipsum

528 3958 999 4026 Herodianum
1045 3957 1334 4044 appellat
1378 3981 1436 4022 e.
1466 3981 1527 4042 g.
1560 3982 1623 4045 p.
1660 3958 1770 4040 78,
1807 3959 1905 4024 10.
1996 3959 2216 4043 Atque
2260 3957 2433 4022 idem
2477 3956 2654 4023 valet
2699 3958 2779 4022 de
2825 3960 3127 4024 omnibus

529 4059 810 4127 omnino
854 4056 1218 4124 Herodiani
1273 4060 1803 4145 excerptoribus‚
1863 4060 1918 4123 si
1976 4058 2238 4144 quidem
2295 4059 2434 4123 eius
2479 4082 2642 4146 opus
2687 4058 3017 4145 quoddam
3061 4061 3129 4123 in

525 4160 813 4229 brevius
859 4158 1166 4243 redigunt
1211 4158 1316 4226 vel
1361 4183 1444 4224 ex
1474 4163 1612 4225 eius
1646 4161 1951 4248 operibus
1996 4182 2239 4224 novum
2283 4161 2616 4246 quoddam
2652 4163 3127 4225 consarcinant.

529 4263 656 4328 Sic
711 4260 1069 4343 Arcadius,
1130 4261 1520 4347 epitomator
1576 4261 1983 4343 Catholicae,
2039 4270 2389 4349 postquam
2462 4262 2531 4324 in
2585 4260 2991 4348 praefatione
3059 4284 3127 4325 se

527 4360 998 4429 Herodianum
1056 4364 1485 4449 exscripsisse
1539 4363 1875 4449 professus
1932 4373 2058 4440 est,
2116 4364 2341 4447 paucis
2399 4361 2558 4426 loeis
2615 4363 2684 4425 in
2737 4364 2878 4447 ipso
2925 4362 3125 4448 epito-

525 4487 679 4530 mes
725 4473 1042 4529 contextu
1086 4464 1369 4529 auctoris
1416 4464 1518 4528 sui
1563 4465 1955 4529 mentionem
2000 4463 2245 4528 faciens
2290 4486 2407 4549 pro
2438 4463 2801 4527 Herodiani
2843 4464 3126 4545 nomine,

524 4564 713 4652 quod
760 4564 987 4650 posuit
1035 4565 1186 4644 193,
1231 4565 1314 4628 26
1360 4574 1424 4628 et
1468 4566 1578 4645 92,
1630 4567 1709 4630 15
1754 4565 2126 4649 significans
2173 4586 2244 4628 se
2289 4565 2532 4629 referre
2578 4563 2941 4628 Herodiani
2986 4587 3127 4629 sen-

522 4667 812 4734 tentiam
859 4665 1118 4730 omissis
1162 4665 1278 4749 iis,
1326 4689 1493 4751 quae
1523 4666 1942 4731 Herodianus
1989 4677 2216 4732 eontra
2262 4664 2534 4728 aliorum
2565 4664 2934 4750 opinionem
2980 4689 3124 4752 pro-

519 4775 849 4855 posuerat
903 4765 1138 4850 (Lehrs
1184 4766 1270 4831 ad
1315 4765 1562 4831 Herod.
1607 4790 1671 4853 p.
1717 4767 1903 4854 287),
1964 4767 2245 4834 technici
2300 4764 2801 4852 appellationem
2857 4767 3123 4833 adhibet
