3664 5546
2848 386 2883 402 ὀ

573 402 836 452 CLXXIV
1661 398 2083 449 PRAEFATIO.

741 555 836 619 St.
883 553 964 618 B.
1007 552 1168 631 455,
1221 553 1293 614 11
1346 553 1715 633 Μολυβδίνη
1771 554 1957 618 πόλις
2007 554 2404 630 Μαςτιηνῶν.
2492 550 2816 615 Ἑκαταῖος
2869 548 3164 632 Εὐρώπῃ.

487 733 496 754 ⁸
574 655 866 740 Theogn.
917 655 1072 736 113,
1118 654 1201 717 33
1249 655 1619 733 Μολυβδίνη
1664 656 1704 733 ἡ
1747 656 1951 719 πόλις.

745 758 842 819 St.
891 755 969 818 B.
1014 754 1173 835 463,
1225 755 1258 816 1
1308 755 1630 834 Μυργέται
1689 756 1881 820 ἔθνος
1940 754 2255 820 (κυθικόν.
2345 754 2669 818 Ἑκαταῖος
2713 753 3000 836 Εὐρώπῃ.
3089 752 3165 817 ἔν

573 880 689 923 τιςι
735 860 805 923 δὲ
851 864 983 922 τῶν
1030 856 1434 935 Ἡρωδιανοῦ
1478 857 1790 937 γράφεται
1837 857 1941 921 διὰ
1983 860 2100 921 τοῦ
2143 859 2184 932 Ῠ
2229 857 2587 936 Γυργετῶν,
2634 859 2868 937 κακῶς,
2925 853 3163 937 quibus

572 958 792 1030 verbis
840 958 979 1042 ipse
1012 956 1237 1043 Steph.
1269 956 1595 1041 significat
1638 980 1708 1021 se
1738 956 2100 1021 Herodiani
2133 953 2435 1042 exempla
2465 966 2615 1020 ante
2647 953 2870 1019 oculos
2900 954 3165 1019 habere.

741 1059 844 1122 De
891 1058 987 1122 St.
1020 1058 1096 1121 Β.
1135 1059 1467 1125 Μαλάνιος
1514 1069 1580 1123 et
1609 1058 1906 1142 Theogn.
1941 1058 2082 1138 124,
2114 1055 2212 1121 32
2245 1059 2574 1123 Μελάνιον
2606 1057 2737 1120 iam
2768 1077 2968 1143 supra
2998 1055 3164 1119 dixi.

743 1161 837 1225 St.
891 1161 964 1223 B.
1013 1159 1169 1241 849,
1223 1161 1300 1222 14
1344 1162 1611 1228 Ὀλιζών
1655 1162 1841 1226 πόλις
1888 1161 2244 1226 Θεςςαλίας.
2318 1160 2641 1224 Ἑκαταῖος
2687 1157 2988 1243 Εὐρώπῃ,
3033 1159 3162 1222 κλί-

576 1283 748 1328 νεται
805 1264 875 1326 δὲ
933 1263 1038 1327 διὰ
1094 1265 1212 1326 τοῦ
1257 1266 1310 1326 ὦ
1364 1264 1465 1327 καὶ
1520 1262 1810 1328 ὀξύνεται
1866 1263 2011 1346 ipsa
2065 1261 2272 1326 verba
2316 1260 2796 1326 Herodianeam
2845 1259 3159 1343 originem

567 1362 880 1448 produnt.

750 1464 840 1527 St.
890 1463 967 1528 B.
1013 1464 1170 1544 491,
1222 1465 1253 1526 1
1303 1465 1599 1544 Ὀλύκραι
1643 1467 1829 1530 πόλις
1885 1466 2029 1543 περὶ
2076 1465 2476 1529 Ναύπακτον.
2566 1464 2891 1529 Ἑκαταῖος
2945 1482 3157 1541 περιη-

577 1569 750 1644 γήςει
797 1565 1118 1644 Εὐρώπης.
1206 1564 1454 1629 Herod.
1503 1565 1691 1630 Cath.
1742 1588 1848 1651 ap.
1894 1564 2129 1628 Choer.
2174 1566 2331 1645 515,
2384 1565 2461 1629 15
2503 1566 2774 1645 Ὀλύκρη
2818 1565 3020 1628 πόλις.

746 1666 840 1730 St.
886 1666 966 1730 Β.
1011 1665 1168 1747 396,
1222 1667 1300 1730 15
1349 1668 1515 1747 Κύρη
1560 1671 1753 1745 νῆςος
1796 1669 1868 1733 ἐν
1912 1674 2005 1751 τῷ
2059 1668 2349 1752 Περςικῷ
2393 1669 2633 1752 κόλπῳ.
2719 1665 3043 1730 Ἑκαταῖος
3088 1664 3163 1728 ἐν

576 1770 1006 1847 περιηγήςεως
1051 1769 1361 1853 δευτέρῳ,
1406 1768 1581 1854 quod
1626 1791 1706 1832 ex
1755 1767 1979 1832 eodem
2026 1767 2165 1832 loco
2212 1778 2407 1853 atque
2451 1767 2822 1853 proximum
2862 1766 3160 1844 Ὀλύκραι

575 1880 906 1955 sumptum
963 1869 1252 1949 videtur,
1309 1890 1700 1955 quamquam
1757 1868 1989 1933 Choer.
2047 1865 2336 1954 explicat
2392 1870 2558 1948 Κύρη
2615 1869 2846 1950 κρήνη,
2905 1868 3029 1948 ἀφ’
3085 1866 3164 1944 ἦς

578 1973 680 2037 καὶ
727 1972 977 2050 Κυρήνη
1020 1973 1236 2053 πόλις,
1281 1970 1453 2056 quod
1500 1972 1718 2034 statim
1765 1993 1870 2056 ap.
1910 1971 2006 2034 St.
2035 1969 2113 2032 Β.
2160 1969 2482 2054 sequitur3
2529 1990 2678 2032 nam
2725 1970 2922 2033 etiam
2953 1966 3162 2031 Choe-

576 2072 889 2136 roboscus
935 2070 1294 2136 Herodiani
1339 2083 1754 2157 praeceptum
1800 2071 1869 2134 in
1911 2071 2176 2135 brevius
2222 2070 2573 2136 contraxit.

748 2172 844 2237 St.
888 2172 967 2237 B.
1011 2172 1171 2253 494,
1216 2171 1302 2237 25
1344 2173 1625 2269 Ὀρέςται
1666 2174 2064 2239 Μολοςςικὸν
2109 2173 2314 2238 ἔθνος.
2389 2172 2712 2236 Ἑκαταῖος
2755 2170 3026 2253 Εὐρώπῃ
3071 2167 3156 2232 cf.

578 2275 672 2340 St.
718 2274 795 2338 Β.
842 2273 1002 2355 522,
1049 2275 1091 2336 4
1133 2275 1398 2340 Πιάςται
1455 2273 1644 2339 ἔθνος
1700 2277 1865 2354 πρὸς
1917 2282 2010 2359 τῷ
2064 2276 2334 2358 Πόντῳ,
2394 2274 2729 2354 βαρύνεται
2785 2274 2856 2338 δὲ
2920 2271 3161 2352 ὁμοίως

575 2383 667 2459 τῷ
713 2376 1008 2454 Ὀρέςται.
1056 2375 1210 2439 Arc.
1257 2376 1358 2456 27,
1405 2376 1465 2438 6.

744 2477 1083 2556 Τιπανὶςης
1127 2477 1316 2543 ἔθνος
1372 2478 1546 2556 παρὰ
1599 2479 1715 2543 τὸν
1765 2479 2105 2542 Καύκαςον.
2195 2478 2516 2541 Ἑκαταῖος
2562 2477 2851 2559 Εὐρώπῃ.
2940 2473 3017 2537 Ε.
3066 2471 3156 2535 M.

584 2578 689 2655 15,
744 2580 773 2640 1
823 2578 1154 2656 Τιπενίςης
1198 2578 1449 2644 ἑθνικόν
1495 2579 1563 2641 in
1607 2578 1751 2644 loco
1796 2601 1881 2642 ex
1927 2579 2161 2643 Choer.
2208 2577 2397 2642 Orth.
2443 2578 2665 2662 petito.

743 2679 848 2743 De
890 2678 1149 2758 Ὦρικος
1204 2701 1309 2764 ap.
1356 2676 1451 2742 St.
1497 2678 1574 2742 B.
1636 2690 1702 2743 et
1755 2678 2049 2764 Theogn.
2106 2679 2219 2757 60,
2270 2680 2306 2743 7
2360 2678 2618 2757 Ὠρικος
2676 2674 3018 2758 emendato
3075 2697 3159 2738 ex

575 2781 851 2860 (ώρικος
894 2783 1023 2844 iam
1069 2802 1270 2866 supra
1316 2780 1477 2846 dixi.

744 2880 839 2946 St.
900 2881 990 2945 B.'
1030 2882 1188 2964 676,
1247 2883 1281 2945 7
1330 2884 1689 2949 Φωτίναιον
1735 2885 2353 2967 προπαροξυτόνως,
2413 2882 2599 2948 πόλις
2644 2881 3010 2962 Θεςςαλίας,
3069 2879 3158 2942 ὡς

574 2984 896 3049 Ἑκαταῖος
941 2985 1302 3063 περιηγήςει
1347 2985 1652 3063 Εὐρώπης
1695 2995 2002 3050 accentus
2048 2986 2293 3050 notatio
2340 2981 2788 3048 Herodianum
2832 2980 3071 3067 prodit.

743 3082 838 3147 St.
885 3082 963 3146 B.
1008 3084 1165 3164 333,
1210 3083 1250 3145 6
1296 3085 1574 3165 Ἰξιβάται
1629 3087 1820 3151 ἔθνος
1875 3088 2038 3165 πρὸς
2093 3094 2186 3171 τῷ
2243 3087 2480 3169 Πόντῳ
2538 3087 2844 3165 προςεχὲς
2902 3089 2977 3166 τῇ
3024 3082 3157 3147 (ιν-

574 3192 728 3271 δικῇ.
817 3185 1140 3250 Ἑκαταῖος
1195 3184 1378 3269 Ἀςίᾳ.
1467 3185 1545 3248 Ε.
1591 3186 1683 3250 Μ.
1738 3186 1896 3267 436,
1949 3188 2021 3250 11
2080 3189 2159 3252 τὰ
2214 3187 2302 3252 εἰς
2355 3190 2473 3264 ’τἰῖὲ
2528 3187 2811 3265 λήγοντα
2866 3184 3159 3263 ἀρςενικὰ

511 3300 522 3307 ·
572 3288 855 3365 καθαρὸν
901 3286 1137 3364 ἔχοντα
1180 3286 1257 3351 τὸ
1301 3291 1335 3350 τ
1382 3288 1642 3371 βραχείᾳ
1687 3289 2186 3370 παραληγόμενα
2231 3290 2392 3367 ὑπὲρ
2439 3290 2557 3352 δύο
2607 3287 2921 3367 ςυλλαβὰς
2967 3286 3155 3366 βαρύ-

573 3409 744 3454 νεται
792 3389 894 3451 καὶ
936 3387 1112 3451 ἁπλᾶ
1154 3386 1314 3452 ὄντα
1360 3387 1504 3453 οἷον
1549 3389 1871 3473 Ἰξιβάτης,
1916 3392 2179 3471 ἀρότης,
2229 3391 2512 3469 ἐργάτης.
2582 3387 2754 3452 Hinc
2799 3386 2971 3450 unde
3016 3386 3156 3452 Ste-

571 3491 828 3573 phanus
872 3509 1108 3552 nomen
1154 3488 1536 3575 sumpserit,
1584 3491 2049 3575 comperimus,
2095 3490 2343 3557 scilicet
2386 3513 2471 3553 ex
2500 3488 2758 3554 Cathol.
2804 3491 2869 3552 in
2913 3510 3159 3552 canone

573 3590 654 3653 de
699 3588 1066 3653 nominibus
1111 3589 1182 3654 in
1223 3612 1354 3670 της.
1986 3609 1999 3619 “

743 3691 837 3753 St.
873 3690 949 3753 B.
980 3690 1135 3772 339,
1189 3690 1265 3754 18
1311 3692 1648 3770 Ἰςςηδόνες
1692 3692 1883 3759 ἔθνος
1916 3694 2232 3759 Εκυθικόν.
2303 3693 2625 3759 Ἑκαταῖος
2655 3692 2839 3776 Ἀςίᾳ.
2885 3692 3156 3771 Ἀλκμὰν

575 3794 645 3855 δὲ
692 3791 887 3870 μόνος
920 3791 1286 3869 Ἐςςηδόνας
1332 3794 1566 3858 αὐτούς
1610 3817 1817 3874 φηςιν.
1888 3797 2228 3873 εὑρίςκεται
2275 3797 2345 3860 δὲ
2388 3797 2428 3873 ἡ
2461 3796 2727 3872 δευτέρα
2755 3793 2906 3871 παρ’
2935 3792 3156 3857 ἄλλοις

574 3892 679 3956 διὰ
722 3896 839 3956 τοῦ
884 3898 932 3957 ἓ.
1006 3894 1300 3970 λέγονται
1345 3895 1446 3958 καὶ
1492 3896 1747 3973 Ἰςςηδοί
1789 3897 2233 3977 τριςυλλάβως.
2307 3896 2432 3960 ἔςτι
2479 3899 2581 3961 καὶ
2624 3896 2907 3973 Ἰςςηδών
2951 3895 3153 3959 πόλις.

574 3990 968 4057 Observatio
1038 3992 1118 4056 de
1185 3995 1545 4079 scripturae
1605 3996 1965 4060 variatione
2032 4007 2098 4061 et
2154 3997 2236 4061 de
2280 3996 2486 4061 altera
2547 3996 2759 4061 forma
2825 4006 3152 4059 auctorem

475 4146 498 4159 ς
572 4093 932 4177 significat,
979 4117 1105 4180 quo
1151 4095 1433 4176 accedit,
1482 4098 1654 4182 quod
1699 4098 1987 4176 Ἰςςηδών
2033 4099 2228 4162 etiam
2272 4100 2341 4163 in
2370 4097 2546 4163 Mon.
2581 4097 2652 4179 9,
2689 4096 2766 4160 18
2812 4095 3153 4183 reperitur.

742 4197 836 4259 St.
883 4196 960 4258 B.
1005 4194 1165 4278 554,
1212 4196 1251 4259 6
1300 4198 1613 4277 Κανθηλία
1668 4199 1855 4264 πόλις
1911 4200 2055 4278 περὶ
2115 4200 2505 4279 Καρχηδόνα.
2593 4192 2915 4264 Ἑκαταῖος
2968 4199 3153 4281 Ἀςίᾳ.

571 4298 938 4375 Ἡρόδοτος.
1031 4298 1319 4376 Κανθήλη
1364 4299 1549 4364 πόλις
1593 4301 1929 4389 Φοινίκων.
2017 4303 2120 4365 καὶ
2172 4301 2496 4365 Ἑκαταῖος
2552 4300 2788 4382 οὕτως,
2844 4322 3007 4386 quae
3059 4298 3155 4361 sic

571 4398 1021 4480 coniungenda
1077 4409 1251 4462 recte
1307 4399 1681 4485 suspicatur
1733 4401 2053 4465 Meinek.:
2114 4402 2429 4480 Κανθηλία
2482 4403 2665 4465 πόλις
2722 4403 2868 4478 περὶ
2914 4402 3152 4479 Καρχη-

572 4501 746 4564 δόνα.
839 4500 1086 4575 λέγεται
1142 4502 1246 4564 καὶ
1301 4502 1606 4580 Κανθήλη.
1696 4502 2091 4581 Ἡρωδιανὸς
2156 4504 2489 4581 «Κανθήλη
2548 4503 2733 4567 πόλις
2787 4501 3151 4581 Λιβυφοινί-

572 4623 731 4685 κων,
777 4602 880 4665 καὶ
909 4601 1231 4666 Ἑκαταῖος
1262 4602 1526 4667 οὕτως».
1597 4604 1886 4682 Κανθήλη
1916 4605 2101 4670 πόλις
2131 4603 2333 4667 habet
2362 4604 2557 4666 etiam
2590 4601 2882 4685 Theogn.
2918 4602 3060 4681 111,
3090 4602 3151 4667 6.

742 4703 836 4765 St.
881 4702 943 4764 2.
989 4702 1113 4766 358
1163 4705 1481 4782 Καρδυτός
1529 4706 1618 4769 ώς
1664 4706 1973 4791 Βηρυτός,
2017 4707 2205 4772 πόλις
2251 4704 2471 4783 Εὐρων
2516 4705 2789 4787 μεγάλη,
2847 4704 2937 4768 ώς
2979 4703 3147 4767 Ἑκα-

571 4806 748 4868 ταῖος
795 4806 865 4869 ἐν
910 4807 1268 4886 περιηγήςει
1315 4806 1528 4872 Ἀςίας.
1617 4806 2032 4891 Comparatio
2087 4829 2234 4871 cum
2282 4807 2560 4885 Βηρυτός
2614 4814 2881 4892 propter
2924 4825 3147 4869 accen-
