3664 5546
606 314 739 377 470
1550 312 1632 367 ΕΚ
1670 311 1810 366 ΤΩΝ
1854 309 2265 363 ΗΡΩΔΙΑΝΟΥ

610 505 729 563 ρον
774 485 812 562 ἢ
859 484 1204 558 ἐνεςτῶτός
1248 484 1398 550 εἰςιν
1444 485 1482 549 6
1526 485 1770 549 ποιέων
1826 482 1865 547 6
1920 487 2173 546 ποιῶν
2218 479 2322 543 καὶ
2363 480 2440 544 τὸ
2485 481 2714 545 ποιέον
2757 479 2834 544 τὸ
2879 483 3206 559 ποιοῦν,

611 586 649 652 6
696 586 912 666 βοάων
958 586 997 651 6
1044 592 1250 668 βοῶν
1294 588 1397 652 καὶ
1439 588 1515 651 τὸ
1562 586 1766 666 βοάον
1809 584 1887 649 τὸ
1934 587 2169 665 βοῶν,
2227 582 2265 646 6
2312 583 2602 662 χρυςόων
2664 582 2702 647 6
2753 587 3059 660 χρυςῶν
3103 582 3210 645 καὶ

612 690 688 755 τὸ
754 687 1032 767 χρυςόον
1097 689 1174 754 τὸ
1240 692 1606 768 χρυςοῦν,
1681 688 1885 767 ἤγουν
1951 686 2304 765 μέλλοντος
2367 689 2480 762 τῆς
2543 685 2831 764 πέμπτης
2897 683 3211 763 ςυζυγίας,

616 797 893 873 κερῶν,
940 797 1278 873 ςπερῶν,
1324 795 1653 872 κτενῶν,
1710 789 1849 853 ἐπεὶ
1907 789 2008 852 καὶ
2050 787 2302 852 τούτων
2348 787 2596 867 ῥήματα
2645 794 3077 867 περιςπῶνται
3119 823 3206 834 -

552 903 585 952 5
614 900 805 976 ποιῶ,
851 897 1007 975 βοῶ,
1052 900 1285 974 χρυςῶ,
1329 898 1515 974 κερῶ,
1561 896 1794 975 ςπερῶ,
1840 894 2057 955 κτενῶ.
2091 925 2175 935 -
2219 889 2557 971 βαρύνεται
2589 891 2660 953 δὲ
2703 890 2743 967 ἡ
2790 890 2877 955 εἰς
2923 895 3018 955 ὧν
3063 911 3207 970 μετ-

613 997 767 1079 οχή,
820 995 930 1060 ὅτε
960 996 1035 1060 τὸ
1069 994 1236 1074 ῥῆμα
1267 995 1635 1076 βαρύνεται,
1677 992 1897 1057 τύπτω
1927 991 2272 1074 τύπτων,
2308 991 2542 1072 γράφω
2570 992 2940 1074 γράφων,
2970 993 3211 1071 γράψω

540 1181 549 1188 „
613 1098 979 1180 γράψων,
1030 1098 1276 1175 ποιήςω
1320 1097 1692 1174 ποιήςων.
1781 1093 2122 1162 ὀξύνονται
2170 1097 2242 1158 δὲ
2286 1093 2351 1158 αἱ
2406 1093 2494 1158 εἰς
2537 1097 2640 1157 ὢν
2683 1096 2988 1173 δευτέρου
3032 1094 3210 1174 ἀορί-

616 1221 765 1264 ςτου
812 1200 1103 1281 λαβών,
1146 1199 1448 1281 τυπών,
1493 1199 1804 1280 φαγών,
1852 1197 1996 1277 μεθ’
2040 1195 2133 1261 ὧν
2171 1197 2272 1260 καὶ
2318 1195 2468 1260 ἐῶν
2514 1197 2617 1260 καὶ
2661 1195 2797 1261 ἰών
2831 1198 2944 1261 καὶ
2987 1198 3212 1279 κιών,

616 1304 786 1379 πλὴν
839 1304 955 1364 τοῦ
1010 1301 1334 1379 πέφνων
1393 1301 1835 1380 βαρυνομένου
1891 1299 2129 1378 ὁμοίως
2184 1304 2275 1381 τῷ
2330 1298 2638 1377 τέμνων
2698 1299 2802 1362 καὶ
2861 1299 3213 1378 κάμνων,

522 1408 583 1460 10
617 1404 694 1469 τὸ
742 1404 812 1467 δὲ
858 1402 1054 1466 ἑκών
1100 1401 1491 1481 ἠκολούθηςε
1534 1406 1673 1467 τοῖς
1704 1402 2194 1481 προειρημένοις
2236 1399 2369 1465 ἀπὸ
2413 1404 2530 1464 τοῦ
2561 1399 2712 1465 εἴκω
2755 1402 2832 1465 τὸ
2867 1401 3212 1480 ύποχωρῶ.

620 1505 840 1582 ἐπειδὴ
887 1505 959 1568 δὲ
1004 1503 1068 1568 αἱ
1112 1503 1200 1568 εἰς
1242 1509 1341 1568 ὧν
1389 1506 1692 1583 λήγουςαι
1746 1505 1850 1568 καὶ
1903 1504 2008 1567 ἐπὶ
2051 1504 2279 1568 τέλους
2324 1502 2582 1580 ἔχουςαι
2635 1505 2752 1567 τὸν
2804 1503 3004 1588 τόνον
3059 1502 3214 1580 ἄδη-

621 1611 740 1671 λον
797 1605 923 1670 εἴτε
983 1605 1321 1696 ὀξύνονται
1379 1606 1505 1670 εἴτε
1549 1612 2012 1687 περιςπῶνται,
2068 1606 2139 1669 ἐκ
2192 1608 2305 1682 τῆς
2361 1605 2620 1669 κλίςεως
2673 1597 3212 1670 διατελείςθωςαν.

620 1708 715 1773 ὧν
761 1710 875 1787 μὲν
919 1708 1043 1786 γὰρ
1088 1707 1153 1771 αἱ
1196 1708 1455 1784 πλάγιοι
1502 1709 1686 1787 φύςει
1717 1712 1925 1791 μακρᾷ
1964 1708 2479 1788 παραλήγονται,
2524 1707 2778 1778 τούτων
2808 1707 3069 1772 πάντως
3113 1707 3218 1771 καὶ

622 1810 686 1874 αἱ
730 1809 968 1874 εὐθεῖαι
1012 1816 1441 1887 περιςπῶνται
1496 1809 1640 1874 οἷον
1702 1815 1989 1889 βοῶντος
2035 1814 2243 1890 βοῶν,
2300 1812 2692 1887 χρυςοῦντος
2750 1799 3058 1892 χρυςοῡν,
3115 1829 3217 1873 κε-

529 1918 584 1968 ¹5
623 1916 895 1991 ροῦντος
940 1917 1176 1994 κερῶν,
1221 1916 1606 1977 κτενοῦντος
1652 1916 1911 1976 κτενῶν.
1967 1910 2061 1976 ὧν
2094 1914 2164 1975 δὲ
2196 1912 2399 1990 μόνον
2432 1911 2563 2001 ἐςτὶ
2585 1913 2662 1975 τὸ
2691 1914 2733 1974 ὃ
2776 1911 2846 1976 ἐν
2890 1918 2965 1995 τῇ
3010 1932 3218 1990 παρα-

625 2014 929 2097 ληγούςῃ,
960 2012 1212 2078 τούτων
1243 2012 1307 2077 αἱ
1337 2011 1574 2078 εὐθεῖαι
1608 2013 1968 2095 ὀξύνονται,
2000 2013 2307 2091 δευτέρου
2337 2012 2516 2077 οὖςαι
2548 2012 2867 2095 ἀορίςτου,
2904 2014 3222 2094 λαβόντος

625 2116 914 2198 λαβών,
961 2101 1320 2192 δραμόντος
1364 2117 1695 2195 δραμών.

792 2216 866 2280 Αἱ
911 2219 981 2280 δὲ
1028 2216 1117 2280 εἰς
1160 2220 1242 2279 ὂῖέ
1287 2215 1351 2280 αἱ
1397 2219 1511 2308 μὲν
1554 2223 1671 2282 τοῦ
1715 2221 1983 2296 πρώτου
2039 2216 2340 2295 ἀορίςτου
2395 2221 2584 2282 πᾶςαι
2629 2218 2758 2295 πρὸ
2817 2221 2959 2296 μιᾶς
3002 2217 3222 2296 ἔχουςι

625 2309 967 2383 τόντόνον
1012 2319 1365 2400 τελέςας,
1411 2321 1776 2402 ποιήςας,
1820 2319 2109 2400 τύψας,
2152 2319 2502 2402 γεμίςας,
2550 2320 2957 2399 ςαλπίςας,
3003 2318 3221 2382 λεπί-

524 2426 593 2476 20
628 2442 787 2502 ςας,
833 2419 1370 2502 καλλωπίςας,
1418 2420 1713 2503 βρίςας,
1746 2422 2042 2504 κτίςας,
2089 2421 2485 2502 λακτίςας,
2531 2419 2799 2499 μεθ’ὧν
2832 2421 3002 2500 καὶὴ
3047 2419 3222 2487 ἴςας

731 2678 767 2726 l.
795 2679 819 2725 1
860 2675 894 2738 ἢ
934 2674 1245 2726 ἐνεςτῶτός
1283 2672 1416 2726 εἰςιν
1452 2677 1658 2726 inserui
1695 2681 1752 2726 et
1786 2677 1822 2725 l.
1849 2680 1880 2728 3
1917 2681 2041 2741 post
2078 2674 2386 2737 μέλλοντος
2423 2677 2579 2726 omisi
2615 2674 2770 2739 ἣςαν.
2838 2675 2873 2725 l.
2904 2678 3069 2725 5—10
3103 2674 3225 2726 ἀπὸ

628 2747 732 2796 τοῦ
772 2742 907 2795 εἴκω
944 2742 1012 2794 τό
1050 2741 1336 2805 ὑποχωρῶ
1373 2748 1503 2796 sunt
1541 2760 1607 2794 ex
1644 2744 1841 2794 Arcad.
1880 2746 2002 2806 176,
2042 2746 2285 2806 17—255
2334 2744 2431 2794 sed
2468 2745 2549 2793 ita
2587 2751 2649 2795 ut
2686 2743 2821 2807 μεθ’
2859 2741 2942 2793 ῶν
2979 2744 3069 2795 καὶ
3105 2742 3226 2796 ἐών

586 2864 596 2884 ,
629 2840 695 2849 —-
733 2811 872 2863 κιών
908 2814 1207 2863 insererem
1250 2829 1316 2862 ex
1354 2815 1456 2878 Ep.
1495 2814 1551 2862 in
1589 2812 1791 2863 Psalm.
1820 2816 1937 2874 149,
1975 2816 2065 2863 25:
2105 2814 2252 2863 πᾱ(α
2290 2812 2500 2876 μετοχὴ
2540 2811 2850 2864 ἐνεστῶτος
2885 2812 3091 2876 χρόνου
3132 2814 3227 2874 βα-

630 2880 890 2945 ρύνεςθαι
928 2879 1077 2931 θέλει
1105 2880 1256 2943 πλὴν
1290 2883 1394 2932 τοῦ
1424 2880 1574 2931 ἑκὼν
1600 2879 1662 2931 ἐκ
1686 2884 1789 2931 τοῦ
1828 2878 1965 2931 εἴκω
2005 2880 2094 2930 καὶ
2130 2884 2233 2930 τοῦ
2273 2879 2388 2930 ἐών
2435 2881 2495 2931 ἐκ
2532 2884 2635 2931 τοῦ
2675 2878 2775 2931 εἷω
2814 2882 2902 2931 καὶ
2939 2883 3042 2931 τοῦ
3083 2880 3228 2931 κιών

631 2948 692 3001 ἐκ
728 2952 832 2999 τοῦ
880 2945 985 2998 κίω
1035 2955 1091 2997 et
1128 2949 1228 2997 An.
1264 2946 1440 3001 Paris,
1478 2950 1563 3001 111
1599 2952 1724 3011 333,
1764 2951 1854 2998 2οι
1895 2947 2030 2998 ἐών·
2079 2947 2191 2998 έςτι
2240 2950 2479 3012 μετοχῆς
2527 2947 2888 3013 ἐνεργητικῆς
2935 2948 3025 2999 καὶ
3070 2949 3224 2999 δοκεῖ

631 3015 971 3081 παραλόγως
1008 3015 1319 3068 ὀξύνεςθαι·
1356 3016 1424 3067 οὐ
1464 3016 1639 3079 μόνον
1676 3016 1736 3067 δὲ
1772 3016 1915 3067 αὐτὸ
1954 3014 2097 3066 ἀλλὰ
2132 3017 2221 3066 καὶ
2259 3016 2294 3078 ἠ
2335 3015 2473 3067 κιών
2511 3017 2600 3067 καὶ
2637 3016 2671 3078 ἡ
2715 3015 2889 3080 ἑκών,
2929 3018 3022 3081 qui
3047 3018 3226 3067 Hero-

633 3087 855 3136 dianum
892 3087 1070 3136 secuti
1105 3085 1388 3148 videntur,
1434 3101 1563 3135 nam
1595 3085 1723 3134 inde
1770 3084 1917 3150 quod
1953 3086 2337 3135 coniunctivus
2380 3086 2437 3133 in
2481 3086 2873 3149 compositione
2921 3087 3085 3148 παρῶ
3131 3101 3228 3135 ac-

631 3159 850 3204 centum
887 3169 996 3202 non
1033 3153 1270 3202 retrahit
1307 3170 1375 3202 ex
1413 3153 1813 3204 consuetudine
1851 3154 2178 3203 aoristorum
2227 3150 2524 3216 παράςχω,
2570 3154 2834 3217 consequi
2869 3152 3091 3202 videtur
3125 3152 3231 3203 hoc

635 3223 857 3273 verbum
894 3236 1017 3271 esse
1054 3237 1347 3286 praesens:
1388 3238 1485 3286 pro
1522 3222 1719 3271 aoristi
1756 3220 2049 3285 participio
2085 3220 2254 3270 habet
2291 3218 2406 3270 ἐών
2431 3222 2493 3270 Ε.
2519 3221 2594 3272 M.
2619 3223 2737 3282 350,
2763 3223 2828 3271 34
2864 3218 2978 3271 ἐών
3013 3218 3229 3285 μετοχή

634 3289 746 3342 ἐςτι
792 3285 1051 3352 ἀορίςτου
1097 3287 1386 3352 δευτέρου·
1442 3287 1583 3339 διότι
1636 3287 1914 3340 οὐδέποτε
1969 3287 2177 3352 μετοχὴ
2235 3287 2545 3339 ἐνεςτῶτος
2601 3287 2858 3340 ὀξύνεται
2913 3288 3064 3351 πλὴν
3119 3290 3228 3338 τοῦ

635 3356 799 3408 ἑκών.
849 3356 937 3407 καὶ
975 3354 1253 3407 οὐδέποτε
1291 3356 1558 3421 δευτέρου
1595 3354 1854 3419 ἀορίςτου
1893 3356 2103 3420 μετοχὴ
2144 3355 2440 3420 βαρύνεται
2466 3356 2617 3420 πλὴν
2645 3359 2748 3406 τοῦ
2777 3355 3039 3419 πέφνων·
3079 3355 3230 3406 ὥςτε

634 3425 898 3489 δεύτερος
935 3421 1192 3488 ἀόριςτός
1230 3422 1393 3476 ἐςτιν.
1465 3422 1715 3476 κλίνεται
1761 3423 1958 3475 ἐόντος
2007 3423 2096 3473 καὶ
2135 3422 2324 3476 ὄντος·
2372 3424 2442 3474 τὸ
2488 3424 2549 3475 δέ
2595 3422 2710 3474 ἐών
2746 3426 2849 3475 τοῦ
2889 3423 2972 3474 ὠν
3008 3422 3232 3474 ἐντελέ-

635 3492 834 3558 ςτερὸν
871 3490 984 3542 ἑετι
1030 3492 1099 3545 ef.
1140 3493 1243 3557 Ep.
1282 3492 1367 3542 Cr.
1403 3494 1430 3544 1
1468 3496 1589 3555 142,
1627 3497 1675 3543 3.
1715 3519 1779 3527 —
1817 3493 1890 3541 ad
1936 3490 2179 3555 πέφνων
2225 3492 2261 3542 l.
2300 3494 2331 3541 9
2376 3492 2568 3542 addidi
2614 3489 2825 3554 ὁμοίως
2868 3496 2953 3557 τῷ
2998 3491 3232 3554 τέμνων

637 3562 726 3613 καὶ
765 3559 997 3624 κάμνων
1035 3576 1102 3609 ex
1140 3561 1202 3610 ΙΙ.
1240 3562 1328 3611 Pr.
1365 3560 1423 3612 Π
1458 3564 1584 3611 827ε
1624 3559 1946 3624 πέφνονταῑ
1989 3558 2068 3610 ὡς
2105 3559 2387 3622 τέμνοντα
2424 3559 2611 3610 οὕτως
2647 3560 2738 3609 καὶ
2778 3557 3157 3623 Ἀρίςταρχος·
3196 3560 3232 3610 6

636 3630 698 3681 δὲ
734 3625 1067 3693 Τυραννίων
1103 3627 1401 3692 παροξύνει
1440 3628 1518 3678 ὡς
1555 3627 1829 3691 λαβόντα,
1879 3626 2148 3692 δεύτερον
2194 3625 2453 3692 ἀόριςτον
2491 3626 2873 3690 ἐκδεχόμενος.
2943 3627 3132 3679 οὕτως
3169 3626 3232 3679 δέ

643 3697 733 3748 καὶ
769 3697 877 3760 τὴν
923 3694 1146 3746 εὐθεῖαν
1183 3695 1366 3748 ὁξύνει
1403 3699 1552 3760 «κῆρ
1588 3694 1753 3758 ἄχεος
1801 3695 2073 3760 μεθέηκα,
2123 3693 2378 3759 χερείονά
2427 3709 2534 3761 περ
2577 3695 3010 3758 καταπέφνων»
3055 3694 3148 3758 (11.
3191 3694 3231 3744 Ρ

641 3766 762 3829 539)
801 3766 905 3821 τοῦ
945 3761 1300 3828 Ἀριςτάρχου
1340 3763 1696 3830 βαρύνοντος.
1734 3761 1824 3815 καί
1863 3779 1952 3826 μοι
1989 3763 2140 3815 δοκεῖ
2177 3763 2210 3815 6
2236 3760 2567 3827 Τυραννίων
2604 3763 2760 3830 λόγῳ
2798 3762 2939 3825 ύγιεῑ
2975 3765 3232 3827 χρῆςθαι·

643 3830 692 3884 εἰ
736 3832 841 3897 γὰρ
888 3829 1121 3895 πέφνω,
1169 3831 1431 3896 πέφνεις,
1488 3831 1692 3896 πέφνει
1745 3831 1812 3882 ού
1861 3831 2125 3895 λέγομεν,
2182 3831 2576 3883 ὑποτακτικῶς
2629 3831 2691 3883 δέ
2745 3830 2952 3895 πέφνω
3005 3830 3161 3895 πέφν
3203 3846 3232 3882 ς

643 3899 835 3966 πέφνῃ
883 3900 973 3950 καὶ
1020 3899 1247 3964 «πέφνε
1293 3900 1400 3965 γὰρ
1448 3898 1805 3964 Ὀθρυονῆα»
1846 3900 1931 3956 (ΙΙ.
1971 3900 2012 3950 Ν
2052 3900 2174 3962 363)
2229 3899 2321 3950 καὶ
2375 3898 2489 3951 έςτι
2541 3899 2806 3964 δεύτερος
2851 3898 3105 3963 ἀόριςτος
3152 3846 3234 3950 ιῗις

552 3966 565 3977 ’
643 3968 807 4032 ἔλαβε
845 3966 999 4030 λάβω
1039 3966 1211 4035 λάβῃς
1250 3968 1419 4033 λάβῃ,
1458 3968 1633 4032 δῆλον
1672 3968 1759 4019 ὅτι
1804 3965 2114 4031 ὀφείλομεν
2152 3967 2241 4017 καὶ
2279 3968 2386 4031 τὴν
2432 3967 2679 4032 μετοχὴν
2725 3966 2962 4019 ὁξύνειν.
3034 3967 3065 4019 6
3104 3966 3234 4029 μέν-

641 4051 728 4088 τοι
768 4034 1122 4101 Ἀρίςταρχος
1159 4036 1249 4086 καί
1285 4040 1369 4102 τῷ
1408 4038 1714 4100 χαρακτῆρι
1749 4037 1853 4099 τῆς
1889 4037 2093 4099 φωνῆς
2139 4034 2366 4099 ἐπείςθη
2408 4035 2498 4087 καὶ
2544 4034 2734 4086 οὕτως
2770 4033 3061 4100 ἐβάρυνεν·
3108 4035 3234 4087 ἐπεὶ

641 4104 748 4169 γὰρ
792 4103 850 4156 αἱ
887 4102 965 4157 εἰς
1010 4108 1130 4155 §HN
1168 4102 1433 4167 λήγουςαι
1471 4102 1727 4167 μετοχαί,
1767 4102 1986 4165 ἔχουςαι
2024 4103 2135 4167 πρὸ
2171 4106 2274 4154 τοῦ
2311 4106 2346 4152 V
2383 4102 2690 4168 ςύμφωνον
2728 4104 2862 4154 κατ’
2897 4103 3232 4167 ἐπιπλοκὴν,

643 4174 769 4238 ἤτοι
807 4171 1152 4237 ἐβαρύνοντο
1188 4171 1222 4234 ἢ
1262 4174 1678 4236 περιεςπῶντο,
1726 4170 2004 4222 οὐδέποτε
2049 4170 2110 4221 δὲ
2147 4169 2461 4234 ὠξύνοντο,
2510 4172 2699 4235 ὥςπερ
2746 4171 2858 4234 ἔχει
2904 4171 2937 4233 ἡ
2985 4170 3233 4234 τέμνων,

646 4239 904 4304 κάμνων,
955 4242 1199 4303 πιτνῶν,
1258 4237 1545 4301 ἐδοκίμαζε
1591 4240 1680 4291 καὶ
1718 4240 1825 4304 τὴν
1864 4236 2106 4301 πέφνων
2155 4238 2442 4302 βαρύνειν,
2490 4238 2614 4303 οὐχί
2668 4237 2915 4291 ὸξύνειν·
2969 4236 3018 4290 εἰ
3052 4237 3114 4289 δέ
3148 4253 3235 4289 τις

646 4309 798 4372 λέγοι
844 4307 933 4359 διὰ
976 4305 1032 4358 τί
1077 4307 1182 4372 γὰρ
1228 4306 1296 4357 οὐ
1343 4310 1609 4374 περιςπᾷ;
1659 4306 2046 4370 διδαχθὴςεται
2093 4305 2154 4356 ἐκ
2190 4309 2293 4370 τῆς
2332 4305 2586 4359 κλίςεως·
2642 4306 2710 4358 οὐ
2756 4307 2861 4371 γὰρ
2899 4309 3237 4370 πεφνοῡντα

647 4377 885 4442 ἐροῦμεν
931 4376 966 4439 ἢ
1016 4378 1332 4439 πεφνῶντα
1378 4374 1456 4428 ὡς
1503 4379 1763 4427 νοοῦντα.
1844 4374 2031 4426 οὕτως
2077 4374 2138 4426 δὲ
2184 4375 2274 4425 καί
2320 4374 2354 4438 ἡ
2387 4374 2522 4444 Ιἴςας
2559 4375 2769 4439 μετοχὴ
2808 4375 3112 4440 ἐβαρύνετο
3149 4377 3237 4439 τῷ

647 4447 951 4510 χαρακτῆρι
990 4445 1080 4495 καὶ
1116 4448 1199 4519 τῇ,
1226 4443 1487 4511 ποιότητι
1522 4447 1626 4496 τοῦ
1666 4442 1965 4508 ςτοιχείου,
2004 4442 2071 4494 οὐ
2108 4446 2180 4509 τῇ
2218 4440 2388 4495 κλίςει
2422 4448 2495 4509 τῇ
2534 4447 2635 4495 τοῦ
2675 4442 3004 4507 ἐνεςτῶτος,
3044 4441 3238 4506 ὥςπερ

647 4510 1034 4575 ἀπεδείξαμεν.
1106 4514 1179 4563 cf.
1226 4512 1421 4563 Choer.
1458 4514 1580 4574 620,
1619 4515 1711 4573 26,
1758 4515 1820 4562 Ε.
1860 4515 1933 4563 Μ.
1983 4512 2106 4573 187,
2148 4516 2196 4562 5.
2242 4540 2306 4546 ——
2351 4514 2434 4563 De
2475 4511 2624 4563 ἑκών
2670 4513 2743 4562 cf.
2776 4512 2843 4566 11.
2881 4512 2970 4560 Pr.
3011 4509 3066 4562 Μ
3104 4513 3235 4561 379;

647 4580 924 4632 οὐδέποτε
962 4580 1034 4632 τὰ
1070 4578 1148 4632 εἰς
1186 4585 1268 4631 'tn-V
1314 4580 1568 4644 ὀνόματα
1614 4579 1856 4632 ὀξύτονα
1902 4578 2255 4642 ἐπιδέχονται
2301 4581 2408 4645 τὴν
2453 4580 2542 4631 διὰ
2586 4582 2690 4631 τοῦ
2739 4583 2773 4631 ’ΐ
2819 4576 3014 4631 κλίςιν·
3069 4577 3238 4629 ἔνθεν

646 4650 737 4700 καὶ
773 4648 842 4699 τὸ
882 4647 1030 4699 ἑκών
1069 4647 1295 4713 μετοχή.
1333 4677 1396 4685 -
1435 4651 1468 4700 l.
1510 4653 1706 4700 11-17
1746 4655 1874 4699 sunt
1912 4666 1978 4699 ex
2015 4649 2093 4698 Io.
2133 4648 2218 4698 Al.
2258 4651 2344 4705 22,
2389 4651 2431 4697 1.
2611 4650 2644 4698 l.
2687 4651 2748 4698 18
2786 4648 2863 4701 10.
2901 4647 2983 4699 Al.
3018 4649 3110 4705 22,
3153 4649 3237 4707 11,

648 4716 881 4781 ποιὴςας
917 4716 1102 4779 τύψας
1139 4718 1329 4767 addidi
1365 4734 1432 4767 ex
1468 4718 1592 4767 Are.
1620 4720 1732 4774 176,
1758 4721 1843 4779 27,
1881 4714 2105 4780 γεμίςας
2131 4745 2197 4752 -
2223 4713 2579 4767 καλλωπίςας
2618 4733 2684 4765 ox
2709 4716 2970 4766 Favorin.
2996 4716 3114 4774 249,
3141 4716 3238 4763 26:

646 4782 766 4837 ἷςας
811 4785 1020 4849 μετοχὴ
1068 4784 1365 4850 βαρύνεται
1410 4784 1647 4837 πάντων
1691 4787 1812 4836 τῶν
1860 4783 1938 4837 εἰς
1987 4789 2051 4837 ac*
2099 4783 2460 4848 ὁξυνομένων
2507 4786 2766 4846 μετοχῶν
2823 4784 2925 4846 τῆς
2969 4780 3242 4845 δευτέρας
