3664 5546
1531 449 1946 499 PRAEFATIO.
2254 461 2261 478 ι
2704 425 2711 434 ’
2804 451 3029 499 Lxxm

461 608 744 673 καθόλου
788 607 926 671 sive
971 608 1042 673 ἐν
1086 614 1162 692 τῇ
1217 611 1516 692 καθολικῇ
1572 607 1728 672 dicit
1738 656 1758 688 ,
1812 628 1942 670 uno
1997 605 2135 671 loco
2189 604 2360 671 hunc
2411 605 2650 671 librum
2706 629 2789 669 ex
2842 629 3029 692 argu-

463 719 677 773 mento
721 707 1076 796 particulae
1119 708 1441 774 indicasse
1484 711 1741 773 omnino
1786 731 1916 773 non
1946 707 2257 773 credibile
2287 718 2413 790 est,
2459 717 2797 795 praeterea
2824 708 3032 774 Hero-

464 809 735 875 dianeae
790 819 889 874 est
941 810 1426 876 consuetudinis
1481 821 1697 898 partes
1756 811 2133 898 materiae„-
2166 832 2359 897 quam
2425 811 2734 897 ampliore
2790 812 3029 896 scripto

463 912 803 995 tractavit,
880 912 1257 998 singillatim
1321 912 1667 1001 explicare.
1775 912 1971 993 Inde,
2040 914 2214 1000 quod
2277 910 2511 978 Suidas
2579 914 2659 978 de
2731 911 3029 999 Philippo

464 1015 747 1100 quodam
811 1037 864 1079 s.
912 1039 975 1080 v.
1042 1016 1079 1081 ὁ
1137 1018 1393 1097 γράψας
1449 1019 1597 1097 περὶ
1660 1017 2041 1097 πνευμάτων
2108 1017 2178 1083 ἐκ
2228 1022 2357 1083 τῶν
2413 1017 2811 1095 Ἡρωδιανοῦ
2872 1016 3030 1081 κατὰ

466 1121 779 1197 ςτοιχεῖον
824 1116 1054 1199 tradit,
1100 1140 1228 1183 non
1272 1120 1685 1206 consequitur
1717 1117 2168 1184 Herodianum
2210 1141 2349 1182 rem
2394 1140 2522 1183 non
2552 1139 2637 1181 ex
2682 1117 2848 1182 serie
2892 1117 3030 1181 lite-

464 1241 681 1284 rarum
724 1220 1137 1305 exposuisse,
1182 1222 1310 1286 imo
1355 1220 1703 1285 coniectari
1746 1220 1900 1285 lieet
1938 1220 2121 1285 illum
2163 1220 2382 1285 neseio
2426 1242 2617 1306 quem
2661 1219 3033 1306 Philippum

468 1321 724 1404 eodem,
771 1343 897 1408 quo
942 1321 1391 1404 Herodianus,
1437 1323 1628 1389 modo
1674 1324 1904 1407 egisse.
1992 1322 2221 1409 Neque
2267 1323 2435 1386 enim
2479 1322 2853 1406 ignoramus
2899 1343 3031 1404 eos,

466 1427 576 1512 qui
636 1446 720 1488 ex
771 1423 1185 1490 Herodianeo
1242 1425 1410 1490 libro
1467 1447 1711 1490 novum
1765 1424 2009 1489 librum
2063 1425 2386 1506 fecerunt,
2452 1422 2611 1489 nihil
2668 1423 2848 1488 aliud
2903 1423 3032 1489 sibi

465 1527 872 1615 propositum
924 1525 1230 1592 habuisse
1285 1527 1438 1609 nisi,
1494 1536 1569 1591 ut
1621 1527 2068 1593 Herodianum
2124 1526 2572 1592 exscriberent
2633 1526 2702 1589 in
2766 1525 3030 1591 brevius

465 1627 916 1694 contrahentes
961 1637 1057 1710 et,
1105 1632 1160 1694 si
1205 1628 1362 1717 quid
1405 1629 1825 1710 addiderunt,
1871 1631 2149 1716 ineptias
2194 1651 2346 1694 suas
2392 1637 2747 1694 assuerent.
2815 1629 3035 1715 Atque

465 1740 539 1794 ut
580 1731 820 1796 librum
863 1734 1008 1811 περὶ
1063 1733 1379 1810 διχρόνων
1425 1753 1571 1796 cum
1628 1721 1812 1819 parte
1870 1731 2020 1797 libri
2066 1732 2204 1796 XX
2257 1730 2393 1796 fere
2448 1752 2801 1816 congruere
2855 1731 3031 1796 vide-

465 1856 607 1897 mus
620 1882 641 1916 ,
687 1834 782 1898 sic
825 1832 1063 1897 librum
1118 1836 1267 1914 περὶ
1309 1835 1689 1914 πνευμάτων
1736 1834 2131 1899 simillimum
2190 1832 2457 1898 sectioni
2514 1832 2663 1898 libri
2708 1832 2845 1896 XX
2889 1835 3035 1913 περὶ

473 1937 845 2016 πνευμάτων
893 1934 1103 2026 ,fuisse
1158 1944 1405 1999 certum
1457 1927 1734 2002 videtur.
1835 1937 2103 2002 Initium
2168 1938 2367 2024 cepit,
2424 1937 2681 2023 opinor,
2751 1957 2791 2000 a
2844 1956 3032 1999 cano·

469 2037 654 2103 nibus
699 2036 1090 2125 quibusdam
1132 2038 1545 2122 generalibus
1601 2048 1665 2103 et
1719 2049 1858 2103 tum
1912 2038 2172 2104 vocales
2228 2062 2312 2103 ex
2366 2038 2592 2103 ordine
2648 2037 2713 2101 in
2759 2059 3034 2102 examen

465 2139 871 2205 vocabantur
914 2161 990 2203 eo
1034 2138 1172 2203 fere
1216 2140 1443 2223 mode,
1488 2163 1613 2228 quo
1669 2140 1808 2227 ipse
1853 2142 1920 2204 in
1963 2140 2534 2226 Pneumatologiae
2590 2139 2922 2205 elementis
2966 2142 3035 2204 in

466 2251 651 2328 parte
706 2242 912 2306 altera
963 2240 1132 2306 hane
1188 2243 1547 2309 doctrinam
1601 2243 1901 2308 tractavi.
1952 2279 2021 2290 —-
2072 2243 2341 2310 Praeter
2390 2265 2592 2306 unum
2637 2241 3036 2327 Theognosti

465 2344 899 2428 fragmentum
941 2341 1094 2408 libri
1138 2348 1283 2425 περὶ
1324 2347 1704 2426 πνευμάτων
1749 2345 1988 2410 mentio
2032 2368 2164 2411 non
2210 2346 2314 2427 fit,
2362 2346 2476 2409 sed
2521 2344 2660 2409 fieri
2705 2354 2920 2430 potest
2962 2353 3036 2409 ut

465 2444 782 2531 quaedam
845 2445 1214 2530 fragmenta
1276 2447 1362 2512 ad
1425 2448 1591 2513 hanc
1656 2446 2019 2513 doctrinam
2091 2446 2480 2533 pertinentia
2545 2435 2708 2533 quae
2775 2445 3035 2511 aliunde

465 2546 655 2612 nobis
710 2549 1163 2631 innotuerunt,
1220 2572 1349 2614 non
1403 2573 1486 2613 ex
1540 2548 1912 2628 Catholiea‚
1981 2548 2092 2612 sed
2151 2570 2234 2613 ex
2289 2549 2412 2613 hoe
2469 2547 2634 2613 libro
2694 2548 3037 2634 desumpta

465 2649 614 2712 sint.
677 2648 808 2714 Sed
852 2672 956 2731 ne,
1002 2673 1166 2737 quae
1210 2659 1587 2734 argumento
1631 2652 2052 2731 conhaerent,
2100 2649 2375 2715 diversis
2421 2648 2611 2731 lociS,
2659 2648 2773 2714 sed
2819 2650 3037 2715 omnia

467 2749 589 2817 sub
631 2772 757 2817 uno
803 2761 1153 2839 conspectu
1196 2754 1410 2840 posita
1453 2753 1613 2835 sint,
1669 2753 1884 2817 omnia
1944 2751 2024 2817 de
2050 2818 2055 2827 ,
2079 2752 2414 2839 spiritibus
2471 2761 2817 2840 praecepta
2867 2751 3034 2817 libro

465 2853 604 2918 XX
661 2853 1031 2919 Catholicae
1089 2856 1419 2940 assignavi
1489 2864 1759 2942 excepto
1826 2877 1953 2919 uno
2023 2854 2196 2936 loco,
2265 2877 2456 2942 quem
2511 2854 2727 2920 Cram.
2783 2853 3031 2919 Anecd.
3096 2920 3101 2926 ,

466 2955 617 3020 Par.
661 2954 697 3018 I
739 2955 860 3020 397
915 2956 1105 3021 affert
1158 2980 1241 3021 ex
1293 2956 1503 3023 lexico
1560 2960 1704 3037 περὶ
1760 2959 2172 3041 πνευμάτων,
2229 2957 2310 3021 de
2367 2979 2494 3044 quo
2541 2956 2831 3021 Crameri
2876 2957 3035 3020 haec

468 3067 621 3121 sunt
664 3056 894 3122 verba:
944 3055 1109 3124 Cod.
1158 3058 1381 3145 Suppl.
1432 3058 1584 3141 192,
1632 3058 1859 3124 Chart.
1892 3082 2061 3123 saec.
2093 3058 2278 3123 XIV.
2326 3057 2515 3124 Cont.
2556 3058 2848 3123 Lexicon
2890 3060 3035 3138 περὶ

468 3160 846 3239 πνευμάτων
891 3181 976 3223 ex
1018 3158 1426 3242 HerodianO,
1480 3170 1553 3225 ut
1607 3161 1700 3225 ait
1744 3159 2125 3245 Catalogus.
2212 3160 2381 3225 Nam
2426 3182 2814 3248 quamquam
2859 3159 3036 3224 haud

468 3260 662 3325 credo
719 3261 840 3325 hoc
892 3259 1148 3326 lexicon
1202 3262 1460 3326 omnino
1516 3283 1598 3326 ex
1641 3262 2016 3329 Herodiano
2071 3262 2375 3327 haustum
2419 3285 2588 3343 esse,
2649 3262 2765 3327 sed
2818 3263 3035 3350 potius

467 3371 542 3425 ut
607 3362 823 3429 omnia
898 3359 1341 3428 huiuscemodi
1406 3365 1783 3450 posterioris
1850 3365 1997 3429 aevi
2068 3365 2314 3451 scripta
2376 3363 2735 3429 Herodiani
2800 3386 3035 3429 nomen

468 3472 731 3548 gerunt,
778 3464 933 3550 quin
977 3487 1062 3528 ex
1105 3486 1181 3530 eo
1226 3475 1537 3553 excerpta
1592 3467 1753 3547 sint,
1812 3468 1906 3530 sic
1963 3468 2157 3531 etiam
2212 3466 2333 3531 hoc
2387 3467 2642 3531 lexicon
2698 3487 2781 3530 ex
2835 3467 3035 3531 variis

468 3567 758 3652 scriptis,
803 3564 871 3629 in
916 3566 1150 3653 quibus
1196 3569 1391 3631 etiam
1435 3566 1755 3654 quaedam
1800 3567 2217 3635 Herodianea
2272 3567 2799 3647 continebantur,
2845 3566 3036 3631 colla-

467 3677 605 3731 tum
648 3689 790 3732 esse
833 3668 1145 3749 arbitror,
1192 3678 1407 3733 tamen
1446 3668 1607 3733 illud
1636 3670 2076 3753 fragmentum
2107 3692 2188 3733 ex
2218 3673 2694 3755 comparatione
2727 3668 3039 3756 Stephani

469 3768 774 3855 Byzantii
801 3769 1287 3835 Herodianeum
1332 3792 1472 3835 esse
1517 3772 1858 3836 evincitur.
1934 3771 2153 3836 Etiam
2195 3772 2249 3835 is
2295 3779 2649 3853 tractatus,
2696 3771 2805 3857 qui
2838 3773 3035 3851 Ἡρω-

469 3877 694 3938 διανοῦ
736 3874 882 3952 περὶ
916 3873 1295 3952 πνευμάτων
1327 3871 1676 3960 inscriptus
1709 3873 1777 3935 in
1812 3872 2036 3938 codice
2066 3873 2441 3938 Florentino
2475 3881 2693 3938 exstat
2724 3872 3035 3955 (Bandini

467 3972 658 4037 catal.
703 3972 776 4037 II
817 3996 881 4059 p.
915 3971 1069 4066 338)
1116 3984 1191 4037 ut
1233 3982 1405 4039 recte
1451 3966 1694 4039 iudica't
1737 3971 2029 4038 Hillerus
2074 3997 2136 4061 p.
2184 3974 2267 4039 36
2312 3973 2672 4042 Herodiani
2724 3997 2851 4040 non
2896 3998 3037 4039 esse

466 4072 748 4138 videtur.
2326 4090 2337 4095 ·

1111 4159 1191 4225 V.
1277 4161 1471 4242 Περὶ
1525 4163 1865 4241 Ἀττικῆς
1924 4164 2385 4248 προςῳδίας.

635 4279 809 4344 Ante
865 4277 1311 4345 Herodianum
1356 4279 1624 4366 Trypho
1682 4282 1827 4360 περὶ
1871 4282 2147 4360 Ἀττικῆς
2198 4282 2559 4366 προςῳδίας
2615 4282 2872 4367 scripsit
2918 4282 3034 4366 (cf.
3118 4318 3127 4325 -

469 4377 707 4444 Velsen
751 4403 814 4466 p.
866 4381 943 4445 10
987 4380 1193 4467 seqq.)
1206 4429 1226 4463 ,
1280 4403 1475 4468 quam
1519 4404 1716 4469 quum
1759 4382 1827 4445 in
1872 4382 2015 4445 aliis
2062 4383 2320 4471 scriptis
2365 4406 2417 4447 e.
2462 4405 2526 4467 g.
2571 4383 2747 4447 Mon.
2792 4382 2907 4464 42,
2953 4382 3030 4446 21

467 4479 694 4545 laudat
735 4481 1179 4564 Herodianus,
1237 4484 1429 4547 etiam
1475 4483 1757 4547 maxime
1814 4484 1881 4547 in
1937 4482 2101 4548 libro
2157 4482 2465 4549 simillimi
2520 4485 2883 4569 argumenti
2927 4485 3034 4549 ad-

468 4580 756 4647 hibuisse
800 4585 968 4647 sumi
1013 4583 1227 4649 debet.
1286 4585 1444 4649 Tria
1473 4594 1723 4649 tantum
1767 4585 2137 4669 fragmenta
2167 4585 2469 4651 distincto
2512 4587 2697 4651 titulo
2727 4586 3039 4670 insignita

471 4692 762 4764 exstant,
830 4707 1032 4749 unum
1094 4686 1163 4750 in
1221 4684 1434 4750 Schol.
1490 4685 1576 4749 ad
1637 4685 1972 4772 Aristoph.
2033 4688 2201 4774 qu.
2254 4689 2414 4770 487,
2478 4687 2591 4753 ubi
2645 4689 3038 4767 Ἡρωδιανὸς

470 4785 784 4870 scriptum
836 4796 936 4850 est
990 4789 1060 4852 ἐν
1115 4788 1355 4873 Ἀττικῇ
1410 4790 1768 4872 προςῳδίᾳ,
1824 4788 2099 4853 alterum
2151 4791 2219 4853 in
2273 4789 2352 4853 E.
2396 4788 2487 4853 M.
2534 4789 2689 4871 804,
2754 4791 2865 4872 11,
2923 4789 3038 4855 ubi

466 4885 861 4965 Ἡρωδιανὸς
890 4889 1035 4968 περὶ
1065 4890 1361 4954 Ἀττικῶν
1390 4893 1770 4973 προςωδιῶν
1784 4940 1802 4974 ,
1836 4891 2100 4955 tertium
2129 4892 2198 4954 in
2229 4892 2355 4956 An.
2381 4890 2593 4955 Paris,
2623 4889 2724 4954 IV
2751 4890 2892 4972 181,
2922 4890 3036 4956 ubi
