3664 5546
1156 398 1314 454 ΠΕΡΙ
1344 398 1735 453 “Aeolum-uc
1769 397 2191 453 ΠΡΟΕΩιΔΙΑΕ
2230 399 2290 453 Α.
2924 398 3005 463 31

423 569 651 650 (υρίαν
682 574 1044 650 ςτρατεῦςαι
1075 569 1254 635 κάκεῖ
1283 571 1610 650 παρθένου
1643 569 1985 649 ἐραςθὲντα
2015 570 2204 635 πόλιν
2235 568 2429 635 κτίςαι
2446 620 2463 651 ,
2507 572 2585 649 ἣν
2618 569 2744 651 ἀφ’
2773 570 3008 635 ἑαυτοῦ

421 672 630 738 οὕτως
672 671 978 751 ὠνόμαςε.
1066 674 1144 737 τὰ
1187 672 1351 737 αὐτὰ
1393 672 1496 737 καὶ
1541 672 1857 738 Νικόλαος
1900 673 1971 738 ἐν
2013 672 2282 755 τετάρτῃ
2324 671 2634 752 ἱςτοριῶν.
2722 673 3006 738 Καςτὰ-

422 778 578 839 λων
622 774 872 855 μεγίςτη
927 775 1114 840 πόλις
1159 773 1561 858 Ὠρητανίας,
1618 775 1709 840 ὡς
1753 774 2206 854 Ἀρτεμίδωρος
2260 774 2452 858 τρίτῳ
2507 775 3006 855 γεωγραφουμέ-

420 897 572 943 νων.
674 877 1106 959 Ἀπόλλων,
1165 877 1579 960 Κεφάλων,
1637 878 2123 942 Ἀτιτάλλων.
2220 876 2294 941 τὸ
2353 878 2425 941 δὲ
2481 875 2850 957 ἀμπελών
2907 877 3009 940 καὶ

420 979 788 1056 καμηλών
844 979 934 1044 ὡς
987 979 1348 1058 περιεκτικά
1404 979 1721 1046 ὀξύνεται·
1776 980 1853 1045 τὸ
1900 979 2276 1059 Βαβυλών
2332 977 2705 1061 ἀρςενικῶς,
2752 976 2880 1058 ἀφ’
2925 975 3067 1042 οὗ6

419 1080 523 1143 καὶ
576 1080 615 1158 ἡ
671 1079 873 1145 πόλις.
972 1080 1098 1145 ἔςτι
1143 1082 1266 1159 γὰρ
1322 1081 1537 1161 κτίςμα
1596 1083 1981 1161 Βαβυλῶνος
2035 1081 2266 1146 παιδὸς
2322 1080 2535 1159 Βήλου
2590 1080 3007 1162 παλαίτατον,

421 1180 546 1259 οὐχ
597 1180 689 1246 ὡς
733 1181 1084 1260 Ἡρόδοτος
1140 1183 1270 1248 ὑπὸ
1316 1182 1755 1264 (εμιράμιδοσ
1814 1182 2046 1262 ταύτης
2100 1182 2223 1261 γὰρ
2267 1181 2348 1261 ἦν
2404 1182 2789 1262 ἀρχαιοτέρα
2847 1180 3008 1246 ἔτεςι

419 1282 646 1361 χιλίοις
689 1283 843 1365 δύο,
890 1284 979 1349 ὡς
1024 1283 1358 1363 Ἑρέννιος.
1444 1286 1570 1351 ἔςτι
1615 1286 1719 1350 καὶ
1761 1283 1832 1350 ἐν
1876 1283 2172 1367 Αἰγύπτῳ
2215 1283 2417 1349 πόλις.
2506 1282 2742 1364 ὁμοίως
2786 1284 2889 1347 καὶ
2931 1283 3007 1348 τὸ

422 1386 824 1464 μιμαλλών
869 1385 1179 1467 θηλυκόν,
1222 1386 1364 1465 ἤτοι
1410 1387 1649 1467 μαινάς.
1738 1386 1912 1453 οὕτω
1962 1387 2368 1464 Καλλίμαχος.

542 1544 548 1549 .
592 1487 685 1551 Τὰ
734 1486 822 1552 εἰς
874 1490 1014 1564 ›ww-v
1066 1489 1147 1568 μὴ
1203 1487 1364 1553 ὄντα
1415 1488 1648 1554 τοπικὰ
1700 1488 1740 1568 ἢ
1785 1488 1984 1554 ὁπότε
2042 1490 2123 1567 μὴ
2178 1488 2281 1554 ἐπὶ
2334 1491 2559 1568 καιροῦ
2617 1487 3006 1568 λαμβάνοιτο

422 1589 462 1668 ἢ
508 1588 647 1668 ἔχοι
691 1590 818 1669 πρὸ
863 1590 1091 1655 τέλους
1132 1590 1210 1655 τὸ
1256 1594 1293 1653 ’ῡ
1348 1591 1798 1673 ἐκτεταμένον,
1846 1590 2211 1673 βαρύνεται,
2259 1590 2583 1671 Ἕρμων,
2627 1590 2754 1654 ’Άλ
2768 1608 2925 1668 μων
2970 1589 3008 1666 ἢ

425 1689 777 1773 (άλμων,
821 1691 1008 1758 πόλις
1054 1691 1389 1775 Βοιωτίας,
1439 1694 1519 1772 ἣν
1569 1693 1935 1758 Ἑλλάνικος
1976 1693 2217 1771 Ἄλμον
2271 1692 2421 1772 φηςί
2476 1693 2576 1757 καὶ
2622 1690 2874 1769 Εάλμον
2939 1689 3011 1754 έν

423 1794 706 1877 δευτέρῳ
749 1793 1296 1877 Δευκαλιωνείας,
1352 1795 1639 1878 Τίμων,
1695 1793 1979 1877 (ίμων,
2034 1794 2365 1876 Ἄμμων,
2427 1793 2556 1873 ἀφ’
2612 1792 2693 1858 οὗ
2747 1796 2915 1859 πᾶςα
2970 1793 3009 1871 ἡ

558 2032 595 2087 l.
632 2035 667 2084 4
706 2030 1055 2087 Ἀτιτάλλων
1090 2033 1276 2085 addidi
1313 2050 1380 2085 ex
1404 2034 1550 2085 Mon.
1569 2037 1657 2105 12,
1685 2038 1717 2087 3
1753 2035 1873 2086 ubi:
1910 2033 1983 2086 τὰ
2019 2032 2097 2086 εἰς
2133 2018 2253 2086 ’ἧι-ὖ
2290 2031 2539 2098 λήγοντα
2579 2030 2838 2098 ἀρςενικὰ
2883 2029 3009 2083 ὀνό-

426 2131 591 2181 ματα,
631 2115 680 2169 εἰ
715 2116 1054 2171 διπλαςιάζοι
1087 2118 1159 2170 τὸ
1195 2120 1255 2183 λ,
1294 2118 1363 2171 οὐ
1400 2118 1548 2171 θέλει
1585 2118 1730 2184 ὑπὲρ
1766 2118 1869 2171 δύο
1906 2118 2179 2182 ςυλλσβὰς
2219 2116 2391 2181 εἶναι,
2431 2116 2510 2169 ὡς
2546 2116 2660 2181 ἔχει
2683 2115 2753 2167 τὸ
2778 2114 3011 2168 Χέλλων

424 2186 544 2237 κτλ.
614 2187 917 2251 ςηεμιῶδες
954 2186 1015 2238 δὲ
1049 2186 1120 2238 τὸ
1161 2187 1460 2240 Ἀπόλλων
1497 2186 1576 2239 ὡς
1612 2186 2010 2253 περιςςοτέραν
2047 2186 2179 2251 ἔχον
2222 2186 2330 2250 τὴν
2367 2185 2656 2249 ποςότητα
2692 2184 3012 2247 ςυλλαβῶν·

425 2253 494 2305 οὐ
533 2253 763 2319 μάχεται
799 2255 860 2307 δέ
896 2255 965 2307 τὸ
1006 2254 1379 2319 Ἀτιτάλλων,
1419 2256 1561 2308 κατὰ
1607 2257 1716 2321 τὴν
1761 2254 2059 2320 ςυνὴθειαν
2105 2254 2168 2306 ἐν
2210 2253 2408 2321 ἀγνοίᾳ
2456 2254 2523 2305 ὂν
2570 2253 2661 2305 καὶ
2706 2256 2777 2318 τῇ
2824 2250 3012 2317 χρήςει

424 2325 546 2373 τῶν
583 2324 856 2375 παλαιῶν.
928 2322 1117 2376 ἄλλως
1152 2339 1216 2377 τε
1254 2325 1345 2377 καὶ
1380 2327 1502 2375 τῶν
1553 2328 1812 2389 μετοχῶν
1850 2324 2093 2388 ἐφύλαξε
2137 2324 2246 2388 τὴν
2291 2321 2489 2387 κλίςιν,
2539 2320 2618 2374 ὡς
2657 2318 3011 2373 Ἀτιτάλλον·

425 2405 538 2442 τος.
610 2391 643 2443 ό
678 2391 784 2456 γὰρ
820 2394 1080 2444 τοιοῦτος
1116 2393 1401 2458 χαρακτὴρ
1449 2396 1710 2457 μετοχῶν
1754 2392 1931 2457 ἐςτιν,
1977 2390 2215 2456 ίάλλων,
2266 2390 2572 2454 ἰνδάλλων,
2621 2387 3008 2453 ἀταςθάλλων,

425 2458 716 2522 ἀγάλλων·
755 2459 926 2525 ἐχρῆν
961 2459 1067 2512 οὖν
1103 2462 1193 2512 καὶ
1228 2461 1298 2513 τὸ
1338 2460 1656 2526 Ἀπόλλων,
1697 2458 1747 2513 εἰ
1783 2460 1887 2524 μὲν
1912 2459 2091 2525 ὄνομά
2115 2460 2244 2524 ἑςτι,
2284 2459 2646 2521 διςυλλαβεῑν,
2684 2456 2734 2509 εἰ
2768 2456 2829 2508 δὲ
2865 2455 3010 2520 ὑπὲρ

427 2526 528 2579 δύο
564 2527 837 2592 ςυλλαβάς
873 2528 1015 2593 ἑςτι,
1054 2531 1301 2596 μετοχὴν
1337 2529 1482 2582 εἶναι
1520 2531 1610 2581 καὶ
1654 2529 1727 2583 τά
1762 2528 2133 2594 παρεπόμενα
2176 2533 2247 2595 τῇ
2287 2531 2494 2593 μετοχῇ
2541 2526 2688 2590 ἔχειν
2724 2524 2868 2577 κατὰ
2901 2525 3011 2589 τὴν

427 2594 654 2661 κίνηςιν.
835 2598 925 2649 καὶ
979 2598 1251 2662 καμηλών
1303 2614 1418 2667 pro.
1446 2599 1538 2651 καὶ
1593 2596 1792 2663 μηλών
1850 2599 2162 2649 emendavit
2202 2599 2416 2648 Ahrens
2460 2596 2650 2647 Bucol.
2695 2594 2749 2645 11
2794 2611 2846 2661 p.
2893 2610 3011 2656 xm,

426 2664 686 2717 Schmidt.
739 2667 994 2732 proponit
1045 2669 1212 2717 etiam
1263 2665 1654 2732 κοκκυμηλών.
1878 2666 1913 2716 l.
1951 2669 1982 2717 9
2041 2664 2332 2730 μιμαλλών
2383 2680 2481 2731 pro
2537 2660 2793 2727 μιμαλών
2848 2661 3012 2713 libro-

427 2749 543 2785 rum
590 2735 860 2800 scriptura
914 2734 1226 2786 emendavit
1268 2736 1407 2788 Lob.
1455 2736 1524 2786 ad
1579 2737 1663 2786 Ai.
1709 2737 1834 2799 171ς
1888 2737 1945 2786 in
1991 2734 2122 2786 Cod.
2167 2732 2209 2785 C
2256 2749 2353 2800 pro
2409 2732 2678 2799 scriptura
2728 2729 2882 2782 codd.
2916 2730 3009 2780 AB

425 2803 553 2867 ἤτοι
600 2801 797 2867 μαινάς
843 2808 1026 2855 exstat
1062 2801 1313 2871 ςημαίνει
1349 2803 1410 2855 δὲ
1448 2803 1698 2866 μαινάδα.
1770 2805 2018 2855 Transiit
2051 2803 2140 2854 hic
2175 2819 2350 2854 canon
2385 2802 2443 2852 in
2477 2802 2578 2867 Ep.
2617 2801 2704 2851 Cr.
2742 2800 2772 2850 1
2809 2801 2889 2862 18,
2931 2801 3010 2862 11,

434 2879 489 2920 et
527 2872 656 2923 inde
700 2872 759 2921 in
803 2873 867 2923 Ε.
905 2873 977 2922 Μ.
1016 2875 1137 2936 130,
1174 2875 1239 2923 24
1277 2879 1333 2924 et
1376 2874 1440 2923 Ε.
1485 2872 1624 2923 Gud.
1663 2876 1756 2936 60,
1794 2876 1886 2935 20,
1929 2874 2031 2923 An.
2076 2873 2250 2923 Paris.
2287 2869 2370 2921 111
2414 2871 2540 2932 307,
2578 2870 2665 2932 32,
2704 2884 2772 2918 ex
2816 2867 3013 2933 quibus

427 2938 584 2991 οὕτω
624 2937 969 3003 Καλλίμαχος
1016 2940 1219 2992 addidi.
1282 2943 1348 2993 In
1394 2941 1567 3006 Epim.
1614 2942 1784 2993 ctiam
1823 2937 2109 2993 Ἀςκάλων
2145 2940 2291 2991 inter
2327 2938 2579 3004 exempla
2614 2939 3012 3002 berytonosoos

428 3007 665 3060 relatum
700 3014 814 3072 est,
862 3024 1031 3074 quare
1068 3010 1167 3060 hoc
1204 3009 1349 3074 quod
1391 3009 1601 3059 habent
1643 3010 1812 3060 etiam
1850 3009 2093 3075 Theogn.
2128 3010 2221 3072 36,
2258 3010 2291 3059 ὅ
2338 3012 2396 3058 et
2429 3006 2505 3057 St.
2543 3006 2606 3056 Β.
2647 3022 2691 3056 s,
2725 3022 2778 3056 v.
2818 3009 2874 3055 et
2912 3002 3013 3055 Κα-

428 3074 668 3140 ςτάλων,
709 3076 852 3141 quod
887 3093 972 3143 ap.
1010 3077 1091 3127 St.
1131 3078 1195 3128 B.
1236 3080 1350 3140 710,
1387 3078 1420 3126 8
1454 3077 1782 3141 berytonos,
1821 3083 1879 3128 et
1911 3078 2031 3140 366,
2056 3077 2089 3126 8
2125 3081 2394 3141 oxytonos
2431 3074 2690 3139 scriptum
2729 3079 2833 3136 est,
2870 3088 3013 3123 com-

428 3153 620 3209 parato
656 3144 896 3197 Arcadio
928 3162 977 3211 p.
1017 3147 1106 3208 17,
1146 3147 1210 3196 14
1256 3151 1385 3197 ante
1426 3143 1755 3210 Ἀπόλλων,
1801 3146 1888 3196 cui
1932 3145 1989 3196 in
2036 3146 2138 3210 Ep.
2178 3141 2463 3196 Ἀςκάλων
2504 3145 2861 3208 praemissum
2906 3145 3012 3204 eet,

430 3213 624 3264 adieci.
694 3213 759 3265 In
793 3213 899 3264 fine
938 3215 1165 3264 canonis
1200 3214 1436 3265 fortasse
1475 3211 1677 3280 apponi
1714 3215 1906 3265 debet:
1952 3212 2022 3264 τὸ
2068 3211 2129 3264 δὲ
2167 3211 2511 3279 Ἡρακλῶν
2555 3209 2588 3261 ὁ
2623 3209 2751 3274 περὶ
2791 3206 3013 3260 Ἰλιάδος

429 3278 647 3345 γράψας
693 3280 785 3334 καὶ
823 3278 1135 3333 Ὀδυςςείας
1183 3280 1272 3333 διὰ
1314 3283 1417 3333 τοι)
1456 3285 1525 3332 νῗτ
1570 3281 1906 3346 κλινόμενον
1954 3281 2044 3332 καὶ
2090 3280 2159 3332 τὸ
2206 3285 2254 3332 ω
2302 3282 2406 3345 τῆς
2454 3275 2672 3331 εὐθείας
2719 3274 3013 3342 φυλάττον

432 3351 774 3413 περιςπᾶται.
853 3350 992 3401 Nam
1046 3350 1148 3401 hoc
1199 3366 1398 3401 nomen
1451 3352 1590 3402 Lob.
1642 3349 1807 3401 Proll.
1853 3352 1953 3401 317
2006 3350 2063 3400 in
2116 3350 2264 3405 Mon.
2314 3353 2401 3411 10,
2460 3351 2515 3399 1:
2578 3375 2643 3384 -
2699 3346 2932 3411 Δηϊκῶν
2981 3344 3013 3394 ὁ

433 3416 766 3481 Ἡρακλέους
803 3455 1013 3468 .....
1051 3417 1083 3468 ὁ
1125 3418 1252 3482 περὶ
1295 3416 1516 3470 Ἰλιάδος
1551 3415 1772 3482 γράψας
1808 3417 1901 3469 καὶ
1928 3415 2237 3470 Ὀδυςςείας
2282 3423 2595 3482 comparato
2620 3414 2815 3466 Snida:
2856 3413 3015 3478 Ἡρα-

432 3485 616 3536 κλέων
653 3485 902 3550 ἔγραψεν
935 3484 1243 3550 ὑπόμνημα
1291 3483 1370 3537 εἰς
1406 3485 1662 3552 Ὅμηρον
1708 3488 2107 3538 restituendum
2145 3486 2508 3552 probabiliter
2554 3484 2884 3556 ειιερίοαιιιτς
2936 3483 3015 3531 di·

434 3561 576 3604 serte
623 3564 808 3605 autem
842 3553 1192 3605 Herodianus
1228 3555 1430 3605 ibidem
1466 3558 1626 3606 docet
1662 3555 1845 3606 omnia
1888 3555 1967 3606 ibi
2002 3555 2059 3605 in
2098 3568 2181 3605 ων
2217 3555 2392 3606 relata
2427 3554 2649 3615 nomina
2684 3568 2783 3619 per
2817 3553 2886 3601 W
2922 3550 3014 3601 de-

433 3623 641 3673 clinari.
817 3622 851 3673 1.
890 3626 953 3673 10
988 3628 1112 3686 post
1147 3622 1181 3686 ἢ
1219 3651 1284 3658 —-
1321 3622 1500 3674 ὁπότε
1538 3623 1612 3687 μὴ
1651 3629 1875 3690 propter
1908 3625 2242 3675 sententiam
2277 3623 2510 3684 inserui3
2551 3621 2807 3673 Schmidt.
2846 3621 3016 3671 verba

434 3689 468 3753 ἢ
505 3688 597 3742 ἐπὶ
633 3692 826 3755 καιροῦ
865 3718 930 3725 -
965 3694 999 3741 ii
1027 3688 1405 3754 ἐκτεταμένον
1441 3691 1667 3743 seclusit
1701 3693 1931 3753 iniuria,
1970 3692 2098 3756 quia.
2134 3692 2359 3756 reptitio
2393 3692 2451 3741 in
2476 3704 2685 3741 canone
2711 3690 2769 3739 in
2794 3688 3018 3739 brevius

435 3760 653 3811 redacto
690 3759 922 3811 molesta
958 3759 1176 3826 quidem
1213 3766 1324 3824 est,
1363 3760 1462 3810 sed
1498 3776 1608 3812 non
1642 3761 1702 3829 in
1738 3760 2105 3825 explicatione
2141 3760 2393 3822 canonis,
2432 3758 2610 3824 qualis
2646 3759 2716 3808 ab
2753 3758 2873 3822 ipso
2909 3756 3019 3805 He·

434 3827 658 3879 rodiano
702 3833 943 3881 statutus
997 3832 1135 3879 erat.
1213 3828 1481 3880 Arcadius
1527 3835 1716 3880 autem
1769 3829 1939 3879 verba
1981 3827 2120 3878 haec
2163 3828 2420 3890 canonis,
2468 3841 2795 3892 quamquam
2843 3825 3016 3890 ipsum

433 3898 723 3977 contraxit,
761 3897 994 3948 retinuit
1030 3901 1088 3947 et
1123 3897 1203 3948 sic
1241 3897 1537 3962 vestigium
1582 3896 1854 3961 quoddam
1899 3895 2092 3962 largae
2129 3896 2433 3950 Herodiani
2479 3894 2842 3960 expositionis
2889 3892 3015 3942 reli·

435 3963 2187 4102 &2235{affpsessss’z‘tffiq‘ztssvsz‘'33538352535311233’·
2206 3965 2628 4096 ff¹÷0¹23135³sffl¹
2665 3959 2865 4092 ἷῗεξᾶῗ.
2892 3974 3016 4091 ’ἓξὲξ

435 4101 631 4152 τέλους
677 4102 746 4153 τὸ
792 4106 826 4152 ῡ
873 4100 1279 4166 ἐκτεταμένον,
1330 4099 1653 4166 ὁξύνονται,
1701 4100 1956 4166 δρυμὼν,
2014 4098 2252 4164 λειμών,
2300 4097 2540 4164 χειμών,
2597 4094 2823 4163 θημών,
2872 4098 3014 4147 unde

436 4168 632 4233 θημών
666 4175 793 4235 poet
828 4169 1090 4233 κευθμὼν
1127 4170 1322 4225 adieci.
1557 4172 1590 4221 l.
1632 4175 1690 4220 11
1731 4168 1965 4232 Ἀλμων
2001 4167 2035 4232 ἢ
2073 4176 2204 4220 ante
2243 4167 2483 4233 (άλμων
2520 4167 2697 4218 adieci
2734 4182 2800 4217 ex
2837 4164 2918 4215 St.
2954 4166 3017 4214 B.

436 4240 514 4297 76,
554 4239 616 4287 14
649 4238 774 4288 coll.
809 4241 926 4299 661,
966 4240 1047 4300 19,
1085 4237 1227 4289 unde
1265 4238 1480 4304 reliqua
1515 4239 1587 4289 ad
1623 4236 1864 4300 ζάλμων
1898 4238 2236 4303 pertinentia
2273 4243 2637 4288 accesserunt.
2685 4233 3018 4285 Schmidtius

438 4311 664 4355 annotat
701 4306 803 4357 hoc
838 4303 1078 4369 (άλμων
1117 4306 1393 4359 diversum
1427 4323 1550 4358 esse
1587 4322 1620 4356 a
1658 4304 1886 4368 ςάλμων
1932 4303 2207 4369 ςάλμονος
2245 4322 2331 4372 ap.
2368 4306 2617 4370 Theogn.
2652 4306 2746 4365 34,
2780 4305 2872 4365 32;
2919 4303 3017 4352 sed

438 4373 734 4493 quumcgoc
766 4375 1092 4492 vocabultatii
1127 4376 1375 4459 ignotmp
1412 4376 1514 4438 sit,
1571 4375 1809 4458 περίτι-οι·
1846 4374 2022 4424 locum
2058 4379 2366 4439 corruptum
2392 4380 2472 4458 „et
2519 4374 2597 4423 sic
2640 4369 3015 4489 corriggndum

439 4457 614 4560 ἓῗὲ..
650 4442 833 4573 άμὸωεῖ
869 4441 930 4574 ³1³⁴}
965 4441 1272 4574 ἕκμῶῒνὲἑ
1285 4440 2113 4576 ’ΤῇἓὲῗῩεεῗῗὲἭζὶἳυῖτέῐτι
2148 4440 3014 4587 τ.’·κὲέι.9ἵ.ἓῖ”ζιέἕ.ηγοὲῗέο’ἒ

441 4583 495 4627 et
528 4576 605 4628 St.
639 4579 705 4629 Β.
742 4581 859 4642 236,
900 4583 944 4629 1.
982 4605 1049 4615 -
1084 4576 1328 4641 Λάκμων
1364 4595 1432 4630 ex
1467 4578 1714 4644 Theogn.
1751 4582 1841 4639 36,
1881 4580 1912 4629 8
1957 4575 2201 4640 Λάκμων
2237 4576 2528 4641 Λάκμονος
2577 4591 2613 4638 η
2652 4575 2873 4641 κορυφὴ
2910 4576 3013 4625 τοῦ

443 4644 602 4709 ὅρους
641 4650 700 4697 et
734 4646 816 4697 St.
853 4648 916 4698 B.
952 4649 1070 4712 408,
1109 4649 1189 4698 20.
1262 4644 1557 4710 Ὄλμωνες
1594 4646 1673 4698 St.
1699 4648 1760 4697 B.
1795 4648 1915 4706 490,
1953 4648 2001 4710 7,
2040 4644 2278 4710 Τέκμων
2315 4650 2430 4705 611,
2467 4650 2558 4709 21;
2600 4644 2823 4710 Ῥήμων
2858 4640 3015 4707 Πάμ-

445 4728 562 4776 μων
607 4714 805 4768 Ohoer.
852 4718 944 4778 79,
977 4718 1044 4766 26
1090 4719 1146 4764 et
1189 4717 1281 4778 80,
1331 4719 1377 4766 1.
1449 4713 1653 4776 Θέμων
1701 4713 1936 4779 Βρέμων
1983 4715 2227 4780 Theogn.
2276 4720 2369 4778 36,
2421 4719 2498 4765 13.
2568 4712 2822 4777 τέρμων,
2870 4712 3015 4762 unde

444 4797 491 4845 p.
524 4786 607 4843 35,
642 4785 676 4832 9
712 4781 973 4847 κέρχμων
1017 4788 1327 4848 corruptum
1372 4784 1635 4847 arbitror,
1675 4781 1915 4848 ςίρμων,
1953 4781 2222 4848 Χάρμων,
2263 4784 2407 4850 quod
2443 4784 2501 4832 in
2538 4780 2804 4845 κάρθμων
2841 4780 3016 4830 latere

445 4850 654 4915 opinor,
703 4865 771 4901 ex
816 4851 1060 4916 Theogn.
1098 4854 1182 4916 34,
1219 4854 1282 4902 31
1323 4858 1381 4902 et
1412 4851 1496 4910 35,
1534 4853 1582 4901 8.
1652 4850 1891 4917 τλήμων
1937 4852 2131 4903 Ohoer.
2171 4855 2254 4917 73,
2290 4855 2351 4917 6,
2391 4848 2628 4915 μνήμων
2664 4877 2727 4884 ——
2764 4849 3015 4910 γνώμων

445 4916 683 4984 Theogn.
720 4922 802 4979 36,
837 4923 888 4982 2,
925 4917 1106 4981 ῖδμων
1141 4918 1416 4985 φράδμων
1452 4922 1533 4982 36,
1572 4922 1606 4971 9
1641 4925 1698 4970 et
1733 4921 1930 4972 Choer.
1969 4922 2052 4984 74,
2090 4923 2137 4970 6.

3047 1495 3113 1546 10
