3664 5546
1236 399 1394 454 ΠΕΡΙ
1436 397 1827 454 ΚΑΘΟΛΙΚΗ(
1862 395 2284 452 ΠΡΟΕΩιΔΙΑ(
2324 396 2387 450 Η.
2963 394 3088 461 215

510 574 718 653 ὄνομα
762 573 981 652 κύριον
1026 573 1129 637 καὶ
1181 572 1257 638 τὸ
1302 569 1570 654 ὄρνεον,
1626 571 1679 655 ᾧ
1737 569 1974 650 ὁμοίως
2029 569 2132 634 καὶ
2173 568 2250 633 τὸ
2293 572 2544 633 νῶτος
2598 566 2702 632 ἐπὶ
2744 570 2855 646 τῆς
2898 567 3084 647 ψόας.

511 677 612 742 καὶ
652 676 775 754 γὰρ
819 676 1055 740 τούτου
1100 675 1139 753 ἡ
1170 677 1411 755 χρῆςις,
1454 674 1558 738 καὶ
1599 673 1673 738 τὸ
1720 673 1832 752 μὲν
1880 671 2224 749 οὐδέτερον
2271 670 2482 735 «πολὺ
2526 670 2602 735 τὸ
2634 673 2917 751 νῶτον»,
2962 669 3083 748 ἤδη

510 780 581 843 δὲ
623 779 726 843 καὶ
767 778 842 842 τὸ
886 775 1231 855 ἀρςενικόν.
1317 776 1650 855 ἱστορεῖται
1705 775 1777 839 δὲ
1832 773 2009 853 παρὰ
2062 773 2445 853 Ξενοφῶντι
2499 772 2602 836 καὶ
2652 771 2919 856 Ἐφόρῳ.
3006 773 3082 837 τὸ

510 881 724 960 μέντοι
770 879 1016 943 λωτός
1061 878 1141 942 οὐ
1190 877 1425 957 κύριον.
1509 875 1564 941 εἰ
1608 876 1822 956 μέντοι
1867 875 2185 941 ἐπιθετικὰ
2229 873 2325 954 εἴη
2371 874 2868 954 παραληγόμενα
2909 881 2999 957 τῷ
3043 879 3081 952 ἦ

508 982 547 1060 ἢ
592 987 682 1065 τῷ
728 984 814 1063 ὦ,
860 979 1180 1063 ὀξύνεται,
1225 979 1280 1044 εἰ
1323 980 1403 1059 μὴ
1449 979 1553 1044 ἐπὶ
1596 978 1867 1058 ἀριθμοῦ
1910 977 2235 1060 τάττοιτο,
2283 976 2544 1058 ῥητός,
2589 976 2851 1059 νητός,
2895 998 3076 1056 κμη-
3107 991 3140 1040 5

506 1084 671 1167 τός,
725 1082 1032 1163 τρητός,
1102 1080 1199 1147 οἷς
1263 1081 1493 1160 ὅμοιον
1547 1082 1648 1146 καὶ
1702 1082 1777 1146 τὸ
1836 1079 2060 1159 (ητοί
2114 1079 2302 1144 ἔθνος
2365 1079 2468 1143 καὶ
2532 1078 2717 1143 πόλις
2772 1078 3081 1160 Βιθυνίας,

507 1184 854 1268 πλωτός,
909 1183 1094 1248 ἔνθεν
1152 1186 1413 1267 «πλωτῇ
1469 1183 1564 1249 ἐνὶ
1618 1182 1829 1267 νήςῳ»
1887 1178 2040 1263 (Οᾲ.
2087 1202 2124 1245 κ
2165 1180 2266 1264 3),
2323 1180 2695 1262 ςτρωτός,
2750 1180 3081 1263 γνωτός,

507 1285 842 1368 πτωτός,
889 1285 1215 1367 βρωτός,
1259 1285 1584 1368 τρωτός,
1629 1283 1937 1365 πρωτός
1981 1283 2019 1348 ὸ
2062 1282 2516 1365 πεπρωμένος,
2562 1281 2712 1347 ὅθεν
2757 1282 2859 1346 καὶ
2904 1281 3079 1346 ἐτόλ-

509 1388 707 1468 μηςάν
749 1407 918 1453 τινες
968 1385 1419 1463 ἀναγινώςκειν
1477 1387 1678 1466 «ἐπὴν
1732 1387 1813 1451 τὰ
1866 1386 2090 1466 πρωτὰ
2142 1386 2440 1464 γένηται»
2496 1381 2604 1467 (ΙΙ.
2649 1383 2705 1447 Ζ
2746 1382 2932 1466 489),
2986 1384 3082 1449 ἵν’

507 1493 546 1574 ᾗ
590 1491 669 1554 τὰ
710 1488 1130 1570 πεπρωμένα,
1178 1487 1299 1567 οὐχ
1342 1489 1550 1566 ὑγιῶς.
1637 1493 1948 1567 πρῶτος
1992 1489 2065 1553 δὲ
2107 1487 2212 1552 ἐπὶ
2255 1485 2539 1566 ἀριθμοῦ.
2615 1485 2818 1552 ἰςτέον
2865 1487 2936 1551 δὲ
2982 1486 3078 1551 ὅτι
3121 1502 3183 1553 10

508 1591 775 1657 κανόνες
831 1591 1135 1670 κατέςχον
1198 1591 1486 1670 τέςςαρες
1536 1591 1653 1670 τὴν
1716 1594 1974 1671 βαρεῖαν
2031 1590 2232 1655 τάςιν·
2309 1589 2399 1654 ὡς
2450 1588 2573 1667 γὰρ
2626 1589 2801 1667 παρὰ
2855 1589 2970 1666 τὴν
3016 1589 3080 1655 ἐξ

507 1694 743 1770 γίνεται
789 1673 1129 1774 ἐξώτερος,
1176 1692 1381 1758 οὕτως
1423 1694 1526 1758 καὶ
1568 1694 1742 1773 παρὰ
1783 1694 1899 1772 τὴν
1929 1693 2058 1772 πρό
2088 1692 2318 1769 γέγονε
2347 1690 2661 1770 πρότερος
2691 1692 3079 1768 ςυγκριτικὸν

510 1796 611 1860 καὶ
652 1795 972 1875 πρότατος
1014 1795 1425 1875 ὑπερθετικὸν
1469 1797 1572 1859 καὶ
1613 1794 1909 1881 ἀποβολῇ
1951 1799 2071 1860 τοῦ
2114 1795 2150 1859 ’τ’
2207 1793 2490 1873 πρόατος
2542 1794 2644 1857 καὶ
2701 1793 2909 1871 κράςει
2962 1797 3079 1857 τοῦ

509 1902 593 1964 δᾶ
645 1898 734 1963 εἰς
788 1901 843 1960 ῖῡ
897 1901 1179 1977 πρῶτος·
1237 1897 1569 1978 βαρύνεται
1624 1899 1696 1963 δὲ
1748 1895 1897 1964 ἴςως
1951 1898 2053 1962 καὶ
2107 1895 2316 1975 ὥςπερ
2372 1894 2915 1978 ἐπιμεριζόμενον,
2975 1895 3080 1974 μία

507 2003 578 2067 δὲ
621 2002 662 2081 ἡ
705 2000 875 2065 τάςις
925 2004 1056 2066 τῶν
1113 1999 1647 2081 ἐπιμεριζομένων
1704 2000 1743 2078 ἡ
1801 2002 2055 2083 βαρεῖα,
2107 2000 2147 2077 ἢ
2203 1998 2367 2077 πρὸς
2426 1995 2904 2076 ἀντιδιαςτολὴν
2959 2002 3075 2062 τοῦ
3115 2012 3179 2065 15

504 2102 760 2182 πρωτός
806 2101 1154 2182 βαρύνεται.
1243 2101 1335 2166 ἔτι
1390 2104 1462 2167 δὲ
1519 2101 1889 2185 βαρύνεται,
1943 2101 2162 2179 ἐπειδὴ
2205 2100 2286 2165 τὰ
2330 2099 2418 2166 εἰς
2466 2102 2548 2163 ff
2587 2100 2843 2164 τακτικὰ
2889 2100 3075 2180 βαρύ-

504 2226 710 2288 νεται,
758 2203 1244 2283 ὑπεςταλμένων
1275 2208 1406 2270 τῶν
1438 2203 1528 2270 εἰς
1568 2205 1747 2287 ᾶῐῖ,
1794 2203 2093 2285 ἕβδομος,
2138 2201 2407 2284 ὄγδοος,
2453 2201 2751 2285 ἔννατος,
2797 2201 3072 2267 δέκατος.

670 2306 766 2370 Τὰ
808 2305 896 2372 εἰς
937 2310 1052 2370 ῐΐς
1098 2305 1400 2387 διβράχεα
1443 2309 1764 2386 μονογενῆ
1810 2306 2173 2388 βαρύνεται,
2228 2303 2424 2369 ὁπότε
2468 2306 2550 2383 μὴ
2595 2304 2700 2368 ἐπὶ
2742 2303 3074 2384 ἀθροίςμα-

501 2431 613 2475 τος
654 2411 694 2488 ἢ
739 2408 922 2486 κύριά
967 2408 1116 2473 εἰςιν
1161 2407 1292 2472 ἀπὸ
1337 2407 1704 2473 ἐπιθετικῶν
1750 2407 1789 2485 ἢ
1836 2407 1967 2486 ἔχει
2012 2406 2432 2490 ἀντέμφαςιν,
2489 2405 2749 2489 βάτος,
2806 2406 3072 2488 λάτος,

506 2511 783 2591 βρότος
824 2511 899 2575 τὸ
944 2508 1128 2591 αἷμα,
1187 2508 1467 2589 βροτός
1511 2511 1581 2574 δὲ
1625 2508 1663 2573 ὁ
1709 2509 1993 2589 φθαρτός
2035 2508 2111 2572 τὸ
2156 2507 2469 2590 τριγενὲς,
2526 2508 2766 2573 πότος
2808 2509 2883 2573 τὸ
2930 2529 3073 2589 ςυμ-
3108 2524 3176 2574 20

503 2612 759 2693 πόςιον,
803 2611 1050 2676 ποτός
1094 2611 1165 2675 δὲ
1208 2610 1283 2674 τὸ
1329 2599 1713 2695 πινόμενόν,
1768 2609 2017 2675 πάτος
2061 2609 2100 2689 ἡ
2145 2608 2547 2693 ἀναςτροφή,
2604 2609 2944 2690 (τράτος
2996 2611 3072 2675 τὸ

408 2788 417 2794 ,
504 2715 584 2793 μὴ
629 2712 735 2777 ἐπὶ
787 2716 903 2777 τοῦ
958 2711 1400 2794 ἀθροίςματος,
1455 2711 1579 2779 ἔςτι
1635 2713 1707 2778 δὲ
1759 2712 1946 2778 πόλις
1989 2712 2429 2796 Ἀκαρνανίας,
2490 2712 2816 2792 ςτρατός
2872 2714 2943 2778 δὲ
2994 2715 3071 2778 τὸ

504 2815 816 2897 ςύναγμα,
873 2814 1182 2897 κρότος,
1236 2813 1498 2898 κότος,
1553 2814 1802 2898 μίτος,
1858 2814 2125 2899 νότος,
2183 2815 2470 2882 ςκότος.
2557 2816 2633 2881 τὸ
2683 2817 2754 2881 δὲ
2802 2815 3072 2895 Κριτός

502 2917 604 2981 καὶ
652 2915 927 2981 Κλιτός
970 2915 1275 2982 ὀξύνεταιζ

669 3017 762 3082 Τὰ
806 3016 894 3082 εἰς
940 3022 1056 3083 ἷὸἶ
1100 3017 1400 3098 διβρὰχεα
1443 3017 1758 3084 ἐπιθετικὰ
1799 3020 1883 3099 μὴ
1928 3018 2032 3084 ἐπὶ
2070 3016 2338 3100 ἀριθμοῦ
2368 3019 2717 3100 ταττόμενα
2761 3020 3072 3103 ὀξύνεται,
3107 3038 3171 3087 25

499 3341 708 3408 ὁμοίως
743 3370 811 3381 -
845 3341 1021 3408 ψόας,
1069 3344 1240 3394 verba
1284 3343 1412 3394 inde
1458 3343 1529 3393 ab
1576 3342 1668 3395 καὶ
1711 3341 1818 3407 γὰρ
1863 3339 2073 3393 τούτου
2108 3368 2174 3378 ——
2215 3340 2435 3411 Ἐφόρῳ
2480 3360 2548 3395 ex
2582 3344 2684 3410 Ep.
2724 3342 2812 3395 Cr.
2849 3345 2884 3396 l.
2921 3362 2967 3399 c.
3005 3373 3066 3383 -—

498 3411 697 3479 ῥητός,
737 3410 948 3477 κμητός
986 3413 1090 3477 (pr.
1127 3409 1375 3477 κρητός),
1410 3409 1618 3477 τρητός
1656 3427 1723 3462 ex
1759 3410 2031 3476 Theogn.‚
2076 3406 2160 3462 οἷς
2198 3410 2392 3475 ὅμοιον
2438 3411 2528 3464 καὶ
2571 3411 2640 3463 τὸ
2677 3409 2847 3477 (ητοί
2882 3442 2946 3449 —-
2984 3411 3067 3465 Βι-

498 3478 689 3533 θυνίας
717 3496 783 3530 ex
808 3480 890 3532 St.
915 3480 997 3543 Β.,
1034 3479 1069 3532 1.
1097 3481 1126 3530 7
1152 3478 1315 3530 ἐνθεν
1339 3507 1405 3515 -
1429 3478 1583 3546 νήςῳ
1609 3496 1678 3531 ex
1702 3480 1800 3545 Ep.
1826 3478 1935 3537 Cr.,
1972 3476 2247 3543 (τρωτός,
2285 3479 2531 3543 γνωτός,
2558 3480 2814 3545 πρωτός,
2851 3480 3067 3546 βρωτός

497 3550 601 3615 (pr.
626 3546 832 3612 βωτός)
870 3563 937 3597 ex
961 3548 1232 3612 Theogn.,
1267 3546 1488 3612 τρωτός
1524 3563 1592 3598 ex
1614 3548 1759 3598 Mon.
1785 3551 1870 3608 38,
1898 3549 1985 3608 193
2024 3545 2158 3599 ὅθεν
2194 3548 2285 3599 καὶ
2320 3546 2633 3614 ἐτόλμηςαν
2667 3576 2733 3584 -
2769 3547 2874 3613 οὐχ
2896 3549 3067 3612 ὑγιῶς

497 3635 563 3669 ex
598 3619 644 3667 E
689 3652 700 3665 .
739 3616 827 3666 Cr.
863 3621 921 3665 et
955 3615 1022 3666 11.
1056 3617 1144 3667 Pr.
1179 3613 1227 3666 Z
1260 3618 1375 3667 489.
1411 3643 1476 3651 —
1513 3613 1695 3667 ἰςτέον
1730 3613 1792 3667 δὲ
1828 3614 1918 3666 ὅτι
1953 3614 2189 3668 κανόνες
2223 3644 2290 3651 -
2325 3614 2481 3668 τάςιν
2518 3633 2585 3667 ex
2623 3619 2767 3667 Mon.
2805 3616 2840 3667 l.
2868 3634 2933 3681 e.,
2972 3619 3067 3669 ubi

494 3684 599 3737 οὐκ
635 3632 823 3747 (ξπ-νοῶ
861 3681 937 3735 δέ.
973 3709 1038 3718 --
1076 3680 1154 3734 ὡς
1188 3682 1294 3748 γὰρ
1329 3710 1396 3720 —-
1430 3680 1615 3748 κράςει
1649 3685 1752 3734 τοῦ
1789 3687 1860 3734 δᾶ
1897 3680 1977 3735 εἰς
2011 3685 2060 3734 ’ω’
2097 3685 2326 3748 πρῶτος
2364 3700 2430 3734 ex
2454 3684 2759 3735 Herodiani
2779 3686 2951 3751 Epim.
2977 3702 3065 3751 ap.

496 3753 741 3818 Theogn.
779 3754 863 3815 83,
901 3754 995 3813 30,
1032 3766 1156 3800 nam
1193 3753 1274 3801 sic
1312 3753 1479 3801 etiam
1526 3767 1714 3803 verum
1758 3752 2132 3802 Herodianum
2177 3752 2490 3818 disputasse
2534 3753 2745 3803 iudicat
2780 3754 2955 3806 Lehrs
2991 3755 3065 3804 ad

494 3824 641 3875 Mon.
681 3820 715 3874 1.
742 3836 789 3870 ο.
825 3846 890 3856 -
928 3817 1222 3882 βαρύνεται
1258 3816 1318 3870 δὲ
1342 3846 1409 3855 -
1433 3818 1575 3883 πρὸς
1612 3817 2034 3883 ἀντιδιαςτολὴν
2069 3821 2172 3871 τοῦ
2198 3819 2427 3885 πρωτός
2464 3819 2758 3885 βαρύνεται
2797 3837 2864 3871 ex
2887 3823 3063 3887 Epim.

495 3890 610 3953 Cr.,
648 3887 731 3940 ἔτι
767 3886 828 3938 δὲ
863 3903 1036 3952 usque
1071 3887 1145 3936 ad
1176 3886 1336 3937 finem
1372 3904 1440 3938 ex
1476 3886 1672 3939 Aread.
1707 3890 1802 3949 42,
1845 3889 1924 3942 18.
1998 3888 2290 3939 Caeterum
2333 3890 2389 3938 in
2434 3888 2820 3941 constituendo
2858 3906 3062 3941 canone

494 3961 713 4008 secutus
749 3971 866 4006 sum
901 3955 1189 4005 Lehrsium
1233 3952 1306 4005 ad
1338 3956 1509 4018 Mon„
1555 3956 1653 4006 ubi
1698 3955 1776 4005 sic
1818 3955 2079 4006 traditur:
2125 3958 2368 4020 πρῶτος.
2436 3956 2509 4008 τὰ
2554 3954 2631 4009 εἰς
2665 3957 2767 4010 τ-οἳ
2813 3955 3062 4022 λήγοντα

495 4023 709 4090 καθαρὰ
743 4022 1040 4086 διςύλλαβα
1074 4021 1513 4088 παραληγόμενα
1548 4026 1632 4088 τῷ
1668 4025 1721 4075 ’ὤ
1755 4025 1981 4088 τριγενῆ
2019 4021 2345 4089 ὑπάρχοντα
2381 4023 2667 4077 όξύνεςθαι
2702 4024 2879 4090 θέλει,
2915 4040 3062 4088 γνω-

493 4093 617 4159 τός,
654 4091 903 4158 τρωτός,
941 4090 1198 4156 πλωτός,
1236 4090 1493 4154 πτωτός,
1530 4089 1673 4143 ἀλλὰ
1711 4091 1800 4142 καὶ
1837 4091 1869 4143 ὁ
1906 4091 2150 4155 πρωτός.
2218 4092 2288 4144 τὸ
2325 4091 2385 4144 δὲ
2423 4096 2649 4157 πρῶτος
2685 4096 2787 4145 τοῦ
2826 4091 3060 4158 ἀριθμοῦ

491 4161 561 4213 τὸ
598 4161 777 4224 ὄνομα
814 4158 1124 4225 βαρύνεται.
1171 4157 1277 4211 οὐκ
1311 4156 1500 4221 ἀγνοῶ
1539 4158 1624 4223 δέ,
1664 4158 1752 4210 ὅτι
1788 4158 2023 4211 κανόνες
2068 4157 2338 4224 κατέςχον
2383 4159 2641 4225 τέςςαρες
2684 4162 2793 4226 τὴν
2836 4162 3061 4226 βαρεῖαν

492 4228 662 4282 τάςιν.
734 4228 923 4278 Canon
960 4229 1027 4278 de
1064 4228 1372 4278 nominibus
1414 4227 1474 4276 in
1506 4230 1659 4279 ’ῶῗδῖ
1702 4228 1782 4278 sic
1825 4229 1884 4277 in
1919 4229 2023 4293 Ep.
2060 4228 2148 4280 Or.
2186 4228 2222 4277 1.
2258 4245 2302 4283 c..
2389 4231 2694 4294 reponitur:
2740 4228 2811 4280 τὰ
2848 4227 2928 4281 εἰς
2961 4234 3060 4283 τ’ός

492 4302 576 4365 τῷ
623 4299 672 4349 ὤ
716 4294 1154 4361 παραληγόμενα
1201 4292 1495 4359 βαρύνεται
1541 4297 1818 4359 μονογενῆ
1865 4294 2037 4359 ὄντα,
2082 4294 2279 4361 Ὦτος,
2328 4245 2556 4348 Ιέλῶτος
2602 4296 2868 4363 (Πρῶτος
2914 4297 3058 4364 sen),

493 4365 694 4418 Δῶτος
731 4364 909 4427 ὄνομα
945 4362 1212 4428 αὐλητοῦ.
1281 4363 1465 4413 νῶτος
1499 4390 1565 4398 -
1599 4360 1918 4428 ἡμάρτηται
1951 4362 2020 4414 τὸ
2058 4363 2258 4415 λωτός.
2303 4366 2373 4414 cs.
2411 4364 2606 4415 Choer.
2629 4367 2729 4432 Ep.
2765 4367 2824 4415 in
2860 4366 3059 4417 Psalm.

491 4436 541 4497 2,
579 4437 657 4485 12.
796 4433 831 4486 1.
871 4436 932 4483 19
969 4431 1003 4495 ἢ
1042 4431 1154 4495 ἔχει
1190 4429 1532 4494 ἀντέμφαςιν
1569 4431 1757 4481 addidi
1792 4447 1862 4482 ex
1897 4432 1963 4483 Il.
1997 4433 2087 4482 Pr.
2122 4429 2170 4482 Z
2204 4435 2329 4482 202:
2367 4429 2576 4483 πάτον;
2617 4431 2696 4485 ὡς
2733 4432 2919 4496 λόγον.
2987 4433 3060 4487 τὰ

491 4501 596 4566 γὰρ
633 4498 712 4554 εἰς
745 4501 843 4553 ff?
879 4499 1126 4565 λήγοντα
1162 4499 1456 4562 διςύλλαβα
1494 4497 1680 4563 βραχεί
1752 4498 2218 4564 παραληγόμενα,
2258 4502 2534 4565 μονογενῆ
2574 4500 2893 4566 βαρύνεται,
2932 4500 3058 4567 κρό-

492 4582 614 4633 τος,
660 4567 853 4633 κότος,
902 4566 1086 4633 μίτος,
1133 4566 1329 4632 νότος,
1377 4566 1569 4619 πότος.
1638 4581 1670 4618 ο
1708 4581 1825 4618 τως
1869 4566 1976 4633 ἄρα
2019 4567 2110 4618 καὶ
2153 4565 2348 4620 πάτος.
2418 4568 2568 4620 δοκεῖ
2613 4567 2943 4622 ἀντικεῑςθαι
2988 4571 3057 4622 τὸ

494 4636 878 4769 ἓῖξέᾗῗὰωἰὸ
897 4636 1039 4770 ,ῐῖῗι
1073 4634 2246 4755 ἓὲἓξῗὲωἱῖἷῖωδῖἳ.ἔέἓῗῗῗΕάπῆφεὲἔὲ
2260 4636 2440 4757 ἰἔῖἒε
2454 4636 2574 4772 '‘32‘'1,
2590 4637 2781 4757 “330}
2817 4638 2915 4758 332³
2943 4637 3055 4757 ‘³3²

842 4743 855 4769 2
1957 4741 1969 4754 ·
2064 4747 2078 4759 ο
2226 4742 2240 4768 ,
2440 4743 2452 4756 ο
2578 4745 2590 4757 ο
2705 4746 2718 4760 0
2920 4744 2933 4769 ς
3041 4751 3053 4762 ι

492 4773 576 4822 Ex
610 4773 712 4823 hoc
758 4773 880 4823 loco
926 4772 1116 4823 addidi
1162 4770 1379 4837 κρότος,
1409 4798 1472 4808 -
1508 4769 1704 4835 νότος,
1752 4770 1950 4824 εκότος
1987 4788 2054 4823 ex
2090 4772 2336 4838 Theogn.
2372 4776 2464 4838 74,
2499 4777 2583 4828 24.
2631 4801 2693 4811 —
2741 4775 2808 4824 de
2855 4774 3053 4840 βροτός

494 4838 690 4904 βρότος
727 4840 796 4890 of.
829 4840 1072 4904 Hesych.
1107 4841 1351 4905 βροτον.,
1398 4838 1466 4892 de
1501 4840 1679 4893 ποτός
1726 4846 1782 4891 et
1826 4839 2002 4891 πότος
2039 4841 2102 4895 Ε.
2140 4843 2215 4892 Μ.
2254 4843 2377 4907 685,
2415 4845 2448 4893 4
2491 4842 2668 4896 ποτός
2713 4842 3054 4909 όξυνόμενον

494 4905 739 4973 ςημαίνει
775 4906 881 4972 τὴν
916 4906 1107 4974 πόςιν,
1144 4907 1599 4973 παροξυνόμενον
1633 4906 1695 4960 δὲ
1729 4908 1798 4959 τὸ
1837 4908 2151 4974 ςυμπόςιον.
