3664 5546
1143 382 1300 455 Περι
1340 380 1730 437 κΑοοΛικΗς
1765 379 2185 436 ΠΡοςΩιΔιΑς
2223 381 2284 435 Α.
2438 427 2443 433 .
2918 377 3013 443 29.

416 555 494 620 τό
540 555 612 619 δὲ
654 553 940 620 Πυθών
985 552 1172 619 πόλις
1215 553 1318 619 καὶ
1362 551 1611 617 (ιθών
1656 552 1910 620 ἑθνικόν
1954 554 2059 618 καὶ
2100 553 2349 618 πιθών
2395 553 2497 618 καὶ
2539 553 2783 618 κιθών
2828 551 2867 615 ὁ
2910 569 3000 630 χι-

417 658 550 721 τών
596 656 902 724 ὀξύνεται.

588 758 681 823 Τὰ
725 758 813 824 εἰς
856 743 994 825 θῖυ-ιῖ
1022 758 1182 835 ὑπὲρ
1214 757 1333 822 δύο
1366 758 1677 839 ςυλλαβὰς
1708 759 2078 842 βαρύνεται,
2124 758 2321 824 ὁπότε
2366 760 2447 838 μὴ
2481 759 2689 824 τόπου
2729 757 2767 835 ἢ
2805 755 3000 834 ὄρους

419 859 628 941 ὄνομα
672 859 979 944 ὑπάρχοι,
1024 862 1062 939 ἢ
1108 861 1214 924 διὰ
1256 864 1373 925 τοῦ
1416 865 1498 927 Vr
1540 862 1820 927 κλίνοιτο
1865 862 1969 926 καὶ
2006 861 2312 941 φυλάττει
2355 861 2431 925 τὸ
2476 863 2530 925 ’ὧ
2575 864 2685 940 τῆς
2733 858 3000 941 εὐθείας,

421 960 565 1028 οἷον
609 961 935 1027 Φαέθων
981 961 1380 1046 Φαέθοντος,
1424 964 2046 1044 Περιφλεγέθων
2075 964 2694 1046 Περιφλεγέθοντος,
2745 961 2998 1026 Κιναί-
3028 967 3062 1017 5

420 1068 606 1146 θων,
653 1064 1032 1148 Ἀγάθων,
1078 1063 1526 1145 ἐνοςίχθων.
1583 1067 1660 1132 τὸ
1705 1066 1923 1145 μέντοι
1971 1065 2366 1145 Μαραθών
2410 1068 2609 1145 δῆμος
2652 1068 2763 1144 τῆς
2807 1063 3002 1130 Λεον-

419 1167 593 1231 τίδος
637 1169 878 1250 φυλῆς,
924 1166 1365 1246 Ἀργανθών
1421 1168 1576 1247 ὄρος
1623 1169 1862 1234 Μυςίας
1918 1167 2022 1233 ἐπὶ
2076 1174 2153 1253 τῇ
2203 1169 2324 1253 Κίῳ
2383 1166 2514 1232 ἀπὸ
2562 1166 3003 1246 Ἀργανθώνης

419 1268 646 1346 Ῥήςου
690 1267 1005 1345 γυναικός.
1092 1269 1342 1345 λέγεται
1386 1270 1488 1334 καὶ
1531 1270 1941 1350 Ἀργανθώνη
1999 1271 2073 1335 τό
2131 1269 2287 1349 ὄρος
2326 1305 2412 1317 -
2455 1268 2814 1334 ἀκανθών
2858 1266 3002 1335 ὀξύ-

420 1391 610 1436 νεται.
697 1371 775 1435 τὸ
822 1371 894 1434 δὲ
938 1369 1315 1437 Ἱπποθῶν
1359 1375 1730 1451 περιςπᾶται
1776 1372 2108 1452 φυλάττον
2152 1374 2230 1437 τὸ
2272 1378 2327 1436 ὦ
2372 1372 2532 1451 μέγα
2587 1372 2691 1436 καὶ
2733 1369 2840 1435 διὰ
2883 1372 3002 1434 τοῦ

421 1478 495 1537 Vr
539 1472 937 1552 κλινόμενον.
1025 1472 1303 1553 ςημαίνει
1349 1475 1421 1538 δὲ
1463 1475 1578 1540 τὸν
1624 1474 1916 1555 ἀδελφὸν
1959 1478 2078 1540 τοῦ
2122 1474 2428 1539 Ἀλκαίου.
3042 1477 3107 1528 10

589 1575 682 1639 Τὰ
726 1573 816 1646 εἰς
858 1575 994 1640 fut-»v
1039 1576 1381 1656 διςύλλαβα
1424 1576 1749 1660 ἀρςενικά,
1793 1576 1993 1642 ὁπότε
2045 1577 2125 1657 μὴ
2182 1574 2279 1656 εἴη
2325 1576 2681 1655 περιεκτικὰ
2723 1576 2763 1653 ἢ
2811 1574 3002 1654 μέρος

420 1678 707 1758 ςώματος
782 1676 1095 1760 ςημαίνει,
1175 1678 1542 1761 βαρύνεται,
1611 1679 1970 1762 Χάλκων,
2035 1678 2382 1761 δράκων,
2459 1677 2739 1761 Κίκων,
2814 1676 3003 1742 ἔθνος

421 1779 774 1864 Θρᾳκικόν,
830 1778 911 1844 οὐ
970 1780 1214 1860 μακρὰν
1274 1780 1532 1859 οἰκῆςαν
1586 1786 1718 1847 τῶν
1776 1783 2243 1864 Μαρωνειτῶν,
2303 1781 2393 1846 ὡς
2458 1783 2647 1859 δηλοῖ
2703 1829 3002 1843 ......

423 1882 745 1960 «Εὐάνθης
798 1881 867 1946 δ’
925 1879 1174 1961 οἴκηςεν
1241 1882 1311 1948 ἐν
1379 1882 1657 1967 Κικονίῃ,
1713 1867 1822 1948 ἵνα
1884 1884 2230 1962 Μαρώνεια
2283 1883 2648 1965 καλέεται»,
2702 1879 3003 1964 Δίκων,

420 1983 726 2067 Λάκων,
783 1983 822 2047 ὃ
867 1984 1024 2048 κατὰ
1068 1985 1391 2064 ςυγκοπὴν
1447 1986 1734 2062 λέγεςθαι
1778 1985 2272 2065 Ἀπολλόδωρός
2329 2004 2519 2065 φηςιν
2578 1985 2668 2049 ὡς
2722 1987 2839 2048 τοῦ
2889 1983 3004 2046 Κυ-
3044 1987 3107 2039 15

421 2089 723 2152 δωνιᾶται
785 2086 863 2150 τό
922 2086 1244 2169 Κύδωνες,
1310 2086 1479 2152 ἔοικε
1546 2089 1618 2151 δὲ
1679 2086 2107 2166 πρωτότυπον
2164 2084 2329 2153 εἶναι
2389 2087 2492 2153 καὶ
2557 2086 2636 2151 ού
2704 2083 3003 2162 ςυγκοπή.

418 2190 588 2254 τινὲς
631 2189 703 2253 δὲ
749 2187 823 2252 τὸ
853 2187 1080 2252 Λάκων
1126 2189 1609 2268 ὑποκοριςτικόν
1655 2210 1865 2269 φαςιν.
1930 2189 2250 2254 Καύκων
2296 2188 2583 2270 βαςιλεύς
2626 2189 2665 2268 ἢ
2713 2187 3003 2267 ποταμὸς

423 2291 525 2356 καὶ
568 2290 772 2356 ἔθνος.
834 2290 1188 2374 Τάρκων,
1233 2289 1360 2372 ἀφ’
1400 2289 1481 2356 οὗ
1512 2291 1857 2375 Ταρκυνία,
1903 2290 2168 2356 (άκων
2213 2289 2421 2371 ὄνομα
2464 2291 2719 2372 κύριον,
2768 2290 2808 2353 Γ
2821 2287 3005 2353 λαύ-

421 2413 607 2475 κων,
652 2392 1018 2475 Δόρκων,
1064 2393 1404 2476 κνάκων,
1463 2392 1671 2459 ἄκων
1724 2394 1801 2459 τὸ
1858 2391 2190 2475 ἀκόντιον,
2236 2393 2303 2461 ἐξ
2346 2390 2426 2456 οὗ
2480 2393 2556 2457 τὸ
2604 2390 2710 2457 «ἐς
2754 2394 3003 2456 δοῦπον

422 2494 755 2560 ἀκόντων»
802 2494 977 2574 παρὰ
1018 2501 1111 2578 τῷ
1155 2502 1387 2579 ποιητῇ
1433 2493 1521 2578 (Υ
1561 2493 1740 2578 451),
1786 2494 2146 2577 φάλκων,
2192 2496 2485 2578 μήκων,
2533 2491 2829 2575 Μίκων,
2879 2492 3003 2558 Νί-
3039 2498 3109 2550 20

423 2618 590 2664 κων.
636 2598 711 2662 τὸ
757 2598 830 2661 δὲ
874 2598 1210 2680 κροκών,
1255 2597 1597 2680 πευκών,
1643 2597 1957 2676 χαλκών
2005 2597 2095 2661 ὡς
2137 2597 2494 2676 περιεκτικὰ
2539 2595 2861 2678 ὀξύνεται,
2905 2594 3010 2659 καὶ

422 2701 497 2766 τὸ
542 2699 798 2777 ἀγκών
843 2699 1036 2779 μέρος
1081 2699 1365 2778 ςώματος
1408 2699 1512 2763 καὶ
1553 2699 1628 2764 τὸ
1673 2697 1958 2776 Ἀγκών
2013 2698 2200 2763 πόλις
2242 2699 2634 2764 Πικεντίνων
2682 2697 2771 2762 ὡς
2816 2699 3005 2777 θηλυ·

424 2805 557 2869 κόν.
644 2801 794 2868 ἴςως
839 2803 911 2866 δὲ
957 2792 1310 2881 βαρύνεται
1346 2802 1504 2866 κατὰ
1560 2802 1710 2866 τοὺς
1756 2802 2120 2881 ἐγχωρίους.
2210 2803 2312 2867 καὶ
2354 2802 2429 2867 τὸ
2474 2801 2724 2867 εἰκών.
2812 2801 2888 2866 τὸ
2935 2801 3007 2864 δὲ

423 2906 620 2972 ἑκών
666 2904 917 2984 μετοχή.

593 3007 686 3071 Τὰ
731 3007 818 3071 εἰς
863 3010 996 3072 ῶν
1040 3005 1201 3085 ὑπὲρ
1257 3006 1377 3072 δύο
1425 3006 1737 3087 ςυλλαβὰς
1791 3006 2083 3075 ὀξύνεται
2141 3007 2244 3071 καὶ
2288 3006 2624 3088 βαρύνεται
2677 3006 2781 3071 καὶ
2833 3024 3008 3083 περι·
3044 3010 3111 3062 25

427 3113 666 3177 ςπᾶται.
754 3109 834 3174 τὰ
879 3110 993 3189 μὲν
1050 3107 1171 3174 οὖν
1228 3108 1332 3174 διὰ
1387 3111 1461 3173 ν“τ
1515 3109 1857 3189 κλινόμενα
1914 3110 2014 3174 καὶ
2071 3114 2111 3174 ὃ
2162 3110 2202 3188 ἢ
2248 3114 2281 3172 ῑ
2329 3110 2369 3190 ἢ
2413 3114 2457 3173 ἃ
2509 3108 3011 3188 παραληγόμενα

426 3401 700 3454 rodianeis
738 3401 984 3520 ῐοὶιιῐὲὶιαε
1020 3400 1220 3451 hausta
1257 3400 1543 3451 continere
1579 3399 1817 3464 videtur,
1856 3400 2010 3452 addit
2035 3401 2169 3452 Lob.
2207 3400 2277 3451 ad
2313 3399 2401 3453 Αἰ.
2438 3399 2617 3467 p.·'·‘3170
2651 3397 2913 3465 χρόνθων
2951 3404 3008 3449 et

463 3475 714 3521 taeterea
741 3483 773 3519 κ
812 3482 844 3517 ν
882 3482 983 3521 ων.

423 3487 458 3536 p
559 3538 594 3589 1.
633 3539 665 3588 6
705 3535 958 3599 Ἀγάθων
995 3537 1230 3587 accessit
1267 3552 1334 3587 ex
1371 3536 1565 3590 Choer.
1606 3538 1697 3600 78,
1734 3538 1764 3587 7
1803 3542 1862 3589 et
1895 3537 2147 3604 Theogn.
2182 3538 2275 3601 34,
2314 3540 2370 3599 13
2419 3552 2562 3602 quae
2607 3536 2679 3587 ad
2716 3532 3007 3602 Μαραθών

425 3606 614 3658 addita
652 3611 798 3668 sunt,
838 3621 903 3655 ex
940 3605 1020 3655 St.
1057 3604 1121 3654 B.
1154 3606 1274 3667 432,
1311 3607 1369 3667 3,
1416 3620 1557 3671 quae
1594 3604 1664 3655 ad
1702 3603 2056 3670 Ἀργανθών,
2105 3604 2247 3671 quod
2288 3606 2398 3656 iam
2433 3621 2467 3655 a
2501 3605 2753 3657 Lobaad
2788 3607 2873 3657 Ai.
2912 3605 3008 3654 166

423 3679 535 3726 not.
572 3678 607 3724 4
641 3689 739 3739 pro
776 3670 1068 3736 Ἀργαθών
1103 3680 1405 3723 correctum
1443 3678 1590 3736 erat,
1629 3689 1696 3723 ex
1732 3674 1811 3726 St.
1848 3676 1911 3728 B.
1951 3675 2066 3737 111,
2107 3677 2197 3736 173
2246 3671 2513 3725 ἀκανθών
2563 3690 2595 3725 a
2635 3674 2875 3739 positum
2922 3677 3008 3722 est

425 3760 491 3794 ex
529 3742 724 3793 Choer.
763 3744 861 3792 295
908 3741 978 3793 ef.
1019 3742 1083 3791 Ε.
1121 3741 1194 3791 Μ.
1232 3743 1356 3804 513,
1394 3744 1485 3793 3οε
1531 3739 1601 3793 τὸ
1651 3739 1925 3806 Κιθαιρών
1972 3740 2230 3794 ὀξύνεται
2282 3742 2527 3807 τοπικὴν
2611 3754 2712 3805 χον
2766 3741 3005 3793 ἔννοιαν.

424 3807 634 3873 ὁμοίως
673 3808 763 3860 καὶ
799 3807 895 3860 Μα
930 3806 1089 3859 αθών
1126 3807 1218 3859 καὶ
1253 3806 1322 3858 τὸ
1362 3807 1703 3873 Ἀργανθών.
1747 3808 1817 3860 τό
1857 3808 2048 3872 μέντοι
2088 3810 2369 3862 Ἱπποθῶν
2409 3809 2840 3875 περιςπώμενον
2876 3809 3007 3861 διαι-

422 3883 614 3944 ρεῖται.
686 3876 878 3928 Ἱπποθ
919 3890 1001 3927 ων
1036 3874 1144 3941 γάρ
1180 3875 1315 3940 κτλ.,
1355 3878 1510 3928 euius
1546 3877 1852 3928 dissolutae
1890 3878 2100 3928 formae
2126 3879 2329 3930 Herod.
2369 3879 2513 3929 Mon.
2542 3882 2623 3942 10,
2662 3882 2723 3929 15
2759 3878 3010 3929 meminit

423 3947 593 3998 allato
639 3946 886 4011 exemplo
923 3941 1213 4007 «Εὔμολος
1260 3941 1501 4008 Δόλιχός
1536 3959 1602 3997 τε
1647 3944 1737 3996 καὶ
1774 3944 2090 3997 Ἱπποθόων
2129 3944 2485 4011 μεγάθυμος»
2531 3948 2601 3997 cf.
2647 3948 2784 3998 Lob.
2832 3946 2917 3995 El.
2954 3945 3013 3995 ΙΙ

427 4018 539 4069 115.
747 4015 782 4066 l.
823 4016 884 4063 12
923 4012 1053 4065 eod.
1091 4016 1182 4064 AB
1223 4009 1408 4063 Κίκων
1460 4013 1689 4077 habent,
1738 4013 1778 4064 C
1819 4011 2034 4077 Αἷκων,
2074 4015 2408 4066 Schmidtius
2452 4022 2741 4081 utrumque
2789 4014 3010 4079 scripsit

424 4081 612 4135 Αἷκων
647 4082 707 4132 in
742 4079 936 4133 Δίκων
974 4088 1209 4133 mutans.
1285 4078 1468 4132 Κίκων
1504 4081 1722 4148 explevi
1759 4098 1827 4132 ex
1865 4082 1945 4132 St.
1982 4084 2044 4133 B.
2079 4085 2196 4146 372,
2238 4087 2326 4146 11,
2363 4084 2459 4135 ubi
2493 4084 2776 4135 Hellaniei
2811 4097 3009 4134 nomen

426 4152 693 4202 excidisse
729 4156 894 4215 putat
929 4150 1093 4199 Mein.
1134 4177 1195 4185 —
1233 4149 1318 4200 De
1358 4147 1540 4201 Κίκων
1574 4150 1830 4202 Eustath.
1869 4150 1940 4200 ad
1977 4150 2135 4200 Hom.
2161 4154 2278 4213 359,
2317 4155 2378 4202 13
2415 4157 2671 4203 annotat:
2712 4150 3008 4217 βαρύνεται

423 4218 493 4270 τὸ
532 4215 716 4270 Κίκων
753 4217 897 4269 κατὰ
931 4215 1032 4267 δύο
1070 4216 1338 4280 κανόνας,
1376 4216 1474 4269 οὓς
1511 4215 1824 4269 ἐκτίθενται
1861 4216 1913 4269 οἱ
1948 4216 2201 4281 παλαιοί,
2240 4235 2468 4285 quorum
2491 4220 2635 4271 alter
2669 4226 2755 4273 est
2779 4221 2867 4270 hic
2890 4234 3011 4284 pro-

425 4289 659 4405 Ξοείίιιειε
697 4284 770 4337 τὰ
806 4284 884 4338 εἰς
921 4288 1040 4337 'Tu-N
1075 4287 1222 4351 κτλ.,
1263 4286 1406 4337 alter
1449 4302 1516 4337 ex
1551 4286 1797 4352 Theogn.
1835 4288 1927 4349 30,
1968 4288 2030 4335 16
2074 4288 2284 4352 expleri
2327 4293 2516 4353 potest
2552 4288 2655 4340 sie:
2700 4287 2774 4339 τὰ
2809 4285 2888 4340 εἰς
2924 4289 3011 4340 iffi}

455 4354 615 4406 θνικὰ
650 4353 739 4405 διὰ
776 4357 880 4406 τοῦ
918 4359 971 4406 ῖῦ
1007 4352 1308 4418 κλινόμενα
1346 4352 1669 4418 βαρύνεται,
1710 4369 1838 4404 nam
1882 4353 2087 4404 diserte
2124 4356 2380 4406 Eustath.
2415 4354 2577 4407 docet
2616 4353 2799 4408 Κίκων
2838 4352 3009 4408 Κίκω-

424 4436 550 4487 νος,
588 4421 620 4474 ὃ
657 4420 746 4473 διὰ
783 4421 989 4489 μέτρον
1024 4422 1113 4475 διὰ
1147 4425 1252 4475 τοῦ
1291 4425 1323 4475 ὃ
1351 4419 1541 4486 ἐκλίθη
1568 4422 1709 4487 παρ’
1735 4419 1964 4488 Ὁμήρῳ
2001 4421 2324 4475 «Κικόνεςςι
2362 4422 2675 4478 πέλαςςεν»
2716 4424 2823 4489 (od.
2851 4424 2877 4475 1
2901 4428 3010 4490 39).

425 4489 628 4543 Λάκων
666 4491 884 4556 explevi
921 4509 986 4543 ex
1024 4492 1103 4542 St.
1141 4492 1200 4543 Β.
1236 4495 1355 4555 407,
1393 4494 1441 4554 9,
1479 4491 1547 4542 de
1585 4491 2002 4555 hypocoristieis
2038 4492 2108 4541 cf.
2149 4491 2343 4543 Choer.
2379 4494 2501 4557 285,
2543 4496 2630 4557 11,
2670 4491 2907 4544 Καύκων
2942 4512 3011 4545 ex

427 4560 608 4613 St.„B.
642 4562 760 4623 369,
797 4563 829 4611 8
873 4558 1113 4626 Τάρκων
1149 4562 1277 4624 603,
1324 4563 1386 4612 21
1435 4557 1638 4612 (ἀκων
1672 4561 1798 4621 533,
1842 4561 1920 4608 14.
1993 4557 2258 4611 Γλαύκων
2293 4589 2358 4596 -
2395 4559 2553 4612 ἄκων
2591 4562 2786 4613 Choer.
2826 4564 2908 4626 78,
2949 4565 3011 4614 16

426 4632 484 4678 et
529 4630 621 4691 79,
670 4630 727 4691 1,
782 4626 1048 4693 φάλκων,
1107 4626 1305 4693 μήκων
1349 4630 1592 4694 Theogn.
1648 4630 1741 4691 34,
1792 4630 1855 4678 10
1907 4625 2110 4678 Μίκων
2155 4633 2244 4691 30,
2291 4632 2356 4680 26
2407 4627 2596 4681 Νίκων
2640 4632 2731 4692 29,
2778 4633 2860 4681 24.
2930 4631 3012 4682 Ad

428 4694 648 4758 Ἀγκών
685 4694 849 4749 πόλις
885 4698 1116 4763 apposui
1149 4695 1505 4748 Πικεντίνων
1543 4701 1598 4745 et
1632 4693 1766 4747 ἴςως
1802 4723 1867 4729 -
1905 4693 2209 4760 ἐγχωρίους
2257 4714 2321 4748 ex
2362 4698 2440 4749 St.
2477 4700 2539 4749 B.
2579 4701 2660 4761 18,
2699 4704 2731 4750 6
2768 4699 2838 4748 cf.
2874 4699 3012 4751 Lob.

425 4764 595 4817 Proll.
642 4766 723 4818 65.
763 4793 822 4802 -
864 4762 1035 4817 εἰκών
1070 4781 1169 4831 pro
1206 4763 1390 4829 ἑρκών
1425 4767 1496 4823 A,
1541 4764 1629 4814 vel
1677 4761 1863 4829 ἑρκών
1912 4765 1977 4829 Β,
2025 4763 2208 4830 ἑρκών
2255 4766 2296 4815 C
2344 4767 2583 4818 correxit
2632 4767 2889 4822 Schmidt.
2939 4768 3010 4822 ef.

429 4832 561 4883 Lob.
599 4833 670 4883 ad
703 4834 790 4885 Αἰ.
830 4836 944 4885 170.
999 4835 1064 4884 In
1099 4833 1206 4884 fine
1244 4834 1421 4885 adieci
1456 4832 1526 4884 τὸ
1563 4831 1624 4884 δὲ
1655 4830 1812 4889 ,ἑκών
1851 4832 2060 4897 μετοχή
2100 4846 2168 4884 ex
2203 4834 2269 4889 11.
2296 4836 2384 4886 Pr.
2424 4833 2481 4886 Μ
2519 4837 2637 4888 379.
2695 4836 3013 4887 Lobeckius

424 4899 461 4950 1.
499 4916 542 4951 c.
580 4908 870 4968 praeterea
905 4900 1129 4955 κόκκων
1165 4903 1390 4969 profert.
1526 4901 1565 4954 1.
1601 4904 1668 4953 26
1703 4902 1738 4965 ἢ
1780 4903 1813 4951 ἶ
1849 4900 1885 4965 ἢ
1922 4903 1957 4951 ἃ
1992 4901 2178 4953 addidi
2212 4909 2439 4970 propter
2474 4903 2722 4972 exempla
2759 4921 2827 4955 ex
2863 4907 3011 4957 Mon.
