3664 5546
1562 450 1976 500 PRAEFATIO.
2286 461 2293 474 ·
2735 426 2742 436 ’
2834 452 3060 501 Lxxffl

493 608 774 673 καθόλου
819 607 957 672 sive
1002 608 1073 674 ἐν
1117 616 1192 693 τῇ
1247 612 1547 694 καθολικῇ
1603 607 1789 690 dicit,
1844 629 1973 671 uno
2028 606 2166 672 loco
2219 606 2391 672 hunc
2442 606 2681 672 librum
2736 630 2820 671 ex
2873 630 3059 693 argu-

495 720 708 774 mento
752 707 1108 796 particulae
1151 709 1472 776 indicasse
1515 712 1772 776 omnino
1816 732 1948 774 non
1977 708 2288 774 credibile
2319 718 2444 791 est,
2489 718 2828 797 praeterea
2855 709 3062 775 Hero-

496 810 766 876 dianeae
822 820 920 876 est
972 811 1456 877 consuetudinis
1512 822 1728 899 partes
1785 812 2165 900 materiae„
2196 834 2387 898 quam
2456 812 2764 899 ampliore
2820 812 3060 898 scripto

494 913 834 995 tractavit,
912 913 1288 998 singillatim
1353 914 1697 1002 explicare.
1806 913 2001 995 Inde,
2070 913 2243 1001 quod
2307 912 2542 979 Suidas
2609 915 2689 978 de
2761 912 3060 1001 Philippo

495 1015 778 1101 quodam
844 1037 895 1080 s.
943 1039 1006 1080 v.
1073 1017 1110 1082 ὁ
1166 1018 1424 1098 γράψας
1481 1021 1628 1097 περὶ
1691 1019 2071 1098 πνευμάτων
2139 1019 2208 1084 ἐκ
2259 1024 2388 1084 τῶν
2443 1017 2841 1096 Ἣρωδιανοῦ
2903 1018 3061 1082 κατὰ

497 1122 810 1198 ςτοιχεῖον
854 1117 1085 1200 tradit,
1131 1141 1259 1183 non
1303 1122 1715 1207 consequitur
1747 1119 2198 1185 Herodianum
2241 1141 2379 1182 rem
2422 1141 2552 1184 non
2583 1141 2667 1182 ex
2713 1118 2879 1183 serie
2922 1118 3060 1182 lite-

494 1242 713 1285 rarum
755 1221 1168 1306 exposuisse,
1215 1223 1341 1287 imo
1386 1221 1734 1286 coniectari
1775 1221 1930 1286 licet
1969 1221 2151 1287 illum
2195 1221 2412 1286 neseio
2457 1243 2646 1307 quem
2691 1220 3063 1307 Philippum

498 1322 755 1404 eodem,
802 1344 928 1409 quo
973 1322 1422 1406 HerodianuS,
1468 1323 1658 1389 modo
1704 1325 1935 1409 egisse.
2023 1323 2251 1410 Neque
2296 1324 2465 1387 enim
2510 1324 2884 1407 ignoramus
2930 1344 3061 1406 eos,

497 1427 607 1512 qui
667 1447 750 1489 ex
802 1424 1217 1491 Herodianeo
1272 1425 1441 1491 libro
1498 1449 1741 1490 novum
1795 1426 2037 1492 librum
2093 1426 2417 1506 fecerunt,
2482 1424 2643 1490 nihil
2698 1424 2878 1489 aliud
2934 1424 3061 1490 sibi

495 1527 902 1616 propositum
956 1525 1262 1592 habuisse
1315 1528 1470 1610 nisi,
1525 1538 1600 1592 ut
1651 1528 2099 1594 Herodianum
2155 1527 2601 1593 exscriberent
2663 1527 2734 1590 in
2796 1527 3061 1592 brevius

496 1627 947 1695 contrahentes
993 1638 1089 1712 et,
1136 1632 1192 1695 si
1235 1629 1392 1717 quid
1436 1630 1857 1712 addiderunt,
1902 1632 2179 1718 ineptias
2224 1652 2376 1695 suas
2422 1638 2777 1694 assuerent.
2845 1630 3064 1717 Atque

495 1741 570 1795 ut
610 1730 852 1797 librum
894 1734 1039 1811 περὶ
1094 1733 1409 1811 διχρόνων
1456 1754 1603 1797 cum
1659 1721 1843 1820 parte
1901 1731 2051 1797 libri
2096 1733 2233 1797 XX
2287 1733 2423 1796 fere
2478 1753 2831 1817 congruere
2885 1732 3061 1796 vide-

497 1856 670 1916 mus,
719 1835 814 1898 sic
857 1832 1094 1898 librum
1150 1836 1298 1914 περὶ
1340 1836 1720 1915 πνευμάτων
1767 1835 2161 1899 simillimum
2220 1833 2487 1899 sectioni
2543 1833 2693 1899 libri
2738 1833 2875 1898 XX
2918 1836 3065 1914 περὶ

504 1938 876 2016 πνευμάτων
925 1935 1135 2028 'fuisse
1189 1944 1434 1999 certum
1488 1927 1765 2003 videtur.
1865 1938 2131 2002 Initium
2198 1939 2397 2025 cepit,
2454 1938 2711 2024 opinor,
2781 1959 2822 2001 a
2874 1957 3061 2001 cano·

500 2038 685 2103 nibus
730 2037 1119 2125 quibusdam
1162 2038 1576 2122 generalibus
1632 2048 1696 2104 et
1750 2048 1888 2103 tum
1944 2039 2202 2104 vocales
2259 2063 2341 2104 ex
2396 2039 2622 2104 ordine
2680 2038 2741 2102 in
2790 2060 3064 2103 examen

495 2140 901 2205 vocabantur
945 2161 1021 2204 eo
1065 2139 1203 2204 fere
1249 2140 1473 2223 mode,
1519 2164 1644 2228 quo
1699 2141 1839 2228 ipse
1884 2142 1951 2206 in
1993 2141 2564 2227 Pneumatologiae
2621 2139 2952 2205 elementis
2995 2143 3065 2205 in

496 2250 681 2329 parte
737 2243 943 2307 altera
994 2240 1162 2306 hane
1220 2243 1578 2309 doctrinam
1631 2243 1931 2309 tractavi.
1982 2280 2052 2290 —-
2104 2244 2371 2310 Praeter
2421 2266 2619 2307 unum
2667 2241 3065 2327 Theognosti

495 2343 930 2428 fragmentum
972 2341 1124 2409 libri
1168 2348 1314 2425 περὶ
1354 2348 1734 2427 πνευμάτων
1778 2345 2019 2410 mentio
2063 2368 2195 2411 non
2240 2346 2344 2428 fit,
2392 2346 2506 2410 sed
2551 2345 2691 2409 fieri
2735 2354 2951 2431 potest
2991 2355 3067 2410 ut

497 2445 811 2532 quaedam
876 2446 1245 2531 fragmenta
1307 2449 1393 2513 ad
1454 2448 1622 2513 hanc
1686 2446 2049 2514 doctrinam
2121 2447 2510 2534 pertinentia
2575 2437 2738 2533 quae
2804 2445 3065 2511 aliunde

496 2547 687 2612 nobis
741 2548 1194 2632 innotuerunt,
1252 2572 1380 2614 non
1433 2573 1518 2614 ex
1570 2548 1942 2630 Catholiea,
2012 2548 2123 2613 sed
2181 2572 2264 2613 ex
2319 2550 2443 2614 hoe
2499 2549 2665 2614 libro
2724 2548 3067 2636 desumpta

497 2650 645 2713 sint.
708 2648 839 2714 Sed
883 2672 987 2731 ne,
1032 2673 1196 2738 quae
1240 2662 1618 2735 argumento
1662 2652 2081 2732 conhaerent‚
2130 2650 2405 2716 diversis
2451 2650 2640 2733 lociS,
2689 2649 2803 2715 sed
2849 2652 3067 2715 omnia

498 2750 620 2817 sub
663 2773 789 2817 uno
834 2761 1183 2839 conspeetu
1226 2754 1441 2841 posita
1483 2755 1642 2835 sint,
1699 2754 1915 2817 omnia
1974 2751 2055 2818 de
2082 2820 2089 2843 χ,
2109 2753 2444 2841 spiritibus
2499 2760 2848 2841 praecepta
2898 2751 3064 2817 libro

498 2853 635 2918 XX
691 2853 1062 2919 Catholicae
1119 2856 1450 2940 assignavi
1520 2864 1789 2943 excepto
1857 2878 1984 2919 uno
2054 2856 2226 2937 loco,
2296 2879 2486 2943 quem
2541 2854 2757 2920 Cram.
2813 2855 3062 2920 Anecd.
3128 2922 3131 2927 ,

497 2954 647 3020 Par.
692 2955 728 3019 I
770 2956 891 3020 397
947 2956 1135 3020 affert
1188 2980 1272 3022 ex
1324 2957 1534 3023 lexico
1590 2961 1735 3038 περὶ
1791 2960 2202 3041 πνευμάτων,
2259 2956 2340 3021 de
2397 2980 2524 3044 quo
2571 2956 2861 3022 Crameri
2905 2958 3065 3021 haee

455 3060 460 3065 ’
499 3067 652 3121 sunt
697 3057 925 3123 verba:
975 3056 1138 3123 cod.
1188 3058 1411 3146 Suppl.
1462 3059 1614 3142 192,
1662 3058 1889 3124 Chart.
1922 3081 2091 3124 saec.
2123 3059 2309 3123 XIV.
2357 3057 2545 3124 Cont.
2585 3058 2878 3124 Lexicon
2920 3062 3065 3139 περὶ

498 3161 878 3240 πνευμάτων
921 3181 1006 3223 ex
1047 3159 1456 3243 HerodianO,
1510 3170 1583 3225 ut
1637 3161 1730 3226 ait
1774 3160 2155 3246 CataloguS.
2242 3161 2409 3226 Nam
2456 3182 2846 3249 quamquam
2888 3160 3066 3225 haud

500 3260 693 3326 credo
750 3261 871 3325 hoc
922 3260 1178 3326 lexicon
1232 3262 1489 3327 omnino
1546 3284 1629 3326 ex
1671 3263 2046 3329 Herodiano
2103 3262 2404 3328 haustum
2449 3286 2619 3345 esse,
2679 3263 2795 3327 sed
2848 3265 3065 3351 potius

498 3371 573 3426 ut
636 3363 854 3429 omnia
929 3360 1371 3428 huiuscemodi
1437 3366 1813 3451 posterioris
1881 3367 2028 3430 aevi
2099 3366 2343 3452 scripta
2405 3363 2767 3430 Herodiani
2830 3388 3066 3429 nomen

499 3474 761 3548 gerunt,
808 3464 963 3551 quin
1008 3486 1092 3529 ex
1135 3487 1211 3530 eo
1257 3474 1567 3553 excerpta
1622 3468 1783 3548 sint,
1843 3468 1936 3531 sic
1993 3468 2187 3532 etiam
2242 3467 2363 3532 hoc
2417 3467 2672 3531 lexicon
2727 3489 2810 3531 ex
2867 3468 3065 3531 variis

500 3567 787 3652 seriptis,
833 3565 901 3629 in
946 3567 1180 3654 quibus
1226 3569 1421 3632 etiam
1465 3567 1786 3653 quaedam
1829 3567 2247 3634 Herodianea
2303 3569 2829 3649 continebantur,
2874 3568 3065 3632 colla-

499 3677 636 3732 tum
678 3690 819 3732 esse
863 3668 1175 3749 arbitror,
1223 3678 1438 3733 tamen
1477 3668 1636 3734 illud
1667 3670 2107 3754 fragmentum
2137 3693 2219 3734 ex
2248 3674 2723 3757 comparatione
2757 3670 3069 3756 Stephani

500 3768 804 3855 Byzantii
831 3769 1317 3834 Herodianeum
1363 3793 1502 3836 esse
1548 3772 1888 3836 evincitur.
1964 3771 2183 3838 Etiam
2226 3773 2280 3836 is
2325 3780 2679 3853 tractatus,
2726 3772 2835 3858 qui
2867 3774 3065 3853 Ἡρω-

500 3877 723 3938 διανοῦ
766 3875 912 3952 περὶ
946 3874 1325 3953 πνευμάτων
1357 3873 1707 3960 inscriptus
1738 3873 1807 3936 in
1843 3871 2066 3939 codice
2096 3873 2472 3939 Florentino
2505 3883 2723 3939 exstat
2754 3873 3065 3956 (Bandini

499 3972 688 4138 cagal.
736 3971 806 4038 Π
847 3996 911 4060 p.
945 3971 1099 4066 338)
1148 3982 1221 4038 ut
1263 3982 1436 4039 recte
1481 3967 1725 4040 iudicat
1767 3972 2059 4040 Hillerus
2104 3998 2166 4061 p.
2214 3976 2296 4040 36
2340 3974 2700 4042 Herodiani
2752 3998 2882 4041 non
2926 3998 3067 4040 esse

497 4075 566 4138 vi
615 4083 778 4139 etur.
2358 4090 2367 4095 '

1142 4159 1221 4225 V.
1307 4162 1502 4242 Περὶ
1555 4163 1895 4243 Ἀττικῆς
1954 4164 2415 4248 προςῳδίας.

665 4279 839 4343 Ante
894 4277 1341 4346 Herodianum
1385 4279 1655 4366 Trypho
1712 4283 1858 4361 περὶ
1900 4283 2176 4360 Ἀττικῆς
2228 4284 2589 4366 προςῳδίας
2644 4283 2904 4367 scripsit
2948 4281 3065 4367 (cf.
3148 4318 3157 4325 -

499 4378 736 4445 Velsen
781 4403 844 4466 p.
895 4380 973 4445 10
1017 4381 1223 4467 seqq.)
1237 4430 1256 4463 ,
1312 4404 1504 4469 quam
1549 4405 1746 4468 quum
1789 4383 1858 4447 in
1902 4383 2045 4446 aliis
2092 4384 2349 4471 scriptis
2395 4407 2446 4448 e.
2492 4406 2555 4468 g.
2601 4384 2777 4448 Mon.
2823 4383 2905 4446 42
2918 4432 2937 4465 ,
2983 4383 3060 4447 21

498 4479 724 4545 laudat
765 4481 1209 4564 Herodianus,
1268 4485 1461 4547 etiam
1503 4485 1787 4547 maxime
1844 4484 1912 4547 in
1966 4482 2131 4549 libro
2187 4483 2496 4550 simillimi
2550 4486 2913 4570 argumenti
2956 4485 3065 4549 ad-

499 4581 786 4648 hibuisse
831 4585 998 4648 sumi
1043 4583 1257 4650 debet.
1316 4585 1475 4649 Tria
1504 4594 1754 4650 tantum
1796 4585 2167 4670 fragmenta
2196 4587 2499 4652 distincto
2541 4587 2727 4652 titulo
2757 4587 3069 4671 insignita

502 4693 792 4765 exstant,
861 4707 1060 4749 unum
1124 4687 1192 4750 in
1252 4685 1464 4751 Schol.
1521 4685 1606 4750 ad
1667 4686 2002 4773 Aristoph.
2064 4688 2231 4775 qu.
2285 4689 2443 4771 487,
2507 4689 2621 4754 ubi
2675 4690 3068 4768 Ἡρωδιανὸς

502 4786 814 4871 scriptum
867 4796 966 4851 est
1020 4790 1090 4854 ἐν
1145 4789 1385 4874 Ἀττικῇ
1440 4789 1798 4873 προςῳδίᾳ,
1855 4788 2129 4853 alterum
2182 4792 2248 4855 in
2302 4790 2381 4854 E.
2426 4789 2518 4854 M.
2564 4790 2720 4871 804,
2784 4791 2895 4873 11,
2953 4790 3068 4856 ubi

498 4885 891 4966 Ἡρωδιανὸς
920 4891 1066 4969 περὶ
1095 4891 1391 4955 Ἀττικῶν
1421 4894 1832 4974 προςωδιῶν,
1865 4892 2129 4955 tertium
2158 4894 2227 4956 in
2258 4894 2385 4956 An.
2411 4890 2623 4956 Paris.
2653 4891 2753 4956 IV
2781 4891 2922 4973 181,
2951 4892 3066 4957 ubi
