3664 5546
1165 407 1323 463 ΠΕΡΙ
1366 409 1758 465 ΚΑΘΟΛΙΚΗΕ
1794 411 2216 466 ΠΡΟΕΩιΔΙΑΕ
2265 413 2328 466 Α.
2965 413 3041 477 17

864 580 1016 646 ἀλλ’
1061 581 1098 645 ὃ
1145 584 1259 663 μὲν
1306 580 1427 647 οὖν
1473 581 1794 648 ἀπάνευθε
1841 583 2150 662 θαλάςςης
2194 583 2585 663 εὐρυπόροιο

864 683 1027 749 οἰκία
1069 684 1434 751 ναιετὰαςκε
1479 684 1846 769 πολύῤῥην,
1891 685 2370 766 πουλυβοώτης.

457 785 696 851 τούτου
740 786 842 851 καὶ
885 787 1316 867 πληθυντικὸν
1360 788 1536 867 παρὰ
1576 794 1668 873 τῷ
1712 795 1944 873 ποιητῇ
1989 789 2034 870 (Ι
2086 786 2236 869 154)

864 887 935 953 ἐν
982 889 1054 953 δ’
1096 888 1327 968 ἄνδρες
1371 890 1613 955 ναίουςι
1657 888 2092 972 πολύῤῥηνες,
2136 892 2547 970 πολυβοῦται.

626 991 720 1056 Τὰ
767 990 854 1056 εἰς
901 1011 1021 1070 μην
1071 990 1392 1074 ὀξύνεται,
1439 992 1493 1058 εἰ
1537 995 1618 1072 μὴ
1665 992 1933 1058 ςύνθετα
1988 991 2118 1057 ἀπὸ
2164 991 2391 1057 ἁπλῶν
2447 991 2543 1073 εἴη
2588 997 2719 1059 τῶν
2764 993 2852 1059 εἰς
2897 998 3102 1078 μην,5

457 1093 765 1174 Δαμήν·
834 1094 961 1158 ἔςτι
1028 1095 1100 1159 δὲ
1155 1094 1522 1174 Ἀργολικὸς
1584 1095 2001 1176 ςυγγραφεύς.
2103 1095 2361 1177 λιμήν,
2430 1095 2656 1178 ὑμήν,
2722 1097 3044 1212 ποιμήν·

458 1197 583 1262 ἔςτι
641 1197 743 1261 καὶ
796 1196 1051 1278 Ποιμήν
1109 1196 1265 1276 ὄρος
1321 1202 1431 1277 τῆς
1484 1198 1838 1282 Ποντικῆς,
1907 1196 2033 1277 ἀφ’
2090 1195 2170 1261 οὗ
2226 1195 2525 1277 καταρρεῖ
2595 1197 2633 1261 ὁ
2686 1174 3044 1277 Παρθένιος

459 1299 684 1378 ςχίῑων
724 1299 841 1378 τὴν
883 1298 1253 1382 Ἄμαςτριν,
1297 1301 1641 1383 πυθμήν,
1687 1300 2005 1379 ἀϋτμὴν.

626 1401 720 1466 Τὰ
764 1400 852 1465 εἰς
900 1402 1018 1479 W
1065 1402 1344 1508 καθαρὸν
1390 1404 1471 1482 μὴ
1517 1402 1752 1481 ἔχοντα
1796 1403 1926 1481 πρὸ
1971 1402 2198 1466 τέλους
2232 1403 2560 1483 ’ςυλλαβὴν
2605 1401 2693 1467 εἰς
2736 1404 2812 1468 τὸ
2843 1406 2877 1469 ἒ
2906 1425 3043 1484 φω-

458 1506 610 1581 νῆεν
668 1493 1170 1581 καταλήγουςαν
1207 1501 1530 1588 ὀξύνεται,
1576 1497 1885 1587 (ειρήν,
1941 1504 2237 1583 Πειρήν
2291 1504 2777 1598 καθ’,Ἡςίοδον
2832 1508 3041 1587 πατὴρ
3082 1513 3146 1566 10

457 1605 645 1689 Ἰοῦς,
690 1605 978 1688 πυρήν,
1023 1607 1191 1684 πλὴν
1235 1610 1352 1671 τοῦ
1399 1604 1660 1686 ἄῤῥην.

626 1708 721 1773 Τὰ
766 1708 854 1775 εἰς
900 1729 1017 1788 ρην
1062 1709 1345 1788 καθαρὸν
1388 1714 1480 1792 τῷ
1528 1729 1557 1774 ε
1601 1710 2062 1788 παραλήγοντα
2115 1709 2573 1792 παροξύνεται,
2632 1710 2671 1775 Γ
2685 1709 2716 1774 έ
2730 1730 2869 1789 ρην
2925 1711 3042 1775 πό-

459 1812 555 1875 λις
597 1811 699 1876 καὶ
753 1812 928 1892 κώμη
973 1811 1214 1892 Λέςβου
1269 1809 1399 1875 ἀπὸ
1447 1812 1486 1875 Γ
1490 1811 1717 1890 έρηνος
1773 1815 1891 1876 τοῦ
1934 1812 2362 1895 Ποςειδῶνος.
2451 1811 2526 1876 τό
2591 1810 2842 1879 ἐθνικὸν
2888 1811 3040 1893 ὁμο-

459 1913 730 1996 φώνως,
774 1913 1043 1996 τέρην,
1091 1912 1342 1993 Θέρην
1387 1914 1703 1997 ποταμός,
1747 1914 2170 1993 περπέρην.

627 2118 721 2183 Τὰ
776 2118 866 2183 εἰς
927 2120 990 2184 “ι“ν
1037 2117 1456 2197 δικατάληκτα
1511 2118 1684 2183 ἁπλᾶ
1739 2119 1853 2200 μὲν
1910 2116 2233 2200 ὀξύνεται,
2300 2118 2582 2198 δελφίν
2637 2120 2741 2183 καὶ
2796 2116 3040 2202 δελφίς,
3084 2129 3143 2178 15

457 2218 737 2299 Τελχίν
802 2221 906 2285 καὶ
968 2221 1205 2301 Τελχίς.
1291 2221 1591 2299 Τελχῖνες
1657 2222 1728 2286 δὲ
1788 2220 2093 2297 ἐλέγοντο
2162 2219 2224 2284 οἱ
2296 2220 2543 2298 Κρῆτες.
2631 2219 2742 2284 εἰςὶ
2806 2221 2877 2284 δὲ
2941 2221 3045 2285 καὶ

459 2323 770 2402 φθονεροὶ
808 2323 1121 2404 δαίμονες
1176 2323 1537 2408 οἰκήςαντες
1589 2324 1705 2401 τὴν
1760 2322 2019 2388 <·Ρόί>ον
2086 2322 2386 2397 λέγονται
2448 2322 2518 2385 δε
2585 2324 2686 2386 και
2741 2322 3040 2401 Τελχῖνες

458 2426 745 2502 θηλυκῶς
810 2424 874 2488 αἱ
931 2425 1058 2491 ὑπὸ
1113 2427 1358 2503 πληγῆς
1414 2424 1502 2489 εἰς
1557 2424 1838 2490 θάνατον
1904 2423 2288 2505 καταφοραί·
2354 2423 2479 2488 ἔςτι
2537 2424 2607 2488 δὲ
2662 2425 2765 2488 καὶ
2819 2424 3042 2503 Τελχίς

457 2526 643 2590 πόλις
685 2525 1010 2592 Αἰθιοπίας
1052 2527 1216 2605 πρὸς
1260 2532 1336 2611 τῇ
1381 2527 1590 2610 Λιβύῃ.
1680 2527 2019 2606 (αλαμίν
2063 2521 2166 2591 καὶ
2210 2524 2510 2608 (αλαμίς,
2556 2524 2893 2591 Ἐλευςίν
2938 2528 3041 2591 καὶ

461 2627 729 2693 Ἐλευςίς
786 2632 986 2708 δῆμος
1041 2632 1153 2706 τῆς
1197 2628 1731 2693 Ἱπποθοωντίδος
1787 2631 2027 2711 φυλῆς,
2084 2625 2303 2692 ἀκτίν
2349 2628 2451 2691 καὶ
2495 2626 2682 2691 ἀκτίς.
2769 2627 3038 2692 Τούτοις
3075 2641 3143 2691 20

458 2730 686 2812 ὅμοιον
743 2732 845 2796 καὶ
901 2732 975 2797 τὸ
1023 2731 1510 2812 Ἀβοριγῖνες
1568 2729 1757 2796 ἔθνος
1801 2730 2136 2814 Ἰταλικόν,
2194 2730 2284 2795 ὡς
2328 2729 2525 2809 Ἰόβας
2580 2729 2649 2794 ἐν
2694 2727 3041 2810 Ῥωμαῖκῆς

456 2832 730 2912 ἱςτορίας
784 2835 1050 2918 πρώτῳ·
1109 2833 1327 2913 «μέχρι
1382 2834 1497 2913 μὲν
1555 2831 1676 2898 οὖν
1731 2837 1847 2897 τοῦ
1902 2833 2194 2912 Τρωϊκοῦ
2249 2831 2563 2911 πολέμου·
2597 2834 2714 2910 τὴν
2770 2830 3038 2910 ἀρχαίαν

457 2935 865 3016 Ἀβοριγίνων
911 2934 1257 3016 ὀνομαςίαν
1301 2936 1635 3018 διέςωζον,
1677 2934 1952 3000 Λατίνου
1997 2936 2068 2999 δὲ
2101 2934 2581 3015 βαςιλεύςαντος
2611 2933 2818 2998 οὕτως
2847 2955 3038 3013 προς·

457 3039 890 3118 ηγορεύθηςαν
906 3062 951 3103 ».
1036 3039 1117 3102 τὰ
1171 3038 1333 3102 αὐτὰ
1386 3038 1488 3103 καὶ
1544 3036 1770 3115 Χάραξ.
1860 3036 2026 3101 εἰκὸς
2082 3035 2317 3100 οἴεςθαί
2381 3055 2556 3101 τινας
2621 3036 2858 3101 τούτου
2922 3039 3038 3116 τὴν

591 3225 628 3278 l.
666 3228 698 3275 6
734 3223 938 3290 Δαμήν
984 3226 1203 3291 explevi
1240 3241 1307 3276 ex
1342 3226 1446 3291 Ep.
1481 3225 1639 3275 Hom.
1675 3227 1801 3282 366,
1847 3226 1931 3275 15:
1979 3222 2167 3276 πάντα
2201 3222 2273 3275 τὰ
2318 3219 2396 3276 εἰς
2444 3228 2552 3288 μην
2588 3221 2840 3291 λήγοντα
2885 3222 3039 3275 ἁπλᾶ

459 3290 734 3346 ὀξύνεται·
772 3293 1091 3358 πρόςκειται
1126 3292 1391 3357 «ἁπλᾶ»,
1430 3291 1554 3344 ἐπεὶ
1597 3291 1669 3344 τὰ
1704 3291 1941 3344 ςύνθετα
1977 3291 2292 3344 ἀναδιδόαςι
2335 3291 2470 3344 τοὺς
2517 3290 2720 3343 τόνους
2766 3286 2907 3343 ὄντα
2950 3292 3039 3344 διὰ

457 3364 560 3413 τοῦ
598 3375 651 3411 ε·
700 3361 948 3427 λιμένος,
997 3360 1303 3425 πυθμένος·
1350 3358 1714 3425 ςεςημείωται
1756 3359 1826 3412 τὸ
1872 3359 2038 3426 Δαμή
2042 3376 2076 3410 ν
2119 3360 2410 3424 Δαμῆνος·
2457 3359 2570 3412 ἔςτι
2616 3359 2676 3412 δὲ
2716 3359 3038 3425 Ἀργολικὸς

458 3429 809 3495 ςυγγραφεὺς
848 3429 881 3482 ό
915 3428 1132 3495 Δαμὴν.
1186 3427 1506 3494 πρόςκειται
1543 3427 1729 3493 «ὑπὲρ
1776 3427 1906 3492 μίαν
1952 3428 2327 3503 ςυλλαβήνζ-
2309 3426 2398 3479 διὰ
2442 3428 2513 3479 τὸ
2560 3427 2671 3493 μήν
2707 3427 2908 3512 μηνός,
2948 3432 3041 3494 qui

460 3514 638 3549 canon
664 3499 918 3564 congruit
942 3504 1001 3549 et
1027 3514 1149 3549 eum
1172 3498 1408 3549 Arcadio
1436 3504 1494 3549 et
1521 3513 1642 3549 eum
1669 3499 1814 3549 Μοιι.
1841 3500 1926 3561 32,
1953 3500 2008 3548 7:
2045 3497 2117 3549 τὰ
2143 3495 2221 3549 εἰς
2257 3512 2327 3560 ην
2353 3495 2605 3561 λήγοντα
2629 3494 2870 3549 ὀξυτονα
2892 3495 3039 3562 ὑπὲρ

459 3563 590 3630 μίαν
624 3565 866 3631 ςυλλαβή
869 3581 919 3629 ν,
958 3565 1057 3617 ἐὰν
1104 3564 1207 3629 μὲν
1250 3565 1414 3629 έχωςι
1449 3564 1519 3617 τὸ
1557 3580 1611 3628 μ,
1650 3563 1743 3617 ἐπὶ
1778 3567 1970 3631 γενικῇ
2008 3564 2078 3617 τὸ
2112 3568 2147 3630 ῆ
2185 3564 2262 3617 εἰς
2301 3579 2328 3617 ε
2364 3564 2590 3629 τρέπει,
2631 3563 2923 3629 ποιμένος,
2961 3565 3039 3616 λι-

459 3632 643 3699 μένος,
682 3582 988 3697 πυθμένός·
1025 3632 1170 3685 ἀλλὰ
1207 3633 1384 3697 μόνον
1419 3633 1488 3685 τὸ
1524 3632 1689 3699 Δαμή
1692 3648 1726 3682 ν
1763 3632 2004 3698 ἐφύλαξε
2040 3632 2179 3699 τὸη
2146 3637 2178 3643 “
2243 3633 2510 3698 Δαμῆνος
2536 3633 2643 3698 γὰρ
2668 3632 3038 3698 ἐπιγράφεται

459 3701 770 3767 Ἀργολικὰ.
807 3701 939 3754 ’ίςως
973 3701 1034 3753 δὲ
1066 3700 1189 3754 ἐπεὶ
1215 3700 1405 3766 κύριόν
1431 3701 1562 3765 έςτι,
1589 3701 1960 3766 παραλλαγὴν
1986 3700 2310 3767 ἑποιήςατο
2345 3700 2414 3753 τὸ
2440 3700 2500 3752 δὲ
2528 3700 2810 3766 Ἀλλαμήν
2840 3715 3035 3766 παραι-

455 3772 681 3834 τοῦμαι·
718 3769 785 3822 οὐ
810 3770 915 3835 γὰρ
939 3769 1167 3834 γνήςιον
1193 3769 1371 3834 ὄνομα
1395 3768 1510 3821 ὑπὸ
1536 3768 1829 3834 Διοδώρου
1857 3769 2396 3836 παραπεποιημένον
2422 3770 2539 3820 κτλ.
2686 3770 2722 3820 l.
2750 3774 2779 3820 7
2804 3768 3031 3834 Ποιμήν

457 3841 732 3905 proprium
779 3839 965 3889 addidi
1015 3855 1082 3889 ex
1128 3840 1209 3890 St.
1245 3840 1307 3889 B.
1345 3841 1469 3898 530,
1508 3840 1596 3893 11
1642 3836 1871 3903 πυθμήν
1917 3855 1984 3888 ex
2019 3840 2164 3891 Mon.
2201 3839 2235 3888 1.
2272 3858 2344 3895 c..
2390 3836 2613 3902 ἀϋτμήν
2659 3855 2725 3889 ex
2760 3838 2824 3889 Il.
2860 3840 2950 3889 Pr.
2987 3837 3035 3890 Ψ

456 3910 580 3958 765:
618 3906 688 3959 τὸ
726 3904 976 3970 ἀϋτμένα
1012 3905 1090 3957 ώς
1129 3904 1367 3968 ποιμένα
1402 3909 1487 3971 τῷ
1523 3904 1703 3971 τόνῳ·
1752 3905 1844 3957 καὶ
1890 3904 2135 3957 καθόλου
2179 3906 2252 3959 τὰ
2298 3877 2376 3958 είς
2414 3921 2522 3971 μην
2559 3906 2712 3957 ἁπλᾶ
2748 3903 3036 3957 ὀξύνεςθαι

457 3974 621 4026 θέλει.
826 3975 964 4026 1.10
1010 3975 1076 4025 de
1115 3972 1312 4040 (ειρήν
1349 3972 2013 4038 Μοιι.16,16;(ειρί·γ.ν
2083 3973 2249 4026 οὐδὲν
2288 3973 2364 4027 εἰς
2401 3990 2472 4040 ην
2510 3976 2688 4039 λῆγον
2723 3972 2867 4037 ὑπὲρ
2906 3970 3037 4036 μίαν

457 4043 737 4108 ςυλλαβὴν
773 4040 1118 4107 ὀξυνόμενον
1155 4041 1428 4108 θηλυκόν,
1469 4041 1644 4106 μόνον
1679 4040 1740 4093 δὲ
1775 4041 1846 4093 τὸ
1884 4041 2105 4107 Εειρήν·
2156 4042 2334 4094 ὁπότε
2369 4041 2431 4093 δὲ
2468 4043 2558 4094 καὶ
2597 4038 2848 4106 μελίςςης
2886 4040 3037 4092 εἶδος

342 4139 346 4143 -
458 4109 725 4176 ςημαίνει,
762 4110 1064 4176 ἀρςενικῶς
1100 4109 1296 4162 ἁπλῶς
1334 4107 1643 4174 λεγόμενον
1679 4109 1747 4162 οὐ
1786 4109 2180 4175 κεκοινώνηκε.
2250 4110 2335 4162 διὸ
2374 4110 2464 4161 καί
2508 4109 2561 4162 οἱ
2597 4108 2791 4162 ἀδένες
2827 4107 3037 4174 ἀρςενι·

457 4181 572 4231 κῶς
609 4178 904 4243 λεγόμενοι
941 4179 1082 4244 παρ’
1119 4176 1467 4242 Ἱπποκράτει
1503 4176 1798 4241 ἀναλόγως
1844 4176 2120 4241 λέγονται.
2156 4208 2221 4213 --
2258 4178 2398 4243 Πειρ
2366 4178 2472 4244 ρήν
2520 4197 2584 4229 ex
2627 4179 2739 4229 levi
2787 4194 2853 4227 ex
2889 4178 3037 4227 Mon.

459 4251 539 4312 17,
577 4251 626 4299 3.
780 4247 816 4299 1.
855 4250 915 4298 11
954 4246 1139 4312 πυρήν
1175 4263 1272 4313 pro
1309 4245 1477 4311 διπρή
1479 4261 1513 4297 ν
1551 4249 1684 4297 Lob.
1853 4248 2132 4313 1.12pr0
2169 4246 2341 4312 έῤῥην
2379 4249 2537 4313 posui
2614 4246 2749 4311 έρην
2787 4261 2907 4296 cum
2944 4246 3040 4295 ad-

457 4315 758 4367 ditamento
795 4332 858 4366 ex
902 4316 988 4368 st.
1026 4318 1089 4367 B.
1128 4318 1255 4378 205,
1293 4320 1350 4377 33
1407 4330 1503 4380 pro
1538 4313 1747 4380 τέῤῥην
1784 4313 2006 4380 Θέῤῥην
2036 4263 2308 4377 Ρποϊοιμός
2358 4312 2465 4380 πέῤ
2433 4314 2576 4381 ῤῥην
2624 4315 2843 4380 scripsi,
2894 4329 3035 4378 quae

457 4385 633 4449 posui,
671 4400 793 4435 cum
827 4383 1113 4445 Schmidt,
1154 4385 1246 4449 qui
1286 4380 1458 4447 Γέρην
1494 4387 1552 4433 et
1586 4382 1759 4449 τέρην
1796 4384 1966 4435 etiam
2002 4399 2090 4449 ap.
2120 4382 2314 4433 Choer.
2349 4386 2448 4434 276
2485 4383 2570 4449 leg
2571 4385 2591 4432 i
2625 4382 3038 4433 animadvertit.

456 4479 520 4488 -—
557 4454 789 4504 Nomina
827 4453 895 4502 ab
932 4420 1172 4503 Arcadio
1210 4453 1412 4502 omissa
1447 4457 1701 4501 recenset
1737 4452 1875 4501 Lob.
1900 4451 2107 4504 Parall.
2136 4455 2227 4501 191
2257 4466 2314 4502 se
2321 4466 2437 4533 qq.
2514 4467 2617 4501 uae
2652 4451 2709 4500 in
2735 4450 3039 4500 Herodiani

456 4521 787 4641 33.Ῑὲῗὲξὲ
801 4519 959 4653 ,Ἓξῗ
992 4519 1832 4639 335551’3332221200‘3332‘5‘21?
1837 4519 2103 4638 dffidffi
2108 4534 2155 4569 ³¹
2192 4520 2253 4636 ¹32
2274 4520 2439 4638 ἳῒεέἔέ,
2423 4468 3036 4649 ἐὲἒᾷεἷῗὶἓνοὲηἷῗῐ

457 4657 669 4722 aliquid
705 4657 987 4708 remansit.
1092 4656 1127 4711 l.
1166 4659 1229 4707 16
1267 4655 1393 4707 cod.
1430 4656 1471 4706 C
1506 4655 1678 4706 habet
1715 4671 1811 4720 pro
1849 4653 2052 4718 Τελχίν
2088 4603 2192 4706 καί)
2214 4603 2440 4718 Τῐέλχίςτ
2479 4652 2669 4720 Τριχίν
2706 4653 2797 4706 καί
2833 4651 3038 4718 Τριχίς,

456 4726 602 4776 undo
650 4725 915 4777 Schmidt.
956 4725 1272 4790 suspicatur
1314 4724 1406 4774 hic
1455 4722 1807 4775 scribendum
1865 4739 1985 4774 esse
2032 4720 2235 4787 Τελχίν
2281 4723 2371 4774 καί
2414 4721 2641 4786 Τελχίς,
2690 4720 2900 4786 Τραχίν
2946 4722 3039 4772 καὶ

458 4791 675 4858 Τραχίς.
711 4790 916 4857 Τελχίν
951 4794 1169 4859 explevi
1206 4810 1272 4843 ex
1309 4793 1388 4844 St.
1429 4792 1492 4840 B.
1531 4792 1654 4855 614,
1692 4794 1751 4853 4·
1796 4793 1963 4843 verba
2009 4789 2128 4844 εἰςί
2155 4790 2215 4842 δὲ
2263 4792 2354 4843 καί
2390 4820 2454 4826 ——
2494 4761 2688 4842 Ῥόδόν
2736 4807 2803 4841 ex
2840 4790 3037 4840 Choer.

457 4864 540 4925 69,
576 4866 641 4913 33
680 4868 735 4913 et
769 4863 886 4925 278,
923 4863 1007 4913 20.
1211 4861 1247 4910 1.
1289 4863 1352 4913 19
1408 4857 1650 4911 Ἐλευςίν
1686 4829 1879 4910 addidi
1915 4877 1981 4910 ex
2020 4860 2215 4911 Choer.
2253 4860 2313 4911 11.
2353 4876 2432 4910 ce.
2640 4859 2674 4908 l.
2710 4861 2789 4908 21·
2831 4857 3038 4922 Ἀβορι-

455 4932 606 4993 γῖνες
644 4945 711 4980 ex
749 4900 1016 4995 St.1’3.7‚
1056 4931 1137 4980 18.

527 5046 902 5083 ιιιιιιοιιιλιινε.
943 5032 985 5084 Ι.
2593 5011 2635 5075 2
