3664 5546
1141 348 1331 420 ’περι
1369 359 1761 421 κΑοοΛικΗς
1794 357 2220 421 ΠΡοςΩιΔιΑς
2257 357 2329 420 ιε.
2929 359 3053 432 417

462 538 578 617 τὴν
624 537 905 615 Ἐρατώ
950 537 1054 601 καὶ
1101 536 1342 601 Κλειώ
1385 537 1490 601 καὶ
1529 537 1645 602 τὰς
1688 536 2168 617 παραπληςίους
2220 537 2352 603 ἀπὸ
2394 542 2527 603 τῶν
2572 537 2663 603 εἰς
2712 540 2765 602 ‹T›
2812 537 3054 603 εὐθεῶν

460 642 574 718 τῆς
615 639 798 718 Λητώ
849 639 1084 703 Κλειτώ
1141 638 1410 721 Ἐρατώ,
1467 639 1899 723 ςυνῃρημένας
1955 638 2086 705 ἀπὸ
2114 643 2254 719 ’τῆς
2307 640 2551 723 Λητόα,
2611 639 2838 704 Κλειόα
2881 640 3054 719 Ἐρα-

460 741 614 824 τόα,
670 740 825 806 δέον
868 743 1215 823 περιςπᾶν,
1271 739 1585 821 ὀξύνομεν
1641 741 1746 806 διὰ
1801 744 1921 820 τὴν,
1977 741 2408 822 ςυνέμπτωςιν
2452 745 2564 820 τῆς
2609 741 2871 807 εὐθείας.
2948 742 3056 807 ὅτε

462 844 587 923 γὰρ
630 848 863 908 πτῶςις
907 842 1093 927 ἑτέρᾳ
1148 842 1383 907 πτωςει
1439 842 1789 926 ςυνεμπέςῃ
1834 844 1994 907 κατὰ
2035 843 2152 909 τὸν
2198 842 2399 908 αὐτὸν
2443 841 2740 927 ἀριθμόν,
2796 843 3057 908 πάντως

464 945 566 1009 καὶ
610 943 941 1024 ὁμοτονεῑ·
998 945 1104 1008 διὰ
1157 947 1352 1008 τοῦτο
1397 944 1500 1008 καὶ
1557 943 1621 1009 οἱ
1663 944 2096 1024 Δημοςθένεις
2152 944 2215 1009 οἱ
2258 944 2535 1026 εύςεβεῖς
2578 945 2681 1010 καὶ
2724 945 2877 1010 τοὺς
2919 946 3055 1024 Δη-
3084 952 3117 1002 5

464 1046 789 1126 μοςθένεις
828 1047 933 1110 καὶ
972 1045 1125 1110 τοὺς
1166 1044 1472 1127 εύςεβεῖς,
1516 1044 1580 1110 οἱ
1623 1044 1798 1123 ἰχθῦς
1843 1046 1946 1110 καὶ
1987 1047 2143 1111 τοὺς
2186 1046 2381 1126 ἰχθύς,
2445 1047 2807 1126 πρόςκειτᾳι
2854 1046 3057 1111 «κατὰ
3162 1087 3169 1090 -

463 1147 579 1213 τὸν
622 1146 822 1212 αὐτὸν
867 1145 1177 1226 ἀριθμὸν»
1224 1147 1329 1210 διὰ
1359 1146 1435 1212 τὸ
1464 1150 1578 1225 τῆς
1608 1150 1895 1228 φοβερᾶς
1927 1148 2031 1212 καὶ
2070 1148 2185 1213 τὰς
2229 1149 2540 1229 φοβερᾶς·
2596 1147 2887 1216 ὀξύνεται
2930 1148 3055 1227 γὰρ

466 1248 507 1327 ἡ
550 1250 940 1328 πληθυντικὴ
986 1248 1321 1332 αἰτιατική,
1364 1247 1404 1326 ἡ
1450 1250 1522 1313 δὲ
1564 1249 1780 1327 γενικὴ
1826 1254 2216 1329 περιςπᾶται.

634 1350 710 1415 Αἱ
753 1350 842 1415 εἰς
883 1353 965 1426 *W
1012 1351 1318 1429 λήγουςαι
1373 1349 1702 1415 αἰτιατικαὶ
1759 1349 1892 1415 ἀπὸ
1948 1356 2218 1429 γενικῶν
2268 1351 2358 1417 εἰς
2400 1356 2521 1417 W:
2564 1356 2901 1430 ληγουςῶν
2947 1349 3058 1415 οὖ-

468 1472 598 1535 ςαι,
644 1451 699 1516 εἰ
742 1450 859 1530 μὲν
905 1453 1240 1532 βαρύνεται
1284 1450 1324 1529 ἡ
1370 1451 1619 1535 εὐθεῖα,
1682 1451 2069 1533 βαρύνονται
2115 1452 2259 1518 οἶον
2306 1453 2639 1533 (ωκράτης
2685 1452 3061 1531 (ωκράτους
3099 1453 3163 1510 10

469 1550 914 1636 (ωκράτην,
958 1553 1373 1633 Δημοςθένης
1417 1553 1879 1632 Δημοςθένους
1924 1541 2475 1638 Δημοςθένην,
2532 1554 2587 1619 εἰ
2644 1556 2716 1619 δὲ
2759 1558 3059 1632 περιςπᾶ-

466 1675 568 1718 ται
610 1653 650 1732 ἡ
697 1654 943 1737 εὐθεῖα,
989 1658 1413 1734 περιςπῶνται
1461 1651 1606 1718 οἷον
1649 1653 1963 1732 Ἡρακλῆς
2006 1653 2358 1734 Ἡρακλοῦς
2402 1655 2818 1739 Ἡρακλῆν,
2867 1656 3059 1734 Περι-

467 1760 619 1834 κλῆς
661 1757 1019 1834 Περικλοῦς
1062 1757 1483 1833 Περικλῆν·
1541 1754 1597 1820 εἰ
1653 1757 1723 1820 δὲ
1783 1754 2075 1823 ὀξύνεται
2131 1757 2171 1836 ἡ
2215 1756 2461 1840 εὐθεῖα,
2525 1758 2911 1838 βαρύνονται
2956 1756 3063 1821 διὰ

467 1858 542 1921 τὸ
598 1858 753 1922 τοὺς
808 1856 1059 1923 Αἰολεῖς
1113 1860 1445 1936 κεχρῆςθαι
1500 1857 1758 1922 ταύταις
1813 1861 1954 1923 ταῖς
2007 1857 2390 1925 αἰτιατικαῖς.
2461 1859 2882 1938 ’δυςμένην
2937 1858 3062 1938 γὰρ

469 1958 721 2035 λέγουςι
779 1959 881 2022 καὶ
934 1959 1418 2037 κυκλοτέρην
1473 1959 1577 2022 καὶ
1631 1959 2083 2041 εύρυνέφην
2137 1965 2271 2025 τῶν
2326 1960 2593 2025 εὐθειῶν
2650 1959 3062 2039 ὀξυνομένων
3100 1967 3162 2017 15

469 2057 613 2124 οἷον
660 2058 698 2123 ό
743 2061 1084 2144 δυςμενής,
1130 2060 1168 2124 ὁ
1213 2059 1631 2144 κυκλοτερὴς,
1689 2059 1727 2124 ὁ
1785 2059 2162 2141 εὐρυνεφής.
2252 2061 2316 2126 οἱ
2368 2062 2493 2141 γὰρ
2534 2061 2785 2126 Αἰολεῖς
2832 2066 3063 2141 βαρυν-

466 2160 628 2224 τικοί
672 2160 810 2224 εἰςι·
866 2161 943 2226 τὸ
998 2161 1122 2241 γὰρ
1168 2161 1421 2240 Ἀτρεύς
1463 2162 1727 2240 Ἄτρευς
1785 2161 2040 2236 λέγουςι
2095 2164 2199 2227 καὶ
2238 2163 2315 2226 τὸ
2359 2161 2617 2242 Πηλεύς
2660 2163 2917 2240 Πήλευς
2961 2161 3066 2226 καὶ

466 2262 541 2326 τὸ
588 2262 911 2339 Ἀχιλλεύς
954 2263 1289 2342 Ἀχίλλευς.

1228 2467 1425 2545 Περὶ
1467 2466 1706 2531 τόνου
1748 2468 1884 2543 τῆς
1926 2470 2307 2546 κλητικῆς.

636 2601 821 2665 Πᾶςα
864 2602 1118 2679 κλητικὴ
1164 2600 1269 2664 ἐπὶ
1309 2602 1541 2680 ταύτης
1583 2604 1694 2680 τῆς
1738 2606 2051 2683 ςυλλαβῆς
2095 2602 2226 2681 ἔχει
2270 2604 2386 2668 τὸν
2431 2604 2661 2685 τόνον,
2710 2602 2816 2683 ἐφ’
2857 2602 2935 2682 ἦς
2979 2603 3059 2669 ἂν
3096 2611 3164 2661 20

471 2701 575 2763 καὶ
617 2700 658 2780 ἡ
702 2700 951 2784 εὐθεῖα,
1008 2701 1063 2765 εἰ
1118 2702 1221 2765 καὶ
1274 2704 1355 2782 μὴ
1412 2703 1528 2766 τὸν
1574 2702 1773 2767 αὐτὸν
1820 2703 1927 2767 διὰ
1970 2704 2086 2768 τὸν
2131 2703 2377 2769 κανόνα
2419 2707 2537 2768 τοῦ
2579 2704 2811 2788 τόνου,
2868 2706 3064 2785 χωρὶς

470 2807 603 2866 τῶν
649 2802 1020 2881 μελλόντων
1074 2804 1646 2888 προςδιορίζεςθαι,
1705 2802 1850 2870 οἷον
1895 2804 2180 2886 Ὅμηρος
2222 2804 2541 2889 Ὅμηρε,
2601 2806 2794 2871 καλός
2849 2808 3064 2890 καλέ,

473 2902 731 2983 εὐςεβής
786 2902 1131 2986 εὐςεβές,
1190 2904 1435 2983 Χρύςης
1490 2905 1776 2988 Χρύςη,
1831 2907 2266 2986 πανταπωλης
2319 2907 2837 2990 πανταπώλη,
2898 2913 3063 2988 βαςι-

449 2994 621 3069 ’λεύς
668 3007 1003 3085 βαςιλεῦ.
1090 3004 1233 3070 ἀλλ’
1277 3006 1381 3071 ἐπὶ
1422 3013 1554 3072 τῶν
1601 3007 1690 3072 εἰς
1734 3010 1854 3074 &E
1898 3008 2167 3073 εὐθειῶν
2211 3007 2624 3088 ὀξυνομένων
2677 3008 2741 3072 αἱ
2784 3010 3065 3087 κλητικαὶ

470 3110 931 3189 περιςπῶνται,
988 3106 1272 3171 καθόλου
1325 3109 1449 3187 γὰρ
1507 3109 1547 3188 ἡ
1606 3110 1712 3173 διὰ
1762 3113 1881 3176 τοῦ
1928 3111 1965 3168 ῦ
2021 3110 2377 3191 δίφθογγος
2420 3109 2862 3187 καταλήγουςα
2907 3108 3060 3174 ἀπέ-
3097 3118 3165 3169 25

473 3227 776 3285 ςτραπται
829 3209 945 3286 τὴν
1004 3206 1220 3275 ὀξεῖαν
1274 3208 1480 3274 τάςιν·
1546 3210 1733 3276 ἔνθεν
1791 3210 2210 3292 ςημειούμεθα
2264 3213 2381 3290 τὴν
2436 3210 2516 3276 οὔ
2574 3209 2903 3292 ἀπόφαςιν
2960 3213 3065 3277 καὶ

472 3308 615 3373 ἰδού
661 3309 972 3373 δεικτικόν
1015 3309 1121 3373 καὶ
1161 3308 1265 3373 ἰού
1298 3314 1761 3387 ςχετλιαςτικὸν
1795 3312 2152 3402 ἐπίρρημα,
2199 3313 2349 3391 περὶ
2375 3311 2470 3377 ὧν
2516 3311 2586 3377 ἐν
2632 3311 2855 3378 ἄλλοις
2899 3312 3060 3377 ἀπο-

474 3408 856 3489 λογούμεθα.
941 3410 1073 3474 Ἔτι
1118 3409 1422 3490 ὁμοτονεῖ
1467 3412 1695 3493 βότρυς
1740 3412 1793 3477 ὦ
1841 3412 1927 3494 βό
1944 3434 2081 3493 τρυ
2092 3462 2111 3496 ,
2166 3414 2363 3494 ταχύς
2418 3413 2471 3478 ὦ
2514 3413 2739 3497 ταχύ,
2792 3415 3062 3479 Ἄδωνις

473 3509 527 3574 ὦ
569 3512 881 3595 Ἄδωνι,
936 3511 1124 3577 πόλις
1179 3502 1503 3598 ὦπόλι,
1560 3515 1784 3596 δελφίς
1837 3514 1891 3579 ὦ
1946 3515 2209 3600 δελφί,
2261 3515 2544 3594 Λειώδης
2597 3514 2651 3579 ὦ
2695 3515 3063 3598 Λειῶδες,

470 3758 537 3767 -
574 3732 788 3784 Canoni
822 3732 888 3783 de
936 3739 1170 3784 accentu
1205 3733 1462 3784 similium
1499 3735 1743 3787 eiusdem
1780 3738 1993 3788 numeri
2029 3753 2255 3789 casuum
2291 3737 2457 3788 simili
2492 3736 2626 3787 addi
2667 3739 2854 3802 potest
2901 3750 3063 3786 exee-

473 3800 591 3865 ptio
627 3816 714 3865 ap.
752 3800 948 3853 Choer.
991 3803 1109 3863 334,
1147 3805 1202 3851 5:
1240 3801 1411 3866 χωρὶς
1446 3804 1569 3853 τῶν
1613 3800 1692 3854 εἰς
1727 3807 1826 3856 {Tc
1859 3806 2104 3867 γενικῶν
2147 3803 2475 3868 γενομένων
2515 3802 2773 3855 Ἰωνικῶς
2809 3802 2845 3866 ἢ
2882 3802 3064 3867 Δωρι-

472 3869 610 3919 κῶς·
647 3865 701 3919 οἱ
735 3867 842 3932 γὰρ
877 3866 1070 3919 Ἴωνες
1105 3869 1196 3919 καὶ
1231 3867 1285 3920 οἱ
1319 3868 1559 3933 Δωριεῖς
1594 3870 1704 3935 τὴν
1731 3869 2020 3925 Ὀδυςςέος
2056 3873 2147 3924 καὶ
2175 3871 2475 3936 Ἰδομενέος
2511 3871 2742 3936 γενικὴν
2769 3869 3061 3923 Ὀδυςςεθς

472 3934 563 3986 καὶ
612 3934 914 3997 Ἰδομενεῦ(
959 3934 1295 3988 «Ὀδυςςεῦς
1340 3936 1402 3987 δὲ
1447 3937 1639 4000 λαβὼν
1685 3938 1814 3991 κύςε
1862 3939 2009 4006 χεῖρ’
2044 3929 2153 3992 ἐπΓ
2182 3943 2425 4006 καρπῷ»
2471 3939 2545 4004 (ω
2583 3938 2708 4002 398)
2756 3938 2846 3988 καὶ
2892 3936 3062 3988 πάλιν

475 4002 825 4066 «Ἰδομενεθς
871 4002 930 4054 δ’
966 4001 1033 4054 οὐ
1079 4003 1217 4067 λῆγε
1265 4002 1432 4067 μένος
1476 4005 1658 4068 μέγα»
1695 4004 1763 4070 (Ν
1801 4010 1931 4071 424,
1970 4008 2042 4059 ad
2080 4024 2239 4073 quem
2275 4008 2455 4058 locum
2499 4007 2558 4055 in
2593 4006 2661 4056 11.
2698 4008 2788 4056 Pr.
2824 4005 3059 4056 Herod.z

472 4068 703 4133 ἄμεινον
739 4069 801 4121 δὲ
836 4069 906 4121 τὸ
944 4069 1168 4121 εὐθεῖαν
1214 4070 1360 4122 εἶναι
1396 4073 1677 4138 adnotat)·
1723 4073 1759 4138 ἡ
1809 4074 1912 4137 μὲν
1955 4075 2065 4138 γὰρ
2108 4074 2298 4126 εὐθεῖα
2342 4073 2629 4137 ὀξύνεται,
2676 4071 2710 4134 ἡ
2757 4070 2820 4123 δὲ
2863 4072 3056 4135 γενικὴ

473 4139 807 4202 περιςπᾶται
843 4141 927 4203 τῷ
967 4136 1122 4204 λόγῳ
1158 4141 1261 4203 τῆς
1297 4138 1661 4204 ςυναιρέςεως
1695 4142 1799 4207 τῆς
1835 4142 1950 4193 ἀπὸ
1997 4140 2180 4194 ὀξείας
2224 4142 2315 4194 καὶ
2360 4137 2597 4205 βαρείας.
2668 4141 2775 4189 Hie
2824 4140 3061 4189 fortasse

474 4211 807 4256 memoratus
853 4206 962 4257 fuit
1006 4208 1357 4258 aecusativus
1403 4208 1513 4273 βῶ,
1561 4209 1627 4258 de
1675 4224 1782 4273 quo
1829 4210 2008 4261 Schol.
2044 4211 2092 4260 V
2136 4209 2207 4259 ad
2253 4210 2319 4262 Il.
2361 4209 2402 4259 Η
2453 4210 2552 4258 238
2598 4205 2655 4258 αἱ
2704 4204 3062 4270 Ἀριςτάρχου

475 4274 620 4338 βῶν,
665 4272 700 4336 ἡ
753 4271 1187 4337 Ἀριςτοφάνους
1233 4275 1398 4338 βοῦν,
1450 4274 1486 4339 ἡ
1537 4273 1882 4340 Ἡρωδιανοῠ
1931 4278 2012 4339 βῶ
2063 4274 2142 4328 ὡς
2190 4275 2401 4340 Βορέαο
2447 4273 2682 4339 «Βορέω
2731 4274 2840 4325 ὑπ’
2876 4271 3065 4340 ἰωγῇ»

476 4340 604 4406 (Od.
631 4341 658 4393 ξ
684 4339 826 4405 533).
935 4343 967 4394 l.
1004 4345 1174 4393 9—18
1211 4358 1278 4392 ex
1314 4342 1526 4404 Choer.‚
1565 4359 1725 4408 quem
1760 4345 1898 4393 haec
1932 4350 1996 4394 ut
2032 4344 2265 4409 plurima
2302 4360 2369 4394 ex
2404 4343 2727 4394 Herodiano
2766 4342 3063 4407 sumpsisse

475 4414 533 4460 et
568 4424 667 4475 per
702 4425 762 4461 se.
800 4408 1086 4475 probabile
1125 4413 1211 4459 est
1244 4414 1304 4461 et
1338 4414 1579 4460 testatur
1616 4410 1747 4465 Cod.
1786 4414 1920 4462 2426
1955 4413 2015 4470 in
2052 4412 2140 4462 Cr.
2176 4413 2277 4464 An.
2313 4411 2488 4461 Paris·
2526 4412 2553 4462 1
2589 4412 2716 4474 396,
2764 4410 2862 4460 ubi
2900 4425 3066 4475 quum

475 4478 532 4526 in
569 4477 733 4528 titulo
771 4477 901 4541 περὶ
935 4478 1057 4528 τῶν
1095 4475 1157 4528 ἐν
1200 4479 1323 4528 ταῖς
1359 4475 1600 4529 πτώςεςι
1636 4476 1828 4529 τόνων
1865 4477 2226 4543 ποιηθέντων
2262 4476 2414 4543 παρὰ
2454 4475 2683 4531 Θεοδοςί
2772 4478 2862 4529 καὶ
2889 4476 3062 4542 Ἡρω-

476 4543 648 4611 διανῷ
671 4547 793 4597 τοῖς
816 4547 1216 4609 γραμματικοῖς
1244 4545 1453 4610 scripta
1480 4547 1610 4607 sint,
1633 4544 1728 4596 fol.
1747 4549 1812 4598 58
1840 4546 1906 4596 de
1927 4546 2167 4597 Aeolicis
2193 4546 2528 4597 aecusatIvis
2551 4546 2689 4608 δυςμ
2756 4560 2846 4609 ην,
2866 4545 3063 4595 κυκλο-

476 4610 646 4677 τέρην
672 4620 730 4663 et
756 4611 1077 4677 εὐρυνέφην
1101 4613 1248 4662 idem
1280 4612 1519 4663 traditur
1552 4612 1697 4678 quod
1722 4630 1811 4678 ap.
1840 4614 2033 4666 Choer.
2056 4617 2175 4677 424,
2205 4617 2266 4664 19
2300 4615 2370 4664 of.
2397 4615 2611 4665 Ahrens
2644 4614 2711 4664 de
2748 4613 2880 4663 dial.
2910 4613 3064 4666 Aeol.

481 4681 592 4730 113.
639 4681 721 4731 De
748 4680 927 4745 Ἄρην
952 4679 1136 4732 Schol.
1173 4683 1217 4730 A
1255 4681 1324 4730 ad
1350 4680 1413 4730 Il.
1450 4679 1488 4732 Ε
1524 4684 1649 4732 909:
1687 4680 1875 4732 οὕτως
1901 4680 2240 4746 Ἡρωδιανός
2265 4696 2397 4746 φηςι
2424 4681 2566 4744 μετὰ
2587 4685 2690 4733 τοῦ
2728 4684 2762 4731 V
2785 4680 2979 4745 Ἄρην.

479 4745 515 4796 l.
540 4749 724 4798 20-1.
755 4751 813 4797 11
842 4765 967 4814 pag.
993 4764 1102 4814 seq.
1142 4765 1209 4799 ex
1232 4749 1309 4799 10.
1334 4747 1420 4801 Al.
1447 4752 1528 4811 13,
1564 4750 1613 4803 8.
1653 4775 1717 4783 —
1753 4749 1787 4798 l.
1813 4752 1878 4800 21
1918 4749 1967 4801 εἰ
2002 4750 2093 4801 καὶ
2130 4751 2204 4813 μὴ
2240 4750 2346 4801 τὸν
2370 4749 2550 4801 αὐτὸν
2574 4778 2641 4786 -
2664 4747 2837 4800 τόνου
2875 4748 3065 4799 addidi

481 4827 549 4861 ex
583 4816 703 4865 Are.
745 4819 858 4879 130,
894 4819 977 4868 23.
1119 4816 1152 4865 1.
1177 4817 1243 4867 25
1280 4833 1378 4883 pro
1414 4814 1725 4881 διφθόγγου
1762 4819 1961 4884 scripsi
1995 4816 2300 4883 δίφθογγος
2339 4827 2396 4870 et
2431 4819 2467 4871 l.
2505 4821 2572 4868 27
2610 4815 2697 4869 ἰού
2733 4818 2958 4868 inserui.
2995 4817 3064 4869 cf.

550 4929 931 4968 nnnomauvs.
969 4920 1014 4971 1.
1479 4956 1492 4969 ι
1654 4937 1690 4959 ··
2571 4898 2653 4965 27
