3664 5546
638 408 766 474 458
1136 457 1159 470 ,
1578 412 1660 466 εκ
1697 412 1840 466 τΩΝ
1881 412 2291 469 ΗΡΩΛιΑΝοΥ

637 585 808 647 ποιῶ
864 580 1130 646 ἐποίουν
1175 582 1313 646 ἐὰν
1368 587 1603 665 ποιῶ,
1660 581 1793 647 ἐὰν
1852 588 2041 666 βοῶ,
2099 584 2233 649 ἐὰν
2278 590 2552 663 χρυςιῖι.
2639 584 2824 662 ἡνίκα
2875 587 2947 650 δὲ
2992 588 3071 665 μὴ
3117 586 3236 651 ὦςι

636 686 934 763 τοιαῦτα,
979 683 1383 766 βαρύνονται,
1415 683 1692 749 ἔτυπτον
1739 685 1879 749 ἐὰν
1922 686 2215 767 τύπτω,
2261 685 2494 762 ἔλεγον
2525 686 2663 753 ἐὰν
2706 686 2943 768 λέγω,
2974 687 3234 768 ἔφαγον

637 783 772 848 ἐὰν
837 784 1094 867 φάγω,
1160 784 1397 864 ἔλαβον
1465 785 1600 851 ἐὰν
1668 785 1910 868 λάβω,
1976 787 2219 866 ἔμαθον
2284 788 2420 853 ἐὰν
2474 788 2722 869 μάθω,
2788 788 3035 856 ἔπαθον
3088 791 3234 856 ἐὰν

636 885 889 967 πάθω,
957 884 1147 952 εἶπον
1205 887 1341 952 ἐὰν
1396 886 1620 970 εἴπω,
1686 886 1868 953 εἶδον
1925 888 2058 953 ἐὰν
2119 888 2293 971 ἴδω,
2360 889 2610 970 τέτυφα
2673 889 2810 956 ἐὰν
2851 882 3231 973 τετύφω,

566 986 887 1055 οτέπυπα
931 986 1065 1052 ἐὰν
1120 988 1460 1078 τετύπαω,
1515 990 1797 1054 πέποιθα
1854 989 1988 1056 ἐὰν
2042 991 2421 1058 πεποίθω.
2500 992 2901 1070 ςεςημείωται
2956 993 3034 1058 τὸ
3090 993 3233 1060 ἐὰν

636 1087 818 1153 εἰδῶ
861 1091 1347 1169 περιςπώμενον
1394 1088 1537 1156 οἷον
1569 1088 1781 1171 «ὄφρ’
1825 1091 1899 1157 εὖ
1944 1091 2136 1158 εἰδῶ»
2183 1094 2261 1174 (Α
2289 1091 2475 1175 515),
2525 1091 2604 1156 οὗ
2635 1093 2676 1172 ἡ
2707 1095 2941 1172 μετοχὴ
2973 1093 3012 1158 ὁ
3044 1093 3235 1160 εἰδώς

633 1193 753 1255 τοῦ
796 1189 1074 1274 εἰδότος,
1120 1191 1174 1256 εἰ
1217 1194 1321 1257 καὶ
1351 1192 1482 1258 ἀπὸ
1512 1197 1630 1257 τοῦ
1660 1193 1861 1258 εἰδέω.
1918 1196 1994 1259 τὸ
2026 1196 2098 1259 δὲ
2144 1194 2292 1259 «ἵνα
2335 1193 2658 1273 εἴδομεν
2689 1193 2925 1275 ἄμφω»
2964 1196 3043 1276 (Α
3070 1194 3233 1276 363)

635 1293 1220 1377 προπαροξύνεται,
1277 1295 1495 1372 ἐπειδὴ
1554 1295 1595 1374 ἡ
1643 1298 1910 1375 ςυςτολὴ
1965 1295 2251 1362 ἀνέδωκε
2306 1297 2423 1361 τὸν
2463 1297 2682 1361 τόνον.
2772 1295 2854 1361 οὐ
2896 1296 3021 1374 γὰρ
3064 1317 3233 1378 παρ-

637 1391 951 1472 οξύνομεν
997 1397 1156 1461 κατὰ
1198 1396 1315 1462 τὸν
1357 1384 1726 1476 Πάμφιλον.
3205 1464 3211 1468 ,

534 1510 602 1563 10
804 1494 899 1558 Τὰ
943 1497 1029 1562 εἰς
1077 1520 1130 1564 ω
1175 1500 1564 1568 ὑποτακτικὰ
1605 1506 1736 1567 τῶν
1781 1500 2097 1579 ἀορίςτων
2140 1506 2505 1579 παθητικῶν
2559 1504 3025 1582 περιςπῶνται,
3086 1500 3230 1566 ἐὰν

638 1601 941 1683 ληφθῶ,
998 1604 1136 1670 ἐὰν
1192 1610 1494 1687 τυφθῶ,
1551 1604 1653 1668 διὸ
1708 1604 1813 1668 καὶ
1865 1604 1942 1667 τὸ
2000 1601 2176 1667 «ἐὰν
2233 1602 2834 1681 ἐγκαταλειφθῶ
2895 1601 3023 1666 ὑπὸ
3069 1605 3230 1666 ςοῦ»

635 1707 1025 1780 περιςπᾶται.
1112 1706 1256 1773 τότε
1320 1706 1444 1784 γὰρ
1510 1706 1591 1770 τὰ
1650 1707 1916 1770 τοιαῦτα
1972 1705 2134 1783 ὑπὲρ
2199 1704 2345 1784 μίαν
2406 1703 2722 1782 ςυλλαβὴν
2777 1709 3233 1784 περιςπῶνται,

635 1801 745 1866 ὅτε
789 1803 1044 1882 ἔχουςιν
1100 1806 1567 1887 ἀπαρὲμφατον
1632 1808 1721 1871 εἰς
1775 1808 1914 1886 wi,
1980 1804 2071 1870 ὡς
2131 1806 2208 1871 τὸ
2265 1805 2399 1871 ἐὰν
2444 1808 2654 1880 νυγῶ
2720 1808 3021 1888 νυγῆναι,
3087 1805 3232 1869 ἐὰν

638 1908 848 1984 δαρῶ
893 1912 1192 1991 δαρῆναι,
1238 1910 1343 1974 καὶ
1387 1910 1661 1988 μετοχὴν
1705 1907 1795 1972 εἰς
1821 1909 1926 1971 Ξῖ
1969 1906 2007 1970 ὁ
2052 1906 2264 1982 νυγείς
2308 1907 2348 1972 ὁ
2379 1908 2620 1988 δαρείς,
2667 1907 2768 1972 καὶ
2809 1908 2886 1972 τὸ
2932 1905 3230 1972 εὐκτικὸν

536 2017 601 2072 15
637 2006 727 2071 είς
770 2009 853 2083 ἦν
896 2010 1178 2088 καθαρὸν
1223 2010 1513 2095 νυγείην,
1560 2011 1836 2091 δαρείην.
1902 2008 2142 2088 ὁμοίως
2186 2008 2321 2074 ἐὰν
2367 2009 2552 2074 εἰδῶ
2597 2009 2860 2091 εἰδείην,
2905 2007 2962 2073 εἰ
2997 2008 3100 2073 καὶ
3143 2011 3232 2087 μὴ

637 2110 768 2188 ἔχει
810 2112 927 2189 τὴν
972 2116 1248 2192 μετοχὴν
1294 2113 1382 2179 εἰς
1434 2118 1540 2179 εις.
1627 2114 1861 2189 γέγονε
1905 2113 1978 2175 δὲ
2024 2110 2115 2176 ὡς
2158 2109 2291 2174 ἀπὸ
2335 2114 2453 2174 τοῦ
2497 2113 2908 2189 περιπατοῖμι
2953 2128 3230 2189 περιπα-

634 2212 814 2291 τοίην
859 2215 1017 2279 κατὰ
1058 2218 1307 2295 τροπὴν
1350 2219 1464 2294 τῆς
1518 2221 1584 2294 ῖι
1627 2214 1717 2281 εἰς
1757 2217 1870 2298 ἦν,
1926 2213 2043 2278 τὸν
2100 2212 2301 2277 αὐτὸν
2356 2211 2603 2290 τρόπον
2654 2213 2756 2277 καὶ
2799 2210 2931 2278 ἀπὸ
2974 2215 3093 2276 τοῦ
3139 2210 3232 2275 εἴ-

636 2319 805 2394 δοιμι
849 2315 1091 2396 εἰδοίην
1135 2319 1240 2383 καὶ
1293 2318 1523 2396 εἰδείην
1569 2318 1726 2383 κατὰ
1769 2318 2018 2395 τροπὴν
2074 2319 2192 2379 τοῦ
2247 2317 2285 2378 ὃ
2332 2314 2420 2378 εἰς
2464 2317 2513 2378 ἒ.
2601 2314 2716 2381 ἐὰν
2773 2315 2845 2379 δὲ
2890 2315 2972 2392 μὴ
3016 2312 3232 2378 οὕτως

634 2415 783 2500 ἔχῃ,
841 2418 1223 2503 βαρύνεται,
1265 2419 1399 2485 ἐὰν
1445 2420 1736 2499 δράμω·
1796 2409 2061 2500 δραμεῖν
2106 2417 2228 2494 γὰρ
2273 2417 2376 2481 καὶ
2418 2416 2749 2499 δράμοιμι,
2804 2415 2945 2481 ἐὰν
3000 2413 3230 2495 φύγω

530 2526 599 2578 20
634 2522 870 2598 φυγεῖν
914 2521 1018 2585 καὶ
1060 2521 1344 2601 φύγοιμι.
3118 2509 3128 2518 ”

803 2620 898 2685 T&
942 2622 1209 2700 δεύτερα
1253 2625 1355 2688 καὶ
1395 2624 1573 2701 τρίτα
1616 2623 1792 2688 ἑνικὰ
1835 2629 1967 2686 τῶν
2007 2621 2336 2699 ὁριςτικῶν
2383 2621 2689 2700 ὁμοτονεῖ
2740 2624 2879 2686 τοῖς
2921 2620 3231 2700 πρώτοις,

635 2721 751 2788 ἐὰν
796 2722 1205 2808 ἰςοςυλλαβῇ,
1264 2726 1461 2792 λείπω
1508 2726 1804 2791 λείπεις
1850 2723 2138 2806 λείπει,
2193 2730 2364 2790 ποιῶ
2407 2725 2667 2788 ποιεῖς
2709 2724 2943 2788 ποιεῖ.
3030 2721 3107 2785 τὸ
3145 2722 3234 2786 ,δὲ

634 2829 817 2890 πνεῖ
869 2828 973 2890 καὶ
1027 2824 1149 2905 ῥεῖ
1201 2828 1304 2891 καὶ
1354 2831 1536 2892 πλεῖ
1591 2827 1710 2893 οὐκ
1763 2828 2175 2907 ἰςοςυλλαβεῖ.
2273 2826 2447 2891 οὕτω
2509 2827 2613 2890 καὶ
2679 2825 2785 2890 ἐπὶ
2847 2825 3232 2906 μέλλοντος,

633 2928 849 3006 νοήςω
905 2929 1215 3006 νοήςεις
1271 2929 1536 3007 νοήςει
1592 2930 1694 2993 καὶ
1738 2929 1844 2994 ἐπὶ
1901 2928 2373 3011 ὑποτακτικῶν,
2430 2928 2545 2993 ἐὰν
2591 2928 2760 3003 λέγω
2805 2927 2943 2991 ἐὰν
2987 2924 3232 3009 λέγῃς

528 3036 595 3089 25
633 3023 770 3094 ἐὰν
822 3030 1040 3113 λέγῃ,
1087 3030 1201 3095 ἐὰν
1249 3035 1405 3109 βοῶ
1453 3036 1640 3114 βοᾷς
1688 3035 1847 3114 βοᾷ.

800 3130 896 3195 Τὰ
939 3130 1028 3195 εἰς
1070 3134 1138 3208 [fi
1193 3133 1477 3211 λήγοντα
1531 3132 1810 3211 ὁριςτικὰ
1865 3131 2382 3213 ἀποςτρέφονται
2425 3134 2541 3210 τὴν
2588 3131 2802 3198 ὀξεῖαν
2858 3122 3065 3210 τάςιν,
3121 3129 3230 3191 καὶ

631 3233 711 3296 τὰ
753 3233 932 3311 τρίτα
975 3232 1358 3312 ὁμοτονοῦςι
1402 3237 1538 3298 τοῖς
1585 3234 1767 3299 ἰδίοις
1810 3234 2125 3317 πρώτοις,
2169 3235 2374 3312 τίθημι
2418 3234 2633 3310 τίθης
2676 3233 2953 3313 τίθηςι,
2998 3231 3230 3308 δίδωμι

633 3334 867 3399 δίδως
912 3333 1209 3400 δίδωςι’
1254 3336 1655 3417 ςεςημείωται
1699 3335 1859 3416 φημί
1904 3338 2055 3419 φῄς
2100 3336 2315 3418 φηςί,
2362 3335 2481 3414 εἰμί
2526 3333 2639 3400 εἴς
2684 3332 2756 3401 εί
2799 3333 2973 3400 ἐςτί.

630 3590 669 3642 l.
710 3593 737 3640 1
775 3590 896 3654 ipse
932 3592 1165 3657 apposui
1201 3593 1347 3641 ποιῶ
1386 3588 1618 3643 ἐποίουν
1656 3596 1712 3642 et
1746 3592 1783 3642 1.
1808 3594 1839 3640 2
1878 3608 1947 3642 ex
1985 3590 2180 3642 Choer.
2206 3594 2304 3642 796
2341 3591 2589 3643 ἔτυπτον
2626 3588 2725 3641 ἐὰν
2748 3576 2979 3651 τύπτω,
3018 3587 3226 3649 ἔλεγον

633 3656 732 3709 ἐὰν
767 3655 920 3720 λέγω
960 3666 1015 3709 et
1050 3660 1084 3708 l.
1121 3662 1152 3709 3
1189 3657 1399 3722 ἔμαθον
1435 3687 1502 3695 -
1539 3658 1638 3711 ἐὰν
1674 3657 1841 3710 πάθω
1880 3666 1937 3710 et
1972 3658 2127 3710 εἶδον
2164 3657 2264 3710 ἐὰν
2287 3656 2391 3710 ἴδω
2430 3666 2486 3708 et
2521 3656 2767 3709 πέποιθα
2804 3657 2903 3709 ἐὰν
2939 3654 3224 3708 πεποίθω.

631 3732 688 3776 et
721 3726 758 3777 1.
796 3727 827 3774 θ
863 3725 1294 3790 περιςπώμενον
1330 3754 1394 3765 -
1432 3728 1475 3780 Α
1513 3730 1612 3778 515
1647 3732 1706 3779 et
1742 3728 2156 3779 annotationem
2200 3727 2269 3777 de
2314 3725 2537 3789 εἴδομεν
2584 3743 2652 3777 ex
2698 3726 2889 3777 eodem
2936 3730 2993 3776 et
3024 3724 3091 3775 ΙΙ.
3126 3726 3225 3775 Pr.

631 3792 673 3845 Α
712 3795 840 3844 363:
880 3791 1127 3857 εἷδομεν;
1167 3795 1657 3860 προπαροξύνεται
1692 3794 1762 3845 τὸ
1800 3792 2025 3858 εἴδομεν
2061 3793 2176 3845 ἀπὸ
2215 3794 2527 3859 βαρυτόνου
2561 3796 2665 3844 τοῦ
2704 3791 2855 3845 εἴδω.
2925 3791 2993 3842 ού
3030 3793 3223 3854 θαῦμα

628 3859 717 3925 δέ,
756 3858 807 3912 εί
839 3861 909 3912 τὸ
945 3861 1088 3912 αὐτὸ
1124 3863 1215 3913 καί
1253 3862 1332 3914 ὡς
1369 3862 1682 3927 βαρύτονον
1718 3863 1809 3913 καὶ
1856 3861 1935 3914 ὡς
1981 3862 2412 3928 περιςπώμενον
2459 3860 2659 3913 κλίνει·
2704 3861 2740 3924 ἢ
2785 3860 2874 3914 ὅτι
2918 3858 3043 3911 ἀντὶ
3078 3858 3222 3910 ὑπο-

628 3931 895 3981 τακτικοῦ
935 3928 1047 3981 ὲςτι
1085 3931 1176 3981 καί
1213 3930 1248 3993 ή
1288 3932 1524 3995 ςυςτολὴ
1561 3928 1810 3982 ἀνέδωκε
1850 3931 1968 3983 κτλ.
2173 3931 2207 3981 1.
2248 3934 2305 3981 11
2363 3947 2460 3996 pro
2496 3929 2856 3993 ἑγκαταλιπῶ
2896 3929 3094 3992 scripsi
3130 3925 3222 3988 ἑγ-

630 3998 1019 4078 καταλειφθιῖι,
1058 4014 1183 4049 eum
1205 4000 1447 4058 aot-istus
1473 3996 1851 4081 ἑγκατελίπην
1885 4000 2112 4064 ignotus
2150 3999 2247 4060 sit3
2285 3999 2321 4048 l.
2352 4002 2411 4049 13
2449 3996 2549 4048 ἐὰν
2585 3997 2739 4061 δαρῶ
2765 4023 2833 4033 -
2856 3992 3084 4076 δαρείην
3109 3995 3222 4045 hue

626 4063 2221 4204 ssssrssqufissssfflss⁸„fffiffisssssziffisswvffi‘ffmfizffiz'}
2232 4063 3220 4196 ‘253352332‘23233330335333‘3

626 4200 725 4251 sed
762 4200 1115 4265 aliquatenus
1140 4202 1440 4265 diversum,
1480 4203 1637 4253 cuius
1671 4204 1893 4266 generis
1929 4207 2015 4252 est
2049 4200 2148 4254 ἐὰν
2185 4198 2318 4252 εἰδῶ
2352 4198 2587 4265 εἰδείην,
2627 4214 2770 4266 quae
2795 4199 3061 4251 substitui
3093 4213 3218 4248 eum

628 4268 1000 4387 Ξέρέίοῖίίοιιῗ
1039 4270 1233 4387 Οίίοοτ.
1274 4272 1510 4350 797,.20.
1606 4338 1625 4387 ¹
1675 4270 1814 4389 {821
1857 4268 2010 4387 ἑνικςίὶ
2046 4269 2265 4332 addidi,
2303 4271 2664 4388 qtsliahgogtea:
2700 4268 2912 4349 insequi
2947 4281 3218 4385 (381ὲῖιέξέ

627 4352 1436 4470 „p00?{1¹21<¹'1¹22331¹¹31m2{21
1504 4377 1639 4456 1110·
1659 4350 2528 4456 et123‘3ss⁶3{⁰32„33¹m2003122u¹
2559 4351 2881 4454 farffiffl
2911 4350 3218 4453 sssss‘ssnonem

631 4472 804 4523 fuisse
841 4489 908 4523 ex
945 4472 1142 4523 Choer.
1181 4473 1308 4537 852,
1345 4476 1410 4524 33
1447 4472 1699 4523 concludi
1746 4478 1958 4537 potest,
2003 4474 2099 4523 ubi
2137 4473 2302 4539 longa
2338 4478 2425 4523 est
2458 4471 2731 4537 expositio
2767 4469 3070 4535 Apollonii,
3104 4470 3220 4534 iqui

626 4541 837 4591 refutat
868 4556 992 4602 eon,
1031 4542 1125 4605 qui
1161 4539 1215 4591 εἶ
1250 4557 1350 4606 per
1384 4541 1659 4606 apobolen
1685 4541 1881 4591 literae
1917 4543 1950 4592 ’ς’
1986 4546 2162 4590 ortum
2197 4545 2417 4605 putent,
2455 4555 2619 4605 quum
2655 4537 2890 4604 apobole
2925 4543 3218 4588 noeentum

628 4624 741 4659 non
776 4612 978 4671 mutet,
1026 4615 1084 4659 et
1126 4615 1422 4675 praeoptat
1458 4607 1886 4659 declinationem
1932 4610 2001 4658 ab
2049 4608 2209 4670 ἔομαι
2245 4607 2310 4673 ἔῃ
2350 4607 2426 4659 ἔει
2474 4606 2557 4669 εἶ,
2605 4622 2934 4671 quamquam
2977 4606 3099 4670 ipse
3138 4605 3220 4655 fa·

626 4680 779 4727 tetur
814 4682 871 4726 et
905 4676 965 4726 id
999 4677 1179 4742 ipsum
1213 4678 1473 4727 abnorme
1512 4692 1660 4738 esse,
1700 4691 1864 4741 quum
1899 4675 1971 4727 τὰ
2005 4675 2319 4740 ὑπαρκτικὰ
2356 4690 2634 4741 nunquam
2671 4674 2894 4740 passive
2929 4673 3218 4737 proferan-

627 4749 734 4794 tur.
782 4745 1004 4795 Finitur
1037 4745 1175 4795 haee
1210 4745 1507 4809 explicatio
1546 4744 1809 4795 Characis
1845 4744 2078 4808 placito:
2117 4742 2268 4805 λέγει
2303 4742 2407 4794 οὖν
2444 4743 2477 4794 ὁ
2512 4740 2694 4806 Χάραξ
2730 4742 2820 4793 ὅτι
2855 4739 2997 4792 κατὰ
3030 4738 3218 4792 πάθος

624 4809 827 4872 γέγονε
862 4812 933 4862 τὸ
970 4811 1023 4862 εἶ
1059 4811 1174 4862 ἀπὸ
1209 4814 1314 4862 τοῦ
1353 4810 1432 4862 εἷς
1469 4810 1723 4877 ἀποβολῇ
1769 4814 1873 4861 τοῦ
1911 4814 1944 4862 ἰ
1980 4812 2070 4862 καὶ
2107 4809 2480 4875 περιεςπάςθη
2524 4811 2597 4861 τὸ
2643 4809 2696 4860 εἴ
2741 4811 2844 4860 τοῦ
2892 4805 2972 4859 εἷς
3017 4806 3218 4859 ὁξυνο-

628 4876 826 4941 μένου,
863 4878 1055 4943 ἐπειδὴ
1093 4876 1171 4931 είς
1208 4881 1529 4944 χαρακτῆρα
1577 4877 1841 4931 ἐνέπεςεν
1884 4877 2236 4933 ἀπαιτοῦντα
2281 4876 2718 4944 περιςπωμὲνην
2760 4874 2939 4930 τάςιν·
2985 4874 3057 4927 τὰ
3103 4875 3217 4940 γὰρ
