3664 5546
1209 444 1367 500 ΠΕΡΙ
1407 444 1800 499 ΚΑΘΟΛΙΚΗ(
1835 444 2256 499 ΠΡΟΕΩιΔΙΑΕ
2300 445 2346 497 Γ.
2984 446 3068 509 69

474 618 820 698 Δαδίκη(
875 617 1064 683 ἔθνος
1118 617 1449 696 Περςικόν.
1549 615 1900 695 Ἡρόδοτος
1957 615 2192 700 ἑβδόμῃ
2243 616 2327 699 (ο.
2370 616 2496 697 66).
2600 617 3066 699 Ὀξυδράκης

473 723 662 788 ἔθνος
708 720 999 804 Ἰνδικόν’,
1052 721 1177 800 ἀφ’
1232 720 1326 785 ὧν
1372 721 1573 786 (ώςας
1620 719 2042 799 Ἀλέξανδρον
2082 721 2491 800 Πτολεμαῖος
2547 722 2753 800 ςωτὴρ
2805 721 3065 801 ἐκλήθη·
3172 758 3179 765 -

474 824 535 889 οἱ
579 827 649 889 δὲ
695 827 941 904 ψεῦδος
983 824 1060 888 τὸ
1102 825 1248 903 περὶ
1274 828 1406 888 τῶν
1438 823 1858 902 Ὀξυδρακῶν.
1915 823 2351 904 Δερβίκκης
2396 822 2585 888 ἔθνος
2620 824 2888 903 πληςίον
2933 828 3065 890 τῶν

473 927 821 1006 Ὑρκανῶν.
910 926 1347 991 Ἀπολλώνιος
1392 925 1463 990 δὲ
1509 925 1603 991 δί(
1647 926 1724 990 τὸ
1780 928 1817 989 ι’(
1869 930 2080 990 καλῶς
2128 924 2383 1005 γράφει.
2474 926 2734 1005 Κτηςία(
2779 928 2849 991 δὲ
2894 927 3061 1006 Δερ-

473 1030 718 1110 βιςςοὺ(
762 1026 1000 1094 αὐτούς
1043 1049 1236 1108 φηςιν
1279 1028 1317 1107 ἢ
1363 1026 1755 1108 Τερβιςςούς.
1841 1026 2378 1107 Καππαδόκης.
2422 1026 2775 1107 Ἡρόδοτος
2820 1029 2892 1094 δέ
2936 1051 3059 1110 φη-
3090 1034 3122 1085 5

471 1152 567 1197 (ιν
620 1128 683 1212 (Ι
729 1129 856 1211 72).
947 1130 1195 1206 λέγεται
1251 1132 1352 1195 καὶ
1423 1130 1798 1196 Καππάδοξ·
1835 1131 1937 1195 καὶ
2005 1130 2446 1195 Καππάδοκος.
2560 1130 3064 1212 Καραμβύκης

469 1235 658 1299 ἔθνος
703 1233 1157 1313 Ὑπερβορέων
1214 1231 1344 1297 ἀπὸ
1398 1236 1692 1313 ποταμοῦ
1753 1231 2130 1312 Καραμβύκα
2185 1233 2276 1298 ὼ(
2320 1232 2645 1298 Ἑκαταῖος
2699 1232 2738 1298 ὁ
2785 1234 3062 1315 Ἀβδηρί-

470 1357 597 1416 της.
669 1335 1138 1414 Παυςὰρκη(
1182 1335 1372 1401 ἔθνος
1419 1335 1547 1399 ὑπὸ
1592 1335 1708 1399 τὸν
1765 1332 2107 1400 Καύκαςον.
2195 1334 2742 1418 Πολυδεύκης,
2796 1337 3061 1401 Πολυ-

469 1439 747 1518 νείκης.
836 1436 1174 1518 βαρύνεται
1230 1439 1300 1501 δὲ
1355 1438 1457 1501 καὶ
1500 1436 1619 1502 ὅςα
1663 1437 1839 1516 παρὰ
1883 1435 2050 1516 ῥῆμα
2104 1438 2572 1519 προςηγορικά,
2626 1438 3061 1521 ἱερονίκης,
3108 1498 3129 1513 „

469 1540 1092 1619 Ὀλυμπιονίκης.
1180 1540 1261 1603 τὰ
1316 1540 1390 1603 δὲ
1444 1538 1701 1603 ἐπίθετα
1747 1537 2039 1606 ὀξύνεται
2080 1541 2614 1622 πολυδευκής,
2681 1544 3058 1607 πολυνει-
3100 1547 3164 1599 10

469 1644 604 1721 κή(
648 1643 818 1721 πλὴν
862 1645 994 1706 τῶν
1039 1638 1219 1719 παρᾶ
1256 1641 1333 1705 τὸ
1377 1639 1552 1720 ἀρκῶ
1596 1639 2021 1723 αὐτάρκης,
2066 1642 2483 1722 ποδάρκης.

637 1745 730 1809 Τὰ
789 1743 877 1809 εἰ(
925 1728 1037 1822 λ-η(
1084 1742 1452 1825 βαρύνεται,
1508 1742 1565 1805 εἰ
1618 1742 1723 1807 διὰ
1779 1746 1898 1807 τοῦ
1952 1763 2106 1822 ητο(
2161 1745 2201 1822 ἢ
2247 1744 2353 1809 διὰ
2405 1749 2524 1810 τοῦ
2580 1748 2659 1812 δῦ
2714 1746 3060 1829 κλίνονται,

469 1848 817 1925 Ἐπιάλη(
892 1846 1297 1927 Ἐπιάλητος,
1382 1842 1461 1908 οὗ
1545 1848 1759 1923 χρῆςι(
1838 1846 2013 1924 παρὰ
2090 1846 2391 1927 (ώφρονι
2478 1847 2626 1913 οἷον
2704 1848 3060 1928 «Ἡρακλῆς

468 1950 818 2028 Ἠπιάλητα
871 1947 1158 2025 πνίγων»
1221 1947 1628 2026 Κεφάλλη(
1690 1948 2103 2028 Κεφάλλητο(
2168 1947 2376 2028 ὄνομα
2443 1949 2696 2033 κύριον,
2754 1951 3061 2031 Ἀκέλη(

467 2052 798 2131 Ἀκέλητο(
854 2050 1063 2131 ὄνομα
1105 2053 1427 2128 ποταμοῦ·
1484 2049 1610 2113 ἔςτι
1666 2051 1768 2114 καὶ
1818 2050 2007 2116 πόλις
2052 2051 2305 2130 Ἀκέλη(
2361 2053 2464 2115 καὶ
2514 2052 2552 2116 ὸ
2596 2052 2860 2133 πολίτης
2904 2053 3058 2134 ὁμο-
3098 2061 3161 2113 15

465 2155 721 2234 φώνως.
810 2152 1175 2218 Ἑλλάνικος
1230 2153 1298 2216 δ’
1351 2143 1533 2216 εἶπεν
1588 2178 1614 2209 «
1630 2151 1718 2217 εἰς
1761 2153 1955 2217 πόλιν
2009 2153 2340 2235 Ἀκέληνν·
2405 2154 2598 2233 ἐχρῆν
2644 2157 2715 2219 δὲ
2760 2156 3060 2235 Ἀκέλητα

465 2256 647 2322 εἶναι.
701 2256 871 2320 ἔοικε
916 2256 987 2320 δὲ
1036 2254 1318 2330 λέγεςθαι
1350 2252 1481 2318 ἀπὸ
1529 2254 1789 2319 Ἀκέλου
1834 2258 1951 2319 τοῦ
1996 2254 2385 2334 Ἡρακλέους
2428 2257 2532 2322 καὶ
2578 2258 2867 2325 Μαλίδος
2910 2278 3056 2324 παι-

466 2360 607 2441 δός,
651 2357 890 2435 δούλης
935 2359 1047 2435 τῆς
1095 2354 1448 2438 Ὀμφάλης,
1495 2357 1585 2423 ὡ(
1630 2356 2010 2422 Ἑλλάνικος.
2100 2357 2417 2438 Ἀμέλης
2463 2359 2803 2439 Ἀμέλητο(
2847 2360 3057 2439 ὄνομα

464 2465 779 2542 ποταμοῦ,
825 2459 1202 2539 Τρεμίλη(
1234 2459 1546 2538 Τρεμίλου
1592 2460 1693 2524 καὶ
1715 2458 2133 2539 Τρεμίλητος,
2177 2458 2305 2539 ἀφ’
2334 2458 2414 2525 οὗ
2458 2461 2497 2539 ἡ
2527 2461 2720 2527 Λυκία
2764 2461 3055 2528 ἐκαλεῖτο

465 2564 732 2643 Τρεμίλη
780 2564 871 2627 ὡς
915 2561 1238 2628 Πανύαςι(
3090 2569 3158 2621 20

764 2665 920 2730 ἔνθα
965 2665 1032 2729 δ’
1075 2663 1248 2728 ἔναιε
1292 2663 1487 2742 μέγας
1531 2663 1837 2742 Τρεμίλη(
1880 2664 1984 2728 καὶ
2027 2663 2220 2743 ἔγημε
2266 2662 2582 2747 θύγατρα,

764 2765 1023 2848 νύμφην
1068 2763 1399 2848 Ὠγυγίην,
1443 2767 1520 2845 ἣν
1563 2765 1949 2847 Πραξιδίκην
1991 2765 2346 2849 καλέουςιν,

765 2870 967 2952 (ίβρῳ
1011 2870 1120 2934 ἐπ’
1164 2868 1460 2952 ἀργυρέῳ
1505 2874 1773 2951 ποταμῷ
1817 2870 1993 2948 παρὰ
2037 2869 2344 2950 δινήεντι·

763 2976 875 3050 τῆ(
920 2973 985 3037 δ’
1030 2971 1220 3036 ὀλοοὶ
1261 2973 1485 3035 παῖδε(
1528 2969 1752 3036 Τλῶο(
1796 2970 2053 3036 Ξάνθο(
2095 2971 2381 3051 Πίναρός
2422 2993 2492 3037 τε

766 3077 868 3139 καὶ
915 3075 1194 3156 Κράγος,
1239 3073 1312 3138 ὃ(
1357 3072 1642 3151 κρατέων
1688 3073 1892 3138 πάςας
1938 3074 2175 3153 ληῖζετ’
2221 3073 2518 3154 ἀρούρας.
3089 3086 3155 3136 25

462 3181 781 3244 Ἑκαταῖος
825 3176 1132 3258 Τρεμίλας
1175 3176 1329 3241 τοὺ(
1375 3179 1826 3240 κατοικοῦντας
1874 3178 2053 3242 καλεῖ
2107 3177 2177 3244 ἐν
2224 3177 2505 3262 τετάρτῳ
2560 3183 2692 3243 τῶν
2749 3183 3050 3257 γενεαλο-

461 3286 654 3363 γιῶν,
701 3279 1116 3357 Ἀλέξανδρος
1171 3279 1243 3342 δὲ
1297 3277 1641 3357 Τρεμιλέας
1698 3279 2115 3357 «τελευτήςας
2172 3281 2326 3346 τοὺς
2382 3280 2727 3360 Τρεμιλὲα(
2781 3282 3052 3347 Λυκίους

462 3377 988 3462 Βελλεροφόντης
1032 3380 1477 3460 μετωνόμαςεν
1493 3404 1537 3445 ».
1611 3380 1964 3459 Ἡρόδοτος
2006 3383 2078 3446 δὲ
2122 3382 2430 3462 Τερμίλας
2475 3384 2712 3449 αὐτοῦ(
2758 3388 2937 3449 καλεῖ
2980 3385 3050 3450 ἐν

462 3488 698 3568 πρώτῳ
742 3485 827 3566 (ο.
877 3482 1042 3564 173).
1131 3483 1169 3547 ὁ
1214 3484 1286 3548 δὲ
1330 3483 1689 3564 χρηςμὸ(·ὸ
1743 3485 1891 3562 περὶ
1934 3484 2149 3550 αὐτῶν
2194 3485 2538 3565 Τερμιλέας
2591 3486 2829 3552 αὐτούς
2879 3508 3050 3567 φηςι.

461 3586 935 3667 Δημομέλη(
978 3585 1388 3665 Δημομέλου.
1451 3585 1776 3666 Ἀψίλης
1821 3585 2012 3652 ἔθνος
2059 3587 2363 3653 (κυθικὸν
2407 3588 2765 3664 γειτνιάζον
2795 3589 3050 3671 Λαζοῖς,
3086 3596 3154 3648 30

465 3693 552 3756 ὼς
599 3689 927 3767 Ἀρριανὸς
979 3688 1051 3752 ἐν
1105 3686 1395 3771 περίπλῳ
1449 3692 1567 3752 τοῦ
1613 3688 1910 3753 Εὐξείνου
1965 3689 2211 3754 πόντου
2267 3691 2358 3775 (p.
2412 3689 2531 3770 12).
2623 3690 2967 3770 Μυτίλης
3012 3691 3051 3755 ὁ

464 3792 731 3870 οἰκιςτὴς
785 3793 897 3868 τῆς
953 3790 1345 3867 Μυτιλήνης·
1411 3785 1824 3869 Δαςκύλη(
1879 3791 1917 3855 ὁ
1975 3792 2112 3857 υἱὸ(
2155 3792 2554 3875 Περιαύδου,
2608 3793 2735 3874 ἀφ’
2790 3792 2869 3858 ού
2914 3794 3049 3858 Δα-

462 3894 715 3961 (κύλιον
760 3892 948 3958 πόλις
992 3890 1235 3970 Καρίας.
1293 3891 1609 3972 Ὀζόλη(
1640 3892 1848 3960 ἔθνος.
1904 3893 2170 3972 Λοκρῶν
2216 3899 2430 3975 μοῖραι
2475 3899 2646 3974 τρεῖς
2691 3896 2842 3962 εἰςιν
2888 3896 3050 3960 Ἐπι-

595 4135 632 4186 1.
673 4137 698 4184 1
744 4128 990 4195 Δαδίκη(
1039 4147 1107 4182 ex
1145 4133 1227 4184 St.
1277 4133 1340 4182 B.
1380 4133 1503 4194 216,
1542 4135 1599 4195 5,
1659 4131 1998 4197 Ὀξυδράκη(
2044 4135 2169 4196 494,
2221 4137 2275 4197 1,
2330 4130 2639 4199 Δερβίκκης
2684 4135 2807 4192 226,
2849 4135 2899 4193 1,
2954 4135 3051 4184 ubi

460 4203 699 4256 Meinek.
738 4218 836 4268 pro
875 4197 1259 4252 Ἀπολλώνιος
1304 4201 1473 4250 scribi
1517 4201 1638 4252 vult
1677 4200 2109 4267 Ἀπολλόδωρος
2156 4208 2214 4253 et
2255 4203 2435 4268 ipsum
2472 4200 2747 4268 Δερβίκη(
2794 4217 2893 4267 per
2927 4203 3049 4254 sirn-

461 4273 589 4338 plex
623 4287 657 4322 κ
694 4267 1063 4321 exhibendum
1101 4274 1157 4318 et
1205 4284 1301 4332 pro
1340 4269 1526 4320 καλῶς
1575 4271 1762 4320 κακῶς
1809 4269 2120 4334 ponendum
2164 4272 2497 4337 suspicatur.
2568 4269 2946 4336 Καππαδόκης
2982 4287 3050 4321 ex

464 4343 544 4394 st.
585 4341 647 4393 B.
685 4341 800 4396 356,
841 4339 919 4394 15,
960 4333 1325 4402 Καραμβύκη(
1361 4339 1479 4400 357,
1515 4340 1565 4400 0,
1603 4336 1939 4402 Παυςάρκης
1977 4341 2093 4402 513,
2134 4340 2214 4390 13,
2287 4338 2656 4406 Πολυδεύκης
2693 4335 3046 4402 Πολυνείκης

463 4415 518 4458 et
554 4404 904 4468 πολυδευκής
940 4403 1277 4468 πολυνεικής
1324 4405 1519 4456 addita
1555 4411 1685 4456 sunt
1721 4422 1788 4456 ex
1823 4407 1948 4459 Arc.
1988 4408 2080 4468 27,
2122 4409 2242 4467 136,
2291 4406 2485 4458 Choer.
2524 4412 2618 4471 52,
2654 4410 2715 4468 7,
2763 4404 3047 4471 αὐτάρκης

464 4493 528 4526 ex
565 4475 761 4527 Choer.
798 4477 884 4536 54,
920 4475 1012 4535 25,
1059 4469 1338 4539 ἱερονίκη(
1378 4470 1811 4538 Ὀλυμπιονίκης
1860 4490 1927 4522 ex
1965 4475 2268 4526 Herodian.
2315 4476 2371 4525 in
2408 4477 2511 4527 An.
2550 4478 2653 4528 Ox.
2690 4478 2767 4527 IV
2804 4478 2930 4536 336,
2970 4477 3049 4526 16.

594 4561 630 4613 l.
671 4562 734 4609 12
779 4555 929 4623 apud
972 4555 1270 4607 Arcadium
1307 4559 1490 4609 exitus
1524 4562 1744 4608 tantum
1787 4558 1923 4623 ολη(
1970 4574 2092 4609 eum
2136 4560 2389 4626 exemplo
2437 4559 2668 4626 Ὀζόλης
2720 4566 3051 4611 memoratur

466 4629 796 4695 compositus
832 4640 954 4675 curn
990 4626 1380 4678 terminatione
1417 4629 1553 4690 ανῆ-ς
1590 4624 1897 4691 Μηριόνης.
1968 4627 2239 4692 Equidem
2277 4645 2542 4680 canonem
2579 4645 2645 4678 ex
2684 4628 2878 4679 Choer.
2905 4631 2988 4691 50,
3015 4630 3047 4678 8

465 4703 520 4747 et
554 4697 801 4759 Theogn.
837 4695 924 4754 43,
959 4696 1024 4744 33
1062 4694 1344 4748 constitui.
1419 4694 1678 4758 Ἐπιάλη(
1715 4696 1888 4746 habet
1922 4695 2222 4746 Herodian.
2262 4698 2319 4748 in
2354 4698 2459 4751 An.
2484 4698 2584 4749 Ox.
2618 4698 2695 4747 IV
2731 4699 2849 4758 336,
2885 4699 2949 4747 21
2989 4702 3047 4747 et

466 4764 673 4826 Choma,
712 4759 982 4825 Ἠπιάλη(
1017 4762 1276 4812 Eustath.
1313 4765 1438 4827 561,
1479 4764 1568 4814 18:
1615 4761 1679 4814 ἐν
1714 4765 1830 4814 τοῖς
1870 4762 2215 4829 Ἡρωδιανοῦ
2255 4769 2432 4817 κεῖται
2478 4765 2567 4815 καὶ
2605 4763 2846 4829 ἠπιάλη(
2884 4763 3045 4830 ἠπιά-

467 4833 631 4898 λητο(
668 4830 739 4883 οὗ
775 4831 987 4894 χρῆςις,
1025 4827 1160 4895 φηςί
1196 4832 1333 4894 κτλ.,
1375 4830 1669 4898 Κεφάλλης
1706 4847 1773 4882 ex
1793 4831 2035 4894 ‚Choer.‚
2076 4831 2305 4898 Ἀκέλη(
2344 4834 2540 4885 Choer.
2578 4839 2633 4884 et
2671 4833 2751 4883 St.
2790 4834 2852 4884 B.
2893 4849 2937 4884 s.
2975 4851 3044 4894 v.‚

470 4900 697 4964 Ἀμέλη(
725 4898 940 4954 Οὴοοτ..
966 4895 1241 4963 Τρεμίλη(
1268 4901 1350 4952 St.
1377 4902 1438 4951 B.
1464 4902 1582 4964 627,
1610 4903 1674 4951 10
1697 4906 1754 4950 et
1778 4902 1896 4962 633,
1921 4899 1983 4960 8,
2008 4899 2347 4966 Δημομέλη(
2373 4902 2568 4953 Choer.
2596 4903 2710 4962 142,
2735 4903 2784 4964 8,
2814 4899 3044 4966 Ἀψίλη(

467 4971 544 5018 St.
578 4971 640 5019 B.
682 4983 725 5017 s.
764 4982 842 5025 v.,
883 4963 1134 5032 Μυτίλης
1172 4969 1254 5022 St.
1290 4971 1352 5020 B.
1390 4972 1509 5034 465,
1545 4972 1599 5028 6,
1637 4967 1933 5034 Δαεκύλη(
1969 4973 2087 5032 220,
2128 4972 2218 5034 10,
2259 4968 2493 5035 Ὀζόλη(
2530 4968 2725 5021 Choer.
2766 4975 2823 5020 et
2859 4971 2939 5023 St.
2979 4971 3042 5020 B.
