3664 5546
1515 387 1937 438 PRAEFATIO.
2292 437 2303 450 ,
2783 391 3017 441 cmv

430 549 574 600 tum
630 537 931 602 instituta
984 539 1232 604 indicat
1277 540 1723 605 Herodianum
1781 552 1857 606 ut
1912 565 1977 627 p.
2023 543 2180 622 328,
2239 543 2280 604 9
2323 544 2574 624 Ἱεράφη
2628 546 2719 610 ιῙυς
2773 546 3018 626 Ἀνάφη

430 642 624 716 νῆςος
666 642 911 732 Λιβύης.
1001 640 1325 707 Ἑκαταῖος
1370 645 1747 722 περιηγήςει.

602 741 695 806 St.
726 742 802 809 B.
845 741 1007 824 388,
1060 741 1137 804 12
1185 745 1361 822 Κρῶς
1405 746 1590 811 πόλις
1633 745 1971 821 Αἰγύπτου.
2039 745 2385 818 Ἑκαταῖος
2408 749 2768 826 περιηγήςει
2800 746 3016 814 Ἀςίας.

427 842 673 906 Arcad.
726 842 878 924 126,
924 843 1008 907 25
1056 846 1235 923 Κρῶς
1281 846 1448 909 inter
1490 844 1948 932 monosyllaba
1989 847 2210 911 refert.

601 943 695 1008 St.
741 944 821 1008 B.
866 944 1025 1025 389,
1073 945 1113 1007 9
1161 948 1461 1027 Κυβέλεια
1505 949 1693 1012 πόλις
1743 949 1996 1013 Ἰωνίας.
2083 949 2406 1014 Ἑκαταῖος
2453 949 2633 1034 Ἀςίᾳ.
2710 950 3015 1028 Ἡρωδια-

427 1046 546 1109 νὸς
601 1048 670 1110 δὲ
719 1047 1000 1126 Κυβέλην
1060 1049 1210 1128 φηςὶ
1277 1050 1468 1113 πόλιν
1527 1048 1858 1132 Φοινίκης,
1929 1048 2098 1134 quod
2162 1050 2253 1113 sic
2314 1047 2820 1134 intellegendum
2883 1060 3014 1116 est:

428 1147 732 1226 Κυβέλεια
784 1169 867 1211 ex
924 1147 1257 1212 Hecataeo
1314 1148 1674 1234 protulerat
1730 1148 2149 1213 Herodianus
2205 1152 2271 1214 in
2330 1150 2699 1216 nominibus
2766 1153 2830 1215 in
2895 1173 3012 1234 εια,

427 1248 670 1328 Κυβέλη
716 1270 869 1313 vero
916 1248 982 1312 in
1025 1249 1396 1315 nominibus
1441 1250 1507 1314 in
1547 1239 1662 1331 λη,
1719 1248 2001 1314 fortasse
2056 1252 2379 1316 adnotans
2436 1253 2707 1316 eandem
2764 1253 3013 1316 formae

423 1349 852 1415 variationem
900 1349 966 1411 in
1013 1349 1137 1415 hoc
1181 1354 1438 1415 nomine
1484 1373 1626 1415 esse
1672 1359 1870 1437 atque
1915 1352 1981 1414 in
2027 1353 2365 1433 Ἀγάμμεια
2409 1355 2716 1437 Ἀγάμμη,
2777 1354 3013 1419 Μαντί-

420 1471 567 1515 νεια
612 1451 927 1534 Μαντίνη,
973 1452 1272 1538 quamvis
1318 1452 1620 1517 diversae
1664 1452 1861 1517 urbes
1906 1453 2168 1518 diversa
2211 1455 2427 1539 specie
2472 1452 2884 1519 denotentur.

596 1551 691 1615 St.
723 1551 798 1615 B.
832 1553 990 1634 565,
1028 1553 1109 1617 10
1147 1554 1291 1633 Cion
1336 1554 1522 1621 πόλις
1549 1555 1967 1638 Παμφυλίας,
2017 1556 2106 1621 ὡς
2135 1555 2458 1621 Ἑκαταῖος
2490 1555 2672 1640 Ἀςίᾳ.
2718 1555 3010 1639 Theogn.

429 1653 551 1714 109
709 1654 812 1719 Cib
860 1702 875 1717 .

561 1664 690 1819 'Si
737 1677 1006 1837 Β.η687,
1052 1756 1094 1820 5
1137 1755 1206 1818 in
1250 1755 1477 1821 eodem
1520 1756 1794 1822 articulo
1844 1759 2144 1838 Χαράδρα
2179 1757 2491 1822 Hecataei
2539 1767 2604 1821 et
2646 1756 3011 1822 Herodiani

419 1857 689 1920 nomina
730 1856 1123 1938 obveniunt,
1181 1879 1349 1944 quae
1405 1879 1533 1942 quo
1593 1858 1854 1924 vinculo
1907 1858 2253 1924 coniuncta
2296 1860 2461 1940 sint,
2518 1880 2651 1923 non
2705 1859 2834 1922 iam
2892 1857 3007 1922 du-

423 1956 601 2021 bium
648 1968 768 2022 est.

595 2059 688 2124 St.
737 2060 813 2123 B.
859 2060 1016 2140 380,
1062 2060 1145 2125 25
1193 2063 1579 2143 Κράμβουτις
1624 2062 1810 2128 πόλις
1855 2061 2214 2144 Αἰγύπτου,
2270 2061 2591 2127 Ἑκαταῖος
2647 2063 3007 2140 περιηγήςει

287 2225 302 2230 -
420 2160 668 2241 Λιβύης.
758 2161 1152 2240 Ἡρωδιανὸς
1197 2164 1300 2227 διὰ
1345 2169 1462 2229 τοῦ
1507 2167 1544 2226 ὃ
1590 2165 1825 2245 γράφει
1876 2164 2222 2243 Κράμβοτις
2276 2165 2866 2242 προπαροξυτόνως
2919 2165 3009 2228 ὡς

419 2265 689 2344 Ἀβοτις.
735 2261 798 2325 h.
848 2285 904 2326 e.
955 2261 1367 2328 Herodianus
1413 2265 1479 2328 in
1527 2263 1712 2329 Cath.
1764 2262 1951 2349 (Arc.
1998 2287 2060 2350 p.
2092 2264 2204 2348 35)
2251 2266 2502 2345 Ἄβοτις
2547 2275 2612 2329 et
2661 2264 3010 2346 Κράμβοτις

421 2366 490 2427 ἰῐι
547 2363 1106 2450 antepaenultima
1164 2367 1309 2429 acui
1376 2363 1615 2430 docens
1685 2366 1945 2432 dixerat
2003 2367 2349 2447 Κράμβοτις
2417 2368 2602 2431 πόλις
2668 2366 3006 2443 Αἰγύπτου.

420 2467 744 2531 Ἑκαταῖος
790 2468 859 2531 δέ
892 2516 905 2529 .
941 2514 955 2528 .
989 2518 1000 2530 .
1033 2517 1045 2531 .
1097 2468 1483 2547 Κράμβουτις
1513 2469 1693 2552 φηςί,
1738 2490 1865 2553 quo
1898 2491 2041 2532 cum
2075 2466 2215 2530 loco
2247 2466 2546 2530 conferas
2591 2467 2738 2547 347,
2777 2468 2850 2531 17
2892 2468 3006 2531 Κα-

422 2569 730 2650 λαμὲνθη,
774 2568 909 2646 ἥτις
954 2569 1057 2633 καὶ
1104 2569 1457 2648 Καλαμίνθη
1503 2569 1688 2634 πόλις
1716 2571 1963 2649 Λιβύης.
2021 2569 2344 2634 Ἑκαταῖος
2372 2570 2748 2647 περιηγήςει.
2805 2571 3005 2646 κρεῖτ-

421 2691 538 2734 τον
584 2669 704 2735 οὖν
752 2670 841 2735 ὡς
886 2669 1238 2748 Ἡρόδοτος
1282 2671 1388 2735 διὰ
1430 2676 1547 2736 τοῦ
1591 2674 1612 2735 i
1654 2670 1841 2735 πόλις
1883 2669 2201 2734 Φοινίκων
2247 2690 2455 2753 neque
2501 2666 2832 2732 Meinekio
2877 2688 3003 2734 non

420 2769 929 2858 adstipulaberis
983 2769 1356 2837 emendanti
1408 2771 1802 2852 Ἡρωδιανὸς
1862 2793 1977 2855 pro
2034 2771 2416 2853 Ἡρόδοτος,
2482 2792 2874 2856 quamquam
2938 2768 3005 2833 id

422 2894 551 2936 non
595 2874 663 2936 in
693 2872 1179 2958 Orthographia
1207 2894 1357 2937 eum
1404 2872 1651 2938 dixisse
1683 2896 1947 2938 necesse
1993 2882 2120 2953 est,
2167 2872 2283 2936 sed
2328 2871 2523 2959 etiam
2569 2871 2635 2933 in
2668 2869 3005 2936 Catholica

422 2974 518 3037 sic
573 2974 887 3059 scriptum
953 2996 1100 3038 esse
1155 2975 1394 3061 potuit:
1468 2976 1824 3056 Καλαμίνθη
1881 2975 2066 3040 πόλις
2129 2974 2465 3040 Φοινίκων.
2553 2974 2875 3039 Ἑκαταῖος
2935 2975 3007 3038 δὲ

423 3077 781 3156 περιηγήςει
827 3078 932 3141 διὰ
974 3080 1092 3140 τοῦ
1137 3078 1170 3139 ἒ
1213 3078 1366 3156 φηςί
1413 3078 1826 3157 «Καλαμένθη
1873 3078 2056 3141 πόλις
2100 3075 2386 3155 Λιβύης».

593 3177 701 3241 Ad
745 3176 1151 3243 Hecataeum
1206 3178 1380 3262 quod
1435 3179 1701 3255 attinet,
1759 3178 2011 3262 ingenti
2064 3198 2332 3241 numero
2392 3177 2841 3260 exemplorum
2899 3176 3007 3240 de-

423 3290 784 3343 monstrare
830 3279 1020 3343 nobis
1064 3277 1249 3343 licuit
1293 3279 1432 3343 eius
1479 3279 1854 3344 testimonia
1897 3302 1979 3342 ex
2024 3277 2402 3343 Herodiano
2449 3300 2484 3341 a
2518 3276 2851 3362 Stephano
2899 3300 3007 3341 ex-

420 3380 669 3465 scripta
713 3402 858 3444 esse
900 3402 1108 3468 neque
1138 3402 1403 3462 vereor,
1450 3403 1530 3444 ne
1574 3380 1755 3467 quie,
1799 3381 1973 3445 unde
2012 3380 2262 3466 reliqua
2292 3380 2604 3444 Hecataei
2638 3379 3013 3443 testimonia

419 3483 490 3545 in
535 3480 938 3567 Stephanum
980 3483 1308 3563 venerint,
1356 3482 1636 3547 dubitet.

593 3581 1102 3670 Hegesippus
1171 3583 1480 3648 laudatur
1544 3606 1584 3647 a
1651 3582 1884 3649 Choer.
1940 3583 2115 3648 Dict.
2182 3584 2329 3662 119,
2386 3581 2466 3646 27
2536 3581 2675 3646 scil.
2744 3590 3010 3646 auctore

423 3683 801 3749 Herodiano
845 3695 1132 3771 propter·
1160 3684 1663 3751 declinationem
1719 3706 1865 3749 voc.
1911 3684 2151 3750 (ατύας
2197 3684 2557 3749 (ατύαντος
2613 3685 2773 3765 παρ’
2823 3684 3010 3761 Ἡγη-

420 3789 667 3872 ςίππῳ,
713 3810 752 3851 a
796 3786 893 3852 St.
937 3785 1015 3850 B.
1061 3808 1189 3851 uno
1237 3787 1378 3851 loco
1421 3788 1731 3866 Παλλήνη
1776 3787 1962 3850 πόλις
2007 3787 2288 3868 Θρᾴκης,
2335 3784 2466 3850 ἀπὸ
2510 3785 2855 3863 Παλλήνης
2900 3787 3010 3862 τῆς

420 3889 702 3955 (ίδωνος
755 3890 871 3967 μὲν
925 3890 1239 3967 θυγατρὸς
1300 3889 1559 3953 Κλείτου
1625 3890 1695 3953 δὲ
1753 3889 2087 3968 γυναικός,
2155 3889 2245 3951 ὡς
2301 3886 2691 3964 Ἡγήςιππος
2747 3886 2819 3950 ἐν
2872 3887 3010 3948 τοῖς

418 3992 915 4068 Παλληνιακοῖς.

589 4089 1085 4157 Herodotus:
1145 4112 1411 4176 prorsus
1468 4111 1824 4174 congruere
1885 4090 1975 4154 St.
2034 4089 2107 4152 B.
2169 4088 2313 4168 337,
2364 4089 2438 4150 11
2495 4089 2579 4153 Ἴς
2635 4108 2781 4151 cum
2825 4084 3006 4149 Mon.

427 4194 539 4274 19,
591 4194 664 4256 11
710 4192 844 4256 iam
888 4213 1086 4276 supra
1131 4191 1339 4276 tetigi.
1428 4190 1601 4254 Hinc
1656 4188 2006 4254 concludas
2064 4211 2261 4274 quum
2316 4187 2730 4253 Herodianus
2790 4184 3009 4250 tradat

420 4294 486 4357 in
533 4291 611 4357 Il.
658 4293 846 4357 Ρτοε.
893 4293 949 4358 Ξ
980 4292 1104 4356 387
1152 4294 1309 4359 Ξόϊς
1354 4294 1394 4371 ἢ
1427 4292 1569 4385 ,Εάϊς
1613 4292 1868 4371 κείμενα
1910 4292 2071 4369 παρ’
2117 4290 2448 4373 Ἡροδότῳ
2495 4298 2562 4353 et
2601 4290 2651 4353 Λ
2682 4288 2805 4352 677
2852 4287 3009 4352 Ξόϊς

385 4398 523 4487 ,καὶ
566 4395 711 4460 (dic
752 4395 1061 4470 Αἰγύπτια
1120 4394 1281 4460 ὄντα
1335 4395 1438 4459 καὶ
1479 4393 1638 4472 παρ’
1685 4392 2016 4476 Ἡροδότῳ
2073 4390 2494 4476 (quamquam
2550 4389 2631 4453 de
2676 4390 2832 4454 Ξόϊς
2874 4410 3008 4451 mo-

419 4507 613 4561 nente
657 4494 934 4559 Lehrsio
979 4496 1183 4579 errat)
1228 4516 1332 4581 ap.
1366 4494 1460 4559 St.
1493 4493 1566 4558 B.
1616 4516 1668 4555 s.
1700 4493 1856 4557 Ξόϊς
1894 4503 1966 4556 et
2010 4492 2153 4557 (άϊς
2198 4490 2519 4556 Herodoti
2566 4488 3007 4554 testimonium

421 4597 742 4664 excidisse
788 4619 997 4683 neque
1045 4618 1245 4681 neges
1291 4594 1608 4660 Herodoti
1653 4592 1824 4657 locos
1884 4614 1987 4678 ap.
2037 4594 2130 4656 St.
2180 4591 2256 4656 B.
2313 4600 2724 4656 occurrentes
2782 4588 3007 4653 deberi

419 4698 782 4764 Herodiani
828 4698 1238 4780 Catholicae,
1285 4698 1352 4761 in
1404 4718 1535 4783 qua
1577 4694 1827 4778 largam
1882 4693 1968 4757 ad
2012 4693 2421 4758 Herodotum
2467 4690 2867 4777 provocandi
2898 4712 3003 4776 op-

421 4801 893 4887 portunitatem
936 4800 1247 4868 habebat.
