3664 5546
617 363 695 428 18
1555 362 1636 417 ΕΚ
1672 362 1812 416 ΤΩΝ
1855 360 2263 432 ΗΡΩΔΙᾼΝΟΥ

612 534 807 600 κλίςιν
853 533 983 599 ἀπὸ
1027 538 1137 612 τῆς
1182 534 1578 614 Ἀβοριγῖνος
1625 533 1873 598 εὐθείας
1921 533 2010 598 ὡς
2056 533 2403 598 Λεοντῖνος
2449 532 2956 610 Ἀκραγαντῖνος.
3032 530 3199 595 ἀλλὰ

609 636 955 701 Διονύςιος
1010 635 1049 700 ὁ
1104 635 1620 714 Ἁλικαρναςςεὺς
1676 636 2065 716 Ἀβοριγῖνες
2117 635 2220 699 καὶ
2266 634 2601 714 Ἀβοριγῖςι
2658 634 2848 714 φηςὶν
2912 633 3002 697 ὡς
3058 635 3197 696 δελ-

612 742 802 820 φῖςιν.
890 738 1015 802 ἔςτι
1062 739 1134 802 δὲ
1177 739 1281 810 καὶ
1324 739 1488 816 ἄλλη
1532 738 1722 803 κλίςις
1779 738 1851 803 ἐν
1901 742 2157 820 χρηςμῷ
2212 736 2496 819 κειμένη,
2552 736 2630 802 ὃν
2686 735 2882 800 αὐτὸς
2937 734 3198 812 παρατί-

609 844 784 932 θηςιν
843 836 907 923 (Ι
967 838 1090 923 19).
1193 840 1281 904 ώς
1335 841 1458 919 γὰρ
1515 839 1646 905 ἀπὸ
1702 843 1819 904 τοῦ
1888 843 2110 905 ναῦται
2177 839 2499 921 ναυτέων,
2555 837 2763 904 οὕτως
2819 835 3199 916 Ἀβοριγίναι

549 951 582 999 5
614 941 1090 1021 Ἀβοριγινέων·
1136 941 1267 1021 ἔχει
1313 942 1381 1006 δ’
1425 941 1463 1006 ὁ
1507 943 1781 1021 χρηςμός
1826 941 2061 1007 οὕτως·

1012 1042 1282 1123 ςτείχετε
1328 1043 1660 1124 μαιόμενοι
1707 1044 1982 1109 (ικελῶν
2029 1042 2420 1121 (ατουρνίαν
2464 1040 2648 1124 αἶαν,

1010 1145 1122 1224 ἠδ’
1166 1146 1614 1226 Ἀβοριγινέων
1665 1146 1983 1228 Κοτύλην,
2030 1145 2110 1210 οὗ
2154 1148 2348 1209 νᾶςος
2393 1142 2668 1227 ὀχεῖται,

1012 1247 1110 1312 οἷς
1155 1247 1608 1328 ἀναμιχθέντες
1654 1247 1923 1327 δεκάτην
1968 1247 2331 1326 ἐκπέμψατε
2378 1245 2627 1331 Φοίβῳ,

1010 1350 1114 1415 καὶ
1159 1349 1444 1431 κεφαλὰς
1492 1350 1762 1434 Κρονίδῃ
1808 1351 1913 1415 καὶ
1954 1356 2047 1434 τῷ
2092 1351 2282 1428 πατρὶ
2325 1348 2604 1429 πέμπετε
2649 1352 2852 1429 φῶτα.

512 1459 573 1511 10
610 1452 763 1518 ἀλλ’
823 1451 1017 1517 αὐτὸς
1083 1458 1174 1537 τῷ
1238 1457 1494 1536 χρηςμῷ
1560 1453 1641 1531 μὴ
1709 1451 2091 1531 πειθόμενος
2145 1454 2283 1516 ταῖς
2338 1451 2825 1531 προειρημέναις
2891 1450 3199 1530 ἐχρήςατο

609 1555 888 1619 κλίςεςιν.
978 1554 1245 1619 ςύνθετα
1301 1555 1372 1619 δὲ
1430 1554 1799 1636 βαρύνεται,
1858 1552 2211 1636 εὐάκτιν,
2269 1555 2721 1637 χρυςάκτιν,
2777 1553 3201 1632 τριγλώχιν

612 1658 702 1721 ὡς
746 1655 920 1735 παρὰ
952 1655 1260 1740 (ιμωνίδῃ
1308 1656 1691 1735 «τριγλώχιν
1737 1654 1986 1722 ὀϊςτός»
2033 1656 2135 1720 καὶ
2178 1655 2352 1734 παρὰ
2390 1656 2767 1739 Καλλιμάχῳ
2816 1657 3200 1735 «τριγλώχιν

609 1758 787 1843 ὀλοῷ
832 1761 1023 1837 νῆςος
1066 1758 1176 1822 ἐπ’
1221 1757 1634 1842 Ἐγκελάδῳ».

777 1963 872 2029 Τὰ
915 1962 1004 2028 εἰς
1050 1968 1127 2028 ὗν
1175 1959 1458 2041 λήγοντα
1505 1962 1842 2042 βαρύνεται
1875 1961 2207 2041 ἐξαιρέτως
2237 1962 2413 2040 παρὰ
2442 1964 2579 2026 τοῖς
2607 1961 2968 2045 Αἰολεῦςιν,
3002 1962 3199 2042 Φόρ-

509 2080 570 2130 15
607 2085 780 2148 κυν,
822 2065 1176 2146 Πόλτυν,
1209 2064 1502 2144 Γόρτυν
1548 2063 1756 2144 ὄνομα
1800 2064 2015 2142 ἥρωος
2058 2066 2161 2128 καὶ
2189 2065 2376 2129 πόλις
2410 2065 2679 2147 Κρήτης,
2730 2065 3010 2148 Κότυν,
3063 2064 3199 2130 Κά-

608 2188 792 2250 πυν,
839 2168 1111 2249 μόςυν,
1166 2167 1444 2231 τέκτυν
1491 2167 1527 2230 ὁ
1573 2167 1846 2248 τέκτων,
1902 2166 2203 2231 κίνδυν·
2261 2166 2433 2231 οὕτω
2480 2168 2550 2231 δὲ
2607 2167 2735 2246 ἔφη
2782 2167 3028 2247 (απφὼ
3085 2168 3201 2232 τὸν

609 2271 938 2336 κίνδυνον·
984 2269 1022 2333 ὁ
1060 2272 1222 2345 γοῦν
1268 2268 1557 2333 Ἀλκαῖος
1601 2271 1717 2348 τὴν
1764 2269 2021 2347 δοτικὴν
2066 2268 2193 2349 ἔφη
2238 2274 2331 2352 τῷ
2376 2268 2635 2334 κίνδυνι.

778 2473 872 2538 Τὰ
916 2472 1005 2539 εἰς
1051 2477 1145 2539 siff
1190 2473 1344 2538 τοὺς
1386 2475 1557 2552 τρεῖς
1603 2472 1956 2552 ἐπιδέχεται
2002 2473 2266 2556 τόνους,
2324 2472 2403 2537 τὰ
2449 2473 2562 2553 μὲν
2607 2474 2729 2553 γὰρ
2775 2472 3064 2542 ὀξύνεται
3114 2473 3203 2538 ὼς

505 2589 572 2639 20
608 2576 837 2659 αἰών,
891 2576 971 2640 ’τὰ
1027 2577 1098 2642 δὲ
1155 2575 1490 2658 βαρύνεται
1549 2575 1639 2640 ὡς
1692 2575 2060 2658 Πλάτων,
2116 2576 2195 2640 τὰ
2253 2576 2323 2639 δὲ
2380 2578 2750 2654 περιςπᾶται
2810 2577 2900 2641 ὡς
2955 2576 3202 2642 Ξενο-

613 2700 797 2760 φων.

779 2782 874 2847 Τὰ
918 2780 1005 2845 εἰς
1048 2786 1151 2846 ἰιι-ν
1194 2779 1490 2861 ἀρςενικὰ
1534 2780 1877 2860 διςύλλαβα
1929 2780 2427 2860 παραληγόμενα
2482 2784 2523 2845 ἆ
2567 2785 2789 2862 βραχεῖ
2840 2783 2879 2861 ἢ
2924 2786 2958 2846 ἒ
3016 2782 3202 2863 βαρύ-

611 2904 819 2967 νεται,
865 2885 945 2964 μὴ
1004 2882 1164 2948 ὄντα
1206 2882 1596 2964 περιεκτικά,
1653 2881 1915 2965 Φάων,
1966 2883 2213 2964 Κάων,
2275 2883 2567 2967 Κρέων,
2613 2883 2861 2966 Θέων,
2913 2885 3202 2966 Κλέων,

613 2976 848 3069 λέων,
897 2986 1146 3069 Νέων,
1190 2985 1394 3050 νεών
1440 2986 1511 3049 δὲ
1560 2984 1650 3050 ὡς
1693 2985 2116 3062 περιεκτικόν·
2165 2986 2468 3050 ώςαύτως
2513 2987 2583 3050 δ“ε
2624 2986 2726 3050 καὶ
2760 2986 2972 3051 Νεών
3017 2987 3204 3051 πόλις

493 3119 516 3141 x
613 3087 918 3152 Φωκίδος.
1008 3087 1359 3165 Ἡρόδοτος
1405 3085 1608 3170 ὀγδόῃ
1655 3086 1740 3170 (c.
1786 3084 1923 3169 32).

505 3204 571 3253 25
639 3260 651 3273 1
776 3189 881 3266 Τὰ,
914 3187 1001 3253 εἰς
1045 3191 1148 3253 Uv'
1190 3187 1691 3266 παραληγόμενα
1737 3190 1777 3250 ἇ
1831 3193 2050 3271 μακρῷ
2097 3188 2466 3270 βαρύνεται,
2510 3189 2703 3255 ’Ἀων
2759 3190 2949 3256 ἔθνος
3004 3192 3203 3256 Βοιω-

747 3378 784 3427 1.
823 3379 884 3427 11
922 3374 1224 3440 τριγλώχιν
1261 3403 1325 3409 -
1366 3371 1676 3439 Ἐγκελάδῳ
1722 3390 1791 3424 ex
1828 3373 2018 3425 Choer.
2059 3376 2185 3438 279,
2225 3379 2306 3428 13.
2347 3403 2410 3413 -
2446 3377 2694 3427 Eundem
2732 3394 3000 3429 canonem
3036 3379 3204 3431 habet

611 3447 676 3498 Ε.
713 3446 787 3495 Μ.
825 3448 940 3503 395,
978 3447 1068 3496 36:
1117 3443 1263 3508 εὔρις
1310 3441 1493 3494 κύων·
1538 3439 1611 3493 τὰ
1657 3439 1734 3494 είς
1782 3445 1835 3495 fv·
1885 3439 2263 3508 δικατάληκτα
2307 3441 2461 3495 ἁπλᾶ
2505 3441 2801 3497 ὀξύνονται
2845 3444 2932 3510 ῥίν
2971 3446 3061 3498 καὶ
3098 3443 3202 3511 ῥίς·

612 3511 662 3563 εἰ
697 3511 758 3563 δὲ
794 3510 1050 3575 ςύνθετα,
1088 3509 1499 3576 παροξύνονται
1536 3506 1660 3560 οἷον
1697 3509 1851 3574 εὔριν
1887 3510 2254 3576 καμπυλόριν.
2393 3513 2428 3563 1.
2458 3515 2521 3562 14
2559 3514 2627 3563 de
2664 3513 2891 3578 Φόρκυν
2919 3516 2992 3568 cf.
3018 3516 3085 3570 11.
3113 3518 3203 3569 Pr.

616 3580 654 3632 Ρ
692 3581 818 3630 218:
856 3578 1080 3644 Φόρκυν
1118 3579 1196 3631 ὡς
1234 3577 1466 3643 βότρυν,
1513 3576 1625 3653 ἀπ-’
1660 3576 1880 3630 εὐθείας
1929 3576 2007 3630 εἰς
2043 3582 2075 3632 ἱ
2112 3578 2415 3646 ληγούςης,
2454 3579 2487 3642 ή
2529 3580 2719 3644 μέντοι
2756 3580 3021 3647 Φόρκυνα
3060 3583 3204 3647 (312)

613 3647 889 3712 αἰτιατική
928 3647 1036 3699 ἀπ’
1072 3644 1290 3699 εὐθείας
1326 3648 1429 3711 τῆς
1467 3644 1545 3698 είς
1582 3664 1629 3698 ν.
1699 3646 1769 3698 τὸ
1805 3645 1867 3699 δὲ
1902 3651 2168 3700 τοιοῦτον
2202 3647 2343 3700 ἴδιον
2382 3652 2698 3714 ποιητικῆς·
2737 3649 2842 3713 οὐχ
2876 3649 3049 3713 ὑγιῶς
3086 3649 3146 3702 δὲ
3172 3651 3204 3702 ό

613 3712 948 3779 Τυραννίων
984 3712 1219 3768 ἐκτείνει
1254 3714 1323 3766 τὸ
1360 3720 1422 3778 υ’,
1461 3713 1585 3767 ἐπεὶ
1623 3713 1844 3781 εὑρέθη,
1884 3712 2044 3781 φαςί,
2084 3716 2173 3767 καὶ
2210 3716 2243 3780 ἠ
2286 3715 2473 3768 εὐθεῖα
2511 3716 2897 3784 ἐκτεινομένη·
2942 3718 3204 3784 «Φόρκυς

614 3782 685 3835 αὖ
724 3782 949 3847 Φρύγας
983 3783 1131 3848 ἦγε»
1179 3783 1265 3845 (ΙΙ.
1303 3786 1361 3845 2,
1399 3783 1549 3849 862)·
1597 3782 1710 3835 ἐκεῖ
1754 3782 1860 3847 γὰρ
1905 3782 1975 3834 τό
2021 3784 2228 3849 μέτρον
2275 3785 2640 3850 κατήπειγεν,
2689 3784 2885 3838 ἐνθάδε
2931 3785 2993 3837 δὲ
3038 3785 3205 3838 οὐδὲν

616 3850 953 3915 κατεπείγει.
1043 3853 1076 3902 l.
1099 3856 1161 3903 15
1187 3851 1367 3914 ὄνομα
1391 3851 1579 3915 ἥρωος
1603 3852 1675 3903 ad
1705 3849 1916 3915 Γόρτυν
1940 3851 2097 3903 addit
2121 3854 2364 3919 Theogn.
2385 3855 2468 3916 27,
2498 3857 2557 3904 17
2571 3872 2584 3915 ;
2611 3854 2824 3919 reliqua
2850 3856 3135 3918 St.B.212‚
3157 3858 3204 3906 2.

621 3919 821 3985 Κότυν,
863 3937 959 3987 pro
998 3936 1103 3986 quo
1130 3935 1389 3987 perverse
1429 3922 1694 3986 scriptum
1736 3918 1935 3983 Κόλυν,
1980 3919 2172 3972 Κάπυν
2208 3922 2451 3987 Theogn.
2478 3923 2561 3985 27,
2603 3924 2666 3973 17
2702 3922 2938 3981 adiecit;
2977 3924 3206 3973 Lobeck

618 3989 821 4041 Par-all.
861 3992 962 4039 200
996 3995 1110 4041 not.
1150 3991 1213 4039 15
1248 3987 1383 4038 haec
1419 3988 1632 4053 ignota,
1670 3988 1768 4038 sed
1809 3985 1985 4040 Κότυς
2021 3995 2076 4040 ct
2114 3987 2300 4041 Κάπυς
2338 3990 2625 4041 notissima
2663 4006 2782 4042 esse
2817 3996 3067 4042 annotat.
3228 4018 3234 4023 ·

753 4056 790 4108 1.
831 4058 892 4106 16
929 4053 1119 4109 κίνδυν
1155 4057 1401 4107 accessit
1432 4070 1498 4106 ex
1536 4056 1729 4107 Choer.
1764 4058 1883 4120 282,
1920 4059 2001 4107 31.
2136 4058 2173 4113 l.
2214 4061 2277 4109 18
2315 4059 2593 4110 Canonem
2627 4074 2691 4109 ex
2716 4061 2841 4109 Arc.
2875 4062 2956 4121 17,
2992 4063 3057 4110 21
3094 4059 3207 4110 hue

621 4126 846 4178 retraxi.
916 4125 1134 4175 Pariter
1170 4140 1358 4176 omnes
1405 4139 1676 4187 canones,
1717 4125 1811 4190 qui
1846 4129 2020 4190 agunt
2059 4125 2127 4176 de
2174 4127 2328 4178 exitu
2365 4128 2450 4179 (iffi
2498 4128 2868 4193 praecedente
2915 4127 3098 4179 vocali
3138 4144 3204 4177 ex

621 4194 726 4243 fine
762 4193 891 4244 libri
927 4194 1102 4259 primi,
1139 4193 1235 4243 ubi
1271 4208 1359 4258 ap.
1386 4191 1681 4244 Arcadium
1719 4199 1943 4259 praeter
1966 4194 2274 4246 Herodiani
2310 4210 2342 4244 a
2378 4196 2665 4248 vocalibus
2700 4196 2917 4246 initium
2945 4196 3208 4247 facientis

625 4261 1078 4312 consuetudinem
1114 4260 1292 4311 locum
1328 4261 1556 4326 habent,
1596 4260 1703 4311 huc
1739 4261 1927 4313 retuli.
2123 4263 2157 4313 l.
2198 4266 2400 4314 21-24
2435 4263 2633 4314 Arcad.
2674 4265 2753 4321 17,
2789 4266 2874 4317 26.
2944 4262 2981 4329 ἢ
3017 4266 3051 4314 ἓ
3086 4280 3206 4331 pro-

623 4335 746 4395 pter
780 4331 956 4395 ipsam
993 4329 1221 4380 canonis
1256 4330 1485 4380 formam
1521 4329 1726 4380 addidi.
1801 4327 1966 4380 Κάων
2002 4329 2171 4381 habet
2206 4332 2371 4381 etiam
2407 4333 2653 4398 Theogn.
2691 4335 2774 4396 30,
2816 4335 2878 4384 10
2915 4339 2972 4383 et
3010 4332 3203 4383 Choer.

623 4400 771 4448 Dict.
820 4400 911 4461 71,
961 4400 1024 4449 19
1072 4405 1323 4465 corrupte
1374 4396 1599 4461 Καύων,
1649 4414 1816 4464 quare
1866 4413 1972 4448 non
2018 4414 2249 4450 necesse
2294 4405 2381 4450 est
2425 4415 2547 4450 cum
2592 4400 2727 4452 Lob.
2773 4401 2846 4450 ad
2890 4401 2978 4451 Ai.
3021 4417 3071 4462 ρ.
3111 4402 3208 4450 164

623 4463 797 4517 Ψάων
833 4469 932 4516 aut
967 4461 1134 4517 Λάων
1170 4466 1432 4531 scribere,
1507 4482 1798 4532 numquam
1842 4467 1948 4518 hoc
1985 4469 2181 4517 comici
2216 4472 2412 4533 poetae
2458 4483 2654 4518 nomen
2699 4468 2789 4518 hic
2827 4483 3209 4519 commemora·

625 4542 739 4584 tum
778 4535 951 4585 fuisse
988 4534 1274 4601 probabile
1312 4540 1412 4585 est.
1533 4534 1649 4587 έων
1685 4535 1929 4587 accessit
1964 4551 2030 4584 ex
2068 4536 2261 4588 Choer.
2299 4536 2379 4595 78,
2416 4537 2466 4599 8,
2508 4533 2701 4587 Κλέων
2738 4551 2805 4587 ex
2843 4537 2964 4590 eod.
3001 4538 3082 4597 78,
3123 4539 3208 4586 10.

630 4600 794 4654 Νέων
847 4605 1152 4667 berytonon
1204 4601 1655 4668 andronymicum
1708 4620 1832 4656 esse
1887 4605 2003 4654 iure
2049 4603 2336 4655 contendit
2378 4605 2540 4667 Lob.,
2596 4620 2707 4654 non
2756 4606 3025 4670 topicam,
3081 4620 3206 4654 nam

629 4672 826 4721 Choer.
863 4674 946 4734 71,
981 4674 1050 4724 20
1088 4668 1251 4722 Νέων
1297 4672 1468 4722 refert
1511 4674 1659 4724 inter
1691 4671 1764 4723 τὰ
1808 4670 1887 4724 είς
1923 4670 2009 4724 ὢν
2047 4671 2296 4737 λήγοντα
2339 4669 2622 4736 ἀρςενικά,
2672 4687 2839 4737 quare
2884 4677 3011 4739 post
3055 4670 3206 4723 νεών

625 4739 1569 4871 f⁰¹2¹¹5⁹231¹5521⁸³5¹3⁸÷¹‘¹’³312¹35¹1¹;{¹3
1597 4744 1865 4874 (ὲηῖἕέξέ
1901 4740 2501 4875 ᾔῗξὲἓέῗίἶῖἒῗεέἷ
2526 4742 2617 4860 ἒξ·
2636 4740 2715 4859 SI}
2750 4744 2878 4858 ’ἔξ
2912 4744 3012 4860 ¹3}
3092 4814 3204 4858 tum

626 4890 694 4924 ex
732 4874 924 4925 eodem
963 4844 1127 4926 'idum'
1157 4903 1220 4910 —
1258 4873 1514 4939 Λυκάων,
1552 4872 1754 4927 ὀπάων
1790 4892 1859 4926 ex
1895 4877 2138 4941 Theogn.
2163 4878 2254 4938 28,
2291 4880 2382 4941 23,
2423 4876 2680 4929 Ἱκετάων
2719 4893 2784 4927 ex
2821 4876 3017 4928 Choer.
3042 4846 3126 4940 71,
3156 4879 3206 4939 7,
