3664 5546
673 393 795 461 124
1339 354 1346 364 ’
1599 393 1681 449 εκ
1718 393 1859 448 τΩΝ
1902 393 2309 450 ΗΡΩΔΙΑΝοΥ

666 586 789 641 γου
832 563 1198 644 γράφεςθαι.
1287 564 1403 629 ὅςα
1446 564 1568 642 γὰρ
1614 566 1694 645 μὴ
1742 569 2062 644 μονογενῆ
2117 567 2248 645 πρὸ
2292 569 2432 647 μιᾶς
2488 567 2700 647 ἔχουςι
2744 570 2862 635 τὸν
2904 570 3102 636 τόνον
3147 572 3252 636 καὶ

669 666 737 732 ἐν
783 674 857 751 τῇ
901 666 1074 750 τρίτῃ
1119 666 1193 731 τὸ
1240 669 1282 730 ἇ
1324 667 1426 732 καὶ
1470 667 1589 732 δύο
1622 667 1933 748 ςύμφωνα
1973 669 2011 747 ἢ
2057 669 2200 733 κατ’
2230 669 2583 750 ἐπιπλοκὴν
2628 671 2666 750 ἢ
2712 672 2870 737 κατὰ
2916 673 3249 757 διάςταςιν,

645 771 771 848 ,διὰ
814 773 926 848 τῆς
974 772 1027 834 ἐἶ
1075 768 1433 850 διφθόγγου
1475 770 1819 853 γράφεται,
1865 769 2142 853 ἀςτεῖος,
2192 772 2528 856 Καδμεῖος,
2574 770 2901 858 ἀνδρεῖος,
2947 777 3251 860 Ἀργεῖος,

668 873 987 952 Βακχεῖος.
1086 871 1444 951 πρόςκειται
1500 874 1624 952 «μὴ
1681 876 2045 952 μονογενῆ»
2104 874 2209 938 διὰ
2263 875 2337 939 τὸ
2397 875 2667 956 Βάκχιος
2721 877 2959 956 κύριον.
3047 879 3122 943 τὸ
3178 880 3251 945 δὲ

604 985 636 1036 5
668 973 885 1041 ἀντίος
940 974 1353 1054 ςεςημείωται.
1454 973 1912 1055 ἐξηκολούθηςε
1982 977 2053 1041 δὲ
2118 976 2276 1041 κατὰ
2334 978 2450 1056 τὴν
2503 980 2761 1059 γραφὴν
2817 983 2954 1044 τοῖς
3010 979 3098 1045 εἰς
3152 984 3251 1045 io?

665 1077 798 1143 ἀπὸ
844 1077 1207 1142 ἐνεςτώτων
1252 1077 1629 1156 γινομένοις.

832 1180 963 1244 Ἔτι
1007 1180 1111 1243 καὶ
1153 1181 1230 1246 τὰ
1276 1179 1363 1253 εἰς
1409 1184 1508 1245 ιᾟέ
1552 1178 1684 1244 ἀπὸ
1742 1180 2096 1258 μέλλοντος
2149 1182 2456 1261 γινόμενα
2509 1174 3095 1269 προπαροξύνεται,
3140 1185 3249 1265 ὀρ-

667 1284 945 1362 θώςομαι
1026 1280 1441 1363 ὀρθώςιος,
1510 1281 1866 1363 ἀςπάςομαι
1934 1282 2342 1368 ἀςπάςιος,
2394 1285 2775 1365 φυλάξομαι
2831 1287 3249 1370 φυλάξιος,
3332 1360 3335 1363 Α

667 1386 873 1455 ἀλέξω
919 1384 1260 1467 ἀλέξιος,
1319 1387 1521 1465 κτήςω
1554 1386 1899 1469 κτήςιος,
1945 1387 2159 1465 μνήςω
2205 1388 2551 1471 μνήςιος,
2597 1388 2832 1468 αἰνήςω
2862 1389 3249 1474 Αἰνήςιος,

570 1495 631 1545 10
666 1488 910 1567 ἀρκέςω
941 1488 1326 1566 Ἀρκέςιος
1382 1489 1483 1552 καὶ
1536 1490 1920 1573 πλεοναςμῷ
1963 1493 2080 1553 τοῦ
2124 1492 2157 1552 “ι
2210 1489 2574 1572 Ἀρκείςιος,
2621 1490 2795 1570 ἄρςω
2839 1491 3104 1571 ἄρςιος
3149 1493 3252 1557 καὶ

666 1590 1065 1673 ἀνάρςιος,
1111 1588 1242 1655 ἄξω
1287 1587 1536 1673 ἄξιος,
1582 1590 1883 1670 θαυμάζω
1937 1590 2380 1671 θαυμάςιος.
2469 1592 2601 1659 ἅζω
2654 1594 2731 1659 τὸ
2777 1594 3031 1674 ςέβομαι
3075 1594 3252 1660 ἅςιος

664 1694 767 1757 καὶ
821 1699 1029 1775 τροπῇ
1084 1695 1201 1757 τοῦ
1257 1695 1299 1756 ἇ
1352 1691 1442 1758 εἰς
1496 1697 1536 1757 ὅ
1590 1694 1830 1760 ὅςιος.
1919 1692 2209 1761 ὀξύνεται
2264 1695 2337 1769 δὲ
2392 1694 2468 1759 τὸ
2524 1694 2784 1774 δέξομαι
2840 1698 3094 1763 δεξιός
3146 1699 3251 1762 καὶ

666 1794 906 1874 ἕψομαι
950 1794 1298 1873 ἀνεψιός.
1343 1799 1461 1861 τοῦ
1492 1797 1562 1861 δὲ
1607 1795 1932 1875 πληςίος
1975 1795 2107 1861 ἀπὸ
2138 1801 2256 1862 τοῦ
2285 1782 2526 1876 πλητός
2566 1797 2799 1877 ἔχομεν
2842 1800 2959 1878 τὴν
3002 1803 3252 1878 χρῆςιν·

666 1898 704 1962 ὁ
749 1898 871 1976 γὰρ
916 1896 1199 1976 ἄπλητος
1252 1896 1290 1961 ὁ
1347 1895 1895 1982 ἀπροςπέλαςτος,
1953 1900 2193 1978 πλητὸς
2234 1899 2496 1978 πληςίος
2526 1898 2615 1964 ὡς
2659 1899 2976 1981 ἄμβροτος
3018 1901 3251 1982 ἀμβρό-

569 2008 630 2067 ι,5
668 2020 798 2065 ςιος
842 2007 1049 2083 τροπῇ
1093 2002 1210 2064 τοῦ
1254 1999 1495 2065 τέλους.
1585 2001 1665 2067 οὐ
1708 2002 1940 2078 γέγονε
1998 2004 2070 2066 δὲ
2123 2000 2198 2066 τὸ
2243 2002 2504 2081 πληςίος
2547 2003 2722 2082 παρὰ
2766 2004 3097 2082 μέλλοντα.
3187 2004 3253 2069 οἱ

665 2103 789 2180 γὰρ
832 2102 1129 2168 Λάκωνες
1171 2102 1249 2167 τὰ
1292 2103 1468 2182 παρὰ
1512 2104 1829 2183 μέλλοντα
1874 2103 1961 2168 εἰς
2004 2107 2040 2168 τ
2095 2103 2174 2169 οὐ
2230 2105 2597 2188 τρέπουςιν,
2651 2104 2817 2170 ἀλλὰ
2864 2104 3002 2185 ,ἀπὸ
3055 2111 3170 2173 τοῦ
3216 2112 3254 2172 ’ἶ

667 2204 756 2270 εἰς
798 2205 873 2270 τὸ
918 2207 978 2268 ἰ·
1025 2202 1315 2271 ἐνιαυτός
1358 2204 1671 2271 ένιαύςιος
1715 2206 2029 2272 ἐνιαύτιος
2073 2207 2364 2283 λέγουςιν
2410 2208 2759 2286 ὑπόμνηςιν
2807 2209 3091 2274 διδόντες
3132 2213 3252 2275 τοῦ

667 2308 991 2387 προτέρου
1035 2308 1097 2371 τ·
1153 2311 1436 2373 πλοῦτος
1491 2309 1796 2374 πλούςιος
1851 2310 2173 2374 πλούτιος.
2261 2310 2337 2374 τὸ
2394 2311 2465 2374 δὲ
2509 2310 2770 2388 πληςίος
2826 2311 3090 2376 πλατίος
3148 2312 3251 2376 λέ-

665 2430 918 2492 γουςιν,
974 2409 1132 2475 ὥςτε
1187 2410 1267 2474 οὐ
1311 2410 1487 2489 παρὰ
1543 2411 1874 2490 μέλλοντα.
1964 2412 2139 2490 παρὰ
2193 2412 2268 2477 τὸ
2313 2412 2492 2476 πέλω
2544 2412 2940 2490 παράγωγον
2993 2413 3253 2480 πελάζω

565 2520 632 2570 20
666 2515 741 2579 τὸ
786 2512 1212 2595 προςεγγίζω,
1260 2513 1603 2592 ῥηματικὸν
1657 2512 1867 2593 ὄνομα
1909 2514 2151 2579 πλατός
2194 2514 2295 2579 καὶ
2337 2515 2579 2592 πλητός
2634 2515 2736 2579 καὶ
2790 2515 2949 2580 κατὰ
3002 2517 3253 2595 τροπὴν

666 2618 782 2680 τοῦ
825 2619 862 2679 τ
906 2614 994 2680 εἰς
1019 2618 1070 2695 ἰ
1100 2616 1203 2679 καὶ
1234 2617 1392 2680 κατὰ
1435 2618 1827 2696 παραγωγὴν
1872 2614 2133 2696 πληςίος
2166 2616 2255 2680 ὡς
2285 2615 2603 2697 ἄμβροτος
2633 2615 2985 2698 ἀμβρόςιος.
3040 2618 3252 2697 Πλή-

669 2739 832 2784 ςιος
876 2719 947 2784 δὲ
992 2717 1214 2797 κύριον
1259 2709 1748 2799 ὄνομαάνδρός
1790 2717 1970 2797 ἱεροῦ
2013 2719 2586 2798 προπαροξύνεται.

666 3010 822 3062 ἀντῶ
859 3006 1049 3062 ἀντίος
1085 3008 1463 3076 ςεςημείωται.
1525 3011 1679 3073 Quae
1717 3012 1886 3061 verba
1924 3010 1971 3059 si
2006 3010 2259 3061 conferas
2296 3025 2419 3061 cum
2454 3026 2663 3061 canone
2700 3009 3123 3077 orthographiae
3160 3028 3255 3078 ap.

668 3080 864 3131 Choer.
901 3080 990 3128 Cr.
1027 3077 1082 3129 Π
1122 3081 1237 3144 173,
1277 3080 1369 3128 26:
1409 3077 1656 3142 Ἀργεῖος
1691 3075 1781 3130 διὰ
1814 3079 1918 3142 τῆς
1955 3081 2005 3130 ὃ
2041 3076 2373 3142 διφθόγγου·
2424 3077 2496 3129 τὰ
2539 3077 2645 3143 γὰρ
2682 3081 2917 3130 τοιαῦτα
2963 3078 3074 3143 πρὸ
3126 3082 3253 3142 μιᾶς

666 3148 772 3200 τὸν
809 3145 981 3198 τόνον
1017 3145 1223 3210 ἔχοντα
1260 3145 1349 3197 καὶ
1387 3144 1448 3197 ἑν
1484 3149 1555 3211 τῇ
1595 3145 1795 3211 πρώτῃ
1835 3146 2077 3211 ςυλλαβῇ
2114 3145 2184 3196 τὸ
2221 3148 2282 3209 ἃ,
2323 3145 2454 3207 μεθ’
2490 3144 2558 3197 οὗ
2595 3145 2710 3198 ἑςτι
2755 3145 2857 3199 δύο
2903 3146 3178 3211 ςύμφωνα
3215 3149 3252 3211 ἢ

669 3212 925 3280 πλείονα,
951 3213 1040 3266 διὰ
1065 3216 1169 3279 τῆς
1204 3218 1254 3265 ἴι·
1288 3212 1565 3279 γράφεται
1589 3211 1714 3265 οἷον
1738 3212 1973 3277 ἀςτεῑος,
2016 3213 2298 3278 Καδμεῖος,
2337 3214 2607 3279 ἀνδρεῖος,
2635 3214 2917 3278 Βακχεῖος,
2958 3216 3109 3279 πλὴν
3144 3219 3251 3267 τοῦ

669 3282 884 3348 ἀντίος,
922 3283 1113 3334 intelle
1157 3299 1217 3334 es
1251 3283 1474 3334 Arcadii
1510 3283 1703 3334 verba:
1752 3281 1853 3333 ὅςα
1890 3284 2169 3346 μονογενῆ
2217 3282 2291 3347 μὴ
2329 3281 2533 3346 ἔχοντα
2579 3281 2641 3334 ἐν
2677 3286 2747 3350 τῇ
2783 3281 2945 3348 τρίτῃ
2982 3282 3084 3335 δύο
3121 3283 3253 3346 ςύμ-

669 3365 839 3417 φωνα
875 3349 1017 3402 κατὰ
1052 3351 1101 3402 δι
1142 3364 1327 3403 ςταςιν
1364 3356 1619 3417 speetare
1656 3351 1728 3401 ad
1763 3352 2247 3418 orthographicum
2292 3356 2670 3417 praeceptum,
2719 3352 2876 3402 cuius
2920 3352 3255 3404 mentionem

668 3419 1017 3472 Herodianus
1060 3436 1159 3471 suo
1203 3435 1353 3470 more
1399 3420 1636 3480 fecerat3
1693 3419 1946 3485 equidem
1992 3419 2066 3484 μὴ
2114 3420 2184 3470 ab
2233 3418 2437 3483 ἔχοντα
2480 3419 2554 3470 ad
2600 3422 2878 3485 μονογενῆ
2926 3420 3255 3470 trahendum

667 3488 907 3539 arbitror
939 3489 1020 3538 ita
1057 3494 1119 3538 ut
1153 3488 1374 3538 nomina.
1449 3488 1632 3554 ropria
1667 3488 1822 3539 velut
1859 3486 2091 3552 Βάκχιος
2126 3488 2212 3540 his
2247 3489 2433 3539 verbis
2469 3487 2872 3554 significentur,
2910 3503 3068 3553 porro
3105 3491 3253 3539 exci-

670 3557 817 3607 disse
851 3555 921 3607 τὸ
958 3557 993 3606 ἃ
1039 3562 1096 3607 et
1139 3555 1175 3621 ἢ
1222 3554 1365 3607 κατὰ
1409 3505 1727 3621 Ξπιπλοκὴν
1773 3556 2144 3608 Choerobosei
2188 3572 2365 3607 canon
2415 3556 2591 3607 docet.
2665 3557 2812 3607 Hinc
2854 3571 3143 3620 canonem,
3191 3566 3255 3608 ut

672 3625 808 3685 feci,
849 3640 966 3675 com
1008 3625 1130 3675 osui
1166 3622 1571 3688 ἑξηκολούθηςε
1607 3624 1668 3676 δὲ
1706 3624 1823 3675 κτλ.
1870 3625 2052 3676 adieci
2095 3625 2297 3676 collato
2332 3625 2396 3674 E.
2433 3625 2504 3678 M.
2545 3626 2667 3688 113,
2705 3627 2796 3676 25:
2843 3621 3059 3676 ἀντίος;
3100 3625 3255 3690 παρὰ

669 3691 740 3744 τὸ
776 3690 934 3742 ἄντω
968 3640 1118 3757 {flua
1172 3691 1485 3757 βαρύτονον
1528 3692 1743 3755 γίνεται
1787 3691 1943 3744 ἀντῶ
1991 3692 2448 3758 περιςπώμενον,
2495 3690 2605 3756 ἀφ’
2640 3690 2707 3744 οὗ
2748 3691 2931 3757 ἄντην
2974 3688 3257 3757 ἐπίρρημα

670 3761 762 3812 καὶ
798 3756 1014 3823 ἀντίος,
1054 3759 1189 3811 ὅθεν
1226 3760 1315 3811 καὶ
1351 3760 1439 3811 διὰ
1474 3763 1578 3812 τοῦ
1615 3764 1648 3814 ῖ
1684 3760 1986 3827 γράφεται·
2022 3760 2095 3813 τὰ
2131 3760 2283 3825 παρὰ
2318 3759 2716 3825 ἐπιρρημάτων
2738 3760 3004 3823 γινόμενα
3038 3758 3126 3812 διὰ
3150 3764 3257 3812 τοῦ

671 3831 763 3949 ῗῖῗι
790 3828 1276 3961 τὲἓῖξῗρὲἓῗῖἓέω
1311 3828 1525 3948 ’‘225³ss
1544 3831 1732 3949 3305
1763 3826 2214 3962 Jfiffffs‘xssassi‘?
2256 3827 3256 3963 {⁶2¹1‘33⁰{zff'59ss'5a32‘vffl03'1123522'

1209 3935 1220 3947 ·
2205 3936 2218 3961 ι
2924 3936 2938 3962 ι

671 3971 846 4017 trema
883 3966 1054 4016 verba
1088 3965 1338 4016 indicant
1375 3967 1543 4016 etiam
1579 3966 1708 4017 huic
1732 3967 2091 4033 grammatico
2115 3967 2429 4032 scrupulum
2468 3965 2535 4016 de
2567 3966 2845 4030 scriptura
2877 3981 2985 4018 non
3007 3965 3257 4030 ignotum

675 4035 870 4098 fuisse,
910 4050 1071 4099 quem
1107 4033 1366 4099 analogia.
1401 4034 1799 4085 adiectivorum
1837 4035 1907 4085 ab
1935 4034 2211 4087 adverbiis
2235 4034 2520 4086 ductorum
2557 4033 2769 4098 evellit,
2808 4033 2951 4099 quod
2987 4038 3043 4083 et
3076 4033 3259 4097 ipsum

673 4103 1050 4154 Herodianum
1098 4102 1298 4153 fecisse
1343 4102 1471 4152 inde
1509 4102 1765 4154 concludi
1808 4108 2018 4169 potest,
2074 4102 2220 4167 quod
2266 4102 2455 4168 paullo
2499 4101 2647 4153 infra
2691 4117 2780 4167 ap.
2820 4100 3019 4153 Aread.
3065 4098 3258 4154 ἀντίος

672 4172 806 4223 item
843 4172 913 4222 ab
949 4168 1130 4233 ἄντην
1167 4170 1469 4222 derivatur.
1603 4171 1638 4222 l.
1675 4174 1704 4222 7
1741 4186 2006 4223 canonem
2044 4170 2261 4237 explevi
2297 4187 2364 4222 ex
2399 4169 2644 4236 Theogn.
2681 4172 2767 4230 58,
2806 4172 2850 4227 1,
2886 4170 3064 4235 Epim.
3103 4169 3189 4220 Cr.
3234 4171 3260 4220 1

673 4241 758 4302 58,
798 4242 862 4289 14
898 4237 994 4302 (ef.
1031 4238 1133 4288 An.
1166 4239 1267 4293 Ox.
1301 4240 1356 4290 11
1390 4241 1518 4299 322,
1555 4239 1644 4302 23)
1683 4244 1740 4291 et
1774 4241 1840 4290 Ε.
1873 4239 1949 4290 Μ.
1989 4242 2113 4303 156,
2152 4240 2210 4301 6,
2255 4240 2351 4291 ubi
2396 4254 2573 4290 canon
2619 4237 3052 4304 explicatissime
3087 4237 3261 4288 tradi-

676 4314 767 4358 tus
812 4311 912 4358 est.
990 4308 1056 4358 In
1100 4305 1206 4357 fine
1254 4324 1287 4358 a
1331 4349 1343 4362 .
1388 4308 1587 4359 Aread.
1630 4309 1860 4375 legitur:
1906 4306 1977 4358 τὸ
2030 4306 2221 4370 μέντοι
2267 4305 2466 4371 πλήςω
2512 4303 2743 4371 πληςίος
2787 4306 2879 4357 καὶ
2921 4304 2992 4358 τὸ
3034 4303 3260 4368 δέξομαι

676 4374 852 4428 δεξιός
899 4374 989 4426 καὶ
1036 4372 1241 4438 ἕψομαι
1323 4376 1544 4442 νεψιός,
1596 4394 1691 4443 pro
1739 4378 1936 4442 quibus
1982 4392 2076 4438 ea,
2137 4391 2277 4441 quae
2334 4377 2391 4426 in
2435 4377 2498 4427 E.
2536 4377 2609 4425 M.
2663 4379 2885 4425 exstant
2937 4379 2993 4426 et
3036 4380 3266 4441 propter

680 4444 959 4494 doctrinae
1036 4445 1398 4495 raestantiam
1433 4445 1752 4496 Herodiano
1788 4444 2128 4510 assignanda
2164 4451 2291 4495 sunt
2328 4443 2421 4508 (cf.
2456 4442 2671 4494 Ahrens
2708 4443 2776 4494 de
2814 4442 2948 4493 dial.
2981 4442 3111 4493 Dor.
3149 4445 3261 4506 60),

678 4511 917 4562 exhibui.
1047 4510 1233 4576 λήςιος
1280 4515 1556 4577 proprium
1601 4513 1794 4564 addidi
1838 4530 1907 4564 ex
1951 4511 2207 4564 Eustath.
2253 4515 2379 4570 313,
2418 4514 2484 4562 22
2529 4508 2761 4576 πληςίος
2806 4511 2838 4562 ὁ
2885 4506 3122 4573 ἐγγίζων
3167 4511 3262 4562 καὶ

678 4578 936 4644 Πλήςιος,
966 4578 1158 4645 κύριον
1203 4578 1406 4644 ἀνδρὸς
1451 4580 1632 4646 ἱεροῦ,
1681 4581 1823 4647 quod
1867 4598 2064 4634 nomen
2119 4580 2269 4631 eadit
2319 4581 2421 4632 sub
2475 4580 2709 4631 eundem
2764 4594 3031 4630 canonem
3089 4583 3261 4644 atque

681 4646 928 4700 Μούλιος
966 4645 1199 4712 Βάκχιος
1236 4665 1324 4714 ap.
1351 4649 1544 4704 Aread.
1605 4651 1690 4700 De
1726 4647 1958 4714 ἀνεψιός
1994 4650 2064 4700 cf.
2087 4652 2334 4701 Ammon.
2371 4647 2438 4698 de
2476 4648 2590 4702 diff.
2616 4664 2731 4700 voc.
2770 4664 2819 4713 p.
2846 4650 2938 4697 24:
2977 4645 3264 4710 ἐξανεψιοί

681 4716 771 4767 καὶ
807 4713 1028 4780 ἀνεψιοί
1063 4714 1336 4780 διαφέρει·
1374 4717 1464 4768 καὶ
1501 4715 1827 4783 βαρυτόνως
1864 4717 2246 4785 προφέρονται
2282 4715 2548 4780 τοῦνομα.
2597 4715 2731 4781 φηςὶ
2766 4715 2872 4780 γὰρ
2909 4713 3160 4779 Τρύφων
3196 4714 3264 4767 ἐν

681 4783 878 4849 δευτέρ
969 4785 1096 4849 περὶ
1135 4784 1390 4850 Ἀττικῆς
1429 4784 1767 4852 προςῳδίας,
1815 4784 2094 4850 ἑξανὲψιοι
2142 4784 2221 4837 ὡς
2267 4782 2580 4849 ἀμέριμνοι,
2626 4781 3107 4847 ἀναςτελλομένης
3155 4785 3263 4849 τῆς

682 4849 863 4903 ὀξείας
882 4799 961 4903 {a
997 4854 1099 4903 τοῦ
1139 4851 1377 4917 ἀνεψιοί,
1415 4854 1698 4918 ὀνόματος
1734 4853 2099 4917 ὁξυνομένου’
2139 4850 2238 4905 elci
2275 4851 2335 4904 δὲ
2360 4851 2413 4904 οἱ
2451 4852 2552 4915 μὲν
2589 4850 2811 4917 ἀνεψιοί
2844 4853 2965 4903 τῶν
2990 4849 3266 4916 ἀδελφῶν

685 4919 907 4982 παῖδες,
957 4919 1100 4971 καθὰ
1144 4921 1236 4973 καὶ
1281 4921 1440 4986 ἡμεῖς
1485 4921 1839 4987 ἐκδεχόμεθα.
1911 4920 2190 4986 ἑξανέψιοι
2237 4920 2298 4972 δὲ
2343 4920 2396 4973 οἱ
2441 4923 2563 4972 τῶν
2609 4919 2863 4985 ἀνεψιῶν
2907 4919 3115 4971 παῖδες.
3188 4923 3266 4978 of.
