3664 5546
604 360 792 408 oxon
1543 325 1552 342 ⁸
1678 358 2097 406 PRAEFA'rio.

601 536 664 578 π.
722 535 864 579 noc.
921 535 987 599 p.
1031 512 1187 593 286,
1234 513 1317 574 22
1368 514 1458 595 τὰ,
1506 514 1610 576 διὰ
1665 518 1782 577 τοῦ
1839 518 1971 576 ’ὤὸῖῑ
2029 514 2280 592 κτητικὰ
2347 511 2704 596 διφθόγτψ
2733 512 3188 593 παραλήγεται,

606 616 815 700 Κῷος,
861 615 1141 699 Ἡρῷοε,
1191 616 1482 697 Μινῷοε·
1535 616 1701 678 τινὲς
1746 616 1815 677 δὲ
1863 616 1965 678 καὶ
2007 616 2083 679 τὸ
2131 622 2295 698 εῷο(
2340 616 2495 692 μετὰ
2537 618 2655 679 τοῦ
2699 617 2720 678 i
2760 614 3076 694 γράφουει
3124 613 3191 674 in

599 715 870 780 brevius
926 715 1187 801 quidem
1242 715 1598 795 contraxit,
1657 715 1752 777 sic
1808 725 2055 796 tamen,
2111 724 2185 778 ut
2240 714 2601 779 Herodiani
2658 715 3049 779 sententiam
3094 735 3189 775 re-

600 827 1070 904 praesentaret.

771 1021 897 1084 Per
939 1019 1430 1104 Theognostum
1476 1019 1561 1082 ad
1607 1019 2109 1104 orthographica
2150 1020 2397 1105 scripta
2454 1020 2717 1083 deducti
2774 1019 3187 1106 pervenimus

601 1125 730 1186 iam
798 1121 880 1186 ad
946 1120 1352 1206 Hesychium
1430 1120 1605 1184 haud
1682 1121 2226 1185 contemnendum
2293 1121 2749 1186 Herodianeae
2828 1123 3189 1205 scripturae

601 1233 950 1287 auctorem.

1625 1373 1731 1441 De
1776 1375 2158 1456 Hesychio.

773 1528 1140 1614 Hesychius
1185 1531 1252 1592 in
1297 1527 1576 1613 epistola
1619 1529 1702 1591 ad
1751 1528 2099 1613 Eulogium
2149 1530 2354 1592 missa
2411 1552 2479 1593 se
2537 1531 2692 1609 μετὰ
2743 1529 2944 1606 πάεη(
2999 1527 3187 1605 ὀρθό-

601 1652 791 1709 τητος
837 1633 939 1695 καὶ
984 1632 1425 1711 ἀκριβεετὰτηε
1467 1636 1722 1710 γραφῆς
1767 1632 1926 1696 κατὰ
1969 1634 2086 1696 τὸν
2132 1631 2531 1710 Ἡρωδιανὸν
2566 1631 2804 1692 omnia
2849 1629 3188 1713 scripsisse

555 1775 558 1778 ι
600 1741 898 1795 testatur.
961 1730 1293 1812 Rankius,
1341 1732 1454 1816 qui
1499 1734 1566 1795 in
1610 1733 1990 1796 universum
2032 1754 2193 1795 vera
2232 1731 2635 1817 Hesychium
2680 1734 2746 1795 in
2793 1752 2869 1794 ea
2913 1727 3190 1816 epistola

600 1834 679 1897 de
747 1834 961 1918 operis
1029 1834 1128 1896 sui
1174 1832 1599 1897 'institutione
1665 1842 1731 1897 et
1786 1832 2211 1898 adornatione
2277 1833 2645 1919 professum
2716 1854 2858 1895 esse
2927 1832 3185 1894 demon-

600 1936 839 1998 stravit
881 1934 947 1995 in
994 1933 1222 1997 subtili
1267 1934 1348 1997 de
1379 1933 1711 2020 Hesychio
1759 1933 2255 2014 dissertatione,
2303 1958 2365 2020 p.
2399 1937 2483 1998 65
2511 1932 2905 2020 peculiarem
2951 1930 3187 1995 librum
3256 2001 3261 2004 Δ

601 2036 681 2098 de
727 2034 1196 2120 orthographia
1237 2034 1554 2121 Hesychii
1599 2037 1935 2122 promisit,
1982 2058 2172 2121 quem
2218 2059 2348 2100 non
2380 2035 2699 2122 prodiisse
2731 2032 2924 2099 valde
2969 2031 3187 2095 dolen-

602 2138 754 2200 dum
802 2147 921 2201 est.
980 2135 1070 2199 M.
1106 2135 1506 2201 Schmidtius
1551 2138 1615 2200 in
1661 2137 2161 2224 quaestionibus
2193 2136 2632 2223 Hesychianis
2666 2137 2747 2201 de
2793 2135 3189 2219 aliiS‚·quae

600 2236 970 2322 Hesychius
1016 2238 1083 2300 in
1128 2236 1405 2324 epistola
1449 2239 1531 2302 de
1576 2262 1772 2325 opere
1818 2262 1933 2304 suo
1979 2239 2468 2325 pronunciavit,
2514 2240 2659 2302 fuse
2690 2239 3189 2323 egit·auctorem

601 2362 760 2404 vera
816 2339 1065 2403 dixisse
1119 2351 1476 2425 praeeunte
1521 2322 1783 2406 Rankio
1846 2363 2212 2426 exponens,
2269 2340 2386 2404 sed
2444 2340 2524 2403 de
2582 2338 2692 2404 illo
2749 2340 2954 2418 dicto,
3015 2334 3189 2423 quod

601 2444 667 2504 in
710 2442 924 2506 fronte
971 2442 1338 2527 posuimus,
1398 2452 1652 2505 mutum
1699 2446 1928 2521 tacuit,
1990 2465 2383 2529 quamquam
2434 2464 2565 2505 non
2620 2440 3032 2504 infitiandum
3092 2447 3191 2500 est

599 2566 745 2607 eum
792 2544 858 2606 in
906 2544 1382 2607 adnotamentis
1430 2556 1737 2609 accurate
1793 2545 1879 2609 ad
1922 2543 2473 2630 Orthographiam
2517 2541 2876 2607 attendere.
2968 2541 3189 2620 Quare

599 2667 720 2709 nos
752 2667 1056 2709 recusare
1087 2667 1215 2708 non
1247 2644 1557 2710 debemus
1574 2696 1592 2728 ,
1640 2649 1797 2733 quin
1830 2647 2305 2732 perquiramus,
2353 2656 2573 2709 utrum
2608 2643 2979 2730 Hesychius
3016 2663 3190 2705 vana

599 2745 680 2810 de
727 2769 846 2811 sua
891 2746 1361 2832 orthographia
1404 2747 1779 2834 prolocutus
1825 2772 1909 2814 an
1955 2748 2116 2812 fides
2164 2748 2220 2811 ei
2267 2746 2574 2812 habenda
2618 2748 2724 2810 sit.
2813 2744 2983 2809 Nam
3026 2742 3187 2807 haec

595 2850 891 2934 quaestio
936 2848 1021 2912 ad
1067 2849 1431 2914 Herodiani
1473 2851 2111 2935 praestantissimum
2158 2873 2321 2936 opus
2379 2849 2461 2914 de
2505 2847 2970 2933 orthographia
3014 2855 3186 2910 recte

597 2951 1075 3014 aestimandum
1119 2952 1482 3014 maximum
1524 2951 1723 3015 habet
1767 2962 2184 3018 momentum.
2863 2939 2866 2942 ⁴

765 3051 1099 3116 Bentleius
1147 3053 1214 3114 in
1260 3050 1542 3137 epistola
1585 3052 1672 3116 ad
1715 3051 1995 3118 Millium
2042 3077 2104 3139 p.
2139 3056 2220 3118 37
2271 3054 2561 3139 (Fabric.
2594 3053 2766 3118 Bibl.
2800 3051 2931 3116 VII
2976 3073 3041 3136 p.
3078 3052 3182 3137 10)

595 3153 912 3239 Hesychii
957 3153 1178 3218 verbis
1224 3153 1459 3238 quibus
1508 3153 2040 3239 orthographiam
2100 3178 2288 3219 suam
2331 3179 2416 3219 ex
2460 3154 2837 3220 Herodiano
2898 3152 3185 3239 pendere

596 3254 788 3335 dicit,
833 3254 1058 3318 relatis
1104 3254 1313 3317 addit:
1388 3254 1571 3339 «Ego
1615 3278 1803 3335 vem,
1851 3256 1964 3341 qui
2010 3257 2367 3321 Theodosii
2412 3257 2670 3320 MStam
2715 3257 3020 3335 ἐπιτομὴν
3071 3259 3185 3332 τῆς

594 3358 877 3420 καθόλου
922 3355 1287 3419 Herodiani
1333 3356 1554 3440 (quam
1598 3379 1770 3420 nunc
1800 3358 2072 3421 Arcadii
2120 3360 2448 3444 epitomen
2491 3359 2827 3423 nominare
2873 3357 3182 3439 solemus)

596 3458 919 3537 lectitavi,
967 3457 1284 3521 testificor
1325 3479 1559 3542 parum
1604 3459 1754 3535 huie
1799 3462 2119 3544 promisso
2149 3458 2254 3525 vel
2298 3458 2479 3525 nullo
2526 3459 2721 3525 modo
2768 3458 3182 3523 satisfactum

594 3580 738 3621 esso
757 3584 805 3619 ».
893 3557 1265 3639 Fabricius,
1313 3558 1425 3644 qui
1469 3559 1569 3623 IV
1612 3584 1676 3646 p.
1721 3561 1848 3625 548
1892 3562 2054 3626 haec
2099 3563 2305 3628 verba
2348 3561 2604 3626 Bentlei
2665 3562 2934 3647 repetit,
2994 3570 3182 3623 caute

593 3658 754 3720 haec
799 3659 1164 3743 subiungit:
1214 3660 1342 3724 Sed
1386 3659 1510 3723 hoc
1554 3662 2036 3749 exscriptorum
2094 3675 2160 3727 ct
2212 3662 2757 3749 interpolatorum
2802 3661 3184 3726 oscitantiae

592 3761 809 3843 potius
868 3782 1061 3845 quam
1117 3763 1370 3826 auctori
1438 3762 1814 3846 tribuerim,
1873 3765 2111 3850 quibus
2168 3775 2234 3829 et
2287 3764 2485 3848 illud,
2543 3765 2613 3829 ni
2665 3762 2893 3845 fallor,
2951 3763 3183 3827 merito

591 3859 1054 3947 adscripseriS,
1101 3863 1279 3949 quod
1322 3886 1521 3928 voces
1565 3864 1861 3928 infinitae
1914 3866 1986 3929 in
2030 3865 2313 3931 alienum
2356 3865 2716 3931 translatae
2771 3866 2903 3930 sint
2946 3863 3181 3945 locum,

593 3972 667 4026 ut
723 3965 978 4029 notavit
1021 3965 1413 4049 Rutgersius
1472 3989 1535 4051 p.
1583 3966 1703 4029 561
1755 3966 1916 4055 Var.
1959 3966 2144 4032 Lect.
2234 3970 2322 4032 Et
2382 3968 2556 4054 quod
2612 3968 2789 4032 idem
2846 3966 3181 4031 Bentleius

590 4064 938 4147 observat,
986 4064 1204 4130 literas
1251 4071 1306 4147 i,
1354 4072 1406 4130 ξι
1452 4078 1518 4131 ct
1560 4072 1632 4152 ἦ,
1677 4068 1835 4131 item
1881 4073 1915 4132 ἒ
1958 4081 2022 4133 et
2064 4074 2128 4132 ’ὦ
2172 4071 2543 4155 promiscue
2588 4071 2956 4157 usurpari».

761 4166 956 4247 Quod
1002 4167 1338 4232 Bentleius
1397 4167 1478 4233 de
1523 4170 1848 4235 vocalium
1893 4171 2274 4235 confusione
2321 4172 2512 4253 dicit,
2570 4194 2961 4258 quamquam
3006 4179 3180 4234 recte

589 4292 659 4333 se
715 4268 942 4350 habet,
999 4269 1160 4332 nihil
1215 4271 1301 4334 ad
1359 4270 1553 4335 fidem
1607 4272 1927 4358 Hesychii
1982 4271 2445 4336 infirmandam
2496 4272 2709 4354 valet,
2765 4296 2963 4359 quum
3018 4273 3182 4336 vitia

589 4371 953 4456 scripturae
1019 4371 1179 4454 sint,
1245 4394 1285 4434 a
1349 4372 1586 4457 quibus
1652 4396 1734 4437 ne
1799 4372 1913 4436 alii
1980 4374 2241 4459 quidem
2308 4374 2673 4439 Herodiani
2738 4375 3177 4459 exscriptores
3268 4406 3277 4415 ·

589 4472 768 4536 velut
823 4472 1319 4538 Choeroboscus
1386 4484 1452 4537 et
1514 4475 1972 4558 'l'heognostus
2037 4474 2282 4541 liberos
2354 4500 2426 4540 se
2481 4498 2748 4541 servare
2804 4485 3178 4563 potuerunt,

587 4577 846 4639 tametsi
903 4574 1223 4660 quaedam
1282 4574 1420 4639 eius
1477 4576 1735 4659 generis
1796 4578 1995 4641 etiam
2050 4577 2117 4638 in
2173 4575 2676 4664 interpolatores
2744 4588 2810 4642 et
2875 4577 3176 4642 librarios

587 4676 851 4741 cadunt.
913 4676 1110 4755 Quod
1156 4698 1313 4741 vero
1358 4675 1533 4741 idem
1577 4679 1683 4741 vir
1726 4676 2130 4742 clarissimus
2178 4679 2257 4743 de
2299 4680 2688 4744 diversitate
2718 4678 3177 4764 Hesychianae

589 4776 1095 4862 orthographiae
1173 4780 1257 4843 ab
1325 4779 1699 4843 Herodiano
1778 4781 1847 4842 in
1917 4781 2294 4845 universum
2363 4781 2730 4860 contendit,
2809 4780 2880 4845 id
2945 4802 3175 4866 parum
