3664 5546
571 338 639 384 Vl
1642 329 2057 376 PRAEFATIO.

1508 495 1563 549 1.
1648 491 2024 548 Herodiani
2072 491 2208 548 vita

674 628 708 662 a
744 603 1055 662 Theodosio
1093 607 1451 673 grammatico
1491 610 1783 671 concepta,
1832 621 1995 670 quam
2033 621 2100 656 ex
2138 603 2270 655 cod.
2309 605 2546 656 Pau-isin.
2583 607 2717 658 2603
2755 606 3054 672 descripsit

1044 692 1302 744 Osannus
1338 694 1410 744 ad
1446 691 1751 744 Philemon.
1789 707 1842 756 p.
1878 691 1977 741 306
2016 689 2112 752 (cf.
2149 691 2326 741 Bekk.
2366 690 2464 743 An.
2510 690 2680 754 1141).

740 812 813 876 ‘O
868 811 1263 889 Ἡρωδιανὸς
1322 810 1459 875 υἱὸς
1525 810 1639 888 μὲν
1707 808 1940 884 γέγονε
1997 807 2439 873 Ἀπολλωνίου
2509 809 2769 888 ἐπίκλην
2824 810 3164 875 Δυςκόλου

572 919 687 980 τοῦ
738 914 838 978 καὶ
882 913 969 977 εἰς
999 911 1078 976 τὰ
1108 909 1277 975 ὀκτὼ
1310 911 1468 990 μέρη
1501 909 2038 988 ςυγγραψαμένου
2070 911 2169 974 καὶ
2193 909 2287 975 εἰς
2332 913 2446 990 τὴν
2481 911 2788 977 ςύνταξιν.
2857 918 2947 994 τῷ
2993 912 3164 987 γένει

575 1018 645 1082 δὲ
689 1016 769 1095 ἦν
815 1013 1270 1091 Ἀλεξανδρεὺς
1316 1013 1415 1076 καὶ
1462 1013 1610 1095 ᾤκει
1657 1012 1726 1074 ἐν
1771 1011 2113 1095 Προυχείῳ
2159 1013 2334 1091 παρὰ
2379 1013 2494 1077 τὸν
2542 1012 2818 1094 δρόμον,
2865 1013 2935 1077 ἐν
2981 1014 3163 1096 τόπῳ

576 1118 745 1183 οὕτω
790 1116 1168 1197 καλουμένῳ
1214 1115 1359 1192 περὶ
1402 1114 1516 1191 τὴν
1563 1111 2076 1194 Ἀλεξάνδρειαν,
2122 1113 2280 1178 ἔνθα
2323 1115 2425 1178 καὶ
2469 1113 2703 1194 ἐτάφη·
2751 1113 2982 1193 ἐκλήθη
3024 1116 3095 1179 δέ
3127 1115 3164 1178 ὁ

576 1220 783 1296 πατὴρ
839 1217 1041 1281 αὐτοῦ
1086 1215 1523 1280 Ἀπολλώνιος
1579 1213 1949 1296 Δύςκολος,
2009 1214 2213 1293 ἤγουν
2269 1214 2407 1278 ἐπεὶ
2463 1216 2766 1295 δυςχερής
2823 1215 2946 1280 ἐςτι
3008 1217 3166 1280 κατὰ

577 1319 837 1401 φράςιν·
897 1317 986 1382 δι’
1042 1315 1280 1392 ὀλίγων
1334 1316 1456 1393 γὰρ
1516 1316 1750 1380 λέξεων
1806 1320 2077 1398 παριςτᾷ
2132 1316 2450 1398 νοήματα,
2507 1318 2546 1395 ἢ
2614 1316 2712 1382 ὅτι
2767 1319 3166 1397 κακότροπος

579 1421 691 1502 ἦν,
738 1421 776 1498 ἢ
823 1417 920 1482 ὅτι
966 1417 1036 1483 ἐν
1081 1420 1219 1482 ταῖς
1263 1416 1628 1495 γυμναςίαις
1674 1416 2025 1482 δυςλύτους
2071 1416 2343 1496 ἀπορίας
2398 1418 2648 1494 ἔλεγεν·
2707 1419 2857 1484 ἔθος
2917 1421 3040 1498 γὰρ
3086 1419 3165 1497 ἦν

580 1523 716 1585 τοῖς
763 1519 1050 1598 ἀρχαίοις
1095 1521 1326 1598 ςοφοῖς
1381 1517 1469 1583 εἰς
1525 1518 1642 1583 ἕνα
1699 1518 1908 1583 τόπον
1965 1519 2368 1597 ςυνέρχεςθαι
2425 1521 2527 1584 καὶ
2582 1521 2924 1599 γυμναςίας
2981 1521 3166 1599 χάριν

580 1622 1060 1700 αἰνιγματώδεις
1104 1620 1280 1683 τινὰς
1334 1620 1438 1683 καὶ
1491 1618 1757 1699 ἀςαφεῖς
1815 1621 2052 1695 λόγους
2106 1621 2504 1700 φθέγγεςθαι.
2593 1626 2903 1688 τοςοῦτον
2961 1625 3032 1687 δὲ
3088 1623 3166 1702 ἦν

581 1723 778 1802 πένης
824 1722 861 1785 ὁ
907 1721 1374 1801 Ἀπολλώνιος,
1423 1720 1514 1786 ὡς
1559 1721 1629 1784 ἐν
1675 1720 1965 1803 ὀςτράκῳ
1996 1721 2271 1801 γράφειν
2317 1722 2396 1785 τὰ
2441 1722 2674 1788 ἑαυτοῦ
2721 1725 3168 1803 ςυγγρὰμματα

582 1825 687 1890 διὰ
730 1825 804 1888 τὸ
861 1823 941 1901 μὴ
999 1821 1303 1899 εὐπορεῖν
1360 1820 1596 1900 χάρτας
1651 1823 1963 1900 πρίαςθαι.
2053 1822 2090 1886 ὁ
2146 1826 2309 1898 γοῦν
2354 1823 2749 1903 Ἡρωδιανὸς
2807 1827 3168 1891 παιδευθεὶς

581 1925 756 2004 παρὰ
810 1929 900 2006 τῷ
957 1922 1168 2006 οἰκείῳ
1229 1923 1452 2001 πατέρι
1507 1924 1610 1987 καὶ
1663 1924 1743 1987 τὰ
1785 1924 1937 2002 τέλη
1982 1926 2093 2004 τῆς
2149 1924 2538 1990 παιδεύςεως
2593 1926 2876 2008 εἰληφὼς
2931 1927 3166 2006 ἀπέςτη

582 2026 702 2091 ἀπ’
747 2025 948 2090 αὐτοῦ
978 2023 1024 2109 ¹)
1073 2025 1177 2089 διὰ
1220 2026 1295 2088 τὸ
1342 2024 1587 2089 ἐκείνου
1631 2026 1902 2103 ςκληρὸν
1928 2023 1983 2108 ²)
2029 2027 2067 2103 ἢ
2126 2028 2230 2091 διὰ
2274 2029 2349 2091 τὸ
2396 2028 2703 2106 μητρυιὰν
2749 2028 2922 2111 αὐτῷ
2971 2027 3170 2093 ἐπεις-

582 2129 866 2203 αγαγεῑν.
955 2125 1025 2191 ἐν
1070 2126 1278 2210 Ῥώμῃ
1336 2127 1407 2190 δὲ
1464 2125 1570 2190 ἐπὶ
1616 2126 1885 2205 Μάρκου
1929 2127 2314 2193 Ἀντωνίνου
2372 2127 2638 2208 ἀφίκετο
2687 2130 2789 2193 καὶ
2832 2130 3001 2194 πάνυ
3046 2130 3166 2194 διέ-

582 2249 810 2307 τριψεν
857 2227 985 2292 ἐκεῖ
1029 2228 1130 2292 καὶ
1173 2231 1483 2292 τοςοῦτον
1529 2227 1685 2292 ὥςτε
1730 2229 1834 2293 καὶ
1877 2229 2070 2309 φίλος
2114 2236 2205 2313 τῷ
2240 2230 2482 2314 Μάρκῳ
2526 2231 2825 2307 γέγονεν·
2872 2231 3028 2296 ἔνθα
3071 2232 3171 2295 καὶ

583 2331 699 2407 τὴν
756 2330 1013 2408 μερικὴν
1040 2327 1092 2411 ³)
1149 2329 1515 2412 προςῳδίαν
1573 2330 1672 2393 καὶ
1737 2332 1853 2409 τὴν
1910 2333 2251 2411 καθολικὴν
2308 2333 2785 2415 ςυνεγράψατο,
2855 2333 2982 2397 ὑπὸ
3056 2337 3171 2397 τοῦ

583 2431 784 2496 αὐτοῦ
830 2429 1306 2509 αὐτοκράτορος
1350 2431 1798 2510 παρακληθείς·
1858 2435 2159 2512 καθολικὴ
2205 2434 2276 2497 δὲ
2321 2433 2600 2514 λέγεται,
2657 2433 2755 2497 ὅτι
2800 2432 2931 2497 ἀπὸ
2977 2454 3170 2513 μονο-

585 2532 917 2613 ςυλλάβων
963 2531 1050 2597 εἰς
1095 2534 1410 2614 ςυλλαβὰς
1456 2532 1579 2598 ἕως
1624 2533 2070 2616 ἑξαςυλλάβων
2116 2533 2631 2615 παραλαμβάνει·
2689 2534 2759 2600 ἐν
2805 2536 2842 2618 ᾗ
2891 2535 3048 2614 μετὰ
3093 2537 3168 2599 τὸ

584 2633 672 2698 εἰς
715 2634 832 2699 τὸν
880 2632 1146 2711 Μάρκον
1190 2635 1535 2713 προοίμιον
1581 2636 1754 2701 οὕτω
1799 2639 1915 2716 τὴν
1960 2636 2334 2722 προςῳδίαν
2380 2635 2669 2715 ὁρίζεται.

1130 2855 1137 2867 “
1235 2847 1296 2900 2.
1381 2845 1690 2914 Epistola
1734 2846 2165 2903 Constantini
2208 2848 2522 2903 Lasoaris

588 2957 659 3008 ad
702 2958 964 3008 Iacobum
1011 2957 1295 3007 Ximenem
1340 2960 1534 3018 missa,
1588 2974 1727 3021 quae
1774 2957 2020 3022 praefixa
2065 2956 2152 3006 est
2196 2958 2551 3007 Constantini
2594 2960 2855 3009 Lascaris
2898 2961 3171 3023 epitomae

720 3042 848 3090 libri
886 3041 1013 3090 XVI
1051 3040 1348 3091 Prosodiae
1388 3039 1709 3089 Catholicae
1743 3037 2068 3089 Herodiani.
2143 3056 2172 3088 e
2208 3041 2582 3105 Manusoripto
2617 3041 3026 3107 Hamburgensi

1422 3120 1645 3182 (Iriarte
1682 3121 1840 3172 codd.
1880 3122 2057 3172 Madr.
2095 3139 2146 3188 p.
2185 3123 2324 3185 230).

756 3237 829 3300 ‘O
874 3236 1244 3314 πολυμαθὴς
1287 3234 1686 3313 Ἡρωδιανὸς
1742 3237 1822 3302 οὗ
1878 3236 1916 3302 ὁ
1962 3239 2158 3315 λόγος
2201 3240 2408 3305 πολὺς
2464 3241 2535 3306 ἐν
2577 3251 3002 3327 γραμματικῇ,
3064 3248 3170 3310 λο-

586 3339 855 3414 γιώτατε
901 3335 1151 3416 Ἰάκωβε
1195 3335 1484 3419 Ξυμένη,
1532 3337 1668 3402 υίὸς
1711 3342 2002 3414 γεγονὼς
2047 3340 2488 3407 Ἀπολλωνίου
2535 3344 2782 3408 ἐκείνου
2838 3349 2955 3409 τοῦ
3003 3346 3170 3410 Ἀλε-

588 3439 940 3519 ξανδρέως,
987 3436 1091 3500 διὰ
1135 3437 1250 3515 τὴν
1296 3437 1520 3502 πενίαν
1567 3438 1977 3519 ἀποδημήςας
2021 3445 2132 3520 τῆς
2177 3444 2484 3521 πατρίδος
2529 3445 2617 3509 εἰς
2656 3445 2771 3523 τήν
2817 3468 2975 3511 ποτε
3021 3453 3171 3512 θαυ-

592 3541 825 3618 μαςτὴν
873 3538 1138 3602 ἔπλευςε
1168 3538 1447 3623 Ῥώμην,
1492 3542 1608 3618 τὴν
1654 3543 1874 3619 κοινὴν
1905 3541 2109 3608 έςτίαν
2156 3544 2259 3608 ἐπὶ
2302 3549 2418 3610 τοῦ
2451 3546 2757 3628 Εὐςεβοῦς
2787 3547 3173 3615 Ἀντωνίνου

589 3638 1065 3716 αὐτοκράτορος
1112 3639 1355 3704 δικαίου
1401 3642 1502 3705 καὶ
1547 3643 1770 3718 λογίου
1817 3643 1887 3708 ἐν
1933 3644 2199 3729 ἑκατέρᾳ
2243 3652 2318 3730 τῇ
2363 3649 2646 3731 γλώττῃ,
2693 3649 2814 3729 ὑφ’
2860 3649 2939 3715 οὗ
2985 3655 3172 3731 φιλο-

590 3738 781 3817 τίμως
828 3739 1202 3818 ὑποδεχθεὶς
1260 3740 1532 3820 τιμηθείς
1589 3764 1657 3808 τε
1713 3745 1813 3808 καὶ
1857 3745 2291 3824 εὐεργετηθεὶς
2347 3747 2425 3812 οὐ
2482 3750 2685 3828 μόνον
2742 3752 2858 3829 τὴν
2903 3751 3173 3816 Ἑλλάδα

591 3841 821 3920 φωνὴν
865 3839 1088 3919 ηὔξηςε
1134 3842 1419 3926 διδάξας,
1464 3842 1631 3908 ἀλλὰ
1674 3848 1776 3909 καὶ
1820 3845 2171 3925 πάμπολλα
2201 3848 2510 3927 θαυμάςια
2554 3851 2852 3930 ςυνέθηκε
2896 3854 3173 3937 τοιούτῳ

593 3944 829 4021 βαςιλεῑ
882 3943 1313 4021 χαριζόμενος.
1414 3945 1557 4022 μεθ’
1601 3944 1695 4010 ὧν
1751 3947 1854 4010 καὶ
1906 3949 1981 4013 τὸ
2041 3950 2186 4027 περὶ
2238 3950 2451 4015 τόνων
2508 3953 2623 4029 τὴν
2680 3952 2959 4031 μεγάλην
3014 3956 3175 4034 φημὶ

504 4116 511 4129 ¹
592 4042 958 4125 προςῳδίαν
1025 4042 1245 4127 ἐκείνῳ
1301 4044 1669 4125 ἐπέγραψεν
1738 4048 1809 4112 ἐν
1873 4050 2131 4127 βιβλίοις
2201 4048 2422 4132 εἴκοςι,
2480 4052 2698 4131 βίβλον
2764 4055 3172 4138 πολύςτιχον,

593 4143 685 4221 ἣν,
718 4144 873 4222 μετὰ
914 4146 1113 4207 ταῦτα
1158 4145 1505 4211 Θεοδόςιος
1550 4147 1864 4226 ἐπιτεμὼν
1917 4148 2033 4212 τόν
2078 4170 2146 4213 τε
2191 4149 2458 4230 ἀριθμὸν
2504 4158 2635 4218 τῶν
2684 4156 2939 4233 βιβλίων
2984 4158 3059 4221 τό
3104 4178 3173 4221 τε

593 4246 790 4321 μῆκος
836 4242 1143 4327 ἐφύλαξε,
1190 4247 1294 4310 διὰ
1338 4246 1413 4311 τὸ
1459 4250 1538 4326 μὴ
1586 4247 1729 4312 οἷόν
1772 4269 1843 4312 τε
1890 4249 2223 4328 βραχίςτην
2270 4251 2576 4331 ἐπιτομὴν
2621 4256 2737 4333 τὴν
2773 4256 2991 4337 βίβλον
3038 4258 3171 4322 ἐπι-

593 4343 910 4427 δέξαςθαι,
956 4346 1056 4408 καὶ
1100 4345 1362 4424 μάλιςτα
1406 4347 1476 4413 ἐν
1531 4354 1623 4432 τῷ
1676 4352 1787 4426 τῆς
1832 4348 2248 4429 ὀνομαςτικῆς
2303 4352 2509 4437 τόνῳ,
2555 4358 3171 4441 πολυποικιλωτάτῳ

730 4616 782 4676 1)
821 4616 877 4664 in
914 4614 1034 4671 cod.
1071 4615 1295 4669 Tauria.
1365 4617 1429 4666 Ε.
1469 4618 1611 4667 Gud.
1653 4635 1706 4684 p.
1746 4621 1871 4672 ⁷30:
1910 4618 2122 4685 ἀπέςτη
2160 4619 2220 4671 δὲ
2256 4624 2359 4672 τοῦ
2397 4620 2720 4674 διδάξαντος
2758 4621 2982 4687 πατρός.

730 4682 783 4743 2)
821 4682 944 4732 ΑΜ.
984 4688 1042 4732 et
1080 4683 1258 4747 Sylb.:
1296 4682 1386 4735 διὰ
1419 4684 1525 4736 τὸν
1561 4683 1769 4737 οἰκεῖον
1805 4688 2032 4752 κλῆρον.
2529 4709 2544 4712 ”

731 4748 783 4810 3)
822 4749 901 4799 sic
939 4749 1060 4802 Ald.
1100 4756 1158 4800 et
1182 4750 1361 4815 sylb„
1398 4753 1458 4801 in
1495 4753 1628 4805 Cod.
1668 4754 1845 4806 Paris.
1883 4762 1941 4806 et
1977 4757 2204 4809 Taurin.
2243 4754 2486 4819 μετρική.
