3664 5546
651 298 865 346 CXXIV
1723 294 2141 346 PRAEFATIO.

647 454 942 534 ἀρεενικὰ
984 453 1271 533 πέφυκεν
1318 451 1497 517 εἶναι.
1586 450 1644 514 Ε
1705 450 2054 516 verborum
2111 471 2378 514 numero
2437 450 2760 515 mentione
2818 448 3018 533 digna
3071 458 3223 514 sunt

647 557 786 622 οἶδε
829 578 959 620 non
1007 553 1280 617 multum
1327 553 1658 617 diversum
1704 553 1787 617 ab
1832 553 1963 632 ἔχει
2008 573 2066 616 e.
2111 574 2172 636 g.
2219 552 2508 637 Theogn.
2560 553 2710 635 154,
2764 552 2839 615 13
2883 554 2958 618 τὸ
3003 552 3057 618 ὦ
3104 553 3220 617 οὐκ

647 659 826 725 οἶδεν
871 657 1138 737 ἀριθμόν
1184 665 1250 719 et
1295 654 1513 742 paullo
1546 663 1693 740 post
1729 655 1804 718 15
1848 657 1923 720 τὸ
1968 656 2022 720 ὦ
2067 656 2186 721 οὐκ
2229 655 2368 720 οἶδε
2398 657 2588 732 γένος
2603 705 2621 738 ,
2665 677 2859 741 porro
2904 656 3219 734 ὑπιεχνεῖ-

645 768 782 827 (θαι
839 758 1214 842 significans
1273 766 1652 844 exspectare
1712 757 1922 821 sinere
1977 756 2153 820 Mon.
2203 757 2313 838 15,
2364 758 2442 821 13
2501 760 2578 823 τὰ
2633 759 2720 824 εἰε
2754 748 2879 825 bo}
2942 759 3222 836 λήγοντα

646 864 989 943 διεύλλαβα
1031 869 1122 946 τῷ
1167 865 1204 925 ὂ
1251 861 1748 939 παραληγόμενα
1790 861 2045 925 εὐθεῖαν
2093 862 2477 940 ὑπιεχνεῖται
2536 869 2774 927 πτῶειν
2830 862 3015 943 ὁδόε,
3071 883 3222 927 επο-

647 966 785 1031 δόε·
846 965 925 1030 οὐ
983 964 1240 1041 δόκιμοε
1284 962 1408 1041 ἄρα
1461 964 1502 1041 ἡ
1547 963 1762 1040 γενικὴ
1808 963 2027 1027 ποδόε.
2116 961 2405 1046 Theogn.
2460 962 2610 1044 154,
2663 963 2741 1027 15
2794 968 2923 1029 πᾶν
2981 963 3222 1043 ἄρθρον

646 1069 1033 1147 ὑπιεχνεῖται
1078 1066 1300 1148 γένος,
1354 1067 1429 1130 τὸ
1486 1066 1557 1128 δ“ε
1611 1063 1664 1128 ὦ
1720 1063 1838 1128 οὐκ
1898 1063 2037 1129 οἶδε
2092 1066 2297 1142 γένος.
2357 1101 2443 1112 -—
2495 1064 2721 1150 Neque
2776 1065 3223 1151 praetermitto

646 1169 920 1233 verbum
978 1167 1255 1249 διδόναι,
1313 1166 1393 1231 de
1460 1166 1642 1228 cuius
1701 1187 1825 1230 usu
1893 1166 2078 1229 vario
2136 1175 2201 1230 et
2255 1164 2598 1253 multiplici
2656 1168 3225 1252 grammaticorum

645 1269 958 1336 Lehrsius
1006 1267 1088 1332 de
1132 1267 1335 1331 Arist.
1381 1290 1445 1354 p.
1498 1267 1574 1331 18
1621 1265 1724 1330 ed.
1770 1266 1842 1330 II
1885 1266 2084 1349 dixit,
2143 1265 2474 1332 intellectu
2517 1268 2916 1334 concedendi
2962 1267 3068 1334 vel
3116 1269 3225 1333 ad-

649 1370 951 1436 mittendi
996 1392 1051 1434 e.
1101 1392 1165 1454 g.
1210 1371 1417 1436 πάθοε
1462 1371 1708 1436 διδόναι
1755 1392 1856 1456 ap.
1904 1369 2228 1436 Choerob.
2277 1368 2463 1434 Orth.
2495 1370 2651 1452 271,
2699 1372 2815 1436 ubi
2861 1369 3225 1435 technicum

648 1475 693 1538 i.
740 1496 795 1538 e.
841 1471 1292 1538 Herodianum
1336 1471 1707 1559 loquentem
1761 1471 1949 1536 facit:
2012 1475 2181 1550 λέγει
2234 1473 2272 1538 ὁ
2315 1476 2601 1553 τεχνικὸς
2656 1474 2754 1539 ὅτι
2799 1476 3012 1540 πολλὰ
3055 1475 3227 1552 πάθη

652 1579 927 1642 ἐνταῦθα
985 1578 1243 1652 γέγονε·
1301 1577 1515 1640 δίδωει
1564 1575 1682 1656 (sc.
1728 1575 2039 1659 Τρύφων)
2096 1577 2219 1653 γὰρ
2275 1577 2642 1660 ἀποβολήν,
2702 1596 2845 1640 cum
2901 1599 3027 1662 quo
3084 1574 3227 1639 loco

649 1680 945 1743 conferre
975 1677 1189 1765 placet
1218 1675 1298 1740 Il.
1330 1676 1439 1740 Pr.
1470 1678 1513 1741 Ε
1543 1676 1695 1740 256;
1747 1682 1947 1756 δῆλον
1993 1680 2089 1744 ὅτι
2135 1680 2348 1743 πολλὰ
2393 1679 2591 1757 πάθη·
2638 1680 2903 1757 ευετολὴ
2935 1680 3057 1757 γὰρ
3099 1681 3228 1743 κτλ.

650 1779 901 1846 Eadem
957 1780 1156 1844 dictio
1211 1778 1487 1843 recurrit
1542 1780 1607 1843 in
1665 1779 1744 1843 E.
1791 1780 1884 1844 M.
1929 1780 2085 1860 422,
2137 1779 2215 1843 12
2272 1780 2377 1864 (Ε.
2427 1779 2602 1845 Gud.
2652 1779 2808 1861 238,
2854 1779 2967 1864 30)
3022 1781 3226 1858 ἠθεῖε

650 1885 719 1949 ἑκ
761 1884 885 1961 γὰρ
929 1887 1046 1948 τοῦ
1102 1886 1275 1947 θεῖος
1330 1884 1432 1947 καὶ
1485 1881 1524 1959 ἡ
1582 1882 1738 1962 αὐτὴ
1796 1884 1968 1949 τάειε
2025 1885 2282 1950 εώζεται
2344 1883 2442 1948 καὶ
2497 1884 2683 1960 ὀλίγα
2735 1883 2904 1962 πάθη
2963 1881 3229 1965 δίδοται,

651 2007 845 2073 quem
902 1985 1112 2048 locum
1169 1992 1427 2070 praeter
1480 2005 1652 2065 rem,
1721 1983 1790 2048 id
1847 1984 2025 2072 quod
2078 1985 2209 2048 iam
2265 2008 2464 2072 supra
2508 1983 2758 2063 monui,
2819 1985 3013 2047 etiam
3068 1983 3231 2048 haec

653 2086 910 2152 dicendi
966 2086 1130 2151 ratio
1186 2084 1674 2150 Herodianeum
1727 2109 1873 2151 esse
1930 2086 2139 2152 docet.
2240 2087 2387 2150 Non
2458 2087 2668 2150 minus
2727 2085 2970 2169 gaudet
3025 2084 3231 2149 Hero-

654 2189 885 2255 dianus
932 2188 1217 2253 dietione
1261 2190 1336 2253 τὸ
1381 2188 1813 2270 ὀφειλόμενον
1860 2189 2242 2256 ἀποδιδόναι
2272 2189 2451 2255 Mon.
2486 2190 2545 2269 7,
2577 2187 2689 2270 26;
2736 2188 2798 2270 8,
2828 2186 2943 2269 24;
2990 2187 3088 2268 14,
3125 2187 3229 2266 21,

653 2314 819 2379 quae
865 2314 1063 2378 quum
1106 2291 1174 2354 in
1218 2290 1344 2377 Ep.
1390 2289 1497 2355 Cr.
1543 2289 1580 2356 I
1623 2290 1778 2374 255,
1832 2291 1912 2356 10
1970 2293 2269 2372 Καδμηῖδι
2316 2293 2460 2375 γαίῃ
2517 2291 2582 2353 in
2637 2288 2808 2371 1000,
2865 2289 2980 2354 ubi
3036 2289 3233 2353 etiam

653 2417 755 2458 res
800 2393 1245 2459 Herodianum
1294 2392 1544 2478 prodit,
1591 2395 1988 2479 reperiatur,
2036 2404 2216 2458 ortus
2249 2392 2698 2458 Herodianeus
2742 2393 2951 2477 magis
2984 2390 3230 2479 patefit.

654 2493 975 2561 Attendas
1022 2497 1219 2560 etiam
1264 2493 1349 2558 ad
1404 2518 1593 2559 usum
1649 2497 1835 2561 verbi
1888 2501 2366 2577 κατηγορεῑεθαι
2424 2493 2649 2559 eodem
2706 2494 2842 2559 fere
2898 2491 3233 2558 intellectu

654 2620 781 2685 quo
826 2600 1181 2682 τάεεεεθαι,
1229 2600 1684 2682 λαμβάνεεθαι,
1729 2602 1998 2665 τίθεεθαι
2047 2598 2289 2663 Arcad.
2326 2598 2423 2679 16,
2476 2598 2551 2660 12
2594 2599 2672 2663 τὰ
2717 2598 2806 2662 εἰ(
2848 2603 2949 2661 ’ων
2991 2597 3233 2676 θηλυκὰ

655 2706 735 2783 μὴ
782 2703 886 2767 ἐπὶ
929 2699 1186 2767 πόλεων
1218 2702 1783 2782 κατηγορούμενα.
1872 2699 2179 2766 Notabile
2236 2710 2337 2765 est
2390 2702 2585 2770 etiam
2632 2699 2904 2764 verbum
2948 2700 3235 2765 κατεπεί-

653 2828 789 2882 γειν
835 2804 1109 2889 cogendi
1151 2812 1505 2890 potestate:
1555 2802 1632 2868 Il.
1679 2803 1788 2868 Pr.
1838 2807 1882 2871 Ρ
1926 2804 2049 2868 218
2095 2806 2224 2870 ἐκεῖ
2266 2806 2388 2883 γὰρ
2433 2806 2508 2870 τὸ
2554 2805 2787 2883 μέτρον
2834 2790 3235 2885 κάτήπειγεν,

655 2909 881 2974 ἐνθάδε
926 2910 996 2973 δὲ
1043 2907 1236 2973 οὐδὲν
1281 2907 1664 2986 κατεπείγει,
1709 2906 1881 2969 unde
1913 2905 2332 2970 confirmatur
2361 2904 2704 2971 articulum
2736 2904 2815 2969 E.
2848 2905 2938 2970 M.
2974 2905 3118 2987 746,
3158 2905 3235 2968 14

654 3012 956 3076 Ταλαῶο·
1003 3009 1082 3075 οὐ
1128 3010 1480 3085 κατεπείγει
1525 3010 1595 3073 δέ
1642 3006 2005 3071 Herodiani
2048 3031 2212 3071 esse.
2303 3006 2501 3072 Haud
2554 3007 2747 3071 facile
2804 3007 3075 3073 verbum
3133 3031 3234 3074 ευ-

658 3113 1047 3193 (χηματίζειν
1094 3107 1270 3196 apud
1316 3107 1520 3173 alium
1564 3110 2063 3193 grammaticum
2107 3111 2392 3195 reperias
2438 3109 2523 3174 cf.
2557 3109 2762 3174 Lehrs
2808 3133 2870 3196 p.
2903 3109 3007 3175 46.
3080 3110 3234 3174 Fre-

657 3236 861 3302 quens
907 3224 1008 3277 est
1037 3209 1412 3276 Herodiano
1456 3210 1731 3275 verbum
1775 3210 2132 3291 κατορθοῦν
2178 3213 2501 3277 sententia
2543 3222 2718 3277 recte
2761 3212 3232 3278 constituendi:

656 3315 737 3380 E.
768 3314 858 3379 M.
902 3315 1041 3396 171,
1088 3314 1123 3377 7
1173 3314 1419 3380 αὔειονε
1468 3314 1680 3379 οὐδεὶς
1721 3316 1838 3380 τὸν
1884 3316 2300 3394 εχηματιεμὸν
2346 3317 2778 3395 κατώρθωεεν.
2838 3317 3011 3381 Mon.
3046 3316 3120 3394 8,
3152 3315 3237 3380 23

659 3420 903 3497 μήποτε
947 3416 1069 3482 οὖν
1110 3417 1387 3496 Δωριεῖε
1432 3416 1534 3480 διὰ
1579 3420 1694 3481 τοῦ
1738 3421 1779 3480 ᾶ
1822 3418 2305 3498 προφερόμενοι
2347 3416 2466 3501 (sc.
2497 3419 2822 3503 Ἀρταμιε)
2879 3418 3037 3484 αὐτὸ
3079 3418 3238 3483 κατά

658 3542 716 3583 τι
774 3523 1180 3600 κατορθοῡει,
1251 3517 1319 3581 in
1376 3540 1502 3604 quo
1570 3517 1709 3584 loco
1779 3518 1977 3584 etiam
2039 3519 2362 3584 restrictio
2428 3541 2547 3606 per
2610 3521 2766 3585 κατά
2809 3542 2866 3584 τι
2933 3518 3240 3585 admonet

660 3618 1019 3685 Herodiani
1062 3621 1129 3684 in
1163 3619 1241 3683 E.
1272 3618 1362 3683 M.
1393 3619 1540 3701 508,
1571 3621 1655 3685 29
1700 3622 1858 3687 κατά
1886 3644 1943 3687 τι
1988 3623 2102 3701 μέν
2148 3623 2309 3687 ἐςτιν
2342 3620 2839 3700 ἀναλογώτερον
2882 3622 2958 3687 τὸ
3003 3626 3236 3707 κεῖνος,

659 3724 815 3788 κατά
860 3744 917 3787 τι
963 3724 1034 3787 δὲ
1076 3724 1152 3791 τὸ
1199 3723 1441 3788 ἐκεῖνος
1500 3733 1565 3787 et
1608 3723 1761 3804 318,
1812 3724 1890 3788 18
1945 3725 2144 3789 ἐθέλω
2187 3760 2271 3771 -
2315 3726 2389 3789 τὸ
2434 3724 2557 3803 γὰρ
2604 3724 2804 3788 ἐθέλω
2859 3725 3237 3803 παράλογον

659 3826 817 3890 κατά
860 3847 916 3890 τι
963 3826 1143 3891 ἑετιν.
1234 3823 1586 3911 Compares
1632 3847 1874 3910 quaeso
1920 3826 2114 3890 etiam
2158 3825 2347 3890 haee:
2396 3825 2569 3890 Mon.
2614 3825 2688 3908 4,
2734 3825 2818 3889 35
2864 3827 2942 3891 οὐ
2988 3827 3239 3906 πρόκει-

659 3948 759 3992 ται
804 3928 952 4007 ἡμῖν
998 3930 1143 4010 περὶ
1197 3930 1398 4007 πάεηε
1441 3929 1670 3994 λέξεως
1714 3917 1955 4012 λέγειν,
2002 3928 2168 3993 ἀλλὰ
2211 3932 2341 3993 κτλ.
2385 3939 2448 3992 et
2493 3929 2571 3993 Ε.
2618 3927 2709 3992 M.
2754 3928 2914 4009 506,
2960 3928 3045 3992 20
3091 3930 3239 4009 Κέρ-

662 4050 877 4109 κυροεῑ
933 4033 1081 4110 περὶ
1123 4032 1392 4112 τούτου,
1439 4031 1494 4095 εἰ
1548 4033 1622 4096 τὸ
1672 4032 1909 4110 Κέρκυρ
1956 4030 2072 4094 οὐκ
2129 4030 2401 4114 εἴρηται,
2458 4032 2536 4096 οὐ
2592 4031 2917 4109 πρόκειται
2961 4032 3140 4114 ἡμῖν,
3187 4032 3241 4096 εἰ

662 4132 788 4212 ἄρα
828 4136 956 4197 κτλ.
1004 4142 1070 4196 et
1113 4133 1181 4195 in
1226 4130 1453 4196 eodem
1499 4131 1773 4196 articulo
1817 4131 1985 4197 ἀλλὰ
2028 4133 2086 4197 τί
2130 4132 2443 4212 εἰρήκαειν
2488 4134 2790 4212 Ἕλληνες
2834 4154 2980 4196 oum
3025 4132 3104 4196 E.
3149 4132 3238 4195 M.

661 4233 819 4313 283,
864 4234 949 4297 24
1004 4237 1218 4300 οὐδεὶς
1274 4236 1442 4311 λέγει
1487 4235 1807 4315 Ἑλλήνων
1864 4243 1928 4298 et
1980 4233 2058 4298 Il.
2106 4234 2212 4298 Pr.
2261 4235 2312 4300 O
2376 4236 2454 4299 10
2508 4236 2637 4315 ἔχει
2695 4236 3007 4300 ἑπίεταειν
3063 4236 3114 4299 εἰ
3157 4270 3243 4281 -

663 4338 926 4402 δύναται
971 4342 1263 4416 (υετῆναι
1309 4339 1465 4401 κατὰ
1508 4341 1724 4417 χρῆειν
1769 4337 2151 4417 Ἑλληνικήν.
2236 4336 2688 4402 Usitatissima
2738 4347 2839 4400 est
2868 4334 3242 4400 Herodiano

664 4439 751 4505 εἰ(
796 4439 1077 4517 ἰδιότητα
1121 4438 1350 4519 dictio,
1398 4460 1562 4525 quae
1606 4438 1675 4501 in
1718 4438 2160 4526 compluribus
2207 4438 2365 4504 locis
2399 4438 2879 4505 Herodianeam
2927 4437 3242 4523 originem

665 4539 883 4621 fulcit,
929 4564 1124 4628 porro
1171 4539 1547 4605 Herodiano
1591 4540 1729 4604 fere
1772 4542 1964 4627 priva
2007 4564 2139 4606 vox
2170 4552 2272 4606 est
2312 4544 2856 4624 προεφυὲετερον,
2903 4562 3069 4627 quae
3114 4561 3241 4605 ser·

669 4654 821 4708 vata
864 4643 930 4707 in
974 4645 1343 4729 fragmento
1390 4665 1473 4706 ex
1519 4642 1863 4727 Symposio
1921 4644 1985 4707 in
2030 4646 2156 4708 An.
2205 4644 2331 4708 Ox.
2378 4645 2486 4710 III
2528 4643 2656 4708 399
2698 4645 2856 4723 ἦδος
2900 4652 2966 4708 et
3010 4643 3241 4727 proba-

665 4743 887 4809 biliter
932 4746 1238 4814 restituta
1294 4757 1394 4811 est
1447 4767 1486 4808 a
1531 4743 1802 4809 Lehrsio
1860 4745 1924 4815 in
1970 4745 2050 4810 fr.
2097 4750 2243 4832 περὶ
2286 4750 2511 4814 παθῶν
2570 4746 2639 4808 in
2691 4746 2770 4809 E.
2818 4743 2910 4809 M.
2959 4743 3113 4827 790,
3159 4743 3243 4808 43
