3664 5546
616 269 741 334 348
1554 266 1636 320 εκ
1674 266 1814 320 τΩΝ
1857 265 2266 334 ΗΡΩΔιΑΝοΥ

617 441 691 506 ἰώ
756 441 880 519 γὰρ
947 442 985 518 ἡ
1046 440 1276 518 ςελήνη
1343 439 1501 503 κατὰ
1563 440 1680 524 τὴν
1736 443 1867 503 τῶν
1929 437 2227 517 Ἀργείων
2282 439 2630 503 διάλεκτον.
2721 439 2971 504 Μωθώ
3028 440 3204 519 κώμη

615 543 919 624 Ἀραβίας.
1004 541 1233 606 Πυθώ
1279 542 1317 620 ἡ
1374 546 1491 606 τοῦ
1537 541 1948 606 Ἀπόλλωνος
1999 543 2186 607 πόλις
2232 541 2364 606 «ὡς
2417 541 2541 619 γάρ
2604 540 2667 604 οἱ
2723 541 2955 619 χρείων
3011 543 3204 620 μυθή-

615 665 766 709 ςατο
820 643 1062 725 Φοῖβος
1118 643 1450 707 Ἀπόλλων
1499 643 1713 707 Πυθοῖ
1768 642 1839 706 ἐν
1894 641 2174 727 ἠγαθέῃ»
2236 632 2391 724 (od.
2437 648 2474 706 θ
2519 640 2653 726 80).
2744 625 2986 722 (αβώ’
3015 644 3203 707 πόλις

615 747 854 827 μεγάλη
899 745 1103 823 πέραν
1147 749 1258 823 τῆς
1302 745 1598 822 Ἐρυθρᾶς
1643 744 1969 822 θαλάςςης.
2061 743 2327 821 (αρδώ
2372 748 2589 821 νῆςος·
2633 745 2720 828 ’τῇ
2767 743 3005 823 (αρδοῖ
3045 742 3201 809 ἀνα-

552 858 585 909 5
616 849 826 925 λόγως
871 848 1119 923 λέγεται
1163 848 1267 911 καὶ
1310 845 1571 924 (αρδών
1619 847 1709 910 ὡς
1752 852 1827 930 τῇ
1871 846 2087 910 Πυθοῖ
2127 845 2496 923 παράκειται
2541 846 2798 910 Πυθών.
2874 846 3199 925 (αμαθώ

614 950 652 1015 ὅ
707 950 830 1014 ἑςτι
884 948 1125 1028 μεγάλη
1182 949 1339 1013 κατὰ
1394 949 1511 1026 τὴν
1565 951 1696 1013 τῶν
1754 946 2006 1026 Λιβύων
2063 948 2327 1028 φωνήν,
2381 950 2661 1012 καλεῖται
2722 947 2955 1024 Μάγνα
3009 951 3202 1026 νῆςος

611 1051 860 1132 Λιβυκή.
966 1051 1313 1131 Καβειρώ
1373 1051 1410 1128 ἡ
1465 1049 1790 1127 Πρωτέως
1847 1049 1949 1113 καὶ
1993 1048 2355 1129 Ἀγχινόης,
2412 1048 2538 1129 ἀφ’
2581 1048 2656 1127 ἧς
2712 1049 2813 1113 καὶ
2855 1049 3201 1129 Ἡφαίςτου

617 1155 949 1232 Καδμῖλος.
1050 1152 1270 1216 Ῥοιώ
1327 1151 1365 1229 ἡ
1410 1151 1706 1229 Ζάρηκος
1762 1150 2058 1229 θυγάτηρ.
2150 1149 2467 1227 (υρακώ
2527 1150 2725 1229 λίμνη.
2815 1151 3200 1230 Ταχεμψώ

614 1239 1159 1334 νῆςοςἈίθιοπίας
1202 1253 1366 1331 πρὸς
1410 1259 1486 1336 τῇ
1518 1252 1743 1336 Λιβύῃ,
1791 1252 1882 1316 ὡς
1913 1251 2265 1330 Ἡρόδοτος
2309 1252 2575 1336 δευτέρᾳ
2607 1254 2688 1333 (ο.
2723 1251 2848 1334 29).
2909 1253 3200 1332 Χομψώ

516 1363 580 1413 10
615 1361 808 1435 νῆςος
852 1356 922 1421 ἐν
967 1361 1059 1439 τῷ
1108 1354 1344 1437 Νείλῳ,
1389 1354 1539 1433 μέςη
1581 1353 1908 1418 Αἰθιοπίας
1963 1354 2065 1418 καὶ
2106 1352 2444 1429 Αἰγύπτου.
2531 1353 2874 1434 Ὑρνηθώ
2918 1355 2958 1433 ἡ
3001 1354 3202 1433 Τημέ-

613 1479 734 1523 νου
780 1457 1075 1535 θυγάτηρ.
1110 1508 1123 1520 ,
1164 1457 1383 1537 Ψεβώ
1437 1456 1618 1534 χώρα
1672 1453 1983 1533 ἐνδοτάτη
2029 1453 2383 1537 Αἰθιοπίας,
2439 1456 2586 1533 περὶ
2640 1455 2716 1534 ἧς
2759 1456 3201 1535 Ἀριςταγόρας

613 1560 685 1625 ἐν
728 1558 1176 1634 Αἰγυπτιακοῖς
1217 1558 1369 1622 τάδε
1412 1557 1646 1635 γράφει
1693 1554 1918 1620 «οὗτοι
1975 1556 2054 1634 δή
2099 1576 2294 1636 φαςιν
2350 1554 2514 1622 εἶναι
2571 1557 2790 1635 χώραν
2835 1556 3200 1636 άπέχουςαν

612 1659 938 1725 Αἰθιοπίας
990 1659 1242 1739 ἡμερῶν
1299 1660 1493 1724 πέντε
1547 1657 1949 1737 καλουμένην
2005 1657 2191 1736 Ψεβώ
2207 1681 2250 1719 ».
2343 1659 2798 1737 Ἀρτεμίδωρος
2856 1661 2925 1724 ἐν
2980 1659 3201 1743 ὀγδόῳ

613 1762 1221 1841 γεωγραφουμένων
1277 1760 1502 1839 λίμνην
1558 1757 1722 1823 εἶναί
1777 1779 1944 1838 φηςι.
2045 1759 2364 1823 Ψενακώ
2431 1759 2605 1839 κώμη
2673 1763 2783 1837 τῆς
2848 1761 3197 1841 Ἀθριβίτου

520 1870 578 1921 15
614 1867 856 1944 νομοῦ,
917 1864 1006 1927 ὡς
1064 1862 1521 1941 Ἀρτεμίδωρος
1577 1860 1646 1925 ἐν
1703 1860 1921 1943 ὀγδόῳ
1973 1861 2597 1940 γεωγραφουμένων.
2701 1862 2946 1943 Κυβώ,
3003 1863 3041 1940 ἣ
3098 1865 3202 1928 καὶ

619 1966 849 2046 Κύβος,
905 1964 1092 2029 πόλις
1138 1963 1370 2029 Ἰώνων
1426 1963 1495 2028 ἐν
1540 1961 1735 2045 Λιβύῃ
1790 1962 2123 2027 Φοινίκων.
2212 1961 2536 2027 Ἑκαταῖος
2590 1964 2950 2042 περιηγήςει
3006 1965 3201 2043 αὐτῆς

617 2068 760 2130 «καὶ
804 2066 1022 2149 λιμήν,
1065 2067 1297 2129 Ἵππου
1342 2063 1500 2143 ἄκρη
1546 2066 1647 2128 καὶ
1695 2064 1876 2143 Κυβώ
1892 2087 1935 2125 ».
2028 2064 2395 2141 Χορταςώ
2438 2063 2626 2128 πόλις
2668 2065 3021 2141 Αἰγύπτου·
3065 2065 3200 2131 ἀπὸ

613 2168 965 2247 μέλλοντος
1025 2167 1064 2232 ὁ
1110 2166 1551 2246 ςχηματιςμός·
1611 2166 1702 2230 ὡς
1755 2166 1880 2242 γὰρ
1937 2168 2055 2229 τοῦ
2099 2165 2370 2243 καλύψω
2416 2166 2454 2244 ἡ
2505 2166 2817 2247 Καλυψώ,
2881 2167 3052 2231 οὕτω
3097 2170 3202 2232 καὶ

613 2274 730 2333 τοῦ
796 2269 1087 2348 χορτάςω
1145 2269 1463 2347 Χορταςώ.
1565 2267 1880 2345 ἱςτοροῦςι
1944 2266 2069 2344 γὰρ
2132 2267 2544 2346 Κλεοπάτραν
2612 2268 2702 2331 εἰς
2764 2268 3051 2347 πόλεμον
3116 2271 3198 2348 μὴ

513 2374 580 2425 20
615 2371 786 2450 ἔχειν
833 2370 1014 2435 ςιτία·
1077 2371 1232 2435 τούς
1288 2371 1358 2434 δ’
1402 2370 1737 2434 οἰκοῦντας
1789 2369 1907 2433 τὸν
1953 2367 2158 2432 τόπον
2202 2369 2515 2447 τοςαύτην
2572 2370 2993 2448 παραςχέςθαι
3049 2371 3197 2434 τού-

611 2494 728 2537 του
772 2475 888 2552 τὴν
933 2461 1288 2554 ἀφθονίαν,
1344 2471 1503 2536 ὥςτε
1558 2470 1859 2549 χορτάςαι
1920 2471 2126 2535 πᾶςαν
2181 2471 2298 2549 τὴν
2354 2471 2646 2549 ςτρατιάν
2703 2471 2803 2535 καὶ
2859 2470 3068 2550 ὄνομα
3120 2480 3198 2556 τῇ

612 2576 798 2639 πόλει
842 2574 1002 2652 παρ’
1045 2573 1241 2652 αὐτῆς
1285 2573 1579 2638 ἐντεῦθεν
1624 2575 1896 2649 τεθῆναι.
2039 2581 2050 2590 ’

1140 3031 1319 3095 ΠεΡι
1367 3025 1645 3096 τοΝοΥ
1690 2990 2169 3104 οΥΔετεΡςὲΝ
2217 3031 2683 3097 οΝοΜΑτΩΝ.

1704 3218 1977 3273 ΒΙΒΛΙΟΝ
2015 3211 2099 3282 ιγ’.

508 3392 574 3442 25
779 3376 924 3451 Πάν
981 3385 1326 3465 οὐδέτερον
1381 3387 1589 3467 ὄνομα
1655 3388 2315 3468 παρεςχηματιςμένον
2381 3388 2691 3472 άρςενικῷ
2748 3390 3053 3470 ὁμοτονεῖ
3105 3398 3199 3475 τῷ

612 3490 951 3571 ἀρςενικῷ,
1016 3488 1207 3567 φίλος
1272 3490 1540 3572 φίλον,
1608 3495 1859 3570 κοῦφος
1915 3494 2257 3572 κοῦφον,
2323 3491 2516 3555 καλός
2583 3492 2858 3573 καλόν,
2923 3497 3210 3570 χρυςοῦς

614 3593 993 3685 χρυςοῦν,
1028 3589 1199 3655 οὕτω
1245 3591 1346 3654 καὶ
1390 3590 1428 3655 ὁ
1473 3594 1597 3657 πᾶς
1642 3592 1717 3656 τὸ
1762 3595 1932 3657 πᾶν.
1990 3592 2065 3656 τὸ
2113 3593 2185 3656 δὲ
2229 3590 2320 3656 εἷς
2365 3592 2448 3656 ἕν
2496 3593 2981 3674 μονοςύλλαβον
3026 3592 3195 3659 ἀντί-

611 3711 807 3756 κειται
853 3691 958 3755 διὰ
999 3692 1076 3756 τὸ
1121 3694 1202 3773 μὴ
1249 3693 1550 3758 δύναςθαι
1595 3693 2081 3773 περιςπωμένην
2128 3692 2231 3757 ἐπὶ
2276 3694 2569 3773 βραχείας
2613 3692 2794 3759 εἶναι.

904 3829 1017 3836 ι..-

745 3913 781 3963 1.
816 3917 848 3964 9
883 3915 1054 3965 verba
1091 3912 1169 3964 ὡς
1206 3912 1506 3978 Ἡρόδοτος
1543 3911 1804 3979 δευτέρᾳ,
1854 3928 1994 3979 quae
2040 3930 2129 3980 ap.
2168 3914 2250 3964 St.
2286 3915 2347 3964 B.
2396 3914 2468 3965 ad
2505 3912 2718 3977 Χομψώ
2755 3917 3014 3981 apposita
3050 3922 3195 3975 sunt.

612 3987 869 4033 monente
913 3981 1193 4033 Meinekio
1242 3980 1314 4031 ad
1359 3979 1645 4044 Ταχεμψώ
1691 3982 1854 4031 traxi.
2023 3982 2060 4032 l.
2095 3984 2162 4033 25
2205 3984 2377 4033 verba
2422 3981 2568 4046 ὑπὲρ
2615 3980 2744 4045 μίαν
2788 3984 3068 4047 ςυλλαβὴν
3102 3986 3201 4034 Ar-

612 4050 761 4100 vadii
798 4051 979 4112 omisi,
1019 4050 1146 4114 quia
1185 4064 1365 4099 canon
1400 4049 1637 4114 quadrat
1674 4050 1844 4100 etiam
1868 4050 1936 4099 ad
1974 4049 2351 4114 monosyllaba
2375 4049 2528 4100 velut
2566 4052 2697 4115 πᾶν,
2740 4056 2796 4101 et
2831 4051 2894 4102 ἕν
2931 4068 3039 4102 non
3076 4068 3198 4116 pro-

614 4124 736 4182 pter
769 4116 1252 4181 monosyllabiam,
1290 4116 1383 4167 sed
1420 4123 1636 4182 propter
1672 4119 1921 4168 vocalem
1967 4123 2271 4183 correptam
2311 4123 2618 4183 exemptum
2664 4124 2764 4169 est.
2833 4118 2990 4171 οὕτω
3038 4119 3126 4170 καὶ
3163 4120 3197 4171 ὁ

613 4187 723 4237 πᾶς
766 4184 835 4235 τὸ
881 4186 997 4235 πᾶν
1050 4183 1243 4234 addidi
1296 4201 1361 4235 ex
1407 4185 1602 4235 Choer.
1636 4186 1738 4250 Ep.
1769 4186 1843 4235 'in
1887 4185 2089 4237 Psalm.
2129 4189 2219 4248 52,
2270 4189 2356 4235 10:
2412 4187 2527 4235 πᾶν
2573 4184 2877 4250 οὐδέτερον
2923 4184 3196 4252 ἀρςενικῷ

612 4250 1201 4371 ἕαέἑὶἑέἓῖᾞίῗὲ*
1214 4250 1624 4384 ἔξῖυῗὲἔὲντέ
1629 4251 2273 4385 όζὲἔωἙϊλάὲἕιξὶυἷῆἒῡῖ
2278 4252 2406 4371 {²:1¹¹
2409 4250 2586 4371 2⁰23<
2603 4251 3057 4386 {3⁰12‘Z1‘2OEffl1'<
3071 4252 3197 4374 ‘2¹33

612 4385 693 4439 εἷς
736 4387 813 4438 ἔν.
850 4414 916 4423 -
953 4389 1135 4437 Verba
1161 4358 1475 4440 ’ἀντίκειται
1512 4404 1684 4453 usque
1729 4389 1798 4438 ad
1843 4389 2004 4438 finem
2049 4390 2238 4454 recepi
2274 4404 2342 4439 ex
2375 4387 2438 4437 11.
2474 4390 2564 4439 Pr.
2602 4385 2641 4440 C
2676 4392 2800 4440 519:
2835 4360 3195 4443 ’ὑπολίζονες

612 4453 1232 4519 προπαροξυτονητέον.
1279 4455 1567 4521 πρόδηλον
1601 4454 1706 4507 κάκ
1729 4458 1834 4507 τοῦ
1862 4454 2274 4520 παρακειμένου
2301 4453 2606 4521 οὐδετέρου
2629 4454 2837 4507 «οὐδὲν
2865 4456 3051 4508 ὄλιζον
3081 4457 3196 4509 ἕξο-

613 4536 785 4585 μεν»,
834 4520 948 4585 εἴγε
995 4521 1260 4584 ὁμοτονεῖ
1312 4527 1431 4576 τοῖς
1477 4523 1794 4589 οὐδετέροις
1841 4524 1926 4576 ἀεὶ
1971 4523 2043 4575 τὰ
2086 4523 2343 4588 ἀρςενικὰ
2389 4522 2533 4574 κατὰ
2576 4523 2646 4575 τὸ
2691 4523 2855 4575 τέλος
2902 4525 3046 4576 κατὰ
3088 4526 3199 4590 τὴν

610 4588 893 4653 ἡμετέραν
917 4588 1237 4654 διάλεκτον,
1266 4590 1394 4642 ἑνὸς
1420 4590 1805 4655 ἀντικειμένου
1829 4594 1933 4642 τοῦ
1961 4590 2022 4642 ἕν
2048 4590 2136 4642 διὰ
2158 4591 2228 4643 τὸ
2255 4592 2330 4655 μὴ
2355 4590 2619 4642 δύναςθαι
2646 4591 3081 4657 περιςπωμένην
3102 4593 3197 4644 ἐπὶ

615 4654 870 4719 βραχείας
895 4656 1055 4709 εἶναι.
1114 4657 1187 4709 τὰ
1219 4658 1280 4709 δὲ
1315 4657 1737 4724 παραδείγματα
1770 4659 1995 4722 ἄφθονα
2030 4658 2124 4710 ἐπὶ
2158 4657 2335 4724 πάςης
2372 4657 2733 4723 καταλήξεως
2759 4658 2990 4724 ἑχούςης
3026 4675 3200 4725 παρα-

614 4724 989 4787 ςχηματιςμὸν
1012 4724 1333 4790 οὐδετέρου,
1354 4726 1526 4789 μέλας
1551 4726 1743 4792 μέλαν,
1769 4725 1943 4778 τάλας
1963 4725 2158 4791 τάλαν,
2181 4728 2291 4779 πᾶς
2317 4728 2448 4791 πᾶν,
2471 4725 2718 4792 εὐμήκης
2745 4726 3003 4793 εὔμηκες,
3022 4729 3198 4793 ταχύς
