3664 5546
1134 359 1293 414 ΠΕΡΙ
1334 359 1728 415 ΚΑΘΟΛΙΚΗ(
1763 360 2186 415 ΠΡΟΕΩιΔΙΑ(
2223 359 2296 427 Ε,Ἴ
2891 359 3014 424 129

595 531 741 596 Πᾶν
784 529 874 596 εἰς
916 533 1000 595 “ο“ς
1043 530 1326 610 καθαρὸν
1370 532 1533 612 ὑπὲρ
1578 532 1699 597 δύο
1745 533 2057 613 ςυλλαβὰς
2110 538 2187 616 τῇ
2230 535 2299 594 ’ὦ
2351 531 2685 616 διφθόγγῳ
2728 535 3012 610 παραλη-

424 634 739 716 γόμενον,
781 633 837 698 εἰ
877 632 1008 698 ἀπὸ
1058 633 1573 715 ὀξυτονουμένου
1618 638 1897 715 θηλυκοῦ
1940 635 2227 717 γένοιτο,
2272 637 2805 717 προπεριςπᾶται,
2850 632 3014 713 ἀρχή

426 734 788 819 ἀρχαῖος,
834 737 1088 816 κορυφή
1133 740 1614 820 κορυφαῖος,
1659 738 1831 816 πηγή
1876 741 2250 820 πηγαῖος,
2293 735 2524 818 ἀμοιβή
2569 735 3013 820 ἀμοιβαῖος,

426 839 672 917 ςπουδή
718 841 1188 922 ςπουδαῖος,
1244 841 1453 918 τροπή
1508 843 1920 923 τροπαῖος,
1978 838 2135 919 εὐνή
2189 837 2528 904 εὐναῖος.
2615 838 2743 905 ἔςτι
2796 840 2868 904 δὲ
2911 840 3016 902 καὶ

427 940 766 1006 Εύναῖος
810 941 1100 1020 ποταμὸς
1148 941 1391 1019 Καρίας.
1479 941 1553 1006 τὸ
1600 941 1815 1021 μέντοι
1862 941 2335 1007 ἐπιπόλαιος
2379 940 2499 1006 οὐκ
2541 939 2674 1007 ἀπὸ
2717 944 2834 1007 τοῦ
2879 940 3012 1005 ἐπι-
3041 946 3074 995 5
3176 953 3184 959 ’

424 1045 632 1121 πολῆς
674 1047 1014 1126 παρῆκται,
1060 1042 1228 1108 ἀλλὰ
1271 1043 1447 1122 παρὰ
1487 1043 1564 1107 τὸ
1595 1044 1995 1112 ἐπιπολάζω·
2040 1045 2209 1122 πλὴν
2255 1043 2318 1108 οἱ
2347 1034 2611 1109 πλείους
2650 1042 2809 1108 αὐτὸ
2840 1063 3013 1122 περι-

426 1150 677 1211 ςπῶςιν.
764 1145 1273 1221 Ἐπιπολαῖος
1316 1147 1387 1211 δὲ
1430 1147 1508 1212 τὸ
1555 1145 1822 1212 ἐθνικόν.
2776 1202 2783 1225 ,

596 1272 635 1308 2»
679 1248 773 1312 Τὰ
817 1246 948 1312 ἀπὸ
991 1253 1124 1313 τῶν
1169 1247 1258 1313 εἰς
1302 1251 1345 1311 ἃ
1389 1247 1721 1327 ληγόντων
1765 1254 1972 1332 μακρᾷ
2002 1249 2556 1328 παραληγομένων
2599 1247 3017 1327 παραγόμενα

424 1351 532 1415 διὰ
562 1354 680 1416 τοῦ
726 1353 865 1415 <W
908 1354 1447 1429 προπεριςπᾶςθαι
1477 1351 1677 1435 θέλει,
1724 1354 1926 1430 μοῦςα
1956 1351 2387 1433 Μουςαῖος,
2430 1353 2832 1433 γενναῖος,
2876 1350 3013 1414 Πι-

425 1457 680 1537 ςαῖος,
726 1453 1073 1537 ἑρςαῖος,
1118 1453 1443 1518 Ἀςαῖος·
1487 1453 1665 1533 παρὰ
1705 1453 1830 1533 γὰρ
1874 1455 1951 1518 τὸ
1996 1451 2142 1518 αἷςα
2167 1453 2440 1535 γέγονεν
2470 1453 2573 1518 καὶ
2601 1452 2811 1531 ἐξέςτη
2855 1452 3012 1530 πρό·
3051 1455 3117 1507 10

425 1575 616 1635 τερον
660 1556 735 1621 τὸ
784 1559 826 1618 ῑ.
885 1555 966 1619 οὐ
1011 1555 1275 1633 μάχεται
1317 1556 1394 1621 τὸ
1423 1556 1749 1634 Ἥραιος
1791 1555 2481 1635 προπαροξυνόμενον·
2526 1554 2691 1634 πρὸς
2734 1554 2858 1632 γὰρ
2902 1551 3013 1619 ἀν-

423 1658 826 1735 τιδιαςτολὴν
891 1661 1008 1723 τοῦ
1074 1658 1691 1736 προπεριςπωμένου
1754 1656 2111 1722 ἐπιθετικοῦ
2177 1656 2466 1733 ἐγένετο·
2526 1656 2678 1722 ὅθεν
2742 1657 3014 1735 Ἥραιον

424 1761 611 1825 πόλις
667 1760 933 1842 Θρᾴκης.
1021 1758 1371 1838 Ἡρόδοτος
1414 1760 1683 1844 τετάρτῃ
1728 1757 1810 1842 (ο.
1855 1757 2002 1843 90),
2056 1760 2133 1825 τὸ
2189 1760 2260 1824 δὲ
2313 1762 2528 1838 τεῖχος
2570 1757 2853 1837 Ἡραῖον.
2938 1758 3016 1823 τὸ

424 1863 641 1941 μέντοι
696 1860 1073 1940 Πείραιος
1128 1862 1789 1941 προπαροξυνόμενον
1845 1862 2021 1940 παρὰ
2086 1860 2255 1941 ῥῆμα
2305 1861 2381 1925 τὸ
2436 1865 2638 1939 πειρῶ
2696 1860 2786 1925 ὡς
2840 1859 3016 1938 παρὰ

424 1965 500 2029 τὸ
547 1967 719 2043 φιλῶ
761 1963 1023 2037 Φίλαιος
1066 1965 1169 2028 καὶ
1209 1964 1386 2042 παρὰ
1428 1965 1504 2030 τὸ
1551 1964 1782 2044 βέβηκα
1812 1964 2079 2045 βέβαιος.
2133 1965 2210 2028 τὸ
2257 1965 2328 2028 δὲ
2371 1963 2750 2041 Πειραιός
2777 1998 2863 2009 --
2902 1961 3012 2027 οὕ·
3052 1965 3116 2018 15

426 2084 554 2130 τως
597 2064 888 2131 ἐκαλεῖτο
932 2065 970 2130 ὁ
1017 2069 1201 2146 λιμὴν
1245 2069 1359 2143 τῆς
1401 2065 1675 2145 Ἀττικῆς
1718 2067 1824 2130 καὶ
1863 2066 1940 2131 τὸ
1985 2065 2238 2130 ἐθνικόν
2293 2064 2676 2144 ὁμοφώνως.
2747 2063 3013 2143 ύςτερον

427 2169 497 2233 δὲ
541 2167 895 2247 Πειραιεύς.
983 2167 1110 2232 ἔςτι
1154 2168 1226 2232 δὲ
1268 2168 1374 2231 καὶ
1414 2172 1526 2246 τῆς
1574 2168 1903 2246 Κορινθίας
1948 2167 2133 2246 λιμήν
2175 2202 2262 2251 -,-
2315 2168 2481 2246 πρὸς
2531 2165 3012 2246 ἀντιδιαςτολὴν

424 2268 732 2336 ὀξύνεται.

595 2392 635 2428 *
684 2371 797 2435 Καὶ
836 2370 1120 2435 καθόλου
1162 2371 1243 2436 τὰ
1286 2369 1417 2435 ἀπὸ
1463 2376 1593 2436 τῶν
1638 2370 1727 2436 εἰς
1772 2373 1814 2434 fi
1857 2371 1897 2451 ἢ
1940 2371 1980 2448 ἦ
2024 2371 2065 2448 ἢ
2121 2369 2209 2435 εἰς
2260 2374 2342 2434 ὀἳ
2395 2369 2811 2449 παραγόμενα
2852 2389 3012 2449 προ-

425 2476 829 2555 περιςπᾶται,
885 2473 1024 2551 ὥρα
1085 2472 1407 2555 ὡραῖος,
1463 2472 1626 2552 θύρα
1668 2473 2032 2553 θυραῖος,
2086 2472 2309 2536 Πέλλα
2362 2472 2794 2555 Πελλαῖος,
2853 2472 3115 2540 relocato

428 2577 786 2658 Γαζαῖος,
831 2574 950 2655 ὕλη
996 2573 1305 2657 ύλαῖος,
1349 2574 1520 2653 πύλη
1566 2576 1933 2657 πυλαῖος,
1977 2572 2179 2652 Δίκτη
2222 2574 2633 2657 Δικταῖος,
2679 2572 2834 2654 Οἴτη
2880 2573 3009 2638 Οἰ-

424 2681 600 2743 ταῖο
618 2698 666 2743 ς.
743 2676 1079 2755 (οφοκλῆς
1126 2675 1296 2752 «ἐγὼ
1343 2678 1458 2755 μὲν
1502 2675 1557 2740 ὦ
1598 2675 1910 2752 γένεθλον
1954 2674 2214 2740 Οἰταίου
2258 2676 2539 2755 πατρός»
2588 2671 2785 2758 (Phil.
2828 2673 3009 2760 453),

425 2779 625 2859 ἀγέλη
680 2778 1077 2856 ἀγελαῖος.
1154 2780 1230 2843 τὸ
1284 2780 1356 2844 δὲ
1413 2779 1809 2855 Ἀγέλαιος
1862 2777 2084 2857 κύριον
2128 2779 2715 2863 προπαροξύνεται,
2770 2778 3010 2859 δρόμος

426 2885 842 2964 δρομαῖος,
887 2881 1112 2961 χέρςος
1155 2884 1553 2965 χερςαῖος,
1607 2882 1872 2961 ἤπειρος
1916 2882 2367 2965 ἠπειραῖος,
2413 2883 2773 2964 νηςαῖος,
2817 2880 3007 2960 Ἀμυ-

426 2984 584 3063 μιίος
640 2985 1144 3065 Ἀμυμναῖος,
1197 2983 1476 3063 Ἀμυρος
1531 2983 1974 3074 Ἀμυραῖος,
2038 2984 2281 3061 Ἀπρος
2336 2983 2716 3061 Ἀπραῖος.
2803 2984 2881 3048 τὸ
2939 2984 3011 3048 δὲ
3047 2988 3113 3039 25

426 3087 768 3167 φύλαιος
835 3086 939 3150 καὶ
1003 3084 1354 3149 δείλαιος
1417 3085 2041 3164 προπαροξύνονται.
2129 3086 2232 3149 καὶ
2283 3085 2360 3149 τὸ
2419 3084 2718 3150 δίκαιος
2785 3086 2856 3150 δὲ
2910 3086 3015 3149 καὶ

428 3188 686 3268 βίαιος
728 3168 1365 3270 προπαροξύνὸνται,
1421 3186 1638 3266 ἐπειδὴ
1682 3188 1764 3251 τὰ
1808 3185 1939 3253 ἀπὸ
1984 3188 2278 3265 θηλυκῶν
2330 3187 2749 3266 παραγόμενα
2791 3188 2896 3252 καὶ
2935 3188 3011 3253 τὸ

424 3291 469 3353 “r
502 3290 573 3355 ἐν
616 3297 693 3374 τῇ
738 3288 902 3373 ἀρχῇ
946 3290 1182 3368 ἔχοντα
1223 3289 1815 3368 προπαροξύνεςθαι
1860 3277 2045 3354 θέλει.
3048 3305 3051 3309 “

595 3392 689 3457 Τὰ
731 3391 1087 3472 παρώνυμα
1115 3391 1276 3470 παρ’
1316 3392 1678 3470 οὐδετέρων
1716 3391 2023 3470 γινόμενα
2062 3390 2354 3458 ὀξύνεται
2364 3375 2400 3474 ,’
2426 3393 2626 3469 γῆρας
2667 3390 3013 3475 γηραιός,

425 3494 617 3573 γέρας
658 3493 1012 3576 γεραιός,
1068 3493 1298 3572 κράτος
1341 3494 1744 3577 κραταιός,
1800 3492 1856 3557 εἰ
1911 3495 1993 3574 μὴ
2036 3493 2177 3572 ἔχοι
2220 3494 2511 3573 κτητικὴν
2566 3492 2864 3573 ςημαςίαν
2920 3493 3011 3559 ὡς
3045 3498 3115 3550 30

562 3784 602 3834 1.
638 3787 669 3835 3
705 3799 774 3834 ex
809 3783 1057 3848 T-heogn.
1095 3784 1179 3846 51,
1214 3785 1280 3833 27
1317 3782 1509 3833 addidi
1544 3781 1700 3849 πηγή
1725 3811 1791 3819 -
1817 3781 2066 3846 εὐναῖος,
2105 3780 2337 3835 Εὒναῖος
2375 3798 2441 3833 ex
2475 3782 2557 3834 St.
2585 3782 2676 3844 Β.,
2713 3798 2783 3833 ex
2818 3782 3008 3833 eodem

424 3853 482 3902 in
518 3850 626 3902 fine
666 3849 1036 3903 Ἐπιπολαῖος.
1174 3849 1210 3902 1.
1247 3852 1280 3901 8
1314 3850 1460 3901 hune
1496 3867 1761 3903 canonem
1798 3868 1866 3902 ex
1900 3851 1963 3903 11.
1993 3853 2082 3905 Pr.
2109 3849 2153 3903 Λ
2184 3853 2282 3902 301
2347 3851 2550 3916 umpsi,
2588 3867 2655 3901 ex
2692 3850 2774 3900 St.
2799 3852 2862 3903 B.
2888 3852 3006 3914 803,

427 3923 490 3971 13
526 3918 738 3970 inserui
783 3919 819 3969 l.
861 3922 921 3970 12
958 3918 1093 3970 ὅθεν
1126 3944 1194 3953 --
1229 3921 1413 3982 τεῖχος
1451 3917 1677 3984 Ἡραῖον
1723 3924 1780 3970 et
1815 3920 1851 3970 l.
1892 3923 1954 3971 15
1998 3918 2067 3970 τὸ
2104 3917 2166 3970 δὲ
2200 3917 2308 3971 Πει
2344 3917 2467 3971 αιός
2509 3933 2681 3984 usque
2730 3918 2802 3969 ad
2844 3917 3007 3968 finem

425 3988 661 4054 apposui
699 3991 924 4038 secutus
960 3986 1040 4037 St.
1079 3987 1141 4038 B.
1177 3989 1295 4049 513,
1336 3989 1415 4038 15.
1552 3988 1588 4041 1.
1617 3990 1680 4039 19
1715 4003 1982 4038 canonem
2019 3987 2301 4053 composui
2338 4003 2405 4038 ex
2441 3987 2689 4052 Theogn.
2725 3988 2807 4046 52,
2845 3987 2913 4035 22
2950 3990 3007 4036 et

423 4055 489 4106 E.
528 4058 600 4106 M.
639 4058 688 4114 7,
726 4058 818 4118 42,
856 4056 977 4106 ubi:
1023 4051 1096 4106 τὰ
1141 4052 1255 4105 ἀπὸ
1301 4055 1421 4104 τῶν
1459 4051 1537 4106 εἰς
1574 4056 1611 4105 ἃ
1653 4055 1744 4106 καὶ
1789 4058 1828 4119 ῆ
1863 4055 2129 4120 θηλυκῶν
2172 4053 2441 4118 γινόμενα
2484 4054 3005 4120 προπεριςπῶνται·

422 4122 492 4174 τὸ
529 4122 590 4175 δὲ
628 4121 915 4185 Ἀγέλαιος
951 4121 1132 4185 ὄνομα
1166 4121 1360 4186 κύριον
1396 4122 1884 4187 προπαροξύνεται
1921 4129 1978 4174 et
2016 4125 2137 4185 198,
2178 4126 2265 4174 54:
2311 4122 2384 4174 τὰ
2420 4122 2624 4186 ἔχοντα
2658 4121 2729 4173 τὸ
2763 4125 2798 4172 ῖ
2833 4119 2896 4173 ἐν
2931 4124 3003 4188 τῇ

424 4189 564 4258 ἀρχῇ
602 4191 694 4243 καὶ
730 4189 1095 4256 παραγόμενα
1143 4188 1263 4255 (pro
1299 4188 1670 4255 παράγονται)
1717 4189 1832 4242 ἀπὸ
1880 4191 2145 4255 θηλυκῶν
2190 4190 2713 4256 προπαροξύνονται
2760 4187 2885 4253 δίκη
2929 4187 3004 4242 δί-

423 4273 578 4311 καιος
604 4258 760 4325 (τιμή
783 4257 1031 4323 Τίμαιος,
1057 4259 1161 4309 hoe
1186 4259 1358 4317 omisi,
1386 4259 1516 4324 quia
1541 4260 1896 4310 Herodianus
1920 4259 1978 4308 in
2003 4258 2065 4309 11.
2088 4259 2177 4312 Pr.
2201 4256 2238 4311 Ε
2257 4261 2322 4308 69
2347 4255 2576 4321 Τίμαιος
2601 4275 2635 4310 a
2658 4259 2805 4321 τιμῶ
2832 4258 3003 4310 verbo

425 4329 654 4393 repetit,
690 4328 799 4377 nisi
835 4328 976 4379 forte
1013 4331 1076 4376 ut
1111 4322 1302 4377 ἀντίος
1339 4332 1396 4377 et
1433 4326 1502 4376 ab
1539 4324 1696 4378 ἀντῶ
1734 4334 1792 4378 et
1827 4327 1899 4378 ab
1938 4324 2144 4390 ἄντην,
2184 4329 2265 4377 sic
2290 4322 2517 4388 Τίμαιος
2554 4332 2612 4377 et
2648 4343 2682 4377 a
2715 4323 2848 4389 τιμή
2887 4330 2946 4376 et
2969 4342 3004 4377 a

424 4397 568 4459 τιμῶ
607 4395 920 4460 derivavit),
958 4393 1115 4446 οὕτω
1151 4394 1244 4445 καὶ
1281 4392 1370 4457 βία
1406 4392 1593 4457 βίαιος.
1627 4424 1694 4431 -
1730 4392 1911 4458 Δίκτη
1946 4393 2237 4458 Δικταῑος,
2276 4391 2418 4458 Οἴτη
2456 4391 2680 4446 Οἰταῖος
2716 4399 2775 4445 et
2811 4392 3003 4458 χέρςος

424 4491 489 4499 —
528 4462 790 4527 Ἀπραῑος
826 4480 892 4514 ex
929 4462 1010 4514 St.
1044 4464 1106 4514 B.
1142 4462 1350 4512 addidi.
1420 4462 1666 4528 Theogn.
1700 4463 1852 4513 inter
1884 4463 2023 4513 haee
2057 4479 2091 4512 a
2124 4463 2436 4513 nominibus
2469 4463 2677 4528 primae
2716 4467 2773 4513 et
2810 4477 3008 4513 seeun-

426 4532 529 4583 dae
567 4532 960 4582 declinationis
997 4530 1251 4581 derivata
1287 4531 1460 4581 refert
1495 4537 1774 4596 oxytonon
1810 4529 2025 4595 ἑλαιός,
2065 4530 2210 4596 quod
2245 4531 2314 4581 ab
2358 4529 2463 4580 hoe
2506 4545 2719 4582 canone
2763 4530 3004 4581 alienum

425 4607 538 4662 θοις
578 4600 812 4651 fortasse
850 4616 919 4651 ex
954 4599 1137 4650 alieno
1171 4598 1321 4661 loeo,
1358 4599 1454 4650 ubi
1490 4597 1674 4650 ἔλαιος
1710 4597 1743 4650 ό
1780 4597 2002 4650 κότινος
2038 4606 2095 4649 et
2132 4596 2344 4651 Ἐλαιός
2390 4599 2664 4665 proprium
2703 4597 2796 4662 (ef.
2831 4599 3003 4650 Mein.

424 4667 603 4719 Anall.
640 4667 793 4718 Alex.
832 4685 884 4734 p.
921 4671 1040 4732 199)
1079 4674 1399 4733 comparata
1435 4671 1618 4726 erant,
1655 4667 2047 4733 hueirrepsit,
2084 4668 2193 4718 nisi
2227 4684 2294 4718 ex
2328 4664 2658 4718 ἐπιπόλαιος
2693 4671 3006 4732 corruptum

427 4741 531 4789 est.
733 4737 770 4787 l.
804 4738 870 4787 29
914 4737 1059 4787 hune
1094 4751 1360 4786 canonem
1407 4750 1475 4785 ex
1510 4737 1632 4788 Arc.
1666 4737 1758 4798 44,
1797 4737 1829 4786 3
1873 4735 1981 4786 huc
2024 4735 2231 4786 retraxi
2275 4739 2333 4785 et
2375 4735 2600 4801 explevi
2643 4750 2712 4785 ex
2755 4735 3004 4801 Theogn.

426 4805 508 4867 52,
548 4806 638 4867 15,
677 4805 824 4871 apud
861 4820 1021 4870 quem
1057 4804 1420 4871 explicatam-a¹
1457 4803 1525 4854 de
1561 4801 1752 4867 ἁραιός
1788 4803 1994 4854 additis
2027 4805 2215 4856 verbis
2249 4801 2437 4855 οὕτως
2462 4801 2806 4868 Ἡρωδιανὸς
2838 4801 2900 4854 ἐν
2931 4805 3006 4869 τῇ

426 4870 698 4936 καθόλου,
742 4872 888 4923 idem
932 4872 1101 4924 habet
1148 4874 1210 4925 Ε.
1248 4874 1319 4923 M.
1360 4874 1482 4934 134,
1522 4872 1585 4922 18
1633 4873 1702 4925 ef.
1741 4872 1878 4923 Lob.
1913 4871 2001 4922 El.
2036 4874 2065 4923 I
2111 4889 2161 4938 p.
2197 4874 2280 4922 21.
2357 4872 2545 4922 Verba
2590 4868 2641 4924 εί
2678 4871 2752 4937 μὴ
2790 4870 2907 4936 ἔχοι
2940 4898 3008 4910 -

500 4989 873 5024 nBRODIAnvs.
909 4973 954 5023 Ι.
2563 4957 2603 5020 9
2619 5036 2628 5049 .
