3664 5546
676 305 801 371 252
1610 301 1692 356 εκ
1729 301 1868 355 mm
1910 299 2316 356 ΗΡΩΔΙΑΝοΥ

842 495 879 531 «-
926 475 1022 540 Τὰ
1048 466 1154 540 ἐἰς
1199 462 1279 556 {Ta
1334 474 1700 557 βαρύνεται,
1755 474 1940 554 Ἄβα
1993 471 2178 536 πόλις
2239 471 2482 550 Καρίας.
2577 471 2809 552 Ἄλβα
2860 464 3052 535 πόλις
3099 470 3254 534 Ἰτα-

677 577 844 661 λίας,
897 578 977 656 ἣν
1022 577 1267 642 ἔκτιςαν
1313 575 1376 641 οἱ
1418 574 1548 641 ἀπὸ
1599 579 1716 640 τοῦ
1760 573 2061 640 Λαυινίου
2104 575 2396 657 Λατῖνοι,
2449 573 2664 652 Τρῶες
2718 573 2918 639 ὄντες.
3005 572 3133 637 ἔςτι
3179 573 3254 636 δὲ

675 681 714 759 ἡ
756 681 958 761 Ἄλβα
1000 678 1147 743 καθ’
1189 678 1459 743 Ἐλλάδα
1504 677 1711 756 λευκή.
1799 676 2072 742 κλίνεται
2117 676 2188 741 δὲ
2230 677 2493 759 Ἄλβας,
2552 675 2641 741 ὡς
2686 675 2913 754 Χάραξ.
3001 670 3252 749 λέγεται

675 784 779 848 καὶ
828 783 1041 862 Ἄλβη.
1127 780 1364 861 Ὄλβα
1419 779 1607 845 πόλις
1665 781 1777 858 τῆς
1831 782 1963 845 τῶν
2019 778 2325 857 (ολύμων
2381 781 2528 860 γῆς,
2593 778 2672 856 ἣν
2729 776 2943 842 Φίλων
2995 775 3250 857 Ὀλβίαν

614 888 647 945 5
675 882 1060 965 Παμφυλίας
1103 882 1308 962 φηςίν.
1375 880 1599 963 Ῥάβα
1641 880 1827 945 πόλις
1872 881 2034 959 πρὸς
2076 884 2168 965 τῷ
2213 879 2412 965 Ἰονίῳ
2457 880 2694 964 κόλπῳ.
2764 879 3022 959 Νόμβα
3065 876 3250 942 πόλις

674 990 786 1066 τῆς
829 983 1148 1050 Ἰουδαίας.
1237 984 1534 1063 Ἰώςηπος
1581 983 1742 1066 ἕκτῳ
1785 986 1896 1062 τῆς
1942 983 2282 1059 Ἰουδαϊκῆς
2327 981 2778 1062 ἀρχαιολογίας
2821 980 2953 1065 (12,
3001 980 3023 1042 1
3069 986 3135 1043 et
3161 976 3248 1061 4).

680 1087 935 1167 Κύρβα
977 1085 1163 1151 πόλις
1210 1086 1449 1164 Κρήτης
1493 1086 1533 1163 ἡ
1579 1083 1843 1164 ὕςτερον
1889 1084 2288 1168 Ἱεράπυτνα,
2342 1085 2529 1166 Ὕβα
2584 1088 2782 1164 δῆμος
2836 1087 2948 1162 τῆς
2995 1080 3249 1147 Λεοντί-

677 1194 791 1254 δος
836 1190 1060 1269 φυλῆς.
1102 1188 1313 1269 ,τινὲς
1369 1187 1440 1250 δὲ
1492 1186 1610 1252 τὸν
1668 1190 1872 1266 δῆμον
1916 1186 2178 1268 Ὑβάδαι
2234 1187 2501 1263 λέγουςι.
2588 1186 2858 1267 Δόλβα
2912 1185 3099 1251 πόλις
3139 1187 3264 1263 τῆς,

679 1291 1063 1370 Ἀδιαβηνῆς.
1152 1287 1480 1367 Ἀρριανὸς
1524 1288 1584 1364 γ’
1626 1288 1986 1367 Παρθικῶν.
2078 1288 2272 1370 Γάβα
2316 1289 2499 1354 πόλις
2549 1288 2889 1354 Γαλιλαίας.
2955 1287 3253 1364 Ἰωςηπος

584 1402 646 1452 ιο
680 1390 948 1475 πέμπτῳ
1002 1390 1344 1467 Ἰουδαϊκῆς
1399 1388 1854 1469 ἀρχαιολογίας
1897 1391 1983 1473 (ο.
2027 1389 2114 1472 2).
2204 1390 2457 1473 Γάββα
2511 1391 2696 1457 πόλις
2736 1390 2975 1469 (υρίας.
3059 1387 3254 1468 Θίβα

678 1492 785 1571 μία
827 1496 957 1558 τῶν
1002 1492 1365 1572 Ἀμαζόνων
1410 1492 1531 1573 ὑφ’
1575 1491 1959 1571 Ἡρακλέους
2014 1490 2493 1575 ἀναιρεθειςῶν,
2549 1492 2701 1559 ὅθεν
2764 1492 2992 1572 ἐκλήθη
3037 1490 3255 1571 Θιβαῖς

568 1607 578 1619 ·
678 1593 879 1658 τόπος
923 1594 1085 1673 πρὸς
1113 1600 1206 1680 τῷ
1234 1594 1487 1678 Πόντῳ.
1538 1594 1890 1675 Ἄρυββα.
1923 1593 2346 1677 Ἀνάζαρβα
2374 1594 2561 1661 πόλις
2594 1594 2875 1660 Κιλικίας.
2921 1592 3256 1672 (ίςυρβα

680 1696 963 1777 Ἀμαζὼν
1009 1696 1110 1760 καὶ
1153 1694 1277 1760 ἀπ’
1319 1696 1512 1775 αὐτῆς
1557 1695 1747 1776 μέρος
1792 1696 2076 1777 Ἐφέςου.

845 1818 882 1853 41·
929 1797 1025 1862 Τὰ
1067 1796 1156 1862 εἰς
1198 1800 1281 1873 γ”α
1326 1797 1691 1881 βαρύνεται,
1737 1797 1994 1874 (ἀλγα
2036 1799 2222 1864 πόλις
2267 1799 2709 1878 Μαυριτανίας.
2798 1798 3026 1874 Ῥάγα
3068 1796 3255 1861 πόλις

585 1910 642 1961 15
681 1898 751 1965 ἐν
798 1899 1010 1984 Μηδίᾳ
1053 1903 1357 1964 κτιςθεῖςα
1403 1899 1531 1965 ὑπὸ
1577 1899 1890 1965 (ελεύκου
1942 1904 2060 1966 τοῦ
2106 1900 2473 1980 Νικάτορος.
2560 1900 2830 1978 Φάλγα
2883 1900 3058 1980 κώμη
3105 1897 3254 1978 μέςη

681 1999 1043 2066 (ελευκείας
1085 2004 1197 2079 τῆς
1239 2002 1509 2081 Πιερίας·
1545 2003 1646 2067 καὶ
1687 2005 1798 2081 τῆς
1843 2001 1913 2067 ἐν
1960 2003 2429 2087 Μεςοποταμίᾳ.
2507 2004 2836 2083 Ἀρριανὸς
2879 2002 2949 2068 ἐν
2996 2002 3034 2066 ι’
3076 2002 3252 2079 Παρ-

679 2107 888 2168 θικῶν.
975 2102 1014 2181 ἡ
1061 2104 1132 2167 δὲ
1174 2101 1396 2183 φάλγα
1439 2110 1515 2189 τῇ
1559 2105 1806 2189 γλώςςῃ
1861 2110 1937 2188 τῇ
1992 2105 2311 2190 ἐπιχωρίῳ
2365 2107 2443 2171 τὸ
2499 2105 2689 2185 με’ςον
2735 2108 2937 2184 δηλοῖ.
3024 2102 3254 2180 (ίγγα

678 2204 865 2269 πόλις
908 2203 1168 2287 Λιβύης,
1217 2205 1307 2270 ὡς
1348 2206 1675 2287 Πολύβιος
1719 2205 1978 2292 δεκάτῳ.
2068 2207 2355 2275 ὀξύνεται
2411 2209 2482 2273 δὲ
2536 2208 2611 2273 τὸ
2655 2207 2848 2284 Αἰγά
2896 2209 3010 2284 τῆς
3047 2205 3253 2270 Αἰολί-
3336 2228 3346 2238 ·

680 2311 793 2371 δος
848 2304 1039 2387 ἄκρα,
1096 2305 1187 2371 ὡς
1242 2305 1539 2387 (τράβων
1592 2305 1801 2390 (XIII
1844 2330 1908 2393 p.
1954 2307 2108 2390 615)
2165 2309 2376 2375 «οὕτω
2431 2310 2553 2388 γὰρ
2608 2310 2714 2374 καὶ
2764 2309 2839 2374 τὸ
2890 2306 3048 2387 ὄρος
3092 2306 3250 2372 ὅλον

578 2416 647 2468 20
682 2400 1085 2490 ὠνομάζετο,
1142 2409 1180 2474 ὃ
1236 2414 1355 2475 νῦν
1405 2409 1613 2490 Κάνην
1658 2412 1761 2476 καὶ
1807 2410 2013 2476 Κάνας
2068 2412 2348 2489 λέγουςι·
2395 2412 2684 2488 «λέγεται
2729 2411 2800 2477 δὲ
2844 2410 3018 2489 παρὰ
3060 2409 3251 2485 Αἰγᾶν

679 2512 972 2590 ποταμὸν
1016 2510 1382 2591 φερόμενον
1426 2511 1558 2577 ἀπὸ
1602 2515 1720 2578 τοῦ
1765 2514 1911 2591 περὶ
1962 2514 2037 2579 τὸ
2080 2514 2328 2580 Πύθιον
2382 2513 2594 2593 ὄρους.
2681 2512 3139 2592 Ἀρτεμίδωρος
3181 2511 3253 2575 δὲ

679 2610 787 2680 Αἴξ
831 2610 974 2677 εἶπε
1017 2614 1133 2692 τὴν
1178 2613 1467 2698 εὐθεῖαν,
1513 2614 1631 2679 ούκ
1675 2613 2028 2691 ἀναλόγως.
2102 2616 2228 2681 ἔςτι
2273 2616 2345 2680 δὲ
2389 2616 2492 2681 καὶ
2530 2616 2717 2681 πόλις
2758 2614 3105 2696 Φοινίκων,
3164 2612 3254 2677 ὡς

680 2713 1018 2780 Ἑκαταῖος.
1073 2713 1252 2792 Αἰγαί
1296 2716 1367 2782 δέ
1411 2715 1564 2782 εἰςιν
1606 2716 1828 2783 πόλεις
1870 2718 2128 2801 πολλαί,
2178 2718 2465 2802 Κιλικίας,
2513 2716 2930 2800 Μακεδονίας,
2975 2715 3109 2795 ἥτις
3153 2713 3255 2780 καὶ

680 2807 1101 2898 μήλοβότειρα
1145 2817 1435 2902 ἐλέγετο,
1488 2819 1592 2883 καὶ
1644 2819 1683 2899 ἡ
1740 2819 1811 2885 ἐν
1859 2820 2109 2905 Μυρίνῃ
2164 2820 2234 2885 ἐν
2278 2827 2353 2905 τῇ
2396 2820 2669 2903 Αἰολίδι,
2723 2820 2825 2884 καὶ
2866 2817 3097 2885 Λυδίας
3151 2816 3255 2881 καὶ

578 2929 644 2980 25
670 2918 988 2998 Λοκρίδος
1031 2920 1134 2984 καὶ
1174 2919 1477 2985 Αἰτωλίας
1522 2921 1623 2985 καὶ
1666 2919 1961 3004 Εὐβοίας,
2013 2921 2091 2987 ἃς
2132 2922 2414 3002 Ὅμηρος
2458 2922 2530 2989 ἐν
2573 2928 2666 3005 τῷ
2712 2922 2761 2985 Ν
2812 2921 2900 3003 (v,
2945 2921 3058 3003 21)
3102 2941 3252 3001 μνη·
3305 2909 3310 2915 ’

682 3041 952 3101 μονεύει.

849 3142 887 3178 ιε
934 3123 1028 3189 Τὰ
1074 3122 1161 3188 εἰς
1201 3108 1288 3188 {E
1333 3123 1697 3207 βαρύνεται,
1744 3124 1974 3191 (ίνδα
2011 3121 2201 3191 ’πόλις
2246 3127 2408 3205 πρὸς
2451 3133 2542 3210 τῷ
2577 3125 2833 3209 μεγάλῳ
2878 3125 3099 3212 κόλπῳ
3142 3125 3254 3201 τῆς

681 3225 967 3308 Ἰνδικῆς,
1020 3224 1239 3290 Πέδα
1280 3225 1466 3290 πόλις
1509 3226 1849 3310 Αύςονική,
1906 3214 2136 3309 (ίβ’δα
2179 3220 2667 3310 πόλιςΚαρίας,
2727 3227 2972 3292 Γάδδα
3015 3225 3252 3305 χωρίον

683 3327 987 3408 Ἀραβίας.
1079 3327 1353 3391 Γλαῦκος
1409 3326 1479 3391 ἐν
1534 3329 1817 3414 τετάρτῃ.
1907 3330 2153 3406 λέγεται
2209 3331 2312 3394 καὶ
2356 3330 2728 3409 οὐδετέρως.
2803 3328 3028 3394 Γίλδα
3070 3326 3254 3391 πόλις

581 3440 648 3493 30
681 3430 927 3509 Λιβύης.
993 3428 1234 3494 Τίνδα
1276 3428 1464 3495 πόλις
1506 3428 1766 3513 Λιβύης,
1813 3432 1851 3509 ἣ
1895 3432 1999 3496 καὶ
2039 3431 2314 3496 Τίνδιον.
2387 3431 2652 3510 Φράδα
2694 3431 2880 3496 πόλις
2924 3430 2995 3494 ἐν
3036 3428 3252 3508 Δράγ-

681 3551 852 3611 γαις,
909 3530 988 3608 ἣν
1045 3529 1458 3609 Ἀλέξανδρος
1512 3531 1933 3613 Προφθαςίαν
1993 3534 2468 3616 μετωνόμαςεν,
2536 3534 2626 3599 ὡς
2685 3534 2896 3611 Χάραξ
2963 3532 3032 3596 ἐν
3091 3530 3250 3614 ἕκτῳ

680 3635 1014 3712 χρονικῶν.
1102 3630 1419 3698 Φοῦνδα
1472 3633 1657 3698 πόλις
1713 3631 1985 3698 Ἰταλίας.
2058 3635 2278 3714 Λήδα
2331 3635 2642 3714 Δωρικῶς
2697 3634 3048 3714 λεγόμενον
3114 3633 3253 3698 ἀντὶ

820 3888 921 3942 l.1
960 3889 1106 3938 hune
1143 3905 1405 3939 canonem
1441 3889 1719 3955 composui
1762 3904 1828 3939 ex
1865 3891 2173 3941 nominibus
2218 3906 2252 3940 a
2298 3890 2376 3943 St.
2417 3891 2479 3946 Β,
2517 3890 2735 3952 relatis,
2784 3889 2849 3939 de
2887 3888 3027 3953 Ἀβα
3074 3891 3152 3940 St.
3191 3890 3254 3940 B.

759 3953 943 4020 ”·Αβαι
981 3955 1094 4007 έςτι
1130 3956 1220 4007 καί
1256 3955 1399 4021 ἄλλη
1434 3956 1576 4020 Ἀβα
1622 3955 1783 4008 πόλις
1823 3955 2046 4023 Καρίας,
2095 3957 2174 4009 ὡς
2211 3957 2550 4022 Ἡρωδιανὸς
2597 3955 2659 4009 ἐν
2705 3955 2987 4024 ἑνδεκάτῳ
3036 3954 3254 4023 βιβλίῳ;

680 4024 792 4074 alia
828 4025 1086 4075 Phocidis
1120 4026 1252 4075 urbs
1287 4024 1428 4087 Ἀβα
1464 4025 1553 4075 vel
1588 4023 1727 4089 Ἄβη
1763 3973 2284 4092 infrappropon1i.tur
2330 4024 2469 4089 Θίβα
2506 4026 2708 4092 legitur
2745 4039 2830 4090 ap.
2860 4027 2938 4076 St.
2964 4028 3026 4076 Β.
3052 4028 3169 4084 314
3194 4028 3254 4085 43

681 4092 826 4143 alter
859 4094 1164 4143 nominativ
1134 4108 1231 4143 vus
1269 4090 1407 4157 Θίβη
1445 4099 1774 4143 memoratur
1808 4109 1842 4143 a
1881 4094 1961 4145 St.
1997 4096 2060 4144 B.
2103 4110 2144 4144 S.
2182 4093 2397 4158 Θιβαῑςε
2447 4093 2479 4145 ό
2523 4043 2760 4158 τοπίτης
2796 4090 3005 4156 Θίβιος
3027 4091 3106 4144 ὡς
3142 4063 3256 4144 ἀπὸ

680 4162 783 4225 τῆς
821 4158 990 4225 Θίβης
1027 4158 1272 4224 εὐθείας,
1319 4161 1415 4211 sed
1452 4161 1619 4211 Mein.
1656 4159 1807 4223 Θῑβις
1847 4163 2191 4213 scribendum
2228 4164 2565 4229 suspicatum
2613 4168 2671 4212 et
2715 4177 2748 4211 a
2785 4161 2982 4211 Choer.
3019 4164 3146 4222 324,
3191 4164 3259 4212 30

679 4245 750 4298 τὸ
788 4246 818 4309 β
853 4248 938 4311 τῷ
973 4247 1009 4307 ῆ
1047 4242 1223 4309 χαίρει
1268 4241 1391 4297 οἷον
1428 4242 1596 4309 Θίβη,
1636 4243 1880 4310 Ἀρίςβη,
1928 4248 2023 4298 sed
2071 4248 2148 4298 ibi
2195 4246 2540 4298 scribendum
2586 4245 2806 4297 videtur
2850 4242 3048 4309 Θίςβη,
3097 4260 3258 4325 qun-m

680 4330 791 4364 ιιοιι
826 4313 1125 4364 verisimile
1164 4329 1211 4363 ει
1194 4314 1238 4364 ‘t
1274 4313 1711 4365 Choeroboscum
1748 4330 1843 4378 pro
1889 4313 2213 4367 documento
2259 4331 2446 4366 vocem
2483 4314 2764 4375 attulisse,
2812 4329 2952 4378 quae
2997 4313 3164 4378 vulgo
3200 4312 3258 4362 iu

680 4384 717 4433 zi
752 4399 842 4432 exn
824 4383 885 4432 i.t
1022 4380 1162 4432 1.14
1199 4382 1367 4434 etiam
1405 4382 1549 4432 huno
1586 4397 1851 4434 canonem
1887 4399 1954 4433 ex
1994 4385 2073 4434 St.
2115 4384 2173 4433 B.
2222 4383 2516 4449 composui.
2588 4382 2785 4433 Verbis
2821 4379 2924 4433 οὐκ
2960 4378 3256 4443 ἀναλόγως

682 4450 1022 4516 significatur
1057 4456 1313 4500 monente
1340 4451 1449 4501 Mei
1454 4449 1644 4500 nekio:
1684 4451 2080 4501 nominativum
2104 4449 2199 4502 Αἴξ
2238 4467 2345 4502 non
2382 4450 2491 4514 legi
2495 4450 2537 4500 ti
2541 4466 2685 4500 mum
2720 4465 2860 4510 esse,
2900 4464 3061 4513 quum
3100 4463 3257 4498 casus

680 4514 1273 4651 Ξὲἒέἓῗιΐῗᾶἳιέῗῗ
1304 4515 1482 4637 2ξῖἓῖ
1518 4519 1903 4649 {ffi‘apffib
1941 4519 1979 4636 ἶ
2013 4536 2084 4637 ‘2²7'
2118 4488 2948 4637 &5320⁵²22?25’15253¹3„35⁰35¹³{1.
2978 4515 3259 4641 wi&

679 4672 862 4721 omnia
899 4673 955 4720 in
980 4671 1074 4733 δα,
1113 4685 1254 4735 quae
1289 4675 1467 4720 utrum
1505 4670 1638 4720 femi
1643 4671 1759 4719 uini
1804 4686 1876 4720 an
1923 4673 2170 4722 neutrius
2208 4671 2397 4735 generi
2381 4685 2428 4720 is
2466 4685 2512 4720 ει
2492 4670 2602 4731 i‚nt
2643 4669 2884 4720 dubitari
2930 4674 3140 4735 potest:
3180 4670 3257 4718 vi-

682 4738 884 4789 dentur
921 4745 1103 4790 autem
1142 4740 1285 4788 nomi
1289 4754 1361 4788 na
1397 4738 1612 4788 urbium
1649 4739 1996 4789 orientalium
2041 4755 2166 4789 esse
2203 4744 2423 4801 neutra,
2473 4737 2570 4788 sed
2615 4741 2802 4788 tamen
2847 4741 2910 4787 ut
2949 4710 3256 4801 Καρύανδα,

680 4807 747 4857 de
785 4823 890 4872 quo
928 4811 1165 4857 testatur
1201 4806 1279 4856 St.
1322 4808 1397 4868 Β.,
1434 4805 1708 4856 interdum
1744 4807 1802 4855 in
1840 4822 2012 4872 genus
2051 4807 2369 4857 femininum
2406 4805 2712 4860 transiisse.
2786 4802 2939 4870 Λήδα
2975 4806 3158 4870 recepi
3194 4821 3259 4858 ex
