3664 5546
1185 357 1345 411 περι
1387 355 1778 410 κΑοοΛικΗς
1813 355 2236 411 ΠΡοςΩιΔιΑς
2277 354 2359 409 ιΑ.
2938 333 3061 417 2'97

480 531 620 592 ταῖς
688 525 1048 609 Ἱςπανίαις,
1115 526 1479 606 ἡςςώμενος
1545 528 1617 591 δὲ
1683 527 1811 591 ὑπὸ
1879 526 2226 606 Οὐιριάθου
2268 523 2569 593 ’ςπονδάς
2634 525 2796 602 πρὸς
2862 523 3063 587 αὐτὸν

485 628 826 705 ἐποιήςατο
844 652 890 690 ».
949 629 1186 706 ταύτην
1232 628 1558 706 κεκλῆςθαί
1603 648 1792 708 φηςιν
1839 629 2102 709 Ἰβηρίαν
2149 627 2219 692 ἐν
2263 627 2645 705 Ἑλληνικῶν
2690 622 2747 701 γ’
2794 627 2948 702 «τὴν
2993 625 3064 689 δὲ

481 729 795 794 Ἱςπανίαν
840 729 1143 807 Ἕλληνες
1202 730 1281 793 τὰ
1334 735 1558 808 πρῶτα
1613 730 1877 810 Ἰβηρίαν
1930 729 2236 812 ἐκάλουν,
2291 728 2477 794 οὔπω
2532 728 2894 806 ξύμπαντος
2948 729 3064 790 τοῦ

480 830 708 895 ἔθνους
751 832 869 909 τὴν
901 832 1334 910 προςηγορίαν
1366 832 1831 912 μεμαθηκότος,
1878 831 2029 895 ἀλλ’
2059 831 2190 896 ἀπὸ
2237 831 2470 910 μέρους
2513 832 2625 906 τῆς
2659 831 2807 910 γῆς,
2852 826 2890 891 ὅ
2937 826 3061 891 ἐςτι

479 932 642 1010 πρὸς
685 933 980 1011 ποταμὸν
1022 933 1264 1015 Ἴβηρα,
1311 932 1575 1012 Ἰβηρίαν
1619 934 1721 997 καὶ
1757 933 1878 997 ἀπ’
1922 933 2168 997 ἐκείνου
2192 930 2652 1012 ὀνομάζονται,
2695 931 2812 1007 τὴν
2855 931 3061 992 πᾶςαν
3090 939 3123 989 5

481 1032 653 1097 οὕτω
698 1036 1060 1099 καλοῦντες.
1118 1032 1385 1112 ὕςτερον
1430 1035 1501 1098 δέ
1532 1054 1723 1113 φαςιν
1754 1034 1954 1113 αὐτὴν
1986 1036 2472 1114 μετακεκλῆςθαι
2501 1031 2751 1097 Πανίαν
2767 1055 2809 1092 2.
2871 1029 3062 1107 Καμ-

482 1134 715 1213 μανία
759 1137 954 1214 μοῖρα·
985 1135 1405 1214 Θεςπρωτίας.
1491 1136 1946 1216 μετωνομάςθη
1992 1136 2065 1200 δὲ
2114 1134 2531 1212 Κεςτρινία.
2622 1128 3064 1209 Γρηςτωνία

480 1236 661 1313 χώρα
726 1236 976 1318 Θρᾴκης
1042 1238 1208 1315 πρὸς
1271 1243 1348 1321 τῇ
1418 1237 1804 1320 Μακεδονίᾳ.
1915 1237 2309 1314 Θουκυδίδης
2366 1235 2633 1317 δευτέρᾳ
2696 1231 2837 1314 (99,
2899 1229 3090 1311 100).

477 1336 914 1415 Δαρδανία·
962 1337 1136 1402 οὕτω
1166 1338 1488 1416 πρότερον
1519 1338 1808 1403 ἐκαλεῖτο
1854 1340 1893 1418 ἡ
1926 1337 2325 1419 (αμοθρᾴκη·
2371 1337 2471 1401 καὶ
2497 1334 2838 1413 Δαρδανία
2882 1334 3063 1411 χώρα

447 1437 819 1522 ,Τρῳάδος
883 1440 923 1517 ἣ
979 1439 1238 1518 Τευκρὶς
1303 1439 1623 1518 πρότερον
1691 1440 1999 1504 ἐκαλεῖτο.
2104 1437 2511 1518 Δαρςανία
2577 1437 2762 1502 πόλις
2826 1433 3063 1511 Ἰνδική.
3104 1448 3168 1500 10

477 1539 789 1603 Διωνία
824 1541 1043 1623 πόλις,
1072 1541 1152 1618 ἣν
1184 1540 1629 1617 ςυγκαταλέγει
1663 1544 1802 1605 ταῖς
1838 1540 2136 1620 Κυπρίαις
2168 1541 2388 1605 πόλεςι
2420 1540 2811 1619 Θεόπομπος
2842 1557 3064 1601 πεντε-

480 1644 813 1726 καιδεκάτῃ
869 1642 1285 1709 Φιλιππικῶν.
1375 1640 1659 1707 Ἐλίνία
1713 1643 1894 1722 χώρα
1937 1643 2359 1720 Θεςπρωτίας.
2450 1640 2826 1720 Ζειρηνία
2878 1639 3064 1703 πόλις

482 1745 748 1825 Θρᾴκης.
837 1745 1226 1824 Θεόπομπος
1271 1745 1669 1810 Φιλιππικῶν
1716 1740 1789 1821 γ’.
1834 1742 2183 1822 Ζηρανία
2225 1743 2406 1823 χώρα
2450 1743 2715 1824 Θρᾴκης.
2780 1741 3065 1820 Ἔφορος

480 1844 743 1930 εἰκοςτῷ
786 1845 1054 1930 ἑβδόμῳ.
1148 1846 1541 1926 Καρμανία
1584 1846 1766 1925 χώρα
1807 1849 1922 1923 τῆς
1961 1845 2235 1922 Ἰνδικῆς.
2324 1843 2623 1925 (τράβων
2667 1846 3063 1907 πεντεκαιδε-

481 1946 640 2029 κάτῃ
683 1948 776 2031 (p.
825 1945 993 2027 724).
1064 1947 1351 2025 Καρνία
1393 1949 1580 2013 πόλις
1626 1947 1879 2012 Ἰωνίας.
1971 1946 2283 2011 Νικόλαος
2326 1946 2625 2028 τετάρτῳ.
2698 1942 3063 2023 Κρημνία·
3101 1958 3166 2010 15

483 2046 692 2112 οὕτως
747 2048 1068 2127 πρότερον
1124 2049 1413 2113 ἐκαλεῖτο
1463 2049 1697 2128 Γόρτυν
1751 2049 1938 2113 πόλις
1990 2048 2242 2126 Κρήτης.
2332 2046 2573 2112 Θυνία
2626 2047 2666 2124 ἡ
2711 2047 2891 2125 χώρα
2932 2049 3063 2109 τῶν

481 2140 748 2215 Θύνων.’
816 2150 1202 2215 Καςτανία
1253 2151 1438 2216 πόλις
1489 2151 1756 2229 πληςίον
1798 2150 2146 2227 Τάραντος.
2235 2148 2583 2227 Κηφηνία
2623 2196 2821 2211 .....
2870 2147 3064 2210 Χθο-

478 2249 630 2315 νία“
701 2250 908 2316 οὕτως
973 2254 1253 2316 καλεῖται
1319 2252 1358 2328 ἡ
1429 2252 1650 2331 Κρήτη.
1738 2249 2215 2316 Λουςιτανία
2279 2248 2521 2329 ὅμορος
2584 2251 2696 2325 τῆς
2763 2247 3064 2325 Βαιτίκης.

368 2388 387 2393 -
479 2352 881 2418 Λυκαονία
937 2353 1118 2431 χώρα
1160 2353 1388 2418 Λυκίας
1442 2373 1511 2416 τε
1571 2353 1670 2417 καὶ
1714 2351 2027 2430 Ἰςαυρίας.
2118 2349 2661 2428 Μαριανδυνία
2714 2350 2895 2427 χώρα
2946 2351 3063 2411 τοῦ

481 2453 762 2517 Πόντου.
848 2453 1122 2518 Εὔπολις
1169 2455 1394 2537 Χρυςῷ
1436 2453 1608 2527 γένει
1654 2452 1849 2529 «ὁρῶ.
1935 2457 2064 2515 θεῶ
2119 2456 2236 2516 νῦν
2291 2453 2481 2529 τήνδε
2528 2449 3004 2528 Μαριανδυνίαν
3019 2472 3064 2511 ».
3100 2464 3169 2515 20

482 2552 613 2617 ἀπὸ
673 2553 1131 2630 Μαριανδυνοῦ
1183 2574 1361 2619 τινος
1414 2553 1709 2617 Αἰολὲως.
1800 2552 2329 2631 Μαυριτανίαι
2384 2552 2502 2616 δύο
2517 2601 2534 2634 ,
2591 2553 2630 2631 ἡ
2686 2554 2801 2631 μὲν
2856 2550 3063 2636 Τιγγι-

479 2653 672 2734 τανή,
717 2653 757 2730 ἡ
804 2653 875 2717 δὲ
924 2654 1310 2733 Καιςαρηςία.
1373 2655 1734 2719 Μιλωνία
1776 2655 1964 2718 πόλις
1996 2653 2317 2719 Εαυνιτῶν
2349 2653 2830 2733 ἐπιφανεςτάτη.
2903 2652 3062 2716 Διο-

484 2753 698 2818 νύςιος
730 2750 818 2819 ιζ’.
883 2754 1296 2831 Μυγδονία
1327 2758 1520 2835 μοῖρα
1551 2755 1953 2832 Μακεδονίας
1983 2756 2085 2820 καί
2114 2756 2298 2835 ἑτέρα
2324 2744 2600 2835 Φρυγίας
2629 2758 2741 2832 τῆς
2771 2753 3064 2834 μεγάλης.

480 2853 612 2919 ἀπὸ
672 2854 1031 2931 Μυγδόνος.
1136 2857 1394 2933 ἐλέγετο
1459 2858 1560 2921 καὶ
1618 2857 2043 2937 Μυχθονία.
2134 2858 2446 2922 Μυονία
2513 2857 2700 2922 πόλις
2755 2855 3061 2920 Φωκίδος.

477 2955 841 3020 Παυςανίας
888 2953 924 3020 ι’
968 2959 1046 3039 (ο.
1092 2957 1196 3037 38,
1241 2957 1327 3039 8).
1403 2958 1651 3033 λέγεται
1706 2960 1808 3024 καὶ
1853 2958 2074 3023 Μὺων.
2164 2958 2668 3038 Μυρμιδονία
2711 2957 2891 3037 χώρα
2932 2961 3063 3022 τῶν
3099 2969 3166 3020 25

483 3057 942 3136 Μυρμιδόνων·
989 3058 1161 3123 οὕτω
1205 3060 1327 3137 γὰρ
1371 3060 1408 3136 ἡ
1440 3059 1663 3134 Αἴγινα
1698 3058 1945 3138 ἐκλήθη.
2012 3061 2303 3139 Ναρνία
2349 3061 2533 3124 πόλις
2564 3058 2886 3123 (αυνιτῶν
2931 3057 3062 3122 ἀπὸ

476 3162 594 3223 τοῦ
668 3160 1151 3238 παραρρέοντος
1223 3164 1519 3240 ποταμοῦ
1588 3159 1880 3244 Νάρνου,
1959 3161 2049 3226 ῶς
2114 3162 2465 3226 Διονύςιος
2540 3159 3095 3242 ὀκτωκαιδεκάτῳ.

479 3260 827 3339 Ῥωμαϊκῆς
887 3261 1355 3339 ἀρχαιολογίας.
1448 3262 1788 3327 Νικωνία
1850 3264 2037 3328 πόλις
2102 3263 2173 3327 ἐν
2239 3269 2331 3348 τῷ
2394 3261 2632 3345 Πόντῳ
2695 3262 2860 3340 πρὸς
2925 3263 3062 3324 ταῖς

479 3361 771 3440 ἐκβολαῖς
813 3366 931 3425 τοῦ
974 3362 1230 3441 Ἴςτρου.
1280 3352 1285 3356 ’
1321 3362 1618 3444 Ετράβων
1663 3364 1900 3450 ἑβδόμῃ
1944 3365 2036 3449 (p.
2084 3363 2254 3445 306).
2329 3363 2692 3444 Ξιφωνία
2736 3362 2923 3431 πόλις
2968 3360 3063 3425 (ι-

478 3462 705 3526 κελίας.
793 3462 1181 3554 Θεόπομπος
1224 3463 1622 3530 Φιλιππικῶν
1666 3471 2016 3549 τριακοςτῷ
2062 3465 2286 3549 ἐνάτῳ.
2375 3464 2626 3529 Ξυνία
2679 3464 2865 3529 πόλις
2910 3463 3063 3527 Θες·
3099 3473 3167 3525 30

478 3561 709 3626 ςαλίας.
798 3562 1121 3644 Πολύβιος
1179 3565 1402 3650 ἐνάτῳ.
1489 3565 1846 3631 Παιονία.
1934 3565 2187 3631 Πανία
2243 3565 2527 3631 ἐπίνειον
2590 3564 2859 3629 Κιλικίας
2916 3564 3065 3643 περὶ

477 3664 553 3728 τὸ
600 3663 853 3742 Ἀλήϊον
897 3664 1139 3728 πεδίον.
1229 3665 1439 3731 οὕτως
1482 3667 1772 3731 ἐκαλεῖτο
1817 3669 1920 3732 καὶ
1963 3668 2000 3744 ἡ
2049 3659 2354 3745 Ἀρκαδία.
2441 3666 2843 3745 Παρθενία
2886 3668 3062 3745 κώμη

477 3764 742 3828 Πόντου
785 3763 1052 3842 πληςίον
1096 3767 1196 3830 καὶ
1240 3765 1447 3843 (άμος
1489 3768 1811 3846 πρότερον
1859 3767 2087 3845 ἐκλήθη
2132 3768 2472 3845 Παρθενία.
2530 3766 3064 3847 Παφλαγονία

477 3864 608 3929 ἀπὸ
662 3864 1104 3945 Παφλαγόνος
1170 3871 1287 3930 τοῦ
1353 3867 1600 3933 Φινέως
1664 3870 1906 3933 παιδός.
2005 3868 2466 3944 Πελαγονία
2530 3870 2711 3948 χώρα
2768 3866 3064 3936 Εικελίαςι

476 3966 937 4048 Πηλαγονία
983 3969 1174 4044 μοῖρα
1220 3968 1636 4033 Μακεδονίας.
1710 3969 2220 4048 Πολυρρηνία
2264 3970 2450 4034 πόλις
2501 3971 2740 4049 Κρήτης
2783 3968 2914 4032 ἀπὸ
2945 3971 3061 4032 τοῦ
3098 3978 3163 4028 35

476 4068 726 4131 πολλὰς
782 4065 979 4144 ῥῆνας
1035 4068 1316 4133 τουτὲςτι
1371 4070 1663 4150 πρόβατα
1718 4071 1907 4150 ἔχειν.
1994 4071 2495 4135 Ποςειδωνία
2551 4071 2737 4135 πόλις
2783 4070 3058 4133 Ἰταλίας.

475 4167 919 4232 Ποτιδανία
949 4168 1135 4233 πόλις
1164 4168 1486 4233 Αἰτωλίας.
1547 4171 1885 4248 Ῥιζηνία
1915 4170 2099 4235 πόλις
2136 4171 2390 4250 Κρήτης.
2445 4169 2847 4250 Ῥιθυμνία
2875 4170 3061 4233 πόλις

481 4268 734 4347 Κρήτης.
798 4268 1182 4347 Εατορνία
1224 4271 1264 4348 ή
1297 4269 1521 4334 Ἰταλία
1565 4276 1826 4349 πρῶτον
1874 4272 2181 4335 ἐκαλεῖτο.
2245 4271 2519 4346 Ειγνία
2563 4272 2749 4335 πόλις
2782 4270 3060 4353 Ἰταλίας,

478 4370 569 4434 ὡς
615 4369 913 4450 Ετράβων
969 4370 1221 4453 πέμπτῃ
1275 4372 1362 4456 (p.
1408 4370 1576 4453 237).
1677 4372 2012 4437 Ειδωνία
2068 4371 2254 4436 πόλις
2298 4372 2621 4454 Τρῳάδος.
2723 4371 3062 4436 Ειθωνία

478 4470 669 4549 μέρος
737 4470 1003 4552 Θρᾴκης.
1115 4470 1430 4538 Εικανία
1507 4473 1547 4551 ἡ
1621 4475 1983 4553 περίχωρος
2055 4472 2581 4551 Ἀκραγαντίνων.
2690 4474 3061 4552 Τελχινία
3096 4484 3166 4535 40

476 4571 796 4649 πρότερον
852 4573 891 4651 ἡ
949 4570 1192 4637 (ικυὼν
1249 4572 1538 4638 ἐκαλεῖτο
1602 4574 1702 4638 καὶ
1756 4575 1793 4652 ἡ
1856 4573 2075 4652 Κρήτη.
2176 4574 2459 4640 Ειωνία
2518 4575 2703 4639 πόλις
2757 4574 3060 4652 Ποντική.

477 4671 869 4751 Ταρκυνία
910 4673 1096 4737 πόλις
1127 4673 1520 4754 Τυρρηνίδος
1564 4675 1696 4740 ἀπὸ
1728 4674 2089 4753 Τάρκωνος.
2155 4675 2469 4753 Κρανία·
2516 4674 2724 4740 οὕτως
2770 4675 3058 4740 ἐκαλεῖτο

478 4772 721 4851 Ταρςὸς
774 4773 906 4838 ἀπὸ
973 4761 1254 4853 κρανίου.
1351 4775 1711 4855 Ὑττηνία
1772 4775 2093 4853 πρότερον
2154 4777 2443 4843 ἐκαλεῖτο
2508 4777 2886 4856 τετράπολις
2950 4781 3062 4855 τῆς
