3664 5546
649 371 776 436 402
1585 373 1669 455 Q<
1708 374 1848 427 ΤΩΝ
1890 373 2315 428 ΗΡΩΔΙΑΝΟΥ

648 544 727 607 τὰ
765 542 1050 622 παράλια
1093 547 1210 608 τοῦ
1256 544 1562 626 διάπλου,
1609 544 1922 622 διώριςται
1970 544 2272 623 ὀνόμαςιν
2317 545 2389 607 ἓν
2433 543 2623 618 γένος
2669 543 2781 608 ἐὸν
2827 543 2985 607 κατὰ
3035 546 3243 623 φῦλα·

649 650 909 723 πρῶτον
967 645 1080 724 μὲν
1138 646 1201 710 οἱ
1245 646 1347 709 ἐπὶ
1391 648 1528 709 τοῖς
1573 644 1859 723 ἐςχάτοις
1904 645 2224 710 οἰκέοντες
2279 646 2359 709 τὰ
2413 646 2576 723 πρὸς
2629 646 2915 724 δυςμέων
2966 647 3243 725 Κύνητες

649 746 1109 829 ὀνομάζονται,
1168 739 1288 811 ἀπ’
1333 747 1595 811 ἐκείνων
1653 748 1722 809 δὲ
1780 747 1901 824 ἤδη
1957 748 2122 824 πρὸς
2168 747 2400 827 βορέην
2448 746 2605 811 ἰόντι
2655 748 2910 828 Γλῆτες,
2967 749 3123 826 μετὰ
3167 749 3243 812 δὲ

646 848 1013 930 Ταρτήςιοι,
1070 851 1225 927 μετὰ
1270 851 1339 913 δὲ
1387 848 1782 929 Ἐλβυςίνιοι,
1840 850 1995 927 μετὰ
2042 850 2112 912 δὲ
2156 849 2533 930 Μαςτιηνοί,
2578 848 2734 926 μετὰ
2778 852 2849 913 δὲ
2890 849 3241 930 Κελκιανοί,

572 963 604 1011 5
648 949 867 1014 ἔπειτα
923 953 994 1014 δὲ
1050 951 1169 1028 ἤδη
1226 950 1263 1013 6
1320 950 1687 1015 Ῥοδανός».
1784 949 1982 1028 Τλής
2047 949 2238 1014 ἔθνος
2292 951 2594 1029 Ἰβηρικὸν
2650 953 3019 1027 περιοικοῦν
3085 951 3243 1015 τοῦς

645 1051 1078 1130 Ταρτηςςίους.
1169 1051 1557 1130 Θεόπομπος
1602 1057 2075 1133 τεςςαρακοςτῷ
2119 1052 2402 1136 πέμπτῳ.
2496 1051 2688 1128 Κλής
2726 1043 2838 1116 ’ἐπὶ
2880 1055 2998 1115 τοῦ
3042 1072 3241 1116 ποτα-

647 1157 799 1235 μοῦ,
855 1152 1011 1229 Ζῆς
1067 1155 1242 1231 παρὰ
1296 1153 1636 1230 Φερεκύδει
1693 1153 1852 1217 κατὰ
1905 1154 2142 1229 κίνηςιν
2198 1152 2395 1234 ἰδίαν,
2454 1154 2588 1231 θής
2643 1152 2682 1216 6
2727 1153 2996 1235 μίςθιος,
3054 1154 3242 1233 βλής

649 1254 911 1333 «νύμφα
971 1257 1158 1337 φίλη,
1215 1255 1317 1319 καὶ
1380 1255 1557 1335 βλητὶ
1613 1254 1769 1337 λίθῳ
1825 1254 1922 1318 ἐνὶ
1976 1254 2256 1332 δάκρυον
2313 1252 2526 1331 ἦκας».
2617 1257 2991 1333 περιςπᾶται
3045 1257 3115 1319 δὲ
3158 1257 3243 1318 τὰ

644 1354 1026 1435 ἰςοςύλλαβα
1079 1339 1293 1434 Δρ“ῆς
1336 1356 1534 1434 Τρῆς
1593 1357 1789 1434 κύρια.
1882 1355 1972 1420 ὡς
2030 1356 2099 1418 δέ
2154 1375 2322 1420 τινες
2380 1356 2755 1439 βούλονται,
2811 1357 2915 1421 καὶ
2970 1357 3045 1421 τὸ
3088 1355 3241 1433 Ζῆς.

547 1469 608 1519 ιο
810 1475 848 1510 ³1·
897 1458 989 1521 Τὰ
1036 1457 1124 1522 εἰς
1158 1460 1212 1521 ff
1257 1458 1708 1538 μονοςύλλαβα
1740 1458 1928 1548 φύςει
1962 1457 2049 1521 εἰς
2093 1459 2126 1520 ἒ
2173 1458 2454 1535 λήγοντα
2499 1456 2791 1525 ὀξύνεται
2823 1457 3060 1537 ὁμοίως
3100 1460 3242 1522 τοῖς

646 1559 735 1624 εἰς
777 1559 845 1626 W
887 1560 1136 1639 τροπὴν
1192 1565 1309 1625 τοῦ
1367 1562 1407 1622 V
1463 1559 1551 1623 εἰς
1594 1559 1628 1622 Ε
1672 1557 2167 1638 ἀναδεξαμένοις
2212 1557 2357 1623 οἷον
2402 1558 2466 1624 ἰ’ν
2510 1558 2601 1640 ἴς,
2659 1559 2757 1638 ῥίν
2811 1557 2922 1637 ῥίς.
3009 1559 3123 1623 εἰςὶ
3166 1560 3243 1622 δὲ

647 1662 895 1726 ςπὰνια.
981 1662 1076 1726 Ἴς
1132 1661 1319 1725 πόλις
1364 1661 1653 1738 Περςική.
1743 1660 2095 1738 Ἡρόδοτος
2149 1661 2372 1743 πρώτῃ
2417 1661 2501 1741 (e.
2553 1660 2728 1740 179)·
2775 1660 2931 1725 ἔνθα
2973 1662 3075 1724 καὶ
3119 1681 3241 1724 πο-

644 1764 842 1842 ταμὸς
885 1762 997 1827 Ἴς·
1056 1760 1228 1826 οὕτω
1283 1762 1386 1825 καὶ
1431 1761 1713 1839 (κύμνος
1770 1761 1841 1826 ἐν
1899 1768 1990 1844 τῷ
2048 1761 2085 1824 ι’
2139 1764 2249 1838 τῆς
2294 1761 2495 1826 Ἀςίας
2550 1762 2843 1845 περίπλῳ
2894 1762 3240 1840 παρέθετο·

649 1864 898 1943 «ἔχεται
949 1864 1315 1941 Κελένδερις
1359 1851 1544 1926 πόλις
1590 1862 1873 1944 (αμίων,
1930 1864 2031 1927 καὶ
2085 1861 2263 1940 ἱερὸν
2318 1863 2493 1941 παρὰ
2544 1870 2620 1946 τῇ
2665 1863 2851 1927 πόλει
2895 1864 3094 1942 Ἥρης
3138 1864 3244 1927 καὶ

546 1978 608 2028 15
646 1965 865 2029 ἄλςος·
924 1966 1007 2029 Ἲς
1061 1965 1352 2043 ποταμὸς
1407 1964 1582 2042 παρὰ
1638 1963 1954 2028 θάλαςςαν
2011 1963 2231 2029 ἔξειςιν
2248 1988 2292 2026 ».
2379 1964 2585 2028 Ἔςτιν
2639 1965 2722 2029 ”lc
2786 1968 2898 2042 τῆς
2957 1965 3239 2044 Ἰταλίας,

648 2067 738 2131 ὡς
780 2066 1042 2145 Πάρθαξ
1089 2066 1159 2130 ἐν
1203 2073 1296 2151 τῷ
1343 2065 1397 2146 β’
1442 2069 1572 2129 τῶν
1619 2065 1951 2130 Ἰταλικῶν.
2043 2066 2243 2129 «Ἐπεὶ
2288 2068 2356 2129 δὲ
2402 2064 2669 2144 ἀφίκετο
2717 2066 2805 2130 εἰς
2848 2068 2965 2145 τὴν
3010 2066 3241 2129 Ποςει-

647 2169 886 2232 δωνίαν
933 2166 969 2231 ὁ
1002 2167 1327 2245 Ἡρακλῆς.
1386 2166 1512 2230 ἔςτι
1558 2168 1629 2231 δὲ
1673 2168 1963 2245 ποταμὸς
2006 2169 2091 2231 Ἲς
2121 2167 2516 2245 καλούμενος
2563 2168 2815 2245 μέγας».
2878 2167 3009 2231 Θίς
3052 2166 3242 2230 πόλις

644 2270 949 2346 Αἰγυπτία
1006 2268 1272 2347 πληςίον
1329 2267 1617 2347 Ἀβύδου.
1715 2268 1924 2333 Φθίς·
1991 2268 2182 2332 Φθῑες
2247 2268 2369 2346 γὰρ
2424 2269 2529 2332 καὶ
2580 2268 2769 2332 Φθῖοι
2828 2267 2890 2332 οἱ
2943 2268 3239 2332 Φθιῶται.

643 2371 759 2434 κίς
806 2369 842 2432 ὁ
890 2370 1147 2446 ςκώληξ.
1239 2369 1352 2433 λίς
1398 2368 1434 2433 ὁ
1482 2370 1666 2433 λέων.
1740 2373 1936 2433 τοῦτο
1983 2370 2052 2433 δὲ
2096 2369 2135 2433 6
2181 2372 2297 2448 μὲν
2342 2370 2743 2449 Ἀρίςταρχος
2789 2370 3029 2436 ὀξύνει·
3083 2368 3122 2432 6
3168 2370 3243 2432 δὲ

545 2487 613 2538 20
648 2472 953 2550 Αἰςχρίων
999 2476 1301 2554 περιςπᾷ,
1350 2472 1439 2535 ὡς
1483 2472 1605 2550 γὰρ
1637 2472 1811 2549 παρὰ
1856 2472 1930 2535 τὸ
1964 2475 2078 2549 μῦς
2125 2476 2245 2550 μῦν
2292 2472 2443 2550 φηςὶ
2488 2473 2590 2536 καὶ
2626 2476 2782 2537 νοῦς
2826 2475 3019 2553 νοῦν,
3067 2470 3243 2534 οὕτω

647 2574 749 2637 καὶ
795 2576 892 2637 λῖς
938 2575 1040 2636 λῖν
1088 2572 1232 2636 «ἐπί
1275 2592 1343 2636 τε
1391 2575 1493 2636 λῖν
1539 2573 1736 2651 ἤγαγε
1783 2571 2067 2651 δαίμων»
2115 2572 2192 2653 (Λ
2233 2571 2402 2653 480).
2492 2574 2593 2636 καὶ
2638 2573 2763 2637 ἔςτι
2808 2573 3241 2648 ςυγκατατίθε-

559 2671 569 2694 ’
649 2679 787 2739 ςθαι
830 2681 922 2757 τῷ
966 2671 1331 2751 Αἰςχρίωνι,
1380 2671 1476 2738 ὅτι
1523 2677 1768 2752 μᾶλλον
1815 2673 2062 2752 ὀφείλει
2108 2677 2548 2756 περιςπᾶεθαι,
2607 2674 2660 2737 εἰ
2715 2676 2818 2738 καὶ
2868 2675 3064 2753 μηδὲν
3108 2678 3241 2738 τῶν

649 2778 736 2841 εἰς
781 2780 848 2840 TE
904 2776 1238 2854 ληγόντων
1295 2777 1396 2839 καὶ
1451 2773 1782 2854 ἀρεενικόν
1841 2777 2031 2851 γένος
2086 2776 2570 2854 ὑπιςχουμένων
2614 2776 3050 2854 περιεςπάςθη.
3138 2777 3245 2839 καὶ
3304 2800 3323 2805 -

649 2877 810 2956 τάχα
855 2878 1001 2942 καθ’
1048 2877 1271 2955 ἕτερον
1320 2877 1548 2958 λόγον,
1601 2877 1710 2941 ἵνα
1762 2876 1838 2939 τὸ
1885 2876 2239 2942 ἐπιθετικόν
2295 2878 2399 2941 καὶ
2455 2880 2761 2956 ςημαῑνον
2813 2878 3004 2952 γένος
3050 2880 3242 2955 θηλυ-

548 2988 612 3037 :25
650 2981 766 3043 κόν
821 2980 924 3043 καὶ
967 2978 1361 3056 ὀξυνόμενον
1418 2976 1743 3059 ἀποφύγῃ.
1838 2979 2005 3053 λέγω
2065 2980 2134 3042 δὲ
2193 2980 2268 3043 τὸ
2331 2979 2469 3043 «λὶς
2523 2980 2764 3057 πέτρη»
2812 2977 2969 3060 (Od.
3015 3001 3057 3057 μ
3112 2977 3243 3059 64).

647 3088 739 3164 τῷ
798 3081 1014 3159 μέντοι
1071 3082 1413 3158 χαρακτῆρι
1466 3082 1583 3142 τοῦ
1639 3078 1730 3142 κίς
1783 3079 1887 3141 καὶ
1940 3078 2033 3143 θίς
2089 3081 2191 3143 καὶ
2238 3079 2362 3161 ῥίς,
2418 3080 2692 3156 καίτοιγε
2739 3080 3068 3159 διαφόρως
3109 3081 3243 3155 κλι-

649 3185 803 3245 θεῑςι
848 3182 1012 3259 πρὸς
1054 3181 1130 3244 τὸ
1178 3180 1302 3260 λίς,
1356 3179 1867 3258 ςυνεξωμοίωςεν
1915 3179 2073 3244 αὐτὸ
2119 3182 2276 3244 κατὰ
2319 3181 2515 3246 τόνον
2572 3182 2610 3245 6
2655 3181 3073 3260 Ἀρίςταρχος.
3139 3182 3244 3244 καὶ

652 3281 859 3347 οὕτως
914 3280 1164 3359 ἑπείςθη
1222 3281 1261 3357 ἡ
1317 3280 1678 3358 παράδοεις.
1767 3281 1910 3361 τίς,
1971 3281 2131 3360 ὅπερ
2190 3282 2505 3347 ςυςτέλλει
2559 3283 2634 3345 τὸ
2680 3283 2743 3363 ἶ,
2797 3281 2940 3347 Δίς
2995 3282 3033 3346 6
3076 3281 3247 3346 Ζεύς

650 3383 825 3461 παρὰ
869 3382 1174 3446 Ῥίνθωνι.

651 3536 884 3586 eundem
931 3534 1188 3599 populum
1232 3533 1516 3599 designari
1562 3536 1878 3599 suspicatur
1911 3535 2181 3595 Meinek.,
2229 3541 2583 3587 accesserunt
2629 3552 2695 3586 ex
2734 3537 2814 3587 St.
2852 3537 2942 3599 13„
2991 3535 3134 3601 Κλής
3174 3554 3243 3586 ex

651 3604 899 3666 Theogn.
941 3604 1066 3664 134,
1105 3605 1199 3662 24,
1236 3600 1350 3666 Ζής
1389 3617 1455 3650 ex
1492 3602 1637 3655 Mon.
1678 3606 1737 3664 6,
1776 3605 1868 3663 163
1908 3602 2009 3666 θής
2046 3619 2113 3652 ex
2151 3603 2346 3653 Choer.
2381 3607 2477 3666 43,
2516 3605 2578 3653 17
2618 3609 2676 3653 et
2709 3604 2953 3669 Theogd.
2996 3608 3115 3665 134,
3153 3607 3241 3667 23,

653 3687 720 3720 ex
757 3670 857 3719 hoc
894 3671 1061 3719 etiam
1099 3668 1260 3733 βλής,
1308 3669 1380 3718 ad
1418 3670 1562 3733 quod
1599 3685 1814 3720 versum
1852 3671 2084 3734 apposui
2130 3685 2198 3718 ex
2234 3670 2297 3720 11.
2332 3672 2487 3721 Pros.
2523 3670 2570 3721 Ψ
2606 3674 2729 3721 254:
2779 3670 2929 3737 ἑανῷ
2976 3669 3111 3721 λιτί;
3160 3671 3243 3722 dyc

653 3735 822 3801 φωτί.
893 3736 1079 3786 οὕτως
1126 3737 1218 3786 καὶ
1267 3734 1633 3800 Ἀρίςταρχος.
1714 3739 1862 3788 πᾶςα
1908 3736 2014 3800 γὰρ
2060 3737 2252 3801 δοτικὴ
2297 3737 2620 3800 διςύλλαβος
2667 3737 2765 3788 ἐπ’
2812 3738 3113 3801 ὀνομάτων
3162 3738 3242 3790 εἰς

651 3807 704 3854 ἦ
743 3804 986 3868 λήγουςα
1025 3802 1309 3866 ὀξύνεται,
1349 3801 1550 3867 χρωτί,
1590 3803 1758 3865 δαιτί,
1801 3802 1986 3870 Κρητί.
2057 3804 2244 3855 οὕτως
2290 3803 2528 3855 οὖνκαὶ
2573 3804 2696 3858 λιτί.
2766 3806 2958 3872 τούτῳ
3002 3806 3107 3870 γὰρ
3154 3809 3242 3870 τῷ

654 3871 809 3937 λόγῳ
847 3871 938 3921 καὶ
976 3870 1137 3935 βλητί
1173 3869 1480 3933 ὀφείλομεν
1518 3871 1651 3922 κατ’
1688 3872 1876 3923 ὀξεῖαν
1918 3870 2075 3922 τάςιν
2110 3870 2524 3934 ἀναγινώςκειν.
2597 3874 2669 3923 cf.
2709 3874 2880 3924 Lehrs
2915 3874 2986 3924 ad
3022 3875 3073 3928 h.
3112 3874 3147 3923 l.
3183 3881 3244 3923 et

657 3942 791 3990 Lob.
829 3939 1036 3989 Pan-all.
1073 3942 1138 3988 8⁴2
1176 3947 1233 3988 et
1270 3943 1386 3989 541.
1460 3937 1538 3989 ὼς
1576 3938 1635 3989 δέ
1671 3953 1822 3990 τινες
1859 3967 1918 3975 -
1959 3938 2074 4004 Ζῆς
2112 3956 2180 3989 ex
2217 3941 2464 4005 Theogn.
2616 3941 2653 3990 1.
2697 3943 2760 3991 10
2796 3941 2941 3990 hunc
2977 3956 3243 3991 canonem

656 4008 724 4058 de
761 4008 1049 4058 vocabulis
1086 4007 1140 4056 in
1177 4008 1227 4058 ῑῖ
1263 4006 1436 4057 solum
1473 4008 1803 4057 exeuntibus
1840 4008 2094 4072 separavi
2132 4023 2165 4057 a
2190 4008 2545 4058 dieatalectis
2580 4009 2639 4058 in
2675 4012 2726 4058 ΠΙ
2764 4015 2821 4057 ot
2853 4010 2905 4059 ff
2942 4015 3245 4073 praeeunte

655 4076 906 4140 Theogn.
946 4079 1059 4137 133,
1101 4077 1131 4125 ‘1
1168 4082 1226 4124 et
1264 4077 1359 4126 135
1396 4082 1454 4125 et
1490 4075 1684 4124 Choer.
1722 4079 1804 4136 55,
1842 4079 1928 4135 35,
1968 4075 2265 4124 secundum
2309 4091 2467 4139 quem
2504 4075 2665 4139 φύςει
2713 4073 2790 4126 εἰς
2826 4078 2859 4127 Ἐ
2896 4077 3146 4139 λήγοντα
3184 4082 3246 4125 et

657 4141 869 4205 ὁμοίως
905 4146 1024 4194 τοῖς
1060 4169 1124 4177 -
1162 4139 1249 4206 ῥίν
1287 4139 1370 4205 ῥίς
1409 4142 1615 4194 addidi.
1684 4144 1857 4203 verba
1903 4139 2002 4195 εἰςί
2048 4141 2109 4192 δὲ
2145 4140 2346 4193 ςπάνια
2383 4150 2511 4193 sunt
2557 4160 2623 4193 ex
2660 4143 2908 4208 Theogn.
2944 4172 3010 4180 --
3047 4142 3117 4194 Ἴς
3155 4159 3247 4193 ae-

657 4214 827 4261 cessit
863 4228 929 4260 ex
967 4212 1048 4259 St.
1087 4212 1178 4273 B.‚
1217 4209 1470 4275 exempla
1507 4213 1738 4275 apposui
1778 4226 1846 4259 ex
1882 4211 2028 4259 Mon.
2070 4213 2149 4272 19,
2186 4214 2235 4259 5.
2306 4209 2429 4274 Θίς,
2469 4208 2605 4263 Φθίς
2642 4216 2769 4260 sunt
2806 4228 2873 4260 ex
2909 4212 2991 4264 St.
3030 4212 3119 4271 13„
3155 4208 3244 4261 κίε

659 4296 724 4328 ex
763 4279 1037 4342 Theogn.‚
1078 4275 1160 4328 λίς
1198 4278 1368 4328 habet
1403 4278 1602 4327 Arcad.
1643 4280 1766 4339 125,
1805 4281 1862 4337 2;
1912 4274 2363 4328 adnothmnntum
2411 4279 2477 4328 de
2525 4279 2905 4342 discrepantia
2939 4279 3248 4328 Aristarchi

657 4352 716 4396 ot
750 4346 1100 4396 Aeschrionis
1145 4360 1212 4394 ex
1259 4345 1322 4399 ΙΙ.
1370 4346 1458 4395 Pr.
1495 4344 1538 4396 Λ
1585 4348 1684 4395 239
1729 4345 1927 4396 adieci.
2006 4345 2299 4396 Caeterum
2345 4347 2412 4396 de
2457 4343 2538 4396 κίς
2586 4351 2642 4396 et
2686 4343 2769 4396 λίε
2814 4346 3064 4411 pluribus
3105 4345 3249 4395 locis

658 4415 1007 4463 Herodianus
1044 4413 1260 4463 dixerat
1295 4416 1351 4462 in
1388 4414 1510 4477 ipsa
1547 4410 1858 4472 catholica.
1907 4413 2003 4462 ubi
2039 4413 2105 4463 de
2142 4415 2418 4479 genetivis
2455 4415 2594 4464 κιῶν
2631 4412 2771 4463 λιῶν
2818 4429 2997 4464 sermo
3035 4420 3144 4470 est,
3185 4418 3249 4462 et

658 4483 716 4530 in
751 4481 889 4531 libro
926 4480 1054 4544 περὶ
1092 4478 1395 4543 ὀνομάτων
1434 4480 1600 4542 (hunc
1638 4482 1781 4529 enim
1820 4480 2017 4530 librum
2054 4483 2240 4533 verbis
2276 4480 2338 4531 ἐν
2375 4480 2586 4545 ἑτέροις
2623 4497 2708 4546 ap.
2735 4479 2931 4530 Choer.
2995 4518 3008 4530 .
3031 4483 3150 4542 454,
3177 4483 3249 4535 34

659 4549 1090 4614 intellegendum
1136 4548 1420 4611 arbitror):
1477 4546 1546 4597 τὸ
1595 4545 1676 4598 κίς
1723 4547 1811 4598 καί
1858 4545 1942 4599 Mc
1986 4547 2350 4613 ἡμαρτημένα
2398 4548 2509 4599 ἐςτὶ
2557 4547 2671 4598 εἴτε
2717 4546 2861 4598 κατὰ
2908 4498 3081 4599 τόξον
3125 4545 3248 4598 εἴτε

658 4616 801 4667 κατὰ
846 4615 1041 4667 κλίςιν·
1090 4616 1123 4679 ἢ
1169 4616 1276 4679 γὰρ
1321 4615 1561 4667 ὀξύτονα
1596 4614 1737 4665 ὄντα
1781 4614 2032 4679 ὤφειλον
2077 4616 2165 4668 διὰ
2210 4616 2516 4680 ςυμφὼνου
2565 4613 2837 4673 κλίνεςθαι
2874 4614 2989 4667 εἴτε
3025 4614 3112 4666 διὰ
3148 4630 3249 4665 κα-

658 4687 831 4749 θαροῦ
869 4688 972 4735 τοῦ
1022 4688 1082 4735 ος·
1129 4683 1430 4745 κλινόμενα
1479 4682 1582 4733 οὐκ
1636 4682 1888 4746 ὤφειλον
1942 4683 2317 4736 ὀξυτονεῖςθαι
2372 4683 2516 4735 κατὰ
2569 4683 2678 4748 τὴν
2721 4682 2943 4735 εὐθεῖαν
2987 4684 3057 4733 ef.
3106 4684 3250 4734 Lob.

658 4752 858 4802 Parall.
904 4769 956 4817 p.
996 4753 1062 4802 85
1099 4758 1155 4801 et
1189 4751 1366 4801 Lehrs
1400 4752 1564 4802 Arist.
1602 4753 1698 4800 257
1738 4752 1847 4813 (ed.
1872 4752 1964 4815 11).
2100 4752 2136 4801 1.
2162 4756 2227 4801 28
2266 4752 2331 4801 de
2368 4750 2453 4802 τίς
2491 4753 2563 4801 of.
2601 4754 2749 4803 Mon.
2782 4754 2860 4810 19,
2902 4755 2928 4800 1
2966 4757 3024 4801 et
3059 4751 3251 4800 Dichr.

663 4824 786 4879 283,
831 4824 876 4870 1.
928 4819 1009 4868 Ad
1048 4815 1149 4871 Δίς
1188 4819 1376 4867 addidi
1413 4817 1565 4880 παρὰ
1602 4815 1856 4868 Ῥίνθωνι
1896 4834 1961 4867 ex
2001 4819 2195 4870 Choer.
2230 4822 2342 4881 181,
2369 4822 2454 4872 28.
