3664 5546
1098 422 1257 478 ΠΕΡΙ
1298 420 1690 477 ΚΑΘΟΛίΚΗ(
1728 421 2150 476 ΠΡΟΕΩιΔΙΑ(
2190 421 2242 477 Ε.
2856 421 2976 486 135

546 596 641 660 Τὰ
695 595 784 660 εἰς
839 598 971 660 Es&
1015 594 1333 660 ἑπιθετικά
1376 594 1761 674 τριςύλλαβα
1804 594 2042 672 ἔχοντα
2086 593 2202 671 τὴν
2247 594 2510 672 πρώτην
2556 594 2739 674 φύςει
2785 594 2824 671 ἢ
2870 595 2973 658 θέ-

380 719 465 764 ςει
511 698 755 777 μακρὰν
811 701 981 778 πλὴν
1035 703 1165 763 τῶν
1211 696 1498 775 ἐχόντων
1542 698 1617 762 τὸ
1662 701 1734 779 ἦ,
1788 698 1936 775 περὶ
1989 695 2083 761 ὧν
2129 693 2400 777 εἴρηται,
2458 696 2561 760 καὶ
2611 702 2742 762 τῶν
2787 697 2970 776 ἐχόν-

378 821 509 864 των
552 800 814 865 ἔννοιαν
860 801 1126 878 τοπικὴν
1157 799 1793 881 προπαροξύνονται,
1839 798 2292 881 γλαύκειος,
2339 799 2739 881 δούλειος,
2786 801 2969 879 χρύ-

379 922 621 984 ςειος,
694 902 1095 984 δούρειος,
1179 901 1561 982 χοίρειος,
1651 900 2061 982 Κούρειος,
2150 900 2503 983 ἄρνειος,
2590 901 2965 984 κνίδειος,

378 1005 677 1070 ςίδειος.
743 1005 819 1070 τὸ
864 1005 1080 1082 μέντοι
1127 1002 1510 1084 Ὀλμειός,
1559 1001 1936 1084 Ὀρνειός,
1984 1002 2439 1084 (περχειός,
2488 1001 3025 1086 (πονδειός,5

379 1107 662 1173 Ἀζειός
705 1107 893 1171 ἔθνος
936 1109 1048 1183 τῆς
1092 1106 1431 1189 Τρῳάδος,
1488 1105 1526 1169 ὃ
1582 1105 1684 1168 καὶ
1729 1106 2053 1185 Ἀζεῶται,
2111 1107 2201 1171 ὡς
2259 1106 2442 1184 κύρια
2493 1104 2802 1171 ὀξύνεται.
2889 1107 2965 1170 τὸ

377 1211 447 1274 δὲ
493 1212 858 1273 παιδεῖος
913 1209 950 1272 ὸ
1010 1209 1300 1273 παιδικὸς
1344 1210 1863 1286 προπεριςπᾶται.
1952 1208 2028 1272 τὸ
2085 1210 2157 1272 δὲ
2207 1207 2526 1286 ἀρνειός
2570 1208 2729 1272 κατὰ
2771 1211 2964 1272 πλεο-

374 1311 615 1390 ναςμὸν
673 1310 814 1389 ἔςχε
870 1312 985 1389 τὴν
1043 1314 1096 1374 ε“ι
1141 1309 1530 1390 δίφθογγον·
1586 1309 1626 1387 ἡ
1670 1309 1796 1387 γὰρ
1844 1292 2053 1387 ἀρνός
2091 1311 2307 1389 γενικὴ
2353 1309 2683 1389 μετάγεται
2730 1310 2817 1375 εἰς
2862 1311 2962 1375 εὐ-

374 1416 554 1478 θεῖαν
601 1414 691 1477 ὼς
735 1412 932 1490 ἀρνός
977 1414 1078 1476 καὶ
1134 1413 1290 1476 κατὰ
1333 1412 1740 1490 πλεοναςμὸν
1794 1415 1905 1489 τῆς
1949 1414 2003 1475 ἷι
2046 1412 2284 1488 γίνεται
2328 1406 2583 1490 ἀρνεὶός
2631 1415 2720 1478 ὡς
2765 1413 2965 1494 ἀμνός

373 1514 648 1593 ἀμνειός.
736 1516 838 1578 καὶ
900 1515 975 1579 τὸ
1034 1513 1366 1594 ἀφνειός
1421 1515 1493 1577 δε
1551 1513 1858 1579 ὀξύνεται.
1949 1515 2023 1579 τὸ
2081 1517 2152 1579 δὲ
2215 1514 2545 1596 οἰκεῖος,
2613 1515 2963 1598 ἀςτεῑος,
3008 1528 3069 1579 10

374 1616 699 1695 ἀγρεῖος
743 1617 1011 1694 τοπικὴν
1057 1615 1310 1696 ἔχουςιν
1355 1616 1635 1680 ἔννοιαν.

543 1718 638 1782 Τὰ
701 1717 788 1782 εἰς
855 1720 987 1782 ἓι-οῗ
1039 1718 1420 1798 τριςύλλαβα
1484 1715 1668 1796 κύρια
1733 1719 1835 1781 καὶ
1897 1719 1976 1782 τὰ
2035 1718 2242 1783 ’πλείω
2302 1718 2588 1799 ὀνόματα
2654 1726 2965 1800 ποταμῶν

372 1820 693 1901 ὀξύνεται,
738 1819 1199 1902 (περχειός,
1235 1819 1629 1903 Ἀλφειός,
1663 1821 2037 1903 Πηνειός,
2080 1821 2430 1903 Κητειός,
2466 1822 2764 1888 Ἐπειός
2797 1828 2964 1903 βαςι-

372 1924 520 1987 λεὺς
575 1923 677 1987 καὶ
731 1922 936 1986 ἔθνος.
1026 1920 1231 1987 οὕτως
1286 1920 1569 2001 Ὅμηρος
1626 1922 1779 1986 τοὺς
1840 1922 2124 1986 Ἠλείους
2180 1924 2345 2003 φηςί.
2435 1923 2641 1988 οὕτως
2699 1926 2770 1989 δὲ
2828 1926 2961 1989 ἑλέ-

369 2046 571 2101 γοντο
633 2025 734 2088 καὶ
791 2024 853 2087 οἱ
910 2023 979 2087 ἐν
1035 2030 1126 2107 τῷ
1170 2024 1502 2108 Δουλιχίῳ
1562 2025 1651 2090 ὡς
1697 2024 2162 2104 Ἐπαφρόδιτος
2217 2027 2580 2104 παρατιθεὶς
2635 2028 2750 2092 τὸν
2805 2027 2962 2106 Ἀρί·
3008 2038 3066 2089 15

371 2148 645 2207 ςταρχον
708 2125 1130 2204 ἐκδεχόμενον
1188 2125 1410 2191 οὕτως.
1484 2127 1558 2191 τὸ
1605 2128 1675 2191 δὲ
1723 2127 2072 2205 Ἀρνεῖος
2117 2128 2218 2191 καὶ
2260 2128 2614 2206 Δαρεῖος
2657 2150 2963 2209 προπερι-

369 2234 669 2296 ςπῶνται.
1541 2217 1556 2234 “

540 2331 634 2396 Τὰ
678 2331 767 2396 εἰς
819 2331 954 2395 {iffi
1005 2333 1257 2409 τριγενῆ
1315 2331 1395 2410 μὴ
1452 2331 1667 2397 ἐθνικὰ
1722 2331 2305 2414 προπαροξύνεται,
2370 2332 2423 2397 εἰ
2477 2331 2609 2398 ἀπὸ
2670 2336 2961 2414 βραχείας

368 2434 666 2515 ἄρχοιτο,
725 2434 1114 2514 βρότειος,
1182 2432 1521 2515 τέλειος,
1586 2433 1998 2515 φλόγειος,
2065 2434 2406 2517 λύκειος,
2470 2435 2768 2517 βόειος,
2833 2437 2956 2513 γέ-

366 2557 589 2613 γειος
635 2539 1017 2619 πλεοναςμῷ
1060 2539 1176 2599 τοῦ
1222 2536 1259 2611 Ῠ
1304 2533 1435 2599 ἀπὸ
1480 2539 1596 2599 τοῦ
1639 2535 1772 2611 γεά.
1861 2536 1936 2600 τὸ
1984 2537 2053 2600 δὲ
2100 2536 2393 2600 Ἐπειός
2450 2536 2688 2615 κύριον.
2762 2539 2838 2602 τὸ
2885 2540 2957 2603 δὲ
2995 2548 3062 2595 20

367 2639 695 2719 φατειός
740 2637 897 2701 κατὰ
940 2638 1345 2717 πλεοναςμὸν
1391 2637 1530 2715 ἔςχε
1576 2637 1691 2714 τὴν
1738 2626 2112 2717 δίφθογγον.

539 2767 575 2803 ιι·
625 2738 719 2804 Τὰ
763 2739 850 2804 εἰς
893 2742 1028 2804 {ff
1073 2739 1142 2805 ἐν
1187 2746 1262 2823 τῇ
1307 2740 1530 2822 πρώτῃ
1577 2740 1853 2823 ςυλλαβῇ
1885 2739 2121 2819 ἔχοντα
2164 2741 2240 2805 τὸ
2285 2743 2326 2803 fi
2370 2741 2452 2819 μὴ
2498 2742 2778 2820 καθαρὸν
2825 2742 2957 2807 ἐπι-

366 2842 757 2924 φερομένων
811 2842 931 2907 δύο
989 2843 1351 2922 ςυμφώνων
1389 2843 1490 2920 ’μὴ
1547 2840 1929 2919 ςημαίνοντα
1984 2843 2175 2921 μέρος
2240 2844 2591 2921 ςωματικὸν
2648 2865 2956 2923 προπερι-

367 2948 629 3026 ςπᾶται,
675 2943 1080 3024 ἀνδρεῖος,
1111 2945 1492 3026 Ἀργεῖος,
1541 2943 1954 3025 Καδμεῖος,
1990 2945 2385 3023 Βακχεῖος.
2433 2945 2688 3011 τούτοις
2719 2946 2956 3025 ὁμοίως

366 3048 473 3112 καὶ
514 3046 590 3111 τὸ
635 3044 958 3124 ἀχρεῖος
1010 3047 1185 3125 παρὰ
1238 3053 1330 3130 τῷ
1386 3052 1616 3128 ποιητῇ
1661 3046 2097 3124 περιεςπάςθη.
2186 3047 2532 3111 Διονύςιος
2588 3048 2802 3126 μέντοι
2855 3050 2958 3114 καὶ
2992 3057 3057 3106 25

368 3302 636 3357 Βούδειοι.
792 3304 829 3355 1.
863 3305 895 3351 4
935 3301 1196 3366 Κούρειος
1233 3319 1300 3352 ex
1337 3303 1416 3353 St.
1453 3305 1513 3352 B.
1549 3305 1666 3362 379,
1709 3305 1767 3352 19
1806 3303 2016 3367 recepi,
2056 3301 2275 3367 άρνειος
2313 3319 2378 3352 ex
2417 3303 2607 3353 Choer.
2644 3304 2799 3354 Orth.
2840 3307 2954 3364 174,

367 3375 432 3423 27
447 3389 460 3419 z
497 3370 718 3435 άρνειος
755 3370 788 3421 ὁ
825 3369 982 3422 πούς.
1044 3369 1544 3435 προπαροξύτονον
1581 3370 1672 3421 καὶ
1707 3368 1794 3421 διὰ
1829 3372 1933 3434 τῆς
1970 3386 2016 3421 ει
2052 3369 2362 3433 διφθόγγου
2398 3370 2696 3435 γράφεται·
2743 3371 2814 3423 τὰ
2849 3371 2974 3437 γὰρ,

366 3439 457 3492 διά
492 3441 596 3490 τοῦ
635 3440 747 3489 ἐ’ΐόἱ
785 3436 1126 3503 ςημαίνοντα
1172 3438 1337 3503 μέρος
1374 3437 1694 3501 ςωματικὸν
1738 3436 1827 3489 διὰ
1871 3440 1975 3503 τῆς
2022 3453 2069 3488 ει
2112 3437 2387 3503 γράφεται
2434 3437 2558 3490 οἷον
2603 3438 2953 3504 ἀνθρώπειος

366 3506 516 3572 χείρ,
552 3504 772 3571 ἄρνειος
808 3506 975 3569 πούς,
1016 3523 1140 3556 nam
1178 3522 1339 3571 quum
1377 3505 1597 3571 ἀρνειός
1634 3512 1909 3569 oxytonon
1956 3512 2013 3556 et
2053 3506 2298 3571 Ἀρνεῖος
2339 3509 2432 3560 (se.
2481 3507 2512 3557 ὁ
2551 3506 2685 3571 μήν)
2724 3525 2950 3559 comme-

368 3580 583 3626 morata
621 3577 750 3636 sint,
787 3575 1085 3625 verisimile
1125 3582 1209 3625 est
1247 3577 1411 3625 etiam
1448 3573 1664 3638 ἄρνειος
1700 3580 2179 3640 proparoxytonon
2215 3575 2447 3634 allatum
2481 3576 2678 3633 fuisse.
2716 3574 2950 3629 κνίδειος

366 3643 564 3697 ςίδειος
602 3661 670 3694 ex
707 3644 955 3706 Theogn.
992 3646 1077 3702 54,
1114 3649 1228 3697 31.·
1267 3643 1372 3693 Pro
1407 3641 1672 3707 Δαρειός,
1713 3643 1858 3707 quod
1899 3643 2099 3692 falsum
2136 3658 2260 3693 esse
2298 3659 2365 3693 ex
2404 3646 2819 3708 posterioribu8‚
2858 3645 2951 3696 ubi

365 3713 606 3776 Δαρεῖος
644 3712 849 3762 diserte
887 3709 1412 3762 circumflectendam
1449 3713 1870 3776 praescribitur,
1909 3719 2164 3776 apparet,
2205 3712 2398 3777 scripsi
2438 3710 2642 3763 ἈΖειός
2681 3730 2746 3762 ex
2785 3715 2863 3762 St.
2892 3715 2950 3763 Β.

366 3785 449 3843 32,
487 3782 538 3842 6,
576 3796 702 3830 nam
736 3777 1079 3844 Δαρδανειός
1125 3784 1187 3828 ut
1232 3778 1702 3844 quadrisyllabum
1750 3779 1855 3828 huc
1900 3795 2007 3828 non
2053 3778 2304 3843 quadrat.
2373 3777 2590 3843 ἀρνειός
2638 3781 2845 3831 inserui
2882 3799 2949 3831 ex

369 3851 429 3900 E.
467 3849 540 3897 M,
579 3852 693 3904 146.
734 3852 799 3898 :33
835 3846 982 3909 λέγει
1020 3847 1051 3898 ὁ
1089 3845 1281 3912 Ὦρος,
1332 3845 1420 3897 ὅτι
1456 3846 1626 3911 φηςίν
1663 3845 1725 3898 ἐν
1759 3850 1831 3911 τῇ
1870 3846 2116 3898 καθόλου
2161 3846 2194 3898 ό
2231 3845 2573 3911 Ἡρωδιανὸς
2621 3847 2949 3901 πλεονάζειν

365 3917 474 3981 τὴν
508 3918 560 3969 {i
595 3914 902 3980 δίφθογγον
939 3915 1030 3966 καὶ
1066 3911 1308 3977 γίνεςθαι
1343 3913 1510 3979 ἀρνός
1549 3913 1764 3979 ἀρνειὸς
1815 3913 1894 3966 ὡς
1930 3912 2104 3977 ἀμνὸς
2141 3913 2365 3977 ἀμνειός
2401 3916 2522 3966 coll.
2561 3916 2752 3966 Choer.
2791 3917 2946 3966 Orth.

372 3987 488 4044 168,
532 3988 611 4047 19,
649 3984 790 4035 uude
831 3985 998 4035 etiam
1035 3984 1236 4048 sumpsi
1273 3981 1520 4046 ἀφνειός.
1567 3985 1630 4033 In
1667 3983 1770 4033 fine
1808 3983 1999 4033 addidi
2034 3982 2103 4034 τὸ
2139 3982 2199 4034 δέ
2236 3981 2439 4035 οἰκεῖος
2477 3984 2611 4046 κτλ.,
2651 4000 2811 4048 quum
2848 3988 2947 4035 Ar·

367 4054 512 4103 cadii
549 4055 721 4104 verba
756 4053 844 4103 καί
881 4053 1002 4103 τῶν
1038 4049 1292 4115 ἑχόντων
1328 4050 1552 4102 ἔννοιαν
1586 4052 1828 4115 τοπικὴν
1855 4051 2229 4102 huiuscemodi
2264 4053 2483 4102 uomina
2520 4051 2736 4117 prolata
2774 4052 2949 4102 fuisso

371 4121 632 4184 innuant3
671 4124 1056 4176 commemorat
1096 4120 1174 4170 St.
1211 4123 1271 4170 B.
1307 4121 1423 4182 485,
1462 4122 1518 4182 7;
1561 4122 1673 4182 140,
1716 4123 1768 4179 1;
1807 4123 1901 4181 22,
1939 4123 1987 4173 8.
2194 4119 2230 4169 1.
2269 4122 2330 4170 13
2372 4118 2582 4171 Ἐπειός
2622 4120 2843 4184 explevi
2879 4138 2945 4170 ex

368 4190 445 4239 St.
487 4193 546 4241 B.
587 4192 704 4253 301,
741 4192 771 4240 6
809 4189 879 4239 cf.
916 4189 1091 4239 Lehrs
1127 4188 1293 4238 Arist.
1332 4205 1384 4253 p.
1422 4191 1516 4239 231
1558 4186 1665 4248 (ed.
1704 4189 1799 4250 ΙΙ).
1856 4188 1938 4237 De
1976 4187 2264 4237 fluviorum
2300 4189 2610 4238 nominibus
2646 4188 2715 4239 cf.
2747 4189 2943 4237 Choer.

368 4259 521 4308 Orth.
561 4260 685 4316 172,
727 4260 814 4307 14:
862 4256 955 4308 ἐπὶ
992 4258 1268 4320 ποταμῶν
1313 4254 1402 4307 διὰ
1445 4258 1548 4320 τῆς
1585 4259 1632 4307 ἐἶ
1668 4254 1978 4318 διφθόγγου
2023 4253 2296 4318 γράφεται
2343 4252 2467 4306 οἷον
2506 4254 2790 4319 Ἀλφειός,
2827 4255 2945 4320 Πη-

368 4325 542 4390 νειός,
590 4323 915 4390 (περχειός,
967 4324 1235 4388 Ὀλμειός.
1307 4327 1489 4375 Verba
1541 4325 1762 4375 Art-adii
1805 4321 2291 4386 προπαροξύνεται
2337 4322 2398 4373 δὲ
2443 4325 2623 4373 ταῦτα
2678 4322 2942 4389 ίττέρειος

367 4391 653 4445 ἀςκάτειος
692 4394 771 4456 (in
806 4409 1031 4458 quorum
1069 4395 1246 4458 priore
1283 4392 1418 4442 latet
1453 4398 1551 4442 aut
1587 4389 1856 4456 ἑταίρειος
1884 4397 1991 4439 -aut
2020 4389 2349 4454 Νυττέρειος
2382 4389 2550 4454 λιμήν
2586 4393 2643 4441 iu
2669 4391 2788 4443 libr.
2816 4391 2942 4455 περὶ

369 4461 560 4513 ποςότ.
595 4464 714 4521 292,
751 4465 835 4520 23,
873 4463 930 4510 in
966 4462 1143 4512 altero
1180 4458 1462 4522 ἀκάτειος,
1501 4460 1645 4525 quod
1683 4460 1828 4509 iufra
1853 4457 2109 4509 ἀκατεῖος
2140 4459 2600 4522 pronunciandum
2629 4475 2749 4510 esse
2788 4476 2942 4524 prae-

369 4530 608 4596 cipitur).
654 4529 723 4581 τὸ
748 4528 809 4580 δὲ
834 4528 1175 4593 Δαρδανειός
1203 4535 1263 4578 ut
1290 4529 1356 4578 ab
1384 4529 1480 4577 hoc
1505 4528 1623 4578 loco
1650 4528 1830 4577 aliena
1857 4527 2033 4590 omisi,
2062 4541 2188 4577 nam
2212 4526 2299 4574 hie
2324 4527 2390 4576 de
2416 4525 2718 4590 trisyllabis
2743 4528 2944 4592 agitur.

502 4599 536 4648 1.
576 4601 640 4650 19
675 4595 889 4660 γέγειος
931 4615 997 4647 ex
1034 4599 1114 4649 St.
1151 4599 1211 4647 Β.
1249 4599 1364 4658 206,
1407 4599 1462 4646 17
1502 4595 1695 4646 adieci.
1870 4594 1908 4645 1.
1944 4597 2009 4644 22
2054 4594 2197 4644 hunc
2233 4610 2495 4644 canonem
2530 4595 2738 4659 sumpsi
2775 4611 2841 4645 ex
2880 4594 2940 4648 11.

370 4666 458 4715 Pr.
495 4665 533 4718 Β
570 4669 687 4728 269,
728 4663 990 4727 Καδμεῖος
1029 4665 1291 4728 Βακχεῖος
1328 4665 1535 4715 additis
1571 4680 1636 4715 ex
1674 4662 1869 4712 Choer.
1896 4661 2050 4713 Orth.
2080 4665 2193 4724 173,
2231 4664 2296 4712 26
2334 4671 2392 4713 et
2427 4662 2642 4727 explevi
2680 4679 2747 4712 ex
2783 4664 2942 4713 Eust.

372 4735 483 4794 217,
521 4737 614 4796 39,
651 4733 746 4783 ubi
780 4732 915 4785 τοὺς
950 4732 1011 4784 δέ
1042 4748 1106 4796 γε
1142 4732 1330 4784 ἄλλως
1379 4733 1771 4796 περιςπῶντας
1816 4729 1887 4782 τὸ
1934 4728 2153 4793 ἀχρεῖος
2200 4758 2263 4764 -—
2309 4727 2549 4782 αἰτιᾶται
2598 4728 2938 4793 Ἡρωδιανὸς

375 4799 554 4862 λέγων
580 4799 660 4852 ὼε
684 4801 803 4852 κτλ.
849 4802 915 4852 Ῑίι
947 4803 1048 4867 Rp.
1087 4802 1177 4855 Cr,
1214 4803 1241 4851 1
1281 4804 1360 4862 12,
1400 4805 1462 4851 25
1501 4801 1587 4862 (Ε.
1615 4800 1685 4848 M.
1730 4800 1837 4858 182,
1880 4798 1965 4861 31)
2004 4813 2177 4847 canon
2214 4800 2433 4848 nimium
2471 4797 2790 4848 decurtatus
2828 4803 2939 4848 est:

376 4866 617 4930 ὤφειλεν
655 4867 798 4920 εἶναι
841 4868 1086 4934 άχρειος,
1135 4867 1223 4919 ὅτι
1268 4868 1339 4920 τὰ
1384 4867 1499 4920 ἀπὸ
1544 4869 1665 4918 τῶν
1711 4863 1792 4916 εἰς
1828 4883 1863 4917 α
1911 4866 1998 4916 καὶ
2035 4869 2069 4928 ῆ
2115 4865 2380 4929 θηλυκῶν
2425 4862 2761 4917 ςυντεθέντα
2808 4880 2939 4930 προ-

375 4936 778 4999 παροξύνονται
817 4936 966 5002 πύλη
1012 4936 1346 5001 εὐρύπυλος·
1395 4935 1537 4988 ἀλλὰ
1571 4934 1642 4986 τὰ
1687 4932 1776 4986 διὰ
1819 4936 1924 4986 τοῦ
1962 4938 2079 4986 εἰος
2117 4931 2321 4996 ἔχοντα
2365 4933 2427 4985 ἐν
2470 4935 2541 4999 τῇ
2580 4931 2780 4999 πρώτῃ
2820 4934 2939 4986 ςυλ-
