3664 5546
653 386 802 452 564,
848 387 930 443 ΕΙ(
965 387 1115 442 ΤΟΥ
1152 387 1425 443 ΒΙΒΛΙΟΥ
1457 387 1608 452 ΤΟΥ
1642 387 1800 443 ΠΕΡΙ
1838 387 2260 445 ΠΡΟΕΩιΔΙΑ(
2306 389 2447 445 ΤΗ(
2484 390 2668 446 ΚΑΤΑ
2708 389 3060 448 ΕΥΝΤΑΞΙΝ
3107 396 3228 448 κτλ.

828 556 1095 625 Κάκεῖνο
1125 558 1664 640 παραφυλακτέον
1679 608 1698 643 ,
1744 558 1841 625 ὅτι
1871 564 2005 625 τῶν
2036 559 2509 641 ἐγκλινομένων
2540 561 2594 626 εἰ
2624 564 3003 643 ςπονδειακὴ
3032 583 3227 643 προη-
3314 621 3321 626 .

655 663 856 738 γεῖται
901 660 1065 727 λέξις
1107 661 1146 739 ἢ
1190 661 1567 740 πυρριχιακὴ
1611 661 1651 739 ἢ
1697 659 1976 743 ἰαμβική,
2033 661 2087 727 εἰ
2132 662 2246 743 μὲν
2291 663 2775 745 μονοςύλλαβον
2831 664 2929 744 εἴη
2973 666 3049 732 τὸ
3093 667 3228 731 ἐπι-

656 762 1022 843 φερόμενον
1067 761 1447 845 ἐγκλιτικόν,
1501 762 1714 841 ὥςπερ
1758 761 2018 846 ἐθέμην,
2074 763 2421 841 ἐγκλίνεται
2482 765 2696 830 «οὕτω
2739 786 2903 850 που,
2952 768 3073 847 ἤδη
3117 788 3228 852 τις,

657 863 1002 943 «Ἀτρείδης
1046 884 1155 929 τε»
1202 864 1280 946 (Α
1324 864 1422 947 7),
1478 865 1786 931 πολλάκις
1838 885 1963 949 τις,
2022 865 2388 955 ιμεταμέλει
2446 886 2596 946 μοι»
2656 866 2807 933 οὔτε
2851 870 2928 934 τὸ
2974 870 3228 945 ἐγκλιτι-

592 976 626 1025 5
656 967 772 1033 κόν
828 963 1077 1045 δέχεται
1103 963 1249 1031 ’τὸν
1302 963 1470 1031 ἴδιον
1528 966 1726 1033 τόνον
1781 966 1938 1031 οὐδὲ
2001 965 2040 1045 ἡ
2102 969 2323 1048 βαρεῖα
2381 971 2493 1045 τῆς
2556 969 2857 1047 δευτέρας
2921 975 3231 1052 ςυλλαβῆς

652 1068 1143 1149 προηγουμένης
1173 1067 1476 1146 ἐγείρεται
1507 1068 1768 1151 λέξεως,
1812 1067 1981 1135 ἀλλὰ
2010 1075 2106 1154 νῷ
2136 1070 2315 1155 μόνῳ
2360 1072 2602 1135 νοεῖται
2630 1072 2711 1135 τὰ
2739 1076 2852 1150 τῆς
2882 1072 3228 1156 ἐγκλίςεως,

655 1171 746 1236 ὡς
790 1169 1075 1251 ἔφθημεν
1119 1169 1424 1236 εἰπόντες.
1513 1170 1568 1236 εἰ
1612 1170 1826 1249 μέντοι
1873 1171 2252 1251 διςύλλαβον
2298 1171 2394 1251 εἴη
2450 1173 2525 1238 τὸ
2582 1172 2935 1248 ἐγκλιτικὸν
2979 1175 3228 1256 μόριον,

651 1272 798 1339 τότε
851 1273 968 1338 τὸν
1023 1272 1192 1338 ἴδιον
1245 1273 1496 1352 δέχεται
1539 1272 1737 1337 τόνον
1792 1272 1942 1338 οὔτε
2000 1273 2262 1352 δυνάμει
2331 1272 2482 1338 οὔτε
2534 1273 2820 1360 ἐνεργείᾳ
2865 1276 3230 1356 ἐγκλινόμε-

653 1395 774 1441 νον
819 1373 963 1441 οἷον
1010 1374 1169 1455 «ἤδη
1213 1374 1498 1457 φαμέν»,
1553 1372 1868 1454 ὀξύνομεν
1911 1374 2034 1454 γὰρ
2078 1375 2156 1440 τὸ
2199 1374 2443 1465 φαμέν,
2502 1375 2717 1441 «οὕτω
2760 1379 2960 1442 ποτέ»
3004 1379 3110 1443 καὶ
3148 1380 3228 1443 τὸ

561 1484 620 1534 10
653 1477 814 1542 ποτέ
858 1476 1204 1560 ὀξύνομεν,
1252 1475 1472 1557 «φίλοι
1517 1473 1698 1558 εἰςίν,
1743 1475 2053 1541 πολλάκις
2098 1474 2291 1541 εἰςίν»
2349 1475 2585 1557 ὁμοίως
2629 1479 2730 1543 καὶ
2773 1480 2847 1545 τὸ
2893 1479 3043 1546 εἰςίν
3088 1478 3232 1547 ὀξύ-

655 1599 886 1663 νομεν,
933 1578 1302 1658 «μεταμέλει
1345 1578 1496 1658 ἡμῖν
1510 1603 1553 1640 ».
1641 1578 1744 1641 καὶ
1785 1581 1982 1642 τοῦτο
2028 1577 2315 1643 εἰκότως·
2373 1577 2523 1644 οὔτε
2583 1581 2706 1660 γὰρ
2749 1584 2860 1658 τῆς
2903 1602 3229 1661 προηγου-

656 1681 847 1760 μένης
892 1680 1123 1747 λέξεως
1165 1681 1281 1759 τὴν
1327 1678 1432 1743 ἐπὶ
1472 1678 1639 1744 τέλει
1686 1681 1947 1760 βαρεῖαν
1992 1680 2229 1758 ἐγεῖραι
2276 1681 2555 1746 δυνατὸν
2608 1681 2757 1783 οὔτε
2800 1685 2916 1761 τὴν
2961 1683 3235 1759 ἔγκλιςιν

654 1785 931 1848 νοεῖςθαι
976 1782 1133 1846 κατὰ
1185 1782 1301 1859 τὴν
1357 1781 1619 1860 πρώτην
1665 1783 1984 1862 ςυλλαβὴν
2027 1786 2159 1848 τῶν
2204 1760 2651 1862 ςπονδείων’ἢ
2697 1787 2830 1850 τῶν
2879 1787 3236 1865 πυρριχίων

653 1886 694 1962 ἢ
738 1887 870 1950 τῶν
915 1884 1188 1964 ἰάμβων·
1247 1882 1401 1947 οὐδὲ
1445 1883 1568 1962 γάρ
1611 1903 1772 1947 ποτε
1814 1884 2081 1964 τετάρτη
2126 1881 2259 1949 ἀπὸ
2301 1885 2529 1950 τέλους
2572 1885 2611 1965 ἡ
2655 1884 2830 1953 ὀξεῖα
2873 1887 3108 1952 πίπτει.

1580 2221 1677 2288 Τὰ
1719 2219 1885 2287 ἄλλα
1927 2221 2317 2287 ἐκλέλοιπεν.

620 2449 623 2454 ·
657 2414 853 2480 scripsi
887 2410 1320 2477 περιςπώμενον
1355 2408 1407 2463 εἴ
1446 2448 1459 2461 .
1664 2409 1700 2464 l.
1738 2413 1771 2461 2
1807 2411 2139 2476 πυρριχιακὴ
2178 2411 2334 2477 posui
2371 2426 2467 2476 pro
2502 2409 2770 2476 τροχαῖκὴ
2817 2412 3002 2462 addito
3036 2410 3072 2476 ἢ
3108 2409 3222 2476 ἰαμ-

656 2480 810 2546 βική,
857 2486 921 2532 ut
957 2482 994 2532 l.
1034 2483 1098 2532 14
1140 2478 1175 2544 ἢ
1220 2481 1342 2530 τῶν
1388 2478 1405 2530 ί
1446 2478 1604 2542 μβων
1647 2479 1846 2530 adieci.
2065 2480 2100 2529 1.
2136 2481 2167 2529 5
2215 2495 2309 2543 pro
2355 2480 2582 2542 βραχεῖα
2628 2479 2854 2532 exhibui
2897 2481 3096 2545 βαρεῖα.
3162 2482 3225 2532 In

653 2551 793 2601 hano
832 2550 1133 2601 sectionem
1178 2549 1366 2613 recepi
1412 2545 1663 2611 exempla
1708 2547 1764 2596 in
1811 2547 1990 2597 altero
2030 2545 2254 2597 Arcadii
2295 2546 2415 2597 loco
2462 2563 2513 2612 p.
2554 2549 2650 2597 140
2695 2553 2752 2598 et
2789 2551 2882 2598 141
2932 2565 3029 2614 pro
3102 2550 3229 2600 sita:

657 2616 941 2683 Ἀτρείδης
975 2630 1068 2680 τε,
1105 2614 1374 2668 πολλάκις
1409 2627 1522 2679 τις,
1561 2612 1856 2678 μεταμέλει
1894 2628 1984 2677 μοι
2023 2620 2079 2666 et
2114 2611 2383 2665 πολλάκις
2420 2610 2555 2665 εἰςίν
2574 2619 2649 2676 κει
2687 2614 2986 2679 μεταμέλει
3021 2565 3171 2679 xxiv.

653 2685 975 2752 Exemplum
1024 2682 1092 2736 οὔ
1138 2697 1263 2735 πως
1309 2682 1432 2734 ἐςτ’
1477 2688 1826 2748 eomparatur
1861 2698 1984 2733 eum
2027 2679 2078 2734 εἴ
2112 2696 2237 2732 πως
2274 2680 2337 2732 εὑ
2374 2679 2669 2745 πεφίδοιτο
2704 2685 2763 2734 in
2799 2684 2866 2735 11.
2900 2686 2989 2735 Pr.
3028 2683 3077 2737 Υ
3108 2687 3236 2736 464:

651 2753 688 2816 ἡ
736 2752 799 2805 εὑ
854 2751 1181 2816 ἀντωνυμία
1226 2750 1289 2804 ἐν
1332 2753 1403 2871 r}
1449 2747 1666 2802 ςυτάξει
1708 2747 1956 2803 ἐνέκλινε
2007 2748 2112 2801 τὸν
2163 2748 2353 2801 τόνον.
2433 2749 2545 2802 ἐςτι
2603 2748 2709 2816 γὰρ
2759 2748 3072 2805 ἀπόλυτος’
3132 2752 3237 2815 οὐχ

651 2822 720 2874 ὃν
763 2835 796 2871 τ
869 2836 981 2873 πον
1034 2820 1094 2873 δ’
1137 2818 1314 2873 οἴεται
1441 2815 1855 2885 Ἀςκαλωνίτης
1906 2817 1976 2870 τὸ
2023 2821 2156 2870 πῶς
2201 2817 2435 2870 πάντως
2486 2817 2987 2886 ὸξυτονηθήςεται,
3043 2820 3234 2885 ἐπειδὴ

650 2890 757 2956 ἤδη
827 2889 1094 2955 μελέτηςε
1132 2888 1224 2940 καί
1260 2886 1453 2939 ἄλλων
1488 2885 1820 2949 ἐγκλιτικῶν
1856 2885 2285 2951 ἐπιφερομένων
2317 2884 2388 2937 τὸ
2425 2888 2518 2938 πῶ
2556 2887 2646 2938 καὶ
2681 2887 2752 2938 τό
2789 2890 2915 2941 πῶς
2948 2891 3125 2941 τοῦτο
3160 2889 3233 2953 μὴ

648 2954 894 3023 πάςχειν.
964 2956 1073 3009 «οὔ
1111 2970 1236 3009 πως
1271 2954 1393 3007 ἐςτ’
1430 2953 1657 3017 Ἀγέλαε
1694 2955 1815 3006 διοτ
1853 2954 2027 3021 εφές»
2064 2954 2188 3020 (Od.
2226 2970 2258 3017 χ
2300 2953 2446 3020 136),
2492 2966 2572 3018 «μ
2658 2970 2782 3007 πως
2832 2970 2899 3019 με
2936 2955 3233 3022 προϊδών»

651 3026 778 3092 (Od.
817 3024 849 3076 δ
884 3026 1035 3090 396),
1081 3025 1200 3090 «μὴ
1238 3039 1331 3076 πω
1370 3022 1436 3088 μ’
1468 3022 1524 3075 ἐς
1560 3023 1770 3089 θρόνον
1804 2969 1887 3077 ἦε
1922 3021 2262 3087 διοτρεφές»
2298 3021 2386 3087 (11.
2424 3020 2468 3073 Ω
2503 3026 2603 3073 553
2642 3061 2656 3086 ,
2692 3023 2803 3075 «οὔ
2842 3039 2936 3075 πω
2971 3024 3065 3088 μίν
3098 3038 3227 3089 φαςι

649 3092 946 3159 φαγέμεν»
983 3093 1107 3158 (Od.
1156 3108 1198 3145 π
1242 3091 1374 3158 143).
1444 3090 1631 3144 οὕτως
1673 3090 1779 3143 οὖν
1825 3091 1916 3143 καὶ
1949 3089 2020 3141 τὸ
2056 3088 2152 3142 «εί
2186 3104 2311 3142 πως
2348 3088 2411 3141 εὑ
2448 3088 2789 3157 πεφίδοιτο»
2841 3091 2943 3143 οὐκ
2991 3091 3223 3153 ἀναγκα·

652 3162 845 3226 ςτικὴν
882 3161 990 3215 ἔξει
1023 3162 1133 3227 τὴν
1170 3160 1263 3212 ἐπὶ
1306 3161 1411 3211 τοῦ
1449 3173 1575 3211 πως
1610 3159 1811 3211 ὀξεῖαν.
1883 3158 1915 3210 ὁ
1954 3157 2143 3221 μέντοι
2188 3157 2247 3212 Ἀ
2286 3155 2538 3222 ίςταρχοε
2582 3158 2885 3223 γενόμενος
2920 3160 3058 3211 κατὰ
3092 3158 3221 3209 ταύ-

648 3245 757 3295 την
817 3229 927 3294 τὴν
980 3228 1300 3297 προςῳδίαν
1350 3230 1525 3278 τοῦτο
1582 3227 1757 3291 μόνον
1811 3225 2177 3290 ἀπεφήνατο,
2270 3224 2573 3288 γκλίνοντα
2625 3225 2744 3279 δεῖν
2792 3230 2876 3295 τῷ
2927 3226 3080 3295 τόνῳ
3133 3226 3224 3277 καὶ

649 3298 961 3351 δαςύνοντα
1004 3296 1189 3362 λέγειν
1231 3296 1340 3361 τὴν
1383 3293 1582 3361 τρίτην
1626 3294 1921 3359 ςυλλαβήν.
1967 3293 2219 3360 ςημαίνει
2270 3292 2376 3358 γάρ
2429 3292 2480 3347 εἴ
2532 3308 2658 3346 πως
2705 3295 2881 3348 αὐτοῦ
2937 3298 3007 3351 ef.
3057 3295 3231 3346 Lehrs

651 3384 743 3435 qu.
778 3384 864 3433 ep.
906 3369 1018 3419 129.
1178 3366 1258 3416 De
1297 3363 1594 3430 spondiaoa
1630 3363 1873 3415 dictione
1908 3365 2235 3428 insequente
2273 3362 2654 3428 monosyllaba
2692 3365 2958 3415 enclitiea
2992 3379 3125 3415 voce
3162 3365 3232 3413 cf.

649 3436 712 3486 11.
742 3437 832 3487 Pr.
863 3434 904 3486 Η
938 3437 1058 3487 199:
1104 3430 1360 3497 γενέςθαί
1394 3445 1483 3483 τες
1532 3429 1949 3497 ἀλλεπάλληλοι
1996 3429 2192 3493 ὀξεῖαι,
2240 3427 2420 3482 καίτοι
2457 3429 2823 3483 ςπονδειακόν
2871 3430 3049 3495 ἐςτιν,
3102 3430 3238 3481 ἀλλ’

648 3502 780 3555 ἵςως
823 3500 917 3555 ἵνα
951 3500 1290 3568 ἑκφόγωμεν
1329 3500 1434 3552 τὸν
1466 3499 1864 3569 διπλαςιαςμὸν
1899 3502 2003 3550 τοῦ
2038 3498 2315 3564 ῥήματος,
2353 3498 2503 3560 λέγω
2546 3498 2608 3550 δέ
2648 3500 2750 3549 τοῦ
2788 3513 2860 3550 τε
2875 3498 3241 3564 τραφέμεν

648 3586 750 3636 τε,
790 3569 868 3623 ὡς
906 3570 995 3623 καὶ
1031 3569 1094 3622 ἐν
1129 3573 1200 3636 τῇ
1234 3571 1270 3619 τ
1293 3570 1395 3633 τῆς
1423 3566 1734 3620 Ὀδυςςείας
1761 3567 1905 3631 (320)
1932 3567 2273 3632 παραλόγως
2298 3565 2659 3629 ἑνεκλίναμεν
2681 3564 2741 3616 ἐν
2776 3569 2863 3632 τῷ
2898 3566 3139 3632 «ἠῶθεν
3177 3566 3239 3618 δὲ

651 3638 778 3702 μάλ’
811 3638 903 3703 ἦρι
940 3635 1154 3690 λοὲςςαί
1189 3651 1253 3688 τε
1290 3634 1466 3701 χρῖςαί
1501 3650 1593 3701 τε,
1638 3635 1733 3688 ἵνα
1770 3638 1845 3701 μὴ
1883 3634 2266 3702 πληθυντικὸν
2312 3635 2461 3700 ῥῆμα
2506 3631 2882 3697 ὑπολάβωμεν
2929 3635 3002 3685 cf.
3041 3635 3231 3686 Schol.

652 3708 721 3758 ad
761 3707 822 3758 ΙΙ.
862 3706 903 3758 Α
944 3710 973 3757 7
1008 3707 1065 3756 in
1101 3706 1300 3757 Anecd.
1345 3706 1518 3755 Paris.
1554 3705 1637 3755 111
1675 3722 1727 3771 p.
1763 3708 1880 3767 271,
1915 3706 1999 3768 26,
2037 3704 2213 3754 Lehrs
2250 3719 2338 3768 qu.
2379 3720 2462 3769 ep.
2504 3704 2615 3753 128.
2828 3712 2835 3721 '
