3664 5546
1212 284 1371 340 ΠΕΡΙ
1413 285 1805 340 «Aeolum-{c
1843 284 2265 340 ΠΡΟΕΩιΔΙΑΕ
2304 285 2378 339 ΙΒ.
2965 285 3088 348 311

499 457 933 539 προςηγορικὰ
974 455 1475 540 ὄνταόξύνεται,
1521 457 1800 538 χορδή,
1846 454 2163 533 ςπονδή.
2217 455 2293 520 τὸ
2324 455 2542 535 μέντοι
2575 454 2728 520 Χόν
2745 459 2833 535 δη
2869 454 3091 533 κύριον

500 560 836 641 βαρύνεται
882 557 985 622 καὶ
1027 558 1104 622 τὸ
1151 556 1418 637 Μένδη
1463 557 1649 623 πόλις
1694 557 1945 639 Θρᾴκης
1986 555 2119 622 ἀπὸ
2166 556 2422 635 Μένδης
2472 555 2788 632 γυναικός.
2863 554 3091 621 Ἀπολ·

498 662 791 740 λόδωρος
836 659 1099 725 Μένδαν
1158 658 1360 737 αὐτήν
1415 678 1598 740 φηςι,
1653 659 1756 723 καὶ
1808 657 1886 721 τὸ
1932 656 2166 736 Τίνδη
2213 658 2464 740 Θρᾴκης
2510 658 2847 736 Χαλκιδικὴ
2905 657 3092 723 πόλις

496 765 599 828 καὶ
638 763 716 828 τὸ
760 761 851 827 ἄλ
869 766 975 840 δη.

574 865 581 870 ’
665 864 760 928 Τὰ
834 862 924 927 εἰς
998 850 1077 942 δῆ
1148 861 1580 940 προςηγορικὰ
1653 866 1860 943 μακρᾷ
1926 859 2426 939 παραληγόμενα
2497 859 2822 944 ὀξύνεται,
2895 861 3056 944 ᾠδή
3069 909 3088 941 ,
3128 871 3163 922 5

495 966 760 1046 ἀοιδή,
806 965 1141 1045 ςπουδή,
1187 963 1473 1044 ἐδωδή,
1529 962 1744 1035 αὐδή.
1831 962 1909 1028 τὸ
1966 962 2184 1043 μέντοι
2228 962 2432 1041 Λήδη
2488 962 2742 1044 κύριον,
2786 963 2890 1027 καὶ
2940 963 3089 1042 Ἴδη

496 1066 726 1146 Τροίας
779 1064 955 1145 ὄρος.
1049 1064 1331 1145 Ὅμηρος
1387 1061 1496 1146 (11.
1554 1065 1594 1128 Γ
1644 1062 1799 1145 276)
1858 1064 2129 1142 «Ἴδηθεν
2188 1063 2473 1142 μεδέων»
2531 1062 2663 1128 ἀπὸ
2706 1063 2871 1141 Ἴδης
2915 1063 3092 1130 τινὸς

496 1167 868 1250 βαςιλίςςης,
915 1166 1006 1231 ῶς
1052 1166 1278 1245 Χάραξ.
1367 1165 1470 1230 καὶ
1515 1165 1736 1244 Μήδη
1781 1165 1885 1229 καὶ
1927 1164 2146 1243 Λύδη.

663 1268 757 1332 Τὰ
812 1267 901 1333 εἰς
957 1254 1043 1347 SE
1079 1268 1363 1347 λήγοντα
1405 1267 1643 1346 ἔχοντα
1686 1267 1814 1345 πρὸ
1859 1267 2090 1332 τέλους
2134 1266 2455 1345 ςυλλαβὴν
2512 1270 2814 1347 βραχεῖαν
2874 1265 2955 1344 μὴ
3001 1265 3091 1331 εἰς

493 1370 843 1450 ςύμφωνον
887 1369 1398 1452 καταλήγουςαν,
1453 1368 1509 1433 εἰ
1565 1368 1681 1447 μὲν
1736 1366 1921 1446 κύρια
1965 1366 2117 1432 ὦςιν
2172 1367 2212 1445 ἢ
2258 1366 2479 1433 οὐςίαν
2534 1366 2842 1449 ςημαίνει,
2899 1368 3088 1449 βαρύ·
3127 1376 3193 1428 10

493 1490 701 1554 νεται,
744 1471 972 1553 πέδη,
1017 1470 1271 1553 κνίδη,
1317 1470 1497 1547 ςίδη.
1571 1468 1700 1534 ἔςτι
1745 1470 1849 1533 καὶ
1893 1467 2074 1546 (ίδη
2117 1469 2306 1534 πόλις
2349 1467 2736 1549 Παμφυλίας
2782 1469 2874 1534 ὡς
2916 1468 3088 1534 Ἐκα-

490 1575 673 1638 ταῑος
703 1571 886 1655 Ἀςίᾳ.
953 1572 1243 1650 κέκληται
1289 1572 1360 1636 δὲ
1404 1569 1536 1637 ἀπὸ
1569 1569 1749 1649 (Σίδης
1791 1574 1905 1648 τῆς
1948 1571 2263 1650 θυγατρὸς
2307 1571 2422 1649 μὲν
2455 1570 2744 1654 Ταύρου,
2787 1570 3090 1646 γυναικὸς

493 1674 565 1738 δὲ
612 1672 922 1753 Κιμῶλου.
999 1673 1200 1751 Νέδη
1245 1672 1434 1737 πόλις
1478 1671 1804 1750 Ἀρκαδίας
1849 1670 1982 1736 ἀπὸ
2027 1672 2280 1752 νύμφης
2326 1672 2544 1751 Νέδης.
2620 1671 2964 1752 Εὐφορίων
3018 1673 3090 1738 δὲ

494 1774 737 1853 Νεδέην
796 1773 997 1852 αὐτήν
1052 1794 1219 1854 φηςι.
1307 1772 1498 1852 Ὕδη
1553 1772 1740 1837 πόλις
1793 1772 2055 1856 Λυδίας,
2112 1771 2183 1838 ἐν
2240 1772 2279 1856 ᾗ
2335 1773 2487 1857 ᾤκει
2543 1773 2838 1854 Ὀμφάλη
2897 1778 3088 1840 δυνα-

492 1874 796 1941 ςτεύουςα
825 1874 1084 1957 Λυδῶν,
1128 1874 1457 1953 Ἰαρδάνου
1498 1874 1808 1956 θυγάτηρ,
1853 1874 1944 1940 ὡς
1985 1874 2423 1940 Ἀπολλώνιος
2456 1875 2742 1954 Καρικῶν
2782 1874 3086 1960 τετάρτῳ.
3127 1883 3190 1935 15

490 1974 778 2057 Ὅμηρος
823 1977 895 2041 δὲ
939 1977 1044 2041 διὰ
1087 1979 1204 2040 τοῦ
1250 1961 1287 2039 λ
1330 1973 1440 2057 (ΙΙ.
1489 1976 1538 2040 Η
1584 1974 1755 2057 221).
1830 1975 2279 2056 «ςκυτοτόμων
2323 1974 2437 2054 ὄχ’
2480 1975 2733 2056 ἄριςτος
2776 1976 2947 2061 Ὕλῃ
2992 1976 3090 2044 ἐνὶ

489 2079 654 2144 οἰκία
691 2078 950 2143 ναίων».
1008 2077 1402 2157 Μαιάνδριος
1447 2077 1523 2159 δ’,
1567 2077 1646 2144 ὃν
1691 2076 1986 2155 Νικάνωρ
2031 2075 2399 2156 παρατίθηςι
2456 2077 2528 2143 ἐν
2580 2077 3083 2161 μετονομαςίαις,

488 2183 605 2261 τὴν
651 2180 853 2259 αὐτὴν
897 2179 1104 2258 Ὕδην
1147 2179 1253 2244 καὶ
1294 2177 1554 2257 (άρδεις
1597 2178 1804 2258 φηςίν.
1872 2177 2112 2258 κράδη
2157 2178 2261 2242 καὶ
2307 2177 2558 2258 Κράδη
2604 2179 2792 2244 πόλις
2840 2180 3085 2260 Καρίας.

486 2282 809 2347 Ἑκαταῖος
838 2279 997 2346 Ἀςίς
1025 2281 1402 2359 περιηγήςει.
1455 2280 1661 2358 Λάδη
1707 2282 1899 2357 νῆςος
1927 2278 2235 2344 Αἰολίδος.
2281 2278 2606 2345 Ἑκαταῖος
2636 2279 2819 2364 Ἀςίᾳ.
2865 2280 3085 2361 Ῥόδη

487 2384 672 2450 πόλις
717 2382 973 2463 Ἰβηρίας
1027 2381 1131 2446 καὶ
1183 2384 1621 2459 πληθυντικῶς
1677 2380 1864 2445 πόλις
1887 2369 2185 2445 ’Ἰταλίας
2276 2379 2329 2445 εἰ
2388 2382 2461 2446 δὲ
2504 2380 2663 2446 κατὰ
2712 2380 3086 2462 πράγματος
3120 2390 3189 2442 20

485 2485 802 2565 τάςςοιτο,
870 2482 1194 2564 ὀξύνεται,
1258 2483 1541 2562 κομιδή
1597 2482 1636 2560 ἡ
1695 2465 2070 2563 ἐπιμέλειαῘ
2117 2479 2282 2561 άδήῗ
2325 2483 2365 2561 ἡ
2420 2482 2658 2564 ἡδονή,
2724 2483 2987 2562 φραδή
3042 2484 3083 2562 ἡ

489 2586 720 2668 βουλή,
766 2584 993 2664 χλιδή
1039 2582 1077 2647 ὁ
1121 2584 1368 2664 κόςμος.

658 2711 695 2744 ιι
740 2686 836 2750 Τὰ
878 2685 968 2752 εἰς
1007 2670 1090 2765 {fi
1156 2685 1662 2766 ύπερδιςύλλαβα
1727 2686 1912 2763 κύρια
1969 2685 2340 2766 βαρύνεται,
2407 2685 2825 2765 Χαρμάνδη
2895 2686 3083 2752 πόλις

487 2788 690 2866 πέραν
744 2792 863 2852 τοῦ
918 2787 1297 2869 Εὐφράτου·
1365 2786 1758 2868 (οφαίνετος
1824 2787 1895 2854 ἐν
1959 2787 2172 2867 Κύρου
2235 2786 2537 2869 ἀναβάςει
2607 2788 2753 2852 «ἐπὶ
2809 2790 2881 2854 δὲ
2943 2792 3081 2854 ταῖς

492 2888 922 2970 Βαβυλωνίαις
965 2889 1196 2955 πύλαις
1238 2889 1444 2968 πέραν
1485 2892 1604 2954 τοῦ
1634 2887 1979 2969 Εὐφράτου
2022 2892 2319 2969 ποταμοῦ
2361 2889 2550 2954 πόλις
2595 2889 2825 2971 ᾤκιςτο
2869 2889 3081 2969 ὄνομα
3114 2900 3180 2950 25

485 2991 886 3072 Χαρμάνδη».
974 2991 1248 3071 Ἀγαμή
1265 2995 1353 3069 δη
1406 2990 1609 3055 τόπος
1660 2991 1807 3069 περὶ
1850 2990 2118 3070 Πύρραν
2174 2993 2285 3069 τῆς
2327 2990 2569 3071 Λέςβου
2626 2989 2760 3055 ἀπὸ
2807 2991 3075 3071 Ἀγαμή-

485 3096 598 3171 δης
639 3096 752 3172 τῆς
797 3090 1133 3175 Μάκαρος,
1180 3095 1290 3170 τῆς
1335 3092 1436 3156 καὶ
1465 3091 1728 3170 Πύρρας
1772 3091 2107 3172 ἐπίκληςιν.
2176 3091 2302 3157 ἔςτι
2348 3092 2450 3156 καὶ
2493 3092 2691 3170 κρήνη
2737 3091 3075 3175 Ἀγαμήδη,

486 3193 576 3257 ὡς
622 3192 937 3259 Νικόλαος
979 3193 1047 3256 ε’.

650 3293 745 3359 Τὰ
796 3292 885 3359 εἰς
938 3280 1021 3373 θη
1064 3295 1408 3374 διςύλλαβα
1462 3295 1828 3375 βαρύνεται,
1885 3295 1938 3358 εἰ
1983 3295 2064 3373 μὴ
2124 3293 2373 3374 ίαμβικὰ
2417 3293 2516 3374 εἴη
2567 3302 2659 3379 τῷ
2704 3298 2742 3360 ὃ
2788 3298 3072 3375 παραλη-

481 3394 753 3477 γόμενα,
798 3394 1046 3475 μάλθη
1092 3394 1130 3459 ὁ
1175 3396 1398 3479 κηρός,
1443 3396 1667 3479 τήθη,
1711 3395 1963 3478 τίτθη,
2011 3395 2278 3475 Ξάνθη
2326 3395 2533 3462 οὕτως
2577 3397 2616 3475 ἡ
2662 3397 2887 3481 Τρῳάς
2930 3395 3072 3461 ἐκα-
3110 3405 3178 3459 30

616 3565 651 3616 1.
692 3567 717 3614 1
759 3564 826 3614 de
863 3565 1183 3619 verbalibus
1219 3566 1374 3617 velut
1409 3565 1622 3630 ςπονδή
1670 3566 1740 3620 cf.
1780 3567 1847 3617 11.
1883 3567 2038 3617 Pros.
2077 3565 2116 3618 Ε
2152 3567 2272 3618 202.
2343 3566 2450 3618 Pro
2488 3566 2711 3618 Arcadii
2746 3565 2904 3619 Μένδ
2979 3565 3071 3619 κύ-

480 3646 603 3696 ριον
651 3632 921 3698 Stephani
965 3631 1389 3698 explicationem
1444 3634 1630 3699 recepi
1674 3633 1947 3685 Meinekii
1999 3634 2371 3685 coniecturam
2426 3631 2656 3686 Μένδαν
2708 3651 2805 3701 pro
2859 3634 2917 3687 Μ
2951 3635 3071 3687 νδιν

481 3698 782 3765 amplexus.
832 3697 1005 3763 Τίνδη
1044 3715 1111 3750 ex
1150 3700 1229 3751 St.
1267 3701 1330 3751 Β.
1369 3701 1567 3751 adieci.
1696 3701 1732 3751 l.
1770 3705 1802 3752 5
1843 3702 2025 3769 μακρᾷ
2061 3700 2504 3767 παραληγόμενα
2539 3703 2559 3751 i
2602 3718 2660 3753 se
2700 3702 2899 3754 adieci.
2958 3703 3069 3767 Ἴδη

480 3767 699 3834 explevi
735 3783 803 3817 ex
842 3767 924 3822 St.
960 3767 1050 3829 Β.,
1098 3766 1166 3818 de
1205 3765 1372 3832 Μήδη
1417 3784 1513 3834 pro
1551 3766 1771 3832 Μήδεια
1807 3769 1882 3824 ef.
1919 3770 2055 3820 Lob.
2090 3769 2295 3821 Parall.
2333 3773 2429 3822 321
2480 3775 2536 3821 et
2631 3772 2736 3821 ein.
2773 3771 2875 3825 An.
2909 3770 3065 3821 Alex.

480 3852 533 3900 p.
569 3837 652 3885 46.
724 3833 875 3899 Λύδη
920 3836 1157 3885 accessit
1200 3850 1268 3885 ex
1304 3836 1577 3901 Theogn„
1623 3836 1772 3903 apud
1816 3853 1976 3902 quem
2022 3836 2148 3889 Πύδ
2233 3839 2496 3904 scriptum
2542 3843 2657 3902 est,
2706 3843 2764 3887 et
2810 3839 2886 3889 St.
2922 3840 2987 3891 B.
3026 3854 3069 3891 ι.

478 3900 734 3965 Δώτιον,
772 3904 893 3953 ubi:
934 3899 1262 3966 Ἀντίμαχος
1300 3901 1363 3954 ἐν
1399 3895 1446 3967 β’
1483 3902 1678 3968 Λύδης.
1817 3905 1854 3955 1.
1892 3909 1952 3956 11
1994 3904 2060 3956 de
2098 3919 2166 3956 κν
2188 3903 2258 3970 δη
2295 3906 2431 3956 Lob.
2461 3905 2653 3956 Rheni.
2690 3907 2790 3956 266
2827 3912 2941 3957 not.
2975 3907 3068 3955 22:

480 3970 538 4021 id
574 3972 680 4021 nisi
722 3970 941 4035 putavit
975 3970 1204 4021 lieentia
1240 3971 1459 4036 poetica
1495 3972 1744 4036 produci,
1787 3972 1887 4023 sed
1934 3977 2132 4024 natura
2167 3974 2285 4024 iota
2331 3975 2499 4023 breve
2546 3973 2750 4024 habere
2796 3977 2860 4023 ut
2896 3970 3067 4025 κνίζω

478 4044 535 4089 et
572 4035 759 4101 κνίδα,
805 4037 1150 4099 scribendum
1198 4044 1284 4089 est
1328 4036 1531 4103 κράδης
1579 4039 1676 4091 sed
1723 4037 1884 4106 κνίδη
1930 4040 2101 4091 hebet
2147 4041 2312 4091 etiam
2359 4040 2608 4105 Theogn.
2651 4043 2775 4103 109,
2813 4042 2860 4093 7.
2934 4036 3066 4105 (ίδη

478 4108 754 4172 proprium
801 4121 869 4155 ex
905 4105 1154 4172 Theogn.
1204 4112 1261 4157 et
1308 4108 1387 4159 st.
1423 4107 1485 4160 B.
1526 4107 1742 4171 addidi,
1791 4106 1940 4172 Νέδη
1987 4123 2056 4158 ex
2104 4108 2182 4158 St.
2220 4110 2282 4159 B.
2331 4105 2579 4173 explevi,
2625 4123 2657 4159 κ
2764 4121 2800 4171 η
2844 4112 3070 4173 propter

476 4174 752 4240 proprium
801 4171 983 4238 Κράδη
1028 4189 1115 4239 ep.
1163 4174 1247 4226 St.
1294 4175 1355 4225 B.
1403 4175 1522 4241 ipse
1566 4175 1775 4237 adieci,
1823 4191 1891 4245 9¹
1937 4176 2018 4227 St.
2065 4176 2126 4229 B.
2173 4181 2527 4226 accesserunt
2571 4174 2614 4226 Λ
2688 4190 2722 4239 η
2770 4181 2827 4226 et
2872 4172 3062 4241 Ῥόδης

474 4242 605 4293 urbs
639 4242 842 4292 Italica
878 4238 1063 4292 Ῥοδαί
1098 4258 1185 4307 ap.
1223 4242 1304 4295 St.
1331 4243 1393 4293 Β.
1433 4242 1575 4293 falso
1615 4248 1887 4306 oxytonos
1922 4243 2182 4307 seriptum
2219 4248 2319 4295 est.
2370 4242 2452 4292 De
2479 4240 2586 4306 άδὴ
2613 4242 2684 4293 cf.
2713 4243 2849 4293 Lob.
2872 4242 3063 4295 Rhem.

477 4310 592 4360 259.
752 4309 787 4359 l.
825 4312 890 4359 23
928 4308 1073 4359 hune
1098 4325 1373 4363 „canonem
1408 4311 1528 4376 ipse
1568 4326 1635 4360 ex
1673 4308 1944 4375 Stephani
1980 4309 2291 4360 nominibus
2327 4311 2621 4375 composui.
2792 4308 2831 4362 1.
2866 4313 2933 4361 30
2968 4327 3065 4376 pro

476 4373 603 4441 τίθη
652 4378 850 4441 scripsi
892 4375 1038 4440 τήθη
1086 4383 1142 4426 et
1185 4376 1374 4428 addidi
1416 4375 1578 4441 τίτθη
1626 4392 1693 4427 ex
1740 4392 1953 4427 canone
1998 4378 2055 4426 in
2103 4377 2260 4427 Hert.
2304 4376 2478 4426 Adon.
2524 4393 2574 4442 p.
2620 4379 2732 4429 95⁸.
2777 4376 3063 4440 (Favorin.

477 4462 593 4522 278,
630 4460 736 4523 24),
776 4475 932 4524 quem
957 4461 1091 4514 Lob.
1117 4461 1320 4525 Phryn.
1361 4479 1413 4528 p.
1444 4464 1540 4512 134
1575 4461 1808 4526 profert:
1846 4458 1919 4510 τά
1956 4457 2034 4511 εἰς
2071 4462 2141 4525 θη
2180 4458 2518 4525 βαρύνονται
2543 4460 2721 4525 (πλὴν
2750 4462 2853 4512 τοθ
2880 4461 3061 4527 κριθή,

479 4526 676 4593 ποθή),
715 4525 882 4592 ςάθη,
920 4527 1126 4593 πόςθη,
1164 4527 1327 4593 τίτθη
1374 4527 1410 4591 ἡ
1448 4525 1690 4592 τροφός,
1728 4526 1874 4590 τήθη
1920 4525 1956 4589 ἠ
2005 4525 2212 4592 μάμμη.
2283 4527 2429 4578 Hine
2474 4529 2642 4579 etiam
2688 4528 2879 4578 addidi
2924 4528 3061 4594 ςάθη

476 4601 533 4645 et
567 4594 776 4659 πόςθη,
816 4595 959 4660 quod
997 4596 1217 4661 explevi
1253 4612 1320 4646 ex
1356 4598 1418 4646 E.
1458 4597 1529 4645 Μ.
1568 4597 1688 4659 684,
1727 4597 1808 4657 56,
1847 4594 1942 4643 ubi
1977 4593 2159 4661 πόςθη
2194 4594 2266 4647 τὸ
2311 4591 2525 4646 αἰδοῖον
2571 4596 2909 4663 πλεοναςμῷ
2954 4599 3059 4649 τοῠ

474 4664 507 4712 ’ς’
551 4659 675 4714 οἷον
723 4660 874 4726 πάθη
910 4689 976 4698 -
1011 4661 1200 4728 Ὦρος·
1248 4662 1281 4714 ὁ
1325 4662 1386 4714 δὲ
1427 4660 1789 4727 Ἡρωδιανὸς·
1839 4660 2053 4727 πρόςθη
2103 4663 2232 4728 περὶ
2278 4662 2495 4715 παθῶν.
2566 4666 2631 4715 In
2668 4663 2864 4715 Choer.
2901 4665 3058 4719 Orth.

474 4732 591 4792 226,
628 4734 692 4781 32
728 4728 890 4793 τίτθη
928 4736 985 4781 et
1020 4729 1166 4794 τήθη
1204 4729 1400 4795 (τηθή)
1449 4730 1677 4782 confusa
1722 4733 1867 4781 sunt.
1940 4728 2132 4796 Ξάνθη
2181 4747 2248 4782 ex
2294 4731 2374 4782 St.
2414 4732 2475 4785 Β.
2516 4731 2760 4799 explevi,
2808 4734 2907 4785 ubi
2953 4733 3059 4785 hoe
