3664 5546
643 360 771 424 450
1578 359 1660 413 ΕΚ
1700 359 1841 412 ΤΩΝ
1882 358 2291 413 ΗΡΩΔΙΑΝΟΥ

810 529 904 593 Τὰ
949 529 1038 594 εἰς
1082 532 1185 593 W
1229 529 1573 609 διςύλλαβα
1616 528 2115 608 παραληγόμενα
2156 534 2234 612 τῇ
2279 531 2332 592 ὅ
2377 527 2715 610 διφθόγγῳ
2761 527 3129 608 βαρύνεται,
3183 526 3239 590 εἰ

643 632 725 711 μὴ
769 631 930 709 παρ’
974 630 1184 710 ὄνομα
1227 630 1355 713 εἴη,
1412 632 1675 713 τείνω,
1720 631 1991 713 γείνω,
2035 630 2336 697 κτείνω.
2417 631 2494 694 τὸ
2539 634 2810 711 δεινῶ,
2854 629 2952 694 ὅτι
3003 628 3238 709 δεινός,

626 734 746 818 ,καὶ
790 732 868 797 τὸ
911 739 1195 815 πεινῶ,
1241 733 1338 798 ὅτι
1382 735 1589 798 πεῖνα.

808 860 904 924 Τὰ
957 859 1045 925 εἰς
1098 864 1203 925 νῦ
1259 845 1603 940 διςύλλαβα
1656 840 2156 939 παραληγόμενα
2202 862 2232 923 ῑ
2285 860 2679 945 ἐκτεταμένῳ
2747 860 3112 941 βαρύνεται,
3181 856 3238 922 εἰ

581 974 614 1023 5
645 962 728 1041 μὴ
772 961 1288 1049 προκατάρχοιτο
1334 962 1573 1045 ὄνομα,
1618 963 1887 1043 κρίνω,
1932 962 2160 1045 πίνω,
2205 962 2479 1044 κλίνω,
2525 962 2740 1045 ςίνω,
2783 961 2992 1037 γίνω.
3043 964 3234 1025 δινῶ

642 1067 869 1146 δινεῖς,
909 1064 1010 1128 ὅτι
1057 1064 1196 1142 δίνη
1236 1065 1339 1128 καὶ
1372 1064 1562 1142 ῥινῶ
1597 1063 1836 1148 ῥινοῖς,
1882 1064 1979 1129 ὅτι
2014 1065 2171 1144 ῥίνη.
2221 1065 2477 1129 τούτοις
2510 1063 2741 1142 ὅμοιον
2775 1063 2878 1127 καὶ
2909 1061 2985 1127 τό
3024 1067 3244 1130 κινῶι

807 1192 903 1256 Τὰ
949 1191 1036 1256 εἰς
1082 1197 1179 1255 π
1236 1193 1735 1271 παραληγόμενα
1764 1198 1817 1281 ,fi
1874 1198 2092 1276 μακρῷ
2139 1193 2505 1275 βαρύνεται,
2563 1190 2618 1255 εἰ
2672 1192 2753 1270 μὴ
2799 1188 3234 1268 προκατάρχοι

640 1291 882 1375 ὄνομα,
939 1294 1183 1375 δύνω,
1252 1292 1489 1375 θύνω,
1524 1294 1855 1385 ,πλύνω,
1923 1296 2177 1376 φύνω,
2242 1293 2589 1375 μηκύνω,
2646 1292 3049 1374 πλατύνω,
3101 1311 3232 1354 τα-

640 1392 884 1475 χύνω,
962 1395 1361 1476 τραχύνω,
1447 1394 1790 1479 ὀτρύνω,
1876 1397 2223 1479 μολύνω,
2308 1396 2701 1477 κρατύνω,
2788 1392 3235 1475 φαιδρύνω,

542 1512 607 1563 10
641 1496 941 1576 ἀμύνω,
1000 1495 1341 1577 εὐθύνω,
1403 1498 1798 1580 βραδύνω,
1859 1498 2403 1577 «ἀμορφύνειν
2459 1496 2801 1560 ἐθέλωςιν»
2860 1494 2898 1558 ὁ
2952 1494 3234 1573 Ἀντίμα-

639 1617 755 1678 χος
799 1596 944 1661 ἀντὶ
984 1600 1102 1659 τοῦ
1148 1596 1503 1679 ἀμορφεῑν,
1556 1596 1929 1677 ἀκαχύνω
1974 1599 2012 1663 ὁ
2057 1599 2281 1682 αὐτός,
2336 1598 2524 1664 ἔνθεν
2569 1596 3036 1676 ἀπαρέμφατον
3079 1594 3234 1659 ἀκα-

636 1698 932 1777 χυνέμεν.
1022 1697 1424 1776 ςεςημείωται
1490 1699 1566 1763 τὸ
1635 1704 1841 1780 βυνῶ
1909 1702 2397 1781 περιςπώμενον
2463 1700 2568 1763 καὶ
2618 1697 2778 1776 παρ’
2832 1696 3100 1779 Ἡςιόδῳ
3151 1695 3235 1760 τὸ

642 1799 1056 1864 «ἐθύνεον»
1102 1795 1310 1879 (Scut.
1342 1792 1497 1880 210)
1544 1799 1635 1864 ῶς
1678 1801 1908 1866 ἐνόεον
1952 1803 1991 1880 ἢ
2038 1806 2420 1885 πλεοναςμῷ
2451 1804 2569 1865 τοῦ
2609 1804 2644 1864 ἒ
2688 1800 2728 1879 ἢ
2759 1802 3075 1880 μεταβολῇ
3120 1800 3236 1876 τῆς

638 1886 704 1965 δῖ
746 1900 835 1966 ἐἰς
887 1886 986 1964 ’θ-ὗ.
1074 1903 1150 1966 τὸ
1195 1902 1268 1965 δὲ
1311 1905 1514 1967 ξυνῶ
1560 1900 1692 1979 ἔχει
1735 1902 1812 1966 τὸ
1857 1903 2063 1969 ξυνός.
2150 1905 2255 1967 καὶ
2296 1902 2374 1966 τὸ
2420 1901 2677 1966 ὀδυνῶ
2734 1899 2864 1979 ἔχει
2907 1899 2985 1964 τό
3029 1896 3234 1977 ὀδύνη

537 2018 601 2069 15
637 2002 847 2067 καὶτὸ
892 2004 933 2064 ῡ
979 2001 1196 2082 βραχύ.
1260 2004 1363 2067 καὶ
1407 2002 1483 2066 τὸ
1527 2009 1839 2082 τορυνῶ
1885 2003 2018 2083 ἔχει
2061 2005 2137 2069 τὸ
2177 2005 2455 2087 τορύνη,
2500 2006 2697 2068 τοῦτο
2743 2003 2816 2066 δὲ
2862 2000 2925 2066 οἱ
2960 2001 3237 2066 Ἀττικοὶ

637 2105 739 2168 καὶ
785 2103 1129 2183 βαρύνουςι
1173 2106 1275 2169 καὶ
1319 2104 1662 2169 ἑκτείνουςι
1710 2105 2060 2186 «ἐτόρυνε»
2107 2105 2230 2184 γάρ
2272 2103 2506 2187 (Arist.
2551 2102 2720 2188 qu.
2767 2101 2976 2185 1172).

717 2266 728 2276 -
809 2222 903 2286 Τὰ
948 2221 1052 2287 διὰ
1094 2226 1211 2286 τοῦ
1256 2242 1418 2285 αινω
1466 2224 1830 2303 βαρύνεται·
1876 2224 1919 2288 ἃ
1963 2227 2035 2290 δὲ
2064 2230 2530 2305 περιςπῶνται,
2574 2221 2764 2299 ὀλίγα
2805 2222 2919 2287 ἐἰςὶ
2950 2223 3054 2287 καὶ
3079 2222 3235 2300 παρ’

637 2322 848 2403 ὄνομα
890 2324 1218 2407 γεγόναςι,
1264 2324 1526 2405 φαίνω
1571 2326 1913 2409 φαίνομαι,
1957 2327 2205 2406 μαίνω
2249 2326 2580 2407 μαίνομαί,
2638 2325 2909 2404 χαίνω,
2956 2322 3234 2405 ῥαίνω,

639 2427 910 2508 βαίνω,
958 2427 1290 2509 δραίνω,
1347 2426 1619 2509 καίνω,
1673 2428 1997 2509 κραίνω,
2058 2428 2327 2508 ςαίνω,
2372 2427 2702 2507 χραίνω,
2761 2425 2952 2490 αἵνω
2995 2425 3075 2489 τὸ
3118 2430 3236 2489 δα-

534 2544 604 2594 20
640 2529 996 2607 ςυνόμενον
1042 2527 1117 2591 τὸ
1163 2526 1339 2619 παρὰ
1382 2530 1519 2593 τοῖς
1565 2529 1882 2594 Ἀττικοῖς.
1949 2528 2348 2608 Φερεκράτης
2393 2527 2674 2610 «αἵνειν,
2718 2527 2992 2593 πτίςςειν
3007 2551 3053 2589 ».
3111 2547 3236 2605 μι-

637 2631 859 2711 αίνω,
917 2629 1291 2710 μελαίνω,
1346 2628 1673 2708 ὑφαίνω.
1760 2631 1837 2695 τὸ
1893 2632 2112 2709 μέντοι
2177 2630 2368 2695 αἰνῶ
2427 2629 2911 2709 περιςπώμενον
2964 2628 3098 2707 ἔχει
3152 2627 3235 2691 τὸ

637 2730 823 2796 αἶνος
869 2731 1081 2809 ὥςπερ
1112 2731 1213 2795 καὶ
1257 2730 1332 2794 τὸ
1377 2735 1718 2820 κελαινῶ
1762 2733 1839 2798 τὸ
1875 2732 2168 2797 κελαινός
2209 2732 2313 2797 καὶ
2354 2731 2431 2796 τὸ
2474 2736 2798 2810 τριαινῶ
2842 2730 2919 2794 τὸ
2961 2730 3236 2809 τρίαινα.

807 2850 900 2914 Τὰ
955 2850 1041 2914 εἰς
1096 2853 1198 2912 νῶ
1254 2850 1756 2932 παραληγόμενα
1811 2851 2177 2937 διφθόγγῳ,
2233 2852 2314 2931 μὴ
2370 2857 2448 2934 τῇ
2499 2854 2564 2914 fii
2605 2852 2645 2929 ἢ
2693 2855 2778 2934 εἰ,
2832 2851 3234 2930 περιςπᾶται,

638 2952 970 3033 ἐρευνῶ,
1016 2956 1292 3033 θοινῶ,
1339 2958 1634 3033 χαυνῶ,
1680 2959 1954 3034 κοινῶ,
2001 2953 2194 3018 οἰνῶ
2239 2952 2435 3030 χωρὶς
2477 2955 2595 3022 τοῦ
2641 2951 2965 3016 ἐλαύνω.

534 3082 600 3133 25
806 3065 899 3133 Τὰ
943 3069 1032 3133 εἰς
1077 3073 1175 3132 VH}
1220 3069 1731 3150 ὑπερδιςύλλαβα
1772 3073 2273 3150 παραληγόμενα
2314 3078 2390 3154 τῇ
2433 3075 2490 3134 ξι
2543 3071 2878 3151 διφθόγγῳ
2920 3070 2960 3147 ἢ
3004 3074 3230 3152 μακρῷ

646 3226 779 3233 ,--.--
904 3228 971 3232 -.—

771 3307 806 3358 1.
843 3309 875 3357 ὃ
919 3306 1061 3369 γίνω
1100 3323 1168 3356 ex
1205 3306 1454 3372 Theogn.
1495 3310 1619 3372 144,
1658 3309 1690 3357 6
1738 3311 1950 3374 recepi,
1996 3309 2132 3360 δινῶ
2179 3309 2347 3361 δινεῖς
2390 3305 2477 3360 ὅτι
2512 3306 2636 3374 δίνη
2685 3326 2753 3359 ex
2797 3310 2960 3360 Lazo.
2999 3310 3120 3365 173,
3159 3309 3230 3359 27

637 3380 694 3425 et
730 3389 798 3424 ex
836 3376 1027 3426 eodem
1064 3374 1158 3425 καὶ
1192 3373 1331 3438 ῥινῶ
1369 3402 1434 3410 —-
1476 3373 1602 3440 ῥίνη
1650 3391 1748 3442 pro
1784 3378 2009 3428 Arcadii
2053 3377 2241 3428 verbis
2285 3376 2356 3428 τὸ
2401 3376 2464 3428 δὲ
2498 3376 2639 3441 ῥινῶ
2688 3375 2843 3442 παρὰ
2885 3377 2997 3441 τὴν
3035 3373 3228 3440 ῥίνην,

634 3443 773 3494 κινιῑι
810 3459 908 3510 pro
944 3443 1172 3494 Arcadii
1209 3444 1381 3492 κοινῶ
1421 3459 1488 3493 ex
1524 3445 1751 3495 Lasoar.
1905 3445 1940 3494 l.
1978 3449 2010 3496 9
2045 3443 2270 3508 ὀτρύνω
2309 3444 2539 3508 μολύνω
2578 3461 2644 3496 ex
2680 3446 2880 3496 Arcad.
2916 3447 3028 3507 194,
3064 3446 3100 3493 4
3135 3459 3230 3494 ao-

635 3516 950 3572 cesserunt,
988 3508 1252 3573 κρατύνω
1290 3509 1582 3574 φαιδρύνω
1619 3529 1685 3563 ex
1722 3513 1968 3578 Theogn.
2009 3515 2129 3575 145,
2167 3516 2223 3570 2,
2259 3510 2457 3575 ἀμύνω
2494 3538 2559 3548 —-
2597 3511 2854 3577 βραδύνω
2892 3528 2960 3562 ex
2994 3513 3096 3577 Ep.
3133 3512 3228 3562 Cr.

630 3580 659 3630 I
695 3581 780 3640 55,
817 3581 910 3629 26:
947 3577 1021 3628 τὰ
1057 3575 1135 3628 εἰς
1170 3583 1254 3627 ν“ω
1295 3581 1380 3643 τῷ
1416 3581 1450 3629 ῦ
1489 3578 1935 3643 παραληγόμενα
1980 3578 2202 3644 ῥήματα
2248 3579 2575 3644 βαρύνεςθαι
2620 3579 2770 3631 θέλει
2816 3578 2907 3630 καὶ
2951 3576 3230 3630 ἐκτείνειν

634 3643 704 3696 τὸ
741 3648 803 3710 U,
840 3644 1038 3708 ἀμύνω
1078 3643 1334 3709 εὐθύνω,
1373 3646 1674 3711 πλατύνω,
1714 3647 2000 3729 βραδύνω,
2038 3646 2351 3712 ἀμορφύνω
2416 3647 2681 3712 ἀκαχύνω
2716 3675 2783 3683 —-
2819 3646 2914 3698 ἐπὶ
2948 3646 3010 3699 δὲ
3044 3646 3229 3698 διευλ-

633 3710 827 3776 λάβων
850 3711 1006 3764 θύνω
1045 3709 1223 3777 δύνω,
1263 3713 1479 3765 πλύνω.
1537 3729 1902 3780 ςεςημειωται
1927 3714 2071 3780 παρ’
2096 3714 2329 3781 Ἡςιόδῳ
2356 3687 2591 3767 ἐθύνεον
2615 3743 2681 3750 -
2707 3712 2757 3767 εἰ
2779 3713 2842 3766 δέ
2865 3729 2920 3765 τι
2955 3715 3227 3778 περιςπᾶ-

634 3793 751 3844 ται,
800 3778 1196 3845 προκατάρχον
1243 3781 1356 3845 ἔχει
1410 3782 1618 3845 ὄνομα,
1665 3781 1733 3833 οὗ
1780 3784 1852 3834 τὸ
1897 3783 2062 3835 τέλος
2117 3781 2196 3834 είς
2250 3787 2299 3834 ’ὠ
2344 3781 2562 3848 τραπὲν
2615 3782 2766 3849 ῥῆμα
2811 3784 2991 3847 ποιεί,
3041 3780 3226 3846 ὀδύνη

634 3847 851 3912 ὀδυνῶ,
888 3848 1098 3914 τορύνη
1136 3850 1377 3913 τορυνῶ.
1437 3851 1528 3901 καὶ
1564 3849 1687 3901 ἐπεί
1725 3853 2086 3915 περιςπᾶται,
2124 3850 2406 3903 ςυςτέλλει
2440 3851 2510 3902 τὸ
2547 3853 2597 3901 U.
2643 3853 2820 3902 τοῦτο
2854 3850 2918 3902 δὲ
2951 3848 3006 3901 οἱ
3042 3847 3230 3901 Ἀττι·

634 3914 723 3967 κοί
760 3945 822 3954 -
858 3916 991 3981 γάρ,
1031 3934 1187 3982 quem
1228 3919 1408 3968 locum
1444 3934 1512 3968 ex
1546 3917 1867 3970 Herodiano
1903 3922 2138 3985 petitum
2174 3935 2296 3971 esse
2341 3924 2399 3970 et
2433 3917 2773 3985 comparatio
2809 3917 2985 3969 nostri
3018 3916 3127 3967 loci
3165 3926 3229 3969 et

632 3984 889 4036 doctrina
926 3986 1262 4036 testimoniis
1298 3986 1405 4035 seri
1445 3990 1619 4036 torum
1655 3993 1852 4037 ornata
1887 3987 2246 4038 demonstrat.
2315 3987 2462 4037 Hinc
2497 3987 2676 4053 petivi
2719 3992 2777 4037 et
2811 3983 3125 4050 ἀμορφύνω
3164 3992 3228 4037 et

630 4050 898 4116 ἀκαχύνω
945 4058 1004 4103 et
1047 4058 1233 4103 notam
1282 4053 1351 4102 de
1421 4051 1656 4115 θύνεον,
1708 4053 1765 4103 in
1819 4070 1929 4119 qua
1972 4069 2069 4119 pro
2116 4055 2398 4120 μεταβολῇ
2442 4057 2548 4106 τοῦ
2593 4061 2893 4120 praeeunte
2938 4052 3226 4104 Lobeekio

631 4136 824 4188 Rhem.
871 4139 969 4188 146
1006 4138 1199 4203 scripsi
1242 4139 1347 4201 τῆς
1381 4136 1433 4188 δι
1478 4134 1557 4187 είς
1603 4138 1673 4187 θυ
1718 4145 1775 4188 et
1817 4140 2059 4201 τορυνῶ.
2093 4164 2160 4174 -
2195 4140 2280 4189 De
2316 4141 2718 4204 propagatione
2766 4139 2948 4190 exitus
2989 4152 3112 4189 υνω
3149 4153 3224 4188 ex

631 4206 718 4255 ῦῖῡ
756 4206 827 4258 ef.
866 4205 1069 4258 Herod.
1107 4220 1196 4269 ap.
1234 4204 1495 4257 Eustath.
1531 4207 1650 4268 562,
1687 4208 1768 4257 43.
1807 4229 1876 4245 —·
1909 4207 1983 4258 of.
2021 4207 2126 4271 Ep.
2163 4206 2254 4259 Cr.
2291 4206 2318 4255 1
2353 4207 2437 4269 25,
2478 4210 2568 4271 12,
2605 4207 2671 4255 Ε.
2707 4206 2783 4256 Μ.
2820 4206 3024 4269 88,.18.

615 4272 668 4324 l.
709 4273 773 4322 18
816 4270 994 4335 χαίνω
1039 4273 1273 4339 praebet
1315 4275 1543 4323 Lascar.
1589 4275 1712 4336 174,
1761 4276 1807 4326 ’1.
1883 4270 2055 4335 βαίνω
2101 4299 2170 4309 -
2211 4271 2391 4325 αἵνειν
2434 4271 2681 4324 πτίςςειν
2724 4289 2850 4324 rece
2893 4274 2913 4323 i
2957 4273 3026 4324 ex'
3067 4274 3226 4324 Mon.

632 4341 726 4403 24,
766 4343 829 4391 16
866 4337 1026 4390 αἰνῶ.
1093 4337 1165 4389 τὰ
1200 4337 1289 4390 διὰ
1323 4342 1427 4390 τοῦ
1464 4342 1604 4390 ‹it-vm
1641 4339 1942 4404 διςύλλαβα
1987 4339 2273 4404 βαρύτονά
2318 4340 2460 4406 ἐςτι,
2497 4338 2700 4406 βαίνω,
2737 4340 2844 4405 δρα
2863 4354 2979 4406 νω,
3015 4337 3224 4405 ῥαίνω,

632 4405 875 4472 κραίνω,
913 4404 1115 4471 ςαίνω,
1152 4405 1394 4470 χραίνω,
1432 4405 1577 4458 αἵνω
1613 4406 1683 4458 τὸ
1719 4407 2099 4470 δαςυνόμενον
2123 4409 2215 4460 καὶ
2239 4407 2628 4473 βαρυνόμενον
2662 4408 2782 4459 κτλ.
2818 4435 2886 4445 -
2920 4406 3224 4473 ςεςημείω·

630 4487 722 4525 ται
767 4473 838 4525 τὸ
884 4469 1027 4525 αἶνῶ
1073 4473 1520 4539 περιςπωμενον.
1598 4473 1703 4526 οὐκ
1748 4476 1940 4548 ἀγνοῶ
1988 4474 2073 4542 δέ,
2119 4476 2343 4530 ὅτι,καί
2389 4476 2568 4539 ὄνομα
2609 4472 2790 4528 αὐτοῦ
2836 4477 3226 4541 προκατῆρξε·

631 4540 719 4592 διὸ
755 4541 1146 4606 περιεςπάςθη.
1286 4542 1320 4592 1.
1359 4544 1426 4592 24
1463 4542 1532 4594 de
1566 4540 1791 4594 ἐλαύνω
1827 4544 1901 4594 of.
1940 4545 2088 4596 Mon.
2124 4546 2220 4608 22,
2251 4547 2343 4596 28:
2381 4541 2548 4595 οὐδὲν
2592 4541 2670 4595 εἰς
2707 4543 2796 4594 ῦῖϋ
2840 4544 3019 4609 λῆγον
3064 4544 3227 4608 ῥῆμα

631 4608 914 4673 ὁριςτικὸν
950 4608 1266 4676 βαρύτονον
1295 4614 1368 4676 τῇ
1405 4614 1477 4662 ᾶῦ
1513 4610 1806 4676 διφθόγγῳ
1843 4610 2256 4676 παραλὴγεται,
2301 4610 2447 4663 ἀλλὰ
2484 4611 2662 4675 μόνον
2696 4610 2767 4662 τὸ
2803 4609 3024 4663 ἐλαύνω
3061 4612 3226 4675 παρὰ

628 4675 699 4725 τὸ
734 4676 848 4727 ἐλῶ
887 4678 1199 4742 βαρύτονον
1235 4679 1380 4742 παρ’
1413 4676 1579 4730 ἐνίοις
1616 4679 1736 4729 κτλ.
1782 4679 2041 4732 Eustath.
2066 4680 2183 4742 562,
2218 4684 2312 4732 43:
2349 4679 2420 4731 τὸ
2454 4679 2673 4743 δαμνᾶν
2706 4678 2821 4743 ἔχει
2856 4679 3230 4741 πλεοναςμὸν
3313 4709 3324 4720 .

628 4742 1090 4860 {gpcfssmibptom
1128 4744 1326 4797 ὁποῖος
1361 4747 1493 4797 καθ’
1529 4745 1880 4809 Ἡρωδιανὸν
1916 4746 2007 4798 καὶ
2043 4745 2106 4797 ἑν
2139 4749 2224 4815 τῷ
2261 4746 2448 4800 ἑλαύω
2484 4745 2736 4813 ἐλαύνω,
2774 4746 2895 4798 δύω
2929 4745 3086 4798 δύνω
3124 4749 3226 4802 καὶ

704 4826 716 4859 ι
820 4826 889 4874 μο
911 4827 1009 4868 οις.
