3664 5546
1538 425 1957 475 PRAEFATIO.
2681 429 3027 477 cxxxxvn

450 579 546 643 sic
591 580 764 643 enim
808 578 1178 665 appellatur
1221 603 1262 644 a
1306 579 1576 645 Ptolem.
1607 578 1670 642 V
1702 581 1762 660 8,
1794 582 1859 654 4,
1907 583 2257 660 Μάκρωνες
2287 583 2350 646 οἱ
2393 588 2510 648 νῦν
2542 584 2792 650 (ἁννοι.
2838 585 3029 664 (τρά-
3146 625 3157 634 -

451 690 583 764 βων
627 685 987 767 δωδεκάτῃ,
1031 684 1144 768 qui
1187 706 1251 769 p.
1299 684 1424 747 548
1469 682 1656 746 dicit:
1719 684 1981 767 Εάννοι,
2039 687 2153 749 οὓς
2196 687 2516 763 πρότερον
2569 687 2843 752 ἐκάλουν
2890 690 3027 752 Μά-

449 807 716 864 κρωνας.
805 787 1187 865 Ἀνεμώρεια
1241 786 1428 851 πόλις
1482 787 1772 851 Φωκίδος
1827 787 1865 863 ἡ
1923 791 2041 850 νῦν
2089 787 2497 869 Ἀνεμώλεια,
2551 786 2633 850 de
2694 811 2826 874 qua
2868 789 3031 854 urbe

450 888 669 952 Strab.
711 888 839 951 423
881 890 922 967 ἡ
968 890 1033 953 δ’
1079 889 1460 967 Ἀνεμώρεια
1504 889 1861 967 ὠνόμαςται
1902 925 1989 935 -
2032 892 2197 953 τινὲς
2243 892 2313 953 δὲ
2346 890 2765 968 Ἀνεμώλειαν
2802 896 3031 956 καλοῦ·

451 1011 563 1056 ςιν.
606 1025 693 1036 -
735 993 852 1068 τὴν
899 992 966 1053 δ’
1010 990 1312 1069 Ὑρμίνην
1359 991 1770 1070 Ἐχεφυλίδας
1815 993 1973 1070 φηςὶ
2012 991 2126 1055 τὰς
2170 996 2289 1055 νῦν
2334 991 2662 1075 Ὁρμίνας,
2707 1013 2811 1077 ap.
2854 991 3029 1057 Stra-

449 1091 684 1155 bonem
741 1101 1019 1178 utraque
1074 1091 1258 1155 urbis
1313 1091 1528 1156 forma
1582 1090 1936 1177 reperitur,
1998 1090 2173 1156 unde
2229 1091 2577 1156 concludas
2634 1093 3031 1175 Herodiano,

451 1216 642 1280 quem
688 1193 913 1279 Steph.
959 1193 1341 1279 exscripsit,
1389 1191 1915 1280 Echephyllidan
1959 1217 2103 1257 esse
2150 1196 2581 1282 antiquiorem
2628 1196 3031 1282 scriptorem.

447 1333 536 1344 —-
588 1294 904 1361 Similiter
965 1307 1040 1360 ut
1101 1296 1488 1360 adverbium
1554 1300 1674 1362 νῦν
1731 1297 2197 1382 transsumpsit
2254 1297 2449 1360 etiam
2506 1298 2701 1378 εὖρον
2761 1299 3031 1364 verbum

451 1396 817 1484 Stephanus
884 1421 966 1462 ex
1033 1396 1440 1479 Herodiano,
1509 1397 1594 1462 ad
1649 1398 2043 1463 industriam
2106 1401 2175 1462 in
2242 1398 2535 1484 legendis
2604 1400 3033 1486 scriptoribus

451 1523 636 1563 suam
680 1500 1156 1565 ostentandam.
1243 1501 1416 1563 Nam
1473 1502 1530 1562 si
1588 1523 1693 1586 ap.
1740 1524 1886 1565 cum
1934 1502 2043 1580 73,
2089 1502 2130 1564 6
2174 1512 2519 1589 postquam
2574 1501 3034 1587 gentilia-'Alt—

450 1608 633 1669 θαῑος
677 1605 1043 1682 Ἀλθαιάτης
1088 1605 1417 1668 Ἀθαιανός
1461 1603 1796 1688 proposita
1825 1614 2009 1682 sunt,
2057 1601 2331 1687 legimns
2364 1606 2636 1685 εὕρομεν
2682 1609 2751 1670 δὲ
2798 1607 2868 1670 ἐν
2898 1609 3035 1670 ταῖς

451 1710 844 1786 (υτ-γραφαῖς
897 1706 1270 1785 Δημητρίου
1332 1706 1650 1788 Ἀλθαιέα,
1717 1705 1849 1768 iam
1903 1708 2146 1770 mentio
2202 1706 2559 1782 DemstriL
2616 1729 2805 1793 quem
2864 1707 3035 1769 infra

451 1808 536 1872 ab
581 1807 960 1871 Herodiano
1007 1807 1370 1871 adhibitum
1416 1829 1557 1870 esse
1603 1806 2231 1886 demonstrabimus,
2290 1808 2652 1872 Herodiani
2705 1809 3033 1882 admonet,

453 1910 695 1994 pariter
749 1933 818 1972 se
875 1909 1074 1973 habet
1118 1908 1298 1974 locus
1344 1911 1753 1974 Βιθυόπολις·
1840 1914 1917 1976 τὸ
1972 1912 2223 1976 ἐθνικόν
2277 1913 2751 1991 Βιθυοπολίτης.
2839 1911 3032 1990 εὗρον

451 2016 522 2076 δὲ
570 2014 1088 2091 Βιθυνιαπολίτης
1131 2013 1308 2090 παρὰ
1351 2012 1661 2094 Ἀρριανῷ
1707 2013 1778 2077 ἐν
1823 2015 2093 2097 πέμπτῳ
2137 2015 2545 2080 Βιθυνιακῶν.
2619 2013 2768 2078 Ηοο
2818 2023 3032 2077 tamen

451 2136 580 2175 non
635 2114 1025 2178 transferam
1084 2113 1168 2179 ad
1224 2112 1566 2193 Orionem,
1623 2135 1853 2198 quem,
1910 2137 2107 2201 quum
2162 2113 2529 2180 Herodiani
2585 2114 2824 2181 librum
2888 2118 3035 2195 περὶ

449 2222 674 2282 παθῶν
730 2214 815 2279 ad
873 2237 1106 2278 manus
1161 2215 1462 2294 haberet,
1515 2216 1748 2279 mirum
1807 2227 1979 2279 esset
2036 2217 2127 2280 sic
2182 2240 2265 2279 ex
2310 2220 2770 2282 commentario
2816 2217 3032 2304 aliquo

448 2319 820 2382 exscribere
866 2343 919 2381 s.
950 2318 1274 2398 άβληχρόν
1301 2355 1388 2365 -
1419 2319 1624 2383 οὕτως
1667 2316 1863 2395 εὖρον
1909 2318 1980 2383 ἐν
2025 2326 2117 2403 τῷ
2163 2322 2311 2398 περὶ
2352 2327 2577 2385 παθῶν
2607 2320 3025 2398 Ἡρωδιανοῦ.

421 2419 440 2430 ”
617 2420 1008 2506 Saepissime
1063 2442 1164 2505 ap.
1214 2419 1438 2504 Steph.
1483 2419 1559 2482 B.
1618 2421 1686 2483 in
1729 2418 2071 2502 gentilium
2127 2420 2534 2485 derivatione
2588 2423 2813 2502 τέχνης
2858 2444 3031 2484 men-

449 2522 540 2586 tio
595 2521 670 2584 fit
725 2544 780 2585 e.
841 2544 902 2606 g.
953 2522 1054 2602 77,
1106 2521 1186 2584 15
1239 2521 1278 2586 ὁ
1334 2523 1597 2600 πολίτης
1658 2521 1776 2602 (sc.
1825 2523 2123 2607 Ἀλόπης)
2182 2524 2338 2587 κατὰ
2394 2525 2625 2603 τέχνην
2670 2525 3027 2601 Ἀλοπίτης·

445 2627 571 2689 ἔςτι
617 2627 689 2688 δὲ
733 2621 834 2688 καὶ
877 2625 1201 2688 Ἀλοπεύς.
1248 2646 1298 2684 s.
1346 2624 1666 2701 Ἀγκυρῶν
1711 2625 1900 2687 πόλις
1942 2624 2290 2698 Αἰγύπτου·
2335 2626 2411 2689 τὸ
2456 2627 2708 2690 ἐθνικόν
2752 2627 2791 2703 ἡ
2835 2627 3027 2704 τέχνη

445 2729 516 2791 ἐκ
557 2730 676 2792 τοῦ
719 2726 1074 2802 Αἰγυπτίων
1118 2726 1335 2791 ἔθους·
1394 2726 1483 2790 ὡς
1524 2726 1648 2804 γὰρ
1698 2725 1920 2791 Κυνῶν
1974 2725 2161 2790 πόλις
2209 2725 2673 2811 Κυνοπολίτης,
2729 2728 3025 2793 Λεόντων

445 2831 631 2893 πόλις
675 2829 1214 2909 Λεοντοπολίτης,
1267 2828 1491 2893 Λύκων
1548 2829 1733 2893 πόλις
1787 2829 2253 2911 Λυκοπολίτης,
2308 2830 2533 2895 Λάτων
2594 2830 2781 2894 πόλις
2824 2830 3025 2894 Λατο-

445 2932 734 3010 πολίτης,
784 2932 991 2995 οὕτως
1035 2932 1358 3009 Ἀγκυρῶν
1403 2931 1590 2995 πόλις
1633 2930 2197 3013 Ἀγκυροπολίτης,
2244 2953 2292 2994 s.
2329 2932 2597 3009 Ἀδράνη
2643 2932 3025 3013 Ἀδρηνίτης,

447 3034 818 3111 Ἀδρηναῑος
861 3030 1076 3096 allatis
1121 3031 1384 3095 additur
1427 3033 1680 3097 δίδωςιν
1732 3031 1773 3108 ἡ
1829 3033 2019 3110 τέχνη
2064 3034 2167 3097 καὶ
2210 3032 2285 3096 τὸ
2332 3034 2666 3112 Ἀδρηνεύς
2722 3036 2813 3099 ὡς
2856 3035 3025 3098 Πελ-

447 3137 692 3213 ληνεύς.
761 3134 842 3198 Ιιι
883 3133 987 3197 bis
1032 3144 1097 3198 et
1142 3132 1462 3198 similibus
1507 3132 1826 3196 vocabulo
1872 3135 2061 3211 τέχνη
2106 3133 2461 3217 significari
2506 3135 2791 3200 arbitror
2818 3118 3021 3199 Hero-

446 3234 624 3299 diani
669 3234 907 3299 librum
938 3238 1086 3316 περὶ
1126 3236 1566 3318 παρωνύμων,
1610 3235 1714 3298 eui
1758 3255 1797 3296 a
1826 3235 2270 3317 grammaticis
2315 3236 2420 3300 hie
2465 3236 2691 3301 titulus
2739 3237 3023 3301 tributus

447 3352 546 3402 cst
599 3340 845 3423 pariter
895 3348 1091 3423 atque
1146 3338 1285 3401 eius
1341 3335 1863 3421 Orthographiae
1918 3336 2256 3422 inscriptio
2316 3338 2753 3420 ὀρθογραφική
2808 3341 3021 3419 τέχνη,

449 3439 530 3503 do
574 3463 704 3526 qua
749 3440 970 3503 statim
1013 3440 1334 3519 dicemus,
1387 3452 1582 3525 atque
1626 3438 1941 3523 Stephani
1985 3437 2159 3503 locos
2207 3440 2301 3503 sic
2342 3439 2814 3525 intellegendos
2859 3464 3022 3517 esse,

447 3552 520 3604 ut
563 3542 630 3604 in
674 3541 840 3605 libro
884 3545 1031 3622 περὶ
1072 3544 1480 3621 παρωνύμων
1525 3549 1640 3605 aut
1681 3538 1750 3603 id
1793 3542 2008 3625 ipsum
2051 3540 2291 3625 gentile
2348 3540 2614 3604 allatum
2672 3542 2871 3607 fuerit
2913 3554 3025 3607 aut

448 3666 530 3707 ex
574 3666 851 3725 canone,
914 3644 1024 3731 qui
1078 3643 1171 3709 ibi
1230 3643 1604 3731 propositus
1649 3642 1806 3721 fuit,
1864 3643 2153 3726 generali
2209 3643 2419 3706 forma
2476 3644 2832 3708 secundum
2874 3667 3023 3709 ana-

446 3745 690 3827 logiam
731 3744 1126 3832 reliquorum
1167 3746 1262 3810 ibi
1305 3745 1647 3810 allatorum
1693 3743 1849 3807 ficta
1894 3746 1997 3808 sit.
2088 3745 2191 3808 De
2247 3744 2529 3811 secundo
2588 3760 2763 3811 certe
2810 3770 3021 3810 exem-

445 3845 587 3931 plo,
642 3849 818 3933 quod
874 3848 976 3911 hic
1032 3846 1115 3912 ex
1172 3848 1268 3912 St.
1313 3847 1388 3911 Β.
1434 3844 1658 3925 attuli,
1714 3856 1891 3908 certo
1938 3845 2364 3909 demonstrari
2422 3858 2639 3931 potest
2690 3871 3025 3915 canonem.

448 3947 800 4012 secundum
847 3972 1036 4034 quem
1068 3951 1600 4029 Ἀγκυροπολίτης
1645 3948 1996 4017 formatum
2027 3960 2159 4029 est,
2207 3971 2349 4011 esse
2380 3947 2772 4013 Herodiani:
2824 3949 2905 4012 E.
2936 3951 3028 4013 M.

451 4051 601 4129 1⁹19,
646 4052 690 4115 ἴ)
733 4052 796 4117 οἱ
849 4054 1112 4116 παλαιοὶ
1164 4053 1339 4131 παρὰ
1395 4053 1514 4116 δύο
1561 4052 1758 4117 λέξεις
1803 4052 2323 4130 διεζευγνυμένας
2374 4054 2731 4130 παραγωγὰ
2774 4058 3024 4116 ποιοῦςι

447 4155 784 4220 πολλάκις·
831 4155 960 4218 Νέα
1004 4156 1189 4219 πόλις
1236 4153 1662 4236 Νεαπολίτης,
1705 4154 1881 4231 παρὰ
1924 4155 2216 4232 ποταμὸν
2261 4155 2765 4234 παραποτάμιος.

617 4254 726 4319 Ad
771 4254 1267 4319 declinationem
1311 4254 1484 4340 quod
1525 4257 1786 4334 attinet,
1842 4253 1973 4317 iam
2019 4276 2213 4339 supra
2270 4257 2551 4319 vidimus
2606 4280 2658 4320 s,
2705 4257 3028 4335 Ταμίαθις·

449 4358 487 4435 ἡ
529 4360 743 4436 γενικὴ
788 4359 1181 4437 Ταμιάθεως·
1240 4358 1446 4422 οὕτως
1493 4359 1531 4422 Γ
1533 4360 1802 4435 εώργιος
1846 4357 1885 4421 ὁ
1934 4358 2358 4436 Χοιροβοςκός
2416 4360 2485 4422 ἐν
2532 4366 2621 4443 τῷ
2666 4357 3027 4441 ὀνοματικῷ

447 4460 652 4524 verba
708 4460 912 4526 οὕτως
959 4462 997 4525 Γ
1000 4462 1268 4538 εώργιος
1322 4464 1450 4524 κτλ.
1505 4460 1837 4543 adscripta
1891 4481 2031 4520 esse
2086 4458 2171 4523 ab
2226 4457 2443 4543 aliquo
2498 4463 2835 4543 ignorante
2891 4459 3025 4523 Ste-

449 4561 734 4645 phanum
764 4560 1039 4626 eundem
1072 4561 1520 4645 exscripsisse,
1551 4582 1740 4644 quem
1765 4557 2277 4643 ChoeroboscuS,
2315 4559 2780 4624 Herodianum.
2823 4561 3026 4624 Hero-

450 4662 626 4727 diani
669 4663 976 4729 admonet
1021 4666 1394 4744 Μώμεμφις.
1468 4663 1740 4727 κλίνεται
1788 4663 2211 4743 Μωμέμφεως
2257 4664 2347 4728 ὡς
2379 4666 2809 4746 Ἀρίςταρχος,
2854 4662 3029 4749 quod

450 4765 904 4848 AristarchUS,
960 4766 1142 4831 cuius
1201 4787 1430 4829 nomen
1487 4786 1591 4846 ap.
1640 4763 1962 4827 Choerob.
2011 4763 2229 4847 deest,
2288 4764 2589 4860 laudatus
2646 4776 2777 4847 est3
2839 4788 3030 4850 porro

453 4868 869 4948 Τετράπολις·
919 4870 1302 4948 Ἀνδροτίων
1333 4868 1804 4946 Τετραπόλιδός
1850 4889 1998 4947 φηςι
2039 4870 2142 4933 διὰ
2187 4872 2303 4933 τοῦ
2349 4874 2417 4949 b,
2456 4865 2633 4952 quod
2664 4867 3030 4934 Androtion

2532 4970 2628 5031 k*
