3664 5546
1174 364 1333 421 ΠΕΡΙ
1375 357 1768 421 ΚΑΘΟΛΙΚΗ(
1803 363 2227 420 ΠΡΟΕΩιΔΙΑΕ
2251 364 2336 426 ,Ιςῖ
2931 363 3059 428 433

394 587 397 592 .
468 535 637 614 λύπη
695 538 944 617 λυπῶ,
997 535 1204 613 τρύπη
1260 540 1565 618 τρυπῶ,
1619 535 1861 599 κτύπος
1915 540 2215 617 κτυπῶ,
2273 533 2477 612 ῥύπος
2536 533 2770 612 ῥυπῶ.
2865 534 3058 612 πρός-

467 657 660 701 κειται
706 638 778 700 δὲ
825 636 922 701 «εἰ
958 637 1039 715 μὴ
1085 621 1155 702 ἐν
1213 642 1295 728 τῇἱ
1344 638 1567 721 πρώτῃ
1613 637 1713 701 καὶ
1757 636 2025 719 δευτέρᾳ
2071 639 2350 720 ςυλλαβῇ
2395 636 2526 715 ἔχει
2568 637 2644 701 τὸ
2687 638 2778 699 π»
2835 636 2940 699 διὰ
2982 636 3058 700 τὸ

466 745 674 802 πιπῶ
719 739 823 801 καὶ
852 737 1116 803 ὀπιπῶ
1160 739 1236 803 τὸ
1267 738 1744 818 περιβλέπομαι.
1809 738 1885 802 τὸ
1931 739 2004 802 δὲ
2046 737 2301 801 πίπτω
2334 737 2671 817 βαρύνεται
2704 738 2859 816 ἔχον
2900 738 2975 802 τό
3006 741 3059 801 i

635 840 729 904 Τὰ
773 839 862 904 εἰς
906 843 1025 920 φ-ω
1069 841 1352 918 λήγοντα
1396 839 1764 922 βαρύνεται,
1821 839 1877 903 εἰ
1933 841 2014 919 μὴ
2060 839 2501 917 παραλήγοιτο
2552 843 2644 922 τῷ
2692 842 2732 902 ὅ
2776 843 2974 922 μικρῷ
3019 838 3058 915 ἢ

467 946 558 1022 τῷ
622 946 677 1006 ὦ
730 940 989 1023 μεγάλῳ
1045 941 1084 1018 ἢ
1138 942 1496 1020 παρώνυμα
1554 939 1682 1024 εἴη,
1736 940 2046 1024 γράφω,
2108 940 2415 1023 γλύφω,
2483 941 2706 1020 νήφω
2772 939 2877 1004 ἐπὶ
2940 943 3124 1003 τοῦδ

469 1046 734 1125 φρονῶ,
781 1042 1028 1122 νείφω
1061 1044 1133 1106 δὲ
1164 1041 1269 1106 ἐπὶ
1297 1046 1414 1107 τοῦ
1444 1043 1737 1123 χιονίζω,
1769 1042 2020 1126 δέφω,
2053 1043 2351 1124 τρέφω,
2401 1042 2739 1124 ςτρὲφω,
2770 1041 3063 1123 ςτέφω,

470 1146 733 1227 ψέφω,
779 1143 1116 1226 ἀλείφω,
1160 1143 1455 1227 κνίφω,
1502 1145 1800 1226 ςτύφω,
1845 1144 2102 1227 τύφω,
2149 1144 2455 1225 μὲμφω,
2501 1142 2625 1223 ἀφ>
2671 1141 2749 1207 οὗ
2792 1143 2870 1207 τὸ
2915 1142 3063 1221 μέμ-

469 1266 673 1325 φομαι
731 1245 1097 1324 εὔχρηςτον.
1197 1247 1595 1325 ςεςημείωται
1657 1247 1733 1310 τὸ
1800 1248 2008 1325 διφῶ
2077 1246 2153 1310 τὸ
2218 1247 2386 1323 ζητῶ
2442 1245 2706 1309 Ἰλιάδος
2759 1245 2825 1308 Π
2879 1242 3062 1324 (747)

471 1348 708 1426 «τήθεα
766 1349 1022 1426 διφῶν»
1079 1349 1288 1425 ζητῶν
1344 1347 1647 1426 ἐρευνῶν.
1687 1335 1709 1358 ”
1751 1346 2150 1425 Καλλίμαχος
2208 1345 2400 1425 «μηδ’
2454 1345 2576 1410 ἀπ’
2630 1346 2779 1425 ἐμεῦ
2835 1348 3063 1424 διφᾶτε

470 1449 629 1528 μέγα
674 1448 1056 1527 ψοφέουςαν
1101 1447 1370 1527 ἀοιδήν»
1428 1450 1530 1513 καὶ
1586 1448 1950 1527 ἀμφαφῶ.
2038 1449 2142 1512 καὶ
2183 1447 2336 1512 ἴςως
2386 1448 2744 1526 παρώνυμα
2787 1446 2884 1525 εἴη
2930 1445 3061 1511 ἀπὸ
3103 1452 3167 1504 10

469 1554 587 1615 τοῦ
640 1549 776 1629 ἁφή
822 1549 974 1629 ἁφῶ
1030 1551 1135 1637 καὶ
1190 1555 1405 1630 διαφῶ
1461 1550 1564 1614 καὶ
1616 1548 1827 1627 κράςει
1884 1552 2056 1629 διφῶ
2113 1550 2189 1613 τὸ
2245 1554 2321 1633 τῇ
2376 1547 2513 1631 ἁφῇ
2569 1548 2919 1629 ὑποβάλλω
2963 1549 3066 1612 καὶ

474 1651 789 1731 ἀμφαφῶ.
878 1650 1237 1729 πρόςκειται
1308 1651 1403 1715 «εἰ
1471 1652 1552 1730 μὴ
1608 1651 1964 1728 παρώνυμα
2019 1650 2156 1729 εἴη»
2215 1651 2320 1714 διὰ
2382 1650 2458 1714 τὸ
2507 1650 2717 1729 τρυφή
2763 1651 3064 1730 τρυφῶ,

472 1752 726 1832 κορυφή
758 1755 1116 1835 κορυφῶ,
1164 1752 1368 1832 ςοφός
1400 1755 1652 1833 ςοφῶ,
1698 1752 2046 1832 ζωγράφος
2077 1753 2502 1834 ζωγραφῶ,
2533 1751 2759 1831 ψόφος
2791 1753 3066 1832 ψοφῶ,

474 1853 609 1932 ἁφή
656 1855 1018 1933 ψηλαφῶ.
1105 1853 1180 1917 τὸ
1226 1855 1299 1917 δὲ
1343 1857 1676 1932 ςτρωφῶ
1721 1853 1825 1917 καὶ
1871 1852 2090 1932 ῥοφῶ
2136 1852 2391 1932 ἔχουςιν
2437 1856 2476 1915 ὃ
2520 1854 2623 1917 καὶ
2665 1857 2738 1917 ὦ.

641 1954 736 2019 Τὰ
779 1954 868 2018 εἰς
910 1958 1052 2018 πῖῶ
1099 1955 1472 2036 βαρύνεται,
1530 1954 1583 2018 εἰ
1639 1956 1720 2034 μὴ
1774 1954 2213 2033 προκατάρχοι
2269 1953 2479 2034 ὄνομα
2528 1954 2568 2032 ἢ
2614 1957 2913 2033 διαςτολὴ
2958 1953 3062 2029 γέ-
3101 1962 3164 2012 15

474 2056 1195 2138 νοιτοςημαινομένου,
1243 2056 1581 2138 ςκάπτω,
1628 2056 1934 2141 θάπτω,
1967 2055 2320 2139 βλάπτω,
2351 2056 2689 2137 κλέπτω,
2736 2056 3065 2136 ςκέπτω,

474 2156 875 2239 χαλέπτω,
935 2156 1223 2240 πίπτω,
1277 2156 1509 2239 ἵπτω,
1567 2158 1847 2239 λίπτω,
1901 2157 2100 2222 ἰ’πτω
2146 2157 2221 2220 τὸ
2269 2156 2560 2240 βλάπτω,
2616 2156 2779 2235 ὅπερ
2835 2159 3064 2235 ψιλοῦ-

411 2277 421 2282 ·
470 2277 601 2321 ται·
656 2257 762 2322 ἐπὶ
812 2258 935 2336 γὰρ
989 2263 1106 2323 τοῦ
1160 2262 1337 2322 πετῶ
1393 2258 1726 2323 δαςύνεται
1782 2260 1886 2322 καὶ
1938 2262 2347 2339 περιςπᾶται,
2402 2258 2728 2340 χρίπτω,
2784 2259 3065 2338 νίπτω,

473 2357 758 2423 ἑνίπτω
802 2361 877 2423 τὸ
923 2355 1318 2442 ἑπιπλήττω,
1365 2358 1787 2442 ςκηρίπτω,
1848 2358 2114 2437 ῥίπτω.
2189 2360 2264 2424 τὸ
2309 2360 2432 2437 γὰρ
2480 2358 2731 2437 ῥιπτῶ
2779 2358 3063 2423 Ἀττικὸν

472 2460 512 2537 ἢ
556 2460 903 2539 ποιητικόν.
991 2459 1287 2543 κόπτω,
1333 2459 1544 2523 ὄπτω
1586 2460 1677 2524 τὸ·
1709 2459 1944 2539 βλέπω.
2009 2461 2084 2525 τὸ
2131 2461 2202 2525 δὲ
2247 2459 2464 2525 ὀπτῶ
2500 2461 2675 2544 ἱπρὸς
2719 2462 3058 2538 διαςτολὴν
3094 2469 3162 2520 20

474 2564 593 2624 τοῦ
638 2560 851 2643 ὄπτω,
898 2560 1643 2644 ςκώπτω,’θρύπτω,
1688 2561 1951 2625 θύπτω
1995 2564 2071 2626 τὸ
2107 2565 2328 2644 τυφῶ,
2373 2561 2671 2645 κύπτω,
2715 2562 3065 2653 κρύπτω,

477 2660 773 2744 ῥύπτω,
819 2659 1119 2744 δύπτω,
1163 2661 1557 2745 καλύπτω,
1602 2661 2005 2746 κορύπτω,
2049 2663 2328 2727 τύπτω.
2400 2664 2474 2728 τὸ
2531 2665 2604 2727 δὲ
2647 2666 2911 2727 τυπτῶ
2955 2684 3068 2728 τυ-

474 2763 692 2842 πτήςω
737 2762 1047 2827 Ἀττικῶς.
1112 2761 1474 2842 πρόςκειται
1522 2763 1618 2828 «εἰ
1664 2766 1746 2843 μὴ
1776 2764 2284 2844 προκατάρχεται
2315 2762 2562 2845 ὄνομα»
2613 2765 2718 2830 διὰ
2760 2766 2838 2831 τὸ
2882 2764 3066 2847 ἄβλε-

476 2885 636 2929 πτος
680 2863 1076 2947 ἀβλεπτῶ,
1120 2863 1409 2930 ἄπεπτος
1454 2863 1813 2948 ἀπεπτῶ,
1860 2864 2160 2945 ἀλείπτης
2204 2869 2723 2947 φιλαλειπτῶ.

646 2965 740 3029 Τὰ
794 2965 884 3030 εἰς
936 2967 1037 3042 Ῠῶ
1092 2965 1438 3046 διςύλλαβα
1488 2969 1529 3045 ἦ
1582 2967 2082 3048 παραληγόμενα
2136 2966 2269 3033 ἀπὸ
2333 2969 2684 3049 ςυμφώνου
2742 2966 3068 3048 ἀρχόμενα
3101 2978 3170 3029 25

478 3252 712 3318 βλάπτω
748 3253 963 3317 γίνεται
997 3254 1133 3307 ῑπος
1167 3255 1258 3308 καὶ
1295 3253 1449 3320 παρὰ
1482 3253 1552 3306 τὸ
1587 3253 1720 3308 ῖπος
1745 3254 1960 3320 γίνεται
1997 3254 2112 3308 ἰπῶ
2148 3256 2299 3323 ῥῆμα
2324 3260 2592 3323 ςημιίίνον
2615 3257 2686 3309 τὸ
2722 3256 2925 3321 θλίβω,
2965 3258 3066 3309 sed

478 3325 644 3372 etiam
674 3320 785 3373 ίπῶ
822 3324 1096 3374 translato
1130 3324 1423 3373 intellectu
1458 3331 1755 3390 usurpatur
1790 3326 1945 3376 velut
1978 3329 2101 3376 ταῖς
2139 3329 2446 3390 ςυμφοραῖς
2483 3327 2554 3376 cf.
2592 3326 2805 3378 Pollue.
2841 3326 2948 3378 V11
2981 3329 3066 3377 46.

647 3390 685 3441 l.
722 3394 754 3440 ὃ
789 3389 958 3455 νήφω
1005 3392 1283 3455 explicavi
1328 3397 1386 3442 et
1431 3388 1614 3455 νείφω
1660 3408 1783 3442 eum
1826 3395 2284 3458 interpretatione
2330 3394 2522 3444 addidi
2558 3411 2626 3444 ex
2662 3394 2907 3459 Theogn.
2947 3397 3064 3456 138,

478 3460 542 3509 10
575 3457 648 3508 τὰ
682 3455 771 3508 διὰ
797 3459 901 3508 τοῦ
936 3473 1069 3522 ηφω
1105 3457 1403 3520 διςύλλαβα
1439 3457 1656 3510 ςπάνια.
1714 3457 1814 3511 δύο
1849 3458 1956 3525 γάρ
1993 3458 2091 3511 είςι
2125 3459 2231 3511 τὸν
2267 3460 2518 3526 ἀριθμόν.
2586 3460 2656 3512 τὸ
2694 3460 2798 3526 μὲν
2833 3461 2923 3512 διὰ
2956 3464 3061 3512 τοῦ

473 3528 510 3587 ἦ
548 3523 910 3589 γραφόμενον
945 3524 1016 3575 τὸ
1050 3524 1220 3590 νήφω
1258 3524 1351 3577 ἐπὶ
1386 3528 1490 3577 τοῦ
1516 3528 1744 3592 φρονῶ,
1783 3525 1841 3578 ἐξ
1878 3528 1947 3579 οὖ
1984 3527 2075 3579 καί
2111 3527 2414 3593 νηφαλέος.
2462 3528 2555 3581 ἐπὶ
2597 3529 2659 3581 δὲ
2693 3532 2798 3580 τοῦ
2836 3526 3063 3593 χιονίζω

476 3592 565 3643 διὰ
598 3593 702 3656 τῆς
737 3594 789 3643 ὃ
822 3592 1131 3656 διφθόγγου
1166 3592 1258 3645 καί
1292 3591 1445 3657 νίφω
1481 3593 1572 3644 καὶ
1609 3593 1840 3658 νιφετός
1864 3595 1953 3646 διὰ
1986 3598 2090 3646 τοῦ
2129 3598 2179 3660 ῑ,
2217 3596 2295 3647 ὥς
2320 3611 2491 3661 φηςιν
2516 3596 2860 3661 Ἡρωδιανὸς
2886 3596 2948 3648 ἐν
2973 3600 3058 3661 τῷ

478 3659 606 3723 πέρὶ
632 3660 918 3722 ςῠζυγιῶν.
942 3689 1008 3696 -
1032 3660 1192 3725 δέφω
1218 3688 1283 3698 -
1309 3659 1480 3725 ψέφω
1508 3677 1575 3711 ex
1601 3662 1849 3726 Theogn.
1877 3666 1990 3725 138,
2018 3666 2067 3725 6,
2093 3661 2315 3728 ἀλείφω
2342 3681 2410 3715 ex
2435 3664 2629 3718 Choer.
2659 3668 2773 3730 175,
2801 3666 2851 3727 8,
2878 3662 3064 3729 κνίφω

478 3743 547 3777 ex
582 3730 729 3780 Mon.
765 3731 858 3789 43,
895 3731 988 3791 22,
1026 3730 1123 3779 ubi
1156 3729 1294 3779 Lob.
1334 3729 1524 3783 Rhem.
1564 3746 1616 3794 p.
1650 3731 1717 3779 40
1753 3728 1958 3793 κνήφω
1994 3733 2234 3794 mavult,
2271 3731 2469 3795 ςτύφω
2505 3731 2674 3796 τύφω
2712 3748 2779 3783 ex
2813 3734 3064 3797 Theogn.

479 3795 602 3857 138,
640 3796 698 3857 8,
737 3794 943 3858 μέμφω
983 3812 1049 3846 ex
1084 3796 1305 3847 Lasear.
1342 3797 1457 3859 166,
1492 3799 1543 3849 4.
1715 3798 1750 3846 l.
1778 3800 1810 3847 8
1848 3798 1921 3848 ad
1956 3797 2104 3862 διψῶ
2141 3799 2392 3864 exempla
2428 3800 2618 3850 addidi
2652 3816 2720 3850 ex
2754 3803 2818 3850 E.
2844 3801 2917 3854 Μ.
2946 3802 3065 3861 279,

418 3886 425 3899 1
474 3865 566 3924 46,
607 3862 701 3927 qui
739 3863 889 3912 loeus
923 3862 1054 3913 hine
1090 3862 1303 3928 petiths
1337 3863 1575 3926 videtur,
1612 3863 1856 3916 indidem
1892 3866 1926 3915 l.
1967 3868 2025 3916 11
2064 3864 2197 3930 ἀφῶ
2238 3895 2300 3902 -
2337 3865 2645 3930 ύποβάλλω
2687 3870 2946 3932 apposui,
2997 3867 3066 3917 de

477 3946 597 3979 meo
634 3928 724 3980 καὶ
761 3928 1018 3993 ἀμφαφῶ
1055 3931 1322 3982 adiieens.
1359 3957 1426 3966 ——
1465 3931 1499 3983 l.
1529 3934 1591 3981 14
1629 3931 1693 3982 de
1730 3931 1898 3996 ῥοφῶ
1938 3933 2009 3983 cf.
2045 3934 2108 3988 E.
2134 3934 2208 3986 M.
2247 3936 2359 3992 705,
2397 3938 2490 3986 26:
2528 3933 2582 3986 οἱ
2621 3934 2861 3987 Ἀττικοὶ
2897 3933 3064 3999 ῥόφω

477 3996 698 4059 λέγουςι
734 3996 1087 4061 βαρυτόνως,
1135 3988 1240 4062 (hx
1273 3996 1469 4060 ὑγιῶς·
1519 3998 1551 4049 ὁ
1595 3997 1702 4064 γὰρ
1750 3999 1976 4062 μέλλων
2020 4000 2272 4066 ῥοφήςω.
2343 4001 2491 4052 ἔςτιν
2535 4000 2638 4052 οὖν
2673 4001 2868 4066 ῥοφῶ,
2915 4001 2969 4052 οἱ
3003 4001 3065 4052 δὲ

478 4062 720 4127 Δωριεῖς
754 4065 938 4128 ῥυφῶ.
1078 4067 1113 4115 l.
1153 4069 1216 4116 15
1250 4067 1421 4117 verba
1458 4068 1759 4117 secundum
1793 4068 2018 4119 vocales
2064 4071 2269 4119 exitum
2316 4072 2445 4120 Ῑττω
2491 4070 2891 4134 praecedentes
2924 4069 3065 4118 ordi—

475 4135 624 4185 navi.
664 4158 727 4168 ·-
764 4134 955 4182 Canon
992 4140 1246 4185 servatus
1281 4140 1364 4184 est
1397 4135 1567 4184 etiam
1605 4134 1660 4184 in
1696 4136 1799 4187 An.
1835 4136 2013 4185 Paris,
2048 4137 2132 4187 111
2166 4139 2292 4199 304,
2330 4139 2380 4187 6.
2421 4139 2483 4186 Ε.
2521 4137 2594 4190 Μ.
2631 4139 2757 4197 463,
2796 4139 2880 4197 55,
2916 4136 3064 4186 unde

432 4253 449 4257 ,
481 4200 727 4253 Lobeck.
763 4201 955 4250 Rhem.
994 4203 1091 4250 14⁷
1129 4207 1276 4251 reete
1315 4201 1351 4251 l.
1378 4204 1444 4253 20
1479 4201 1514 4265 ἢ
1550 4203 1783 4252 inseruit
1819 4208 1878 4252 et
1912 4204 1948 4252 l.
1971 4206 2037 4253 23
2075 4219 2172 4267 pro
2209 4200 2287 4255 εἰς
2314 4205 2496 4254 ταῦτα
2530 4202 2593 4254 δὲ
2616 4202 3066 4268 προκατάρχεται

476 4269 685 4333 posuit:
734 4266 1055 4331 πρόςκειται
1102 4265 1196 4319 «εἰ
1232 4268 1306 4332 μὴ
1343 4268 1837 4333 προκατάρχεται»
1884 4275 1941 4319 et
1976 4272 2042 4319 Ε.
2079 4273 2152 4321 Μ.
2188 4274 2316 4335 236,
2356 4274 2435 4323 16.
2479 4273 2580 4336 Ep.
2619 4271 2706 4323 Cr.
2750 4272 2780 4322 1
2814 4274 2944 4334 211,
2988 4274 3064 4324 13.
3160 4320 3166 4327 ,

476 4361 542 4370 -
582 4336 619 4384 l.
656 4337 718 4385 16
755 4334 990 4398 βλάπτω
1038 4338 1274 4387 accessit
1321 4352 1387 4385 ex
1432 4339 1658 4387 Lasear.
1698 4338 1821 4399 166,
1861 4341 1950 4397 1ος
1999 4336 2229 4388 κλέπτω
2275 4365 2341 4375 -·
2387 4337 2655 4402 χαλέπτω
2701 4354 2768 4388 ex
2815 4339 3064 4403 Theogn.

479 4405 601 4464 138,
636 4405 697 4465 43
736 4400 931 4454 πίπτω
970 4430 1035 4441 --
1071 4401 1257 4454 λίπτω
1294 4404 1542 4469 Theogn.
1581 4407 1696 4465 137,
1733 4406 1826 4466 28,
1864 4404 2109 4456 indidem
2145 4407 2314 4456 etiam
2350 4405 2493 4471 ὅπερ
2528 4407 2791 4468 ψιλοῦται
2814 4431 2883 4441 ·-
2913 4420 3065 4470 περι-

479 4471 697 4521 ςπᾶται.
735 4498 799 4507 -
835 4472 917 4521 De
962 4473 1152 4522 verbis
1196 4470 1375 4535 ῐπτω,
1424 4470 1573 4522 ἱπτῶ
1621 4469 1936 4536 (ἵπταμαι),
1991 4469 2145 4541 ἵπτω
2192 4472 2409 4540 (ἅπτω)
2454 4475 2525 4524 ef.
2571 4476 2710 4527 Lob.
2757 4473 2951 4525 Rhem.
2997 4477 3065 4524 42

478 4544 606 4590 not.
630 4542 721 4601 18,
765 4536 987 4603 χρίπτω
1034 4554 1102 4589 ex
1148 4538 1331 4589 Diehr.
1366 4540 1490 4601 286,
1528 4543 1619 4589 223
1664 4539 1738 4590 τὰ
1783 4537 1865 4591 εἰς
1911 4544 2042 4592 π’τω
2078 4540 2329 4606 ῥήματα,
2378 4538 2428 4593 εἰ
2474 4541 2590 4605 ἔχοι
2626 4540 2695 4592 τὸ
2731 4544 2766 4591 T
2801 4541 2913 4605 πρὸ
2957 4543 3062 4593 τοῦ

477 4603 705 4669 τέλους,
744 4605 1189 4669 ςυνεςταλμένον
1223 4604 1367 4659 αὐτὸ
1404 4604 1542 4670 ἔχει,
1581 4604 1794 4671 λίπτω,
1830 4605 2013 4673 ῖπτω,
2051 4607 2286 4673 χρίπτω.
2338 4609 2425 4661 διὸ
2461 4608 2831 4675 ςημειούμεθα
2868 4607 3063 4659 πίπτω

480 4672 570 4722 καὶ
608 4670 820 4737 ῥίπτω,
868 4674 1013 4739 quod
1048 4675 1432 4739 transscripsit
1469 4673 1664 4725 Choer.
1698 4678 1824 4741 249,
1868 4679 1946 4739 17,
1993 4675 2193 4727 κόπτω
2231 4677 2396 4728 ὂπτω
2442 4693 2510 4727 ex
2545 4679 2791 4742 Theogn.
2832 4681 2943 4741 137,
2981 4680 3064 4740 24,

484 4738 722 4802 θρύπτω
746 4769 813 4777 -
847 4741 1117 4807 κορύπτω
1145 4742 1390 4806 Theogn.
1418 4744 1533 4805 138,
1574 4744 1621 4797 1.
1762 4744 1797 4792 l.
1820 4745 1886 4793 22
1913 4760 2012 4811 pro
2049 4745 2138 4795 καὶ
2173 4746 2375 4796 τυπτῶ
2407 4744 2676 4797 Ἀττικῶς
2701 4746 2863 4810 posui
2895 4747 3067 4796 verba

480 4807 711 4861 Lasear.
749 4812 876 4873 166,
916 4813 995 4862 14.
1157 4810 1194 4859 l.
1229 4814 1296 4861 25
1331 4812 1367 4873 ἦ
1404 4811 1602 4876 scripsi
1640 4826 1739 4875 pro
1774 4814 1807 4862 ἶ
1844 4828 1964 4862 eum
1999 4813 2222 4864 Lasear.
2254 4814 2341 4878 ef.
2375 4813 2523 4864 Mon.
2557 4816 2651 4876 45,
2691 4815 2754 4863 15
2788 4811 2932 4876 ήγῶ.
2992 4813 3065 4864 τὰ

550 4923 929 4962 nnnonunve.
972 4910 1018 4962 Ι.
1098 4960 1108 4967 ,
2571 4894 2656 4959 28
