3664 5546
725 419 1044 465 LXXXVIII
1801 411 2216 460 PRAEFATIO.

722 573 1093 656 ἀλαλητός),
1151 569 1267 636 sed
1320 569 1511 634 huius
1570 567 1931 635 affectionis
1989 567 2229 632 finibus
2280 566 2672 633 vocabulum
2715 569 3041 648 πρόεθεειε
3084 567 3289 633 Hero-

723 675 951 739 dianus
998 696 1127 738 non
1172 671 1713 758 circumscripsit,
1772 693 1924 736 nam
1969 669 2234 735 adhibet
2278 670 2471 735 etiam
2516 668 2742 734 eodem
2795 692 2921 756 quo
2977 672 3297 738 ἐπένθεει(

722 777 1088 861 significatu
1143 775 1222 839 de
1279 774 1489 839 vocali
1544 774 1760 839 media
1812 774 1880 839 in
1934 795 2091 838 voce
2147 771 2543 859 syllabarum
2601 794 2869 836 numero
2928 795 3058 838 non
3103 784 3295 838 aucto

728 880 1114 964 interposita
1160 877 1276 962 (cf.
1321 876 1497 940 infra
1538 899 1603 962 p.
1651 875 1900 961 XCII).

892 979 1300 1046 Contrariatn
1346 978 1722 1044 abiectionis
1769 978 2098 1043 literarum
2130 978 2197 1041 in
2225 978 2546 1064 principio
2580 978 2989 1043 affectionem
3032 977 3299 1043 denotat

721 1083 1093 1149 nominibus
1139 1082 1465 1162 ἀφαίρεειε
1512 1081 1619 1165 (Ε.
1664 1080 1755 1145 M.
1801 1080 1956 1160 634,
2007 1079 2085 1143 12
2131 1080 2285 1160 ὀρτή
2330 1081 2462 1148 ἀπὸ
2505 1086 2621 1146 τοῦ
2666 1082 2855 1162 ἑορτή
2905 1082 3065 1147 κατὰ
3108 1081 3299 1162 ἀφαί-

725 1208 924 1268 ρεειν,
980 1183 1092 1248 sed
1149 1185 1522 1265 περιαίρεειε
1578 1181 1968 1248 vocabulum
2013 1181 2346 1248 Eustathii
2402 1205 2544 1247 esse
2587 1183 2850 1248 videtur
2908 1206 2972 1269 p.
3024 1182 3213 1263 1525,
3260 1182 3297 1245 7

726 1288 954 1368 λείβειν
1002 1287 1193 1367 εἴβειν
1239 1286 1612 1365 περιαιρέεει
1657 1291 1769 1365 τῆ(
1813 1285 2040 1367 ἀρχῆς)
2085 1294 2150 1349 et
2180 1285 2472 1366 ἀποβολή
2507 1285 2826 1370 (Theogn.
2859 1309 2921 1372 p.
2957 1285 3038 1348 89
3069 1285 3299 1367 φρίγοε

725 1393 828 1455 καὶ
871 1390 1164 1473 ἀποβολῇ
1210 1394 1326 1453 τοῦ
1370 1393 1422 1468 ᾧ
1468 1387 1675 1470 ῥῖγος)
1732 1397 1796 1451 et
1840 1385 2071 1451 latiore
2115 1386 2436 1452 vocabulo
2493 1389 2776 1468 ἔλλειψις
2830 1387 3084 1474 (Stepb.
3132 1388 3301 1474 Byz.

732 1515 784 1554 s.
847 1492 1118 1570 Κορόπη.
1217 1493 1578 1569 Κοροπαῖοε
1632 1491 1879 1565 λέγεται
1936 1489 2078 1554 κατ’
2135 1491 2420 1569 ἔλλειψιν
2475 1496 2591 1556 τοῦ
2646 1496 2680 1554 ι’(
2734 1490 3143 1573 Ὀροπαῖοε),
3200 1492 3302 1556 ἔν-

730 1601 867 1658 δεια
900 1591 1006 1676 (Ε.
1041 1592 1214 1657 Gud.
1255 1592 1405 1673 129,
1450 1591 1535 1656 54
1578 1592 1751 1671 παρὰ
1795 1593 1871 1656 τὸ
1916 1590 2137 1669 ἀγρεῖν
2169 1593 2379 1677 ἐνδείᾳ
2424 1598 2547 1658 τοῦ
2585 1598 2626 1656 ἆ
2669 1593 2929 1674 γρῖποε)
2972 1602 3039 1656 et
3081 1592 3303 1656 verbis

729 1696 929 1774 αἴρειν
986 1695 1141 1779 (Ep.
1188 1693 1295 1758 Cr.
1343 1695 1375 1759 Ι
1425 1694 1552 1758 300
1565 1741 1582 1782 ,
1643 1695 1674 1756 1
1744 1695 1985 1759 νέαται;
2049 1695 2339 1785 νενέαται
2384 1694 2545 1774 ἆρον
2610 1698 2724 1775 τὴν
2781 1700 2865 1760 ἰν-ε’
2932 1693 3305 1777 ευλλαβήν),

731 1798 1030 1878 ἀφαιρεῖν
1079 1796 1202 1880 (Io.
1250 1793 1355 1860 Al.
1402 1796 1517 1876 38,
1564 1795 1643 1859 27
1690 1797 1764 1861 τὸ
1810 1796 2045 1875 ὠμαδίε
2099 1796 2248 1862 ictuc
2293 1797 2362 1861 ἐκ
2404 1802 2520 1863 τοῦ
2566 1797 2917 1877 κατωμαδίε
2960 1796 3303 1882 ἀφῃρέθη),

733 1900 1120 1980 ἀποβάλλειν
1168 1897 1437 1984 (Arcad.
1483 1897 1638 1977 200,
1691 1897 1768 1960 19
1821 1901 1990 1963 πᾶεα
2033 1896 2396 1979 ἀντωνυμία
2440 1897 2935 1980 ἀποβαλλομένη
2981 1901 3055 1964 τὸ
3102 1905 3165 1982 ἒ,
3225 1896 3303 1961 ΙΙ.

731 2001 840 2063 Pr.
872 2001 926 2065 Ζ
955 1999 1079 2063 355
1123 2003 1161 2080 ἡ
1207 2002 1345 2084 ἐμέ,
1391 2001 1445 2076 εί
1488 2000 1807 2080 ἀποβάλοι
1851 2001 1925 2064 τὸ
1970 2004 2032 2082 E,
2078 2001 2386 2079 ἐγκλιτική
2433 2002 2645 2084 ἐετιν),
2692 2002 3021 2081 ἐκβάλλειν
3054 1999 3161 2086 (ΙΙ.
3194 2002 3304 2065 Pr.
3400 2017 3401 2020 ’

732 2103 782 2168 Λ
829 2101 950 2164 799
991 2102 1160 2167 ὅπου
1218 2102 1297 2168 οὐ
1351 2103 1772 2181 παραδέχεται
1825 2103 1901 2167 τὸ
1956 2106 2067 2181 τῆ(
2122 2103 2481 2182 διαιρέεεωε
2537 2103 2777 2186 [ἐῖεκω]
2833 2104 2961 2169 ἐκεῖ
3016 2104 3303 2183 ἐκβάλλει

733 2206 808 2269 τὸ
854 2225 884 2268 ε
930 2203 1196 2288 [ἴεκω]),
1241 2204 1553 2269 ἐλλείπειν
1601 2201 1707 2287 (Il.
1741 2203 1849 2266 Pr.
1883 2203 1925 2267 C
1968 2203 2086 2266 501
2136 2204 2267 2269 ἀπὸ
2311 2210 2428 2269 τοῦ
2485 2205 2637 2269 εἴδω
2681 2205 2827 2269 εἴεω
2868 2205 3061 2284 temp
3106 2206 3305 2272 ἐλλεί-

738 2326 983 2385 ψαντοε
1037 2310 1152 2371 τοῦ
1197 2306 1286 2388 ἒ);
1342 2305 1668 2369 interdum
1726 2303 1991 2369 additur
2045 2307 2188 2370 κατ’
2242 2305 2444 2386 ἀρχήν
2501 2306 2685 2388 (Arc.
2737 2306 2886 2380 142,
2933 2307 3017 2372 25
3071 2307 3135 2372 αἱ
3190 2313 3305 2373 τοῦ

737 2409 1000 2486 πρώτου
1031 2411 1382 2487 προεώπου
1407 2409 1842 2488 ἐγκλινόμεναι
1871 2409 1974 2473 καὶ
2004 2408 2079 2472 τὸ
2110 2408 2255 2472 κατ’
2286 2408 2487 2488 ἀρχὴν
2518 2412 2550 2472 ἒ
2580 2408 3062 2494 ἀποβάλλουει),
3096 2419 3161 2475 et
3191 2432 3308 2496 per

735 2508 1146 2597 periphrasin
1193 2507 1432 2574 dicitur
1475 2510 1808 2592 ἀποβολὴν
1854 2514 2067 2576 ποιεῖν
2114 2508 2355 2574 Arcad.
2402 2508 2443 2574 l.
2485 2531 2540 2572 c.
2587 2511 2650 2575 αἱ
2693 2515 2809 2577 τοῦ
2853 2512 3161 2591 δευτέρου
3206 2514 3309 2577 καὶ

734 2614 949 2691 τρίτου
995 2613 1346 2692 προεώπου
1392 2613 1694 2693 οὐδεμίαν
1726 2614 2038 2693 ετοιχείου
2083 2612 2416 2693 ἀποβολὴν
2447 2617 2756 2679 ποιοῦειν.
2822 2610 3072 2677 Eadem
3114 2636 3304 2678 voca·

734 2714 891 2779 bula
932 2712 1155 2779 valent
1198 2713 1278 2780 de
1323 2725 1668 2801 augmento
1715 2715 1968 2780 abiecto
2016 2713 2125 2800 (Il.
2171 2713 2281 2779 Pr.
2328 2717 2374 2781 Β
2420 2714 2541 2779 777
2590 2715 2739 2781 (τὰν
2784 2716 2928 2780 κατ’
2971 2715 3307 2798 ἀποβολὴν

735 2824 850 2883 τοῦ
897 2823 957 2899 ἒ,
1014 2818 1065 2882 O
1109 2817 1152 2879 2
1196 2819 1392 2898 δάμεν
1448 2820 1588 2883 κατ’
1643 2818 1974 2899 ἀφαίρεειν
2030 2822 2148 2883 τοῦ
2204 2818 2518 2896 ἄρχοντος
2577 2819 2846 2901 χρόνου,
2904 2819 2957 2882 Θ
3007 2817 3121 2881 161
3169 2820 3307 2884 τίον

736 2922 1014 3001 ἀπέβαλε
1069 2921 1186 2985 τὸν
1243 2921 1385 2985 κατ’
1435 2919 1637 2999 ἀρχὴν
1695 2922 1965 3003 χρόνον,
2034 2921 2085 2985 O
2131 2919 2254 2983 735
2310 2920 2521 3007 φάμεν
2587 2919 2920 3000 ἀποβολὴν
2979 2925 3096 2985 τοῦ
3163 2921 3310 2986 κατ’

736 3023 938 3102 ἀρχὴν
985 3022 1237 3106 πάεχει,
1282 3043 1398 3107 pro
1443 3042 1568 3106 quo
1615 3020 1855 3085 dieitur
1898 3022 1942 3087 Ε
1983 3021 2109 3084 244
2152 3025 2377 3088 παθὼν
2420 3023 2579 3087 κατὰ
2622 3022 2858 3105 ἀρχήν,
2916 3024 2955 3086 Γ
2997 3021 3124 3085 426
3174 3024 3307 3088 ἐνέ-

738 3128 922 3203 λειψε
978 3125 1193 3207 χρόνῳ
1241 3126 1398 3189 κατὰ
1439 3125 1514 3187 τὸ
1570 3123 1830 3209 ἄρχον);
1889 3132 1955 3186 et
2005 3131 2079 3185 ut
2123 3126 2496 3204 προέχεεθαι
2552 3123 2791 3188 dicitur
2841 3128 2904 3208 ἒ,
2961 3123 3056 3187 sic
3110 3123 3310 3188 etiam

739 3226 1123 3290 ἀποπίπτειν
1178 3223 1260 3288 11.
1305 3225 1410 3288 Pr.
1469 3227 1531 3289 Δ
1586 3223 1731 3288 243.
1840 3224 2116 3289 Nomine
2177 3225 2423 3306 αὔξηειε
2494 3249 2612 3314 pro
2688 3234 3034 3311 augmento
3079 3223 3309 3311 'neque

741 3323 1126 3411 Apollonius
1170 3346 1378 3410 neque
1422 3324 1842 3390 Herodianus
1885 3348 2041 3390 usus
2089 3327 2376 3409 videtur,
2421 3339 2495 3393 ut
2524 3328 2905 3394 observavit
2935 3326 3311 3392 Skrzeczka

743 3424 848 3488 die
892 3424 1102 3489 Lehre
1147 3425 1260 3490 des
1307 3425 1694 3511 Apollonius
1739 3427 2067 3515 Dyscolus
2112 3451 2260 3494 vom
2305 3429 2625 3511 Verbum,
2677 3430 2763 3492 lr.
2810 3427 2953 3494 Thl.
2995 3452 3059 3516 p.
3089 3430 3152 3508 4,
3202 3430 3309 3517 qui

743 3526 864 3591 hoc
908 3526 1242 3592 intellectu
1277 3527 1726 3593 Herodianum
1770 3530 1991 3596 verbis
2035 3533 2270 3598 κλίνειν
2315 3541 2379 3595 et
2424 3536 2620 3598 κινεῖν
2664 3531 2763 3596 uti
2807 3529 3111 3596 admonet
3155 3531 3309 3596 alla·

744 3629 827 3693 tis
874 3629 952 3693 Il.
997 3629 1103 3691 Pr.
1156 3631 1204 3694 Ν
1248 3630 1374 3695 543
1430 3632 1566 3696 ἐπεὶ
1631 3633 2003 3715 ἀδιαφόρως
2068 3636 2145 3699 τὰ
2210 3634 2339 3699 ἀπὸ
2406 3640 2522 3700 τοῦ
2588 3640 2619 3700 ἑ
2685 3634 3008 3714 ἀρχόμενα
3065 3634 3310 3714 ῥήματα

745 3732 929 3797 εἴωθε
960 3733 1267 3798 κλίνεεθαι
1299 3736 1399 3799 καὶ
1429 3735 1532 3799 διὰ
1574 3739 1684 3814 τῆς
1718 3742 1770 3801 ε“ι
1815 3738 2172 3818 διφθόγγου
2203 3737 2343 3802 κατ’
2376 3735 2578 3816 ἀρχὴν
2610 3738 2710 3802 καὶ
2740 3737 2844 3801 διὰ
2873 3741 2990 3801 τοῦ
3018 3741 3059 3814 ἦ
3090 3747 3152 3800 et
3176 3738 3240 3802 Δ
3270 3736 3310 3799 3

745 3836 820 3900 τὸ
865 3837 978 3914 μὲν
1024 3833 1475 3902 ἀποκόλουθον
1520 3838 1745 3918 κίνημα
1788 3838 1920 3904 ἀπὸ
1964 3844 2080 3903 τοῦ
2125 3838 2285 3916 οἴγω
2332 3840 2498 3923 ᾦγεν
2543 3839 2701 3903 κατὰ
2745 3839 3184 3917 παρατατικόν.
3228 3872 3312 3886 --

745 3935 893 4001 Vox
937 3935 1238 4016 ἀποκοπή
1284 3958 1614 4023 nunquam
1659 3940 1742 4004 ab
1786 3937 2164 4003 Herodiano
2210 3940 2294 4004 ad
2340 3938 2597 4025 ellipsin
2648 3939 2716 4002 in
2758 3939 3078 4025 principio
3121 3961 3310 4004 voca-

742 4036 878 4102 buli
911 4037 1406 4121 significandam
1450 4039 1747 4106 adhibita
1776 4051 1877 4105 est
1905 4051 2196 4129 etxquum
2238 4041 2305 4105 in
2334 4040 2680 4127 Excerptis
2711 4039 3309 4126 grammaticalibus

742 4140 811 4201 in
864 4139 1116 4204 Anecd.
1175 4139 1301 4205 Ox.
1355 4140 1453 4205 IV
1509 4143 1623 4206 171
1694 4143 1761 4207 ἐκ
1820 4148 1937 4208 τοῦ
2003 4146 2161 4224 φημί
2224 4143 2523 4228 ἀποκοπῇ
2585 4148 2702 4208 τοῦ
2768 4148 2818 4225 ᾧ
2884 4145 3121 4219 γίνεται
3184 4143 3309 4224 ἠμί,

745 4240 992 4305 dictum
1037 4241 1146 4322 sit,
1195 4240 1713 4326 Choeroboscus‚
1758 4242 1931 4310 unde
1973 4243 2135 4309 haec
2179 4254 2488 4330 excerpta
2526 4253 2698 4327 sunt,
2742 4244 2889 4325 495,
2935 4245 2976 4308 9
3007 4266 3091 4309 ex
3133 4265 3311 4309 more

747 4338 1106 4409 Herodiani
1150 4344 1410 4430 scripsit
1454 4347 1521 4411 ἐκ
1565 4351 1680 4412 τοῦ
1726 4347 1883 4428 φημί
1925 4349 2154 4423 γέγονε
2197 4348 2354 4412 κατὰ
2398 4347 2729 4429 ἀποβολὴν
2773 4351 2890 4412 τοῦ
2934 4352 3003 4427 ᾧ.

912 4445 1016 4509 De
1059 4443 1569 4532 reduplicatione
1625 4458 1689 4513 et
1742 4448 1962 4514 verbis
2021 4450 2442 4516 διπλαειάζειν
2498 4449 2580 4531 (Ο
2623 4448 2706 4512 26
2764 4454 3114 4514 πεπιθοῦεα
3168 4448 3307 4514 δεύ-

744 4569 930 4627 τεροε
985 4547 1276 4628 ἀόριετοε
1332 4552 1982 4637 δεδιπλαειαεμένοε),
2028 4562 2093 4616 et
2135 4551 2681 4618 ἀναδιπλαειάζειν
2737 4550 2846 4637 (Ε.
2890 4550 2982 4613 Μ.
3027 4550 3184 4630 501,
3229 4549 3308 4612 26
3395 4552 3399 4557 ’

746 4652 824 4715 τὰ
848 4649 977 4716 ἀπὸ
1003 4654 1120 4716 τοῦ
1145 4654 1222 4715 κτ
1245 4650 1364 4716 οὐκ
1399 4650 2064 4736 ἀναδιπλαειάζονται)
2096 4664 2162 4718 et
2185 4652 2550 4717 nominibus
2578 4653 3022 4732 διπλαειαεμόε
3058 4651 3305 4733 (Dichr.

746 4752 899 4831 298,
949 4752 1027 4816 15
1070 4755 1146 4817 τὸ
1191 4754 1383 4832 κηκίω
1428 4752 1495 4817 ἐκ
1539 4757 2019 4836 διπλαειαεμοῦ)
2064 4764 2129 4818 et
2172 4755 2740 4836 ἀναδιπλαειαεμόε
2785 4754 2893 4839 (Ε.
2935 4753 3024 4817 Μ.
3071 4753 3227 4834 372,
3269 4751 3305 4814 8

750 4854 940 4918 δαίεω
986 4855 1214 4921 δαίεκω
1259 4856 1360 4919 καὶ
1402 4856 1560 4921 κατὰ
1604 4856 2180 4938 ἀναδιπλαειαεμὸν
2212 4857 2530 4937 διδαίεκω)
2574 4855 2778 4921 utitur
2816 4856 2910 4921 ita
2963 4865 3038 4920 ut
3080 4854 3305 4920 eodem
