3664 5546
639 309 765 373 302
1577 310 1659 363 ΕΚ
1696 309 1837 363 ΤΩΝ
1881 309 2289 364 ΗΡΩΔΙΑΝΟΥ

806 479 901 543 Τὰ
946 479 1050 543 διὰ
1094 483 1211 542 τοῦ
1255 483 1363 542 6OE
1406 479 1640 561 μάκρά,
1686 476 1804 543 ὅςὰ
1849 472 1980 542 ἀπὸ
2013 482 2211 556 ψιλοῦ
2256 480 2606 559 ςυμφώνου
2652 478 2990 563 ἄρχονται,
3037 483 3231 561 βαρύ-

637 601 841 662 νεται,
896 581 1087 644 ποία
1138 580 1177 656 ἡ
1237 580 1504 662 βοτάνη,
1562 580 1802 657 Τροία
1856 580 1988 644 ἀπὸ
2033 580 2256 657 Τρωός
2311 582 2469 644 κατὰ
2515 582 2840 646 Βοιωτοὺς
2896 585 2935 660 ἢ
2981 587 3229 661 μᾶλλον

639 682 730 745 ὡς
776 681 1182 744 Βοιωτιακὸν.
1270 672 1420 744 ἀπὸ’
1454 682 1578 757 γὰρ
1623 681 1807 758 Τρώς
1879 680 2100 758 Τρωός
2144 681 2392 760 Τρώῖος
2449 684 2550 746 καὶ
2593 683 2808 761 Τρωῖα
2851 683 3089 761 Τροία
3135 685 3227 748 ὥς

638 783 977 862 Ἀχελώϊος
1023 782 1365 868 Ἀχελοῑος.
1455 782 1569 845 εἰςὶ
1613 784 1684 844 δὲ
1728 782 1830 844 καὶ
1875 780 2063 844 ἄλλαι
2107 781 2346 859 Τροῑαι.
2436 783 2507 847 ἐν
2553 784 2792 868 Ἀττικῇ
2838 785 3046 867 κώμη,
3090 785 3223 863 ἥτις

576 897 608 945 5
638 887 757 948 νῦν
803 883 1060 959 Ξυπετή
1117 886 1315 961 δῆμος
1373 886 1672 946 καλεῖται.
1760 882 1885 946 ἔςτι
1915 884 2044 955 ,καὶ
2098 883 2285 948 πόλις
2341 884 2411 948 ἐν
2462 884 2716 969 Κεςτρίᾳ
2773 890 2884 964 τῆς
2931 886 3219 951 Χαονίας.

637 985 762 1048 ἔςτι
808 986 909 1047 καὶ
954 983 1275 1058 Αἰγύπτου
1320 983 1523 1046 πόλις.
1569 983 1696 1047 ἔςτι
1741 984 1847 1046 καὶ
1890 983 2088 1061 Τροία
2150 986 2315 1062 πρὸς
2358 992 2451 1068 τῷ
2496 987 2707 1070 Ἁδρίᾳ
2751 990 2864 1064 τῆς
2911 988 3220 1068 Βενετίας,

636 1088 738 1150 καὶ
783 1085 945 1162 ἄλλη
990 1084 1295 1149 Λατίνων.
1385 1084 1558 1148 κοία
1603 1085 1640 1162 ἡ
1689 1088 1956 1166 ςφαῑρα,
2016 1087 2053 1163 ἡ
2112 1089 2323 1165 χρῆςις
2375 1088 2550 1164 παρὰ
2596 1079 2949 1173 Ἀντιμάχῳ
3007 1090 3219 1153 «κοίας

636 1187 705 1250 ἐκ
747 1191 980 1264 χειρῶν
1026 1187 1339 1249 ςκόπελον
1383 1186 1540 1264 μετὰ
1587 1185 2054 1263 ῥιπτάζουςιν».
2130 1186 2258 1250 ἔςτι
2301 1189 2404 1250 καὶ
2453 1188 2635 1252 Κοία
2686 1190 2790 1268 μία
2838 1190 3217 1269 Ἀμαζόνων.

637 1288 808 1351 οὕτω
863 1289 964 1350 καὶ
1021 1286 1163 1351 Οἴα
1216 1289 1255 1365 ἡ
1311 1288 1504 1365 κώμη.
1604 1288 1680 1351 τὸ
1738 1288 1955 1365 μέντοι
2011 1287 2273 1370 χροιά,
2332 1290 2554 1353 ςτοιά
2608 1289 2913 1366 ὀξύνεται.
3011 1293 3087 1356 τὸ
3143 1293 3215 1355 δὲ

540 1402 602 1452 10
638 1388 909 1452 (τοῖαι
955 1389 1141 1453 πόλις
1184 1387 1445 1470 Λιβύης,
1494 1389 1583 1452 ὡς
1628 1388 1953 1452 Ἑκαταῖος
1996 1390 2356 1466 περιηγήςει
2404 1390 2598 1466 αὐτῆς
2612 1439 2630 1472 ,
2678 1393 3030 1471 βαρύνεται.

802 1515 840 1549 ιε
890 1489 983 1553 Τὰ
1039 1489 1127 1552 εἰς
1183 1492 1288 1551 ὃίἇ
1347 1490 1855 1568 ὑπερδιςύλλαβα
1912 1489 2142 1553 ςπάνια
2206 1488 2366 1553 ὄντα
2429 1492 3017 1573 προπαροξύνεται,
3073 1492 3217 1558 οἷον

624 1590 949 1673 ἄγνοια,
995 1590 1352 1667 πρόνοια.
3092 1630 3103 1639 .

651 1745 698 1764 χ
804 1692 899 1755 Τὰ
953 1691 1041 1755 εἰς
1095 1695 1137 1754 ἃ
1192 1693 1754 1771 μακροκατάληκτα
1811 1693 2149 1771 βαρύνεται
2208 1692 2668 1770 παραλήγοντα
2735 1701 2828 1777 τῷ
2893 1696 2963 1777 ὗ,
3028 1693 3217 1760 ὀξύα

635 1793 812 1857 εἶδος
856 1793 1083 1874 ξύλου,
1130 1793 1403 1871 καρύα·
1449 1794 1578 1863 ἔςτι
1622 1794 1724 1857 καὶ
1766 1794 2006 1872 χωρίον
2049 1797 2161 1869 τῆς
2191 1793 2555 1870 Λακωνικῆς
2603 1795 2876 1872 Καρύα.
2924 1796 3213 1884 Θεόπομ-

536 1909 598 1959 15
636 1905 769 1958 πος
811 1894 919 1958 νε’.
1005 1895 1263 1958 κωδύα
1326 1895 1365 1973 ἡ
1421 1898 1532 1972 τῆς
1598 1896 1893 1973 μήκωνος
1951 1896 2216 1974 κεφαλή.
2313 1895 2591 1958 Δατύα
2657 1895 2859 1960 πόλις.
2959 1897 3214 1978 οἰςύα,

636 1995 840 2076 ἰξύα,
896 1995 1168 2078 ςιπύα,
1228 1996 1479 2077 ςικύα,
1536 1997 2019 2088 μελανδρύα,
2076 1996 2303 2075 ἀφύα.
2395 1997 2721 2075 Μαρςύα
2772 1998 2958 2062 πόλις
3009 1998 3219 2062 Φοινί-

636 2235 804 2284 habet
842 2240 897 2285 et
935 2231 1092 2297 χροιά
1128 2230 1265 2296 χροά
1310 2239 1366 2283 et
1401 2231 1556 2284 ςτοιά
1592 2230 1753 2295 ςτοά,
1801 2249 2129 2297 quamquam
2170 2234 2476 2283 Herodiani
2527 2235 2862 2283 sententiam
2907 2250 3015 2283 non
3062 2250 3218 2284 aecu-

635 2308 754 2351 rate
805 2302 1062 2367 exprimit
1108 2300 1243 2351 ςτοά
1291 2317 1354 2350 ex
1403 2299 1558 2351 ςτοιά
1605 2302 1791 2365 ellipsi
1846 2308 2034 2350 natum
2088 2302 2446 2351 contendens.
2519 2303 2659 2351 Nam
2707 2304 2752 2351 si
2788 2303 3010 2352 Arcadii
3047 2302 3218 2353 locum

636 2386 756 2419 cum
795 2372 892 2433 Bp.
934 2370 1025 2419 Cr.
1061 2370 1088 2418 Ι
1125 2372 1240 2430 367,
1284 2372 1345 2419 13
1381 2396 1447 2404 -
1482 2369 1552 2418 τὸ
1589 2367 1724 2418 ςτοά
1760 2367 1864 2431 οὐχ
1911 2368 2083 2430 ὑγιῶς
2129 2367 2241 2432 ἔχει
2287 2369 2356 2420 τὸ
2395 2371 2449 2418 ῖ·
2497 2368 2532 2431 ἢ
2578 2368 2683 2432 γὰρ
2720 2367 2946 2432 Δώριόν
2991 2367 3138 2419 ἐςτιν
3182 2370 3218 2432 ἢ

635 2434 880 2488 ἐλλείπει
916 2436 986 2487 τὸ
1024 2439 1078 2485 ῖ-
1127 2436 1216 2487 καί
1254 2436 1449 2499 δῆλον·
1495 2435 1564 2485 τὸ
1601 2434 1707 2499 γὰρ
1752 2433 2072 2499 περίςτοιον
2117 2435 2186 2485 τὸ
2224 2439 2257 2487 T
2295 2436 2406 2499 ἔχει
2452 2464 2517 2472 ———
2562 2452 2871 2502 compat-ee,
2920 2438 3057 2486 haee
3102 2439 3220 2488 eius

635 2506 700 2554 de
726 2503 862 2555 ςτοά
887 2512 946 2554 et
970 2502 1124 2555 ςτοιά
1151 2505 1335 2569 opinio
1375 2505 1551 2553 fuisse
1591 2506 1826 2564 videtur,
1866 2511 1927 2553 ut
1956 2505 2334 2561 arbitraretur,
2379 2505 2510 2553 licet
2536 2502 2670 2555 ςτοά
2695 2521 2760 2554 ex
2788 2502 2941 2554 ςτοιά
2977 2522 3074 2567 per
3098 2505 3216 2555 elli-

636 2575 758 2636 psin
795 2581 971 2623 ortum
1011 2574 1101 2633 sit,
1140 2578 1320 2621 tamen
1360 2587 1522 2635 quum
1559 2569 1730 2631 ςτοιά,
1770 2572 1817 2619 si
1854 2586 2008 2619 usum
2045 2577 2280 2635 spectes,
2320 2573 2579 2621 Doricum
2616 2573 2714 2632 sit,
2754 2572 2890 2620 illud
2928 2570 3062 2622 ςτοά
3093 2588 3220 2622 con—

634 2646 874 2698 suetum,
923 2637 1076 2689 ςτοιά
1123 2655 1188 2688 ex
1234 2637 1369 2689 ςτοά
1424 2655 1523 2703 per
1568 2639 1942 2701 pleonasmum
1988 2645 2179 2690 natum
2221 2639 2522 2703 putandum
2570 2655 2708 2689 esse.
2791 2640 2911 2688 Non
2959 2641 3027 2688 ab
3075 2641 3218 2688 omni

634 2713 791 2771 parte
831 2708 1215 2756 Herodianeus
1252 2712 1338 2756 est
1375 2722 1552 2755 canon
1588 2707 1651 2754 E.
1688 2706 1762 2757 Μ.
1801 2709 1918 2767 704,
1957 2707 2049 2770 57,
2090 2708 2191 2769 Ep.
2221 2708 2278 2755 in
2317 2699 2516 2757 Psalm.
2552 2709 2635 2767 93,
2674 2708 2738 2755 27
2776 2704 2922 2768 ῥοιά;
2962 2706 3033 2757 τὰ
3071 2704 3148 2757 εἰς
3184 2709 3219 2757 ἃ

634 2772 884 2838 λήγοντα
921 2772 1162 2839 θηλυκά,
1215 2771 1263 2823 εἰ
1312 2772 1413 2836 μὲν
1449 2777 1533 2838 τῷ
1570 2776 1603 2824 ὅ
1642 2772 2054 2836 παραλήγεται,
2103 2775 2476 2836 παροξύνεται
2523 2771 2646 2824 οἷον
2693 2772 2858 2837 χρόα,
2905 2773 3038 2837 ῥόα,
3089 2775 3217 2825 πόα.

634 2840 682 2892 εἰ
735 2841 794 2892 δὲ
849 2845 919 2908 τῇ
958 2845 1009 2894 ffi
1045 2841 1364 2905 διφθόγγῳ,
1415 2840 1672 2892 ὀξύνεται
1719 2838 1845 2891 οἷον
1892 2839 2074 2903 χροιά,
2122 2839 2270 2904 ῥοιά,
2320 2839 2467 2892 ποιά.
2523 2869 2585 2878 -
2640 2843 2858 2905 Optime
2914 2843 3218 2892 Herodiani

632 2918 983 2975 praeceptum
1032 2910 1277 2959 servavit
1315 2911 1378 2957 E.
1415 2911 1487 2958 M.
1527 2912 1643 2972 770,
1679 2910 1733 2957 8:
1772 2907 1843 2958 τὰ
1879 2907 1969 2958 διὰ.
2001 2910 2104 2958 τοῦ
2143 2912 2233 2958 δῖα
2270 2907 2485 2972 θηλυκὰ
2530 2908 2828 2971 διςύλλαβα
2876 2910 3219 2973 μακροκατά-

633 2978 812 3042 ληκτα
859 2976 946 3028 διὰ
991 2979 1093 3040 τῆς
1128 2979 1181 3026 ὃῖ
1225 2974 1535 3038 διφθόγγου
1581 2973 1858 3039 γράφεται
1902 2976 1992 3025 καὶ
2041 2975 2339 3039 βαρύνεται
2396 2977 2486 3026 καὶ
2532 2976 2816 3039 ὀξύνεται,
2865 2974 3025 3039 ποία,
3074 2976 3215 3041 κοία,

633 3043 789 3095 ςτοιά
827 3045 930 3105 (sic
967 3061 1063 3108 pro
1100 3041 1234 3094 ποιά
1273 3044 1616 3093 scribendum
1655 3045 1762 3104 est)
1800 3042 1925 3106 ῥοιά
1962 3042 2132 3106 χροιά.
2332 3044 2365 3093 l.
2402 3047 2433 3093 2
2471 3042 2642 3107 Τροία
2678 3044 2895 3108 explevi
2932 3060 2997 3092 ex
3037 3044 3115 3093 St.
3154 3048 3216 3095 B.

633 3116 758 3173 638,
811 3116 900 3173 13,
956 3112 1051 3162 ubi
1099 3108 1271 3174 Τροία
1316 3109 1432 3160 ἀπὸ
1478 3109 1675 3173 Τρωός
1720 3110 1864 3160 κατὰ
1911 3109 2195 3162 Βοιωτοὺς
2241 3110 2276 3173 ἢ
2324 3112 2537 3173 μᾶλλον
2594 3109 2673 3161 ὡς
2720 3109 3091 3174 Βοιωτιακὸν,
3138 3111 3217 3162 ὡς

634 3177 991 3242 Ἡρωδιανὸς.
1047 3179 1290 3227 Meinek.
1329 3178 1399 3226 ad
1437 3178 1487 3227 h.
1528 3181 1558 3230 Ι,
1599 3184 1856 3227 annotat:
1894 3190 1926 3226 ‹<
1940 3180 2140 3228 Troiae
2187 3196 2382 3227 nomen
2422 3179 2489 3228 ad
2529 3177 2691 3242 Τρώς
2739 3186 3052 3228 revocatum
3098 3195 3218 3244 pro-

633 3251 750 3311 prie
799 3262 920 3295 esse
968 3245 1208 3295 debebat
1242 3244 1426 3309 Τρῴα.
1513 3248 1801 3296 Boeotium
1849 3251 2034 3295 autern
2083 3255 2167 3295 est
2204 3247 2255 3295 ὂῑ
2302 3247 2483 3296 dicere
2531 3262 2628 3309 pro
2667 3248 2743 3311 ᾧ,
2789 3251 2851 3295 ut
2898 3247 2951 3294 in
2998 3246 3217 3308 γελοῖος

632 3311 840 3364 αἰδοῖος
879 3313 1131 3375 aliisque.
1205 3313 1330 3361 hinc
1369 3319 1455 3361 est.
1500 3313 1643 3378 quod
1680 3310 1853 3376 Τροία
1892 3312 2200 3363 Βοιωτικὸν
2248 3313 2429 3375 ὄνομα
2475 3314 2679 3362 dicitur
2723 3314 2887 3362 etiam
2933 3315 3003 3363 ab
3042 3316 3107 3362 Ε.
3143 3317 3213 3367 M.

632 3385 749 3441 770,
791 3384 870 3429 14.
941 3381 1258 3429 Herodiano
1305 3386 1499 3430 contra.
1535 3377 1708 3443 Τροία
1743 3382 1996 3434 Ionicum
2036 3381 2209 3431 fuisse
2248 3381 2493 3430 videtur:
2542 3382 2575 3443 ἢ
2615 3382 2855 3443 μᾶλλον,
2896 3379 2974 3430 ὡς
3012 3380 3218 3443 κλοιὸς,
3267 3405 3277 3412 ·

635 3446 835 3509 Ἰακόν,
884 3448 966 3526 ἰιιι
1010 3449 1153 3496 enim
1194 3449 1306 3497 fere
1345 3450 1756 3512 corruptissima
1792 3450 1965 3498 verba
2013 3446 2091 3496 ὡς
2130 3447 2502 3510 Βοιωτιακὸν,
2552 3465 2692 3512 quae
2729 3450 2779 3498 V
2824 3449 3057 3511 omittit,
3104 3464 3219 3497 cor—

631 3515 1501 3639 {fitffdioss‘ssisst'ssifuffussffiffi
1504 3515 2554 3647 {12853333535333315⁰33&ssss
2561 3514 3220 3647 ‘vss‘ssi‘iess‘tssfflsssissss‘fss.

632 3650 946 3709 Sed,verba
981 3650 1112 3699 mihi
1150 3666 1285 3700 sana
1323 3651 1580 3701 videntur
1615 3659 1781 3714 atque
1820 3649 1900 3699 ώς
1927 3648 2275 3700 Βοιωτιακὸν
2313 3652 2427 3716 ipse
2451 3651 2800 3700 Herodianus
2826 3652 3218 3715 pronunciasse

629 3717 876 3779 videtur,
923 3722 985 3766 ut
1022 3717 1315 3767 dictionem
1364 3717 1506 3769 κατὰ
1544 3716 1828 3774 Βοιωτοὺς
1874 3732 1983 3766 non
2032 3720 2249 3767 omnino
2296 3723 2504 3767 rectam
2551 3721 2862 3783 corrigeret.
2935 3719 3027 3767 Sic
3068 3714 3219 3769 ‘enim

630 3800 751 3834 eum
788 3784 1044 3834 docuisse
1070 3787 1297 3850 'opinort
1337 3787 1569 3835 mutatio
1607 3785 1935 3850 diphthongi
1973 3788 2018 3850 ᾦ
2058 3786 2113 3833 in
2150 3789 2200 3834 δί
2237 3787 2501 3835 Boeotiea
2540 3792 2651 3848 est,
2698 3786 2796 3837 sed
2832 3788 3068 3835 mutatio
3106 3787 3213 3835 dis-

628 3869 924 3918 solutorum
962 3873 1033 3919 ωἷ
1068 3870 1125 3919 in
1162 3873 1211 3919 ὸι
1249 3886 1354 3919 non
1392 3870 1610 3933 proprie
1648 3869 1914 3918 Boeotiea
1962 3870 2070 3918 diei
2107 3874 2319 3933 potest,
2360 3871 2457 3918 sed
2507 3872 2664 3933 quasi
2706 3869 2796 3919 vel
2833 3868 3220 3918 Pseudoboeo—

629 3938 759 3985 tica.
807 3938 985 4002 Atque
1014 3939 1150 3986 haec
1175 3941 1452 3986 sententia
1491 3937 1659 3984 etiam
1698 3953 1765 3985 ex
1789 3937 1852 3985 Ε.
1880 3938 1952 3986 Μ.
1979 3938 2186 3998 verbis,
2226 3952 2367 4000 quae
2393 3939 2448 3986 in
2475 3942 2626 3985 textu
2654 3937 2857 3998 adieci,
2900 3937 3113 4004 elucetg
3151 3934 3215 3985 ἐκ

627 4006 730 4053 τοῦ
770 4003 961 4066 Τρωῖα
999 4002 1171 4067 Τροία
1217 4003 1295 4052 ὡς
1337 4002 1634 4065 Ἀχελώϊος
1675 4002 1953 4065 Ἀχελοῑος
2000 4005 2072 4052 cf.
2120 4004 2218 4068 Ep.
2267 4007 2353 4053 Cr.
2390 4005 2416 4052 1
2450 4008 2577 4066 407,
2615 4007 2705 4055 3·2;
2760 4003 2977 4067 Τρώϊος
3024 4002 3218 4066 Τρωῑα

632 4071 888 4122 Ἰωνικῶς
928 4071 1119 4136 Τρωῒη
1165 4072 1255 4121 καὶ
1302 4072 1537 4135 ςυςτολῇ
1587 4074 1848 4135 ποιητικῇ
1886 4074 1989 4120 τοῦ
2028 4073 2077 4120 ’ὦ
2115 4069 2261 4120 εἰςό
2297 4071 2384 4121 διὰ
2420 4071 2489 4120 τὸ
2528 4070 2733 4134 μέτρον
2778 4071 2868 4121 καὶ
2914 4069 3218 4133 ςυναιρέςει

630 4137 802 4203 Τροίη
841 4140 931 4189 καὶ
968 4137 1155 4202 Τροία.
1227 4140 1309 4187 Ad
1348 4136 1470 4188 κοία
1521 4154 1732 4187 versum
1770 4140 2085 4188 Antimachi
2122 4140 2303 4188 adieci
2343 4156 2409 4188 ex
2446 4140 2510 4187 E.
2547 4142 2622 4189 Μ.
2662 4141 2773 4201 (Cr.
2810 4139 2911 4203 Ep.
2949 4141 2974 4188 Ι
3007 4141 3124 4193 401,
3168 4141 3216 4201 1,

629 4210 727 4255 An.
767 4209 868 4256 Ox.
909 4208 962 4256 11
1001 4210 1127 4268 329,
1165 4208 1248 4269 9),
1291 4203 1424 4256 Κοία
1459 4207 1735 4270 proprium
1781 4222 1849 4254 ex
1886 4206 1967 4256 St.
2006 4208 2065 4259 Β.
2106 4209 2233 4265 314,
2269 4210 2327 4262 4;
2374 4204 2562 4257 (τοῖαι
2610 4223 2677 4256 ex
2715 4209 2795 4257 St.
2834 4207 2921 4266 B.,
2970 4206 3064 4255 ubi
3110 4205 3213 4254 hoc

630 4279 861 4324 accentu
900 4276 1161 4339 scriptum
1197 4281 1297 4324 est.
1501 4274 1537 4327 l.
1579 4277 1637 4323 11
1685 4274 1828 4322 hunc
1865 4290 2132 4323 canonem
2169 4275 2290 4337 ipse
2328 4275 2559 4338 apposui
2595 4291 2645 4324 v.
2684 4289 2849 4337 supra
2883 4289 2932 4337 p.
2971 4275 3097 4331 271,
3132 4274 3218 4322 28.

618 4342 809 4391 Aelius
833 4342 1132 4405 Dionysius
1167 4358 1251 4406 ap.
1287 4342 1544 4391 Eustath.
1575 4344 1719 4397 1579,
1745 4344 1810 4390 27
1846 4343 2058 4391 Atticos
2094 4343 2351 4426 antiquos
2387 4342 2534 4391 haee·
2560 4341 2774 4404 syllaba
2810 4348 3053 4390 extrema
3090 4355 3217 4404 pro-

627 4410 793 4457 ducta
831 4410 886 4458 in
923 4409 1262 4474 paenultima
1298 4426 1495 4459 acuere
1535 4410 1692 4457 dicit:
1732 4407 1783 4459 οἱ
1819 4408 1927 4471 γὰρ
1964 4408 2222 4459 παλαιοὶ.
2246 4408 2473 4460 Αττικοὶ
2510 4407 2654 4459 κατὰ
2689 4406 2879 4459 Αἴλιον
2917 4406 3216 4458 Διονύςιον

627 4474 905 4526 ἐξέτεινον
929 4475 1029 4527 τὰς
1053 4479 1175 4525 τῶν
1199 4476 1481 4527 τοιούτων
1506 4474 1808 4537 ὀνομάτων
1836 4478 1866 4526 λ
1908 4476 2128 4540 γούςας,
2155 4475 2241 4525 διὸ
2269 4476 2359 4526 καὶ
2384 4474 2723 4539 παρώξυναν
2748 4473 2908 4526 αὐτά.
2957 4475 2990 4537 ή
3018 4471 3217 4535 ἀγνοία

627 4541 752 4604 γάρ,
779 4542 974 4607 φηςίν,
1013 4544 1213 4605 ἔλεγον
1250 4544 1339 4594 καὶ
1376 4544 1410 4604 ἡ
1451 4541 1674 4594 εὐκλεία
1713 4543 1801 4593 καὶ
1828 4544 1862 4605 ἡ
1915 4543 2064 4607 ερεία
2090 4543 2179 4593 καί
2206 4544 2239 4604 ἡ
2268 4542 2483 4593 διανοία
2509 4544 2600 4593 καὶ
2626 4544 2660 4605 ἡ
2690 4540 2938 4594 ἀναιδεία
2963 4540 3097 4605 φηςί
3123 4541 3215 4591 καὶ

560 4652 568 4666 ,
630 4613 664 4670 ὴ
704 4609 983 4673 παρανοία
1023 4608 1425 4674 Ἀριςτοφάνης
1462 4610 1524 4659 ἐν
1560 4609 1930 4661 Δαιταλεῠςιν
1966 4610 2055 4661 «ὦ
2092 4608 2386 4674 Παρανοία
2423 4610 2512 4661 καὶ
2552 4608 2883 4662 Ἀναιδεία».
3078 4608 3112 4656 1.
3153 4613 3216 4657 14

635 4674 819 4738 Καρύα
855 4679 1129 4741 proprium
1164 4679 1402 4727 accessit
1448 4694 1514 4727 ex
1553 4679 1741 4741 Steph.
1782 4681 1869 4738 B.,
1918 4677 2076 4729 οίςύα
2111 4706 2171 4713 -
2213 4677 2529 4740 μελανδρύα
2578 4695 2643 4726 ex
2683 4679 2928 4742 Theogn.
2969 4678 3090 4738 106,
3131 4678 3213 4740 19,

631 4740 786 4805 ἀφύα
823 4760 889 4792 ex
926 4746 988 4793 Ε.
1026 4745 1100 4794 Μ.
1140 4748 1255 4806 770,
1298 4748 1376 4808 14,
1415 4746 1514 4793 An.
1554 4746 1655 4793 Ox.
1695 4748 1749 4795 11
1785 4750 1902 4808 3:29,
1943 4749 2023 4806 13,
2060 4744 2294 4810 Μαρςύα
2332 4774 2395 4780 —
2433 4744 2674 4797 Μαντύα
2712 4763 2777 4795 ex
2816 4749 2893 4795 St.
2933 4747 2995 4801 B.
