3664 5546
582 275 710 341 406
1195 250 1201 257 ’
1524 272 1607 327 εκ
1643 271 1784 325 mn
1825 268 2235 325 ΗΡΩΔιΑΝοΥ

754 446 937 510 Πᾶςα
980 446 1196 523 γενικὴ
1242 444 1561 524 ὀνόματος
1604 442 1786 521 κοινὴ
1830 438 2080 520 ἀπαθὴς
2125 442 2230 506 ἐπὶ
2271 440 2502 521 ταύτης
2545 445 2656 519 τῆς
2683 444 3000 522 ςυλλαβῆς
3045 442 3180 520 ἔχει

583 549 698 614 τὸν
754 547 984 629 τόνον,
1044 545 1162 626 ἐφ’
1214 544 1291 623 ἦς
1343 546 1445 610 καὶ
1497 545 1538 623 ἡ
1595 544 1841 626 εὐθεῖα,
1898 543 2091 622 χωρὶς
2148 543 2202 607 εἰ
2257 545 2338 623 μὴ
2395 544 2614 622 ἕτερος
2667 542 2862 621 λόγος
2906 544 3178 628 κωλύςῃ,

586 649 1079 728 ὑπεςταλμὲνων
1122 653 1253 712 τῶν
1300 646 1388 711 εἰς
1433 649 1518 710 o—c
1563 645 1959 724 διςυλλάβων
2004 650 2307 727 γενικῶν,
2351 644 2687 710 Αἴαντος
2731 645 2802 709 ἐκ
2843 649 2959 709 τοῦ
3004 644 3180 727 Αἴας,

588 752 774 831 λέβης
820 751 1149 830 λέβητος
1192 748 1299 812 ἐπὶ
1339 751 1452 826 τῆς
1495 747 1784 829 πρώτης,
1838 746 2034 825 ταχύς
2078 747 2397 829 ταχέος,
2455 744 2604 811 ὀξύς
2649 734 2879 813 ὀξέος
2923 747 3028 811 ἐπὶ
3067 749 3182 824 τῆς

529 853 925 933 5δευτέρας,
982 848 1304 928 Ἀχιλλεύς
1358 848 1803 931 Ἀχιλλέως,
1862 846 2127 926 εὐγενής
2189 836 2566 924 εὐγενὲος
2626 848 2729 913 ἐπὶ
2784 851 2896 925 τῆς
2951 848 3179 927 τρίτης.

586 955 667 1018 τὰ
721 954 939 1032 μέντοι
993 950 1536 1030 προπαροξύτονα
1588 949 1694 1013 ἐπὶ
1748 952 1860 1027 τῆς
1915 948 2161 1014 εὐθείας
2218 948 2297 1014 οὐ
2353 949 2662 1028 φυλάττει
2725 951 2842 1014 τὸν
2907 950 3182 1032 κανόνα,

589 1054 730 1120 ἐπεὶ
772 1052 1096 1118 ἀδύνατόν
1155 1052 1279 1117 ἐςτι
1334 1052 1464 1130 πρὸ
1519 1050 1663 1134 τῶνζ
1706 1056 1901 1128 τριῶν
1948 1054 2279 1130 ςυλλαβῶν
2325 1055 2591 1130 δοθῆναι
2636 1050 2867 1134 τόνον,
2910 1052 3183 1116 Ἄδωνις

591 1157 1042 1237 Ἀδώνιδος,
1087 1153 1331 1234 φίλημα
1376 1154 1832 1233 φιλήματος.
1922 1152 2014 1217 ἔτι
2056 1153 2146 1216 τὸ-
2177 1152 2464 1231 Ὅμηρος
2508 1153 2878 1235 Ὁμήρου,
2935 1153 3183 1231 ἄνθρω-

591 1278 717 1322 πος
761 1255 1189 1334 ἀνθρώπου
1235 1254 1315 1319 οὐ
1361 1255 1699 1337 φυλάττει,
1755 1253 1924 1318 ἀλλὰ
1967 1254 2362 1334 καταβιβάζει
2405 1256 2521 1319 τὸν
2565 1254 2796 1337 τόνον,
2854 1254 3012 1320 διότι
3068 1275 3184 1334 μα-

495 1364 558 1417 10
594 1361 748 1438 κρᾶς
794 1357 985 1434 οὔςης
1027 1359 1138 1433 τῆς
1180 1356 1495 1434 ληγούςης
1540 1355 1620 1420 οὐ
1665 1355 1930 1420 δύναται
1974 1356 2568 1435 προπαροξύνεςθαι
2616 1357 2810 1439 λέξις,
2856 1356 2909 1420 εἰ
2953 1358 3035 1435 μὴ
3080 1357 3189 1421 ἐπὶ

594 1467 725 1527 τῶν
771 1460 1084 1523 Ἀττικῶν.
1151 1457 1268 1522 τὸν
1314 1456 1436 1535 γὰρ
1481 1463 1612 1522 τῶν
1657 1461 1894 1523 κοινῶν
1942 1456 2209 1522 εὐθειῶν
2253 1444 2458 1523 τόνον
2498 1456 2885 1545 φυλάττουςι
2930 1458 3008 1522 τὰ
3053 1458 3185 1522 Ἀτ-

595 1560 767 1642 τικά,
812 1560 929 1624 κᾶν
974 1559 1133 1624 κατὰ
1176 1557 1435 1637 γενικὴν
1479 1560 1683 1638 μόνην
1727 1559 1986 1637 γένηται
2030 1559 2069 1636 ἡ
2114 1558 2437 1623 ἐπέκταςις
2494 1560 2584 1624 ὡς
2629 1559 2734 1623 ἐπὶ
2772 1563 2889 1624 τοῦ
2933 1560 3187 1625 πόλεως

597 1663 701 1727 καὶ
743 1661 1063 1745 μάντεωςΧ
1111 1660 1187 1724 τὸ
1235 1661 1304 1724 δὲ
1336 1659 1640 1743 Ὅμηροι,
1686 1660 1909 1725 ἄελλαι
1939 1660 2494 1739 προπαροξύνεται
2538 1660 2681 1725 ἀντὶ
2725 1665 2939 1740 κοινῆς
2983 1682 3188 1739 παρα-

599 1762 1082 1842 λαμβανομένης
1136 1763 1248 1838 τῆς
1302 1761 1659 1840 διφθόγγου
1715 1762 1785 1826 ἐν
1840 1761 2008 1826 τέλει
2070 1763 2300 1829 λέξεως
2361 1762 2550 1840 οὔςης
2606 1762 2712 1826 ἐπὶ
2775 1767 2886 1840 τῆς
2942 1763 3188 1829 εὐθείας

505 1872 562 1923 15
598 1867 1021 1943 πληθυντικῆς
1076 1864 1178 1927 καὶ
1232 1865 1551 1943 κλητικῆς,
1607 1863 1677 1927 ἐν
1733 1864 1805 1927 δὲ
1859 1866 1998 1929 ταῖς
2051 1863 2274 1929 ἄλλαις
2333 1863 2638 1929 πτώςεςιν
2685 1863 2780 1927 οὔ.
2870 1864 3042 1928 οὕτω
3086 1866 3192 1929 καὶ

600 1965 704 2029 ἐπὶ
748 1964 966 2029 ἄλλων
1009 1967 1310 2047 πολλῶν,
1353 1962 1729 2047 τύπτονται,
1774 1965 2186 2048 πεποίηνται,
2230 1966 2597 2047 τύπτεςθαι,
2629 1965 2931 2041 λέγεςθαι.
3005 1967 3080 2030 τὸ
3118 1968 3192 2030 δὲ

601 2066 887 2146 μητρός
940 2066 1044 2130 καὶ
1096 2065 1384 2143 ἀνδρός
1439 2067 1543 2129 καὶ
1596 2066 1893 2144 πατρός
1949 2065 2079 2131 ἀπὸ
2134 2070 2252 2131 τοῦ
2321 2066 2589 2145 μητέρος
2643 2068 2748 2131 καὶ
2800 2066 3032 2145 ἀνέρος
3086 2068 3194 2131 καὶ

602 2168 880 2246 πατέρος
926 2167 1181 2244 ἐγένετο
1227 2167 1385 2231 κατὰ
1430 2168 1784 2249 ςυγκοπήν,
1831 2168 1932 2231 διὸ
1980 2166 2096 2232 ούκ
2139 2167 2466 2247 ἐφύλαξαν
2509 2169 2628 2233 τὸν
2673 2169 2869 2232 τόνον
2915 2167 3194 2233 ἀκολου-

602 2270 879 2347 θήςαντα
921 2272 1060 2333 ταῖς
1106 2268 1504 2348 διςυλλάβοις
1548 2271 1842 2344 γενικαῖς.
1915 2271 1989 2333 τό
2038 2270 2108 2333 δὲ
2152 2268 2390 2347 ἀνδρός
2440 2270 2597 2333 κατὰ
2642 2271 2962 2348 ςυγκοπὴν
3007 2271 3195 2347 γενό-

499 2378 568 2430 20
602 2391 799 2451 μενον
857 2370 925 2433 ἐκ
979 2372 1096 2434 τοῦ
1153 2365 1386 2448 ἀνέρος
1444 2367 1508 2435 ἐξ
1565 2368 1845 2449 ἀνάγκης
1901 2370 2247 2436 ἐπλεόναςε
2303 2372 2377 2435 τὸ
2423 2356 2476 2436 δ.
2545 2360 2683 2436 *oenc
2743 2371 3022 2449 ἠδύνατο
3068 2373 3195 2449 γὰρ

604 2471 771 2540 εἶναι
815 2470 1013 2550 ἀνρός
1070 2471 1266 2549 χωρὶς
1308 2474 1426 2535 τοῦ
1472 2457 1539 2553 δ,
1602 2470 1740 2535 ἐπεὶ
1781 2471 1860 2536 τὸ
1916 2475 1956 2538 ν
1999 2474 2127 2551 πρὸ
2172 2477 2289 2537 τοῦ
2335 2478 2373 2550 β
2418 2471 2568 2537 οὔτε
2613 2471 2684 2536 ἐν
2731 2473 3037 2551 ςυλλήψει
3083 2472 3194 2536 δύ-

539 2595 551 2607 ·
603 2594 787 2642 ναται
833 2572 998 2638 εἶναι
1028 2571 1181 2638 οὔτε
1210 2572 1280 2637 ἐν
1314 2572 1638 2637 διαςτάςει.
1711 2572 1822 2637 Καὶ
1862 2574 1939 2637 τὸ
1982 2572 2277 2649 γουνός
2322 2573 2422 2637 καὶ
2468 2573 2755 2651 δουρός
2800 2573 3195 2650 ςυγκοπέντα

606 2676 674 2739 ἐκ
718 2678 834 2740 τοῦ
889 2673 1208 2751 γούνατος
1262 2674 1364 2739 καὶ
1420 2673 1735 2751 δούρατος
1791 2671 2130 2741 ὀξύνονται
2186 2674 2424 2753 ὁμοίως
2466 2680 2559 2759 τῷ
2603 2674 2875 2757 πατρός,
2935 2674 3194 2757 μητρός,

604 2761 859 2856 ἀνδρός.
947 2776 1038 2841 Τὸ
1097 2777 1169 2841 δὲ
1222 2776 1456 2858 κρέως,
1510 2776 1756 2858 γήρως,
1811 2777 2014 2854 κέρως
2067 2779 2234 2843 τινες
2278 2776 2529 2843 ὀξύνειν
2576 2778 2828 2843 θέλουςι
2874 2779 3195 2862 λέγοντες,

502 2888 569 2940 25
606 2879 705 2945 ὅτι
749 2878 881 2944 ἀπὸ
926 2881 1042 2942 τοῦ
1086 2877 1353 2956 κρέατος
1395 2877 1497 2942 καὶ
1540 2878 1816 2955 γήρα-τος
1861 2879 1966 2942 καὶ
2005 2878 2272 2957 κέρατος
2317 2879 2622 2956 ἐγένοντο
2667 2878 2828 2943 κατὰ
2872 2880 3194 2957 ςυγκοπὴν

604 2986 723 3046 τοῦ
768 2982 810 3044 ἃ
853 2980 957 3044 καὶ
997 2983 1034 3044 ἰ
1088 2979 1273 3057 κρεός
1327 2979 1429 3043 καὶ
1481 2977 1678 3057 γηρός
1723 2980 1825 3043 καὶ
1867 2980 2052 3058 κερός
2096 2980 2201 3044 διὰ
2244 2984 2368 3045 τοῦ,
2418 2983 2459 3043 ὅ
2502 2978 2826 3046 ὀξυτόνως
2881 2987 2973 3062 τῷ
3019 2980 3196 3064 λόγῳ

606 3086 736 3147 τῶν
792 3080 880 3146 εἰς
925 3082 1012 3143 “ο“ς
1067 3080 1461 3160 διςυλλάβων
1516 3085 1788 3154 γενικῶν
1847 3077 1992 3146 οἷον
2052 3082 2325 3164 πατρός,
2392 3080 2625 3160 μητρός
2679 3083 2783 3145 καὶ
2837 3083 3067 3146 λοιπὸν
3133 3081 3199 3146 οἱ

606 3183 931 3260 Ἀθηναῖοι
975 3180 1363 3247 ἐκτείνοντες
1404 3183 1479 3246 τὸ
1527 3185 1565 3245 ὅ
1611 3183 1698 3247 εἰς
1744 3185 1800 3247 ὦ
1844 3183 2170 3262 ἐφύλαξαν
2199 3184 2316 3261 τὴν
2348 3181 2562 3248 ὀξεῖαν
2604 3182 2782 3247 τάςιν
2815 3181 2960 3247 οἷον
2997 3184 3201 3261 κρεώς

608 3283 823 3361 γηρώς
867 3284 1086 3361 κερώς.
1152 3282 1320 3346 ἀλλὰ
1361 3286 1559 3347 ταῦτα
1605 3285 2076 3364 βαρυτονητέον
2121 3291 2212 3368 τῷ
2257 3283 2432 3368 λόγῳ
2477 3287 2587 3362 τῆς
2632 3284 3044 3362 ςυναιρέςεως
3088 3288 3202 3362 τῆς

508 3394 576 3447 30
608 3384 961 3462 γενομένης
1014 3382 1149 3448 ἀπὸ
1203 3383 1410 3450 ὀξείας
1464 3387 1567 3450 καὶ
1631 3387 1751 3451 δύο
1810 3390 2082 3466 βαρειῶν
2152 3385 2240 3450 εἰς
2300 3385 2514 3452 ὀξεῖαν
2579 3388 2683 3450 καὶ
2737 3389 2996 3466 βαρεῖαν
3051 3384 3200 3451 οἷον

610 3485 840 3564 κρέαος
883 3485 1118 3567 κρέως,
1173 3486 1415 3563 γήραος
1470 3489 1684 3567 γήρως
1739 3487 1952 3566 ὥςπερ
2001 3487 2451 3565 Δημοςθένεος
2496 3487 2984 3570 Δημοςθένους,
3037 3489 3198 3552 Διο-

611 3588 847 3666 μήδεο(
904 3586 1291 3665 Διομήδους.
1381 3588 1435 3652 εἰ
1501 3591 1573 3654 δὲ
1630 3590 1877 3666 λέγεται
1945 3590 2101 3654 κατὰ
2166 3591 2488 3668 ςυγκοπὴν
2552 3593 2919 3667 γεγενῆςθαι
2985 3589 3055 3654 ἐν
3121 3597 3200 3676 τῇ

749 3824 784 3876 1.
822 3827 1005 3876 1—-19
1054 3841 1193 3891 quae
1233 3841 1342 3876 non
1377 3826 1547 3877 habet
1582 3829 1661 3878 10.
1696 3827 1813 3890 AL,
1861 3826 2133 3879 debentur
2166 3827 2434 3890 Arcadio,
2480 3842 2600 3877 cum
2645 3843 2753 3892 quo
2800 3825 3094 3878 concinunt
3143 3831 3204 3876 et

612 3893 884 3947 Theodos.
923 3894 1104 3944 Bekk.
1143 3896 1246 3945 An.
1287 3896 1445 3956 1002,
1483 3895 1677 3947 Choer.
1716 3896 1863 3945 Dict.
1901 3897 2018 3956 397,
2059 3898 2138 3958 12,
2178 3895 2321 3946 unde
2358 3911 2468 3946 uon
2504 3911 2626 3945 eum
2663 3895 2793 3945 aliis
2829 3892 3090 3944 concludo
3127 3894 3201 3944 ab

611 3961 847 4012 Arcadio
886 3962 1328 4014 Choeroboscum
1367 3963 1700 4028 exscriptum
1738 3978 1887 4024 esse,
1941 3963 2037 4014 sed
2075 3979 2262 4014 omnes
2298 3980 2365 4013 ex
2402 3963 2589 4014 eodem
2629 3963 2784 4013 fonte
2819 3962 3088 4013 hausisse.

592 4030 750 4079 -1.11
789 4028 894 4079 τὸν
930 4028 1036 4094 γὰρ
1071 4030 1195 4079 τῶν
1230 4031 1440 4080 κοινῶν
1478 4044 1540 4066 »-
1580 4028 1838 4094 μάντεως
1875 4032 1907 4080 l.
1949 4034 2010 4081 13
2048 4031 2463 4096 perspicuitatis
2498 4046 2672 4082 causa
2711 4047 2778 4081 ex
2814 4032 2892 4081 10.
2929 4028 3011 4078 Al.
3049 4031 3205 4091 5,1o

612 4097 849 4159 inserui,
886 4098 1092 4147 similia
1128 4097 1337 4148 habent
1371 4098 1642 4149 Theodos.
1681 4104 1738 4149 et
1776 4099 1972 4151 Choer.
2007 4126 2074 4135 -
2109 4098 2143 4148 l.
2185 4102 2247 4149 13
2285 4115 2378 4162 pro
2415 4097 2501 4148 διὸ
2539 4099 2735 4163 scripsi
2768 4098 2837 4149 τὸ
2874 4095 2934 4148 δὲ
2972 4101 3028 4147 et
3064 4096 3205 4147 1.15

614 4181 735 4215 cum
760 4164 1062 4216 Schmidtio
1089 4164 1278 4215 addidi
1302 4166 1681 4231 πληθυντικῆς
1708 4171 1763 4217 et
1789 4183 1886 4231 pro
1911 4164 1971 4216 ἑν
1996 4166 2057 4217 δὲ
2081 4169 2199 4217 τοῖς
2225 4163 2414 4220 ἄλλοι(
2439 4182 2560 4216 eum
2587 4166 2890 4218 Schmidtio
2911 4163 3206 4216 Sedinensi

612 4235 671 4283 in
709 4232 1034 4284 zeitschrift
1072 4232 1160 4283 fiir
1197 4234 1297 4283 das
1334 4234 1419 4298 Gy
1421 4235 1843 4286 mnasialwesen
1883 4235 2009 4284 1861
2047 4251 2098 4300 p.
2136 4237 2232 4285 331
2272 4231 2334 4285 ἐν
2365 4229 2432 4285 δὲ
2467 4237 2587 4285 ταῖς
2623 4233 2817 4285 ἄλλαις
2854 4232 3108 4284 πτώςεςι.

612 4301 650 4351 l.
676 4302 739 4350 16
774 4300 962 4352 verbis
995 4300 1065 4352 τὸ
1105 4299 1166 4351 δὲ
1203 4299 1417 4365 μητρὸς
1453 4308 1557 4353 etc.
1598 4303 1908 4367 praemittit
1942 4302 2214 4352 Arcadius
2250 4297 2572 4366 προςτίθηςι
2608 4301 2669 4352 δὲ
2705 4301 2737 4353 ὁ
2774 4299 3054 4364 τεχνικός,
3093 4299 3204 4364 δτι,

614 4384 757 4433 quae
795 4369 1027 4420 resecui.
1097 4369 1270 4420 verba
1305 4373 1427 4421 ταῖς
1463 4369 1806 4434 διςυλλάβοις
1842 4372 2115 4432 γενικαις,
2155 4386 2295 4435 quae
2333 4371 2472 4424 Lob.
2509 4369 2657 4423 Ε1.Ι
2693 4370 2794 4420 258
2829 4375 2942 4421 not.
2974 4371 3008 4419 4
3055 4370 3206 4420 exci-

615 4435 763 4487 disse
801 4436 970 4499 vidit,
1008 4438 1260 4502 apposui.
1335 4439 1500 4488 verba
1536 4438 1606 4490 τὸ
1642 4438 1703 4490 δὲ
1739 4437 1942 4502 ἀνδρὸς
1989 4437 2132 4490 κατὰ
2167 4437 2457 4502 ςυγκοπὴν
2493 4465 2560 4473 -
2595 4436 2865 4489 διαςτάςει
2903 4453 2969 4488 ex
3005 4433 3208 4488 Choer.

614 4505 731 4562 318,
768 4507 834 4553 24
871 4506 1055 4571 recepi
1102 4510 1325 4570 propter
1360 4507 1507 4556 Mon.
1547 4510 1638 4566 34,
1676 4508 1707 4556 6
1754 4504 1983 4570 ἀνδρός;
2034 4503 2265 4570 οὐδεμία
2301 4505 2493 4568 γενικὴ
2543 4503 2620 4557 εἰς
2656 4519 2751 4568 ρος
2796 4504 3040 4569 λήγουςα
3087 4504 3206 4568 πρὸ

613 4590 717 4638 τοῦ
755 4603 788 4651 ρ
825 4587 937 4651 ἔχει
974 4589 1044 4641 τὸ
1082 4590 1138 4652 δ,
1177 4588 1322 4641 ἀλλὰ
1359 4590 1534 4654 μόνον
1569 4590 1638 4642 τὸ
1675 4589 1896 4655 ἀνδρός.
1952 4589 2134 4642 αἴτιον
2170 4590 2231 4642 δὲ
2267 4588 2336 4641 τὸ
2374 4587 2568 4641 πάθος.
2617 4588 2679 4640 ἐν
2716 4593 2833 4642 τοῖς
2870 4589 2998 4654 περὶ
3035 4589 3203 4641 καθο-

615 4654 922 4720 λικωτέρας
959 4656 1275 4723 προςῳδίας
1312 4656 1541 4723 εἴρηται.
1577 4687 1642 4695 ——
1688 4660 1723 4709 l.
1759 4663 1825 4710 22
1862 4659 2064 4722 γουνός
2110 4665 2168 4709 et
2213 4657 2413 4722 δουρός
2449 4658 2657 4707 inserui
2703 4674 2770 4707 ex
2807 4661 2953 4708 Mon.
2990 4660 3083 4718 34,
3135 4661 3207 4709 20

616 4727 672 4772 et
696 4727 761 4774 32
787 4724 969 4775 collat.
999 4726 1333 4789 choer.3‘16‚
1362 4729 1441 4777 14.
1547 4728 1582 4780 l.
1608 4731 1673 4779 24
1709 4717 2124 4779 annotafionem
2159 4727 2226 4777 de
2253 4726 2533 4791 genetivis
2558 4723 2755 4790 κρέως,
2780 4724 2989 4789 γήρως,
3016 4723 3203 4789 κέρως
