3664 5546
1488 420 1903 529 PRAUEF‘ATIO.
2786 417 2996 467 CCXIX

419 572 802 657 ἀπολαύειν,
859 596 1010 638 nam
1055 572 1468 639 Herodianus
1526 577 1835 656 ἐπαύρηαι
1892 577 1969 640 ΙΙ.
2016 576 2121 640 Pr.
2170 577 2221 640 Ο
2272 577 2346 639 17
2405 598 2519 662 pro
2578 574 2994 640 coniunctivo

419 676 646 742 aoristi
689 674 940 742 habuit.

587 777 696 843 Ad
740 778 1008 865 spiritus
1055 788 1343 844 transeo:
1405 779 1474 845 11
1518 780 1595 844 21
1646 782 1974 847 δαςύνεται
2029 784 2102 848 τὸ
2148 783 2307 848 ἑῶν·
2367 784 2421 846 εἰ
2475 782 2598 861 γὰρ
2644 785 2883 846 δαςεῑαι
2929 782 2992 845 αἱ

420 881 701 962 ἀρκτικαί
755 883 938 964 εἰςιν,
993 884 1096 947 καὶ
1153 882 1370 948 εἴποτε
1435 885 2098 967 μεταςχηματίζονται,
2163 886 2356 950 πάλιν
2413 888 2527 963 τὴν
2585 888 2838 949 δαςεῑαν
2895 884 2999 948 ἐπὶ

419 991 532 1063 τῆς
575 985 774 1065 ἀρχῆς
819 984 1071 1063 ἔχουςιν
1117 984 1263 1050 οἷον
1308 986 1458 1064 ἐ’ρςα
1502 987 1716 1069 ἕερςα,
1764 988 1920 1051 ἕδνα
1965 987 2154 1052 ἔεδνα
2210 997 2310 1050 est
2358 984 2718 1049 Herodiani
2764 984 2840 1048 11.
2888 983 2997 1048 Pr.

424 1089 474 1152 Ν
538 1086 695 1168 543,
763 1086 916 1149 Arc.
971 1086 1119 1168 197,
1175 1086 1275 1152 22.
1384 1088 1604 1152 Etiam
1671 1086 1949 1152 alterum
2017 1087 2098 1152 de
2165 1089 2401 1173 spiritu
2464 1088 2997 1152 adnotamentum

424 1190 455 1253 I
500 1187 655 1253 459:
730 1189 1105 1269 ἐψιόωνται;
1174 1191 1349 1269 παρὰ
1401 1193 1516 1269 τὴν
1561 1191 1784 1274 ἐψίαν,
1849 1192 1887 1270 ἥ
1946 1192 2069 1256 ἐςτι
2123 1192 2226 1255 διὰ
2272 1192 2486 1268 λόγων
2542 1191 2791 1272 παιδιά,
2853 1189 2998 1254 οἷον

426 1292 643 1357 ἐπεςία
694 1313 784 1356 τις
842 1290 1030 1372 οὖςα,
1087 1293 1261 1371 παρὰ
1315 1294 1390 1358 τὸ
1446 1293 1631 1358 ἔπος·
1696 1294 1797 1359 διὸ
1853 1295 1955 1358 καὶ
2012 1297 2337 1372 ψιλοῦται·
2394 1293 2501 1357 ὅτε
2546 1294 2617 1357 δὲ
2670 1293 3000 1358 δαςύνεται

425 1394 565 1459 ἀντὶ
630 1397 748 1459 τοῦ
813 1393 1275 1460 ἀκολουθοῦςιν
1340 1393 1485 1459 coll.
1548 1394 1653 1458 III
1725 1384 1843 1459 118
1910 1396 2261 1476 ἑψιόωντο;
2330 1395 2472 1459 ἀντὶ
2535 1400 2651 1460 τοῦ
2715 1396 3001 1477 ἔπαιζον,

425 1496 640 1561 Φίλων
686 1498 757 1561 δὲ
803 1495 945 1561 ἀντὶ
986 1500 1104 1561 τοῦ
1151 1498 1435 1576 ὡμίλουν
1480 1498 1655 1576 παρὰ
1697 1499 1771 1563 τὸ
1816 1497 2005 1581 ἔπος,
2062 1497 2174 1562 ubi
2234 1518 2363 1560 non
2417 1519 2563 1561 cum
2608 1495 3001 1560 Ruhnkenio

426 1620 543 1684 pro
599 1598 812 1663 Φίλων
869 1595 1235 1684 ponendum
1293 1597 1552 1662 videtur
1606 1600 1911 1679 Φιλητᾶς,
1980 1599 2097 1663 sed
2152 1598 2366 1685 potius
2420 1601 2796 1682 Φιλόξενος,
2853 1619 3000 1661 cum

424 1722 551 1787 quo
595 1699 811 1766 Φίλων
855 1700 1113 1786 saepius
1158 1700 1610 1766 commiscetur
1652 1724 1709 1766 e.
1750 1724 1812 1786 g.
1859 1701 1926 1764 in
1970 1701 2049 1765 E.
2080 1700 2171 1764 M.
2202 1702 2351 1782 477,
2395 1702 2478 1764 56
2523 1701 2589 1764 in
2636 1703 3002 1785 fragmento

425 1800 673 1867 Herod.
743 1804 888 1881 περὶ
950 1808 1206 1886 παθῶν,
1273 1802 1357 1866 ab
1414 1802 1795 1867 Herodiano
1862 1804 2277 1890 repetiverim
2345 1803 2606 1890 saepius
2661 1801 3005 1867 Philoxeni

426 1906 884 1971 auctoritatem
931 1913 1044 1969 aut
1088 1913 1398 1990 sequente
1444 1914 1555 1970 aut
1599 1906 2022 1993 improbante.

595 2008 904 2073 Fortasse
968 2006 1034 2071 in
1108 2006 1426 2093 particula
1490 2007 1900 2089 Catholicae,
1975 2031 2139 2095 quae
2214 2017 2313 2072 est
2385 2011 2528 2088 περὶ
2599 2008 3003 2090 πνευμάτων,

426 2112 622 2176 etiam
676 2109 1038 2195 scripturae
1097 2110 1260 2188 ὅρρα
1312 2132 1429 2195 per
1487 2109 1728 2197 duplex
1786 2115 1865 2190 p‘p‘
1922 2112 2160 2174 mentio
2226 2110 2404 2174 facta
2471 2110 2719 2173 fuerat:
2794 2110 2822 2173 Ι
2882 2109 3006 2174 769

427 2213 581 2292 ὅρρ’
626 2213 996 2290 Ἀταλάντη;
1055 2212 1117 2276 οἱ
1162 2215 1234 2276 δὲ
1279 2212 1724 2293 Ἀριςτάρχειοι
1781 2215 1870 2278 δι’
1915 2214 2138 2291 ἑτέρου
2183 2216 2217 2291 ὃ
2274 2213 2486 2291 ἔχουςι
2544 2214 2656 2277 τὰς
2710 2213 3007 2278 τοιαύτας

425 2316 713 2398 γραφάς,
760 2315 849 2380 ὡς
893 2314 1257 2393 Ἡρακλέων
1303 2317 1490 2394 φηςὶν
1536 2317 1606 2380 ἐν
1651 2324 1726 2401 τῇ
1769 2317 1834 2382 Π
1863 2322 1971 2395 τῆς
2018 2316 2279 2380 Ἰλιάδος
2327 2316 2442 2379 «τό
2487 2315 2568 2393 ῥα
2610 2316 2753 2378 τότι
2782 2316 2849 2379 ἐκ
2895 2334 3004 2393 χη-

428 2422 575 2482 λοῖο
621 2418 880 2497 λαβών»
927 2439 990 2479 v.
1036 2415 1189 2496 228,
1237 2415 1319 2479 ad
1365 2438 1556 2502 quem
1603 2417 1812 2481 locum
1861 2415 2074 2480 Schol.
2120 2418 2178 2480 A
2229 2417 2435 2482 οὕτως
2483 2417 2879 2495 Ἀρίςταρχος
2929 2417 3005 2480 τό

427 2519 511 2598 ῥα
556 2520 647 2583 δι’
690 2519 838 2585 ἑνὸς
891 2520 959 2601 δ,
1005 2539 1155 2581 nam
1211 2516 1680 2591 Heracleonem
1736 2519 1995 2603 saepius
2050 2517 2464 2582 Herodianus
2524 2517 2591 2580 in
2649 2516 2723 2580 11.
2782 2516 2889 2580 Pr.
2936 2517 3005 2579 in

425 2618 621 2686 rebus
667 2619 1027 2706 prosodicis
1071 2618 1321 2684 laudat.

599 2719 977 2788 Catholicae
1043 2743 1149 2809 ap.
1206 2720 1498 2808 Theogn.
1563 2722 1712 2805 161,
1780 2722 1867 2786 24
1930 2725 2005 2790 τὸ
2073 2723 2267 2804 ἐχρῆν
2333 2724 2818 2803 περιςπώμενον
2886 2722 3007 2788 οὐκ

350 2834 360 2842 ’
425 2825 767 2907 ἐπίρρημα,
814 2825 981 2890 ἀλλὰ
1026 2826 1191 2905 ῥῆμα
1235 2827 1394 2890 καθά
1439 2846 1629 2906 φηςιν
1676 2824 1712 2889 ὁ
1757 2827 2044 2904 τεχνικὸς
2077 2828 2145 2891 ἐν
2176 2834 2250 2911 τῇ
2282 2827 2561 2891 καθόλου
2594 2824 3000 2889 meminimus

426 2926 716 3013 legentes
774 2927 840 2990 in
897 2924 1112 2991 Schol.
1171 2925 1240 2990 II
1294 2926 1420 2989 624
1472 2928 1548 2992 τὸ
1604 2932 1763 3006 χρῆν
1832 2928 1997 3007 ῥῆμά
2063 2929 2201 2994 ἐςτι.
2298 2929 2459 3007 παρ’
2515 2928 2673 2992 αὐτὸ
2728 2929 2850 3006 γὰρ
2906 2929 3011 2991 καὶ

427 3030 638 3111 ὄνομα
681 3030 892 3094 πίπτει
936 3031 1012 3095 τὸ
1058 3032 1266 3109 χρῆμα
1310 3028 1399 3094 ὡς
1444 3030 1618 3109 παρὰ
1660 3031 1736 3093 τὸ
1786 3034 1919 3109 δρῶ
1967 3034 2198 3109 δρᾶμα·
2246 3033 2556 3110 ἐπίρρημα
2599 3031 2722 3109 γὰρ
2768 3028 2847 3093 ού
2894 3028 3004 3093 δύ-

428 3153 612 3197 ναται
657 3131 855 3216 εἶναι,
901 3132 998 3196 ὅτι
1043 3132 1237 3196 οὐδὲν
1283 3131 1592 3211 ἐπίρρημα
1648 3133 2078 3212 ςχηματίζεται
2123 3133 2268 3218 (pro
2316 3132 2551 3218 quibus
2608 3131 2767 3210 παρ>
2812 3131 3007 3196 οὐδὲν

427 3234 741 3314 ἐπίρρημα
786 3234 1217 3313 ςχηματίζεται
1260 3234 1468 3314 ὄνομα
1513 3232 1931 3298 scribendum
1975 3233 2340 3298 intellectus
2388 3232 2689 3320 indicat).

598 3334 704 3399 Ad
757 3334 1094 3420 passiones
1152 3333 1662 3419 transgredienti
1725 3337 2006 3400 occurrit
2070 3336 2402 3401 annotatio
2462 3336 2542 3399 de
2609 3334 3008 3422 synaloephe

425 3438 628 3502 ὧλλοι
673 3437 706 3500 Ι
756 3436 914 3501 1081
966 3435 1071 3518 (Ε.
1115 3435 1207 3500 Μ.
1254 3437 1406 3518 821,
1453 3438 1598 3522 39),
1661 3437 1727 3499 in
1784 3460 1913 3523 qua
1968 3435 2072 3501 vel
2119 3438 2442 3503 Zenodoti
2488 3437 2759 3517 mentiO,
2807 3460 3005 3523 quum

427 3538 790 3604 Aristonici
835 3536 915 3601 de
957 3537 1080 3603 hac
1125 3540 1564 3604 contractione
1609 3551 2029 3626 praeceptum
2089 3540 2416 3604 diversum
2473 3541 2590 3616 sit,
2648 3538 3009 3606 Herodiani

423 3641 757 3705 admonet.

601 3742 671 3808 II
721 3742 849 3806 404
903 3743 979 3808 τὸ
1036 3742 1266 3808 ςκιόειν
1323 3743 1464 3808 ἀντὶ
1527 3749 1645 3809 τοῦ
1701 3745 1907 3810 ςκιόεν
1961 3747 2117 3810 κατὰ
2171 3746 2447 3825 Ἰωνικὴν
2504 3746 2837 3824 πρόςθεςιν
2889 3751 3007 3810 τοῦ

424 3850 477 3929 ἰ,
527 3843 583 3907 si
639 3853 900 3931 reputes
959 3842 1297 3930 pleraque,
1354 3867 1521 3930 quae
1576 3845 1662 3909 ad
1717 3846 2094 3911 affectiones
2152 3857 2449 3930 spectant
2505 3847 2680 3932 apud
2725 3847 3008 3911 Choero-

423 3949 730 4027 boscum,
777 3969 860 4010 ex
903 3946 1280 4012 Herodiano
1326 3946 1529 4032 petita
1572 3969 1745 4028 esse,
1803 3971 1931 4012 non
1977 3947 2383 4012 dubitaveris
2429 3947 2513 4011 ad
2560 3949 3007 4012 Herodianum

425 4047 708 4127 referre,
764 4070 960 4134 quum
1008 4047 1241 4113 Choer.
1288 4048 1459 4112 Dict.
1505 4049 1662 4129 378,
1715 4049 1790 4113 16
1844 4053 1921 4115 τὸ
1979 4052 2425 4130 καρχαρόδουν
2482 4052 2583 4115 καὶ
2635 4053 2710 4116 τὸ
2764 4051 3004 4129 τιμήειν

422 4152 562 4217 ἀπὸ
607 4154 724 4215 τοῦ
768 4152 1171 4230 καρχαρόδον
1216 4152 1319 4215 καὶ
1360 4155 1576 4230 τιμῆεν
1620 4152 1914 4228 γεγόναςι
1960 4152 2117 4217 κατὰ
2161 4155 2564 4233 πλεοναςμὸν
2607 4154 2682 4217 τὸ
2730 4154 2843 4231 μὲν
2887 4148 3005 4217 τοῦ

425 4260 505 4336 ῦ,
551 4253 627 4316 τὸ
674 4253 744 4316 δὲ
789 4256 903 4317 τοῦ
949 4256 970 4317 ἰ
1009 4252 1256 4317 doceat.

598 4351 802 4418 Porro
859 4375 1004 4418 cum
1058 4353 1157 4418 IV
1212 4354 1335 4418 317
1393 4355 1810 4435 ἀτυζόμενον;
1869 4356 2102 4423 ἀτύζω·
2160 4357 2333 4434 παρὰ
2384 4357 2501 4435 τὴν
2556 4356 2713 4436 ἄτην
2768 4356 3005 4431 γίνεται

417 4458 633 4550 ῥῆμα*
652 4455 817 4540 ἀτῶ,
863 4455 942 4521 οὗ
998 4459 1388 4536 παραγωγὸν
1447 4456 1620 4521 ἀτύω
1676 4457 1764 4522 ὡς
1821 4455 1957 4522 ὄλω
2014 4458 2189 4522 ὀλύω
2251 4457 2466 4522 ὀλλύω
2523 4458 3006 4538 περιςςεύοντος

413 4562 550 4623 τοῦ
594 4564 629 4624 ζ
672 4557 880 4624 ἀτύζω
937 4559 1026 4624 ὡς
1081 4561 1255 4638 παρὰ
1309 4562 1383 4625 τὸ
1439 4560 1594 4623 ἀτίω
1650 4559 1841 4626 ἀτίζω
1898 4559 2195 4623 conferas
2244 4560 2366 4645 Ep.
2414 4560 2516 4623 Cr.
2565 4558 2598 4621 I
2642 4560 2795 4638 313,
2842 4557 2883 4621 5
2925 4560 3006 4622 τὰ

412 4660 520 4726 εἰς
577 4664 634 4724 ὦ·
690 4662 971 4740 λήγοντα
1026 4661 1271 4740 ῥήματα
1327 4661 1452 4726 εἴτε
1510 4664 1946 4741 βαρυτονεῑται
2003 4661 2126 4724 εἴτε
2170 4667 2589 4742 περιςπᾶται,
2646 4662 2749 4725 διὰ
2804 4664 2920 4724 τοῦ
2966 4662 3006 4725 ὖ

411 4764 918 4843 βραχυνομένου
975 4763 1393 4828 ἐπεκτείνεται
1449 4764 1622 4841 παρὰ
1676 4766 1812 4827 τοῖς
1866 4764 2066 4828 Ἴωςιν
2127 4763 2271 4828 οἷον
2327 4769 2480 4829 κινῶ
2536 4762 2764 4842 κινύω,
2813 4767 3003 4842 φορῶ

408 4863 700 4946 φορύω,
766 4862 892 4946 ἀφ’
960 4863 1038 4931 οὗ
1106 4865 1264 4929 κατὰ
1328 4867 1702 4946 παρένθεςιν
1760 4866 2062 4944 Δωρικήν
2120 4870 2235 4934 τοῦ
2291 4873 2327 4932 ν
2388 4864 2658 4945 φορύνω
2715 4871 2780 4927 et
2832 4861 2914 4926 de
2970 4851 3004 4933 ῗ
