3664 5546
1185 294 1345 349 ΠΕΡΙ
1386 293 1779 349 ΚΑΘΟΛΙΚΗΕ
1814 293 2240 356 ΠΡΟΕΩιΔΙΑ(
2280 295 2355 349 ΙΒ.
2943 297 3071 362 343

643 466 738 531 Τὰ
768 465 857 531 είς
886 468 967 544 ἦ
995 464 1494 545 παραληγόμενα
1523 472 1616 550 τῷ
1660 468 1693 531 ἒ
1723 465 1761 543 ἢ
1795 468 1832 528 ὃ
1865 464 2049 544 κύρια
2078 464 2239 530 ὄντα
2271 465 2638 548 βαρύνεται,
2685 468 3031 548 Βρεμέτη
3050 518 3067 550 ,

477 568 882 647 Ὠκυπέτη,
938 566 1378 647 Δημαρέτη.
1464 567 1814 646 Ταϋγέτη
1871 567 1909 645 ἡ
1966 568 2166 647 μήτηρ
2222 567 2498 646 Εὐρώτα.
2598 568 2701 632 καὶ
2754 568 3066 650 Φανότη

471 669 655 734 πόλις
708 668 998 734 Φωκίδος
1051 670 1089 746 ἢ
1134 670 1237 733 καὶ
1278 668 1597 733 Φανότεια
1650 669 1752 733 καὶ
1794 667 2139 734 Φανοτεύς.
2228 670 2331 734 καὶ
2386 669 2689 734 Θεοδότ
2716 691 2771 748 η.
2860 672 2937 736 τὸ
2993 674 3064 736 δὲ

477 769 783 851 Ἀφεταί
827 770 1014 835 πόλις
1057 772 1168 847 τῆς
1207 770 1586 849 Μαγνηςίας.
1633 769 1983 835 Ἑκαταῖος·
2031 770 2126 835 ὅτι
2172 769 2468 836 ἐντεῦθεν
2501 771 2805 849 δευτέραν
2838 772 3065 853 ἄφεςιν

472 872 511 950 ἡ
558 872 762 950 Ἀργὼ
808 871 1150 949 ἑποιήςατο
1193 872 1233 950 ἢ
1279 871 1376 936 ὅτι
1422 871 1553 936 ἐκεῖ
1603 871 1666 936 οἱ
1710 871 2124 950 Ἀργοναῦται
2179 873 2296 938 τὸν
2341 873 2654 951 Ἡρακλέα
2698 874 3059 939 κατέλιπον.
3095 884 3129 932 5

475 978 668 1039 κεῖται
714 974 771 1037 δ’
814 972 886 1037 ἐν
929 973 1330 1056 Παγαςιτικῷ
1384 972 1622 1056 κόλπῳ.
1666 1008 1753 1020 -
1796 973 1898 1038 καὶ
1943 973 2160 1038 Ἰεταί
2215 974 2538 1054 φρούριον
2585 974 2879 1041 (ικελίας.
2954 975 3061 1040 Φί-

475 1080 679 1141 λιςτος
725 1075 871 1156 ἕκτῃ
899 1108 985 1124 —-
1013 1077 1452 1153 πληθυντικῶς
1499 1074 1761 1150 λέγεται.
1821 1077 1925 1140 καὶ
1967 1077 2042 1140 τὸ
2085 1074 2400 1154 Ξυπετή
2445 1076 2551 1141 ἐπὶ
2595 1079 2802 1156 δήμου
2849 1078 3064 1144 τάττε-

471 1198 587 1243 ται.
677 1177 804 1241 ἔςτι
862 1177 933 1241 δὲ
995 1179 1193 1256 δῆμος
1254 1176 1640 1253 Κεκροπίδος
1696 1180 1922 1256 φυλῆς.
2011 1177 2089 1241 τὰ
2147 1179 2218 1243 δὲ
2268 1180 2703 1257 προςηγορικὰ
2748 1178 3061 1263 ὀξύνεται,

472 1277 741 1360 ἀρετή,
797 1277 1101 1360 τελετή,
1162 1278 1395 1358 βιοτή.
1458 1278 1572 1341 ’τό
1639 1279 1709 1342 δὲ
1776 1278 2055 1357 μελέτη
2122 1278 2545 1357 παροξύνεται
2609 1281 2915 1346 ςύνθετον
2982 1281 3062 1347 ὂν

472 1379 647 1458 παρὰ
689 1380 764 1444 τὸ
809 1379 1019 1458 μέλειν
1067 1380 1171 1443 καὶ
1213 1378 1397 1444 ἐτεὸν
1440 1379 1516 1444 τὸ
1561 1377 1808 1458 ἀληθές.
3100 1389 3165 1440 10

640 1481 734 1546 Τὰ
777 1480 866 1545 εἰς
907 1485 988 1560 ’τῆ
1033 1480 1533 1561 παραληγόμενα
1576 1487 1668 1564 τῷ
1708 1484 1744 1556 J
1787 1481 2295 1564 ὑπερδιςύλλαβα
2350 1483 2534 1562 κύρια
2590 1483 2751 1549 ὄντα
2796 1484 3061 1563 βαρύνε-

472 1604 602 1666 ται,
662 1582 957 1660 Μελίτη
1015 1584 1053 1661 ἡ
1097 1581 1359 1657 Αἰγαίου
1413 1585 1532 1648 τοῦ
1586 1587 1882 1662 ποταμοῦ
1926 1584 2029 1647 καὶ
2084 1588 2275 1662 νῆςος
2330 1584 2560 1664 μεταξὺ
2607 1585 2908 1664 Ἠπείρου
2961 1587 3064 1651 καὶ

473 1684 744 1750 Ἰταλίας.
833 1683 956 1748 ἔςτι
1001 1686 1102 1748 καὶ
1145 1684 1331 1749 πόλις
1374 1683 1645 1750 ἄποικος
1694 1685 2145 1765 Καρχηδονίων
2202 1687 2303 1758 καὶ
2347 1688 2547 1766 δῆμος
2593 1686 2894 1766 Οἰνηῑδος
2938 1710 3061 1768 φυ-

387 1811 395 1819 ·
473 1789 603 1864 λῆς.
692 1779 1168 1866 Ἀμφιτρίτη,
1214 1785 1646 1865 Ἀφροδίτη.
1735 1787 1810 1851 τὸ
1859 1788 1929 1851 δὲ
1988 1788 2157 1864 λιτή
2203 1788 2587 1868 διςύλλαβον
2633 1788 2923 1856 ὀξύνεται
2971 1790 3062 1855 ὡς

471 1889 574 1952 καὶ
615 1886 833 1951 Λιταί
886 1887 1071 1952 πόλις
1114 1887 1458 1967 Λακωνική.
1548 1889 1624 1953 τὸ
1678 1890 1749 1952 δὲ
1794 1888 2025 1967 Τρίτη
2080 1889 2267 1953 πόλις
2321 1890 2469 1967 περὶ
2521 1889 2633 1954 τὰς
2690 1889 3060 1968 Ἡρακλείας
3099 1898 3163 1949 15

453 1988 700 2073 ,ςτήλας
745 1987 1080 2067 βαρύνεται
1125 1988 1478 2054 ἐπιθετικόν
1524 1988 1618 2054 ὄν.
2563 2050 2574 2055 -

638 2089 731 2154 Τὰ
775 2088 863 2154 εἰς
908 2092 993 2167 ῖῆ
1037 2090 1166 2168 πρὸ
1195 2091 1424 2155 τέλους
1453 2091 1689 2169 ἔχοντα
1719 2092 1794 2156 τὸ
1826 2098 1864 2155 ῦ
1896 2089 2220 2174 ὀξύνεται,
2266 2091 2458 2169 ἀϋτή
2501 2090 2541 2168 ἡ
2582 2092 2731 2175 βοή,
2777 2095 3059 2174 πινυτή

471 2192 543 2256 τὸ
589 2191 883 2255 ἐπίθετον
930 2192 1171 2271 «μήτηρ
1217 2192 1486 2270 πινυτή»
1543 2190 1699 2274 (od.
1749 2214 1785 2257 u
1836 2192 2016 2274 131),
2072 2194 2376 2270 Πινυτή
2435 2194 2506 2258 δὲ
2551 2195 2654 2259 καὶ
2697 2195 2773 2259 τὸ
2818 2194 3057 2274 κύριον.

468 2293 544 2357 τὸ
589 2294 661 2357 δὲ
706 2294 1178 2371 προςηγορικὸν
1235 2293 1388 2360 εἰςὶν
1434 2295 1500 2358 οἳ
1555 2294 2056 2376 παροξύνουςιν,
2111 2295 2511 2373 Ἀρίςταρχος
2571 2296 2641 2359 δὲ
2687 2294 2899 2363 ὀξύνει
2954 2299 3058 2361 καὶ

467 2393 885 2472 ἐπεκράτηςεν
931 2381 1139 2459 οὕτως
1183 2394 1223 2472 ἡ
1264 2394 1628 2486 παράδοςις.
1686 2395 1921 2460 Λυταί
1966 2396 2206 2474 χωρίον
2238 2395 2578 2461 Θεςςαλίας
2622 2395 2728 2461 διὰ
2771 2398 2847 2463 τὸ
2881 2402 3060 2464 λῦςαι
3096 2407 3163 2456 20

467 2496 545 2559 τὰ
588 2495 804 2574 Τέμπη
848 2495 1227 2561 Ποςειδῶνα
1274 2497 1374 2560 καὶ
1420 2496 1702 2562 ςκεδὰςαι
1747 2497 1823 2562 τὸ
1870 2495 2001 2562 ἀπὸ
2045 2501 2163 2561 τοῦ
2221 2499 2656 2576 κατακλυςμοῡ
2702 2497 2893 2578 ὕδωρ.
2982 2501 3060 2565 τὸ

469 2598 539 2660 δὲ
570 2597 853 2677 Ἀφύτη
898 2597 1084 2661 πόλις
1129 2598 1293 2675 πρὸς
1335 2604 1411 2681 τῇ
1455 2598 1767 2681 Παλλήνῃ
1805 2599 2088 2681 Θρᾴκης,
2134 2600 2173 2676 ἣ
2205 2599 2306 2662 καὶ
2332 2599 2598 2678 ’Ἀφυτις
2643 2601 2745 2663 καὶ
2774 2601 3059 2681 Ἄφυτος

466 2696 596 2762 ἀπὸ
633 2698 914 2778 Ἀφύτου
963 2699 1137 2763 τινός
1182 2698 1528 2783 ἐγχωρίου,
1575 2699 1678 2764 καὶ
1719 2699 2088 2780 Προχύτη
2134 2703 2325 2777 νῆςος
2376 2699 2652 2766 (ικελίας
2699 2702 3054 2782 βαρύνεται.

635 2800 729 2866 Τὰ
764 2800 852 2865 εἰς
882 2804 964 2878 ’τῆ
997 2801 1505 2882 ὑπερδιςύλλαβα
1539 2808 1631 2883 τῷ
1672 2807 1727 2866 ῶ
1759 2802 2261 2881 παραληγόμενα
2296 2802 2664 2886 βαρύνεται,
2707 2804 3072 2883 Κριθώτη·

466 2902 650 2967 πόλις
685 2901 1179 2980 Ἑλληςπόντου’
1229 2902 1353 2967 ἔςτι
1400 2905 1501 2967 καὶ
1548 2902 1709 2981 ἄκρα
1746 2903 2171 2981 Ἀκαρνανίας.
2239 2904 2615 2982 Περκώτη
2663 2906 2766 2969 καὶ
2811 2906 3055 2971 Παλαι-
3092 2915 3157 2963 ‘25

465 3004 755 3082 περκώτη
786 3004 972 3069 πόλις
1002 3003 1324 3082 Τρωάδος.
1375 3006 1413 3069 Γ
1427 3006 1791 3084 εφυρώτη
1837 3004 2023 3070 πόλις
2052 3005 2312 3085 Λιβύης,
2351 3007 2389 3070 Γ
2406 3006 2855 3085 ιγγλυμώτη
2901 3005 3053 3072 Φοι-

465 3104 636 3183 νίκης
680 3105 866 3169 πόλις
914 3106 1004 3170 ὡς
1047 3105 1386 3172 Ἑκαταῖος.
1475 3107 1551 3171 τὸ
1597 3107 1813 3185 μέντοι
1861 3108 2207 3187 μηλωτή,
2260 3108 2568 3186 κηρωτή
2601 3106 2906 3177 ,ὀξύνεται
2951 3109 3056 3173 καὶ

464 3206 539 3269 τὸ
586 3206 931 3284 οἰςπωτή
977 3206 1016 3271 ὁ
1046 3207 1280 3285 ῥύπος.
1368 3208 1445 3272 τὸ
1502 3208 1573 3272 δὲ
1616 3207 1898 3286 Πρωτή
1955 3210 2147 3286 νῆςος
2191 3208 2366 3286 παρὰ
2419 3213 2495 3292 τῇ
2544 3207 2906 3293 Εφακτηρίᾳ
2952 3211 3055 3274 καὶ

464 3305 666 3390 Πύλῳ
712 3307 1091 3388 διςύλλαβον
1137 3307 1444 3374 ὀξύνεται.

466 3542 599 3593 φηςι
636 3525 1014 3592 φυλάττεςθαι
1060 3529 1151 3579 καί
1188 3528 1329 3593 παρ’
1364 3528 1558 3582 Ἴωςιν.
1629 3531 1700 3580 cf.
1736 3529 1997 3581 Eustath.
2037 3530 2192 3590 1650,
2232 3531 2324 3592 64,
2362 3529 2566 3581 Velsen
2602 3547 2653 3596 p.
2695 3534 2775 3582 13.
2951 3531 2988 3581 l.
3024 3535 3049 3583 1

465 3597 500 3660 ἢ
536 3599 569 3648 ὃ
605 3595 796 3646 addidi
842 3603 1065 3661 propter
1108 3594 1340 3662 Φανότη
1387 3596 1640 3662 Θεοδότη
1686 3595 1863 3661 βιοτή.
1998 3596 2034 3651 1.
2072 3600 2102 3647 2
2150 3595 2435 3661 Ταϋγέτη,
2474 3596 2707 3664 Φανότη
2755 3599 2942 3665 recepi
2986 3617 3050 3651 ex

465 3664 545 3717 St.
583 3665 668 3727 Β.,
706 3661 959 3728 Θεοδότη
997 3680 1064 3714 ex
1100 3664 1347 3730 Thoogn.
1387 3667 1501 3727 118,
1539 3668 1588 3717 2.
1663 3662 1896 3727 Ἀφεταί
1933 3664 2152 3731 explevi
2189 3681 2258 3714 ox
2295 3666 2374 3716 st.
2400 3667 2488 3726 Β.,
2529 3665 2686 3718 Ἰεταί
2724 3673 2781 3717 et
2816 3665 3048 3729 Ξυπετή

467 3751 532 3783 ex
570 3731 763 3784 eodem
808 3732 1054 3796 apposui.
1124 3732 1207 3782 De
1254 3731 1412 3795 βιοτή
1461 3732 1532 3781 cf.
1580 3732 1840 3784 Favorin.
1880 3734 2005 3796 378,
2043 3735 2132 3795 35,
2181 3734 2276 3783 ubi
2321 3733 2551 3783 dicitur:
2600 3732 2920 3787 ἐντάςςεται
2965 3738 3050 3800 τῷ

464 3798 709 3853 τοιούτω
748 3798 943 3849 κανόνι
982 3798 1080 3860 (sc.
1120 3814 1225 3865 quo
1263 3797 1505 3863 ςτρόφος
1543 3798 1785 3864 (τροφή,
1826 3798 1997 3863 νόμος
2035 3798 2180 3865 νομή
2218 3804 2322 3853 etc.
2364 3800 2921 3866 comprehenduntur)
2960 3803 3049 3853 καὶ

463 3867 499 3931 ἡ
540 3849 698 3932 βιοτή
735 3866 797 3917 ἑκ
833 3868 936 3916 τοῦ
976 3863 1187 3929 βίοτος,
1235 3864 1283 3917 εἰ
1327 3866 1419 3937 καί
1461 3867 1824 3931 τριςυλλαβεῖ.
2030 3868 2066 3917 l.
2109 3870 2169 3917 12
2217 3866 2436 3933 Μελίτη
2484 3869 2705 3934 explevi
2754 3884 2821 3919 ex
2866 3869 2947 3919 St.
2985 3871 3048 3920 B.

462 3936 648 3986 Verba
685 3933 943 3986 ὀξύνεται
981 3933 1058 3985 ὡς
1096 3933 1185 3984 καὶ
1221 3932 1379 3985 Λιταί
1414 3938 1643 4000 apposui
1680 3941 1908 4002 propter
1950 3952 2149 3987 nomen
2187 3938 2461 4001 proprium
2507 3952 2540 3987 a
2579 3938 2660 3986 St.
2698 3939 2758 3987 Β.
2797 3937 3051 3998 relatum,

464 4002 531 4054 τὸ
568 4002 629 4054 δὲ
667 4000 841 4066 Τρίτη
877 4008 1107 4085 propter
1143 3999 1316 4066 Τρίτη
1362 4018 1451 4068 ap.
1491 4004 1572 4054 St.
1610 4004 1670 4052 B.
1809 4003 1847 4054 l.
1888 4007 1951 4054 18
1995 4005 2168 4054 verba
2202 4004 2494 4054 Homerica
2531 4003 2712 4055 adieci
2751 4020 2818 4053 ex
2854 4003 2916 4057 11.
2956 4005 3046 4054 Pr.

466 4070 478 4121 Ι
521 4064 900 4133 150,ΧΠινυτη
937 4097 1003 4105 -
1039 4067 1094 4121 οἳ
1129 4068 1497 4133 παροξύνουςι
1533 4070 1760 4121 exhibui
1795 4078 2022 4122 auctore
2057 4071 2289 4121 Lehrsio
2326 4070 2399 4120 ad
2435 4071 2485 4120 h.
2515 4070 2550 4120 1.
2590 4069 2733 4133 (cod.
2757 4072 2852 4121 AB
2891 4086 3074 4137 prae-K

462 4139 593 4190 bent
637 4136 859 4200 Πινύτη
904 4136 965 4189 δὲ
1013 4142 1069 4186 et
1116 4137 1159 4188 C
1196 4135 1415 4202 Πινυτή
1452 4137 1535 4201 δέ)
1581 4145 1641 4190 ιιι
1686 4139 1907 4189 Arcadii
1953 4142 2308 4203 praeceptum
2354 4153 2474 4187 cum
2522 4137 2871 4188 Herodianeo
2920 4153 3045 4187 con-

564 4212 651 4267 at3
702 4202 1058 4269 Ἀρίςταρχος
1093 4232 1157 4241 -
1196 4203 1493 4270 παράδοςις
1539 4208 1774 4272 apposui
1823 4223 1891 4256 ex
1939 4206 2004 4256 11.
2049 4208 2137 4255 Pr.
2187 4203 2229 4256 Η
2278 4206 2377 4255 289
2423 4205 2495 4254 cf.
2540 4205 2678 4255 Lob.
2727 4205 2894 4255 Proll.
2932 4208 3048 4256 390.

507 4270 632 4325 υταί
669 4289 842 4338 usque
879 4273 951 4322 ad
989 4273 1148 4323 finem
1182 4273 1372 4323 addidi
1406 4290 1475 4323 ex
1511 4273 1590 4323 St.
1631 4275 1718 4335 Β.,
1767 4273 2012 4337 Κοςςύτη
2059 4271 2222 4323 πόλις
2261 4269 2540 4336 Ὀμβρική.
2614 4269 2848 4337 Κτηςίας
2882 4270 3074 4337 τρίτῃ,

462 4340 844 4406 περιηγήςεως
881 4340 970 4391 hic
1005 4341 1193 4402 omisi,
1233 4342 1362 4406 quia
1393 4341 1632 4392 Meinek.
1668 4341 1785 4391 iure
1823 4339 2033 4404 Κοςςύη
2072 4338 2416 4390 scribendum
2453 4340 2777 4404 suspicatur.
2917 4339 2952 4394 l.
2981 4343 3048 4391 24

464 4407 745 4473 Κριθώτη,
782 4406 1090 4474 Περκώτη,
1143 4406 1412 4473 Γεφυρώτ
1488 4408 1707 4473 explevi
1743 4424 1809 4458 ex
1846 4410 1929 4458 St.
1954 4408 2048 4471 Β.,
2089 4403 2448 4469 Γιγγλυμώτη
2485 4406 2671 4457 addidi
2707 4424 2773 4458 ex
2799 4408 3047 4475 Theogn.

464 4478 576 4537 118,
617 4481 640 4525 1
682 4484 739 4527 et
778 4478 857 4527 St.
892 4477 956 4531 Β.
995 4505 1059 4513 -
1095 4478 1363 4528 vocabuli
1404 4491 1436 4527 ο
1460 4473 1658 4538 ςπωτή
1705 4478 1994 4525 accentum
2039 4473 2375 4525 Schmidtius
2421 4478 2611 4524 contra
2657 4474 2828 4526 libros
2871 4482 3050 4528 muta-

460 4545 542 4593 vit
574 4541 829 4608 οίςπώτη
867 4545 1143 4610 scribens,
1182 4551 1247 4595 ut
1283 4544 1442 4606 dicit,
1488 4546 1714 4592 auctore
1753 4540 2034 4591 Lobeckio
2075 4540 2243 4594 Proll.
2281 4543 2396 4592 393.
2457 4539 2569 4591 Sed
2604 4542 2694 4593 hic
2730 4543 2891 4595 dicit:
2928 4544 2978 4597 si
3013 4561 3046 4595 a

462 4609 640 4662 πάτος
684 4612 1038 4676 compositum
1074 4618 1162 4662 est
1195 4628 1317 4662 cum
1353 4616 1510 4676 trope
1542 4609 1750 4659 vocalis
1783 4614 1847 4659 ιιι
1883 4609 1946 4658 Ε.
1983 4608 2055 4658 Μ.
2088 4610 2205 4671 619,
2248 4611 2310 4660 10
2345 4613 2560 4669 conset,
2598 4613 2820 4675 gravari
2856 4611 3045 4677 debet,

458 4679 545 4727 sin
578 4681 647 4729 ab
691 4676 858 4743 οἴςπη
904 4679 1209 4731 derivatum
1244 4685 1330 4729 οειι
1373 4684 1435 4728 ιιι
1470 4674 1734 4741 μηλωτή,
1779 4676 1905 4727 aeui
1949 4676 2210 4741 oportuit.
2299 4676 2458 4727 Hanc
2502 4679 2861 4742 posteriorem
2909 4696 3036 4732 son-

460 4744 695 4796 tentiam
740 4746 1051 4812 amplexum
1092 4762 1213 4799 esse
1255 4745 1627 4798 Herodianum
1675 4761 1743 4795 ex
1794 4748 1983 4795 nostro
2040 4744 2159 4795 1000
2210 4743 2609 4797 conficiendum
2651 4752 2754 4800 est.
2824 4746 3043 4813 Πρωτή
