3664 5546
527 353 649 398 Σίν
1610 318 2028 398 ΡιιΑΕῐὲΑτιο.

525 526 806 590 persona
848 507 1141 591 exceptis
1186 505 1414 591 paucis
1459 501 1655 584 locis,
1712 503 1828 568 ubi
1878 505 1968 568 ὼε
2008 504 2148 583 ἐμοὶ
2193 508 2400 581 δοκεῖς
2447 503 2576 579 ἐγὼ
2628 505 2902 583 ἡγοῦμαι
2949 504 3112 567 inta-

525 616 701 670 ctum
732 607 1162 693 reliquerunt,
1209 604 1573 691 loquentem
1616 602 2105 669 introducentes
2150 627 2361 691 neque
2397 627 2674 691 usquam
2717 605 2921 691 ipsius
2969 628 3110 669 ver-

523 708 626 773 bis
674 731 822 773 eum
865 707 1048 772 aliud
1092 729 1283 771 suum
1328 707 1639 792 scriptum
1685 707 1996 769 citantem
2040 706 2383 771 facientes,

694 809 1129 896 Odyssiacam
1159 809 1543 874 Prosodiam
1586 815 1737 894 post
1766 806 2040 872 Iliacam
2073 809 2382 894 scriptam
2430 830 2575 872 esse
2620 819 2685 874 et
2714 831 2830 894 per
2861 831 2931 873 se
2965 831 3110 895 pro·

523 910 742 977 babile
789 920 919 992 est,
967 931 1161 996 quum
1194 908 1349 973 Ilias
1381 910 1447 973 in
1479 908 1872 994 antiquitate
1903 910 2416 990 Ὀμηρικώτατον
2447 932 2682 995 poema
2708 910 3111 975 iudicaretur

523 1022 589 1076 et
631 1012 818 1099 quasi
862 1010 1360 1075 fundamentum
1389 1008 1890 1075 Homericarum
1920 1011 2375 1097 quaestionum
2407 1012 2783 1095 haberetur,
2831 1022 2895 1076 et
2935 1021 3112 1076 certo

525 1113 765 1178 indicio
812 1111 1205 1177 declaratur.
1294 1111 1464 1175 Nam
1509 1112 1577 1175 in
1622 1110 1697 1176 Il.
1745 1113 1932 1178 Pros.
1980 1111 2239 1179 duobus
2289 1113 2446 1177 locis
2492 1116 2542 1180 Α
2585 1113 2712 1177 294
2761 1115 3111 1180 ἐντελὲετε-

524 1237 642 1294 ρον
688 1216 1131 1294 διαληψόμεθα
1175 1215 1246 1279 ἐν
1289 1220 1364 1298 τῇ
1415 1216 1453 1278 Γ
1503 1215 1857 1280 Ὀδυεεείαε
1903 1224 1969 1278 et
2015 1215 2078 1279 Μ
2114 1214 2232 1278 157
2280 1215 2349 1281 ἐν
2393 1224 2470 1300 τῇ
2519 1217 2582 1281 Μ
2613 1221 2723 1296 τῆς
2752 1217 3111 1283 Ὀδυεεείαε

523 1316 850 1395 ῥηθήεεται
911 1337 1026 1402 per
1080 1314 1373 1379 futurum
1429 1338 1499 1379 se
1556 1313 1644 1379 ad
1700 1314 2134 1402 Odyssiacam
2190 1314 2575 1380 Prosodiam
2635 1319 2871 1400 refert,
2938 1316 3112 1382 unde

522 1417 805 1480 aoristus
850 1417 918 1479 in
968 1419 1014 1481 Η
1067 1416 1187 1480 199
1242 1417 1312 1483 ἐν
1358 1425 1434 1504 τῇ
1482 1420 1521 1482 Γ
1564 1422 1675 1497 τῆς
1721 1418 2079 1483 Ὀδυεεείαε
2123 1419 2509 1496 παραλόγως
2565 1421 2970 1498 ἑνεκλίναμεν
3017 1419 3111 1482 sic

522 1515 982 1601 intelligendus
1028 1528 1158 1599 est,
1213 1528 1287 1581 ut
1340 1517 1506 1584 liber
1561 1519 1779 1583 animo
1826 1528 2176 1603 conceptus
2232 1530 2546 1604 tanquam
2589 1504 2728 1582 iani
2769 1517 3109 1582 absolutus

522 1618 924 1703 designetur.
1011 1619 1164 1684 Pari
1218 1619 1409 1685 modo
1467 1621 1667 1686 etiam
1725 1619 2131 1685 Catholicam
2186 1619 2605 1699 Prosodiam,
2672 1621 2858 1685 cuius
2923 1622 3108 1707 quasi

519 1722 933 1806 praeparatio
987 1732 1088 1786 est
1143 1721 1528 1804 Homerica,
1586 1731 1739 1808 post
1792 1720 2062 1785 Iliacam
2116 1722 2481 1786 confectam
2539 1744 2682 1786 esse
2737 1744 2822 1786 ex
2876 1722 2929 1787 Ο
2985 1721 3110 1786 338

521 1832 825 1908 apparet:
896 1826 1042 1902 περὶ
1094 1824 1187 1888 ὧν
1245 1825 1550 1903 εἰρήεεται
1605 1824 1754 1903 ἡμῖν
1810 1824 1881 1889 ἐν
1937 1827 2072 1888 τοῖς
2126 1826 2272 1903 περὶ
2338 1827 2673 1901 καθολικῆε
2729 1825 3111 1908 προεῳδίαε.

521 1923 704 1987 Idem
749 1922 926 1987 valet
971 1924 1051 1988 de
1096 1922 1263 1989 libro
1321 1927 1466 2005 περὶ
1521 1925 1863 2005 ὀνομάτων
1909 1923 1987 1988 Il.
2032 1923 2142 1987 Pr.
2192 1926 2234 1989 Ε
2278 1924 2318 1988 9
2362 1925 2433 1990 ἐν
2488 1929 2626 1991 τοῖς
2681 1928 2826 2006 περὶ
2871 1926 3108 2004 ὀνομά-

519 2048 651 2091 των
697 2025 1121 2106 ἀποδώεομεν
1164 2028 1282 2092 τὸν
1328 2028 1545 2102 λόγον.
1620 2028 1662 2091 Ε
1704 2026 1831 2090 266
1875 2027 2297 2105 ἀποδείξομεν
2343 2063 2427 2073 -
2471 2027 2540 2092 ἐν
2584 2031 2722 2092 τοῖε
2766 2028 2913 2105 περὶ
2956 2026 3108 2091 ὀνο-

521 2127 769 2210 μάτων,
815 2128 972 2193 ὅταν
1017 2130 1119 2192 καὶ
1163 2131 1309 2207 περὶ
1352 2133 1462 2208 τῆς
1506 2132 1844 2206 καθολικῆε
1889 2131 2189 2207 κινήεεωε
2234 2133 2352 2193 τοῦ
2398 2127 2717 2207 ὀνόματος
2762 2128 3105 2207 διαλαμβά-

519 2250 732 2308 νωμεν
778 2237 845 2292 et
889 2228 970 2292 de
1013 2226 1181 2293 libro
1226 2232 1372 2308 περὶ
1415 2230 1746 2312 ῥημάτων,
1794 2228 1877 2293 de
1922 2251 2050 2314 quo
2098 2228 2177 2291 Il.
2223 2229 2328 2292 Pr.
2378 2231 2439 2294 Δ
2485 2229 2612 2291 222
2658 2230 2727 2295 ἐν
2779 2232 2917 2294 τοῖς
2962 2230 3107 2308 περὶ

522 2330 799 2409 ῥήματος
843 2330 1143 2413 ἐροῦμεν,
1199 2352 1398 2416 quare
1455 2330 1522 2393 in
1567 2328 1645 2394 Il.
1691 2330 1799 2393 Pr.
1846 2332 1896 2396 Α
1938 2330 2063 2393 278
2123 2332 2213 2395 ὼε
2270 2331 2582 2396 δείκνυται
2638 2331 2708 2396 ἐν
2766 2335 2906 2396 τοῑε
2962 2330 3107 2409 περὶ

521 2431 821 2511 ῥημάτων
865 2453 1176 2517 praesens
1222 2430 1558 2496 intellectu
1586 2432 1794 2496 futuri
1842 2431 2123 2518 positum
2166 2441 2285 2495 est.
2347 2430 2521 2494 Hinc
2553 2429 2855 2496 concludi
2887 2439 3107 2517 potest

520 2532 716 2597 etiam
774 2532 1014 2599 librum
1072 2536 1216 2614 περὶ
1275 2542 1410 2600 τῶν
1465 2536 1551 2600 εἰε
1605 2541 1700 2619 μῑ,
1757 2535 1869 2621 qui
1923 2531 2400 2620 quodammodo
2456 2555 2608 2618 pars
2667 2533 2907 2619 prioris
2952 2531 3107 2597 libri

521 2643 652 2715 est,
713 2646 861 2719 post
916 2635 1188 2699 Iliacam
1232 2634 1616 2701 Prosodiam
1674 2636 1991 2723 scriptum
2048 2658 2223 2718 esse,
2279 2657 2476 2723 quum
2529 2634 2587 2698 is
2635 2657 2752 2721 per
2796 2657 3105 2721 praesens

521 2736 788 2801 citetur:
838 2736 918 2801 ΙΙ.
964 2736 1073 2802 Pr.
1118 2738 1173 2803 Ζ
1209 2738 1334 2803 336
1381 2737 1460 2805 οὗ
1497 2741 1574 2805 τὰ
1620 2741 2054 2819 ὑποδείγματα
2099 2741 2357 2820 δίδομεν
2403 2739 2473 2804 ἐν
2517 2746 2610 2822 τῷ
2654 2741 2800 2819 περὶ
2842 2744 2975 2806 τῶν
3021 2737 3107 2803 εἰ(

520 2843 602 2917 ιᾟ.
681 2839 856 2903 Ante
900 2838 1140 2905 librum
1185 2843 1330 2921 περὶ
1375 2842 1672 2921 ῥημάτων
1718 2841 1917 2904 etiam
1959 2841 2312 2905 Monadica
2355 2839 2659 2924 evulgata
2706 2863 2849 2904 esse
2894 2850 3104 2904 osten·

522 2938 620 3003 dit
664 2938 842 3004 locus
887 2945 1035 3021 περὶ
1078 2965 1218 3022 μον.
1305 2942 1422 3023 44,
1479 2942 1563 3004 24
1605 2944 1680 3006 τὸ
1738 2945 1809 3005 δὲ
1855 2942 2063 3007 αἴτιον
2119 2944 2189 3005 ἐν
2235 2946 2372 3006 τοῖε
2417 2944 2562 3019 περὶ
2607 2942 2905 3018 ῥημάτων
2957 2941 3105 3019 ἐρῶ,

521 3040 695 3126 quod
739 3063 856 3125 per
902 3063 1208 3126 praesens
1256 3042 1522 3105 effertur
1561 3042 1676 3120 45,
1721 3042 1791 3103 11
1845 3043 1920 3106 τὸ
1966 3041 2170 3106 αἴτιον
2217 3042 2465 3116 λέγεται
2510 3039 2580 3103 ἐν
2623 3042 2762 3106 τοῑε
2805 3041 2953 3117 περὶ
2997 3038 3105 3117 ῥη-

520 3139 754 3221 μάτων.
783 3177 870 3189 -
903 3140 1034 3204 Sed
1078 3163 1235 3204 num
1276 3139 1445 3206 liber
1486 3146 1633 3221 περὶ
1675 3144 1998 3221 μονήρουε
2043 3144 2274 3207 λε’ξεωε
2319 3149 2470 3203 ante
2501 3137 2905 3204 Catholicam
2952 3139 3103 3202 scri·

521 3251 672 3326 ptus
720 3241 837 3322 sit,
886 3263 969 3304 ex
1014 3241 1429 3306 citationibus
1475 3265 1607 3308 non
1651 3242 1891 3322 elucet,
1938 3264 2089 3305 nam
2135 3240 2550 3305 Herodianus
2597 3251 2711 3304 aut
2760 3263 2877 3326 per
2920 3262 3103 3327 prae-

523 3363 668 3406 sens
716 3341 800 3406 ad
848 3365 994 3407 eum
1038 3353 1384 3429 provocat:
1442 3343 1653 3425 Mon,
1704 3344 1812 3424 18,
1866 3344 1895 3405 1
1945 3345 2192 3419 λέγεται
2251 3345 2321 3408 δὲ
2366 3344 2470 3407 καὶ
2511 3345 2657 3421 περὶ
2700 3345 2950 3408 τούτων
2998 3364 3102 3421 μοι

523 3445 787 3510 πάντων
833 3429 920 3510 ἐιῖ
948 3449 1086 3512 τοῖε
1130 3448 1275 3526 περὶ
1319 3449 1656 3522 καθολικῆε
1710 3446 2097 3528 προεῳδίαε;
2155 3444 2271 3525 20,
2316 3445 2399 3508 33
2442 3444 2708 3509 πάντων
2766 3444 2969 3509 λύεειε
3015 3444 3102 3507 δί-

523 3553 682 3625 δωμι
728 3547 798 3612 ἐν
844 3554 935 3633 τῷ
979 3550 1124 3627 περὶ
1168 3551 1505 3626 καθολικῆε
1548 3548 1940 3630 προεῳδίαε,
1996 3555 2108 3611 aut
2151 3568 2265 3631 per
2310 3549 2673 3631 perfectum
2727 3544 2812 3607 20
2824 3591 2842 3625 ,
2894 3545 2971 3607 18
3016 3544 3102 3609 εἴ-

523 3670 702 3727 ρηται
749 3649 819 3714 ἐν
863 3653 1002 3715 τοῖς
1046 3652 1191 3729 περὶ
1235 3652 1569 3725 καθολικῆε
1598 3649 1987 3733 προεῳδίαε;
2034 3647 2149 3726 32,
2198 3648 2272 3710 17
2305 3649 2344 3727 ἡ
2376 3650 2447 3713 δὲ
2476 3648 2717 3726 ἱετορία
2744 3683 2830 3694 -
2864 3646 3103 3725 εἴρηταί

524 3771 629 3829 μοι
676 3750 746 3814 ἐν
806 3753 1085 3836 δευτέρῳ
1142 3755 1252 3830 τῆς
1308 3753 1643 3829 καθολικῆε
1696 3750 2058 3834 προεῳδίαε
2114 3759 2180 3813 et
2238 3748 2315 3812 19
2358 3751 2433 3814 τὸ
2479 3748 2686 3814 αἴτιον
2741 3747 2979 3828 εἴρηται
3031 3749 3102 3812 ἐν

523 3859 613 3936 τῷ
659 3853 805 3931 περὶ
848 3856 1184 3930 καθολικῆε
1229 3852 1617 3935 προεῳδίαε;
1663 3850 1767 3933 34,
1801 3851 1840 3914 8
1886 3853 1956 3917 ἐν
2001 3855 2138 3917 τοῑε
2168 3853 2314 3930 περὶ
2358 3852 2865 3930 καθολικωτέραε
2909 3872 3102 3929 προε-

526 3955 719 4038 ῳδίαε
774 3953 1011 4033 εἴρηται
1060 3963 1124 4017 et
1178 3975 1296 4038 per
1341 3952 1656 4017 aer-istum
1706 3953 1783 4016 18
1798 3955 1830 4033 ,’
1866 3953 1972 4016 16:
2020 3956 2134 4032 τὴν
2178 3954 2354 4019 λύειν
2400 3954 2650 4017 τούτων
2696 3953 2767 4017 ἐν
2810 3959 2903 4037 τῷ
2948 3953 3103 4033 πέμ-

524 4078 665 4140 πτῳ
710 4056 856 4134 περὶ
899 4058 1234 4133 καθολικῆε
1280 4055 1696 4135 ἐποιηεάμην;
1742 4077 2077 4140 nunquam
2121 4053 2364 4120 diserte
2409 4076 2526 4140 per
2568 4054 2883 4118 futurum.
2974 4052 3105 4118 Sed

524 4179 656 4222 non
701 4155 907 4219 solum
951 4179 1035 4220 ex
1066 4179 1172 4238 00,
1223 4155 1397 4243 quod
1441 4166 1688 4221 certum
1719 4155 1958 4222 librum
1991 4154 2366 4222 Catholicae
2395 4156 2717 4238 nominat,
2764 4177 2926 4241 opus
2972 4156 3103 4219 iam

524 4257 924 4321 elaboratum
970 4280 1112 4323 esse
1156 4257 1495 4335 coniicias,
1542 4259 1656 4323 sed
1703 4281 1786 4323 ex
1829 4259 1974 4344 ipso
2018 4267 2397 4344 argumento
2442 4257 2620 4338 libri,
2668 4280 2858 4343 quem
2903 4256 3103 4320 Lchr-

524 4359 658 4421 sius
704 4361 893 4444 quasi
937 4362 1285 4441 ἐπιγένημα
1328 4359 1653 4446 quoddam
1698 4384 1780 4426 ex
1811 4360 2127 4426 sermonis
2173 4360 2473 4444 analogia
2515 4361 2582 4424 in
2615 4381 2837 4423 onmes
2882 4368 3101 4444 partes

524 4471 820 4526 accurate
876 4463 1226 4528 observata
1289 4472 1353 4525 et
1416 4463 1859 4547 pervestigata
1923 4463 2240 4527 exsistere
2296 4463 2435 4525 iure
2488 4460 2842 4526 contendit.
2930 4460 3105 4523 Hinc

526 4585 643 4647 pro
700 4562 1039 4648 explorato
1095 4563 1336 4629 habere
1399 4586 1745 4649 pessumus
1810 4563 2129 4630 Prosodia
2183 4563 2532 4627 Homerica
2595 4562 2897 4628 absoluta
2955 4582 3101 4624 con·

527 4665 834 4749 scriptam
882 4688 1021 4729 csse
1068 4665 1468 4731 Catholicam
1514 4676 1578 4730 et
1622 4677 1770 4752 post
1813 4667 1982 4731 hanc
2026 4664 2409 4749 Monadica,
2465 4664 2532 4728 in
2577 4666 2812 4750 quibus
2856 4663 2972 4741 25,
3018 4663 3101 4722 28

527 4765 876 4834 Homerica
904 4767 1224 4836 Prosodia
1268 4770 1362 4836 sic
1406 4771 1671 4836 citatur:
1721 4768 1960 4850 εἴρηται
2006 4770 2076 4834 ἐν
2120 4774 2196 4852 τῇ
2227 4768 2527 4852 Ὁμηρικῇ
2572 4765 2919 4850 προεῳδίᾳ,
2964 4771 3102 4828 tum
