3664 5546
609 410 867 459 ccxxvl
1695 403 2113 453 PRAEFATIO.

608 565 852 653 pariter
893 571 1092 649 atque
1133 558 1555 646 Apollonium
1598 579 1791 623 voces
1836 557 1989 623 talis
2035 566 2133 622 tot
2175 566 2395 622 tantus
2441 557 2686 625 similes
2727 561 2900 626 inter
2926 562 3190 628 nomina

611 687 849 753 ponere
891 662 1194 749 perhibet
1236 660 1272 724 I
1314 660 1418 742 61,
1469 659 1566 737 18,
1616 657 1701 722 ad
1747 680 1946 745 quam
1989 679 2126 723 rem
2169 659 2446 724 recurrit
2489 658 2560 725 II
2601 661 2758 743 492,
2810 663 2891 726 14
2932 672 2998 727 et
3038 664 3187 746 501,

615 768 721 851 133
791 764 956 830 duos
1020 764 1302 850 reliquos
1361 760 1538 827 locos
1594 760 1628 826 I
1671 758 1829 841 205,
1878 761 1913 824 7
1972 760 2436 826 «Herodianus
2490 765 2737 847 gummi
2803 786 3059 851 quoque
3124 775 3192 829 et

610 866 836 957 peperi
879 866 1166 932 barbara
1220 863 1382 929 dicit
1424 885 1610 928 esse»
1668 872 1734 928 et
1776 861 1934 945 244,
1984 862 2090 944 17,
2146 862 2263 927 ubi
2317 861 2400 927 de
2453 862 2699 951 duplici
2755 865 3192 933 declinatione

611 968 1023 1059 quorundam
1065 967 1135 1031 in
1176 971 1252 1047 ῆῑῖ
1295 963 1764 1032 vocabulorum
1816 961 1999 1029 velut
2045 966 2084 1029 Γ
2086 966 2241 1044 ύγηε
2288 965 2493 1043 Γύγου
2539 968 2578 1031 Γ
2578 968 2814 1048 ύγητοε
2870 966 3191 1034 Herodia-

539 1106 547 1115 ·
613 1094 770 1137 num
814 1070 1216 1158 exposuisse>
1243 1068 1435 1149 dicit,
1480 1089 1566 1132 ex
1610 1065 1995 1131 Onomatico
2039 1065 2352 1152 petivisse
2402 1067 2667 1133 videtur
2706 1079 2902 1156 atque
2945 1093 3029 1134 ex
3071 1069 3193 1135 hoe

614 1174 783 1239 libro
828 1172 1217 1258 comparatis
1250 1169 1701 1235 Choerobosco
1741 1178 1808 1233 et
1836 1165 2183 1232 Eustathio
2227 1167 2360 1233 alia
2399 1169 2721 1255 quaedam
2764 1171 3195 1258 exscripsisse

617 1272 1088 1341 existimandus
1155 1281 1288 1354 est,
1351 1269 1533 1336 velut
1586 1267 1737 1335 libr.
1781 1267 1920 1332 VII
1963 1269 2037 1350 2,
2085 1270 2121 1334 7
2142 1317 2161 1352 ,
2226 1268 2401 1336 unde
2454 1292 2558 1357 ap.
2620 1271 2852 1338 Choer.
2904 1273 3022 1337 147
3072 1295 3191 1359 pro

622 1377 974 1456 Καλλιπέτη
1023 1371 1496 1459 corrigendum
1549 1381 1650 1437 est
1707 1373 2184 1453 Καλλιλαμπέτη
2201 1419 2219 1454 ,
2285 1382 2353 1437 et
2409 1370 2557 1437 libr.
2601 1373 2701 1438 IV
2755 1375 2825 1456 6,
2885 1375 2971 1441 34
3023 1397 3194 1440 «non

624 1481 853 1546 dicunt
883 1478 1119 1544 Graeci
1151 1476 1547 1556 Χαρύβδιδο(
1588 1472 1889 1559 quamvis
1933 1471 2161 1558 regula
2203 1474 2457 1559 exigat,
2504 1475 2622 1540 sed
2655 1478 3082 1560 Χαρύβδιος»,
3129 1476 3196 1541 id

617 1579 795 1671 quod
839 1578 1284 1646 Herodianum
1328 1575 1631 1642 docuisse
1683 1577 1922 1639 asserit
1966 1574 2354 1640 Eustathius
2410 1577 2603 1660 1716,
2648 1578 2767 1660 48,
2814 1587 2880 1643 et
2922 1578 3199 1644 Choero—

619 1686 856 1752 boscus
901 1681 1078 1748 Dict.
1127 1680 1269 1763 187,
1314 1678 1357 1742 2
1400 1701 1486 1743 ex
1529 1674 1757 1742 eodem
1800 1676 1982 1742 fonte
2024 1675 2333 1743 hauriens
2379 1677 2665 1744 tradidit.

790 1986 941 2067 Qua
980 1985 1233 2050 ratione
1276 1982 1346 2046 in
1399 1987 1747 2061 colliaendis
1799 1991 1867 2047 et
1919 1987 2303 2063 disponendis
2348 1986 2715 2062 fragmentis
2765 1987 3008 2071 egerim
3022 2034 3042 2068 ,
3088 1987 3199 2051 ad·

622 2088 752 2154 huc
797 2087 1103 2173 exposui3
1148 2085 1272 2149 hoc
1315 2093 1568 2149 tantum
1612 2083 1785 2149 addo
1832 2082 2072 2149 dubiae
2127 2084 2301 2148 sedis
2355 2084 2758 2172 fragmenta,
2816 2110 2983 2175 quae
3038 2086 3199 2152 nulli

622 2193 762 2256 fere
789 2191 1306 2275 fragmentorum
1335 2183 1707 2252 collectioni
1737 2186 2007 2268 desunt,
2052 2195 2344 2252 nostram
2384 2209 2514 2252 non
2543 2188 2816 2272 habere,
2862 2210 2993 2254 non
3023 2189 3201 2277 quod

624 2291 913 2357 omnium
957 2290 1144 2355 sedes
1189 2297 1368 2353 certa
1411 2297 1608 2375 atque
1652 2287 1926 2354 indubia
1968 2289 2088 2372 sit,
2151 2287 2266 2353 sed
2322 2291 2493 2377 quod
2537 2289 2786 2355 nullum
2840 2291 2969 2356 fuit
3023 2291 3198 2376 frag-

623 2404 940 2473 mentum,
995 2391 1169 2479 quod
1224 2412 1351 2455 non
1406 2391 1519 2454 uni
1563 2389 1669 2455 vel
1722 2389 1913 2456 alteri
1969 2413 2222 2475 eorum,
2277 2415 2443 2477 quos
2496 2391 2831 2475 novimus,
2889 2391 3201 2459 librorum

625 2494 947 2581 assignari
991 2491 1307 2581 potuerit3
1354 2491 1560 2557 multa
1603 2491 1802 2558 etiam
1844 2493 2143 2579 pluribus
2187 2490 2381 2559 simul
2420 2492 2689 2558 attribui
2718 2504 3070 2581 potuerunt
3112 2503 3199 2576 et,

624 2608 699 2664 ut
725 2620 864 2663 mos
896 2607 998 2662 est
1026 2595 1385 2661 Herodiani
1415 2593 1773 2661 identidem
1806 2595 1892 2660 ad
1923 2594 2199 2665 eandem
2227 2618 2366 2661 rem
2394 2596 2821 2681 recurrentis,
2869 2596 2963 2661 sic
3004 2594 3201 2683 pluri-

627 2705 749 2768 bus
795 2722 837 2764 a
879 2721 983 2763 me
1027 2697 1350 2771 attributa
1392 2705 1563 2763 sunt.

796 2801 903 2867 Ad
955 2805 1424 2866 emendationem
1478 2799 1653 2889 quod
1708 2800 1982 2883 attinet,
2036 2799 2106 2864 in
2161 2800 2373 2866 tribus
2418 2801 2714 2888 scriptis,
2773 2824 2942 2894 quae
2997 2800 3207 2867 edidit

627 2902 938 2970 Lehrsius
955 2950 973 2984 ‚
1041 2902 1245 2968 verba
1289 2901 1548 2988 singula
1591 2911 1656 2966 et
1699 2910 1839 2966 tota
1883 2903 2091 2967 oratio
2146 2902 2484 2990 scriptoris
2541 2904 2637 2968 ita
2690 2925 2731 2967 a
2782 2905 2924 2970 viro
2982 2901 3203 2968 claris-

628 3007 790 3072 simo
856 3003 1181 3091 perpolita
1235 3015 1422 3086 sunt,
1478 3011 1554 3068 ut
1609 3002 1773 3067 nihil
1828 3004 1967 3069 fere
2022 3002 2214 3068 limae
2269 3002 2569 3069 relictum
2626 3004 2735 3070 sit.
2833 3003 3206 3069 Catholicae

628 3106 1065 3173 restituendae
1120 3115 1382 3192 praeter
1437 3104 1718 3170 editores
1775 3105 2080 3186 Arcadii,
2137 3105 2402 3171 Ioannis
2454 3104 2896 3170 Alexandrini
2950 3115 3016 3170 et
3071 3105 3203 3171 Ste-

627 3209 829 3298 phani
871 3208 1183 3295 Byzantii
1223 3206 1597 3272 Lobeckius
1641 3218 1709 3273 et
1752 3205 2065 3271 Lehrsius
2109 3206 2330 3272 multis
2374 3217 2440 3272 et
2482 3206 2763 3291 egregiis
2809 3205 3213 3273 emendatio:

628 3311 824 3376 nibus
870 3308 1350 3392 subvenerunt3
1405 3308 1476 3371 in
1530 3306 1794 3395 reliquis
1842 3309 2137 3396 scriptis,
2193 3331 2359 3396 quae
2414 3310 2765 3373 maximam
2817 3317 3069 3396 partem
3123 3330 3209 3372 ex

633 3410 1103 3500 Etymologicis
1151 3419 1215 3474 et
1260 3409 1619 3476 Anecdotis
1663 3411 2112 3498 componenda
2153 3421 2364 3491 erant,
2410 3409 2616 3475 multa
2660 3410 2924 3492 menda,
2970 3410 3206 3496 quibus

630 3515 747 3579 illa
788 3511 1362 3598 grammaticarum
1404 3533 1621 3577 rerum
1663 3512 1900 3580 horrea
1943 3524 2010 3579 et
2053 3514 2576 3600 epitomatorum
2594 3512 2974 3598 insipientia
3016 3521 3209 3599 atque

633 3616 890 3680 inscitia
932 3625 999 3679 et
1046 3611 1457 3679 librariorum
1502 3616 1851 3681 oscitantia
1893 3626 2047 3681 sunt
2088 3614 2313 3704 plena,
2368 3614 2528 3679 mihi
2582 3614 2948 3682 amovenda
3001 3605 3233 3695 erant(

631 3728 746 3783 aut
798 3713 979 3781 facili
1023 3725 1137 3780 aut
1191 3715 1247 3779 si
1302 3714 1374 3779 id
1429 3716 1566 3781 fieri
1624 3740 1754 3782 non
1808 3719 2051 3804 potuit,
2106 3717 2343 3783 audaci
2404 3716 2677 3784 medela.
2775 3716 2943 3782 Nam
3001 3716 3213 3804 prima

635 3812 793 3883 mihi
848 3820 918 3883 in
973 3817 1427 3884 constituendo
1483 3828 1669 3884 textu
1724 3842 1802 3885 ea
1862 3820 1991 3886 fuit
2042 3818 2183 3902 lex,
2241 3842 2435 3905 quam
2491 3820 2803 3885 Lehrsius
2859 3818 3067 3906 praef.
3124 3817 3209 3882 ad

635 3920 882 3988 Herod.
927 3943 992 4008 p.
1023 3920 1160 3984 VII
1205 3921 1380 3986 omni
1424 3942 1545 4006 ope
1582 3922 2062 4008 exsequendam
2108 3945 2252 3987 esse
2295 3923 2436 3987 iure
2480 3921 2846 4004 contendit,
2891 3932 2966 3987 ut
3008 3920 3213 3986 verba

634 4024 764 4110 legi
809 4023 1094 4111 possint3
1139 4023 1210 4086 id
1251 4046 1452 4089 unum
1496 4025 1677 4107 cavi,
1723 4047 1804 4089 ne
1851 4024 2182 4111 scriptori,
2241 4046 2409 4112 quae
2453 4023 2537 4089 ab
2592 4047 2667 4089 eo
2712 4033 2932 4089 essent
2975 4023 3210 4103 aliena,

636 4126 1075 4192 obtruderem.
1171 4125 1432 4212 Ubique
1484 4136 1700 4191 autem
1764 4127 1835 4190 in
1901 4125 2468 4209 adnotationibus,
2531 4125 2692 4214 quid
2753 4126 2824 4190 in
2876 4122 3208 4191 codicibus

635 4238 882 4310 exstet,
961 4226 1255 4294 indicavi
1315 4238 1383 4293 et
1445 4250 1677 4294 causas
1742 4237 1937 4315 atque
2004 4229 2293 4295 rationes
2359 4228 2833 4295 emendationis
2900 4227 3210 4293 brevibus

635 4329 930 4417 exposui.

806 4430 971 4495 Cum
1015 4431 1115 4496 his
1160 4433 1244 4497 ad
1287 4442 1545 4498 textum
1586 4433 2113 4498 constituendum
2157 4434 2635 4521 pertinentibus
2680 4431 3211 4498 adnotationibus

641 4533 1005 4599 arctissime
1067 4534 1377 4599 coniunxi
1437 4536 1533 4599 rei
1598 4532 1737 4600 loco
1797 4556 2054 4622 quoque
2115 4543 2437 4601 tractatae
2498 4542 2982 4617 explicationem,
3049 4554 3215 4621 quae

639 4635 921 4699 maxime
966 4646 1265 4701 versatur
1306 4637 1374 4700 in
1418 4635 1739 4701 similibus
1786 4646 1901 4701 aut
1943 4637 2285 4702 contrariis
2331 4639 2696 4725 praeceptis
2726 4635 2832 4702 vel
2877 4636 3212 4724 scriptoris

633 4735 841 4822 ipsius
886 4735 993 4803 vel
1036 4736 1312 4802 aliorum
1352 4738 1929 4824 grammaticorum
1974 4740 2440 4827 componendis
2494 4752 2690 4827 atque
2732 4740 3209 4827 comparandis.
