3664 5546
1138 413 1298 469 ΠΕΡΙ
1337 412 1728 468 ΚΑΘΟΛΙΚΗ(
1762 409 2186 467 ΠΡΟΕΩιΔΙΑ(
2222 412 2274 465 ς.
2881 407 2999 473 141

538 604 543 609 ·
586 586 680 650 Τά
723 585 812 651 εἰς
853 587 980 662 W
1022 585 1530 664 ὑπερδιςύλλαβα
1574 583 1834 667 βραχείᾳ
1887 581 2385 661 παραληγόμενα
2426 579 3004 661 προπαροξύνεται,

418 687 809 772 πάταγος,
855 687 1135 764 ἔλεγος
1180 686 1218 751 ὁ
1263 689 1515 766 θρῆνος.
1561 685 2066 761 Τεκτόςαγος.
2111 682 2451 760 Ὤγυγος
2495 680 2633 751 υἱὸς
2662 681 3003 764 Τερμέρας,

419 788 543 870 ἀφ’
588 788 669 854 οὗ
710 790 926 854 Λύκιοι
958 788 1240 866 Ὠγύγιοι
1287 788 1599 864 λέγονται.
1644 786 2099 866 ἀςπάραγος
2142 785 2374 864 κυρίως
2417 784 2455 849 ὁ
2500 784 2605 850 ἐπὶ
2633 787 2766 853 τοῦ.
2794 784 3004 848 ἑλείου

419 892 458 970 ἢ
504 891 722 971 ὀρείου
767 889 806 956 ὁ
851 893 931 970 μὴ
978 890 1405 970 ςπειρόμενος.
1494 888 1958 970 ἀςφάραγος
2003 888 2042 954 δ
2088 888 2435 967 λεγόμενος
2481 887 2749 967 φάρυγξ.

589 993 683 1058 Τὰ
726 993 815 1058 εἰς
855 998 973 1071 <foe
1015 994 1395 1073 τριςύλλαβα
1423 990 1718 1070 ἀρςενικὰ
1747 992 1932 1071 φύςει
1975 991 2015 1069 ἢ
2060 991 2222 1056 θέςει
2253 994 2458 1073 μακρᾷ
2484 988 3003 1069 παραληγόμενα,
3033 1005 3065 1055 5

421 1095 502 1174 μὴ
548 1096 1118 1175 διπλαςιαζομένου
1171 1098 1289 1159 τοῦ
1333 1096 1404 1177 γ,
1461 1094 1653 1173 χωρὶς
1707 1093 1762 1158 εἰ
1817 1095 1899 1174 μὴ
1944 1093 2129 1172 κύρια
2185 1092 2282 1173 εἴη
2338 1093 2441 1157 καὶ
2483 1091 2745 1158 ἔννοιαν
2791 1090 3006 1156 ςυνθέ-

422 1217 578 1262 ςεως
632 1197 804 1281 ἔχοι,
870 1197 1195 1280 ὀξύνεται,
1272 1196 1600 1280 ἀρηγός,
1664 1194 2090 1278 πελαργός,
2155 1193 2533 1278 άμολγός,
2592 1196 3006 1274 βροτολοι-

421 1300 590 1382 γός,
638 1298 1016 1379 ἀρρωγός.
1087 1298 1488 1375 Πελαςγός
1533 1297 1786 1363 ἑθνικόν
1832 1297 2179 1377 ὁμώνυμον
2222 1304 2315 1382 τῷ
2359 1298 2595 1381 κτίςτῃ,
2639 1296 3008 1377 Ἀβαςγός

421 1400 612 1466 ἔθνος
671 1400 947 1467 (κυθίας.
1018 1401 1442 1480 Χολαργός.
1509 1399 1683 1466 οὕτω
1735 1400 2026 1478 Δίδυμος
2079 1398 2183 1464 καὶ
2233 1399 2577 1479 Διόδωρος
2629 1398 2747 1464 τὸν
2803 1399 3006 1476 δῆμον

423 1507 534 1581 τῆς
580 1504 1028 1583 Ἀκαμαντίδος
1073 1505 1282 1585 φυλῆς
1314 1506 1617 1585 καλοῦςι,
1660 1501 2008 1569 Διονύςιος
2052 1503 2124 1566 δὲ
2171 1502 2539 1581 Χολαργεῑς.
2596 1500 3005 1579 Ἱππημολ-
3050 1514 3110 1565 10

422 1605 559 1681 γός
604 1605 793 1671 ἔθνος
840 1605 1141 1671 (κυθικόν
1182 1605 1359 1684 παρὰ
1401 1606 1478 1671 τὸ
1522 1605 1677 1669 τοὺς
1717 1604 1960 1669 ἵππους
2003 1602 2319 1683 ἀμέλγειν.
2391 1604 2467 1668 τὸ
2513 1602 2585 1667 δὲ
2627 1598 3026 1681 Ἀμολγος

423 1707 1005 1787 προπαροξύτονον
1050 1708 1155 1772 ἐπὶ
1197 1710 1308 1785 τῆς
1351 1707 1550 1787 νήςου
1594 1706 1712 1772 οὐκ
1757 1705 2107 1786 ἀρςενικόν.
2182 1705 2430 1781 λέγεται
2476 1705 2547 1769 δὲ
2591 1703 2694 1775 καὶ
2733 1704 3007 1782 Ἀμορ-

423 1829 596 1892 γος,
641 1810 944 1875 ὡςαύτως
987 1812 1091 1875 καὶ
1133 1808 1635 1888 (ολόγοργος
1678 1808 1869 1874 πόλις
1912 1807 2239 1887 Ἀρκαδίας
2280 1806 2320 1885 ἡ
2365 1807 2468 1871 καὶ
2509 1807 2758 1885 Ἣραια.
2815 1806 2891 1870 τὸ
2936 1805 3009 1869 δὲ

427 1910 826 1988 (ύναγγος
881 1912 1069 1978 πόλις
1124 1911 1424 1991 Φοινίκης
1478 1911 1582 1976 καὶ
1625 1910 2031 1987 (άλαγγος
2087 1910 2277 1975 ἔθνος
2321 1906 2581 1973 Ἰταλίας
2623 1943 2710 1958 ——-
2752 1907 2880 1973 ἔςτι
2938 1907 3010 1971 δὲ

425 2015 529 2078 καὶ
571 2013 794 2093 ἕτερον
840 2014 1030 2079 ἔθνος
1060 2013 1318 2079 Ἰνδικόν
1347 2049 1433 2061 -
1462 2012 2033 2094 διπλαςιαζόμενον
2078 2012 2210 2092 ἔχει
2253 2011 2331 2077 τό
2373 2013 2428 2088 γ“·.
2474 2011 2578 2075 καὶ
2618 2011 2695 2076 τὸ
2727 2009 3009 2090 Ὅμαρ·
3047 2023 3111 2076 15

425 2134 562 2191 γος
608 2115 914 2193 ςύνθετον
957 2115 1089 2181 ἀπὸ
1134 2119 1253 2181 τοῦ
1297 2115 1463 2196 ὁμοῦ
1508 2117 1610 2179 καὶ
1652 2119 1771 2181 τοῦ
1814 2114 2031 2194 ἀργός.
2106 2114 2234 2180 ἔςτι
2279 2114 2352 2178 δὲ
2396 2112 2607 2192 ὄνομα
2649 2111 2859 2178 κυνός.

598 2244 632 2278 ιε
680 2217 771 2283 Τό
828 2216 1103 2294 ὀλίγος
1159 2216 1732 2297 προπαροξύνεται.
1819 2217 1946 2283 ἔςτι
2002 2217 2075 2281 δὲ
2131 2217 2422 2297 μονῆρες.
2511 2214 2707 2279 οὐδὲν
2753 2213 2877 2293 γὰρ
2922 2210 3011 2278 εἰς

426 2323 543 2397 *ffic-
596 2319 758 2399 ὑπὲρ
821 2320 941 2385 δύο
1007 2320 1321 2400 ςυλλαβὰς
1383 2325 1476 2405 τῷ
1519 2322 1553 2383 ἶ
1615 2320 2082 2403 παραλήγεται,
2149 2317 2317 2384 ἀλλὰ
2383 2317 2586 2396 μόνον
2643 2317 2720 2381 τὸ
2774 2315 3010 2392 ὀλίγος.

430 2424 596 2504 Μήτι
653 2423 774 2489 οὖν
830 2423 1211 2501 Ταραντῖνοι
1268 2424 1462 2503 χωρὶς
1514 2426 1631 2488 τοῦ
1684 2425 1725 2499 γ
1767 2421 2250 2502 προφερόμενοι
2301 2422 2418 2500 τὴν
2464 2419 2633 2488 λέξιν
2676 2417 3011 2494 ἀναλογώ-

427 2545 618 2603 τερον
662 2524 1170 2608 ἀποφαίνονται,
1215 2524 1428 2605 ὥςπερ
1472 2525 1738 2592 Ῥίνθων
1784 2526 1856 2590 ἐν
1900 2524 2120 2607 δούλῳ
2166 2522 2524 2607 Μελεάγρῳ
3046 2537 3115 2590 20

1002 2625 1268 2694 ὀλίοιςιν
1311 2627 1490 2709 ὑμῶν
1535 2627 1855 2709 ἐμπέφυκ’
1897 2625 2177 2707 εὐψυχία

428 2730 532 2796 καὶ
574 2728 647 2796 ἔν
689 2728 931 2815 Ἰοβάτῃ

1002 2834 1214 2917 χρῄζω
1256 2831 1381 2912 γὰρ
1425 2831 1608 2898 ὀλίον
1654 2834 1874 2911 μιςθὸν
1917 2831 2112 2897 αὐτὸς
2157 2829 2518 2911 λαμβάνειν.

428 2934 711 3000 Πλάτων
756 2934 973 3013 μέντοι
1018 2933 1057 2999 ὁ
1100 2935 1372 3016 κωμικὸς
1416 2934 1724 3002 διαπαίζει
1768 2936 1885 3015 τὴν
1930 2935 2099 3002 λέξιν
2144 2934 2236 2999 ὡς
2283 2933 2622 3014 βάρβαρον.

600 3036 694 3101 Τά
746 3035 837 3102 εἰς
881 3022 1006 3104 δοῖ
1041 3036 1344 3117 διβράχεα
1386 3036 1684 3116 ἀρςενικὰ
1727 3038 1830 3102 καὶ
1872 3037 2113 3117 θηλυκὰ
2156 3036 2340 3115 κύρια
2386 3035 2784 3116 βαρύνονται.
2841 3033 2898 3100 εἰ
2941 3034 3014 3098 δέ
3048 3051 3113 3101 25

430 3159 490 3203 τι
534 3137 799 3221 ὀξυνθῇ,
841 3143 1037 3205 τοῦτο
1081 3141 1361 3220 θηλυκὸν
1406 3141 1881 3220 προςηγορικόν
1910 3139 2137 3219 εύρέθη
2171 3144 2263 3222 τῷ
2306 3140 2347 3201 ὃ
2389 3139 2788 3221 παραλῆγον,
2832 3136 3012 3201 κλά-

433 3243 600 3323 δος,
642 3240 869 3307 Ἀδος
921 3241 1107 3307 πόλις
1159 3242 1460 3326 Κιλικίας,
1513 3241 1750 3307 κάδος
1806 3242 1912 3307 καὶ
1958 3241 2189 3306 Κάδοι
2244 3240 2431 3306 πόλις
2489 3238 2747 3306 Μυςίας.
2822 3236 3014 3317 (πρά-

434 3342 698 3441 βων-ιβ’
742 3343 835 3429 (p.
879 3342 1032 3426 576)
1088 3344 1232 3409 «καὶ
1272 3343 1683 3434 Δορυλάειον
1740 3344 1929 3409 πόλις
1982 3343 2086 3408 καὶ
2139 3341 2392 3409 Κάδοι».
2479 3340 2749 3409 Ῥόδος
2802 3343 3013 3420 νῆςος.

433 3622 630 3683 ceptus
660 3616 769 3667 fuit
803 3632 1005 3668 canon:
1045 3614 1097 3668 εἰ
1142 3617 1218 3682 μὴ
1255 3615 1343 3683 εἴη
1379 3615 1541 3683 κύρια
1576 3614 1693 3670 ἀπὸ
1727 3613 2093 3683 τριςυλλάβου
2127 3615 2422 3682 γενόμενα.
2598 3615 2635 3668 l.
2672 3617 2705 3666 2
2740 3612 3015 3668 Τεκτόςα·

435 3698 535 3748 γος
572 3689 630 3735 et
664 3682 903 3747 Ὠγ-υγος
939 3684 1162 3736 adiecta
1197 3690 1327 3736 sunt
1363 3702 1431 3737 ex
1468 3687 1547 3738 St.
1586 3686 1647 3737 Β.
1684 3687 1802 3751 612,
1842 3690 1869 3736 1
1907 3692 1965 3737 et
1999 3688 2124 3745 705,
2166 3688 2254 3750 18,
2298 3682 2617 3750 ἀςπᾰραγος
2665 3700 2733 3735 ex
2766 3685 2833 3735 Ε.
2871 3682 3015 3736 Gud.

434 3755 520 3816 84,
556 3754 643 3816 35,
679 3750 1001 3818 ἀςφάραγος
1039 3769 1108 3803 ex
1143 3755 1208 3804 E.
1246 3753 1391 3806 Gud.
1426 3755 1511 3818 87,
1548 3756 1630 3806 52.
1861 3754 1896 3804 l.
1933 3757 1966 3805 8
2010 3752 2268 3820 ἀρρωγός
2316 3753 2552 3821 apposui
2596 3768 2664 3803 ex
2700 3767 2913 3805 canone
2957 3751 3016 3802 in

434 3822 538 3873 An.
575 3822 678 3873 Ox.
699 3822 754 3872 11
788 3825 907 3886 343,
944 3824 994 3885 4,
1033 3822 1127 3886 qui
1160 3837 1282 3872 oum
1304 3822 1544 3873 Arcadio
1580 3823 1853 3888 congruit.
1899 3820 2193 3887 Πελαςγός
2227 3850 2294 3859 -
2330 3818 2703 3887 Ἱππημολγός
2738 3836 2807 3873 ex
2843 3821 2923 3873 St.
2949 3821 3016 3871 B.

436 3890 544 3940 Pro
588 3887 870 3953 Ἀμολγος
917 3890 1178 3941 librorum
1222 3906 1332 3941 non
1375 3905 1604 3944 necesse
1659 3896 1746 3943 est
1787 3890 2067 3956 Ἀμοργος
2122 3908 2245 3943 cum
2288 3890 2588 3942 Schmidtio
2637 3890 2907 3948 seribere,
2952 3892 3016 3938 ut

437 3957 629 4008 docuit
664 3957 907 4010 Meinek.
945 3957 1018 4009 ad
1054 3957 1136 4011 St.
1172 3958 1234 4009 B.
1272 3960 1363 4021 76,
1404 3961 1493 4023 1ος
1539 3959 1639 4011 sed
1681 3957 1963 4024 Ἀμοργος
2008 3960 2317 4011 addendum
2360 3957 2604 4009 iudicavi
2648 3959 2715 4009 ex
2751 3957 2832 4008 St.
2872 3957 2933 4008 B.
2975 3970 3017 4006 ε.

439 4023 736 4091 Ἀμοργός,
771 4027 869 4077 ubi
906 4042 975 4078 ox
1014 4032 1173 4077 tonos
1208 4026 1473 4092 seriptum
1519 4033 1628 4088 est,
1675 4029 1772 4079 ned
1818 4031 2350 4095 proparoxytonesin
2393 4031 2587 4077 tuetur
2627 4026 2799 4077 etiam
2840 4039 3017 4075 canon

435 4095 493 4144 in
528 4094 629 4144 An.
665 4095 766 4146 Ox.
806 4095 842 4145 l.
881 4110 928 4148 c.
1007 4093 1317 4158 ολόγοργος
1363 4111 1431 4146 ex
1467 4094 1546 4145 St.
1586 4096 1676 4159 Β.,
1722 4096 1820 4147 ubi
1865 4097 2098 4147 acuitur.
2166 4094 2238 4147 τὸ
2281 4093 2344 4146 δὲ
2387 4091 2675 4157 (ύναγγος
2719 4110 2787 4145 ex
2834 4095 2914 4145 St.
2952 4092 3015 4142 B.

438 4163 554 4226 591,
589 4165 671 4225 21,
712 4164 831 4213 ubi:
870 4160 1215 4227 Ἡρωδιανὸς
1252 4160 1314 4214 ἐν
1340 4161 1489 4230 ἕκτῳ
1526 4161 1688 4229 φηςί,
1726 4161 2011 4227 (ύναγγος
2036 4163 2200 4216 πόλις
2226 4159 2516 4228 Φοινίκης;
2553 4163 2691 4213 item
2715 4159 3017 4223 (Σάλαγγος.

436 4231 520 4280 Ex
555 4228 658 4281 hoe
693 4246 905 4282 canone
943 4232 1112 4282 etiam
1146 4230 1454 4296 χαλαργός,
1494 4232 1637 4297 quod
1670 4233 1730 4282 in
1768 4231 2024 4298 Sophocl.
2061 4232 2273 4283 Electr.
2308 4233 2407 4283 861
2446 4236 2715 4296 oxytonos
2751 4231 3017 4295 scriptum

438 4305 542 4361 est,
580 4299 920 4364 gravandum
956 4299 1062 4349 erit
1096 4305 1159 4349 ut
1194 4297 1493 4364 πόδαργος.
1648 4300 1685 4350 l.
1726 4303 1786 4362 17
1823 4304 2182 4365 praeceptum
2216 4300 2283 4350 de
2320 4294 2510 4361 ὀλίγος
2547 4314 2615 4350 ex
2649 4299 2795 4349 Mon.
2835 4299 2915 4359 19,
2953 4298 3019 4346 24

441 4370 497 4416 et
532 4365 673 4417 libro
708 4366 838 4431 περὶ
874 4368 1079 4418 παθῶν
1111 4368 1171 4417 in
1205 4368 1270 4419 Ε.
1306 4370 1381 4422 Μ.
1419 4369 1536 4427 621,
1572 4369 1635 4419 51
1673 4368 1973 4433 composui.
2115 4369 2151 4419 1.
2186 4369 2254 4419 25
2288 4373 2415 4433 post
2450 4364 2667 4431 θηλυκὰ
2701 4365 2891 4417 addidi
2925 4363 3018 4416 κύ-

438 4447 529 4499 ρια
581 4443 840 4487 monente
888 4435 1218 4494 Schmidtio‚
1263 4451 1428 4500 quum
1481 4450 1717 4501 sequens
1772 4433 2023 4501 θηλυκὸν
2076 4432 2487 4500 προςηγορικόν
2539 4434 2599 4486 id
2642 4434 3017 4486 Herodianum

437 4503 677 4554 voluisse
715 4504 1070 4557 demonstret.
1117 4503 1225 4554 Pro
1261 4502 1420 4569 ἅδος,
1460 4519 1624 4569 quum
1658 4509 1913 4555 neutrum
1940 4505 2040 4562 sit,
2074 4504 2211 4554 Lob.
2235 4504 2425 4554 Rhem.
2450 4504 2550 4554 307
2585 4507 2700 4556 not.
2726 4504 2792 4554 26
2828 4499 3017 4566 μάδος,

439 4571 744 4640 Goettling.
791 4573 857 4623 de
903 4587 1021 4623 aco.
1067 4574 1167 4623 217
1210 4571 1381 4636 γάδος
1425 4573 1716 4692 Ξὲἓροιιίι,
1773 4572 2111 4624 Schmidtius
2154 4570 2287 4624 ἅδος
2342 4571 2661 4623 satietatem
2717 4570 3017 4622 masculino

439 4655 641 4705 genere
676 4642 744 4694 E.
779 4640 972 4707 Magni
1006 4642 1156 4701 loco,
1196 4643 1279 4707 18,
1316 4642 1382 4691 26
1530 4655 1563 4691 ν
1608 4637 1898 4705 ἀρέςκειαν
1933 4637 2184 4707 ςημαίνει
2229 4639 2265 4704 ἢ
2301 4638 2538 4705 γνώμην
2572 4638 2608 4703 ἢ
2646 4637 2819 4703 κόρον
2853 4638 2890 4703 ἢ
2926 4636 3019 4690 κό-

440 4721 551 4760 πον
588 4708 815 4761 defendi
849 4724 1011 4775 posse
1048 4710 1334 4775 opinatur,
1371 4709 1469 4761 sed
1506 4710 1875 4775 praeferenda
1911 4715 1997 4762 est
2030 4711 2211 4762 altera
2236 4712 2359 4761 eius
2382 4708 2626 4773 suspicio
2653 4706 3020 4759 exhibendum

441 4789 563 4828 ense
598 4775 767 4830 Ἀδος
803 4793 891 4844 ap.
929 4778 1010 4828 St.
1043 4778 1106 4830 Β.
1143 4779 1261 4842 588,
1298 4780 1391 4840 21,
1443 4794 1550 4844 quo
1595 4779 1777 4844 posito
1821 4778 1991 4830 etiam
2036 4778 2372 4846 exemplum,
2411 4777 2555 4844 quod
2598 4776 2768 4828 verba.
2803 4772 3019 4841 θηλυκὰ

440 4842 601 4908 κύρια
644 4846 915 4906 indicant,
960 4845 1250 4898 lucramur.
1322 4844 1488 4900 Κάδοι
1533 4862 1600 4898 ex
1644 4847 1726 4899 St.
1763 4849 1854 4910 Β.,
1892 4864 1961 4900 ex
2004 4846 2196 4899 eodem
2243 4844 2449 4899 Ῥόδος.
2518 4847 2720 4896 Parum
2761 4849 3018 4916 aucupato

440 4929 720 4995 profertur
752 4946 931 4982 canon
963 4932 1023 4981 in
1057 4933 1233 4997 Epim.
1270 4933 1329 4982 in
1364 4933 1567 4984 Psalm.
1601 4935 1694 4996 21,
1729 4935 1796 4984 26
1832 4949 1867 4983 ο,
1904 4932 2311 4984 choen-obunco:
2357 4931 2431 4983 τὰ
2466 4929 2546 4984 είς
2581 4931 2677 4983 boc
2720 4928 3019 4993 διςύλλαβα
