3664 5546
1162 409 1321 465 ΠΕΡΙ
1368 408 1760 465 ΚΑΘΟΛΙΚΗ(
1793 406 2216 464 ΠΡΟΕΩιΔΙΑ(
2251 406 2305 462 Ε.
2905 405 3024 471 137

442 581 911 663 Θοάντειος,
984 582 1444 661 Ἀχίλλειος,
1518 580 2034 661 Διομήδειος,
2100 578 2779 660 Ἀριστοφάνειος,
2851 576 3025 642 Αἰό-

442 689 685 767 λεισς,
759 684 1265 765 Ἰορδάνειος,
1337 683 1804 764 Αἰςχίνειος,
1892 681 2518 763 Δημοςθένειος,
2596 679 3025 759 Ἀριςτοτέ-

444 790 687 869 λειος,
732 785 1400 866 Ἀςκληπιάδειος,
1444 784 1926 864 Τεμμίκειος.
1976 783 2309 849 Μενέλαος
2352 785 2424 848 δὲ
2467 783 2571 848 διὰ
2611 787 2729 848 τοῦ
2759 786 2792 845 ἶ
2841 781 3026 861 «Τεμ-

443 889 645 968 μίκιον
704 887 894 953 ἄςτυ»
955 887 1025 952 ἐν
1070 887 1308 973 πρώτῳ
1354 886 1671 967 Θηβαΐδος
1714 887 1921 966 φηςίν.
2004 885 2487 968 Πελόπειος,
2535 885 3025 965 Μοψόπειος.

443 990 913 1072 θεμίςτειος,
960 990 1429 1067 ἐπιτήδειος.
1490 989 1974 1067 Νυττέρειος.
2040 986 2167 1052 ἔςτι
2221 987 2293 1052 δὲ
2349 986 2559 1067 ὄνομα
2614 987 2884 1065 λιμένος.
2949 988 3086 1051 τὸ5

444 1093 516 1157 δὲ
560 1090 988 1171 ἀδελφειός
1032 1089 1164 1173 ἀπὸ
1207 1095 1323 1179 τοῦ
1367 1091 1654 1172 ἀδελφός
1682 1090 2023 1156 πλεονάζει
2063 1090 2140 1154 τὸ
2186 1092 2242 1154 e’u
2271 1090 2374 1153 καὶ
2415 1091 2492 1154 τὸ
2536 1088 3029 1168 Δαρδανειός

445 1195 517 1258 δὲ
561 1192 867 1259 ὀξύνεται.
943 1192 1022 1256 τά
1066 1193 1282 1271 μέντοι
1326 1194 1904 1273 προπεριςπώμενα
1949 1190 2029 1270 μῆ
2076 1191 2459 1271 ςημαίνοντα
2504 1193 2697 1271 μέρος
2743 1193 3030 1271 ςώματος

444 1295 1041 1373 εὑρεθέντα·ταῦτά
1100 1294 1242 1377 εἰςι,
1302 1298 1819 1377 πρυτανεῖος,
1887 1293 2311 1376 ἑταιρεῑος,
2378 1296 2832 1377 μεγαλεῖος,
2897 1314 3028 1370 γυ-

444 1400 832 1479 ναικεῖος,
879 1395 1260 1462 ἀκατεῖος.
1306 1398 1383 1463 τὸ
1428 1399 1499 1462 δὲ
1545 1397 1944 1475 ἑταίρειος
1986 1395 2482 1474 ἀναλογώτερόν
2528 1396 2656 1461 ἐςτι
2695 1416 3027 1475 προπαρο-

446 1499 764 1580 ξύνεςθαι,
823 1499 913 1563 ὡς
956 1498 1079 1576 γὰρ
1124 1500 1429 1579 ἡμέτερος
1472 1499 1928 1579 ἡμετέρειος
1985 1503 2284 1577 κτητικῶς
2340 1498 2584 1577 δηλαδή
2631 1500 2732 1563 καὶ
2777 1498 3028 1579 ἀβέλτε-
3073 1510 3132 1561 10

449 1621 562 1679 ρος
617 1599 1125 1679 ἀβελτὲρειος
1182 1601 1220 1666 ὁ
1277 1602 1520 1684 μωρός,
1576 1601 1747 1666 οὕτω
1803 1601 1909 1665 καὶ
1962 1600 2269 1679 ἑταίρειος
2312 1600 2476 1665 Ζεὺς
2533 1600 2571 1665 ὁ
2628 1601 2875 1683 ἔφορος
2919 1604 3032 1679 τῆς

447 1703 518 1768 ἐν
562 1708 639 1785 τῇ
683 1702 922 1785 ἑταιρίᾳ
966 1703 1318 1768 κοινωνίας.

616 1805 709 1869 Τὰ
763 1804 852 1868 εἰς
894 1807 1045 1868 {fio—c
1111 1806 1619 1886 ὑπερδιςύλλαβα
1682 1809 2274 1887 προπεριςπῶνται,
2336 1805 2391 1869 εἰ
2456 1805 2774 1870 ἐπιθετικά
2837 1804 2934 1885 εἴη
2992 1806 3030 1884 ἢ

449 1908 661 1989 κύρια,
726 1906 1208 1987 ὁμοφωνοῦντα
1270 1912 1407 1973 τοῖς
1476 1908 1821 1991 ἐπιθέτοις,
1888 1906 2252 1990 ἀλλοῖος,
2309 1907 2659 1989 αἰδοῖος,
2714 1906 3032 1991 ὁμοῖος,

447 2013 803 2090 γελοῖος,
847 2012 1266 2092 παντοῖος,
1311 2011 1555 2088 ήοῖος.
1646 2008 1708 2073 οἱ
1753 2012 1825 2075 δε
1871 2010 2385 2089 μεταγενέςτεροι
2440 2014 2572 2075 τῶν
2619 2010 2912 2075 Ἀττικῶν
2957 2011 3033 2075 τὸ
3073 2021 3134 2071 15

447 2114 705 2189 γελοῖος
761 2111 864 2175 καὶ
915 2111 1142 2191 ὁμοῖος
1196 2112 1812 2191 προπαροξύνουςιν.
1899 2114 1975 2178 τὸ
2032 2113 2105 2177 δὲ
2159 2112 2448 2192 φλοιός
2511 2112 2889 2192 διςύλλαβον
2935 2112 3038 2176 καὶ

448 2215 523 2279 τὸ
570 2212 891 2278 κολοιός
945 2214 1431 2294 προςηγορικόν.
1520 2214 1811 2281 ὀξύνεται
1870 2216 1942 2279 δὲ
1997 2216 2102 2279 καὶ
2156 2215 2232 2280 τὸ
2293 2214 2635 2294 ψοθοιός
2679 2214 2716 2278 ὁ
2763 2213 3035 2293 ἀκάθαρ-

449 2337 575 2381 τος.
673 2317 751 2380 τὸ
813 2317 885 2380 δὲ
937 2315 1313 2399 Ζάτοιος,
1377 2317 1688 2381 Ἀθοιος
1750 2316 1935 2395 κύρια
2011 2315 2172 2383 ὄντα
2234 2317 2869 2397 προπαροξύνονται,
2940 2314 3037 2381 οἶς

450 2418 679 2498 ὅμοιον
725 2418 828 2483 καὶ
868 2418 946 2483 τὸ
989 2419 1505 2500 τραπέζοιος,
1553 2419 1944 2484 Βοιωτιακόν
1988 2419 2084 2509 ὄν.
2131 2419 2195 2483 οἱ
2236 2419 2358 2497 γὰρ
2403 2419 2675 2485 Βοιωτοὶ
2715 2419 2791 2482 τὸ
2838 2423 2890 2482 ὠ
2936 2419 3041 2482 καὶ

448 2522 483 2582 ἶ
527 2521 616 2585 εἰς
659 2522 775 2598 τὴν
822 2522 887 2583 ὂῑ
914 2519 1274 2601 δίφθογγον
1313 2521 1643 2603 τρέπουςι,
1686 2522 1762 2587 τὸ
1805 2522 2131 2599 πατρώϊος
2172 2524 2558 2599 πατροῖος
2602 2522 2899 2597 λέγοντες
2938 2522 3041 2586 καὶ
3075 2530 3144 2581 20

450 2624 527 2688 τὸ
570 2623 809 2702 ἡρώϊος
854 2623 1145 2702 ἡροῖος.

478 2746 593 2751 --φ-
652 2744 729 2751 ‘q—

451 2814 518 2863 Ε.
553 2812 627 2861 Μ.
662 2812 780 2874 226,
819 2812 884 2863 49
921 2815 978 2862 et
1017 2804 1338 2876 Ἰορδάνειος
1376 2841 1440 2848 -—
1479 2810 1957 2877 Ἀςκληπιάδειος,
1997 2828 2137 2879 quae
2173 2817 2303 2864 sunt
2339 2828 2406 2863 ex
2443 2814 2505 2863 E.
2541 2813 2613 2863 M.
2655 2816 2774 2874 139,
2810 2813 2904 2874 46,
2952 2814 3038 2865 θε-

454 2879 691 2945 μίςτειος
729 2895 795 2930 ex
836 2879 1013 2931 Schol.
1050 2879 1121 2929 ad
1160 2880 1318 2930 Piud.
1357 2880 1443 2931 Ol.
1481 2881 1508 2931 1
1548 2882 1609 2930 18
1645 2882 1982 2943 θεμιςτεῑονε
2031 2879 2373 2944 Ἡρωδιανὸς
2419 2880 2860 2946 προπαροξύνει,
2909 2878 3038 2932 ἀνα-

453 2947 778 3013 λογώτερον
813 2946 885 3010 γά
923 2987 934 2998 .
1003 2946 1039 3009 ἡ
1086 2947 1147 3000 δὲ
1185 2950 1371 3014 χρῆςις
1416 2950 1784 3015 προπεριςπᾷ.
1820 2977 1887 2983 ——
1924 2946 2264 3013 ἐπιτήδειος,
2313 2949 2457 3015 quod
2494 2950 2688 3003 Choer.
2725 2949 2882 3000 Orth.
2920 2952 3040 3014 209,

456 3022 520 3069 10
555 3019 625 3068 ab
673 2963 970 3082 ἐπιτηδιξς,
1008 3017 1255 3082 Theogn.
1291 3020 1375 3081 64,
1413 3021 1478 3068 33
1515 3017 1585 3067 ab
1624 3015 1944 3083 ἐπιτηδεύω
1991 3019 2221 3082 repetit,
2261 3033 2328 3068 ex
2365 3017 2611 3083 Theogn.
2688 3016 3037 3083 Νυττέρειος,

454 3085 599 3153 quod
634 3085 693 3135 in
731 3083 999 3149 ἰττέρειο(
1035 3101 1200 3152 supra
1235 3090 1653 3136 commemorato
1693 3086 1871 3136 latere
1909 3085 2220 3151 suspicatus
2257 3101 2400 3147 sum,
2440 3101 2509 3136 ex
2543 3086 2665 3136 libr.
2691 3087 2818 3151 περὶ
2844 3084 3038 3137 ποςότ.

453 3157 572 3215 292,
607 3156 691 3215 23,
727 3153 823 3204 ubi
858 3158 1150 3219 praeterea
1186 3152 1524 3205 Πεδεύκειος
1572 3152 1751 3217 ὄνομα
1787 3151 1990 3219 ἀνδρὸς
2035 3155 2280 3208 affertur.
2351 3154 2535 3205 Verba
2580 3154 2673 3205 καὶ
2717 3153 2787 3205 τὸ
2823 3152 2912 3205 Δα
3018 3184 3039 3194 -

456 3221 603 3273 νειός
639 3220 701 3272 δὲ
736 3219 997 3274 ὀξύνεται
1033 3238 1101 3272 ex
1138 3222 1513 3288 superioribus
1548 3221 1656 3272 hue
1692 3225 1857 3276 traxi.
1999 3223 2033 3273 1.
2071 3224 2101 3273 '¹1
2138 3239 2236 3288 pro
2275 3222 2458 3273 verbis
2494 3220 2609 3273 ἀπὸ
2645 3223 2768 3273 τῶν
2794 3220 2896 3286 ‘ou
2937 3237 3039 3287 pou

458 3289 669 3343 λέξεων
706 3305 871 3340 sensu
907 3290 1220 3342 carentibus
1259 3291 1416 3356 posui
1451 3306 1568 3340 eum
1606 3291 1743 3341 Lob.
1775 3289 1979 3341 Parall.
2016 3293 2114 3341 322
2151 3295 2267 3341 not.
2292 3293 2357 3340 22
2395 3306 2463 3340 ex
2499 3292 2589 3341 Et.
2616 3290 2756 3343 Gud.
2793 3292 2909 3355 383,
2946 3294 3040 3342 52:

461 3359 535 3423 μὴ
574 3356 914 3422 ςημαίνοντα
951 3357 1117 3424 μέρος
1162 3357 1435 3423 ςώματος.
1472 3387 1537 3394 —-
1573 3356 1857 3422 ἀκατεῑος,
1905 3359 2051 3424 quod
2087 3359 2222 3409 Lob.
2258 3358 2294 3410 l.
2332 3376 2376 3408 c.
2412 3359 2469 3409 in
2507 3357 2782 3411 Ἑκατεῖος
2826 3364 3040 3410 mutare

456 3427 603 3490 vult,
648 3427 919 3477 intactum
963 3427 1162 3492 reliqui
1216 3429 1287 3478 ef.
1341 3427 1604 3478 Schmidt.
1652 3427 1725 3478 ad
1769 3427 2008 3492 Hesyeh.
2055 3442 2096 3482 e.
2145 3424 2390 3477 ἀκάτιον.
2435 3455 2502 3463 -
2545 3426 2616 3479 τὸ
2663 3426 2724 3478 δὲ
2771 3425 3040 3493 ἑταίρειος

455 3510 631 3560 usque
669 3494 740 3543 ad
775 3493 938 3545 finem
973 3494 1165 3545 addidi
1201 3510 1269 3545 ex
1306 3496 1560 3546 Eustath.
1599 3497 1756 3559 1930,
1794 3498 1887 3558 32,
1935 3495 2027 3546 ubi
2075 3494 2107 3547 ὁ
2144 3493 2204 3546 δὲ
2251 3494 2506 3559 τεχνικὸς
2543 3494 2871 3560 καινότερον
2907 3510 3040 3562 προ-

458 3561 758 3626 παροξύνει
794 3560 999 3626 αὐτόν,
1036 3559 1255 3627 γράψας
1300 3562 1454 3614 οὕτω
1493 3563 1707 3628 ῥητῶς,
1757 3561 1838 3615 ὡς
1883 3563 2001 3614 κτλ.
2072 3564 2155 3614 De
2201 3563 2450 3615 omnibus
2496 3569 2753 3615 accurate
2791 3565 3044 3630 exposuit

458 3631 594 3686 Lob.
633 3630 704 3682 ad
729 3630 812 3680 Ai.
838 3633 935 3681 113
959 3646 1113 3697 seqq.
1149 3638 1206 3682 et
1230 3632 1435 3686 Parall.
1474 3632 1510 3682 l.
1547 3648 1595 3682 ο.
1645 3632 1940 3682 Caeterum
1975 3631 2148 3683 multa
2186 3631 2252 3682 de
2290 3632 2599 3683 nominibus
2635 3633 2692 3682 iu
2725 3634 2844 3684 ἐἶς’
2918 3649 3042 3683 rae-

457 3716 517 3750 ee
559 3703 619 3750 ta
653 3699 913 3765 periisse,
953 3714 1093 3764 quae
1133 3714 1276 3749 nune
1312 3701 1532 3751 restitui
1567 3702 1677 3751 iam
1713 3716 1821 3751 non
1848 3705 2102 3766 possunt.
2142 3706 2379 3766 apparet
2414 3717 2482 3751 ex
2506 3700 2789 3752 vocabulis
2815 3717 2848 3751 a
2916 3709 2956 3752 t.
2979 3703 3041 3752 Β.

460 3785 516 3819 re
542 3768 678 3819 atis:
720 3764 1045 3831 Κυγχρεῑος,
1085 3763 1326 3830 Αίνεῖος,
1370 3767 1599 3832 Νέμειος
1637 3767 1889 3832 ἑθνικόν,
1928 3767 2210 3831 Ὄγκειος,
2249 3767 2539 3832 Ἀλπειος,
2578 3766 2860 3834 (ἐρρειος,
2899 3767 3040 3834 Τάρ-

459 3850 628 3901 ςειος,
667 3833 905 3899 (ίγειος,
949 3834 983 3887 Γ
984 3833 1229 3899 ρύνειος,
1267 3834 1543 3901 Ἕρμειος,
1586 3834 1904 3901 Κέγχρειος,
1942 3836 2223 3901 Λύρκειος.
2334 3837 2371 3887 l.
2400 3840 2462 3888 15
2497 3837 2652 3901 ήοῑος
2691 3854 2756 3888 ex
2793 3838 3039 3903 Theogn.

457 3907 540 3964 64,
578 3908 610 3955 2
647 3905 898 3970 apposui.
965 3905 1144 3955 Verba
1180 3901 1235 3956 ot
1269 3902 1329 3955 δὲ
1368 3903 1823 3971 μεταγενέςτεροι
1860 3933 1925 3939 -
1962 3903 2153 3968 ὁμοῖος
2202 3902 2684 3969 προπαροξύνουςι
2732 3906 2938 3971 sumpsi
2975 3920 3043 3955 ex

459 3974 523 4024 Ε.
558 3972 632 4022 Μ.
667 3975 786 4027 224.
824 3974 917 4035 20,
955 3988 1075 4022 eum
1112 3988 1216 4037 quo
1265 3975 1519 4056 congruit
1553 3973 1619 4027 11.
1657 3974 1746 4024 Er.
1786 3971 1834 4024 Ξ
1870 3975 1993 4023 521:
2039 3973 2108 4025 τὸ
2155 3971 2258 4037 μὲν
2297 3973 2487 4036 ὁμοῖος
2535 3971 2613 4024 ὡς
2650 3970 2874 4025 ἀλλοῖος
2910 3971 3040 4024 ἀνα-

459 4039 768 4104 γνωςτέον·
812 4039 883 4091 τὸ
927 4039 1034 4105 γὰρ
1079 4041 1530 4105 προπαροξυνειν
1578 4039 2069 4104 μεταγενεςτέρων
2113 4039 2264 4093 ἐςτίν
2313 4040 2587 4094 Ἀττικῶν
2634 4046 2691 4091 et
2740 4041 2918 4092 Schol.
2970 4041 3043 4091 ad

459 4110 687 4174 Dionys.
732 4110 859 4172 673,
908 4111 997 4172 15,
1043 4110 1136 4160 ubi
1180 4108 1535 4160 Herodianea
1578 4109 1868 4175 prosodiae
1914 4109 2162 4160 definitio
2205 4109 2508 4176 profertur:
2544 4108 2617 4161 τὰ
2661 4108 2750 4160 διὰ
2784 4111 2887 4160 τοῦ
2924 4109 3044 4162 ὀΤὸῖ

461 4176 687 4229 ἅπαντα
732 4175 1243 4242 προπεριςπώμενα
1290 4175 1562 4242 ἑτεροῖος,
1609 4178 1856 4240 γελοῖος,
1896 4174 2146 4242 ἀλλοῖος,
2194 4176 2283 4229 διὰ
2325 4180 2501 4228 τοῦτο
2545 4177 2636 4229 καὶ
2673 4176 2923 4242 Ὅμηρος
2968 4180 3040 4244 τῇ

460 4243 731 4313 ἀναλογίᾳ
767 4243 1138 4310 χρηςάμενος,
1178 4243 1256 4297 ὡς
1293 4242 1396 4310 ἀεί,
1434 4243 1588 4312 φηςί,
1626 4246 1731 4298 τὸν
1769 4245 1968 4308 ὁμοῖον
2001 4243 2122 4308 ἄγει
2159 4245 2289 4297 θεὸς
2326 4242 2405 4297 ὡς
2441 4245 2547 4297 τὸν
2584 4246 2781 4309 ὁμοῖον
2818 4245 2875 4310 (ρ
2901 4244 3041 4310 218).

462 4312 515 4365 οἱ
550 4312 612 4365 δὲ
651 4311 892 4365 Ἀττικοὶ
931 4312 1121 4377 ὅμοιος
1157 4311 1391 4375 λέγουςι.
1427 4342 1494 4350 —-
1529 4314 1760 4378 ψοθοιός
1798 4312 1995 4364 addidi
2029 4330 2096 4364 ex
2133 4314 2378 4379 Theogn.
2415 4317 2506 4374 53,
2545 4317 2635 4372 27,
2679 4314 2825 4364 unde
2873 4315 3041 4365 etiam

462 4381 685 4434 Ἀθοιος
722 4380 1090 4446 Τραπὲζοιος,
1130 4382 1196 4433 de
1236 4383 1431 4447 quibus
1468 4384 1604 4436 Lob.
1629 4383 1714 4433 ΕΙ.
1742 4383 1764 4432 1
1791 4398 1843 4447 p.
1866 4383 1985 4442 463,
2021 4396 2193 4447 neque
2230 4380 2601 4432 accedendum
2627 4388 2713 4433 est
2739 4382 3043 4433 Schmidtio

465 4467 560 4516 pro
596 4449 827 4514 ψοθοιός
864 4449 1063 4513 ψόθιος
1099 4452 1332 4502 seribere
1366 4450 1578 4503 volenti
1616 4451 1688 4501 ad
1723 4451 1857 4500 Hes.
1890 4447 2109 4513 ψοθίον.
2157 4450 2341 4500 Verba
2376 4447 2430 4502 οἱ
2464 4447 2571 4515 γὰρ
2597 4449 2835 4502 Βοιωτοὶ
2870 4465 3044 4517 usque

464 4519 534 4569 ad
578 4518 741 4569 finem
786 4534 851 4569 ex
888 4520 950 4569 E.
989 4520 1066 4570 M.
1112 4519 1146 4568 1.
1182 4534 1226 4569 e.
1252 4513 1489 4585 'sumpta
1537 4525 1682 4569 sunt.
1754 4517 1825 4568 cf.
1872 4517 2088 4568 Ahrens
2132 4519 2200 4568 de
2254 4517 2384 4568 dial.
2418 4517 2570 4568 Aeol.
2607 4535 2657 4584 p.
2701 4521 2796 4570 193
2842 4525 2956 4573 not.
2995 4522 3043 4570 9.

462 4588 737 4649 Fuerunt,
776 4588 868 4651 qui
903 4587 1122 4649 γελοῖος
1168 4604 1202 4638 a
1237 4585 1470 4650 γέλοιος.
1494 4586 1926 4652 distinguerent:
1975 4586 2149 4651 Epim.
2189 4585 2277 4636 Cr.
2314 4587 2339 4636 1
2379 4589 2502 4649 101,
2540 4588 2573 4637 8
2620 4586 3042 4651 προπαροξυτό-

464 4668 579 4706 νως
617 4653 838 4717 λέγεται
875 4654 907 4706 ὁ
941 4654 1355 4719 γελωτοποιός,
1393 4651 1949 4720 προπεριςπωμὲνως
1985 4653 2047 4705 δὲ
2082 4652 2114 4706 ό
2152 4652 2403 4716 γέλωτος
2439 4653 2615 4718 ἄξιος,
2656 4654 2801 4719 quod
2837 4656 2905 4706 ab
2932 4656 3042 4706 He—

465 4723 693 4774 rodiano
731 4723 1006 4774 abhorret.
1078 4724 1142 4773 In
1177 4725 1240 4774 E.
1277 4726 1352 4775 M.
1389 4723 1423 4774 1.
1462 4741 1505 4774 c.
1544 4739 1719 4774 canon
1765 4723 1844 4773 sie
1887 4729 2184 4787 conceptus
2228 4728 2336 4774 estz
2382 4721 2453 4774 τὰ
2498 4721 2588 4773 διὰ
2621 4724 2725 4773 τοῦ
2763 4723 2878 4775 ὁῑῖς
2916 4722 3042 4776 ὀνό-

468 4805 613 4854 ματα
658 4789 802 4856 ὑπὲρ
845 4790 947 4843 δύο
993 4791 1266 4855 ςυλλαβὰς
1308 4790 1534 4844 ἅπαντα
1572 4792 2016 4856 προπεριςπᾶται
2051 4787 2175 4843 οἷον
2213 4794 2481 4843 παντοῖος
2517 4789 2741 4842 ἀλλοῖος
2779 4790 3041 4857 ἑτεροῖος.

467 4857 522 4910 οἱ
563 4858 625 4910 δὲ
661 4858 1114 4925 μεταγενὲςτεροι
1147 4862 1271 4911 τῶν
1310 4860 1584 4913 Ἀττικῶν
1618 4860 1687 4912 τὸ
1723 4859 1944 4923 γελοῖος
1981 4858 2071 4910 καὶ
2107 4858 2296 4922 ὁμοῖος
2336 4858 2867 4924 προπαροξύνουςιν.
2938 4859 3043 4912 οὐκ

469 4925 561 4992 εὖ,
596 4930 712 4978 tum
747 4943 890 4993 quae
925 4929 984 4978 in
1016 4929 1120 4994 Ep.
1153 4928 1187 4979 1.
1225 4946 1271 4982 e.
1307 4930 1453 4980 inter
1486 4927 1702 4992 γέλοιος
1741 4933 1799 4979 et
1832 4927 2056 5004 γελοῖος
2088 4931 2356 4979 statuitur
2391 4928 2732 4992 differentia,
2770 4929 3006 4986 additur.
