<?xml version="1.0" encoding="UTF-8"?>
<!DOCTYPE html PUBLIC "-//W3C//DTD XHTML 1.0 Transitional//EN"
    "http://www.w3.org/TR/xhtml1/DTD/xhtml1-transitional.dtd">
<html xmlns="http://www.w3.org/1999/xhtml" xml:lang="en" lang="en">
 <head>
  <title>
</title>
<meta http-equiv="Content-Type" content="text/html;charset=utf-8" />
  <meta name='ocr-system' content='tesseract 3.04.00' />
  <meta name='ocr-capabilities' content='ocr_page ocr_carea ocr_par ocr_line ocrx_word'/>
</head>
<body>
  <div class='ocr_page' id='page_1' title='image "./grammaticigraec02unkngoog_0784.png"; bbox 0 0 3664 5546; ppageno 0'>
   <div class='ocr_carea' id='block_1_1' title="bbox 29 4314 34 5126">
    <p class='ocr_par' dir='ltr' id='par_1_1' title="bbox 29 4314 34 5126">
     <span class='ocr_line' id='line_1_1' title="bbox 29 4314 34 5126; baseline 0 0"><span class='ocrx_word' id='word_1_1' title='bbox 29 4314 34 5126; x_wconf 95' lang='lat' dir='ltr'> </span> 
     </span>
    </p>
   </div>
   <div class='ocr_carea' id='block_1_2' title="bbox 607 369 2258 472">
    <p class='ocr_par' dir='ltr' id='par_1_2' title="bbox 607 369 2258 472">
     <span class='ocr_line' id='line_1_2' title="bbox 607 369 2258 472; baseline -0.002 -8"><span class='ocrx_word' id='word_1_2' title='bbox 607 401 732 464; x_wconf 82' lang='lat'>538</span> <span class='ocrx_word' id='word_1_3' title='bbox 787 398 792 402; x_wconf 77' lang='grc'><strong>’</strong></span> <span class='ocrx_word' id='word_1_4' title='bbox 1085 403 1100 410; x_wconf 93' lang='grc'><em>·</em></span> <span class='ocrx_word' id='word_1_5' title='bbox 1497 369 1500 372; x_wconf 63' lang='grc'><strong>’</strong></span> <span class='ocrx_word' id='word_1_6' title='bbox 1545 403 1628 457; x_wconf 89' lang='grc' dir='ltr'>εκ</span> <span class='ocrx_word' id='word_1_7' title='bbox 1665 404 1805 457; x_wconf 65' lang='lat' dir='ltr'>mn</span> <span class='ocrx_word' id='word_1_8' title='bbox 1848 404 2258 472; x_wconf 75' lang='grc' dir='ltr'>ΗΡΩΔΙΑΝΟΥ,</span> 
     </span>
    </p>
   </div>
   <div class='ocr_carea' id='block_1_3' title="bbox 502 573 3198 2791">
    <p class='ocr_par' dir='ltr' id='par_1_3' title="bbox 607 573 3195 860">
     <span class='ocr_line' id='line_1_3' title="bbox 774 573 3193 660; baseline 0.002 -22"><span class='ocrx_word' id='word_1_9' title='bbox 774 573 920 638; x_wconf 85' lang='grc' dir='ltr'>Πᾶν</span> <span class='ocrx_word' id='word_1_10' title='bbox 974 578 1240 654; x_wconf 85' lang='grc' dir='ltr'>φωνῆεν</span> <span class='ocrx_word' id='word_1_11' title='bbox 1293 576 1422 653; x_wconf 93' lang='grc' dir='ltr'>πρὸ</span> <span class='ocrx_word' id='word_1_12' title='bbox 1478 576 1706 640; x_wconf 85' lang='grc' dir='ltr'>δαςὲος</span> <span class='ocrx_word' id='word_1_13' title='bbox 1761 577 1864 640; x_wconf 79' lang='grc' dir='ltr'>καὶ</span> <span class='ocrx_word' id='word_1_14' title='bbox 1918 580 2035 640; x_wconf 86' lang='grc' dir='ltr'>τοῦ</span> <span class='ocrx_word' id='word_1_15' title='bbox 2079 579 2117 654; x_wconf 72' lang='grc' dir='ltr'>ἴ)</span> <span class='ocrx_word' id='word_1_16' title='bbox 2170 580 2505 659; x_wconf 87' lang='grc' dir='ltr'>ψιλοῡται,</span> <span class='ocrx_word' id='word_1_17' title='bbox 2563 576 2850 659; x_wconf 85' lang='grc' dir='ltr'>ὀφρῦς,</span> <span class='ocrx_word' id='word_1_18' title='bbox 2905 578 3193 660; x_wconf 89' lang='grc' dir='ltr'>ἀφρός,</span> 
     </span>
     <span class='ocr_line' id='line_1_4' title="bbox 607 673 3195 760; baseline 0.002 -22"><span class='ocrx_word' id='word_1_19' title='bbox 607 673 846 758; x_wconf 90' lang='grc' dir='ltr'>ὄφρα,</span> <span class='ocrx_word' id='word_1_20' title='bbox 893 674 1102 754; x_wconf 83' lang='grc' dir='ltr'>ἀθρῶ</span> <span class='ocrx_word' id='word_1_21' title='bbox 1148 675 1226 753; x_wconf 78' lang='grc' dir='ltr'>«ἡ</span> <span class='ocrx_word' id='word_1_22' title='bbox 1272 677 1340 740; x_wconf 80' lang='grc' dir='ltr'>δ’</span> <span class='ocrx_word' id='word_1_23' title='bbox 1385 676 1531 740; x_wconf 82' lang='grc' dir='ltr'>οὔτ’</span> <span class='ocrx_word' id='word_1_24' title='bbox 1574 675 1836 756; x_wconf 90' lang='grc' dir='ltr'>ἀθρῆςαι</span> <span class='ocrx_word' id='word_1_25' title='bbox 1883 679 2161 743; x_wconf 82' lang='grc' dir='ltr'>δύνατο»</span> <span class='ocrx_word' id='word_1_26' title='bbox 2214 675 2367 760; x_wconf 81' lang='lat' dir='ltr'><strong>(od.</strong></span> <span class='ocrx_word' id='word_1_27' title='bbox 2412 699 2448 742; x_wconf 90' lang='grc' dir='ltr'>τ</span> <span class='ocrx_word' id='word_1_28' title='bbox 2490 677 2662 759; x_wconf 84' lang='grc'>478).</span> <span class='ocrx_word' id='word_1_29' title='bbox 2749 679 2824 742; x_wconf 90' lang='grc' dir='ltr'>τὸ</span> <span class='ocrx_word' id='word_1_30' title='bbox 2869 678 3195 757; x_wconf 85' lang='grc' dir='ltr'>ἁθρόος,</span> 
     </span>
     <span class='ocr_line' id='line_1_5' title="bbox 607 776 2481 860; baseline 0.002 -20"><span class='ocrx_word' id='word_1_31' title='bbox 607 776 715 841; x_wconf 86' lang='grc' dir='ltr'>ὅτε</span> <span class='ocrx_word' id='word_1_32' title='bbox 760 777 1121 842; x_wconf 86' lang='grc' dir='ltr'>ἐπιτατικὸν</span> <span class='ocrx_word' id='word_1_33' title='bbox 1166 777 1296 855; x_wconf 83' lang='grc' dir='ltr'>ἔχει</span> <span class='ocrx_word' id='word_1_34' title='bbox 1342 778 1417 842; x_wconf 91' lang='grc' dir='ltr'>τὸ</span> <span class='ocrx_word' id='word_1_35' title='bbox 1464 781 1535 860; x_wconf 83' lang='grc' dir='ltr'>ἆ,</span> <span class='ocrx_word' id='word_1_36' title='bbox 1581 780 1914 844; x_wconf 90' lang='grc' dir='ltr'>δαςύνεται</span> <span class='ocrx_word' id='word_1_37' title='bbox 1957 780 2116 858; x_wconf 78' lang='grc' dir='ltr'>παρ’</span> <span class='ocrx_word' id='word_1_38' title='bbox 2160 780 2481 844; x_wconf 86' lang='grc' dir='ltr'>Ἀττικοῖς.</span> 
     </span>
    </p>

    <p class='ocr_par' dir='ltr' id='par_1_4' title="bbox 773 878 3194 964">
     <span class='ocr_line' id='line_1_6' title="bbox 773 878 3194 964; baseline 0.001 -22"><span class='ocrx_word' id='word_1_39' title='bbox 773 878 920 943; x_wconf 83' lang='grc' dir='ltr'>Πᾶν</span> <span class='ocrx_word' id='word_1_40' title='bbox 964 882 1230 960; x_wconf 87' lang='grc' dir='ltr'>φωνῆεν</span> <span class='ocrx_word' id='word_1_41' title='bbox 1274 879 1363 943; x_wconf 87' lang='grc' dir='ltr'>εἰς</span> <span class='ocrx_word' id='word_1_42' title='bbox 1418 883 1455 958; x_wconf 74' lang='grc' dir='ltr'>ρ</span> <span class='ocrx_word' id='word_1_43' title='bbox 1503 884 1703 959; x_wconf 83' lang='grc' dir='ltr'>λῆγον</span> <span class='ocrx_word' id='word_1_44' title='bbox 1748 881 2227 961; x_wconf 80' lang='grc' dir='ltr'>ἐπιφερομένου</span> <span class='ocrx_word' id='word_1_45' title='bbox 2271 882 2497 947; x_wconf 88' lang='grc' dir='ltr'>δαςέος</span> <span class='ocrx_word' id='word_1_46' title='bbox 2551 884 2885 963; x_wconf 83' lang='grc' dir='ltr'>ψιλοῦται,</span> <span class='ocrx_word' id='word_1_47' title='bbox 2942 881 3194 964; x_wconf 82' lang='grc' dir='ltr'>ἄρχω,</span> 
     </span>
    </p>

    <p class='ocr_par' dir='ltr' id='par_1_5' title="bbox 545 980 3195 1164">
     <span class='ocr_line' id='line_1_7' title="bbox 545 980 3195 1064; baseline 0.002 -21"><span class='ocrx_word' id='word_1_48' title='bbox 545 980 978 1064; x_wconf 83' lang='grc' dir='ltr'>5ἔρχομαι,</span> <span class='ocrx_word' id='word_1_49' title='bbox 1032 980 1303 1063; x_wconf 88' lang='grc' dir='ltr'>ὄρχος,</span> <span class='ocrx_word' id='word_1_50' title='bbox 1361 981 1749 1064; x_wconf 88' lang='grc' dir='ltr'>ὀρφανός,</span> <span class='ocrx_word' id='word_1_51' title='bbox 1806 982 2004 1062; x_wconf 84' lang='grc' dir='ltr'>ὕρχα</span> <span class='ocrx_word' id='word_1_52' title='bbox 2045 982 2122 1047; x_wconf 90' lang='grc' dir='ltr'>τὸ</span> <span class='ocrx_word' id='word_1_53' title='bbox 2165 984 2511 1063; x_wconf 87' lang='grc' dir='ltr'>ταριχηρὸν</span> <span class='ocrx_word' id='word_1_54' title='bbox 2555 982 2839 1059; x_wconf 85' lang='grc' dir='ltr'>ἀγγεῖον.</span> <span class='ocrx_word' id='word_1_55' title='bbox 2928 984 3195 1048; x_wconf 83' lang='grc' dir='ltr'>Ἀττικοὶ</span> 
     </span>
     <span class='ocr_line' id='line_1_8' title="bbox 607 1082 1978 1164; baseline 0.001 -18"><span class='ocrx_word' id='word_1_56' title='bbox 607 1083 679 1147; x_wconf 80' lang='grc' dir='ltr'>δὲ</span> <span class='ocrx_word' id='word_1_57' title='bbox 724 1082 1063 1147; x_wconf 87' lang='grc' dir='ltr'>δαςύνουςι</span> <span class='ocrx_word' id='word_1_58' title='bbox 1106 1084 1184 1147; x_wconf 93' lang='grc' dir='ltr'>τὸ</span> <span class='ocrx_word' id='word_1_59' title='bbox 1230 1083 1504 1163; x_wconf 85' lang='grc' dir='ltr'>εἱρκτή</span> <span class='ocrx_word' id='word_1_60' title='bbox 1550 1083 1978 1164; x_wconf 80' lang='grc' dir='ltr'>εἱρχθῆναι.</span> 
     </span>
    </p>

    <p class='ocr_par' dir='ltr' id='par_1_6' title="bbox 607 1184 3195 1473">
     <span class='ocr_line' id='line_1_9' title="bbox 774 1184 3193 1268; baseline 0.002 -21"><span class='ocrx_word' id='word_1_61' title='bbox 774 1212 812 1246; x_wconf 65' lang='grc' dir='ltr'>ιι</span> <span class='ocrx_word' id='word_1_62' title='bbox 859 1184 955 1249; x_wconf 86' lang='grc' dir='ltr'>Τὰ</span> <span class='ocrx_word' id='word_1_63' title='bbox 998 1185 1344 1265; x_wconf 88' lang='grc' dir='ltr'>φωνήεντα</span> <span class='ocrx_word' id='word_1_64' title='bbox 1389 1187 1832 1264; x_wconf 86' lang='grc' dir='ltr'>καταλήγοντα</span> <span class='ocrx_word' id='word_1_65' title='bbox 1877 1186 1967 1250; x_wconf 85' lang='grc' dir='ltr'>εἰς</span> <span class='ocrx_word' id='word_1_66' title='bbox 2009 1188 2086 1251; x_wconf 90' lang='grc' dir='ltr'>τὸ</span> <span class='ocrx_word' id='word_1_67' title='bbox 2130 1191 2167 1266; x_wconf 74' lang='grc' dir='ltr'>ρ</span> <span class='ocrx_word' id='word_1_68' title='bbox 2199 1187 2685 1268; x_wconf 77' lang='grc' dir='ltr'>ἐπιφερομένου.</span> <span class='ocrx_word' id='word_1_69' title='bbox 2721 1190 2840 1251; x_wconf 83' lang='grc' dir='ltr'>τοῦ</span> <span class='ocrx_word' id='word_1_70' title='bbox 2885 1190 2918 1251; x_wconf 77' lang='grc' dir='ltr'>ἰ</span> <span class='ocrx_word' id='word_1_71' title='bbox 2963 1190 3193 1266; x_wconf 84' lang='grc' dir='ltr'>ψιλοῦ-</span> 
     </span>
     <span class='ocr_line' id='line_1_10' title="bbox 608 1285 3193 1372; baseline 0.002 -23"><span class='ocrx_word' id='word_1_72' title='bbox 608 1290 745 1349; x_wconf 90' lang='grc' dir='ltr'>ςθαι</span> <span class='ocrx_word' id='word_1_73' title='bbox 788 1287 996 1368; x_wconf 85' lang='grc' dir='ltr'>φιλεῖ,</span> <span class='ocrx_word' id='word_1_74' title='bbox 1041 1285 1450 1370; x_wconf 85' lang='grc' dir='ltr'>ἄρςαντες,</span> <span class='ocrx_word' id='word_1_75' title='bbox 1497 1289 1849 1366; x_wconf 83' lang='grc' dir='ltr'>’ᾼρςινόη</span> <span class='ocrx_word' id='word_1_76' title='bbox 1896 1288 2005 1353; x_wconf 86' lang='grc' dir='ltr'>«ἐς</span> <span class='ocrx_word' id='word_1_77' title='bbox 2050 1290 2121 1353; x_wconf 79' lang='grc' dir='ltr'>δὲ</span> <span class='ocrx_word' id='word_1_78' title='bbox 2167 1290 2481 1368; x_wconf 87' lang='grc' dir='ltr'>ςταθμοὺς</span> <span class='ocrx_word' id='word_1_79' title='bbox 2525 1288 2751 1367; x_wconf 76' lang='grc' dir='ltr'>ἄρςε»</span> <span class='ocrx_word' id='word_1_80' title='bbox 2792 1285 3193 1372; x_wconf 72' lang='grc' dir='ltr'>(Οᾶζφ45),</span> 
     </span>
     <span class='ocr_line' id='line_1_11' title="bbox 607 1385 3195 1473; baseline 0.002 -23"><span class='ocrx_word' id='word_1_81' title='bbox 607 1385 843 1465; x_wconf 89' lang='grc' dir='ltr'>ὄρςας</span> <span class='ocrx_word' id='word_1_82' title='bbox 895 1386 1172 1467; x_wconf 71' lang='grc' dir='ltr'>’((ὄρςεο</span> <span class='ocrx_word' id='word_1_83' title='bbox 1228 1391 1702 1466; x_wconf 78' lang='grc' dir='ltr'>κυλλοπόδιον»</span> <span class='ocrx_word' id='word_1_84' title='bbox 1759 1388 1867 1472; x_wconf 92' lang='grc' dir='ltr'><strong>(ΙΙ.</strong></span> <span class='ocrx_word' id='word_1_85' title='bbox 1925 1389 1983 1453; x_wconf 86' lang='grc' dir='ltr'>Φ</span> <span class='ocrx_word' id='word_1_86' title='bbox 2035 1389 2207 1471; x_wconf 84' lang='grc'>331).</span> <span class='ocrx_word' id='word_1_87' title='bbox 2294 1391 2492 1473; x_wconf 82' lang='grc' dir='ltr'>ταύτῃ</span> <span class='ocrx_word' id='word_1_88' title='bbox 2547 1389 3046 1470; x_wconf 84' lang='grc' dir='ltr'>ἀναλογώτερον</span> <span class='ocrx_word' id='word_1_89' title='bbox 3114 1393 3195 1456; x_wconf 94' lang='grc' dir='ltr'>τὸ</span> 
     </span>
    </p>

    <p class='ocr_par' dir='ltr' id='par_1_7' title="bbox 512 1489 1324 1570">
     <span class='ocr_line' id='line_1_12' title="bbox 512 1489 1324 1570; baseline 0.003 -17"><span class='ocrx_word' id='word_1_90' title='bbox 512 1504 572 1555; x_wconf 81' lang='grc' dir='ltr'>ιο</span> <span class='ocrx_word' id='word_1_91' title='bbox 607 1489 837 1567; x_wconf 84' lang='grc' dir='ltr'>ἕερςα</span> <span class='ocrx_word' id='word_1_92' title='bbox 879 1491 1324 1570; x_wconf 89' lang='grc' dir='ltr'>τριςυλλὰβως.</span> 
     </span>
    </p>

    <p class='ocr_par' dir='ltr' id='par_1_8' title="bbox 607 1591 3194 1988">
     <span class='ocr_line' id='line_1_13' title="bbox 773 1591 3193 1674; baseline 0.002 -20"><span class='ocrx_word' id='word_1_93' title='bbox 773 1619 811 1654; x_wconf 65' lang='grc' dir='ltr'>ιι</span> <span class='ocrx_word' id='word_1_94' title='bbox 880 1591 976 1655; x_wconf 85' lang='grc' dir='ltr'>Τὰ</span> <span class='ocrx_word' id='word_1_95' title='bbox 1031 1593 1501 1672; x_wconf 88' lang='grc' dir='ltr'>βραχυνόμενα</span> <span class='ocrx_word' id='word_1_96' title='bbox 1539 1595 1887 1673; x_wconf 87' lang='grc' dir='ltr'>φωνήεντα</span> <span class='ocrx_word' id='word_1_97' title='bbox 1949 1595 2394 1672; x_wconf 83' lang='grc' dir='ltr'>καταλήγοντα</span> <span class='ocrx_word' id='word_1_98' title='bbox 2457 1593 2546 1659; x_wconf 88' lang='grc' dir='ltr'>εἰς</span> <span class='ocrx_word' id='word_1_99' title='bbox 2612 1616 2648 1674; x_wconf 95' lang='grc' dir='ltr'>ρ</span> <span class='ocrx_word' id='word_1_100' title='bbox 2715 1595 3193 1674; x_wconf 81' lang='grc' dir='ltr'>ἐπιφερομένου</span> 
     </span>
     <span class='ocr_line' id='line_1_14' title="bbox 607 1692 3192 1779; baseline 0.002 -23"><span class='ocrx_word' id='word_1_101' title='bbox 607 1695 724 1757; x_wconf 85' lang='grc' dir='ltr'>τοῦ</span> <span class='ocrx_word' id='word_1_102' title='bbox 769 1714 810 1771; x_wconf 87' lang='grc' dir='ltr'>μ</span> <span class='ocrx_word' id='word_1_103' title='bbox 853 1692 1220 1776; x_wconf 90' lang='grc' dir='ltr'>δαςύνεται,</span> <span class='ocrx_word' id='word_1_104' title='bbox 1265 1694 1538 1777; x_wconf 85' lang='grc' dir='ltr'>ὅρμος,</span> <span class='ocrx_word' id='word_1_105' title='bbox 1579 1694 1814 1776; x_wconf 82' lang='grc' dir='ltr'>ἅρμα,</span> <span class='ocrx_word' id='word_1_106' title='bbox 1862 1695 2154 1779; x_wconf 87' lang='grc' dir='ltr'>Ἑρμῆς,</span> <span class='ocrx_word' id='word_1_107' title='bbox 2200 1696 2563 1775; x_wconf 87' lang='grc' dir='ltr'>ὅρμαθος.</span> <span class='ocrx_word' id='word_1_108' title='bbox 2630 1697 2818 1761; x_wconf 87' lang='grc' dir='ltr'>ἔνθεν</span> <span class='ocrx_word' id='word_1_109' title='bbox 2861 1696 2902 1774; x_wconf 85' lang='grc' dir='ltr'>ἡ</span> <span class='ocrx_word' id='word_1_110' title='bbox 2947 1697 3192 1761; x_wconf 85' lang='grc' dir='ltr'>πλείων</span> 
     </span>
     <span class='ocr_line' id='line_1_15' title="bbox 607 1794 3193 1878; baseline 0.002 -20"><span class='ocrx_word' id='word_1_111' title='bbox 607 1798 820 1874; x_wconf 88' lang='grc' dir='ltr'>χρῆςις</span> <span class='ocrx_word' id='word_1_112' title='bbox 873 1795 949 1859; x_wconf 94' lang='grc' dir='ltr'>τὸ</span> <span class='ocrx_word' id='word_1_113' title='bbox 1005 1794 1243 1875; x_wconf 87' lang='grc' dir='ltr'>ἁρμοῖ</span> <span class='ocrx_word' id='word_1_114' title='bbox 1295 1796 1565 1861; x_wconf 88' lang='grc' dir='ltr'>δαςύνει.</span> <span class='ocrx_word' id='word_1_115' title='bbox 1649 1798 1727 1861; x_wconf 91' lang='grc' dir='ltr'>τὸ</span> <span class='ocrx_word' id='word_1_116' title='bbox 1782 1799 2000 1877; x_wconf 89' lang='grc' dir='ltr'>μέντοι</span> <span class='ocrx_word' id='word_1_117' title='bbox 2056 1796 2403 1876; x_wconf 85' lang='grc' dir='ltr'>ἄρμενον</span> <span class='ocrx_word' id='word_1_118' title='bbox 2456 1799 2561 1862; x_wconf 84' lang='grc' dir='ltr'>καὶ</span> <span class='ocrx_word' id='word_1_119' title='bbox 2601 1798 2947 1878; x_wconf 82' lang='grc' dir='ltr'>ὄρμενον</span> <span class='ocrx_word' id='word_1_120' title='bbox 2992 1799 3193 1876; x_wconf 91' lang='grc' dir='ltr'>ψιλὸν</span> 
     </span>
     <span class='ocr_line' id='line_1_16' title="bbox 608 1895 3194 1988; baseline 0 -27"><span class='ocrx_word' id='word_1_121' title='bbox 608 1900 857 1975; x_wconf 82' lang='grc' dir='ltr'>πνεῦμα</span> <span class='ocrx_word' id='word_1_122' title='bbox 910 1895 1273 1964; x_wconf 83' lang='grc' dir='ltr'>ἀνεδέξατο.</span> <span class='ocrx_word' id='word_1_123' title='bbox 1361 1899 1463 1963; x_wconf 91' lang='grc' dir='ltr'>καὶ</span> <span class='ocrx_word' id='word_1_124' title='bbox 1516 1899 1592 1963; x_wconf 90' lang='grc' dir='ltr'>τὸ</span> <span class='ocrx_word' id='word_1_125' title='bbox 1650 1899 1941 1978; x_wconf 86' lang='grc' dir='ltr'>ἕρματα</span> <span class='ocrx_word' id='word_1_126' title='bbox 1994 1900 2072 1980; x_wconf 90' lang='grc' dir='ltr'>(Α</span> <span class='ocrx_word' id='word_1_127' title='bbox 2113 1898 2269 1988; x_wconf 63' lang='lat'>486)</span> <span class='ocrx_word' id='word_1_128' title='bbox 2313 1898 2370 1963; x_wconf 85' lang='grc' dir='ltr'>εἰ</span> <span class='ocrx_word' id='word_1_129' title='bbox 2411 1901 2514 1964; x_wconf 88' lang='grc' dir='ltr'>καὶ</span> <span class='ocrx_word' id='word_1_130' title='bbox 2562 1900 2632 1964; x_wconf 84' lang='grc' dir='ltr'>ἐκ</span> <span class='ocrx_word' id='word_1_131' title='bbox 2675 1903 2794 1964; x_wconf 83' lang='grc' dir='ltr'>τοῦ</span> <span class='ocrx_word' id='word_1_132' title='bbox 2839 1899 3194 1981; x_wconf 84' lang='grc' dir='ltr'>ἐρείςματα,</span> 
     </span>
    </p>

    <p class='ocr_par' dir='ltr' id='par_1_9' title="bbox 509 1998 1433 2081">
     <span class='ocr_line' id='line_1_17' title="bbox 509 1998 1433 2081; baseline 0.002 -20"><span class='ocrx_word' id='word_1_133' title='bbox 509 2012 571 2063; x_wconf 82' lang='grc'>15</span> <span class='ocrx_word' id='word_1_134' title='bbox 610 1998 690 2063; x_wconf 86' lang='grc' dir='ltr'>οὐ</span> <span class='ocrx_word' id='word_1_135' title='bbox 735 2000 1072 2081; x_wconf 84' lang='grc' dir='ltr'>ψιλοῦται,</span> <span class='ocrx_word' id='word_1_136' title='bbox 1117 1999 1206 2065; x_wconf 85' lang='grc' dir='ltr'>ὥς</span> <span class='ocrx_word' id='word_1_137' title='bbox 1249 2020 1433 2064; x_wconf 90' lang='grc' dir='ltr'>τινες.</span> 
     </span>
    </p>

    <p class='ocr_par' dir='ltr' id='par_1_10' title="bbox 606 2100 3198 2493">
     <span class='ocr_line' id='line_1_18' title="bbox 775 2100 3195 2183; baseline 0.002 -22"><span class='ocrx_word' id='word_1_138' title='bbox 775 2126 812 2161; x_wconf 55' lang='grc' dir='ltr'>κ</span> <span class='ocrx_word' id='word_1_139' title='bbox 860 2100 955 2165; x_wconf 89' lang='grc' dir='ltr'>Τὰ</span> <span class='ocrx_word' id='word_1_140' title='bbox 999 2102 1041 2163; x_wconf 84' lang='grc' dir='ltr'><strong>ἆ</strong></span> <span class='ocrx_word' id='word_1_141' title='bbox 1083 2102 1187 2166; x_wconf 88' lang='grc' dir='ltr'>καὶ</span> <span class='ocrx_word' id='word_1_142' title='bbox 1227 2101 1304 2165; x_wconf 90' lang='grc' dir='ltr'>τὸ</span> <span class='ocrx_word' id='word_1_143' title='bbox 1348 2105 1380 2167; x_wconf 76' lang='grc' dir='ltr'>ε</span> <span class='ocrx_word' id='word_1_144' title='bbox 1435 2103 1881 2181; x_wconf 86' lang='grc' dir='ltr'>καταλήγοντα</span> <span class='ocrx_word' id='word_1_145' title='bbox 1934 2102 2023 2167; x_wconf 85' lang='grc' dir='ltr'>εἰς</span> <span class='ocrx_word' id='word_1_146' title='bbox 2075 2103 2152 2167; x_wconf 90' lang='grc' dir='ltr'>τὸ</span> <span class='ocrx_word' id='word_1_147' title='bbox 2197 2106 2237 2182; x_wconf 78' lang='grc' dir='ltr'>’ρ</span> <span class='ocrx_word' id='word_1_148' title='bbox 2290 2103 2612 2183; x_wconf 86' lang='grc' dir='ltr'>ἑπομένου</span> <span class='ocrx_word' id='word_1_149' title='bbox 2670 2107 2788 2168; x_wconf 85' lang='grc' dir='ltr'>τοῦ</span> <span class='ocrx_word' id='word_1_150' title='bbox 2832 2107 2885 2167; x_wconf 74' lang='grc' dir='ltr'>’τί</span> <span class='ocrx_word' id='word_1_151' title='bbox 2930 2104 3195 2169; x_wconf 89' lang='grc' dir='ltr'>δαςύνε-</span> 
     </span>
     <span class='ocr_line' id='line_1_19' title="bbox 608 2203 3193 2288; baseline 0.001 -21"><span class='ocrx_word' id='word_1_152' title='bbox 608 2208 743 2267; x_wconf 88' lang='grc' dir='ltr'>ςθαι</span> <span class='ocrx_word' id='word_1_153' title='bbox 797 2203 1056 2283; x_wconf 83' lang='grc' dir='ltr'>ἤθελεν,</span> <span class='ocrx_word' id='word_1_154' title='bbox 1119 2203 1209 2267; x_wconf 82' lang='grc' dir='ltr'>ὡς</span> <span class='ocrx_word' id='word_1_155' title='bbox 1263 2203 1394 2281; x_wconf 86' lang='grc' dir='ltr'>ἔχει</span> <span class='ocrx_word' id='word_1_156' title='bbox 1458 2205 1535 2268; x_wconf 91' lang='grc' dir='ltr'>τὸ</span> <span class='ocrx_word' id='word_1_157' title='bbox 1600 2203 1838 2287; x_wconf 87' lang='grc' dir='ltr'>ἅρπη,</span> <span class='ocrx_word' id='word_1_158' title='bbox 1904 2203 2255 2288; x_wconf 80' lang='grc' dir='ltr'>ἁρπάζω,</span> <span class='ocrx_word' id='word_1_159' title='bbox 2318 2205 2751 2288; x_wconf 86' lang='grc' dir='ltr'>ἁρπαλέος,</span> <span class='ocrx_word' id='word_1_160' title='bbox 2818 2205 3193 2288; x_wconf 89' lang='grc' dir='ltr'>ἑρπετόν,</span> 
     </span>
     <span class='ocr_line' id='line_1_20' title="bbox 606 2304 3193 2391; baseline 0 -22"><span class='ocrx_word' id='word_1_161' title='bbox 606 2304 946 2387; x_wconf 83' lang='grc' dir='ltr'>ἑρπύζω,</span> <span class='ocrx_word' id='word_1_162' title='bbox 1000 2305 1330 2383; x_wconf 83' lang='grc' dir='ltr'>Ἅρπυια</span> <span class='ocrx_word' id='word_1_163' title='bbox 1385 2305 1487 2369; x_wconf 87' lang='grc' dir='ltr'>καὶ</span> <span class='ocrx_word' id='word_1_164' title='bbox 1544 2307 1619 2370; x_wconf 90' lang='grc' dir='ltr'>τὸ</span> <span class='ocrx_word' id='word_1_165' title='bbox 1665 2304 1916 2384; x_wconf 82' lang='grc' dir='ltr'>ὄρπηξ</span> <span class='ocrx_word' id='word_1_166' title='bbox 1960 2307 2216 2387; x_wconf 78' lang='grc' dir='ltr'>τούτοις</span> <span class='ocrx_word' id='word_1_167' title='bbox 2260 2307 2704 2391; x_wconf 77' lang='grc' dir='ltr'>ἐξομοιοῦντες</span> <span class='ocrx_word' id='word_1_168' title='bbox 2755 2327 2922 2372; x_wconf 88' lang='grc' dir='ltr'>τινες</span> <span class='ocrx_word' id='word_1_169' title='bbox 2963 2306 3193 2386; x_wconf 84' lang='grc' dir='ltr'>ἠθέλη-</span> 
     </span>
     <span class='ocr_line' id='line_1_21' title="bbox 607 2404 3198 2493; baseline 0 -22"><span class='ocrx_word' id='word_1_170' title='bbox 607 2427 720 2471; x_wconf 92' lang='grc' dir='ltr'>ςαν</span> <span class='ocrx_word' id='word_1_171' title='bbox 766 2406 1091 2488; x_wconf 88' lang='grc' dir='ltr'>δαςύνειν,</span> <span class='ocrx_word' id='word_1_172' title='bbox 1137 2404 1236 2471; x_wconf 85' lang='grc' dir='ltr'>οἷς</span> <span class='ocrx_word' id='word_1_173' title='bbox 1282 2406 1399 2471; x_wconf 91' lang='grc' dir='ltr'>ούκ</span> <span class='ocrx_word' id='word_1_174' title='bbox 1443 2406 1691 2485; x_wconf 85' lang='grc' dir='ltr'>ἐπείςθη</span> <span class='ocrx_word' id='word_1_175' title='bbox 1737 2406 1774 2484; x_wconf 82' lang='grc' dir='ltr'><strong>ἡ</strong></span> <span class='ocrx_word' id='word_1_176' title='bbox 1820 2408 2199 2490; x_wconf 88' lang='grc' dir='ltr'>παράδοςις,</span> <span class='ocrx_word' id='word_1_177' title='bbox 2243 2407 2410 2472; x_wconf 86' lang='grc' dir='ltr'>ἀλλὰ</span> <span class='ocrx_word' id='word_1_178' title='bbox 2448 2415 2523 2492; x_wconf 83' lang='grc' dir='ltr'>τῇ</span> <span class='ocrx_word' id='word_1_179' title='bbox 2556 2409 2971 2493; x_wconf 84' lang='grc' dir='ltr'>ἐτυμολογίᾳ·</span> <span class='ocrx_word' id='word_1_180' title='bbox 3017 2409 3198 2486; x_wconf 82' lang='grc' dir='ltr'>παρὰ</span> 
     </span>
    </p>

    <p class='ocr_par' dir='ltr' id='par_1_11' title="bbox 502 2508 2479 2591">
     <span class='ocr_line' id='line_1_22' title="bbox 502 2508 2479 2591; baseline 0.002 -22"><span class='ocrx_word' id='word_1_181' title='bbox 502 2519 571 2569; x_wconf 84' lang='lat'>20</span> <span class='ocrx_word' id='word_1_182' title='bbox 605 2509 729 2587; x_wconf 89' lang='grc' dir='ltr'>γὰρ</span> <span class='ocrx_word' id='word_1_183' title='bbox 772 2510 849 2574; x_wconf 90' lang='grc' dir='ltr'>τὸ</span> <span class='ocrx_word' id='word_1_184' title='bbox 891 2508 1028 2587; x_wconf 81' lang='grc' dir='ltr'>ὄρω</span> <span class='ocrx_word' id='word_1_185' title='bbox 1075 2510 1458 2591; x_wconf 83' lang='grc' dir='ltr'>πλεοναςμῷ</span> <span class='ocrx_word' id='word_1_186' title='bbox 1502 2511 1620 2573; x_wconf 85' lang='grc' dir='ltr'>τοῦ</span> <span class='ocrx_word' id='word_1_187' title='bbox 1665 2512 1716 2572; x_wconf 66' lang='lat' dir='ltr'>ff</span> <span class='ocrx_word' id='word_1_188' title='bbox 1756 2510 2091 2587; x_wconf 84' lang='grc' dir='ltr'>γεγένηται</span> <span class='ocrx_word' id='word_1_189' title='bbox 2135 2510 2479 2590; x_wconf 80' lang='grc' dir='ltr'>τὸόνομα.</span> 
     </span>
    </p>

    <p class='ocr_par' dir='ltr' id='par_1_12' title="bbox 777 2610 3193 2695">
     <span class='ocr_line' id='line_1_23' title="bbox 777 2610 3193 2695; baseline 0.002 -24"><span class='ocrx_word' id='word_1_190' title='bbox 777 2633 815 2669; x_wconf 69' lang='grc' dir='ltr'>ιι</span> <span class='ocrx_word' id='word_1_191' title='bbox 859 2610 950 2674; x_wconf 89' lang='grc' dir='ltr'>Τὸ</span> <span class='ocrx_word' id='word_1_192' title='bbox 994 2612 1028 2673; x_wconf 80' lang='grc' dir='ltr'>ἒ</span> <span class='ocrx_word' id='word_1_193' title='bbox 1070 2610 1174 2674; x_wconf 82' lang='grc' dir='ltr'>καὶ</span> <span class='ocrx_word' id='word_1_194' title='bbox 1216 2613 1258 2673; x_wconf 85' lang='grc' dir='ltr'>ἇ</span> <span class='ocrx_word' id='word_1_195' title='bbox 1287 2612 1416 2688; x_wconf 90' lang='grc' dir='ltr'>πρὸ</span> <span class='ocrx_word' id='word_1_196' title='bbox 1446 2615 1562 2674; x_wconf 86' lang='grc' dir='ltr'>τοῦ</span> <span class='ocrx_word' id='word_1_197' title='bbox 1607 2615 1643 2689; x_wconf 78' lang='grc' dir='ltr'>ρ</span> <span class='ocrx_word' id='word_1_198' title='bbox 1680 2611 2061 2691; x_wconf 87' lang='grc' dir='ltr'>φωνήεντος</span> <span class='ocrx_word' id='word_1_199' title='bbox 2091 2611 2564 2692; x_wconf 84' lang='grc' dir='ltr'>ἐπιφερομένου</span> <span class='ocrx_word' id='word_1_200' title='bbox 2596 2615 2928 2695; x_wconf 83' lang='grc' dir='ltr'>ψιλοῦται,</span> <span class='ocrx_word' id='word_1_201' title='bbox 2972 2611 3193 2693; x_wconf 83' lang='grc' dir='ltr'>ἔρος,</span> 
     </span>
    </p>

    <p class='ocr_par' dir='ltr' id='par_1_13' title="bbox 606 2709 783 2791">
     <span class='ocr_line' id='line_1_24' title="bbox 606 2709 783 2791; baseline 0.011 -16"><span class='ocrx_word' id='word_1_202' title='bbox 606 2709 783 2791; x_wconf 87' lang='grc' dir='ltr'>ἄρω.</span> 
     </span>
    </p>
   </div>
   <div class='ocr_carea' id='block_1_4' title="bbox 772 2815 3287 2899">
    <p class='ocr_par' dir='ltr' id='par_1_14' title="bbox 772 2815 3287 2899">
     <span class='ocr_line' id='line_1_25' title="bbox 772 2815 3287 2899; baseline 0 -20"><span class='ocrx_word' id='word_1_203' title='bbox 772 2815 918 2880; x_wconf 87' lang='grc' dir='ltr'>Πᾶν</span> <span class='ocrx_word' id='word_1_204' title='bbox 971 2818 1237 2895; x_wconf 88' lang='grc' dir='ltr'>φωνῆεν</span> <span class='ocrx_word' id='word_1_205' title='bbox 1292 2816 1420 2893; x_wconf 89' lang='grc' dir='ltr'>πρὸ</span> <span class='ocrx_word' id='word_1_206' title='bbox 1472 2819 1590 2879; x_wconf 84' lang='grc' dir='ltr'>τοῦ</span> <span class='ocrx_word' id='word_1_207' title='bbox 1643 2818 1685 2890; x_wconf 76' lang='grc' dir='ltr'>Ῠ</span> <span class='ocrx_word' id='word_1_208' title='bbox 1742 2819 2074 2899; x_wconf 84' lang='grc' dir='ltr'>ψιλοῦται,</span> <span class='ocrx_word' id='word_1_209' title='bbox 2133 2818 2303 2894; x_wconf 87' lang='grc' dir='ltr'>πλὴν</span> <span class='ocrx_word' id='word_1_210' title='bbox 2360 2820 2478 2881; x_wconf 83' lang='grc' dir='ltr'>τοῦ</span> <span class='ocrx_word' id='word_1_211' title='bbox 2531 2820 2571 2894; x_wconf 87' lang='grc' dir='ltr'>ῆ</span> <span class='ocrx_word' id='word_1_212' title='bbox 2625 2817 2728 2881; x_wconf 89' lang='grc' dir='ltr'>καὶ</span> <span class='ocrx_word' id='word_1_213' title='bbox 2774 2819 2845 2899; x_wconf 84' lang='grc' dir='ltr'>ῡ,</span> <span class='ocrx_word' id='word_1_214' title='bbox 2901 2815 3193 2896; x_wconf 86' lang='grc' dir='ltr'>ἀγορά,</span> <span class='ocrx_word' id='word_1_215' title='bbox 3282 2892 3287 2896; x_wconf 28' lang='grc'>,</span> 
     </span>
    </p>
   </div>
   <div class='ocr_carea' id='block_1_5' title="bbox 503 2914 3191 3204">
    <p class='ocr_par' dir='ltr' id='par_1_15' title="bbox 503 2914 3189 3204">
     <span class='ocr_line' id='line_1_26' title="bbox 606 2914 3189 2999; baseline 0.001 -20"><span class='ocrx_word' id='word_1_216' title='bbox 606 2914 832 2999; x_wconf 86' lang='grc' dir='ltr'>ἄγαν,</span> <span class='ocrx_word' id='word_1_217' title='bbox 877 2915 1245 2999; x_wconf 84' lang='grc' dir='ltr'>ὠγύγιος,</span> <span class='ocrx_word' id='word_1_218' title='bbox 1291 2916 1538 2993; x_wconf 85' lang='grc' dir='ltr'>ἐγγύς.</span> <span class='ocrx_word' id='word_1_219' title='bbox 1626 2917 1700 2981; x_wconf 92' lang='grc' dir='ltr'>τὸ</span> <span class='ocrx_word' id='word_1_220' title='bbox 1761 2918 1978 2996; x_wconf 86' lang='grc' dir='ltr'>μέντοι</span> <span class='ocrx_word' id='word_1_221' title='bbox 2023 2917 2267 2994; x_wconf 90' lang='grc' dir='ltr'>ἁγνός</span> <span class='ocrx_word' id='word_1_222' title='bbox 2309 2919 2412 2982; x_wconf 88' lang='grc' dir='ltr'>καὶ</span> <span class='ocrx_word' id='word_1_223' title='bbox 2456 2917 2681 2994; x_wconf 85' lang='grc' dir='ltr'>ἅγιος</span> <span class='ocrx_word' id='word_1_224' title='bbox 2735 2922 2853 2982; x_wconf 82' lang='grc' dir='ltr'>τοῦ</span> <span class='ocrx_word' id='word_1_225' title='bbox 2896 2917 3029 2984; x_wconf 83' lang='grc' dir='ltr'>ἅζω</span> <span class='ocrx_word' id='word_1_226' title='bbox 3075 2917 3189 2996; x_wconf 85' lang='grc' dir='ltr'>ῥή-</span> 
     </span>
     <span class='ocr_line' id='line_1_27' title="bbox 503 3014 1653 3098; baseline 0.003 -18"><span class='ocrx_word' id='word_1_227' title='bbox 503 3014 569 3080; x_wconf 75' lang='grc'>’25</span> <span class='ocrx_word' id='word_1_228' title='bbox 605 3038 802 3097; x_wconf 87' lang='grc' dir='ltr'>ματος</span> <span class='ocrx_word' id='word_1_229' title='bbox 845 3019 962 3097; x_wconf 86' lang='grc' dir='ltr'>τὴν</span> <span class='ocrx_word' id='word_1_230' title='bbox 1009 3021 1264 3084; x_wconf 88' lang='grc' dir='ltr'>δαςεῑαν</span> <span class='ocrx_word' id='word_1_231' title='bbox 1309 3018 1653 3098; x_wconf 81' lang='grc' dir='ltr'>ἐφύλαξαν.</span> 
     </span>
     <span class='ocr_line' id='line_1_28' title="bbox 773 3090 3191 3204; baseline 0.001 -21"><span class='ocrx_word' id='word_1_232' title='bbox 773 3146 810 3183; x_wconf 63' lang='grc' dir='ltr'>ιι</span> <span class='ocrx_word' id='word_1_233' title='bbox 857 3120 1004 3185; x_wconf 86' lang='grc' dir='ltr'>Πᾶν</span> <span class='ocrx_word' id='word_1_234' title='bbox 1049 3125 1314 3201; x_wconf 91' lang='grc' dir='ltr'>φωνῆεν</span> <span class='ocrx_word' id='word_1_235' title='bbox 1358 3123 1721 3198; x_wconf 82' lang='grc' dir='ltr'>καταλῆγον</span> <span class='ocrx_word' id='word_1_236' title='bbox 1765 3122 1803 3201; x_wconf 86' lang='grc' dir='ltr'>ἢ</span> <span class='ocrx_word' id='word_1_237' title='bbox 1850 3121 1941 3186; x_wconf 87' lang='grc' dir='ltr'>εἰς</span> <span class='ocrx_word' id='word_1_238' title='bbox 1984 3142 2022 3186; x_wconf 94' lang='grc' dir='ltr'>ν</span> <span class='ocrx_word' id='word_1_239' title='bbox 2066 3123 2106 3199; x_wconf 86' lang='grc' dir='ltr'>ἢ</span> <span class='ocrx_word' id='word_1_240' title='bbox 2152 3121 2240 3185; x_wconf 86' lang='grc' dir='ltr'>εἰς</span> <span class='ocrx_word' id='word_1_241' title='bbox 2284 3142 2353 3204; x_wconf 90' lang='grc' dir='ltr'>γ,</span> <span class='ocrx_word' id='word_1_242' title='bbox 2395 3126 2507 3201; x_wconf 87' lang='grc' dir='ltr'>τῆς</span> <span class='ocrx_word' id='word_1_243' title='bbox 2550 3122 2691 3200; x_wconf 86' lang='grc' dir='ltr'>ἑξῆς</span> <span class='ocrx_word' id='word_1_244' title='bbox 2722 3124 3033 3200; x_wconf 88' lang='grc' dir='ltr'>ςυλλαβῆς</span> <span class='ocrx_word' id='word_1_245' title='bbox 3078 3090 3191 3199; x_wconf 83' lang='grc' dir='ltr'>ἆρ-</span> 
     </span>
    </p>
   </div>
   <div class='ocr_carea' id='block_1_6' title="bbox 783 3309 1004 3317">
    <p class='ocr_par' dir='ltr' id='par_1_16' title="bbox 783 3309 1004 3317">
     <span class='ocr_line' id='line_1_29' title="bbox 783 3309 1004 3317; baseline 0.005 -3"><span class='ocrx_word' id='word_1_246' title='bbox 783 3309 1004 3317; x_wconf 58' lang='lat'><strong>..—-—-</strong></span> 
     </span>
    </p>
   </div>
   <div class='ocr_carea' id='block_1_7' title="bbox 585 3439 3195 4928">
    <p class='ocr_par' dir='ltr' id='par_1_17' title="bbox 585 3439 3195 4919">
     <span class='ocr_line' id='line_1_30' title="bbox 741 3439 3189 3511; baseline 0 -17"><span class='ocrx_word' id='word_1_247' title='bbox 741 3445 841 3499; x_wconf 85' lang='lat'>1.1</span> <span class='ocrx_word' id='word_1_248' title='bbox 883 3444 1076 3495; x_wconf 75' lang='lat' dir='ltr'><strong>Aroad.</strong></span> <span class='ocrx_word' id='word_1_249' title='bbox 1116 3446 1238 3508; x_wconf 84' lang='lat'><strong>197,</strong></span> <span class='ocrx_word' id='word_1_250' title='bbox 1276 3448 1325 3495; x_wconf 92' lang='grc'>9.</span> <span class='ocrx_word' id='word_1_251' title='bbox 1394 3439 1551 3509; x_wconf 82' lang='grc' dir='ltr'>ἀθρῶ</span> <span class='ocrx_word' id='word_1_252' title='bbox 1598 3461 1718 3495; x_wconf 82' lang='lat' dir='ltr'>cum</span> <span class='ocrx_word' id='word_1_253' title='bbox 1766 3447 2016 3511; x_wconf 76' lang='lat' dir='ltr'>exemplo</span> <span class='ocrx_word' id='word_1_254' title='bbox 2061 3446 2250 3495; x_wconf 80' lang='lat' dir='ltr'><strong>addidi</strong></span> <span class='ocrx_word' id='word_1_255' title='bbox 2295 3463 2362 3496; x_wconf 83' lang='lat' dir='ltr'>ex</span> <span class='ocrx_word' id='word_1_256' title='bbox 2407 3446 2470 3495; x_wconf 89' lang='lat'>11.</span> <span class='ocrx_word' id='word_1_257' title='bbox 2506 3446 2595 3497; x_wconf 81' lang='lat' dir='ltr'>Pr.</span> <span class='ocrx_word' id='word_1_258' title='bbox 2634 3443 2692 3496; x_wconf 89' lang='grc' dir='ltr'><strong><em>Μ</em></strong></span> <span class='ocrx_word' id='word_1_259' title='bbox 2728 3446 2853 3496; x_wconf 79' lang='lat'>391:</span> <span class='ocrx_word' id='word_1_260' title='bbox 2901 3442 3007 3509; x_wconf 82' lang='grc' dir='ltr'>ἀθρ</span> <span class='ocrx_word' id='word_1_261' title='bbox 3046 3458 3189 3496; x_wconf 75' lang='grc' dir='ltr'>(εειε</span> 
     </span>
     <span class='ocr_line' id='line_1_31' title="bbox 604 3459 3192 3579; baseline 0 -17"><span class='ocrx_word' id='word_1_262' title='bbox 604 3511 915 3575; x_wconf 87' lang='grc' dir='ltr'>ψιλωτὲον·</span> <span class='ocrx_word' id='word_1_263' title='bbox 955 3514 1068 3563; x_wconf 83' lang='grc' dir='ltr'>πᾶν</span> <span class='ocrx_word' id='word_1_264' title='bbox 1102 3510 1209 3576; x_wconf 85' lang='grc' dir='ltr'>γὰρ</span> <span class='ocrx_word' id='word_1_265' title='bbox 1225 3459 1501 3577; x_wconf 68' lang='grc' dir='ltr'>’ρφωνῆεν</span> <span class='ocrx_word' id='word_1_266' title='bbox 1518 3512 1630 3576; x_wconf 91' lang='grc' dir='ltr'>πρὸ</span> <span class='ocrx_word' id='word_1_267' title='bbox 1664 3511 1857 3564; x_wconf 89' lang='grc' dir='ltr'>δαςὲος</span> <span class='ocrx_word' id='word_1_268' title='bbox 1896 3514 1985 3564; x_wconf 83' lang='grc' dir='ltr'>καὶ</span> <span class='ocrx_word' id='word_1_269' title='bbox 2020 3516 2123 3565; x_wconf 81' lang='grc' dir='ltr'>τοῦ</span> <span class='ocrx_word' id='word_1_270' title='bbox 2160 3517 2194 3579; x_wconf 74' lang='grc' dir='ltr'>’β</span> <span class='ocrx_word' id='word_1_271' title='bbox 2229 3515 2510 3577; x_wconf 85' lang='grc' dir='ltr'>ψιλοῦται,</span> <span class='ocrx_word' id='word_1_272' title='bbox 2546 3510 2711 3575; x_wconf 82' lang='grc' dir='ltr'>ἴδρις,</span> <span class='ocrx_word' id='word_1_273' title='bbox 2748 3510 2975 3576; x_wconf 87' lang='grc' dir='ltr'>Ὄθρυς</span> <span class='ocrx_word' id='word_1_274' title='bbox 3050 3527 3192 3575; x_wconf 82' lang='grc' dir='ltr'>χρις,</span> 
     </span>
     <span class='ocr_line' id='line_1_32' title="bbox 605 3578 3194 3647; baseline -0 -17"><span class='ocrx_word' id='word_1_275' title='bbox 605 3579 813 3643; x_wconf 90' lang='grc' dir='ltr'>ἀφρός,</span> <span class='ocrx_word' id='word_1_276' title='bbox 853 3579 1031 3644; x_wconf 85' lang='grc' dir='ltr'>ὄφρα,</span> <span class='ocrx_word' id='word_1_277' title='bbox 1069 3579 1495 3643; x_wconf 84' lang='grc' dir='ltr'>ὑπεςταλμένου</span> <span class='ocrx_word' id='word_1_278' title='bbox 1530 3583 1633 3631; x_wconf 87' lang='grc' dir='ltr'>τοῦ</span> <span class='ocrx_word' id='word_1_279' title='bbox 1673 3578 1878 3644; x_wconf 83' lang='grc' dir='ltr'>ἅθρους</span> <span class='ocrx_word' id='word_1_280' title='bbox 1916 3581 2059 3646; x_wconf 90' lang='grc' dir='ltr'>πρὸς</span> <span class='ocrx_word' id='word_1_281' title='bbox 2094 3581 2368 3647; x_wconf 86' lang='grc' dir='ltr'>διάφορον</span> <span class='ocrx_word' id='word_1_282' title='bbox 2403 3579 2827 3645; x_wconf 88' lang='grc' dir='ltr'>ςημαινόμενον.</span> <span class='ocrx_word' id='word_1_283' title='bbox 2900 3579 3194 3644; x_wconf 85' lang='grc' dir='ltr'>πρόδηλον</span> 
     </span>
     <span class='ocr_line' id='line_1_33' title="bbox 604 3646 3193 3713; baseline 0 -16"><span class='ocrx_word' id='word_1_284' title='bbox 604 3646 665 3698; x_wconf 82' lang='grc' dir='ltr'>δὲ</span> <span class='ocrx_word' id='word_1_285' title='bbox 702 3646 806 3697; x_wconf 86' lang='grc' dir='ltr'>κάκ</span> <span class='ocrx_word' id='word_1_286' title='bbox 842 3650 945 3711; x_wconf 85' lang='grc' dir='ltr'>τῆς</span> <span class='ocrx_word' id='word_1_287' title='bbox 982 3648 1323 3712; x_wconf 89' lang='grc' dir='ltr'>ςυναλοιφῆς</span> <span class='ocrx_word' id='word_1_288' title='bbox 1358 3647 1436 3710; x_wconf 75' lang='grc' dir='ltr'>«ἡ</span> <span class='ocrx_word' id='word_1_289' title='bbox 1476 3649 1535 3698; x_wconf 81' lang='grc' dir='ltr'>δ’</span> <span class='ocrx_word' id='word_1_290' title='bbox 1570 3646 1637 3699; x_wconf 88' lang='grc' dir='ltr'>οὔ</span> <span class='ocrx_word' id='word_1_291' title='bbox 1674 3648 1736 3697; x_wconf 88' lang='grc' dir='ltr'>τ’</span> <span class='ocrx_word' id='word_1_292' title='bbox 1771 3647 2005 3713; x_wconf 85' lang='grc' dir='ltr'>ἀθρῆςαι</span> <span class='ocrx_word' id='word_1_293' title='bbox 2041 3649 2306 3702; x_wconf 81' lang='grc' dir='ltr'>δύνατο».</span> <span class='ocrx_word' id='word_1_294' title='bbox 2356 3650 2461 3698; x_wconf 87' lang='lat' dir='ltr'>Pro</span> <span class='ocrx_word' id='word_1_295' title='bbox 2498 3647 2703 3712; x_wconf 84' lang='grc' dir='ltr'>ἅθρους</span> <span class='ocrx_word' id='word_1_296' title='bbox 2729 3664 2817 3712; x_wconf 77' lang='lat' dir='ltr'>ap.</span> <span class='ocrx_word' id='word_1_297' title='bbox 2843 3647 2963 3700; x_wconf 70' lang='lat' dir='ltr'><strong>Arc.</strong></span> <span class='ocrx_word' id='word_1_298' title='bbox 2993 3650 3193 3713; x_wconf 78' lang='lat' dir='ltr'><strong>scripsi</strong></span> 
     </span>
     <span class='ocr_line' id='line_1_34' title="bbox 603 3713 3193 3782; baseline 0 -17"><span class='ocrx_word' id='word_1_299' title='bbox 603 3713 810 3778; x_wconf 84' lang='grc' dir='ltr'>ἁθρόος</span> <span class='ocrx_word' id='word_1_300' title='bbox 846 3715 972 3770; x_wconf 78' lang='lat' dir='ltr'>coll</span> <span class='ocrx_word' id='word_1_301' title='bbox 1011 3717 1114 3780; x_wconf 87' lang='lat' dir='ltr'>Ep.</span> <span class='ocrx_word' id='word_1_302' title='bbox 1151 3715 1240 3763; x_wconf 86' lang='lat' dir='ltr'>Cr.</span> <span class='ocrx_word' id='word_1_303' title='bbox 1279 3716 1302 3765; x_wconf 88' lang='lat'>1</span> <span class='ocrx_word' id='word_1_304' title='bbox 1343 3718 1562 3778; x_wconf 89' lang='grc'>19,12.</span> <span class='ocrx_word' id='word_1_305' title='bbox 1608 3713 1838 3779; x_wconf 84' lang='grc' dir='ltr'>ἀθρόος;</span> <span class='ocrx_word' id='word_1_306' title='bbox 1887 3716 2091 3782; x_wconf 84' lang='grc' dir='ltr'>ἄθροος</span> <span class='ocrx_word' id='word_1_307' title='bbox 2138 3717 2228 3768; x_wconf 80' lang='grc' dir='ltr'>καὶ</span> <span class='ocrx_word' id='word_1_308' title='bbox 2273 3715 2478 3781; x_wconf 90' lang='grc' dir='ltr'>ἁθρόος</span> <span class='ocrx_word' id='word_1_309' title='bbox 2513 3714 2787 3780; x_wconf 79' lang='grc' dir='ltr'>διαφέρει·</span> <span class='ocrx_word' id='word_1_310' title='bbox 2836 3715 3193 3780; x_wconf 80' lang='grc' dir='ltr'>προπαροξύ-</span> 
     </span>
     <span class='ocr_line' id='line_1_35' title="bbox 601 3730 3195 3850; baseline 0.001 -18"><span class='ocrx_word' id='word_1_311' title='bbox 601 3796 776 3832; x_wconf 88' lang='grc' dir='ltr'>τονον</span> <span class='ocrx_word' id='word_1_312' title='bbox 813 3780 1064 3846; x_wconf 80' lang='grc' dir='ltr'>ςημαίνει</span> <span class='ocrx_word' id='word_1_313' title='bbox 1099 3781 1168 3833; x_wconf 89' lang='grc' dir='ltr'>τὸ</span> <span class='ocrx_word' id='word_1_314' title='bbox 1205 3780 1499 3846; x_wconf 80' lang='grc' dir='ltr'>αἰφνίδιον.</span> <span class='ocrx_word' id='word_1_315' title='bbox 1548 3730 1937 3846; x_wconf 76' lang='grc' dir='ltr'>παρορξύτονον</span> <span class='ocrx_word' id='word_1_316' title='bbox 1974 3800 2001 3837; x_wconf 91' lang='grc' dir='ltr'>ς</span> <span class='ocrx_word' id='word_1_317' title='bbox 2005 3783 2222 3850; x_wconf 79' lang='grc' dir='ltr'>ημαίνει</span> <span class='ocrx_word' id='word_1_318' title='bbox 2258 3784 2329 3836; x_wconf 88' lang='grc' dir='ltr'>τὸ</span> <span class='ocrx_word' id='word_1_319' title='bbox 2367 3781 2858 3848; x_wconf 82' lang='grc' dir='ltr'>ςυνηθροιςμὲνον,</span> <span class='ocrx_word' id='word_1_320' title='bbox 2898 3783 2988 3833; x_wconf 82' lang='grc' dir='ltr'>καί</span> <span class='ocrx_word' id='word_1_321' title='bbox 3013 3781 3195 3847; x_wconf 78' lang='grc' dir='ltr'>“-Ομη</span> 
     </span>
     <span class='ocr_line' id='line_1_36' title="bbox 601 3801 3195 4004; baseline 0.001 -36"><span class='ocrx_word' id='word_1_322' title='bbox 601 3860 777 3969; x_wconf 59' lang='lat'>‘21:⁰23‘</span> <span class='ocrx_word' id='word_1_323' title='bbox 779 3848 1683 4004; x_wconf 46' lang='lat'>*232230332’3520{1955133532‚</span> <span class='ocrx_word' id='word_1_324' title='bbox 1712 3850 1924 3971; x_wconf 51' lang='lat' dir='ltr'>{33}ss</span> <span class='ocrx_word' id='word_1_325' title='bbox 1956 3801 2329 3984; x_wconf 47' lang='lat'>320‘231‘1213‘3</span> <span class='ocrx_word' id='word_1_326' title='bbox 2342 3851 3090 3984; x_wconf 49' lang='grc' dir='ltr'>ῗιῗῗῗνὲᾧῧνωδοὲἓέῐνὲῗ</span> <span class='ocrx_word' id='word_1_327' title='bbox 3124 3852 3195 3970; x_wconf 57' lang='lat' dir='ltr'>{k</span> 
     </span>
     <span class='ocr_line' id='line_1_37' title="bbox 604 3984 3192 4053; baseline 0.001 -17"><span class='ocrx_word' id='word_1_328' title='bbox 604 3984 890 4037; x_wconf 83' lang='grc' dir='ltr'>πείθεςθαι</span> <span class='ocrx_word' id='word_1_329' title='bbox 924 3989 1009 4051; x_wconf 85' lang='grc' dir='ltr'>τῷ</span> <span class='ocrx_word' id='word_1_330' title='bbox 1049 3984 1337 4051; x_wconf 86' lang='grc' dir='ltr'>Ἀριςτάρχ</span> <span class='ocrx_word' id='word_1_331' title='bbox 1271 4001 1404 4053; x_wconf 87' lang='grc' dir='ltr'>ρχῳ.</span> <span class='ocrx_word' id='word_1_332' title='bbox 1477 3986 1657 4037; x_wconf 72' lang='lat' dir='ltr'><strong>schol.</strong></span> <span class='ocrx_word' id='word_1_333' title='bbox 1695 3987 1766 4036; x_wconf 80' lang='lat' dir='ltr'>ad</span> <span class='ocrx_word' id='word_1_334' title='bbox 1804 3988 1908 4037; x_wconf 84' lang='lat' dir='ltr'>Od.</span> <span class='ocrx_word' id='word_1_335' title='bbox 1943 4002 2004 4038; x_wconf 78' lang='lat' dir='ltr'>a:</span> <span class='ocrx_word' id='word_1_336' title='bbox 2044 3986 2265 4053; x_wconf 66' lang='lat' dir='ltr'>&amp;ephon</span> <span class='ocrx_word' id='word_1_337' title='bbox 2302 3985 2608 4039; x_wconf 81' lang='grc' dir='ltr'>δαςυντέον</span> <span class='ocrx_word' id='word_1_338' title='bbox 2643 3986 2712 4037; x_wconf 89' lang='grc' dir='ltr'>τὸ</span> <span class='ocrx_word' id='word_1_339' title='bbox 2750 4001 2785 4037; x_wconf 92' lang='grc' dir='ltr'>α</span> <span class='ocrx_word' id='word_1_340' title='bbox 2821 3985 2912 4037; x_wconf 79' lang='grc' dir='ltr'>καὶ</span> <span class='ocrx_word' id='word_1_341' title='bbox 2949 3986 3061 4051; x_wconf 88' lang='grc' dir='ltr'>πρὸ</span> <span class='ocrx_word' id='word_1_342' title='bbox 3098 3987 3192 4038; x_wconf 83' lang='grc' dir='ltr'>τέ-</span> 
     </span>
     <span class='ocr_line' id='line_1_38' title="bbox 602 4052 3194 4120; baseline 0 -15"><span class='ocrx_word' id='word_1_343' title='bbox 602 4054 735 4105; x_wconf 91' lang='grc' dir='ltr'>λους</span> <span class='ocrx_word' id='word_1_344' title='bbox 773 4053 808 4115; x_wconf 86' lang='grc' dir='ltr'>ἡ</span> <span class='ocrx_word' id='word_1_345' title='bbox 848 4052 1024 4117; x_wconf 84' lang='grc' dir='ltr'>ὀξεῖα,</span> <span class='ocrx_word' id='word_1_346' title='bbox 1063 4052 1256 4119; x_wconf 87' lang='grc' dir='ltr'>ἐπειδὴ</span> <span class='ocrx_word' id='word_1_347' title='bbox 1293 4052 1545 4119; x_wconf 81' lang='grc' dir='ltr'>ςημαίνει</span> <span class='ocrx_word' id='word_1_348' title='bbox 1579 4054 1650 4106; x_wconf 89' lang='grc' dir='ltr'>τὸ</span> <span class='ocrx_word' id='word_1_349' title='bbox 1688 4053 1848 4116; x_wconf 82' lang='grc' dir='ltr'>ὁμοῦ.</span> <span class='ocrx_word' id='word_1_350' title='bbox 2055 4056 2090 4105; x_wconf 91' lang='lat'>1.</span> <span class='ocrx_word' id='word_1_351' title='bbox 2126 4059 2158 4106; x_wconf 85' lang='lat'>4</span> <span class='ocrx_word' id='word_1_352' title='bbox 2203 4058 2325 4107; x_wconf 81' lang='lat' dir='ltr'>Arc.</span> <span class='ocrx_word' id='word_1_353' title='bbox 2367 4058 2491 4117; x_wconf 87' lang='grc'>197,</span> <span class='ocrx_word' id='word_1_354' title='bbox 2530 4058 2578 4105; x_wconf 82' lang='grc'>6.</span> <span class='ocrx_word' id='word_1_355' title='bbox 2646 4053 2815 4118; x_wconf 83' lang='grc' dir='ltr'>ὄρχος</span> <span class='ocrx_word' id='word_1_356' title='bbox 2852 4055 3051 4119; x_wconf 75' lang='lat' dir='ltr'><strong>scripsi</strong></span> <span class='ocrx_word' id='word_1_357' title='bbox 3090 4071 3194 4120; x_wconf 87' lang='lat' dir='ltr'>pro</span> 
     </span>
     <span class='ocr_line' id='line_1_39' title="bbox 603 4119 3194 4188; baseline -0 -16"><span class='ocrx_word' id='word_1_358' title='bbox 603 4119 799 4185; x_wconf 83' lang='grc' dir='ltr'>ὁρχός,</span> <span class='ocrx_word' id='word_1_359' title='bbox 837 4120 978 4187; x_wconf 86' lang='grc' dir='ltr'>ὔρχα</span> <span class='ocrx_word' id='word_1_360' title='bbox 1015 4121 1205 4173; x_wconf 79' lang='lat' dir='ltr'><strong>addidi</strong></span> <span class='ocrx_word' id='word_1_361' title='bbox 1241 4139 1307 4172; x_wconf 79' lang='lat' dir='ltr'>ex</span> <span class='ocrx_word' id='word_1_362' title='bbox 1344 4122 2142 4187; x_wconf 81' lang='lat' dir='ltr'><strong>Choer.Diet.638,13‚ubi</strong></span> <span class='ocrx_word' id='word_1_363' title='bbox 2177 4124 2320 4174; x_wconf 80' lang='lat' dir='ltr'>idem</span> <span class='ocrx_word' id='word_1_364' title='bbox 2356 4139 2533 4173; x_wconf 79' lang='lat' dir='ltr'><strong>canon</strong></span> <span class='ocrx_word' id='word_1_365' title='bbox 2569 4123 2908 4188; x_wconf 83' lang='lat' dir='ltr'><strong>proponitur.</strong></span> <span class='ocrx_word' id='word_1_366' title='bbox 3080 4122 3194 4172; x_wconf 82' lang='lat'>1.⁷</span> 
     </span>
     <span class='ocr_line' id='line_1_40' title="bbox 602 4162 3193 4324; baseline 0.001 -18"><span class='ocrx_word' id='word_1_367' title='bbox 602 4190 1431 4308; x_wconf 54' lang='lat' dir='ltr'>332⁰s¹¹3¹3¹1223332125521¹2¹m522</span> <span class='ocrx_word' id='word_1_368' title='bbox 1459 4189 1715 4308; x_wconf 56' lang='grc' dir='ltr'>ἰοὲῗιι</span> <span class='ocrx_word' id='word_1_369' title='bbox 1754 4256 1828 4307; x_wconf 62' lang='grc' dir='ltr'>ὁ</span> <span class='ocrx_word' id='word_1_370' title='bbox 1814 4162 2465 4324; x_wconf 42' lang='lat' dir='ltr'>{csshxsszffizcfflvffie</span> <span class='ocrx_word' id='word_1_371' title='bbox 2488 4190 2977 4321; x_wconf 54' lang='grc' dir='ltr'>..νὲμέἒοέὶιεξὲ</span> <span class='ocrx_word' id='word_1_372' title='bbox 2992 4188 3193 4320; x_wconf 60' lang='grc' dir='ltr'><em>ψ”ἰιέἒ</em></span> 
     </span>
     <span class='ocr_line' id='line_1_41' title="bbox 585 4322 3191 4389; baseline 0 -14"><span class='ocrx_word' id='word_1_373' title='bbox 585 4327 721 4375; x_wconf 89' lang='grc' dir='ltr'>-ςθαι</span> <span class='ocrx_word' id='word_1_374' title='bbox 757 4323 893 4375; x_wconf 83' lang='grc' dir='ltr'>τοὺς</span> <span class='ocrx_word' id='word_1_375' title='bbox 931 4325 999 4389; x_wconf 80' lang='grc' dir='ltr'>ὄρ</span> <span class='ocrx_word' id='word_1_376' title='bbox 1120 4339 1212 4387; x_wconf 86' lang='grc' dir='ltr'>ας,</span> <span class='ocrx_word' id='word_1_377' title='bbox 1259 4323 1408 4388; x_wconf 84' lang='grc' dir='ltr'>ἐπεί,</span> <span class='ocrx_word' id='word_1_378' title='bbox 1448 4322 1608 4389; x_wconf 82' lang='grc' dir='ltr'>φηςί,</span> <span class='ocrx_word' id='word_1_379' title='bbox 1647 4323 1798 4389; x_wconf 90' lang='grc' dir='ltr'>παρὰ</span> <span class='ocrx_word' id='word_1_380' title='bbox 1840 4326 1911 4377; x_wconf 87' lang='grc' dir='ltr'>τὸ</span> <span class='ocrx_word' id='word_1_381' title='bbox 2026 4326 2181 4378; x_wconf 89' lang='grc' dir='ltr'>ούειν</span> <span class='ocrx_word' id='word_1_382' title='bbox 2226 4325 2480 4389; x_wconf 64' lang='grc' dir='ltr'>ἐγένετο,</span> <span class='ocrx_word' id='word_1_383' title='bbox 2519 4324 2926 4388; x_wconf 87' lang='grc' dir='ltr'>ἐπιλαθόμενος</span> <span class='ocrx_word' id='word_1_384' title='bbox 2965 4323 3191 4376; x_wconf 81' lang='grc' dir='ltr'>ἑαυτοῦ.</span> 
     </span>
     <span class='ocr_line' id='line_1_42' title="bbox 602 4325 3191 4475; baseline 0.001 -34"><span class='ocrx_word' id='word_1_385' title='bbox 602 4390 665 4442; x_wconf 85' lang='grc' dir='ltr'>ἐν</span> <span class='ocrx_word' id='word_1_386' title='bbox 708 4390 815 4456; x_wconf 88' lang='grc' dir='ltr'>γὰρ</span> <span class='ocrx_word' id='word_1_387' title='bbox 859 4395 983 4444; x_wconf 83' lang='grc' dir='ltr'>ταῖς</span> <span class='ocrx_word' id='word_1_388' title='bbox 1003 4339 1435 4444; x_wconf 56' lang='grc' dir='ltr'>τιἌδυςςειακαῖς</span> <span class='ocrx_word' id='word_1_389' title='bbox 1481 4391 1813 4475; x_wconf 77' lang='grc' dir='ltr'>προςψδίαις</span> <span class='ocrx_word' id='word_1_390' title='bbox 1866 4325 2029 4459; x_wconf 54' lang='grc' dir='ltr'>φηςύ)</span> <span class='ocrx_word' id='word_1_391' title='bbox 2085 4394 2184 4447; x_wconf 86' lang='grc' dir='ltr'>δςα</span> <span class='ocrx_word' id='word_1_392' title='bbox 2229 4394 2583 4457; x_wconf 84' lang='grc' dir='ltr'>ὀνοματικῶς</span> <span class='ocrx_word' id='word_1_393' title='bbox 2638 4391 3023 4457; x_wconf 78' lang='grc' dir='ltr'>ςχηματίζεται</span> <span class='ocrx_word' id='word_1_394' title='bbox 3070 4390 3191 4443; x_wconf 81' lang='grc' dir='ltr'>ἀπὸ</span> 
     </span>
     <span class='ocr_line' id='line_1_43' title="bbox 601 4458 3190 4525; baseline 0.001 -16"><span class='ocrx_word' id='word_1_395' title='bbox 601 4460 789 4522; x_wconf 87' lang='grc' dir='ltr'>ψιλῶν</span> <span class='ocrx_word' id='word_1_396' title='bbox 824 4458 1122 4524; x_wconf 86' lang='grc' dir='ltr'>ῥημάτων,</span> <span class='ocrx_word' id='word_1_397' title='bbox 1160 4462 1341 4511; x_wconf 80' lang='grc' dir='ltr'>ταῦτα</span> <span class='ocrx_word' id='word_1_398' title='bbox 1378 4458 1800 4524; x_wconf 87' lang='grc' dir='ltr'>δαςυνθήςεται,</span> <span class='ocrx_word' id='word_1_399' title='bbox 1851 4460 1930 4513; x_wconf 86' lang='grc' dir='ltr'>ὡς</span> <span class='ocrx_word' id='word_1_400' title='bbox 1967 4461 2082 4514; x_wconf 85' lang='grc' dir='ltr'>ἀπὸ</span> <span class='ocrx_word' id='word_1_401' title='bbox 2126 4464 2231 4513; x_wconf 80' lang='grc' dir='ltr'>τοῦ</span> <span class='ocrx_word' id='word_1_402' title='bbox 2268 4460 2457 4525; x_wconf 83' lang='grc' dir='ltr'>ὀρούει</span> <span class='ocrx_word' id='word_1_403' title='bbox 2496 4460 2690 4525; x_wconf 85' lang='grc' dir='ltr'>δρπηξ</span> <span class='ocrx_word' id='word_1_404' title='bbox 2759 4460 2985 4523; x_wconf 80' lang='grc' dir='ltr'>γελοῖον</span> <span class='ocrx_word' id='word_1_405' title='bbox 3019 4458 3081 4511; x_wconf 79' lang='grc' dir='ltr'>δὲ</span> <span class='ocrx_word' id='word_1_406' title='bbox 3114 4460 3190 4512; x_wconf 85' lang='grc' dir='ltr'>τὸ</span> 
     </span>
     <span class='ocr_line' id='line_1_44' title="bbox 600 4525 3192 4593; baseline 0 -16"><span class='ocrx_word' id='word_1_407' title='bbox 600 4529 881 4578; x_wconf 81' lang='grc' dir='ltr'>τοιοῦτον.</span> <span class='ocrx_word' id='word_1_408' title='bbox 949 4527 1180 4590; x_wconf 85' lang='grc' dir='ltr'>ἄμεινον</span> <span class='ocrx_word' id='word_1_409' title='bbox 1216 4526 1319 4579; x_wconf 80' lang='grc' dir='ltr'>οὖν</span> <span class='ocrx_word' id='word_1_410' title='bbox 1355 4526 1503 4578; x_wconf 81' lang='grc' dir='ltr'>ἐςτιν</span> <span class='ocrx_word' id='word_1_411' title='bbox 1540 4525 1723 4579; x_wconf 87' lang='grc' dir='ltr'>ἐκεῖνο</span> <span class='ocrx_word' id='word_1_412' title='bbox 1759 4528 1971 4593; x_wconf 80' lang='grc' dir='ltr'>λέγειν,</span> <span class='ocrx_word' id='word_1_413' title='bbox 2010 4529 2089 4581; x_wconf 86' lang='grc' dir='ltr'>ὡς</span> <span class='ocrx_word' id='word_1_414' title='bbox 2125 4528 2250 4582; x_wconf 77' lang='grc' dir='ltr'>ἐπεὶ</span> <span class='ocrx_word' id='word_1_415' title='bbox 2285 4529 2355 4581; x_wconf 87' lang='grc' dir='ltr'>τὸ</span> <span class='ocrx_word' id='word_1_416' title='bbox 2391 4532 2426 4580; x_wconf 82' lang='grc' dir='ltr'>ἃ</span> <span class='ocrx_word' id='word_1_417' title='bbox 2463 4529 2581 4580; x_wconf 88' lang='grc' dir='ltr'>κτλ.</span> <span class='ocrx_word' id='word_1_418' title='bbox 2738 4528 2772 4579; x_wconf 92' lang='lat' dir='ltr'>l.</span> <span class='ocrx_word' id='word_1_419' title='bbox 2810 4531 2873 4577; x_wconf 88' lang='grc'>21</span> <span class='ocrx_word' id='word_1_420' title='bbox 2911 4527 2976 4580; x_wconf 91' lang='lat' dir='ltr'>Il.</span> <span class='ocrx_word' id='word_1_421' title='bbox 3014 4529 3103 4578; x_wconf 83' lang='lat' dir='ltr'>Pr.</span> <span class='ocrx_word' id='word_1_422' title='bbox 3145 4527 3192 4578; x_wconf 87' lang='grc' dir='ltr'>Α</span> 
     </span>
     <span class='ocr_line' id='line_1_45' title="bbox 599 4585 3191 4662; baseline 0.001 -19"><span class='ocrx_word' id='word_1_423' title='bbox 599 4597 727 4657; x_wconf 82' lang='grc'>469,</span> <span class='ocrx_word' id='word_1_424' title='bbox 771 4595 868 4644; x_wconf 82' lang='lat' dir='ltr'>ubi</span> <span class='ocrx_word' id='word_1_425' title='bbox 910 4595 980 4646; x_wconf 87' lang='grc' dir='ltr'>τὸ</span> <span class='ocrx_word' id='word_1_426' title='bbox 1027 4594 1158 4659; x_wconf 81' lang='grc' dir='ltr'>ἔρον</span> <span class='ocrx_word' id='word_1_427' title='bbox 1204 4585 1282 4646; x_wconf 76' lang='grc' dir='ltr'>ὤς</span> <span class='ocrx_word' id='word_1_428' title='bbox 1321 4592 1582 4647; x_wconf 80' lang='grc' dir='ltr'>Αἰολικὸν</span> <span class='ocrx_word' id='word_1_429' title='bbox 1618 4596 1905 4658; x_wconf 83' lang='grc' dir='ltr'>ψιλωτέον</span> <span class='ocrx_word' id='word_1_430' title='bbox 1954 4597 1990 4661; x_wconf 88' lang='grc' dir='ltr'>ἢ</span> <span class='ocrx_word' id='word_1_431' title='bbox 2037 4597 2178 4649; x_wconf 86' lang='grc' dir='ltr'>καθὸ</span> <span class='ocrx_word' id='word_1_432' title='bbox 2224 4598 2369 4662; x_wconf 88' lang='grc' dir='ltr'>κτλ.,</span> <span class='ocrx_word' id='word_1_433' title='bbox 2418 4596 2539 4661; x_wconf 82' lang='grc' dir='ltr'>ἄρω</span> <span class='ocrx_word' id='word_1_434' title='bbox 2585 4596 2787 4662; x_wconf 83' lang='lat' dir='ltr'>recepi</span> <span class='ocrx_word' id='word_1_435' title='bbox 2811 4612 2877 4645; x_wconf 75' lang='lat' dir='ltr'>ex</span> <span class='ocrx_word' id='word_1_436' title='bbox 2911 4595 2977 4645; x_wconf 85' lang='grc' dir='ltr'>ΙΙ.</span> <span class='ocrx_word' id='word_1_437' title='bbox 3011 4594 3102 4645; x_wconf 83' lang='lat' dir='ltr'>Pr.</span> <span class='ocrx_word' id='word_1_438' title='bbox 3144 4595 3191 4646; x_wconf 87' lang='grc' dir='ltr'>Α</span> 
     </span>
     <span class='ocr_line' id='line_1_46' title="bbox 605 4660 3193 4730; baseline 0.002 -19"><span class='ocrx_word' id='word_1_439' title='bbox 605 4664 728 4713; x_wconf 75' lang='lat'>136:</span> <span class='ocrx_word' id='word_1_440' title='bbox 765 4660 1060 4726; x_wconf 74' lang='grc' dir='ltr'>ἄρςαντεςε</span> <span class='ocrx_word' id='word_1_441' title='bbox 1102 4660 1457 4727; x_wconf 79' lang='grc' dir='ltr'>Ἀρίςταρχος</span> <span class='ocrx_word' id='word_1_442' title='bbox 1491 4662 1733 4716; x_wconf 89' lang='grc' dir='ltr'>δαςύνει·</span> <span class='ocrx_word' id='word_1_443' title='bbox 1772 4664 1936 4716; x_wconf 80' lang='grc' dir='ltr'>ἔνθεν</span> <span class='ocrx_word' id='word_1_444' title='bbox 1970 4663 2078 4730; x_wconf 83' lang='grc' dir='ltr'>γάρ</span> <span class='ocrx_word' id='word_1_445' title='bbox 2113 4680 2248 4730; x_wconf 91' lang='grc' dir='ltr'>φηςι</span> <span class='ocrx_word' id='word_1_446' title='bbox 2282 4664 2576 4729; x_wconf 84' lang='grc' dir='ltr'>γεγονέναι</span> <span class='ocrx_word' id='word_1_447' title='bbox 2613 4664 2704 4715; x_wconf 81' lang='grc' dir='ltr'>καὶ</span> <span class='ocrx_word' id='word_1_448' title='bbox 2739 4663 2808 4714; x_wconf 87' lang='grc' dir='ltr'>τὸ</span> <span class='ocrx_word' id='word_1_449' title='bbox 2845 4661 3007 4726; x_wconf 79' lang='grc' dir='ltr'>ἅρμα.</span> <span class='ocrx_word' id='word_1_450' title='bbox 3054 4662 3088 4713; x_wconf 87' lang='grc' dir='ltr'><strong>ό</strong></span> <span class='ocrx_word' id='word_1_451' title='bbox 3124 4662 3193 4715; x_wconf 80' lang='grc' dir='ltr'>δὲ</span> 
     </span>
     <span class='ocr_line' id='line_1_47' title="bbox 604 4728 3193 4796; baseline 0.001 -18.021"><span class='ocrx_word' id='word_1_452' title='bbox 604 4728 946 4792; x_wconf 88' lang='grc' dir='ltr'>Ἡρωδιανὸς</span> <span class='ocrx_word' id='word_1_453' title='bbox 983 4730 1135 4793; x_wconf 85' lang='grc' dir='ltr'>ψιλοῖ</span> <span class='ocrx_word' id='word_1_454' title='bbox 1172 4730 1359 4793; x_wconf 83' lang='grc' dir='ltr'>λέγων</span> <span class='ocrx_word' id='word_1_455' title='bbox 1394 4728 1509 4783; x_wconf 88' lang='grc' dir='ltr'>ἀπὸ</span> <span class='ocrx_word' id='word_1_456' title='bbox 1545 4733 1648 4782; x_wconf 85' lang='grc' dir='ltr'>τοθ</span> <span class='ocrx_word' id='word_1_457' title='bbox 1687 4730 1755 4796; x_wconf 83' lang='grc' dir='ltr'>ἄρ</span> <span class='ocrx_word' id='word_1_458' title='bbox 1761 4747 1836 4796; x_wconf 87' lang='grc' dir='ltr'>ω,</span> <span class='ocrx_word' id='word_1_459' title='bbox 1874 4731 1942 4784; x_wconf 81' lang='grc' dir='ltr'>οὗ</span> <span class='ocrx_word' id='word_1_460' title='bbox 1980 4732 2012 4784; x_wconf 88' lang='grc' dir='ltr'>ὁ</span> <span class='ocrx_word' id='word_1_461' title='bbox 2051 4732 2274 4796; x_wconf 84' lang='grc' dir='ltr'>μέλλων</span> <span class='ocrx_word' id='word_1_462' title='bbox 2301 4732 2573 4786; x_wconf 80' lang='grc' dir='ltr'>Αἰολικῶς</span> <span class='ocrx_word' id='word_1_463' title='bbox 2608 4730 2783 4796; x_wconf 79' lang='grc' dir='ltr'>ἄρεω</span> <span class='ocrx_word' id='word_1_464' title='bbox 2818 4729 2888 4781; x_wconf 86' lang='grc' dir='ltr'>τὸ</span> <span class='ocrx_word' id='word_1_465' title='bbox 2924 4729 2986 4781; x_wconf 78' lang='grc' dir='ltr'>δὲ</span> <span class='ocrx_word' id='word_1_466' title='bbox 3021 4743 3056 4779; x_wconf 92' lang='grc' dir='ltr'>α</span> <span class='ocrx_word' id='word_1_467' title='bbox 3094 4730 3193 4781; x_wconf 70' lang='grc' dir='ltr'>καὶ</span> 
     </span>
     <span class='ocr_line' id='line_1_48' title="bbox 602 4795 3191 4928; baseline 0 -82"><span class='ocrx_word' id='word_1_468' title='bbox 602 4795 889 4928; x_wconf 52' lang='grc' dir='ltr'>ἶξῖἵεῖτὲρὸ</span> <span class='ocrx_word' id='word_1_469' title='bbox 925 4800 1028 4914; x_wconf 66' lang='lat' dir='ltr'>‘tolo</span> <span class='ocrx_word' id='word_1_470' title='bbox 1055 4812 1120 4914; x_wconf 79' lang='grc' dir='ltr'>2ρ6</span> <span class='ocrx_word' id='word_1_471' title='bbox 1135 4796 1299 4915; x_wconf 64' lang='grc' dir='ltr'>ὄῙιίταΡ</span> <span class='ocrx_word' id='word_1_472' title='bbox 1313 4798 1543 4919; x_wconf 49' lang='grc' dir='ltr'>ἑπέΒροέἔ5</span> <span class='ocrx_word' id='word_1_473' title='bbox 1547 4798 1885 4864; x_wconf 88' lang='grc' dir='ltr'>φωνήεντος</span> <span class='ocrx_word' id='word_1_474' title='bbox 1922 4799 2334 4867; x_wconf 83' lang='grc' dir='ltr'>ἐπιφερομένου</span> <span class='ocrx_word' id='word_1_475' title='bbox 2368 4802 2647 4865; x_wconf 81' lang='grc' dir='ltr'>ψιλοῦται.</span> <span class='ocrx_word' id='word_1_476' title='bbox 2808 4797 2844 4848; x_wconf 88' lang='lat' dir='ltr'>l.</span> <span class='ocrx_word' id='word_1_477' title='bbox 2882 4801 2948 4849; x_wconf 87' lang='grc'>23</span> <span class='ocrx_word' id='word_1_478' title='bbox 2982 4798 3191 4853; x_wconf 74' lang='lat' dir='ltr'><strong>Aread</strong></span> 
     </span>
    </p>

    <p class='ocr_par' dir='ltr' id='par_1_18' title="bbox 1304 4882 2237 4919">
     <span class='ocr_line' id='line_1_49' title="bbox 1304 4882 2237 4919; baseline 0.004 -4"><span class='ocrx_word' id='word_1_479' title='bbox 1304 4882 1330 4915; x_wconf 85' lang='lat' dir='ltr'>r</span> <span class='ocrx_word' id='word_1_480' title='bbox 2226 4910 2237 4919; x_wconf 94' lang='lat'>.</span> 
     </span>
    </p>
   </div>
  </div>
 </body>
</html>
