3664 5546
684 372 807 437 144
1613 371 1695 427 ΕΙ(
1732 371 1875 426 ΤΩΝ
1917 370 2326 426 ΗΡΩΔΙΑΝΟΥ

677 543 936 621 Ἴςτρου.
1010 541 1335 607 Ἑκαταῖος
1377 541 1667 627 Εὐρώπῃ.
1741 542 2052 621 Τίριζος
2093 541 2284 607 ἔθνος
2327 540 2814 622 Παφλαγονίας.
2893 539 3148 619 Κτηςίας
3192 540 3264 605 δὲ

678 645 1113 725 Τιριζιβανοὺς
1175 645 1412 711 αύτούς
1477 665 1668 727 φηςιν
1727 645 1798 710 ἐν
1852 651 1945 729 τῷ
2000 645 2281 728 δευτέρῳ
2340 644 2449 709 «ἐκ
2506 645 2578 708 δὲ
2631 647 2763 709 τῶν
2807 641 3133 722 Ὀδρυςῶν
3178 640 3267 707 εἰς

679 746 1114 826 Τιριζιβανοὺς
1159 746 1494 813 οἰκοῦντας
1537 747 1609 812 ἐν
1639 746 2136 831 Παφλαγονίᾳ».
2208 748 2253 810 Κ
2266 746 2601 827 ρόβυζος
2632 745 2822 811 ἔθνος
2860 746 3028 824 πρὸς
3069 744 3267 835 νότου

679 848 921 928 ἀνέμου
963 853 1082 914 τοῦ
1125 850 1384 928 Ἴςτρου.
1428 848 1751 914 Ἑκαταῖος
1793 847 2086 934 Εὐρώπῃ.
2142 849 2487 916 Λόκοζος
2530 848 2716 913 πόλις
2758 847 3052 927 Φρυγίας.
3097 846 3266 911 Ξάν-

619 962 651 1011 5
682 955 796 1016 θος
840 953 912 1016 δὲ
955 948 994 1015 ὁ
1023 952 1233 1017 Λυδὸς
1276 952 1381 1016 διὰ
1422 955 1540 1016 τοῦ
1583 937 1619 1019 ξ
1658 951 1911 1032 γράφει.
2005 952 2450 1019 Κάττουζος
2494 950 2684 1016 ἔθνος
2730 950 2996 1033 Θρᾴκης.
3072 949 3152 1013 τὰ
3195 949 3267 1013 δὲ

678 1057 933 1133 τριγενῆ
988 1056 1091 1118 καὶ
1144 1055 1224 1118 τὰ
1290 1054 1420 1119 ἀπὸ
1478 1053 1923 1133 ἐπιρρημάτων
1979 1052 2301 1136 ὀξύνεται,
2357 1053 2623 1135 πεζός,
2673 1051 2971 1135 χθιζός,
3025 1058 3265 1129 πρωϊ-

683 1154 830 1221 ζός.
918 1157 1318 1236 ςεςημείωται
1360 1157 1438 1222 τὸ
1484 1155 1674 1235 μαζό
1691 1176 1753 1239 ς,
1799 1156 1896 1221 ὅτι
1943 1158 2293 1235 μονογενὲς
2340 1156 2419 1221 ὂν
2466 1154 2774 1223 ὀξύνεται.
2851 1154 3094 1233 μήποτε
3145 1151 3266 1218 οὖν

680 1255 1162 1338 ἀναλογώτεροι
1206 1258 1271 1323 οἱ
1311 1258 1526 1324 Ἴωνες
1570 1259 1803 1337 μαςτόν
1851 1258 2166 1333 λέγοντες.

851 1360 946 1424 Τὰ
999 1360 1088 1425 εἰς
1136 1346 1257 1426 ’θῖς
1323 1361 1603 1438 λήγοντα
1668 1361 1916 1440 καθαρὰ
1978 1363 2301 1441 μονογενῆ
2365 1359 2708 1440 διςύλλαβα
2772 1356 3270 1438 παραληγόμενα

567 1446 649 1524 ’10
681 1461 866 1541 φύςει
911 1467 1117 1546 μακρᾷ
1159 1462 1534 1543 βαρύνεςθαι
1578 1464 1777 1545 θέλει,
1823 1467 2104 1546 κῶθος,
2151 1462 2359 1526 οὕτως
2403 1460 2442 1526 ὁ
2485 1461 2747 1545 κωβίος,
2803 1465 3074 1544 μῦθος,
3115 1460 3264 1537 Ζῆ-

683 1567 848 1646 θος,
910 1563 1154 1642 (ῆθος
1197 1565 1486 1645 ποταμὸς
1532 1563 1791 1630 (κυθίας
1846 1566 1936 1630 ὡς
1980 1565 2493 1647 Φιλοςτὲφανος,
2551 1564 2859 1629 Ξοῦθος
2912 1564 2990 1629 τὸ
3046 1564 3266 1641 κύριον

684 1665 963 1744 «Δῶρός
1005 1685 1075 1731 τε
1121 1666 1375 1732 Ξοῦθός
1427 1687 1536 1731 τε»
1584 1664 1889 1748 (Hesiod.
1943 1664 2026 1728 fr.
2073 1664 2358 1729 XXXII
2404 1663 2698 1748 Goettl.).
2787 1667 3083 1731 Βοῦθος
3130 1664 3266 1729 Πύ-

682 1771 787 1831 θια
815 1769 1094 1845 νικήςας.
1138 1770 1443 1848 παροιμία
1489 1770 1732 1835 Βοῦθος
1776 1774 2151 1854 περιφοιτᾷ,
2202 1769 2509 1848 Κρατῖνος
2541 1767 2818 1847 Χείρωςι.
2862 1768 3150 1833 τάττεται
3194 1766 3266 1830 δὲ

682 1869 789 1934 ἐπὶ
831 1873 964 1935 τῶν
1009 1869 1261 1949 εύήθων
1306 1873 1410 1936 καὶ
1449 1873 1837 1952 παχυρίνων.
1927 1872 2232 1937 Νοῦθος
2277 1871 2530 1953 κύριον,
2585 1871 2688 1934 καὶ
2732 1869 2990 1954 ψόφος,
3044 1862 3125 1948 ἣν
3170 1865 3265 1933 οῖ-

584 1980 646 2035 15
682 1976 794 2038 δεν
838 1970 1129 2037 Ἡςίοδος
1172 1972 1243 2038 ἐν
1285 1972 1476 2059 τρίτῳ

1088 2077 1324 2143 νοῦθος
1367 2077 1439 2139 δὲ
1482 2080 1708 2142 ποδῶν
1752 2077 2130 2141 ὑπόδουπος
2173 2074 2435 2154 ὀρώρει·

680 2176 930 2255 Λῆθος
975 2175 1185 2255 ὄνομα
1226 2177 1465 2257 κύριον.
1543 2183 1886 2257 ςημειῶδες
1929 2177 2055 2257 ἄρα
2096 2178 2175 2242 τὸ
2220 2176 2603 2255 ςτρουθός
2647 2175 3068 2256 ὀξυνόμενον·
3116 2175 3266 2240 Χαῖ-

684 2299 777 2356 ρις
824 2279 904 2363 Ιδέ
961 2296 1151 2359 φηςιν
1206 2280 1524 2345 Ἀττικοὺς
1580 2281 1879 2360 βαρύνειν
1932 2280 2009 2345 τὸ
2055 2277 2293 2363 ὄνομα,
2353 2278 2445 2346 ὡς
2489 2280 2593 2343 καὶ
2634 2279 2917 2359 Τρύφων
2963 2277 3266 2359 μέμνηται

683 2379 754 2446 ἐν
797 2381 1077 2466 δευτέρῳ
1121 2382 1267 2461 περὶ
1310 2381 1583 2473 Ἀττικῆς
1625 2381 2004 2468 προςῳδὶας.
2068 2381 2218 2446 ἴςως
2261 2380 2479 2459 μέντοι
2522 2381 2886 2461 παρήλλαξε
2930 2384 3062 2446 τῶν
3105 2398 3265 2457 προ-

579 2493 649 2545 20
681 2482 1019 2566 κειμένων,
1064 2482 1204 2548 ἐπεὶ
1246 2484 1348 2548 καὶ
1390 2482 1733 2563 ἀρςενικῶς
1778 2486 2028 2561 λέγεται

850 2590 859 2597 “
1897 2588 2084 2652 καλοὶ
2132 2586 2204 2651 δέ
2248 2586 2310 2652 ς’
2352 2584 2515 2662 ἆγον

1491 2688 1684 2754 ὠκέες
1727 2688 2023 2768 ςτρουθοί

681 2790 784 2854 καὶ
823 2792 1113 2870 θηλυκῶς

892 2892 1094 2972 αὐτὰρ
1138 2893 1278 2958 ἐπεὶ
1319 2893 1478 2958 κατὰ
1521 2893 1699 2960 τέκν’
1742 2894 1948 2975 ἔφαγε
1993 2897 2332 2973 ςτρουθοῖο
2376 2894 2477 2959 καὶ
2521 2893 2723 2972 αὐτήν
2766 2894 2844 2976 (Β
2888 2891 3057 2973 326).

580 3018 646 3069 25
850 2994 944 3058 Τὰ
997 2995 1086 3060 εἰς
1138 2984 1257 3062 θος
1296 2998 1639 3077 διςύλλαβα
1682 3000 2002 3077 μονογενῆ
2048 2997 2286 3075 ἔχοντα
2337 2999 2453 3075 τὴν
2497 2997 2627 3075 πρὸ
2680 2996 2907 3061 τέλους
2952 2994 3266 3073 ςυλλαβὴν

682 3095 771 3161 εἰς
813 3097 1163 3178 ςύμφωνον
1207 3097 1688 3178 καταλήγουςαν
1734 3099 2094 3179 βαρύνεται.
2149 3100 2448 3177 πτόρθο
2474 3120 2536 3182 ς,
2593 3099 2886 3176 γόνθος
2929 3097 2967 3162 ὁ
3012 3097 3264 3178 κόγχος,

681 3320 781 3371 illo
827 3325 1141 3387 corruptum
1196 3321 1529 3386 suspicatum
1591 3321 1806 3386 reliqua
1853 3322 2035 3372 omnia
2076 3335 2251 3387 usque
2296 3320 2368 3371 ad
2415 3319 2729 3375 Κάττουζος
2785 3326 2913 3374 sunt
2959 3335 3028 3371 ex
3076 3317 3157 3369 st.
3201 3319 3263 3368 B.

819 3389 854 3439 l.
893 3392 923 3440 7
960 3389 1132 3440 verba
1167 3386 1530 3453 ςεςημείωται
1564 3405 1738 3455 usque
1777 3388 1850 3439 ad
1886 3389 2047 3440 finem
2089 3390 2322 3456 apposui
2367 3406 2435 3440 ex
2472 3406 2683 3442 canone
2719 3391 2778 3440 in
2812 3390 2914 3455 Ep.
2956 3387 3047 3439 Cr.
3085 3389 3113 3440 1
3146 3389 3263 3450 443,

686 3475 777 3524 15:
811 3472 884 3525 τὰ
920 3471 1000 3527 εἰς
1035 3459 1140 3527 ffi-
1164 3472 1413 3539 λήγοντα
1448 3476 1676 3539 τριγενῆ
1722 3472 1915 3525 πάντα
1955 3472 2241 3539 ὀξύνεται,
2278 3473 2473 3540 πεζός,
2518 3473 2730 3539 χθιζός,
2767 3472 3027 3540 πρωϊζός.
3097 3470 3170 3524 τὰ
3203 3470 3264 3523 δὲ

684 3544 965 3607 μονογενῆ
1013 3542 1338 3608 βαρύνεται,
1386 3541 1538 3602 ὄζος,
1584 3542 1783 3608 ῥοῖζος.
1867 3539 2236 3612 ςεςημείωται,
2274 3543 2394 3594 κτλ.
2439 3543 2509 3596 ef.
2559 3560 2609 3609 p.
2645 3546 2775 3606 437,
2820 3545 2903 3595 20.
2973 3543 3038 3592 In
3081 3540 3146 3591 E.
3191 3542 3264 3593 M.

682 3628 800 3690 809,
836 3629 899 3678 21
938 3626 1011 3678 τὰ
1055 3625 1134 3681 εἰς
1177 3611 1287 3682 ζει-ς
1307 3626 1423 3679 ἀπὸ
1467 3625 1739 3694 ῥημάτων
1785 3626 1912 3692 (ser.
1959 3626 2075 3679 ἀπὸ
2120 3625 2542 3704 ἑπιρρημέτων)
2588 3627 2857 3691 γινόμενα
2902 3626 2995 3678 καὶ
3037 3625 3263 3691 τριγενῆ

683 3709 826 3762 ὄντα
861 3710 1134 3765 ὀξύνεται.
1270 3714 1306 3764 l.
1332 3717 1364 3765 9
1402 3730 1500 3779 pro
1535 3714 1761 3764 Arcadii
1798 3729 2036 3766 canone:
2072 3712 2146 3765 τὰ
2181 3711 2260 3765 εἰς
2299 3715 2396 3765 θος
2434 3714 2713 3777 μονογενῆ
2750 3711 3050 3775 διςύλλαβα
3087 3709 3265 3773 μακρὰ

684 3778 1090 3844 παραλήγοντα
1126 3781 1201 3846 μὴ
1239 3780 1399 3833 κοινὰ
1433 3781 1578 3833 κατὰ
1611 3781 1776 3845 γένος
1814 3781 2138 3846 βαρύνεται,
2178 3783 2377 3846 μῦθος,
2416 3783 2628 3845 κῶθος,
2672 3779 2885 3846 Ζῆθος,
2934 3778 3152 3832 Ξοῦθος
3193 3761 3263 3827 τό

683 3846 898 3911 κύριον·
935 3848 1004 3900 τὸ
1040 3849 1101 3900 δὲ
1137 3848 1407 3914 ςτρουθός
1443 3848 1636 3901 κοινὸν
1671 3853 1757 3916 τῷ
1794 3849 1944 3912 γένει
1991 3852 2149 3916 posui
2183 3854 2533 3916 praeceptum
2567 3850 2716 3900 Mon.
2754 3852 2849 3913 42,
2885 3851 2921 3899 4
2955 3851 3162 3898 inserto
3199 3860 3264 3895 ex

683 3915 928 3983 Theogn.
965 3919 1048 3981 54,
1084 3920 1119 3968 8
1153 3917 1336 3982 Λῆθος
1372 3916 1552 3981 ὄνομα
1588 3916 1794 3982 κύριον.
1867 3920 2006 3969 Nam
2044 3933 2110 3968 ex
2149 3918 2330 3970 Schol.
2367 3919 2438 3969 ad
2474 3919 2643 3969 Arist.
2669 3920 2834 3985 Vesp.
2869 3918 2995 3968 877:
3034 3910 3264 3979 ςτρουθὲ

684 3986 885 4050 μῆτερε
926 3984 1268 4051 Ἡρωδιανὸς
1304 3984 1367 4037 ἐν
1402 3988 1487 4051 τῷ
1526 3984 1688 4049 βάςκ*
1720 3983 1797 4036 ἴθι
1830 3984 1930 4049 Ἶρι
1973 3987 2169 4050 ταχεῖα
2212 3985 2319 4037 τὸν
2354 3984 2575 4051 Ἕκτορι
2623 3987 2800 4049 μῦθον
2846 3984 3033 4036 ἔνιςπε
3079 3980 3261 4045 ἐπιμε-

682 4056 856 4174 ριςμὲι
893 4067 1027 4174 vrgo
1060 4053 1166 4173 ἑὸν
1214 4051 1439 4173 Χάρητέα
1476 4052 1661 4116 λέγειν
1709 4052 1970 4173 βαρὲιέἱιν
2017 4053 2303 4175 ’λΑέττικοὺς
2325 4053 2425 4174 1⁴1·ss
2464 4056 2760 4137 ςτροῦθος,
2810 4049 3021 4172 ὁμοίθῳς
3048 4046 3291 4170 gagg:

681 4122 2207 4256 22²2,29‘2‘12121⁶'5Assss'185‘3193233'31322p&¹22133
2235 4136 2351 4241 3330
2387 4123 3055 4241 nfffi‘ss'ssss‘uffi'ssisse‘mke
3091 4187 3263 4266 nerp-

683 4257 908 4308 dianum
943 4266 1112 4324 atque
1148 4259 1206 4308 in
1241 4259 1388 4313 Mon.
1461 4260 1527 4309 In
1564 4259 1738 4324 Epim.
1775 4258 1864 4312 Or.
1903 4259 1931 4310 Ι
1961 4261 2092 4322 390,
2130 4263 2188 4322 3,
2226 4259 2291 4310 Ε.
2329 4260 2402 4309 Μ.
2443 4261 2570 4321 730,
2607 4261 2702 4321 30,
2752 4258 2946 4308 Choer.
2995 4256 3171 4320 Epim.
3207 4269 3264 4302 m

681 4339 885 4394 Psalm.
935 4341 1055 4404 120,
1096 4346 1124 4393 1
1175 4358 1351 4394 canon
1389 4347 1542 4394 recte
1589 4343 1811 4409 quidem
1849 4343 2194 4421 progonitur:
2241 4341 2313 4394 τὰ
2360 4340 2438 4394 εἰς
2457 4328 2583 4395 ῖς
2637 4340 2933 4405 διςύλλαβα
2987 4337 3262 4403 μονογενῆ

681 4409 846 4474 φύςει
882 4413 1065 4476 μακρᾷ
1099 4410 1540 4476 παραληγόμενα
1576 4410 1901 4476 βαρύνεται,
1940 4413 2156 4463 εοῠθος
2193 4410 2400 4477 κύριον.
2440 4413 2627 4474 μῦθος.
2665 4411 2863 4461 κῶθος.
2916 4407 3129 4473 Ζῆθος,
3167 4404 3263 4456 sed

681 4478 952 4544 ςτρουθός
987 4485 1282 4530 excusatur
1316 4480 1430 4530 alio
1464 4479 1652 4530 modo:
1691 4477 1839 4531 ἀλλὰ
1880 4477 1953 4529 τὰ
1997 4479 2150 4545 παρὰ
2193 4478 2263 4530 τὸ
2309 4478 2424 4531 θέω
2471 4477 2835 4541 ςυντιθέμενα
2882 4476 3109 4528 ἅπαντα
3142 4472 3261 4526 ὀξύ-

682 4561 861 4599 νεται·
909 4546 1128 4612 βοηθός.
1199 4545 1430 4610 ἀγαθός’
1484 4546 1665 4616 οίίίτωι
1696 4546 1787 4598 καὶ
1841 4547 2134 4613 ςτρουθός,
2190 4548 2336 4614 quod
2379 4548 2570 4614 paullo
2615 4552 2747 4598 ante
2797 4543 2953 4609 παρὰ
3000 4543 3072 4596 τὸ
3127 4538 3264 4605 μετὰ

682 4613 907 4682 οἵςτρου
943 4614 1093 4668 θέειν
1136 4613 1172 4678 ἢ
1212 4614 1363 4679 παρὰ
1406 4614 1477 4667 τὸ
1523 4617 1770 4680 ςτερρῶς
1815 4615 1965 4667 θέειν
2012 4616 2218 4667 dictum
2264 4631 2386 4668 esse
2432 4616 2685 4667 traditur.
2766 4617 2924 4679 Quae
2972 4611 3265 4678 explicatio

683 4701 847 4749 quam
888 4701 1013 4736 uam
1050 4683 1397 4736 Herodianus
1433 4700 1467 4734 a
1505 4685 1774 4735 similibus
1811 4685 2277 4750 originationibus
2312 4701 2421 4736 non
2458 4677 3018 4747 αδδοηεακάραβος
3057 4697 3106 4734 e.
3142 4695 3192 4744 g·
3230 4693 3266 4728 ι

590 4755 598 4760 “
684 4752 766 4816 βῶ
805 4755 873 4817 βα
897 4767 980 4804 νω
1019 4758 1076 4803 et
1113 4749 1364 4814 Αἵγιςθος
1400 4769 1434 4803 a
1469 4753 1554 4802 θῶ
1591 4750 1818 4817 θηλάζω
1855 4754 1919 4804 E.
1945 4755 2019 4804 Μ.
2049 4755 2161 4814 137,
2202 4756 2268 4804 32
2307 4752 2531 4819 repetit)
2570 4753 2623 4803 ei
2658 4767 2768 4802 non
2804 4747 3128 4816 imputanda
3162 4751 3263 4808 est,

684 4835 810 4871 nam
846 4838 967 4873 eum
1003 4818 1213 4884 ἀγαθός
1247 4836 1358 4872 non
1394 4836 1429 4871 a
1464 4818 1606 4885 θέω,
1654 4820 1753 4871 sed
1787 4821 1860 4871 ab
1896 4818 2085 4884 ἀγάζω
2121 4819 2330 4884 ἄγαμαι
2373 4818 2613 4883 ἀγαςτός
2648 4821 2713 4870 Ε.
2752 4820 2843 4871 Or.
2879 4821 2963 4881 29,
3005 4820 3030 4866 1
3070 4830 3264 4882 propa-

683 4904 844 4953 gasse
881 4891 1104 4940 scimus,
