3664 5546
400 3937 405 3940 Α
452 3916 666 3964 ςυγκοπ

1173 411 1333 466 ΠΕΡΙ
1375 409 1769 466 ΚΑΘΟΛΙΚΗΕ
1802 408 2224 463 ΠΡΟζΩιΔΙΑ(
2265 405 2337 462 ΙΕ.
2763 458 2772 463 .
2921 406 3048 470 413

460 583 694 662 ἔρωτι
749 582 1010 661 ἔρωςι·
1076 583 1179 646 καὶ
1232 582 1355 660 γὰρ
1412 581 1478 645 αἱ
1529 582 1944 660 πληθυντικαὶ
1999 579 2254 660 ὁμοίως.
2341 578 2470 656 πρὸ
2529 580 2671 656 μιᾶς
2716 579 2787 641 δὲ
2831 576 3044 655 ἔχουςι

456 686 572 749 τὸν
614 685 814 749 τόνον
858 682 923 747 αἱ
966 681 1097 748 ἀπὸ
1145 683 1471 751 ὀξυτόνων
1515 684 1554 761 ἢ
1600 681 2134 762 περιςπωμένων,
2180 679 2378 760 ἀβλής
2409 678 2698 759 ’ἀβλῆτι
2744 677 3046 760 ἀβλῆςι,

441 785 715 874 ,εύςεβής
771 784 1074 865 εύςεβέῖ
1129 785 1510 866 εύςεβέςι,
1566 783 1734 847 ἀλλὰ
1789 784 1894 847 καὶ
1949 784 2238 861 φθογγῆς
2296 782 2743 860 φθογγῆντι
2798 785 3046 859 φθογ-

456 888 655 967 γῆςι,
721 885 1045 965 Ξενοφῶν
1111 884 1583 964 Ξενοφῶντι
1649 884 2066 963 Ξενοφῶςι
2133 883 2236 946 καὶ
2299 881 2405 946 ἐπὶ
2470 885 2759 960 μετοχῶν
2829 881 3046 961 λαβών

457 987 779 1068 λαβόντι
825 990 1185 1069 λαβοῦςι,
1239 990 1451 1052 ποιῶν
1495 989 1864 1050 ποιοῦντι
1907 987 2241 1048 ποιοῦςι.
2333 982 2736 1063 ςεςημείωται
2789 982 2866 1045 τὸ
2912 1003 3042 1061 μη·
3073 996 3105 1046 5

456 1088 626 1155 δενί
669 1091 990 1168 μηδὲςιν
1035 1088 1137 1152 καὶ
1180 1086 1448 1153 οὐδενί
1495 1085 1830 1151 οὐδέςιν.

623 1191 715 1256 Τὸ
762 1190 1063 1255 «ςπέςςι
1107 1193 1490 1270 γλαφυροῖο
1536 1185 1693 1269 (Οά.
1726 1208 1768 1250 α
1804 1184 1912 1266 15)
1956 1187 2111 1251 ὅςον
2157 1186 2262 1249 ἐπὶ
2306 1185 2669 1268 διςυλλαβίᾳ
2715 1183 3044 1251 ὀξύνεςθαι

456 1291 773 1373 ὤφειλεν,
818 1296 936 1356 νῦν
983 1292 1052 1354 δὲ
1096 1297 1188 1374 τῷ
1231 1291 1413 1374 τύπῳ
1460 1288 1982 1370 βεβαρυτόνηται’
2026 1289 2105 1350 τὰ
2148 1288 2272 1365 γὰρ
2317 1286 2554 1364 ἔχοντα
2591 1286 3046 1379 διπλαςιαςμρν

455 1397 573 1457 τοῦ
618 1390 651 1455 ἱ
694 1399 786 1475 τῷ
832 1393 864 1455 ἒ
907 1391 1406 1471 παραληγόμενα
1451 1389 1820 1472 βαρύνεται,
1875 1389 2154 1471 θήρεςςι,
2199 1389 2469 1453 κύνεςςι·
2528 1385 2735 1450 οὕτως
2792 1385 2913 1450 οὖν
2953 1387 3045 1451 .τό

457 1494 680 1559 ςπέςςι.
753 1494 830 1556 τὸ
870 1497 1033 1568 γοῦν
1077 1493 1298 1558 ποςςί
1344 1494 1424 1571 μὴ
1469 1491 2004 1571 παραληγόμενον
2049 1496 2141 1573 τῷ
2184 1491 2217 1553 ἒ
2264 1487 2552 1564 εὐλόγως
2583 1487 2849 1567 ὠξύνθη.
2908 1486 3044 1551 Πά-

458 1597 556 1659 λιν
603 1594 643 1672 ἡ
688 1594 995 1671 γυναιξί
1038 1594 1441 1673 ςημειούςθω.

624 1696 699 1759 Αἱ
741 1695 1169 1759 πλεονάςαςαι
1224 1695 1300 1760 τὸ
1346 1698 1389 1756 ἆ
1431 1693 1590 1757 κατὰ
1632 1695 1748 1771 τὴν
1801 1692 2297 1770 παραλήγουςαν
2337 1691 2849 1772 παροξύνονται,
2905 1709 3044 1754 πα-

455 1796 706 1878 τράςι,
752 1795 1206 1877 θυγατράςι,
1252 1795 1593 1875 μητράςι.

624 1896 698 1961 Αἱ
742 1897 1330 1977 μεταπεπλαςμέναι
1376 1897 1536 1973 ὑπὲρ
1583 1894 1703 1958 δύο
1750 1895 2065 1975 ςυλλαβὰς
2111 1893 2241 1959 ἀπὸ
2287 1896 2402 1974 μὲν
2455 1899 2587 1959 τῶν
2642 1894 2730 1958 εἰς
2776 1898 2834 1977 ᾧ
2883 1913 3043 1971 προ-

456 1999 961 2080 παροξύνονται,
1035 1997 1518 2081 πολυπλατάγῳ
1591 1996 2178 2079 πολυπλάταγι,
2258 1997 2584 2078 διχομήνῳ
2660 1995 3039 2074 διχόμηνι.

454 2103 648 2164 τοῦτο
696 2099 959 2164 δύναται
1002 2098 1134 2163 ἀπὸ
1178 2102 1295 2162 τοῦ
1343 2097 1667 2177 διχόμηνις
1713 2098 1917 2176 «πρὸς
1973 2096 2095 2175 γάρ
2141 2097 2203 2161 οἱ
2256 2098 2579 2176 διχόμηνις
2624 2096 2745 2160 ἀπ’
2790 2096 3042 2174 αἰθέρος

422 2200 857 2276 ·αύγάζουςα»
905 2200 1342 2264 Ἀπολλώνιος
1388 2197 1452 2283 (Ι
1478 2197 1692 2289 ,1231)
1746 2200 1849 2262 καὶ
1893 2201 2146 2275 δοτικῆς
2201 2199 2557 2277 διχομήνιδι
2602 2197 3042 2277 ἀποκεκόφθαι

455 2300 649 2365 «οὐδέ
693 2322 788 2366 τις
832 2300 1166 2380 ἀδρανέων
1221 2300 1484 2379 φέρεται
1530 2299 1818 2378 διχόμηνι
1866 2300 2136 2383 ςελήνῃ»
2194 2299 2407 2382 (Arat.
2454 2297 2697 2361 Phaen.
2741 2296 2898 2377 470)
2942 2299 3046 2362 καὶ

452 2401 826 2481 ἀναδρομὴν
889 2402 1262 2480 ποιήςαςθαι
1329 2404 1448 2465 τοῦ
1500 2400 1719 2464 τόνου.
1806 2401 1883 2463 τὸ
1945 2401 2016 2464 δὲ
2072 2400 2308 2464 κλάδος
2371 2400 2615 2464 κλάδου
2670 2400 2885 2482 κλάδῳ
2940 2400 3044 2462 καὶ

457 2502 614 2565 κατὰ
660 2502 1108 2581 μεταπλαςμόν
1154 2501 1376 2566 κλαδί
1421 2501 1816 2581 καταβιβάζει
1855 2502 1966 2565 διὰ
2020 2502 2137 2579 τὴν
2181 2500 2585 2581 διςυλλαβίαν
2629 2500 2778 2564 καθ’
2823 2499 3039 2578 ὁμοιό-

453 2623 609 2682 τητα
661 2608 755 2686 τῷ
812 2603 958 2681 μηνί
1010 2602 1111 2666 καὶ
1152 2602 1329 2666 παιδί
1383 2603 1486 2667 καὶ
1528 2601 1729 2681 ἀνδρί.
1816 2603 1921 2666 καὶ
1974 2603 2169 2667 πάλιν
2211 2603 2290 2666 τὸ
2337 2602 2513 2666 λιτόν
2557 2605 2674 2665 τοῦ
2727 2604 2906 2665 λιτοῦ
2948 2607 3041 2680 τῷ

459 2706 613 2786 λιτῷ
657 2703 761 2766 καὶ
805 2704 965 2767 κατὰ
1008 2705 1452 2784 μεταπλαςμόν
1495 2710 1587 2788 τῷ
1634 2703 1784 2792 λ”ιτί
1828 2701 1975 2780 οἷον
2022 2704 2132 2769 «ἐν
2179 2705 2450 2783 λεχὲεςςι
2496 2705 2568 2767 δὲ
2612 2703 2827 2767 θέντες
2872 2702 3044 2785 ἑανῷ

458 2804 579 2867 λιτὶ
622 2804 964 2883 κάλυψαν»
1011 2804 1087 2887 (C
1130 2803 1284 2887 352)
1326 2807 1429 2870 καὶ
1485 2805 1775 2871 ὀξύνεται
1834 2806 1938 2869 διὰ
1990 2808 2106 2885 τὴν
2153 2806 2573 2887 διςυλλαβίαν.
2660 2804 2734 2868 Αἱ
2794 2807 2864 2869 δὲ
2909 2803 3040 2868 ἀπὸ

453 3094 623 3158 ἔρωτι
658 3095 880 3146 dativos
916 3092 1211 3158 singularis
1248 3094 1369 3158 ipso
1404 3094 1640 3154 inserui3
1686 3092 1723 3148 l.
1759 3096 1792 3143 2
1826 3109 1925 3161 pro
1972 3092 2303 3158 βαρυτόνων
2349 3093 2546 3158 scripsi
2590 3090 2896 3143 ὀξυτόνων.’
2967 3092 3047 3142 cf.

451 3164 520 3216 11.
557 3164 651 3217 Pr.
686 3161 737 3214 Δ
771 3165 875 3213 235
908 3159 1130 3224 ψευδέςι
1169 3160 1247 3212 ὡς
1294 3159 1514 3225 ςαφέςι,
1561 3159 1821 3224 ψεύδεςιν
1868 3160 1948 3213 ώς
1992 3160 2217 3224 βέλεειν.
2289 3159 2335 3212 O
2371 3163 2472 3211 606
2514 3157 2784 3224 τάρφεςιν
2829 3158 2907 3211 ῶς
2954 3159 3039 3223 βέ-

452 3230 627 3293 λεςιν,
665 3228 766 3281 ἐὰν
801 3229 863 3280 δὲ
897 3228 968 3280 τὸ
1005 3226 1348 3293 ἐπιθετικόν,
1385 3226 1655 3292 ταρφέςιν
1691 3226 1771 3280 ὡς
1807 3228 2001 3281 ὸξέςιν.
2037 3256 2103 3264 -
2138 3230 2202 3278 ln
2247 3229 2352 3277 fine
2401 3230 2630 3278 canonis
2674 3225 3040 3292 ςεςημείωται

453 3296 522 3347 τὸ
561 3295 756 3362 μηδενί
790 3324 856 3332 -
894 3295 1111 3348 ούδέςιν
1145 3296 1326 3346 adieci
1364 3313 1430 3345 ex
1468 3296 1667 3348 Arcad.
1706 3298 1825 3356 138,
1870 3300 1895 3347 1
1945 3295 2036 3347 καὶ
2075 3295 2245 3360 χωρὶς
2292 3297 2396 3346 τοῦ
2446 3293 2640 3360 μηδενί
2685 3293 2874 3360 μηδέςι
2919 3296 3039 3347 κτλ.

587 3365 625 3415 1.
661 3369 689 3416 '1
729 3381 796 3415 ex
833 3366 911 3415 Ῑο.
944 3365 1033 3414 Al.
1072 3366 1152 3423 11,
1191 3366 1272 3416 21.
1341 3365 1667 3448 ‘Aet-,uranus
1703 3365 1769 3414 de
1806 3362 1990 3415 ςπὲςςι
2027 3365 2281 3430 exposuit
2315 3363 2522 3447 Herqd.
2558 3364 2616 3412 in
2651 3364 2802 3418 Pron,
2841 3363 3036 3428 odyss,

455 3431 909 3564 3313303224‘33‘
931 3429 1186 3561 {35:25⁹
1188 3428 1306 3548 {211⁶
1321 3429 1891 3563 ὥῗξῒέᾞζὸὲνῖἶᾶᾓ
1913 3428 2270 3563 κὶιρᾓᾟῒέἑὲ
2305 3432 2409 3548 ἷὲῗ
2449 3428 3038 3563 ,ἓῖῗὲἒἻὶῗὲιξνᾶξέἑᾷ

455 3565 600 3648 πρὸς
635 3566 741 3616 τὸν
777 3566 1123 3630 χαρακτῆρα,
1163 3580 1208 3628 φ
1250 3565 1307 3629 μί
1352 3565 1413 3616 δὲ
1449 3564 1660 3628 ὁμοίως
1695 3567 1799 3617 τοῦ
1839 3565 2041 3631 μηνός,
2089 3564 2285 3630 χηνός,
2331 3565 2529 3630 γραός,
2577 3564 2665 3616 διὰ
2707 3563 2764 3615 τί
2811 3564 2884 3629 μὴ
2930 3564 3037 3616 τὸν

454 3632 636 3684 αυτὸν
671 3631 891 3696 τρόπον
927 3630 1149 3697 ὠξύνθη
1185 3646 1220 3682 τ
1301 3632 1548 3697 ςπέςςιν,
1596 3631 1711 3683 ἀπὸ
1758 3636 1863 3684 τοῦ
1910 3633 2159 3685 ςπέεςςιν
2203 3633 2515 3696 γενόμενον
2560 3632 2704 3684 κατὰ
2749 3633 3037 3697 ςυγκοπὴν

455 3700 597 3763 πρὸς
633 3701 956 3765 χαρακτῆρα
989 3701 1092 3751 τοῦ
1132 3697 1283 3764 μηςί,
1322 3698 1533 3764 Τρωςί,
1569 3699 1746 3763 βουςί;
1789 3701 1878 3752 καὶ
1904 3700 2192 3753 ἐπιλύεται
2217 3699 2432 3764 λέγων,
2468 3700 2558 3752 ὅτι
2582 3701 2614 3751 ὁ
2640 3699 3035 3763 διπλαςιαςμὸς

452 3770 556 3818 τοῦ
594 3770 627 3819 ἰ
662 3766 799 3819 ἴδιός
835 3765 946 3818 ἐςτι
980 3768 1102 3817 τῶν
1138 3766 1283 3832 ὑπὲρ
1328 3767 1431 3819 δύο
1476 3767 1747 3832 ςυλλαβάς
1793 3769 2038 3820 δοτικῶν
2083 3769 2512 3832 πληθυντικῶν,
2556 3766 2768 3820 αἵτινες
2804 3769 2893 3819 καὶ
2940 3767 3036 3831 μό-

454 3848 568 3886 νως
606 3834 941 3953 βαὲύνονὶται
977 3831 1101 3952 οῐὲν
1136 3833 1416 3898 κύνεςςιν,
1462 3832 1732 3900 θήρέςςιν.
1801 3837 1988 3888 οὕτως
2033 3836 2138 3887 οὖν
2186 3836 2277 3888 καὶ
2322 3835 2551 3888 ςπὲεςςι.
2619 3838 2795 3887 τοῦτο
2841 3835 3036 3888 τοίνυν

450 3970 558 4021 τὸν
592 3915 1227 4033 ωπῖαέἱὲεμῖῖντέἓνὲἴ
1252 3902 1608 4022 ὅὲἷῗὲἳεῖἰῗν
1630 3902 3036 4036 323„3332&ss‘331335‘3392535552‘2202³³:303}

454 4035 750 4102 ἐβαρύνθη.
802 4037 873 4087 τὸ
910 4037 1111 4088 «flocci
1146 4036 1207 4088 δ’
1241 4036 1357 4088 ὑπὸ
1394 4038 1705 4102 λιπαροῖςιν
1738 4039 2017 4105 ὲδήςατο»
2054 4038 2127 4105 (Ξ
2165 4037 2287 4102 186)
2332 4038 2445 4101 ἔχει
2489 4036 2886 4100 διπλαςιαςμὸν
2929 4040 3032 4088 τοῦ

450 4109 483 4157 ἰ
530 4105 618 4155 καὶ
642 4104 741 4174 κοὐ
796 4103 1120 4168 βαρύνεται,
1175 4103 1310 4155 ἀλλ’
1353 4103 1422 4155 οὐ
1477 4106 1908 4171 παραλήγοντος
1961 4109 2065 4157 τοῦ
2113 4109 2171 4169 ἓ,
2220 4106 2408 4169 ὥςπερ
2454 4104 2546 4157 ἐπὶ
2599 4102 3035 4173 προλεχθέντων

452 4170 925 4237 παραδειγμάτων
949 4168 1073 4222 οἷον
1097 4174 1200 4222 τοῦ
1226 4171 1441 4226 κύνεςει
1466 4172 1683 4238 θήρεςςι
1708 4175 1799 4225 καὶ
1822 4176 1947 4225 τῶν
1970 4172 2267 4225 τοιούτων.
2383 4173 2418 4222 1.
2447 4175 2507 4221 12
2535 4188 2602 4221 ex
2628 4174 2701 4221 10.
2728 4171 2812 4221 Al.
2843 4174 2923 4234 11,
2950 4175 3032 4222 27.

584 4241 622 4291 l.
651 4243 849 4292 14—19
885 4253 980 4291 ποι
1022 4241 1209 4292 ςαςθαι
1232 4242 1336 4291 τοῦ
1361 4239 1533 4292 τόνου
1558 4257 1626 4291 ex
1652 4243 1731 4296 10.
1753 4242 1838 4292 Al.
1863 4246 1942 4306 11,
1968 4242 2052 4293 28.
2089 4241 2280 4290 Arcad.
2303 4242 2416 4301 129,
2442 4243 2473 4289 5
2499 4240 2638 4287 haec
2663 4238 2855 4288 habet:
2883 4237 3035 4300 λέγει

452 4307 485 4359 ὁ
518 4308 802 4372 τεχνικός,
840 4307 926 4359 ὅτι
961 4322 997 4358 α
1056 4306 1581 4370 μεταπεπλαςμέναι
1618 4308 1830 4360 δοτικαὶ
1858 4308 2077 4371 ἔχουςαι
2111 4307 2181 4357 τὸ
2219 4309 2251 4358 ῖ
2287 4304 2836 4371 προπαροξύνονται,
2876 4303 2925 4356 εἰ
2959 4307 3033 4370 μὴ

449 4374 768 4440 διςυλλαβία
809 4374 1034 4441 κωλύςῃ
1078 4375 1111 4426 ό
1154 4374 1589 4436 πολυπλάταγος
1635 4378 1738 4427 τοί)
1787 4372 2232 4436 πολυπλατάγου
2279 4376 2366 4439 τῷ
2415 4371 2841 4439 πολυπλατάγῳ
2890 4373 3034 4426 κατὰ

452 4443 855 4507 μεταπλαςμὸν
897 4440 1292 4505 πολυπλάταγι
1344 4441 1679 4506 ἀναβιβάζει·
1725 4441 1783 4493 αἱ
1826 4442 1933 4506 γὰρ
1978 4442 2250 4504 ςυγκοπαί
2295 4439 2702 4505 ἀναβιβάζουςι,
2751 4438 3035 4493 ὸπίςωθεν

452 4510 706 4576 ὄπιςθεν,
745 4509 1072 4574 όμόπατρος
1108 4510 1373 4576 ὄπατρος.
1418 4509 1488 4561 τὸ
1525 4509 1586 4562 δὲ
1622 4508 1837 4574 πατρὸς
1873 4509 1964 4561 καὶ
2000 4507 2202 4573 ἀνδρός
2229 4508 2318 4560 καὶ
2350 4508 2420 4559 τὸ
2447 4507 2657 4573 μητρός
2682 4508 3034 4571 ςυγκοπέντα

450 4578 797 4643 ήκολούθηςε
822 4582 908 4644 τῷ
933 4581 1239 4643 χαρακτῆρι
1262 4580 1384 4628 τῶν
1409 4575 1486 4629 εἰς
1511 4592 1572 4629 ος
1598 4575 1945 4639 διςυλλάβων
1970 4577 2238 4639 γενικῶν;
2267 4591 2406 4641 quae
2434 4576 2537 4627 boc
2561 4576 2683 4626 loco
2708 4577 2774 4626 de
2801 4585 3033 4628 accentu

452 4654 878 4711 ayncopatorum
916 4653 1159 4698 retracto
1197 4647 1480 4707 dicuntur,
1520 4645 1706 4695 aliena
1741 4649 1941 4694 sunt-a
1977 4651 2271 4709 praecepto
2317 4644 2385 4694 de
2431 4643 2791 4709 metaplasmo
2837 4649 2896 4694 et
2933 4646 3034 4694 buc

453 4713 793 4778 irrepserunt
826 4719 890 4764 ut
926 4715 1146 4766 videtur
1180 4729 1249 4764 ex
1284 4713 1432 4776 loco,
1469 4712 1566 4762 ubi
1614 4712 1681 4761 de
1718 4710 1998 4776 θυγατρός
2043 4713 2303 4778 genetivo
2348 4713 2551 4776 agitur.
2587 4737 2651 4746 —
2690 4713 2726 4761 1.
2770 4715 2831 4762 19
2865 4709 2934 4762 τὸ
2970 4711 3032 4763 δὲ

452 4778 654 4832 κλάδος
697 4808 763 4817 -—
807 4780 844 4835 l.
890 4784 953 4832 21
998 4782 1089 4834 καὶ
1143 4778 1301 4845 ἀνδρί
1353 4796 1423 4831 ex
1465 4779 1662 4834 Aread.
1705 4782 1827 4844 129,
1879 4784 1957 4834 13.
2003 4807 2069 4817 -
2117 4780 2152 4830 l.
2187 4782 2252 4830 21
2299 4779 2390 4830 καὶ
2435 4776 2605 4830 πάλιν
2648 4777 2718 4829 τὸ
2763 4778 2922 4831 λιτόν
2965 4808 3032 4816 -

450 4846 488 4897 1.
525 4851 591 4913 23
624 4849 735 4913 τὴν
770 4847 1122 4913 διςυλλαβίαν
1160 4864 1226 4898 ex
1264 4848 1461 4898 Choer.
1499 4850 1627 4913 416,
1663 4849 1729 4898 26
1776 4848 1962 4900 collat.
1997 4847 2059 4899 11.
2096 4850 2186 4898 Pr.
2222 4845 2262 4900 C
2298 4849 2398 4898 352
2442 4846 2525 4898 δεῖ
2568 4845 2855 4899 ὀξυτόνως
2900 4845 3031 4900 ἀνα-

3084 1504 3149 1555 10

3083 2013 3144 2063 15

3079 2508 3147 2568 ἑο
