3664 5546
661 365 789 434 498
913 333 920 338 ’
1277 391 1284 402 -
1593 361 1674 423 εκ
1711 363 1852 422 mu
1894 363 2300 423 ιιΡΩΔιΑΝοΥ

661 542 973 607 ποδοτικὰ
1016 542 1055 619 ἢ
1089 539 1482 624 ἀναφορικά,
1528 540 1895 622 βαρύνεται,
1939 539 2161 622 πότε,
2206 539 2415 620 τότε,
2460 538 2619 622 ὅτε,
2663 538 2874 621 εὖτε,
2919 540 2957 604 ὃ
3002 539 3069 604 ἐκ
3108 544 3229 604 τοῦ

661 646 769 710 ὅτε
828 645 932 708 καὶ
986 647 1366 727 πλεοναςμῷ
1420 647 1536 707 τοῦ
1591 645 1626 706 ἒ
1679 644 1780 706 καὶ
1835 642 2041 720 κράςει
2097 644 2213 706 τοῦ
2262 643 2341 705 ἐδ
2406 641 2496 705 εἰς
2558 642 2676 719 τὴν
2733 645 2816 705 'Fu
2873 642 3226 721 δίφθογγον

660 746 972 825 Δωρικῶς
1004 746 1256 821 γίνεται.
1314 744 1572 823 ἀόριςτα
1602 746 1674 809 δὲ
1705 743 1993 810 ὀξύνεται
2033 744 2135 807 καὶ
2164 742 2543 824 έγκλίνεται,
2589 743 2680 807 ὡς
2723 744 2797 807 τὸ
2830 744 2959 809 «ὣς
2986 744 3227 823 Ἕκτωρ

659 847 789 912 ὁτὲ
847 850 961 927 μὲν
1017 849 1172 927 μετὰ
1231 848 1532 926 πρώτοιςι
1598 847 1957 927 φάνεςκεν»
2024 842 2133 928 (Il.
2190 845 2240 909 Λ
2294 844 2405 926 64)
2469 843 2791 911 ὀξυτόνως
2855 850 2953 910 δεῖ
3010 845 3228 922 ἀναγι-

598 959 631 1008 5
660 951 1015 1016 νώςκεςθαι.
1512 1017 1523 1029 .

824 1052 918 1116 Τὰ
974 1051 1061 1116 εἰς
1116 1040 1204 1118 δἐ-
1252 1052 1671 1135 ἐπιρρήματα,
1735 1052 1851 1130 τὴν
1912 1049 2000 1114 εἰς
2040 1049 2247 1115 τόπον
2294 1050 2496 1128 ςχέςιν
2543 1049 2952 1133 ςημαίνοντα,
3014 1051 3227 1130 τρίτην

655 1152 785 1218 ἀπὸ
829 1154 1059 1218 τέλους
1090 1154 1220 1233 ἔχει
1248 1155 1365 1232 τὴν
1401 1152 1646 1236 ὀξεῖαν,
1691 1151 1999 1235 οἴκαδε,
2042 1151 2367 1235 ἄγραδε,
2412 1151 2689 1235 ἅλαδε,
2732 1152 3227 1234 Παλλήναδε,

655 1257 964 1336 φύγαδε
1013 1255 1092 1319 «ὁ
1138 1258 1251 1337 μὲν
1283 1255 1529 1336 φύγαδ’
1572 1254 1750 1321 αὖθις
1794 1254 2244 1333 ὑποςτρέψας»
2294 1252 2373 1336 (Λ
2415 1252 2602 1338 446),
2648 1254 2686 1318 ὃ
2731 1253 3094 1334 ἰςοδυναμεῖ
3132 1261 3226 1339 τῷ

654 1358 742 1422 εἰς
808 1360 1055 1441 φυγήν,
1122 1358 1200 1423 οὐ
1267 1359 1387 1437 μὴν
1451 1358 1527 1421 τὸ
1595 1357 1791 1421 «τοὺς
1857 1356 2035 1437 ἕλεν,
2102 1354 2165 1419 οἱ
2218 1354 2286 1418 δ’
2340 1354 2525 1419 ἄλλοι
2581 1355 2833 1436 φύγαδε
2889 1358 3226 1436 μνώοντο»

555 1467 620 1516 10
656 1460 747 1540 (Π
789 1458 971 1541 697)·
1017 1458 1158 1524 ἀντὶ
1202 1460 1324 1537 γὰρ
1369 1458 1704 1536 αἰτιατικῆς
1750 1457 1829 1521 οὐ
1876 1457 2029 1536 μετὰ
2072 1459 2185 1533 τῆς
2228 1456 2348 1538 εἰς,
2404 1458 2505 1521 διὸ
2549 1457 2650 1522 καί
2693 1478 2860 1523 τινες
2903 1458 3227 1540 ὑπέλαβον

654 1563 734 1640 μή
789 1561 892 1625 καὶ
947 1560 1065 1625 δύο
1122 1562 1277 1640 μέρη
1335 1560 1536 1636 λόγου
1592 1559 1792 1642 εἰςίν,·
1827 1557 1969 1637 ἤτοι
2023 1559 2181 1622 κατὰ
2224 1561 2666 1638 μεταπλαςμὸν
2719 1560 3067 1639 γενομένης
3117 1563 3228 1638 τῆς

653 1662 989 1742 αἰτιατικῆς
1044 1669 1388 1741 ποιητικῶς
1446 1661 1536 1726 ὼς
1592 1661 1822 1739 ςκέπην
1877 1660 2102 1743 ςκέπα,
2159 1661 2372 1740 φυγήν
2431 1662 2639 1745 φύγα,
2694 1662 2733 1741 ἢ
2792 1663 2882 1727 ὡς
2938 1660 3135 1726 οἴεται
3185 1661 3224 1726 6

651 1764 1104 1843 Ἀςκαλωνίτης
1164 1763 1288 1829 ἀπ’
1330 1763 1595 1828 ἐὐθείας
1657 1765 1769 1840 τῆς
1832 1762 1991 1845 φύξ,
2055 1763 2144 1827 ὡς
2199 1762 2352 1828 (Στύξ
2408 1763 2642 1845 (τύγα,
2687 1766 2805 1827 τοῦ
2846 1750 2934 1829 δὲ
3000 1764 3223 1829 ἐνθάδε

650 1867 1103 1945 παρέλκοντος.
1189 1867 1230 1944 ἢ
1286 1865 1594 1945 ἐπίρρημα
1651 1864 1773 1929 ἐςτι
1826 1863 2023 1929 ταύτό
2079 1866 2386 1943 ςημαῖνον
2440 1870 2516 1947 τῇ
2572 1865 2907 1950 αἰτιατικῇ,
2975 1866 3064 1930 ὡς
3125 1867 3226 1930 καί

550 1976 614 2027 15
650 1966 814 2032 ἄλλα
856 1968 1212 2046 παραγωγὰ
1266 1968 1656 2046 ἐπιρρήματα
1710 1965 2215 2045 ἰςοδυναμοῡντα
2270 1969 2407 2031 τοῖς
2460 1967 2907 2047 πρωτοτύποις
2950 1969 3220 2047 «Ἴδηθεν

650 2069 937 2148 μεδέων»
997 2066 1102 2151 (Il.
1160 2071 1199 2134 Γ
1242 2067 1431 2152 276),
1490 2068 1690 2147 «δόρυ
1748 2068 1815 2133 δ’
1869 2067 2133 2148 ἔκβαλεν
2189 2068 2405 2134 ἔκτοςε
2451 2069 2697 2148 χειρός»
2746 2067 2904 2153 (Od.
2960 2076 2992 2135 ξ
3046 2068 3218 2154 277).

649 2169 791 2235 ἀλλ’
836 2170 956 2236 οὖν
1000 2191 1074 2246 γε
1121 2171 1211 2235 ὼς
1253 2171 1333 2236 ἂν
1378 2171 1522 2254 ἔχῃ,
1568 2169 1688 2235 οὐκ
1731 2168 2129 2235 ἐναντιοῦται
2172 2171 2249 2235 τὸ
2294 2175 2412 2235 τοῦ
2454 2171 2681 2236 τόνου·
2737 2171 2876 2249 ἤτοι
2930 2173 3053 2251 γὰρ
3100 2173 3218 2237 δύο

646 2274 827 2338 τόνοι
872 2273 1123 2339 ἔςονται
1168 2274 1348 2354 φύγα
1391 2273 1495 2355 δέ,
1552 2271 1640 2337 ὡς
1685 2271 2033 2352 Οὔλυμπον
2088 2272 2191 2354 δέ,
2245 2273 2284 2350 ἢ
2329 2271 2420 2338 εἷς
2466 2273 2556 2337 ὡς
2598 2272 2853 2353 ἄγραδε.
2939 2276 3014 2339 τὸ
3058 2278 3219 2349 γοῦν

648 2374 842 2440 ἅλαδ’
887 2375 1334 2455 ἑλκομενάων»
1390 2371 1495 2458 (Il.
1542 2374 1598 2438 Ξ
1632 2373 1783 2457 100)
1829 2374 2092 2440 δύναται
2137 2375 2240 2439 καὶ
2282 2374 2401 2439 δύο
2447 2376 2603 2455 μέρη
2648 2375 2846 2451 λόγου
2890 2375 3085 2458 εἶναι,
3130 2377 3221 2440 ὥς

544 2486 613 2538 20
647 2474 832 2541 οἶκον
889 2478 990 2558 δέ,
1048 2477 1346 2542 ἐντελοῦς
1403 2475 1592 2555 οὔςης
1644 2479 1756 2553 τῆς
1812 2474 2181 2559 αἰτιατικῆς,
2250 2477 2289 2554 ἢ
2346 2477 2539 2542 πάλιν
2593 2479 2751 2542 κατὰ
2808 2479 3220 2561 παραγωγήν,

650 2579 740 2643 ὼς
794 2578 1031 2658 ἄγραδε
1086 2578 1300 2643 ἅλαδε.
1387 2578 1462 2642 τὸ
1519 2576 1743 2642 οἶκον
1801 2577 1905 2660 δέ,
1970 2576 2217 2657 ἀγρὸν
2273 2578 2345 2641 δέ
2411 2580 2530 2643 δύο
2585 2579 2740 2658 μέρη
2811 2580 3038 2663 λόγου,
3101 2583 3218 2659 τὴν

648 2680 811 2745 ἰδίαν
840 2679 1102 2746 ἕκαςτον
1133 2680 1289 2759 ἔχον
1323 2678 1719 2762 προςῳδίαν,
1767 2677 2270 2758 ἰςοδυναμοῦντα
2298 2682 2436 2744 τοῖς
2465 2680 2866 2764 ἐπιρρήμαςι,
2908 2683 2983 2746 τὸ
3016 2681 3221 2760 ἀγρὸν

647 2784 718 2847 δὲ
761 2789 853 2868 τῷ
898 2781 1166 2865 ἄγραδε,
1210 2782 1286 2847 τὸ
1332 2781 1516 2847 οἶκον
1564 2783 1633 2846 δὲ
1676 2788 1768 2865 τῷ
1815 2780 2049 2846 οἴκαδε.
2137 2782 2343 2847 οὕτως
2384 2782 2642 2848 Ἄϊδος
2685 2785 2789 2868 δέ,
2845 2784 2963 2848 οὐκ
3004 2784 3221 2850 Ἄίδος

646 2890 757 2949 δῶ.
842 2885 919 2950 τὸ
965 2885 1241 2949 ἐνθάδε
1297 2884 1820 2963 παροξυνόμενον
1876 2884 1996 2948 οὐκ
2037 2883 2398 2950 ἀντίκειται·
2456 2884 2650 2950 οὐδὲν
2703 2885 2826 2975 γὰρ
2870 2887 3071 2951 πλέον
3117 2908 3222 2965 ςη-

544 2993 610 3043 25
646 2987 848 3066 μαίνει
885 2990 1002 3051 τοῦ
1035 2986 1336 3068 ἐνταῦθα,
1360 2984 1530 3071 ζῶςτε
1564 2988 1821 3066 περιττὴ
1857 2985 1896 3063 ἡ
1932 2987 2240 3068 ςυλλαβή,
2288 2986 2445 3052 οὐδὲ
2471 2989 2584 3064 τῆς
2620 2991 3007 3067 παραγωγῆς
3034 2990 3111 3053 τὸ
3156 2990 3221 3073 ἃ,

646 3283 802 3328 terea
844 3277 992 3328 Mon.
1029 3277 1122 3339 46,
1157 3279 1219 3326 2:
1263 3276 1333 3328 τὸ
1377 3274 1464 3328 ἀεὶ
1509 3274 1652 3341 παρ’
1699 3275 1972 3329 Ἀττικοῖς
2016 3274 2137 3327 αἰὲν
2185 3275 2335 3341 παρὰ
2379 3276 2716 3341 Δωριεθςιν,
2760 3275 2875 3329 αῖιν
2919 3277 3061 3343 παρ’
3095 3276 3218 3332 Αἰο-

646 3346 818 3396 λεῠςι·
855 3343 1078 3407 λέγεται
1113 3347 1296 3395 ταῦτα
1331 3344 1425 3407 καὶ,
1457 3343 1594 3396 ἄνευ
1629 3347 1733 3395 τοῦ
1768 3347 1818 3394 V.
1890 3345 1975 3394 De
2021 3345 2347 3408 corruptelis
2393 3360 2483 3410 ap.
2519 3346 2764 3412 Theogn.
2812 3347 2926 3397 dixi
2968 3348 3025 3397 in
3061 3348 3221 3398 Iahn.

646 3413 842 3463 Annal.
882 3416 965 3476 91,
1005 3414 1115 3464 126.
1253 3413 1288 3463 l.
1325 3417 1351 3463 1
1390 3412 1487 3464 ὅτε
1524 3413 1717 3463 addidi
1754 3429 1820 3462 ex
1858 3412 2105 3479 Theogn.
2146 3413 2259 3475 156,
2297 3415 2344 3475 6,
2384 3412 2514 3464 εὖτε
2552 3430 2619 3464 ex
2656 3415 2755 3481 Ep.
2781 3415 2866 3468 Cr.
2903 3417 2931 3465 I
2970 3418 3084 3478 127,
3123 3418 3215 3467 30:

647 3481 679 3531 6
717 3481 819 3545 μὲν
857 3479 1238 3532 Ἀπολλώνιος
1285 3479 1461 3545 λέγει,
1512 3480 1600 3532 ὅτι
1645 3478 1707 3531 ἐκ
1751 3482 1855 3531 τοῦ
1901 3478 1999 3531 ὅτε
2044 3477 2157 3531 ἑςτὶ
2201 3479 2292 3531 καὶ
2338 3480 2673 3547 πλεοναςμῷ
2716 3485 2820 3534 τοῦ
2866 3483 2903 3533 fi
2945 3482 3078 3534 οὗτε
3125 3482 3217 3534 καὶ

649 3548 935 3611 μεταθέςει
970 3551 1073 3599 τοῦ
1109 3550 1143 3599 ὃ
1181 3547 1260 3600 εἰς
1294 3550 1327 3600 ἒ
1363 3548 1492 3601 εὖτε
1530 3550 1623 3611 (ef.
1664 3548 1731 3599 de
1769 3548 1994 3600 adverb.
2028 3565 2079 3615 p.
2106 3549 2248 3613 558),
2285 3547 2318 3599 6
2352 3547 2414 3599 δὲ
2441 3548 2780 3613 Ἡρωδιανὸς
2816 3549 2993 3615 λέγει,
3031 3550 3118 3603 ὅτι
3154 3550 3217 3603 ἐκ

645 3618 748 3667 τοῦ
788 3616 886 3667 ὅτε
924 3616 1038 3669 ἑςτί
1076 3618 1194 3669 κτλ.
1238 3644 1305 3654 -
1349 3617 1383 3669 l.
1419 3620 1451 3668 3
1499 3615 1577 3669 ὡς
1620 3615 1691 3667 τὸ
1734 3632 1908 3699 usque
1956 3617 2026 3667 ad
2071 3616 2233 3667 finem
2279 3616 2593 3683 deprompsi
2640 3634 2707 3668 ex
2750 3619 2814 3670 ΙΙ.
2860 3621 2951 3672 Pr.
3000 3619 3042 3671 Α
3087 3622 3213 3669 493:

646 3684 743 3735 ὅτε
779 3684 847 3749 δή
883 3684 944 3749 ῥ’
979 3683 1041 3735 ἐκ
1075 3688 1223 3736 τοῖοι
1271 3684 1623 3750 Ἀρίςταρχος
1668 3683 1837 3749 ὁτεδη
1884 3682 1963 3735 ὡς
1999 3683 2210 3751 δηλαδή
2256 3683 2594 3749 παραλόγως
2637 3683 2990 3748 ἀνεγίνωςκε.
3059 3685 3215 3750 Πάμ-

645 3752 810 3816 φιλος
856 3751 918 3803 δὲ
961 3751 1030 3803 τὸ
1077 3751 1174 3803 ὅτε
1213 3751 1345 3803 κατ’
1379 3750 1523 3804 ἰδίαν
1569 3751 1863 3817 ἀναφορὰν
1908 3751 2218 3815 ἀναλόγως.
2286 3750 2535 3817 διαφέρει
2578 3752 2650 3815 γὰ
2729 3753 2827 3806 ὅτε
2872 3753 3213 3818 ὀξυνόμενον

647 3818 788 3870 κατὰ
830 3820 939 3883 τὴν
975 3819 1212 3886 πρώτην
1253 3822 1357 3871 τοῦ
1406 3820 1502 3872 ότέ
1547 3818 1819 3885 ἀορίςτου.
1892 3820 2035 3871 ὥςτε
2081 3819 2179 3872 ἐὰν
2223 3818 2428 3885 θελήςῃ
2475 3820 2508 3871 6
2547 3820 2641 3885 Ἀρ
2665 3835 2897 3887 ςταρχος
2942 3821 3213 3885 ἀναγινώ-

644 3901 793 3938 ςκειν
830 3886 999 3952 ότεδή
1038 3886 1116 3940 ὡς
1152 3886 1396 3953 δηλαδή,
1434 3890 1668 3952 πρῶτον
1700 3889 1810 3953 τὴν
1848 3889 1922 3952 μὴ
1959 3887 2130 3939 οὖςαν
2165 3889 2354 3953 χρῆςιν
2400 3887 2550 3953 παρὰ
2591 3892 2677 3956 τῷ
2717 3893 2922 3957 ποιητῇ
2965 3889 3211 3956 παραλή-

644 3970 838 4020 ψεται,
876 3954 1145 4021 δεύτερον
1179 3954 1249 4007 τὸ
1286 3956 1694 4023 ςημαινόμενον
1740 3957 2090 4021 παραφθερεῖ
2134 3984 2200 3991 -
2243 3955 2637 4021 ἀποφήναςθαι
2682 3956 2791 4022 δεῖ,
2839 3958 2926 4009 ὅτι
2973 3958 3004 4010 6
3042 3958 3212 4024 Ἡρω-

644 4024 833 4076 διανὸς
871 4023 933 4075 ἐν
968 4027 1039 4090 τῆ
1080 4023 1277 4090 Ἰλιακῇ
1315 4022 1600 4092 προςῳδίᾳ
1637 4022 1699 4089 (Ε
1734 4022 1860 4088 266)
1897 4022 2288 4087 διαλαμβάνων
2323 4024 2451 4089 περὶ
2486 4027 2589 4075 τοῦ
2626 4024 2794 4077 «ἀλλ’
2825 4025 2922 4078 ὅτε
2958 4025 3028 4091 δή
3064 4025 3117 4091 ῥ’
3150 4026 3213 4078 ἐκ

641 4096 810 4145 τοῖο»
845 4090 1018 4155 λέγει,
1067 4091 1155 4143 ὅτι
1197 4093 1300 4143 τοῦ
1349 4091 1446 4145 ὁτέ
1493 4092 1765 4145 ὁξυτόνου
1810 4090 2068 4156 ἀορίςτου
2113 4090 2216 4144 οὐκ
2260 4091 2408 4143 ἐςτιν
2444 4093 2628 4157 χρῆςις
2673 4092 2825 4158 παρὰ
2859 4099 2945 4160 τῷ
2982 4098 3213 4161 ποιητῇ·

644 4159 706 4211 ἐν
745 4160 936 4224 μέντοι
971 4162 1055 4224 τῷ
1094 4159 1574 4228 ἐννεακαιδεκάτῳ
1611 4163 1714 4225 τῆς
1751 4159 1996 4212 καθόλου
2032 4160 2151 4215 κτλ.
2200 4160 2344 4211 Hine
2380 4161 2537 4210 fluxit
2573 4161 2769 4212 Choer.
2793 4163 2897 4228 Ep.
2932 4165 2991 4213 in
3013 4163 3213 4214 Psalm.

642 4231 736 4290 80,
768 4230 846 4279 18.
987 4229 1022 4280 l.
1058 4230 1092 4279 8
1128 4228 1161 4279 6
1198 4228 1299 4291 μὲν
1333 4228 1541 4293 φύγαδ’
1576 4256 1640 4265 -
1675 4230 1710 4279 l.
1751 4234 1809 4279 11
1849 4227 1949 4279 δύο
1987 4227 2124 4293 μέρη
2161 4227 2334 4290 λόγου
2371 4225 2506 4280 εἰςίν
2540 4233 2819 4295 composui
2854 4247 2921 4281 ex
2956 4230 3018 4280 11.
3052 4233 3142 4284 Pr.
3168 4231 3213 4284 Λ

640 4299 769 4346 446;
816 4295 1034 4361 φύγαδε
1080 4294 1158 4348 ὡς
1194 4294 1382 4348 οἴκαδε
1430 4295 1746 4360 ἰςοδυναμεῑ
1790 4300 1876 4363 τῷ
1914 4294 1991 4347 εἰς
2028 4295 2243 4360 φυγήν,
2290 4294 2358 4347 οὐ
2397 4296 2507 4361 μὴν
2543 4295 2606 4348 ἐν
2639 4300 2724 4363 τῷ
2761 4297 2938 4350 «τοὺς
2974 4298 3122 4364 ἕλεν,
3159 4297 3214 4351 οἰ

641 4363 693 4415 δ’
727 4362 887 4415 ἄλλοι
922 4363 1140 4428 φύγαδε
1188 4362 1506 4427 μνώοντο».
1576 4362 1703 4415 ἀντὶ
1747 4363 1855 4428 γὰρ
1899 4365 2001 4482 τῆς
2044 4361 2349 4428 αἰτιατικῆς
2395 4362 2461 4415 οὐ
2508 4364 2647 4427 μετὰ
2689 4367 2792 4486 τέ’ὲς
2838 4364 2945 4431 εἰς,
2989 4365 3074 4419 διὸ
3121 4365 3214 4417 καί

640 4445 793 4483 τινες
830 4431 1113 4495 ὑπέλαβον
1153 4433 1226 4498 μὴ
1273 4432 1363 4484 καὶ
1399 4431 1500 4484 δύο
1539 4431 1675 4497 μέρη
1721 4432 1894 4495 λόγου
1932 4445 1957 4482 ε
1982 4430 2088 4483 ςίν·
2136 4430 2322 4483 οὕτως
2359 4430 2701 4497 Ἡρωδιανὸς
2775 4449 2809 4484 ν
2851 4437 2922 4499 τῇ
2968 4433 3212 4486 καθόλου

642 4505 700 4548 et
735 4500 801 4553 ΙΙ.
839 4502 926 4551 Pr.
962 4498 1020 4552 Π
1054 4502 1171 4565 697,
1208 4502 1267 4551 in
1303 4502 1458 4552 euius
1494 4500 1872 4552 adnotamenti
1905 4499 2011 4549 fine
2048 4499 2295 4550 additum
2331 4506 2417 4551 est
2451 4502 2629 4551 ταῦτα
2654 4501 2992 4566 Ἡρωδιανὸς
3029 4502 3091 4554 ἐν
3122 4506 3210 4567 τῷ

644 4558 712 4616 ιθ’
746 4569 849 4633 τῆς
886 4568 1157 4620 καθόλουε
1196 4566 1414 4632 φύγαδε
1455 4567 1742 4631 μνώοντο;
1781 4569 1957 4618 τοῦτο
1992 4565 2447 4630 οὐκ-ἰςοδυναμεῑ
2479 4570 2564 4634 τῷ
2601 4567 2679 4620 εἰς
2714 4568 2903 4635 φυγήν
2939 4569 3017 4622 ὡς
3039 4569 3110 4621 τὸ
3134 4569 3210 4621 (ὁ

644 4634 747 4698 μὲν
784 4636 990 4699 φύγαδ’
1024 4635 1181 4688 αὖθις
1216 4635 1636 4702 ὑποςτρέῳας»·
1675 4636 1800 4688 ἀντὶ
1836 4634 1941 4699 γὰρ
1978 4633 2283 4700 αἰτιατικῆς
2319 4635 2386 4687 οὐ
2425 4635 2564 4698 μετὰ
2598 4638 2701 4701 τῆς
2736 4635 2829 4689 εἰς.
2886 4637 2973 4690 διὸ
3010 4636 3099 4690 καί
3132 4653 3211 4689 τι-

642 4716 737 4753 νες
772 4702 1058 4768 ὑπέλαβον
1095 4704 1169 4769 μὴ
1208 4706 1297 4756 καὶ
1333 4705 1433 4756 δύο
1471 4703 1607 4770 μέρη
1643 4704 1817 4767 λόγου
1855 4700 2018 4755 ἐςτίν.
2041 4729 2108 4739 -
2130 4704 2214 4753 Ex
2250 4704 2352 4755 hoc
2388 4705 2687 4768 posteriore
2723 4705 2843 4756 loco
2879 4712 3030 4767 sunt,
3069 4723 3213 4773 quae

641 4770 770 4821 inde
807 4788 841 4820 a
877 4772 912 4821 1.
952 4776 1010 4822 11
1047 4772 1175 4835 ἤτοι
1220 4771 1362 4825 κατὰ
1400 4772 1799 4835 μεταπλαςμὸν
1843 4799 1908 4808 -
1951 4771 1987 4822 l.
2022 4774 2085 4821 21
2123 4769 2294 4823 ἅλαδε
2341 4772 2636 4835 pertinent.
2755 4774 2790 4823 1.
2822 4776 2887 4824 23
2920 4773 3109 4826 οὕτως
3143 4802 3215 4811 -

641 4836 722 4887 δῶ
769 4846 1121 4890 accesserunt
1166 4857 1233 4891 ex
1281 4842 1346 4896 ΙΙ.
1381 4842 1471 4892 Pr.
1509 4841 1558 4892 Ψ
1604 4845 1730 4905 137,
1774 4841 1871 4891 ubi
1915 4840 2185 4891 additum:
2232 4838 2265 4891 6
2309 4836 2650 4903 Ἡρωδιανὸς
2693 4855 2858 4906 φηςιν
2901 4839 2965 4891 ἑν
3007 4844 3095 4907 τῷ
3141 4834 3212 4895 ιβ’
