3664 5546
599 375 811 423 cmm
829 356 836 364 '
1688 371 2107 420 rums-Ano.

598 528 720 594 col.
767 525 839 590 II
863 549 925 611 p.
973 525 1132 606 XL,
1179 525 1246 588 in
1290 548 1480 590 usum
1525 549 1715 591 suum
1758 525 2156 591 adhibuisse
2184 526 2478 607 videtur,
2525 526 2580 590 si
2628 527 2934 612 inspicias
2977 526 3197 591 locum

599 653 641 693 a
683 626 908 716 steph.
955 627 1231 691 relatum
1288 627 1403 708 23,
1446 626 1534 691 24
1577 628 1873 708 Ἀγχιάλη
1928 629 2116 694 πόλις
2175 617 2443 694 Κιλιίείας
2494 631 2975 707 παραθαλαςςία
3028 630 3197 708 πρὸς

599 738 676 816 τῇ
720 731 945 814 Ταρςῷ
988 730 1093 795 καὶ
1119 729 1430 814 Ζεφύρῳ·
1475 730 1603 795 ἔςτι
1650 731 1722 795 δὲ
1766 731 1983 811 κτίςμα
2013 729 2345 811 Ἀγχιάλη(
2389 733 2500 808 τῆς
2532 732 2814 795 Ἰαπετοῦ
2859 729 3196 813 θυγατρός,

604 835 694 898 ὥς
741 830 1184 911 Ἀθηνόδωρος
1228 831 1371 909 περὶ
1414 834 1524 910 τῆς
1568 830 1767 896 αὐτοῦ
1812 832 2119 910 πατρίδος
2161 833 2438 913 γράφων
2482 834 2587 897 καὶ
2627 833 2992 912 παρατιθεὶς
3034 832 3197 896 Διό-

602 940 821 1014 δωρον
867 934 985 1001 τὸν
1039 934 1470 1014 γραμματικὸν
1526 930 2002 1014 ςυμφωνοῦντα
2056 934 2438 1017 Πτολεμαίῳ
2494 935 2732 1014 βαςιλεῑ
2789 934 3068 1011 «γίνεται
3126 935 3197 997 δ’

603 1039 888 1104 Ἰαπετοῦ
933 1037 1212 1115 θυγάτηρ
1243 1034 1579 1116 Ἀγχιάλη»
1625 1038 1752 1101 κτλ.
1818 1035 2142 1099 Diversus
2189 1033 2274 1100 ab
2319 1033 2438 1099 hoc
2484 1044 2583 1099 est
2611 1033 2943 1101 Diodorus
2987 1033 3195 1121 perie-

491 1181 498 1186 -
603 1146 787 1222 geta,
834 1137 1017 1200 cuius
1063 1134 1235 1201 libro
1280 1136 1359 1201 dc
1403 1137 1593 1221 pagis
1644 1136 1881 1201 Atticis
1926 1134 2254 1222 Didymus
2298 1158 2457 1199 usus
2502 1146 2632 1200 est:
2689 1137 2844 1218 635,
2888 1136 2931 1203 5
2974 1138 3195 1217 Τρικό-

501 1297 516 1304 -
605 1245 876 1322 ρυνθον,
930 1238 1287 1318 οὐδετέρως
1340 1240 1628 1319 Δίδυμος
1681 1241 1785 1305 καὶ
1827 1239 2188 1317 Διόδωρος.
2274 1236 2431 1319 635,
2475 1237 2562 1301 20
2614 1239 2941 1320 Τρινεμεῑς
2996 1243 3198 1320 δῆμος

602 1346 714 1422 τῆς
762 1341 1148 1420 Κεκροπίδος
1192 1343 1418 1422 φυλῆς.
1505 1342 1851 1422 Διόδωρος
1894 1343 1998 1406 καὶ
2039 1340 2327 1420 Δίδυμος
2371 1340 2697 1421 Τρινεμεῖς
2750 1341 3197 1422 ἀναγράφουςι

606 1445 723 1509 τὸν
769 1446 1007 1525 δῆμον,
1056 1443 1452 1523 Καλλίμαχος
1497 1445 1596 1520 δέ;
1642 1442 1769 1507 695
1779 1492 1799 1526 ,
1826 1443 1868 1508 3
1915 1444 2266 1522 Χολαργός.
2355 1442 2528 1507 οὕτω
2571 1443 2862 1524 Δίδυμος
2907 1444 3006 1509 καὶ
3034 1443 3195 1508 Διό-

607 1552 848 1628 δωρος,
902 1544 1249 1610 Διονύςιος
1293 1545 1395 1619 δέ;
1454 1543 1629 1608 solus
1642 1592 1661 1625 ,
1718 1567 1846 1609 non
1893 1565 2041 1609 cum
2084 1542 2375 1629 Didymo
2433 1543 2815 1614 coniunctus
2868 1544 3200 1630 profertur

471 1693 480 1703 .
603 1647 764 1727 263,
816 1646 893 1711 16
936 1646 1212 1711 Ἐλαιεύς
1258 1649 1472 1726 δῆμος.
1540 1647 1883 1726 Διόδωρος
1928 1646 2228 1711 Ἐλαιοῦς.
2316 1644 2682 1711 Diodorum
2730 1644 3197 1726 antemium,

605 1770 799 1835 quem
843 1768 1155 1813 vocamus
1199 1745 1527 1827 Siculum,
1586 1746 1956 1835 Stephanus
2000 1746 2366 1833 Byzantius
2411 1768 2731 1832 nusquam
2776 1745 3005 1812 laudat
3047 1768 3197 1833 pro-

605 1860 833 1938 pterea
875 1846 1158 1929 scilieet,
1204 1847 1380 1935 quod
1410 1847 1823 1913 Herodianus
1869 1871 1998 1914 non
2045 1849 2254 1933 magis
2299 1871 2493 1935 quam
2539 1849 2938 1935 antiquiores
2983 1870 3197 1933 gram-

608 1951 829 2016 matici
871 1950 1045 2015 hune
1088 1951 1474 2035 scriptorem
1519 1948 1840 2015 adhibuit.

776 2052 1085 2137 Dionys
1105 2051 1165 2115 ii
1216 2049 1630 2135 grammatici
1685 2049 1906 2137 plures
1962 2059 2029 2115 et
2086 2051 2170 2116 ab
2228 2051 2606 2117 Herodiano
2661 2063 2727 2118 et
2781 2075 2823 2117 a
2867 2052 3199 2139 Stephano

608 2155 916 2218 citantur.
1012 2152 1458 2239 Dionysius
1517 2150 1814 2233 Thrax,
1880 2174 2069 2240 quem
2127 2154 2389 2241 saepius
2445 2154 2643 2219 etiam
2698 2153 3200 2221 Choeroboscus

608 2264 876 2320 auctore
917 2253 1295 2319 Herodiano
1339 2252 1599 2335 laudat,
1647 2264 2041 2320 memoratur
2084 2278 2124 2319 a
2168 2253 2264 2320 St.
2309 2256 2386 2320 B.
2434 2255 2590 2338 605,
2636 2256 2679 2320 5
2723 2266 2989 2344 propter
3034 2254 3201 2320 deri-

606 2357 935 2422 vationem
980 2357 1161 2422 urbis
1191 2357 1434 2436 Ταρςός
1480 2358 1547 2421 in
1590 2355 1758 2421 libro
1802 2358 1950 2436 περὶ
1979 2358 2210 2423 Ῥόδου
2254 2357 2676 2443 propositam.
2748 2357 3201 2443 Dionysius

608 2458 991 2523 Sidonius
1049 2458 1436 2545 compluries
1494 2460 1561 2522 in
1605 2457 1682 2523 Il.
1728 2459 1839 2524 Pr.
1884 2467 2155 2546 propter
2209 2481 2311 2523 res
2367 2459 2746 2545 prosodicas
2803 2458 3203 2546 appellatur3

605 2560 967 2646 Dionysius
1013 2560 1154 2625 sine
1197 2560 1584 2646 cognomine
1632 2561 1700 2625 in
1745 2558 1826 2625 Il.
1876 2561 2059 2627 Pros.
2105 2563 2153 2628 Β
2197 2560 2325 2626 269
2367 2562 2660 2643 ἀχρεῖον;
2706 2562 3053 2628 Διονύςιος
3097 2564 3203 2627 καὶ

606 2663 981 2743 Τυραννίων
1036 2664 1153 2743 τὴν
1210 2665 1470 2743 πρώτην
1527 2664 1881 2732 ὀξύνουςιν.
1971 2664 2013 2727 Ε
2061 2662 2182 2732 138
2242 2664 2442 2742 αὐλῆς
2498 2663 2973 2745 ὑπεράλμενονε
3040 2665 3201 2729 Διο-

607 2766 822 2833 νύςιος
866 2766 1246 2848 ἀναςτρέφει
1289 2766 1406 2846 τὴν
1453 2767 1631 2847 ὑπέρ.
1721 2766 1759 2832 ὁ
1806 2768 1879 2833 δὲ
1924 2766 2380 2846 Ἀςκαλωνίτης
2422 2767 2495 2832 ἓν
2540 2768 2745 2850 ποιεῖ,
2791 2766 2829 2832 ὃ
2873 2767 2978 2832 καὶ
3019 2770 3203 2831 πιθα-

606 2870 912 2950 νώτερον.
990 2869 1055 2934 Μ
1092 2868 1178 2933 20
1219 2869 1566 2934 Διονύςιος
1608 2868 1847 2949 ἱςτορεῑ
1889 2869 2043 2934 τοὺς
2089 2868 2439 2948 ἐγχωρίους
2484 2867 2837 2934 ςυςτέλλειν
2894 2869 2970 2933 τὸ
3013 2870 3035 2934 ῑ
3080 2868 3199 2950 (sc.

501 3033 506 3037 ,
607 2974 725 3037 τοῦ
773 2971 1016 3052 Γλιςᾶς)
1062 2972 1165 3037 καὶ
1209 2973 1289 3051 μὴ
1333 2973 1662 3050 περιςπᾶν.
1750 2971 1853 3036 τό·
1880 2990 1949 3035 τε
1993 2970 2313 3035 Λύκαςτος
2369 2969 2407 3034 ὁ
2453 2968 2646 3034 αὐτὸς
2702 2968 2938 3049 ἱςτορεῑ
2980 2970 3199 3037 ὀξύνε-

609 3077 762 3139 ςθαι.
833 3073 894 3136 Ψ
927 3072 1049 3135 160
1092 3073 1266 3151 παρὰ
1312 3073 1377 3136 δ’
1421 3071 1485 3137 οἱ
1529 3072 1715 3148 ταγοὶ
1757 3070 1909 3151 ἄμμι
1955 3071 2301 3151 μενόντων.
2346 3106 2432 3119 -
2474 3070 2821 3137 Διονύςιος
2867 3072 2933 3136 δ’
2978 3072 3200 3149 ἡγεῖτο

606 3174 988 3241 πλεονάζειν
1031 3174 1148 3253 τὴν
1192 3173 1263 3238 τέ
1306 3173 1655 3253 ςύνδεςμον
1703 3173 1804 3236 καὶ
1834 3171 2033 3249 ἀγούς
2075 3172 2296 3251 ἡγεῖτο
2326 3173 2482 3238 τοὺς
2528 3171 2867 3253 ἡγεμόνας.
2944 3170 3051 3234 Ex
3094 3169 3201 3233 his

608 3274 772 3340 loeis
827 3276 869 3339 Ε
919 3273 1039 3337 138
1095 3283 1165 3338 et
1217 3275 1278 3338 Ψ
1326 3273 1449 3337 160
1503 3271 1589 3337 ad
1645 3271 2016 3356 Sidonium,
2088 3276 2134 3338 Β
2190 3272 2316 3337 269
2382 3273 2466 3338 ad
2512 3272 2834 3338 Thracem
2899 3273 3202 3337 referam.

615 3378 681 3440 Μ
710 3373 797 3438 20
835 3382 1060 3464 autem
1106 3374 1411 3458 congruit
1453 3396 1597 3440 cum
1632 3374 1857 3462 Steph.
1892 3374 1966 3439 B.
2001 3396 2085 3440 ex
2116 3374 2422 3439 Eustath.
2454 3374 2541 3440 ad
2570 3375 2765 3440 Hom.
2797 3396 2838 3438 a
2864 3373 3201 3439 Meinekio

613 3474 944 3562 suppleto:
1005 3476 1324 3543 Λύκαςτος
1379 3477 1566 3542 πόλις
1627 3477 1884 3557 Κρήτης.
1972 3477 2099 3544 ἔςτι
2155 3479 2258 3542 καὶ
2310 3479 2596 3557 Ποντικὴ
2652 3478 2987 3544 Λύκαςτος.
3085 3478 3204 3555 τὴν

617 3578 922 3657 Κρητικὴν
966 3578 1292 3646 Λύκαςτον
1338 3578 1672 3647 ὀξύνουςιν
1719 3579 1781 3644 οἱ
1827 3579 2142 3659 ἐγχώριοι.
2232 3579 2352 3645 οὐκ
2409 3579 2733 3658 ἐπικρατεῖ
2788 3580 2859 3644 δὲ
2903 3578 2943 3657 ἡ
2990 3578 3203 3655 ἐθνικὴ

612 3678 978 3757 παράδοςις.
1066 3678 1262 3743 Hunc
1316 3680 1711 3765 Dionysium
1768 3680 2048 3744 eundem
2113 3701 2257 3744 esse
2323 3679 2690 3744 existimem
2747 3687 2941 3765 atque
2996 3676 3204 3759 illum,

613 3780 724 3866 qui
771 3801 811 3842 a
853 3777 949 3845 St.
995 3779 1073 3844 B.
1117 3780 1277 3862 464,
1329 3781 1407 3844 12
1451 3788 1726 3846 vocatur
1767 3783 2117 3848 Διονύςιος
2161 3781 2200 3847 ὁ
2244 3780 2631 3862 Τρύφωνοςε
2681 3782 3049 3862 Μυρρινοῦς
3093 3783 3204 3857 δῆ-

612 3903 747 3962 μος.
817 3884 1164 3949 Διονύςιος
1209 3883 1276 3949 δ’
1319 3883 1358 3949 ὁ
1388 3883 1747 3964 Τρύφωνος
1794 3883 2247 3963 Μυρρινοῦττά
2275 3904 2426 3964 φηςι
2457 3892 2524 3946 et
2565 3881 2711 3964 482,
2743 3881 2786 3946 4
2817 3883 2945 3948 Ὄα
2985 3885 3203 3962 δῆμος.

613 3984 960 4051 Διονύςιος
1027 3986 1100 4051 δὲ
1153 3984 1192 4050 ὁ
1255 3988 1373 4050 τοῦ
1426 3985 1784 4066 Τρύφωνός
1851 4005 2001 4066 φηςι
2063 3985 2141 4050 τὸ
2194 3984 2625 4064 πληθυντικὸν
2678 3985 2853 4051 Ὄεις
2919 3985 3206 4062 λέγεςθαι

615 4086 844 4169 αὐτάς,
902 4087 994 4152 ὡς
1038 4086 1142 4151 καὶ
1184 4086 1350 4152 ἄλλα
1393 4087 1636 4164 πολλά,
1681 4086 1786 4149 eui
1829 4084 2199 4150 Meinekius
2244 4088 2439 4150 etiam
2482 4085 2644 4150 haec
2687 4083 3057 4170 fragmenta
3099 4106 3208 4170 ap.

616 4187 712 4251 St.
769 4186 845 4250 B.
905 4187 1225 4271 assignat:
1284 4187 1397 4268 23,
1442 4188 1528 4252 20
1579 4189 1905 4270 Ἀγύρινα,
1968 4188 2155 4253 πόλις
2209 4187 2500 4259 (Σικελίας.
2597 4188 2945 4253 Διονύςιος
3002 4189 3074 4251 δὲ
3128 4187 3208 4251 τὸ

616 4290 912 4368 Ἀγύριον
956 4289 1102 4369 ἔφη.
1196 4288 1350 4370 142,
1403 4291 1475 4353 11
1524 4290 1749 4368 Ἀτήνη
1795 4292 2010 4369 δῆμος.
2090 4290 2438 4354 Διονύςιος
2485 4289 2775 4369 Ἀτηνίαν
2817 4289 2936 4354 τὸν
2982 4291 3206 4367 δῆμον.

616 4390 775 4471 263,
829 4390 907 4454 15
951 4390 1228 4457 Ἐλαιεύς
1274 4394 1507 4474 δῆμος,
1554 4393 1646 4457 ὼς
1688 4391 2055 4459 Διονύςιος.
2100 4388 2249 4472 635,
2284 4389 2327 4454 5
2367 4390 2801 4470 Τρικόρυνθον
2848 4389 3210 4468 οὐδετέρως

616 4493 904 4572 Δίδυμος
948 4493 1052 4557 καὶ
1093 4493 1468 4576 Διόδωρος,
1520 4493 1868 4560 Διονύςιος
1912 4492 2271 4573 ἀρςενικῶς.
2343 4490 2501 4569 695,
2550 4491 2591 4555 3
2637 4491 2988 4571 Χολαργός.
3034 4485 3211 4555 οὕτω

617 4594 906 4674 Δίδυμος
960 4594 1064 4658 καὶ
1116 4594 1485 4677 Διόδωρος,
1541 4595 1890 4661 Διονύςιος
1945 4598 2017 4662 δὲ
2075 4597 2427 4676 Χολαργεῑς
2481 4595 2585 4659 καὶ
2637 4595 3074 4672 πληθυντικῶς
3122 4628 3215 4639 -

619 4699 936 4775 μαρτυρεὶ
1012 4695 1425 4781 Quamquam
1467 4718 1594 4761 non
1640 4694 2185 4762 dissimulandum
2231 4705 2333 4760 est
2375 4695 2572 4760 etiam
2617 4693 2914 4760 diversos
2957 4694 3215 4780 Diony-

619 4796 748 4859 sios
796 4796 996 4861 stanti
1039 4818 1265 4883 posse,
1321 4816 1521 4860 unum
1565 4795 1969 4883 Tryphonis,
2025 4799 2136 4884 qui
2181 4798 2263 4861 de
2308 4795 2517 4862 demis
2563 4797 2803 4863 Atticis
2850 4795 3217 4882 scripserit,
