3664 5546
1507 383 1925 433 PRAEFATIO.
2739 385 3011 432 CXXXIX

435 552 654 606 tamen
685 540 945 626 saepius
975 561 1102 603 non
1134 538 1375 603 diserte
1407 536 1725 624 appellat,
1763 537 2075 626 placitum
2105 548 2392 626 opponat
2424 549 2488 605 et
2526 561 2607 603 ne
2640 537 2848 603 solum
2880 538 3008 603 Hc-

435 642 774 708 rodianum
797 641 1225 738 exscripsisse
1250 641 1584 725 videatur3
1611 641 1725 706 sed
1759 641 1876 708 ubi
1908 640 2036 706 alio
2064 641 2492 727 grammatico
2514 663 2644 705 non
2676 642 3009 707 nominato

435 746 821 833 scripturam
867 744 1165 811 vocabuli
1210 743 1526 831 explicat,
1572 765 1830 830 semper
1860 743 2309 809 Herodianum
2341 752 2491 808 ante
2521 742 2740 808 oculos
2785 743 3004 809 habet.

603 847 993 931 Arcadium,
1028 848 1109 913 de
1137 847 1320 912 cuius
1353 846 1838 932 Orthographia
1867 847 1997 911 iam
2031 869 2230 934 supra
2262 847 2435 930 dixi,
2468 845 2712 911 refellit
2741 845 3006 932 Stepha-

437 974 557 1015 nus
614 959 996 1035 argumento
1042 973 1127 1015 ex
1170 949 1547 1014 Herodiano
1590 949 1796 1036 petito
1842 949 1956 1031 65,
1998 950 2038 1014 9
2087 951 2413 1030 Ἀρκάδιος
2470 949 2538 1014 δ’
2583 950 2653 1014 ἐν
2695 956 2772 1032 τῇ
2819 947 3006 1031 ὀρθο-

431 1055 702 1138 γραφίᾳ·
749 1052 982 1118 «Ἀκτία
1013 1054 1115 1117 καὶ
1145 1054 1183 1133 ἡ
1214 1053 1399 1118 πόλις
1429 1055 1532 1118 καὶ
1561 1053 1599 1133 ἡ
1631 1053 1820 1133 ἑορτή
1838 1053 2251 1134 -βαρύνεται»’
2298 1052 2439 1117 ἀλλ’
2470 1053 2508 1131 ἡ
2555 1053 2668 1131 μὲν
2709 1052 2898 1131 ἑορτὴ
2929 1052 3007 1115 τὰ

431 1158 674 1239 Ἀκτια,
730 1157 769 1234 ἡ
816 1158 887 1221 δὲ
940 1156 1126 1220 πόλις
1184 1156 1431 1232 λέγεται
1488 1155 1711 1221 ἑνικῶς
1768 1154 1895 1239 (sic
1949 1154 2122 1219 enim
2176 1152 2547 1219 Meinekius
2603 1152 2815 1218 locum
2873 1174 3006 1217 cor-

432 1267 692 1344 ruptum
738 1254 1103 1341 emendat),
1160 1279 1312 1321 nam
1367 1256 1610 1321 Herod.
1657 1278 1761 1343 ap.
1807 1256 2102 1340 Theogn.
2151 1255 2302 1338 122,
2349 1256 2427 1319 31
2484 1255 2683 1320 habet
2724 1256 3005 1329 Ἄκτιον;

434 1360 549 1425 sed
592 1383 657 1447 p.
701 1360 857 1444 477,
908 1359 984 1425 15
1032 1360 1318 1441 Νιφάτης
1361 1359 1517 1440 ὄρος
1562 1358 1915 1440 Ἀρμενίας·
1977 1359 2183 1424 οὕτως
2238 1359 2360 1438 γὰρ
2405 1358 2748 1438 Ἀρκάδιος.
2836 1357 3004 1422 ἔοικε

431 1467 501 1529 δὲ
545 1464 720 1543 παρὰ
762 1464 837 1528 τὸ
882 1462 1158 1545 νείφειν,
1204 1461 1345 1527 ἀλλ’
1389 1461 1783 1542 ὀνοματικῶς
1827 1462 1934 1526 διὰ
1977 1466 2091 1527 τοῦ
2136 1464 2156 1526 ῐ
2197 1461 2528 1542 γράφεται.
2596 1462 2698 1526 καὶ
2739 1461 3004 1526 Πείςαν-

432 1572 585 1645 δρος
649 1565 902 1649 ἑβδόμῳ
964 1568 1090 1630 κτλ.
1178 1562 1624 1645 Herodianus,
1681 1562 1785 1627 cui
1841 1562 2283 1628 testimonium
2337 1561 2640 1627 Pisandri
2708 1561 3004 1642 debetur,

428 1691 560 1733 non
602 1665 793 1732 aliter
836 1675 1031 1753 atque
1075 1664 1399 1730 Arcadius
1447 1665 1526 1730 de
1570 1667 1896 1752 scriptura
1940 1665 2271 1729 censuisse
2325 1663 2657 1751 putandus
2713 1673 2814 1728 est
2857 1662 3003 1727 coll.

430 1770 660 1834 Choer.
710 1768 897 1834 Orth.
942 1767 1087 1848 241,
1131 1767 1215 1832 29
1258 1768 1370 1833 εἰςί
1411 1790 1552 1834 τινα
1596 1769 1882 1850 ὀνόματα
1937 1768 2068 1834 ἀπὸ
2114 1768 2411 1849 ῥημάτων
2464 1767 2768 1847 γινόμενα
2822 1766 3006 1832 ἅτινα

432 1873 510 1938 οὐ
574 1872 961 1953 φυλάττουςι
1026 1872 1141 1950 τὴν
1208 1876 1325 1936 τοῦ
1388 1870 1667 1950 ῥήματος
1732 1873 1990 1952 γραφὴν
2058 1870 2146 1936 ὡς
2211 1870 2315 1934 ἐπὶ
2371 1871 2446 1935 τὸ
2499 1872 2801 1935 πλεῑςτον
2859 1867 3003 1933 οἶον

430 1975 625 2041 πείθω
669 1973 961 2057 πιθανός,
1010 1973 1199 2053 λείβω
1245 1972 1516 2054 λιβανός.

596 2076 1065 2155 Eudaemonis,
1122 2073 1233 2160 qui
1287 2073 1427 2160 ipse
1472 2073 1759 2156 Irenaei,
1806 2095 1999 2159 quem
2049 2073 2366 2162 fortasse,
2415 2072 2471 2137 si
2523 2072 2664 2136 eius
2722 2079 3000 2136 aetatem

427 2189 599 2243 recte
665 2177 1003 2242 constituit
1065 2174 1459 2241 Ritschelius
1527 2197 1748 2266 opusc.
1806 2177 1841 2241 Ι
1901 2176 2049 2259 115,
2118 2199 2201 2242 ex
2266 2174 2626 2241 Herodiani
2691 2173 3002 2240 citatione

426 2280 749 2364 cognitum
816 2279 1077 2361 habuit,
1145 2277 1531 2344 auctoritate
1598 2277 1830 2343 nititur
1884 2302 1946 2365 p.
1993 2278 2150 2360 355,
2212 2278 2321 2360 19,
2387 2277 2746 2363 scripturae
2803 2277 2998 2343 Καπε-

424 2385 659 2449 τώλιον
703 2391 930 2447 contra
973 2381 1233 2467 ponitur
1277 2379 1657 2446 nominatim
1686 2380 2000 2467 appellati
2030 2380 2395 2446 Herodiani
2438 2380 2766 2467 scriptura
2800 2381 2996 2445 Καπε·
3048 2423 3056 2431 -

424 2488 713 2552 τωλίειον
759 2492 825 2547 et
872 2485 1344 2568 Καπετώλειον,
1391 2482 1650 2547 adnexa
1694 2481 2024 2569 explicata
2068 2483 2148 2548 de
2190 2480 2528 2549 temenicis
2570 2481 2997 2569 expositione,

423 2610 569 2652 cum
615 2609 744 2673 qua
785 2586 948 2650 mire
990 2585 1291 2670 congruit
1334 2583 1626 2669 Theogn.
1679 2584 1829 2666 129,
1875 2585 1977 2650 25.

591 2713 656 2776 p.
710 2688 825 2769 48,
891 2687 970 2752 15
1047 2688 1223 2753 Αἰλία
1288 2688 1591 2768 Αἰλιώτης
1660 2686 2149 2753 Eudaemonem
2214 2686 2419 2752 tradit
2483 2687 2699 2752 Αἴλεια
2761 2706 2879 2772 per
2946 2689 3000 2753 ἒῑ

423 2792 706 2857 scribere
751 2801 817 2855 et
858 2788 1101 2875 gentile
1146 2791 1390 2856 Αἰλιεύς
1431 2798 1506 2854 ut
1547 2812 1588 2854 a
1631 2790 1876 2868 (ίγειον
1923 2792 2162 2868 (ιγιεύς
2204 2791 2506 2856 formare.
2596 2789 2995 2875 Scripturam

422 2896 637 2962 Αἷλεια
678 2893 985 2980 reprobat
1029 2891 1350 2958 Choerob.
1383 2893 1570 2958 Orth.
1607 2892 1751 2975 178,
1788 2893 1865 2957 18
1910 2893 2280 2960 Herodiani-
2317 2892 2646 2972 doctrina,
2693 2899 2767 2955 ut
2810 2890 2993 2974 solet,

421 2996 656 3061 nixust·
692 2996 894 3063 Αἰλία·
939 2997 1015 3060 τὸ
1061 2983 1128 3060 λῖ
1165 2998 1186 3059 ἰ
1229 2996 1387 3060 κατὰ
1429 2997 1545 3075 τὴν
1589 2996 1969 3075 παράδοςιν·
2014 2998 2090 3063 τὸ
2138 2999 2209 3062 δὲ
2239 2996 2679 3074 Ἀλεξάνδρεια
2723 2996 2826 3059 καὶ
2855 2995 2991 3060 Ἀν-

420 3101 660 3179 τιόχεια
714 3099 784 3163 ἐκ
840 3102 957 3163 τοῦ
1003 3098 1415 3176 Ἀλέξανδρος
1471 3099 1572 3162 καὶ
1618 3099 1941 3178 Ἀντίοχος
1996 3098 2100 3163 διὰ
2152 3102 2263 3177 τῆς
2305 3103 2361 3164 ἔι
2403 3098 2731 3178 γράφεται.
2820 3096 2989 3161 Gen-

420 3201 552 3266 tilis
610 3199 895 3286 speciem
948 3199 1192 3265 Αἰλιεύς
1239 3198 1380 3285 ipse
1435 3197 1802 3286 Stephanus
1871 3199 2179 3284 reprobat
2240 3221 2487 3265 canone
2541 3200 2625 3265 ab
2678 3198 2992 3265 Habrone

418 3301 786 3390 proposito,
842 3322 1031 3387 quem
1075 3300 1452 3366 Herodiano
1508 3301 1719 3368 debet.
1812 3301 2053 3380 (ιγιεύς
2105 3310 2324 3366 autem
2366 3300 2785 3367 Herodianus
2830 3301 2990 3367 reic-

420 3405 536 3487 cit,
582 3426 732 3469 nam
771 3401 866 3468 St.
911 3403 986 3467 B.
1028 3403 1170 3490 ipse
1225 3404 1498 3480 (ιγειεύς
1551 3403 1858 3489 proponit
1913 3413 1978 3468 et
2031 3403 2099 3467 in
2150 3402 2370 3481 libello
2415 3405 2561 3484 περὶ
2616 3405 2989 3489 ποςότητος,

419 3506 499 3572 de
541 3506 724 3571 cuius
768 3527 915 3569 cum
959 3504 1333 3570 Herodiano
1378 3505 1857 3571 necessitudine
1912 3505 2086 3570 infra
2132 3505 2373 3589 dicam,
2422 3506 2691 3571 docetur
2744 3529 2808 3593 p.
2839 3507 2987 3589 296,

425 3609 499 3673 14
541 3610 620 3675 τὰ
664 3609 751 3676 εἰς
796 3612 904 3675 e—ue
961 3610 1050 3674 ὡς
1106 3608 1508 3674 ἐπιπλεῖςτον
1566 3609 1645 3674 οὐ
1700 3611 1953 3675 Θέλουςι
2008 3617 2084 3693 τῇ
2130 3614 2183 3674 δεῖ
2240 3610 2572 3694 διφθόγγῳ
2628 3612 2986 3690 παραλήγε-
3026 3624 3042 3639 ·

417 3717 583 3795 ςθαι,
639 3712 692 3776 εἰ
747 3714 826 3790 μὴ
883 3711 1014 3776 ἀπὸ
1070 3711 1502 3789 πρωτοτύπου
1559 3716 1742 3790 ςχῶςι
1797 3712 1912 3791 τὴν
1967 3716 2019 3777 {i
2074 3713 2431 3793 δίφθογγον
2488 3748 2573 3759 --
2626 3711 2984 3791 πρόςκειται

417 3815 510 3878 »εἰ
556 3816 635 3893 μὴ
681 3812 811 3878 ἀπὸ
856 3812 1286 3891 πρωτοτύπου
1331 3816 1499 3877 κτλ.»
1588 3814 1693 3878 διὰ
1735 3814 1810 3878 τὸ
1855 3812 2189 3880 Ῥοιτειεύς
2233 3815 2334 3879 καὶ
2377 3812 2667 3891 (ιγειεός.

582 3911 720 3978 Sub
775 3914 1136 3980 Δαςκύλιον
1203 3911 1477 3999 legimus
1533 3914 1860 3996 Εὐδαίμων
1925 3919 1996 3980 δὲ
2061 3918 2163 3981 καὶ
2206 3917 2532 3995 Ἀρκάδιος
2598 3915 2701 3980 διὰ
2764 3917 2876 3993 τῆς
2931 3921 2984 3981 ἐἶ

415 4016 772 4097 διφθόγγου
815 4017 1133 4097 γράφουςι
1176 4019 1291 4095 τὴν
1323 4004 1397 4082 ’λι
1442 4018 1774 4097 ςυλλαβήν.
1862 4015 1941 4081 In
1984 4016 2106 4082 hac
2152 4018 2476 4105 scriptura
2517 4025 2791 4102 uterque
2834 4038 2982 4080 con-

413 4118 589 4202 gruit
630 4139 776 4181 cum
821 4116 1111 4203 Theogn.
1163 4118 1314 4200 129,
1366 4119 1437 4182 11
1496 4118 1609 4185 ubi
1662 4140 1779 4205 pro
1823 4121 2226 4187 Δαςκάλειον
2279 4121 2318 4199 ἡ
2373 4120 2560 4186 πόλις
2615 4119 2981 4205 ponendum

413 4229 514 4284 est
565 4219 995 4304 Δαςκύλειον,
1043 4219 1087 4284 i.
1135 4242 1191 4285 e.
1257 4242 1400 4285 cum
1466 4221 1861 4287 Herodiano.
1960 4222 2178 4303 Quare
2240 4220 2641 4309 Stephanum
2704 4220 2979 4286 formam

414 4322 776 4387 Δαςκύλιον
820 4322 964 4386 ideo
1007 4324 1333 4408 recepisse
1375 4322 1688 4407 arbitror,
1735 4324 1908 4409 quod
1937 4324 2346 4390 Herodianus
2394 4346 2536 4389 eam
2580 4346 2727 4389 cum
2771 4323 2980 4390 altera

413 4422 841 4488 alternantem
904 4425 1177 4511 reperiri
1250 4423 1579 4491 docuerat.
1690 4424 1835 4491 Hac
1905 4427 2158 4493 ratione
2231 4427 2493 4492 omnino
2558 4426 2977 4492 diversitates

413 4526 800 4612 scripturae,
846 4548 1013 4612 quae
1056 4527 1124 4591 in
1168 4527 1442 4593 diversis
1474 4527 1836 4594 Herodiani
1877 4528 2170 4595 fontibus
2214 4529 2651 4615 reperiuntur,
2694 4528 2864 4596 inter
2907 4552 2977 4595 se

412 4627 851 4693 conciliandae
908 4637 1079 4694 sunt.
1179 4631 1257 4694 E.
1302 4652 1366 4714 g.
1425 4628 1647 4716 Steph.
1705 4632 1992 4711 Ἀλήςιον
2060 4654 2175 4718 per
2227 4636 2266 4712 ἦ
2323 4632 2637 4718 scriptum
2703 4632 2972 4718 profert,

412 4729 726 4796 Choerob.
771 4729 841 4793 in
885 4730 966 4795 E.
1009 4729 1098 4795 M.
1145 4732 1246 4813 61,
1291 4732 1372 4797 37
1420 4733 1721 4799 Ἀλείςιον
1757 4755 1883 4820 ‚per
1925 4739 2010 4817 ἒῑ,
2068 4734 2304 4821 quibus
2360 4733 2518 4798 locis
2571 4731 2823 4799 collatis
2880 4735 2975 4799 sic

411 4830 852 4899 Herodianum
897 4831 1244 4897 tradidisse
1289 4834 1569 4901 arbitror
1612 4836 1933 4919 Ἀλήςιον,
1976 4838 2287 4918 γράφεται
2332 4839 2534 4903 δὲκαὶ
2574 4837 2678 4902 διὰ
2708 4840 2971 4919 διφθόγ-
