3664 5546
642 415 799 464 CCVI
1714 415 2129 463 PRAEFATIO.

641 569 1076 651 ὀρθογραφίας
1121 569 1188 631 in
1233 568 1310 632 E.
1357 568 1447 632 M.
1501 570 1651 648 146,
1697 569 1815 651 333
1864 570 1990 655 Ep.
2037 569 2151 649 36,
2197 568 2281 630 24
2325 568 2539 647 ἄρειος
2584 568 2814 633 Choer.
2852 568 3038 634 Orth.
3076 571 3217 653 171,

638 669 752 751 29,
799 670 924 757 Ep.
970 672 1086 752 41,
1140 671 1170 732 1
1219 671 1366 736 ἀνία
1411 671 1645 736 Choer.
1694 671 1883 736 Orth.
1931 671 2083 751 169,
2135 671 2167 732 1
2212 707 2298 717 -
2341 678 2456 733 aut
2497 692 2582 734 ex
2623 669 2792 736 libro
2838 675 2985 751 περὶ
3027 676 3220 739 ποςό-

638 793 830 851 τητος
869 809 956 819 ——-
1012 773 1136 858 Ep.
1188 773 1256 853 1,
1315 773 1391 837 16
1446 774 1785 854 ἀμβρόςιος
1840 774 1986 851 περὶ
2039 793 2178 836 πος.
2234 771 2381 852 287,
2427 773 2542 855 30;
2599 773 2723 858 Ep.
2780 773 2851 854 8,
2908 775 2950 840 5
3003 775 3221 840 ἀντίος

640 876 785 952 περὶ
828 895 967 939 πος.
1021 875 1180 953 284,
1236 875 1307 956 6,
1375 875 1498 961 ΕΡ.
1544 875 1627 938 58
1643 923 1661 956 ,
1717 874 1800 937 26
1857 874 2072 954 ἄρςιος
2127 875 2273 953 περὶ
2331 896 2471 939 πος.
2528 874 2681 955 293,
2736 875 2821 938 26
2876 913 2962 924 -
3014 877 3222 962 petita

640 985 824 1057 sunt,
883 976 998 1040 sed
1044 976 1238 1039 etiam
1286 974 1371 1038 ad
1417 975 1632 1061 ipsum
1673 973 2123 1039 Herodianum
2169 976 2513 1060 respicitur
2569 977 2635 1039 in
2683 978 3094 1062 expositione
3139 977 3220 1041 de

642 1077 963 1164 scriptura
1017 1077 1292 1141 nominis
1339 1079 1611 1144 Θέςπεια
1674 1100 1738 1163 p.
1785 1077 1942 1157 370,
1989 1076 2103 1154 28,
2172 1077 2289 1142 ubi
2346 1077 2383 1142 ὁ
2440 1080 2510 1142 δὲ
2567 1078 2963 1157 Ἡρωδιανὸς
3015 1079 3085 1145 ἐν
3142 1087 3218 1164 τῇ

639 1180 938 1265 Ὁμηρικῇ
983 1180 1307 1266 προςῳδία
1352 1182 1428 1265 (Β
1471 1181 1626 1265 498)
1676 1182 1844 1256 λέγει
1890 1180 1986 1244 ὅτι
2032 1180 2136 1243 διὰ
2178 1183 2295 1242 τοῦ
2340 1183 2362 1243 i
2403 1180 2730 1260 γράφεται.
2804 1179 3007 1245 Porro
3052 1202 3218 1267 quae

640 1279 724 1344 ad
769 1278 1162 1345 declinatum
1206 1290 1270 1345 et
1311 1281 1645 1345 nominum
1691 1292 1754 1344 et
1782 1280 2133 1345 verborum
2163 1280 2521 1365 pertinent,
2568 1281 2847 1367 plurima
2889 1304 2975 1347 ex
3015 1281 3216 1346 Choe-

638 1383 916 1448 robosco
961 1383 1291 1446 fluxerunt
1332 1420 1414 1432 ——
1461 1405 1516 1446 e.
1553 1406 1616 1467 g.
1649 1382 1773 1468 Ep.
1805 1381 1878 1463 9,
1925 1382 1965 1444 3
2010 1391 2427 1468 praeceptum
2472 1382 2552 1446 de
2598 1381 3026 1448 declinatione
3069 1407 3213 1450 voc.

641 1485 898 1550 ἄναλκις
943 1507 1026 1549 ex
1056 1483 1287 1548 Choer.
1320 1484 1496 1549 Dict.
1526 1487 1631 1568 57,
1663 1486 1776 1565 20,
1822 1484 1996 1548 unde
2041 1483 2620 1569 Epimerismorum
2667 1483 2844 1549 locus
2878 1497 2978 1550 est
3006 1507 3218 1550 emen-

642 1584 929 1667 dandus;
975 1586 1100 1672 Ep.
1132 1586 1284 1667 258,
1330 1588 1370 1650 3
1415 1588 1584 1653 Λάας
1630 1610 1713 1650 ex
1759 1585 1992 1649 Choer.
2038 1584 2216 1649 Dict.
2262 1585 2367 1666 27,
2399 1585 2508 1666 20,
2557 1587 2680 1671 Ep.
2721 1586 2869 1669 277,
2918 1589 2952 1652 7
3002 1590 3220 1665 Μέγας

641 1709 726 1751 ex
770 1686 1000 1752 Choer.
1049 1688 1163 1769 32,
1210 1689 1323 1768 32,
1372 1689 1496 1774 Ep.
1547 1689 1698 1768 115,
1747 1689 1815 1768 9,
1863 1689 2193 1767 Διομήδη(
2238 1709 2322 1749 ex
2366 1687 2598 1752 Choer.
2629 1689 2745 1770 48,
2793 1690 2906 1774 26,
2953 1691 3077 1777 ΕΡ.
3111 1691 3216 1772 29,

646 1788 722 1851 19
765 1792 843 1855 τὰ
888 1793 992 1855 διὰ
1034 1794 1153 1855 τοῦ
1199 1795 1364 1854 ἒῖνω
1408 1790 1655 1870 ῥήματα
1700 1793 1860 1869 ὑπὲρ
1906 1791 2024 1855 δύο
2070 1792 2383 1871 ςυλλαβὰς
2428 1790 2570 1869 ἄχρι
2616 1799 3046 1870 παρατατικοῦ
3090 1794 3218 1858 κλί-

640 1913 863 1958 νονται
918 1913 1001 1956 ex
1058 1890 1292 1955 Choer.
1351 1889 1536 1956 Orth.
1582 1891 1738 1972 244,
1785 1892 1857 1974 8,
1914 1891 2092 1955 Dict.
2136 1891 2294 1972 489,
2340 1893 2459 1971 31,
2513 1893 2637 1978 ΕΡ.
2682 1892 2805 1956 407
2864 1896 3088 1959 τελείω
3135 1917 3219 1957 ex

642 1991 819 2056 Dict.
863 1993 1023 2074 489,
1070 1993 1184 2075 35,
1242 1993 1367 2078 Ep.
1418 1994 1537 2057 176
1582 1994 1766 2059 ἔπεςε
1812 2016 1897 2057 ex
1940 1993 2119 2057 Dict.
2165 1993 2321 2072 631,
2370 1993 2494 2078 ΕΡ.
2540 1993 2687 2074 377,
2739 1995 2817 2058 19
2870 1998 3217 2076 πετάννυμι

615 2117 725 2171 ex
768 2094 941 2159 Dict.
991 2095 1146 2172 483,
1194 2094 1308 2176 26,
1367 2093 1688 2180 quaedam
1746 2104 1963 2158 tamen
2021 2116 2105 2158 ex
2159 2095 2302 2180 ipso
2347 2094 2722 2159 Herodiano
2777 2096 2862 2160 cf.
2907 2119 3219 2162 canonem

642 2196 724 2260 de
767 2196 1136 2260 nominibus
1181 2198 1248 2262 in
1292 2185 1427 2264 Xan—v
1478 2219 1625 2260 cum
1669 2196 1960 2281 Theogn.
2007 2197 2122 2276 36,
2169 2197 2240 2260 3.
2285 2197 2462 2260 Mon.
2511 2197 2622 2279 12,
2676 2199 2754 2261 10
2797 2210 2862 2263 et
2906 2198 3218 2263 articulus

643 2299 808 2373 λίγξε
852 2297 998 2381 267,
1049 2299 1158 2379 18,
1220 2300 1288 2362 in
1342 2320 1469 2385 quo
1524 2299 1737 2362 medio
1782 2297 2147 2363 Herodiani
2200 2285 2847 2383 nomen’invenitur,
2906 2310 3082 2366 totus
3137 2324 3222 2366 ex

642 2422 719 2464 eo
764 2397 986 2476 fiuxit,
1046 2399 1369 2486 quaedam
1426 2423 1510 2464 ex
1554 2399 1928 2466 Herodiano
1983 2400 2187 2486 petita
2231 2400 2569 2485 videntur,
2629 2401 2783 2466 licet
2836 2402 2905 2465 in
2959 2404 3218 2489 scriptis

641 2500 1106 2583 Herodianeis,
1161 2512 1253 2565 ut·
1288 2524 1460 2565 nunc
1505 2513 1689 2584 sunt,
1747 2524 2015 2589 prorsus
2073 2500 2282 2566 simile
2337 2515 2758 2591 praeceptum
2816 2504 3223 2570 desideretur

642 2625 697 2667 e.
743 2626 805 2688 g.
854 2626 1018 2689 quae
1062 2625 1126 2688 p.
1171 2603 1328 2684 208,
1374 2604 1414 2668 3
1460 2602 1543 2667 de
1585 2627 1823 2689 genere
1868 2605 2184 2669 feminino
2233 2605 2411 2669 vocis
2466 2607 2660 2685 ἱδρώς
2715 2615 2780 2670 61;
2826 2605 2906 2670 de
2952 2608 3221 2672 Aeolica

641 2706 779 2770 eius
826 2703 1264 2769 declinatione
1307 2702 1687 2788 traduntur,
1746 2729 1829 2769 ex
1876 2704 2235 2770 Herodiani
2289 2704 2457 2772 libro
2522 2710 2667 2793 περὶ
2710 2709 2968 2775 κλίςεως
3011 2719 3220 2775 trans-

582 2826 586 2830 ·
641 2809 886 2894 scripta
915 2830 1057 2872 esse
1088 2831 1206 2895 pro
1239 2818 1414 2872 certo
1447 2808 1791 2873 affirmem.
1850 2811 1942 2873 At
1973 2831 2141 2895 quae
2185 2809 2267 2873 de
2300 2810 2673 2874 accentibus
2704 2812 3216 2898 praecipiuntur,

640 2909 993 2975 maximam
1036 2920 1290 2994 partem
1333 2932 1418 2974 ex
1462 2910 1776 2975 Prosodia
1807 2910 2144 2975 Catholica
2188 2922 2253 2976 et
2282 2911 2634 2976 Homerica
2664 2913 3026 2978 Herodiani
3069 2914 3217 2978 sub-

640 3010 811 3077 lecta
853 3023 1006 3079 sunt
1047 3013 1132 3076 cf.
1181 3034 1243 3097 p.
1290 3012 1356 3089 8,
1412 3012 1491 3075 10
1545 3014 1834 3078 ἐναντίος
1890 3035 2040 3077 cum
2097 3014 2253 3077 Arc.
2299 3014 2411 3095 86,
2457 3015 2527 3095 23
2576 3036 2640 3100 p.
2694 3014 2797 3095 10,
2842 3015 2923 3079 28
2969 3017 3219 3096 Ἀχαιός

642 3137 789 3178 cum
844 3115 997 3178 Arc.
1052 3114 1166 3194 43,
1228 3114 1335 3194 18;
1405 3136 1469 3198 Ρ.
1530 3115 1640 3194 11,
1686 3114 1769 3178 25
1824 3115 2144 3194 ἀγορῆθεν
2198 3137 2345 3179 cum
2396 3115 2641 3179 Ioanne
2698 3115 2890 3181 Alex.
2942 3118 3056 3198 35,
3106 3116 3215 3198 16;

641 3239 705 3303 p.
756 3216 864 3297 12,
911 3216 993 3279 23
1045 3215 1303 3294 ἀχρεῖος
1358 3237 1503 3278 cum
1558 3215 1636 3279 Il.
1694 3217 1798 3279 Pr.
1848 3219 1893 3281 Β
1949 3216 2102 3300 2693
2161 3241 2226 3304 p.
2277 3219 2389 3298 14,
2454 3219 2531 3281 14
2585 3218 2805 3298 ἀγορῶ
2858 3241 3006 3282 cum
3059 3219 3214 3282 Arc.

649 3317 801 3397 162,
851 3317 962 3400 153
1008 3340 1072 3402 p.
1122 3317 1231 3397 14,
1278 3317 1353 3379 31
1406 3317 1605 3382 ἄελλα
1649 3340 1794 3381 eum
1842 3318 2135 3402 Theogn.
2181 3318 2296 3401 20,
2344 3321 2499 3383 Arc.
2547 3320 2661 3401 96,
2713 3321 2818 3403 19;
2878 3343 2940 3407 p.
2995 3321 3091 3402 17,
3142 3319 3220 3384 12

641 3422 973 3484 Ἄπολλον
1020 3439 1166 3481 cum
1209 3416 1289 3479 Il.
1335 3417 1442 3481 Pr.
1481 3421 1519 3482 Γ
1553 3419 1704 3499 182,
1751 3421 1807 3484 Φ
1852 3421 2008 3501 331,
2055 3421 2149 3484 Ιο.
2197 3419 2303 3485 Al.
2354 3421 2463 3502 14,
2510 3422 2583 3504 63
2627 3446 2690 3508 p.
2732 3421 2838 3504 18,
2887 3424 2961 3485 11
3008 3424 3219 3488 Ἀςκά-

647 3525 778 3585 λων
825 3541 881 3582 c.
927 3520 1084 3582 Arc.
1134 3520 1242 3599 13,
1288 3518 1359 3601 53
1431 3520 1539 3601 19,
1586 3520 1625 3583 6
1681 3521 1777 3585 ἀεί
1835 3521 2013 3601 ἄγρει
2080 3524 2210 3588 ἐκεῖ
2267 3544 2323 3587 c.
2377 3523 2476 3588 Io.
2524 3522 2629 3587 Al.
2677 3525 2793 3601 36,
2840 3524 2951 3606 263
3014 3546 3072 3606 p.
3118 3524 3218 3603 20,

644 3621 729 3684 20
772 3621 1042 3686 αἰπόλος
1086 3642 1234 3685 cum
1279 3623 1432 3685 Arc.
1482 3622 1594 3703 88,
1641 3624 1755 3707 22;
1801 3647 1864 3709 p.
1911 3624 2029 3705 21,
2074 3624 2117 3686 4
2159 3625 2353 3690 ἀείδω
2398 3647 2453 3688 c.
2498 3627 2653 3689 Arc.
2704 3626 2845 3706 155,
2897 3627 2963 3708 1;
3009 3650 3073 3711 Ρ.
3114 3625 3218 3706 24,

644 3723 729 3787 30
783 3723 947 3787 ἑκών
1005 3723 1213 3787 ἀέκων
1269 3744 1324 3786 c.
1372 3722 1446 3786 Il.
1509 3724 1617 3786 Pr.
1681 3726 1725 3790 Ρ
1773 3725 1922 3805 1903
1992 3749 2056 3812 Ρ.
2103 3725 2217 3808 25,
2273 3728 2315 3791 5
2376 3727 2475 3795 α’ίξ
2532 3748 2679 3789 cum
2732 3728 2886 3791 Arc.
2946 3728 3099 3809 125,
3145 3727 3216 3808 6;

645 3847 706 3910 p.
755 3824 869 3905 25,
921 3824 998 3887 12
1041 3834 1107 3887 et
1149 3824 1262 3903 55,
1307 3824 1390 3888 26
1435 3825 1656 3906 ἀμύνω
1701 3849 1772 3889 6..
1805 3828 1959 3890 Arc.
2012 3827 2161 3907 160,
2213 3829 2326 3909 173
2384 3828 2498 3910 28,
2562 3830 2636 3891 11
2694 3829 2822 3909 ἅμα
2878 3830 3011 3894 ὦκα
3053 3831 3221 3909 θαμά

644 3949 700 3990 c.
749 3926 845 3991 Io.
891 3926 998 3990 Al.
1047 3926 1161 4007 29,
1209 3925 1278 4007 43
1327 3926 1440 4008 31,
1486 3929 1529 3990 4
1571 3929 1874 4008 αἰχμητής
1919 3949 1973 3991 c.
2018 3927 2098 3992 11.
2130 3928 2239 3992 Pr.
2286 3930 2328 3994 Ε
2376 3930 2526 4012 158;
2574 3931 2688 4011 31,
2740 3932 2818 3994 15
2861 3933 2940 3996 τὰ
2985 3932 3072 3996 εἰς
3116 3935 3220 3994 τ’τΓς

646 4029 801 4093 Arc.
847 4028 961 4110 33,
1008 4030 1079 4111 63
1137 4028 1250 4110 34,
1302 4028 1379 4092 18
1437 4030 1593 4098 ἅναξ
1641 4029 1955 4109 Arc.18,
2008 4030 2116 4111 183
2171 4032 2418 4111 58,14
2462 4033 2764 4098 ἀςπάςιος
2810 4031 3119 4111 ὀρθώςιος
3161 4055 3216 4096 c.

643 4133 800 4195 Arc.
846 4130 960 4211 41,
1011 4130 1119 4212 12;
1183 4077 1465 4211 134,15
1518 4131 1586 4195 ια
1642 4133 1746 4211 μία
1791 4135 1934 4211 μιᾶς
1980 4133 2106 4215 ἰᾶς,
2162 4131 2277 4196 ubi
2333 4133 2597 4198 additur
2650 4139 2843 4199 τοῦτο
2891 4134 3011 4200 οὖν
3056 4136 3220 4200 ἐςτιν

645 4232 979 4312 εἰρημένον
1022 4238 1115 4317 τῷ
1161 4242 1460 4318 τεχνικῷ,
1508 4256 1563 4296 6.
1610 4231 1689 4297 ΙΙ.
1735 4233 1846 4296 Pr.
1890 4234 1945 4297 Ζ
1988 4182 2113 4295 422
2158 4235 2252 4318 (Π
2284 4235 2466 4319 173);
2512 4236 2657 4317 380,
2707 4236 2743 4298 7
2789 4237 2986 4314 πάρεξ
3032 4239 3220 4318 (ρηςὶν

648 4335 717 4399 ἐν
763 4342 839 4419 τῇ
886 4334 1167 4400 καθόλου
1213 4334 1250 4399 ὁ
1294 4337 1578 4414 τεχνικὸς
1625 4336 1846 4400 αὐταῖς
1893 4337 2155 4411 λέξεςιν;
2210 4360 2273 4422 Ρ.
2319 4336 2605 4417 366,15
2648 4339 2727 4402 τὰ
2771 4336 2861 4403 εἰς
2904 4360 3024 4418 μην
3071 4359 3220 4403 cum

645 4435 821 4500 Mon.
867 4435 981 4516 32,
1030 4436 1088 4515 7,
1133 4437 1289 4500 Arc.
1335 4436 1401 4516 9,
1448 4437 1560 4519 203
1606 4460 1669 4522 p.
1721 4438 1828 4519 18,
1882 4439 1955 4499 11
2005 4436 2086 4500 de
2139 4438 2508 4502 nominibus
2564 4440 2629 4502 in
2678 4444 2809 4505 λων
2856 4462 3005 4504 cum
3066 4440 3219 4503 Arc.

654 4539 758 4617 13,
797 4539 863 4618 1,
911 4537 1024 4623 qui
1068 4535 1221 4600 inde
1266 4535 1624 4625 explendus
1673 4550 1802 4621 est3
1850 4562 1912 4626 p.
1944 4539 2091 4620 435,
2125 4540 2164 4603 9
2196 4540 2304 4625 (E.
2335 4540 2424 4604 M.
2459 4541 2615 4623 805,
2647 4541 2791 4624 56),
2838 4541 2954 4605 ubi
2997 4541 3219 4620 ἀςτρο-

648 4641 842 4719 χίτων
888 4639 971 4702 ab
1017 4637 1438 4724 epitomatore
1484 4640 1808 4706 adiectum
1860 4664 2008 4719 esse
2051 4642 2350 4728 positura
2393 4641 2671 4724 indicat,
2728 4666 2872 4707 cum
2917 4643 3070 4706 Arc.
3122 4644 3218 4723 17,

653 4742 768 4824 113
815 4741 930 4805 sed
977 4764 1061 4805 ex
1105 4740 1340 4806 Choer.
1386 4742 1563 4806 Dict.
1594 4743 1745 4820 413,
1802 4744 1875 4806 11
1925 4754 2255 4830 sumptum
2299 4754 2399 4808 est
2440 4753 2860 4831 praeceptum
2904 4744 2985 4808 de
3030 4745 3220 4821 ἀγκυ-

652 4845 942 4924 λομήτεω
986 4843 1054 4906 in
1097 4842 1222 4932 Ep.
1258 4844 1328 4927 9,
1362 4845 1418 4909 7.
1486 4843 1697 4909 Multa
1741 4844 2016 4930 denique
2060 4869 2146 4911 ex
2188 4845 2549 4911 Herodiani
2592 4846 2758 4913 libro
2803 4849 2947 4926 περὶ
2990 4851 3218 4915 παθῶν
