3664 5546
1525 431 1949 480 PRAEFATIO.
2120 466 2125 475 .
2919 432 3049 480 xm

451 610 594 652 eam
643 586 886 667 fuisse,
944 595 1016 650 ut
1071 583 1317 672 scripta
1363 584 1724 649 Herodiani
1780 595 2205 670 excerpentes
2252 584 2572 670 quaedam
2629 585 2711 650 de
2756 610 2871 650 suo
2915 608 3047 649 ma·

452 691 625 753 xime
672 689 742 751 in
785 709 979 751 usum
1022 687 1444 768 discentium,
1492 686 1729 773 quibus
1779 686 2142 750 Herodiani
2188 684 2381 753 lectio
2429 688 2569 751 sine
2615 686 3049 773 explicatione

457 789 795 855 difficilior
841 799 1046 870 esset,
1105 789 1452 869 adderent,
1509 810 1722 875 pauca
1766 810 1850 852 ex
1895 787 2043 852 aliis
2089 788 2537 873 grammaticis
2594 791 3047 876 appingerent,

455 914 536 956 ne
593 884 736 955 tota
789 913 910 955 sua
967 891 1269 955 doctrina
1323 913 1408 954 ex
1471 911 1597 953 uno
1654 888 2035 955 Herodiano
2093 911 2413 976 suspensa
2468 889 2820 955 videretur.
2914 889 3049 956 Alii

458 992 849 1058 discentium
892 990 1165 1057 utilitati
1209 991 1438 1056 melius
1485 991 1861 1078 prospicere
1907 991 2037 1056 sibi
2082 991 2504 1072 videbantur,
2562 991 2617 1055 si
2661 991 2822 1056 nihil
2867 993 3048 1057 aliud

455 1095 586 1158 nisi
629 1092 1033 1180 implicatam
1089 1105 1155 1159 et
1210 1092 1593 1180 perplexam
1639 1092 2007 1158 Herodiani
2065 1093 2432 1159 doctrinam
2478 1094 2546 1156 in
2590 1092 2857 1158 brevius
2901 1116 3047 1158 con-

457 1195 788 1260 traherent
833 1195 1058 1260 recisis
1103 1196 1405 1259 omnibus
1452 1195 1568 1275 iis,
1628 1217 1794 1281 quae
1850 1217 1980 1259 non
2039 1205 2181 1259 acte
2227 1218 2375 1259 cum
2419 1218 2519 1276 re,
2578 1194 2660 1259 de
2715 1216 2845 1280 qua
2900 1217 3049 1279 age·

457 1298 685 1378 batur,
753 1297 1100 1363 coniuncta
1163 1306 1411 1377 essent,
1481 1296 1665 1360 cuius
1743 1296 2004 1381 generis
2082 1306 2233 1361 sunt
2300 1296 2576 1361 Arcadii
2653 1305 2718 1360 et
2782 1297 3048 1360 Ioannis

457 1397 896 1463 Alexandrini
954 1400 1279 1485 epitomae
1335 1396 1734 1463 Catholicae.
1826 1398 1934 1462 Ab
1991 1397 2089 1462 his
2148 1397 2474 1463 diversam
2527 1398 2706 1463 viam
2768 1397 3052 1483 ingressi

457 1511 616 1565 sunt
677 1498 804 1565 duo
860 1500 1017 1573 viri,
1077 1501 1189 1587 qui
1241 1501 1399 1564 trita
1453 1508 2037 1565 commentatorum
2094 1509 2159 1564 et
2211 1509 2704 1587 excerptorum,
2774 1522 3048 1587 quorum

456 1602 724 1688 quidem
769 1624 1034 1687 operam
1079 1600 1256 1665 haud
1300 1601 1844 1666 contemnendam
1889 1601 2078 1667 nobis
2125 1602 2521 1681 iudicamus,
2580 1601 3052 1667 consuetudine

456 1703 718 1768 deserta
760 1702 1074 1788 originale
1119 1703 1307 1790 quasi
1339 1702 1670 1788 quoddam
1714 1701 2057 1767 consilium
2087 1713 2399 1789 ceperunt
2441 1713 2508 1768 et
2537 1705 2829 1769 exsecuti
2875 1714 3049 1785 sunt,

458 1803 866 1870 Scholiorum
909 1805 1153 1870 codicis
1202 1807 1263 1869 A
1314 1827 1398 1869 ex
1444 1814 1751 1890 quattuor
1806 1804 1995 1869 libris
2040 1803 2350 1892 Didymi,
2410 1806 2801 1886 Aristonici,
2858 1804 3050 1868 Nica-

454 1908 639 1972 noris
696 1916 762 1970 et
812 1906 1176 1972 Herodiani
1247 1916 1791 1992 comportatorem
1846 1916 1912 1970 et
1971 1906 2373 1992 Stephanum
2420 1907 2819 1993 Byzantium
2879 1907 3047 1970 dico.

459 2007 581 2072 Ille
637 2008 814 2072 enim
870 2007 1275 2073 Scholiorum
1333 2008 1795 2093 compositione
1853 2009 2426 2094 praestantissima
2490 2008 2575 2073 ad
2634 2008 3049 2074 Homericam

457 2110 663 2174 crisin
719 2118 787 2174 et
840 2108 1443 2195 interpretationem
1487 2109 1816 2191 subsidia,
1875 2112 2045 2175 inter
2096 2132 2263 2196 quae
2310 2111 2513 2175 Iliaca
2556 2109 2878 2174 Prosodia
2920 2133 3051 2174 non

456 2221 561 2276 est
589 2210 842 2274 minimi
871 2211 1097 2296 pretii,
1131 2212 1392 2297 paravit
1420 2249 1504 2259 —
1535 2211 1694 2276 haee
1725 2210 1899 2275 enim
1930 2222 2027 2276 est
2056 2210 2316 2275 Lehrsii
2349 2213 2700 2291 sententia,
2732 2210 2798 2275 la
2830 2211 3048 2275 Roche

455 2311 889 2377 Homerische
945 2312 1409 2378 Texteskritik
1466 2336 1530 2399 p.
1592 2314 1710 2377 123
1776 2336 1957 2400 seqq.
2062 2335 2209 2377 eum
2270 2313 2516 2400 ipsum,
2583 2313 2694 2400 qui
2758 2313 3049 2378 codicem

459 2414 756 2498 scripsit,
812 2414 1010 2478 etiam
1068 2413 1475 2479 Scholiorum
1520 2414 1913 2479 Venetorum
1973 2424 2303 2480 auctorem
2356 2415 2605 2479 iudicat
2652 2453 2727 2462 —
2776 2414 3047 2501 Stepha-

457 2537 620 2596 nus,
685 2515 796 2600 qui
851 2515 1215 2581 Herodiani
1281 2516 1556 2602 scripta,
1622 2518 1910 2581 maxime
1965 2515 2371 2581 Catholicam
2436 2516 2869 2601 geographico
2928 2540 3045 2580 suo

457 2617 642 2703 operi
687 2617 1087 2699 substruxit,
1133 2627 1393 2703 praeter
1423 2628 1775 2703 praecepta
1803 2618 2235 2701 grammatica
2276 2617 2712 2703 geographica
2757 2627 2822 2679 et
2848 2615 3049 2681 histo-

457 2719 600 2783 rica
642 2719 908 2784 nomina
952 2741 1300 2805 eorumque
1346 2718 1852 2806 explicationes,
1901 2719 2139 2805 quibus
2170 2717 2592 2783 Herodianus
2638 2718 2883 2804 scripta
2928 2740 3051 2783 sua

461 2820 801 2885 exhaustis
858 2820 1048 2885 huius
1106 2822 1367 2906 generis
1416 2820 1847 2906 scriptoribus
1904 2819 2382 2901 illustraverat,
2437 2822 2806 2906 posteritati
2851 2818 3049 2885 tradi-

460 2922 581 2986 dit.
669 2922 794 2986 His
840 2923 1074 3009 opibus
1115 2925 1416 2988 instructi
1474 2923 2058 3009 Epimerismorum
2104 2924 2561 3008 compilatores
2609 2931 2674 2985 et
2716 2920 3050 3007 Etymolo-

451 3027 753 3108 gicorum
799 3025 1393 3106 consarcinatoreS,
1450 3025 1687 3111 quibus
1743 3034 2083 3112 praeterea
2135 3024 2352 3089 aditus
2410 3023 2495 3088 ad
2548 3024 2797 3109 scripta
2840 3023 3047 3086 Hero-

453 3126 642 3190 diani
685 3126 893 3209 ipsius
938 3127 1240 3211 patebat,
1287 3127 1423 3190 suis
1455 3129 1644 3210 nugis
1691 3138 1757 3192 et
1797 3128 2181 3191 inferiorum
2220 3123 2735 3209 magistellorum
2784 3125 3048 3211 ineptiis

453 3225 673 3290 multa
715 3236 780 3290 et
824 3225 1165 3311 praeclara
1208 3228 1442 3291 summi
1485 3230 1899 3312 grammatici
1945 3239 2297 3316 praecepta
2338 3230 2842 3292 interseverunt.

634 3332 673 3408 ἓ
719 3328 780 3392 7.
871 3328 1091 3409 Quum
1145 3327 1565 3393 Herodianus
1622 3330 1885 3416 saepius
1941 3330 2008 3393 in
2065 3330 2343 3394 diversis
2401 3328 2589 3394 libris
2659 3328 3049 3393 sententiam
3082 3347 3139 3388 m-
3171 3355 3325 3400 {ompo-

446 3430 790 3495 diversam
835 3429 1249 3516 proposuerit
1295 3430 1379 3514 (e.
1414 3453 1478 3514 g.
1509 3433 1578 3494 in
1611 3432 1998 3497 Onomatico
2044 3433 2226 3511 Πρά(
2256 3433 2558 3511 Πράντοε
2604 3429 3048 3512 circumflecti,
3070 3429 3163 3534 {¹⁰¹2}
3183 3416 3353 3536 ζ’·ᾞζζζ

442 3533 523 3594 in
576 3529 916 3595 Catholica
960 3553 1116 3597 vero
1163 3532 1312 3596 acui
1358 3531 1579 3597 docuit
1623 3543 1789 3598 teste
1837 3533 2071 3598 Choer.
2118 3533 2295 3597 Dict.
2348 3534 2446 3613 16,
2499 3534 2625 3619 17),
2671 3541 3050 3618 pergratum
3092 3550 3315 3590 nvn-odiam

444 3645 518 3697 et
571 3630 850 3717 perutile
895 3631 1065 3696 foret
1118 3635 1319 3714 scire,
1380 3657 1507 3721 quo
1565 3634 1791 3699 ordine
1848 3635 2097 3721 scripta
2140 3656 2261 3697 sua
2310 3635 2608 3699 ediderit.
2701 3634 2866 3696 Nam
2912 3643 3047 3698 tum
3086 3620 3317 3725 ‘'⁰'‡fl:]†¹¹‘²

444 3733 803 3816 cognitum
860 3733 1279 3816 haberemuS,
1348 3758 1539 3822 quam
1598 3738 1985 3801 sententiam
2040 3737 2362 3821 potiorem
2428 3736 2909 3801 existimaverit
2966 3771 3046 3784 —-

439 3835 860 3922 posteriores
906 3838 1078 3899 enim
1123 3837 1549 3920 cogitationes
1595 3838 1897 3903 meliores
1944 3860 2087 3901 csse
2131 3837 2359 3901 solent.
2450 3837 2581 3900 Sed
2637 3860 2832 3922 quam
2878 3835 3047 3900 diffi-

438 3937 584 4000 cile
630 3938 716 4000 sit
769 3935 840 4000 id
897 3935 1252 4018 extricare,
1309 3940 1615 4025 exposuit
1655 3937 1969 4003 Lehrsius
2027 3942 2095 4002 in
2153 3949 2403 4024 quaest.
2458 3961 2557 4024 ep.
2606 3961 2669 4023 p.
2716 3939 2795 4001 37
2843 3959 3047 4023 seqq„

437 4037 799 4102 Eustathii
859 4047 924 4102 et
980 4038 1317 4125 Apollonii
1374 4039 1689 4127 exemplis
1743 4040 2081 4104 illustrans
2141 4063 2224 4104 ex
2276 4040 2462 4105 verbi
2530 4049 2850 4125 tempore,
2917 4060 3046 4123 quo

435 4141 594 4204 alia
637 4141 888 4225 scripta
933 4163 1051 4203 sua
1095 4140 1181 4205 ad
1226 4151 1446 4226 partes
1493 4151 1761 4224 vocent,
1826 4142 1907 4206 de
1953 4142 2209 4222 ordine,
2257 4165 2382 4227 quo
2429 4140 2577 4206 libri
2626 4140 2847 4204 emissi
2892 4140 3046 4216 sint,

435 4253 638 4307 certo
687 4241 990 4306 concludi
1047 4265 1174 4307 non
1231 4265 1457 4328 posse,
1516 4267 1715 4328 quum
1772 4254 1837 4307 et
1880 4244 2167 4329 perfecto
2212 4242 2321 4307 vel
2366 4246 2608 4309 aoristo
2664 4267 2794 4308 non
2840 4239 3048 4305 solum

437 4345 531 4410 de
597 4343 770 4409 libro
827 4343 1101 4429 scripto,
1163 4344 1280 4408 sed
1334 4344 1533 4408 ctiam
1589 4344 1671 4409 de
1727 4345 2107 4426 scribendO,
2178 4346 2361 4431 quasi
2419 4346 2547 4408 iam
2607 4345 2889 4429 scriptus
2938 4345 3045 4420 sit,

431 4453 731 4510 utantur
793 4466 1004 4530 neque
1060 4467 1369 4530 praesens
1435 4447 1864 4530 ambiguitate
1928 4456 2168 4510 careat.
2260 4445 2408 4510 Hoc
2468 4446 2641 4510 idem
2708 4446 2903 4509 etiam
2967 4444 3049 4508 de

433 4546 843 4611 Herodiano
890 4545 1108 4612 valere
1155 4549 1256 4612 vir
1300 4548 1697 4611 clarissimus
1741 4548 1986 4629 innuit,
2035 4548 2152 4612 sed
2197 4571 2359 4634 opus
2407 4557 2507 4611 est
2552 4569 2793 4612 morem
2840 4548 3050 4610 nostri

430 4647 876 4735 grammatici
930 4649 1329 4734 perquirere.
1419 4651 1566 4731 Qua
1621 4653 1687 4714 in
1743 4672 1812 4714 rc
1866 4651 1932 4712 in
1988 4651 2326 4733 angustias
2384 4650 2579 4712 trium
2637 4648 3047 4734 scriptorum,

429 4775 626 4839 quae
681 4750 996 4814 Lehrsius
1066 4751 1306 4832 edidit,
1381 4752 1628 4815 redacti
1696 4775 1951 4832 sumus,
2017 4774 2217 4836 quum
2282 4752 2349 4813 in
2414 4748 2680 4834 reliquis
2746 4750 3046 4814 omnibus

432 4855 928 4940 epitomatores
973 4852 1310 4916 iudicandi
1355 4851 1736 4917 facultatem
1783 4853 2233 4919 subtraxerint
2264 4851 2713 4915 Herodianum
2759 4852 2827 4914 in
2858 4854 3049 4915 tertia
