3664 5546
1152 335 1310 390 Περι
1353 332 2205 389 κΑΘοΛικΗς-προςΩιΔιΑς
2246 335 2318 388 ur.
2848 321 2861 335 ²
2926 293 3049 401 371

464 507 772 583 (ίγειον
828 508 1014 572 πόλις
1068 507 1408 591 Τρῳάδος,
1466 506 1556 570 ὡς
1614 504 1913 583 (τράβων
1971 504 2456 589 τριςκαιδεκάτῳ
2515 506 2607 590 (p.
2652 504 2823 587 595).
2909 506 3053 571 Λά-

460 629 684 684 γειον
730 610 805 674 τὸ
850 609 1283 688 ἱπποδρόμιον
1329 606 1802 686 Ἀλεξανδρείας
1859 605 1990 670 ἀπὸ
2037 606 2254 682 Λάγου
2309 608 2498 673 τινός.
2588 607 2919 672 Λύκειον
2976 610 3052 673 τὸ

461 711 809 789 γυμνάςιον
876 712 1179 789 Ἀθήνηςι.
1280 708 1602 773 Γύθειον
1669 708 1856 771 πόλις
1900 707 2270 786 ’Λακωνική
2370 708 2730 788 Λυκόφρων
2801 710 3051 774 «διςςὰς

464 812 781 892 ςαλάμβας
837 814 903 876 κ’
960 811 1091 877 ἀπὸ
1151 797 1407 875 Γυθείου
1460 809 1748 874 πλακάς»
1806 811 1898 891 (v,
1949 808 2074 891 98).
2173 811 2340 875 τινές
2395 831 2577 892 φαςι,
2645 810 2765 886 ὅτι,
2803 811 3052 876 Πύθιον

462 914 783 996 ἐκαλεῖτο,
839 919 1060 981 κακῶς.
1151 912 1524 991 (έρρειον
1570 910 1970 989 ἀκρωτήριον
2026 915 2138 988 τῆς
2184 912 2449 995 Θρᾴκης.
2540 913 2664 977 ἔςτι
2721 914 2823 976 καὶ
2866 913 3051 977 πόλις
3079 930 3112 978 5

464 1015 889 1098 (αμοθρᾴκης.
950 1016 1198 1091 λέγεται
1244 1015 1345 1077 καὶ
1376 1012 1606 1095 (έρρα,
1651 1012 1728 1089 ἧς
1773 1013 1811 1090 ἡ
1858 1014 2072 1090 γενικὴ
2118 1014 2262 1077 κατ’
2296 1014 2517 1079 Ἴωνας
2549 1013 2797 1092 (ε’ρρης.
2856 1014 3053 1079 Λαύ-

466 1137 683 1195 ρειον
726 1117 928 1181 τόπος
973 1116 1044 1179 ἐν
1077 1116 1318 1197 Ἀττικῇ
1364 1114 1534 1192 ἔχων
1581 1113 1878 1192 με’ταλλα.
1934 1114 2258 1183 Φίκειον
2292 1113 2446 1193 ὄρος
2479 1116 2801 1179 Βοιωτίας.
2858 1120 3053 1180 τοῦτο

462 1198 535 1283 δὲ
581 1218 834 1298 εὕρηται
879 1219 982 1282 καὶ
1037 1218 1141 1282 διὰ
1201 1216 1470 1296 βραχέος
1513 1220 1630 1279 τοῦ
1674 1217 1720 1277 ῖ.
1809 1214 1960 1280 ἴςως
2018 1217 2087 1279 δὲ
2135 1218 2588 1295 ςυνεξέδραμεν
2642 1223 2734 1301 τῷ
2779 1217 3053 1299 Ῥύτιον,

462 1320 716 1402 Αἴγιον,
783 1319 1072 1384 (ούνιον.
1182 1317 1600 1399 Λέπρειον,
1669 1316 2030 1381 Καυκώνων
2108 1317 2311 1382 πόλις.
2422 1317 2803 1383 Ῥοίτειον
2868 1319 3053 1384 πόλις

465 1420 789 1505 Τρῳάδος.
876 1420 1215 1485 Φύτειον
1262 1419 1448 1483 πόλις
1490 1418 1752 1481 Ἤλιδος
1794 1420 1907 1494 τῆς
1964 1419 2180 1497 κοίλης
2235 1418 2365 1482 ἀπὸ
2410 1420 2671 1484 Φυτέως
2727 1421 2894 1496 λέγει
2941 1421 3052 1484 αὐ·
3095 1433 3158 1484 ιο

463 1523 579 1600 τὴν
627 1521 989 1608 ὠνομάςθαι
1032 1522 1269 1599 Ἴςτρος
1315 1520 1370 1584 δ’
1414 1522 1547 1582 τῶν
1594 1519 1923 1583 Ἠλιακῶν.
1989 1519 2377 1598 Κράνειον
2423 1521 2771 1599 γυμνάςιον
2817 1522 2887 1586 ἐν
2939 1523 3053 1587 Κο-

466 1624 678 1710 ρί-νθῳ.
757 1624 1089 1688 Νάξειον
1133 1622 1208 1685 τὸ
1253 1619 1425 1699 ὄρος.
1500 1621 1856 1711 ’Ἀςχειον
1902 1621 2086 1685 πόλις
2134 1621 2400 1698 Ἀχαΐας.
2477 1621 2810 1700 Τήνειον
2867 1624 3053 1688 πόλις

467 1725 735 1802 Ἀχαΐας.
824 1724 1137 1803 Τίβειον
1193 1722 1395 1786 τόπος
1438 1721 1715 1800 Φρυγίας
1771 1720 1902 1785 άπὸ
1948 1721 2164 1800 Τιβίου
2207 1723 2396 1788 τινός.
2487 1722 2813 1789 (ύλειον
2868 1725 3056 1789 πόλις

465 1825 759 1903 Φρυγίας.
826 1825 895 1888 ἐν
941 1824 1078 1888 δυςὶ
1119 1811 1202 1887 λλ
1244 1826 1344 1887 καὶ
1389 1824 1480 1888 δι’
1524 1823 1685 1887 ἑνός.
1745 1823 2059 1902 γράφεται
2105 1824 2177 1887 δὲ
2220 1826 2323 1887 καὶ
2367 1824 2655 1890 (ύλαιον.
2731 1826 3054 1890 Φίνειον

464 1927 666 1991 τόπος
708 1929 826 1990 τοῦ
869 1925 1131 1990 Πόντου
1176 1925 1392 2004 κτίςμα
1433 1922 1697 1987 Φινέως.
1786 1922 2130 1988 Χάλκεία
2182 1925 2369 1990 πόλις
2413 1926 2657 2014 Λιβύης.
2747 1926 2786 1990 ὁ
2831 1927 3053 1991 πολυί-
3094 1940 3154 1992 15

465 2045 630 2106 ςτωρ
675 2028 745 2092 ἐν
790 2027 1075 2106 Λιβυκῶν
1120 2026 1340 2109 τρίτῳ,
1389 2027 1477 2090 ὡς
1520 2024 1968 2106 Δημοςθένης,
2024 2025 2078 2107 ᾧ
2137 2026 2544 2106 μεμφόμενος
2587 2028 2916 2107 Πολύβιος
2972 2029 3041 2092 ἐν

462 2135 555 2212 τῷ
601 2128 941 2211 δωδεκάτῳ
986 2127 1112 2192 ὧδε
1156 2127 1389 2206 γράφει
1436 2124 1703 2200 «ἀγνοεῖ
1747 2126 1818 2188 δε
1860 2127 2150 2205 μεγάλως
2195 2129 2297 2192 καὶ
2338 2129 2484 2205 περὶ
2522 2134 2654 2192 τῶν
2707 2129 3055 2205 χαλκείων·

466 2231 620 2295 οὐδὲ
672 2231 796 2308 γὰρ
851 2229 1035 2293 πόλις
1091 2227 1284 2310 ἐςτίν,
1340 2227 1506 2291 ἀλλὰ
1561 2229 2046 2304 χαλκουργεῖα».
2136 2228 2261 2292 ἔςτι
2319 2229 2422 2292 καὶ
2482 2229 2710 2306 Καρίας
2758 2229 3051 2295 Χάλκεια.

463 2332 833 2408 Ὄγκειον
891 2331 1130 2409 χωρίον
1177 2327 1512 2408 Ἀρκαδίας
1579 2326 1710 2391 ἀπὸ
1765 2327 2008 2403 Ὄγκου
2063 2329 2600 2394 δυναςτεύςαντος
2658 2331 2746 2394 ὡς
2800 2331 3055 2396 Παυςα-

465 2434 603 2497 νίας
657 2435 845 2509 δηλοῖ
902 2430 1119 2514 ὀγδόῳ
1176 2431 1260 2510 (ο.
1306 2428 1420 2507 25,
1466 2427 1553 2508 4).
1643 2428 2049 2492 Μούςειον
2104 2428 2305 2494 τόπος
2351 2431 2498 2507 περὶ
2551 2431 2667 2494 τὸν
2711 2430 3050 2510 Ὄλυμπον
3089 2443 3160 2494 20

465 2535 581 2597 τὸν
649 2532 719 2596 ἑν
778 2531 1163 2612 Μακεδονίᾳ.
1260 2528 1587 2608 Πολύβιος
1650 2535 2000 2613 τριακοςτῷ
2067 2530 2334 2613 ἑβδόμῳ.
2444 2530 2831 2609 Λύρκειον
2898 2532 3055 2612 ὄρος

464 2634 755 2711 Ἄργους.
846 2630 1243 2708 Καλλίμαχος
1286 2629 1526 2711 Ἑκάλῃ.
1614 2629 1669 2692 Ζ
1683 2629 1984 2694 οίτειον
2029 2631 2214 2694 πόλις
2258 2630 2599 2709 Ἀρκαδίας.
2687 2633 3050 2700 Παυςανίας

467 2736 524 2814 η’
568 2734 700 2818 (27,
747 2733 788 2796 3
833 2740 898 2794 et
941 2729 1057 2811 35,
1103 2729 1231 2811 27).
1321 2730 1569 2806 λε’γεται
1623 2730 1726 2794 καὶ
1773 2730 2046 2795 Ζοίτεια.
2127 2730 2258 2797 ἀπὸ
2303 2732 2603 2800 Ζοιτέως.
2680 2735 3052 2816 Ἄφνειον

466 2837 653 2900 πόλις
709 2834 987 2913 Φρυγίας
1040 2832 1308 2908 πληςίον
1358 2832 1620 2898 Κυζίκου
1673 2833 1713 2909 ἢ
1773 2832 2063 2911 Μιλήτου
2117 2833 2386 2899 πόλεως.
2473 2837 2512 2913 ἢ
2570 2835 2700 2900 ἀπὸ
2755 2837 3053 2916 Ἀφνειοῦ

465 2939 504 3016 ἢ
558 2936 689 3001 ἀπὸ
736 2934 1028 3013 Ἀφνείας
1084 2937 1307 2998 ναῖδος
1363 2933 1633 3011 νύμφης.
1722 2933 1848 2997 ἔςτι
1904 2935 2005 2998 καὶ
2047 2934 2277 2999 Λυδίας
2333 2936 2535 3001 πόλις.
2626 2939 3052 3018 Γάμβρειον
3090 2954 3155 3004 25

466 3038 653 3103 πόλις
707 3036 965 3101 Ἰωνίας.
1055 3033 1368 3113 γράφεται
1436 3035 1507 3098 δὲ
1574 3034 1678 3097 διὰ
1744 3034 2103 3113 διφθόγγου
2164 3036 2255 3101 ὡς
2310 3040 2498 3114 δηλοῖ
2550 3039 2626 3102 τὸ
2685 3042 2724 3103 Γ
2725 3043 3051 3120 αμβρήῑον.

464 3140 766 3205 Τίειον·
813 3137 1020 3202 οὕτως
1051 3135 1349 3214 (τράβων
1394 3134 1464 3199 ἐν
1509 3140 1600 3218 τῷ
1647 3134 1987 3218 δωδεκάτῳ
2028 3137 2121 3220 (p.
2152 3135 2305 3218 542)
2350 3138 2503 3203 Τίον
2546 3140 2736 3204 πόλιν
2778 3142 3051 3223 Παφλα-

465 3239 688 3317 γονίας
731 3243 847 3303 τοῦ
891 3238 1156 3302 Πόντου
1201 3236 1365 3315 φηςί.
1423 3236 1498 3301 τὸ
1544 3236 1614 3299 δὲ
1659 3236 1933 3300 Ἰςεῖον
1977 3237 2164 3301 πόλις
2192 3237 2516 3313 Αἰγύπτου
2546 3247 3049 3321 προπεριςπᾶται

469 3341 559 3405 ὡς
605 3341 879 3418 Ἰρεῖον
936 3339 1038 3400 καὶ
1084 3338 1513 3416 Νεμεςεῖον
1568 3337 1670 3400 καὶ
1725 3336 1841 3401 ὅςα
1896 3338 1976 3416 μὴ
2032 3341 2142 3414 τῆς
2197 3344 2449 3417 γενικῆς
2502 3342 2577 3405 τὸ
2626 3328 2663 3407 δ
2722 3343 3048 3422 ἐφύλαξαν

467 3444 830 3522 τεμενικῶν.
917 3442 1212 3503 τοιοῦτος
1254 3438 1377 3515 γὰρ
1422 3437 1460 3500 ὁ
1503 3437 1721 3501 τύπος.
2372 3458 2381 3467 ·
2584 3434 2589 3441 ’
3083 3457 3152 3512 30

636 3542 730 3604 Τὰ
776 3540 880 3603 διὰ
922 3543 1039 3602 τοῦ
1068 3541 1218 3602 ‘effi
1265 3539 1646 3618 τριςύλλαβα
1690 3539 1728 3600 V
1772 3539 1952 3622 μόνῳ
1983 3541 2478 3621 παραληγόμενα
2510 3548 3042 3624 προπαροξύνον-

464 3665 599 3726 ται,
644 3642 699 3707 εἰ
743 3642 783 3719 ἡ
827 3641 955 3718 πρὸ
999 3641 1228 3706 τέλους
1257 3642 1532 3720 ςυλλαβὴ
1578 3639 1667 3704 εἰς
1696 3643 1961 3720 φωνῆεν
1992 3641 2063 3705 ἓν
2111 3642 2327 3724 λήγοι,
2374 3642 2678 3729 ὄνειον,
2724 3646 3045 3714 κόνειον

466 3895 716 3961 (quorum
769 3901 1100 3959 postremum
1156 3892 1228 3943 ad
1284 3872 1607 3958 sequentorfi
1662 3909 1931 3944 canonem
1985 3897 2290 3961 reservavi)
2336 3913 2515 3963 neque
2574 3902 2716 3951 enim
2772 3902 3044 3966 dubitare,

467 3966 596 4027 quin
633 3963 721 4012 hic
767 3964 919 4013 locus
957 3961 1262 4010 Herodiani
1306 3962 1406 4024 sit,
1457 3964 1790 4027 comparatio
1836 3962 2177 4027 Theognosti
2222 3966 2370 4014 sinit.
2449 3963 2665 4028 Είγειον
2711 3970 2930 4034 explevi
2976 3988 3045 4020 ex

467 4030 546 4078 St.
592 4031 684 4086 Β.,
731 4027 967 4090 Λάγειον
1015 4030 1218 4092 sumpsi
1267 4044 1334 4077 ex
1379 4029 1624 4093 Theogn.
1675 4034 1732 4078 et
1775 4030 1842 4078 Ε.
1881 4031 1983 4092 Μ.,
2038 4029 2272 4082 Λύκειον
2319 4050 2386 4082 ex
2430 4034 2675 4100 Theogn.
2724 4042 2781 4085 et
2827 4038 2907 4087 St.
2959 4039 3041 4099 Β.,

470 4095 693 4147 Γύθειον
727 4111 898 4160 nsque
934 4095 1004 4145 ad
1041 4094 1271 4146 Νάξειον
1308 4112 1375 4146 ex
1406 4096 1760 4160 Theognosto
1799 4101 2052 4163 prompta
2090 4106 2144 4149 et
2181 4115 2248 4149 ex
2274 4099 2354 4149 St.
2384 4101 2443 4148 Β.
2482 4102 2707 4166 expleta
2745 4110 2870 4154 sunt
2903 4103 3046 4155 Λαύ-

464 4177 618 4227 ρειον
655 4179 723 4213 ex
758 4165 822 4215 Ε.
858 4163 931 4215 M:
968 4162 1317 4227 amplificato.
1386 4164 1493 4213 Pro
1531 4162 1792 4215 Φίττειον
1828 4180 1917 4227 ap.
1954 4165 2201 4229 Theogn.
2241 4168 2435 4231 scripsi
2471 4167 2713 4220 Φύτειον
2753 4187 2818 4219 ex
2856 4171 2931 4221 St.
2960 4173 3041 4236 Β.,

369 4242 386 4263 ⁸
465 4235 584 4281 eum
622 4247 727 4295 quo
763 4230 1039 4281 consentit
1075 4231 1138 4279 E.
1174 4230 1246 4278 M.
1283 4232 1400 4290 451,
1437 4232 1504 4280 45
1541 4229 1782 4282 Φύτειον
1829 4230 1993 4281 πόλις
2038 4229 2152 4282 ἀπὸ
2190 4232 2426 4285 Φυτέως
2470 4238 2572 4286 τοῦ
2621 4234 2913 4289 κτίςαντος
2948 4239 3051 4290 αὐ*

463 4298 585 4363 τήν.
621 4325 687 4334 -
727 4313 848 4348 oum
884 4298 984 4348 hoc
1022 4296 1504 4348 moretov.ibidem
1554 4297 1897 4362 componitur
1932 4296 2194 4362 Θήςειον,
2241 4302 2386 4365 quod
2431 4301 2813 4355 huiuscemodi
2849 4308 3046 4356 canoni

466 4367 784 4417 subiicitur:
822 4363 894 4416 τὰ
929 4364 1043 4416 ἀπὸ
1088 4366 1209 4414 τῶν
1258 4361 1333 4414 εἰς
1373 4368 1466 4416 {sse
1504 4363 1592 4414 διὰ
1637 4367 1740 4416 τοῦ
1785 4367 1906 4416 iffi
1940 4363 2207 4427 γινόμενα
2254 4371 2531 4434 μονογενῆ
2580 4374 3042 4436 προπεριςπᾶται,

466 4434 788 4495 βαλανεῖον,
838 4433 1074 4495 βαφεῖον
1122 4431 1273 4495 πλὴν
1317 4434 1421 4481 τοῦ
1461 4429 1674 4495 Θηςεύς
1711 4429 1948 4495 Θήςειον
1983 4433 2073 4483 καὶ
2117 4433 2186 4483 τὸ
2235 4433 2476 4487 Φύτειον
2512 4465 2576 4473 -
2613 4436 2809 4502 αὐτήν.
2881 4440 3045 4504 πρός-

347 4534 370 4556 .
464 4515 641 4553 κειται
672 4502 958 4564 μονογενῆ
996 4498 1084 4553 διὰ
1116 4499 1186 4549 τὸ
1225 4496 1474 4561 βαςιλεύς
1513 4496 1800 4561 βαςίλειον.
1872 4500 1984 4551 ἔςτι
2019 4499 2080 4550 δὲ
2116 4502 2365 4565 τριγενὲς
2401 4501 2526 4555 οἷον
2563 4503 2831 4567 βαςίΧειος
2869 4506 3050 4572 οἶκος,

466 4566 708 4631 βαςιλεία
742 4566 887 4632 χείρ,
926 4564 1201 4631 βαςίλειον
1237 4564 1457 4630 οἴκημα.
1529 4567 1763 4616 Nomina
1797 4566 1928 4616 indo
1965 4568 2034 4617 ab
2072 4566 2324 4631 ''Acxctov
2362 4571 2418 4633 (l.
2450 4572 2534 4637 12)
2572 4589 2744 4638 nsque
2780 4575 2851 4625 ad
2887 4574 3047 4625 finem

464 4643 591 4686 sunt
629 4652 696 4686 ex
733 4638 814 4686 St.
852 4638 942 4702 Β.,
993 4633 1224 4686 (ύλειον
1269 4634 1548 4699 expletum
1594 4639 1679 4685 est
1726 4649 1792 4684 ex
1827 4634 2085 4686 Eustath.
2132 4636 2204 4685 ad
2240 4638 2469 4702 Dionys.
2516 4642 2633 4692 815.
2836 4642 2857 4692 l
2892 4646 2955 4693 31
2994 4645 3047 4706 V,

466 4701 624 4769 μόνῳ
663 4701 1102 4767 παραληγόμενα
1139 4701 1329 4751 addidi
1364 4708 1589 4767 propter
1622 4702 1850 4752 canonis
1897 4704 2233 4753 sententiam
2273 4710 2328 4755 et
2364 4706 2611 4774 Theogn.
2654 4712 2767 4770 128,
2804 4713 2853 4761 4.
2902 4711 3045 4762 unde

2502 4857 2640 4925 24*

465 4770 630 4825 etiam
669 4767 731 4821 ἓν
769 4776 896 4838 post
931 4770 1166 4836 φωνῆεν
1201 4770 1427 4821 inserui.
