3664 5546
602 328 687 392 24
1543 327 1625 381 ΕΚ
1661 326 1802 380 ΤΩΝ
1844 326 2251 382 ΗΡΩΔΙΑΝΟΥ

604 502 1105 583 Οὐκαλέγων,
1135 502 1551 582 Πελάγων,
1581 499 2017 581 Ἁρπάγων,
2047 498 2455 583 προάγων,
2487 498 2908 576 (Ζαλάγγων
2943 500 3189 581 «μέςφα

604 602 1029 681 (αλάγγωνος
1071 607 1404 683 ποταμοῦ»
1453 598 1788 688 (Apollon.
1835 599 2050 665 Rhod.
2098 600 2195 665 IV
2240 601 2431 684 334),
2490 602 2838 685 Ἐρίγων,
2891 601 3187 681 ἀρίγων

603 699 778 770 εἶδος
800 695 1113 785 ’δόρατος
1183 704 1472 773 ὀξύνεται
1517 707 1587 769 δὲ
1631 704 1710 768 τὰ
1757 703 1862 769 διὰ
1905 708 2022 768 τοῦ
2068 707 2105 768 ὃ
2153 704 2526 787 κλινόμενα,
2571 703 2626 768 εἰ
2670 707 2751 784 μὴ
2798 703 2927 769 ἀπὸ
2974 704 3187 770 ςυνθέ-

602 830 718 872 του
779 811 895 872 τοῦ
961 808 1047 873 εἰς
1106 812 1179 873 'oc‘
1234 807 1590 887 παρώνυμα
1646 806 1922 885 ὑπάρχοι
1981 805 2126 894 οἷον
2183 806 2639 886 Παφλαγών
2694 807 3189 885 Λαιςτρυγών

543 919 575 967 5
609 910 1067 975 «παλαιότατοι
1113 912 1227 990 μὲν
1275 910 1569 985 λέγονται
1616 909 1687 972 ἐν
1733 910 1904 990 μέρει
1950 910 2071 973 τινὶ
2112 911 2225 986 τῆς
2266 908 2479 987 χώρας
2522 907 2691 989 (ἤτοι
2722 908 3026 990 (ικελίας)
3075 910 3190 973 Κύ-

603 1015 853 1076 κλωπες
907 1014 1009 1076 καὶ
1062 1012 1518 1091 Λαιςτρυγόνες
1574 1011 1873 1089 οἰκῆςαι».
1975 1009 2368 1089 Θουκιδύδης
2423 1009 2568 1094 ἕκτῃ
2627 1010 2711 1093 (c.
2767 1008 2873 1095 2),
2928 1011 3189 1089 Πηλα-

602 1115 759 1191 γών
826 1113 864 1178 δ
933 1115 1205 1193 οἰκήτωρ
1262 1118 1371 1193 τῆς
1425 1113 1840 1192 Πηλαγονίας
1909 1113 2353 1191 «Πηλαγόνων
2421 1112 2737 1192 ἐλατῆρα»
2799 1112 3193 1193 Καλλίμαχος

605 1213 883 1302 (Hymn.
930 1216 1001 1279 in
1042 1215 1186 1280 Iov,
1232 1235 1297 1277 v,
1339 1215 1430 1300 3).
1507 1216 1632 1280 ἔετι
1680 1217 1750 1279 δὲ
1795 1217 1899 1279 καὶ
1941 1214 2149 1295 ὄνομα
2194 1215 2415 1292 κύριον
2463 1215 2579 1279 «ὃς
2621 1215 2760 1280 τέκε
2803 1216 3187 1295 Πηλεγόνα»

605 1315 710 1401 (11.
759 1317 815 1381 Φ
865 1317 1037 1402 159).
1112 1319 1281 1383 ἔοικε
1326 1318 1397 1382 δὲ
1440 1318 1789 1398 γράφεςθαι
1838 1318 1913 1382 τὸ
1959 1316 2168 1397 ὄνομα
2211 1316 2463 1382 ἑθνικὸν
2508 1318 2667 1381 κατὰ
2720 1320 2835 1397 τὴν
2888 1319 3192 1398 δευτέραν

505 1424 569 1476 10
604 1422 922 1501 ςυλλαβὴν
966 1420 1069 1485 διὰ
1098 1424 1242 1485 τοῦ·
1262 1424 1332 1503 ᾶ,
1378 1420 1453 1486 τὸ
1487 1421 1557 1484 δὲ
1587 1423 1703 1484 τοῦ
1735 1420 1948 1498 ἥρωος
1981 1419 2084 1483 διὰ
2115 1421 2231 1483 τοῦ
2262 1422 2310 1483 ἒ.
2379 1418 2724 1503 ἀρηγών,
2773 1420 2940 1497 λέγω
2987 1422 3057 1487 δὲ
3088 1421 3194 1486 ἐπὶ

603 1527 720 1588 τοῦ
766 1524 1091 1603 ςυμμάχου
1136 1522 1479 1602 ἀρςενικῶς
1512 1521 1872 1601 «ἀρηγόνος
1902 1521 2303 1603 ἡμετέροιο»,
2345 1521 2514 1599 πλὴν
2545 1525 2662 1586 τοῦ
2694 1523 3193 1600 καταπύγων·
3239 1583 3246 1590 .

604 1626 683 1690 τὰ
725 1625 1024 1710 γὰράπὸ
1070 1625 1388 1690 ςυνθέτων
1433 1625 1521 1689 εἰς
1568 1629 1642 1689 οἳ
1686 1624 2097 1703 παραχθέντα
2138 1622 2297 1687 κατὰ
2340 1625 2457 1687 τοῦ
2489 1623 2690 1687 αὐτοῦ
2722 1625 3190 1704 ςημαινομένου

607 1728 978 1811 βαρύνεται,
1023 1726 1286 1805 ἄπειρος
1317 1727 1622 1808 ἀπείρων,
1668 1725 1937 1805 ἄναιμος
1967 1725 2276 1809 ἀναίμων,
2323 1723 2562 1804 ἄκυμος
2594 1724 2877 1809 ἀκύμων,
2923 1727 3195 1808 ἔγκυμος

607 1831 934 1914 ἐγκύμων,
980 1829 1256 1909 ἄςχημος
1296 1829 1610 1909 ἀςχήμων.
2407 1906 2416 1914 ,

509 1933 570 1985 15
775 1933 869 1998 Τὰ
925 1931 1013 1997 εἰς
1050 1919 1191 1996 {ti-ff:
1237 1933 1579 2012 διςύλλαβα
1623 1931 1912 1998 ὀξύνεται
1959 1931 2059 1994 καὶ
2106 1930 2470 2011 βαρύνεται’
2517 1930 2854 2010 βαρύνεται
2899 1932 3035 2015 μέν,
3082 1932 3198 1999 ὅςα

608 2034 772 2099 ἐςτὶν
831 2035 935 2098 διὰ
989 2039 1106 2099 τοῦ
1161 2054 1236 2099 ντ
1292 2035 1632 2114 κλινόμενα
1690 2033 1791 2096 καὶ
1848 2033 2259 2113 φυλάττοντα
2311 2033 2387 2097 τὸ
2435 2035 2491 2093 [u-
2536 2032 2693 2096 κατὰ
2747 2034 2864 2111 τὴν
2919 2036 3197 2119 γενικήν,

610 2137 803 2215 χωρὶς
857 2141 988 2201 τῶν
1045 2137 1609 2216 ςυνεμπιπτόντων
1667 2135 1853 2199 πόλει
1911 2132 2055 2199 οἷον
2114 2135 2418 2217 κώδων,
2465 2132 2811 2217 Φαίδων,
2859 2135 3197 2221 Φείδων,

611 2239 956 2322 Μείδων,
1004 2237 1340 2322 κλύδων,
1384 2233 1742 2320 κνώδων,
1788 2237 2060 2301 Λάδων
2105 2239 2313 2316 πατὴρ
2344 2237 2598 2317 νύμφης
2627 2236 3026 2320 Τελφούςης,
3072 2239 3198 2304 ἔςτι

610 2341 680 2405 δὲ
736 2341 838 2404 καὶ
903 2339 1112 2420 ὄνομα
1178 2344 1502 2422 ποταμοῦ,
1570 2340 1836 2403 Νέδων
1893 2340 2181 2419 ποταμὸς
2237 2340 2339 2403 καὶ
2392 2340 2594 2403 τόπος
2648 2343 2759 2418 τῆς
2813 2340 3198 2424 Λακωνικῆς,

507 2444 575 2496 ‘20
615 2441 879 2506 Κύδων
934 2441 972 2506 δ
1028 2441 1436 2508 Ἀπόλλωνος
1492 2442 1594 2505 καὶ
1641 2441 2086 2505 Ἀκακαλλίδος
2141 2444 2253 2519 τῆς
2304 2442 2488 2506 Μίνω
2545 2442 2893 2525 θυγατρός,
2948 2441 3073 2524 ἀφ’
3119 2443 3198 2509 οὗ

612 2544 930 2626 Κυδωνία,
977 2546 1079 2608 καὶ
1123 2544 1160 2608 ὁ
1204 2544 1467 2623 πολίτης
1512 2543 1896 2623 ὁμοφώνως.
1967 2542 2302 2609 Μύνδων
2350 2543 2540 2609 ἔθνος
2584 2544 2831 2624 Λιβύης.
2918 2545 3200 2626 Ἔφορος

609 2645 867 2728 εἰκοςτῷ
913 2645 1131 2730 ὀγδόῳ
1179 2646 1605 2728 «Μύνδωνες,
1662 2644 1850 2724 οἵπερ
1896 2645 2374 2725 εὐγνωμότατοι
2431 2651 2727 2712 δοκοῦςιν
2784 2645 2951 2711 εἶναι
2996 2651 3197 2713 πλου-

610 2739 901 2814 ςιώτατοι
956 2749 1071 2815 τὸν
1129 2749 1328 2830 βίον».
1429 2748 1746 2814 (ἀνδων
1801 2748 2025 2828 κύριον
2081 2750 2182 2814 καὶ
2236 2749 2425 2814 πόλις
2480 2749 2795 2829 Ἰλλυρίας.
2897 2751 3198 2816 Δώδων

610 2852 899 2932 ποταμὸς
954 2852 1285 2934 Ἠπείρου,
1354 2852 1665 2935 Μέδων,
1723 2850 2068 2935 ςπάδων,
2139 2852 2436 2934 Κόδων,
2497 2852 2822 2935 χλίδων,
2880 2851 3094 2918 οὕτως’
3130 2854 3201 2919 δὲ

615 2992 762 2999 ——a—

612 3072 869 3139 ἀρηγών,
918 3073 1069 3137 λέγω
1114 3073 1175 3125 δὲ
1221 3072 1314 3125 ἐπὶ
1361 3076 1464 3124 τοῦ
1513 3071 1798 3137 ςυμμάχου
1845 3072 2149 3137 ἀρςενικῶς
2196 3072 2517 3138 «ἀρηγόνος
2563 3070 2906 3138 ἡμετέροιο»
2953 3075 3203 3142 („ignoti

611 3148 815 3262 {30²1ssss
828 3141 1021 3272 ἶεξῖὶἷῖἶ
1027 3180 1040 3193 ·
1065 3140 2146 3273 335..35:2²..¹*.{5.1¹¹÷i.{;¹2.2³332³m‡331
2189 3157 2311 3260 ἰῗῗ
2332 3143 2727 3273 ffissl'ssssssiz'k,
2746 3142 3074 3263 ⁰351‘ss'05133V
3098 3144 3212 3263 <532-

611 3277 742 3329 τέκε
779 3226 1128 3343 Ῐῃῐηλεγόνα»
1167 3276 1245 3341 (ν.
1283 3279 1422 3335 159).
1495 3276 1566 3328 τὰ
1601 3275 1664 3327 δέ
1707 3275 1898 3327 ἄλλως
1945 3246 2208 3328 κλιθέιῖτα
2244 3275 2568 3342 βαρύνεται,
2609 3276 2980 3343 Οὐκαλέγων,
3018 3228 3201 3332 ''neia-

612 3361 734 3408 γων
779 3348 853 3406 (e.
893 3363 943 3411 g.
981 3345 1032 3396 Δ
1069 3344 1217 3407 295),
1264 3343 1575 3406 Εαλάγγων
1619 3344 1846 3408 «μέςφα
1893 3342 2269 3407 Εαλαγγῶνος
2316 3348 2617 3407 ποταμοῦ»
2666 3345 2866 3413 (Apoll.
2912 3347 3087 3399 Rhod.
3126 3349 3201 3399 1v

615 3417 736 3471 337,
769 3428 879 3464 non
917 3413 1268 3474 Callimachi,
1305 3419 1369 3463 ut
1405 3414 1662 3478 opinatur
1685 3414 1856 3465 Mein.
1895 3412 1930 3462 1.
1956 3414 2043 3474 c.).
2112 3412 2182 3464 τὸ
2219 3412 2281 3464 δὲ
2305 3413 2653 3476 καταπύγων
2690 3414 3075 3480 βαρυνόμενον
3112 3416 3201 3468 καὶ

613 3480 702 3532 διὰ
747 3482 849 3530 τοῦ
897 3486 929 3529 ’ὅ
977 3478 1166 3531 κλιθὲν
1212 3480 1366 3543 εἶχεν
1410 3478 1674 3544 ἀφορμὴν
1720 3479 1790 3531 τὸ
1837 3479 2184 3545 παρώνυμον
2232 3480 2378 3533 εἶναι
2422 3484 2525 3533 τοῦ
2574 3481 2923 3547 κατάπυγος,
2972 3482 3051 3535 ὡς
3096 3488 3200 3536 τοῦ

613 3547 843 3613 ἄπειρος
889 3548 958 3598 τὸ
1006 3546 1273 3613 ἀπείρων.
1344 3549 1428 3598 Ad
1475 3565 1634 3614 quem
1680 3548 1857 3599 locum
1900 3549 2166 3601 Lehrsius
2214 3549 2471 3601 adnotat:
2519 3567 2729 3615 „quum
2776 3551 2913 3602 dicit
2958 3550 3052 3604 ἐπὶ
3097 3555 3201 3604 τοῦ

615 3613 900 3680 ςυμμάχου
936 3614 1239 3680 ἀρςενικῶς
1277 3622 1497 3682 praeter
1534 3618 1857 3667 femininum
1892 3618 2052 3667 simul
2098 3617 2291 3682 opinor
2329 3618 2393 3669 de
2434 3619 2650 3684 proprio
2697 3621 2908 3683 cogitat
2947 3619 3205 3685 Ἀρήγων

619 3682 959 3748 Ἀρήγοντος
1005 3684 1188 3738 Strab.
1227 3686 1361 3736 vm
1396 3702 1447 3750 p.
1484 3686 1641 3735 343.“
1806 3685 1839 3736 l.
1882 3689 1906 3735 1
1948 3683 2320 3749 Οὐκαλέγων,
2358 3685 2641 3749 Πελάγων
2675 3687 2784 3738 iam
2824 3689 3085 3739 Schmidt.
3123 3706 3205 3739 re-

615 3754 800 3803 stituit
843 3769 939 3819 pro
975 3751 1191 3815 έλέγων
1227 3751 1422 3815 λάγων
1460 3750 1676 3817 (ἀάγων
1713 3755 1784 3818 Β,
1824 3751 2050 3815 εὐάγων
2094 3755 2185 3806 vel
2223 3752 2444 3817 ἐνάγων
2481 3755 2577 3819 A),
2615 3756 2749 3805 item
2792 3762 2958 3822 atque
2996 3750 3205 3820 Εαλάγ-

616 3834 737 3883 γων
775 3836 872 3885 pro
910 3819 1183 3883 (αλάγων
1218 3827 1344 3887 post
1381 3822 1516 3872 Lob.
1554 3822 1624 3871 ad
1660 3822 1744 3871 Ai.
1779 3838 1834 3887 p.
1862 3824 1976 3872 166.
2024 3821 2326 3886 Ἀρπάγων
2363 3824 2600 3875 accessit
2638 3840 2704 3874 ex
2739 3824 2984 3890 Theogn.
3022 3830 3105 3889 31,
3145 3828 3205 3875 16

618 3896 675 3939 et
713 3889 906 3942 Choer.
947 3892 1029 3952 75,
1069 3893 1123 3951 13
1163 3891 1333 3941 verba
1373 3888 1647 3956 Apollonii
1684 3889 1752 3940 ad
1789 3888 2098 3951 (αλάγγων
2137 3891 2331 3941 addidi
2368 3908 2436 3943 ex
2471 3891 2537 3944 11.
2577 3891 2686 3954 Pr„
2724 3889 2936 3955 ἀρίγων
2974 3896 3205 3959 apposui

620 3974 688 4007 ex
723 3956 969 4022 Theogn.
1019 3964 1076 4010 et
1112 3956 1309 4009 Choer.
1347 3959 1395 4007 6.
1466 3956 1826 4023 Λαιςτρυγών
1874 3958 2091 4022 explevi
2135 3960 2376 4025 vestigia
2421 3958 2689 4025 Stephani
2732 3976 3008 4025 premens;
3058 3962 3206 4027 apud

620 4041 780 4090 quem
818 4027 1036 4089 πρῶτοι
1073 4025 1213 4089 μετὰ
1252 4024 1585 4078 Κυκλώπων
1624 4027 1849 4091 ᾤκηςαν
1887 4024 2154 4078 (ικελίαν.
2226 4025 2569 4091 Θουκυδίδης
2607 4026 2759 4093 ἕκτῃ.
2948 4029 2984 4081 l.
3020 4031 3051 4078 6
3088 4029 3206 4096 Πη-

620 4091 814 4156 λαγών
861 4111 929 4144 ex
965 4096 1045 4143 St.
1085 4097 1148 4144 B.
1185 4097 1310 4155 520,
1355 4097 1414 4145 17
1454 4094 1635 4145 adieci
1680 4095 1884 4145 collato
1928 4096 1995 4145 11.
2033 4095 2188 4146 Pros.
2227 4095 2262 4149 l.
2300 4114 2372 4159 e.,
2421 4094 2566 4145 unde
2614 4095 2968 4160 Callimachi,
3017 4100 3105 4148 cui
3150 4099 3206 4148 in

618 4163 684 4211 E.
723 4164 794 4212 M.
834 4164 950 4225 669,
990 4166 1050 4212 51
1094 4161 1298 4213 diserte
1337 4163 1722 4228 assignantur,
1761 4170 1819 4213 et
1856 4164 2146 4214 Homerica
2182 4166 2352 4215 verba
2401 4164 2729 4230 deprompsi.
2933 4166 2968 4215 l.
3008 4168 3072 4215 10
3107 4182 3206 4230 pro

619 4228 851 4294 ἀρηγών
887 4227 920 4280 ό
957 4229 1239 4293 ςύμμαχος
1277 4232 1498 4282 exhibui
1538 4231 1704 4282 verba
1740 4231 1947 4282 Iliacae
1984 4233 2140 4282 PrOS.
2348 4232 2381 4282 l.
2424 4235 2483 4281 13
2527 4248 2626 4297 pro
2662 4230 2904 4294 ἀγκύλος
2940 4232 3207 4295 ἀγκύλων

620 4297 964 4349 scribendum
1001 4315 1121 4349 esse
1160 4297 1368 4363 ἅκυμος
1404 4297 1639 4363 ἀκύμων
1680 4300 1817 4351 vidit
1853 4300 1965 4350 iam
2000 4301 2133 4352 Lob.
2161 4300 2231 4350 ad
2261 4300 2344 4349 Αἱ.
2379 4317 2428 4366 p.
2460 4302 2572 4363 173,
2609 4299 2646 4348 l.
2673 4303 2734 4351 13
2761 4306 2816 4351 et
2843 4302 2904 4351 14
2943 4300 3206 4364 ἐγκύμων

622 4383 687 4417 ex
724 4367 973 4431 Theogn.
1010 4372 1067 4417 et
1104 4367 1325 4431 Choer„
1362 4366 1630 4431 ἀςχήμων
1668 4385 1735 4418 ex
1771 4367 2016 4433 Theogn.
2055 4368 2260 4418 addidi.
2398 4368 2432 4417 l.
2473 4368 2535 4417 18
2579 4365 2810 4419 Μείδων
2856 4370 3093 4422 accessit
3139 4387 3207 4421 ex

622 4435 818 4485 Choer.
856 4436 937 4498 75,
979 4438 1058 4497 13,
1097 4434 1299 4488 Λάδων
1337 4454 1403 4486 ex
1441 4440 1521 4490 St.
1561 4438 1624 4490 B.
1661 4440 1777 4499 613,
1820 4439 1880 4486 11
1921 4442 1978 4486 et
2015 4436 2212 4489 Choer.
2252 4438 2333 4499 75,
2375 4438 2464 4497 15,
2519 4434 2714 4487 Νέδων
2762 4453 2827 4487 ex
2867 4438 2950 4488 St.
2986 4441 3049 4489 B.
3086 4441 3204 4503 471,

624 4507 685 4554 15
724 4509 781 4554 et
817 4504 1013 4554 Choer.
1053 4506 1142 4566 75,
1185 4506 1275 4566 17,
1317 4503 1514 4556 Κύδων
1552 4506 1635 4556 St.
1669 4507 1732 4555 B.
1771 4508 1889 4566 390,
1927 4506 1986 4566 8,
2036 4521 2102 4555 ex
2146 4520 2254 4570 quo
2289 4503 2557 4554 vocabulo
2603 4520 2690 4568 ap.
2726 4505 2971 4570 Theogn.
3010 4508 3102 4570 31,
3140 4511 3207 4558 29

622 4571 820 4622 πόδων
866 4568 1129 4623 πόδωνος
1175 4578 1488 4637 corruptum
1533 4572 1778 4633 videtur,
1825 4571 2077 4624 Μύνδων
2124 4574 2203 4626 St.
2252 4573 2316 4622 Β.
2364 4573 2491 4635 462,
2528 4573 2586 4634 6,
2634 4570 2865 4623 Εάνδων
2913 4589 2979 4622 ex
3026 4574 3108 4624 St.
3144 4577 3207 4627 B.

619 4643 738 4703 554,
778 4643 858 4702 13,
896 4638 1088 4705 κύριον
1124 4642 1243 4707 ipse
1280 4646 1504 4706 propter
1539 4657 1806 4691 canonem
1841 4640 2033 4690 addidi
2069 4658 2134 4691 ex
2173 4640 2355 4691 Strab.
2399 4643 2458 4689 14
2494 4656 2546 4704 p.
2573 4642 2689 4690 674.
2757 4639 2982 4692 Δώδων
3019 4658 3085 4691 ex
3124 4644 3205 4694 St.

619 4709 682 4758 B.
720 4710 845 4765 247,
887 4710 950 4758 13
995 4709 1115 4759 ubi:
1164 4706 1313 4760 εἰκὸς
1358 4706 1473 4759 ἀπὸ
1519 4708 1809 4761 Δώδωνος
1857 4708 2259 4771 ποταμοθ·(εο.
2296 4705 2609 4773 Δωδώνη),
2656 4706 2723 4758 ὃν
2769 4706 3135 4772 παρατίθεται
3173 4709 3206 4762 ό

619 4774 875 4840 τεχνικὸς
914 4774 976 4826 έν
1011 4780 1096 4841 τῷ
1123 4769 1174 4827 α’
1209 4790 1244 4827 τ
1286 4790 1312 4827 ς
1339 4776 1585 4828 καθόλου
1611 4775 1798 4839 λέγων
1823 4776 2011 4828 οὕτως
2048 4774 2312 4828 «Δώδων
2342 4775 2597 4840 ποταμὸς
2627 4774 2947 4842 Ἠπείρου».
2996 4777 3206 4830 Μέδων

622 4861 688 4896 ex
727 4845 922 4897 Choer.
948 4846 1031 4908 75,
1058 4848 1142 4909 21,
1181 4859 1252 4897 ςπ
1293 4844 1410 4896 δων
1448 4860 1514 4897 ex
1550 4846 1814 4912 Theogn.‚
1856 4845 1923 4896 de
1959 4845 2061 4895 hoe
2097 4845 2233 4898 Lob.
2272 4844 2341 4895 ad
2377 4846 2463 4898 Αἱ.
2506 4846 2599 4898 169
2640 4851 2750 4899 not.
2790 4848 2876 4897 14:
2916 4844 3146 4899 (πάδων
3171 4846 3203 4899 ὁ
