3664 5546
340 396 350 406 '
536 374 668 440 398
1221 407 1236 415 ,
1467 375 1549 430 ΕΚ
1586 375 1726 428 ΤΩΝ
1768 374 2178 429 ΗΡΩΔΙΑΝΟΥ

538 544 682 622 (ήρ
726 544 914 608 ἔθνος
958 543 1249 625 Ἰνδικόν,
1307 543 1457 607 ὅθεν
1504 545 1722 622 ςηρικὰ
1776 544 1858 606 τὰ
1900 545 2223 620 πολυτελῆ
2275 542 2501 623 ἱμάτια.
2590 543 2793 621 Τρήρ
2839 544 3121 624 Θρᾴκιον

536 645 741 710 ἔθνος.
799 645 1078 719 -λέγεται
1133 646 1234 708 καὶ
1298 645 1723 725 τριςυλλάβως
1791 645 1965 721 παρὰ
2024 644 2313 726 Καλλίνῳ
2368 650 2460 726 τῷ
2515 647 2748 725 ποιητῇ
2808 642 3123 720 «Τρήρεας

536 745 773 824 ἄνδρας
831 744 1068 820 ἄγων».
1158 746 1547 824 Θεόπομπος
1612 747 1867 823 Θρᾶρας
1935 744 2173 808 αὐτοὺς
2234 748 2427 808 καλεῖ.
2516 744 2848 822 Ἀρριανὸς
2914 744 2985 807 δὲ
3051 742 3122 807 ἐν

539 847 933 910 Βιθυνιακοῖς
966 846 1253 924 Τρίηρας.
1299 846 1468 928 θήρ,
1502 848 1657 926 φήρ
1694 846 1731 909 ὁ
1766 846 2115 923 κένταυρος
2152 847 2423 926 «φηρςὶν
2454 845 2827 928 ὀρεςκῴοις»
2859 845 2937 927 (Α
2966 843 3122 924 268)

475 957 507 1007 5
540 947 638 1011 καὶ
695 948 831 1025 κήρ
887 947 964 1010 τὸ
1017 949 1295 1025 θηλυκὸν
1349 948 1388 1024 ἡ
1445 947 1899 1027 θανατηφόρος
1965 950 2159 1026 μοῖρα
2225 947 2572 1025 «μάρτυροι
2628 947 2742 1010 οὓς
2798 947 2879 1024 μὴ
2936 948 3123 1022 κῆρες

537 1049 689 1128 ἔβαν
735 1048 1040 1113 θανάτοιο
1087 1048 1438 1128 φέρουςαι»
1497 1050 1575 1129 (Β
1618 1047 1771 1128 302)
1815 1048 1918 1111 καὶ
1974 1049 2133 1111 κατὰ
2176 1050 2510 1126 ποιητικὴν
2556 1048 2862 1124 ςυςτολὴν
2918 1050 3036 1110 τοῦ
3080 1049 3119 1123 ἦ

535 1147 623 1213 εἰς
667 1151 709 1210 ἃ
754 1149 906 1212 «τίω
953 1149 1023 1212 δέ
1068 1170 1170 1227 μιν
1216 1149 1285 1213 ἐν
1330 1150 1525 1227 καρὸς
1569 1148 1751 1232 αἴςῃ»
1798 1150 1844 1230 (Ι
1892 1147 2076 1230 378),
2121 1148 2215 1227 ἤρ
2268 1148 2372 1212 ἐπὶ
2414 1152 2524 1225 τῆς
2570 1148 2960 1226 ἐπικουρίας·
3018 1149 3123 1211 καὶ

536 1248 826 1317 ὀξύνεται
881 1250 921 1326 ἡ
975 1251 1190 1328 γενικὴ
1244 1250 1399 1328 ήρός
1453 1252 1560 1314 καὶ
1613 1250 1652 1327 ἡ
1697 1250 2001 1327 αἰτιατικὴ
2069 1249 2193 1326 ἦρα
2256 1251 2358 1313 καὶ
2414 1250 2484 1315 ἐν
2541 1249 2820 1314 ςυνθὲςει
2876 1249 3117 1328 ἐπίηρα

539 1351 676 1430 βήρ
721 1352 799 1417 τὸ
843 1351 1052 1430 φρέαρ
1097 1352 1273 1428 παρὰ
1314 1351 1570 1418 Φοίνιξι.
1615 1387 1702 1397 -—
1745 1351 1841 1416 Τὰ
1884 1350 1973 1414 εἰς
2018 1353 2112 1427 {ff}
2160 1352 2444 1427 λήγοντα
2488 1351 2938 1431 μονοςύλλαβα
2979 1351 3121 1429 τρία

435 1463 503 1515 10
537 1452 702 1530 μόνα
746 1451 928 1531 εἰςίν,
973 1453 1045 1515 ἓν
1092 1454 1216 1530 μὲν,
1251 1454 1529 1530 θηλυκὸν
1574 1453 1648 1516 τὸ
1695 1453 1896 1533 χείρ,
1944 1451 2062 1515 δύο
2110 1453 2182 1515 δὲ
2211 1450 2507 1531 ἀρςενικὰ
2551 1454 2627 1516 τὸ
2673 1450 2830 1530 Εἴρ·
2876 1452 3001 1516 ἔςτι
3049 1454 3121 1516 δὲ

537 1551 745 1630 ὄνομα
786 1556 1112 1632 ποταμοῦ,
1159 1551 1238 1616 οὗ
1283 1554 1584 1633 μέμνηται
1629 1552 2087 1631 Ἀρτεμίδωρος
2133 1553 2203 1618 ἐν
2246 1554 2855 1633 Γεωγραφουμένοις
2898 1555 3002 1617 καὶ
3042 1555 3119 1616 τὸ

536 1654 783 1732 φθείρ.
851 1655 928 1718 τὸ
973 1655 1046 1717 δὲ
1085 1652 1223 1718 Φθί
1238 1673 1274 1730 ρ
1319 1655 1358 1717 ὁ
1403 1653 1541 1719 υἱὸς
1571 1659 1689 1718 τοῦ
1721 1653 2144 1732 Ἐνδυμίωνος
2188 1656 2293 1718 διὰ
2335 1659 2451 1718 τοῦ
2481 1657 2515 1717 ἶ
2556 1655 2900 1735 γράφεται,
2945 1654 3120 1731 παρὰ

537 1757 608 1818 δὲ
651 1758 846 1817 τοῦτο·
889 1755 966 1818 τὸ
1011 1754 1167 1833 ὄρος
1215 1756 1443 1833 Καρίας
1487 1757 1590 1819 καὶ
1633 1755 1695 1819 οἱ
1739 1759 2185 1819 κατοικοῦντες
2228 1755 2459 1833 Φθῑρες
2498 1781 2537 1844 θ<<
2553 1741 2809 1833 Φθιρῶν
2853 1755 2919 1817 τ’
2964 1753 3122 1832 ὄρος

536 1854 1052 1935 ἀκριτόφυλλον»
1099 1857 1177 1936 (Β
1222 1853 1391 1937 868).
1481 1856 1718 1935 ὁμοίως
1762 1858 1866 1921 καὶ
1907 1855 1982 1919 τὸ
2029 1854 2154 1935 (ip
2204 1857 2394 1921 ἔθνος
2440 1858 2693 1938 Θρᾴκης
2747 1856 2910 1934 ὑπὲρ
2966 1857 3120 1919 τοὺς

440 1969 503 2018 15
540 1958 936 2023 Βυζαντίους.
977 1991 1066 2003 -
1107 1957 1277 2036 φώρ
1324 1957 1362 2021 ὁ
1406 1957 1707 2040 κλέπτης,
1755 1958 1925 2034 Νώρ
1970 1955 2179 2037 ὄνομα
2222 1957 2465 2022 ἔθνους.
2557 1957 2735 2035 Εώρ.
2780 1959 2855 2021 τὸ
2901 1958 2973 2020 δὲ
3018 1955 3121 2034 ὦρ

538 2061 938 2136 περιςπᾶται·
995 2057 1120 2121 ἔςτι
1165 2058 1237 2121 δὲ
1282 2059 1485 2137 μόνον
1531 2062 1809 2137 θηλυκὸν
1855 2060 1943 2124 εἰς
1988 2061 2083 2138 ῖυᾞ
2127 2059 2196 2123 ἐκ
2238 2061 2354 2124 τοῦ
2398 2057 2520 2135 ὄαρ
2564 2059 2919 2137 γενόμενον
2964 2059 3120 2122 κατὰ

539 2163 754 2237 κρᾶςιν
795 2162 914 2222 τοῦ
957 2161 997 2221 ’ὁ
1041 2160 1144 2223 καὶ
1197 2162 1238 2221 ἃ
1293 2161 1381 2224 εἰς
1426 2165 1479 2224 ι’ῑι
1540 2162 1751 2240 ὥςπερ
1794 2163 2128 2239 κρείττονα
2182 2160 2469 2237 κρείττω·
2525 2160 2565 2236 ἡ
2623 2161 2694 2222 δὲ
2738 2159 2959 2224 εὐθεῖα
2997 2158 3119 2236 οὐχ

539 2259 824 2342 εὕρηται,
869 2258 1359 2339 ἀναπλάττομεν
1405 2264 1475 2326 δὲ
1506 2262 1706 2340 αὐτὴν
1738 2262 1871 2328 ἀπὸ
1900 2268 2017 2327 τοῦ
2052 2262 2409 2342 «ἀμύνεμεν
2441 2260 2708 2339 ὤρεςιν»
2740 2257 2844 2341 (ΙΙ.
2876 2261 2920 2323 Ε
2947 2259 3118 2338 486).

671 2515 708 2565 1.
750 2519 777 2564 1
827 2512 939 2578 Εὴρ
986 2515 1210 2580 explevi
1253 2531 1321 2564 ex
1366 2513 1448 2568 St.
1484 2517 1573 2578 B.‚
1618 2516 1764 2566 unde
1809 2533 1901 2581 ap.
1938 2517 2186 2582 Theogn.
2225 2519 2346 2579 133,
2384 2518 2449 2566 22
2496 2513 2752 2580 Μηδικόν
2798 2516 2856 2564 in
2893 2512 3119 2565 Ἰνδικόν

538 2583 856 2632 mutandum
891 2587 992 2643 est,
1031 2589 1086 2633 et
1124 2583 1319 2636 Choer.
1357 2583 1440 2643 85,
1478 2584 1525 2631 5.
1595 2582 1750 2648 Τρήρ
1786 2584 1981 2634 addidi
2017 2601 2084 2635 ex
2121 2584 2368 2648 Theogn.
2405 2583 2440 2632 1.
2477 2599 2520 2632 c.
2560 2590 2617 2633 et
2653 2583 2734 2633 St.
2770 2584 2863 2646 13.,
2900 2581 3018 2645 φήρ
3052 2597 3119 2631 ex

540 2651 733 2703 Choer.
771 2651 856 2712 85,
892 2653 944 2698 2.
977 2676 1039 2685 -
1081 2648 1150 2713 κή
1223 2650 1441 2715 explevi
1476 2665 1544 2699 ex
1582 2651 1777 2702 Choer.
1814 2654 1897 2714 85,
1939 2654 2026 2703 10·
2075 2651 2147 2715 ἦρ
2192 2651 2383 2700 addidi
2422 2666 2489 2700 ex
2523 2651 2782 2718 Eustath.
2825 2653 2948 2712 152,
2984 2652 3047 2699 32
3084 2649 3117 2699 ὁ

540 2716 731 2780 μέντοι
768 2715 1108 2782 Ἡρωδιανὸς
1144 2664 1531 2781 ἕπλούςτερον
1569 2716 1843 2783 παράγων
1887 2688 2027 2784 φης(
2058 2720 2179 2772 κτλ.
2252 2718 2431 2768 Schol.
2470 2717 2515 2765 A
2551 2718 2622 2768 ad
2657 2718 2725 2771 11.
2764 2715 2807 2768 Α
2845 2718 2971 2780 572,
3017 2720 3117 2768 An.

536 2787 715 2838 Paris.
753 2786 837 2836 111
873 2787 990 2849 366,
1030 2789 1117 2844 19,
1153 2786 1248 2836 ubi
1295 2782 1375 2836 εἰς
1410 2784 1472 2836 δὲ
1505 2786 1615 2849 τὴν
1660 2786 1907 2838 καθόλου
1955 2785 2122 2850 εὗρον
2167 2785 2354 2838 οὕτως
2400 2786 2471 2836 cf.
2507 2787 2684 2836 Lehrs
2718 2786 2887 2835 Arist.
2933 2801 2984 2849 p.
3022 2786 3120 2834 110

541 2850 650 2917 (ed.
686 2851 784 2918 11).
819 2879 884 2888 —
920 2853 973 2905 l..
995 2855 1027 2902 9
1064 2851 1166 2917 βήρ
1210 2854 1396 2903 adieci
1441 2869 1508 2903 ex
1546 2854 1626 2904 St.
1663 2857 1728 2905 B.
1767 2857 1891 2913 167,
1928 2857 1960 2905 9
2007 2856 2133 2904 coll.
2170 2854 2354 2907 Schol.
2390 2854 2438 2901 V
2473 2854 2545 2903 ad
2577 2854 2644 2906 Il.
2680 2852 2725 2904 Λ
2763 2856 2875 2904 101.
2909 2879 2976 2887 -—
3015 2853 3118 2902 Ca-

538 2936 736 2971 nonem
771 2921 837 2970 de
874 2921 1183 2971 nominibus
1229 2922 1285 2970 in
1319 2922 1404 2983 ’ἑιῤ
1440 2924 1718 2985 composui
1762 2939 1830 2972 ex
1867 2920 2065 2972 Arcad.
2101 2924 2193 2985 20,
2234 2925 2323 2983 10,
2362 2920 2557 2971 Choer.
2597 2922 2687 2979 86,
2730 2922 2819 2985 14,
2868 2920 3117 2984 Theogn.

539 2990 654 3049 133,
694 2990 774 3038 15.
809 3012 873 3022 —-
910 2987 998 3038 Ad
1032 2985 1126 3051 Εῐρ
1160 2988 1489 3039 Artemidori
1524 2991 1897 3039 testimonium
1933 2990 2169 3054 apposui
2205 3004 2273 3038 ex
2298 2990 2397 3052 Ep.
2426 2988 2514 3038 Cr.
2538 2990 2565 3039 1
2588 2991 2704 3045 440,
2731 2989 2780 3049 5,
2818 2987 2913 3036 ubi
2950 2988 3121 3036 etiarn

538 3053 703 3119 φθείρ
739 3053 854 3106 εἴτε
893 3053 924 3104 ὁ
959 3055 1115 3118 ἥρως
1151 3054 1320 3120 (quod
1355 3070 1465 3103 non
1499 3055 1909 3107 Herodian‘eum
1942 3059 2051 3116 est)
2091 3054 2206 3107 εἴτε
2240 3055 2311 3106 τὸ
2346 3057 2495 3121 ζῷον
2541 3053 2655 3105 εἴτε
2693 3053 2724 3104 ὁ
2761 3051 2977 3116 καρπὸς
3012 3055 3117 3116 τῆς

539 3121 752 3173 πίτυος.
822 3122 906 3171 Ad
951 3119 1086 3185 φθίρ
1129 3118 1415 3187 praeterea
1459 3123 1712 3173 consului
1759 3123 1840 3175 St.
1877 3127 1939 3175 B.
1985 3126 2111 3188 664,
2147 3127 2207 3184 4,
2252 3123 2508 3172 Eustath.
2545 3124 2671 3184 368,
2712 3123 2771 3170 11
2818 3128 2875 3170 et
2920 3120 3114 3173 Choer.

539 3190 694 3239 Orth.
729 3192 853 3247 274,
901 3186 995 3252 (ip
1040 3190 1229 3255 recepi
1275 3205 1341 3239 ex
1384 3190 1470 3239 St.
1505 3191 1568 3239 B.
1614 3216 1680 3226 —-
1724 3191 1760 3245 1.
1802 3194 1864 3241 15
1904 3189 2035 3254 Νώρ
2085 3196 2142 3241 et
2186 3188 2313 3254 (de
2360 3193 2713 3239 accesserunt
2758 3203 2825 3236 ex
2870 3187 3114 3251 Theogn.

540 3260 654 3319 133,
691 3260 774 3317 25,
810 3257 947 3306 Lob.
986 3257 1188 3306 Parall.
1224 3259 1286 3306 77
1325 3253 1451 3319 (ώρ
1488 3272 1684 3308 nomen
1727 3259 1882 3309 urbis
1916 3260 2079 3322 Tyri,
2128 3258 2273 3322 quod
2317 3257 2455 3306 alibi
2488 3254 2599 3319 (ἶύρ
2646 3260 2703 3304 et
2740 3252 2884 3318 Εούρ
2927 3256 3117 3304 scribi-

537 3330 653 3386 tur,
694 3324 1017 3387 suspicatur.
1088 3321 1172 3388 ὧρ
1209 3323 1396 3372 addidi
1433 3339 1500 3372 ex
1537 3325 1733 3376 Choer.
1769 3326 1918 3375 Dict.
1956 3328 2074 3387 347,
2116 3327 2203 3375 17:
2243 3321 2322 3375 εἰς
2358 3328 2445 3387 ω’ρ,
2486 3323 2575 3374 διὰ
2618 3325 2722 3373 τοῦ
2766 3325 2817 3371 ὦ
2855 3321 2960 3372 οὐκ
2997 3321 3116 3385 ἔχο-

540 3405 643 3455 μεν
678 3389 940 3454 θηλυκόν.
1012 3389 1310 3452 βούλονται
1346 3388 1408 3440 δέ
1443 3404 1592 3443 τινες
1629 3390 2011 3443 ἀναπλάττειν
2046 3390 2162 3442 ἀπὸ
2197 3394 2301 3442 τοῦ
2338 3390 2665 3454 «ἀμύνεμεν
2712 3388 2955 3452 ὡρεςιν»
2991 3387 3117 3439 ἀντὶ

536 3461 641 3509 τοῦ
676 3462 800 3509 ταῖς
835 3456 1082 3520 γυναιξίν
1119 3456 1341 3509 εὐθεῖαν
1376 3458 1499 3507 τῶν
1536 3458 1739 3510 ἑνικῶν
1775 3459 1860 3525 ὥρ
1895 3458 2011 3511 ἀπὸ
2055 3454 2310 3523 τοῦ’5αρ
2356 3460 2460 3577 {sic
2498 3474 2594 3523 pro
2629 3456 2757 3521 ἄορ)
2802 3457 3117 3521 γενομένην

538 3525 683 3577 κατὰ
719 3528 908 3590 κρᾶςιν
943 3527 1045 3575 τοῦ
1081 3527 1116 3575 ὃ
1151 3525 1242 3576 καὶ
1279 3528 1314 3577 (ἶ
1352 3524 1472 3590 (pro
1508 3528 1544 3577 ἃ
1579 3527 1670 3578 καὶ
1706 3530 1759 3589 ὃ)
1799 3526 1878 3578 εἰς
1914 3530 1991 3591 fii,
2031 3526 2219 3590 ὥςπερ
2255 3541 2350 3590 κρε
2376 3540 2551 3577 ττονα
2576 3523 2845 3589 κρείττω,
2885 3521 2970 3575 ὧν
3006 3522 3118 3575 ἐςτι

538 3594 630 3645 καὶ
667 3592 1010 3658 Ἡρωδιανὸς
1047 3592 1231 3658 ἑαυτῷ
1270 3592 1721 3657 ἐναντιούμενος·
1758 3594 1934 3646 αὐτὸς
1969 3593 2074 3657 γὰρ
2110 3592 2261 3656 λέγει
2296 3593 2359 3645 ἐν
2394 3592 2552 3659 ἄλλῳ
2592 3594 2670 3655 (in
2696 3593 3023 3643 Onomatico
3058 3599 3121 3641 ut

537 3660 778 3725 videtur)
826 3660 914 3711 ὅτι
960 3660 1148 3724 ὥςπερ
1193 3660 1264 3711 τὰ
1310 3657 1388 3711 εἰς
1424 3665 1495 3725 ῆρ
1540 3662 1954 3725 μονοςύλλαβα,
2003 3661 2178 3725 μόνου
2225 3659 2328 3724 μὲν
2373 3660 2663 3725 ἀρςενικοῡ
2708 3658 2910 3720 γένους
2958 3659 3115 3721 ὄντα,

539 3726 882 3791 φυλάττουςι
917 3725 987 3777 τὸ
1022 3730 1058 3791 ἦ
1095 3728 1186 3779 καὶ
1222 3727 1286 3779 έν
1318 3731 1390 3794 τῇ
1427 3733 1647 3794 γενικῇ,
1686 3727 1809 3780 οἷον
1846 3728 1951 3793 θήρ
1987 3728 2184 3793 θηρός,
2225 3728 2342 3792 φήρ
2378 3728 2561 3794 φηρός
2596 3728 2843 3791 «φηρςὶν
2878 3726 3116 3790 ὀρεςκῲ-

539 3808 714 3847 mov»
751 3794 821 3859 (Α
857 3793 982 3857 268)
1019 3793 1143 3844 ἀντὶ
1189 3799 1307 3846 τοῖς
1355 3796 1706 3861 κενταύροις,
1745 3798 1993 3862 θηλυκοῠ
2031 3796 2092 3846 δὲ
2128 3794 2328 3859 γένους
2365 3796 2504 3846 ὄντα
2543 3795 2633 3845 καὶ
2669 3792 3013 3856 φυλάττουςι
3048 3792 3115 3843 τὸ

537 3864 572 3925 ἠ
611 3863 701 3913 καὶ
738 3860 1123 3913 ςυςτέλλουςιν
1159 3860 1284 3914 οἷον
1319 3864 1424 3928 κήρ
1462 3864 1631 3928 κηρός
1666 3864 1757 3914 καὶ
1793 3864 1964 3929 καρός
1999 3865 2185 3927 «κῆρα
2221 3862 2280 3913 δ’
2304 3861 2419 3924 ἐγὼ
2444 3862 2579 3914 τότε
2615 3860 2879 3922 δέξομαι»
2904 3858 2969 3925 (C
2998 3859 3118 3924 115)

539 3930 630 3982 καὶ
666 3928 812 3980 «τίω
850 3928 911 3980 δέ
948 3944 1051 3992 μιν
1078 3928 1139 3980 ἐν
1177 3931 1346 3995 καρὸς
1384 3928 1500 3997 eto]
1514 3946 1559 3984 >>.
1608 3931 1794 3983 οὕτως
1828 3931 1934 3982 οὖν
1970 3931 2062 3982 καὶ
2097 3930 2169 3981 τὰ
2205 3928 2284 3981 εἰς
2319 3932 2404 3994 OE'fi
2439 3928 2697 3994 ἀρςενικὰ
2733 3928 3120 3991 μονοςύλλαβα

539 3997 882 4062 φυλάττουςι
915 3996 986 4048 τὸ
1022 4001 1072 4048 ’ω’
1109 3997 1172 4048 ἑν
1207 4001 1278 4064 τῇ
1314 4002 1505 4064 γενικῇ
1552 3995 1677 4049 οἷον
1721 3997 1852 4063 φώρ
1889 3997 2109 4063 φωρὸς·
2157 3996 2207 4051 εἰ
2250 3996 2354 4049 οὖν
2389 3997 2459 4049 τὸ
2497 3997 2580 4061 ὤρ
2617 3994 2685 4048 οὐ
2730 3994 3011 4046 ςυςτέλλει
3047 3994 3116 4045 τὸ

523 4064 590 4117 Δὐῑ
626 4065 766 4117 κατὰ
801 4065 910 4129 τὴν
943 4064 1202 4130 γενικήν,
1240 4065 1319 4116 ὼς
1355 4065 1515 4129 δηλοῖ
1550 4065 1619 4117 τὸ
1656 4064 1938 4130 ἀμύνεμεν
1976 4065 2181 4130 ὥρεςι»
2226 4065 2315 4115 διὰ
2349 4067 2452 4115 τοῦ
2491 4069 2541 4115 ὦ
2578 4064 2677 4127 ὄν,
2711 4062 2976 4127 δηλονότι
3013 4061 3117 4113 οὐκ

539 4133 651 4186 ἔςτι
688 4131 949 4198 θηλυκόν.
1020 4133 1130 4183 Sed
1167 4150 1330 4199 quum
1365 4134 1716 4184 Herodianus
1761 4134 1964 4184 dixerit
2007 4133 2273 4183 feminina
2315 4149 2479 4198 quum
2524 4146 2746 4183 servare
2791 4129 3116 4195 productum

537 4208 755 4269 tempus
799 4207 915 4251 tum
963 4202 1238 4266 corripere
1284 4216 1472 4267 posse,
1518 4208 1753 4267 apparet
1798 4217 1936 4252 eum.
1968 4202 2075 4251 sibi
2127 4201 2237 4265 ipsi
2281 4216 2390 4251 non
2437 4200 2791 4250 adversatum
2838 4214 2986 4260 esse,
3034 4196 3117 4260 ὠρ

539 4288 637 4336 pro
672 4271 834 4321 unico
868 4269 1134 4320 feminino
1172 4273 1483 4333 putantem,
1523 4284 1696 4333 neque
1746 4270 1890 4318 enim
1934 4267 2300 4318 contenderat
2335 4268 2554 4317 omnino
2600 4268 2658 4316 in
2706 4266 2988 4315 femininis
3024 4280 3117 4315 vo-

539 4339 716 4388 calem
752 4336 954 4402 corripi
996 4337 1211 4388 debere.
1281 4338 1421 4387 Tum
1453 4338 1636 4401 pergit
1672 4336 2113 4387 Choeroboscus:
2161 4333 2216 4385 τί
2252 4334 2356 4385 οὖν
2393 4333 2595 4398 ἔχομεν
2632 4331 2812 4384 εἰπεῖν
2847 4332 2977 4396 περὶ
3012 4333 3115 4383 τοῦ

536 4404 864 4468 «ἀμύνεμεν
900 4403 1138 4470 ὥρεςιν»
1174 4403 1261 4455 ὅτι
1298 4403 1478 4454 πόθεν
1513 4401 1775 4465 γέγονεν;
1814 4402 1928 4454 ἔςτι
1964 4401 2026 4453 δὲ
2063 4400 2243 4454 εἰπεῖν
2288 4402 2376 4453 ὅτι
2421 4402 2571 4453 ἐςτίν
2606 4400 2777 4464 ὀαρος
2822 4401 2914 4450 καὶ
2960 4399 3117 4464 ὀαροι

536 4472 571 4535 ή
612 4471 801 4524 εὐθεῖα
834 4473 957 4524 τῶν
992 4473 1394 4537 πληθυντικῶν
1438 4471 1621 4535 (ὁαροι
1667 4470 1728 4521 δέ
1775 4468 1908 4521 εἰςιν
1956 4468 2013 4520 αἱ
2048 4468 2333 4533 γυναῖκες)
2380 4470 2470 4519 καὶ
2516 4468 2720 4519 λοιπὸν
2764 4467 2908 4519 κατὰ
2954 4481 3116 4531 μετα-

537 4541 796 4603 πλαςμόν
830 4539 1043 4603 γίνεται
1080 4541 1244 4604 ὄαρες
1290 4539 1382 4590 καὶ
1427 4539 1642 4590 ἐκεῖθεν
1663 4538 1720 4599 ’ἡ
1766 4537 1960 4601 δοτικὴ
2007 4540 2129 4588 τῶν
2173 4538 2577 4601 πληθυντικῶν
2621 4534 2807 4599 ὁάρεςι
2853 4534 2989 4586 κατ’
3022 4534 3117 4585 ἑπ-

540 4607 760 4660 έκταςιν
794 4611 897 4672 τῆς
933 4611 983 4661 ἰῖ
1019 4608 1292 4672 ςυλλαβῆς
1328 4606 1518 4670 ὥςπερ
1555 4604 1801 4669 κύνεςιν,
1839 4604 2075 4669 αἴγεςὶν,
2114 4606 2205 4656 καὶ
2242 4603 2386 4655 κατὰ
2422 4606 2612 4667 κρᾶςιν
2639 4606 2743 4653 τοῦ
2772 4606 2803 4656 ὃ
2841 4603 2932 4654 καὶ
2967 4605 3003 4653 ἃ
3039 4600 3118 4653 εἰς

540 4681 586 4727 ω’
627 4675 803 4740 ὤρεςι.
873 4678 957 4727 De
994 4682 1223 4727 accentu
1257 4692 1348 4740 ap.
1375 4675 1671 4736 Choerob.,
1709 4675 1860 4740 apud
1895 4689 2056 4738 quem
2089 4680 2359 4738 oxytonos
2395 4673 2658 4736 scriptum
2693 4679 2804 4736 cst,
2846 4671 2981 4720 nihil
3026 4670 3120 4719 ad—

539 4750 788 4799 notatur,
833 4744 929 4793 sed
973 4743 1233 4794 Eustath.
1270 4746 1398 4805 573,
1433 4745 1498 4792 29
1546 4739 1799 4805 (Philam.
1847 4759 1899 4806 p.
1937 4741 2059 4805 218)
2108 4742 2531 4805 perispomenon
2577 4754 2698 4789 esse
2747 4739 2999 4805 perhibet
3044 4737 3117 4786 cf.

537 4811 676 4862 Lab.
713 4809 796 4858 El.
831 4811 888 4860 11
923 4814 1003 4861 75.
