3664 5546
522 286 529 293 ‘
628 341 754 405 262
1572 336 1653 392 ΕΚ
1692 336 1831 390 ΤΩΝ
1876 335 2285 390 ΗΡΩΔΙΑΝΟΥ

628 512 754 578 ἔςτι
799 513 901 577 καὶ
953 510 1141 575 πόλις
1186 508 1523 592 Βοιωτίας,
1579 510 1746 573 τινὲς
1804 508 1877 574 δὲ
1931 506 2087 572 τοὺς
2131 506 2370 571 αὐτοὺς
2426 505 2590 572 εἶναι
2645 506 2746 570 καὶ
2788 504 3230 583 Ταναγραίους

626 613 850 696 φαςίν,
897 613 988 678 ὡς
1032 611 1356 676 Ἑκαταῖος
1401 610 1504 674 καὶ
1549 608 1850 688 (τρὰβών
1898 606 2035 692 (ΧΙ
2080 630 2143 694 p.
2189 606 2362 691 404).
2399 647 2418 658 ι
2450 608 2832 689 Τέντυρα,
2888 607 3076 676 πόλις
3124 606 3227 672 Αἰ-

626 716 906 797 γύπτου,
956 714 1047 778 ὡς
1092 712 1508 789 Ἀλέξανδρος
1553 712 1624 776 ἐν
1668 711 1861 795 τρίτῳ
1905 711 2362 787 Αἰγυπτιακῶν.
2453 709 2703 785 λέγεται
2763 709 2865 772 καὶ
2907 708 3225 787 Τέντυρις.

625 817 924 896 Τίμυρα
968 815 1153 879 πόλις
1198 815 1343 892 περὶ
1385 813 1705 892 Ἰςαυρίαν.
1773 812 2034 891 ὀλυρα.
2080 812 2435 891 γόργυρα
2479 813 2581 876 καὶ
2627 811 2984 889 Γόργυρα
3025 811 3230 875 τόπος

565 928 599 979 5
630 918 702 983 ἐν
748 916 966 1002 (άμῳ,
1015 915 1106 980 ὡς
1149 915 1387 995 ἱςτορεῖ
1431 912 2194 998 Δοῦρις,ᾼΘεμίςκυρα
2235 914 2454 995 πόλις,
2502 913 2540 991 ἥ
2588 912 2752 978 ἐςτιν
2800 910 3023 978 ἀντίον
3070 913 3228 991 Θερ-

627 1021 992 1101 μώδοντος,
1037 1019 1141 1082 καὶ
1184 1018 1223 1096 ἡ
1255 1018 1451 1096 χώρα.
1494 1017 1758 1095 Ἴμυρα
1786 1006 1975 1081 πόλις
2007 1013 2321 1094 Φοινίκης.
2373 1015 2723 1093 Κόςςυρα
2752 1014 2982 1094 Λιβύης
3014 1016 3229 1097 νῆςος,

624 1121 940 1199 Λάμυρα
982 1119 1170 1183 πόλις
1215 1116 1460 1183 Λυκίας.
1534 1117 1835 1196 Λίμυρα
1876 1117 2065 1182 πόλις
2107 1117 2338 1182 Λυκίας
2396 1115 2526 1182 ἀπὸ
2578 1117 2861 1195 Λιμύρου
2913 1120 3228 1195 ποταμοῦ.

625 1222 1009 1301 Πάλμυρα
1060 1220 1384 1301 φρούριον
1429 1218 1683 1298 ’(υρίας.
1773 1220 1849 1284 τὸ
1907 1220 1980 1284 δὲ
2036 1220 2075 1283 Γ
2091 1218 2407 1298 λαφυρά
2451 1217 2776 1301 ὀξύνεται,
2836 1216 2962 1281 εἴτε
3020 1215 3231 1297 ὄνομα

626 1323 881 1388 πόλεως
926 1322 1022 1400 εἴη
1068 1321 1194 1386 εἴτε
1241 1321 1613 1386 ἐπιθετικόν.
1678 1322 1807 1386 ἔςτι
1853 1322 1924 1386 δὲ
1969 1319 2157 1385 πόλις
2203 1319 2560 1384 Θεςςαλίας.
2620 1319 2907 1398 Ὅμηρος
2954 1319 3228 1399 «Βοίβην

526 1435 592 1487 10
629 1427 731 1490 καὶ
775 1424 1152 1505 Γλαφυράς»
1201 1421 1306 1507 (Il.
1358 1425 1403 1487 Β
1451 1421 1626 1506 712).
1716 1421 1843 1487 ἔςτι
1901 1423 1973 1486 δὲ
2016 1423 2119 1486 καὶ
2160 1423 2338 1500 κώμη
2387 1420 2655 1486 Κιλικίας
2702 1422 3041 1501 Γλαφυραί.

796 1526 891 1591 Τὰ
937 1525 1026 1592 εἰς
1069 1529 1151 1603 βᾶ
1197 1526 1438 1604 μακρὸν
1483 1531 1575 1609 τῷ
1621 1527 1676 1588 ὦ
1721 1523 2220 1603 παραληγόμενα
2263 1522 2632 1604 βαρύνεται,
2679 1523 2922 1605 χώρα,
2968 1523 3228 1605 ψώρα,

629 1628 817 1710 ὥρα,
865 1627 1056 1710 ὤρα,
1114 1628 1256 1707 μεθ’
1300 1626 1394 1692 ὧν
1438 1627 1542 1691 καὶ
1582 1632 1889 1709 πρῷρα,
1935 1625 1989 1690 εἰ
2035 1627 2137 1690 καὶ
2182 1624 2501 1691 ςυςτέλλει
2546 1625 2622 1689 τὸ
2670 1627 2726 1687 ἇ.
3094 1625 3103 1630 ’

796 1729 892 1794 Τὰ
947 1729 1036 1794 εἰς
1090 1735 1171 1807 βᾶ
1226 1728 1400 1793 ἁπλᾶ
1456 1731 1776 1807 μονογενῆ
1845 1728 2227 1806 τριςύλλαβα
2284 1726 2782 1806 παραληχόμενα
2837 1732 2928 1810 τῷ
2986 1726 3042 1792 [fi
3095 1726 3228 1792 ἀπὸ

629 1831 816 1911 φύςει
862 1835 1100 1910 μακρᾶς
1143 1831 1183 1908 ἢ
1233 1828 1527 1910 βραχείας
1557 1828 1884 1921 ἀρχόμενα
1917 1829 2286 1910 βαρύνεται,
2331 1826 2668 1906 Φαλώρα
2711 1826 2922 1907 ὄνομα
2952 1830 3230 1911 πόλεως,

528 1943 590 1995 15
625 1934 1032 2014 πληθώρα,
1080 1932 1424 2014 ληθώρα,
1482 1929 1786 2013 ὀπώρα,
1831 1930 2111 2013 αἰώρα,
2159 1931 2507 2010 ψοθώρα.
2575 1930 2820 2009 Ἀώρα
2864 1931 2902 2009 ἢ
2958 1931 3230 2011 (αώρα

630 2035 880 2117 νύμφη,
937 2033 1063 2114 ἀφ’
1107 2034 1185 2112 ἧς
1227 2034 1478 2110 Ἀωρος
1524 2033 1561 2110 ἢ
1610 2032 1872 2111 (ἄωρος
1916 2032 2103 2096 πόλις
2153 2031 2394 2110 Κρήτης
2440 2036 2977 2111 μετονομαςθεῑςα
3021 2033 3228 2098 Ἐλευ-

554 2172 563 2179 ·
631 2136 822 2214 θεραί.
912 2135 967 2200 εἰ
1010 2136 1081 2201 δὲ
1126 2134 1256 2199 ἀπὸ
1303 2133 1465 2199 θέςει
1512 2138 1779 2217 μακρᾶς,
1826 2133 2149 2215 ὀξύνεται,
2196 2132 2601 2215 θαλπωρά,
2649 2133 2984 2212 ἐλπωρά.
3036 2136 3112 2198 τὸ
3158 2137 3230 2199 δὲ

629 2238 1015 2328 πιανδώρα
1060 2237 1365 2302 ςύνθετον
1412 2237 1491 2302 ὂν
1535 2236 1961 2314 παροξύνεται
2010 2234 2100 2300 ὡς
2143 2235 2247 2302 καὶ
2288 2235 2363 2300 τὸ
2400 2235 2852 2313 Πολυδώρα
2894 2236 3229 2315 τετραςύλ-

632 2341 859 2418 λαβον·
916 2339 1045 2404 ἔςτι
1090 2341 1161 2403 δὲ
1206 2341 1398 2416 νῆςος
1443 2338 1513 2402 ἐν
1559 2343 1634 2421 τῇ
1684 2336 1937 2420 Κυζίκῳ.
3207 2338 3212 2345 ’

535 2453 603 2503 20
805 2460 843 2497 ιι
890 2440 984 2505 Τὰ
1058 2440 1163 2504 διὰ
1235 2444 1351 2505 τοῦ
1424 2443 1576 2518 ἇῖιΐά
1649 2439 1993 2518 διςύλλαβα
2072 2437 2630 2519 βραχυκατάληκτα
2703 2442 3232 2522 προπεριςπᾶται,

634 2544 956 2624 ςφαῑρα,
1003 2540 1218 2635 αζρα,
1264 2543 1540 2620 Δαῖρα.
1597 2542 1672 2607 τὸ
1719 2542 1790 2605 δὲ
1835 2539 2054 2618 Αἰραί
2099 2539 2421 2606 ὀξύνεται·
2481 2539 2608 2605 ἔςτι
2664 2542 2736 2605 δὲ
2787 2541 2973 2607 πόλις
3020 2543 3231 2609 Μακα-

635 2642 854 2707 δονίας
902 2644 1003 2707 καὶ
1047 2642 1210 2722 ἄλλη
1256 2643 1547 2735 Ἰωνίας,
1600 2642 1724 2708 ἔςτι
1769 2643 1875 2706 καὶ
1915 2643 2090 2720 παρὰ
2133 2642 2593 2727 Ἑλληςπόντψ.
2738 2717 2763 2739 ⁸

800 2763 839 2799 ιε
886 2743 981 2809 Τὰ
1041 2746 1146 2811 διὰ
1209 2750 1328 2811 τοῦ
1394 2748 1540 2823 (W
1608 2744 2118 2825 ὑπερδιςύλλαβα
2190 2743 2781 2829 προπαροξύνεται,
2829 2742 3230 2830 μάχαιρα,

634 2846 980 2929 χίμαιρα,
1023 2848 1354 2926 Ἄπαιρα
1396 2847 1607 2927 ὄνομα
1648 2847 1873 2912 τόπου.

532 2962 598 3012 25
806 2970 846 3005 ιε
889 2948 983 3013 Τὰ
1007 2950 1111 3013 διὰ
1139 2953 1257 3014 τοῦ
1287 2953 1457 3027 ἇιΤρῖῐ
1485 2948 1827 3029 διςύλλαβα
1857 2948 2421 3036 μακροκατάληκτα
2444 2949 2905 3032 παροξύνεται,
2953 2950 3088 3016 ςαύ
3104 2971 3139 3029 ρ
3156 2971 3230 3032 α,

635 3049 863 3131 αὔρα,
911 3049 1175 3129 λαύρα.
1263 3051 1339 3116 τὸ
1386 3053 1458 3115 δὲ
1503 3050 1756 3129 (asma
1799 3050 1986 3115 πόλις
2031 3050 2356 3116 (αυνιτών
2415 3051 3014 3130 βραχυκατὰληκτον
3070 3072 3230 3130 προ-

635 3155 1026 3228 περιςπᾶται.
1640 3214 1651 3229 ,

808 3275 847 3312 ιι·
890 3253 984 3317 Τὰ
1009 3254 1113 3318 διὰ
1134 3257 1251 3318 τοῦ
1276 3256 1415 3332 ἐΤρἩ
1436 3254 1780 3333 διςύλλαβα
1812 3255 2373 3335 βραχυκατὰληκτα
2401 3258 2929 3339 προπεριςπᾶται,
2960 3259 3142 3335 πεῑρ
3159 3278 3232 3340 α,

636 3407 848 3472 reliqua
870 3407 999 3456 inde
1027 3423 1060 3457 a
1089 3406 1363 3471 Γόργυρα,
1390 3408 1479 3457 cui
1504 3424 1572 3457 ex
1594 3408 1745 3460 Mon.
1773 3411 1827 3457 et
1850 3408 2092 3473 Hesych.
2119 3407 2514 3474 appellativum
2538 3407 2811 3474 γόργυρα,
2848 3411 2994 3476 quod
3017 3410 3231 3460 Alcma-

638 3491 760 3525 nem
785 3473 1028 3540 γὲργυρα
1054 3476 1341 3541 scripsisse
1368 3481 1609 3527 testatur
1631 3476 1696 3526 Ε.
1713 3477 1788 3525 Μ.
1818 3491 1864 3527 ε.
1891 3491 1960 3536 ν..
1990 3478 2249 3540 praemisi
2275 3477 2365 3538 (ex
2390 3476 2467 3530 St.
2496 3478 2559 3531 B.
2587 3482 2644 3527 et
2668 3478 2734 3531 Ε.
2755 3478 2829 3532 Μ.
2857 3478 3019 3528 simul
3044 3493 3232 3529 accen-

638 3548 754 3593 tutn
777 3542 1022 3607 γεργύρα
1059 3560 1144 3609 ap.
1172 3544 1414 3606 Hesych.
1454 3544 1653 3595 falsum
1679 3558 1798 3594 esse
1827 3545 2103 3594 evincitur
2127 3544 2198 3594 cf.
2223 3544 2394 3595 Lehrs
2421 3544 2493 3594 ad
2519 3545 2665 3598 Mon.
2693 3549 2750 3595 et
2776 3546 2912 3597 Lob.
2942 3546 3107 3597 Proll.
3132 3549 3232 3597 274

639 3609 778 3674 not.)
815 3626 989 3675 usque
1029 3612 1098 3661 ad
1134 3609 1338 3673 Πάλμυ
1376 3625 1411 3661 α
1449 3628 1517 3662 ex
1554 3611 1633 3660 St.
1660 3611 1724 3659 Β.
1762 3612 2013 3676 apposui.
2067 3611 2101 3663 Γ
2103 3609 2349 3675 λαφυραί
2386 3611 2605 3678 explevi
2642 3629 2708 3663 ex
2735 3612 2813 3663 St.
2839 3616 2920 3674 Β.,
2957 3615 3053 3664 ubi
3087 3613 3233 3678 quod

638 3679 906 3742 scriptum
943 3684 1030 3729 est
1069 3678 1103 3730 Γ
1106 3679 1331 3744 λαφυρα
1365 3717 1376 3741 ,
1425 3678 1739 3730 Meinekius
1774 3681 2012 3730 mutavit
2055 3681 2112 3728 in
2163 3678 2443 3744 Γλαφύραι
2488 3687 2713 3745 propter
2755 3681 3013 3732 Eustath.
3058 3682 3129 3732 ad
3163 3681 3229 3732 11.

638 3748 763 3807 327,
803 3749 894 3797 35:
940 3744 1041 3798 τὰς
1083 3746 1375 3811 Γλαφύρας
1414 3745 1742 3809 βαρύνουςιν
1788 3744 1841 3797 oi
1887 3743 2259 3811 ἀκριβέςτεροι
2306 3747 2448 3810 πρὸς
2493 3746 2918 3812 ἀντιδιαςτολὴν
2962 3751 3067 3800 τοῦ
3114 3747 3230 3801 ἐπι-

639 3811 835 3876 θέτου,
883 3811 1174 3879 κληθείςας
1219 3812 1335 3866 ἀπὸ
1381 3816 1485 3865 τοῦ
1535 3811 2025 3878 μνημονευθέντος
2074 3814 2364 3879 Γλαφύρα,
2421 3812 2501 3867 ὡς
2559 3814 2591 3866 ό
2635 3814 2810 3867 αὐτὸς
2859 3813 3228 3881 ἐθνογράφος,

640 3881 738 3932 sed
776 3883 1217 3946 praetermissum
1256 3884 1314 3932 in
1351 3882 1453 3931 hoc
1490 3881 1611 3932 loco
1651 3887 1736 3931 est
1771 3882 2148 3933 Herodianum
2185 3885 2254 3934 ab
2296 3883 2382 3934 his
2418 3883 2852 3935 accuratioribus
2888 3885 3232 3936 dissensisse.

638 3951 848 4014 Ineptit
884 3951 945 4000 E.
972 3951 1046 4000 M.
1077 3953 1156 4013 10,
1178 3953 1260 4001 ,30
1295 3948 1543 4014 Ἀγκυρα
1579 3948 1614 4011 ή
1655 3948 1757 4011 μὲν
1795 3948 1958 4000 πόλις
1995 3949 2501 4015 προπαροξύνεται,
2539 3949 2575 4013 ή
2614 3950 2674 4002 δὲ
2710 3953 2813 4002 τοῦ
2852 3950 3055 4004 πλοίου
3092 3965 3231 4016 παρ-

639 4016 911 4068 οξύνεται.
965 4017 1033 4067 de
1060 4016 1383 4082 πλήμμυρα,
1415 4017 1557 4082 quod
1583 4032 1669 4081 ap.
1700 4016 1954 4067 Eustath.
1981 4017 2053 4067 ad
2079 4018 2241 4072 Dion.
2272 4021 2369 4069 198
2406 4021 2667 4084 scriptum
2695 4025 2782 4069 est
2807 4019 3130 4084 πλημμύρα,
3157 4020 3227 4073 cf.

637 4086 846 4135 Buttm.
874 4086 1108 4139 Gratum.
1134 4087 1162 4135 I
1187 4088 1271 4146 39,
1307 4085 1446 4135 Lob.
1479 4084 1643 4134 Proll.
1667 4087 1785 4135 273.
1893 4085 1929 4140 l.
1970 4088 2029 4135 11
2068 4086 2236 4135 etiam
2270 4086 2416 4136 hunc
2453 4102 2716 4137 canonem
2750 4102 2815 4137 ex
2853 4089 2974 4139 Arc.
3016 4091 3128 4150 101,
3169 4089 3232 4138 16

642 4153 976 4218 transposui.
1027 4151 1146 4216 ὤρα
1172 4151 1364 4202 addidi
1398 4169 1465 4202 ex
1489 4153 1734 4218 Theogn.
1763 4155 1875 4216 107,
1902 4155 1994 4215 28,
2029 4155 2122 4204 ubi
2149 4152 2268 4217 ὤρα
2294 4153 2361 4205 τό
2395 4168 2457 4205 τε
2484 4154 2830 4217 φιλούμενον
2856 4156 2944 4210 καὶ
2980 4156 3049 4207 τὸ
3074 4155 3231 4207 bacu-

639 4219 899 4282 νόμενον.
1005 4220 1038 4269 1.
1072 4224 1134 4271 13
1162 4235 1228 4269 ex
1256 4221 1379 4270 Arc.
1411 4221 1523 4281 101,
1552 4223 1632 4270 19.
1668 4218 1919 4285 Φαλώρα
1944 4220 2168 4286 explevi
2192 4238 2260 4271 ex
2281 4222 2528 4287 Theogn.
2557 4226 2668 4286 107,
2696 4225 2780 4286 32,
2807 4238 2891 4288 ap.
2915 4225 2993 4274 St.
3015 4224 3076 4273 Β.
3102 4225 3232 4274 urbs

638 4286 885 4352 Φαλώρη
912 4287 1134 4350 dicitur,
1162 4286 1364 4351 ὀπώρα
1389 4315 1454 4323 -—
1478 4286 1717 4352 ψοθώρα
1742 4295 2099 4339 accesserunt
2123 4305 2191 4339 ex
2216 4290 2482 4354 Theogn„
2511 4290 2655 4356 apud
2693 4305 2856 4355 quem
2882 4292 3107 4354 νοβῶρα
3133 4306 3229 4355 pro

638 4354 877 4474 woofflgu
903 4358 1171 4421 scriptum
1205 4360 1307 4416 est,
1347 4353 1540 4420 ”Awpa
1574 4355 1611 4418 ἢ
1649 4353 1851 4421 (άώρα
1890 4372 1956 4406 ex
1995 4357 2073 4406 St.
2105 4357 2168 4406 Β.
2209 4372 2250 4408 s.
2288 4356 2510 4421 Ἀωρος
2549 4365 2606 4408 et
2644 4356 2972 4423 Ἐλευθεραί.
3021 4360 3085 4408 In
3121 4356 3230 4408 fine

637 4421 799 4475 Πολυ
838 4422 959 4487 ώρα
998 4439 1065 4473 ex
1103 4425 1180 4476 St.
1209 4423 1273 4475 B.
1310 4423 1621 4489 appositum
1657 4430 1760 4473 est.
1865 4424 1901 4473 l.
1924 4426 1989 4474 20
2025 4440 2201 4476 canon
2238 4441 2304 4475 ex
2343 4426 2591 4490 Theogn.
2620 4429 2733 4488 101,
2770 4428 2802 4476 8
2837 4430 3092 4492 receptus
3127 4430 3231 4478 est.

640 4492 677 4545 l.
715 4495 776 4541 21
818 4489 976 4555 Αἰραί
1014 4497 1099 4541 est
1134 4508 1202 4542 ex
1240 4493 1320 4545 St.
1360 4494 1420 4542 B.
1534 4491 1569 4545 l.
1608 4494 1673 4542 23
1711 4508 1888 4542 canon
1924 4498 2009 4542 est
2045 4509 2113 4542 ex
2151 4493 2398 4557 Theogn.
2440 4495 2553 4554 101,
2595 4496 2673 4543 17.
2787 4494 2823 4543 l.
2860 4496 2926 4545 25
2964 4509 3232 4545 canonem

637 4558 705 4609 de
744 4560 1052 4610 nominibus
1089 4560 1145 4609 in
1181 4564 1353 4623 (W,
1393 4560 1486 4623 qui
1529 4560 1586 4608 in
1628 4559 1875 4610 fontibus
1918 4560 2286 4625 Herodianeis
2332 4560 2562 4620 excidit,
2612 4577 2715 4626 ope
2759 4562 3033 4612 Draconis
3079 4562 3232 4613 Stra-

638 4628 943 4678 tonicensis
980 4643 1031 4691 p.
1058 4629 1120 4678 81
1139 4664 1152 4687 ‚
1190 4628 1257 4676 20
1294 4627 1542 4689 restitui,
1581 4624 1768 4690 (αῠρα
1794 4643 1862 4678 ex
1888 4626 1966 4688 St.
1990 4629 2054 4682 B.
2082 4627 2278 4677 adieci.
2331 4628 2795 4694 Hyperdisyllaba
2821 4645 2928 4679 non
2954 4632 3231 4694 reperiun-

639 4699 757 4754 ταῖς
805 4711 932 4745 nam
978 4695 1123 4759 quod
1161 4694 1461 4758 Goettling.
1513 4710 1581 4744 ex
1620 4695 1701 4744 St.
1740 4696 1803 4745 B.
1841 4695 2055 4760 profert
2091 4693 2424 4759 Μάςταυρα,
2471 4703 2732 4747 neutrum
2772 4712 2893 4749 esse
2940 4698 3068 4748 inde
3107 4713 3232 4748 con-

639 4762 906 4825 cluditur,
955 4761 1098 4827 quod
1145 4761 1352 4827 gentile
1400 4759 1764 4825 Μαςταυρεύς
1820 4777 1853 4811 a
1901 4763 2090 4828 steph.
2137 4769 2484 4829 comparatur
2528 4780 2648 4814 cum
2692 4762 2990 4828 Πηγαςεύς
3047 4770 3104 4816 et
3161 4765 3231 4815 de

640 4827 875 4892 Πήγαςα
914 4830 1113 4881 diserte
1141 4830 1331 4894 Steph.
1357 4827 1671 4893 οὐδετέρως
1708 4831 2053 4895 pronunciat.
2159 4831 2194 4881 l.
2220 4833 2287 4883 28
2325 4847 2502 4884 canon
2526 4837 2613 4885 est
2636 4847 2701 4883 ex
2727 4833 2975 4900 Theogn.
3008 4835 3121 4897 101,
3147 4836 3231 4885 20.
