3664 5546
1129 433 1134 438 ·
1171 414 1330 468 ΠΕΡΙ
1373 412 1764 468 ΚΑΘΟΛΙΚΗΕ
1799 411 2223 468 ΠΡΟΕΩῑΔΙΑΕ
2263 414 2323 465 Α.
2959 409 3044 476 35

459 586 855 668 λουτρών,
901 583 1220 664 ἀνδρών
1268 585 1358 650 ὡς
1400 586 1756 664 περιεκτικὰ
1801 585 2108 652 ὀξύνεται.
2196 584 2286 649 ῶς
2331 584 2403 648 δὲ
2447 582 2552 648 ἐπὶ
2593 582 2853 648 πόλεων
2898 580 3044 649 ὀξύ-

461 709 684 754 νονται
715 688 782 753 Ἀ
796 688 1049 768 ν,τρών
1083 685 1434 766 «ἀγχίαλον
1465 688 1530 752 τ’
1559 689 1923 767 Ἀντρῶνα»
1961 687 2037 769 (Β
2068 684 2238 768 697).
2301 684 2672 764 Ζηνόδοτος
2703 685 2775 749 δὲ
2805 683 3040 764 γράφει

459 789 810 869 «ἀγχιάλην
864 789 1247 867 Ἀντρῶνα».
1335 791 1438 853 καὶ
1492 789 1547 854 εἰ
1591 793 1880 869 θηλυκῶς
1935 790 2008 854 δὲ
2068 788 2315 865 λέγεται
2368 788 2408 866 ἡ
2455 788 2735 866 Ἀντρών
2750 836 2768 871 ,
2824 786 3045 851 κοινόν
3144 837 3149 842 .

458 892 585 957 ἑςτι
627 893 703 957 τὸ
749 889 988 972 ὄνομα,
1051 890 1088 954 ὁ
1145 890 1452 969 ἀγχίαλος
1506 892 1608 974 καὶ
1662 893 1702 971 ἡ
1761 891 2081 972 ἀγχίαλος.
2173 891 2420 967 λέγεται
2476 892 2548 956 δὲ
2603 890 2709 954 διὰ
2762 889 2838 954 τὸ
2893 888 3048 953 τοὺς

455 995 700 1060 τόπους
755 992 1102 1072 ἀντρώδεις
1176 990 1357 1058 εἶναι.
1446 992 1724 1074 Ἑβρών
1779 995 1967 1059 πόλις
2035 994 2105 1058 ἐν
2166 992 2492 1076 Χαναναία
2556 996 2668 1072 τῆς
2722 991 3042 1056 Ἰουδαίας.
3074 1000 3106 1050 5

459 1097 799 1178 Ἰςτρών,
847 1095 938 1184 ᾡς
981 1093 1436 1175 Ἀρτεμίδωρός
1481 1118 1671 1176 φηςιν
1714 1096 1986 1177 Ἴςτρον,
2030 1096 2223 1160 πόλιν
2273 1095 2527 1175 Κρήτης.
2586 1095 2663 1160 τὸ
2710 1094 2781 1159 δὲ
2820 1093 3046 1160 Δεξι-

460 1203 672 1277 κρῶν
716 1198 818 1261 καὶ
862 1196 974 1276 Ἑρ
988 1218 1133 1276 μοκ
1148 1201 1306 1277 ρῶν
1360 1199 1770 1278 παιδοτρίβης
1825 1218 1918 1262 τις
1962 1197 2296 1276 ἱςτορεῑται
2356 1197 2446 1263 ὡς
2491 1196 2596 1262 διὰ
2638 1199 2755 1262 τοῦ
2797 1198 2879 1260 V?
2920 1198 3050 1261 κλι-

460 1300 702 1381 νόμενα
743 1301 1135 1377 περιςπᾶται.

630 1401 726 1466 Τὰ
770 1400 858 1466 εἰς
899 1404 1038 1479 ’ρων
1085 1403 1167 1481 μὴ
1211 1402 1710 1481 παραληγόμενα
1753 1409 1830 1487 τῇ
1874 1405 1942 1466 δί
1984 1403 2024 1482 ἢ
2070 1406 2135 1465 αἶ
2180 1402 2548 1486 διφθόγγῳ,
2594 1400 2649 1465 εἰ
2693 1402 2773 1482 μὴ
2819 1401 3051 1466 τοπικὰ

464 1503 560 1583 εἴη
606 1504 645 1581 ἢ
689 1504 877 1568 πόλει
920 1503 1275 1588 ὁμωνυμεῑ,
1324 1504 1742 1587 βαρύνονται,
1802 1504 2112 1588 Θήρων,
2161 1503 2465 1587 Νέρων,
2519 1504 2807 1587 γέρων,
2855 1504 3047 1583 Τρή-
3090 1512 3154 1563 10

465 1626 653 1688 ρων,
713 1605 992 1684 Χάρων
1020 1654 1039 1688 ,
1098 1606 1397 1686 Χείρων
1458 1607 1780 1685 Χείρωνος
1834 1605 1939 1670 ἐπὶ
2006 1610 2125 1671 τοῦ
2189 1607 2551 1684 Κενταύρου
2608 1606 2711 1670 καὶ
2762 1605 3052 1685 χείρων

465 1707 759 1786 χείρονος
813 1707 891 1771 τὸ
946 1709 1369 1790 ςυγκριτικόν,
1428 1709 1749 1791 Μάρων,
1809 1707 2090 1788 Νάρων
2146 1709 2463 1791 ποταμός,
2497 1707 2787 1786 ,Εάρων
2851 1708 3053 1773 τόπος

467 1810 845 1891 Τροιζῆνος,
891 1809 1239 1892 πτέρων,
1296 1810 1606 1893 Πέρων,
1660 1809 1963 1893 Φὲρων,
2020 1809 2308 1893 Ἱέρων,
2354 1810 2724 1893 Ἀχέρων,
2781 1809 3053 1892 εἴρων,

468 1910 850 1992 ἀπείρων,
894 1909 1314 1994 Ὑπείρων,
1361 1912 1534 1991 (κίρ
1554 1933 1689 1995 ων,
1738 1912 2064 1996 Μύρων,
2122 1912 2425 1990 Πύρων.
2512 1913 2589 1977 τὸ
2648 1914 2720 1977 δὲ
2775 1911 3054 1994 οἰρών,

469 2013 676 2078 οὕτως
722 2014 793 2077 δὲ
837 2013 877 2091 ἡ
923 2013 1179 2106 χάραξις
1221 2018 1338 2078 τοῦ
1384 2013 1699 2095 ἀρότρου,
1754 2016 1857 2078 καὶ
1910 2014 2270 2095 ςφαιρών
2327 2015 2431 2079 καὶ
2475 2012 2781 2093 Χαιρών
2840 2012 3051 2092 ὄνομα
3092 2022 3157 2072 15

468 2116 707 2194 κύριον.
792 2117 1029 2181 τοῦτον
1085 2117 1157 2179 δὲ
1214 2118 1677 2194 μυθολογοῡςιν
1723 2115 2135 2182 ’Λπόλλωνος
2188 2117 2291 2180 καὶ
2348 2116 2629 2198 Θηροῦς,
2690 2116 2781 2181 ὡς
2836 2114 3053 2181 Ἑλλά-

469 2238 644 2283 νικος
688 2217 967 2301 δευτέρῳ
1010 2216 1259 2296 ἱερειῶν
1303 2217 1505 2296 Ἥρας
1545 2253 1630 2263 -
1676 2217 1780 2281 διὰ
1823 2219 1938 2282 τὰς
1982 2218 2391 2297 διφθόγγους.
2479 2219 2581 2282 καὶ
2624 2219 2700 2283 τὸ
2745 2239 2843 2296 πρ
2869 2223 3055 2283 οθυ-

469 2320 658 2400 ρών,
704 2319 991 2400 θυρών,
1036 2317 1380 2400 ἀχυρών,
1424 2318 1811 2397 Πλευρών
1857 2319 2029 2398 ἥρως
2070 2321 2174 2384 καὶ
2205 2319 2390 2384 πόλις
2418 2319 2761 2401 Αἰτωλίας,
2808 2321 3056 2398 Βραυ-

472 2422 626 2499 ρών
656 2420 828 2514 ἥρως
859 2421 962 2484 καὶ
993 2423 1191 2498 δῆμος
1220 2423 1331 2498 τῆς
1361 2420 1667 2502 Ἀττικῆς,
1714 2420 2100 2504 Τιταρών,
2144 2420 2316 2499 ἥρως
2345 2422 2446 2485 καὶ
2466 2421 2663 2503 ,πόλις
2693 2421 3056 2503 Θετταλίας,

470 2525 550 2602 ἣν
595 2522 866 2601 Τίταρον
911 2521 1270 2602 Λυκόφρων
1318 2520 1412 2605 (v.
1459 2520 1612 2606 904)
1671 2523 1852 2604 φηςί,
1903 2522 2291 2600 Κιθαιρών
2350 2523 2439 2587 ώς
2491 2523 2722 2587 τοπικὰ
2774 2524 2815 2602 ἢ
2870 2524 3055 2588 πόλει
3091 2535 3161 2586 20

472 2624 794 2704 ὁμώνυμα.
1266 2698 1276 2719 ι
1954 2699 1965 2709 .
2757 2683 2763 2689 .

641 2726 734 2791 Τὰ
779 2724 867 2791 εἰς
911 2727 1046 2791 {Tu-V
1089 2724 1384 2805 ἀρςενικὰ
1427 2725 1531 2791 καὶ
1573 2726 1846 2811 θηλυκά,
1893 2726 1948 2792 εἰ
1994 2727 2073 2806 μὴ
2119 2724 2335 2792 ἐθνικὰ
2389 2724 2485 2806 εἴη
2539 2726 2579 2806 ἢ
2637 2727 2742 2794 ἐπὶ
2796 2727 3057 2795 πόλεων

607 3019 643 3070 l.
684 3022 708 3069 1
760 3016 838 3069 ὡς
874 3017 936 3069 δὲ
982 3015 1077 3068 ἐπὶ
1109 3016 1343 3069 πόλεων
1380 3021 1436 3068 ct
1468 3032 1609 3082 quae
1655 3017 1726 3068 ad
1764 3016 2018 3083 Ἀντρών
2063 3033 2096 3067 a
2136 3018 2320 3083 posita
2355 3022 2509 3082 sunt,
2545 3034 2610 3069 ex
2648 3018 2728 3072 St.
2767 3019 2830 3069 Β.
2868 3021 2990 3081 101,
3026 3019 3060 3068 4

474 3088 673 3139 collato
717 3087 1030 3138 Aristonico
1066 3086 1140 3136 ad
1183 3086 1248 3136 Il.
1295 3085 1328 3140 l.
1368 3101 1414 3140 c.
1462 3086 1705 3151 explevi.
1786 3088 1870 3136 De
1910 3085 2074 3151 Ἀντρ
2130 3100 2162 3134 ν
2206 3087 2275 3137 cf.
2323 3087 2492 3136 etiam
2536 3088 2636 3152 Ep.
2682 3087 2841 3136 Hom.
2875 3088 2969 3145 84,
3010 3089 3059 3149 1,

475 3157 571 3206 ubi
616 3156 805 3206 eadem
851 3155 1179 3220 originum,
1238 3159 1294 3204 et
1337 3154 1598 3204 Eustath.
1648 3155 1720 3204 ad
1760 3156 1918 3204 Hom.
1967 3157 2092 3217 324,
2131 3156 2222 3204 34:
2269 3153 2377 3218 τὴν
2423 3154 2723 3218 Ἀντρωνα
2762 3152 2911 3205 τινὲς
2958 3154 3060 3218 μὲν

476 3223 805 3288 βαρύνουςιν
842 3221 920 3273 ώς
955 3222 1064 3286 τὴν
1101 3221 1329 3286 Ἴτωνα,
1377 3220 1526 3273 τινες
1563 3220 1623 3272 δὲ
1665 3220 1955 3286 Ἀντρῶνά
1999 3235 2166 3285 φαςιν
2214 3221 2292 3274 ώς
2328 3220 2674 3286 Πλευρῶνα,
2714 3215 3058 3287 Ἡρωδίανὸς

475 3291 535 3344 δέ
572 3306 707 3356 φηςι
744 3290 822 3342 ὡς
855 3289 1188 3355 Πλευρῶνα.
1362 3291 1397 3341 l.
1436 3292 1468 3341 5
1504 3287 1712 3354 Ἐβρών
1749 3306 1817 3341 ex
1855 3291 1935 3341 St.
1971 3291 2035 3344 B.
2072 3292 2191 3354 260,
2230 3293 2278 3354 1,
2319 3288 2539 3354 Ἰςτρών
2574 3294 2693 3355 341,
2732 3294 2781 3342 3.
2958 3292 2990 3342 l.
3025 3293 3058 3341 6

475 3361 763 3424 Δεξικρῶν
808 3375 905 3425 pro
953 3357 1210 3425 Ἐξικρὼν
1257 3359 1468 3412 emend.
1517 3359 1655 3409 Lob.
1701 3357 1769 3408 ad
1804 3358 1892 3413 Ai.
1937 3375 1988 3423 p.
2028 3361 2123 3409 172
2168 3365 2284 3409 not.
2358 3356 2677 3423 Ἑρμοκρῶν
2726 3360 2946 3425 explevi
2992 3375 3059 3410 ex

476 3430 622 3479 Mon.
659 3431 708 3492 9,
746 3430 828 3479 32.
964 3428 1003 3480 l.
1043 3432 1107 3478 10
1141 3443 1238 3492 pro
1278 3425 1473 3490 Νέρων
1509 3427 1646 3483 Lob.
1683 3426 1756 3477 ad
1789 3427 1875 3479 Ai.
1915 3428 2009 3477 172
2044 3425 2240 3491 “l-{pulv
2276 3426 2364 3477 vel
2402 3425 2573 3490 εἴρων
2609 3429 2922 3492 proposuit,
2961 3428 3059 3478 sed

476 3501 661 3547 exstat
698 3497 867 3546 etiam
902 3511 987 3560 ap.
1015 3496 1231 3558 Choma,
1265 3496 1412 3545 unde
1445 3511 1497 3560 p.
1526 3497 1616 3552 79,
1651 3496 1717 3545 28
1753 3492 1957 3559 Χάρων
1980 3522 2045 3529 -
2075 3492 2279 3560 Νάρων
2307 3495 2528 3554 addidi,
2568 3493 2766 3559 (άρων
2795 3512 2861 3547 ex
2887 3496 2967 3546 St.
2996 3496 3061 3549 Β.

476 3567 593 3626 557,
621 3566 709 3627 14;
748 3561 977 3626 πτέρων
1002 3591 1066 3597 ——
1092 3561 1294 3626 Φέρων
1317 3563 1563 3629 Theogn.
1589 3565 1673 3627 36,
1704 3565 1782 3625 19,
1810 3561 1994 3626 Ἱέρων
2020 3562 2217 3614 Choer.
2242 3566 2368 3626 2863
2401 3562 2649 3627 Ἀχέρων
2674 3563 2754 3616 St.
2782 3565 2844 3614 B.
2871 3566 2986 3627 152,
3012 3566 3061 3626 5,

480 3630 650 3696 εἴρων
697 3632 892 3682 Choer.
941 3633 1066 3694 287,
1119 3634 1208 3695 17,
1255 3631 1500 3697 Theogn.
1548 3633 1639 3693 37,
1691 3632 1720 3680 7
1734 3649 1747 3692 3
1794 3628 2049 3694 ἀπείρων
2097 3647 2165 3680 ex
2211 3631 2356 3693 eod„
2403 3629 2687 3696 Ὑπείρων
2732 3631 2930 3686 Choer.
2981 3634 3062 3683 79.

381 3768 382 3771 ¹
479 3697 697 3764 (κίρων
734 3698 814 3750 St.
853 3701 914 3750 Β.
949 3700 1066 3762 575,
1108 3701 1186 3763 10,
1225 3697 1442 3763 Μύρων
1479 3715 1545 3749 ex
1585 3698 1702 3752 eod.
1739 3701 1858 3761 462,
1902 3702 1981 3761 17,
2019 3696 2233 3762 Πύρων
2271 3703 2386 3761 541,
2421 3702 2506 3751 43.
2712 3699 2748 3753 1.
2791 3702 2853 3749 14
2887 3696 3063 3763 οἰρών

476 3769 615 3819 Lob.
651 3768 723 3817 ad
758 3768 842 3817 Αἰ.
883 3768 980 3817 172
1015 3773 1227 3816 mutare
1262 3768 1441 3831 voluit
1476 3767 1534 3816 in
1570 3765 1828 3831 χοιρών,“
1855 3766 1955 3817 sed
2002 3772 2186 3817 exstat
2230 3768 2394 3817 etiam
2438 3783 2525 3833 ap.
2564 3768 2811 3832 Theogn.
2847 3770 2938 3826 38,
2976 3770 3060 3828 31,

478 3837 623 3886 unde
662 3836 1085 3900 explicationem
1121 3834 1329 3898 adieci,
1368 3842 1423 3885 et
1460 3851 1544 3900 ap.
1582 3836 1743 3886 Hem:
1791 3832 1967 3899 οίρών
2003 3830 2038 3896 ἡ
2077 3832 2140 3886 ἐκ
2175 3826 2277 3899 τῆς
2314 3833 2780 3900 καταμετρήςεως
2815 3837 2920 3900 τῆς
2954 3838 3060 3900 γῆς

480 3901 789 3967 εὐθυωρία;
836 3900 1088 3968 ςφαιρών
1133 3918 1230 3969 pro
1269 3901 1508 3966 ςχαιρών
1543 3904 1681 3954 Lob.
1723 3901 1761 3957 1.
1800 3920 1844 3952 c.
1914 3900 2136 3966 Χαιρών
2174 3904 2411 3953 accessit
2458 3920 2525 3955 ex
2559 3903 2807 3969 Theogn.
2844 3906 2939 3968 38,
2978 3906 3060 3966 31,

479 3977 819 4037 quamquam·
850 3973 1123 4036 proprium
1168 3971 1334 4036 vulgo
1370 3972 1672 4035 barytonos
1708 3970 1995 4034 scribitur,
2042 3978 2103 4021 ut
2151 3972 2318 4021 etiam
2367 3988 2450 4037 ap.
2489 3971 2568 4023 St.
2606 3973 2668 4021 B.
2705 3973 2832 4029 673,
2869 3974 2900 4021 2
2938 3969 3061 4023 Χαι-

479 4039 688 4104 ρώνεια
726 4038 989 4104 κέκληται
1026 4037 1140 4090 ἀπὸ
1177 4037 1490 4102 Χαίρωνος;
1532 4040 1770 4089 fortasse
1807 4039 1877 4089 ab
1917 4039 2370 4103 epitomatoribus
2413 4040 2613 4090 turbae
2658 4039 2749 4089 hic
2786 4039 3062 4089 excitatae

481 4113 628 4171 sunt,
663 4109 746 4157 ita
780 4113 843 4157 ut
879 4109 1142 4173 scriptum
1179 4108 1350 4157 fuerit
1386 4106 1476 4157 καὶ
1517 4104 1789 4171 Κιθαιρών
1827 4104 2094 4169 (τοπικὴν
2131 4106 2354 4157 ἔννοιαν
2381 4106 2536 4171 ἔχον)
2574 4105 2662 4158 διὰ
2696 4106 2798 4158 τὰς
2833 4105 3062 4171 διφθόγ-

481 4190 629 4238 γους.
707 4174 776 4226 τὸ
821 4174 882 4226 δὲ
926 4172 1149 4238 Χαίρων
1197 4174 1376 4236 ὄνομα
1421 4173 1614 4238 κύριον
1659 4172 1971 4237 βαρύνεται.
2054 4171 2327 4238 Κιθαιρών
2372 4175 2462 4224 hic
2505 4177 2843 4227 nominatum
2890 4176 3063 4226 fuisse

481 4244 846 4295 certissimum
884 4251 986 4306 est,
1024 4259 1191 4308 quare
1230 4245 1286 4293 in
1322 4242 1429 4293 fine
1468 4242 1684 4306 addidi,
1723 4246 2057 4292 memoratur
2093 4243 2237 4293 enim
2275 4244 2333 4293 in
2368 4244 2433 4297 E.
2472 4244 2544 4292 M.
2580 4246 2704 4299 513.
2743 4245 2810 4293 29
2853 4244 2910 4292 in
2946 4243 3063 4293 loco

484 4329 551 4362 ex
586 4311 1257 4377 Herodianotdcprompto
1293 4317 1354 4362 ut
1389 4317 1669 4376 oxytonon
1705 4316 1929 4375 propter
1963 4310 2195 4360 localem
2228 4310 2587 4360 intellectum.
2656 4309 2936 4374 Πλευρὼν
2973 4327 3065 4361 ex-

483 4382 632 4445 plevi
668 4396 736 4430 ex
773 4379 851 4432 St.
879 4379 939 4428 B.
963 4382 1081 4441 527,
1112 4383 1190 4443 13,
1229 4380 1298 4430 ob
1336 4379 1563 4429 canonis
1599 4378 1935 4430 sententiam
1973 4378 2162 4428 addidi
2196 4378 2351 4442 ἥρως
2387 4380 2599 4444 pariter
2621 4383 2789 4444 atque
2815 4377 3062 4444 Theogn.

483 4450 565 4511 38,
603 4450 664 4498 31
706 4446 976 4512 Βραυρών
1014 4446 1194 4511 ὄνομα
1229 4448 1418 4511 ἥρωος
1454 4447 1604 4496 dicit.
1677 4444 1948 4510 Βραυρών
1984 4462 2051 4496 ex
2089 4446 2335 4511 Theogn.
2372 4446 2406 4496 l.
2443 4464 2487 4497 e.
2527 4453 2584 4497 et
2621 4448 2701 4497 St.
2736 4447 2800 4500 B.
2843 4448 2955 4503 184,
2983 4449 3064 4508 11,

484 4513 744 4579 Τιταρών
783 4532 849 4581 ex
888 4515 1006 4566 eod.
1044 4518 1160 4573 627,
1200 4519 1253 4576 3,
1300 4515 1453 4579 ἥρως
1492 4512 1752 4578 Τιτάρων
1789 4521 2122 4564 memoratur
2164 4516 2223 4564 in
2260 4514 2441 4566 Schol.
2489 4515 2562 4565 ad
2599 4512 2836 4580 Apollon
2889 4514 3067 4568 Rhod.

482 4585 508 4634 Ι
545 4587 644 4635 965
681 4589 741 4635 ut
777 4580 1055 4648 Πλευρὼν
1091 4584 1163 4635 ad
1199 4585 1228 4634 I
1265 4586 1377 4635 146.
1550 4583 1583 4635 l.
1622 4586 1687 4634 20
1722 4580 1888 4633 πόλει
1922 4582 2124 4632 addidi.
2196 4584 2370 4634 Omisi
2404 4589 2625 4648 propter
2662 4583 3067 4648 discrepantem

484 4656 763 4702 accentum
799 4650 1129 4717 Παρπάρων
1173 4650 1380 4717 χωρίον
1427 4649 1489 4701 ἐν
1525 4647 1675 4716 Ἀςίᾳ
1713 4647 1999 4714 Αίολικόν,
2047 4648 2182 4702 ἔνθα
2218 4648 2526 4715 ίςτοροῦςιν
2564 4647 2884 4702 Ἑλλάνικον
2930 4648 3067 4701 ἀπο-

485 4722 702 4781 θανεῖν,
742 4718 820 4770 ώς
861 4719 1289 4786 Ἀπολλόδωρος
1327 4719 1389 4770 ἐν
1423 4719 1703 4783 χρονικῶν
1739 4716 2013 4786 δευτέρῳ·
2050 4717 2199 4769 τινες
2245 4718 2306 4769 δὲ
2342 4717 2724 4783 Περπερηνήν
2757 4720 2934 4770 τοῦτο
2973 4732 3066 4769 κα-

488 4788 668 4851 λοῠςι,
705 4789 800 4838 ubi
835 4789 954 4838 cod.
989 4789 1448 4855 Rhedingeranus
1484 4788 1651 4839 habet
1686 4784 2032 4852 Παρπαρών.
2237 4787 2274 4842 Ι,
2312 4790 2377 4838 22
2413 4786 2504 4838 καί
2541 4784 2757 4851 θηλυκά
2793 4787 2978 4838 adieci
3013 4792 3071 4838 et

487 4855 524 4919 ἢ
560 4854 669 4906 ἐπὶ·
701 4855 931 4906 πόλεων
977 4863 1194 4924 propter
1237 4858 1317 4907 St.
1353 4857 1415 4906 B.
1452 4872 1496 4908 s.
1540 4854 1726 4908 Αίςών
1771 4882 1835 4889 ——
1883 4854 2157 4907 ὁξύτονον
2201 4855 2271 4907 τὸ
2319 4854 2517 4908 Αίςών.
2596 4854 2669 4906 τὰ
2713 4854 2820 4919 γὰρ
2866 4853 2945 4908 εἰς
2985 4857 3069 4907 ιἰΓν

487 4922 784 4985 διςύλλαβα
821 4921 913 4974 ἐπὶ
951 4924 1181 4977 πόλεων
1218 4924 1488 4977 ὀξύνεται.

2561 5007 2659 5071 3*
