3664 5546
1179 389 1336 443 ΠΕΡΙ
1378 388 1769 445 ΚΑΘΟΛΙΚΗ(
1805 390 2227 447 ΠΡΟΕΩιΔΙΑ(
2265 393 2326 447 Α.
2962 392 3048 459 25

470 561 716 637 λέγεται
761 559 991 639 κόςμος
1036 560 1075 626 6
1119 561 1264 640 περὶ
1298 562 1451 629 τοὺς
1483 562 1857 647 βραχίονας,
1903 562 2186 648 ψίδων,
2236 566 2556 634 Κύνδων
2602 568 2812 649 ὄνομα
2842 590 3042 635 ποτα·
3098 590 3112 610 ·

469 667 607 743 μοῦ.
672 664 748 727 τὸ
795 664 868 727 δὲ
913 662 1158 729 (ιδών
1204 665 1388 730 πόλις
1433 664 1746 745 Φοινίκης.
1840 665 2169 733 Ἑκαταῖος·
2206 668 2419 734 'Atiae
2487 670 2653 736 ἀλλὰ
2697 674 2799 737 καὶ
2842 672 3045 740 (ιδών

467 764 732 831 ἐθνικόν.
821 765 1142 832 Ὀξύνεται
1188 768 1260 831 δὲ
1301 767 1380 832 τὰ
1424 768 1530 832 διὰ
1582 772 1699 833 τοῦ
1744 772 1782 834 ὃ
1827 769 2031 849 μόνον
2089 771 2430 850 κλινόμενα
2484 771 2628 840 οἷον
2675 775 3046 861 Μυγδών,

469 867 815 951 (αρδών,
881 868 920 933 ὃ
984 874 1060 952 τῇ
1117 867 1352 948 (αρδοῑ
1415 869 1785 949 παράκειται
1854 872 1943 936 ώς
2004 878 2080 956 τῇ
2135 873 2337 939 Πυθώ
2390 875 2665 960 Πυθών,
2726 879 3045 961 ςινδών,

471 971 809 1049 Μαρδών
856 971 1309 1049 Ἠπειρωτικὸν
1354 973 1560 1039 ἔθνος.
1626 973 1899 1038 Εὔπολις
1928 974 2163 1040 Πόλεςι
2210 977 2352 1041 «καὶ
2383 977 2652 1043 Χαόνων
2699 981 2800 1047 καὶ
2841 980 3040 1046 Παιό-
3072 999 3105 1049 5

466 1094 600 1140 νων
645 1074 747 1137 καὶ
792 1073 1198 1151 Μαρδόνων»
1246 1073 1478 1157 (Mein.
1516 1097 1580 1162 p.
1617 1074 1738 1138 199
1781 1072 1885 1139 ed.
1930 1075 2143 1162 mim),
2188 1080 2541 1163 φλεδών,
2586 1083 2913 1161 κληδών.
2969 1084 3046 1150 τὸ

467 1176 541 1240 δὲ
585 1175 1462 1271 Ἠδῶνες-ιὲαπέπλαςται
1507 1178 1577 1243 ἐκ
1618 1182 1735 1244 τοῦ
1781 1179 2084 1245 Ἠδωνοί·
2142 1182 2437 1257 λέγονται
2493 1184 2566 1248 δὲ
2610 1185 2711 1249 καὶ
2754 1184 3046 1252 Ἠδῶναι.

638 1277 731 1341 Τὰ
786 1277 874 1343 εἰς
928 1284 1062 1345 δων
1118 1280 1278 1359 ὑπὲρ
1334 1280 1455 1346 δύο
1500 1281 1842 1364 ςυλλαβὰς,
1899 1282 1954 1347 εἰ
2006 1284 2447 1362 παραλήγοιτο
2501 1291 2593 1370 τῷ
2640 1307 2677 1351 ο
2734 1288 2773 1366 ἢ
2818 1292 2862 1352 ἃ
2903 1289 2942 1367 ἢ
2988 1310 3047 1371 υ,

474 1380 810 1461 βαρύνεται
878 1379 1024 1447 οἷον
1080 1381 1424 1466 ἀνόδων,
1482 1384 1966 1468 χαυλιόδων,
2026 1385 2412 1470 Κινάδων,
2470 1388 2865 1472 Κελάδων,
2920 1391 3046 1456 ἔςτι

469 1484 541 1547 δὲ
585 1482 794 1563 ὄνομα
836 1489 1166 1567 ποταμοῦ,
1210 1484 1695 1567 Παμπάδων,
1745 1485 2132 1563 Κορύδων.
2430 1488 2435 1496 ’
3086 1512 3150 1563 10

636 1586 729 1650 Τὰ
772 1585 861 1651 εἰς
905 1573 1041 1652 ’δῖν
1088 1587 1594 1668 ύπερδιςύλλαβα
1638 1587 1927 1655 ὀξύνεται
1971 1590 2430 1669 παραλήγοντα
2460 1599 2552 1677 τῷ
2599 1596 2631 1656 ῑ
2677 1594 2716 1672 ἢ
2762 1592 3049 1673 ὀνόματα

467 1688 626 1753 ὄντα
678 1688 937 1754 πόλεων
990 1689 1030 1768 ἢ
1089 1690 1334 1772 ἐθνικά,
1393 1690 1730 1770 Ἀμυδών
1787 1690 1975 1756 πόλις
2026 1691 2336 1759 Παιονίας
2383 1694 2692 1774 «τηλόθεν
2748 1696 2812 1765 ἐξ
2868 1697 3047 1777 Ἀμυ-

467 1795 675 1856 δῶνος
731 1789 852 1855 ἀπ’
908 1792 1112 1857 Ἀξίου
1184 1792 1338 1870 εὐρὺ
1395 1792 1701 1872 ῥέοντος»
1761 1789 1873 1874 (Il.
1917 1793 1991 1875 2,
2039 1792 2193 1878 849)
2248 1797 2351 1860 καὶ
2415 1796 2617 1879 ἥρως,
2678 1799 3047 1867 Καλυδών

467 1893 652 1959 πόλις
703 1893 1007 1960 Αἰτωλία(
1060 1893 1192 1959 ἀπὸ
1252 1894 1634 1961 Καλυδῶνος
1689 1894 2110 1974 Ἐνδυμίωνος
2162 1897 2202 1977 ἢ
2258 1898 2546 1964 Αἰτωλοῦ
2591 1899 2749 1965 υἱοῦ.
2837 1901 3047 1982 Ἀβυ-

467 1995 622 2060 δών
679 1996 919 2074 χωρίον
978 1996 1377 2062 Μακεδονίας
1438 1997 1527 2062 ὡς
1584 1995 1884 2078 (τράβων
1941 1996 2009 2081 (7
2068 2019 2131 2083 p.
2177 1998 2349 2084 330).
2451 2001 2779 2070 Ἀπιδών
2836 2002 2875 2068 6
2930 2006 3044 2084 τὴν
3085 2024 3149 2077 15

466 2078 717 2179 Ἀπίαν,
775 2098 866 2163 ώς
910 2097 974 2163 οἱ
1017 2098 1321 2178 νεώτεροι
1365 2099 1440 2163 τὸ
1485 2100 1717 2177 Ἀργος
1760 2100 1951 2179 φαςίν
1967 2150 1986 2182 ,
2042 2106 2373 2168 κατοικῶν.
2462 2102 2790 2172 Ἀπιδόνες
2835 2108 2906 2172 δὲ
2948 2109 3052 2172 καὶ

466 2198 529 2265 οἱ
585 2199 880 2278 Ἀρκάδες
934 2199 1065 2266 ἀπὸ
1122 2201 1458 2268 Ἀπιδόνος
1515 2205 1810 2282 ποταμοῦ
1876 2202 1916 2280 ἢ
1971 2207 2090 2267 τοῦ
2147 2202 2291 2268 υἱοῦ
2348 2203 2711 2283 Φορωνέως
2766 2208 3048 2274 Ἄπιδος.

464 2302 805 2381 χελιδών
850 2303 925 2368 τὸ
969 2302 1205 2381 ὄρνεον
1261 2305 1362 2368 κἀὶ
1408 2304 1760 2368 Χελιδών
1807 2303 1845 2367 6
1891 2304 2239 2387 βάρβαρος,
2288 2307 2636 2372 Χελιδόνας
2689 2310 2812 2390 γὰρ
2870 2309 3048 2390 ἀρςε-

464 2409 655 2469 νικῶς
696 2405 849 2469 τοὺς
893 2405 1251 2486 βαρβάρους
1294 2406 1439 2471 Ἴων
1483 2405 1555 2471 ἐν
1586 2406 1880 2491 Ὀμφάλῃ
1925 2408 2116 2487 φηςἰν
2164 2408 2254 2473 ὡς
2298 2410 2400 2473 καὶ
2429 2409 2731 2488 Αἰςχύλος
2776 2413 2852 2478 τὸ
2900 2418 3045 2493 βαρ-

467 2506 738 2587 βαρίζειν
779 2507 1192 2585 χελιδονίζειν
1229 2508 1435 2588 (ρηςίν.
1496 2508 1621 2573 ἔςτι
1667 2510 1739 2574 δὲ
1784 2509 1889 2573 καὶ
1933 2510 2219 2585 Χελιδών
2257 2504 2408 2589 ’περὶ
2449 2513 2726 2585 τελετῶν
2772 2514 3043 2594 γράψας
3084 2537 3154 2588 20

468 2609 913 2689 Μυρμιδών.

634 2710 726 2777 Τὰ
781 2711 869 2777 εἰς
923 2700 1059 2778 διῖἷν
1115 2714 1356 2791 θηλυκὰ
1399 2712 1721 2796 ὀξύνεται,
1779 2713 2163 2798 ληθεδών,
2219 2714 2598 2800 τηκεδών,
2656 2719 3048 2804 ςηπεδών,

465 2813 759 2898 ἀηδών,
804 2814 1247 2899 ἀκηχεδών,
1292 2815 1683 2898 ἀλθεδών,
1729 2817 2124 2899 τυφεδών,
2170 2817 2209 2881 ὃ
2253 2817 2428 2895 παρὰ
2472 2823 2563 2903 τῷ
2613 2819 2942 2906 Κυρηναίῳ

1353 2919 1433 2983 τὰ
1478 2920 1550 2984 δὲ
1594 2922 1712 2984 νῦν
1756 2920 2009 2999 πολλὴν
2054 2923 2401 3001 τυφεδῶνα

954 3020 1297 3099 λεςχαίνεις
1325 3057 1412 3068 -

466 3208 761 3272 εὐνοῦχος,
801 3206 1032 3261 ςπαδών
1068 3206 1354 3261 ὀξυτόνως
1391 3208 1460 3260 τὸ
1498 3206 1716 3272 ςπάςμα
1751 3210 1916 3264 Phot.
1942 3209 2096 3260 Suid.
2144 3208 2363 3263 λακίδες
2401 3211 2677 3264 ςπαδόνες
2714 3214 2866 3276 Hem,
2904 3215 3052 3281 quod

465 3283 762 3341 oxytonum
797 3277 885 3328 hie
919 3278 1364 3342 praetermissum
1400 3283 1510 3336 est3
1552 3275 1747 3329 Κύδων
1783 3278 2049 3344 Theogn„
2086 3276 2297 3342 χλίδων
2322 3280 2538 3344 Οῑιοετ.,
2575 3278 2761 3344 ψίδων
2784 3282 2936 3334 Theo
3017 3321 3049 3348 .‚

466 3346 534 3396 de
571 3361 675 3410 quo
711 3346 848 3398 Lob.
887 3344 959 3395 ad
994 3345 1076 3395 Αἰ.
1111 3346 1145 3395 l.
1182 3362 1227 3396 e.
1266 3352 1379 3400 not.
1420 3349 1509 3398 15:
1555 3346 1687 3398 Hes.
1726 3345 1955 3410 ψιδόνες
1992 3352 2049 3398 et
2084 3347 2373 3412 ψυδῶνες,
2413 3349 2563 3400 Suid.
2602 3349 2874 3415 ψιδώνες,
2957 3351 3051 3403 ύν-

466 3414 583 3466 δων
619 3414 864 3480 Theogn.
939 3411 1120 3465 (ιδών
1157 3414 1374 3480 explevi
1420 3431 1486 3465 ex
1525 3417 1602 3465 St.
1637 3416 1718 3472 B..
1755 3415 1825 3466 de
1866 3414 2148 3466 declinata
2184 3416 2347 3467 huius
2383 3417 2534 3469 vocis
2571 3419 2691 3483 agit
2714 3419 2920 3470 Herod.
2959 3436 3047 3486 ap.

463 3482 723 3538 Eustath.
761 3481 832 3532 ad
869 3483 1025 3532 Hom.
1065 3483 1214 3545 1741,
1253 3483 1319 3532 26
1356 3487 1413 3533 et
1456 3482 1529 3533 ad
1565 3483 1792 3548 Dionys.
1831 3485 1953 3546 117,
1992 3499 2152 3548 quem
2198 3483 2377 3535 locum
2422 3485 2482 3535 in
2528 3487 2839 3538 onomatieo
2876 3489 3050 3540 Hero-

466 3550 621 3600 diani
655 3565 971 3616 proponam.

633 3617 667 3668 1.
702 3622 735 3669 3
781 3634 879 3684 pro
927 3621 960 3670 δ’
997 3616 1173 3681 μόνου
1218 3619 1532 3671 emendavit
1577 3619 1711 3669 Lob.
1759 3618 1830 3669 ad
1868 3620 1952 3669 Αἰ.
2003 3621 2097 3669 169
2142 3623 2175 3671 ὃ
2222 3619 2426 3684 μόνον,
2483 3637 2608 3673 nam
2662 3624 2930 3675 nonnulla
2984 3642 3051 3676 ex

464 3694 631 3738 antea
667 3687 856 3737 allatis
883 3687 1047 3754 'velut
1075 3684 1270 3737 Νέδων
1306 3687 1515 3739 habent
1551 3687 1608 3737 in
1644 3688 1905 3752 genetivo
1944 3691 2093 3742 μῖνος
2129 3695 2187 3739 et
2222 3692 2405 3742 οἶκτός.
2478 3688 2755 3755 Μυγδών,
2796 3691 2940 3756 quod
2979 3695 3050 3744 ab

464 3754 784 3806 Herodiano
829 3771 916 3820 ap.
954 3753 1246 3805 Arcadium
1290 3755 1545 3819 oxytonis
1587 3755 2005 3823 adnumeratur,
2047 3759 2125 3810 st.
2166 3758 2227 3807 B.
2263 3761 2364 3811 459
2403 3756 2683 3822 Μυγδών,
2721 3759 2819 3810 sed
2855 3762 2981 3820 298,
3020 3765 3051 3812 7

466 3821 763 3884 Μύγδονος
799 3825 1060 3889 seriptum
1097 3826 1185 3873 est
1219 3823 1288 3873 cf.
1325 3824 1460 3874 Lob.
1498 3822 1532 3873 l.
1570 3839 1615 3878 c.
1686 3822 1918 3887 (αρδών
1955 3826 2174 3891 explevi
2210 3842 2277 3877 ex
2315 3829 2396 3878 St.
2436 3827 2496 3876 B.
2534 3830 2663 3889 557,
2704 3829 2760 3890 1,
2799 3825 3051 3892 Μαρδών

464 3908 532 3942 ex
579 3890 772 3942 eodem
819 3892 1027 3944 adieci:
1075 3889 1332 3954 φλεδών,
1380 3892 1523 3957 quod
1565 3892 1768 3942 vitiose
1814 3891 2081 3955 φλεγδών
2138 3895 2398 3961 seriptum
2443 3899 2558 3957 est,
2606 3899 2663 3945 et
2710 3893 2937 3959 κληδών
2983 3912 3051 3948 ex

464 3959 714 4024 Theogn.
748 3961 832 4020 31,
869 3963 948 4012 34.
1025 3957 1267 4010 Ἠδῶνες
1304 3975 1370 4010 ex
1409 3959 1587 4013 Sehol.
1640 3959 1710 4009 ad
1746 3960 1989 4024 Thucyd.
2026 3963 2081 4013 11
2116 3964 2209 4012 99:
2260 3961 2500 4015 Ἠδωνοί
2536 3962 2625 4015 καὶ
2664 3963 3048 4029 μεταπλαςμῷ

468 4026 713 4079 Ἠδῶνες
751 4027 849 4078 ,καὶ
899 4026 1154 4078 Ἠδῶναι.
1223 4025 1409 4080 οὕτως
1457 4025 1811 4092 Ἡρωδιανὸς.
1860 4055 1924 4062 -—-
1969 4027 2199 4082 Ὤδονες
2245 4030 2408 4083 ἔθνος
2455 4029 2677 4095 Θρᾴκης
2725 4047 2813 4096 ap.
2862 4031 2942 4083 St.
2980 4035 3049 4084 B.

465 4098 580 4161 706,
616 4097 650 4148 8
685 4111 721 4144 a
756 4111 965 4146 canone
1002 4097 1243 4147 aberrat.
1393 4096 1427 4146 l.
1465 4098 1496 4147 9
1533 4094 1758 4148 ἀνόδων
1792 4112 1893 4162 pro
1929 4094 2154 4149 ἀκόδων
2192 4099 2540 4150 scribendum
2576 4114 2700 4150 esse
2736 4098 2877 4149 vidit
2910 4100 3049 4152 Lob.

466 4163 536 4214 ad
581 4164 667 4214 Ai.
709 4165 829 4227 166,
878 4164 1046 4229 quod*
1078 4164 1224 4228 fugit
1272 4163 1655 4215 Schmidtium:
1703 4168 1738 4230 ἶ,
1763 4202 1927 4215 .....
1976 4164 2212 4218 Ἀκίδων
2263 4174 2682 4234 proponentem3
2733 4165 3050 4230 χαυλιόδων

465 4233 698 4284 accessit
745 4248 814 4283 ex
860 4232 1057 4286 Choer.
1108 4234 1173 4283 75
1218 4234 1274 4281 et
1317 4232 1560 4298 Theogn.
1599 4236 1691 4295 33,
1733 4229 1999 4285 Κελάδων
2045 4252 2112 4286 ex
2156 4239 2389 4301 utroque
2439 4234 2529 4300 (cf.
2565 4235 2629 4285 Ε.
2666 4235 2736 4284 Μ.
2775 4237 2899 4292 501,
2936 4237 3046 4300 35),

466 4298 800 4363 Παμπάδων
836 4317 902 4352 ex
939 4300 1132 4352 Choer.
1307 4299 1344 4353 l.
1384 4303 1444 4350 11
1481 4302 1748 4366 scriptura
1784 4301 1941 4355 codd.
1976 4303 2068 4354 AB
2110 4318 2125 4353 ι
2161 4302 2195 4366 ἢ
2234 4302 2489 4367 ὀνόματα
2526 4309 2680 4355 recta
2716 4308 2801 4354 est
2839 4301 2905 4367 (C
2941 4318 2973 4355 ο
3012 4305 3046 4369 ἢ

468 4367 738 4432 ὀνόματα)
777 4374 840 4418 ut
875 4369 1018 4419 vidit
1053 4368 1389 4420 Schmidtius
1425 4369 1483 4419 in
1519 4375 1923 4436 programmate
1959 4372 2232 4435 gymnasii
2264 4372 2450 4425 Sedin.
2478 4371 2656 4436 (1864)
2696 4388 2749 4436 p.
2776 4374 2824 4424 8.
2889 4370 3048 4435 Ἀμυ-

467 4434 581 4487 δών
619 4436 839 4502 explevi
875 4454 939 4486 ex
978 4438 1056 4488 St.
1095 4437 1158 4488 B.
1194 4440 1291 4500 87,
1333 4439 1394 4487 12
1432 4441 1489 4486 et
1527 4440 1612 4497 10,
1654 4440 1715 4487 12
1753 4444 1811 4489 et
1848 4437 2045 4489 Choer.
2081 4441 2206 4502 296,
2246 4441 2336 4502 11;
2384 4441 2517 4491 item
2556 4438 2825 4492 Καλυδών
2863 4455 2931 4490 ex
2969 4442 3049 4491 St.

467 4504 526 4558 B.
565 4507 683 4565 350,
721 4507 808 4566 20,
847 4503 1096 4567 Ἀβυδών
1134 4504 1329 4557 addidi
1366 4522 1432 4555 ex
1470 4505 1551 4558 St.
1581 4507 1641 4555 B.
1680 4507 1763 4569 10,
1803 4507 1885 4568 11,
1924 4507 2017 4557 ubi
2053 4506 2259 4558 diserte
2296 4511 2636 4574 appositum:
2676 4506 2932 4560 ὀξύνεται
2968 4508 3049 4563 δέ.

471 4569 713 4623 Ἀπιδών
762 4571 982 4638 explevi
1028 4590 1095 4624 ex
1142 4574 1227 4624 St.
1265 4575 1325 4625 B.
1367 4575 1485 4635 104,
1524 4575 1591 4624 20
1627 4571 1728 4634 (ef.
1776 4574 1958 4627 Strab.
1999 4575 2134 4626 VIII
2218 4612 2231 4624 .
2266 4579 2415 4640 371).
2489 4580 2644 4641 Quae
2690 4576 2763 4627 ad
2809 4575 3049 4639 χελιδών

469 4641 747 4706 supplevi,
787 4646 915 4690 sunt
939 4643 1140 4706 partim
1166 4658 1232 4692 ex
1259 4642 1404 4692 Mon.
1429 4647 1476 4699 9,
1503 4644 1535 4692 6
1562 4637 1798 4704 χελιδών
1835 4641 2121 4704 χελιδόνος
2157 4658 2184 4695 ε
2209 4658 2271 4695 τε
2311 4644 2513 4709 ὄρνεον
2539 4642 2653 4695 εἴτε
2680 4643 2713 4694 ὁ
2740 4643 2868 4708 περὶ
2892 4646 3048 4696 τελε-

469 4712 584 4759 τῶν
608 4706 848 4778 γράψας,
874 4711 1074 4773 partim
1099 4727 1166 4760 ex
1193 4709 1374 4763 Schol.
1403 4710 1473 4760 ad
1500 4710 1665 4760 Arist.
1693 4709 1791 4762 Av.
1822 4711 1968 4774 1680,
2005 4712 2126 4762 ubi:
2166 4712 2255 4762 καὶ
2293 4711 2560 4776 Αἰςχύλος
2595 4711 2664 4763 τὸ
2703 4710 3048 4776 βαρβαρίζειν

470 4775 822 4839 χελιδονίζειν
848 4775 1008 4841 φηςί,
1036 4778 1126 4830 καὶ
1151 4777 1280 4830 Ἴων
1314 4777 1376 4829 ἐν
1411 4775 1668 4842 Ὀμφάλη
1695 4777 1831 4829 τοὺς
1866 4777 2174 4843 βαρβάρους
2199 4780 2487 4843 χελιδόνας
2521 4779 2824 4844 ἀρςενικῶς
2858 4795 3046 4846 φηςιν,

472 4843 544 4896 ὡς
570 4844 912 4909 Ἡρωδιανὸς
957 4844 1018 4898 ἑν
1054 4850 1138 4912 τῷ
1177 4844 1392 4913 πρώτῳ
1429 4848 1530 4910 τῆς
1569 4844 1813 4898 καθόλου
1848 4845 2032 4911 φηςίν.
2081 4846 2388 4913 Μυρμιδών
2425 4847 2605 4899 adieci
2641 4864 2709 4898 ex
2734 4848 2879 4900 Mon.
2905 4853 2955 4912 9,
2986 4854 3047 4901 17

475 4919 528 4963 et
561 4914 809 4978 Theogn.
838 4915 919 4977 32,
956 4917 1036 4964 22.
1173 4915 1209 4966 1.
1235 4917 1299 4968 23
1335 4913 1632 4982 ἀκηχεδών
1668 4943 1732 4950 -—
1769 4914 2039 4980 τυφεδών
2075 4933 2141 4967 ex
2178 4917 2424 4983 Theogn.
2462 4919 2544 4980 32,
2588 4917 2668 4980 13,
2708 4918 2876 4968 verba
2913 4916 2944 4970 ὃ
2981 4948 3045 4956 -—
