<?xml version="1.0" encoding="UTF-8"?>
<!DOCTYPE html PUBLIC "-//W3C//DTD XHTML 1.0 Transitional//EN"
    "http://www.w3.org/TR/xhtml1/DTD/xhtml1-transitional.dtd">
<html xmlns="http://www.w3.org/1999/xhtml" xml:lang="en" lang="en">
 <head>
  <title>
</title>
<meta http-equiv="Content-Type" content="text/html;charset=utf-8" />
  <meta name='ocr-system' content='tesseract 3.04.00' />
  <meta name='ocr-capabilities' content='ocr_page ocr_carea ocr_par ocr_line ocrx_word'/>
</head>
<body>
  <div class='ocr_page' id='page_1' title='image "./grammaticigraec02unkngoog_0144.png"; bbox 0 0 3664 5546; ppageno 0'>
   <div class='ocr_carea' id='block_1_1' title="bbox 713 375 2207 423">
    <p class='ocr_par' dir='ltr' id='par_1_1' title="bbox 713 375 2207 423">
     <span class='ocr_line' id='line_1_1' title="bbox 713 375 2207 423; baseline 0.001 -2"><span class='ocrx_word' id='word_1_1' title='bbox 713 375 983 422; x_wconf 79' lang='lat' dir='ltr'>CXXVIII</span> <span class='ocrx_word' id='word_1_2' title='bbox 1791 375 2207 423; x_wconf 73' lang='lat' dir='ltr'>PRAEFATIO.</span> 
     </span>
    </p>
   </div>
   <div class='ocr_carea' id='block_1_2' title="bbox 694 528 3282 3681">
    <p class='ocr_par' dir='ltr' id='par_1_2' title="bbox 706 528 3277 1530">
     <span class='ocr_line' id='line_1_2' title="bbox 712 528 3273 608; baseline 0 -14"><span class='ocrx_word' id='word_1_3' title='bbox 712 531 958 608; x_wconf 80' lang='grc' dir='ltr'>αὐξήςει</span> <span class='ocrx_word' id='word_1_4' title='bbox 1003 533 1118 594; x_wconf 80' lang='grc' dir='ltr'><strong>τοῦ</strong></span> <span class='ocrx_word' id='word_1_5' title='bbox 1162 533 1194 593; x_wconf 78' lang='grc' dir='ltr'>ἒ</span> <span class='ocrx_word' id='word_1_6' title='bbox 1250 528 1338 593; x_wconf 91' lang='grc' dir='ltr'><strong>εἰς</strong></span> <span class='ocrx_word' id='word_1_7' title='bbox 1381 532 1418 606; x_wconf 84' lang='grc' dir='ltr'>ἦ</span> <span class='ocrx_word' id='word_1_8' title='bbox 1476 528 1778 608; x_wconf 82' lang='grc' dir='ltr'>γέγονεν,</span> <span class='ocrx_word' id='word_1_9' title='bbox 1840 528 2046 595; x_wconf 85' lang='grc' dir='ltr'>οὕτως</span> <span class='ocrx_word' id='word_1_10' title='bbox 2103 530 2395 608; x_wconf 83' lang='grc' dir='ltr'>Νυςήϊον.</span> <span class='ocrx_word' id='word_1_11' title='bbox 2484 530 2640 595; x_wconf 85' lang='grc' dir='ltr'>ὥςτε</span> <span class='ocrx_word' id='word_1_12' title='bbox 2686 530 2949 595; x_wconf 83' lang='grc' dir='ltr'>δύναται</span> <span class='ocrx_word' id='word_1_13' title='bbox 2995 529 3273 608; x_wconf 80' lang='grc' dir='ltr'>διαίρεςις</span> 
     </span>
     <span class='ocr_line' id='line_1_3' title="bbox 711 627 3271 714; baseline -0.001 -20"><span class='ocrx_word' id='word_1_14' title='bbox 711 630 873 695; x_wconf 77' lang='grc' dir='ltr'>εἶναι</span> <span class='ocrx_word' id='word_1_15' title='bbox 918 633 1019 696; x_wconf 85' lang='grc' dir='ltr'><strong>καὶ</strong></span> <span class='ocrx_word' id='word_1_16' title='bbox 1063 631 1416 714; x_wconf 84' lang='grc' dir='ltr'>ἑπέκταςις,</span> <span class='ocrx_word' id='word_1_17' title='bbox 1461 629 1603 695; x_wconf 81' lang='grc' dir='ltr'>ἀλλ’</span> <span class='ocrx_word' id='word_1_18' title='bbox 1648 629 1727 695; x_wconf 85' lang='grc' dir='ltr'><strong>οὐ</strong></span> <span class='ocrx_word' id='word_1_19' title='bbox 1772 631 2187 710; x_wconf 89' lang='grc' dir='ltr'>πλεοναςμός.</span> <span class='ocrx_word' id='word_1_20' title='bbox 2276 629 2398 694; x_wconf 86' lang='lat' dir='ltr'><strong>Cui</strong></span> <span class='ocrx_word' id='word_1_21' title='bbox 2445 627 2585 695; x_wconf 88' lang='lat' dir='ltr'><strong>loco</strong></span> <span class='ocrx_word' id='word_1_22' title='bbox 2645 629 3016 694; x_wconf 87' lang='lat' dir='ltr'><strong>simillimus</strong></span> <span class='ocrx_word' id='word_1_23' title='bbox 3061 640 3160 695; x_wconf 89' lang='lat' dir='ltr'><strong>est</strong></span> <span class='ocrx_word' id='word_1_24' title='bbox 3198 630 3271 711; x_wconf 79' lang='lat' dir='ltr'><strong>is,</strong></span> 
     </span>
     <span class='ocr_line' id='line_1_4' title="bbox 708 730 3270 817; baseline 0 -22"><span class='ocrx_word' id='word_1_25' title='bbox 708 752 898 817; x_wconf 91' lang='lat' dir='ltr'><strong>quem</strong></span> <span class='ocrx_word' id='word_1_26' title='bbox 942 730 1313 798; x_wconf 81' lang='lat' dir='ltr'><strong>Methodius</strong></span> <span class='ocrx_word' id='word_1_27' title='bbox 1359 731 1706 816; x_wconf 80' lang='lat' dir='ltr'><strong>exscripsit</strong></span> <span class='ocrx_word' id='word_1_28' title='bbox 1750 754 1835 796; x_wconf 81' lang='lat' dir='ltr'><strong>ex</strong></span> <span class='ocrx_word' id='word_1_29' title='bbox 1881 730 2258 797; x_wconf 84' lang='lat' dir='ltr'><strong>Herodiano</strong></span> <span class='ocrx_word' id='word_1_30' title='bbox 2303 732 2368 795; x_wconf 91' lang='lat' dir='ltr'><strong>in</strong></span> <span class='ocrx_word' id='word_1_31' title='bbox 2415 732 2492 797; x_wconf 87' lang='grc' dir='ltr'><strong>Ε;</strong></span> <span class='ocrx_word' id='word_1_32' title='bbox 2540 733 2630 797; x_wconf 86' lang='grc' dir='ltr'><strong>Μ.</strong></span> <span class='ocrx_word' id='word_1_33' title='bbox 2678 732 2794 814; x_wconf 89' lang='grc'><strong>69,</strong></span> <span class='ocrx_word' id='word_1_34' title='bbox 2847 733 2922 797; x_wconf 89' lang='grc'><strong>18</strong></span> <span class='ocrx_word' id='word_1_35' title='bbox 2967 733 3270 813; x_wconf 70' lang='grc' dir='ltr'>ἁλμυρόντ</span> 
     </span>
     <span class='ocr_line' id='line_1_5' title="bbox 710 833 3273 919; baseline 0 -20"><span class='ocrx_word' id='word_1_36' title='bbox 710 835 921 914; x_wconf 84' lang='grc' dir='ltr'>ὥςπερ</span> <span class='ocrx_word' id='word_1_37' title='bbox 976 835 1150 914; x_wconf 88' lang='grc' dir='ltr'>παρὰ</span> <span class='ocrx_word' id='word_1_38' title='bbox 1194 836 1267 899; x_wconf 91' lang='grc' dir='ltr'>τό</span> <span class='ocrx_word' id='word_1_39' title='bbox 1311 836 1510 914; x_wconf 88' lang='grc' dir='ltr'>τόλμη</span> <span class='ocrx_word' id='word_1_40' title='bbox 1565 834 1883 915; x_wconf 88' lang='grc' dir='ltr'>τολμηρός</span> <span class='ocrx_word' id='word_1_41' title='bbox 1937 836 2040 900; x_wconf 84' lang='grc' dir='ltr'><strong>καὶ</strong></span> <span class='ocrx_word' id='word_1_42' title='bbox 2084 833 2202 914; x_wconf 87' lang='grc' dir='ltr'><strong>ἄτη</strong></span> <span class='ocrx_word' id='word_1_43' title='bbox 2246 835 2514 919; x_wconf 87' lang='grc' dir='ltr'>ἀτηρός,</span> <span class='ocrx_word' id='word_1_44' title='bbox 2572 835 2745 901; x_wconf 84' lang='grc' dir='ltr'>οὕτω</span> <span class='ocrx_word' id='word_1_45' title='bbox 2798 837 2900 900; x_wconf 86' lang='grc' dir='ltr'><strong>καὶ</strong></span> <span class='ocrx_word' id='word_1_46' title='bbox 2954 836 3120 916; x_wconf 87' lang='grc' dir='ltr'>ἅλμη</span> <span class='ocrx_word' id='word_1_47' title='bbox 3173 834 3273 899; x_wconf 89' lang='grc' dir='ltr'><strong>ἁλ-</strong></span> 
     </span>
     <span class='ocr_line' id='line_1_6' title="bbox 709 937 3272 1021; baseline 0 -21"><span class='ocrx_word' id='word_1_48' title='bbox 709 937 905 1015; x_wconf 90' lang='grc' dir='ltr'>μηρός</span> <span class='ocrx_word' id='word_1_49' title='bbox 948 938 1052 1001; x_wconf 86' lang='grc' dir='ltr'><strong>καὶ</strong></span> <span class='ocrx_word' id='word_1_50' title='bbox 1094 944 1301 1021; x_wconf 86' lang='grc' dir='ltr'>τροπῇ</span> <span class='ocrx_word' id='word_1_51' title='bbox 1344 941 1461 1002; x_wconf 84' lang='grc' dir='ltr'><strong>τοῦ</strong></span> <span class='ocrx_word' id='word_1_52' title='bbox 1505 941 1543 1016; x_wconf 83' lang='grc' dir='ltr'>ἦ</span> <span class='ocrx_word' id='word_1_53' title='bbox 1592 938 1679 1003; x_wconf 89' lang='grc' dir='ltr'><strong>εἰς</strong></span> <span class='ocrx_word' id='word_1_54' title='bbox 1725 941 1761 1003; x_wconf 84' lang='grc' dir='ltr'>ὖ</span> <span class='ocrx_word' id='word_1_55' title='bbox 1806 937 2088 1018; x_wconf 87' lang='grc' dir='ltr'>ἁλμυρός</span> <span class='ocrx_word' id='word_1_56' title='bbox 2133 937 2223 1003; x_wconf 83' lang='grc' dir='ltr'><strong>ὡς</strong></span> <span class='ocrx_word' id='word_1_57' title='bbox 2266 938 2458 1017; x_wconf 86' lang='grc' dir='ltr'>τηρός</span> <span class='ocrx_word' id='word_1_58' title='bbox 2502 939 2707 1017; x_wconf 88' lang='grc' dir='ltr'>τυρός.</span> <span class='ocrx_word' id='word_1_59' title='bbox 2768 939 2805 1015; x_wconf 85' lang='grc' dir='ltr'>ἢ</span> <span class='ocrx_word' id='word_1_60' title='bbox 2852 937 3081 1016; x_wconf 86' lang='grc' dir='ltr'>κυρίως</span> <span class='ocrx_word' id='word_1_61' title='bbox 3125 937 3272 1000; x_wconf 72' lang='lat' dir='ltr'><strong>rifle-</strong></span> 
     </span>
     <span class='ocr_line' id='line_1_7' title="bbox 707 1039 3275 1123; baseline 0 -21"><span class='ocrx_word' id='word_1_62' title='bbox 707 1059 807 1102; x_wconf 88' lang='grc' dir='ltr'><strong>ται</strong></span> <span class='ocrx_word' id='word_1_63' title='bbox 850 1039 891 1117; x_wconf 84' lang='grc' dir='ltr'>ἡ</span> <span class='ocrx_word' id='word_1_64' title='bbox 938 1040 1100 1106; x_wconf 84' lang='grc' dir='ltr'>λέξις</span> <span class='ocrx_word' id='word_1_65' title='bbox 1145 1040 1248 1103; x_wconf 83' lang='grc' dir='ltr'><strong>ἐπὶ</strong></span> <span class='ocrx_word' id='word_1_66' title='bbox 1291 1044 1422 1105; x_wconf 85' lang='grc' dir='ltr'><strong>τῶν</strong></span> <span class='ocrx_word' id='word_1_67' title='bbox 1467 1040 1556 1106; x_wconf 87' lang='grc' dir='ltr'><strong>εἰς</strong></span> <span class='ocrx_word' id='word_1_68' title='bbox 1600 1040 1724 1106; x_wconf 85' lang='grc' dir='ltr'><strong>ἅλα</strong></span> <span class='ocrx_word' id='word_1_69' title='bbox 1764 1041 2145 1120; x_wconf 87' lang='grc' dir='ltr'>μυρομένων</span> <span class='ocrx_word' id='word_1_70' title='bbox 2192 1045 2536 1123; x_wconf 85' lang='grc' dir='ltr'>ποταμῶν,</span> <span class='ocrx_word' id='word_1_71' title='bbox 2582 1040 2620 1104; x_wconf 87' lang='grc' dir='ltr'>ὅ</span> <span class='ocrx_word' id='word_1_72' title='bbox 2658 1041 2820 1105; x_wconf 83' lang='grc' dir='ltr'>ἐςτιν</span> <span class='ocrx_word' id='word_1_73' title='bbox 2859 1039 3275 1119; x_wconf 82' lang='grc' dir='ltr'>ἐκχεομένων·</span> 
     </span>
     <span class='ocr_line' id='line_1_8' title="bbox 709 1140 3275 1222; baseline 0 -18"><span class='ocrx_word' id='word_1_74' title='bbox 709 1140 867 1206; x_wconf 84' lang='grc' dir='ltr'>ὥςτε</span> <span class='ocrx_word' id='word_1_75' title='bbox 914 1140 995 1205; x_wconf 84' lang='grc' dir='ltr'><strong>οὐ</strong></span> <span class='ocrx_word' id='word_1_76' title='bbox 1037 1143 1245 1220; x_wconf 87' lang='grc' dir='ltr'>τροπὴ</span> <span class='ocrx_word' id='word_1_77' title='bbox 1288 1144 1446 1206; x_wconf 86' lang='grc' dir='ltr'>κατὰ</span> <span class='ocrx_word' id='word_1_78' title='bbox 1490 1142 1953 1207; x_wconf 85' lang='grc' dir='ltr'>Ἀπολλώνιον.</span> <span class='ocrx_word' id='word_1_79' title='bbox 2004 1179 2073 1188; x_wconf 89' lang='grc'><strong>-</strong></span> <span class='ocrx_word' id='word_1_80' title='bbox 2128 1141 2235 1205; x_wconf 82' lang='lat' dir='ltr'><strong>Ex</strong></span> <span class='ocrx_word' id='word_1_81' title='bbox 2278 1142 2357 1205; x_wconf 88' lang='lat' dir='ltr'><strong>E.</strong></span> <span class='ocrx_word' id='word_1_82' title='bbox 2404 1141 2494 1204; x_wconf 89' lang='lat' dir='ltr'><strong>M.</strong></span> <span class='ocrx_word' id='word_1_83' title='bbox 2539 1143 2696 1222; x_wconf 81' lang='lat'><strong>651,</strong></span> <span class='ocrx_word' id='word_1_84' title='bbox 2742 1141 2837 1216; x_wconf 13' lang='lat'><strong>25,</strong></span> <span class='ocrx_word' id='word_1_85' title='bbox 2869 1141 3072 1220; x_wconf 77' lang='grc' dir='ltr'>πάραε</span> <span class='ocrx_word' id='word_1_86' title='bbox 3121 1142 3275 1219; x_wconf 87' lang='grc' dir='ltr'>πρὸς</span> 
     </span>
     <span class='ocr_line' id='line_1_9' title="bbox 706 1242 3277 1323; baseline -0.001 -17"><span class='ocrx_word' id='word_1_87' title='bbox 706 1243 782 1307; x_wconf 88' lang='grc' dir='ltr'><strong>τὸ</strong></span> <span class='ocrx_word' id='word_1_88' title='bbox 830 1244 1290 1322; x_wconf 87' lang='grc' dir='ltr'>ςημαινόμενον</span> <span class='ocrx_word' id='word_1_89' title='bbox 1334 1246 1436 1309; x_wconf 81' lang='grc' dir='ltr'><strong>καὶ</strong></span> <span class='ocrx_word' id='word_1_90' title='bbox 1478 1245 1517 1323; x_wconf 87' lang='grc' dir='ltr'>ἡ</span> <span class='ocrx_word' id='word_1_91' title='bbox 1561 1244 1864 1323; x_wconf 86' lang='grc' dir='ltr'>ἀποκοπή</span> <span class='ocrx_word' id='word_1_92' title='bbox 1906 1243 2178 1308; x_wconf 89' lang='lat' dir='ltr'><strong>coniicio</strong></span> <span class='ocrx_word' id='word_1_93' title='bbox 2223 1243 2418 1308; x_wconf 86' lang='lat' dir='ltr'><strong>etiam</strong></span> <span class='ocrx_word' id='word_1_94' title='bbox 2462 1242 2631 1307; x_wconf 88' lang='lat' dir='ltr'><strong>hunc</strong></span> <span class='ocrx_word' id='word_1_95' title='bbox 2675 1242 2888 1306; x_wconf 87' lang='lat' dir='ltr'><strong>locum</strong></span> <span class='ocrx_word' id='word_1_96' title='bbox 2934 1264 3017 1306; x_wconf 78' lang='lat' dir='ltr'><strong>ex</strong></span> <span class='ocrx_word' id='word_1_97' title='bbox 3061 1242 3277 1306; x_wconf 86' lang='lat' dir='ltr'><strong>eodem</strong></span> 
     </span>
     <span class='ocr_line' id='line_1_10' title="bbox 708 1342 3275 1426; baseline 0.002 -21"><span class='ocrx_word' id='word_1_98' title='bbox 708 1343 886 1406; x_wconf 87' lang='lat' dir='ltr'><strong>fonte</strong></span> <span class='ocrx_word' id='word_1_99' title='bbox 931 1342 1298 1410; x_wconf 81' lang='lat' dir='ltr'><strong>derivatum</strong></span> <span class='ocrx_word' id='word_1_100' title='bbox 1343 1367 1489 1410; x_wconf 86' lang='lat' dir='ltr'><strong>esse</strong></span> <span class='ocrx_word' id='word_1_101' title='bbox 1535 1345 1611 1409; x_wconf 92' lang='lat' dir='ltr'><strong>E.</strong></span> <span class='ocrx_word' id='word_1_102' title='bbox 1660 1346 1751 1411; x_wconf 88' lang='lat' dir='ltr'><strong>M.</strong></span> <span class='ocrx_word' id='word_1_103' title='bbox 1795 1346 1951 1425; x_wconf 83' lang='lat'><strong>423,</strong></span> <span class='ocrx_word' id='word_1_104' title='bbox 2000 1347 2035 1410; x_wconf 80' lang='lat'><strong>7</strong></span> <span class='ocrx_word' id='word_1_105' title='bbox 2083 1346 2305 1424; x_wconf 74' lang='grc' dir='ltr'>ἠϊόειςι</span> <span class='ocrx_word' id='word_1_106' title='bbox 2353 1383 2437 1394; x_wconf 93' lang='grc'>-</span> <span class='ocrx_word' id='word_1_107' title='bbox 2481 1347 2644 1426; x_wconf 91' lang='grc' dir='ltr'>πρὸς</span> <span class='ocrx_word' id='word_1_108' title='bbox 2688 1346 2970 1426; x_wconf 78' lang='grc' dir='ltr'>διάφορα</span> <span class='ocrx_word' id='word_1_109' title='bbox 3016 1345 3137 1411; x_wconf 86' lang='grc' dir='ltr'><strong>οὖν</strong></span> <span class='ocrx_word' id='word_1_110' title='bbox 3182 1367 3275 1423; x_wconf 89' lang='grc' dir='ltr'><strong>ςη-</strong></span> 
     </span>
     <span class='ocr_line' id='line_1_11' title="bbox 708 1447 2006 1530; baseline 0.003 -21"><span class='ocrx_word' id='word_1_111' title='bbox 708 1447 1056 1527; x_wconf 86' lang='grc' dir='ltr'>μαινόμενα</span> <span class='ocrx_word' id='word_1_112' title='bbox 1096 1449 1135 1526; x_wconf 84' lang='grc' dir='ltr'>ἢ</span> <span class='ocrx_word' id='word_1_113' title='bbox 1182 1450 1461 1529; x_wconf 86' lang='grc' dir='ltr'>ςυγκοπή</span> <span class='ocrx_word' id='word_1_114' title='bbox 1505 1450 1544 1527; x_wconf 84' lang='grc' dir='ltr'>ἢ</span> <span class='ocrx_word' id='word_1_115' title='bbox 1590 1450 2006 1530; x_wconf 88' lang='grc' dir='ltr'>πλεοναςμός.</span> 
     </span>
    </p>

    <p class='ocr_par' dir='ltr' id='par_1_3' title="bbox 694 1548 3282 3681">
     <span class='ocr_line' id='line_1_12' title="bbox 875 1548 3279 1637; baseline -0.001 -25"><span class='ocrx_word' id='word_1_116' title='bbox 875 1548 1150 1613; x_wconf 86' lang='lat' dir='ltr'><strong>Duabus</strong></span> <span class='ocrx_word' id='word_1_117' title='bbox 1197 1550 1302 1613; x_wconf 87' lang='lat' dir='ltr'><strong>vel</strong></span> <span class='ocrx_word' id='word_1_118' title='bbox 1347 1548 1643 1637; x_wconf 87' lang='lat' dir='ltr'><strong>pluribus</strong></span> <span class='ocrx_word' id='word_1_119' title='bbox 1690 1551 2031 1634; x_wconf 75' lang='lat' dir='ltr'><strong>sententiis</strong></span> <span class='ocrx_word' id='word_1_120' title='bbox 2089 1551 2435 1637; x_wconf 86' lang='lat' dir='ltr'><strong>propositis</strong></span> <span class='ocrx_word' id='word_1_121' title='bbox 2481 1550 2897 1616; x_wconf 89' lang='lat' dir='ltr'><strong>Herodianus</strong></span> <span class='ocrx_word' id='word_1_122' title='bbox 2956 1548 3121 1614; x_wconf 86' lang='lat' dir='ltr'><strong>solet</strong></span> <span class='ocrx_word' id='word_1_123' title='bbox 3174 1548 3279 1612; x_wconf 90' lang='lat' dir='ltr'><strong>uni</strong></span> 
     </span>
     <span class='ocr_line' id='line_1_13' title="bbox 708 1647 3281 1738; baseline 0.002 -27"><span class='ocrx_word' id='word_1_124' title='bbox 708 1647 1024 1714; x_wconf 85' lang='lat' dir='ltr'><strong>calculum</strong></span> <span class='ocrx_word' id='word_1_125' title='bbox 1070 1650 1354 1716; x_wconf 87' lang='lat' dir='ltr'><strong>adiicere</strong></span> <span class='ocrx_word' id='word_1_126' title='bbox 1401 1652 1617 1717; x_wconf 86' lang='lat' dir='ltr'><strong>verbis</strong></span> <span class='ocrx_word' id='word_1_127' title='bbox 1664 1654 1960 1738; x_wconf 85' lang='grc' dir='ltr'>ἄμεινον,</span> <span class='ocrx_word' id='word_1_128' title='bbox 2006 1658 2294 1734; x_wconf 87' lang='grc' dir='ltr'>κρεῖττον</span> <span class='ocrx_word' id='word_1_129' title='bbox 2340 1656 2409 1720; x_wconf 83' lang='grc' dir='ltr'><strong>δέ</strong></span> <span class='ocrx_word' id='word_1_130' title='bbox 2465 1654 2589 1720; x_wconf 87' lang='grc' dir='ltr'>ἑςτι</span> <span class='ocrx_word' id='word_1_131' title='bbox 2636 1655 2843 1731; x_wconf 85' lang='grc' dir='ltr'>λέγειν</span> <span class='ocrx_word' id='word_1_132' title='bbox 2890 1649 2995 1716; x_wconf 85' lang='lat' dir='ltr'><strong>vel</strong></span> <span class='ocrx_word' id='word_1_133' title='bbox 3039 1654 3168 1730; x_wconf 84' lang='grc' dir='ltr'><strong>ἐγὼ</strong></span> <span class='ocrx_word' id='word_1_134' title='bbox 3212 1652 3281 1717; x_wconf 81' lang='grc' dir='ltr'><strong>δὲ</strong></span> 
     </span>
     <span class='ocr_line' id='line_1_14' title="bbox 706 1752 3277 1841; baseline -0 -23"><span class='ocrx_word' id='word_1_135' title='bbox 706 1754 1011 1837; x_wconf 84' lang='grc' dir='ltr'>ἡγοῦμαι,</span> <span class='ocrx_word' id='word_1_136' title='bbox 1056 1754 1184 1830; x_wconf 83' lang='grc' dir='ltr'><strong>ἐγὼ</strong></span> <span class='ocrx_word' id='word_1_137' title='bbox 1230 1757 1301 1820; x_wconf 78' lang='grc' dir='ltr'><strong>δὲ</strong></span> <span class='ocrx_word' id='word_1_138' title='bbox 1346 1755 1613 1839; x_wconf 83' lang='grc' dir='ltr'>νομίζω,</span> <span class='ocrx_word' id='word_1_139' title='bbox 1659 1757 1800 1836; x_wconf 83' lang='grc' dir='ltr'>ἐμοὶ</span> <span class='ocrx_word' id='word_1_140' title='bbox 1844 1758 1915 1822; x_wconf 81' lang='grc' dir='ltr'><strong>δὲ</strong></span> <span class='ocrx_word' id='word_1_141' title='bbox 1960 1760 2139 1821; x_wconf 82' lang='grc' dir='ltr'>δοκεῖ</span> <span class='ocrx_word' id='word_1_142' title='bbox 2167 1761 2443 1841; x_wconf 86' lang='grc' dir='ltr'>μᾶλλον,</span> <span class='ocrx_word' id='word_1_143' title='bbox 2492 1758 2762 1836; x_wconf 86' lang='grc' dir='ltr'>λέγομεν</span> <span class='ocrx_word' id='word_1_144' title='bbox 2793 1757 2970 1836; x_wconf 82' lang='grc' dir='ltr'>ἡμεῖς</span> <span class='ocrx_word' id='word_1_145' title='bbox 3014 1753 3141 1839; x_wconf 81' lang='grc' dir='ltr'><strong>ΕΡ.</strong></span> <span class='ocrx_word' id='word_1_146' title='bbox 3177 1752 3277 1817; x_wconf 84' lang='lat' dir='ltr'><strong>Cr.</strong></span> 
     </span>
     <span class='ocr_line' id='line_1_15' title="bbox 705 1853 3278 1942; baseline -0 -25"><span class='ocrx_word' id='word_1_147' title='bbox 705 1854 740 1918; x_wconf 91' lang='lat' dir='ltr'>I</span> <span class='ocrx_word' id='word_1_148' title='bbox 782 1853 928 1936; x_wconf 85' lang='lat'><strong>416,</strong></span> <span class='ocrx_word' id='word_1_149' title='bbox 981 1855 1089 1938; x_wconf 78' lang='lat'><strong>153</strong></span> <span class='ocrx_word' id='word_1_150' title='bbox 1136 1856 1290 1936; x_wconf 87' lang='lat'><strong>443,</strong></span> <span class='ocrx_word' id='word_1_151' title='bbox 1336 1856 1451 1940; x_wconf 81' lang='lat'><strong>203</strong></span> <span class='ocrx_word' id='word_1_152' title='bbox 1499 1857 1577 1920; x_wconf 81' lang='lat' dir='ltr'><strong>E.</strong></span> <span class='ocrx_word' id='word_1_153' title='bbox 1622 1856 1713 1920; x_wconf 90' lang='grc' dir='ltr'><strong>Μ.</strong></span> <span class='ocrx_word' id='word_1_154' title='bbox 1756 1858 1907 1938; x_wconf 89' lang='grc'>477,</span> <span class='ocrx_word' id='word_1_155' title='bbox 1952 1857 2068 1940; x_wconf 83' lang='lat'><strong>563</strong></span> <span class='ocrx_word' id='word_1_156' title='bbox 2117 1859 2266 1938; x_wconf 89' lang='grc'>726,</span> <span class='ocrx_word' id='word_1_157' title='bbox 2321 1859 2431 1939; x_wconf 79' lang='grc'><strong>17;</strong></span> <span class='ocrx_word' id='word_1_158' title='bbox 2475 1858 2625 1939; x_wconf 86' lang='grc'>276,</span> <span class='ocrx_word' id='word_1_159' title='bbox 2672 1857 2785 1939; x_wconf 81' lang='grc'><strong>21;</strong></span> <span class='ocrx_word' id='word_1_160' title='bbox 2836 1855 3055 1942; x_wconf 75' lang='lat' dir='ltr'><strong>steph.</strong></span> <span class='ocrx_word' id='word_1_161' title='bbox 3104 1855 3182 1921; x_wconf 93' lang='lat' dir='ltr'><strong>B.</strong></span> <span class='ocrx_word' id='word_1_162' title='bbox 3228 1878 3278 1918; x_wconf 90' lang='lat' dir='ltr'><strong>s.</strong></span> 
     </span>
     <span class='ocr_line' id='line_1_16' title="bbox 703 1944 3279 2046; baseline -0 -25"><span class='ocrx_word' id='word_1_163' title='bbox 703 1957 1049 2036; x_wconf 85' lang='grc' dir='ltr'>Τρεμιθοῦς</span> <span class='ocrx_word' id='word_1_164' title='bbox 1083 1944 1159 2022; x_wconf 83' lang='lat' dir='ltr'><strong>s.</strong></span> <span class='ocrx_word' id='word_1_165' title='bbox 1221 1959 1576 2038; x_wconf 86' lang='grc' dir='ltr'>Χαιρώνεια</span> <span class='ocrx_word' id='word_1_166' title='bbox 1641 1981 1693 2023; x_wconf 93' lang='lat' dir='ltr'><strong>s.</strong></span> <span class='ocrx_word' id='word_1_167' title='bbox 1758 1960 1962 2039; x_wconf 84' lang='grc' dir='ltr'>Κρήτη</span> <span class='ocrx_word' id='word_1_168' title='bbox 2017 1981 2070 2022; x_wconf 88' lang='lat' dir='ltr'><strong>s.</strong></span> <span class='ocrx_word' id='word_1_169' title='bbox 2134 1961 2425 2044; x_wconf 88' lang='grc' dir='ltr'>Κορόπη,</span> <span class='ocrx_word' id='word_1_170' title='bbox 2492 1982 2702 2046; x_wconf 90' lang='lat' dir='ltr'><strong>neque</strong></span> <span class='ocrx_word' id='word_1_171' title='bbox 2756 1961 2823 2023; x_wconf 90' lang='lat' dir='ltr'><strong>in</strong></span> <span class='ocrx_word' id='word_1_172' title='bbox 2893 1958 3279 2044; x_wconf 85' lang='lat' dir='ltr'><strong>quibusdam</strong></span> 
     </span>
     <span class='ocr_line' id='line_1_17' title="bbox 703 2056 3280 2147; baseline 0.002 -28"><span class='ocrx_word' id='word_1_173' title='bbox 703 2056 862 2123; x_wconf 88' lang='lat' dir='ltr'><strong>locis</strong></span> <span class='ocrx_word' id='word_1_174' title='bbox 908 2059 1230 2145; x_wconf 82' lang='lat' dir='ltr'><strong>quaedam</strong></span> <span class='ocrx_word' id='word_1_175' title='bbox 1286 2061 1388 2124; x_wconf 88' lang='lat' dir='ltr'><strong>sui</strong></span> <span class='ocrx_word' id='word_1_176' title='bbox 1432 2061 1675 2124; x_wconf 89' lang='lat' dir='ltr'><strong>fiducia</strong></span> <span class='ocrx_word' id='word_1_177' title='bbox 1733 2082 1861 2124; x_wconf 90' lang='lat' dir='ltr'><strong>non</strong></span> <span class='ocrx_word' id='word_1_178' title='bbox 1917 2061 2265 2147; x_wconf 85' lang='lat' dir='ltr'><strong>conspicua</strong></span> <span class='ocrx_word' id='word_1_179' title='bbox 2324 2073 2447 2126; x_wconf 90' lang='lat' dir='ltr'><strong>est:</strong></span> <span class='ocrx_word' id='word_1_180' title='bbox 2508 2061 2588 2125; x_wconf 91' lang='lat' dir='ltr'><strong>E.</strong></span> <span class='ocrx_word' id='word_1_181' title='bbox 2633 2060 2721 2127; x_wconf 91' lang='lat' dir='ltr'><strong>M.</strong></span> <span class='ocrx_word' id='word_1_182' title='bbox 2773 2057 2926 2141; x_wconf 84' lang='lat'><strong>171,</strong></span> <span class='ocrx_word' id='word_1_183' title='bbox 2976 2061 3011 2124; x_wconf 88' lang='grc'>7</span> <span class='ocrx_word' id='word_1_184' title='bbox 3068 2061 3280 2125; x_wconf 79' lang='grc' dir='ltr'>οὐδεὶς</span> 
     </span>
     <span class='ocr_line' id='line_1_18' title="bbox 701 2162 3279 2248; baseline -0 -22"><span class='ocrx_word' id='word_1_185' title='bbox 701 2163 818 2226; x_wconf 87' lang='grc' dir='ltr'><strong>τὸν</strong></span> <span class='ocrx_word' id='word_1_186' title='bbox 865 2164 1283 2243; x_wconf 87' lang='grc' dir='ltr'>ςχηματιςμὸν</span> <span class='ocrx_word' id='word_1_187' title='bbox 1327 2162 1528 2228; x_wconf 83' lang='grc' dir='ltr'>αὐτοῦ</span> <span class='ocrx_word' id='word_1_188' title='bbox 1576 2162 1695 2248; x_wconf 88' lang='lat' dir='ltr'><strong>(sc.</strong></span> <span class='ocrx_word' id='word_1_189' title='bbox 1739 2167 1855 2228; x_wconf 84' lang='grc' dir='ltr'><strong>τοῦ</strong></span> <span class='ocrx_word' id='word_1_190' title='bbox 1899 2164 2178 2245; x_wconf 87' lang='grc' dir='ltr'>τηϋςίην)</span> <span class='ocrx_word' id='word_1_191' title='bbox 2227 2167 2657 2244; x_wconf 86' lang='grc' dir='ltr'>κατώρθωςιν·</span> <span class='ocrx_word' id='word_1_192' title='bbox 2703 2165 2831 2240; x_wconf 83' lang='grc' dir='ltr'><strong>ἐγὼ</strong></span> <span class='ocrx_word' id='word_1_193' title='bbox 2877 2165 2948 2228; x_wconf 78' lang='grc' dir='ltr'><strong>δὲ</strong></span> <span class='ocrx_word' id='word_1_194' title='bbox 2991 2162 3279 2240; x_wconf 82' lang='grc' dir='ltr'><strong>ἡγοῦμαι.</strong></span> 
     </span>
     <span class='ocr_line' id='line_1_19' title="bbox 702 2262 3280 2351; baseline -0.001 -22"><span class='ocrx_word' id='word_1_195' title='bbox 702 2263 1184 2350; x_wconf 83' lang='lat' dir='ltr'><strong>Epitomatores</strong></span> <span class='ocrx_word' id='word_1_196' title='bbox 1230 2264 1492 2351; x_wconf 88' lang='lat' dir='ltr'><strong>saepius</strong></span> <span class='ocrx_word' id='word_1_197' title='bbox 1538 2263 1704 2328; x_wconf 90' lang='lat' dir='ltr'><strong>hanc</strong></span> <span class='ocrx_word' id='word_1_198' title='bbox 1748 2262 2111 2330; x_wconf 87' lang='lat' dir='ltr'><strong>Herodiani</strong></span> <span class='ocrx_word' id='word_1_199' title='bbox 2157 2264 2582 2332; x_wconf 81' lang='lat' dir='ltr'><strong>elocutionem</strong></span> <span class='ocrx_word' id='word_1_200' title='bbox 2628 2265 3147 2330; x_wconf 81' lang='lat' dir='ltr'><strong>obscuraverunt</strong></span> <span class='ocrx_word' id='word_1_201' title='bbox 3191 2263 3280 2327; x_wconf 91' lang='lat' dir='ltr'><strong>di-</strong></span> 
     </span>
     <span class='ocr_line' id='line_1_20' title="bbox 703 2365 3282 2454; baseline -0 -25"><span class='ocrx_word' id='word_1_202' title='bbox 703 2376 923 2431; x_wconf 89' lang='lat' dir='ltr'><strong>centes</strong></span> <span class='ocrx_word' id='word_1_203' title='bbox 948 2369 1340 2448; x_wconf 84' lang='grc' dir='ltr'>Ἡρωδιανὸς</span> <span class='ocrx_word' id='word_1_204' title='bbox 1370 2370 1440 2432; x_wconf 81' lang='grc' dir='ltr'><strong>δὲ</strong></span> <span class='ocrx_word' id='word_1_205' title='bbox 1472 2369 1640 2444; x_wconf 86' lang='grc' dir='ltr'>λέγει</span> <span class='ocrx_word' id='word_1_206' title='bbox 1665 2367 1743 2431; x_wconf 85' lang='grc' dir='ltr'><strong>Ε.</strong></span> <span class='ocrx_word' id='word_1_207' title='bbox 1769 2366 1860 2431; x_wconf 90' lang='lat' dir='ltr'><strong>M.</strong></span> <span class='ocrx_word' id='word_1_208' title='bbox 1885 2366 2031 2450; x_wconf 88' lang='grc'>272,</span> <span class='ocrx_word' id='word_1_209' title='bbox 2058 2368 2120 2450; x_wconf 87' lang='grc'><strong>8,</strong></span> <span class='ocrx_word' id='word_1_210' title='bbox 2145 2389 2220 2433; x_wconf 87' lang='lat' dir='ltr'><strong>eo</strong></span> <span class='ocrx_word' id='word_1_211' title='bbox 2251 2367 2545 2450; x_wconf 82' lang='lat' dir='ltr'><strong>consiliO,</strong></span> <span class='ocrx_word' id='word_1_212' title='bbox 2568 2377 2642 2432; x_wconf 88' lang='lat' dir='ltr'><strong>ut</strong></span> <span class='ocrx_word' id='word_1_213' title='bbox 2669 2366 2912 2454; x_wconf 84' lang='lat' dir='ltr'><strong>posteri</strong></span> <span class='ocrx_word' id='word_1_214' title='bbox 2941 2365 3282 2430; x_wconf 83' lang='lat' dir='ltr'><strong>crederent</strong></span> 
     </span>
     <span class='ocr_line' id='line_1_21' title="bbox 700 2467 3279 2556; baseline -0 -25"><span class='ocrx_word' id='word_1_215' title='bbox 700 2469 1158 2554; x_wconf 82' lang='lat' dir='ltr'><strong>praecedentia</strong></span> <span class='ocrx_word' id='word_1_216' title='bbox 1199 2469 1284 2534; x_wconf 85' lang='lat' dir='ltr'><strong>ab</strong></span> <span class='ocrx_word' id='word_1_217' title='bbox 1326 2468 1491 2556; x_wconf 89' lang='lat' dir='ltr'><strong>ipsis</strong></span> <span class='ocrx_word' id='word_1_218' title='bbox 1538 2468 1793 2556; x_wconf 87' lang='lat' dir='ltr'><strong>prolata</strong></span> <span class='ocrx_word' id='word_1_219' title='bbox 1837 2492 2011 2553; x_wconf 83' lang='lat' dir='ltr'><strong>esse3</strong></span> <span class='ocrx_word' id='word_1_220' title='bbox 2059 2469 2237 2534; x_wconf 89' lang='lat' dir='ltr'><strong>haud</strong></span> <span class='ocrx_word' id='word_1_221' title='bbox 2282 2493 2430 2535; x_wconf 89' lang='lat' dir='ltr'><strong>raro</strong></span> <span class='ocrx_word' id='word_1_222' title='bbox 2476 2468 2665 2536; x_wconf 91' lang='lat' dir='ltr'><strong>obliti</strong></span> <span class='ocrx_word' id='word_1_223' title='bbox 2721 2478 2872 2533; x_wconf 82' lang='lat' dir='ltr'><strong>sunt</strong></span> <span class='ocrx_word' id='word_1_224' title='bbox 2915 2467 3279 2532; x_wconf 88' lang='lat' dir='ltr'><strong>Herodiani</strong></span> 
     </span>
     <span class='ocr_line' id='line_1_22' title="bbox 700 2568 3278 2658; baseline -0.001 -24"><span class='ocrx_word' id='word_1_225' title='bbox 700 2593 936 2636; x_wconf 90' lang='lat' dir='ltr'><strong>nomen</strong></span> <span class='ocrx_word' id='word_1_226' title='bbox 979 2572 1237 2636; x_wconf 90' lang='lat' dir='ltr'><strong>omnino</strong></span> <span class='ocrx_word' id='word_1_227' title='bbox 1284 2593 1641 2658; x_wconf 90' lang='lat' dir='ltr'><strong>apponere,</strong></span> <span class='ocrx_word' id='word_1_228' title='bbox 1689 2570 1807 2636; x_wconf 91' lang='lat' dir='ltr'><strong>sed</strong></span> <span class='ocrx_word' id='word_1_229' title='bbox 1850 2594 1998 2637; x_wconf 84' lang='lat' dir='ltr'><strong>raro</strong></span> <span class='ocrx_word' id='word_1_230' title='bbox 2054 2595 2172 2637; x_wconf 91' lang='lat' dir='ltr'><strong>nos</strong></span> <span class='ocrx_word' id='word_1_231' title='bbox 2218 2572 2458 2637; x_wconf 86' lang='lat' dir='ltr'><strong>fallunt</strong></span> <span class='ocrx_word' id='word_1_232' title='bbox 2511 2595 2733 2638; x_wconf 89' lang='lat' dir='ltr'><strong>eorum</strong></span> <span class='ocrx_word' id='word_1_233' title='bbox 2790 2568 3278 2635; x_wconf 81' lang='lat' dir='ltr'><strong>consuetudinis</strong></span> 
     </span>
     <span class='ocr_line' id='line_1_23' title="bbox 698 2670 3278 2761; baseline -0.001 -25"><span class='ocrx_word' id='word_1_234' title='bbox 698 2672 878 2738; x_wconf 89' lang='lat' dir='ltr'><strong>haud</strong></span> <span class='ocrx_word' id='word_1_235' title='bbox 934 2674 1221 2759; x_wconf 79' lang='lat' dir='ltr'><strong>ignaros,</strong></span> <span class='ocrx_word' id='word_1_236' title='bbox 1313 2673 1389 2738; x_wconf 79' lang='lat' dir='ltr'><strong>E.</strong></span> <span class='ocrx_word' id='word_1_237' title='bbox 1439 2696 1503 2758; x_wconf 89' lang='lat' dir='ltr'><strong>g.</strong></span> <span class='ocrx_word' id='word_1_238' title='bbox 1562 2674 1617 2738; x_wconf 88' lang='lat' dir='ltr'><strong>si</strong></span> <span class='ocrx_word' id='word_1_239' title='bbox 1664 2696 1770 2760; x_wconf 88' lang='lat' dir='ltr'><strong>ap.</strong></span> <span class='ocrx_word' id='word_1_240' title='bbox 1817 2673 2043 2761; x_wconf 87' lang='lat' dir='ltr'><strong>Steph.</strong></span> <span class='ocrx_word' id='word_1_241' title='bbox 2089 2674 2165 2738; x_wconf 91' lang='lat' dir='ltr'><strong>B.</strong></span> <span class='ocrx_word' id='word_1_242' title='bbox 2213 2699 2266 2739; x_wconf 91' lang='lat' dir='ltr'><strong>s.</strong></span> <span class='ocrx_word' id='word_1_243' title='bbox 2329 2675 2508 2742; x_wconf 85' lang='grc' dir='ltr'>οἶκος</span> <span class='ocrx_word' id='word_1_244' title='bbox 2564 2673 3015 2739; x_wconf 87' lang='lat' dir='ltr'><strong>Herodianeae</strong></span> <span class='ocrx_word' id='word_1_245' title='bbox 3070 2670 3278 2758; x_wconf 82' lang='lat' dir='ltr'><strong>expli-</strong></span> 
     </span>
     <span class='ocr_line' id='line_1_24' title="bbox 699 2773 3279 2863; baseline -0.001 -25"><span class='ocrx_word' id='word_1_246' title='bbox 699 2777 942 2849; x_wconf 85' lang='lat' dir='ltr'><strong>cationi</strong></span> <span class='ocrx_word' id='word_1_247' title='bbox 985 2776 1258 2842; x_wconf 84' lang='lat' dir='ltr'><strong>alteram</strong></span> <span class='ocrx_word' id='word_1_248' title='bbox 1304 2775 1627 2843; x_wconf 88' lang='lat' dir='ltr'><strong>adiectam</strong></span> <span class='ocrx_word' id='word_1_249' title='bbox 1672 2773 1977 2861; x_wconf 77' lang='lat' dir='ltr'><strong>legimuS,</strong></span> <span class='ocrx_word' id='word_1_250' title='bbox 2023 2801 2152 2843; x_wconf 91' lang='lat' dir='ltr'><strong>non</strong></span> <span class='ocrx_word' id='word_1_251' title='bbox 2198 2777 2604 2858; x_wconf 78' lang='lat' dir='ltr'><strong>dubitamus,</strong></span> <span class='ocrx_word' id='word_1_252' title='bbox 2664 2779 2817 2863; x_wconf 87' lang='lat' dir='ltr'><strong>quin</strong></span> <span class='ocrx_word' id='word_1_253' title='bbox 2864 2777 3057 2841; x_wconf 84' lang='lat' dir='ltr'><strong>etiam</strong></span> <span class='ocrx_word' id='word_1_254' title='bbox 3116 2775 3279 2838; x_wconf 86' lang='lat' dir='ltr'><strong>haec</strong></span> 
     </span>
     <span class='ocr_line' id='line_1_25' title="bbox 699 2876 3280 2965; baseline -0.001 -23"><span class='ocrx_word' id='word_1_255' title='bbox 699 2878 783 2943; x_wconf 88' lang='lat' dir='ltr'><strong>ab</strong></span> <span class='ocrx_word' id='word_1_256' title='bbox 829 2877 1205 2944; x_wconf 88' lang='lat' dir='ltr'><strong>Herodiano</strong></span> <span class='ocrx_word' id='word_1_257' title='bbox 1263 2877 1461 2943; x_wconf 87' lang='lat' dir='ltr'><strong>allata</strong></span> <span class='ocrx_word' id='word_1_258' title='bbox 1514 2878 1743 2962; x_wconf 83' lang='lat' dir='ltr'><strong>fuerit3</strong></span> <span class='ocrx_word' id='word_1_259' title='bbox 1798 2900 1993 2965; x_wconf 89' lang='lat' dir='ltr'><strong>porro</strong></span> <span class='ocrx_word' id='word_1_260' title='bbox 2048 2880 2108 2943; x_wconf 92' lang='lat' dir='ltr'><strong>si</strong></span> <span class='ocrx_word' id='word_1_261' title='bbox 2151 2881 2221 2944; x_wconf 90' lang='lat' dir='ltr'><strong>in</strong></span> <span class='ocrx_word' id='word_1_262' title='bbox 2264 2879 2343 2943; x_wconf 85' lang='lat' dir='ltr'><strong>E.</strong></span> <span class='ocrx_word' id='word_1_263' title='bbox 2389 2879 2479 2943; x_wconf 90' lang='lat' dir='ltr'><strong>M.</strong></span> <span class='ocrx_word' id='word_1_264' title='bbox 2525 2880 2682 2962; x_wconf 87' lang='grc'>673,</span> <span class='ocrx_word' id='word_1_265' title='bbox 2727 2879 2812 2942; x_wconf 86' lang='grc'><strong>49</strong></span> <span class='ocrx_word' id='word_1_266' title='bbox 2867 2894 2933 2942; x_wconf 88' lang='lat' dir='ltr'><strong>et</strong></span> <span class='ocrx_word' id='word_1_267' title='bbox 2988 2876 3146 2959; x_wconf 88' lang='grc'>727,</span> <span class='ocrx_word' id='word_1_268' title='bbox 3195 2877 3280 2940; x_wconf 80' lang='lat'><strong>55</strong></span> 
     </span>
     <span class='ocr_line' id='line_1_26' title="bbox 697 2978 3278 3067; baseline -0 -25"><span class='ocrx_word' id='word_1_269' title='bbox 697 2979 1041 3046; x_wconf 84' lang='lat' dir='ltr'><strong>Philoxeni</strong></span> <span class='ocrx_word' id='word_1_270' title='bbox 1088 2980 1446 3045; x_wconf 78' lang='lat' dir='ltr'><strong>sententiae</strong></span> <span class='ocrx_word' id='word_1_271' title='bbox 1490 2979 1762 3046; x_wconf 85' lang='lat' dir='ltr'><strong>alteram</strong></span> <span class='ocrx_word' id='word_1_272' title='bbox 1809 2982 2176 3067; x_wconf 83' lang='lat' dir='ltr'><strong>oppositam</strong></span> <span class='ocrx_word' id='word_1_273' title='bbox 2231 2982 2632 3063; x_wconf 79' lang='lat' dir='ltr'><strong>invenimus,</strong></span> <span class='ocrx_word' id='word_1_274' title='bbox 2690 3004 2819 3046; x_wconf 92' lang='lat' dir='ltr'><strong>non</strong></span> <span class='ocrx_word' id='word_1_275' title='bbox 2876 2978 3278 3044; x_wconf 82' lang='lat' dir='ltr'><strong>haesitamus</strong></span> 
     </span>
     <span class='ocr_line' id='line_1_27' title="bbox 695 3081 3277 3170; baseline -0.001 -24"><span class='ocrx_word' id='word_1_276' title='bbox 695 3082 861 3148; x_wconf 83' lang='lat' dir='ltr'><strong>hanc</strong></span> <span class='ocrx_word' id='word_1_277' title='bbox 907 3083 990 3149; x_wconf 87' lang='lat' dir='ltr'><strong>ab</strong></span> <span class='ocrx_word' id='word_1_278' title='bbox 1034 3081 1412 3147; x_wconf 87' lang='lat' dir='ltr'><strong>Herodiano</strong></span> <span class='ocrx_word' id='word_1_279' title='bbox 1457 3082 1775 3170; x_wconf 88' lang='lat' dir='ltr'><strong>prolatam</strong></span> <span class='ocrx_word' id='word_1_280' title='bbox 1822 3105 1966 3147; x_wconf 86' lang='lat' dir='ltr'><strong>esse</strong></span> <span class='ocrx_word' id='word_1_281' title='bbox 2010 3094 2274 3170; x_wconf 89' lang='lat' dir='ltr'><strong>putare,</strong></span> <span class='ocrx_word' id='word_1_282' title='bbox 2320 3083 2702 3170; x_wconf 86' lang='lat' dir='ltr'><strong>praesertim</strong></span> <span class='ocrx_word' id='word_1_283' title='bbox 2749 3104 2946 3168; x_wconf 89' lang='lat' dir='ltr'><strong>quum</strong></span> <span class='ocrx_word' id='word_1_284' title='bbox 2991 3081 3277 3146; x_wconf 85' lang='lat' dir='ltr'><strong>sciamus</strong></span> 
     </span>
     <span class='ocr_line' id='line_1_28' title="bbox 696 3183 3277 3271; baseline -0.001 -22"><span class='ocrx_word' id='word_1_285' title='bbox 696 3184 1124 3250; x_wconf 73' lang='lat' dir='ltr'><strong>Philoxenum</strong></span> <span class='ocrx_word' id='word_1_286' title='bbox 1190 3183 1274 3249; x_wconf 90' lang='lat' dir='ltr'><strong>ab</strong></span> <span class='ocrx_word' id='word_1_287' title='bbox 1342 3205 1415 3247; x_wconf 89' lang='lat' dir='ltr'><strong>eo</strong></span> <span class='ocrx_word' id='word_1_288' title='bbox 1481 3184 1740 3270; x_wconf 87' lang='lat' dir='ltr'><strong>saepius</strong></span> <span class='ocrx_word' id='word_1_289' title='bbox 1807 3185 2046 3271; x_wconf 85' lang='lat' dir='ltr'><strong>respici</strong></span> <span class='ocrx_word' id='word_1_290' title='bbox 2112 3194 2177 3249; x_wconf 87' lang='lat' dir='ltr'><strong>et</strong></span> <span class='ocrx_word' id='word_1_291' title='bbox 2242 3207 2623 3269; x_wconf 86' lang='lat' dir='ltr'><strong>germanum</strong></span> <span class='ocrx_word' id='word_1_292' title='bbox 2687 3183 3140 3249; x_wconf 88' lang='lat' dir='ltr'><strong>Herodianum</strong></span> <span class='ocrx_word' id='word_1_293' title='bbox 3207 3184 3277 3246; x_wconf 89' lang='lat' dir='ltr'><strong>in</strong></span> 
     </span>
     <span class='ocr_line' id='line_1_29' title="bbox 697 3284 3275 3372; baseline 0 -23"><span class='ocrx_word' id='word_1_294' title='bbox 697 3286 777 3351; x_wconf 89' lang='lat' dir='ltr'><strong>E.</strong></span> <span class='ocrx_word' id='word_1_295' title='bbox 821 3286 913 3350; x_wconf 92' lang='lat' dir='ltr'><strong>M.</strong></span> <span class='ocrx_word' id='word_1_296' title='bbox 960 3287 1116 3368; x_wconf 79' lang='lat'><strong>754,</strong></span> <span class='ocrx_word' id='word_1_297' title='bbox 1163 3285 1203 3348; x_wconf 87' lang='grc'>2</span> <span class='ocrx_word' id='word_1_298' title='bbox 1261 3307 1639 3372; x_wconf 88' lang='lat' dir='ltr'><strong>comparare</strong></span> <span class='ocrx_word' id='word_1_299' title='bbox 1695 3286 2039 3372; x_wconf 89' lang='lat' dir='ltr'><strong>possimus.</strong></span> <span class='ocrx_word' id='word_1_300' title='bbox 2128 3286 2563 3352; x_wconf 89' lang='lat' dir='ltr'><strong>Luculentum</strong></span> <span class='ocrx_word' id='word_1_301' title='bbox 2619 3296 2837 3352; x_wconf 87' lang='lat' dir='ltr'><strong>autem</strong></span> <span class='ocrx_word' id='word_1_302' title='bbox 2881 3284 3275 3372; x_wconf 80' lang='lat' dir='ltr'><strong>exemplum,</strong></span> 
     </span>
     <span class='ocr_line' id='line_1_30' title="bbox 695 3387 3274 3476; baseline 0 -24"><span class='ocrx_word' id='word_1_303' title='bbox 695 3410 778 3452; x_wconf 84' lang='lat' dir='ltr'><strong>ex</strong></span> <span class='ocrx_word' id='word_1_304' title='bbox 821 3410 947 3474; x_wconf 92' lang='lat' dir='ltr'><strong>quo</strong></span> <span class='ocrx_word' id='word_1_305' title='bbox 994 3387 1416 3474; x_wconf 87' lang='lat' dir='ltr'><strong>perspicitur,</strong></span> <span class='ocrx_word' id='word_1_306' title='bbox 1465 3388 1788 3475; x_wconf 84' lang='lat' dir='ltr'><strong>quomodo</strong></span> <span class='ocrx_word' id='word_1_307' title='bbox 1819 3388 2229 3474; x_wconf 83' lang='lat' dir='ltr'><strong>grammatici</strong></span> <span class='ocrx_word' id='word_1_308' title='bbox 2273 3387 2487 3454; x_wconf 86' lang='lat' dir='ltr'><strong>aliena</strong></span> <span class='ocrx_word' id='word_1_309' title='bbox 2529 3411 2646 3476; x_wconf 88' lang='lat' dir='ltr'><strong>pro</strong></span> <span class='ocrx_word' id='word_1_310' title='bbox 2693 3390 2827 3453; x_wconf 90' lang='lat' dir='ltr'><strong>suis</strong></span> <span class='ocrx_word' id='word_1_311' title='bbox 2856 3389 3274 3454; x_wconf 82' lang='lat' dir='ltr'><strong>venditantes</strong></span> 
     </span>
     <span class='ocr_line' id='line_1_31' title="bbox 695 3488 3273 3578; baseline 0.001 -25"><span class='ocrx_word' id='word_1_312' title='bbox 695 3500 917 3553; x_wconf 86' lang='lat' dir='ltr'><strong>tamen</strong></span> <span class='ocrx_word' id='word_1_313' title='bbox 960 3488 1137 3576; x_wconf 90' lang='lat' dir='ltr'><strong>ipsos</strong></span> <span class='ocrx_word' id='word_1_314' title='bbox 1185 3488 1581 3576; x_wconf 70' lang='lat' dir='ltr'><strong>:se-prodant</strong></span> <span class='ocrx_word' id='word_1_315' title='bbox 1626 3499 1699 3554; x_wconf 88' lang='lat' dir='ltr'><strong>ut</strong></span> <span class='ocrx_word' id='word_1_316' title='bbox 1742 3489 2162 3578; x_wconf 77' lang='lat' dir='ltr'><strong>expilatoreS,</strong></span> <span class='ocrx_word' id='word_1_317' title='bbox 2209 3502 2310 3557; x_wconf 87' lang='lat' dir='ltr'><strong>est</strong></span> <span class='ocrx_word' id='word_1_318' title='bbox 2352 3490 2497 3556; x_wconf 91' lang='lat' dir='ltr'><strong>hoc.</strong></span> <span class='ocrx_word' id='word_1_319' title='bbox 2557 3491 2636 3555; x_wconf 91' lang='lat' dir='ltr'><strong>In</strong></span> <span class='ocrx_word' id='word_1_320' title='bbox 2681 3493 2948 3576; x_wconf 87' lang='lat' dir='ltr'><strong>egregia</strong></span> <span class='ocrx_word' id='word_1_321' title='bbox 2992 3493 3071 3557; x_wconf 90' lang='lat' dir='ltr'><strong>de</strong></span> <span class='ocrx_word' id='word_1_322' title='bbox 3116 3513 3273 3575; x_wconf 84' lang='lat' dir='ltr'><strong>gen-</strong></span> 
     </span>
     <span class='ocr_line' id='line_1_32' title="bbox 694 3591 3276 3681; baseline 0 -25"><span class='ocrx_word' id='word_1_323' title='bbox 694 3591 918 3656; x_wconf 87' lang='lat' dir='ltr'><strong>tilibus</strong></span> <span class='ocrx_word' id='word_1_324' title='bbox 977 3593 1044 3656; x_wconf 89' lang='lat' dir='ltr'><strong>in</strong></span> <span class='ocrx_word' id='word_1_325' title='bbox 1099 3613 1256 3657; x_wconf 79' lang='lat' dir='ltr'><strong>avoc</strong></span> <span class='ocrx_word' id='word_1_326' title='bbox 1312 3593 1722 3678; x_wconf 83' lang='lat' dir='ltr'><strong>expositione</strong></span> <span class='ocrx_word' id='word_1_327' title='bbox 1778 3615 1830 3657; x_wconf 82' lang='lat' dir='ltr'><strong>S.</strong></span> <span class='ocrx_word' id='word_1_328' title='bbox 1886 3595 2163 3675; x_wconf 84' lang='grc' dir='ltr'>Ἄγκυρα</span> <span class='ocrx_word' id='word_1_329' title='bbox 2219 3593 2443 3681; x_wconf 88' lang='lat' dir='ltr'><strong>Steph.</strong></span> <span class='ocrx_word' id='word_1_330' title='bbox 2489 3593 2565 3657; x_wconf 90' lang='lat' dir='ltr'><strong>B.</strong></span> <span class='ocrx_word' id='word_1_331' title='bbox 2622 3593 2984 3659; x_wconf 86' lang='lat' dir='ltr'><strong>Herodiani</strong></span> <span class='ocrx_word' id='word_1_332' title='bbox 3038 3615 3276 3657; x_wconf 90' lang='lat' dir='ltr'><strong>nomen</strong></span> 
     </span>
    </p>
   </div>
   <div class='ocr_carea' id='block_1_3' title="bbox 1097 3596 1266 3604">
    <p class='ocr_par' dir='ltr' id='par_1_4' title="bbox 1097 3596 1266 3604">
     <span class='ocr_line' id='line_1_33' title="bbox 1097 3596 1266 3604; baseline 0 1942"><span class='ocrx_word' id='word_1_333' title='bbox 1097 3596 1266 3604; x_wconf 95' lang='lat' dir='ltr'><strong> </strong></span> 
     </span>
    </p>
   </div>
   <div class='ocr_carea' id='block_1_4' title="bbox 679 3692 3275 4908">
    <p class='ocr_par' dir='ltr' id='par_1_5' title="bbox 685 3692 3275 4290">
     <span class='ocr_line' id='line_1_34' title="bbox 693 3692 3275 3785; baseline 0.002 -29"><span class='ocrx_word' id='word_1_334' title='bbox 693 3702 897 3775; x_wconf 85' lang='lat' dir='ltr'><strong>tacet,</strong></span> <span class='ocrx_word' id='word_1_335' title='bbox 945 3692 1063 3758; x_wconf 89' lang='lat' dir='ltr'><strong>sed</strong></span> <span class='ocrx_word' id='word_1_336' title='bbox 1106 3695 1279 3759; x_wconf 88' lang='lat' dir='ltr'><strong>inter</strong></span> <span class='ocrx_word' id='word_1_337' title='bbox 1322 3694 1623 3781; x_wconf 81' lang='lat' dir='ltr'><strong>exempla</strong></span> <span class='ocrx_word' id='word_1_338' title='bbox 1664 3695 1867 3760; x_wconf 89' lang='lat' dir='ltr'><strong>refert</strong></span> <span class='ocrx_word' id='word_1_339' title='bbox 1922 3697 2013 3763; x_wconf 83' lang='grc' dir='ltr'><strong>ὡς</strong></span> <span class='ocrx_word' id='word_1_340' title='bbox 2067 3699 2141 3763; x_wconf 89' lang='grc' dir='ltr'><strong>τὸ</strong></span> <span class='ocrx_word' id='word_1_341' title='bbox 2186 3697 2539 3776; x_wconf 86' lang='grc' dir='ltr'>Ταυριανός</span> <span class='ocrx_word' id='word_1_342' title='bbox 2586 3698 2689 3761; x_wconf 89' lang='grc' dir='ltr'><strong>καὶ</strong></span> <span class='ocrx_word' id='word_1_343' title='bbox 2733 3697 3125 3777; x_wconf 80' lang='grc' dir='ltr'>(κορπιανός</span> <span class='ocrx_word' id='word_1_344' title='bbox 3170 3700 3275 3785; x_wconf 77' lang='grc' dir='ltr'><strong>καὶ</strong></span> 
     </span>
     <span class='ocr_line' id='line_1_35' title="bbox 691 3795 3272 3884; baseline 0.002 -25"><span class='ocrx_word' id='word_1_345' title='bbox 691 3795 1010 3872; x_wconf 85' lang='grc' dir='ltr'>Ζυγιανός</span> <span class='ocrx_word' id='word_1_346' title='bbox 1054 3819 1220 3883; x_wconf 90' lang='lat' dir='ltr'><strong>quae</strong></span> <span class='ocrx_word' id='word_1_347' title='bbox 1266 3819 1350 3862; x_wconf 82' lang='lat' dir='ltr'><strong>ex</strong></span> <span class='ocrx_word' id='word_1_348' title='bbox 1383 3795 1761 3864; x_wconf 85' lang='lat' dir='ltr'><strong>Herodiano</strong></span> <span class='ocrx_word' id='word_1_349' title='bbox 1793 3798 2001 3884; x_wconf 86' lang='lat' dir='ltr'><strong>petita</strong></span> <span class='ocrx_word' id='word_1_350' title='bbox 2042 3821 2184 3863; x_wconf 91' lang='lat' dir='ltr'><strong>esse</strong></span> <span class='ocrx_word' id='word_1_351' title='bbox 2227 3798 2390 3863; x_wconf 87' lang='lat' dir='ltr'><strong>alter</strong></span> <span class='ocrx_word' id='word_1_352' title='bbox 2420 3797 2601 3864; x_wconf 90' lang='lat' dir='ltr'><strong>locus</strong></span> <span class='ocrx_word' id='word_1_353' title='bbox 2635 3797 2924 3864; x_wconf 91' lang='lat' dir='ltr'><strong>ostendit</strong></span> <span class='ocrx_word' id='word_1_354' title='bbox 2953 3821 3015 3884; x_wconf 92' lang='lat' dir='ltr'><strong>p.</strong></span> <span class='ocrx_word' id='word_1_355' title='bbox 3049 3798 3198 3879; x_wconf 83' lang='lat'><strong>577,</strong></span> <span class='ocrx_word' id='word_1_356' title='bbox 3231 3798 3272 3863; x_wconf 89' lang='grc'>8</span> 
     </span>
     <span class='ocr_line' id='line_1_36' title="bbox 690 3898 3269 3985; baseline 0 -23"><span class='ocrx_word' id='word_1_357' title='bbox 690 3898 1083 3978; x_wconf 85' lang='grc' dir='ltr'>Ἡρωδιανὸς</span> <span class='ocrx_word' id='word_1_358' title='bbox 1137 3901 1371 3985; x_wconf 82' lang='grc' dir='ltr'>ἑβδόμῃ</span> <span class='ocrx_word' id='word_1_359' title='bbox 1420 3901 1805 3984; x_wconf 74' lang='grc' dir='ltr'>«Ζυγιανός,</span> <span class='ocrx_word' id='word_1_360' title='bbox 1867 3901 2253 3984; x_wconf 86' lang='grc' dir='ltr'>Ταυριανός,</span> <span class='ocrx_word' id='word_1_361' title='bbox 2301 3901 2752 3981; x_wconf 64' lang='grc' dir='ltr'>(κορπιανόςυ.</span> <span class='ocrx_word' id='word_1_362' title='bbox 2841 3899 2989 3964; x_wconf 88' lang='lat' dir='ltr'><strong>Non</strong></span> <span class='ocrx_word' id='word_1_363' title='bbox 3047 3900 3269 3984; x_wconf 83' lang='lat' dir='ltr'><strong>ingra-</strong></span> 
     </span>
     <span class='ocr_line' id='line_1_37' title="bbox 689 4001 3268 4088; baseline 0 -24"><span class='ocrx_word' id='word_1_364' title='bbox 689 4010 826 4064; x_wconf 89' lang='lat' dir='ltr'><strong>tum</strong></span> <span class='ocrx_word' id='word_1_365' title='bbox 870 4001 994 4065; x_wconf 90' lang='lat' dir='ltr'><strong>erit</strong></span> <span class='ocrx_word' id='word_1_366' title='bbox 1036 4024 1417 4088; x_wconf 86' lang='lat' dir='ltr'><strong>comparare</strong></span> <span class='ocrx_word' id='word_1_367' title='bbox 1461 4001 1657 4067; x_wconf 87' lang='lat' dir='ltr'><strong>etiam</strong></span> <span class='ocrx_word' id='word_1_368' title='bbox 1689 4003 1767 4067; x_wconf 92' lang='lat' dir='ltr'><strong>E.</strong></span> <span class='ocrx_word' id='word_1_369' title='bbox 1800 4003 1890 4068; x_wconf 91' lang='lat' dir='ltr'><strong>M.</strong></span> <span class='ocrx_word' id='word_1_370' title='bbox 1925 4026 1976 4067; x_wconf 91' lang='lat' dir='ltr'><strong>s.</strong></span> <span class='ocrx_word' id='word_1_371' title='bbox 2028 4003 2165 4068; x_wconf 87' lang='grc' dir='ltr'><strong>αὔω</strong></span> <span class='ocrx_word' id='word_1_372' title='bbox 2211 4011 2277 4067; x_wconf 88' lang='lat' dir='ltr'><strong>et</strong></span> <span class='ocrx_word' id='word_1_373' title='bbox 2321 4003 2488 4068; x_wconf 87' lang='grc' dir='ltr'>ἅπας</span> <span class='ocrx_word' id='word_1_374' title='bbox 2520 4012 2585 4067; x_wconf 87' lang='lat' dir='ltr'><strong>et</strong></span> <span class='ocrx_word' id='word_1_375' title='bbox 2617 4004 2868 4085; x_wconf 85' lang='grc' dir='ltr'>βουβών</span> <span class='ocrx_word' id='word_1_376' title='bbox 2905 4025 2989 4066; x_wconf 84' lang='lat' dir='ltr'><strong>ex</strong></span> <span class='ocrx_word' id='word_1_377' title='bbox 3025 4001 3268 4087; x_wconf 88' lang='lat' dir='ltr'><strong>quibus</strong></span> 
     </span>
     <span class='ocr_line' id='line_1_38' title="bbox 687 4103 3267 4191; baseline 0.001 -25"><span class='ocrx_word' id='word_1_378' title='bbox 687 4103 979 4167; x_wconf 82' lang='lat' dir='ltr'><strong>articulis</strong></span> <span class='ocrx_word' id='word_1_379' title='bbox 1024 4113 1207 4190; x_wconf 90' lang='lat' dir='ltr'><strong>patet</strong></span> <span class='ocrx_word' id='word_1_380' title='bbox 1252 4104 1711 4190; x_wconf 89' lang='lat' dir='ltr'><strong>epitomatores</strong></span> <span class='ocrx_word' id='word_1_381' title='bbox 1756 4105 1853 4169; x_wconf 86' lang='lat' dir='ltr'><strong>ita</strong></span> <span class='ocrx_word' id='word_1_382' title='bbox 1896 4128 1965 4170; x_wconf 85' lang='lat' dir='ltr'><strong>se</strong></span> <span class='ocrx_word' id='word_1_383' title='bbox 2009 4126 2271 4190; x_wconf 86' lang='lat' dir='ltr'><strong>gerere,</strong></span> <span class='ocrx_word' id='word_1_384' title='bbox 2318 4104 2506 4190; x_wconf 90' lang='lat' dir='ltr'><strong>quasi</strong></span> <span class='ocrx_word' id='word_1_385' title='bbox 2562 4114 2814 4191; x_wconf 87' lang='lat' dir='ltr'><strong>partem</strong></span> <span class='ocrx_word' id='word_1_386' title='bbox 2862 4114 3111 4170; x_wconf 88' lang='lat' dir='ltr'><strong>tantum</strong></span> <span class='ocrx_word' id='word_1_387' title='bbox 3157 4125 3267 4168; x_wconf 81' lang='lat' dir='ltr'><strong>ex-</strong></span> 
     </span>
     <span class='ocr_line' id='line_1_39' title="bbox 685 4204 2574 4290; baseline -0.001 -20"><span class='ocrx_word' id='word_1_388' title='bbox 685 4206 1024 4290; x_wconf 88' lang='lat' dir='ltr'><strong>positionis</strong></span> <span class='ocrx_word' id='word_1_389' title='bbox 1070 4204 1447 4271; x_wconf 87' lang='lat' dir='ltr'><strong>Herodiano</strong></span> <span class='ocrx_word' id='word_1_390' title='bbox 1494 4206 1805 4287; x_wconf 88' lang='lat' dir='ltr'><strong>debeant,</strong></span> <span class='ocrx_word' id='word_1_391' title='bbox 1854 4217 2061 4273; x_wconf 88' lang='lat' dir='ltr'><strong>totum</strong></span> <span class='ocrx_word' id='word_1_392' title='bbox 2106 4206 2574 4273; x_wconf 74' lang='lat' dir='ltr'><strong>exscribentes.</strong></span> 
     </span>
    </p>

    <p class='ocr_par' dir='ltr' id='par_1_6' title="bbox 679 4306 3267 4908">
     <span class='ocr_line' id='line_1_40' title="bbox 862 4306 3267 4396; baseline 0 -25"><span class='ocrx_word' id='word_1_393' title='bbox 862 4306 1154 4372; x_wconf 79' lang='lat' dir='ltr'><strong>Maxime</strong></span> <span class='ocrx_word' id='word_1_394' title='bbox 1220 4330 1373 4372; x_wconf 84' lang='lat' dir='ltr'><strong>vero</strong></span> <span class='ocrx_word' id='word_1_395' title='bbox 1442 4307 1768 4373; x_wconf 87' lang='lat' dir='ltr'><strong>excellunt</strong></span> <span class='ocrx_word' id='word_1_396' title='bbox 1826 4308 2190 4374; x_wconf 88' lang='lat' dir='ltr'><strong>Herodiani</strong></span> <span class='ocrx_word' id='word_1_397' title='bbox 2254 4317 2606 4396; x_wconf 85' lang='lat' dir='ltr'><strong>praecepta</strong></span> <span class='ocrx_word' id='word_1_398' title='bbox 2677 4308 3011 4375; x_wconf 86' lang='lat' dir='ltr'><strong>doctrinae</strong></span> <span class='ocrx_word' id='word_1_399' title='bbox 3083 4330 3267 4394; x_wconf 85' lang='lat' dir='ltr'><strong>prae·</strong></span> 
     </span>
     <span class='ocr_line' id='line_1_41' title="bbox 683 4409 3265 4497; baseline 0 -25"><span class='ocrx_word' id='word_1_400' title='bbox 683 4409 957 4493; x_wconf 87' lang='lat' dir='ltr'><strong>stantia,</strong></span> <span class='ocrx_word' id='word_1_401' title='bbox 1004 4432 1170 4497; x_wconf 87' lang='lat' dir='ltr'><strong>quae</strong></span> <span class='ocrx_word' id='word_1_402' title='bbox 1214 4409 1423 4474; x_wconf 89' lang='lat' dir='ltr'><strong>elucet</strong></span> <span class='ocrx_word' id='word_1_403' title='bbox 1467 4422 1776 4476; x_wconf 85' lang='lat' dir='ltr'><strong>accurata</strong></span> <span class='ocrx_word' id='word_1_404' title='bbox 1820 4413 2108 4497; x_wconf 88' lang='lat' dir='ltr'><strong>priorum</strong></span> <span class='ocrx_word' id='word_1_405' title='bbox 2165 4413 2741 4496; x_wconf 85' lang='lat' dir='ltr'><strong>grammaticorum</strong></span> <span class='ocrx_word' id='word_1_406' title='bbox 2797 4411 3265 4476; x_wconf 88' lang='lat' dir='ltr'><strong>sententiarum</strong></span> 
     </span>
     <span class='ocr_line' id='line_1_42' title="bbox 683 4510 3262 4600; baseline 0 -25"><span class='ocrx_word' id='word_1_407' title='bbox 683 4511 1175 4598; x_wconf 84' lang='lat' dir='ltr'><strong>disquisitione,</strong></span> <span class='ocrx_word' id='word_1_408' title='bbox 1224 4534 1306 4576; x_wconf 82' lang='lat' dir='ltr'><strong>ex</strong></span> <span class='ocrx_word' id='word_1_409' title='bbox 1352 4534 1480 4598; x_wconf 90' lang='lat' dir='ltr'><strong>qua</strong></span> <span class='ocrx_word' id='word_1_410' title='bbox 1534 4521 1647 4578; x_wconf 91' lang='lat' dir='ltr'><strong>aut</strong></span> <span class='ocrx_word' id='word_1_411' title='bbox 1701 4514 2148 4600; x_wconf 87' lang='lat' dir='ltr'><strong>comprobatio</strong></span> <span class='ocrx_word' id='word_1_412' title='bbox 2206 4524 2319 4578; x_wconf 86' lang='lat' dir='ltr'><strong>aut</strong></span> <span class='ocrx_word' id='word_1_413' title='bbox 2373 4514 2682 4579; x_wconf 85' lang='lat' dir='ltr'><strong>refutatio</strong></span> <span class='ocrx_word' id='word_1_414' title='bbox 2739 4514 3063 4594; x_wconf 88' lang='lat' dir='ltr'><strong>nascitur,</strong></span> <span class='ocrx_word' id='word_1_415' title='bbox 3121 4510 3262 4576; x_wconf 90' lang='lat' dir='ltr'><strong>dili-</strong></span> 
     </span>
     <span class='ocr_line' id='line_1_43' title="bbox 679 4612 3263 4702; baseline 0.001 -25"><span class='ocrx_word' id='word_1_416' title='bbox 679 4612 860 4697; x_wconf 86' lang='lat' dir='ltr'><strong>genti</strong></span> <span class='ocrx_word' id='word_1_417' title='bbox 905 4636 1062 4678; x_wconf 88' lang='lat' dir='ltr'><strong>usus</strong></span> <span class='ocrx_word' id='word_1_418' title='bbox 1109 4614 1501 4700; x_wconf 89' lang='lat' dir='ltr'><strong>scriptorum</strong></span> <span class='ocrx_word' id='word_1_419' title='bbox 1545 4616 2090 4701; x_wconf 86' lang='lat' dir='ltr'><strong>perscrutatione,</strong></span> <span class='ocrx_word' id='word_1_420' title='bbox 2138 4638 2221 4681; x_wconf 85' lang='lat' dir='ltr'><strong>ex</strong></span> <span class='ocrx_word' id='word_1_421' title='bbox 2277 4637 2408 4700; x_wconf 89' lang='lat' dir='ltr'><strong>qua</strong></span> <span class='ocrx_word' id='word_1_422' title='bbox 2462 4617 2690 4701; x_wconf 88' lang='lat' dir='ltr'><strong>ingens</strong></span> <span class='ocrx_word' id='word_1_423' title='bbox 2747 4616 2938 4702; x_wconf 89' lang='lat' dir='ltr'><strong>copia</strong></span> <span class='ocrx_word' id='word_1_424' title='bbox 2994 4614 3263 4701; x_wconf 89' lang='lat' dir='ltr'><strong>scripto-</strong></span> 
     </span>
     <span class='ocr_line' id='line_1_44' title="bbox 680 4715 3263 4802; baseline 0.001 -23"><span class='ocrx_word' id='word_1_425' title='bbox 680 4737 824 4779; x_wconf 90' lang='lat' dir='ltr'><strong>rum</strong></span> <span class='ocrx_word' id='word_1_426' title='bbox 889 4716 1204 4801; x_wconf 89' lang='lat' dir='ltr'><strong>cuiusque</strong></span> <span class='ocrx_word' id='word_1_427' title='bbox 1272 4715 1527 4802; x_wconf 89' lang='lat' dir='ltr'><strong>generis</strong></span> <span class='ocrx_word' id='word_1_428' title='bbox 1598 4717 1663 4779; x_wconf 89' lang='lat' dir='ltr'><strong>in</strong></span> <span class='ocrx_word' id='word_1_429' title='bbox 1732 4719 2171 4783; x_wconf 88' lang='lat' dir='ltr'><strong>testimonium</strong></span> <span class='ocrx_word' id='word_1_430' title='bbox 2238 4729 2617 4783; x_wconf 85' lang='lat' dir='ltr'><strong>vocatorum</strong></span> <span class='ocrx_word' id='word_1_431' title='bbox 2682 4718 2962 4782; x_wconf 81' lang='lat' dir='ltr'><strong>exsistit.</strong></span> <span class='ocrx_word' id='word_1_432' title='bbox 3067 4716 3263 4781; x_wconf 91' lang='lat' dir='ltr'><strong>Hunc</strong></span> 
     </span>
     <span class='ocr_line' id='line_1_45' title="bbox 680 4814 3265 4908; baseline 0.003 -29"><span class='ocrx_word' id='word_1_433' title='bbox 680 4814 1095 4905; x_wconf 88' lang='lat' dir='ltr'><strong>splendorem</strong></span> <span class='ocrx_word' id='word_1_434' title='bbox 1162 4819 1619 4907; x_wconf 84' lang='lat' dir='ltr'><strong>epitomatores</strong></span> <span class='ocrx_word' id='word_1_435' title='bbox 1694 4841 2085 4907; x_wconf 86' lang='lat' dir='ltr'><strong>quamquam</strong></span> <span class='ocrx_word' id='word_1_436' title='bbox 2154 4822 2413 4908; x_wconf 87' lang='lat' dir='ltr'><strong>saepius</strong></span> <span class='ocrx_word' id='word_1_437' title='bbox 2491 4819 2771 4906; x_wconf 87' lang='lat' dir='ltr'><strong>caligine</strong></span> <span class='ocrx_word' id='word_1_438' title='bbox 2849 4820 3265 4887; x_wconf 82' lang='lat' dir='ltr'><strong>obduxerunt</strong></span> 
     </span>
    </p>
   </div>
   <div class='ocr_carea' id='block_1_5' title="bbox 3576 1859 3598 3159">
    <p class='ocr_par' dir='ltr' id='par_1_7' title="bbox 3576 1859 3598 3159">
     <span class='ocr_line' id='line_1_46' title="bbox 3576 1859 3598 3159; baseline 0 0"><span class='ocrx_word' id='word_1_439' title='bbox 3576 1859 3598 3159; x_wconf 95' lang='lat' dir='ltr'><strong> </strong></span> 
     </span>
    </p>
   </div>
  </div>
 </body>
</html>
