3664 5546
754 316 881 381 496
1690 317 1773 371 ΕΚ
1809 316 1952 371 ΤΩΝ
1992 315 2399 371 ΗΡΩΔΙΑΝΟΥ

754 487 1165 567 ἀποκριδά.
1252 488 1329 551 τὸ
1375 489 1447 552 δὲ
1491 489 1787 569 κρύβδα
1830 489 1934 553 καὶ
1977 488 2208 567 μίγδα
2251 489 2378 567 πρὸ
2422 492 2540 552 τοῦ
2574 471 2659 552 δα
2699 487 2890 566 με’ςον
2931 485 3136 565 ἔχουςι
3167 476 3314 571 τὸβ

753 591 855 653 καὶ
897 594 953 665 γ’.
1038 589 1115 654 τὸ
1161 589 1361 668 χύδα
1405 589 1469 655 οἱ
1513 592 1628 670 μὲν
1673 590 1960 674 ὤξυναν,
2013 589 2076 655 οἱ
2120 593 2192 655 δὲ
2235 590 2584 673 ἐβάρυναν,
2640 589 2801 668 ὅπερ
2846 589 2948 653 καὶ
2989 588 3312 671 ἐπεκράτη-

752 711 875 756 ςεν.
946 692 1027 756 τὰ
1082 690 1171 756 εἰς
1215 698 1325 774 θα,
1382 691 1437 756 εἰ
1490 694 1605 771 μὲν
1648 695 1778 771 πρὸ
1822 697 1941 757 τοῦ
1985 680 2022 758 θ
2066 691 2140 757 τὸ
2194 695 2266 775 χ,
2321 690 2643 774 ὀξύνεται,
2699 692 3002 774 τριχθά,
3059 712 3313 771 τετρα-

752 794 909 872 χθά.
997 793 1053 857 εἰ
1095 794 1166 857 δὲ
1211 796 1292 874 μὴ
1338 794 1484 877 ἔχη,
1542 795 1907 878 βαρύνεται,
1964 795 2126 873 ὑπὲρ
2182 795 2302 859 δύο
2356 794 2670 875 ςυλλαβὰς
2721 792 2882 858 ὄντα
2924 797 3314 873 προπαροξύ-

690 904 725 955 5
755 917 959 977 νεται,
1005 896 1478 975 ὑπεςταλμένου
1519 900 1637 961 τοῦ
1681 896 2015 962 ἐνταῦθα
2058 896 2706 978 προπεριςπωμένου,
2751 896 2968 978 ἔνθα,
2999 896 3315 980 πρόςθα,

751 998 1127 1079 πάροιθα,
1172 997 1489 1080 ἄτερθα,
1534 997 1848 1081 ὄπιςθα,
1892 998 2202 1080 ὔπιςθα,
2244 1000 2503 1080 ἤλιθα,
2548 997 2833 1061 ὕπαιθα
2864 995 2942 1061 «δ
2987 997 3053 1061 δ’
3093 996 3319 1063 ὕπαιθα

753 1101 1008 1178 λιάςθη»
1054 1098 1137 1180 (0
1166 1098 1350 1181 520),
1396 1100 1738 1179 μίνυνθα.
1811 1100 1892 1164 τὰ
1935 1100 2024 1165 εἰς
2067 1104 2151 1179 ’χὀι
2197 1100 2478 1178 λήγοντα
2521 1099 2628 1163 ἐπὶ
2670 1099 3025 1178 ποςότητος
3067 1100 3318 1179 βαρύνε-

749 1223 883 1285 ται,
939 1201 1115 1279 δίχα
1171 1200 1354 1280 «δίχα
1408 1202 1479 1267 δέ
1536 1223 1683 1281 ςφιν
1754 1202 1992 1280 ἥνδανε
2058 1203 2299 1282 βουλή»
2366 1200 2440 1284 (C
2491 1199 2679 1284 510),
2734 1201 2986 1280 τρίχα·
3055 1202 3130 1266 τὸ
3184 1203 3320 1266 «διὰ

750 1305 932 1383 τρίχα
984 1303 1440 1380 κοςμηθέντες»
1498 1305 1575 1387 (Β
1627 1302 1780 1386 655)
1838 1304 1917 1368 οὐ
1977 1303 2294 1369 ςύνθετον.
2391 1303 2618 1383 ἔμελλε
2673 1304 2796 1382 γὰρ
2850 1303 3319 1382 προπαροξύνε-

651 1412 718 1463 10
755 1417 890 1477 (θαι
945 1413 1036 1476 ὡς
1092 1404 1416 1488 διάνδιχα,
1481 1404 1623 1470 ἀλλ’
1687 1406 1812 1471 ἔςτι
1875 1406 1951 1469 τὸ
2007 1405 2148 1484 ἑξῆς
2202 1405 2721 1484 διακοςμηθέντες
2784 1405 2984 1487 τρίχα.
3077 1405 3156 1469 τά
3206 1405 3322 1484 γὰρ

753 1499 914 1581 ὑπὲρ
959 1504 1078 1570 δύο
1125 1508 1437 1587 ςυλλαβὰς
1480 1507 2066 1589 προπαροξύνεται,
2111 1507 2485 1589 τέτραχα,
2530 1507 2912 1589 πένταχα,
2957 1506 3207 1584 ἕξαχα.
3247 1506 3322 1570 τὰ

752 1604 857 1668 διὰ
899 1611 1015 1671 τοῦ
1053 1594 1204 1674 δῖιῖιὶ
1246 1607 1609 1688 δίφθογγον
1654 1609 1892 1688 ἔχοντα
1936 1609 2096 1688 ὑπὲρ
2142 1608 2261 1673 δύο
2307 1611 2620 1689 ςυλλαβὰς
2669 1609 2884 1687 τρίτην
2928 1606 3062 1673 ἀπὸ
3105 1608 3325 1672 τέλους

752 1705 882 1785 ἔχει
937 1709 1053 1788 τήν
1110 1710 1358 1793 ὀξεῖαν,
1426 1710 1822 1794 διχάδεια,
1886 1710 2347 1794 τροπάδεια,
2400 1711 2930 1793 ἐγκρικάδεια,
2997 1712 3322 1775 καταλο-

751 1808 1044 1889 φάδεια
1089 1818 1248 1894 «βῆν
1294 1813 1365 1877 δὲ
1410 1813 1889 1893 καταλοφάδεια
1932 1814 2193 1893 φέρων»
2240 1810 2398 1897 (Od.
2430 1835 2466 1878 κ
2499 1812 2678 1896 169),
2724 1812 3181 1893 κρυφάδεια.
3250 1811 3327 1875 τὰ

652 1920 715 1973 15
751 1910 840 1975 εἰς
885 1914 926 1976 ἇ
971 1915 1284 1998 λήγοντα,
1329 1914 1438 1979 ὅτε
1484 1918 2061 1995 δικαταληκτοῦντα
2104 1917 2206 1981 καὶ
2250 1915 2338 1982 εἰς
2368 1915 2715 1996 ςύμφωνον
2762 1915 2974 2005 λήγει,
3020 1912 3149 1992 πρὸ
3193 1916 3327 1992 μιᾶς

752 2013 1042 2092 ἔχειτὸν
1096 2016 1329 2099 τόνον,
1385 2015 1678 2097 ἀτρέμα
1732 2018 1837 2083 καὶ
1891 2017 2191 2100 ἀτρέμας,
2246 2017 2488 2097 ἠρέμα
2542 2018 2645 2082 καὶ
2697 2015 2964 2099 ἠρέμας,
3024 2015 3329 2093 ὑπόδρα

754 2117 856 2180 καὶ
899 2115 1183 2197 ὑποδράξ
1230 2119 1510 2202 λέγεται,
1554 2121 1748 2200 χωρὶς
1791 2121 1863 2184 δὲ
1906 2123 2021 2184 τοῦ
2073 2107 2104 2187 Ξ
2157 2117 2595 2198 παροξύνεται.
2683 2119 2784 2183 καὶ
2838 2119 2920 2183 τὰ
2974 2117 3065 2184 εἰς
3119 2120 3200 2180 ffi
3240 2122 3327 2201 τῷ

752 2218 787 2281 ἶ
829 2220 1326 2300 παραληγόμενα
1379 2221 1507 2300 πρὸ
1564 2225 1705 2300 μιᾶς
1761 2222 1892 2300 ἔχει
1945 2221 2061 2286 τὸν
2113 2222 2343 2303 τόνον,
2399 2221 2518 2287 κᾶν
2561 2221 2737 2286 ἁπλᾶ
2790 2221 2829 2305 ᾖ
2881 2220 3003 2286 κᾶν
3049 2219 3329 2301 ςύνθετα,

749 2319 1052 2406 αὐτίκα,
1097 2324 1566 2405 παραυτίκα,
1609 2323 1869 2407 ἡνίκα,
1914 2324 2229 2407 πηνίκα,
2274 2323 2628 2402 ὁπηνίκα.
2957 2318 2971 2331 ”

647 2435 720 2488 20
924 2424 1017 2488 Τὰ
1072 2424 1159 2489 εἰς
1210 2430 1279 2490 τε
1347 2427 1627 2504 λήγοντα
1692 2426 1852 2505 ὑπὲρ
1919 2425 2038 2490 δύο
2104 2425 2416 2506 ςυλλαβὰς
2481 2426 2691 2491 πάντα
2754 2425 3333 2506 προπαροξύνεται,

750 2525 1064 2609 ἄλλοτε,
1132 2526 1426 2610 ἐνίοτε,
1480 2527 1877 2610 ἑκάςτοτε,
1922 2527 2208 2593 ἔκτοτε.
2263 2528 2465 2609 μόνον
2509 2528 2586 2592 τὸ
2630 2527 2810 2604 ἠΰτε
2853 2528 2986 2605 πρὸ
3019 2531 3165 2608 μιᾶς
3210 2526 3334 2605 ἔχει

751 2629 866 2692 τὸν
910 2628 1133 2694 τόνον·
1188 2632 1264 2696 τὸ
1311 2632 1382 2694 δὲ
1426 2628 1662 2715 αἴτιον,
1717 2629 1815 2694 ὅτι
1874 2631 2075 2709 μόνον
2128 2634 2222 2714 τῷ
2266 2629 2304 2693 ὓ
2348 2630 2809 2713 παραλήγεται,
2864 2631 2943 2694 τὰ
2999 2631 3125 2709 γὰρ
3172 2628 3336 2693 ἄλλα

754 2750 809 2794 ο.
883 2730 963 2795 τὰ
1019 2731 1089 2796 δὲ
1143 2731 1485 2812 διςύλλαβα
1538 2733 1620 2812 μή
1676 2730 1910 2812 ἔχοντα
1961 2732 2037 2798 τὸ
2091 2735 2125 2798 ἶ
2179 2733 2308 2811 πρὸ
2361 2735 2477 2798 τοῦ
2532 2733 2564 2797 ἒ
2608 2732 2711 2798 καὶ
2764 2731 2925 2798 αὐτὰ
2975 2732 3337 2815 βαρύνεται,

752 2832 1237 2913 ὑπεςταλμένων
1284 2835 1556 2919 ὀλίγων,
1599 2838 1811 2920 τῆλε,
1856 2835 2078 2920 πόςε,
2123 2838 2360 2919 κεῖςε,
2403 2834 2584 2919 ὧδε,
2628 2835 2830 2917 βάλε.
2918 2836 3000 2901 τὸ
3054 2836 3130 2901 δὲ
3174 2833 3337 2900 εἴθε

749 3073 949 3139 χανδά,
998 3078 1335 3141 quapropter
1379 3071 1540 3138 μίγδα
1585 3076 1770 3141 specie.
1816 3077 1873 3126 in
1911 3061 2021 3126 δον
2066 3074 2392 3126 destitutum
2430 3081 2716 3141 gravetur,
2770 3075 2807 3129 l.
2844 3078 2876 3126 6
2921 3091 3024 3141 pro
3062 3072 3336 3140 πάροιςθα

751 3159 872 3194 cum
908 3143 1120 3194 Ahrens
1158 3144 1224 3194 de
1259 3142 1390 3193 dial.
1426 3143 1581 3197 Aeol.
1616 3160 1666 3208 p.
1706 3147 1801 3194 153
1838 3149 1952 3198 not.
1989 3147 2020 3195 3
2057 3148 2192 3194 extr.
2228 3145 2424 3210 scripsi
2460 3142 2728 3209 πάροιθα,
2778 3141 2990 3208 ἄτερθα
3040 3144 3237 3196 addidi
3272 3160 3337 3194 ex

749 3227 954 3282 Herod.
992 3245 1082 3293 ap.
1119 3230 1315 3278 Zonar.
1353 3229 1505 3278 1299:
1541 3226 1613 3279 τὰ
1649 3225 1727 3279 εἰς
1764 3231 1863 3279 θεν
1899 3226 2148 3291 λήγοντα
2186 3225 2265 3279 εἰς
2301 3231 2335 3279 ἃ
2372 3231 2625 3280 ποιοθςιν
2668 3225 2793 3280 οἷον
2838 3227 3077 3280 δπιςθεν
3113 3227 3333 3290 ὄπιςθα,

751 3294 989 3360 ἄτερθεν
1024 3295 1232 3360 ἄτερθα
1268 3296 1437 3359 χωρίς
1461 3298 1563 3347 τοο
1600 3298 1656 3345 V·
1694 3295 1792 3348 ὅτε
1828 3295 1934 3361 γάρ
1970 3297 2003 3361 ᾖ
2042 3293 2119 3347 εἰς
2155 3299 2188 3347 ἒ
2221 3295 2294 3348 τὰ
2322 3296 2689 3361 ἐπιρρήματα,
2726 3295 2861 3347 τότε
2897 3297 2993 3348 καὶ
3030 3296 3104 3348 τὸ
3141 3300 3176 3348 V
3214 3292 3335 3349 οἷον

753 3363 996 3415 ὄπιςθεν.
1066 3363 1163 3415 ὅτε
1199 3362 1261 3414 δὲ
1298 3362 1377 3415 εἰς
1412 3366 1473 3427 ἃ,
1512 3362 1809 3427 ἀφίεταται
1845 3364 1914 3416 τὸ
1951 3366 1984 3414 V
2022 3363 2210 3428 ὥςπερ
2258 3365 2348 3415 καὶ
2383 3365 2453 3415 τὸ
2490 3363 2795 3432 λεγόμεθα,
2843 3363 2973 3416 εἶτα
3021 3364 3334 3429 λεγόμεθεν

752 3430 1092 3483 ἑπλεόναεεν
1125 3430 1197 3482 τὸ
1232 3435 1280 3482 ν’.
1350 3431 1534 3483 οὕτως
1571 3432 1910 3496 Ἡρωδιανὸς
1957 3433 2084 3497 περὶ
2130 3433 2345 3483 παθῶν.
2418 3434 2684 3484 Similiter
2717 3433 2894 3499 Apoll.
2945 3433 3018 3483 de
3068 3433 3198 3486 adv.
3238 3435 3333 3484 563

750 3517 883 3568 ἔνθα
921 3525 977 3594 οἱ
1014 3516 1228 3582 πρόςθα
1264 3533 1330 3567 ex
1367 3515 1528 3568 ἔνθεν
1562 3516 1806 3581 πρόςθεν
1853 3524 1974 3569 orta
2011 3522 2170 3584 putat
2207 3524 2264 3568 et
2300 3518 2491 3572 omnia
2516 3518 2575 3567 in
2611 3503 2681 3569 θα
2717 3519 2914 3583 quibus
2941 3517 3134 3569 altera
3161 3519 3333 3570 forma

748 3604 806 3654 in
855 3589 953 3655 θέν
989 3602 1163 3665 adsit,
1202 3603 1449 3668 gravari,
1488 3602 1697 3667 reliqua
1732 3608 1797 3653 ut
1829 3600 2026 3667 τριχθά
2061 3600 2339 3666 τετραχθὰ
2374 3599 2517 3667 δηθά
2552 3604 2677 3654 acui
2717 3603 2876 3653 docet
2920 3603 2994 3653 ef.
3035 3605 3144 3670 Ep.
3184 3604 3273 3656 Cr.
3307 3603 3332 3652 1

746 3674 877 3736 406,
915 3675 997 3723 30.
1065 3672 1132 3720 E.
1167 3672 1241 3720 M.
1279 3673 1404 3732 341,
1442 3671 1532 3720 38:
1578 3668 1851 3734 ἀποροῡςί
1885 3685 2036 3722 τινες
2071 3669 2361 3734 λέγοντες,
2405 3669 2587 3746 noega
2629 3668 2843 3734 γίνεται
2889 3669 2960 3722 τὸ
3014 3669 3175 3724 ἔνθα.
3245 3669 3333 3722 καὶ

748 3755 987 3819 λέγομεν
1023 3753 1085 3828 §tt
1121 3755 1223 3805 τοῦ
1262 3754 1439 3805 ἔνθεν.
1509 3753 1689 3806 πόθεν
1724 3755 1925 3821 δῆλον;
1965 3754 2252 3807 ἐντεῦθεν·
2289 3753 2361 3805 τὰ
2401 3753 2479 3807 είς
2515 3758 2585 3807 θα
2629 3754 2926 3820 διςύλλαβα
2974 3754 3333 3822 ἐπιρρήματα

747 3840 850 3892 οὐκ
888 3839 950 3892 ἑκ
976 3838 1325 3903 μεταθέςεως
1351 3838 1490 3890 ὄντα
1514 3843 1617 3891 τοῦ
1655 3826 1765 3892 θῖν’
1779 3839 2066 3893 ὁξύνεςθαι
2095 3839 2346 3891 θὲλουςιν
2370 3837 2494 3891 οἷον
2518 3839 2660 3906 δηθά
2711 3838 2922 3905 τριχθά.
2973 3839 3026 3893 εἰ
3063 3840 3176 3893 οὖν
3199 3840 3331 3893 ἔνθα

747 3909 851 3961 οὐκ
888 3909 949 3960 ἐκ
987 3905 1335 3972 μεταθέςεως
1370 3907 1584 3972 ὑπῆρχε
1620 3912 1722 3959 τοῦ
1760 3908 1949 3972 ἔνθεν,
1987 3908 2234 3973 ὠφειλεν
2269 3906 2571 3960 ὁξύνεςθαι.
2626 3880 2730 3959 ofin<
2765 3907 2872 3974 ἄρα
2909 3907 3032 3960 ἑςτὶ
3068 3910 3143 3961 τὸ
3170 3910 3334 3961 ἔνθεν

748 3977 862 4030 ἀπὸ
896 3979 999 4028 τοῦ
1034 3975 1184 4027 ἔνθα.
1275 3976 1308 4028 l.
1335 3977 1366 4025 6
1401 3974 1612 4027 ὕπαιθα
1638 3983 1693 4027 et
1720 3975 1954 4040 μίνυνθα
1979 3978 2206 4043 apposui
2233 3978 2424 4054 exssp.
2452 3977 2539 4030 Cr.
2567 3977 2593 4027 I
2615 3979 2734 4041 418,
2760 3980 2789 4026 7
2814 3975 3062 4029 ὕπαιθαε
3104 3977 3330 4043 βαρύνε·

745 4077 860 4115 ται·
896 4060 1129 4126 τὲςςαρά
1154 4058 1253 4113 εἰει
1277 4059 1429 4125 παρὰ
1452 4064 1536 4128 τῷ
1563 4065 1768 4128 ποιητῇ
1796 4060 2184 4139 Bapuvduevq-
2179 4058 2257 4113 εἰς
2281 4065 2352 4113 θα
2378 4061 2454 4113 «6
2479 4062 2540 4112 δ’
2565 4060 2774 4113 ὕπαιθα
2798 4059 3045 4128 Atticen»
3073 4063 3329 4128 μίνυνθα,

746 4148 913 4226 ήλιθα
947 4148 1036 4199 καὶ
1073 4146 1222 4198 ἔνθα.
1293 4147 1539 4209 φυςικῶς
1585 4146 1645 4198 δὲ
1688 4145 1814 4212 τρία
1859 4144 1958 4199 εἰεί
1995 4144 2073 4198 εἰς
2118 4150 2190 4198 θα
2225 4145 2596 4212 βαρυνόμενα·
2644 4149 2747 4197 τοῦ
2794 4145 3055 4212 ῥηματός
3103 4147 3219 4201 ἑςτι
3263 4145 3329 4198 τὸ

746 4237 779 4285 θ
815 4235 917 4285 τοῦ
960 4230 1186 4296 μινύθω.
1257 4230 1448 4297 ἠρεμῶ
1486 4231 1663 4296 ἠρέμα
1699 4232 1790 4284 καὶ
1825 4230 1929 4283 οὐκ
1964 4230 2139 4283 αὐτοῦ
2186 4234 2288 4283 τοῦ
2327 4229 2704 4296 ἑπιρρήματος
2748 4230 2817 4282 τὸ
2855 4236 2930 4296 μᾶ
2969 4231 3055 4285 ὡς
3104 4232 3328 4298 ἀτρεμῶ

745 4301 959 4367 ἀτρέμα
993 4302 1096 4351 τοῦ
1135 4298 1627 4365 προκατάρχοντος
1663 4299 1912 4365 ῥήματος
1946 4299 2016 4351 τὸ
2053 4303 2104 4362 μ.
2151 4328 2214 4337 -
2258 4299 2294 4350 r.
2331 4304 2364 4352 8
2410 4301 2478 4350 de
2513 4297 2675 4364 τρίχα
2711 4301 2780 4350 cf.
2818 4300 3005 4352 Schol.
3047 4302 3124 4353 ad
3161 4302 3263 4351 Od.
3297 4302 3329 4350 θ

746 4374 871 4421 506:
911 4367 1235 4433 βαρυτόνως
1270 4367 1339 4419 τὸ
1376 4366 1550 4432 τρίχα.
1586 4395 1652 4405 —-
1689 4369 1722 4419 l.
1751 4373 1812 4420 13
1849 4366 2092 4431 διχάδεια
2125 4394 2193 4404 —
2228 4366 2573 4433 ἑγκρικάδεια
2609 4370 2793 4434 recepi
2831 4387 2897 4421 ex
2923 4370 3187 4435 Theogn.
3219 4371 3327 4428 164,

744 4442 838 4501 26,
876 4437 1054 4488 Bekk.
1090 4440 1191 4488 An.
1234 4441 1387 4497 1364,
1426 4438 1519 4487 ubi
1593 4437 1699 4487 uod
1745 4437 1948 4502 legitur
1989 4435 2364 4499 τελλοφάδεια
2409 4443 2717 4502 corruptum
2762 4446 2847 4488 est
2890 4454 2962 4489 ex
3001 4434 3330 4500 καταλοφά-

746 4506 892 4570 δεια,
932 4522 1027 4572 pro
1065 4522 1169 4570 quo
1205 4507 1283 4556 Io.
1319 4505 1401 4555 Al.
1440 4505 1552 4568 λοφ
1591 4505 1733 4569 δεια,
1782 4504 1816 4556 l.
1860 4507 1921 4554 16
1959 4505 2025 4554 de
2062 4503 2280 4569 ὑπόδρα
2326 4506 2399 4556 cf.
2439 4507 2538 4570 Ep.
2578 4504 2663 4555 Cr.
2703 4506 2726 4554 1
2760 4509 2879 4566 420,
2916 4509 3016 4567 50,
3061 4506 3248 4558 Schol.
3285 4506 3328 4554 B

747 4575 817 4625 ad
852 4576 915 4625 ll.
952 4571 994 4624 Α
1034 4577 1158 4623 148:
1195 4573 1227 4623 ό
1266 4572 1605 4637 Ἡρωδιανὸς
1643 4572 1790 4635 λέγει
1825 4571 1911 4624 ὅτι
1945 4571 2015 4623 τὸ
2051 4572 2268 4637 ὑπόδρα
2305 4571 2365 4624 ἐκ
2401 4576 2503 4624 τοῦ
2543 4570 2788 4637 ύποδράξ
2824 4572 3048 4636 γίνεται
3089 4600 3151 4611 —-
3193 4572 3327 4623 ἀπο-

747 4642 921 4706 βαλὸν
955 4639 1024 4691 τὸ
1060 4640 1366 4706 ςύμφωνον
1400 4639 1687 4704 ἀνεβίβαςε
1730 4640 1835 4692 τὸν
1869 4640 2041 4692 τόνον
2088 4641 2275 4705 ὥςπερ
2319 4639 2560 4705 ἀνυςτής
2596 4639 2833 4706 ἀνύτης,
2879 4641 3203 4706 δεςποςτής
3246 4641 3329 4692 δε-

747 4713 973 4776 ςπότης.
1028 4739 1091 4746 --
1144 4710 1177 4760 1.
1219 4714 1280 4762 19
1326 4708 1534 4776 πηνίκα
1570 4710 1757 4760 addidi
1804 4727 1868 4759 ex
1906 4710 2148 4775 Theogn.
2186 4712 2308 4773 156,
2344 4713 2393 4760 2.
2564 4708 2599 4761 l.
2638 4713 2696 4759 21
2738 4709 2932 4760 ἔκτοτε
2974 4711 3226 4761 accessit
3263 4725 3329 4759 ex

747 4796 987 4863 Theogn.
1028 4797 1138 4858 156,
1176 4797 1225 4846 6.
1260 4820 1324 4831 -·
1372 4797 1408 4846 1.
1444 4798 1510 4846 24
1554 4796 1620 4846 (le
1667 4792 1777 4847 ὧδε
1823 4795 1893 4846 cf.
1930 4797 2077 4847 Mon.
2112 4797 2205 4863 25,
2243 4797 2331 4846 12:
2379 4792 2544 4846 οὐδὲν
2580 4792 2658 4846 είς
2702 4779 2784 4848 δἐ-
2809 4796 2992 4864 λῆγον
3039 4793 3330 4863 ἐπίρρημα
