3664 5546
1147 421 1305 477 περι
1347 421 1741 477 κΑοοΛικΗς
1778 421 2202 477 πΡοςΩιΔιΑς
2249 425 2313 477 Δ.
2942 424 3024 489 87

436 593 829 673 καλεόμενον
873 595 975 658 καὶ
1017 595 1091 659 τὸ
1136 592 1313 672 ἱερὸν
1355 597 1474 658 τοῦ
1524 594 1756 672 Καρίου
1802 594 1932 658 ἐκεῖ
1948 620 1989 658 ».
2065 595 2465 674 ςεςημείωται
2509 598 2585 662 τὸ
2632 596 3021 676 κάνναβις.

435 698 515 761 τὰ
559 698 629 760 δὲ
675 697 858 774 κύρια
913 696 952 774 ἢ
1007 696 1442 775 προςηγορικὰ
1499 697 1872 780 βαρύνεται,
1932 698 2385 778 Ἀθάρραβις
2440 698 2627 763 πόλις
2682 697 3020 774 Αἰγύπτου.

436 799 759 864 Ἑκαταῖος
805 799 871 862 δ’
927 797 997 862 ἐν
1043 797 1325 883 δευτέρῳ
1369 799 1800 878 περιηγήςεως
1856 800 1947 864 δι>
2001 799 2149 865 ἑνός
2193 805 2229 878 ρ
2274 801 2377 864 καὶ
2431 803 2547 865 τοῦ
2591 803 2633 878 ii
2678 800 3020 880 «Ἀθάραμ-

436 907 529 981 βις
572 899 817 964 πόλις».
905 901 1246 981 Ἀθλιβις
1290 901 1476 966 πόλις
1519 900 1858 977 Αἰγύπτου.
1951 901 2243 981 Νικάνωρ
2288 903 2355 966 δ’
2411 901 2449 966 δ
2493 901 2776 982 Ἑρμείου
2833 903 2904 967 ἐν
2944 910 3022 986 τῇ

433 1004 597 1082 πρὸς
643 1003 975 1081 Ἀδριανόν
1030 1010 1250 1086 γραφῇ
1295 1003 1399 1071 διὰ
1442 1007 1560 1068 τοῦ
1603 1007 1641 1082 ς’)
1686 1005 1878 1085 φηςὶν
1935 1005 2226 1084 Ἀθριβις.
2315 1004 2487 1069 οὕτω
2551 1005 2654 1068 καὶ
2719 1003 3017 1085 Ετράβων
3046 1016 3079 1065 5

431 1108 504 1192 (p
549 1103 718 1186 802).
808 1103 934 1168 ἔςτι
1002 1106 1103 1169 καὶ
1157 1104 1319 1183 ἄλλη
1382 1106 1451 1170 ἐν
1509 1106 1778 1189 Ἀραβίᾳ.
1877 1107 2107 1186 Ἴαβις
2171 1107 2358 1173 πόλις
2415 1109 2527 1183 τῆς
2598 1107 3017 1173 Γαλαδίτιδος.

435 1208 731 1287 Ἰώςηπος
775 1204 884 1288 (A.
930 1203 981 1270 I.
1026 1205 1088 1287 ὃ,
1133 1205 1196 1288 2,
1248 1207 1321 1269 11
1369 1215 1436 1270 ct
1478 1205 1540 1287 6,
1593 1206 1690 1288 143
1738 1207 1821 1288 8).
1913 1208 2159 1285 λέγεται
2211 1209 2314 1272 καὶ
2358 1208 2662 1288 Ἰαβιςςός.
2714 1210 3015 1288 Κάραμ-

434 1317 547 1392 βις
614 1309 776 1389 ἄκρα
840 1312 957 1374 τοῦ
1020 1308 1302 1374 Πόντου.
1412 1310 1794 1390 Πνὲβεβις
1870 1311 2057 1377 πόλις
2123 1310 2477 1393 Αἰγύπτου,
2551 1311 3017 1392 Ψινέκταβις

430 1413 607 1492 κώμη
663 1410 982 1487 Αἰγυπτία.
1075 1411 1365 1491 Νίςιβις
1429 1411 1616 1476 πόλις
1682 1412 1753 1475 ἐν
1818 1419 1895 1496 τῇ
1948 1413 2195 1497 Περαίᾳ
2249 1419 2326 1496 τῇ
2380 1413 2547 1491 πρὸς
2602 1419 2693 1497 τῷ
2746 1413 3015 1492 Τίγρητι.

430 1515 644 1580 Φίλων
700 1514 770 1578 ἐν
816 1512 1200 1578 Φοινικικοῖς
1248 1513 1498 1594 Νάςιβις
1555 1515 1707 1593 φηςὶ
1764 1515 1869 1579 διὰ
1922 1519 2039 1580 τοῦ
2084 1518 2140 1578 ἃ.
2230 1513 2508 1593 ςημαίνει
2564 1515 2667 1595 δέ,
2723 1515 2811 1579 ὥς
2866 1536 3017 1594 φηςι
3060 1531 3120 1581 10

428 1617 677 1698 Φίλων,
733 1615 970 1694 νάςιβις
1025 1615 1137 1680 τὰς
1195 1616 1440 1694 ςτήλας.
1528 1615 1927 1696 Δάνουβις
1982 1617 2021 1695 ἢ
2068 1617 2393 1683 Δάνουςις
2435 1618 2671 1696 Ἴςτρος
2727 1616 2764 1681 ὁ
2818 1637 3015 1682 ποτα-

430 1719 562 1799 μός.
650 1717 1058 1798 ἑρμηνεύεται
1125 1718 1195 1782 δὲ
1260 1717 1471 1796 ὥςπερ
1528 1722 1645 1783 τοῦ
1699 1718 2005 1799 ἁμαρτεῖν
2072 1717 2241 1797 ἔχων
2298 1719 2516 1784 αἰτίαν.
2621 1720 3013 1799 Ἄνουβις,

428 1822 819 1900 κάνναβις.
868 1819 1197 1898 ςημείωςαι
1242 1820 1317 1884 τὸ
1363 1819 1752 1901 καλλαβίς.

596 1940 691 2004 Τὰ
735 1939 823 2003 εἰς
867 1942 964 2015 {fii
1008 1938 1352 2019 διςύλλαβα
1396 1937 1718 2021 ὀξύνεται,
1764 1925 1822 2005 εἷ’
1863 1942 1945 2021 μὴ
1977 1940 2281 2019 ἄρχοιντο
2326 1940 2459 2006 ἀπὸ
2502 1945 2620 2006 τοῦ
2664 1946 2734 2023 Ῠ,
2779 1941 3012 2026 αἰγίς,

428 2042 688 2123 μαγίς,
736 2040 1048 2123 ςφαγίς,
1105 2042 1469 2124 ςφραγίς,
1527 2042 1823 2121 Βρυγίς.
1913 2043 1989 2108 τό
2046 2044 2261 2122 μέντοι
2322 2044 2589 2122 Γέργις
2647 2044 3010 2143 βαρύνεται·
3052 2060 3113 2110 15

426 2144 558 2209 ἀπὸ
603 2148 719 2209 τοῦ
773 2147 813 2220 γ
865 2143 987 2221 γὰρ
1032 2143 1244 2229 ὥςπερ
1301 2144 1403 2207 καὶ
1456 2144 1532 2208 τὸ
1588 2145 1859 2221 γέλγις
1913 2145 2182 2221 γίγγις.
2273 2144 2398 2210 ἔςτι
2448 2146 2520 2210 δὲ
2568 2145 2779 2224 Γέργις
2824 2145 3012 2211 πόλις

427 2247 674 2324 Τροίας.
763 2245 1014 2322 λέγεται
1058 2244 1161 2309 καὶ
1202 2244 1241 2322 ἡ
1289 2246 1582 2324 Γέργιθος
1627 2247 1844 2311 εὐθεῖα
1887 2245 2018 2312 ἀπὸ
2062 2250 2313 2326 γενικῆς
2360 2248 2451 2312 ὡς
2494 2248 2841 2326 Τροίζηνος

591 2366 719 2429 Ἔτι
763 2364 843 2429 τὰ
886 2349 975 2429 είς
1018 2367 1116 2451 ’γιξ
1158 2366 1641 2447 πολυςύλλαβα,
1699 2366 2141 2448 ςτρατηγίς,
2198 2365 2606 2449 ἀλουργίς,
2662 2366 3008 2445 ἀμοργίς.

424 2470 501 2534 τὸ
545 2470 616 2533 δὲ
663 2467 995 2547 ἄμοργις
1048 2465 1087 2543 ἡ
1134 2466 1500 2548 ὑποςτάθμη
1558 2468 1896 2547 βαρύνεται
1952 2469 2053 2532 καὶ
2098 2467 2505 2544 Μέςςωγις
2560 2468 2716 2547 ὄρος
2759 2468 3007 2533 Λυδίας.

594 2610 633 2645 ³*
677 2586 770 2651 Τὰ
815 2587 902 2652 εἰς
947 2574 1044 2651 δις
1087 2586 1442 2664 παρώνυμα
1471 2584 1792 2667 ὀξύνεται,
1841 2586 2125 2668 Μηδίς,
2172 2586 2570 2652 Ἀςπενδίς
2607 2588 3009 2654 «Ἀςπενδίδα
3043 2603 3112 2653 20

422 2694 670 2767 γαῖαν».
730 2688 1135 2767 Λαρανδίς.
1181 2689 1260 2752 τὰ
1305 2689 1376 2752 δὲ
1421 2687 1587 2752 ἄλλα
1632 2689 1967 2768 βαρύνεται
2015 2689 2228 2753 Βῑδις
2274 2688 2595 2768 φρούριον
2640 2688 2709 2753 ἐν
2753 2695 2830 2773 τῇ
2874 2693 3006 2755 τῶν

421 2793 912 2872 Ταυρομενιτῶν
944 2792 1145 2875 χώρᾳ,
1179 2788 1458 2869 Εάρδις
1503 2790 1690 2855 πόλις
1720 2790 1971 2874 Λυδίας,
2004 2791 2439 2870 Βούςμαδις
2471 2791 2768 2870 Ἰςαυρικὴ
2799 2793 3004 2858 πόλις.

593 2935 631 2970 ιι
676 2910 770 2975 Τὰ
813 2911 902 2977 εἰς
946 2897 1037 2978 υἲζις
1107 2911 1473 2992 βαρύνεται,
1544 2908 1767 2976 Ῥίζις
1839 2909 2001 2989 ἄκρα
2057 2910 2329 2992 μεγάλη,
2390 2910 2471 2989 ἣν
2531 2909 2770 2976 οἰκοῦςι
2829 2909 3004 2989 Τρω-

419 3014 746 3091 γλοδύται
2357 3005 2370 3022 ’

588 3133 682 3197 Τά
740 3131 829 3197 εἰς
879 3120 976 3197 iit—c
1021 3131 1394 3214 διςύλλαβα,
1448 3129 1504 3195 εἰ
1548 3131 1629 3210 μὴ
1687 3131 2045 3210 μετάληψιν
2098 3130 2235 3210 ἔχοι
2279 3130 2369 3197 εἰς
2413 3129 2745 3209 ἀρςενικὸν
2788 3131 3000 3215 γένος,
3039 3148 3104 3199 25

421 3236 744 3316 ὀξύνεται,
799 3234 1111 3316 πληθίς,
1158 3232 1430 3315 Ἀτθίς,
1476 3232 1694 3311 τηθίς
1739 3234 1779 3311 ἡ
1823 3233 2067 3311 πατρὸς
2112 3231 2380 3312 ἀδελφή.
2469 3231 2783 3298 Εκυθίς·
2831 3233 3002 3299 οὕτω

417 3339 645 3416 Δῆλον
692 3338 1019 3412 κεκλῆςθαι
1067 3335 1358 3413 Νικάνωρ
1412 3336 1618 3415 φηςίν.
1707 3335 1982 3400 Τευθίς
2037 3334 2221 3400 πόλις
2276 3333 2619 3414 Ἀρκαδίας.
2705 3333 3003 3413 Παρθίς

419 3440 599 3519 χώρα
645 3438 1063 3504 Μακεδονίας.
1153 3437 1554 3516 ςεςημείωται
1609 3437 1685 3501 τὸ
1739 3438 2032 3503 Δένθις
2090 3438 2195 3501 καὶ
2237 3436 2502 3515 κόρθις
2557 3437 2660 3500 καὶ
2707 3436 2999 3515 Κρᾶθις.

687 3596 816 3603 ——.-

419 3713 611 3764 addita
647 3715 795 3774 sunt,
833 3711 876 3764 1.·
903 3715 934 3761 2
973 3707 1296 3774 Ἀθάρραβις
1333 3728 1399 3761 ex
1437 3709 1628 3760 codem
1666 3709 1913 3775 explevi,
1962 3709 2202 3760 indidem
2239 3708 2452 3774 reliqua
2486 3725 2658 3775 usque
2696 3709 2767 3759 ad
2804 3708 3000 3762 Ἄνου-

419 3784 497 3846 βιε
565 3781 711 3846 quod
747 3787 834 3830 est
869 3797 919 3845 p.
958 3783 1074 3836 304,
1111 3780 1198 3840 21)
1238 3777 1445 3828 addidi.
1557 3775 1570 3786 ”
1643 3778 1677 3829 l.
1719 3782 1742 3828 1
1782 3776 2042 3840 κάνναβις
2078 3793 2177 3843 pro
2213 3773 2475 3840 καλλαβίς
2512 3778 2824 3829 emendavit
2861 3780 2996 3830 Lob.

419 3850 583 3902 Prol.
619 3851 719 3899 288
756 3853 868 3900 not.
904 3849 955 3910 5,
992 3847 1136 3896 idem
1171 3847 1207 3897 l.
1250 3853 1308 3896 13
1344 3845 1605 3910 κάνναβις
1641 3861 1737 3914 pro
1777 3844 2055 3910 καννάβις.
2258 3846 2295 3899 l.
2336 3850 2399 3896 15
2435 3842 2668 3909 ςφραγίς
2705 3846 2895 3896 addidi
2930 3863 2998 3897 cx

420 3919 606 3971 Dichr.
645 3920 763 3978 299,
803 3921 882 3965 11.
933 3911 1132 3979 Βρυγίς
1171 3932 1236 3963 ex
1277 3919 1357 3964 δι.
1401 3916 1460 3964 Β.
1602 3915 1635 3970 l.
1670 3918 1728 3965 16
1768 3931 1863 3980 pro
1899 3913 2085 3976 γέγγις
2122 3914 2240 3974 ΑΒ,
2279 3912 2462 3977 τέγγις
2501 3916 2542 3962 G
2590 3914 2785 3978 scripsi
2821 3911 2997 3976 γίγγις

415 3987 568 4037 Alex.
605 3984 778 4035 Trall.
813 3985 845 4033 8
881 4000 931 4049 p.
972 3987 1084 4034 140.
1162 3981 1337 4046 Γέτις,
1377 3982 1519 4048 quod
1558 3983 1819 4038 Schmidt,
1867 3988 2090 4049 praeter
2127 3980 2302 4045 Γίγγις
2338 3982 2571 4047 profert,
2612 3982 2683 4030 ab
2731 3981 2833 4031 hoc
2880 3981 2997 4033 loco

416 4056 659 4106 alienum
696 4057 800 4111 est,
838 4067 1001 4116 quum
1038 4051 1094 4102 in
1129 4066 1213 4103 τις
1248 4067 1357 4102 non
1394 4051 1450 4100 in
1485 4065 1567 4112 γις
1606 4058 1784 4103 exeat.
1859 4053 2149 4101 Caeterum
2196 4051 2283 4100 hic
2319 4066 2494 4101 canon
2542 4050 2611 4099 ab
2648 4050 2880 4099 Arcadio
2918 4051 2999 4100 sic

417 4122 701 4174 mutilatus
741 4124 852 4180 est,
889 4125 954 4170 ut
990 4120 1082 4170 vix
1126 4120 1350 4171 restitui
1395 4119 1587 4183 possit.
1659 4121 1877 4170 Omissa
1922 4125 2048 4168 sunt
2094 4120 2313 4169 nomina
2360 4118 2577 4183 propria
2624 4114 2790 4180 Βῆγις
2835 4115 2996 4169 πόλις

417 4189 749 4256 Τράλλεων,
808 4185 1001 4252 Τέργις
1048 4186 1211 4240 πόλις
1265 4186 1328 4238 ἐν
1364 4186 1535 4251 Λιβύῃ
1582 4186 1724 4251 πρὸς
1768 4190 1840 4252 τῇ
1881 4183 2163 4252 Αἰθιοπίᾳ,
2219 4184 2406 4248 Τίγγις
2461 4184 2622 4237 πόλις
2659 4183 2996 4248 Μαρουςίας,

421 4257 586 4322 Νάγις
625 4254 997 4322 κυβερνήτης,
1046 4255 1153 4320 ἀφ’
1188 4254 1255 4306 οὗ
1297 4253 1531 4317 Νάγιδος
1569 4253 1730 4307 πόλις
1779 4272 1867 4320 ap.
1910 4256 1989 4304 St.
2028 4256 2114 4316 13„
2172 4269 2310 4319 quae
2349 4269 2677 4319 quamquam
2712 4268 2822 4302 non
2857 4254 2928 4303 ab
2963 4257 2999 4316 γ’

415 4329 704 4393 incipiunt,
745 4331 927 4376 tamen
966 4329 1283 4389 gravantur.
1527 4322 1639 4374 ἔςτι
1675 4322 1736 4376 δὲ
1776 4322 1960 4387 Γέργις
1998 4338 2167 4386 usque
2205 4321 2272 4371 ad
2310 4321 2469 4371 finem
2509 4337 2575 4371 cx
2616 4323 2694 4372 St.
2732 4321 2794 4370 B.

418 4397 452 4451 1.
497 4400 558 4448 18
612 4391 844 4458 ἀμοργίς
893 4392 1063 4444 linum
1118 4393 1457 4456 amorginum
1510 4399 1762 4442 monente
1808 4390 2049 4442 Meinek.
2095 4391 2245 4441 Com.
2292 4390 2348 4440 11
2397 4392 2420 4439 1
2472 4406 2521 4455 p.
2561 4392 2623 4439 77
2678 4388 2868 4440 addidi
2924 4390 2996 4439 cf.

415 4465 546 4515 Hes.
598 4468 657 4513 et
703 4461 854 4512 Suid.
887 4477 930 4510 s.
965 4477 1015 4514 v,
1055 4462 1118 4512 E.
1157 4463 1228 4511 M.
1265 4463 1358 4523 86,
1401 4463 1478 4510 14.
1687 4460 1722 4510 1.
1767 4463 1827 4509 19
1872 4456 2159 4520 Μὲςςωγις
2207 4473 2271 4508 cx
2308 4458 2387 4507 St.
2424 4460 2486 4508 Β.
2681 4455 2717 4506 1.
2753 4459 2821 4508 20
2855 4457 3000 4508 hunc

416 4547 680 4582 canonem
715 4530 996 4593 composui
1032 4535 1251 4580 secutus
1289 4528 1526 4592 vestigia
1562 4529 1643 4576 St.
1683 4528 1760 4588 B„
1797 4526 1942 4576 unde
1981 4526 2202 4575 nomina
2246 4526 2466 4590 sumpsi.
2541 4527 2647 4575 Pro
2685 4523 2829 4576 Βῖδις
2868 4532 2995 4576 scri·

419 4609 565 4665 ptum
604 4603 693 4649 est
729 4594 927 4661 Βίδιοε,
966 4598 1108 4663 quod
1147 4598 1312 4647 Mein.
1351 4603 1576 4662 propter
1612 4594 1786 4644 Cicer.
1811 4597 1966 4644 Verr.
1993 4596 2043 4656 2,
2083 4597 2147 4643 22
2185 4593 2378 4656 „Bidis
2415 4598 2503 4642 est
2538 4593 2794 4657 oppidum
2831 4601 2996 4644 tenue

418 4684 547 4718 sane
588 4683 696 4717 non
731 4666 896 4730 longe
934 4681 966 4715 a
1005 4666 1334 4731 Syracusis“
1373 4662 1690 4715 mutandum
1727 4679 1849 4712 esse
1886 4663 2111 4712 monuit.
2162 4662 2283 4711 Huc
2320 4660 2668 4712 referendum
2704 4668 2791 4710 est
2828 4662 2995 4711 etiam

420 4733 665 4798 μάγαδις,
706 4733 775 4783 de
813 4748 918 4798 quo
955 4734 1025 4783 cf.
1063 4736 1199 4784 Lob.
1237 4732 1398 4783 Proll.
1435 4736 1551 4782 351.
1698 4730 1732 4781 l.
1772 4734 1838 4780 23
1874 4746 2140 4781 canonem
2175 4737 2398 4795 proptor
2435 4727 2590 4780 Ῥίζις
2629 4729 2707 4777 St.
2749 4729 2809 4777 B.
2849 4729 2997 4779 finxi.

548 4804 584 4853 l.
623 4804 690 4852 26
727 4799 924 4853 (κυθίς
963 4830 1024 4836 —-
1061 4798 1276 4864 Παρθίς
1315 4817 1379 4851 ex
1420 4801 1497 4849 St.
1537 4801 1598 4851 B.
1738 4798 1772 4847 l.
1811 4801 1877 4848 28
1917 4813 2011 4864 pro
2048 4795 2190 4849 αίθις
2226 4814 2347 4848 cum
2383 4795 2641 4849 Schmidt.
2691 4794 2889 4848 Δένθις
2928 4815 2993 4848 ex

418 4872 592 4925 Noun.
618 4874 703 4931 32,
739 4871 841 4919 222
877 4869 1115 4931 exhibui,
1152 4871 1284 4919 item
1320 4868 1505 4932 κόρθις
1542 4884 1608 4917 ex
1647 4867 1777 4918 Hes.
1816 4884 1914 4934 pro
1950 4864 2157 4931 κρόθις,
2195 4879 2517 4931 quamquam
2554 4864 2722 4915 etiam
2761 4865 2862 4916 hoc
2899 4883 2997 4931 per

421 4939 742 4990 metathesin
766 4937 1032 5002 explicari
1067 4943 1266 5004 potest,
1304 4953 1427 4987 cum
1465 4936 1671 4986 eodem.
