3664 5546
1453 405 1873 453 PRAEFATIO.
2758 403 2943 451 CXXV

366 559 449 624 ad
501 559 682 625 Mon.
731 581 796 645 p.
847 559 988 622 114.
1078 557 1224 623 Hoc
1280 561 1796 640 προεφυέετερον
1856 567 1956 622 est
2009 579 2203 622 verus
2259 559 2771 644 comparativus,
2830 557 2945 621 sed

365 660 888 748 frequentissime
933 671 1209 746 usurpat
1254 659 1668 750 Herodianus
1715 657 2114 744 elegantiore
2158 658 2437 746 quodam
2468 658 2658 724 modo
2691 681 2947 747 compa-

364 763 653 828 rativum
695 783 814 848 pro
858 763 1174 848 positive,
1220 762 1403 826 velut
1445 785 1561 849 pro
1601 764 1748 842 περὶ
1776 766 2112 840 καθολικῆζ
2141 762 2503 846 προεῳδίαε
2533 761 2731 826 semel
2776 760 2951 825 dixit

364 865 513 945 περὶ
577 866 1083 944 καθολικωτέραε
1149 867 1524 949 προεῳδίαε.
1626 863 1882 928 Similia
1948 876 2099 927 sunt
2139 857 2563 944 ’τοπικώτερα
2626 886 2731 951 ap.
2791 866 2943 928 Arc.

369 969 479 1049 12,
531 968 641 1049 183
698 969 1186 1046 ἑπιθετικώτερα
1237 967 1354 1045 31,
1411 966 1483 1049 5,
1543 966 2158 1046 ὑποκοριετικώτερα
2211 967 2326 1046 35,
2390 966 2497 1046 15,
2561 967 2948 1046 ἰωνικώτερα

371 1070 525 1150 113,
587 1069 686 1134 18.
785 1068 923 1132 Vix
975 1067 1260 1152 reperias
1318 1077 1591 1152 escepto
1647 1065 2023 1131 Herodiano
2081 1066 2426 1132 dictionem
2493 1070 2531 1148 ἡ
2586 1068 2712 1133 ἀνὰ
2766 1073 2946 1148 χεῖρα

366 1171 580 1251 ὁμιλία
625 1193 741 1257 pro
797 1172 837 1250 ἡ
883 1172 1155 1249 ευνήθηε
1209 1167 1384 1232 Mon.
1431 1167 1550 1248 25,
1601 1168 1707 1250 10,
1764 1166 1938 1233 unde
1993 1168 2059 1233 in
2104 1169 2182 1233 E.
2231 1168 2321 1233 M.
2367 1168 2521 1251 636,
2566 1169 2608 1232 4
2662 1192 2777 1253 pro
2823 1172 2860 1250 ἡ
2907 1175 2948 1233 ᾶ

366 1279 582 1354 χρῆειε
627 1269 974 1336 emendavi
1016 1274 1058 1351 ἡ
1103 1272 1229 1337 ἀνὰ
1271 1275 1455 1351 χεῖρα
1488 1276 1717 1352 χρῆειε.
1777 1271 1923 1336 Non
1952 1272 2212 1336 insueta
2242 1281 2343 1335 est
2373 1268 2719 1357 Apollonio
2750 1269 2947 1334 dictio

367 1376 488 1441 οὐκ
533 1375 1051 1456 ἀναετρέφοντοε
1094 1379 1211 1440 τοῦ
1257 1374 1489 1455 λόγου,
1536 1372 1650 1437 sed
1695 1374 1831 1437 eius
1865 1373 2346 1437 amantissimus
2379 1382 2478 1437 est
2508 1371 2946 1450 Herodianu5‚

365 1476 543 1541 unde
587 1477 882 1540 firmatur
926 1475 1197 1559 originis
1229 1473 1682 1539 Herodianeae
1727 1473 2014 1561 suspicio
2054 1473 2579 1541 de-derivatione
2607 1472 2947 1559 gentilium

366 1580 431 1642 in
477 1583 650 1645 ῖιῖοῖ
690 1600 797 1664 ap.
842 1577 939 1643 St.
969 1579 1047 1642 B.
1080 1600 1134 1641 s.
1176 1578 1453 1656 Ἀγκυρα
1498 1576 1582 1640 cf.
1625 1575 1705 1641 Il.
1739 1576 1846 1641 Pr.
1893 1579 1907 1643 Ι
1954 1577 2076 1642 150
2118 1589 2184 1642 et
2227 1576 2433 1641 Lehrs
2480 1577 2682 1642 Arist.
2729 1599 2793 1662 p.
2825 1576 2949 1641 283

367 1680 469 1745 ed.
517 1680 612 1746 ΙΙ.
709 1680 1013 1766 Denique
1069 1678 1328 1743 termini
1393 1676 1658 1765 quidam
1726 1678 2007 1742 technici
2064 1678 2440 1745 Herodiano
2503 1701 2711 1765 paene
2777 1679 2947 1765 privi

368 1791 522 1848 sunt
569 1806 623 1847 e.
668 1805 732 1867 g.
779 1784 1102 1847 ἐπέκταειε
1158 1779 1240 1844 de
1295 1780 1658 1845 mutatione
1714 1778 1959 1845 vocalis
2014 1780 2239 1846 brevis
2298 1781 2367 1844 in
2421 1779 2614 1845 aliam
2666 1778 2947 1865 longam,

368 1887 678 1951 ἀντίθεειε
734 1883 815 1948 de
870 1882 1215 1948 metathesi
1272 1880 1379 1946 vel
1435 1892 1653 1969 trope‚
1712 1904 1794 1946 ex
1850 1904 1976 1969 quo
2034 1905 2157 1947 usu
2213 1882 2569 1948 coniectari
2625 1881 2778 1947 licet
2821 1882 2946 1968 Ep.

367 1986 472 2052 Cr.
524 1986 557 2051 I
604 1986 751 2069 289,
804 1985 881 2049 16
928 2008 1010 2049 ex
1041 1982 1414 2049 Herodiano
1459 1983 1761 2048 fluxisse:
1809 1985 2106 2064 νηπιάαεε
2155 1985 2279 2051 ἔετι
2324 2008 2381 2051 τι
2426 1987 2654 2064 νήπιος
2698 1985 2950 2065 νηπιεία

367 2093 468 2156 καὶ
516 2090 804 2154 Ἰωνικῶς
850 2087 963 2153 «ἐν
1007 2088 1235 2171 νηπιέῃ
1281 2086 1617 2173 ἀλεγεινῇ»
1664 2089 1766 2152 καὶ
1819 2088 1900 2166 ἦν
1942 2088 2018 2152 τὸ
2064 2090 2177 2167 μὲν
2236 2087 2598 2154 ἀκόλουθον
2647 2089 2949 2167 «νηπιέαε

367 2191 652 2272 ὀχέειν»,
698 2190 840 2256 ἀλλ’
883 2191 1024 2269 ἤτοι
1080 2188 1384 2255 ἀντίθεείε
1436 2191 1562 2256 ἐετι
1620 2194 1736 2255 τοῦ
1780 2184 1812 2253 ἒ
1870 2190 1958 2255 εἰ(
2009 2190 2086 2254 τὸ
2131 2195 2172 2253 ἆ
2225 2191 2264 2268 ἢ
2310 2191 2536 2270 νηπία(
2586 2187 2787 2273 ἐστίν,
2840 2189 2951 2254 ἵνα

368 2295 554 2378 λείπῃ
600 2295 845 2374 φρένα(
890 2294 993 2357 καὶ
1035 2292 1105 2357 ἐν
1150 2295 1529 2377 πλεοναεμῷ
1574 2297 1691 2357 τοῦ
1734 2297 1775 2355 ἃ
1819 2293 2124 2376 νηπιάας,
2180 2313 2345 2377 quae
2400 2291 2683 2378 suspicio
2738 2292 2949 2355 firma-

367 2407 472 2459 tur
518 2395 716 2458 etiam
758 2415 920 2458 voce
965 2393 1361 2478 ἀκόλουθον,
1407 2415 1572 2480 quae
1618 2392 1849 2458 eadem
1877 2392 2128 2457 ratione
2171 2393 2241 2456 in
2283 2390 2456 2474 loco,
2507 2416 2697 2480 quem
2743 2416 2824 2458 ex
2871 2393 2948 2457 Il.

366 2496 472 2560 Pr.
522 2497 576 2561 Ω
621 2495 747 2560 228
803 2493 1163 2559 Herodiani
1221 2517 1367 2559 esse
1422 2495 1702 2577 scimus,
1771 2494 1897 2580 Ep.
1953 2493 2146 2559 Hom.
2190 2495 2348 2576 430,
2414 2496 2492 2559 12
2556 2497 2819 2561 obviam
2875 2495 2951 2560 fit

368 2600 493 2665 εἴτε
538 2600 717 2679 παρὰ
758 2599 833 2664 τὸ
880 2602 1106 2679 φῶροε
1149 2597 1274 2662 εἴτε
1318 2600 1492 2678 παρὰ
1535 2600 1610 2663 τὸ
1657 2603 1896 2681 φᾶρος,
1953 2600 2030 2663 τὸ
2089 2597 2454 2664 ἀκόλουθον
2500 2599 2831 2679 φωριαμόε
2884 2608 2951 2661 et

367 2701 715 2766 enunciato
771 2721 890 2786 per
940 2699 1051 2764 ἵνα
1116 2699 1406 2765 subnexo
1429 2748 1447 2784 ‚
1516 2722 1710 2788 quam
1761 2709 2154 2765 structuram
2208 2698 2582 2764 Herodiano
2638 2721 2950 2787 perquam

367 2803 624 2890 placere
670 2824 755 2867 ex
799 2801 1147 2866 Homerica
1189 2801 1508 2867 Prosodia
1552 2803 1712 2868 satis
1755 2813 1979 2868 notum
2036 2812 2155 2866 est.
2242 2802 2468 2889 Neque
2512 2813 2727 2867 tamen
2773 2802 2948 2885 inde,

368 2904 544 2990 quod
592 2901 980 2970 vocabulum
1011 2903 1385 2969 Herodiano
1429 2904 1711 2970 alienum
1757 2905 1825 2968 in
1868 2902 2084 2991 aliquo
2130 2904 2403 2970 articulo
2448 2906 2755 2987 occurrit,
2803 2905 2950 2969 ideo

266 2996 281 3015 ⁰
364 3008 419 3071 is
467 3005 847 3073 Herodiano
892 3005 1365 3071 abiudicandus
1411 3016 1541 3088 est,
1597 3029 1746 3071 nam
1792 3008 2253 3093 epitomatores
2298 3007 2556 3094 saepius
2610 3007 2678 3071 in
2730 3008 2951 3092 genui-

367 3132 484 3173 nos
531 3108 708 3174 locos
755 3131 876 3172 sua
927 3107 1134 3173 verba
1187 3108 1540 3173 inferciunt
1594 3131 1648 3174 e.
1697 3131 1763 3195 g.
1807 3110 1888 3174 E.
1934 3109 2024 3174 M.
2069 3109 2227 3190 422,
2281 3109 2388 3191 12,
2449 3110 2516 3173 in
2574 3132 2699 3197 quo
2747 3108 2951 3174 Hero-

366 3210 603 3276 dianea
646 3210 848 3276 dictio
881 3211 1065 3288 ὀλίγα
1108 3212 1277 3291 πάθη
1323 3214 1567 3279 δίδοται
1613 3212 1882 3276 obvenit
1927 3221 1992 3275 et
2034 3234 2138 3275 res
2184 3235 2336 3277 vere
2371 3211 2785 3277 Herodianea
2829 3222 2948 3291 est,

368 3314 470 3378 bis
538 3335 657 3401 pro
712 3315 1025 3394 παράγειν
1089 3310 1196 3376 vel
1261 3312 1457 3377 simili
1514 3312 1714 3379 verbo
1776 3316 2130 3382 κανονίζειν
2187 3314 2477 3400 positum
2532 3325 2664 3396 est,
2735 3315 2831 3379 sic
2884 3315 2953 3378 in

364 3425 592 3479 notam
649 3416 729 3481 οὔ
785 3416 929 3480 ἑθεν
983 3413 1464 3479 Herodianeam
1518 3418 1587 3479 in
1648 3416 1771 3502 Ep.
1819 3416 1928 3480 Cr.
1976 3416 2011 3481 I
2062 3415 2189 3479 319
2245 3416 2378 3496 εἶχε
2434 3419 2780 3498 φυλάττειν
2835 3440 2952 3503 pro

367 3515 789 3583 Herodianeo
833 3518 1134 3601 ἤμελλεν,
1179 3517 1353 3603 quod
1399 3517 1689 3582 servavit
1732 3519 1811 3582 E.
1846 3517 1936 3582 M.
1984 3518 2129 3597 638,
2177 3518 2237 3601 6,
2283 3518 2580 3605 irrepsit3
2627 3520 2721 3584 sic
2751 3519 2952 3585 Choe-

361 3618 681 3684 roboscus
724 3640 844 3704 pro
890 3617 1304 3683 Herodianeo
1350 3620 1778 3701 ὀφειλόμενον
1828 3619 2187 3705 (ἀπέδωκεν
2232 3621 2604 3707 ἀνεδέξατο)
2651 3621 2952 3687 adhibuit

365 3722 928 3801 κεχρεωετημένον
974 3742 1029 3784 e.
1076 3742 1139 3805 g.
1188 3743 1250 3806 p.
1302 3721 1454 3802 748,
1499 3721 1561 3786 5.
1653 3720 1782 3786 Sed
1842 3732 1994 3786 sunt
2046 3720 2204 3804 loci,
2262 3723 2332 3786 in
2386 3724 2624 3809 quibus
2680 3723 2950 3790 insertio

279 3838 290 3843 ·
362 3824 569 3888 alieni
613 3820 918 3887 vocabuli
960 3822 1520 3909 interpolationem
1567 3824 1967 3910 excerptoris
2010 3823 2259 3889 indicat
2302 3847 2357 3889 e.
2390 3818 2457 3909 g)
2497 3825 2566 3888 in
2610 3824 2824 3891 Schol.
2872 3825 2948 3890 11.

365 3926 417 3990 Ω
461 3926 593 3991 657
642 3922 917 4010 expulso
962 3926 1344 4006 enunciato‚
1391 3926 1460 3989 in
1503 3949 1631 4013 quo
1675 3925 1917 4010 legitur
1960 3926 2235 3990 verbum
2282 3929 2675 4007 ἐξαιρεῖεθαι;
2735 3929 2952 4012 ἐξῃρη-

365 4029 572 4106 μένου
602 4031 720 4092 τοῦ
749 4028 1074 4093 ποδαπός
1105 4029 1455 4104 ἐπέγκειται
1484 4031 1608 4108 γὰρ
1639 4030 1714 4093 τὸ
1745 4032 1937 4095 ποῖος
1968 4036 2059 4112 τῷ
2091 4031 2350 4114 δαπέδῳ
2381 4031 2715 4114 egregium
2745 4028 2950 4093 Hero-

363 4129 540 4193 diani
590 4128 1026 4213 fragmentum
1070 4116 1417 4194 lucramur.
1492 4130 1598 4195 Sic
1642 4130 2032 4216 epitomator
2060 4131 2328 4196 Arcadii
2373 4154 2437 4217 p.
2472 4132 2589 4196 127
2637 4154 2704 4195 se
2735 4129 2956 4217 prodit

365 4253 527 4295 voce
589 4231 969 4311 ὀνομαετική
1014 4230 1389 4297 Herodiano
1447 4232 1757 4297 inusitata
1811 4235 1913 4297 καὶ
1964 4238 2162 4299 ταῦτα
2217 4236 2329 4313 μὲν
2386 4237 2532 4315 περὶ
2588 4235 2786 4299 τόνου
2841 4239 2953 4312 τῆς

365 4334 795 4413 ὀνομαετικῆε
839 4342 905 4396 ct
947 4333 1002 4396 si
1047 4333 1203 4420 quid
1248 4334 1678 4420 suspicionem
1723 4333 1805 4398 de
1850 4334 2098 4419 origine
2142 4334 2333 4399 huius
2379 4336 2582 4421 partis
2626 4333 2778 4400 libri
2820 4334 2951 4398 XV

365 4434 636 4499 firmare
678 4444 927 4521 potest,
984 4445 1084 4499 est
1124 4437 1425 4523 repetitio
1471 4435 1760 4500 eiusdem
1817 4435 2119 4501 vocabuli
2163 4437 2228 4499 in
2285 4437 2427 4525 ipso
2482 4448 2661 4503 textu
2717 4460 2779 4522 p.
2833 4437 2949 4502 137

364 4538 479 4605 ἐὰν
527 4541 605 4602 δὲ
650 4537 715 4603 αἱ
763 4536 1166 4616 ὀνομαετικαὶ
1211 4544 1578 4618 βαρυνθῶει.
1638 4537 1861 4603 Verbo
1909 4547 2159 4602 tantum
2202 4560 2470 4603 monens
2502 4536 2953 4603 Herodianum

364 4639 618 4725 pariter
682 4648 883 4723 atque
938 4635 1358 4725 Apollonium
1425 4661 1481 4703 e.
1536 4660 1601 4722 g.
1658 4662 1775 4725 pro
1843 4641 1885 4719 ἡ
1939 4640 2291 4717 ἀνάγνωειε
2357 4662 2472 4728 per
2540 4638 2952 4724 periphrasin
3026 4653 3031 4659 ’

368 4740 588 4806 dicere
644 4743 723 4807 τὸ
788 4744 899 4818 τῆ(
950 4740 1372 4819 ἀναγνώεεωε
1425 4741 1494 4803 in
1537 4739 1772 4826 fragm.
1817 4743 1966 4821 περὶ
2018 4748 2242 4808 παθῶν
2287 4744 2579 4823 Διδύμου
2622 4740 2693 4820 2,
2753 4743 2951 4805 etiam

368 4842 447 4907 ab
492 4867 574 4909 eo
623 4838 1014 4931 particulam
1058 4843 1138 4910 ἄν
1182 4841 1394 4909 omitti
1448 4865 1502 4908 e.
1549 4866 1612 4931 g.
1667 4843 1734 4908 in
1780 4842 1863 4909 fr.
1908 4847 2053 4927 περὶ
2097 4846 2328 4924 κυρίων
2374 4846 2475 4910 καὶ
2529 4842 2838 4912 ἐπιθέτων
2882 4844 2951 4913 in
