3664 5546
652 405 774 471 132
1580 405 1662 461 ΕΚ
1702 407 1842 461 ΤΩΝ
1884 406 2291 462 ΗΡΩΔΙΑΝΟΥ

646 577 915 643 αἰπόλος
956 577 1510 657 προπαροξύνεται
1555 577 1646 643 ὡς
1688 579 1792 644 καὶ
1835 579 1909 644 τὸ
1954 579 2344 657 ύμέναιος.
2434 577 2511 643 τὸ
2556 578 2628 642 δὲ
2672 576 3082 657 Ἀθήναιος
3123 576 3230 642 κύ-

646 701 789 760 ριον
831 681 1385 777 προπαροξύνεται
1431 680 1517 746 εἰς
1562 682 1899 760 διαςτολὴν
1946 681 2037 746 ὡς
2081 682 2182 745 καὶ
2225 681 2302 746 τὸ
2346 677 2744 759 ἀγόραιος.

812 783 907 848 Τὰ
960 784 1340 863 τριςύλλαβα
1394 781 1526 848 ἀπὸ
1579 787 1623 847 ’ἀ
1678 784 2080 863 ψιλουμένου
2124 782 2450 861 ἀρχόμενα
2492 786 3029 865 προπεριςπᾶται,
3074 784 3231 848 Ἀλ-

645 888 904 969 καῖος,
948 885 1309 967 ἀκμαῖος,
1342 886 1724 969 Ἀνταῖος,
1767 885 2126 965 Ἀρναῖος
2166 921 2252 933 -
2293 885 2527 962 γέγονε
2572 887 2643 949 δὲ
2687 886 2863 964 παρὰ
2906 888 3023 965 τὴν
3068 884 3233 965 ἀρὰν

584 994 617 1044 5
648 986 875 1066 ἀραῖος
929 988 1032 1052 καὶ
1083 990 1466 1071 πλεοναςμῷ
1518 990 1635 1052 τοῦ
1693 1005 1730 1049 ν
1785 986 2053 1066 ἀρναῖος
2110 986 2149 1052 ὸ
2194 987 2487 1052 εύκταῖος
2534 993 2611 1072 τῇ
2657 989 2840 1067 μητρὶ
2882 990 3233 1066 γενόμενος

641 1125 727 1137 -
770 1086 1137 1174 ἀρχαῖος,
1182 1089 1584 1169 ἀντραῖος.
1673 1088 2008 1169 Εὐριπίδης
2054 1090 2123 1154 ἐν
2168 1090 2357 1166 Αἰγεῖ.

814 1213 852 1250 x
905 1192 1000 1256 Τὰ
1056 1192 1162 1256 διὰ
1218 1195 1335 1257 τοῦ
1392 1195 1532 1255 ἇῖος
1586 1191 1969 1271 τριςύλλαβα
2022 1191 2259 1272 ἔχοντα
2313 1193 2431 1272 τὴν
2474 1192 2738 1270 πρώτην
2783 1193 3100 1273 ςυλλαβὴν
3145 1191 3234 1258 εἰς

645 1293 996 1373 ςύμφωνον
1029 1295 1512 1373 καταλήγουςαν
1541 1297 2087 1373 προπεριςπᾱςθαι
2119 1295 2320 1376 θέλει,
2366 1296 2686 1373 χερςαῖο
2702 1314 2762 1377 ς,
2808 1292 3231 1378 ὸρφναῖος,

644 1395 993 1478 ἑρςαῖος,
1051 1394 1414 1479 ἀρχαῖος,
1470 1395 1861 1479 Ἀρναῖος,
1906 1396 2357 1479 Τρικκαῖος,
2402 1396 2792 1479 Ἑρμαῖος,
2837 1395 3231 1479 Ὀρθαῖος,

548 1503 610 1556 10
644 1497 1064 1578 Τυμφαῖος
1107 1497 1317 1578 ὄνομα
1360 1498 1621 1581 ἔθνους,
1671 1498 2109 1581 Μενδαῖος,
2156 1500 2534 1577 βαρκαῖος
2578 1494 2753 1564 εἶδος
2797 1497 3038 1582 ἰχθύος,
3092 1500 3232 1563 Βυ-

644 1602 921 1665 ςναῖος
977 1600 1167 1665 ἔθνος
1220 1600 1555 1680 Βεβρύκων
1601 1599 1731 1665 ἀπὸ
1786 1601 2033 1666 Βύςνου
2091 1600 2393 1680 βαςιλέως
2445 1599 2661 1665 αὐτῶν
2713 1601 2843 1665 ὑπὸ
2895 1602 3067 1666 Ἴλου
3109 1621 3233 1681 φο-

644 1703 1003 1767 νευθέντος.
1100 1704 1178 1767 τὸ
1257 1703 1330 1767 δὲ
1407 1703 1769 1781 Ἕρμαιος
1848 1704 2014 1781 πρὸς
2092 1702 2573 1782 ἀντιδιαςτολὴν
2651 1703 2975 1783 διάφορον
3036 1702 3233 1768 τόνον

644 1803 1005 1873 ἀνεδέξατο.

815 1930 854 1967 ιι
896 1908 991 1972 Τὰ
1035 1907 1140 1971 διὰ
1182 1911 1300 1972 τοῦ
1345 1912 1485 1971 ἰῑιῖιῖ
1526 1907 1909 1987 τριςύλλαβα
1948 1907 2187 1987 ἔχοντα
2227 1908 2344 1986 τὴν
2388 1908 2652 1986 πρώτην
2697 1907 2803 1971 διὰ
2830 1912 2948 1973 τοῦ
2992 1910 3031 1972 ῡ
3073 1927 3232 1986 προ-

545 2015 606 2066 15
642 2013 1069 2088 περιςπῶνται
1127 2007 1274 2075 οἷον
1331 2009 1649 2092 ύλαῖος,
1706 2012 2068 2092 χυδαῖος,
2124 2009 2456 2091 Λυαῖος,
2515 2012 2849 2085 λυγαῖος
2892 2010 2995 2074 καὶ
3037 2009 3232 2087 Τρυ-

641 2114 872 2188 γαῖος
918 2110 1128 2191 ὄνομα
1170 2111 1427 2194 κύριον,
1471 2111 1510 2176 ὅ
1553 2131 1721 2176 τινες
1766 2112 2368 2190 προπαροξύνουςιν
2401 2111 2491 2175 ὡς
2536 2109 2669 2175 ἀπὸ
2714 2114 2832 2175 τοῦ
2860 2116 3075 2190 τρυγῶ
3121 2109 3232 2190 ῥή-

643 2233 839 2291 ματος
883 2216 994 2290 τῆς
1038 2213 1340 2292 δευτέρας
1385 2214 1672 2290 ςυζυγίας
1715 2219 1847 2279 τῶν
1891 2214 2408 2293 περιςπωμένων.

811 2339 849 2375 ιι
895 2315 991 2380 Τὰ
1053 2316 1158 2380 διὰ
1221 2319 1339 2381 τοῦ
1400 2319 1551 2379 W
1616 2317 2027 2399 τριςύλλαβα,
2085 2315 2322 2395 ἔχοντα
2391 2316 2461 2381 ἐν
2526 2322 2603 2401 τῇ
2660 2316 2886 2401 πρώτῃ
2954 2317 3232 2398 ςυλλαβῇ

642 2418 720 2483 τὸ
760 2421 794 2481 ἶ
850 2420 932 2498 μὴ
987 2416 1120 2483 ἀπὸ
1176 2417 1504 2502 ῥημάτων,
1558 2421 2149 2501 προπεριςπῶνται,
2219 2419 2593 2483 Βιλλαῖος
2649 2417 2861 2498 ὄνομα
2917 2420 3233 2500 ποταμοῦ,

540 2528 608 2577 20
643 2519 929 2599 Ἰμαῖος
973 2519 1182 2599 ὄνομα
1225 2520 1463 2600 κύριον.
1541 2521 1890 2604 Νιςαῖος,
1934 2521 2297 2603 Πιςαῖος,
2349 2520 2747 2603 Κριςαῖος,
2793 2521 3090 2586 Θιαῖος.
3155 2520 3233 2585 τὸ

644 2623 717 2687 δὲ
775 2623 1060 2706 βίαιος,
1129 2622 1435 2688 δίκαιος
1489 2622 2129 2705 προπαροξύνονται,
2195 2622 2272 2686 τὸ
2330 2622 2401 2685 δὲ
2456 2620 2814 2706 Φίλαιος,
2869 2622 3233 2705 Τίμαιος,

647 2724 965 2790 Νίκαιος
1009 2723 1141 2791 ἀπὸ
1188 2723 1502 2806 ῥημάτων.

814 2825 909 2892 Τὰ
939 2827 1045 2892 διὰ
1083 2831 1200 2892 τοῦ
1231 2817 1961 2911 δᾶιᾟςπροπεριςπᾶται,
1992 2826 2410 2910 Ἰουδαῖος,
2443 2830 2804 2910 χυδαῖος,
2838 2828 3233 2894 Χαλδαῖος

646 2928 709 2994 οἱ
751 2929 1072 3008 πρότερον
1123 2929 1429 3010 Κηφῆνες.
1496 2929 1861 2995 Ἑλλάνικος
1905 2930 1976 2994 ἐν
2020 2930 2260 3012 πρώτῳ
2303 2929 2632 3007 Περςικῶν
2681 2929 2978 3010 «Κηφέος
3023 2930 3232 2995 οὐκέτι

541 3040 607 3090 25
643 3035 888 3098 ζῶντος
933 3030 1456 3110 ςτρατευςάμενοι
1501 3031 1571 3096 ἐκ
1617 3033 2001 3112 Βαβυλῶνος
2046 3030 2392 3110 ἀνέςτηςαν
2437 3031 2507 3095 ἐκ
2548 3033 2661 3108 τῆς
2705 3032 2921 3110 χώρας
2971 3033 3074 3097 καὶ
3116 3034 3232 3113 τὴν

643 3136 765 3212 γῆν
809 3133 1002 3212 ἔςχον
1033 3182 1045 3197 .
1079 3183 1093 3197 .
1125 3183 1183 3196 ..
1231 3131 1441 3198 οὐκέτι
1485 3133 1525 3211 ἡ
1571 3134 1747 3213 χώρη
1784 3132 2068 3212 Κηφηνίη
2114 3132 2435 3215 καλέεται,
2482 3131 2646 3202 οὐδὲ,
2682 3132 2745 3198 οἱ
2791 3132 3122 3213 ἄνθρωποι
3170 3134 3232 3200 οἱ

646 3235 1042 3300 ἐνοικέοντες
1111 3235 1436 3318 Κηφῆνες,
1499 3233 1668 3300 ἀλλὰ
1735 3235 2102 3300 Χαλδαῖοι».
2193 3234 2304 3299 εἰςὶ
2371 3234 2443 3298 δὲ
2506 3235 2610 3298 καὶ
2668 3235 2975 3301 Χαλδαῖοι
3042 3236 3232 3302 ἔθνος

644 3336 915 3416 πληςίον
969 3339 1080 3413 τῆς
1129 3337 1452 3417 Κολχίδος.
1542 3336 1878 3417 (οφοκλῆς
1922 3337 2388 3416 Τυμπανιςταῖς
2444 3361 2467 3392 «
2488 3336 2733 3416 Κόλχος
2785 3357 2856 3402 τε
2893 3338 3233 3404 ,Χαλδαῖός

644 3459 714 3504 τε
770 3438 876 3503 καὶ
927 3436 1150 3517 (ύρων
1204 3439 1455 3505 ἔθνος».
1554 3441 2026 3522 ςπουδαῖος,
2083 3438 2496 3521 ῥαγδαῖος,
2563 3441 2967 3523 ςταδαῖος,
3035 3439 3231 3519 Ἀρι-

647 3759 910 3826 ὑμέναιος
945 3777 1011 3813 ox
1046 3762 1311 3828 Theogn„
1350 3759 1430 3814 ὡς
1464 3762 1556 3815 καὶ
1590 3761 1660 3814 τὸ
1697 3760 1959 3828 ἀγόραιος
2004 3778 2071 3812 ex
2105 3761 2169 3813 11.
2205 3762 2295 3813 Pr.
2334 3759 2378 3814 Ν
2417 3763 2532 3812 791.
2602 3760 2687 3812 De
2726 3767 2960 3813 accentu
2994 3764 3233 3815 vocabu-

648 3831 821 3882 lorum
857 3829 1168 3883 Μενεδαῑος
1208 3829 1479 3894 Ἀριδαῖος
1514 3830 1855 3896 Θραςύδαιος
1889 3832 1961 3883 cf.
1997 3830 2134 3880 Lob.
2169 3829 2256 3883 El.
2291 3830 2348 3882 11
2383 3833 2465 3882 35.
2600 3829 2636 3879 l.
2670 3831 2704 3879 4
2742 3828 2997 3883 Ἀνταῖος
3031 3859 3099 3867 -
3135 3829 3227 3897 ἀρ-

648 3902 802 3963 χαῖος
839 3915 906 3950 ex
942 3899 1188 3965 Theogn.
1225 3900 1315 3962 52,
1354 3902 1417 3950 31
1467 3905 1844 3959 accesserunt,
1886 3898 2139 3963 Ἀρναῖος
2185 3898 2406 3964 explevi
2450 3914 2519 3948 ex
2556 3897 2741 3949 Schol.
2791 3899 2861 3950 ad
2898 3900 3001 3951 Od.
3038 3913 3066 3951 ς
3101 3903 3134 3953 5
3179 3906 3233 3951 et

646 3968 712 4018 Ε.
748 3968 823 4018 Μ.
874 3969 996 4027 146,
1046 3971 1105 4017 11
1156 3967 1253 4018 ubi
1296 3965 1482 4019 οὕτως
1529 3965 1874 4032 Ἡρωδιανὸς
1919 3965 1983 4018 ἔν
2027 3970 2098 4033 τῇ
2137 3964 2423 4032 ἀνωμάλῳ
2471 3962 2773 4033 προςῳδίᾳ.
2855 3964 3116 4032 ἀντραῑος
3164 3984 3231 4019 ex

649 4034 729 4084 St.
767 4037 830 4089 Β.
1003 4035 1038 4086 l.
1074 4037 1106 4086 6
1143 4050 1404 4086 canonem
1441 4038 1647 4101 sumpsi
1683 4052 1750 4087 ex
1785 4035 1852 4087 11.
1885 4037 1977 4089 Pr.
2018 4034 2060 4086 Ν
2100 4038 2224 4098 791,
2263 4033 2514 4100 congruit
2548 4034 2794 4100 Theogn.
2833 4037 2915 4098 52,
2953 4040 3046 4098 30,
3085 4037 3231 4087 unde

649 4101 940 4168 Τυμφαῖος
973 4130 1041 4139 -
1078 4101 1227 4154 εἶδος
1265 4100 1468 4167 ἰχθύος.
1539 4103 1803 4156 Βυςναῖος
1841 4119 1909 4154 ox
1945 4103 2025 4156 St.
2063 4104 2124 4154 B.
2362 4102 2399 4154 l.
2438 4104 2504 4152 14
2544 4101 2633 4151 hio
2667 4117 2843 4153 canon
2882 4119 2950 4153 ex
2984 4103 3232 4171 Theogn.

647 4173 731 4233 53,
772 4174 797 4221 1
837 4176 1096 4236 receptus
1133 4177 1245 4234 est,
1283 4173 1430 4238 apud
1469 4188 1628 4238 quem
1662 4172 1713 4222 lo
1756 4173 1924 4222 imus:
1970 4169 2209 4234 Λυγαῖος
2256 4169 2436 4234 ὄνομα
2490 4167 2684 4234 κύριον
2729 4170 3231 4235 προπαροξύτονον

647 4237 756 4303 τὴν
791 4239 1020 4304 γραφὴν
1056 4238 1312 4303 φυλάξαν
1355 4238 1461 4291 τὸν
1507 4239 1682 4292 τόνον
1760 4253 1986 4303 μειψεν;
2034 4239 2091 4289 in
2127 4239 2310 4293 Schol.
2347 4238 2418 4289 ad
2450 4238 2618 4290 Arist.
2655 4238 2786 4288 Pac.
2822 4240 2912 4288 62:
2958 4242 3135 4292 τοῦτο
3170 4239 3231 4293 δὲ

649 4305 830 4370 ὄνομα
876 4306 1069 4371 κύριον
1114 4309 1210 4371 (sc.
1247 4308 1542 4372 Τρυγαιος)
1590 4307 1622 4361 ό
1660 4307 1763 4372 μὲν
1801 4305 2144 4372 Ἡρωδιανὸς
2179 4307 2560 4372 προπεριςπᾷ,
2606 4303 2660 4357 οἱ
2695 4304 2756 4356 δὲ
2802 4306 2989 4358 λοιποὶ
3038 4306 3118 4360 ὡς
3161 4307 3230 4360 τὸ

649 4372 875 4438 Τίμαιος
912 4376 1395 4440 προπαροξύνουςι
1433 4383 1490 4428 et
1526 4383 1677 4443 post:
1717 4375 1991 4441 Τρύγαιος
2029 4374 2207 4439 ὄνομα
2243 4375 2435 4440 κύριον
2470 4371 2586 4425 ἀπὸ
2622 4371 2871 4437 ῥήματος
2905 4377 3009 4440 τῆς
3045 4375 3231 4428 δευτέ-

646 4457 746 4508 ρας
801 4441 1054 4506 ςυῑυγίας
1096 4446 1218 4496 τῶν
1263 4443 1728 4509 περιςπωμένων.
1809 4443 1900 4496 καὶ
1948 4443 2379 4508 προαναπέμπει
2422 4440 2528 4492 τὸν
2571 4440 2760 4493 τόνον.
2841 4440 2920 4493 ὡς
2966 4441 3081 4495 ἀπὸ
3125 4446 3228 4497 τοῦ

645 4514 792 4575 τιμῶ
830 4509 1088 4577 Τίμαιος,
1130 4511 1316 4564 οὕτως
1354 4510 1469 4564 ἀπὸ
1505 4515 1608 4564 τοῦ
1645 4514 1837 4577 τρυγῶ
1877 4511 2165 4577 Τρύγαιος.
2217 4511 2249 4565 ό
2293 4510 2356 4564 δὲ
2392 4508 2735 4575 Ἡρωδιανὸς
2770 4514 3125 4580 προπεριςπᾷ
3159 4511 3229 4564 τὸ

646 4579 949 4645 Τρυγαῖος,
986 4581 1134 4631 unde
1172 4581 1428 4632 concludi
1461 4587 1647 4646 potest
1684 4583 1753 4632 ab
1790 4581 2110 4632 Herodiano
2145 4581 2203 4631 id
2240 4581 2357 4632 fere
2395 4580 2657 4644 scriptum
2694 4593 2843 4641 esse,
2883 4581 3028 4644 quod
3064 4597 3230 4647 supra

645 4650 804 4714 posui
829 4650 901 4701 cs.
927 4649 1077 4699 infra
1103 4665 1157 4714 p.
1183 4651 1299 4711 134,
1326 4652 1377 4701 3.
1500 4650 1538 4704 l.
1567 4652 1630 4701 18
1654 4665 1831 4700 canon
1859 4665 1926 4699 ex
1950 4649 2197 4715 Theogn.
2224 4651 2312 4709 53,
2340 4651 2372 4700 ὖ
2398 4648 2484 4710 (Ε.
2508 4647 2580 4698 Μ.
2609 4647 2730 4712 198,
2757 4646 2845 4712 54)
2875 4647 3231 4715 depromptus

643 4723 746 4771 est.
782 4718 868 4767 De
896 4716 1150 4769 Βιλλαῖος
1177 4716 1363 4767 Schol.
1390 4716 1461 4766 ad
1486 4717 1664 4783 Apoll.
1692 4716 1732 4769 Β
1758 4720 1880 4768 791:
1909 4715 2487 4783 προπεριςπωμένως·
2514 4713 2670 4766 οὕτω
2696 4713 2868 4779 φηςίν
2888 4714 3229 4781 Ἡρωδιανὸς

641 4781 706 4835 ἐν
728 4788 813 4850 τῷ
839 4784 1085 4848 πέμπτω
1110 4787 1215 4849 τῆς
1239 4782 1511 4848 καθόλου;
1552 4801 1642 4850 ap.
1671 4786 1751 4839 St.
1778 4787 1840 4839 B.
1866 4788 1985 4848 626,
2010 4790 2040 4835 2
2067 4791 2126 4836 et
2147 4789 2197 4850 4,
2233 4786 2332 4837 ubi
2355 4802 2424 4836 ex
2446 4784 2708 4849 Menippo
2735 4780 2798 4834 ἐν
2821 4782 3231 4850 Παφλαγονίας

640 4849 902 4919 περίπλῳ
977 4837 1243 4918 rofertur,
1284 4850 1530 4918 Βίλαιος,
1567 4870 1620 4920 p.
1658 4856 1775 4918 703,
1815 4857 1878 4904 13
1915 4851 2167 4906 Βίλλαιος
2215 4855 2481 4920 scriptum
2516 4857 2619 4905 ost.
2825 4851 2860 4901 l.
2897 4854 2964 4906 23
3002 4870 3071 4906 ex
3105 4857 3230 4908 Arc.

636 4923 721 4984 43,
764 4921 840 4970 16.
956 4920 1183 4973 αλδαῖος
1220 4937 1286 4972 ex
1325 4922 1403 4972 St.
1428 4924 1490 4976 B.
1530 4919 1771 4987 explevi,
1809 4921 2107 4973 ςπουδαῖος
2135 4950 2201 4958 -
2229 4921 2498 4988 Ἀριδαῖος
2537 4935 2604 4970 ex
2640 4920 2888 4987 Theogn.
2918 4925 3002 4984 62,
3043 4927 3068 4973 1
3109 4923 3228 4974 reli-
