3664 5546
1514 427 1932 481 PRAEFATIO.
2775 428 3010 481 xxxm

425 575 459 671 ᾗ
514 587 815 670 μβροτόε·
884 588 989 652 διὰ
1045 589 1116 652 δὲ
1170 589 1245 653 τὸ
1301 589 1381 667 μὴ
1432 588 1732 654 δύναεθαι
1788 592 2078 666 (υετῆναι
2127 574 2217 670 ’ᾗῇ
2274 588 2379 652 διὰ
2433 589 2548 667 τὴν
2613 586 3012 672 ἀευνταξίαν,

422 691 632 769 ἑξέετη
677 691 755 755 τὸ
800 692 869 767 μ’·
930 689 1038 753 ὅτε
1085 688 1207 754 οὖν
1251 689 1631 773 (υντίθεται,
1686 689 1974 769 ἀπεδόθη
2031 689 2116 773 (ο.
2163 710 2229 773 g.
2278 689 2346 753 in
2390 689 2866 774 φθιείμβροτοε)
2911 711 3004 752 re·

421 791 706 876 peritur,
766 788 975 874 magis
1031 788 1488 854 Herodianum
1542 790 1714 876 sapit
1768 811 1966 876 quam
2021 789 2092 854 id
2145 789 2323 876 quod
2379 789 2675 873 Theogn.
2721 789 2806 853 64
2860 788 3007 855 coll.

421 890 501 954 E.
550 891 776 956 Orion.
821 889 940 970 33,
986 888 1099 967 26,
1150 889 1231 955 Ε.
1281 890 1457 955 Gud.
1508 891 1661 974 116,
1706 892 1791 956 32
1835 891 2068 955 tradit:

424 1126 735 1207 βροτόε;
796 1128 970 1206 παρὰ
1024 1129 1100 1193 τὸ
1147 1129 1340 1208 μείρω
1397 1129 1593 1209 μορόε
1650 1132 1750 1194 καὶ
1804 1132 2188 1216 πλεοναεμῷ
2231 1132 2347 1195 τοῦ
2391 1133 2451 1195 ἶ·
2508 1128 2745 1210 εἴρηται
2801 1131 2840 1195 ὁ
2896 1129 3007 1197 ἄν·

424 1233 701 1307 θρωποε.
775 1229 1172 1309 Καλλίμαχος
1219 1230 1592 1311 «ἐδείμαμεν
1648 1231 1841 1297 ἄετεα
1887 1231 2167 1312 μορτοί».
2257 1231 2451 1311 μείρω
2507 1234 2577 1296 δὲ
2632 1232 2709 1296 τὸ
2764 1233 3007 1312 μερίζω.

423 1330 709 1410 Ὅμηρος
755 1327 862 1414 (11.
911 1332 926 1394 Ι
973 1329 1128 1414 612)
1178 1332 1321 1396 «καὶ
1376 1331 1561 1412 ἥμιευ
1617 1332 1828 1412 μείρεο
1885 1337 2122 1413 τιμῆς».
2211 1333 2446 1412 μορτό(
2503 1331 2654 1415 οὖν,
2713 1332 2767 1417 ᾧ
2825 1335 3007 1414 μεμέ-

424 1451 621 1510 ριεται
667 1432 707 1509 ἡ
754 1431 1116 1512 εἱμαρμένη.’
1172 1434 1274 1497 καὶ
1318 1434 1645 1513 ὑπερθέεει
1688 1439 1807 1500 τοῦ
1853 1439 1892 1514 ῥ
1922 1435 2157 1514 μροτόε
2200 1434 2302 1498 καὶ
2347 1434 2485 1499 ἐπεὶ
2527 1436 2602 1498 τὸ
2648 1436 2689 1513 μ
2732 1436 2861 1515 πρὸ
2892 1441 3008 1499 τοῦ

420 1535 457 1611 ἴ)
504 1531 653 1597 οὔτε
698 1534 856 1597 κατὰ
901 1534 1217 1613 (ύλληψιν
1263 1533 1411 1599 οὔτε
1457 1536 1616 1600 κατὰ
1662 1536 1974 1601 διάεταείν
2039 1535 2202 1601 ἐετιν
2249 1536 2493 1618 εὑρεῖν,
2546 1535 2885 1614 τέτραπται
2913 1538 3008 1602 -τὸ
3042 1596 3046 1599 ,

422 1638 464 1712 [ι
508 1622 671 1715 cic}
709 1636 810 1699 καὶ
853 1634 1084 1712 γέγονε
1130 1633 1375 1715 βροτός.
1466 1637 1673 1702 οὕτω(
1718 1634 2205 1715 Ἡρωδιανὸς
2251 1637 2333 1702 ἐν
2379 1636 2937 1717 ἐπιμεριεμοῖε.

589 1732 697 1798 Ex
752 1734 868 1817 iis,
927 1756 1094 1820 quae
1151 1736 1611 1820 exposuimus,
1657 1736 2061 1822 patefactum
2116 1758 2259 1800 esse
2318 1731 2608 1801 arbitror
2662 1759 2745 1801 ex
2801 1736 3008 1803 Hero-

421 1835 605 1900 diani
649 1835 911 1919 scriptis
958 1835 1310 1900 maximam
1354 1849 1605 1923 partem
1653 1837 2039 1924 deprompta
2071 1860 2212 1902 esse
2257 1839 2633 1921 fragmenta
2662 1838 2786 1902 sub
2816 1836 3009 1903 titulo

420 1936 1004 2021 Epimerismorum
1052 1935 1417 2002 Herodiani
1461 1947 1744 2003 servata.
1820 1939 1988 2003 Cum
2035 1939 2273 2025 quibus
2320 1938 2739 2025 Epimerismi
2770 1938 3008 2003 Home-

422 2037 548 2103 rici
591 2059 696 2123 ap.
743 2037 960 2102 Oram.
1006 2036 1041 2101 I
1087 2037 1494 2103 commisceri
1549 2061 1675 2104 non
1734 2039 2008 2121 debent,
2072 2040 2182 2127 qui
2239 2061 2322 2104 ex
2377 2040 2662 2105 diversis
2722 2040 3007 2127 scriptis,

418 2140 592 2204 inter
635 2160 804 2226 quae
847 2140 1047 2204 etiam
1091 2138 1453 2204 Herodiani
1497 2150 1676 2212 sunt,
1724 2139 2057 2228 compilati
2102 2149 2169 2205 et
2212 2141 2646 2206 consarcinati
2691 2151 2863 2207 sunt.

589 2312 652 2389 ξ.
700 2309 761 2373 9.
863 2306 1284 2373 Enumeratis
1342 2319 1409 2374 et
1463 2310 1834 2375 subditiciis
1903 2319 1969 2374 et
2021 2311 2346 2397 suspectis
2401 2310 2588 2375 libris
2644 2310 3005 2376 Herodiani
3033 2333 3092 2374 oe
3120 2347 3151 2387 g
3152 2347 3286 2377 eeeee

420 2411 549 2474 iam
593 2419 800 2475 restat
856 2429 1169 2494 germana
1227 2411 1473 2496 scripta
1528 2432 1884 2475 recensere.
1974 2411 2169 2491 Quod
2222 2413 2606 2498 priusquam
2663 2434 3007 2499 exsequar,
3036 2402 3292 2510 ξέθζξζζζῗ·

388 2512 583 2576 ·duas
627 2532 732 2575 res
778 2511 1135 2576 monendas
1181 2532 1328 2575 esse
1373 2512 1689 2593 arbitror,
1734 2512 2017 2598 primum
2061 2510 2298 2576 falsam
2329 2535 2476 2576 esse
2506 2513 2879 2600 opinionem
2926 2515 3008 2580 de
3104 2549 3213 2577 sum.

419 2610 780 2676 Herodiani
823 2613 1051 2698 τέχνῃ,
1098 2632 1228 2699 qua
1287 2612 1506 2677 omnia
1550 2612 1798 2699 scripta
1841 2614 1982 2676 eius
2028 2612 2495 2698 comprehensa
2538 2613 2817 2697 fuerint,
2865 2625 3006 2679 tum

418 2712 573 2778 inde
631 2711 804 2800 quod
860 2712 929 2776 in
984 2711 1171 2779 libris
1227 2713 1487 2780 diverso
1553 2712 1743 2778 titulo
1809 2713 2144 2801 inscriptis
2206 2712 2447 2779 similia
2511 2712 2818 2800 leguntur
2875 2739 3003 2782 non

420 2825 595 2880 recte
636 2812 859 2899 colligi
902 2813 1024 2880 hos
1068 2813 1270 2880 libros
1315 2814 1581 2879 eosdem
1625 2824 1739 2879 aut
1783 2813 2060 2880 alterum
2104 2813 2371 2879 alterius
2402 2815 2792 2901 particulam
2836 2840 3001 2883 esse.

418 2915 510 2980 Ut
551 2915 637 2980 ab
681 2915 805 2980 hoc
851 2914 1100 2996 ordiar,
1160 2914 1450 2981 Hillerus
1506 2913 1746 2980 librum
1807 2919 1955 2997 περὶ
2011 2916 2353 2997 ὀνομάτων
2418 2917 2560 2982 sive
2616 2918 3001 2999 ὀνοματικὸν

422 3016 699 3082 eundem
742 3036 886 3080 esse
942 3017 1304 3082 arbitratur
1356 3038 1503 3081 cum
1560 3015 1728 3082 libro
1784 3019 1931 3097 περὶ
1984 3019 2244 3083 κλίεεωε
2298 3018 2669 3104 ὀνομάτων,
2724 3020 2880 3106 quia
2933 3022 3000 3084 in

420 3117 533 3199 iis,
579 3136 749 3204 quae
792 3138 877 3181 ex
907 3117 1295 3183 Onomatico
1340 3117 1655 3199 citantur,
1699 3120 1948 3204 pariter
1984 3129 2186 3205 ‚atque
2229 3119 2298 3182 in
2343 3118 2510 3184 libro
2553 3122 2700 3200 περὶ
2742 3121 3003 3187 κλίεεωε

421 3219 502 3283 de
546 3217 878 3282 declinatu
922 3218 1157 3303 agitur.
1250 3217 1381 3283 Sed
1424 3217 1490 3281 hi
1537 3219 1665 3283 duo
1709 3218 1896 3302 libri,
1942 3241 2336 3307 quamquam
2380 3219 2588 3286 multa
2631 3222 3004 3286 communia

421 3318 822 3395 habuerunt,
878 3340 1148 3405 prorsus
1214 3318 1568 3383 distinendi
1633 3328 1820 3402 sunt,
1882 3343 2035 3385 nam
2100 3319 2268 3386 liber
2320 3324 2466 3402 περὶ
2519 3322 2861 3403 ὀνομάτων
2916 3322 3003 3387 ad

422 3440 643 3485 eorum
688 3421 1075 3507 scriptorum
1119 3441 1326 3505 genus
1369 3420 1686 3507 pertinet,
1741 3443 1911 3508 quae
1969 3431 2124 3487 sunt
2179 3421 2262 3485 de
2315 3422 2613 3508 partibus
2659 3424 2999 3505 orationis,

422 3520 504 3585 de
557 3521 797 3607 quibus
839 3519 1154 3586 Lehrsius
1197 3519 1417 3585 Anall.
1461 3544 1527 3608 p.
1571 3522 1698 3586 416
1741 3545 1920 3610 seqq.
1979 3523 2315 3608 exposuit,
2373 3523 2556 3587 cuius
2611 3525 3001 3590 sententiam

328 3606 339 3613 ’
421 3631 714 3708 repetere
756 3634 890 3687 non
935 3620 1333 3709 superfluum
1377 3632 1498 3687 est.
1575 3623 1683 3687 Ex
1728 3633 1966 3689 natura
2008 3622 2458 3688 huiuscemodi
2504 3622 2690 3707 libri,
2735 3627 2848 3711 qui
2892 3625 3002 3690 de-

422 3723 776 3787 finitionem
840 3725 1047 3809 partis
1103 3723 1415 3789 orationis
1483 3724 1750 3811 eiusque
1815 3725 1987 3790 inter
2051 3723 2336 3811 reliquas
2402 3734 2623 3810 partes
2690 3726 3001 3791 orationis

422 3824 746 3901 ordinem,
791 3822 1311 3889 distributionem
1357 3826 1688 3890 variorum
1731 3825 2023 3890 eiusdem
2053 3826 2263 3911 partis
2308 3825 2623 3890 orationis
2664 3848 2998 3911 generum,

422 3924 902 4005 formationem,
939 3923 1459 4007 declinationem,
1490 3927 2062 4008 constructionem,
2096 3948 2227 3991 uno
2260 3926 2465 3991 v’erbo
2488 3927 2709 3990 omnia
2736 3928 2998 3994 omnino

424 4026 507 4090 ad
548 4025 721 4090 hanc
762 4034 1018 4112 partem
1061 4027 1454 4113 pertinentia
1497 4027 1861 4109 tractabat,
1906 4027 2325 4114 consequitur
2379 4048 2526 4091 eum
2571 4036 2756 4092 arcta
2799 4030 2999 4094 socie—

423 4135 556 4192 tate
611 4148 758 4190 cum
827 4125 994 4192 libro
1049 4124 1467 4192 declinationi
1533 4128 1857 4193 destinato
1919 4129 2335 4193 coniunctum
2400 4127 2606 4193 fuisse
2667 4139 2732 4193 et
2793 4128 3001 4194 multa

424 4227 657 4292 similia
733 4227 1084 4294 continere.
1206 4228 1352 4308 Quo
1419 4229 1705 4313 accedit,
1780 4228 1960 4316 quod
2031 4238 2286 4296 veteres
2350 4229 2716 4316 artigraphi
2786 4240 2998 4296 totum
3031 4242 3032 4245 ’

421 4330 875 4414 grammatices
922 4350 1226 4416 campum
1273 4330 1650 4395 emetientes
1706 4340 2190 4418 opportunitate
2245 4354 2469 4397 earum
2527 4353 2776 4414 rerum,
2833 4352 2997 4417 quas

421 4429 488 4492 in
530 4429 661 4497 alio
707 4432 953 4517 scripto
999 4430 1383 4514 attigerant,
1431 4431 1642 4497 denuo
1701 4430 2240 4518 explicandarum
2295 4432 2574 4498 libenter
2626 4434 2997 4515 utebantur,

424 4539 496 4594 ut
539 4541 604 4596 et
655 4532 1059 4597 accuratiora
1117 4531 1423 4611 docerent
1481 4541 1598 4596 aut
1650 4533 1906 4597 iteratis
1962 4532 2197 4597 studiis
2255 4533 2705 4600 emendatiora
2763 4556 2996 4621 propo·

421 4641 665 4699 nerent.
753 4631 878 4697 His
924 4633 991 4698 in
1035 4654 1252 4697 rerum
1296 4641 1532 4697 natura
1574 4641 1641 4697 et
1682 4632 1751 4695 in
1806 4633 2011 4718 ipsius
2064 4634 2472 4717 grammatici
2526 4634 2998 4700 consuetudine

425 4732 661 4817 positis
699 4734 1064 4800 rationibus
1108 4732 1304 4799 facile
1347 4735 1667 4820 probatur
1707 4731 1949 4799 librum
1992 4737 2137 4815 περὶ
2178 4735 2518 4816 ὀνομάτων
2563 4755 2603 4798 a
2645 4736 3001 4821 scriptione

426 4834 568 4912 περὶ
608 4835 869 4901 κλίεεω(
912 4832 1252 4915 ὀνομάτων
1297 4835 1629 4900 diversum
1675 4856 1854 4916 esse,
1900 4837 2287 4920 praesertim
2331 4857 2528 4922 quum
2570 4833 2747 4900 haud
2790 4836 2997 4902 credi-
3073 4854 3088 4860 ·

496 4966 868 5009 unnonuxvs.
904 4956 950 5006 1.
2557 4941 2594 4989 ο
