3664 5546
1190 381 1367 448 ,rtem
1409 381 1801 437 ΚΑΘΟΛΙΚΗ(
1839 381 2260 438 ΠΡΟΕΩιΔΙΑ(
2302 382 2361 436 Η.
2987 380 3114 446 205

523 552 647 632 γὰρ
691 551 1233 632 παρεςχηματίςθη
1277 551 1567 634 ἀβληχρά
1612 554 1702 619 ὡς
1746 553 2046 636 πενιχρά,
2091 553 2326 633 ψυχρά.
2416 553 2517 618 διὸ
2575 551 2692 616 ούκ
2736 550 2809 616 εὖ
2856 552 3112 632 βαρύνει

424 687 434 699 ·
523 653 932 734 Ἡρακλείδη(
976 654 1015 719 ὁ
1063 655 1368 734 Μιλήςιος
1412 655 1588 739 λόγῳ
1633 656 1965 736 χρώμενος
2007 655 2219 740 τούτῳ
2266 654 2356 719 ὡς
2400 654 2497 719 ὅτι
2544 654 2820 735 βληχρόν
2867 653 2989 718 ἐςτι
3034 654 3110 719 τὸ

523 756 814 842 ἰςχυρόν,
859 757 1021 837 ὅπερ
1066 758 1225 822 κατὰ
1269 757 1551 837 ςτέρηςιν
1596 758 1845 839 ὀφείλει
1891 758 2174 834 λε’γεςθαι
2219 755 2539 836 ἄβληχρος
2585 756 2674 821 ώς
2718 756 2969 822 ἄκακος.

689 860 785 925 Τὰ
829 859 917 925 εἰς
957 861 1076 939 Is&
1123 859 1285 939 ὑπὲρ
1331 861 1451 924 δύο
1498 862 1812 942 ςυλλαβὰς
1856 860 2039 939 κύρια
2085 858 2243 924 ὄντα
2287 859 2427 939 μετ’
2458 858 2807 936 ἐπιπλοκῆς
2852 858 3107 939 ςυμφώ-

519 981 642 1025 νου
686 964 1271 1044 προπαροξύνεται,
1318 961 1483 1041 εἰμὴ
1526 961 1742 1028 ἐθνικὰ
1771 961 1901 1045 ε’ίη,
1951 961 2393 1045 Μίνυθρος,
2423 961 2802 1041 Ἐρυθρος
2833 961 2871 1026 ὁ
2914 961 3107 1044 ἥρως,
3143 966 3176 1018 5

520 1060 646 1143 ἀφ’
704 1062 784 1128 οὗ
829 1065 1095 1144 Ἐρυθρὰ
1150 1065 1191 1143 ἡ
1236 1063 1542 1147 θάλαςςα,
1603 1065 2016 1144 Χάραδρος
2072 1064 2361 1143 ποταμὸς
2419 1063 2509 1128 ὡς
2562 1062 2885 1128 Ἑκαταῖος
2941 1063 3108 1147 Ἀςίᾳ

522 1165 721 1244 «μετὰ
766 1167 838 1231 δὲ
884 1167 1220 1245 Χάραδρος
1250 1167 1594 1246 ποταμός».
1656 1166 2166 1248 (ἶκάμανδρος
2209 1166 2383 1245 ἥρως
2413 1167 2516 1230 καὶ
2544 1166 2831 1246 ποταμὸς
2859 1165 3108 1244 Τροίας.

523 1268 1034 1348 Μυρίανδρος
1088 1269 1274 1333 πόλις
1329 1267 1552 1347 (υρίας
1612 1270 1782 1360 πρὸς,
1832 1276 1909 1354 τῇ
1972 1268 2253 1353 Φοινίκῃ.
2351 1267 2675 1347 Ξενοφῶν
2733 1267 2803 1332 ἐν
2868 1268 3107 1351 πρώτῳ

518 1366 885 1451 ἀναβάςεως
929 1370 1032 1453 (4,
1066 1369 1151 1452 6).
1243 1370 1699 1450 Μαίανδρος
1757 1373 2046 1452 ποταμὸς
2103 1372 2207 1436 καὶ
2261 1370 2447 1434 πόλις
2495 1370 2874 1448 Μαγνηςίας.
2940 1370 3106 1433 Ἄν-

517 1477 859 1551 τανδρος
902 1474 1090 1538 πόλις
1136 1473 1264 1537 ὑπὸ
1308 1473 1424 1551 τὴν
1465 1474 1634 1552 Ἴδην
1679 1474 1845 1554 πρὸς
1889 1481 1963 1559 τῇ
2013 1474 2218 1557 Μυςίᾳ
2261 1475 2373 1549 τῆς
2415 1471 2723 1537 Αἰολίδος.
2793 1471 2925 1535 ἀπὸ
2971 1471 3106 1535 Ἀν-
3149 1477 3209 1529 10

516 1573 799 1653 τάνδρου
853 1579 972 1640 τοῦ
1029 1579 1383 1654 ςτρατηγοῦ
1438 1575 1745 1640 Αἰολέων.
1823 1576 1863 1655 ἢ
1921 1576 1960 1655 ἡ
2016 1575 2158 1641 ἀντὶ
2202 1574 2440 1654 ἀνδρὸς
2485 1574 2830 1656 δεδομένη,
2886 1573 3105 1670 ἐπειδὴ

516 1674 841 1742 Ἀςκάνιος
886 1676 1287 1757 αἰχμάλωτος
1330 1677 1566 1753 γίνεται
1612 1678 1740 1743 ὑπὸ
1769 1679 2123 1754 Πελαςγῶν
2169 1679 2271 1742 καὶ
2314 1675 2464 1741 ἀνθ>
2492 1675 2725 1740 ἑαυτοῦ
2769 1676 2885 1754 τὴν
2915 1675 3105 1739 πόλιν

517 1778 757 1843 δέδωκε
804 1779 1040 1858 λύτρον
1086 1780 1189 1844 καὶ
1241 1779 1544 1859 ἀπελύθη.
1632 1780 2093 1859 Τήλανδρος
2139 1781 2324 1844 πόλις
2375 1779 2617 1858 Καρίας.
2691 1778 3108 1856 Ἀλέξανδρος

518 1880 586 1943 δ’
641 1879 679 1944 ὁ
735 1880 1094 1961 πολυίςτωρ
1153 1882 1510 1962 οὐδετέρως
1565 1882 1756 1947 πόλιν
1811 1882 2188 1961 Τήλανδρον
2249 1884 2429 1946 καλεῖ
2481 1880 2720 1964 πρώτῳ
2777 1880 3103 1945 Λυκιακῶν

518 1982 620 2046 καὶ
663 1982 1097 2062 Τηλάνδρειαν
1142 1987 1257 2063 τὴν
1303 1983 1521 2062 αὐτήν.
1567 1983 2129 2063 Φολέγανδρος
2173 1986 2364 2061 νῆςος
2407 1987 2538 2048 τῶν
2569 1982 2925 2061 (ἶποράδων
2970 1980 3101 2046 ἀπὸ
3141 1989 3202 2042 15

517 2083 979 2165 Φολεγάνδρου
1024 2088 1143 2150 τοῦ
1189 2086 1449 2152 Μίνωος
1495 2087 1614 2166 «ἣν
1644 2088 1918 2165 Ἄρατος
1950 2085 2263 2165 ςιδηρείην
2295 2084 2595 2165 ὀνομάζει
2642 2085 2747 2149 διὰ
2800 2085 2915 2163 τὴν
2955 2104 3101 2161 τρα-

517 2185 796 2265 χύτητα»
844 2185 1113 2271 (Strabo
1162 2188 1262 2270 10,
1309 2187 1479 2270 484).
1569 2187 2029 2267 Τάρανδρος
2074 2188 2313 2268 χωρίον
2357 2187 2651 2267 Φρυγίας.
2721 2187 3103 2265 Βήριθρος

516 2288 704 2354 πόλις
748 2289 1014 2369 Τρωῖκή.
1058 2291 1519 2372 Ἄθυμβρος,
1567 2287 1646 2355 οὗ
1692 2289 1908 2370 κτίςμα
1949 2291 2273 2371 Ἄθυμβρα
2315 2290 2500 2355 πόλις
2538 2289 2781 2368 Καρίας.
2834 2289 3101 2352 Κέλαι-

516 2395 739 2475 θρος,
785 2391 911 2472 ἀφ’
957 2390 1037 2456 οὗ
1087 2392 1392 2469 Κελαίθρα
1434 2393 1620 2457 πόλις
1666 2392 1987 2458 Βοιωτίας.
2037 2393 2075 2457 Γ
2087 2392 2431 2471 άλαδρος
2462 2392 2765 2472 Ἠμαθίου
2809 2393 2958 2455 παῖς
3001 2390 3103 2454 καὶ

517 2491 688 2571 ὄρος.
768 2494 1162 2573 Κάϋςτρος
1227 2494 1546 2578 ποταμός,
1614 2495 1687 2559 ὃς
1751 2496 1857 2560 διὰ
1911 2495 1987 2559 τὸ
2042 2494 2215 2573 ἔχειν
2269 2496 2385 2573 τὴν
2440 2494 2827 2573 κεκαυμένην
2883 2493 3101 2588 χώραν
3136 2502 3205 2554 20

517 2593 785 2672 πληςίον
831 2583 1080 2675 ἐκλήθη.
1168 2596 1293 2660 ἔςτι
1353 2597 1424 2660 δὲ
1480 2597 1583 2660 καὶ
1631 2596 1949 2676 Κάῦςτρος
2008 2596 2146 2662 υἱὸς
2188 2595 2631 2661 Πενθεςιλείας
2686 2599 2797 2673 τῆς
2844 2595 3101 2674 Ἀμαζό-

518 2715 654 2778 νος,
700 2695 773 2759 ὃς
817 2695 887 2760 ἐν
933 2697 1274 2763 Ἀςκάλωνι
1318 2698 1509 2780 ἔγημε
1554 2701 1669 2779 τήν
1714 2699 2033 2779 Δερκετώ.
2103 2699 2205 2763 καὶ
2249 2698 2313 2766 ἐξ
2357 2699 2552 2777 αὐτῆς
2581 2698 2723 2779 ἔςχε
2767 2699 2882 2777 τὴν
2930 2696 3101 2778 (εμί-

517 2818 734 2881 ραμιν,
793 2799 927 2877 ἥτις
984 2801 1086 2865 καὶ
1132 2801 1506 2881 Βαβυλώνια
1548 2803 1721 2881 τείχη
1766 2802 2228 2867 κατεςκεύαςεν.
2316 2802 2781 2885 Τέγεςτρος,
2835 2799 2962 2880 ἀφ’
3021 2799 3101 2865 οὗ

513 2900 830 2979 Τέγεςτρα
873 2901 1058 2966 πόλις
1104 2902 1421 2982 Ἰλλυρίας.
1509 2904 1585 2968 τὸ
1643 2905 1713 2969 δὲ
1758 2904 2150 2984 Οἰνωτρός
2207 2904 2395 2970 ἔθνος
2450 2895 2818 2985 ὁμοφώνως
2872 2909 2963 2987 τῷ
3010 2902 3099 2967 οἰ-

514 3009 685 3087 κιςτῇ
733 3002 822 3067 ὡς
867 3002 1098 3070 Ἰταλός
1144 3006 1245 3069 καὶ
1286 3006 1432 3070 Ἴων
1477 3007 1581 3071 καὶ
1627 3006 1807 3072 Κίλιξ.
1900 3008 2200 3072 ώςαύτως
2254 3008 2357 3071 καὶ
2405 3006 2801 3086 Καλαβρός
2846 3005 2885 3069 ὁ
2930 3005 3098 3082 οἰκη-
3135 3018 3200 3066 25

513 3125 644 3184 τωρ
687 3108 798 3182 τῆς
849 3106 1197 3187 Καλαβρίας
1244 3105 1333 3173 ὡς
1376 3111 1488 3186 τῆς
1525 3108 1911 3189 Κανταβρίας
1951 3108 2418 3189 Κανταβρός.
2471 3109 2545 3174 τὸ
2592 3110 2662 3173 δὲ
2705 3108 3099 3188 Ἴνςοβρος

513 3206 703 3272 ἔθνος
748 3208 1048 3273 Ἰταλικὸν
1092 3208 1420 3290 Πολύβιος
1466 3210 1544 3282 ις’
1591 3210 1980 3291 βαρύνεται·

682 3308 776 3373 Τὰ
820 3310 907 3374 εἰς
950 3314 1069 3374 ffic'
1112 3312 1414 3392 διβράχεα
1446 3313 1811 3396 βαρύνεται,
1860 3313 2116 3379 Θάςος
2160 3317 2349 3393 νῆςος
2392 3313 2555 3392 πρὸς
2599 3320 2674 3397 τῇ
2706 3313 2921 3396 Θρᾴκῃ
2965 3310 3097 3375 ἀπὸ

515 3410 745 3474 Θάςου.
807 3410 1049 3477 Κάςος
1099 3413 1382 3494 Κλεόχου
1429 3414 1566 3480 υίὸς
1609 3417 1711 3480 καὶ
1755 3414 1876 3479 ἀπ’
1920 3415 2120 3481 αὐτοῦ
2165 3414 2272 3497 μία
2313 3420 2444 3481 τῶν
2495 3415 2836 3480 Κυκλάδων
2885 3413 2987 3478 «οἱ
3032 3414 3099 3477 δ’

513 3511 638 3590 ἄρα
684 3511 952 3590 Νίςυρόν
998 3514 1062 3577 τ’
1107 3513 1311 3601 εἶχονι
1338 3517 1676 3593 Κράπαθόν
1720 3537 1789 3582 τε
1838 3517 2041 3583 Κάςον
2092 3538 2199 3583 τε»
2246 3519 2323 3600 (Β
2354 3516 2524 3602 676).
2598 3517 2722 3583 ἔςτι
2767 3518 2870 3581 καὶ
2913 3515 3098 3594 ἑτέρα
3132 3530 3199 3581 30

511 3614 823 3691 Περςίδος
878 3614 1077 3680 πόλις.
1163 3617 1380 3683 ’Άςος
1434 3619 1773 3699 πολίχνιον
1835 3621 2089 3699 Κρήτης.
2187 3621 2446 3703 νόςος,
2506 3620 2820 3702 δρόςος,
2874 3619 3097 3683 πίςος

511 3715 587 3779 τὸ
632 3714 931 3800 ὄςπριον,
977 3718 1233 3801 μέςος,
1280 3717 1475 3803 ἴςος,
1520 3723 1791 3806 πόςος,
1838 3722 2048 3807 ὅςος,
2092 3723 2334 3788 τόςος.
2785 3707 2791 3720 ’

650 3938 686 3988 l.
722 3942 754 3991 5
789 3937 1054 4006 Ἔρυθρος
1093 3957 1159 3991 ex
1199 3942 1278 3991 St.
1317 3943 1377 3994 B.
1419 3943 1660 4008 explevi,
1712 3944 1846 3994 item
1882 3943 2166 4011 Χάραδρος
2214 3962 2281 3997 ex
2317 3963 2368 4012 p.
2408 3948 2535 4007 687,
2572 3949 2604 3996 6
2639 3943 2895 4010 Χάραδρα
2932 3946 3094 3997 πόλις

513 4004 768 4058 Φωκίδος
805 4008 872 4058 οὐ
910 4007 1107 4074 πόρρω
1145 4006 1383 4060 Λιλαίας.
1454 4009 1522 4060 τὸ
1568 4009 1793 4063 ἐθνικὸν
1829 4012 2194 4078 Χαραδραῑος·
2250 4012 2445 4077 ἐπάγει
2487 4013 2593 4078 γὰρ
2640 4013 2718 4066 ὼς
2756 4014 3094 4078 Ἡρωδιανός

512 4087 541 4121 (<
555 4073 956 4140 Χαραδραίοις»
1001 4082 1060 4129 et
1096 4075 1381 4142 Χαράδρα(
1427 4077 1594 4142 λιμὴν
1638 4080 1729 4131 καί
1775 4078 2024 4132 ἐπίνειον
2073 4080 2325 4133 Κιλικίας.
2398 4081 2680 4134 Ἑκαταῖος
2728 4080 2876 4149 Ἀςίᾳ
2911 4094 2941 4133 <<
2954 4082 3095 4146 μετὰ

512 4142 573 4195 δὲ
609 4141 891 4208 Χάραδρος
927 4144 1251 4209 ποταμός»,
1293 4162 1428 4211 quos
1473 4148 1735 4198 articulos
1781 4151 1852 4199 ab
1891 4150 2348 4214 epitomatoribus
2383 4152 2578 4202 misere
2625 4156 2682 4202 et
2717 4156 3001 4201 truncatos
3037 4157 3094 4200 et

512 4214 861 4276 perturbatos
914 4215 1122 4264 auxilio
1164 4214 1479 4265 Pausaniae
1526 4217 1576 4264 X
1623 4220 1714 4279 33,
1763 4220 1794 4267 3
1851 4218 1932 4267 sic
1986 4218 2445 4282 redintegrandos
2498 4219 2739 4269 Meinek.
2786 4220 3093 4268 existimat:

512 4277 767 4347 Χάραδρα
802 4280 963 4333 πόλις
1000 4280 1256 4334 Φωκίδος
1294 4280 1360 4333 οὐ
1399 4279 1595 4346 πόρρω
1633 4282 1859 4335 Λιλαίας
1900 4282 2284 4351 [Παυςανίας].
2356 4285 2425 4336 τὸ
2472 4284 2697 4338 ἐθνικὸν
2734 4286 3092 4350 Χαραδραῑος.

512 4345 706 4410 ἐπάγει
740 4348 845 4414 γὰρ
880 4348 1340 4415 «Χαραδραίοις».
1412 4347 1695 4416 Χάραδρος
1732 4353 1900 4416 λιμὴν
1937 4352 2027 4403 καί
2064 4350 2311 4404 ἐπίνειον
2339 4351 2576 4405 Κιλικίας
2619 4353 2754 4419 [ἔςτι
2791 4354 2881 4406 καί
2919 4368 3092 4406 ποτα-

511 4413 667 4482 μός],
705 4415 783 4469 ὡς
822 4417 1160 4482 Ἡρωδιανὸς
1201 4417 1316 4485 [καὶ
1352 4416 1659 4485 Ἑκαταῖος]
1703 4418 1853 4487 Ἀςίᾳ
1890 4420 2075 4484 «μετὰ
2110 4420 2171 4471 δὲ
2196 4418 2479 4486 Χάραδρος
2505 4421 2817 4486 ποταμός».
2855 4451 2918 4457 -—-
2956 4420 3091 4474 (κά-

512 4485 750 4549 μανδρος
796 4487 931 4536 item
980 4503 1047 4537 ex
1084 4488 1162 4538 St.
1197 4490 1261 4539 Β.
1310 4487 1554 4553 explevi,
1603 4488 1816 4553 reliqua
1864 4491 2045 4539 omnia
2090 4505 2266 4554 usque
2312 4490 2382 4540 ad
2426 4487 2734 4554 Τέγεςτρος
2784 4508 2851 4541 ex
2900 4493 3090 4541 eodem

509 4553 724 4617 addidi,
764 4551 1041 4672 Κάϋςτροε
1087 4557 1257 4606 etiam
1303 4573 1370 4607 ex
1414 4557 1515 4621 Ep.
1556 4555 1643 4605 Cr.
1681 4557 1708 4605 Ι
1744 4558 1870 4615 235,
1905 4559 1972 4606 26
2020 4558 2247 4623 explens
2294 4563 2350 4608 et
2393 4557 2739 4623 Ἄντανδρος
2785 4576 2852 4609 ex
2899 4559 3090 4610 iisdem

510 4637 561 4685 p.
587 4622 671 4684 83,
700 4623 778 4673 18.
805 4649 870 4658 —
897 4620 941 4674 Ο
966 4623 1185 4688 νωτρός
1223 4641 1289 4675 ex
1328 4624 1406 4675 St.
1432 4627 1494 4675 B.
1516 4625 1635 4687 487,
1673 4627 1705 4674 2
1744 4624 1981 4690 explevi,
2019 4626 2116 4676 ubi
2153 4625 2357 4678 diserte
2394 4625 2651 4679 ὀξύνεται
2687 4626 2755 4678 τὸ
2783 4625 3090 4691 Οἰνωτρός.

511 4686 780 4741 ώςαύτως
816 4689 877 4740 δὲ
918 4689 1200 4756 Κάλαβρός
1238 4693 1355 4743 κτλ.
1394 4708 1568 4757 usque
1606 4692 1677 4742 ad
1714 4692 1876 4743 finem
1912 4699 2040 4743 sunt
2074 4710 2139 4744 ex
2176 4694 2255 4746 St.
2293 4696 2382 4761 B.,
2420 4696 2567 4761 apud
2614 4711 2772 4761 quem
2805 4694 3088 4759 Κάλαβρός

510 4758 742 4819 acuitur,
778 4756 1050 4823 Ἴνςοβρος
1085 4764 1271 4811 autem
1306 4767 1585 4826 gravatur.
1725 4761 1759 4811 1.
1796 4763 1863 4812 28
1899 4759 2076 4814 Θάςος
2113 4768 2171 4812 et
2210 4761 2378 4815 Κάςος
2415 4779 2479 4814 ex
2519 4766 2598 4818 St.
2641 4764 2699 4814 B.
2737 4764 2984 4830 explevi,
3023 4781 3090 4815 ex

510 4825 627 4875 eod.
662 4824 825 4876 ἱἈςος
863 4827 1078 4892 addidi,
1116 4827 1278 4879 νόςος
1315 4845 1383 4878 ex
1419 4829 1622 4880 Herod.
1662 4845 1756 4895 ap.
1792 4829 2049 4885 Eustath.
2089 4834 2234 4894 1746,
2271 4835 2352 4884 23.
2422 4833 2674 4883 Eundem
2711 4849 2975 4884 canonem
3011 4834 3090 4883 ίιι-

408 4967 419 4973 ·
511 4893 700 4945 venies
738 4894 793 4943 in
830 4895 929 4945 An.
965 4895 1088 4946 Par.
1124 4897 1209 4947 ΙΙΙ
1245 4898 1360 4955 308,
1401 4900 1479 4962 17,
1516 4899 1609 4951 ubi
1646 4915 1741 4964 pro
1778 4897 1970 4965 δάςος,
2009 4902 2173 4965 νῆςος
2213 4916 2312 4952 scr.
2351 4900 2527 4953 Θάςος
2567 4903 2750 4967 νῆςος.
