3664 5546
695 364 779 430 46
1429 324 1435 331 ⁴
1633 363 1713 421 εκ
1751 365 1893 419 mm
1936 364 2344 420 ι-ιΡΩΔιΑΝοΥ

698 535 735 599 ὁ
780 537 851 600 δὲ
894 538 1094 615 δῆμος
1138 538 1575 614 πληθυντικῶς
1620 536 1901 618 λέγεται,
1957 536 2180 602 ἑνικῶς
2236 538 2308 602 δὲ
2362 537 2442 601 τὰ
2496 537 2727 601 τοπικὰ
2783 536 2852 601 έν
2897 537 3143 615 Πήληκι
3188 536 3278 601 εἰς

695 637 977 716 Πήληκα.

865 739 959 803 Τὰ
1014 739 1101 805 εἰς
1154 727 1238 820 ἦξ
1289 741 1554 805 ςύνθετα
1608 741 1784 819 παρὰ
1829 740 1997 822 ῥῆμα
2053 740 2371 823 ὀξύνεται,
2430 741 2483 805 εἰ
2538 740 2853 806 ἐπιθετικὰ
2909 740 3006 819 εἴη
3023 791 3040 822 ,
3099 746 3276 820 βου-

655 842 925 924 -πλήξ,
976 843 1424 924 κωμοπλήξ,
1478 844 1981 922 κυματοπλὴξ
2034 845 2137 908 καὶ
2185 844 2627 925 κυμοπλήξ,
2687 845 3116 924 μεθυπλήξ,
3165 842 3278 906 οἰ-

636 955 668 1004 5
698 944 1130 1027 ςτροπλήξ,
1173 945 1620 1028 παραπλήξ,
1666 947 2048 1028 λαοπλήξ,
2104 945 2642 1027 ἀκανθοπλήξ,
2703 946 3084 1028 βουπλήξ,
3141 965 3280 1025 μο·

699 1046 1119 1129 λυβδοτήξ,
1166 1046 1204 1111 ὅ
1248 1067 1416 1111 τινες
1463 1047 1800 1125 βαρύνουςι
1846 1048 2246 1126 παραλόγως.
2333 1047 2409 1112 τὸ
2455 1046 2745 1125 ὕςπληξ
2802 1047 2904 1111 καὶ
2947 1046 3277 1125 ἀντίπηξ

699 1148 1067 1231 βαρύνεται,
1113 1148 1210 1213 ὅτι
1257 1148 1376 1213 οὐκ
1420 1148 1750 1213 ἐπιθετικά.
1839 1150 1914 1214 τὸ
1960 1151 2031 1214 δὲ
2075 1149 2547 1227 χηναλώπηξ
2593 1150 2694 1213 καὶ
2737 1148 2896 1213 αὐτὸ
2943 1149 3278 1229 βαρύνεται

700 1249 790 1313 ὡς
833 1252 910 1315 τὸ
956 1251 1537 1333 χαμαιςκώληξ,
1583 1251 2195 1332 λεοντομύρμηξ.

867 1351 961 1415 Τὰ
1022 1352 1109 1417 εἰς
1154 1338 1254 1419 HJ}
1309 1351 1631 1435 ὀξύνεται,
1694 1353 1810 1418 ὅςα
1867 1354 2011 1435 μίαν
2077 1355 2393 1433 ςυλλαβὴν
2452 1352 2581 1432 ἔχει
2638 1353 2743 1418 ἐπὶ
2796 1355 3022 1418 τέλους
3077 1353 3148 1418 ἐν
3201 1361 3278 1440 τῇ

547 1530 560 1545 κ
604 1464 665 1515 10
701 1455 1008 1538 ςυνθέςει,
1054 1454 1339 1537 ἀρρώξ,
1386 1454 1791 1538 ἀπορρώξ,
1822 1456 2316 1539 κυαμοτρὼξ,
2357 1455 2999 1537 γραμματοτρώξ,
3045 1458 3278 1520 θυλα-

695 1556 1029 1639 κοτρώξ,
1074 1556 1371 1640 ἀπτώξ,
1415 1560 1875 1640 πολυπτώξ,
1907 1558 2346 1637 κυμορρώξ·
2391 1559 2568 1623 τόδὲ
2600 1557 3019 1639 θηροδίωξ,
3064 1556 3277 1633 αἰγο-

697 1658 881 1725 δίωξ
929 1660 1264 1739 βαρύνεται
1313 1658 1403 1724 ῶς
1449 1659 1569 1725 δύο
1614 1660 1990 1740 φυλάξαντα
2035 1661 2347 1741 ςυλλαβὰς
2392 1660 2463 1725 ἐν
2506 1665 2582 1743 τῇ
2629 1660 2920 1724 ςυνθέςει,

771 1796 780 1817 ι
868 1786 906 1821 ιι
964 1760 1191 1827 Μόνον
1254 1729 1342 1826 εἷς
1401 1747 1510 1829 αἶ
1543 1763 2054 1857 διςύλλαβονρτό
2099 1763 2387 1839 γύναιξ.
2476 1766 2669 1826 τοῦτο
2716 1762 2787 1825 δὲ
2843 1761 3118 1838 πλαγίαν
3165 1763 3277 1842 μὲν

696 1862 859 1945 ἔχει,
904 1862 1157 1929 εὐθεῖαν
1207 1866 1278 1928 δὲ
1324 1864 1418 1929 οὔ.
1495 1865 1576 1928 τὰ
1618 1865 1740 1943 γὰρ
1786 1864 1874 1929 εἰς
1919 1870 2015 1929 αιξ
2063 1864 2346 1942 λήγοντα
2377 1862 2779 1943 ἣ-ἀρςενικοῦ
2813 1862 3017 1944 μόνου
3048 1864 3279 1940 γένους

605 1972 661 2022 15
698 1965 849 2030 εἰςὶν
904 1963 1050 2030 οἷον
1106 1965 1276 2049 Θρᾷξ
1332 1968 1436 2031 καὶ
1489 1966 1602 2031 ἐὰν
1658 1966 1766 2031 ὦςι
1823 1969 2104 2045 θηλυκοῦ
2159 1966 2422 2049 γένους,
2479 1966 2735 2030 πάντως
2788 1966 2892 2030 καὶ
2947 1965 3278 2044 ἀρςενικοῦ

696 2066 848 2131 εἰςιν
894 2066 1039 2133 οἷον
1094 2067 1132 2133 ὁ
1180 2069 1218 2132 Γ
1221 2069 1356 2145 ραίξ
1411 2069 1513 2132 καὶ
1564 2069 1604 2146 ἡ
1652 2070 1690 2133 Γ
1694 2067 1862 2151 ραίξ,
1918 2067 1956 2132 ὁ
2011 2067 2109 2134 αἲξ
2164 2069 2266 2132 καὶ
2320 2069 2360 2147 ἡ
2416 2066 2529 2135 αἴξ.
2619 2068 2836 2146 ἐπειδὴ
2896 2066 3015 2133 οὗν
3060 2069 3162 2133 καὶ
3203 2068 3278 2132 τὸ

694 2169 915 2245 γύναιξ
982 2168 1103 2234 οὐκ
1170 2170 1453 2249 ἠδύνατο
1512 2169 1844 2248 ἀρςενικοῦ
1900 2170 2134 2246 γένους
2189 2167 2387 2252 εἶναι,
2441 2170 2481 2249 ὴ
2535 2170 2658 2249 γὰρ
2716 2170 2973 2248 ςημαςία
3027 2169 3278 2251 κωλύει,

694 2272 933 2337 τούτου
978 2271 1163 2349 χάριν
1208 2272 1247 2350 ἡ
1293 2272 1512 2348 γύναιξ
1557 2271 1772 2336 εὐθεῖα
1816 2272 2222 2337 ἐπιλέλοιπεν
2238 2272 2267 2354 ,“
2309 2272 2894 2355 ῇςυνεπιλείπεται
2951 2273 3052 2336 καὶ
3093 2273 3133 2350 ἡ
3180 2272 3278 2337 ἐν-

695 2375 882 2452 τελὴς
925 2374 1198 2453 κλητική.
1258 2376 1333 2439 τὸ
1379 2375 1501 2453 γὰρ
1548 2374 1767 2456 γύναι,
1812 2376 1975 2439 καθὰ
2018 2376 2122 2439 καὶ
2161 2376 2237 2439 τὸ
2284 2373 2452 2437 «Ζεῦ
2497 2372 2660 2438 ἄνα»
2706 2374 2777 2455 (Γ
2805 2372 2959 2455 351)
3004 2373 3278 2438 λείπεται
3376 2364 3395 2377 “

594 2479 663 2531 '20
698 2478 931 2540 διπλοῦ
977 2480 1093 2540 τοῦ
1138 2477 1285 2541 κατ’
1329 2476 1698 2553 ἀναλογίαν.
1788 2476 1859 2542 ἐν
1905 2478 2095 2575 δ-ὲ-τῇ
2142 2476 2447 2557 ςυνθέςει,
2493 2475 2708 2554 ἐπειδὴ
2754 2475 2990 2550 γίνεται
3037 2474 3277 2554 άρςενι-

697 2582 814 2642 κοῦ
860 2577 1121 2662 γένους,
1166 2578 1543 2658 ἀναδέχεται
1597 2581 1713 2658 τὴν
1769 2579 1857 2644 εἰς
1915 2586 2011 2646 αιξ
2066 2578 2401 2657 κατάληξιν
2459 2574 2603 2642 οἷον
2651 2576 2783 2641 «ὡς
2837 2578 2931 2643 ὢν
2976 2577 3168 2643 ἄπαις
3210 2599 3277 2642 τε

696 2680 1075 2776 κάγύναιξ
1142 2681 1507 2747 κάνέςτιος»
1565 2683 1740 2760 παρὰ
1797 2681 2119 2764 (Σοφοκλεῖ
2185 2681 2255 2746 ἐν
2292 2678 2645 2757 -Ἀθάμαντι
2714 2676 2837 2762 (fr.
2881 2678 2926 2742 4
2978 2678 3276 2765 Nauck).

699 2785 1035 2864 βαρύνεται
1081 2785 1168 2850 δέ.

1432 2973 1628 3051 Περὶ
1668 2977 1820 3037 τῶν
1872 2972 2283 3051 ληγόντων
2329 2970 2439 3035 εἰς
2484 2973 2539 3048 ᾗ.

519 3119 525 3132 '
593 3129 659 3179 25
863 3109 958 3173 Τὰ
1000 3109 1089 3173 εἰς
1132 3110 1216 3187 ἂρ
1260 3109 1421 3187 ὑπὲρ
1466 3109 1610 3188 μίαν
1657 3109 1972 3188 ςυλλαβὴν
2017 3106 2143 3171 εἴτε
2198 3105 2493 3184 ἀρςενικὰ
2537 3104 2663 3171 εἴτε
2719 3107 2959 3185 θηλυκὰ
3017 3108 3276 3187 βαρύνε-
3314 3078 3323 3096 ’

696 3233 903 3295 ται,ιμ
920 3211 1063 3274 άκα
1076 3231 1144 3294 ρ,
1179 3210 1460 3292 δάμαρ,
1491 3210 1726 3288 ’Άραρ
1758 3230 1851 3274 τις
1881 3209 2129 3286 λέγεται
2159 3209 2477 3290 ποταμός,
2523 3210 2611 3275 ὡς
2642 3209 2800 3287 παρ’
2830 3209 3276 3291 Ἐρατοςθένει,

698 3315 800 3378 καὶ
844 3313 1201 3393 ἐπίγραμμα
1244 3312 1399 3391 ἕχον
1446 3312 1652 3377 οὕτως

698 3571 886 3634 topica
923 3569 1117 3621 docere
1155 3569 1407 3620 Photium
1444 3566 1643 3634 Πήληξ
1679 3568 1856 3632 δῆμος
1892 3565 2216 3632 Λεοντίδος,
2252 3568 2385 3621 Hes,
2424 3583 2466 3620 8.
2505 3583 2555 3618 v.
2591 3565 2804 3631 Πήληξ.
2862 3566 3129 3632 Equidem
3167 3569 3274 3618 exi-

698 3639 914 3690 stimem
949 3637 1329 3689 Herodianum
1364 3637 1662 3688 tradidisse
1701 3637 1913 3688 demum
1937 3637 2103 3703 vulgo
2129 3637 2435 3702 pluraliter,
2475 3636 2570 3686 sed
2598 3633 2659 3685 ἐν
2683 3633 2909 3700 Πήληκι
2934 3631 3011 3686 εἰς
3036 3633 3276 3701 Πήληκα

697 3723 805 3756 non
842 3706 1008 3756 aliter
1042 3706 1152 3756 nisi
1187 3705 1244 3756 in
1281 3705 1552 3771 singulari
1589 3705 1739 3755 dicta.
1776 3720 1897 3756 esse
1930 3706 2099 3771 idque
2137 3704 2474 3770 Stephanum
2508 3719 2702 3768 parum
2737 3703 3100 3755 intellexisse.

699 3775 731 3829 Ι.
769 3777 802 3823 4
845 3775 960 3826 eod.
997 3773 1045 3824 A
1089 3774 1258 3825 habet
1303 3772 1622 3838 κυμοπλὴξ,
1668 3774 1760 3823 BC
1797 3772 2133 3839 κωμοπλήξ,
2183 3773 2377 3824 Choer.
2413 3775 2540 3833 308,
2578 3775 2643 3822 33
2689 3769 3079 3836 κυματοπλὴξ,
3128 3773 3274 3836 equi-

699 3842 821 3892 dem
858 3844 1037 3892 omnia
1073 3843 1250 3907 posui,
1290 3858 1358 3893 ex
1384 3843 1579 3897 Choer.
1617 3842 1688 3893 ad
1723 3842 1832 3892 tria
1858 3843 2079 3892 Arcadii
2112 3843 2332 3893 nomina
2370 3837 2617 3904 βουπλήξ
2655 3837 2963 3903 κωμοπλήξ
2990 3838 3275 3902 μεθυπλήξ

697 3911 879 3960 omnia
915 3926 1087 3976 usque
1127 3911 1199 3961 ad
1237 3909 1583 3975 μολυβδοτὴξ
1621 3916 1998 3976 accesserunt,
2046 3911 2113 3961 de
2151 3926 2258 3976 quo
2296 3926 2346 3975 p.
2385 3912 2509 3970 309,
2553 3912 2609 3958 11
2658 3905 2728 3957 τὸ
2775 3906 3150 3972 μολυβδοτήξ,
3199 3907 3276 3958 ὥς

697 3993 865 4043 φηςιν
903 3977 1244 4043 Ἡρωδιανὸς
1292 3976 1354 4028 ἐν
1388 3981 1459 4044 τῇ
1497 3978 1767 4043 καθόλου,
1813 3978 1964 4030 τινὲς
2006 3978 2068 4030 δὲ
2114 3976 2407 4042 βαρύνουςι
2453 3974 2807 4041 παραλόγως.
2879 3976 3173 4026 Caeterum
3209 3976 3276 4024 ad

698 4051 958 4097 accentus
996 4047 1298 4096 doctrinam
1337 4046 1532 4097 Choer.
1567 4047 1641 4097 ad
1687 4047 1912 4097 verbum
1958 4048 2074 4098 fere
2121 4047 2377 4131 congruit
2422 4061 2541 4095 cum
2576 4045 2828 4095 Arcadio·
2899 4045 2969 4093 cf.
3006 4045 3174 4093 etiam
3212 4044 3274 4094 11.

695 4116 787 4168 Pr.
811 4113 858 4166 Z
887 4118 983 4165 135
1020 4114 1321 4178 βουπλῆγι;
1362 4114 1940 4178 προπεριςπωμένως’
1988 4114 2022 4177 η
2060 4114 2167 4178 γὰρ
2206 4116 2394 4165 ευθεῖα
2431 4112 2714 4175 ὀξύνεται,
2754 4111 3018 4174 βουπλ’ξ.
3065 4111 3137 4162 τὰ
3171 4109 3276 4174 γὰρ

698 4183 849 4246 παρὰ
888 4180 1299 4247 παρακείμενον
1335 4182 1696 4245 ςυντιθέμενα
1732 4182 2019 4234 ἑπιθετικὰ
2055 4183 2206 4247 φιλεῖ
2242 4181 2547 4243 ὀξύνεςθαι,
2575 4178 2754 4232 ὁπότε
2791 4179 2879 4231 καὶ
2919 4194 2955 4242 μ
2977 4193 3047 4229 αν
3085 4178 3275 4230 ςυλλα-

698 4250 802 4315 βὴν
839 4249 1187 4315 ἀποφέρεται
1220 4253 1324 4302 τοῦ
1361 4250 1637 4316 ῥήματος,
1675 4249 1881 4316 ἀδμής,
1919 4249 2184 4316 ήμιθνής,
2230 4247 2582 4313 κυαμοτρὼξ·
2624 4247 2779 4299 οὕτω
2830 4247 2920 4298 καὶ
2966 4247 3275 4312 μεθυπλήξ·

695 4319 910 4384 ὕςπληξ
947 4318 1009 4370 δὲ
1046 4317 1137 4369 καὶ
1173 4316 1426 4384 ἀντίπηξ.
1564 4320 1600 4373 1.
1628 4323 1690 4371 10
1727 4336 1793 4369 ex
1828 4320 2077 4385 Theogn.
2115 4323 2198 4382 41,
2240 4324 2297 4369 11
2337 4325 2689 4368 accesserunt.
2725 4315 2909 4381 ἀρρὼξ
2946 4313 3141 4367 ἀπτώξ
3179 4330 3276 4365 πο·

696 4384 956 4450 λυπτώξ,
996 4404 1062 4438 ex
1099 4388 1353 4438 Eustath.
1392 4390 1548 4447 1922,
1587 4390 1620 4438 8
1653 4388 2128 4452 γραμματοτρώξ,
2174 4388 2270 4438 ubi
2316 4386 2521 4436 diserte
2565 4384 2872 4435 Herodiani
2916 4400 3111 4434 nomen
3157 4400 3275 4449 pro-

699 4457 891 4506 fertur.
964 4456 1050 4505 De
1085 4452 1348 4519 ἀπορρώξ
1393 4456 1464 4505 ef.
1500 4455 1677 4506 Schol.
1726 4456 1797 4506 ad
1844 4456 2042 4520 odyss,
2079 4471 2112 4506 ν
2157 4457 2223 4506 98
2269 4451 2787 4519 προπεριςπαςτέον
2829 4451 2899 4502 τὸ
2946 4450 3275 4516 ἀπορρῶγες

698 4531 755 4574 et
791 4523 859 4573 de
895 4521 1171 4589 θηροδίωξ
1207 4523 1298 4574 καὶ
1334 4519 1622 4586 αἰγοδίωξ,
1659 4526 1725 4576 Ε.
1761 4525 1838 4577 Μ.
1871 4527 1993 4588 451,
2031 4527 2097 4575 23
2137 4520 2318 4574 ἰςτέον
2353 4521 2441 4572 ὅτι
2478 4519 2865 4584 παροξύνεται.
3016 4521 3049 4572 l.
3093 4525 3153 4570 13
3188 4536 3275 4569 ca·

699 4625 896 4659 nonem
943 4609 1010 4658 de
1058 4608 1370 4658 nominibus
1414 4611 1471 4658 in
1515 4609 1598 4661 αιξ
1635 4609 1912 4675 composui
1957 4625 2025 4659 ex
2071 4608 2319 4673 Theogn.
2370 4609 2493 4668 132,
2531 4609 2622 4668 30,
2660 4604 2918 4658 Eustath.
2957 4607 3114 4665 1922,
3153 4605 3185 4653 8
3220 4610 3278 4653 et

698 4676 895 4729 Choer.
930 4681 1047 4740 306,
1086 4679 1150 4727 32
1188 4677 1261 4730 ef.
1299 4677 1363 4726 E.
1391 4676 1463 4729 M.
1502 4681 1622 4742 243,
1657 4680 1742 4728 48.
1880 4676 1914 4728 1.
1948 4679 2014 4728 25
2049 4691 2146 4742 pro
2184 4673 2298 4726 εἴτε
2335 4673 2605 4737 οὐδέτερα
2642 4674 2866 4725 exhibui
2903 4669 3016 4723 εἴτε
3042 4669 3273 4736 θηλυκά,

698 4745 841 4809 quod
878 4751 1104 4810 propter
1135 4742 1315 4808 δάμαρ
1354 4742 1554 4795 dictum
1592 4750 1694 4803 est,
1732 4760 1857 4795 nam
1894 4745 1961 4794 de
1982 4744 2210 4798 ‚neutris
2243 4743 2332 4793 hic
2368 4758 2475 4792 non
2512 4757 2685 4793 sermo
2722 4749 2834 4805 est,
2873 4757 3040 4805 quare
3077 4743 3133 4791 in
3171 4739 3274 4789 fine

698 4814 925 4863 canonis
960 4814 1130 4863 etiam
1165 4813 1335 4863 verba
1373 4813 1442 4861 ab
1480 4814 1846 4878 epitomatore
1893 4818 2085 4863 assuta
2132 4810 2271 4875 ὄναρ
2307 4808 2482 4874 οὖθαρ
2519 4811 2693 4861 omisi.
2926 4809 2961 4862 1.
3000 4811 3066 4860 26
3102 4805 3275 4871 Ἀραρ

698 4881 878 4930 adieci
917 4895 983 4930 ex
1019 4883 1165 4932 Mon.
1200 4898 1318 4932 eum
1355 4896 1518 4932 versu
1556 4882 1991 4946 epigrammatis,
2032 4895 2227 4930 nomen
2265 4883 2449 4930 exstat
2484 4880 2651 4930 etiam
2687 4894 2776 4943 ap.
2816 4877 3009 4928 Choer.
3047 4879 3174 4942 316,
3213 4879 3274 4925 19
