3664 5546
755 240 790 275 N

621 284 749 349 292
1560 286 1640 341 ΕΙ(
1678 285 1817 340 ΤΩΝ
1860 285 2267 340 ΗΡΩΔΙΑΝΟΥ

790 455 883 520 Τὰ
927 456 1032 520 διὰ
1075 461 1192 520 τοῦ
1239 461 1302 521 ῑᾶ
1346 459 1590 536 μακρὸν
1633 459 1709 522 τὸ
1757 460 1797 520 ἇ
1842 456 2080 534 ἔχοντα
2123 455 2582 538 παροξύνεται,
2639 452 2818 519 ἀνία
2869 454 2908 532 ἡ
2957 455 3125 534 λύπη
3172 458 3210 535 ἣ

622 556 776 620 ἄνευ
808 557 1062 639 ἰάςεως,
1110 559 1366 640 φιλία,
1413 560 1675 641 πενία,
1719 558 1967 639 ξενία,
2010 559 2265 639 κακία,
2311 557 2579 640 κοπία,
2626 556 2891 639 μανία,
2934 556 3210 637 γωνία,

620 656 941 741 ἀγλαῖα,
1011 646 1288 742 ςοφία,
1353 659 1883 740 ὑπερηφανία,
1949 658 2336 740 εὐκαιρία,
2410 659 2718 741 ἀεργία,
2791 658 3210 739 προεδρία,

621 761 1023 842 ςυνεδρία,
1069 762 1662 843 φιλανθρωπία,
1706 760 2026 842 ἀςωτία,
2081 760 2451 842 ἐμπορία,
2508 759 2923 840 παρθενία,
2982 780 3210 823 ςυνο-

550 860 772 937 ῦδία,
841 862 1377 943 φιλοπτωχία,
1439 862 1921 944 εὐχαριςτία,
1985 861 2401 943 ἡγεμονία,
2458 860 2914 941 κηδεμονία,
2973 858 3208 938 ἁρμο-

620 961 776 1044 νία,
823 963 1144 1045 εὐωδία,
1190 964 1560 1044 δυςωδία,
1607 963 1926 1045 εὐφυΐα,
1973 961 2253 1048 ἀφυῖα,
2298 962 2655 1043 εὐτυχία,
2712 960 3040 1042 τριετία,
3086 961 3208 1024 εὐ-

620 1064 861 1144 ςεβία,
919 1064 957 1127 ὃ
1003 1064 1104 1127 καὶ
1147 1065 1461 1145 εὐςέβεια,
1517 1063 1796 1142 ἀμελία
1850 1065 1951 1127 καὶ
2006 1064 2298 1144 ἀμέλεια,
2355 1064 2683 1142 ςυνηθία
2736 1063 2840 1126 καὶ
2893 1063 3208 1143 ςυνήθεια,

619 1157 1148 1242 κακοηθία“καὶ
1192 1166 1560 1245 κακοήθεια,
1607 1165 1944 1228 αὐθαδία
1989 1167 2089 1228 καὶ
2133 1166 2470 1246 αὐθάδεια,
2527 1167 2602 1229 τὸ
2653 1166 2724 1228 δὲ
2769 1162 3061 1243 ἀμαθία
3105 1164 3210 1226 διὰ

620 1265 891 1344 βραχέος
933 1267 965 1328 ἰ
1021 1267 1367 1347 γράφεται,
1424 1267 1500 1330 τὸ
1556 1267 1628 1329 δὲ
1683 1263 2009 1343 ἀνδρεία
2064 1267 2168 1330 διὰ
2222 1271 2333 1345 τῆς
2378 1270 2430 1330 ἐἳ
2477 1265 2834 1345 διφθόγγου
2888 1265 3123 1344 γράφει
3168 1264 3207 1342 ἡ

519 1374 585 1426 ¹0
619 1366 985 1443 παράδοςις.
2164 1374 2167 1375 ’

786 1487 824 1522 x
873 1467 967 1532 Τὰ
1011 1466 1143 1532 ἀπὸ
1186 1474 1320 1532 τῶν
1366 1467 1453 1532 εἰς
1499 1473 1553 1531 ιῗ
1597 1469 1701 1532 διὰ
1745 1472 1863 1533 τοῦ
1908 1472 1975 1531 ῖᾶ
2017 1468 2323 1548 γινόμενα
2373 1469 2829 1549 παροξύνεται,
2885 1467 3058 1531 κόνις
3103 1467 3206 1530 κό-

619 1589 756 1632 νιος
800 1569 1057 1650 κονία,
1103 1569 1141 1651 ᾖ
1187 1569 1456 1644 ἔγκειται
1503 1570 1556 1647 ἡ
1589 1569 1793 1649 κόνις,
1844 1569 2076 1647 Κύπρις
2127 1570 2402 1647 Κύπριος
2452 1570 2756 1647 Κυπρία.

790 1669 883 1733 Τὰ
929 1671 1033 1733 διὰ
1077 1673 1194 1733 τοῦ
1224 1672 1291 1733 ffi
1321 1671 1494 1747 παρὰ
1526 1669 1897 1749 μελλόντων
1927 1670 2234 1748 γινόμενα
2274 1673 2730 1751 παροξύνεται,
2768 1670 2980 1748 ὀρέξω
3024 1670 3205 1734 ἀνο-

622 1770 870 1850 ρεξία,
915 1771 1110 1849 πέψω
1156 1769 1485 1851 ἀπεψία,
1535 1772 1721 1834 δώςω
1767 1772 2022 1853 δοςία,
2081 1773 2402 1850 προδώςω
2446 1772 2866 1852 προδοςία,
2911 1776 3206 1835 πανδο-

519 1880 583 1931 15
622 1871 767 1935 ςία·
838 1871 964 1934 ἔςτι
1022 1873 1093 1935 δὲ
1138 1874 1239 1935 καὶ
1283 1871 1687 1936 Πανδοςία
1730 1872 2053 1951 φρούριον
2100 1872 2413 1950 Βρεττίων
2469 1872 2746 1950 ἐρυμνὸν
2791 1872 3203 1952 τρικόρυφον,

617 1973 764 2049 περὶ
808 1972 845 2035 ὃ
892 1971 1138 2051 ἐφθάρη
1171 1973 1585 2050 Ἀλέξανδρος
1630 1972 1668 2036 ὸ
1701 1973 2071 2056 Μολοττός,
2117 1973 2459 2051 ἀπατηθεὶς
2505 1974 2634 2038 ὑπὸ
2680 1977 2962 2053 χρηςμοῦ
2989 1973 3203 2037 τοιού-

617 2094 736 2137 του
783 2073 1147 2151 «Πανδοςίη
1180 2074 1559 2155 τρικόλωνε,
1603 2074 1815 2137 πολύν
1846 2095 2005 2138 ποτε
2039 2075 2198 2138 λαὸν
2244 2073 2522 2139 ὀλέςςεις
2536 2100 2579 2138 ».
2642 2074 2824 2140 ἔδοξε
2855 2076 2979 2152 γὰρ
3011 2077 3203 2138 πολε-

618 2174 810 2255 μίων,
868 2174 987 2237 οὐκ
1040 2174 1292 2237 οἰκείων
1346 2176 1604 2254 φθορὰν
1662 2178 2002 2254 δηλοῦςθαι
2058 2172 2302 2257 (Strab.
2348 2176 2389 2237 (3
2433 2197 2497 2262 p.
2543 2175 2711 2257 256).
2800 2174 2926 2240 ἔςτι
2989 2177 3060 2238 δὲ
3103 2175 3207 2239 καὶ

615 2275 802 2339 πόλις
848 2274 1269 2353 Θεςπρωτίας.
1358 2276 1726 2340 θεοδοςία
1768 2276 1873 2340 καὶ
1918 2277 2307 2341 Θεοδοςία
2351 2277 2625 2355 Ταυρικὴ
2676 2276 2863 2340 πόλις
2908 2276 3202 2355 παραλία.

514 2385 583 2437 20
619 2376 917 2456 (Στράβων
974 2375 1026 2442 ζ’
1070 2376 1164 2460 (p.
1207 2374 1380 2454 309).
1469 2377 1639 2440 θύςω
1695 2377 1951 2459 θυςία,
2007 2377 2138 2442 ἄξω
2194 2376 2396 2459 ἀξία,
2451 2380 2622 2456 θήςω
2673 2379 2885 2442 θεςία
2941 2384 3069 2461 «πῇ
3124 2378 3202 2455 δὴ

619 2478 927 2541 ςυνθεςίαι
972 2497 1080 2541 τε»
1129 2473 1236 2557 (Il.
1287 2478 1333 2540 Β
1377 2476 1561 2559 339),
1617 2479 1750 2556 ἥςω
1807 2478 1970 2542 ἑςία
2023 2480 2125 2542 καὶ
2181 2479 2437 2544 ἐξεςία
2493 2483 2663 2543 «τῶν
2707 2478 2881 2542 ἕνεκ’
2925 2479 3201 2557 ἐξεςίην»

616 2576 773 2659 (Od.
832 2599 883 2657 φ
939 2576 1081 2659 20),
1162 2578 1373 2642 λούςω
1443 2579 1716 2642 λουςία
1781 2578 2141 2661 ἀλουςία,
2217 2580 2338 2645 ἕξω
2404 2580 2566 2646 ἑξία
2631 2580 2921 2661 εὐεξία,
2988 2580 3063 2643 τὸ
3131 2580 3202 2642 δὲ

620 2680 831 2744 «πᾶςά
885 2700 985 2743 τοι
1028 2678 1163 2742 ἔςθ’
1208 2679 1620 2758 ὑποδεξίη»
1667 2681 1712 2761 (Ι
1763 2679 1872 2759 73)
1918 2680 2105 2743 ἕνεκα
2148 2681 2383 2759 μέτρου
2442 2681 2687 2745 ἔκταςιν
2742 2679 2939 2744 ἔπαθε
2992 2684 3109 2744 τοῦ
3153 2681 3201 2741 ἶ.

617 2781 846 2864 ἀγνοίᾳ
891 2783 1107 2861 μέντοι
1152 2780 1486 2859 τάκριβοῦς
1533 2782 1637 2845 διὰ
1681 2785 1798 2845 τοῦ
1845 2785 1898 2845 ἑῑ
1952 2783 2312 2861 διφθόγγου
2368 2785 2484 2860 τὴν
2540 2785 2798 2862 γραφὴν
2844 2786 3202 2864 ποιοῦνται,

514 2895 579 2944 25
617 2884 717 2947 καὶ
761 2882 966 2946 οὕτως
1010 2882 1140 2960 ἔχει
1187 2883 1226 2960 ἡ
1270 2886 1401 2945 τῶν
1447 2882 1879 2962 ἀντιγράφων.
2458 2965 2467 2974 ,
2842 2945 2859 2956 ,

785 2983 879 3047 Τὰ
922 2983 1010 3046 εἰς
1050 2986 1153 3046 ἰῖὰ
1196 2985 1272 3047 τὸ
1318 2985 1359 3046 ’ἁ
1403 2985 1646 3062 μακρὸν
1691 2982 1926 3061 ἔχοντα
1965 2985 2332 3067 βαρύνεται,
2378 2983 2792 3065 ἀθαναςία,
2840 2989 3202 3062 διχοςτα-

618 3086 768 3166 ςία,
813 3084 1273 3165 προςταςία,
1317 3083 1598 3164 ἱκεςία,
1644 3084 1996 3162 Ἀρςυςία
2039 3088 2217 3165 χώρα
2261 3090 2392 3149 τῶν
2439 3085 2676 3162 Ψύρων
2720 3086 2823 3148 καὶ
2855 3085 3011 3149 Χίου
3056 3106 3202 3163 τρα-

754 3371 789 3420 l.
833 3373 857 3419 1
897 3368 1025 3421 ἀνία
1060 3372 1280 3435 explevi
1315 3389 1383 3421 ex
1421 3372 1625 3422 Herod.
1665 3374 1764 3436 Ep.
1793 3372 1883 3420 Cr.
1920 3373 1946 3422 1
1981 3373 2047 3421 83
2081 3368 2210 3422 ἀνία
2246 3369 2280 3432 ή
2320 3369 2472 3435 λύπη
2510 3349 2572 3406 ἶ-
2613 3370 2954 3435 Ἡρωδιανὸς
2992 3371 3026 3434 ἡ
3064 3371 3201 3425 ἄνευ

619 3437 815 3489 ίάςεως
853 3440 924 3486 (if.
962 3440 1155 3489 choen
1193 3439 1347 3489 Orth.
1387 3443 1499 3500 169,
1543 3443 1596 3501 1,
1634 3437 1796 3491 κακία
1834 3437 2004 3489 κοπία
2042 3439 2228 3488 addidi
2267 3455 2333 3487 ex
2369 3439 2555 3489 nicht.
2592 3441 2720 3501 289,
2762 3443 2848 3500 12,
2888 3438 3055 3503 μανία
3090 3455 3201 3501 γω-
3270 3471 3279 3482 ι

616 3505 708 3557 νία
744 3523 814 3555 ex
851 3507 1043 3554 Clnoer.
1081 3507 1114 3557 1.
1151 3524 1227 3568 e.,
1263 3506 1466 3569 ἀγλαῖα
1505 3507 1698 3558 Choer.
1738 3523 1787 3570 p.
1829 3510 1950 3566 180,
1989 3509 2080 3558 28.
2119 3504 2285 3568 (οφία
2323 3533 2388 3539 -α
2425 3504 2488 3556 de
2526 3505 2617 3568 γία
2655 3523 2723 3556 ex
2760 3508 2946 3557 eodem
2990 3511 3111 3569 171,
3150 3513 3200 3567 2,

619 3570 886 3637 προεδρία
923 3600 984 3608 -
1023 3572 1245 3624 ςυνοδία
1283 3592 1350 3623 ex
1387 3591 1439 3639 p.
1485 3576 1595 3633 181,
1640 3579 1683 3634 1,
1722 3571 2082 3636 φιλοπτωχία
2120 3600 2181 3609 -—
2222 3573 2478 3636 εὐχαριςτ
2502 3588 2537 3624 α
2575 3591 2641 3624 ex
2678 3576 2922 3639 Theogn.
2965 3577 3078 3636 104,
3115 3578 3200 3635 20,

617 3639 891 3704 ἡγεμονία
937 3639 1239 3704 κηδεμονία
1286 3642 1530 3706 Theogn.
1584 3644 1704 3695 104.
1743 3644 1806 3688 26
1856 3648 1915 3690 et
1959 3642 2154 3693 Choer.
2206 3641 2242 3689 Ι.
2280 3659 2356 3700 (3.,
2404 3638 2643 3704 ἁρμονία
2690 3639 3058 3704 Choer.‘180,
3106 3645 3200 3703 ἑὸς

618 3706 825 3759 εὐωδία
862 3734 926 3743 -
961 3706 1174 3771 τριετία
1218 3710 1463 3772 Theogn.
1513 3712 1633 3770 105,
1675 3713 1732 3768 3,
1780 3704 2000 3770 εὐςεβία
2043 3735 2107 3742 --
2155 3706 2387 3772 ςυνηθία
2434 3726 2500 3757 ex
2549 3710 2668 3774 ipso
2704 3709 2906 3760 Arcad.
2949 3713 3072 3770 195,
3115 3710 3200 3770 ¹83

619 3774 891 3840 κακοηθία
926 3803 992 3810 ——
1028 3774 1293 3825 αὐτάδεια
1329 3792 1395 3824 ex
1435 3775 1629 3824 Choer.
1671 3777 1782 3836 182,
1827 3779 1905 3836 10,
1942 3772 2148 3837 ἀμαθία
2185 3792 2252 3824 ex
2288 3781 2411 3828 Arc.
2454 3777 2487 3825 1.
2525 3793 2602 3838 c.,
2640 3773 2864 3839 ἀνδρεία
2901 3791 2966 3825 ex
3005 3776 3200 3826 Choer.

623 3847 734 3904 174,
775 3848 803 3893 7
841 3843 1046 3892 collato
1085 3846 1146 3892 Ε.
1183 3845 1255 3895 Μ.
1293 3846 1411 3903 461,
1449 3847 1535 3895 51.
1607 3844 1964 3892 Act-uratiora
2010 3843 2076 3891 de
2123 3845 2399 3907 scriptura
2446 3859 2544 3908 per
2580 3858 2665 3894 εια
2710 3853 2767 3893 et
2804 3846 2857 3893 ῖᾱ
2908 3845 2963 3894 in
3001 3844 3215 3904 ()rtho·‚

615 3912 848 3976 graphia
889 3911 1188 3959 Herodiani
1225 3912 1531 3962 tradentur.
1679 3911 1712 3959 1.
1757 3912 1812 3958 11
1863 3910 2008 3958 lnmc
2052 3926 2313 3960 canonem
2362 3927 2426 3959 ex
2463 3911 2711 3976 Theogn.
2757 3915 2877 3969 105,
2916 3915 2949 3961 8
2994 3913 3201 3975 sumpsi

618 3980 828 4028 conato
866 3977 1069 4026 Herod.
1108 3979 1160 4025 in
1203 3979 1263 4026 Ε.
1305 3979 1396 4026 Or.
1436 3978 1521 4039 88,
1559 3979 1625 4025 ‘23
1662 3982 1718 4026 ot
1754 3981 1847 4036 89,
1885 3981 1975 4026 ‘292
2012 3974 2199 4028 κονίας
2241 3976 2392 4041 παρὰ
2426 3978 2497 4027 τὸ
2533 3980 2651 4028 κνῶ
2689 3977 2758 4029 τὸ
2794 3976 3084 4029 διακόπτω
3120 3977 3199 4040 γί-

617 4061 772 4096 νεται
819 4043 937 4096 κνίς
976 4042 1092 4106 καί,
1132 4041 1325 4107 ἐπειδὴ
1363 4043 1467 4094 οὐκ
1504 4043 1750 4108 ἠδύνατο
1777 4043 2195 4107 μονοςύλλαβον
2221 4046 2401 4106 ὄνομα
2427 4046 2996 4110 βραχυκαταληκτεῑν,
3035 4046 3201 4096 πλεο·

615 4118 807 4178 ναςμῷ
843 4115 947 4163 τοῦ
985 4116 1018 4162 ό
1054 4110 1234 4172 κόνις,
1271 4111 1383 4174 ἀφ’
1418 4109 1484 4162 οὐ
1523 4110 1708 4163 κόνιος
1745 4110 1905 4163 κονία
1943 4113 2059 4162 κτλ.
2108 4114 2263 4174 Quae
2302 4121 2607 4176 sequuntur
2642 4129 2727 4176 ap.
2766 4115 3010 4176 Theogn.
3048 4113 3200 4177 ῥῆςις

617 4179 918 4246 παρρηςία,
959 4180 1144 4244 κλῆςις
1181 4178 1376 4243 κληςία
1422 4179 1510 4229 καί
1557 4177 1818 4243 έκκληςία
1852 4207 1918 4214 --
1951 4178 2097 4231 δόςις
2132 4178 2287 4230 δοςία
2323 4180 2413 4230 καί
2448 4178 2714 4242 προδοςία
2751 4196 2857 4230 non
2900 4182 3200 4229 llerodinni

614 4259 759 4308 sunt,
801 4257 861 4299 ut
896 4264 967 4313 ap
1008 4255 1130 4297 aret
1167 4265 1234 4296 ex
1271 4264 1481 4297 canone
1519 4255 1801 4311 sequente.
1908 4248 1942 4298 l.
1989 4251 2046 4297 14
2080 4245 2246 4297 δώεω
2282 4245 2437 4298 boda
2474 4263 2543 4296 ex
2580 4249 2643 4298 11.
2673 4250 2759 4297 Pr.
2785 4246 2829 4298 Ω
2853 4251 2953 4297 235
2989 4247 3196 4310 addidi,

614 4314 925 4379 Πανδοςία,
1015 4313 1258 4377 zobeda,
1297 4321 1520 4380 propter
1565 4331 1704 4379 quao
1742 4315 2089 4379 apponativa
2127 4316 2386 4378 apposui,
2426 4321 2555 4363 sunt
2591 4331 2657 4364 ex
2695 4317 2774 4363 st.
2818 4318 2907 4374 11„
2946 4313 3097 4365 θύςω
3136 4342 3199 4348 -m

615 4383 827 4448 ἐξεςίην
865 4384 1017 4446 (ud.)
1065 4389 1284 4447 sumpta
1332 4388 1460 4432 sunt
1504 4399 1571 4431 ex
1609 4383 1675 4433 ΙΙ.
1715 4383 1801 4431 Pr.
1848 4383 1880 4430 Ι.
1919 4399 1991 4443 (3.,
2029 4381 2214 4432 λούςω
2250 4409 2313 4416 ——
2354 4379 2536 4432 εὐεξία
2571 4397 2635 4430 ex
2672 4382 2918 4446 Theogn.
2961 4386 3080 4442 105,
3121 4385 3200 4432 17.

613 4481 678 4488 -
725 4453 1184 4502 Adnotamentum
1231 4451 1296 4500 de
1342 4447 1609 4514 ὑποδεξίη
1657 4456 1742 4499 est
1785 4466 1853 4498 ex
1901 4451 1963 4502 ΙΙ.
2003 4451 2090 4498 l'r.
2131 4449 2143 4500 Ι
2185 4451 2275 4503 73,
2322 4449 2442 4498 ubi:
2488 4447 2786 4514 ὑποδεξείη
2835 4448 2914 4500 ὡς
2962 4445 3198 4512 Ἀργείη.

615 4519 685 4570 τὸ
722 4519 782 4570 δὲ
818 4518 1133 4570 ἀκόλουθον
1172 4517 1420 4580 ὠφειλεν
1458 4517 1603 4567 εἶναι
1639 4515 1832 4566 κοινὸν
1869 4514 2133 4568 ύποδεξία
2170 4514 2249 4565 «bc
2286 4515 2436 4579 παρὰ
2470 4515 2540 4565 τὸ
2577 4514 2883 4580 ἀνόρεκτος
2926 4514 3199 4580 ἀνορεξία.

612 4590 794 4638 ταῦτα
840 4586 904 4637 ἐν
938 4589 1008 4651 τῇ
1057 4583 1364 4651 προςῳδίᾳ·
1413 4583 1474 4635 ἐν
1521 4582 1710 4646 μέντοι
1755 4586 1827 4648 τῇ
1875 4583 2120 4634 καθόλου
2165 4581 2351 4633 οὕτως
2388 4583 2506 4633 κτλ.
2554 4611 2619 4618 —-
2665 4586 2787 4634 τῶν
2831 4582 3199 4648 ἀντιγράφων

615 4656 880 4705 Lehmius
917 4655 1011 4719 pro
1047 4656 1150 4703 τοῦ
1191 4651 1560 4715 Ἀντιφάνους
1598 4652 1913 4715 suspicatus
1950 4657 2054 4700 est.
2157 4651 2190 4699 1.
2217 4653 2280 4700 :27
2319 4650 2619 4713 προςταεία
2656 4658 2874 4716 propter
2897 4649 3199 4714 προεταειά

614 4724 762 4773 infra
799 4723 1136 4788 propositum
1175 4721 1356 4785 recepi
1391 4736 1458 4768 ex
1497 4721 1691 4769 Chuer.
1728 4719 1884 4768 Orth.
1927 4721 2036 4771 181.
2086 4718 2315 4768 Nomina
2354 4718 2481 4767 inde
2519 4720 2590 4769 ab
2631 4715 2882 4783 Ἀρςυςία
2917 4734 3089 4785 usque
3126 4719 3197 4769 ad
