3664 5546
590 410 719 475 560
1410 408 1492 464 ΕΚ
1530 410 1676 463 ΤΟΥ
1714 410 1992 464 ΒΙΒΛΙΟΥ
2028 411 2174 465 ΤΟΥ
2211 412 2369 466 ΠΕΡΙ

760 579 833 643 Αἱ
877 579 1034 658 μετὰ
1078 583 1190 657 τῆς
1233 579 1716 657 ἐπιταγματικῆς
1760 578 2162 660 ἀντωνυμία(
2204 583 2316 657 τῆς
2360 580 2554 647 αὐτός
2594 580 2706 646 ’ἀεὶ
2747 582 3180 661 ὀρθοτονοῦν-

590 701 727 763 ται,
772 680 974 744 αὐτὸν
1019 679 1160 763 ἐμέ,
1205 680 1381 763 αὐτῷ
1429 679 1583 759 ἐμοί.
1651 680 2220 759 ὑπεξαιρείςθωςαν
2267 683 2337 745 δὲ
2381 682 2446 747 αἱ
2488 685 2664 763 παρὰ
2688 669 2847 749 ’τοῖς
2887 689 3183 764 ποιηταῖς

590 782 747 861 μετὰ
790 785 902 858 τῆς
947 781 1428 860 ἐπιταγματικῆς
1472 782 1859 860 παραλόγως
1889 781 2326 860 ἐγκλινόμεναι
2361 781 2568 848 «ἀλλά
2599 783 2662 846 οἱ
2692 784 2868 869 αὐτῷ
2895 821 2985 833 —-
3011 785 3180 850 Ζεὺς

590 881 829 947 ὀλὲςειε
885 883 1062 962 βίην»
1110 882 1176 963 (δ
1209 881 1361 962 667)
1416 884 1519 947 καὶ
1576 882 1944 974 «Εὐρύαλος
2000 883 2071 946 δέ
2115 883 2146 946 ἑ
2189 882 2390 948 αὐτόν
2446 884 2512 967 (θ
2556 883 2712 969 396)
2758 887 2860 951 καὶ
2911 886 2970 951 εἴ
3011 908 3179 952 τινες

527 997 560 1046 5
592 982 780 1047 ἄλλαι
823 985 982 1062 μετὰ
1034 983 1405 1061 προθέςεων
1450 984 1489 1061 ἢ
1549 985 1911 1063 ςυνδέςμων
1966 984 2371 1063 ἐνεκλίθηςαν
2424 986 2829 1064 παραλόγως.
2918 988 2984 1052 αἱ
3025 989 3180 1053 κατ’

590 1084 795 1165 ἀρχὴν
836 1085 1185 1167 τιθέμεναι,
1241 1084 1360 1149 κᾶν
1404 1085 1486 1163 μὴ
1533 1084 1761 1163 ἔχωςιν
1806 1085 2323 1167 ἀντιδιαςτολήν,
2381 1087 2486 1151 διὰ
2529 1093 2661 1153 τῶν
2705 1086 3020 1165 ἀρκτικῶν
3063 1089 3167 1151 τό-

588 1208 732 1252 πων
778 1186 1309 1266 ὀρθοτονοῦνται·
1357 1184 1506 1262 «ἐμὲ
1551 1186 1618 1250 δ’
1661 1186 1832 1263 ἔγνω
1877 1186 1981 1251 καὶ
2023 1189 2442 1265 προςέειπεν»
2492 1188 2563 1269 (λ
2606 1186 2737 1272 91).

758 1288 853 1357 Ἐξ
919 1286 1364 1366 ἐπιρρημάτων
1432 1287 1503 1351 δὲ
1570 1287 1860 1366 ἐγερτικὰ
1914 1287 2039 1352 ἐςτι
2092 1288 2171 1352 τὰ
2229 1288 2299 1352 ἐκ
2354 1288 2640 1354 πεύςεως
2696 1282 3178 1372 άοριςτοῦμενα,

588 1388 824 1469 ἔχοντα
866 1391 981 1467 τὴν
1028 1387 1227 1467 αὐτὴν
1272 1387 1661 1453 ἀκολουθίαν
1707 1391 1842 1453 τῶν
1870 1389 2084 1454 τόνων
2127 1390 2245 1467 τήν
2289 1408 2359 1454 τε
2406 1389 2732 1468 ποςότητα
2773 1397 2908 1456 τῶν
2952 1394 3178 1456 ςυλλα-

488 1504 552 1556 10
588 1497 735 1571 βῶν.
792 1492 869 1555 τὸ
915 1491 1029 1569 μὲν
1072 1491 1196 1567 γὰρ
1225 1493 1355 1554 ποῦ
1399 1489 1748 1565 ἐγκλιτικόν
1794 1490 1989 1571 ἐςτιν,
2032 1490 2123 1557 ὡς
2168 1489 2238 1554 ἐν
2282 1495 2375 1574 τῷ
2422 1489 2522 1555 «εἴ
2560 1512 2691 1555 που
2737 1491 3177 1570 ἐςαθρήςειεν»

589 1592 660 1675 (Γ
709 1590 900 1675 450),
964 1597 1097 1655 τῶν
1157 1597 1507 1655 πευςτικῶν
1572 1590 1866 1655 ἑκάςτοτε
1933 1590 2528 1671 ὀρθοτονουμένων.
2616 1592 2686 1656 ἐκ
2752 1593 3036 1658 πεύςεως
3106 1596 3178 1658 δὲ

588 1693 1080 1775 ἀοριςτούμενα,
1137 1691 1296 1756 πότε
1355 1692 1550 1756 «πότε
1604 1691 1946 1770 γράφεις»;
2003 1692 2163 1755 ποτέ
2211 1692 2354 1756 «καί
2396 1693 2557 1757 ποτέ
2602 1714 2707 1773 μοι
2750 1695 2886 1772 τρὶς
2927 1694 3176 1759 τόςςα»

588 1793 669 1877 (Α
710 1794 900 1879 213),
964 1793 1115 1858 πόθι
1162 1793 1352 1857 «πόθι
1406 1813 1506 1857 τοι
1571 1792 1836 1857 πτόλις»
1908 1790 1980 1875 (α
2038 1791 2221 1875 170),
2276 1793 2429 1858 ποθί
2474 1792 2583 1857 «αἴ
2629 1795 2697 1859 κέ
2758 1801 2911 1860 ποθι
2967 1795 3174 1862 Ζεύς»

586 2082 689 2148 τῆς
725 2079 909 2136 αὐτόςΙ
935 2080 1069 2136 εἰςιν
1104 2081 1161 2134 αἱ
1197 2078 1698 2146 ὀρθοτονούμεναι,
1737 2076 1843 2143 οὐχ
1877 2079 1934 2132 αἱ
1972 2078 2114 2143 μετὰ
2147 2078 2481 2144 τὴν.αὐτός.
2542 2079 2868 2145 ἐγκλιτικῶς
2905 2080 3011 2134 οὖν
3046 2079 3176 2134 ἀνα-

587 2150 891 2215 γνωςτέον.
940 2151 1123 2204 Schol.
1147 2151 1219 2201 ad
1245 2151 1347 2200 Od.
1376 2164 1408 2213 ρ
1431 2150 1514 2198 81.
1554 2150 1619 2198 11.
1645 2151 1735 2199 Pr.
1764 2147 1803 2200 Κ
1830 2151 1955 2198 242:
1993 2146 2255 2199 κελεύετέ
2290 2148 2355 2211 μ’
2377 2146 2581 2199 αὐτόν;
2623 2148 2891 2203 Ἀλεξίων
2925 2151 2995 2202 τὸ
3033 2154 3068 2202 'e‘
3100 2156 3174 2217 τῇ

587 2217 913 2285 ἀντωνυμίᾳ
948 2218 1199 2281 δίδωςιν,
1237 2216 1306 2268 οὐ
1339 2221 1426 2282 τῷ
1463 2215 1668 2280 ῥήματι
1702 2214 1957 2277 τελικόν,
2003 2216 2094 2267 καὶ
2130 2216 2281 2266 δοκεῖ
2316 2215 2673 2280 ὀρθοτονεῖν,
2721 2215 2802 2270 ὡς
2839 2216 2887 2269 εἰ
2913 2218 3013 2269 καί
3050 2233 3173 2270 ςυν-

586 2286 769 2337 θέτως
805 2285 1034 2348 ἐλέγετο
1071 2285 1343 2348 ἐμαυτόν,
1391 2284 1484 2335 καὶ
1518 2282 1695 2333 τοῦτό
1729 2296 1794 2344 γε
1830 2279 2003 2347 ἐχρῆν
2040 2282 2199 2334 εἶναι.
2246 2281 2332 2333 ἀεὶ
2367 2281 2473 2347 γὰρ
2507 2283 2565 2335 αἱ
2599 2287 2704 2335 τοῦ
2742 2285 2975 2349 πρώτου
3010 2300 3173 2350 προς-

588 2354 750 2406 ώπου
794 2351 1143 2416 ἀντωνυμίαι
1197 2350 1642 2417 προταςςόμεναι
1685 2352 1788 2414 τῆς
1830 2350 2005 2401 αὐτός
2050 2350 2507 2414 ὀρθοτονοΰνται.
2585 2351 2617 2402 ό
2664 2351 2858 2415 μέντοι
2904 2353 3170 2404 Ἀςκαλω-

586 2421 745 2487 νίτης
790 2422 881 2472 καὶ
929 2420 1281 2486 Ἀρίςταρχος
1327 2419 1655 2482 ἐγκλιτικῶς
1701 2416 2109 2482 ἀνεγνώκαςιν,
2156 2417 2250 2469 ἐπὶ
2294 2419 2403 2482 τὴν
2447 2422 2512 2469 ‘re‘
2547 2419 2829 2484 ςυλλαβὴν
2871 2422 3162 2471 ποιοῦντες

585 2490 694 2554 τὴν
741 2489 953 2554 ὀξεῖαν,
998 2488 1092 2541 ἵνα
1138 2489 1212 2552 μὴ
1259 2486 1339 2539 ὡς
1385 2484 1742 2549 κατάλληλον
1798 2488 1953 2551 φανῇ
2012 2484 2082 2536 τὸ
2129 2484 2375 2547 ἐμαυτὸν
2430 2485 2660 2537 ἑλέςθαι.
2729 2489 2815 2538 De
2857 2489 3164 2554 pronomine

584 2559 787 2608 tertiae
825 2573 1093 2623 personae
1130 2573 1250 2606 cum
1285 2554 1458 2606 αὐτὸς
1495 2556 1797 2618 composito
1836 2554 1974 2603 haec
2009 2554 2403 2604 adnotamenta
2439 2562 2750 2619 supersunt.
2821 2553 2858 2607 Ε
2894 2557 2983 2612 64ε
3019 2552 3074 2606 οἶ
3106 2554 3168 2604 τ’

585 2623 772 2689 αὐτῷ;
820 2624 855 2688 ἡ
894 2622 952 2677 οἷ
987 2622 1402 2688 ὀρθοτονητέον
1438 2624 1542 2672 νῦν
1578 2620 1666 2672 διὰ
1700 2620 1809 2683 τὴν
1846 2619 2049 2685 ἀρχήν,
2098 2618 2166 2670 οὐ
2207 2618 2437 2672 πάντως
2481 2620 2543 2671 δέ
2586 2618 2665 2673 είς
2701 2621 2971 2673 ςύνθετον
3008 2635 3168 2685 μετα-

587 2692 959 2757 ληφθήςεται·
997 2691 1079 2743 ἔτι
1113 2691 1176 2742 δέ
1212 2688 1656 2743 ςυνεπέπλεκτο·
1705 2687 1902 2750 ὅμοιον
1937 2687 1999 2739 δέ
2035 2686 2148 2738 ἑςτι
2184 2686 2253 2738 τὸ
2290 2686 2476 2738 «ἀλλὰ
2510 2687 2643 2739 τόδ’
2676 2688 2819 2753 ἠμὲν
2865 2687 2991 2752 ἐμοὶ
3028 2688 3173 2740 πολὺ

586 2758 816 2812 κάλλιον
861 2759 961 2825 ἠδέ
1005 2756 1063 2811 οῖ
1106 2757 1309 2824 αὐτῷ»
1355 2758 1445 2823 (Il.
1484 2755 1529 2809 Ο
1566 2754 1707 2820 226).
1790 2754 1835 2808 O
1873 2758 1999 2807 226:
2047 2754 2190 2807 ἀλλὰ
2233 2754 2365 2807 τόδ’
2409 2755 2550 2820 ἠμέν
2595 2754 2716 2819 ἐμοὶ
2758 2757 2905 2809 πολὺ
2952 2757 3175 2822 κέρδιον

586 2827 688 2891 ἠδέ
732 2825 789 2879 οἷ
834 2826 992 2946 abu?
1040 2827 1273 2894 ἔπλετοε
1323 2825 1355 2877 ό
1393 2821 1804 2888 Ἀςκαλωνίτης
1852 2823 1989 2904 άξιοῖ
2036 2823 2362 2884 ἑγκλιτικῶς
2408 2822 2830 2887 ἀναγινώςκειν,
2887 2824 3014 2876 ἐπεὶ
3060 2825 3175 2877 ἀπὸ

586 2892 1449 3027 ἒὲἓῷὠὲἓϊλῗὲβῶῗόίῖμῑῖἕονή
1464 2887 2016 3010 δὲνὲἓέἓὲἓθέῗὲοὲἱ(
2037 2890 2341 3022 πῖἶῖεῗωὲι
2365 2891 2714 3024 *ὲῗέάὲέᾝὴ
2750 2891 3052 3025 ἓξῖζοῖᾖῖ
3072 2894 3175 3020 ‘2¹25

587 3032 851 3095 γενῆςθαι
887 3029 976 3081 διὰ
1009 3031 1113 3094 τῆς
1150 3028 1287 3091 ἐμοί.
1356 3027 1426 3078 τὸ
1462 3026 1569 3090 γὰρ
1606 3025 1731 3090 ἑξῆς
1767 3025 2035 3077 τοιοῦτόν
2070 3026 2215 3077 ἐςτιν
2252 3024 2376 3089 ἐμοὶ
2413 3025 2502 3077 καὶ
2537 3025 2696 3092 αὐτῷ
2743 3026 2981 3091 ἔπλετο,
3028 3026 3174 3078 ὥςτε

585 3097 701 3149 ἀπὸ
737 3099 928 3149 κοινοῦ
966 3095 1339 3160 λαμβάνεςθαι
1373 3094 1442 3145 τὸ
1481 3093 1688 3145 ἔπλετο
1723 3093 1890 3157 ῥῆμα.
1961 3091 2172 3155 ὁμοίως
2216 3092 2279 3143 δὲ
2315 3093 2407 3144 καὶ
2444 3092 2544 3144 ἐπ’
2579 3091 2798 3146 ἐκείνου
2833 3094 2966 3147 κατ’
2999 3094 3174 3159 ὀρθὸν

583 3165 759 3217 τόνον
793 3164 1122 3228 ἀνέγνωμεν
1156 3164 1265 3227 τὴν
1301 3161 1357 3214 οἷ
1391 3160 1663 3225 «Μέντορ
1701 3159 1774 3225 μή
1812 3161 1868 3212 c'
1903 3159 2116 3212 ἐπέεςςι
2162 3175 2241 3212 πα
2317 3159 2558 3227 ιπίθῃςιν
2597 3160 2888 3213 Ὀδυςςεὺς
2932 3161 3172 3227 μνηςτή-

584 3246 728 3298 ρεςςι
766 3230 1055 3296 μάχεςθαι,
1103 3230 1438 3294 ἀμυνέμεναι
1484 3228 1545 3280 δὲ
1587 3227 1643 3280 οἷ
1687 3227 1847 3294 αὐτῷ
1892 3228 2029 3293 (Οά.
2068 3242 2101 3292 χ
2138 3231 2237 3278 213
2310 3229 2400 3279 καὶ
2442 3229 2512 3280 τὸ
2559 3227 2684 3292 ἑξῆς
2729 3228 2844 3280 ἐςτι
2887 3233 3152 3281 τοιοῦτον

587 3301 663 3364 μὴ
710 3299 955 3351 πειςάτω
1003 3314 1060 3351 ςε
1109 3297 1399 3350 Ὀδυςςεὺς
1451 3297 1586 3360 ἡμῖν
1633 3294 1925 3360 μάχεςθαι,
1979 3294 2139 3360 αὐτῷ
2186 3294 2247 3345 δέ
2265 3295 2537 3360 ’ἀμύνειν
2609 3296 2699 3347 καί
2745 3296 2991 3348 καθόλου
3035 3296 3069 3359 ή
3117 3268 3178 3348 οῗ

584 3367 765 3419 ὁπότε
810 3370 1138 3432 προηγεῖται
1189 3368 1293 3431 τῆς
1338 3364 1511 3416 αὐτός
1564 3360 1923 3426 ἀντωνυμία(
1975 3362 2122 3414 κατὰ
2173 3362 2403 3426 δοτικὴν
2455 3364 2697 3428 πτῶςιν,
2754 3362 3173 3429 ὀρθοτονεῑςθαι

586 3435 761 3500 θέλει,
801 3432 915 3485 εἴτε
953 3432 1031 3486 εἰς
1067 3433 1255 3498 ἁπλῆν
1293 3431 1379 3497 εἴη
1417 3431 1452 3495 ἡ
1493 3430 1804 3495 μετάληψις
1842 3429 1957 3481 εἴτε
1992 3430 2083 3481 καὶ
2121 3429 2200 3482 εἰς
2239 3430 2523 3483 ςύνθετον.
2593 3430 2679 3482 διὸ
2717 3432 3002 3496 μεμπτέον
3036 3430 3174 3483 ἐκεί-

585 3518 694 3568 νην
727 3502 837 3567 τὴν
872 3500 1188 3565 ἀνάγνωςιν
1223 3500 1390 3552 «ἀλλ’
1417 3498 1469 3551 οἱ
1505 3498 1664 3563 αὐτῷ
1701 3497 1844 3549 Ζεὺς
1881 3496 2133 3551 ὀλέςειε»
2169 3498 2298 3563 (Od.
2336 3498 2367 3548 ὁ
2403 3497 2543 3562 667).
2603 3497 2773 3563 ἐχρῆν
2798 3499 2905 3564 γὰρ
2939 3498 3029 3551 διὰ
3063 3500 3175 3564 τὴν

587 3569 1005 3634 ἐπιφερομένην
1049 3567 1472 3631 ἀντιδιαςτολὴν
1518 3567 1650 3618 κατ’
1694 3565 1868 3629 ὀρθὸν
1912 3564 2087 3616 τόνον
2134 3564 2618 3628 ἀναγινώςκεςθαι.
2687 3565 2732 3617 Ω
2773 3570 2898 3619 292:
2943 3566 3071 3619 δςτε
3115 3564 3178 3618 ot

586 3636 774 3703 αὐτῷ;
812 3637 1141 3699 ἐγκλιτικῶς
1165 3634 1602 3699 ἀναγινώςκουςι
1624 3634 1734 3698 τὴν
1768 3631 1849 3698 οἱ,
1887 3631 2010 3684 ἐπεὶ
2035 3631 2114 3684 εἰς
2138 3631 2326 3697 ἁπλῆν
2353 3633 2387 3695 ἡ
2419 3632 2728 3697 μετάληψίς
2754 3633 2922 3698 ἐςτιν,
2959 3632 3172 3697 ὁμοίως

587 3708 672 3770 τῷ
707 3703 877 3756 «ἀλλ’
911 3702 965 3758 οἱ
999 3704 1158 3769 αὐτῷ
1183 3701 1399 3767 Ζεύς»,
1436 3705 1529 3754 ubi
1564 3700 1829 3767 reliquam
1869 3705 2106 3766 partem,
2147 3716 2256 3765 qua
2283 3702 2617 3752 contrarium
2643 3702 2971 3752 defenderat
2995 3704 3174 3752 Hero-

588 3773 813 3833 dianum
861 3772 1136 3823 excidisse
1183 3771 1573 3822 animadvertit
1610 3770 1783 3820 Lehrs
1830 3770 1901 3819 ad
1938 3769 1990 3821 h.
2027 3769 2088 3832 l.‚
2135 3769 2280 3833 quod
2325 3769 2470 3818 idem
2516 3770 2725 3820 factum
2771 3770 2951 3820 estin
2988 3769 3170 3821 Schol.

584 3840 689 3889 Od.
726 3839 757 3889 ὁ
793 3841 893 3890 667
934 3844 991 3890 et
1026 3839 1055 3902 β
1091 3842 1174 3889 33.
1247 3839 1430 3888 Schol.
1467 3838 1537 3886 ad
1572 3836 1672 3886 od.
1712 3851 1775 3899 ο,
1822 3838 1948 3887 285:
1995 3834 2108 3899 πὰρ
2152 3834 2214 3886 δέ
2250 3832 2308 3886 οἶ
2341 3835 2528 3901 αὐτῷε
2576 3834 2662 3888 ἀεὶ
2699 3835 2734 3898 ἡ
2777 3834 2834 3888 οἶ
2868 3851 3174 3900 προταςςο-
3262 3883 3282 3908 ,

584 3905 725 3970 μένη
769 3909 875 3970 τῆς
921 3905 1359 3969 ἑπιταγματικῆς
1402 3903 1816 3968 ὀρθοτονεῑται,
1864 3901 2311 3968 ςεςημειωμένου
2347 3906 2450 3953 τοῦ
2496 3901 2681 3955 «ἀλλά
2724 3902 2779 3955 οἱ
2821 3903 2980 3970 αὐτῷ
3023 3901 3172 3956 Ζεὺς

584 3973 796 4026 ὁλέςειε
843 3971 1013 4038 βίην»
1049 3973 1177 4038 (Od.
1215 3973 1246 4024 δ
1281 3973 1421 4036 667).
1456 3999 1522 4007 -
1557 3974 1642 4021 De
1679 3972 1998 4036 pronomine
2043 3972 2206 4020 initio
2241 3971 2425 4035 posito
2471 3972 2543 4022 cf.
2579 3972 2753 4022 Lehrs
2800 3988 2885 4038 qu.
2925 3987 3010 4037 ep.
3050 3975 3170 4035 108,

586 4043 680 4107 qni
715 4044 856 4093 citat
890 4042 1071 4108 Apoll.
1109 4042 1174 4101 de
1216 4057 1366 4106 pron.
1403 4042 1488 4103 49,
1526 4042 1617 4100 543
1657 4038 1725 4089 de
1761 4043 1906 4103 synt.
1947 4040 2060 4088 129.
2101 4041 2224 4096 1463
2272 4039 2430 4088 modo
2475 4039 2713 4089 vidimus
2757 4040 2816 4088 in
2862 4037 2899 4091 Ε
2936 4039 3002 4089 64
3035 4041 3172 4090 ecri-

585 4116 803 4174 pturam
838 4107 896 4160 οἶ
928 4109 990 4160 τ’
1035 4108 1195 4174 αὐτῷ
1232 4108 1604 4158 Herodianum
1649 4122 1716 4156 eo
1743 4103 1932 4156 'etiam
1969 4105 2294 4168 defendere,
2343 4106 2487 4170 quod
2533 4107 2589 4155 in
2627 4107 2899 4172 principio
2938 4107 3174 4157 colloca-

585 4182 699 4228 tum
742 4179 843 4240 sit3
890 4177 957 4227 de
1003 4191 1092 4228 τοι
1135 4178 1195 4226 in
1241 4175 1423 4228 schol.
1471 4174 1574 4226 Od.
1612 4187 1647 4224 α
1683 4175 1784 4222 214
1830 4178 2156 4223 annotatum
2202 4178 2288 4222 est
2335 4174 2391 4222 in
2438 4173 2601 4223 initio
2649 4175 2779 4238 poni
2823 4190 2932 4224 non
2986 4189 3172 4239 posse,

589 4246 731 4310 quod
771 4244 1087 4295 encliticam
1123 4245 1214 4294 eit.
1286 4244 1405 4293 Non
1443 4241 1805 4306 improbabile
1844 4245 1932 4290 est
1969 4241 2386 4305 epitomatorem
2432 4242 2679 4292 omisisse
2728 4257 2754 4290 r
2865 4241 2970 4292 lam
3010 4257 3176 4307 gene-

536 4360 549 4370 ,
584 4314 783 4376 talem,
823 4327 984 4378 quam
1021 4311 1197 4377 Apoll,
1227 4326 1378 4375 pron.
1401 4311 1469 4359 49
1506 4309 1729 4358 statuit:
1767 4306 2047 4358 ἀδύνατον
2073 4305 2476 4371 ἑγκλινόμενόν
2509 4322 2564 4358 τι
2600 4306 2801 4371 ἀρκτικ·
2831 4323 2865 4358 ν
2899 4306 3174 4360 τίθεςθαι·

584 4382 711 4431 πῶς
747 4378 854 4443 γὰρ
891 4378 973 4431 ἔτι
1008 4377 1409 4442 έγκλινόμενον
1452 4374 1522 4426 τὸ
1560 4374 1634 4439 μὴ
1672 4373 1987 4438 δυνάμενον
2022 4374 2128 4426 τὸν
2171 4373 2316 4426 ἴδιον
2347 4373 2536 4426 Ιτόνον
2580 4372 2674 4426 ἐπί
2708 4390 2761 4426 τι
2799 4375 3174 4441 προκείμενον

584 4448 943 4511 μεταθέςθαι,
982 4447 1306 4513 praesertim
1342 4460 1505 4510 quum
1541 4444 1759 4493 Charax
1795 4445 1925 4493 1152
1962 4446 2315 4509 pronunciet:
2353 4441 2679 4506 ἀντωνυμία
2714 4441 2780 4495 ἑν
2812 4441 2954 4509 ἀρχῇ
2991 4443 3172 4507 ἐγκλί-

582 4529 741 4567 νεται
785 4512 1040 4576 οὐδεμία,
1101 4514 1471 4580 Neglegentia
1515 4511 1897 4576 epitomatorie
1949 4511 2236 4561 intercidit
2289 4512 2604 4562 observatio
2658 4510 2723 4560 de
2775 4513 3170 4578 compositione

562 4585 920 4648 'pronominis
957 4582 1204 4633 enclitici
1251 4597 1371 4631 cum
1413 4580 1696 4641 vocativo,
1736 4594 1877 4643 quae
1923 4584 2011 4628 est
2054 4595 2088 4628 a
2130 4615 2143 4627 .
2187 4578 2438 4644 Apollon.
2485 4595 2638 4645 pron.
2685 4580 2750 4628 67
2789 4579 2830 4629 C
2876 4580 2947 4630 ad
2987 4579 3168 4630 locum

582 4651 648 4702 11.
685 4651 731 4703 Τ
767 4654 892 4702 287:
940 4649 974 4712 ή
1016 4649 1248 4714 κλητικὴ
1295 4646 1609 4709 αὐτοτελὴς
1646 4645 1782 4697 οὖςα
1818 4645 2052 4710 ςτιγμὴν
2125 4649 2336 4697 παιτεῖ·
2384 4645 2471 4697 διὸ
2507 4644 2781 4697 οὐδέποτε
2828 4644 2885 4698 αί
2920 4645 3172 4709 ἐγκλινό-

585 4733 746 4782 μεναι
782 4717 924 4783 μετὰ
958 4719 1224 4781 κλητικῆς
1259 4715 1534 4779 τίθενται,
1580 4713 1668 4765 ὅτι
1714 4713 1788 4776 μὴ
1836 4714 2012 4778 μόνον
2057 4713 2092 4777 ἡ
2139 4729 2231 4778 μοι
2274 4714 2418 4766 κατὰ
2463 4715 2697 4780 πρῶτον
2734 4714 3038 4778 πρόςωπον
3076 4713 3179 4767 διὰ

584 4785 994 4851 φιλοφρόνηςιν
1029 4782 1368 4849 «Πάτροκλέ
1404 4797 1494 4846 μοι
1538 4783 1751 4848 δειλῇ».
1822 4782 1978 4832 Idem
2014 4783 2234 4833 Charax
2270 4799 2322 4848 p.
2353 4784 2483 4834 1153
2520 4782 2707 4837 habet.
2759 4783 2830 4837 cf.
2867 4783 3044 4834 Lehrs
3082 4799 3181 4849 qu.

587 4867 674 4917 ep.
703 4857 815 4908 109.
921 4854 957 4904 l.
980 4856 1148 4905 8—-15
1173 4869 1225 4919 p.
1250 4869 1366 4918 seq.
1401 4852 1576 4904 Bekk.
1609 4854 1736 4902 1147
1776 4855 1831 4900 et
1859 4853 1988 4903 1148
2025 4851 2230 4903 additis
2268 4867 2334 4902 ex
2359 4849 2594 4915 Arcadio
2635 4851 2748 4913 144,
2786 4853 2847 4902 21
2888 4851 3180 4902 adverbiis
