3664 5546
631 404 758 469 374
886 353 895 375 ἱ
1566 400 1648 454 εκ
1687 400 1826 455 τΩΝ
1872 399 2279 453 ΗΡΩΔιΑΝοΥ

629 578 848 639 λειον
915 573 1101 637 πόλις
1168 572 1237 635 ἐν
1303 576 1395 655 τῷ
1463 570 1701 654 (ιγείῳ.
1802 570 1928 635 ἔςτι
1995 571 2097 633 καὶ
2162 570 2483 649 φρούριον
2540 570 2889 649 Ἀχίλλειον
2955 570 3224 649 πληςίον

630 676 913 755 (μύρνης
966 674 1069 738 καὶ
1123 673 1327 737 τόπος
1382 672 1453 737 ἐν
1509 671 1754 754 (ικελίᾳ
1809 672 1913 736 καὶ
1966 671 2142 750 κώμη
2197 672 2301 735 καὶ
2356 674 2541 750 λιμὴν
2589 673 2934 750 Μεςςήνης.
3022 673 3225 753 Λαμ-

627 777 946 841 πέτειον
1015 779 1174 852 ςῆμα
1240 774 1311 838 ἐν
1376 773 1590 857 Λέςβῳ
1657 772 1787 837 ἀπὸ
1845 772 2183 852 Λαμπέτου
2243 777 2362 836 τοῦ
2426 775 2614 852 Ἴρου.
2714 773 3229 852 Ἀμαζόνειον

627 878 814 942 πόλις
870 876 940 940 ἐν
995 883 1071 960 τῇ
1118 876 1389 959 Ἀττικῇ,
1447 875 1602 940 ἔνθα
1659 875 1898 952 Θηςεύς
1954 877 2085 938 τῶν
2144 873 2510 952 Ἀμαζόνων
2573 874 2929 953 ἐκράτηςεν.
3018 875 3226 941 οὕτως

551 991 583 1041 5
630 979 919 1042 ἐκαλεῖτο
968 979 1069 1041 καὶ
1112 977 1151 1056 ἡ
1202 976 1401 1059 Κύμη,
1460 976 1531 1042 ἐν
1574 976 1612 1059 ᾖ
1661 975 1725 1039 αἱ
1769 974 2106 1055 Ἀμαζόνες
2164 977 2395 1059 ᾤκουν.
2484 975 2808 1040 Ἑκαταῖος
2865 977 2922 1039 δ’
2974 975 3044 1041 ἐν
3088 981 3227 1041 τοῖς

627 1079 943 1144 Αἰολικοῑς
1009 1079 1113 1143 διὰ
1174 1082 1290 1142 τοῦ
1345 1080 1379 1138 ῖ
1444 1077 1679 1156 γράφει
1746 1078 1820 1141 τὸ
1890 1075 2113 1155 ὄνομα.
2215 1076 2632 1142 Βοτιάειον
2697 1076 2882 1142 πόλις
2948 1078 3227 1156 Φρυγίας

629 1181 865 1260 ἔχουςα
910 1180 1133 1260 λίμνην
1177 1180 1475 1244 Ἄτταιαν
1522 1179 1906 1261 λεγομένην,
1949 1177 2313 1257 τρέφουςαν
2359 1177 2533 1242 ἅλας.
2612 1179 2998 1257 Δαρίειον
3038 1180 3228 1244 πόλις

630 1287 741 1359 τῆς
785 1281 1080 1359 Φρυγίας.
1141 1280 1289 1345 Διό
1309 1300 1486 1359 μεια
1525 1284 1724 1359 δῆμος
1766 1283 1879 1356 τῆς
1923 1278 2219 1357 Αἰγηΐδος
2263 1283 2492 1358 φυλῆς.
2565 1278 2875 1357 Ἡρακλῆς
2921 1280 3045 1359 γὰρ
3090 1281 3226 1345 ἐπι-

628 1383 926 1452 ξενωθεὶς
981 1382 1158 1460 παρὰ
1209 1382 1511 1465 Κολλυτῷ
1556 1380 1793 1458 ἠράςθη
1838 1379 2094 1459 Διόμου
2139 1383 2257 1444 τοῦ
2303 1379 2448 1444 υἱοῦ
2493 1379 2710 1444 αὐτοῦ.
2784 1380 3225 1460 Δοκίμειον

533 1494 596 1544 10
630 1486 815 1548 πόλις
859 1483 1152 1560 Φρυγίας.
1226 1482 1611 1560 Δορίειον
1655 1480 1935 1560 Φρυγίας
1991 1480 2193 1545 πόλις.
2267 1480 2784 1560 Δορυλάειον
2829 1482 3015 1547 πόλις
3059 1483 3226 1561 Φρυ-

531 1595 540 1602 “
630 1586 799 1668 γίας,
857 1585 895 1648 ὃ
953 1585 1055 1647 καὶ
1098 1583 1474 1660 Δορύλαιον
1519 1582 1937 1662 Δημοςθένης
1994 1583 2160 1661 φηςί.
2252 1582 2643 1647 Μιδάειον
2698 1583 2885 1648 πόλις
2929 1582 3224 1661 Φρυγίας.

630 1686 996 1752 Ἑλλάνικος
1040 1684 1110 1748 ἐν
1156 1684 1434 1767 δευτέρῳ
1479 1683 2012 1748 Δευκαλιωνείας.
2068 1685 2171 1747 καὶ
2203 1684 2480 1748 Μιδάϊον
2514 1684 2763 1759 λέγεται
2795 1685 2897 1748 καὶ
2930 1685 3225 1762 Μιδήῖον.

638 1786 1058 1853 Κοτιάειον
1104 1785 1290 1849 πόλις
1332 1788 1442 1861 τῆς
1488 1784 1826 1862 ἐπικτήτου
1874 1784 2167 1862 Φρυγίας.
2243 1784 2545 1865 (τράβων
2589 1785 2665 1865 ιβ’
2710 1787 2804 1870 (p.
2835 1784 3006 1867 576).
3060 1788 3229 1851 τινες

635 1890 707 1954 δέ
751 1908 903 1969 φαςι
953 1885 1281 1950 Κοςιάειον
1326 1883 1634 1965 ὀφείλει..
1681 1888 1861 1949 δοκεῖ
1917 1887 1989 1949 δὲ
2045 1885 2177 1950 ἀπὸ
2233 1890 2350 1950 τοῦ
2399 1887 2564 1951 Κόςα
2611 1887 2915 1951 Κοςάειον
2975 1887 3065 1952 ὡς
3107 1891 3227 1951 τοῦ

536 1997 597 2048 15
637 1990 809 2055 Μίδα
864 1988 1172 2053 Μιδάειον
1240 1986 1344 2050 καὶ
1398 1985 1723 2064 προςθέςει
1792 1990 1909 2051 τοῦ
1952 1990 1987 2048 ’ῑ
2046 1986 2371 2053 Κοςιάειον
2438 1988 2561 2051 καὶ·
2604 1994 2813 2071 τροπῇ
2878 1988 3224 2052 Κοτιάειον.

640 2089 1132 2163 Μενελάειαν
1179 2087 1418 2166 χωρίον
1451 2086 1753 2166 (πάρτης.
1805 2088 2243 2165 Κορύλειον
2273 2090 2449 2168 κώμη
2481 2089 2819 2168 περίςημος
2850 2087 2920 2152 ἐν
2950 2089 3224 2169 Παφλα-

636 2191 823 2274 γονίᾳ
868 2189 998 2253 ἀπὸ
1047 2188 1338 2266 Κορύλου
1396 2190 1928 2269 βαςιλεύςαντος.ι
1985 2190 2515 2267 Μολύκρειον·
2573 2189 2781 2254 οὕτως
2834 2190 3227 2267 Θουκυδίδης
3327 2249 3331 2253 ,

638 2292 904 2374 δευτέρᾳ
949 2293 1030 2373 (c.
1071 2289 1182 2371 84)
1228 2289 1600 2368 Μολυκρίαν
1656 2290 1849 2354 πόλιν
1892 2289 2199 2356 Αἰτωλίας
2253 2293 2447 2355 καλεῖ.
2539 2290 3066 2367 Νεάνδρειον·
3118 2291 3225 2355 οὕ-

636 2413 763 2457 τως
825 2392 1215 2470 Θεόπομπος
1278 2394 1460 2455 καλεῖ
1525 2391 1916 2470 Νεάνδρειαν
1995 2392 2187 2457 πόλιν
2251 2391 2562 2475 Τρῳάδος
2627 2390 2699 2455 ἐν
2765 2390 3224 2476 Ἑλληςπόντῳ.

535 2500 604 2552 20
642 2495 1168 2573 Νικομήδειον
1214 2492 1524 2573 ἐμπόριον
1557 2493 1863 2558 Βιθυνίας.
1929 2489 2260 2571 Ἀρριανὸς
2304 2492 2572 2577 πέμπτῳ
2610 2493 3017 2558 Βιθυνιακῶν.
3071 2494 3227 2558 Πο-

637 2594 892 2659 λίειον
948 2593 1135 2686 πόλις
1191 2594 1447 2658 Ἰταλίας
1508 2592 1639 2657 ἀπὸ
1696 2598 1807 2672 τῆς
1866 2592 1936 2657 ἐν
1992 2594 2151 2677 Ἰλίῳ
2195 2593 2525 2657 Πολιάδος
2583 2593 2849 2669 Ἀθηνᾶς
2904 2594 3227 2673 πρότερον

638 2695 804 2775 (ἶρις
848 2695 1224 2773 καλουμένη.
1312 2694 1746 2762 Ποςίδειον
1792 2695 1978 2758 πόλις
2023 2695 2251 2773 μεταξὺ
2309 2694 2574 2758 Κιλικίας
2637 2695 2738 2758 καὶ
2783 2693 3021 2773 (υρίας.
3096 2696 3228 2760 Φι-

639 2797 1069 2877 λομήλειον
1115 2797 1455 2873 πόλιςτῆς
1499 2795 1776 2874 μεγάλης
1818 2795 2113 2875 Φρυγίας.
2203 2795 2502 2876 (τράβων
2561 2795 2887 2880 δωδεκάτῃ
2931 2798 3019 2881 (p.
3050 2797 3223 2879 577).

531 2929 537 2938 ·
638 2898 1138 2977 Φαναγόρεια
1184 2896 1512 2976 ἐμπόριον.
1599 2897 2094 2977 Τεμβρίειον·
2152 2897 2358 2962 οὕτως
2405 2896 2820 2975 Ἀλέξανδρός
2876 2920 3025 2978 φηςι
3071 2899 3229 2978 Τέμ-

495 2989 602 3058 ’25
641 3004 819 3079 βριον
885 2999 1076 3064 πόλιν
1144 2998 1437 3076 Φρυγίας.
1515 2998 2151 3089 ,Καπετωλίειονχ
2212 2999 2283 3063 ἐν
2348 2997 2557 3081 Ῥώμῃ
2627 2998 2837 3078 λόφος
2901 2999 3230 3078 Ταρπαῖος

638 3102 834 3165 πάλαι
881 3100 1228 3179 λεγόμενος
1271 3099 1487 3163 καὶέν
1533 3099 1876 3178 ςυναιρέςει
1927 3100 2386 3164 Καπετώλειον.
2474 3101 2550 3164 τὸ
2606 3102 2676 3165 δὲ
2726 3100 3230 3165 Καπετωλεῑα

639 3202 747 3266 ἐπὶ
789 3204 907 3265 τοῦ
952 3200 1209 3276 ἀγῶνος
1253 3204 1774 3279 προπεριςπᾶται.

805 3321 844 3356 κ·
892 3302 987 3365 Τ.ὰ
1040 3302 1147 3365 ἐπὶ
1198 3306 1482 3381 τεμενῶν
1536 3302 1637 3365 καὶ
1703 3302 1950 3380 ἑορτῶν
2017 3303 2120 3367 διὰ
2175 3306 2292 3367 τοῦ
2350 3307 2487 3367 ἐἰῖῦ
2544 3302 2854 3380 οὐδέτερα
2910 3308 3229 3382 μονογενῆ

489 3471 494 3476 ,
641 3403 802 3481 ὑπὲρ
846 3405 1017 3480 τρεῖς
1063 3403 1375 3482 ςυλλαβὰς
1420 3403 1978 3481 προπαροξύνεται
2023 3407 2125 3469 καὶ
2168 3408 2689 3483 προπεριςπᾶται.
2777 3405 2878 3468 καὶ
2922 3426 3229 3484 προπερι-

538 3513 605 3565 30
640 3508 867 3569 ςπᾶται
913 3504 1027 3582 μὲν
1073 3502 1189 3568 ὅςα
1233 3503 1363 3569 ἀπὸ
1407 3509 1539 3570 τῶν
1584 3504 1670 3569 εἰς
1717 3508 1773 3568 Γς
1815 3506 2217 3584 παράγονται
2260 3510 2373 3584 τῆς
2416 3509 2667 3583 γενικῆς
2708 3510 2990 3584 καθαρᾶς
3022 3507 3230 3589 οὔςης,

642 3608 723 3685 μὴ
770 3605 1214 3685 φυλαττούςης
1259 3607 1334 3669 τὸ
1380 3606 1729 3685 ςύμφωνον
1784 3609 1896 3683 τῆς
1952 3611 2234 3689 γενικῆς,
2303 3605 2450 3672 οἶον
2505 3611 3033 3691 πρυτανεῖον,
3093 3609 3229 3672 Νε-

643 3708 991 3788 μεςεῑον,
1039 3703 1490 3783 (εραπεῖον.
1581 3708 1660 3771 οὐ
1704 3709 1827 3786 γὰρ
1875 3707 2151 3788 ἐφύλαξε
2196 3711 2271 3773 τὸ
2315 3694 2353 3773 δ
2410 3712 2523 3788 τῆς
2568 3712 2821 3786 γενικῆς
2875 3712 3008 3774 τοῦ
3038 3708 3225 3786 (ερά-

642 3812 845 3871 πιδος.
933 3806 1192 3871 τόιοῦτο
1251 3808 1352 3871 καὶ
1408 3810 1483 3872 τὸ
1530 3808 1949 3892 Ὀςιρεῖον,
1997 3810 2489 3894 Ἀνουβεῑον,
2535 3811 2979 3889 Τεχοςεῖον.
3057 3811 3226 3873 Βεν-

644 3901 949 3999 δὴίδειὸν
994 3910 1066 3973 δὲ
1110 3909 1693 3987 προπαροξύνεται·
1741 3909 2019 3990 ἐφύλαξε
2063 3913 2186 3990 γὰρ
2230 3914 2305 3976 τὸ
2350 3898 2392 3976 δ
2434 3915 2546 3989 τῆς
2591 3913 2894 3976 Βενδῖδος
2946 3912 3226 3989 γενικῆς·

2780 4114 2795 4143 ἱ

780 4164 815 4214 l.
856 4165 918 4214 10
956 4163 1023 4214 de
1060 4162 1408 4229 Δορυλάειον
1446 4166 1516 4215 cf.
1554 4165 1813 4215 Eustath.
1853 4165 1924 4215 ad
1961 4166 2187 4231 Dionys,
2226 4167 2344 4228 815,
2372 4167 2467 4217 ubi
2501 4165 2673 4230 τέχνη
2710 4165 3094 4230 ὀρθογραφικὴ
3134 4164 3230 4227 (sc.

641 4231 968 4293 Herodiani)
1005 4237 1335 4282 memoratur
1370 4237 1427 4281 ct
1463 4233 1659 4282 Chocr.
1700 4232 1859 4283 Orth.
1896 4236 2013 4296 197,
2052 4236 2115 4284 10
2150 4231 2525 4298 Δορυλάειον;
2575 4231 2881 4297 δίφθογγος
2918 4235 2967 4285 ὃ
3005 4233 3095 4284 καὶ
3132 4232 3233 4284 Κο-

640 4298 867 4351 τιάειον.
918 4297 1191 4363 Γορδίειον
1227 4299 1289 4350 δὲ
1323 4297 1627 4361 Δοκίμειον
1665 4299 1826 4350 πόλις
1865 4300 2109 4365 Φρυγίας
2144 4301 2214 4351 τὸ
2251 4305 2284 4352 ἰ’
2321 4299 2707 4365 παραλήγεται
2745 4301 2848 4357 (sic
2880 4318 2978 4367 pro
3008 4298 3233 4365 Γορδίον

643 4367 732 4417 καὶ
778 4363 1050 4429 Δοκίμιον
1095 4368 1316 4432 scripsi,
1363 4383 1490 4416 nam
1536 4368 1739 4417 dicitur
1782 4367 2130 4432 Δορυλάειον
2188 4367 2455 4420 Κυτάειον
2510 4370 2713 4419 habere
2757 4371 2793 4418 ἃ
2842 4375 2974 4420 ante
3029 4370 3235 4419 exitum

641 4437 788 4496 {tc-v,
842 4435 982 4484 haec
1017 4451 1151 4485 vcro
1187 4438 1238 4497 ἶ,
1278 4435 1376 4485 sed
1420 4437 1556 4486 item
1601 4451 1699 4499 per
1743 4439 1791 4485 ἴι
1840 4437 2230 4500 pronunciari).
2270 4464 2333 4473 —
2370 4438 2406 4488 l.
2447 4438 2509 4488 13
2560 4434 2847 4488 Κοτιάειον
2894 4437 3119 4487 exhibui
3165 4452 3233 4485 ex

640 4503 930 4554 verissima
966 4502 1234 4553 Meinckii
1277 4502 1691 4564 emendatione,
1740 4503 1973 4555 eundem
2018 4511 2243 4554 secutus
2290 4520 2406 4555 sum
2444 4504 2476 4553 1.
2513 4507 2581 4554 24
2616 4501 2945 4568 Τεμβρίειον
2989 4519 3086 4570 pro
3123 4501 3235 4554 Μέ-

641 4568 878 4633 νανδρος
924 4569 1089 4619 scribi
1132 4571 1416 4621 iubentem
1462 4568 1840 4634 Ἀλέξανδρος.
1920 4573 2005 4622 Dc
2056 4570 2474 4623 Καπετωλίειον
2522 4574 2603 4622 St.
2654 4574 2715 4625 Β.
2764 4571 3000 4623 diserte:
3059 4570 3234 4635 Ἡρω-

640 4637 828 4688 διανός
870 4635 1286 4689 Καπετωλίειον
1321 4636 1382 4688 ἐν
1420 4634 1475 4688 ἓξ
1513 4638 1806 4701 ςυλλαβαῖς
1846 4638 1936 4690 καὶ
1972 4638 2035 4690 ἐν
2081 4639 2381 4703 ςυναιρέςει
2426 4638 2853 4703 Καπετώλειον,
2901 4644 3015 4690 tum
3052 4639 3235 4703 sequi-

639 4709 732 4753 tur
767 4720 946 4754 canon
982 4705 1049 4754 de
1087 4705 1399 4766 temenicis,
1440 4720 1600 4769 quem
1637 4707 1826 4756 statim
1862 4722 2179 4772 proponam.
2384 4705 2420 4756 1.
2458 4710 2525 4757 28
2561 4708 2705 4757 hunc
2743 4722 3005 4757 canonem
3043 4708 3231 4771 recepi

642 4786 707 4820 ex
743 4772 992 4836 Theogn.
1031 4775 1145 4834 129,
1186 4777 1249 4823 15
1285 4772 1489 4829 (Bekk.
1524 4773 1626 4823 An.
1664 4774 1845 4835 1343),
1883 4790 2002 4824 cum
2048 4776 2203 4825 cuius
2251 4775 2432 4839 priore
2480 4780 2641 4839 parte
2689 4776 2932 4837 concinit
2969 4774 3046 4826 St.
3086 4774 3148 4823 Β.
3190 4789 3233 4824 s.

641 4835 827 4888 'lce'iov
870 4837 988 4887 loco
1025 4839 1134 4888 iam
1181 4854 1348 4904 supra.
1397 4839 1594 4902 allat03
1641 4840 1676 4892 l.
1716 4845 1780 4892 33
1817 4840 2116 4904 Τεχοςεῑον
2163 4847 2476 4907 corruptum
2522 4843 2765 4903 videtur,
2816 4841 3055 4892 fortasse
3101 4842 3237 4891 scri-
