3664 5546
1190 353 1347 409 Περι
1378 310 1770 411 κἈοοΛικΗς
1804 354 2228 412 ΠΡοςΩιΔιΑς
2267 359 2326 413 Α.
2980 358 3059 424 19

469 526 635 607 τίας,
693 524 934 590 Δάων
990 524 1180 589 ἔθνος
1234 529 1344 603 τῆς
1389 527 1645 606 Ἰνδικῆς
1702 527 1834 594 ἀπὸ
1879 528 2179 612 Δάονος,
2237 529 2458 597 Χάων
2504 529 2695 596 ἔθνος
2739 529 3058 609 Ἠπείρου.

470 627 833 692 Ἑλλάνικος
876 626 1125 705 ἱερειῶν
1154 627 1356 708 Ἥρας
1385 630 1575 715 τρίτῳ
1625 630 2118 712 «Ἀμβρακιῶται
2153 632 2256 696 καὶ
2300 631 2362 696 οἱ
2393 632 2536 712 μετ’
2564 632 2780 698 αὐτῶν
2815 632 3059 698 Χάονες

470 731 572 794 καὶ
616 729 1054 807 Ἠπειρῶται».
1115 730 1217 794 καὶ
1262 729 1300 794 6
1330 731 1661 809 Πρόξενος
1707 734 1778 797 δὲ
1821 732 2193 808 καταλέγων
2238 733 2477 800 αὐτούς
2519 753 2698 815 φηςι·
2747 735 3057 818 «Χάονες,

471 832 871 913 Θεςπρωτοί,
929 830 1285 916 Τυμφαῑοι,
1348 833 1747 917 Παραυαῖοι,
1814 834 2196 918 Ἀμύμονες,
2263 835 2596 920 Ἄβαντες,
2669 838 3054 902 Καςςωποί».

470 933 714 1016 Ἰάων,
765 932 1086 997 Κατάων
1131 933 1321 999 ἔθνος
1356 936 1835 1021 Καππαδοκίας,
1883 937 1973 1002 ὡς
2003 935 2302 1020 (Στράβων
2347 937 2460 1020 (12
2502 960 2566 1025 p.
2600 937 2772 1022 533),
2820 941 3054 1017 Βαγα-
3086 947 3117 996 5

470 1037 676 1102 δάων
744 1033 935 1099 ἔθνος
999 1035 1479 1121 Καππαδοκίας,
1537 1040 1859 1105 Λυκάων
1928 1040 2118 1106 ἔθνος
2173 1041 2400 1106 Λυκίας
2464 1061 2532 1106 τε
2596 1042 2698 1106 καὶ
2760 1041 3058 1121 Ἰςαυρίας

469 1139 838 1220 ὁμοφώνως
882 1142 973 1221 τῷ
1029 1145 1267 1224 κτιςτῇ,
1314 1139 1616 1224 ὀπάων,
1678 1140 2052 1225 Μαχάων,
2095 1142 2588 1227 Ποςειδάων,
2644 1145 3058 1228 Ἀρετάων,

468 1241 853 1323 Ἱκετάων,
901 1239 1296 1319 Ἀμυθάων
1343 1242 1381 1307 6
1431 1243 1737 1323 Κρηθέως.

640 1368 678 1404 κ·
721 1344 816 1408 Τὰ
861 1341 948 1408 εἰς
991 1343 1090 1411 ’ὧν
1134 1343 1428 1424 ἀρςενικὰ
1473 1347 1633 1426 ὑπὲρ
1691 1347 1810 1412 δύο
1868 1349 2182 1430 ςυλλαβὰς
2236 1349 2737 1430 παραληγόμενα
2782 1354 2813 1415 ἒ
2871 1350 3058 1429 βαρύ-

469 1467 676 1528 νεται,
734 1444 933 1510 ὁπότε
978 1450 1060 1527 μὴ
1116 1446 1213 1526 εἴη
1269 1449 1626 1527 περιεκτικὰ
1679 1449 1718 1527 ἢ
1758 1450 1969 1529 ,μέρος
2024 1451 2312 1531 ςῶματος
2367 1451 2751 1531 ςημαίνοντα
2802 1452 2841 1529 ἢ
2899 1451 3059 1516 ὑπο·
3099 1451 3163 1501 10

469 1549 816 1631 κοριςτικά,
863 1548 1202 1614 Γελέων·
1248 1551 1287 1614 Γ
1290 1550 1584 1615 ελὲοντες
1628 1551 1700 1616 δέ
1747 1550 1857 1616 εἰςι
1890 1554 2065 1633 φυλὴ
2110 1554 2371 1635 παλαιά,
2417 1553 2523 1633 μία
2567 1558 2699 1621 τῶν
2742 1552 3061 1633 τεςςάρων

468 1658 599 1719 τῶν
656 1651 787 1716 ἀπὸ
831 1650 1054 1715 Ἴωνος
1109 1651 1390 1735 παίδων,
1437 1652 1851 1736 Ἀλκμέων,
1897 1653 2260 1738 Τυφέων,
2313 1655 2801 1739 Ποςειδέων,
2858 1655 2922 1723 ἐξ
2979 1655 3059 1720 οὗ

467 1757 801 1821 Ποςειδῶν
859 1751 1167 1837 ςυνῃρέθη
1211 1790 1297 1802 -
1339 1756 1415 1820 τὸ
1472 1756 1544 1820 δὲ
1596 1755 2055 1821 Ποςειδεών
2111 1756 2321 1836 ὄνομα
2376 1757 2575 1837 μηνὸς
2631 1756 2921 1824 ὀξύνεται
2974 1794 3060 1804 -

470 1860 546 1925 τὸ
576 1856 967 1937 ἀνδρεών,
1012 1857 1470 1934 παρθενεών
1516 1856 1638 1922 ἑςτι
1683 1859 2072 1941 περιεκτικά,
2103 1860 2180 1925 τὸ
2227 1861 2298 1924 δὲ
2343 1857 2743 1938 ἀνθερεών
2789 1861 2893 1925 καὶ
2935 1881 3056 1926 κε-

471 1963 671 2028 νεών
704 1958 896 2039 μέρος
933 1957 1218 2037 ςώματος
1257 1959 1559 2043 ςημαίνει,
1604 1961 1813 2026 καὶτὸ
1859 1961 2254 2044 πορθεών,
2302 1962 2643 2044 λυμεών,
2688 1959 3057 2027 ἀπατεών
3098 1966 3159 2017 15

470 2059 952 2142 ύποκοριςτικὰ,
1009 2060 1085 2125 τὸ
1143 2062 1215 2125 δὲ
1259 2061 1535 2126 Ἐλεών
1590 2061 1778 2127 πόλις
1832 2066 1943 2141 τῆς
1989 2063 2382 2144 Ταναγρικῆς
2426 2063 2705 2144 θηλυκόν
2752 2062 2908 2147 ἐςτι,
2967 2065 3058 2128 ὼς

469 2167 572 2231 καὶ
617 2161 939 2230 Μεδεών
984 2161 1198 2245 πόλις,
1243 2163 1282 2247 ᾗ
1329 2166 1656 2244 ςυμφωνεῑ
1709 2164 1784 2228 τὸ
1842 2165 2064 2244 κύριον
2112 2166 2451 2230 Μεδεών.
2540 2165 2752 2250 τούτῳ
2798 2167 2870 2230 δὲ
2914 2187 3056 2231 cuv·

467 2248 860 2349 ηκολούθῃςε
905 2262 1327 2331 Ξυπετεών
1373 2265 1411 2330 6
1461 2264 1734 2344 οἰκήτωρ
1781 2267 1988 2345 δήμου
2031 2267 2343 2345 Ξυπετῆς.

637 2371 731 2435 Τὰ
776 2370 864 2435 εἰς
903 2367 1007 2435 'GN
1050 2367 1211 2448 ὑπὲρ
1259 2369 1377 2433 δύο
1424 2368 1736 2448 ςυλλαβὰς
1780 2368 1856 2432 τό
1887 2372 1925 2446 ἦ
1959 2369 2419 2448 παραλήγοντα
2451 2369 2819 2452 βαρύνεται,
2864 2391 3056 2450 προ-

470 2474 767 2555 πρήων,
815 2471 1153 2554 ξυνήων,
1199 2470 1534 2552 παιήων,
1581 2469 1807 2548 Ἰήων.
3095 2482 3164 2532 20

636 2576 731 2641 Τὰ
776 2576 865 2641 εἰς
911 2578 1030 2643 ἰῶν
1074 2571 1528 2654 πατρωνυμικὰ
1572 2572 1674 2636 καὶ
1729 2570 1946 2636 ἐθνικὰ
1999 2573 2099 2637 καὶ
2146 2573 2595 2652 ὑποκοριςτικὰ
2651 2574 3057 2656 βαρύνονται,

474 2677 859 2760 Κρονίων,
923 2676 1367 2758 Πριαμίων,
1437 2673 1788 2756 Μολίων,
1855 2673 2224 2742 Αἰολίων·
2303 2675 2366 2740 οἱ
2435 2676 2557 2754 γὰρ
2633 2676 2750 2754 τὴν
2819 2675 3057 2756 Λὲςβον

470 2784 913 2847 κατοικοῦντες
981 2781 1230 2846 Αἰολεῖς
1304 2778 1407 2843 καὶ
1476 2776 1820 2842 Αἰολίωνες
1888 2775 2332 2856 ὀνομάζονται.
2441 2779 2953 2857 Βουπραςίων
3020 2778 3058 2843 6

472 2884 873 2963 Βουπράςιον
927 2883 1118 2949 πόλιν
1175 2885 1286 2960 τῆς
1337 2880 1600 2944 Ἤλιδος
1653 2883 2002 2961 κατοικῶν,
2069 2879 2316 2956 λέγεται
2376 2880 2447 2943 δὲ
2501 2881 2603 2943 καὶ
2660 2881 3059 2960 Βουπράςιος

470 2988 570 3050 καὶ
616 2985 1076 3067 Βουπραςιεύς,
1122 2981 1432 3049 Ὠςτίων
1478 2982 1667 3046 ἔθνος
1712 2979 1887 3059 παρὰ
1931 2986 2023 3066 τῷ
2068 2986 2300 3073 δυτικῷ
2345 2981 2609 3066 ὠκεανῷ
2622 3030 2640 3063 ,
2687 2983 2802 3047 οὓς
2848 2983 3053 3047 Κοςςί-
3093 2991 3161 3042 25

470 3109 626 3154 νους
671 3086 1127 3168 Ἀρτεμίδωρός
1182 3105 1364 3167 φηςι,
1407 3082 1664 3149 Πυθέας
1719 3082 1789 3147 δὲ
1838 3080 2188 3148 Ὠςτιαίους
2235 3084 2525 3148 «τούτων
2584 3082 2651 3147 δ’
2695 3083 2761 3150 ἐξ
2817 3084 3058 3149 εύωνύ-

473 3307 767 3374 Ἀμυθάων
807 3326 872 3360 ex
909 3309 986 3360 St.
1012 3311 1073 3363 B.
1108 3310 1193 3373 87,
1235 3310 1313 3358 14.
1367 3326 1382 3336 ·
1449 3306 1486 3357 l.
1522 3309 1555 3358 9
1593 3306 1874 3357 Canonem
1910 3305 1977 3357 de
2015 3305 2393 3372 plurisyllabis
2427 3307 2485 3357 in
2521 3307 2636 3358 ἐἴν
2675 3308 2955 3372 composui
2991 3323 3060 3357 ex

469 3378 665 3430 Choer.
695 3381 787 3441 72,
815 3381 869 3441 1,
907 3393 1232 3444 quamquam
1259 3376 1350 3426 hie
1388 3390 1647 3440 perverse
1678 3373 2077 3439 andronymiea
2102 3380 2345 3440 oxytona
2370 3391 2493 3433 esee
2522 3375 2677 3439 dicit,
2703 3375 2787 3425 ita
2810 3380 2872 3425 ut
2898 3391 3058 3426 exee-

469 3447 688 3512 ptiones
724 3447 1024 3497 seeundum
1062 3445 1283 3496 Arcadii
1317 3443 1529 3494 indicia
1565 3442 1841 3494 adderem.
1999 3442 2033 3493 1.
2074 3446 2133 3494 11
2178 3441 2473 3495 Γελέοντες
2511 3472 2573 3478 -
2611 3441 2834 3495 παίδων
2872 3458 2939 3494 ex
2976 3442 3057 3494 St.

467 3516 531 3574 B,
565 3517 659 3577 41,
696 3517 744 3564 2.
815 3512 1138 3566 Ποςειδέων
1184 3512 1401 3578 explevi
1446 3528 1514 3562 ex
1558 3512 1638 3563 Io.
1681 3509 1837 3562 Alex.
1873 3512 1930 3574 6,
1968 3513 2028 3573 8,
2079 3516 2358 3576 oxytonon
2402 3509 2727 3564 Ποςειδεών
2772 3510 2954 3561 adieci
2990 3527 3057 3561 ex

469 3585 593 3633 Are.
633 3585 714 3646 18,
751 3585 801 3645 9,
838 3580 1094 3647 ἀνδρεών
1132 3597 1197 3632 ex
1234 3580 1482 3646 Theogn.
1520 3582 1603 3642 28,
1640 3581 1706 3630 25
1741 3578 1945 3629 collato
1980 3579 2183 3632 Aread.
2223 3583 2302 3642 15,
2338 3582 2398 3643 4,
2436 3578 2772 3645 παρθενεών
2810 3579 3058 3645 Theogn.

469 3652 554 3714 28,
592 3652 676 3714 29,
713 3648 978 3714 πορθεών
1017 3649 1231 3711 choen,
1269 3646 1496 3709 λυμεών
1532 3644 1804 3699 ἀπατεών
1829 3647 2077 3712 Theogn.
2115 3648 2149 3698 l.
2177 3650 2242 3700 27
2280 3654 2337 3698 et
2361 3652 2427 3700 28
2464 3649 2559 3713 (ef.
2585 3650 2725 3701 Lob.
2752 3648 2823 3698 ad
2849 3649 3055 3698 Buttm.

472 3719 526 3770 II
551 3735 602 3784 p.
631 3722 774 3780 443).
823 3715 1113 3782 ἀνθερεών
1152 3714 1369 3768 κενεών
1408 3732 1474 3766 ex
1498 3715 1747 3780 Theogn.
1776 3716 1869 3775 28,
1896 3718 1961 3765 25
1996 3714 2200 3766 collato
2224 3717 2347 3767 Arc.
2377 3719 2466 3779 12,
2498 3719 2575 3768 12.
2629 3714 2834 3770 Ἐλεών
2871 3732 2937 3766 ex
2977 3716 3055 3767 St.

470 3789 531 3837 B.
568 3789 686 3850 266,
729 3790 790 3837 16
825 3787 1026 3837 collato
1061 3788 1188 3836 Are.
1227 3788 1308 3845 17,
1345 3787 1405 3845 3;
1454 3781 1696 3835 Μεδεών
1744 3799 1810 3832 ex
1859 3782 1940 3832 St.
1979 3783 2041 3835 Β.
2078 3786 2204 3847 439,
2246 3788 2335 3847 19,
2384 3783 2697 3836 Ξυπετεών
2748 3801 2814 3835 ex
2862 3784 3054 3835 eodem

468 3858 587 3919 481,
624 3858 706 3918 21,
739 3856 838 3919 ,ubi
875 3854 907 3905 6
945 3853 1193 3920 δημότης
1231 3849 1541 3905 Ξυπετεών
1579 3850 1658 3902 ὼς
1695 3848 2002 3914 Μακεδών,
2042 3867 2139 3917 pro
2175 3868 2282 3918 quo
2318 3854 2435 3903 iure
2462 3852 2775 3904 Meinekius
2812 3850 3054 3903 Μεδεών

471 3923 821 3974 scribendum
856 3926 1183 3989 suspicatur.
1419 3921 1454 3971 l.
1494 3923 1557 3971 19
1594 3936 1770 3971 canon
1808 3918 1876 3968 de
1914 3919 2202 3984 bisyllabis
2238 3921 2296 3970 in
2330 3922 2455 3985 ῆιΐν
2492 3922 2911 3985 praetermissus
2949 3925 3052 3983 est,

472 4006 634 4056 quum
671 3988 873 4057 πρηών
910 3997 967 4041 et
1004 3988 1189 4054 Μήων
1226 3986 1555 4039 dialecticae
1593 3988 1807 4054 speeies
1843 3987 1971 4037 sint.
2045 3988 2325 4039 Cauonem
2372 3989 2441 4040 de
2483 3987 2951 4054 hyperdisyllabis
2985 4004 3067 4038 ex.

469 4062 592 4110 Arc.
635 4063 716 4123 11,
754 4062 846 4121 21,
885 4060 980 4109 ubi
1032 4057 1105 4110 τὰ
1151 4056 1229 4110 εἰς
1276 4060 1358 4109 ων
1404 4055 1701 4122 βαρύνεται
1756 4052 2013 4121 παιήων,
2062 4053 2312 4119 ξυνήων,
2369 4056 2473 4107 hue
2533 4057 2679 4107 traxi
2735 4060 2791 4106 et
2837 4054 3051 4120 explevi

472 4144 536 4177 ex
577 4128 771 4179 Choer.
810 4131 870 4180 71
931 4130 996 4179 32
1034 4132 1091 4178 et
1126 4127 1374 4192 Theogn.
1410 4128 1494 4187 29,
1529 4126 1578 4187 7,
1620 4122 1778 4189 Ἰήων
1815 4125 2050 4175 accessit
2086 4140 2155 4175 ex
2192 4124 2271 4175 St.
2311 4126 2373 4175 Β.
2410 4127 2528 4186 322,
2567 4128 2649 4175 21.
2789 4122 2825 4173 l.
2852 4122 2915 4172 21
2952 4124 3053 4174 Ar-

471 4196 617 4246 cadii
652 4212 829 4247 canon
867 4166 972 4257 (17,
1010 4196 1098 4257 24)
1148 4196 1227 4245 sic
1273 4194 1546 4261 procedit:
1592 4191 1665 4244 τὰ
1710 4190 1788 4244 εἰς
1827 4194 1913 4243 θῖν’
1950 4191 2266 4256 ςυγκριτικὰ
2313 4193 2403 4244 καὶ
2447 4189 2845 4256 ύποκοριςτικὰ
2890 4190 3052 4254 βαρύ-

471 4278 651 4328 νεται,
717 4261 1012 4328 Ἀτρείων,
1077 4259 1356 4327 Κρονίων,
1420 4258 1684 4323 Μολίων,
1742 4259 2098 4326 Ἡφαιςτίων.
2186 4261 2251 4311 In
2312 4267 2609 4327 praecepto
2670 4261 2787 4326 ipso
2848 4259 3053 4310 excidit

472 4330 876 4397 πατρωνυμικά
919 4338 978 4383 et
1020 4331 1168 4382 inter
1210 4331 1464 4396 exempla
1519 4328 1913 4381 desiderantur
1954 4325 2284 4393 ςυγκριτικά.
2363 4330 2633 4395 Equidem
2687 4342 2948 4378 canonem
2994 4328 3051 4376 in

473 4400 724 4452 diversas
758 4399 1064 4466 particulas
1101 4400 1386 4461 distribui,
1423 4400 1722 4462 seiungens
1757 4401 1977 4449 nomina
2012 4400 2071 4449 in
2106 4399 2242 4449 ἔι-ων
2276 4413 2309 4446 a
2334 4397 2616 4449 vocabulis
2650 4397 2708 4447 in
2732 4397 2854 4459 ἰῶν,
2892 4411 3051 4461 porro

470 4470 842 4535 comparativa
878 4470 1114 4531 nomina,
1154 4483 1316 4534 quum
1351 4470 1410 4519 in
1445 4467 1516 4518 iis
1553 4466 1724 4516 etiam
1760 4467 2032 4532 quaedam
2076 4481 2317 4519 consona
2362 4465 2654 4531 praefinita
2691 4464 2829 4528 sint,
2866 4465 2924 4514 in
2962 4478 3053 4513 ex-

471 4541 694 4588 tremam
740 4542 951 4604 partem
996 4537 1156 4602 primi
1202 4536 1330 4587 libri
1374 4533 1636 4601 relegavi.
1719 4534 1829 4584 Sed
1878 4534 2068 4586 addidi
2111 4552 2208 4601 pro
2249 4539 2334 4584 ter
2382 4534 2651 4585 voeabula
2691 4549 2725 4583 a
2773 4531 3053 4597 Stephano

471 4605 649 4657 relata
683 4607 742 4656 in
778 4606 950 4672 primo
988 4605 1054 4655 de
1090 4604 1403 4671 nominibus
1438 4605 1496 4654 in
1531 4605 1636 4654 ἴων
1673 4618 1881 4654 canone
1919 4601 2121 4655 ἐθνικά.
2227 4600 2465 4668 ριαμίων
2502 4619 2568 4652 ex
2605 4601 2852 4666 Theogn.
2879 4602 2962 4662 27,
2987 4602 3053 4650 22

471 4674 669 4737 adieci,
707 4670 942 4726 Μολίων
979 4690 1099 4724 eum
1135 4674 1271 4726 Lob.
1320 4673 1391 4724 ad
1426 4673 1511 4724 Ai.
1551 4675 1647 4724 173
1682 4676 1797 4722 not.
1831 4674 1899 4722 23
1942 4687 2039 4737 pro
2076 4670 2309 4733 μωτίων
2353 4671 2578 4735 scripsi,
2624 4669 2880 4721 Dindorf.
2919 4666 3054 4720 Μω-

473 4739 637 4804 ρίων,
677 4742 938 4793 Schmidt.
986 4739 1227 4808 Μητίων
1272 4741 1362 4792 vel
1400 4738 1636 4792 Εωτίων
1680 4741 1954 4805 proponit.
2025 4737 2268 4791 Αίολίων
2314 4755 2382 4790 ex
2428 4740 2509 4791 St.
2550 4739 2612 4788 B.
2650 4741 2740 4800 53,
2783 4739 2871 4800 14,
2919 4734 3055 4787 Bou-

472 4808 723 4872 πραςίων
762 4827 828 4861 ex
865 4809 1058 4862 eodem
1097 4811 1210 4873 182,
1253 4811 1329 4869 18,
1371 4806 1604 4860 Ὠςτίων
1641 4810 1773 4859 item
1809 4823 1878 4859 ex
1914 4823 1968 4873 p.
1993 4810 2109 4871 712,
2147 4812 2230 4873 21,
2269 4804 2488 4860 Ξενίων
2526 4834 2589 4841 μ·
2627 4805 2962 4870 Τυραννίων
2988 4821 3055 4856 ex

472 4878 716 4944 Theogn.
752 4881 837 4943 27,
873 4881 955 4928 27.

2562 4956 2653 5021 2*
