3664 5546
657 393 783 456 478
1596 392 1678 446 ΕΚ
1717 392 1856 446 ΤΩΝ
1899 393 2308 447 ΗΡΩΔΙΑΝΟΥ

659 560 1011 640 ἐμαυτόν.
1101 559 1339 640 ὁμοίως
1394 562 1499 625 ἐπὶ
1553 561 1860 638 δευτέρου
1917 563 2020 625 καὶ
2074 563 2292 640 τρίτου
2349 563 2451 626 καὶ
2505 562 2608 626 ἐπὶ
2659 565 2951 641 θηλυκῶν
2996 560 3255 641 ὁμοίως.

656 663 721 727 αἱ
761 663 885 740 γὰρ
931 662 1263 740 ούδέτεραι
1309 663 1467 726 κατὰ
1497 663 1752 740 γενικὴν
1785 663 1889 726 καὶ
1919 665 2177 742 δοτικὴν
2208 671 2300 748 τῷ
2332 662 2643 749 ἀρςενικῷ
2677 663 3165 746 ὁμοφωνοῦςιν,
3215 664 3256 741 ἡ

658 766 729 828 δὲ
773 763 1074 842 αἰτιατική
1119 769 1251 828 τῶν
1299 765 1660 843 οὐδετέρων
1708 765 2100 829 ἐκλέλοιπεν.
2189 765 2328 829 ἐπεὶ
2385 767 2726 845 ὁμόφωνοι
2782 767 2896 845 μὲν
2942 766 3012 830 ἐν
3066 765 3253 829 οὐδε-

657 866 868 944 τέροις
927 865 967 942 ἡ
1025 865 1242 929 εὐθεῖα
1286 867 1388 929 καὶ
1431 865 1766 949 αἰτιατική,
1826 865 2144 931 οὐδέποτε
2201 868 2271 931 δὲ
2328 867 2545 932 εὐθεῖα
2595 868 2994 946 ἀντωνυμία(
3051 867 3254 931 ςυντί-

583 992 615 1040 5
660 972 867 1047 θεται,
924 965 1108 1031 ἔνθεν
1155 968 1543 1032 ςυνεκλείπει
1596 967 1634 1044 ἡ
1690 967 2013 1046 αἰτιατική.
2103 968 2156 1032 εἰ
2214 957 2496 1037 δὲ“ἅπαξ
2553 991 2683 1034 που
2738 969 2901 1047 παρ’
2951 968 3255 1052 Εὐριπίδῃ

659 1067 917 1146 εὕρηται
961 1070 1037 1132 τὸ
1085 1070 1365 1133 ςεαυτό
1412 1068 1522 1152 (fr.
1569 1069 1695 1132 694
1740 1068 2008 1152 Nauck)

2076 1171 2179 1236 εἶα
2223 1174 2335 1256 δή,
2382 1173 2579 1254 φίλον
2623 1175 2818 1240 ξύλον

1367 1272 1573 1352 ἔγειρε
1620 1295 1725 1353 μοι
1771 1275 1999 1366 ςεαυτό

657 1377 757 1464 καὶ
812 1377 987 1454 παρὰ
1030 1375 1341 1454 Φιλήμονι
1395 1376 1470 1438 τὸ
1516 1375 1707 1458 αὐτό,
1764 1375 1906 1440 ἀλλ’
1963 1377 2042 1440 οὐ
2099 1379 2173 1441 τὸ
2230 1378 2500 1444 ςπὰνιον
2551 1382 2671 1442 τοῦ
2716 1378 2878 1442 ὅλου
2923 1378 3256 1457 κατέςτηςε

560 1488 622 1538 10
658 1478 951 1542 κανόνας.

826 1579 898 1642 Ἡ
945 1578 982 1642 6
1029 1581 1198 1642 δεῖν
1243 1583 1649 1662 περιςπᾶται,
1695 1581 1970 1645 κλίνεται
2017 1583 2088 1645 δὲ
2117 1585 2235 1645 τοῦ
2266 1585 2479 1646 δεῖνος
2514 1588 2606 1666 τῷ
2652 1585 2843 1664 δεῖνι,
2888 1583 3005 1646 τὸν
3049 1585 3253 1647 δεῖνα.

654 1681 694 1773 ᾐ
741 1679 778 1743 6
827 1683 1054 1744 δεῖνα
1098 1684 1631 1763 προπεριςπᾶται,
1689 1683 1964 1746 κλίνεται
2010 1684 2082 1746 δὲ
2125 1687 2243 1746 τοῦ
2289 1683 2613 1767 δείνατος,
2671 1691 2764 1767 τῷ
2810 1683 3062 1749 δείνατι.
3136 1683 3256 1747 εἰςὶ

656 1763 728 1844 δε
773 1783 980 1846 κοιναὶ
1022 1787 1154 1845 τῶν
1198 1788 1392 1859 τριῶν
1434 1787 1663 1857 γενῶν.

824 1883 897 1946 Αἱ
952 1885 1228 1961 κτητικαὶ
1280 1888 1412 1948 τῶν
1466 1883 1920 1967 ἀντωνυμιῶν,
1977 1885 2318 1965 ὀνομάτων
2375 1887 2633 1965 ἐχουςαι
2689 1891 3086 1969 χαρακτῆρα,
3143 1889 3250 1951 καὶ

560 1996 619 2044 15
655 1987 771 2062 τὴν
815 1990 946 2049 τῶν
992 1985 1335 2064 ὀνομάτων
1382 1985 1734 2061 ἀναλογίαν
1781 1985 2051 2064 ἔχουςιν.
2118 1988 2157 2064 ἡ
2205 1991 2318 2068 μὲν
2366 1988 2486 2053 οὖν
2530 1995 2661 2055 τῶν
2707 1989 2934 2054 ἑνικῶν
2979 1989 3252 2054 εὐθειῶν

656 2087 978 2169 ὀξύνεται,
1045 2086 1176 2151 ἀπὸ
1242 2090 1351 2164 τῆς
1408 2087 1564 2166 ἐμοῦ
1623 2086 1660 2150 6
1718 2087 1901 2166 ἐμός
1957 2090 2059 2154 καὶ
2117 2091 2258 2153 κατ’
2313 2089 2706 2156 ἀκολουθίαν
2761 2092 2994 2171 ταύτης
3050 2093 3154 2155 καὶ
3207 2092 3252 2170 ἡ

584 2222 589 2226 -
656 2188 958 2266 αἰτιατική
1003 2191 1219 2271 ἐμόν,
1275 2188 1314 2264 ἡ
1373 2190 1443 2251 δὲ
1500 2191 1715 2267 γενικὴ
1771 2190 1875 2252 καὶ
1929 2192 2144 2269 δοτική
2190 2196 2593 2276 περιςπᾶται,
2651 2194 2875 2276 ἐμοῦ,
2922 2188 3091 2278 ἐμῷ.
3184 2192 3253 2256 οἱ

656 2293 727 2366 δὲ
772 2291 1027 2371 ἀριθμοὶ
1070 2292 1174 2354 καὶ
1225 2291 1304 2354 τὰ
1359 2291 1513 2368 γένη
1559 2289 1936 2356 ἀκολούθως
1981 2297 2356 2378 τονοῦνται,
2416 2295 2507 2359 ὡς
2565 2297 2667 2359 καὶ
2709 2296 2788 2358 τὰ
2833 2295 2922 2359 εἰς
2966 2301 3050 2358 οἱ
3095 2294 3250 2360 ὀνό-

654 2414 834 2473 ματα.
922 2393 1161 2472 ὁμοίως
1205 2393 1307 2455 καὶ
1350 2393 1387 2469 ἡ
1434 2393 1562 2456 ςός
1606 2394 1710 2456 καὶ
1754 2393 1897 2457 ἑός.

552 2507 620 2557 20
821 2496 896 2560 Αἱ
951 2496 1056 2559 διὰ
1108 2499 1226 2560 τοῦ
1287 2499 1504 2578 τερος,
1575 2494 1808 2560 αἵτινές
1864 2495 1974 2560 εἰςι
2031 2499 2238 2561 δυῖκαὶ
2289 2499 2328 2576 ἢ
2394 2500 2500 2563 καὶ
2552 2499 2995 2583 πληθυντικαί,
3052 2503 3250 2565 πᾶςαι

653 2598 866 2676 τρίτην
924 2598 1055 2662 ἀπὸ
1110 2598 1336 2660 τέλους
1381 2596 1596 2676 ἔχουςι
1639 2600 1755 2675 τὴν
1801 2597 2047 2681 ὀξεῖαν,
2104 2600 2311 2663 δυϊκαὶ
2362 2603 2478 2679 μὲν
2534 2601 2666 2666 ἀπὸ
2720 2605 2832 2679 τῆς
2886 2606 3008 2666 νῶϊ
3061 2603 3247 2668 νωΐ-

652 2720 881 2779 τερος
925 2701 1026 2762 καὶ
1070 2698 1201 2763 ἀπὸ
1246 2703 1358 2777 τῆς
1401 2704 1568 2780 ςφῶϊ
1614 2701 2069 2779 ςφωῖτερος.
2157 2699 2288 2765 ἀπὸ
2342 2702 2465 2782 γὰρ
2522 2706 2635 2782 τῆς
2687 2707 2805 2767 τοῦ
2849 2704 3065 2783 τρίτου
3110 2709 3247 2768 δυῑ-

655 2808 764 2880 κῆς
811 2803 891 2866 ού
922 2804 1160 2878 γίνεται
1205 2804 1454 2881 κτητικὴ
1499 2803 1887 2885 παραγωγή,
1940 2803 2099 2867 διότι
2144 2803 2208 2866 αἱ
2237 2806 2352 2883 μὲν
2382 2809 2500 2869 τοῦ
2542 2807 2760 2885 τρίτου
2805 2810 3013 2872 δυῖκαὶ
3054 2811 3250 2872 πᾶςαι

654 2905 1082 2987 ἐγκλίνονται,
1128 2903 1260 2968 ἀπὸ
1307 2906 1378 2968 δὲ
1424 2904 1895 2983 ἐγκλινομένων
1941 2904 2020 2969 οὐ
2066 2906 2304 2981 γίνεται
2345 2909 2594 2987 κτητικὴ
2640 2907 3022 2988 ἀντωνυμία.
3083 2913 3254 2989 πλη-

550 3025 616 3073 25
653 3008 935 3072 θυντικαὶ
978 3009 1051 3070 δὲ
1094 3006 1225 3069 ἀπὸ
1271 3006 1385 3085 μὲν
1430 3009 1543 3082 τῆς
1585 3008 1765 3085 ἡμῶν
1811 3007 2193 3086 ἡμέτερος
2247 3009 2349 3072 καὶ
2402 3008 2533 3074 ἀπὸ
2577 3014 2690 3087 τῆς
2750 3010 2928 3090 ὑμῶν
2973 3011 3248 3090 ὑμέτε-

542 3144 547 3149 ·
654 3131 788 3188 ρος
832 3111 934 3173 καὶ
979 3108 1109 3173 ἀπὸ
1154 3112 1267 3186 τῆς
1311 3113 1492 3187 ςφῶν
1539 3109 1940 3187 ςφέτερος.
2031 3109 2162 3174 ἀπὸ
2219 3112 2290 3174 δὲ
2342 3114 2455 3189 τῆς
2509 3112 2690 3190 ἡμῶν
2735 3114 2839 3176 καὶ
2882 3107 3062 3193 ὑμῶν
3107 3114 3248 3190 ἐγέ-

654 3234 801 3276 νετο
850 3213 1062 3290 ἐθνικὴ
1106 3212 1491 3294 παραγωγή,
1536 3210 1943 3290 ἡμεδαπός
1987 3213 2089 3274 καὶ
2134 3210 2169 3273 ὑ
2183 3214 2562 3297 μεδαπός,
2607 3214 2842 3281 αἵτινες
2873 3216 3245 3295 ῶξύνθηςαν

654 3424 710 3466 et
746 3418 813 3466 de
849 3415 911 3467 ὅς
944 3416 1116 3479 idern,
1154 3415 1296 3479 quod
1321 3415 1499 3480 Apoll.
1528 3416 1595 3465 de
1629 3431 1783 3480 pron.
1811 3431 1865 3480 p.
1894 3418 1958 3466 59
1984 3417 2255 3481 exposuit.
2372 3419 2409 3468 1.
2437 3422 2468 3468 2
2506 3435 2603 3484 pro
2639 3417 2831 3488 ἄρθρῳ
2867 3421 3063 3486 scripsi
3086 3419 3246 3484 dpce·

652 3487 809 3551 νικῷ.
916 3485 949 3534 l
987 3488 1018 3534 6
1054 3484 1204 3533 locus
1239 3491 1489 3548 sumptus
1528 3491 1612 3534 est
1650 3500 1714 3532 ex
1743 3484 1990 3533 dramate
2026 3486 2264 3549 satyrico
2301 3482 2510 3537 (υλεύς
2547 3493 2694 3537 teste
2727 3489 2988 3539 Eustath.
3017 3491 3132 3551 107,
3157 3492 3245 3552 30,

652 3555 719 3602 de
747 3570 803 3601 re
832 3554 900 3601 cf.
926 3552 1107 3617 Apoll.
1137 3553 1201 3600 de
1228 3568 1381 3616 pron.
1407 3568 1459 3617 p.
1487 3556 1569 3603 93.
1602 3578 1668 3586 —
1706 3552 1739 3603 l.
1778 3554 1842 3600 12
1881 3552 1947 3600 de
1986 3550 2018 3601 6
2043 3552 2198 3602 δεῖνα
2233 3554 2303 3602 cf.
2331 3555 2598 3605 Choerob.
2627 3556 2766 3610 orth.
2794 3559 2912 3622 246,
2940 3559 2967 3605 7
2995 3557 3141 3607 etE.
3166 3558 3245 3608 Μ.

650 3626 768 3684 614,
794 3625 857 3670 47
884 3621 1064 3685 Apoll.
1094 3620 1160 3669 de
1186 3636 1339 3685 pron.
1368 3623 1431 3669 75
1458 3636 1606 3685 seqq.
1711 3619 1748 3672 l.
1775 3622 1838 3669 19
1866 3617 2076 3681 ὁμοίως
2103 3620 2192 3670 καὶ
2225 3622 2260 3682 ἡ
2300 3620 2391 3673 ςός
2426 3623 2518 3674 καὶ
2545 3622 2637 3674 ἑός
2663 3624 2852 3680 addidi
2877 3641 2947 3675 ex
2973 3625 3243 3687 Are.179‚

649 3692 733 3737 25.
759 3715 825 3723 —-
849 3692 932 3737 De
958 3689 1372 3753 pronominibus
1398 3704 1525 3753 poss
1501 3689 1729 3738 sessivis
1765 3688 1835 3736 cf.
1860 3688 2037 3752 Apoll.
2063 3688 2129 3738 de
2157 3704 2308 3752 pron
2339 3694 2453 3744 129.
2476 3718 2544 3726 —
2567 3692 2791 3741 Excidit
2825 3694 2916 3742 hic
2950 3693 3245 3743 annotatio

651 3757 717 3807 de
755 3756 919 3818 ὰμός;
960 3757 1023 3806 ll.
1060 3759 1150 3807 Pr.
1183 3755 1230 3805 Z
1268 3761 1389 3806 110:
1428 3755 1597 3819 ἀμόν;
1635 3754 1960 3819 Δημήτριός
1997 3769 2165 3819 φηςιν
2201 3754 2328 3807 ἀντὶ
2363 3761 2467 3809 τοῦ
2506 3758 2573 3822 ἐμ
2578 3759 2658 3810 όν.
2729 3759 2814 3811 διὸ
2851 3761 2942 3811 καὶ
2978 3760 3242 3824 ἄντικρυς

648 3825 817 3887 ψιλοῖ.
890 3823 1282 3888 πιθανώτερον
1317 3822 1376 3873 δέ
1414 3823 1526 3874 ἐςτι
1563 3824 1980 3888 Δωρικώτερον
2018 3824 2190 3888 εἶναι,
2229 3824 2354 3876 ἀντὶ
2390 3828 2493 3878 τοῦ
2525 3827 2805 3892 ημέτερον
2841 3827 3002 3891 ἁμόν.
3050 3827 3241 3879 οὕτως

653 3891 1035 3944 Ἀπολλώνιος
1074 3895 1162 3957 (de
1202 3908 1354 3973 pron.
1392 3896 1487 3942 142
1532 3900 1589 3942 et
1627 3893 1763 3956 144).
1839 3892 1880 3943 Ν
1921 3896 2012 3942 96:
2061 3891 2229 3955 ἁμάς;
2280 3893 2582 3959 ἡμετέρας·
2628 3894 2698 3945 τὸ
2744 3895 2884 3959 ἁμάς
2930 3894 3240 3947 ἐκτείνεται

648 3960 791 4011 κατὰ
828 3960 921 4010 τὸ
933 3960 1123 4025 τέλος,
1170 3960 1349 4010 καίτοι
1384 3958 1611 4026 Δώριον
1647 3959 1779 4023 ἔχον
1813 3960 1924 4024 τὴν
1961 3959 2073 4024 πρὸ
2110 3960 2306 4012 τέλους
2344 3962 2652 4027 ςυλλαβήν,
2698 3963 2820 4015 ἐπεὶ
2858 3963 3025 4031 ἑνικῷ
3064 3962 3240 4028 παρά-

648 4043 823 4080 κειται
859 4033 943 4096 τῷ
980 4028 1068 4080 διὰ
1104 4032 1206 4080 τοῦ
1245 4032 1281 4092 ῆ
1317 4029 1634 4094 λεγομένῳ,
1673 4028 1849 4092 ἁμήν,
1889 4029 2032 4092 ὅπερ
2069 4028 2384 4095 ὁλόκληρον
2421 4030 2489 4081 ἂν
2525 4031 2597 4095 ῆν
2633 4032 2922 4096 Δωρικόν,
2961 4032 3123 4096 εἰπερ
3162 4030 3240 4083 εἰς

646 4114 717 4149 αν
763 4097 1089 4163 κατέληγεν.
1161 4099 1272 4148 Sed
1316 4098 1670 4147 Herodianus
1716 4112 2044 4161 quamquam
2087 4098 2368 4162 Apollonii
2412 4102 2748 4151 sententiam
2802 4102 2869 4151 de
2923 4103 3238 4166 significatu

648 4168 963 4232 adoptavit,
1015 4175 1199 4217 tamen
1234 4169 1293 4215 in
1331 4168 1504 4215 forma
1542 4165 1875 4229 explicanda
1910 4167 1981 4215 ab
2023 4181 2088 4215 eo
2127 4168 2493 4218 declinavisse
2539 4168 2768 4220 videtur.
2841 4171 2980 4221 Nam
3014 4169 3239 4236 Apollo·

645 4238 769 4286 nius
804 4234 947 4298 ἁμός
985 4252 1051 4284 ex
1089 4234 1356 4297 ἁμέτερος
1401 4250 1499 4299 per
1543 4250 1824 4299 syncopen
1870 4239 2050 4282 ortum
2096 4250 2218 4285 csse
2262 4241 2454 4286 contra
2492 4254 2613 4301 eos»,
2660 4239 2754 4302 qui
2798 4238 3027 4288 duarum
3070 4237 3238 4302 :sy-lla

648 4306 839 4355 barum
877 4305 1245 4354 concisionem
1282 4304 1671 4366 reprobarunt,
1712 4302 2027 4363 contendit,
2063 4302 2414 4354 Herodianus
2451 4310 2661 4367 autem,
2712 4307 2805 4371 qui
2840 4307 2899 4355 in
2934 4303 3000 4356 E.
3037 4309 3112 4359 Μ.
3151 4309 3238 4368 52,

650 4376 712 4423 18
756 4373 961 4422 diserte
1010 4373 1169 4421 dicit·
1217 4371 1291 4437 μὴ
1337 4368 1581 4431 γίνεςθαι
1627 4368 1728 4419 δύο
1774 4370 2068 4431 ςυλλαβῶν
2114 4371 2428 4437 ςυγκοπήν,
2479 4375 3076 4425 metaschematismum
3121 4380 3238 4425 sta-

646 4443 818 4493 tuisse
856 4441 1132 4507 putandus
1169 4450 1271 4490 est.
1315 4466 1381 4473 —
1428 4441 1463 4492 1.
1501 4444 1564 4489 27
1614 4455 1681 4487 ex
1726 4438 1829 4489 hoc
1866 4439 2187 4488 Catholicae
2232 4439 2355 4490 loco
2401 4447 2632 4507 apparet
2668 4442 3044 4495 Herodianum
3091 4444 3236 4494 idem

646 4512 886 4561 sensisse
926 4510 993 4559 de
1031 4506 1319 4572 ἡμεδαπός
1357 4508 1586 4572 reliquis
1622 4514 1790 4575 atque
1826 4507 2179 4572 Apollonium
2214 4508 2280 4557 de
2317 4524 2472 4572 pron.
2512 4514 2577 4562 38
2615 4514 2921 4575 synt.190:
2965 4513 3106 4563 haec
3141 4528 3238 4563 vo-

646 4580 843 4629 cabula
880 4594 989 4627 non
1027 4593 1146 4628 esse
1184 4577 1511 4642 composita,
1562 4575 1659 4625 sed
1705 4576 1981 4641 simplicia
2026 4592 2179 4625 mera
2223 4592 2500 4642 paragoge
2546 4586 2729 4629 aucta.
2802 4581 2983 4643 Quare
3032 4580 3240 4633 falsum

649 4654 763 4712 est,
803 4647 949 4712 quod
986 4647 1044 4695 in
1079 4646 1257 4695 Schol.
1295 4645 1367 4694 ad
1404 4642 1549 4694 11.Ω
1572 4647 1671 4695 657
1708 4644 2029 4695 Herodiano
2063 4646 2388 4710 impingitur
2421 4661 2543 4696 eum
2580 4646 2837 4700 ποδαπός
2873 4665 2942 4699 ex
2977 4652 3139 4701 ποῖος
3179 4656 3241 4701 et

647 4714 894 4767 δάπεδον
933 4717 1291 4780 compositum
1326 4714 1616 4777 habuisse,
1655 4712 1799 4777 quod
1836 4714 1983 4778 fugit
2018 4713 2263 4766 Lobeck.
2302 4715 2373 4764 ad
2406 4715 2496 4766 Ai.
2527 4718 2643 4767 402.
2691 4720 2891 4769 Veram
2926 4719 3236 4769 Herodiani

648 4789 986 4836 sententiam
1022 4785 1214 4834 retulit
1252 4786 1419 4834 etiam
1454 4785 1790 4849 Epimerista
1828 4782 1917 4834 Cr.
1954 4785 1982 4833 1
2019 4786 2146 4849 398,
2184 4772 2249 4835 3'2
2284 4783 2629 4850 τηλεδαπό(;
2679 4786 2859 4852 ὄνομα
2900 4786 3238 4840 ἐπιθετικόν.

650 4880 798 4932 τινες
836 4880 894 4932 δ
932 4875 1196 4948 ὼήθηςαν
1226 4874 1300 4925 τὸ
1338 4875 1547 4937 ἔδαφος
1582 4874 1869 4937 ἐγκεῑςθαι.
1907 4873 2144 4938 ἀλόγως.
2182 4876 2496 4942 παραγωγὴ
2522 4873 2629 4939 γάρ
2664 4873 2776 4927 ἐςτι
2811 4875 2899 4928 διὰ
2922 4878 3026 4926 τοῦ
3050 4875 3234 4926 bano<
