3664 5546
626 383 748 449 178
1560 383 1641 442 ΕΚ
1680 385 1820 442 ΤΩΝ
1863 385 2272 442 ΗΡΩΔΙΑΝΟΥ

621 555 838 635 μέντοι
883 555 1160 621 κοινός
1213 558 1496 636 τριγενὲς
1553 557 1764 639 ὥςπερ
1817 558 1895 624 τὸ
1953 558 2374 640 δαφοινός,
2430 555 2845 639 κελαινός,
2901 558 3206 640 καινός,

619 658 856 725 αἰνός.

787 761 882 826 Τὰ
926 762 1015 828 εἰς
1058 765 1175 830 ν-ος
1219 761 1556 849 διφθόγγῳ
1598 761 2100 844 παραληγόμενα
2153 769 2230 849 τῇ
2288 763 2395 828 διὰ
2436 765 2554 827 τοῦ
2614 766 2651 824 ῡ
2695 766 3015 843 μονογενῆ
3061 763 3205 833 ὀξύ-

617 884 873 948 νονται,
941 865 1238 932 καυνός
1305 867 1406 930 καὶ
1476 864 1773 932 Καυνός
1834 865 2021 931 πόλις
2090 865 2318 945 Καρίας
2380 864 2748 944 ὁμοφώνως
2798 872 2913 950 τῷ·
2954 865 3204 951 οἰκιςτῇ.

556 974 589 1025 5
620 965 746 1031 ἔςτι
791 967 895 1031 καὶ
937 966 1100 1048 ἄλλη
1143 967 1333 1034 πόλις
1378 968 1449 1034 ἐν
1498 967 1716 1052 Κρήτῃ.
1772 966 2119 1044 γλαυνός
2163 965 2288 1051 (Ῥ),
2335 965 2654 1050 βαυνός,
2700 966 2862 1046 ὅπερ
2907 967 2970 1032 οἱ
3014 969 3247 1033 Ἀττι-·

616 1069 720 1133 κοὶ
766 1069 1139 1155 βαρύνουςι,
1200 1070 1566 1149 κρουνός·
1622 1068 1734 1135 εἰςὶ
1778 1071 1882 1134 καὶ
1929 1068 2263 1148 Κρουνοί
2305 1068 2492 1134 πόλις
2537 1068 2608 1133 ἐν
2650 1074 2743 1154 τῷ
2786 1069 3027 1155 Πόντῳ
3070 1070 3202 1137 ἀπὸ

613 1175 725 1251 τῆς
767 1176 900 1237 τῶν
945 1165 1201 1238 ὑδάτων
1246 1176 1619 1251 καταρροῆς.
1690 1170 2015 1254 βουνός,
2060 1169 2462 1251 κεραυνός.
2530 1172 2606 1236 τὸ
2653 1171 2868 1250 μέντοι
2912 1176 3204 1252 χαῦνος

612 1273 911 1352 τριγενές.
977 1276 1079 1340 καὶ
1121 1276 1424 1341 Χαῡνος
1465 1274 1660 1340 ἔθνος
1691 1274 2138 1353 Θεςπρωτικὸν
2180 1309 2267 1321 ——-
2305 1272 2556 1338 Ῥιανὸς
2594 1272 2877 1358 τετάρτῳ
2909 1274 3202 1340 Θεςςαλι-

611 1379 743 1441 κῶν
790 1376 1155 1456 «Κεςτρῑνοι
1202 1378 1442 1443 Χαῦνοί
1484 1397 1554 1441 τε
1597 1377 1700 1441 καὶ
1742 1375 2089 1456 αὐχήεντες
2129 1376 2409 1442 Ἐλινοι»
2452 1410 2539 1421 -
2582 1374 2936 1455 βαρύνεται.
3007 1377 3084 1442 τὸ
3129 1378 3203 1441 δὲ

512 1482 578 1535 10
611 1477 708 1542 πύ
725 1497 1013 1556 ραυνος
1057 1478 1095 1542 ὁ
1140 1477 1505 1559 χυτρόπους
1548 1478 2105 1558 προπαροξύνεται
2164 1478 2255 1543 ὡς
2306 1478 2411 1543 καὶ
2452 1475 2711 1552 Λούγδ
2728 1497 2870 1542 ουν
2886 1498 2968 1543 ος
3011 1478 3201 1544 πόλις
3304 1568 3311 1573 .

615 1580 1130 1658 Κελτογαλατίας.
1202 1581 1608 1661 Πτολεμαῖος
1651 1581 1723 1647 ἐν
1765 1579 2091 1666 περίπλῳ,
2134 1581 2237 1647 καὶ
2268 1580 2665 1659 Βέρουνος
2708 1578 2968 1660 Ἰταλικὴ
3012 1580 3200 1648 πόλις

611 1684 840 1762 μεταξὺ
885 1688 1016 1749 τῶν
1064 1682 1387 1768 Νωρικῶν.

776 1785 870 1851 Τὰ
913 1786 1003 1852 εἰς
1044 1787 1211 1853 διν-ος
1255 1788 1371 1850 τοῦ
1414 1788 1456 1849 ἇ
1499 1785 1768 1866 βραχέος
1812 1784 2038 1863 ὄντος,
2095 1783 2151 1849 εἰ
2193 1785 2275 1864 μὴ
2321 1783 2562 1865 θηλυκὰ
2606 1782 2776 1867 ἔχοι,
2833 1783 2889 1849 εἰ
2941 1786 3023 1864 μὴ
3068 1786 3197 1864 πρὸ

606 1890 725 1952 τοῦ
771 1890 813 1951 ἇ
866 1888 942 1954 τὸ
987 1874 1024 1952 δ
1067 1888 1108 1966 ἢ
1161 1890 1196 1953 ἒ
1238 1889 1276 1967 ἢ
1333 1914 1371 1955 υ
1425 1887 1736 1971 ὑπάρχοι,
1792 1886 2384 1970 προπαροξύνεται,
2442 1886 2868 1970 ςτέφανος,
2934 1887 3195 1967 κλίβα-

508 1994 570 2046 15
607 2010 778 2073 voc,
827 1989 1169 2070 λίβανος.
1245 1990 1373 2055 ἔςτι
1417 1990 1895 2071 καὶΛίβανος
1940 1988 2097 2067 ὄρος
2140 1992 2253 2067 τῆς
2298 1988 2553 2073 (υρίας,
2599 1987 2923 2072 χόανος,
2967 1989 3198 2068 γέρα-

605 2111 772 2174 νος,
817 2091 1251 2157 πλάτανος·
1305 2091 1434 2157 ἔςτι
1478 2094 1551 2157 δὲ
1594 2093 1698 2157 καὶ
1737 2090 2148 2157 Πλάτανοι
2193 2089 2382 2156 πόλις
2424 2091 2754 2173 Φοινίκης,
2811 2090 3198 2168 Ὀλγανος

605 2191 743 2258 υἱὸς
790 2193 1100 2278 Βέρητος,
1157 2192 1285 2275 ἀφ’
1342 2192 1422 2261 οὗ
1477 2194 1769 2275 ποταμὸς
1824 2193 2196 2277 ἐπώνυμος,
2259 2193 2659 2258 Κάντανος
2712 2192 2899 2259 πόλις
2958 2193 3197 2272 Κρήτης

606 2294 697 2359 ὡς
739 2293 1007 2360 Ξενίων.
1094 2295 1395 2361 Ἰτανος
1438 2296 1626 2361 πόλις
1671 2295 1740 2362 ἐν
1790 2295 1993 2381 Κρήτῃ
2040 2294 2408 2377 ὁμοφώνως
2462 2301 2556 2380 τῷ
2602 2294 2868 2380 οἰκιςτῇ,
2925 2295 3044 2360 κοί
3060 2315 3194 2374 ρα-

601 2415 764 2462 νος·
809 2396 937 2463 ἔςτι
981 2398 1084 2463 καὶ
1127 2398 1350 2477 κύριον
1408 2398 1618 2480 ὄνομα
1661 2398 1963 2479 μάντεως.
2053 2399 2454 2478 ςεςημείωται
2510 2399 2587 2462 τὸ
2632 2397 3002 2481 πελανός,
3058 2397 3192 2462 ού-

500 2504 569 2557 20
603 2498 858 2577 ρανός.
948 2498 1238 2566 Ἀλκαῖος
1294 2501 1365 2565 δὲ
1401 2502 1513 2579 ,καὶ
1556 2501 1645 2566 εἰς
1688 2504 1743 2565 ὦ
1787 2499 2217 2581 ἀποφαίνεται
2261 2501 2337 2566 τὸ
2382 2499 2623 2582 ὄνομα,
2679 2498 2931 2578 ὠρανός
2983 2500 3192 2577 λέγων

601 2601 762 2667 κατὰ
804 2603 1055 2682 τροπὴν
1097 2606 1211 2681 τῆς
1255 2606 1340 2666 δῦ
1385 2605 1747 2684 διφθόγγου
1793 2603 1883 2669 εἰς
1936 2605 2013 2669 τὸ
2057 2607 2113 2668 ὦ
2156 2603 2262 2668 καὶ
2315 2601 2473 2668 ἄνευ
2517 2604 2635 2667 τοῦ
2680 2603 2719 2666 ῡ
2764 2600 3015 2680 ὀρανός.
3089 2604 3195 2667 καὶ

602 2701 849 2785 (απφώ
908 2705 1168 2787 «ψαύην
1225 2705 1292 2769 δ’
1337 2704 1417 2771 ού
1464 2706 1777 2788 δοκίμωμ’
1820 2705 2042 2785 ὀράνω
2086 2704 2513 2786 δυςαπάχεα».
2604 2702 2928 2770 (ικανός
2970 2703 3191 2770 ἔθνος·

600 2805 727 2872 ἔςτι
788 2808 892 2872 καὶ
944 2808 1234 2889 ποταμὸς
1278 2808 1571 2894 Ἰβηρίας,
1627 2810 1717 2875 ὥς
1772 2829 1965 2890 φηςιν
2009 2808 2520 2887 Ἀπολλόδωρος.
2606 2806 2683 2871 τὸ
2740 2808 2811 2871 δὲ
2862 2807 3192 2872 πιθανός

600 2907 732 2988 ἔχει
788 2910 1080 2988 θηλυκόν.
1168 2910 1245 2976 τὸ
1301 2912 1373 2975 δὲ
1420 2896 1504 2976 «δ
1545 2912 1673 2989 πρὸ
1717 2915 1836 2976 τοῦ
1882 2913 1963 2974 ἃ»
2012 2911 2117 2975 διὰ
2145 2911 2226 2975 τὰ
2266 2909 2398 2975 ἀπὸ
2428 2912 2545 2973 τοῦ
2577 2913 2803 2991 δανος,
2848 2908 2947 2973 ὅτι
2976 2907 3191 2974 πάντα

497 3020 563 3070 25
600 3007 921 3095 ὀξύνεται,
975 3009 1172 3092 χωρὶς
1215 3011 1269 3077 εί
1327 3014 1409 3093 μὴ
1453 3011 1683 3093 ὀφθείη
1727 3013 1857 3091 πρὸ
1901 3017 2020 3078 τοῦ
2065 2999 2103 3078 δ
2154 3013 2231 3077 τὸ
2287 3014 2325 3091 ρ
2369 3013 2763 3093 καταλῆγον,
2821 3008 2965 3076 οἷον
3010 3011 3187 3075 ἑδα-

597 3112 818 3179 νόςὸ
863 3113 1054 3197 ἡδύς,
1111 3113 1537 3180 ούτιδανός
1579 3150 1665 3161 -
1709 3114 1773 3179 οἱ
1831 3115 1905 3179 δὲ
1962 3114 2135 3180 οὔτις
2181 3113 2519 3179 οὐτίδανος
2576 3114 2667 3177 ὡς
2713 3110 3059 3192 ούδάμινος
3103 3150 3183 3159 --
3251 3115 3267 3130 ⁶

547 3204 552 3210 ’
599 3214 1039 3282 ἐλλεδανός
1085 3215 1123 3280 ὁ
1169 3217 1573 3299 ςυςτρέφων,
1620 3215 2080 3301 ῥιγεδανός,
2134 3215 2662 3298 πευκεδανός,
2719 3216 3184 3299 ληθεδανός,

599 3539 711 3604 πρὸ
746 3541 851 3605 τῆς
883 3542 948 3592 δί
984 3540 1259 3606 ςυλλαβῆς
1297 3537 1604 3604 ςύμφωνον
1640 3539 1676 3605 ἢ
1702 3537 1980 3605 ςύμφωνα
2003 3537 2266 3605 ὑπάρχει,
2304 3538 2449 3604 φημὶ
2485 3537 2546 3590 δὲ
2580 3536 2670 3589 διὰ
2703 3535 2774 3589 τὸ
2801 3535 2957 3590 Οίός·
2993 3538 3183 3592 οὕτως

596 3607 704 3671 γὰρ
740 3606 966 3670 λέγεται
999 3608 1177 3674 δῆμος
1209 3608 1358 3674 παρ’
1384 3606 1698 3674 Ἀθηναίοις
1733 3609 1868 3660 κατ’
1891 3608 2077 3661 ὀξεῖαν
2101 3606 2257 3659 τάςιν
2281 3636 2346 3643 -
2372 3604 2497 3659 οἷον
2522 3605 2707 3670 οἶκος,
2746 3605 2929 3671 οἶτος,
2968 3607 3179 3672 οἶκτος,

597 3673 784 3739 οἶνος,
832 3675 1010 3740 οἶμος.
1090 3677 1326 3728 Nomina
1371 3678 1592 3743 propria
1642 3676 1841 3729 Καινός
1896 3676 2059 3729 ἔθνος
2104 3674 2369 3741 Θρᾴκιον·
2421 3673 2850 3740 Ἀπολλόδωρος
2903 3678 3182 3741 χρονικῶν

595 3742 855 3811 τετάρτῳ
901 3751 959 3796 et
1004 3743 1275 3798 Καλαινός
1330 3743 1510 3810 κρήνη
1567 3743 1769 3797 Λυκίας
1827 3761 1912 3810 ap.
1962 3745 2154 3810 Steph.
2202 3752 2474 3809 oxytonos
2526 3746 2735 3808 scripta
2787 3751 2931 3795 sunt.
3018 3747 3181 3810 Apud

482 3859 498 3872 ,
594 3812 842 3878 Theogn.
890 3812 1147 3865 κέλαινος
1192 3813 1225 3864 ὁ
1282 3811 1452 3876 μέλας
1495 3814 1810 3870 Lobeckius
1864 3813 2114 3864 lacunam
2167 3828 2290 3863 csse
2333 3814 2633 3865 arbitratur
2686 3812 2769 3861 sic
2824 3812 3180 3878 explendamz

599 3878 863 3934 Κέλαινος
900 3881 1082 3946 ὄνομα
1118 3880 1338 3946 κύριον,
1376 3881 1632 3933 κελαινός
1668 3881 1730 3933 δὲ
1768 3880 1954 3944 μέλας.
2093 3882 2129 3931 1.
2164 3883 2199 3931 4
2242 3880 2333 3934 καὶ
2373 3879 2584 3932 Καυνός
2622 3877 2740 3930 κτλ.
2779 3882 2961 3946 recepi
2997 3896 3064 3931 ex
3100 3882 3181 3934 St.

594 3950 657 4002 B.
695 3951 819 4012 370,
861 3954 917 4013 1,
965 3965 1295 4016 quamquam
1331 3965 1418 4015 ap.
1456 3966 1578 4000 eum
1615 3952 1877 4016 scriptum
1916 3955 2003 4000 est
2040 3948 2281 4014 Καῦνος,
2330 3965 2495 4014 quum
2542 3947 2794 3999 Eustath.
2842 3948 2915 3998 ad
2949 3950 3179 4014 Dionys,

592 4019 692 4067 533
729 4016 764 4080 ή
807 4016 1050 4082 Καῦνος,
1087 4016 1160 4083 ἣν
1199 4016 1540 4082 Ἡρωδιανὸς
1578 4015 1641 4068 ἐν
1675 4021 1746 4084 τῇ
1784 4016 2031 4069 καθόλου
2068 4014 2352 4084 προςῳδίᾳ
2398 4016 2609 4080 ὁξύνει,
2657 4016 2866 4066 referat
2911 4023 2967 4067 et
3011 4019 3179 4067 etiam

592 4084 836 4151 Hesych.
875 4087 1103 4137 habeat:
1142 4085 1350 4137 καυνός
1375 4085 1582 4150 κλῆρος
1605 4085 1697 4138 καὶ
1722 4086 1886 4138 πόλις
1909 4083 2118 4137 Ῥόδου.
2165 4088 2273 4136 Pro
2298 4084 2541 4148 γλαυνός
2577 4085 2893 4148 suspicatur
2918 4085 3181 4136 Schmidt.

591 4152 835 4214 γλουνός
871 4153 1097 4219 χρυςός,
1136 4156 1228 4206 sed
1265 4154 1504 4206 fortasse
1542 4160 1857 4220 corruptum
1902 4159 1989 4204 est
2025 4169 2091 4204 ex
2125 4152 2360 4218 γουνὸς,
2409 4153 2476 4204 de
2523 4167 2630 4219 quo
2666 4152 2873 4201 Herod.
2913 4155 2972 4203 in
3006 4154 3071 4204 E.
3106 4155 3178 4204 M.

593 4223 713 4284 239,
751 4224 782 4273 9
819 4222 939 4273 loco
976 4238 1143 4289 supra
1181 4223 1369 4274 citato.
1445 4220 1680 4287 Κρουνοί
1716 4223 1899 4273 adieci
1934 4238 2003 4273 ex
2039 4223 2118 4275 St.
2154 4223 2239 4287 Β.,
2290 4238 2357 4272 ex
2394 4221 2587 4272 eodem
2621 4219 2838 4273 Χαῦνος
2885 4228 2941 4272 et
2976 4221 3037 4271 in
3070 4221 3177 4273 fine

592 4285 672 4340 ὡς
708 4289 799 4341 καὶ
829 4288 1183 4353 Λούγδουνος
1210 4290 1356 4356 κτλ.,
1396 4306 1523 4342 nam
1560 4291 1629 4341 ad
1653 4296 1944 4342 accentum
1979 4294 2203 4355 spectat
2238 4291 2528 4340 annotatio
2566 4291 2681 4352 165,
2717 4290 2749 4337 6
2787 4285 3060 4353 Βέρουνος
3097 4287 3178 4341 ὡς

590 4355 962 4419 Λούγδουνος.
1102 4362 1140 4413 1.
1177 4362 1243 4410 14
1276 4358 1312 4423 ἢ
1349 4360 1384 4409 ῦ
1421 4360 1617 4425 scripsi
1652 4376 1749 4425 pro
1784 4358 1820 4423 ἢ
1856 4361 1891 4409 T
1928 4373 2049 4409 cum
2083 4359 2223 4409 Lob.
2259 4358 2425 4411 Proll.
2466 4357 2579 4408 181.
2616 4354 2861 4420 ,Λίβανος
2898 4359 3177 4442 proprium

592 4424 775 4476 adieci
813 4442 881 4477 ex
920 4427 999 4478 St.
1035 4428 1129 4490 Β.,
1166 4426 1404 4491 γέρανος
1452 4443 1518 4478 ex
1556 4426 1749 4478 Choer.
1787 4429 1891 4492 Ep.
1940 4432 1999 4476 in
2031 4426 2233 4477 Psalm.
2273 4428 2362 4487 79,
2403 4428 2490 4476 11:
2535 4424 2609 4477 τὰ
2645 4423 2722 4477 εἰς
2758 4426 2859 4478 ’νο-ς
2894 4425 3038 4491 υπὲρ
3075 4425 3178 4477 δύο

590 4492 865 4559 ςυλλαβὰς
901 4492 1106 4559 ἔχοντα
1143 4495 1256 4561 πρὸ
1292 4494 1493 4547 τέλους
1530 4495 1600 4546 τὸ
1637 4496 1675 4545 ἃ
1717 4493 2162 4558 ςυνεςταλμένον
2208 4493 2721 4559 προπαροξύνεται,
2770 4493 2819 4548 εἰ
2862 4494 2936 4559 μὴ
2974 4508 3176 4560 ςχημα-

589 4558 798 4613 τίῑοιτο
836 4560 914 4614 είς
951 4562 1204 4629 θηλυκὸν
1237 4561 1430 4628 γένος,
1470 4562 1748 4627 ςτέφανος
1783 4562 2034 4648 γέρανος.
2105 4559 2471 4627 ςεςημείωται
2506 4562 2576 4613 τὸ
2613 4560 2879 4627 οὐρανός,
2919 4559 3177 4615 (ικανός·
3230 4609 3237 4614 .

588 4625 701 4679 ἔςτι
737 4628 799 4681 δὲ
833 4629 1015 4682 τόπος
1052 4632 1144 4694 (ex
1182 4632 1263 4684 St.
1287 4634 1351 4682 B.
1391 4647 1494 4682 scr.
1527 4631 1832 4694 ποταμὸς).
1867 4628 2091 4696 Ιβηρίας.
2139 4628 2432 4682 Πλάτανοι
2467 4632 2699 4697 apposui
2734 4649 2801 4683 ex
2826 4632 2908 4684 St.
2935 4631 3016 4694 Β.,
3053 4632 3175 4697 ipse

588 4694 877 4750 πλάτανος
912 4700 1203 4763 adficiens,
1243 4714 1308 4749 ex
1346 4699 1539 4750 eodem
1574 4696 1857 4761 Ὄλγανος
1890 4726 1956 4735 —-
1980 4699 2221 4762 Ἴτανος,
2262 4715 2330 4748 ex
2353 4699 2453 4765 Ep.
2482 4700 2569 4750 Cr.
2594 4701 2621 4751 1
2644 4701 2762 4765 369,
2797 4702 2864 4751 22
2899 4696 3203 4763 κοίρανος.-

586 4761 829 4829 οὐρανός
868 4767 1087 4832 explevi
1125 4782 1192 4817 ex
1226 4767 1375 4817 Mon.
1413 4771 1470 4828 7,
1510 4769 1600 4830 18,
1646 4768 1743 4818 ubi
1792 4767 2018 4819 docetur
2054 4764 2295 4832 οὐρανός
2330 4768 2553 4818 unicum
2589 4768 2645 4817 in
2678 4766 2811 4820 ἄνος
2848 4767 3175 4819 vocabulum

587 4846 710 4882 esse
746 4838 877 4883 ante
920 4835 1226 4885 aenultima
1260 4833 1545 4901 producta.
1596 4831 1830 4887 (ικανός
1866 4836 2084 4902 explevi
2117 4852 2186 4885 ex
2220 4834 2299 4886 St.
2324 4834 2387 4884 Β.
2424 4840 2481 4885 et
2515 4834 2711 4886 Choer.
2743 4836 2842 4902 Ep.
2878 4863 2933 4872 —-
2975 4833 3174 4886 ἑδανός

586 4915 685 4964 pro
721 4849 932 4962 ¹¹1va
957 4903 1154 4969 scripsi
1187 4908 1413 4970 propter
1437 4903 1500 4958 Il.
1528 4905 1619 4956 Pr.
1642 4902 1690 4956 Ξ
1715 4905 1840 4966 172,
1877 4900 2176 4955 οὐτιδανὸς
2210 4902 2425 4970 explevi
2451 4919 2517 4955 ex
2543 4905 2607 4958 Il.
2634 4906 2724 4956 Pr.
2748 4904 2792 4957 Α
2817 4906 2949 4988 293,
2971 4916 3173 4955 πευκε-
