<?xml version="1.0" encoding="UTF-8"?>
<!DOCTYPE html PUBLIC "-//W3C//DTD XHTML 1.0 Transitional//EN"
    "http://www.w3.org/TR/xhtml1/DTD/xhtml1-transitional.dtd">
<html xmlns="http://www.w3.org/1999/xhtml" xml:lang="en" lang="en">
 <head>
  <title>
</title>
<meta http-equiv="Content-Type" content="text/html;charset=utf-8" />
  <meta name='ocr-system' content='tesseract 3.04.00' />
  <meta name='ocr-capabilities' content='ocr_page ocr_carea ocr_par ocr_line ocrx_word'/>
</head>
<body>
  <div class='ocr_page' id='page_1' title='image "./grammaticigraec02unkngoog_0596.png"; bbox 0 0 3664 5546; ppageno 0'>
   <div class='ocr_carea' id='block_1_1' title="bbox 561 361 2217 429">
    <p class='ocr_par' dir='ltr' id='par_1_1' title="bbox 561 361 2217 429">
     <span class='ocr_line' id='line_1_1' title="bbox 561 361 2217 429; baseline -0.001 -13"><span class='ocrx_word' id='word_1_1' title='bbox 561 364 692 429; x_wconf 79' lang='lat'>350</span> <span class='ocrx_word' id='word_1_2' title='bbox 1501 362 1584 416; x_wconf 93' lang='grc' dir='ltr'>εκ</span> <span class='ocrx_word' id='word_1_3' title='bbox 1621 362 1762 416; x_wconf 68' lang='lat' dir='ltr'>mn</span> <span class='ocrx_word' id='word_1_4' title='bbox 1803 361 2217 415; x_wconf 75' lang='grc' dir='ltr'>ΗΡΩΔιΑΝοΥ</span> 
     </span>
    </p>
   </div>
   <div class='ocr_carea' id='block_1_2' title="bbox 454 520 3155 3768">
    <p class='ocr_par' dir='ltr' id='par_1_2' title="bbox 454 520 3155 3768">
     <span class='ocr_line' id='line_1_2' title="bbox 557 520 3155 616; baseline -0.002 -18"><span class='ocrx_word' id='word_1_5' title='bbox 557 528 637 598; x_wconf 79' lang='grc' dir='ltr'>’τὸ</span> <span class='ocrx_word' id='word_1_6' title='bbox 683 520 1081 616; x_wconf 58' lang='grc' dir='ltr'>οὐδέτερον,</span> <span class='ocrx_word' id='word_1_7' title='bbox 1122 532 1290 597; x_wconf 84' lang='grc' dir='ltr'>ἅπας</span> <span class='ocrx_word' id='word_1_8' title='bbox 1345 532 1582 615; x_wconf 82' lang='grc' dir='ltr'>ἅπαν,</span> <span class='ocrx_word' id='word_1_9' title='bbox 1640 533 1887 612; x_wconf 91' lang='grc' dir='ltr'>ςύμπας</span> <span class='ocrx_word' id='word_1_10' title='bbox 1940 531 2280 613; x_wconf 93' lang='grc' dir='ltr'>ςύμπαν,</span> <span class='ocrx_word' id='word_1_11' title='bbox 2338 532 2581 595; x_wconf 88' lang='grc' dir='ltr'>τάλας</span> <span class='ocrx_word' id='word_1_12' title='bbox 2625 530 2904 612; x_wconf 83' lang='grc' dir='ltr'><strong>τάλαν,</strong></span> <span class='ocrx_word' id='word_1_13' title='bbox 2961 531 3155 608; x_wconf 88' lang='grc' dir='ltr'>με’λας</span> 
     </span>
     <span class='ocr_line' id='line_1_3' title="bbox 560 636 822 713; baseline 0 -14"><span class='ocrx_word' id='word_1_14' title='bbox 560 636 822 713; x_wconf 85' lang='grc' dir='ltr'>μέλαν.</span> 
     </span>
     <span class='ocr_line' id='line_1_4' title="bbox 729 734 3154 816; baseline -0.002 -15"><span class='ocrx_word' id='word_1_15' title='bbox 729 737 824 802; x_wconf 88' lang='grc' dir='ltr'>Τὰ</span> <span class='ocrx_word' id='word_1_16' title='bbox 867 736 1000 801; x_wconf 83' lang='grc' dir='ltr'>ἀπὸ</span> <span class='ocrx_word' id='word_1_17' title='bbox 1044 741 1175 801; x_wconf 91' lang='grc' dir='ltr'>τῶν</span> <span class='ocrx_word' id='word_1_18' title='bbox 1220 737 1308 802; x_wconf 91' lang='grc' dir='ltr'>εἰς</span> <span class='ocrx_word' id='word_1_19' title='bbox 1352 741 1443 803; x_wconf 64' lang='lat' dir='ltr'>{Tc</span> <span class='ocrx_word' id='word_1_20' title='bbox 1487 739 1649 815; x_wconf 81' lang='grc' dir='ltr'>ὑπὲρ</span> <span class='ocrx_word' id='word_1_21' title='bbox 1694 736 1842 816; x_wconf 87' lang='grc' dir='ltr'>μίαν</span> <span class='ocrx_word' id='word_1_22' title='bbox 1888 738 2205 816; x_wconf 85' lang='grc' dir='ltr'>ςυλλαβήν</span> <span class='ocrx_word' id='word_1_23' title='bbox 2251 735 2561 813; x_wconf 84' lang='grc' dir='ltr'>οὐδέτερα</span> <span class='ocrx_word' id='word_1_24' title='bbox 2614 734 2704 800; x_wconf 88' lang='grc' dir='ltr'>εἰς</span> <span class='ocrx_word' id='word_1_25' title='bbox 2746 736 2833 797; x_wconf 65' lang='grc' dir='ltr'>’ἐν</span> <span class='ocrx_word' id='word_1_26' title='bbox 2879 735 3154 812; x_wconf 84' lang='grc' dir='ltr'>λήξαντα</span> 
     </span>
     <span class='ocr_line' id='line_1_5' title="bbox 559 834 3152 923; baseline -0.001 -21"><span class='ocrx_word' id='word_1_27' title='bbox 559 840 630 904; x_wconf 83' lang='grc' dir='ltr'>ἐν</span> <span class='ocrx_word' id='word_1_28' title='bbox 688 840 804 916; x_wconf 78' lang='grc' dir='ltr'>μὲν</span> <span class='ocrx_word' id='word_1_29' title='bbox 857 844 937 921; x_wconf 84' lang='grc' dir='ltr'>τῇ</span> <span class='ocrx_word' id='word_1_30' title='bbox 992 837 1150 921; x_wconf 84' lang='grc' dir='ltr'>αὐτῇ</span> <span class='ocrx_word' id='word_1_31' title='bbox 1207 842 1484 923; x_wconf 81' lang='grc' dir='ltr'>ςυλλαβῇ</span> <span class='ocrx_word' id='word_1_32' title='bbox 1541 839 1656 903; x_wconf 87' lang='grc' dir='ltr'>τόν</span> <span class='ocrx_word' id='word_1_33' title='bbox 1711 839 1911 902; x_wconf 86' lang='grc' dir='ltr'>τόνον</span> <span class='ocrx_word' id='word_1_34' title='bbox 1970 838 2392 919; x_wconf 89' lang='grc' dir='ltr'>φυλάττουςι,</span> <span class='ocrx_word' id='word_1_35' title='bbox 2438 838 2530 901; x_wconf 94' lang='grc' dir='ltr'>-ού</span> <span class='ocrx_word' id='word_1_36' title='bbox 2586 839 2710 917; x_wconf 85' lang='grc' dir='ltr'>μὴν</span> <span class='ocrx_word' id='word_1_37' title='bbox 2766 838 2838 900; x_wconf 77' lang='grc' dir='ltr'>δὲ</span> <span class='ocrx_word' id='word_1_38' title='bbox 2892 834 2993 901; x_wconf 83' lang='grc' dir='ltr'>ἀεὶ</span> <span class='ocrx_word' id='word_1_39' title='bbox 3035 837 3152 900; x_wconf 89' lang='grc' dir='ltr'>τὸν</span> 
     </span>
     <span class='ocr_line' id='line_1_6' title="bbox 486 938 3154 1022; baseline 0 -22"><span class='ocrx_word' id='word_1_40' title='bbox 486 951 519 999; x_wconf 87' lang='lat'>5</span> <span class='ocrx_word' id='word_1_41' title='bbox 563 939 796 1022; x_wconf 88' lang='grc' dir='ltr'>αὐτόν,</span> <span class='ocrx_word' id='word_1_42' title='bbox 840 940 1125 1020; x_wconf 90' lang='grc' dir='ltr'>φωνήεις</span> <span class='ocrx_word' id='word_1_43' title='bbox 1168 944 1522 1022; x_wconf 82' lang='grc' dir='ltr'>φωνῆεν,</span> <span class='ocrx_word' id='word_1_44' title='bbox 1568 938 2193 1021; x_wconf 74' lang='grc' dir='ltr'>αὐδήειςοαύδῆεν,</span> <span class='ocrx_word' id='word_1_45' title='bbox 2237 940 2537 1018; x_wconf 89' lang='grc' dir='ltr'>χαρίεις</span> <span class='ocrx_word' id='word_1_46' title='bbox 2581 939 2870 1017; x_wconf 69' lang='grc' dir='ltr'>χαρίεν.</span> <span class='ocrx_word' id='word_1_47' title='bbox 2921 939 2999 1001; x_wconf 88' lang='grc' dir='ltr'>τὸ</span> <span class='ocrx_word' id='word_1_48' title='bbox 3028 939 3154 1014; x_wconf 85' lang='grc' dir='ltr'>γὰρ</span> 
     </span>
     <span class='ocr_line' id='line_1_7' title="bbox 561 1040 2440 1121; baseline 0 -16"><span class='ocrx_word' id='word_1_49' title='bbox 561 1041 1143 1119; x_wconf 90' lang='grc' dir='ltr'>προπαροξύτονον</span> <span class='ocrx_word' id='word_1_50' title='bbox 1189 1040 1502 1120; x_wconf 86' lang='grc' dir='ltr'>ἐπίρρημά</span> <span class='ocrx_word' id='word_1_51' title='bbox 1545 1042 1727 1106; x_wconf 80' lang='grc' dir='ltr'>ἑςτιν.</span> <span class='ocrx_word' id='word_1_52' title='bbox 1821 1041 2082 1121; x_wconf 89' lang='grc' dir='ltr'>τυφθείς</span> <span class='ocrx_word' id='word_1_53' title='bbox 2125 1043 2440 1121; x_wconf 70' lang='grc' dir='ltr'>τυφθένε</span> 
     </span>
     <span class='ocr_line' id='line_1_8' title="bbox 731 1140 3151 1233; baseline -0.002 -25"><span class='ocrx_word' id='word_1_54' title='bbox 731 1143 824 1208; x_wconf 87' lang='grc' dir='ltr'>Τὰ</span> <span class='ocrx_word' id='word_1_55' title='bbox 869 1142 958 1206; x_wconf 87' lang='grc' dir='ltr'>εἰς</span> <span class='ocrx_word' id='word_1_56' title='bbox 1003 1148 1069 1208; x_wconf 69' lang='grc' dir='ltr'>εἶ</span> <span class='ocrx_word' id='word_1_57' title='bbox 1116 1144 1426 1233; x_wconf 82' lang='grc' dir='ltr'>οὐδέτερα</span> <span class='ocrx_word' id='word_1_58' title='bbox 1466 1147 1598 1207; x_wconf 91' lang='grc' dir='ltr'>τῶν</span> <span class='ocrx_word' id='word_1_59' title='bbox 1644 1142 1731 1207; x_wconf 84' lang='grc' dir='ltr'>εἰς</span> <span class='ocrx_word' id='word_1_60' title='bbox 1776 1146 1860 1219; x_wconf 74' lang='grc' dir='ltr'>ῆῐ</span> <span class='ocrx_word' id='word_1_61' title='bbox 1905 1140 2234 1207; x_wconf 85' lang='grc' dir='ltr'>ὀξυτόνων</span> <span class='ocrx_word' id='word_1_62' title='bbox 2278 1142 2701 1222; x_wconf 86' lang='grc' dir='ltr'>ὁμοτονοῦςιν</span> <span class='ocrx_word' id='word_1_63' title='bbox 2746 1141 2997 1223; x_wconf 87' lang='grc' dir='ltr'>αὐτοῖς,</span> <span class='ocrx_word' id='word_1_64' title='bbox 3047 1141 3151 1204; x_wconf 87' lang='grc' dir='ltr'>εύ-</span> 
     </span>
     <span class='ocr_line' id='line_1_9' title="bbox 562 1242 3151 1327; baseline -0.002 -18"><span class='ocrx_word' id='word_1_65' title='bbox 562 1246 744 1324; x_wconf 88' lang='grc' dir='ltr'>ςεβής</span> <span class='ocrx_word' id='word_1_66' title='bbox 788 1245 1136 1327; x_wconf 87' lang='grc' dir='ltr'>εὐςεβές,</span> <span class='ocrx_word' id='word_1_67' title='bbox 1194 1244 1434 1322; x_wconf 87' lang='grc' dir='ltr'>ἀληθής</span> <span class='ocrx_word' id='word_1_68' title='bbox 1477 1243 1763 1322; x_wconf 86' lang='grc' dir='ltr'>ἀληθές</span> <span class='ocrx_word' id='word_1_69' title='bbox 1807 1244 1910 1308; x_wconf 85' lang='grc' dir='ltr'>καὶ</span> <span class='ocrx_word' id='word_1_70' title='bbox 1954 1243 2242 1322; x_wconf 84' lang='grc' dir='ltr'>ἄληθες</span> <span class='ocrx_word' id='word_1_71' title='bbox 2295 1245 2457 1323; x_wconf 78' lang='grc' dir='ltr'>παρ’</span> <span class='ocrx_word' id='word_1_72' title='bbox 2502 1245 2804 1308; x_wconf 86' lang='grc' dir='ltr'>Ἀττικοῖς</span> <span class='ocrx_word' id='word_1_73' title='bbox 2859 1244 2934 1306; x_wconf 89' lang='grc' dir='ltr'>τὸ</span> <span class='ocrx_word' id='word_1_74' title='bbox 2979 1242 3151 1320; x_wconf 78' lang='grc' dir='ltr'>ἐπίρ-</span> 
     </span>
     <span class='ocr_line' id='line_1_10' title="bbox 563 1345 3151 1429; baseline -0.001 -20"><span class='ocrx_word' id='word_1_75' title='bbox 563 1366 761 1428; x_wconf 90' lang='grc' dir='ltr'>ρημα,</span> <span class='ocrx_word' id='word_1_76' title='bbox 806 1346 1061 1423; x_wconf 80' lang='grc' dir='ltr'>ἑξαετὴς</span> <span class='ocrx_word' id='word_1_77' title='bbox 1104 1345 1448 1427; x_wconf 86' lang='grc' dir='ltr'>ἑξαετές,</span> <span class='ocrx_word' id='word_1_78' title='bbox 1493 1347 1740 1424; x_wconf 90' lang='grc' dir='ltr'>τριετής</span> <span class='ocrx_word' id='word_1_79' title='bbox 1781 1345 2112 1429; x_wconf 87' lang='grc' dir='ltr'>τριετές,</span> <span class='ocrx_word' id='word_1_80' title='bbox 2158 1346 2469 1425; x_wconf 87' lang='grc' dir='ltr'>αὐτοετής</span> <span class='ocrx_word' id='word_1_81' title='bbox 2504 1346 2913 1427; x_wconf 88' lang='grc' dir='ltr'>αὐτοετές,</span> <span class='ocrx_word' id='word_1_82' title='bbox 2958 1347 3035 1408; x_wconf 90' lang='grc' dir='ltr'>τὸ</span> <span class='ocrx_word' id='word_1_83' title='bbox 3080 1347 3151 1407; x_wconf 81' lang='grc' dir='ltr'>δὲ</span> 
     </span>
     <span class='ocr_line' id='line_1_11' title="bbox 465 1447 3153 1529; baseline -0 -19"><span class='ocrx_word' id='word_1_84' title='bbox 465 1462 529 1513; x_wconf 85' lang='grc' dir='ltr'>ιο</span> <span class='ocrx_word' id='word_1_85' title='bbox 563 1447 937 1513; x_wconf 73' lang='grc' dir='ltr'>αὐτόετες</span> <span class='ocrx_word' id='word_1_86' title='bbox 998 1448 1497 1526; x_wconf 81' lang='grc' dir='ltr'>ἑπιρρηματικῶς</span> <span class='ocrx_word' id='word_1_87' title='bbox 1541 1447 2131 1529; x_wconf 86' lang='grc' dir='ltr'>προπαροξύνεται,</span> <span class='ocrx_word' id='word_1_88' title='bbox 2190 1448 2495 1512; x_wconf 84' lang='grc' dir='ltr'>ὼςαύτως</span> <span class='ocrx_word' id='word_1_89' title='bbox 2547 1447 2847 1525; x_wconf 82' lang='grc' dir='ltr'>ἐπιτηδής</span> <span class='ocrx_word' id='word_1_90' title='bbox 2891 1447 3153 1523; x_wconf 82' lang='grc' dir='ltr'>ἐπιτη-</span> 
     </span>
     <span class='ocr_line' id='line_1_12' title="bbox 562 1549 2065 1632; baseline -0.002 -19"><span class='ocrx_word' id='word_1_91' title='bbox 562 1549 723 1632; x_wconf 84' lang='grc' dir='ltr'>δές,</span> <span class='ocrx_word' id='word_1_92' title='bbox 769 1550 1131 1627; x_wconf 83' lang='grc' dir='ltr'>ἐπίτηδες</span> <span class='ocrx_word' id='word_1_93' title='bbox 1175 1550 1245 1612; x_wconf 79' lang='grc' dir='ltr'>δὲ</span> <span class='ocrx_word' id='word_1_94' title='bbox 1291 1549 1618 1626; x_wconf 83' lang='grc' dir='ltr'>ἐπίρρημα.</span> <span class='ocrx_word' id='word_1_95' title='bbox 2060 1562 2065 1569; x_wconf 91' lang='grc'>·</span> 
     </span>
     <span class='ocr_line' id='line_1_13' title="bbox 728 1649 3154 1731; baseline -0.002 -15"><span class='ocrx_word' id='word_1_96' title='bbox 728 1651 822 1716; x_wconf 88' lang='grc' dir='ltr'>Τὰ</span> <span class='ocrx_word' id='word_1_97' title='bbox 867 1651 1188 1731; x_wconf 87' lang='grc' dir='ltr'>βαρύτονα</span> <span class='ocrx_word' id='word_1_98' title='bbox 1232 1650 1321 1713; x_wconf 88' lang='grc' dir='ltr'>εἰς</span> <span class='ocrx_word' id='word_1_99' title='bbox 1367 1652 1448 1727; x_wconf 52' lang='lat' dir='ltr'>{sc</span> <span class='ocrx_word' id='word_1_100' title='bbox 1491 1650 1728 1728; x_wconf 84' lang='grc' dir='ltr'>ἔχοντα</span> <span class='ocrx_word' id='word_1_101' title='bbox 1772 1652 1844 1715; x_wconf 81' lang='grc' dir='ltr'>δὲ</span> <span class='ocrx_word' id='word_1_102' title='bbox 1890 1651 2201 1730; x_wconf 87' lang='grc' dir='ltr'>οὐδέτερα</span> <span class='ocrx_word' id='word_1_103' title='bbox 2245 1651 2334 1716; x_wconf 84' lang='grc' dir='ltr'>εἰς</span> <span class='ocrx_word' id='word_1_104' title='bbox 2380 1654 2444 1714; x_wconf 73' lang='grc' dir='ltr'>ἴς</span> <span class='ocrx_word' id='word_1_105' title='bbox 2489 1652 2528 1729; x_wconf 87' lang='grc' dir='ltr'>ἢ</span> <span class='ocrx_word' id='word_1_106' title='bbox 2571 1649 3154 1729; x_wconf 90' lang='grc' dir='ltr'>προπεριςπώμενα</span> 
     </span>
     <span class='ocr_line' id='line_1_14' title="bbox 561 1752 1582 1831; baseline 0 -15"><span class='ocrx_word' id='word_1_107' title='bbox 561 1752 722 1816; x_wconf 84' lang='grc' dir='ltr'>αὐτὰ</span> <span class='ocrx_word' id='word_1_108' title='bbox 765 1752 897 1831; x_wconf 81' lang='grc' dir='ltr'>ἔχει</span> <span class='ocrx_word' id='word_1_109' title='bbox 941 1754 981 1830; x_wconf 85' lang='grc' dir='ltr'>ἢ</span> <span class='ocrx_word' id='word_1_110' title='bbox 1026 1752 1582 1829; x_wconf 65' lang='grc' dir='ltr'>προπαροξύτονσ.</span> 
     </span>
     <span class='ocr_line' id='line_1_15' title="bbox 729 1852 3152 1943; baseline -0 -25"><span class='ocrx_word' id='word_1_111' title='bbox 729 1853 822 1918; x_wconf 83' lang='grc' dir='ltr'>Τὰ</span> <span class='ocrx_word' id='word_1_112' title='bbox 867 1856 982 1933; x_wconf 80' lang='grc' dir='ltr'>μὲν</span> <span class='ocrx_word' id='word_1_113' title='bbox 1027 1852 1149 1917; x_wconf 91' lang='grc' dir='ltr'>οὐν</span> <span class='ocrx_word' id='word_1_114' title='bbox 1193 1853 1298 1916; x_wconf 84' lang='grc' dir='ltr'>διὰ</span> <span class='ocrx_word' id='word_1_115' title='bbox 1342 1855 1457 1917; x_wconf 83' lang='grc' dir='ltr'>τοῦ</span> <span class='ocrx_word' id='word_1_116' title='bbox 1502 1855 1660 1943; x_wconf 66' lang='grc' dir='ltr'>η-ριῖ</span> <span class='ocrx_word' id='word_1_117' title='bbox 1703 1855 1832 1932; x_wconf 83' lang='grc' dir='ltr'>ἔχει</span> <span class='ocrx_word' id='word_1_118' title='bbox 1879 1855 2482 1938; x_wconf 87' lang='grc' dir='ltr'>προπεριςπώμενα,</span> <span class='ocrx_word' id='word_1_119' title='bbox 2536 1854 2838 1933; x_wconf 86' lang='grc' dir='ltr'>ὀλιγήρης</span> <span class='ocrx_word' id='word_1_120' title='bbox 2883 1853 3152 1931; x_wconf 87' lang='grc' dir='ltr'>ὀλιγῆ-</span> 
     </span>
     <span class='ocr_line' id='line_1_16' title="bbox 461 1956 3151 2037; baseline -0 -18"><span class='ocrx_word' id='word_1_121' title='bbox 461 1971 523 2019; x_wconf 82' lang='lat'>15</span> <span class='ocrx_word' id='word_1_122' title='bbox 561 1975 722 2037; x_wconf 90' lang='grc' dir='ltr'>ρες,</span> <span class='ocrx_word' id='word_1_123' title='bbox 777 1958 1056 2036; x_wconf 91' lang='grc' dir='ltr'>θυμήρης</span> <span class='ocrx_word' id='word_1_124' title='bbox 1111 1957 1477 2037; x_wconf 82' lang='grc' dir='ltr'>θυμῆρες,</span> <span class='ocrx_word' id='word_1_125' title='bbox 1545 1957 1621 2021; x_wconf 89' lang='grc' dir='ltr'>τὸ</span> <span class='ocrx_word' id='word_1_126' title='bbox 1677 1957 1749 2019; x_wconf 82' lang='grc' dir='ltr'>δὲ</span> <span class='ocrx_word' id='word_1_127' title='bbox 1804 1957 2140 2035; x_wconf 82' lang='grc' dir='ltr'>θυμαρές</span> <span class='ocrx_word' id='word_1_128' title='bbox 2194 1956 2327 2021; x_wconf 89' lang='grc' dir='ltr'>ἀπὸ</span> <span class='ocrx_word' id='word_1_129' title='bbox 2383 1961 2501 2021; x_wconf 86' lang='grc' dir='ltr'>τοῦ</span> <span class='ocrx_word' id='word_1_130' title='bbox 2556 1957 2839 2034; x_wconf 90' lang='grc' dir='ltr'>θυμαρής</span> <span class='ocrx_word' id='word_1_131' title='bbox 2898 1957 3151 2036; x_wconf 84' lang='grc' dir='ltr'>γέγονε,</span> 
     </span>
     <span class='ocr_line' id='line_1_17' title="bbox 558 2057 2471 2149; baseline 0 -26"><span class='ocrx_word' id='word_1_132' title='bbox 558 2059 825 2136; x_wconf 81' lang='grc' dir='ltr'>ξιφήρης</span> <span class='ocrx_word' id='word_1_133' title='bbox 868 2060 1226 2149; x_wconf 85' lang='grc' dir='ltr'>ξιφῆρες,</span> <span class='ocrx_word' id='word_1_134' title='bbox 1271 2057 1517 2135; x_wconf 84' lang='grc' dir='ltr'>πλήρης</span> <span class='ocrx_word' id='word_1_135' title='bbox 1565 2059 1874 2135; x_wconf 87' lang='grc' dir='ltr'>πλῆρες.</span> <span class='ocrx_word' id='word_1_136' title='bbox 2466 2142 2471 2146; x_wconf 22' lang='lat'><strong><em>⁴</em></strong></span> 
     </span>
     <span class='ocr_line' id='line_1_18' title="bbox 727 2145 3149 2242; baseline -0 -19"><span class='ocrx_word' id='word_1_137' title='bbox 727 2158 820 2223; x_wconf 86' lang='grc' dir='ltr'>Τὰ</span> <span class='ocrx_word' id='word_1_138' title='bbox 865 2159 971 2222; x_wconf 89' lang='grc' dir='ltr'>διὰ</span> <span class='ocrx_word' id='word_1_139' title='bbox 1005 2163 1121 2223; x_wconf 82' lang='grc' dir='ltr'>τοῦ</span> <span class='ocrx_word' id='word_1_140' title='bbox 1157 2145 1362 2241; x_wconf 63' lang='grc' dir='ltr'>ἶυδης,</span> <span class='ocrx_word' id='word_1_141' title='bbox 1428 2159 1483 2222; x_wconf 84' lang='grc' dir='ltr'>εἰ</span> <span class='ocrx_word' id='word_1_142' title='bbox 1536 2158 1665 2236; x_wconf 88' lang='grc' dir='ltr'>ἔχει</span> <span class='ocrx_word' id='word_1_143' title='bbox 1723 2158 2065 2242; x_wconf 87' lang='grc' dir='ltr'>οὐδέτερα,</span> <span class='ocrx_word' id='word_1_144' title='bbox 2135 2163 2714 2239; x_wconf 89' lang='grc' dir='ltr'>προπεριςπώμενα</span> <span class='ocrx_word' id='word_1_145' title='bbox 2777 2159 2940 2223; x_wconf 87' lang='grc' dir='ltr'>αὐτὰ</span> <span class='ocrx_word' id='word_1_146' title='bbox 2996 2159 3149 2239; x_wconf 86' lang='grc' dir='ltr'>ἔχει,</span> 
     </span>
     <span class='ocr_line' id='line_1_19' title="bbox 559 2259 1820 2343; baseline 0 -20"><span class='ocrx_word' id='word_1_147' title='bbox 559 2259 806 2339; x_wconf 81' lang='grc' dir='ltr'>εὐώδης</span> <span class='ocrx_word' id='word_1_148' title='bbox 851 2260 1175 2343; x_wconf 91' lang='grc' dir='ltr'>εὐῶδες,</span> <span class='ocrx_word' id='word_1_149' title='bbox 1217 2261 1466 2338; x_wconf 80' lang='grc' dir='ltr'>γεώδης</span> <span class='ocrx_word' id='word_1_150' title='bbox 1509 2265 1820 2335; x_wconf 80' lang='grc' dir='ltr'>γεῶδες.</span> 
     </span>
     <span class='ocr_line' id='line_1_20' title="bbox 724 2363 3152 2447; baseline 0 -21"><span class='ocrx_word' id='word_1_151' title='bbox 724 2363 853 2426; x_wconf 84' lang='grc' dir='ltr'>Ἔτι</span> <span class='ocrx_word' id='word_1_152' title='bbox 899 2363 979 2426; x_wconf 87' lang='grc' dir='ltr'>τὰ</span> <span class='ocrx_word' id='word_1_153' title='bbox 1034 2363 1140 2426; x_wconf 84' lang='grc' dir='ltr'>διὰ</span> <span class='ocrx_word' id='word_1_154' title='bbox 1194 2367 1311 2427; x_wconf 84' lang='grc' dir='ltr'>τοῦ</span> <span class='ocrx_word' id='word_1_155' title='bbox 1367 2382 1570 2445; x_wconf 92' lang='grc' dir='ltr'>ωρης,</span> <span class='ocrx_word' id='word_1_156' title='bbox 1627 2363 1874 2441; x_wconf 90' lang='grc' dir='ltr'>νεώρης</span> <span class='ocrx_word' id='word_1_157' title='bbox 1929 2369 2254 2447; x_wconf 84' lang='grc' dir='ltr'>νεῶρες,</span> <span class='ocrx_word' id='word_1_158' title='bbox 2311 2364 2603 2443; x_wconf 90' lang='grc' dir='ltr'>αὐτώρης</span> <span class='ocrx_word' id='word_1_159' title='bbox 2647 2363 2994 2442; x_wconf 90' lang='grc' dir='ltr'>αύτῶρες</span> <span class='ocrx_word' id='word_1_160' title='bbox 3049 2363 3152 2427; x_wconf 85' lang='grc' dir='ltr'>καὶ</span> 
     </span>
     <span class='ocr_line' id='line_1_21' title="bbox 456 2463 3146 2547; baseline -0 -20"><span class='ocrx_word' id='word_1_161' title='bbox 456 2476 525 2527; x_wconf 78' lang='lat'>20</span> <span class='ocrx_word' id='word_1_162' title='bbox 556 2465 634 2528; x_wconf 82' lang='grc' dir='ltr'>τὰ</span> <span class='ocrx_word' id='word_1_163' title='bbox 677 2464 853 2542; x_wconf 85' lang='grc' dir='ltr'>παρὰ</span> <span class='ocrx_word' id='word_1_164' title='bbox 906 2464 982 2528; x_wconf 89' lang='grc' dir='ltr'>τό</span> <span class='ocrx_word' id='word_1_165' title='bbox 1039 2463 1176 2529; x_wconf 84' lang='grc' dir='ltr'>ὄλω</span> <span class='ocrx_word' id='word_1_166' title='bbox 1220 2465 1689 2545; x_wconf 87' lang='grc' dir='ltr'>ςυντεθειμένα,</span> <span class='ocrx_word' id='word_1_167' title='bbox 1746 2464 1985 2543; x_wconf 78' lang='grc' dir='ltr'>ἐξώλης</span> <span class='ocrx_word' id='word_1_168' title='bbox 2042 2464 2356 2547; x_wconf 84' lang='grc' dir='ltr'>ἐξῶλες,</span> <span class='ocrx_word' id='word_1_169' title='bbox 2415 2468 2719 2545; x_wconf 88' lang='grc' dir='ltr'>πανώλης</span> <span class='ocrx_word' id='word_1_170' title='bbox 2769 2467 3146 2529; x_wconf 90' lang='grc' dir='ltr'>πανῶλες.</span> 
     </span>
     <span class='ocr_line' id='line_1_22' title="bbox 556 2564 3149 2651; baseline -0 -22"><span class='ocrx_word' id='word_1_171' title='bbox 556 2566 636 2629; x_wconf 85' lang='grc' dir='ltr'>τά</span> <span class='ocrx_word' id='word_1_172' title='bbox 690 2568 760 2629; x_wconf 80' lang='grc' dir='ltr'>δὲ</span> <span class='ocrx_word' id='word_1_173' title='bbox 827 2564 993 2629; x_wconf 84' lang='grc' dir='ltr'>ἄλλα</span> <span class='ocrx_word' id='word_1_174' title='bbox 1046 2566 1684 2651; x_wconf 78' lang='grc' dir='ltr'>προπαροξύνονται,</span> <span class='ocrx_word' id='word_1_175' title='bbox 1749 2564 2086 2643; x_wconf 82' lang='grc' dir='ltr'>ἐξαιρέτως</span> <span class='ocrx_word' id='word_1_176' title='bbox 2146 2569 2224 2631; x_wconf 87' lang='grc' dir='ltr'>τὰ</span> <span class='ocrx_word' id='word_1_177' title='bbox 2280 2569 2443 2646; x_wconf 81' lang='grc' dir='ltr'>παρ’</span> <span class='ocrx_word' id='word_1_178' title='bbox 2500 2568 2863 2646; x_wconf 81' lang='grc' dir='ltr'>οὐδετέρων</span> <span class='ocrx_word' id='word_1_179' title='bbox 2933 2585 3149 2631; x_wconf 83' lang='grc' dir='ltr'>ςυντε-</span> 
     </span>
     <span class='ocr_line' id='line_1_23' title="bbox 557 2655 3149 2751; baseline 0 -21"><span class='ocrx_word' id='word_1_180' title='bbox 557 2667 748 2730; x_wconf 86' lang='grc' dir='ltr'>θέντα</span> <span class='ocrx_word' id='word_1_181' title='bbox 805 2655 1156 2749; x_wconf 81' lang='grc' dir='ltr'>βαρύτονά,</span> <span class='ocrx_word' id='word_1_182' title='bbox 1211 2666 1484 2746; x_wconf 84' lang='grc' dir='ltr'>εὐμήκης</span> <span class='ocrx_word' id='word_1_183' title='bbox 1540 2667 1903 2750; x_wconf 88' lang='grc' dir='ltr'>εὔμηκες,</span> <span class='ocrx_word' id='word_1_184' title='bbox 1959 2670 2275 2748; x_wconf 87' lang='grc' dir='ltr'>κακοήθης</span> <span class='ocrx_word' id='word_1_185' title='bbox 2328 2671 2739 2751; x_wconf 86' lang='grc' dir='ltr'>κακόηθες,</span> <span class='ocrx_word' id='word_1_186' title='bbox 2800 2668 3149 2748; x_wconf 85' lang='grc' dir='ltr'>μεγακήτης</span> 
     </span>
     <span class='ocr_line' id='line_1_24' title="bbox 557 2767 3150 2852; baseline 0 -19"><span class='ocrx_word' id='word_1_187' title='bbox 557 2767 1000 2848; x_wconf 87' lang='grc' dir='ltr'>μεγάκητες.</span> <span class='ocrx_word' id='word_1_188' title='bbox 1062 2769 1165 2833; x_wconf 85' lang='grc' dir='ltr'>καὶ</span> <span class='ocrx_word' id='word_1_189' title='bbox 1207 2768 1287 2832; x_wconf 86' lang='grc' dir='ltr'>τὰ</span> <span class='ocrx_word' id='word_1_190' title='bbox 1330 2769 1504 2848; x_wconf 81' lang='grc' dir='ltr'>παρὰ</span> <span class='ocrx_word' id='word_1_191' title='bbox 1548 2769 1623 2833; x_wconf 88' lang='grc' dir='ltr'>τὸ</span> <span class='ocrx_word' id='word_1_192' title='bbox 1668 2771 1854 2852; x_wconf 59' lang='lat' dir='ltr'>W,</span> <span class='ocrx_word' id='word_1_193' title='bbox 1898 2771 2214 2851; x_wconf 77' lang='grc' dir='ltr'>τανυήκης</span> <span class='ocrx_word' id='word_1_194' title='bbox 2258 2772 2653 2851; x_wconf 76' lang='grc' dir='ltr'>τανύηκες.</span> <span class='ocrx_word' id='word_1_195' title='bbox 2705 2772 2809 2836; x_wconf 83' lang='grc' dir='ltr'>καὶ</span> <span class='ocrx_word' id='word_1_196' title='bbox 2851 2770 2929 2834; x_wconf 89' lang='grc' dir='ltr'>τὰ</span> <span class='ocrx_word' id='word_1_197' title='bbox 2973 2768 3150 2847; x_wconf 85' lang='grc' dir='ltr'>παρὰ</span> 
     </span>
     <span class='ocr_line' id='line_1_25' title="bbox 556 2870 3147 2955; baseline 0 -22"><span class='ocrx_word' id='word_1_198' title='bbox 556 2870 632 2933; x_wconf 86' lang='grc' dir='ltr'>τὸ</span> <span class='ocrx_word' id='word_1_199' title='bbox 675 2874 832 2950; x_wconf 89' lang='grc' dir='ltr'>αδης</span> <span class='ocrx_word' id='word_1_200' title='bbox 876 2872 978 2936; x_wconf 84' lang='grc' dir='ltr'>καὶ</span> <span class='ocrx_word' id='word_1_201' title='bbox 1029 2875 1258 2953; x_wconf 74' lang='grc' dir='ltr'>ᾶρῐῖής,</span> <span class='ocrx_word' id='word_1_202' title='bbox 1303 2870 1585 2949; x_wconf 85' lang='grc' dir='ltr'>αὐθάδης</span> <span class='ocrx_word' id='word_1_203' title='bbox 1627 2871 1994 2955; x_wconf 87' lang='grc' dir='ltr'>αὔθαδες,</span> <span class='ocrx_word' id='word_1_204' title='bbox 2050 2873 2365 2953; x_wconf 86' lang='grc' dir='ltr'>αὐτάρκης</span> <span class='ocrx_word' id='word_1_205' title='bbox 2410 2874 2806 2952; x_wconf 87' lang='grc' dir='ltr'>αὔταρκες.</span> <span class='ocrx_word' id='word_1_206' title='bbox 2879 2874 2956 2937; x_wconf 89' lang='grc' dir='ltr'>τὸ</span> <span class='ocrx_word' id='word_1_207' title='bbox 3002 2871 3147 2951; x_wconf 87' lang='grc' dir='ltr'>μέν-</span> 
     </span>
     <span class='ocr_line' id='line_1_26' title="bbox 455 2969 3148 3055; baseline 0.003 -24"><span class='ocrx_word' id='word_1_208' title='bbox 455 2981 520 3031; x_wconf 81' lang='grc'>25</span> <span class='ocrx_word' id='word_1_209' title='bbox 557 2992 657 3036; x_wconf 92' lang='grc' dir='ltr'>τοι</span> <span class='ocrx_word' id='word_1_210' title='bbox 701 2972 1029 3052; x_wconf 91' lang='grc' dir='ltr'>ποδάρκης</span> <span class='ocrx_word' id='word_1_211' title='bbox 1073 2973 1433 3052; x_wconf 88' lang='grc' dir='ltr'>βαρύτονον</span> <span class='ocrx_word' id='word_1_212' title='bbox 1479 2972 1609 3051; x_wconf 88' lang='grc' dir='ltr'>ἔχει</span> <span class='ocrx_word' id='word_1_213' title='bbox 1653 2974 1730 3037; x_wconf 90' lang='grc' dir='ltr'>τὸ</span> <span class='ocrx_word' id='word_1_214' title='bbox 1790 2975 2184 3052; x_wconf 84' lang='grc' dir='ltr'>ποδαρκές</span> <span class='ocrx_word' id='word_1_215' title='bbox 2230 2975 2577 3055; x_wconf 87' lang='grc' dir='ltr'>οὐδέτερον</span> <span class='ocrx_word' id='word_1_216' title='bbox 2623 2969 3051 3054; x_wconf 81' lang='grc' dir='ltr'>ὀξυνόμενον,</span> <span class='ocrx_word' id='word_1_217' title='bbox 3105 2972 3148 3050; x_wconf 86' lang='grc' dir='ltr'><strong>ἡ</strong></span> 
     </span>
     <span class='ocr_line' id='line_1_27' title="bbox 558 3072 3147 3158; baseline 0.001 -21"><span class='ocrx_word' id='word_1_218' title='bbox 558 3075 629 3137; x_wconf 79' lang='grc' dir='ltr'>δὲ</span> <span class='ocrx_word' id='word_1_219' title='bbox 686 3075 940 3153; x_wconf 85' lang='grc' dir='ltr'>κλητικὴ</span> <span class='ocrx_word' id='word_1_220' title='bbox 997 3074 1397 3152; x_wconf 88' lang='grc' dir='ltr'>πόδαρκες</span> <span class='ocrx_word' id='word_1_221' title='bbox 1462 3072 1552 3138; x_wconf 83' lang='grc' dir='ltr'>ὡς</span> <span class='ocrx_word' id='word_1_222' title='bbox 1607 3075 1947 3158; x_wconf 87' lang='grc' dir='ltr'>αὔταρκες,</span> <span class='ocrx_word' id='word_1_223' title='bbox 2003 3080 2133 3141; x_wconf 91' lang='grc' dir='ltr'>τῶν</span> <span class='ocrx_word' id='word_1_224' title='bbox 2188 3076 2408 3143; x_wconf 84' lang='grc' dir='ltr'>ἄλλων</span> <span class='ocrx_word' id='word_1_225' title='bbox 2464 3077 3004 3158; x_wconf 87' lang='grc' dir='ltr'>ὁμοφωνούντων</span> <span class='ocrx_word' id='word_1_226' title='bbox 3067 3079 3147 3156; x_wconf 83' lang='grc' dir='ltr'>τῇ</span> 
     </span>
     <span class='ocr_line' id='line_1_28' title="bbox 555 3175 3045 3257; baseline -0.001 -19"><span class='ocrx_word' id='word_1_227' title='bbox 555 3178 812 3257; x_wconf 79' lang='grc' dir='ltr'>κλητικῇ</span> <span class='ocrx_word' id='word_1_228' title='bbox 856 3180 978 3239; x_wconf 79' lang='grc' dir='ltr'>τοῦ</span> <span class='ocrx_word' id='word_1_229' title='bbox 1016 3175 1364 3253; x_wconf 87' lang='grc' dir='ltr'>ἀρςενικοΰ.</span> <span class='ocrx_word' id='word_1_230' title='bbox 3028 3199 3045 3211; x_wconf 86' lang='grc'><strong>-</strong></span> 
     </span>
     <span class='ocr_line' id='line_1_29' title="bbox 724 3263 3143 3365; baseline 0.001 -26"><span class='ocrx_word' id='word_1_231' title='bbox 724 3275 817 3339; x_wconf 87' lang='grc' dir='ltr'>Τὰ</span> <span class='ocrx_word' id='word_1_232' title='bbox 851 3277 1026 3353; x_wconf 83' lang='grc' dir='ltr'>παρὰ</span> <span class='ocrx_word' id='word_1_233' title='bbox 1053 3278 1129 3341; x_wconf 87' lang='grc' dir='ltr'>τὸ</span> <span class='ocrx_word' id='word_1_234' title='bbox 1164 3297 1357 3353; x_wconf 88' lang='grc' dir='ltr'>αντης</span> <span class='ocrx_word' id='word_1_235' title='bbox 1390 3275 1700 3356; x_wconf 87' lang='grc' dir='ltr'>οὐδέτερα</span> <span class='ocrx_word' id='word_1_236' title='bbox 1728 3280 2365 3365; x_wconf 90' lang='grc' dir='ltr'>προπαροξύνονται,</span> <span class='ocrx_word' id='word_1_237' title='bbox 2398 3281 2707 3360; x_wconf 86' lang='grc' dir='ltr'>κατάντης</span> <span class='ocrx_word' id='word_1_238' title='bbox 2736 3263 3143 3360; x_wconf 78' lang='grc' dir='ltr'>κάταντες,</span> 
     </span>
     <span class='ocr_line' id='line_1_30' title="bbox 556 3377 2655 3463; baseline 0.003 -22"><span class='ocrx_word' id='word_1_239' title='bbox 556 3377 915 3456; x_wconf 90' lang='grc' dir='ltr'>προςάντης</span> <span class='ocrx_word' id='word_1_240' title='bbox 957 3379 1431 3463; x_wconf 91' lang='grc' dir='ltr'>πρόςαντες,</span> <span class='ocrx_word' id='word_1_241' title='bbox 1475 3379 1755 3459; x_wconf 88' lang='grc' dir='ltr'>ἀνάντης</span> <span class='ocrx_word' id='word_1_242' title='bbox 1800 3380 2134 3447; x_wconf 87' lang='grc' dir='ltr'>ἄναντες</span> <span class='ocrx_word' id='word_1_243' title='bbox 2180 3384 2283 3447; x_wconf 77' lang='grc' dir='ltr'>καὶ</span> <span class='ocrx_word' id='word_1_244' title='bbox 2325 3384 2404 3447; x_wconf 87' lang='grc' dir='ltr'>τὰ</span> <span class='ocrx_word' id='word_1_245' title='bbox 2448 3383 2655 3463; x_wconf 75' lang='grc' dir='ltr'>ὅμοια.</span> 
     </span>
     <span class='ocr_line' id='line_1_31' title="bbox 454 3478 3144 3565; baseline 0.003 -27"><span class='ocrx_word' id='word_1_246' title='bbox 454 3488 521 3538; x_wconf 84' lang='grc'>30</span> <span class='ocrx_word' id='word_1_247' title='bbox 724 3478 818 3543; x_wconf 88' lang='grc' dir='ltr'>Τὰ</span> <span class='ocrx_word' id='word_1_248' title='bbox 862 3479 951 3543; x_wconf 88' lang='grc' dir='ltr'>εἰς</span> <span class='ocrx_word' id='word_1_249' title='bbox 993 3480 1077 3543; x_wconf 75' lang='grc' dir='ltr'>ὀ“ν</span> <span class='ocrx_word' id='word_1_250' title='bbox 1120 3483 1412 3559; x_wconf 85' lang='grc' dir='ltr'>μετοχῶν</span> <span class='ocrx_word' id='word_1_251' title='bbox 1458 3481 1765 3561; x_wconf 82' lang='grc' dir='ltr'>οὐδέτερα</span> <span class='ocrx_word' id='word_1_252' title='bbox 1808 3481 2191 3562; x_wconf 86' lang='grc' dir='ltr'>ὁμοτονοῦςι</span> <span class='ocrx_word' id='word_1_253' title='bbox 2236 3487 2374 3550; x_wconf 87' lang='grc' dir='ltr'>τοῖς</span> <span class='ocrx_word' id='word_1_254' title='bbox 2415 3483 2802 3565; x_wconf 87' lang='grc' dir='ltr'>ἀρςενικοῑς,</span> <span class='ocrx_word' id='word_1_255' title='bbox 2849 3482 2887 3546; x_wconf 86' lang='grc' dir='ltr'>ὁ</span> <span class='ocrx_word' id='word_1_256' title='bbox 2930 3482 3144 3563; x_wconf 86' lang='grc' dir='ltr'>λαβών</span> 
     </span>
     <span class='ocr_line' id='line_1_32' title="bbox 555 3579 2795 3663; baseline 0.004 -20"><span class='ocrx_word' id='word_1_257' title='bbox 555 3582 631 3643; x_wconf 91' lang='grc' dir='ltr'>τὸ</span> <span class='ocrx_word' id='word_1_258' title='bbox 677 3580 953 3663; x_wconf 84' lang='grc' dir='ltr'>λαβόν,</span> <span class='ocrx_word' id='word_1_259' title='bbox 998 3579 1036 3644; x_wconf 88' lang='grc' dir='ltr'>ὁ</span> <span class='ocrx_word' id='word_1_260' title='bbox 1081 3583 1314 3660; x_wconf 87' lang='grc' dir='ltr'>φαγών</span> <span class='ocrx_word' id='word_1_261' title='bbox 1358 3584 1435 3648; x_wconf 87' lang='grc' dir='ltr'>τὸ</span> <span class='ocrx_word' id='word_1_262' title='bbox 1479 3585 1753 3663; x_wconf 91' lang='grc' dir='ltr'>φαγόν.</span> <span class='ocrx_word' id='word_1_263' title='bbox 2787 3655 2795 3662; x_wconf 71' lang='grc'>,</span> 
     </span>
     <span class='ocr_line' id='line_1_33' title="bbox 723 3681 3145 3768; baseline 0.002 -23"><span class='ocrx_word' id='word_1_264' title='bbox 723 3681 868 3747; x_wconf 90' lang='grc' dir='ltr'>Τῶν</span> <span class='ocrx_word' id='word_1_265' title='bbox 914 3681 1003 3747; x_wconf 86' lang='grc' dir='ltr'>εἰς</span> <span class='ocrx_word' id='word_1_266' title='bbox 1046 3686 1144 3747; x_wconf 60' lang='grc' dir='ltr'>ῶν</span> <span class='ocrx_word' id='word_1_267' title='bbox 1190 3685 1562 3764; x_wconf 88' lang='grc' dir='ltr'>βαρυτόνων</span> <span class='ocrx_word' id='word_1_268' title='bbox 1593 3687 1671 3751; x_wconf 87' lang='grc' dir='ltr'>τὰ</span> <span class='ocrx_word' id='word_1_269' title='bbox 1716 3685 2027 3767; x_wconf 85' lang='grc' dir='ltr'>οὐδέτερα</span> <span class='ocrx_word' id='word_1_270' title='bbox 2057 3687 2439 3768; x_wconf 87' lang='grc' dir='ltr'>ὁμοτονοῦςι</span> <span class='ocrx_word' id='word_1_271' title='bbox 2485 3691 2625 3752; x_wconf 89' lang='grc' dir='ltr'>ταῖς</span> <span class='ocrx_word' id='word_1_272' title='bbox 2653 3689 2970 3766; x_wconf 88' lang='grc' dir='ltr'>κλητικαῖς</span> <span class='ocrx_word' id='word_1_273' title='bbox 3013 3689 3145 3749; x_wconf 90' lang='grc' dir='ltr'>τῶν</span> 
     </span>
    </p>
   </div>
   <div class='ocr_carea' id='block_1_3' title="bbox 1355 2365 1540 2374">
    <p class='ocr_par' dir='ltr' id='par_1_3' title="bbox 1355 2365 1540 2374">
     <span class='ocr_line' id='line_1_34' title="bbox 1355 2365 1540 2374; baseline 0 0"><span class='ocrx_word' id='word_1_274' title='bbox 1355 2365 1540 2374; x_wconf 95' lang='lat' dir='ltr'> </span> 
     </span>
    </p>
   </div>
   <div class='ocr_carea' id='block_1_4' title="bbox 1160 3280 1359 3288">
    <p class='ocr_par' dir='ltr' id='par_1_4' title="bbox 1160 3280 1359 3288">
     <span class='ocr_line' id='line_1_35' title="bbox 1160 3280 1359 3288; baseline 0 0"><span class='ocrx_word' id='word_1_275' title='bbox 1160 3280 1359 3288; x_wconf 95' lang='lat' dir='ltr'> </span> 
     </span>
    </p>
   </div>
   <div class='ocr_carea' id='block_1_5' title="bbox 555 3839 957 3848">
    <p class='ocr_par' dir='ltr' id='par_1_5' title="bbox 555 3839 957 3848">
     <span class='ocr_line' id='line_1_36' title="bbox 555 3839 957 3848; baseline 0 1698"><span class='ocrx_word' id='word_1_276' title='bbox 555 3839 957 3848; x_wconf 95' lang='lat' dir='ltr'> </span> 
     </span>
    </p>
   </div>
   <div class='ocr_carea' id='block_1_6' title="bbox 687 3936 3233 4009">
    <p class='ocr_par' dir='ltr' id='par_1_6' title="bbox 687 3936 3233 4009">
     <span class='ocr_line' id='line_1_37' title="bbox 687 3936 3233 4009; baseline 0 -19"><span class='ocrx_word' id='word_1_277' title='bbox 687 3940 723 3990; x_wconf 91' lang='lat'>1.</span> <span class='ocrx_word' id='word_1_278' title='bbox 757 3943 790 3990; x_wconf 87' lang='lat'>4</span> <span class='ocrx_word' id='word_1_279' title='bbox 834 3940 1041 3991; x_wconf 77' lang='lat' dir='ltr'>inserui</span> <span class='ocrx_word' id='word_1_280' title='bbox 1086 3936 1172 3991; x_wconf 74' lang='grc' dir='ltr'>ἀεί</span> <span class='ocrx_word' id='word_1_281' title='bbox 1216 3945 1441 4007; x_wconf 77' lang='lat' dir='ltr'>propter</span> <span class='ocrx_word' id='word_1_282' title='bbox 1485 3938 1689 4006; x_wconf 75' lang='grc' dir='ltr'>χαρίεις</span> <span class='ocrx_word' id='word_1_283' title='bbox 1744 3941 1937 4007; x_wconf 84' lang='grc' dir='ltr'>χαρίεν</span> <span class='ocrx_word' id='word_1_284' title='bbox 1992 3950 2050 3993; x_wconf 82' lang='lat' dir='ltr'>et</span> <span class='ocrx_word' id='word_1_285' title='bbox 2093 3944 2327 4007; x_wconf 86' lang='grc' dir='ltr'>τυφθείς</span> <span class='ocrx_word' id='word_1_286' title='bbox 2373 3944 2619 4008; x_wconf 81' lang='grc' dir='ltr'>τυφθὲν,</span> <span class='ocrx_word' id='word_1_287' title='bbox 2669 3958 2809 4009; x_wconf 81' lang='lat' dir='ltr'><strong>quae</strong></span> <span class='ocrx_word' id='word_1_288' title='bbox 2854 3947 3143 3992; x_wconf 72' lang='lat' dir='ltr'><strong>accentum</strong></span> <span class='ocrx_word' id='word_1_289' title='bbox 3227 3987 3233 3991; x_wconf 74' lang='grc'><strong>,</strong></span> 
     </span>
    </p>
   </div>
   <div class='ocr_carea' id='block_1_7' title="bbox 549 4008 3196 4891">
    <p class='ocr_par' dir='ltr' id='par_1_7' title="bbox 549 4008 3196 4891">
     <span class='ocr_line' id='line_1_38' title="bbox 553 4008 3063 4077; baseline 0 -19"><span class='ocrx_word' id='word_1_290' title='bbox 553 4008 844 4059; x_wconf 77' lang='lat' dir='ltr'><strong>masculini</strong></span> <span class='ocrx_word' id='word_1_291' title='bbox 881 4012 1134 4070; x_wconf 77' lang='lat' dir='ltr'><strong>servant,</strong></span> <span class='ocrx_word' id='word_1_292' title='bbox 1171 4025 1204 4058; x_wconf 80' lang='lat' dir='ltr'><strong>a</strong></span> <span class='ocrx_word' id='word_1_293' title='bbox 1238 4008 1593 4073; x_wconf 74' lang='lat' dir='ltr'><strong>Theognosto</strong></span> <span class='ocrx_word' id='word_1_294' title='bbox 1632 4013 1745 4072; x_wconf 84' lang='lat'>119,</span> <span class='ocrx_word' id='word_1_295' title='bbox 1792 4015 1855 4061; x_wconf 79' lang='lat'>12</span> <span class='ocrx_word' id='word_1_296' title='bbox 1891 4011 2087 4064; x_wconf 75' lang='lat' dir='ltr'><strong>relata.</strong></span> <span class='ocrx_word' id='word_1_297' title='bbox 2159 4015 2241 4063; x_wconf 78' lang='lat' dir='ltr'>De</span> <span class='ocrx_word' id='word_1_298' title='bbox 2279 4010 2470 4077; x_wconf 81' lang='grc' dir='ltr'>χαρίεν</span> <span class='ocrx_word' id='word_1_299' title='bbox 2509 4014 2579 4062; x_wconf 79' lang='lat' dir='ltr'>cf.</span> <span class='ocrx_word' id='word_1_300' title='bbox 2618 4012 2682 4063; x_wconf 77' lang='lat' dir='ltr'>E.</span> <span class='ocrx_word' id='word_1_301' title='bbox 2716 4011 2789 4061; x_wconf 82' lang='lat' dir='ltr'>M.</span> <span class='ocrx_word' id='word_1_302' title='bbox 2826 4012 2945 4072; x_wconf 77' lang='lat'><strong>807,</strong></span> <span class='ocrx_word' id='word_1_303' title='bbox 2985 4010 3063 4058; x_wconf 87' lang='lat'>15.</span> 
     </span>
     <span class='ocr_line' id='line_1_39' title="bbox 551 4075 3196 4145; baseline 0 -19"><span class='ocrx_word' id='word_1_304' title='bbox 551 4077 586 4128; x_wconf 95' lang='lat' dir='ltr'>l.</span> <span class='ocrx_word' id='word_1_305' title='bbox 625 4079 658 4126; x_wconf 85' lang='grc'>9</span> <span class='ocrx_word' id='word_1_306' title='bbox 700 4075 916 4140; x_wconf 72' lang='grc' dir='ltr'>τριετὲς</span> <span class='ocrx_word' id='word_1_307' title='bbox 964 4076 1161 4141; x_wconf 78' lang='lat' dir='ltr'>scripsi</span> <span class='ocrx_word' id='word_1_308' title='bbox 1208 4091 1306 4141; x_wconf 88' lang='lat' dir='ltr'>pro</span> <span class='ocrx_word' id='word_1_309' title='bbox 1349 4075 1579 4140; x_wconf 85' lang='grc' dir='ltr'>τριέτες.</span> <span class='ocrx_word' id='word_1_310' title='bbox 1649 4079 1864 4136; x_wconf 78' lang='lat' dir='ltr'><strong>Iacobi,</strong></span> <span class='ocrx_word' id='word_1_311' title='bbox 1911 4081 2005 4144; x_wconf 86' lang='lat' dir='ltr'>qui</span> <span class='ocrx_word' id='word_1_312' title='bbox 2038 4080 2160 4130; x_wconf 80' lang='lat' dir='ltr'><strong>vult</strong></span> <span class='ocrx_word' id='word_1_313' title='bbox 2194 4078 2439 4145; x_wconf 85' lang='grc' dir='ltr'>τρίετες,</span> <span class='ocrx_word' id='word_1_314' title='bbox 2485 4080 2681 4130; x_wconf 80' lang='lat' dir='ltr'>laudat</span> <span class='ocrx_word' id='word_1_315' title='bbox 2716 4083 2940 4144; x_wconf 79' lang='lat' dir='ltr'>praeter</span> <span class='ocrx_word' id='word_1_316' title='bbox 2974 4077 3144 4127; x_wconf 83' lang='lat' dir='ltr'>Lehr-</span> <span class='ocrx_word' id='word_1_317' title='bbox 3182 4124 3196 4132; x_wconf 77' lang='grc'><strong><em>,</em></strong></span> 
     </span>
     <span class='ocr_line' id='line_1_40' title="bbox 553 4145 3147 4213; baseline -0 -18"><span class='ocrx_word' id='word_1_318' title='bbox 553 4145 692 4195; x_wconf 79' lang='lat' dir='ltr'><strong>sium</strong></span> <span class='ocrx_word' id='word_1_319' title='bbox 738 4161 790 4209; x_wconf 91' lang='lat' dir='ltr'>q.</span> <span class='ocrx_word' id='word_1_320' title='bbox 838 4160 924 4210; x_wconf 79' lang='lat' dir='ltr'>ep.</span> <span class='ocrx_word' id='word_1_321' title='bbox 971 4161 1025 4210; x_wconf 85' lang='lat' dir='ltr'>p.</span> <span class='ocrx_word' id='word_1_322' title='bbox 1067 4146 1162 4195; x_wconf 81' lang='lat'>135</span> <span class='ocrx_word' id='word_1_323' title='bbox 1209 4158 1359 4209; x_wconf 77' lang='lat' dir='ltr'><strong>seqq.</strong></span> <span class='ocrx_word' id='word_1_324' title='bbox 1413 4145 1585 4195; x_wconf 87' lang='lat' dir='ltr'><strong>locum</strong></span> <span class='ocrx_word' id='word_1_325' title='bbox 1639 4146 1884 4196; x_wconf 78' lang='lat' dir='ltr'>Pollucis</span> <span class='ocrx_word' id='word_1_326' title='bbox 1927 4163 1960 4197; x_wconf 79' lang='lat' dir='ltr'><strong>a</strong></span> <span class='ocrx_word' id='word_1_327' title='bbox 2004 4147 2235 4198; x_wconf 84' lang='lat' dir='ltr'><strong>Lehrsio</strong></span> <span class='ocrx_word' id='word_1_328' title='bbox 2282 4148 2597 4213; x_wconf 78' lang='lat' dir='ltr'>neglectum</span> <span class='ocrx_word' id='word_1_329' title='bbox 2648 4148 2676 4197; x_wconf 95' lang='lat'>1</span> <span class='ocrx_word' id='word_1_330' title='bbox 2719 4149 2811 4211; x_wconf 77' lang='lat'>54,</span> <span class='ocrx_word' id='word_1_331' title='bbox 2859 4161 3020 4211; x_wconf 85' lang='lat' dir='ltr'>quem</span> <span class='ocrx_word' id='word_1_332' title='bbox 3064 4145 3147 4195; x_wconf 80' lang='lat' dir='ltr'>sie</span> 
     </span>
     <span class='ocr_line' id='line_1_41' title="bbox 551 4209 3143 4282; baseline 0 -20"><span class='ocrx_word' id='word_1_333' title='bbox 551 4212 833 4263; x_wconf 77' lang='lat' dir='ltr'><strong>emendat:</strong></span> <span class='ocrx_word' id='word_1_334' title='bbox 871 4210 1096 4275; x_wconf 84' lang='grc' dir='ltr'>ἡμιετὲς</span> <span class='ocrx_word' id='word_1_335' title='bbox 1133 4210 1223 4262; x_wconf 83' lang='grc' dir='ltr'>καὶ</span> <span class='ocrx_word' id='word_1_336' title='bbox 1260 4209 1493 4276; x_wconf 83' lang='grc' dir='ltr'>ἡμιετὴς</span> <span class='ocrx_word' id='word_1_337' title='bbox 1531 4212 1732 4278; x_wconf 84' lang='grc' dir='ltr'>χρόνος</span> <span class='ocrx_word' id='word_1_338' title='bbox 1768 4214 1860 4265; x_wconf 84' lang='grc' dir='ltr'>καὶ</span> <span class='ocrx_word' id='word_1_339' title='bbox 1896 4213 2083 4279; x_wconf 87' lang='grc' dir='ltr'>διετής</span> <span class='ocrx_word' id='word_1_340' title='bbox 2120 4215 2209 4266; x_wconf 77' lang='grc' dir='ltr'>καὶ</span> <span class='ocrx_word' id='word_1_341' title='bbox 2246 4215 2470 4282; x_wconf 88' lang='grc' dir='ltr'>τριετής</span> <span class='ocrx_word' id='word_1_342' title='bbox 2497 4214 2611 4280; x_wconf 83' lang='grc' dir='ltr'>(καὶ</span> <span class='ocrx_word' id='word_1_343' title='bbox 2650 4214 2805 4279; x_wconf 80' lang='grc' dir='ltr'>μέχρι</span> <span class='ocrx_word' id='word_1_344' title='bbox 2841 4213 3143 4264; x_wconf 82' lang='grc' dir='ltr'>δεκαετοῦς</span> 
     </span>
     <span class='ocr_line' id='line_1_42' title="bbox 551 4278 3145 4348; baseline -0.001 -18"><span class='ocrx_word' id='word_1_345' title='bbox 551 4281 694 4331; x_wconf 72' lang='lat' dir='ltr'><strong>haee,</strong></span> <span class='ocrx_word' id='word_1_346' title='bbox 737 4281 917 4330; x_wconf 81' lang='lat' dir='ltr'><strong>omitti</strong></span> <span class='ocrx_word' id='word_1_347' title='bbox 961 4280 1103 4343; x_wconf 82' lang='lat' dir='ltr'>vult)</span> <span class='ocrx_word' id='word_1_348' title='bbox 1151 4278 1245 4330; x_wconf 81' lang='grc' dir='ltr'>ἐπὶ</span> <span class='ocrx_word' id='word_1_349' title='bbox 1292 4279 1392 4342; x_wconf 84' lang='grc' dir='ltr'>μὲν</span> <span class='ocrx_word' id='word_1_350' title='bbox 1437 4279 1643 4344; x_wconf 86' lang='grc' dir='ltr'>χρόνου</span> <span class='ocrx_word' id='word_1_351' title='bbox 1693 4281 1768 4343; x_wconf 89' lang='lat' dir='ltr'>(h.</span> <span class='ocrx_word' id='word_1_352' title='bbox 1808 4299 1855 4332; x_wconf 75' lang='lat' dir='ltr'>o.</span> <span class='ocrx_word' id='word_1_353' title='bbox 1903 4282 2302 4335; x_wconf 78' lang='lat' dir='ltr'>adverbialiter</span> <span class='ocrx_word' id='word_1_354' title='bbox 2339 4284 2540 4346; x_wconf 78' lang='lat' dir='ltr'>Lohrs)</span> <span class='ocrx_word' id='word_1_355' title='bbox 2587 4280 3145 4348; x_wconf 85' lang='grc' dir='ltr'>προπαροξυνόντων</span> 
     </span>
     <span class='ocr_line' id='line_1_43' title="bbox 553 4346 3145 4416; baseline -0.001 -17"><span class='ocrx_word' id='word_1_356' title='bbox 553 4347 674 4414; x_wconf 85' lang='lat' dir='ltr'>(pro</span> <span class='ocrx_word' id='word_1_357' title='bbox 711 4347 1039 4399; x_wconf 84' lang='grc' dir='ltr'>ὀξυνόντων</span> <span class='ocrx_word' id='word_1_358' title='bbox 1077 4348 1369 4410; x_wconf 79' lang='lat' dir='ltr'>Bekkeri),</span> <span class='ocrx_word' id='word_1_359' title='bbox 1404 4346 1499 4399; x_wconf 80' lang='grc' dir='ltr'>ἐπὶ</span> <span class='ocrx_word' id='word_1_360' title='bbox 1534 4348 1595 4400; x_wconf 85' lang='grc' dir='ltr'>δὲ</span> <span class='ocrx_word' id='word_1_361' title='bbox 1632 4348 1854 4400; x_wconf 85' lang='grc' dir='ltr'>παιδίου</span> <span class='ocrx_word' id='word_1_362' title='bbox 1892 4350 1981 4401; x_wconf 77' lang='grc' dir='ltr'>καὶ</span> <span class='ocrx_word' id='word_1_363' title='bbox 2020 4349 2178 4403; x_wconf 84' lang='grc' dir='ltr'>οἴνου</span> <span class='ocrx_word' id='word_1_364' title='bbox 2224 4352 2314 4403; x_wconf 78' lang='grc' dir='ltr'>καὶ</span> <span class='ocrx_word' id='word_1_365' title='bbox 2353 4354 2538 4416; x_wconf 85' lang='grc' dir='ltr'>φυτοῠ</span> <span class='ocrx_word' id='word_1_366' title='bbox 2579 4351 2671 4402; x_wconf 79' lang='grc' dir='ltr'>καὶ</span> <span class='ocrx_word' id='word_1_367' title='bbox 2704 4352 2827 4400; x_wconf 89' lang='grc' dir='ltr'>τῶν</span> <span class='ocrx_word' id='word_1_368' title='bbox 2862 4347 3145 4400; x_wconf 88' lang='grc' dir='ltr'>τοιούτων</span> 
     </span>
     <span class='ocr_line' id='line_1_44' title="bbox 551 4413 3143 4485; baseline -0.002 -17"><span class='ocrx_word' id='word_1_369' title='bbox 551 4413 881 4468; x_wconf 84' lang='grc' dir='ltr'>ὸξυνόντων</span> <span class='ocrx_word' id='word_1_370' title='bbox 917 4416 1039 4481; x_wconf 80' lang='lat' dir='ltr'>(pro</span> <span class='ocrx_word' id='word_1_371' title='bbox 1075 4414 1516 4480; x_wconf 87' lang='grc' dir='ltr'>παροξυνόντων</span> <span class='ocrx_word' id='word_1_372' title='bbox 1554 4419 1820 4481; x_wconf 83' lang='lat' dir='ltr'>Bekkeri)</span> <span class='ocrx_word' id='word_1_373' title='bbox 1861 4416 1938 4470; x_wconf 88' lang='grc' dir='ltr'>ώς</span> <span class='ocrx_word' id='word_1_374' title='bbox 1986 4417 2077 4468; x_wconf 80' lang='grc' dir='ltr'>ἐπὶ</span> <span class='ocrx_word' id='word_1_375' title='bbox 2125 4422 2229 4469; x_wconf 81' lang='grc' dir='ltr'>τοῦ</span> <span class='ocrx_word' id='word_1_376' title='bbox 2268 4419 2455 4485; x_wconf 88' lang='grc' dir='ltr'>διετής</span> <span class='ocrx_word' id='word_1_377' title='bbox 2496 4418 2618 4485; x_wconf 86' lang='lat' dir='ltr'>(pro</span> <span class='ocrx_word' id='word_1_378' title='bbox 2654 4416 2839 4483; x_wconf 85' lang='grc' dir='ltr'>διέτης</span> <span class='ocrx_word' id='word_1_379' title='bbox 2878 4417 3143 4480; x_wconf 82' lang='lat' dir='ltr'><strong>Bekkeri)</strong></span> 
     </span>
     <span class='ocr_line' id='line_1_45' title="bbox 553 4482 3145 4552; baseline -0 -18"><span class='ocrx_word' id='word_1_380' title='bbox 553 4483 709 4550; x_wconf 85' lang='grc' dir='ltr'>μέχρι</span> <span class='ocrx_word' id='word_1_381' title='bbox 745 4487 850 4536; x_wconf 82' lang='grc' dir='ltr'>τοο</span> <span class='ocrx_word' id='word_1_382' title='bbox 896 4482 1167 4547; x_wconf 83' lang='grc' dir='ltr'>δεκαετής</span> <span class='ocrx_word' id='word_1_383' title='bbox 1215 4484 1337 4549; x_wconf 89' lang='lat' dir='ltr'>(pro</span> <span class='ocrx_word' id='word_1_384' title='bbox 1380 4484 1611 4549; x_wconf 82' lang='grc' dir='ltr'>δεκέτης</span> <span class='ocrx_word' id='word_1_385' title='bbox 1648 4486 1932 4552; x_wconf 76' lang='lat' dir='ltr'>Bokkeri).</span> <span class='ocrx_word' id='word_1_386' title='bbox 2002 4489 2187 4538; x_wconf 75' lang='lat' dir='ltr'>Verba</span> <span class='ocrx_word' id='word_1_387' title='bbox 2229 4488 2359 4538; x_wconf 81' lang='lat' dir='ltr'><strong>inde</strong></span> <span class='ocrx_word' id='word_1_388' title='bbox 2405 4489 2475 4538; x_wconf 78' lang='lat' dir='ltr'>ab</span> <span class='ocrx_word' id='word_1_389' title='bbox 2522 4484 2800 4550; x_wconf 88' lang='grc' dir='ltr'>αὐτοετής</span> <span class='ocrx_word' id='word_1_390' title='bbox 2847 4501 3025 4550; x_wconf 77' lang='lat' dir='ltr'><strong>usque</strong></span> <span class='ocrx_word' id='word_1_391' title='bbox 3072 4483 3145 4533; x_wconf 76' lang='lat' dir='ltr'>ad</span> 
     </span>
     <span class='ocr_line' id='line_1_46' title="bbox 552 4550 3144 4620; baseline 0 -19"><span class='ocrx_word' id='word_1_392' title='bbox 552 4553 712 4604; x_wconf 80' lang='lat' dir='ltr'><strong>finem</strong></span> <span class='ocrx_word' id='word_1_393' title='bbox 750 4553 983 4618; x_wconf 79' lang='lat' dir='ltr'><strong>apposui</strong></span> <span class='ocrx_word' id='word_1_394' title='bbox 1019 4569 1085 4603; x_wconf 81' lang='lat' dir='ltr'>ex</span> <span class='ocrx_word' id='word_1_395' title='bbox 1122 4551 1199 4602; x_wconf 85' lang='lat'>10.</span> <span class='ocrx_word' id='word_1_396' title='bbox 1236 4553 1320 4602; x_wconf 76' lang='lat' dir='ltr'>Al.</span> <span class='ocrx_word' id='word_1_397' title='bbox 1359 4556 1441 4615; x_wconf 82' lang='lat'>30,</span> <span class='ocrx_word' id='word_1_398' title='bbox 1484 4556 1561 4603; x_wconf 81' lang='lat'>15.</span> <span class='ocrx_word' id='word_1_399' title='bbox 1757 4553 1792 4604; x_wconf 89' lang='lat' dir='ltr'>l.</span> <span class='ocrx_word' id='word_1_400' title='bbox 1832 4559 1894 4606; x_wconf 83' lang='lat'>15</span> <span class='ocrx_word' id='word_1_401' title='bbox 1931 4555 1997 4605; x_wconf 81' lang='lat' dir='ltr'>de</span> <span class='ocrx_word' id='word_1_402' title='bbox 2036 4554 2286 4620; x_wconf 85' lang='grc' dir='ltr'>θυμήρης</span> <span class='ocrx_word' id='word_1_403' title='bbox 2326 4561 2382 4606; x_wconf 83' lang='lat' dir='ltr'>et</span> <span class='ocrx_word' id='word_1_404' title='bbox 2419 4554 2671 4620; x_wconf 85' lang='grc' dir='ltr'>θυμαρής</span> <span class='ocrx_word' id='word_1_405' title='bbox 2710 4556 2780 4604; x_wconf 82' lang='lat' dir='ltr'>cf.</span> <span class='ocrx_word' id='word_1_406' title='bbox 2815 4553 2879 4607; x_wconf 90' lang='lat'>11.</span> <span class='ocrx_word' id='word_1_407' title='bbox 2916 4555 3070 4604; x_wconf 83' lang='lat' dir='ltr'>Pros.</span> <span class='ocrx_word' id='word_1_408' title='bbox 3110 4550 3144 4602; x_wconf 89' lang='grc' dir='ltr'>Γ</span> 
     </span>
     <span class='ocr_line' id='line_1_47' title="bbox 552 4619 3154 4688; baseline -0.001 -18"><span class='ocrx_word' id='word_1_409' title='bbox 552 4624 668 4671; x_wconf 85' lang='grc'>316.</span> <span class='ocrx_word' id='word_1_410' title='bbox 710 4621 722 4672; x_wconf 92' lang='grc' dir='ltr'>Ι</span> <span class='ocrx_word' id='word_1_411' title='bbox 761 4625 878 4671; x_wconf 85' lang='grc'>336.</span> <span class='ocrx_word' id='word_1_412' title='bbox 1018 4621 1055 4671; x_wconf 91' lang='grc' dir='ltr'>Ι.</span> <span class='ocrx_word' id='word_1_413' title='bbox 1092 4623 1159 4671; x_wconf 76' lang='grc'>25</span> <span class='ocrx_word' id='word_1_414' title='bbox 1194 4619 1229 4682; x_wconf 87' lang='grc' dir='ltr'>ή</span> <span class='ocrx_word' id='word_1_415' title='bbox 1268 4620 1329 4671; x_wconf 84' lang='grc' dir='ltr'>δὲ</span> <span class='ocrx_word' id='word_1_416' title='bbox 1367 4621 1599 4685; x_wconf 83' lang='grc' dir='ltr'>κλητικὴ</span> <span class='ocrx_word' id='word_1_417' title='bbox 1638 4620 1919 4688; x_wconf 82' lang='grc' dir='ltr'>πόδαρκες</span> <span class='ocrx_word' id='word_1_418' title='bbox 1954 4639 2129 4688; x_wconf 79' lang='lat' dir='ltr'><strong>usque</strong></span> <span class='ocrx_word' id='word_1_419' title='bbox 2167 4623 2239 4673; x_wconf 80' lang='lat' dir='ltr'>ad</span> <span class='ocrx_word' id='word_1_420' title='bbox 2276 4623 2436 4673; x_wconf 82' lang='lat' dir='ltr'><strong>finem</strong></span> <span class='ocrx_word' id='word_1_421' title='bbox 2475 4628 2832 4673; x_wconf 78' lang='lat' dir='ltr'><strong>accesserunt</strong></span> <span class='ocrx_word' id='word_1_422' title='bbox 2865 4638 2930 4671; x_wconf 81' lang='lat' dir='ltr'>ex</span> <span class='ocrx_word' id='word_1_423' title='bbox 2968 4623 3031 4670; x_wconf 80' lang='lat' dir='ltr'>E.</span> <span class='ocrx_word' id='word_1_424' title='bbox 3071 4620 3154 4668; x_wconf 61' lang='grc' dir='ltr'>Μ.</span> 
     </span>
     <span class='ocr_line' id='line_1_48' title="bbox 550 4687 3143 4755; baseline 0 -17"><span class='ocrx_word' id='word_1_425' title='bbox 550 4690 668 4753; x_wconf 81' lang='grc'>678,</span> <span class='ocrx_word' id='word_1_426' title='bbox 707 4692 738 4738; x_wconf 78' lang='grc'>2</span> <span class='ocrx_word' id='word_1_427' title='bbox 776 4690 847 4739; x_wconf 82' lang='lat' dir='ltr'>cf.</span> <span class='ocrx_word' id='word_1_428' title='bbox 886 4688 1063 4739; x_wconf 76' lang='lat' dir='ltr'><strong>Lehrs</strong></span> <span class='ocrx_word' id='word_1_429' title='bbox 1098 4705 1147 4753; x_wconf 89' lang='lat' dir='ltr'>q.</span> <span class='ocrx_word' id='word_1_430' title='bbox 1191 4704 1276 4752; x_wconf 80' lang='lat' dir='ltr'>ep.</span> <span class='ocrx_word' id='word_1_431' title='bbox 1317 4691 1428 4738; x_wconf 85' lang='lat'>159.</span> <span class='ocrx_word' id='word_1_432' title='bbox 1489 4689 1557 4738; x_wconf 79' lang='lat' dir='ltr'>de</span> <span class='ocrx_word' id='word_1_433' title='bbox 1595 4689 1878 4755; x_wconf 85' lang='grc' dir='ltr'>τανυήκης</span> <span class='ocrx_word' id='word_1_434' title='bbox 1917 4691 1988 4740; x_wconf 77' lang='lat' dir='ltr'>cf.</span> <span class='ocrx_word' id='word_1_435' title='bbox 2027 4691 2092 4743; x_wconf 82' lang='grc' dir='ltr'>ΙΙ.</span> <span class='ocrx_word' id='word_1_436' title='bbox 2130 4694 2217 4741; x_wconf 79' lang='lat' dir='ltr'>Pr.</span> <span class='ocrx_word' id='word_1_437' title='bbox 2258 4690 2300 4742; x_wconf 91' lang='grc' dir='ltr'>Ν</span> <span class='ocrx_word' id='word_1_438' title='bbox 2339 4695 2457 4754; x_wconf 87' lang='grc'>391,</span> <span class='ocrx_word' id='word_1_439' title='bbox 2496 4687 2555 4742; x_wconf 96' lang='grc' dir='ltr'>Π</span> <span class='ocrx_word' id='word_1_440' title='bbox 2591 4692 2707 4742; x_wconf 76' lang='grc'>769.</span> <span class='ocrx_word' id='word_1_441' title='bbox 2762 4690 2829 4739; x_wconf 82' lang='lat' dir='ltr'>de</span> <span class='ocrx_word' id='word_1_442' title='bbox 2866 4688 3143 4752; x_wconf 84' lang='grc' dir='ltr'>αὔταρκες</span> 
     </span>
     <span class='ocr_line' id='line_1_49' title="bbox 551 4753 3145 4824; baseline 0 -18"><span class='ocrx_word' id='word_1_443' title='bbox 551 4758 652 4806; x_wconf 81' lang='lat' dir='ltr'>An.</span> <span class='ocrx_word' id='word_1_444' title='bbox 690 4756 790 4806; x_wconf 83' lang='lat' dir='ltr'>Ox.</span> <span class='ocrx_word' id='word_1_445' title='bbox 827 4758 880 4807; x_wconf 93' lang='lat'>11</span> <span class='ocrx_word' id='word_1_446' title='bbox 917 4760 1036 4819; x_wconf 81' lang='lat'>340,</span> <span class='ocrx_word' id='word_1_447' title='bbox 1074 4760 1136 4807; x_wconf 81' lang='lat'>31</span> <span class='ocrx_word' id='word_1_448' title='bbox 1175 4754 1245 4806; x_wconf 89' lang='grc' dir='ltr'>τὸ</span> <span class='ocrx_word' id='word_1_449' title='bbox 1282 4753 1585 4820; x_wconf 84' lang='grc' dir='ltr'>οὐδέτερον</span> <span class='ocrx_word' id='word_1_450' title='bbox 1620 4755 1899 4822; x_wconf 87' lang='grc' dir='ltr'>αὔταρκες</span> <span class='ocrx_word' id='word_1_451' title='bbox 1936 4758 2469 4824; x_wconf 85' lang='grc' dir='ltr'>προπαροξυτόνως.</span> <span class='ocrx_word' id='word_1_452' title='bbox 2577 4761 2612 4812; x_wconf 94' lang='lat' dir='ltr'>l.</span> <span class='ocrx_word' id='word_1_453' title='bbox 2641 4762 2707 4810; x_wconf 85' lang='grc'>30</span> <span class='ocrx_word' id='word_1_454' title='bbox 2742 4773 2840 4824; x_wconf 83' lang='lat' dir='ltr'>pro</span> <span class='ocrx_word' id='word_1_455' title='bbox 2878 4754 3145 4821; x_wconf 81' lang='grc' dir='ltr'>μετοχικὰ</span> 
     </span>
     <span class='ocr_line' id='line_1_50' title="bbox 549 4822 1366 4891; baseline -0.007 -14"><span class='ocrx_word' id='word_1_456' title='bbox 549 4825 754 4891; x_wconf 80' lang='lat' dir='ltr'>scripsi</span> <span class='ocrx_word' id='word_1_457' title='bbox 785 4826 1045 4887; x_wconf 90' lang='grc' dir='ltr'>μετοχῶν</span> <span class='ocrx_word' id='word_1_458' title='bbox 1082 4822 1366 4887; x_wconf 83' lang='grc' dir='ltr'>οὐδέτερα.</span> 
     </span>
    </p>
   </div>
  </div>
 </body>
</html>
