3664 5546
652 339 781 403 280
1589 337 1670 391 εκ
1708 336 1847 390 τΩΝ
1890 334 2299 391 ΗΡΩΔιΑΝοΥ

650 509 936 572 ἐκαλεῖτο
1005 507 1137 573 ἀπὸ
1202 513 1333 573 τῶν
1394 508 1823 572 ἐνοικούντων
1890 506 2022 571 ἐκεῖ
2075 505 2367 588 ἀνδρῶν,
2437 508 2501 571 οἳ
2557 507 2910 572 ἐκαλοῦντο
2973 507 3250 586 (φῆκες.

650 610 1269 688 Τεμένεια,πόλις
1321 609 1597 687 Φρυγίας
1659 609 1822 686 πρὸς
1876 615 1951 691 τῇ
2007 608 2342 690 Λυκαονίᾳ.
2439 608 2954 672 Πολυάνθεια
3007 608 3250 685 πρότε-

653 730 770 788 ρον
816 710 1106 774 ἐκαλεῖτο
1152 710 1425 789 Τράλλις
1467 710 1653 773 πόλις
1681 709 1914 775 Λυδίας
1959 709 2063 774 διὰ
2105 710 2182 773 τὸ
2226 710 2441 773 πολλὰ
2484 708 2645 788 ἄνθη
2691 710 2822 773 ἐκεῖ
2864 709 3247 788 πεφυκέναι.

650 812 1009 891 Τράφεια
1074 812 1258 875 πόλις
1314 811 1618 875 Βοιωτίας
1682 810 1900 874 πολλὰ
1955 811 2278 889 θρέμματα
2341 811 2591 889 ἔχουςα.
2681 810 2993 888 Τρίτεια
3054 810 3252 874 πόλις

593 922 625 969 5
657 913 903 991 Τρωϊκὴ
951 912 1316 992 Ἀριςβαίων
1360 913 1589 991 κτίςμα.
1679 912 1804 976 ἔςτι
1851 913 1953 974 καὶ
1996 910 2158 990 ἄλλη
2215 913 2442 990 μεταξὺ
2489 911 2779 976 Φωκίδος
2831 912 2934 975 καὶ
2974 911 3252 989 Λοκρῶν

653 1018 783 1079 τῶν
816 1013 1117 1079 Ὀζολῶν.
1164 1012 1477 1091 Ὑάμεια
1520 1013 1708 1076 πόλις
1740 1013 2065 1089 Μεςςήνης
2107 1017 2237 1076 τῶν
2283 1013 2474 1077 πέντε
2521 1014 2642 1091 μία.
2689 1012 3016 1076 Ὑάπεια
3056 1013 3253 1077 πόλις

653 1113 941 1178 Φωκίδος
1002 1113 1135 1180 ἀπὸ
1196 1113 1462 1178 Ὑάπου.
1569 1113 1946 1177 Φιδάλεια
2009 1114 2047 1190 ἡ
2111 1114 2431 1179 Βύζαντος
2506 1114 2685 1191 γυνή.
2794 1114 3254 1191 Φαρνάκεια

655 1216 836 1293 χώρα
878 1218 981 1279 καὶ
1022 1215 1207 1279 πόλις
1237 1215 1552 1296 Ποντική,
1598 1216 1915 1293 προςεχὴς
1960 1221 2034 1297 τῇ
2066 1215 2517 1292 Τραπεζοῦντι.
2578 1214 3083 1293 Φαναγόρεια
3125 1214 3248 1278 πό-

656 1320 781 1397 λις,
827 1314 958 1381 ἀπὸ
989 1316 1407 1405 Φαναγόρου,
1456 1316 1544 1381 ώς
1589 1315 1913 1380 Ἑκαταῖος
1957 1316 2138 1407 Ἀςίᾳ.
2195 1316 2233 1393 ἡ
2279 1318 2469 1393 νῆςος
2500 1302 2844 1395 Φαναγόρη
2888 1317 2992 1380 καὶ
3034 1316 3250 1380 Φανα-

562 1425 627 1475 10
661 1418 897 1495 γόρεια.
984 1417 1275 1496 Φήγεια
1330 1417 1516 1480 πόλις
1570 1417 1896 1496 Ἀρκαδίας
1960 1416 2092 1513 ἀπό
2147 1418 2411 1495 Φηγέως
2478 1418 2811 1498 βαςιλέως,
2877 1416 2968 1481 ὡς
3036 1416 3250 1495 Χάραξ

656 1519 1035 1597 Ἑλληνικῶν
1082 1518 1153 1582 δ’.
1242 1518 1626 1593 Φιγάλεια
1669 1519 1857 1582 πόλις
1903 1519 2241 1596 Ἀρκαδίας.
2289 1518 2536 1583 Ῥιανὸς
2581 1518 2653 1582 ἐν
2699 1518 2748 1582 ε’
2797 1519 3250 1597 Μεςςηνιακῶν

660 1622 814 1697 «τὴν
872 1622 984 1698 μὲν
1038 1618 1307 1697 ἀνήγετ’
1362 1617 1604 1684 ἄκοιτιν
1664 1619 1768 1683 ἐπὶ
1836 1620 2117 1697 κραναὴν
2173 1617 2577 1694 Φιγάλειαν».
2668 1620 3118 1698 μετωνομάςθη
3176 1620 3250 1681 δὲ

658 1722 987 1785 Φιάλεια
1041 1721 1184 1797 δίχα
1237 1724 1352 1783 τοῦ
1418 1723 1459 1795 γ
1524 1719 1655 1784 ἀπὸ
1709 1720 1957 1785 Φιάλου
2011 1720 2201 1783 τινός.
2289 1718 2412 1783 ἔςτι
2469 1722 2573 1784 καὶ
2625 1720 2890 1785 Φιάλεια
2941 1720 3247 1783 Βιθυνίας.

660 1822 988 1899 Φορίεια
1032 1821 1207 1900 κώμη
1254 1820 1593 1899 Ἀρκαδίας.
1649 1821 2199 1899 Φιλαδέλφεια
2244 1821 2429 1885 πόλις
2471 1821 2732 1903 Λυδίας,
2777 1821 3080 1886 Ἀττάλου
3126 1820 3248 1883 κτί-

562 1943 624 1994 15
663 1944 781 2001 ςμα
825 1926 941 1986 τοῦ
985 1922 1410 2002 φιλαδέλφου.
1500 1922 1625 1986 ἔςτι
1681 1924 1752 1985 δὲ
1779 1924 1921 1998 ’τῆς
1970 1921 2361 2000 Κεκαυμένης
2409 1923 2536 1987 ὑπὸ
2586 1924 2822 1987 Μυςῶν
2879 1923 2979 1986 καὶ
3023 1922 3250 1987 Λυδῶν

662 2023 1116 2101 κατεχομένης·
1174 2022 1472 2102 (τράβων
1520 2023 1596 2102 ιβ’
1642 2021 1729 2107 (p.
1772 2021 1951 2101 579).
2040 2023 2163 2087 ἔςτι
2213 2025 2315 2087 καὶ
2357 2023 2541 2101 ἑτέρα
2584 2028 2696 2102 τῆς
2740 2023 3096 2104 Αἰγύπτου,
3150 2023 3256 2087 καὶ

662 2125 835 2202 τρίτη
896 2127 1006 2200 τῆς
1062 2124 1284 2201 (Συρίας
1351 2122 1666 2204 ἐπιφανὴς
1733 2124 1920 2187 πόλις
1984 2123 2115 2189 ἀπὸ
2176 2125 2584 2204 Πτολεμαίου
2644 2128 2761 2188 τοῦ
2820 2125 3250 2205 φιλαδέλφου.

664 2225 1094 2302 Ἀράντεια·
1164 2225 1368 2289 οὕτως
1429 2224 1717 2297 έκαλεῑτο
1772 2225 2010 2289 Φλιοῦς
2064 2225 2248 2289 πόλις
2302 2226 2829 2304 Πελοποννήςου.
2920 2226 3255 2289 Θέςπεια

663 2327 850 2390 πόλις
907 2327 1243 2407 Βοιωτίας,
1301 2309 1658 2390 Θεςπιάδου
1715 2327 1960 2407 κτίςμα,
2026 2328 2184 2389 κατὰ
2242 2328 2312 2390 δέ
2367 2347 2543 2391 τινας
2597 2327 2871 2391 Θεςπίου
2927 2331 3045 2390 τοῦ
3099 2324 3254 2389 Τεύ-

563 2447 631 2497 20
665 2434 939 2505 θραντος
981 2431 1098 2491 τοῦ
1140 2426 1534 2491 Πανδίονος·
1593 2427 1876 2507 Ὅμηρος
1925 2428 2274 2493 «Θέςπειαν
2323 2430 2554 2506 Γραῖάν
2587 2449 2698 2492 τε»
2731 2430 2807 2509 (Β
2838 2420 3014 2508 498).
3102 2426 3254 2503 γρά-

667 2549 854 2608 φεται
901 2530 1001 2592 καὶ
1032 2528 1137 2592 διὰ
1166 2533 1282 2617 τοι)
1314 2531 1345 2590 ῖ
1377 2529 1477 2592 καὶ
1507 2528 1846 2592 ἐκτείνεται
1878 2530 1980 2592 καὶ
2010 2530 2400 2594 ςυςτέλλεται
2432 2529 2606 2607 παρὰ
2642 2530 2914 2613 Κορίννῃ
2954 2528 3255 2615 «Θέςπια,

668 2630 1145 2711 καλλιγένεθλε,
1190 2630 1522 2711 φιλόξενε,
1580 2630 2065 2709 μουςοφίλητε».
2155 2633 2256 2695 καὶ
2301 2631 2658 2711 ἐπίγραμμα
2712 2635 2844 2697 τῶν
2891 2628 3257 2708 ἀναιρεθέν-

669 2752 801 2796 των
847 2731 974 2795 ὑπὸ
1018 2736 1150 2794 τῶν
1195 2731 1480 2809 Περςῶν.
1569 2730 1648 2809 ἦν
1693 2734 1763 2795 δὲ
1808 2732 2118 2798 Φιλιάδου
2166 2734 2548 2814 Μεγαρέως,

1017 2832 1245 2909 ἄνδρες
1286 2832 1387 2895 τοί
1430 2833 1588 2895 ποτ’
1632 2832 1853 2897 ἔναιον
1899 2835 2026 2898 ὑπὸ
2073 2835 2421 2914 κροτάφοις
2466 2836 2835 2918 Ἑλικῶνος,

571 2953 638 3001 25
1143 2933 1368 3011 λήματι
1414 2938 1543 2997 τῶν
1589 2935 1772 3012 αὐχεῖ
1817 2935 2091 2999 Θεςπιὰς
2137 2936 2508 3014 εὐρύχορος.

673 3036 1113 3112 πληθυντικῶς
1159 3035 1229 3097 δὲ
1275 3034 1596 3097 Θεςπιαί
1641 3032 1982 3101 ὀξυτόνως.
2072 3037 2361 3103 ὀξύνεται
2418 3039 2489 3101 δὲ
2544 3038 2646 3101 καὶ
2701 3037 2807 3101 διὰ
2859 3038 2938 3103 τὸ
2982 3040 3261 3114 πληθυν-

677 3140 864 3199 τικῶς
909 3134 1193 3209 λέγεςθαι
1242 3134 1610 3216 Ὀρνειαί,
1658 3136 1832 3214 κώμη
1880 3137 2188 3213 Ἀργείας·
2255 3138 2381 3203 ἔςτι
2426 3139 2528 3201 καὶ
2571 3139 2758 3216 ἑτέρα
2801 3138 2988 3202 πόλις
3032 3135 3262 3217 μεταξὺ

683 3235 993 3313 Κορίνθου
1059 3237 1160 3298 καὶ
1226 3233 1558 3299 (ικυῶνος.
1667 3236 1951 3316 Ὅμηρος
2017 3239 2094 3319 (Β
2160 3239 2314 3320 571)
2382 3238 2699 3318 «Ὀρνειάς
2763 3240 2827 3302 τ’
2893 3240 3260 3318 ἐνέμοντο».

681 3337 1040 3415 γράφονται
1087 3337 1158 3399 δὲ
1217 3337 1321 3400 διὰ
1366 3338 1725 3416 διφθόγγου
1771 3337 1836 3401 αἱ
1880 3338 2155 3416 Ὀρνειαί
2209 3341 2310 3404 καὶ
2355 3341 2716 3418 Βρυςειαί
2771 3341 2958 3404 πόλις
2998 3340 3261 3402 Ἤλιδος

580 3456 647 3506 30
682 3438 782 3500 καὶ
835 3436 1152 3513 Αὐγειαί
1209 3437 1393 3500 πόλις
1447 3437 1769 3515 Λοκρίδος.
1846 3439 2129 3518 Ὅμηρος
2184 3441 2259 3521 (Β
2304 3441 2462 3522 532)
2518 3442 2660 3505 «καὶ
2702 3441 2971 3516 Αὐγειὰς
3026 3440 3262 3517 ἐρατει-

684 3538 858 3602 νάς».
935 3537 1061 3601 ἔςτι
1107 3538 1209 3601 καὶ
1251 3537 1578 3618 Λακωνικὴ
1624 3540 1809 3604 πόλις
1854 3541 2101 3616 Αὔγεια.
2176 3543 2251 3607 τὸ
2298 3543 2367 3605 δὲ
2412 3542 2677 3620 ἐγχεία
2721 3543 2824 3605 καὶ
2869 3539 3260 3621 ἐλεγχεία,

822 3725 854 3774 l.
899 3728 957 3774 18
993 3723 1233 3776 Θέςπεια
1270 3725 1489 3790 explevi
1524 3741 1589 3775 ex
1627 3726 1705 3776 St.
1743 3728 1803 3776 13:
1846 3742 1889 3777 s,
1925 3743 2006 3790 v.‚
2047 3743 2204 3793 quem
2252 3744 2318 3777 ex
2355 3728 2507 3782 Pro-⁶3.
2547 3728 2840 3780 Catholica
2883 3728 3138 3778 hausisse
3174 3726 3268 3776 de-

686 3797 953 3843 monstrat.
987 3792 1164 3842 Iliaca
1199 3793 1425 3842 Prosod.
1453 3791 1493 3844 Β
1518 3797 1640 3844 498:
1681 3793 1981 3846 Θέςπειαν;
2022 3793 2344 3846 ἐκτετάςθαι
2382 3796 2515 3860 φαςί
2551 3796 2639 3847 διὰ
2674 3795 2743 3846 τὸ
2782 3795 3003 3860 μέτρον.
3058 3794 3126 3846 τὸ
3161 3791 3268 3856 γὰρ

684 3863 788 3924 τῆς
826 3858 1065 3923 ἱςτορίας
1102 3860 1164 3911 ἐν
1200 3860 1434 3925 ςυςτολῇ
1472 3860 1536 3911 τέ
1573 3861 1686 3912 ἐςτι
1723 3862 2118 3925 πληθυντικῶς
2154 3877 2217 3913 τε
2256 3862 2580 3926 λεγόμενον.
2626 3861 2758 3914 ῐςως
2796 3863 2900 3914 οὖν
2938 3862 3077 3914 ὅλον
3112 3875 3267 3925 ποιη-

686 3927 846 3978 τικόν
883 3925 1053 3978 ἐςτιν·
1101 3927 1335 3991 ςύνηθες
1380 3927 1485 3992 γὰρ
1531 3928 1689 3996 αὐτῷ
1736 3928 2006 3981 πολλάκις
2051 3929 2122 3981 τὰ
2168 3931 2565 3995 πληθυντικῶς
2611 3931 2887 3994 λεγόμενα
2932 3931 3024 3981 καὶ
3071 3929 3269 3981 ἑνικῶς

691 3994 1235 4126 ῗὲδῗέρὲἑῗῗὲἔὲὲ
1269 3994 2268 4129 ἓῗὲἴῗῗζῖὲαέέ’ἒῖῗὶέἒνέλὲἓῧψέἕὲἒ
2297 3997 3079 4130 ἕέκολέἔθύιὲῧῒτὲᾭ,”ἔήζᾶῖί
3106 3995 3268 4127 {¹322

693 4144 828 4192 μαι»
867 4131 990 4193 (Od.
1029 4131 1056 4184 ξ
1098 4133 1232 4192 199).
1302 4134 1483 4182 ταῦτα
1529 4130 1592 4182 ἐν
1634 4135 1706 4198 τῇ
1755 4131 2039 4200 προςῳδίᾳ
2085 4133 2116 4184 ὁ
2155 4133 2494 4198 Ἡρωδιανός
2532 4135 2656 4199 (Ep.
2695 4136 2784 4185 Cr.
2819 4135 2844 4183 1
2882 4136 2982 4185 370
3028 4132 3061 4183 ό
3098 4131 3271 4195 Ἡρω-

691 4198 879 4250 διανὸς
918 4197 979 4248 ἐν
1014 4202 1086 4263 τῇ
1125 4197 1392 4264 Ὁμηρικῇ
1431 4197 1714 4265 προςῳδίᾳ
1751 4199 1901 4262 λέγει
1939 4199 2026 4250 ὅτι
2062 4200 2150 4252 διὰ
2185 4204 2287 4253 τοῦ
2326 4205 2359 4253 ῖ
2394 4200 2709 4266 γράφεται).
2763 4199 2826 4252 ἑν
2852 4199 3046 4264 μέντοι
3079 4203 3164 4265 τῷ
3201 4194 3274 4249 ια’

690 4270 794 4330 τῆς
832 4267 1131 4330 καθολικῆς
1165 4264 1480 4333 προςῳδίας
1516 4266 1580 4318 ἐν
1614 4271 1732 4318 τοῖς
1769 4267 2287 4331 προπαροξυτόνως
2333 4270 2423 4321 καὶ
2460 4270 2642 4332 ἔχουςι
2687 4267 2800 4332 πρὸ
2844 4267 3047 4319 τέλους
3081 4267 3188 4330 τὴν
3221 4269 3270 4316 εἰ

693 4333 1002 4397 δίφθογγον
1036 4332 1181 4384 αὐτὸ
1217 4336 1538 4399 καταριθμεῖ
1583 4336 1673 4385 καὶ
1709 4338 1885 4386 τοῦτο
1930 4335 2073 4387 αὐτὸ
2109 4335 2178 4387 τὸ
2217 4335 2319 4400 Ὁμ
2360 4336 2517 4402 ρικὸν
2563 4334 2922 4401 παρατίθηςι,
2972 4336 3061 4386 καὶ
3107 4333 3273 4386 ἀλλα·

694 4405 795 4465 χοῠ
835 4401 983 4464 λέγει
1020 4402 1127 4465 τὴν
1163 4406 1211 4453 ἓῑ
1247 4401 1395 4464 ἔχειν
1431 4401 1574 4454 αὐτὸ
1612 4405 1878 4467 φανερῶς
1915 4404 2005 4455 καὶ
2042 4403 2296 4469 ἐπιφέρει
2369 4420 2423 4456 τι
2468 4405 2560 4456 καὶ
2597 4402 2807 4456 Θεςπιά
2853 4402 3140 4454 ὀξυτόνως
3185 4399 3274 4452 λέ-

694 4484 865 4532 γεται.
936 4471 1163 4521 Versum
1202 4471 1474 4521 Corinnae
1521 4470 1713 4521 addidi
1757 4488 1823 4522 ex
1861 4473 1962 4522 An.
2003 4473 2179 4523 Paris.
2215 4475 2300 4524 111
2335 4477 2461 4534 351,
2501 4476 2564 4524 9:
2597 4500 2660 4509 -
2709 4468 2974 4535 Ὀρνειαί,
3024 4467 3276 4534 Βρυςειαί

698 4539 928 4604 apposui
966 4555 1033 4588 ex
1069 4538 1148 4588 St.
1189 4540 1248 4588 B.
1289 4555 1330 4588 s.
1364 4555 1416 4589 v.
1455 4538 1655 4589 collato
1695 4540 1945 4589 Eustath.
1984 4541 2054 4589 ad
2091 4542 2248 4593 Hom.
2286 4544 2411 4601 291,
2449 4544 2481 4591 6
2518 4540 2733 4603 (addidi
2771 4554 2989 4589 versum
3028 4539 3276 4588 Homeri-

693 4622 813 4655 cum
854 4622 921 4654 ex
959 4606 1038 4655 St.
1058 4607 1119 4654 B.
1146 4621 1187 4655 ει.
1227 4604 1468 4669 Ἀρνεαί)
1508 4612 1563 4655 et
1601 4609 1681 4656 St.
1712 4609 1768 4656 B.
1809 4625 1850 4657 s.
1891 4606 2110 4670 Βρυςιαί
2146 4606 2309 4658 πόλις
2346 4606 2570 4659 Ἤλιδος
2608 4606 2687 4659 ὠς
2724 4604 2950 4668 Αὐγειαί
2988 4604 3275 4658 ὀξυτόνως

690 4672 778 4724 διὰ
829 4673 899 4724 τὸ
953 4674 1346 4737 πληθυντικῶς
1401 4672 1666 4735 λέγεςθαι.
1739 4672 1965 4735 Αὐγειαί
2010 4693 2077 4726 ex
2123 4677 2201 4728 St.
2242 4678 2304 4728 B.
2354 4692 2396 4726 s.
2442 4675 2664 4738 Αὔγεια.
2705 4703 2772 4711 -
2815 4676 2882 4726 In
2934 4673 3043 4723 fine
3089 4670 3278 4736 ἑγχεία

692 4740 945 4803 ἑλεγχεία
984 4741 1175 4790 addidi
1213 4758 1278 4791 ex
1316 4743 1378 4791 E.
1416 4744 1488 4793 Μ.
1526 4744 1642 4804 313,
1682 4744 1747 4792 20
1785 4749 1842 4793 et
1878 4743 1979 4807 Ep.
2019 4743 2107 4794 Cr.
2142 4745 2170 4794 1
2209 4746 2322 4806 143,
2363 4746 2388 4793 1
2427 4744 2498 4793 cf.
2535 4745 2671 4796 Lob.
2708 4737 2916 4794 Pax-all.
2951 4744 3069 4795 322.
