3664 5546
605 306 883 356 XXXVIII
1699 292 2115 343 PRAEFATIO.

605 482 838 527 nomen
885 458 1253 539 ὀξυβάρεια,
1299 452 1472 539 quod
1524 451 1608 516 ab
1654 447 1936 514 Arcadio
1979 444 2403 530 Aristophani
2457 441 2802 522 tribuitur,
2848 440 3193 504 Ammonio

606 560 953 645 assignari.
1014 556 1139 621 His
1184 557 1250 619 in
1295 577 1400 641 re,
1446 552 1627 619 cuius
1672 558 2041 614 accuratam
2082 546 2377 610 notitiam
2410 541 2856 606 Herodianum
2886 539 3195 605 habuisse

608 664 726 729 vix
768 666 1002 745 nech,
1050 657 1278 742 positis
1321 653 1720 738 argumentis
1775 648 2061 731 accedit,
2120 645 2294 734 quod
2349 644 2692 726 sermonis,
2751 665 2877 728 quo
2921 641 3195 707 Arcadii

609 763 932 850 expositio
976 766 1290 845 concepta
1332 765 1462 838 est,
1506 754 1764 841 prolixa
1806 750 2159 837 loquacitas
2204 769 2470 834 prorsus
2499 746 2809 811 abhorret
2850 766 2891 807 a
2934 743 3194 809 concisa

613 863 974 930 Herodiani
1022 860 1369 926 brevitate.

609 950 647 983 ⁸
780 964 912 1029 Hic
956 961 1232 1027 subiicio
1279 959 1546 1024 Arcadii
1592 978 1781 1043 quem
1829 954 1970 1020 dixi
2016 952 2261 1034 locum,
2319 972 2517 1036 quum
2560 953 2629 1014 in
2674 950 2818 1035 ipsa
2863 946 3197 1012 Catholica

612 1090 688 1133 ea
732 1066 949 1131 omnia
992 1061 1354 1143 omiserim,
1402 1082 1568 1146 quae
1611 1082 1652 1122 a
1693 1077 2005 1142 germano
2036 1051 2413 1117 Herodiano
2444 1049 2656 1116 aliena
2684 1050 2839 1114 mihi
2885 1047 3197 1114 videntur

611 1179 678 1234 et
722 1165 1105 1231 Endlicheri
1162 1163 1375 1231 locum
1431 1160 1741 1245 subsequi
1802 1155 2075 1237 iubebo,
2131 1164 2205 1220 ut
2259 1155 2655 1240 comparatio
2710 1152 3049 1237 utriusque
3102 1152 3196 1214 in-

613 1269 798 1334 stitui
844 1268 1051 1354 possit
1096 1276 1163 1331 et
1206 1277 1278 1331 ut
1322 1263 1556 1327 lacuna
1601 1259 1998 1324 Herodianei
2044 1256 2359 1344 prooemii
2401 1254 2882 1341 quodammodo
2938 1252 3195 1338 explea-

614 1382 739 1435 tur.
814 1368 982 1431 Nam
1026 1388 1190 1453 quae
1234 1365 1408 1452 apud
1441 1361 1908 1427 Endlicherum
1941 1382 1981 1422 a
2011 1358 2237 1423 Servio
2283 1356 2365 1420 de
2407 1357 2783 1421 accentibus
2829 1354 3196 1433 traduntur,

614 1495 697 1536 ex
740 1468 1004 1535 meliore
1048 1468 1231 1533 fonte
1276 1466 1572 1531 derivata
1615 1484 1758 1527 esse
1803 1483 1999 1547 quam
2044 1481 2208 1545 quae
2250 1457 2429 1547 apud
2472 1458 2831 1522 Arcadium
2874 1455 3199 1541 leguntur,

613 1561 1030 1658 perspicuum
1075 1577 1195 1633 est.

450 1731 567 1795 186
865 1741 1028 1819 Περὶ
1071 1743 1183 1816 τῆς
1226 1744 1358 1802 τῶν
1400 1737 1615 1801 τόνων
1662 1735 1970 1813 εὑρέςεως
2016 1734 2116 1797 καὶ
2158 1738 2290 1797 τῶν
2336 1731 2668 1811 ςχημόιτων
2714 1731 2946 1795 αὐτῶν.

787 1875 863 1939 Οἱ
893 1874 1119 1952 χρόνοι
1164 1873 1266 1936 καὶ
1311 1871 1373 1935 οἱ
1416 1871 1597 1936 τόνοι
1643 1871 1746 1935 καὶ
1788 1870 1869 1934 τὰ
1912 1869 2243 1948 πνεύματα
2272 1868 2774 1947 Ἀριςτοφάνους
2804 1866 3201 1931 ἐκτυπώςαν-

556 1981 588 2029 5
616 1997 729 2042 τος
773 1974 1005 2049 γέγονε
1049 1973 1212 2051 πρός
1254 1992 1324 2036 τε
1371 1971 1670 2051 διάκριςιν
1712 1974 1825 2049 τῆς
1870 1970 2236 2051 ἀμφιβόλου
2278 1970 2508 2036 λέξεως
2552 1970 2654 2033 καὶ
2697 1970 2862 2047 πρὸς
2905 1966 2979 2032 τὸ
3011 1967 3203 2047 μέλος

617 2082 729 2154 τῆς
775 2078 1000 2154 φωνῆς
1046 2075 1365 2154 ςυμπὰςης
1409 2076 1510 2137 καὶ
1554 2074 1670 2151 τὴν
1727 2072 2072 2153 ἁρμονίαν,
2130 2073 2220 2135 ὡς
2276 2071 2390 2135 ἐὰν
2448 2070 2793 2153 ἐπᾴδοιμεν
2848 2069 3203 2149 φθεγγόμε-

618 2199 738 2243 νοι.
828 2174 1051 2252 ςκέψαι
1098 2175 1166 2237 δ’
1213 2175 1302 2240 ὼς
1358 2175 1620 2240 ἕκαςτον
1678 2175 1894 2238 αὐτῶν
1950 2177 2227 2254 φυςικῶς
2282 2173 2409 2251 ἅμα
2464 2174 2567 2235 καὶ
2621 2172 2866 2236 οἰκείως
2920 2171 3203 2250 καθάπερ

521 2281 585 2331 10
617 2278 698 2342 τὰ
756 2276 1004 2355 ὄργανα
1060 2276 1492 2355 ἐςχημάτιςται
1550 2278 1652 2341 καὶ
1705 2275 2089 2354 ὠνόμαςται·
2146 2274 2363 2352 ἐπειδὴ
2422 2275 2524 2337 καὶ
2578 2277 2777 2336 ταῦτα
2832 2273 3056 2352 ἔμελλε
3110 2278 3202 2354 τῷ

621 2379 795 2460 λόγῳ
842 2378 1051 2456 ὥςπερ
1096 2374 1345 2455 ὄργανα
1391 2376 1648 2442 ἔςεςθαι.
1739 2377 1980 2454 ἑώρακε
2036 2376 2161 2454 γὰρ
2218 2377 2321 2439 καὶ
2375 2375 2489 2452 τὴν
2548 2376 2846 2453 μουςικὴν
2900 2373 3073 2439 οὕτω
3127 2375 3203 2438 τὸ

617 2480 810 2559 μέλος
853 2480 955 2542 καὶ
997 2479 1152 2544 τοὺς
1197 2478 1477 2558 ῥυθμοὺς
1522 2479 1986 2558 ςημαινομένην
2032 2480 2134 2541 καὶ
2176 2481 2264 2554 πῆ
2310 2478 2426 2555 μὲν
2471 2474 2786 2557 ἀνιεῖςαν,
2829 2479 2917 2552 πῆ
2964 2476 3031 2538 δ’
3070 2475 3204 2538 ἑπι-

617 2581 982 2662 τείνουςαν,
1027 2582 1129 2645 καὶ
1171 2582 1246 2645 τὸ
1293 2582 1407 2660 μὲν
1455 2580 1644 2663 βαρύ,
1690 2581 1765 2644 τὸ
1811 2580 1878 2643 δ’
1923 2578 2036 2646 ὀξὺ
2082 2577 2541 2656 ὀνομάζουςαν.
2631 2576 2685 2641 εἰ
2731 2577 2801 2641 δέ
2845 2597 3005 2641 ποτε
3051 2576 3203 2658 ἐπᾴ-

523 2688 582 2737 15
618 2687 871 2763 δοιμεν,
934 2682 974 2759 ἢ
1030 2682 1256 2748 τέλεον
1314 2682 1738 2746 ἐπιτείνοντες
1803 2682 1842 2757 ἦ
1899 2680 2094 2744 πάλιν
2151 2679 2465 2756 ἀνιέντες,
2521 2681 2716 2743 τοῦτο
2773 2678 3046 2757 ςκληρὸν
3103 2678 3206 2741 καὶ

619 2784 906 2864 μαλακὸν
951 2783 1177 2848 ἐκάλει.
1237 2784 1396 2847 κατὰ
1440 2787 1634 2848 τοῦτο
1680 2775 1782 2847 καὶ
1826 2782 1864 2845 ὁ
1897 2782 2355 2861 Ἀριςτοφάνης
2401 2784 2619 2860 ςημεῖα
2661 2780 2846 2845 ἔθετο
2890 2787 2983 2865 τῷ
3030 2781 3205 2864 λόγῳ

618 2889 842 2963 πρῶτα
907 2888 1137 2967 ταῦτα,
1200 2884 1297 2948 ‘fvj
1364 2884 1492 2964 ἅμα
1559 2886 1874 2963 ςυλλαβῆς
1939 2884 2041 2945 καὶ
2111 2883 2340 2948 λέξεως
2411 2882 2761 2962 γενομένης
2834 2881 3048 2947 κανών
3111 2902 3205 2946 τις

519 2992 585 3042 ‘20
621 2986 844 3050 ἐ’ποιτο
911 2986 1017 3048 καὶ
1071 2989 1330 3063 ςημεῖον
1388 2985 1764 3063 ὀρθότητος·
1830 2983 2052 3048 ἔπειτα
2112 2983 2295 3061 τρίχα
2358 2984 2570 3062 τεμὼν
2624 2985 2741 3061 τὴν
2796 2982 3031 3061 κίνηςιν
3095 2986 3207 3059 τῆς

459 3083 575 3146 187
622 3089 847 3165 φωνῆς
913 3086 989 3148 τὸ
1056 3087 1171 3162 μὲν
1217 3084 1306 3148 εἰς
1362 3083 1374 3167 Ι
1429 3085 1736 3165 χρόνους,
1790 3085 1867 3148 τὸ
1925 3085 1994 3147 δὲ
2051 3083 2138 3147 εἰς
2184 3082 2446 3163 τόνους,
2512 3086 2586 3148 τὸ
2644 3087 2714 3149 δὲ
2771 3086 2859 3149 εἰς
2915 3085 3074 3149 αὐτὸ
3129 3085 3204 3148 τὸ

620 3187 886 3262 πνεῦμα.
974 3185 1077 3248 καὶ
1120 3184 1275 3249 τοὺς
1320 3185 1435 3263 μὲν
1491 3184 1769 3263 χρόνους
1824 3187 1962 3249 τοῖς
2019 3184 2285 3263 ῥυθμοῖς
2341 3183 2578 3265 εἴκαςε,
2638 3186 2789 3250 τοὺς
2846 3188 2917 3250 δὲ
2972 3185 3206 3249 τόνους

622 3287 762 3349 τοῖς
805 3283 1021 3348 τόνοις
1063 3288 1175 3362 τῆς
1219 3288 1535 3365 μουςικῆς.
1624 3286 1727 3350 καὶ
1772 3289 1992 3365 ςημεῖα
2046 3287 2230 3352 ἔθετο
2287 3285 2402 3365 ἐφ’
2448 3286 2686 3370 ἑκάςτῳ
2743 3289 2846 3352 καὶ
2899 3287 3229 3366 ὀνόματα,.

561 3398 592 3445 5
622 3389 759 3450 τοῖς
804 3386 918 3463 μὲν
965 3385 1225 3463 χρόνοις
1268 3387 1346 3450 τὸ
1392 3387 1636 3466 βραχὺ
1682 3388 1785 3450 καὶ
1837 3388 1912 3451 τὸ
1958 3389 2255 3467 μακρὸν
2312 3388 2717 3467 ἐπονομάςας
2770 3391 2873 3452 καὶ
2928 3388 3208 3466 ςχήματα

625 3485 827 3549 οἰκεῖα
869 3487 1325 3568 ποιηςάμενος,
1370 3494 1462 3570 τῷ
1507 3489 1622 3566 μὲν
1668 3494 1886 3570 μακρῷ
1929 3490 2047 3567 τὴν
2092 3489 2348 3553 εὐθεῖαν
2401 3491 2692 3569 γραμμὴν
2750 3492 2852 3554 καὶ
2896 3488 3206 3554 ἀποτετα-

624 3586 821 3665 μένην
867 3624 937 3668 -,
980 3593 1072 3670 τῷ
1119 3589 1190 3652 δὲ
1236 3591 1457 3668 βραχεῖ
1498 3590 1615 3668 τὴν
1660 3591 2206 3670 ςυνεςτραμμένην
2248 3591 2351 3654 καὶ
2386 3590 2775 3668 ςυνέχουςαν
2810 3591 3021 3668 ὥςπερ
3066 3590 3201 3654 ἑκα·

624 3687 905 3763 τέρωθεν
960 3689 1078 3766 τὴν
1133 3690 1364 3768 φωνὴν
1424 3714 1491 3753 υ.
1590 3694 1721 3755 τῶν
1777 3692 1850 3755 δὲ
1905 3692 2118 3756 τόνων
2172 3694 2288 3769 τὴν
2346 3694 2460 3771 μὲν
2526 3691 2663 3756 ἄνω
2717 3692 3048 3756 τείνουςαν
3107 3692 3208 3755 καὶ

547 3797 610 3849 10
625 3783 1027 3853 εὐθεῖανκαὶ
1070 3790 1158 3854 εἰς
1201 3789 1316 3856 ὀξὺ
1362 3789 1816 3869 ἀπολήγουςαν
1863 3792 2144 3857 ἐοικυῖαν
2189 3796 2327 3857 τοῖς
2379 3794 2577 3873 βέλεςι
2633 3795 2769 3856 τοῖς
2826 3792 3205 3872 ἐφιεμένοις,

760 3976 1002 4027 Exstant
1034 3976 1175 4026 haec
1212 3980 1424 4027 tantum
1458 3979 1518 4028 in
1552 3978 1673 4031 cod.
1713 3978 1755 4029 C
1794 3974 2022 4042 (desunt
2065 3979 2121 4027 in
2157 3977 2205 4027 A
2255 3985 2310 4030 et
2345 3979 2440 4041 B),
2489 3977 2588 4028 sed
2632 3978 2892 4042 leguntur
2934 3979 3104 4029 etiam
3150 3979 3209 4027 in

625 4044 985 4107 grammatica
1019 4043 1410 4094 Theodosiana
1444 4043 1537 4108 (Τ)
1577 4063 1626 4111 p.
1664 4049 1722 4108 4,
1769 4047 1913 4096 unde
1951 4045 2288 4097 Villoisouus
2335 4047 2632 4110 scripturae
2682 4046 3036 4097 diversitates
3083 4061 3210 4096 eno-

628 4110 784 4159 tavit.
853 4109 1121 4174 Equidem
1176 4111 1399 4161 exhibui
1456 4117 1666 4162 textum
1712 4113 1831 4164 cod.
1872 4115 1914 4164 C
1961 4116 2201 4178 receptis
2247 4113 2575 4179 quibusdam
2621 4115 2907 4178 seripturis
2954 4129 3022 4163 ex
3060 4115 3105 4163 T
3153 4119 3210 4162 et

626 4176 861 4226 Nauckii
917 4177 1397 4228 emendationibus
1451 4185 1510 4230 et
1562 4181 1883 4242 Schmidtii,
1950 4181 2151 4244 quibus
2209 4181 2482 4232 accedunt
2536 4181 2805 4245 quaedam
2869 4181 3101 4232 aliorum
3154 4185 3209 4230 et

628 4259 798 4293 meae.
837 4268 898 4278 —
935 4245 996 4292 ln
1033 4244 1195 4295 titulo
1232 4247 1404 4296 verba
1435 4244 1529 4298 ’καὶ
1565 4248 1693 4311 περὶ
1730 4246 1957 4312 χρόνων
1994 4247 2084 4298 καί
2121 4247 2466 4311 πνευμάτων
2512 4248 2673 4298 omisi
2718 4248 2789 4298 ad
2834 4249 2972 4299 hano
3016 4251 3208 4299 sectio-

626 4326 751 4361 nem
787 4309 926 4360 nihil
963 4311 1320 4374 pertinentia.

765 4379 876 4428 186.
946 4377 979 4426 l.
1015 4381 1046 4427 6
1095 4377 1303 4440 μέλλον
1340 4380 1461 4446 CT,
1509 4382 1825 4434 emendavit
1870 4382 2086 4434 Villois.
2164 4383 2351 4433 Iacobi
2399 4384 2712 4448 suspicatur
2759 4382 3088 4450 μελῳδικόν.
3146 4409 3207 4419 —-

631 4444 663 4491 l.
705 4446 767 4493 12
818 4442 1085 4506 ἀριθμοὺς
1132 4446 1544 4513 ςημαινομένην
1581 4450 1670 4514 Ο,Ἰ
1698 4450 1978 4501 Nauckius
2025 4449 2271 4514 ῥυθμοὺς
2318 4448 2692 4515 ςημαίνουςαν
2738 4456 3068 4516 exspectans
3115 4467 3210 4514 pro

629 4509 1071 4575 ςημαινομένην,
1128 4513 1224 4562 sed
1271 4515 1505 4565 medium
1554 4521 1743 4567 tuetur
1779 4516 2042 4567 Schmidt.
2080 4517 2201 4567 coll.
2243 4520 2366 4580 188,
2403 4521 2469 4568 20
2515 4517 2916 4584 ςημηνάμενος.
2963 4546 3028 4554 -
3073 4518 3106 4570 l.
3151 4521 3211 4567 15

630 4574 1010 4692 Ξέτξτὲνοντες
1064 4579 1255 4630 Nauck
1311 4598 1407 4646 pro
1454 4581 1871 4636 ἁποτείνοντες.
1924 4611 1990 4620 -
2045 4584 2080 4633 l.
2132 4586 2193 4633 16
2249 4584 2338 4634 καὶ
2387 4585 2640 4646 μαλακὸν
2684 4588 2758 4648 Τ,
2816 4586 2885 4637 τὸ
2930 4585 2991 4637 δὲ
3040 4587 3210 4647 μαλα-

767 4712 879 4763 187.
949 4710 986 4761 l.
1020 4715 1051 4762 9
1088 4711 1463 4780 ἐςημειώςατο
1510 4724 1635 4783 post
1680 4717 1887 4781 φωνὴν
1932 4720 2131 4769 omittit
2167 4720 2231 4768 T.
2278 4748 2339 4754 —
2388 4719 2423 4769 1.
2465 4723 2523 4770 11
2564 4718 2810 4773 ἐοικυῖαν
2855 4736 2954 4785 pro
2999 4716 3210 4771 οἰκείαν

2102 4819 2153 4872 0
