3664 5546
1240 318 1396 373 ΠΕΡΙ
1439 317 1836 373 ΚΑΘΟΛΙΚΗ(
1872 316 2295 372 ΠΡΟΕΩιΔΙΑ(
2337 315 2390 368 Κ.
2623 326 2640 333 “
2986 316 3109 382 537

689 491 878 555 Πᾶςα
921 488 1287 569 ἀντωνυμία
1328 489 1826 569 ἀποβαλλομένη
1871 489 1950 554 τό
1991 491 2023 552 ἒ
2080 485 2442 569 δαςύνεται,
2499 487 2605 552 ςός
2650 487 2768 569 ὅς,
2827 492 2941 553 ςοῦ
2988 486 3111 582 οὖ,

517 592 702 657 ςέθεν
752 593 947 656 ἕθεν.

692 695 880 759 Πᾶςα
922 692 1216 771 πρόθεςις
1258 691 1389 756 ἀπὸ
1435 692 1814 772 φωνήεντος
1846 690 2169 771 ἀρχομένη
2217 695 2549 774 ψιλοῦται,
2593 693 2763 770 πλὴν
2808 694 2920 769 τῆς
2965 692 3112 757 ὑπό

518 797 625 860 καὶ
675 797 868 873 ὑπέρ
915 793 1060 859 οἶον
1105 793 1310 875 ἀντί,
1355 793 1510 875 ἐπί,
1556 793 1780 875 ἀμφί,
1826 794 2010 875 ἀπό,
2056 794 2169 875 ἐν,
2214 794 2306 861 ἐξ.

695 926 733 961 κ·
782 897 877 961 Τὰ
918 894 1365 961 πλεονάζοντα
1395 895 1763 974 ’φωνήεντα
1817 895 1888 960 ἐν
1945 896 2139 962 λε’ξεςι
2194 898 2334 960 ταῖς
2391 893 2521 959 ἀπὸ
2578 896 2957 975 φωνήεντος
3001 901 3110 960 δα-
3140 907 3173 957 5

520 999 885 1077 ςυνομένου
929 997 1312 1076 ἀρχομέναις
1357 998 1784 1077 μεταληπτικὰ
1811 997 2100 1072 γίνονται
2143 1001 2260 1060 τοῦ
2292 996 2518 1061 δαςέος
2561 996 2923 1076 πνεύματος
2969 996 3113 1063 οἷον

406 1118 425 1136 ·
520 1100 809 1179 ἥνδανεν
858 1098 1280 1180 ἑήνδανεν,
1326 1098 1587 1179 ἕερςα,
1635 1097 1900 1180 ἕεδνα,
1947 1097 2230 1176 ἑώρων.

697 1201 787 1265 Τὸ
830 1199 871 1265 ὖ
915 1199 1279 1267 πλεονάζον
1325 1202 1509 1279 ψιλοῑ
1536 1200 1616 1263 τὰ
1644 1200 1771 1287 πρὸ
1803 1198 2006 1263 αὐτοῦ
2036 1200 2413 1287 φωνήεντα,
2459 1199 2615 1278 ὅρος
2656 1200 2929 1285 οὖρος,
2975 1201 3113 1280 ἕκη-

525 1305 644 1368 λος
690 1302 1054 1383 εὔκηλος,
1100 1300 1254 1365 ὁδός
1298 1300 1568 1384 οὐδός,
1614 1300 1761 1366 ἕαδε
1807 1301 2076 1383 εὔαδε,
2120 1300 2278 1366 ὅλος
2323 1300 2578 1366 οὖλος.

697 1431 735 1466 ε.
785 1404 879 1468 Τὰ
934 1402 1022 1466 εἰς
1072 1406 1157 1465 ὀἳ
1224 1403 1508 1480 λήγοντα
1569 1403 1880 1481 οὐδέτερα
1943 1402 2288 1483 διςῦλλαβα
2352 1402 2677 1482 ἀρχόμενα
2732 1403 2863 1468 ἀπὸ
2927 1405 3117 1485 φύςει
3156 1415 3219 1467 10

526 1509 771 1585 μακρᾶς
827 1507 1160 1586 ψιλοῦται,
1226 1501 1531 1587 αἴςχος,
1595 1503 1814 1585 ἦθος,
1883 1503 2150 1585 εὖρος,
2216 1501 2450 1570 εἶδος.
2553 1504 2761 1570 οὕτως
2827 1505 2948 1571 οὖν
3013 1509 3116 1571 καὶ

527 1608 722 1686 ἦδος
768 1606 900 1671 ἀπὸ
945 1609 1061 1670 τοῦ
1108 1605 1310 1683 ἡδονή
1356 1606 2064 1685 μεταςχηματιζόμενον.

698 1709 845 1774 Πᾶν
901 1709 1166 1787 φωνῆεν
1222 1707 1350 1784 πρὸ
1406 1710 1524 1771 τοῦ
1578 1706 1618 1785 χ
1678 1710 2010 1788 ψιλοῦται,
2066 1704 2251 1788 ἔχω,
2309 1706 2531 1789 ἄχος,
2587 1707 2762 1785 ἠχώ.
2859 1710 2936 1774 τὸ
2992 1711 3115 1789 γὰρ

528 1812 656 1892 ᾗχι
714 1808 1080 1892 δαςῦνεται,
1138 1809 1234 1873 ὅτι
1290 1807 1433 1873 κατ’
1476 1808 1805 1874 ἑπέκταςίν
1860 1809 1986 1873 ἑςτι
2044 1811 2155 1885 τῆς
2203 1814 2281 1886 χι.
2367 1808 2443 1873 τὸ
2500 1811 2572 1872 δὲ
2627 1815 2664 1872 ῦ
2710 1811 2991 1888 καθαρὸν
3045 1810 3153 1877 ἐν’

530 1911 695 1993 ἀρχῇ
760 1911 989 1976 λέξεως
1044 1911 1219 1987 παρὰ
1272 1910 1769 1989 πᾶςιν,“Ελληςι
1822 1911 1952 1988 πρὸ
1996 1912 2114 1973 τοῦ
2159 1913 2197 1987 5(
2249 1908 2413 1974 εἶναι
2461 1909 2808 1989 ἀπείρηται.
2896 1914 2998 1976 καὶ
3040 1914 3116 1977 τὸ
3159 1923 3220 1974 15

533 2011 738 2076 αἴτιον
784 2010 1033 2090 ἐχυρόν.
1100 2015 1230 2076 πᾶν
1274 2012 1398 2090 γὰρ
1443 2016 1708 2091 φωνῆεν
1751 2012 1882 2090 πρὸ
1926 2015 2045 2075 τοῦ
2090 2013 2128 2089 χ
2159 2013 2462 2090 ψιλοῦται
2506 2012 2610 2075 καὶ
2650 2012 2727 2075 τὸ
2769 2012 2807 2075 ὖ
2850 2011 2921 2076 ἐν
2953 2013 3115 2098 ἀρχῇ

535 2113 764 2180 λέξεως
809 2113 1172 2195 δαςύνεται,
1229 2112 1349 2177 δύο
1405 2111 1526 2177 οὖν
1580 2112 1879 2177 κανόνων
1923 2112 2230 2190 ἀλλήλοις
2275 2111 2748 2192 ἀνθιςταμένων
2806 2113 3116 2194 ἐξέφυγεν

531 2215 609 2281 τὸ
652 2218 691 2275 'ss
740 2215 869 2293 πρὸ
913 2219 1031 2278 τοῦ
1077 2218 1117 2295 χ
1163 2214 1443 2292 καθαρὸν
1488 2213 1887 2291 εὑρίςκεςθαι.
2507 2216 2518 2221 ’

700 2315 792 2379 Τὸ
834 2318 869 2378 ἒ
911 2315 1012 2379 καὶ
1057 2315 1099 2379 ὅ
1139 2316 1268 2394 πρὸ
1313 2314 1539 2379 δαςέος
1585 2317 1918 2395 ψιλοῦται,
1963 2314 2482 2397 ὄφις,’ἔθνος,
2526 2316 2867 2396 Ἔφεςος.

700 2417 845 2480 Πᾶν
890 2419 1188 2497 φωνῆεν,
1233 2417 1402 2494 πλὴν
1445 2419 1563 2479 τοῦ
1608 2421 1677 2496 ὖ,
1723 2416 2144 2495 ἐπαγομένων
2191 2417 2311 2481 δύο
2343 2417 2618 2501 δαςέων,
2662 2419 2701 2497 ἢ
2734 2420 2959 2485 δαςέος
3003 2421 3116 2486 ςῦν
3152 2428 3221 2478 20

532 2517 909 2598 ἀμεταβόλω
941 2521 1275 2600 ψιλοῦται,
1318 2515 1672 2601 ἴφθιμος,
1718 2516 1974 2602 ἄφνω,
2022 2517 2252 2602 ἰχθῦς.
2317 2519 2715 2600 ςεςημείωται
2743 2519 2820 2584 τὸ
2854 2520 3115 2602 ἑφθός.

536 2724 940 2736 -σ-κή-α--η--η

669 2880 704 2929 l.
744 2881 768 2929 1
807 2877 1002 2930 Arcad.
1040 2880 1156 2939 200,
1196 2880 1276 2933 19.
1328 2875 1488 2929 ςέθεν
1525 2877 1652 2928 ἕθεν
1689 2877 1879 2928 addidi
1917 2894 1985 2928 ex
2022 2878 2082 2927 11.
2115 2877 2202 2927 Pr.
2242 2878 2254 2929 Ι
2293 2881 2393 2929 540
2430 2880 2501 2931 ef.
2530 2878 2707 2945 Apoll.
2745 2881 2813 2930 de
2854 2898 3008 2947 pron.
3035 2884 3118 2935 ⁷4.

670 2949 704 2998 1.
742 2952 773 2997 3
809 2945 1004 2999 Aread.
1045 2948 1160 3008 196,
1196 2949 1279 2995 25.
1420 2946 1454 2995 1.
1492 2948 1523 2995 5
1562 2947 1661 3010 Ep.
1692 2946 1779 2996 Cr.
1812 2948 1841 2997 1
1877 2947 1993 3006 316,
2032 2949 2115 3008 20,
2155 2947 2249 2996 ubi
2287 2945 2433 3008 λέγει
2472 2947 2504 2997 ό
2543 2945 2885 3011 Ἡρωδιανὸς
2922 2948 3011 2999 ὅτι
3045 2949 3119 3000 τὰ

536 3009 923 3067 πλεονάζοντα
969 3014 1085 3065 κτλ.
1131 3014 1201 3064 ef.
1239 3014 1302 3062 Ε.
1339 3014 1409 3063 Μ.
1449 3016 1572 3072 614,
1609 3016 1692 3062 44.
1763 3014 1825 3064 ΙΙ.
1864 3014 1952 3066 Pr.
1989 3012 2038 3064 Υ
2078 3017 2200 3076 171,
2240 3012 2285 3066 Ω
2325 3017 2446 3076 134,
2486 3011 2528 3064 Ν
2567 3017 2666 3065 543
2710 3013 2780 3066 τὸ
2817 3016 3119 3080 προςερχό-

537 3097 708 3145 μενον
745 3086 776 3133 ἒ
813 3082 875 3133 ἐν
909 3084 1031 3132 ταῖς
1067 3080 1462 3144 δαςυνομέναις
1508 3079 1682 3133 λέξεςι
1727 3080 2149 3145 μεταληπτικὸν
2195 3079 2408 3143 γίνεται
2452 3083 2555 3146 τῆς
2602 3080 2839 3133 ἐκείνων
2885 3082 3120 3149 δαςύτη-

535 3164 660 3213 τος,
700 3149 985 3214 πρόδηλον
1022 3147 1127 3200 κάκ
1169 3151 1273 3199 τοῦ
1320 3148 1507 3212 ἕερςα,
1555 3147 1746 3212 ἔεδνα,
1792 3147 2295 3213 ἑήνδανε-ἑώρων,
2332 3147 2520 3200 οὕτως
2558 3148 2661 3200 οὖν
2698 3151 2789 3201 καὶ
2823 3149 2893 3201 τὸ
2932 3149 3117 3217 ἑάφθη

538 3217 665 3280 ἔχει.
735 3215 986 3281 ςημαίνει
1021 3215 1082 3268 δὲ
1117 3215 1187 3266 τὸ
1224 3213 1398 3267 οἱονεὶ
1433 3214 1690 3280 ςυνήφθη
1726 3214 1902 3281 αὐτῷ.
1962 3218 2144 3266 ταῦτα
2181 3216 2283 3279 μὲν
2320 3215 2352 3267 ό
2389 3215 2735 3281 Τυραννίων.
2786 3216 2836 3270 εἰ
2859 3216 2919 3269 δὲ
2995 3219 3119 3282 βού-

536 3285 668 3336 λετο
706 3283 796 3335 καί
831 3283 1089 3348 διαίρεςιν
1126 3282 1581 3347 παραλαμβάνειν
1618 3283 1650 3335 ό
1687 3282 1857 3348 ἀνήρ,
1904 3282 2073 3335 οὐδὲν
2117 3282 2190 3347 ἦν
2237 3284 2479 3334 κωλῦον.
2550 3286 2696 3335 Hinc
2732 3285 2923 3336 addidi
2990 3300 3119 3351 ερςα

537 3380 602 3387 -
649 3350 864 3416 ἑώρων.
945 3352 1030 3401 Ad
1073 3351 1323 3417 {spiritum
1367 3351 1505 3401 nihil
1549 3353 1806 3414 interest,
1863 3356 2044 3401 utrum
2091 3351 2358 3402 diaeresis
2415 3367 2486 3401 an
2543 3353 2897 3418 pleonasmus
2940 3354 3119 3405 locum

536 3420 766 3482 habeat,
800 3417 938 3469 'nam
992 3417 1094 3470 ὅου
1140 3420 1391 3483 spiritum
1436 3419 1640 3483 integri
1686 3417 1754 3469 οὗ
1801 3420 2031 3482 retinet,
2087 3435 2414 3484 quamquam
2457 3422 2488 3470 ὃ
2535 3436 2644 3470 nou
2691 3436 2759 3471 ex
2803 3420 3121 3486 pleonasmo

538 3488 731 3547 habet,
770 3487 867 3537 sed
905 3504 972 3537 ex
1009 3487 1393 3549 distractione,
1431 3492 1494 3536 ut
1530 3487 1755 3551 exponit
1790 3487 2091 3537 Herodian.
2128 3487 2186 3536 in
2223 3489 2293 3537 E.
2328 3487 2399 3537 M.
2439 3486 2471 3537 1.
2510 3505 2555 3537 e.
2782 3487 2818 3540 1.
2855 3492 2888 3540 8
2924 3489 3119 3539 Aread.

540 3557 653 3616 197,
691 3559 741 3604 3.
813 3553 946 3605 ὅλος
982 3553 1150 3605 οὖλος
1188 3554 1367 3603 adieci
1404 3571 1470 3604 ex
1505 3553 1570 3608 11.
1610 3556 1699 3605 Pr.
1739 3553 1787 3606 Ξ
1821 3557 1946 3605 34οε
1983 3552 2056 3604 τὰ
2091 3552 2438 3617 δαςυνόμενα
2484 3553 2547 3605 ἑν
2583 3558 2653 3620 τῇ
2692 3554 2978 3608 ἑπενθέςει
3012 3559 3117 3607 τοῦ

534 3625 569 3673 U
606 3621 870 3686 ψιλοῦται
908 3619 986 3672 ὡς
1025 3621 1158 3672 ὅλος
1195 3619 1384 3672 οὖλος·
1433 3620 1619 3672 οὕτως
1656 3620 1760 3672 οὖν
1797 3622 1888 3672 καί
1923 3621 1993 3672 τὸ
2030 3619 2194 3672 ἕαδεν
2240 3620 2440 3673 εὔαδεν
2487 3621 2711 3684 γένοιτο
2757 3622 3119 3687 φιλούμενον.

538 3689 580 3741 Α
617 3692 732 3752 554,
772 3688 811 3740 Β
854 3692 964 3739 153.
1072 3690 1105 3739 1.
1137 3691 1199 3739 10
1236 3689 1419 3743 Schol.
1454 3688 1527 3738 ad
1561 3689 1817 3755 Apollon.
1855 3689 1899 3741 Α
1941 3691 2087 3751 1294,
2123 3691 2244 3740 ubi:
2283 3688 2624 3754 Ἡρωδιανὸς
2662 3690 2724 3742 ἐν
2759 3694 2844 3757 τῷ
2883 3689 3117 3757 εἰκοετῷ

538 3755 713 3876 «ἶῗιῗῑνι
746 3754 1172 3875 Ξτᾏέἓῑὲεάῗτῖ
1197 3754 2256 3888 λροἶῗΐζὲοὲξἿίἰτῖῗχῧῖἱᾞᾶόίἶξοὶαἰ
2293 3756 2524 3876 ⁶355&
2527 3760 2688 3890 ¹¹31?ss
2722 3759 2789 3875 {k
2814 3759 2990 3877 {2123
3021 3762 3120 3877 ⁵33

538 3892 716 3957 Apoll.
753 3891 976 3941 additur
1008 3890 1083 3942 τὸ
1114 3891 1175 3943 δὲ
1200 3889 1379 3953 ήθμός
1415 3891 1708 3943 δαςύνεται
1733 3893 1852 3942 κτλ.
1891 3908 2031 3957 qnae
2058 3897 2274 3957 sumpta
2310 3899 2439 3942 sunt
2464 3909 2530 3942 ex
2558 3908 2769 3943 canone
2809 3893 2878 3943 de
2914 3895 2949 3956 ῆ
2989 3900 3120 3944 ante

537 3962 838 4024 aspiratam
864 3959 1083 4009 literam
1104 3958 1389 4018 leniend0‚
1425 3960 1512 4008 cui
1536 3959 1684 4009 infra
1710 3976 1760 4024 p.
1788 3963 1904 4020 543,
1933 3962 1998 4010 23
2025 3964 2275 4024 apposui.
2327 3961 2575 4010 Eundem
2607 3975 2870 4010 canonem
2896 3967 3120 4012 auctore

534 4027 851 4078 Herodiano
896 4028 1174 4077 nominato
1211 4027 1456 4077 servavit
1503 4027 1670 4077 etiam
1716 4027 1869 4079 Suid.
1914 4043 1956 4077 s.
2000 4042 2054 4076 v.
2099 4025 2275 4090 ἦμαρ,
2334 4029 2427 4092 qni
2473 4028 2928 4078 inconvenienter
2970 4027 3119 4093 ἦμαρ

536 4094 824 4158 coniungit
859 4110 979 4143 enm
1015 4094 1234 4157 neutris·
1264 4096 1319 4143 in
1354 4097 1443 4145 oc:
1485 4092 1517 4144 ό
1555 4093 1895 4158 Ἡρωδιανὸς
1932 4108 2127 4158 φηςιν,
2166 4093 2255 4145 ὅτι
2289 4093 2361 4144 τὰ
2397 4092 2447 4145 εἰ
2481 4098 2579 4145 co—c‘
2614 4092 2884 4159 οὐδέτερα
2921 4093 2970 4152 εἰ
3005 4094 3120 4147 ἀπὸ

536 4162 699 4224 φὺςει
746 4163 956 4229 μακρᾶς
1001 4160 1037 4212 ἄ
1072 4175 1272 4224 χονται
1315 4163 1642 4225 ψιλοῦνται,
1689 4159 1815 4222 οἷον
1858 4159 2077 4224 αἴςχος,
2124 4160 2314 4224 εὖχος,
2363 4160 2555 4226 εὖρος,
2602 4159 2756 4224 ἦθος.
2826 4161 2983 4214 οὕτω
3030 4164 3121 4215 καὶ

537 4228 671 4293 ἦδος
699 4229 790 4280 καὶ
817 4228 981 4292 ἦμαρ.
1061 4230 1351 4310 οφοκλῆς,
1373 4245 1532 4294 quem
1561 4229 1736 4280 locum
1760 4230 1909 4280 infra
1935 4246 1987 4294 p.
2014 4233 2132 4292 543,
2157 4232 2216 4279 ll
2248 4231 2522 4295 proposui.
2557 4230 2804 4279 Transiit
2829 4230 2918 4280 hio
2946 4246 3121 4283 canon

536 4298 595 4348 in
632 4300 733 4361 Ep.
771 4298 859 4346 Cr.
898 4298 924 4345 1
962 4299 1083 4360 193,
1120 4301 1208 4356 26,
1246 4298 1342 4348 ub1
1376 4297 1689 4361 Tryphonis
1726 4296 2043 4348 Herodiano
2079 4298 2357 4348 contraria
2393 4298 2606 4363 opinio,
2651 4302 2715 4346 nt
2759 4297 3005 4360 videtur,
3055 4314 3121 4349 ex

536 4366 657 4429 ipso
695 4364 1011 4414 Herodiano
1057 4366 1358 4430 profertur:
1396 4363 1648 4428 Τρύφων
1685 4365 1718 4417 ό
1754 4364 2136 4429 γραμματικὸς
2171 4362 2633 4426 ςυγκατατίθεται
2676 4367 2795 4415 τοῖς
2831 4364 3122 4417 δαςῦνουςι

536 4433 645 4496 τὴν
682 4431 830 4483 λέξιν
863 4430 1108 4497 ταύτην,
1145 4432 1287 4484 διότι
1320 4429 1436 4483 ἀπὸ
1471 4434 1575 4483 τοῦ
1613 4434 1865 4496 ἥδεςθαι,
1902 4431 2044 4496 ὅπερ
2069 4429 2319 4496 ςημαίνει
2343 4431 2413 4483 τὸ
2437 4430 2764 4500 τὲρπεςθᾳι,
2802 4432 3003 4495 γέγονε
3030 4434 3121 4484 καί

539 4499 726 4563 ὥςπερ
763 4498 878 4550 ἀπὸ
912 4501 1016 4550 τοῦ
1055 4497 1307 4552 ἕλκεςθαι
1342 4498 1571 4562 ἐγένετο
1609 4499 1774 4557 ἕλκος
1811 4501 1903 4554 καὶ
1927 4498 2217 4564 ἐφυλάχθη
2241 4499 2311 4551 τὸ
2345 4498 2488 4551 αὐτὸ
2516 4502 2766 4562 πνεῦμα,
2804 4499 2992 4551 οὕτως
3029 4500 3121 4552 καὶ
3197 4503 3204 4510 ’

537 4564 651 4617 ἀπὸ
686 4569 790 4618 τοῦ
832 4565 1057 4629 ἥδεςθαι
1097 4567 1331 4632 φυλάξει
1373 4566 1443 4618 τὸ
1487 4565 1632 4619 αὐτὸ
1682 4573 1925 4633 πνεῦμα.
1994 4569 2064 4618 ef.
2102 4570 2201 4617 An.
2239 4569 2412 4618 Paris.
2448 4568 2534 4618 111
2569 4570 2693 4627 367,
2733 4569 2812 4617 14.
2983 4568 3021 4618 l.
3061 4572 3124 4618 13

539 4633 730 4683 Aread.
770 4637 883 4697 196,
920 4637 1002 4684 28.
1073 4636 1143 4687 τὸ
1187 4635 1248 4687 δὲ
1284 4638 1319 4686 ῦ
1353 4651 1527 4700 usque
1564 4639 1637 4690 ad
1690 4645 1856 4703 finem
1901 4636 2090 4689 addidi
2132 4652 2200 4687 ex
2233 4635 2436 4688 Herod.
2483 4633 2544 4686 ὲν
2589 4637 2661 4700 τῇ
2696 4632 2848 4685 τάξει
2883 4637 3006 4685 τῶν
3044 4632 3125 4686 κδ’

542 4699 828 4763 ςτοιχείων
864 4718 954 4767 ap.
977 4703 1222 4768 Theogn.
1258 4720 1308 4768 p.
1334 4705 1426 4766 26,
1465 4719 1605 4770 quae
1648 4718 1709 4782 tl.
1746 4705 2038 4776 asscripsit
2062 4710 2282 4756 auctore
2318 4704 2488 4753 tacito
2513 4703 2705 4754 Oho'er.
2729 4703 2874 4753 Dict.
2902 4706 3018 4765 637,
3044 4705 3128 4753 24.

673 4768 710 4817 1.
748 4767 809 4819 19
844 4770 1042 4821 Arcad.
1084 4775 1195 4833 199,
1234 4775 1285 4822 9.
1422 4771 1457 4823 1.
1490 4776 1560 4840 20
1602 4743 1821 4862 Atgssd.
1861 4778 1973 4838 198,
2008 4777 2054 4825 5.
