3664 5546
1145 365 1304 419 ΠΕΡΙ
1344 364 1736 418 ΚΑΘΟΛΙΚΗΕ
1772 364 2195 419 ΠΡΟΕΩιΔΙΑΕ
2236 366 2305 420 ΙΓ.
2900 367 3029 433 389

439 536 760 619 Τρῳάδος.
849 533 1146 616 (τράβων
1193 535 1272 611 ιγ’
1317 535 1410 620 (p.
1455 533 1608 615 610)
1653 534 1753 599 καὶ
1797 535 2186 615 Θεόπομπος
2233 536 2327 612 ιγ’.
2417 536 2798 616 (τάγειρα
2842 540 3027 604 πόλις

440 635 856 703 Μακεδονίας.
946 636 1195 713 λέγεται
1239 638 1343 703 καὶ
1386 636 1740 716 (τάγειρος.
1832 638 2167 715 Γάδειρα
2210 639 2395 702 πόλις
2440 641 2542 703 καὶ
2586 644 2775 718 νῆςος
2818 641 2888 705 ἑν
2932 648 3024 722 τῷ

439 740 702 822 ὠκεανῷ
748 725 932 818 ςτενὴ
979 738 1080 803 καὶ
1108 739 1486 822 περιμήκης,
1533 738 1625 804 ὡς
1670 736 1829 802 οὐςα
1871 737 2078 804 ταινία
2107 742 2218 816 τῆς
2261 744 2378 817 γῆς
2413 741 2607 817 δειρά.
2665 741 3023 818 Ἐρατοςθέ-

437 864 550 921 νης
595 843 666 905 δὲ
710 841 749 919 ἡ
798 840 1094 918 Γάδειρος
1138 841 1290 921 φηςὶ
1333 843 1668 922 θηλυκῶς..
1726 839 2119 918 Θυάτειρα
2162 841 2347 904 πόλις
2392 840 2652 924 Λυδίας,
2710 844 2748 920 ἡ
2777 843 3021 920 ,πρότε-

437 964 554 1022 ρον
599 943 928 1008 Πελόπεια
982 942 1085 1005 καὶ
1140 941 1496 1022 (εμίραμις,
1551 941 1680 1006 ύπό
1736 940 2052 1005 (ελεύκου
2110 945 2227 1005 τοῦ
2285 942 2634 1020 Νικάτορος
2689 943 3022 1028 Λυςιμάχῳ
3058 954 3091 1004 5

436 1047 878 1123 πολεμοῦντος
935 1044 1038 1106 καὶ
1091 1041 1514 1124 ἀκούςαντος,
1581 1041 1678 1106 ὅτι
1745 1042 2024 1120 θυγάτηρ
2089 1041 2265 1125 αὐτῷ
2324 1043 2588 1126 γέγονε,
2651 1046 2768 1122 τὴν
2830 1047 3020 1110 πόλιν

435 1146 688 1210 ἑκάλεςε
735 1145 1104 1223 Θυγάτειρα.
1191 1145 1294 1208 καὶ
1335 1143 1465 1208 ἔδει
1509 1145 1813 1222 θηλυκῶς.
1900 1146 2019 1208 νῦν
2075 1145 2147 1207 δὲ
2191 1143 2549 1222 οὐδετέρως
2594 1146 2803 1224 φαςίν.
2882 1146 3021 1210 Κα-

435 1249 757 1325 τάνειρα
810 1246 997 1311 πόλις
1036 1296 1049 1309 .
1090 1295 1104 1309 .
1149 1296 1162 1309 .
1207 1295 1220 1308 .
1279 1245 1368 1310 ὡς
1414 1245 1802 1324 Θεόπομπος
1858 1244 1946 1308 λε’
1999 1243 2415 1310 Φιλιππικῶν.
2517 1245 3018 1324 Ἀπάτουρον

434 1351 510 1415 τὸ
563 1352 675 1427 τῆς
719 1347 1095 1428 Ἀφροδίτης
1148 1346 1326 1425 ἱερὸν
1382 1345 1452 1411 ἐν
1507 1345 1932 1428 Φαναγορείᾳ.
2020 1345 2317 1426 (τράβων
2372 1346 2675 1431 ἑνδεκάτῃ
2728 1349 2819 1431 (p.
2863 1346 3020 1429 495)

438 1451 934 1529 «ἐτυμολογοῦςι
980 1450 1052 1512 δὲ
1097 1448 1330 1512 οὕτως·
1376 1447 1766 1526 ἐπιθεμένων
1813 1446 1943 1511 ἐκεῖ
1984 1451 2114 1511 τῶν
2157 1449 2475 1523 Γιγάντων
2522 1448 3016 1527 ἑπικαλεςαμένη
3060 1461 3124 1514 10

435 1554 550 1617 τὸν
605 1550 918 1628 Ἡρακλέα
971 1549 1252 1628 ἔκρυψεν
1307 1549 1377 1612 ἐν
1431 1547 1743 1627 κευθμῶνί
1797 1568 1948 1630 τινι,
2010 1549 2115 1611 καὶ
2172 1554 2303 1613 τῶν
2364 1550 2685 1624 Γιγάντων
2754 1551 3016 1615 ἕκαςτον

436 1653 750 1730 δεχομένη
813 1651 960 1715 καθ’
1025 1650 1140 1715 ἕνα
1202 1656 1293 1732 τῷ
1348 1649 1645 1728 Ἡρακλεῖ
1699 1650 2050 1726 παρεδίδου
2114 1653 2512 1730 δολοφονεῑν
2581 1651 2646 1717 ἐξ
2709 1651 3016 1729 ἀπάτης».

435 1753 758 1817 Ἑκαταῖος
814 1753 885 1816 δὲ
939 1753 1184 1816 κόλπον
1243 1751 1383 1815 οἶδε
1435 1753 1551 1816 τὸν
1606 1750 2007 1829 Ἀπάτουρον
2060 1751 2130 1815 ἐν
2185 1758 2260 1835 τῇ
2316 1751 2500 1835 Ἀςίᾳ.
2602 1753 3017 1831 Βάλβουρα

303 1904 307 1908 .
403 1856 622 1942 ,πόλις
684 1852 927 1918 Λυκίας.
1015 1853 1373 1932 Τίβουρα.
1447 1851 1653 1917 οὕτως
1721 1852 2016 1930 Νικάνωρ
2083 1852 2121 1915 ὁ
2177 1852 2462 1931 Ἑρμείου
2516 1852 2769 1932 Τίβυριν
2824 1855 3014 1919 πόλιν

433 1955 692 2020 Ἰταλίας
734 1957 928 2018 καλεῖ.
3056 1965 3118 2016 15

601 2076 639 2112 ιι·
687 2057 781 2120 Τὰ
825 2056 913 2121 εἰς
967 2059 1082 2120 ἴόν
1136 2054 1446 2134 οὐδέτερα
1501 2055 2010 2136 ύπερδιςύλλαβα
2059 2054 2645 2137 προπαροξύνεται,
2702 2056 3016 2121 Δύνδα-

434 2179 566 2224 ςον
620 2158 806 2222 πόλις
863 2158 1106 2236 Καρίας.
1193 2158 1609 2234 Ἀλέξανδρος
1664 2158 1735 2221 ἐν
1790 2164 1883 2240 τῷ
1936 2157 2083 2235 περὶ
2141 2157 2368 2235 Καρίας
2426 2154 2479 2235 β’
2537 2155 2756 2222 «αὖθίς
2812 2158 2869 2221 δ’
2913 2158 3018 2222 ἐπὶ

429 2261 773 2325 Δύνδαςον
819 2259 920 2323 καὶ
965 2259 1259 2323 Κάλυνδα
1302 2258 1628 2337 ὁρμῆςαι».
1685 2258 2067 2338 Ἄμβαςον
2110 2248 2514 2335 ’μητρόπολις
2551 2263 2681 2322 τῶν
2721 2259 3014 2336 Φρυγῶν.

435 2362 745 2437 Μέγαςα
767 2361 975 2424 Ἴπόλις
1002 2360 1249 2440 Λιβύης.
1294 2359 1618 2424 Ἑκαταῖος
1648 2360 2011 2437 περιηγήςει
2042 2359 2243 2423 Ἀςίας
2290 2358 2393 2425 «ἐξ
2438 2358 2632 2436 αὐτῆς
2665 2358 3013 2439 Ειτοφάγοι

431 2466 533 2527 καὶ
576 2463 911 2541 Ἀροτῆρες
938 2510 1182 2525 ......
1199 2485 1226 2517 »
1274 2461 1644 2539 Μέδμαςα
1686 2461 1873 2524 πόλις
1922 2460 2165 2537 Καρίας.
2227 2458 2550 2546 Ἑκαταῖος
2596 2460 2778 2542 Ἀςίᾳ.
2844 2462 3013 2538 Ἅρ-
3049 2471 3117 2522 20
3214 2527 3219 2532 ,

431 2583 631 2628 παςα
674 2563 860 2626 πόλις
908 2562 1134 2639 Καρίας
1188 2560 1319 2625 ἀπὸ
1365 2561 1682 2640 Ἁρπάςου
1738 2565 2050 2641 ποταμοῦ.
2139 2561 2499 2637 Βάργαςα
2552 2560 2739 2625 πόλις
2787 2562 3014 2641 Καρίας

432 2665 562 2729 ἀπὸ
609 2663 939 2741 Βαργάςου
994 2666 1112 2726 τοῦ
1167 2661 1310 2726 υἱοῦ
1368 2662 1613 2741 Βάργης
1667 2664 1770 2727 καὶ
1822 2662 2241 2744 Ἡρακλέους,
2297 2663 2374 2726 ὃν
2432 2660 2650 2728 ἐδίωξε
2707 2663 2921 2742 Λάμος
2975 2663 3013 2726 ὁ

431 2767 763 2846 Ὀμφάλης
806 2764 909 2829 καὶ
951 2762 1368 2846 Ἡρακλέους,
1417 2765 1506 2829 ὡς
1551 2763 1986 2830 Ἀπολλώνιος
2036 2763 2317 2843 Καρικῶν
2362 2763 2659 2855 τετάρτῳ.
2719 2763 3013 2843 Γέραςα

430 2869 618 2933 πόλις
679 2870 792 2944 τῆς
857 2866 1071 2944 κοίλης
1126 2865 1380 2947 (υρίας,
1445 2869 1556 2943 τῆς
1620 2866 2044 2930 δεκαπόλεως.
2147 2867 2473 2931 Μύλαςα
2537 2867 2723 2930 πόλις
2785 2867 3012 2944 Καρίας

430 2970 570 3035 ἀπὸ
619 2967 924 3033 Μυλάςου
979 2970 1097 3033 τοῦ
1155 2965 1526 3045 Χρυςάορος
1577 2972 1695 3032 τοῦ
1753 2967 2034 3032 Γλαύκου
2088 2971 2206 3032 τοῦ
2261 2966 2541 3046 Ειςύφου
2596 2972 2712 3032 τοῦ
2756 2967 3008 3033 Αἰόλου.
3046 2978 3112 3028 25

430 3072 680 3146 λέγεται
745 3071 848 3133 καὶ
903 3069 1239 3151 Μύλαςος,
1310 3069 1399 3133 ὡς
1453 3068 1757 3147 Αἰςχύλος
1813 3068 1883 3133 ἐν
1950 3070 2172 3147 Καρςὶν
2228 3070 2267 3146 ἢ
2313 3068 2604 3152 Εὐρώπῃ.
2690 3068 3011 3146 Πήγαςα

428 3173 615 3238 πόλις
662 3171 903 3250 Καρίας.
991 3173 1090 3234 δεῖ
1133 3172 1205 3234 δὲ
1249 3170 1329 3234 οὐ
1375 3172 1480 3234 διὰ
1521 3175 1638 3235 τοῦ
1684 3156 1721 3234 δ
1764 3170 2039 3248 γράφειν
2082 3170 2380 3252 Πήδαςα,
2436 3169 2603 3234 ἀλλὰ
2663 3169 2768 3232 διὰ
2811 3173 2928 3233 τοῦ
2971 3173 3011 3245 γ

427 3273 709 3351 Πήγαςα.
803 3272 1160 3350 Κύρβαςα
1202 3272 1388 3336 πόλις
1439 3272 1680 3349 Καρίας.
1766 3271 2133 3351 Δέδμαςα
2176 3270 2363 3335 πόλις
2413 3271 2654 3348 Καρίας.
2722 3270 3012 3349 Ἱέραςα

427 3376 466 3452 ἢ
509 3373 767 3450 Ἴραςα
809 3373 1010 3437 τόπος
1054 3372 1313 3454 Λιβύης,
1359 3372 1449 3437 εἰς
1492 3374 1569 3437 ὃν
1616 3374 1975 3453 μετήγαγον
2008 3371 2251 3437 Βάττον
2298 3372 2361 3436 οἱ
2403 3373 2655 3453 Λίβυες,
2703 3373 2793 3436 ὡς
2824 3371 3008 3449 Ἡρό-

428 3480 621 3539 δοτος
664 3474 931 3557 τετάρτῃ
975 3473 1061 3555 (c.
1111 3471 1276 3554 158).
1353 3474 1703 3539 Κάνδαςα
1747 3474 2068 3554 φρούριον
2118 3474 2363 3552 Καρίας.
2435 3474 2762 3553 Πολύβιος
2807 3473 3006 3537 ἑκκαι-
3045 3482 3111 3533 30

428 3576 689 3659 δεκάτῳ.
776 3574 1148 3651 Πλάραςα
1202 3575 1389 3639 πόλις
1448 3576 1691 3654 Καρίας.
1778 3570 2355 3653 Τόμιςαχωρίον
2412 3576 2693 3651 διορίζον
2751 3574 3009 3639 Καππα-

428 3677 649 3742 δοκίαν
726 3675 857 3741 ἀπὸ
932 3680 1049 3740 τοῦ
1110 3676 1382 3755 Ταύρου.
1493 3678 1895 3755 Πιμώλιςα
1961 3676 2281 3756 φρούριον
2344 3679 2457 3754 τῆς
2523 3674 2707 3741 ἐντὸς
2772 3675 3008 3741 Ἅλυος
3116 3758 3119 3763 Ι

426 3780 759 3855 Ποντικῆς.
849 3777 1256 3852 Μονόγιςα
1320 3778 1504 3841 πόλις
1573 3778 1816 3856 Καρίας.
1900 3778 2135 3857 ἵδρυμα
2193 3778 2531 3842 Δαιδάλου
2589 3783 2834 3856 μετρῶν
2877 3829 2890 3841 .
2936 3829 2948 3841 .
2994 3829 3006 3842 .

425 3879 600 3954 γίςςα
640 3879 764 3955 γὰρ
807 3884 884 3961 τῇ
934 3877 1157 3955 Καρῶν
1201 3886 1391 3960 φωνῇ
1437 3880 1612 3943 λίθος
1655 3878 2080 3958 ἑρμηνεύεται.
2147 3881 2250 3944 καὶ
2292 3884 2410 3945 νῦν
2454 3880 2607 3943 τοὺς
2651 3880 3009 3943 πλακώδεις
3058 3940 3061 3943 ,

426 3981 530 4042 καὶ
572 3980 967 4057 μαλακώδεις
1011 3980 1227 4044 λίθους
1270 3979 1445 4055 γίςςα
1476 3979 1789 4055 λέγουςιν.
3042 3987 3106 4039 35

595 4079 690 4144 Τὰ
743 4080 831 4145 εἰς
882 4085 1002 4145 ἷόῦ
1056 4080 1355 4160 διβράχεα
1410 4080 1728 4164 ὀξύνεται,
1785 4082 1840 4145 εἰ
1897 4084 1977 4161 μὴ
2033 4083 2161 4159 πρὸ
2213 4082 2441 4145 τέλους
2485 4083 2516 4143 ῖ
2570 4080 2709 4158 ἔχοι
2775 4081 2999 4164 μόνον,

426 4181 709 4263 φυτόν,
766 4180 1003 4259 ῥυτόν
1059 4180 1235 4245 εἶδος
1288 4182 1627 4264 ποτηρίου,
1697 4166 1929 4263 βοτὸν
1988 4182 2027 4260 ἡ
2087 4182 2340 4263 βοτάνη.
2441 4181 2693 4246 Χυτόν
2758 4184 2998 4259 χωρίον

424 4283 707 4361 ἠπείρου.
806 4282 1089 4365 Ἔφορος
1149 4283 1687 4366 ἐννεακαιδεκάτῳ
1749 4283 1855 4346 «οἱ
1919 4283 1985 4346 δ’
2038 4283 2106 4346 ἐκ
2165 4283 2583 4362 Κλαζομενῶν
2649 4285 2998 4365 κατῳκιςαν

423 4388 533 4462 τῆς
576 4384 846 4462 ἠπείρου
889 4386 963 4448 τὸ
1012 4384 1221 4448 Χυτὸν
1266 4384 1729 4463 καλούμενον».
1817 4385 1892 4447 τὸ
1938 4384 2155 4464 μέντοι
2184 4385 2466 4464 ,βλίτον
2521 4385 2559 4462 ἡ
2607 4378 2843 4463 βοτάνη
2892 4390 2998 4464 βα·
3120 4446 3125 4451 .

426 4486 715 4563 ρύνεται..
783 4484 1181 4565 ςεςημείωται
1224 4484 1426 4549 Κύτα
1474 4485 1659 4549 πόλις
1708 4485 1995 4564 Κολχική.
2084 4484 2210 4549 ἔςτι
2254 4487 2357 4550 καὶ
2398 4485 2721 4564 Εὐρώπης.
2809 4488 2884 4551 τὸ
2932 4489 3002 4551 δὲ
3038 4494 3105 4543 40

422 4586 690 4650 Δᾶτον
736 4586 924 4651 πόλις
968 4586 1217 4667 Θρᾴκης
1263 4585 1644 4665 «Ἡρόδοτος
1688 4586 1881 4671 ἐνάτῃ
1924 4590 2004 4670 (ο.
2037 4586 2146 4668 75)
2191 4592 2395 4671 μακρᾷ
2437 4589 2888 4665 παραλήγεται.

556 4740 591 4789 1.
631 4741 691 4790 16
727 4739 873 4791 huno
908 4756 1174 4791 canonem
1211 4756 1278 4792 ex
1313 4740 1621 4792 nominibus
1657 4757 1690 4790 a
1728 4741 1808 4791 St.
1847 4740 1910 4790 B.
1944 4740 2177 4805 prolatis
2213 4741 2511 4805 composui.
2649 4740 2684 4789 1.
2713 4741 2779 4791 3⁷
2815 4698 3000 4792 Xu‘rkv
3126 4750 3131 4753 ⁴

424 4806 613 4857 addidi
648 4808 832 4860 ex‘St.
874 4809 962 4872 B.,
1002 4805 1151 4859 Κύτα
1188 4813 1244 4858 et
1266 4808 1459 4860 Δᾶτον
1495 4825 1564 4860 ex
1600 4808 1807 4861 eodem.
1855 4810 1939 4859 De
1976 4807 2151 4872 ῥυτόν
2189 4809 2407 4860 confert
2438 4808 2632 4860 Iacobi
2660 4808 3000 4860 Athenaeum
