<?xml version="1.0" encoding="UTF-8"?>
<!DOCTYPE html PUBLIC "-//W3C//DTD XHTML 1.0 Transitional//EN"
    "http://www.w3.org/TR/xhtml1/DTD/xhtml1-transitional.dtd">
<html xmlns="http://www.w3.org/1999/xhtml" xml:lang="en" lang="en">
 <head>
  <title>
</title>
<meta http-equiv="Content-Type" content="text/html;charset=utf-8" />
  <meta name='ocr-system' content='tesseract 3.04.00' />
  <meta name='ocr-capabilities' content='ocr_page ocr_carea ocr_par ocr_line ocrx_word'/>
</head>
<body>
  <div class='ocr_page' id='page_1' title='image "./grammaticigraec02unkngoog_0349.png"; bbox 0 0 3664 5546; ppageno 0'>
   <div class='ocr_carea' id='block_1_1' title="bbox 1182 408 3041 473">
    <p class='ocr_par' dir='ltr' id='par_1_1' title="bbox 1182 408 3041 473">
     <span class='ocr_line' id='line_1_1' title="bbox 1182 408 3041 473; baseline 0.005 -9"><span class='ocrx_word' id='word_1_1' title='bbox 1182 409 1340 464; x_wconf 90' lang='grc' dir='ltr'>ΠΕΡΙ</span> <span class='ocrx_word' id='word_1_2' title='bbox 1383 409 1774 464; x_wconf 78' lang='grc' dir='ltr'>ΚΑΘΟΛΙΚΗΕ</span> <span class='ocrx_word' id='word_1_3' title='bbox 1811 408 2236 464; x_wconf 77' lang='grc' dir='ltr'>ΠΡΟΕΩιΔΙΑ(</span> <span class='ocrx_word' id='word_1_4' title='bbox 2274 409 2339 463; x_wconf 92' lang='grc' dir='ltr'>Δ.</span> <span class='ocrx_word' id='word_1_5' title='bbox 2923 408 3041 473; x_wconf 86' lang='lat'>103</span> 
     </span>
    </p>
   </div>
   <div class='ocr_carea' id='block_1_2' title="bbox 442 580 3139 1988">
    <p class='ocr_par' dir='ltr' id='par_1_2' title="bbox 442 580 3139 1988">
     <span class='ocr_line' id='line_1_2' title="bbox 450 580 3039 665; baseline -0.002 -16"><span class='ocrx_word' id='word_1_6' title='bbox 450 585 774 665; x_wconf 81' lang='grc' dir='ltr'>φωνήεντι</span> <span class='ocrx_word' id='word_1_7' title='bbox 820 585 858 662; x_wconf 85' lang='grc' dir='ltr'>ἢ</span> <span class='ocrx_word' id='word_1_8' title='bbox 906 586 961 647; x_wconf 76' lang='grc' dir='ltr'>ὦ</span> <span class='ocrx_word' id='word_1_9' title='bbox 1006 582 1165 661; x_wconf 83' lang='grc' dir='ltr'>μέγα</span> <span class='ocrx_word' id='word_1_10' title='bbox 1209 582 1337 659; x_wconf 88' lang='grc' dir='ltr'>πρὸ</span> <span class='ocrx_word' id='word_1_11' title='bbox 1381 584 1500 644; x_wconf 83' lang='grc' dir='ltr'>τοῦ</span> <span class='ocrx_word' id='word_1_12' title='bbox 1543 584 1641 644; x_wconf 69' lang='grc' dir='ltr'>ἦς</span> <span class='ocrx_word' id='word_1_13' title='bbox 1687 582 1768 659; x_wconf 88' lang='grc' dir='ltr'>μὴ</span> <span class='ocrx_word' id='word_1_14' title='bbox 1815 580 1975 645; x_wconf 90' lang='grc' dir='ltr'>ὄντα</span> <span class='ocrx_word' id='word_1_15' title='bbox 2003 580 2367 660; x_wconf 81' lang='grc' dir='ltr'>’ἑπιθετικά,</span> <span class='ocrx_word' id='word_1_16' title='bbox 2424 580 2478 644; x_wconf 88' lang='grc' dir='ltr'>εἰ</span> <span class='ocrx_word' id='word_1_17' title='bbox 2535 583 2616 660; x_wconf 88' lang='grc' dir='ltr'>μὴ</span> <span class='ocrx_word' id='word_1_18' title='bbox 2667 580 3039 659; x_wconf 85' lang='grc' dir='ltr'>παράκειται</span> 
     </span>
     <span class='ocr_line' id='line_1_3' title="bbox 450 682 3038 770; baseline -0.002 -19"><span class='ocrx_word' id='word_1_19' title='bbox 450 687 757 770; x_wconf 81' lang='grc' dir='ltr'>ἀρςενικῷ</span> <span class='ocrx_word' id='word_1_20' title='bbox 811 692 902 769; x_wconf 82' lang='grc' dir='ltr'>τῷ</span> <span class='ocrx_word' id='word_1_21' title='bbox 960 685 1048 750; x_wconf 86' lang='grc' dir='ltr'>εἰς</span> <span class='ocrx_word' id='word_1_22' title='bbox 1102 688 1247 765; x_wconf 66' lang='grc' dir='ltr'>της,</span> <span class='ocrx_word' id='word_1_23' title='bbox 1305 683 1630 766; x_wconf 81' lang='grc' dir='ltr'>ὀξύνεται,</span> <span class='ocrx_word' id='word_1_24' title='bbox 1675 682 1997 764; x_wconf 89' lang='grc' dir='ltr'>φορτίς,</span> <span class='ocrx_word' id='word_1_25' title='bbox 2049 682 2295 763; x_wconf 90' lang='grc' dir='ltr'>νοτίς,</span> <span class='ocrx_word' id='word_1_26' title='bbox 2352 684 2627 765; x_wconf 89' lang='grc' dir='ltr'>κοιτίς,</span> <span class='ocrx_word' id='word_1_27' title='bbox 2672 683 3038 764; x_wconf 83' lang='grc' dir='ltr'>Προιτίς,</span> 
     </span>
     <span class='ocr_line' id='line_1_4' title="bbox 450 784 3038 870; baseline -0.002 -18"><span class='ocrx_word' id='word_1_28' title='bbox 450 788 667 852; x_wconf 90' lang='grc' dir='ltr'>οὐτίς</span> <span class='ocrx_word' id='word_1_29' title='bbox 721 789 797 853; x_wconf 89' lang='grc' dir='ltr'>τὸ</span> <span class='ocrx_word' id='word_1_30' title='bbox 852 793 1023 870; x_wconf 76' lang='grc' dir='ltr'>ζῷον</span> <span class='ocrx_word' id='word_1_31' title='bbox 1079 786 1241 864; x_wconf 73' lang='grc' dir='ltr'>παρ’</span> <span class='ocrx_word' id='word_1_32' title='bbox 1297 786 1622 867; x_wconf 83' lang='grc' dir='ltr'>Ἀλκμᾶνι,</span> <span class='ocrx_word' id='word_1_33' title='bbox 1679 784 1968 866; x_wconf 90' lang='grc' dir='ltr'>Δωτίς,</span> <span class='ocrx_word' id='word_1_34' title='bbox 2028 784 2209 848; x_wconf 81' lang='grc' dir='ltr'>ὠτίς</span> <span class='ocrx_word' id='word_1_35' title='bbox 2265 786 2368 849; x_wconf 88' lang='grc' dir='ltr'>καὶ</span> <span class='ocrx_word' id='word_1_36' title='bbox 2411 786 2786 867; x_wconf 88' lang='grc' dir='ltr'>φροντίς,</span> <span class='ocrx_word' id='word_1_37' title='bbox 2847 784 2899 849; x_wconf 90' lang='grc' dir='ltr'>εἰ</span> <span class='ocrx_word' id='word_1_38' title='bbox 2958 787 3038 864; x_wconf 88' lang='grc' dir='ltr'>μὴ</span> 
     </span>
     <span class='ocr_line' id='line_1_5' title="bbox 449 886 3036 972; baseline -0.001 -18"><span class='ocrx_word' id='word_1_39' title='bbox 449 890 572 968; x_wconf 89' lang='grc' dir='ltr'>ἄρα</span> <span class='ocrx_word' id='word_1_40' title='bbox 614 893 840 972; x_wconf 85' lang='grc' dir='ltr'>τοῦτο,</span> <span class='ocrx_word' id='word_1_41' title='bbox 887 889 995 953; x_wconf 90' lang='grc' dir='ltr'>ὅτε</span> <span class='ocrx_word' id='word_1_42' title='bbox 1040 886 1258 965; x_wconf 89' lang='grc' dir='ltr'>κύριόν</span> <span class='ocrx_word' id='word_1_43' title='bbox 1305 888 1461 970; x_wconf 82' lang='grc' dir='ltr'>ἐςτι,</span> <span class='ocrx_word' id='word_1_44' title='bbox 1507 888 1609 950; x_wconf 84' lang='grc' dir='ltr'>καὶ</span> <span class='ocrx_word' id='word_1_45' title='bbox 1654 887 2243 967; x_wconf 86' lang='grc' dir='ltr'>βαρυτονηθήςεται.</span> <span class='ocrx_word' id='word_1_46' title='bbox 2292 886 2372 952; x_wconf 83' lang='grc' dir='ltr'>οὐ</span> <span class='ocrx_word' id='word_1_47' title='bbox 2419 887 2680 971; x_wconf 81' lang='grc' dir='ltr'>μάχεται</span> <span class='ocrx_word' id='word_1_48' title='bbox 2724 889 2800 953; x_wconf 88' lang='grc' dir='ltr'>τὸ</span> <span class='ocrx_word' id='word_1_49' title='bbox 2846 888 3036 966; x_wconf 92' lang='grc' dir='ltr'>πόρ-</span> 
     </span>
     <span class='ocr_line' id='line_1_6' title="bbox 447 985 3097 1071; baseline -0 -16"><span class='ocrx_word' id='word_1_50' title='bbox 447 1011 588 1057; x_wconf 91' lang='grc' dir='ltr'>τις·</span> <span class='ocrx_word' id='word_1_51' title='bbox 645 991 747 1055; x_wconf 84' lang='grc' dir='ltr'>καὶ</span> <span class='ocrx_word' id='word_1_52' title='bbox 798 992 922 1069; x_wconf 85' lang='grc' dir='ltr'>γὰρ</span> <span class='ocrx_word' id='word_1_53' title='bbox 976 989 1168 1069; x_wconf 90' lang='grc' dir='ltr'>χωρὶς</span> <span class='ocrx_word' id='word_1_54' title='bbox 1224 992 1341 1054; x_wconf 84' lang='grc' dir='ltr'>τοῦ</span> <span class='ocrx_word' id='word_1_55' title='bbox 1395 993 1437 1052; x_wconf 68' lang='grc' dir='ltr'>τ·</span> <span class='ocrx_word' id='word_1_56' title='bbox 1486 985 1754 1067; x_wconf 82' lang='grc' dir='ltr'>«πόριες</span> <span class='ocrx_word' id='word_1_57' title='bbox 1803 989 1950 1066; x_wconf 89' lang='grc' dir='ltr'>περὶ</span> <span class='ocrx_word' id='word_1_58' title='bbox 1999 993 2151 1068; x_wconf 84' lang='grc' dir='ltr'>βοῦς</span> <span class='ocrx_word' id='word_1_59' title='bbox 2195 988 2533 1065; x_wconf 84' lang='grc' dir='ltr'>ἀγελαίας»</span> <span class='ocrx_word' id='word_1_60' title='bbox 2581 987 2736 1071; x_wconf 84' lang='lat' dir='ltr'><strong>(Od.</strong></span> <span class='ocrx_word' id='word_1_61' title='bbox 2783 1013 2820 1054; x_wconf 89' lang='grc' dir='ltr'>κ</span> <span class='ocrx_word' id='word_1_62' title='bbox 2861 989 3033 1071; x_wconf 81' lang='grc'>410).</span> <span class='ocrx_word' id='word_1_63' title='bbox 3065 996 3097 1044; x_wconf 81' lang='lat'>5</span> 
     </span>
     <span class='ocr_line' id='line_1_7' title="bbox 447 1090 3037 1174; baseline -0 -15"><span class='ocrx_word' id='word_1_64' title='bbox 447 1096 535 1174; x_wconf 78' lang='grc' dir='ltr'>μὴ</span> <span class='ocrx_word' id='word_1_65' title='bbox 572 1094 732 1159; x_wconf 90' lang='grc' dir='ltr'>ὄντα</span> <span class='ocrx_word' id='word_1_66' title='bbox 777 1093 1095 1158; x_wconf 81' lang='grc' dir='ltr'>ἐπιθετικὰ</span> <span class='ocrx_word' id='word_1_67' title='bbox 1149 1092 1505 1170; x_wconf 87' lang='grc' dir='ltr'>πρόςκειται</span> <span class='ocrx_word' id='word_1_68' title='bbox 1565 1091 1669 1154; x_wconf 88' lang='grc' dir='ltr'>διὰ</span> <span class='ocrx_word' id='word_1_69' title='bbox 1721 1091 1798 1156; x_wconf 89' lang='grc' dir='ltr'>τὸ</span> <span class='ocrx_word' id='word_1_70' title='bbox 1856 1090 2114 1172; x_wconf 89' lang='grc' dir='ltr'>πότις,</span> <span class='ocrx_word' id='word_1_71' title='bbox 2171 1091 2224 1174; x_wconf 86' lang='grc' dir='ltr'>ᾧ</span> <span class='ocrx_word' id='word_1_72' title='bbox 2284 1091 2654 1169; x_wconf 88' lang='grc' dir='ltr'>παράκειται</span> <span class='ocrx_word' id='word_1_73' title='bbox 2699 1093 2774 1156; x_wconf 89' lang='grc' dir='ltr'>τὸ</span> <span class='ocrx_word' id='word_1_74' title='bbox 2821 1092 3037 1171; x_wconf 89' lang='grc' dir='ltr'>πότης.</span> 
     </span>
     <span class='ocr_line' id='line_1_8' title="bbox 612 1181 3036 1277; baseline -0.001 -17"><span class='ocrx_word' id='word_1_75' title='bbox 612 1215 650 1251; x_wconf 60' lang='lat' dir='ltr'>v*</span> <span class='ocrx_word' id='word_1_76' title='bbox 699 1195 792 1260; x_wconf 87' lang='grc' dir='ltr'>Τὰ</span> <span class='ocrx_word' id='word_1_77' title='bbox 853 1195 941 1260; x_wconf 88' lang='grc' dir='ltr'>εἰς</span> <span class='ocrx_word' id='word_1_78' title='bbox 993 1197 1089 1258; x_wconf 67' lang='grc' dir='ltr'>ἷιῖ</span> <span class='ocrx_word' id='word_1_79' title='bbox 1146 1192 1490 1272; x_wconf 89' lang='grc' dir='ltr'>διςύλλαβα</span> <span class='ocrx_word' id='word_1_80' title='bbox 1543 1192 1730 1270; x_wconf 89' lang='grc' dir='ltr'>κύρια</span> <span class='ocrx_word' id='word_1_81' title='bbox 1781 1181 1875 1275; x_wconf 84' lang='grc' dir='ltr'>τῷ</span> <span class='ocrx_word' id='word_1_82' title='bbox 1928 1195 1963 1256; x_wconf 74' lang='grc' dir='ltr'>ἐ’</span> <span class='ocrx_word' id='word_1_83' title='bbox 2017 1194 2055 1270; x_wconf 91' lang='grc' dir='ltr'>ἢ</span> <span class='ocrx_word' id='word_1_84' title='bbox 2112 1199 2204 1276; x_wconf 83' lang='grc' dir='ltr'>τῷ</span> <span class='ocrx_word' id='word_1_85' title='bbox 2273 1197 2313 1269; x_wconf 83' lang='grc' dir='ltr'>ἦ</span> <span class='ocrx_word' id='word_1_86' title='bbox 2368 1194 2405 1270; x_wconf 86' lang='grc' dir='ltr'>ἢ</span> <span class='ocrx_word' id='word_1_87' title='bbox 2461 1200 2537 1276; x_wconf 87' lang='grc' dir='ltr'>τῇ</span> <span class='ocrx_word' id='word_1_88' title='bbox 2593 1198 2655 1256; x_wconf 77' lang='grc' dir='ltr'>(ῖι</span> <span class='ocrx_word' id='word_1_89' title='bbox 2702 1194 3036 1277; x_wconf 86' lang='grc' dir='ltr'>διφθόγγῳ</span> 
     </span>
     <span class='ocr_line' id='line_1_9' title="bbox 445 1294 3038 1379; baseline -0.001 -17"><span class='ocrx_word' id='word_1_90' title='bbox 445 1298 943 1378; x_wconf 89' lang='grc' dir='ltr'>παραληγόμενα</span> <span class='ocrx_word' id='word_1_91' title='bbox 989 1296 1356 1377; x_wconf 84' lang='grc' dir='ltr'>βαρύνεται,</span> <span class='ocrx_word' id='word_1_92' title='bbox 1414 1294 1671 1377; x_wconf 85' lang='grc' dir='ltr'>Θέτις,</span> <span class='ocrx_word' id='word_1_93' title='bbox 1731 1296 1999 1360; x_wconf 84' lang='grc' dir='ltr'>Βαῖτις</span> <span class='ocrx_word' id='word_1_94' title='bbox 2056 1295 2343 1374; x_wconf 87' lang='grc' dir='ltr'>ποταμὸς</span> <span class='ocrx_word' id='word_1_95' title='bbox 2397 1295 2557 1358; x_wconf 87' lang='grc' dir='ltr'>κατὰ</span> <span class='ocrx_word' id='word_1_96' title='bbox 2613 1296 2907 1379; x_wconf 86' lang='grc' dir='ltr'>Ἰβηρίαν,</span> <span class='ocrx_word' id='word_1_97' title='bbox 2965 1297 3038 1360; x_wconf 87' lang='grc' dir='ltr'>ὃς</span> 
     </span>
     <span class='ocr_line' id='line_1_10' title="bbox 442 1396 3036 1480; baseline -0.001 -15"><span class='ocrx_word' id='word_1_98' title='bbox 442 1401 694 1480; x_wconf 84' lang='grc' dir='ltr'>Πέρκης</span> <span class='ocrx_word' id='word_1_99' title='bbox 739 1400 985 1475; x_wconf 83' lang='grc' dir='ltr'>λέγεται</span> <span class='ocrx_word' id='word_1_100' title='bbox 1042 1398 1169 1463; x_wconf 84' lang='grc' dir='ltr'>ὑπὸ</span> <span class='ocrx_word' id='word_1_101' title='bbox 1225 1402 1355 1463; x_wconf 83' lang='grc' dir='ltr'>τῶν</span> <span class='ocrx_word' id='word_1_102' title='bbox 1413 1396 1775 1478; x_wconf 81' lang='grc' dir='ltr'>ἐγχωρίων,</span> <span class='ocrx_word' id='word_1_103' title='bbox 1834 1396 2041 1463; x_wconf 83' lang='grc' dir='ltr'>Ἠτις</span> <span class='ocrx_word' id='word_1_104' title='bbox 2098 1401 2296 1476; x_wconf 89' lang='grc' dir='ltr'>δῆμος</span> <span class='ocrx_word' id='word_1_105' title='bbox 2350 1396 2714 1475; x_wconf 84' lang='grc' dir='ltr'>Λακωνικῆς</span> <span class='ocrx_word' id='word_1_106' title='bbox 2770 1400 2870 1463; x_wconf 87' lang='grc' dir='ltr'>καὶ</span> <span class='ocrx_word' id='word_1_107' title='bbox 2926 1402 3036 1476; x_wconf 91' lang='grc' dir='ltr'>τῆς</span> 
     </span>
     <span class='ocr_line' id='line_1_11' title="bbox 449 1502 3139 1582; baseline -0.001 -15"><span class='ocrx_word' id='word_1_108' title='bbox 449 1504 689 1582; x_wconf 82' lang='grc' dir='ltr'>Κρήτης</span> <span class='ocrx_word' id='word_1_109' title='bbox 734 1502 936 1566; x_wconf 91' lang='grc' dir='ltr'>πόλις.</span> <span class='ocrx_word' id='word_1_110' title='bbox 3079 1505 3139 1553; x_wconf 84' lang='lat'>10</span> 
     </span>
     <span class='ocr_line' id='line_1_12' title="bbox 609 1601 3035 1681; baseline 0.001 -19"><span class='ocrx_word' id='word_1_111' title='bbox 609 1627 646 1662; x_wconf 56' lang='grc' dir='ltr'>τι</span> <span class='ocrx_word' id='word_1_112' title='bbox 705 1604 798 1668; x_wconf 88' lang='grc' dir='ltr'>Τὰ</span> <span class='ocrx_word' id='word_1_113' title='bbox 863 1603 949 1667; x_wconf 86' lang='grc' dir='ltr'>εἰς</span> <span class='ocrx_word' id='word_1_114' title='bbox 1017 1607 1116 1666; x_wconf 75' lang='grc' dir='ltr'>τῐξ</span> <span class='ocrx_word' id='word_1_115' title='bbox 1182 1601 1342 1679; x_wconf 81' lang='grc' dir='ltr'>ὑπὲρ</span> <span class='ocrx_word' id='word_1_116' title='bbox 1412 1602 1531 1667; x_wconf 90' lang='grc' dir='ltr'>δύο</span> <span class='ocrx_word' id='word_1_117' title='bbox 1599 1602 1914 1681; x_wconf 87' lang='grc' dir='ltr'>ςυλλαβὰς</span> <span class='ocrx_word' id='word_1_118' title='bbox 1981 1603 2222 1679; x_wconf 87' lang='grc' dir='ltr'>θηλυκὰ</span> <span class='ocrx_word' id='word_1_119' title='bbox 2292 1604 2371 1681; x_wconf 89' lang='grc' dir='ltr'>μὴ</span> <span class='ocrx_word' id='word_1_120' title='bbox 2428 1602 2560 1668; x_wconf 89' lang='grc' dir='ltr'>ἀπὸ</span> <span class='ocrx_word' id='word_1_121' title='bbox 2616 1606 2747 1667; x_wconf 84' lang='grc' dir='ltr'>τῶν</span> <span class='ocrx_word' id='word_1_122' title='bbox 2807 1602 2895 1666; x_wconf 89' lang='grc' dir='ltr'>εἰς</span> <span class='ocrx_word' id='word_1_123' title='bbox 2960 1605 3035 1679; x_wconf 69' lang='grc' dir='ltr'>η’(</span> 
     </span>
     <span class='ocr_line' id='line_1_13' title="bbox 444 1703 3032 1786; baseline -0.001 -15"><span class='ocrx_word' id='word_1_124' title='bbox 444 1707 790 1784; x_wconf 85' lang='grc' dir='ltr'>ἀρςενικῶν</span> <span class='ocrx_word' id='word_1_125' title='bbox 834 1705 1137 1784; x_wconf 87' lang='grc' dir='ltr'>γινόμενα</span> <span class='ocrx_word' id='word_1_126' title='bbox 1182 1703 1494 1785; x_wconf 85' lang='grc' dir='ltr'>ὀξύνεται,</span> <span class='ocrx_word' id='word_1_127' title='bbox 1542 1704 1902 1786; x_wconf 87' lang='grc' dir='ltr'>Βοιωτίς,</span> <span class='ocrx_word' id='word_1_128' title='bbox 1938 1704 2420 1786; x_wconf 90' lang='grc' dir='ltr'>Θεςπρωτίς,</span> <span class='ocrx_word' id='word_1_129' title='bbox 2452 1704 2804 1785; x_wconf 82' lang='grc' dir='ltr'>Εἱλωτίς,</span> <span class='ocrx_word' id='word_1_130' title='bbox 2837 1704 3032 1769; x_wconf 81' lang='grc' dir='ltr'>Ἐνε-</span> 
     </span>
     <span class='ocr_line' id='line_1_14' title="bbox 442 1805 3032 1891; baseline -0.001 -19"><span class='ocrx_word' id='word_1_131' title='bbox 442 1808 585 1891; x_wconf 89' lang='grc' dir='ltr'>τίς,</span> <span class='ocrx_word' id='word_1_132' title='bbox 631 1808 1015 1872; x_wconf 85' lang='grc' dir='ltr'>Ἑλλωτίς·</span> <span class='ocrx_word' id='word_1_133' title='bbox 1062 1805 1234 1871; x_wconf 85' lang='grc' dir='ltr'>οὕτω</span> <span class='ocrx_word' id='word_1_134' title='bbox 1280 1806 1454 1884; x_wconf 88' lang='grc' dir='ltr'>παρὰ</span> <span class='ocrx_word' id='word_1_135' title='bbox 1504 1807 1725 1885; x_wconf 88' lang='grc' dir='ltr'>Κρηςὶν</span> <span class='ocrx_word' id='word_1_136' title='bbox 1772 1807 1811 1885; x_wconf 84' lang='grc' dir='ltr'>ἡ</span> <span class='ocrx_word' id='word_1_137' title='bbox 1859 1806 2162 1887; x_wconf 83' lang='grc' dir='ltr'>Εὐρώπη,</span> <span class='ocrx_word' id='word_1_138' title='bbox 2222 1806 2351 1887; x_wconf 77' lang='grc' dir='ltr'>ἀφ’</span> <span class='ocrx_word' id='word_1_139' title='bbox 2395 1806 2469 1887; x_wconf 84' lang='grc' dir='ltr'>ἧς</span> <span class='ocrx_word' id='word_1_140' title='bbox 2524 1807 2845 1885; x_wconf 92' lang='grc' dir='ltr'>πρότερον</span> <span class='ocrx_word' id='word_1_141' title='bbox 2893 1807 3032 1870; x_wconf 81' lang='grc' dir='ltr'>ἑκα-</span> 
     </span>
     <span class='ocr_line' id='line_1_15' title="bbox 445 1907 3034 1988; baseline 0 -15"><span class='ocrx_word' id='word_1_142' title='bbox 445 1913 617 1973; x_wconf 88' lang='grc' dir='ltr'>λεῑτο</span> <span class='ocrx_word' id='word_1_143' title='bbox 666 1911 705 1973; x_wconf 89' lang='grc' dir='ltr'>Γ</span> <span class='ocrx_word' id='word_1_144' title='bbox 707 1909 900 1988; x_wconf 91' lang='grc' dir='ltr'>όρτυν</span> <span class='ocrx_word' id='word_1_145' title='bbox 945 1907 1131 1973; x_wconf 88' lang='grc' dir='ltr'>πόλις</span> <span class='ocrx_word' id='word_1_146' title='bbox 1175 1908 1482 1973; x_wconf 86' lang='grc' dir='ltr'>Ἑλλωτίς.</span> <span class='ocrx_word' id='word_1_147' title='bbox 1570 1908 1922 1987; x_wconf 88' lang='grc' dir='ltr'>Λαμωτίς</span> <span class='ocrx_word' id='word_1_148' title='bbox 1973 1908 2012 1986; x_wconf 81' lang='grc' dir='ltr'>ἡ</span> <span class='ocrx_word' id='word_1_149' title='bbox 2060 1909 2408 1987; x_wconf 85' lang='grc' dir='ltr'>Ἀντιόχεια</span> <span class='ocrx_word' id='word_1_150' title='bbox 2453 1908 2766 1987; x_wconf 87' lang='grc' dir='ltr'>Ἰςαυρίας.</span> <span class='ocrx_word' id='word_1_151' title='bbox 2839 1910 2915 1973; x_wconf 90' lang='grc' dir='ltr'>τὸ</span> <span class='ocrx_word' id='word_1_152' title='bbox 2959 1910 3034 1974; x_wconf 79' lang='grc' dir='ltr'>δὲ</span> 
     </span>
    </p>
   </div>
   <div class='ocr_carea' id='block_1_3' title="bbox 442 2010 3136 2294">
    <p class='ocr_par' dir='ltr' id='par_1_3' title="bbox 442 2010 3136 2294">
     <span class='ocr_line' id='line_1_16' title="bbox 445 2010 3136 2090; baseline 0 -15"><span class='ocrx_word' id='word_1_153' title='bbox 445 2011 804 2076; x_wconf 87' lang='grc' dir='ltr'>Ῥακῶτις</span> <span class='ocrx_word' id='word_1_154' title='bbox 845 2047 932 2057; x_wconf 92' lang='grc'>-</span> <span class='ocrx_word' id='word_1_155' title='bbox 975 2010 1182 2076; x_wconf 85' lang='grc' dir='ltr'>οὕτως</span> <span class='ocrx_word' id='word_1_156' title='bbox 1224 2011 1263 2089; x_wconf 84' lang='grc' dir='ltr'>ἡ</span> <span class='ocrx_word' id='word_1_157' title='bbox 1312 2010 1750 2089; x_wconf 90' lang='grc' dir='ltr'>Ἀλεξάνδρεια</span> <span class='ocrx_word' id='word_1_158' title='bbox 1803 2011 2127 2089; x_wconf 90' lang='grc' dir='ltr'>πρότερον</span> <span class='ocrx_word' id='word_1_159' title='bbox 2186 2011 2475 2076; x_wconf 82' lang='grc' dir='ltr'>ἐκαλεῖτο</span> <span class='ocrx_word' id='word_1_160' title='bbox 2519 2047 2605 2057; x_wconf 89' lang='grc'><strong>-</strong></span> <span class='ocrx_word' id='word_1_161' title='bbox 2660 2012 2762 2075; x_wconf 89' lang='grc' dir='ltr'>καὶ</span> <span class='ocrx_word' id='word_1_162' title='bbox 2807 2011 3032 2090; x_wconf 88' lang='grc' dir='ltr'>Λιμε-</span> <span class='ocrx_word' id='word_1_163' title='bbox 3077 2013 3136 2063; x_wconf 78' lang='grc'>15</span> 
     </span>
     <span class='ocr_line' id='line_1_17' title="bbox 442 2112 3033 2193; baseline -0 -16"><span class='ocrx_word' id='word_1_164' title='bbox 442 2118 678 2177; x_wconf 87' lang='grc' dir='ltr'>νῶτις</span> <span class='ocrx_word' id='word_1_165' title='bbox 746 2113 1130 2193; x_wconf 89' lang='grc' dir='ltr'>χερρόνηςος</span> <span class='ocrx_word' id='word_1_166' title='bbox 1179 2113 1434 2191; x_wconf 86' lang='grc' dir='ltr'>Κελτικὴ</span> <span class='ocrx_word' id='word_1_167' title='bbox 1489 2115 1995 2191; x_wconf 84' lang='grc' dir='ltr'>προπεριςπᾶται</span> <span class='ocrx_word' id='word_1_168' title='bbox 2069 2112 2157 2177; x_wconf 81' lang='grc' dir='ltr'>ὡς</span> <span class='ocrx_word' id='word_1_169' title='bbox 2220 2112 2351 2178; x_wconf 88' lang='grc' dir='ltr'>ἀπὸ</span> <span class='ocrx_word' id='word_1_170' title='bbox 2409 2113 2758 2191; x_wconf 84' lang='grc' dir='ltr'>ἀρςενικῶν</span> <span class='ocrx_word' id='word_1_171' title='bbox 2816 2112 2903 2179; x_wconf 89' lang='grc' dir='ltr'>εἰς</span> <span class='ocrx_word' id='word_1_172' title='bbox 2958 2118 3033 2192; x_wconf 59' lang='lat' dir='ltr'>ff(</span> 
     </span>
     <span class='ocr_line' id='line_1_18' title="bbox 443 2235 773 2294; baseline -0.003 -15"><span class='ocrx_word' id='word_1_173' title='bbox 443 2235 773 2294; x_wconf 87' lang='grc' dir='ltr'>γενομενα.</span> 
     </span>
    </p>
   </div>
   <div class='ocr_carea' id='block_1_4' title="bbox 406 2316 3132 3521">
    <p class='ocr_par' dir='ltr' id='par_1_4' title="bbox 406 2316 3132 3521">
     <span class='ocr_line' id='line_1_19' title="bbox 609 2316 3031 2401; baseline 0.002 -26"><span class='ocrx_word' id='word_1_174' title='bbox 609 2340 646 2375; x_wconf 58' lang='grc' dir='ltr'>κ</span> <span class='ocrx_word' id='word_1_175' title='bbox 695 2316 788 2380; x_wconf 88' lang='grc' dir='ltr'>Τὰ</span> <span class='ocrx_word' id='word_1_176' title='bbox 833 2316 921 2381; x_wconf 87' lang='grc' dir='ltr'>εἰς</span> <span class='ocrx_word' id='word_1_177' title='bbox 963 2321 1061 2380; x_wconf 81' lang='grc' dir='ltr'>τις</span> <span class='ocrx_word' id='word_1_178' title='bbox 1107 2317 1391 2396; x_wconf 87' lang='grc' dir='ltr'>ὀνόματα</span> <span class='ocrx_word' id='word_1_179' title='bbox 1435 2316 1693 2381; x_wconf 91' lang='grc' dir='ltr'>πόλεων</span> <span class='ocrx_word' id='word_1_180' title='bbox 1738 2318 2194 2396; x_wconf 91' lang='grc' dir='ltr'>πολυςύλλαβα</span> <span class='ocrx_word' id='word_1_181' title='bbox 2246 2323 2339 2401; x_wconf 84' lang='grc' dir='ltr'>τῷ</span> <span class='ocrx_word' id='word_1_182' title='bbox 2395 2321 2436 2380; x_wconf 73' lang='lat' dir='ltr'>&#39;d</span> <span class='ocrx_word' id='word_1_183' title='bbox 2490 2319 2528 2396; x_wconf 84' lang='grc' dir='ltr'>ἢ</span> <span class='ocrx_word' id='word_1_184' title='bbox 2576 2319 2613 2381; x_wconf 85' lang='grc' dir='ltr'><em>ὃ</em></span> <span class='ocrx_word' id='word_1_185' title='bbox 2665 2318 3031 2396; x_wconf 87' lang='grc' dir='ltr'>παραληγό-</span> 
     </span>
     <span class='ocr_line' id='line_1_20' title="bbox 443 2418 3029 2503; baseline 0 -20"><span class='ocrx_word' id='word_1_186' title='bbox 443 2439 601 2499; x_wconf 89' lang='grc' dir='ltr'>μενα</span> <span class='ocrx_word' id='word_1_187' title='bbox 658 2418 1024 2500; x_wconf 88' lang='grc' dir='ltr'>βαρύνεται,</span> <span class='ocrx_word' id='word_1_188' title='bbox 1094 2418 1476 2482; x_wconf 87' lang='grc' dir='ltr'>Κάλλατις</span> <span class='ocrx_word' id='word_1_189' title='bbox 1541 2418 1879 2497; x_wconf 89' lang='grc' dir='ltr'>πολίχνιον</span> <span class='ocrx_word' id='word_1_190' title='bbox 1947 2419 2016 2482; x_wconf 83' lang='grc' dir='ltr'>ἐν</span> <span class='ocrx_word' id='word_1_191' title='bbox 2081 2426 2156 2502; x_wconf 85' lang='grc' dir='ltr'>τῇ</span> <span class='ocrx_word' id='word_1_192' title='bbox 2224 2419 2503 2503; x_wconf 89' lang='grc' dir='ltr'>παραλίᾳ</span> <span class='ocrx_word' id='word_1_193' title='bbox 2567 2423 2684 2485; x_wconf 87' lang='grc' dir='ltr'>τοῦ</span> <span class='ocrx_word' id='word_1_194' title='bbox 2749 2420 3029 2484; x_wconf 90' lang='grc' dir='ltr'>Πόντου.</span> 
     </span>
     <span class='ocr_line' id='line_1_21' title="bbox 444 2518 3132 2606; baseline 0 -21"><span class='ocrx_word' id='word_1_195' title='bbox 444 2520 740 2600; x_wconf 77' lang='grc' dir='ltr'>(τράβων</span> <span class='ocrx_word' id='word_1_196' title='bbox 786 2521 1021 2604; x_wconf 89' lang='grc' dir='ltr'>ἑβδόμῃ</span> <span class='ocrx_word' id='word_1_197' title='bbox 1065 2522 1158 2606; x_wconf 89' lang='lat' dir='ltr'>(p.</span> <span class='ocrx_word' id='word_1_198' title='bbox 1202 2519 1349 2599; x_wconf 81' lang='lat'><strong>318,</strong></span> <span class='ocrx_word' id='word_1_199' title='bbox 1382 2518 1564 2600; x_wconf 87' lang='lat'>319)·</span> <span class='ocrx_word' id='word_1_200' title='bbox 1613 2520 1702 2584; x_wconf 83' lang='grc' dir='ltr'>ὼς</span> <span class='ocrx_word' id='word_1_201' title='bbox 1746 2520 2026 2584; x_wconf 87' lang='grc' dir='ltr'>κάλαθος</span> <span class='ocrx_word' id='word_1_202' title='bbox 2070 2522 2296 2600; x_wconf 83' lang='grc' dir='ltr'>εὑρέθη</span> <span class='ocrx_word' id='word_1_203' title='bbox 2342 2522 2569 2586; x_wconf 81' lang='grc' dir='ltr'>ἐοικὼς</span> <span class='ocrx_word' id='word_1_204' title='bbox 2615 2524 2753 2587; x_wconf 86' lang='grc' dir='ltr'>τοῖς</span> <span class='ocrx_word' id='word_1_205' title='bbox 2806 2528 3026 2601; x_wconf 88' lang='grc' dir='ltr'>θεςμο-</span> <span class='ocrx_word' id='word_1_206' title='bbox 3063 2523 3132 2571; x_wconf 75' lang='lat'>:20</span> 
     </span>
     <span class='ocr_line' id='line_1_22' title="bbox 444 2621 3029 2703; baseline 0.001 -18"><span class='ocrx_word' id='word_1_207' title='bbox 444 2624 800 2703; x_wconf 87' lang='grc' dir='ltr'>φοριακοῑς.</span> <span class='ocrx_word' id='word_1_208' title='bbox 892 2622 1327 2700; x_wconf 87' lang='grc' dir='ltr'>Ναύκρατις</span> <span class='ocrx_word' id='word_1_209' title='bbox 1371 2623 1557 2685; x_wconf 90' lang='grc' dir='ltr'>πόλις</span> <span class='ocrx_word' id='word_1_210' title='bbox 1599 2621 1924 2697; x_wconf 84' lang='grc' dir='ltr'>Αἰγύπτου</span> <span class='ocrx_word' id='word_1_211' title='bbox 1974 2622 2105 2687; x_wconf 88' lang='grc' dir='ltr'>ἀπὸ</span> <span class='ocrx_word' id='word_1_212' title='bbox 2153 2623 2477 2702; x_wconf 87' lang='grc' dir='ltr'>Μιληςίων</span> <span class='ocrx_word' id='word_1_213' title='bbox 2533 2624 2678 2688; x_wconf 89' lang='grc' dir='ltr'>τότε</span> <span class='ocrx_word' id='word_1_214' title='bbox 2724 2627 3029 2689; x_wconf 85' lang='grc' dir='ltr'>θαλαςςο-</span> 
     </span>
     <span class='ocr_line' id='line_1_23' title="bbox 441 2722 3029 2810; baseline 0 -20"><span class='ocrx_word' id='word_1_215' title='bbox 441 2724 852 2804; x_wconf 89' lang='grc' dir='ltr'>κρατούντων</span> <span class='ocrx_word' id='word_1_216' title='bbox 911 2724 1001 2789; x_wconf 83' lang='grc' dir='ltr'>ὡς</span> <span class='ocrx_word' id='word_1_217' title='bbox 1046 2723 1342 2805; x_wconf 77' lang='grc' dir='ltr'>(τράβων</span> <span class='ocrx_word' id='word_1_218' title='bbox 1398 2723 1894 2806; x_wconf 82' lang='grc' dir='ltr'>ἑπτακαιδεκάτῃ</span> <span class='ocrx_word' id='word_1_219' title='bbox 1950 2725 2042 2810; x_wconf 88' lang='lat' dir='ltr'>(p.</span> <span class='ocrx_word' id='word_1_220' title='bbox 2088 2722 2256 2806; x_wconf 82' lang='lat'>801).</span> <span class='ocrx_word' id='word_1_221' title='bbox 2355 2724 2785 2806; x_wconf 84' lang='grc' dir='ltr'>Ὀνείβατις</span> <span class='ocrx_word' id='word_1_222' title='bbox 2843 2725 3029 2791; x_wconf 88' lang='grc' dir='ltr'>πόλις</span> 
     </span>
     <span class='ocr_line' id='line_1_24' title="bbox 439 2826 3027 2908; baseline 0 -16"><span class='ocrx_word' id='word_1_223' title='bbox 439 2826 759 2903; x_wconf 85' lang='grc' dir='ltr'>Αἰγύπτου</span> <span class='ocrx_word' id='word_1_224' title='bbox 816 2826 1138 2891; x_wconf 86' lang='grc' dir='ltr'>Ἑκαταῖος</span> <span class='ocrx_word' id='word_1_225' title='bbox 1202 2828 1563 2906; x_wconf 87' lang='grc' dir='ltr'>περιηγήςει</span> <span class='ocrx_word' id='word_1_226' title='bbox 1619 2827 1867 2906; x_wconf 88' lang='grc' dir='ltr'>Λιβύης.</span> <span class='ocrx_word' id='word_1_227' title='bbox 1965 2827 2446 2903; x_wconf 87' lang='grc' dir='ltr'>Ἰαγξαύατις</span> <span class='ocrx_word' id='word_1_228' title='bbox 2508 2828 2695 2893; x_wconf 93' lang='grc' dir='ltr'>πόλις</span> <span class='ocrx_word' id='word_1_229' title='bbox 2759 2829 3027 2908; x_wconf 90' lang='grc' dir='ltr'>Λιβύων.</span> 
     </span>
     <span class='ocr_line' id='line_1_25' title="bbox 440 2928 3028 3012; baseline 0.001 -19"><span class='ocrx_word' id='word_1_230' title='bbox 440 2929 763 2993; x_wconf 82' lang='grc' dir='ltr'>Ἑκαταῖος</span> <span class='ocrx_word' id='word_1_231' title='bbox 809 2928 1011 3012; x_wconf 80' lang='grc' dir='ltr'>Ἀςίᾳ..</span> <span class='ocrx_word' id='word_1_232' title='bbox 1048 2930 1349 3008; x_wconf 74' lang='grc' dir='ltr'>’Ἀβοτις</span> <span class='ocrx_word' id='word_1_233' title='bbox 1396 2929 1582 2994; x_wconf 87' lang='grc' dir='ltr'>πόλις</span> <span class='ocrx_word' id='word_1_234' title='bbox 1626 2928 1980 3010; x_wconf 88' lang='grc' dir='ltr'>Αἰγύπτου,</span> <span class='ocrx_word' id='word_1_235' title='bbox 2029 2929 2118 2993; x_wconf 80' lang='grc' dir='ltr'>ὡς</span> <span class='ocrx_word' id='word_1_236' title='bbox 2162 2928 2501 2994; x_wconf 85' lang='grc' dir='ltr'>Ἑκαταῖος.</span> <span class='ocrx_word' id='word_1_237' title='bbox 2595 2929 3028 3009; x_wconf 87' lang='grc' dir='ltr'>Κράμβοτις</span> 
     </span>
     <span class='ocr_line' id='line_1_26' title="bbox 439 3030 3129 3112; baseline 0 -18"><span class='ocrx_word' id='word_1_238' title='bbox 439 3031 625 3095; x_wconf 92' lang='grc' dir='ltr'>πόλις</span> <span class='ocrx_word' id='word_1_239' title='bbox 669 3030 1022 3112; x_wconf 86' lang='grc' dir='ltr'>Αἰγύπτου,</span> <span class='ocrx_word' id='word_1_240' title='bbox 1067 3031 1145 3109; x_wconf 85' lang='grc' dir='ltr'>ἣν</span> <span class='ocrx_word' id='word_1_241' title='bbox 1190 3030 1515 3095; x_wconf 71' lang='grc' dir='ltr'>Ἑκαταῖός</span> <span class='ocrx_word' id='word_1_242' title='bbox 1559 3032 1919 3110; x_wconf 87' lang='grc' dir='ltr'>περιηγήςει</span> <span class='ocrx_word' id='word_1_243' title='bbox 1965 3031 2195 3111; x_wconf 87' lang='grc' dir='ltr'>Λιβύης</span> <span class='ocrx_word' id='word_1_244' title='bbox 2244 3031 2632 3111; x_wconf 90' lang='grc' dir='ltr'>Κράμβουτίν</span> <span class='ocrx_word' id='word_1_245' title='bbox 2679 3053 2888 3112; x_wconf 89' lang='grc' dir='ltr'>φηςιν.</span> <span class='ocrx_word' id='word_1_246' title='bbox 3063 3032 3129 3082; x_wconf 80' lang='lat'>25</span> 
     </span>
     <span class='ocr_line' id='line_1_27' title="bbox 406 3124 3026 3222; baseline -0 -25"><span class='ocrx_word' id='word_1_247' title='bbox 406 3213 415 3222; x_wconf 23' lang='grc' dir='ltr'><strong><em>η</em></strong></span> <span class='ocrx_word' id='word_1_248' title='bbox 609 3133 703 3197; x_wconf 89' lang='grc' dir='ltr'>Τὰ</span> <span class='ocrx_word' id='word_1_249' title='bbox 747 3133 835 3197; x_wconf 89' lang='grc' dir='ltr'>εἰς</span> <span class='ocrx_word' id='word_1_250' title='bbox 877 3136 981 3195; x_wconf 53' lang='lat' dir='ltr'>W</span> <span class='ocrx_word' id='word_1_251' title='bbox 1025 3133 1152 3212; x_wconf 90' lang='grc' dir='ltr'>πρὸ</span> <span class='ocrx_word' id='word_1_252' title='bbox 1197 3136 1313 3196; x_wconf 86' lang='grc' dir='ltr'>τοῦ</span> <span class='ocrx_word' id='word_1_253' title='bbox 1360 3136 1458 3195; x_wconf 65' lang='grc' dir='ltr'>’τις</span> <span class='ocrx_word' id='word_1_254' title='bbox 1488 3124 1541 3222; x_wconf 35' lang='grc' dir='ltr'>,υ</span> <span class='ocrx_word' id='word_1_255' title='bbox 1586 3133 1822 3212; x_wconf 80' lang='grc' dir='ltr'>ἔχοντα</span> <span class='ocrx_word' id='word_1_256' title='bbox 1836 3182 1853 3214; x_wconf 90' lang='grc'>,</span> <span class='ocrx_word' id='word_1_257' title='bbox 1900 3133 2131 3197; x_wconf 87' lang='grc' dir='ltr'>ςπάνια</span> <span class='ocrx_word' id='word_1_258' title='bbox 2176 3132 2352 3214; x_wconf 89' lang='grc' dir='ltr'>ὄντα,</span> <span class='ocrx_word' id='word_1_259' title='bbox 2397 3135 2476 3197; x_wconf 91' lang='grc' dir='ltr'>τὰ</span> <span class='ocrx_word' id='word_1_260' title='bbox 2523 3134 2635 3211; x_wconf 81' lang='grc' dir='ltr'>μὲν</span> <span class='ocrx_word' id='word_1_261' title='bbox 2670 3134 3026 3215; x_wconf 88' lang='grc' dir='ltr'>βαρύνεται,</span> 
     </span>
     <span class='ocr_line' id='line_1_28' title="bbox 441 3233 3026 3316; baseline 0 -17"><span class='ocrx_word' id='word_1_262' title='bbox 441 3234 748 3316; x_wconf 76' lang='grc' dir='ltr'>(ύρτις,</span> <span class='ocrx_word' id='word_1_263' title='bbox 805 3234 1087 3301; x_wconf 91' lang='grc' dir='ltr'>Ξύςτις</span> <span class='ocrx_word' id='word_1_264' title='bbox 1143 3234 1330 3299; x_wconf 87' lang='grc' dir='ltr'>πόλις</span> <span class='ocrx_word' id='word_1_265' title='bbox 1388 3233 1630 3313; x_wconf 90' lang='grc' dir='ltr'>Καρίας.</span> <span class='ocrx_word' id='word_1_266' title='bbox 1722 3235 2041 3313; x_wconf 85' lang='grc' dir='ltr'>Βέρυτις</span> <span class='ocrx_word' id='word_1_267' title='bbox 2098 3234 2346 3313; x_wconf 84' lang='grc' dir='ltr'>Τρωῑκὴ</span> <span class='ocrx_word' id='word_1_268' title='bbox 2402 3236 2604 3300; x_wconf 87' lang='grc' dir='ltr'>πόλις.</span> <span class='ocrx_word' id='word_1_269' title='bbox 2699 3236 3026 3315; x_wconf 88' lang='grc' dir='ltr'>Ἄφυτις</span> 
     </span>
     <span class='ocr_line' id='line_1_29' title="bbox 439 3335 3023 3419; baseline -0.001 -17"><span class='ocrx_word' id='word_1_270' title='bbox 439 3338 625 3403; x_wconf 91' lang='grc' dir='ltr'>πόλις</span> <span class='ocrx_word' id='word_1_271' title='bbox 671 3337 936 3419; x_wconf 81' lang='grc' dir='ltr'>Θρᾴκης.</span> <span class='ocrx_word' id='word_1_272' title='bbox 1030 3337 1421 3415; x_wconf 81' lang='grc' dir='ltr'>Θουκυδίδης</span> <span class='ocrx_word' id='word_1_273' title='bbox 1466 3335 1523 3400; x_wconf 82' lang='grc' dir='ltr'>α’</span> <span class='ocrx_word' id='word_1_274' title='bbox 1569 3335 1708 3417; x_wconf 88' lang='grc'>(64)</span> <span class='ocrx_word' id='word_1_275' title='bbox 1750 3337 1863 3402; x_wconf 69' lang='grc' dir='ltr'>«ἐξ</span> <span class='ocrx_word' id='word_1_276' title='bbox 1910 3338 2208 3418; x_wconf 85' lang='grc' dir='ltr'>Ἀφύτιος</span> <span class='ocrx_word' id='word_1_277' title='bbox 2254 3337 2686 3416; x_wconf 78' lang='grc' dir='ltr'>ὁρμώμενος».</span> <span class='ocrx_word' id='word_1_278' title='bbox 2777 3336 3023 3413; x_wconf 86' lang='grc' dir='ltr'>λέγεται</span> 
     </span>
     <span class='ocr_line' id='line_1_30' title="bbox 438 3438 3024 3521; baseline -0 -18"><span class='ocrx_word' id='word_1_279' title='bbox 438 3441 542 3503; x_wconf 88' lang='grc' dir='ltr'>καὶ</span> <span class='ocrx_word' id='word_1_280' title='bbox 590 3440 874 3518; x_wconf 87' lang='grc' dir='ltr'>Ἄφυτος</span> <span class='ocrx_word' id='word_1_281' title='bbox 929 3439 1032 3502; x_wconf 85' lang='grc' dir='ltr'>καὶ</span> <span class='ocrx_word' id='word_1_282' title='bbox 1084 3439 1338 3518; x_wconf 86' lang='grc' dir='ltr'>Ἀφύτη.</span> <span class='ocrx_word' id='word_1_283' title='bbox 1432 3438 1760 3503; x_wconf 87' lang='grc' dir='ltr'>Κάλυτις</span> <span class='ocrx_word' id='word_1_284' title='bbox 1814 3440 2003 3504; x_wconf 87' lang='grc' dir='ltr'>πόλις</span> <span class='ocrx_word' id='word_1_285' title='bbox 2061 3438 2300 3517; x_wconf 79' lang='grc' dir='ltr'>(υρίας.</span> <span class='ocrx_word' id='word_1_286' title='bbox 2358 3439 2710 3517; x_wconf 89' lang='grc' dir='ltr'>Ἡρόδοτος</span> <span class='ocrx_word' id='word_1_287' title='bbox 2756 3439 3024 3521; x_wconf 86' lang='grc' dir='ltr'>δευτέρᾳ</span> 
     </span>
    </p>
   </div>
   <div class='ocr_carea' id='block_1_5' title="bbox 344 3533 3126 3624">
    <p class='ocr_par' dir='ltr' id='par_1_5' title="bbox 344 3533 3126 3624">
     <span class='ocr_line' id='line_1_31' title="bbox 344 3533 3126 3624; baseline 0.001 -21"><span class='ocrx_word' id='word_1_288' title='bbox 344 3533 353 3544; x_wconf 78' lang='grc'><strong>’</strong></span> <span class='ocrx_word' id='word_1_289' title='bbox 438 3543 523 3622; x_wconf 85' lang='lat' dir='ltr'>(e.</span> <span class='ocrx_word' id='word_1_290' title='bbox 575 3539 739 3620; x_wconf 78' lang='lat'>159)·</span> <span class='ocrx_word' id='word_1_291' title='bbox 832 3540 1159 3604; x_wconf 87' lang='grc' dir='ltr'>Κάνυτις</span> <span class='ocrx_word' id='word_1_292' title='bbox 1204 3540 1391 3604; x_wconf 93' lang='grc' dir='ltr'>πόλις</span> <span class='ocrx_word' id='word_1_293' title='bbox 1438 3538 1679 3618; x_wconf 79' lang='grc' dir='ltr'>(υρίων</span> <span class='ocrx_word' id='word_1_294' title='bbox 1725 3541 1998 3622; x_wconf 87' lang='grc' dir='ltr'>μεγάλη,</span> <span class='ocrx_word' id='word_1_295' title='bbox 2055 3541 2145 3605; x_wconf 83' lang='grc' dir='ltr'>ὡς</span> <span class='ocrx_word' id='word_1_296' title='bbox 2189 3540 2512 3605; x_wconf 86' lang='grc' dir='ltr'>Ἑκαταῖος</span> <span class='ocrx_word' id='word_1_297' title='bbox 2558 3541 2738 3624; x_wconf 85' lang='grc' dir='ltr'>Ἀςίᾳ.</span> <span class='ocrx_word' id='word_1_298' title='bbox 2827 3541 2906 3605; x_wconf 87' lang='grc' dir='ltr'>τὰ</span> <span class='ocrx_word' id='word_1_299' title='bbox 2953 3542 3023 3605; x_wconf 80' lang='grc' dir='ltr'>δὲ</span> <span class='ocrx_word' id='word_1_300' title='bbox 3059 3540 3126 3591; x_wconf 84' lang='grc'>30</span> 
     </span>
    </p>
   </div>
   <div class='ocr_carea' id='block_1_6' title="bbox 439 3640 3022 3723">
    <p class='ocr_par' dir='ltr' id='par_1_6' title="bbox 439 3640 3022 3723">
     <span class='ocr_line' id='line_1_32' title="bbox 439 3640 3022 3723; baseline -0.001 -15"><span class='ocrx_word' id='word_1_301' title='bbox 439 3643 757 3723; x_wconf 85' lang='grc' dir='ltr'>ὀξύνεται,</span> <span class='ocrx_word' id='word_1_302' title='bbox 816 3641 1060 3723; x_wconf 82' lang='grc' dir='ltr'>ῥυτίς,</span> <span class='ocrx_word' id='word_1_303' title='bbox 1118 3642 1396 3719; x_wconf 89' lang='grc' dir='ltr'>κυρτίς.</span> <span class='ocrx_word' id='word_1_304' title='bbox 1490 3640 1818 3707; x_wconf 87' lang='grc' dir='ltr'>Καλυτίς</span> <span class='ocrx_word' id='word_1_305' title='bbox 1862 3643 1937 3708; x_wconf 89' lang='grc' dir='ltr'>τὸ</span> <span class='ocrx_word' id='word_1_306' title='bbox 1996 3643 2263 3708; x_wconf 80' lang='grc' dir='ltr'>ἐθνικόν.</span> <span class='ocrx_word' id='word_1_307' title='bbox 2352 3642 2731 3722; x_wconf 91' lang='grc' dir='ltr'>Ἀψυρτίς.</span> <span class='ocrx_word' id='word_1_308' title='bbox 2790 3644 3022 3720; x_wconf 88' lang='grc' dir='ltr'>Ἀψυρ-</span> 
     </span>
    </p>
   </div>
   <div class='ocr_carea' id='block_1_7' title="bbox 438 3833 841 3840">
    <p class='ocr_par' dir='ltr' id='par_1_7' title="bbox 438 3833 841 3840">
     <span class='ocr_line' id='line_1_33' title="bbox 438 3833 841 3840; baseline 0 1706"><span class='ocrx_word' id='word_1_309' title='bbox 438 3833 841 3840; x_wconf 95' lang='lat' dir='ltr'> </span> 
     </span>
    </p>
   </div>
   <div class='ocr_carea' id='block_1_8' title="bbox 433 3962 3083 4509">
    <p class='ocr_par' dir='ltr' id='par_1_8' title="bbox 433 3962 3083 4509">
     <span class='ocr_line' id='line_1_34' title="bbox 437 3962 3083 4031; baseline 0 -14"><span class='ocrx_word' id='word_1_310' title='bbox 437 3967 471 4029; x_wconf 90' lang='grc' dir='ltr'>ἢ</span> <span class='ocrx_word' id='word_1_311' title='bbox 511 3966 610 4017; x_wconf 85' lang='grc' dir='ltr'>ςὺν</span> <span class='ocrx_word' id='word_1_312' title='bbox 647 3964 825 4031; x_wconf 83' lang='grc' dir='ltr'>ἑτέρῳ</span> <span class='ocrx_word' id='word_1_313' title='bbox 863 3962 1155 4030; x_wconf 88' lang='grc' dir='ltr'>φωνήεντι</span> <span class='ocrx_word' id='word_1_314' title='bbox 1202 3970 1258 4015; x_wconf 81' lang='lat' dir='ltr'>et</span> <span class='ocrx_word' id='word_1_315' title='bbox 1302 3964 1340 4015; x_wconf 91' lang='lat' dir='ltr'>l.</span> <span class='ocrx_word' id='word_1_316' title='bbox 1379 3967 1405 4015; x_wconf 93' lang='lat'>1</span> <span class='ocrx_word' id='word_1_317' title='bbox 1446 3964 1520 4029; x_wconf 86' lang='grc' dir='ltr'>μὴ</span> <span class='ocrx_word' id='word_1_318' title='bbox 1560 3964 1726 4029; x_wconf 84' lang='grc' dir='ltr'>ὄντα,</span> <span class='ocrx_word' id='word_1_319' title='bbox 1774 3983 1932 4031; x_wconf 87' lang='lat' dir='ltr'>porro</span> <span class='ocrx_word' id='word_1_320' title='bbox 1978 3963 2151 4017; x_wconf 88' lang='grc' dir='ltr'>κοιτίς</span> <span class='ocrx_word' id='word_1_321' title='bbox 2195 3963 2425 4030; x_wconf 90' lang='grc' dir='ltr'>Προιτίς</span> <span class='ocrx_word' id='word_1_322' title='bbox 2475 3972 2530 4016; x_wconf 84' lang='lat' dir='ltr'>et</span> <span class='ocrx_word' id='word_1_323' title='bbox 2573 3964 2643 4016; x_wconf 89' lang='grc' dir='ltr'>τὸ</span> <span class='ocrx_word' id='word_1_324' title='bbox 2688 3966 2838 4030; x_wconf 84' lang='grc' dir='ltr'>Ζῷον</span> <span class='ocrx_word' id='word_1_325' title='bbox 2885 3967 3027 4031; x_wconf 81' lang='grc' dir='ltr'>παρ’</span> <span class='ocrx_word' id='word_1_326' title='bbox 3068 4009 3083 4022; x_wconf 89' lang='grc'>.</span> 
     </span>
     <span class='ocr_line' id='line_1_35' title="bbox 442 4030 3025 4100; baseline -0.001 -13"><span class='ocrx_word' id='word_1_327' title='bbox 442 4035 705 4096; x_wconf 85' lang='grc' dir='ltr'>Ἀλκμᾶνι</span> <span class='ocrx_word' id='word_1_328' title='bbox 742 4034 999 4084; x_wconf 81' lang='lat' dir='ltr'><strong>adderem</strong></span> <span class='ocrx_word' id='word_1_329' title='bbox 1037 4040 1091 4083; x_wconf 80' lang='lat' dir='ltr'>et</span> <span class='ocrx_word' id='word_1_330' title='bbox 1129 4030 1363 4096; x_wconf 87' lang='grc' dir='ltr'>φροντίς</span> <span class='ocrx_word' id='word_1_331' title='bbox 1401 4049 1469 4082; x_wconf 81' lang='lat' dir='ltr'>ox</span> <span class='ocrx_word' id='word_1_332' title='bbox 1507 4034 1743 4085; x_wconf 82' lang='lat' dir='ltr'>secundo</span> <span class='ocrx_word' id='word_1_333' title='bbox 1779 4034 1901 4084; x_wconf 81' lang='lat' dir='ltr'>loeo</span> <span class='ocrx_word' id='word_1_334' title='bbox 1948 4039 2360 4100; x_wconf 81' lang='lat' dir='ltr'>transponerem</span> <span class='ocrx_word' id='word_1_335' title='bbox 2409 4034 2683 4100; x_wconf 77' lang='lat' dir='ltr'>appositis</span> <span class='ocrx_word' id='word_1_336' title='bbox 2720 4033 2769 4085; x_wconf 81' lang='grc' dir='ltr'>εἰ</span> <span class='ocrx_word' id='word_1_337' title='bbox 2806 4033 2880 4097; x_wconf 88' lang='grc' dir='ltr'>μὴ</span> <span class='ocrx_word' id='word_1_338' title='bbox 2919 4034 3025 4099; x_wconf 83' lang='grc' dir='ltr'>ἄρα</span> 
     </span>
     <span class='ocr_line' id='line_1_36' title="bbox 436 4099 3022 4167; baseline 0 -14"><span class='ocrx_word' id='word_1_339' title='bbox 436 4132 499 4138; x_wconf 81' lang='lat'>—-</span> <span class='ocrx_word' id='word_1_340' title='bbox 538 4100 1053 4167; x_wconf 86' lang='grc' dir='ltr'>βαρυτονηθήςεται</span> <span class='ocrx_word' id='word_1_341' title='bbox 1093 4107 1148 4151; x_wconf 84' lang='lat' dir='ltr'>et</span> <span class='ocrx_word' id='word_1_342' title='bbox 1185 4118 1281 4166; x_wconf 91' lang='lat' dir='ltr'>pro</span> <span class='ocrx_word' id='word_1_343' title='bbox 1318 4100 1386 4152; x_wconf 89' lang='grc' dir='ltr'>τὸ</span> <span class='ocrx_word' id='word_1_344' title='bbox 1423 4100 1485 4152; x_wconf 80' lang='grc' dir='ltr'>δὲ</span> <span class='ocrx_word' id='word_1_345' title='bbox 1522 4099 1718 4166; x_wconf 84' lang='grc' dir='ltr'>πόρτις</span> <span class='ocrx_word' id='word_1_346' title='bbox 1755 4101 1871 4153; x_wconf 88' lang='grc' dir='ltr'>ἀπὸ</span> <span class='ocrx_word' id='word_1_347' title='bbox 1907 4105 2010 4153; x_wconf 83' lang='grc' dir='ltr'>τοῦ</span> <span class='ocrx_word' id='word_1_348' title='bbox 2051 4103 2212 4167; x_wconf 86' lang='grc' dir='ltr'>πόρις</span> <span class='ocrx_word' id='word_1_349' title='bbox 2260 4104 2574 4153; x_wconf 75' lang='lat' dir='ltr'>exhiberem</span> <span class='ocrx_word' id='word_1_350' title='bbox 2611 4104 2780 4153; x_wconf 86' lang='lat' dir='ltr'>verba</span> <span class='ocrx_word' id='word_1_351' title='bbox 2816 4102 3022 4154; x_wconf 79' lang='lat' dir='ltr'>Iliacae</span> 
     </span>
     <span class='ocr_line' id='line_1_37' title="bbox 436 4166 3022 4237; baseline 0.001 -16"><span class='ocrx_word' id='word_1_352' title='bbox 436 4171 743 4237; x_wconf 78' lang='lat' dir='ltr'>prosodiae,</span> <span class='ocrx_word' id='word_1_353' title='bbox 782 4172 839 4220; x_wconf 89' lang='lat' dir='ltr'>in</span> <span class='ocrx_word' id='word_1_354' title='bbox 877 4187 986 4234; x_wconf 83' lang='lat' dir='ltr'>qua</span> <span class='ocrx_word' id='word_1_355' title='bbox 1024 4170 1191 4220; x_wconf 81' lang='lat' dir='ltr'>etiam</span> <span class='ocrx_word' id='word_1_356' title='bbox 1227 4166 1517 4233; x_wconf 81' lang='grc' dir='ltr'>ςημείωςις</span> <span class='ocrx_word' id='word_1_357' title='bbox 1556 4170 1621 4220; x_wconf 87' lang='lat' dir='ltr'>de</span> <span class='ocrx_word' id='word_1_358' title='bbox 1661 4169 1823 4221; x_wconf 84' lang='grc' dir='ltr'>πότις</span> <span class='ocrx_word' id='word_1_359' title='bbox 1862 4177 2083 4220; x_wconf 77' lang='lat' dir='ltr'>servata</span> <span class='ocrx_word' id='word_1_360' title='bbox 2122 4177 2224 4222; x_wconf 74' lang='lat' dir='ltr'>est.</span> <span class='ocrx_word' id='word_1_361' title='bbox 2296 4170 2512 4221; x_wconf 82' lang='lat' dir='ltr'>Addere</span> <span class='ocrx_word' id='word_1_362' title='bbox 2550 4170 2708 4236; x_wconf 85' lang='lat' dir='ltr'>potui</span> <span class='ocrx_word' id='word_1_363' title='bbox 2745 4186 2812 4220; x_wconf 83' lang='lat' dir='ltr'>ex</span> <span class='ocrx_word' id='word_1_364' title='bbox 2849 4173 2932 4224; x_wconf 70' lang='lat' dir='ltr'>St.</span> <span class='ocrx_word' id='word_1_365' title='bbox 2960 4173 3022 4223; x_wconf 88' lang='lat' dir='ltr'>B.</span> 
     </span>
     <span class='ocr_line' id='line_1_38' title="bbox 438 4235 3023 4303; baseline 0 -12"><span class='ocrx_word' id='word_1_366' title='bbox 438 4239 634 4292; x_wconf 82' lang='grc' dir='ltr'>Βοῠτις</span> <span class='ocrx_word' id='word_1_367' title='bbox 672 4237 833 4290; x_wconf 88' lang='grc' dir='ltr'>πόλις</span> <span class='ocrx_word' id='word_1_368' title='bbox 871 4236 1063 4302; x_wconf 86' lang='grc' dir='ltr'>κοίλης</span> <span class='ocrx_word' id='word_1_369' title='bbox 1098 4235 1296 4301; x_wconf 73' lang='grc' dir='ltr'>Ευρίας</span> <span class='ocrx_word' id='word_1_370' title='bbox 1333 4235 1368 4299; x_wconf 86' lang='grc' dir='ltr'>ἡ</span> <span class='ocrx_word' id='word_1_371' title='bbox 1409 4238 1499 4288; x_wconf 84' lang='grc' dir='ltr'>καὶ</span> <span class='ocrx_word' id='word_1_372' title='bbox 1536 4237 1730 4289; x_wconf 84' lang='grc' dir='ltr'>Πέλλα</span> <span class='ocrx_word' id='word_1_373' title='bbox 1768 4245 1823 4290; x_wconf 83' lang='lat' dir='ltr'>et</span> <span class='ocrx_word' id='word_1_374' title='bbox 1860 4238 2049 4290; x_wconf 85' lang='grc' dir='ltr'>Δῶτις</span> <span class='ocrx_word' id='word_1_375' title='bbox 2087 4239 2118 4289; x_wconf 89' lang='grc' dir='ltr'>ὁ</span> <span class='ocrx_word' id='word_1_376' title='bbox 2159 4236 2440 4302; x_wconf 83' lang='grc' dir='ltr'>Ἀςτερίου</span> <span class='ocrx_word' id='word_1_377' title='bbox 2478 4239 2568 4290; x_wconf 80' lang='grc' dir='ltr'>καὶ</span> <span class='ocrx_word' id='word_1_378' title='bbox 2609 4237 3023 4303; x_wconf 88' lang='grc' dir='ltr'>Ἀμφικτυὸνης</span> 
     </span>
     <span class='ocr_line' id='line_1_39' title="bbox 435 4304 3028 4373; baseline -0.001 -13"><span class='ocrx_word' id='word_1_379' title='bbox 435 4325 484 4373; x_wconf 91' lang='lat' dir='ltr'>p.</span> <span class='ocrx_word' id='word_1_380' title='bbox 523 4311 638 4358; x_wconf 77' lang='lat'><strong>256.</strong></span> <span class='ocrx_word' id='word_1_381' title='bbox 681 4309 740 4357; x_wconf 85' lang='lat'>17</span> <span class='ocrx_word' id='word_1_382' title='bbox 779 4307 877 4366; x_wconf 80' lang='lat' dir='ltr'>(se.</span> <span class='ocrx_word' id='word_1_383' title='bbox 917 4306 1058 4370; x_wconf 82' lang='grc' dir='ltr'>πρὸς</span> <span class='ocrx_word' id='word_1_384' title='bbox 1095 4304 1523 4370; x_wconf 82' lang='grc' dir='ltr'>ἀντιδιαςτολὴν</span> <span class='ocrx_word' id='word_1_385' title='bbox 1559 4309 1662 4357; x_wconf 83' lang='grc' dir='ltr'>τοῦ</span> <span class='ocrx_word' id='word_1_386' title='bbox 1700 4304 1942 4370; x_wconf 85' lang='grc' dir='ltr'>Δωτίς),</span> <span class='ocrx_word' id='word_1_387' title='bbox 1982 4306 2078 4356; x_wconf 80' lang='lat' dir='ltr'>sed</span> <span class='ocrx_word' id='word_1_388' title='bbox 2117 4308 2287 4359; x_wconf 87' lang='lat' dir='ltr'>Mein.</span> <span class='ocrx_word' id='word_1_389' title='bbox 2324 4323 2434 4356; x_wconf 85' lang='lat' dir='ltr'>non</span> <span class='ocrx_word' id='word_1_390' title='bbox 2469 4308 2672 4356; x_wconf 81' lang='lat' dir='ltr'>iniuria</span> <span class='ocrx_word' id='word_1_391' title='bbox 2710 4307 3028 4372; x_wconf 77' lang='lat' dir='ltr'>suspicatur</span> 
     </span>
     <span class='ocr_line' id='line_1_40' title="bbox 433 4371 3021 4441; baseline 0 -16"><span class='ocrx_word' id='word_1_392' title='bbox 433 4393 529 4441; x_wconf 88' lang='lat' dir='ltr'>pro</span> <span class='ocrx_word' id='word_1_393' title='bbox 566 4374 680 4427; x_wconf 87' lang='grc' dir='ltr'>ἀπὸ</span> <span class='ocrx_word' id='word_1_394' title='bbox 707 4373 930 4427; x_wconf 86' lang='grc' dir='ltr'>Δώτιος</span> <span class='ocrx_word' id='word_1_395' title='bbox 966 4376 1070 4425; x_wconf 82' lang='grc' dir='ltr'>τοῦ</span> <span class='ocrx_word' id='word_1_396' title='bbox 1114 4371 1395 4436; x_wconf 82' lang='grc' dir='ltr'>Ἀςτερίου</span> <span class='ocrx_word' id='word_1_397' title='bbox 1433 4374 1777 4424; x_wconf 83' lang='lat' dir='ltr'>scribendum</span> <span class='ocrx_word' id='word_1_398' title='bbox 1815 4390 1934 4424; x_wconf 79' lang='lat' dir='ltr'>esse</span> <span class='ocrx_word' id='word_1_399' title='bbox 1973 4373 2231 4426; x_wconf 84' lang='grc' dir='ltr'>Δωτίδος</span> <span class='ocrx_word' id='word_1_400' title='bbox 2267 4376 2369 4439; x_wconf 87' lang='grc' dir='ltr'>τῆς</span> <span class='ocrx_word' id='word_1_401' title='bbox 2409 4373 2691 4439; x_wconf 81' lang='grc' dir='ltr'>Ἀςτερίου</span> <span class='ocrx_word' id='word_1_402' title='bbox 2729 4381 2786 4425; x_wconf 78' lang='lat' dir='ltr'>et</span> <span class='ocrx_word' id='word_1_403' title='bbox 2823 4375 2890 4424; x_wconf 81' lang='lat' dir='ltr'>ad</span> <span class='ocrx_word' id='word_1_404' title='bbox 2928 4374 3021 4426; x_wconf 84' lang='grc' dir='ltr'>οὐ-</span> 
     </span>
     <span class='ocr_line' id='line_1_41' title="bbox 434 4439 3022 4509; baseline 0 -16"><span class='ocrx_word' id='word_1_405' title='bbox 434 4442 518 4495; x_wconf 87' lang='grc' dir='ltr'>τίς</span> <span class='ocrx_word' id='word_1_406' title='bbox 555 4459 833 4509; x_wconf 82' lang='lat' dir='ltr'>apponere</span> <span class='ocrx_word' id='word_1_407' title='bbox 871 4445 1053 4508; x_wconf 82' lang='lat' dir='ltr'>potui:</span> <span class='ocrx_word' id='word_1_408' title='bbox 1092 4441 1160 4493; x_wconf 91' lang='grc' dir='ltr'>τὸ</span> <span class='ocrx_word' id='word_1_409' title='bbox 1186 4440 1248 4493; x_wconf 81' lang='grc' dir='ltr'>δὲ</span> <span class='ocrx_word' id='word_1_410' title='bbox 1274 4440 1442 4493; x_wconf 83' lang='grc' dir='ltr'>Οὖτις</span> <span class='ocrx_word' id='word_1_411' title='bbox 1467 4440 1561 4493; x_wconf 81' lang='grc' dir='ltr'>ἐπὶ</span> <span class='ocrx_word' id='word_1_412' title='bbox 1588 4440 1895 4494; x_wconf 85' lang='grc' dir='ltr'>Ὀδυςςέως</span> <span class='ocrx_word' id='word_1_413' title='bbox 1919 4440 2045 4493; x_wconf 84' lang='grc' dir='ltr'>ἀντὶ</span> <span class='ocrx_word' id='word_1_414' title='bbox 2070 4441 2351 4506; x_wconf 86' lang='grc' dir='ltr'>ὀνόματος</span> <span class='ocrx_word' id='word_1_415' title='bbox 2376 4439 2568 4506; x_wconf 90' lang='grc' dir='ltr'>κυρίου</span> <span class='ocrx_word' id='word_1_416' title='bbox 2593 4442 3022 4506; x_wconf 87' lang='grc' dir='ltr'>λαμβανόμενον</span> 
     </span>
    </p>
   </div>
   <div class='ocr_carea' id='block_1_9' title="bbox 435 4509 3023 4713">
    <p class='ocr_par' dir='ltr' id='par_1_9' title="bbox 435 4509 3023 4713">
     <span class='ocr_line' id='line_1_42' title="bbox 435 4509 3023 4592; baseline 0 -30"><span class='ocrx_word' id='word_1_417' title='bbox 435 4513 882 4576; x_wconf 82' lang='grc' dir='ltr'>προπεριςπᾶται</span> <span class='ocrx_word' id='word_1_418' title='bbox 918 4527 985 4561; x_wconf 82' lang='lat' dir='ltr'>ex</span> <span class='ocrx_word' id='word_1_419' title='bbox 1021 4512 1159 4561; x_wconf 88' lang='lat' dir='ltr'>libro</span> <span class='ocrx_word' id='word_1_420' title='bbox 1197 4509 1324 4575; x_wconf 80' lang='grc' dir='ltr'>περὶ</span> <span class='ocrx_word' id='word_1_421' title='bbox 1363 4511 1563 4560; x_wconf 84' lang='grc' dir='ltr'>παθῶν</span> <span class='ocrx_word' id='word_1_422' title='bbox 1599 4512 1657 4559; x_wconf 90' lang='lat' dir='ltr'>in</span> <span class='ocrx_word' id='word_1_423' title='bbox 1694 4512 1758 4559; x_wconf 85' lang='grc' dir='ltr'>Ε.</span> <span class='ocrx_word' id='word_1_424' title='bbox 1796 4513 1870 4562; x_wconf 90' lang='lat' dir='ltr'>M.</span> <span class='ocrx_word' id='word_1_425' title='bbox 1907 4513 2033 4573; x_wconf 85' lang='lat'><strong>643,</strong></span> <span class='ocrx_word' id='word_1_426' title='bbox 2075 4515 2154 4562; x_wconf 81' lang='lat'>13.</span> <span class='ocrx_word' id='word_1_427' title='bbox 2328 4509 2364 4560; x_wconf 86' lang='lat'>1.</span> <span class='ocrx_word' id='word_1_428' title='bbox 2403 4514 2431 4561; x_wconf 82' lang='lat'><strong>7</strong></span> <span class='ocrx_word' id='word_1_429' title='bbox 2470 4527 2588 4562; x_wconf 87' lang='lat' dir='ltr'>com</span> <span class='ocrx_word' id='word_1_430' title='bbox 2629 4513 2749 4592; x_wconf 51' lang='lat' dir='ltr'>oqui</span> <span class='ocrx_word' id='word_1_431' title='bbox 2799 4517 3023 4577; x_wconf 81' lang='lat' dir='ltr'>propter</span> 
     </span>
     <span class='ocr_line' id='line_1_43' title="bbox 436 4579 3020 4713; baseline 0 -15"><span class='ocrx_word' id='word_1_432' title='bbox 436 4579 1166 4702; x_wconf 57' lang='lat' dir='ltr'>fi’f5‘350ff⁰÷3211.“3÷23¹.³¹¹⁸‘·</span> <span class='ocrx_word' id='word_1_433' title='bbox 1206 4580 2007 4700; x_wconf 51' lang='lat' dir='ltr'>¹3ff3’832aissffg’fflssssnsst33}</span> <span class='ocrx_word' id='word_1_434' title='bbox 2030 4579 2242 4698; x_wconf 50' lang='lat' dir='ltr'>rgssatgss.</span> <span class='ocrx_word' id='word_1_435' title='bbox 2281 4648 2371 4709; x_wconf 87' lang='lat' dir='ltr'>B.‚</span> <span class='ocrx_word' id='word_1_436' title='bbox 2394 4580 2564 4713; x_wconf 55' lang='grc' dir='ltr'>ζὲέᾱ</span> <span class='ocrx_word' id='word_1_437' title='bbox 2611 4581 3020 4712; x_wconf 45' lang='lat' dir='ltr'>ganza-¹30·</span> 
     </span>
    </p>
   </div>
   <div class='ocr_carea' id='block_1_10' title="bbox 435 4713 3020 4987">
    <p class='ocr_par' dir='ltr' id='par_1_10' title="bbox 435 4713 3020 4987">
     <span class='ocr_line' id='line_1_44' title="bbox 435 4713 3018 4783; baseline 0.001 -17"><span class='ocrx_word' id='word_1_438' title='bbox 435 4717 573 4766; x_wconf 80' lang='lat' dir='ltr'>haec</span> <span class='ocrx_word' id='word_1_439' title='bbox 616 4717 932 4766; x_wconf 81' lang='lat' dir='ltr'>Herodiano</span> <span class='ocrx_word' id='word_1_440' title='bbox 979 4717 1363 4781; x_wconf 80' lang='lat' dir='ltr'>assignantur:</span> <span class='ocrx_word' id='word_1_441' title='bbox 1414 4713 1754 4779; x_wconf 88' lang='grc' dir='ltr'>Κράμβουτις</span> <span class='ocrx_word' id='word_1_442' title='bbox 1801 4714 1963 4768; x_wconf 89' lang='grc' dir='ltr'>πόλις</span> <span class='ocrx_word' id='word_1_443' title='bbox 2002 4713 2314 4778; x_wconf 84' lang='grc' dir='ltr'>Αἰγύπτου·</span> <span class='ocrx_word' id='word_1_444' title='bbox 2362 4713 2648 4767; x_wconf 86' lang='grc' dir='ltr'>Ἑκαταῖος</span> <span class='ocrx_word' id='word_1_445' title='bbox 2695 4716 3018 4783; x_wconf 83' lang='grc' dir='ltr'>περιηγήςει</span> 
     </span>
     <span class='ocr_line' id='line_1_45' title="bbox 436 4781 3020 4849; baseline 0 -14"><span class='ocrx_word' id='word_1_446' title='bbox 436 4783 652 4849; x_wconf 86' lang='grc' dir='ltr'>Λιβύης.</span> <span class='ocrx_word' id='word_1_447' title='bbox 692 4783 1031 4849; x_wconf 86' lang='grc' dir='ltr'>Ἡρωδιανὸς</span> <span class='ocrx_word' id='word_1_448' title='bbox 1067 4782 1156 4835; x_wconf 85' lang='grc' dir='ltr'>διὰ</span> <span class='ocrx_word' id='word_1_449' title='bbox 1193 4786 1297 4834; x_wconf 82' lang='grc' dir='ltr'>τοῦ</span> <span class='ocrx_word' id='word_1_450' title='bbox 1318 4785 1369 4835; x_wconf 84' lang='grc' dir='ltr'>.·ὃ</span> <span class='ocrx_word' id='word_1_451' title='bbox 1404 4781 1607 4847; x_wconf 85' lang='grc' dir='ltr'>γράφει</span> <span class='ocrx_word' id='word_1_452' title='bbox 1647 4781 1953 4847; x_wconf 86' lang='grc' dir='ltr'>Κράμβοτις</span> <span class='ocrx_word' id='word_1_453' title='bbox 2000 4782 2515 4848; x_wconf 85' lang='grc' dir='ltr'>προπαροξυτόνως</span> <span class='ocrx_word' id='word_1_454' title='bbox 2561 4782 2640 4834; x_wconf 87' lang='grc' dir='ltr'>ὡς</span> <span class='ocrx_word' id='word_1_455' title='bbox 2675 4782 2914 4846; x_wconf 84' lang='grc' dir='ltr'>Ἀβοτις.</span> <span class='ocrx_word' id='word_1_456' title='bbox 2964 4795 3020 4836; x_wconf 85' lang='lat' dir='ltr'>et</span> 
     </span>
     <span class='ocr_line' id='line_1_46' title="bbox 438 4849 2794 4917; baseline 0 -16"><span class='ocrx_word' id='word_1_457' title='bbox 438 4868 480 4902; x_wconf 83' lang='lat' dir='ltr'>s.</span> <span class='ocrx_word' id='word_1_458' title='bbox 516 4851 765 4916; x_wconf 76' lang='grc' dir='ltr'>”Αβοτις;</span> <span class='ocrx_word' id='word_1_459' title='bbox 806 4850 968 4903; x_wconf 89' lang='grc' dir='ltr'>πόλις</span> <span class='ocrx_word' id='word_1_460' title='bbox 1006 4849 1285 4913; x_wconf 82' lang='grc' dir='ltr'>Αἰγυπτία</span> <span class='ocrx_word' id='word_1_461' title='bbox 1322 4851 1400 4904; x_wconf 83' lang='grc' dir='ltr'>ὡς</span> <span class='ocrx_word' id='word_1_462' title='bbox 1439 4850 1749 4912; x_wconf 84' lang='grc' dir='ltr'>Ἑκαταῖος,</span> <span class='ocrx_word' id='word_1_463' title='bbox 1788 4850 1862 4914; x_wconf 87' lang='grc' dir='ltr'>ἣν</span> <span class='ocrx_word' id='word_1_464' title='bbox 1900 4851 2250 4917; x_wconf 72' lang='grc' dir='ltr'>Ἡρωδιανὸς</span> <span class='ocrx_word' id='word_1_465' title='bbox 2277 4867 2411 4917; x_wconf 89' lang='grc' dir='ltr'>φηςι</span> <span class='ocrx_word' id='word_1_466' title='bbox 2449 4851 2794 4916; x_wconf 87' lang='grc' dir='ltr'>βαρύνεςθαι.</span> 
     </span>
     <span class='ocr_line' id='line_1_47' title="bbox 435 4918 2804 4987; baseline 0.001 -19"><span class='ocrx_word' id='word_1_467' title='bbox 435 4919 470 4968; x_wconf 85' lang='grc'>1.</span> <span class='ocrx_word' id='word_1_468' title='bbox 507 4922 570 4971; x_wconf 81' lang='grc'>27</span> <span class='ocrx_word' id='word_1_469' title='bbox 607 4937 675 4971; x_wconf 84' lang='lat' dir='ltr'>ex</span> <span class='ocrx_word' id='word_1_470' title='bbox 713 4923 794 4972; x_wconf 67' lang='lat' dir='ltr'>St.</span> <span class='ocrx_word' id='word_1_471' title='bbox 834 4921 895 4974; x_wconf 90' lang='lat' dir='ltr'>B.</span> <span class='ocrx_word' id='word_1_472' title='bbox 935 4920 1123 4970; x_wconf 76' lang='lat' dir='ltr'>addidi</span> <span class='ocrx_word' id='word_1_473' title='bbox 1160 4919 1357 4973; x_wconf 86' lang='grc' dir='ltr'>Ξύςτις</span> <span class='ocrx_word' id='word_1_474' title='bbox 1394 4949 1458 4955; x_wconf 83' lang='lat'>——</span> <span class='ocrx_word' id='word_1_475' title='bbox 1499 4918 1732 4974; x_wconf 86' lang='grc' dir='ltr'>Κάνυτις</span> <span class='ocrx_word' id='word_1_476' title='bbox 1771 4925 1827 4971; x_wconf 83' lang='lat' dir='ltr'>et</span> <span class='ocrx_word' id='word_1_477' title='bbox 1864 4922 1898 4972; x_wconf 93' lang='lat'>1.</span> <span class='ocrx_word' id='word_1_478' title='bbox 1937 4925 1994 4973; x_wconf 87' lang='lat'>31</span> <span class='ocrx_word' id='word_1_479' title='bbox 2041 4918 2275 4973; x_wconf 85' lang='grc' dir='ltr'>Καλυτίς</span> <span class='ocrx_word' id='word_1_480' title='bbox 2311 4937 2482 4987; x_wconf 83' lang='lat' dir='ltr'>usque</span> <span class='ocrx_word' id='word_1_481' title='bbox 2522 4921 2593 4972; x_wconf 77' lang='lat' dir='ltr'>ad</span> <span class='ocrx_word' id='word_1_482' title='bbox 2629 4920 2804 4971; x_wconf 85' lang='lat' dir='ltr'>finem.</span> 
     </span>
    </p>
   </div>
  </div>
 </body>
</html>
