3664 5546
1219 323 1378 378 ΠΕΡΙ
1421 323 1813 379 ΚΑΘΟΛΙΚΗ(
1847 322 2270 378 ΠΡΟΕΩιΔΙΑ(
2311 324 2365 377 Κ.
2959 324 3087 389 529

668 520 705 555 ιι
752 494 844 558 Τὰ
901 494 1005 558 διὰ
1060 497 1178 558 τοῦ
1233 514 1370 557 ινος
1423 495 1553 572 πρὸ
1611 497 1752 573 μιᾶς
1803 494 1921 558 τὸν
1976 495 2173 559 τόνον
2227 493 2467 572 ἔχοντα
2521 493 2861 560 ἐκτείνουςι
2915 494 2992 559 τὸ
3041 498 3083 576 i,

496 595 802 678 ἐχῖνος,
848 599 1309 677 κορακῖνος,
1354 599 1691 676 φοξῖνος
1734 597 1905 674 πλὴν
1950 598 2065 660 τοῦ
2110 595 2493 673 καρκίνος.

432 774 445 785 ¹
665 724 702 760 ιι
753 698 845 761 Τὰ
891 698 996 761 διὰ
1038 701 1156 761 τοῦ
1212 715 1350 759 ινος
1394 695 1681 776 ὀνόματα
1725 694 2003 763 ὀξύτονα
2047 698 2128 776 μὴ
2175 695 2334 762 ὄντα
2385 697 2742 776 παρώνυμα
2786 699 2890 762 διὰ
2936 703 3081 777 βρα-

497 799 648 877 χέος
691 802 809 863 τοῦ
864 801 885 863 i
941 798 1295 877 ἐκφέρεται·
1330 795 1476 863 οἷον
1533 797 1843 879 ἀδινός,
1903 800 2263 881 πεδινός,
2320 799 2671 877 ταχινός,
2726 800 3083 883 πυκινός,

495 899 892 979 ἀληθινός.
981 899 1380 978 ςεςημείωται
1436 901 1513 963 τὸ
1568 900 1892 978 χαλινός
1935 901 2037 963 καὶ
2082 901 2418 978 λαρινός.
2505 900 2582 965 τὸ
2639 902 2755 979 μὲν
2798 902 3142 984 χαλινός,5

497 1001 593 1066 ὅτι
641 1001 769 1066 ἐςτὶ
811 1003 913 1066 καὶ
958 1001 1323 1078 οὐδέτερον.
1399 1001 1646 1076 λέγεται
1691 1002 1814 1077 γὰρ
1859 1000 1938 1064 τά
1982 999 2211 1079 χαλινά
2254 1002 2359 1066 καὶ
2403 1002 2494 1066 ὼς
2538 1002 2882 1068 διαλλάξαν
2927 1003 3085 1068 κατὰ

495 1104 574 1167 τὰ
619 1103 815 1186 ἄλλα,
871 1104 1236 1196 διήλλαξε-
1210 1103 1313 1165 καὶ
1356 1102 1514 1166 κατὰ
1549 1105 1665 1167 τὸν
1696 1102 2086 1181 χρόνον.τό
2118 1104 2189 1166 δὲ
2222 1103 2481 1181 λαρινός
2511 1103 2698 1168 ἐκτοῦ
2730 1103 2906 1183 ῥινός
2936 1106 3082 1185 βύρ-

498 1225 605 1283 ςης
649 1207 750 1269 καὶ
793 1205 950 1284 μετὰ
994 1210 1110 1270 τοῦ
1156 1209 1235 1269 λα
1286 1203 1649 1268 ἐπιτατικοῦ
1696 1203 2016 1268 ςύνθετον.

661 1306 756 1370 Τὰ
813 1306 917 1371 διὰ
970 1310 1087 1371 τοῦ
1146 1326 1301 1371 υνος
1357 1305 1702 1384 διςύλλαβα
1764 1305 2017 1369 ἐκτείνει
2085 1305 2160 1370 τὸ
2226 1308 2296 1388 ῦ,
2360 1308 2696 1389 φρυνός,
2764 1309 3081 1390 γρυνός,

494 1408 758 1489 θυνός,
819 1407 1080 1473 Κῦνος.
1169 1407 1567 1486 ςεςημείωται
1634 1406 1710 1471 τὸ
1775 1407 2073 1471 πλυνός
2128 1408 2285 1471 κατὰ
2342 1408 2616 1491 χρόνον,
2673 1409 2949 1486 καίτοιγε
3004 1411 3080 1473 τὸ
3124 1419 3186 1469 ιο

492 1508 718 1573 πλύνω
764 1508 1204 1588 ἐκτεινόμενον
1248 1511 1325 1573 τὸ
1371 1511 1426 1573 fi.

661 1611 755 1675 Τὰ
810 1611 915 1674 διὰ
969 1614 1087 1675 τοῦ
1132 1615 1298 1675 Uirbi
1356 1611 1517 1687 ὑπὲρ
1574 1610 1694 1674 δύο
1751 1609 2096 1691 ςυλλαβάς,
2163 1609 2217 1674 εἰ
2284 1612 2397 1688 μὲν
2463 1612 2821 1688 παραλήγει
2883 1612 2960 1675 τὸ
3027 1614 3080 1695 Ε,

492 1710 806 1775 ςυςτέλλει
862 1712 939 1775 τὸ
984 1708 1053 1794 ὗ,
1111 1713 1631 1793 δεςπόςυνος,
1685 1710 2044 1788 πίςυνος,
2102 1711 2506 1789 θάρςυνος.
2594 1713 2670 1787 τὸ
2727 1714 2798 1776 δὲ
2850 1712 3080 1792 μόςυ-

492 1833 628 1877 νος
674 1810 1093 1891 ἐκτεταμένον
1137 1812 1268 1879 ἀπὸ
1313 1815 1566 1890 γενικῆς
1610 1812 1736 1877 ἐςτι
1766 1811 2152 1893 γενόμενον,
2197 1811 2262 1875 αἱ
2307 1811 2378 1875 δὲ
2421 1813 2666 1887 γενικαὶ
2709 1812 2773 1877 αἱ
2816 1814 2922 1878 διὰ
2964 1819 3082 1880 τοῦ

496 1916 653 1978 &voc
709 1913 870 1992 ὑπὲρ
936 1914 1056 1979 δύο
1123 1914 1438 1995 ςυλλαβὰς
1508 1912 1904 1992 ὑπάρχουςαι
1968 1913 2410 1994 Φόρκυνος,
2474 1913 2886 1981 Πόλτυνος
2948 1923 3080 1982 τῶν
3119 1924 3183 1975 15

492 2014 760 2079 εὐθειῶν
805 2015 1320 2094 ςυςτελλομένων
1367 2015 1682 2081 ἐξέτειναν
1725 2015 1803 2078 τὸ
1851 2018 1905 2078 ῦ.
1994 2014 2049 2079 εἰ
2093 2016 2164 2078 δὲ
2209 2015 2290 2092 μὴ
2334 2015 2690 2092 παραλήγει
2741 2017 2818 2080 τὸ
2861 2020 2927 2098 Ε,
2984 2017 3082 2082 ἐκ-

491 2117 682 2183 τείνει
726 2116 803 2180 τὸ
849 2099 927 2200 ῡ,
967 2115 1374 2199 κίνδυνος,
1421 2114 1787 2198 εὔθυνος,
1832 2116 2234 2196 Πάχυνος,
2278 2114 2667 2197 Λάμυνος,
2713 2117 2815 2180 διὸ
2858 2119 2962 2181 καὶ
3005 2119 3081 2182 τὸ

493 2220 784 2299 βόθυνο
809 2238 840 2282 ς
906 2214 1245 2293 ἀναλόγως
1311 2216 1694 2282 ἐκτείνουςιν
1751 2216 2033 2280 Ἀττικοί.
2133 2215 2250 2280 κᾶν
2318 2214 2614 2296 ὀξύνηται
2681 2218 2753 2282 δὲ
2816 2220 3082 2283 τοιαῦτά

490 2320 647 2402 ἐςτι,
696 2319 1302 2400 Μαρυανδυνός,
1363 2318 1710 2382 Βιθυνός.
1797 2316 1875 2380 τὸ
1930 2308 2466 2400 ἀνδρόγυνος,
2520 2317 2814 2394 ἄγυνος
2859 2320 3082 2384 καὶτὰ

492 2420 685 2499 ὅμοια
726 2424 844 2484 τοῦ
887 2421 1050 2496 γυνή
1098 2416 1406 2497 ἐτήρηςαν
1449 2419 1526 2482 τὸ
1572 2421 1628 2482 fi.
3114 2431 3183 2481 20

661 2519 755 2584 Τὰ
799 2520 889 2584 εἰς
931 2523 1049 2598 ρ’ὄῑ
1091 2521 1374 2599 καθαρὸν
1419 2520 1760 2600 διςύλλαβα
1801 2525 1895 2604 τῷ
1941 2522 1982 2583 ᾶ
2024 2522 2523 2599 παραληγόμενα
2566 2520 2922 2601 ὀξυνόμενα
2965 2525 3080 2602 μὲν

495 2621 625 2701 ἔχει
672 2606 1116 2700 ἐκτεινόμενον
1146 2623 1222 2686 τὸ
1269 2624 1310 2685 ἇ
1354 2621 1640 2703 ψαρός,
1685 2621 1958 2703 ναρός,
2003 2621 2190 2686 ἔνθεν
2221 2623 2498 2699 θηλυκὸν
2543 2623 2719 2702 παρὰ
2763 2623 3084 2704 (οφοκλεῖ

492 2723 562 2788 ἐν
610 2723 831 2809 Ἰνάχῳ
878 2729 1184 2810 ςατυρικῷ
1231 2722 1472 2801 «ναράς
1515 2743 1582 2787 τε
1628 2722 1871 2802 πατρὸς
1916 2723 2211 2803 κυμάτων
2245 2722 2550 2803 ἐπιρροάς
2590 2760 2677 2776 —-
2721 2724 3078 2805 ἐπ’ώμοςα».

490 2825 741 2904 Λαρός
799 2826 1077 2904 «λαρὸς
1132 2825 1367 2907 ἄμης»,
1424 2825 1610 2889 ἔνθεν
1654 2824 1731 2888 τὸ
1789 2825 2136 2903 οὐδέτερον
2193 2826 2437 2903 «λαρὸν
2481 2827 2889 2906 τετυκοίμεθα
2932 2828 3081 2905 δόρ-

489 2948 661 2992 πον»
725 2927 796 3007 (μ
846 2925 1016 3006 283).
1106 2927 1507 3006 βαρυνόμενα
1573 2927 1676 3009 δέ,
1743 2925 1796 2990 εἰ
1863 2927 1965 2989 καὶ
2026 2924 2321 3004 ἀρςενικὰ
2378 2928 2656 3006 ὑπάρχοι
2720 2928 2759 3005 ἢ
2818 2929 3080 3011 θηλυκά,
3114 2940 3181 2989 25

492 3029 849 3095 ςυςτέλλειν
895 3030 1063 3091 θέλει
1106 3027 1182 3093 τὸ
1230 3031 1302 3111 ἃ,
1358 3028 1598 3106 λάρος
1661 3027 1880 3111 «λάρῳ
1937 3027 2140 3105 ὄρνιθι
2198 3027 2462 3094 ἐοικώς»
2521 3030 2579 3110 (ε
2624 3028 2765 3112 51),
2818 3031 3079 3107 γάρος.

491 3130 796 3208 Αἰςχύλος
827 3130 1087 3207 Πρωτεῖ
1131 3136 1442 3214 ςατυρικῷ
1488 3130 1630 3193 «καὶ
1672 3130 1787 3192 τὸν
1834 3128 2071 3207 ἰχθύων
2114 3129 2393 3212 γάρον»,
2441 3130 2752 3214 ςκάρος,
2799 3131 3077 3211 φάρος.

493 3232 661 3307 λέγω
709 3232 780 3295 δὲ
825 3230 901 3293 τὸ
946 3229 1280 3322 ἀρςενικόν
1334 3230 1374 3308 ἢ
1420 3231 1522 3294 καὶ
1571 3230 1647 3295 τὸ
1703 3231 2011 3313 θηλυκόν,
2074 3231 2401 3313 Κλάρος,
2460 3230 2812 3310 Νίκανδρος
2855 3231 3077 3315 (Ther.

491 3331 646 3413 958)
693 3335 987 3410 «μνῆςτιν
1033 3332 1237 3415 ἔχοις,
1293 3333 1409 3396 τὸν
1465 3330 1704 3409 ἔθρεψε
1754 3330 1999 3409 Κλάρος
2054 3332 2359 3412 νιφόεςςα
2408 3332 2758 3416 πολίχνη»,
2812 3334 3078 3411 Πάρος

490 3436 711 3510 νῆςος,
771 3432 1095 3517 ςπάρος,
1154 3433 1399 3511 (άρος
1456 3431 1493 3496 ὁ
1550 3432 1854 3511 ποταμός.
1941 3432 2018 3497 τὸ
2072 3432 2293 3510 τοίνυν
2356 3437 2594 3513 βάρος
2647 3435 2749 3498 καὶ
2812 3434 3077 3512 Ῥἂρος
3111 3443 3181 3494 30

491 3535 651 3614 παρ’
707 3534 1009 3598 Ἀττικοῖς
1066 3535 1392 3614 ςημειώδη.
1478 3533 1554 3598 τὸ
1611 3534 1683 3597 δὲ
1739 3535 2031 3612 κλᾶρος
2084 3534 2242 3598 κατά
2296 3534 2565 3614 Δωρίδα
2617 3534 2953 3600 διάλεκτον
3009 3535 3078 3600 ἐκ

491 3639 609 3701 τοῦ
664 3637 913 3712 κλῆρος.
999 3635 1079 3699 τά
1130 3655 1200 3698 τε
1259 3636 1419 3712 ὑπὲρ
1476 3635 1596 3698 δύο
1654 3636 1970 3714 ςυλλαβὰς
2035 3636 2436 3716 βαρυνόμενα
2501 3637 2852 3717 πάμπολλα
2915 3635 3077 3704 ὄντα

494 3736 992 3815 ςυνεςταλμένον
1037 3735 1250 3814 ἔχουςι
1279 3737 1356 3799 τὸ
1404 3739 1473 3812 ἂ,
1519 3737 1600 3814 μὴ
1648 3734 1807 3800 ὄντα
1837 3737 2066 3815 Δώρια
2096 3739 2248 3816 μήτε
2295 3739 2591 3821 ςύνθετα,
2638 3739 3074 3821 μάρμαρος,

494 3838 914 3917 βάρβαρος,
959 3836 1337 3917 τάλαρος,
1384 3836 1803 3914 κύλλαρος·
1862 3837 2174 3903 ἐπίςταςιν
2232 3837 2353 3902 οὖν
2405 3839 2535 3918 ἔχει
2591 3840 2667 3902 τὸ
2725 3840 3075 3918 ἄγγαρος

627 4158 727 4210 1.1
769 4174 1033 4209 canonem
1069 4157 1199 4208 finxi
1236 4173 1303 4208 ex
1340 4158 1655 4217 Arcad.65,
1694 4160 1776 4208 14.
1917 4158 2023 4212 La
2061 4173 2326 4209 canonem
2364 4175 2479 4209 eom
2521 4160 2642 4210 osui
2679 4174 2747 4209 ex
2780 4160 2882 4225 Ep.
2920 4159 3010 4210 Cr.
3047 4160 3075 4211 1

464 4232 540 4290 ,3,
582 4231 672 4289 17·
710 4230 827 4289 350,
863 4230 920 4289 43
959 4226 1023 4276 Ε.
1058 4226 1131 4276 Μ.
1167 4228 1293 4286 805,
1335 4230 1396 4277 17
1433 4225 1628 4276 collato
1664 4225 1996 4288 Arcad.65,
2035 4228 2097 4277 18
2136 4233 2190 4276 et
2226 4229 2308 4277 23.
2504 4229 2587 4277 ,9
2622 4227 3074 4291 Aread.193,16

494 4294 671 4347 Κῦνος
707 4296 891 4360 recepi
928 4310 995 4346 ex
1031 4294 1220 4344 Dichr.
1268 4295 1396 4358 286,
1443 4297 1510 4344 25
1555 4298 1612 4342 et
1650 4294 1706 4342 in
1741 4292 1847 4343 fine
1885 4261 2057 4343 ver'ba
2102 4293 2245 4345 κατὰ
2280 4293 2512 4358 χρόνον,
2561 4291 2804 4355 καίτοιγε
2841 4296 2961 4346 κτλ.
3005 4311 3073 4345 ex

488 4364 635 4414 Mon.
660 4366 743 4425 33,
783 4366 862 4412 12.
1013 4363 1051 4412 l.
1078 4364 1142 4412 13
1177 4363 1347 4412 verba
1381 4359 1451 4411 τὸ
1488 4359 1549 4411 δὲ
1586 4359 1824 4422 μόςυνος
1861 4388 1927 4395 —-
1964 4358 2245 4412 ἐξέτειναν
2289 4360 2359 4412 τὸ
2396 4364 2432 4411 ῦ
2467 4362 2733 4412 constitui
2769 4378 2837 4413 ex
2880 4362 3071 4414 Dichr.

490 4433 608 4494 287,
634 4435 666 4481 5
704 4436 760 4481 et
783 4432 904 4481 Are.
933 4432 1048 4491 193,
1074 4431 1141 4479 24
1174 4429 1271 4478 ubi
1305 4428 1375 4480 τὸ
1413 4426 1679 4492 μόςυνος,
1719 4427 2011 4494 Φόρκυνος
2045 4426 2346 4480 Πόλτυνος
2372 4431 2495 4479 τῶν
2521 4427 2760 4480 εὐθειῶν
2784 4430 3072 4481 ςυςτελλο-

494 4497 682 4559 μένων
719 4496 1000 4549 ἐξέτειναν
1044 4495 1114 4547 τὸ
1149 4497 1212 4559 ῦ,
1258 4494 1338 4547 ὡς
1374 4494 1731 4560 Ἡρωδιανὸς.
1890 4495 1925 4548 l
1968 4498 2027 4546 17
2065 4493 2320 4558 Λάμυνος
2363 4513 2433 4547 ex
2468 4497 2652 4547 Dichr.
2691 4497 2728 4549 1.
2764 4514 2810 4548 c.
2882 4497 3075 4548 addidi

456 4567 701 4631 ‘pariter
737 4572 905 4630 atque
943 4563 1048 4615 κᾶν
1092 4563 1356 4628 ὁξύνηται
1391 4589 1455 4599 -
1496 4561 1757 4631 Βιθυνός,
1804 4579 1875 4615 ex
1921 4563 2112 4613 eodem
2157 4565 2277 4614 loco
2321 4562 2528 4626 ᾰγυνος
2613 4566 2734 4615 osui
2777 4581 2874 4630 pro
2910 4563 3076 4627 λάγυ-

494 4644 605 4681 νος.
742 4633 775 4684 1.
811 4637 875 4683 21
913 4633 1036 4684 Are.
1079 4633 1305 4693 196,12
1339 4628 1412 4681 τὰ
1448 4628 1527 4683 εἰς
1564 4646 1663 4695 poc
1713 4602 1966 4697 καθαρὸν
2010 4630 2306 4694 διςύλλαβα
2340 4581 2608 4696 ἀρςενικά)
2632 4634 2717 4699 τῷ
2754 4635 2789 4683 α
2825 4632 3075 4697 παραλη-

494 4695 706 4760 γόμενα
750 4698 1030 4751 ςυςτέλλει
1074 4697 1144 4750 τὸ
1190 4701 1252 4763 ἃ,
1309 4696 1503 4763 λάρος,
1561 4699 1707 4771 γάρο
1638 4719 1766 4776 ρο(
1823 4699 2037 4765 (κάρος.
2119 4698 2359 4750 Ἀττικοὶ
2413 4681 2732 4754 ἐκτείνουςι.
2812 4715 3075 4750 canonem

496 4764 700 4830 sumpsi
737 4782 806 4815 ex
840 4769 985 4821 Mon.
1011 4769 1094 4830 35,
1132 4770 1164 4818 9
1202 4766 1470 4818 consultis
1506 4767 1705 4836 Dichr
1731 4747 1861 4842 2⁹99,
1895 4771 1990 4832 20,
2025 4767 2171 4818 unde
2214 4767 2389 4833 petivi
2421 4767 2458 4821 1.
2491 4770 2555 4818 32
2591 4765 2663 4817 τά
2695 4780 2761 4818 τε
2794 4765 2940 4831 ὑπὲρ
2974 4766 3076 4818 δύο

565 4880 938 4918 anonumum.
974 4868 1018 4922 1.
1180 4875 1191 4892 ·
2594 4850 2678 4914 34
