3664 5546
1199 407 1358 461 ΠΕΡΙ
1401 406 1793 462 ΚΑΘΟΛΙΚΗΕ
1819 407 2243 462 ΠΡΟΕΩιΔΙΑ(
2281 409 2350 461 Ις.
2947 405 3074 471 453

472 579 694 655 χρῆςιν
737 575 840 639 καὶ
882 582 1015 641 τῶν
1061 583 1277 644 πεζῶν
1320 577 1452 656 ἔχει
1496 580 1613 657 τὴν
1658 579 1788 657 πρὸ
1831 578 2061 643 τέλους
2100 580 2418 659 ςυλλαβὴν
2463 578 2553 643 εἰς
2594 582 2634 657 ρ
2678 579 3072 656 καταλήγου-

473 697 617 758 ςαν,
672 675 841 740 ἀλλὰ
884 679 1090 758 μόνον
1144 680 1221 744 τὸ
1265 679 1301 745 ἔ
1313 700 1351 757 ρ
1363 700 1468 758 ρω
1515 679 1667 744 «ὅτε
1721 680 1788 742 τ’
1831 680 2067 758 ἤλυθεν
2125 679 2354 746 ἐνθάδε
2398 679 2650 760 ἔρρων»
2707 679 2811 743 καὶ
2852 679 2916 761 (κ
2962 677 3071 760 72)

1005 780 1151 861 ἔρρ’
1195 780 1265 846 ἐκ
1308 780 1505 857 νήςου
1550 784 1781 846 θᾶςςον
1825 779 2142 860 ἐλέγχιςτε
2186 782 2508 847 Ζωόντων.

467 881 547 944 τὰ
575 882 648 945 δὲ
677 886 943 947 τοιαῦτα
969 882 1231 947 Αἰολικὰ
1260 882 1340 962 ἦν
1370 882 1611 962 ἔχοντα
1649 881 1866 964 κοινά,
1911 881 2240 965 ἱμέρρω,
2271 882 2614 966 ἀγέρρω,
2660 883 3068 965 οἰκτίρρω,

469 980 831 1063 ὀλοφύρρ
847 1006 918 1050 ω.
1002 983 1182 1063 εἴπερ
1238 983 1362 1049 οὖν
1405 984 1731 1066 Αἰολικόν,
1781 985 2118 1067 Ζητητέον,
2177 984 2234 1048 τί
2290 984 2492 1050 αὐτοῦ
2535 985 2617 1064 ἦν
2661 986 2898 1051 κοινόν.
2987 986 3068 1052 οὐ
3095 990 3131 1042 5

464 1082 588 1163 γὰρ
631 1084 792 1149 αὐτὸ
834 1086 911 1150 τὸ
956 1086 1231 1168 φθείρω,
1278 1087 1368 1153 ὡς
1413 1084 1662 1152 οἴονταί
1703 1104 1886 1151 τινες.

632 1185 729 1250 T&
782 1188 887 1252 διὰ
941 1192 1059 1254 τοῦ
1115 1192 1238 1253 ᾶᾟι
1294 1187 1663 1270 βαρύνεται,
1729 1187 1785 1251 εἰ
1819 1189 1928 1267 .μὴ
1982 1186 2079 1266 εἴη
2133 1186 2268 1254 ἀπὸ
2311 1188 2663 1271 ὀνόματος,
2735 1188 2928 1269 ῥαίω
2982 1192 3059 1256 τὸ

464 1287 739 1370 φθείρω,
769 1290 1049 1373 πταίω,
1079 1290 1304 1374 ναίω,
1335 1291 1575 1372 παίω,
1605 1289 1831 1372 δαίω,
1862 1288 2083 1372 καίω,
2129 1289 2400 1373 κλαίω,
2439 1291 3061 1377 γαίω,,παλαίω,

465 1389 773 1472 λιλαίω,
818 1389 970 1457 ὅθεν
1002 1391 1352 1474 λιλαίομαι,
1396 1391 1714 1474 κεραίω,
1759 1390 2039 1474 ἀγαίω,
2085 1392 2456 1474 ςταλαίω,
2501 1392 2831 1474 χαλαίω,
2877 1413 3054 1471 κρε-

465 1491 695 1573 μαίω,
748 1493 1042 1571 διχαίω.
1128 1494 1205 1558 τὸ
1260 1494 1332 1558 δὲ
1389 1492 1632 1571 ἀραιῶ
1676 1493 1808 1572 ἔχει
1875 1494 1952 1558 τὸ
2005 1492 2262 1576 ἀραιός,
2328 1495 2431 1558 καὶ
2486 1494 2562 1558 τὸ
2629 1494 2916 1572 ἑδραιῶ
2976 1495 3052 1559 τὸ
3098 1500 3164 1551 10

462 1591 719 1669 ἑδραῖος
763 1593 867 1658 καὶ
907 1593 985 1658 τό
1032 1599 1304 1660 δικαιῶ
1348 1594 1423 1658 τὸ
1468 1593 1707 1660 δίκαιος
1749 1595 1854 1658 καὶ
1897 1599 2204 1675 βεβαιῶ.
2230 1594 2305 1658 τὸ
2343 1596 2597 1674 βέβαιος
2641 1596 2745 1659 καὶ
2785 1595 2863 1660 τὸ
2907 1616 3056 1660 πα·

462 1696 653 1757 λαιῶ
706 1695 784 1760 τὸ
838 1695 1113 1762 παλαιός
1169 1697 1272 1761 καὶ
1326 1702 1625 1775 περαιῶ
1668 1695 1746 1759 τὸ
1789 1697 1990 1774 πέρας
2034 1697 2136 1761 καὶ
2191 1701 2387 1775 μαιῶ
2442 1697 2732 1773 τὰζητῶ
2776 1697 2855 1761 τὸ
2902 1701 3057 1776 μαῖα

462 1796 567 1859 καὶ
607 1803 908 1874 ματαιῶ
953 1797 1237 1876 μάταιος.
1837 1839 1844 1847 ·
2491 1794 2512 1803 ’

630 1897 724 1961 Τὰ
780 1896 869 1963 εἰς
927 1903 981 1962 (fi
1038 1900 1285 1978 καθαρὰ
1340 1900 1842 1980 παραληγόμενα
1906 1906 1984 1983 τῇ
2050 1901 2156 1964 διὰ
2209 1903 2249 1964 ὖ
2316 1901 2650 1985 διφθόγγῳ
2709 1900 3050 1981 βαρύνεται

464 1999 724 2082 ψαύω,
790 2000 1085 2082 θραύω,
1153 2000 1564 2083 ἀπολαύω,
1630 2001 1791 2066 αὔω
1854 2002 1932 2065 τὸ
1989 2006 2125 2082 βοῶ
2180 2002 2283 2066 καὶ
2336 2001 2497 2066 αὕω
2548 2002 2627 2066 τὸ
2681 2003 2957 2081 ξηραίνω
3011 2002 3051 2082 ἢ
3095 2008 3156 2059 15

460 2098 671 2178 ἅπτω,
717 2100 926 2164 δαύω
969 2100 1047 2165 τὸ
1093 2108 1421 2183 κοιμῶμαι.
1495 2100 1661 2169 ἅπαξ
1707 2104 1779 2168 δὲ
1820 2102 1861 2180 ἡ
1907 2102 2071 2168 λέξις
2111 2102 2287 2181 παρὰ
2317 2098 2577 2182 (απφοῑ
2655 2184 2667 2196 ·

1351 2203 1575 2270 δαύοις
1618 2203 1874 2270 ἀπάλας
1916 2204 2145 2281 ἐτάρας

1742 2305 1814 2370 ἐν
1861 2307 2143 2384 ςτήθεςιν
2173 2355 2186 2369 .
2219 2356 2231 2369 .
2266 2356 2279 2369 .
2328 2302 2582 2389 (Bergk
2612 2304 2741 2387 82).

453 2408 666 2471 δαύω
721 2407 797 2471 τὸ
853 2407 1011 2472 καίω
1066 2408 1242 2486 παρὰ
1298 2406 1609 2490 (ιμωνίδῃ
1656 2408 1941 2485 «μηρίων
1996 2407 2449 2487 δεδαυμένων»
2516 2408 2693 2487 παρὰ
2745 2407 2823 2473 τὸ
2888 2409 3049 2474 δαίω

449 2507 526 2571 τὸ
571 2508 729 2572 καίω
771 2514 982 2591 τροπῇ
1025 2511 1143 2572 τοῦ
1186 2513 1221 2572 ἶ
1264 2507 1351 2573 εἰς
1396 2511 1450 2572 ὗ.
1525 2508 1761 2592 δεύω,
1806 2507 2092 2590 ὁδεύω,
2149 2509 2478 2591 τοξεύω,
2525 2508 2787 2593 ίξεύω,
2832 2513 3047 2575 λιτα-
3082 2517 3151 2567 20

451 2608 683 2690 νεύω,
729 2608 1071 2691 ἱππεύω,
1117 2609 1535 2693 βαςιλεύω,
1579 2610 1953 2693 κυριεύω,
1998 2608 2211 2676 ςεύω.
2267 2610 2345 2676 τὸ
2392 2611 2463 2675 δὲ
2510 2610 2928 2690 «ἑδεύηςεν
2975 2612 3047 2677 δ’

452 2710 662 2790 οἰήϊον
706 2709 907 2791 ἄκρον
951 2710 1228 2777 ἱκέςθαι»
1286 2710 1338 2794 (ι
1380 2709 1536 2795 483)
1592 2711 1711 2778 οὐκ
1755 2711 1888 2777 ἀπὸ
1932 2711 2423 2791 περιςπωμένου
2466 2715 2585 2778 τοῦ
2641 2716 2812 2779 δευῶ
2854 2714 3041 2792 γέγο-

369 2859 387 2873 .
449 2829 595 2895 νεν,
650 2811 793 2877 ἀλλ’
847 2812 1104 2892 ἐδέηςεν
1156 2812 1286 2879 ἐςτὶ
1337 2813 1441 2878 καὶ
1497 2814 1977 2881 πλεονάςαντος
2027 2816 2146 2879 τοῦ
2201 2818 2240 2878 ῡ
2299 2813 2604 2900 ιέδεύηςε.Ι
2662 2813 2739 2879 τὸ
2795 2815 3041 2895 ἑρευνῶ

447 2914 934 2995 περιςπώμενον
979 2914 1042 2980 οἱ
1085 2913 1334 2981 Αἰολεῖς
1376 2914 1864 2996 ἀποβάλλοντες
1905 2916 1984 2980 τὸ
2028 2919 2066 2981 V
2098 2916 2441 2996 βαρύνουςι
2485 2914 2592 2980 διὰ
2632 2914 2751 2982 τὸν
2790 2917 3040 2995 τρόπον

445 3019 564 3081 τοῦ
605 3018 756 3082 {Uni
1166 3015 1173 3018 ’
1487 3071 1497 3090 ,
3072 3026 3144 3077 ‘25

611 3119 707 3184 Ῐὰ
751 3118 841 3184 εἰς
884 3122 938 3184 ὦ
983 3120 1266 3199 καθαρὸν
1319 3119 1819 3200 παραληγόμενα
1860 3126 1954 3204 τῷ
2008 3123 2051 3184 ἆ
2094 3119 2464 3201 βαρύνεται,
2521 3118 2721 3185 ὁπότε
2775 3121 3036 3199 πληςιά-

443 3224 618 3286 ζουςι
658 3223 797 3286 τοῖς
852 3220 956 3286 διὰ
1009 3225 1127 3286 τοῦ
1172 3221 1343 3299 M,
1389 3221 1609 3310 χραύω
1654 3221 1900 3303 χράω,
1956 3221 2152 3302 φαύω
2210 3220 2399 3301 φάω.
2485 3227 2917 3300 περιςπῶνται
2963 3225 3036 3288 δὲ

442 3321 522 3385 τὰ
565 3323 646 3401 μὴ
704 3321 911 3389 οὕτως
965 3323 1232 3405 ἔχοντα,
1291 3328 1449 3388 δαῶ
1504 3322 1749 3406 δαήςω,
1793 3330 1948 3389 ςαῶ
1993 3324 2248 3406 ςαώςω,
2303 3321 2517 3387 ἀλαῶ
2576 3322 2868 3388 ἀλαώςω.
2955 3325 3033 3390 τὸ

444 3423 516 3486 δὲ
571 3422 781 3504 βοάω
834 3425 939 3488 καὶ
989 3424 1247 3501 γελάω
1303 3425 1406 3489 καὶ
1460 3424 1759 3490 πεινάω
1803 3424 2139 3505 βαρύνεται
2196 3425 2299 3489 καὶ
2341 3421 2546 3489 τᾶλλα
2591 3425 2681 3491 ὡς
2726 3425 3031 3492 ἑντέλειαι

440 3530 573 3590 τῶν
616 3519 1133 3607 περιςπωμέιῖων.
3064 3537 3134 3589 30

608 3625 705 3690 Ῐὰ
745 3626 834 3692 εἰς
878 3626 933 3692 ὦ
987 3629 1268 3707 καθαρὸν
1324 3628 1823 3708 παραληγόμενα
1875 3631 1912 3694 ἒ
1965 3629 2338 3711 βαρύνεται,
2391 3630 2587 3710 χωρὶς
2643 3628 2696 3694 εἰ
2741 3631 2823 3710 μὴ
2867 3650 3028 3710 προ-

439 3727 821 3806 κατάρχοιτο
865 3727 1103 3811 ὄνομα,
1157 3731 1197 3808 ἢ
1242 3728 1375 3795 ἀπὸ
1421 3730 1782 3811 βαρυτόνου
1827 3731 2159 3811 μεταςταίη
2216 3730 2305 3797 εἰς
2348 3731 2870 3814 περιςπώμενον,
2926 3731 3026 3796 ἔω

437 3830 513 3894 τὸ
559 3829 858 3913 ὑπάρχω,
903 3831 968 3898 ἐξ
1013 3829 1094 3896 οὗ
1121 3832 1198 3896 τὸ
1229 3831 1380 3915 εἰμί,
1424 3831 1524 3897 ἔω
1566 3830 1643 3895 τὸ
1691 3830 2072 3916 πορεύομαι,
2118 3831 2183 3898 ἐξ
2228 3831 2309 3898 οὗ
2355 3831 2516 3914 εἶμι,
2561 3831 2694 3915 ἕω,
2739 3833 2820 3898 οὗ
2864 3853 3027 3912 παρ-

572 4050 608 4101 1.
644 4055 677 4103 8
711 4049 855 4104 καίω
892 4054 1133 4104 accessit
1168 4069 1236 4104 ox
1269 4055 1432 4104 Lasc.
1471 4056 1595 4117 171,
1632 4055 1663 4103 7
1710 4059 1767 4104 et
1802 4054 2050 4119 Theogn.
2090 4055 2213 4116 145,
2251 4056 2342 4113 27,
2389 4068 2458 4102 ex
2500 4068 2608 4116 quo
2654 4053 2822 4103 etiam
2857 4049 3022 4115 γαίω,

435 4115 674 4184 κεραίω,
729 4120 797 4172 de
844 4136 951 4186 quo
1002 4121 1072 4172 cf.
1109 4121 1288 4172 Schol.
1327 4121 1373 4171 Α
1419 4120 1489 4171 ad
1525 4120 1589 4172 11.
1628 4120 1641 4171 Ι
1678 4124 1779 4172 203
1825 4119 2072 4186 κέραιρεε
2127 4121 2297 4185 χωρὶς
2342 4121 2446 4171 τοῦ
2491 4121 2540 4182 ὃ.
2599 4113 2881 4184 ’μέμνηται
2931 4120 3022 4170 καὶ

435 4186 779 4252 Ἡρωδιανὸς
813 4195 877 4239 nt
910 4188 1157 4252 videtur,
1194 4188 1299 4240 hoc
1334 4189 1481 4251 loco,
1518 4186 1699 4251 ἀγαίω
1734 4215 1802 4224 —
1837 4185 2061 4252 διχαίω,
2099 4187 2277 4252 ἀραιῶ
2316 4203 2384 4237 ex
2421 4189 2584 4238 Lasc.
2721 4188 2757 4237 l.
2799 4189 2859 4236 15
2895 4186 3020 4238 αὕω

432 4254 505 4306 τὸ
540 4253 785 4321 ξηραίνω
821 4257 858 4320 ἢ
895 4255 1065 4307 ἅπτω
1101 4259 1287 4322 recepi
1322 4272 1391 4306 ex
1425 4257 1491 4308 11.
1515 4256 1605 4307 Pr.
1629 4255 1673 4308 Λ
1707 4259 1834 4307 461:
1871 4253 1973 4307 αὖε
2009 4253 2102 4306 ἐπὶ
2136 4257 2240 4306 τοῦ
2278 4256 2498 4317 φωνεῖν
2532 4253 2840 4318 ψιλωτέον·
2879 4253 3021 4309 ὅταν

432 4321 495 4374 δὲ
530 4321 623 4375 ἐπὶ
658 4326 763 4375 τοῦ
807 4321 1090 4389 ξηραίνειν
1132 4325 1169 4388 ἢ
1205 4323 1435 4387 ἅπτειν,
1479 4322 1616 4376 τότε
1661 4323 1973 4375 δαςύνεται.
2044 4321 2158 4374 ἔςτι
2203 4321 2309 4388 γὰρ
2353 4321 2626 4375 ςύνθετον
2672 4321 2766 4388 (τὸ
2810 4320 3018 4385 ἀφαύω

432 4391 611 4442 Lehrs
645 4391 718 4442 ad
755 4392 805 4443 h.
832 4391 893 4450 l..
931 4391 1083 4457 παρὰ
1116 4392 1187 4443 τὸ
1222 4391 1309 4443 ὕω
1348 4392 1482 4443 Lob.
1509 4393 1699 4443 Rham.
1732 4389 1844 4455 11),
1883 4390 2038 4443 δαύω
2074 4390 2144 4442 τὸ
2181 4391 2457 4452 κοιμῶμαι
2494 4406 2564 4441 ox
2597 4391 2663 4440 E.
2689 4391 2763 4443 M.
2789 4392 2906 4452 250,
2937 4394 3016 4454 10,

431 4460 527 4511 ubi
562 4458 711 4521 λέγει
747 4459 809 4512 δὲ
846 4459 1213 4525 Ἡρωδιανὸς,
1252 4459 1339 4511 ὅτι
1375 4457 1522 4510 ἅπαξ
1559 4458 1594 4521 ἡ
1635 4458 1777 4510 λέξις
1814 4459 1966 4522 κτλ.,
2003 4457 2159 4520 δαύω
2195 4457 2266 4508 τὸ
2302 4454 2445 4508 καίω
2483 4473 2550 4508 ex
2587 4460 2649 4508 Ε.
2677 4458 2748 4509 Μ.
2786 4460 2902 4519 215,
2935 4458 3012 4518 18,

430 4528 525 4577 ubi
560 4533 753 4578 auctor
788 4528 987 4579 tacitus
1025 4534 1136 4592 est,
1175 4527 1361 4579 ὁδεύω
1400 4544 1469 4578 ex
1506 4528 1666 4576 Lasc.
1708 4528 1822 4589 171,
1867 4530 1951 4589 12,
1989 4525 2134 4576 uncle
2187 4526 2356 4576 etiam
2391 4523 2620 4577 ἱππεύω
2665 4551 2722 4561 -
2755 4524 3013 4589 κυριεύω.

431 4593 591 4645 ςεύω.
659 4595 731 4647 τὸ
766 4594 827 4647 δὲ
864 4593 1089 4661 ἑδεύηςε
1128 4612 1299 4662 usque
1337 4595 1408 4644 ad
1444 4594 1605 4644 finem
1643 4609 1710 4644 ex
1737 4594 1924 4658 ‚Epim.
1960 4593 2049 4643 Cr.
2084 4594 2108 4643 1
2150 4595 2263 4657 174,
2302 4595 2392 4656 15,
2431 4609 2593 4659 quem
2627 4594 2802 4643 locum
2838 4595 3013 4644 Hero—

430 4661 685 4713 dianeum
725 4678 847 4714 esso
890 4664 1140 4715 ostendit
1175 4665 1306 4714 Zon.
1343 4665 1445 4713 614
1488 4659 1774 4724 ἐδεὺηςενε
1821 4659 1939 4712 ἀπὸ
1984 4661 2089 4712 τοῦ
2126 4658 2239 4712 δέω
2277 4659 2440 4726 (δεῶ)
2475 4659 2659 4725 δεήςω
2695 4658 2882 4725 ἑδέηςε
2921 4661 3011 4712 καὶ

432 4729 767 4796 πλεοναςμῷ
811 4733 915 4782 τοῦ
950 4734 987 4782 ῦ
1023 4730 1301 4797 ἑδεύηςεν.
1375 4727 1717 4792 Ἡρωδιανὸς
1754 4728 1883 4791 περὶ
1919 4726 2151 4780 πάθους.
2299 4727 2334 4779 1.
2373 4730 2440 4779 28
2473 4727 2545 4780 τὰ
2581 4734 2711 4778 ante
2751 4728 2823 4792 μὴ
2861 4730 3008 4782 inse-

429 4797 515 4845 rui
557 4813 625 4848 ex
668 4800 894 4849 Lascar.
934 4803 1059 4861 171,
1100 4803 1163 4849 15
1207 4806 1262 4849 et
1306 4803 1433 4862 post
1468 4793 1627 4846 ἀλαῶ
1665 4795 1856 4845 addidi
1891 4794 2148 4847 ἀλαώςω.
2355 4796 2388 4847 l.
2425 4799 2491 4848 32
2527 4812 2625 4862 pro
2661 4793 2740 4848 είς
2777 4795 3011 4863 βαρύτο-

430 4877 532 4914 νον
572 4866 794 4918 Arcadii
836 4868 1069 4934 praebet
1112 4872 1321 4918 rectum
1375 4861 1453 4916 είς
1498 4862 1930 4930 περιςπώμενον
1975 4865 2200 4920 Lascar.
2254 4867 2373 4931 171,
2421 4869 2500 4920 19.
2550 4892 2616 4902 -
2659 4863 2739 4918 ἔω
2784 4891 2849 4902 ——
2893 4864 3008 4919 κέιυ
