3664 5546
1506 421 1919 471 PRAEFATIO.
2886 421 3003 470 XCI

600 575 902 642 Abiectio
948 574 1178 640 literae
1219 577 1286 639 in
1343 576 1471 640 fine
1525 575 1830 641 vocabuli
1876 576 2114 642 dicitur
2167 578 2452 657 ἔλλειψις
2507 574 2647 641 sive
2708 576 3003 657 ἀποβολή

435 679 514 744 Ε.
546 678 638 743 Μ.
670 678 816 761 643,
863 679 965 762 36,
1011 679 1226 764 Qram.
1271 678 1522 743 Anecd.
1554 679 1762 743 Paris.
1806 678 1905 742 IV
1956 679 2053 744 13.
2118 676 2577 744 Abscisionem
2606 676 3005 764 syllabarum

435 780 723 848 finalium
778 781 1194 847 Herodianus
1251 783 1590 846 consuevit
1652 781 1992 846 vocabulis
2056 781 2357 860 ἀποκοπή
2424 790 2489 844 et
2541 781 3007 846 ἀποκόπτεςθαι

438 883 749 950 denotare
795 883 1050 968 (Dichr.
1096 884 1252 965 282,
1297 884 1369 966 5,
1427 883 1605 948 Μοιι.
1656 883 1764 965 10,
1819 884 1926 964 17,
1974 906 2099 971 quo
2145 881 2505 967 posteriore
2549 880 2688 946 loco
2733 881 3010 946 alternat

437 1008 586 1051 cum
629 986 1056 1052 ἑκκόπτεςθαιῑ
1106 988 1299 1052 οὐδὲν
1343 987 1828 1066 περιςπώμενον
1874 986 2304 1051 ἀποκόπτεται
2351 985 2508 1050 κατὰ
2551 985 2806 1064 γενικήν
2836 989 3005 1049 πτῶ·

439 1111 564 1172 ςιν,
620 1089 882 1169 ἐξεκόπη
950 1089 1250 1164 «Αἰγαίου
1306 1090 1600 1154 Ποςειδῶ
1657 1086 1895 1171 παῖς»)
1984 1086 2115 1151 Sed
2168 1088 2364 1151 etiam
2409 1085 2704 1167 ἀποβολή
2749 1084 2869 1149 hoc
2914 1084 3008 1147 in-

438 1188 698 1255 tellectu
741 1192 1004 1275 ponitur
1046 1196 1165 1257 νῶϊ
1209 1194 1374 1270 ςφῶῖ
1416 1189 1549 1255 κατ’
1579 1190 1912 1270 ἀποβολὴν
1957 1194 2074 1255 τοῦ
2117 1192 2139 1255 i
2180 1189 2276 1255 νώ
2321 1191 2463 1271 ςφώ
2505 1189 2600 1253 Io.
2631 1185 2735 1252 Al.
2766 1187 2871 1268 23,
2903 1186 3007 1251 23.

438 1294 699 1359 Diserte
742 1291 1182 1380 compluribus
1227 1290 1385 1355 locis
1432 1289 1774 1376 distinguit
1801 1290 2220 1356 Herodianus
2261 1312 2593 1378 apocopen
2637 1312 2676 1353 a
2705 1310 3008 1376 syncope,

440 1417 565 1482 quo
609 1393 928 1460 vocabulo
974 1394 1202 1459 eiectio
1248 1392 1498 1458 mediae
1543 1392 1840 1480 syllabae
1884 1393 2072 1458 verbi
2115 1391 2390 1457 indicari
2436 1391 2634 1457 solet!
2679 1390 2757 1455 Il.
2804 1391 2912 1454 Pr.
2959 1391 3010 1458 Ο

444 1497 563 1561 128
607 1499 681 1563 τὸ
726 1496 839 1574 ἠλέ
884 1496 1009 1562 εἴτε
1055 1497 1345 1576 ἀπεκόπη
1389 1496 1514 1562 εἴτε
1561 1497 1906 1580 ςυνεκόπη,
1951 1495 2030 1559 Ε.
2077 1494 2167 1559 Μ.
2218 1494 2332 1576 93,
2376 1493 2463 1573 50
2503 1496 2757 1575 Ἄμφιςῑ
2817 1496 3010 1559 τοῦτο

441 1600 520 1665 οὐ
565 1600 848 1678 ςυγκοπή
891 1634 971 1646 -
1019 1598 1160 1664 ἀλλ’
1205 1599 1359 1664 οὐδὲ
1401 1600 1596 1665 πάλιν
1642 1599 1963 1678 δυνάμεθα
2006 1597 2346 1678 ἀποκοπὴν
2379 1597 2597 1664 εἰπεῖν.
2658 1596 2787 1660 Sed
2819 1596 3011 1659 etiam

305 1715 324 1724 ·
445 1722 764 1787 syncopes
807 1721 1039 1764 nomen
1085 1696 1168 1763 ad
1214 1702 1428 1764 exitus
1472 1700 1898 1765 abiectionem
1927 1698 2422 1784 significandam
2465 1697 2762 1763 adhibet:
2811 1696 2892 1761 E.
2922 1695 3012 1765 M.

439 1802 585 1883 481,
615 1802 693 1867 15
717 1802 790 1868 ἰώ
820 1803 897 1869 τὸ
922 1803 1231 1883 ἐπίρρημα
1262 1803 1330 1867 ἐκ
1358 1807 1475 1867 τοῦ
1507 1802 1624 1881 ἰωή
1656 1803 1814 1868 κατὰ
1844 1803 2187 1886 ςυγκοπήν,
2210 1801 2290 1865 Ε.
2314 1801 2405 1867 Μ.
2432 1801 2535 1883 91,
2559 1800 2637 1864 41
2665 1799 3012 1880 ἀμφοτέρω

441 1907 543 1970 καὶ
583 1905 741 1970 κατὰ
785 1906 1107 1982 ςυγκοπὴν
1137 1904 1331 1986 ἄμφω
1362 1906 1465 1970 καὶ
1493 1905 1636 1969 κατ’
1665 1904 1912 1970 ἔκταςιν
1942 1909 2060 1969 τοῦ
2090 1907 2128 1968 ὃ
2160 1904 2249 1970 εἰς
2279 1908 2333 1969 ὦ
2350 1953 2368 1987 ,
2398 1902 2525 1967 nisi
2555 1902 2728 1967 forte
2761 1900 2844 1965 ab
2879 1899 3011 1988 cpi-

441 2006 866 2072 tomatoribus
899 2025 1218 2091 syncopes
1250 2028 1480 2070 nomen
1512 2005 1939 2074 substitutum
1972 2014 2072 2070 est
2100 2027 2219 2092 pro
2244 2003 2659 2070 Herodianeo
2691 2004 3009 2082 ἀποκοπή.

611 2107 946 2195 Syllabica
987 2107 1184 2172 medii
1227 2106 1534 2174 vocabuli
1577 2106 2030 2194 amplificatio,
2076 2130 2245 2193 quae
2300 2118 2414 2173 aut
2468 2104 2746 2191 simplici
2800 2103 3011 2171 vocali

442 2219 556 2276 aut
597 2207 856 2296 syllaba
898 2232 982 2274 ex
1027 2210 1240 2276 vocali
1270 2221 1337 2276 et
1364 2231 1650 2276 consona
1679 2211 2044 2297 composita
2071 2211 2177 2293 fit,
2224 2233 2263 2274 a
2290 2209 2625 2276 Lobeckio
2657 2210 3014 2294 parectasis

441 2311 774 2378 nominata
818 2320 948 2394 est,
994 2334 1158 2399 quae
1203 2335 1338 2378 vox
1381 2312 1764 2378 Herodiano
1808 2314 2032 2397 ignota
2075 2323 2195 2377 est.
2283 2311 2349 2376 Is
2395 2311 2560 2377 hanc
2606 2310 3013 2378 affectionem

442 2413 642 2498 vulgo
687 2413 1129 2501 pleonasmum
1173 2414 1333 2479 dicit
1375 2413 1453 2479 Il.
1500 2415 1607 2479 Pr.
1658 2415 1700 2479 C
1742 2415 1868 2480 538
1926 2416 1963 2481 ὁ
2008 2415 2407 2494 πλεοναςμὸς
2461 2419 2579 2479 τοῦ
2623 2419 2655 2479 ἐ’
2712 2415 3011 2494 φυλάςςει

441 2519 558 2597 τὴν
605 2518 709 2582 ἐπὶ
750 2519 976 2583 τέλους
1020 2518 1266 2600 ὀξεῖαν,
1310 2518 1494 2583 κενός
1523 2519 1772 2601 κενεός,
1817 2518 2102 2597 ἀδελφός
2130 2517 2479 2600 ἀδελφεός,
2525 2515 2618 2580 Ιο.
2652 2512 2761 2579 Al.
2794 2516 2898 2598 37,
2930 2517 3009 2580 31

442 2621 518 2685 τὸ
564 2620 726 2684 δοάν
782 2620 1188 2700 πλεοναςμὸν
1246 2619 1377 2698 ἔχει
1432 2623 1550 2684 τοῦ
1595 2624 1661 2696 ὄ;
1719 2619 2176 2703 ἐπεντίθεςθαι,
2231 2616 2407 2705 quod
2460 2615 2623 2682 alias
2680 2617 2761 2682 de
2814 2617 3011 2682 inser-

419 2722 616 2787 'tionc
660 2719 904 2786 vocalis
952 2728 1018 2786 et
1060 2739 1379 2786 consonae
1409 2718 1807 2808 syllabarum
1851 2742 2118 2787 numero
2165 2742 2292 2785 non
2337 2728 2530 2786 aucto
2574 2718 2873 2804 adhibet,
2920 2721 3015 2785 sic

445 2824 628 2909 ponit
671 2820 744 2888 Il.
789 2823 899 2887 Pr.
944 2824 988 2906 ξ
1035 2823 1153 2887 163
1197 2824 1531 2890 ἀέκονταςε
1603 2825 1814 2889 Νικίας
1861 2824 2059 2889 οἴεται
2114 2832 2205 2909 τῷ
2260 2824 2534 2890 ἄκοντας
2588 2823 3012 2889 ἑπεντίθεςθαι

441 2927 519 2991 τὸ
563 2929 622 3001 ἒ;
668 2923 964 2989 similiter
1009 2927 1329 2992 ἑπέκταςις
1371 2925 1549 2991 Mon.
1580 2925 1687 3007 43,
1718 2926 1796 2990 31
1847 2926 2058 2991 ἑςθίωε
2104 2927 2182 2990 τὰ
2213 2924 2302 2992 είς
2346 2932 2398 2991 ω
2444 2927 2726 3005 λήγοντα
2771 2926 3012 3007 ῥήματα

444 3029 721 3106 ὁριςτικὰ
765 3029 1107 3095 ἐνεςτῶτος
1152 3029 1390 3108 χρόνου
1436 3028 1491 3093 εἰ
1536 3028 1718 3109 λάβοι
1764 3028 2089 3094 ἐπέκταςιν
2132 3033 2249 3093 τοῦ
2293 3031 2346 3111 ἰ,
2391 3032 2797 3108 περιςπᾶςθαι
2843 3030 3010 3094 θέλει

443 3131 651 3219 χαίρωΙ
699 3136 926 3210 χαιριῶ
973 3138 1168 3215 atque
1215 3130 1308 3195 sic
1350 3131 1481 3195 iam
1527 3128 1697 3195 dixit
1738 3126 2127 3195 Aristoteles
2172 3129 2357 3195 Poet.
2386 3130 2468 3193 21
2517 3132 3011 3212 ἐπεκτεταμένον

443 3233 825 3313 Πηληϊάδεω
871 3254 955 3295 ex
997 3233 1337 3312 Πηλείδου.

614 3334 939 3420 Opposita
981 3341 1080 3397 cst
1133 3332 1449 3419 syllabico
1501 3334 1695 3399 medii
1751 3335 2052 3401 vocabuli
2110 3343 2458 3420 augmento
2518 3354 2833 3421 syncope,
2888 3358 3015 3421 qua

445 3434 723 3501 mediam
765 3433 1070 3501 vocabuli
1113 3435 1434 3522 syllabam
1480 3438 1785 3503 extritam
1830 3460 1975 3502 esse
2016 3438 2384 3522 significare
2438 3438 2634 3502 moris
2679 3448 2808 3520 est3
2855 3440 3014 3504 ἀπο-

447 3538 615 3616 κοπή
660 3546 905 3618 autem‚
950 3559 1070 3624 pro
1115 3560 1246 3623 qua
1288 3560 1606 3624 syncopes
1651 3560 1885 3604 nomen
1928 3540 2210 3604 fortasse
2264 3538 2588 3604 interdum
2644 3542 2797 3626 poni
2852 3540 3013 3605 vidi·
3096 3544 3103 3549 ’

445 3661 620 3721 ῐιιιιε,
677 3637 1009 3704 intellectu
1064 3661 1378 3726 syncopes
1439 3662 1568 3704 non
1623 3644 1923 3708 occurrit.
2026 3643 2152 3705 Pro
2214 3639 2550 3707 vocabulis
2618 3644 2897 3721 ςυγκοπή
2951 3652 3016 3707 et

446 3743 817 3817 ςυγκόπτειν
861 3751 1263 3828 usurpantur
1305 3742 1633 3809 ἐκκόπτειν
1680 3742 1758 3809 Ε.
1789 3744 1882 3807 Μ.
1913 3743 2068 3825 279,
2117 3744 2152 3808 7
2201 3745 2451 3820 λέγουςί
2496 3765 2662 3809 τινες
2706 3746 2826 3810 δύο
2873 3749 3010 3810 ςυλ-

447 3847 661 3923 λαβῶν
705 3843 964 3919 ἐγένετο
1012 3845 1309 3923 ςυγκοπή.
1398 3846 1500 3909 καὶ
1552 3851 1690 3910 πῶς
1747 3846 2010 3910 δύναται
2065 3845 2480 3925 τριςύλλαβον
2536 3846 2656 3911 δύο
2702 3847 3014 3927 ςυλλαβὰς

446 3945 850 4025 ἑκκεκόφθαι;
896 3945 1099 4024 αἴρειν
1143 3944 1224 4009 Ε.
1268 3944 1358 4009 Μ.
1404 3946 1550 4028 663,
1595 3946 1680 4011 54
1721 3949 2021 4026 Περίηρς;
2071 3948 2139 4011 ἐκ
2181 3951 2297 4012 τοῦ
2342 3948 2676 4029 περιήρης,
2733 3946 2893 4027 ἆρον
2937 3950 3013 4013 τὸ

447 4050 484 4124 ἦ
530 4046 831 4128 Περίηρς,
879 4046 1269 4129 ἀποβάλλειν
1325 4057 1390 4111 et
1442 4048 1735 4128 ἀποβολή
1792 4052 2100 4129 ςυλλαβῆς
2153 4048 2315 4112 Zon.
2360 4048 2484 4112 603
2539 4049 2775 4124 ἔγκαςιε
2832 4049 3012 4124 ἑγκά·

445 4170 601 4214 τοιςι
657 4147 952 4233 ἀποβολῇ
1006 4153 1119 4227 τῆς
1163 4152 1226 4213 δί
1272 4154 1581 4230 ςυλλαβῆς
1627 4151 1895 4227 έγκαςιν.
1969 4151 2086 4215 οὐκ
2142 4151 2267 4216 έςτι
2327 4152 2396 4215 δὲ
2441 4150 2750 4228 ςυγκοπή;
2819 4171 3011 4235 porro

448 4250 731 4330 ἔλλειψις
774 4248 868 4314 St.
900 4248 977 4312 B.
1009 4250 1126 4330 20,
1170 4250 1214 4313 4
1256 4250 1624 4327 Ἁγνώνειαῑ
1671 4253 1747 4317 τὸ
1792 4252 2043 4318 ἑθνικὸν
2089 4251 2503 4332 Ἁγνωνείτης
2548 4252 2680 4317 κατ’
2724 4251 3013 4330 ἔλλειψιν

447 4358 563 4418 τοῦ
608 4356 649 4415 ἇ
691 4388 777 4399 -
821 4353 1216 4433 ὑφαιρεῑςθαι
1262 4350 1358 4417 St.
1389 4351 1466 4416 B.
1510 4352 1617 4435 53,
1669 4353 1743 4416 17
1791 4354 2149 4435 ὑφαιρεῖται
2192 4354 2268 4419 τὸ
2314 4359 2356 4418 ἇ
2398 4354 2878 4433 Δικαιαρχείτης
2922 4375 3010 4417 sc.

447 4476 532 4518 ex
585 4454 1140 4536 Δικαιαρχειάτης,
1197 4455 1415 4536 ὕφεςις
1476 4452 1689 4519 Schol.
1736 4452 1822 4519 ad
1866 4455 2144 4540 Dionys.
2192 4454 2318 4519 850
2370 4457 2445 4521 τὸ
2504 4456 2878 4522 Εὐξαντίδα(
2929 4491 3015 4501 -

448 4556 669 4636 ὕφεςιν
714 4555 844 4635 ἔχει
889 4561 1005 4622 τοῦ
1051 4560 1092 4621 ’ά
1136 4555 1256 4640 (sc.
1303 4556 1386 4622 ab
1431 4554 1913 4640 Εὐξαντιάδος),
1960 4559 2158 4622 λείπει
2204 4559 2479 4638 ςυλλαβή
2525 4553 2605 4620 ΙΙ.
2635 4554 2743 4619 Pr.
2792 4555 2844 4619 Ω
2888 4556 3013 4619 213

447 4658 690 4723 ἄντιταε
740 4661 1014 4738 ςυλλαβὴ
1049 4660 1245 4723 λείπει
1284 4658 1323 4737 ἡ
1369 4664 1457 4740 τί,
1502 4663 1617 4724 τοῦ
1663 4658 1962 4725 ἐντελοῦς
2005 4657 2197 4725 ὄντος
2240 4660 2549 4741 ἀντίτιτα,
2596 4659 2663 4723 ἐκ
2692 4658 3013 4724 πλειόνων

449 4763 775 4841 ςυλλαβῶν
807 4760 894 4825 εἰς
924 4760 1323 4841 διςυλλαβίαν
1356 4764 1728 4839 μεταςτῆναι
1755 4782 1861 4846 ap.
1892 4760 2044 4826 Arc.
2073 4760 2172 4841 79,
2203 4760 2287 4824 24
2318 4760 2399 4831 de
2429 4761 2655 4831 δύςτος
2684 4767 2749 4824 et
2778 4760 3013 4829 πόςτος

448 4881 532 4925 ex
574 4862 880 4943 δύςτηνος
923 4870 988 4929 et
1030 4863 1307 4935 πόςατος
1351 4860 1517 4929 natis
1563 4861 1821 4929 dicitur.
