3664 5546
1171 410 1331 465 ΠΕΡΙ
1378 407 1770 464 ΚΑΘΟΛΙΚΗ(
1804 406 2227 462 ΠΡΟΕΩιΔΙΑ(
2273 407 2344 460 ΙΓ.
2918 405 3046 471 375

456 585 692 665 ὁμοίως
734 583 837 648 καὶ
867 557 1295 648 Θετίδειον.
1356 579 1484 643 ἔςτι
1526 579 1598 643 δὲ
1637 577 1742 641 καὶ
1779 577 1968 641 πόλις
2009 577 2350 656 Θεςςαλική
2395 575 2737 642 Θετίδειον.
2827 575 3044 641 Ἑλλά-

442 681 646 753 νικος.
725 686 975 761 λέγεται
1037 685 1108 749 δὲ
1172 682 1274 748 καὶ
1338 679 1716 745 θεςτίδειον.
1826 678 1954 743 ἔςτι
2016 678 2120 769 καὶ
2182 677 2366 757 λίμνη
2433 677 2719 761 Θρᾴκης,
2782 697 2913 756 παρ
2934 679 2948 700 ’
3002 680 3041 762 ᾗ

456 789 627 853 Νῦςα
672 787 927 866 χωρίον.
1016 788 1574 864 προπεριςπῶνται
1622 783 1688 847 δ’
1733 779 2005 862 ὁμοίως,
2060 779 2179 844 ὅςα
2221 779 2352 858 ἔχει
2398 779 2910 858 προϋπάρχοντα
2954 779 3044 845 εἰς

453 894 535 953 ο“ς
580 890 892 971 καθαρόν,
938 886 1436 966 παραληγόμενα
1478 885 1518 961 ἢ
1565 884 1744 966 μόνῳ
1774 888 1867 965 τῷ
1898 884 1929 946 ἶ
1972 882 2012 958 ἢ
2057 881 2552 960 προηγουμένου
2596 880 2796 946 αὐτοῦ
2840 885 2957 945 τοῦ
3002 884 3045 944 ἃ

453 991 611 1055 ὥςτε
657 988 822 1055 εἶναι
867 989 996 1067 πρὸ
1050 987 1280 1053 τέλους
1333 987 1450 1063 τὴν
1506 988 1568 1047 ᾶῑ
1614 984 1974 1064 δίφθογγον
2029 983 2068 1060 ἢ
2125 981 2243 1046 ὅςα
2297 982 2584 1064 κτητικά,
2642 982 3039 1061 Ἀςκληπι-
3071 989 3103 1039 5

453 1095 650 1157 εῖον·
695 1090 1065 1169 Ἀςκληπιός
1109 1077 1250 1166 γάρ.
1309 1087 1895 1165 Πτολεμαεῖον·
1939 1085 2347 1162 Πτολεμαῖος
2375 1084 2515 1162 γάρ.
2577 1084 3042 1164 Ὀλυμπιεῖα

450 1194 532 1257 τὰ
575 1192 893 1273 Ἀθήνηςι,
940 1190 1288 1269 Ὀλύμπιος
1332 1188 1480 1266 γάρ·
1526 1187 1652 1252 ἔςτι
1695 1187 1799 1251 καὶ
1844 1186 2256 1264 Ὀλυμπιεῖον
2302 1185 2505 1251 τόπος
2550 1185 2620 1251 ἐν
2663 1187 2903 1268 Δήλῳ,
2961 1187 3041 1251 ὃν

452 1294 770 1359 κτίςαντες
847 1291 909 1356 οἱ
975 1291 1295 1369 Ἀθηναῖοι
1370 1289 1678 1368 χρήμαςιν
1744 1288 2083 1365 Ἀδριανοῦ
2160 1286 2310 1351 νέας
2376 1286 2642 1365 Ἀθήνας
2708 1279 3040 1365 Ἀδριανὰς

452 1395 755 1461 ἐκάλεςαν
803 1394 893 1459 ὡς
936 1392 1205 1467 Φλέγων
1251 1391 1322 1457 ἐν
1369 1389 1820 1469 Ὀλυμπιάδων
1880 1388 1968 1453 ιε’.
2061 1388 2594 1452 Καπετωλιεῖα
2649 1387 2749 1452 καὶ
2797 1388 3041 1452 Καπε-

451 1500 741 1561 τωλεῖα
784 1495 854 1560 ἐν
903 1493 1279 1572 ςυναιρέςει·
1329 1491 1736 1557 Καπετώλιος
1779 1490 1920 1568 γάρ.
2008 1488 2553 1569 Ἀμμωνιεῖον·
2606 1491 2683 1556 τὸ
2728 1490 2852 1567 γὰρ
2898 1510 3040 1567 κτη-
3082 1495 3144 1547 10

450 1600 630 1663 τικὸν
675 1597 1027 1677 Ἀμμώνιος
1072 1581 1177 1659 δίὰ
1219 1598 1336 1659 τοῦ
1379 1596 1429 1657 ἶ.
1517 1591 2074 1670 προπαροξύνεται
2131 1591 2203 1655 δὲ
2256 1591 2336 1654 τὰ
2391 1591 2643 1669 κτητικὰ
2697 1591 2909 1668 ὥςπερ
2948 1592 3043 1655 τὰ

450 1698 778 1781 ἀρςενικά,
822 1697 1317 1776 Ἡράκλειον,
1346 1693 1750 1776 Αἰάκειον,
1790 1692 2406 1773 Διοςκούρειον,
2436 1692 3039 1776 Πλουτώνειον,

449 1798 1081 1880 Ποςειδώνειον,
1154 1797 1646 1877 Χαρώνειον,
1712 1794 2138 1876 Ἑλένειον,
2223 1793 2848 1876 Κλεοπάτρειον,
2914 1794 3039 1859 Τι-

449 1902 826 1981 μώνειον,
875 1899 1425 1979 Μαυςώλειον,
1488 1896 1983 1976 Καιςάρειον,
2028 1889 2479 1976 Ὁμήρειον,
2524 1895 3036 1975 Λαμπέτειον.

447 2003 524 2068 τὸ
571 2003 642 2066 δὲ
687 2001 1195 2080 Ἡφαιςτεῖον
1240 2000 1743 2077 προπεριςπᾶται
1799 1997 1903 2061 καὶ
1945 1997 2021 2060 τὸ
2071 1996 2656 2075 Κσρυβαντεῖον
2706 1998 2862 2063 ναὸς
2905 2002 3038 2064 τῶν
3076 2005 3138 2057 15

453 2102 889 2183 Κορυβάντων.

616 2205 710 2268 Τὰ
752 2203 856 2268 διὰ
899 2205 1018 2267 τοῦ
1063 2205 1199 2266 {no—v
1244 2201 1406 2279 ὑπὲρ
1450 2202 1622 2278 τρεῖς
1667 2200 1984 2280 ςυλλαβάς
2016 2200 2097 2278 μὴ
2129 2198 2288 2279 ὄντα
2319 2199 2425 2263 ἐπὶ
2451 2203 2736 2278 τεμενῶν
2780 2200 2819 2277 ἢ
2853 2200 3036 2279 κύρια

446 2310 1027 2385 προπεριςπῶνται,
1050 2303 1224 2367 ἁπλᾶ
1255 2302 1414 2367 ὄντα
1447 2302 1486 2379 ἢ
1520 2300 1964 2380 παραςύνθετα
1996 2304 2468 2383 θωρακεῖον,
2504 2306 2761 2365 πανδο
2781 2304 3032 2383 κεῖον,

447 2407 1034 2485 διδαςκαλεῖον,
1065 2405 1530 2485 βαλανεῖον,
1562 2402 1963 2484 ἐλεγεῖον,
1996 2402 2557 2483 ἐπιςκοπεῖον,
2588 2403 3032 2480 ἡμεροςκο-

444 2510 697 2573 πεῖον.
758 2506 885 2571 ἔςτι
930 2506 1034 2568 καὶ
1076 2504 1264 2568 πόλις
1312 2503 1708 2582 Κελτιβήρων
1751 2502 2423 2583 Ἡμεροςκοπεῖον
2466 2501 2791 2568 Φωκαέων
2837 2503 3023 2569 ἄποι-
3064 2514 3132 2564 20

447 2628 575 2673 κος.
674 2604 1132 2685 Ἀρτεμίδωρος
1196 2603 1477 2687 δευτέρῳ
1558 2603 1735 2687 λόγῳ
1814 2603 2439 2683 γεωγραφουμένων.
2526 2623 2804 2669 τεκτον
2823 2608 3030 2688 εῖον,

448 2709 845 2789 ἰαμβεῖον,
893 2704 1311 2788 ἀςωτεῖον,
1355 2707 1797 2788 δοκιμεῖον,
1840 2699 2424 2789 ἑςτιατορεῖον,
2480 2725 2630 2784 προ
2653 2710 3031 2791 ςωπεῖον,

447 2810 1071 2889 μορμολυκεῖον,
1127 2807 1459 2889 ἱερεῖον,
1505 2809 1985 2886 μεγαλλεῖον
2031 2805 2242 2886 ὄνομα
2286 2809 2491 2886 μύρου
2536 2807 2667 2873 ἀπὸ
2715 2808 3025 2886 Μεγάλου

446 2911 821 2976 (Σικελιώτου
866 2909 1173 2987 εὑρόντος
1218 2907 1393 2973 αὐτό.
1483 2912 2112 2990 ςκευοφορεῖον,
2157 2910 2233 2975 τὸ
2279 2908 2382 2973 ἐπὶ
2424 2914 2555 2975 τῶν
2600 2909 2794 2988 ὤμων
2840 2910 3030 2991 ἀμφί-

445 3017 667 3077 κοιλον
711 3010 939 3096 ξύλον,
985 3009 1111 3090 ἀφ’
1156 3007 1236 3073 οὗ
1281 3008 1603 3088 ἀπαρτῶςι
1647 3008 1821 3076 ξύλα.
1911 3013 2417 3092 ςκιραφεῖον,
2473 3010 2635 3089 ὅπερ
2681 3015 2869 3090 δηλοῖ
2911 3012 3027 3077 τὸν
3064 3022 3131 3072 25

444 3114 685 3195 τόπον,
731 3111 820 3177 εἰς
861 3113 943 3177 ὃν
990 3112 1052 3176 οἱ
1096 3111 1391 3193 κυβευταὶ
1448 3111 1697 3176 ςυνίαςι.
1785 3114 2182 3194 ταμιεῖον,
2243 3110 2425 3176 οἶκος
2481 3112 2551 3176 ἐν
2609 3111 2663 3195 ᾧ
2709 3113 2788 3176 τὰ
2832 3112 3028 3189 άναγ·

444 3219 592 3279 καῖα
635 3210 1011 3278 ἄπετίθεςαν
1057 3212 1148 3278 ὡς
1179 3212 1635 3292 Ἀριςτοφάνης
1663 3212 1767 3276 καὶ
1800 3212 2107 3290 Κρατῖνος
2137 3213 2240 3277 καὶ
2268 3215 2473 3277 ἄλλοι.
2534 3218 3029 3293 μαγειρεῖον,

444 3316 833 3397 ἰατρεῖον,
880 3317 1503 3397 βυρςοδεψεῖον,
1549 3317 2044 3396 δευτερεῖον,
2075 3313 2538 3380 ὀπτανεῖον·
2584 3316 2759 3393 παρὰ
2790 3317 2862 3380 δὲ
2891 3320 3028 3382 τοῖς

444 3418 745 3481 Ἀττικοῖς
799 3416 902 3479 καὶ
955 3415 1060 3479 διὰ
1113 3419 1229 3479 τοῦ
1277 3417 1307 3477 ῑ
1350 3416 1665 3496 γράφεται
1722 3416 1824 3480 καὶ
1879 3416 2435 3494 προπαροξύνεται
2490 3413 2636 3480 οἷον
2692 3415 3023 3483 ὀπτάνιον.

443 3539 528 3597 κη
546 3518 863 3596 ρυκεῖον
927 3517 1003 3581 τὸ
1070 3519 1419 3596 μονογενὲς
1484 3518 1589 3582 καὶ
1639 3517 2111 3597 προςηγορικόν
2126 3567 2145 3600 ,
2211 3518 2373 3598 ὅπερ
2437 3517 2754 3583 ἐπίςταται
2818 3521 2923 3584 καὶ
2982 3520 3022 3599 ἡ
3060 3526 3127 3580 3ο

441 3839 681 3892 bendum
733 3842 821 3889 est
874 3837 1256 3901 Ταφοςιρεῖον.
1343 3838 1590 3890 Alteram
1641 3844 1856 3905 partem
1908 3840 2035 3891 inde
2089 3856 2123 3890 a
2175 3842 2362 3892 verbis
2413 3842 2910 3906 προπεριςπῶνται
2962 3841 3022 3894 δ’

442 3905 653 3972 ὁμοίως
688 3906 726 3957 1.
763 3910 796 3957 3
830 3905 1038 3970 sumpsi
1074 3921 1143 3955 ex
1178 3906 1257 3955 St.
1297 3907 1359 3957 B.
1395 3922 1439 3962 e.
1481 3904 1847 3959 Καπετώλιον
1892 3907 2093 3960 collato
2127 3908 2507 3974 Theognost03
2559 3914 2861 3961 extremam
2896 3926 3021 3975 par-

441 3980 554 4025 tem
588 3975 714 4024 inde
755 3990 788 4023 a
822 3973 856 4026 l.
887 3976 945 4023 11
985 3972 1470 4038 προπαροξύνεται
1505 3973 1567 4026 δὲ
1601 3974 1674 4025 τὰ
1709 3974 1943 4040 κτητικὰ
1980 3992 2049 4026 ex
2085 3976 2284 4030 Arcad.
2314 3980 2426 4039 121,
2468 3979 2529 4028 16
2567 3977 2831 4027 constitui
2870 3977 3021 4028 addi·

440 4042 515 4091 tie
551 4057 618 4090 ex
655 4034 1010 4105 'theognosto
1046 4042 1355 4093 nominibus
1390 4040 1793 4095 Πλουτώνειον
1828 4071 1895 4079 -
1933 4041 2230 4107 Ὁμήρειον
2266 4049 2324 4093 et
2357 4043 2709 4106 Λαμπέτειον
2745 4060 2812 4094 ex
2849 4045 2928 4097 St.
2954 4046 3019 4094 B.

439 4134 508 4146 -
543 4109 679 4158 Cnm
713 4105 1118 4159 Πλουτώνειον
1154 4108 1226 4161 cf.
1262 4109 1431 4159 etiam
1468 4110 1545 4160 St.
1571 4110 1657 4160 B.:
1698 4109 2049 4174 Ἀμμὼνειον
2085 4109 2175 4162 διὰ
2208 4110 2518 4175 διφθόγγου
2555 4111 2634 4162 ὡς
2658 4109 3018 4176 Δημήτρειον

441 4175 532 4228 καὶ
569 4174 1004 4228 Ἀπολλὼνειον.
1026 4202 1094 4212 -
1119 4177 1203 4226 De
1240 4176 1502 4227 festorum
1537 4179 1848 4230 nominibus
1883 4178 1954 4229 cf.
1992 4178 2094 4228 An.
2120 4180 2219 4232 Ox.
2246 4180 2334 4228 111
2367 4181 2466 4230 277
2505 4183 2562 4229 et
2595 4179 2762 4230 Mein,
2799 4179 3020 4231 Gallim.

438 4262 493 4311 p.
528 4246 647 4305 228,
669 4242 805 4308 -ipee
840 4243 898 4292 in
936 4242 1347 4309 Orthographia
1382 4244 1453 4294 ad
1487 4245 1630 4295 haec
1661 4261 1952 4296 recurram.
1976 4272 2040 4282 —
2076 4247 2161 4297 De
2200 4247 2448 4297 omnibus
2483 4247 2793 4297 nominibus
2827 4247 3016 4298 videre

438 4313 570 4363 licet
603 4312 744 4361 Lob.
785 4309 853 4360 ad
890 4310 1184 4375 Phrynich.
1222 4327 1273 4376 p.
1309 4313 1411 4362 367
1447 4328 1599 4377 seqq.
1776 4313 1812 4365 l.
1855 4316 1915 4363 17
1955 4329 2052 4377 pro
2089 4311 2184 4364 ἐπὶ
2221 4314 2419 4378 μηνῶν
2464 4314 2658 4364 scribit
2692 4315 2881 4365 Iacobi
2924 4313 3016 4366 ἐπὶ

439 4379 710 4442 τεμενῶν.
762 4377 830 4427 de
869 4379 1183 4442 θωρακεῖον
1218 4384 1460 4429 testatur
1494 4380 1725 4431 Photius
1761 4397 1812 4446 p.
1841 4383 1908 4431 99
1943 4378 2296 4444 θωρακείοις;
2336 4379 2425 4432 διὰ
2459 4380 2790 4445 διφθόγγου·
2828 4380 3016 4433 οὕτως

438 4446 583 4498 αὐτὸ
620 4444 977 4510 Ἡρωδιανὸς.
1037 4446 1273 4497 Nomina
1306 4446 1434 4497 inde
1472 4447 1542 4497 ab
1580 4445 1938 4499 ἑπιιςκοπεῖον
1972 4463 2146 4513 usque
2184 4449 2253 4497 ad
2290 4452 2689 4513 ςκευοφορεῑον
2725 4450 2912 4514 recepi
2947 4465 3015 4499 ex

438 4515 683 4580 Theogn.
722 4516 835 4573 128,
872 4516 941 4565 30
981 4515 1194 4565 inserto
1243 4530 1312 4565 ex
1348 4516 1428 4564 St.
1464 4516 1526 4565 B.
1572 4516 1794 4580 proprio
1831 4515 2327 4581 Ἡμεροςκοπεῖονς
2367 4519 2715 4581 ςκιραφεῑον,
2762 4518 3013 4579 ταμιεῖον

439 4598 506 4633 ex
542 4583 622 4633 St.
660 4582 753 4644 Β.,
800 4585 1116 4645 μαγειρεῖον
1159 4609 1227 4617 -
1270 4581 1589 4646 δευτερεῖον
1635 4599 1703 4633 ex
1746 4584 1809 4634 E.
1847 4585 1920 4636 M.
1962 4586 2084 4645 187,
2125 4587 2187 4634 10
2230 4584 2327 4634 ubi
2372 4587 2467 4648 qui
2509 4600 2687 4634 canon
2732 4585 3015 4649 orthogra-

438 4649 633 4714 phicus
663 4649 895 4714 legitur,
935 4665 1002 4700 ex
1036 4649 1353 4700 Herodiano
1390 4652 1598 4715 petitus
1634 4655 1743 4710 est,
1783 4651 1942 4700 omisi
1977 4652 2197 4702 nomina
2233 4667 2267 4702 a
2304 4651 2618 4702 Christiano
2656 4653 3014 4718 epitomatore

439 4716 634 4767 addita
676 4719 1072 4781 πατριαρχεῖον
1116 4715 1636 4783 ὀρφανοτροφεῖον,
1684 4716 1992 4770 ὀπτανεῖον
2037 4735 2104 4769 ex
2149 4720 2216 4770 Ε.
2254 4719 2327 4769 Μ.
2366 4721 2492 4782 629,
2531 4722 2584 4781 ’1,
2633 4735 2793 4784 quem
2838 4721 3014 4770 locum

437 4785 546 4834 iam
582 4800 751 4849 supra
787 4798 830 4834 s.
865 4786 1175 4836 nominibus
1209 4785 1268 4835 in
1303 4790 1424 4835 v—tov
1462 4787 1737 4851 proposui.
1796 4787 1882 4836 De
1920 4788 2215 4851 κηρυκεῖον
2246 4787 2403 4838 Theo
2483 4824 2496 4837 .
2534 4788 2648 4849 128,
2684 4790 2776 4838 31:
2814 4788 2884 4840 τὸ
2920 4802 3014 4853 κη-

433 4853 660 4916 ρυκεῖον
695 4850 766 4902 τὸ
803 4851 1105 4914 μονογενὲς
1141 4852 1232 4905 καὶ
1255 4853 1703 4919 ,προςηγορικόν,
1743 4852 1887 4918 ὅπερ
1931 4852 2220 4908 ἐπίςταται
2266 4855 2357 4908 καὶ
2476 4852 2765 4920 ςυνήθεια,
2802 4855 2873 4909 τὸ
2909 4855 3016 4922 γὰρ
