3664 5546
707 346 955 394 LXXXII
1774 345 2192 393 PRAEFATIO.

705 501 887 564 cuius
943 500 1340 564 exactiorem
1393 498 1829 583 cognitionem
1884 499 2055 564 hunc
2111 497 2349 564 librum
2404 521 2445 563 a
2496 499 2768 564 Lehrsio
2822 499 3283 564 resuscitatum

707 611 772 666 et
815 600 1078 688 quidem
1121 603 1242 684 ita,
1291 599 1468 688 quod
1512 601 1779 665 maximi
1809 602 2116 665 momenti
2160 622 2302 666 esse
2330 601 2567 683 voluit,
2613 610 2686 667 ut
2729 603 3087 667 orationem
3133 624 3284 689 quo-

703 727 828 790 que
872 703 1121 770 nullam
1172 703 1542 769 audiremus
1598 703 1724 768 nisi
1766 702 2288 785 Herodianeam,
2345 703 2591 771 aditum
2649 706 2980 790 aperuisse
3035 725 3284 771 summo

701 809 841 870 iure
885 806 1392 892 praedicandum
1455 815 1573 870 est.
1663 806 1884 885 Quare
1937 806 2378 891 gratissimum
2433 805 2591 868 mihi
2645 805 2802 870 fecit
2856 807 2961 871 vir
3003 805 3283 871 clarissi-

700 930 878 989 muS,
923 907 1096 994 quod
1140 908 1458 973 concessit
1501 916 1576 971 ut
1617 907 1775 971 mihi
1819 906 2044 973 liceret
2088 906 2357 973 Iliacam
2383 906 2765 972 Prosodiam
2808 909 2903 972 sic
2933 908 3174 973 iterum
3217 908 3281 970 in

699 1008 909 1073 lucem
954 1012 1277 1093 emittere,
1324 1018 1399 1073 ut
1429 1008 1513 1074 ab
1543 1009 1686 1095 ipso
1716 1010 1999 1095 primum
2038 1009 2215 1075 edita
2258 1019 2377 1074 est.
2441 1009 2673 1096 Itaque
2719 1010 2824 1075 hic
2853 1010 3000 1075 fons
3048 1009 3283 1075 doctri-

697 1134 819 1176 nae
875 1111 1358 1194 Herodianeae,
1415 1112 1522 1176 cui
1576 1110 1945 1177 claritatem
2000 1134 2184 1176 suam
2238 1112 2525 1177 restituit
2578 1111 2920 1193 Lehrsius,
2973 1110 3281 1198 limpidus

696 1222 770 1277 ut
815 1224 1009 1279 antea
1051 1213 1345 1280 manabit
1385 1212 1569 1277 nulla
1611 1214 1870 1300 impura
1911 1215 2171 1298 guttula
2214 1236 2482 1300 aspersa
2523 1214 2922 1300 inquinatus,

867 1315 1418 1401 Compositionem
1462 1314 1704 1380 Iliacae
1748 1315 2132 1398 Prosodiae,
2178 1317 2272 1380 ita
2313 1326 2388 1381 ut
2431 1339 2470 1379 a
2498 1316 2770 1381 Lehrsio
2801 1316 3122 1381 adornata
3164 1325 3295 1395 est,

699 1441 775 1482 eo
819 1420 1232 1503 permittente
1276 1427 1351 1482 ut
1382 1417 1519 1482 dixi
1549 1418 1861 1482 intactam
1891 1418 2155 1505 reliqui,
2201 1418 2363 1482 nihil
2409 1418 2632 1484 addidi
2665 1418 2819 1503 (imo
2852 1426 3108 1484 tantum
3143 1417 3280 1483 loco

696 1523 746 1586 Α
775 1520 859 1584 59
904 1519 1427 1585 observationem
1472 1518 1794 1584 excidisse
1824 1519 2200 1606 adnotavi),
2245 1518 2407 1583 nihil
2442 1519 2711 1607 dempsi,
2758 1522 2852 1585 ita
2891 1529 2965 1585 ut
2995 1519 3065 1584 in
3096 1530 3280 1585 textu

696 1622 808 1707 qui
854 1621 1116 1703 dicitur,
1174 1619 1334 1685 nihil
1377 1620 1504 1684 nisi
1547 1619 1722 1707 quod
1777 1643 1818 1685 a
1858 1620 2129 1686 Lehrsio
2173 1623 2459 1708 positum
2505 1622 2620 1702 sit,
2671 1623 3066 1686 inveniatur.
3157 1622 3279 1685 Ne·

696 1746 821 1810 que
874 1724 939 1787 in
998 1724 1308 1788 orationis
1363 1721 1879 1787 conformatione
1933 1733 2046 1788 aut
2108 1724 2177 1787 in
2243 1722 2511 1808 singulis
2567 1723 2786 1788 verbis
2830 1723 3281 1803 emendandis,

697 1847 1088 1912 quamquam
1132 1824 1340 1890 libera
1381 1824 1538 1888 mihi
1583 1825 1877 1889 mutandi
1924 1826 2117 1889 venia
2160 1847 2199 1889 a
2240 1824 2511 1889 Lehrsio
2558 1825 2713 1890 data
2757 1834 2888 1906 est,
2934 1847 2975 1888 a
3018 1847 3279 1912 praece-

698 1937 883 2012 ptore
929 1926 1308 1992 discedendi
1363 1927 1715 1990 necessitas
1761 1935 1875 1990 aut
1928 1936 2216 2013 potestas
2272 1927 2431 2009 fuit,
2477 1950 2628 1994 nam
2681 1927 2921 2013 ubique
2964 1928 3278 1992 orationis

693 2039 883 2093 tenor
926 2038 992 2093 et
1037 2028 1294 2093 omissis
1340 2026 1596 2109 verbiS,
1650 2048 1818 2114 quae
1874 2029 1958 2093 ab
2015 2031 2439 2115 epitomatore
2494 2029 2821 2093 inculcata
2875 2037 3026 2092 sunt
3079 2039 3146 2093 et
3191 2030 3281 2091 in-

696 2132 921 2211 sertis,
983 2153 1149 2217 quae
1207 2130 1289 2195 ad
1346 2131 1727 2195 sententiam
1786 2129 2213 2216 supplendam
2256 2118 2715 2223 requiruntur,
2771 2132 2867 2195 ita
2922 2153 2962 2194 a
3004 2130 3281 2195 Lehrsio

695 2233 1036 2298 restitutus
1082 2242 1211 2310 est,
1273 2241 1347 2297 ut
1400 2233 1752 2318 perfectius
1797 2232 1953 2318 quid
1997 2233 2066 2296 in
2108 2232 2229 2297 hoc
2273 2255 2510 2316 genere
2564 2233 2681 2297 vix
2731 2233 3003 2317 cogitari
3048 2232 3279 2317 possit,

694 2344 760 2399 et
804 2332 1206 2419 singulorum
1251 2334 1599 2398 verborum
1645 2333 2053 2419 corruptelae
2095 2335 2191 2398 ita
2219 2336 2599 2400 emendatae
2644 2343 2825 2415 sunt,
2871 2344 2946 2399 ut
2991 2334 3073 2398 de
3116 2334 3281 2409 veri-

694 2445 830 2501 tate
873 2459 955 2501 ne
1001 2435 1324 2501 dubitatio
1369 2437 1633 2523 quidem
1680 2434 2100 2521 relinquatur.
2190 2435 2531 2501 Nonnullis
2590 2435 2747 2501 locis
2792 2436 3278 2502 emendationes

692 2539 895 2624 ipsius
940 2537 1228 2620 Lehrsii,
1288 2562 1447 2625 quas
1504 2539 1572 2602 in
1627 2545 1816 2600 textu
1873 2558 2111 2621 ponere
2162 2539 2483 2603 modestia
2535 2537 2898 2623 prohibitus
2945 2548 3081 2620 est,
3142 2538 3278 2601 sine

691 2640 1123 2705 haesitatione
1178 2643 1426 2726 recepi,
1498 2641 1564 2703 in
1618 2640 1961 2725 perpaucis
2017 2647 2273 2704 tantum
2326 2638 2585 2704 Lehrsii
2647 2641 3037 2726 scripturam
3096 2641 3276 2703 dese-

692 2744 815 2808 rui.
903 2742 1110 2807 Notas
1155 2743 1447 2824 Lehrsii,
1494 2763 1660 2828 quae
1717 2742 1783 2806 in
1826 2742 2041 2827 ipsum
2094 2750 2348 2806 textum
2392 2743 2677 2807 insertae
2722 2751 2837 2808 aut
2879 2743 2946 2807 in
2990 2740 3120 2806 fine
3166 2740 3275 2806 ad-

690 2848 1047 2909 notamenti
1090 2847 1344 2932 positae
1401 2852 1620 2924 erant,
1676 2843 2058 2930 plerumque
2115 2844 2237 2907 sub
2283 2854 2533 2909 textum
2576 2846 2799 2930 posui,
2857 2842 3015 2907 alias
3063 2845 3273 2922 omisi,

691 2946 852 3011 alias
909 2949 975 3011 in
1030 2948 1295 3013 brevius
1351 2947 1680 3025 contraxi,
1727 2945 1888 3009 alias
1903 2993 1920 3026 ,
1966 2967 2239 3029 quarum
2284 2954 2497 3010 tamen
2551 2969 2855 3011 numerus
2910 2965 3274 3031 perparvus

690 3058 821 3131 est,
880 3050 960 3113 de
1005 3071 1148 3113 meo
1194 3049 1427 3113 adieci.
1504 3047 1731 3132 Neque
1774 3045 2096 3126 diffiteor,
2154 3048 2279 3110 nisi
2334 3049 2703 3135 redemptor
2753 3048 3273 3127 honestissimae,

690 3152 802 3236 qui
857 3149 1105 3214 nullum
1161 3149 1521 3213 Herodiani
1576 3148 1887 3232 scriptum
1951 3149 2020 3210 in
2086 3169 2233 3211 mea
2288 3149 2567 3215 editione
2634 3150 2988 3214 desiderari
3044 3150 3271 3227 voluit,

691 3274 731 3314 a
773 3273 876 3315 me
920 3253 1425 3334 recognitionem
1481 3250 1676 3314 trium
1720 3250 1917 3312 etiam
1962 3249 2347 3335 scriptorum
2394 3273 2434 3314 a
2475 3252 2749 3316 Lehrsio
2795 3252 3117 3316 editorum
3160 3249 3269 3314 fla-

691 3354 995 3469 gitasset,
1043 3374 1146 3415 me
1191 3374 1520 3436 nunquam
1551 3349 1783 3415 horum
1827 3352 2220 3437 scriptorum
2274 3352 2611 3418 consilium
2668 3365 3009 3439 capturum
3064 3353 3271 3417 fuisse

691 3453 925 3516 iterum
965 3455 1033 3516 in
1079 3452 1288 3518 lucem
1334 3453 1855 3517 emittendorum.
1944 3453 2112 3517 Nam
2154 3464 2304 3540 post
2346 3455 2721 3538 Lehrsium,
2781 3457 2963 3520 cuius
3019 3455 3269 3520 artibus

689 3554 850 3618 nihil
906 3555 1146 3618 certius
1202 3555 1480 3620 inveniri
1536 3564 1778 3640 potest,
1834 3555 1996 3620 haec
2049 3557 2176 3622 tria
2229 3559 2476 3644 scripta
2530 3557 2725 3623 edere
2768 3559 2991 3623 conari
3034 3558 3271 3621 nimiae

690 3664 790 3719 est
835 3655 1181 3738 audaciae,
1228 3658 1410 3721 cuius
1455 3678 1558 3720 me
1602 3679 1782 3721 reum
1828 3657 2063 3722 facio
2046 3659 2251 3743 ipsius
2298 3659 2562 3725 editoris
2611 3643 2970 3725 voluntate.

689 3917 967 3978 ποταμοιο
1015 3915 1150 3967 ἔπος
1195 3913 1258 3965 τ’
1304 3912 1503 3977 ἔφατ’;
1559 3914 1790 3980 Πτολεμ
1795 3919 1914 3968 αἲο(
1961 3915 1993 3968 ὁ
2028 3916 2244 3983 Πινδαρ
2249 3914 2353 3969 (mv
2395 3916 2501 3968 τὸν
2544 3914 2635 3967 καί
2679 3914 2982 3980 εύνδεεμον
3026 3917 3117 3968 καὶ
3160 3915 3268 3979 τὴν

686 3982 714 4033 ἕ
759 3981 1121 4047 ἀντωνυμίαν
1158 3981 1437 4046 ἐνόμιζεν,
1483 3980 1567 4033 ἵν’
1611 3984 1644 4050 ᾖ
1692 3985 1781 4035 καὶ
1817 3983 1998 4035 αὐτὸν
2032 3985 2165 4037 τόδε
2203 3932 2366 4037 ερῖπεν
2400 3983 2450 4035 ἲ(
2493 3983 2735 4046 ἀνέμοιο.
2775 3988 2837 4033 V.
2876 4013 2937 4021 -
2975 3988 3072 4035 542
3110 3997 3266 4047 (φε-

687 4051 941 4105 ὸανῶν;
991 4050 1396 4116 περιεπαετέον
1444 4049 1522 4102 ὡς
1568 4054 1883 4115 (τεφανῶν.
1930 4054 1995 4106 V.
2043 4080 2104 4090 —-
2150 4053 2192 4105 Χ
2240 4057 2340 4104 336
2393 4052 2624 4104 ἀϊκῶςτ
2681 4051 2734 4103 οἱ
2779 4051 2882 4114 μέν
2927 4051 3265 4115 διευλλάβωε

687 4120 831 4171 αὐτὸ
880 4119 1292 4184 προφέρονται,
1345 4117 1398 4170 οἱ
1442 4118 1503 4170 δὲ
1548 4118 1908 4171 (υνεετάλθαι
1953 4120 2100 4183 φαεί.
2180 4122 2512 4185 περιεπᾶται
2562 4119 2639 4171 δέ.
2685 4121 2747 4168 V.
2802 4148 2864 4156 -
2918 4121 2966 4172 Ψ
3012 4125 3075 4172 72
3127 4116 3265 4183 τῆλέ

687 4203 791 4249 μετ
846 4187 1130 4239 ἀπόλυτο(
1183 4187 1218 4250 ἡ
1268 4185 1350 4250 μέ.
1399 4190 1458 4238 V.
1506 4215 1571 4223 -—
1618 4191 1719 4238 465
1763 4188 1867 4252 ἦε;
1921 4187 2105 4254 ἑρωτη
2111 4191 2372 4252 ματικῶε.
2428 4187 2513 4239 διὸ
2569 4190 3028 4252 προπεριεπᾶται.
3082 4191 3145 4242 V.
3200 4211 3262 4221 -

684 4259 783 4306 858
820 4256 852 4308 ὁ
888 4256 948 4307 δ’
984 4254 1247 4307 οῖεεται
1284 4255 1785 4320 ἀμφιπέλεκκατ
1824 4256 1927 4307 δύο
1966 4255 2103 4322 μέρη
2142 4256 2255 4308 eci-l
2292 4256 2491 4319 λόγου,
2530 4255 2562 4306 ὁ
2588 4257 2679 4307 καὶ
2715 4255 2776 4307 δέ
2815 4254 2924 4320 [διὸ
2963 4258 3263 4320 βαρυτονη-

684 4322 818 4375 τέον
858 4323 1105 4389 seclusiJ·
1144 4322 1211 4375 οὐ
1248 4323 1353 4389 γὰρ
1388 4323 1626 4375 δείκνυει
1661 4323 1767 4388 ἤδη
1802 4324 1909 4376 τὸν
1946 4273 2172 4376 οῐεοντα
2206 4324 2279 4375 τὰ
2314 4322 2728 4389 ἀμφιπέλεκκα,
2777 4322 2922 4375 ἀλλὰ
2957 4324 3100 4376 κατὰ
3135 4323 3263 4374 ἀνα-

684 4391 870 4456 φορὰν
905 4390 1296 4456 ἀποφαίνεται.
1331 4394 1393 4443 Α.
1431 4419 1494 4428 —-
1540 4390 1583 4442 Ω
1616 4395 1719 4444 400
1755 4392 1940 4443 οὕτω(
1987 4395 2128 4443 τῶν
2179 4391 2344 4455 μέτα
2388 4391 2787 4456 ἀναετρέφουει
2831 4392 2939 4456 τὴν
2986 4391 3261 4456 πρόθεειν.

684 4459 798 4511 ἔετι
831 4459 938 4524 γὰρ
987 4459 1126 4522 μετὰ
1171 4463 1306 4511 τῶν.
1345 4463 1406 4511 Α.
1442 4488 1507 4495 —-—
1542 4463 1643 4510 453
1687 4459 1756 4511 τὸ
1794 4458 2076 4524 έπιβλή(
2123 4459 2201 4512 ὠ(
2245 4459 2316 4510 τὸ
2360 4461 2608 4525 προβλὴς
2644 4460 2917 4513 ὀξύνεται.
3001 4462 3121 4512 ΒΜ.
3158 4462 3262 4509 Ειι-

684 4529 850 4582 stath.
888 4528 958 4578 ad
997 4530 1048 4581 h.
1088 4530 1122 4578 l.
1161 4546 1213 4594 p.
1257 4530 1413 4588 1359,
1463 4531 1511 4589 7,
1555 4529 1927 4579 Aristarchum
1971 4525 2201 4593 ἑπίβληε
2246 4529 2527 4592 scripsisse
2575 4530 2761 4579 refert.
2808 4556 2871 4564 —
2920 4531 3020 4580 496
3065 4527 3166 4593 ὑφ’
3200 4523 3261 4576 ἓν

573 4613 582 4616 -
682 4595 752 4647 τὸ
790 4595 1210 4647 ἐννεακαίδεκα·
1247 4593 1547 4658 Πάμφιλος
1583 4593 1644 4646 δὲ
1682 4594 1760 4646 εἰ(
1793 4594 1921 4660 τρία
1957 4595 2129 4661 διῄρει
2166 4596 2325 4660 (Cod.
2360 4595 2607 4678 διῄρηεε)
2654 4596 2808 4662 μέρη.
2845 4597 2906 4646 B.
2942 4624 3007 4632 —
3042 4600 3141 4647 569
3178 4591 3260 4657 μή

684 4676 742 4713 (ε
777 4663 944 4728 γέρον
980 4663 1110 4715 οὐδ’
1145 4663 1349 4715 αὐτόνε
1396 4663 1676 4727 ἑγκλιτικὴ
1714 4666 1820 4713 νῦν
1855 4663 2003 4714 ἐςτιν
2049 4663 2083 4725 ή
2132 4664 2189 4714 (ἑ
2233 4662 2559 4727 ἀντωνυμία
2595 4666 2686 4715 καὶ
2721 4665 2834 4716 έετι
2870 4663 2938 4715 τὸ
2972 4664 3095 4729 ἐξῆ(
3133 4660 3262 4715 οὐδ’

685 4729 863 4781 αὐτόν
898 4747 971 4783 (ε.
1047 4732 1119 4795 ομ
1122 4731 1257 4783 οίω(
1294 4730 1397 4781 οὖν
1434 4729 1826 4793 ἀναγνωετέον
1862 4735 1946 4796 τῷ
1983 4732 2100 4796 «μή
2142 4746 2200 4783 (ε
2237 4730 2404 4796 γέρον
2441 4731 2728 4798 κοίλῃειν»
2764 4733 2851 4797 (11.
2891 4734 2934 4784 Α
2973 4733 3078 4798 26).
3148 4730 3275 4783 ἐκεῖ.

688 4796 876 4858 μέντοι
913 4799 975 4850 ἐν
1011 4800 1273 4864 διαετολῇ
1311 4798 1429 4863 «μὴ
1468 4797 1527 4848 (έ
1562 4797 1626 4862 γ’
1661 4797 1724 4850 έν
1759 4785 2024 4865 ἀμφιᾶλῳ
2066 4798 2287 4865 Ἰθάκῃ»
2325 4802 2450 4866 (Οεὶ.
2486 4816 2522 4852 α
2557 4801 2697 4866 386).
2734 4806 2794 4852 A.
