<?xml version="1.0" encoding="UTF-8"?>
<!DOCTYPE html PUBLIC "-//W3C//DTD XHTML 1.0 Transitional//EN"
    "http://www.w3.org/TR/xhtml1/DTD/xhtml1-transitional.dtd">
<html xmlns="http://www.w3.org/1999/xhtml" xml:lang="en" lang="en">
 <head>
  <title>
</title>
<meta http-equiv="Content-Type" content="text/html;charset=utf-8" />
  <meta name='ocr-system' content='tesseract 3.04.00' />
  <meta name='ocr-capabilities' content='ocr_page ocr_carea ocr_par ocr_line ocrx_word'/>
</head>
<body>
  <div class='ocr_page' id='page_1' title='image "./grammaticigraec02unkngoog_0463.png"; bbox 0 0 3664 5546; ppageno 0'>
   <div class='ocr_carea' id='block_1_1' title="bbox 1261 290 3121 460">
    <p class='ocr_par' dir='ltr' id='par_1_1' title="bbox 1261 290 3121 460">
     <span class='ocr_line' id='line_1_1' title="bbox 1347 290 1368 326; baseline 0 0"><span class='ocrx_word' id='word_1_1' title='bbox 1347 290 1368 326; x_wconf 73' lang='grc' dir='ltr'>ι</span> 
     </span>
     <span class='ocr_line' id='line_1_2' title="bbox 1261 395 3121 460; baseline 0.004 -7"><span class='ocrx_word' id='word_1_2' title='bbox 1261 398 1419 453; x_wconf 87' lang='grc' dir='ltr'>ΠΕΡΙ</span> <span class='ocrx_word' id='word_1_3' title='bbox 1461 396 1852 453; x_wconf 78' lang='grc' dir='ltr'>ΚΑΘΟΛΙΚΗ(</span> <span class='ocrx_word' id='word_1_4' title='bbox 1888 395 2308 452; x_wconf 75' lang='grc' dir='ltr'>ΠΡΟΕΩιΔΙΑ(</span> <span class='ocrx_word' id='word_1_5' title='bbox 2358 399 2416 450; x_wconf 91' lang='grc' dir='ltr'>Η.</span> <span class='ocrx_word' id='word_1_6' title='bbox 2997 395 3121 460; x_wconf 83' lang='grc'>217</span> 
     </span>
    </p>
   </div>
   <div class='ocr_carea' id='block_1_2' title="bbox 548 568 3230 3517">
    <p class='ocr_par' dir='ltr' id='par_1_2' title="bbox 554 568 3229 2086">
     <span class='ocr_line' id='line_1_3' title="bbox 725 568 3123 651; baseline -0.002 -14"><span class='ocrx_word' id='word_1_7' title='bbox 725 572 817 637; x_wconf 85' lang='grc' dir='ltr'>Τὰ</span> <span class='ocrx_word' id='word_1_8' title='bbox 872 571 959 637; x_wconf 87' lang='grc' dir='ltr'>εἰς</span> <span class='ocrx_word' id='word_1_9' title='bbox 1015 573 1158 635; x_wconf 68' lang='grc' dir='ltr'>ξῖ-ος</span> <span class='ocrx_word' id='word_1_10' title='bbox 1215 569 1557 651; x_wconf 82' lang='grc' dir='ltr'>διςύλλαβα</span> <span class='ocrx_word' id='word_1_11' title='bbox 1601 574 1919 649; x_wconf 84' lang='grc' dir='ltr'>μονογενῆ</span> <span class='ocrx_word' id='word_1_12' title='bbox 1985 568 2304 651; x_wconf 83' lang='grc' dir='ltr'>ὀξύνεται,</span> <span class='ocrx_word' id='word_1_13' title='bbox 2370 569 2424 633; x_wconf 82' lang='grc' dir='ltr'>εἰ</span> <span class='ocrx_word' id='word_1_14' title='bbox 2489 571 2569 649; x_wconf 89' lang='grc' dir='ltr'>μῆ</span> <span class='ocrx_word' id='word_1_15' title='bbox 2626 571 2664 647; x_wconf 85' lang='grc' dir='ltr'>ἡ</span> <span class='ocrx_word' id='word_1_16' title='bbox 2721 570 2847 645; x_wconf 91' lang='grc' dir='ltr'>πρό</span> <span class='ocrx_word' id='word_1_17' title='bbox 2898 569 3123 634; x_wconf 89' lang='grc' dir='ltr'>τέλους</span> 
     </span>
     <span class='ocr_line' id='line_1_4' title="bbox 557 670 3124 755; baseline -0.002 -15"><span class='ocrx_word' id='word_1_18' title='bbox 557 676 830 755; x_wconf 87' lang='grc' dir='ltr'>ςυλλαβὴ</span> <span class='ocrx_word' id='word_1_19' title='bbox 886 674 1023 753; x_wconf 84' lang='grc' dir='ltr'>ἔχοι</span> <span class='ocrx_word' id='word_1_20' title='bbox 1077 695 1134 739; x_wconf 94' lang='grc' dir='ltr'>τι</span> <span class='ocrx_word' id='word_1_21' title='bbox 1189 678 1319 740; x_wconf 85' lang='grc' dir='ltr'>τῶν</span> <span class='ocrx_word' id='word_1_22' title='bbox 1375 675 1561 753; x_wconf 90' lang='grc' dir='ltr'>φύςει</span> <span class='ocrx_word' id='word_1_23' title='bbox 1617 673 1938 753; x_wconf 87' lang='grc' dir='ltr'>βραχέων,</span> <span class='ocrx_word' id='word_1_24' title='bbox 1991 671 2235 754; x_wconf 86' lang='grc' dir='ltr'>ἱςτός,</span> <span class='ocrx_word' id='word_1_25' title='bbox 2300 672 2427 736; x_wconf 80' lang='grc' dir='ltr'>ἔςτι</span> <span class='ocrx_word' id='word_1_26' title='bbox 2483 673 2584 735; x_wconf 89' lang='grc' dir='ltr'>καὶ</span> <span class='ocrx_word' id='word_1_27' title='bbox 2635 675 2825 749; x_wconf 94' lang='grc' dir='ltr'>νῆςος</span> <span class='ocrx_word' id='word_1_28' title='bbox 2878 670 3124 752; x_wconf 90' lang='grc' dir='ltr'>Λιβύης.</span> 
     </span>
     <span class='ocr_line' id='line_1_5' title="bbox 558 770 3121 858; baseline -0.003 -17"><span class='ocrx_word' id='word_1_29' title='bbox 558 776 838 856; x_wconf 81' lang='grc' dir='ltr'>(ηςτός</span> <span class='ocrx_word' id='word_1_30' title='bbox 882 777 1067 842; x_wconf 93' lang='grc' dir='ltr'>πόλις</span> <span class='ocrx_word' id='word_1_31' title='bbox 1111 777 1273 856; x_wconf 88' lang='grc' dir='ltr'>πρὸς</span> <span class='ocrx_word' id='word_1_32' title='bbox 1318 783 1393 858; x_wconf 85' lang='grc' dir='ltr'>τῇ</span> <span class='ocrx_word' id='word_1_33' title='bbox 1424 775 1837 853; x_wconf 82' lang='grc' dir='ltr'>Προποντίδι.</span> <span class='ocrx_word' id='word_1_34' title='bbox 1887 775 2131 850; x_wconf 87' lang='grc' dir='ltr'>λέγεται</span> <span class='ocrx_word' id='word_1_35' title='bbox 2181 775 2251 838; x_wconf 78' lang='grc' dir='ltr'>δὲ</span> <span class='ocrx_word' id='word_1_36' title='bbox 2281 773 2619 852; x_wconf 86' lang='grc' dir='ltr'>ἀρςενικῶς</span> <span class='ocrx_word' id='word_1_37' title='bbox 2653 774 2812 852; x_wconf 80' lang='grc' dir='ltr'>παρ’</span> <span class='ocrx_word' id='word_1_38' title='bbox 2843 770 3121 852; x_wconf 84' lang='grc' dir='ltr'>Ἐφόρῳ·</span> 
     </span>
     <span class='ocr_line' id='line_1_6' title="bbox 557 872 3120 962; baseline -0.004 -19"><span class='ocrx_word' id='word_1_39' title='bbox 557 880 619 943; x_wconf 83' lang='grc' dir='ltr'>οἱ</span> <span class='ocrx_word' id='word_1_40' title='bbox 675 880 746 944; x_wconf 79' lang='grc' dir='ltr'>δὲ</span> <span class='ocrx_word' id='word_1_41' title='bbox 792 880 1109 958; x_wconf 88' lang='grc' dir='ltr'>Ἀθηναῖοι</span> <span class='ocrx_word' id='word_1_42' title='bbox 1166 879 1279 943; x_wconf 79' lang='grc' dir='ltr'>«ἐν</span> <span class='ocrx_word' id='word_1_43' title='bbox 1334 885 1410 960; x_wconf 86' lang='grc' dir='ltr'>τῇ</span> <span class='ocrx_word' id='word_1_44' title='bbox 1477 876 1728 962; x_wconf 81' lang='grc' dir='ltr'>(ηςτῷ»</span> <span class='ocrx_word' id='word_1_45' title='bbox 1787 898 1996 956; x_wconf 91' lang='grc' dir='ltr'>φαςιν.</span> <span class='ocrx_word' id='word_1_46' title='bbox 2071 877 2390 959; x_wconf 89' lang='grc' dir='ltr'>παςτός,</span> <span class='ocrx_word' id='word_1_47' title='bbox 2457 876 2768 957; x_wconf 88' lang='grc' dir='ltr'>μαςτός,</span> <span class='ocrx_word' id='word_1_48' title='bbox 2832 872 3120 941; x_wconf 94' lang='grc' dir='ltr'>ξυςτός.</span> 
     </span>
     <span class='ocr_line' id='line_1_7' title="bbox 561 977 3184 1059; baseline -0.001 -15"><span class='ocrx_word' id='word_1_49' title='bbox 561 981 897 1059; x_wconf 90' lang='grc' dir='ltr'>Κραςτός</span> <span class='ocrx_word' id='word_1_50' title='bbox 952 980 1136 1046; x_wconf 89' lang='grc' dir='ltr'>πόλις</span> <span class='ocrx_word' id='word_1_51' title='bbox 1179 980 1454 1045; x_wconf 77' lang='grc' dir='ltr'>(ἶικελίας</span> <span class='ocrx_word' id='word_1_52' title='bbox 1499 984 1628 1044; x_wconf 86' lang='grc' dir='ltr'>τῶν</span> <span class='ocrx_word' id='word_1_53' title='bbox 1673 977 1972 1046; x_wconf 67' lang='grc' dir='ltr'>(Σικανῶν.</span> <span class='ocrx_word' id='word_1_54' title='bbox 2058 978 2348 1043; x_wconf 88' lang='grc' dir='ltr'>Φίλιςτος</span> <span class='ocrx_word' id='word_1_55' title='bbox 2402 978 2733 1043; x_wconf 76' lang='grc' dir='ltr'>(ἶικελικῶν</span> <span class='ocrx_word' id='word_1_56' title='bbox 2784 981 3120 1056; x_wconf 80' lang='grc' dir='ltr'>τριςκαιδε·</span> <span class='ocrx_word' id='word_1_57' title='bbox 3151 992 3184 1042; x_wconf 84' lang='lat'>5</span> 
     </span>
     <span class='ocr_line' id='line_1_8' title="bbox 556 1079 3123 1167; baseline -0.002 -19"><span class='ocrx_word' id='word_1_58' title='bbox 556 1084 743 1167; x_wconf 80' lang='grc' dir='ltr'>κάτω.</span> <span class='ocrx_word' id='word_1_59' title='bbox 790 1131 794 1137; x_wconf 20' lang='grc' dir='ltr'><strong>Δ</strong></span> <span class='ocrx_word' id='word_1_60' title='bbox 835 1083 873 1147; x_wconf 91' lang='grc' dir='ltr'>Γ</span> <span class='ocrx_word' id='word_1_61' title='bbox 887 1083 1164 1161; x_wconf 91' lang='grc' dir='ltr'>ραςτός</span> <span class='ocrx_word' id='word_1_62' title='bbox 1219 1086 1369 1162; x_wconf 75' lang='grc' dir='ltr'>παῖς</span> <span class='ocrx_word' id='word_1_63' title='bbox 1427 1082 1797 1163; x_wconf 85' lang='grc' dir='ltr'>Μυγδόνος,</span> <span class='ocrx_word' id='word_1_64' title='bbox 1864 1081 1989 1162; x_wconf 80' lang='grc' dir='ltr'>ἀφ’</span> <span class='ocrx_word' id='word_1_65' title='bbox 2055 1080 2134 1145; x_wconf 85' lang='grc' dir='ltr'>οὗ</span> <span class='ocrx_word' id='word_1_66' title='bbox 2202 1081 2240 1145; x_wconf 91' lang='grc' dir='ltr'>Γ</span> <span class='ocrx_word' id='word_1_67' title='bbox 2243 1080 2553 1160; x_wconf 90' lang='grc' dir='ltr'>ρηςτωνία</span> <span class='ocrx_word' id='word_1_68' title='bbox 2617 1081 2796 1159; x_wconf 87' lang='grc' dir='ltr'>χώρα</span> <span class='ocrx_word' id='word_1_69' title='bbox 2860 1079 3123 1161; x_wconf 87' lang='grc' dir='ltr'>Θρᾴκης.</span> 
     </span>
     <span class='ocr_line' id='line_1_9' title="bbox 555 1179 3122 1266; baseline -0.003 -16"><span class='ocrx_word' id='word_1_70' title='bbox 555 1185 888 1250; x_wconf 88' lang='grc' dir='ltr'>Φαιςτός</span> <span class='ocrx_word' id='word_1_71' title='bbox 932 1185 1117 1249; x_wconf 89' lang='grc' dir='ltr'>πόλις</span> <span class='ocrx_word' id='word_1_72' title='bbox 1173 1185 1412 1263; x_wconf 89' lang='grc' dir='ltr'>Κρήτης</span> <span class='ocrx_word' id='word_1_73' title='bbox 1467 1185 1572 1248; x_wconf 83' lang='grc' dir='ltr'>«ἐς</span> <span class='ocrx_word' id='word_1_74' title='bbox 1627 1184 1933 1264; x_wconf 90' lang='grc' dir='ltr'>Φαιςτόν,</span> <span class='ocrx_word' id='word_1_75' title='bbox 1988 1185 2205 1263; x_wconf 87' lang='grc' dir='ltr'>μικρός</span> <span class='ocrx_word' id='word_1_76' title='bbox 2261 1185 2331 1249; x_wconf 80' lang='grc' dir='ltr'>δὲ</span> <span class='ocrx_word' id='word_1_77' title='bbox 2389 1183 2603 1248; x_wconf 84' lang='grc' dir='ltr'>λίθος»</span> <span class='ocrx_word' id='word_1_78' title='bbox 2661 1180 2816 1266; x_wconf 84' lang='lat' dir='ltr'><strong>(Od.</strong></span> <span class='ocrx_word' id='word_1_79' title='bbox 2861 1204 2901 1259; x_wconf 90' lang='grc' dir='ltr'>γ</span> <span class='ocrx_word' id='word_1_80' title='bbox 2954 1179 3122 1262; x_wconf 79' lang='grc'>296).</span> 
     </span>
     <span class='ocr_line' id='line_1_10' title="bbox 556 1285 3124 1365; baseline -0.001 -14"><span class='ocrx_word' id='word_1_81' title='bbox 556 1287 682 1351; x_wconf 81' lang='grc' dir='ltr'>ἔςτι</span> <span class='ocrx_word' id='word_1_82' title='bbox 728 1289 828 1352; x_wconf 90' lang='grc' dir='ltr'>καὶ</span> <span class='ocrx_word' id='word_1_83' title='bbox 871 1286 1033 1364; x_wconf 85' lang='grc' dir='ltr'>ἄλλη</span> <span class='ocrx_word' id='word_1_84' title='bbox 1079 1285 1347 1351; x_wconf 88' lang='grc' dir='ltr'>Φαιςτός</span> <span class='ocrx_word' id='word_1_85' title='bbox 1375 1288 1886 1365; x_wconf 91' lang='grc' dir='ltr'>Πελοποννήςου</span> <span class='ocrx_word' id='word_1_86' title='bbox 1929 1286 1968 1364; x_wconf 84' lang='grc' dir='ltr'>ἡ</span> <span class='ocrx_word' id='word_1_87' title='bbox 2013 1285 2330 1365; x_wconf 90' lang='grc' dir='ltr'>πρότερον</span> <span class='ocrx_word' id='word_1_88' title='bbox 2374 1285 2568 1365; x_wconf 86' lang='grc' dir='ltr'>Φρίξα</span> <span class='ocrx_word' id='word_1_89' title='bbox 2611 1286 2984 1365; x_wconf 79' lang='grc' dir='ltr'>καλουμένη.</span> <span class='ocrx_word' id='word_1_90' title='bbox 3050 1285 3124 1358; x_wconf 80' lang='grc' dir='ltr'>τὸ</span> 
     </span>
     <span class='ocr_line' id='line_1_11' title="bbox 556 1387 3121 1469; baseline -0.001 -16"><span class='ocrx_word' id='word_1_91' title='bbox 556 1390 627 1453; x_wconf 80' lang='grc' dir='ltr'>δὲ</span> <span class='ocrx_word' id='word_1_92' title='bbox 681 1388 1018 1454; x_wconf 88' lang='grc' dir='ltr'>Φαῖςτος</span> <span class='ocrx_word' id='word_1_93' title='bbox 1064 1388 1168 1453; x_wconf 84' lang='grc' dir='ltr'>ἐπὶ</span> <span class='ocrx_word' id='word_1_94' title='bbox 1221 1392 1338 1453; x_wconf 85' lang='grc' dir='ltr'>τοῦ</span> <span class='ocrx_word' id='word_1_95' title='bbox 1393 1389 1606 1469; x_wconf 85' lang='grc' dir='ltr'>ἥρωος</span> <span class='ocrx_word' id='word_1_96' title='bbox 1674 1390 2008 1469; x_wconf 81' lang='grc' dir='ltr'>βαρύνεται</span> <span class='ocrx_word' id='word_1_97' title='bbox 2055 1389 2442 1467; x_wconf 79' lang='grc' dir='ltr'>«Ἰδομενεύς</span> <span class='ocrx_word' id='word_1_98' title='bbox 2507 1388 2573 1452; x_wconf 79' lang='grc' dir='ltr'>δ’</span> <span class='ocrx_word' id='word_1_99' title='bbox 2628 1387 2751 1467; x_wconf 85' lang='grc' dir='ltr'>ἄρα</span> <span class='ocrx_word' id='word_1_100' title='bbox 2803 1387 3121 1451; x_wconf 88' lang='grc' dir='ltr'>Φαῖςτον»</span> 
     </span>
     <span class='ocr_line' id='line_1_12' title="bbox 554 1488 3228 1574; baseline 0.001 -21"><span class='ocrx_word' id='word_1_101' title='bbox 554 1489 659 1574; x_wconf 90' lang='lat' dir='ltr'><strong>(Il.</strong></span> <span class='ocrx_word' id='word_1_102' title='bbox 717 1491 759 1555; x_wconf 87' lang='grc' dir='ltr'>Ε</span> <span class='ocrx_word' id='word_1_103' title='bbox 811 1488 940 1570; x_wconf 86' lang='grc'>43).</span> <span class='ocrx_word' id='word_1_104' title='bbox 1028 1491 1426 1569; x_wconf 88' lang='grc' dir='ltr'>ςεςημείωται</span> <span class='ocrx_word' id='word_1_105' title='bbox 1479 1493 1556 1557; x_wconf 88' lang='grc' dir='ltr'>τὸ</span> <span class='ocrx_word' id='word_1_106' title='bbox 1611 1491 1915 1556; x_wconf 90' lang='grc' dir='ltr'>Δύςτος</span> <span class='ocrx_word' id='word_1_107' title='bbox 1979 1491 2165 1556; x_wconf 88' lang='grc' dir='ltr'>πόλις</span> <span class='ocrx_word' id='word_1_108' title='bbox 2220 1490 2499 1571; x_wconf 82' lang='grc' dir='ltr'>Εὐβοίας.</span> <span class='ocrx_word' id='word_1_109' title='bbox 2601 1490 2988 1569; x_wconf 87' lang='grc' dir='ltr'>Θεόπομπος</span> <span class='ocrx_word' id='word_1_110' title='bbox 3054 1491 3124 1556; x_wconf 87' lang='grc' dir='ltr'>ἐν</span> <span class='ocrx_word' id='word_1_111' title='bbox 3165 1505 3228 1555; x_wconf 85' lang='lat'>10</span> 
     </span>
     <span class='ocr_line' id='line_1_13' title="bbox 554 1587 3125 1678; baseline 0.001 -21"><span class='ocrx_word' id='word_1_112' title='bbox 554 1592 951 1657; x_wconf 85' lang='grc' dir='ltr'>Φιλιππικῶν</span> <span class='ocrx_word' id='word_1_113' title='bbox 997 1587 1090 1657; x_wconf 83' lang='grc' dir='ltr'>κδ’</span> <span class='ocrx_word' id='word_1_114' title='bbox 1133 1593 1530 1672; x_wconf 85' lang='grc' dir='ltr'>«ἀποςτήςας</span> <span class='ocrx_word' id='word_1_115' title='bbox 1563 1595 1633 1657; x_wconf 83' lang='grc' dir='ltr'>δὲ</span> <span class='ocrx_word' id='word_1_116' title='bbox 1662 1595 1814 1658; x_wconf 86' lang='grc' dir='ltr'>τοὺς</span> <span class='ocrx_word' id='word_1_117' title='bbox 1846 1593 1916 1659; x_wconf 83' lang='grc' dir='ltr'>ἐν</span> <span class='ocrx_word' id='word_1_118' title='bbox 1946 1593 2106 1677; x_wconf 86' lang='grc' dir='ltr'>αὐτῇ</span> <span class='ocrx_word' id='word_1_119' title='bbox 2136 1600 2211 1678; x_wconf 87' lang='grc' dir='ltr'>τῇ</span> <span class='ocrx_word' id='word_1_120' title='bbox 2241 1593 2572 1671; x_wconf 82' lang='grc' dir='ltr'>περιοικίδι</span> <span class='ocrx_word' id='word_1_121' title='bbox 2601 1596 2731 1657; x_wconf 88' lang='grc' dir='ltr'>τῶν</span> <span class='ocrx_word' id='word_1_122' title='bbox 2764 1592 3125 1670; x_wconf 83' lang='grc' dir='ltr'>Ἐρετριέων</span> 
     </span>
     <span class='ocr_line' id='line_1_14' title="bbox 556 1694 3124 1777; baseline -0 -18"><span class='ocrx_word' id='word_1_123' title='bbox 556 1694 962 1773; x_wconf 80' lang='grc' dir='ltr'>ἐςτράτευςεν</span> <span class='ocrx_word' id='word_1_124' title='bbox 1009 1695 1114 1758; x_wconf 82' lang='grc' dir='ltr'>έπί</span> <span class='ocrx_word' id='word_1_125' title='bbox 1155 1695 1345 1760; x_wconf 90' lang='grc' dir='ltr'>πόλιν</span> <span class='ocrx_word' id='word_1_126' title='bbox 1390 1695 1648 1761; x_wconf 90' lang='grc' dir='ltr'>Δύςτον</span> <span class='ocrx_word' id='word_1_127' title='bbox 1664 1719 1708 1759; x_wconf 82' lang='lat'>».</span> <span class='ocrx_word' id='word_1_128' title='bbox 1770 1697 1872 1760; x_wconf 87' lang='grc' dir='ltr'>καὶ</span> <span class='ocrx_word' id='word_1_129' title='bbox 1921 1696 2210 1761; x_wconf 88' lang='grc' dir='ltr'>Κάςτος</span> <span class='ocrx_word' id='word_1_130' title='bbox 2255 1695 2357 1759; x_wconf 82' lang='grc' dir='ltr'>καὶ</span> <span class='ocrx_word' id='word_1_131' title='bbox 2404 1695 2699 1760; x_wconf 88' lang='grc' dir='ltr'>Νάςτος</span> <span class='ocrx_word' id='word_1_132' title='bbox 2742 1694 2928 1759; x_wconf 89' lang='grc' dir='ltr'>πόλις</span> <span class='ocrx_word' id='word_1_133' title='bbox 2959 1694 3124 1777; x_wconf 83' lang='grc' dir='ltr'>Θρᾴ-</span> 
     </span>
     <span class='ocr_line' id='line_1_15' title="bbox 554 1796 3125 1879; baseline 0 -19"><span class='ocrx_word' id='word_1_134' title='bbox 554 1818 695 1878; x_wconf 93' lang='grc' dir='ltr'>κης,</span> <span class='ocrx_word' id='word_1_135' title='bbox 742 1798 780 1875; x_wconf 84' lang='grc' dir='ltr'>ἢ</span> <span class='ocrx_word' id='word_1_136' title='bbox 825 1797 926 1860; x_wconf 86' lang='grc' dir='ltr'>καὶ</span> <span class='ocrx_word' id='word_1_137' title='bbox 972 1796 1203 1862; x_wconf 88' lang='grc' dir='ltr'>Νέςτος</span> <span class='ocrx_word' id='word_1_138' title='bbox 1250 1798 1522 1873; x_wconf 89' lang='grc' dir='ltr'>λέγεται·</span> <span class='ocrx_word' id='word_1_139' title='bbox 1569 1798 2060 1877; x_wconf 83' lang='grc' dir='ltr'>Ἀπολλόδωρος</span> <span class='ocrx_word' id='word_1_140' title='bbox 2107 1798 2372 1879; x_wconf 86' lang='grc' dir='ltr'>δευτέρᾳ</span> <span class='ocrx_word' id='word_1_141' title='bbox 2417 1799 2563 1876; x_wconf 90' lang='grc' dir='ltr'>περὶ</span> <span class='ocrx_word' id='word_1_142' title='bbox 2603 1801 2744 1876; x_wconf 89' lang='grc' dir='ltr'>γῆς·</span> <span class='ocrx_word' id='word_1_143' title='bbox 2791 1796 3125 1876; x_wconf 89' lang='grc' dir='ltr'>βαρύτονα.</span> 
     </span>
     <span class='ocr_line' id='line_1_16' title="bbox 554 1899 3129 1980; baseline -0 -17"><span class='ocrx_word' id='word_1_144' title='bbox 554 1900 631 1963; x_wconf 89' lang='grc' dir='ltr'>τὸ</span> <span class='ocrx_word' id='word_1_145' title='bbox 677 1900 748 1963; x_wconf 83' lang='grc' dir='ltr'>δὲ</span> <span class='ocrx_word' id='word_1_146' title='bbox 795 1899 1083 1964; x_wconf 90' lang='grc' dir='ltr'>Νέςτος</span> <span class='ocrx_word' id='word_1_147' title='bbox 1126 1902 1334 1978; x_wconf 87' lang='grc' dir='ltr'>πατὴρ</span> <span class='ocrx_word' id='word_1_148' title='bbox 1383 1901 1768 1980; x_wconf 87' lang='grc' dir='ltr'>Καλλιρρόης</span> <span class='ocrx_word' id='word_1_149' title='bbox 1810 1901 1914 1965; x_wconf 88' lang='grc' dir='ltr'>καὶ</span> <span class='ocrx_word' id='word_1_150' title='bbox 1956 1900 2140 1964; x_wconf 91' lang='grc' dir='ltr'>πόλις</span> <span class='ocrx_word' id='word_1_151' title='bbox 2187 1902 2288 1964; x_wconf 87' lang='grc' dir='ltr'>καὶ</span> <span class='ocrx_word' id='word_1_152' title='bbox 2342 1900 2630 1979; x_wconf 92' lang='grc' dir='ltr'>ποταμὸς</span> <span class='ocrx_word' id='word_1_153' title='bbox 2675 1899 2971 1978; x_wconf 90' lang='grc' dir='ltr'>Ἰλλυρίας</span> <span class='ocrx_word' id='word_1_154' title='bbox 3028 1900 3129 1963; x_wconf 90' lang='grc' dir='ltr'>καὶ</span> 
     </span>
     <span class='ocr_line' id='line_1_17' title="bbox 555 2001 3229 2086; baseline 0.001 -22"><span class='ocrx_word' id='word_1_155' title='bbox 555 2001 832 2066; x_wconf 93' lang='grc' dir='ltr'>κόςτος</span> <span class='ocrx_word' id='word_1_156' title='bbox 876 2002 978 2065; x_wconf 88' lang='grc' dir='ltr'>καὶ</span> <span class='ocrx_word' id='word_1_157' title='bbox 1020 2001 1300 2067; x_wconf 92' lang='grc' dir='ltr'>νόςτος</span> <span class='ocrx_word' id='word_1_158' title='bbox 1347 2006 1567 2082; x_wconf 89' lang='grc' dir='ltr'>βραχεῖ</span> <span class='ocrx_word' id='word_1_159' title='bbox 1609 2002 2060 2082; x_wconf 86' lang='grc' dir='ltr'>παραλήγουςι.</span> <span class='ocrx_word' id='word_1_160' title='bbox 2103 2067 2122 2086; x_wconf 72' lang='lat'>‚</span> <span class='ocrx_word' id='word_1_161' title='bbox 3169 2017 3229 2068; x_wconf 84' lang='lat'>15</span> 
     </span>
    </p>

    <p class='ocr_par' dir='ltr' id='par_1_3' title="bbox 553 2102 3230 3095">
     <span class='ocr_line' id='line_1_18' title="bbox 723 2102 3127 2186; baseline 0.001 -19"><span class='ocrx_word' id='word_1_162' title='bbox 723 2102 815 2167; x_wconf 90' lang='grc' dir='ltr'>Τὰ</span> <span class='ocrx_word' id='word_1_163' title='bbox 870 2102 958 2168; x_wconf 88' lang='grc' dir='ltr'>εἰς</span> <span class='ocrx_word' id='word_1_164' title='bbox 1000 2105 1115 2167; x_wconf 64' lang='lat' dir='ltr'><strong>&#39;‘r-&lt;Tc</strong></span> <span class='ocrx_word' id='word_1_165' title='bbox 1170 2103 1511 2185; x_wconf 79' lang='grc' dir='ltr'>διςύλλαβα</span> <span class='ocrx_word' id='word_1_166' title='bbox 1565 2105 1800 2185; x_wconf 81' lang='grc' dir='ltr'>ἔχοντα</span> <span class='ocrx_word' id='word_1_167' title='bbox 1853 2105 1982 2183; x_wconf 90' lang='grc' dir='ltr'>πρὸ</span> <span class='ocrx_word' id='word_1_168' title='bbox 2037 2108 2153 2170; x_wconf 85' lang='grc' dir='ltr'>τού</span> <span class='ocrx_word' id='word_1_169' title='bbox 2205 2107 2241 2168; x_wconf 73' lang='grc' dir='ltr'>’ἶ</span> <span class='ocrx_word' id='word_1_170' title='bbox 2286 2107 2348 2186; x_wconf 75' lang='grc' dir='ltr'>Ε,</span> <span class='ocrx_word' id='word_1_171' title='bbox 2404 2104 2460 2169; x_wconf 84' lang='grc' dir='ltr'>εἰ</span> <span class='ocrx_word' id='word_1_172' title='bbox 2519 2104 3127 2184; x_wconf 84' lang='grc' dir='ltr'>παραςχηματίζοιτο</span> 
     </span>
     <span class='ocr_line' id='line_1_19' title="bbox 554 2205 3126 2290; baseline 0.001 -21"><span class='ocrx_word' id='word_1_173' title='bbox 554 2206 643 2269; x_wconf 87' lang='grc' dir='ltr'>εἰς</span> <span class='ocrx_word' id='word_1_174' title='bbox 688 2205 972 2285; x_wconf 84' lang='grc' dir='ltr'>διάφορα</span> <span class='ocrx_word' id='word_1_175' title='bbox 1013 2206 1200 2289; x_wconf 84' lang='grc' dir='ltr'>γένη,</span> <span class='ocrx_word' id='word_1_176' title='bbox 1245 2205 1570 2273; x_wconf 90' lang='grc' dir='ltr'>ὀξύνεςθαι</span> <span class='ocrx_word' id='word_1_177' title='bbox 1616 2209 1815 2290; x_wconf 83' lang='grc' dir='ltr'>θέλει,</span> <span class='ocrx_word' id='word_1_178' title='bbox 1861 2207 1915 2272; x_wconf 86' lang='grc' dir='ltr'>εἰ</span> <span class='ocrx_word' id='word_1_179' title='bbox 1960 2209 2040 2287; x_wconf 89' lang='grc' dir='ltr'>μή</span> <span class='ocrx_word' id='word_1_180' title='bbox 2072 2206 2446 2285; x_wconf 87' lang='grc' dir='ltr'>ὑπερθετικὰ</span> <span class='ocrx_word' id='word_1_181' title='bbox 2489 2206 2585 2284; x_wconf 85' lang='grc' dir='ltr'>εἴη</span> <span class='ocrx_word' id='word_1_182' title='bbox 2629 2207 2668 2284; x_wconf 85' lang='grc' dir='ltr'>ἢ</span> <span class='ocrx_word' id='word_1_183' title='bbox 2710 2207 2777 2270; x_wconf 86' lang='grc' dir='ltr'>ἐκ</span> <span class='ocrx_word' id='word_1_184' title='bbox 2806 2207 3126 2271; x_wconf 90' lang='grc' dir='ltr'>πλειόνων</span> 
     </span>
     <span class='ocr_line' id='line_1_20' title="bbox 555 2307 3127 2393; baseline 0 -22"><span class='ocrx_word' id='word_1_185' title='bbox 555 2311 885 2388; x_wconf 86' lang='grc' dir='ltr'>ςυλλαβῶν</span> <span class='ocrx_word' id='word_1_186' title='bbox 916 2308 1004 2372; x_wconf 91' lang='grc' dir='ltr'>εἰς</span> <span class='ocrx_word' id='word_1_187' title='bbox 1036 2309 1438 2390; x_wconf 79' lang='grc' dir='ltr'>διςυλλαβίαν</span> <span class='ocrx_word' id='word_1_188' title='bbox 1468 2316 1765 2393; x_wconf 89' lang='grc' dir='ltr'>μεταςτῇ,</span> <span class='ocrx_word' id='word_1_189' title='bbox 1813 2310 2121 2390; x_wconf 92' lang='grc' dir='ltr'>πιςτός,</span> <span class='ocrx_word' id='word_1_190' title='bbox 2165 2309 2466 2389; x_wconf 92' lang='grc' dir='ltr'>ξυςτός,</span> <span class='ocrx_word' id='word_1_191' title='bbox 2511 2307 2774 2390; x_wconf 90' lang='grc' dir='ltr'>ἀςτός,</span> <span class='ocrx_word' id='word_1_192' title='bbox 2819 2308 3127 2390; x_wconf 91' lang='grc' dir='ltr'>μεςτός,</span> 
     </span>
     <span class='ocr_line' id='line_1_21' title="bbox 553 2408 3126 2494; baseline 0 -22"><span class='ocrx_word' id='word_1_193' title='bbox 553 2409 840 2474; x_wconf 90' lang='grc' dir='ltr'>κεςτός.</span> <span class='ocrx_word' id='word_1_194' title='bbox 927 2411 1004 2473; x_wconf 90' lang='grc' dir='ltr'>τὸ</span> <span class='ocrx_word' id='word_1_195' title='bbox 1051 2411 1122 2475; x_wconf 83' lang='grc' dir='ltr'>δὲ</span> <span class='ocrx_word' id='word_1_196' title='bbox 1166 2414 1573 2493; x_wconf 92' lang='grc' dir='ltr'>πλεῖςτος,</span> <span class='ocrx_word' id='word_1_197' title='bbox 1621 2414 1954 2494; x_wconf 82' lang='grc' dir='ltr'>λῷςτος,</span> <span class='ocrx_word' id='word_1_198' title='bbox 2001 2410 2272 2494; x_wconf 80' lang='grc' dir='ltr'>ῥᾷςτος</span> <span class='ocrx_word' id='word_1_199' title='bbox 2316 2411 2692 2489; x_wconf 86' lang='grc' dir='ltr'>ὑπερθετικὰ</span> <span class='ocrx_word' id='word_1_200' title='bbox 2736 2410 2893 2475; x_wconf 90' lang='grc' dir='ltr'>ὄντα</span> <span class='ocrx_word' id='word_1_201' title='bbox 2940 2408 3126 2490; x_wconf 84' lang='grc' dir='ltr'>βαρύ-</span> 
     </span>
     <span class='ocr_line' id='line_1_22' title="bbox 554 2512 3230 2592; baseline 0 -19"><span class='ocrx_word' id='word_1_202' title='bbox 554 2530 745 2574; x_wconf 90' lang='grc' dir='ltr'>νεται.</span> <span class='ocrx_word' id='word_1_203' title='bbox 832 2512 934 2575; x_wconf 85' lang='grc' dir='ltr'>καὶ</span> <span class='ocrx_word' id='word_1_204' title='bbox 976 2513 1051 2576; x_wconf 92' lang='grc' dir='ltr'>τὸ</span> <span class='ocrx_word' id='word_1_205' title='bbox 1094 2513 1481 2578; x_wconf 88' lang='grc' dir='ltr'>Πλεῖςτος</span> <span class='ocrx_word' id='word_1_206' title='bbox 1537 2513 1825 2591; x_wconf 89' lang='grc' dir='ltr'>ποταμός</span> <span class='ocrx_word' id='word_1_207' title='bbox 1883 2513 1953 2577; x_wconf 86' lang='grc' dir='ltr'>ἐν</span> <span class='ocrx_word' id='word_1_208' title='bbox 2009 2513 2304 2591; x_wconf 89' lang='grc' dir='ltr'>Δελφοῖς</span> <span class='ocrx_word' id='word_1_209' title='bbox 2360 2513 2694 2592; x_wconf 84' lang='grc' dir='ltr'>βαρύνεται</span> <span class='ocrx_word' id='word_1_210' title='bbox 2752 2513 3007 2576; x_wconf 86' lang='grc' dir='ltr'>«πολλὰ</span> <span class='ocrx_word' id='word_1_211' title='bbox 3057 2514 3125 2577; x_wconf 83' lang='grc' dir='ltr'>δὲ</span> <span class='ocrx_word' id='word_1_212' title='bbox 3162 2526 3230 2577; x_wconf 85' lang='lat'>20</span> 
     </span>
     <span class='ocr_line' id='line_1_23' title="bbox 560 2597 3126 2696; baseline 0.001 -22"><span class='ocrx_word' id='word_1_213' title='bbox 560 2612 866 2689; x_wconf 88' lang='grc' dir='ltr'>Κωρύκιαι</span> <span class='ocrx_word' id='word_1_214' title='bbox 911 2612 1153 2692; x_wconf 87' lang='grc' dir='ltr'>νύμφαι</span> <span class='ocrx_word' id='word_1_215' title='bbox 1197 2597 1534 2679; x_wconf 71' lang='grc' dir='ltr'>Πλείέτοιο</span> <span class='ocrx_word' id='word_1_216' title='bbox 1587 2614 1951 2693; x_wconf 86' lang='grc' dir='ltr'>θύγατρες».</span> <span class='ocrx_word' id='word_1_217' title='bbox 2040 2615 2476 2679; x_wconf 86' lang='grc' dir='ltr'>Ἀπολλώνιος</span> <span class='ocrx_word' id='word_1_218' title='bbox 2522 2613 2798 2696; x_wconf 86' lang='lat' dir='ltr'>(Argon.</span> <span class='ocrx_word' id='word_1_219' title='bbox 2843 2612 2914 2677; x_wconf 87' lang='grc' dir='ltr'>ΙΙ</span> <span class='ocrx_word' id='word_1_220' title='bbox 2959 2614 3126 2696; x_wconf 82' lang='lat'>711).</span> 
     </span>
     <span class='ocr_line' id='line_1_24' title="bbox 555 2709 3129 2798; baseline 0.002 -21"><span class='ocrx_word' id='word_1_221' title='bbox 555 2714 722 2778; x_wconf 81' lang='grc' dir='ltr'>τινὲς</span> <span class='ocrx_word' id='word_1_222' title='bbox 778 2709 849 2777; x_wconf 80' lang='grc' dir='ltr'>δὲ</span> <span class='ocrx_word' id='word_1_223' title='bbox 904 2712 1399 2790; x_wconf 84' lang='grc' dir='ltr'>ἀναγινώςκουςι</span> <span class='ocrx_word' id='word_1_224' title='bbox 1452 2716 2076 2797; x_wconf 88' lang='grc' dir='ltr'>προπεριςπωμένως</span> <span class='ocrx_word' id='word_1_225' title='bbox 2131 2716 2234 2781; x_wconf 84' lang='grc' dir='ltr'>ἐπὶ</span> <span class='ocrx_word' id='word_1_226' title='bbox 2275 2720 2385 2796; x_wconf 90' lang='grc' dir='ltr'>τῆς</span> <span class='ocrx_word' id='word_1_227' title='bbox 2429 2719 2711 2798; x_wconf 87' lang='grc' dir='ltr'>γενικῆς,</span> <span class='ocrx_word' id='word_1_228' title='bbox 2767 2716 2983 2796; x_wconf 82' lang='grc' dir='ltr'>ἐπειδὴ</span> <span class='ocrx_word' id='word_1_229' title='bbox 3029 2719 3129 2782; x_wconf 88' lang='grc' dir='ltr'>καὶ</span> 
     </span>
     <span class='ocr_line' id='line_1_25' title="bbox 556 2807 3170 2901; baseline 0.002 -23"><span class='ocrx_word' id='word_1_230' title='bbox 556 2816 685 2879; x_wconf 83' lang='grc' dir='ltr'>ὑπὸ</span> <span class='ocrx_word' id='word_1_231' title='bbox 739 2807 870 2880; x_wconf 83' lang='grc' dir='ltr'>τῶν</span> <span class='ocrx_word' id='word_1_232' title='bbox 926 2815 1251 2894; x_wconf 86' lang='grc' dir='ltr'>ἐγχωρίων</span> <span class='ocrx_word' id='word_1_233' title='bbox 1308 2817 1552 2894; x_wconf 89' lang='grc' dir='ltr'>λέγεται</span> <span class='ocrx_word' id='word_1_234' title='bbox 1609 2820 1917 2884; x_wconf 89' lang='grc' dir='ltr'>Πλειςτός</span> <span class='ocrx_word' id='word_1_235' title='bbox 1972 2818 2324 2901; x_wconf 86' lang='grc' dir='ltr'>ὀξυτόνως,</span> <span class='ocrx_word' id='word_1_236' title='bbox 2388 2819 2506 2884; x_wconf 88' lang='grc' dir='ltr'>οὐκ</span> <span class='ocrx_word' id='word_1_237' title='bbox 2571 2819 2892 2898; x_wconf 81' lang='grc' dir='ltr'>ἐπικρατεῖ</span> <span class='ocrx_word' id='word_1_238' title='bbox 2954 2821 3025 2884; x_wconf 79' lang='grc' dir='ltr'>δὲ</span> <span class='ocrx_word' id='word_1_239' title='bbox 3089 2821 3170 2898; x_wconf 83' lang='grc' dir='ltr'>ῆ</span> 
     </span>
     <span class='ocr_line' id='line_1_26' title="bbox 555 2916 3127 3000; baseline 0.002 -20"><span class='ocrx_word' id='word_1_240' title='bbox 555 2918 765 2996; x_wconf 83' lang='grc' dir='ltr'>έθνικῆ</span> <span class='ocrx_word' id='word_1_241' title='bbox 819 2916 1183 2996; x_wconf 78' lang='grc' dir='ltr'>παράδοςις.</span> <span class='ocrx_word' id='word_1_242' title='bbox 1273 2921 1373 2985; x_wconf 87' lang='grc' dir='ltr'>καὶ</span> <span class='ocrx_word' id='word_1_243' title='bbox 1427 2922 1501 2986; x_wconf 88' lang='grc' dir='ltr'>τὸ</span> <span class='ocrx_word' id='word_1_244' title='bbox 1559 2920 1836 2987; x_wconf 82' lang='grc' dir='ltr'>δύςτος</span> <span class='ocrx_word' id='word_1_245' title='bbox 1890 2921 1928 2986; x_wconf 88' lang='grc' dir='ltr'>ὁ</span> <span class='ocrx_word' id='word_1_246' title='bbox 1994 2921 2302 3000; x_wconf 84' lang='grc' dir='ltr'>δύςτηνος</span> <span class='ocrx_word' id='word_1_247' title='bbox 2355 2922 2458 2987; x_wconf 85' lang='grc' dir='ltr'>καὶ</span> <span class='ocrx_word' id='word_1_248' title='bbox 2521 2922 2811 2987; x_wconf 90' lang='grc' dir='ltr'>πόςτος</span> <span class='ocrx_word' id='word_1_249' title='bbox 2877 2922 2945 2986; x_wconf 81' lang='grc' dir='ltr'>ἐκ</span> <span class='ocrx_word' id='word_1_250' title='bbox 3010 2927 3127 2987; x_wconf 82' lang='grc' dir='ltr'>τοῦ</span> 
     </span>
     <span class='ocr_line' id='line_1_27' title="bbox 555 3018 3229 3095; baseline 0.002 -13"><span class='ocrx_word' id='word_1_251' title='bbox 555 3018 833 3084; x_wconf 89' lang='grc' dir='ltr'>πόςατος</span> <span class='ocrx_word' id='word_1_252' title='bbox 877 3019 1164 3095; x_wconf 89' lang='grc' dir='ltr'>γέγονεν.</span> <span class='ocrx_word' id='word_1_253' title='bbox 3163 3038 3229 3087; x_wconf 79' lang='lat'>25</span> 
     </span>
    </p>

    <p class='ocr_par' dir='ltr' id='par_1_4' title="bbox 548 3120 3126 3517">
     <span class='ocr_line' id='line_1_28' title="bbox 721 3120 3126 3209; baseline 0.003 -24"><span class='ocrx_word' id='word_1_254' title='bbox 721 3120 815 3185; x_wconf 89' lang='grc' dir='ltr'>Τὰ</span> <span class='ocrx_word' id='word_1_255' title='bbox 858 3121 946 3186; x_wconf 92' lang='grc' dir='ltr'>εἰς</span> <span class='ocrx_word' id='word_1_256' title='bbox 996 3124 1113 3185; x_wconf 76' lang='grc' dir='ltr'>“τ“ο“ς“</span> <span class='ocrx_word' id='word_1_257' title='bbox 1168 3123 1471 3203; x_wconf 84' lang='grc' dir='ltr'>ῥηματικὰ</span> <span class='ocrx_word' id='word_1_258' title='bbox 1524 3128 1605 3206; x_wconf 88' lang='grc' dir='ltr'>μῆ</span> <span class='ocrx_word' id='word_1_259' title='bbox 1662 3126 1822 3191; x_wconf 90' lang='grc' dir='ltr'>ὄντα</span> <span class='ocrx_word' id='word_1_260' title='bbox 1866 3126 2266 3209; x_wconf 79' lang='grc' dir='ltr'>ἀριθμητικὰ,</span> <span class='ocrx_word' id='word_1_261' title='bbox 2323 3128 2450 3206; x_wconf 89' lang='grc' dir='ltr'>πρὸ</span> <span class='ocrx_word' id='word_1_262' title='bbox 2506 3132 2623 3192; x_wconf 87' lang='grc' dir='ltr'>τοῦ</span> <span class='ocrx_word' id='word_1_263' title='bbox 2676 3132 2710 3192; x_wconf 68' lang='grc' dir='ltr'>’ῖ</span> <span class='ocrx_word' id='word_1_264' title='bbox 2767 3130 2842 3194; x_wconf 88' lang='grc' dir='ltr'>τὸ</span> <span class='ocrx_word' id='word_1_265' title='bbox 2887 3134 2923 3193; x_wconf 67' lang='lat' dir='ltr'>s&lt;</span> <span class='ocrx_word' id='word_1_266' title='bbox 2966 3129 3004 3206; x_wconf 83' lang='grc' dir='ltr'>ἢ</span> <span class='ocrx_word' id='word_1_267' title='bbox 3050 3129 3126 3192; x_wconf 90' lang='grc' dir='ltr'>τὸ</span> 
     </span>
     <span class='ocr_line' id='line_1_29' title="bbox 548 3223 3124 3312; baseline 0.003 -25"><span class='ocrx_word' id='word_1_268' title='bbox 548 3228 602 3287; x_wconf 67' lang='grc' dir='ltr'>π’</span> <span class='ocrx_word' id='word_1_269' title='bbox 656 3223 891 3301; x_wconf 82' lang='grc' dir='ltr'>ἔχοντα</span> <span class='ocrx_word' id='word_1_270' title='bbox 947 3223 1266 3308; x_wconf 89' lang='grc' dir='ltr'>ὀξύνεται,</span> <span class='ocrx_word' id='word_1_271' title='bbox 1322 3228 1687 3311; x_wconf 91' lang='grc' dir='ltr'>πλεκτός,</span> <span class='ocrx_word' id='word_1_272' title='bbox 1732 3228 2038 3310; x_wconf 88' lang='grc' dir='ltr'>ἑλκτός,</span> <span class='ocrx_word' id='word_1_273' title='bbox 2085 3229 2441 3312; x_wconf 90' lang='grc' dir='ltr'>πνικτός,</span> <span class='ocrx_word' id='word_1_274' title='bbox 2505 3233 2847 3297; x_wconf 91' lang='grc' dir='ltr'>θελκτός.</span> <span class='ocrx_word' id='word_1_275' title='bbox 2935 3233 3010 3296; x_wconf 88' lang='grc' dir='ltr'>τό</span> <span class='ocrx_word' id='word_1_276' title='bbox 3055 3233 3124 3296; x_wconf 78' lang='grc' dir='ltr'>δὲ</span> 
     </span>
     <span class='ocr_line' id='line_1_30' title="bbox 555 3324 3124 3412; baseline 0.003 -23"><span class='ocrx_word' id='word_1_277' title='bbox 555 3324 823 3391; x_wconf 90' lang='grc' dir='ltr'>οἶκτος</span> <span class='ocrx_word' id='word_1_278' title='bbox 871 3327 1219 3405; x_wconf 91' lang='grc' dir='ltr'>βαρύνεται.</span> <span class='ocrx_word' id='word_1_279' title='bbox 1267 3331 1347 3395; x_wconf 90' lang='grc' dir='ltr'>ού</span> <span class='ocrx_word' id='word_1_280' title='bbox 1390 3331 1513 3408; x_wconf 89' lang='grc' dir='ltr'>γὰρ</span> <span class='ocrx_word' id='word_1_281' title='bbox 1560 3329 1917 3410; x_wconf 81' lang='grc' dir='ltr'>όηματικόν.</span> <span class='ocrx_word' id='word_1_282' title='bbox 1947 3367 2032 3378; x_wconf 88' lang='grc'><strong>-</strong></span> <span class='ocrx_word' id='word_1_283' title='bbox 2061 3330 2274 3397; x_wconf 82' lang='grc' dir='ltr'>ἄλλως</span> <span class='ocrx_word' id='word_1_284' title='bbox 2303 3353 2370 3396; x_wconf 90' lang='grc' dir='ltr'>τε</span> <span class='ocrx_word' id='word_1_285' title='bbox 2410 3336 2586 3412; x_wconf 91' lang='grc' dir='ltr'>φιλεῖ</span> <span class='ocrx_word' id='word_1_286' title='bbox 2616 3355 2752 3398; x_wconf 91' lang='grc' dir='ltr'>πως</span> <span class='ocrx_word' id='word_1_287' title='bbox 2796 3335 2875 3398; x_wconf 86' lang='grc' dir='ltr'>τὰ</span> <span class='ocrx_word' id='word_1_288' title='bbox 2920 3334 3008 3399; x_wconf 87' lang='grc' dir='ltr'>εἰς</span> <span class='ocrx_word' id='word_1_289' title='bbox 3053 3338 3124 3397; x_wconf 67' lang='grc' dir='ltr'>οἳ</span> 
     </span>
     <span class='ocr_line' id='line_1_31' title="bbox 555 3427 3122 3517; baseline 0.004 -29"><span class='ocrx_word' id='word_1_290' title='bbox 555 3427 834 3504; x_wconf 90' lang='grc' dir='ltr'>λήγοντα</span> <span class='ocrx_word' id='word_1_291' title='bbox 879 3428 1219 3509; x_wconf 79' lang='grc' dir='ltr'>διςύλλαβα</span> <span class='ocrx_word' id='word_1_292' title='bbox 1264 3437 1582 3511; x_wconf 87' lang='grc' dir='ltr'>μονογενῆ</span> <span class='ocrx_word' id='word_1_293' title='bbox 1629 3433 1759 3498; x_wconf 86' lang='grc' dir='ltr'>ἀπὸ</span> <span class='ocrx_word' id='word_1_294' title='bbox 1802 3437 1914 3513; x_wconf 88' lang='grc' dir='ltr'>τῆς</span> <span class='ocrx_word' id='word_1_295' title='bbox 1961 3454 2021 3497; x_wconf 95' lang='grc' dir='ltr'>οι</span> <span class='ocrx_word' id='word_1_296' title='bbox 2080 3435 2437 3514; x_wconf 79' lang='grc' dir='ltr'>διφθόγγου</span> <span class='ocrx_word' id='word_1_297' title='bbox 2492 3435 2817 3514; x_wconf 87' lang='grc' dir='ltr'>ἀρχόμενα</span> <span class='ocrx_word' id='word_1_298' title='bbox 2863 3435 3122 3517; x_wconf 84' lang='grc' dir='ltr'>βαρύνε-</span> 
     </span>
    </p>
   </div>
   <div class='ocr_carea' id='block_1_3' title="bbox 484 3528 3334 3617">
    <p class='ocr_par' dir='ltr' id='par_1_5' title="bbox 484 3528 3334 3617">
     <span class='ocr_line' id='line_1_32' title="bbox 484 3528 3334 3617; baseline 0.003 -25"><span class='ocrx_word' id='word_1_299' title='bbox 484 3602 497 3615; x_wconf 81' lang='lat'><em>,</em></span> <span class='ocrx_word' id='word_1_300' title='bbox 555 3533 723 3610; x_wconf 92' lang='grc' dir='ltr'>ςθαι,</span> <span class='ocrx_word' id='word_1_301' title='bbox 780 3528 977 3593; x_wconf 86' lang='grc' dir='ltr'>ὁπότε</span> <span class='ocrx_word' id='word_1_302' title='bbox 1032 3532 1159 3609; x_wconf 86' lang='grc' dir='ltr'>πρὸ</span> <span class='ocrx_word' id='word_1_303' title='bbox 1215 3537 1324 3611; x_wconf 90' lang='grc' dir='ltr'>τῆς</span> <span class='ocrx_word' id='word_1_304' title='bbox 1376 3539 1454 3597; x_wconf 69' lang='grc' dir='ltr'>ὀς</span> <span class='ocrx_word' id='word_1_305' title='bbox 1511 3539 1820 3616; x_wconf 91' lang='grc' dir='ltr'>ςυλλαβῆς</span> <span class='ocrx_word' id='word_1_306' title='bbox 1878 3536 2225 3616; x_wconf 91' lang='grc' dir='ltr'>ςύμφωνον</span> <span class='ocrx_word' id='word_1_307' title='bbox 2288 3538 2326 3615; x_wconf 85' lang='grc' dir='ltr'>ἢ</span> <span class='ocrx_word' id='word_1_308' title='bbox 2374 3536 2685 3617; x_wconf 91' lang='grc' dir='ltr'>ςύμφωνα</span> <span class='ocrx_word' id='word_1_309' title='bbox 2730 3538 2996 3617; x_wconf 86' lang='grc' dir='ltr'>ὑπάρχει</span> <span class='ocrx_word' id='word_1_310' title='bbox 3040 3575 3124 3585; x_wconf 83' lang='grc'><strong>-</strong></span> <span class='ocrx_word' id='word_1_311' title='bbox 3160 3551 3227 3601; x_wconf 85' lang='grc'>30</span> <span class='ocrx_word' id='word_1_312' title='bbox 3327 3556 3334 3563; x_wconf 89' lang='grc'><em>·</em></span> 
     </span>
    </p>
   </div>
   <div class='ocr_carea' id='block_1_4' title="bbox 551 3629 3125 3927">
    <p class='ocr_par' dir='ltr' id='par_1_6' title="bbox 551 3629 3125 3927">
     <span class='ocr_line' id='line_1_33' title="bbox 554 3629 3125 3707; baseline 0.006 -16"><span class='ocrx_word' id='word_1_313' title='bbox 554 3630 772 3694; x_wconf 85' lang='grc' dir='ltr'>καὶτὸ</span> <span class='ocrx_word' id='word_1_314' title='bbox 832 3629 1113 3707; x_wconf 87' lang='grc' dir='ltr'>ἄρκτος</span> <span class='ocrx_word' id='word_1_315' title='bbox 1170 3635 1270 3698; x_wconf 85' lang='grc' dir='ltr'>καὶ</span> <span class='ocrx_word' id='word_1_316' title='bbox 1323 3635 1607 3702; x_wconf 85' lang='grc' dir='ltr'>πέκτος</span> <span class='ocrx_word' id='word_1_317' title='bbox 1664 3638 1701 3702; x_wconf 88' lang='grc' dir='ltr'>ὁ</span> <span class='ocrx_word' id='word_1_318' title='bbox 1759 3639 1958 3703; x_wconf 88' lang='grc' dir='ltr'>πόκος</span> <span class='ocrx_word' id='word_1_319' title='bbox 2016 3641 2118 3703; x_wconf 84' lang='grc' dir='ltr'>καὶ</span> <span class='ocrx_word' id='word_1_320' title='bbox 2170 3640 2244 3704; x_wconf 87' lang='grc' dir='ltr'>τὸ</span> <span class='ocrx_word' id='word_1_321' title='bbox 2302 3638 2600 3704; x_wconf 87' lang='grc' dir='ltr'>κάκτος.</span> <span class='ocrx_word' id='word_1_322' title='bbox 2688 3642 2789 3703; x_wconf 83' lang='grc' dir='ltr'>καὶ</span> <span class='ocrx_word' id='word_1_323' title='bbox 2832 3639 3125 3706; x_wconf 91' lang='grc' dir='ltr'>Λύκτος</span> 
     </span>
     <span class='ocr_line' id='line_1_34' title="bbox 551 3730 3124 3825; baseline 0.005 -32"><span class='ocrx_word' id='word_1_324' title='bbox 551 3730 735 3795; x_wconf 90' lang='grc' dir='ltr'>πόλις</span> <span class='ocrx_word' id='word_1_325' title='bbox 784 3732 1021 3811; x_wconf 88' lang='grc' dir='ltr'>Κρήτης</span> <span class='ocrx_word' id='word_1_326' title='bbox 1068 3733 1198 3799; x_wconf 88' lang='grc' dir='ltr'>ἀπὸ</span> <span class='ocrx_word' id='word_1_327' title='bbox 1242 3735 1487 3802; x_wconf 89' lang='grc' dir='ltr'>Λύκτου</span> <span class='ocrx_word' id='word_1_328' title='bbox 1530 3744 1646 3804; x_wconf 87' lang='grc' dir='ltr'>τοῦ</span> <span class='ocrx_word' id='word_1_329' title='bbox 1690 3739 2046 3806; x_wconf 88' lang='grc' dir='ltr'>Λυκάονος·</span> <span class='ocrx_word' id='word_1_330' title='bbox 2090 3741 2249 3806; x_wconf 83' lang='grc' dir='ltr'>ἔνιοι</span> <span class='ocrx_word' id='word_1_331' title='bbox 2297 3742 2366 3805; x_wconf 80' lang='grc' dir='ltr'>δὲ</span> <span class='ocrx_word' id='word_1_332' title='bbox 2396 3741 2642 3807; x_wconf 90' lang='grc' dir='ltr'>Λύττον</span> <span class='ocrx_word' id='word_1_333' title='bbox 2688 3743 2886 3821; x_wconf 86' lang='grc' dir='ltr'>αὐτήν</span> <span class='ocrx_word' id='word_1_334' title='bbox 2932 3763 3124 3825; x_wconf 91' lang='grc' dir='ltr'>φαςιν</span> 
     </span>
     <span class='ocr_line' id='line_1_35' title="bbox 551 3834 3124 3927; baseline 0.005 -31"><span class='ocrx_word' id='word_1_335' title='bbox 551 3834 655 3897; x_wconf 78' lang='grc' dir='ltr'>διὰ</span> <span class='ocrx_word' id='word_1_336' title='bbox 706 3835 780 3897; x_wconf 89' lang='grc' dir='ltr'>τό</span> <span class='ocrx_word' id='word_1_337' title='bbox 838 3836 1073 3900; x_wconf 89' lang='grc' dir='ltr'>κεῖςθαι</span> <span class='ocrx_word' id='word_1_338' title='bbox 1127 3837 1197 3903; x_wconf 83' lang='grc' dir='ltr'>ἐν</span> <span class='ocrx_word' id='word_1_339' title='bbox 1257 3841 1554 3924; x_wconf 84' lang='grc' dir='ltr'>μετεώρῳ</span> <span class='ocrx_word' id='word_1_340' title='bbox 1608 3842 1804 3927; x_wconf 82' lang='grc' dir='ltr'>τόπῳ.</span> <span class='ocrx_word' id='word_1_341' title='bbox 1894 3845 1969 3909; x_wconf 88' lang='grc' dir='ltr'>τὸ</span> <span class='ocrx_word' id='word_1_342' title='bbox 2034 3844 2157 3922; x_wconf 86' lang='grc' dir='ltr'>γὰρ</span> <span class='ocrx_word' id='word_1_343' title='bbox 2213 3843 2349 3908; x_wconf 88' lang='grc' dir='ltr'>ἄνω</span> <span class='ocrx_word' id='word_1_344' title='bbox 2404 3845 2506 3908; x_wconf 91' lang='grc' dir='ltr'>καὶ</span> <span class='ocrx_word' id='word_1_345' title='bbox 2570 3844 2826 3923; x_wconf 86' lang='grc' dir='ltr'>ὑψηλὸν</span> <span class='ocrx_word' id='word_1_346' title='bbox 2894 3845 3124 3910; x_wconf 91' lang='grc' dir='ltr'>λύττον</span> 
     </span>
    </p>
   </div>
   <div class='ocr_carea' id='block_1_5' title="bbox 551 3990 954 3999">
    <p class='ocr_par' dir='ltr' id='par_1_7' title="bbox 551 3990 954 3999">
     <span class='ocr_line' id='line_1_36' title="bbox 551 3990 954 3999; baseline 0 1547"><span class='ocrx_word' id='word_1_347' title='bbox 551 3990 954 3999; x_wconf 95' lang='lat' dir='ltr'> </span> 
     </span>
    </p>
   </div>
   <div class='ocr_carea' id='block_1_6' title="bbox 550 4091 3125 4980">
    <p class='ocr_par' dir='ltr' id='par_1_8' title="bbox 550 4091 3125 4978">
     <span class='ocr_line' id='line_1_37' title="bbox 552 4091 3125 4164; baseline 0.003 -23"><span class='ocrx_word' id='word_1_348' title='bbox 552 4091 1079 4154; x_wconf 86' lang='grc' dir='ltr'>παραςχηματιςμὸν</span> <span class='ocrx_word' id='word_1_349' title='bbox 1123 4094 1370 4157; x_wconf 84' lang='grc' dir='ltr'>θηλυκοῠ</span> <span class='ocrx_word' id='word_1_350' title='bbox 1416 4095 1640 4159; x_wconf 87' lang='grc' dir='ltr'>γένους,</span> <span class='ocrx_word' id='word_1_351' title='bbox 1698 4097 1902 4160; x_wconf 82' lang='grc' dir='ltr'>ἔχοντα</span> <span class='ocrx_word' id='word_1_352' title='bbox 1949 4100 2060 4163; x_wconf 91' lang='grc' dir='ltr'>πρὸ</span> <span class='ocrx_word' id='word_1_353' title='bbox 2103 4099 2302 4152; x_wconf 86' lang='grc' dir='ltr'>τέλους</span> <span class='ocrx_word' id='word_1_354' title='bbox 2347 4100 2456 4164; x_wconf 85' lang='grc' dir='ltr'>τὴν</span> <span class='ocrx_word' id='word_1_355' title='bbox 2499 4104 2566 4164; x_wconf 84' lang='grc' dir='ltr'>ορ</span> <span class='ocrx_word' id='word_1_356' title='bbox 2611 4100 2891 4163; x_wconf 88' lang='grc' dir='ltr'>ςυλλαβὴν</span> <span class='ocrx_word' id='word_1_357' title='bbox 2939 4098 3125 4150; x_wconf 86' lang='grc' dir='ltr'>πάντα</span> 
     </span>
     <span class='ocr_line' id='line_1_38' title="bbox 550 4158 3123 4233; baseline 0.004 -25"><span class='ocrx_word' id='word_1_358' title='bbox 550 4158 875 4223; x_wconf 81' lang='grc' dir='ltr'>βαρύνεται,</span> <span class='ocrx_word' id='word_1_359' title='bbox 924 4158 1363 4222; x_wconf 86' lang='grc' dir='ltr'>ύπεςταλμένων</span> <span class='ocrx_word' id='word_1_360' title='bbox 1410 4167 1531 4215; x_wconf 86' lang='grc' dir='ltr'>τῶν</span> <span class='ocrx_word' id='word_1_361' title='bbox 1586 4164 1663 4217; x_wconf 87' lang='grc' dir='ltr'>εἰς</span> <span class='ocrx_word' id='word_1_362' title='bbox 1709 4171 1808 4227; x_wconf 72' lang='grc' dir='ltr'>μδὲ</span> <span class='ocrx_word' id='word_1_363' title='bbox 1850 4167 2175 4233; x_wconf 86' lang='grc' dir='ltr'>ληγόντων,</span> <span class='ocrx_word' id='word_1_364' title='bbox 2222 4167 2347 4220; x_wconf 80' lang='grc' dir='ltr'>οἷον</span> <span class='ocrx_word' id='word_1_365' title='bbox 2382 4167 2610 4233; x_wconf 88' lang='grc' dir='ltr'>χόρτος,</span> <span class='ocrx_word' id='word_1_366' title='bbox 2658 4166 2898 4232; x_wconf 88' lang='grc' dir='ltr'>φόρτος,</span> <span class='ocrx_word' id='word_1_367' title='bbox 2937 4167 3123 4231; x_wconf 85' lang='grc' dir='ltr'>ὅρκος,</span> 
     </span>
     <span class='ocr_line' id='line_1_39' title="bbox 550 4226 3124 4307; baseline 0.003 -29"><span class='ocrx_word' id='word_1_368' title='bbox 550 4226 754 4307; x_wconf 79' lang='grc' dir='ltr'>Ὀρθος</span> <span class='ocrx_word' id='word_1_369' title='bbox 790 4226 859 4277; x_wconf 86' lang='grc' dir='ltr'>τὸ</span> <span class='ocrx_word' id='word_1_370' title='bbox 898 4228 1197 4303; x_wconf 86' lang='grc' dir='ltr'>μονογενές</span> <span class='ocrx_word' id='word_1_371' title='bbox 1235 4231 1352 4281; x_wconf 89' lang='grc' dir='ltr'>κτλ.</span> <span class='ocrx_word' id='word_1_372' title='bbox 1558 4233 1592 4285; x_wconf 92' lang='lat' dir='ltr'>l.</span> <span class='ocrx_word' id='word_1_373' title='bbox 1628 4239 1660 4283; x_wconf 73' lang='lat'>2</span> <span class='ocrx_word' id='word_1_374' title='bbox 1706 4234 1855 4288; x_wconf 87' lang='grc' dir='ltr'>ἱςτός</span> <span class='ocrx_word' id='word_1_375' title='bbox 1903 4236 2121 4301; x_wconf 79' lang='lat' dir='ltr'>explevi</span> <span class='ocrx_word' id='word_1_376' title='bbox 2170 4254 2234 4286; x_wconf 83' lang='lat' dir='ltr'>ex</span> <span class='ocrx_word' id='word_1_377' title='bbox 2274 4240 2353 4291; x_wconf 71' lang='lat' dir='ltr'>St,</span> <span class='ocrx_word' id='word_1_378' title='bbox 2391 4238 2480 4297; x_wconf 91' lang='lat' dir='ltr'>B.,</span> <span class='ocrx_word' id='word_1_379' title='bbox 2527 4238 2658 4286; x_wconf 80' lang='lat' dir='ltr'><strong>item</strong></span> <span class='ocrx_word' id='word_1_380' title='bbox 2696 4234 2932 4301; x_wconf 75' lang='grc' dir='ltr'>(ηςτός,</span> <span class='ocrx_word' id='word_1_381' title='bbox 2980 4237 3124 4300; x_wconf 83' lang='lat' dir='ltr'>quod</span> 
     </span>
     <span class='ocr_line' id='line_1_40' title="bbox 551 4295 3124 4369; baseline 0.005 -26"><span class='ocrx_word' id='word_1_382' title='bbox 551 4295 813 4369; x_wconf 65' lang='lat' dir='ltr'><strong>Schmxdt.</strong></span> <span class='ocrx_word' id='word_1_383' title='bbox 842 4311 937 4360; x_wconf 84' lang='lat' dir='ltr'>pro</span> <span class='ocrx_word' id='word_1_384' title='bbox 963 4296 1139 4348; x_wconf 87' lang='grc' dir='ltr'>ςιςτός</span> <span class='ocrx_word' id='word_1_385' title='bbox 1164 4298 1298 4348; x_wconf 88' lang='lat' dir='ltr'>Lob.</span> <span class='ocrx_word' id='word_1_386' title='bbox 1326 4300 1525 4351; x_wconf 80' lang='lat' dir='ltr'>Parall.</span> <span class='ocrx_word' id='word_1_387' title='bbox 1550 4304 1645 4352; x_wconf 83' lang='lat'>351</span> <span class='ocrx_word' id='word_1_388' title='bbox 1676 4310 1785 4353; x_wconf 87' lang='lat' dir='ltr'><strong>not.</strong></span> <span class='ocrx_word' id='word_1_389' title='bbox 1813 4308 1875 4353; x_wconf 83' lang='lat'>51</span> <span class='ocrx_word' id='word_1_390' title='bbox 1903 4302 2086 4355; x_wconf 83' lang='grc' dir='ltr'>οίςτός</span> <span class='ocrx_word' id='word_1_391' title='bbox 2112 4310 2452 4369; x_wconf 75' lang='lat' dir='ltr'>proponente</span> <span class='ocrx_word' id='word_1_392' title='bbox 2480 4305 2747 4365; x_wconf 78' lang='lat' dir='ltr'><strong>exhibuit,</strong></span> <span class='ocrx_word' id='word_1_393' title='bbox 2788 4303 3029 4367; x_wconf 86' lang='grc' dir='ltr'>Κραςτός</span> <span class='ocrx_word' id='word_1_394' title='bbox 3057 4322 3124 4355; x_wconf 77' lang='lat' dir='ltr'>ex</span> 
     </span>
     <span class='ocr_line' id='line_1_41' title="bbox 551 4363 3123 4437; baseline 0.003 -23"><span class='ocrx_word' id='word_1_395' title='bbox 551 4364 630 4415; x_wconf 66' lang='lat' dir='ltr'>St.</span> <span class='ocrx_word' id='word_1_396' title='bbox 658 4366 718 4414; x_wconf 91' lang='lat' dir='ltr'>B.</span> <span class='ocrx_word' id='word_1_397' title='bbox 744 4363 948 4425; x_wconf 81' lang='lat' dir='ltr'>addidi,</span> <span class='ocrx_word' id='word_1_398' title='bbox 974 4366 1182 4430; x_wconf 79' lang='lat' dir='ltr'>pariter</span> <span class='ocrx_word' id='word_1_399' title='bbox 1209 4364 1469 4431; x_wconf 84' lang='grc' dir='ltr'>Γραςτός,</span> <span class='ocrx_word' id='word_1_400' title='bbox 1497 4370 1641 4432; x_wconf 84' lang='lat' dir='ltr'>quod</span> <span class='ocrx_word' id='word_1_401' title='bbox 1666 4387 1715 4435; x_wconf 83' lang='lat' dir='ltr'>p.</span> <span class='ocrx_word' id='word_1_402' title='bbox 1743 4376 1860 4433; x_wconf 85' lang='lat'>504,</span> <span class='ocrx_word' id='word_1_403' title='bbox 1886 4376 1918 4422; x_wconf 85' lang='grc'><strong>9</strong></span> <span class='ocrx_word' id='word_1_404' title='bbox 1944 4378 2231 4436; x_wconf 63' lang='grc' dir='ltr'>οκγτοτιοε,</span> <span class='ocrx_word' id='word_1_405' title='bbox 2261 4389 2313 4437; x_wconf 91' lang='lat' dir='ltr'>p.</span> <span class='ocrx_word' id='word_1_406' title='bbox 2339 4376 2456 4434; x_wconf 75' lang='lat'>213,</span> <span class='ocrx_word' id='word_1_407' title='bbox 2483 4377 2515 4422; x_wconf 83' lang='lat'>9</span> <span class='ocrx_word' id='word_1_408' title='bbox 2538 4374 2837 4435; x_wconf 81' lang='lat' dir='ltr'>barytonos</span> <span class='ocrx_word' id='word_1_409' title='bbox 2864 4374 3123 4437; x_wconf 78' lang='lat' dir='ltr'><strong>scriptum</strong></span> 
     </span>
     <span class='ocr_line' id='line_1_42' title="bbox 550 4430 3124 4501; baseline 0.004 -20"><span class='ocrx_word' id='word_1_410' title='bbox 550 4438 650 4481; x_wconf 79' lang='lat' dir='ltr'><strong>est.</strong></span> <span class='ocrx_word' id='word_1_411' title='bbox 722 4430 958 4483; x_wconf 86' lang='grc' dir='ltr'>Φαιςτός</span> <span class='ocrx_word' id='word_1_412' title='bbox 995 4438 1053 4483; x_wconf 77' lang='lat' dir='ltr'>et</span> <span class='ocrx_word' id='word_1_413' title='bbox 1088 4433 1324 4486; x_wconf 84' lang='grc' dir='ltr'>Φαῑςτος</span> <span class='ocrx_word' id='word_1_414' title='bbox 1361 4436 1578 4501; x_wconf 70' lang='lat' dir='ltr'><strong>explevi</strong></span> <span class='ocrx_word' id='word_1_415' title='bbox 1612 4455 1678 4489; x_wconf 84' lang='lat' dir='ltr'>ex</span> <span class='ocrx_word' id='word_1_416' title='bbox 1717 4442 1798 4490; x_wconf 77' lang='lat' dir='ltr'>st.</span> <span class='ocrx_word' id='word_1_417' title='bbox 1837 4442 1897 4489; x_wconf 91' lang='lat' dir='ltr'>B.</span> <span class='ocrx_word' id='word_1_418' title='bbox 1935 4446 1991 4489; x_wconf 85' lang='lat' dir='ltr'>et</span> <span class='ocrx_word' id='word_1_419' title='bbox 2027 4440 2091 4489; x_wconf 90' lang='lat'>11.</span> <span class='ocrx_word' id='word_1_420' title='bbox 2130 4441 2219 4489; x_wconf 87' lang='lat' dir='ltr'>Pr.</span> <span class='ocrx_word' id='word_1_421' title='bbox 2246 4441 2284 4493; x_wconf 90' lang='grc' dir='ltr'>Ε</span> <span class='ocrx_word' id='word_1_422' title='bbox 2317 4442 2383 4489; x_wconf 84' lang='grc'>43</span> <span class='ocrx_word' id='word_1_423' title='bbox 2422 4444 2478 4489; x_wconf 78' lang='lat' dir='ltr'>et</span> <span class='ocrx_word' id='word_1_424' title='bbox 2514 4438 2553 4491; x_wconf 91' lang='grc' dir='ltr'>Β</span> <span class='ocrx_word' id='word_1_425' title='bbox 2589 4443 2705 4489; x_wconf 82' lang='grc'>648.</span> <span class='ocrx_word' id='word_1_426' title='bbox 2754 4438 2970 4491; x_wconf 87' lang='grc' dir='ltr'>Δύςτος</span> <span class='ocrx_word' id='word_1_427' title='bbox 3005 4457 3124 4491; x_wconf 85' lang='lat' dir='ltr'>cum</span> 
     </span>
     <span class='ocr_line' id='line_1_43' title="bbox 551 4499 3124 4570; baseline 0.002 -17"><span class='ocrx_word' id='word_1_428' title='bbox 551 4499 810 4549; x_wconf 74' lang='lat' dir='ltr'><strong>Schmidt·</strong></span> <span class='ocrx_word' id='word_1_429' title='bbox 850 4516 944 4565; x_wconf 82' lang='lat' dir='ltr'>pro</span> <span class='ocrx_word' id='word_1_430' title='bbox 982 4499 1178 4564; x_wconf 69' lang='grc' dir='ltr'>βύετο(</span> <span class='ocrx_word' id='word_1_431' title='bbox 1216 4518 1282 4551; x_wconf 78' lang='lat' dir='ltr'>ex</span> <span class='ocrx_word' id='word_1_432' title='bbox 1320 4504 1396 4557; x_wconf 82' lang='lat' dir='ltr'>St.</span> <span class='ocrx_word' id='word_1_433' title='bbox 1436 4505 1498 4557; x_wconf 87' lang='lat' dir='ltr'>B.</span> <span class='ocrx_word' id='word_1_434' title='bbox 1547 4507 1702 4570; x_wconf 84' lang='lat' dir='ltr'>posui</span> <span class='ocrx_word' id='word_1_435' title='bbox 1740 4514 1795 4557; x_wconf 83' lang='lat' dir='ltr'>et</span> <span class='ocrx_word' id='word_1_436' title='bbox 1834 4506 2046 4559; x_wconf 86' lang='grc' dir='ltr'>Νάςτος</span> <span class='ocrx_word' id='word_1_437' title='bbox 2084 4524 2150 4557; x_wconf 77' lang='lat' dir='ltr'>ex</span> <span class='ocrx_word' id='word_1_438' title='bbox 2187 4509 2377 4558; x_wconf 78' lang='lat' dir='ltr'><strong>eodem</strong></span> <span class='ocrx_word' id='word_1_439' title='bbox 2413 4507 2630 4567; x_wconf 82' lang='lat' dir='ltr'>addidi,</span> <span class='ocrx_word' id='word_1_440' title='bbox 2683 4506 2888 4559; x_wconf 88' lang='grc' dir='ltr'>Νέςτος</span> <span class='ocrx_word' id='word_1_441' title='bbox 2939 4524 3006 4558; x_wconf 76' lang='lat' dir='ltr'>ox</span> <span class='ocrx_word' id='word_1_442' title='bbox 3045 4510 3124 4559; x_wconf 82' lang='lat' dir='ltr'>St.</span> 
     </span>
     <span class='ocr_line' id='line_1_44' title="bbox 550 4567 3123 4642; baseline 0.004 -27"><span class='ocrx_word' id='word_1_443' title='bbox 550 4567 611 4615; x_wconf 91' lang='lat' dir='ltr'>B.</span> <span class='ocrx_word' id='word_1_444' title='bbox 648 4567 883 4632; x_wconf 80' lang='lat' dir='ltr'><strong>explevi.</strong></span> <span class='ocrx_word' id='word_1_445' title='bbox 1092 4570 1127 4619; x_wconf 90' lang='lat' dir='ltr'>l.</span> <span class='ocrx_word' id='word_1_446' title='bbox 1166 4571 1227 4619; x_wconf 89' lang='lat'>18</span> <span class='ocrx_word' id='word_1_447' title='bbox 1274 4568 1438 4622; x_wconf 90' lang='grc' dir='ltr'>ἀςτός</span> <span class='ocrx_word' id='word_1_448' title='bbox 1483 4588 1547 4621; x_wconf 80' lang='lat' dir='ltr'>ex</span> <span class='ocrx_word' id='word_1_449' title='bbox 1586 4574 1663 4624; x_wconf 86' lang='lat' dir='ltr'>St.</span> <span class='ocrx_word' id='word_1_450' title='bbox 1706 4577 1764 4628; x_wconf 87' lang='lat' dir='ltr'>B.</span> <span class='ocrx_word' id='word_1_451' title='bbox 1811 4579 1906 4626; x_wconf 86' lang='lat'>139</span> <span class='ocrx_word' id='word_1_452' title='bbox 1951 4573 2115 4627; x_wconf 88' lang='grc' dir='ltr'>ἀςτός</span> <span class='ocrx_word' id='word_1_453' title='bbox 2152 4577 2241 4626; x_wconf 83' lang='grc' dir='ltr'>καὶ</span> <span class='ocrx_word' id='word_1_454' title='bbox 2278 4574 2416 4640; x_wconf 86' lang='grc' dir='ltr'>ἀςτή</span> <span class='ocrx_word' id='word_1_455' title='bbox 2454 4572 2544 4626; x_wconf 86' lang='grc' dir='ltr'>καί</span> <span class='ocrx_word' id='word_1_456' title='bbox 2591 4573 2762 4626; x_wconf 89' lang='grc' dir='ltr'>ἀςτόν</span> <span class='ocrx_word' id='word_1_457' title='bbox 2797 4576 2990 4640; x_wconf 80' lang='lat' dir='ltr'>scripsi</span> <span class='ocrx_word' id='word_1_458' title='bbox 3027 4593 3123 4642; x_wconf 81' lang='lat' dir='ltr'>pro</span> 
     </span>
     <span class='ocr_line' id='line_1_45' title="bbox 553 4634 3122 4709; baseline 0.003 -25"><span class='ocrx_word' id='word_1_459' title='bbox 553 4634 780 4698; x_wconf 88' lang='grc' dir='ltr'>μαςτός,</span> <span class='ocrx_word' id='word_1_460' title='bbox 818 4635 1080 4687; x_wconf 79' lang='lat' dir='ltr'><strong>Schmidt.</strong></span> <span class='ocrx_word' id='word_1_461' title='bbox 1118 4638 1317 4690; x_wconf 88' lang='grc' dir='ltr'>ναςτός</span> <span class='ocrx_word' id='word_1_462' title='bbox 1353 4642 1625 4705; x_wconf 85' lang='lat' dir='ltr'><strong>proponit.</strong></span> <span class='ocrx_word' id='word_1_463' title='bbox 1674 4641 1764 4693; x_wconf 79' lang='grc' dir='ltr'>καὶ</span> <span class='ocrx_word' id='word_1_464' title='bbox 1801 4643 1869 4693; x_wconf 86' lang='grc' dir='ltr'>τὸ</span> <span class='ocrx_word' id='word_1_465' title='bbox 1906 4642 2180 4695; x_wconf 82' lang='grc' dir='ltr'>Πλεῑςτος</span> <span class='ocrx_word' id='word_1_466' title='bbox 2217 4672 2281 4679; x_wconf 93' lang='lat'>—-</span> <span class='ocrx_word' id='word_1_467' title='bbox 2318 4642 2615 4709; x_wconf 79' lang='grc' dir='ltr'>παράδοςις</span> <span class='ocrx_word' id='word_1_468' title='bbox 2643 4644 2832 4694; x_wconf 80' lang='lat' dir='ltr'><strong>addidi</strong></span> <span class='ocrx_word' id='word_1_469' title='bbox 2869 4660 2935 4694; x_wconf 84' lang='lat' dir='ltr'>ex</span> <span class='ocrx_word' id='word_1_470' title='bbox 2961 4646 3024 4694; x_wconf 85' lang='grc' dir='ltr'>Ε.</span> <span class='ocrx_word' id='word_1_471' title='bbox 3050 4646 3122 4693; x_wconf 86' lang='grc' dir='ltr'>Μ.</span> 
     </span>
     <span class='ocr_line' id='line_1_46' title="bbox 550 4704 3123 4777; baseline 0.005 -26"><span class='ocrx_word' id='word_1_472' title='bbox 550 4704 676 4766; x_wconf 83' lang='grc'>676,</span> <span class='ocrx_word' id='word_1_473' title='bbox 714 4705 746 4754; x_wconf 83' lang='grc'>6</span> <span class='ocrx_word' id='word_1_474' title='bbox 791 4704 990 4754; x_wconf 83' lang='lat' dir='ltr'>collato</span> <span class='ocrx_word' id='word_1_475' title='bbox 1028 4706 1211 4757; x_wconf 71' lang='lat' dir='ltr'>schol.</span> <span class='ocrx_word' id='word_1_476' title='bbox 1263 4707 1334 4757; x_wconf 81' lang='lat' dir='ltr'>ad</span> <span class='ocrx_word' id='word_1_477' title='bbox 1379 4709 1627 4773; x_wconf 82' lang='lat' dir='ltr'>Apollon.</span> <span class='ocrx_word' id='word_1_478' title='bbox 1676 4711 1710 4759; x_wconf 91' lang='lat'>1.</span> <span class='ocrx_word' id='word_1_479' title='bbox 1752 4728 1822 4772; x_wconf 86' lang='lat' dir='ltr'>c.,</span> <span class='ocrx_word' id='word_1_480' title='bbox 1873 4713 1990 4777; x_wconf 78' lang='lat' dir='ltr'>ipso</span> <span class='ocrx_word' id='word_1_481' title='bbox 2039 4712 2300 4777; x_wconf 77' lang='lat' dir='ltr'>supplens</span> <span class='ocrx_word' id='word_1_482' title='bbox 2353 4713 2525 4763; x_wconf 80' lang='lat' dir='ltr'>verba.</span> <span class='ocrx_word' id='word_1_483' title='bbox 2579 4711 2683 4763; x_wconf 87' lang='grc' dir='ltr'>οὐκ</span> <span class='ocrx_word' id='word_1_484' title='bbox 2727 4710 3014 4775; x_wconf 81' lang='grc' dir='ltr'>ἐπικρατεῖ</span> <span class='ocrx_word' id='word_1_485' title='bbox 3057 4741 3123 4748; x_wconf 86' lang='lat'>·—</span> 
     </span>
     <span class='ocr_line' id='line_1_47' title="bbox 552 4769 3123 4847; baseline 0.005 -28"><span class='ocrx_word' id='word_1_486' title='bbox 552 4769 846 4834; x_wconf 79' lang='grc' dir='ltr'>παράδοςις</span> <span class='ocrx_word' id='word_1_487' title='bbox 884 4789 949 4822; x_wconf 82' lang='lat' dir='ltr'>ex</span> <span class='ocrx_word' id='word_1_488' title='bbox 986 4775 1286 4826; x_wconf 78' lang='lat' dir='ltr'><strong>Herodiani</strong></span> <span class='ocrx_word' id='word_1_489' title='bbox 1332 4793 1417 4842; x_wconf 79' lang='lat' dir='ltr'>ap.</span> <span class='ocrx_word' id='word_1_490' title='bbox 1457 4778 1535 4828; x_wconf 78' lang='lat' dir='ltr'>St.</span> <span class='ocrx_word' id='word_1_491' title='bbox 1575 4780 1636 4827; x_wconf 92' lang='lat' dir='ltr'>B.</span> <span class='ocrx_word' id='word_1_492' title='bbox 1672 4782 1797 4842; x_wconf 81' lang='lat'>421,</span> <span class='ocrx_word' id='word_1_493' title='bbox 1836 4784 1868 4830; x_wconf 88' lang='lat'><strong>3</strong></span> <span class='ocrx_word' id='word_1_494' title='bbox 1906 4782 2208 4841; x_wconf 83' lang='lat' dir='ltr'><strong>sententia,</strong></span> <span class='ocrx_word' id='word_1_495' title='bbox 2257 4783 2349 4845; x_wconf 84' lang='lat' dir='ltr'>qui</span> <span class='ocrx_word' id='word_1_496' title='bbox 2397 4782 2453 4831; x_wconf 85' lang='lat' dir='ltr'>in</span> <span class='ocrx_word' id='word_1_497' title='bbox 2492 4784 2555 4834; x_wconf 85' lang='grc' dir='ltr'>Ε.</span> <span class='ocrx_word' id='word_1_498' title='bbox 2591 4782 2664 4833; x_wconf 86' lang='grc' dir='ltr'>Μ.</span> <span class='ocrx_word' id='word_1_499' title='bbox 2715 4780 2919 4830; x_wconf 82' lang='lat' dir='ltr'><strong>diserte</strong></span> <span class='ocrx_word' id='word_1_500' title='bbox 2966 4798 3123 4847; x_wconf 80' lang='lat' dir='ltr'><strong>prae-</strong></span> 
     </span>
     <span class='ocr_line' id='line_1_48' title="bbox 550 4839 2979 4978; baseline 0.005 -91"><span class='ocrx_word' id='word_1_501' title='bbox 550 4839 1893 4978; x_wconf 47' lang='lat' dir='ltr'>fegigfflfieffssfftghmr’ssgneSissnggffi&#39;bmfsbc·be</span> <span class='ocrx_word' id='word_1_502' title='bbox 1931 4848 2118 4968; x_wconf 50' lang='grc' dir='ltr'>ἐιὶιτιέι)</span> <span class='ocrx_word' id='word_1_503' title='bbox 2152 4848 2397 4969; x_wconf 57' lang='grc' dir='ltr'>κολθό2λ4ου</span> <span class='ocrx_word' id='word_1_504' title='bbox 2418 4848 2979 4970; x_wconf 48' lang='grc' dir='ltr'>Ρλεῑςτοςιβαέιὲῢνει.</span> 
     </span>
    </p>

    <p class='ocr_par' dir='ltr' id='par_1_9' title="bbox 574 4932 3124 4980">
     <span class='ocr_line' id='line_1_49' title="bbox 574 4932 3124 4980; baseline 0.001 -14"><span class='ocrx_word' id='word_1_505' title='bbox 574 4940 586 4954; x_wconf 88' lang='lat'><strong>·</strong></span> <span class='ocrx_word' id='word_1_506' title='bbox 1258 4939 1322 4946; x_wconf 93' lang='lat'>—</span> <span class='ocrx_word' id='word_1_507' title='bbox 1637 4932 1691 4967; x_wconf 76' lang='lat' dir='ltr'>a(</span> <span class='ocrx_word' id='word_1_508' title='bbox 1712 4933 1818 4967; x_wconf 82' lang='lat' dir='ltr'>1ec1</span> <span class='ocrx_word' id='word_1_509' title='bbox 1863 4934 1930 4967; x_wconf 79' lang='lat' dir='ltr'>ex</span> <span class='ocrx_word' id='word_1_510' title='bbox 2027 4955 2038 4966; x_wconf 90' lang='lat'><strong>.</strong></span> <span class='ocrx_word' id='word_1_511' title='bbox 2124 4933 2164 4966; x_wconf 91' lang='lat' dir='ltr'>r.</span> <span class='ocrx_word' id='word_1_512' title='bbox 2355 4954 2368 4980; x_wconf 84' lang='grc'>,</span> <span class='ocrx_word' id='word_1_513' title='bbox 2466 4932 2630 4969; x_wconf 88' lang='grc' dir='ltr'>υκτος</span> <span class='ocrx_word' id='word_1_514' title='bbox 2678 4935 2706 4969; x_wconf 80' lang='grc' dir='ltr'>ο</span> <span class='ocrx_word' id='word_1_515' title='bbox 2870 4932 3010 4971; x_wconf 84' lang='grc' dir='ltr'>πτος</span> <span class='ocrx_word' id='word_1_516' title='bbox 3057 4935 3124 4969; x_wconf 80' lang='lat' dir='ltr'>ex</span> 
     </span>
    </p>
   </div>
  </div>
 </body>
</html>
