3664 5546
1193 298 1352 357 ΠΕΡΙ
1393 296 1786 354 ΚΑΘΟΛΙΚΗ(
1822 295 2246 355 ΠΡΟΕΩιΔΙΑ(
2286 296 2361 350 ΙΒ.
2526 370 2533 373 μ
2946 256 3083 360 347ν

655 473 749 538 Τὰ
792 472 883 538 εἰς
925 475 1020 550 ιἰῖῆ
1064 474 1188 552 οὐχ
1233 472 1487 551 εὕρηται
1531 473 1702 552 πλὴν
1746 475 1864 536 τοῦ
1895 469 2210 550 Τεράψη
2256 475 2446 550 νῆςος
2490 470 2653 549 πρὸς
2699 467 3074 549 Καρχηδόνα

487 577 567 641 οὐ
613 576 869 655 μεγάλη.
1413 610 1420 615 -

655 668 749 744 Τὰ
793 679 881 743 εἰς
925 682 979 742 ῶ
1026 679 1306 757 λήγοντα
1338 672 1604 756 ’θηλυκὰ
1662 677 1985 759 ὀξύνεται,
2044 678 2364 760 Κλωθώ,
2410 677 2724 758 Ἐρατώ,
2770 675 3071 756 Θεανώ,

488 782 811 863 (απφώ,
856 780 1072 862 Λητώ
1117 781 1293 857 παρὰ
1336 782 1412 845 τὸ
1460 781 1634 859 λήθω
1678 781 1752 845 τὸ
1801 780 2100 845 λανθάνω
2145 781 2304 859 λήθη
2348 780 2452 843 καὶ
2494 778 2681 858 Λήθώ
2727 778 2826 843 καὶ
2870 778 3069 856 Λητώ.

487 887 562 950 τὸ
607 885 731 963 γὰρ
776 883 1015 963 ἥμερον
1061 882 1164 945 καὶ
1205 876 1382 961 πραΰ
1427 882 1496 947 ἐκ
1538 887 1656 946 τοῦ
1702 882 2102 959 ἐπιλελῆςθαι
2154 886 2285 946 τῶν
2331 880 2419 944 εἰς
2462 880 2662 958 αὐτὴν
2706 882 3070 959 πεπλημμε-
3099 888 3132 937 5

490 987 783 1066 λημένων
828 983 1213 1064 ἐμφαίνεται.
1274 983 1312 1049 6
1358 986 1429 1048 δὲ
1468 984 1746 1050 Πλάτων
1793 984 1985 1064 φηςὶν
2031 982 2297 1060 ἐλεητώ·
2344 982 2631 1061 ἐλεήμων
2676 982 2798 1060 γὰρ
2843 983 2882 1060 ἡ
2928 982 3100 1046 θεὸς

490 1088 588 1153 καὶ
632 1089 866 1165 πραεῖα
909 1087 1012 1150 καὶ
1055 1085 1300 1150 πάντας
1343 1086 1624 1150 έλεοῦςα.
1685 1086 1723 1149 6
1769 1086 1842 1150 δὲ
1872 1084 2270 1164 Ἀρίςταρχος
2315 1085 2489 1162 παρὰ
2533 1085 2607 1149 τὸ
2654 1087 2747 1148 λῶ
2775 1084 2852 1148 τὸ
2884 1082 3073 1163 θέλω,

489 1190 676 1255 ἔνθεν
719 1190 797 1254 τὸ
844 1191 956 1270 λῇς
999 1186 1142 1251 ἀντὶ
1185 1192 1301 1252 τοῦ
1346 1188 1548 1252 θέλεις
1596 1188 1752 1267 μετὰ
1794 1190 1913 1251 τοῦ
1955 1190 1990 1250 ἶ
2018 1185 2353 1265 Εὐριπίδης
2398 1187 2500 1250 καὶ
2541 1186 2616 1269 τὸ
2663 1189 2740 1268 λῇ
2787 1185 2860 1250 τὸ
2906 1185 3074 1249 θέλει

488 1292 829 1369 Δωρικῶς·
889 1289 1109 1366 ἐπειδὴ
1155 1289 1193 1354 ὃ
1237 1288 1318 1353 ἄν
1361 1310 1456 1354 τις
1499 1288 1683 1372 θέλῃ,
1728 1289 1888 1367 παρ’
1932 1289 2128 1366 αὐτῆς
2174 1287 2492 1368 λαμβάνει.
2563 1286 2893 1350 Λατώ’δ’
2937 1285 3073 1349 έλέ-
3127 1357 3134 1365 ,

489 1414 642 1469 γετο
678 1391 936 1471 Καμάρα
964 1391 1150 1456 πόλις
1186 1391 1441 1469 Κρήτης.
1494 1391 1769 1472 πειθώ,
1802 1390 2084 1472 φειδώ,
2130 1390 2393 1471 χρειώ,
2441 1387 2743 1468 βαςιλώ.
2816 1387 3073 1451 Κλειώ.
3115 1396 3178 1447 10

495 1495 846 1573 Καλυψώ.
902 1492 1086 1571 Δηώ
1132 1494 1170 1571 ἡ
1215 1493 1549 1572 Δημήτηρ·
1595 1494 1697 1557 καὶ
1739 1495 2126 1572 διφορεῑται·
2174 1490 2316 1556 οἶδε
2359 1491 2482 1568 γὰρ
2527 1491 2565 1569 ἡ
2610 1488 2957 1569 παράδοςις
2999 1488 3075 1552 τὸ

490 1599 530 1675 ἦ
576 1597 731 1676 μετὰ
774 1599 890 1659 τοῦ
933 1587 966 1656 ἶ
1010 1594 1112 1658 καὶ
1155 1595 1363 1672 χωρίς.
1450 1594 1553 1657 καὶ
1607 1593 1661 1658 εἰ
1706 1595 1819 1672 μὲν
1866 1595 1946 1673 μὴ
1994 1594 2122 1672 ἔχει
2166 1594 2243 1658 τὸ
2287 1595 2348 1674 ῑ,
2409 1591 2536 1657 έςτὶ
2578 1592 2753 1669 παρὰ
2807 1592 2883 1656 τὸ
2940 1591 3075 1668 δήω

491 1700 567 1763 τὸ
627 1700 932 1776 ςημαῑνον
989 1697 1066 1760 τὸ
1131 1695 1424 1773 εὑρίςκω·
1479 1698 1582 1760 καὶ
1639 1697 1762 1774 γὰρ
1817 1696 2003 1774 ἡνίκα
2060 1681 2440 1773 περιήρχετο
2515 1695 2602 1759 εἰς
2655 1693 2907 1771 ζήτήςιν
2962 1695 3076 1769 τῆς

492 1800 808 1888 θυγατρὸς
850 1782 1076 1879 αὐτῆς,
1122 1798 1259 1861 κατ’
1307 1796 1702 1877 εὐφημιςμὸν
1748 1798 1979 1873 ἔλεγον
2025 1798 2260 1861 πάντες
2306 1796 2560 1874 «δήεις»
2606 1795 2928 1860 τουτέςτιν
2974 1794 3074 1858 εύ-

494 1901 729 1979 ρήςεις·
775 1900 813 1977 ἢ
859 1899 1077 1976 ἐπειδὴ
1122 1897 1279 1977 αὕτη
1325 1898 1557 1978 ἐφεῦρε
1601 1899 1719 1963 τὸν
1764 1902 1957 1964 ςῖτον.
2003 1899 2058 1965 εἰ
2103 1900 2174 1962 δὲ
2219 1898 2349 1976 ἔχει
2394 1899 2469 1963 τὸ
2516 1901 2578 1979 ἶ,
2623 1897 2856 1973 γέγονε
2901 1896 3077 1973 παρὰ
3118 1904 3178 1956 15

495 2004 567 2067 τὸ
614 2000 771 2066 δαίω
816 2001 891 2065 τὸ
936 1999 1153 2064 κόπτω
1198 2000 1356 2063 κατὰ
1399 2002 1648 2079 τροπήν
1695 2001 1972 2079 Ἰωνικὴν
2025 2004 2141 2064 τοῦ
2187 2003 2229 2064 ἃ
2272 2001 2360 2064 εἰς
2402 2002 2470 2077 ἦ·
2512 2000 2628 2063 καὶ
2680 1999 2801 2076 γὰρ
2858 1996 2897 2074 ἡ
2941 1996 3076 2074 Δη-

493 2104 694 2183 μήτηρ
738 2106 818 2178 γῆ
865 2103 1046 2166 ἐςτιν.
1135 2103 1174 2179 ἡ
1222 2102 1294 2166 δὲ
1336 2104 1418 2179 γῆ
1465 2102 1867 2166 διακόπτεται
1924 2101 1994 2167 ἐν
2051 2108 2144 2184 τῷ
2189 2100 2610 2180 ἀροτριᾶςθαι.
2698 2100 2737 2177 ἢ
2782 2101 2957 2177 παρὰ
2999 2100 3075 2163 τὸ

493 2205 649 2269 δαίω
691 2204 766 2269 τὸ
815 2203 1001 2283 καίω,
1059 2203 1157 2266 ὅτι
1203 2204 1357 2282 μετὰ
1404 2203 1756 2283 λαμπάδων
1801 2203 2003 2282 ἐζήτει
2046 2205 2161 2281 τὴν
2208 2203 2539 2281 θυγατέρα.
2577 2184 2593 2206 ⁴
2625 2204 2793 2267 τινὲς
2836 2202 2907 2266 δέ
2952 2221 3075 2280 φα-

492 2328 620 2388 ςιν,
676 2306 774 2371 ὅτι
831 2304 1314 2383 ὑποκοριςτικόν
1370 2304 1533 2369 ἐςτιν
1591 2303 1721 2369 ἀπὸ
1777 2308 1896 2370 τοῦ
1949 2305 2257 2384 Δημήτηρ
2311 2306 2473 2383 Δηώ
2519 2305 2914 2379 ἀγνοοῦντες
2959 2304 3073 2367 τὸν

494 2408 911 2487 ςχηματιςμὸν
967 2411 1097 2471 τῶν
1153 2405 1470 2471 τοιούτων
1526 2405 2044 2483 ὑποκοριςτικῶν.
2143 2408 2222 2471 τὰ
2276 2408 2399 2484 γὰρ
2455 2410 2718 2470 τοιαῦτα
2774 2405 3075 2483 ὑποκορι-
3111 2410 3180 2462 20

493 2509 665 2573 ςτικά
709 2508 878 2572 θέλει
924 2508 1270 2586 φυλάττειν
1314 2508 1391 2571 τὸ
1438 2508 1786 2586 ςύμφωνον
1840 2511 1952 2585 τῆς
1997 2507 2297 2586 δευτέρας
2354 2511 2664 2588 ςυλλαβῆς
2706 2512 2836 2571 τῶν
2897 2507 3076 2571 ἰδίων

492 2609 936 2688 πρωτοτύπων
992 2607 1138 2673 οἷον
1183 2608 1508 2686 Ὑψιπύλη
1559 2609 1799 2690 Ὑ,ψώ,
1865 2610 2127 2674 Εἰδόθεα
2180 2610 2373 2675 Εἰδώ
2439 2610 2599 2687 παρ’
2650 2608 2966 2692 Αἰςχύλῳ·
3022 2610 3078 2674 εἰ

495 2710 613 2776 οὖν
667 2710 1008 2792 Δημήτηρ,
1062 2709 1268 2788 Δημώ
1331 2708 1612 2788 ὤφειλεν
1681 2708 1878 2794 εἶναι,
1946 2710 2096 2776 ἀλλ’
2152 2710 2270 2776 οὐκ
2337 2711 2504 2777 ἔςτιν
2574 2711 3074 2791 ὑποκοριςτικόν.

494 2813 759 2878 Βουτώ
806 2812 980 2890 κώμη
1022 2811 1377 2892 Αἰγύπτου,
1423 2810 1547 2891 ἀφ’
1590 2811 1667 2890 ἧς
1712 2814 1815 2877 καὶ
1857 2812 2041 2890 Λητὼ
2089 2813 2343 2895 Βουτώ,
2388 2812 2463 2891 ἧς
2491 2834 2667 2879 τινος
2698 2816 3076 2893 χρηςτήριον

491 2915 587 2993 ἦν.
678 2913 965 2977 ἐκαλεῖτο
1012 2914 1083 2977 δὲ
1128 2913 1229 2976 καὶ
1274 2913 1533 2977 Βοῦτος.
1621 2913 1913 2977 Δωδώ·
1961 2912 2168 2979 οὕτως
2228 2914 2485 2990 ἐλέγετο
2529 2915 2846 2994 Δωδώνη.
2938 2914 3077 2994 (ζιμ-
3114 2924 3179 2973 25

493 3015 633 3094 μίας
699 3013 736 3078 6
803 3012 1050 3078 Ῥόδιος
1115 3012 1369 3091 «Ζηνὸς
1449 3013 1597 3079 ἕδος
1663 3014 1976 3092 Κρονίδαο
2054 3016 2312 3095 μάκαιρ’
2378 3016 2728 3082 ὑπεδέξατο
2796 3017 3013 3081 Δωδώ
3032 3043 3075 3079 ».

494 3116 720 3195 Ἐλβώ
790 3119 994 3192 νῆςος.
1095 3114 1445 3191 Ἡρόδοτος
1510 3116 1776 3200 δευτέρᾳ
1831 3116 1927 3199 ’(ο.
1988 3115 2160 3201 140).
2264 3117 2551 3197 Ἀμαζώ
2626 3117 2904 3196 θυγάτηρ
2966 3121 3078 3194 τῆς

493 3216 792 3297 Ἐφέςου,
848 3216 972 3295 ἀφ’
1028 3215 1103 3294 ἦς
1157 3214 1221 3278 αἱ
1278 3216 1630 3295 Ἀμαζόνες.
1732 3216 1804 3281 Ἡ
1821 3218 1916 3296 ρώ
1984 3218 2169 3283 πόλις
2198 3218 2546 3294 Ἀίγυπτία.
2648 3219 2948 3300 (τράβων
3006 3221 3077 3282 δὲ

494 3318 759 3394 Ἡρώων
805 3318 996 3382 πόλιν
1054 3317 1251 3395 αὐτὴν
1307 3320 1487 3382 καλεῖ
1533 3317 1642 3400 (17
1690 3340 1747 3403 p.
1793 3317 1973 3401 836).
2064 3319 2298 3398 Θριώ·
2356 3320 2563 3384 οὕτως
2621 3321 2868 3395 λέγεται
2914 3320 3077 3397 Θρῑα

494 3422 693 3497 δῆμος
747 3421 859 3495 τῆς
914 3417 1211 3497 Οἰνηῖδος
1265 3422 1508 3501 φυλῆς,
1563 3418 1714 3485 ὅθεν
1773 3420 2061 3498 Θριῶθεν
2100 3421 2375 3507 ,Θριῶζε
2468 3422 2501 3485 Ἰ
2531 3422 2584 3485 ώ
2632 3422 2771 3501 ἤτοι
2817 3423 3074 3500 ςελήνη·
3112 3429 3180 3481 30

498 3592 610 3599 ——-

630 3742 667 3791 l.
708 3744 734 3791 1
782 3740 935 3805 πλὴν
977 3743 1082 3792 τοῦ
1123 3740 1354 3806 Τεράψη
1398 3757 1570 3807 usque
1617 3743 1689 3793 ad
1733 3743 1895 3795 finem
1943 3760 2009 3795 ex
2047 3746 2127 3796 St.
2163 3745 2227 3796 B.
2276 3746 2529 3810 apposui.
2600 3746 2676 3796 Ut
2721 3745 2849 3795 huic
2883 3747 3079 3796 canoni

498 3813 897 3876 repugnantem
933 3809 1068 3858 Lob.
1095 3810 1285 3860 Rham.
1323 3826 1374 3874 p.
1398 3812 1497 3860 257
1533 3827 1723 3861 vocem
1760 3810 1957 3876 ἀφεψή
1985 3814 2129 3863 Aret.
2167 3813 2294 3864 Cur.
2333 3814 2571 3864 Acut.11
2596 3815 2655 3872 6,
2681 3815 2781 3863 274
2818 3828 2919 3863 nec
2955 3829 3080 3863 senz-

495 3879 701 3929 tentiae
740 3879 880 3927 satis
917 3881 1104 3942 aptam
1137 3878 1415 3942 reprobat,
1521 3877 1554 3928 l.
1589 3881 1622 3928 4
1658 3878 1827 3944 Λητώ
1865 3881 2051 3945 recepi
2088 3896 2155 3930 ex
2192 3880 2437 3945 Theogn.
2470 3883 2584 3945 118,
2612 3883 2696 3944 ⁶20,
2734 3880 2881 3945 apud
2918 3896 3079 3945 quem

491 3946 724 4011 legimus
760 3943 907 4008 λήθη
945 3942 1101 4007 ληθώ
1140 3950 1197 3994 et
1233 3944 1416 4008 Λητώ.
1490 3947 1634 3996 Hinc
1672 3953 1730 3997 et
1765 3964 1832 3998 ex
1870 3948 1968 4012 Ep.
2008 3948 2096 3997 Cr.
2134 3949 2158 3997 1
2194 3951 2319 4010 261,
2356 3952 2448 4008 31,
2486 3951 2589 3999 An.
2627 3949 2804 3999 Paris.
2841 3947 2926 3998 111
2960 3951 3077 4008 307,

493 4016 559 4063 22
595 4014 800 4063 collato
835 4013 908 4062 Ε.
947 4014 1022 4063 Μ.
1059 4014 1183 4074 564,
1225 4014 1286 4062 17
1331 4013 1426 4062 ubi
1471 4012 1614 4065 κατὰ
1657 4013 1717 4066 δέ
1761 4029 1919 4066 τινας
1965 4013 2165 4078 Ληθώ,
2213 4015 2476 4067 concludo
2522 4016 2896 4066 Herodianum
2942 4016 3079 4066 deae

493 4098 692 4132 nomen
729 4096 761 4129 a
798 4076 958 4143 λήθω
995 4096 1091 4144 pro
1132 4095 1327 4145 agasse
1368 4087 1425 4132 et
1462 4081 1705 4146 reliquas
1741 4083 2344 4147 originatione5,'quas
2382 4100 2448 4133 ex
2474 4083 2694 4147 1⁴}p.Cr.
2731 4082 2942 4145 addidi,
2979 4099 3078 4134 suo

492 4165 641 4200 moro
678 4149 1021 4213 apposuisse.
1139 4146 1260 4198 ατώ
1299 4164 1364 4198 ex
1403 4149 1480 4200 St.
1518 4149 1581 4202 Β.
1619 4164 1664 4200 s.
1712 4147 1942 4214 Καμάρα
1979 4152 2232 4200 accessit.
2301 4148 2481 4214 πειθώ
2518 4177 2583 4186 -
2621 4147 2825 4213 βαςιλώ
2870 4151 3079 4200 inserui

494 4235 560 4267 ex
596 4216 869 4280 Theogn.·‚
908 4231 1066 4280 quem
1111 4231 1219 4265 non
1253 4215 1559 4266 Herodiani
1605 4219 1941 4268 sententiam
1984 4217 2192 4267 referre
2242 4219 2515 4268 dicentem
2562 4218 2651 4268 καὶ
2697 4215 2885 4268 πάντα
2931 4216 3081 4269 ἑςτίν

494 4282 889 4348 ὑποκοριςτικὰ
943 4283 1148 4333 evincit
1193 4284 1641 4334 adnotamentum
1690 4301 1757 4335 ox
1802 4284 2124 4335 Herodiano
2179 4286 2238 4334 in
2280 4285 2345 4335 E.
2390 4288 2461 4336 Μ.
2508 4285 2752 4347 illatum,
2808 4285 2954 4348 quod
3011 4285 3077 4335 do

495 4350 634 4417 Δηώ
673 4353 805 4417 agit.
879 4348 1083 4412 Κλειώ,
1132 4351 1275 4416 quod
1322 4351 1492 4401 etiam
1534 4352 1591 4402 in
1629 4351 1729 4402 An.
1766 4354 1893 4403 Par.
1930 4353 1965 4402 1.
2005 4369 2049 4402 ο.
2088 4357 2300 4414 exstat,
2347 4359 2406 4402 et
2443 4351 2689 4416 Καλυψώ
2736 4353 2975 4417 prompsi
3011 4369 3078 4402 ex

497 4419 693 4472 Choer.
720 4420 865 4470 Diet.
893 4422 1011 4480 330,
1037 4422 1088 4479 9,
1126 4416 1266 4482 Δηώ
1305 4434 1372 4467 ex
1396 4420 1459 4470 E.
1485 4421 1558 4473 M.
1587 4421 1703 4480 263,
1740 4422 1832 4482 48,
1871 4420 1968 4470 ubi
2012 4422 2106 4484 qui
2143 4421 2341 4471 dicitur
2383 4419 2665 4483 τεχνικός,
2703 4420 3079 4470 Herodianum

403 4533 418 4538 -
498 4502 618 4536 esse
655 4493 713 4537 et
749 4501 833 4536 res
869 4487 992 4551 ipsa
1029 4491 1085 4535 et
1122 4485 1430 4536 disserendi
1464 4488 1608 4537 ratio
1647 4488 1825 4537 docet.
1897 4487 1981 4537 Ad
2018 4485 2159 4539 Εἰδώ
2198 4488 2389 4538 addidi
2436 4487 2580 4552 παρ’
2617 4486 2870 4553 Αίςχύλῳ
2910 4504 2977 4538 ex
3014 4490 3077 4540 E.

497 4555 568 4604 M.
606 4555 723 4616 505,
759 4557 842 4614 34,
883 4553 1000 4604 cod.
1038 4555 1214 4605 Paris,
1252 4555 1413 4615 2638,
1450 4554 1569 4604 ubi:
1613 4552 1681 4606 Κε
1754 4554 1800 4605 ώ
1841 4554 1875 4618 ἡ
1926 4553 2160 4620 ἀλώπηξ
2197 4554 2638 4619 ὑποκοριςτικῶς
2686 4553 2764 4607 ὡς
2811 4555 2954 4620 παρ’
2988 4554 3078 4608 Αί-

499 4620 681 4687 ςχύλῳ
718 4620 753 4682 ἡ
792 4619 933 4673 Εἰδώ
981 4621 1072 4672 καὶ
1110 4620 1269 4684 Ὑψώ
1316 4619 1443 4671 ἀντὶ
1486 4624 1589 4673 τοῦ
1637 4621 1674 4675 Ε
1698 4621 1867 4674 δοθέα
1902 4623 2004 4673 ,καὶ
2041 4621 2323 4688 Ὑψιπύλη
2371 4624 2460 4674 καὶ
2505 4623 2575 4675 τὸ
2620 4622 2801 4688 κερδώ
2847 4624 2908 4675 δὲ
2952 4623 3078 4675 ἀντὶ

498 4690 600 4737 τοῦ
639 4687 908 4752 κερδαλέα
945 4688 980 4751 ἡ
1019 4687 1355 4753 ἀπατητική.
1427 4691 1662 4741 Nomina
1696 4690 1826 4741 inde
1864 4707 1898 4742 a
1936 4689 2132 4742 Βουτώ
2178 4707 2350 4758 usque
2395 4692 2465 4742 ad
2503 4692 2664 4743 finem
2698 4697 2916 4758 sumpta
2952 4699 3080 4744 sunt

501 4769 567 4802 ex
605 4755 682 4807 St.
721 4758 810 4817 13„
851 4754 934 4806 Ἰώ
972 4772 1039 4807 ex
1075 4759 1226 4808 Eunt„
1266 4757 1337 4808 ad
1373 4759 1605 4824 Dionys.
1641 4761 1707 4810 94
1746 4759 2025 4824 expletum
2063 4765 2164 4810 ost.
