3664 5546
578 315 705 380 376
1518 313 1600 365 εκ
1637 311 1777 364 τΩΝ
1821 310 2230 364 ΗΡΩΔιΑΝοΥ

580 486 903 567 ςυνήθεια,
969 486 1044 548 τὸ
1110 484 1233 562 γὰρ
1303 482 1656 546 ἐπιθετικόν
1685 480 2146 560 ’κηρύκειον
2213 483 2330 546 τὸν
2395 486 2511 546 τοῦ
2579 481 2910 560 κηρύκειος
2970 483 3168 547 τόνον

580 587 856 667 ἐφύλαξε
903 586 1003 649 καὶ
1045 588 1121 650 τὸ
1167 586 1388 663 κύριον
1434 582 2006 661 προπαροξύνεται.
2093 584 2168 648 τὸ
2214 585 2287 647 δὲ
2330 582 2812 666 ὠκυτόκειον
2858 585 2960 648 καὶ
3004 582 3171 648 ἄλλα

580 689 848 753 ςύνθετα
890 687 1461 765 προπαροξύνεται.

748 810 785 844 α·
832 788 928 879 Τὰ
972 789 1060 853 εἰς
1102 791 1188 851 ὃῖῖ
1230 788 1513 866 καθαρὸν
1558 786 2057 865 παραληγόμενα
2110 793 2202 871 τῷ
2249 790 2291 850 ἇ
2333 786 2563 851 (πάνια
2607 785 2767 851 ὄντα
2812 786 3170 867 βαρύνεται,

519 902 551 951 5
586 891 899 955 Μέταον
944 890 1131 954 πόλις
1175 890 1447 970 Λέςβου,
1491 891 1570 966 ἣν
1618 889 1831 953 Μέτας
1877 888 2207 967 Τυρρηνὸς
2254 889 2510 971 ᾧκιςεν,
2557 887 2646 969 ῶς
2692 887 3072 952 Ἑλλάνικος.

754 1005 791 1049 21³
835 991 929 1053 Τὰ
973 990 1060 1055 εἰς
1102 995 1188 1054 W
1230 991 1729 1070 παραληγόμενα
1772 997 1848 1075 τῇ
1894 994 1976 1056 αὖ
2022 991 2355 1073 διφθόγγω
2413 989 2643 1054 ςπάνια
2699 987 2859 1053 ὄντα
2905 989 3171 1068 βαρύνε-

579 1114 715 1175 ται,
762 1091 966 1156 (αῦα
1011 1094 1186 1172 κώμη
1230 1097 1340 1170 τῆς
1385 1092 1768 1171 εὐδαίμονος
1799 1088 2120 1174 Ἀραβίας,
2164 1092 2457 1156 Ἄναυα
2502 1090 3035 1172 πόλις·Φρυγίας,
3082 1091 3173 1155 ὡς

583 1194 935 1272 Ἡρόδοτος
979 1194 1071 1276 (7,
1117 1194 1244 1277 30).
1624 1198 1629 1207 '
2471 1255 2476 1265 ,

750 1294 845 1359 Τὰ
875 1294 964 1358 εἰς
995 1298 1074 1358 (Ἧι
1104 1296 1387 1373 καθαρὸν
1427 1291 1927 1371 παραληγόμενα
1955 1299 2048 1375 τῷ
2079 1299 2115 1359 ῡ
2150 1294 2517 1376 βαρύνεται,
2563 1292 2845 1377 πτύον,
2892 1295 3030 1374 βρύ
3050 1314 3141 1359 ον
3157 1352 3176 1385 ‚

483 1405 548 1455 10
582 1397 788 1460 πύον
833 1397 908 1460 τὸ
957 1395 1206 1475 ἔμπυον
1251 1396 1327 1461 τὸ
1374 1395 1477 1457 καὶ
1518 1394 1699 1459 πυός.
1778 1389 2052 1471 θρύον·
2109 1397 2235 1461 ἔςτι
2290 1396 2392 1460 καὶ
2441 1396 2627 1460 πόλις
2671 1398 2781 1472 τῆς
2828 1396 3176 1473 Μεςςηνίας

587 1499 656 1561 ἐκ
700 1502 831 1562 τῶν
878 1497 948 1563 ἐν
995 1497 1155 1581 αὐτῇ
1201 1497 1552 1577 φυομένων
1598 1497 1812 1574 θρύων
1860 1496 2353 1585 ὁμωνύμωςὶτῷ
2409 1503 2596 1580 φυτῷ
2655 1497 2984 1575 λεγομένη.
3074 1497 3173 1559 λέ-

561 1619 763 1675 .γεται
809 1599 880 1662 δὲ
926 1597 1056 1662 ἀπὸ
1102 1602 1314 1678 φυτοῦ
1361 1597 1627 1675 Θρυόεις
1672 1600 1773 1661 καὶ
1818 1598 2156 1676 Θρυόεςςα.
2243 1599 2436 1663 θύον
2482 1599 2519 1662 ὃ
2565 1598 2666 1661 καὶ
2711 1599 2865 1661 θύος
2910 1597 3177 1672 λέγεται,

594 1697 796 1763 Κύον
842 1699 1029 1763 πόλις
1064 1699 1305 1777 Καρίας.
1366 1699 1802 1765 Ἀπολλώνιος
1844 1700 2110 1782 τετάρτῃ
2146 1700 2460 1781 Καρικῶν,
2507 1700 2650 1777 μεθ’
2680 1698 2773 1762 ὧν
2805 1700 2905 1762 καὶ
2947 1701 3176 1774 γυῖον

588 1808 664 1882 τῇ
709 1804 779 1862 U
820 1801 1155 1884 διφθόγγῳ
1200 1800 1737 1879 παραληγόμενον
1783 1803 1886 1864 καὶ
1929 1800 2048 1865 οὐκ
2105 1801 2260 1879 ἔχον
2315 1800 2545 1880 ὁμοίου
2598 1800 2958 1883 παράθεςιν.
3045 1801 3177 1864 κά-

494 1911 555 1962 15
592 1921 818 1984 ρυον,
865 1903 1301 1984 κρόμμυον,
1349 1902 1701 1985 δίκτυον,
1747 1903 2128 1983 ἔμβρυον,
2191 1902 2568 1985 δάκρυον,
2630 1904 3002 1983 κρήγυον,
3046 1901 3176 1979 ἄρ-

592 2023 816 2085 κυον,
860 1996 1382 2082 μήνυον“εἶδος
1413 2002 1683 2087 ἄνθους,
1713 2004 2246 2087 γεράνδρυον,
2278 2004 2764 2085 μεςόφρυον,
2810 2004 3177 2084 ἔνδρυον,

592 2105 889 2183 γήθυον
937 2106 1012 2171 τὸ
1059 2104 1574 2184 ἀμπελόπραςον.
1661 2107 1992 2182 Ἔγγυον
2037 2106 2223 2171 πόλις
2268 2105 2563 2170 (ικελίας.

765 2205 860 2270 Τὰ
921 2205 1009 2270 εἰς
1078 2210 1157 2270 ὃν
1225 2207 1570 2288 διςύλλαβα
1640 2206 2141 2287 παραληγόμενα
2203 2213 2279 2289 τῇ
2343 2209 2407 2270 οῖ
2471 2207 2804 2290 διφθόγγῳ
2871 2206 3180 2288 ὀξύνεται,

592 2307 904 2391 γλοιόν,
949 2308 1024 2371 τὸ
1069 2310 1207 2372 τοῖς
1251 2309 1512 2385 πώγωει
1567 2314 1698 2373 τῶν
1743 2309 2001 2386 τράγων
2060 2308 2603 2386 ἐπιςυναγόμενον
2666 2306 2799 2372 ἀπὸ
2851 2313 2960 2386 τῆς
3006 2308 3180 2389 ὕλης,

493 2417 560 2467 20
599 2408 882 2485 Κροιόν
938 2408 1147 2488 ὄνομα
1201 2401 1417 2489 ὄρους.
1516 2410 1740 2491 βοιόν
1805 2415 1938 2475 τῶν
1992 2410 2392 2486 πεντήκοντα
2459 2409 2622 2474 ἐτῶν
2677 2407 2957 2488 ἀριθμός.
3056 2409 3183 2473 ἔςτι

596 2511 697 2574 καὶ
743 2510 985 2574 Βοιόν
1028 2511 1291 2590 Δωρικὴ
1337 2511 1555 2594 πόλις,
1600 2513 1639 2590 ἣ
1685 2512 1786 2576 καὶ
1842 2514 2129 2590 θηλυκῶς
2174 2512 2457 2593 λέγεται,
2515 2510 2747 2591 μοιόν
2790 2511 2866 2574 τὸ
2912 2510 3181 2574 αἰδοῖον.

596 2611 671 2674 τὸ
718 2611 790 2673 δὲ
832 2614 1123 2676 πλοῖον
1181 2616 1685 2690 προπεριςπᾶται
1743 2612 1834 2677 ῶς
1887 2613 2135 2691 πάςχον
2193 2612 2490 2691 διαίρεςιν
2545 2612 2861 2677 αἰολικῶς.
2949 2611 3183 2676 πλόϊον

596 2710 720 2789 γὰρ
767 2711 1031 2788 λέγεται.

767 2813 862 2878 Τὰ
918 2815 1008 2879 εἰς
1062 2819 1144 2881 BV
1201 2817 1544 2897 διςύλλαβα
1599 2820 1923 2897 μονογενῆ
1980 2817 2480 2897 παραληγόμενα
2536 2823 2634 2900 τῷ,
2673 2820 2728 2882 ω’
2783 2817 2939 2897 μετὰ
2991 2819 3107 2881 τοῦ
3151 2818 3185 2879 ἰ

598 3071 920 3122 ἐπιθετικόν
956 3068 1471 3136 προπαροξύνεται,
1509 3073 1782 3124 Arcadius
1817 3071 1888 3124 τὸ
1933 3072 1993 3124 δὲ
2031 3071 2329 3137 κηρύκειον
2374 3071 2480 3122 τὸν
2524 3074 2627 3123 τοῦ
2677 3070 2969 3136 κηρύκειος
3012 3070 3188 3122 τόνον

600 3138 871 3202 ἐφύλαξε,
919 3140 1047 3189 hinc
1095 3141 1397 3204 composui,
1435 3156 1576 3205 quae
1622 3141 1750 3191 dedi
1796 3141 2066 3192 adiicions
2110 3139 2201 3190 καὶ
2245 3139 2315 3190 τὸ
2361 3139 2554 3204 κύριον
2593 3139 3080 3203 προπαροξύνεται
3119 3156 3187 3190 ex

600 3207 847 3270 Theogn.
891 3210 1001 3268 129,
1041 3209 1089 3257 8.
1160 3207 1221 3254 Ε.
1248 3209 1319 3257 Μ.
1359 3205 1474 3266 511,
1512 3211 1576 3258 47
1614 3205 1715 3259 eid
1750 3222 1876 3259 τινα
1912 3207 2028 3259 ἀπὸ
2064 3210 2186 3260 τῶν
2224 3204 2302 3259 εἰς
2338 3207 2576 3262 διπλοῦν
2621 3206 2925 3270 ληγόντων
2961 3206 3049 3257 διὰ
3082 3209 3187 3257 τοῦ

600 3277 631 3325 ’ἑ
669 3273 760 3324 καὶ
797 3276 830 3325 ῖ
865 3273 1177 3337 διφθόγγου
1213 3274 1544 3338 γραφόμενα
1588 3273 1713 3327 οἷον
1752 3275 2117 3327 Κυκλώπειον
2155 3272 2487 3327 Φοινίκειον.
2556 3274 2711 3326 οὕτω
2749 3274 2839 3330 καὶ
2876 3275 3187 3339 κηρύκειον.

605 3340 788 3393 ίςτέον
826 3341 914 3392 ὅτι
951 3341 1063 3394 ἑςτι
1110 3342 1201 3392 καὶ
1249 3342 1516 3407 κηρύκιον
1561 3341 1649 3394 διὰ
1684 3346 1787 3394 τοῦ
1828 3347 1887 3406 ἶ,
1926 3343 2068 3408 ὅπερ
2105 3342 2198 3394 ἐπὶ
2235 3342 2411 3408 μόνης
2445 3344 2548 3407 τῆς
2585 3341 2792 3407 ῥάβδου
2829 3341 3189 3407 λέγεταιηοῡ

605 3408 819 3473 Ἑρμοῦ.
860 3410 931 3459 cf.
974 3410 1212 3472 Hesyoh.
1250 3427 1291 3460 s,
1329 3426 1381 3461 v,
1521 3412 1555 3461 l.
1593 3414 1626 3461 4
1662 3427 1927 3462 canonem
1962 3411 2093 3461 finxi
2131 3417 2353 3475 propter
2389 3408 2620 3462 Μέταον
2657 3427 2691 3460 a
2732 3409 2813 3462 St.
2841 3411 2901 3459 B.
2941 3410 3190 3461 relatum.

740 3479 773 3527 1.
812 3479 844 3526 6
889 3478 1057 3527 etiam
1103 3477 1245 3527 hunc
1290 3493 1555 3552 caqonem
1603 3480 1883 3543 composui
1929 3485 2153 3545 propter
2197 3479 2417 3529 nomina
2463 3495 2497 3528 a
2543 3479 2626 3530 St.
2665 3481 2726 3534 Β.
2774 3478 2982 3527 tradita
3020 3476 3187 3540 (αὓα,

604 3544 670 3594 de
710 3561 817 3608 quo
857 3545 1063 3595 diserte
1099 3543 1441 3610 οὐδετέρως,
1479 3553 1533 3596 et
1568 3546 1798 3597 Ἄναυα.
1938 3547 1972 3596 l.
2014 3550 2075 3597 10
2111 3551 2404 3596 accentum
2435 3548 2493 3595 in
2516 3544 2666 3596 πύον
2691 3560 2800 3596 non
2826 3547 3036 3596 mutavi
3071 3561 3192 3595 cum

608 3611 911 3661 Schmidtio
957 3613 1012 3661 in
1058 3614 1463 3664 circumflexum
1508 3618 1731 3664 secutus
1776 3615 1912 3664 Lob.
1962 3614 2152 3667 Rhem.
2198 3630 2249 3678 p.
2285 3617 2404 3666 309.
2456 3641 2516 3650 —
2567 3610 2709 3664 πυός·
2752 3629 2849 3678 pro
2895 3612 3037 3664 πύος
3083 3615 3193 3661 iam

607 3679 869 3729 Schmidt.
908 3681 1130 3745 scripsit
1167 3677 1235 3731 ‘ex
1273 3682 1453 3733 Schol.
1495 3682 1565 3731 ad
1600 3682 1769 3732 Arist.
1806 3684 1936 3732 Pac.
1979 3685 2130 3731 1150:
2169 3679 2201 3731 ό
2239 3678 2384 3732 πυός
2420 3680 2706 3733 ὀξυτόνως
2755 3680 2844 3730 καὶ
2888 3677 3190 3743 ἀρςενικῶς

606 3745 669 3797 ἐν
704 3750 789 3811 τῷ
828 3739 892 3797 ιε’
928 3748 1056 3812 (scr.
1094 3743 1190 3811 ε’),
1229 3747 1400 3811 θρύον
1436 3749 1627 3799 addidi
1666 3765 1733 3798 ex
1769 3749 2015 3813 Theogn.
2045 3751 2155 3805 130,
2182 3752 2232 3809 2,
2271 3745 2460 3812 Θρύον
2497 3749 2684 3799 urbem
2721 3764 2787 3798 ex
2823 3747 2900 3799 St.
2926 3748 3010 3808 Β.,
3047 3745 3190 3797 θύον

607 3831 673 3864 ox
709 3815 985 3879 Theogn.‚
1027 3814 1173 3867 Κύον
1209 3833 1276 3866 ex
1315 3816 1394 3866 St.
1432 3819 1523 3878 13.‚
1560 3819 1721 3878 γυῖον
1757 3832 1824 3865 ex
1862 3816 2135 3880 Theogn„
2174 3813 2386 3866 λέπυον
2425 3831 2512 3881 ap.
2547 3816 2837 3865 Arcadium
2873 3821 3192 3879 suspectum

609 3884 767 3932 omisi
805 3890 861 3933 et
899 3900 965 3933 ex
991 3884 1239 3948 Theogn.
1281 3885 1467 3948 recepi
1492 3881 1700 3947 κάρυον
1724 3909 1791 3918 -—
1814 3881 2075 3948 ἔνδρυον,
2113 3882 2351 3947 Ἔγγυον
2378 3900 2446 3934 ex
2470 3887 2552 3934 St.
2575 3886 2638 3934 Β.
2694 3881 2924 3944 Ἕξγυον
2947 3898 3078 3932 vero
3102 3897 3191 3947 ap.

607 3950 866 4001 eundem:
906 3948 1069 4002 πόλις
1094 3948 1343 4003 (ικελίας
1375 3951 1603 4014 γραφὴν
1629 3950 1900 4003 Ἀττικῶς
1924 3950 2124 4015 ἔχουςα
2149 3950 2229 4003 ὡς
2261 3950 2331 4001 τὸ
2367 3921 2900 4024 ἕξκλινογρλέγεται
2924 3949 2955 4001 δ
2971 3951 2983 3968 ’
3007 3948 3192 4001 οὕτως

608 4017 697 4069 διὰ
720 4018 789 4069 τὸ
817 4017 872 4069 ἓξ
898 4016 1091 4079 ἀγυιὰς
1128 4017 1276 4081 ἔχειν
1310 4025 1537 4083 propter
1560 4019 1825 4070 Meinekii
1863 4021 2065 4069 iustam
2091 4021 2458 4083 suspicionem
2483 4020 2656 4070 omisi.
2714 4019 2910 4071 Choor.
2939 4020 3110 4082 Epim.
3137 4018 3192 4068 in

608 4085 811 4136 Psalm.
837 4089 930 4146 44,
969 4091 1000 4137 3
1034 4085 1107 4137 τὰ
1152 4083 1230 4137 εἰς
1267 4091 1333 4135 ὸν·
1370 4085 1619 4151 λήγοντα
1655 4085 1926 4150 οὐδέτερα
1968 4089 2053 4151 τῷ
2098 4090 2132 4137 ῦ
2178 4085 2579 4151 παραλήγοντα
2614 4084 2910 4150 βαρύνεται
2944 4085 3090 4137 πύον
3122 4083 3191 4134 τὸ

610 4152 799 4215 ἕλκος,
829 4152 1023 4218 βρύον,
1062 4152 1231 4204 ξύλον
1267 4155 1359 4204 καὶ
1394 4155 1467 4205 τὰ
1490 4153 1680 4217 ὅμοια,
1722 4155 1818 4205 sed
1843 4154 2011 4206 ξύλον
2035 4155 2383 4206 referendum
2411 4165 2496 4206 est
2521 4156 2591 4205 ad
2618 4169 2882 4204 canonem
2909 4155 2965 4202 in
2991 4169 3096 4218 quo
3124 4152 3192 4202 de

609 4221 830 4284 φύλλον
868 4223 1079 4285 agitur3
1123 4237 1171 4286 p.
1207 4224 1292 4285 47,
1337 4225 1395 4273 15
1441 4225 1646 4272 rectius
1691 4238 1871 4286 neque
1919 4228 2101 4273 tamen
2146 4229 2433 4273 accurato:
2480 4222 2552 4273 τὰ
2589 4220 2665 4272 εἰς
2704 4227 2772 4271 ὃν
2809 4220 3107 4284 οὐδέτερα,
3145 4216 3196 4270 εἰ

611 4289 713 4350 μὲν
749 4288 912 4351 φύςει
948 4292 1128 4355 μακρᾷ
1163 4289 1503 4354 παραλήγει,
1543 4290 2065 4354 προπεριςπῶνται,
2114 4287 2237 4341 οἷον
2275 4291 2520 4352 ςκῶλον,
2559 4290 2779 4352 κοῖλον,
2819 4287 2869 4339 εἰ
2903 4288 2965 4340 δὲ
3002 4287 3192 4352 βραχύ,

611 4357 985 4421 παροξύνεται
1022 4354 1148 4408 οἷον
1184 4356 1378 4421 ξύλον,
1418 4357 1648 4421 ςκύλον,
1686 4357 1910 4421 φύλλον
1947 4358 2037 4408 καὶ
2072 4356 2146 4408 τὰ
2170 4357 2360 4422 ὅμοια,
2400 4359 2498 4410 sed
2534 4374 2652 4407 oum
2681 4356 2919 4407 Arcadio
2945 4355 3197 4420 congruit

613 4440 789 4475 canon
825 4425 883 4474 in
917 4425 1018 4476 An.
1056 4425 1155 4479 Ox,
1193 4426 1250 4476 H
1284 4429 1403 4488 344,
1444 4429 1522 4482 15,
1561 4427 1705 4476 unde
1742 4424 1952 4490 ἅρκυον
1991 4426 2025 4476 1.
2067 4430 2128 4476 15
2164 4427 2410 4491 apposui.
2551 4425 2585 4474 l.
2625 4428 2687 4475 19
2725 4424 2991 4475 Arcadius
3027 4423 3195 4472 habet

619 4489 818 4543 Κλοιόν
854 4490 1011 4555 ὄρος,
1058 4492 1212 4544 Theo
1255 4509 1305 4548 n.
1348 4497 1469 4557 130,
1506 4497 1537 4544 9
1587 4491 1786 4557 Κροιόν
1834 4492 2013 4555 ὄνομα
2061 4493 2255 4557 ὅρους,
2302 4494 2444 4544 unde
2493 4492 2831 4544 Schmidtius
2881 4492 3198 4557 suspicatur

615 4558 806 4610 κλοιόν
850 4561 939 4610 vel
983 4559 1177 4621 γλοιόν
1268 4560 1424 4624 ροιόν
1467 4560 1599 4625 ὅρος
1646 4562 1991 4611 scribendum
2036 4577 2183 4616 esse:
2241 4577 2362 4610 eum
2409 4565 2631 4610 secutus
2686 4576 2801 4610 sum
2858 4575 2955 4624 pro
3002 4557 3194 4608 κλοιόν

614 4626 887 4678 exhibens
912 4626 1136 4690 γλοιόν,
1184 4628 1328 4692 quod
1374 4635 1558 4679 exstat
1602 4645 1688 4694 ap.
1724 4629 2003 4695 Theogn.,
2046 4633 2106 4679 et
2144 4627 2343 4692 Κροιόν
2388 4628 2528 4692 quod
2575 4644 2663 4693 ap.
2713 4626 3003 4678 Arcadium
3052 4626 3199 4676 inter

612 4693 806 4753 γλοιόν
843 4699 900 4745 et
936 4693 1068 4757 ὄρος
1105 4695 1338 4757 excidit,
1375 4696 1601 4747 addens.
1671 4698 1888 4761 Apponi
1935 4702 2120 4761 potest
2165 4712 2231 4746 ex
2280 4696 2524 4762 Theogn.
2561 4698 2651 4758 20,
2690 4698 2757 4746 20
2799 4693 2957 4746 θοιόν
3003 4692 3197 4745 ὀξυτό-

611 4773 727 4812 νως
765 4762 837 4811 cf.
874 4762 1111 4825 Hesych.
1146 4761 1270 4815 θοιά
1304 4764 1501 4826 ζεῦγος
1538 4763 1809 4827 ἡμιόνων.
