3664 5546
947 386 1369 443 ΠΡΟΕΩιΔΙΑ(
1403 385 1543 440 ΤΗ(
1585 385 1767 439 ΚΑΤΑ
1805 383 2161 438 (ΥΝΤΑΞΙΝ
2200 382 2342 435 ΤΩΝ
2380 381 2665 435 ΛΕΞΕΩΝ.
2965 382 3090 447 557

675 558 747 623 Ἡ
808 558 949 637 ςφώ
1006 555 1113 620 ὅτε
1169 558 1284 635 μὲν
1340 555 1444 619 ἐπὶ
1497 558 1615 618 τοῦ
1666 554 1884 632 τρίτου
1937 554 2292 631 προςώπου
2347 552 2629 634 λέγεται,
2695 551 2923 630 ἐγείρει
2975 552 3093 631 τὴν

509 661 639 739 πρὸ
685 660 880 736 αὑτῆς
925 656 1157 725 ὀξεῖαν.
1247 657 1311 720 αἱ
1355 658 1426 720 δὲ
1477 660 1596 720 τοῦ
1639 654 1859 733 τρίτου
1902 655 2255 732 προςώπου
2298 653 2494 718 ἑνικαί
2547 672 2616 717 τε
2670 654 2774 716 καὶ
2815 655 3092 731 πληθυν-

507 758 698 841 τικαί,
744 758 854 822 ὅτε
897 759 1013 836 μὲν
1043 760 1119 823 τὸ
1152 759 1215 825 ἐξ
1246 758 1461 821 αὐτῶν
1492 754 2061 834 μεταφραζόμενόν
2091 754 2255 819 ἐςτιν
2285 753 2510 836 αὐτός,
2568 755 2607 818 ὃ
2648 755 2750 818 καὶ
2785 753 3095 834 ἐπίταγμα

512 861 793 941 λέγεται,
838 859 1064 937 ἐγείρει
1106 859 1222 935 τὴν
1266 858 1395 934 πρὸ
1439 856 1657 920 αὐτῶν
1688 854 1923 921 ὀξεῖαν.
1989 856 2029 933 ἡ
2074 857 2188 934 μὲν
2221 856 2293 920 ἕο
2342 855 2520 920 «ἐπεί
2549 854 2620 918 ἑο
2651 857 2879 933 κήδετο
2910 856 3093 934 λίην»

510 962 571 1043 (ξ
603 960 779 1042 461).
840 959 966 1025 ἔςτι
1020 960 1145 1037 γὰρ
1195 959 1335 1023 ἐπεὶ
1384 956 1585 1022 αὐτοῦ
1626 955 1771 1039 (τοῦ
1814 955 2190 1039 Ὀδυςςέως)
2235 949 2498 1035 ἑκήδετο
2542 955 2683 1021 λίαν
2727 956 2766 1020 ὁ
2808 956 3092 1036 Εὔμαιος
3121 970 3154 1019 5

511 1062 621 1126 ὅτε
650 1062 722 1125 δὲ
753 1060 1280 1141 μεταφραζομένη
1311 1060 1467 1137 μἐτά
1495 1062 1613 1122 τοῦ
1643 1060 1676 1121 ἒ
1706 1057 1956 1133 λέγεται
1984 1057 2024 1135 ἡ
2054 1056 2420 1138 ἀντωνυμία
2446 1061 2564 1122 τοῦ
2595 1059 2628 1123 ἒ
2657 1058 3098 1139 ἐκφερομένου

513 1163 982 1244 δαςυνομένου,
1014 1161 1133 1226 οὐκ
1163 1161 1509 1239 ἐγείρουςιν
1541 1158 1685 1224 οἷον
1720 1158 2088 1237 «Ληῖφοβος
2117 1160 2189 1223 δὲ
2216 1194 2302 1206 -
2332 1157 2563 1224 ἀςπίδα
2591 1160 2888 1238 ταυρείην
2922 1159 3100 1239 ςχέθ’

512 1261 643 1326 ἀπὸ
691 1262 802 1326 ἕο»
851 1261 932 1345 (Ν
971 1261 1090 1325 162
1120 1269 1186 1324 et
1221 1260 1388 1342 163).
1453 1261 1580 1326 ἔςτι
1619 1260 1744 1338 γὰρ
1785 1258 1912 1338 ἀφ’
1956 1259 2205 1323 ἑαυτοῦ.
2273 1259 2387 1325 εἰςὶ
2429 1263 2501 1325 δὲ
2546 1261 2618 1326 ἕο
2664 1259 2912 1344 εὗὲθεν
2958 1259 3026 1326 οἵ
3068 1261 3100 1324 ἕ

515 1364 730 1442 ςφέων
762 1362 927 1442 ςφίςι
957 1363 1169 1442 ςφέας.
1214 1360 1397 1425 αὗται
1429 1364 1501 1426 δὲ
1529 1363 1634 1427 καὶ
1663 1362 1775 1426 ςὺν
1804 1362 1943 1425 τοῖς
1973 1359 2339 1439 ἑπιτάγμαςι
2369 1362 2700 1445 λέγονται,
2745 1362 2855 1428 ὅτε
2886 1363 2964 1442 δὴ
2997 1361 3102 1426 καὶ

515 1461 1021 1541 ὀρθοτονοῦνται
1064 1463 1323 1528 πάντως
1364 1461 1509 1527 οἷον
1556 1463 1756 1540 «παρ’
1801 1463 1877 1526 δὲ
1918 1460 1984 1525 οἷ
2011 1461 2227 1546 αὐτῷ»
2277 1460 2434 1545 (Οά.
2467 1484 2506 1528 ο
2535 1463 2711 1548 285).
2755 1463 2871 1529 ἐὰν
2915 1464 2988 1528 δὲ
3031 1461 3101 1528 ἐκ
3140 1476 3204 1528 10

516 1568 816 1642 περιςςοῦ
858 1565 936 1627 τὸ
983 1563 1292 1642 ἐπίταγμα
1325 1563 1744 1643 λαμβάνηται,
1790 1562 2184 1638 ἑγκλίνονται
2230 1553 2437 1648 «ἀλλά
2481 1564 2545 1628 οἱ
2590 1564 2764 1648 αὐτῷ
2806 1601 2893 1611 -
2933 1564 3100 1630 Ζεὺς

517 1664 758 1730 ὀλέςειε
803 1664 981 1745 βίην»
1040 1664 1108 1745 (δ
1151 1662 1324 1748 667).
1412 1664 1537 1727 ἔςτι
1580 1664 1704 1741 γὰρ
1761 1662 1901 1726 ἀλλ’
1956 1663 2132 1746 αὐτῷ
2177 1667 2405 1742 ψιλῶς.
2493 1664 2937 1745 ὑποδείγματα
2967 1671 3101 1731 τῶν

517 1765 1021 1846 ἐγκλινομένων,
1078 1764 1151 1827 ἕο
1212 1762 1389 1826 «ἐπεί
1442 1764 1514 1827 ἑο
1567 1764 1797 1841 κήδετο
1844 1763 2059 1845 λίην»,
2114 1763 2186 1828 εὗ
2233 1764 2409 1830 «ἐπεί
2453 1767 2525 1831 εὕ
2569 1789 2729 1847 φημι
2787 1767 2887 1852 βίῃ
2930 1768 3101 1832 πολὺ

518 1867 879 1946 φέρτερος»
927 1866 1010 1949 (Ο
1046 1864 1222 1949 165),
1266 1864 1412 1929 ἕθεν
1457 1864 1637 1930 «ἐπεὶ
1679 1864 1760 1929 οὔ
1805 1864 1951 1930 ἑθέν
1997 1864 2120 1931 ἑςτι
2162 1867 2470 1945 χερείων»
2518 1867 2598 1949 (Α
2632 1867 2807 1952 114),
2852 1867 2919 1934 οἶ
2964 1869 3104 1933 «καί

687 2124 723 2177 1.
764 2123 913 2173 1-1,
947 2125 979 2172 9
1015 2136 1141 2186 pag.
1181 2135 1296 2185 seq.
1332 2118 1506 2169 Bekk.
1551 2118 1758 2170 Aneed.
1799 2121 1959 2182 1145,
2001 2122 2160 2183 1146,
2201 2122 2348 2176 1147.
2557 2122 2593 2172 l.
2628 2126 2660 2172 3
2701 2121 2892 2173 addidi
2928 2120 3104 2175 αὐτὸς

522 2196 654 2242 ante
691 2189 724 2241 ὃ
761 2190 852 2241 καὶ
889 2186 1169 2251 ἐπίταγμα
1206 2194 1265 2238 et
1299 2189 1330 2236 6
1368 2185 1600 2250 Εὔμαιος
1637 2204 1734 2252 pro
1771 2185 2053 2252 Εὔμηλος,
2090 2186 2417 2251 ἀντωνυμία
2452 2204 2550 2256 pro
2585 2188 2668 2253 χώ
2778 2192 2988 2256 scripsi.
3035 2191 3104 2240 de

525 2258 651 2323 ςφώ
691 2259 763 2309 cf.
800 2257 865 2312 11.
901 2259 991 2307 Pr.
1030 2256 1068 2307 Κ
1107 2257 1234 2306 546:
1279 2253 1315 2318 ἦ
1361 2253 1447 2305 τίς
1492 2268 1650 2318 ςφωε
1695 2254 1901 2318 πόρεν;
1955 2253 2025 2305 τό
2071 2255 2222 2319 ῥῆμα
2266 2254 2380 2306 ἀπὸ
2423 2259 2527 2307 τοῦ
2566 2260 2615 2307 ir·
2696 2271 2886 2322 ρχεται
2930 2257 3022 2308 καὶ
3066 2257 3103 2321 ὴ

523 2325 679 2390 ςφωέ
715 2322 910 2389 τρίτου
947 2323 1258 2387 προςώπου
1295 2319 1577 2385 ἑγκλιτικὴ
1623 2321 1763 2385 ἐςτι,
1802 2319 2139 2386 ςημαίνουςα
2181 2322 2252 2374 τὸ
2296 2322 2528 2375 αὐτούς·
2572 2323 2699 2376 «τίς
2742 2326 2805 2375 τ’
2840 2323 2910 2389 ἄρ
2948 2339 3105 2389 ςφωε

520 2395 717 2444 θεῶν»
755 2392 848 2457 (11.
886 2392 929 2443 A
966 2391 1048 2454 8)·
1093 2388 1280 2441 (ἀλλά
1315 2403 1473 2453 ςφωε
1509 2389 1677 2440 δόλος
1712 2389 1805 2439 καὶ
1849 2389 2091 2452 δεςμός»
2127 2388 2253 2453 (Od.
2292 2393 2325 2442 θ
2360 2390 2509 2456 317)·
2548 2391 2692 2444 ὥςτε
2729 2391 2833 2444 οὐκ
2869 2391 3029 2444 οἶδεν
3073 2392 3107 2444 ὁ

522 2461 764 2526 ποιητὴς
800 2458 935 2510 οὐδὲ
988 2457 1409 2521 μονοςύλλαβον
1461 2457 1568 2520 τὴν
1622 2455 1776 2520 ςφώ,
1832 2454 1885 2507 εἰ
1936 2456 2012 2520 μή
2066 2471 2208 2508 ποτε
2257 2457 2642 2522 ὀρθοτονεῖται
2696 2460 2787 2511 καὶ
2838 2459 3106 2525 δευτέρου

522 2526 832 2593 προςώπου
869 2525 983 2576 ἑςτί
1019 2525 1109 2576 καὶ
1146 2522 1395 2589 ςημαίνει
1418 2522 1488 2574 τό
1524 2523 1681 2586 ὑμεῖς
1705 2524 1752 2587 ,ἢ
1778 2522 1922 2587 ὑμᾶς
1957 2523 2128 2588 «ςφὼ
2165 2523 2226 2575 δὲ
2260 2523 2390 2589 μάλ’
2421 2524 2734 2590 ἠθέλετον»
2771 2527 2863 2593 (11.
2889 2526 2931 2578 A
2958 2527 3106 2592 782)-

523 2595 689 2646 ἔνθεν
725 2594 830 2645 οὖν
866 2592 920 2645 οἱ
955 2591 1343 2657 ἀκριβέςτερον
1379 2591 1526 2642 αὐτὰ
1562 2590 2069 2655 παραφυλάξαντες
2111 2591 2366 2656 ἔκθλιψιν
2399 2593 2668 2646 δεδώκαςι
2712 2598 2817 2646 τοῦ
2853 2598 2888 2648 ἒ
2922 2595 2985 2647 ἑν
3020 2599 3106 2662 τῷ

522 2661 615 2714 «εἰ
652 2660 728 2726 μή
765 2661 915 2725 ςφω’
949 2659 1153 2713 Αἴαντε
1189 2659 1508 2724 διέκρινον»
1545 2658 1635 2723 (11.
1661 2658 1699 2710 Ρ
1731 2659 1883 2723 53ι)·
1918 2658 2013 2710 ἵνα
2046 2658 2116 2710 τό
2153 2659 2403 2725 διηνεκὲς
2440 2663 2715 2729 φυλαχθῇ.
2769 2662 2813 2715 O
2854 2666 2977 2715 146:
3014 2664 3107 2715 καὶ

522 2730 594 2783 τὸ
627 2728 772 2782 Ζεύς
809 2730 901 2781 καὶ
934 2728 1006 2779 τὸ
1044 2726 1170 2793 ςφώ
1207 2725 1520 2792 ἑγκλιτέον,
1556 2725 1813 2779 τουτέςτι
1850 2726 2293 2793 βαρυτονητέον,
2332 2727 2457 2781 ἐπεὶ
2492 2729 2758 2796 δευτέρου
2795 2729 3106 2797 προςώπου

524 2798 638 2851 ἑςτί
675 2797 765 2849 καὶ
802 2795 1284 2860 μεταλαμβάνεται
1322 2794 1401 2847 εἰς
1443 2795 1513 2846 τὸ
1556 2794 1714 2858 ὑμᾶς.
1783 2797 1869 2845 Ad
1908 2798 1942 2849 1.
1983 2800 2041 2845 11
2090 2796 2144 2847 oi
2179 2796 2338 2863 αὐτῷ
2382 2798 2488 2848 hoe
2528 2800 3106 2865 animadvertendum:

523 2869 645 2918 Ηοο
679 2868 802 2916 loeo
838 2865 1162 2915 Catholicae
1200 2865 1372 2914 edicit
1407 2864 1464 2913 in
1500 2861 1554 2914 οἱ
1589 2861 1779 2929 αὐτῷ,
1824 2864 1920 2914 ubi
1968 2864 2104 2913 nihil
2150 2865 2261 2915 nisi
2303 2862 2465 2930 αὐτῷ
2510 2867 2814 2931 significet,
2860 2866 2916 2919 οἱ
2950 2868 3108 2918 ineli-

525 2936 764 2984 nandum
800 2949 950 2997 esse,
997 2933 1095 2983 sed
1131 2934 1190 2981 in
1223 2932 1495 2983 Prosodia
1539 2932 1835 2981 Homerica
1872 2932 2255 2982 orthotonesin
2301 2934 2465 2983 etiam
2502 2935 2604 2985 hoo
2648 2935 2939 2987 intellectu
2974 2936 3109 3000 legi-

526 3003 716 3052 timam
751 3017 872 3054 esse
909 3000 1219 3066 pertendit,
1265 3014 1656 3064 nonnunquam
1692 3003 1881 3049 tamen
1916 3006 2123 3050 rectum
2148 3007 2432 3051 accentum
2470 3005 2530 3051 et
2562 3003 2811 3067 positura
2850 3008 2907 3053 et
2943 3019 3013 3068 op
3053 3020 3111 3054 o-

527 3070 725 3120 sitione
771 3074 939 3133 atque
986 3068 1336 3133 copulatione
1373 3067 1640 3120 defendit.
1709 3067 1979 3133 Exposite
2016 3067 2084 3117 de
2128 3067 2345 3118 diversa
2389 3069 2666 3134 scriptura
2702 3071 2869 3121 etiam
2910 3070 2970 3121 in
3007 3019 3111 3121 88·

525 3137 733 3188 thelica
770 3137 1098 3187 disseruisse
1132 3135 1512 3185 Herodianum
1548 3135 1793 3185 ostendit
1827 3134 1983 3185 loc-us
2017 3134 2168 3185 infra
2200 3150 2267 3185 ex
2300 3135 2534 3187 Arcadio
2570 3145 2850 3203 receptus,
2895 3137 2956 3187 in
3002 3152 3109 3203 quo

524 3205 834 3255 Herodiani
869 3219 1030 3269 quam
1063 3205 1122 3252 in
1157 3202 1426 3254 Prosodia
1459 3203 1755 3253 Homerica
1792 3203 2035 3252 obtinuit
2069 3203 2350 3253 sententia
2395 3209 2618 3254 servata
2662 3209 2770 3269 est,
2821 3220 2984 3271 qutun
3020 3205 3110 3255 hie

527 3273 585 3322 in
620 3272 800 3323 Bekk.
837 3272 1075 3337 epitome
1119 3270 1210 3321 lex
1256 3271 1534 3337 generalis
1580 3286 1649 3319 ex
1683 3271 2041 3321 Aristarcheo
2087 3275 2248 3321 textu
2292 3273 2567 3336 repetita,
2611 3278 2675 3323 ut
2717 3275 2775 3323 in
2820 3273 3111 3324 Catholiea

529 3340 699 3401 solet,
735 3339 946 3388 tradita
982 3340 1056 3388 sit
1093 3338 1162 3388 cs.
1189 3338 1366 3387 Lehrs
1402 3353 1494 3402 qu.
1520 3354 1604 3403 ep.
1643 3340 1741 3389 118
1774 3339 1945 3391 Arist.
1979 3338 2112 3388 256¹
2147 3342 2258 3390 not.
2295 3365 2360 3375 —
2398 3340 2517 3390 Iam
2551 3339 2818 3404 proferam
2855 3340 3110 3406 exempla
3140 3365 3159 3371 -

531 3406 864 3471 pronominis
900 3407 1100 3456 tertiae
1127 3421 1398 3471 personae
1423 3408 1530 3465 ita,
1554 3409 1620 3454 ut
1656 3406 1888 3470 primum
1921 3404 2217 3468 inclinata,
2256 3412 2372 3455 tum
2396 3407 2851 3459 orthotonumena
2886 3410 2945 3458 in
2980 3424 3112 3459 eon·

528 3480 773 3539 spectum
811 3475 1067 3524 veniant:
1107 3474 1163 3523 ll.
1190 3475 1278 3523 Pr.
1318 3472 1364 3523 O
1405 3475 1522 3524 165:
1562 3470 1686 3523 ἐπεί
1722 3472 1785 3522 εὕ
1820 3487 1990 3536 φημι;
2029 3471 2122 3524 ἐπὶ
2157 3472 2367 3524 τούτου
2404 3471 2687 3540 ἑγκλιτική
2724 3473 2873 3527 ἐςτιν
2909 3475 2943 3539 ή
2981 3474 3112 3526 ἀντ-

532 3538 752 3603 ωνυμία
797 3539 889 3591 καὶ
931 3538 1236 3591 ἀπόλυτος·
1290 3539 1377 3591 διὸ
1423 3540 1528 3591 τὸν
1564 3538 1687 3590 έπεί
1722 3539 2026 3603 ςύνδεςμον
2070 3539 2443 3605 ὀξυτονητέον
2487 3541 2813 3607 ὁμοφώνως
2855 3547 2942 3609 τῷ
2978 3540 3111 3594 «καί

536 3608 598 3659 εὑ
635 3608 839 3673 κράτος
877 3606 990 3659 ἑςτι
1026 3606 1325 3670 μέγιςτον»
1361 3607 1450 3671 (Il.
1485 3606 1530 3658 Ω
1564 3606 1707 3669 293).
1778 3607 1828 3659 Υ
1862 3610 1981 3658 464.
2016 3635 2084 3644 --
2128 3609 2171 3660 A
2210 3611 2332 3658 114:
2379 3608 2447 3661 οὔ
2494 3608 2648 3662 ἑθενε
2693 3610 2880 3662 οὕτως
2917 3610 3109 3664 ὀξυτο-

534 3675 887 3808 Υέἔᾶἶᾏρζῗζ
912 3674 1334 3809 «ἵὲρῖῗξῖλὲζΨ
1350 3672 1577 3806 &5533
1602 3674 2635 3811 &zzssxsafiassssffiasst'ffs‘zfisssszc
2666 3678 2983 3798 {3332225312
3018 3678 3111 3797 33¹

2086 3782 2099 3806 ι
2948 3784 2960 3797 ·
3090 3775 3109 3784 ”

532 3825 652 3864 τως
686 3812 790 3864 οὖν
827 3810 918 3863 καὶ
952 3813 1023 3864 τό
1059 3810 1157 3881 <stoi
1195 3812 1322 3863 ἑθεν
1358 3810 1743 3875 ὀτρύνοντος»
1779 3810 1867 3874 (11.
1899 3810 1944 3863 Ο
1985 3811 2106 3874 199)
2142 3812 2234 3864 καὶ
2269 3813 2409 3865 «οὓς
2447 3814 2574 3865 ἑθεν
2611 3811 2790 3866 εἵνεκ’
2824 3813 3112 3879 ἐπαςχον»

535 3879 622 3945 (11.
662 3879 696 3931 Γ
734 3879 873 3945 120).
947 3880 980 3931 Γ
1018 3884 1138 3930 128:
1187 3879 1286 3931 οὕς
1333 3878 1488 3930 ἑθεν;
1538 3876 1866 3940 ἐγκλιτικῶς
1909 3878 2237 3945 ἀνεγνώςθη
2281 3881 2369 3933 διὰ
2413 3881 2482 3932 τὸ
2521 3881 3110 3946 μεταλαμβανόμενον,

535 3946 660 3999 ἐπεὶ
697 3947 777 3999 εἰς
810 3948 1000 4012 ἁπλῆν
1035 3947 1070 4011 ἡ
1111 3946 1421 4010 μετάληψις
1457 3944 1554 3996 οὓς
1589 3945 1784 4011 αὐτῆς.
1835 3949 2012 3999 τοῦτο
2045 3947 2107 3999 δὲ
2144 3947 2238 3999 ἐπὶ
2273 3952 2376 4014 τῆς
2413 3947 2542 4000 ἕθεν
2566 3947 2760 4012 φαςίν,
2800 3948 2887 3999 ὅτι
2924 3947 2973 3999 εἰ
3010 3947 3113 4011 μὲν

535 4014 613 4066 είς
650 4014 840 4080 ἁπλῆν
877 4013 1387 4077 μεταλαμβάνοιτο,
1424 4012 1747 4075 ἑγκλιτικῶς
1783 4013 2187 4078 ἀναγινώςκειν
2222 4016 2332 4080 δεῖ,
2379 4013 2427 4066 εἰ
2461 4014 2523 4064 δὲ
2558 4013 2636 4066 εἰς
2678 4015 2978 4079 ςύνθετον,
3025 4014 3115 4078 ὀρ-

534 4084 892 4147 θοτονητέον.
961 4083 1048 4134 διὸ
1096 4082 1323 4133 κάκεῖνα
1366 4080 1551 4132 οὕτως
1594 4081 1924 4147 ἀνεγνώςθη
1971 4082 2139 4134 «ἐπεὶ
2182 4082 2250 4132 οὔ
2282 4082 2426 4141 ,ἑθέν
2470 4079 2583 4132 ἑςτι
2626 4079 2907 4147 χερείων»
2943 4083 3031 4148 (11.
3070 4081 3113 4132 Α

537 4151 687 4213 114),
733 4148 790 4199 οἵ
832 4148 962 4200 ἑθεν
1007 4149 1394 4213 ὀτρύνοντος»
1437 4149 1525 4214 (11.
1567 4148 1611 4201 O
1653 4149 1790 4214 199).
1861 4148 2043 4200 ἐκεῖνο
2088 4148 2149 4199 δὲ
2193 4149 2326 4200 κατ’
2369 4148 2546 4213 ὀρθὴν
2589 4149 2746 4201 τάςιν
2790 4148 2947 4201 «ἀπὸ
2984 4148 3114 4201 ἕθεν

538 4215 724 4267 ὠςατο
759 4214 939 4280 χειρί»
975 4216 1060 4281 (11.
1096 4216 1144 4268 Z
1179 4216 1285 4279 62).
1355 4215 1487 4266 ὅθεν
1523 4214 1786 4268 (ιδώνιος
1822 4214 2097 4280 μέμφεται
2136 4215 2474 4283 Ἀριςτάρχῳ
2511 4217 2586 4280 μὴ
2623 4216 2949 4280 ἑγκλιτικῶς
2984 4216 3115 4268 ἀνα-

535 4282 732 4345 γνόντι
767 4282 837 4333 τὸ
872 4283 1160 4348 «πρόςθεν
1206 4284 1334 4335 ἕθεν
1380 4283 1712 4347 φεύγοντα»
1755 4282 1845 4347 (11.
1882 4282 1920 4334 Ε
1954 4283 2070 4348 80).
2115 4283 2149 4347 ἠ
2197 4283 2302 4348 γάρ
2337 4283 2552 4336 διάνοια
2593 4284 2784 4350 ἁπλῆν
2828 4284 2972 4337 αἰτεῖ
3004 4285 3115 4349 τὴν

537 4349 715 4415 μετάλ
756 4365 869 4412 ψιν.
907 4379 972 4385 -
1010 4351 1054 4402 Ο
1084 4355 1196 4402 199.
1232 4378 1299 4387 ——
1340 4349 1380 4401 Ν
1408 4353 1507 4402 803
1543 4349 1656 4413 πρὸ
1694 4349 1847 4400 ἕθεν;
1887 4349 2097 4414 ὁμοίως
2131 4356 2217 4418 τῷ
2253 4351 2410 4403 «ἀπὸ
2437 4350 2608 4405 ἕθεν»
2644 4351 2733 4417 (11.
2758 4352 2806 4404 Ζ
2830 4351 2946 4417 62),
2984 4351 3115 4404 ἀνα-

537 4365 826 4485 γνωςτἜΟν
862 4419 996 4468 κατ’
1030 4418 1214 4483 ὀρθὴν
1240 4416 1413 4468 τάςιν.
1482 4414 1810 4482 προείρηται
1846 4416 1907 4468 δὲ
1943 4420 2071 4483 περὶ
2115 4422 2220 4486 τῆς
2263 4417 2635 4483 ἀντωνυμίας.
2692 4421 2870 4472 Lehrs
2906 4436 2995 4487 qu.
3029 4436 3114 4487 ep.

539 4491 655 4539 120.
693 4513 759 4522 —-
796 4482 837 4536 B
874 4488 975 4536 665
1008 4486 1115 4550 γάρ
1150 4484 1228 4537 ot:
1267 4484 1298 4535 ὁ
1334 4483 1440 4548 γάρ
1476 4483 1761 4549 ὀξύνεται,
1802 4482 1899 4535 ἵνα
1934 4484 2260 4552 ἀντωνυμία
2303 4486 2533 4551 γένηται
2570 4486 2852 4551 ἑγκλιτικὴ
2888 4488 3115 4551 δοτικῆς

541 4553 816 4606 πτώςεως
849 4551 920 4603 τό
956 4551 1011 4604 oi
1045 4553 1136 4604 καὶ
1173 4552 1247 4615 μὴ
1284 4551 1517 4617 ἄρθρον.’
1541 4578 1610 4587 -
1644 4551 1692 4604 Υ
1728 4555 1846 4603 384.
1883 4580 1952 4590 —-
1985 4553 2033 4606 Ζ
2068 4558 2153 4607 90.
2211 4556 2261 4608 Φ
2301 4557 2422 4605 174:
2459 4553 2595 4606 ἆλτ’
2628 4554 2724 4608 ἐπί
2767 4554 2821 4608 ot
2858 4554 3111 4620 μεμαώς;

541 4622 577 4682 ἡ
625 4622 678 4673 oi
722 4619 1050 4686 ἀντωνυμία
1093 4619 1380 4672 ἀπόλυτός
1423 4618 1537 4671 ἑςτι
1582 4619 1673 4670 καὶ
1717 4618 2022 4687 ἑγκλιτική·
2068 4623 2153 4675 διὸ
2196 4626 2299 4688 τῆς
2336 4622 2437 4675 ἐπί
2482 4623 2803 4689 προθέςεως
2843 4622 2913 4674 τὸ
2949 4622 3114 4675 τέλος

547 4686 812 4741 ὀξύνουςι.
886 4705 973 4754 qu.
1024 4707 1109 4755 ep.
1149 4692 1265 4743 119.
1301 4716 1364 4724 -·
1412 4688 1462 4737 Φ
1496 4690 1622 4739 507:
1669 4688 1838 4751 προτὶ
1883 4686 1965 4740 01:
2010 4692 2121 4756 τὴν
2161 4688 2521 4754 ἀντωνυμίαν
2566 4692 2990 4756 ὀρθοτονοῡςιν,
3044 4689 3113 4742 οὐ

547 4752 635 4803 διὰ
666 4758 773 4820 τὴν
809 4757 1099 4822 πρόθεςιν,
1136 4756 1260 4808 ἀλλ’
1295 4755 1383 4807 ὅτι
1419 4753 1498 4807 εἰς
1534 4754 1802 4806 ςύνθετον
1840 4757 2317 4823 παρελαμβάνετο.
2386 4758 2436 4810 Υ
2470 4762 2586 4811 418.
2658 4758 2695 4812 Ε
2730 4762 2848 4811 800.
2918 4759 2957 4811 Κ
2993 4762 3113 4811 307.

549 4818 592 4869 Λ
626 4825 742 4874 239.
814 4825 855 4874 Ν
895 4828 1008 4876 542.
1081 4828 1093 4877 Ι
1134 4829 1257 4877 392:
1297 4824 1445 4875 ὅςτις
1481 4820 1563 4875 of:
1611 4821 1690 4875 εἰς
1724 4822 1916 4888 ἁπλῆν
1962 4826 2443 4893 μεταλαμβάνεται
2486 4827 2521 4891 ἡ
2569 4825 2922 4893 ἀντωνυμία,
2965 4826 3117 4880 ὅςτις
