3664 5546
575 336 705 402 310
1513 335 1595 388 εκ
1637 335 1777 388 τΩΝ
1819 334 2230 388 ΗΡΩΔΙΑΝοΥ

575 504 724 584 ἄγη
781 505 822 585 ἡ
866 504 1160 584 ἔκπληξις
1206 502 1369 583 «ἄγη
1418 503 1492 584 μ’
1535 503 1668 584 ἔχει
1723 502 1965 585 ὄρχαμε
2022 505 2239 570 λαῶν»
2287 504 2374 586 (Φ
2416 502 2572 586 221)
2616 503 2748 570 ἀπὸ
2793 503 3173 585 φωνήεντος

576 606 943 687 ἀρχόμενον
990 604 1345 687 βαρύνεται.

744 741 839 807 Τὰ
883 740 973 807 εἰς
1013 744 1094 819 ’γῆ
1149 740 1494 823 διςύλλαβα
1547 739 1977 807 ἀςυνάλειπτα
2030 740 2214 822 φύςει
2271 745 2475 824 μακρᾷ
2529 743 3060 825 παραληγόμενα,
3116 742 3170 808 εἰ

575 843 657 923 μὴ
703 842 1001 922 διαςτολή
1054 862 1149 908 τις
1203 841 1300 921 εἴη
1354 843 1393 922 ἢ
1439 842 1571 908 ἀπὸ
1624 846 1742 908 τοῦ
1785 846 1826 918 Ῠ
1882 841 2180 925 ἄρχοιτο,
2235 840 2528 910 ὀξύνεται
2541 873 2582 926 ,·
2617 845 2871 924 πληγή
2885 893 2903 926 ,
2965 844 3166 927 ςιγή,

513 943 756 1022 5Είγη
812 944 884 1008 δὲ
936 943 1124 1009 πόλις
1179 943 1517 1028 Τρῳάδος,
1576 945 1667 1009 ὡς
1709 944 2036 1009 Ἑκαταῖος
2093 944 2291 1028 Ἀςίᾳ,
2348 944 2682 1026 κραυγή,
2739 944 3040 1025 Κραύγη
3098 947 3167 1011 δὲ

573 1044 651 1110 τὸ
695 1044 936 1123 κύριον.
1019 1043 1165 1124 ἀγή
1220 1044 1261 1124 ἡ
1306 1044 1651 1111 ἀπόκλαςις
1704 1049 1823 1110 τοῦ
1869 1045 2179 1127 κύματος,
2239 1046 2467 1126 αὐγή,
2522 1045 2727 1124 Αὔγη
2784 1047 2856 1111 δὲ
2913 1047 2952 1125 ἡ
3007 1048 3167 1126 γυνὴ

571 1148 691 1212 τοῦ
754 1146 1188 1228 Τεύθραντος,
1255 1144 1495 1229 ρωγή,
1560 1145 1795 1226 Ῥώγη
1863 1148 1935 1212 δὲ
2000 1150 2191 1226 νῆςος
2254 1147 2324 1213 ἐν
2385 1153 2461 1231 τῇ
2517 1146 2745 1231 Λυκίᾳ,
2809 1147 3009 1226 πηγή
3069 1149 3170 1212 καὶ

574 1246 832 1325 Πηγαί
874 1246 1175 1326 παροικία
1207 1247 1579 1327 Μεγαρέων.
1636 1245 1762 1313 ἔςτι
1807 1249 1880 1313 δὲ
1925 1247 2028 1312 καὶ
2060 1249 2246 1313 πόλις
2292 1248 2362 1315 ἐν
2402 1248 2703 1333 Κερυνείᾳ
2746 1251 2859 1327 τῆς
2893 1248 3166 1328 Κύπρου.

575 1349 795 1426 πυγή.
861 1347 939 1413 τὸ
985 1349 1056 1412 δὲ
1100 1347 1294 1427 Γύγη
1337 1348 1378 1428 ἡ
1423 1349 1611 1414 πόλις
1654 1348 1786 1415 ἀπὸ
1830 1352 1949 1414 τοῦ
1992 1351 2034 1426 γ
2077 1348 2353 1429 ἄρχεται.
2401 1337 2494 1416 ’τὸ
2540 1351 2612 1415 δὲ
2656 1349 2828 1429 αἰγῆ
2875 1349 3007 1416 ἀπὸ
3051 1354 3167 1414 τοῦ

428 1511 435 1515 ,
495 1469 561 1521 10
577 1449 762 1526 αἰγέα
806 1450 1228 1529 ςυναλειφθὲν
1272 1452 1664 1529 περιςπᾶται.

746 1585 841 1649 Τὰ
892 1581 1011 1650 εἰς’
1047 1588 1131 1663 ἦ
1195 1584 1705 1665 ὑπερδιςύλλαβα
1765 1564 2199 1666 προςηγορικὰ
2272 1586 2510 1666 ἔχοντα
2574 1588 2690 1666 τὴν
2756 1588 2886 1666 πρὸ
2943 1588 3170 1654 τέλους

575 1686 892 1766 ςυλλαβὴν
945 1685 1035 1751 εἰς
1088 1690 1355 1767 φωνῆεν
1410 1687 1730 1765 λήγουςαν
1787 1685 2111 1770 ὀξύνεται,
2169 1690 2665 1771 μαρμαρυγή,
2722 1691 3169 1768 κορκορυγή

574 1785 614 1852 ὁ
678 1786 983 1870 θόρυβοι,
1049 1787 1431 1870 ὀλολυγή,
1498 1790 1981 1871 βορβορυτή,
2062 1787 2323 1869 ὠρυτή
2390 1789 2429 1867 ἡ
2495 1790 2768 1871 κραυγή,
2835 1789 3168 1871 οἰμωγή,

575 1886 875 1970 άρωγή,
919 1888 1216 1972 ἀνωγή,
1263 1890 1600 1970 ὑπιωγή,
1645 1889 1984 1972 ἁρμογή,
2029 1890 2420 1973 πλαταγή,
2469 1890 2791 1970 λαλαγή.
2857 1889 3168 1969 Λαλάγη

478 2006 540 2058 15
577 1988 943 2072 δὲκύριον,
989 1990 1201 2070 ὥςπερ
1244 1991 1322 2055 τὸ
1377 1990 1625 2070 ήλύγη
1681 1992 1720 2070 ἡ
1766 1991 1901 2056 ςκιά
1957 1990 2060 2055 καὶ
2114 1991 2421 2072 πανάγη
2466 1992 2506 2070 ἡ
2551 1991 2716 2070 ἁγνὴ
2768 1991 2982 2071 ἱέρεια.
3069 1992 3171 2056 καὶ

574 2090 925 2170 Φαρύγαι
969 2091 1155 2156 πόλις
1197 2091 1535 2176 Λοκρίδος,
1601 2093 1682 2171 ἢν
1724 2092 2012 2172 Ὅμηρος
2053 2092 2323 2172 Τάρφην
2368 2094 2548 2157 καλεῖ
2590 2089 2695 2174 (ΙΙ.
2743 2093 2789 2156 Β
2833 2091 3009 2173 533).
3092 2093 3170 2158 τὸ

575 2193 648 2257 δὲ
702 2191 1009 2271 πατάγη
1056 2194 1424 2276 βαρύνεται,
1482 2193 1562 2259 οὐ
1605 2193 1730 2274 γὰρ
1774 2193 1845 2258 ἐκ
1886 2197 2004 2259 τοῦ
2049 2193 2346 2259 πατάςςω
2388 2193 2658 2276 γίνεται,
2716 2193 2998 2261 ὠξύνετο
3043 2193 3166 2272 γὰρ

574 2291 655 2360 ἂν
700 2293 793 2359 ὡς
834 2293 911 2360 τὸ
955 2293 1281 2377 ἀλαλαγή,
1325 2293 1482 2360 ἀλλ’
1525 2294 1657 2360 ἀπὸ
1702 2298 1820 2360 τοῦ
1865 2295 2181 2377 πάταγος,
2229 2292 2308 2360 οὗ
2352 2294 2428 2361 τὸ
2473 2294 2752 2374 θηλυκὸν
2795 2293 3065 2373 πατάγη.

742 2428 837 2494 Τὰ
891 2427 978 2494 εἰς
1029 2433 1114 2507 fn*
1167 2429 1707 2512 ύπερδιςύλλαβα,
1762 2429 1816 2494 εἰ
1872 2430 2013 2509 ἔχοι
2065 2430 2183 2510 τὴν
2236 2429 2366 2508 πρὸ
2422 2430 2653 2495 τέλους
2718 2430 3037 2510 ςυλλαβὴν
3081 2429 3171 2495 εἰς

472 2545 543 2598 20
576 2529 928 2610 ςύμφωνον
972 2532 1484 2614 καταλήγουςαν,
1531 2531 1903 2613 βαρύνεται,
1947 2530 2223 2618 ὀλίγγη
2267 2530 2306 2608 ἡ
2351 2529 2732 2615 ἀνάπαυςις,
2764 2531 3169 2612 Ἐλιβύργη

574 2630 763 2697 πόλις
825 2631 1202 2711 Ταρτηςςοῦ.
1289 2631 1616 2698 Ἑκαταῖος
1679 2632 1970 2716 Εὐρώπῃ.
2058 2631 2361 2713 άμόργη
2426 2631 2467 2711 ἡ
2531 2635 2649 2698 τοῦ
2716 2631 2937 2697 ἐλαίου
3002 2632 3170 2711 τρύξ.

578 2733 982 2817 ςεςημείωται
1026 2734 1103 2799 τὸ
1148 2732 1457 2815 ἀμολγή
1503 2732 1920 2815 ὀξυνόμενον.

745 2868 840 2934 Τὰ
894 2867 985 2935 εἰς
1037 2875 1115 2950 δή
1158 2868 1398 2950 ἔχοντα
1438 2868 1568 2948 πρὸ
1611 2872 1730 2935 τοῦ
1773 2869 2003 2936 τέλους
2044 2870 2121 2935 τὸ
2166 2873 2205 2934 ὃ
2263 2868 2353 2936 εἰς
2398 2869 2748 2951 ςύμφωνον
2769 2873 3166 2950 ,καταλῆγον
3204 2946 3214 2953 ,

577 3156 765 3223 ςφαγή
810 3156 1120 3211 ὀξυτόνως·
1159 3153 1412 3220 Ἡρώδης
1457 3156 1517 3218 (i.
1557 3174 1603 3207 e.
1655 3155 2040 3221 ’.Ηρωδιανός)
2110 3154 2219 3221 ἄγη
2265 3154 2301 3219 ὴ
2340 3155 2603 3223 ἔκπληξις
2640 3173 2762 3208 rece
2805 3159 2826 3208 i
2871 3174 2939 3209 ex
2975 3157 3172 3210 Choer.

575 3227 722 3278 Dict.
760 3228 887 3288 329,
923 3227 1017 3276 27:
1064 3168 1258 3276 ἄξιόνρ
1267 3221 1381 3275 ἑςτι
1416 3224 1446 3276 Ζ
1446 3225 1673 3288 ητῆςαι,
1720 3223 1810 3276 διὰ
1845 3223 1902 3276 τί
1936 3223 2006 3276 τὸ
2042 3170 2219 3289 ἄγηγη
2196 3222 2429 3276 ἄκλιτόν
2466 3223 2579 3276 ἑςτι
2625 3225 2717 3277 καὶ
2792 3240 2876 3279 ςτι
2921 3228 2954 3277 θ
2995 3225 3172 3278 λυκὸν

579 3292 760 3357 ὄνομα
796 3263 951 3411 «dy-vl
967 3288 1053 3355 μ’
1088 3289 1201 3354 ἔχει
1237 3239 1482 3410 ὀρζξιαμεη
1488 3292 1690 3345 λαῶν»
1726 3291 1802 3358 (Φ
1839 3290 1964 3356 221)
2011 3291 2102 3343 καὶ
2139 3291 2288 3344 ἔςτιν
2337 3289 2518 3344 εἰπεῖν
2560 3292 2777 3359 ταύτην
2820 3294 2929 3357 τὴν
3003 3294 3173 3345 πολο-

576 3358 728 3423 γίαν·
782 3359 856 3411 τὰ
902 3373 980 3411 ες
1018 3372 1089 3422 γη
1128 3356 1278 3422 ἰαμβι
1387 3357 1663 3412 οὐδέποτε
1702 3356 1819 3411 ἀπὸ
1857 3357 2195 3425 φωνήεντος
2231 3357 2497 3425 ἄρχονται
2542 3357 2667 3412 οἷον
2713 3359 2908 3426 ςτέγη,
2964 3360 3171 3425 ςφαγή,

468 3485 477 3496 .
577 3426 740 3492 ταγή.
815 3425 1139 3491 πρόςκειται
1174 3424 1348 3490 «ἰαμβ
1351 3425 1484 3479 ικά»
1528 3425 1618 3478 διὰ
1662 3426 1732 3478 τὸ
1767 3425 1878 3490 ἀγή
1916 3424 2193 3512 (ςημαίνει
2237 3426 2299 3479 δὲ
2343 3427 2464 3492 τὴν
2496 3426 2806 3480 ἀπόκλαςιν
2850 3431 2955 3480 τοῦ
3001 3427 3172 3493 κύμα-

576 3493 717 3559 τος).
786 3496 963 3546 τοῦτο
998 3493 1105 3558 γὰρ
1141 3490 1258 3546 ἀπὸ
1293 3493 1631 3559 φωνήεντος
1667 3492 1924 3558 ἄρχεται,
1971 3493 2108 3546 ἀλλ’
2143 3494 2247 3547 οὐκ
2294 3494 2443 3546 ἔςτιν
2488 3493 2543 3546 ἰα
2546 3494 2769 3559 μ,βικόν
2816 3494 2962 3548 ἀλλὰ
3004 3510 3172 3549 ςπον-

577 3559 831 3625 δειακόν,
868 3561 939 3614 τὸ
975 3561 1081 3630 γὰρ
1115 3564 1152 3613 ἃ
1189 3561 1583 3626 μηκυνόμενον
1619 3560 1747 3625 ἔχει.
1964 3562 1998 3612 1.
2035 3566 2067 3613 5
2112 3558 2247 3627 Είγη
2293 3563 2573 3629 proprium
2618 3562 2810 3614 addidi
2858 3579 2926 3614 ex
2971 3562 3051 3614 St.
3087 3565 3171 3627 Β.,

578 3626 688 3694 ἀγὴ
727 3646 795 3680 ex
832 3627 1391 3694 Οιιοοπ.1.ο,,αὐγή
1429 3631 1549 3695 ipse
1587 3630 1822 3695 apposui
1868 3634 2090 3695 propter
2126 3630 2394 3696 Stephani
2431 3629 2615 3695 Αὔγη,
2661 3630 2795 3681 item
2839 3630 3000 3695 ῥώγη
3050 3647 3172 3697 pro-

578 3703 703 3764 pter
738 3694 922 3780 Ῥώγη
958 3714 1047 3764 ap.
1086 3698 1183 3757 St„
1255 3695 1412 3761 πηγή
1448 3702 1675 3762 propter
1707 3693 1898 3760 Πηγαί
1934 3713 2020 3762 ap.
2060 3697 2316 3760 eundem,
2360 3696 2512 3762 πυγή
2551 3699 2787 3749 accessit
2821 3713 2886 3748 ex
2923 3698 3169 3763 Theogn-

579 3767 662 3815 Ex
711 3762 855 3829 Γύγη
908 3781 998 3832 ap.
1048 3765 1298 3830 Theogn.
1343 3763 1492 3828 Ὑγη
1547 3761 1710 3815 πόλις
1766 3770 2077 3829 corruptum
2132 3780 2254 3815 esse
2309 3765 2673 3830 probabiliter
2728 3766 2994 3819 Schmidt.
3044 3782 3172 3817 οοιι-

464 3832 467 3837 ’
576 3834 781 3894 ieetat;
833 3833 1072 3884 fortasse
1116 3832 1263 3883 idem
1306 3832 1461 3882 loeus
1505 3837 1615 3894 est,
1664 3847 1822 3897 quem
1871 3833 2071 3883 Strabo
2108 3835 2209 3883 590
2254 3838 2392 3884 extr.
2441 3831 2502 3885 Γ
2477 3846 2612 3895 υγας
2657 3831 3012 3897 ἀκρωτήριόν
3057 3831 3172 3886 ἑςτι

579 3899 725 3964 πρός
762 3899 1044 3967 Δαρδάνῳ
1081 3905 1262 3952 vocat.
1334 3898 1488 3949 Idem
1524 3914 1699 3949 canon
1738 3905 1925 3949 exstat
1961 3900 2018 3949 in
2054 3899 2155 3950 An.
2193 3899 2295 3950 Ox.
2332 3901 2388 3951 11
2424 3903 2543 3962 412,
2580 3903 2632 3951 4.
2803 3900 2839 3951 1.
2881 3904 2942 3953 13
2980 3901 3173 3965 βορβο-

577 3966 746 4033 ρυγή,
786 3966 1007 4033 ὠρυγή,
1046 3965 1245 4032 άρωγή
1285 3993 1347 4003 -
1362 3964 1603 4031 ἁρμογή
1641 3971 1771 4018 sunt
1806 3984 1875 4018 ex
1908 3967 2157 4032 Theogn.
2197 3969 2318 4027 108
2355 3970 2423 4019 34
2459 3973 2516 4018 et
2555 3970 2773 4029 109,1;
2823 3968 2891 4019 de
2941 3966 3170 4033 ὑπιωγή

578 4036 651 4090 ef.
691 4034 869 4086 Sehol.
914 4036 988 4086 ad
1024 4034 1127 4086 011.
1166 4035 1193 4086 ξ
1240 4037 1341 4085 533
1391 4031 1583 4098 Βορέω
1618 4032 1874 4100 ὑπιωγῇτ
1925 4033 2197 4087 ςύνθετόν
2240 4032 2354 4086 ἐςτι
2397 4034 2468 4086 τὸ
2516 4034 2696 4098 ὄνομα
2740 4009 2867 4086 ἀντὶ
2910 4037 3015 4087 τοῠ
3053 4035 3171 4088 ςκέ·

577 4117 745 4154 ποντι
791 4102 882 4155 καὶ
918 4099 1249 4166 ἀπείργοντι
1286 4100 1392 4152 τὸν
1429 4102 1635 4166 βορρᾶν
1671 4100 1837 4167 τόπῳ
1884 4103 1954 4157 cf.
1989 4103 2127 4153 Lob.
2165 4102 2332 4152 Pron.
2369 4105 2487 4157 307.
2559 4101 2822 4167 πλαταγὴ
2868 4102 3058 4154 addidi
3102 4120 3170 4154 ex

577 4169 760 4222 Schol.
806 4170 879 4221 ad
912 4170 1094 4235 Apoll.
1140 4168 1316 4220 Rhod.
1367 4167 1407 4220 Β
1446 4172 1601 4221 1055.
1649 4167 1975 4235 πλαταγήν;
2023 4168 2339 4247 ὀξυτόνως,
2387 4169 2467 4221 ὥς
2512 4185 2594 4235 φη
2560 4183 2681 4234 ηςιν
2719 4169 3060 4236 Ηριυδιανὸς
3107 4169 3170 4222 ἐν

574 4240 661 4303 τῷ
708 4236 858 4304 ἔκτῳ
895 4239 1000 4302 τῆς
1045 4235 1320 4302 καθόλου,
1376 4238 1472 4288 ubi
1518 4237 1659 4288 male
1707 4236 1858 4304 ἕκτῳ
1904 4253 2002 4303 pro
2054 4229 2136 4301 ιβ’.
2216 4236 2435 4302 λαλαγή
2489 4239 2612 4304 ipse
2669 4246 2896 4303 propter
2941 4235 3169 4303 Λαλάγη

575 4306 829 4389 apposui.
900 4303 1156 4370 Φαρύγαι
1191 4306 1428 4356 accessit
1465 4321 1534 4356 ex
1570 4304 1649 4359 St.
1688 4307 1751 4358 B.
1788 4289 1906 4355 P⁸ro
1941 4305 2168 4356 Arcadii
2201 4307 2388 4358 verbis
2424 4305 2516 4357 καὶ
2552 4304 2622 4357 τὸ
2659 4304 2885 4370 πατάγη
2921 4303 2983 4357 δέ
3020 4319 3169 4358 τινες

577 4371 911 4438 βαρύνουςιν
947 4374 1134 4439 posui,
1173 4388 1316 4438 quae
1352 4373 1504 4436 dedi,
1545 4389 1613 4423 ex
1648 4372 1909 4425 Eustath.
1946 4372 2017 4423 ad
2040 4373 2270 4456 Dionyp.
2307 4374 2432 4424 566·
2469 4372 2540 4424 τὸ
2577 4371 2804 4437 παταγή
2842 4371 3169 4437 κοινότερον

578 4439 681 4504 μὲν
716 4439 978 4493 ὀξύνεται
1014 4438 1094 4493 ὡς
1130 4439 1200 4492 τὸ
1233 4439 1517 4505 ἁλαλαγή,
1557 4439 1590 4492 ὁ
1625 4439 1687 4492 δὲ
1725 4438 2066 4505 Ἡρωδιανὸς
2103 4438 2327 4505 βαρύνει
2362 4438 2535 4503 αὐτό,
2574 4439 2790 4505 λέγων,
2838 4440 2926 4492 ότι
2964 4438 3068 4492 οὐκ
3105 4439 3168 4493 ἐκ

575 4510 680 4559 τοῦ
719 4509 840 4559 κτλ.
876 4512 935 4560 et
969 4508 1168 4559 deinde
1206 4514 1331 4574 post
1366 4506 1618 4572 θηλυκόν
1652 4509 1916 4559 inseritur
1950 4505 2085 4572 φηςί
2121 4523 2197 4561 so.
2231 4508 2586 4559 Herodianus
2620 4509 2690 4559 cf.
2727 4509 2864 4563 Lob.
2887 4508 3056 4559 Proll.
3086 4511 3166 4571 15,

577 4575 769 4626 Rhem.
804 4576 924 4630 266.
954 4602 1020 4613 -
1056 4576 1141 4626 De
1177 4573 1405 4640 ἁρπαγή
1442 4580 1500 4626 et
1535 4573 1760 4640 ἁρπάγη
1799 4591 1967 4641 supra
2004 4592 2056 4642 p.
2077 4579 2193 4633 304,
2220 4577 2252 4624 6
2288 4576 2495 4626 dietum
2533 4581 2637 4627 est.
2790 4575 2827 4629 1.
2863 4578 2931 4627 20
2967 4573 3166 4640 ὀλίγγη

579 4642 845 4693 Schmidt.
881 4642 955 4693 ad
989 4644 1142 4708 Heey
1145 4642 1256 4693 ‹ah-e
1304 4639 1468 4707 ὀλίγη
1513 4641 1574 4694 δέ
1612 4641 1677 4692 τ’
1714 4641 2019 4696 ἀνάπαυςις
2065 4642 2335 4706 πολέμοιο
2370 4659 2560 4695 vocem
2602 4641 2803 4708 ὀλίγγη
2859 4645 3032 4694 errori
3078 4644 3170 4694 de-

579 4710 699 4760 beri
743 4725 837 4761 eus
876 4711 1082 4773 icatur,
1126 4710 1224 4760 sed
1270 4709 1711 4760 ef.Lob.E1.1
1748 4711 1876 4771 365,
1923 4712 2284 4773 Rhem.280,
2333 4713 2411 4765 15.
2494 4709 2781 4776 Ἐλιβύργη
2830 4710 3052 4777 explevi
3099 4727 3167 4761 ex

580 4775 660 4827 st.
696 4777 786 4837 Β.
864 4793 893 4828 e
929 4774 1148 4841 ἅμόργη
1185 4777 1257 4828 ef.
1293 4776 1554 4826 Eustath.
1592 4776 1660 4827 ed
1692 4778 1923 4841 Dionys.
1961 4781 2077 4829 525.

1767 5054 1807 5082 Χ
