3664 5546
669 370 754 434 62
1599 370 1680 425 ΕΚ
1719 369 1858 424 ΤΩΝ
1901 369 2307 424 ΗΡΩΔΙΑΝΟΥ

668 542 911 625 τιμάχῳ
971 541 1198 606 «καδδ’
1252 542 1336 625 ᾖα
1390 540 1615 619 Πύδην
1669 539 1978 619 ἐρόεντα»
2035 538 2143 622 (fr.
2201 540 2282 602 79
2339 538 2682 620 Duebner)
2746 540 2849 604 καὶ
2917 540 3258 618 «Πύδητος

668 642 1071 722 τηλεκλείτου
1115 645 1474 723 ποταμοῖο»
1521 640 1758 725 (ibid.).
1846 643 2064 726 ᾅδης,
2112 643 2151 705 Γ
2166 641 2438 725 ράδης,
2486 643 2795 720 Μένδης
2839 642 3025 706 πόλις
3071 642 3254 717 Αἰγύ-

669 766 835 810 πτου
880 746 1054 824 παρὰ
1098 748 1213 825 τὴν
1257 746 1481 811 Λύκων
1526 747 1732 810 πόλιν.
1822 745 2121 826 (τράβων
2162 744 2235 812 ιζ’
2278 745 2371 830 (p.
2405 743 2579 826 802),
2629 745 2770 809 «καὶ
2813 744 3038 809 Λύκων
3068 745 3258 808 πόλις

668 848 771 912 καὶ
826 848 1113 930 Μένδης,
1180 847 1352 911 ὅπου
1404 849 1521 912 τὸν
1574 849 1764 912 Πᾶνα
1816 852 2033 927 τιμῶςι
2088 847 2191 911 καὶ
2244 847 2360 911 τὸν
2421 847 2706 925 τράγον»
2772 846 3088 925 Πάνδης
3154 847 3257 910 καὶ

608 961 640 1010 5
674 949 948 1028 (ίνδης
1006 948 1159 1027 ἔθνη
1218 948 1469 1032 Ἰνδικά,
1533 950 1801 1027 Ἔςδης
1877 949 2066 1014 ἔθνος
2143 949 2458 1029 Ἰβηρικόν.
2568 948 2892 1013 Ἑκαταῖος
2966 947 3255 1032 Εὐρώπῃ.

666 1052 879 1130 Ἴδης.
923 1052 1192 1133 Ὕδης,
1239 1051 1303 1117 ἐξ
1349 1050 1428 1116 οὗ
1472 1051 1510 1129 ἡ
1555 1051 1740 1117 πόλις
1785 1051 2085 1117 Ὑδιςςός.
2146 1052 2247 1122 ,τὸ
2294 1052 2506 1130 μέντοι
2564 1050 2863 1130 ψευδής
2909 1051 3012 1114 καὶ
3055 1070 3255 1129 φρα-

669 1155 801 1231 δής
867 1152 1198 1218 ἐπιθετικά.
1266 1154 1368 1217 καὶ
1427 1155 1503 1218 τὸ
1567 1155 1829 1231 Ποδῆς
1896 1155 1998 1219 καὶ
2063 1154 2332 1232 Ῥοδῆς
2398 1153 2851 1235 περιεςπάςθη,
2919 1152 3015 1216 ὅτι
3081 1152 3157 1215 τὸ
3213 1155 3254 1212 ὑ

666 1256 1035 1333 παραλήγει.

837 1358 931 1422 Τὰ
974 1358 1062 1422 εἰς
1106 1379 1179 1435 ης
1224 1356 1652 1424 ἀςυνάλειπτα
1696 1358 2111 1440 βαρύνονται,
2156 1359 2462 1440 Ἄνθης,
2510 1357 2805 1436 (κύθης
2850 1357 3041 1421 ἔθνος
3085 1356 3253 1437 Θρᾴ-

572 1472 635 1521 10
671 1479 809 1523 κιον
856 1458 986 1524 ἀπὸ
1032 1460 1276 1524 (κύθου
1320 1462 1549 1526 παιδὸς
1594 1460 2008 1539 Ἡρακλέους·
2062 1461 2230 1525 τινες
2275 1462 2345 1524 δὲ
2401 1460 2532 1524 άπὸ
2576 1463 2695 1523 τοῦ
2741 1458 3075 1526 ςκύζεςθαι.
3142 1456 3251 1535 ὀρ-

515 1982 633 2032 ·l5

668 1561 1007 1636 γιλώτατοι
1063 1563 1202 1640 γάρ.
1305 1562 1582 1641 «(κύθης
1636 1562 1899 1642 ὅμιλος»
1958 1558 2298 1647 (Aeschyl.
2356 1561 2570 1625 l’rom.
2615 1561 2769 1642 415)
2824 1561 2927 1625 καὶ
2972 1559 3253 1637 «(κύθην

670 1662 736 1727 ἐς
793 1661 1024 1742 οἶμον»
1073 1662 1264 1743 (ibid.
1311 1684 1375 1725 ν.
1420 1663 1490 1746 2)
1544 1665 1646 1728 καὶ
1703 1664 1982 1743 «(κύθης
2037 1664 2330 1742 ςίδηρος»
2388 1663 2683 1749 (Septem
2738 1663 2904 1744 799).
2980 1662 3129 1727 ὅθεν
3173 1663 3250 1725 τὸ

670 1763 1076 1829 ἀποςκυθίςαι
1149 1767 1224 1830 τὸ
1301 1772 1393 1848 τῷ
1471 1766 1707 1850 ςιδήρῳ
1780 1768 1894 1830 τὰς
1958 1765 2175 1845 τρίχας
2239 1769 2467 1845 τεμεῖν.
2577 1765 2898 1847 (εύθης,
2964 1764 3250 1844 Λάχης,

668 1867 967 1948 Πάχης,
1015 1867 1317 1950 λε’ςχης,
1377 1866 1617 1945 (άκης
1672 1869 1889 1933 ἔθνος·
1953 1869 2107 1933 τοὺς
2153 1868 2390 1933 (κύθας
2448 1870 2620 1933 οὕτω
2676 1869 2901 1950 φαςίν,
2959 1865 3090 1930 ἀπὸ
3134 1869 3252 1929 τοῦ

670 1968 913 2051 ὅπλου,
959 1968 1056 2033 ὅτι
1102 1969 1261 2033 αὐτὸ
1307 1968 1596 2047 εὕραντο.
1673 1971 1931 2048 Μέλης
1976 1971 2264 2050 ποταμὸς
2309 1970 2693 2053 (μυρναῑος,
2741 1970 3008 2048 Μήλης
3052 1987 3251 2031 ποτα-

671 2071 787 2151 μὸς
837 2072 1264 2154 Κολοφῶνος,
1309 2071 1652 2154 Πόλλης,
1703 2072 1950 2152 Κόμης
2016 2072 2269 2156 κύριον,
2326 2073 2628 2152 Τρόμης
2696 2073 2903 2150 πατὴρ
2958 2069 3252 2148 Αἰςχίνου

669 2177 786 2237 τοῦ
842 2173 1148 2254 ῥήτορος,
1209 2172 1460 2250 (ἀπης
1515 2172 1705 2238 ἔθνος
1759 2174 2042 2257 Θρᾴκης,
2100 2177 2394 2251 λέγονται
2450 2176 2552 2239 καὶ
2596 2174 2865 2238 (απαῑοι
2908 2173 3011 2237 καὶ
3055 2171 3252 2254 (άῖοι,

669 2275 944 2357 τάπης,
1000 2274 1294 2354 Βρύκης
1348 2273 1537 2339 ἔθνος
1596 2276 1862 2358 Θρᾴκης.
1953 2277 2248 2354 λέγονται
2314 2279 2416 2342 καὶ
2469 2278 2728 2355 Βρυκεῖς
2787 2277 2888 2340 καὶ
2933 2273 3252 2354 Βρυκήῑοι,

672 2377 936 2455 Μάκης
981 2377 1170 2442 ἔθνος
1224 2376 1452 2455 μεταξὺ
1502 2378 1854 2457 Καρμανίας
1911 2379 2013 2443 καὶ
2067 2379 2370 2460 Ἀραβίας.
2462 2380 2734 2462 Βύζης,
2792 2378 2915 2458 ἀφ’
2969 2375 3049 2441 οὗ
3094 2376 3252 2439 κατά

568 2493 635 2543 :20
668 2499 846 2543 τινας
899 2479 1247 2544 Βυζάντιον
1302 2479 1560 2558 ἐκτίςθη.
1650 2480 1943 2560 Βούςης
2009 2481 2206 2545 ἔθνος.
2266 2481 2542 2558 Μήδων·
2615 2482 2965 2560 Ἡρόδοτος
3031 2479 3252 2560 πρώτῃ

669 2580 867 2661 (101).
960 2580 1268 2659 Κάλπης
1315 2582 1515 2660 λιμήν.
1583 2583 1835 2662 Τύμης
1879 2584 2066 2647 πόλις
2109 2583 2353 2663 Λιβύης.
2427 2584 2466 2646 Γ
2478 2584 2653 2662 ε’της
2699 2583 3016 2666 Θρᾳκικὸν
3063 2581 3253 2644 ἔθνος
3334 2651 3343 2659 ,

670 2684 773 2747 καὶ
814 2683 890 2747 τὸ
936 2684 1172 2762 κύριον.
1261 2681 1510 2748 Ῥιανὸς
1555 2685 1627 2749 δε
1674 2686 1712 2748 Γ
1713 2686 1982 2763 ετηνοὺς
2027 2684 2264 2749 αὐτούς
2309 2704 2475 2765 φηςι.
2540 2685 2807 2763 ’Άςτης
2853 2684 3041 2748 ἔθνος
3084 2682 3251 2763 Θρᾴ-

671 2807 797 2864 κης.
858 2784 1327 2866 Ἀρτεμίδωρος.
1388 2786 1697 2866 Κέλτης·
1755 2787 1962 2852 οὕτως
2005 2788 2128 2866 γὰρ
2187 2786 2485 2867 (τράβων
2540 2788 2691 2867 φηςὶ
2747 2786 2901 2851 τοὺς
2963 2783 3251 2849 Κελτούς.

675 2889 948 2968 Κώφης
995 2888 1247 2954 Ἰνδικὸς
1291 2889 1609 2970 ποταμός,
1659 2890 1748 2953 ὡς
1793 2889 2093 2969 (τράβων
2150 2888 2477 2966 «Χοάςπης
2534 2889 2622 2953 εἰς
2676 2888 2792 2952 τὸν
2855 2889 3089 2967 Κώφην
3145 2887 3250 2965 ἑμ-

568 3006 626 3054 :J
672 2990 925 3071 βάλλει»
974 2990 1063 3075 (p.
1111 2989 1267 3071 697)
1311 2992 1412 3055 καὶ
1467 2993 1659 3055 πάλιν
1719 2992 1914 3070 «μετὰ
1968 2992 2084 3055 τὸν
2135 2990 2388 3070 Κώφην.
2427 2990 2464 3054 6
2510 2990 2735 3073 Ἰνδός,
2795 2988 2933 3053 εἶτα
2978 2988 3015 3053 6
3061 2988 3249 3052 Ὑδά-

671 3113 859 3175 ςπης,
916 3090 1054 3156 εἶτα
1110 3092 1147 3155 6
1206 3094 1515 3171 Ἀκεςίνης
1570 3094 1670 3156 καὶ
1725 3092 1990 3157 ὕςτατος
2046 3091 2083 3156 6
2127 3092 2439 3157 Ὕπανις»
2494 3089 2733 3175 (ibid.).
2823 3093 3251 3171 Ἀριςτοτέλης

672 3195 742 3258 δὲ
786 3194 857 3257 ἐν
903 3194 1170 3277 πέμπτῳ
1225 3195 1371 3272 περὶ
1428 3194 1850 3272 Ἀλεξάνδρου
1901 3195 2029 3283 τὸνι
2067 3195 2348 3271 Κωφῆνα
2391 3215 2580 3274 φηςιν
2641 3196 2730 3259 ὡς
2776 3196 3044 3270 ςωλῆνα.
3120 3193 3249 3257 δό-

671 3316 836 3376 της,
881 3294 1210 3376 πλύτης,
1257 3295 1525 3379 θύτης,
1569 3297 1887 3375 πράτης,
1975 3299 2050 3361 τὸ
2097 3297 2313 3375 μέντοι
2359 3298 2626 3374 κριτής
2671 3296 2984 3362 ὀξύτονον
3032 3296 3133 3359 καὶ
3172 3295 3252 3358 τὸ

674 3396 976 3474 ψαλτής
1033 3398 1104 3459 δὲ
1160 3398 1449 3462 Ἀττικῶς
1496 3398 1815 3481 ὀξύνεται,
1875 3400 1964 3463 ὡς
2019 3398 2255 3477 ἱςτορεῑ
2311 3398 2835 3480 Ἀπολλόδωρος,
2892 3399 2995 3462 καὶ
3039 3398 3129 3461 ἔτι
3173 3398 3250 3461 τὸ

806 3585 841 3635 l.
880 3588 911 3634 2
958 3602 1055 3650 pro
1092 3584 1260 3651 μέδης
1296 3587 1492 3651 scripsi
1531 3585 1755 3652 Μένδης
1804 3604 1871 3637 ex
1911 3588 1989 3637 St.
2028 3589 2088 3640 Β.
2127 3589 2253 3643 444,
2294 3590 2354 3637 17
2402 3593 2458 3637 et
2495 3589 2557 3637 E.
2595 3588 2665 3635 M.
2704 3589 2828 3647 818,
2871 3587 2931 3635 18
2976 3585 3070 3635 ubi
3105 3584 3250 3634 idem

675 3669 852 3702 canon
890 3669 1008 3702 cum
1048 3655 1316 3720 exemplis
1353 3653 1576 3720 Μένδης
1618 3654 1822 3720 Γράδης
1862 3655 2011 3721 ᾅδης.
2148 3655 2182 3709 l.
2221 3658 2255 3705 4
2298 3653 2526 3719 Πάνδης
2564 3671 2629 3704 ex
2670 3655 2749 3703 St.
2786 3655 2845 3702 B.
2882 3655 3000 3714 499,
3038 3658 3094 3715 5,
3132 3649 3252 3704 (iv-

672 3722 771 3785 δης
807 3722 925 3784 569,
961 3724 1044 3784 26,
1083 3721 1273 3787 Ἔςδης
1312 3726 1390 3775 st.
1429 3726 1490 3773 B.
1526 3727 1652 3786 282,
1695 3728 1771 3777 12.
1913 3725 1944 3776 l.
1984 3726 2015 3773 6
2051 3723 2194 3788 Ἴδης
2230 3741 2297 3773 ex
2337 3724 2530 3774 Choer.
2573 3726 2686 3782 139,
2730 3726 2816 3785 12,
2853 3720 3027 3786 Ὕδης
3065 3738 3131 3770 ex
3169 3725 3251 3770 st.

672 3792 733 3840 B.
772 3793 888 3850 645,
931 3785 1012 3839 19.
1173 3792 1208 3840 1.
1246 3796 1277 3840 9
1313 3788 1528 3856 (κύθης
1566 3793 1788 3856 explevi
1827 3809 1895 3842 ex
1934 3794 2011 3846 St.
2052 3794 2112 3842 B.
2151 3793 2266 3850 578,
2307 3797 2386 3841 10.
2546 3791 2579 3841 l.
2620 3793 2682 3839 14
2720 3788 2913 3853 λέςχης
2950 3807 3017 3838 ex
3056 3789 3250 3841 Choer.

670 3861 754 3920 47,
797 3860 882 3915 16,
928 3854 1108 3923 (άκηξ
1159 3876 1223 3909 ex
1264 3860 1384 3908 eod.
1425 3861 1536 3921 139,
1579 3864 1640 3911 15
1679 3868 1735 3909 et
1774 3861 1854 3913 St.
1884 3862 1944 3909 B.
1981 3864 2096 3917 550,
2135 3864 2183 3917 5.
2224 3857 2417 3923 Μέλης
2455 3876 2521 3908 ox
2558 3859 2753 3910 Choer.
2791 3862 2876 3917 45,
2916 3860 3005 3917 163
3048 3858 3253 3917 142,15

674 3926 877 3975 collato
915 3928 994 3976 St.
1031 3930 1093 3978 B.
1126 3930 1252 3985 442,
1291 3932 1350 3987 3;
1407 3925 1606 3992 Μήλης
1646 3930 1841 3980 Choer.
1880 3931 2002 3989 142,
2048 3931 2131 3983 19,
2187 3926 2416 3991 Πόλλης
2454 3928 2585 3976 ibid.
2620 3933 2653 3975 4
2699 3932 2756 3976 et
2790 3930 2880 3986 53,
2919 3930 3009 3986 303
3069 3923 3251 3988 Κόμης

672 3993 865 4043 Choer.
901 3997 993 4049 44.
1032 4000 1097 4045 33
1142 4002 1201 4045 ot
1245 3996 1514 4045 Priscian.
1551 3997 1625 4045 VI
1672 3999 1753 4049 60.
1827 3995 2051 4060 Τρόμης
2101 3996 2294 4045 Choer.
2329 3998 2423 4057 47,
2460 3998 2518 4057 9,
2566 3992 2756 4058 (ἀπης
2804 3994 2999 4043 Choer.
3042 3996 3161 4049 140,
3206 3999 3252 4052 1,

674 4063 753 4111 St.
793 4064 856 4115 B.
892 4068 1009 4124 555,
1051 4066 1130 4125 10,
1167 4062 1350 4127 τάπης
1390 4064 1584 4115 Choer.
1620 4067 1705 4128 43,
1742 4067 1825 4125 21,
1865 4063 2080 4128 Βρύκη(
2119 4066 2285 4113 St.13.
2325 4066 2438 4124 187,
2480 4066 2558 4123 11,
2599 4060 2797 4127 Μάκης
2831 4064 2949 4123 427,
2989 4066 3035 4123 3,
3076 4059 3251 4124 Βύζης

676 4133 789 4191 190,
833 4135 874 4180 1.
949 4130 1159 4195 Βούςης
1200 4135 1314 4193 183,
1351 4133 1401 4194 8,
1442 4130 1667 4197 Κάλπης
1703 4136 1821 4191 349,
1862 4136 1942 4193 19,
1985 4133 2076 4181 ubi
2118 4130 2342 4195 Κάλπης
2380 4132 2773 4181 nominativum
2822 4146 2944 4179 esse
2982 4146 3048 4179 ox
3085 4128 3255 4178 Plinii

671 4200 741 4248 Π.
783 4200 845 4248 N.
882 4202 932 4263 6,
974 4203 997 4248 1
1037 4202 1230 4264 Calpem
1265 4199 1450 4250 docuit
1475 4201 1712 4250 Meinek.
1763 4199 1953 4263 Τύμης
1992 4202 2069 4251 st.
2099 4202 2159 4249 B.
2183 4202 2300 4262 641,
2327 4202 2376 4249 6.
2490 4201 2523 4254 l.
2552 4202 2614 4249 21
2659 4196 2826 4263 Γέτης
2864 4200 2941 4250 St.
2970 4198 3030 4246 B.
3056 4198 3172 4257 206,
3199 4200 3251 4255 5,

671 4267 763 4317 nbi
803 4283 901 4331 pro
942 4263 1245 4331 Ἀρριανὸς
1274 4268 1622 4318 scribendum
1673 4271 1956 4334 proposuit
1995 4266 2209 4320 Ῥιανός
2256 4269 2423 4320 Mein.
2470 4269 2525 4316 in
2562 4267 2745 4317 Anall.
2792 4284 2844 4332 p.
2882 4268 3011 4327 205,
3048 4262 3251 4329 Ἂςτης

671 4336 751 4384 St.
793 4338 851 4384 Β.
892 4338 1003 4388 137.
1045 4339 1131 4397 12,
1177 4337 1270 4385 ubi
1311 4332 1495 4387 Ἀςταί
1542 4338 1658 4387 iure
1697 4339 1751 4385 in
1789 4334 1981 4387 ''Ac‘rm
2014 4336 2332 4386 mutandum
2382 4352 2503 4384 esse
2540 4336 2705 4393 Mein.
2743 4335 2968 4384 monuit.
3042 4331 3251 4397 Κέλτης

672 4420 738 4453 ex
778 4404 1035 4454 Eustath.
1073 4405 1142 4452 ad
1181 4405 1406 4468 Dionys.
1446 4407 1569 4463 288,
1622 4404 1829 4468 Κώφης
1867 4404 2011 4453 idem
2050 4406 2119 4453 ad
2156 4420 2296 4457 vers,
2338 4407 2493 4454 1140:
2536 4402 2755 4454 Ἰνδικὸς
2793 4399 3075 4464 ποταμός,
3114 4399 3182 4450 ὃν
3219 4400 3252 4450 ὁ

672 4471 1014 4535 Ἡρωδιανὸς
1053 4470 1155 4533 μὲν
1193 4471 1282 4522 καὶ
1317 4471 1490 4523 αὐτὸς
1529 4472 1590 4523 ἐν
1624 4477 1695 4538 τῇ
1734 4471 1979 4523 καθόλου
2016 4471 2339 4536 βαρυτόνως
2386 4469 2611 4535 ἐκφέρει
2650 4470 2739 4521 καὶ
2780 4470 2920 4533 μετὰ
2963 4470 3066 4519 τοῦ
3104 4472 3134 4519 ς
3172 4467 3253 4518 ὡς

669 4540 740 4589 τὸ
777 4539 1016 4605 Χρύςης,
1061 4538 1441 4605 Ἀριςτοτέλης
1477 4540 1537 4591 δὲ
1576 4541 1653 4592 ὥς
1691 4555 1859 4605 φαςιν
1896 4541 2013 4591 κτλ.
2140 4540 2175 4591 l.
2213 4544 2277 4591 27
2313 4538 2483 4604 δότης
2520 4567 2583 4574 ——
2622 4539 2795 4603 θύτης
2834 4554 2899 4588 ex
2937 4538 3130 4587 Choer.
3166 4539 3252 4597 47,

674 4612 754 4669 10,
792 4607 1008 4672 πράτης
1048 4624 1145 4674 pro
1182 4616 1439 4673 corrupto
1476 4608 1683 4674 κράτης
1721 4625 1785 4658 ex
1823 4611 1887 4659 Ε.
1922 4612 1994 4659 Μ.
2030 4612 2157 4671 435,
2197 4611 2285 4672 18,
2325 4609 2417 4657 nbi
2455 4624 2631 4658 canon
2678 4609 2759 4657 sie
2797 4611 3100 4671 conceptus
3135 4610 3251 4655 est:

670 4675 742 4726 τὰ
778 4676 856 4727 εἰς
893 4680 993 4740 της
1030 4677 1325 4740 διςύλλαβα
1362 4677 1548 4741 φύςει,
1598 4675 1880 4741 ἀρςενικά,
1929 4677 2263 4741 βαρύνονται
2307 4672 2431 4726 οἶον
2474 4675 2669 4739 δότης,
2720 4674 2964 4739 πλύτης,
3014 4671 3251 4737 πράτης,

671 4743 906 4809 ψάλτης.
951 4745 1113 4809 φύςει
1148 4745 1209 4796 δὲ
1246 4744 1541 4809 διςύλλαβα
1579 4745 1706 4796 εἶπε
1742 4745 1831 4795 διὰ
1865 4745 1935 4795 τὸ
1972 4745 2194 4811 λῃςτὴς.
2238 4747 2414 4794 τοῦτο
2449 4744 2555 4807 γὰρ
2591 4742 2707 4795 ἀπὸ
2742 4740 3108 4806 τριςυλλάβου
3144 4744 3250 4791 τοῦ

672 4813 913 4878 ληῖςτής.
972 4813 1229 4878 ἀρςενικὰ
1263 4814 1324 4864 δὲ
1360 4812 1448 4863 διὰ
1482 4813 1554 4863 τὰ
1590 4812 1818 4878 θηλυκά.
1973 4814 2008 4866 l.
2045 4818 2111 4863 28
2148 4816 2231 4863 De
2269 4811 2457 4877 κριτής
2494 4811 2716 4876 ψαλτὴς
2753 4809 2960 4879 λῃςτὴς
2999 4809 3255 4860 consului

672 4880 820 4935 Mon.
855 4885 940 4945 40,
981 4887 1043 4933 16
1078 4882 1199 4933 coll.
1236 4882 1431 4935 Choer.
1475 4886 1584 4941 176,
1619 4886 1684 4931 22
1721 4888 1778 4931 ot
1811 4884 1874 4931 Ε.
1911 4881 1985 4930 Μ.
