<?xml version="1.0" encoding="UTF-8"?>
<!DOCTYPE html PUBLIC "-//W3C//DTD XHTML 1.0 Transitional//EN"
    "http://www.w3.org/TR/xhtml1/DTD/xhtml1-transitional.dtd">
<html xmlns="http://www.w3.org/1999/xhtml" xml:lang="en" lang="en">
 <head>
  <title>
</title>
<meta http-equiv="Content-Type" content="text/html;charset=utf-8" />
  <meta name='ocr-system' content='tesseract 3.04.00' />
  <meta name='ocr-capabilities' content='ocr_page ocr_carea ocr_par ocr_line ocrx_word'/>
</head>
<body>
  <div class='ocr_page' id='page_1' title='image "./grammaticigraec02unkngoog_0272.png"; bbox 0 0 3664 5546; ppageno 0'>
   <div class='ocr_carea' id='block_1_1' title="bbox 653 368 2300 434">
    <p class='ocr_par' dir='ltr' id='par_1_1' title="bbox 653 368 2300 434">
     <span class='ocr_line' id='line_1_1' title="bbox 653 368 2300 434; baseline -0.001 -10"><span class='ocrx_word' id='word_1_1' title='bbox 653 368 738 434; x_wconf 77' lang='grc'>26</span> <span class='ocrx_word' id='word_1_2' title='bbox 1587 369 1668 424; x_wconf 87' lang='grc' dir='ltr'>ΕΚ</span> <span class='ocrx_word' id='word_1_3' title='bbox 1706 369 1845 424; x_wconf 88' lang='grc' dir='ltr'>ΤΩΝ</span> <span class='ocrx_word' id='word_1_4' title='bbox 1888 368 2300 423; x_wconf 88' lang='grc' dir='ltr'>ΗΡΟΔΙΑΝΟΥ</span> 
     </span>
    </p>
   </div>
   <div class='ocr_carea' id='block_1_2' title="bbox 552 539 3333 3389">
    <p class='ocr_par' dir='ltr' id='par_1_2' title="bbox 552 539 3333 3389">
     <span class='ocr_line' id='line_1_2' title="bbox 652 539 3232 626; baseline 0 -19"><span class='ocrx_word' id='word_1_5' title='bbox 652 543 839 608; x_wconf 84' lang='grc' dir='ltr'>ἕνεκα</span> <span class='ocrx_word' id='word_1_6' title='bbox 883 542 1115 622; x_wconf 85' lang='grc' dir='ltr'>μέτρου</span> <span class='ocrx_word' id='word_1_7' title='bbox 1171 543 1248 609; x_wconf 90' lang='grc' dir='ltr'>τὸ</span> <span class='ocrx_word' id='word_1_8' title='bbox 1294 564 1348 606; x_wconf 93' lang='grc' dir='ltr'>ω</span> <span class='ocrx_word' id='word_1_9' title='bbox 1393 541 1711 621; x_wconf 82' lang='grc' dir='ltr'>ἐφύλαξεν</span> <span class='ocrx_word' id='word_1_10' title='bbox 1769 541 1859 607; x_wconf 86' lang='grc' dir='ltr'>ὡς</span> <span class='ocrx_word' id='word_1_11' title='bbox 1916 545 2395 624; x_wconf 82' lang='grc' dir='ltr'>μελεδῶνος,</span> <span class='ocrx_word' id='word_1_12' title='bbox 2440 539 2780 623; x_wconf 88' lang='grc' dir='ltr'>ἀκηδών,</span> <span class='ocrx_word' id='word_1_13' title='bbox 2835 540 3232 626; x_wconf 88' lang='grc' dir='ltr'>ἀλγηδών,</span> 
     </span>
     <span class='ocr_line' id='line_1_3' title="bbox 653 645 1557 738; baseline -0.002 -28"><span class='ocrx_word' id='word_1_14' title='bbox 653 645 1032 725; x_wconf 87' lang='grc' dir='ltr'>ἀχθηδών.</span> <span class='ocrx_word' id='word_1_15' title='bbox 1522 655 1557 738; x_wconf 25' lang='lat'><em>2</em></span> 
     </span>
     <span class='ocr_line' id='line_1_4' title="bbox 822 733 3235 829; baseline 0.001 -18"><span class='ocrx_word' id='word_1_16' title='bbox 822 768 861 804; x_wconf 55' lang='grc' dir='ltr'>ει</span> <span class='ocrx_word' id='word_1_17' title='bbox 905 747 998 812; x_wconf 90' lang='grc' dir='ltr'>Τὰ</span> <span class='ocrx_word' id='word_1_18' title='bbox 1053 748 1158 812; x_wconf 87' lang='grc' dir='ltr'>διὰ</span> <span class='ocrx_word' id='word_1_19' title='bbox 1212 750 1330 812; x_wconf 92' lang='grc' dir='ltr'>τοῦ</span> <span class='ocrx_word' id='word_1_20' title='bbox 1387 733 1555 811; x_wconf 72' lang='grc' dir='ltr'>ἑδων</span> <span class='ocrx_word' id='word_1_21' title='bbox 1611 746 1906 825; x_wconf 89' lang='grc' dir='ltr'>ἀρςενικά</span> <span class='ocrx_word' id='word_1_22' title='bbox 1961 767 2029 812; x_wconf 93' lang='grc' dir='ltr'>τε</span> <span class='ocrx_word' id='word_1_23' title='bbox 2086 748 2190 812; x_wconf 82' lang='grc' dir='ltr'>καὶ</span> <span class='ocrx_word' id='word_1_24' title='bbox 2242 747 2484 825; x_wconf 87' lang='grc' dir='ltr'>θηλυκὰ</span> <span class='ocrx_word' id='word_1_25' title='bbox 2528 747 2689 826; x_wconf 78' lang='grc' dir='ltr'>ὑπὲρ</span> <span class='ocrx_word' id='word_1_26' title='bbox 2745 748 2864 812; x_wconf 92' lang='grc' dir='ltr'>δύο</span> <span class='ocrx_word' id='word_1_27' title='bbox 2920 748 3235 829; x_wconf 85' lang='grc' dir='ltr'>ςυλλαβὰς</span> 
     </span>
     <span class='ocr_line' id='line_1_5' title="bbox 652 848 3232 934; baseline 0 -20"><span class='ocrx_word' id='word_1_28' title='bbox 652 850 827 914; x_wconf 84' lang='grc' dir='ltr'>ἁπλᾶ</span> <span class='ocrx_word' id='word_1_29' title='bbox 882 848 1203 933; x_wconf 84' lang='grc' dir='ltr'>ὀξύνεται,</span> <span class='ocrx_word' id='word_1_30' title='bbox 1258 849 1640 915; x_wconf 78' lang='grc' dir='ltr'>Μακεδών</span> <span class='ocrx_word' id='word_1_31' title='bbox 1695 850 1773 914; x_wconf 86' lang='grc' dir='ltr'>τὸ</span> <span class='ocrx_word' id='word_1_32' title='bbox 1829 849 2084 916; x_wconf 88' lang='grc' dir='ltr'>έθνικόν</span> <span class='ocrx_word' id='word_1_33' title='bbox 2140 849 2507 931; x_wconf 87' lang='grc' dir='ltr'>ὁμοφώνως</span> <span class='ocrx_word' id='word_1_34' title='bbox 2563 855 2656 934; x_wconf 81' lang='grc' dir='ltr'>τῷ</span> <span class='ocrx_word' id='word_1_35' title='bbox 2713 858 2949 934; x_wconf 85' lang='grc' dir='ltr'>κτιςτῇ,</span> <span class='ocrx_word' id='word_1_36' title='bbox 3007 871 3232 931; x_wconf 89' lang='grc' dir='ltr'>ςηπε-</span> 
     </span>
     <span class='ocr_line' id='line_1_6' title="bbox 592 950 3234 1037; baseline 0.001 -20"><span class='ocrx_word' id='word_1_37' title='bbox 592 957 625 1007; x_wconf 78' lang='grc'><strong>5</strong></span> <span class='ocrx_word' id='word_1_38' title='bbox 656 953 813 1018; x_wconf 88' lang='grc' dir='ltr'>δών</span> <span class='ocrx_word' id='word_1_39' title='bbox 859 951 1204 1030; x_wconf 88' lang='grc' dir='ltr'>τηκεδών</span> <span class='ocrx_word' id='word_1_40' title='bbox 1250 952 1351 1015; x_wconf 83' lang='grc' dir='ltr'>καὶ</span> <span class='ocrx_word' id='word_1_41' title='bbox 1394 950 1474 1017; x_wconf 88' lang='grc' dir='ltr'>τὰ</span> <span class='ocrx_word' id='word_1_42' title='bbox 1517 951 1726 1016; x_wconf 90' lang='grc' dir='ltr'>λοιπά.</span> <span class='ocrx_word' id='word_1_43' title='bbox 1813 953 1895 1017; x_wconf 87' lang='grc' dir='ltr'>τὰ</span> <span class='ocrx_word' id='word_1_44' title='bbox 1949 954 2021 1017; x_wconf 77' lang='grc' dir='ltr'>δὲ</span> <span class='ocrx_word' id='word_1_45' title='bbox 2075 953 2343 1018; x_wconf 89' lang='grc' dir='ltr'>ςύνθετα</span> <span class='ocrx_word' id='word_1_46' title='bbox 2398 951 2735 1033; x_wconf 83' lang='grc' dir='ltr'>βαρύνεται</span> <span class='ocrx_word' id='word_1_47' title='bbox 2780 953 3234 1037; x_wconf 81' lang='grc' dir='ltr'>Λαομέδων,</span> 
     </span>
     <span class='ocr_line' id='line_1_7' title="bbox 651 1052 3233 1136; baseline 0 -17"><span class='ocrx_word' id='word_1_48' title='bbox 651 1054 1150 1136; x_wconf 91' lang='grc' dir='ltr'>Αὐτομέδων,</span> <span class='ocrx_word' id='word_1_49' title='bbox 1181 1052 1644 1134; x_wconf 83' lang='grc' dir='ltr'>Εὐρυμέδων</span> <span class='ocrx_word' id='word_1_50' title='bbox 1675 1056 1966 1135; x_wconf 90' lang='grc' dir='ltr'>ποταμὸς</span> <span class='ocrx_word' id='word_1_51' title='bbox 1994 1054 2378 1135; x_wconf 90' lang='grc' dir='ltr'>Παμφυλίας</span> <span class='ocrx_word' id='word_1_52' title='bbox 2410 1056 2512 1119; x_wconf 84' lang='grc' dir='ltr'>καὶ</span> <span class='ocrx_word' id='word_1_53' title='bbox 2540 1056 2741 1121; x_wconf 93' lang='grc' dir='ltr'>τόπος</span> <span class='ocrx_word' id='word_1_54' title='bbox 2773 1057 2936 1134; x_wconf 90' lang='grc' dir='ltr'>πρὸς</span> <span class='ocrx_word' id='word_1_55' title='bbox 2968 1057 3233 1135; x_wconf 91' lang='grc' dir='ltr'>Ταρςόν.</span> 
     </span>
     <span class='ocr_line' id='line_1_8' title="bbox 824 1145 3235 1248; baseline 0.002 -28"><span class='ocrx_word' id='word_1_56' title='bbox 824 1179 862 1220; x_wconf 70' lang='grc' dir='ltr'>ιι</span> <span class='ocrx_word' id='word_1_57' title='bbox 907 1157 1000 1221; x_wconf 89' lang='grc' dir='ltr'>Τὰ</span> <span class='ocrx_word' id='word_1_58' title='bbox 1044 1156 1149 1221; x_wconf 87' lang='grc' dir='ltr'>διὰ</span> <span class='ocrx_word' id='word_1_59' title='bbox 1190 1161 1309 1222; x_wconf 90' lang='grc' dir='ltr'>τοῦ</span> <span class='ocrx_word' id='word_1_60' title='bbox 1352 1145 1528 1236; x_wconf 55' lang='lat' dir='ltr'>W</span> <span class='ocrx_word' id='word_1_61' title='bbox 1554 1156 1869 1248; x_wconf 58' lang='grc' dir='ltr'>,ἀρςενικὰ</span> <span class='ocrx_word' id='word_1_62' title='bbox 1915 1159 2018 1223; x_wconf 86' lang='grc' dir='ltr'>καὶ</span> <span class='ocrx_word' id='word_1_63' title='bbox 2045 1158 2287 1237; x_wconf 89' lang='grc' dir='ltr'>θηλυκὰ</span> <span class='ocrx_word' id='word_1_64' title='bbox 2332 1157 2839 1239; x_wconf 85' lang='grc' dir='ltr'>ύπερδιςύλλαβα</span> <span class='ocrx_word' id='word_1_65' title='bbox 2884 1158 2991 1222; x_wconf 88' lang='grc' dir='ltr'>διὰ</span> <span class='ocrx_word' id='word_1_66' title='bbox 3033 1162 3150 1224; x_wconf 88' lang='grc' dir='ltr'>τοῦ</span> <span class='ocrx_word' id='word_1_67' title='bbox 3194 1162 3235 1224; x_wconf 80' lang='grc' dir='ltr'>ὃ</span> 
     </span>
     <span class='ocr_line' id='line_1_9' title="bbox 652 1258 3241 1344; baseline 0 -20"><span class='ocrx_word' id='word_1_68' title='bbox 652 1259 996 1339; x_wconf 89' lang='grc' dir='ltr'>κλινόμενα</span> <span class='ocrx_word' id='word_1_69' title='bbox 1048 1258 1370 1344; x_wconf 82' lang='grc' dir='ltr'>ὀξύνεται,</span> <span class='ocrx_word' id='word_1_70' title='bbox 1427 1259 1859 1340; x_wconf 86' lang='grc' dir='ltr'>Φαρκηδών</span> <span class='ocrx_word' id='word_1_71' title='bbox 1914 1260 2100 1325; x_wconf 91' lang='grc' dir='ltr'>πόλις</span> <span class='ocrx_word' id='word_1_72' title='bbox 2156 1260 2510 1326; x_wconf 86' lang='grc' dir='ltr'>Θεςςαλίας.</span> <span class='ocrx_word' id='word_1_73' title='bbox 2610 1260 2999 1340; x_wconf 87' lang='grc' dir='ltr'>Θεόπομπος</span> <span class='ocrx_word' id='word_1_74' title='bbox 3056 1262 3127 1326; x_wconf 81' lang='grc' dir='ltr'>δὲ</span> <span class='ocrx_word' id='word_1_75' title='bbox 3182 1260 3241 1325; x_wconf 83' lang='grc' dir='ltr'>δ’</span> 
     </span>
     <span class='ocr_line' id='line_1_10' title="bbox 653 1361 3235 1449; baseline -0 -21"><span class='ocrx_word' id='word_1_76' title='bbox 653 1363 1052 1428; x_wconf 81' lang='grc' dir='ltr'>Φιλιππικῶν</span> <span class='ocrx_word' id='word_1_77' title='bbox 1108 1361 1494 1440; x_wconf 86' lang='grc' dir='ltr'>Φαρκαδόνα</span> <span class='ocrx_word' id='word_1_78' title='bbox 1559 1365 1663 1429; x_wconf 88' lang='grc' dir='ltr'>διὰ</span> <span class='ocrx_word' id='word_1_79' title='bbox 1726 1368 1846 1429; x_wconf 88' lang='grc' dir='ltr'>τοῦ</span> <span class='ocrx_word' id='word_1_80' title='bbox 1900 1368 1945 1427; x_wconf 75' lang='grc' dir='ltr'>’ἁ</span> <span class='ocrx_word' id='word_1_81' title='bbox 1998 1363 2203 1443; x_wconf 91' lang='grc' dir='ltr'>φηςίν.</span> <span class='ocrx_word' id='word_1_82' title='bbox 2303 1362 2669 1443; x_wconf 88' lang='grc' dir='ltr'>Τερηδών</span> <span class='ocrx_word' id='word_1_83' title='bbox 2736 1363 2924 1428; x_wconf 92' lang='grc' dir='ltr'>πόλις</span> <span class='ocrx_word' id='word_1_84' title='bbox 2992 1362 3097 1428; x_wconf 82' lang='grc' dir='ltr'>ἐπὶ</span> <span class='ocrx_word' id='word_1_85' title='bbox 3158 1370 3235 1449; x_wconf 83' lang='grc' dir='ltr'>τῇ</span> 
     </span>
     <span class='ocr_line' id='line_1_11' title="bbox 557 1464 3234 1549; baseline -0 -18"><span class='ocrx_word' id='word_1_86' title='bbox 557 1469 619 1520; x_wconf 83' lang='grc'>10</span> <span class='ocrx_word' id='word_1_87' title='bbox 654 1467 933 1549; x_wconf 83' lang='grc' dir='ltr'>Ἐρυθρᾷ.</span> <span class='ocrx_word' id='word_1_88' title='bbox 1035 1464 1452 1543; x_wconf 89' lang='grc' dir='ltr'>Καρχηδών</span> <span class='ocrx_word' id='word_1_89' title='bbox 1509 1466 1898 1545; x_wconf 89' lang='grc' dir='ltr'>μητρόπολις</span> <span class='ocrx_word' id='word_1_90' title='bbox 1954 1464 2184 1547; x_wconf 90' lang='grc' dir='ltr'>Λιβύης</span> <span class='ocrx_word' id='word_1_91' title='bbox 2250 1465 2382 1531; x_wconf 88' lang='grc' dir='ltr'>ἀπὸ</span> <span class='ocrx_word' id='word_1_92' title='bbox 2443 1464 2851 1545; x_wconf 92' lang='grc' dir='ltr'>Καρχηδόνος</span> <span class='ocrx_word' id='word_1_93' title='bbox 2917 1465 3234 1531; x_wconf 86' lang='grc' dir='ltr'>Φοίνικος.</span> 
     </span>
     <span class='ocr_line' id='line_1_12' title="bbox 653 1562 3237 1649; baseline 0 -15"><span class='ocrx_word' id='word_1_94' title='bbox 653 1569 778 1634; x_wconf 83' lang='grc' dir='ltr'>ἔςτι</span> <span class='ocrx_word' id='word_1_95' title='bbox 834 1568 936 1632; x_wconf 77' lang='grc' dir='ltr'>καὶ</span> <span class='ocrx_word' id='word_1_96' title='bbox 990 1566 1152 1645; x_wconf 82' lang='grc' dir='ltr'>ἄλλη</span> <span class='ocrx_word' id='word_1_97' title='bbox 1212 1567 1559 1647; x_wconf 90' lang='grc' dir='ltr'>Καρχηδών</span> <span class='ocrx_word' id='word_1_98' title='bbox 1614 1568 1801 1633; x_wconf 88' lang='grc' dir='ltr'>πόλις</span> <span class='ocrx_word' id='word_1_99' title='bbox 1856 1569 2129 1649; x_wconf 86' lang='grc' dir='ltr'>Ἰβηρίας.</span> <span class='ocrx_word' id='word_1_100' title='bbox 2222 1569 2646 1647; x_wconf 84' lang='grc' dir='ltr'>Χαλκηδών</span> <span class='ocrx_word' id='word_1_101' title='bbox 2703 1562 2891 1633; x_wconf 86' lang='grc' dir='ltr'>πόλις</span> <span class='ocrx_word' id='word_1_102' title='bbox 2947 1569 3237 1634; x_wconf 85' lang='grc' dir='ltr'>Βιθυνίας</span> 
     </span>
     <span class='ocr_line' id='line_1_13' title="bbox 651 1670 3235 1752; baseline 0.001 -19"><span class='ocrx_word' id='word_1_103' title='bbox 651 1673 692 1751; x_wconf 85' lang='grc' dir='ltr'>ἡ</span> <span class='ocrx_word' id='word_1_104' title='bbox 738 1671 899 1748; x_wconf 87' lang='grc' dir='ltr'>πρὸς</span> <span class='ocrx_word' id='word_1_105' title='bbox 944 1676 1035 1752; x_wconf 83' lang='grc' dir='ltr'>τῷ</span> <span class='ocrx_word' id='word_1_106' title='bbox 1081 1670 1331 1750; x_wconf 87' lang='grc' dir='ltr'>ςτόματι</span> <span class='ocrx_word' id='word_1_107' title='bbox 1376 1675 1492 1736; x_wconf 89' lang='grc' dir='ltr'>τοῦ</span> <span class='ocrx_word' id='word_1_108' title='bbox 1536 1671 1800 1737; x_wconf 91' lang='grc' dir='ltr'>Πόντου</span> <span class='ocrx_word' id='word_1_109' title='bbox 1846 1670 2224 1750; x_wconf 86' lang='grc' dir='ltr'>καταντικρὺ</span> <span class='ocrx_word' id='word_1_110' title='bbox 2278 1674 2397 1736; x_wconf 88' lang='grc' dir='ltr'>τοῦ</span> <span class='ocrx_word' id='word_1_111' title='bbox 2443 1670 2806 1737; x_wconf 87' lang='grc' dir='ltr'>Βυζαντίου.</span> <span class='ocrx_word' id='word_1_112' title='bbox 2898 1670 3235 1736; x_wconf 83' lang='grc' dir='ltr'>Μένιππος</span> 
     </span>
     <span class='ocr_line' id='line_1_14' title="bbox 655 1761 3333 1857; baseline 0 -18"><span class='ocrx_word' id='word_1_113' title='bbox 655 1773 724 1839; x_wconf 88' lang='grc' dir='ltr'>ἐν</span> <span class='ocrx_word' id='word_1_114' title='bbox 782 1773 1072 1857; x_wconf 82' lang='grc' dir='ltr'>περίπλῳ</span> <span class='ocrx_word' id='word_1_115' title='bbox 1129 1761 1428 1838; x_wconf 73' lang='grc' dir='ltr'>Βιθυνίαξ</span> <span class='ocrx_word' id='word_1_116' title='bbox 1466 1772 1636 1839; x_wconf 76' lang='grc' dir='ltr'>«ἀπὸ</span> <span class='ocrx_word' id='word_1_117' title='bbox 1691 1774 1871 1852; x_wconf 80' lang='grc' dir='ltr'>ἱεροῦ</span> <span class='ocrx_word' id='word_1_118' title='bbox 1926 1773 2091 1839; x_wconf 87' lang='grc' dir='ltr'>Διὸς</span> <span class='ocrx_word' id='word_1_119' title='bbox 2145 1772 2372 1851; x_wconf 84' lang='grc' dir='ltr'>οὐρίου</span> <span class='ocrx_word' id='word_1_120' title='bbox 2427 1775 2529 1839; x_wconf 86' lang='grc' dir='ltr'>καὶ</span> <span class='ocrx_word' id='word_1_121' title='bbox 2582 1775 2700 1837; x_wconf 89' lang='grc' dir='ltr'>τοῦ</span> <span class='ocrx_word' id='word_1_122' title='bbox 2756 1772 3065 1852; x_wconf 92' lang='grc' dir='ltr'>ςτόματος</span> <span class='ocrx_word' id='word_1_123' title='bbox 3119 1778 3236 1839; x_wconf 90' lang='grc' dir='ltr'>τοῦ</span> <span class='ocrx_word' id='word_1_124' title='bbox 3324 1798 3333 1808; x_wconf 91' lang='grc'><em>·</em></span> 
     </span>
     <span class='ocr_line' id='line_1_15' title="bbox 652 1874 3238 1956; baseline -0 -15"><span class='ocrx_word' id='word_1_125' title='bbox 652 1875 915 1941; x_wconf 88' lang='grc' dir='ltr'>Πόντου</span> <span class='ocrx_word' id='word_1_126' title='bbox 971 1875 1303 1954; x_wconf 89' lang='grc' dir='ltr'>ἀριςτερὰν</span> <span class='ocrx_word' id='word_1_127' title='bbox 1359 1875 1572 1954; x_wconf 87' lang='grc' dir='ltr'>ἔχοντι</span> <span class='ocrx_word' id='word_1_128' title='bbox 1627 1877 1744 1956; x_wconf 84' lang='grc' dir='ltr'>τὴν</span> <span class='ocrx_word' id='word_1_129' title='bbox 1799 1876 2068 1955; x_wconf 88' lang='grc' dir='ltr'>ἤπειρον</span> <span class='ocrx_word' id='word_1_130' title='bbox 2124 1877 2228 1940; x_wconf 85' lang='grc' dir='ltr'>καὶ</span> <span class='ocrx_word' id='word_1_131' title='bbox 2281 1875 2648 1942; x_wconf 84' lang='grc' dir='ltr'>ἐπιπλέοντι</span> <span class='ocrx_word' id='word_1_132' title='bbox 2714 1874 2801 1940; x_wconf 86' lang='grc' dir='ltr'>εἰς</span> <span class='ocrx_word' id='word_1_133' title='bbox 2862 1876 3238 1955; x_wconf 85' lang='grc' dir='ltr'>Χαλκηδόνα</span> 
     </span>
     <span class='ocr_line' id='line_1_16' title="bbox 555 1976 3236 2061; baseline -0 -17"><span class='ocrx_word' id='word_1_134' title='bbox 555 1977 618 2030; x_wconf 84' lang='grc'>15</span> <span class='ocrx_word' id='word_1_135' title='bbox 654 1979 770 2057; x_wconf 87' lang='grc' dir='ltr'>τὴν</span> <span class='ocrx_word' id='word_1_136' title='bbox 815 1979 1005 2043; x_wconf 89' lang='grc' dir='ltr'>πόλιν</span> <span class='ocrx_word' id='word_1_137' title='bbox 1051 1977 1163 2042; x_wconf 86' lang='grc' dir='ltr'>εἰςὶ</span> <span class='ocrx_word' id='word_1_138' title='bbox 1206 1978 1424 2043; x_wconf 92' lang='grc' dir='ltr'>ςτάδια</span> <span class='ocrx_word' id='word_1_139' title='bbox 1469 1976 1580 2061; x_wconf 88' lang='grc' dir='ltr'>ρκ’,</span> <span class='ocrx_word' id='word_1_140' title='bbox 1625 1977 1757 2043; x_wconf 84' lang='grc' dir='ltr'>ἀπὸ</span> <span class='ocrx_word' id='word_1_141' title='bbox 1814 1980 1885 2043; x_wconf 76' lang='grc' dir='ltr'>δὲ</span> <span class='ocrx_word' id='word_1_142' title='bbox 1927 1977 2160 2057; x_wconf 89' lang='grc' dir='ltr'>ταύτης</span> <span class='ocrx_word' id='word_1_143' title='bbox 2205 1978 2328 2043; x_wconf 84' lang='grc' dir='ltr'>ἕως</span> <span class='ocrx_word' id='word_1_144' title='bbox 2382 1982 2500 2043; x_wconf 89' lang='grc' dir='ltr'>τοῦ</span> <span class='ocrx_word' id='word_1_145' title='bbox 2546 1976 2830 2056; x_wconf 85' lang='grc' dir='ltr'>Ἀκρίτου</span> <span class='ocrx_word' id='word_1_146' title='bbox 2875 1979 3095 2043; x_wconf 87' lang='grc' dir='ltr'>ςτάδια</span> <span class='ocrx_word' id='word_1_147' title='bbox 3138 1976 3236 2046; x_wconf 84' lang='grc' dir='ltr'>ξ’».</span> 
     </span>
     <span class='ocr_line' id='line_1_17' title="bbox 651 2079 3235 2162; baseline 0 -18"><span class='ocrx_word' id='word_1_148' title='bbox 651 2080 967 2159; x_wconf 85' lang='grc' dir='ltr'>γράφεται</span> <span class='ocrx_word' id='word_1_149' title='bbox 1022 2082 1126 2144; x_wconf 81' lang='grc' dir='ltr'>καὶ</span> <span class='ocrx_word' id='word_1_150' title='bbox 1187 2080 1549 2158; x_wconf 85' lang='grc' dir='ltr'>Καλχηδών.</span> <span class='ocrx_word' id='word_1_151' title='bbox 1659 2081 2025 2162; x_wconf 88' lang='grc' dir='ltr'>εύρίςκομεν</span> <span class='ocrx_word' id='word_1_152' title='bbox 2090 2079 2213 2159; x_wconf 88' lang='grc' dir='ltr'>γὰρ</span> <span class='ocrx_word' id='word_1_153' title='bbox 2280 2080 2760 2161; x_wconf 90' lang='grc' dir='ltr'>διφορουμένην</span> <span class='ocrx_word' id='word_1_154' title='bbox 2820 2082 2937 2159; x_wconf 86' lang='grc' dir='ltr'>τὴν</span> <span class='ocrx_word' id='word_1_155' title='bbox 3001 2084 3235 2160; x_wconf 84' lang='grc' dir='ltr'>χρῆςιν.</span> 
     </span>
     <span class='ocr_line' id='line_1_18' title="bbox 655 2179 3235 2274; baseline -0.001 -27"><span class='ocrx_word' id='word_1_156' title='bbox 655 2183 1042 2262; x_wconf 83' lang='grc' dir='ltr'>Ἀνθηδών</span> <span class='ocrx_word' id='word_1_157' title='bbox 1097 2183 1285 2247; x_wconf 89' lang='grc' dir='ltr'>πόλις</span> <span class='ocrx_word' id='word_1_158' title='bbox 1332 2182 1652 2248; x_wconf 85' lang='grc' dir='ltr'>Βοιωτίας.</span> <span class='ocrx_word' id='word_1_159' title='bbox 1741 2183 2027 2262; x_wconf 92' lang='grc' dir='ltr'>Ὅμηρος</span> <span class='ocrx_word' id='word_1_160' title='bbox 2075 2183 2469 2274; x_wconf 81' lang='grc' dir='ltr'>«Ἀνθηδόνα</span> <span class='ocrx_word' id='word_1_161' title='bbox 2523 2183 2588 2246; x_wconf 80' lang='grc' dir='ltr'>τ’</span> <span class='ocrx_word' id='word_1_162' title='bbox 2634 2181 3076 2261; x_wconf 78' lang='grc' dir='ltr'>ἐςχατόωςαν»</span> <span class='ocrx_word' id='word_1_163' title='bbox 3125 2179 3235 2266; x_wconf 87' lang='lat'>(11.</span> 
     </span>
     <span class='ocr_line' id='line_1_19' title="bbox 653 2283 3236 2369; baseline 0.001 -23"><span class='ocrx_word' id='word_1_164' title='bbox 653 2283 715 2364; x_wconf 80' lang='lat'>2,</span> <span class='ocrx_word' id='word_1_165' title='bbox 760 2283 914 2369; x_wconf 85' lang='lat'>508)</span> <span class='ocrx_word' id='word_1_166' title='bbox 962 2284 1092 2350; x_wconf 88' lang='grc' dir='ltr'>ἀπὸ</span> <span class='ocrx_word' id='word_1_167' title='bbox 1139 2285 1521 2363; x_wconf 85' lang='grc' dir='ltr'>Ἀνθηδόνος</span> <span class='ocrx_word' id='word_1_168' title='bbox 1564 2289 1681 2350; x_wconf 88' lang='grc' dir='ltr'>τοῦ</span> <span class='ocrx_word' id='word_1_169' title='bbox 1711 2285 1881 2349; x_wconf 90' lang='grc' dir='ltr'>Δίου</span> <span class='ocrx_word' id='word_1_170' title='bbox 1925 2289 2043 2350; x_wconf 87' lang='grc' dir='ltr'>τοῦ</span> <span class='ocrx_word' id='word_1_171' title='bbox 2070 2286 2309 2351; x_wconf 87' lang='grc' dir='ltr'>Ἄνθου</span> <span class='ocrx_word' id='word_1_172' title='bbox 2353 2289 2470 2350; x_wconf 88' lang='grc' dir='ltr'>τοῦ</span> <span class='ocrx_word' id='word_1_173' title='bbox 2498 2285 2910 2351; x_wconf 85' lang='grc' dir='ltr'>Ποςειδῶνος</span> <span class='ocrx_word' id='word_1_174' title='bbox 2953 2288 3058 2350; x_wconf 84' lang='grc' dir='ltr'>καὶ</span> <span class='ocrx_word' id='word_1_175' title='bbox 3100 2285 3236 2351; x_wconf 78' lang='grc' dir='ltr'>Ἀλ-</span> 
     </span>
     <span class='ocr_line' id='line_1_20' title="bbox 655 2386 3237 2472; baseline 0 -21"><span class='ocrx_word' id='word_1_176' title='bbox 655 2388 886 2453; x_wconf 90' lang='grc' dir='ltr'>κυόνος</span> <span class='ocrx_word' id='word_1_177' title='bbox 953 2391 1064 2466; x_wconf 87' lang='grc' dir='ltr'>τῆς</span> <span class='ocrx_word' id='word_1_178' title='bbox 1115 2388 1479 2453; x_wconf 87' lang='grc' dir='ltr'>Ἄτλαντος.</span> <span class='ocrx_word' id='word_1_179' title='bbox 1579 2390 1928 2472; x_wconf 82' lang='grc' dir='ltr'>ςυνῴκιςαν</span> <span class='ocrx_word' id='word_1_180' title='bbox 1995 2388 2061 2452; x_wconf 83' lang='grc' dir='ltr'>δ’</span> <span class='ocrx_word' id='word_1_181' title='bbox 2116 2387 2316 2466; x_wconf 88' lang='grc' dir='ltr'>αὐτὴν</span> <span class='ocrx_word' id='word_1_182' title='bbox 2383 2388 2654 2470; x_wconf 86' lang='grc' dir='ltr'>Θρᾷκες,</span> <span class='ocrx_word' id='word_1_183' title='bbox 2724 2386 2815 2452; x_wconf 86' lang='grc' dir='ltr'>ὡς</span> <span class='ocrx_word' id='word_1_184' title='bbox 2878 2387 3237 2468; x_wconf 90' lang='grc' dir='ltr'>Λυκόφρων</span> 
     </span>
     <span class='ocr_line' id='line_1_21' title="bbox 552 2488 3237 2575; baseline -0.001 -20"><span class='ocrx_word' id='word_1_185' title='bbox 552 2488 621 2539; x_wconf 78' lang='lat'>20</span> <span class='ocrx_word' id='word_1_186' title='bbox 657 2489 865 2574; x_wconf 81' lang='grc' dir='ltr'>«ἀςτῷ</span> <span class='ocrx_word' id='word_1_187' title='bbox 909 2489 1202 2555; x_wconf 89' lang='grc' dir='ltr'>ςύνοικος</span> <span class='ocrx_word' id='word_1_188' title='bbox 1248 2489 1519 2574; x_wconf 86' lang='grc' dir='ltr'>Θρηκίας</span> <span class='ocrx_word' id='word_1_189' title='bbox 1563 2489 1988 2568; x_wconf 84' lang='grc' dir='ltr'>Ἀνθηδόνος»</span> <span class='ocrx_word' id='word_1_190' title='bbox 2038 2489 2132 2575; x_wconf 84' lang='lat' dir='ltr'>(v.</span> <span class='ocrx_word' id='word_1_191' title='bbox 2181 2488 2333 2574; x_wconf 80' lang='lat'>754)</span> <span class='ocrx_word' id='word_1_192' title='bbox 2380 2491 2418 2568; x_wconf 87' lang='grc' dir='ltr'>ἢ</span> <span class='ocrx_word' id='word_1_193' title='bbox 2476 2490 2581 2554; x_wconf 90' lang='grc' dir='ltr'>διὰ</span> <span class='ocrx_word' id='word_1_194' title='bbox 2634 2489 2711 2554; x_wconf 86' lang='grc' dir='ltr'>τὸ</span> <span class='ocrx_word' id='word_1_195' title='bbox 2766 2493 2987 2554; x_wconf 84' lang='grc' dir='ltr'>παςῶν</span> <span class='ocrx_word' id='word_1_196' title='bbox 3044 2489 3237 2568; x_wconf 87' lang='grc' dir='ltr'>ἀνθη-</span> 
     </span>
     <span class='ocr_line' id='line_1_22' title="bbox 656 2589 3237 2676; baseline -0.001 -18"><span class='ocrx_word' id='word_1_197' title='bbox 656 2592 933 2673; x_wconf 88' lang='grc' dir='ltr'>ροτάτην</span> <span class='ocrx_word' id='word_1_198' title='bbox 978 2589 1159 2658; x_wconf 87' lang='grc' dir='ltr'>εἶναι.</span> <span class='ocrx_word' id='word_1_199' title='bbox 1249 2591 1374 2658; x_wconf 87' lang='grc' dir='ltr'>ἔςτι</span> <span class='ocrx_word' id='word_1_200' title='bbox 1419 2593 1521 2656; x_wconf 86' lang='grc' dir='ltr'>καὶ</span> <span class='ocrx_word' id='word_1_201' title='bbox 1563 2592 1749 2671; x_wconf 85' lang='grc' dir='ltr'>ἑτέρα</span> <span class='ocrx_word' id='word_1_202' title='bbox 1791 2592 1978 2657; x_wconf 88' lang='grc' dir='ltr'>πόλις</span> <span class='ocrx_word' id='word_1_203' title='bbox 2033 2592 2300 2671; x_wconf 91' lang='grc' dir='ltr'>πληςίον</span> <span class='ocrx_word' id='word_1_204' title='bbox 2347 2593 2539 2671; x_wconf 84' lang='grc' dir='ltr'>Γάζης</span> <span class='ocrx_word' id='word_1_205' title='bbox 2593 2592 2755 2671; x_wconf 88' lang='grc' dir='ltr'>πρὸς</span> <span class='ocrx_word' id='word_1_206' title='bbox 2809 2598 2901 2676; x_wconf 81' lang='grc' dir='ltr'>τῷ</span> <span class='ocrx_word' id='word_1_207' title='bbox 2945 2591 3237 2676; x_wconf 83' lang='grc' dir='ltr'>παραλίῳ</span> 
     </span>
     <span class='ocr_line' id='line_1_23' title="bbox 655 2692 3238 2779; baseline -0.001 -20"><span class='ocrx_word' id='word_1_208' title='bbox 655 2695 842 2776; x_wconf 87' lang='grc' dir='ltr'>μέρει.</span> <span class='ocrx_word' id='word_1_209' title='bbox 931 2695 1408 2779; x_wconf 76' lang='grc' dir='ltr'>Ἀςπληδών,</span> <span class='ocrx_word' id='word_1_210' title='bbox 1478 2695 1664 2759; x_wconf 91' lang='grc' dir='ltr'>πόλις</span> <span class='ocrx_word' id='word_1_211' title='bbox 1720 2693 2027 2759; x_wconf 86' lang='grc' dir='ltr'>Φωκίδος.</span> <span class='ocrx_word' id='word_1_212' title='bbox 2115 2695 2479 2773; x_wconf 85' lang='grc' dir='ltr'>Παυςανίας</span> <span class='ocrx_word' id='word_1_213' title='bbox 2545 2694 2767 2779; x_wconf 34' lang='grc' dir='ltr'>ἐνάτῳ,</span> <span class='ocrx_word' id='word_1_214' title='bbox 2822 2692 2906 2779; x_wconf 83' lang='lat' dir='ltr'>(c.</span> <span class='ocrx_word' id='word_1_215' title='bbox 2962 2692 3079 2776; x_wconf 87' lang='lat'>38,</span> <span class='ocrx_word' id='word_1_216' title='bbox 3138 2693 3238 2777; x_wconf 87' lang='lat'>9)-</span> 
     </span>
     <span class='ocr_line' id='line_1_24' title="bbox 655 2794 3236 2877; baseline -0.001 -14"><span class='ocrx_word' id='word_1_217' title='bbox 655 2798 785 2864; x_wconf 88' lang='grc' dir='ltr'>ἀπὸ</span> <span class='ocrx_word' id='word_1_218' title='bbox 831 2797 1259 2876; x_wconf 80' lang='grc' dir='ltr'>Ἀςπληδόνος</span> <span class='ocrx_word' id='word_1_219' title='bbox 1304 2797 1448 2862; x_wconf 81' lang='grc' dir='ltr'>υἱοῦ</span> <span class='ocrx_word' id='word_1_220' title='bbox 1491 2797 1744 2877; x_wconf 89' lang='grc' dir='ltr'>νύμφης</span> <span class='ocrx_word' id='word_1_221' title='bbox 1791 2794 2055 2863; x_wconf 89' lang='grc' dir='ltr'>Μιδείας</span> <span class='ocrx_word' id='word_1_222' title='bbox 2096 2799 2201 2862; x_wconf 89' lang='grc' dir='ltr'>καὶ</span> <span class='ocrx_word' id='word_1_223' title='bbox 2242 2798 2651 2862; x_wconf 86' lang='grc' dir='ltr'>Ποςειδῶνος</span> <span class='ocrx_word' id='word_1_224' title='bbox 2694 2798 2734 2875; x_wconf 85' lang='grc' dir='ltr'>ἢ</span> <span class='ocrx_word' id='word_1_225' title='bbox 2764 2797 3151 2876; x_wconf 85' lang='grc' dir='ltr'>Πρέςβωνος</span> <span class='ocrx_word' id='word_1_226' title='bbox 3197 2797 3236 2875; x_wconf 84' lang='grc' dir='ltr'>ἢ</span> 
     </span>
     <span class='ocr_line' id='line_1_25' title="bbox 654 2898 3236 2993; baseline -0.002 -26"><span class='ocrx_word' id='word_1_227' title='bbox 654 2902 1064 2980; x_wconf 86' lang='grc' dir='ltr'>Ὀρχομενοῦ.</span> <span class='ocrx_word' id='word_1_228' title='bbox 1155 2899 1549 2979; x_wconf 83' lang='grc' dir='ltr'>Ὀρχομενοῦ</span> <span class='ocrx_word' id='word_1_229' title='bbox 1604 2901 1727 2993; x_wconf 84' lang='grc' dir='ltr'>γὰρ</span> <span class='ocrx_word' id='word_1_230' title='bbox 1784 2899 1940 2965; x_wconf 81' lang='grc' dir='ltr'>υἱεῖς</span> <span class='ocrx_word' id='word_1_231' title='bbox 1986 2901 2397 2979; x_wconf 85' lang='grc' dir='ltr'>«Ἀςπληδών</span> <span class='ocrx_word' id='word_1_232' title='bbox 2457 2898 2774 2977; x_wconf 92' lang='grc' dir='ltr'>Κλύμενός</span> <span class='ocrx_word' id='word_1_233' title='bbox 2829 2919 2899 2964; x_wconf 91' lang='grc' dir='ltr'>τε</span> <span class='ocrx_word' id='word_1_234' title='bbox 2954 2900 3057 2964; x_wconf 87' lang='grc' dir='ltr'>καὶ</span> <span class='ocrx_word' id='word_1_235' title='bbox 3098 2899 3236 2979; x_wconf 80' lang='grc' dir='ltr'>Ἀμ-</span> 
     </span>
     <span class='ocr_line' id='line_1_26' title="bbox 553 2999 3237 3087; baseline -0.001 -19"><span class='ocrx_word' id='word_1_236' title='bbox 553 3001 616 3051; x_wconf 76' lang='lat'>‘25</span> <span class='ocrx_word' id='word_1_237' title='bbox 654 3004 924 3084; x_wconf 90' lang='grc' dir='ltr'>φίδοκος</span> <span class='ocrx_word' id='word_1_238' title='bbox 970 3003 1294 3080; x_wconf 76' lang='grc' dir='ltr'>θεοειδής»</span> <span class='ocrx_word' id='word_1_239' title='bbox 1346 2999 1647 3087; x_wconf 81' lang='lat' dir='ltr'><strong>(Hesiod.</strong></span> <span class='ocrx_word' id='word_1_240' title='bbox 1695 3001 1771 3064; x_wconf 90' lang='lat' dir='ltr'>fr.</span> <span class='ocrx_word' id='word_1_241' title='bbox 1805 3000 1887 3065; x_wconf 84' lang='lat'>47</span> <span class='ocrx_word' id='word_1_242' title='bbox 1935 2999 2454 3086; x_wconf 79' lang='lat' dir='ltr'><strong>Markscheffel).</strong></span> <span class='ocrx_word' id='word_1_243' title='bbox 2515 3003 2630 3078; x_wconf 86' lang='grc' dir='ltr'>τὴν</span> <span class='ocrx_word' id='word_1_244' title='bbox 2677 3001 2749 3064; x_wconf 78' lang='grc' dir='ltr'>δὲ</span> <span class='ocrx_word' id='word_1_245' title='bbox 2793 3000 2952 3080; x_wconf 79' lang='grc' dir='ltr'>παρ’</span> <span class='ocrx_word' id='word_1_246' title='bbox 2981 3000 3237 3085; x_wconf 81' lang='grc' dir='ltr'>Ὁμήρῳ</span> 
     </span>
     <span class='ocr_line' id='line_1_27' title="bbox 652 3101 3238 3187; baseline -0.001 -18"><span class='ocrx_word' id='word_1_247' title='bbox 652 3110 762 3186; x_wconf 87' lang='grc' dir='ltr'>τῆς</span> <span class='ocrx_word' id='word_1_248' title='bbox 809 3106 1113 3170; x_wconf 91' lang='grc' dir='ltr'>Βοιωτίας</span> <span class='ocrx_word' id='word_1_249' title='bbox 1158 3104 1324 3184; x_wconf 89' lang='grc' dir='ltr'>φαςί.</span> <span class='ocrx_word' id='word_1_250' title='bbox 1413 3104 1728 3184; x_wconf 86' lang='grc' dir='ltr'>γράφεται</span> <span class='ocrx_word' id='word_1_251' title='bbox 1773 3105 1876 3168; x_wconf 85' lang='grc' dir='ltr'>καὶ</span> <span class='ocrx_word' id='word_1_252' title='bbox 1918 3105 2112 3183; x_wconf 84' lang='grc' dir='ltr'>χωρὶς</span> <span class='ocrx_word' id='word_1_253' title='bbox 2155 3107 2273 3168; x_wconf 85' lang='grc' dir='ltr'>τοῦ</span> <span class='ocrx_word' id='word_1_254' title='bbox 2318 3109 2389 3187; x_wconf 79' lang='grc' dir='ltr'>ἃ,</span> <span class='ocrx_word' id='word_1_255' title='bbox 2435 3102 2588 3167; x_wconf 79' lang='grc' dir='ltr'>ἀλλ’</span> <span class='ocrx_word' id='word_1_256' title='bbox 2631 3102 2710 3187; x_wconf 63' lang='grc' dir='ltr'>οὐ</span> <span class='ocrx_word' id='word_1_257' title='bbox 2756 3103 2917 3182; x_wconf 78' lang='grc' dir='ltr'>παρ’</span> <span class='ocrx_word' id='word_1_258' title='bbox 2965 3101 3238 3186; x_wconf 85' lang='grc' dir='ltr'>Ὁμήρῳ.</span> 
     </span>
     <span class='ocr_line' id='line_1_28' title="bbox 654 3204 3235 3289; baseline -0.001 -16"><span class='ocrx_word' id='word_1_259' title='bbox 654 3208 1002 3287; x_wconf 87' lang='grc' dir='ltr'>Ἰςςηδών</span> <span class='ocrx_word' id='word_1_260' title='bbox 1058 3206 1248 3271; x_wconf 83' lang='grc' dir='ltr'>ἔθνος</span> <span class='ocrx_word' id='word_1_261' title='bbox 1294 3207 1610 3271; x_wconf 77' lang='grc' dir='ltr'>(κυθικόν.</span> <span class='ocrx_word' id='word_1_262' title='bbox 1700 3206 2024 3271; x_wconf 85' lang='grc' dir='ltr'>Ἑκαταῖος</span> <span class='ocrx_word' id='word_1_263' title='bbox 2069 3206 2252 3289; x_wconf 78' lang='grc' dir='ltr'>Ἀςίᾳ.</span> <span class='ocrx_word' id='word_1_264' title='bbox 2343 3205 2612 3284; x_wconf 82' lang='grc' dir='ltr'>Ἀλκμὰν</span> <span class='ocrx_word' id='word_1_265' title='bbox 2670 3207 2740 3270; x_wconf 82' lang='grc' dir='ltr'>δὲ</span> <span class='ocrx_word' id='word_1_266' title='bbox 2795 3206 2994 3283; x_wconf 91' lang='grc' dir='ltr'>μόνος</span> <span class='ocrx_word' id='word_1_267' title='bbox 3038 3204 3235 3284; x_wconf 83' lang='grc' dir='ltr'>Ἐςςη-</span> 
     </span>
     <span class='ocr_line' id='line_1_29' title="bbox 653 3304 3269 3389; baseline -0.002 -14"><span class='ocrx_word' id='word_1_268' title='bbox 653 3309 850 3375; x_wconf 92' lang='grc' dir='ltr'>δόνας</span> <span class='ocrx_word' id='word_1_269' title='bbox 893 3308 1131 3375; x_wconf 92' lang='grc' dir='ltr'>αὐτούς</span> <span class='ocrx_word' id='word_1_270' title='bbox 1177 3328 1384 3389; x_wconf 92' lang='grc' dir='ltr'>φηςιν.</span> <span class='ocrx_word' id='word_1_271' title='bbox 1474 3307 1816 3388; x_wconf 88' lang='grc' dir='ltr'>εύρίςκεται</span> <span class='ocrx_word' id='word_1_272' title='bbox 1864 3310 1934 3373; x_wconf 80' lang='grc' dir='ltr'>δὲ</span> <span class='ocrx_word' id='word_1_273' title='bbox 1980 3309 2018 3388; x_wconf 84' lang='grc' dir='ltr'>ἡ</span> <span class='ocrx_word' id='word_1_274' title='bbox 2065 3308 2333 3387; x_wconf 88' lang='grc' dir='ltr'>δευτέρα</span> <span class='ocrx_word' id='word_1_275' title='bbox 2387 3309 2549 3387; x_wconf 81' lang='grc' dir='ltr'>παρ’</span> <span class='ocrx_word' id='word_1_276' title='bbox 2592 3307 2811 3372; x_wconf 89' lang='grc' dir='ltr'>ἄλλοις</span> <span class='ocrx_word' id='word_1_277' title='bbox 2869 3308 2974 3372; x_wconf 87' lang='grc' dir='ltr'>διὰ</span> <span class='ocrx_word' id='word_1_278' title='bbox 3026 3310 3144 3372; x_wconf 90' lang='grc' dir='ltr'>τοῦ</span> <span class='ocrx_word' id='word_1_279' title='bbox 3190 3304 3269 3372; x_wconf 57' lang='lat' dir='ltr'>‘el&#39;</span> 
     </span>
    </p>
   </div>
   <div class='ocr_carea' id='block_1_3' title="bbox 701 3480 1057 3489">
    <p class='ocr_par' dir='ltr' id='par_1_3' title="bbox 701 3480 1057 3489">
     <span class='ocr_line' id='line_1_30' title="bbox 701 3480 1057 3489; baseline 0 2057"><span class='ocrx_word' id='word_1_280' title='bbox 701 3480 1057 3489; x_wconf 95' lang='lat' dir='ltr'> </span> 
     </span>
    </p>
   </div>
   <div class='ocr_carea' id='block_1_4' title="bbox 656 3483 692 3491">
    <p class='ocr_par' dir='ltr' id='par_1_4' title="bbox 656 3483 692 3491">
     <span class='ocr_line' id='line_1_31' title="bbox 656 3483 692 3491; baseline -0.028 0"><span class='ocrx_word' id='word_1_281' title='bbox 656 3483 692 3491; x_wconf 61' lang='grc' dir='ltr'>ι.»</span> 
     </span>
    </p>
   </div>
   <div class='ocr_carea' id='block_1_5' title="bbox 649 3593 3243 4962">
    <p class='ocr_par' dir='ltr' id='par_1_5' title="bbox 649 3593 3242 4690">
     <span class='ocr_line' id='line_1_32' title="bbox 654 3593 3240 3665; baseline -0.002 -14"><span class='ocrx_word' id='word_1_282' title='bbox 654 3597 936 3663; x_wconf 79' lang='grc' dir='ltr'>ἐφύλαξεν</span> <span class='ocrx_word' id='word_1_283' title='bbox 974 3613 1040 3648; x_wconf 81' lang='lat' dir='ltr'>ex</span> <span class='ocrx_word' id='word_1_284' title='bbox 1077 3600 1223 3650; x_wconf 88' lang='lat' dir='ltr'><strong>Mon.</strong></span> <span class='ocrx_word' id='word_1_285' title='bbox 1261 3599 1310 3662; x_wconf 98' lang='grc'>9,</span> <span class='ocrx_word' id='word_1_286' title='bbox 1348 3601 1414 3650; x_wconf 81' lang='lat'>20</span> <span class='ocrx_word' id='word_1_287' title='bbox 1458 3595 1537 3649; x_wconf 84' lang='grc' dir='ltr'>ὡς</span> <span class='ocrx_word' id='word_1_288' title='bbox 1575 3598 1893 3661; x_wconf 85' lang='grc' dir='ltr'>μελεδῶνος</span> <span class='ocrx_word' id='word_1_289' title='bbox 1939 3617 2007 3651; x_wconf 84' lang='lat' dir='ltr'>ex</span> <span class='ocrx_word' id='word_1_290' title='bbox 2043 3598 2288 3665; x_wconf 83' lang='lat' dir='ltr'><strong>Theogn.</strong></span> <span class='ocrx_word' id='word_1_291' title='bbox 2325 3602 2419 3656; x_wconf 86' lang='grc'>39,</span> <span class='ocrx_word' id='word_1_292' title='bbox 2456 3601 2539 3651; x_wconf 79' lang='grc'>28.</span> <span class='ocrx_word' id='word_1_293' title='bbox 2609 3595 2839 3662; x_wconf 87' lang='grc' dir='ltr'>ἀκηδών</span> <span class='ocrx_word' id='word_1_294' title='bbox 2874 3626 2939 3632; x_wconf 87' lang='grc'>-</span> <span class='ocrx_word' id='word_1_295' title='bbox 2976 3593 3240 3661; x_wconf 83' lang='grc' dir='ltr'>ἀχθηδών</span> 
     </span>
     <span class='ocr_line' id='line_1_33' title="bbox 655 3665 3241 3732; baseline -0.001 -15"><span class='ocrx_word' id='word_1_296' title='bbox 655 3684 721 3717; x_wconf 82' lang='lat' dir='ltr'>ex</span> <span class='ocrx_word' id='word_1_297' title='bbox 758 3667 1002 3732; x_wconf 83' lang='lat' dir='ltr'><strong>Theogn.</strong></span> <span class='ocrx_word' id='word_1_298' title='bbox 1039 3669 1122 3728; x_wconf 78' lang='lat'>32,</span> <span class='ocrx_word' id='word_1_299' title='bbox 1160 3669 1244 3717; x_wconf 91' lang='grc'>17.</span> <span class='ocrx_word' id='word_1_300' title='bbox 1426 3668 1482 3717; x_wconf 88' lang='lat' dir='ltr'>in</span> <span class='ocrx_word' id='word_1_301' title='bbox 1520 3667 1653 3717; x_wconf 80' lang='lat' dir='ltr'>Cod.</span> <span class='ocrx_word' id='word_1_302' title='bbox 1691 3667 1738 3716; x_wconf 81' lang='lat' dir='ltr'>A</span> <span class='ocrx_word' id='word_1_303' title='bbox 1773 3665 1993 3731; x_wconf 87' lang='grc' dir='ltr'>ἀηδών,</span> <span class='ocrx_word' id='word_1_304' title='bbox 2031 3669 2088 3718; x_wconf 88' lang='lat' dir='ltr'>in</span> <span class='ocrx_word' id='word_1_305' title='bbox 2125 3667 2216 3718; x_wconf 90' lang='lat' dir='ltr'>BC</span> <span class='ocrx_word' id='word_1_306' title='bbox 2253 3666 2463 3731; x_wconf 85' lang='grc' dir='ltr'>ἀριδών</span> <span class='ocrx_word' id='word_1_307' title='bbox 2499 3672 2708 3727; x_wconf 75' lang='lat' dir='ltr'><strong>exstat3</strong></span> <span class='ocrx_word' id='word_1_308' title='bbox 2749 3665 3011 3716; x_wconf 77' lang='lat' dir='ltr'><strong>Schmidt.</strong></span> <span class='ocrx_word' id='word_1_309' title='bbox 3049 3667 3241 3730; x_wconf 83' lang='lat' dir='ltr'><strong>opina·</strong></span> 
     </span>
     <span class='ocr_line' id='line_1_34' title="bbox 653 3732 3237 3802; baseline -0.001 -17"><span class='ocrx_word' id='word_1_310' title='bbox 653 3741 745 3785; x_wconf 80' lang='lat' dir='ltr'>tur</span> <span class='ocrx_word' id='word_1_311' title='bbox 780 3732 1053 3798; x_wconf 87' lang='grc' dir='ltr'>ἁρπηδών</span> <span class='ocrx_word' id='word_1_312' title='bbox 1098 3732 1291 3800; x_wconf 83' lang='grc' dir='ltr'>ἀηδών</span> <span class='ocrx_word' id='word_1_313' title='bbox 1337 3735 1544 3801; x_wconf 80' lang='lat' dir='ltr'><strong>scripta</strong></span> <span class='ocrx_word' id='word_1_314' title='bbox 1587 3735 1787 3797; x_wconf 79' lang='lat' dir='ltr'><strong>fuisse;</strong></span> <span class='ocrx_word' id='word_1_315' title='bbox 1840 3736 1935 3786; x_wconf 80' lang='lat' dir='ltr'>sed</span> <span class='ocrx_word' id='word_1_316' title='bbox 1984 3736 2239 3802; x_wconf 82' lang='lat' dir='ltr'><strong>equidem</strong></span> <span class='ocrx_word' id='word_1_317' title='bbox 2294 3737 2540 3801; x_wconf 70' lang='lat' dir='ltr'><strong>suspicor</strong></span> <span class='ocrx_word' id='word_1_318' title='bbox 2584 3735 2641 3784; x_wconf 97' lang='lat' dir='ltr'>in</span> <span class='ocrx_word' id='word_1_319' title='bbox 2687 3732 2896 3799; x_wconf 86' lang='grc' dir='ltr'>ἀριδών</span> <span class='ocrx_word' id='word_1_320' title='bbox 2941 3734 3237 3799; x_wconf 79' lang='lat' dir='ltr'><strong>vestigium</strong></span> 
     </span>
     <span class='ocr_line' id='line_1_35' title="bbox 655 3801 3237 3870; baseline -0.001 -16"><span class='ocrx_word' id='word_1_321' title='bbox 655 3805 961 3869; x_wconf 75' lang='lat' dir='ltr'><strong>scripturae</strong></span> <span class='ocrx_word' id='word_1_322' title='bbox 999 3801 1194 3868; x_wconf 79' lang='grc' dir='ltr'>ἀηδών</span> <span class='ocrx_word' id='word_1_323' title='bbox 1232 3819 1330 3869; x_wconf 83' lang='lat' dir='ltr'>per</span> <span class='ocrx_word' id='word_1_324' title='bbox 1364 3807 1400 3867; x_wconf 87' lang='grc' dir='ltr'>ῆ</span> <span class='ocrx_word' id='word_1_325' title='bbox 1436 3818 1556 3853; x_wconf 85' lang='lat' dir='ltr'>cum</span> <span class='ocrx_word' id='word_1_326' title='bbox 1594 3818 1610 3853; x_wconf 93' lang='grc' dir='ltr'>ι</span> <span class='ocrx_word' id='word_1_327' title='bbox 1649 3804 1961 3869; x_wconf 81' lang='lat' dir='ltr'><strong>subscripto</strong></span> <span class='ocrx_word' id='word_1_328' title='bbox 2007 3818 2296 3870; x_wconf 80' lang='lat' dir='ltr'><strong>superesse</strong></span> <span class='ocrx_word' id='word_1_329' title='bbox 2334 3810 2501 3869; x_wconf 74' lang='lat' dir='ltr'><strong>atque</strong></span> <span class='ocrx_word' id='word_1_330' title='bbox 2548 3804 2710 3853; x_wconf 84' lang='lat' dir='ltr'><strong>huius</strong></span> <span class='ocrx_word' id='word_1_331' title='bbox 2747 3803 3055 3868; x_wconf 81' lang='lat' dir='ltr'><strong>scripturae</strong></span> <span class='ocrx_word' id='word_1_332' title='bbox 3092 3818 3237 3852; x_wconf 85' lang='lat' dir='ltr'><strong>men-</strong></span> 
     </span>
     <span class='ocr_line' id='line_1_36' title="bbox 653 3869 3239 3937; baseline -0.001 -15"><span class='ocrx_word' id='word_1_333' title='bbox 653 3871 861 3922; x_wconf 78' lang='lat' dir='ltr'><strong>tionem</strong></span> <span class='ocrx_word' id='word_1_334' title='bbox 896 3871 951 3922; x_wconf 89' lang='lat' dir='ltr'>h.</span> <span class='ocrx_word' id='word_1_335' title='bbox 989 3872 1025 3923; x_wconf 89' lang='lat' dir='ltr'>l.</span> <span class='ocrx_word' id='word_1_336' title='bbox 1065 3872 1326 3922; x_wconf 81' lang='lat' dir='ltr'><strong>iniectam</strong></span> <span class='ocrx_word' id='word_1_337' title='bbox 1362 3872 1536 3922; x_wconf 84' lang='lat' dir='ltr'><strong>fuisse</strong></span> <span class='ocrx_word' id='word_1_338' title='bbox 1573 3873 1772 3923; x_wconf 82' lang='lat' dir='ltr'><strong>coniici</strong></span> <span class='ocrx_word' id='word_1_339' title='bbox 1809 3877 1997 3937; x_wconf 78' lang='lat' dir='ltr'><strong>potest</strong></span> <span class='ocrx_word' id='word_1_340' title='bbox 2033 3890 2100 3923; x_wconf 83' lang='lat' dir='ltr'>ex</span> <span class='ocrx_word' id='word_1_341' title='bbox 2135 3872 2289 3923; x_wconf 83' lang='lat' dir='ltr'><strong>Theo</strong></span> <span class='ocrx_word' id='word_1_342' title='bbox 2332 3890 2384 3924; x_wconf 87' lang='lat' dir='ltr'>n.</span> <span class='ocrx_word' id='word_1_343' title='bbox 2409 3876 2492 3929; x_wconf 81' lang='grc'>32,</span> <span class='ocrx_word' id='word_1_344' title='bbox 2533 3873 2595 3920; x_wconf 87' lang='grc'>18</span> <span class='ocrx_word' id='word_1_345' title='bbox 2631 3869 2898 3936; x_wconf 77' lang='grc' dir='ltr'>ἀηδόνος,</span> <span class='ocrx_word' id='word_1_346' title='bbox 2937 3873 3112 3921; x_wconf 80' lang='grc' dir='ltr'>τοῦτο</span> <span class='ocrx_word' id='word_1_347' title='bbox 3149 3869 3239 3919; x_wconf 80' lang='grc' dir='ltr'>καὶ</span> 
     </span>
     <span class='ocr_line' id='line_1_37' title="bbox 653 3890 3239 4007; baseline -0.001 -16"><span class='ocrx_word' id='word_1_348' title='bbox 653 3938 753 3991; x_wconf 88' lang='grc' dir='ltr'>ςύν</span> <span class='ocrx_word' id='word_1_349' title='bbox 790 3943 875 4006; x_wconf 82' lang='grc' dir='ltr'>τῷ</span> <span class='ocrx_word' id='word_1_350' title='bbox 913 3943 944 3990; x_wconf 80' lang='grc' dir='ltr'>ἶ</span> <span class='ocrx_word' id='word_1_351' title='bbox 989 3939 1051 3991; x_wconf 81' lang='grc' dir='ltr'>ἐκ</span> <span class='ocrx_word' id='word_1_352' title='bbox 1094 3941 1197 3990; x_wconf 86' lang='grc' dir='ltr'>τοῦ</span> <span class='ocrx_word' id='word_1_353' title='bbox 1245 3937 1415 3990; x_wconf 85' lang='grc' dir='ltr'>ἀείδω</span> <span class='ocrx_word' id='word_1_354' title='bbox 1452 3937 1659 3991; x_wconf 88' lang='grc' dir='ltr'>ἀειδών</span> <span class='ocrx_word' id='word_1_355' title='bbox 1695 3939 1785 3990; x_wconf 80' lang='grc' dir='ltr'>καί</span> <span class='ocrx_word' id='word_1_356' title='bbox 1819 3944 2004 4007; x_wconf 86' lang='grc' dir='ltr'>τροπῇ</span> <span class='ocrx_word' id='word_1_357' title='bbox 2042 3942 2145 4005; x_wconf 86' lang='grc' dir='ltr'>τῆς</span> <span class='ocrx_word' id='word_1_358' title='bbox 2181 3944 2230 3991; x_wconf 70' lang='grc' dir='ltr'>εἶ</span> <span class='ocrx_word' id='word_1_359' title='bbox 2266 3890 2539 3991; x_wconf 47' lang='grc' dir='ltr'>Αῆολικῶς</span> <span class='ocrx_word' id='word_1_360' title='bbox 2586 3936 2662 3990; x_wconf 85' lang='grc' dir='ltr'>εἰς</span> <span class='ocrx_word' id='word_1_361' title='bbox 2699 3943 2732 4003; x_wconf 83' lang='grc' dir='ltr'>ἦ</span> <span class='ocrx_word' id='word_1_362' title='bbox 2770 3936 2964 4003; x_wconf 88' lang='grc' dir='ltr'>ἀῃδών</span> <span class='ocrx_word' id='word_1_363' title='bbox 3009 3937 3100 3989; x_wconf 84' lang='grc' dir='ltr'>καὶ</span> <span class='ocrx_word' id='word_1_364' title='bbox 3137 3952 3239 4002; x_wconf 89' lang='grc' dir='ltr'>φυ-</span> 
     </span>
     <span class='ocr_line' id='line_1_38' title="bbox 654 4005 3241 4091; baseline -0.002 -31"><span class='ocrx_word' id='word_1_365' title='bbox 654 4005 845 4060; x_wconf 87' lang='grc' dir='ltr'>λάττει</span> <span class='ocrx_word' id='word_1_366' title='bbox 879 4010 982 4073; x_wconf 83' lang='grc' dir='ltr'>τῆς</span> <span class='ocrx_word' id='word_1_367' title='bbox 1019 4012 1067 4059; x_wconf 76' lang='grc' dir='ltr'>ἐἶ</span> <span class='ocrx_word' id='word_1_368' title='bbox 1102 4007 1171 4059; x_wconf 83' lang='grc' dir='ltr'>τὸ</span> <span class='ocrx_word' id='word_1_369' title='bbox 1211 4011 1257 4058; x_wconf 83' lang='grc' dir='ltr'>ἶ.</span> <span class='ocrx_word' id='word_1_370' title='bbox 1330 4008 1440 4059; x_wconf 88' lang='lat' dir='ltr'>Sed</span> <span class='ocrx_word' id='word_1_371' title='bbox 1487 4008 1976 4091; x_wconf 30' lang='lat' dir='ltr'><strong>sicsflerodianum</strong></span> <span class='ocrx_word' id='word_1_372' title='bbox 2022 4011 2201 4075; x_wconf 83' lang='lat' dir='ltr'><strong>ipsum</strong></span> <span class='ocrx_word' id='word_1_373' title='bbox 2246 4024 2355 4059; x_wconf 89' lang='lat' dir='ltr'>non</span> <span class='ocrx_word' id='word_1_374' title='bbox 2388 4007 2941 4089; x_wconf 20' lang='lat' dir='ltr'>*scripsisseoeolligi</span> <span class='ocrx_word' id='word_1_375' title='bbox 2964 4012 3148 4072; x_wconf 74' lang='lat' dir='ltr'><strong>potest·</strong></span> <span class='ocrx_word' id='word_1_376' title='bbox 3181 4011 3241 4056; x_wconf 77' lang='lat' dir='ltr'>et</span> 
     </span>
     <span class='ocr_line' id='line_1_39' title="bbox 652 4075 3240 4212; baseline -0.002 -16"><span class='ocrx_word' id='word_1_377' title='bbox 652 4076 1378 4212; x_wconf 52' lang='lat' dir='ltr'>52m223ss23023321-23‘3035</span> <span class='ocrx_word' id='word_1_378' title='bbox 1394 4076 1763 4210; x_wconf 52' lang='lat'>2&#39;522122301‘155’</span> <span class='ocrx_word' id='word_1_379' title='bbox 1792 4075 2293 4211; x_wconf 56' lang='grc' dir='ltr'>ὲζὲέᾚῖἓηῗῗῗηῗ</span> <span class='ocrx_word' id='word_1_380' title='bbox 2328 4076 2597 4206; x_wconf 50' lang='grc' dir='ltr'>ἓιὲἰῖῗῗι</span> <span class='ocrx_word' id='word_1_381' title='bbox 2618 4079 3240 4208; x_wconf 45' lang='grc' dir='ltr'>ε’ἕὲἓέἶῗέἓῶῗέἓωηωέξ</span> 
     </span>
     <span class='ocr_line' id='line_1_40' title="bbox 651 4211 3239 4279; baseline -0.001 -16"><span class='ocrx_word' id='word_1_382' title='bbox 651 4227 707 4263; x_wconf 92' lang='grc' dir='ltr'>αι</span> <span class='ocrx_word' id='word_1_383' title='bbox 742 4213 1080 4279; x_wconf 81' lang='lat' dir='ltr'><strong>diphthongo</strong></span> <span class='ocrx_word' id='word_1_384' title='bbox 1119 4219 1240 4264; x_wconf 81' lang='lat' dir='ltr'><strong>orto</strong></span> <span class='ocrx_word' id='word_1_385' title='bbox 1280 4213 1521 4264; x_wconf 80' lang='lat' dir='ltr'><strong>detraxit</strong></span> <span class='ocrx_word' id='word_1_386' title='bbox 1559 4216 1592 4263; x_wconf 75' lang='grc' dir='ltr'>ἰ’</span> <span class='ocrx_word' id='word_1_387' title='bbox 1629 4213 1926 4264; x_wconf 79' lang='lat' dir='ltr'><strong>seeundum</strong></span> <span class='ocrx_word' id='word_1_388' title='bbox 1963 4213 2218 4265; x_wconf 77' lang='lat' dir='ltr'><strong>Eustath.</strong></span> <span class='ocrx_word' id='word_1_389' title='bbox 2255 4216 2373 4277; x_wconf 83' lang='lat'><strong>365,</strong></span> <span class='ocrx_word' id='word_1_390' title='bbox 2411 4216 2492 4264; x_wconf 77' lang='lat'>27.</span> <span class='ocrx_word' id='word_1_391' title='bbox 2542 4213 2626 4262; x_wconf 82' lang='lat' dir='ltr'>Ex</span> <span class='ocrx_word' id='word_1_392' title='bbox 2663 4211 2979 4263; x_wconf 75' lang='lat' dir='ltr'><strong>Herodiano</strong></span> <span class='ocrx_word' id='word_1_393' title='bbox 3016 4212 3239 4261; x_wconf 81' lang='lat' dir='ltr'><strong>fluxisse</strong></span> 
     </span>
     <span class='ocr_line' id='line_1_41' title="bbox 653 4278 3239 4345; baseline -0 -16"><span class='ocrx_word' id='word_1_394' title='bbox 653 4282 874 4333; x_wconf 77' lang='lat' dir='ltr'><strong>videtur</strong></span> <span class='ocrx_word' id='word_1_395' title='bbox 910 4283 1078 4332; x_wconf 79' lang='lat' dir='ltr'><strong>otiam</strong></span> <span class='ocrx_word' id='word_1_396' title='bbox 1118 4281 1298 4332; x_wconf 82' lang='lat' dir='ltr'><strong>Schol.</strong></span> <span class='ocrx_word' id='word_1_397' title='bbox 1339 4282 1408 4332; x_wconf 81' lang='lat' dir='ltr'>ad</span> <span class='ocrx_word' id='word_1_398' title='bbox 1445 4282 1613 4333; x_wconf 79' lang='lat' dir='ltr'><strong>Arist.</strong></span> <span class='ocrx_word' id='word_1_399' title='bbox 1651 4281 1888 4332; x_wconf 72' lang='lat' dir='ltr'><strong>Achai-n.</strong></span> <span class='ocrx_word' id='word_1_400' title='bbox 1926 4284 1983 4332; x_wconf 83' lang='lat'>4:</span> <span class='ocrx_word' id='word_1_401' title='bbox 2030 4281 2185 4335; x_wconf 79' lang='grc' dir='ltr'>ἄξιον</span> <span class='ocrx_word' id='word_1_402' title='bbox 2221 4279 2578 4345; x_wconf 82' lang='grc' dir='ltr'>χαιρηδόνος;</span> <span class='ocrx_word' id='word_1_403' title='bbox 2617 4278 2744 4331; x_wconf 82' lang='grc' dir='ltr'>ἀντὶ</span> <span class='ocrx_word' id='word_1_404' title='bbox 2779 4281 2882 4330; x_wconf 82' lang='grc' dir='ltr'>τοῦ</span> <span class='ocrx_word' id='word_1_405' title='bbox 2922 4280 3092 4343; x_wconf 82' lang='grc' dir='ltr'>χαρᾶς</span> <span class='ocrx_word' id='word_1_406' title='bbox 3130 4278 3239 4343; x_wconf 79' lang='grc' dir='ltr'>(τῷ</span> 
     </span>
     <span class='ocr_line' id='line_1_42' title="bbox 651 4332 3237 4415; baseline -0.001 -15"><span class='ocrx_word' id='word_1_407' title='bbox 651 4349 807 4415; x_wconf 86' lang='grc' dir='ltr'>τόνῳ</span> <span class='ocrx_word' id='word_1_408' title='bbox 844 4348 904 4401; x_wconf 82' lang='grc' dir='ltr'>δὲ</span> <span class='ocrx_word' id='word_1_409' title='bbox 943 4347 1021 4400; x_wconf 85' lang='grc' dir='ltr'>ὡς</span> <span class='ocrx_word' id='word_1_410' title='bbox 1059 4348 1413 4413; x_wconf 79' lang='grc' dir='ltr'>ἀλγηδόνος).</span> <span class='ocrx_word' id='word_1_411' title='bbox 1464 4348 1542 4401; x_wconf 81' lang='grc' dir='ltr'>ὡς</span> <span class='ocrx_word' id='word_1_412' title='bbox 1579 4348 1684 4413; x_wconf 84' lang='grc' dir='ltr'>γὰρ</span> <span class='ocrx_word' id='word_1_413' title='bbox 1720 4348 1837 4401; x_wconf 89' lang='grc' dir='ltr'>ἀπὸ</span> <span class='ocrx_word' id='word_1_414' title='bbox 1875 4352 1977 4401; x_wconf 85' lang='grc' dir='ltr'>τοῦ</span> <span class='ocrx_word' id='word_1_415' title='bbox 2016 4348 2243 4414; x_wconf 87' lang='grc' dir='ltr'>ἀλγήςω</span> <span class='ocrx_word' id='word_1_416' title='bbox 2283 4348 2589 4412; x_wconf 85' lang='grc' dir='ltr'>μέλλοντος</span> <span class='ocrx_word' id='word_1_417' title='bbox 2616 4332 2881 4413; x_wconf 80' lang='grc' dir='ltr'>ἀλγηδών</span> <span class='ocrx_word' id='word_1_418' title='bbox 2907 4346 3237 4413; x_wconf 82' lang='grc' dir='ltr'>ἀλγηδόνος,</span> 
     </span>
     <span class='ocr_line' id='line_1_43' title="bbox 651 4415 3239 4484; baseline -0.002 -14"><span class='ocrx_word' id='word_1_419' title='bbox 651 4418 809 4470; x_wconf 81' lang='grc' dir='ltr'>οὕτω</span> <span class='ocrx_word' id='word_1_420' title='bbox 857 4418 946 4469; x_wconf 81' lang='grc' dir='ltr'>καὶ</span> <span class='ocrx_word' id='word_1_421' title='bbox 983 4415 1097 4469; x_wconf 82' lang='grc' dir='ltr'>ἀπὸ</span> <span class='ocrx_word' id='word_1_422' title='bbox 1135 4420 1238 4469; x_wconf 85' lang='grc' dir='ltr'>τοῦ</span> <span class='ocrx_word' id='word_1_423' title='bbox 1286 4416 1532 4482; x_wconf 83' lang='grc' dir='ltr'>χαιρήςω</span> <span class='ocrx_word' id='word_1_424' title='bbox 1578 4416 1862 4482; x_wconf 89' lang='grc' dir='ltr'>χαιρηδών</span> <span class='ocrx_word' id='word_1_425' title='bbox 1909 4417 2267 4484; x_wconf 88' lang='grc' dir='ltr'>χαιρηδόνος;</span> <span class='ocrx_word' id='word_1_426' title='bbox 2314 4418 2485 4468; x_wconf 81' lang='lat' dir='ltr'><strong>etiam</strong></span> <span class='ocrx_word' id='word_1_427' title='bbox 2531 4432 2615 4483; x_wconf 81' lang='lat' dir='ltr'>ap.</span> <span class='ocrx_word' id='word_1_428' title='bbox 2653 4416 2913 4467; x_wconf 80' lang='lat' dir='ltr'><strong>Eustath.</strong></span> <span class='ocrx_word' id='word_1_429' title='bbox 2962 4416 3033 4465; x_wconf 86' lang='lat' dir='ltr'>ad</span> <span class='ocrx_word' id='word_1_430' title='bbox 3078 4418 3239 4465; x_wconf 84' lang='lat' dir='ltr'><strong>Hom.</strong></span> 
     </span>
     <span class='ocr_line' id='line_1_44' title="bbox 655 4484 3242 4554; baseline -0.002 -18"><span class='ocrx_word' id='word_1_431' title='bbox 655 4490 810 4543; x_wconf 77' lang='lat'>1741,</span> <span class='ocrx_word' id='word_1_432' title='bbox 848 4489 915 4537; x_wconf 79' lang='lat'>26</span> <span class='ocrx_word' id='word_1_433' title='bbox 951 4487 1088 4536; x_wconf 74' lang='lat' dir='ltr'><strong>haec</strong></span> <span class='ocrx_word' id='word_1_434' title='bbox 1123 4487 1345 4537; x_wconf 83' lang='lat' dir='ltr'><strong>nomina</strong></span> <span class='ocrx_word' id='word_1_435' title='bbox 1382 4484 1659 4551; x_wconf 82' lang='grc' dir='ltr'>ῥηματικά</span> <span class='ocrx_word' id='word_1_436' title='bbox 1702 4492 1868 4537; x_wconf 80' lang='lat' dir='ltr'><strong>vocat</strong></span> <span class='ocrx_word' id='word_1_437' title='bbox 1905 4488 2270 4539; x_wconf 79' lang='lat' dir='ltr'><strong>Herodianus,</strong></span> <span class='ocrx_word' id='word_1_438' title='bbox 2510 4484 2548 4535; x_wconf 88' lang='lat'>1.</span> <span class='ocrx_word' id='word_1_439' title='bbox 2585 4488 2617 4536; x_wconf 84' lang='lat'><strong>3</strong></span> <span class='ocrx_word' id='word_1_440' title='bbox 2662 4500 2926 4554; x_wconf 70' lang='lat' dir='ltr'><strong>eanonqm</strong></span> <span class='ocrx_word' id='word_1_441' title='bbox 2968 4484 3242 4550; x_wconf 79' lang='lat' dir='ltr'><strong>composui</strong></span> 
     </span>
     <span class='ocr_line' id='line_1_45' title="bbox 651 4550 3239 4622; baseline 0 -18"><span class='ocrx_word' id='word_1_442' title='bbox 651 4556 768 4621; x_wconf 77' lang='lat' dir='ltr'><strong>ipse</strong></span> <span class='ocrx_word' id='word_1_443' title='bbox 809 4572 876 4606; x_wconf 78' lang='lat' dir='ltr'>ox</span> <span class='ocrx_word' id='word_1_444' title='bbox 913 4555 1158 4620; x_wconf 82' lang='lat' dir='ltr'><strong>Theogn.</strong></span> <span class='ocrx_word' id='word_1_445' title='bbox 1198 4558 1290 4617; x_wconf 81' lang='lat'>32,</span> <span class='ocrx_word' id='word_1_446' title='bbox 1333 4558 1420 4615; x_wconf 91' lang='lat'>11,</span> <span class='ocrx_word' id='word_1_447' title='bbox 1467 4550 1614 4605; x_wconf 72' lang='lat' dir='ltr'><strong>finde</strong></span> <span class='ocrx_word' id='word_1_448' title='bbox 1661 4556 1868 4620; x_wconf 79' lang='lat' dir='ltr'><strong>sumpsi</strong></span> <span class='ocrx_word' id='word_1_449' title='bbox 1914 4555 2208 4622; x_wconf 73' lang='lat' dir='ltr'><strong>simplicia,</strong></span> <span class='ocrx_word' id='word_1_450' title='bbox 2258 4572 2324 4605; x_wconf 77' lang='lat' dir='ltr'>ex</span> <span class='ocrx_word' id='word_1_451' title='bbox 2372 4553 2570 4618; x_wconf 86' lang='lat' dir='ltr'><strong>quibus</strong></span> <span class='ocrx_word' id='word_1_452' title='bbox 2607 4551 2890 4604; x_wconf 87' lang='grc' dir='ltr'>Μακεδών</span> <span class='ocrx_word' id='word_1_453' title='bbox 2936 4569 3021 4621; x_wconf 39' lang='grc' dir='ltr'>εις-</span> <span class='ocrx_word' id='word_1_454' title='bbox 3052 4553 3131 4604; x_wconf 82' lang='lat' dir='ltr'>St.</span> <span class='ocrx_word' id='word_1_455' title='bbox 3175 4551 3239 4605; x_wconf 92' lang='lat' dir='ltr'>B.</span> 
     </span>
     <span class='ocr_line' id='line_1_46' title="bbox 649 4620 2991 4690; baseline -0.001 -17"><span class='ocrx_word' id='word_1_456' title='bbox 649 4626 769 4686; x_wconf 77' lang='lat'>427,</span> <span class='ocrx_word' id='word_1_457' title='bbox 811 4626 871 4673; x_wconf 85' lang='lat'>12</span> <span class='ocrx_word' id='word_1_458' title='bbox 909 4622 1184 4690; x_wconf 74' lang='lat' dir='ltr'><strong>supplevi3</strong></span> <span class='ocrx_word' id='word_1_459' title='bbox 1224 4624 1526 4688; x_wconf 78' lang='lat' dir='ltr'><strong>composita</strong></span> <span class='ocrx_word' id='word_1_460' title='bbox 1563 4639 1628 4673; x_wconf 80' lang='lat' dir='ltr'>ox</span> <span class='ocrx_word' id='word_1_461' title='bbox 1668 4623 1865 4676; x_wconf 81' lang='lat' dir='ltr'><strong>Choor.</strong></span> <span class='ocrx_word' id='word_1_462' title='bbox 1903 4625 1993 4687; x_wconf 85' lang='grc'>75,</span> <span class='ocrx_word' id='word_1_463' title='bbox 2031 4628 2122 4686; x_wconf 85' lang='grc'>33,</span> <span class='ocrx_word' id='word_1_464' title='bbox 2160 4620 2495 4687; x_wconf 86' lang='grc' dir='ltr'>Εὐρυμέδων</span> <span class='ocrx_word' id='word_1_465' title='bbox 2530 4638 2599 4672; x_wconf 81' lang='lat' dir='ltr'>ex</span> <span class='ocrx_word' id='word_1_466' title='bbox 2638 4624 2719 4674; x_wconf 74' lang='lat' dir='ltr'>St.</span> <span class='ocrx_word' id='word_1_467' title='bbox 2756 4622 2818 4670; x_wconf 92' lang='grc' dir='ltr'>Β.</span> <span class='ocrx_word' id='word_1_468' title='bbox 2858 4638 2899 4675; x_wconf 83' lang='lat' dir='ltr'>s,</span> <span class='ocrx_word' id='word_1_469' title='bbox 2938 4638 2991 4671; x_wconf 76' lang='lat' dir='ltr'>v,</span> 
     </span>
    </p>

    <p class='ocr_par' dir='ltr' id='par_1_6' title="bbox 651 4686 3243 4962">
     <span class='ocr_line' id='line_1_47' title="bbox 651 4686 3239 4757; baseline -0.002 -16"><span class='ocrx_word' id='word_1_470' title='bbox 651 4692 686 4742; x_wconf 91' lang='grc'>1.</span> <span class='ocrx_word' id='word_1_471' title='bbox 725 4694 878 4757; x_wconf 81' lang='grc' dir='ltr'>7-ρ.</span> <span class='ocrx_word' id='word_1_472' title='bbox 916 4694 980 4743; x_wconf 77' lang='grc'>27</span> <span class='ocrx_word' id='word_1_473' title='bbox 1019 4692 1054 4741; x_wconf 80' lang='lat' dir='ltr'>L</span> <span class='ocrx_word' id='word_1_474' title='bbox 1097 4695 1160 4743; x_wconf 87' lang='grc'>10</span> <span class='ocrx_word' id='word_1_475' title='bbox 1195 4690 1327 4741; x_wconf 76' lang='lat' dir='ltr'><strong>finxi</strong></span> <span class='ocrx_word' id='word_1_476' title='bbox 1364 4707 1430 4741; x_wconf 82' lang='lat' dir='ltr'>ex</span> <span class='ocrx_word' id='word_1_477' title='bbox 1466 4691 1710 4754; x_wconf 76' lang='lat' dir='ltr'><strong>Theogn.</strong></span> <span class='ocrx_word' id='word_1_478' title='bbox 1750 4695 1843 4754; x_wconf 74' lang='lat'>32,</span> <span class='ocrx_word' id='word_1_479' title='bbox 1885 4694 1945 4743; x_wconf 82' lang='lat'>15</span> <span class='ocrx_word' id='word_1_480' title='bbox 1993 4693 2192 4744; x_wconf 79' lang='lat' dir='ltr'><strong>Choer.</strong></span> <span class='ocrx_word' id='word_1_481' title='bbox 2227 4693 2264 4743; x_wconf 90' lang='lat' dir='ltr'>l.</span> <span class='ocrx_word' id='word_1_482' title='bbox 2301 4707 2346 4741; x_wconf 83' lang='lat' dir='ltr'>c.</span> <span class='ocrx_word' id='word_1_483' title='bbox 2389 4696 2445 4741; x_wconf 82' lang='lat' dir='ltr'>et</span> <span class='ocrx_word' id='word_1_484' title='bbox 2483 4692 2561 4743; x_wconf 79' lang='lat' dir='ltr'>St.</span> <span class='ocrx_word' id='word_1_485' title='bbox 2602 4692 2665 4742; x_wconf 90' lang='lat' dir='ltr'>B.</span> <span class='ocrx_word' id='word_1_486' title='bbox 2703 4717 2766 4726; x_wconf 95' lang='lat'><strong>—</strong></span> <span class='ocrx_word' id='word_1_487' title='bbox 2804 4686 3121 4754; x_wconf 87' lang='grc' dir='ltr'>Φαρκηδών</span> <span class='ocrx_word' id='word_1_488' title='bbox 3159 4688 3239 4739; x_wconf 81' lang='lat' dir='ltr'>St.</span> 
     </span>
     <span class='ocr_line' id='line_1_48' title="bbox 653 4754 3240 4826; baseline -0.002 -16"><span class='ocrx_word' id='word_1_489' title='bbox 653 4761 716 4810; x_wconf 90' lang='lat' dir='ltr'>B.</span> <span class='ocrx_word' id='word_1_490' title='bbox 756 4776 797 4814; x_wconf 80' lang='lat' dir='ltr'>s.</span> <span class='ocrx_word' id='word_1_491' title='bbox 827 4777 874 4810; x_wconf 75' lang='grc' dir='ltr'>ν.</span> <span class='ocrx_word' id='word_1_492' title='bbox 902 4760 1168 4826; x_wconf 66' lang='grc' dir='ltr'>Τὴοοςτι.,</span> <span class='ocrx_word' id='word_1_493' title='bbox 1206 4760 1353 4812; x_wconf 86' lang='lat' dir='ltr'><strong>Mon.</strong></span> <span class='ocrx_word' id='word_1_494' title='bbox 1394 4762 1444 4823; x_wconf 85' lang='lat'>9,</span> <span class='ocrx_word' id='word_1_495' title='bbox 1485 4761 1565 4809; x_wconf 88' lang='grc'>17.</span> <span class='ocrx_word' id='word_1_496' title='bbox 1617 4758 1888 4823; x_wconf 81' lang='grc' dir='ltr'>Τερηδὼν</span> <span class='ocrx_word' id='word_1_497' title='bbox 1926 4760 2005 4810; x_wconf 78' lang='lat' dir='ltr'>St.</span> <span class='ocrx_word' id='word_1_498' title='bbox 2044 4762 2104 4810; x_wconf 90' lang='lat' dir='ltr'>B.</span> <span class='ocrx_word' id='word_1_499' title='bbox 2143 4764 2200 4809; x_wconf 82' lang='lat' dir='ltr'>et</span> <span class='ocrx_word' id='word_1_500' title='bbox 2238 4759 2453 4822; x_wconf 59' lang='lat' dir='ltr'><strong>Choma,</strong></span> <span class='ocrx_word' id='word_1_501' title='bbox 2493 4762 2627 4809; x_wconf 77' lang='lat' dir='ltr'><strong>item</strong></span> <span class='ocrx_word' id='word_1_502' title='bbox 2666 4756 2973 4822; x_wconf 78' lang='grc' dir='ltr'>Καρχηδὼν</span> <span class='ocrx_word' id='word_1_503' title='bbox 3010 4762 3067 4808; x_wconf 84' lang='lat' dir='ltr'>et</span> <span class='ocrx_word' id='word_1_504' title='bbox 3101 4754 3240 4808; x_wconf 90' lang='grc' dir='ltr'>Χαλ-</span> 
     </span>
     <span class='ocr_line' id='line_1_49' title="bbox 655 4824 3243 4893; baseline -0.002 -13"><span class='ocrx_word' id='word_1_505' title='bbox 655 4827 862 4893; x_wconf 87' lang='grc' dir='ltr'>κηδών,</span> <span class='ocrx_word' id='word_1_506' title='bbox 902 4828 969 4879; x_wconf 81' lang='lat' dir='ltr'>de</span> <span class='ocrx_word' id='word_1_507' title='bbox 1006 4829 1161 4878; x_wconf 78' lang='lat' dir='ltr'><strong>ouius</strong></span> <span class='ocrx_word' id='word_1_508' title='bbox 1199 4828 1470 4893; x_wconf 82' lang='lat' dir='ltr'><strong>scriptura</strong></span> <span class='ocrx_word' id='word_1_509' title='bbox 1497 4824 1803 4891; x_wconf 87' lang='grc' dir='ltr'>Καλχηδών</span> <span class='ocrx_word' id='word_1_510' title='bbox 1830 4828 2024 4878; x_wconf 77' lang='lat' dir='ltr'><strong>Choer.</strong></span> <span class='ocrx_word' id='word_1_511' title='bbox 2049 4830 2165 4890; x_wconf 77' lang='lat'>341,</span> <span class='ocrx_word' id='word_1_512' title='bbox 2198 4829 2258 4877; x_wconf 90' lang='grc'>19</span> <span class='ocrx_word' id='word_1_513' title='bbox 2295 4827 2622 4878; x_wconf 80' lang='lat' dir='ltr'><strong>mentionem</strong></span> <span class='ocrx_word' id='word_1_514' title='bbox 2650 4827 2787 4878; x_wconf 80' lang='lat' dir='ltr'><strong>facit</strong></span> <span class='ocrx_word' id='word_1_515' title='bbox 2821 4827 2892 4879; x_wconf 84' lang='lat' dir='ltr'>cf.</span> <span class='ocrx_word' id='word_1_516' title='bbox 2919 4824 3243 4889; x_wconf 79' lang='lat' dir='ltr'><strong>Bernhardy</strong></span> 
     </span>
     <span class='ocr_line' id='line_1_50' title="bbox 654 4890 3239 4962; baseline -0.001 -12"><span class='ocrx_word' id='word_1_517' title='bbox 654 4897 724 4950; x_wconf 84' lang='lat' dir='ltr'>ad</span> <span class='ocrx_word' id='word_1_518' title='bbox 761 4898 990 4961; x_wconf 53' lang='lat' dir='ltr'><strong>Diony&amp;</strong></span> <span class='ocrx_word' id='word_1_519' title='bbox 1026 4897 1148 4960; x_wconf 83' lang='lat'><strong>803,</strong></span> <span class='ocrx_word' id='word_1_520' title='bbox 1189 4890 1479 4962; x_wconf 80' lang='grc' dir='ltr'>Ἀνθηδών</span> <span class='ocrx_word' id='word_1_521' title='bbox 1519 4898 1596 4947; x_wconf 77' lang='lat' dir='ltr'>St.</span> <span class='ocrx_word' id='word_1_522' title='bbox 1636 4897 1715 4959; x_wconf 90' lang='grc' dir='ltr'>Β.,</span> <span class='ocrx_word' id='word_1_523' title='bbox 1755 4911 1822 4947; x_wconf 81' lang='lat' dir='ltr'>ex</span> <span class='ocrx_word' id='word_1_524' title='bbox 1860 4894 2048 4949; x_wconf 83' lang='lat' dir='ltr'><strong>eodem</strong></span> <span class='ocrx_word' id='word_1_525' title='bbox 2086 4893 2417 4961; x_wconf 81' lang='grc' dir='ltr'>Ἀςπληδών</span> <span class='ocrx_word' id='word_1_526' title='bbox 2452 4896 2651 4947; x_wconf 75' lang='lat' dir='ltr'><strong>collato</strong></span> <span class='ocrx_word' id='word_1_527' title='bbox 2687 4895 2944 4946; x_wconf 75' lang='lat' dir='ltr'>Eustath.</span> <span class='ocrx_word' id='word_1_528' title='bbox 2985 4894 3053 4944; x_wconf 78' lang='lat' dir='ltr'>ad</span> <span class='ocrx_word' id='word_1_529' title='bbox 3078 4893 3239 4948; x_wconf 87' lang='lat' dir='ltr'><strong>Hom.</strong></span> 
     </span>
    </p>
   </div>
  </div>
 </body>
</html>
