3664 5546
615 366 844 413 XXVIII
1703 368 2098 417 PRAEFATIO
2109 404 2119 415 .

1848 524 1951 587 29.

780 622 860 685 Ε.
921 621 1145 686 Orion.
1208 623 1362 704 140,
1416 624 1497 688 27
1558 625 1872 706 ῥυθμός;
1933 626 2067 705 ῥύω
2124 627 2250 692 ἐςτὶ
2307 629 2499 711 ῥῆμα,
2561 628 2640 692 οὗ
2698 630 2950 708 μέλλων
3009 631 3198 715 ῥύςω,

615 724 954 804 ῥηματικὸν
1001 725 1210 805 ὄνομα
1256 726 1485 806 ῥυςμός
1528 735 1734 812 τροπῇ
1766 731 1883 793 τοῦ
1930 732 1962 792 Ε
2006 729 2094 793 εἰς
2139 717 2181 792 θ
2221 729 2455 809 ῥυθμός
2489 731 2579 795 ῶς
2620 731 2854 809 μηνίςω
2900 735 3199 811 μηνιςμός

613 826 946 909 μηνιθμός,
1016 827 1269 906 ὀρχήςω
1327 828 1642 907 ὀρχηςμός
1698 830 1800 893 καὶ
1865 829 2200 909 ὀρχηθμός.
2302 831 2507 896 οὕτως
2561 831 3051 911 Ἡρωδιανὸς
3117 833 3197 899 ἐν

616 929 1172 1008 ἑπιμεριςμοῑς.
1274 929 1352 992 In
1409 928 1487 991 E.
1544 927 1635 992 M.
1692 929 1853 1012 706,
1916 931 1996 993 14
2061 929 2222 994 haec
2279 931 2614 996 adnotatio
2672 931 2805 996 Oro
2861 933 3196 1015 tribuitur,

612 1027 789 1114 quod
830 1051 1065 1093 nomen
1109 1052 1194 1094 ex
1239 1028 1481 1094 Orione
1524 1040 1899 1116 corruptum
1955 1054 2098 1097 esse
2152 1033 2503 1117 persuadet
2546 1031 2866 1098 Kleistius
2925 1033 3005 1098 de
3049 1034 3197 1098 Phi·

615 1128 829 1195 loxen.
875 1154 939 1218 p.
984 1131 1088 1196 33.
1176 1132 1280 1196 De
1324 1155 1394 1197 re
1440 1132 1525 1196 cf.
1571 1132 1735 1198 Lob.
1783 1132 1869 1196 ad
1914 1132 2159 1219 Phryn.
2206 1133 2361 1216 512,
2408 1134 2646 1199 Parall.
2694 1135 2841 1200 397.

1849 1235 1952 1299 30.

785 1334 863 1399 E.
910 1336 1133 1401 Orion.
1193 1336 1345 1419 150,
1407 1338 1486 1401 10
1542 1341 1867 1403 ςκῶλος;
1926 1339 2100 1416 παρὰ
2154 1340 2230 1403 τὸ
2289 1341 2452 1403 ςκλῶ
2507 1339 2584 1404 τὸ
2640 1340 2914 1418 ξηραίνω
2974 1340 3198 1405 ςκόλος

615 1438 741 1502 ἐςτὶ
784 1439 886 1502 καὶ
930 1439 1248 1505 ἐπεκτάςει
1303 1445 1420 1505 τοῦ
1467 1443 1506 1504 δ
1550 1439 1638 1504 εἰς
1684 1442 1738 1504 ὦ
1793 1442 2050 1504 ςκῶλος.
2138 1440 2424 1518 Ὅμηρος
2468 1441 2547 1523 (Ν
2594 1440 2750 1522 564)
2797 1442 2996 1506 «ὥςτε
3042 1448 3196 1507 ςκῶ-

617 1543 728 1604 λος
771 1539 1227 1618 πυρίκαυςτος»
1275 1541 1312 1605 ὁ
1358 1542 1486 1606 ὑπὸ
1541 1543 1745 1620 πυρὸς
1789 1541 2232 1620 ἐξηραμμένος.
2323 1541 2530 1606 οὕτως
2575 1542 3058 1619 Ἡρωδιανὸς
3116 1544 3197 1610 ἐν

615 1642 1172 1721 ἐπιμεριςμοῑς.
1260 1639 1385 1705 Vel
1430 1663 1565 1706 vox
1610 1642 1932 1707 ἐπέκταςις
1977 1641 2423 1705 Herodianum
2467 1641 2705 1728 prodit.

783 1845 861 1908 E.
910 1844 1134 1909 Orion.
1185 1845 1326 1919 151,
1376 1846 1405 1907 1
1453 1846 1786 1927 τάφρος;
1837 1844 1873 1908 ὁ
1920 1845 2404 1923 Ἡρωδιανὸς
2463 1846 2532 1912 ἐν
2578 1847 3004 1928 ἐπιμεριςμοῖς
3047 1870 3196 1929 φηςι

613 1949 788 2027 παρὰ
832 1948 907 2011 τὸ
951 1949 1166 2025 τρέπω
1209 1949 1454 2026 τάπρος
1500 1946 1643 2012 οἷον
1700 1948 1946 2025 τροπὴν
1992 1949 2346 2028 ποιουμένη
2398 1954 2530 2013 τῶν
2575 1949 2903 2029 πολεμίων
2948 1952 3050 2015 καὶ
3093 1971 3197 2030 με-

613 2050 854 2113 ταθέςει
900 2053 1016 2112 τοῦ
1062 2054 1110 2111 π’
1155 2049 1242 2112 εἰς
1287 2052 1338 2128 ᾧ
1384 2049 1650 2129 τάφρος.
1680 2084 1766 2095 -
1793 2047 1923 2110 Pro
1967 2050 2047 2112 τὰ
2090 2050 2255 2128 πρὸς
2285 2049 2519 2134 scripsi
2564 2050 2822 2129 τάπρος.
2884 2052 2963 2115 In
2994 2052 3073 2115 E.
3104 2050 3194 2114 M.

616 2149 756 2230 748,
802 2148 887 2212 44
929 2148 1041 2212 ubi
1089 2148 1331 2214 similia
1373 2146 1747 2229 traduntur,
1803 2147 1965 2213 haec
2021 2149 2368 2233 originatio
2426 2150 2703 2233 excidit,
2760 2151 2879 2216 sed
2935 2160 3198 2216 servata

617 2259 769 2314 sunt
812 2240 1047 2330 verba,
1094 2273 1260 2336 quae
1305 2274 1451 2316 cum
1497 2273 1575 2314 ea
1619 2260 1798 2314 arcte
1843 2251 2187 2316 coniuncta
2240 2251 2534 2315 fuerunt:
2596 2238 2634 2318 ὸ
2692 2255 2762 2318 δὲ
2807 2254 3197 2334 Ἡρωδιανός

617 2371 767 2432 φηςι
813 2351 1088 2427 γίνεςθαι
1134 2354 1417 2433 διάφορα
1461 2354 1746 2433 ὀνόματα
1789 2354 1921 2419 ἀπὸ
1968 2353 2264 2433 ῥημάτων
2312 2355 2402 2420 ὡς
2446 2357 2620 2434 παρὰ
2663 2355 2739 2419 τὸ
2785 2356 2913 2420 νέω
2957 2356 3032 2420 τὸ
3077 2377 3196 2421 πο-

617 2455 879 2534 ρεύομαι
921 2454 1068 2519 νεός
1105 2452 1445 2540 (Sylburg.
1483 2455 1661 2538 νέος)
1706 2456 1807 2520 καὶ
1851 2456 2005 2521 νόος
2051 2457 2153 2520 καὶ
2182 2455 2354 2533 παρὰ
2397 2458 2473 2521 τὸ
2519 2457 2645 2520 θέω
2690 2457 2836 2522 θεός
2879 2459 2982 2520 καὶ
3027 2457 3195 2522 θοός.

617 2554 788 2621 οὕτω
833 2557 934 2621 καὶ
962 2558 1137 2636 παρὰ
1181 2558 1257 2623 τὸ
1301 2559 1516 2636 τρέπω
1558 2558 1799 2636 τρόπος
1831 2559 1935 2621 καὶ
1961 2557 2226 2638 τάφρος.
2262 2595 2343 2604 —-
2374 2556 2825 2621 Transicctam
2855 2554 3111 2619 literam
3158 2564 3193 2635 ρ

616 2657 893 2742 sumpsit
920 2656 1168 2722 Herod.
1201 2659 1271 2722 in
1299 2660 1512 2739 τάρφη
1544 2681 1584 2723 a
1612 2661 1950 2740 τρέφεςθαι
1983 2666 2127 2723 orto
2159 2658 2238 2721 E.
2268 2657 2357 2721 M.
2393 2659 2540 2739 747,
2571 2658 2684 2735 25,
2736 2658 2946 2722 tenuis
2978 2667 3195 2722 autem

615 2759 683 2823 in
725 2759 1079 2846 aspiratam
1126 2761 1465 2827 conversio
1510 2769 1660 2847 post
1704 2763 1739 2842 β
1787 2761 2253 2846 transpositum
2301 2759 2673 2825 necessaria
2716 2757 2861 2824 fuit.

783 2963 862 3026 E.
911 2963 1131 3028 Orion.
1184 2966 1322 3045 154,
1375 2966 1452 3029 19
1496 2968 1724 3043 τέρεν
1769 2966 1846 3030 τὸ
1892 2964 2161 3028 ἁπαλόν.
2250 2965 2423 3041 παρὰ
2466 2966 2542 3028 τὸ
2589 2963 2982 3040 διακεχύςθαι
3028 2964 3066 3040 ἢ
3113 2966 3193 3042 μὴ

613 3067 814 3144 τραχὺ
861 3065 1024 3131 εἶναι
1070 3066 1216 3132 οἷον
1259 3070 1335 3131 τὸ
1382 3068 1509 3132 ὑπὸ
1556 3067 1943 3145 θερμότητος
1988 3065 2349 3144 δυνάμενον
2406 3068 2776 3142 διαχυθῆναι
2820 3063 2982 3142 ὅπερ
3029 3065 3194 3129 ἐςτὶν

615 3167 884 3230 ἁπαλόν.
946 3167 1154 3231 οὕτως
1184 3167 1665 3243 Ἡρωδιανὸς
1706 3168 1786 3231 ἐν
1832 3166 2397 3246 ἐπιμεριςμοῖς.
2458 3162 2713 3228 Similia
2741 3164 2881 3228 sine
2912 3165 3193 3228 auctoris

615 3266 875 3329 nomine
919 3265 1164 3330 habent
1208 3267 1286 3329 E.
1331 3267 1421 3331 M.
1470 3290 1523 3331 s.
1569 3291 1633 3331 v.
1681 3276 1746 3330 et
1789 3268 1913 3353 Ep.
1961 3268 2070 3333 Cr.
2116 3266 2151 3330 I
2193 3267 2350 3346 512,
2407 3265 2583 3329 unde
2626 3263 2976 3329 concludas
3021 3265 3193 3330 exci-

616 3366 791 3430 disse
835 3368 1071 3443 γίνεται
1116 3370 1292 3448 παρὰ
1334 3370 1410 3434 τὸ
1456 3370 1622 3447 θέρω
1667 3370 1853 3448 θέρεν
1898 3372 2001 3434 καὶ
2041 3370 2241 3447 τέρεν.
2301 3365 2385 3430 cf.
2433 3367 2626 3430 etiam
2672 3366 2883 3430 Schol.
2917 3366 3003 3431 ad
3032 3365 3193 3430 HeS.

615 3468 917 3554 theogon.
947 3470 1018 3534 5:
1066 3472 1292 3549 τέρενα
1335 3472 1414 3534 τὰ
1460 3470 1675 3535 ἁπαλὰ
1720 3472 1877 3535 κατὰ
1922 3471 2262 3537 κοινωνίαν
2307 3473 2426 3534 τοῦ
2470 3472 2507 3532 ’τ
2536 3470 2698 3546 πρὸς
2742 3458 2889 3534 τὸθ
2917 3468 3061 3534 οἷον
3092 3468 3193 3532 θέ-

615 3592 785 3650 ρενα.
844 3572 924 3635 τὰ
968 3572 1088 3651 γὰρ
1134 3571 1351 3637 ἁπαλὰ
1395 3572 1817 3655 εὐθὲρμαντα,
1863 3574 1943 3637 τὰ
1987 3575 2057 3637 δὲ
2103 3572 2338 3649 ςκληρὰ
2370 3571 2730 3649 ἀθέρμαντα
2773 3573 2875 3635 καὶ
2905 3570 3192 3649 ἀτέρενα.

612 3671 967 3757 Aspiratac
997 3695 1153 3737 vero
1197 3673 1264 3735 in
1309 3681 1570 3736 tenuem
1612 3657 2002 3736 metathesin
2033 3671 2265 3737 statuit
2294 3669 2538 3738 Herod.
2570 3670 2640 3733 in
2672 3672 2892 3737 ςκότος
2921 3692 2960 3733 a
2991 3672 3193 3750 ςχέθω
3278 3664 3282 3668 ’

616 3773 696 3836 Ε.
740 3772 831 3837 Μ.
880 3774 1025 3856 719,
1072 3773 1183 3854 29,
1231 3773 1299 3836 in
1342 3774 1516 3853 πήρα
1559 3795 1600 3836 a
1642 3776 1844 3854 φέρω.

785 3975 862 4039 Ε.
911 3975 1134 4040 Orion.
1188 3975 1341 4058 158,
1393 3975 1469 4039 13
1516 3977 1733 4057 ὑγιής
1778 3978 1814 4042 ὁ
1863 3977 2059 4055 ὑγρὸς
2114 3978 2208 4042 ὢν
2267 3978 2368 4041 καὶ
2425 3980 2553 4041 Ζῶν
2613 3974 2758 4039 οἷον
2817 3975 3037 4053 ὑγριής
3094 3977 3195 4038 καὶ

614 4077 908 4162 ἀποβολῇ
975 4080 1093 4142 τοῦ
1152 4081 1187 4154 ἴ)
1246 4077 1451 4159 ὑγιής,
1512 4078 1663 4142 ὅθεν
1717 4079 1820 4143 καὶ
1879 4079 2090 4157 διερός
2146 4077 2184 4140 ὁ
2240 4083 2368 4142 Ζῶν
2425 4077 2523 4140 καὶ
2577 4075 2797 4154 ἀλίβας
2853 4075 2891 4138 ὁ
2946 4075 3191 4153 νεκρός.

613 4179 1095 4256 Ἡρωδιανὸς
1149 4177 1232 4241 ἐν
1290 4177 1847 4259 ἐπιμεριςμοῑς.
1935 4176 2122 4242 Idem
2168 4175 2247 4237 Ε.
2295 4176 2382 4239 Μ.
2433 4175 2588 4254 774,
2637 4174 2720 4239 25
2778 4184 2843 4238 et
2886 4176 2967 4238 E.
3013 4175 3191 4239 Gud.

612 4278 768 4358 539,
813 4277 916 4341 36.
1005 4277 1131 4341 Pro
1186 4279 1256 4343 ἐν
1311 4280 1488 4362 ὑγρῷ
1543 4282 1636 4346 ὢν
1691 4277 1926 4363 scripsi
1981 4299 2065 4340 ex
2109 4275 2397 4362 Hesych.
2443 4278 2641 4355 ὑγρὸς
2698 4277 2809 4342 ὤν.
2855 4314 2933 4323 -
2984 4278 3194 4355 διερός

612 4378 684 4440 in
737 4376 817 4440 E.
862 4377 952 4442 M.
997 4377 1155 4460 274,
1206 4378 1235 4440 1
1297 4402 1413 4466 per
1469 4381 1664 4459 ὑγρός
1718 4378 2087 4465 explicatur
2139 4379 2314 4457 παρὰ
2368 4380 2443 4444 τὸ
2501 4378 2724 4443 διαίνω
2779 4380 2855 4444 τὸ
2911 4379 3193 4457 ὑγραίνω

616 4480 835 4557 διαρός
890 4480 1251 4563 καὶ-τροπῇ
1310 4482 1519 4561 διερός
1574 4491 1639 4545 et
1692 4503 1755 4567 p.
1802 4479 1917 4559 63,
1963 4477 2048 4541 49
2101 4477 2321 4559 ἀλίβας
2377 4480 2414 4544 ὁ
2470 4481 2696 4558 νεκρὸς
2751 4481 2926 4558 παρὰ
2979 4481 3055 4543 τὸ
3111 4480 3191 4558 μὴ

618 4580 788 4656 ἔχειν
835 4580 1058 4660 λιβάδα
1103 4584 1256 4662 μήτε
1300 4583 1682 4663 θερμότητα,
1728 4581 1766 4646 ὅ
1812 4581 1976 4646 ἐςτιν
2023 4581 2356 4660 ὑγρότητα.
2398 4618 2484 4629 -
2527 4580 2746 4661 Quum
2776 4578 3191 4644 Herodianus

615 4678 682 4741 in
726 4679 804 4742 E.
852 4680 1074 4745 Orion.
1130 4683 1265 4762 156,
1310 4682 1396 4745 20
1439 4682 1633 4760 ὑγρός
1678 4681 1773 4744 sic
1817 4679 2103 4746 derivet:
2166 4682 2253 4746 ab
2307 4682 2437 4747 ὕςω
2491 4682 2709 4746 futuro
2765 4682 2920 4761 ὑρός
2977 4687 3042 4743 et
3097 4679 3189 4739 in-

618 4789 793 4845 serto
836 4784 878 4859 Ῠ
919 4783 1144 4865 ὑγρός,
1192 4791 1466 4868 apparet
1509 4802 1657 4845 eum
1701 4785 1736 4860 ρ
1781 4801 1898 4866 pro
1944 4781 2168 4848 nativo
2211 4782 2556 4865 habuisse,
2602 4802 2804 4866 quare
2835 4801 2964 4844 non
2994 4776 3189 4842 offen-
