3664 5546
1491 464 1911 514 PRAEFATIO.
2851 467 2986 516 XCV

426 620 831 701 Eustathius,
879 620 1153 687 ςύνοδος
1198 620 1282 685 ab
1328 619 1705 685 Herodiano
1762 618 2016 705 accepit
2059 619 2138 682 E.
2183 617 2274 682 M.
2319 619 2475 701 678,
2519 619 2605 684 44
2648 624 2787 687 ποῖ;
2846 621 2989 689 ἀντὶ

425 728 529 790 τοῦ
580 723 725 788 uoti
782 722 1113 802 ἀφαιρέςει
1165 727 1283 788 τοῦ
1339 727 1405 808 ἲ,
1461 722 1602 788 εἶτα
1654 724 1920 807 ςυνόδῳ.
1994 722 2141 800 περὶ
2192 726 2433 787 παθῶν.
2487 758 2573 770 -
2628 721 2987 809 Ecthlipsis
3064 798 3071 805 ⁸

422 824 902 910 circumscripta
945 835 1047 890 est
1089 825 1172 889 iis
1218 824 1492 905 finibus,
1537 835 1612 889 ut
1644 824 2078 889 abiectionem
2123 832 2377 888 tantum
2408 823 2651 889 vocalis
2694 825 2763 890 in
2808 827 2989 890 exitu

420 927 594 990 unius
646 925 835 990 vocis
894 934 1046 990 ante
1102 924 1395 990 vocalem
1461 925 1856 1014 insequentis
1914 926 2236 1010 significet
2291 924 2369 1009 (Α
2421 926 2549 989 464
2602 929 2754 1008 μῆρ’
2808 928 2988 1013 ἐκάη;

419 1028 663 1094 δύναται
705 1028 859 1108 ἐκάη
889 1028 1055 1095 εἶναι
1099 1032 1173 1094 τὸ
1218 1033 1455 1109 πλῆρες
1498 1029 1851 1110 ἐκθλίψεως
1895 1029 2247 1109 γενομένης
2287 1032 2403 1093 τοῦ
2448 1033 2519 1112 ᾶ,
2564 1029 2986 1120 Aristarchus

415 1130 573 1194 enim
617 1134 781 1211 μῆρε
827 1132 946 1211 κάη
989 1128 1198 1216 legit).

573 1233 722 1298 Iam
767 1230 856 1296 ad
898 1233 1164 1297 tertium
1209 1233 1620 1299 affectionum
1674 1254 1878 1317 genus
1925 1232 2220 1298 venimus
2275 1232 2361 1297 ad
2404 1242 2657 1320 tropen.
2745 1232 2989 1298 Vocem

412 1336 647 1413 τροπήν
697 1332 1117 1400 Herodianus
1162 1334 1434 1401 adhibet
1475 1335 1563 1399 ad
1607 1356 1863 1398 omnem
1907 1344 1975 1399 et
2016 1333 2517 1409 consonantium
2561 1334 2666 1419 (E.
2711 1333 2798 1399 Μ.
2844 1335 2988 1417 723,

419 1437 488 1499 17
542 1437 845 1515 ςπέργυς;
904 1438 1076 1518 παρὰ
1130 1439 1206 1503 τὸ
1261 1439 1532 1519 πρὲςβυς
1586 1445 1794 1521 τροπῇ
1851 1442 1969 1502 τοῦ
2025 1444 2060 1519 β
2115 1439 2204 1504 εἰς
2258 1441 2298 1515 Ῠ
2349 1438 2507 1522 κτλ.)
2556 1446 2623 1500 et
2665 1433 2990 1500 vocalium

412 1539 906 1603 conversionem
950 1538 1449 1622 significandam
1495 1535 1600 1603 vel
1644 1537 1731 1602 ad
1775 1561 1951 1620 eam,
2009 1561 2139 1625 qua
2180 1537 2428 1603 vocalis
2477 1536 2670 1622 longa
2724 1538 2791 1601 in
2844 1538 2989 1603 bre-

411 1661 549 1703 vem
594 1641 839 1705 transit
891 1639 970 1704 Il.
1016 1640 1119 1705 Pr.
1166 1641 1223 1706 Ξ
1272 1640 1391 1706 172
1435 1642 1611 1720 παρὰ
1653 1635 1728 1706 τὸ
1774 1642 1912 1720 ἥδω
1957 1642 2204 1717 γένοιτ’
2259 1642 2339 1708 ἂν
2394 1642 2469 1706 τὸ
2518 1641 2747 1706 ἑδανός
2789 1644 2907 1706 τοῦ
2953 1645 2991 1719 ἦ

410 1741 493 1807 εἰς
535 1748 566 1806 ἑ
609 1743 1005 1826 τραπέντος,
1051 1752 1116 1805 et
1159 1751 1388 1807 contra
1429 1742 1509 1806 E.
1557 1742 1777 1807 Orion.
1823 1743 1928 1824 68,
1974 1743 2016 1807 3
2059 1742 2233 1820 παρὰ
2290 1743 2365 1808 τὸ
2411 1742 2769 1821 ἐπαίρεςθαι
2825 1742 2991 1821 ἔπαρ

411 1845 508 1908 καὶ
560 1844 740 1923 ἧπαρ
792 1852 1001 1929 τροπῇ
1055 1848 1172 1910 τοῦ
1227 1849 1259 1909 ε
1295 1845 1402 1911 εἰς
1456 1850 1512 1923 ἦ.
1611 1843 1993 1930 Synonyma
2059 1852 2211 1906 sunt
2266 1835 2590 1908 vocabula
2642 1845 2992 1925 μετάληψις

410 1942 488 2026 (Ξ
531 1945 652 2009 351
710 1948 788 2012 τὸ
834 1947 1013 2026 ἑὲρςη
1060 1947 1164 2012 διὰ
1207 1949 1322 2025 τὴν
1368 1947 1723 2027 μετάληψιν
1768 1951 1886 2011 τοῦ
1932 1951 1972 2009 ἁ
2017 1946 2103 2011 εἰς
2148 1951 2189 2023 ἦ
2232 1948 2361 2026 πρὸ
2417 1948 2644 2012 τέλους
2688 1946 2829 2025 ἔςχε
2875 1948 2991 2011 τὸν

406 2048 654 2132 τόνον),
715 2050 1031 2129 μεταβολή
1080 2047 1161 2132 (Ο
1206 2047 1328 2110 607
1374 2047 1729 2128 ἀφλοιςμός
1774 2049 1935 2114 ἔνιοι
1980 2049 2155 2127 παρὰ
2197 2049 2271 2114 τὸ
2303 2048 2613 2130 ἀφριςμός
2644 2052 2994 2129 μεταβολῆς

402 2154 513 2214 τοῦ
559 2155 595 2228 f)
641 2150 747 2215 εἰς
787 2139 828 2216 λ
873 2152 1065 2236 κτλ.),
1110 2150 1516 2230 μεταπίπτειν
1565 2149 1636 2232 (C
1677 2151 1803 2213 519
1850 2149 2116 2215 ὀλίςςων
2143 2187 2229 2197 -
2257 2152 2336 2215 τά
2381 2152 2499 2216 δύο
2546 2154 2611 2214 ἶς’
2656 2151 2992 2230 μετέπεςεν

405 2251 490 2316 εἰς
533 2240 566 2319 ἶ
609 2253 729 2318 καὶ
771 2251 1153 2331 ἀπετελέςθη
1196 2254 1273 2317 τὸ
1318 2252 1600 2337 ὄλιζον),
1647 2251 1953 2318 ἀντίθεςις
1999 2253 2085 2334 (Ξ
2115 2252 2235 2316 351
2282 2254 2359 2318 τὸ
2404 2254 2827 2332 πληθυντικὸν
2875 2253 2990 2335 [sc.

405 2354 635 2438 ἕερςαι]
695 2354 906 2419 οὐκέτι
951 2354 1325 2419 ἀντιθέςεως
1369 2354 1488 2437 [sc.
1533 2358 1649 2419 τοῦ
1693 2375 1731 2432 η
1763 2376 1882 2438 pro
1915 2354 1983 2437 ὰ]
2030 2355 2239 2433 ἔχεται
2284 2357 2387 2420 καὶ
2429 2355 2833 2434 ἀπολήψεται
2876 2358 2993 2419 τοῦ

410 2455 589 2534 ἕερςα
643 2458 775 2521 τὸν
831 2457 1050 2522 τόνον.
1137 2454 1322 2519 Mon.
1360 2455 1474 2537 39,
1521 2455 1606 2518 24
1660 2457 2029 2537 κνέφαλλον
2074 2491 2160 2505 -
2204 2456 2510 2522 ἀντίθεςις
2566 2458 2823 2532 ἐγένετο
2876 2461 2995 2521 τοῦ

404 2561 443 2621 ii
486 2559 575 2623 εἰς
620 2565 688 2622 ἐ’
737 2560 875 2624 ἐπεὶ
917 2560 1093 2638 παρὰ
1146 2560 1221 2623 τὸ
1277 2559 1526 2638 κνάφος
1582 2559 1841 2634 ἐγένετο
1888 2558 1968 2622 cf.
2012 2557 2220 2622 Lehrs
2272 2557 2356 2621 ad
2402 2557 2463 2620 h.
2511 2557 2582 2640 l.)
2598 2607 2616 2640 ‚
2675 2559 2995 2639 μετάθεςις

408 2657 694 2742 (Herod.
742 2682 850 2747 ap.
895 2657 1199 2724 Eustath.
1245 2660 1403 2741 287,
1449 2659 1534 2722 20
1588 2660 1626 2739 ἡ
1672 2661 1891 2739 Δωρὶς
1935 2660 2037 2724 καὶ
2086 2660 2125 2737 ἡ
2169 2660 2381 2726 Αἰολὶς
2426 2661 2752 2725 διάλεκτος
2808 2661 2990 2725 οὐδέ-

403 2783 560 2828 ποτε
607 2763 776 2829 κατὰ
818 2764 1074 2843 γενικὴν
1119 2762 1694 2844 περιττοςύλλαβον
1738 2763 1812 2828 τὸ
1858 2766 1899 2841 η’
1943 2764 2368 2842 μετατιθέαςιν
2415 2762 2501 2827 εἰς
2546 2765 2631 2847 ἃ).

568 2864 856 2929 Ectasin
901 2873 969 2928 et
1013 2862 1300 2951 systolen
1344 2865 1735 2951 ancipitum,
1783 2886 1944 2951 quas
1989 2865 2380 2949 posteriores
2438 2866 2612 2929 inter
2652 2864 2990 2950 passiones

402 2965 802 3048 retulerunt,
851 2964 1300 3031 Herodianum
1345 2988 1386 3030 a
1428 2965 1809 3053 pathologia
1853 2965 2212 3031 exclusisse
2256 2975 2322 3031 et
2364 2988 2481 3052 per
2525 2989 2594 3031 se
2640 2965 2992 3031 verisimile

399 3077 499 3132 est
553 3078 625 3133 et
679 3066 976 3155 reliquiis
1031 3067 1184 3133 libri
1237 3071 1382 3149 περὶ
1436 3076 1691 3153 παθῶν,
1746 3070 1814 3133 in
1880 3060 2116 3154 quibus
2184 3066 2432 3132 nullum
2487 3066 2680 3140 huius
2733 3066 2992 3151 generis

402 3168 856 3253 fragmentum
924 3178 1172 3252 exstat,
1241 3171 1678 3239 confirmatur.
1789 3169 2012 3251 Quare
2076 3171 2147 3236 in
2207 3170 2522 3235 Dichron.
2579 3193 2646 3257 p.
2698 3169 2851 3249 283,
2916 3168 2994 3233 15

401 3276 633 3353 «δουρὶ
681 3276 755 3338 δὲ
797 3280 1001 3358 ξυςτῷ
1046 3275 1278 3353 μέμηνε
1308 3273 1502 3339 Αἶας»
1548 3276 1649 3339 καὶ
1678 3273 1795 3338 ὅςα
1822 3278 2085 3338 τοιαῦτα
2114 3275 2273 3339 κατὰ
2302 3273 2506 3338 πάθος
2542 3294 2689 3335 cum
2718 3270 2992 3335 Lehrsio

399 3396 518 3459 pro
565 3378 737 3441 κατὰ
779 3376 988 3441 πάθος
1031 3371 1297 3439 exhibui
1341 3377 1499 3441 κατὰ
1543 3376 1876 3441 διάλεκτον
1921 3376 2005 3438 cf.
2051 3374 2329 3438 eundem
2374 3373 2457 3437 ad
2501 3372 2747 3439 Herod.
2792 3395 2856 3458 p.
2894 3372 2993 3437 93.

395 3512 483 3523 —
528 3476 670 3542 Sed
719 3476 1048 3542 vocalium
1093 3482 1125 3541 ἒ
1168 3485 1235 3540 et
1279 3483 1317 3541 ο
1362 3477 1598 3541 ectasis
1654 3479 1722 3540 in
1765 3483 1804 3556 ὴ
1851 3485 1918 3540 et
1961 3483 2013 3541 u)
2074 3476 2182 3559 (E.
2227 3478 2316 3541 Μ.
2360 3477 2517 3556 280,
2562 3476 2602 3539 6
2656 3477 2993 3541 Διώνυςος

400 3580 535 3643 κατ’
581 3580 867 3646 ἔκταςιν·
913 3579 1014 3645 ἀεὶ
1056 3580 1127 3645 δέ
1172 3580 1336 3645 ἐςτιν
1379 3580 1419 3658 ἡ
1465 3579 1704 3646 ἔκταςις
1750 3580 2229 3666 [Ἡρωδιανόςᾙ
2277 3589 2343 3644 et
2386 3578 2711 3644 vocalium
2755 3586 2792 3658 ἦ
2840 3589 2907 3642 et
2938 3584 2991 3645 ὦ

397 3681 656 3766 systole
701 3685 770 3746 in
815 3687 848 3746 ἑ
892 3691 958 3746 et
1002 3687 1040 3746 ο
1086 3679 1194 3767 (ΙΙ.
1226 3682 1333 3745 Pr.
1366 3681 1417 3746 Ω
1448 3682 1572 3746 388
1616 3684 1887 3749 ἔνιςπες;
1937 3683 2061 3748 ἔςτι
2108 3682 2422 3760 ὁριςτικόν
2467 3683 2695 3747 ἑκ.τοῦ
2739 3683 2993 3761 ἤνιςπες

397 3785 515 3862 τὴν
584 3784 916 3864 ἄρχουςαν
984 3784 1443 3868 ςυςτείλάντος)
1510 3784 1577 3847 in
1645 3782 2035 3866 Pathologia
2106 3783 2320 3847 locum
2392 3782 2777 3848 habuerunt.
2885 3784 2993 3848 Ad

394 3883 914 3968 significandum
959 3884 1253 3950 vocalem
1297 3885 1565 3951 brevem
1610 3888 1678 3949 in
1721 3883 1982 3970 longam
2025 3885 2304 3949 transire
2341 3886 2548 3949 utitur
2576 3884 2992 3950 Herodianus

396 3988 604 4071 etiam
651 3985 977 4053 vocabulo
1024 3988 1347 4055 ἑπέκταςις
1378 3987 1581 4072 (Mon.
1613 3988 1730 4070 26,
1761 3988 1846 4052 32
1891 3993 2082 4067 δεῦρο
2128 3988 2367 4067 εἴρηται
2411 3989 2586 4067 παρὰ
2625 3996 2718 4073 τῷ
2762 3997 2991 4073 ποιητῇ

394 4089 568 4156 ἅπαξ
631 4092 783 4155 κατ’
828 4090 1156 4156 ἑπέκταςιν
1201 4090 1292 4155 εἰς
1337 4096 1427 4173 ὦ,
1484 4089 1570 4155 ad
1627 4113 1818 4176 quem
1873 4087 2087 4153 locum
2142 4088 2224 4154 cf.
2280 4086 2655 4170 Lehrsium,
2713 4091 2825 4176 qui
2879 4090 2990 4152 ad-

391 4200 588 4256 notat
663 4192 988 4257 ἑπέκταςις
1054 4190 1135 4255 de
1199 4190 1623 4277 productione
1690 4193 2049 4277 ancipitum
2114 4215 2184 4255 se
2246 4192 2571 4277 reperisse
2635 4213 2737 4277 ap.
2808 4191 2991 4255 Sext.

393 4290 669 4379 Empir.
715 4314 993 4377 gramm.
1042 4292 1076 4355 I
1119 4297 1159 4373 ξ
1209 4293 1328 4357 109
1373 4302 1439 4357 et
1485 4295 1638 4375 110,
1683 4317 1895 4382 neque
1940 4293 2094 4357 mihi
2141 4316 2243 4380 ap.
2276 4294 2723 4359 Herodianum
2769 4315 2838 4357 se
2880 4292 2990 4358 ob-

393 4392 611 4477 tulit).
677 4432 761 4479 7-
813 4393 1109 4459 Eandem
1164 4395 1297 4460 vim
1351 4395 1550 4461 habet
1602 4418 1735 4460 vox
1802 4396 2158 4475 ἐπαύξηςις·
2184 4395 2477 4479 Theogn.
2532 4418 2596 4482 p.
2642 4396 2723 4460 57
2779 4396 2992 4475 αἰζηός

392 4499 531 4561 κατ’
581 4497 931 4577 ἐπαύξηςιν
976 4503 1091 4562 τοῦ
1139 4502 1169 4562 ἒ
1214 4498 1302 4564 εἰς
1344 4505 1418 4583 η,
1462 4519 1627 4582 quae
1670 4496 2022 4583 appellatio
2065 4507 2420 4583 usurpatur
2474 4500 2673 4562 etiam
2732 4496 2813 4560 ‹le
2856 4518 2990 4559 mu—

394 4598 660 4663 tatione
725 4597 974 4664 vocalis
1042 4598 1354 4685 simplicis
1419 4599 1486 4663 in
1552 4598 2027 4684 diphthongum
2090 4599 2272 4665 velut
2324 4602 2480 4665 κατά
2544 4600 2754 4683 καταί,
2818 4600 2993 4679 παρά

396 4703 602 4779 παραί
653 4699 730 4766 Il.
775 4701 881 4765 Pr.
929 4704 978 4767 Β
1023 4702 1166 4766 824.

571 4802 906 4868 Ultimum
950 4825 1154 4887 genus
1199 4804 1610 4868 affectionum
1657 4811 1757 4867 est
1800 4804 2126 4882 ὑπέρθεςις
2170 4806 2309 4870 sive
2354 4805 2808 4883 ὑπερβιβαςμός
2852 4806 2992 4870 sive

401 4906 753 4981 μετάθεςις.
843 4905 1013 4969 Sunt
1052 4916 1265 4970 autem
1310 4917 1443 4971 tres
1488 4905 1679 4970 huius
1725 4906 2053 4992 passionis
2110 4908 2395 4993 species,
2441 4925 2602 4985 una,
2656 4927 2791 4991 qua
2840 4930 2989 4972 con-
