3664 5546
1561 388 1975 438 PRAEFATIO.
2672 432 2695 453 ,
2805 387 3070 436 ccxxm

491 565 719 627 ναρος,
778 544 816 607 ὁ
872 544 1136 623 Ἰκαρίου
1191 544 1356 628 υἱός,
1412 543 1538 624 ἀφ>
1596 543 1675 609 οὗ
1731 547 2011 609 καλεῖται
2074 544 2113 620 ἡ
2169 544 2356 607 πόλις
2411 544 2513 607 καὶ
2565 544 2603 621 ἡ
2660 542 2821 623 ἄκρα
2875 545 2977 607 καὶ
3032 542 3070 606 ὁ

495 648 695 726 λιμήν.
866 653 870 657 ’

660 749 738 812 In
784 746 882 811 his
930 745 1420 811 similitudinem
1465 748 1676 811 inesse
1721 770 1912 812 nemo
1956 747 2256 832 negabit,
2303 768 2691 833 quamquam
2722 744 2963 831 singuli
3008 756 3073 810 et

493 850 588 913 St.
633 850 711 913 B.
773 858 838 913 et
883 847 1284 915 Scholiorum
1340 848 1466 913 loci
1520 847 1767 934 aliquid
1823 849 2151 935 peculiare
2208 851 2572 929 continent,
2631 848 2724 911 ita
2775 859 2849 911 ut
2908 848 3070 912 alter

492 950 670 1015 locus
739 974 821 1016 ex
890 949 1095 1016 altero
1163 953 1527 1038 exscriptus
1594 974 1735 1015 esse
1797 974 1928 1015 non
1994 953 2223 1037 possit.
2336 950 2505 1015 Nam
2573 950 2666 1015 St.
2724 949 2801 1014 B.
2873 952 3069 1031 Φεραί

491 1054 790 1118 omittere
845 1052 1106 1139 quidem
1165 1055 1378 1140 potuit
1431 1059 1548 1120 τοῦ
1594 1055 1903 1134 Ἀδμήτου
1946 1059 2064 1119 τοῦ
2120 1055 2389 1135 πατρός,
2447 1051 2561 1116 sed
2616 1055 2654 1131 ἢ
2699 1053 2905 1132 Φερᾶς
2959 1058 3070 1132 τῆς

490 1156 724 1220 Αἰόλου
771 1157 1113 1239 θυγατρός,
1160 1178 1326 1241 quae
1372 1177 1412 1219 a
1458 1155 1676 1220 Schol.
1723 1155 1990 1237 absunt,
2039 1153 2302 1219 aliunde
2347 1157 2606 1241 petivit,
2652 1176 2845 1241 porro
2892 1156 3068 1235 Παρ-

492 1259 716 1323 ναςςός
747 1255 1072 1322 Hellanici
1117 1268 1182 1321 et
1223 1256 1557 1322 Andronis
1604 1257 1980 1322 testimonia
2024 1259 2428 1344 supprimere
2481 1258 2723 1342 potuit,
2773 1259 2887 1322 sed
2919 1255 3067 1321 Ale·

491 1358 856 1422 xandridae
902 1358 1348 1424 testimonium
1393 1358 1656 1424 aliunde
1702 1359 1938 1423 hausit.
2030 1360 2251 1439 Quare
2298 1359 2649 1444 suspiceris
2686 1369 2752 1422 et
2783 1357 3069 1423 Scholio-

491 1483 636 1524 rum
681 1459 990 1525 articulos
1038 1469 1103 1523 et
1147 1459 1373 1547 Steph.
1425 1461 1814 1548 Byzantium
1872 1483 1957 1525 ex
2012 1460 2237 1525 eodem
2293 1462 2475 1526 fonte
2522 1462 2854 1525 derivatos
2902 1483 3065 1525 esse.

492 1563 622 1627 Sed
667 1561 1086 1628 Herodianus
1133 1563 1188 1625 is
1235 1562 1379 1626 fons
1427 1564 1781 1627 communis
1826 1585 1954 1627 non
2014 1563 2173 1645 fuit,
2230 1586 2380 1629 nam
2439 1565 2491 1627 si
2537 1562 2834 1628 conferas
2880 1587 3068 1650 quos·

492 1664 642 1729 dam
687 1664 997 1729 articulos
1057 1664 1153 1728 St.
1199 1664 1540 1751 Byzantii,
1595 1667 1706 1751 qui
1766 1666 1905 1729 sine
1965 1665 2162 1730 dubio
2219 1668 2566 1753 praecipue
2618 1666 3069 1731 Herodianum

490 1766 872 1852 exscripsit,
919 1790 1066 1831 cum
1110 1764 1513 1831 Scholiorum
1560 1766 1639 1830 de
1685 1767 1915 1831 iisdem
1962 1769 2157 1832 rebus
2203 1777 2269 1830 et
2313 1766 2639 1832 historicis
2686 1777 2752 1833 et
2793 1790 3067 1853 geogra-

490 1870 699 1955 phicis
777 1869 1123 1953 agentibus
1204 1867 1495 1933 articulis
1564 1892 1619 1933 e.
1685 1892 1748 1953 g.
1810 1870 2250 1951 Ὑπερβόρειοι
2316 1892 2463 1933 cum
2531 1868 2740 1934 Schol.
2811 1869 2879 1934 11
2944 1869 3069 1935 675

490 1994 754 2058 prorsus
815 1971 1109 2036 diversos
1177 1981 1476 2035 auctores
1540 1972 1761 2054 citari,
1829 1981 1895 2035 et
1951 1970 2047 2036 St.
2105 1974 2342 2037 Βιςτών
2408 1994 2462 2036 c.
2522 1971 2737 2037 Schol.
2797 1971 2863 2037 II
2924 1972 3066 2052 705,

489 2095 755 2160 prorsus
816 2073 1110 2139 diversas
1178 2072 1626 2159 genealogiaS,
1697 2073 1791 2138 St.
1855 2075 2188 2153 Ἀμαζόνες
2245 2098 2301 2138 c.
2361 2071 2573 2138 Schol.
2632 2075 2701 2139 II
2754 2075 2909 2156 965,
2968 2074 3065 2139 St.

489 2178 787 2258 Ἀρκάδες
831 2177 1216 2257 προςὲληνοι
1263 2200 1318 2241 ο.
1366 2175 1579 2241 Schol.
1627 2176 1723 2240 IV
1765 2175 1923 2258 264,
1982 2175 2240 2240 diverse
2284 2177 2547 2239 nomina
2603 2175 2917 2263 explicari
2974 2177 3067 2240 in-

489 2280 713 2343 venies
772 2282 968 2364 atque
1028 2279 1289 2343 omnino
1355 2277 1557 2343 multo
1625 2277 1814 2363 plura
1879 2276 1965 2340 ad
2020 2300 2123 2341 res
2182 2280 2550 2364 spectantia
2605 2278 3069 2344 adnotamenta

489 2392 673 2463 sunt,
720 2402 886 2465 quae
930 2378 1094 2444 nihil
1151 2380 1591 2445 similitudinis
1644 2378 1890 2443 habent
1944 2402 2136 2466 quam
2192 2403 2358 2467 quae
2414 2381 2835 2461 conveniant,
2894 2380 3069 2466 quod

489 2481 680 2546 aliter
726 2505 796 2546 se
843 2481 1147 2563 haberet,
1195 2484 1253 2554 si
1296 2506 1380 2547 ex
1424 2482 1800 2546 Herodiano
1851 2478 2114 2547 Scholia
2170 2483 2267 2545 ita
2310 2483 2683 2563 fluxissent,
2741 2493 2816 2547 ut
2859 2504 2942 2545 ex
2987 2506 3063 2547 eo

489 2607 842 2671 suspensus
888 2595 988 2648 est
1034 2583 1403 2671 Stephanus
1448 2583 1830 2668 Byzantius.
1898 2582 2089 2647 Unde
2136 2584 2337 2668 igitur
2380 2584 2492 2648 illa
2533 2587 2599 2649 in
2645 2585 2867 2671 paucis
2914 2586 3066 2648 arti-

488 2685 651 2750 culis
697 2685 1127 2770 congruentia
1171 2687 1474 2750 exsistit?
1565 2684 1786 2770 Steph.
1819 2685 1897 2748 B.
1942 2686 2083 2771 ipse
2128 2686 2398 2772 praebet
2438 2687 2774 2751 materiem
2818 2685 2902 2750 ad
2931 2709 3064 2750 rem

488 2787 968 2873 explicandam.
1075 2787 1252 2853 Citat
1325 2790 1494 2852 enim
1572 2788 1961 2873 compluries
2039 2788 2417 2875 Sophoclem
2496 2799 3065 2855 commentatorem

490 2890 819 2977 Apollonii
834 2939 866 2984 ².
901 2913 985 2955 ex
1027 2892 1211 2956 cuius
1257 2891 1777 2978 hypomnematis
1824 2892 2069 2977 pariter
2113 2900 2308 2978 atque
2354 2913 2436 2956 ex
2480 2890 2718 2957 Lucilli
2749 2892 3065 2956 Tarrhaei

488 3002 553 3057 et
596 2992 877 3057 Theonis
921 2992 1381 3058 adnotamenta
1424 2996 1491 3058 in
1536 2992 1816 3058 Scholiis
1873 2994 2087 3058 inesse
2130 3003 2412 3058 testatur
2456 2994 2844 3079 subscriptio
2890 2994 3065 3058 codi-

487 3098 580 3160 cis
626 3095 1077 3160 Laurentiani.
1166 3095 1332 3160 Sunt
1387 3106 1605 3160 autem
1660 3097 1727 3160 hi
1783 3096 1935 3160 loci:
1984 3119 2048 3182 p.
2094 3097 2169 3178 4,
2220 3098 2298 3160 16
2356 3119 2406 3161 S.
2454 3099 2773 3178 ’Ἀβαρνιςῑ
2838 3099 3064 3162 Ἀπολ-

489 3199 723 3263 λώνιος
768 3197 831 3283 (Ι
864 3198 1016 3284 932)
1065 3200 1452 3279 «Περκώτην
1483 3200 1551 3263 δ’
1582 3199 1685 3263 ἐπὶ
1728 3206 1803 3284 τῇ
1850 3201 1952 3263 καὶ
1980 3200 2347 3279 Ἀβαρνίδος
2386 3200 2775 3280 ἠμαθόεςςαν
2818 3199 3063 3276 ἠϊόνα».

486 3304 681 3364 τοῦτο
748 3303 820 3365 δὲ
878 3300 1211 3380 (οφοκλῆς
1267 3302 1798 3380 ὑπομνηματίζων
1854 3300 2090 3381 ἱςτορεῑ
2152 3304 2267 3380 τήν
2321 3303 2702 3383 Ἀφροδίτην
2761 3301 3063 3381 ἄμορφον

488 3403 560 3466 ἐν
590 3399 918 3487 Λαμψάκῳ
963 3406 1267 3468 τεκοῦςαν
1312 3406 1428 3468 τὸν
1458 3404 1758 3483 Πρίαπον
1790 3402 2262 3483 ἀπαρνήςαςθαι
2305 3405 2407 3468 καὶ
2446 3406 2561 3482 τὴν
2591 3405 2810 3483 χώραν
2841 3404 3063 3483 Ἀπαρ-

487 3505 660 3586 νίδα,
721 3506 758 3582 ἣ
815 3505 973 3568 κατὰ
1027 3507 1461 3585 παραφθορὰν
1517 3507 1618 3570 καὶ
1662 3507 1949 3586 Ἀβαρνίς
2003 3509 2318 3589 καλεῖται,
2375 3505 2628 3585 εὕρηται
2683 3508 2754 3571 δὲ
2808 3506 2907 3571 καὶ
2960 3506 3066 3570 διὰ

486 3609 603 3670 τοῦ
645 3609 693 3670 τί
737 3607 1063 3690 Ἀπαρνίς,
1112 3609 1201 3672 ὡς
1256 3608 1430 3687 παρὰ
1475 3607 1913 3692 Ἀρτεμιδώρῳ
1966 3615 2058 3691 τῷ
2112 3608 2492 3693 γεωγράφῳ.
2592 3605 2801 3671 Multo
2859 3605 3064 3693 expli·

486 3707 766 3787 catiora,
814 3728 981 3792 quae
1023 3706 1128 3770 hic
1176 3706 1478 3793 Sophocli
1524 3709 2002 3790 attribuuntur,
2048 3710 2118 3771 in
2160 3706 2374 3773 Schol.
2424 3709 2507 3772 ad
2552 3708 2615 3772 h.
2649 3708 2688 3772 l.
2734 3708 3062 3794 leguntur,

483 3830 634 3872 cum
676 3808 914 3895 quibus
961 3811 1260 3893 congruit
1315 3808 1449 3873 fere
1496 3811 1573 3874 E.
1621 3810 1708 3874 M.
1755 3811 1826 3890 2,
1880 3812 1988 3892 13,
2045 3810 2155 3873 ubi
2215 3811 2656 3897 subscriptum
2712 3822 2812 3875 est
2856 3811 3065 3877 οὕτως

483 3910 684 3989 Ὦρος
728 3911 765 3974 ὁ
811 3912 1106 3992 Θηβαῖος.
1193 3909 1366 3976 Hinc
1423 3912 1703 3977 efficitur
1747 3911 2131 3998 Sophoclem
2188 3913 2271 3978 ab
2330 3912 2462 3978 Oro
2506 3911 2767 3977 Milesio
2824 3913 3062 3976 exscri-

483 4021 669 4098 ptum
715 4034 888 4092 esse,
934 4012 1110 4076 unde
1155 4012 1232 4077 E.
1267 4014 1357 4077 M.
1389 4015 1731 4100 excerpfit,
1777 4036 1908 4078 non
1939 4036 2023 4078 ex
2068 4014 2227 4101 ipsis
2262 4015 2537 4081 Scholiis
2583 4015 2830 4100 pariter
2865 4026 3061 4101 atque

485 4111 833 4178 articulum
879 4114 1159 4195 Ὠρείτης
1205 4138 1334 4181 non
1379 4139 1461 4180 ex
1506 4117 1636 4197 his,
1694 4115 1811 4181 sed
1859 4140 1941 4180 ex
1987 4116 2305 4182 Choerob.
2361 4116 2602 4182 hausit.
2694 4116 3059 4203 Stephanus

483 4227 701 4280 autem
745 4216 1108 4302 Byzantius
1156 4241 1286 4282 non
1342 4242 1424 4282 ex
1469 4217 1612 4303 ipso
1658 4217 1976 4305 Sophocle
2031 4220 2345 4305 sumpsit,
2405 4243 2555 4284 nam
2610 4231 2743 4283 tum
2801 4241 3061 4284 accura-

483 4318 614 4381 tius
661 4319 866 4384 verba
911 4318 1249 4405 Sophoclis
1297 4319 1657 4402 retulisset,
1705 4321 1820 4385 sed
1867 4344 1949 4385 ex
1993 4321 2412 4402 Herodiano,
2472 4324 2582 4410 qui
2628 4344 2742 4387 suo
2788 4323 3058 4388 consilio

482 4417 821 4506 Sophoclis
869 4422 1352 4486 annotationem
1399 4421 1720 4507 adaptans
1779 4423 1848 4486 in
1892 4424 2155 4487 brevius
2214 4424 2541 4488 contraxit
2597 4434 2661 4488 et
2715 4436 3059 4510 postquam

482 4524 944 4606 etymologiam
1011 4524 1290 4588 nominis
1338 4527 1623 4605 Ἀβαρνίς
1680 4548 1764 4587 ex
1819 4523 2137 4610 Sophocle
2196 4525 2538 4612 produxit,
2603 4526 2742 4611 ipse
2804 4526 3062 4591 addidit

481 4623 762 4687 formam
808 4625 1236 4711 etymologiae
1280 4628 1770 4692 convenientem
1826 4649 1944 4712 per
1988 4633 2035 4691 ff
2079 4650 2310 4692 revera
2351 4628 2666 4709 inveniri,
2724 4627 2908 4690 euius
2954 4632 3056 4702 ,rei

483 4733 750 4806 testem,
817 4749 1006 4813 quem
1063 4730 1234 4792 inter
1287 4729 1693 4815 geographos
1763 4730 2115 4816 praecipue
2170 4728 2498 4813 adhibuit,
2568 4729 3055 4795 Artemidorum

482 4825 735 4892 citavit.
