3664 5546
528 1337 585 1388 10

527 1848 584 1898 15

520 2355 587 2404 20

514 223 521 230 ’
613 241 749 305 322
1079 204 1087 222 ’
1148 273 1157 282 -
1560 241 1641 294 εκ
1680 240 1820 294 τΩΝ
1863 240 2273 295 ΗΡΩΔΙΑΝοΥ

624 414 808 477 ἄλλοι
855 415 925 477 δὲ
970 412 1336 492 ἀμυγδαλάς
1385 413 1474 477 ὡς
1517 411 1729 476 καλάς.
1818 412 2102 492 Τρύφων
2157 414 2228 476 δὲ
2273 413 2342 476 ἐν
2391 412 2629 496 Ἀττικῇ
2687 413 3011 495 προςῳδίᾳ
3056 411 3215 489 ἀμυ-

622 515 865 593 γδάλην
921 517 1034 593 μὲν
1091 514 1340 592 καρπὸν
1388 515 1657 596 βαρέως,
1718 513 2049 593 ἀμυγδαλῆ
2108 515 2178 577 δὲ
2232 515 2312 578 τὰ
2371 514 2635 594 δένδρα,
2693 517 2984 590 κτητικοῦ
3039 515 3215 592 παρὰ

623 618 737 681 τὸν
784 617 1032 694 καρπὸν
1079 616 1269 680 ὄντος
1313 620 1429 680 τοῦ
1474 620 1873 694 χαρακτῆρος
1918 617 2019 705 καὶ
2064 616 2168 679 διὰ
2212 616 2449 680 τούτου
2494 615 2998 694 περιςπωμένου.

791 718 884 782 Τὰ
930 718 1034 782 διὰ
1079 723 1196 781 τοῦ
1233 707 1354 797 ’ἑλῆ
1411 721 1731 797 μονογενῆ
1796 716 2304 797 ύπερδιςύλλαβα
2365 717 2820 798 παροξύνεται,
2890 716 3212 798 (Σεμέλη,

624 821 896 902 ἀγέλη,
962 820 1263 900 κυψέλη
1332 820 1368 883 ὁ
1438 820 1640 898 ῥύπος
1705 825 1835 884 τῶν
1903 819 2090 883 ὤτων
2133 821 2259 897 ,καὶ
2323 820 2397 883 τὸ
2453 819 2716 895 ἀγγεῖον
2772 823 2902 883 τῶν
2959 818 3210 897 κηρίων.

622 923 947 1004 θυμέλη,
993 920 1269 1005 ἀγέλη,
1317 923 1623 1002 μακέλη.
1717 922 2013 1001 Κυβέλη
2069 922 2252 985 πόλις
2297 921 2610 998 Φοινίκης.
2702 921 2948 995 λέγεται
2996 921 3067 992 δὲ
3109 922 3215 983 καὶ

620 1027 658 1102 ἡ
705 1025 848 1088 Ῥέα
898 1024 1136 1104 Κυβέλη
1183 1023 1313 1087 ἀπὸ
1365 1024 1660 1103 Κυβέλων
1707 1022 1904 1100 ὄρους
1948 1022 2142 1100 ἱεροῦ.
2234 1023 2501 1103 Ὑβέλη
2548 1024 2733 1086 πόλις
2779 1023 2925 1100 περὶ
2973 1023 3211 1101 Καρχη-

622 1127 796 1189 δόνα.
886 1125 1210 1190 Ἑκαταῖος
1256 1125 1436 1209 Ἀςίᾳ.
1531 1125 2051 1203 Μαςτραμέλη
2108 1124 2293 1188 πόλις
2349 1125 2450 1187 καὶ
2505 1125 2687 1203 λίμνη
2743 1126 2854 1201 τῆς
2904 1125 3209 1199 Κελτικῆς.

620 1227 1092 1305 Ἀρτεμίδωρος.
1152 1227 1470 1307 Ἀρβέλη
1517 1227 1702 1291 πόλις
1749 1226 2042 1291 (ικελίας.
2102 1226 2154 1290 εἰ
2200 1227 2270 1289 δέ
2314 1247 2372 1289 τι
2419 1224 2742 1307 ὀξύνεται,
2788 1227 2905 1303 τὴν
2949 1226 3209 1304 πρώτην

623 1330 942 1407 ςυλλαβήν
988 1328 1171 1406 φύςει
1217 1329 1254 1405 ἢ
1302 1329 1463 1392 θέςει
1510 1330 1755 1407 μακρὰν
1812 1327 1976 1409 ἔχει,
2032 1329 2315 1407 πιμελή
2376 1328 2451 1391 τὸ
2506 1326 2692 1390 λίπος
2743 1328 2845 1390 καὶ
2890 1326 3208 1404 Ἀγγελή

622 1434 820 1509 δῆμος
864 1433 974 1507 τῆς
1018 1429 1449 1494 Πανδιονίδος
1505 1433 1713 1509 φυλῆς
1759 1431 1860 1493 καὶ
1902 1429 2255 1506 Πεντελή
2317 1431 2515 1506 δῆμος
2562 1427 2948 1506 Ἀντιοχίδος
3002 1431 3210 1508 φυλῆς

622 1530 927 1595 ὀξύνεται.
1015 1556 1023 1558 -
1466 1570 1481 1586 ,
2742 1567 2747 1572 -

745 1599 884 1695 s‘l'dt
929 1631 1033 1694 διὰ
1067 1635 1184 1695 τοῦ
1228 1618 1350 1711 ἦῆ
1395 1633 1902 1712 ύπερδιςύλλαβα
1961 1631 2328 1712 βαρύνεται,
2387 1630 2683 1708 ἀνθήλη
2740 1633 2842 1695 καὶ
2888 1632 3207 1709 Ἀνθήλη

620 1732 820 1796 πόλις.
870 1732 1221 1809 Ἡρόδοτος
1267 1732 1501 1815 ἑβδόμῃ
1547 1735 1626 1814 (ο.
1659 1732 1814 1816 200)
1865 1734 2080 1812 «κώμη
2128 1734 2396 1810 Ἀνθήλη
2414 1758 2456 1795 ».
2502 1733 2604 1794 καὶ
2648 1733 2917 1810 Ἀνθήνη
2963 1733 3207 1810 ἐκλήθη.

625 1835 920 1912 Γαβήλη
979 1833 1165 1898 πόλις
1209 1833 1536 1915 Φοινίκης,
1594 1835 1909 1913 κωβήλη
1967 1835 2004 1912 ῆ
2052 1832 2364 1898 ςυνουςία.
2459 1834 2811 1911 Κανθήλη
2866 1834 3050 1898 πόλις
3106 1834 3208 1897 Λι-

623 1933 1072 2013 βυοφοινίκων.
1142 1935 1463 2000 Ἑκαταῖος
1508 1935 1692 2019 Ἀςίᾳ.
1762 1935 2048 2015 (ιδήλη
2105 1936 2290 2000 πόλις
2336 1935 2586 1998 Ἰωνίας.
2654 1934 2976 1999 Ἑκαταῖος
3022 1934 3208 2016 Ἀςίᾳ,
3269 1940 3278 1943 ’

621 2037 955 2117 καπήλη,
1010 2036 1280 2118 ξυήλη,
1339 2038 1644 2118 κιχήλη,
1701 2037 2144 2119 (τυμφήλη,
2204 2030 2492 2119 ὁπήλη,
2552 2038 2911 2115 βαρβήλη.
3000 2036 3075 2099 τὸ
3137 2037 3208 2098 δὲ

622 2157 713 2212 γα
737 2137 995 2217 μφηλή
1044 2137 1332 2204 ὀξύνεται
1371 2139 1480 2216 ,καὶ
1523 2139 1599 2203 τό
1646 2140 1890 2216 θυηλή
1936 2139 1974 2217 ἡ
2021 2139 2212 2202 θυςία.
2807 2175 2818 2184 ·

788 2239 881 2302 Τὰ
938 2237 1026 2302 εἰς
1082 2226 1183 2316 ssu
1230 2240 1736 2317 ὑπερδιςύλλαβα
1769 2239 2135 2320 βαρύνεται,
2182 2240 2509 2317 παςτίλη
2556 2240 2594 2319 ἡ
2638 2240 2966 2304 τελευταία
3008 2239 3213 2317 ἡμέρα

621 2344 737 2404 τοῦ
783 2340 1079 2404 ἐνιαυτοῦ
1095 2390 1113 2423 ,
1160 2341 1491 2418 ςπατίλη
1535 2342 1610 2405 τὸ
1658 2341 1983 2420 ἀπόξυςμα
2026 2346 2155 2405 τῶν
2203 2340 2564 2423 δερμάτων,
2612 2342 2888 2420 μαρίλη
2935 2342 2972 2418 ἡ
3016 2340 3212 2422 κόνις,

544 2475 554 2483 -
623 2442 944 2521 μυςτίλη
991 2442 1028 2505 ὁ
1073 2445 1293 2508 κοῖλος
1325 2442 1550 2525 ἄρτος,
1596 2443 1972 2525 πραδίλη,
2020 2444 2291 2521 βαςίλη
2336 2443 2375 2519 ἡ
2422 2444 2668 2520 βαςιλίς·
2728 2443 2980 2522 Ἀβίλη
3024 2442 3214 2505 πόλις

623 2543 726 2607 ἐπὶ
768 2549 859 2626 τῷ
891 2543 1176 2627 Ἰορδάνῃ
1223 2550 1507 2627 ποταμῷ.
1560 2544 1909 2622 Πενθίλη
1952 2544 2137 2607 πόλις
2166 2544 2406 2622 Λέςβου
2452 2544 2582 2608 ἀπὸ
2624 2544 2977 2623 Πενθίλου,
3022 2544 3211 2620 Τρε-

623 2645 814 2723 μίλη.
905 2643 1112 2708 οὕτως
1167 2645 1454 2709 ἐκαλεῖτο
1500 2646 1537 2722 ἡ
1583 2645 1775 2709 Λυκία
1820 2645 1951 2709 ἀπὸ
1995 2644 2324 2724 Τρεμίλου.
2411 2646 2499 2711 τὸ.
2539 2647 2754 2724 μέντοι
2800 2645 3081 2722 ’ὠτειλή
3125 2680 3211 2690 -

623 2746 851 2821 γέγονε
900 2747 969 2810 δὲ
1015 2746 1147 2811 ἀπὸ
1192 2750 1307 2811 τοῦ
1355 2747 1605 2826 οὐτήςω
1651 2746 1892 2825 οὐτηλή
1937 2754 2143 2832 τροπῇ
2189 2750 2299 2824 τῆς
2347 2753 2425 2812 ού
2471 2748 2829 2828 δΤφθόγγου
2876 2746 2963 2811 εἰς
3009 2752 3061 2810 ω
3108 2748 3213 2811 καὶ

518 2864 575 2910 aa·
620 2851 737 2911 τοῦ
782 2851 822 2924 ἦ
867 2847 955 2911 εἰς
999 2852 1115 2927 τὴν
1163 2853 1215 2912 {i
1261 2848 1621 2928 δίφθογγον
1667 2850 2069 2914 Βοιωτιακῶς
2128 2851 2217 2914 ὡς
2272 2849 2470 2928 πένης
2526 2851 2753 2914 πένεις.
2844 2850 3089 2924 λέγεται
3137 2850 3212 2911 δὲ

757 3170 793 3224 l.
819 3173 850 3219 6
886 3169 1098 3234 θυμέλη
1125 3197 1189 3205 -—-
1217 3168 1428 3233 μακέλη
1455 3171 1639 3235 recepi
1673 3188 1738 3220 ex
1765 3172 2011 3237 Theogn.
2040 3176 2151 3235 111,
2179 3177 2228 3235 2,
2267 3171 2479 3237 Κυβέλη
2515 3177 2572 3222 et
2596 3170 2796 3236 Ὑβέλη
2834 3187 2900 3221 cx
2933 3171 3118 3221 eodem
3154 3179 3214 3221 et

624 3254 689 3287 ex
718 3238 796 3286 St.
822 3241 906 3294 B..
945 3239 1038 3302 qui
1073 3254 1114 3288 s,
1144 3237 1435 3301 Κυβέλεια;
1476 3238 1814 3301 Ἡρωδιανὸς
1849 3240 1910 3290 δὲ
1939 3239 2187 3304 Κυβέλην
2221 3241 2389 3304 φηςίν
2423 3236 2902 3306 πόλιν,ζΦοινίκης.
2952 3238 3208 3302 Μαςτρα-

623 3305 762 3370 μέλη
790 3303 1023 3369 Ἀρβέλη
1053 3322 1119 3355 ex
1144 3308 1223 3360 St.
1251 3309 1312 3356 B.
1423 3306 1458 3355 l.
1485 3308 1548 3356 10
1583 3305 1743 3369 φύςει
1769 3307 1803 3370 ἢ
1831 3307 1975 3359 θέςει
2002 3308 2192 3356 addidi
2219 3324 2284 3356 ex
2314 3312 2393 3358 St.
2422 3311 2510 3363 B..
2548 3325 2613 3357 ex
2641 3324 2747 3371 quo
2774 3310 2939 3357 etiam
2969 3306 3207 3371 Ἀγγελή

623 3379 679 3421 et
704 3371 967 3436 Πεντελή
1004 3374 1239 3437 explevi.
1311 3373 1394 3426 St.
1420 3377 1483 3424 Β.
1519 3390 1559 3423 s.
1589 3374 1852 3439 Ἀγγελή;
1892 3375 2149 3427 ὀξύνεται
2184 3375 2244 3426 δέ
2282 3375 2424 3426 κατὰ
2457 3375 2557 3426 δύο
2591 3374 2867 3440 τρόπους,
2905 3374 2990 3425 ὅτι
3026 3374 3207 3438 δήμου

622 3457 802 3519 ὄνομα
829 3456 907 3507 ὡς
930 3455 1000 3507 τὸ
1025 3456 1287 3521 Περγαςή
1313 3456 1403 3507 καὶ
1429 3456 1590 3522 Ἁλὴ,
1619 3459 1707 3509 καὶ
1734 3458 1821 3509 ὅτι
1846 3458 1917 3510 τὰ
1942 3459 2029 3510 διὰ
2053 3463 2156 3511 τού
2187 3462 2285 3524 ελη
2314 3462 2591 3523 μονογενῆ
2620 3458 2762 3524 ὑπὲρ
2797 3459 2897 3510 δύο
2933 3459 3206 3522 ςυλλαβὰς

623 3525 938 3588 βαρύνεται,
974 3523 1023 3575 εἰ
1048 3525 1120 3588 μὴ
1149 3523 1262 3576 ἀπὸ
1289 3524 1448 3588 φύςει
1478 3528 1686 3590 μακρᾶς
1712 3526 1746 3589 ἢ
1773 3526 1918 3577 θέςει
1943 3526 2168 3591 ἄρχοιτο
2197 3527 2432 3593 ((εμέλη
2458 3527 2632 3592 ἀγέλη
2660 3545 2799 3592 quae
2829 3533 2953 3592 post
2978 3527 3209 3591 βαρύνε·

619 3606 710 3642 ται
736 3609 855 3642 eum
881 3593 1158 3643 Meinekio
1182 3594 1479 3643 inserenda
1505 3595 1653 3657 sunt)
1681 3594 1767 3645 διὰ
1790 3594 1861 3644 τὸ
1887 3594 2148 3661 Πεντελή
2176 3597 2265 3646 καί
2295 3596 2545 3661 Ἀγγελή.
2583 3595 2651 3646 τὸ
2679 3594 2886 3660 πιμελή
2913 3593 3207 3658 ςεςημείω-

619 3674 709 3710 ται
735 3660 905 3724 (quod
943 3662 1021 3710 sic
1056 3662 1399 3711 scribendum
1435 3663 1677 3711 videtur:
1714 3662 1803 3712 καὶ
1842 3662 2046 3727 πιμελή
2073 3664 2160 3715 διὰ
2187 3666 2399 3727 μακροῦ
2426 3667 2528 3714 τοῦ
2558 3668 2606 3729 ῑ,
2643 3669 2705 3713 ut
2734 3669 2819 3714 est
2845 3680 2931 3727 ap.
2960 3663 3206 3727 Theogn.

624 3730 735 3783 111.
774 3728 846 3792 3).
966 3728 1000 3778 l.
1043 3732 1105 3779 13
1142 3727 1357 3794 ἀνθήλη
1395 3729 1549 3789 (libri
1585 3728 1788 3794 ἀθήλη)
1831 3737 2017 3781 exstat
2053 3735 2219 3782 etiam
2256 3734 2314 3782 in
2350 3732 2413 3781 11.
2452 3733 2540 3781 Ρι·.
2581 3731 2592 3783 Ι
2631 3728 2749 3794 220,
2786 3732 2881 3782 ubi
2915 3746 3091 3780 canon
3129 3732 3208 3780 sic

620 3812 922 3877 profertur:
976 3812 1046 3864 τὰ
1091 3812 1179 3865 διὰ
1221 3816 1324 3864 τοῦ
1363 3815 1471 3878 ηλη
1528 3817 1806 3879 μονογενῆ
1863 3813 2007 3878 ὑπὲρ
2067 3815 2168 3866 δύο
2214 3815 2487 3880 ςυλλαβὰς
2539 3816 2627 3867 καὶ
2674 3813 2956 3876 ὀξύνεται,
3016 3813 3208 3877 ὥςπερ
3260 3873 3273 3882 ,

621 3879 919 3944 γαμφηλὴ,
959 3880 1166 3946 θυηλή,
1206 3881 1297 3932 καὶ
1335 3882 1630 3946 βαρύνεται
1669 3880 1747 3933 ὡς
1783 3882 1853 3932 τὸ
1891 3881 2124 3947 ἀνθήλη.
2196 3885 2279 3933 Ex
2323 3885 2423 3933 hoo
2471 3882 2686 3947 ἀνθήλη
2734 3884 2869 3933 Lob.
2906 3881 3071 3931 Proll.
3111 3885 3209 3930 110

621 3948 834 4012 νυθήλη
874 3965 961 4013 ap.
999 3951 1244 4014 Theogn.
1292 3953 1402 4011 111,
1441 3952 1469 4000 7
1506 3955 1817 4014 corruptum
1856 3952 2185 4014 suspicatur.
2259 3951 2502 4016 Ἀνθήλη
2542 3952 2723 4015 recepi
2759 3967 2826 4000 ex
2864 3951 2941 4001 St.
2982 3951 3071 4010 B„
3110 3949 3205 3998 ubi

624 4015 867 4080 Ἀνθήλη
907 4015 1084 4081 κώμη.
1158 4016 1500 4080 Ἡρωδιανὸς
1538 4015 1598 4067 δὲ
1637 4016 1803 4068 πόλιν
1840 4017 2022 4082 αὐτὴν
2068 4020 2202 4083 φηςί
2249 4019 2338 4069 καὶ
2376 4018 2549 4070 ἄλλοι.
2626 4017 2840 4082 Γαβήλη
2881 4016 3100 4081 explevi
3138 4032 3206 4066 ex

619 4084 698 4137 St.
745 4086 833 4147 B„
884 4083 1144 4148 Κανθήλη
1195 4101 1262 4133 ex
1310 4084 1501 4134 eodem
1546 4086 1723 4135 adieci
1778 4088 2074 4136 secundum
2122 4088 2390 4138 Meinekii
2445 4087 2913 4148 emendationem,
2971 4085 3061 4148 qui
3107 4100 3206 4148 pro

621 4151 920 4215 Ἡρόδοτος
968 4152 1318 4218 scribendum
1365 4152 1577 4201 iudicat
1624 4152 1990 4217 Ἡρωδιανὸς,
2040 4160 2095 4204 et
2142 4155 2413 4220 Theogn.,
2471 4172 2559 4220 ap.
2608 4169 2765 4218 quem
2813 4154 3072 4217 scriptum
3116 4156 3207 4200 est

623 4218 846 4284 Καθήλη
885 4219 918 4282 ή
960 4219 1136 4271 πόλις.
1209 4218 1412 4284 (ιδήλη
1451 4222 1689 4270 accessit
1726 4237 1793 4270 ex
1831 4222 1910 4272 St.
1950 4225 2038 4284 B.,
2078 4223 2304 4287 καπήλη
2343 4252 2406 4258 -
2445 4222 2670 4286 κιχήλη,
2714 4221 2779 4271 de
2818 4236 2922 4285 quo
2962 4221 3033 4270 cf.
3065 4222 3204 4270 Lol».

619 4287 703 4336 ΕΙ.
742 4289 766 4336 I
804 4289 928 4349 434,
967 4304 1037 4338 ex
1072 4288 1317 4352 Theogn.
1354 4288 1388 4336 l.
1428 4304 1501 4350 c.,
1552 4305 1618 4337 ex
1665 4290 1855 4349 eodem
1904 4288 2213 4354 (τυμφήλη
2260 4297 2317 4341 et
2365 4289 2581 4354 ὁπήλη,
2630 4286 2875 4352 βαρβὴλη
2922 4287 3205 4338 Lobcckio

619 4355 658 4407 l.
696 4372 739 4403 c.
776 4356 994 4418 ignota,
1033 4357 1125 4419 qui
1163 4371 1283 4404 cum
1321 4363 1593 4420 postremo
1631 4354 1844 4421 ἀρβάλη
1881 4357 2131 4422 τήγανον
2166 4358 2499 4423 Ταραντῖνοι
2536 4357 2772 4420 Hesych.
2810 4355 3018 4420 aliquid
3060 4357 3207 4404 simi-

619 4421 874 4472 litudiuis
911 4424 1116 4473 habere
1153 4423 1308 4474 dicit.
1449 4424 1482 4473 l.
1519 4426 1581 4473 19
1618 4422 1652 4485 ἡ
1693 4424 1994 4476 τελευταία
2029 4455 2095 4461 —
2132 4426 2389 4477 ἐνιαντοῠ
2430 4426 2637 4474 inserui
2674 4442 2741 4474 ex
2778 4425 2840 4472 Γ.
2868 4426 2939 4475 Μ.
2967 4426 3083 4485 055,
3108 4425 3203 4484 483

620 4488 858 4554 ςπατίλη
898 4496 1025 4539 ante
1063 4490 1132 4540 τὸ
1169 4488 1612 4552 ἀπόξυςμα’κτλ.
1650 4494 1957 4558 interposui
1995 4511 2063 4544 cx
2100 4495 2343 4559 Theogn.
2386 4496 2500 4554 111,
2543 4497 2622 4543 12.
2696 4489 2953 4555 πραδίλη,
2993 4491 3059 4539 de
3098 4506 3206 4554 quo

620 4557 689 4604 cs.
735 4558 871 4607 Lab.
908 4558 1072 4610 l’roll.
1116 4560 1234 4620 108,
1285 4569 1341 4607 ct
1385 4557 1577 4623 βαςίλη
1627 4562 1810 4625 recepi
1857 4578 1924 4610 ex
1970 4563 2245 4627 Theogn„
2298 4559 2486 4627 Ἀβίλῃ
2523 4588 2588 4595 -
2626 4557 2871 4623 Τρεμίλη
2921 4575 2985 4608 ex
3023 4561 3102 4609 St.
3143 4559 3203 4605 B.

621 4622 829 4688 ὠτειλή
867 4626 1085 4689 explevi
1120 4642 1186 4674 cx
1224 4625 1473 4690 Theogn.
1514 4627 1642 4680 coll.
1683 4629 1877 4677 Choer.
1915 4630 2071 4682 Orth.
2109 4632 2235 4691 280,
2274 4634 2355 4678 30.
2428 4629 2580 4678 Idem
2627 4628 2849 4680 tradunt
2886 4626 2974 4676 Cr.
3013 4627 3111 4673 An.
3150 4625 3204 4674 11

619 4694 736 4751 303,
779 4694 836 4742 Ε.
879 4692 1016 4741 (iud.
1054 4696 1170 4753 379,
1209 4696 1272 4742 39
1310 4700 1362 4741 ct
1402 4697 1517 4755 507,
1556 4700 1604 4745 2’».
