3664 5546
1236 329 1397 384 περι
1438 326 1830 384 κΑοοΛικΗς
1867 324 2288 383 ΠΡοςΩιΔιΑς
2324 326 2387 381 z.
2490 302 2519 325 '
2990 324 3112 390 179

529 499 947 584 ςφεδανός,
991 498 1409 565 Ἀπιδανός
1445 500 1734 580 ποταμὸς
1765 502 1878 578 τῆς
1911 498 2219 578 Τρωάδος
2251 498 2624 580 «ἐκβάλλων
2659 498 2750 564 εἰς
2782 498 2899 577 τὴν
2930 496 3110 563 ἑςπὲ-

527 621 665 680 ριον
696 602 1044 668 θάλαςςαν»
1079 602 1168 668 ὡς
1196 601 1564 681 Δημήτριός
1594 622 1744 682 φηςι
1775 602 1936 667 κατὰ
1966 601 2373 685 Τιμοςθὲνην,
2404 600 2774 667 Ῥοδανός
2803 600 3111 683 ποταμός,

527 703 595 769 Ἠ
611 709 786 783 ριδα
801 725 837 769 ν
852 704 889 768 ό
904 726 936 770 ς
964 703 1272 786 ποταμός,
1299 703 1408 769 Ἐδ
1423 703 1616 768 δανό
1632 724 1695 787 ς,
1718 703 1847 784 (ἲιφ>
1870 701 1950 769 οὗ
1972 702 2250 769 Ἐδδανα
2276 703 2463 770 πόλις
2491 703 2658 783 πρὸς
2678 709 2770 788 τῷ
2794 701 3110 786 Εὐφράτῃ.

526 807 884 886 ἐφυλάξατο
928 808 1000 871 δὲ
1045 806 1083 871 6
1126 808 1341 872 κανὼν
1390 807 1507 871 «τὸ
1552 808 1589 885 β
1632 808 1762 885 πρὸ
1806 811 1924 872 τοῦ
1966 791 2006 872 δ
2050 806 2385 887 ὑπάρχον»
2431 807 2537 872 διὰ
2578 808 2654 872 τὸ
2683 805 3112 889 Δάρδανος

525 909 708 974 πόλις
738 908 1062 987 Τρωάδος.
1111 910 1409 975 Μναςέας
1455 907 1847 987 «Δάρδανος
1892 909 2078 976 ἐξιὼν
2124 909 2194 974 ἐκ
2235 913 2355 975 τοῦ
2397 910 2527 976 νεὼ
2570 912 2681 988 τῆς
2725 908 2991 987 Ἀθηνᾶς
3033 907 3108 971 τὸ
3139 918 3172 969 5

525 1011 882 1078 παλλάδιον
926 1000 1246 1092 ἀράμενος
1289 1011 1556 1092 ἀφίκετο
1602 1010 1690 1076 εἰς
1721 1010 2133 1095 (αμοθρᾴκην
2179 1013 2335 1091 μετὰ
2363 1010 2698 1091 Ἁρμονίας
2739 1011 2843 1075 καὶ
2885 1009 3111 1074 Ἰαςίω-
3224 1069 3249 1090 ,

525 1135 640 1180 νος
696 1115 845 1180 ἑνὸς
897 1117 1031 1180 τῶν
1087 1113 1430 1196 ἀδελφῶν,
1484 1112 1662 1179 κάκεῖ
1715 1113 2025 1189 διάγοντα
2084 1113 2334 1194 Κάδμος
2393 1113 2432 1177 6
2486 1114 2837 1193 Ἀγήνορος
2891 1110 3112 1192 ἐφιλο-

526 1219 868 1300 ποιήςατο,
923 1217 1027 1282 καὶ
1080 1214 1531 1296 ἀποθανούςης
1583 1216 1926 1297 Τηλεφὰης
1980 1219 2168 1296 γαμεῖ
2219 1217 2335 1295 τὴν
2380 1215 2719 1295 Ἁρμονίαν
2775 1215 2814 1279 6
2864 1214 3114 1293 Κάδμος

526 1321 628 1385 καὶ
670 1318 1046 1385 ἀποςτὲλλει
1101 1319 1218 1384 τὸν
1261 1319 1615 1398 Δάρδανον
1672 1317 1761 1384 εἰς
1813 1319 1931 1397 τὴν
1986 1318 2194 1384 Ἀςίαν
2250 1318 2407 1398 μετὰ
2459 1322 2591 1383 τῶν
2635 1316 2905 1397 ἑταίρων
2949 1318 3114 1396 πρὸς

471 1446 480 1453 ·
525 1422 808 1500 Τεῦκρον
851 1421 968 1487 τὸν
1014 1420 1230 1499 Τρῶα·
1277 1421 1315 1485 6
1361 1422 1432 1487 δὲ
1475 1421 1756 1500 Τεῦκρος
1799 1419 2240 1499 άναγνωρίςας
2289 1421 2407 1486 τὸν
2449 1420 2803 1499 Δάρδανον
2859 1419 3116 1485 δίδωςιν
3153 1429 3218 1481 10

528 1523 702 1609 αὐτῷ
746 1525 864 1603 τὴν
908 1524 1225 1602 θυγατέρα
1269 1523 1536 1588 Βάτειαν
1582 1524 1684 1587 καὶ
1726 1521 2152 1602 ἀποθνήςκων
2195 1523 2312 1601 τὴν
2359 1523 2690 1604 βαςιλείαν.
2779 1522 2880 1587 καὶ
2922 1520 3115 1587 πόλιν

530 1628 711 1711 ᾤκιςε
756 1626 1110 1705 Δάρδανον
1155 1626 1258 1690 καὶ
1299 1626 1676 1704 Δαρδανίαν
1719 1626 1837 1704 τὴν
1881 1626 2100 1705 χώραν
2145 1623 2511 1708 ὠνόμαςεν,
2568 1626 2608 1705 ἣ
2652 1625 2913 1703 Τευκρὶς
2956 1622 3114 1703 πρό-

527 1748 717 1807 τερον
784 1728 1074 1793 ἐκαλεῖτο
1091 1752 1135 1791 ».
1224 1726 1627 1807 Ἰάρδανος
1693 1728 1985 1807 ποταμὸς
2049 1727 2296 1792 Λυδίας.
2403 1727 2690 1807 Ὅμηρος
2756 1727 3115 1806 «Ἰαρδάνου

530 1828 692 1911 ἀμφὶ
735 1830 1006 1910 ῥέεθρα»
1053 1827 1161 1913 (11.
1212 1830 1262 1895 Η
1313 1828 1490 1912 135),
1536 1829 1578 1894 ἃ
1621 1828 2243 1909 προπαροξύνονται.
2335 1829 2446 1894 «τὸ
2492 1830 2564 1895 δὲ
2617 1830 2652 1893 ἒ
2695 1829 2825 1908 πρὸ
2868 1832 2987 1895 τοῦ
3032 1832 3114 1895 ἃ»

530 1933 633 1997 διὰ
674 1933 752 1998 τὸ
797 1929 1151 1997 ὠκεανός
1196 1931 1234 1996 6
1278 1932 1569 2011 ποταμὸς
1612 1932 1651 1996 6
1694 1932 2014 2012 περιέχων
2056 1932 2174 2010 τὴν
2227 1934 2364 2009 γῆν.
2437 1930 2817 2013 Φαβωρῖνος
2862 1931 2932 1997 ἐν
2977 1934 3116 1996 ταῖς
3154 1944 3216 1995 15

530 2037 975 2100 παντοδαπαῖς
1017 2032 1317 2112 ἱςτορίαις
1364 2035 1952 2114 «προςαγορεύουςι
1997 2034 2068 2098 δὲ
2122 2034 2239 2112 τὴν
2284 2032 2408 2100 ἔξω
2453 2034 2772 2098 θάλατταν
2828 2033 2960 2099 ἐκεῖ
3001 2035 3117 2113 μὲν

530 2135 593 2201 οἱ
633 2137 872 2202 πολλοὶ
912 2139 1044 2201 τῶν
1090 2135 1427 2216 βαρβάρων
1461 2134 1798 2218 Ὠκεανόν,
1846 2135 1909 2201 οἱ
1952 2136 2024 2199 δὲ
2065 2136 2183 2214 τὴν
2213 2136 2420 2202 Ἀςίαν
2467 2134 2793 2201 οἰκοῦντες
2837 2136 3118 2216 μεγάλην

530 2239 876 2321 θάλαςςαν,
943 2236 1006 2303 οἱ
1071 2239 1143 2302 δὲ
1209 2238 1513 2318 Ἕλληνες
1567 2237 1973 2304 Ἀτλαντικὸν
2034 2238 2377 2314 πέλαγος».
2477 2237 2708 2317 ἐκλήθη
2775 2238 2847 2302 δὲ
2911 2237 3119 2304 οὕτως

530 2343 703 2420 παρὰ
757 2342 835 2406 τὸ
893 2340 1110 2406 ὠκέως
1165 2339 1376 2423 νάειν,
1442 2340 1481 2405 ὅ
1536 2340 1662 2406 ἐςτι
1719 2340 1874 2420 ῥεῖν.
1962 2340 2066 2404 καὶ
2133 2340 2248 2405 «τὸ
2316 2343 2356 2402 ῦ
2410 2341 2540 2419 πρὸ
2594 2344 2712 2405 τοῦ
2758 2341 2839 2403 ἆ»
2896 2340 3001 2405 διὰ
3042 2340 3118 2406 τὸ

531 2444 829 2509 πυανός
871 2444 976 2506 καὶ
1020 2441 1321 2508 κυανός.
2488 2470 2495 2477 ·
3154 2460 3222 2511 20

697 2546 792 2611 Τὰ
837 2546 941 2610 διὰ
983 2548 1102 2610 τοῦ
1147 2547 1306 2612 (Πόἱ
1349 2547 1603 2624 τριγενῆ
1650 2543 1974 2627 ὀξύνεται,
2030 2542 2414 2619 ςτεγανός
2469 2544 2508 2608 6
2562 2545 2839 2628 πυκνός,
2895 2551 3116 2610 πιθα-

530 2647 665 2714 νός
731 2645 770 2712 6
830 2651 1069 2730 πρᾷος,
1135 2646 1436 2728 ἱκανός,
1502 2645 1889 2729 ὀρφανός,
1956 2645 2281 2730 ἀγανός,
2346 2647 2773 2731 τραγανός,
2842 2646 3116 2715 ἰδανός

533 2750 684 2817 «cde
727 2748 950 2816 ἰδανὰς
994 2749 1290 2829 χάριτας»
1338 2748 1376 2813 6
1425 2748 1852 2831 Καλλίμαχος,
1897 2747 2209 2831 ἑδανός,
2253 2750 2635 2834 πεδανός,
2681 2749 3043 2830 ῥοδανός.

700 2876 738 2912 ιι
782 2853 877 2918 Τὰ
934 2852 1038 2917 διὰ
1093 2857 1211 2917 τοῦ
1273 2872 1433 2916 ανος
1495 2856 1613 2916 τοῦ
1671 2855 1714 2916 ἇ
1757 2850 2176 2932 ἑκτεταμένου
2226 2851 2549 2936 ὀξύνεται,
2612 2852 2682 2917 Ἀ
2697 2853 3084 2933 γκυρανός
3095 2903 3115 2937 ,

533 2955 913 3038 Ἀςιανός,
992 2943 1468 3036 Καρδιανός,
1555 2951 2000 3037 Ὀλβιανός,
2083 2955 2506 3038 Φαςιανόςς
2586 2954 3117 3038 Τραλλιανός,
3151 2965 3217 3016 25

532 3057 999 3140 (αρδιανός,
1064 3057 1515 3141 Παριανός,
1581 3056 2156 3140 Βοςποριανόζς,
2222 3057 2537 3140 Κιανός,
2602 3056 2915 3142 Τιανός,
2968 3057 3115 3122 Ζυ-

529 3160 840 3241 γιανός,
886 3158 1362 3242 Ταυριανός,
1409 3158 1919 3237 (κορπιανός.
2009 3158 2396 3226 Τοξιανός
2448 3158 2637 3226 ἔθνος
2681 3159 2996 3239 Ταυρικὸν
3040 3161 3116 3226 τὸ

533 3264 634 3328 καὶ
675 3262 904 3329 Τόξιοι.
994 3261 1376 3344 Ἰςπανός,
1427 3260 1864 3344 Καρμανός,
1915 3260 2368 3346 Καμπανός,
2415 3261 2841 3348 Γερμανός,
2886 3264 3115 3342 Βρετ-

531 3365 802 3447 τανός,
871 3362 1318 3447 Ὠρετανός,
1386 3363 1889 3447 Ἀφρικανός,
1946 3362 2348 3446 Ἀλβανός,
2405 3362 2803 3444 Ὑρκανός.
2902 3367 3114 3431 Ἀλα-

533 3466 783 3548 μανός
826 3464 1016 3531 ἔθνος
1062 3466 1405 3546 Γερμανοῖς
1447 3466 1848 3545 πρόςχωρον.
1918 3465 2238 3531 Ἀλανός
2282 3464 2439 3544 ὄρος
2484 3465 2850 3548 (αρματίας.
2908 3468 3114 3547 Ἀμε-
3152 3480 3220 3532 30

532 3569 770 3636 νανός
814 3569 1104 3648 ποταμὸς
1149 3567 1443 3633 (ικελίας.
1529 3567 1998 3648 Ἀρβαξανός
2052 3565 2242 3633 ἔθνος
2285 3568 2654 3646 Λιγυςτικόν
2702 3570 3113 3649 «παρέπλεον

531 3674 603 3737 δὲ
644 3674 761 3752 τὴν
793 3672 1028 3751 χώραν,
1052 3671 1169 3749 τὴν
1200 3671 1315 3750 μὲν
1346 3671 1608 3750 πρώτην
1639 3669 1908 3753 ἔρημον,
1951 3670 2033 3750 ἣν
2076 3668 2385 3751 ἐνέμοντο
2416 3671 2738 3752 πρότερον
2768 3672 3112 3765 Ἰψίκουροι

532 3895 701 3949 δανός
746 3921 812 3932 —-
858 3891 1137 3959 ςφεδανός
1183 3909 1250 3944 ex
1293 3892 1396 3943 hoc
1442 3891 1561 3942 loco
1608 3896 1665 3943 et
1707 3890 1764 3944 Π
1806 3895 1906 3944 372
1953 3891 2169 3958 addidi,
2221 3892 2517 3946 Ἀπιδανός
2562 3894 2783 3962 explevi
2827 3910 2895 3945 ex
2942 3895 3021 3946 St.
3056 3896 3129 3948 Β.

535 3969 647 4029 105,
684 3968 736 4028 6,
774 3960 1035 4016 Ῥοδανός
1074 3990 1137 3999 —-
1177 3958 1432 4014 Ἐδδανός
1469 3975 1537 4010 ex
1575 3959 1767 4011 eodem
1801 3962 2051 4027 apposui.
2088 3987 2151 3997 —
2188 3960 2427 4014 Ἀδανος
2463 3979 2551 4028 ap.
2592 3965 2674 4017 St.
2710 3963 2773 4012 B.
2808 3965 2902 4024 25,
2943 3964 2970 4012 1
3013 3962 3046 4015 Γ
3049 3965 3115 4028 ἢς

534 4034 623 4085 καὶ
658 4032 903 4097 οὐρανοῦ
941 4032 1073 4082 παῖς
1109 4046 1143 4081 a
1178 4044 1367 4080 norma
1405 4027 1667 4094 discedit,
1716 4029 1813 4079 sed
1850 4029 2162 4095 prosodiam
2197 4030 2360 4082 huius
2403 4031 2555 4082 vocis
2596 4031 2946 4082 incertiorem
2982 4030 3118 4081 dicit

533 4103 667 4156 Lob.
705 4101 873 4153 Proll,
913 4102 1029 4151 181.
1102 4099 1148 4148 A
1182 4113 1388 4148 canone
1427 4097 1650 4146 aberrat
1687 4094 1907 4150 Ἀζανοί
1953 4098 2069 4148 eive
2108 4094 2333 4150 Αἰζανοί
2377 4096 2542 4150 πόλις
2578 4097 2850 4163 Φρυγίας,
2890 4099 3044 4149 cuius
3080 4113 3116 4150 α

535 4186 695 4236 quum
722 4171 886 4222 breve
913 4168 1013 4228 sit,
1039 4173 1101 4218 ut
1127 4183 1194 4217 ex
1220 4166 1657 4217 Hermesianact.
1683 4166 1769 4217 El.
1795 4166 1823 4216 1
1846 4169 1914 4216 44
1936 4170 2185 4231 apparet,
2214 4172 2685 4232 proparoxytonos
2710 4167 2879 4218 scribi
2905 4167 3116 4218 debuit.

666 4239 705 4289 l.
740 4240 774 4288 4
809 4235 1101 4301 Δάρδανος
1140 4252 1206 4285 ex
1245 4235 1357 4284 levi
1392 4250 1460 4284 ex
1495 4231 1576 4285 St.
1601 4235 1665 4282 B.
1704 4260 1767 4270 —
1805 4232 2078 4298 Ἰάρδανος
2116 4233 2314 4298 scripsi
2348 4250 2445 4299 pro
2483 4232 2756 4298 Ἰόρδανος
2791 4235 2997 4286 collato
3034 4235 3118 4286 St.

533 4306 596 4356 B.
633 4309 753 4370 322,
793 4309 873 4356 14.
945 4306 1128 4356 Verba
1162 4317 1196 4354 τ
1267 4301 1329 4353 δὲ
1363 4303 1396 4354 ἒ
1432 4299 1544 4365 πρὸ
1580 4302 1684 4351 τοῦ
1721 4305 1757 4354 ἃ
1791 4302 1984 4353 addidi
2029 4301 2325 4351 secundum
2366 4301 2388 4350 i
2430 4316 2548 4351 sum
2583 4303 2807 4353 Arcadii
2850 4318 3117 4353 canonem

536 4389 602 4424 ex
635 4375 885 4440 Theogn.
922 4375 1017 4438 67,
1052 4372 1148 4422 ubi
1189 4386 1331 4437 quae
1374 4372 1665 4436 praeterea
1711 4374 1936 4422 exstant
1972 4366 2332 4433 Μυρλεανός,
2416 4368 2618 4421 τεανός
2655 4368 2897 4436 (Τεανός
2933 4369 3115 4436 Lob.)‚

535 4439 770 4495 ἀκεανός
807 4441 879 4492 ad
913 4456 1176 4492 canonem
1213 4439 1281 4489 de
1322 4439 1475 4488 exitu
1509 4450 1642 4488 avoc
1678 4453 1799 4488 cum
1845 4440 1883 4488 ἃ
1916 4436 2179 4502 producto
2222 4437 2530 4502 pertinent;
2576 4444 2856 4490 caeterum
2901 4439 3119 4503 explevi

539 4508 789 4563 ὠκεανός
825 4525 892 4560 ex
928 4511 1010 4559 St.
1035 4509 1095 4558 B.
1130 4508 1188 4559 in
1224 4507 1328 4558 fine
1363 4507 1453 4558 καὶ
1487 4506 1557 4557 τὸ
1594 4509 1630 4556 ῦ
1665 4506 1785 4556 κτλ.
1820 4504 2001 4555 adieci
2034 4509 2260 4555 auctore
2286 4505 2582 4557 Lobeckio.
2721 4508 2758 4557 1.
2796 4510 2861 4557 22
2897 4508 3118 4558 nomina

541 4578 664 4629 inde
700 4581 769 4630 ab
807 4574 1058 4642 ὀρφανός
1093 4603 1161 4612 -
1195 4574 1435 4640 ῥοδανός
1473 4578 1828 4626 accesserunt
1865 4588 1933 4624 ex
1967 4572 2032 4626 11.
2057 4573 2147 4624 Pr.
2185 4570 2233 4624 Ξ
2270 4575 2368 4625 172
2406 4579 2464 4625 et
2498 4574 2646 4627 Mon.
2676 4576 2726 4639 ¹1,
2765 4576 2845 4629 18.
2989 4575 3025 4625 1.
3052 4578 3119 4626 24

539 4659 797 4697 canonem
831 4647 950 4711 ipse
989 4643 1116 4694 finxi
1151 4660 1218 4695 ex
1253 4645 1565 4696 nominibus
1601 4660 1690 4710 ap.
1730 4641 1811 4692 St.
1847 4641 1911 4694 B.
1950 4641 2207 4706 molestia,
2252 4642 2351 4693 ubi
2386 4642 2596 4693 diserto
2632 4659 2683 4708 p.
2718 4644 2837 4702 577,
2873 4646 2905 4693 8
2950 4639 3117 4706 (κορ-

541 4712 736 4765 πιανός
773 4712 958 4764 ἔθνος·
996 4710 1336 4776 Ἡρωδιανὸς
1376 4711 1580 4780 ἑβδόμῃ
1618 4707 1965 4774 «Ζυγιανός,
2001 4708 2339 4775 Ταυριανός,
2378 4708 2770 4776 (κορπιανόω
2806 4715 2863 4760 et
2897 4712 3015 4775 628,
3056 4714 3119 4761 14

543 4774 722 4833 Τόξιοι
768 4780 858 4831 καὶ
894 4777 1150 4832 Τοξιανοί
1196 4779 1359 4832 ἔθνος
1395 4779 1689 4845 Ταυρικὸν.
1760 4775 2103 4842 Ἡρωδιανὸς
2149 4776 2383 4845 ἑβδόμῃ;
2431 4779 2722 4844 praecipue
2773 4783 2957 4828 autem
2994 4795 3119 4828 con·

539 4846 680 4899 salui
724 4851 1076 4915 praeceptum
1107 4847 1192 4898 “de
1248 4848 1594 4900 derivatione
1644 4847 1985 4899 ethnicorum
2041 4850 2097 4897 in
2144 4849 2279 4902 ιῖῦῐῖ
2325 4862 2369 4901 s,
2414 4846 2691 4912 Ἄγκυρα,
2747 4846 2819 4897 ad
2864 4847 3008 4912 quod
3062 4848 3119 4896 in

2579 4928 2714 4993 12*
