<?xml version="1.0" encoding="UTF-8"?>
<!DOCTYPE html PUBLIC "-//W3C//DTD XHTML 1.0 Transitional//EN"
    "http://www.w3.org/TR/xhtml1/DTD/xhtml1-transitional.dtd">
<html xmlns="http://www.w3.org/1999/xhtml" xml:lang="en" lang="en">
 <head>
  <title>
</title>
<meta http-equiv="Content-Type" content="text/html;charset=utf-8" />
  <meta name='ocr-system' content='tesseract 3.04.00' />
  <meta name='ocr-capabilities' content='ocr_page ocr_carea ocr_par ocr_line ocrx_word'/>
</head>
<body>
  <div class='ocr_page' id='page_1' title='image "./grammaticigraec02unkngoog_0143.png"; bbox 0 0 3664 5546; ppageno 0'>
   <div class='ocr_carea' id='block_1_1' title="bbox 1512 409 3003 460">
    <p class='ocr_par' dir='ltr' id='par_1_1' title="bbox 1512 409 3003 460">
     <span class='ocr_line' id='line_1_1' title="bbox 1512 409 3003 460; baseline 0.001 -2"><span class='ocrx_word' id='word_1_1' title='bbox 1512 409 1933 460; x_wconf 79' lang='lat' dir='ltr'><strong>PRAEFATIO.</strong></span> <span class='ocrx_word' id='word_1_2' title='bbox 2761 411 3003 459; x_wconf 79' lang='lat' dir='ltr'>CXXVII</span> 
     </span>
    </p>
   </div>
   <div class='ocr_carea' id='block_1_2' title="bbox 430 564 3010 1674">
    <p class='ocr_par' dir='ltr' id='par_1_2' title="bbox 430 564 3010 1674">
     <span class='ocr_line' id='line_1_2' title="bbox 595 564 3005 651; baseline -0 -20"><span class='ocrx_word' id='word_1_3' title='bbox 595 566 957 634; x_wconf 81' lang='lat' dir='ltr'><strong>Notissima</strong></span> <span class='ocrx_word' id='word_1_4' title='bbox 1001 577 1103 631; x_wconf 89' lang='lat' dir='ltr'><strong>est</strong></span> <span class='ocrx_word' id='word_1_5' title='bbox 1141 566 1504 631; x_wconf 88' lang='lat' dir='ltr'><strong>Herodiani</strong></span> <span class='ocrx_word' id='word_1_6' title='bbox 1549 565 1949 631; x_wconf 83' lang='lat' dir='ltr'><strong>consuetudo</strong></span> <span class='ocrx_word' id='word_1_7' title='bbox 1992 564 2062 627; x_wconf 92' lang='lat' dir='ltr'><strong>in</strong></span> <span class='ocrx_word' id='word_1_8' title='bbox 2103 573 2447 650; x_wconf 85' lang='lat' dir='ltr'><strong>utramque</strong></span> <span class='ocrx_word' id='word_1_9' title='bbox 2489 574 2741 650; x_wconf 89' lang='lat' dir='ltr'><strong>partem</strong></span> <span class='ocrx_word' id='word_1_10' title='bbox 2786 564 3005 651; x_wconf 88' lang='lat' dir='ltr'><strong>dispu-</strong></span> 
     </span>
     <span class='ocr_line' id='line_1_3' title="bbox 430 665 3006 755; baseline -0.002 -21"><span class='ocrx_word' id='word_1_11' title='bbox 430 668 617 734; x_wconf 89' lang='lat' dir='ltr'><strong>tandi</strong></span> <span class='ocrx_word' id='word_1_12' title='bbox 679 669 807 750; x_wconf 88' lang='lat' dir='ltr'><strong>ita,</strong></span> <span class='ocrx_word' id='word_1_13' title='bbox 875 679 949 733; x_wconf 89' lang='lat' dir='ltr'><strong>ut</strong></span> <span class='ocrx_word' id='word_1_14' title='bbox 1011 669 1289 755; x_wconf 90' lang='lat' dir='ltr'><strong>primum</strong></span> <span class='ocrx_word' id='word_1_15' title='bbox 1357 668 1578 734; x_wconf 88' lang='lat' dir='ltr'><strong>omnia</strong></span> <span class='ocrx_word' id='word_1_16' title='bbox 1641 676 1995 754; x_wconf 79' lang='lat' dir='ltr'><strong>proponat,</strong></span> <span class='ocrx_word' id='word_1_17' title='bbox 2068 687 2232 752; x_wconf 88' lang='lat' dir='ltr'><strong>quae</strong></span> <span class='ocrx_word' id='word_1_18' title='bbox 2299 688 2417 752; x_wconf 90' lang='lat' dir='ltr'><strong>pro</strong></span> <span class='ocrx_word' id='word_1_19' title='bbox 2480 665 3006 731; x_wconf 82' lang='lat' dir='ltr'><strong>adversariorum</strong></span> 
     </span>
     <span class='ocr_line' id='line_1_4' title="bbox 432 766 3002 857; baseline -0.001 -23"><span class='ocrx_word' id='word_1_20' title='bbox 432 773 752 837; x_wconf 87' lang='lat' dir='ltr'><strong>sententia</strong></span> <span class='ocrx_word' id='word_1_21' title='bbox 797 771 926 835; x_wconf 90' lang='lat' dir='ltr'><strong>dici</strong></span> <span class='ocrx_word' id='word_1_22' title='bbox 968 779 1279 857; x_wconf 86' lang='lat' dir='ltr'><strong>possunt,</strong></span> <span class='ocrx_word' id='word_1_23' title='bbox 1325 780 1464 835; x_wconf 88' lang='lat' dir='ltr'><strong>tum</strong></span> <span class='ocrx_word' id='word_1_24' title='bbox 1518 792 1598 834; x_wconf 91' lang='lat' dir='ltr'><strong>ea</strong></span> <span class='ocrx_word' id='word_1_25' title='bbox 1648 768 1973 856; x_wconf 83' lang='lat' dir='ltr'><strong>reprobet.</strong></span> <span class='ocrx_word' id='word_1_26' title='bbox 2061 766 2445 831; x_wconf 86' lang='lat' dir='ltr'><strong>Dilucidum</strong></span> <span class='ocrx_word' id='word_1_27' title='bbox 2499 766 2691 832; x_wconf 89' lang='lat' dir='ltr'><strong>huius</strong></span> <span class='ocrx_word' id='word_1_28' title='bbox 2747 768 3002 853; x_wconf 87' lang='lat' dir='ltr'><strong>generis</strong></span> 
     </span>
     <span class='ocr_line' id='line_1_5' title="bbox 432 869 3005 959; baseline -0.001 -22"><span class='ocrx_word' id='word_1_29' title='bbox 432 873 812 959; x_wconf 88' lang='lat' dir='ltr'><strong>disputandi</strong></span> <span class='ocrx_word' id='word_1_30' title='bbox 857 871 1226 959; x_wconf 79' lang='lat' dir='ltr'><strong>exemplum</strong></span> <span class='ocrx_word' id='word_1_31' title='bbox 1274 882 1606 936; x_wconf 81' lang='lat' dir='ltr'><strong>servatum</strong></span> <span class='ocrx_word' id='word_1_32' title='bbox 1651 881 1751 936; x_wconf 85' lang='lat' dir='ltr'><strong>est</strong></span> <span class='ocrx_word' id='word_1_33' title='bbox 1792 871 1860 933; x_wconf 90' lang='lat' dir='ltr'><strong>in</strong></span> <span class='ocrx_word' id='word_1_34' title='bbox 1904 869 2028 957; x_wconf 88' lang='lat' dir='ltr'><strong>Ep.</strong></span> <span class='ocrx_word' id='word_1_35' title='bbox 2073 869 2268 934; x_wconf 91' lang='lat' dir='ltr'><strong>Hom.</strong></span> <span class='ocrx_word' id='word_1_36' title='bbox 2317 869 2460 950; x_wconf 85' lang='lat'><strong>169,</strong></span> <span class='ocrx_word' id='word_1_37' title='bbox 2505 869 2607 951; x_wconf 85' lang='lat'><strong>30,</strong></span> <span class='ocrx_word' id='word_1_38' title='bbox 2653 870 2767 935; x_wconf 90' lang='lat' dir='ltr'><strong>ubi</strong></span> <span class='ocrx_word' id='word_1_39' title='bbox 2810 872 3005 936; x_wconf 85' lang='lat' dir='ltr'><strong>etiam</strong></span> 
     </span>
     <span class='ocr_line' id='line_1_6' title="bbox 432 970 3005 1062; baseline -0 -22"><span class='ocrx_word' id='word_1_40' title='bbox 432 977 704 1041; x_wconf 87' lang='lat' dir='ltr'><strong>verbum</strong></span> <span class='ocrx_word' id='word_1_41' title='bbox 747 976 1083 1062; x_wconf 87' lang='lat' dir='ltr'><strong>proprium</strong></span> <span class='ocrx_word' id='word_1_42' title='bbox 1129 974 1575 1041; x_wconf 85' lang='grc' dir='ltr'>ἀναςκευάζειν</span> <span class='ocrx_word' id='word_1_43' title='bbox 1616 982 1949 1037; x_wconf 86' lang='lat' dir='ltr'><strong>servatum</strong></span> <span class='ocrx_word' id='word_1_44' title='bbox 1994 981 2119 1036; x_wconf 86' lang='lat' dir='ltr'><strong>est:</strong></span> <span class='ocrx_word' id='word_1_45' title='bbox 2180 972 2304 1038; x_wconf 87' lang='grc' dir='ltr'>ἔςτι</span> <span class='ocrx_word' id='word_1_46' title='bbox 2351 973 2421 1037; x_wconf 82' lang='grc' dir='ltr'><strong>δὲ</strong></span> <span class='ocrx_word' id='word_1_47' title='bbox 2468 970 2881 1039; x_wconf 86' lang='grc' dir='ltr'>ἀναςκευάςαι</span> <span class='ocrx_word' id='word_1_48' title='bbox 2927 976 3005 1039; x_wconf 88' lang='grc' dir='ltr'><strong>τὰ</strong></span> 
     </span>
     <span class='ocr_line' id='line_1_7' title="bbox 433 1073 3006 1163; baseline -0.002 -20"><span class='ocrx_word' id='word_1_49' title='bbox 433 1079 743 1158; x_wconf 84' lang='grc' dir='ltr'>εἰρημένα.</span> <span class='ocrx_word' id='word_1_50' title='bbox 844 1077 1237 1163; x_wconf 83' lang='lat' dir='ltr'><strong>Saepissime</strong></span> <span class='ocrx_word' id='word_1_51' title='bbox 1302 1099 1342 1141; x_wconf 87' lang='lat' dir='ltr'><strong>a</strong></span> <span class='ocrx_word' id='word_1_52' title='bbox 1406 1075 1825 1141; x_wconf 89' lang='lat' dir='ltr'><strong>somnolentis</strong></span> <span class='ocrx_word' id='word_1_53' title='bbox 1888 1073 2421 1161; x_wconf 86' lang='lat' dir='ltr'><strong>epitomatoribus</strong></span> <span class='ocrx_word' id='word_1_54' title='bbox 2489 1097 2569 1138; x_wconf 85' lang='lat' dir='ltr'><strong>ex</strong></span> <span class='ocrx_word' id='word_1_55' title='bbox 2640 1075 3006 1161; x_wconf 83' lang='lat' dir='ltr'><strong>praeceptis</strong></span> 
     </span>
     <span class='ocr_line' id='line_1_8' title="bbox 434 1176 3006 1265; baseline -0.001 -23"><span class='ocrx_word' id='word_1_56' title='bbox 434 1179 553 1243; x_wconf 87' lang='lat' dir='ltr'><strong>hoc</strong></span> <span class='ocrx_word' id='word_1_57' title='bbox 604 1178 798 1245; x_wconf 88' lang='lat' dir='ltr'><strong>modo</strong></span> <span class='ocrx_word' id='word_1_58' title='bbox 852 1178 1124 1265; x_wconf 86' lang='lat' dir='ltr'><strong>prolatis</strong></span> <span class='ocrx_word' id='word_1_59' title='bbox 1180 1179 1362 1265; x_wconf 89' lang='lat' dir='ltr'><strong>prior</strong></span> <span class='ocrx_word' id='word_1_60' title='bbox 1415 1190 1670 1244; x_wconf 88' lang='lat' dir='ltr'><strong>tantum</strong></span> <span class='ocrx_word' id='word_1_61' title='bbox 1721 1198 1908 1264; x_wconf 72' lang='lat' dir='ltr'><strong>pare,</strong></span> <span class='ocrx_word' id='word_1_62' title='bbox 1973 1198 2140 1263; x_wconf 86' lang='lat' dir='ltr'><strong>quae</strong></span> <span class='ocrx_word' id='word_1_63' title='bbox 2195 1176 2719 1240; x_wconf 84' lang='lat' dir='ltr'><strong>adversariorum</strong></span> <span class='ocrx_word' id='word_1_64' title='bbox 2787 1187 3006 1263; x_wconf 88' lang='lat' dir='ltr'><strong>partes</strong></span> 
     </span>
     <span class='ocr_line' id='line_1_9' title="bbox 434 1277 3005 1367; baseline -0.001 -21"><span class='ocrx_word' id='word_1_65' title='bbox 434 1283 606 1367; x_wconf 85' lang='lat' dir='ltr'><strong>agit,</strong></span> <span class='ocrx_word' id='word_1_66' title='bbox 665 1292 953 1362; x_wconf 86' lang='lat' dir='ltr'><strong>servata,</strong></span> <span class='ocrx_word' id='word_1_67' title='bbox 1012 1281 1378 1346; x_wconf 87' lang='lat' dir='ltr'><strong>Herodiani</strong></span> <span class='ocrx_word' id='word_1_68' title='bbox 1431 1279 1742 1345; x_wconf 83' lang='lat' dir='ltr'><strong>refutatio</strong></span> <span class='ocrx_word' id='word_1_69' title='bbox 1799 1279 2040 1343; x_wconf 88' lang='lat' dir='ltr'><strong>omissa</strong></span> <span class='ocrx_word' id='word_1_70' title='bbox 2095 1287 2223 1362; x_wconf 86' lang='lat' dir='ltr'><strong>est,</strong></span> <span class='ocrx_word' id='word_1_71' title='bbox 2283 1277 2463 1342; x_wconf 88' lang='lat' dir='ltr'><strong>cuius</strong></span> <span class='ocrx_word' id='word_1_72' title='bbox 2519 1279 2775 1363; x_wconf 85' lang='lat' dir='ltr'><strong>generis</strong></span> <span class='ocrx_word' id='word_1_73' title='bbox 2835 1279 3005 1343; x_wconf 89' lang='lat' dir='ltr'><strong>lucu-</strong></span> 
     </span>
     <span class='ocr_line' id='line_1_10' title="bbox 434 1379 3008 1471; baseline -0 -24"><span class='ocrx_word' id='word_1_74' title='bbox 434 1384 609 1448; x_wconf 87' lang='lat' dir='ltr'><strong>lenta</strong></span> <span class='ocrx_word' id='word_1_75' title='bbox 652 1383 972 1471; x_wconf 83' lang='lat' dir='ltr'><strong>quaedam</strong></span> <span class='ocrx_word' id='word_1_76' title='bbox 1018 1383 1318 1469; x_wconf 85' lang='lat' dir='ltr'><strong>exempla</strong></span> <span class='ocrx_word' id='word_1_77' title='bbox 1370 1384 1437 1446; x_wconf 91' lang='lat' dir='ltr'><strong>in</strong></span> <span class='ocrx_word' id='word_1_78' title='bbox 1494 1380 1724 1446; x_wconf 85' lang='lat' dir='ltr'><strong>Philol.</strong></span> <span class='ocrx_word' id='word_1_79' title='bbox 1773 1379 2013 1445; x_wconf 89' lang='lat' dir='ltr'><strong>XXIV</strong></span> <span class='ocrx_word' id='word_1_80' title='bbox 2069 1404 2133 1467; x_wconf 89' lang='lat' dir='ltr'><strong>p.</strong></span> <span class='ocrx_word' id='word_1_81' title='bbox 2179 1381 2305 1444; x_wconf 84' lang='lat'><strong>349</strong></span> <span class='ocrx_word' id='word_1_82' title='bbox 2359 1403 2537 1466; x_wconf 88' lang='lat' dir='ltr'><strong>seqq.</strong></span> <span class='ocrx_word' id='word_1_83' title='bbox 2597 1381 2863 1447; x_wconf 85' lang='lat' dir='ltr'><strong>exhibui</strong></span> <span class='ocrx_word' id='word_1_84' title='bbox 2922 1382 3008 1446; x_wconf 83' lang='lat' dir='ltr'><strong>cf.</strong></span> 
     </span>
     <span class='ocr_line' id='line_1_11' title="bbox 433 1481 3010 1573; baseline -0.001 -25"><span class='ocrx_word' id='word_1_85' title='bbox 433 1484 638 1549; x_wconf 89' lang='lat' dir='ltr'><strong>Lehrs</strong></span> <span class='ocrx_word' id='word_1_86' title='bbox 685 1496 934 1573; x_wconf 88' lang='lat' dir='ltr'><strong>quaest.</strong></span> <span class='ocrx_word' id='word_1_87' title='bbox 969 1509 1071 1573; x_wconf 91' lang='lat' dir='ltr'><strong>ep.</strong></span> <span class='ocrx_word' id='word_1_88' title='bbox 1101 1508 1165 1571; x_wconf 93' lang='lat' dir='ltr'><strong>p.</strong></span> <span class='ocrx_word' id='word_1_89' title='bbox 1200 1484 1313 1568; x_wconf 81' lang='lat'><strong>793</strong></span> <span class='ocrx_word' id='word_1_90' title='bbox 1361 1506 1556 1571; x_wconf 86' lang='lat' dir='ltr'><strong>saepe</strong></span> <span class='ocrx_word' id='word_1_91' title='bbox 1601 1485 1792 1549; x_wconf 89' lang='lat' dir='ltr'><strong>etiam</strong></span> <span class='ocrx_word' id='word_1_92' title='bbox 1841 1482 1935 1547; x_wconf 86' lang='lat' dir='ltr'><strong>ita</strong></span> <span class='ocrx_word' id='word_1_93' title='bbox 1975 1503 2113 1547; x_wconf 88' lang='lat' dir='ltr'><strong>rem</strong></span> <span class='ocrx_word' id='word_1_94' title='bbox 2159 1481 2549 1569; x_wconf 85' lang='lat' dir='ltr'><strong>expediunt,</strong></span> <span class='ocrx_word' id='word_1_95' title='bbox 2595 1493 2670 1564; x_wconf 85' lang='lat' dir='ltr'><strong>ut</strong></span> <span class='ocrx_word' id='word_1_96' title='bbox 2712 1482 3010 1568; x_wconf 87' lang='lat' dir='ltr'><strong>neglecta</strong></span> 
     </span>
     <span class='ocr_line' id='line_1_12' title="bbox 434 1584 3009 1674; baseline -0.001 -22"><span class='ocrx_word' id='word_1_97' title='bbox 434 1588 794 1674; x_wconf 88' lang='lat' dir='ltr'><strong>posteriore</strong></span> <span class='ocrx_word' id='word_1_98' title='bbox 850 1597 1038 1674; x_wconf 89' lang='lat' dir='ltr'><strong>parte</strong></span> <span class='ocrx_word' id='word_1_99' title='bbox 1103 1610 1243 1652; x_wconf 86' lang='lat' dir='ltr'><strong>eam</strong></span> <span class='ocrx_word' id='word_1_100' title='bbox 1299 1585 1721 1667; x_wconf 82' lang='lat' dir='ltr'><strong>sententiam,</strong></span> <span class='ocrx_word' id='word_1_101' title='bbox 1788 1606 1989 1671; x_wconf 76' lang='lat' dir='ltr'><strong>quam</strong></span> <span class='ocrx_word' id='word_1_102' title='bbox 2037 1584 2454 1651; x_wconf 86' lang='lat' dir='ltr'><strong>Herodianus</strong></span> <span class='ocrx_word' id='word_1_103' title='bbox 2522 1584 3009 1672; x_wconf 81' lang='lat' dir='ltr'><strong>reprobaverat,</strong></span> 
     </span>
    </p>
   </div>
   <div class='ocr_carea' id='block_1_3' title="bbox 435 1673 3131 1774">
    <p class='ocr_par' dir='ltr' id='par_1_3' title="bbox 435 1673 3131 1774">
     <span class='ocr_line' id='line_1_13' title="bbox 435 1673 3131 1774; baseline -0.001 -22"><span class='ocrx_word' id='word_1_104' title='bbox 435 1711 551 1774; x_wconf 90' lang='lat' dir='ltr'><strong>pro</strong></span> <span class='ocrx_word' id='word_1_105' title='bbox 599 1688 1021 1756; x_wconf 82' lang='lat' dir='ltr'><strong>Herodianea</strong></span> <span class='ocrx_word' id='word_1_106' title='bbox 1064 1688 1437 1769; x_wconf 86' lang='lat' dir='ltr'><strong>venditent,</strong></span> <span class='ocrx_word' id='word_1_107' title='bbox 1496 1687 1676 1752; x_wconf 87' lang='lat' dir='ltr'><strong>cuius</strong></span> <span class='ocrx_word' id='word_1_108' title='bbox 1721 1686 1819 1751; x_wconf 93' lang='lat' dir='ltr'><strong>rei</strong></span> <span class='ocrx_word' id='word_1_109' title='bbox 1876 1708 2082 1773; x_wconf 88' lang='lat' dir='ltr'><strong>pauca</strong></span> <span class='ocrx_word' id='word_1_110' title='bbox 2127 1685 2427 1773; x_wconf 80' lang='lat' dir='ltr'><strong>exempla</strong></span> <span class='ocrx_word' id='word_1_111' title='bbox 2470 1709 2668 1774; x_wconf 89' lang='lat' dir='ltr'><strong>supra</strong></span> <span class='ocrx_word' id='word_1_112' title='bbox 2711 1710 2774 1773; x_wconf 91' lang='lat' dir='ltr'><strong>p.</strong></span> <span class='ocrx_word' id='word_1_113' title='bbox 2820 1686 3007 1750; x_wconf 86' lang='lat' dir='ltr'><strong>LXV</strong></span> <span class='ocrx_word' id='word_1_114' title='bbox 3122 1673 3131 1698; x_wconf 81' lang='lat'><em>&#39;</em></span> 
     </span>
    </p>
   </div>
   <div class='ocr_carea' id='block_1_4' title="bbox 437 1789 3074 4939">
    <p class='ocr_par' dir='ltr' id='par_1_4' title="bbox 437 1789 1108 1857">
     <span class='ocr_line' id='line_1_14' title="bbox 437 1789 1108 1857; baseline 0 -3"><span class='ocrx_word' id='word_1_115' title='bbox 437 1813 518 1854; x_wconf 87' lang='lat' dir='ltr'><strong>ex</strong></span> <span class='ocrx_word' id='word_1_116' title='bbox 565 1790 851 1856; x_wconf 85' lang='lat' dir='ltr'><strong>Arcadio</strong></span> <span class='ocrx_word' id='word_1_117' title='bbox 897 1789 1108 1857; x_wconf 86' lang='lat' dir='ltr'><strong>attuli.</strong></span> 
     </span>
    </p>

    <p class='ocr_par' dir='ltr' id='par_1_5' title="bbox 437 1891 3074 3388">
     <span class='ocr_line' id='line_1_15' title="bbox 602 1891 3006 1981; baseline -0.001 -25"><span class='ocrx_word' id='word_1_118' title='bbox 602 1892 830 1981; x_wconf 87' lang='lat' dir='ltr'><strong>Neque</strong></span> <span class='ocrx_word' id='word_1_119' title='bbox 873 1916 1030 1959; x_wconf 84' lang='lat' dir='ltr'><strong>vero</strong></span> <span class='ocrx_word' id='word_1_120' title='bbox 1087 1894 1331 1980; x_wconf 90' lang='lat' dir='ltr'><strong>ubique</strong></span> <span class='ocrx_word' id='word_1_121' title='bbox 1373 1892 1792 1958; x_wconf 88' lang='lat' dir='ltr'><strong>Herodianus</strong></span> <span class='ocrx_word' id='word_1_122' title='bbox 1849 1891 2046 1976; x_wconf 87' lang='lat' dir='ltr'><strong>longa</strong></span> <span class='ocrx_word' id='word_1_123' title='bbox 2093 1891 2541 1979; x_wconf 76' lang='lat' dir='ltr'><strong>disputatione</strong></span> <span class='ocrx_word' id='word_1_124' title='bbox 2595 1892 3006 1957; x_wconf 87' lang='lat' dir='ltr'><strong>adversarios</strong></span> 
     </span>
     <span class='ocr_line' id='line_1_16' title="bbox 437 1993 3007 2080; baseline 0 -23"><span class='ocrx_word' id='word_1_125' title='bbox 437 1994 707 2077; x_wconf 84' lang='lat' dir='ltr'><strong>refellit,</strong></span> <span class='ocrx_word' id='word_1_126' title='bbox 777 1995 893 2061; x_wconf 89' lang='lat' dir='ltr'><strong>sed</strong></span> <span class='ocrx_word' id='word_1_127' title='bbox 959 1997 1121 2061; x_wconf 89' lang='lat' dir='ltr'><strong>satis</strong></span> <span class='ocrx_word' id='word_1_128' title='bbox 1189 1995 1420 2080; x_wconf 85' lang='lat' dir='ltr'><strong>habet,</strong></span> <span class='ocrx_word' id='word_1_129' title='bbox 1484 1995 1600 2061; x_wconf 89' lang='lat' dir='ltr'><strong>ubi</strong></span> <span class='ocrx_word' id='word_1_130' title='bbox 1665 2017 1748 2059; x_wconf 83' lang='lat' dir='ltr'><strong>ex</strong></span> <span class='ocrx_word' id='word_1_131' title='bbox 1814 1994 2068 2060; x_wconf 89' lang='lat' dir='ltr'><strong>duabus</strong></span> <span class='ocrx_word' id='word_1_132' title='bbox 2128 1993 2670 2080; x_wconf 83' lang='lat' dir='ltr'><strong>explicationibus</strong></span> <span class='ocrx_word' id='word_1_133' title='bbox 2736 1994 3007 2059; x_wconf 87' lang='lat' dir='ltr'><strong>alteram</strong></span> 
     </span>
     <span class='ocr_line' id='line_1_17' title="bbox 441 2095 3006 2184; baseline 0 -25"><span class='ocrx_word' id='word_1_134' title='bbox 441 2096 863 2161; x_wconf 89' lang='lat' dir='ltr'><strong>reiiciendam</strong></span> <span class='ocrx_word' id='word_1_135' title='bbox 915 2108 1172 2178; x_wconf 82' lang='lat' dir='ltr'><strong>censet,</strong></span> <span class='ocrx_word' id='word_1_136' title='bbox 1235 2107 1580 2184; x_wconf 82' lang='lat' dir='ltr'><strong>utramque</strong></span> <span class='ocrx_word' id='word_1_137' title='bbox 1634 2096 1929 2162; x_wconf 86' lang='lat' dir='ltr'><strong>breviter</strong></span> <span class='ocrx_word' id='word_1_138' title='bbox 1988 2118 2371 2182; x_wconf 87' lang='lat' dir='ltr'><strong>componere</strong></span> <span class='ocrx_word' id='word_1_139' title='bbox 2429 2108 2494 2162; x_wconf 91' lang='lat' dir='ltr'><strong>et</strong></span> <span class='ocrx_word' id='word_1_140' title='bbox 2548 2106 2891 2183; x_wconf 87' lang='lat' dir='ltr'><strong>praeterea</strong></span> <span class='ocrx_word' id='word_1_141' title='bbox 2943 2095 3006 2160; x_wconf 86' lang='lat' dir='ltr'><strong>in</strong></span> 
     </span>
     <span class='ocr_line' id='line_1_18' title="bbox 439 2197 3007 2287; baseline 0 -25"><span class='ocrx_word' id='word_1_142' title='bbox 439 2199 565 2263; x_wconf 88' lang='lat' dir='ltr'><strong>fine</strong></span> <span class='ocrx_word' id='word_1_143' title='bbox 621 2221 942 2264; x_wconf 87' lang='lat' dir='ltr'><strong>summam</strong></span> <span class='ocrx_word' id='word_1_144' title='bbox 1000 2197 1462 2287; x_wconf 74' lang='lat' dir='ltr'><strong>explicationis</strong></span> <span class='ocrx_word' id='word_1_145' title='bbox 1516 2198 1781 2263; x_wconf 89' lang='lat' dir='ltr'><strong>iterare:</strong></span> <span class='ocrx_word' id='word_1_146' title='bbox 1841 2198 1916 2262; x_wconf 87' lang='lat' dir='ltr'><strong>E.</strong></span> <span class='ocrx_word' id='word_1_147' title='bbox 1967 2198 2054 2262; x_wconf 91' lang='lat' dir='ltr'><strong>M.</strong></span> <span class='ocrx_word' id='word_1_148' title='bbox 2100 2199 2220 2279; x_wconf 85' lang='lat'><strong>44,</strong></span> <span class='ocrx_word' id='word_1_149' title='bbox 2266 2198 2350 2263; x_wconf 80' lang='lat'><strong>45</strong></span> <span class='ocrx_word' id='word_1_150' title='bbox 2404 2200 3007 2280; x_wconf 74' lang='grc' dir='ltr'><strong>ἀκαμαντοχάρμανῑ</strong></span> 
     </span>
     <span class='ocr_line' id='line_1_19' title="bbox 439 2301 3005 2387; baseline -0.001 -21"><span class='ocrx_word' id='word_1_151' title='bbox 439 2339 518 2347; x_wconf 89' lang='lat'><strong>——</strong></span> <span class='ocrx_word' id='word_1_152' title='bbox 545 2302 661 2366; x_wconf 86' lang='grc' dir='ltr'><strong>οὐκ</strong></span> <span class='ocrx_word' id='word_1_153' title='bbox 684 2302 809 2367; x_wconf 85' lang='grc' dir='ltr'>ἔςτι</span> <span class='ocrx_word' id='word_1_154' title='bbox 834 2304 1254 2387; x_wconf 87' lang='grc' dir='ltr'>πλεοναςμός,</span> <span class='ocrx_word' id='word_1_155' title='bbox 1278 2303 1446 2368; x_wconf 90' lang='grc' dir='ltr'>ἀλλὰ</span> <span class='ocrx_word' id='word_1_156' title='bbox 1476 2303 1688 2381; x_wconf 86' lang='grc' dir='ltr'>πλάνη</span> <span class='ocrx_word' id='word_1_157' title='bbox 1710 2303 1967 2367; x_wconf 87' lang='grc' dir='ltr'>κλίςεως</span> <span class='ocrx_word' id='word_1_158' title='bbox 1988 2338 2075 2349; x_wconf 90' lang='grc'>-</span> <span class='ocrx_word' id='word_1_159' title='bbox 2096 2303 2308 2381; x_wconf 86' lang='grc' dir='ltr'>πλάνη</span> <span class='ocrx_word' id='word_1_160' title='bbox 2344 2303 2468 2380; x_wconf 84' lang='grc' dir='ltr'><strong>ἄρα</strong></span> <span class='ocrx_word' id='word_1_161' title='bbox 2491 2304 2764 2368; x_wconf 89' lang='grc' dir='ltr'>κλίςεως.</span> <span class='ocrx_word' id='word_1_162' title='bbox 2810 2301 2887 2365; x_wconf 98' lang='grc' dir='ltr'><strong>Ε.</strong></span> <span class='ocrx_word' id='word_1_163' title='bbox 2916 2302 3005 2364; x_wconf 90' lang='lat' dir='ltr'><strong>M.</strong></span> 
     </span>
     <span class='ocr_line' id='line_1_20' title="bbox 443 2402 3009 2487; baseline 0 -21"><span class='ocrx_word' id='word_1_164' title='bbox 443 2403 581 2483; x_wconf 88' lang='lat'><strong>199,</strong></span> <span class='ocrx_word' id='word_1_165' title='bbox 626 2403 711 2467; x_wconf 81' lang='lat'><strong>52</strong></span> <span class='ocrx_word' id='word_1_166' title='bbox 757 2406 953 2487; x_wconf 83' lang='grc' dir='ltr'>βλείς,</span> <span class='ocrx_word' id='word_1_167' title='bbox 999 2406 1225 2484; x_wconf 81' lang='grc' dir='ltr'>κίνημα</span> <span class='ocrx_word' id='word_1_168' title='bbox 1267 2407 1389 2483; x_wconf 86' lang='grc' dir='ltr'><strong>γάρ</strong></span> <span class='ocrx_word' id='word_1_169' title='bbox 1434 2406 1535 2468; x_wconf 85' lang='grc' dir='ltr'><strong>καὶ</strong></span> <span class='ocrx_word' id='word_1_170' title='bbox 1580 2404 1659 2468; x_wconf 88' lang='grc' dir='ltr'><strong>οὐ</strong></span> <span class='ocrx_word' id='word_1_171' title='bbox 1705 2405 2003 2481; x_wconf 85' lang='grc' dir='ltr'>ςυγκοπή.</span> <span class='ocrx_word' id='word_1_172' title='bbox 2094 2402 2350 2483; x_wconf 80' lang='lat' dir='ltr'><strong>Quibus</strong></span> <span class='ocrx_word' id='word_1_173' title='bbox 2395 2426 2542 2468; x_wconf 87' lang='lat' dir='ltr'><strong>cum</strong></span> <span class='ocrx_word' id='word_1_174' title='bbox 2588 2402 2745 2466; x_wconf 88' lang='lat' dir='ltr'><strong>locis</strong></span> <span class='ocrx_word' id='word_1_175' title='bbox 2790 2403 2844 2466; x_wconf 90' lang='lat' dir='ltr'><strong>si</strong></span> <span class='ocrx_word' id='word_1_176' title='bbox 2891 2425 3009 2467; x_wconf 85' lang='lat' dir='ltr'><strong>con</strong></span> 
     </span>
     <span class='ocr_line' id='line_1_21' title="bbox 439 2503 3074 2593; baseline 0.001 -26"><span class='ocrx_word' id='word_1_177' title='bbox 439 2506 611 2569; x_wconf 86' lang='lat' dir='ltr'><strong>feras</strong></span> <span class='ocrx_word' id='word_1_178' title='bbox 650 2506 790 2587; x_wconf 77' lang='lat' dir='ltr'><strong>hoS‚</strong></span> <span class='ocrx_word' id='word_1_179' title='bbox 827 2506 1066 2593; x_wconf 88' lang='lat' dir='ltr'><strong>quibus</strong></span> <span class='ocrx_word' id='word_1_180' title='bbox 1101 2504 1465 2571; x_wconf 87' lang='lat' dir='ltr'><strong>Herodiani</strong></span> <span class='ocrx_word' id='word_1_181' title='bbox 1498 2526 1732 2569; x_wconf 90' lang='lat' dir='ltr'><strong>nomen</strong></span> <span class='ocrx_word' id='word_1_182' title='bbox 1767 2528 1897 2570; x_wconf 88' lang='lat' dir='ltr'><strong>non</strong></span> <span class='ocrx_word' id='word_1_183' title='bbox 1934 2503 2372 2590; x_wconf 87' lang='lat' dir='ltr'><strong>subscriptum</strong></span> <span class='ocrx_word' id='word_1_184' title='bbox 2408 2514 2535 2569; x_wconf 88' lang='lat' dir='ltr'><strong>est:</strong></span> <span class='ocrx_word' id='word_1_185' title='bbox 2574 2505 2655 2568; x_wconf 87' lang='lat' dir='ltr'><strong>E.</strong></span> <span class='ocrx_word' id='word_1_186' title='bbox 2682 2503 2772 2568; x_wconf 92' lang='lat' dir='ltr'><strong>M.</strong></span> <span class='ocrx_word' id='word_1_187' title='bbox 2797 2506 2944 2587; x_wconf 80' lang='lat'><strong>385,</strong></span> <span class='ocrx_word' id='word_1_188' title='bbox 2971 2507 3012 2569; x_wconf 85' lang='lat'>9</span> <span class='ocrx_word' id='word_1_189' title='bbox 3070 2522 3074 2526; x_wconf 58' lang='lat'><strong>⁴</strong></span> 
     </span>
     <span class='ocr_line' id='line_1_22' title="bbox 442 2606 3012 2694; baseline 0 -23"><span class='ocrx_word' id='word_1_190' title='bbox 442 2609 744 2687; x_wconf 88' lang='grc' dir='ltr'>ἐςυνῆκεν</span> <span class='ocrx_word' id='word_1_191' title='bbox 793 2606 948 2689; x_wconf 85' lang='lat' dir='ltr'><strong>(scr.</strong></span> <span class='ocrx_word' id='word_1_192' title='bbox 982 2607 1340 2694; x_wconf 77' lang='grc' dir='ltr'>ἑςύνηκεν);</span> <span class='ocrx_word' id='word_1_193' title='bbox 1391 2607 1508 2673; x_wconf 86' lang='grc' dir='ltr'><strong>οὐκ</strong></span> <span class='ocrx_word' id='word_1_194' title='bbox 1552 2608 1679 2673; x_wconf 85' lang='grc' dir='ltr'>ἔςτι</span> <span class='ocrx_word' id='word_1_195' title='bbox 1726 2609 1796 2671; x_wconf 77' lang='grc' dir='ltr'><strong>δὲ</strong></span> <span class='ocrx_word' id='word_1_196' title='bbox 1841 2609 2271 2690; x_wconf 66' lang='grc' dir='ltr'>πλεοναςμός,</span> <span class='ocrx_word' id='word_1_197' title='bbox 2318 2607 2484 2674; x_wconf 76' lang='grc' dir='ltr'>ἀλλὰ</span> <span class='ocrx_word' id='word_1_198' title='bbox 2513 2608 2752 2686; x_wconf 87' lang='grc' dir='ltr'>Ἀττικὴ</span> <span class='ocrx_word' id='word_1_199' title='bbox 2797 2608 3012 2683; x_wconf 86' lang='grc' dir='ltr'>κλίςις;</span> 
     </span>
     <span class='ocr_line' id='line_1_23' title="bbox 439 2695 3014 2795; baseline 0.001 -24"><span class='ocrx_word' id='word_1_200' title='bbox 439 2709 594 2791; x_wconf 84' lang='grc'>437,</span> <span class='ocrx_word' id='word_1_201' title='bbox 639 2710 725 2772; x_wconf 79' lang='lat'><strong>54</strong></span> <span class='ocrx_word' id='word_1_202' title='bbox 768 2711 936 2795; x_wconf 85' lang='grc' dir='ltr'>ἥρῳ;</span> <span class='ocrx_word' id='word_1_203' title='bbox 993 2712 1183 2778; x_wconf 85' lang='grc' dir='ltr'>κλὶςις</span> <span class='ocrx_word' id='word_1_204' title='bbox 1227 2695 1330 2776; x_wconf 80' lang='grc' dir='ltr'><strong>καὶ</strong></span> <span class='ocrx_word' id='word_1_205' title='bbox 1386 2710 1504 2775; x_wconf 85' lang='grc' dir='ltr'><strong>οὐκ</strong></span> <span class='ocrx_word' id='word_1_206' title='bbox 1560 2708 1877 2788; x_wconf 87' lang='grc' dir='ltr'>ἀποκοπή.</span> <span class='ocrx_word' id='word_1_207' title='bbox 1964 2708 2120 2790; x_wconf 87' lang='grc'>230,</span> <span class='ocrx_word' id='word_1_208' title='bbox 2166 2708 2250 2772; x_wconf 83' lang='grc'><strong>50</strong></span> <span class='ocrx_word' id='word_1_209' title='bbox 2301 2709 2524 2790; x_wconf 86' lang='grc' dir='ltr'>γηράς;</span> <span class='ocrx_word' id='word_1_210' title='bbox 2584 2711 2701 2775; x_wconf 85' lang='grc' dir='ltr'><strong>οὐκ</strong></span> <span class='ocrx_word' id='word_1_211' title='bbox 2758 2709 2882 2775; x_wconf 79' lang='grc' dir='ltr'>ἔςτι</span> <span class='ocrx_word' id='word_1_212' title='bbox 2943 2711 3014 2773; x_wconf 80' lang='grc' dir='ltr'><strong>δέ</strong></span> 
     </span>
     <span class='ocr_line' id='line_1_24' title="bbox 445 2811 3013 2896; baseline 0.002 -22"><span class='ocrx_word' id='word_1_213' title='bbox 445 2812 563 2893; x_wconf 91' lang='lat' dir='ltr'><strong>(sc.</strong></span> <span class='ocrx_word' id='word_1_214' title='bbox 614 2812 960 2896; x_wconf 82' lang='grc' dir='ltr'>ςυγκοπή),</span> <span class='ocrx_word' id='word_1_215' title='bbox 1006 2813 1147 2878; x_wconf 79' lang='grc' dir='ltr'>ἀλλ’</span> <span class='ocrx_word' id='word_1_216' title='bbox 1192 2814 1449 2892; x_wconf 84' lang='grc' dir='ltr'>ἐντελὴς</span> <span class='ocrx_word' id='word_1_217' title='bbox 1493 2813 1531 2889; x_wconf 84' lang='grc' dir='ltr'>ἡ</span> <span class='ocrx_word' id='word_1_218' title='bbox 1576 2812 1783 2877; x_wconf 90' lang='grc' dir='ltr'>κλίςις.</span> <span class='ocrx_word' id='word_1_219' title='bbox 1871 2811 2018 2892; x_wconf 84' lang='lat'><strong>643,</strong></span> <span class='ocrx_word' id='word_1_220' title='bbox 2063 2811 2145 2873; x_wconf 93' lang='grc'><strong>22</strong></span> <span class='ocrx_word' id='word_1_221' title='bbox 2192 2813 2431 2877; x_wconf 85' lang='grc' dir='ltr'>οὑτοςί;</span> <span class='ocrx_word' id='word_1_222' title='bbox 2493 2812 2609 2877; x_wconf 87' lang='grc' dir='ltr'><strong>οὐκ</strong></span> <span class='ocrx_word' id='word_1_223' title='bbox 2653 2812 2778 2893; x_wconf 87' lang='grc' dir='ltr'><strong>ἄρα</strong></span> <span class='ocrx_word' id='word_1_224' title='bbox 2808 2818 3013 2879; x_wconf 87' lang='grc' dir='ltr'>,πλεο-</span> 
     </span>
     <span class='ocr_line' id='line_1_25' title="bbox 441 2913 3013 2998; baseline 0.001 -19"><span class='ocrx_word' id='word_1_225' title='bbox 441 2916 702 2998; x_wconf 89' lang='grc' dir='ltr'><strong>ναςμός,</strong></span> <span class='ocrx_word' id='word_1_226' title='bbox 748 2915 913 2980; x_wconf 86' lang='grc' dir='ltr'>ἀλλὰ</span> <span class='ocrx_word' id='word_1_227' title='bbox 956 2918 1336 2994; x_wconf 84' lang='grc' dir='ltr'><strong>παραγωγή;</strong></span> <span class='ocrx_word' id='word_1_228' title='bbox 1384 2913 1527 2994; x_wconf 83' lang='grc'>759,</span> <span class='ocrx_word' id='word_1_229' title='bbox 1578 2913 1657 2976; x_wconf 88' lang='lat'><strong>19</strong></span> <span class='ocrx_word' id='word_1_230' title='bbox 1698 2914 1875 2978; x_wconf 81' lang='grc' dir='ltr'>τίπτε</span> <span class='ocrx_word' id='word_1_231' title='bbox 1918 2950 2002 2959; x_wconf 95' lang='grc'>-</span> <span class='ocrx_word' id='word_1_232' title='bbox 2047 2914 2165 2979; x_wconf 86' lang='grc' dir='ltr'><strong>οὐκ</strong></span> <span class='ocrx_word' id='word_1_233' title='bbox 2209 2915 2485 2993; x_wconf 80' lang='grc' dir='ltr'>ἐπιζητεῖ</span> <span class='ocrx_word' id='word_1_234' title='bbox 2511 2950 2598 2961; x_wconf 93' lang='grc'><strong>-</strong></span> <span class='ocrx_word' id='word_1_235' title='bbox 2626 2917 2742 2980; x_wconf 86' lang='grc' dir='ltr'><strong>τὸν</strong></span> <span class='ocrx_word' id='word_1_236' title='bbox 2774 2918 3013 2995; x_wconf 86' lang='grc' dir='ltr'>χρόνον</span> 
     </span>
     <span class='ocr_line' id='line_1_26' title="bbox 440 3016 3016 3101; baseline 0 -20"><span class='ocrx_word' id='word_1_237' title='bbox 440 3021 556 3081; x_wconf 82' lang='grc' dir='ltr'><strong>τοῦ</strong></span> <span class='ocrx_word' id='word_1_238' title='bbox 601 3017 927 3101; x_wconf 78' lang='grc' dir='ltr'>δακρύειν,</span> <span class='ocrx_word' id='word_1_239' title='bbox 973 3017 1139 3082; x_wconf 89' lang='grc' dir='ltr'>ἀλλὰ</span> <span class='ocrx_word' id='word_1_240' title='bbox 1169 3018 1327 3082; x_wconf 85' lang='grc' dir='ltr'><strong>κατὰ</strong></span> <span class='ocrx_word' id='word_1_241' title='bbox 1357 3018 1688 3097; x_wconf 86' lang='grc' dir='ltr'>παρολκὴν</span> <span class='ocrx_word' id='word_1_242' title='bbox 1735 3017 2148 3100; x_wconf 85' lang='grc' dir='ltr'>λαμβάνεται,</span> <span class='ocrx_word' id='word_1_243' title='bbox 2192 3017 2516 3095; x_wconf 88' lang='grc' dir='ltr'>παρέλκον</span> <span class='ocrx_word' id='word_1_244' title='bbox 2562 3016 2681 3082; x_wconf 84' lang='grc' dir='ltr'><strong>οὖν</strong></span> <span class='ocrx_word' id='word_1_245' title='bbox 2727 3018 3016 3083; x_wconf 78' lang='grc' dir='ltr'>ἔςτιν.--</span> 
     </span>
     <span class='ocr_line' id='line_1_27' title="bbox 444 3117 3010 3205; baseline -0 -22"><span class='ocrx_word' id='word_1_246' title='bbox 444 3119 586 3200; x_wconf 89' lang='grc'>771,</span> <span class='ocrx_word' id='word_1_247' title='bbox 631 3119 715 3183; x_wconf 82' lang='lat'><strong>35</strong></span> <span class='ocrx_word' id='word_1_248' title='bbox 757 3121 1054 3199; x_wconf 89' lang='grc' dir='ltr'>τυγχάνω</span> <span class='ocrx_word' id='word_1_249' title='bbox 1095 3157 1183 3168; x_wconf 87' lang='lat'><strong>-·</strong></span> <span class='ocrx_word' id='word_1_250' title='bbox 1227 3120 1350 3185; x_wconf 83' lang='grc' dir='ltr'>ἐςτὶ</span> <span class='ocrx_word' id='word_1_251' title='bbox 1405 3119 1797 3199; x_wconf 82' lang='grc' dir='ltr'><strong>παραγωγὸν</strong></span> <span class='ocrx_word' id='word_1_252' title='bbox 1852 3120 1953 3182; x_wconf 88' lang='grc' dir='ltr'><strong>καὶ</strong></span> <span class='ocrx_word' id='word_1_253' title='bbox 2010 3118 2088 3183; x_wconf 84' lang='grc' dir='ltr'><strong>οὐ</strong></span> <span class='ocrx_word' id='word_1_254' title='bbox 2143 3120 2560 3199; x_wconf 90' lang='grc' dir='ltr'>πλεοναςμός.</span> <span class='ocrx_word' id='word_1_255' title='bbox 2645 3118 2770 3205; x_wconf 88' lang='lat' dir='ltr'><strong>Ep.</strong></span> <span class='ocrx_word' id='word_1_256' title='bbox 2819 3117 3010 3183; x_wconf 86' lang='lat' dir='ltr'><strong>Hom.</strong></span> 
     </span>
     <span class='ocr_line' id='line_1_28' title="bbox 442 3220 3013 3305; baseline 0.001 -22"><span class='ocrx_word' id='word_1_257' title='bbox 442 3220 597 3302; x_wconf 85' lang='lat'><strong>373,</strong></span> <span class='ocrx_word' id='word_1_258' title='bbox 643 3220 732 3283; x_wconf 82' lang='grc'><strong>29.</strong></span> <span class='ocrx_word' id='word_1_259' title='bbox 780 3222 1115 3302; x_wconf 83' lang='grc' dir='ltr'><strong>παρείατο;</strong></span> <span class='ocrx_word' id='word_1_260' title='bbox 1173 3223 1292 3287; x_wconf 86' lang='grc' dir='ltr'><strong>οὐκ</strong></span> <span class='ocrx_word' id='word_1_261' title='bbox 1346 3221 1472 3287; x_wconf 84' lang='grc' dir='ltr'>ἔςτι</span> <span class='ocrx_word' id='word_1_262' title='bbox 1539 3222 1610 3285; x_wconf 77' lang='grc' dir='ltr'><strong>δὲ</strong></span> <span class='ocrx_word' id='word_1_263' title='bbox 1665 3221 2096 3304; x_wconf 90' lang='grc' dir='ltr'>πλεοναςμός,</span> <span class='ocrx_word' id='word_1_264' title='bbox 2164 3220 2330 3286; x_wconf 86' lang='grc' dir='ltr'>ἀλλὰ</span> <span class='ocrx_word' id='word_1_265' title='bbox 2387 3223 2810 3301; x_wconf 87' lang='grc' dir='ltr'>πληθυντικόν</span> <span class='ocrx_word' id='word_1_266' title='bbox 2867 3223 3013 3305; x_wconf 82' lang='grc' dir='ltr'>ἐςτι,</span> 
     </span>
     <span class='ocr_line' id='line_1_29' title="bbox 445 3320 2621 3388; baseline 0.001 -4"><span class='ocrx_word' id='word_1_267' title='bbox 445 3320 884 3386; x_wconf 85' lang='lat' dir='ltr'><strong>Herodianum</strong></span> <span class='ocrx_word' id='word_1_268' title='bbox 928 3333 1252 3388; x_wconf 86' lang='lat' dir='ltr'><strong>auctorem</strong></span> <span class='ocrx_word' id='word_1_269' title='bbox 1298 3345 1440 3387; x_wconf 87' lang='lat' dir='ltr'><strong>esse</strong></span> <span class='ocrx_word' id='word_1_270' title='bbox 1481 3320 1674 3386; x_wconf 88' lang='lat' dir='ltr'><strong>facile</strong></span> <span class='ocrx_word' id='word_1_271' title='bbox 1719 3320 2054 3387; x_wconf 74' lang='lat' dir='ltr'><strong>concedeS.</strong></span> <span class='ocrx_word' id='word_1_272' title='bbox 2620 3326 2621 3329; x_wconf 72' lang='grc'>’</span> 
     </span>
    </p>

    <p class='ocr_par' dir='ltr' id='par_1_6' title="bbox 439 3423 3019 4939">
     <span class='ocr_line' id='line_1_30' title="bbox 607 3423 3014 3510; baseline 0 -21"><span class='ocrx_word' id='word_1_273' title='bbox 607 3424 740 3489; x_wconf 89' lang='lat' dir='ltr'><strong>Ubi</strong></span> <span class='ocrx_word' id='word_1_274' title='bbox 785 3423 1055 3488; x_wconf 85' lang='lat' dir='ltr'><strong>alteram</strong></span> <span class='ocrx_word' id='word_1_275' title='bbox 1099 3423 1696 3510; x_wconf 83' lang='lat' dir='ltr'><strong>interpretationem</strong></span> <span class='ocrx_word' id='word_1_276' title='bbox 1726 3423 1982 3489; x_wconf 86' lang='lat' dir='ltr'><strong>admitti</strong></span> <span class='ocrx_word' id='word_1_277' title='bbox 2011 3446 2203 3510; x_wconf 87' lang='lat' dir='ltr'><strong>posse</strong></span> <span class='ocrx_word' id='word_1_278' title='bbox 2236 3424 2573 3489; x_wconf 77' lang='lat' dir='ltr'><strong>existimat</strong></span> <span class='ocrx_word' id='word_1_279' title='bbox 2602 3425 3014 3491; x_wconf 83' lang='lat' dir='ltr'><strong>Herodianus</strong></span> 
     </span>
     <span class='ocr_line' id='line_1_31' title="bbox 443 3525 3017 3615; baseline 0.002 -26"><span class='ocrx_word' id='word_1_280' title='bbox 443 3525 511 3590; x_wconf 91' lang='lat' dir='ltr'><strong>id</strong></span> <span class='ocrx_word' id='word_1_281' title='bbox 554 3525 1004 3592; x_wconf 87' lang='lat' dir='ltr'><strong>huiuscemodi</strong></span> <span class='ocrx_word' id='word_1_282' title='bbox 1045 3527 1267 3591; x_wconf 86' lang='lat' dir='ltr'><strong>verbis</strong></span> <span class='ocrx_word' id='word_1_283' title='bbox 1312 3525 1601 3590; x_wconf 88' lang='lat' dir='ltr'><strong>indicare</strong></span> <span class='ocrx_word' id='word_1_284' title='bbox 1646 3525 2010 3591; x_wconf 86' lang='lat' dir='ltr'><strong>consuevit:</strong></span> <span class='ocrx_word' id='word_1_285' title='bbox 2070 3526 2434 3607; x_wconf 85' lang='grc' dir='ltr'>ἀμφίβολον</span> <span class='ocrx_word' id='word_1_286' title='bbox 2492 3529 2631 3592; x_wconf 88' lang='lat' dir='ltr'><strong>sive</strong></span> <span class='ocrx_word' id='word_1_287' title='bbox 2676 3531 2918 3615; x_wconf 85' lang='grc' dir='ltr'>διςςόν,</span> <span class='ocrx_word' id='word_1_288' title='bbox 2964 3532 3017 3595; x_wconf 90' lang='grc' dir='ltr'><strong>εἰ</strong></span> 
     </span>
     <span class='ocr_line' id='line_1_32' title="bbox 444 3626 3017 3713; baseline 0.002 -19"><span class='ocrx_word' id='word_1_289' title='bbox 444 3632 557 3709; x_wconf 78' lang='grc' dir='ltr'><strong>μὲν</strong></span> <span class='ocrx_word' id='word_1_290' title='bbox 601 3666 685 3677; x_wconf 92' lang='grc'>-</span> <span class='ocrx_word' id='word_1_291' title='bbox 730 3629 786 3694; x_wconf 82' lang='grc' dir='ltr'><strong>εἰ</strong></span> <span class='ocrx_word' id='word_1_292' title='bbox 829 3631 931 3713; x_wconf 78' lang='grc' dir='ltr'>δέ,</span> <span class='ocrx_word' id='word_1_293' title='bbox 979 3630 1176 3694; x_wconf 86' lang='grc' dir='ltr'>ὁπότε</span> <span class='ocrx_word' id='word_1_294' title='bbox 1207 3631 1335 3708; x_wconf 81' lang='grc' dir='ltr'>’μὲν</span> <span class='ocrx_word' id='word_1_295' title='bbox 1378 3665 1463 3677; x_wconf 84' lang='grc'><strong>-</strong></span> <span class='ocrx_word' id='word_1_296' title='bbox 1505 3630 1545 3707; x_wconf 88' lang='grc' dir='ltr'><strong>ἤ</strong></span> <span class='ocrx_word' id='word_1_297' title='bbox 1590 3627 1670 3692; x_wconf 89' lang='grc' dir='ltr'><strong>Ε.</strong></span> <span class='ocrx_word' id='word_1_298' title='bbox 1716 3626 1807 3691; x_wconf 87' lang='grc' dir='ltr'><strong>Μ.</strong></span> <span class='ocrx_word' id='word_1_299' title='bbox 1852 3628 2011 3709; x_wconf 83' lang='grc'>347,</span> <span class='ocrx_word' id='word_1_300' title='bbox 2058 3627 2098 3689; x_wconf 92' lang='grc'>9</span> <span class='ocrx_word' id='word_1_301' title='bbox 2142 3629 2206 3695; x_wconf 81' lang='grc' dir='ltr'><strong>ἐξ</strong></span> <span class='ocrx_word' id='word_1_302' title='bbox 2250 3630 2480 3694; x_wconf 72' lang='grc' dir='ltr'>Ἀθόωτ</span> <span class='ocrx_word' id='word_1_303' title='bbox 2528 3629 2919 3712; x_wconf 82' lang='grc' dir='ltr'>ἀμφίβολον·</span> <span class='ocrx_word' id='word_1_304' title='bbox 2964 3634 3017 3697; x_wconf 86' lang='grc' dir='ltr'><strong>εἰ</strong></span> 
     </span>
     <span class='ocr_line' id='line_1_33' title="bbox 444 3730 3015 3815; baseline 0.001 -19"><span class='ocrx_word' id='word_1_305' title='bbox 444 3734 557 3809; x_wconf 80' lang='grc' dir='ltr'><strong>μὲν</strong></span> <span class='ocrx_word' id='word_1_306' title='bbox 602 3733 726 3811; x_wconf 84' lang='grc' dir='ltr'><strong>γὰρ</strong></span> <span class='ocrx_word' id='word_1_307' title='bbox 770 3732 945 3810; x_wconf 88' lang='grc' dir='ltr'><strong>παρὰ</strong></span> <span class='ocrx_word' id='word_1_308' title='bbox 998 3733 1074 3796; x_wconf 87' lang='grc' dir='ltr'><strong>τὸ</strong></span> <span class='ocrx_word' id='word_1_309' title='bbox 1116 3733 1322 3796; x_wconf 84' lang='grc' dir='ltr'>Ἄθως</span> <span class='ocrx_word' id='word_1_310' title='bbox 1363 3732 1566 3811; x_wconf 84' lang='grc' dir='ltr'>Ἄθω,</span> <span class='ocrx_word' id='word_1_311' title='bbox 1622 3730 1747 3795; x_wconf 82' lang='grc' dir='ltr'>ἐςτὶ</span> <span class='ocrx_word' id='word_1_312' title='bbox 1800 3732 2203 3809; x_wconf 89' lang='grc' dir='ltr'>πλεοναςμὸς</span> <span class='ocrx_word' id='word_1_313' title='bbox 2254 3737 2370 3796; x_wconf 84' lang='grc' dir='ltr'><strong>τοῦ</strong></span> <span class='ocrx_word' id='word_1_314' title='bbox 2417 3735 2485 3815; x_wconf 84' lang='grc' dir='ltr'><strong>ὂ,</strong></span> <span class='ocrx_word' id='word_1_315' title='bbox 2540 3734 2595 3796; x_wconf 86' lang='grc' dir='ltr'><strong>εἰ</strong></span> <span class='ocrx_word' id='word_1_316' title='bbox 2651 3735 2722 3797; x_wconf 77' lang='grc' dir='ltr'><strong>δὲ</strong></span> <span class='ocrx_word' id='word_1_317' title='bbox 2778 3734 3015 3813; x_wconf 82' lang='grc' dir='ltr'>εἴρηται</span> 
     </span>
     <span class='ocr_line' id='line_1_34' title="bbox 444 3830 3014 3916; baseline 0.002 -19"><span class='ocrx_word' id='word_1_318' title='bbox 444 3833 679 3897; x_wconf 86' lang='grc' dir='ltr'>Ἀθόως</span> <span class='ocrx_word' id='word_1_319' title='bbox 741 3834 977 3916; x_wconf 83' lang='grc' dir='ltr'>Ἀθόω,</span> <span class='ocrx_word' id='word_1_320' title='bbox 1044 3834 1162 3898; x_wconf 86' lang='grc' dir='ltr'><strong>οὐκ</strong></span> <span class='ocrx_word' id='word_1_321' title='bbox 1228 3833 1319 3897; x_wconf 85' lang='grc' dir='ltr'><strong>ἔτι</strong></span> <span class='ocrx_word' id='word_1_322' title='bbox 1384 3832 1739 3899; x_wconf 84' lang='grc' dir='ltr'>πλεονάζει.</span> <span class='ocrx_word' id='word_1_323' title='bbox 1846 3830 1928 3894; x_wconf 91' lang='grc' dir='ltr'><strong>Ε.</strong></span> <span class='ocrx_word' id='word_1_324' title='bbox 1983 3830 2076 3894; x_wconf 90' lang='grc' dir='ltr'><strong>Μ.</strong></span> <span class='ocrx_word' id='word_1_325' title='bbox 2129 3831 2254 3896; x_wconf 82' lang='lat'><strong>566</strong></span> <span class='ocrx_word' id='word_1_326' title='bbox 2316 3836 2541 3913; x_wconf 89' lang='grc' dir='ltr'>λιμήρη</span> <span class='ocrx_word' id='word_1_327' title='bbox 2609 3834 3014 3915; x_wconf 84' lang='grc' dir='ltr'>Ἐπίδαυρον;</span> 
     </span>
     <span class='ocr_line' id='line_1_35' title="bbox 440 3934 3017 4019; baseline 0.001 -19"><span class='ocrx_word' id='word_1_328' title='bbox 440 3939 636 4000; x_wconf 83' lang='grc' dir='ltr'>τοῦτο</span> <span class='ocrx_word' id='word_1_329' title='bbox 682 3936 890 4000; x_wconf 79' lang='grc' dir='ltr'>διςςόν</span> <span class='ocrx_word' id='word_1_330' title='bbox 937 3935 1077 3999; x_wconf 84' lang='grc' dir='ltr'>ἑςτι.</span> <span class='ocrx_word' id='word_1_331' title='bbox 1167 3935 1363 3999; x_wconf 86' lang='grc' dir='ltr'>ὁπότε</span> <span class='ocrx_word' id='word_1_332' title='bbox 1410 3936 1524 4015; x_wconf 77' lang='grc' dir='ltr'><strong>μὲν</strong></span> <span class='ocrx_word' id='word_1_333' title='bbox 1567 3935 1743 4014; x_wconf 87' lang='grc' dir='ltr'><strong>παρὰ</strong></span> <span class='ocrx_word' id='word_1_334' title='bbox 1795 3935 1872 3998; x_wconf 88' lang='grc' dir='ltr'><strong>τὸ</strong></span> <span class='ocrx_word' id='word_1_335' title='bbox 1919 3934 2172 4013; x_wconf 84' lang='grc' dir='ltr'>λιμένος</span> <span class='ocrx_word' id='word_1_336' title='bbox 2231 3937 2563 4019; x_wconf 85' lang='grc' dir='ltr'>λιμενήρη,</span> <span class='ocrx_word' id='word_1_337' title='bbox 2618 3938 2655 4014; x_wconf 85' lang='grc' dir='ltr'>ἢ</span> <span class='ocrx_word' id='word_1_338' title='bbox 2710 3940 2886 4015; x_wconf 86' lang='grc' dir='ltr'><strong>παρὰ</strong></span> <span class='ocrx_word' id='word_1_339' title='bbox 2940 3940 3017 4002; x_wconf 85' lang='grc' dir='ltr'><strong>τὸ</strong></span> 
     </span>
     <span class='ocr_line' id='line_1_36' title="bbox 443 4034 3017 4120; baseline 0 -18"><span class='ocrx_word' id='word_1_340' title='bbox 443 4040 757 4116; x_wconf 84' lang='grc' dir='ltr'>λειμῶνος</span> <span class='ocrx_word' id='word_1_341' title='bbox 802 4038 1159 4116; x_wconf 87' lang='grc' dir='ltr'>λειμωνήρη</span> <span class='ocrx_word' id='word_1_342' title='bbox 1207 4037 1449 4115; x_wconf 87' lang='grc' dir='ltr'>λιμήρη.</span> <span class='ocrx_word' id='word_1_343' title='bbox 1536 4035 1618 4100; x_wconf 89' lang='grc' dir='ltr'><strong>Ε.</strong></span> <span class='ocrx_word' id='word_1_344' title='bbox 1662 4034 1755 4099; x_wconf 88' lang='grc' dir='ltr'><strong>Μ.</strong></span> <span class='ocrx_word' id='word_1_345' title='bbox 1804 4035 1957 4117; x_wconf 87' lang='grc'>176,</span> <span class='ocrx_word' id='word_1_346' title='bbox 2002 4035 2088 4100; x_wconf 84' lang='grc'><strong>45</strong></span> <span class='ocrx_word' id='word_1_347' title='bbox 2141 4035 2432 4118; x_wconf 83' lang='grc' dir='ltr'>ἀφὲωκα;</span> <span class='ocrx_word' id='word_1_348' title='bbox 2490 4039 2566 4102; x_wconf 88' lang='grc' dir='ltr'><strong>τὸ</strong></span> <span class='ocrx_word' id='word_1_349' title='bbox 2622 4039 2779 4117; x_wconf 82' lang='grc' dir='ltr'><strong>θὲμα</strong></span> <span class='ocrx_word' id='word_1_350' title='bbox 2825 4038 3017 4120; x_wconf 88' lang='grc' dir='ltr'>ἀμφί-</span> 
     </span>
     <span class='ocr_line' id='line_1_37' title="bbox 443 4136 3018 4221; baseline 0.001 -17"><span class='ocrx_word' id='word_1_351' title='bbox 443 4143 644 4219; x_wconf 86' lang='grc' dir='ltr'>βολον</span> <span class='ocrx_word' id='word_1_352' title='bbox 687 4143 816 4204; x_wconf 92' lang='grc' dir='ltr'><strong>κτλ.</strong></span> <span class='ocrx_word' id='word_1_353' title='bbox 904 4136 1079 4202; x_wconf 89' lang='lat' dir='ltr'><strong>Hinc</strong></span> <span class='ocrx_word' id='word_1_354' title='bbox 1131 4137 1580 4203; x_wconf 87' lang='lat' dir='ltr'><strong>Herodianum</strong></span> <span class='ocrx_word' id='word_1_355' title='bbox 1634 4158 1951 4221; x_wconf 87' lang='lat' dir='ltr'><strong>agnosces</strong></span> <span class='ocrx_word' id='word_1_356' title='bbox 2006 4136 2075 4200; x_wconf 90' lang='lat' dir='ltr'><strong>in</strong></span> <span class='ocrx_word' id='word_1_357' title='bbox 2120 4137 2200 4201; x_wconf 90' lang='grc' dir='ltr'><strong>Ε.</strong></span> <span class='ocrx_word' id='word_1_358' title='bbox 2246 4137 2337 4203; x_wconf 90' lang='grc' dir='ltr'><strong>Μ.</strong></span> <span class='ocrx_word' id='word_1_359' title='bbox 2383 4138 2541 4220; x_wconf 83' lang='grc'>579,</span> <span class='ocrx_word' id='word_1_360' title='bbox 2593 4140 2671 4203; x_wconf 89' lang='grc'><strong>19</strong></span> <span class='ocrx_word' id='word_1_361' title='bbox 2729 4142 3018 4207; x_wconf 86' lang='grc' dir='ltr'><strong>Μενέλας</strong></span> 
     </span>
     <span class='ocr_line' id='line_1_38' title="bbox 441 4240 3017 4329; baseline 0.002 -25"><span class='ocrx_word' id='word_1_362' title='bbox 441 4262 508 4305; x_wconf 90' lang='grc' dir='ltr'><strong>τε</strong></span> <span class='ocrx_word' id='word_1_363' title='bbox 567 4243 667 4305; x_wconf 84' lang='grc' dir='ltr'><strong>καὶ</strong></span> <span class='ocrx_word' id='word_1_364' title='bbox 711 4242 1132 4321; x_wconf 86' lang='grc' dir='ltr'><strong>Ἀγαμέμνων.</strong></span> <span class='ocrx_word' id='word_1_365' title='bbox 1188 4277 1275 4288; x_wconf 94' lang='lat'>—</span> <span class='ocrx_word' id='word_1_366' title='bbox 1328 4240 1466 4306; x_wconf 84' lang='grc' dir='ltr'><strong>ἀπὸ</strong></span> <span class='ocrx_word' id='word_1_367' title='bbox 1516 4245 1633 4306; x_wconf 83' lang='grc' dir='ltr'><strong>τοῦ</strong></span> <span class='ocrx_word' id='word_1_368' title='bbox 1692 4241 2055 4306; x_wconf 57' lang='grc' dir='ltr'><strong>Μενέλαος</strong></span> <span class='ocrx_word' id='word_1_369' title='bbox 2109 4240 2475 4321; x_wconf 85' lang='grc' dir='ltr'>ἀμφίβολον</span> <span class='ocrx_word' id='word_1_370' title='bbox 2542 4241 2668 4307; x_wconf 88' lang='grc' dir='ltr'>εἴτε</span> <span class='ocrx_word' id='word_1_371' title='bbox 2733 4251 3017 4329; x_wconf 82' lang='grc' dir='ltr'>ςυγκοπῇ</span> 
     </span>
     <span class='ocr_line' id='line_1_39' title="bbox 445 4342 3017 4435; baseline 0.002 -28"><span class='ocrx_word' id='word_1_372' title='bbox 445 4344 737 4408; x_wconf 83' lang='grc' dir='ltr'><strong>Μενέλας</strong></span> <span class='ocrx_word' id='word_1_373' title='bbox 781 4344 884 4407; x_wconf 86' lang='grc' dir='ltr'><strong>καὶ</strong></span> <span class='ocrx_word' id='word_1_374' title='bbox 926 4345 1232 4423; x_wconf 86' lang='grc' dir='ltr'>Δορύλας</span> <span class='ocrx_word' id='word_1_375' title='bbox 1276 4342 1400 4408; x_wconf 80' lang='grc' dir='ltr'>εἴτε</span> <span class='ocrx_word' id='word_1_376' title='bbox 1431 4344 1639 4422; x_wconf 86' lang='grc' dir='ltr'>κράςει</span> <span class='ocrx_word' id='word_1_377' title='bbox 1682 4347 1799 4407; x_wconf 82' lang='grc' dir='ltr'><strong>τοῦ</strong></span> <span class='ocrx_word' id='word_1_378' title='bbox 1844 4346 1882 4405; x_wconf 82' lang='grc' dir='ltr'><strong><em>ὃ</em></strong></span> <span class='ocrx_word' id='word_1_379' title='bbox 1929 4345 2030 4407; x_wconf 82' lang='grc' dir='ltr'><strong>καὶ</strong></span> <span class='ocrx_word' id='word_1_380' title='bbox 2073 4346 2114 4405; x_wconf 82' lang='grc' dir='ltr'>ἃ</span> <span class='ocrx_word' id='word_1_381' title='bbox 2159 4342 2245 4408; x_wconf 88' lang='grc' dir='ltr'><strong>εἰς</strong></span> <span class='ocrx_word' id='word_1_382' title='bbox 2290 4346 2331 4405; x_wconf 80' lang='grc' dir='ltr'><strong>ἃ</strong></span> <span class='ocrx_word' id='word_1_383' title='bbox 2375 4345 2612 4423; x_wconf 87' lang='grc' dir='ltr'>μακρόν</span> <span class='ocrx_word' id='word_1_384' title='bbox 2661 4346 2750 4435; x_wconf 63' lang='lat' dir='ltr'><strong>dic</strong></span> <span class='ocrx_word' id='word_1_385' title='bbox 2795 4346 3017 4411; x_wconf 85' lang='grc' dir='ltr'>ἑλέξαο</span> 
     </span>
     <span class='ocr_line' id='line_1_40' title="bbox 442 4443 3018 4525; baseline 0.002 -18"><span class='ocrx_word' id='word_1_386' title='bbox 442 4444 628 4511; x_wconf 80' lang='grc' dir='ltr'><strong>ἐλὲξα</strong></span> <span class='ocrx_word' id='word_1_387' title='bbox 670 4449 803 4509; x_wconf 90' lang='grc' dir='ltr'>κτλ.</span> <span class='ocrx_word' id='word_1_388' title='bbox 893 4443 972 4507; x_wconf 90' lang='grc' dir='ltr'><strong>Ε.</strong></span> <span class='ocrx_word' id='word_1_389' title='bbox 1017 4443 1107 4508; x_wconf 91' lang='grc' dir='ltr'><strong>Μ.</strong></span> <span class='ocrx_word' id='word_1_390' title='bbox 1153 4444 1309 4525; x_wconf 87' lang='grc'>628,</span> <span class='ocrx_word' id='word_1_391' title='bbox 1359 4444 1440 4508; x_wconf 91' lang='grc'><strong>10</strong></span> <span class='ocrx_word' id='word_1_392' title='bbox 1494 4446 1777 4511; x_wconf 87' lang='grc' dir='ltr'>ὄπιςθεν·</span> <span class='ocrx_word' id='word_1_393' title='bbox 1824 4449 2033 4524; x_wconf 81' lang='grc' dir='ltr'>διχῶς.</span> <span class='ocrx_word' id='word_1_394' title='bbox 2076 4480 2161 4491; x_wconf 91' lang='lat'><strong>—-</strong></span> <span class='ocrx_word' id='word_1_395' title='bbox 2204 4444 2335 4510; x_wconf 87' lang='grc' dir='ltr'><strong>ἀπὸ</strong></span> <span class='ocrx_word' id='word_1_396' title='bbox 2379 4450 2497 4510; x_wconf 82' lang='grc' dir='ltr'><strong>τοῦ</strong></span> <span class='ocrx_word' id='word_1_397' title='bbox 2541 4447 2740 4511; x_wconf 86' lang='grc' dir='ltr'>ὀπίςω</span> <span class='ocrx_word' id='word_1_398' title='bbox 2784 4447 3018 4513; x_wconf 88' lang='grc' dir='ltr'>ἀπίςω-</span> 
     </span>
     <span class='ocr_line' id='line_1_41' title="bbox 439 4545 3019 4635; baseline 0.002 -24"><span class='ocrx_word' id='word_1_399' title='bbox 439 4552 554 4611; x_wconf 84' lang='grc' dir='ltr'><strong>Θεν</strong></span> <span class='ocrx_word' id='word_1_400' title='bbox 609 4549 711 4611; x_wconf 86' lang='grc' dir='ltr'><strong>καὶ</strong></span> <span class='ocrx_word' id='word_1_401' title='bbox 776 4554 1056 4632; x_wconf 86' lang='grc' dir='ltr'>ςυγκοπῇ</span> <span class='ocrx_word' id='word_1_402' title='bbox 1111 4550 1223 4625; x_wconf 86' lang='grc' dir='ltr'><strong>τῆς</strong></span> <span class='ocrx_word' id='word_1_403' title='bbox 1276 4550 1364 4610; x_wconf 75' lang='grc' dir='ltr'><strong>ῑῶ</strong></span> <span class='ocrx_word' id='word_1_404' title='bbox 1433 4551 1744 4627; x_wconf 86' lang='grc' dir='ltr'>ςυλλαβῆς</span> <span class='ocrx_word' id='word_1_405' title='bbox 1798 4545 2056 4630; x_wconf 86' lang='grc' dir='ltr'>ὄπιθεν,</span> <span class='ocrx_word' id='word_1_406' title='bbox 2122 4546 2175 4611; x_wconf 88' lang='grc' dir='ltr'><strong>εἰ</strong></span> <span class='ocrx_word' id='word_1_407' title='bbox 2231 4549 2302 4611; x_wconf 81' lang='grc' dir='ltr'><strong>δὲ</strong></span> <span class='ocrx_word' id='word_1_408' title='bbox 2358 4546 2646 4632; x_wconf 86' lang='grc' dir='ltr'>ὄπιςθεν,</span> <span class='ocrx_word' id='word_1_409' title='bbox 2714 4548 3019 4635; x_wconf 82' lang='grc' dir='ltr'>ἀποκοπῇ</span> 
     </span>
     <span class='ocr_line' id='line_1_42' title="bbox 440 4646 3018 4734; baseline 0.003 -24"><span class='ocrx_word' id='word_1_410' title='bbox 440 4648 598 4732; x_wconf 87' lang='lat' dir='ltr'><strong>(scr.</strong></span> <span class='ocrx_word' id='word_1_411' title='bbox 646 4649 957 4734; x_wconf 81' lang='grc' dir='ltr'>ςυγκοπῇ)</span> <span class='ocrx_word' id='word_1_412' title='bbox 1015 4654 1132 4714; x_wconf 86' lang='grc' dir='ltr'><strong>τοῦ</strong></span> <span class='ocrx_word' id='word_1_413' title='bbox 1189 4656 1259 4717; x_wconf 73' lang='grc' dir='ltr'>ιι).</span> <span class='ocrx_word' id='word_1_414' title='bbox 1346 4647 1472 4734; x_wconf 88' lang='lat' dir='ltr'><strong>Ep.</strong></span> <span class='ocrx_word' id='word_1_415' title='bbox 1522 4648 1630 4713; x_wconf 86' lang='lat' dir='ltr'><strong>Cr.</strong></span> <span class='ocrx_word' id='word_1_416' title='bbox 1688 4646 1723 4711; x_wconf 96' lang='lat' dir='ltr'>I</span> <span class='ocrx_word' id='word_1_417' title='bbox 1776 4647 1934 4729; x_wconf 87' lang='grc'>298,</span> <span class='ocrx_word' id='word_1_418' title='bbox 1991 4648 2073 4713; x_wconf 87' lang='grc'><strong>32</strong></span> <span class='ocrx_word' id='word_1_419' title='bbox 2132 4649 2434 4728; x_wconf 77' lang='grc' dir='ltr'>Νυςήϊονε</span> <span class='ocrx_word' id='word_1_420' title='bbox 2502 4649 2896 4731; x_wconf 84' lang='grc' dir='ltr'>ἀμφίβολον·</span> <span class='ocrx_word' id='word_1_421' title='bbox 2963 4653 3018 4718; x_wconf 76' lang='grc' dir='ltr'><strong>εἰ</strong></span> 
     </span>
     <span class='ocr_line' id='line_1_43' title="bbox 439 4751 3015 4834; baseline 0.002 -20"><span class='ocrx_word' id='word_1_422' title='bbox 439 4752 558 4830; x_wconf 78' lang='grc' dir='ltr'><strong>μὲν</strong></span> <span class='ocrx_word' id='word_1_423' title='bbox 624 4751 747 4828; x_wconf 83' lang='grc' dir='ltr'><strong>γὰρ</strong></span> <span class='ocrx_word' id='word_1_424' title='bbox 802 4751 977 4830; x_wconf 87' lang='grc' dir='ltr'><strong>παρὰ</strong></span> <span class='ocrx_word' id='word_1_425' title='bbox 1036 4752 1267 4816; x_wconf 86' lang='grc' dir='ltr'>Νύςιον</span> <span class='ocrx_word' id='word_1_426' title='bbox 1324 4752 1630 4834; x_wconf 84' lang='grc' dir='ltr'>Νυςήῖον,</span> <span class='ocrx_word' id='word_1_427' title='bbox 1685 4753 2087 4831; x_wconf 88' lang='grc' dir='ltr'>πλεοναςμός</span> <span class='ocrx_word' id='word_1_428' title='bbox 2142 4756 2257 4817; x_wconf 82' lang='grc' dir='ltr'><strong>τοῦ</strong></span> <span class='ocrx_word' id='word_1_429' title='bbox 2314 4757 2368 4830; x_wconf 83' lang='grc' dir='ltr'><strong>ἦ.</strong></span> <span class='ocrx_word' id='word_1_430' title='bbox 2458 4752 2510 4815; x_wconf 86' lang='grc' dir='ltr'><strong>εἰ</strong></span> <span class='ocrx_word' id='word_1_431' title='bbox 2576 4755 2647 4817; x_wconf 80' lang='grc' dir='ltr'><strong>δὲ</strong></span> <span class='ocrx_word' id='word_1_432' title='bbox 2701 4755 2877 4834; x_wconf 87' lang='grc' dir='ltr'><strong>παρὰ</strong></span> <span class='ocrx_word' id='word_1_433' title='bbox 2939 4757 3015 4820; x_wconf 87' lang='grc' dir='ltr'><strong>τὸ</strong></span> 
     </span>
     <span class='ocr_line' id='line_1_44' title="bbox 442 4852 3015 4939; baseline 0.002 -21"><span class='ocrx_word' id='word_1_434' title='bbox 442 4852 648 4937; x_wconf 83' lang='grc' dir='ltr'>Νὓςα,</span> <span class='ocrx_word' id='word_1_435' title='bbox 726 4852 1005 4934; x_wconf 82' lang='grc' dir='ltr'>ὤφειλεν</span> <span class='ocrx_word' id='word_1_436' title='bbox 1081 4853 1246 4918; x_wconf 83' lang='grc' dir='ltr'>εἶναι</span> <span class='ocrx_word' id='word_1_437' title='bbox 1323 4854 1586 4919; x_wconf 86' lang='grc' dir='ltr'>Νύςειον</span> <span class='ocrx_word' id='word_1_438' title='bbox 1658 4854 1762 4918; x_wconf 90' lang='grc' dir='ltr'><strong>καὶ</strong></span> <span class='ocrx_word' id='word_1_439' title='bbox 1830 4853 2045 4936; x_wconf 86' lang='grc' dir='ltr'>ὥςπερ</span> <span class='ocrx_word' id='word_1_440' title='bbox 2109 4857 2283 4935; x_wconf 84' lang='grc' dir='ltr'><strong>παρὰ</strong></span> <span class='ocrx_word' id='word_1_441' title='bbox 2358 4856 2433 4920; x_wconf 87' lang='grc' dir='ltr'><strong>τὸ</strong></span> <span class='ocrx_word' id='word_1_442' title='bbox 2500 4854 2721 4935; x_wconf 87' lang='grc' dir='ltr'>ἄρειον</span> <span class='ocrx_word' id='word_1_443' title='bbox 2786 4856 3015 4939; x_wconf 80' lang='grc' dir='ltr'>ἀρήϊον</span> 
     </span>
    </p>
   </div>
  </div>
 </body>
</html>
