3664 5546
600 305 727 370 356
1538 305 1622 359 ΕΚ
1659 305 1800 359 ΤΩΝ
1844 305 2255 359 ΗΡΩΔΙΑΝΟΥ

600 461 992 554 Θουκυδίδης
1035 474 1136 556 (4,
1189 475 1354 557 109).
1408 476 1463 542 δ’
1509 477 1865 544 Θεεεαλίας.
1940 477 1990 540 ε’
2047 477 2350 541 Πιειδίαῐ.
2424 476 2480 548 ς’
2532 477 2809 540 Ἰταλίας.
2882 474 2935 541 ζ’
2979 476 3197 554 κοίλη(

599 576 855 659 (υρίας,
899 577 1112 656 κτίςμα
1155 577 1594 657 Ἀλεξάνδρου.
1661 581 1936 657 κρεῖον
1982 577 2247 654 ἀγγεῖον
2292 582 2529 660 κρεῶν,
2576 575 2785 660 εἶον,
2832 578 2870 641 ὃ
2917 579 3018 641 καὶ
3046 578 3194 656 ἤϊον

596 679 667 743 έν
724 679 1001 744 διαλύςει
1060 680 1336 761 λέγεται,
1393 680 1469 743 τὸ
1526 679 1616 744 εἰς
1671 680 1747 744 τὸ
1803 679 1964 744 ἰέναι
2010 680 2405 761 ἐπιτήδειον,
2460 682 2686 743 νεῖον
2742 682 2855 756 τῆ(
2914 680 3071 758 νηὸς
3114 680 3193 744 τὸ

605 781 1061 859 πυθμενοειδὲς
1103 781 1315 845 ξύλον.

535 891 567 940 5
766 881 861 946 Τὰ
905 881 1010 946 διὰ
1052 885 1168 946 τοῦ
1212 902 1316 945 ιον
1360 882 1701 961 τριβράχεα
1732 882 2181 961 ὑποκοριςτικὰ
2214 882 2803 964 προπαροξύνεται,
2847 883 3023 947 κτέν
3038 903 3192 962 ιον,

596 984 964 1065 πτύχιον,
1009 984 1335 1066 πόδιον,
1379 985 1740 1066 θρόνιον,
1786 983 2091 1049 ὡςαύτως
2134 985 2237 1047 καὶ
2279 983 2625 1061 Θρόνιον
2667 983 2855 1048 πόλις
2894 984 3191 1062 Λοκρῶν·

594 1084 880 1163 Ὅμηρος
949 1084 1259 1164 «Τάρφην
1325 1105 1394 1148 τε
1460 1085 1738 1163 Θρόνιόν
1799 1105 1868 1150 τε
1927 1085 2247 1164 Βοαγρίου
2312 1084 2477 1165 ἀμφὶ
2544 1084 2813 1164 ῥέεθρα»
2881 1086 2958 1166 (Β
3014 1084 3191 1166 533),

597 1185 956 1267 ςχόλιον,
1014 1184 1326 1267 χόριον,
1393 1186 1710 1269 ῥάχιον,
1780 1187 2139 1269 πτέριον,
2208 1185 2517 1268 Ζύγιον,
2574 1185 2937 1268 ςπόδιον,
3004 1186 3190 1265 φλέ-

597 1290 805 1368 βιον,
848 1285 1195 1367 τρίχιον,
1241 1287 1522 1352 πέδιον
1567 1287 1606 1350 ὁ
1652 1287 1909 1369 δεςμός,
1961 1288 2038 1352 τὸ
2095 1290 2168 1352 δὲ
2212 1287 2491 1351 πεδίον
2551 1288 2655 1351 ἐπὶ
2707 1290 2818 1364 τῆς
2872 1290 2987 1365 γῆς
3028 1307 3191 1365 παρ-

497 1395 561 1446 10
597 1387 917 1454 οξύνεται
986 1386 1040 1450 εἰ
1098 1387 1312 1466 μέντοι
1366 1387 1407 1466 ἡ
1461 1388 1683 1467 πρώτη
1740 1388 1992 1453 τούτων
2054 1389 2260 1468 μακρὰ
2322 1388 2632 1471 ὑπάρχοι,
2699 1388 3190 1466 ὑπεςταλμένων

594 1492 726 1553 τῶν
783 1489 887 1553 διὰ
948 1492 1065 1552 τοῦ
1122 1494 1264 1554 διον
1330 1490 1792 1572 παρηγμένων,
1859 1490 2315 1570 παροξύνεται,
2381 1490 2764 1571 κλειδίον,
2831 1490 3188 1570 παιδίον,

596 1590 910 1673 δᾳδίον·
957 1590 1038 1654 ού
1083 1591 1208 1668 γὰρ
1254 1591 1357 1655 διὰ
1400 1595 1519 1655 τοῦ
1565 1596 1738 1672 διον,
1784 1590 1953 1654 ἀλλὰ
1997 1592 2101 1654 διὰ
2143 1594 2260 1655 τοῦ
2305 1591 2579 1655 ιον.τό
2610 1591 2732 1669 γὰρ
2764 1597 2800 1654 δ
2855 1593 2973 1654 τοῦ
3016 1611 3188 1669 πρω-

597 1691 885 1755 τοτύπου
930 1690 1112 1755 ἐςτίν.
1202 1691 1293 1755 ἔτι
1339 1692 1716 1774 ςφηκίον,
1773 1691 2134 1775 χαρτίον,
2190 1691 2462 1773 ὠτίον,
2518 1692 2830 1774 μηρίον,
2885 1693 3187 1773 θηρίον,

596 1791 905 1880 κηρίον,
937 1791 1242 1874 ξηρίον,
1275 1793 1676 1875 ςφαιρίον,
1708 1793 2082 1876 φορτίον,
2115 1793 2511 1875 ςταυρίον,
2543 1793 2930 1875 εχοινίον,
2963 1813 3187 1872 ςπαρ-

499 1900 560 1951 15
595 1893 800 1975 τίον,
856 1892 1197 1976 τιτθίον,
1256 1893 1704 1976 ςτρουθίον,
1761 1894 2111 1976 ςαρκίον,
2181 1891 2523 1975 βιβλίον,
2590 1894 2953 1976 χρυςίον,
3009 1915 3187 1973 καρ-

597 1993 815 2077 φίον,
871 1993 1195 2077 χωρίον,
1252 1995 1660 2077 κρουνίον,
1718 1995 1998 2077 ςιτίον,
2065 1995 2409 2077 ψωμίον,
2476 1995 2765 2073 νηςίον.
2855 1995 3028 2059 οὕτω
3089 1996 3190 2059 καὶ

596 2096 673 2160 τὸ
718 2095 1026 2160 κλιςίον
1072 2097 1247 2174 παρὰ
1290 2098 1428 2161 τοῖς
1475 2097 1778 2160 Ἀττικοῖς
1821 2096 1897 2160 τὸ
1944 2099 1975 2158 ἶ
2021 2096 2308 2161 ἐκτεῖνον
2354 2096 2777 2175 παροξύνεται
2825 2095 2915 2160 ὼς
2959 2098 3034 2160 τὸ
3080 2101 3187 2175 θη-

597 2195 773 2280 ρίον,
818 2195 992 2275 παρὰ
1034 2197 1105 2261 δὲ
1149 2195 1406 2281 Ὁμήρῳ
1463 2197 1777 2262 ςυςτέλλει
1831 2198 1909 2261 τὸ
1953 2199 1987 2259 ῖ
2038 2199 2142 2262 καὶ
2194 2197 2749 2276 προπαροξύνεται
2812 2196 2958 2261 οἷον
3005 2199 3187 2276 «περὶ

598 2298 669 2363 δὲ
713 2296 948 2362 κλίςιον
996 2299 1100 2362 θέε
1145 2299 1393 2382 πάντῃ»
1428 2297 1584 2380 (Οά.
1618 2321 1671 2362 ω
1701 2297 1874 2379 208).
1919 2299 1993 2362 τὸ
2040 2300 2110 2362 δὲ
2158 2299 2558 2378 φρούριον
2604 2300 3188 2377 προπαροξύνεται·

494 2409 564 2460 20
598 2398 679 2463 ού
723 2400 847 2477 γὰρ
893 2397 1395 2477 ὑποκοριςτικόν.
1485 2399 1788 2464 ὼςαύτως
1830 2400 1933 2462 καὶ
1976 2400 2051 2464 τὸ
2096 2398 2362 2478 ἴχνιον
2414 2402 2989 2479 προπαροξυντέον
3033 2400 3189 2479 ὁμο-

599 2655 667 2705 ad
705 2652 827 2705 εῖον
863 2655 1033 2706 verba
1068 2651 1101 2705 ὃ
1136 2681 1202 2690 -
1238 2652 1460 2717 λέγεται
1498 2670 1566 2704 ex
1602 2655 1794 2719 Theog
1796 2670 1845 2703 ιι
1866 2657 2068 2717 ,νεῖον
2106 2671 2173 2704 ex
2212 2655 2420 2705 eodem.
2490 2656 2575 2704 De
2613 2657 2800 2718 κρεῖον
2836 2656 2905 2708 ef.
2945 2656 3006 2709 11.
3044 2657 3134 2706 Pr.
3173 2654 3185 2707 Ι

596 2724 697 2772 206
734 2724 921 2787 κρεῖον
958 2721 1037 2773 ὼς
1073 2723 1253 2773 θεῖονε
1292 2720 1493 2786 γέγονε
1530 2721 1591 2772 δὲ
1626 2720 1780 2786 παρὰ
1814 2721 1885 2772 τὸ
1923 2719 2101 2786 κρέας.
2172 2723 2234 2772 Ε
2274 2724 2348 2772 Μ.
2385 2724 2502 2781 537,
2544 2725 2569 2771 1
2609 2719 2792 2773 ίςτέον
2829 2721 2916 2775 ὅτι
2953 2722 2988 2786 ἡ
3027 2723 3186 2787 κοινὴ

597 2789 732 2842 δόξα
769 2790 909 2854 ἔχει,
946 2789 1042 2842 &rs
1068 2790 1138 2841 τὸ
1176 2792 1363 2854 κρεῖον
1411 2790 1732 2854 κρεωδόχον
1777 2788 2004 2852 ἀγγεῖον
2049 2788 2313 2855 ςημαίνει.
2385 2790 2419 2841 6
2465 2789 2525 2840 δὲ
2562 2788 2861 2855 Εὐφορίων
2905 2791 2975 2842 τὸ
3024 2790 3187 2856 κρέας

600 2855 746 2921 λέγει
784 2829 944 2909 εῑνοῖι.
1016 2856 1048 2909 6
1084 2857 1144 2909 δὲ
1183 2857 1524 2921 Ἡρωδιανὸς
1569 2857 1677 2920 τὴν
1715 2856 1777 2908 ἐκ
1813 2858 1935 2908 τῶν
1983 2855 2159 2919 ὠμῶν
2197 2856 2455 2921 κρεάτων
2491 2856 2949 2923 πεπληρωμένην
2982 2856 3188 2922 τράπε-

598 2927 714 2978 Ζαν.
786 2924 818 2977 6
854 2925 916 2977 δὲ
951 2924 1306 2988 Πτολεμαῖος
1341 2925 1447 2976 τὸν
1483 2923 1600 2975 ἀπὸ
1636 2927 1739 2975 τοῦ
1779 2923 2008 2976 ςτέατος
2046 2924 2378 2976 πλακοῦντά
2413 2939 2545 2989 φηςι
2581 2923 2725 2975 αὐτὸ
2762 2923 3062 2989 ςημαίνειν.

596 2994 631 3044 l.
665 2996 701 3044 5
738 2993 1014 3044 Choer.1·3
1108 2993 1165 3042 in
1204 2992 1402 3043 Psalm.
1446 2994 1559 3050 143,
1599 2995 1664 3043 23
1708 3007 1973 3042 canonem
2020 2995 2099 3042 sie
2143 2994 2368 3043 statuit.
2414 2991 2486 3043 τὰ
2530 2990 2618 3042 διὰ
2662 2994 2765 3043 τοῦ
2805 3009 2889 3045 ιον
2925 2993 3187 3058 ὑποκορι-

597 3060 754 3112 ςτικὰ
790 3058 840 3111 εί
877 3059 978 3123 μὲν
1015 3010 1073 3123 ἕ
1086 3058 1413 3123 δακτυλικά,
1452 3057 1565 3123 πρὸ
1604 3061 1727 3121 μιᾶς
1764 3058 1877 3121 ἔχει
1912 3058 2018 3109 τὸν
2053 3059 2253 3122 τόνον,
2294 3057 2343 3111 εἰ
2378 3059 2438 3111 δὲ
2474 3059 2796 3124 τριβραχέα,
2835 3063 3187 3125 προπαροξυ-

597 3127 784 3179 τόνως
821 3124 946 3179 οἷον
981 3126 1187 3190 φόνιον
1224 3126 1417 3189 μόδιον
1455 3128 1578 3190 (scr.
1618 3125 1847 3191 θρόνιον
1882 3126 2119 3189 πόδιον).
2158 3155 2221 3164 -
2258 3126 2498 3192 Θρόνιον
2536 3127 2723 3176 addidi
2760 3144 2829 3177 ex
2864 3130 3186 3193 St.B.p1-o-

597 3203 720 3261 pter
756 3193 1073 3249 11.Pros.3
1112 3195 1237 3257 648.
1276 3193 1522 3246 Ῥύτιονε
1562 3193 2081 3278 προπαροξυτόνως
2118 3193 2197 3246 ὡς
2235 3193 2471 3246 ςτάδιον.
2520 3193 2623 3244 οὐκ
2661 3192 2724 3244 εὖ
2761 3193 2823 3245 δὲ
2853 3188 3186 3260 Τυραννίων

600 3260 899 3326 παροξύνει
926 3260 1005 3313 ὡς
1029 3260 1100 3312 τὸ
1125 3260 1336 3313 πεδίον.
1382 3261 1515 3313 οὔτε
1541 3261 1647 3325 γὰρ
1671 3259 2129 3326 ύποκοριςτικόν,
2163 3261 2318 3326 οὔτε,
2344 3260 2394 3313 εἰ
2417 3261 2489 3325 ἦν
2514 3211 2970 3326 ύποκοριςτικόν,
2997 3277 3187 3327 παρω-

600 3329 828 3392 ξύνετο,
859 3328 937 3380 ώς
965 3326 1243 3393 τρίβραχυ.
1290 3331 1465 3380 τοῦτο
1499 3329 1559 3380 δὲ
1586 3328 1820 3411 εἴπομεν
1855 3329 1945 3380 καὶ
1971 3327 2066 3381 ἐπὶ
2096 3333 2200 3381 τοῦ
2228 3329 2483 3395 Θρόνιον.
2508 3357 2572 3366 -
2597 3329 2819 3392 ςχόλιον
2844 3358 2906 3366 -
2934 3330 3128 3383 πέδιον
3154 3330 3186 3382 6

599 3395 797 3460 δεςμός
822 3398 1042 3447 adiecta
1066 3403 1194 3447 sunt
1221 3412 1287 3447 ex
1312 3397 1575 3462 Theogn..
1603 3398 1854 3448 semiosis
1879 3398 1945 3447 de
1973 3394 2169 3448 πεδίον
2197 3414 2263 3447 ex
2288 3399 2353 3451 Il.
2374 3400 2464 3449 Pr.
2491 3398 2525 3447 l.
2547 3413 2619 3457 e.;
2647 3395 2845 3461 μηρίον
2869 3426 2933 3432 -
2960 3396 3185 3461 ψωμίον

600 3482 666 3516 ex
692 3464 1083 3531 Τὶιοοςιι.122,
1123 3468 1180 3513 11
1223 3466 1405 3530 recepi
1442 3462 1696 3528 ςφαιρίον
1735 3461 1831 3529 p'ro
1858 3479 1933 3528 ςφ
1935 3462 2097 3583 ηῗιίον
2122 3467 2369 3516 scribens
2397 3470 2453 3515 et
2478 3462 2747 3527 ςπαρτίον
2772 3482 2867 3530 pro
2893 3463 3183 3529 ςπερτίον;

598 3532 1503 3665 «ἳὲῧέἐὲὺῖἓξῌὲῗῐαέἷᾞιῗὲἔξέἑ
1521 3506 3185 3663 51?112213‘3351222¹.ssss.“.t²1²f’.‘.}2v.5‚⁸,5:,:csssszssz‘zssgz‘ff‘fi

601 3666 810 3719 κλιςίον
845 3667 1037 3717 addidi
1072 3683 1138 3717 ex
1173 3668 1237 3717 Ε.
1273 3669 1346 3717 Μ.
1383 3669 1501 3727 520,
1542 3668 1604 3718 15
1641 3666 1765 3719 coll.
1804 3667 1988 3718 Schol.
2028 3667 2097 3716 ad
2135 3668 2233 3719 Od.
2261 3681 2308 3717 ω
2335 3668 2451 3729 208,
2488 3667 2608 3717 ubi:
2646 3666 2680 3717 6
2718 3666 3058 3731 Ἡρωδιανὸς
3093 3667 3182 3718 διὰ

598 3738 702 3786 τοῦ
741 3737 772 3786 ῖ
811 3732 987 3797 λέγει,
1026 3734 1114 3786 ὅτι
1148 3733 1301 3798 παρὰ
1335 3733 1405 3784 τὸ
1443 3731 1613 3784 κλείω
1650 3730 1826 3796 ἐςτίν,
1866 3732 1898 3785 ὃ
1935 3732 2185 3798 ςημαίνει
2229 3733 2298 3784 τὸ
2336 3731 2577 3798 περιέχω
2624 3740 2681 3783 et
2717 3735 2771 3783 in
2809 3734 2943 3785 fine:
2988 3734 3060 3786 τὰ
3095 3734 3184 3787 διὰ

598 3804 702 3853 τοῦ
741 3804 772 3853 ῑ
811 3800 1127 3866 παρώνυμα
1151 3799 1448 3866 τριβράχεα
1473 3799 1986 3865 προπαροξύνεται,
2026 3800 2202 3864 ςτόμα
2227 3800 2481 3864 ςτόμιον,
2519 3800 2721 3865 θρόνος
2757 3801 3001 3866 θρόνιον,
3040 3802 3183 3855 πτύξ

600 3869 861 3933 πτύχιον·
898 3868 1086 3922 οὕτως
1124 3869 1214 3921 καί
1250 3867 1455 3919 κλιςιάς
1502 3867 1725 3920 κλίςιον.
1793 3868 1866 3920 τὰ
1909 3867 1969 3919 δὲ
2013 3868 2315 3921 δακτυλικὰ
2359 3868 2472 3932 πρὸ
2519 3870 2642 3931 μιᾶς
2689 3868 2799 3932 ἔχει
2842 3867 2948 3919 τὸν
2992 3869 3184 3921 τόνον.

601 3939 677 3989 Ut
712 3937 802 3989 hio
836 3954 1013 3989 canon
1050 3937 1419 3989 extenditur
1405 3952 1460 3986 m
1498 3937 1680 3987 omnia
1715 3952 2043 4001 paronyma,
2081 3953 2191 3987 ιιοιι
2226 3940 2283 3986 ἰιι
2320 3936 2659 3987 deminutiva
2685 3936 2829 3998 sola,
2867 3938 2946 3987 sic
2985 3937 3054 3986 de
3093 3938 3185 3988 de·

600 4006 870 4056 minutiva
907 4005 1312 4071 significatione
1349 4008 1544 4055 tacent
1580 4005 1746 4054 etiam
1783 4005 1883 4069 Ep.
1920 4003 2010 4057 Cr.
2046 4004 2148 4057 An
2186 4004 2287 4054 Ox.
2324 4004 2381 4053 11
2415 4004 2476 4055 31
2524 4002 2597 4055 τὰ
2632 4003 2720 4055 διὰ
2763 3973 2865 4055 τόῦ
2905 4008 2991 4055 ἰον
3026 4004 3182 4057 οὐδέ-

599 4086 762 4139 τερα,
796 4072 851 4124 εί
888 4072 990 4136 μὲν
1028 4070 1126 4125 ὦςι
1163 4070 1493 4137 δακτυλικά,
1542 4070 1653 4135 πρὸ
1701 4072 1824 4134 μιᾶς
1863 4069 2047 4134 ἔχουςι
2088 4071 2194 4122 τὸν
2229 4070 2402 4122 τόνον
2447 4068 2571 4122 οἷον
2609 4070 2874 4136 φορτίον,
2922 4070 3177 4135 κλειδίον,

599 4140 835 4205 τειχίον,
884 4138 1097 4204 ἑρκίον,
1144 4137 1362 4205 θηρίον·
1417 4110 1493 4191 εἰ
1509 4137 1570 4190 δὲ
1614 4136 1939 4204 τριβράχεα,
1987 4138 2473 4203 προπαροξύνεται
2517 4135 2641 4190 οἷον
2687 4138 2921 4204 φλέβιον
2964 4138 3179 4190 τόπιον.

602 4209 711 4260 Sed
746 4210 805 4259 in
841 4208 944 4259 hoc
982 4179 1306 4259 Catholicae
1345 4222 1554 4258 canone
1593 4206 1803 4257 diserte
1844 4206 1912 4256 de
1947 4206 2365 4273 hypocoristieis
2410 4206 2674 4257 traditum
2718 4222 2842 4257 esse
2891 4207 3052 4258 docet
3084 4209 3181 4258 Ar-

601 4276 809 4327 cadius.
879 4276 1014 4327 Cum
1061 4274 1377 4327 Herodiano
1425 4278 1732 4339 congruunt
1777 4274 1897 4324 fere
1944 4274 2126 4326 Sohol.
2171 4274 2240 4325 ad
2276 4275 2504 4338 Dionys.
2554 4290 2606 4338 p.
2642 4275 2769 4331 856.
2817 4276 2912 4325 ubi
2956 4272 3182 4338 τειχίον,

602 4342 813 4407 ἑρκίον,
864 4341 1090 4408 μηρίον,
1140 4340 1337 4408 θηρίον
1381 4358 1490 4392 non
1536 4341 1877 4393 deminutiva
1925 4357 2047 4394 esse
2095 4341 2191 4404 (sc.
2235 4358 2323 4407 ap.
2372 4342 2686 4403 Homerum)
2734 4312 2965 4392 docetur
3011 4358 3186 4407 neque

600 4413 815 4463 omnino
851 4410 998 4477 apud
1035 4412 1329 4461 Homerum
1376 4406 1714 4460 deminutiva
1760 4410 1991 4474 reperiri
2035 4410 2180 4475 quod
2228 4408 2402 4459 tradit
2445 4409 2648 4462 Herod.
2695 4409 2754 4458 in
2789 4409 2853 4463 11.
2890 4410 2979 4460 Pr.
3019 4409 3061 4461 Ν
3101 4413 3184 4461 71.

600 4479 1028 4530 Annotationem
1073 4478 1140 4529 de
1186 4475 1366 4540 ἴχνιον
1413 4479 1620 4542 sumpsi
1666 4493 1731 4527 ex
1775 4476 1840 4526 Il.
1886 4478 1974 4527 Pr.
2015 4476 2057 4528 Ν
2097 4481 2157 4528 ’11
2209 4478 2294 4539 (Ε.
2333 4476 2406 4528 Μ.
2442 4477 2573 4538 480,
2608 4478 2697 4540 49)
2746 4491 3071 4542 quamquam
3117 4478 3181 4527 de

601 4547 702 4597 hoc
739 4547 1004 4597 vocabulo
1041 4547 1208 4597 etiam
1245 4546 1300 4596 id
1337 4545 1714 4597 Herodianum
1747 4545 2137 4610 pronunciasse
2183 4546 2446 4605 arbitror,
2494 4544 2662 4609 quod
2682 4545 2739 4593 in
2785 4544 2964 4595 altero
3002 4544 3182 4596 Schol.

602 4614 723 4666 cod.
760 4615 802 4664 A
842 4612 966 4679 (Ep.
1005 4614 1093 4667 Cr.
1129 4614 1152 4663 1
1189 4613 1604 4678 204,15)ppro
1608 4613 1818 4663 onitur·
1856 4609 2003 4674 ἴχνια
2040 4611 2072 4664 6
2076 4611 2334 4683 μοτόνως
2369 4613 2455 4676 τῷ
2494 4609 2747 4673 παίγνια·
2783 4610 2854 4661 τὸ
2889 4610 2996 4675 γὰρ
3033 4610 3184 4675 παρὰ

600 4680 705 4731 τὸν
740 4679 843 4733 ἵξω
891 4631 1199 4745 μέλλοντα,
1246 4678 1316 4730 τὸ
1361 4679 1422 4730 δὲ
1469 4679 1621 4744 παρὰ
1665 4678 1735 4730 τὸ
1782 4676 1980 4731 παίζω.
2058 4679 2130 4731 τὰ
2172 4678 2280 4743 γὰρ
2324 4676 2440 4729 ἀπὸ
2487 4681 2698 4743 μακρᾶς
2743 4677 3025 4743 ἀρχόμενα
3070 4678 3186 4749 ἔχει

602 4747 1028 4815 παροξυνόμενα
1051 4748 1123 4800 τὰ
1147 4746 1543 4811 ὑποκοριςτικὰ
1567 4745 1857 4811 οὐδέτερα,
1877 4747 2046 4812 τυρός
2070 4744 2281 4812 τυρίον,
2304 4745 2502 4811 χρυςός
2526 4744 2767 4811 χρυςίον,
2790 4746 2951 4811 ἕρκος
2977 4744 3184 4815 ἑρκίον,
