3664 5546
1179 392 1362 448 *rtem
1403 373 1795 449 κΑοοΛικι-ις
1831 390 2254 449 προςΩιΔιΑς
2298 392 2364 447 z.
2951 397 3070 462 187

656 565 750 632 Τὰ
793 564 882 633 εἰς
922 566 1056 632 ἷτᾟέ
1098 564 1441 648 διςύλλαβα
1485 566 1567 646 μὴ
1624 564 1784 632 ὄντα
1839 564 2157 631 ἑπιθετικὰ
2200 565 2660 646 παραλήγοντα
2703 566 2985 651 διχρόνῳ
3030 569 3070 647 ἢ

487 676 706 757 μακρῷ
751 670 1077 752 φωνήεντι
1122 670 1486 752 βαρύνεται,
1536 667 1721 735 ἲπος
1764 668 1940 749 παρὰ
1982 669 2058 733 τὸ
2101 666 2266 734 ἴπτω
2309 672 2415 736 καὶ
2467 669 2673 734 ἰάπτω
2720 670 2810 734 ῶς
2853 669 3071 735 κόπτω

488 772 703 838 κόπος.
779 773 905 838 ἔςτι
949 774 1021 838 δὲ
1065 770 1241 838 εἶδος
1284 770 1569 848 παγίδος.
1618 770 1883 855 ῥῖπος,
1928 773 2241 856 γρῖπο-ς,
2295 771 2600 855 τρίπος,
2656 770 2921 852 ῥύπος.
2994 774 3070 838 τὸ

487 877 559 941 δὲ
601 875 776 953 παρὰ
818 881 910 961 τῷ
954 880 1185 961 ποιητῇ
1232 875 1664 953 «καθήραντες
1719 872 1892 953 ῥύπα
1934 873 2184 938 πάντα»
2233 872 2388 957 (Οά.
2436 878 2469 941 ζ
2514 873 2655 955 93),
2713 861 2775 939 εἷ’
2819 875 2902 954 μή
2947 872 3070 939 ἐςτι

487 977 914 1058 πληθυντικὸν
971 977 1349 1060 οὐδέτερον,
1406 976 1912 1057 μεταπέπλαςται
1967 975 2037 1040 ἐκ
2089 977 2201 1056 τῆς
2256 975 2465 1056 ῥύπον
2510 975 2847 1053 αἰτιατικῆς
2894 976 2984 1041 ῶς
3027 976 3066 1055 ἡ
3097 986 3131 1038 5

488 1083 631 1145 λῖτα
673 1080 743 1144 ἐκ
784 1081 896 1159 τῆς
941 1079 1135 1146 λιτόν.
1224 1079 1503 1164 τύπος,
1559 1079 1883 1162 κτύπος,
1941 1079 2228 1145 ςτύπος
2281 1079 2358 1144 τὸ
2415 1079 2707 1158 ςτέλεχος
2761 1082 2878 1143 τοῦ
2930 1078 3070 1144 δέν-

487 1187 663 1262 δρου.
725 1182 1192 1262 Κρῶποςκαὶ
1236 1180 1499 1261 ῥῶπος
1543 1180 1582 1246 ὁ
1624 1181 2045 1247 παντοδαπὸς
2088 1181 2350 1261 φόρτος.
2415 1184 2680 1260 κῆπος.
2752 1181 3072 1247 Κνῶπος

486 1286 738 1366 κύριον,
783 1282 909 1365 ἀφ’
954 1281 1035 1349 οὗ
1083 1284 1576 1368 Κνωπούπολις,
1623 1283 1967 1348 (κοῦποι
2012 1283 2198 1349 πόλις
2229 1282 2616 1366 Θρᾴκης.τό
2657 1284 2728 1348 δὲ
2772 1285 3071 1363 γρυπός

482 1424 568 1435 -
614 1386 808 1467 ῥυβός
852 1386 976 1451 ἐςτι
1020 1388 1194 1465 παρὰ
1236 1391 1374 1452 τοῖς
1416 1384 1701 1452 Αἰολεῦςι
1744 1387 1821 1451 τὸ
1868 1386 2212 1465 ἐπικαμπὲς
2265 1385 2406 1464 ἤτοι
2452 1383 2674 1466 ῥαιβόν
2718 1387 2821 1450 καὶ
2862 1393 3156 1487 τροπῇ

485 1494 601 1555 τοῦ
644 1476 681 1571 β
725 1488 814 1554 εἰς
857 1513 904 1555 π
948 1487 1151 1568 ῥυπός
1193 1489 1298 1554 καὶ
1337 1492 1719 1573 πλεοναςμῷ
1762 1492 1882 1553 τοῦ
1934 1491 1975 1564 Ῠ
2027 1487 2273 1566 γρυπός
2312 1522 2399 1534 -
2454 1487 2558 1552 καὶ
2613 1488 2892 1553 λοιπός
2937 1488 3068 1552 ἑπί-
3105 1495 3172 1547 10

485 1592 636 1657 θετὰ
682 1590 848 1657 εἰςιν.

653 1694 747 1759 Τὰ
800 1691 889 1759 εἰς
931 1694 1069 1757 W
1110 1692 1453 1774 διςύλλαβα
1494 1692 1955 1773 παραλήγοντα
1999 1693 2278 1778 διχρόνῳ
2332 1692 2755 1772 καταλήγοντι
2811 1692 2900 1758 εἰς
2941 1696 2984 1771 μ
3027 1695 3065 1773 ἢ

486 1794 574 1861 εἰς
626 1800 675 1859 ff
730 1796 1095 1880 βαρύνεται,
1159 1795 1406 1861 ἵππος
1470 1797 1574 1861 καὶ
1625 1796 1900 1863 Ἵππος
1964 1800 2154 1875 νῆςος
2209 1794 2588 1875 Ἐρυθραίας.
2678 1795 3068 1875 Θεόπομπος

483 1904 954 1983 τεςςαρακοςτῷ
996 1898 1305 1984 δευτέραν
1350 1898 1475 1964 ἔςτι
1521 1899 1625 1963 καὶ
1668 1898 1972 1965 (memac-
2017 1898 2145 1964 ἔςτι
2189 1899 2292 1964 καὶ
2334 1896 2775 1977 Παλαιςτίνης.
2861 1899 3065 1963 πάπ-

484 2021 645 2066 πος.
756 2000 1055 2080 κάμπος
1119 2002 1223 2065 καὶ
1291 2000 1602 2081 Κάμπος
1666 2001 1870 2066 τόπος
1935 2003 2083 2080 περὶ
2141 2000 2351 2080 Κύμην
2417 2000 2630 2080 κτίςμα
2689 2000 3063 2080 Καμπανῶν.
3104 2007 3167 2059 15

485 2104 804 2183 Λάμπος
863 2102 1117 2187 κύριον,
1162 2103 1462 2182 λαμπός
1516 2105 1588 2168 δὲ
1631 2103 1707 2169 τὸ
1753 2104 2063 2188 ἐπίθετον.
2149 2105 2226 2168 τὸ
2283 2104 2354 2169 δὲ
2409 2102 2703 2182 καρπός
2757 2101 3064 2170 ὀξύνεται.

486 2205 566 2270 οὐ
622 2205 744 2284 γὰρ
801 2205 933 2285 ἔχει
987 2205 1063 2270 τὸ
1120 2205 1423 2285 δίχρονον
1479 2208 1681 2284 λῆγον
1738 2205 1826 2270 εἰς
1882 2227 1923 2285 μ
1975 2206 2015 2284 ἢ
2070 2205 2159 2271 εἰς
2212 2209 2277 2270 ’τί
2366 2206 2529 2286 πρὸς
2584 2204 3064 2285 ἀντιδιαςτολήν

485 2311 557 2373 δὲ
622 2307 937 2389 ἐβαρύνθη
989 2309 1065 2373 τὸ
1126 2307 1432 2386 Κάρπος
1475 2308 1696 2388 κύριον
1741 2308 1951 2389 ὄνομα
2007 2309 2096 2373 ὡς
2139 2309 2412 2388 Ἀρποι
2467 2308 2652 2373 πόλις
2696 2307 2983 2374 Δαυνίας
3024 2308 3064 2386 ἡ

484 2412 587 2476 καὶ
628 2410 1040 2491 Ἀργύριππα.

652 2513 748 2579 Τὰ
791 2512 880 2578 εἰς
931 2533 1056 2577 πος
1109 2513 1451 2594 διςύλλαβα
1505 2515 1586 2594 μὴ
1631 2513 1950 2579 ἑπιθετικὰ
2006 2513 2240 2592 ἔχοντα
2285 2514 2324 2576 ὃ
2369 2512 2438 2578 ἐν
2488 2518 2564 2596 τῇ
2608 2512 3065 2598 παραληγούςῃ
3100 2522 3170 2574 2ο

484 2618 523 2695 ἢ
569 2615 773 2696 μόνον
816 2615 857 2693 ἢ
902 2615 1057 2694 μετὰ
1101 2616 1450 2695 ςυμφῶνου
1507 2616 1546 2694 ἢ
1593 2617 1989 2697 ςυμφώνων,
2047 2615 2101 2679 εἰ
2156 2616 2236 2694 μή
2293 2614 2616 2695 διαφοράν
2660 2636 2803 2681 τινα
2846 2615 3063 2696 ποιοίη

484 2720 523 2798 ἢ
579 2716 963 2798 ὑποςτρέφει
1019 2715 1106 2783 εἰς
1161 2715 1327 2798 ῥῆμα
1384 2724 1476 2803 τῷ
1531 2721 1564 2783 ἐ’
1617 2718 2185 2802 παραληγόμενον,
2251 2716 2619 2800 βαρύνεται,
2673 2718 2970 2797 τρόπος
3026 2719 3063 2784 ὁ

484 2822 771 2903 τρέπων,
815 2821 1110 2897 τροπός
1155 2820 1194 2885 ὁ
1237 2821 1692 2903 τετραμμένος,
1750 2821 2042 2900 κόμπος
2085 2821 2160 2886 τὸ
2211 2819 2709 2903 προςηγορικόν,
2766 2842 2851 2886 κο
2868 2822 3065 2900 μπός

485 2924 558 2989 τὸ
616 2921 940 3004 ἐπίθετον,
993 2921 1269 3006 τόπος,
1324 2922 1596 3007 κόπος,
1652 2923 1939 2988 πόπος·
2028 2920 2254 2988 (κύθαι
2307 2922 2429 3001 γὰρ
2483 2922 2563 2986 τὰ
2618 2922 2779 3002 παρ’
2843 2923 3065 2988 αὐτοῖς

486 3023 840 3106 ἀγαλμάτια
882 3024 1137 3090 πόπους
1180 3028 1454 3090 καλοῡςι.
1511 3026 1834 3109 κόλπος,
1881 3024 2191 3104 δόρπος.
2246 3025 2322 3090 τὸ
2368 3024 2584 3105 μέντοι
2630 3026 2921 3091 ςκοπός
2964 3028 3067 3091 καὶ
3101 3041 3166 3092 25

486 3127 682 3192 ὀπός
723 3127 827 3191 καὶ
872 3128 1113 3193 λοπός
1158 3125 1445 3195 ὀξύνεται
1476 3126 1687 3207 ὥςπερ
1718 3128 1797 3192 τὰ
1834 3127 2091 3193 ἐπίθετα
2131 3127 2443 3211 λοιπός,
2489 3127 2821 3211 γρυπός,
2865 3148 3063 3209 πομ-

486 3229 1066 3312 πός,χαλεπόο
1588 3256 1591 3261 >

487 3486 589 3550 βοη
592 3484 689 3537 θός
726 3490 784 3536 et
819 3488 935 3545 283,
972 3488 1061 3538 34:
1099 3484 1164 3538 δο
1167 3485 1363 3550 ρυξόος
1400 3485 1462 3540 ἐκ
1497 3490 1601 3539 τοθ
1640 3486 1776 3553 δόρυ
1813 3487 1905 3539 καὶ
1951 3490 2054 3540 τοῦ
2093 3489 2224 3542 ξόω.
2273 3484 2458 3539 οὐδεὶς
2492 3486 2554 3539 δὲ
2590 3486 2740 3550 λέγει
2779 3485 3065 3552 Ἑλλήνων

485 3552 739 3618 δόρυξος,
776 3552 920 3605 ἀλλὰ
954 3553 1217 3617 δορυξόος
1254 3556 1344 3607 καὶ
1379 3555 1611 3621 δορυξός
1655 3556 1797 3609 κατὰ
1834 3555 2136 3621 ςυγκοπήν.
2332 3556 2368 3606 l.
2405 3558 2436 3605 2
2471 3554 2604 3608 ἶπος
2641 3556 2864 3621 explevi
2899 3572 2966 3607 ex
3003 3559 3065 3607 Ε.

484 3623 670 3673 Orion.
707 3591 787 3683 7'7,
823 3622 923 3673 ubi
965 3620 997 3673 6
1035 3621 1374 3686 Ἡρωδιανὸς
1414 3625 1780 3689 subscriptum
1817 3632 1931 3689 θείς
1967 3624 2131 3687 ῥῖπος
2166 3650 2234 3661 -
2267 3621 2466 3709 τρίπος
2502 3624 2690 3674 addidi
2725 3641 2792 3676 ex
2815 3625 3065 3689 T.he0gn

485 3691 566 3751 68,
605 3687 786 3753 ῥύπος
822 3707 891 3741 ex
925 3689 989 3742 11.
1027 3691 1117 3740 Pr.
1154 3690 1202 3742 Ψ
1237 3695 1338 3743 254
1375 3692 1499 3743 coll.
1538 3691 1576 3745 C
1613 3695 1711 3743 352
1749 3693 2000 3758 explevi,
2035 3693 2216 3746 τύπος
2251 3720 2317 3728 -
2354 3690 2563 3744 ςτύπος
2601 3709 2668 3742 ex
2693 3693 2940 3759 Theogn.
2979 3710 3066 3743 ae-

485 3764 794 3823 cesserunt‚
836 3757 1073 3810 Κνῶπος
1111 3756 1357 3811 (κοῠποι
1390 3777 1458 3811 ex
1497 3760 1680 3814 St.13
1697 3798 1708 3820 ,
1759 3759 2001 3825 γρυπός,
2051 3763 2196 3827 quod
2242 3760 2460 3825 explevi
2497 3777 2563 3811 ex
2599 3763 2663 3810 Ε.
2700 3762 2791 3811 Or.
2827 3764 2923 3824 41,
2971 3763 3066 3811 ubi

487 3827 793 3877 subiectum
830 3832 916 3877 est
954 3825 1140 3877 οὕτως
1178 3826 1519 3892 Ἡρωδιανὸς
1556 3826 1618 3879 ἐν
1654 3832 1773 3880 τοῖς
1813 3827 2111 3893 Ελέγχοις,
2150 3834 2206 3881 et
2241 3827 2438 3881 λοιπός
2478 3845 2545 3878 ex
2581 3829 2827 3893 Theogn.

485 3894 624 3945 112
661 3909 838 3945 canon
876 3895 934 3945 in
972 3894 1169 3948 Choer.
1203 3896 1384 3961 Epim.
1420 3897 1477 3946 in
1512 3897 1836 3960 Psalm.46,
1876 3900 1940 3949 18
1977 3899 2055 3948 sie
2091 3898 2395 3964 profertur:
2441 3895 2511 3948 τὰ
2559 3894 2636 3948 εἷς
2673 3911 2778 3949 πος
2816 3894 3065 3960 λήγοντα

486 3961 690 4024 ἔχοντα
724 3963 833 4027 τὴν
870 3961 982 4027 πρὸ
1017 3960 1217 4014 τέλους
1254 3963 1533 4028 ςυλλαβὴν
1571 3963 1997 4030 καταλήγουςαν
2036 3962 2113 4016 εἰς
2152 3980 2190 4027 μ
2224 3964 2258 4028 ἢ
2308 3962 2386 4016 είς
2421 3981 2463 4016 π
2500 3964 2836 4030 βαρύνονται
2869 3962 3064 4028 ἵππος,

486 4028 595 4093 κάμ
599 4043 728 4094 πος,
767 4027 1016 4081 πάππος.
1052 4058 1119 4066 -
1154 4029 1222 4082 ού
1262 4030 1491 4096 μάχεται
1525 4032 1595 4083 τὸ
1631 4032 1845 4098 καρπός
1882 4032 2240 4095 ὀξυνόμενον.
2307 4031 2375 4084 οὐ
2411 4031 2517 4097 γὰρ
2555 4032 2666 4097 ἔχει
2702 4033 2770 4084 τὸ
2808 4029 3066 4097 δίχρονον

485 4098 517 4148 λ
558 4111 661 4159 γον
700 4095 777 4149 εἰς
816 4113 851 4160 μ
887 4096 921 4160 ἢ
961 4094 1039 4148 είς
1075 4113 1135 4152 π.
1206 4098 1404 4151 Ἵππος
1440 4103 1716 4167 proprium
1761 4102 1951 4151 addidi
1990 4118 2056 4151 ex
2093 4102 2173 4151 St.
2209 4102 2300 4163 Β.,
2338 4099 2573 4152 πάππος
2611 4118 2676 4152 ex
2714 4102 2908 4152 Choer.
2945 4102 3067 4166 Ep„

488 4164 527 4216 Κ
570 4179 714 4227 μπος
751 4182 815 4215 ex
855 4166 936 4215 St.
974 4166 1033 4214 B.
1072 4167 1370 4217 seeundum
1405 4168 1674 4219 Meinekii
1722 4170 2181 4220 emendationem.
2252 4170 2314 4218 In
2352 4164 2532 4219 Seh'ol.
2569 4171 2640 4219 ad
2675 4170 2904 4233 Dionys,
2942 4171 3068 4220 357:

488 4230 778 4300 Καμπανοί
815 4230 1065 4299 εἴρηνται
1102 4232 1136 4296 ἢ
1175 4231 1289 4285 ἀπὸ
1325 4237 1428 4287 τοῦ
1470 4235 1729 4301 Κάμπου,
1766 4236 1829 4289 ἐν
1868 4236 1914 4303 ᾧ
1952 4237 2060 4301 τὴν
2085 4234 2297 4301 οἴκηςιν
2334 4234 2579 4301 ἔχουςιν,
2617 4236 2653 4301 ἢ
2689 4235 2805 4289 ἀπὸ
2834 4235 3065 4299 Κάμπου

483 4296 638 4351 τινὸς
675 4299 860 4353 οὕτως
899 4300 1331 4365 ὀνομαζομένου.
1403 4302 1435 4355 6
1472 4303 1532 4356 δὲ
1571 4304 1911 4369 Ἡρωδιανὸς
1951 4303 2134 4357 ὀξύνει
2178 4303 2248 4354 τὸ
2286 4303 2466 4366 ὄνομα
2512 4306 2681 4357 verba
2727 4306 2759 4356 6
2794 4304 2856 4357 δὲ
2893 4304 3065 4370 “-Ηρω

484 4367 673 4420 διανὸς
718 4367 902 4420 ὀξύνει
946 4369 1015 4420 τὸ
1062 4369 1241 4434 ὄνομα
1287 4388 1395 4423 non
1441 4372 1513 4423 ad
1552 4371 1803 4438 Κάμπος,
1854 4373 1950 4424 sed
1995 4373 2067 4422 ad
2117 4369 2405 4435 Καμπανοί
2449 4372 2742 4424 referenda
2788 4378 2932 4423 sunt.
3002 4375 3067 4424 In

484 4436 588 4488 fine
626 4435 693 4487 οὐ
731 4436 837 4502 γὰρ
874 4436 987 4501 ἔχει
1021 4465 1087 4473 -—
1123 4453 1166 4489 π
1202 4446 1331 4491 sunt
1377 4456 1445 4491 ex
1481 4442 1656 4506 Epim.
1696 4441 1915 4501 Choer„
1964 4447 2078 4490 tum
2124 4440 2267 4504 πρὸς
2313 4438 2736 4506 ἀντιδιαςτολὴν
2772 4470 2838 4477 -
2875 4439 3066 4505 κύριον

455 4505 665 4569 ,ὄνομα
702 4521 777 4555 ex
806 4509 870 4558 Ε.
909 4509 984 4560 Μ.
1019 4509 1138 4571 492,
1178 4510 1259 4559 20.
1315 4510 1455 4561 Nam
1493 4525 1820 4574 quamquam
1856 4478 1945 4559 hi'e
1978 4508 2286 4560 Herodiani
2322 4524 2520 4559 nomen
2556 4525 2666 4560 non
2702 4510 3067 4575 subscriptum

486 4579 589 4638 est,
626 4579 812 4625 tamen
836 4575 894 4625 in
919 4574 1023 4626 hoe
1046 4592 1249 4642 genere
1273 4578 1552 4628 nominum
1574 4576 1709 4627 haec
1736 4577 2020 4628 distinctio
2045 4578 2126 4628 ita
2151 4576 2258 4627 fixa
2284 4583 2393 4640 est,
2432 4582 2521 4641 ut,
2559 4579 2692 4642 quin
2715 4578 3067 4629 Herodianus

482 4642 585 4694 hoe
621 4642 908 4694 discrimen
946 4645 1236 4707 statuerit,
1274 4662 1383 4695 non
1420 4646 1782 4696 dubitandum
1820 4647 1911 4697 sit.
1982 4645 2185 4711 Ἀρποι
2221 4645 2397 4697 adieci
2435 4660 2501 4695 ex
2539 4645 2619 4697 St.
2655 4646 2717 4697 Β.
2856 4645 2892 4695 Ι.
2929 4650 2989 4696 21
3030 4646 3064 4710 ἢ

487 4709 661 4773 μόνον
700 4711 891 4762 addidi
927 4718 1150 4779 propter
1186 4711 1425 4778 τρόπος,
1464 4712 1669 4779 τόπος,
1708 4712 1900 4765 κόπος.
1949 4717 2033 4766 De
2068 4712 2282 4779 τροπός
2319 4714 2390 4764 cf.
2417 4712 2599 4764 Sobel.
2639 4714 2709 4765 ad
2734 4713 2836 4765 Od.
2872 4713 2903 4765 δ
2940 4716 3064 4765 782.

485 4782 745 4842 τροποῖς;
793 4780 1258 4845 περιςπωμένως·
1305 4781 1465 4847 δηλοι
1510 4782 1615 4847 γὰρ
1658 4781 1793 4834 τοὺς
1841 4785 2242 4848 τροπωτῆρας,
2292 4781 2420 4846 περὶ
2465 4780 2562 4833 οὓς
2609 4780 2666 4834 αἱ
2711 4783 2899 4834 κῶπαι
2943 4781 3066 4847 τρέ-

487 4861 689 4898 πονται
735 4848 824 4900 καί
869 4848 1271 4914 ςυςτρέφονται
1316 4849 1378 4902 ἐν
1414 4847 1560 4914 ίμᾶςι
1602 4853 1720 4902 τοῖς
1758 4850 2203 4916 περιδεδεμένοις
2239 4853 2360 4902 ταῖς
2406 4848 2638 4903 κώπαις.
2675 4880 2741 4887 -
2777 4850 2964 4904 πόπος
3000 4868 3067 4902 ex

487 4914 733 4981 theogn
771 4919 959 4982 Ρ.158
994 4917 1101 4968 hue
1135 4917 1299 4969 retuli
1333 4924 1593 4971 monente
1628 4920 1862 4971 Lehrsio
1900 4920 1967 4971 de
2003 4921 2170 4971 Arist.
2204 4937 2258 4986 p.
2299 4921 2392 4970 119
2430 4919 2517 4973 ed.
2551 4920 2625 4972 11.
