3664 5546
644 386 782 451 150.
1577 383 1659 438 ΕΚ
1697 384 1836 438 ΤΩΝ
1878 383 2286 437 ΗΡΩΔΙΑΝΟΥ

807 556 902 621 Τὰ
944 557 1034 621 εἰς
1076 560 1192 621 W
1238 555 1746 636 ὑπερδιςύλλαβα
1772 555 2272 634 παραληγόμενα
2315 563 2407 640 τῷ
2451 561 2493 619 ἆ
2536 558 2971 635 προςηγορικά
3010 558 3049 637 ἢ
3094 556 3228 621 ἑπι-

575 719 584 729 .
639 660 855 724 θετικὰ
898 659 1222 742 ὀξύνεται,
1268 659 1654 741 λιθιακός,
1699 658 2128 741 μαλθακός,
2175 659 2587 740 ψιττακός,
2632 657 2999 741 ἀςτακός,
3045 658 3227 724 ἀνα-

640 761 805 843 κός,
851 763 1209 842 φύλακός
1255 761 1293 826 6
1338 760 1579 843 φύλαξ,
1625 760 1984 825 Φύλακος
2030 762 2101 827 δὲ
2143 761 2220 825 τὸ
2265 761 2522 843 κύριον,
2577 761 2986 841 φαρμακός
3042 762 3080 826 6
3124 762 3231 825 ἐπὶ

639 869 942 947 καθαρμῷ
996 866 1108 942 τῆς
1163 863 1418 928 πόλεως
1472 866 1820 946 τελευτῶν,
1877 863 2289 943 φάρμακος
2346 865 2418 928 δὲ
2473 862 2512 927 6
2564 862 2737 943 γόης.
2826 864 3229 944 ςεςημείωται

578 966 716 1030 5τό
762 966 1134 1049 θύλακος,
1190 966 1550 1049 ὕςςακος,
1607 962 1932 1030 αἴςακος
1986 964 2610 1047 προπαροξυνόμενα
2664 966 2767 1030 καὶ
2819 966 2895 1031 τὸ
2950 965 3227 1046 μαίμα-

640 1088 772 1133 κος
817 1066 1111 1132 ἐπίθετον
1157 1066 1289 1133 ἀπὸ
1334 1071 1602 1146 γενικῆς.
3206 1122 3217 1129 ,

810 1170 906 1235 Τὰ
970 1171 1073 1235 διὰ
1137 1173 1253 1235 τοῦ
1317 1173 1484 1235 W
1550 1169 1803 1251 κτητικὰ
1867 1169 2189 1252 ὀξύνεται,
2261 1170 2689 1254 Δηλιακός,
2756 1170 3228 1254 Φρυγιακός,

643 1260 1000 1355 Ἰλιακός,
1045 1271 1444 1355 Αἰνιακός,
1490 1273 1913 1355 Ἀκτιακός,
1958 1272 2596 1356 Ἀλαβανδιακός,
2653 1273 2716 1340 ἐξ
2779 1271 2859 1338 οὗ
2904 1275 3007 1337 καὶ
3051 1274 3227 1339 Ἀλα-

643 1375 983 1455 βανδιακός
1029 1375 1454 1459 ςολοικιςμός,
1501 1375 1594 1440 ῶς
1636 1375 1983 1442 Φιλόξενος
2025 1375 2142 1453 τὴν
2174 1374 2536 1441 Ὀδύςςειαν
2583 1375 3028 1459 ἐξηγούμενος,
3073 1376 3229 1442 ὅταν

545 1487 606 1539 10
641 1477 680 1555 ἡ
727 1477 809 1555 μή
855 1475 1275 1556 ἀπαγόρευςις
1321 1475 1464 1542 ἀντὶ
1505 1480 1617 1555 τῆς
1664 1477 1743 1542 οὐ
1787 1479 2018 1559 κεῖται,
2076 1477 2166 1543 ῶς
2211 1478 2286 1543 τὸ
2334 1480 2455 1557 «μὴ
2502 1478 2590 1542 δι>
2635 1478 2790 1557 ἐμὴν
2836 1478 3053 1556 ἰότητα
3093 1479 3229 1543 Πο-

643 1579 913 1643 ςειδάων
959 1578 1349 1658 ἐνοςίχθων»
1395 1576 1505 1661 (Il.
1539 1578 1747 1660 041).
1796 1580 2374 1663 Βαργυλιακός,
2423 1580 2893 1664 Βουριακός,
2942 1583 3229 1649 Βυζαν«

643 1680 941 1764 τιακός,
1007 1680 1332 1764 Διακός,
1399 1680 2016 1764 Ἐλευςινιακός,
2075 1682 2706 1765 Θεςπρωτιακός,
2752 1682 3230 1768 Θουριακός,

649 1782 1312 1868 Κυνοςουριακός,
1369 1782 1717 1866 Ἰκιακός,
1776 1784 2332 1868 Κοςςυριακός,
2395 1784 2868 1867 Κυπριακός,
2934 1787 3230 1851 Μαλια-

647 1885 808 1968 κός,
878 1883 1537 1969 Μαραθωνιακός,
1606 1886 2179 1969 Μερουςιακός,
2240 1886 2669 1969 Μηλιακός,
2728 1877 3231 1970 Νιςυριακός,

548 1997 607 2047 15
645 1973 1083 2068 Ὀλβιακός,
1135 1987 1723 2072 Παλληνιακός,
1786 1988 2386 2071 Παμφυλιακός,
2447 1989 2964 2073 Βοιωτιακός,
3020 1991 3231 2069 Παρ-

644 2088 1096 2171 ναςςιακός,
1152 2089 1724 2173 Πελαςγιακός,
1781 2090 2564 2173 Πελοποννηςιακός,
2619 2092 3232 2171 Πελοποννηςιακὸν

646 2193 718 2256 δὲ
775 2191 1061 2270 πόλεμον
1118 2191 1554 2271 φυλάττονται
1600 2193 1825 2269 λέγειν.
1913 2192 2497 2277 Πηλουςιακός,
2551 2194 3029 2277 Ποτνιακός,
3074 2195 3232 2260 Ῥο-

647 2293 948 2375 διακός,
996 2291 1408 2376 (αμιακός,
1456 2293 1947 2377 (τειριακός,
1994 2293 2428 2379 (ιγειακός,
2476 2295 2784 2362 Χιακός.

815 2394 910 2459 Τὰ
954 2393 1043 2460 εἰς
1087 2400 1255 2459 {W
1298 2394 1368 2460 ἕν
1416 2396 1611 2480 ἐςτιν,
1659 2398 2095 2462 Ἀλώπεκος
2140 2396 2272 2464 ἀπὸ
2315 2402 2582 2475 γενικῆς.

542 2507 611 2555 21)
816 2497 910 2562 Τὰ
976 2496 1064 2561 εἰς
1119 2500 1282 2562 ἐἷο-ς
1347 2498 1510 2577 ὑπὲρ
1577 2498 1695 2563 δύο
1761 2500 2075 2579 ςυλλαβὰς
2141 2502 2700 2580 προπαροξύνεται
2772 2502 3003 2568 ςπάνια
3075 2502 3238 2569 ὄντα

650 2599 1179 2667 Καππάδοκος
1233 2599 1272 2664 6
1327 2600 1597 2683 κτίςτης,
1657 2601 1746 2666 ῶς
1791 2601 2238 2685 Ἀλέξανδρος,
2285 2605 2387 2668 καὶ
2430 2606 2505 2671 τὸ
2551 2605 2756 2670 ἔθνος.
2818 2605 3066 2682 λέγεται
3111 2606 3235 2685 γὰρ

644 2703 721 2766 τὸ
767 2701 977 2781 ὄνομα
1019 2707 1282 2788 τριχῶς,
1327 2702 1366 2767 6
1401 2703 1858 2788 Καππάδοκος,
1904 2703 1942 2768 6
1983 2704 2361 2788 Καππάδοξ,
2406 2704 2445 2769 6
2494 2706 2934 2787 Καππαδόκης.
2989 2706 3233 2787 (πόρ-

647 2810 885 2870 δοκος
944 2805 1224 2888 Θρᾴκιον
1279 2804 1503 2885 ὄνομα.
1603 2806 2036 2886 Ἀμάδοκος
2094 2806 2397 2874 (κυθικὸν
2453 2809 2660 2876 ἔθνος.
2745 2810 3109 2876 Ἑλλάνικος
3162 2811 3235 2876 ἐν

649 2905 988 2972 (κυθικοῑς.
1032 2907 1455 2984 Δόλογκος
1511 2908 1700 2974 ἔθνος
1746 2908 1999 2991 Θρᾴκης
2054 2908 2186 2976 ἀπὸ
2231 2910 2580 2987 Δολόγκου
2633 2916 2751 2977 τοῦ
2794 2911 3088 2994 ἀδελφοῦ
3134 2913 3235 2977 Βι-

545 3018 610 3070 25
648 3012 864 3075 θυνοῦ.
911 3008 1384 3090 Δημόδοκος
1429 3009 1639 3090 ὄνομα
1681 3012 1921 3090 κύριον.
1966 3012 2379 3078 Λαόδοκος.
2425 3014 2500 3079 τὸ
2546 3016 2616 3079 δὲ
2659 3015 3089 3082 ξενοδόκος
3133 3017 3239 3079 καὶ

649 3111 968 3176 ἰοδόκος
1014 3111 1378 3191 βαρύνεται·
1424 3114 1525 3177 καὶ
1568 3113 1644 3178 τὸ
1689 3112 2163 3194 αἰγοβοςκός
2209 3114 2516 3182 ὀξύνεται.

787 3333 822 3385 l.
862 3337 887 3382 1
937 3349 1114 3385 canon
1149 3335 1207 3388 in
1243 3334 1306 3388 11.
1344 3334 1433 3389 Pr.
1471 3333 1517 3386 Ω
1550 3336 1652 3386 566
1688 3333 1773 3399 (Ε.
1811 3336 1883 3386 Μ.
1918 3338 2045 3398 802,
2073 3337 2137 3399 -3)
2185 3337 2266 3386 sic
2309 3337 2690 3388 constituitur:
2736 3338 3052 3402 φυλακούςε
3094 3338 3237 3405 Ἀρί-

650 3415 884 3465 ςταρχος
920 3401 1054 3452 κατ’
1090 3401 1276 3454 ὀξεῖαν
1311 3401 1466 3454 τάςιν
1493 3401 1849 3468 προεφέρετο
1886 3401 1964 3455 ώς
2000 3403 2300 3469 φρουρούς.
2349 3405 2461 3456 ἔςτι
2498 3404 2558 3457 δὲ
2595 3405 2685 3457 καὶ
2723 3406 2755 3458 6
2792 3407 2960 3470 λόγος
2987 3421 3235 3470 ςυναγω-

650 3469 940 3534 νιζόμενος
976 3474 1046 3537 τῇ
1085 3467 1237 3537 ὀξείᾳ
1272 3468 1423 3523 τάςει
1461 3470 1674 3534 οὕτως,
1715 3469 1793 3523 ῶς
1831 3471 1903 3523 τὰ
1939 3469 2017 3523 εἰς
2052 3477 2150 3526 κδ(
2198 3472 2447 3538 καθαρὸν
2491 3473 2740 3537 λήγοντα
2784 3475 2930 3540 ὑπὲρ
2974 3475 3076 3527 δύο
3114 3477 3236 3528 ςυλ·

651 3535 850 3601 λαβάς,
890 3538 1331 3604 παραληγόμενα
1366 3542 1451 3605 τῶ
1489 3543 1542 3603 ἃ,
1581 3538 1958 3605 προςηγορικὰ
1995 3540 2029 3604 ἢ
2056 3539 2288 3594 ἐπίθετα
2324 3540 2608 3605 ὀξύνεται,
2647 3539 2882 3608 ἀνακός,
2921 3544 3234 3609 φαρμακός,

651 3604 920 3670 φύλακός.
989 3605 1062 3657 τὰ
1095 3605 1202 3671 γὰρ
1239 3606 1401 3672 κύρια
1438 3606 1760 3672 βαρύνεται,
1798 3607 2083 3672 Φύλακος,
2124 3609 2378 3662 Αὔλακος
2412 3609 2681 3675 (Ὕλακος
2706 3609 2888 3676 Lob.),
2926 3612 3069 3663 unde
3105 3610 3236 3664 ἀνα-

651 3673 751 3726 κός
785 3674 845 3724 in
877 3675 1102 3725 Arcadii
1136 3691 1403 3728 canonem
1437 3678 1663 3728 inserui.
1697 3704 1763 3713 -
1799 3677 2045 3729 λιθιακός
2082 3694 2179 3744 pro
2215 3676 2440 3730 λιθακός
2478 3695 2599 3728 cum
2634 3680 2769 3730 Lob.
2811 3681 3032 3746 scripsi,
3072 3696 3238 3746 quum

651 3743 780 3794 inde
817 3743 960 3808 quod
993 3743 1266 3795 Arcadius
1304 3744 1598 3809 trisyllaba
1634 3749 1853 3796 tantum
1888 3751 2296 3809 commemorat,
2343 3747 2483 3797 nibil
2529 3746 2681 3796 aliud
2728 3748 3083 3813 consequitur
3128 3751 3239 3799 nisi

652 3810 836 3863 omnia
872 3815 987 3861 tres
1022 3811 1271 3877 syllabas
1308 3813 1636 3865 excedentia
1671 3814 1740 3864 ab
1780 3830 1845 3864 eo
1884 3814 2086 3865 omissa
2122 3829 2273 3876 esse,
2320 3830 2445 3864 nam
2484 3815 2551 3864 de
2590 3815 3088 3880 hyperdisyllabiS,
3126 3833 3237 3867 non

654 3880 721 3929 de
759 3877 1067 3943 trisyllabis
1103 3881 1196 3946 agi
1231 3881 1406 3946 ipsius
1441 3882 1668 3931 canonis
1704 3882 1877 3932 verba
1910 3883 2178 3936 indicant.
2204 3909 2269 3917 —
2293 3884 2359 3934 In
2396 3882 2501 3933 fine
2536 3898 2635 3948 pro
2660 3882 2931 3935 ςύνθετον
2954 3885 3239 3937 Lobeckio

652 3952 912 3998 monente
948 3947 1115 4000 Proll.
1150 3951 1250 3999 315
1287 3950 1484 4015 scripsi
1520 3947 1783 4001 ἐπίθετον
1821 3966 1944 4000 cum
1979 3951 2360 4001 additamento
2397 3949 2512 4002 ἀπὸ
2537 3953 2788 4016 γενικῆς,
2829 3968 2935 4017 quo
2971 3960 3240 4004 accentus

655 4015 979 4080 explicatur.
1057 4016 1143 4066 De
1190 4015 1442 4080 φύλακός
1489 4017 1666 4069 Schol.
1720 4018 1792 4068 ad
1838 4018 2016 4082 Apoll.
2064 4019 2106 4071 Α
2156 4021 2275 4069 132:
2331 4018 2585 4082 φύλακος
2636 4019 2894 4072 Ἰωνικῶς
2948 4020 2979 4073 ὁ
3036 4020 3237 4088 φύλαξ.

653 4083 843 4135 Ἴωνες
879 4081 940 4135 δὲ
976 4081 1038 4135 ἐκ
1073 4084 1196 4134 τῶν
1231 4087 1474 4147 γενικῶν
1511 4089 1761 4137 ποιοῠςιν
1808 4084 2053 4149 εὐθείας,
2100 4089 2203 4137 τοῦ
2250 4085 2502 4150 φύλακος
2549 4087 2580 4138 ὁ
2628 4087 2909 4152 φύλακος,
2954 4091 3057 4140 τοῦ
3104 4086 3237 4153 μάρ-

652 4165 821 4216 τυρος
858 4151 890 4203 ό
929 4149 1222 4216 μάρτυρος.
1269 4155 1373 4204 τοῦ
1410 4153 1471 4205 δὲ
1508 4153 1759 4217 φύλακος
1796 4152 2174 4220 ὀξυτονητέον
2207 4155 2316 4219 τὴν
2352 4153 2591 4220 πρώτην
2631 4156 2797 4221 (quae
2839 4162 2925 4208 est
2962 4157 3240 4223 Apollonii

653 4221 935 4270 sententia
971 4217 1034 4270 ἐν
1069 4223 1190 4272 τοῖς
1225 4221 1586 4285 παρωνύμοις
1625 4224 1935 4289 proposita,
1972 4229 2035 4272 ut
2068 4239 2135 4272 ex
2174 4223 2360 4289 Steph.
2398 4225 2460 4273 Β.
2497 4227 2615 4286 325,
2656 4228 2681 4275 1
2720 4226 2989 4291 apparet).
3064 4224 3239 4289 Ἡρω-

655 4287 842 4339 διανὸς
879 4287 987 4351 τὴν
1022 4286 1354 4341 τελευταίαν
1391 4289 1589 4343 ὀξύνει.
1696 4291 1731 4341 l.
1768 4293 1799 4339 8
1837 4292 2057 4341 nomina
2092 4291 2223 4341 inde
2259 4292 2330 4342 ab
2366 4289 2623 4345 Αἰνιακός
2661 4309 2727 4344 ex
2763 4293 2843 4343 St.
2883 4295 2945 4344 B.
2984 4294 3239 4360 apposui.

791 4356 826 4406 l.
867 4359 929 4407 19
976 4355 1299 4410 Ἀλώπεκος
1344 4360 1621 4425 proprium
1675 4358 1900 4410 exhibui
1956 4364 2212 4410 monente
2261 4360 2561 4411 Schmidtio
2609 4362 2665 4411 in
2711 4376 3036 4426 programm.
3085 4362 3239 4412 Sedi-

654 4426 813 4476 ncnsi
852 4424 1028 4490 (1864)
1069 4441 1119 4489 p.
1158 4429 1237 4476 19.
1442 4426 1478 4477 1.
1518 4430 1579 4477 21
1629 4425 2001 4479 Καππάδοκος
2039 4427 2261 4492 explevi
2304 4444 2371 4478 ex
2411 4430 2488 4479 St.
2526 4430 2587 4478 B.
2622 4432 2749 4492 356,
2790 4432 2852 4479 15
2897 4435 2957 4481 et
2991 4431 3239 4496 Theogn.

654 4496 735 4552 59,
775 4495 855 4543 19.
923 4493 1009 4543 Ad
1046 4491 1394 4558 (πόρδοκος,
1434 4495 1578 4560 quod
1615 4511 1704 4560 ap.
1741 4496 1988 4560 Theogn.
2028 4492 2351 4560 (πάρδοκος
2388 4499 2652 4563 scriptum
2689 4504 2801 4561 est,
2839 4514 2907 4548 ex
2945 4513 3009 4549 eo
3047 4497 3240 4549 addidi

655 4559 896 4625 Θρᾴκιον
934 4559 1110 4613 ἔθνος.
1185 4560 1488 4625 Ἀμάδοκος
1525 4564 1764 4613 accessit
1811 4579 1879 4613 cx
1926 4564 2007 4618 St.
2048 4563 2137 4625 Β,,
2184 4563 2474 4627 Δόλογκος
2520 4582 2588 4616 ex
2632 4565 2849 4628 eodem,
2899 4582 3021 4617 nam
3066 4566 3238 4617 etiam

656 4629 722 4679 de
759 4629 985 4695 impuris
1021 4629 1395 4681 Herodianum
1444 4632 1625 4696 egisse
1674 4630 1839 4681 docet
1882 4629 2232 4696 αἰγοβοςκός,
2280 4639 2446 4697 atque
2493 4636 2719 4699 saepius
2753 4634 3104 4686 Herodianus
3147 4651 3239 4700 ap.

653 4697 851 4747 Arcad.
876 4714 1012 4762 pura
1049 4713 1170 4748 cum
1197 4698 1424 4763 impuris
1450 4700 1761 4764 coniungit3
1802 4708 2024 4764 praeter
2049 4708 2370 4765 sequentem
2398 4717 2663 4753 canonem
2690 4703 2766 4752 cf.
2790 4703 2984 4753 Arcad.
3014 4706 3127 4764 107,
3156 4704 3237 4754 13.

656 4765 950 4816 Caeterum
991 4767 1102 4817 hoc
1149 4781 1346 4817 nomen
1389 4768 1571 4818 inesse
1619 4767 1841 4817 videtur
1882 4769 1939 4819 in
1986 4775 2243 4834 corrupto
2287 4766 2559 4822 Δοίδοκος
2606 4785 2693 4836 ap.
2730 4771 3002 4836 Theogn.‚
3048 4769 3239 4835 Δημό-

654 4832 819 4885 δοκος
854 4834 1037 4900 recepi
1072 4851 1139 4884 ex
1175 4834 1444 4900 Theogn„
1481 4834 1763 4887 Λαόδοκος
1800 4851 1870 4886 ex
1904 4837 2100 4888 Arcad.
2140 4840 2233 4898 83,
2271 4839 2318 4887 7.
2388 4833 2605 4889 ἰοδόκος
2651 4838 2829 4890 adieci
2867 4856 2933 4890 ex
2969 4840 3238 4905 Theogn„

656 4900 802 4967 apud
839 4916 1000 4967 quem
1035 4918 1144 4953 vox
1179 4903 1235 4952 in
1272 4901 1522 4955 διόδοκος
1560 4909 1816 4970 corrupta
1853 4909 1957 4956 est.
2027 4905 2100 4956 cf.
2139 4904 2396 4956 Eustath.
2432 4909 2582 4972 1024,
2617 4909 2698 4958 61.
