3664 5546
659 437 923 485 CXXXVI
1749 431 2166 480 PRAEFATIO.

660 600 820 655 seat.
910 591 990 654 In
1054 587 1268 654 Schol.
1329 586 1412 665 ad
1473 586 1752 672 Dionys.
1809 609 1872 672 p.
1920 586 2045 650 638
2088 624 2172 635 —-
2228 587 2398 662 λέγει
2455 586 2492 650 6
2549 587 2949 670 Φιλόπονος,
3016 589 3086 653 ὃς
3142 588 3251 652 καὶ

656 697 801 773 περὶ
853 691 1217 776 προςῳδίας
1271 690 1681 770 διαλαμβάνει
1739 691 1809 754 ἐν
1868 690 2006 773 ἰδίῳ
2065 689 2281 774 βιβλίῳ
2335 725 2418 735 -
2467 689 2646 775 'quae
2705 687 2785 753 de
2843 687 3123 754 diaeresi
3180 698 3249 753 et

659 793 1120 882 hypodiaeresi
1163 791 1609 878 proferuntur,
1658 789 1818 854 nihil
1850 792 2181 876 pertinent
2225 789 2311 854 ad
2355 799 2649 856 nostrum
2677 791 3007 856 Ioannem.
3060 791 3247 872 Quae

659 896 833 984 apud
880 894 1382 981 grammaticum
1425 892 2058 974 Meermannianum‚
2106 892 2217 980 qui
2264 890 2631 957 simillimus
2679 904 2781 957 est
2826 892 3052 958 Ioanni
3093 892 3246 957 Phi-

660 999 895 1085 lopono
950 998 1018 1060 in
1074 996 1295 1062 Cornu
1354 994 1600 1082 Copiae
1656 994 1811 1060 mihi
1870 996 2238 1076 inaccesso,
2297 1019 2361 1081 p.
2408 995 2530 1060 657
2593 993 2673 1074 (Ι.
2725 995 2841 1060 Gr.
2890 996 3013 1060 243
3040 996 3105 1083 a)
3164 997 3249 1060 dc

661 1100 909 1166 Dorica
953 1099 1165 1164 tonosi
1197 1097 1660 1162 adverbiorum
1706 1098 1774 1161 in
1824 1103 1912 1163 u'st
1957 1097 2480 1182 praecipiuntur,
2526 1120 2654 1162 non
2688 1107 3057 1182 congruunt
3098 1120 3247 1163 cum

663 1201 956 1286 Theogn.
1008 1200 1158 1282 164,
1213 1201 1321 1282 18,
1379 1221 1571 1286 quem
1615 1222 1764 1264 cum
1808 1198 2188 1265 Herodiano
2234 1199 2574 1263 concinere
2620 1198 2855 1264 docent
2899 1200 3252 1265 Monadica

663 1328 727 1390 p.
772 1303 884 1383 25,
932 1302 1015 1365 29
1061 1302 1143 1365 cf.
1194 1302 1452 1365 Ahrens
1513 1300 1594 1364 de
1652 1300 1806 1366 dial.
1852 1302 2015 1366 Dor.
2064 1325 2122 1388 p.
2170 1302 2253 1366 32
2304 1311 2368 1365 et
2412 1302 2514 1366 33.
2564 1337 2645 1350 —-
2690 1300 2921 1366 Choer.
2965 1303 3088 1367 593
3149 1303 3247 1367 di-

665 1416 836 1470 serte
881 1405 1236 1491 reprobans
1271 1403 1614 1488 Philoponi
1647 1404 1728 1467 de
1761 1405 1969 1470 ἔολπα
2000 1403 2388 1469 sententiam
2420 1403 2751 1468 subnectit
2784 1403 3005 1468 statim
3036 1403 3244 1470 Hero-

666 1507 986 1572 dianeam.
1078 1506 1148 1570 P.
1196 1505 1321 1571 595
1374 1515 1720 1592 postquam
1778 1504 2137 1570 Herodiani
2195 1505 2440 1569 formae
2493 1507 2850 1585 ἐγρήγορθα
2894 1506 3248 1592 explicatio

667 1611 865 1676 tacito
902 1608 1163 1696 quidem
1200 1609 1335 1673 eius
1373 1608 1632 1671 nomine
1667 1608 2005 1694 proposita
2035 1619 2167 1688 est,
2213 1607 2505 1672 reiicitur
2549 1607 2895 1694 Philoponi
2931 1608 3236 1673 differens

671 1711 1015 1797 placitum3
1070 1734 1134 1797 p.
1181 1709 1305 1774 645
1347 1707 1606 1795 prolata
1653 1709 2015 1775 Herodiani
2062 1710 2142 1774 de
2187 1710 2422 1774 futuris
2469 1719 2736 1796 quartae
2793 1709 3245 1774 declinationis

671 1813 1015 1878 verborum
1048 1813 1369 1876 sententia
1402 1812 1620 1897 pergit
1650 1811 2139 1878 Choeroboscus
2177 1813 2487 1890 ἀντιλέγει
2525 1815 2595 1878 δὲ
2626 1813 2789 1892 πρὸς
2821 1814 3021 1879 αὐτὸν
3052 1814 3245 1878 Φιλό-

667 1937 903 1998 πονος,
961 1916 1070 2000 qui
1125 1913 1304 1979 locus
1362 1912 1720 1978 clarissime
1778 1914 2062 1980 ostendit
2117 1912 2545 2001 Philoponum
2613 1914 2872 1979 diverse
2929 1937 2969 1977 a
3020 1925 3246 1980 nostro

670 2016 912 2081 Ioanne
970 2014 1347 2080 Herodiano
1403 2014 1773 2080 oblocutum
1818 2037 1981 2080 esse.
2036 2055 2121 2067 ·—-
2175 2017 2426 2081 Auctor
2477 2023 2748 2083 τονικῶν
2802 2019 3247 2098 παραγγελμά-

668 2142 802 2186 των
859 2119 1114 2184 omissis
1169 2117 1526 2183 canonibus
1584 2117 2027 2203 singularibus
2087 2119 2167 2184 de
2225 2120 2407 2183 exitu
2464 2118 2930 2185 vocabulorum
2982 2141 3248 2204 operam

671 2244 854 2286 suam
919 2221 998 2285 iis
1061 2220 1302 2285 finibus
1357 2219 1893 2306 circumscripsit,
1962 2231 2038 2286 ut
2093 2220 2452 2286 Herodiani
2512 2221 2880 2307 principiis,
2948 2244 3112 2307 quac
3182 2221 3249 2284 in

669 2325 1000 2411 prooemio
1046 2331 1508 2410 proposuerat,
1557 2321 1903 2387 declaratis
1949 2323 2242 2390 breviter
2285 2323 2548 2411 quidem
2581 2322 2695 2388 sed
2727 2335 2958 2389 exacte
2996 2362 3066 2371 —
3106 2346 3249 2409 pcr-

670 2447 819 2491 raro
877 2426 1241 2491 sententiae
1293 2422 1658 2490 Herodiani
1721 2425 2091 2512 opinionem
2156 2425 2239 2490 ab
2306 2447 2380 2489 eo
2436 2426 2849 2511 reprobatam
2909 2426 3253 2491 substituit

671 2552 734 2616 p.
780 2527 895 2611 39,
949 2529 1025 2592 12
1074 2566 1147 2575 —-
1207 2526 1569 2593 Herodiani
1625 2527 1706 2591 de
1764 2550 2034 2592 casuum
2091 2538 2389 2608 accentU,
2451 2528 2531 2592 de
2590 2528 3109 2615 pronominibus,
3168 2528 3252 2592 de

671 2631 1301 2718 praepositionibuS‚
1350 2630 1431 2694 de
1477 2629 1843 2710 adverbiis,
1903 2629 1981 2694 de
2027 2629 2592 2696 coniunctionibus
2640 2630 3000 2696 doctrinam
3046 2628 3249 2717 expli-

671 2744 878 2816 caret,
926 2732 1161 2819 quibus
1208 2733 1273 2797 in
1320 2732 1615 2819 partibus
1664 2730 2045 2797 Catholicae
2091 2753 2194 2796 me
2242 2730 2549 2797 Ioannem
2596 2742 2891 2798 secutum
2937 2755 3077 2798 esse
3123 2733 3252 2797 iam

673 2857 871 2923 supra
914 2834 1075 2900 dixi.

1503 2988 1608 3052 lle
1655 2983 2017 3070 Stephano
2060 2988 2432 3083 Byzantio.

843 3141 1158 3228 Stephani
1203 3140 1487 3204 Ethnica
1544 3140 1627 3203 ad
1684 3161 1800 3204 nos
1860 3151 2296 3226 pervenerunt
2351 3142 2415 3204 in
2472 3142 2738 3207 brevius
2786 3153 3125 3208 contracta
3169 3144 3256 3209 ab

672 3242 1058 3324 HermolaO,
1130 3263 1319 3329 quem
1390 3254 1718 3306 auctorem
1787 3244 2099 3328 epitomes
2168 3242 2329 3308 dicit
2384 3242 2621 3308 Suidas
2680 3268 2732 3309 s.
2778 3269 2841 3309 v.
2888 3246 3256 3326 Ἑρμόλαος.

681 3344 1063 3410 Eustathius
1121 3345 1184 3407 in
1242 3343 1721 3407 commentariis
1779 3343 1863 3407 ad
1910 3342 2261 3406 Homerum
2322 3356 2386 3409 et
2432 3346 2819 3432 Dionysium
2876 3346 3259 3431 Periegeten

673 3470 830 3512 usus
896 3455 996 3509 est
1061 3455 1320 3530 praeter
1378 3444 1698 3531 epitomen
1756 3446 1951 3510 ctiam
2010 3444 2326 3531 ampliore
2385 3471 2613 3534 opere,
2685 3459 2757 3512 ut
2813 3451 3118 3535 exposuit
3173 3450 3257 3513 A.

679 3549 1219 3613 VVestermannus
1268 3547 1332 3609 in
1379 3545 1586 3631 praef.
1635 3547 1719 3611 ad
1751 3546 1975 3635 Steph.
2021 3572 2082 3635 p.
2123 3548 2251 3612 XV
2283 3572 2483 3636 seqq„
2533 3572 2733 3636 quare
2779 3574 2861 3615 ex
2907 3550 3258 3617 Eustathio

677 3648 1026 3738 plurimum
1088 3648 1392 3713 utilitatis
1448 3648 1772 3714 redundat
1827 3660 1892 3714 et
1949 3651 2033 3715 ad
2082 3650 2394 3737 Stephani
2454 3651 2645 3716 etad
2691 3654 2863 3734 eius,
2923 3676 3111 3740 quem
3158 3653 3263 3719 hic

679 3751 1059 3838 exscripsit,
1111 3750 1466 3815 Herodiani
1514 3751 1969 3836 cognitionem.
2059 3753 2381 3837 Originali
2426 3752 2590 3817 libro
2647 3765 2796 3818 ante
2844 3754 3261 3820 Eustathium

679 3855 877 3920 etiam
922 3851 1411 3917 Choeroboscus
1457 3874 1611 3917 usus
1659 3863 1787 3936 cst,
1837 3856 1946 3941 qni
1993 3857 2059 3918 in
2108 3855 2356 3920 Dictat.
2399 3856 2546 3937 326,
2578 3856 2640 3938 6,
2692 3857 2807 3923 ubi
2854 3857 2933 3921 de
2978 3859 3262 3921 nominis

681 3959 889 4023 Θέκλα
933 3953 1144 4019 forma
1190 3954 1513 4040 disputat,
1562 3956 1699 4019 eius
1746 3959 2137 4037 sententiae,
2185 3981 2268 4022 ex
2313 3980 2441 4044 qua
2487 3958 2731 4023 vocalis
2766 3958 3082 4031 ,vocabuli
3129 3961 3263 4026 Do-

681 4059 993 4123 riensium
1039 4079 1214 4122 more
1260 4055 1575 4143 producta
1619 4080 1760 4122 esse
1806 4059 2249 4139 existimatur,
2299 4069 2631 4126 auctorem
2664 4062 2824 4125 citat
2857 4061 3263 4147 Stephanum

679 4160 779 4225 his
828 4159 1076 4225 verbis:
1137 4160 1367 4239 ταύτης
1420 4164 1531 4238 τῆς
1588 4162 1773 4242 δόξης
1829 4162 1954 4227 ἔςτι
2001 4162 2326 4243 (τέφανος
2386 4164 2424 4227 6
2469 4164 2546 4230 τὰ
2604 4165 2818 4229 ἐθνικὰ
2861 4165 3117 4243 γράψας
3163 4167 3267 4230 καὶ

681 4264 853 4329 πάνυ
897 4262 1408 4341 περιγεγονότως
1464 4264 1734 4340 ἔπραξεν
1791 4265 1862 4328 ἐν
1918 4270 1992 4349 τῇ
2037 4265 2273 4330 τούτου
2318 4271 2433 4331 τοῦ
2486 4266 2803 4346 ὀνόματος
2859 4269 3265 4352 τεχνολογίᾳ,

680 4364 853 4430 unde
912 4362 1103 4427 simul
1160 4372 1343 4449 patet
1401 4364 1737 4429 verissime
1794 4389 1834 4429 a
1877 4364 2210 4429 Meinekio
2268 4389 2330 4451 p.
2376 4366 2533 4447 599,
2590 4368 2665 4429 14
2721 4369 3018 4447 Ταμίαθις
3077 4371 3265 4434 πόλις

559 4466 566 4473 ’
681 4469 1029 4546 Αἰγύπτου·
1090 4467 1335 4544 λέγεται
1392 4469 1492 4532 καὶ
1535 4473 1839 4548 θηλυκῶς.
1929 4470 1966 4546 ἡ
2025 4471 2238 4547 γενικὴ
2284 4469 2651 4548 Ταμιάθεως
2709 4470 2912 4534 verba
2957 4491 3122 4555 quae
3169 4492 3264 4534 se-

683 4580 971 4658 quuntur
1014 4568 1184 4633 οὕτω
1233 4571 1540 4648 Γεώργιος
1585 4571 1621 4635 6
1671 4571 2095 4652 Χοιροβοςκός
2141 4571 2210 4634 ἐν
2256 4577 2346 4655 τῷ
2394 4571 2754 4657 ὀνοματικῷ
2811 4570 3064 4635 seclusa
3121 4594 3266 4637 esso

682 4682 756 4737 ut
801 4694 842 4735 a
886 4671 1214 4757 Stephano
1262 4668 1491 4735 aliena.
1572 4672 1898 4736 Videntur
1941 4681 2158 4735 autem
2201 4670 2362 4735 haec
2410 4672 2611 4736 verba
2654 4695 2736 4738 ex
2783 4674 3109 4758 margine,
3158 4675 3268 4738 cui

684 4772 1016 4858 adscripta
1059 4770 1318 4837 fuerant
1361 4774 1444 4838 ab
1491 4772 1749 4838 homine
1795 4773 1998 4837 verba
2044 4796 2083 4836 a
2115 4771 2442 4858 Stephano
2486 4776 2700 4860 posita
2745 4798 2827 4839 cx
2861 4774 3265 4857 Herodian0‚

685 4873 857 4939 unde
912 4875 1111 4938 etiam
1157 4871 1649 4940 Choeroboscus
1708 4875 2047 4956 hauserat,
2120 4877 2322 4960 petita
2377 4898 2520 4939 esse
2568 4877 2818 4960 nescio,
2886 4878 2953 4941 in
3008 4886 3265 4942 textum
