<?xml version="1.0" encoding="UTF-8"?>
<!DOCTYPE html PUBLIC "-//W3C//DTD XHTML 1.0 Transitional//EN"
    "http://www.w3.org/TR/xhtml1/DTD/xhtml1-transitional.dtd">
<html xmlns="http://www.w3.org/1999/xhtml" xml:lang="en" lang="en">
 <head>
  <title>
</title>
<meta http-equiv="Content-Type" content="text/html;charset=utf-8" />
  <meta name='ocr-system' content='tesseract 3.04.00' />
  <meta name='ocr-capabilities' content='ocr_page ocr_carea ocr_par ocr_line ocrx_word'/>
</head>
<body>
  <div class='ocr_page' id='page_1' title='image "./grammaticigraec02unkngoog_0014.png"; bbox 0 0 3664 5546; ppageno 0'>
   <div class='ocr_carea' id='block_1_1' title="bbox 529 332 2048 385">
    <p class='ocr_par' dir='ltr' id='par_1_1' title="bbox 529 332 2048 385">
     <span class='ocr_line' id='line_1_1' title="bbox 529 332 2048 385; baseline -0.003 -2"><span class='ocrx_word' id='word_1_1' title='bbox 529 339 657 385; x_wconf 86' lang='lat' dir='ltr'>VIII</span> <span class='ocrx_word' id='word_1_2' title='bbox 1629 332 2048 378; x_wconf 82' lang='lat' dir='ltr'><strong>PRAEFATIO.</strong></span> 
     </span>
    </p>
   </div>
   <div class='ocr_carea' id='block_1_2' title="bbox 525 483 3119 1079">
    <p class='ocr_par' dir='ltr' id='par_1_2' title="bbox 525 483 3119 1079">
     <span class='ocr_line' id='line_1_2' title="bbox 525 483 3117 574; baseline -0.003 -18"><span class='ocrx_word' id='word_1_3' title='bbox 525 490 733 556; x_wconf 86' lang='lat' dir='ltr'><strong>cuivis</strong></span> <span class='ocrx_word' id='word_1_4' title='bbox 779 487 1196 574; x_wconf 87' lang='lat' dir='ltr'><strong>perspicuum</strong></span> <span class='ocrx_word' id='word_1_5' title='bbox 1242 496 1363 551; x_wconf 92' lang='lat' dir='ltr'><strong>est.</strong></span> <span class='ocrx_word' id='word_1_6' title='bbox 1453 486 1559 550; x_wconf 86' lang='lat' dir='ltr'><strong>Ex</strong></span> <span class='ocrx_word' id='word_1_7' title='bbox 1609 488 1640 549; x_wconf 92' lang='grc'>1</span> <span class='ocrx_word' id='word_1_8' title='bbox 1690 494 1754 550; x_wconf 88' lang='lat' dir='ltr'><strong>et</strong></span> <span class='ocrx_word' id='word_1_9' title='bbox 1796 486 1837 549; x_wconf 84' lang='lat'><strong>3</strong></span> <span class='ocrx_word' id='word_1_10' title='bbox 1883 485 2313 571; x_wconf 80' lang='lat' dir='ltr'><strong>comperimus</strong></span> <span class='ocrx_word' id='word_1_11' title='bbox 2345 483 2800 549; x_wconf 89' lang='lat' dir='ltr'><strong>Herodianum</strong></span> <span class='ocrx_word' id='word_1_12' title='bbox 2831 483 3117 548; x_wconf 83' lang='lat' dir='ltr'><strong>Alexan-</strong></span> 
     </span>
     <span class='ocr_line' id='line_1_3' title="bbox 529 585 3117 675; baseline -0.002 -19"><span class='ocrx_word' id='word_1_13' title='bbox 529 592 710 657; x_wconf 88' lang='lat' dir='ltr'><strong>driae</strong></span> <span class='ocrx_word' id='word_1_14' title='bbox 778 587 1123 675; x_wconf 89' lang='lat' dir='ltr'><strong>Apollonio</strong></span> <span class='ocrx_word' id='word_1_15' title='bbox 1195 586 1487 673; x_wconf 80' lang='lat' dir='ltr'>Dyscolo</span> <span class='ocrx_word' id='word_1_16' title='bbox 1555 608 1804 652; x_wconf 90' lang='lat' dir='ltr'><strong>summo</strong></span> <span class='ocrx_word' id='word_1_17' title='bbox 1889 587 2320 671; x_wconf 89' lang='lat' dir='ltr'><strong>grammatico</strong></span> <span class='ocrx_word' id='word_1_18' title='bbox 2395 596 2622 651; x_wconf 89' lang='lat' dir='ltr'><strong>natum</strong></span> <span class='ocrx_word' id='word_1_19' title='bbox 2688 596 2755 650; x_wconf 90' lang='lat' dir='ltr'><strong>et</strong></span> <span class='ocrx_word' id='word_1_20' title='bbox 2819 586 2904 651; x_wconf 87' lang='lat' dir='ltr'><strong>ab</strong></span> <span class='ocrx_word' id='word_1_21' title='bbox 2971 585 3117 672; x_wconf 90' lang='lat' dir='ltr'><strong>ipso</strong></span> 
     </span>
     <span class='ocr_line' id='line_1_4' title="bbox 527 686 3115 780; baseline -0.002 -23"><span class='ocrx_word' id='word_1_22' title='bbox 527 702 714 780; x_wconf 88' lang='lat' dir='ltr'><strong>patre</strong></span> <span class='ocrx_word' id='word_1_23' title='bbox 767 691 1194 755; x_wconf 88' lang='lat' dir='ltr'><strong>informatum</strong></span> <span class='ocrx_word' id='word_1_24' title='bbox 1250 711 1393 754; x_wconf 86' lang='lat' dir='ltr'><strong>esse</strong></span> <span class='ocrx_word' id='word_1_25' title='bbox 1426 699 1514 755; x_wconf 89' lang='lat' dir='ltr'><strong>-et</strong></span> <span class='ocrx_word' id='word_1_26' title='bbox 1566 687 1978 755; x_wconf 89' lang='lat' dir='ltr'><strong>institutione</strong></span> <span class='ocrx_word' id='word_1_27' title='bbox 2045 686 2351 753; x_wconf 88' lang='lat' dir='ltr'><strong>absoluta</strong></span> <span class='ocrx_word' id='word_1_28' title='bbox 2407 687 2684 752; x_wconf 81' lang='lat' dir='ltr'><strong>Romam</strong></span> <span class='ocrx_word' id='word_1_29' title='bbox 2740 688 3115 772; x_wconf 79' lang='lat' dir='ltr'>navigasse.</span> 
     </span>
     <span class='ocr_line' id='line_1_5' title="bbox 529 788 3119 876; baseline -0.003 -17"><span class='ocrx_word' id='word_1_30' title='bbox 529 795 638 859; x_wconf 82' lang='lat' dir='ltr'><strong>Ex</strong></span> <span class='ocrx_word' id='word_1_31' title='bbox 691 792 1041 858; x_wconf 83' lang='lat' dir='ltr'><strong>Ammiano</strong></span> <span class='ocrx_word' id='word_1_32' title='bbox 1097 789 1483 855; x_wconf 78' lang='lat' dir='ltr'><strong>Marcellino</strong></span> <span class='ocrx_word' id='word_1_33' title='bbox 1540 790 1706 855; x_wconf 89' lang='lat' dir='ltr'><strong>nihil</strong></span> <span class='ocrx_word' id='word_1_34' title='bbox 1759 788 1979 875; x_wconf 83' lang='lat' dir='ltr'><strong>colligi</strong></span> <span class='ocrx_word' id='word_1_35' title='bbox 2036 799 2256 876; x_wconf 87' lang='lat' dir='ltr'><strong>potest</strong></span> <span class='ocrx_word' id='word_1_36' title='bbox 2308 790 2434 853; x_wconf 88' lang='lat' dir='ltr'><strong>nisi</strong></span> <span class='ocrx_word' id='word_1_37' title='bbox 2493 791 2561 853; x_wconf 90' lang='lat' dir='ltr'><strong>in</strong></span> <span class='ocrx_word' id='word_1_38' title='bbox 2615 789 2949 871; x_wconf 89' lang='lat' dir='ltr'><strong>Brucheo,</strong></span> <span class='ocrx_word' id='word_1_39' title='bbox 3004 789 3119 855; x_wconf 90' lang='lat' dir='ltr'><strong>ubi</strong></span> 
     </span>
     <span class='ocr_line' id='line_1_6' title="bbox 530 890 3117 974; baseline -0.003 -13"><span class='ocrx_word' id='word_1_40' title='bbox 530 895 728 961; x_wconf 88' lang='lat' dir='ltr'><strong>ctiam</strong></span> <span class='ocrx_word' id='word_1_41' title='bbox 770 892 1230 974; x_wconf 74' lang='lat' dir='ltr'><strong>AristarchuS,</strong></span> <span class='ocrx_word' id='word_1_42' title='bbox 1278 891 1392 956; x_wconf 89' lang='lat' dir='ltr'><strong>alii</strong></span> <span class='ocrx_word' id='word_1_43' title='bbox 1435 890 1641 957; x_wconf 92' lang='lat' dir='ltr'><strong>literis</strong></span> <span class='ocrx_word' id='word_1_44' title='bbox 1687 891 1993 957; x_wconf 79' lang='lat' dir='ltr'><strong>instructi</strong></span> <span class='ocrx_word' id='word_1_45' title='bbox 2040 901 2294 973; x_wconf 82' lang='lat' dir='ltr'><strong>essent,</strong></span> <span class='ocrx_word' id='word_1_46' title='bbox 2360 891 2681 957; x_wconf 79' lang='lat' dir='ltr'><strong>eruditum</strong></span> <span class='ocrx_word' id='word_1_47' title='bbox 2726 914 2871 957; x_wconf 86' lang='lat' dir='ltr'><strong>esse</strong></span> <span class='ocrx_word' id='word_1_48' title='bbox 2912 890 3117 955; x_wconf 90' lang='lat' dir='ltr'><strong>Hero-</strong></span> 
     </span>
     <span class='ocr_line' id='line_1_7' title="bbox 531 992 3116 1079; baseline -0.003 -17"><span class='ocrx_word' id='word_1_49' title='bbox 531 996 812 1062; x_wconf 89' lang='lat' dir='ltr'><strong>dianum.</strong></span> <span class='ocrx_word' id='word_1_50' title='bbox 902 995 1087 1075; x_wconf 76' lang='lat' dir='ltr'><strong>Quae</strong></span> <span class='ocrx_word' id='word_1_51' title='bbox 1131 1015 1367 1059; x_wconf 90' lang='lat' dir='ltr'><strong>causae</strong></span> <span class='ocrx_word' id='word_1_52' title='bbox 1398 1016 1543 1058; x_wconf 89' lang='lat' dir='ltr'><strong>eum</strong></span> <span class='ocrx_word' id='word_1_53' title='bbox 1593 994 1918 1059; x_wconf 85' lang='lat' dir='ltr'><strong>moverint</strong></span> <span class='ocrx_word' id='word_1_54' title='bbox 1960 993 2045 1058; x_wconf 89' lang='lat' dir='ltr'><strong>ad</strong></span> <span class='ocrx_word' id='word_1_55' title='bbox 2088 993 2370 1079; x_wconf 90' lang='lat' dir='ltr'><strong>patriam</strong></span> <span class='ocrx_word' id='word_1_56' title='bbox 2416 993 2865 1074; x_wconf 79' lang='lat' dir='ltr'><strong>deserendam,</strong></span> <span class='ocrx_word' id='word_1_57' title='bbox 2910 992 3116 1056; x_wconf 89' lang='lat' dir='ltr'><strong>nesci-</strong></span> 
     </span>
    </p>
   </div>
   <div class='ocr_carea' id='block_1_3' title="bbox 473 1094 3152 4823">
    <p class='ocr_par' dir='ltr' id='par_1_3' title="bbox 473 1094 3152 4823">
     <span class='ocr_line' id='line_1_8' title="bbox 530 1094 3121 1182; baseline -0.002 -19"><span class='ocrx_word' id='word_1_58' title='bbox 530 1121 707 1180; x_wconf 79' lang='lat' dir='ltr'><strong>mus3</strong></span> <span class='ocrx_word' id='word_1_59' title='bbox 754 1119 907 1161; x_wconf 90' lang='lat' dir='ltr'><strong>nam</strong></span> <span class='ocrx_word' id='word_1_60' title='bbox 951 1117 1119 1182; x_wconf 89' lang='lat' dir='ltr'><strong>quae</strong></span> <span class='ocrx_word' id='word_1_61' title='bbox 1175 1095 1258 1160; x_wconf 91' lang='lat' dir='ltr'><strong>de</strong></span> <span class='ocrx_word' id='word_1_62' title='bbox 1314 1103 1703 1181; x_wconf 89' lang='lat' dir='ltr'><strong>paupertate</strong></span> <span class='ocrx_word' id='word_1_63' title='bbox 1760 1095 1969 1180; x_wconf 91' lang='lat' dir='ltr'><strong>patris</strong></span> <span class='ocrx_word' id='word_1_64' title='bbox 2024 1095 2093 1158; x_wconf 88' lang='lat' dir='ltr'><strong>in</strong></span> <span class='ocrx_word' id='word_1_65' title='bbox 2142 1097 2172 1159; x_wconf 94' lang='lat'>1</span> <span class='ocrx_word' id='word_1_66' title='bbox 2234 1106 2298 1162; x_wconf 91' lang='lat' dir='ltr'><strong>et</strong></span> <span class='ocrx_word' id='word_1_67' title='bbox 2341 1096 2383 1159; x_wconf 81' lang='lat'>2</span> <span class='ocrx_word' id='word_1_68' title='bbox 2436 1094 2809 1160; x_wconf 87' lang='lat' dir='ltr'><strong>referuntur</strong></span> <span class='ocrx_word' id='word_1_69' title='bbox 2820 1142 2840 1176; x_wconf 90' lang='lat'><strong>,</strong></span> <span class='ocrx_word' id='word_1_70' title='bbox 2902 1115 3121 1158; x_wconf 89' lang='lat' dir='ltr'><strong>merae</strong></span> 
     </span>
     <span class='ocr_line' id='line_1_9' title="bbox 473 1195 3122 1283; baseline -0.003 -18"><span class='ocrx_word' id='word_1_71' title='bbox 473 1226 484 1237; x_wconf 90' lang='lat'><strong>·</strong></span> <span class='ocrx_word' id='word_1_72' title='bbox 532 1208 685 1265; x_wconf 88' lang='lat' dir='ltr'><strong>sunt</strong></span> <span class='ocrx_word' id='word_1_73' title='bbox 738 1195 1005 1263; x_wconf 89' lang='lat' dir='ltr'><strong>fabulae</strong></span> <span class='ocrx_word' id='word_1_74' title='bbox 1057 1219 1267 1283; x_wconf 91' lang='lat' dir='ltr'><strong>neque</strong></span> <span class='ocrx_word' id='word_1_75' title='bbox 1331 1197 1545 1259; x_wconf 86' lang='lat' dir='ltr'><strong>minus</strong></span> <span class='ocrx_word' id='word_1_76' title='bbox 1614 1195 2142 1261; x_wconf 88' lang='lat' dir='ltr'><strong>commenticium</strong></span> <span class='ocrx_word' id='word_1_77' title='bbox 2209 1207 2340 1277; x_wconf 86' lang='lat' dir='ltr'><strong>est,</strong></span> <span class='ocrx_word' id='word_1_78' title='bbox 2415 1195 2587 1283; x_wconf 92' lang='lat' dir='ltr'><strong>quod</strong></span> <span class='ocrx_word' id='word_1_79' title='bbox 2640 1196 2710 1259; x_wconf 91' lang='lat' dir='ltr'><strong>in</strong></span> <span class='ocrx_word' id='word_1_80' title='bbox 2763 1198 2794 1259; x_wconf 90' lang='lat'>1</span> <span class='ocrx_word' id='word_1_81' title='bbox 2854 1205 3122 1281; x_wconf 88' lang='lat' dir='ltr'><strong>propter</strong></span> 
     </span>
     <span class='ocr_line' id='line_1_10' title="bbox 531 1296 3123 1388; baseline -0.002 -23"><span class='ocrx_word' id='word_1_82' title='bbox 531 1301 741 1388; x_wconf 88' lang='lat' dir='ltr'><strong>patris</strong></span> <span class='ocrx_word' id='word_1_83' title='bbox 808 1299 1230 1364; x_wconf 87' lang='lat' dir='ltr'><strong>severitatem</strong></span> <span class='ocrx_word' id='word_1_84' title='bbox 1285 1296 1693 1363; x_wconf 82' lang='lat' dir='ltr'><strong>Alexandria</strong></span> <span class='ocrx_word' id='word_1_85' title='bbox 1759 1297 2118 1362; x_wconf 79' lang='lat' dir='ltr'><strong>decessisse</strong></span> <span class='ocrx_word' id='word_1_86' title='bbox 2189 1297 2474 1362; x_wconf 81' lang='lat' dir='ltr'><strong>traditur</strong></span> <span class='ocrx_word' id='word_1_87' title='bbox 2543 1298 2918 1383; x_wconf 77' lang='lat' dir='ltr'><strong>(novercam</strong></span> <span class='ocrx_word' id='word_1_88' title='bbox 2989 1320 3123 1363; x_wconf 92' lang='lat' dir='ltr'><strong>non</strong></span> 
     </span>
     <span class='ocr_line' id='line_1_11' title="bbox 535 1397 3123 1485; baseline -0.002 -19"><span class='ocrx_word' id='word_1_89' title='bbox 535 1398 916 1483; x_wconf 79' lang='lat' dir='ltr'><strong>moramur).</strong></span> <span class='ocrx_word' id='word_1_90' title='bbox 976 1399 1145 1464; x_wconf 90' lang='lat' dir='ltr'><strong>Nam</strong></span> <span class='ocrx_word' id='word_1_91' title='bbox 1190 1421 1272 1463; x_wconf 82' lang='lat' dir='ltr'><strong>ex</strong></span> <span class='ocrx_word' id='word_1_92' title='bbox 1317 1420 1397 1462; x_wconf 89' lang='lat' dir='ltr'><strong>ea</strong></span> <span class='ocrx_word' id='word_1_93' title='bbox 1436 1398 1721 1479; x_wconf 91' lang='lat' dir='ltr'><strong>ratione,</strong></span> <span class='ocrx_word' id='word_1_94' title='bbox 1769 1420 1901 1484; x_wconf 86' lang='lat' dir='ltr'><strong>qua</strong></span> <span class='ocrx_word' id='word_1_95' title='bbox 1941 1397 2361 1463; x_wconf 90' lang='lat' dir='ltr'><strong>Herodianus</strong></span> <span class='ocrx_word' id='word_1_96' title='bbox 2407 1397 2582 1463; x_wconf 92' lang='lat' dir='ltr'><strong>filius</strong></span> <span class='ocrx_word' id='word_1_97' title='bbox 2629 1409 2695 1464; x_wconf 91' lang='lat' dir='ltr'><strong>et</strong></span> <span class='ocrx_word' id='word_1_98' title='bbox 2735 1398 3123 1485; x_wconf 91' lang='lat' dir='ltr'><strong>Apollonius</strong></span> 
     </span>
     <span class='ocr_line' id='line_1_12' title="bbox 534 1497 3126 1591; baseline -0.001 -24"><span class='ocrx_word' id='word_1_99' title='bbox 534 1512 722 1591; x_wconf 87' lang='lat' dir='ltr'><strong>pater</strong></span> <span class='ocrx_word' id='word_1_100' title='bbox 776 1500 1275 1568; x_wconf 83' lang='lat' dir='ltr'><strong>confabulantes</strong></span> <span class='ocrx_word' id='word_1_101' title='bbox 1331 1501 1400 1562; x_wconf 91' lang='lat' dir='ltr'><strong>in</strong></span> <span class='ocrx_word' id='word_1_102' title='bbox 1456 1497 1673 1564; x_wconf 88' lang='lat' dir='ltr'><strong>Bekk.</strong></span> <span class='ocrx_word' id='word_1_103' title='bbox 1730 1497 1982 1564; x_wconf 89' lang='lat' dir='ltr'><strong>Anecd.</strong></span> <span class='ocrx_word' id='word_1_104' title='bbox 2040 1521 2103 1585; x_wconf 89' lang='lat' dir='ltr'><strong>p.</strong></span> <span class='ocrx_word' id='word_1_105' title='bbox 2163 1500 2289 1564; x_wconf 88' lang='grc'><strong>800</strong></span> <span class='ocrx_word' id='word_1_106' title='bbox 2352 1498 2856 1565; x_wconf 89' lang='lat' dir='ltr'><strong>introducuntur</strong></span> <span class='ocrx_word' id='word_1_107' title='bbox 2918 1501 2985 1583; x_wconf 85' lang='grc' dir='ltr'><strong>(ὁ</strong></span> <span class='ocrx_word' id='word_1_108' title='bbox 3054 1502 3126 1564; x_wconf 80' lang='grc' dir='ltr'><strong>δὲ</strong></span> 
     </span>
     <span class='ocr_line' id='line_1_13' title="bbox 535 1599 3123 1687; baseline -0.003 -16"><span class='ocrx_word' id='word_1_109' title='bbox 535 1606 972 1671; x_wconf 79' lang='grc' dir='ltr'>Ἀπολλώνιος</span> <span class='ocrx_word' id='word_1_110' title='bbox 1015 1606 1178 1683; x_wconf 85' lang='grc' dir='ltr'>πρὸς</span> <span class='ocrx_word' id='word_1_111' title='bbox 1223 1602 1423 1668; x_wconf 86' lang='grc' dir='ltr'>αὐτὸν</span> <span class='ocrx_word' id='word_1_112' title='bbox 1468 1602 1583 1685; x_wconf 90' lang='lat' dir='ltr'><strong>[sc.</strong></span> <span class='ocrx_word' id='word_1_113' title='bbox 1629 1599 2108 1684; x_wconf 88' lang='lat' dir='ltr'><strong>Herodianum]</strong></span> <span class='ocrx_word' id='word_1_114' title='bbox 2153 1602 2206 1666; x_wconf 85' lang='grc' dir='ltr'>ὦ</span> <span class='ocrx_word' id='word_1_115' title='bbox 2251 1603 2510 1684; x_wconf 82' lang='grc' dir='ltr'>τέκνον,</span> <span class='ocrx_word' id='word_1_116' title='bbox 2568 1602 2687 1667; x_wconf 89' lang='grc' dir='ltr'>τίνι</span> <span class='ocrx_word' id='word_1_117' title='bbox 2735 1602 2938 1687; x_wconf 83' lang='grc' dir='ltr'>λόγῳ)</span> <span class='ocrx_word' id='word_1_118' title='bbox 2984 1623 3123 1686; x_wconf 90' lang='lat' dir='ltr'><strong>per-</strong></span> 
     </span>
     <span class='ocr_line' id='line_1_14' title="bbox 539 1699 3127 1793; baseline -0.003 -21"><span class='ocrx_word' id='word_1_119' title='bbox 539 1706 817 1793; x_wconf 90' lang='lat' dir='ltr'><strong>spicitur</strong></span> <span class='ocrx_word' id='word_1_120' title='bbox 869 1713 1120 1791; x_wconf 89' lang='lat' dir='ltr'><strong>patrem</strong></span> <span class='ocrx_word' id='word_1_121' title='bbox 1164 1724 1295 1767; x_wconf 92' lang='lat' dir='ltr'><strong>non</strong></span> <span class='ocrx_word' id='word_1_122' title='bbox 1339 1711 1631 1785; x_wconf 85' lang='lat' dir='ltr'><strong>austere,</strong></span> <span class='ocrx_word' id='word_1_123' title='bbox 1678 1699 1798 1765; x_wconf 90' lang='lat' dir='ltr'><strong>sed</strong></span> <span class='ocrx_word' id='word_1_124' title='bbox 1828 1701 2101 1767; x_wconf 89' lang='lat' dir='ltr'><strong>comiter</strong></span> <span class='ocrx_word' id='word_1_125' title='bbox 2128 1711 2193 1767; x_wconf 90' lang='lat' dir='ltr'><strong>et</strong></span> <span class='ocrx_word' id='word_1_126' title='bbox 2222 1701 2688 1769; x_wconf 87' lang='lat' dir='ltr'><strong>benevolenter</strong></span> <span class='ocrx_word' id='word_1_127' title='bbox 2731 1725 2889 1787; x_wconf 88' lang='lat' dir='ltr'><strong>erga</strong></span> <span class='ocrx_word' id='word_1_128' title='bbox 2919 1700 3127 1766; x_wconf 87' lang='lat' dir='ltr'><strong>filium</strong></span> 
     </span>
     <span class='ocr_line' id='line_1_15' title="bbox 539 1802 3125 1892; baseline -0.003 -18"><span class='ocrx_word' id='word_1_129' title='bbox 539 1832 607 1874; x_wconf 87' lang='lat' dir='ltr'><strong>se</strong></span> <span class='ocrx_word' id='word_1_130' title='bbox 662 1807 949 1892; x_wconf 85' lang='lat' dir='ltr'><strong>gessisse</strong></span> <span class='ocrx_word' id='word_1_131' title='bbox 993 1827 1202 1891; x_wconf 90' lang='lat' dir='ltr'><strong>aeque</strong></span> <span class='ocrx_word' id='word_1_132' title='bbox 1258 1812 1452 1890; x_wconf 88' lang='lat' dir='ltr'><strong>atque</strong></span> <span class='ocrx_word' id='word_1_133' title='bbox 1507 1802 1717 1883; x_wconf 85' lang='lat' dir='ltr'><strong>filius,</strong></span> <span class='ocrx_word' id='word_1_134' title='bbox 1781 1802 1897 1868; x_wconf 90' lang='lat' dir='ltr'><strong>ubi</strong></span> <span class='ocrx_word' id='word_1_135' title='bbox 1952 1814 2180 1870; x_wconf 89' lang='lat' dir='ltr'><strong>contra</strong></span> <span class='ocrx_word' id='word_1_136' title='bbox 2234 1816 2490 1890; x_wconf 87' lang='lat' dir='ltr'><strong>patrem</strong></span> <span class='ocrx_word' id='word_1_137' title='bbox 2544 1804 2614 1867; x_wconf 88' lang='lat' dir='ltr'><strong>in</strong></span> <span class='ocrx_word' id='word_1_138' title='bbox 2670 1805 2933 1891; x_wconf 87' lang='lat' dir='ltr'><strong>scriptis</strong></span> <span class='ocrx_word' id='word_1_139' title='bbox 2990 1803 3125 1868; x_wconf 88' lang='lat' dir='ltr'><strong>suis</strong></span> 
     </span>
     <span class='ocr_line' id='line_1_16' title="bbox 541 1905 3125 1996; baseline -0.002 -23"><span class='ocrx_word' id='word_1_140' title='bbox 541 1908 920 1996; x_wconf 86' lang='lat' dir='ltr'><strong>disputandi</strong></span> <span class='ocrx_word' id='word_1_141' title='bbox 963 1905 1320 1971; x_wconf 87' lang='lat' dir='ltr'><strong>necessitas</strong></span> <span class='ocrx_word' id='word_1_142' title='bbox 1364 1905 1527 1986; x_wconf 82' lang='lat' dir='ltr'><strong>fuit,</strong></span> <span class='ocrx_word' id='word_1_143' title='bbox 1575 1926 1831 1991; x_wconf 90' lang='lat' dir='ltr'><strong>semper</strong></span> <span class='ocrx_word' id='word_1_144' title='bbox 1886 1905 2246 1971; x_wconf 87' lang='lat' dir='ltr'><strong>honorifica</strong></span> <span class='ocrx_word' id='word_1_145' title='bbox 2301 1906 2592 1971; x_wconf 87' lang='lat' dir='ltr'><strong>oratione</strong></span> <span class='ocrx_word' id='word_1_146' title='bbox 2648 1906 2871 1972; x_wconf 91' lang='lat' dir='ltr'><strong>utitur.</strong></span> <span class='ocrx_word' id='word_1_147' title='bbox 2959 1905 3125 1969; x_wconf 89' lang='lat' dir='ltr'><strong>Nam</strong></span> 
     </span>
     <span class='ocr_line' id='line_1_17' title="bbox 542 2004 3128 2094; baseline -0.002 -18"><span class='ocrx_word' id='word_1_148' title='bbox 542 2012 600 2076; x_wconf 89' lang='lat' dir='ltr'><strong>si</strong></span> <span class='ocrx_word' id='word_1_149' title='bbox 644 2033 700 2075; x_wconf 93' lang='lat' dir='ltr'><strong>e.</strong></span> <span class='ocrx_word' id='word_1_150' title='bbox 746 2031 811 2094; x_wconf 89' lang='lat' dir='ltr'><strong>g.</strong></span> <span class='ocrx_word' id='word_1_151' title='bbox 858 2007 1036 2094; x_wconf 87' lang='lat' dir='ltr'><strong>apud</strong></span> <span class='ocrx_word' id='word_1_152' title='bbox 1082 2006 1604 2072; x_wconf 88' lang='lat' dir='ltr'><strong>Choeroboscum</strong></span> <span class='ocrx_word' id='word_1_153' title='bbox 1647 2006 1827 2072; x_wconf 88' lang='lat' dir='ltr'><strong>Dict.</strong></span> <span class='ocrx_word' id='word_1_154' title='bbox 1873 2007 1996 2071; x_wconf 85' lang='lat'><strong>641</strong></span> <span class='ocrx_word' id='word_1_155' title='bbox 2043 2005 2468 2072; x_wconf 86' lang='lat' dir='ltr'><strong>Herodianus</strong></span> <span class='ocrx_word' id='word_1_156' title='bbox 2522 2016 2777 2094; x_wconf 88' lang='lat' dir='ltr'><strong>patrem</strong></span> <span class='ocrx_word' id='word_1_157' title='bbox 2833 2007 2927 2071; x_wconf 91' lang='lat' dir='ltr'><strong>sic</strong></span> <span class='ocrx_word' id='word_1_158' title='bbox 2974 2004 3128 2070; x_wconf 90' lang='lat' dir='ltr'><strong>allo-</strong></span> 
     </span>
     <span class='ocr_line' id='line_1_18' title="bbox 542 2107 3133 2198; baseline -0.002 -22"><span class='ocrx_word' id='word_1_159' title='bbox 542 2112 763 2198; x_wconf 88' lang='lat' dir='ltr'><strong>quitur</strong></span> <span class='ocrx_word' id='word_1_160' title='bbox 809 2116 1014 2176; x_wconf 85' lang='grc' dir='ltr'>κακῶς</span> <span class='ocrx_word' id='word_1_161' title='bbox 1071 2111 1305 2192; x_wconf 81' lang='grc' dir='ltr'>λέγεις,</span> <span class='ocrx_word' id='word_1_162' title='bbox 1359 2107 1521 2172; x_wconf 90' lang='lat' dir='ltr'><strong>haec</strong></span> <span class='ocrx_word' id='word_1_163' title='bbox 1577 2107 1802 2173; x_wconf 90' lang='lat' dir='ltr'><strong>durior</strong></span> <span class='ocrx_word' id='word_1_164' title='bbox 1858 2107 2059 2174; x_wconf 89' lang='lat' dir='ltr'><strong>dictio</strong></span> <span class='ocrx_word' id='word_1_165' title='bbox 2108 2108 2565 2174; x_wconf 86' lang='lat' dir='ltr'><strong>Choerobosco</strong></span> <span class='ocrx_word' id='word_1_166' title='bbox 2622 2107 2978 2174; x_wconf 89' lang='lat' dir='ltr'><strong>tribuenda</strong></span> <span class='ocrx_word' id='word_1_167' title='bbox 3032 2115 3133 2171; x_wconf 87' lang='lat' dir='ltr'><strong>est</strong></span> 
     </span>
     <span class='ocr_line' id='line_1_19' title="bbox 541 2208 3130 2299; baseline -0.002 -22"><span class='ocrx_word' id='word_1_168' title='bbox 541 2213 787 2299; x_wconf 89' lang='lat' dir='ltr'><strong>pariter</strong></span> <span class='ocrx_word' id='word_1_169' title='bbox 832 2223 1031 2297; x_wconf 86' lang='lat' dir='ltr'><strong>atque</strong></span> <span class='ocrx_word' id='word_1_170' title='bbox 1074 2209 1171 2274; x_wconf 92' lang='lat' dir='ltr'><strong>Io.</strong></span> <span class='ocrx_word' id='word_1_171' title='bbox 1202 2208 1693 2274; x_wconf 78' lang='lat' dir='ltr'><strong>Alexandrinus</strong></span> <span class='ocrx_word' id='word_1_172' title='bbox 1724 2210 2210 2292; x_wconf 87' lang='lat' dir='ltr'><strong>Herodianum,</strong></span> <span class='ocrx_word' id='word_1_173' title='bbox 2255 2211 2370 2275; x_wconf 89' lang='lat' dir='ltr'><strong>ubi</strong></span> <span class='ocrx_word' id='word_1_174' title='bbox 2416 2219 2646 2276; x_wconf 88' lang='lat' dir='ltr'><strong>contra</strong></span> <span class='ocrx_word' id='word_1_175' title='bbox 2674 2208 3130 2275; x_wconf 86' lang='lat' dir='ltr'><strong>Aristarchum</strong></span> 
     </span>
     <span class='ocr_line' id='line_1_20' title="bbox 546 2311 3131 2398; baseline -0.001 -21"><span class='ocrx_word' id='word_1_176' title='bbox 546 2314 734 2393; x_wconf 87' lang='lat' dir='ltr'><strong>dicit,</strong></span> <span class='ocrx_word' id='word_1_177' title='bbox 781 2334 942 2377; x_wconf 87' lang='lat' dir='ltr'><strong>voce</strong></span> <span class='ocrx_word' id='word_1_178' title='bbox 987 2317 1195 2377; x_wconf 84' lang='grc' dir='ltr'>κακῶς</span> <span class='ocrx_word' id='word_1_179' title='bbox 1240 2318 1528 2375; x_wconf 90' lang='lat' dir='ltr'><strong>utentem</strong></span> <span class='ocrx_word' id='word_1_180' title='bbox 1572 2311 1766 2394; x_wconf 90' lang='lat' dir='ltr'><strong>facit,</strong></span> <span class='ocrx_word' id='word_1_181' title='bbox 1813 2334 1931 2398; x_wconf 93' lang='lat' dir='ltr'><strong>pro</strong></span> <span class='ocrx_word' id='word_1_182' title='bbox 1978 2335 2106 2396; x_wconf 89' lang='lat' dir='ltr'><strong>quo</strong></span> <span class='ocrx_word' id='word_1_183' title='bbox 2153 2312 2293 2377; x_wconf 90' lang='lat' dir='ltr'><strong>sine</strong></span> <span class='ocrx_word' id='word_1_184' title='bbox 2328 2311 2530 2377; x_wconf 91' lang='lat' dir='ltr'><strong>dubio</strong></span> <span class='ocrx_word' id='word_1_185' title='bbox 2561 2312 2978 2377; x_wconf 87' lang='lat' dir='ltr'><strong>Herodianus</strong></span> <span class='ocrx_word' id='word_1_186' title='bbox 3013 2311 3131 2376; x_wconf 83' lang='grc' dir='ltr'><strong>οὐκ</strong></span> 
     </span>
     <span class='ocr_line' id='line_1_21' title="bbox 547 2409 3130 2499; baseline -0.002 -19"><span class='ocrx_word' id='word_1_187' title='bbox 547 2415 833 2491; x_wconf 80' lang='grc' dir='ltr'>εὐλόγως</span> <span class='ocrx_word' id='word_1_188' title='bbox 900 2414 1042 2477; x_wconf 85' lang='lat' dir='ltr'><strong>sive</strong></span> <span class='ocrx_word' id='word_1_189' title='bbox 1107 2409 1236 2475; x_wconf 90' lang='lat' dir='ltr'><strong>tale</strong></span> <span class='ocrx_word' id='word_1_190' title='bbox 1304 2410 1463 2499; x_wconf 90' lang='lat' dir='ltr'><strong>quid</strong></span> <span class='ocrx_word' id='word_1_191' title='bbox 1535 2414 2103 2498; x_wconf 81' lang='lat' dir='ltr'><strong>pronunciaverat.</strong></span> <span class='ocrx_word' id='word_1_192' title='bbox 2212 2413 2479 2497; x_wconf 90' lang='lat' dir='ltr'><strong>Dialogi</strong></span> <span class='ocrx_word' id='word_1_193' title='bbox 2548 2422 2765 2478; x_wconf 88' lang='lat' dir='ltr'><strong>autem</strong></span> <span class='ocrx_word' id='word_1_194' title='bbox 2830 2413 3130 2491; x_wconf 83' lang='lat' dir='ltr'><strong>formam,</strong></span> 
     </span>
     <span class='ocr_line' id='line_1_22' title="bbox 548 2512 3135 2602; baseline -0.001 -24"><span class='ocrx_word' id='word_1_195' title='bbox 548 2536 940 2602; x_wconf 88' lang='lat' dir='ltr'><strong>quamquam</strong></span> <span class='ocrx_word' id='word_1_196' title='bbox 984 2514 1328 2599; x_wconf 85' lang='lat' dir='ltr'><strong>Byzantiis</strong></span> <span class='ocrx_word' id='word_1_197' title='bbox 1372 2515 1818 2598; x_wconf 84' lang='lat' dir='ltr'><strong>grammaticis</strong></span> <span class='ocrx_word' id='word_1_198' title='bbox 1865 2512 2241 2601; x_wconf 88' lang='lat' dir='ltr'><strong>perplacere</strong></span> <span class='ocrx_word' id='word_1_199' title='bbox 2283 2524 2507 2579; x_wconf 90' lang='lat' dir='ltr'><strong>notum</strong></span> <span class='ocrx_word' id='word_1_200' title='bbox 2552 2524 2684 2597; x_wconf 87' lang='lat' dir='ltr'><strong>est,</strong></span> <span class='ocrx_word' id='word_1_201' title='bbox 2741 2524 2959 2579; x_wconf 82' lang='lat' dir='ltr'><strong>tamen</strong></span> <span class='ocrx_word' id='word_1_202' title='bbox 3003 2535 3135 2577; x_wconf 90' lang='lat' dir='ltr'><strong>non</strong></span> 
     </span>
     <span class='ocr_line' id='line_1_23' title="bbox 545 2612 3133 2703; baseline -0.001 -23"><span class='ocrx_word' id='word_1_203' title='bbox 545 2617 788 2702; x_wconf 90' lang='lat' dir='ltr'><strong>ubique</strong></span> <span class='ocrx_word' id='word_1_204' title='bbox 833 2616 918 2681; x_wconf 86' lang='lat' dir='ltr'><strong>ab</strong></span> <span class='ocrx_word' id='word_1_205' title='bbox 962 2614 1063 2679; x_wconf 87' lang='lat' dir='ltr'><strong>his</strong></span> <span class='ocrx_word' id='word_1_206' title='bbox 1109 2616 1437 2681; x_wconf 87' lang='lat' dir='ltr'><strong>invectam</strong></span> <span class='ocrx_word' id='word_1_207' title='bbox 1483 2639 1627 2680; x_wconf 85' lang='lat' dir='ltr'><strong>esse</strong></span> <span class='ocrx_word' id='word_1_208' title='bbox 1674 2617 1934 2703; x_wconf 82' lang='lat' dir='ltr'><strong>opinor,</strong></span> <span class='ocrx_word' id='word_1_209' title='bbox 1994 2616 2113 2682; x_wconf 87' lang='lat' dir='ltr'><strong>sed</strong></span> <span class='ocrx_word' id='word_1_210' title='bbox 2157 2616 2241 2681; x_wconf 88' lang='lat' dir='ltr'><strong>ab</strong></span> <span class='ocrx_word' id='word_1_211' title='bbox 2297 2617 2457 2703; x_wconf 87' lang='lat' dir='ltr'><strong>ipsis</strong></span> <span class='ocrx_word' id='word_1_212' title='bbox 2515 2617 2887 2681; x_wconf 89' lang='lat' dir='ltr'><strong>auctoribus</strong></span> <span class='ocrx_word' id='word_1_213' title='bbox 2935 2612 3133 2699; x_wconf 91' lang='lat' dir='ltr'><strong>Apol-</strong></span> 
     </span>
     <span class='ocr_line' id='line_1_24' title="bbox 548 2715 3135 2810; baseline -0.002 -26"><span class='ocrx_word' id='word_1_214' title='bbox 548 2718 725 2784; x_wconf 91' lang='lat' dir='ltr'><strong>lonio</strong></span> <span class='ocrx_word' id='word_1_215' title='bbox 783 2726 849 2781; x_wconf 91' lang='lat' dir='ltr'><strong>et</strong></span> <span class='ocrx_word' id='word_1_216' title='bbox 903 2715 1283 2782; x_wconf 89' lang='lat' dir='ltr'><strong>Herodiano</strong></span> <span class='ocrx_word' id='word_1_217' title='bbox 1345 2731 1729 2805; x_wconf 88' lang='lat' dir='ltr'><strong>usurpatam</strong></span> <span class='ocrx_word' id='word_1_218' title='bbox 1786 2742 1930 2784; x_wconf 86' lang='lat' dir='ltr'><strong>esse</strong></span> <span class='ocrx_word' id='word_1_219' title='bbox 1990 2741 2121 2784; x_wconf 91' lang='lat' dir='ltr'><strong>non</strong></span> <span class='ocrx_word' id='word_1_220' title='bbox 2174 2741 2293 2806; x_wconf 90' lang='lat' dir='ltr'><strong>per</strong></span> <span class='ocrx_word' id='word_1_221' title='bbox 2346 2729 2517 2786; x_wconf 90' lang='lat' dir='ltr'><strong>totos</strong></span> <span class='ocrx_word' id='word_1_222' title='bbox 2586 2718 2851 2810; x_wconf 82' lang='lat' dir='ltr'><strong>quidem</strong></span> <span class='ocrx_word' id='word_1_223' title='bbox 2908 2716 3135 2797; x_wconf 88' lang='lat' dir='ltr'><strong>libros,</strong></span> 
     </span>
     <span class='ocr_line' id='line_1_25' title="bbox 551 2817 3136 2906; baseline -0.002 -22"><span class='ocrx_word' id='word_1_224' title='bbox 551 2819 666 2884; x_wconf 89' lang='lat' dir='ltr'><strong>sed</strong></span> <span class='ocrx_word' id='word_1_225' title='bbox 712 2817 989 2903; x_wconf 88' lang='lat' dir='ltr'><strong>singulis</strong></span> <span class='ocrx_word' id='word_1_226' title='bbox 1037 2817 1233 2901; x_wconf 88' lang='lat' dir='ltr'><strong>locis,</strong></span> <span class='ocrx_word' id='word_1_227' title='bbox 1280 2820 1395 2885; x_wconf 92' lang='lat' dir='ltr'><strong>ubi</strong></span> <span class='ocrx_word' id='word_1_228' title='bbox 1441 2830 1558 2886; x_wconf 90' lang='lat' dir='ltr'><strong>aut</strong></span> <span class='ocrx_word' id='word_1_229' title='bbox 1612 2820 2098 2886; x_wconf 89' lang='lat' dir='ltr'><strong>vehementiore</strong></span> <span class='ocrx_word' id='word_1_230' title='bbox 2155 2821 2535 2906; x_wconf 89' lang='lat' dir='ltr'><strong>disputandi</strong></span> <span class='ocrx_word' id='word_1_231' title='bbox 2591 2820 2826 2886; x_wconf 90' lang='lat' dir='ltr'><strong>ardore</strong></span> <span class='ocrx_word' id='word_1_232' title='bbox 2881 2818 3136 2902; x_wconf 85' lang='lat' dir='ltr'><strong>abrepti</strong></span> 
     </span>
     <span class='ocr_line' id='line_1_26' title="bbox 551 2921 3135 3008; baseline -0.003 -22"><span class='ocrx_word' id='word_1_233' title='bbox 551 2943 917 2986; x_wconf 88' lang='lat' dir='ltr'><strong>sermonem</strong></span> <span class='ocrx_word' id='word_1_234' title='bbox 960 2929 1267 3006; x_wconf 88' lang='lat' dir='ltr'><strong>tanquam</strong></span> <span class='ocrx_word' id='word_1_235' title='bbox 1314 2922 1400 2986; x_wconf 89' lang='lat' dir='ltr'><strong>ad</strong></span> <span class='ocrx_word' id='word_1_236' title='bbox 1443 2932 1853 3008; x_wconf 85' lang='lat' dir='ltr'><strong>praesentem</strong></span> <span class='ocrx_word' id='word_1_237' title='bbox 1899 2921 2351 2985; x_wconf 86' lang='lat' dir='ltr'><strong>adversarium</strong></span> <span class='ocrx_word' id='word_1_238' title='bbox 2404 2921 2737 2985; x_wconf 85' lang='lat' dir='ltr'><strong>habebant</strong></span> <span class='ocrx_word' id='word_1_239' title='bbox 2795 2930 2911 2984; x_wconf 91' lang='lat' dir='ltr'><strong>aut</strong></span> <span class='ocrx_word' id='word_1_240' title='bbox 2954 2939 3135 3003; x_wconf 87' lang='lat' dir='ltr'><strong>prae-</strong></span> 
     </span>
     <span class='ocr_line' id='line_1_27' title="bbox 551 3016 3135 3110; baseline -0.003 -23"><span class='ocrx_word' id='word_1_241' title='bbox 551 3024 725 3110; x_wconf 89' lang='lat' dir='ltr'><strong>cepti</strong></span> <span class='ocrx_word' id='word_1_242' title='bbox 770 3022 986 3086; x_wconf 87' lang='lat' dir='ltr'><strong>acrius</strong></span> <span class='ocrx_word' id='word_1_243' title='bbox 1031 3020 1408 3084; x_wconf 85' lang='lat' dir='ltr'><strong>inculcandi</strong></span> <span class='ocrx_word' id='word_1_244' title='bbox 1462 3043 1663 3085; x_wconf 90' lang='lat' dir='ltr'><strong>causa</strong></span> <span class='ocrx_word' id='word_1_245' title='bbox 1720 3021 1910 3107; x_wconf 87' lang='lat' dir='ltr'><strong>quasi</strong></span> <span class='ocrx_word' id='word_1_246' title='bbox 1967 3031 2373 3105; x_wconf 86' lang='lat' dir='ltr'><strong>praesentem</strong></span> <span class='ocrx_word' id='word_1_247' title='bbox 2430 3020 2798 3084; x_wconf 86' lang='lat' dir='ltr'><strong>auditorem</strong></span> <span class='ocrx_word' id='word_1_248' title='bbox 2854 3016 3135 3104; x_wconf 86' lang='lat' dir='ltr'><strong>alloque-</strong></span> 
     </span>
     <span class='ocr_line' id='line_1_28' title="bbox 549 3117 3138 3205; baseline -0.002 -20"><span class='ocrx_word' id='word_1_249' title='bbox 549 3125 821 3201; x_wconf 84' lang='lat' dir='ltr'><strong>bantur,</strong></span> <span class='ocrx_word' id='word_1_250' title='bbox 879 3142 1046 3204; x_wconf 85' lang='lat' dir='ltr'><strong>quae</strong></span> <span class='ocrx_word' id='word_1_251' title='bbox 1103 3117 1361 3182; x_wconf 90' lang='lat' dir='ltr'><strong>dicendi</strong></span> <span class='ocrx_word' id='word_1_252' title='bbox 1404 3121 1572 3184; x_wconf 87' lang='lat' dir='ltr'><strong>ratio</strong></span> <span class='ocrx_word' id='word_1_253' title='bbox 1620 3143 1700 3185; x_wconf 88' lang='lat' dir='ltr'><strong>ne</strong></span> <span class='ocrx_word' id='word_1_254' title='bbox 1745 3142 1785 3184; x_wconf 89' lang='lat' dir='ltr'><strong>a</strong></span> <span class='ocrx_word' id='word_1_255' title='bbox 1842 3121 2085 3185; x_wconf 90' lang='lat' dir='ltr'><strong>nostris</strong></span> <span class='ocrx_word' id='word_1_256' title='bbox 2140 3120 2402 3205; x_wconf 90' lang='lat' dir='ltr'><strong>quidem</strong></span> <span class='ocrx_word' id='word_1_257' title='bbox 2456 3120 2750 3190; x_wconf 89' lang='lat' dir='ltr'><strong>moribus</strong></span> <span class='ocrx_word' id='word_1_258' title='bbox 2808 3118 3138 3186; x_wconf 89' lang='lat' dir='ltr'><strong>abhorret.</strong></span> 
     </span>
     <span class='ocr_line' id='line_1_29' title="bbox 553 3217 3136 3307; baseline -0.001 -21"><span class='ocrx_word' id='word_1_259' title='bbox 553 3218 880 3305; x_wconf 82' lang='lat' dir='ltr'><strong>Exempla</strong></span> <span class='ocrx_word' id='word_1_260' title='bbox 924 3217 1246 3303; x_wconf 87' lang='lat' dir='ltr'><strong>quaedam</strong></span> <span class='ocrx_word' id='word_1_261' title='bbox 1291 3218 1497 3301; x_wconf 88' lang='lat' dir='ltr'><strong>infra,</strong></span> <span class='ocrx_word' id='word_1_262' title='bbox 1544 3219 1659 3285; x_wconf 90' lang='lat' dir='ltr'><strong>ubi</strong></span> <span class='ocrx_word' id='word_1_263' title='bbox 1716 3221 1795 3285; x_wconf 91' lang='lat' dir='ltr'><strong>de</strong></span> <span class='ocrx_word' id='word_1_264' title='bbox 1841 3220 2203 3286; x_wconf 89' lang='lat' dir='ltr'><strong>Herodiani</strong></span> <span class='ocrx_word' id='word_1_265' title='bbox 2261 3221 2552 3285; x_wconf 87' lang='lat' dir='ltr'><strong>oratione</strong></span> <span class='ocrx_word' id='word_1_266' title='bbox 2599 3222 2931 3304; x_wconf 87' lang='lat' dir='ltr'><strong>dicemus,</strong></span> <span class='ocrx_word' id='word_1_267' title='bbox 2992 3243 3136 3307; x_wconf 89' lang='lat' dir='ltr'><strong>pro-</strong></span> 
     </span>
     <span class='ocr_line' id='line_1_30' title="bbox 553 3319 3143 3410; baseline 0.001 -25"><span class='ocrx_word' id='word_1_268' title='bbox 553 3342 813 3410; x_wconf 89' lang='lat' dir='ltr'><strong>ponam.</strong></span> <span class='ocrx_word' id='word_1_269' title='bbox 899 3319 1076 3383; x_wconf 84' lang='lat' dir='ltr'><strong>Fieri</strong></span> <span class='ocrx_word' id='word_1_270' title='bbox 1121 3321 1366 3405; x_wconf 86' lang='lat' dir='ltr'><strong>potuit,</strong></span> <span class='ocrx_word' id='word_1_271' title='bbox 1424 3330 1498 3384; x_wconf 92' lang='lat' dir='ltr'><strong>ut</strong></span> <span class='ocrx_word' id='word_1_272' title='bbox 1542 3322 1961 3387; x_wconf 88' lang='lat' dir='ltr'><strong>Herodianus</strong></span> <span class='ocrx_word' id='word_1_273' title='bbox 2018 3331 2084 3386; x_wconf 94' lang='lat' dir='ltr'><strong>et</strong></span> <span class='ocrx_word' id='word_1_274' title='bbox 2138 3323 2320 3387; x_wconf 86' lang='lat' dir='ltr'><strong>urbis</strong></span> <span class='ocrx_word' id='word_1_275' title='bbox 2379 3323 2623 3387; x_wconf 87' lang='lat' dir='ltr'><strong>Romae</strong></span> <span class='ocrx_word' id='word_1_276' title='bbox 2676 3320 3022 3410; x_wconf 90' lang='lat' dir='ltr'><strong>splendore</strong></span> <span class='ocrx_word' id='word_1_277' title='bbox 3077 3333 3143 3388; x_wconf 90' lang='lat' dir='ltr'><strong>et</strong></span> 
     </span>
     <span class='ocr_line' id='line_1_31' title="bbox 556 3420 3140 3510; baseline 0.001 -24"><span class='ocrx_word' id='word_1_278' title='bbox 556 3420 963 3508; x_wconf 87' lang='lat' dir='ltr'><strong>imperatoris</strong></span> <span class='ocrx_word' id='word_1_279' title='bbox 1007 3420 1218 3485; x_wconf 90' lang='lat' dir='ltr'><strong>Marci</strong></span> <span class='ocrx_word' id='word_1_280' title='bbox 1261 3422 1579 3487; x_wconf 90' lang='lat' dir='ltr'><strong>Antonini</strong></span> <span class='ocrx_word' id='word_1_281' title='bbox 1625 3422 1996 3510; x_wconf 90' lang='lat' dir='ltr'><strong>philosophi</strong></span> <span class='ocrx_word' id='word_1_282' title='bbox 2036 3446 2256 3489; x_wconf 89' lang='lat' dir='ltr'><strong>amore</strong></span> <span class='ocrx_word' id='word_1_283' title='bbox 2311 3423 2651 3488; x_wconf 87' lang='lat' dir='ltr'><strong>literarum</strong></span> <span class='ocrx_word' id='word_1_284' title='bbox 2709 3423 2982 3488; x_wconf 90' lang='lat' dir='ltr'><strong>allectus</strong></span> <span class='ocrx_word' id='word_1_285' title='bbox 3028 3424 3140 3488; x_wconf 89' lang='lat' dir='ltr'><strong>ad—</strong></span> 
     </span>
     <span class='ocr_line' id='line_1_32' title="bbox 557 3520 3141 3590; baseline 0.001 -3"><span class='ocrx_word' id='word_1_286' title='bbox 557 3521 822 3589; x_wconf 90' lang='lat' dir='ltr'><strong>modum</strong></span> <span class='ocrx_word' id='word_1_287' title='bbox 878 3520 1133 3586; x_wconf 81' lang='lat' dir='ltr'><strong>iuvenis</strong></span> <span class='ocrx_word' id='word_1_288' title='bbox 1187 3521 1584 3588; x_wconf 89' lang='lat' dir='ltr'><strong>domicilium</strong></span> <span class='ocrx_word' id='word_1_289' title='bbox 1636 3533 2087 3589; x_wconf 88' lang='lat' dir='ltr'><strong>commutaret.</strong></span> <span class='ocrx_word' id='word_1_290' title='bbox 2174 3525 2376 3590; x_wconf 89' lang='lat' dir='ltr'><strong>Errat</strong></span> <span class='ocrx_word' id='word_1_291' title='bbox 2432 3526 2606 3590; x_wconf 91' lang='lat' dir='ltr'><strong>enim</strong></span> <span class='ocrx_word' id='word_1_292' title='bbox 2648 3526 2958 3590; x_wconf 90' lang='lat' dir='ltr'><strong>Lascaris</strong></span> <span class='ocrx_word' id='word_1_293' title='bbox 3014 3536 3141 3590; x_wconf 89' lang='lat' dir='ltr'><strong>tra-</strong></span> 
     </span>
     <span class='ocr_line' id='line_1_33' title="bbox 559 3622 3146 3694; baseline 0.001 -5"><span class='ocrx_word' id='word_1_294' title='bbox 559 3624 718 3689; x_wconf 88' lang='lat' dir='ltr'><strong>dens</strong></span> <span class='ocrx_word' id='word_1_295' title='bbox 763 3623 887 3687; x_wconf 87' lang='lat' dir='ltr'><strong>sub</strong></span> <span class='ocrx_word' id='word_1_296' title='bbox 932 3622 1266 3686; x_wconf 89' lang='lat' dir='ltr'><strong>Antonino</strong></span> <span class='ocrx_word' id='word_1_297' title='bbox 1297 3624 1415 3687; x_wconf 91' lang='lat' dir='ltr'><strong>Pio</strong></span> <span class='ocrx_word' id='word_1_298' title='bbox 1461 3647 1607 3689; x_wconf 90' lang='lat' dir='ltr'><strong>eum</strong></span> <span class='ocrx_word' id='word_1_299' title='bbox 1637 3625 1914 3690; x_wconf 87' lang='lat' dir='ltr'><strong>Romam</strong></span> <span class='ocrx_word' id='word_1_300' title='bbox 1958 3627 2241 3692; x_wconf 81' lang='lat' dir='ltr'><strong>venisse.</strong></span> <span class='ocrx_word' id='word_1_301' title='bbox 2321 3626 2489 3692; x_wconf 89' lang='lat' dir='ltr'><strong>Sede</strong></span> <span class='ocrx_word' id='word_1_302' title='bbox 2534 3628 2782 3694; x_wconf 89' lang='lat' dir='ltr'><strong>Romae</strong></span> <span class='ocrx_word' id='word_1_303' title='bbox 2827 3627 3146 3693; x_wconf 88' lang='lat' dir='ltr'><strong>collocata</strong></span> 
     </span>
     <span class='ocr_line' id='line_1_34' title="bbox 557 3723 3140 3816; baseline 0 -25"><span class='ocrx_word' id='word_1_304' title='bbox 557 3748 674 3814; x_wconf 91' lang='lat' dir='ltr'><strong>per</strong></span> <span class='ocrx_word' id='word_1_305' title='bbox 717 3723 985 3809; x_wconf 91' lang='lat' dir='ltr'><strong>longum</strong></span> <span class='ocrx_word' id='word_1_306' title='bbox 1030 3724 1339 3808; x_wconf 86' lang='lat' dir='ltr'><strong>temporis</strong></span> <span class='ocrx_word' id='word_1_307' title='bbox 1387 3726 1671 3810; x_wconf 87' lang='lat' dir='ltr'><strong>spatium</strong></span> <span class='ocrx_word' id='word_1_308' title='bbox 1722 3727 1817 3791; x_wconf 91' lang='lat' dir='ltr'><strong>ibi</strong></span> <span class='ocrx_word' id='word_1_309' title='bbox 1876 3728 2049 3794; x_wconf 84' lang='lat' dir='ltr'><strong>vixit</strong></span> <span class='ocrx_word' id='word_1_310' title='bbox 2105 3739 2301 3816; x_wconf 87' lang='lat' dir='ltr'><strong>atque</strong></span> <span class='ocrx_word' id='word_1_311' title='bbox 2360 3729 2797 3813; x_wconf 85' lang='lat' dir='ltr'><strong>cognitionem</strong></span> <span class='ocrx_word' id='word_1_312' title='bbox 2844 3729 3140 3795; x_wconf 85' lang='lat' dir='ltr'><strong>Graecae</strong></span> 
     </span>
     <span class='ocr_line' id='line_1_35' title="bbox 557 3824 3144 3916; baseline 0.001 -26"><span class='ocrx_word' id='word_1_313' title='bbox 557 3828 822 3911; x_wconf 87' lang='lat' dir='ltr'><strong>linguae</strong></span> <span class='ocrx_word' id='word_1_314' title='bbox 886 3834 952 3890; x_wconf 90' lang='lat' dir='ltr'><strong>et</strong></span> <span class='ocrx_word' id='word_1_315' title='bbox 1005 3824 1299 3890; x_wconf 91' lang='lat' dir='ltr'><strong>docendo</strong></span> <span class='ocrx_word' id='word_1_316' title='bbox 1366 3834 1432 3890; x_wconf 90' lang='lat' dir='ltr'><strong>et</strong></span> <span class='ocrx_word' id='word_1_317' title='bbox 1489 3826 1831 3891; x_wconf 87' lang='lat' dir='ltr'><strong>scribendo</strong></span> <span class='ocrx_word' id='word_1_318' title='bbox 1892 3829 2099 3894; x_wconf 82' lang='lat' dir='ltr'><strong>auxit.</strong></span> <span class='ocrx_word' id='word_1_319' title='bbox 2203 3831 2594 3916; x_wconf 89' lang='lat' dir='ltr'><strong>Imperatori</strong></span> <span class='ocrx_word' id='word_1_320' title='bbox 2652 3841 2871 3895; x_wconf 86' lang='lat' dir='ltr'><strong>autem</strong></span> <span class='ocrx_word' id='word_1_321' title='bbox 2927 3831 3020 3895; x_wconf 89' lang='lat' dir='ltr'><strong>ita</strong></span> <span class='ocrx_word' id='word_1_322' title='bbox 3075 3852 3144 3894; x_wconf 87' lang='lat' dir='ltr'><strong>se</strong></span> 
     </span>
     <span class='ocr_line' id='line_1_36' title="bbox 561 3927 3144 4013; baseline 0 -21"><span class='ocrx_word' id='word_1_323' title='bbox 561 3927 926 3992; x_wconf 87' lang='lat' dir='ltr'><strong>eruditione</strong></span> <span class='ocrx_word' id='word_1_324' title='bbox 979 3936 1077 4008; x_wconf 91' lang='lat' dir='ltr'><strong>et,</strong></span> <span class='ocrx_word' id='word_1_325' title='bbox 1142 3935 1217 3991; x_wconf 88' lang='lat' dir='ltr'><strong>ut</strong></span> <span class='ocrx_word' id='word_1_326' title='bbox 1272 3927 1443 3991; x_wconf 91' lang='lat' dir='ltr'><strong>sumi</strong></span> <span class='ocrx_word' id='word_1_327' title='bbox 1500 3935 1747 4012; x_wconf 88' lang='lat' dir='ltr'><strong>potest,</strong></span> <span class='ocrx_word' id='word_1_328' title='bbox 1805 3927 2123 3995; x_wconf 87' lang='lat' dir='ltr'><strong>facilitate</strong></span> <span class='ocrx_word' id='word_1_329' title='bbox 2178 3953 2429 3996; x_wconf 92' lang='lat' dir='ltr'><strong>morum</strong></span> <span class='ocrx_word' id='word_1_330' title='bbox 2485 3931 2878 4013; x_wconf 86' lang='lat' dir='ltr'><strong>insinuavit,</strong></span> <span class='ocrx_word' id='word_1_331' title='bbox 2943 3944 3016 3996; x_wconf 91' lang='lat' dir='ltr'><strong>ut</strong></span> <span class='ocrx_word' id='word_1_332' title='bbox 3081 3931 3144 3994; x_wconf 90' lang='lat' dir='ltr'><strong>in</strong></span> 
     </span>
     <span class='ocr_line' id='line_1_37' title="bbox 561 4027 3147 4118; baseline 0.001 -25"><span class='ocrx_word' id='word_1_333' title='bbox 561 4029 915 4094; x_wconf 88' lang='lat' dir='ltr'><strong>amicitiam</strong></span> <span class='ocrx_word' id='word_1_334' title='bbox 979 4028 1120 4091; x_wconf 86' lang='lat' dir='ltr'><strong>eius</strong></span> <span class='ocrx_word' id='word_1_335' title='bbox 1189 4027 1607 4112; x_wconf 87' lang='lat' dir='ltr'><strong>reciperetur.</strong></span> <span class='ocrx_word' id='word_1_336' title='bbox 1715 4028 2098 4113; x_wconf 88' lang='lat' dir='ltr'><strong>Impellente</strong></span> <span class='ocrx_word' id='word_1_337' title='bbox 2165 4042 2230 4096; x_wconf 95' lang='lat' dir='ltr'><strong>et</strong></span> <span class='ocrx_word' id='word_1_338' title='bbox 2296 4033 2684 4098; x_wconf 86' lang='lat' dir='ltr'><strong>adhortante</strong></span> <span class='ocrx_word' id='word_1_339' title='bbox 2748 4033 3147 4118; x_wconf 87' lang='lat' dir='ltr'><strong>imperatore</strong></span> 
     </span>
     <span class='ocr_line' id='line_1_38' title="bbox 563 4127 3149 4219; baseline 0.002 -26"><span class='ocrx_word' id='word_1_340' title='bbox 563 4127 917 4194; x_wconf 88' lang='lat' dir='ltr'><strong>Prosodias</strong></span> <span class='ocrx_word' id='word_1_341' title='bbox 961 4135 1028 4191; x_wconf 93' lang='lat' dir='ltr'><strong>et</strong></span> <span class='ocrx_word' id='word_1_342' title='bbox 1071 4127 1387 4213; x_wconf 89' lang='lat' dir='ltr'><strong>speciales</strong></span> <span class='ocrx_word' id='word_1_343' title='bbox 1432 4152 1521 4193; x_wconf 89' lang='lat' dir='ltr'><strong>sc.</strong></span> <span class='ocrx_word' id='word_1_344' title='bbox 1578 4131 1723 4208; x_wconf 82' lang='grc' dir='ltr'>περὶ</span> <span class='ocrx_word' id='word_1_345' title='bbox 1768 4131 2042 4209; x_wconf 84' lang='grc' dir='ltr'>Ἀττικῆς</span> <span class='ocrx_word' id='word_1_346' title='bbox 2084 4133 2445 4219; x_wconf 83' lang='grc' dir='ltr'>προςῳδίας</span> <span class='ocrx_word' id='word_1_347' title='bbox 2503 4144 2567 4199; x_wconf 91' lang='lat' dir='ltr'><strong>et</strong></span> <span class='ocrx_word' id='word_1_348' title='bbox 2623 4138 2768 4214; x_wconf 81' lang='grc' dir='ltr'>περὶ</span> <span class='ocrx_word' id='word_1_349' title='bbox 2813 4135 3149 4214; x_wconf 85' lang='grc' dir='ltr'>Ὁμηρικῆς</span> 
     </span>
     <span class='ocr_line' id='line_1_39' title="bbox 563 4229 3151 4320; baseline 0.001 -24"><span class='ocrx_word' id='word_1_350' title='bbox 563 4229 926 4314; x_wconf 81' lang='grc' dir='ltr'>προςῳδίας</span> <span class='ocrx_word' id='word_1_351' title='bbox 953 4265 1040 4276; x_wconf 90' lang='grc'><strong>-</strong></span> <span class='ocrx_word' id='word_1_352' title='bbox 1069 4251 1220 4293; x_wconf 85' lang='lat' dir='ltr'><strong>nam</strong></span> <span class='ocrx_word' id='word_1_353' title='bbox 1264 4229 1426 4294; x_wconf 86' lang='lat' dir='ltr'><strong>haec</strong></span> <span class='ocrx_word' id='word_1_354' title='bbox 1470 4230 1551 4294; x_wconf 90' lang='lat' dir='ltr'><strong>de</strong></span> <span class='ocrx_word' id='word_1_355' title='bbox 1583 4230 1856 4314; x_wconf 83' lang='lat' dir='ltr'><strong>singulis</strong></span> <span class='ocrx_word' id='word_1_356' title='bbox 1888 4232 2187 4316; x_wconf 87' lang='lat' dir='ltr'><strong>partibus</strong></span> <span class='ocrx_word' id='word_1_357' title='bbox 2219 4235 2562 4320; x_wconf 87' lang='lat' dir='ltr'><strong>prosodiae</strong></span> <span class='ocrx_word' id='word_1_358' title='bbox 2592 4232 2697 4299; x_wconf 86' lang='lat' dir='ltr'><strong>vel</strong></span> <span class='ocrx_word' id='word_1_359' title='bbox 2731 4234 2813 4299; x_wconf 91' lang='lat' dir='ltr'><strong>de</strong></span> <span class='ocrx_word' id='word_1_360' title='bbox 2842 4234 3151 4320; x_wconf 89' lang='lat' dir='ltr'><strong>prosodia</strong></span> 
     </span>
     <span class='ocr_line' id='line_1_40' title="bbox 567 4328 3147 4422; baseline 0.002 -30"><span class='ocrx_word' id='word_1_361' title='bbox 567 4328 971 4415; x_wconf 88' lang='lat' dir='ltr'><strong>singularum</strong></span> <span class='ocrx_word' id='word_1_362' title='bbox 1029 4329 1455 4396; x_wconf 90' lang='lat' dir='ltr'><strong>dialectorum</strong></span> <span class='ocrx_word' id='word_1_363' title='bbox 1507 4341 1572 4396; x_wconf 90' lang='lat' dir='ltr'><strong>et</strong></span> <span class='ocrx_word' id='word_1_364' title='bbox 1629 4330 2035 4415; x_wconf 85' lang='lat' dir='ltr'><strong>singulorum</strong></span> <span class='ocrx_word' id='word_1_365' title='bbox 2090 4334 2483 4420; x_wconf 88' lang='lat' dir='ltr'><strong>scriptorum</strong></span> <span class='ocrx_word' id='word_1_366' title='bbox 2538 4358 2736 4422; x_wconf 87' lang='lat' dir='ltr'><strong>opera</strong></span> <span class='ocrx_word' id='word_1_367' title='bbox 2790 4335 3147 4420; x_wconf 87' lang='lat' dir='ltr'><strong>significari</strong></span> 
     </span>
     <span class='ocr_line' id='line_1_41' title="bbox 564 4431 3147 4522; baseline 0.003 -29"><span class='ocrx_word' id='word_1_368' title='bbox 564 4432 822 4495; x_wconf 89' lang='lat' dir='ltr'><strong>nomine</strong></span> <span class='ocrx_word' id='word_1_369' title='bbox 879 4435 1095 4511; x_wconf 83' lang='grc' dir='ltr'>μερική</span> <span class='ocrx_word' id='word_1_370' title='bbox 1152 4434 1510 4518; x_wconf 80' lang='grc' dir='ltr'>προςῳδία,</span> <span class='ocrx_word' id='word_1_371' title='bbox 1579 4432 1753 4518; x_wconf 89' lang='lat' dir='ltr'><strong>quod</strong></span> <span class='ocrx_word' id='word_1_372' title='bbox 1828 4431 2075 4499; x_wconf 88' lang='lat' dir='ltr'><strong>frustra</strong></span> <span class='ocrx_word' id='word_1_373' title='bbox 2130 4457 2215 4499; x_wconf 81' lang='lat' dir='ltr'><strong>ex</strong></span> <span class='ocrx_word' id='word_1_374' title='bbox 2271 4437 2569 4517; x_wconf 79' lang='grc' dir='ltr'>Ὁμηρικὴ</span> <span class='ocrx_word' id='word_1_375' title='bbox 2625 4439 2951 4522; x_wconf 79' lang='grc' dir='ltr'>προςῳδία</span> <span class='ocrx_word' id='word_1_376' title='bbox 3010 4458 3147 4501; x_wconf 89' lang='lat' dir='ltr'><strong>eor·</strong></span> 
     </span>
     <span class='ocr_line' id='line_1_42' title="bbox 566 4532 3152 4623; baseline 0.002 -28"><span class='ocrx_word' id='word_1_377' title='bbox 566 4540 833 4617; x_wconf 87' lang='lat' dir='ltr'><strong>ruptum</strong></span> <span class='ocrx_word' id='word_1_378' title='bbox 889 4553 1029 4596; x_wconf 88' lang='lat' dir='ltr'><strong>esse</strong></span> <span class='ocrx_word' id='word_1_379' title='bbox 1089 4532 1348 4613; x_wconf 89' lang='lat' dir='ltr'><strong>volunt,</strong></span> <span class='ocrx_word' id='word_1_380' title='bbox 1408 4534 1548 4597; x_wconf 90' lang='lat' dir='ltr'><strong>iure</strong></span> <span class='ocrx_word' id='word_1_381' title='bbox 1603 4532 1941 4600; x_wconf 91' lang='lat' dir='ltr'><strong>contendit</strong></span> <span class='ocrx_word' id='word_1_382' title='bbox 1982 4533 2295 4600; x_wconf 88' lang='lat' dir='ltr'><strong>Lehrsius</strong></span> <span class='ocrx_word' id='word_1_383' title='bbox 2352 4537 2437 4601; x_wconf 92' lang='lat' dir='ltr'><strong>ad</strong></span> <span class='ocrx_word' id='word_1_384' title='bbox 2480 4537 2728 4603; x_wconf 89' lang='lat' dir='ltr'><strong>Herod.</strong></span> <span class='ocrx_word' id='word_1_385' title='bbox 2785 4560 2848 4623; x_wconf 93' lang='lat' dir='ltr'><strong>p.</strong></span> <span class='ocrx_word' id='word_1_386' title='bbox 2895 4538 3025 4601; x_wconf 81' lang='lat'><strong>420</strong></span> <span class='ocrx_word' id='word_1_387' title='bbox 3066 4574 3152 4584; x_wconf 95' lang='lat'>—</span> 
     </span>
     <span class='ocr_line' id='line_1_43' title="bbox 568 4629 3149 4721; baseline 0.002 -27"><span class='ocrx_word' id='word_1_388' title='bbox 568 4641 632 4694; x_wconf 93' lang='lat' dir='ltr'><strong>et</strong></span> <span class='ocrx_word' id='word_1_389' title='bbox 677 4629 1082 4697; x_wconf 86' lang='lat' dir='ltr'><strong>Catholicam</strong></span> <span class='ocrx_word' id='word_1_390' title='bbox 1127 4632 1364 4713; x_wconf 89' lang='lat' dir='ltr'><strong>edidit,</strong></span> <span class='ocrx_word' id='word_1_391' title='bbox 1411 4655 1606 4718; x_wconf 89' lang='lat' dir='ltr'><strong>quam</strong></span> <span class='ocrx_word' id='word_1_392' title='bbox 1651 4635 2033 4719; x_wconf 90' lang='lat' dir='ltr'><strong>imperatori</strong></span> <span class='ocrx_word' id='word_1_393' title='bbox 2078 4636 2438 4701; x_wconf 88' lang='lat' dir='ltr'><strong>inscribens</strong></span> <span class='ocrx_word' id='word_1_394' title='bbox 2500 4639 2667 4721; x_wconf 88' lang='lat' dir='ltr'><strong>grati</strong></span> <span class='ocrx_word' id='word_1_395' title='bbox 2712 4638 2911 4702; x_wconf 90' lang='lat' dir='ltr'><strong>animi</strong></span> <span class='ocrx_word' id='word_1_396' title='bbox 2958 4638 3149 4701; x_wconf 89' lang='lat' dir='ltr'><strong>docu-</strong></span> 
     </span>
     <span class='ocr_line' id='line_1_44' title="bbox 570 4734 3149 4823; baseline 0.003 -30"><span class='ocrx_word' id='word_1_397' title='bbox 570 4742 858 4797; x_wconf 88' lang='lat' dir='ltr'><strong>mentum</strong></span> <span class='ocrx_word' id='word_1_398' title='bbox 911 4734 1236 4819; x_wconf 88' lang='lat' dir='ltr'><strong>praebuit.</strong></span> <span class='ocrx_word' id='word_1_399' title='bbox 1326 4735 1432 4799; x_wconf 82' lang='lat' dir='ltr'><strong>Ex</strong></span> <span class='ocrx_word' id='word_1_400' title='bbox 1477 4737 1518 4800; x_wconf 87' lang='grc'>6</span> <span class='ocrx_word' id='word_1_401' title='bbox 1574 4734 1871 4801; x_wconf 88' lang='lat' dir='ltr'><strong>videmus</strong></span> <span class='ocrx_word' id='word_1_402' title='bbox 1926 4736 2376 4801; x_wconf 90' lang='lat' dir='ltr'><strong>Herodianum</strong></span> <span class='ocrx_word' id='word_1_403' title='bbox 2433 4738 2783 4823; x_wconf 89' lang='lat' dir='ltr'><strong>aliquando</strong></span> <span class='ocrx_word' id='word_1_404' title='bbox 2839 4736 3149 4818; x_wconf 87' lang='lat' dir='ltr'><strong>Puteolis,</strong></span> 
     </span>
    </p>
   </div>
  </div>
 </body>
</html>
