3664 5546
638 370 763 434 228
1570 368 1650 423 ΕΚ
1688 369 1828 424 ΤΩΝ
1870 368 2275 424 ΗΡΩΔΙΑΝΟΥ

636 540 887 619 κειμένη
932 538 1062 604 ἀπὸ
1108 540 1350 620 Ἕλλης.
1437 539 1641 618 πόρος
1686 539 2093 618 Βόςπορος
2145 539 2331 603 πόλις
2375 538 2637 604 Πόντου
2692 538 2849 603 κατὰ
2901 539 3015 602 τὸν
3063 539 3205 617 Κιμ-

639 645 858 723 μέριον
902 644 1148 708 κόλπον
1197 643 1286 708 ῶς
1316 641 1531 707 Φίλων
1578 642 1678 706 καὶ
1720 642 2008 721 πορθμὸς
2038 642 2397 724 ὁμώνυμος,
2441 640 2573 707 ἀπὸ
2618 641 2773 706 Ἰοῦς
2817 643 2929 719 τῆς
2959 639 3206 720 Ἰνάχου

638 746 1060 827 καλούμενος,
1108 747 1315 811 καθὼς
1359 745 1665 825 Αἰςχύλος
1709 745 1780 809 ἐν
1824 746 2155 824 Προμηθεῖ
2198 746 2481 827 δεςμώτῃ
2522 742 2757 823 γράφει

1123 847 1290 913 ἔςται
1337 849 1409 913 δὲ
1451 850 1708 926 θνητοῖς
1751 846 1945 911 εἰςαεὶ
1985 846 2181 922 λόγος
2225 847 2417 927 μέγας

573 959 605 1007 5
1093 953 1234 1027 -τῆς
1279 952 1386 1027 ςῆς
1430 949 1723 1031 πορείας,
1771 949 2101 1027 Βόςπορος
2144 949 2211 1013 δ’
2257 949 2591 1029 ἐπώνυμος

1122 1052 1496 1130 κεκλήςεται.

632 1154 757 1218 ἔςτι
801 1152 901 1217 καὶ
932 1151 1092 1231 ἄλλη
1122 1157 1232 1231 τῆς
1263 1154 1533 1232 Ἰνδικῆς.
1608 1153 1804 1233 ὅρμος
1835 1152 2257 1233 Πάνορμος
2293 1145 2485 1217 “πόλις
2528 1151 2805 1217 Εικελίας
2849 1151 2952 1216 καὶ
2996 1152 3201 1235 λιμήν,

549 1316 553 1320 Α
635 1257 724 1320 ὼς
779 1254 1131 1336 Πολύβιος·
1190 1255 1316 1321 ἔςτι
1372 1257 1474 1319 καὶ
1518 1257 1701 1335 λιμὴν
1735 1256 2023 1323 Κυζίκου·
2070 1255 2662 1345 φίλοςὶΔίφιλος.
2748 1256 2825 1320 τὸ
2863 1256 2935 1319 δὲ
2979 1254 3202 1321 ὀςτο-

632 1358 870 1433 λόγος
914 1358 1016 1421 καὶ
1060 1357 1487 1437 οἰκονόμος
1543 1357 1623 1422 οὐ
1678 1358 1855 1436 παρὰ
1908 1358 1984 1423 τὸ
2031 1357 2224 1434 λόγος
2268 1359 2369 1421 καὶ
2412 1358 2639 1441 νόμος,
2695 1356 2861 1422 ἀλλὰ
2908 1358 3084 1435 παρὰ
3125 1357 3202 1421 τὸ

533 1470 596 1520 10
633 1460 801 1536 λέγω
856 1459 958 1522 καὶ
1011 1457 1198 1538 νέμω.
1288 1460 1404 1524 ὅςα
1458 1464 1528 1525 δὲ
1595 1458 2101 1540 ὑπερδιςύλλαβα
2163 1459 2667 1542 παροξύνονται,
2732 1458 2803 1523 ἐν
2856 1466 2934 1544 τῇ
2986 1458 3201 1524 ςυνθέ-

631 1583 719 1627 ςει
784 1561 1416 1645 προπαροξύνονται,
1492 1561 1781 1626 ποικίλος
1844 1561 2411 1643 παμποίκιλος,
2476 1560 2753 1639 ἀγκύλος
2821 1561 3201 1641 μεςάγκυ-

633 1668 796 1745 λος,
862 1662 1124 1741 πληςίος
1186 1663 1758 1746 παραπλήςιος,
1824 1662 2045 1728 αἰόλος
2099 1663 2553 1728 παναίολος.
2651 1663 2728 1727 τὸ
2796 1665 2866 1728 δὲ
2928 1683 3199 1742 «κορυ-

631 1766 956 1830 θαιόλος
999 1764 1281 1844 Ἕκτωρ»
1326 1767 1411 1848 (e.
1457 1786 1518 1849 g.
1567 1766 1605 1829 Γ
1648 1763 1758 1847 83)
1804 1765 1922 1830 οὐκ
1966 1764 2096 1830 ἀπὸ
2141 1764 2490 1847 ὀνόματος,
2536 1761 2687 1828 ἀλλ’
2728 1762 2859 1829 ἀπὸ
2907 1763 3200 1844 ῥήματος.

629 1869 705 1933 τὸ
751 1867 964 1946 μέντοι
1009 1864 1610 1947 ἱπποβουκόλος
1655 1867 1759 1931 διὰ
1801 1868 1919 1946 τὴν
1963 1866 2287 1946 ἐνέργειαν
2316 1865 2738 1945 παροξύνεται
2783 1867 2883 1930 καὶ
2927 1866 3025 1930 ὅτι
3069 1865 3200 1931 ἀπὸ

535 1978 593 2027 15
630 1973 746 2034 τοῦ
805 1968 1080 2048 ῥήματος
1134 1970 1236 2033 καὶ
1292 1968 1467 2034 αὐτό.
1553 1969 1656 2033 τὸ.
1684 1970 1756 2033 δὲ
1812 1968 2175 2034 ἐναντίος
2241 1967 2373 2033 ἀπὸ
2437 1971 2555 2033 τοῦ
2607 1966 2824 2034 ἀντίος
2877 1968 3199 2048 παρέλκον

629 2071 758 2150 ἔχει
804 2071 879 2136 τὸ
925 2073 1022 2135 Ε.

743 2242 748 2247 ,
798 2174 891 2238 Τὰ
934 2172 1063 2237 ἀπὸ
1109 2175 1239 2237 τῶν
1270 2172 1359 2237 εἰς
1405 2175 1487 2235 ἆ
1532 2172 1926 2254 διςυλλάβων
1967 2159 2596 2253 πρὸπεριςπωμένων
2625 2172 3198 2255 προπαροξύνεται,

626 2278 817 2353 ζῆλος
871 2274 1274 2356 ἀρίζηλος,
1332 2278 1567 2339 δοῦλος
1621 2275 2084 2358 ςύνδουλος,
2143 2279 2389 2340 δοῦπος
2440 2273 2937 2353 ἐρίγδουπος.
3027 2295 3196 2354 ςεςη-

631 2376 884 2457 μείωται
928 2378 1004 2442 τὸ
1050 2376 1420 2453 οἰκουρός
1464 2376 1565 2441 καὶ
1609 2377 2028 2456 κηπουρός.
2091 2376 2183 2442 ἔτι
2229 2377 2308 2441 τὰ
2351 2377 2857 2457 ὑπερδιςύλλαβα
2887 2376 3197 2457 Ῥωμαῖος

526 2485 593 2536 ‘20
629 2479 1210 2560 φιλορώμαιος,
1256 2477 1586 2558 Ἀθηναῖος
1631 2479 2179 2558 φιλαθήναιος.

793 2581 886 2645 Τὰ
930 2579 1060 2645 ἀπὸ
1102 2579 1427 2646 ὀξυτόνων
1455 2580 2088 2663 προπαροξύνονται,
2133 2581 2366 2660 δμητός
2405 2581 2703 2661 ἄδμητο
2719 2603 2781 2665 ς,
2812 2581 3035 2661 κτητός
3065 2584 3195 2645 δο-

627 2683 1016 2765 ρίκτητος,
1062 2682 1252 2747 κακός
1296 2681 1605 2765 ἄκακος,
1672 2682 1875 2762 ςοφός
1919 2681 2246 2767 ἄςοφος,
2302 2683 2567 2763 ποιητός
2622 2684 3195 2763 δημοποίητος,

624 2786 850 2851 ἐλατός
914 2785 1305 2864 δημήλατο
1320 2806 1367 2850 ς.
1454 2784 1758 2864 Αἰςχύλος
1824 2784 2091 2851 Ἱκετίςιν
2153 2787 2246 2869 (v.
2303 2784 2456 2869 614)
2525 2786 2788 2867 «ἄτιμον
2854 2785 3016 2852 εἶναι
3082 2786 3196 2852 ξὺν

625 2890 803 2973 φήμῃ
875 2886 1276 2972 δημηλάτῳ».
1382 2887 1622 2966 πρατός
1699 2887 2250 2966 δημιόπρατος.
2358 2888 2810 2970 Ἀριςτοφάνης
2886 2888 3195 2952 Ἱππεῦςιν

524 2999 588 3052 25
625 2992 717 3071 (ν.
770 2989 918 3075 103)
966 2989 1315 3054 «ἐπίπαςτα
1370 2989 1574 3057 λείξας
1629 2989 2014 3068 δημιόπραθ’
2069 2989 2106 3054 ὁ
2164 2990 2473 3071 βάςκανος
2490 3016 2532 3054 ».
2623 2991 2811 3072 βοτός
2863 2989 3194 3070 ἱππόβο-

625 3111 711 3156 το
730 3113 791 3175 ς,
852 3090 1058 3172 φατός
1102 3091 1585 3171 Ἀρηῖφατος
1641 3090 1749 3156 «αἵ
1808 3091 1890 3170 ῥά
1942 3110 2012 3155 τε
2076 3094 2297 3171 φῶτας
2363 3091 2761 3174 ἀρηϊφάτους
2826 3093 3193 3157 κατέδουςι»

624 3193 703 3275 (Τ
746 3193 890 3277 31),
938 3192 1125 3273 βατός
1169 3191 1526 3274 ἄμβατος.
1606 3192 1802 3258 «ἔνθα
1845 3193 2107 3272 μάλιςτα
2149 3193 2425 3274 ἄμβατός
2470 3195 2592 3259 ἐςτι
2636 3195 2861 3260 πόλις»
2907 3195 2990 3278 (Ζ
3021 3193 3192 3278 434).

624 3296 816 3374 χωρὶς
867 3299 998 3360 τῶν
1054 3294 1158 3358 ἐπὶ
1201 3294 1468 3360 ἐθνικῶν
1514 3295 2047 3378 λαμβανομένων,
2104 3296 2351 3374 Ἀχαιός
2406 3297 2864 3381 φιλαχαιός,
2917 3296 3192 3361 Βοιωτός

624 3396 1163 3478 φιλοβοιωτός
1207 3397 1309 3461 καὶ
1352 3398 1545 3475 χωρὶς
1590 3395 1643 3460 εἰ
1690 3397 1770 3476 μὴ
1816 3398 1922 3462 διὰ
1966 3396 2261 3477 ςημαςίαν
2305 3397 2447 3463 τινὰ
2477 3402 2772 3483 φυλαχθῇ
2816 3398 2888 3464 ἐν
2929 3405 3007 3484 τῇ
3054 3419 3191 3463 ςυν-

521 3508 589 3557 3⁰
625 3498 788 3562 θέςει
840 3498 880 3576 ἡ
937 3497 1111 3564 ὀξεῖα
1164 3499 1336 3563 τάςις
1393 3499 1483 3590 ῶς
1544 3499 1619 3563 τὸ
1676 3499 2222 3584 βροτολοιγός,
2285 3500 2395 3566 ἵνα
2447 3503 2744 3584 φυλαχθῇ
2798 3500 2838 3578 ἡ
2893 3501 3193 3580 ἐνέργεια.

626 3598 1042 3680 βροτολοιγός
1094 3600 1217 3680 γάρ
1272 3600 1436 3665 ἐςτιν
1493 3599 1530 3664 ὁ
1584 3600 1868 3681 φθείρων
1922 3602 2076 3667 τοὺς
2130 3601 2382 3681 ἄνδρας.
2465 3603 2704 3668 τούτου
2757 3603 2941 3682 χάριν
3002 3604 3102 3667 καὶ
3157 3603 3196 3666 ὃ

621 3702 814 3767 τόνος
872 3701 1220 3782 ἐφυλάχθη.
1309 3701 1363 3767 εἰ
1416 3703 1538 3781 γὰρ
1594 3704 2171 3788 προπαρωξύνετο,
2225 3696 2456 3785 ἤμελλε
2505 3706 2808 3784 παρέχειν
2863 3704 3195 3787 ἐπίςταςιν,

624 3803 721 3868 ὅτι
768 3803 974 3868 πάθος
1020 3796 1204 3869 ἐςτίν.
1292 3803 1530 3885 ὁμοίως
1575 3807 1675 3870 καὶ
1718 3805 1793 3870 τὸ
1839 3804 2387 3885 ἀθηρηλοιγός.

623 4043 907 4109 Βόςπορος
943 4061 1011 4095 ex
1047 4043 1237 4096 eodem
1271 4044 1476 4108 adieci,
1521 4045 1657 4096 item
1690 4042 2008 4109 Πάνορμος.
2046 4071 2108 4081 —-
2146 4046 2282 4098 Cum
2329 4047 2434 4098 hoe
2469 4062 2677 4098 canone
2714 4054 3021 4113 congruunt
3057 4047 3193 4111 fere,

622 4128 762 4178 quae
807 4113 982 4164 tradit
1014 4111 1079 4163 Ε.
1117 4112 1191 4161 Μ.
1233 4115 1352 4171 113,
1389 4115 1483 4177 32,
1529 4114 1633 4178 Ep.
1672 4112 1759 4163 Cr.
1793 4115 1822 4165 1
1858 4115 1916 4175 8,
1957 4116 2048 4176 10,
2092 4113 2239 4165 unde
2283 4114 2391 4165 huc
2434 4116 2597 4166 retuli
2641 4113 2882 4178 ἀγκύλος
2918 4142 2985 4153 -
3020 4129 3193 4180 παρα-

621 4179 868 4246 πλήςιος.
938 4181 1010 4231 cf.
1052 4186 1343 4247 praeterea
1373 4181 1437 4232 Ε.
1472 4181 1547 4231 Μ.
1583 4184 1699 4244 531,
1734 4183 1819 4243 47,
1858 4180 2054 4236 choer.
2090 4182 2234 4233 Diot.
2270 4184 2386 4240 526.
2422 4186 2472 4236 9.
2614 4183 2649 4234 1.
2690 4187 2750 4236 17
2787 4186 2858 4235 cf.
2897 4185 2962 4234 E.
3000 4184 3071 4236 M.
3107 4187 3192 4246 37,

625 4253 710 4299 11:
748 4249 820 4302 τὰ
857 4245 936 4300 εἰς
971 4251 1037 4301 ο-ς
1084 4248 1383 4313 διςύλλαβα
1431 4247 1945 4314 προπεριςπώμενα
1987 4247 2048 4300 ἑν
2094 4252 2166 4315 τῇ
2214 4250 2458 4304 ςυνθέςει
2502 4251 3025 4317 προπαροξύνονται
3070 4248 3194 4303 οἷον

618 4316 775 4369 οἶκος
810 4317 1025 4382 ἄοικος,
1064 4319 1266 4382 κοῦρος
1304 4315 1624 4382 ἐπίκουρος,
1661 4317 1858 4369 πῶλος
1892 4314 2266 4371 αίολόπωλος.
2371 4320 2407 4371 1.
2435 4322 2501 4371 22
2537 4319 2710 4385 ςοφός
2745 4320 2955 4385 ἄςοφος
2993 4323 3194 4384 sumpsi

618 4401 686 4436 ex
721 4387 787 4438 Ε.
822 4386 897 4438 Μ.
935 4388 1059 4448 215,
1104 4390 1157 4443 1,
1197 4385 1432 4452 ποιητός
1476 4383 1720 4451 δημοποί
1760 4398 1885 4452 τος,
1932 4384 2279 4450 δημήλατος,
2325 4387 2707 4454 δημιόπρατα(
2753 4405 2820 4439 ex
2857 4389 2939 4441 St.
2976 4389 3039 4439 B.
3073 4389 3193 4448 228,

621 4457 701 4505 16.
741 4455 820 4505 16.
862 4456 950 4516 18,
1000 4451 1168 4517 βατός
1205 4454 1451 4517 ἄμβατος
1489 4470 1556 4504 ex
1591 4456 1694 4520 Ep.
1777 4469 1817 4503 r.
1852 4454 1881 4504 Ι
1915 4456 2041 4516 214,
2083 4457 2161 4507 17.
2230 4456 2414 4508 Verba
2452 4455 2622 4521 χωρὶς
2665 4458 2788 4507 τῶν
2825 4456 2917 4508 ἐπὶ
2952 4454 3192 4507 ἐθνικῶν

615 4535 789 4587 usque
826 4521 900 4573 ad
933 4521 1095 4573 finem
1131 4528 1261 4573 sunt
1296 4539 1364 4573 ex
1397 4523 1462 4573 E.
1485 4523 1561 4572 M.
1601 4523 1636 4572 1.
1675 4538 1720 4571 ο.
1757 4527 1814 4572 et
1848 4520 1952 4586 Ep.
1977 4521 2066 4573 Cr.
2103 4524 2131 4573 Ι
2170 4525 2282 4586 139,
2322 4523 2404 4586 16,
2441 4540 2538 4589 pro
2573 4523 2810 4588 ἔμφαςιν
2849 4524 3042 4590 scripsi
3076 4518 3193 4574 ἐπί·

617 4602 818 4641 (ταςιν.
888 4590 958 4640 ef.
998 4590 1197 4642 Choor.
1231 4590 1334 4656 Ep.
1372 4592 1431 4640 in
1463 4588 1667 4642 Psalm.
1706 4592 1787 4652 77,
1821 4591 1905 4648 34.
1940 4591 2043 4656 Ep.
2081 4591 2169 4642 Cr.
2208 4592 2237 4642 1
2273 4593 2389 4653 110,
2425 4593 2508 4652 29,
2544 4592 2609 4642 Ε.
2632 4594 2707 4644 Μ.
2731 4595 2848 4656 250,
2883 4594 2951 4644 28
2983 4590 3194 4642 addunt.

613 4659 758 4708 inter
802 4663 1036 4724 excepta
1081 4663 1305 4724 praeter
1345 4655 1667 4722 ἀρχιατρός,
1714 4657 1860 4723 quod
1903 4657 2172 4709 Arcadius
2214 4659 2272 4708 in
2316 4660 2570 4724 sequenti
2615 4676 2824 4712 canone
2868 4661 3062 4721 habet,
3099 4657 3191 4709 δα-

617 4724 843 4790 φοινός,
892 4725 1037 4791 quod
1090 4727 1221 4776 item
1267 4733 1494 4791 propter
1546 4727 1785 4776 activam
1840 4726 2115 4790 quandam
2168 4725 2626 4792 significationem
2678 4734 2901 4780 acutum
2952 4728 3190 4777 retinere

615 4793 831 4843 dieunt:
867 4795 1043 4844 τοῦτο
1079 4793 1167 4845 διὰ
1201 4793 1271 4844 τὸ
1308 4792 1715 4859 ςημαινόμενον
1751 4790 2011 4859 ἐκωλύθη
2050 4792 2402 4859 βαρύνεςθαι;
2450 4803 2707 4847 accentus
2744 4802 2893 4848 certe
2931 4794 3193 4847 notabilis

617 4883 700 4926 est
747 4881 801 4927 in
848 4877 1114 4942 δαφοινός
1163 4880 1486 4944 praesertim
1534 4893 1697 4942 quum
1742 4879 1889 4928 infra
1925 4877 2186 4930 doceatur
2224 4882 2442 4930 nomina
2487 4896 2605 4934 cum
2649 4884 2740 4946 Ζα,
2789 4898 2907 4932 cum
2963 4896 3070 4945 quo
3122 4881 3191 4930 δα
