3664 5546
708 401 872 460 xovl
1797 401 2214 456 PRAEFATIO.

709 585 905 628 sonae
949 574 1016 628 et
1044 561 1299 629 vocales
1332 562 1550 628 sedem
1582 584 1764 628 suam
1799 573 2086 644 mutant,
2134 560 2341 625 altera
2370 558 2790 647 aspirationis
2822 557 3279 644 transgressiO,

709 666 903 729 tertia
946 665 1335 753 quantitatis
1393 662 1790 749 syllabarum
1847 664 2143 728 traiectio
2194 662 2302 746 (E.
2350 661 2442 726 M.
2489 663 2643 742 667,
2689 661 2773 724 22
2829 664 3283 742 πεφαργμένοε

708 765 849 832 ἀντὶ
901 768 1551 848 τοῦπεφραγμένοε·
1621 768 1778 832 ὥετε
1839 767 2283 848 ὑπέρθεειε,
2352 765 2432 828 Ε.
2490 763 2581 827 M.
2641 763 2796 843 285,
2852 764 2936 827 56
2993 767 3279 844 δραθεῖνε

709 873 968 948 δαρθεῖν
1012 873 1114 936 καὶ
1158 873 1417 949 δραθεῑν
1471 870 1614 934 κατ’
1659 869 2104 947 ὑπέρθεειν,
2153 866 2234 930 de
2279 888 2405 954 quo
2452 864 2686 931 Choer.
2732 863 2891 945 624,
2936 864 3021 928 24
3078 867 3280 943 δέρθω

706 971 984 1050 ἔδαρθον
1027 973 1185 1037 κατὰ
1231 972 1806 1052 ὑπερβιβαεμὸν
1851 971 2089 1045 γίνεται
2133 971 2427 1048 ἔδραθον.
2516 966 2595 1030 Ε.
2627 966 2720 1029 Μ.
2770 966 2912 1049 106,
2959 966 3042 1030 23
3086 967 3281 1042 ἀναγ-

707 1073 875 1139 κάζω
921 1073 1256 1149 ἀναγκάεω
1300 1073 1621 1150 ἠνάγκακα
1665 1074 1765 1137 καὶ
1807 1073 1951 1136 κατ’
1981 1073 2445 1152 ὑπερβιβαεμόν
2491 1071 2830 1150 ἀνήγκακα.
2918 1066 3164 1132 Herod.
3212 1069 3281 1130 in

708 1172 963 1238 Cathol.
1032 1196 1136 1260 ap.
1196 1174 1484 1257 Theogn.
1548 1174 1632 1236 52
1698 1173 1881 1252 ραιό(
1944 1176 2045 1238 καὶ
2106 1174 2176 1238 ἐν
2241 1177 2622 1256 πλεοναεμῷ
2688 1172 3108 1251 μετελθούεηε
3168 1173 3280 1247 τῆς

707 1277 954 1341 δαεείαε
998 1281 1113 1341 τοῦ
1158 1281 1193 1354 ῥ
1240 1277 1442 1360 eico,
1489 1273 1717 1340 Choer.
1767 1275 1943 1339 Diot.
1987 1275 2134 1356 599,
2181 1275 2221 1338 3
2268 1275 2541 1339 ἐώλπειν
2586 1275 2809 1358 ἐῴκειν
2866 1275 2970 1338 καὶ
3012 1274 3279 1357 έῴργειν

709 1378 1169 1458 ὑπερβιβαεμὸν
1214 1378 1594 1444 ἀνεδέξαντο
1638 1382 1753 1443 τοῦ
1798 1375 2089 1459 χρόνου).
2176 1375 2303 1439 Pro
2350 1376 2773 1456 μετατίθεεθαι
2821 1374 2983 1438 dicit
3026 1373 3275 1438 Herod.

705 1478 775 1540 in
829 1477 1041 1542 Schol.
1099 1479 1184 1543 ad
1240 1480 1440 1543 Arist.
1500 1478 1655 1543 Pae.
1715 1479 1824 1543 70:
1886 1479 2169 1558 ἀραχνιῶ
2225 1479 2328 1543 καὶ
2384 1480 2709 1557 ὑπερθέεει
2765 1482 2897 1542 τῶν
2953 1478 3281 1555 ετοιχείων

708 1579 1064 1665 ἀναρριχῶ,
1120 1587 1236 1646 τοῦ
1291 1587 1333 1645 ν
1379 1582 1485 1646 εἰ(
1541 1584 1681 1662 τὴν
1725 1583 1986 1661 χώραν
2028 1584 2173 1646 τοῦ
2216 1584 2253 1658 ῤ
2299 1581 2692 1663 τεθέντος,
2748 1584 2866 1644 τοῦ
2923 1581 2994 1643 δὲ
3035 1578 3281 1659 ῐάμοι-

710 1683 904 1761 βαίωε
947 1685 1048 1747 καὶ
1090 1688 1207 1748 τοῦ
1253 1689 1288 1761 ῤ
1346 1682 1431 1749 εἰ(
1484 1684 1598 1762 τὴν
1655 1686 1875 1762 χώραν
1931 1687 2049 1747 τοῦ
2094 1687 2165 1766 ν,
2225 1687 2340 1747 τοῦ
2394 1684 2465 1747 δὲ
2509 1702 2547 1760 χ
2604 1682 2873 1759 πληείον
2929 1685 3046 1744 τοῦ
3101 1684 3155 1743 ὠ
3213 1691 3281 1743 et

711 1780 1107 1847 Philoxenus
1162 1785 1230 1847 in
1286 1785 1459 1867 loeo,
1518 1783 1627 1871 qui
1688 1806 1772 1848 ex
1827 1782 2206 1849 Herodiano
2265 1795 2602 1869 promptus
2658 1782 2950 1861 videtur,
3006 1791 3283 1865 usurpat

709 1883 1099 1948 vocabulum
1145 1886 1663 1967 ἀντιχώρηειε
1706 1886 1774 1948 in
1820 1884 2034 1950 Schol.
2081 1885 2166 1949 ad
2210 1884 2336 1949 Od.
2380 1892 2411 1953 ξ
2454 1885 2611 1948 485;
2670 1885 2931 1966 άμεπῶε
2986 1882 3282 1962 ἀμεπέωε

709 1985 1044 2065 ἀμμεπέωε
1086 1991 1188 2054 καὶ
1231 1987 1639 2068 ἀντιχωρήεει
1684 1994 1799 2053 τοῦ
1844 1993 1885 2051 ἃ
1930 1990 2031 2053 καὶ
2074 1990 2109 2051 ἓ
2150 1988 2501 2068 ἐμμαπέως.

961 2156 1152 2222 VIII.
1240 2160 1364 2224 Εἰ(
1405 2162 1492 2224 τὸ
1536 2160 1715 2238 περὶ
1757 2164 2030 2223 παθῶν
2073 2158 2432 2238 Διδύμου
2477 2158 3011 2237 ὑπομνήματα.

873 2292 964 2356 Ηί
1008 2294 1451 2358 commentarii
1494 2295 1562 2358 in
1605 2292 1879 2380 Didymi
1927 2293 2238 2379 scriptum
2294 2296 2439 2373 περὶ
2482 2299 2706 2358 παθῶν
2750 2292 2961 2357 tribus
3007 2291 3166 2356 locis
3210 2291 3285 2353 in

706 2391 980 2457 Scholiis
1011 2394 1240 2461 Venet.
1285 2399 1368 2461 ad
1414 2395 1605 2462 Iliad.
1650 2395 2027 2461 laudantur:
2076 2397 2126 2462 Λ
2166 2395 2316 2476 160,
2366 2396 2411 2460 Ρ
2440 2394 2592 2475 201,
2637 2394 2750 2459 ubi
2797 2394 2963 2459 liber
3006 2393 3281 2480 primuS,

706 2497 744 2559 Γ
788 2495 944 2577 272,
990 2497 1104 2562 ubi
1149 2500 1467 2563 secundus
1511 2499 1766 2564 citatur.

1217 2669 1340 2733 IX.
1429 2671 1622 2749 Περὶ
1667 2669 2102 2737 ευντάξεωε
2144 2674 2297 2734 τῶν
2343 2669 2753 2747 ετοιχείων

1169 2773 1310 2838 sive
1374 2775 1550 2852 περὶ
1614 2773 1899 2840 τάξεως
1965 2779 2117 2837 τῶν
2183 2770 2295 2836 κδ’
2369 2770 2797 2851 ετοιχείων.

870 2906 1138 2993 Duplex
1181 2908 1371 2973 huius
1418 2908 1568 2973 libri
1613 2907 1840 2973 titulus
1888 2907 2168 2972 traditus
2215 2916 2315 2971 est
2349 2906 2528 2991 (nam
2558 2904 2836 2969 eundem
2868 2902 3103 2969 librum
3135 2925 3282 2968 esse

702 3020 1156 3092 argumentum
1201 3009 1715 3094 fragmentorum
1761 3008 1981 3091 docet)
2025 3011 2194 3077 τάξι(
2235 3015 2366 3075 τῶν
2411 3007 2503 3073 κδ’
2543 3007 2867 3087 ετοιχείων
2913 3030 2955 3070 a
2983 3006 3280 3089 Theogn.

703 3131 767 3193 p.
813 3110 895 3173 26
941 3119 1007 3174 et
1052 3098 1333 3179 ξύνταξιε
1379 3114 1705 3191 ετοιχείων
1750 3132 1790 3173 a
1834 3109 2128 3195 Theogn.
2172 3134 2233 3197 p.
2270 3112 2350 3175 78
2395 3120 2460 3174 et
2504 3134 2544 3174 a
2588 3110 2811 3195 Steph.
2846 3110 2923 3171 B.
2957 3131 3008 3171 s.
3057 3109 3279 3189 Ἀγβά-

701 3231 879 3275 τανα.
966 3211 1074 3275 Ex
1119 3214 1334 3297 priore
1375 3212 1828 3298 inscriptione,
1876 3213 2131 3298 opinor,
2190 3211 2443 3278 collatis
2490 3212 2600 3293 iis,
2659 3232 2822 3297 quae
2866 3208 3279 3274 Theodosius

702 3333 763 3394 p.
812 3310 1011 3390 6,11
1072 3313 1259 3378 dicit:
1322 3316 1561 3396 ὤφειλε
1616 3315 1690 3379 τὸ
1744 3318 1783 3390 T
1838 3319 2171 3394 ταχθῆναι,
2230 3316 2385 3395 μετὰ
2442 3317 2513 3379 δὲ
2566 3319 2760 3379 τοῦτο
2815 3314 2890 3377 τὸ
2944 3300 3009 3396 β,
3056 3313 3278 3390 ἐπειδὴ

702 3414 950 3493 πέφυκε
995 3417 1069 3479 τὸ
1109 3405 1151 3497 β
1196 3417 1644 3481 ὑποτάεεεεθαι
1686 3422 1777 3501 τῷ
1821 3438 1861 3492 T
1907 3418 1996 3481 ὼε
2037 3419 2113 3481 τὸ
2160 3417 2584 3500 λάγβατον,
2631 3417 2669 3480 ὃ
2714 3415 2951 3491 γίνεται
2982 3414 3113 3479 ἀπὸ
3156 3419 3277 3478 τοῦ

704 3515 818 3580 λὰξ
873 3516 1140 3600 βαίνειν,
1196 3519 1469 3598 εημαίνει
1527 3520 1597 3584 δὲ
1651 3519 1766 3583 τὸν
1820 3518 2028 3584 τύπον
2090 3524 2206 3584 τοῦ
2262 3518 2807 3597 ἀπολακτίεματοε
2873 3517 3276 3598 βαινόμενον.

701 3614 843 3679 ἀλλ’
888 3617 1103 3698 ἐπειδὴ
1147 3621 1223 3685 τὸ
1267 3643 1307 3697 T
1351 3621 1664 3686 οὐδέποτε
1706 3625 2078 3701 προηγεῖται
2121 3625 2237 3685 τοῦ
2283 3608 2318 3684 δ
2364 3621 2435 3685 ἐν
2493 3627 2568 3705 τῇ
2626 3619 2937 3703 ἀρχούεῃ,
2994 3617 3143 3682 ἀλλ
3200 3618 3275 3681 ἐν

702 3724 793 3801 τῷ
851 3719 1015 3804 μέεῳ
1073 3720 1217 3787 οἷον
1273 3724 1504 3803 βδέλλα
1559 3724 1860 3806 ἕβδομος,
1913 3722 2148 3786 τούτου
2214 3722 2396 3801 χάριν
2455 3722 2545 3786 ὼε
2599 3721 2902 3787 πλείονας
2957 3720 3275 3786 ευντάξειε

702 3823 1207 3902 καταδεξάμενον
1251 3826 1572 3904 προετάγη
1617 3831 1708 3910 τῷ
1754 3846 1793 3899 T
1836 3826 1910 3888 τὸ
1957 3811 1992 3904 β
2035 3845 2181 3887 eum
2214 3824 2581 3907 fragmento
2626 3845 2711 3887 ex
2752 3821 2921 3887 libro
2953 3824 3098 3901 περὶ
3127 3842 3274 3886 (υν-

699 3922 934 3990 τάξεωε
976 3932 1108 3990 τῶν
1156 3927 1479 4005 στοιχείων
1524 3948 1628 4011 ap.
1677 3924 1902 4011 steph.
1933 3925 2011 3987 B.
2049 3924 2094 3987 l.
2141 3946 2196 3987 e.
2241 3927 2322 4005 μή
2352 3946 2409 3989 τι
2454 3924 2578 4003 ἄρα
2622 3924 3148 4004 παρακινδυνεύει
3193 3924 3273 3987 τὸ

703 4030 737 4105 β
781 4025 1204 4106 ὑποτετάχθαι
1259 4035 1350 4113 τῷ
1408 4032 1447 4104 T
1505 4030 1595 4094 ὡς
1651 4029 2068 4092 ὑποτέτακται
2125 4027 2193 4091 ἐν
2248 4034 2338 4108 τῷ
2400 4027 2748 4107 λὰγβατα
2802 4027 2986 4105 ὅρκια
3045 4025 3273 4090 Goett-

699 4124 937 4209 lingius
982 4127 1067 4191 ad
1099 4127 1535 4194 Theodosium
1578 4153 1644 4216 p.
1673 4129 1798 4193 209
1842 4129 2207 4213 suspicatus
2254 4150 2396 4191 esse
2439 4128 2701 4205 videtur
2744 4149 2821 4191 ea
2864 4149 3033 4213 quae
3061 4124 3275 4189 Theo-

699 4227 921 4293 dosius
967 4251 1029 4314 p.
1077 4231 1118 4293 3
1162 4252 1339 4317 seqq.
1388 4231 1468 4296 de
1514 4230 1740 4298 ordine
1785 4228 2190 4314 singularum
2232 4227 2566 4294 literarum
2607 4229 2888 4316 profert,
2935 4251 3019 4293 ex
3061 4227 3273 4291 Hero·

698 4328 893 4395 diano
940 4353 1082 4394 esse
1125 4331 1378 4398 hausta.
1468 4332 1600 4397 Sed
1642 4342 1823 4418 patet
1867 4330 2180 4418 Stephani
2225 4330 2438 4396 locum
2490 4332 2683 4416 longe
2737 4332 3070 4411 diversum
3124 4351 3271 4393 esse

696 4453 736 4494 a
780 4431 1138 4496 Theodosii
1182 4435 1516 4500 sententia.
1604 4435 1773 4499 Nam
1822 4434 1931 4498 hic
1985 4434 2304 4515 λάγβατον
2362 4432 2554 4499 affert
2608 4443 2875 4520 propter
2930 4456 3072 4499 eam
3117 4454 3269 4497 eau-

697 4554 870 4614 sam,
928 4535 1102 4619 quod
1147 4542 1182 4617 β
1235 4537 1300 4599 in
1348 4538 1514 4601 serie
1566 4535 1900 4601 literarum
1957 4536 2166 4599 locum
2222 4546 2373 4599 ante
2428 4558 2469 4613 γ
2521 4536 2789 4617 habeat,
2846 4536 3266 4601 Herodianus

695 4645 913 4699 autem
972 4659 1074 4723 ap.
1132 4636 1535 4724 Stephanum
1597 4638 1720 4703 hoo
1782 4634 2149 4722 exemplum
2215 4645 2480 4722 propter
2532 4636 2865 4701 insolitam
2929 4636 3269 4702 literarum

696 4744 775 4817 γβ
818 4741 1324 4825 composituram
1370 4750 1846 4807 commemorat.
1934 4740 2150 4824 Atque
2179 4737 2340 4803 haee
2383 4739 2543 4820 fuit,
2590 4749 2663 4803 ut
2704 4750 2879 4804 reete
2923 4759 3264 4823 perspexe-

697 4851 852 4905 runt
894 4840 1176 4909 Lobeck.
1222 4841 1309 4906 ad
1338 4842 1684 4928 Phrynich.
1729 4865 1792 4928 p.
1828 4840 1985 4921 484,
2031 4840 2266 4906 Parall.
2296 4842 2412 4923 30,
2458 4840 2847 4927 Bernhardy
2876 4839 2962 4905 ad
2994 4837 3265 4904 Suidam
