3664 5546
1499 397 1914 502 Pinarum.
2868 430 2982 476 cxx

419 585 669 664 ματίςθη
718 583 807 649 ὡς
851 583 1150 667 πενιχρά,
1207 585 1425 663 ψυχρά
1480 587 1766 662 θηλυκῶς
1809 584 1859 649 Λ
1902 581 2056 647 495;
2114 583 2193 646 τὰ
2248 583 2408 662 ὑπὲρ
2461 586 2628 661 τρεῖς
2675 585 2984 663 ςυλλαβὰς

418 687 520 752 διὰ
562 690 680 750 τοῦ
723 691 872 751 ἔ·ῖ’”ὀ“ἔ
929 686 1386 766 προφερόμενοι
1440 688 1520 765 μὴ
1575 685 1811 764 ἔχοντα
1855 687 2444 764 παραςχηματιςμὸν
2489 688 2796 767 θηλυκοῦ,
2853 685 2985 749 ἐπι-

417 793 676 852 θετικῶς
730 790 844 867 μὲν
901 789 1345 869 λαμβανόμενα
1408 789 1622 867 τρίτην
1677 787 1807 852 ἀπὸ
1863 787 2088 853 τέλους
2143 787 2312 850 θέλει
2365 786 2535 865 ἔχειν
2600 789 2715 865 τὴν
2770 786 2984 852 ὀξεῖαν

421 889 632 968 ὥςπερ
687 889 818 968 ἔχει
872 889 909 954 ὁ
967 888 1416 972 ἀμαιμάκετος,
1472 891 1900 969 περιμήκετος.
1990 888 2039 952 Ν
2087 887 2170 951 29
2224 889 2301 953 τὰ
2357 890 2461 952 διὰ
2503 893 2619 952 τοῦ
2676 893 2873 955 ςυνοξ
2931 888 2984 953 εἰ

415 993 774 1070 παράγοιτο
820 979 1187 1057 ἐπιθετικῶς
1228 991 1521 1071 ἀρςενικὰ
1565 992 1937 1070 ὑπάρχοντα
1981 991 2192 1069 μηκέτι
2238 993 2409 1055 ποιεῖ
2451 990 2609 1054 κατὰ
2651 992 2725 1056 τὸ
2754 994 2984 1055 πλεῖον

417 1098 692 1172 θηλυκοῦ
748 1094 978 1171 γένους
1030 1093 1638 1174 παραςχηματιςμόν.
1729 1093 1776 1156 Ν
1824 1091 1937 1156 391
2003 1092 2083 1156 τὰ
2138 1092 2311 1170 παρὰ
2364 1093 2442 1156 τὰ
2486 1092 2575 1156 εἰς
2618 1095 2657 1168 ἦ
2704 1093 2984 1170 λήγοντα

415 1195 656 1273 θηλυκὰ
712 1196 1118 1275 ςυντιθέμενα
1172 1196 1274 1260 καὶ
1328 1196 1416 1260 εἰς
1461 1198 1542 1272 isc
1591 1193 2043 1273 περατούμενα
2088 1192 2403 1258 ἐπιθετικὰ
2455 1193 2603 1258 τότέ
2656 1193 2981 1259 ὀξύνεςθαι

417 1297 615 1379 θέλει,
671 1296 828 1361 ὅταν
885 1296 999 1380 ἔχῃ
1055 1297 1403 1375 οὐδετέρου
1457 1296 2049 1376 παραςχηματιςμὸν
2107 1297 2209 1360 καὶ
2263 1297 2375 1375 τὴν
2431 1297 2683 1373 γενικὴν
2737 1295 2826 1359 εἰς
2870 1300 2985 1359 off

415 1398 893 1477 περατουμένην
940 1397 1246 1477 εὐτυχοῦς
1308 1399 1568 1477 εὐτυχές
1623 1399 1923 1477 εὐτυχεῖς.
2012 1396 2107 1461 Io.
2155 1395 2263 1460 Al.
2312 1397 2412 1476 17,
2457 1395 2540 1459 25
2592 1396 2814 1476 ἡμέραι
2870 1400 2983 1477 μὲν

416 1501 687 1565 ἐπὶ·τοῦ
742 1500 982 1579 χρόνου
1035 1499 1323 1583 ἡμερῶν,
1379 1501 1601 1580 ἥμεραι
1646 1502 1717 1565 δὲ
1758 1500 2013 1581 ἡμέρων
2069 1500 2435 1564 ἐπιθετικῶς
2491 1499 2858 1580 βαρυτόνως
2899 1536 2985 1546 --

414 1603 489 1666 τὸ
533 1602 766 1681 πόρναι
823 1607 1085 1680 πορνῶν
1128 1639 1214 1648 -
1264 1606 1536 1686 περιςπᾷ
1589 1604 1705 1681 τὴν
1750 1603 1914 1667 ἰδίαν
1960 1605 2212 1681 γενικὴν
2257 1601 2457 1666 καίτοι
2512 1600 2983 1681 ὁμοφωνοῦςαν

414 1711 506 1787 τῷ
551 1702 855 1786 ἀρςενικῷ
900 1705 1343 1790 βαρυνομένῳ,
1403 1705 1466 1769 οἱ
1517 1705 1748 1783 πόρνοι
1793 1711 1923 1769 τῶν
1969 1705 2232 1782 πόρνων
2275 1739 2360 1750 -
2404 1703 2542 1767 ἐπεὶ
2594 1704 2674 1782 μὴ
2729 1704 2800 1768 ἐκ
2849 1709 2982 1768 τῶν

415 1805 761 1883 ἀρςενικῶν
825 1805 903 1868 τὰ
968 1807 1208 1884 θηλυκὰ
1270 1806 1869 1885 παρεςχημὰτιςται,
1934 1805 2076 1869 ἀλλ’
2130 1805 2295 1870 ἔςτιν
2355 1805 2393 1883 ἡ
2448 1805 2667 1883 πρώτη
2732 1805 2981 1869 τούτων

415 1907 578 1972 θέςις
623 1907 723 1971 ἐπὶ
766 1913 899 1971 τῶν
945 1911 1267 1991 θηλυκῶν,
1313 1910 1414 1973 διὸ
1459 1910 1560 1972 καὶ
1607 1909 1696 1973 ὡς
1740 1909 2088 1988 μονογενὲς
2130 1906 2567 1986 περιεςπάςθη.

582 2007 774 2071 Hune
828 2006 1066 2072 librum
1123 2030 1270 2072 cum
1335 2006 1800 2095 orthographia
1862 2009 2180 2095 quaedam
2240 2007 2608 2072 eommunia
2674 2007 2982 2072 habuisse

412 2117 595 2195 patet
639 2131 720 2173 ex
774 2108 916 2194 ipso
962 2131 1002 2171 a
1044 2107 1268 2196 Steph.
1318 2120 1577 2175 servato
1631 2110 2026 2194 fragmento,
2080 2111 2148 2172 in
2195 2132 2320 2195 quo
2375 2108 2456 2173 de
2501 2110 2823 2196 scriptura
2865 2131 2983 2196 per

377 2217 467 2275 ”et
512 2210 618 2275 vel
661 2214 683 2275 ἰ
726 2232 936 2274 sermo
982 2219 1114 2288 est,
1162 2222 1475 2297 cognatus
1520 2212 1647 2276 fuit
1678 2212 1876 2276 etiam
1906 2222 2173 2298 propter
2203 2220 2537 2275 accentum
2569 2232 2714 2276 cum
2747 2211 2981 2277 Catho-

411 2310 568 2390 liea,
614 2332 806 2397 porro
851 2333 995 2375 oum
1039 2311 1208 2378 libro
1255 2317 1399 2394 περὶ
1442 2314 1781 2395 ὀνομάτων
1812 2323 1904 2378 'et
1944 2313 2127 2399 potui
2172 2335 2227 2377 e.
2274 2335 2338 2397 g.
2386 2311 2595 2378 Sehol.
2644 2311 2729 2377 ad
2776 2315 2982 2377 Arist.

413 2415 578 2477 Ran.
610 2413 733 2477 926
777 2415 1034 2492 ἄγνωτα
1063 2414 1195 2480 ἀπὸ
1238 2421 1353 2482 τοῦ
1385 2417 1700 2493 ἄγνωτος·
1746 2415 1825 2481 οὐ
1857 2417 1978 2494 γὰρ
2009 2416 2609 2494 παραςχηματίῑεται
2653 2416 2727 2479 τὸ
2765 2415 2978 2494 ἀγνώς

412 2517 501 2581 εἰς
547 2517 889 2595 οὐδέτερον
919 2518 1109 2591 γένος
1153 2517 1242 2582 ὥς
1272 2539 1462 2597 φηςιν
1493 2518 1915 2600 Ἡρωδιανὸς,
1961 2515 2136 2603 quod
2165 2516 2249 2580 ad
2283 2517 2737 2582 Onomaticum
2766 2515 2976 2597 retuli,

413 2616 562 2681 huie
606 2616 771 2682 libro
818 2617 1130 2694 tribuere,
1179 2628 1244 2682 et
1287 2617 1506 2703 attigit
1548 2619 1742 2683 etiam
1786 2616 2112 2682 interdum
2157 2616 2395 2682 librum
2439 2621 2583 2697 περὶ
2624 2624 2865 2685 παθῶν.

982 2805 1134 2869 XV.
1228 2808 1734 2888 Μονόβιβλον
1779 2807 1954 2885 περὶ
1997 2810 2134 2871 τοῦ
2178 2805 2398 2885 ὕδωρ.

583 2941 839 3019 Citatur
881 2940 988 3005 hie
1030 2941 1196 3007 liber
1239 2964 1279 3005 a
1324 2939 1555 3006 Choer.
1590 2941 1802 3007 Gaisf.
1847 2941 1970 3005 208
2018 2940 2265 3025 (Bekk.
2298 2941 2425 3005 An.
2460 2940 2681 3026 1193):
2732 2943 2898 3019 λέγει
2945 2943 2983 3007 ὁ

411 3045 805 3123 Ἡρωδιανὸς
849 3044 919 3108 ἐν
962 3050 1053 3130 τῷ
1098 3046 1243 3122 περὶ
1285 3048 1401 3109 τοῦ
1447 3044 1566 3123 ἡδὺ
1611 3044 1784 3123 ὕδωρ
1831 3045 2220 3129 μονοβίβλῳ,
2264 3043 2332 3106 in
2375 3065 2501 3130 quo
2546 3041 2735 3108 titulo
2778 3044 2977 3108 Lehr-

411 3145 549 3208 sius
596 3145 679 3208 ad
722 3143 967 3210 Herod.
1013 3167 1076 3231 p.
1122 3144 1246 3207 422
1290 3146 1409 3224 ἡδύ
1455 3168 1536 3209 ex
1579 3144 2023 3231 ‘dittographia
2074 3155 2321 3209 natum·
2355 3167 2498 3209 esse
2551 3145 2978 3232 probabiliter

411 3246 678 3311 iudicat.
767 3246 876 3311 Ad
933 3246 1209 3311 eundem
1263 3246 1501 3312 librum
1556 3248 1758 3311 refert
1811 3247 2249 3332 fragmentum
2304 3269 2403 3333 ap.
2462 3246 2691 3312 Choer.
2740 3248 2858 3312 381
2906 3248 2975 3311 in

410 3347 632 3433 Etym.
676 3347 919 3432 Magno
972 3348 1130 3430 491,
1186 3349 1268 3413 35
1323 3359 1676 3415 servatum:
1749 3351 1916 3426 λέγει
1970 3350 2007 3415 ὁ
2062 3349 2451 3429 Ἡρωδιανὸς
2507 3350 2578 3414 ἐν
2633 3356 2724 3435 τῷ
2780 3372 2973 3431 μονο-

411 3452 606 3534 βίβλῳ
651 3452 867 3516 αὐτοῦ.

1268 3564 1486 3635 XV1.‘
1542 3573 1735 3650 Περὶ
1777 3577 1915 3637 τοῦ
1967 3572 2126 3639 ζώς.

581 3705 770 3770 Hune
813 3704 1083 3786 librum,
1129 3727 1315 3790 quem
1363 3707 1671 3772 Lehrsius
1717 3717 1783 3772 et
1822 3708 2039 3793 ipsum
2090 3708 2472 3789 μονόβιβλον
2518 3704 2721 3771 fuisse
2764 3707 2969 3795 suspi-

408 3815 630 3888 catur,
675 3806 1010 3872 laudatum
1052 3829 1180 3871 uno
1226 3808 1304 3871 E.
1351 3806 1442 3870 M.
1489 3806 1630 3872 loeo
1677 3808 1830 3890 741,
1875 3808 1960 3872 52
2014 3810 2182 3886 λέγει
2238 3809 2275 3873 ὁ
2327 3811 2613 3888 τεχνικὸς
2654 3845 2739 3856 --
2782 3810 2852 3875 ἐν
2898 3818 2972 3895 τῇ

407 3911 557 3988 περὶ
611 3914 728 3974 τοῦ
781 3910 904 3975 ζώς
959 3909 1444 3990 μονοςυλλάβου
1503 3910 1716 3994 βιβλίῳ
1773 3909 2312 3994 deprehendimus
2377 3910 2657 3973 fortasse
2710 3910 2794 3974 ab
2840 3912 2971 3975 Oro

411 4014 591 4091 [nam
646 4010 713 4074 in
767 4010 894 4074 fine
950 4008 1395 4076 adnotamenti
1448 4008 1721 4094 legimus
1779 4012 1946 4086 λέγει
2005 4013 2075 4077 δὲ
2119 4010 2316 4090 Ὦρος
2372 4012 2409 4076 ὁ
2456 4013 2758 4090 Μιλήςιος
2803 4012 2971 4091 ἔχειν

406 4113 485 4177 τὸ
542 4115 564 4177 i
619 4115 1222 4193 προςγεγραμμένον
1280 4111 1399 4198 (se.
1450 4114 1525 4178 τὸ
1584 4114 1735 4198 ςῷ),
1788 4113 1899 4198 qui
1955 4111 2312 4177 Herodiani
2370 4112 2754 4176 sententiam
2812 4113 2972 4176 aeri·

407 4224 545 4292 ter,
604 4213 716 4276 sed
770 4213 1018 4277 frustra
1069 4213 1488 4300 impugnasse
1541 4213 1802 4278 videtur
1847 4215 1962 4300 (ef.
2008 4212 2282 4278 Ritschl.
2341 4213 2422 4277 de
2467 4213 2579 4278 Or.
2637 4226 2702 4279 et
2746 4214 2970 4277 Orion.

405 4338 471 4399 p.
504 4312 666 4400 49)].
726 4313 834 4378 Ad
880 4314 1153 4378 eundem
1185 4312 1425 4379 librum
1454 4314 1727 4381 Lehrsio
1773 4315 2095 4401 respicere
2126 4315 2383 4379 videtur
2415 4313 2658 4379 Herod.
2695 4315 2759 4377 in
2792 4315 2969 4379 Mon.

404 4418 523 4492 41,
571 4417 683 4497 34,
729 4416 839 4491 ubi
887 4416 1047 4480 dicit
1090 4418 1168 4481 τὰ
1212 4419 1282 4482 δὲ
1326 4417 1494 4482 αἴτια
1539 4419 1657 4503 (se.
1708 4439 1822 4481 cur
1865 4419 2046 4503 ζόος,
2092 4418 2270 4501 ςόος,
2329 4419 2442 4490 sed
2495 4419 2648 4482 θοός
2692 4438 2969 4503 pronun-

406 4515 647 4603 cietur)
692 4518 942 4583 τούτων
988 4519 1071 4584 ἐν
1119 4519 1422 4598 ἑτέροις
1468 4523 1800 4599 δηλοῦμεν.

579 4755 656 4819 In
700 4754 864 4820 serie
906 4756 1191 4842 partium
1237 4756 1548 4821 orationis
1593 4754 1677 4820 ab
1707 4755 2079 4821 Herodiano
2121 4756 2367 4844 pariter
2409 4766 2603 4842 atque
2646 4755 2730 4820 ab
2770 4754 2970 4842 Apol-

405 4854 584 4921 lonio
627 4866 888 4945 recepta
930 4880 1164 4923 nomen
1207 4858 1453 4944 excipit
1495 4857 1800 4944 verbum,
1848 4858 2029 4923 cuius
2076 4859 2471 4942 doctrinam,
2525 4857 2694 4923 sieut
2735 4880 2968 4925 nomen
