3664 5546
687 353 814 415 448
1626 351 1707 406 ΕΚ
1749 351 1891 406 ΤΩΝ
1933 352 2344 406 ΗΡΩΔΙΑΝΟΥ

687 525 857 586 ξατο.
945 520 1105 598 παρ’
1149 519 1342 585 ἐνίοις
1384 522 1456 585 δὲ
1504 521 1857 601 βαρύνεται.
1931 523 2007 586 τὸ
2052 524 2124 586 δὲ
2169 522 2320 586 ἕλω
2364 522 2805 599 δαςυνόμενον
2857 521 3286 586 ύποτακτικόν

687 622 811 686 ἐςτι
857 626 973 686 τοῦ
1019 620 1215 686 εἶλον.
1308 622 1383 686 τὸ
1439 623 1511 686 δὲ
1564 626 1762 686 τελῶ
1818 623 1948 700 ἔχει
2003 624 2081 687 τὸ
2124 623 2313 688 τέλος
2369 623 2593 701 ὄνομα.
2681 624 2759 687 τὸ
2819 623 3038 700 μέντοι
3083 623 3287 702 βέλω

687 721 819 788 ἀπὸ
863 723 1056 802 μέςου
1100 722 1494 806 ἀρχόμενον,
1539 723 1691 787 ὅθεν
1740 724 1927 803 βέλος
1973 723 2238 805 βέλεμος
2283 725 2385 787 καὶ
2427 726 2813 806 πλεοναςμῷ
2860 727 2978 787 τοῦ
3022 727 3061 787 V
3109 724 3286 803 βέλε-

687 844 881 906 μνον,
929 824 1046 888 οὐκ
1090 825 1257 890 ἔςτιν
1303 825 1373 888 ἐν
1417 825 1645 903 χρήςει.

625 936 658 984 5
858 926 953 990 Τὰ
1007 925 1095 990 εἰς
1146 913 1249 990 Tri]
1304 927 1542 1004 ἔχοντα
1595 928 1711 1004 τὴν
1771 927 1901 1004 πρὸ
1960 927 2188 991 τέλους
2243 928 2560 1007 ςυλλαβὴν
2617 926 2707 991 εἰς
2752 931 3016 1006 φωνῆεν
3059 928 3099 1005 ἢ
3143 949 3288 1006 φω-

686 1026 921 1104 νήεντα
952 1026 1270 1104 λήγουςαν
1300 1030 1707 1111 περιςπᾶται,
1740 1028 2230 1110 ὑπεςταλμένων
2261 1033 2395 1092 τῶν
2428 1027 2717 1106 ἐχόντων
2756 1030 2872 1107 τήν
2901 1033 2986 1093 δῦ
3015 1028 3287 1109 δίφθογ-

684 1148 808 1203 γον
838 1128 877 1206 ἢ
907 1128 983 1192 τὸ
1016 1131 1047 1192 ἒ
1077 1128 1147 1192 ἐν
1179 1128 1568 1213 διςυλλάβῳ,
1613 1129 2147 1213 καλῶ-,’χαλῶ,
2193 1133 2433 1211 ζηλῶ,
2480 1132 2726 1212 δηλῶ,
2772 1129 3017 1213 αὐλῶ,
3062 1132 3288 1194 πολῶ

685 1229 760 1292 τὸ
825 1228 1333 1312 ἀναςτρέφομαι,
1401 1233 1671 1312 πωλῶ,
1738 1229 2077 1313 ἀπειλῶ,
2149 1234 2553 1315 βουκολῶ,
2618 1231 2917 1314 ἀμελῶ,
2979 1232 3284 1311 ὠφελῶ.

686 1331 1085 1410 ςεςημείωται
1129 1332 1205 1396 τὸ
1250 1331 1494 1396 ἐθέλω
1538 1331 2005 1412 καὶ“ὀφείλω.
2048 1406 2070 1428 x

588 1440 653 1490 ιο
860 1454 897 1490 κ-
941 1432 1036 1497 Τὰ
1081 1432 1186 1497 διὰ
1239 1435 1355 1497 τοῦ
1396 1421 1495 1497 ’λῶ
1562 1432 1723 1512 ὑπὲρ
1792 1433 1913 1498 δύο
1982 1434 2296 1514 ςυλλαβὰς
2355 1441 2447 1519 τῷ
2514 1437 2546 1498 ἒ
2602 1435 3133 1516 παραληγόμενα,
3199 1435 3286 1513 μὴ

687 1532 924 1612 ἔχοντα
968 1533 1191 1611 ἕτερον
1246 1521 1283 1598 λ
1326 1535 1822 1614 προηγούμενον
1870 1538 2243 1613 περιςπᾶται
2301 1534 2446 1601 οἷον
2494 1536 2814 1619 ὠφελῶ,
2859 1536 3136 1614 ἀμελῶ.
3204 1537 3285 1599 τό

687 1636 758 1698 δὲ
803 1635 1047 1699 ἐθέλω
1094 1634 1447 1715 βαρύνεται.
1504 1636 1886 1713 παράλογον
1931 1635 2051 1700 οὖν
2096 1637 2172 1701 τὸ
2208 1637 2410 1701 ἐθέλω
2439 1640 2600 1703 κατὰ
2629 1639 2827 1703 τόνον
2860 1637 3286 1716 τριςύλλαβον

686 1734 781 1800 ὄν.
871 1735 947 1799 τὸ
1005 1737 1076 1799 δὲ
1129 1735 1298 1800 θέλω
1354 1736 1736 1816 διςύλλαβον
1791 1739 1951 1802 κατὰ
2006 1742 2204 1803 τοῦτο
2260 1739 2760 1818 ἀναλογώτερόν
2817 1740 2957 1804 ἐςτι.
3046 1738 3286 1818 ἔχομεν

686 1836 809 1915 γάρ
852 1857 995 1901 τινα
1040 1831 1385 1918 διὲύλλαβα
1431 1838 1863 1920 βαρυνόμενα,
1910 1839 2115 1921 μέλω,
2163 1839 2326 1922 ἕλω,
2372 1841 2556 1905 κέλω.
2646 1843 2861 1921 μηδεὶς
2914 1843 2987 1906 δὲ
3033 1840 3286 1920 οἰέςθω,

588 1946 647 1996 15
683 1938 779 2002 ὅτι
833 1939 909 2002 τὸ
964 1937 1167 2002 ἐθέλω
1224 1938 1294 2003 ἐκ
1348 1943 1466 2004 τοῦ
1523 1939 1691 2003 θέλω
1746 1938 1874 2003 ἐςτὶ
1928 1940 2087 2004 κατὰ
2152 1943 2558 2022 πλεοναςμόν
2611 1947 2731 2007 τοῦ
2787 1942 2834 2005 ἒ.
2924 1943 2999 2007 τὸ
3060 1943 3186 2020 γὰρ
3237 1945 3284 2005 ἐ’

687 2039 791 2104 ἐπὶ
835 2040 1159 2120 φωνήεντι
1204 2040 1450 2121 πέφυκε
1495 2040 1948 2106 πλεονάζεςθαι
1997 2041 2086 2105 ὡς
2131 2043 2206 2107 τὸ
2252 2042 2439 2108 εἶπας
2484 2043 2733 2126 ἔειπας,
2780 2044 2884 2107 ἐπὶ
2928 2044 3287 2122 ςυμφώνου

687 2143 760 2205 δὲ
805 2140 884 2206 ού
928 2129 1364 2208 πλεονάῒεται.
1450 2144 1527 2207 τὸ
1583 2142 1654 2206 δὲ
1709 2142 1879 2224 θέλω
1937 2145 2115 2207 δοκεῖ
2169 2143 2238 2207 ἐκ
2291 2149 2409 2209 τοῦ
2464 2131 2666 2220 ἐθέλω
2711 2144 2904 2210 εἶναι·
2958 2145 3035 2209 τὸ
3079 2145 3205 2222 γὰρ
3249 2148 3289 2208 ἒ

685 2243 760 2307 τὸ
818 2244 973 2322 μετὰ
1029 2244 1378 2324 ςυμφώνου
1444 2242 1737 2322 ὑπάρχον
1799 2244 2047 2324 πέφυκε
2104 2246 2415 2311 πολλάκις
2475 2247 2975 2328 ἀποβάλλεςθαι,
3043 2245 3136 2309 ὡς
3205 2246 3286 2309 τὸ

685 2343 813 2424 ἔφη
858 2347 982 2426 φῆ,
1028 2343 1140 2424 ἔβη
1189 2348 1281 2423 βῆ.
1369 2345 1472 2409 καὶ
1516 2347 1614 2409 δεῖ
1655 2345 2019 2428 γινώςκειν,
2064 2347 2160 2412 ὅτι
2207 2347 2309 2412 ἀεὶ
2350 2348 2427 2411 τὸ
2471 2349 2892 2428 τριςύλλαβον
2932 2346 3286 2425 εύρίςκεται

585 2453 652 2504 20
686 2444 862 2523 παρὰ
905 2450 996 2530 τῷ
1043 2452 1275 2530 ποιητῇ
1322 2445 1539 2510 ἐθέλω.
1627 2445 1846 2526 ἀμέλει
1892 2447 1962 2512 ἐν
2006 2453 2099 2532 τῷ

1218 2547 1371 2627 μήτε
1418 2547 1490 2611 ςὺ
1533 2547 1816 2627 Πηλείδη
1863 2548 1996 2613 θέλ’
2040 2549 2386 2629 ἐριζέμεναι
2432 2552 2510 2633 (Α
2553 2550 2708 2632 277)

686 2649 987 2727 δηλονότι
1041 2648 1251 2727 κράςει
1286 2649 1555 2725 ἐγένετο
1611 2643 1728 2714 τοῦ
1782 2654 1821 2727 ἦ
1878 2652 1982 2714 καὶ
2024 2653 2056 2713 ἒ
2101 2651 2189 2715 εἰς
2232 2653 2288 2729 ἦ.
2332 2687 2418 2700 -
2459 2653 2820 2732 πρόςκειται
2874 2654 2996 2732 «μὴ
3042 2652 3290 2732 ἔχοντα

685 2750 908 2830 ἕτερον
958 2737 996 2816 λ
1042 2751 1578 2832 προηγούμενον»
1627 2751 1732 2816 διὰ
1775 2752 1851 2816 τὸ
1896 2751 2319 2819 ἀνατέλλω.

854 2853 948 2917 Τὰ
1004 2852 1092 2917 εἰς
1141 2840 1243 2917 'sas'
1288 2853 1430 2933 μετ’
1473 2852 1823 2932 ἐπιπλοκῆς
1869 2856 2218 2935 ςυμφώνου
2263 2859 2670 2935 περιςπᾶταιι
2712 2872 2766 2934 εἰ
2803 2858 2876 2922 δέ
2910 2879 2967 2922 τι
3015 2862 3284 2939 βεβαρυ-

582 2965 648 3014 25
682 2953 972 3038 τόνηται,
1026 2958 1223 3019 τοῦτο
1276 2955 1485 3019 πάθος
1539 2954 1670 3032 ἔχει
1716 2955 1779 3022 ἐξ
1832 2955 2279 3036 ἐντελεςτέρου
2335 2961 2451 3021 τοῦ
2497 2957 2586 3023 εἰς
2640 2949 2740 3024 λῶ
2782 2960 3283 3041 καθαρεύοντος,

685 3054 939 3138 ἁπλῶ,
985 3058 1264 3139 διπλῶ,
1309 3059 1644 3139 τριπλῶ,
1690 3060 2041 3140 πιμπλῶ,
2086 3061 2377 3142 κυκλῶ,
2422 3058 2702 3125 ἀντλῶ.
2788 3065 2987 3125 ταῦτα
3041 3060 3145 3124 καὶ
3197 3061 3285 3124 τὰ

686 3156 878 3236 ὅμοια
920 3163 1370 3235 περιςπῶνται.
1439 3156 1516 3221 τὸ
1562 3156 1778 3236 μέντοι
1823 3158 2046 3238 ὄφλω
2093 3160 2430 3239 βαρύνεται
2476 3161 2545 3226 ἐκ
2575 3165 2694 3226 τοῦ
2737 3161 3016 3246 ὀφείλω,
3063 3161 3282 3240 ὥςπερ

684 3257 787 3322 καὶ
829 3258 905 3322 τὸ
950 3258 1116 3322 κέλω
1160 3258 1411 3322 κέκλω
1456 3259 1558 3321 καὶ
1603 3259 1774 3337 μέλω
1819 3259 2149 3340 μέμβλω.

684 3562 720 3617 1.
754 3566 774 3611 1
816 3560 959 3626 παρ’
982 3559 1148 3613 ἐνίοις
1174 3560 1235 3613 δέ
1266 3561 1563 3628 βαρύνεται
1589 3567 1821 3630 apposui
1846 3582 1912 3616 ox
1938 3567 2083 3616 Mon.
2108 3569 2194 3625 22,
2221 3568 2287 3618 29
2321 3566 2392 3618 τὸ
2430 3566 2652 3618 ἐλαύνω
2679 3567 2832 3633 παρὰ
2865 3568 2936 3619 τὸ
2967 3567 3081 3619 ἔλω
3110 3566 3280 3631 βαρύ-

684 3643 857 3680 τονον
902 3629 1045 3693 παρ’
1089 3628 1282 3694 ἐνίοις,
1330 3630 1362 3681 ὃ
1408 3632 1499 3682 καὶ
1544 3632 1686 3696 παρ’
1730 3631 1921 3684 ἄλλοις
1968 3636 2304 3698 περιςπᾶται
2358 3636 2429 3686 cf.
2477 3636 2698 3686 Lehrsii
2750 3637 3163 3687 adnotationem
3220 3642 3284 3686 et

686 3698 822 3747 Lob.
868 3698 1058 3747 Rhem.
1113 3701 1223 3748 125.
1268 3725 1333 3735 -
1376 3698 1447 3749 τὸ
1492 3698 1553 3750 δέ
1601 3698 1715 3750 ἕλω
1760 3699 2143 3763 δαςυνὸμενον
2173 3729 2254 3767 ⁷-
2301 3700 2457 3753 εἷλον
2503 3704 2710 3754 inserui
2757 3710 2980 3770 propter
3024 3704 3280 3767 Theogn.

688 3763 724 3816 1.
759 3780 804 3813 c.
840 3763 954 3814 ελω
990 3763 1059 3815 τό
1093 3779 1158 3816 τε
1195 3765 1542 3830 ψιλούμενον
1578 3767 1670 3817 καὶ
1705 3767 2087 3831 δαςυνόμενον
2124 3770 2325 3821 collato
2361 3771 2559 3821 Arcad.
2597 3774 2721 3834 149,
2763 3776 2824 3823 18
2869 3771 2939 3822 τὸ
2975 3770 3082 3834 γὰρ
3118 3769 3282 3832 λάβω

686 3830 1069 3882 ὑποτακτικὸν
1105 3832 1219 3884 ἐςτι
1254 3836 1357 3884 τοῦ
1396 3832 1614 3897 ἔλαβον.
1682 3834 1752 3886 τὸ
1790 3834 1983 3899 μέντοι
2009 3835 2157 3899 βέλω
2195 3838 2253 3887 in
2277 3838 2384 3888 fine
2410 3839 2586 3888 adieci
2612 3845 2838 3904 propter
2858 3840 3080 3889 Arcadii
3106 3839 3283 3887 verba.

687 3898 761 3962 μὴ
800 3898 993 3961 μέςου;
1031 3902 1259 3951 verbum
1297 3899 1444 3963 βέλω
1482 3907 1665 3969 sutem
1703 3906 1995 3968 supposuit
2030 3905 2235 3955 Herod.
2272 3907 2328 3954 in
2366 3905 2508 3956 libro
2546 3907 2675 3970 περὶ
2713 3908 2917 3957 παθῶν
2963 3906 3033 3956 ad
3077 3920 3281 3970 propa·

687 3967 927 4031 gundum
965 3966 1126 4030 βέλος
1166 3966 1398 4031 βέλεμος
1436 3967 1515 4020 ὡς
1552 3968 1666 4033 ἔχω
1702 3968 1935 4034 Ἔχεμος
1971 3973 2028 4021 in
2068 3974 2127 4022 Ε.
2151 3974 2225 4022 Μ.
2255 3976 2370 4036 194,
2405 3977 2497 4034 32,
2537 3974 2864 4040 Lobeckius
2889 3973 3140 4032 Rhemat.
3179 3975 3283 4022 110

685 4035 1057 4085 Herodianum
1094 4037 1161 4085 de
1205 4036 1408 4086 ficticio
1455 4035 1603 4087 δέλω
1652 4036 1723 4088 τὸ
1766 4037 2012 4092 δελεάζω
2058 4041 2118 4089 in
2155 4042 2216 4090 E.
2253 4041 2325 4089 Μ.
2366 4043 2493 4102 254,
2531 4044 2596 4091 52
2640 4042 2888 4106 cogitare
2933 4041 3124 4100 sumit3
3174 4040 3281 4088 sed

685 4100 834 4164 βέλω
860 4103 1100 4169 praetuli
1126 4109 1189 4154 ut
1214 4104 1283 4154 ab
1318 4106 1441 4169 ipso
1469 4105 1785 4156 Herodiano
1822 4107 2149 4172 profectum.
2255 4108 2290 4157 l.
2317 4112 2348 4159 9
2386 4106 2566 4159 ἐθέλω
2603 4124 2702 4173 pro
2740 4107 2890 4159 θέλω
2929 4106 3280 4158 scribendum

685 4186 806 4220 csse
845 4186 1020 4222 canon
1057 4170 1286 4221 indicat.
1427 4173 1463 4221 Ι.
1504 4176 1568 4223 10
1604 4172 1749 4223 hunc
1784 4190 2054 4224 canonem
2092 4176 2275 4240 recepi
2312 4192 2378 4225 ex
2415 4177 2479 4229 E.
2517 4178 2589 4226 M.
2627 4177 2745 4240 318,
2783 4179 2865 4235 32,
2907 4190 3065 4240 quem
3103 4175 3282 4224 Hero-

686 4238 942 4288 disneum
981 4254 1104 4289 esse
1133 4239 1477 4290 demonstrat
1521 4242 1886 4305 congruentia
1922 4258 2042 4293 cum
2077 4243 2142 4293 11.
2181 4243 2336 4293 Pros.
2371 4243 2414 4295 Α
2448 4246 2576 4307 277,
2615 4245 2710 4294 ubi
2744 4242 2814 4293 τὸ
2852 4242 3002 4308 ῥῆμα
3038 4240 3278 4307 (ἐθέλω)

683 4306 805 4355 τῶν
843 4304 1188 4370 παραλόγων
1225 4305 1369 4357 κατὰ
1402 4306 1578 4357 τόνον
1614 4307 1728 4360 ἐςτί
1764 4308 2132 4373 τριςύλλαβον
2168 4308 2263 4373 ὄν,
2312 4309 2391 4361 ὡς
2427 4309 2708 4362 δείκνυται
2757 4308 2820 4361 ἐν
2855 4313 2974 4361 τοῖς
3011 4309 3140 4372 περὶ
3175 4308 3281 4373 ρη-

685 4371 908 4438 μάτων,
961 4374 1087 4423 hinc
1123 4374 1157 4423 1.
1197 4378 1257 4424 12
1303 4390 1402 4439 pro
1447 4376 1512 4424 E.
1544 4378 1618 4426 M.
1655 4377 1865 4428 verbis:
1920 4378 2130 4429 τούτου
2175 4376 2334 4442 χάριν
2378 4377 2449 4428 τὸ
2490 4376 2640 4430 θέλω
2682 4376 3119 4441 ἀναλογώτερον
3165 4379 3280 4427 τοῦ

683 4439 881 4492 ἐθέλω.
952 4440 1156 4506 ἔχομεν
1190 4441 1297 4508 γὰρ
1334 4444 1561 4509 scripsi,
1609 4459 1750 4508 quae
1795 4447 1974 4510 posui.
2044 4447 2110 4495 In
2154 4447 2340 4496 verbis
2373 4446 2438 4495 Ε.
2473 4446 2549 4498 Μ.
2585 4445 2833 4511 alioquin
2879 4446 3015 4495 nihil
3061 4445 3282 4494 mutavi

686 4516 1072 4575 praeterquam
1120 4510 1264 4575 quod
1310 4510 1531 4575 singula
1576 4512 1870 4562 enunciata
1917 4512 1997 4563 ita
2044 4529 2330 4579 ponerem,
2387 4521 2450 4563 ut
2493 4514 2804 4563 sententiae
2860 4514 3093 4562 maxime
3140 4518 3280 4576 apte

684 4577 994 4629 videbatur.
1138 4579 1173 4628 Ι.
1210 4580 1278 4629 28
1313 4579 1509 4643 scripsi
1544 4594 1642 4643 pro
1680 4576 1880 4643 μέλπω
1919 4579 2175 4644 μέμβλω,
2216 4597 2322 4645 quo
2359 4581 2426 4631 de
2464 4580 2580 4629 dixi
2615 4581 2686 4631 sd
2713 4583 2938 4631 Lascar.
2963 4596 3016 4644 p.
3044 4581 3160 4640 172,
3186 4582 3280 4629 31.

684 4643 871 4695 κέκλω
910 4644 1111 4695 Herod.
1148 4647 1277 4710 περὶ
1314 4646 1546 4710 παθῶν,
1583 4647 1647 4699 Ε.
1685 4649 1758 4698 Μ.
1797 4652 1917 4712 500,
1952 4651 2014 4699 31
2054 4650 2134 4699 sic
2171 4649 2420 4714 expedit:
2470 4645 2520 4698 εἰ
2564 4646 2717 4711 παρὰ
2758 4648 2830 4697 τὸ
2875 4646 3025 4699 κέλω
3062 4645 3281 4708 λαμβά-

684 4725 841 4763 νεται
878 4711 1164 4778 (κέκλετο)
1202 4713 1554 4776 πλεοναςμός
1590 4711 1703 4765 ἐςτι
1726 4717 1831 4766 τοῦ
1869 4718 1927 4779 κ’,
1965 4717 2031 4765 de
2067 4715 2296 4779 μέμβλω
2325 4716 2579 4769 Eustath.
2610 4719 2757 4778 1722,
2781 4719 2848 4766 63
2884 4714 3036 4779 μέλω
3073 4713 3280 4777 μέμλω

685 4796 775 4845 καί
814 4798 1152 4862 πλεοναςμῷ
1190 4798 1368 4862 ἤγουν
1405 4799 1731 4861 παρενθέςει
1767 4802 1799 4863 β
1838 4798 2079 4863 μέμβλω.
2118 4802 2191 4851 cf.
2228 4801 2366 4850 Lob.
2405 4799 2596 4850 Rhem.
2635 4802 2747 4850 111.
