3664 5546
1183 341 1342 397 ΠΕΡΙ
1384 340 1775 396 ΚΑΘΟΛΙΚΗ(
1813 339 2237 395 ΠΡΟΕΩιΔΙΑ(
2275 340 2328 394 Ε.
2915 338 3037 403 113

619 535 655 570 ³⁶
704 512 799 577 Τὰ
853 511 941 577 εἰς
985 515 1117 576 'offic
1160 512 1702 592 ὑπερτριςύλλαβα
1744 511 2300 591 προπαροξύνεται
2352 508 2497 575 οἷον
2543 509 3036 591 Ἀμφιάραος,

455 612 898 697 Μενέλαοξς·
942 614 1072 681 ἔςτι
1117 616 1218 680 καὶ
1258 615 1443 680 πόλις
1472 614 1821 692 Αἰγύπτου·
1872 613 2171 694 (τράβων
2203 612 2698 695 ἑπτακαιδεκάτῃ
2737 611 2831 698 (p.
2864 610 3035 697 803).

453 715 855 796 Οἰνόμαος
899 715 1036 781 υἱὸς
1080 715 1374 797 Ἁρπίνης
1418 720 1530 796 τῆς
1574 718 1864 782 Ἀςωποῦ
1909 717 2013 780 καὶ
2056 717 2297 795 Ἄρεος.

620 819 715 883 Τὰ
760 819 865 884 διὰ
904 822 1021 883 τοῦ
1056 805 1214 884 λἐἶξ
1266 820 1648 900 τριςύλλαβα
1702 819 1878 884 ἁπλᾶ
1939 810 2258 900 ὀξύνεται,
2323 819 2404 897 μὴ
2461 816 2620 882 ὄντα
2674 817 2926 896 κτητικὰ
2993 817 3033 895 ἢ

453 921 780 1002 διαφόρως
823 921 1185 1001 τονούμενα
1230 921 1392 999 πρὸς
1439 921 1761 1002 διάφορον
1803 920 2131 1002 ςημαςίαν,
2178 919 2433 984 εἰλεός
2478 920 2515 999 ἡ
2563 917 2892 984 κατάδυςις
2937 919 3038 983 καὶ
3065 930 3097 979 5

450 1024 489 1103 ἡ
535 1023 724 1088 νόςος
767 1024 871 1087 καὶ
913 1023 952 1101 ἡ
997 1024 1321 1103 μαγειρικὴ
1365 1021 1676 1107 τράπεζα,
1736 1022 2082 1105 φωλεός,
2138 1020 2452 1105 κολεός,
2501 1022 2845 1104 Μαλεός,
2902 1040 3036 1097 γα-

452 1125 634 1189 λεός
680 1125 718 1189 ὁ
763 1124 1225 1205 ἀςκαλαβώτης.
1287 1125 1628 1190 Φιλύλλιος
1671 1124 1849 1201 Αἰγεῖ
1893 1124 1970 1189 «ὁ
2015 1123 2282 1189 πάππος
2325 1122 2406 1202 ἦν
2452 1145 2557 1203 μοι
2587 1125 2819 1199 γαλεὸς
2863 1122 3046 1188 ἀςτε-’

451 1227 628 1304 piac»
675 1228 778 1291 καὶ
820 1228 1174 1306 Ἄρχιππος
1219 1227 1475 1306 Ἰχθύςιν
1523 1228 1620 1292 «τί
1664 1228 1869 1303 λέγεις
1915 1226 2015 1300 ςύ;
2062 1226 2315 1305 μάντεις
2359 1224 2472 1290 εἰςὶ
2512 1225 2636 1303 γὰρ
2682 1225 3035 1301 θαλάττιοι;

448 1328 669 1403 γαλεοί
724 1348 797 1403 γε
854 1327 1118 1393 πάντων
1174 1328 1466 1409 μάντεων
1514 1328 1943 1410 ςοφώτατοι».
2033 1326 2268 1392 ἀλεός
2321 1328 2424 1392 καὶ
2468 1327 2729 1392 Ἀλεός
2774 1327 2812 1392 ὁ
2856 1328 3036 1392 πολί-

448 1451 558 1507 της
596 1430 814 1495 Ἀλέας
845 1429 1214 1512 ὁμοφώνως
1243 1437 1335 1511 τῶ
1379 1430 1646 1515 οἰκιςτῇ,
1689 1431 2007 1495 παλεός.
2057 1428 2375 1512 Κελεός,
2404 1429 2738 1512 Πελεός,
2785 1429 3039 1494 Ἐλεός
3077 1437 3143 1489 10

449 1532 520 1596 δὲ
563 1532 639 1596 τὸ
686 1531 907 1611 κύριον
952 1533 1054 1597 καὶ
1098 1533 1422 1615 ἐπίθετον,
1468 1531 1696 1597 ἔλεος
1742 1533 1814 1596 δὲ
1858 1533 1935 1598 τὸ
1981 1531 2467 1611 προςηγορικόν.
2522 1532 2597 1596 τὸ
2643 1532 2714 1595 δὲ
2759 1531 3039 1612 μέλεος

449 1633 752 1698 ςύνθετόν
811 1634 952 1699 ἐςτι.
1040 1635 1115 1700 τὸ
1172 1637 1244 1699 δὲ
1299 1635 1570 1700 τέλεος
1628 1635 1730 1699 καὶ
1784 1634 2066 1715 κήλεος
2123 1634 2283 1698 κατὰ
2338 1632 2545 1698 πάθος
2600 1632 2731 1698 ἀπὸ
2797 1634 3039 1698 τέλειος

448 1735 551 1799 καί
593 1736 846 1814 κήλειος
894 1736 1163 1815 κτητικά.

613 1858 652 1893 «r
700 1837 794 1901 Τὰ
838 1836 926 1902 εἰς
967 1839 1120 1903 foc
1152 1838 1313 1918 ὑπὲρ
1345 1838 1471 1904 δύο
1497 1839 1810 1919 ςυλλαβὰς
1854 1837 2178 1921 ὀξύνεται,
2225 1836 2401 1902 ἐνεό
2417 1857 2478 1919 ς,
2523 1836 2823 1902 Φενεός
2864 1835 3038 1916 ἥρως

448 1939 550 2003 καὶ
592 1938 780 2004 πόλις
825 1939 1179 2018 Ἀρκαδίας·
1228 1941 1335 2006 «οἳ
1377 1939 1621 2006 Φενεόν
1668 1941 1738 2005 τ’
1782 1939 2093 2020 ἐνέμοντο
2137 1940 2240 2003 καὶ
2284 1938 2719 2020 Ὀρχομενόν«
2766 1940 2843 2021 (Β
2865 1937 3036 2020 605).
3077 1948 3140 1998 15
3230 2014 3234 2021 ¹

448 2041 696 2117 λέγεται
760 2041 864 2105 καί
935 2041 1279 2122 άρςενικῶς
1350 2045 1454 2108 καὶ
1525 2046 1828 2122 θηλυκῶς.
1937 2042 2242 2125 κενεός,
2307 2040 2635 2124 ἀφνεός,
2702 2040 3039 2106 Ἐλινεός

447 2141 658 2222 ὄνομα
703 2142 949 2209 ἔθνους.
1040 2144 1381 2224 Ἐρινεός
1438 2145 1626 2210 πόλις
1669 2144 1987 2223 Δωριέων
2043 2142 2173 2207 ὑπὸ
2218 2143 2334 2207 τὸν
2378 2141 2774 2221 Παρναςςόν.
2862 2143 3038 2218 λέγε-

446 2264 547 2308 ται
590 2245 695 2309 καὶ
739 2244 1078 2331 Ἐρινειός.,
1098 2245 1226 2311 ἔςτι
1271 2247 1374 2310 καὶ
1417 2246 1760 2311 Θετταλίας
1804 2244 1968 2323 ἄλλη
2013 2244 2116 2309 καί
2146 2245 2414 2323 Ἀχαΐας.
2472 2244 2549 2309 τὸ
2595 2244 2666 2308 δὲ
2713 2244 3037 2329 λαῖνεος

446 2346 548 2410 καὶ
592 2345 963 2412 ἐλαῖνεος
1007 2347 1165 2411 κατὰ
1208 2349 1615 2427 πλεοναςμόν
1669 2351 1787 2412 τοῦ
1831 2350 1866 2412 ἒ
1921 2346 1991 2411 ἐκ
2032 2350 2150 2411 τοῦ
2207 2345 2428 2411 λάϊνος
2473 2346 2573 2410 καὶ
2618 2344 2888 2409 ἐλάϊνος.
2931 2346 3036 2434 ,τὸ

447 2449 518 2512 δὲ
561 2448 903 2513 κυάνεος
945 2449 1236 2527 κτητικὸν
1281 2448 1617 2529 ἀποβολὴν
1674 2448 1873 2514 ἔπαθε
1903 2452 2020 2513 τοῦ
2051 2451 2084 2512 ἶ
2114 2446 2244 2524 ἀπὸ
2275 2451 2392 2512 τοῦ
2423 2446 2717 2511 κυάνειος
2747 2448 3034 2522 γεγονός.
3071 2457 3140 2507 20

613 2569 650 2604 ³⁶
698 2549 792 2613 Τὰ
835 2548 924 2614 εἰς
968 2553 1052 2613 b‘c'
1107 2550 1392 2628 λήγοντα
1445 2550 1732 2629 ὀνόματα
1784 2550 1961 2629 παρὰ
2018 2548 2184 2630 ῥῆμα
2237 2550 2543 2629 γινόμενα
2598 2549 3036 2627 καθαρεύοντα

447 2653 548 2716 καὶ
601 2657 692 2735 τῷ
736 2653 772 2714 ἐ’
825 2651 1325 2731 παραληγόμενα
1381 2652 1708 2720 ὀξύνεςθαι
1766 2653 1969 2734 θέλει,
2037 2651 2353 2734 φωλεύω,
2409 2650 2759 2734 φωλεός,
2823 2648 3035 2729 ὀχεύω

445 2753 678 2833 ὀχεός
723 2754 826 2819 καὶ
870 2753 940 2819 ἐν
985 2757 1365 2839 πλεοναςμῶ
1408 2757 1527 2820 τοῦ
1571 2758 1605 2819 Ξ
1648 2753 1948 2834 ὀςχεός.
2022 2753 2125 2818 καὶ
2168 2753 2342 2832 παρὰ
2387 2753 2647 2831 ςωρεύω
2692 2753 2762 2818 δὲ
2808 2752 2846 2817 ὁ
2892 2775 3032 2818 ςω-

445 2857 641 2935 ρεός.
728 2857 803 2922 τὸ
851 2857 921 2921 δὲ
970 2857 1175 2936 ςωρός
1218 2858 1376 2922 κατὰ
1421 2857 1744 2935 ςυγκοπὴν
1801 2856 2191 2922 ἀπετελεῑτο.
2279 2856 2383 2920 καὶ
2433 2856 2608 2934 παρὰ
2658 2856 2733 2921 τὸ
2781 2858 3033 2935 λοχεύω

455 3031 513 3038 ..-
636 3030 841 3037 -ffi——ffl-

445 3144 769 3209 ἐκβάλλουςι
804 3144 874 3196 τὸ
909 3141 943 3195 ἶ
979 3142 1104 3197 οἷον
1141 3144 1383 3212 Θηβαῖος
1420 3144 1669 3211 Θήβαος,
1708 3143 1935 3211 ἀρχαῖος
1971 3142 2205 3210 ἄρχαος,
2245 3142 2499 3196 Ἀλκαῖος
2524 3142 2793 3208 Ἀλκαος,
2833 3145 3032 3209 quibus

445 3214 706 3296 exeuiplis
732 3231 799 3264 cx
823 3215 1079 3267 Eustath.
1104 3218 1186 3272 28,
1213 3217 1277 3265 32
1304 3216 1590 3278 (Favorin.
1612 3217 1726 3278 131,
1751 3214 1836 3278 12)
1863 3220 2215 3265 accesserunt
2239 3211 2461 3331 πάλαοιὲ
2480 3211 2685 3276 Ἀχαος
2714 3214 2786 3265 cf.
2815 3213 3029 3263 Abi-ens

440 3282 1076 3415 ἒέςᾶᾷῗέὲῶοξέρῇὲῖῗ·
1113 3284 1211 3401 ,ἒέῗ
1248 3281 1807 3414 ἓέἓῗὲξ.ῗ“ἕ.ἓέξίοῗ·
1834 3280 2395 3414 ἒὲρῧῖἰὲθέξεὶἷίἱ·
2439 3280 3028 3416 «ῖνξῖἓλέῗξὲῖἰέέὲᾙ

443 3416 696 3481 Δαναός,
734 3416 922 3469 ἀλαός.
970 3420 1264 3469 Caeterum
1300 3419 1452 3470 nulla
1490 3423 1577 3469 cst
1601 3434 1797 3481 causa,
1839 3434 1935 3468 cur
1972 3433 2093 3467 cnm
2118 3417 2420 3483 Schmidtiq
2458 3418 2529 3467 ad
2564 3416 2737 3479 γοδόν
2775 3418 2906 3468 Hcs.
2942 3434 3031 3469 su·

443 3488 719 3552 spicemur
753 3485 1044 3537 Arcadium
1083 3487 1377 3552 deceptum
1404 3488 1577 3538 fuisse
1603 3486 1828 3538 Acolico
1855 3486 2115 3552 genetivo
2140 3483 2306 3549 γόαο,
2346 3501 2509 3551 quum
2534 3484 2707 3548 γόαος
2732 3487 3028 3544 scriberet:

444 3555 659 3606 invenit
696 3554 839 3605 hanc
875 3569 1063 3605 vocem
1098 3555 1241 3620 apud
1277 3555 1670 3606 Herodianum.
1806 3554 1842 3604 l.
1873 3558 1896 3603 1
1940 3569 2208 3605 canonem
2243 3555 2364 3619 ipse
2402 3553 2588 3604 addidi
2624 3554 2938 3606 nominibus
2962 3570 3030 3606 ex

443 3622 641 3675 Choer.
681 3622 828 3676 Dict.
868 3624 983 3677 269.
1018 3623 1085 3671 26
1122 3628 1179 3672 et
1215 3621 1297 3673 St.
1334 3625 1395 3674 Β.
1437 3624 1688 3688 sumptis.
1897 3621 1930 3672 1.
1968 3624 2001 3673 6
2048 3637 2145 3687 pro
2181 3617 2454 3686 διάφορον
2489 3620 2645 3688 τόνῳ
2683 3619 3026 3685 ςημαίνοντα

443 3706 565 3740 cum
603 3689 906 3740 Schmidtio
943 3691 1001 3738 in
1038 3705 1361 3754 programm.
1398 3689 1584 3744 Scdin.
1613 3690 1791 3754 (1864)
1821 3706 1889 3741 οι
1916 3690 2172 3740 Eustath.
2204 3691 2328 3741 1681
2368 3691 2491 3742 init.
2518 3693 2713 3755 scripsi
2738 3688 3027 3753 διαφόρως

442 3756 761 3821 τονούμενα
799 3756 940 3821 πρὸς
985 3754 1257 3822 διάφορον
1295 3755 1588 3823 ςημαςίαν;
1650 3758 1741 3810 καί
1786 3757 1821 3821 ἡ
1871 3756 2042 3809 νόςος
2077 3757 2257 3807 adieci
2301 3773 2371 3808 cx
2407 3758 2654 3824 Theogn.
2692 3760 2783 3818 50,
2822 3760 2884 3821 23
2922 3758 2957 3809 1.
2996 3762 3027 3810 6

440 3825 532 3877 καὶ
568 3825 603 3889 ἡ
645 3825 932 3890 μαγειρικὴ
968 3822 1218 3889 τράπεζα
1254 3842 1321 3876 ex
1359 3825 1551 3881 Choer.
1592 3826 1749 3878 Orth.
1785 3829 1903 3886 203,
1940 3829 1989 3888 9,
2026 3823 2228 3887 γαλεός
2268 3841 2335 3876 ex
2370 3827 2517 3876 Mon.
2554 3828 2613 3881 4.
2655 3829 2718 3876 19
2757 3829 2813 3874 ct
2848 3826 2928 3876 St.
2963 3828 3029 3877 B.

444 3897 557 3958 197,
598 3898 621 3944 1
664 3898 722 3944 et
756 3893 1029 3959 Theogn„
1084 3892 1251 3945 ἀλεός
1297 3910 1366 3944 cx
1410 3896 1555 3945 Mon.
1600 3893 1636 3947 l.
1675 3912 1751 3956 c..
1810 3891 2005 3945 Ἀλεός
2050 3895 2130 3943 St.
2176 3896 2238 3947 B.
2275 3897 2364 3951 70,
2403 3896 2462 3957 2,
2515 3891 2729 3945 παλεός
2773 3893 2919 3944 Mon.
2968 3898 3026 3944 et

438 3962 712 4028 Theogn„
752 3960 956 4014 Κελεός
991 3959 1209 4012 Πελεός
1255 3977 1321 4012 ex
1357 3962 1604 4028 Theogn.
1682 3962 1791 4012 Pro
1837 3960 1996 4013 ἐλεὸς
2041 3961 2111 4013 τὸ
2156 3960 2350 4024 κύριον
2397 3961 2534 4013 duce
2569 3962 2706 4013 Lob.
2743 3960 2829 4011 El.
2861 3962 2890 4011 Ι
2927 3963 3023 4012 117

440 4034 554 4081 not.
591 4031 786 4095 scripsi
824 4026 1010 4082 Ἐλεός
1053 4027 1114 4080 δὲ
1158 4028 1228 4080 τὸ
1275 4027 1466 4094 κύριον
1510 4029 1601 4080 καὶ
1647 4027 1913 4081 ἐπίθετον
1951 4028 2050 4093 (cf.
2087 4029 2269 4080 Schol.
2315 4029 2384 4080 ad
2420 4030 2555 4083 Hes.
2603 4045 2691 4095 op.
2727 4045 2780 4078 v.
2820 4031 2918 4079 100
2952 4028 3022 4080 τὸ

441 4096 604 4148 ἐλεόν
640 4096 926 4150 ὀξυτόνως
962 4095 1211 4163 ςημαίνει
1248 4095 1352 4147 τὸν
1389 4095 1687 4162 ἑλεεινόν);
1727 4096 1886 4150 ἔλεος
1923 4096 2260 4162 appellativo
2298 4097 2644 4162 significatur
2667 4093 2826 4148 ἔλεος
2863 4098 3022 4146 mise·

440 4165 705 4228 ricordia‚
753 4182 879 4217 nam
922 4165 1030 4229 τὴν
1087 4165 1410 4229 μαγειρικὴν
1460 4163 1744 4229 τράπεζαν
1788 4165 2139 4216 Herodianus
2189 4181 2290 4230 per
2336 4168 2384 4214 {i
2440 4165 2691 4230 protulit,
2746 4169 2809 4214 ut
2862 4164 3023 4215 docet

418 4234 635 4287 -Cboer,
673 4233 715 4283 1.
753 4250 798 4284 c.
836 4261 899 4270 —
939 4231 1138 4296 μέλεος
1175 4249 1243 4283 ex
1278 4233 1524 4299 Theogn.
1560 4234 1776 4291 addidi,
1815 4249 1884 4284 ex
1922 4230 2041 4284 eod.
2077 4234 2244 4282 ctiam
2281 4231 2483 4297 κήλεος
2520 4231 2769 4298 κήλειος,
2809 4232 2874 4281 dc
2914 4247 3021 4296 quo

440 4302 647 4353 Herod.
680 4301 746 4356 11.
782 4303 874 4356 Pr.
914 4299 958 4352 Θ
995 4304 1119 4351 21⁷:
1156 4299 1227 4352 τὸ
1263 4299 1450 4367 κηλέῳ
1489 4299 1569 4352 ὡς
1608 4299 1816 4368 μελέῳ·
1862 4298 2065 4363 γέγονε
2101 4299 2162 4350 δὲ
2197 4299 2455 4364 παρὸντὸ
2503 4302 2679 4352 κᾶλον
2718 4299 2808 4350 καὶ
2843 4299 3020 4363 κῆλον

439 4368 667 4433 κήλειον
704 4366 783 4420 ὡς
818 4367 971 4434 παρὰ
1004 4368 1074 4420 τὸ
1112 4368 1292 4434 μῆλον
1331 4366 1562 4433 μήλειον
1597 4368 1657 4421 δέ
1730 4382 1758 4420 ς
1793 4367 1886 4419 καὶ
1923 4366 2182 4419 Ἰωνικῶς
2217 4366 2425 4432 κήλεον
2460 4368 2552 4420 καί
2589 4367 2725 4434 κηλέ
2788 4382 2799 4393 ·
2838 4366 3021 4419 έκεῖνο

439 4440 579 4501 γοῦν
616 4435 837 4489 ἐντελές
883 4435 996 4488 ἑςτι
1039 4437 1109 4489 τὸ
1146 4436 1288 4489 «ςὺν
1334 4437 1467 4502 πυρί
1514 4438 1650 4503 κηλε
1676 4452 1723 4503 ῳ
1769 4434 1929 4501 χάριν
1964 4433 2272 4501 Ἕκτορος»
2310 4436 2396 4498 (ΙΙ.
2435 4434 2480 4488 O
2519 4437 2658 4501 744).
2776 4441 3022 4487 aeterum
3089 4489 3099 4494 ,

439 4507 510 4556 cf.
546 4506 684 4556 Lob.
722 4506 806 4555 El.
841 4505 869 4555 Ι
907 4508 1018 4556 117.
1159 4505 1196 4556 l.
1238 4508 1299 4556 14
1336 4506 1480 4556 hunc
1516 4520 1782 4556 canonem
1818 4504 1950 4555 finxi
1989 4520 2068 4576 ex,
2092 4504 2335 4570 Theogn.
2373 4506 2464 4566 50,
2506 4507 2584 4554 11.
2655 4506 2763 4555 Pro
2799 4502 3019 4569 Φηνεός

438 4575 632 4639 scripsi
657 4571 868 4626 Φενεός
893 4589 962 4624 ex
986 4573 1067 4626 St.
1095 4574 1154 4624 Β.
1179 4575 1296 4637 586,
1321 4575 1354 4624 4
1379 4578 1437 4624 ct
1459 4575 1579 4633 662,
1601 4576 1650 4636 4,
1677 4573 1820 4623 unde
1846 4572 2014 4624 ctiam
2037 4571 2229 4622 addidi
2251 4572 2405 4637 ἥρως
2431 4599 2496 4607 —-
2520 4573 2799 4637 θηλυκῶς,
2827 4570 3021 4623 κενεός

439 4658 534 4707 pro
559 4641 755 4704 γενεός
780 4659 847 4693 cx
874 4643 993 4708 ipso
1019 4642 1265 4708 Theogn.
1290 4645 1374 4705 51,
1400 4643 1449 4691 5.
1500 4638 1740 4694 Ἐλινεός
1760 4640 1906 4692 idem
1934 4640 2165 4708 populus
2188 4641 2404 4691 videtur
2428 4645 2595 4706 atquc
2619 4638 2834 4692 Ἐλινος
2860 4638 3022 4691 ἔθνος

441 4708 859 4776 Θεςπρωτικόν.
930 4708 1146 4761 Ῥιανὸς
1182 4708 1553 4762 Θεςςαλικῶν.
1626 4707 1866 4774 Ἐρινεός
1905 4727 1971 4761 ex
2008 4709 2089 4758 St.
2130 4710 2190 4762 B.
2228 4711 2343 4771 277,
2383 4712 2431 4760 6.
2579 4709 2613 4760 l.
2650 4711 2714 4759 21
2751 4708 2896 4759 hunc
2933 4705 3020 4759 c'a·

442 4793 637 4828 nonem
675 4795 741 4829 ex
778 4779 845 4831 11.
882 4780 972 4829 Pr.
1014 4777 1062 4830 Ψ
1101 4781 1198 4828 160
1235 4782 1441 4845 sumpsi
1478 4782 1703 4829 secutus
1737 4777 1980 4845 Theogn.
2004 4778 2091 4839 60,
2130 4780 2209 4839 18,
2247 4793 2344 4842 pro
2370 4775 2589 4829 Μεδεός
2624 4778 2782 4844 posui
2821 4775 3024 4828 Κελεός

446 4861 511 4894 ex
558 4848 620 4896 Ε.
667 4847 738 4896 Μ.
786 4848 880 4911 69,
915 4848 1007 4896 42:
1066 4844 1259 4898 Ἀλεὸς
1313 4845 1346 4898 ὁ
1389 4845 1544 4911 ἥρως
1591 4844 1624 4897 ὁ
1670 4847 1861 4913 πατὴρ
1910 4844 2123 4910 Αὔγης,
2179 4845 2330 4910 παρὰ
2381 4845 2452 4896 τὸ
2504 4843 2626 4896 ἀλῶ
2679 4843 3026 4913 παράγωγον

512 4961 888 4999 nauonunvs.
925 4947 968 4996 1.
2579 4926 2618 4989 8
