3664 5546
1127 419 1286 474 ΠΕΡΙ
1330 416 1726 473 ΚΑΘΟΛΙΚΗΕ
1761 417 2189 474 ΠΡΟΕΩιΔΙΑ(
2235 422 2287 474 Ε.
2880 416 3001 483 123

410 590 499 655 ῶς
543 589 867 655 Ἑκαταῖος
911 591 1198 673 Εὐρώπῃ.
1286 590 1363 653 τὸ
1409 590 1480 653 δὲ
1525 586 1978 667 Ἀςκληπιός
2033 587 2339 657 ὀξύνεται.
2428 590 2543 654 τὸν
2600 591 2670 653 δὲ
2715 589 2998 667 παραλό-

389 696 538 768 “γως
582 691 910 757 ὀξύνεςθαι
958 696 1279 757 δοκοῦντα
1322 691 1694 770 Ἀςκληπιόν
1741 691 1779 756 6
1809 690 2225 770 Δημοςθένης
2268 691 2719 773 ἐθεράπευςεν,
2752 691 3000 769 Ἀςκλή-

407 813 559 858 πιον
605 794 1193 873 προπαροξυτόνως
1244 794 1558 872 τολμήςας
1601 793 1956 872 προφέρειν
2003 794 2232 874 αὐτόν,
2291 793 2382 859 ῶς
2436 794 2538 858 καὶ
2579 793 3025 873 Πλούταρχος.

412 916 658 973 ιςτορει.

576 997 670 1061 Τὰ
726 995 813 1061 εἰς
874 985 1023 1069 'suffe
1063 998 1608 1078 ὑπερτριςύλλαβα
1653 997 2241 1080 προπαροξύνεται,
2296 997 2351 1062 εἰ
2406 999 2487 1076 μὴ
2533 998 2769 1076 ὀρνέου
2813 1019 2997 1077 κατη-
3028 1008 3059 1057 5

406 1098 662 1181 γοροίη,
709 1098 1061 1187 ἐνάλιος,
1115 1096 1552 1179 Παράλιος,
1609 1099 2057 1165 Δενθάλιος
2112 1100 2215 1163 καὶ
2257 1099 2609 1164 Δενθάλιοι
2665 1100 2850 1165 πόλις
2895 1100 3003 1179 μία

405 1206 537 1266 τῶν
594 1203 1042 1279 περιμαχήτων
1101 1201 1471 1279 Μεςςηνίοις
1529 1201 1630 1264 καὶ
1673 1200 2229 1284 Λακεδαιμονίοις,
2286 1202 2648 1284 Κυὰλιος,
2702 1200 3000 1280 Φαρςά-

407 1306 578 1367 λιος
634 1303 736 1367 καὶ
779 1303 1143 1381 Φαρράλιος
1200 1304 1304 1367 διὰ
1349 1303 1469 1368 δύο
1513 1306 1596 1381 ’ρ’ςῑ
1644 1303 1732 1368 ῶς
1779 1304 2071 1385 Μυρρίνη
2125 1307 2228 1370 καὶ
2272 1304 2466 1384 κόρρη
2511 1304 2615 1368 καὶ
2669 1304 2813 1368 «ἐπὶ
2855 1305 3000 1382 κόρ-

407 1426 577 1483 ρης».
648 1405 1123 1486 Μαινάλιος,
1170 1404 1581 1486 Οἰχὰλιος,
1626 1406 2063 1489 Πατάλιος,
2117 1406 2521 1475 Δαςάλιος
2577 1407 2614 1471 ὁ
2659 1406 3001 1488 Διόνυςος,

405 1506 802 1588 θεμέλιος,
869 1508 1168 1588 ἠέλιος,
1236 1506 1681 1589 νυκτέλιος,
1754 1507 2187 1591 ἀεικέλιος,
2256 1510 2689 1591 κειμήλιος,
2758 1510 2998 1588 γαμή·
3040 1516 3103 1565 10

408 1613 610 1690 λιος,
676 1594 1154 1691 Ταργήλιος,
1210 1606 1656 1686 ἀπατήλιος
1724 1609 2006 1688 Τήλιος
2050 1611 2258 1691 ὄνομα
2302 1611 2560 1676 ἔθνους·
2614 1611 3001 1690 Ἀνδροτίων

406 1711 569 1794 ἕκτῳ
618 1711 913 1775 Ἀτθίδος.
983 1708 1424 1793 Ὀλβήλιος,
1469 1710 1903 1794 Ῥακήλιος,
1948 1714 2328 1795 Αἰγίλιος,
2372 1713 2829 1795 Πραξίλιος,
2876 1713 2999 1792 ἑμ-

407 1814 721 1892 φύλιος·
811 1813 1059 1889 λέγεται
1112 1814 1214 1876 καὶ
1260 1813 1547 1892 φύλιος
1601 1814 1755 1880 ἄνευ
1797 1819 1917 1878 τοῦ
1975 1816 2076 1898 ἐν,
2141 1817 2644 1899 Παμφύλιος,
2710 1816 2998 1895 Τριφύ-

409 1918 607 1997 λιος,
657 1914 1009 1979 Μαςύλιο
1028 1936 1089 1997 ς,
1135 1915 1325 1980 ἔθνος
1368 1915 1655 1995 Λιβυκόν.
1727 1918 2220 1996 Ἀπολλόδωρος
2266 1913 2335 1998 β’.
2422 1918 2749 1999 Πολύβιος
2792 1917 2862 1981 ἐν
2907 1924 2999 2001 τῶ

405 2018 659 2101 ἑβδόμῳ
707 2018 1025 2082 Μαςυλεῑς
1067 2017 1303 2082 αύτούς
1347 2038 1514 2096 φηςι.
1603 2018 2000 2101 Οἰτύλιος,
2046 2018 2452 2101 Αἰτώλιος,
2498 2018 2999 2101 ἀποφώλιος,
3042 2031 3100 2081 15

409 2120 793 2185 Ὀκώλιος.
840 2120 915 2183 τὸ
962 2118 1177 2198 μέντοι
1224 2120 1523 2203 λαλιός,
1569 2120 1843 2185 πελιός
1888 2121 1926 2185 6
1971 2122 2279 2205 πολιός,
2327 2122 2668 2205 ςκολιός,
2715 2122 2999 2202 φαλιός

410 2222 447 2287 6
496 2221 1015 2303 λευκομέτωπος,
1064 2221 1334 2301 βαλιός
1379 2220 1468 2286 ῶς
1512 2223 1892 2302 τριςύλλαβα
1936 2222 2244 2290 ὀξύνεται.
2331 2224 2406 2288 τό
2451 2225 2523 2288 δὲ
2569 2224 2851 2289 Βαλίος
2896 2223 3000 2289 ἐπὶ

409 2325 629 2402 κυρίου
695 2323 1150 2403 παροξύνεται,
1227 2324 1301 2387 τὸ
1365 2325 1436 2387 δὲ
1479 2325 1739 2389 Ἅλιος
1803 2325 2025 2404 κύριον
2092 2326 2569 2405 προπαροξύνει
2635 2327 2673 2405 ἡ
2731 2326 3000 2406 ςυνήθης

409 2426 780 2502 ἀνάγνωςις.
868 2426 944 2491 τὸ
991 2428 1060 2490 δὲ
1112 2425 1406 2490 Κώλιος
1451 2424 1730 2491 αὔλιος
1774 2426 1899 2491 ἐςτὶ
1941 2428 2187 2492 τοπικὰ.
2276 2429 2350 2493 τὸ
2407 2430 2478 2492 δὲ
2536 2426 2908 2504 αἰγωλιός
2960 2428 2997 2492 6

410 2528 698 2612 ἑρῳδιός,
732 2527 1095 2609 ἑδωλιός,
1139 2528 1555 2617 βομβυλιός
1589 2527 1679 2593 ῶς
1714 2528 1817 2593 ἐπὶ
1852 2527 2103 2606 ὀρνέων
2137 2531 2660 2610 κατηγορούμενα
2691 2530 2995 2598 ὀξύνεται.
3033 2542 3101 2591 20

584 2629 679 2693 Τὰ
734 2627 865 2692 ἀπὸ
923 2628 1287 2694 ἐνεςτώτων
1342 2630 1658 2708 γενόμενα
1711 2630 1798 2695 εἰς
1852 2634 1953 2696 ib}
2008 2634 2591 2716 προπαροξύνεται,
2657 2632 2812 2698 αἰτῶ
2883 2632 2997 2696 αἴ-

410 2754 606 2814 τιος,
653 2731 909 2811 ἁρμόζω
957 2731 1363 2814 ἁρμόδιος,
1419 2730 1594 2810 ἀρκῶ
1639 2732 1939 2818 ἄρκιος,
1997 2718 2170 2814 ἀρτῶ
2215 2733 2498 2814 ἄρτιος.
2585 2735 2660 2800 τὸ
2706 2737 2777 2800 δὲ
2822 2733 2996 2800 ἀντῶ

410 2835 684 2902 ἀντίος
728 2836 1127 2915 ςεςημείωται
1172 2836 1717 2913 παροξυνόμενον.
1784 2837 2026 2916 ώφειλε
2071 2839 2143 2903 δὲ
2188 2839 2289 2902 καὶ
2334 2839 2437 2903 διὰ
2480 2841 2591 2914 τῆς
2637 2843 2689 2901 {i
2734 2838 2997 2918 διφθόγ-

408 3092 628 3159 qualem
665 3091 916 3142 consulto
954 3091 1035 3146 St.
1061 3094 1123 3144 B.
1165 3093 1457 3159 composui.
1506 3093 1590 3143 De
1630 3091 1960 3158 Ἀςκληπιός
1987 3095 2249 3145 habemus
2275 3094 2467 3160 fragm.
2492 3110 2560 3145 ex
2585 3095 2760 3159 Epim.
2790 3094 2997 3144 Herod.

405 3163 466 3212 in
505 3160 706 3211 Anecd.
742 3159 918 3211 Paris.
945 3161 1021 3210 1v
1057 3164 1123 3211 20
1160 3168 1216 3211 et
1255 3163 1370 3224 180,
1409 3161 1472 3211 Ε.
1510 3161 1649 3213 Gud.
1688 3162 1770 3222 83,
1809 3165 1840 3212 5
1877 3159 1964 3227 (E.
1991 3163 2064 3214 M.
2106 3165 2220 3225 154,
2255 3162 2374 3227 42)=
2416 3161 2745 3226 Ἀςκληπιός
2783 3161 2815 3213 ὁ
2852 3159 2995 3223 ἄγαν

407 3228 618 3294 ςκληρά
653 3229 793 3293 ἤπια
838 3229 1022 3279 ποιῶν
1067 3231 1170 3280 τοῦ
1217 3231 1252 3280 ἃ
1300 3228 1552 3281 ἐπίταςιν
1598 3228 1991 3293 ςημαίνοντος·
2051 3229 2087 3295 ἢ
2135 3230 2166 3281 6
2210 3229 2282 3282 τά
2327 3228 2493 3294 ςκέλη
2540 3231 2632 3281 καὶ
2677 3231 2791 3280 πᾶν
2838 3231 2995 3293 ςῶμα

406 3296 559 3359 ὑγιὲς
597 3295 912 3363 (παρ)έχων
949 3297 1039 3348 καὶ
1075 3295 1396 3362 ἀνώδυνον,
1437 3298 1582 3349 unde
1620 3297 1872 3350 concludi
1908 3303 2089 3364 potest
2126 3299 2530 3362 Herodianum,
2569 3313 2730 3364 quum
2771 3297 2995 3363 Ἀςκλη·

407 3365 539 3417 mdc
575 3366 645 3416 ab
682 3366 849 3429 ἤπιος
884 3367 1240 3431 compositum
1279 3371 1525 3432 putaret,
1564 3366 1630 3417 de
1677 3371 1942 3418 accentus
1987 3383 2020 3417 a
2058 3383 2243 3417 norma
2287 3368 2711 3434 compositorum
2756 3366 2995 3418 declina-

407 3435 562 3485 tione
599 3435 679 3483 sic
719 3433 835 3484 fere
873 3433 1198 3486 disseruisse
1244 3440 1309 3484 ut
1354 3435 1670 3500 disputatur
1713 3436 1782 3485 ab
1829 3435 2086 3487 Eustath.
2124 3437 2249 3496 353,
2286 3438 2379 3486 23:
2435 3433 2470 3498 ἡ
2520 3433 2844 3499 ὀξυτόνηςις
2889 3437 2993 3486 τοῦ

408 3501 693 3565 ὀνόματος
730 3498 972 3565 ἀπορίαν
1009 3501 1148 3566 ἔχει,
1199 3501 1358 3568 εἴπερ
1402 3502 1493 3554 καὶ
1529 3501 1718 3555 ἄλλως
1755 3499 1811 3554 αἱ
1850 3502 2123 3556 ςυνθέςεις
2167 3502 2303 3555 τοὺς
2347 3502 2552 3555 τόνους
2589 3501 2993 3567 ἀναβιβάζουςι’

408 3571 598 3622 καλῶς
636 3568 741 3621 οὖν
786 3568 963 3621 ἐποίει
999 3569 1387 3636 Δημοςθένης,
1436 3569 1515 3621 ῶς
1561 3569 1888 3636 ἰςτορεῖται,
1936 3571 2274 3637 παροξύνων
2326 3571 2434 3636 τὴν
2479 3570 2627 3623 λέξιν
2673 3571 2765 3623 καί
2810 3570 2994 3635 ἀναγι-

407 3637 648 3690 νώςκων
688 3635 1044 3703 Ἀςκλήπιος,
1091 3637 1126 3702 ή
1166 3638 1227 3691 δὲ
1263 3638 1409 3702 αὐτὴ
1446 3637 1652 3704 ἀπορία
1689 3640 1779 3690 καὶ
1816 3638 1911 3691 ἐπὶ
1957 3642 2060 3691 τοο
2111 3639 2356 3705 ἔμπορος
2403 3639 2492 3690 καὶ
2540 3639 2894 3704 λογεμπόρος
2940 3647 2996 3691 et

409 3724 461 3773 p.
501 3708 650 3768 1447,
687 3707 775 3755 48:
815 3703 995 3757 ἰςτέον
1032 3705 1120 3758 ὅτι
1155 3705 1396 3771 ἀπορίαν
1433 3706 1572 3770 ἔχει,
1611 3708 1735 3759 πῶς
1772 3706 1988 3772 δήποτε
2034 3708 2067 3760 6
2106 3708 2207 3770 μὲν
2244 3707 2489 3773 ἔμπορος
2527 3708 2617 3759 καὶ
2655 3706 2688 3762 ό
2725 3707 2994 3771 μεγαλέμ-

409 3788 587 3838 πορος
623 3772 1149 3839 προπαροξύνονται
1185 3777 1287 3840 τῆς
1324 3772 1506 3828 ὀξείας
1540 3778 1646 3826 τοῦ
1682 3775 1867 3840 πόρου
1901 3775 2386 3841 ἀναςτελλομένης
2421 3774 2484 3827 ἐν
2519 3775 2739 3839 αὐτοῖς,
2779 3776 2859 3828 ὥς
2883 3792 2995 3828 που

407 3841 606 3907 φράζει
643 3843 676 3894 ό
713 3841 988 3907 Τρύφων,
1027 3843 1059 3894 6
1095 3843 1156 3895 δὲ
1194 3842 1545 3907 λογεμπόρος
1583 3843 1736 3908 παρὰ
1769 3847 1889 3896 τοῖς
1934 3844 2170 3909 ὕςτερον
2207 3842 2528 3908 κατεβίβαςε
2564 3844 2669 3896 τὸν
2705 3844 2879 3896 τόνον
2916 3843 2994 3896 εἰς

407 3912 520 3975 τὴν
555 3911 1001 3975 παραλήγουςαν.
1079 3911 1275 3974 ὅμοιον
1312 3911 1374 3962 δὲ
1411 3908 1489 3962 εἰς
1525 3909 1767 3976 ἀπορίαν
1812 3913 1904 3963 καὶ
1947 3912 2016 3964 τὸ
2054 3914 2218 3978 ἤπιος
2256 3912 2491 3966 ὀξυνθὲν
2537 3911 2600 3963 ἐν
2643 3916 2728 3978 τῷ
2770 3912 2994 3978 Ἀςκλη-

407 3978 554 4030 πιός.
625 3977 688 4030 ἐκ
721 3981 826 4029 τοῦ
873 3976 1046 4043 ἠπίου
1090 3978 1195 4044 γὰρ
1242 3979 1516 4042 ἔγνωςται
1562 3982 1872 4042 ςυγκεῖςθαι
1915 3980 1947 4032 6
1987 3979 2307 4046 ἀςκληπιός.
2378 3979 2792 4045 ἀπορηθήςεται
2826 3980 2887 4032 δὲ
2923 3982 2995 4032 τὰ

408 4046 490 4099 εἰς
525 4045 699 4099 τόνον
735 4047 826 4098 καί
861 4047 931 4098 τὸ
968 4050 1202 4112 γαῦρος,
1241 4045 1291 4099 εἰ
1326 4045 1388 4098 ἐκ
1427 4047 1738 4112 βαρυτόνου
1774 4048 2034 4101 ὀξύνεται
2069 4049 2211 4113 μετὰ
2247 4048 2496 4101 ςύνθεςιν
2533 4047 2595 4099 ἐν
2629 4052 2714 4114 τῷ
2751 4046 2994 4114 ἀγαυρός

408 4121 467 4167 et
505 4116 874 4180 compluribus
910 4116 1037 4167 aliis
1073 4121 1340 4167 accentus
1375 4117 1777 4168 variationibus
1813 4118 2032 4168 allatis:
2079 4117 2186 4169 τὸν
2232 4116 2295 4170 δὲ
2332 4116 2671 4182 παραλόγως
2707 4115 2994 4169 ὀξύνεςθαι

406 4213 476 4221 -
513 4182 592 4236 ὡς
629 4184 720 4234 καὶ
755 4182 1125 4248 Πλούταρχος
1161 4182 1365 4249 ίςτορεῑ
1403 4183 1524 4248 (vit.
1561 4187 1611 4236 X
1649 4186 1924 4236 rhetorum
1962 4187 2024 4239 T.
2062 4187 2141 4237 IX
2180 4203 2230 4251 p.
2257 4187 2357 4237 360
2382 4185 2611 4245 ἣρως),
2649 4200 2786 4250 quae
2822 4188 2995 4236 verba

407 4254 468 4303 in
501 4252 609 4304 fine
656 4252 856 4306 adieci.
1067 4255 1102 4303 l.
1140 4255 1170 4303 6
1207 4250 1490 4316 Παράλιος
1527 4281 1590 4288 ——
1627 4251 1914 4306 Πατάλιος
1953 4271 2018 4303 ex
2056 4254 2135 4305 St.
2174 4257 2236 4307 Β.
2275 4254 2486 4318 recepi,
2527 4251 2713 4317 ἠέλιος
2750 4281 2816 4287 -
2852 4252 2992 4305 ἀπα-

408 4319 602 4383 τήλιος
640 4336 709 4371 ex
743 4320 1011 4387 Theogn„
1051 4319 1256 4385 Τὴλιος
1295 4337 1390 4386 pro
1429 4328 1683 4387 corrupto
1720 4319 1985 4387 (ετήλιος
2020 4338 2110 4387 ap.
2145 4321 2391 4386 Thoogm
2440 4336 2561 4370 cum
2599 4320 2867 4385 Stephani
2903 4338 2992 4372 ex-

411 4390 741 4454 plicatione,
782 4387 1073 4453 Ὀλβήλιος
1115 4418 1182 4424 -
1228 4385 1487 4440 Οἰτύλιος
1534 4405 1602 4439 ex
1639 4391 1718 4441 St.
1756 4393 1847 4450 Β.,
1896 4387 2194 4452 Αἰτώλιος,
2243 4386 2574 4451 ἀποφώλιος
2621 4405 2688 4438 ex
2723 4389 2992 4454 Theogn„

413 4456 684 4509 Ὀκώλιος
722 4457 803 4511 St.
841 4459 902 4508 Β.
1102 4458 1136 4512 l.
1178 4460 1238 4509 17
1278 4453 1477 4509 Βαλίος
1515 4473 1580 4507 ex
1616 4458 1680 4509 11.
1715 4460 1804 4509 Pr.
1840 4456 1898 4509 Π
1936 4459 2049 4518 149,
2088 4457 2277 4509 ”Αλιος
2315 4474 2382 4507 ex
2418 4456 2677 4506 Eustath.
2716 4459 2861 4520 1538,
2899 4462 2990 4509 33:

411 4523 836 4644 Χρήέἶαροξὲἔξέ
862 4524 929 4645 ἓξ
946 4523 1635 4646 “iffiffiissiffiffsszfflff
1660 4522 2795 4645 RsswffgvssAEi‘lofflfflffissfffiffl‘gssvffli
2819 4526 2993 4645 ¹²32}ss

410 4609 692 4727 αὔλιοςΡρ.
730 4663 852 4724 146,
895 4608 1006 4711 lgq
1025 4632 1121 4729 pro
1169 4662 1237 4714 τό
1285 4661 1345 4713 δὲ
1391 4659 1609 4723 ἐγολιός
1653 4659 1886 4726 ἑρῳδιός
1932 4663 2129 4727 scripsi
2175 4678 2296 4712 cum
2342 4660 2604 4713 Schmidt.
2649 4631 2913 4722 αἰγωλιός
2958 4661 2991 4713 6

414 4727 668 4796 ἐρῳδιὸς,
709 4728 1002 4793 βομβυλιός
1039 4747 1136 4797 pro
1172 4728 1470 4795 βαμβυλιός
1502 4735 1725 4781 secutus
1765 4731 1896 4784 Hes,
1935 4745 1981 4780 s.
2004 4747 2054 4780 v.
2088 4734 2146 4780 et
2177 4729 2556 4780 Herodianum
2592 4728 2649 4777 in
2684 4729 2826 4778 libro
2862 4731 2990 4793 περὶ

415 4800 614 4849 παθῶν
640 4798 762 4848 loco
789 4813 955 4864 supra
977 4816 1027 4865 p.
1060 4802 1172 4861 116,
1200 4802 1264 4849 22
1302 4799 1492 4849 citato.
1610 4796 1647 4851 l.
1675 4801 1741 4848 ⁸23
1759 4799 2028 4850 Arcadius
2056 4797 2196 4852 haee
2228 4798 2422 4849 habet:
2458 4795 2559 4847 ὅςα
2584 4792 2684 4847 εἰεί
2710 4799 2989 4862 μονογενῆ

417 4862 528 4916 ἀπὸ
546 4863 884 4918 ἐνεςτώτων
907 4866 1185 4930 γενόμενα
1209 4865 1288 4918 εἰς
1312 4871 1393 4919 ιὀῗ
1419 4865 1493 4930 μὴ
1520 4864 1723 4928 ἔχοντα
1748 4864 1811 4917 ἐν
1836 4871 1907 4933 τῇ
1933 4865 2094 4931 τρίτῃ
2121 4864 2223 4918 δύο
2248 4865 2523 4929 ςύμφωνα
2548 4863 2690 4915 κατὰ
2713 4861 2990 4916 διάςταςιν

418 4933 922 4999 προπαροξύνεται·
958 4933 1101 4987 αἰτῶ
1136 4934 1340 5001 αἴτιος,
1378 4934 1602 5000 ἁρμόζω
1628 4933 1915 4999 ἁρμόδιος,
1953 4933 2107 4999 ἀρκῶ
2144 4932 2358 4998 ἄρκιος,
2395 4931 2550 4998 ἀρτῶ
2584 4932 2788 4998 ἄρτιος.
2834 4932 2904 4984 τὸ
2928 4933 2989 4994 δὲ
