3664 5546
1169 382 1326 436 ΠΕΡΙ
1369 381 1762 436 ΚΑΘΟΛΙΚΗ(
1799 379 2221 475 ΠΡῼΕΩιΔΙΑ(
2259 383 2313 435 ς.
2920 379 3042 445 143

623 553 716 618 Τὰ
773 552 861 618 εἰς
920 541 1034 619 δος
1079 553 1587 633 ὑπερδιςύλλαβα
1633 551 1893 635 βραχείᾳ
1924 551 2422 631 παραληγόμενα
2464 551 3042 634 προπαροξύνεται,

456 656 785 738 ὅμαδος,
847 656 1217 739 κέλαδος,
1281 654 1609 733 Ἀραδος
1664 658 1856 733 νῆςος
1921 653 2235 734 Φοινίκης.
2333 653 2458 718 ἔςτι
2527 655 2630 718 καὶ
2693 652 2879 730 ἑτέρα
2930 657 3042 732 τῆς

457 757 754 850 ’ξρυθρᾶς
798 757 1126 837 θαλάςςης.
1172 756 1344 836 τρίτη
1378 757 1629 836 Κρήτης.
1692 756 2280 835 Μαςανώραδος
2329 755 2657 835 Κινδαψοῦ
2700 758 2874 837 παῖς,
2918 753 3044 834 ἀφ’

456 856 537 923 οὖ
594 859 1045 937 Μαςανώραδα
1100 858 1286 922 πόλις
1346 858 1588 938 Καρίας.
1677 858 2028 924 Τένεδος
2082 862 2274 935 νῆςος
2330 863 2460 923 τῶν
2507 856 2893 937 (ποράδων,
2952 857 3042 921 ὡς

455 959 810 1042 Ἑκαταῖος,
875 961 946 1027 ἐν
1003 960 1463 1044 Ἑλληςπόντῳ.
1552 960 1681 1025 ἔςτι
1740 962 1843 1025 καὶ
1886 961 2073 1025 πόλις
2136 960 2411 1026 Τένεδος
2476 961 2642 1038 πρὸς
2696 965 2773 1044 τῇ
2825 957 3036 1041 Λυκίᾳ.
3084 970 3114 1017 5

455 1061 949 1141 Ἀπολλόδωρος
994 1063 1065 1127 δὲ
1108 1061 1493 1143 Παμφυλίας
1537 1063 1739 1141 αὐτήν
1783 1083 1993 1143 φηςιν.
2047 1062 2417 1146 Λέβεδος,
2466 1062 2847 1144 Κάπεδος,
2875 1061 3040 1124 Ἄλ-

454 1168 678 1240 γιδος
722 1164 908 1229 πόλις
955 1164 1242 1247 Ἰταλίας,
1291 1165 1630 1241 Νάγιδος
1674 1163 1862 1228 πόλις
1907 1164 2136 1243 μεταξὺ
2186 1163 2453 1229 Κιλικίας
2498 1165 2599 1229 καὶ
2640 1162 3042 1243 Παμφυλίας.

455 1265 780 1330 Ἑκαταῖος
825 1266 992 1349 Ἀςίᾳ
1046 1266 1243 1345 «μετὰ
1287 1268 1358 1331 δὲ
1407 1266 1683 1343 Νάγιδος
1726 1267 1947 1350 πόλις,
1991 1266 2123 1332 ἀπὸ
2168 1270 2286 1332 τοῦ
2333 1266 2608 1342 Νάγιδος
2652 1266 3043 1346 κυβερνήτου

456 1369 558 1432 καὶ
600 1370 792 1445 νῆςος
840 1368 1291 1443 Ναγιδοῦςςα».
1381 1369 1749 1452 κόρυδος,
1796 1368 1959 1449 ὅπερ
2005 1369 2066 1433 οἱ
2111 1369 2378 1433 Ἀττικοὶ
2421 1366 2773 1435 ὀξύνουςιν.

623 1470 718 1535 Τὰ
773 1470 862 1535 εἰς
913 1455 1032 1535 ἧς
1076 1470 1584 1550 ύπερδιςύλλαβα
1627 1470 1867 1550 ἔχοντα
1910 1472 2054 1536 κατ’
2094 1470 2447 1548 ἐπιπλοκὴν
2477 1470 2829 1552 ςύμφωνον
2859 1469 3044 1548 κύρια
3085 1481 3145 1531 10

455 1573 496 1650 ἢ
539 1573 974 1651 προςηγορικὰ
1019 1573 1387 1655 βαρύνεται,
1444 1572 1872 1657 μόλυβδος,
1928 1573 2404 1654 ςμάραγδος,
2465 1571 2820 1649 Κύαρδος
2879 1575 3042 1651 βαςι-

459 1674 606 1739 λεὺς
656 1674 911 1757 Καρῶν,
959 1674 1097 1740 υἱὸς
1143 1675 1490 1752 Βαργάςου.
1578 1674 1967 1753 Λίχανδος
2017 1675 2204 1739 πόλις
2248 1674 2540 1738 (ικελίας.
2614 1672 2903 1738 Φίλιςτος
2947 1672 3041 1736 (ι-

457 1779 724 1841 κελικῶν
779 1776 984 1861 τρίτῳ.
1058 1764 1570 1857 Ληψίμανδος
1623 1776 1962 1857 πολίχνιον
2024 1776 2265 1855 Καρίας.
2343 1775 2793 1841 Κύλλανδος
2858 1774 3045 1839 πόλις

463 1873 706 1956 Καρίας.
752 1877 1076 1943 Ἑκαταῖος
1123 1878 1305 1962 Ἀςίᾳ.
1373 1879 1796 1945 Ἀςπενδος
1840 1878 2027 1943 πόλις
2070 1878 2483 1960 Παμφυλίας,
2528 1876 2877 1942 Ἀςπένδου
2921 1874 3043 1940 κτί-

459 2001 609 2063 ςμα,
656 1981 746 2044 ὼς
777 1979 1141 2045 Ἑλλάνικος
1185 1981 1256 2045 ἐν
1295 1982 1517 2065 πρώτῃ
1546 1979 2078 2046 Δευκαλιωνείας.
2125 1981 2610 2060 Βενὲβενδος
2653 1978 2839 2044 πόλις
2884 1978 3044 2058 Καμ-
3084 1992 3146 2042 15

457 2082 703 2147 πανίας.
761 2083 1092 2148 Ἴςινδος
1136 2084 1322 2147 πόλις
1368 2082 1620 2149 Ἰωνίας.
1688 2083 1938 2160 λέγεται
1980 2083 2083 2147 καὶ
2124 2083 2368 2147 Ἴςινδα.
2413 2081 2814 2161 Πύρινδος
2857 2080 3045 2145 πόλις

463 2183 706 2262 Καρίας.
771 2183 1148 2249 Ἀλινδος
1216 2184 1579 2264 Ἄρινδος
1645 2184 1856 2264 ὄνομα
1909 2187 2237 2267 ποταμοῦ,
2293 2185 2784 2263 Βερέκινδος.
2852 2182 2928 2245 τὸ
2973 2182 3043 2245 δὲ

459 2284 911 2364 ὀρυμαγδός
956 2284 1058 2348 καὶ
1102 2285 1409 2364 Ἐορδός
1454 2285 1744 2353 ὀξύνεται
1792 2287 1884 2351 ῶς
1930 2287 2030 2350 καὶ
2072 2285 2149 2351 τὸ
2181 2285 2551 2365 Ἀμαρδός
2597 2284 2787 2350 ἔθνος
2817 2283 3043 2363 Ὑρκα-

458 2391 593 2453 νῶν
640 2386 843 2463 ἐγγύς.
891 2385 1189 2468 (τράβων
1234 2387 1316 2451 ια’
1360 2389 1452 2473 (p.
1497 2388 1668 2470 507).

628 2488 722 2553 Τὰ
777 2487 864 2552 εἰς
911 2474 1586 2570 δόξ”ύπερδιςύλλαβα
1627 2490 1811 2570 φύςει
1869 2493 2073 2572 μακρᾷ
2116 2488 2614 2567 παραληγόμενα
2657 2489 2842 2567 κύρια
2883 2507 3042 2566 προ-
3080 2500 3147 2548 20

459 2589 917 2672 παροξύνεται,
971 2591 1298 2671 Ἄβυδος
1350 2591 1538 2656 πόλις
1594 2591 1741 2656 καθ’
1783 2591 2251 2670 Ἑλλήςποντον
2306 2592 2408 2655 καὶ
2463 2589 2625 2668 ἄλλη
2670 2588 2814 2654 κατ’
2857 2587 3043 2664 Αἴγυ-

459 2712 626 2757 πτον
682 2690 814 2757 ἀπὸ
870 2692 1140 2772 Ἀβύδου
1192 2694 1369 2759 τινός
1424 2695 1734 2772 κληθεῖςα.
1798 2692 2191 2758 Ἔνουδος.
2258 2693 2614 2771 Ἴςςηδος.
2678 2690 3044 2775 Ὄροιδος

461 2795 782 2878 βαςιλεύς,
839 2792 918 2859 οὗ
973 2795 1276 2875 μέμνηται
1334 2796 1726 2875 Θουκυδίδης
1770 2793 1904 2880 (ΙΙ,
1948 2793 2077 2880 80).
2165 2796 2240 2860 τὸ
2285 2794 2556 2860 ἀοιδός
2612 2793 2907 2860 ἐπίθετον
2953 2793 3044 2859 ὡς

461 2899 564 2962 καὶ
585 2898 659 2962 τὸ
685 2895 997 2976 ὀπηδός.
1044 2899 1120 2964 τὸ
1150 2899 1222 2963 δὲ
1256 2898 1612 2964 κίναιδος
1643 2899 2200 2977 προπαροξύνεται
2229 2903 2322 2981 τῷ
2344 2897 2520 2981 λόγῳ
2553 2900 2664 2974 τῆς
2682 2896 3043 2962 ςυνθέςεως.

630 2999 725 3065 Τὰ
779 2999 867 3063 εἰς
911 2984 1033 3066 'io-c
1087 2999 1300 3065 πάντα
1357 3001 1723 3084 βαρύνεται,
1778 2999 1995 3083 ὄζος,
2059 2999 2357 3082 ῥοῖζος,
2405 2998 2641 3066 Γάζος
2698 2998 2885 3064 πόλις
2936 2998 3043 3064 Ἰν·
3082 3013 3145 3062 25

461 3102 633 3184 δική,
677 3099 1038 3168 Τόπαζος
1080 3105 1272 3181 νῆςος
1317 3103 1537 3181 Ἰνδικὴ
1597 3103 1697 3167 καὶ
1752 3101 1927 3167 λίθος
1983 3100 2322 3181 ὁμώνυμος
2374 3106 2451 3185 τῇ
2495 3100 2685 3185 νήςῳ.
2760 3100 3046 3169 Ἀλέξαν-

462 3207 616 3282 δρος
662 3201 701 3267 ὁ
740 3202 1117 3282 πολυίςτωρ.
1166 3205 1271 3269 διὰ
1315 3210 1432 3270 τοῦ
1475 3191 1518 3272 ξ
1566 3205 1634 3268 δ’
1690 3204 2012 3285 ἐγράφετο
2073 3203 2411 3282 πρότερον.
2485 3203 2735 3271 Λάζος
2790 3202 3046 3268 (κυθῶν

461 3305 684 3387 ἔθνος,
727 3305 1050 3383 ’Άραζος
1107 3305 1294 3370 πόλις
1348 3307 1511 3384 πρὸς
1554 3311 1646 3389 τῷ
1690 3305 1913 3389 πόντῳ
1958 3305 2088 3370 ἀπὸ
2144 3305 2412 3385 Ἀράζου
2468 3310 2585 3371 τοῦ
2629 3304 3046 3386 ἡγηςαμένου.

463 3408 815 3488 Βύμαζος
858 3405 1044 3471 πόλις
1077 3407 1402 3473 Παιόνων.
1467 3407 1751 3487 Ἔφορος
1795 3408 1902 3475 κζ’.
1959 3408 2235 3486 Τρίζος
2266 3408 2456 3474 ἔθνος
2486 3409 2651 3487 πρὸς
2695 3407 2894 3474 νότον
2928 3409 3047 3471 τοῦ

465 3629 537 3679 ad
574 3628 754 3680 finem.
825 3628 1145 3706 Canon-ap.
1185 3629 1264 3680 St.
1305 3630 1365 3679 B.
1405 3630 1441 3684 l.
1483 3647 1530 3682 ο.
1569 3646 1612 3681 s.
1652 3627 1863 3681 Βάλδος
1912 3630 1995 3680 sie
2031 3631 2333 3695 profertur:
2377 3629 2451 3681 τὰ
2495 3627 2574 3682 είς
2607 3613 2713 3682 ’δυ-ς
2749 3628 3048 3692 διςύλλαβα

466 3712 672 3776 ἔχοντα
723 3711 837 3777 πρὸ
880 3715 984 3765 τού
1029 3713 1061 3765 δ
1104 3712 1344 3777 ἄφωνον
1389 3713 1713 3778 βαρύνεται,
1770 3711 1820 3766 εἰ
1866 3713 1939 3778 μὴ
1987 3712 2274 3767 ἑπιθετικὰ
2318 3713 2422 3781 εἴη.
2505 3713 2670 3767 Ἰνδός
2715 3714 2913 3778 ὅμοιον
2961 3716 3046 3779 τῶ

464 3783 736 3846 ποταμῷ,
773 3779 844 3832 τό
883 3780 1083 3846 λορδός
1110 3781 1299 3845 μινδός
1336 3781 1369 3833 ό
1405 3779 1638 3847 ἄφωνος
1676 3780 1963 3846 ὀξύνεται,
2000 3780 2108 3848 ἀφ’
2131 3781 2199 3834 οὗ
2227 3783 2345 3834 κτλ.
2449 3783 2485 3836 l.
2512 3786 2543 3834 2
2579 3782 2820 3848 Ἀραδος
2847 3789 2903 3833 et
2927 3781 3048 3835 Μα-

464 3848 784 3914 ςανώραδος
823 3849 1014 3900 addidi
1054 3866 1121 3901 ex
1158 3851 1237 3905 St.
1280 3852 1374 3913 Β.,
1417 3867 1486 3901 ex
1523 3850 1719 3901 eodem
1743 3849 1982 3903 Τένεδος
2021 3851 2267 3918 explevi,
2303 3850 2541 3915 Λέβεδος
2570 3849 2822 3903 Κάπεδος
2858 3866 3046 3901 acces—

464 3922 659 3968 serunt
694 3933 762 3967 ex
797 3918 1044 3984 Theogn.
1078 3921 1163 3982 58,
1199 3921 1283 3983 29,
1319 3916 1579 3980 Ἀλγιδος
1617 3925 1672 3970 et
1700 3916 1934 3982 Νάγιδος
1973 3935 2041 3970 ex
2065 3920 2143 3970 St.
2168 3922 2232 3971 B.
2260 3948 2325 3956 —-
2350 3917 2623 3983 Μιμνιδός
2659 3917 2823 3971 πόλις
2846 3917 3049 3971 Λυδῶν

465 3983 752 4037 Ἑκαταῖος
789 3983 940 4053 Ἀςίᾳ
974 4003 1064 4052 ap.
1104 3988 1183 4038 St,
1210 3989 1271 4038 B.
1310 3987 1531 4036 acuitur
1564 3990 1623 4038 et
1659 4001 1780 4037 cum
1815 3985 2083 4051 Λυχνιδός
2114 3993 2488 4054 comparatur,
2527 3987 2674 4071 Quod
2697 3987 3051 4038 Herodianus

464 4051 735 4117 Λυχνιτός
772 4053 880 4105 scri
921 4055 1010 4105 sit.
1148 4055 1185 4107 1.
1228 4058 1278 4103 11
1326 4052 1570 4119 Κύαρδος
1605 4081 1672 4089 -
1707 4053 1986 4120 Πύρινδος
2023 4061 2154 4107 sunt
2201 4073 2269 4107 ex
2306 4055 2387 4106 St.
2425 4056 2518 4118 Β.,
2579 4054 2813 4107 Αλινδος
2848 4082 2915 4090 --
2953 4052 3048 4105 Βε-

463 4120 715 4186 ρὲκινδος
754 4137 822 4172 ex
907 4123 1105 4188 heogn.
1142 4125 1234 4186 54,
1271 4124 1321 4176 6.
1395 4120 1615 4208 Ἐορδός
1662 4138 1728 4173 ex
1777 4125 1857 4174 St.
1893 4127 1957 4175 B.
2004 4126 2128 4188 272,
2166 4127 2198 4174 2
2242 4124 2364 4174 ubi:
2404 4121 2663 4176 ὀξύνεται
2698 4121 2768 4173 τὸ
2807 4119 3046 4188 Ἐορδός,

466 4188 545 4241 ὡς
583 4188 926 4254 Ἡρωδιανὸς
964 4187 1117 4256 ἕκτῃ.
1155 4205 1220 4240 ex
1257 4189 1447 4241 eodem
1504 4188 1772 4254 Αμαρδός.
1909 4191 1944 4242 l.
1982 4194 2046 4241 21
2084 4190 2348 4256 Ἄβυδος,
2397 4191 2540 4256 quod
2575 4191 2711 4243 Lob.
2747 4190 2912 4241 Proll.
2950 4191 3050 4243 355

466 4271 562 4323 pro
599 4256 786 4309 ἄοιδος
823 4260 1138 4342 progenuit,
1177 4259 1396 4324 explevi
1433 4275 1501 4310 ex
1538 4258 1619 4309 St.
1655 4260 1747 4323 Β.,
1784 4255 2050 4312 Ἐνουδος
2097 4276 2164 4310 ex
2200 4261 2437 4311 Pausan.
2475 4258 2581 4310 vn
2615 4260 2672 4321 4,
2710 4261 2742 4309 2
2780 4258 3046 4311 Schmidt.

463 4342 563 4445 ggo
599 4324 862 4378 Ἔνοιδος.
959 4325 1197 4391 Ιςςηδοε,
1236 4326 1383 4392 quod
1417 4342 1505 4392 ap.
1544 4326 1625 4377 st.
1663 4327 1723 4377 B.
1760 4329 1887 4390 339,
1925 4330 1991 4377 20
2026 4331 2296 4391 oxytonos
2331 4327 2597 4391 scriptum
2645 4331 2757 4389 est,
2794 4342 2890 4392 pro
2926 4323 3047 4391 Εἴη-

534 4408 560 4446 ς
605 4395 743 4445 Lob.
788 4394 829 4446 1.
864 4410 937 4459 c.‚
983 4393 1239 4460 Ὀροιδος
1285 4401 1348 4444 ut
1393 4399 1588 4460 postea
1636 4391 1852 4460 ὀπηδός
1900 4397 2106 4461 sumpsi
2152 4411 2219 4445 ex
2268 4393 2358 4448 Cr.
2399 4395 2639 4471 EpiQI
2676 4395 2769 4460 56,
2815 4395 2912 4445 ubi
2956 4396 3047 4460 qui

468 4479 748 4544 profertur
781 4493 958 4531 canon
1031 4479 1182 4531 rocul
1221 4479 1386 4530 dubio
1423 4478 1492 4529 ab
1529 4478 1850 4531 Herodiano
1886 4480 2097 4545 petitus
2135 4486 2246 4532 est:
2292 4477 2366 4529 τὰ
2401 4476 2480 4531 είς
2515 4477 2611 4530 δος
2656 4477 2872 4543 καθαρὰ
2906 4475 3048 4543 ὑπὲρ

465 4545 567 4598 δύο
603 4544 876 4610 ςυλλαβὰς
913 4496 1066 4599 &uffa
1102 4545 1388 4600 ἐπιθετικὰ
1425 4545 1565 4598 ὄντα
1601 4543 1887 4611 ὀξύνεται,
1924 4546 2165 4612 ὀπηδός,
2203 4545 2404 4600 ἀοιδός.
2458 4546 2538 4630 μη
2571 4545 2711 4598 ὄντα
2746 4546 2807 4598 δὲ
2845 4544 3048 4610 (ἁπλᾶ)

467 4613 758 4667 ἐπιθετικὰ
801 4614 1126 4680 βαρύνεται,
1175 4613 1442 4677 κίναιδος,
1489 4612 1746 4678 Ὀροιδος
1793 4613 2098 4682 [ποταμός]
2150 4614 2428 4679 βαςιλεύς,
2474 4629 2542 4666 ου
2590 4613 2863 4680 μέμνηται
2909 4613 3048 4666 Θου-

468 4681 708 4748 κυδίδης.
847 4683 880 4733 l.
916 4686 1163 4751 25mpud
1200 4684 1397 4736 Aroad.
1434 4683 1639 4748 legitur
1671 4679 1806 4747 ἷζος,
1842 4681 2050 4749 ῥοῖζος,
2088 4685 2318 4748 ταῡζος,
2355 4682 2599 4749 Τρῶζος.
2655 4683 2894 4734 Primum
2933 4680 3048 4736 ἴζος

469 4753 708 4801 correxit
742 4752 878 4802 Lob.
914 4753 1081 4805 Proll.
1119 4756 1215 4805 361
1255 4751 1380 4806 ὄζος
1418 4751 1788 4813 substituens,
1829 4767 1929 4817 pro
1962 4752 2177 4806 Ταῦζος
2215 4751 2443 4804 exhibui
2480 4768 2547 4803 ex
2574 4752 2653 4805 St.
2681 4753 2743 4802 B.
2770 4748 3048 4815 Τόπαζος,

470 4834 566 4884 pro
601 4817 831 4883 Τρῶζος
870 4816 1061 4884 Τρίζος
1098 4838 1185 4888 ap.
1226 4821 1306 4872 St.
1346 4821 1427 4882 Β.,
1465 4833 1792 4886 quamquam
1836 4820 1914 4870 ibi
1950 4819 2145 4886 Τριζός
2191 4821 2300 4873 scri
2340 4829 2451 4871 tum
2500 4825 2586 4871 est
2628 4819 2838 4885 pariter
2881 4824 3049 4885 atque

470 4884 646 4938 Λαζός
683 4902 735 4952 p.
772 4888 887 4947 406,
927 4891 1005 4951 12,
1042 4890 1140 4941 sed
1176 4906 1228 4955 p.
1264 4892 1388 4948 549,
1425 4891 1494 4939 20
1528 4884 1689 4942 (άζοι
1725 4884 1888 4939 ἔθνος
1924 4888 2077 4953 παρὰ
2111 4891 2197 4955 τῷ
2233 4887 2291 4941 Π
2328 4902 2474 4954 ντῳ,
2522 4886 2664 4953 quod
2704 4887 2941 4938 Meinek.
2980 4904 3046 4938 ex
3078 4936 3084 4948 ,
