3664 5546
625 356 812 405 CLXX
1703 351 2120 402 PRAEFATIO.

623 511 816 574 Oram
863 509 959 573 IV
1002 508 1190 594 310),
1237 506 1717 571 Hellanicus
1766 505 1981 590 (Pros.
2030 506 2153 571 Od.
2204 513 2239 587 β
2289 507 2437 586 185,
2484 506 2570 569 cf.
2604 505 2810 569 Lehrs
2845 507 3048 569 Arist.
3080 507 3214 570 312

622 612 724 676 ed.
759 611 887 693 II),
937 609 1413 674 Heraclides
1460 610 1498 675 6
1547 610 1926 689 Μιλήςιος
1971 609 2055 692 (Θ
2093 608 2272 692 178),
2321 606 2856 694 Hermappias
2904 608 2994 690 (Δ
3025 607 3210 688 235),

623 713 985 777 Hermias
1043 713 1081 776 6
1139 713 1611 791 Κρατήτειος
1670 711 1763 792 (Π
1817 709 2004 797 297),
2061 709 2511 774 Herodicus
2574 708 2653 792 (Ν
2712 709 2828 789 29,
2888 707 2966 771 Ε.
3027 707 3210 771 Gud.

622 817 724 897 87,
770 814 888 895 52,
947 813 1060 877 ubi
1118 811 1963 896 'AptbeixncLchtines
2025 813 2110 896 (Ψ
2170 811 2352 897 731),
2421 811 2822 896 Lysanias
2881 811 2973 895 (Π
3025 809 3209 894 558),

621 912 1185 1000 Neoptolemus
1231 915 1270 978 6
1313 913 1719 993 Παριανός
1768 911 1850 994 (Ω
1880 912 2068 995 235),
2114 911 2526 976 Nicander
2573 912 2673 996 (ἐν
2717 916 2855 978 ταῖς
2901 913 3209 989 γλώςςαις

621 1016 749 1082 Od.
796 1016 983 1080 Pros.
1029 1037 1069 1094 γ
1111 1014 1300 1101 444),
1357 1013 1636 1078 Nicias
1685 1016 1762 1099 (Β
1808 1014 1951 1095 717,
2008 1013 2191 1079 Pros.
2239 1012 2367 1078 od.
2414 1035 2456 1078 α
2503 1013 2685 1096 109),
2744 1011 3209 1099 Pamphilus

623 1117 699 1202 (Α
738 1118 822 1182 52
879 1126 1002 1181 etc.
1092 1117 1162 1182 ἐν
1206 1118 1515 1195 γλώςςαις
1557 1116 1638 1180 Ε.
1671 1115 1760 1179 M.
1795 1116 1950 1195 521,
1996 1116 2099 1179 29.
2188 1114 2372 1179 Inter
2413 1114 2863 1179 Herodianum
2910 1124 2976 1179 et
3020 1115 3207 1178 Pam-

620 1217 868 1306 philum
913 1241 1081 1304 quae
1124 1217 1538 1282 necessitudo
1581 1219 1869 1286 intersit,
1927 1216 2115 1280 docte
2159 1218 2467 1303 exposuit
2509 1216 2744 1280 Ranke
2793 1215 2872 1280 de
2915 1215 3206 1302 Hesych.

621 1344 681 1409 p.
736 1321 857 1384 120
911 1341 1122 1405 seqq.,
1187 1341 1317 1384 uno
1379 1328 1632 1383 tantum
1692 1318 1835 1383 loco
1881 1318 1960 1382 Ε.
2008 1317 2099 1381 Μ.
2147 1317 2304 1399 521,
2348 1318 2464 1398 29,
2533 1316 2645 1402 qui
2701 1340 2785 1381 ex
2840 1316 3205 1383 Herodiani

621 1424 766 1502 περὶ
819 1425 929 1502 τῆς
985 1426 1114 1486 τῶν
1170 1419 1262 1485 κδ’
1317 1422 1642 1500 ςτοιχείων
1698 1415 2048 1487 ςυντᾶξεως
2104 1427 2401 1504 sumptus
2455 1429 2587 1500 est,
2646 1419 2810 1483 liber
2854 1417 3203 1504 Pamphili,

622 1523 706 1587 ad
750 1545 940 1607 quem
986 1522 1402 1587 Herodianus
1455 1521 1774 1605 respexit,
1842 1521 2084 1585 diserte
2137 1520 2544 1602 nominatur,
2606 1519 2732 1583 duo
2788 1519 3021 1607 reliqui
3073 1518 3201 1583 loci

621 1624 700 1688 Ε.
731 1624 821 1688 M.
868 1648 950 1688 ex
996 1622 1276 1687 Scholiis
1324 1622 1686 1686 Homericis
1734 1622 2018 1686 derivati
2064 1632 2251 1703 sunt,
2300 1620 2562 1686 Scholia
2606 1631 2822 1686 autem
2867 1624 3015 1708 ipsa
3056 1621 3204 1690 cod.

621 1727 714 1805 A,
760 1726 826 1788 in
872 1725 1110 1811 quibus
1156 1722 1482 1810 Pamphili
1529 1725 1767 1788 mentio
1814 1723 1918 1803 fit,
1974 1732 2048 1787 ut
2102 1732 2278 1787 recte
2334 1726 2672 1809 perspexit
2728 1723 3061 1802 Rankius‚
3118 1747 3203 1787 ex

621 1826 996 1890 Herodiano
1041 1824 1404 1906 fluxerunt,
1458 1825 1526 1887 in
1571 1826 1753 1888 cuius
1798 1824 2179 1888 Prosodiam
2228 1823 2496 1888 Iliacam
2553 1846 2631 1889 ea
2673 1824 2985 1889 Lehrsius
3030 1847 3205 1889 rece-

617 1928 745 2011 pit3
794 1928 862 1990 in
904 1925 1003 1990 his
1051 1937 1266 1990 autem
1313 1924 1732 1991 Herodianus
1779 1948 1905 1990 non
1950 1937 2024 1990 ut
2068 1925 2373 1989 Rankius
2404 1927 2753 2010 opinatur,
2799 1929 3030 2007 τέχνην
3075 1948 3203 2005 κρι-

618 2030 827 2110 τικήν,
859 2049 1050 2113 quam
1085 2026 1334 2091 Suidas
1355 2036 1843 2107 commemorat,
1875 2037 2025 2092 ante
2057 2026 2278 2092 oculos
2310 2026 2619 2091 habuisse
2636 2074 2654 2108 ,
2688 2027 2805 2091 sed
2837 2029 3203 2110 προςῳδίαν

619 2130 988 2212 Ὁμηρικήν,
1046 2150 1240 2214 quam
1283 2127 1593 2192 Lehrsius
1640 2129 1844 2192 Arist.
1893 2151 1958 2212 p.
2002 2129 2085 2191 29
2141 2128 2244 2191 ed.
2293 2128 2363 2192 II
2410 2151 2450 2191 a
2492 2126 2832 2212 Pamphilo
2890 2128 3201 2211 scriptam

470 2262 482 2269 ·
620 2253 763 2294 esse
808 2231 1084 2311 iudicat,
1132 2239 1232 2294 est
1276 2228 1769 2294 existimandus.
1839 2229 2129 2293 Dubium
2176 2252 2319 2294 esse
2363 2251 2493 2294 non
2523 2238 2764 2315 potest,
2810 2230 2963 2316 quin
2996 2228 3200 2292 Heron

617 2333 850 2396 dianus
897 2334 962 2395 in
1007 2331 1267 2416 scriptis
1314 2333 1450 2395 suis
1495 2331 1819 2418 Pamphili
1876 2329 2137 2396 lexicon
2181 2330 2675 2396 celeberrimum
2731 2354 2815 2396 ex
2868 2341 3201 2416 praestan-

617 2434 885 2499 tissimis
934 2432 1995 2517 antiquiorum'grammaticorum
2050 2432 2278 2496 lexicis
2334 2432 2726 2519 specialibus
2772 2432 3199 2517 compositum

617 2535 1144 2621 frequentissime
1189 2534 1591 2615 adbibuerit,
1638 2535 1731 2599 ita
1776 2543 1992 2597 tamen
2038 2543 2109 2598 ut
2139 2533 2397 2621 saepius
2443 2535 2579 2598 eius
2612 2535 3001 2600 sententiam
3030 2533 3203 2598 refu-

614 2639 834 2723 taret').
923 2635 1284 2701 Porsilus
1343 2635 1932 2722 Hierapytnius
1992 2633 2051 2718 (P
2111 2634 2293 2700 Pros.
2362 2635 2487 2702 Od.
2532 2658 2570 2713 γ
2615 2636 2803 2720 444),
2861 2635 3201 2700 Proteas

557 2749 562 2754 ’
617 2737 691 2823 (C
718 2739 907 2825 410),
953 2736 1461 2804 Ptolemaeus
1505 2736 2001 2803 Ascalonita
2048 2735 2333 2824 (praeter
2375 2739 2549 2803 locos
2583 2736 2658 2801 Il.
2702 2737 2813 2803 Pr.
2861 2737 3203 2803 aLehrsio

615 2850 1023 2906 enumeratos
1079 2839 1204 2904 Od.
1261 2841 1369 2906 Pr.
1416 2863 1458 2919 γ
1499 2840 1658 2921 255,
1719 2846 1754 2905 δ
1809 2839 1968 2921 22],
2026 2840 2180 2919 665,
2238 2845 2271 2907 ζ
2320 2839 2472 2921 149,
2535 2845 2570 2905 λ
2631 2841 2784 2923 134,
2837 2840 2996 2921 221,
3053 2838 3201 2919 597,

617 2967 657 3023 μ
700 2943 853 3023 284,
901 2966 948 3008 π
992 2943 1148 3023 305,
1196 2965 1232 3022 ρ
1276 2943 1435 3023 231,
1447 2944 1548 3015 ,in
1590 2942 1670 3005 Ε.
1702 2940 1881 3006 Gud.
1926 2942 2029 3024 87,
2073 2942 2158 3005 52
2205 2942 2346 3026 (ubi
2389 2943 2836 3027 Πολέμαχος),
2881 2943 2949 3006 in
2994 2941 3071 3004 E.
3104 2941 3197 3004 M.

614 3044 773 3126 622,
830 3043 976 3128 39),
1043 3043 1548 3108 Ptolemaeus
1615 3044 1653 3107 6
1718 3048 1856 3108 τοῦ
1924 3045 2465 3123 Ἀριςτονίκου
2528 3046 2619 3129 (Δ
2685 3044 2875 3129 423),
2952 3045 2990 3108 6
3055 3048 3201 3109 τοῦ

615 3147 1057 3227 Ὀροάνδου
1104 3145 1181 3228 (Κ
1224 3145 1411 3228 292),
1468 3144 1985 3228 Symmachus
2044 3145 2246 3227 (Mon.
2285 3146 2399 3225 39,
2445 3146 2589 3232 26),
2645 3143 3198 3209 Theodoridas

617 3246 677 3329 (?
724 3245 852 3311 Od.
898 3246 1083 3309 Pros.
1115 3267 1157 3323 γ
1188 3245 1377 3327 444),
1424 3244 1831 3329 Tyrannio
1879 3244 2081 3327 (Mon.
2131 3247 2244 3327 34,
2297 3247 2409 3323 15,
2457 3248 2535 3312 11.
2579 3246 2798 3329 Pros.,
2846 3246 2969 3312 Od.
3016 3244 3125 3309 Pr.
3158 3268 3202 3310 α

619 3346 772 3428 174,
819 3368 849 3412 ε
893 3346 1081 3430 200),
1128 3344 1411 3411 Zoilus
1455 3344 2032 3431 Amphipolitanus
2079 3349 2157 3431 (Α
2207 3348 2378 3434 129).

783 3447 1054 3527 Poetae,
1122 3448 1234 3533 qui
1289 3457 1355 3512 et
1408 3448 1492 3511 ab
1549 3446 1924 3512 Herodiano
1988 3457 2054 3512 et
2108 3447 2437 3533 Stephano
2496 3451 2811 3530 citantur,
2880 3459 3032 3513 sunt
3095 3448 3195 3512 hi:

616 3547 1107 3634 AeschyluS,
1154 3548 1487 3613 Alcman
1534 3550 1618 3633 (e.
1653 3571 1717 3632 g.
1751 3548 2092 3613 Od.P1·0s.
2138 3572 2178 3630 μ
2222 3551 2380 3632 313,
2426 3551 2506 3615 E.
2551 3551 2640 3615 M.
2686 3551 2842 3630 506,
2887 3551 2998 3632 2Ο;
3045 3549 3198 3630 663,

610 3650 728 3730 543
774 3650 933 3730 620,
980 3651 1127 3733 36),
1174 3648 1625 3731 Anacreon,
1673 3651 2234 3732 AntimachuS,
2293 3651 2801 3737 Antiphanes
2850 3651 2920 3737 (a
2963 3651 3197 3714 Choer.

613 3751 787 3816 Dict.
840 3751 992 3833 139,
1023 3751 1106 3815 29
1149 3761 1414 3838 propter
1457 3753 1953 3817 declinationem
1997 3755 2177 3817 vocis
2221 3755 2415 3833 μύκης
2448 3756 2752 3836 μύκητος,
2796 3752 2880 3817 ob
2920 3751 3197 3816 eandem

612 3872 873 3916 causam
917 3853 1221 3917 laudatur
1264 3875 1302 3916 a
1348 3853 1674 3938 Stephano
1720 3877 1770 3917 s.
1817 3854 2080 3933 Πάρνης
2125 3856 2523 3937 (Πάρνηθος)
2567 3856 2886 3935 Ἐμφανὴς
2946 3854 3016 3918 ἐν
3060 3855 3199 3918 Πυ·

612 3954 862 4040 ρἀύνῳ,
916 3977 1045 4041 qua
1090 3954 1522 4019 Choerobosci
1579 3964 1643 4017 et
1700 3954 2008 4041 Stephani
2056 3955 2483 4020 similitudine
2539 3957 2836 4021 firmatur
2879 3947 3195 4019 Meinekii

612 4057 894 4142 suspicio
940 4058 1319 4137 Ἀντιφάνης
1364 4056 1778 4120 scribendum
1823 4056 2222 4141 suadentis),
2278 4056 2759 4143 Apollonius
2806 4056 3195 4134 Rhodius,

613 4159 944 4238 Aratus,
1004 4156 1542 4223 Archilochus
1588 4158 1803 4241 (Eust.
1851 4157 2009 4229 518,
2064 4159 2211 4242 24),
2269 4159 2889 4244 Aristophanes,
2947 4156 3191 4222 Calli-

611 4260 933 4323 machus
982 4260 1064 4342 (e.
1094 4282 1160 4343 g.
1192 4258 1405 4323 Schol.
1440 4258 1565 4325 Od.
1598 4281 1637 4336 γ
1667 4260 1824 4340 380,
1872 4259 1951 4322 Ε.
1985 4258 2160 4323 Gud.
2192 4260 2351 4342 308,
2388 4261 2471 4324 26
2517 4260 2774 4325 nomine
2820 4278 3193 4345 suppresso,

610 4382 715 4444 ap.
774 4359 1159 4443 Choerob.),
1226 4361 1752 4446 Epicharmus
1812 4360 1922 4443 (E.
1980 4359 2070 4423 M.
2133 4361 2284 4443 199,
2341 4362 2457 4443 52,
2516 4361 2594 4425 Ε.
2657 4360 2833 4426 Gud.
2888 4362 3040 4441 301,
3097 4362 3193 4445 6),

610 4460 982 4547 EupoliS,
1029 4462 1494 4549 EuripideS,
1543 4461 2024 4548 Hermippus
2069 4465 2388 4544 comicus,
2448 4463 2885 4544 HesioduS,
2941 4463 3193 4547 Lyco-

608 4564 862 4648 phron
920 4562 1148 4629 Choer.
1204 4564 1351 4644 537,
1402 4563 1481 4626 14
1538 4565 1631 4646 (v.
1686 4564 1832 4650 21),
1889 4564 2044 4644 314,
2102 4565 2185 4628 16
2253 4564 2344 4646 (v.
2400 4564 2554 4649 516)
2611 4574 2877 4655 propter
2933 4565 3190 4644 Βέβρυξ,

608 4663 1040 4729 Menander
1085 4668 1309 4751 (saepe
1340 4686 1444 4750 ap.
1476 4664 1774 4749 Choer.),
1821 4663 2230 4730 Nicander
2276 4665 2501 4749 (etiam
2533 4690 2637 4750 ap.
2673 4665 2957 4749 Choer.),
3002 4663 3189 4728 Par-

609 4763 930 4830 thenius
986 4766 1248 4849 (Choer.
1302 4766 1460 4847 259,
1519 4766 1602 4829 29
1665 4775 1732 4830 et
1782 4766 1944 4848 260,
2001 4768 2106 4850 2),
2165 4765 2692 4832 Pherecrates
2761 4766 2892 4852 (ap.
2954 4765 3186 4831 Choer.
