3664 5546
604 361 732 425 202
1540 359 1622 414 ΕΚ
1660 357 1800 413 ΤΩΝ
1843 358 2250 414 ΗΡΩΔΙΑΝΟΥ

606 553 642 611 ρ
666 533 704 597 ό
727 554 759 597 ς
780 585 799 616 ,
855 532 1015 611 ὅπερ
1061 533 1192 598 ἔδει
1237 533 1609 614 βαρύνεςθαι
1662 535 2046 617 πλεοναςμῷ
2100 533 2306 627 τοῦχᾶ
2362 529 2432 596 ἐκ
2484 528 2896 612 διςυλλάβου,
2921 528 3183 610 γενόμε-

603 655 738 700 VOV.
1119 663 1128 694 ι

770 737 866 802 Τὰ
910 738 998 803 εἰς
1042 742 1159 819 [Bo—c
1202 740 1363 818 ὑπὲρ
1409 739 1527 804 δύο
1572 738 1885 818 ςυλλαβὰς
1927 739 2428 818 παραληγόμενα
2481 742 2562 806 δῦ
2607 735 3184 816 προπαροξύνεται,

605 839 1059 925 ἐπίκουρος,
1126 842 1577 921 ἐπάρουρος
1641 840 1678 903 6
1740 840 2080 920 κηπουρός.
2169 840 2550 919 Ἕλουρος
2607 838 2907 905 (κυθικὸν
2974 838 3183 919 ἔθνος,

528 953 561 1000 5
607 943 1128 1026 μελάνουρος,
1172 944 1708 1025 Παλίνουρος,
1752 943 2183 1021 παλίουρος
2226 941 2303 1007 τὸ
2348 942 2574 1022 φυτόν.
2639 941 2821 1006 Ὄλο
2840 961 3023 1019 υρος
3065 961 3184 1005 πο-

605 1045 851 1124 λίχνιον
915 1050 1027 1125 τῆς
1093 1047 1344 1126 Ἀχαΐας
1411 1046 1492 1111 οὐ
1553 1044 1778 1124 πόρρω
1841 1045 2187 1124 Παλλήνης
2254 1045 2343 1110 ὡς
2409 1046 2734 1124 Ξενοφῶν
2801 1042 3183 1122 Ἑλληνικῶν

604 1147 854 1231 ἑβδόμῳ
899 1146 999 1229 (4,
1049 1145 1172 1230 17).
1262 1150 1747 1231 Βάλβουρος,
1804 1145 1929 1228 ἀφ’
1973 1145 2053 1212 οὗ
2099 1147 2436 1228 Βάλβουρα
2489 1147 2675 1211 πόλις
2725 1145 2969 1210 Λυκίας.
3045 1144 3184 1209 Βό-

606 1254 640 1315 λ
658 1271 695 1314 ο
710 1274 746 1315 υ
760 1270 847 1329 ρο
863 1271 894 1314 ς
947 1251 1132 1316 πόλις
1186 1255 1315 1315 τῶν
1371 1250 1441 1316 ἐν
1497 1250 1762 1334 Ἰλλυρίᾳ
1807 1249 2151 1329 Τράλλεων
2208 1276 2233 1306 «
2248 1252 2441 1328 μοῖρα
2494 1250 2616 1328 γὰρ
2680 1253 2811 1313 τῶν
2865 1248 3185 1325 Ἰλλυριῶν

606 1354 792 1430 Βῆγις
837 1353 939 1417 καὶ
983 1354 1309 1432 Βόλουρος
1322 1378 1365 1416 ».
1455 1353 1489 1415 Ἰ
1509 1374 1559 1432 ψ
1575 1352 1690 1417 ίκο
1705 1375 1741 1417 υ
1756 1374 1793 1430 ρ
1808 1374 1846 1418 ο
1861 1374 1892 1417 ς
1937 1353 2125 1417 ἔθνος
2168 1352 2548 1428 Λιγυςτικόν.
2618 1350 3007 1431 Θεόπομπος
3049 1370 3182 1414 τες-

504 1477 569 1528 10
605 1462 965 1539 ςαρακοςτῶ
1008 1457 1198 1539 τρίτῳ
1246 1483 1270 1512 «
1285 1457 1364 1534 ῆν
1410 1454 1718 1533 ἐνέμοντο
1764 1455 2082 1534 πρότερον
2127 1453 2471 1533 Ἰψίκουροι
2523 1454 2626 1519 καὶ
2669 1453 3041 1533 Ἀρβαξανοὶ
3084 1453 3186 1516 καὶ

602 1557 845 1640 Εὔβιοι,
900 1558 1122 1634 Λίγυες
1174 1560 1249 1623 τὸ
1294 1557 1541 1634 γένος».
1634 1558 1978 1623 Κυνόςου
1998 1578 2132 1636 ρος
2176 1556 2214 1621 ὁ
2258 1556 2518 1639 Ἑρμοῦ,
2578 1556 2775 1621 Κύνο
2793 1575 2979 1634 υρος
3034 1557 3184 1620 παῖς

600 1660 898 1738 Περςέως
910 1710 928 1744 ,
984 1661 1050 1724 Ἀ
1063 1682 1110 1725 π
1122 1661 1162 1726 ά
1179 1682 1214 1725 τ
1227 1683 1264 1725 ο
1278 1683 1316 1725 υ
1331 1681 1366 1739 ρ
1381 1681 1418 1724 ο
1430 1682 1462 1725 ς
1527 1660 1767 1725 κόλπος
1828 1661 1900 1725 ἐν
1955 1667 2031 1744 τῇ
2090 1660 2270 1743 Ἀςίᾳ.
2346 1659 2684 1724 Ἑκαταῖος.
2760 1658 2809 1722 Τ
2823 1658 2860 1721 ό
2873 1680 2914 1737 μ
2928 1678 2966 1722 ο
2981 1680 3017 1721 υ
3033 1678 3068 1736 ρ
3082 1679 3119 1722 ο
3135 1679 3181 1722 ς.

604 1761 810 1827 οὕτως
853 1764 1020 1827 τινὲς
1064 1762 1361 1844 Τόμαρον
1406 1762 1562 1841 ὄρος
1591 1763 1926 1841 Δωδώνης
1970 1763 2007 1827 ὃ
2052 1763 2153 1827 καὶ
2182 1761 2435 1840 Τμάρος
2470 1761 2573 1826 καὶ
2601 1761 2716 1825 τὸν
2748 1763 3183 1824 κατοικοῦντα.

604 1865 1005 1947 ςεςημείωται
1061 1865 1506 1944 νομηουρός
1561 1864 1598 1929 6
1653 1867 1769 1944 τὴν
1825 1867 2032 1943 νομὴν
2089 1864 2431 1945 φυλάςςων
2489 1865 2591 1928 καὶ
2643 1863 2733 1928 ύλ
2751 1862 3089 1941 οκουρός
3145 1861 3183 1926 ὁ

504 1986 566 2037 15
601 1969 716 2048 τὴν
760 1968 920 2047 ὕλην
962 1968 1227 2047 τέμνων;

506 2079 516 2089 ·
770 2070 863 2134 Τὰ
908 2069 996 2135 εἰς
1039 2074 1155 2150 ρὸξ
1197 2070 1577 2151 τριςύλλαβα
1621 2069 2120 2150 παραληγόμενα
2162 2075 2238 2153 τῇ
2285 2073 2364 2134 ου
2409 2069 2729 2150 ὀξύνεται,
2786 2067 2841 2132 εἰ
2885 2067 3024 2147 ἔχοι
3069 2067 3184 2146 τὴν

603 2172 925 2252 ἄρχουςαν
971 2173 1246 2257 μακράν,
1302 2172 1709 2255 οἰκουρός,
1764 2171 2196 2255 κηπουρός,
2255 2171 2640 2250 τηλουρός
2697 2169 2734 2235 ὁ
2780 2170 3025 2251 μακρὰν
3072 2168 3183 2234 ὤν.

601 2275 681 2339 τὰ
737 2275 952 2355 μέντοι
1008 2275 1587 2354 προπεριςπώμενα
1640 2276 2020 2355 τριςύλλαβα
2074 2274 2298 2353 ὁρᾶται
2353 2274 2587 2353 ἔχοντα
2643 2273 2713 2337 ἐν
2768 2278 2843 2356 τῇ
2900 2271 3029 2350 πρὸ
3072 2274 3185 2348 τῆς

603 2383 682 2443 ου
728 2378 848 2443 δύο
892 2377 1204 2458 ςύμφωνα
1246 2378 1286 2455 ἢ
1331 2378 1433 2441 καὶ
1477 2378 1677 2442 πλείω
1722 2381 1853 2443 τῶν
1899 2381 2463 2456 χαρακτηριςτικῶν
2505 2379 2616 2455 τῆς
2660 2374 2962 2453 δευτέρας
3006 2378 3184 2441 culu-

500 2497 569 2550 20
600 2481 739 2557 γίας
781 2485 911 2546 τῶν
959 2481 1360 2562 βαρυτόνων,
1406 2479 1646 2558 ἀρκτο
1666 2483 1701 2544 ῦ
1720 2500 1888 2563 ρος,
1934 2477 2363 2561 ἀγχοῦρος,
2408 2481 2650 2554 κλαγγ
2669 2482 2909 2555 οῦρος
2953 2476 2991 2541 ὁ
3037 2497 3183 2555 κρα-

603 2585 823 2650 κτικός.
911 2583 986 2648 τὸ
1031 2583 1102 2648 δὲ
1147 2582 1196 2647 Λ
1211 2582 1251 2646 ά
1264 2605 1304 2661 μ
1318 2603 1364 2645 π
1379 2602 1416 2645 ο
1431 2604 1468 2646 υ
1484 2602 1520 2661 ρ
1536 2602 1572 2646 ο
1589 2601 1621 2646 ς
1664 2582 2220 2661 προπαροξύνεται
2266 2581 2368 2646 καὶ
2410 2581 2485 2646 τὸ
2531 2602 2566 2644 κ
2580 2580 2611 2644 ἐ
2626 2601 2662 2659 ρ
2674 2601 2760 2644 κο
2777 2602 2814 2643 υ
2829 2600 2864 2658 ρ
2880 2600 2917 2644 ο
2935 2599 2966 2643 ς
3011 2577 3185 2643 εἶδος
3280 2653 3284 2657 ,

601 2686 853 2751 πλοίου.

770 2789 863 2854 Τὰ
918 2788 1006 2853 εἰς
1059 2794 1175 2868 {To—c
1235 2789 1579 2870 διςύλλαβα
1633 2789 1773 2868 μετ’
1828 2788 2175 2866 ἐπιπλοκῆς
2242 2786 2593 2869 ςυμφώνου
2660 2784 2985 2866 ἀρχόμενα
3052 2783 3183 2849 ἀπὸ

601 2895 712 2970 τῆς
757 2897 828 2958 ν”ε
873 2891 1197 2974 ὀξύνεται,
1241 2891 1548 2974 νεκρός,
1593 2891 1900 2974 νεβρός,
1946 2890 2256 2972 νεφρός.

501 3010 567 3060 25
769 3012 808 3048 ὕ
855 2994 950 3058 Τὰ
993 2993 1082 3058 εἰς
1126 2997 1241 3073 ροῖ
1284 2993 1628 3075 διςύλλαβα
1671 2994 1813 3075 μετ>
1857 2993 2205 3070 ἐπιπλοκῆς
2248 2996 2364 3057 τοῦ
2410 2978 2446 3073 β
2489 2992 2665 3056 ἁπλᾶ
2708 2993 3027 3071 μονογενῆ
3076 2995 3183 3071 βα-

603 3097 888 3179 ρύνεται,
952 3096 1228 3176 ’Άβρος
1294 3095 1481 3161 ἔθνος
1545 3098 1710 3175 πρὸς
1771 3103 1863 3177 τῷ
1927 3094 2138 3180 Ἁδρίᾳ
2203 3094 2612 3161 Ταυλαντίων
2678 3095 2983 3173 προςεχές
3048 3095 3185 3157 τοῖς

605 3198 997 3264 Χελιδονίοις
1066 3198 1156 3262 ὡς
1210 3196 1547 3263 Ἑκαταῖος.
1633 3198 1903 3279 Ἕβρος
1968 3199 2255 3287 ποταμὸς
2309 3197 2572 3280 Θρᾴκης.
2652 3196 3013 3277 Κίμβρος,
3071 3193 3184 3259 οὕς

600 3300 766 3364 τινές
812 3321 962 3381 φαςι
1012 3300 1410 3383 Κιμμερίους,
1469 3299 1808 3381 (κύβρος
1854 3301 2093 3379 χωρίον
2141 3299 2584 3364 Μακεδονικὸν
2644 3299 2734 3363 ὡς
2779 3298 3184 3377 Θεόπομπος.

436 3457 441 3461 .
603 3402 998 3482 (κόμβρος
1054 3403 1242 3467 ἔθνος
1302 3402 1390 3467 ὡς
1445 3401 1792 3482 (οφοκλῆς.
1894 3403 2185 3482 Θίβρος
2240 3401 2426 3466 πόλις
2486 3400 2727 3480 Καρίας.
2823 3399 3183 3480 Λυκόφρων

501 3519 568 3569 30
603 3506 695 3587 (v.
745 3504 936 3588 1390)
995 3504 1105 3568 «οἳ
1161 3505 1396 3585 Θίβρον
1455 3504 1767 3582 οἰκήςουςι
1824 3503 2091 3569 (άτνιόν
2147 3505 2213 3568 τ’
2267 3503 2480 3582 ὄρος».
2580 3503 2936 3582 Θύμβρος
2993 3501 3184 3582 φίλος

602 3606 990 3688 Δαρδάνου,
1035 3605 1161 3686 ἀφ’
1206 3605 1286 3671 οὗ
1332 3607 1606 3687 Θύμβρα.
1673 3607 1972 3686 Ἴμβρος
2017 3610 2206 3685 νῆςος
2252 3606 2501 3688 Θρᾴκης
2544 3605 2685 3684 ἱερὰ
2718 3603 3037 3684 Καβείρων
3081 3604 3187 3668 καὶ

603 3708 859 3791 Ἑρμοῦ,
914 3709 992 3773 ὃν
1046 3709 1382 3789 Ἴμβραμον
1444 3709 1734 3786 λέγουςιν
1794 3708 1857 3773 οἱ
1915 3709 2126 3787 Κᾶρες.
2214 3708 2339 3773 ἔςτι
2390 3708 2493 3773 καὶ
2545 3707 2747 3772 πόλις.
2836 3706 3184 3786 Τέμβρος

603 3810 788 3875 πόλις
836 3810 1109 3889 Κύπρου.
1166 3810 1499 3890 Ὄμβρος
1544 3812 1832 3890 ποταμὸς
1864 3811 2121 3876 Ἰταλίας
2163 3811 2266 3875 καὶ
2295 3811 2499 3876 ἔθνος.
2547 3810 2842 3885 λέγονται
2887 3809 2990 3872 καὶ
3028 3807 3183 3888 Ὄμ-

605 3919 803 3993 βρικοι
849 3914 952 3977 καὶ
995 3912 1276 3992 Οὖμβροι
1320 3913 1495 3991 παρὰ
1538 3916 1675 3977 τοῖς
1720 3913 2041 3977 Ἰταλικοῖς
2098 3917 2536 3993 ςυγγραφεῦςι.
2623 3911 2726 3976 καὶ
2767 3912 2842 3974 τὸ
2888 3909 3185 3990 ὄμβρος

498 4028 564 4080 35
600 4015 1081 4095 προςηγορικόν.
1140 4013 1350 4078 ἄλλως
1379 4035 1446 4078 τε
1476 4015 1554 4079 τὰ
1586 4015 1674 4079 εἰς
1702 4018 1786 4080 οἳ
1818 4016 2162 4095 διςύλλαβα
2192 4017 2513 4094 μονογενῆ
2547 4012 2871 4092 ἀρχόμενα
2902 4011 3034 4076 ἀπὸ
3064 4015 3183 4075 τοῦ

600 4122 638 4180 ὃ
670 4119 771 4181 καὶ
801 4117 1034 4196 ἔχοντα
1065 4116 1185 4181 δύο
1217 4116 1528 4196 ςύμφωνα
1556 4118 1594 4195 ἢ
1626 4119 1876 4182 πλέονα
1907 4117 2278 4197 βαρύνεςθαι
2310 4117 2494 4181 θέλει.
2541 4114 2687 4181 οἷον
2720 4115 2932 4197 ὄκνος,
2964 4114 3182 4193 ὄρρος,

602 4218 816 4301 ὄςςος,
860 4217 1129 4300 Ὄρθος,
1186 4218 1403 4297 ὄγμος.
1494 4218 1703 4286 οὕτως
1758 4220 1860 4283 καὶ
1913 4217 2168 4298 ὄμβρος.
2257 4219 2333 4284 τὸ
2379 4219 2593 4299 μέντοι
2648 4217 2994 4297 γαμβρός
3040 4215 3184 4284 ὀξύ-

600 4474 854 4539 ἀφαυρός
891 4476 980 4526 καὶ
1014 4478 1098 4542 τῷ
1135 4473 1381 4540 ἀμαυρός
1418 4475 1510 4526 καὶ
1545 4478 1663 4527 τοῖς
1702 4472 1928 4538 ὁμοίοις.
2133 4475 2169 4541 l.
2205 4480 2235 4527 2
2281 4491 2457 4526 canon
2495 4474 2561 4525 de
2598 4475 2909 4525 nominibus
2941 4474 2999 4523 in
3034 4475 3184 4536 οῑρὸῖ

599 4543 1063 4610 hyperdisyllabis
1097 4560 1203 4595 non
1240 4546 1558 4609 propositus
1594 4549 1706 4605 est,
1754 4559 1917 4608 quum
1954 4545 2175 4594 unicum
2212 4545 2372 4594 huius
2415 4544 2636 4607 generis
2671 4543 3001 4594 vocabulum
3039 4540 3184 4592 ὄνοι-

598 4627 694 4676 ρος
732 4612 1011 4663 Aeolicum
1050 4612 1147 4663 sit:
1186 4614 1247 4662 Ε.
1284 4614 1356 4662 Μ.
1393 4614 1507 4671 660,
1546 4614 1635 4662 52:
1675 4611 1893 4676 ὄνειρος
1930 4612 2151 4677 ὄνοιρος
2187 4612 2411 4675 λέγεται
2447 4609 2737 4663 Αἰολικῶς.
2852 4610 2887 4660 l.
2921 4613 2956 4659 4
2990 4607 3184 4662 Ἕλου-

599 4694 694 4744 ρος
733 4696 799 4729 ex
838 4684 919 4734 St.
960 4682 1021 4730 Β.
1062 4680 1308 4745 explevi,
1356 4682 1577 4732 nomina
1624 4680 1751 4729 inde
1796 4681 1866 4730 ab
1905 4680 2179 4746 Ὀλουρος
2225 4696 2400 4745 usque
2444 4679 2514 4730 ad
2562 4679 2849 4743 Τόμουρος
2899 4695 2967 4729 ex
3002 4678 3083 4728 St.
3123 4678 3184 4728 Β.

599 4749 803 4809 adieci,
842 4749 989 4814 apud
1027 4764 1185 4813 quem
1209 4755 1399 4798 eontra
1424 4766 1690 4799 canonem
1714 4748 2010 4814 Τομοῦρον
2046 4752 2312 4815 scriptum
2349 4755 2451 4798 est.
2571 4748 2607 4797 l.
2633 4752 2699 4797 25
2735 4749 2881 4797 huno
2916 4762 3184 4798 canonem

600 4816 728 4864 finxi
768 4833 833 4866 ex
870 4820 948 4866 st.
988 4819 1051 4867 Β.
1090 4820 1147 4879 9,
1186 4822 1217 4867 3
1254 4832 1296 4865 s,
1334 4816 1552 4881 Ἄβροι,
1600 4817 1693 4868 ubi
1732 4816 2027 4881 βαρύνεται
2071 4818 2133 4869 δὲ
2179 4817 2259 4868 ὡς
2306 4814 2528 4881 Κίμβροι
2566 4817 2714 4879 κτλ.,
2759 4817 2922 4866 etiam
2968 4814 3184 4879 reliqua

601 4883 842 4934 indidem
890 4886 1065 4950 petita
1112 4892 1268 4948 sunt,
1315 4886 1717 4951 appellativum
1764 4886 1970 4951 ὄμβρος
2016 4903 2084 4936 ex
2119 4888 2185 4937 ΙΙ.
2221 4887 2309 4936 Pr.
2347 4883 2390 4937 Λ
2428 4888 2510 4940 68.
2582 4884 2651 4937 τὸ
2698 4882 2889 4949 μέντοι
2933 4881 3182 4948 γαμβρός
