3664 5546
644 371 770 437 208
1580 372 1663 428 ΕΚ
1700 371 1841 427 ΤΩΝ
1883 371 2293 427 ΗΡΩΔΙΑΝΟΥ

647 542 977 626 (ἶκυθικόν,
1022 544 1169 622 περὶ
1212 542 1292 608 οὗ
1337 543 1635 624 (Στράβων
1680 543 1984 629 ἑνδεκάτῃ
2028 544 2123 630 (p.
2153 541 2297 608 492.
2325 540 2506 628 506).
2593 541 2670 607 τὸ
2716 540 2788 607 δὲ
2834 540 3230 621 (ολογορ-

645 645 771 711 ςός
815 645 1001 711 πόλις
1046 646 1373 725 Ἀρκαδίας
1416 645 1723 713 ὀξύνεται.

810 782 905 847 Τὰ
960 781 1048 847 εἰς
1100 784 1219 848 {Tc
1272 782 1614 863 διςύλλαβα
1666 782 1906 862 ἔχοντα
1971 782 2072 848 καὶ
2128 782 2351 860 ἕτερον
2415 783 2450 845 ἰ
2504 780 2781 846 κλιτικὸν
2845 779 2917 845 ἐν
2971 787 3048 864 τῇ
3102 782 3231 859 πρὸ

641 884 868 948 τέλους
912 887 1188 969 ςυλλαβῇ
1243 886 1325 965 μή
1382 885 1541 949 κατὰ
1593 884 1801 950 πάθος
1858 884 2148 951 ὀξύνεται
2161 934 2179 968 ,
2238 883 2519 949 Βεςςός
2569 883 2646 947 τὸ
2698 882 2984 965 ἐθνικόν,
3041 882 3231 947 Onc-

573 990 608 1042 δ
644 985 797 1068 ςός,
844 985 1096 1052 Ἀςςός
1149 987 1336 1052 πόλις
1377 986 1622 1052 Λυδίας.
1711 986 1979 1071 δευτέρᾳ
2032 987 2220 1051 πόλις
2262 984 2555 1050 Αἰολίδος
2610 985 2769 1049 κατὰ
2820 984 2937 1049 τὸν
2982 983 3229 1061 Ἑλλής-

642 1108 889 1152 ποντον
944 1089 984 1167 ἢ
1035 1089 1436 1167 Κεκρόπειον.
1526 1089 1943 1166 Ἀλέξανδρος
1997 1089 2064 1153 δ’
2118 1087 2157 1152 6
2217 1087 2567 1167 Κορνήλιος
2624 1085 2701 1186 ἐν
2751 1092 2843 1171 τῷ
2897 1087 3046 1165 περὶ
3096 1088 3232 1152 τῶν

643 1191 803 1268 παρ’
832 1189 1126 1270 Ἀλκμᾶνι
1172 1195 1450 1256 τοπικῶς
1493 1178 1967 1270 ἱςτορ”ουμένων
2001 1191 2449 1270 Μιτυληναίων
2495 1188 2769 1254 ἄποικον
2803 1187 2886 1275 ,ἐν
2915 1195 2992 1273 τῇ
3027 1188 3230 1272 Μυςίᾳ

643 1291 833 1371 φηςὶν
878 1291 1129 1377 Ἀςςόν,-
1181 1292 1350 1358 ὅπου
1407 1292 1445 1357 6
1505 1292 1913 1372 ςαρκοφάγος
1966 1292 2204 1369 γίνεται
2261 1293 2451 1357 λίθος.
2541 1291 2666 1357 ἔςτι
2721 1292 2825 1356 καὶ
2877 1292 3114 1369 λειμὼν
3159 1289 3231 1354 ἐν

641 1399 734 1477 τῷ
785 1393 1092 1478 Κιλβιανῷ
1135 1394 1335 1478 πεδίῳ
1379 1396 1490 1471 τῆς
1534 1393 1764 1459 Λυδίας
1815 1394 1964 1472 περὶ
2017 1394 2134 1459 τὸν
2185 1394 2508 1474 Κάϋςτρον
2561 1393 2872 1473 ποταμόν.
2960 1392 3085 1458 ἔςτι
3131 1392 3232 1456 καὶ

543 1499 609 1553 10
642 1494 826 1574 ἑτέρα
869 1496 1054 1561 πόλις
1098 1497 1168 1561 ἐν
1213 1496 1488 1581 Ἠπείρῳ
1534 1497 1735 1577 μικρά.
1782 1496 2042 1578 Ἠςςός
2085 1497 2271 1561 πόλις
2314 1496 2637 1576 Λοκρίδος.
2695 1495 2997 1574 Ψηςςός
3040 1494 3232 1560 ἔθνος

643 1601 755 1675 τῆς
799 1597 1149 1677 Ταυρινίας.
1224 1598 1716 1678 Ἀπολλόδωρος
1769 1598 1840 1663 ἐν
1887 1598 2166 1682 δευτέρῳ
2221 1600 2367 1677 περὶ
2419 1602 2536 1677 γῆς
2580 1597 2843 1662 «ἔπειτα
2886 1598 2952 1662 δ’
2996 1596 3229 1676 Ἑρμώ-

643 1719 836 1764 ναςςα
879 1700 981 1764 καὶ
1029 1699 1242 1778 Κῆπος
1283 1701 1498 1783 πόλις,
1542 1701 1758 1777 τρίτον
1804 1701 1877 1764 δὲ
1919 1700 1994 1763 τὸ
2040 1700 2303 1779 Ψηςςῶν
2350 1700 2600 1766 ἔθνος».
2666 1690 3001 1765 Τνυςςός
3044 1699 3231 1763 πόλις

649 1800 891 1880 Καρίας.
980 1801 1302 1868 Ἑκαταῖος
1345 1801 1526 1885 Ἀςίᾳ.
1618 1802 1902 1867 Βυςςός
1944 1802 2020 1866 τὸ
2066 1801 2319 1868 ἐθνικὸν
2377 1803 2479 1867 καὶ
2532 1801 2573 1879 ἡ
2622 1805 2816 1880 νῆςος
2863 1802 2966 1866 καὶ
3011 1799 3231 1882 βυςςός

644 1901 683 1966 6
730 1903 949 1986 βυθός,
1005 1904 1298 1970 πεςςός.
1365 1904 1589 1970 Ἰςςός
1642 1904 1828 1968 πόλις
1875 1905 2102 1983 μεταξὺ
2149 1902 2372 1983 (υρίας
2426 1905 2529 1969 καὶ
2580 1903 2864 1968 Κιλικίας.
2941 1902 3227 1984 διςςός,

544 2009 611 2062 15
645 2005 993 2089 τριςςός,
1027 2005 1311 2089 λιςςός,
1344 2007 1613 2071 κιςςός.
1659 2007 1734 2070 τὸ
1766 2007 1839 2070 δὲ
1873 2005 2137 2071 Κίςςος
2166 2007 2242 2070 τὸ
2274 2007 2496 2085 κύριον
2530 2007 2880 2086 βαρύνεται.
2931 2005 3232 2069 ὼςαύτως

643 2108 746 2171 καὶ
773 2107 848 2171 τὸ
896 2106 1172 2188 βύςςος
1213 2107 1289 2172 τὸ
1334 2108 1613 2186 θηλυκὸν
1657 2110 2127 2188 προςηγορικὸν
2173 2107 2300 2189 ἀφ’
2331 2107 2411 2173 οὗ
2442 2109 2546 2173 καὶ
2577 2109 2900 2191 βύςςινον,
2932 2107 3228 2172 nat-Aic-

644 2229 772 2274 ςος
815 2208 1000 2274 πόλις
1030 2209 1361 2288 Ἰλλυρίας·
1406 2213 1482 2274 τὸ
1512 2211 1635 2288 γὰρ
1680 2211 2027 2285 γλωςςός
2072 2210 2110 2275 6
2143 2211 2341 2275 λάλος
2383 2210 2560 2289 παρὰ
2604 2211 2680 2274 τὸ
2710 2213 2961 2286 γλῶςςα
3000 2210 3231 2286 γέγονε

642 2311 1061 2391 παρωνύμως.
1147 2312 1223 2376 τὸ
1282 2312 1354 2376 δὲ
1409 2311 1685 2376 κάςςος
1740 2310 1873 2377 ἀπὸ
1934 2315 2051 2376 τοῦ
2096 2313 2287 2377 κάςος
2339 2313 2579 2389 γίνεται
2623 2312 2781 2376 κατὰ
2822 2312 3230 2390 πλεοναςμὸν

641 2415 757 2477 τοῦ
800 2413 851 2477 ἰ.
939 2411 1065 2478 ἔςτι
1111 2413 1181 2477 δὲ
1226 2410 1402 2478 εἶδος
1444 2412 1694 2492 ἱματίου
1738 2413 1911 2479 οὕτω
1956 2410 2377 2494 καλουμένου.
2456 2414 2757 2479 ὡςαύτως
2804 2415 2908 2479 καὶ
2950 2415 3229 2494 μέςςος

539 2520 607 2572 20
641 2515 742 2578 καὶ
785 2514 1071 2579 τόςςος.
1158 2515 1234 2580 τὸ
1292 2517 1362 2579 δὲ
1418 2514 1648 2580 ὄςςος
1689 2552 1776 2562 -
1831 2516 2079 2592 λέγεται
2148 2519 2220 2582 δὲ
2274 2516 2557 2594 καθάπερ
2624 2515 2662 2580 6
2708 2517 2930 2582 ςκότος
2995 2517 3099 2581 καὶ
3152 2517 3228 2581 τὸ

644 2616 864 2681 ςκότος
907 2616 978 2681 ἐν
1024 2615 1213 2699 ὁμοίᾳ
1258 2617 1587 2696 καταλήξει
1631 2619 1734 2683 καὶ
1778 2617 1816 2682 6
1862 2618 2127 2698 ἔλεγχος
2172 2619 2275 2683 καὶ
2326 2619 2403 2683 τὸ
2451 2618 2748 2702 ἔλεγχος,
2806 2618 2977 2683 οὕτω
3033 2618 3135 2682 καὶ
3191 2617 3230 2681 6

641 2717 825 2784 ὄςςος
867 2719 970 2784 καὶ
1012 2719 1105 2784 τὸ-
1133 2717 1318 2786 ὄςςος
1345 2754 1433 2765 -
1463 2719 1799 2800 βαρύνεται
1847 2719 1925 2786 ού
1971 2720 2175 2801 μόνον
2215 2721 2434 2787 καθότι
2478 2719 2774 2785 Αἰολικὸν
2820 2723 2999 2785 δοκεῖ
3042 2718 3228 2803 εἶναι,

641 2820 808 2886 ἀλλὰ
851 2822 954 2886 καὶ
1007 2820 1104 2886 ὅτι
1160 2823 1238 2886 τὰ
1293 2822 1382 2887 εἰς
1424 2826 1509 2886 δῖ
1554 2826 1875 2902 μονογενῆ
1933 2824 2276 2904 διςύλλαβα
2328 2830 2420 2909 τῷ
2479 2826 2516 2888 ὃ
2572 2824 3071 2905 παραληγόμενὰ
3128 2824 3230 2888 καὶ

642 2923 705 2990 ἐξ
751 2924 952 2989 αὐτοῦ
997 2923 1322 3004 ἀρχόμενα
1364 2925 1467 2989 καὶ
1510 2925 1744 3004 ἔχοντα
1801 2926 1880 3004 δὴ
1936 2926 2011 2990 τὸ
2056 2925 2216 2991 αὐτὸ
2262 2926 2611 3005 ςύμφωνον
2659 2925 3026 3009 βαρύνεται,
3081 2926 3228 2989 κόν·

537 3033 605 3084 25
639 3046 786 3107 νος,
833 3022 1059 3108 ὄρρος,
1104 3027 1360 3111 κόκκος,
1408 3026 1646 3091 κόττος.
1736 3027 1944 3092 οὕτως
1987 3027 2111 3106 ἄρα
2166 3029 2270 3092 καὶ
2322 3026 2521 3093 ὄςςος.
2611 3025 2851 3106 εἴρηται
2905 3030 3226 3107 μονογενῆ

641 3128 745 3191 διὰ
789 3129 864 3192 τὸ
910 3129 1170 3193 πολλός.
1217 3130 1477 3215 μάχεται
1521 3136 1614 3213 τῷ
1644 3130 1865 3194 κανόνι
1896 3130 1971 3193 τὸ
2002 3130 2256 3209 κομμός.
2313 3130 2672 3209 θαυμαςτὸν
2704 3131 2776 3194 δὲ
2822 3130 3016 3195 οὐδὲν
3048 3129 3228 3207 εἴπερ

640 3230 718 3293 τὰ
762 3228 850 3294 εἰς
905 3234 979 3293 ος
1024 3231 1307 3309 λήγοντα
1350 3237 1441 3315 τῷ
1486 3232 1527 3294 ,ὃ
1571 3231 2070 3311 παραληγόμενα
2103 3235 2280 3312 φιλεῖ
2322 3232 2395 3296 ἓν
2439 3232 2613 3311 ἔχειν
2659 3233 2735 3297 τὸ
2779 3234 2814 3296 ‘c‘
2858 3232 3024 3312 εἰμὴ
3070 3232 3228 3297 κατὰ

640 3331 846 3397 πάθος
902 3334 1236 3397 διπλοῦται
1294 3333 1383 3399 ὡς
1438 3334 1514 3399 τὸ
1569 3335 1803 3400 τόςςος.
1903 3339 2096 3400 τοῦτο
2163 3336 2234 3400 δὲ
2299 3333 2502 3414 μόνον
2569 3336 2711 3414 ἔςχε
2778 3335 2988 3401 διςςὸν
3049 3333 3225 3401 αὐτό.

642 3660 697 3710 in
736 3658 840 3709 fine
878 3656 1221 3724 (ολογορςός
1256 3664 1320 3709 ut
1358 3664 1669 3726 exemptum
1706 3660 1867 3726 posui
1903 3665 2125 3726 propter
2160 3663 2448 3711 accentum
2482 3676 2517 3710 a
2554 3660 2836 3726 Stephano
2872 3659 3154 3710 traditum.

642 3728 676 3778 1.
710 3730 744 3778 4
780 3726 979 3780 Βεςςός
1014 3727 1185 3778 habet
1222 3729 1389 3779 etiam
1426 3729 1507 3780 St.
1536 3730 1599 3779 B.
1637 3729 1755 3792 618,
1792 3729 1825 3778 8
1863 3744 1984 3779 cum
2021 3729 2311 3780 Strabonis
2345 3729 2690 3789 testimonio,
2732 3743 2901 3792 quare
2935 3728 3078 3778 nihil
3111 3744 3223 3778 mu·

640 3795 869 3846 tandum
906 3801 1021 3860 θεῖς
1070 3794 1255 3847 Ἀςςός
1303 3796 1520 3862 explevi
1563 3812 1631 3847 ex
1668 3797 1748 3847 St.
1784 3796 1875 3861 Β.,
1922 3813 1991 3847 ex
2036 3796 2226 3847 eodem
2270 3796 2463 3848 addita
2508 3802 2638 3847 sunt
2671 3794 2719 3847 Ψ
2761 3796 2912 3860 ςςός,
2959 3795 3221 3859 Τνυςςὸς,

641 3862 871 3929 Βυςςός,
911 3865 977 3914 de
1017 3879 1122 3929 quo
1160 3865 1239 3917 St.
1264 3864 1355 3914 B.:
1394 3862 1597 3916 Bucc6c
1635 3862 1860 3915 ἐθνικὸν
1897 3863 1987 3915 καὶ
2023 3862 2309 3917 ὀξυτόνως
2347 3862 2426 3916 ὡς
2453 3863 2727 3929 Ἡρωδιαν
2765 3878 2807 3915 ς.
2873 3863 3095 3927 λέγεται
3133 3865 3224 3915 καὶ

640 3932 673 3982 ό
712 3930 892 3995 βυθός.
963 3931 1034 3982 τὸ
1072 3930 1263 3995 μέντοι
1298 3931 1548 3998 θηλυκὸν
1585 3931 1777 3996 βύςςος
1824 3932 2147 3997 βαρύνεται,
2196 3931 2307 3996 ἀφ’
2340 3931 2408 3984 οὗ
2447 3933 2537 3983 καὶ
2584 3931 2837 3996 βύςςινον
2871 3939 2927 3982 et
2961 3933 3222 3986 Eustath.

638 4000 711 4050 ad
734 4001 962 4064 Dionys.
986 4002 1085 4051 457
1112 3997 1175 4050 ἐν
1199 4003 1319 4051 ταῖς
1350 3998 1672 4067 Γυμνηςίαις
1698 3998 1886 4065 νήςοις
1911 4000 1945 4063 ἡ
1975 3999 2183 4052 Βοῡςός
2209 3999 2383 4065 ἐςτιν,
2410 3998 2483 4065 ἣν
2508 4000 2849 4066 Ἡρωδιανὸς
2875 3999 2938 4051 ἐν
2962 4003 3032 4067 τῇ
3059 4000 3224 4051 καθό-

639 4069 741 4120 λου
776 4065 1059 4135 προςψδίᾳ
1093 4066 1278 4120 ὸξύνει
1313 4067 1519 4120 Βουςός
1554 4069 1678 4133 (scr.
1705 4067 1931 4134 Βυςςός)
1966 4067 2382 4131 ἀναγινώςκων.
2419 4097 2483 4105 -—-
2518 4068 2718 4121 πεςςός
2758 4085 2825 4119 ex
2858 4070 2926 4119 ΙΙ.
2959 4070 3047 4120 Pr.
3080 4066 3125 4119 Ω
3159 4070 3226 4119 80

639 4138 843 4198 adieci3
874 4135 1033 4189 Ἰςςός
1059 4152 1126 4186 ex
1153 4138 1234 4189 St.
1259 4138 1342 4199 Β.,
1369 4134 1572 4200 λιςςός,
1613 4137 1757 4202 quod
1784 4137 2049 4188 Lehrsius
2075 4138 2146 4187 ad
2170 4138 2236 4188 11.
2261 4140 2351 4191 Pr.
2377 4136 2422 4189 Ω
2445 4140 2512 4189 80
2537 4154 2634 4204 pro
2663 4136 2850 4189 Ἀςςός
2875 4137 3222 4187 scribendum

637 4205 1236 4338 ἓῗιὲἒὲἓέἓῗὲἔᾞῖἳὲἱ
1245 4202 2445 4340 22‘5332'121‘53312‘32‘53113213¹⁵21?§32¹2ssss
2458 4203 3224 4339 “3‘1‘1⁶‘q51{⁰3{¹1{³32⁶122‘3{c2⁶c‘

638 4343 821 4407 posuit
844 4340 1061 4405 βύςςος,
1100 4341 1242 4405 quod
1267 4358 1336 4392 ex
1362 4342 1441 4391 st.
1466 4344 1531 4393 B.
1560 4342 1805 4407 explevi,
1844 4338 2035 4393 Λίςςος
2060 4358 2128 4392 ex
2155 4344 2235 4393 St.
2259 4345 2323 4393 B.
2349 4343 2575 4407 sumpsi.
2593 4313 2606 4338 ²
2678 4343 2716 4392 l.
2745 4345 2808 4393 19
2834 4339 3105 4392 ὼςαύτως
3130 4341 3222 4392 καὶ

639 4409 830 4473 μέςςος
867 4409 1061 4459 addidi
1096 4427 1163 4461 ex
1197 4410 1261 4461 11.
1287 4411 1375 4460 Pr.
1400 4408 1445 4461 Ω
1479 4412 1568 4461 80:
1607 4408 1829 4474 βυςςόν;
1871 4407 2215 4476 ἐπεκράτηςε
2253 4409 2321 4461 τὸ
2360 4409 2648 4462 ὸξύνεςθαι
2681 4412 2768 4476 τῷ
2805 4408 2877 4460 τὰ
2913 4406 2992 4461 εἰς
3027 4412 3089 4460 οἳ
3126 4408 3222 4474 M]-

636 4492 812 4541 γοντα
848 4476 1101 4541 ὀνόματα
1124 4476 1423 4542 διςύλλαβα
1447 4475 1729 4542 ἀρχόμενα
1762 4476 1879 4530 ἀπὸ
1905 4477 2213 4543 ςυμφώνου
2247 4478 2282 4543 ἢ
2309 4476 2661 4542 ςυμφώνων,
2698 4475 3223 4541 δεδιπλαςιαςμὲνον

637 4545 842 4610 ἔχοντα
887 4545 956 4597 τὸ
992 4549 1027 4598 ’ὃ
1072 4544 1362 4599 ὸξύνεςθαι
1408 4544 1619 4610 θέλειν,
1667 4545 1874 4611 κιςςός,
1922 4546 2136 4599 πεςςός.
2206 4544 2527 4597 ἀντιπίπτει
2572 4546 2641 4597 τὸ
2689 4544 2897 4609 μέςςος.
2965 4546 3224 4597 Eustath.

637 4615 739 4665 hoc
776 4614 1032 4666 Scholion
1070 4613 1387 4665 describens
1425 4614 1588 4664 dicit:
1638 4613 1961 4667 ἀντιπίπτει
2005 4614 2075 4666 τὸ
2117 4613 2316 4667 Νέςςος
2354 4614 2546 4679 κύριον
2583 4614 2791 4678 όνομα;
2839 4613 2939 4665 sed
2971 4615 3030 4663 in
3063 4614 3219 4665 Pros.

638 4682 853 4734 Cathol.
906 4689 1193 4748 utrumque
1248 4688 1722 4733 commemoratum
1774 4683 2023 4749 videtur,
2081 4681 2281 4735 Νέςςος
2335 4688 2397 4733 ut
2450 4698 2581 4734 vere
2635 4689 2970 4749 exemptum,
3029 4680 3222 4746 μέςςος

637 4756 822 4802 autem
859 4752 1069 4817 pariter
1103 4756 1274 4815 atque
1311 4750 1506 4803 κάςςος
1552 4757 1779 4817 propter
1819 4752 2201 4817 pleonasmum
2243 4752 2442 4802 literae
2477 4754 2524 4802 ἰ.
2563 4779 2630 4787 -—-
2666 4751 2757 4802 καὶ
2799 4749 2995 4802 τόςςος
3041 4749 3222 4800 adieci

636 4834 701 4867 ex
735 4820 995 4871 Eustath.
1034 4819 1191 4881 1746,
1226 4821 1319 4883 23,
1364 4819 1509 4870 unde
1549 4820 1718 4870 etiam
1763 4822 2057 4885 sequentia
2105 4820 2172 4870 de
2219 4819 2404 4885 ὄςςος,
2453 4835 2578 4870 nam
2623 4820 2832 4870 diserte
2869 4818 3224 4869 Herodianus

636 4885 893 4938 laudatur
928 4888 961 4938 6
997 4887 1058 4938 δὲ
1097 4886 1437 4952 Ἡρωδιανὸς
1473 4885 1623 4952 λέγει
1660 4887 1748 4940 ὅτι
1785 4886 2037 4953 καθάπερ
2074 4889 2193 4941 κτλ.
2231 4895 2287 4940 et
2323 4896 2448 4956 post
2485 4886 2805 4952 θαυμαςτὸν
2841 4886 2928 4953 δέ,
2966 4886 3127 4954 φηςί,
3167 4894 3223 4936 et
