3664 5546
1186 371 1345 426 Περι
1387 342 1778 427 κΑοόΛικΗς
1815 372 2238 427 ΠΡοςΩιΔιΑς
2278 374 2348 426 ιτ.
2942 376 3070 439 373

479 545 600 622 γὰρ
644 544 719 607 τὸ
766 543 1256 622 ςημαινόμενον·
1316 543 1522 608 οὕτως
1566 544 1821 623 παρειαί
1865 544 2114 622 παρειά.
2202 544 2356 623 φαςὶ
2398 544 3063 625 μέντοιδἈρίςταρχον

478 647 578 710 καὶ
632 644 1092 724 Ἀριστοφάνην
1150 644 1425 724 γράφειν
1491 645 1756 722 παρειάς
1809 646 1921 710 ςὺν
1977 652 2069 729 τῷ
2124 647 2188 728 Ε,
2253 644 2472 724 ἐπειδὴ
2535 646 2635 709 καὶ
2695 647 3063 724 «παρειάων

478 747 829 811 ἁπαλάων»
876 746 950 828 (C
998 744 1147 826 123)
1193 745 1378 820 λέγει.
1467 746 1505 809 ὸ
1552 747 1621 809 δὲ
1667 744 1857 811 Ἰξίων
1913 751 2143 811 δυῑκῶς
2199 745 2612 822 ἀναγινώςκει
2670 748 2771 812 καὶ
2824 748 3064 813 ἐκτάςει

476 852 594 912 τοῦ
652 850 693 909 fi
748 848 996 926 παρειά.
1097 847 1265 923 λέγει
1321 849 1390 911 δὲ
1448 847 1486 910 ὁ
1531 848 1986 925 Ἀςκαλωνίτης
2042 847 2204 912 «οὐκ
2259 847 2424 913 ἔςτιν
2471 850 2756 927 εὑρέςθαι
2799 850 2916 932 ,ἐπὶ
2955 857 3063 929 θη-

477 953 687 1014 λυκῶν
729 948 1070 1028 ὀνομάτων
1114 949 1288 1027 παρὰ
1332 955 1424 1032 τῷ
1469 954 1700 1032 ποιητῇ
1744 953 2003 1012 τοιοῦτο
2035 950 2353 1027 θηλυκόν»
2399 952 2747 1029 προςέθηκε
2793 955 2864 1017 δὲ
2909 951 3059 1016 ὀνο-
3102 964 3135 1012 5

476 1051 692 1131 μάτων
737 1050 841 1115 διὰ
885 1051 959 1114 τὸ
1019 1051 1310 1128 «γηθήςει
1354 1050 1757 1130 προφανείςα
1812 1050 1940 1113 ἀνά
1993 1051 2342 1130 πτολέμοιο
2388 1053 2715 1131 γεφύρας»
2760 1053 2844 1135 (Θ
2889 1052 3060 1135 378).

474 1154 550 1217 τὸ
616 1154 686 1217 δὲ
751 1151 1013 1215 θέειον
1082 1150 1150 1214 ἐκ
1214 1155 1332 1216 τοῦ
1399 1155 1576 1216 θεῖον
1651 1152 1809 1215 κατὰ
1875 1153 2282 1231 πλεοναςμὸν
2349 1158 2467 1217 τοῦ
2533 1157 2566 1218 ἒ
2629 1154 2903 1229 γέγονεν
2971 1155 3061 1220 ὡς

475 1253 566 1320 εἷς
609 1254 749 1320 ἕεις.
2285 1238 2292 1247 ’

645 1380 683 1415 ιι
726 1354 821 1419 Τὰ
865 1355 969 1418 διὰ
1013 1358 1129 1418 τοῦ
1172 1358 1323 1418 Htw
1370 1355 1530 1432 ὑπἐρ
1584 1358 1754 1433 τρεῖς
1809 1354 2124 1433 ςυλλαβὰς
2169 1355 2352 1434 κύρια
2402 1361 2724 1436 μονογενῆ
2769 1379 3060 1438 προπαρ-

476 1458 797 1537 οξύνεται,
854 1456 1411 1534 Ἀδραμύτειον
1479 1456 1665 1519 πόλις
1730 1459 1842 1533 τῆς
1897 1456 2055 1519 κατὰ
2117 1456 2348 1520 Κάϊκον
2405 1458 2661 1523 Μυςίας.
2750 1460 2787 1537 ἡ
2842 1440 3060 1540 γραφὴ
3099 1469 3163 1519 10

475 1564 700 1640 διχῶς,
759 1558 865 1621 διὰ
907 1561 1025 1621 τοῦ
1070 1561 1105 1622 ῖ-
1148 1559 1251 1622 καὶ
1294 1558 1399 1621 διὰ
1442 1561 1559 1620 τοῦ
1605 1544 1642 1622 δ
1698 1557 1798 1621 καὶ
1856 1558 1959 1620 διὰ
2016 1559 2376 1637 διφθόγγου
2421 1560 2524 1622 καὶ
2567 1561 2670 1623 διὰ
2724 1564 2841 1625 τοῦ
2885 1564 2916 1623 ῑ
2959 1564 3062 1625 καὶ

475 1661 565 1724 δι’
610 1659 756 1723 ἑνὸς
800 1660 835 1721 τ
864 1661 982 1722 ’καὶ
1025 1659 1131 1722 διὰ
1175 1659 1311 1723 δύο.
1380 1658 1548 1721 ἀλλὰ
1589 1657 1677 1722 δι’
1722 1657 1869 1721 ἑνὸς
1913 1660 1979 1739 ῖ·,
2025 1659 2181 1723 ὅταν
2228 1659 2342 1743 ἔχῃ
2383 1660 2773 1742 δίφθογγον,
2820 1663 2921 1726 καὶ
2957 1664 3060 1728 διὰ

474 1761 628 1844 δύο,
675 1759 832 1825 ὅταν
877 1761 951 1824 τὸ
984 1763 1017 1821 ἶ
1060 1760 1289 1839 μόνως.
1358 1760 1649 1838 κέκληται
1694 1758 1827 1824 ἀπὸ
1871 1760 2301 1838 Ἀδραμύττου
2345 1766 2625 1844 κτιςτοῦ,
2670 1765 2901 1827 παιδὸς
2945 1767 3060 1843 μὲν

474 1861 820 1927 Ἀλυάττου
855 1861 1120 1939 Κροίςου
1166 1862 1236 1924 δὲ
1282 1861 1605 1943 ἀδελφοῦ,
1653 1862 1743 1925 ὡς
1774 1861 2202 1940 Ἀριςτοτέλης
2247 1863 2317 1926 ἑν
2348 1864 2693 1928 πολιτείαις
2725 1866 2827 1929 καὶ
2854 1864 3057 1929 ἄλλοι.

472 1964 638 2027 τινὲς
684 1963 756 2025 δὲ
800 1961 929 2026 ἀπὸ
975 1962 1305 2040 Ἕρμωνος
1348 1966 1464 2026 τοῦ
1509 1962 1736 2026 Λυδῶν
1784 1963 2100 2041 βαςιλέως.
2189 1966 2304 2028 τὸν
2355 1965 2478 2041 γὰρ
2523 1965 2817 2043 Ἕρμωνα
2861 1966 3058 2031 Λυδοὶ
3097 1974 3160 2023 15

470 2065 794 2142 ’Ἀδραμυν
851 2067 1107 2127 καλοῦςι
1162 2062 1473 2140 Φρυγιςτί.
1564 2062 1644 2126 οὐ
1702 2064 1965 2128 δύναται
2024 2066 2094 2128 δὲ
2152 2065 2256 2129 διὰ
2300 2065 2374 2128 τὸ
2420 2067 2500 2142 μὴ
2547 2066 2718 2143 ἔχειν
2761 2069 2851 2132 ’τὸ
2902 2071 2938 2132 ’ἶ
2982 2070 3057 2133 τὸ

469 2166 802 2244 Ἀδραμυς.
893 2164 1139 2238 λέγεται
1200 2165 1269 2227 δὲ
1325 2163 1427 2226 καὶ
1471 2163 1956 2248 Ἀδραμύττιον,
2014 2167 2103 2230 ὡς
2162 2167 2483 2243 Κρατῖνος.
2577 2167 3056 2246 Κροκύλειον

470 2271 660 2345 νῆςος
716 2265 964 2342 Ἰθάκης.
1064 2265 1458 2342 Θουκυδίδης
1521 2265 1694 2348 τρίτῃ
1760 2265 1847 2347 (c.
1896 2265 2021 2347 96).
2110 2267 2475 2344 Ἡρακλέων
2540 2270 2610 2332 δὲ
2676 2268 2714 2331 ὁ
2773 2271 3056 2334 Γλαύκου

469 2370 817 2446 τετραμερῆ
863 2386 1014 2446 φηςι
1057 2367 1174 2443 τὴν
1208 2365 1445 2442 Ἰθάκην
1457 2414 1485 2447 ,.
1522 2365 1597 2443 ἧς
1641 2368 1715 2430 τὸ
1761 2368 1876 2446 μὲν
1922 2373 2181 2446 πρῶτον
2229 2368 2333 2432 ἐπὶ
2376 2372 2753 2448 μεςημβρίαν
2799 2370 2902 2434 καὶ
2945 2350 3053 2435 θά-

472 2472 706 2533 λατταν
754 2468 1030 2546 Νήριτον
1087 2468 1190 2530 καὶ
1244 2468 1318 2530 τὸ
1365 2466 1669 2544 δεύτερον
1719 2465 1918 2545 Νήῖον
1977 2470 2078 2533 καὶ
2120 2470 2196 2533 τὸ
2240 2470 2456 2547 τρίτον
2506 2471 2922 2552 Κροκύλειον,
2980 2474 3054 2537 τὸ
3092 2482 3159 2532 20

469 2571 775 2647 τέταρτον
830 2567 1137 2643 Αἰγίλιπα.
1233 2567 1652 2634 Ὑπάτειον
1708 2568 1916 2647 ὄνομα
1967 2568 2165 2648 ὄρους
2228 2570 2469 2648 Καρίας.
2558 2571 3053 2650 Ἐφιάλτειον

470 2670 677 2748 ὄνομα
721 2667 933 2746 ὄρους.
1029 2670 1456 2747 Κηρύκειον
1513 2669 1722 2749 ὄνομα
1778 2670 2026 2754 λόφου,
2085 2669 2163 2735 οὗ
2220 2691 2411 2751 φαςιν
2464 2672 2580 2736 τὸν
2626 2672 2850 2751 Ἑρμῆν
2898 2673 3052 2738 ἀνα-

472 2771 669 2851 βάντα
723 2772 839 2849 τὴν
895 2762 1161 2847 γένεςιν“
1194 2776 1302 2849 τῆς
1368 2771 1727 2851 Ἀρτέμιδος
1791 2776 1928 2836 τοῖς
1994 2776 2166 2838 θεοῖς
2232 2772 2644 2857 ἀνακηρῦξαι,
2708 2779 2825 2838 τοῦ
2889 2776 3054 2841 Διὸς

469 2878 665 2938 ταῦτα
718 2873 1207 2951 προςτάξαντος.
1295 2872 1789 2939 Ταντάλειον
1857 2872 2066 2953 ὄνομα
2133 2872 2345 2953 ὄρους.
2449 2875 2945 2941 Δαςκύλειον
3011 2878 3049 2955 ἡ

468 2975 683 3056 πόλις,
751 2975 789 3052 ἣ
856 2975 957 3037 καὶ
1011 2973 1374 3038 Δαςκύλιον
1439 2975 1771 3054 γράφεται.
1871 2974 2413 3064 Φορβάντειον
2474 2974 2629 3053 ὄρος
2683 2975 3048 3054 Τροιζῆνος.
3086 2989 3151 3038 25

473 3077 974 3141 Κυκλώπειον
1032 3076 1106 3140 τὸ
1165 3073 1339 3154 ὄρος.
1429 3076 1932 3155 Μυρμήκειον
1999 3076 2335 3154 πολίχνιον
2392 3080 2501 3154 τῆς
2560 3077 2902 3159 Ταυρικῆς,
2968 3079 3048 3156 ἣν

469 3176 766 3257 (τράβων
833 3177 1135 3259 ἑνδεκάτῃ
1191 3178 1282 3261 (p.
1330 3175 1486 3256 494)
1543 3177 1950 3260 Μυρμήκιον,
2017 3177 2477 3257 Ἀρτεμίδωρος
2539 3179 2611 3242 δὲ
2673 3177 3047 3258 Μυρμηκίαν

468 3278 632 3357 φηςί.
719 3279 793 3342 τὸ
856 3279 979 3355 γὰρ
1034 3277 1257 3355 ἕτερον
1301 3282 1821 3356 προπεριςπᾶτατ.
1915 3278 2342 3344 Κλεάδειον
2398 3280 2474 3343 τὸ
2520 3277 2690 3356 ὄρος.
2782 3281 2821 3342 Γ
2835 3281 3045 3357 ορδί-

469 3400 635 3444 ειον
701 3379 886 3442 πόλις
949 3382 1061 3455 τῆς
1116 3380 1391 3458 μεγάλης
1444 3378 1721 3457 Φρυγίας
1774 3381 1938 3459 πρὸς
1994 3386 2070 3462 τῇ
2129 3380 2542 3464 Καππαδοκίᾳ
2602 3380 2732 3445 ἀπὸ
2780 3381 3045 3459 Γορδίου

467 3485 584 3545 τοῦ
639 3481 881 3557 πατρὸς
936 3480 1161 3544 Μίδου.
1248 3481 1615 3546 Αἰόλειον
1672 3485 1783 3559 τῆς
1839 3481 2089 3563 Θρᾴκης
2147 3483 2539 3560 χερρονήςου
2596 3482 2798 3547 πόλις.
2887 3483 3043 3547 Θεό·
3079 3493 3149 3544 30

466 3601 726 3660 πομπος
771 3581 840 3644 ἐν
884 3580 1280 3646 Φιλιππικῶν
1325 3581 1569 3665 εἰκοςτῇ
1613 3582 1786 3665 τρίτῃ
1837 3583 2193 3661 «ἐπορεύθη
2238 3582 2327 3648 εἰς
2369 3584 2560 3647 πόλιν
2598 3583 2890 3648 Αἰόλειον
2935 3586 3046 3661 τῆς

468 3684 742 3760 Ἀττικῆς
786 3683 899 3761 μὲν
946 3681 1174 3765 οὖςαν,
1229 3684 1732 3761 πολιτευομένην
1792 3685 1863 3748 δὲ
1909 3685 2062 3763 μετὰ
2106 3689 2236 3750 τῶν
2285 3686 2713 3750 Χαλκιδέων».
2802 3685 3040 3763 Ἀχίλ-

464 3870 536 3934 δὲι
562 3867 797 3934 παρειόν
832 3894 897 3904 -
932 3868 967 3919 1.
1007 3873 1038 3920 3
1075 3867 1363 3933 παρειάων
1400 3861 1676 3944 ἁπαλάων
1720 3869 1870 3933 λέγει
1916 3872 2094 3938 recepi
2137 3888 2204 3921 ex
2239 3872 2304 3922 Il.
2343 3872 2495 3924 ptos,
2536 3871 2570 3923 Γ
2604 3875 2693 3936 35,
2741 3887 2880 3936 quae
2928 3877 3040 3921 tum

969 3935 984 3953 γ
1177 3965 1241 3972 *-
1748 3936 1758 3952 Ι
2049 3942 2061 3955 π
2736 3941 2758 3972 45
2957 3943 3004 3971 ἒ).

463 3944 772 4057 ἓὲῗῐῐᾞὲῐῑὲὲ
802 3935 1582 4058 ἓέὲῗ..“ξὲἓ’”ε.ι.ἷῗτὲἒέὸῗίῗ
1597 3939 2467 4071 Ja‘essf‘ffusszquffi&eim
2504 3940 2777 4061 ssssn‘ifitflff
2811 3940 3040 4068 2223-ss

464 4073 849 4123 Herodianeae
896 4073 953 4122 in
998 4073 1060 4122 E.
1100 4073 1170 4123 M.
1217 4075 1341 4136 614,
1377 4076 1443 4124 40
1487 4072 1828 4138 Ἡρωδιανὸς
1877 4072 2025 4136 λέγει
2071 4074 2158 4124 ὅτι
2206 4072 2238 4124 ό
2286 4072 2638 4134 πλεοναςμὸς
2683 4073 2788 4123 τὸν
2831 4069 3038 4122 οἰκεῖον

462 4140 636 4193 τόνον
670 4137 959 4204 φυλάςςει,
1007 4139 1042 4202 ἡ
1081 4139 1142 4191 δὲ
1188 4139 1426 4192 διάλυςις
1470 4140 1776 4193 διαλλάςςει
1822 4142 1897 4195 ef.
1933 4141 2112 4191 Lehrs
2145 4141 2351 4190 Herod.
2389 4157 2446 4204 p.
2481 4142 2571 4202 60,
2611 4141 2704 4204 qui
2740 4141 2858 4189 iure
2896 4139 3041 4188 hunc
3094 4166 3098 4170 .

465 4224 731 4260 canonem
777 4223 907 4258 suas
953 4211 1240 4259 cautiones
1287 4209 1544 4260 habuisse
1588 4209 1897 4274 pertendit,
1944 4217 2001 4258 et
2045 4210 2183 4260 Lob.
2227 4209 2477 4258 Rhemat.
2523 4225 2573 4273 p.
2617 4209 2727 4257 188.
2932 4206 2965 4255 l.
3006 4210 3037 4256 9

463 4276 605 4328 hunc
651 4292 916 4326 canonem
958 4276 1167 4326 inserui
1214 4292 1281 4326 ex
1326 4277 1573 4342 Theogn.
1615 4279 1737 4339 129,
1775 4279 1834 4337 5,
1888 4275 2033 4325 unde
2081 4278 2299 4326 nomina
2343 4273 2739 4338 Ἀδραμύτειον
2785 4272 2928 4338 quod
2974 4290 3074 4323 ex-

463 4344 541 4394 St.
579 4345 639 4394 Β.
678 4342 921 4408 explevi,
968 4344 1063 4393 ubi
1101 4344 1305 4394 diserte
1344 4343 1648 4394 Herodiani
1692 4343 1898 4393 mentio
1935 4342 2018 4392 fit:
2058 4343 2124 4394 οὐ
2164 4341 2395 4393 δύναται
2431 4340 2519 4404 δέ,
2558 4340 2636 4392 ὡς
2675 4338 3036 4406 Ἡρωδιανὸς,

462 4410 550 4463 διὰ
585 4410 654 4462 τὸ
693 4411 766 4474 μὴ
793 4410 940 4473 ἔχειν
978 4412 1093 4462 κτλ.
1155 4410 1515 4475 Κροκύλειον,
1555 4410 1700 4476 quod
1737 4414 1988 4474 corrupte
2013 4407 2403 4474 Προικοίλειον
2440 4410 2704 4474 scriptum
2730 4413 2833 4470 est,
2871 4410 3040 4458 etiam

464 4478 565 4529 hoe
604 4493 671 4528 ex
708 4478 786 4528 St.
826 4481 888 4532 Β.
926 4478 1283 4544 amplificavi,
1324 4495 1484 4545 porro
1521 4476 1823 4530 Ὑπάτειον
1858 4503 1922 4511 -
1960 4475 2319 4528 Ταντάλειον.
2515 4475 2550 4525 1.
2587 4479 2651 4525 24
2695 4474 3039 4527 Δαςκύλειον

465 4563 532 4595 ex
566 4547 810 4610 Theogn.
829 4584 841 4606 ,
880 4546 973 4596 ubi
1010 4551 1323 4611 corruptum
1359 4551 1445 4597 est
1471 4547 1528 4595 in
1550 4542 1924 4605 Δαςκάλειον,
1965 4549 2022 4593 et
2046 4544 2126 4594 St.
2153 4547 2240 4606 Β.,
2279 4541 2658 4607 Φορβάντειον
2685 4560 2752 4593 ex
2776 4544 3040 4608 Theogn.,

464 4614 558 4662 ubi
594 4612 773 4676 ὄνομα
811 4612 1005 4678 ὅρους,
1046 4621 1102 4665 et
1139 4615 1219 4664 St.
1258 4618 1348 4677 Β.,
1394 4614 1490 4662 ubi
1536 4613 1678 4662 falso
1727 4608 2101 4675 Φορβάντιον;
2150 4609 2513 4675 Μυρμήκειον
2560 4627 2626 4661 ex
2662 4612 2902 4676 Theogn.
2947 4611 3041 4659 ubi

467 4680 648 4731 πόλις·
684 4679 754 4731 τὸ
779 4680 885 4745 γάρ
912 4680 1108 4746 ἕτερον
1132 4682 1581 4746 προπεριςπᾶται
1605 4677 1702 4742 (se.
1728 4679 2111 4742 μυρμηκεῖον),
2142 4684 2199 4729 et
2225 4678 2306 4728 St.
2334 4680 2418 4741 Β.,
2444 4679 2538 4728 ubi
2564 4695 2749 4743 parum
2779 4683 3041 4728 accurate

469 4745 807 4810 Ἡρωδιανὸς
844 4748 932 4800 διὰ
967 4749 1277 4812 διφθόγ-γου
1312 4746 1515 4812 γράφει
1553 4746 1643 4796 καὶ
1690 4748 2071 4809 προπεριςπᾷ,
2122 4743 2418 4797 Κλεάδειον
2451 4747 2727 4812 Theogn.,
2769 4743 3043 4810 Γορδίειον

468 4830 534 4864 ex
569 4815 815 4880 Theogn.
852 4823 908 4865 et
944 4817 1024 4869 St.
1062 4820 1153 4877 Β.,
1192 4816 1400 4882 reliqna
1437 4815 1616 4865 omnia
1654 4813 1895 4879 prompsi
1933 4829 2000 4863 ex
2039 4815 2118 4864 st.
2153 4815 2215 4864 B.
2855 4855 2892 4872 ,
