3664 5546
571 108 584 121 ⁶
653 143 672 178 e

616 921 648 967 5

672 332 802 399 520
1453 379 1474 388 ,
1612 327 1696 382 ΕΚ
1731 327 1873 381 ΤΩΝ
1915 325 2323 380 ΗΡΩΔΙΑΝΟΥ

676 502 951 567 ἐνταῦθα
995 503 1109 580 μὲν
1157 498 1561 581 βεβαιωτικός
1605 497 1769 563 ἐςτιν
1815 497 1854 561 ό
1897 496 1936 576 ἦ
1983 496 2125 574 μεθ’
2170 495 2658 574 ὑπερωτήςεως·
2715 495 2843 560 ἔςτι
2888 497 2967 560 δὲ·
3004 496 3104 559 καὶ
3146 494 3257 573 μό-

677 625 807 669 νως
850 603 1361 683 διαβεβαιωτικὸς
1404 601 1599 680 χωρὶς
1642 598 2037 677 ἐρωτήςεως·

980 704 1019 784 ἦ
1066 705 1235 782 μάλα
1277 704 1356 781 δὴ
1399 702 1661 780 τέθνηκε
1706 699 2054 765 Μενοιτίου
2098 697 2361 777 ἄλκιμος
2405 697 2542 763 υἱός
2586 697 2659 779 (C
2708 696 2846 780 12),

1080 804 1118 884 ἦ
1166 804 1310 883 μάλ’
1355 803 1643 882 ἐλαφρὸς
1686 800 1875 879 ἀνήρ·
1924 800 2033 876 ὡς,
2061 799 2202 879 ῥεῖα
2244 804 2497 883 κυβιςτᾷ
2540 798 2632 879 (Π
2677 797 2831 879 745)

982 906 1020 986 ἦ
1068 907 1145 984 δὴ
1194 905 1402 980 λοίγια
1445 903 1604 983 ἔργα
1645 903 1791 967 τάδ’
1837 901 2075 966 ἔςςεται
2118 902 2197 982 (Α
2237 900 2409 981 573).
2914 963 2937 984 ο

678 1009 843 1073 ἀλλὰ
887 1008 1005 1073 κᾶν
1050 1007 1472 1085 ὑποτάςςηται
1514 1011 1606 1089 τῷ
1652 1004 1788 1068 ἐπεί
1832 1002 2345 1082 διαβεβαιωτικός
2388 1001 2513 1083 ὤν,
2560 1001 2798 1081 ὁμοίως
2840 1005 3211 1080 περιςπᾶται

982 1109 1121 1174 ἐπεὶ
1164 1107 1202 1187 ἦ
1250 1107 1410 1188 φάτ’
1457 1106 1566 1185 ἄρ’
1610 1105 1908 1186 ἀςφαλὲς.
2036 1099 2043 1104 Χ

1124 1209 1265 1275 ἐπεὶ
1306 1208 1345 1288 ἦ
1392 1209 1562 1287 μάλα
1604 1206 1820 1272 πολλὰ
1865 1205 2094 1285 μεταξὺ

985 1310 1184 1389 οὔρεά
1226 1330 1296 1374 τε
1342 1310 1629 1374 ςκιόεντα
1673 1309 1751 1389 (Α
1799 1306 1919 1371 156
1965 1315 2030 1369 et
2076 1304 2225 1385 157)

582 1424 647 1476 ιο
680 1414 834 1478 Ὅτε
879 1415 1294 1492 παραπληροῖ
1338 1411 1494 1490 μετὰ
1537 1410 1596 1474 τί
1638 1410 1714 1475 τό
1758 1407 2177 1489 πυςματικόν,
2224 1405 2514 1474 ὀξύνεται

586 2418 649 2468 15

1128 1514 1186 1577 τί
1229 1513 1268 1591 ἢ
1314 1513 1385 1577 δὲ
1431 1513 1503 1576 ςὺ
1549 1513 1766 1591 κήδεαι
1811 1509 2020 1575 αὕτως

985 1613 1286 1692 Ἀργείων
1301 1634 1336 1698 ;-
1361 1612 1444 1694 (Ζ
1487 1610 1572 1675 55
1615 1621 1681 1675 et
1722 1609 1836 1691 56)

987 1715 1155 1780 ἀλλὰ
1198 1715 1256 1778 τί
1299 1714 1337 1793 ἤ
1384 1712 1490 1792 ἱιοι
1534 1717 1733 1777 ταῦτα
1777 1712 1970 1792 φίλος
2014 1712 2337 1778 διελέξατο
2383 1713 2606 1791 θυμός;
2653 1712 2730 1794 (Λ
2775 1711 2945 1793 407).

961 2206 1139 2270 ΠΕΡΙ
1190 2163 1514 2271 ΧΡΟΝΩΝ
1562 2204 1721 2268 ΤΩΝ
1769 2203 1867 2269 ΕΝ
1914 2203 2250 2268 ΦΩΝΗΕΕΙ
2303 2204 2416 2292 ΚΑΙ
2460 2203 2986 2304 ΠΝΕΥΜΑΤΩΝ.

1785 2388 2059 2443 ΒΙΒΛΙΟΝ
2098 2382 2161 2450 ις’.

1689 2561 1883 2639 Περὶ
1929 2560 2260 2638 χρόνων.

853 2698 998 2762 Τῶν
1043 2697 1299 2777 χρόνων
1345 2696 1408 2761 οἱ
1452 2698 1566 2776 μὲν
1612 2689 1875 2778 μακροί,
1915 2694 1978 2760 οἱ
2023 2696 2095 2759 δὲ
2127 2698 2396 2776 βραχεῖς.
2463 2695 2565 2759 καὶ
2610 2696 2848 2776 μακρὸς
2879 2696 3122 2775 χρόνος
3155 2697 3281 2762 ἐςτὶ

684 2801 1063 2879 φωνήεντος
1105 2799 1374 2865 ἔκταςις·
1423 2800 1657 2880 βραχὺς
1701 2799 1774 2862 δὲ
1817 2797 2229 2878 τούναντίον,
2286 2795 2367 2861 οὗ
2411 2798 2890 2877 παραδείγματα
2939 2798 3159 2863 πάντα
3202 2799 3280 2864 τὰ

687 2901 1259 2981 βραχυκατάληκτα.

686 3157 983 3220 ςύνδεςμος
1019 3154 1394 3209 διαζευκτικὸς
1432 3172 1504 3205 an
1541 3152 1903 3217 βεβαιωτικὸς
1941 3154 2039 3205 sit:
2081 3153 2263 3205 Schol.
2290 3154 2390 3204 od.
2418 3169 2453 3205 α
2489 3156 2580 3205 6οε
2618 3153 2655 3217 ἦ
2695 3154 2785 3205 καὶ
2822 3154 3046 3206 caetra:
3088 3154 3144 3206 οἱ
3181 3153 3279 3217 μὲν

684 3223 959 3290 γράφουςι
995 3222 1466 3289 περιςπωμένως,
1505 3221 1558 3275 οἱ
1583 3221 1642 3273 δὲ
1669 3220 1983 3273 ὀξυτόνως·
2021 3221 2210 3272 καλῶς
2246 3220 2296 3272 δ’
2320 3220 2538 3285 ἔχουςιν
2563 3220 2615 3274 οἱ
2641 3221 2769 3287 δύο,
2808 3223 3089 3273 interdum
3128 3228 3277 3273 utra·

688 3309 791 3357 que
831 3294 1147 3342 coniunctio
1183 3292 1518 3343 coniunctim
1555 3291 1856 3355 reperitur:
1904 3288 2037 3343 ibid.
2076 3292 2201 3339 325:
2246 3287 2497 3353 ᾐμάλαε
2546 3289 2578 3340 ό
2627 3289 2728 3352 μὲν
2764 3292 2990 3354 πρῶτος
3037 3289 3074 3353 ἦ
3127 3304 3277 3355 περι-

687 3361 916 3424 ςπᾶται,
955 3358 1008 3411 οἱ
1044 3359 1104 3410 δὲ
1143 3358 1267 3422 ἑξῆς
1304 3357 1553 3410 ἅπαντες
1592 3353 1970 3418 ἑγκλίνονται,
2016 3356 2169 3421 πλὴν
2205 3358 2307 3407 τοῦ
2343 3356 2638 3422 δευτέρου,
2683 3356 2747 3409 ὃς
2785 3356 3043 3409 ὀξύνεται
3080 3357 3173 3410 διὰ
3209 3357 3277 3409 τό

686 3425 856 3479 τινάς.
877 3456 939 3462 -
961 3427 994 3477 1.
1018 3429 1046 3477 7
1071 3428 1241 3478 verba
1266 3427 1466 3477 incerti
1491 3425 1730 3475 auctoris
1755 3425 1994 3475 correxit
2013 3424 2187 3475 Lehrs
2213 3440 2300 3489 qu.
2328 3441 2411 3489 ep.
2432 3428 2497 3475 62
2523 3442 2620 3491 pro
2645 3425 2782 3487 φᾶτ’
2799 3431 2856 3476 et
2882 3424 3123 3488 ἐςφαλές
3150 3426 3279 3477 scri·

688 3497 824 3545 bens
848 3493 985 3558 φάτ’
1004 3499 1061 3544 et
1085 3492 1344 3557 ἀςφαλές.
1366 3521 1429 3529 -—-
1451 3493 1516 3543 de
1544 3491 1666 3544 ἐπεὶ
1692 3491 1726 3555 ἦ
1756 3492 1828 3545 cf.
1857 3491 1922 3541 ΙΙ.
1942 3492 2031 3545 Pr.
2057 3490 2099 3542 Α
2124 3494 2243 3542 156:
2275 3490 2399 3543 ἐπεὶ
2423 3491 2489 3556 ἦε
2515 3492 2922 3557 περιςπαςτὲον
2946 3492 3053 3544 τὸν
3078 3492 3139 3556 ἦ·
3165 3493 3278 3545 ἐςτι

685 3561 792 3626 γὰρ
818 3560 1194 3625 βεβαιωτικός.
1243 3560 1292 3613 Υ
1316 3564 1442 3613 251:
1478 3560 1607 3624 περὶ
1631 3561 1733 3611 τοῦ
1761 3558 1795 3624 ἠ
1821 3561 1926 3611 τοῦ
1951 3557 2404 3621 ὑποταςςομένου
2429 3562 2513 3625 τῷ
2538 3558 2594 3611 τί
2618 3559 2709 3611 καὶ
2734 3562 2819 3625 τῷ
2845 3557 2970 3612 ἐπεί
2994 3559 3056 3612 ἐδ
3099 3560 3277 3613 λώςα-

687 3644 789 3693 μεν
824 3628 886 3680 ἐν
908 3632 1028 3680 τοῖς
1063 3628 1176 3693 πρὸ
1212 3628 1438 3680 τούτων
1474 3626 1553 3678 ὼς
1578 3630 1662 3693 τῷ
1688 3625 1742 3677 τί
1768 3625 2221 3689 ὑποταςςόμενος
2255 3626 2358 3689 μὲν
2385 3625 2723 3690 ἐγκλίνεται,
2763 3630 2847 3693 τῷ
2873 3627 2934 3679 δὲ
2971 3628 3074 3680 ἐπε
3127 3642 3276 3692 περι-

686 3698 903 3749 ςπᾶται.
945 3697 1016 3746 cf.
1045 3698 1108 3746 E.
1134 3697 1206 3746 M.
1233 3699 1348 3759 356,
1388 3698 1450 3747 19
1487 3701 1544 3745 et
1581 3697 1696 3758 758,
1723 3699 1771 3746 9.
1912 3696 1947 3745 l.
1975 3697 2038 3743 14
2073 3694 2294 3744 titulum
2329 3696 2536 3761 sumpsi
2572 3711 2641 3746 ex
2677 3701 2981 3760 conspectu
3016 3692 3275 3748 librorum

688 3765 922 3814 Arcadio
948 3763 1219 3829 praefixo,
1254 3765 1313 3814 in
1340 3765 1457 3813 cod.
1484 3764 1526 3813 C
1554 3767 1740 3814 exstat
1764 3762 1903 3812 haec
1936 3763 2219 3828 inscriptio
2245 3762 2374 3826 περὶ
2398 3764 2501 3827 τῆς
2524 3764 2648 3813 τῶν
2672 3763 2864 3814 τόνων
2889 3762 3163 3828 εὑρὲςεως
3190 3764 3277 3815 καὶ

686 3834 806 3883 τῶν
842 3829 1143 3897 ςχημάτων
1177 3830 1375 3882 αὐτῶν
1411 3830 1502 3881 καὶ
1540 3830 1666 3894 περὶ
1701 3828 1929 3893 χρόνων
1966 3830 2054 3880 καὶ
2093 3827 2461 3892 πνευμάτων,
2501 3830 2559 3879 in
2583 3830 2677 3880 AB
2703 3832 2883 3881 omnia
2921 3832 3060 3883 haec
3094 3846 3271 3898 usque

688 3899 758 3950 ad
793 3898 954 3950 finem
992 3899 1209 3950 desunt.
1262 3898 1574 3949 Sectionem
1610 3897 1738 3961 περὶ
1774 3899 1878 3962 τῆς
1916 3899 2037 3947 τῶν
2073 3895 2264 3947 τόνων
2301 3896 2597 3961 εὑρέςεως,
2636 3914 2797 3964 quam
2833 3899 2892 3949 in
2918 3900 3275 3951 Praefatione

687 3968 757 4017 ab
795 3967 1112 4018 Herodiano
1147 3983 1259 4017 non
1293 3967 1599 4032 profectam
1634 3981 1760 4016 esse
1798 3966 2175 4015 demonstrare
2219 3970 2453 4017 conatus
2491 3981 2634 4028 sum,
2682 3967 2769 4017 hic
2804 3968 2986 4028 omisi;
3026 3982 3173 4031 quae
3210 3968 3274 4016 de

687 4035 1000 4100 quantitate
1041 4040 1098 4085 et
1135 4034 1202 4085 de
1239 4034 1528 4099 spiritibus
1576 4034 1632 4083 in
1670 4032 1790 4085 cod.
1828 4032 1871 4081 C
1910 4033 2114 4082 tradita
2149 4038 2304 4096 sunt,
2353 4049 2420 4084 ex
2464 4050 2594 4084 vero
2630 4034 2948 4085 Herodiano
2999 4035 3275 4085 translata

688 4107 832 4152 sunt.
968 4102 1035 4151 In
1072 4108 1229 4167 parte
1267 4101 1395 4165 περὶ
1431 4100 1656 4165 χρόνων
1692 4105 1915 4165 praeter
1937 4099 2229 4150 Arcadium
2266 4100 2496 4152 adhibui
2529 4101 2776 4153 libellum
2811 4101 2939 4166 περὶ
2976 4101 3272 4167 διχρόνων,

690 4170 784 4235 qui
820 4171 877 4219 in
914 4171 1011 4232 iis,
1050 4185 1191 4234 quae
1229 4185 1318 4234 ap.
1344 4170 1634 4222 Arcadium
1661 4174 1886 4219 servata
1909 4173 2063 4230 sunt,
2104 4168 2219 4218 fere
2257 4169 2539 4233 congruit,
2577 4168 2675 4221 sed
2710 4169 2879 4220 multo
2914 4170 3273 4235 explicatior-a

692 4237 947 4302 praebet,
987 4242 1042 4287 et
1080 4238 1325 4287 continet
1357 4236 1533 4286 multa
1568 4240 1893 4302 praecepta,
1942 4251 2087 4301 quae
2123 4251 2212 4300 ap.
2251 4235 2539 4285 Arcadium
2586 4236 2812 4296 desunt,
2851 4237 2950 4287 sed
2986 4239 3047 4287 in
3082 4237 3271 4287 catho-

689 4304 798 4355 lica
836 4305 955 4355 sine
992 4304 1158 4354 dubio
1194 4304 1341 4354 lecta
1386 4309 1530 4354 sunt.
1604 4306 1787 4369 Quare
1836 4308 1893 4354 et
1925 4318 2022 4354 eos
2066 4318 2332 4367 canones,
2379 4319 2518 4368 quos
2565 4307 2794 4369 praebet
2826 4305 3123 4368 Arcadius,
3172 4320 3271 4369 ope

688 4372 816 4421 libri
852 4371 980 4436 περὶ
1017 4370 1293 4436 διχρόνων
1332 4372 1548 4436 explevi
1585 4378 1642 4421 et
1676 4387 1799 4434 eos,
1837 4372 1931 4436 qui
1967 4387 2052 4437 ap.
2078 4371 2371 4422 Arcadium
2399 4372 2588 4422 omissi
2625 4378 2766 4431 sunt,
2805 4389 2873 4424 ex
2910 4372 3095 4423 eodem
3132 4372 3273 4423 libro

584 4469 588 4473 -
689 4438 894 4488 addidi.
967 4441 1280 4504 Perpaucos
1318 4454 1384 4488 ex
1421 4440 1546 4491 aliis
1585 4439 1830 4490 fontibus
1866 4440 2101 4502 inserui,
2140 4454 2327 4490 omnes
2361 4444 2575 4503 autem,
2615 4442 2707 4505 qui
2743 4457 2833 4507 ap.
2855 4440 3149 4491 Arcadium
3167 4440 3275 4490 -de-

691 4505 1032 4569 siderantur,
1070 4506 1297 4557 stellula
1344 4506 1668 4571 significavi.
1739 4507 2042 4557 Praeterea
2087 4507 2374 4558 confusum
2422 4507 2670 4558 ordinem
2702 4507 2930 4560 Arcadii
2971 4508 3031 4558 in
3072 4508 3273 4558 melius

691 4574 912 4624 restitui
947 4575 1056 4637 ita,
1104 4581 1165 4626 ut
1208 4574 1512 4626 canonibus
1558 4574 1916 4639 generalibus
1958 4575 2276 4639 praemissis
2321 4574 2591 4641 speciales
2635 4591 2877 4627 canones
2922 4589 2986 4626 eo
3035 4576 3150 4626 fere
3188 4591 3273 4625 or·

693 4641 821 4691 dine
867 4642 1129 4707 subsequi
1173 4644 1445 4705 iuberem,
1492 4643 1586 4708 qui
1631 4643 1690 4692 in
1741 4643 1914 4693 totius
1960 4642 2284 4693 Catholicae
2329 4643 2761 4695 conformatione
2808 4650 2865 4693 et
2908 4643 3270 4694 adornatione

691 4709 982 4759 institutus
1019 4714 1122 4759 est.
1262 4710 1296 4759 l.
1338 4713 1536 4761 17—-19
1573 4714 1702 4760 sunt
1747 4714 1967 4775 recepta
2014 4726 2083 4760 ex
2117 4709 2314 4763 Arcad.
2356 4713 2479 4773 190,
2518 4712 2581 4761 18
2625 4711 2865 4773 omissis,
2913 4726 3051 4775 quae
3094 4710 3178 4760 ibi
3213 4711 3271 4759 in

694 4773 797 4825 fine
843 4775 1037 4826 addita
1082 4782 1209 4827 sunt
1251 4778 1420 4829 verba
1454 4779 1557 4828 τοῦ
1600 4775 1662 4828 δὲ
1708 4779 1921 4841 μακροῦ
1967 4778 2174 4842 χρόνου
2220 4781 2429 4839 worm
2476 4792 2603 4829 nam
2648 4794 2757 4855 non
2804 4778 2976 4829 solum
3019 4776 3271 4844 exempla
