3664 5546
715 337 843 402 432
1651 334 1735 392 ΕΙ(
1771 335 1913 390 ΤΩΝ
1955 334 2366 392 ΗΡΩΔΙΑΝΟΥ

714 508 927 588 φάνης
983 506 1336 585 Βατράχοις
1380 505 1521 588 (37)
1578 509 1767 588 «παῖ,
1822 505 1959 590 ἠμί,
2012 510 2204 590 παῖ»,
2262 506 2326 573 ἐξ
2383 504 2465 571 οὗ
2518 508 2595 572 τὸ
2648 505 2689 585 ἦ
2743 506 2820 571 τὸ
2867 509 3175 586 ςημαῑνον
3234 507 3319 572 τὸ

715 606 905 673 εἷπον
950 606 1097 673 οἷον
1156 607 1236 686 «ἦ
1294 609 1396 673 καὶ
1450 608 1784 692 κυανέῃςιν
1841 608 1951 671 ἐπ’
1995 608 2227 694 ὀφρύςι
2272 611 2454 674 νεῦςε
2503 607 2835 686 Κρονίων»
2881 608 2959 689 (Α
3001 606 3166 694 528),
3213 607 3324 672 καὶ

716 709 794 788 «ἦ
841 708 922 789 ῥα
963 711 1069 775 καὶ
1113 709 1177 776 ἐξ
1234 709 1487 789 ὀχέων»
1533 711 1625 791 (Δ
1669 707 1826 791 419)
1869 745 1956 758 —-·
1998 709 2307 776 ὀξύνεται.
2394 710 2596 774 ταῦτά
2650 709 2777 775 έςτι
2831 713 2967 774 τῶν
3013 708 3320 788 ῥημάτων

712 811 794 874 τὰ
837 811 1208 891 ὀξυνόμενα.
1297 811 1353 876 εί
1396 811 1467 876 δέ
1510 811 1567 875 τί
1622 810 1789 876 ἐςτιν
1845 809 2009 875 ἄλλο
2055 811 2158 876 ἐπὶ
2201 812 2430 876 τέλους
2475 811 2632 891 ἔχον
2675 812 2794 878 τὸν
2849 810 3081 893 τόνον,
3135 831 3319 890 περι-

646 924 679 974 5
716 916 944 977 ςπᾶται
987 918 1192 978 ποιῶ
1238 917 1429 995 νοῶ,
1474 915 1718 977 ποιοῦ
1763 915 1991 994 νοοῦ,
2035 916 2310 979 ποιεῖν
2353 916 2579 979 νοεῖν
2622 913 2724 977 καὶ
2765 913 2847 978 τὰ
2889 916 3170 978 τοιαῦτα.

882 1016 1029 1079 Πᾶν
1076 1013 1243 1094 ῥῆμα
1287 1013 1374 1079 εἰς
1419 1018 1473 1077 ὦ
1504 1014 1995 1095 μονοςύλλαβον
2025 1017 2429 1098 περιςπᾶται,
2473 1019 2607 1097 ζῶ,
2651 1017 2844 1097 κλῶ,
2888 1018 3077 1097 κνῶ,
3121 1017 3318 1097 θλῶ,

716 1120 905 1200 δρῶ,
951 1117 1066 1182 ἐὰν
1112 1120 1249 1199 βῶ,
1295 1115 1410 1181 ἐὰν
1457 1121 1621 1182 ςτῶ.
1698 1115 1978 1181 λείπεται
2022 1116 2242 1182 τοίνυν
2287 1116 2728 1197 διαςαφηνίςαι
2783 1116 2899 1194 τὴν
2943 1119 3078 1180 τῶν
3123 1115 3212 1181 είς
3259 1119 3319 1178 ῶ

718 1219 1053 1297 ληγόντων
1099 1218 1467 1283 ἐνεςτώτων
1512 1218 1689 1282 τάςιν
1734 1218 1895 1281 κατὰ
1938 1218 2052 1282 τὰς
2095 1216 2346 1283 ἑαυτῶν
2392 1218 2699 1294 ςυζυγίας.

885 1320 979 1384 Τὰ
1032 1318 1123 1384 εἰς
1174 1307 1273 1401 βῖιῖ
1316 1321 1599 1399 λήγοντα
1642 1317 1999 1400 βαρύνεται.
2072 1319 2219 1384 τότε
2262 1323 2640 1399 περιςπᾶται
2653 1369 2673 1403 ,
2726 1319 2834 1385 ὅτε
2879 1319 2952 1385 ἐν
2994 1323 3132 1385 ταῖς
3173 1319 3320 1384 δυςὶ

616 1431 683 1482 10
718 1424 1060 1502 ςυλλαβαῑς
1116 1421 1247 1500 ἔχει
1303 1423 1379 1486 τὸ
1426 1407 1492 1504 β,
1536 1422 1575 1499 ἢ
1621 1420 1832 1500 ὄνομα
1875 1422 2279 1501 προϋπάρχει
2323 1423 2362 1500 ἢ
2408 1424 2485 1488 τὸ
2531 1425 2570 1485 ὅ
2614 1421 2746 1500 ἔχει
2791 1421 2862 1486 ἐν
2905 1427 2983 1505 τῇ
3026 1423 3316 1498 παραλη-

716 1522 916 1607 γούςῃ
959 1524 998 1601 ἢ
1044 1524 1118 1588 τὸ
1165 1525 1219 1587 ὦ
1263 1524 1439 1603 μέγα.
1527 1524 1630 1587 καὶ
1674 1522 2012 1603 βαρύνεται
2057 1524 2173 1602 μὲν
2217 1528 2446 1607 ταῦτα,
2504 1523 2737 1604 λείβω
2794 1523 2896 1587 καὶ
2945 1524 3103 1588 κατὰ
3145 1521 3313 1586 ἀπο-

718 1627 920 1704 βολὴν
958 1628 1078 1689 τοῦ
1125 1611 1163 1688 λ
1202 1624 1423 1708 εἴβω,
1466 1624 1734 1708 τρίβω,
1780 1626 2088 1707 ςτείβω,
2134 1625 2430 1708 φέρβω,
2472 1624 2797 1706 ἀμείβω,
2839 1623 3062 1707 ςέβω,
3092 1624 3312 1704 φέβω

717 1726 794 1790 τὸ
840 1729 1201 1809 φοβοῦμαι,
1247 1725 1666 1808 ρέμβομαι,
1722 1728 1995 1809 θλίβω,
2054 1726 2350 1807 ςτίλβω.
2437 1730 2812 1804 περιςπᾶται
2867 1728 2938 1792 δὲ
2981 1730 3179 1791 ταῦτα
3221 1724 3316 1790 ὡς

716 1826 955 1906 ἔχοντα
998 1828 1068 1893 ἐν
1114 1828 1254 1892 δυςὶ
1296 1814 1716 1908 ςυλλαβαῖςβ
1776 1832 2036 1908 βαυβῶ
2103 1828 2179 1892 τὸ
2235 1829 2556 1911 καθεύδω,
2625 1833 2920 1909 βομβῶ,
2979 1831 3166 1908 βιβῶ
3231 1828 3311 1890 τὸ

618 1937 682 1989 15
717 1933 1067 2006 περιπατῶ.
1154 1929 1248 1994 ἔτι
1291 1935 1723 2008 περιςπῶνται
1767 1930 1848 1994 τὰ
1892 1929 2129 2008 ἔχοντα
2171 1930 2681 2009 προϋπάρχοντα
2725 1928 3041 2012 ὀνόματα,
3099 1929 3310 2008 φόβος

718 2035 974 2113 φοβῶ,
1019 2030 1247 2112 ἀςεβής
1292 2030 1573 2114 ἀςεβῶ,
1619 2031 1878 2112 εύςεβής
1923 2031 2253 2115 εὐςεβῶ,
2298 2032 2572 2112 θόρυβος
2603 2035 2948 2114 θορυβῶ,
2993 2030 3312 2110 κόλυμβος

718 2135 1122 2216 κολυμβῶ,
1166 2135 1326 2212 λαβή
1379 2136 1604 2212 λαβῶ.
1693 2134 1769 2198 τὸ
1813 2130 1938 2212 γὰρ
1984 2133 2193 2213 λάβω
2239 2133 2663 2198 ὑποτακτικόν
2710 2133 2833 2198 ἑςτι
2887 2136 3005 2197 τοῦ
3049 2131 3308 2213 ἔλαβον.

717 2232 846 2296 Ἔτι
891 2240 1323 2312 περιςπῶνται
1368 2235 1447 2299 τὰ
1496 2234 1733 2313 ἔχοντα
1776 2236 1815 2298 ὃ
1861 2235 2084 2315 μικρὸν
2140 2236 2179 2313 ἢ
2236 2235 2292 2295 ὦ
2351 2235 2511 2315 μέγα
2566 2234 2636 2301 ἐν
2659 2241 2767 2319 ’τῇ
2823 2233 3305 2317 παραληγούςῃ,

718 2339 956 2418 ςοβῶ,
1014 2341 1345 2418 ςτροβῶ,
1391 2339 1736 2419 κολοβῶ,
1781 2338 2020 2416 λωβῶ.
2602 2413 2615 2424 ‚

614 2444 684 2498 20
822 2447 835 2456 ‘
887 2436 982 2500 Τὰ
1026 2435 1114 2501 εἰς
1156 2441 1261 2500 ff
1308 2438 1592 2517 λήγοντα
1637 2438 2053 2522 βαρύνονται,
2105 2438 2160 2502 εἰ
2203 2440 2285 2519 μὴ
2329 2440 2770 2518 παραλήγοιτο
2815 2443 2906 2522 τῷ
2949 2440 2989 2502 ὖ
3033 2437 3073 2515 ἢ
3108 2443 3201 2519 τῷ
3231 2439 3313 2518 ὦ,

716 2538 756 2616 ἢ
802 2537 858 2602 εἰ
902 2538 983 2617 μὴ
1028 2540 1387 2619 παρώνυμα
1431 2538 1527 2617 εἴη
1572 2540 1611 2617 ἢ
1658 2539 1729 2604 ἐν
1773 2546 1851 2623 τῇ
1896 2540 2118 2624 πρώτῃ
2162 2541 2265 2604 καὶ
2309 2541 2576 2624 δευτέρᾳ
2632 2543 2909 2623 ςυλλαβῇ
2955 2538 3092 2617 ἔχοι
3136 2539 3210 2603 τὸ
3257 2541 3312 2601 ff

716 2640 1022 2723 θάλπω,
1054 2639 1361 2724 λάμπω,
1392 2642 1697 2724 πέμπω,
1730 2641 2004 2724 λείπω,
2036 2642 2332 2724 μέλπω,
2366 2642 2657 2724 βλέπω,
2689 2641 2977 2720 ἑρείπω
3007 2640 3082 2704 τὸ
3113 2660 3307 2703 κατα-

720 2741 966 2826 βάλλω,
999 2742 1237 2826 ἕρπω,
1269 2743 1565 2826 δρέπω,
1599 2742 1791 2826 ἕπω,
1821 2743 2118 2827 τρέπω,
2150 2742 2435 2827 ςκέπω,
2468 2745 2713 2827 λέπω,
2746 2742 2906 2811 ἔπω
2956 2744 3031 2809 τὸ
3076 2742 3313 2808 ἐνέπω.

715 2845 1076 2923 πρόςκειται
1109 2845 1205 2909 «εἰ
1248 2847 1330 2925 μὴ
1376 2844 1516 2924 ἔχοι
1561 2845 1631 2910 ἐν
1684 2850 1762 2928 τῇ
1807 2846 1937 2923 πρὸ
1979 2846 2209 2910 τέλους
2250 2847 2327 2910 τὸ
2357 2845 2398 2911 ὗ
2441 2847 2480 2924 ἢ
2509 2847 2586 2911 τὸ
2632 2850 2729 2909 ιῖι»
2776 2846 2883 2910 διὰ
2924 2846 3001 2910 τὸ
3029 2849 3306 2920 γνυπῶ

614 2958 680 3007 25
713 2942 805 3011 τό
845 2937 1185 3023 γονυπετῶ
1229 2948 1333 3012 καὶ
1375 2950 1658 3012 κλωπῶ
1712 2948 1789 3011 τὸ
1835 2947 2117 3030 κλέπτω,
2172 2946 2324 3013 ὅθεν
2368 2948 2472 3011 καὶ
2513 2949 2719 3027 κλώψ.
2804 2947 2885 3012 τὸ
2940 2948 3013 3011 δὲ
3070 2944 3167 3009 «εἰ
3224 2946 3312 3024 μὴ

716 3049 1074 3129 παρώνυμα
1116 3048 1255 3129 εἴη»
1316 3049 1421 3115 διὰ
1474 3050 1551 3113 τὸ
1596 3048 1798 3114 κόπος
1851 3052 2101 3132 κοπῶ,
2155 3048 2308 3114 ἷπος
2361 3049 2400 3128 ἡ
2446 3050 2636 3126 παγίς
2693 3049 2842 3114 ἰπῶ
2897 3050 2974 3113 τὸ
3021 3047 3313 3131 βλάπτω,

717 3269 835 3320 sine
874 3281 891 3320 ι
928 3271 1208 3321 scribitur:
1247 3269 1311 3322 Il.
1339 3270 1428 3322 Pr.
1465 3268 1503 3321 Ρ
1534 3273 1657 3323 174:
1695 3271 1810 3339 φής
1847 3267 1941 3322 ἐπὶ
1979 3269 2290 3323 ἐνεςτῶτος
2327 3270 2565 3336 χρόνου,
2602 3269 2688 3322 διὸ
2726 3270 2817 3322 καὶ
2852 3270 2951 3323 ςὺν
2986 3274 3072 3335 τῷ
3108 3270 3144 3321 ῖ
3178 3267 3314 3334 γρά-

717 3351 885 3400 φεται
922 3337 1013 3388 καί
1049 3337 1322 3390 ὀξύνεται.
1395 3338 1594 3393 Choer.
1632 3339 1720 3390 Cr.
1747 3341 1823 3391 IV
1849 3342 1948 3390 354
1976 3337 2114 3405 (851,
2153 3342 2218 3389 22
2259 3346 2315 3389 et
2349 3342 2478 3402 497,
2519 3341 2582 3391 17
2611 3338 2793 3394 Gaisf.
2831 3343 2948 3391 sine
2987 3341 3315 3389 auctoribus

717 3405 885 3469 idem)
921 3404 991 3456 τὸ
1028 3406 1142 3472 φῄς
1179 3404 1283 3457 οὐκ
1319 3405 1476 3457 οἶδεν
1511 3406 1544 3458 ό
1584 3406 1966 3459 Ἀπολλώνιος
2004 3406 2103 3458 ςὺν
2147 3410 2231 3472 τῷ
2267 3410 2302 3458 ἶ
2339 3406 2743 3472 γεγραμμένον.
2812 3406 2848 3469 ἡ
2897 3405 3090 3471 μέντοι
3135 3404 3312 3470 παρά·

716 3471 861 3524 δοςις
908 3472 1000 3525 καὶ
1036 3472 1069 3524 ὁ
1105 3472 1449 3539 Ἡρωδιανὸς
1485 3474 1586 3526 ςὺν
1629 3478 1715 3539 τῷ
1750 3478 1784 3527 ῖ
1820 3474 1977 3526 οἶδεν
2021 3473 2164 3526 αὐτὸ
2200 3474 2602 3540 γεγραμμένον.
2638 3501 2705 3510 ——
2755 3475 2822 3525 de
2868 3473 3004 3539 ἐςςί,
3051 3475 3197 3541 quod
3242 3490 3315 3524 ex

716 3540 954 3592 Arcadio
992 3543 1115 3604 143,
1154 3544 1217 3592 21
1257 3544 1517 3608 apposui,
1557 3544 1627 3594 cf.
1664 3545 1814 3597 Mon.
1850 3546 1946 3606 44,
1983 3545 2073 3593 16ε
2122 3540 2254 3594 ccci:
2304 3541 2469 3594 οὐδὲν
2506 3540 2585 3594 εἰς
2623 3544 2671 3595 {i
2716 3543 2894 3607 λῆγον
2934 3542 3083 3607 ῥῆμα
3120 3539 3314 3592 δεύτε-

705 3621 819 3671 ,ρον
855 3607 1191 3672 πρόςωπον,
1238 3607 1383 3662 ἀλλὰ
1426 3610 1603 3674 μόνον
1638 3610 1708 3662 τὸ
1745 3608 1855 3662 ἐςςί
1891 3609 2179 3674 «ἐχθιςτος
2215 3609 2275 3662 δέ
2313 3607 2403 3673 μοί
2438 3609 2588 3663 ἑςςι»
2624 3610 2694 3677 (Α
2735 3609 2871 3673 176).
2942 3608 2978 3671 ή
3026 3608 3088 3661 δὲ
3123 3611 3314 3673 χρῆςις

717 3674 870 3739 παρὰ
903 3678 1025 3728 τοῖς
1062 3681 1321 3741 ποιηταῖς
1357 3677 1449 3729 καὶ
1486 3675 1868 3743 (υρακρςίοις,
1904 3677 1990 3729 διὸ
2026 3672 2119 3730 καὶ
2156 3674 2417 3742 (ώφρων
2451 3676 2588 3743 φηςί
2622 3677 2857 3729 «ὁδαῖός
2892 3677 2958 3740 γέ
2994 3675 3157 3729 ἐςςι».

714 3743 750 3793 l.
789 3745 940 3795 6-8
983 3760 1051 3794 ex
1095 3746 1293 3797 Arcad.
1334 3750 1458 3809 149,
1495 3750 1527 3797 3
1573 3747 1643 3799 cf.
1687 3746 1884 3797 Choer.
1920 3748 2048 3810 876,
2087 3749 2176 3796 16:
2224 3745 2471 3798 καθόλου
2516 3744 2791 3798 οὐδέποτε
2835 3745 2988 3810 ῥῆμα
3028 3743 3314 3809 ὸριςτικὸν

716 3808 796 3862 εἰς
835 3814 881 3861 ὠ
929 3812 1107 3875 λῆγον
1153 3812 1572 3877 μονοςύλλαβον
1621 3811 1928 3877 εὑρίςκεται
1975 3813 2038 3864 ἐν
2082 3813 2269 3879 χρήςει
2312 3813 2483 3879 χωρὶς
2529 3812 2579 3865 εἰ
2625 3814 2699 3878 μὴ
2746 3812 3014 3878 εύρεθῶςι
3049 3811 3313 3875 δευτέρας

717 3877 971 3942 ςυζυγίας
1015 3881 1138 3931 τῶν
1183 3880 1629 3946 περιςπωμένων
1674 3877 1800 3932 οἷον
1844 3881 1960 3947 δρῶ
2008 3882 2126 3932 θλῶ
2174 3884 2292 3934 κλῶ
2340 3883 2476 3946 ςμῶ.
2548 3881 2868 3946 πρόςκειται
2904 3880 3184 3945 ὁριςτικὸν
3221 3879 3312 3930 διὰ

715 3946 786 3998 τὸ
813 3945 912 3999 ἐὰν
937 3949 1021 3999 θῶ
1059 3947 1158 4000 ἐὰν
1194 3949 1293 3999 δῶ.
1401 3950 1436 3999 1.
1462 3954 1495 4001 9
1532 3949 1677 3999 Hinc
1702 3965 1873 4014 usque
1902 3949 1973 3999 ad
2009 3949 2171 3999 finem
2195 3951 2320 4002 libri
2346 3951 2478 4001 XVI
2497 3951 2775 4001 Arcadius
2814 3965 2911 4015 pro
2950 3949 3311 3999 fundamento

715 4020 828 4076 est,
879 4017 1118 4081 epitome
1162 4017 1423 4068 Lascaris
1471 4032 1634 4082 quam
1680 4016 1829 4066 edidi
1869 4019 1927 4067 in
1975 4017 2244 4082 Philolog.
2292 4018 2484 4068 XXIII
2526 4034 2580 4083 p.
2620 4021 2718 4069 164
2753 4033 2870 4083 sqq.
2943 4017 3149 4081 ubique
3185 4031 3311 4065 con—

715 4083 865 4134 sulta
902 4091 960 4135 et
997 4090 1287 4149 practerea
1323 4086 1556 4136 maxime
1582 4084 1971 4150 Theognostus
2008 4085 2290 4136 adhibitus
2325 4091 2426 4139 est.
2450 4112 2519 4122 -
2555 4086 2589 4135 1.
2620 4089 2680 4136 11
2717 4084 2810 4137 καὶ
2838 4083 2981 4136 κατὰ
3017 4082 3311 4147 ἀποβολὴν

715 4170 820 4218 τοο
854 4152 891 4220 ῑ.
928 4166 1064 4231 εῐβω
1103 4169 1296 4219 addidi
1342 4185 1410 4219 ex
1447 4169 1640 4220 ehoer.
1678 4170 1825 4220 οισι.
1862 4173 1986 4227 203,
2025 4171 2090 4219 10
2129 4166 2226 4232 (cf.
2271 4170 2448 4234 Epim.
2489 4170 2577 4220 Cr.
2616 4171 2644 4220 1
2683 4173 2805 4233 173,
2852 4171 2935 4235 5),
2984 4166 3194 4233 ἀμείβω
3242 4184 3310 4217 ex

718 4236 931 4299 choen,
980 4234 1124 4300 ςέβω
1162 4235 1324 4300 φέβω
1360 4254 1428 4288 ex
1464 4237 1713 4303 Theogn.
1754 4240 1873 4303 137,
1914 4241 2001 4295 19,
2047 4235 2320 4300 ῥέμβομαι
2363 4253 2430 4287 cx
2478 4238 2788 4303 fragmento
2823 4236 3135 4289 Herodiani
3179 4234 3311 4299 περὶ

714 4318 964 4372 ἀκλίτων
1009 4319 1283 4386 ῥημάτων
1332 4321 1422 4372 Cr.
1466 4322 1567 4372 An.
1612 4322 1714 4372 Ox.
1760 4323 1840 4371 IV
1886 4322 2011 4373 338:
2066 4319 2140 4371 τὰ
2186 4318 2264 4372 εἰς
2311 4323 2393 4384 βω
2440 4319 2691 4385 λήγοντα
2736 4320 2959 4386 ῥήματα
3007 4319 3308 4385 βαρύτονα,

715 4386 786 4439 ἂν
821 4388 885 4440 ἐν
919 4391 990 4455 τῇ
1029 4388 1146 4454 πρὸ
1179 4388 1380 4441 τέλους
1418 4389 1661 4454 ςυλλαβῇ
1700 4387 1799 4453 ἔχῃ
1837 4388 1908 4440 τὸ
1944 4392 2001 4453 ἒ,
2041 4388 2115 4452 μὴ
2153 4387 2614 4452 ὑποτεταγμένου
2650 4388 2810 4455 αὐτῷ
2833 4393 2953 4455 ,τοῦ
2990 4392 3043 4453 ἶ,
3090 4386 3157 4439 οὒ
3194 4384 3310 4437 κλί-

717 4464 873 4508 νεται
910 4456 1064 4522 παρὰ
1099 4460 1219 4509 τοῖς
1243 4457 1500 4510 παλαιοῖς
1539 4454 1589 4509 εἰ
1624 4455 1704 4576 ”a
1736 4454 1863 4520 ἄχρι
1898 4459 2003 4509 τοῦ
2032 4459 2453 4522 παρατακτικοῦ
2493 4453 2619 4509 οἷόν
2655 4456 2767 4508 ἑςτι
2802 4458 2872 4509 τὸ
2909 4456 3180 4523 ῥέμβομαι
3217 4453 3310 4506 καὶ

714 4524 858 4588 ςέβω
886 4524 1125 4589 ςέβομαι.
1174 4524 1374 4591 εὑρέθη
1401 4525 1463 4577 δὲ
1487 4525 1640 4589 παρὰ
1708 4525 1946 4588 οφοκλεῖ
1970 4524 2230 4591 ἑςέφθην.
2248 4553 2314 4562 -
2339 4522 2515 4589 θλίβω
2541 4522 2745 4588 ςτίλβω
2772 4542 2840 4577 cx
2863 4526 3059 4577 Choer.
3079 4526 3197 4587 218,
3224 4525 3309 4576 28.

849 4594 885 4644 1.
916 4598 978 4645 14
1022 4611 1120 4659 pro
1156 4594 1309 4657 βαβῶ
1345 4596 1543 4659 scripsi
1580 4592 1768 4656 βαυβῶ
1805 4594 2153 4645 monentibus
2185 4594 2435 4644 Schmidt
2471 4600 2530 4644 ct
2562 4595 2765 4647 Iacobi.
2913 4593 2952 4645 1.
2991 4596 3054 4645 18
3090 4591 3309 4656 ςτροβῶ

714 4663 954 4712 accessit
979 4678 1047 4712 cx
1072 4664 1234 4712 Lasc.
1261 4677 1312 4727 p.
1339 4664 1449 4723 165,
1475 4664 1558 4714 26.
1666 4662 1701 4710 l.
1728 4664 1793 4712 23
1819 4659 1978 4724 ἕρπω
2006 4677 2072 4712 cx
2098 4664 2281 4727 Lasc„
2308 4661 2500 4727 δρέπω
2526 4689 2591 4697 —-
2616 4661 2740 4712 ἔπω
2764 4661 2835 4713 τὸ
2861 4659 3051 4713 ἐνέπω
3077 4661 3313 4727 praebet

714 4729 959 4795 Theogn.
986 4733 1101 4791 137,
1138 4731 1221 4779 20.
1338 4730 1373 4783 l.
1410 4731 1475 4780 26
1512 4727 1599 4793 εἴη
1637 4730 1836 4793 scripsi
1872 4745 1968 4793 pro
2006 4729 2122 4793 ἔχοι
2159 4732 2372 4796 pariter
2407 4736 2575 4796 atquc
2611 4730 2647 4780 1.
2671 4732 2754 4779 22.
2875 4730 2908 4780 l.
2942 4732 3009 4781 26
3045 4727 3313 4779 Schmidt.

716 4797 887 4848 scribi
914 4798 1032 4847 vult
1069 4794 1183 4847 ἰπῶ
1219 4796 1290 4847 τὸ
1328 4796 1521 4862 πιέζω,
1560 4796 1711 4847 ῖπτω
1748 4795 1810 4847 δὲ
1845 4796 1916 4848 τὸ
1954 4796 2189 4860 βλάπτω
2227 4815 2294 4849 ex
2320 4800 2385 4849 Ε.
2413 4800 2486 4849 Μ.
2510 4801 2629 4864 ΜΒ,
2656 4801 2720 4849 27
2758 4797 2910 4864 παρὰ
2942 4798 3014 4850 τὸ
3049 4795 3204 4849 ἷπτω
3241 4793 3312 4844 τὸ
