3664 5546
677 402 805 466 534
1619 401 1701 457 εκ
1739 402 1900 483 τςιΝ,
1923 402 2332 457 ΗΡΩΔιΑΝοΥ

679 574 1165 653 περιςπωμένην
1220 576 1339 636 τοῦ
1391 576 1518 637 πᾶς
1562 572 1900 659 ᾀρςενικοῦ
1944 573 2205 638 ἐκτείνει
2252 574 2328 638 τὸ
2374 577 2431 636 ἆ.
2522 573 2679 637 ὅταν
2737 573 2956 651 μέντοι
3007 573 3084 638 τὸ
3127 577 3276 638 πᾶν

682 675 1072 756 διςυλλάβως
1130 675 1416 756 λέγηται,
1481 673 1627 738 τότε
1685 676 1807 741 ἕξει
1864 675 1940 739 τὸ
1986 679 2030 738 ἇ
2074 676 2608 757 ςυνεςταλμένον,
2666 676 2996 755 ςύμπαν,
3053 674 3278 739 ἅπαν.

683 778 937 856 εὕρηται
980 777 1142 854 παρ’
1188 776 1541 854 Ἀθηναίοις
1582 777 1870 840 ἐκτεῑνον
1913 777 1989 841 τὸ
2035 780 2092 840 ἆ.

852 879 947 943 Τὰ
991 878 1098 942 διὰ
1141 882 1257 942 τοῦ
1302 899 1487 956 αριον
1522 878 1974 957 ύποκοριςτικὰ
2018 879 2194 956 παρὰ
2224 882 2362 943 τοῖς
2404 882 2707 943 παλαιοῖς
2735 879 2987 957 Ἕλληςι
3033 878 3278 943 ςυςτέλ-

624 984 783 1045 5λει
826 981 903 1045 τὸ
949 984 1019 1062 ἆ,
1075 979 1494 1062 ἱππάριον,
1549 981 2014 1062 πλοιάριον,
2070 981 2484 1059 φυτάριον.
2570 981 2609 1058 ἡ
2656 980 2875 1059 μέντοι
2932 984 3051 1045 νῦν
3097 980 3282 1056 ςυνή-

686 1088 826 1147 θεια
868 1082 1001 1147 ἀπὸ
1043 1085 1155 1158 τῆς
1197 1086 1329 1145 τῶν
1373 1080 1704 1159 Ῥωμαίων
1750 1082 2085 1145 διαλέκτου
2128 1081 2344 1145 πολλὰ
2396 1081 2714 1146 ἐπίςταται
2771 1083 2878 1146 διὰ
2920 1086 3037 1146 τοῦ
3083 1086 3282 1159 ispi&

688 1184 1097 1264 ἐκτεταμένα,
1144 1182 1575 1277 ςουδάριον
1623 1183 1899 1258 λέγουςα
1941 1185 2044 1247 καὶ
2086 1182 2532 1260 κελλάριον.

854 1316 892 1352 ιι
940 1285 1036 1349 Τὰ
1080 1285 1187 1349 διὰ
1240 1287 1358 1349 τοῦ
1404 1287 1564 1349 υλον
1611 1283 1922 1363 οὐδέτερα
1964 1285 2309 1362 διςύλλαβα
2351 1285 2600 1362 καθαρὰ
2655 1290 2978 1366 μονογενῆ
3025 1285 3283 1350 ἐκτείνει

688 1387 765 1452 τὸ
812 1389 849 1451 ῡ
895 1385 1041 1452 οἷον
1088 1388 1410 1469 ςκῦλον,
1455 1389 1747 1468 φῦλον,
1794 1389 2054 1451 κῦλον.
2142 1385 2545 1463 ςεςημείωται
2589 1386 2664 1450 τὸ
2709 1386 2972 1453 ξύλον.

599 1498 660 1551 10
863 1515 901 1551 ι·
948 1487 1044 1552 Τὰ
1097 1487 1187 1552 εἰς
1243 1508 1320 1551 ας
1378 1488 1661 1564 λήγοντα
1716 1488 2029 1566 οὐδέτερα
2093 1488 2196 1551 καὶ
2261 1486 2598 1567 βαρύνεται
2665 1489 2768 1552 καὶ
2821 1490 3286 1569 ςυςτέλλονται,

694 1590 955 1672 κρέας,
1000 1588 1264 1671 τέρας,
1310 1590 1583 1671 δέπας,
1630 1589 1884 1667 κέρας.

863 1691 957 1755 Τὰ
1000 1689 1089 1755 εἰς
1116 1693 1202 1754 ’ὁὶ
1248 1690 1559 1768 οὐδέτερα
1602 1690 1952 1770 διςύλλαβα
1981 1691 2218 1768 ἔχοντα
2262 1691 2390 1768 πρὸ
2433 1694 2552 1754 τοῦ
2595 1691 2824 1755 τέλους
2869 1692 2945 1755 τὸ
2991 1694 3064 1773 ἆ,
3111 1712 3289 1756 ςυνε-

696 1792 1047 1871 ςταλμένον
1103 1791 1263 1856 αὐτὸ
1320 1793 1483 1873 ἔχει,
1538 1791 1763 1874 δάος,
1818 1793 2060 1875 φάος,
2124 1791 2347 1873 χάος,
2403 1791 2624 1873 ἄχος,
2680 1792 2946 1875 ςάκος,
3016 1793 3290 1875 βάρος,

697 1893 979 1975 πάθος,
1024 1892 1341 1976 κράτος,
1387 1893 1689 1972 θράςος.
1776 1895 1948 1971 πλὴν
1993 1896 2111 1958 τοῦ
2155 1896 2413 1974 φᾶρος
2459 1896 2713 1973 «φᾶρος
2756 1894 2871 1973 μέν
2919 1895 2981 1959 οἱ
3025 1901 3292 1972 πρῶτον

603 2005 661 2056 15
698 1995 1011 2059 ἐϋπλυνὲς
1064 1994 1177 2071 ἠδὲ
1230 1999 1511 2072 χιτῶνα»
1570 1997 1643 2077 (π
1697 1994 1870 2074 173)·
1927 1994 1991 2058 οἱ
2044 1995 2259 2073 μέντοι
2319 1996 2607 2073 τραγικοὶ
2671 1995 2886 2074 ἐπίςης
2951 1994 3296 2059 ἐκτείνουςι

700 2100 817 2160 τοῦ
872 2096 1300 2175 προκειμένου
1356 2095 1677 2175 ὀνόματος
1731 2098 1806 2161 τὸ
1866 2098 1907 2158 ἆ
1960 2098 2064 2160 καὶ
2120 2096 2534 2160 ςυςτέλλουςι.
2621 2097 2725 2160 καὶ
2781 2100 2898 2161 τοῦ
2963 2100 3295 2175 πρᾶγος·

701 2201 895 2263 τοῦτο
942 2200 1012 2262 δὲ
1057 2198 1233 2275 παρὰ
1276 2199 1352 2261 τό
1394 2198 1651 2277 πρήςςω
1696 2199 1799 2262 καὶ
1843 2197 2102 2274 πράςςω
2144 2197 2500 2277 γενόμενον
2546 2197 3103 2277 ςυνεκτεινόμενον
3151 2198 3293 2276 ἔςχε

702 2305 794 2384 τῷ
841 2300 1065 2380 ῥήματι
1109 2300 1186 2365 τὸ
1231 2303 1288 2362 ἇ.
1377 2300 1452 2363 τὸ
1500 2301 1571 2363 δὲ
1616 2302 1858 2378 μᾶκος
1904 2298 2029 2363 ἐςτὶ
2073 2298 2231 2362 κατὰ
2275 2298 2610 2362 διάλεκτον
2657 2299 2727 2363 ἐκ
2767 2302 2888 2364 τοῦ
2933 2302 3148 2378 μῆκος.

869 2429 907 2465 ι·
953 2401 1139 2465 Πᾶςα
1168 2400 1470 2478 αἰτιατική
1502 2399 1752 2479 ἀπαθὴς
1780 2400 1871 2465 είς
1902 2402 1944 2463 ἃ
1975 2401 2258 2477 λήγουςα
2288 2400 2720 2464 ςυςτέλλεςθαι
2747 2400 2947 2483 θέλει,
2980 2401 3298 2479 Ἀλκμᾶ-

602 2512 671 2561 20
705 2524 828 2579 να,
883 2503 1256 2584 ποιμένα,
1310 2502 1669 2583 Ἕκτορα,
1726 2494 2075 2582 θώρακα,
2129 2499 2460 2582 Αἴαντα,
2516 2502 2906 2584 Ἀχιλλέα,
2965 2504 3299 2582 βαςιλὲα.

704 2605 973 2669 Ἀττικοὶ
1015 2605 1234 2683 μέντοι
1281 2603 1624 2668 ἐκτείνουςι
1667 2604 1781 2667 τὰς
1824 2601 1957 2666 ἀπὸ
2001 2608 2133 2667 τῶν
2180 2602 2270 2667 εἰς
2314 2608 2464 2686 ε-υ-ς,
2521 2603 2783 2682 Ἀτρέα
2839 2604 3144 2680 λέγοντες
3202 2604 3303 2667 καὶ

703 2705 932 2785 ἱερέα.
1020 2706 1379 2785 πρόςκειται
1425 2703 1675 2783 ἀπαθὴς
1731 2705 1837 2769 διὰ
1890 2705 1966 2768 τὸ
2023 2707 2169 2784 χοᾶ
2224 2705 2327 2770 καὶ
2391 2705 2732 2784 Ἐρετριᾶ
2796 2706 2899 2771 καὶ
2962 2705 3304 2784 Πειραιᾶ

707 2809 810 2871 καὶ
855 2807 1170 2885 (τειριᾶ.

876 2929 914 2964 ⁴*
962 2907 1057 2972 Τὰ
1109 2907 1200 2973 εἰς
1254 2914 1315 2972 ἰν
1372 2909 1657 2988 λήγοντα
1711 2909 1783 2974 ἐν
1840 2915 1915 2993 τῇ
1971 2908 2273 2993 αἰτιατικῇ
2328 2909 2540 2973 πάντα
2597 2910 2835 2989 βραχέα
2889 2910 3086 2991 ἐςτίν,
3157 2908 3304 2973 οἷον

608 3019 674 3068 ‘2-‘1
713 3009 1091 3091 Εὔπολιν,
1147 3010 1482 3092 Ἀλεξιν,
1540 3010 1742 3089 ἔχιν,
1803 3010 2050 3074 Θέτιν.
2140 3009 2312 3074 οὕτω
2366 3014 2529 3086 γοῦν
2575 3013 2676 3074 καὶ
2720 3014 2980 3093 μῆνιν,
3037 3011 3143 3076 διὸ
3191 3013 3304 3089 τὴν

713 3113 983 3189 κνημῖδα
1026 3111 1128 3174 καὶ
1172 3114 1493 3190 ςφραγῑδα
1537 3110 1598 3176 οἱ
1641 3112 1891 3176 Αἰολεῖς
1935 3114 2212 3191 κνᾶμιν
2258 3111 2357 3175 καὶ
2403 3114 2740 3191 ςφρᾶγιν
2788 3112 3089 3188 λέγοντες
3151 3113 3306 3191 μετὰ

715 3211 1092 3290 ὀλιγότητος
1137 3215 1470 3292 ςυλλαβῶν
1514 3213 1974 3278 ςυςτέλλουςιν.

882 3310 955 3374 Αι
1001 3312 1090 3376 εἰς
1135 3333 1196 3375 αι
1244 3314 1547 3391 λήγουςαι
1593 3314 1831 3378 εὐθεῖαι
1878 3315 2291 3393 πληθυντικαι
2347 3314 2733 3380 ἐκτείνουςαι
2788 3314 3177 3393 τυγχάνουςι
3234 3316 3309 3379 τὸ

717 3436 758 3478 α
801 3419 933 3477 τῶν
979 3412 1372 3497 αἰτιατικῶν,
1429 3415 1654 3480 (κύθαι
1701 3415 2026 3498 (κύθας,
2083 3417 2267 3480 καλαί
2325 3418 2593 3544 καλάς,
2650 3416 2711 3480 οἱ
2763 3419 2834 3480 δὲ
2878 3417 3160 3495 Δωριεῖς
3207 3438 3309 3481 ςυ-

617 3524 683 3574 30
719 3515 1041 3580 ςτέλλουςι
1090 3514 1403 3598 (κύθας,
1449 3521 1757 3582 ναῦτας.

889 3645 923 3680 a·
971 3615 1066 3679 Τά
1110 3615 1200 3680 εἰς
1244 3621 1297 3680 ὦ
1344 3618 1627 3695 λήγοντα
1671 3620 1918 3696 καθαρὰ
1973 3620 2296 3698 βαρύτονα
2353 3619 2630 3702 ῥήματα,
2688 3621 2848 3698 ὑπὲρ
2904 3620 3025 3684 δύο
3078 3623 3307 3684 ςυλλα-

722 3718 837 3798 βὰς
882 3716 1284 3799 ὑπάρχοντα,
1341 3717 1395 3781 εἰ
1437 3720 1881 3798 παραλήγοιτο
1937 3727 2042 3802 τῷ,
2073 3723 2124 3802 i,
2181 3722 2361 3803 μόνῳ
2419 3722 2812 3803 ἐκτεταμένῳ
2867 3721 3044 3805 αὐτῷ
3101 3742 3308 3799 παρα-

700 3820 1009 3899 ·λήγεται,
1076 3819 1272 3896 χωρὶς
1310 3818 1390 3882 ,εἰ
1461 3821 1542 3897 μὴ
1600 3820 1866 3884 ςύνθετα
1923 3819 2019 3899 εἴη
2073 3823 2112 3900 ἢ
2179 3823 2324 3886 κατ’
2378 3822 2669 3901 ἔλλειψιν
2729 3827 2848 3887 τοῦ
2903 3809 2971 3904 ἶ,
3038 3823 3308 3902 κυλίω,

722 3919 947 4000 ἀλίω,
1004 3920 1280 4002 μηνίω,
1335 3921 1606 4003 δηρίω,
1664 3922 1934 4004 κονίω,
1980 3922 2163 3987 ἰδίω.
2252 3925 2327 3987 τὸ
2374 3925 2444 3987 δὲ
2502 3924 2729 3988 ἐςθίω
2788 3924 3103 3988 ςυςτέλλει
3148 3923 3229 3986 τὸ
3274 3926 3308 3986 i.

622 4029 688 4079 35
725 4020 1137 4099 ἐφυλαξάμήν
1196 4022 1267 4085 δέ
1322 4022 1588 4086 ςύνθετα
1641 4024 1747 4086 διὰ
1800 4024 1877 4087 τὸ
1932 4022 2122 4087 ἀτίω
2177 4025 2293 4101 τήν
2350 4045 2420 4088 τε
2480 4024 2771 4103 ἔλλειψιν
2828 4029 2945 4089 τοῦ
2982 4010 3021 4091 ἶ
3073 4025 3181 4089 διὰ
3236 4025 3308 4087 τὸ

724 4122 1030 4202 μαςτίω.
1118 4123 1194 4186 τὸ
1263 4124 1334 4187 δὲ
1390 4123 1652 4187 δειδίω
1719 4124 1800 4188 οὐ
1869 4124 2081 4204 ῥητόν.
2178 4126 2255 4189 τὸ
2312 4127 2383 4191 δὲ
2439 4126 2676 4205 κηκίω
2730 4126 2800 4190 ἐκ
2855 4129 3310 4204 διπλαςιαςμοῦ

728 4223 980 4302 «πολλὴ
1027 4224 1093 4286 δ’
1136 4223 1465 4303 ἀνεκήκιεν
1510 4225 1734 4304 ἅλμη».

814 4366 891 4370 ----
912 4363 1129 4370 -————-—.

862 4446 900 4495 1.
937 4449 971 4496 4
1004 4445 1206 4498 Arcad.
1250 4447 1374 4507 195,
1411 4447 1468 4506 4,
1516 4444 1794 4511 φυτάριον
1840 4462 2014 4511 usque
2057 4447 2129 4497 ad
2167 4447 2326 4497 finem
2364 4448 2555 4498 addidi
2602 4465 2671 4499 ex
2708 4450 2893 4499 Dichr.
2929 4450 3054 4509 291,
3095 4451 3176 4498 19.

724 4514 762 4564 l.
801 4517 832 4566 8
869 4529 1135 4565 canonem
1171 4514 1356 4579 recepi
1393 4530 1462 4564 ex
1502 4516 1602 4579 Ep.
1641 4515 1730 4565 Cr.
1768 4515 1793 4565 1
1828 4517 1956 4577 427,
2003 4515 2066 4568 Ε.
2102 4516 2174 4564 Μ.
2212 4518 2338 4572 802,
2380 4519 2458 4566 17.
2667 4518 2703 4566 l.
2740 4520 2804 4567 10
2842 4516 3028 4567 Dichr.
3064 4517 3190 4576 283,
3227 4517 3307 4566 22.

864 4581 899 4632 l.
940 4584 1001 4632 12
1044 4582 1404 4640 Arcad.l95,
1457 4585 1534 4633 13.
1603 4581 1739 4645 ἄχος
1784 4609 1851 4618 ·—
1893 4579 2094 4646 θράςος
2139 4583 2328 4632 addidi
2374 4599 2442 4634 ox
2487 4584 2677 4637 Dichr.
2714 4587 2840 4646 295,
2876 4588 2934 4645 3,
2972 4584 3104 4633 item
3140 4582 3311 4632 verba

726 4651 1025 4700 Homerica
1059 4649 1130 4700 ad
1167 4652 1376 4714 φᾶρος,
1413 4647 1468 4701 οἱ
1503 4648 1695 4713 μέντοι
1730 4650 1982 4714 τραγικοί
2018 4677 2084 4686 -
2120 4649 2470 4702 ςυςτέλλουςι
2506 4669 2574 4702 ex
2611 4653 2758 4705 Mon
2797 4654 2889 4712 36,
2926 4654 2992 4701 20
3036 4656 3094 4700 et
3136 4651 3311 4700 τοῦτο

727 4716 791 4768 δέ
825 4733 1000 4782 usquo
1037 4717 1107 4767 ad
1143 4718 1303 4769 finem
1342 4734 1409 4769 ex
1447 4718 1636 4772 Dichr.
1676 4720 1710 4769 1.
1747 4733 1795 4769 ο.
1940 4719 1976 4767 l.
2020 4721 2081 4768 19
2118 4720 2869 4778 Diehr.291‚14.1.24
2906 4733 2974 4767 ex
3008 4717 3309 4768 Herodian.

732 4801 821 4849 ap.
860 4785 1117 4838 Eustath.
1152 4788 1209 4844 8,
1246 4789 1329 4840 42.
1470 4786 1504 4835 1.
1540 4788 1607 4835 28
1643 4786 1843 4837 Arcad.
1881 4789 2005 4848 195,
2041 4789 2108 4838 23
2143 4787 2411 4837 adhibitis
2448 4787 2802 4850 Diehr.296‚
2842 4788 2931 4844 17,
2978 4785 3124 4835 unde
3158 4782 3214 4835 οἱ
3249 4781 3310 4834 δὲ

731 4852 970 4917 Δωριεῖς
1007 4868 1179 4919 usque
1217 4853 1285 4904 ad
1322 4854 1484 4904 finem
1521 4855 1721 4921 recepi.
1863 4854 1997 4907 1.31
2039 4854 2378 4912 Dichr.298‚
2418 4858 2481 4904 10
2517 4854 2590 4904 cf.
2630 4854 2777 4903 Mon.
2813 4856 2901 4918 43,
2936 4856 3018 4905 31.
