3664 5546
1198 316 1356 371 ΠΕΡΙ
1397 315 1790 371 ΚΑΘΟΛΙΚΗ(
1825 315 2247 371 ΠΡΟΕΩιΔΙΑΕ
2287 317 2358 370 ΙΓ.
2953 315 3078 379 363

493 492 721 573 ςτέων,
787 490 906 569 ἀφ’
964 487 1169 567 οὗπερ
1224 487 1623 553 ἀπέπλευςεν
1684 489 1723 566 ἡ
1789 491 2005 552 ναῦς».
2092 486 2781 566 Τορτόμιον>πόλις
2847 487 3077 564 μεταξὺ

492 593 715 672 (Συρίας
759 593 863 657 καὶ
906 590 1246 670 Ἀρμενίας.
1335 590 1657 674 ’Υάμιον
1701 589 1889 654 πόλις
1932 590 2199 668 Τρωῖκή.

657 721 693 757 ιε
741 693 836 758 Τὰ
880 692 985 760 διὰ
1028 695 1144 756 τοῦ
1188 695 1338 755 ’νῖοῖ
1380 692 1542 769 ὑπὲρ
1587 693 1757 769 τρεῖς
1802 691 2117 771 ςυλλαβὰς
2160 689 2749 772 προπαροξύνεται,
2809 690 3100 769 uam--

490 817 666 862 νιον
723 796 910 860 πόλις
964 794 1071 873 μία
1124 793 1451 874 μεςογείας
1503 796 1635 857 τῶν
1693 792 2040 870 Οἰνωτρῶν
2094 797 2226 857 τῶν
2272 792 2400 857 ὑπὸ
2445 791 2772 857 Ἑκαταίου
2815 794 3075 856 καταλε-

489 900 754 977 χθειςῶν
800 896 871 961 ἐν
916 895 1205 977 Εὐρώπῃ.
1273 893 1662 959 ὀπτάνιον
1707 893 1858 972 παρ’
1904 893 2237 976 Ἀττικοῖς,
2275 893 2596 974 ,γράφεται
2628 895 2699 959 δὲ
2744 895 2846 958 καὶ
2875 893 3071 959 ὀπτα·
3101 907 3134 957 5

489 1002 685 1065 νεῖον.
784 996 1194 1078 βοτάνιον,
1261 995 1652 1060 λεκάνιον.
1753 994 2160 1082 Ἀιρβάνιον
2216 995 2402 1059 πόλις
2459 996 2622 1073 πρὸς
2675 1001 2769 1078 τῷ
2822 994 3077 1079 Πόντῳ.

491 1102 537 1164 Β
553 1099 884 1178 ρυάνιον
929 1097 1117 1163 πόλις
1162 1097 1584 1175 Θεςπρωτίας.
1642 1095 2026 1161 Ἀζάνιον·
2072 1096 2244 1160 οὕτω
2286 1097 2456 1160 τινες
2499 1096 2838 1178 Αἰζανούς,
2882 1097 3077 1160 πόλιν

489 1200 804 1284 Φρυγίας,
850 1201 1077 1282 φαςίν,
1120 1200 1200 1277 ἣν
1233 1198 1529 1279 (τράβων
1576 1196 1904 1281 δωδεκάτῃ
1947 1197 2036 1283 (p.
2059 1195 2215 1278 576)
2260 1196 2563 1265 ἈΖανούς
2609 1198 2778 1273 λέγει
2824 1201 2978 1274 «τῆς
3022 1197 3078 1261 δ’
3137 1249 3148 1260 .

495 1303 861 1379 Ἐπικτήτου
892 1301 1171 1379 Φρυγίας
1204 1300 1451 1367 Ἀζανοί
1480 1300 1548 1364 τέ
1585 1299 1697 1364 εἰςι
1731 1301 1834 1364 καὶ
1865 1297 2180 1363 Νακόλεια
2194 1323 2238 1364 ».
2299 1298 2843 1363 Μεδιολάνιον
2889 1298 3077 1372 πόλις

492 1404 873 1469 Ἀκυτανίας.
961 1401 1375 1480 Ὑρκάνιον
1418 1402 1645 1467 πεδίον
1688 1405 1800 1479 τῆς
1844 1401 2105 1483 Λυδίας,
2166 1400 2256 1465 ὡς
2301 1399 2747 1478 Ἐρατοςθένης
2806 1400 2876 1464 έν
2919 1401 3074 1479 πέμ-
3117 1414 3180 1464 10

488 1527 629 1589 πτῳ
676 1507 1051 1570 Γαλατικῶν.
1141 1503 1488 1586 ἑλένιον,
1543 1501 1985 1584 Ὀρμένιον,
2041 1502 2488 1579 Παρθένιον
2545 1501 2731 1566 πόλις
2792 1499 3074 1581 Εὐβοίας.

490 1607 618 1672 ἔὲτι
671 1608 743 1671 δὲ
797 1606 900 1669 καὶ
943 1605 1210 1687 Θρᾴκης.
1298 1604 1423 1669 ἔςτι
1482 1606 1554 1669 δὲ
1609 1605 1712 1668 καὶ
1754 1602 1963 1683 ὄνομα
2006 1603 2217 1681 ὄρους.
2306 1603 2701 1682 αὐχένιον.
2762 1591 2957 1667 τὀὓτο
3005 1604 3076 1668 δὲ

491 1710 849 1789 διφορεῖται
894 1706 1054 1771 κατὰ
1097 1707 1212 1784 τὴν
1256 1707 1787 1788 παραλήγουςαν,
1836 1706 1927 1769 ὡς
1971 1706 2074 1769 καὶ
2117 1704 2222 1768 διὰ
2266 1707 2376 1782 τῆς
2424 1707 2476 1770 ὃ
2519 1705 2879 1785 διφθόγγου
2923 1705 3075 1783 γρά-

491 1829 697 1890 φεται.
786 1808 1279 1900 Ἀχαιμένιον
1323 1808 1362 1885 ἡ
1407 1807 1679 1885 Περςικὴ
1738 1808 1930 1885 μοῖρα
1985 1806 2117 1871 ἀπὸ
2164 1805 2572 1886 Ἀχαιμένους
2629 1804 2771 1870 υἱοῦ
2815 1806 3075 1890 Αἰγέως,

490 1913 529 1988 ἢ
587 1911 688 1975 καὶ
741 1910 1113 1989 Ἀχαιμενία.
1199 1908 1633 1987 Ποιμένιον
1688 1907 1845 1986 ὄρος
1909 1907 1979 1972 ἐν
2039 1908 2424 1990 Μακεδονίᾳ.
2522 1908 3074 1987 Ταυρομένιον
3115 1918 3176 1970 15

493 2012 678 2076 πόλις
724 2010 1016 2075 (Σικελίας.
1085 2009 1471 2089 Τημένιον
1516 2010 1756 2088 χωρίον
1804 2009 2165 2090 Μεςςήνης,
2211 2009 2281 2072 ἐν
2328 2008 2381 2090 ᾧ
2426 2008 2728 2073 τέθαπται
2772 2010 3074 2088 Τήμενος.

490 2113 1106 2190 Ἀλαλκομένιον
1149 2111 1335 2176 πόλις
1379 2112 1684 2176 Βοιωτίας
1713 2109 1846 2176 ἀπὸ
1887 2115 2003 2175 τοῦ
2038 2107 2581 2192 Ἀλαλκομενέως,
2618 2093 2691 2175 ὃς
2731 2112 2833 2175 καὶ
2860 2111 3076 2190 ἵδρυςε

488 2216 604 2293 τὴν
651 2215 920 2294 Ἀθηνᾶν
980 2212 1533 2293 Ἀλαλκομενηῖδα.
1633 2212 1882 2287 λέγεται
1937 2213 2037 2276 καὶ
2092 2212 2562 2290 Ἀλαλκομεναί.
2663 2211 3074 2278 Ἀπέννιον

489 2316 646 2395 ὄρος
690 2316 794 2380 διὰ
840 2316 1025 2396 μέςης
1070 2315 1330 2380 Ἰταλίας
1373 2313 1738 2392 τεταμένον.
1785 2313 2058 2378 Ἐλευςίν
2103 2313 2600 2378 Ἐλευςίνιον.
2648 2314 2839 2392 ςκηνή
2883 2334 3073 2392 προ-

491 2419 843 2502 ςκήνιον,
899 2417 1442 2499 περιςκήνιον,
1500 2416 1729 2494 ςελήνη
1785 2416 2168 2492 ςελήνιον.
2257 2415 2352 2478 θίς
2406 2413 2583 2478 θινός
2648 2415 2908 2479 θίνιον
2972 2414 3074 2478 καὶ
3109 2426 3178 2477 20

491 2518 975 2597 ἀκροθίνιον.
1079 2517 1530 2597 Δελφίνιον
1596 2516 1918 2596 φρούριον
1987 2516 2185 2599 Χίων,
2255 2516 2345 2582 ὡς
2411 2515 2805 2594 Θουκυδίδης
2871 2515 3074 2598 ὀγδόῃ

490 2621 577 2701 (ο.
621 2619 753 2700 38).
841 2618 1204 2684 Κυτίνιον
1262 2619 1370 2697 μία
1424 2618 1612 2682 πόλις
1665 2622 1797 2682 τῶν
1852 2624 2048 2696 τριῶν
2104 2624 2234 2681 τῶν
2292 2618 2627 2696 Δωρικῶν.
2715 2618 3073 2691 Αἰγίνιον

489 2721 678 2786 πόλις
731 2721 1085 2803 Ἰλλυριῶν,
1147 2720 1237 2785 ῶς
1293 2718 1590 2801 (τράβων
1635 2717 1702 2800 (7
1749 2740 1811 2804 p.
1860 2716 2031 2800 327).
2118 2719 2495 2799 Λαβίνιον
2550 2719 2736 2784 πόλις
2794 2717 3074 2802 Ἰταλίας,

489 2822 741 2887 Αἰνείου
797 2823 1028 2902 κτίςμα.
1116 2822 1311 2901 Ἰόβας
1369 2821 1441 2885 ἐν
1494 2820 1750 2903 πρώτῳ.
1848 2819 1979 2886 ἀπὸ
2038 2825 2151 2898 τῆς
2210 2825 2328 2886 τοῦ
2396 2821 2697 2901 βαςιλέως
2760 2821 3073 2898 θυγατρὸς

489 2922 800 3004 Λαβινίας.
889 2923 1260 2987 Λακίνιον
1317 2922 1473 3000 ὄρος
1533 2921 1884 3000 Κρότωνος.
1971 2917 2336 3002 Λυκόφρων
2389 2923 2533 2986 «καὶ
2573 2921 2906 2999 Λακινίου(
2962 2943 3071 3000 μυ-
3109 2934 3175 2983 25

490 3025 689 3104 χούς»
735 3025 829 3106 (v.
876 3022 1046 3104 856).
1114 3024 1566 3104 δαιμόνιον,
1611 3022 2106 3104 χελιδόνιον,
2154 3023 2515 3103 ὀθόνιον,
2562 3021 2922 3105 ἀκόνιον,
2970 3023 3074 3086 εἰ-

491 3126 783 3190 κόνιον.
844 3125 1168 3190 Ἰκόνιον
1213 3124 1400 3190 πόλις
1430 3124 1782 3189 Λυκαονίας
1826 3124 1989 3202 πρὸς
2033 3127 2173 3189 τοῖς
2217 3124 2396 3203 ὅροις
2438 3128 2556 3188 τοῦ
2586 3122 2874 3201 Ταύρου·
2920 3125 3076 3203 φαςὶ

492 3226 548 3289 δ’
603 3226 701 3291 ὅτι
754 3226 834 3304 ἦν
889 3246 984 3291 τις
1043 3227 1405 3308 Ναννακός,
1461 3226 1534 3289 ὃς
1591 3225 1805 3304 ἔζηςεν
1865 3224 2025 3304 ὑπὲρ
2080 3225 2160 3289 τὰ
2212 3225 2533 3303 τριακόςια
2587 3225 2714 3303 ἔτη.
2801 3223 2956 3288 τοὺς
3003 3226 3075 3289 δὲ

492 3327 669 3405 πέριξ
715 3326 1200 3409 μαντεύςαςθαι,
1256 3327 1378 3391 ἕως
1420 3328 1595 3392 τίνος
1638 3326 1981 3406 βιῶςεςθαι.
2070 3326 2260 3405 ἐδόθη
2308 3328 2379 3391 δὲ
2423 3326 2728 3408 χρηςμός,
2785 3325 2881 3390 ὅτι
2925 3326 3073 3389 τού-

400 3432 467 3489 .“
491 3449 610 3493 του
666 3428 1160 3506 τελευτήςαντος
1212 3427 1449 3493 πάντες
1503 3428 2059 3508 διαφθαρήςονται.
2149 3427 2213 3493 οἱ
2265 3429 2336 3492 δὲ
2389 3427 2636 3505 Φρύγες
2690 3425 3075 3491 ἀκούςαντες
3112 3440 3180 3491 30

494 3529 809 3608 ἐθρήνουν
867 3534 1181 3608 ςφοδρῶς.
1270 3529 1422 3594 ὅθεν
1478 3530 1580 3593 καὶ
1632 3529 1940 3608 παροιμία
1999 3530 2114 3594 «τὸ
2176 3529 2282 3593 ἐπὶ
2350 3530 2687 3593 Ναννακοῡ
2742 3526 3072 3592 κλαύςειν»

491 3631 597 3695 ἐπὶ
637 3634 769 3695 τῶν
815 3629 956 3694 λίαν
1003 3629 1465 3710 οἰκτιζομένων.
1553 3629 1909 3709 γενομένου
1955 3631 2025 3695 δὲ
2071 3633 2507 3711 κατακλυςμοῦ
2559 3631 2663 3694 ἐπὶ
2706 3629 3074 3693 Δευκαλίω-

491 3752 605 3796 νος
649 3730 886 3796 πάντες
930 3731 1376 3811 διεφθάρηςαν.
1463 3731 1993 3811 ἀναξηρανθείςης
2048 3734 2121 3797 δὲ
2175 3735 2287 3810 τῆς
2340 3736 2455 3811 γῆς
2498 3732 2536 3795 ὁ
2581 3731 2745 3795 Ζεὺς
2788 3730 3075 3795 ἐκέλευςε

489 3840 581 3917 τῷ
626 3833 958 3912 Προμηθεῖ
1001 3834 1103 3896 καὶ
1144 3840 1220 3916 τῇ
1253 3834 1480 3916 Ἀθηνᾷ
1524 3831 1762 3898 εἴδωλα
1805 3831 2165 3899 ἀναπλάςαι
2210 3834 2279 3897 ἐκ
2321 3838 2438 3898 τοῦ
2481 3836 2692 3912 πηλοῦ
2738 3834 2839 3896 καὶ
2881 3852 3074 3910 προς-

492 3935 920 4014 καλεςάμενος
963 3933 1117 3998 τοὺς
1160 3933 1436 4013 ἀνέμους
1481 3932 1826 4015 ἐμφυςῆςαι
1871 3938 2057 4005 πᾶςιν
2102 3936 2388 4001 ἑκέλευςε
2442 3936 2544 3998 καὶ
2585 3938 2795 4001 ζῶντα
2838 3930 3070 3996 άποτε-
3108 3947 3173 3997 35

623 4221 658 4271 l.
696 4225 728 4271 3
775 4220 863 4269 hic
911 4237 1087 4271 canon
1124 4222 1456 4288 compositus
1493 4228 1580 4274 est
1622 4239 1688 4271 ex
1734 4221 1982 4284 Theogn.
2021 4222 2141 4283 124,
2179 4224 2245 4272 30
2292 4218 2383 4282 (de
2420 4221 2731 4270 nominibus
2775 4220 2829 4268 in
2867 4224 3100 4283 ανιον),.

530 4325 538 4334 .
582 4291 696 4352 124,
733 4291 798 4339 20
836 4288 1054 4351 (ενιον),
1096 4292 1209 4351 125,
1250 4294 1312 4342 18
1348 4291 1537 4352 (ὴνῐον
1577 4298 1631 4339 et
1666 4292 1806 4340 ἰνιόῦ
1852 4288 1946 4336 ubi
1994 4288 2201 4337 diserte
2242 4289 2462 4337 additur
2505 4286 2692 4338 οὕτως
2730 4286 3072 4350 Ἡρωδιανὸς

488 4305 551 4406 ἓν
587 4360 658 4421 τῇ
698 4354 985 4419 καθόλου),
1028 4359 1140 4420 124,
1178 4361 1245 4409 20
1283 4357 1501 4419 (όνιον),
1542 4358 1655 4418 124,
1694 4361 1755 4406 12
1794 4354 2032 4421 (ωνιον).
2071 4381 2133 4389 -
2171 4352 2462 4405 Μαλάνιον
2500 4355 2645 4418 apud
2683 4355 2926 4421 Theogn.
2957 4362 3070 4419 124,

489 4427 553 4473 32
598 4425 655 4473 in
700 4421 987 4474 Μελάνιον
1033 4430 1343 4490 corruptum
1388 4423 1609 4487 explevi
1655 4439 1722 4472 ex
1770 4427 1851 4475 St.
1898 4426 1987 4481 B.‚
2033 4422 2128 4470 ubi
2174 4422 2230 4470 in
2274 4419 2562 4472 Μαλάνιος
2609 4437 2924 4485 perversum
2971 4432 3071 4476 est.

490 4480 763 4540 ὀπτάνιον
797 4493 981 4556 recepi
1018 4508 1087 4542 ex
1122 4493 1185 4540 E.
1220 4494 1293 4543 M.
1332 4493 1458 4551 629,
1497 4493 1553 4551 7,
1590 4492 1685 4541 ubi
1723 4488 2064 4555 Ἡρωδιανὸς
2102 4487 2251 4549 λέγει
2289 4487 2349 4538 ἐν
2384 4490 2455 4551 τῇ
2494 4487 2766 4551 καθόλου,
2807 4480 2894 4542 ὅτι
2932 4494 3072 4557 παρ’

491 4555 763 4608 Ἀττικοῖς
800 4556 888 4609 διὰ
924 4560 1028 4608 τοῦ
1068 4562 1099 4609 ῖ
1136 4556 1413 4622 γράφεται
1456 4557 1549 4607 καὶ
1593 4555 2080 4620 προπαροξύνεται
2125 4556 2195 4604 cf.
2244 4556 2381 4605 Lob.
2426 4554 2495 4603 ad
2533 4556 2823 4620 Phrynieh.
2861 4577 2914 4625 p.
2951 4563 3070 4621 276,

492 4621 781 4689 Ἀρβάνιον
815 4652 882 4661 -
920 4623 1212 4689 Ὑρκάνιον
1249 4631 1379 4675 sunt
1415 4641 1483 4674 ex
1520 4624 1599 4674 St.
1638 4625 1730 4688 B.‚
1770 4625 1805 4675 Ι.
1835 4627 1893 4672 11
1931 4621 2248 4685 Παρθένιον
2284 4622 2508 4686 explevi
2548 4638 2614 4672 ex
2654 4624 2734 4673 st.
2772 4625 2856 4685 B„
2896 4627 3070 4690 Ἀχαι-

492 4689 681 4751 μένιον
716 4718 779 4727 -
820 4691 1116 4744 Ἀπέννιον
1152 4693 1336 4756 recepi
1372 4707 1438 4740 οι
1478 4692 1556 4742 St.
1582 4692 1644 4740 Β.
1680 4718 1747 4728 -
1782 4691 1818 4741 l.
1845 4693 1914 4741 20
1948 4687 2153 4753 ςελήνη
2191 4686 2450 4753 ςελήνιον
2483 4690 2692 4741 inserui
2728 4707 2794 4740 ex
2822 4694 3070 4761 Theogn.

494 4759 608 4820 126,
636 4760 717 4823 21,
753 4756 1063 4822 Δελφίνιον
1099 4785 1166 4794 -
1199 4756 1462 4810 Λακίνιον
1497 4757 1675 4809 adieci
1713 4775 1781 4810 ex
1818 4759 1901 4813 St.
1930 4759 1995 4811 B.
2021 4782 2085 4792 ·-
2112 4757 2146 4806 l.
2173 4760 2239 4807 27
2278 4756 2508 4809 Ἰκόνιον
2534 4759 2757 4824 explevi
2785 4776 2853 4811 ex
2878 4762 2958 4813 St.
2985 4765 3070 4827 Β.,
