3664 5546
581 396 890 444 CLXXXIV
1661 390 2082 438 PRAEFATIO.

749 550 1027 634 Propter
1069 547 1237 611 hanc
1281 544 1929 630 orthographicorum
1972 552 2464 631 praeceptorum
2509 565 2654 607 curn
2698 542 3019 608 Prosodia
3063 564 3169 606 ne-

540 652 1044 716 ‘cessitudincm
1099 649 1325 735 paucis
1381 647 1572 712 nobis
1629 659 1785 711 sunt
1842 645 2276 710 examinanda
2329 645 2573 730 scripta
2628 644 2979 709 maximam
3026 666 3171 730 par-

581 766 712 819 tem
770 735 1310 836 orthographica,
1378 771 1546 836 quae
1602 757 1863 832 praeter
1918 747 2321 831 Theognosti
2377 747 2707 827 CanonOS,
2781 745 2865 811 de
2933 747 3170 831 quibus

579 858 706 920 iam
756 853 1064 933 diximuS,
1113 849 1557 917 Choerobosci
1589 848 2143 936 Orthographiam
2174 860 2239 914 et
2281 847 2581 913 libellum
2617 852 2763 928 περὶ
2793 851 3168 932 ποεότητοε,

582 958 663 1022 de
708 955 946 1042 quibus
992 965 1222 1039 postea
1252 954 1680 1035 disseremus,
1725 954 1793 1016 in
1840 962 2011 1017 tomo
2056 951 2125 1016 ΙΙ
2172 950 2663 1016 Anecdotorum
2697 951 3169 1016 Oxoniensium

580 1058 1020 1125 continentur.

666 1238 766 1293 De
808 1233 1083 1302 scriptis
1127 1232 1545 1300 quibusdam
1588 1231 2136 1300 orthographicis
2181 1232 2255 1287 in
2300 1232 2599 1288 Grameri
2642 1233 2770 1287 An.
2818 1233 2943 1288 Ox.
2987 1233 3076 1288 ΙΙ.

751 1363 1043 1426 Primum
1089 1363 1155 1424 in
1201 1370 1626 1446 conspectum
1672 1360 1947 1424 veniunt
1991 1358 2272 1423 frustula
2306 1359 2829 1445 orthographica
2864 1383 2927 1445 Ρ.
2967 1358 3176 1429 319-

583 1464 743 1546 330,
791 1485 958 1550 quae
1003 1471 1276 1528 consuta
1320 1472 1471 1526 sunt
1514 1485 1597 1525 ex
1643 1460 2085 1526 Choerobosei
2131 1460 2621 1547 Orthographia
2667 1460 2781 1544 (cf.
2830 1486 2891 1547 p.
2938 1463 3086 1543 319,
3138 1463 3169 1524 1

583 1590 729 1632 cum
786 1566 1022 1630 Choer.
1075 1566 1225 1645 173,
1283 1564 1397 1645 263
1455 1564 1614 1644 320,
1678 1563 1758 1626 14
1812 1585 1959 1626 cum
2017 1562 2248 1627 Choer.
2300 1564 2448 1643 169,
2513 1561 2608 1646 1),
2669 1585 2751 1626 ex
2810 1562 2974 1628 libro
3033 1565 3174 1642 περὶ

585 1671 938 1748 ποεότητο(
986 1666 1099 1750 (cf.
1147 1688 1212 1751 Ρ.
1244 1665 1371 1729 320
1399 1665 1743 1731 ἀθανάειοε
1773 1687 1923 1728 cum
1953 1667 2098 1744 περὶ
2129 1687 2268 1730 ποε.
2300 1665 2448 1745 287,
2490 1665 2602 1745 30,
2650 1666 2830 1730 ἐλαία
2860 1689 2923 1750 Ρ.
2955 1665 3099 1744 323,
3132 1665 3176 1726 4

587 1795 641 1835 c.
692 1795 753 1835 π.
799 1793 863 1834 π.
909 1769 1073 1848 306,
1120 1769 1234 1849 27,
1294 1769 1532 1832 κενεών
1578 1789 1642 1852 p.
1689 1766 1844 1846 324,
1890 1766 1974 1829 26
2019 1790 2074 1829 c.
2124 1790 2186 1830 π.
2232 1790 2295 1831 π.
2342 1765 2485 1845 297,
2541 1768 2602 1848 13
2652 1768 2875 1847 ὅμιλος
2920 1789 2982 1850 Ρ.
3028 1767 3171 1844 326,

593 1873 670 1936 10
724 1895 779 1934 c.
825 1894 889 1936 π.
935 1894 998 1935 π.
1044 1870 1203 1949 291,
1257 1867 1396 1952 13),
1458 1890 1540 1932 ex
1596 1867 2052 1952 Epimerismis
2108 1867 2476 1932 Homericis
2539 1868 2632 1953 (p.
2678 1869 2836 1948 392,
2882 1869 2923 1930 ἴ)
2978 1870 3175 1946 Τροία

589 1973 711 2059 ΕΡ.
759 1973 906 2050 400,
954 1973 1072 2053 30,
1119 1993 1187 2056 Ρ.
1234 1971 1381 2050 329,
1437 1970 1512 2033 14
1553 1971 1668 2033 τίω
1715 1969 1837 2053 Ep.
1886 1968 2082 2034 Hom.
2127 1969 2288 2051 401,
2335 1970 2407 2051 63
2456 1992 2518 2054 p.
2565 1969 2719 2048 326,
2767 1970 2848 2033 26
2892 1971 3175 2049 Ὅμηρος

587 2076 714 2160 ΕΡ.
760 2073 913 2154 334,
960 2073 1094 2159 30).
1195 2072 1326 2136 Sed
1381 2070 1625 2135 habent
1683 2070 1953 2156 quidam
2013 2069 2273 2135 articuli
2329 2071 2579 2157 aliquid
2633 2070 2963 2156 peculiare
3008 2095 3064 2134 e.
3110 2094 3175 2154 g.

586 2185 914 2262 postremo
962 2174 1104 2239 loco
1149 2173 1217 2236 in
1262 2172 1384 2237 hoc
1429 2173 1676 2258 scripto
1722 2173 1806 2236 ad
1851 2173 2197 2253 Ἄβληροε,
2254 2173 2430 2258 quod
2474 2173 2600 2258 Ep.
2655 2194 2772 2258 per
2816 2173 3026 2252 ὄνομα
3069 2174 3175 2238 κύ-

588 2299 730 2357 ριον
788 2274 1151 2361 explicant,
1225 2273 1669 2339 testimonium
1723 2273 1994 2339 Homeri
2062 2272 2358 2338 additur:
2429 2276 2741 2353 Ὅμηρος·
2812 2260 3174 2354 «Ἄβληρον

588 2378 875 2457 ἀνήρατο
923 2381 1107 2456 δουρὶ
1149 2384 1440 2461 φαεινῷ»
1488 2378 1541 2441 Ζ
1586 2376 1669 2440 32
1714 2385 1778 2438 et
1821 2375 1889 2437 in
1935 2375 2151 2460 priore
2210 2374 2290 2440 de
2344 2378 2459 2442 τίω
2516 2375 2977 2439 adnotamento
3038 2399 3172 2439 vcr-

589 2480 741 2545 bum
810 2481 925 2545 δίω
994 2477 1294 2564 exemplo
1362 2478 1633 2543 Homeri
1692 2477 1764 2560 (C
1813 2477 1963 2561 162)
2032 2477 2361 2560 firmatur3
2431 2478 2525 2540 sic
2593 2477 2791 2541 etiam
2856 2475 3175 2540 articulus

589 2582 1033 2662 Ἀκεεεαμενό(
1086 2580 1246 2660 321,
1308 2581 1383 2661 1,
1458 2601 1851 2666 quamquam
1916 2577 2080 2643 nihil
2145 2580 2297 2643 novi
2363 2579 2582 2661 affert,
2651 2588 2869 2642 tamen
2930 2579 3176 2642 nomini

589 2685 1034 2764 Ἀκεεεαμενό(
1077 2684 1286 2762 ὄνομα
1331 2683 1553 2761 κύριον
1600 2681 2048 2747 testimonium
2094 2681 2366 2745 Homeri
2423 2692 2487 2745 et
2543 2680 2784 2744 nomini
2833 2683 3175 2761 Τιεαμενό(

589 2787 777 2852 addit
821 2784 1349 2872 explicationem:
1403 2786 1648 2862 λέγεται
1695 2788 1766 2850 δὲ
1811 2785 1850 2849 ὁ
1896 2786 2205 2864 Ὀρέετηε.

761 2886 1040 2953 Multum
1087 2888 1416 2967 utilitatis,
1466 2894 1540 2949 ut
1571 2885 1778 2950 videri
1813 2885 1994 2967 licet,
2043 2909 2125 2950 ex
2157 2885 2255 2949 his
2299 2885 2595 2950 frustulis
2629 2908 2755 2950 non
2796 2886 3174 2971 percipitur,

591 2990 707 3055 sed
751 2989 1108 3054 contulisse
1151 3011 1280 3053 non
1325 2988 1464 3051 sine
1507 2985 1640 3050 ullo
1686 2987 1902 3050 fructu
1947 2997 2065 3051 est.

763 3091 974 3155 Pluris
1023 3089 1309 3152 faciendi
1353 3099 1504 3153 sunt
1562 3090 2084 3169 Ἐπιμεριεμοὶ
2142 3091 2331 3155 κατὰ
2388 3095 2790 3169 (τοιχεῖον
2836 3092 3178 3170 γραφικά

591 3194 754 3258 ibid.
817 3217 878 3278 p.
927 3189 1331 3271 331—446,
1395 3189 1505 3275 qui
1562 3200 1818 3274 practer
1880 3189 2385 3275 orthographica
2441 3200 2789 3277 praecepta
2845 3190 3178 3254 continent

593 3294 786 3357 etiam
831 3313 1112 3355 canones
1158 3293 1409 3354 tonicos
1453 3312 1586 3353 non
1630 3312 1705 3354 eo
1751 3291 2024 3355 consilio
2071 3302 2453 3377 conceptos,
2510 3302 2583 3357 ut
2627 3292 2957 3358 scribendi
3012 3292 3179 3356 ratio

595 3417 711 3480 per
754 3417 864 3457 eos
911 3390 1303 3477 explicetur,
1371 3403 1436 3455 et
1486 3391 1748 3476 regulas
1805 3392 1887 3457 de
1944 3391 2373 3458 declinatione
2428 3417 2511 3459 cx
2556 3393 2968 3459 Choerbosco
3016 3395 3177 3480 peti·

599 3507 698 3560 tas
744 3505 810 3559 et
852 3494 1176 3579 quaedam
1221 3492 1667 3579 pathologica,
1715 3495 1782 3558 in
1827 3517 2101 3580 quorum
2148 3497 2375 3581 paucis
2421 3496 2666 3561 diserta
2709 3497 2782 3561 fit
2816 3496 3181 3560 Herodiani

597 3597 839 3661 mentio
888 3618 952 3681 p.
997 3596 1156 3675 342,
1203 3596 1286 3659 26
1334 3594 1412 3660 de
1459 3597 1759 3679 ἀριθμός,
1814 3620 1880 3682 p.
1926 3598 2084 3678 372,
2131 3598 2214 3661 32
2259 3597 2341 3661 de
2386 3600 2625 3677 ἥκιετας
2672 3623 2736 3684 p.
2783 3600 2941 3679 396,
2996 3600 3070 3661 13
3116 3610 3183 3661 et

604 3700 679 3762 16
726 3697 808 3761 de
854 3698 1094 3778 ὀφρῦς,
1139 3720 1269 3760 uno
1317 3696 1455 3763 loco
1504 3700 1698 3762 etiam
1753 3696 1923 3763 liber
1975 3702 2121 3777 περὶ
2164 3706 2389 3765 παθῶν
2435 3698 2740 3764 laudatur
2782 3723 2847 3786 p.
2892 3701 3053 3780 338,
3100 3703 3181 3763 28

598 3801 1006 3879 ἀπαιωρήεαε
1052 3800 1089 3863 ὁ
1134 3800 1529 3879 Ἡρωδιανὸς
1583 3804 1784 3866 ταῦτα
1840 3802 1910 3865 ἐν
1955 3809 2046 3885 τῷ
2093 3802 2249 3866 κατὰ
2306 3804 2511 3882 πάθη,
2569 3824 2735 3888 quae
2793 3802 3011 3864 omnia
3068 3802 3178 3865 ad-

597 3911 973 3967 notamenta
1017 3900 1418 3966 transierunt
1460 3902 1527 3965 in
1575 3902 1652 3965 E.
1684 3902 1775 3966 M.
1807 3938 1888 3949 —
1933 3902 2152 3967 Etiam
2197 3903 2266 3964 in
2310 3925 2380 3966 re
2426 3902 2774 3987 prosodica
2818 3902 3182 3967 Herodiani

598 4005 1041 4069 testimonium
1087 4005 1327 4069 citatur
1369 4004 1514 4081 395,
1558 4003 1641 4067 28
1687 4004 1926 4070 οὔκουν
1969 4041 2056 4051 -
2099 4004 2306 4070 οὕτως
2335 4006 2745 4085 Ἡρωδιανὸς.
2804 4004 2979 4069 Huic
3028 4004 3180 4088 Epi-

598 4109 906 4171 meristae
975 4103 1337 4169 Herodiani
1404 4104 1652 4190 scripta
1718 4104 1785 4168 in
1842 4115 2147 4190 promptu
2201 4105 2409 4171 fuisse
2466 4131 2550 4171 ex
2602 4106 2703 4170 his
2759 4105 3181 4171 citationibus

599 4206 792 4271 facile
836 4205 1222 4288 concludas,
1270 4206 1388 4271 sed
1432 4206 1664 4287 etiam,
1709 4215 1782 4270 ut
1823 4228 1965 4271 mos
2012 4216 2112 4271 est
2154 4209 2687 4293 epitomatorum,
2734 4206 3181 4271 Herodianum

599 4308 980 4395 exscripsit,
1029 4308 1184 4394 quin
1231 4307 1495 4373 diceret.
1589 4308 1930 4389 Quaedam
1985 4318 2164 4372 certa
2206 4308 2555 4395 expempla
2599 4332 2868 4395 ponam:
2929 4332 2992 4394 p.
3034 4308 3182 4389 419,

604 4414 682 4475 13
725 4416 1028 4487 τοεαῦτα,
1076 4411 1141 4474 in
1186 4431 1313 4495 quo
1363 4408 1637 4475 articulo
1684 4421 1946 4496 praeter
1990 4409 2328 4476 doctrinae
2374 4411 2845 4496 praestantiam
2890 4409 2998 4475 vel
3042 4432 3182 4474 ver-

598 4513 755 4576 bum
800 4514 1022 4592 ὁρᾶται
1057 4511 1432 4576 Herodiano
1476 4512 1976 4576 usitatissimum
2021 4521 2086 4576 et
2128 4512 2266 4576 fere
2297 4513 2559 4598 privum
2598 4512 2911 4597 originem
2945 4513 3182 4599 prodit.

601 4613 804 4678 Porro
851 4637 934 4678 ex
980 4612 1355 4677 Herodiano
1402 4611 1596 4677 fluxit
1638 4635 1704 4698 p.
1750 4614 1905 4694 348,
1951 4616 2025 4695 3,
2084 4636 2251 4699 quae
2298 4613 2379 4677 de
2424 4614 2671 4679 neutris
2717 4615 2910 4697 ἄλλο,
2967 4622 3184 4699 τοῦτο,

602 4717 811 4781 ἐκεῖνο
857 4714 1240 4794 traduntur,
1288 4736 1456 4799 quae
1501 4716 1566 4778 in
1610 4713 1778 4780 libro
1824 4718 1971 4795 περὶ
2012 4723 2239 4781 παθῶν
2284 4714 2497 4780 locum
2531 4715 2837 4780 habuisse
2868 4738 2949 4779 ex
2984 4716 3062 4779 Ε.
3094 4716 3185 4780 Μ.

605 4815 747 4896 748,
792 4817 832 4879 3
877 4816 1207 4897 novimus;
1253 4816 1406 4879 item
1452 4818 1647 4896 χορός
1691 4838 1754 4901 Ρ.
1801 4817 1951 4897 424,
1997 4818 2037 4880 3
2083 4815 2299 4879 collat.
2346 4839 2492 4880 cum
2536 4817 2826 4899 Theogn.
2865 4818 2961 4883 70.
3052 4818 3183 4882 Sed
