3664 5546
607 310 734 373 312
1547 307 1629 360 εκ
1667 307 1808 361 mu
1852 307 2259 361 ΗΡΩΔιΑΝογ

610 481 800 544 λεῖτο.
898 480 1175 560 ςπάθη,
1243 478 1464 559 ςάθη,
1531 478 1780 555 πόςθη
1846 479 1922 542 τὸ
1988 477 2242 542 αἰδοῖον
2309 486 2381 541 εκ
2432 483 2551 542 τοῦ
2607 479 2851 557 πρόςθη
2910 481 3202 559 γεγονός,

609 583 836 664 μέθη,
888 581 1075 661 Αἴθη
1130 579 1341 657 ὄνομα
1395 580 1660 661 κύριον,
1717 580 1908 659 λήθη
1963 580 2067 644 ἐπί
2109 599 2176 643 τε
2234 584 2352 644 τοῦ
2406 584 2879 658 προςηγορικοῦ
2933 583 3034 644 καὶ
3092 585 3203 658 τῆς

609 684 879 749 πόλεως.
969 683 1266 761 Βρένθη
1321 681 1506 746 πόλις
1562 681 1906 759 Ἀρκαδίας.
2007 680 2295 762 (μίνθη
2351 682 2538 746 πόλις
2591 682 2841 759 Τροίας.
2945 681 3203 746 (κίθαι

609 785 795 849 πόλις
840 784 1092 865 Θρᾴκης
1149 784 1416 861 πληςίον
1470 782 1835 847 Ποτιδαίας.
1926 781 2102 860 (ίθη
2148 782 2358 863 ὄνομα
2413 784 2653 860 κύριον.
2740 785 2817 847 τὸ
2864 786 2937 847 δὲ
2982 784 3203 861 Ὀρθή

549 895 584 945 5
612 887 800 951 πόλις
842 884 1226 966 Περραιβίας
1268 886 1307 962 ἢ
1354 884 1724 965 Θετταλίας,
1780 885 2144 962 καλουμένη
2198 886 2302 948 καὶ
2347 884 2588 963 Κορςέα
2630 886 2708 965 (Β
2755 884 2939 965 739),
2997 885 3201 948 ἐπιθε-

610 992 797 1052 τικῶς
839 987 1231 1065 τεταγμένον
1283 985 1592 1053 ὀξύνεται.
1679 984 1800 1049 εἰςὶ
1854 987 1925 1049 δὲ
1972 987 2038 1049 οἳ
2082 985 2463 1066 βαρύνουςιν
2515 987 2603 1050 εἰς
2648 986 2947 1064 ἰδιότητα.
3034 1005 3203 1065 ςεςη-

612 1088 870 1167 μείωται
924 1088 1001 1152 τὸ
1056 1088 1278 1165 κριθή
1335 1086 1730 1165 ὀξυνόμενον
1786 1089 1889 1151 καὶ
1942 1087 2019 1151 τὸ
2074 1088 2276 1164 ποθή
2329 1085 2485 1163 ἔχον
2540 1087 2617 1151 τὸ
2661 1089 2717 1150 ὃ.
2808 1088 3207 1165 Ἀρίςταρχος

615 1189 878 1254 Ἰλιάδος
919 1189 971 1252 Α
1014 1187 1195 1269 (240)
1240 1189 1468 1256 ὀξύνει.
1558 1189 1770 1266 ὥςπερ
1814 1189 1939 1265 γὰρ
1983 1188 2180 1266 χόλος
2223 1189 2300 1253 τὸ
2344 1189 2579 1270 πάθος,
2632 1191 2795 1268 χολὴ
2840 1192 2914 1253 δὲ
2958 1188 3081 1268 ἀφ’
3125 1187 3206 1253 οὗ

616 1293 694 1355 τὸ
738 1290 976 1371 πάθος,
1034 1290 1207 1354 οὕτω
1262 1292 1364 1354 καὶ
1407 1289 1610 1355 πόθος
1652 1290 1730 1354 τὸ
1774 1291 2011 1371 πάθος,
2070 1291 2242 1367 ποθή
2287 1291 2359 1354 δὲ
2405 1290 2442 1366 ὴ
2500 1290 2867 1367 ἐπιπόθηςις
2920 1291 3025 1355 καὶ
3076 1291 3206 1354 ἐπι-

517 1399 582 1450 10
616 1392 819 1472 θυμία.
907 1391 1034 1456 ἔςτι
1079 1392 1149 1455 δὲ
1195 1394 1410 1457 κανὼν
1455 1392 1494 1456 ὁ
1550 1392 1793 1473 λέγων,
1851 1392 1950 1456 ὅτι
2004 1392 2085 1456 τὰ
2128 1391 2218 1456 εἰς
2264 1396 2346 1456 ο-ς
2391 1391 2735 1471 διςύλλαβα
2786 1398 2879 1474 τῷ
2923 1395 2962 1456 ὃ
3008 1412 3207 1470 παρα-

617 1494 968 1573 ληγόμενα,
997 1497 1317 1558 ποιοῦντα
1346 1493 1587 1571 θηλυκὰ
1620 1492 1899 1559 ὀξύτονα
1928 1493 2092 1557 αὐτὰ
2121 1498 2416 1559 ποιοῦςιν
2448 1492 2594 1557 οἷον
2625 1493 2906 1572 ςτρόφος
2937 1496 3204 1574 ςτροφή,

617 1595 818 1672 νόμος
871 1594 1068 1675 νομή,
1127 1593 1282 1672 ῥόος
1337 1594 1475 1673 ῥοή.
1564 1593 1602 1658 ὁ
1655 1594 1727 1659 δὲ
1769 1594 2119 1660 Φιλόξενος
2172 1596 2242 1660 ἐν
2292 1601 2385 1677 τῷ
2440 1594 2760 1677 ῥηματικῷ
2817 1596 3019 1677 λέγει,
3076 1594 3208 1659 ἀπὸ

617 1699 736 1760 τοῦ
777 1694 998 1760 πεύθω
1041 1696 1245 1773 πευθή
1290 1696 1392 1758 καὶ
1434 1698 1621 1774 ποθή.

785 1796 881 1860 Τὰ
936 1795 1024 1861 εἰς
1073 1782 1158 1875 ’θἠ-
1200 1799 1520 1876 μονογενῆ
1578 1797 2088 1876 ὑπερδιςύλλαβα
2145 1798 2514 1881 βαρύνεται,
2572 1798 2867 1877 καλάθη
2924 1800 3028 1862 καὶ
3074 1799 3208 1861 Κα-

519 1905 580 1956 15
618 1898 813 1976 λάθη
871 1898 1058 1962 πόλις
1124 1898 1203 1962 ού
1259 1899 1484 1976 πόρρω
1537 1903 1669 1963 τῶν
1726 1898 2115 1976 Ἡρακλείων
2183 1902 2444 1978 ςτηλῶν.
2532 1900 2858 1963 Ἑκαταῖος
2922 1900 3209 1982 Εὐρώπῃ.

615 1999 900 2079 Ἔφορος
943 2000 1015 2064 δὲ
1064 1998 1474 2064 Καλάθουςαν
1518 1999 1720 2077 αὐτήν
1765 2021 1933 2080 φηςι.
1994 2001 2326 2080 Βιςάνθη
2373 2001 2558 2066 πόλις
2605 2001 3011 2066 Μακεδονίας
3054 1992 3252 2064 κατεῖ

619 2101 876 2183 Θρᾴκην
920 2098 1231 2183 Ἑλληνίς,
1277 2100 1547 2166 ἄποικος
1592 2100 1857 2180 (Σαμίων.
1934 2102 2208 2185 Ἰάνθη,
2266 2103 2643 2185 λυκάνθη,
2689 2102 2985 2179 Οἰάνθη
3030 2104 3229 2182 πόλις,

618 2202 901 2280 Λοκρῶν.
934 2201 1255 2267 Ἑκαταῖος
1284 2201 1572 2285 Εὐρώπῃ.
1619 2202 1985 2267 Ἑλλάνικος
2014 2206 2087 2267 δὲ
2117 2202 2456 2268 Οἰάνθειαν
2486 2204 2687 2281 αὐτήν
2717 2225 2887 2283 φηςι.
2936 2203 3211 2281 Ἀμάθη

618 2303 806 2368 πόλις
870 2303 1181 2382 Φοινίκης.
1271 2304 1396 2369 ἔςτι
1463 2306 1566 2368 καὶ
1631 2303 1909 2368 (Σικελίας
1978 2304 2235 2384 Ἀμαθαί
2299 2308 2751 2383 πληθυντικῶς.
2852 2305 3211 2383 Ἀριάνθη

517 2414 587 2465 20
620 2404 807 2470 πόλις
871 2403 1234 2483 Οἰνωτρῶν.
1325 2406 1635 2485 Ἀρίνθη
1706 2405 1893 2469 πόλις
1958 2405 2304 2483 Οἰνωτρῶν
2371 2406 2442 2470 ἐν
2510 2408 2817 2488 μεςογείᾳ.
2894 2406 3215 2471 Ἑκαταῖος

620 2504 910 2589 Εὐρώπῃ.
1001 2506 1041 2569 Γ
1052 2505 1297 2586 αβάθη
1353 2507 1539 2572 πόλις
1596 2490 1925 2571 Γαλιλαίας
1984 2507 2075 2571 ὡς
2128 2507 2424 2586 Ἰώςηπος
2481 2508 2641 2592 ἕκτῳ
2700 2508 3044 2585 Ἰουδαϊκῆς
3101 2507 3213 2586 ἀρ-

622 2606 992 2686 χαιολογίας
1046 2608 1128 2687 (c.
1177 2606 1262 2689 5).
1356 2608 1807 2686 Καλαμένθη
1864 2607 2050 2672 πόλις
2105 2607 2348 2688 Λιβύης.
2448 2610 2774 2674 Ἑκαταῖος
2836 2610 3213 2693 περιῃγήςει.

628 2708 1066 2789 Καλαμίνθη
1115 2710 1186 2773 δὲ
1231 2710 1336 2773 διὰ
1379 2709 1558 2775 τοῦῑ
1604 2708 1789 2773 πόλις
1832 2708 2167 2782 Φοινίκων.
2231 2710 2623 2790 Ἀρκεύθη·
2670 2710 2878 2776 οὕτως
2923 2710 3214 2775 ἐκαλεῖτο

624 2810 812 2875 πόλις
877 2811 1172 2890 Ἰςαυρίας
1236 2811 1548 2892 Δέλβεια,
1614 2810 1653 2875 ὅ
1720 2810 1845 2875 ἐςτι
1911 2817 1987 2895 τῇ
2051 2817 2182 2876 τῶν
2238 2812 2586 2878 Λυκαόνων
2641 2819 2833 2895 φωνῇ
2890 2812 3215 2890 ἄρκευθος

522 2924 588 2976 25
624 2911 902 2991 Λεκίθη
947 2911 986 2989 ἡ
1032 2912 1235 2977 πόλις.
1308 2912 1602 2989 Λυκέθη
1647 2911 1856 2991 ὄνομα
1899 2913 2138 2991 κύριον.
2207 2912 2626 2992 Ῥαββώθη·
2673 2913 2881 2977 οὕτως
2927 2915 3217 2978 ἐκαλεῖτο

625 3012 947 3092 πρότερον
1001 3012 1040 3088 ἡ
1086 3012 1363 3090 Φοινίκη.
1452 3012 1748 3091 Λαπίθη
1805 3014 1992 3079 πόλις
2048 3014 2419 3096 Θεςςαλίας,
2478 3015 2569 3080 ὡς
2624 3013 3089 3094 Ἐπαφρόδιτος
3145 3015 3217 3078 ἐν

625 3117 764 3179 τοῖς
808 3113 1195 3196 Ὁμηρικοῖς,
1241 3112 1373 3178 ἀπὸ
1417 3114 1704 3179 Λαπίθου
1748 3118 1866 3178 τοῦ
1910 3116 2336 3195 Περίφαντος.
2417 3115 2689 3194 Ἀγάθη
2735 3116 2921 3181 πόλις
2964 3115 3217 3191 Λιγύων

627 3270 859 3316 accentu
893 3266 1206 3331 praeditum
1243 3272 1353 3329 est,
1391 3284 1480 3333 ap.
1515 3267 1757 3332 Hesych.
1797 3273 1982 3318 exstat
2019 3265 2229 3331 Ξανθή.
2279 3266 2445 3332 μέθη,
2485 3265 2652 3332 Αἴθη,
2692 3266 2837 3332 λήθη
2878 3285 2944 3318 ex
2970 3268 3220 3334 Theogn.

628 3334 878 3400 apposui,
905 3332 1045 3398 ςήθη
1086 3334 1228 3400 quod
1254 3335 1400 3401 apud
1429 3336 1661 3387 eundem
1689 3341 1792 3398 est,
1811 3352 1880 3386 cx
1904 3334 2049 3400 τήθη
2081 3341 2397 3400 corruptum
2424 3336 2648 3386 videtur
2672 3342 2729 3386 et
2756 3335 2947 3400 πλήθη
2976 3353 3042 3387 ex
3072 3335 3218 3401 λήθη

628 3402 949 3466 repetitum,
997 3372 1131 3466 Είθη
1177 3401 1357 3466 ὄνομα
1403 3403 1595 3468 κύριον
1641 3402 1939 3467 βαρύνεται
1986 3421 2073 3469 ap.
2110 3404 2343 3454 cundem
2383 3407 2503 3459 109,
2545 3405 2607 3453 18
2656 3404 2893 3456 fortasse
2942 3404 3088 3455 idem
3137 3414 3223 3455 est

629 3469 960 3520 vocabulum
996 3475 1161 3534 atquc
1201 3467 1389 3522 Εκίθαι
1426 3487 1515 3537 ap.
1557 3472 1635 3524 St.
1665 3472 1750 3533 B.‚
1790 3472 1881 3521 sed
1921 3477 2209 3536 utrumque
2248 3472 2451 3536 recepi:
2493 3470 2707 3535 Βρένθη
2735 3468 2947 3537 Εμίνθη
2986 3478 3117 3522 suut
3153 3488 3222 3521 ex

632 3539 714 3589 St.
741 3538 801 3585 B.
853 3539 931 3587 Dc
963 3534 1132 3601 Ὀρθή
1159 3539 1359 3590 Herod,
1397 3541 1452 3590 in
1479 3538 1542 3592 ΙΙ.
1573 3541 1662 3590 Pr.
1690 3537 1729 3591 Β
1756 3541 1879 3590 739:
1922 3537 2156 3603 Ὀρθήν,
2195 3536 2381 3590 οὕτως
2408 3537 2718 3590 ὀξυτόνως·
2756 3537 3089 3591 ἐπιθετικῶς
3113 3538 3220 3603 γὰρ

630 3602 897 3655 τέτακται
934 3609 990 3654 et
1018 3603 1029 3655 Ι
1060 3607 1180 3656 150:
1220 3605 1386 3671 Ὶρήνε
1431 3603 1783 3671 Ἀρίςταρχος
1820 3604 2005 3657 ὀξύνει
2041 3603 2253 3669 ὁμοίως
2280 3609 2365 3656 τῶ
2404 3605 2703 3671 ἐπιθετικῷ
2730 3605 2798 3670 Ἱρ
2841 3619 2896 3656 ν·
2935 3605 3035 3658 εἰςί
3069 3605 3130 3658 δὲ
3167 3605 3223 3658 οἳ

633 3671 962 3736 βαρύνουςιν
987 3669 1066 3724 εἰς
1101 3670 1376 3738 ἰδιότητα,
1417 3674 1605 3737 ὥςπερ
1631 3673 1991 3738 ἐδηλὼςαμεν
2017 3672 2110 3724 ἐπὶ
2134 3675 2238 3724 τοῦ
2276 3656 2516 3738 «Ῥίπην
2541 3688 2604 3724 τε
2630 3671 2813 3738 Ετρατ
2839 3689 2907 3738 ην
2931 3688 3039 3726 τε»
3067 3676 3154 3736 (Il.
3179 3673 3221 3725 Β

632 3741 782 3803 606),
820 3738 1116 3804 «Ὀρθήν»
1155 3741 1251 3803 (ib.
1290 3745 1431 3804 739),
1467 3742 1612 3791 unde
1652 3741 1897 3805 regulam
1935 3743 2233 3806 composui.
2304 3740 2383 3790 St.
2423 3742 2484 3791 B.
2523 3757 2566 3792 s,
2602 3759 2652 3790 V.
2698 3758 2887 3806 parum
2934 3747 3220 3792 accurate:

634 3805 931 3871 βαρύνεται
969 3805 1048 3860 ὡς
1084 3806 1313 3874 Επάρτη
1353 3816 1410 3860 et
1447 3810 1602 3860 Eust.
1639 3810 1710 3859 ad
1745 3809 1904 3858 Hom.
1940 3811 2055 3868 338,
2093 3811 2184 3860 38:
2232 3807 2374 3873 πρὸς
2412 3808 2838 3872 ἀντιδιαςτολὴν
2884 3812 2989 3862 τοῦ
3036 3807 3221 3860 ἐπιθέ-

634 3888 751 3926 του.
824 3876 904 3924 Dc
943 3874 1092 3940 ποθή
1129 3877 1320 3927 addidi
1355 3877 1664 3928 Herodiani
1698 3876 2143 3927 adnotamentum
2180 3877 2238 3926 in
2275 3879 2336 3929 E.
2364 3878 2434 3926 M.
2474 3878 2594 3942 678,
2630 3879 2679 3940 3,
2718 3878 2813 3928 ubi
2850 3878 3221 3945 subscriptum

636 3950 722 3994 est
763 3944 944 3995 ταῦτα
991 3942 1051 3995 δὲ
1098 3942 1467 4009 Ἡρωδιανὸς,
1524 3960 1664 4008 quac
1710 3945 2018 4009 excipiunt,
2074 3949 2138 3994 ut
2188 3944 2431 4006 videtur,
2487 3960 2555 3994 ex
2600 3945 2721 4010 ipso
2766 3945 3083 3995 Herodiano
3131 3945 3223 3994 de-

673 4018 884 4077 rompta
922 4010 955 4063 ὁ
991 4010 1052 4063 δέ
1076 4009 1380 4064 Φιλόξενος
1415 4039 1480 4046 -
1518 4009 1684 4075 ποθή.
1721 4038 1786 4047 -
1825 4028 1923 4078 pro
2034 4010 2123 4062 ὅτι
2160 4012 2354 4078 scripsi
2390 4010 2504 4063 ἔςτι
2539 4010 2600 4062 δὲ
2637 4010 2857 4075 κανών,
2898 4011 3001 4062 ὅτι.
3038 4013 3224 4064 Verba

670 4079 875 4131 ξύτονα
922 4077 1067 4131 αὐτὰ
1113 4082 1331 4132 ποιοῡςι
1377 4095 1474 4145 pro
1521 4077 1818 4130 ὀξύνονται
1864 4078 1972 4130 αὐτ
2063 4080 2287 4131 exhibui
2335 4095 2402 4130 cx
2448 4081 2604 4129 Eust.
2651 4083 2741 4140 91,
2790 4081 2851 4130 31
2913 4096 3036 4129 eum
3082 4080 3222 4129 Lob.

635 4147 799 4198 Proll.
839 4150 901 4197 12
939 4152 1051 4197 not.
1092 4149 1149 4196 11
1190 4148 1260 4197 cf.
1299 4148 1434 4198 Lob.
1473 4147 1557 4197 El.
1594 4147 1649 4198 11
1686 4149 1801 4197 287.
1874 4147 1978 4197 Adi
2018 4154 2312 4212 praeterea
2346 4148 2412 4198 ΙΙ.
2449 4148 2535 4199 Pr.
2576 4144 2618 4197 Α
2656 4149 2757 4197 240
2793 4146 2931 4199 etz
2968 4149 3083 4198 362.

637 4215 673 4265 l.
715 4217 774 4265 14
821 4212 998 4266 καλάθ
1081 4215 1479 4296 αρρεὶὶιιιίνιιω
1525 4218 1641 4280 ipse
1688 4215 1905 4278 addidi,
1966 4213 2189 4281 Καλάθη
2237 4219 2292 4265 et
2338 4212 2573 4279 Βιςάνθη
2621 4214 2842 4279 explevi
2896 4232 2964 4265 ex
3014 4215 3093 4263 St.
3144 4216 3223 4275 13„

637 4279 850 4346 Οἰάνθη
887 4310 952 4317 -
993 4230 1263 4348 ’Ἅρκευθη
1304 4289 1432 4332 sunt
1468 4298 1534 4331 ex
1573 4283 1653 4332 St.
1691 4284 1751 4333 B.
1823 4283 1906 4344 Dc
1946 4281 2207 4347 Ἀριάνθη
2246 4283 2454 4332 diserte
2492 4283 2909 4348 pronunciatur:
2960 4280 3225 4345 Ἡρωδια·

636 4348 735 4401 νὸς
772 4343 866 4413 ιβ’;
908 4350 974 4400 de
1016 4348 1370 4414 Καλαμένθη;
1414 4348 1563 4401 Καλα
1608 4349 1742 4414 ένθη
1781 4350 1903 4414 ἥτις
1940 4350 2030 4401 καὶ
2070 4348 2389 4414 Καλαμίνθη
2424 4377 2488 4385 -
2515 4352 2772 4413 κρεῖττον
2809 4347 2913 4399 οὖν
2950 4348 3029 4400 ὡς
3068 4347 3224 4411 Ἠρό-

636 4417 801 4470 δοτος
845 4416 934 4470 διὰ
979 4420 1082 4468 τοῦ
1130 4420 1161 4468 ῖ
1208 4417 1370 4470 πόλις
1416 4415 1555 4470 Φοιν
1578 4433 1724 4483 κων,
1772 4419 1869 4468 ubi
1914 4418 2154 4473 Meinek.
2201 4435 2299 4484 pro
2344 4416 2645 4481 Ἡρόδοτος
2699 4417 3046 4468 scribendum
3100 4431 3224 4467 esse

638 4484 979 4550 Ἡρωδιανὸς
1018 4500 1110 4536 sus
1155 4487 1355 4548 icatur,
1406 4502 1566 4551 quam
1614 4487 2111 4552 probabilissimum
2155 4486 2523 4537 coniecturam
2570 4486 2648 4536 sic
2695 4487 2908 4550 recepi,
2955 4489 3016 4534 ut
3051 4484 3225 4534 Hero·

640 4554 860 4605 dianum
906 4554 1086 4620 ipsum
1115 4503 1443 4620 gequentem
1493 4554 1750 4605 facerem.
1821 4550 2052 4617 Λεκίθη,
2100 4554 2247 4620 quod
2290 4554 2427 4603 Lob.
2476 4551 2641 4605 Pron.
2678 4554 2778 4603 367
2824 4569 2919 4617 pro
2967 4555 3225 4617 corrupto

639 4621 865 4687 Ληκύθη
902 4623 1172 4684 restituit,
1222 4628 1278 4674 et
1315 4620 1532 4686 Λυκέθη
1581 4639 1647 4672 cx
1684 4622 1839 4672 Theo
1882 4638 1930 4671 n.
1974 4625 2095 4685 109,
2133 4624 2224 4683 22,
2273 4618 2469 4684 κακιθή
2515 4621 2657 4686 quod
2706 4620 2851 4670 idem
2897 4619 3092 4681 affert,
3140 4625 3225 4668 est

642 4690 959 4741 femininum
994 4690 1256 4742 adiectivi
1293 4688 1643 4754 κακηθόςμὶ)
1681 4689 1826 4739 Arca
1868 4690 1919 4739 io
1955 4692 2049 4751 49,
2089 4692 2155 4740 25
2189 4688 2370 4750 allati,
2418 4704 2586 4753 quare
2636 4705 2756 4738 cum
2793 4686 3002 4750 ἀγαθός
3039 4684 3223 4749 ἀγαθή

642 4759 938 4826 composui,
1011 4756 1326 4822 Ῥαββώθη,
1365 4755 1612 4823 Λαπίθη,
1654 4754 1860 4821 Ἀγάθη
1900 4761 2027 4808 sunt
2064 4773 2130 4808 ex
2168 4758 2251 4807 St.
2292 4757 2351 4806 B.
