3664 5546
1571 385 1987 433 PRAEFATIO.
2799 384 3065 432 CXXXXI

490 543 689 608 trium
720 542 983 607 urbium
1007 540 1114 606 vel
1139 539 1420 627 plurium
1450 540 1905 625 cognominum
1935 537 2293 624 profectam
2320 557 2461 601 esse
2479 547 2742 623 praeter
2772 559 2867 618 ea,
2901 561 3067 624 quae

491 645 620 709 iam
666 644 835 725 dixi,
884 643 1291 709 demonstrat
1334 639 1554 728 Steph.
1589 641 1663 705 B.
1699 664 1749 705 s.
1798 641 2216 721 Ἑρμούπολιε
2246 640 2432 704 πόλιε
2473 639 2810 716 Αἰγύπτου.
2869 641 3065 720 Ἡρω-

492 749 712 813 διανὸς
757 748 875 813 δύο
921 745 1088 811 εἶναι
1125 746 1291 821 λέγει
1338 746 1437 809 καὶ
1469 745 1748 824 μεγάλην
1779 745 1882 808 καὶ
1925 742 2165 823 μικράν.
2195 778 2280 790 -
2311 740 2496 821 Quae
2530 750 2666 806 tum
2709 751 3068 830 sequuntur

491 852 594 915 καὶ
635 851 675 929 ἡ
731 851 882 929 μηδ’
940 849 1071 927 εἰκῆ
1129 850 1243 927 τὴν
1296 848 1572 927 Ἄβυδον
1627 850 1853 911 πατεῖν
1903 881 1987 891 —-
2039 845 2144 909 ἐπὶ
2199 846 2587 928 ευκοφαντίᾳ
2640 848 2742 911 καὶ
2798 845 3069 928 μαλακίᾳ

493 976 531 1016 a
591 949 815 1036 Steph.
871 950 1258 1037 interposita
1313 956 1464 1012 sunt
1519 958 1594 1013 ut
1647 957 1797 1034 post
1849 945 2090 1032 gentile
2146 947 2487 1028 Ἀβυδηνό(
2541 947 2624 1012 ab
2681 969 2755 1011 eo
2811 968 3070 1011 annexa

495 1056 741 1131 λέγεται
787 1057 888 1119 καὶ
929 1055 1005 1118 τὸ
1050 1053 1398 1131 Ἀβυδηνὸν
1443 1051 1809 1132 ἐπιφόρημα
1852 1070 2056 1134 usque
2100 1048 2186 1112 ad
2229 1047 2444 1114 finem.

660 1158 940 1234 Ἄγκυρα
996 1154 1181 1219 πόλις
1237 1153 1540 1218 Γαλατία(
1594 1162 1746 1216 sunt
1798 1150 2195 1232 Herodiani,
2253 1174 2418 1239 quae
2478 1161 2836 1239 sequuntur
2891 1153 2954 1217 οἱ
2998 1156 3069 1218 δὲ

494 1259 768 1338 Φρυγία(
812 1257 1011 1335 αὐτὴν
1043 1255 1483 1335 ἀναγράφουει
1530 1276 1736 1341 usque
1780 1253 1867 1317 ad
1912 1255 2306 1334 διενείμαντο
2338 1257 2453 1335 τὴν
2485 1257 2702 1334 χώραν
2733 1253 3066 1340 Stephani,

495 1369 630 1424 tum
675 1356 1007 1443 Apollonii
1062 1357 1129 1419 in
1186 1355 1433 1421 Caricis
1491 1355 1843 1444 explicatio
1902 1355 2173 1442 originis
2220 1357 2495 1421 nominis
2552 1379 2635 1421 ex
2688 1354 3069 1420 Herodiano

496 1470 785 1548 sumpta,
833 1480 1000 1547 quae
1044 1458 1347 1539 historia,
1404 1460 1456 1522 si
1503 1458 1710 1523 verba
1753 1480 1919 1544 quae
1964 1481 2004 1522 a
2048 1457 2378 1545 Stephano
2434 1460 2678 1523 inserta
2720 1481 2862 1523 esse
2909 1457 3070 1538 dixi,

495 1563 841 1651 omiseris»,
868 1583 1015 1626 cum
1060 1561 1594 1649 praecedentibus
1641 1562 1828 1626 πόλι(
1876 1562 2174 1628 Γαλατία(
2218 1570 2368 1647 apte
2413 1559 2738 1624 cohaeret.

665 1664 792 1730 Sed
852 1662 1010 1748 quid
1070 1663 1291 1748 plura?
1363 1662 1547 1727 Haec
1601 1662 1932 1728 sufficient
1986 1661 2070 1728 ad
2130 1662 2703 1729 demonstrandam
2761 1663 3071 1750 Stephani

497 1766 862 1833 Herodiani
905 1765 1220 1831 subsidiis
1265 1765 1579 1831 adhibitis
1625 1764 2216 1851 componendorum
2270 1764 2689 1831 articulorum
2732 1767 3071 1830 rationem.

496 1870 624 1934 Ubi
668 1891 804 1950 reS,
863 1868 942 1932 de
999 1890 1129 1955 qua
1182 1870 1428 1952 agitur,
1487 1891 1526 1932 a
1568 1868 2000 1953 grammatica
2053 1867 2267 1933 aliena
2322 1879 2449 1952 est,
2510 1867 2910 1954 Stephanus,
2966 1866 3072 1932 vel

499 1974 552 2034 si
596 1973 880 2036 citantur
924 1971 1272 2056 scriptores
1286 2019 1304 2052 ,
1353 1993 1627 2058 quorum
1673 1970 2045 2035 testimonia
2088 1994 2173 2035 ex
2199 1971 2577 2036 Herodiano
2621 1980 2841 2058 petere
2885 1968 3070 2051 solet,

498 2070 658 2137 alios
717 2084 1013 2138 auctores
1070 2082 1330 2136 secutus
1386 2081 1487 2136 est
1541 2071 1722 2137 velut
1777 2096 1828 2136 S.
1878 2074 2150 2139 Βοιωτία
2193 2071 2441 2158 Ephori
2497 2073 2678 2138 locus
2736 2073 2821 2138 ab
2866 2072 3070 2137 Hero-

500 2176 693 2241 diano
739 2174 1048 2241 abhorret
1092 2184 1154 2238 et
1186 2167 1590 2262 Theopompi
1621 2175 2062 2261 Favorinique
2106 2175 2396 2239 narratio
2428 2198 2479 2240 s.
2513 2177 2830 2259 Βιεαλτία,
2877 2172 3073 2239 Calli-

498 2277 706 2343 machi
752 2276 1284 2363 Theopompiquc
1330 2279 1572 2343 mentio
1631 2301 1683 2342 s·
1736 2279 2071 2359 Κραννών,
2130 2277 2575 2364 verbosaeque
2631 2276 3070 2363 expositiones
3130 2343 3139 2353 ,

497 2378 883 2444 Dicaearchi
929 2402 981 2444 s,
1026 2377 1292 2459 Δώριον
1337 2391 1403 2444 et
1446 2382 1670 2460 πάτρα.
1758 2378 2080 2466 Equidem
2136 2390 2483 2467 postquam
2526 2379 2761 2443 iterum
2811 2380 3070 2443 iterum-

498 2503 621 2567 que
673 2481 954 2569 repetita
1008 2481 1279 2545 lectione
1337 2490 1404 2546 et
1460 2480 1966 2568 diligentissima
2018 2482 2500 2570 comparatione
2555 2481 2867 2568 Stephani
2924 2503 3072 2545 eum

498 2582 858 2648 Herodiani
913 2584 1174 2669 scriptis
1242 2585 1689 2668 epitomatoris
1747 2584 1923 2649 viam
1979 2586 2044 2650 in
2101 2583 2511 2672 excerpendo
2567 2583 2945 2680 Herodiano
3007 2592 3073 2647 et

499 2684 957 2750 concinnandis
1004 2683 1297 2749 articulis
1343 2687 1791 2775 geographicis
1840 2687 2164 2772 cognitam
2212 2686 2443 2768 habui,
2497 2709 2697 2751 unum
2753 2708 3071 2773 quemque

500 2787 842 2853 articulum
887 2811 963 2856 eo
1008 2787 1221 2869 modo,
1267 2811 1393 2875 quo
1424 2788 1529 2853 hic
1563 2812 1827 2877 paucOS,
1860 2790 2252 2873 examinavi,
2300 2790 2612 2870 dissecui,
2660 2788 3075 2854 Herodianea

499 2891 583 2955 ab
627 2914 754 2955 non
799 2890 1234 2956 Herodianeis
1293 2890 1578 2956 discrevi
1632 2902 1695 2955 et
1736 2893 1803 2955 in
1849 2916 1995 2957 eum
2049 2890 2261 2957 locum
2307 2891 2866 2958 Herodianeorum
2922 2893 3073 2955 scri·

499 3005 756 3078 ptorum
778 3041 795 3074 ,
837 2992 1014 3057 unde
1046 2992 1426 3078 desumptus
1458 2992 1823 3075 videbatur,
1856 2994 2116 3077 infersi,
2153 3017 2283 3082 qua
2311 2996 2378 3058 in
2409 3017 2479 3058 re
2511 2995 2566 3059 si
2596 2992 2857 3081 quando
2890 3004 2961 3058 ut
3006 2993 3070 3055 in

497 3117 568 3158 re
613 3093 804 3159 valde
849 3094 1165 3182 perplexa
1195 3106 1258 3160 et
1285 3096 1512 3161 ubrica
1541 3095 1762 3183 lapsus
1794 3120 1971 3179 sum,
2020 3096 2464 3162 veniam·mihi
2496 3096 2721 3161 datum
2750 3098 2830 3161 iri
2862 3118 3071 3182 spem.

668 3196 797 3262 Sed
842 3198 972 3261 iam
1019 3196 1211 3263 video
1227 3247 1244 3280 ,
1302 3222 1384 3263 ne
1439 3200 1781 3265 temerario
1839 3199 2109 3264 arbitrio
2164 3222 2267 3263 me
2313 3199 2462 3263 duci
2506 3221 2737 3286 passus
2793 3222 2935 3264 esse
2978 3199 3074 3263 vi·-

502 3297 688 3381 dear,
744 3298 899 3363 mihi
956 3299 1410 3386 exponendum
1471 3324 1612 3366 esse
1659 3300 2059 3388 Stephanum
2117 3302 2183 3365 in
2228 3302 2423 3366 rebus
2479 3302 2951 3386 grammaticiS,
3008 3301 3075 3363 in

502 3400 826 3465 nominum
861 3402 1446 3488 geographicorum
1491 3406 1937 3491 propositione
1983 3426 2333 3491 eorumque
2378 3403 2811 3488 originatione
2857 3414 2923 3469 ct
2966 3425 3073 3467 ex-

500 3501 875 3587 plicatione,
933 3503 999 3567 in
1058 3505 1576 3571 testimoniorum
1635 3505 1944 3571 citatione
1995 3505 2445 3570 Herodianum
2502 3506 2729 3570 ducem
2785 3517 3073 3571 secutum

503 3628 659 3669 esse.
751 3606 968 3693 Atque
1013 3617 1087 3672 ut
1130 3631 1168 3671 a
1213 3609 1408 3673 rebus
1465 3609 1912 3694 grammaticis
1968 3608 2219 3690 ordiar,
2275 3608 2555 3694 primum
2611 3607 2692 3673 de
2735 3607 3073 3694 gentilium

499 3707 912 3789 formatione,
972 3709 1205 3774 deinde
1262 3709 1343 3775 de
1399 3711 1862 3793 declinatione,
1922 3719 2055 3774 tum
2113 3711 2192 3775 de
2238 3709 2737 3797 orthographia,
2799 3709 3077 3796 denique

498 3808 580 3872 de
625 3812 834 3876 tonosi
879 3809 1217 3877 disseram.

665 3913 986 3978 Doctrina
1028 3912 1368 3998 gentilium
1413 3916 1621 3980 tribus
1666 3917 1951 3980 maxime
1993 3914 2059 3979 in
2104 3916 2300 3982 rebus
2346 3916 2654 3997 vertitur,
2707 3915 2777 3977 in
2822 3914 3072 3978 deriva-

497 4015 701 4096 tione,
747 4016 815 4078 in
860 4026 1166 4098 accentu,
1224 4019 1290 4081 in
1335 4016 1829 4104 orthographia,
1888 4039 2088 4103 quare
2131 4018 2549 4084 Herodianus
2607 4027 2670 4081 et
2728 4017 2793 4079 in
2839 4014 3072 4080 Catho-

496 4116 621 4180 lica
664 4128 729 4183 et
771 4117 839 4180 in
869 4116 1352 4205 Orthographia
1385 4120 1614 4184 horum
1645 4122 1976 4185 nominum
2008 4121 2494 4186 tractandorum
2523 4116 3073 4206 opportunitatem

497 4217 727 4283 habuit
769 4228 836 4283 et
881 4218 984 4284 vel
1029 4242 1112 4284 ex
1155 4219 1455 4286 mutilata
1485 4222 1757 4287 Arcadii
1789 4223 2067 4310 epitome
2099 4222 2416 4308 hodieque
2448 4220 2656 4287 videri
2684 4220 2869 4300 licet,
2917 4228 3074 4305 quot

497 4319 764 4404 gentilia
807 4320 873 4384 in
920 4320 1253 4387 Catholica
1297 4321 1380 4386 ab
1427 4322 1802 4388 Herodiano
1849 4336 2221 4390 enumerata
2262 4325 2524 4389 fuerint.
2600 4324 2703 4387 De
2749 4322 3075 4408 scriptura

499 4420 837 4506 gentilium
885 4446 941 4487 e.
986 4445 1050 4508 g.
1099 4446 1216 4510 per
1259 4429 1280 4489 i
1324 4437 1388 4491 et
1431 4449 1547 4513 per
1589 4432 1644 4491 Ξῖ
1689 4436 1754 4489 et
1797 4427 1865 4489 in
1912 4425 2277 4507 Catholica,
2337 4427 2578 4513 quippe
2634 4447 2800 4511 quae
2845 4423 3072 4487 arctis-

499 4524 661 4590 simo
718 4547 865 4589 cum
921 4526 1405 4613 orthographia
1458 4526 1717 4591 vinculo
1776 4528 2081 4614 copulata
2144 4530 2259 4607 sit,
2328 4539 2395 4593 et
2459 4528 2525 4591 in
2585 4523 3073 4610 orthographia

501 4649 707 4694 sermo
766 4650 911 4693 esse
963 4629 1206 4714 potuit3
1267 4652 1395 4716 qua
1450 4641 1664 4694 autem
1719 4630 1969 4694 ratione
2025 4630 2295 4714 gentilia
2349 4653 2389 4694 a
2438 4627 2787 4717 primitivis
2841 4648 3071 4714 propa-

501 4739 764 4814 gentur,
811 4753 1202 4818 quamquam
1246 4731 1311 4794 in
1358 4731 1504 4796 aliis
1551 4730 1807 4818 scriptis
1854 4732 2066 4797 obiter
2110 4734 2291 4817 tangi
2321 4731 2560 4819 potuit,
2608 4730 2675 4793 in
2718 4729 2883 4793 libro
2929 4732 3074 4808 περὶ

499 4835 905 4915 παρωνύμων
950 4832 1256 4920 explicite
1300 4834 1616 4899 traditum
1662 4857 1804 4899 esse
1862 4834 2201 4901 indubium
2260 4844 2385 4913 est,
2452 4833 2517 4894 in
2565 4852 2691 4919 quo
2738 4829 2935 4915 libro,
3002 4844 3073 4896 ut
