3664 5546
1489 366 1905 415 PRAEFATIO.
2816 375 2998 423 XXIII

400 516 637 581 dianus
693 515 862 581 dicit
904 516 1314 582 Demetrium
1370 519 1535 600 ἀμόν
1590 542 1707 606 pro
1765 521 1951 605 ἐμόν,
2009 522 2431 608 Apollonium
2483 547 2638 589 vero
2684 549 2802 613 pro
2848 529 2994 610 ἁμέ-

399 640 590 699 τερον
658 619 908 685 dietum
973 628 1274 704 putasse,
1342 622 1528 686 cuius
1598 624 1990 689 sententiam
2033 624 2241 707 magis
2310 627 2567 710 probat.
2657 628 2757 692 Eo
2825 629 2994 711 loce,

400 721 577 785 unde
620 720 1109 806 Epimerismon
1156 722 1645 788 consarcinator
1699 748 1819 789 sua
1866 725 2302 811 deprompsit,
2356 725 2801 811 Herodianus,
2861 733 2995 817 opi-

399 845 552 904 nor,
599 824 968 888 accuratius
1014 832 1440 910 exposuerat,
1501 824 1678 911 quod
1724 848 1840 912 pro
1886 827 2204 895 alterutra
2246 827 2683 915 explicatione
2713 832 2994 917 proferri

399 925 636 1010 potuit.
694 922 1031 1009 Apollonii
1075 925 1245 989 enim
1291 926 1816 1012 interpretationi
1863 928 2057 992 obiici
2090 929 2335 1014 potuit,
2383 929 2557 1014 quod
2587 933 2748 1013 ἁμάς
2797 934 2902 1016 (Il.
2940 936 2989 998 Ν

399 1027 484 1091 96
528 1026 615 1091 cf.
660 1026 848 1090 Pros.
895 1025 975 1092 Il.
1023 1025 1108 1090 ad
1153 1025 1216 1089 h.
1263 1026 1306 1090 l.
1351 1026 1431 1091 E.
1463 1027 1555 1090 M.
1604 1029 1715 1110 79,
1761 1029 1875 1114 28)
1922 1052 2053 1095 non
2098 1030 2181 1094 ab
2226 1031 2403 1096 omni
2448 1042 2632 1117 parte
2676 1034 2992 1099 Doricum

397 1137 607 1210 esset,
663 1150 865 1214 quum
917 1125 1149 1192 ultima
1202 1127 1459 1215 syllaba
1502 1131 1770 1216 corripi,
1827 1153 2036 1217 neque
2081 1133 2278 1217 ἁμήν,
2335 1155 2533 1219 quum
2588 1157 2671 1199 ex
2716 1135 2989 1201 Dorien-

398 1229 568 1293 sium
622 1251 803 1294 more
858 1230 1025 1309 ἁμάν
1082 1228 1214 1293 dici
1269 1230 1618 1296 debuisset.
1710 1231 2034 1297 Demetrii
2088 1255 2244 1298 vero
2299 1234 2720 1321 explicationi
2774 1238 2989 1303 obsta-

395 1331 551 1411 bat,
611 1330 789 1418 quod
855 1331 1081 1397 brevis
1149 1330 1394 1396 vocalis
1450 1337 1484 1397 ἒ
1538 1333 1606 1396 in
1665 1338 1714 1397 fi
1767 1333 2163 1419 productum
2219 1338 2622 1401 transversio
2688 1338 2990 1425 exemplo

396 1441 602 1497 caret.
691 1431 818 1495 His
865 1432 1069 1518 igitur
1112 1434 1281 1498 inter
1325 1456 1396 1497 se
1439 1435 1828 1519 comparatis
1888 1446 2214 1521 postremo
2261 1460 2335 1502 eo
2383 1436 2799 1504 Herodianus
2845 1462 2988 1527 per-

395 1535 654 1598 venisse
697 1533 1064 1599 censendus
1111 1544 1242 1616 est,
1287 1544 1362 1598 ut
1391 1533 1723 1621 Apollonii
1769 1537 2154 1602 sententiam
2188 1549 2636 1625 praeoptaret,
2683 1564 2815 1607 non
2858 1564 2987 1629 quo

396 1634 694 1700 crederet
735 1638 902 1717 ἁμόν
948 1658 1033 1700 ex
1076 1638 1384 1717 ἁμέτερον
1432 1648 1866 1724 syncopatum
1912 1661 2058 1703 esse
2104 1640 2285 1724 (nam
2328 1640 2470 1726 ipse
2514 1642 2579 1705 in
2624 1640 2702 1705 E.
2742 1642 2833 1706 M.
2878 1644 2985 1723 52,

400 1737 483 1801 18
528 1740 609 1818 μὴ
653 1738 929 1814 γίνεςθαι
987 1738 1106 1803 δύο
1163 1742 1494 1819 ςυλλαβῶν
1552 1744 1874 1820 ςυγκοπὴν
1918 1740 2145 1821 dicit),
2202 1740 2318 1805 sed
2361 1765 2478 1828 per
2520 1743 2983 1809 metaschema·

393 1839 662 1902 tismum
705 1848 779 1904 ut
824 1840 980 1919 ὑμός
1025 1849 1091 1904 et
1136 1841 1297 1920 ςφός
1342 1862 1426 1903 ex
1471 1842 1775 1921 ὑμέτερος
1821 1851 1887 1905 et
1932 1844 2238 1922 ςφέτερος
2297 1843 2391 1907 sic
2435 1845 2593 1925 ἁμός
2639 1866 2721 1908 ex
2766 1847 2983 1927 ἡμέτε-

394 1962 514 2019 ρος
567 1938 792 2004 fietum
845 1951 1083 2027 putans
1141 1949 1212 2004 ut
1267 1941 1335 2004 in
1392 1941 1473 2005 Ε.
1518 1940 1607 2008 M.
1654 1942 1768 2024 84,
1813 1942 1899 2006 49
1954 1943 2269 2009 traditur:
2341 1946 2519 2025 ἁμόςῑ
2585 1947 2794 2026 ὥςπερ
2850 1947 2981 2013 ἀπὸ

389 2047 514 2107 τοῦ
570 2043 874 2122 ςφέτερος
928 2044 1167 2119 γίνεται
1221 2045 1483 2127 Δωρικῇ
1539 2045 1848 2130 διαλέκτῳ
1911 2047 2071 2125 ςφός
2140 2048 2238 2110 καὶ
2292 2046 2426 2112 ἀπὸ
2492 2052 2608 2112 τοῦ
2678 2049 2981 2128 ὑμέτερος

390 2145 583 2227 ὑμός,
641 2142 812 2208 οὕτω
869 2146 974 2208 καὶ
1027 2144 1158 2210 ἀπὸ
1215 2149 1330 2210 τοῦ
1387 2146 1694 2225 ἁμέτερος
1751 2146 1913 2225 ἁμός
1966 2149 2293 2226 Δωρικῶς.
2382 2150 2420 2226 ἢ
2475 2150 2634 2227 θέμα
2688 2149 2816 2214 ἑςτὶ
2869 2155 2980 2229 τῆς

386 2246 698 2325 Δωρίδος
741 2246 1089 2310 διαλέκτου.
1162 2245 1254 2309 Ut
1298 2255 1514 2310 autem
1562 2268 1756 2331 saepe
1809 2249 2266 2333 epitomatores
2313 2249 2668 2312 oscitanter
2712 2253 2979 2336 scripto-

386 2369 530 2410 rem
575 2345 863 2430 legentes
911 2344 1031 2409 hac
1077 2347 1145 2409 in
1189 2355 1529 2431 utramque
1582 2358 1836 2434 partem
1882 2348 2266 2434 disputandi
2320 2350 2571 2413 ratione
2617 2349 2979 2415 Herodiani

386 2447 647 2512 inducti
702 2457 884 2529 sunt,
946 2456 1021 2510 ut
1076 2447 1136 2511 ei
1191 2448 1603 2532 assignarent
1656 2450 2045 2513 sententiam
2102 2450 2186 2513 ab
2245 2472 2319 2515 eo
2378 2452 2827 2535 reprobatam,
2885 2453 2979 2517 sic

387 2547 833 2634 Epimeristae
878 2548 1196 2614 accidisse
1242 2549 1544 2615 arbitror.

561 2786 639 2850 Ε.
702 2785 925 2850 Orion.
985 2793 1055 2868 8,
1117 2787 1195 2850 12
1250 2787 1558 2853 ἀκιδνοί
1613 2789 1787 2867 παρὰ
1840 2790 1917 2852 τὸ
1972 2789 2125 2853 κίειν
2182 2790 2272 2852 δι’
2328 2789 2673 2854 ἀςθένειαν.
2765 2791 2975 2856 οὕτως

381 2889 880 2966 Ἡρωδιανὸς
924 2889 1004 2953 ἐν
1050 2889 1604 2968 ἐπιμεριςμοῖς.
1635 2925 1719 2936 -
1751 2887 2202 2952 Herodianum
2247 2911 2286 2950 a
2329 2887 2703 2975 pleonasmo
2750 2891 2970 2955 litera-

379 3011 526 3052 rem
587 2978 669 3054 δῖ
718 3011 849 3053 non
904 2987 1255 3053 abhorrere
1320 2988 1475 3053 inde
1528 3000 1742 3075 patet,
1811 2989 1990 3075 quod
2048 2987 2153 3053 vel
2210 2990 2528 3068 ἀγρυπνία
2593 3013 2679 3054 ex
2734 2992 2972 3058 ἀϋπνία

377 3089 786 3175 propagavit
826 3089 898 3152 in
941 3090 1021 3153 E.
1069 3089 1293 3154 Orion.
1344 3091 1451 3172 18,
1498 3091 1599 3154 20.

1637 3227 1733 3288 10.

555 3341 640 3406 Ε.
667 3341 890 3407 Orion.
914 3344 1018 3427 30,
1057 3344 1133 3408 16
1175 3344 1525 3425 ἄμπελος
1557 3344 2033 3423 Ἡρωδιανός
2063 3365 2255 3424 φηςιν
2298 3345 2378 3409 ἐν
2422 3345 2970 3426 ἐπιμεριςμοῑς

369 3446 724 3523 ἀνάπηλος
765 3447 939 3523 παρὰ
982 3448 1056 3511 τὸ
1101 3445 1451 3511 ἀναδοῦναι
1498 3447 1613 3511 τὸν
1657 3446 1867 3525 πηλὸν
1912 3446 2097 3509 τοῦτ’
2141 3445 2267 3509 ἔςτι
2324 3447 2438 3510 τὸν
2485 3446 2690 3511 οἶνον.
2766 3450 2971 3526 πηλός

368 3545 443 3612 δὲ
494 3546 536 3610 ὁ
586 3544 772 3610 οἶνος
815 3548 990 3625 παρὰ
1034 3548 1108 3611 τὸ
1153 3548 1421 3611 πάλλειν
1466 3546 1565 3610 καὶ
1596 3544 1777 3610 ςείειν
1819 3547 1979 3624 ἡμᾶς
2024 3547 2344 3611 πίνοντας.
2411 3546 2599 3609 Idem
2644 3546 2781 3609 fere
2829 3548 2970 3611 sine

364 3644 679 3711 auctoris
736 3655 801 3708 et
854 3643 1005 3710 libri
1060 3646 1322 3711 nomine
1378 3645 1625 3709 habent
1669 3644 1757 3708 E.
1806 3644 1981 3709 Gud.
2026 3645 2138 3723 45,
2191 3647 2269 3709 10
2324 3657 2388 3709 et
2442 3647 2519 3709 E.
2567 3647 2656 3709 Μ.
2705 3647 2817 3729 87,
2863 3649 2965 3711 37.

363 3746 760 3831 Originatio
807 3746 983 3809 vocis
1028 3748 1232 3825 πηλός
1278 3746 1382 3810 hic
1412 3746 1750 3830 proposita
1794 3747 2073 3809 recurrit
2116 3746 2183 3808 in
2224 3745 2584 3811 Herodiani
2619 3747 2967 3833 Symposio

360 3849 433 3911 in
481 3848 574 3912 Ε.
629 3845 850 3910 Orion.
903 3845 1054 3927 138,
1100 3847 1144 3910 3
1184 3847 1266 3911 cf.
1315 3846 1480 3912 Lob.
1526 3843 1725 3911 Proll.
1774 3847 1890 3926 87,
1937 3845 2166 3910 Rhem.
2222 3846 2371 3928 1043
2430 3847 2511 3909 de
2563 3846 2811 3930 systole
2857 3870 2965 3911 vo-

357 3947 534 4014 calis
585 3951 630 4025 ῆ
677 3946 960 4010 conferri
1001 3956 1279 4032 possunt
1319 3948 1583 4027 θελεμός
1627 3969 1711 4010 ex
1754 3948 2028 4028 θελημός
2070 3946 2315 4012 Arcad.
2363 3947 2477 4026 61,
2523 3947 2562 4010 3
2608 3948 2838 4013 ἑδανός
2883 3971 2969 4013 ex

356 4051 506 4130 ἥδω
555 4046 648 4114 11.
693 4046 801 4111 Pr.
847 4049 903 4113 Ξ
952 4048 1094 4112 172.

1633 4150 1733 4213 11.

539 4270 636 4332 Ε.
667 4264 892 4332 Orion.
923 4266 1040 4348 30,
1085 4266 1169 4331 25
1215 4267 1481 4346 ἀϋτμή;
1531 4266 1627 4331 ἄω
1673 4268 1773 4332 καὶ
1816 4267 1949 4331 ἄςω
1994 4267 2202 4347 ὄνομα
2246 4267 2405 4347 ἀςμή
2452 4270 2555 4332 καὶ
2597 4274 2804 4352 τροπῇ
2848 4274 2964 4331 τοῦ

351 4376 386 4436 ἓ
433 4372 534 4436 εἰς
583 4370 627 4432 ’ἶ
673 4366 867 4450 ἀτμή,
912 4371 1294 4452 πλεοναςμῷ
1337 4372 1453 4432 τοῦ
1501 4372 1545 4433 ὗ
1591 4368 1809 4448 ἀϋτμή.
1899 4368 2377 4446 Ἡρωδιανὸς
2431 4368 2514 4432 ἐν
2571 4368 2962 4447 ἑπιμερις-

350 4477 564 4553 μοῖς.
676 4465 1105 4532 Pleonasmus
1171 4468 1420 4532 vocalis
1467 4474 1514 4531 “fi
1580 4468 1894 4533 statuitur
1960 4466 2043 4531 ab
2104 4466 2479 4532 Herodiano
2546 4468 2614 4529 in
2668 4468 2963 4547 ἐδεύηςεν

348 4596 461 4659 ap.
515 4570 778 4634 Zonar.
828 4567 984 4649 614,
1039 4568 1106 4630 in
1163 4569 1323 4648 οὐλή
1380 4567 1458 4631 Ε.
1507 4568 1599 4631 Μ.
1644 4568 1798 4649 641,
1856 4568 1926 4648 2,
1980 4568 2053 4630 in
2105 4569 2342 4645 γουνός
2397 4568 2475 4630 Ε.
2530 4566 2621 4629 Μ.
2678 4567 2831 4646 239,
2888 4567 2959 4649 9;

347 4682 651 4758 propter
709 4678 942 4752 tropen
996 4689 1320 4733 consonae
1364 4673 1397 4733 ἱ
1441 4669 1511 4731 in
1553 4672 1588 4731 ἱ
1631 4668 1715 4731 cf.
1764 4691 1838 4732 e..
1868 4690 1931 4752 g.
1978 4670 2126 4734 ποτί
2177 4691 2261 4732 ex
2306 4668 2468 4747 πρός
2513 4676 2726 4730 ortum
2766 4668 2835 4729 in
2879 4667 2958 4731 E.

347 4773 444 4838 M.
494 4769 674 4849 685,
721 4767 828 4832 23.
