3664 5546
585 377 719 424 CXC
1668 379 2066 428 PRAEFATIO
2075 412 2088 425 .

581 529 829 593 factum
899 537 1029 611 est,
1098 529 1460 594 Herodiani
1526 553 1763 595 nomen
1830 532 2122 597 additum
2183 531 2413 613 fuisse,
2480 554 2628 595 nam
2684 532 2800 596 hos
2854 531 3031 597 locos
3086 534 3163 598 E.

580 630 807 713 Magni
865 640 930 694 et
984 629 1271 694 Gudiani
1330 654 1414 695 cx
1465 631 1903 697 Choerobosci
1962 633 2253 719 pleniore
2316 633 2674 719 exemplari
2730 634 2967 719 petitos
3025 657 3168 698 esse

584 732 732 796 inde
797 741 1011 820 patet,
1082 734 1255 819 quod
1315 756 1535 797 omnes
1603 734 1741 797 fere
1807 727 2350 820 orthographicae
2404 735 2930 817 observationeS,
3001 759 3168 821 quae

583 833 662 897 Ε.
711 831 951 918 Ma'gno
997 845 1062 899 et
1107 834 1413 899 Gudiano
1459 858 1605 900 cum
1651 833 2110 901 Choerobosco
2169 859 2537 901 communes
2585 847 2768 919 sunt,
2815 837 2979 910 mire
3024 860 3167 900 cum

583 935 1040 1000 Choerobosco
1100 946 1485 1021 congruunt.
1591 937 1812 1017 Quare
1867 938 1952 1001 ad
2009 936 2368 1002 Herodiani
2416 938 2963 1027 Orthographiam
3022 962 3167 1002 con-

582 1037 979 1100 stituendam
1034 1048 1381 1123 utrumque
1437 1037 1959 1124 Etymologicum
2018 1039 2465 1122 adhibui-num,
2523 1049 2598 1104 ut
2652 1063 2737 1104 ex
2793 1040 2874 1103 iis
2930 1039 3164 1104 collato

582 1137 1038 1204 Choerobosco
1077 1138 1266 1203 liuius
1315 1140 1708 1225 primigenia
1756 1139 2223 1204 adnotamenta
2267 1152 2801 1206 restaurai-emus
2876 1140 3028 1204 Alia
3067 1164 3163 1206 or·

578 1240 1008 1325 thographica
1060 1251 1410 1326 praecepta
1463 1227 1866 1306 transierunt
1918 1243 1985 1304 in
2045 1242 2124 1306 E.
2171 1242 2484 1328 Magnum
2541 1252 2607 1307 et
2649 1243 3026 1308 Gudianum
3083 1264 3164 1306 ex

577 1341 656 1404 Ε.
705 1342 989 1406 Orionis,
1097 1342 1228 1406 Sed
1291 1344 1487 1405 etiam
1542 1365 1688 1405 cum
1736 1344 1981 1408 Orione
2037 1343 2562 1428 ChoeroboscuS,
2619 1347 2861 1430 quippe
2915 1345 3026 1429 qui
3082 1367 3163 1408 ex

578 1444 808 1507 eodem
853 1445 1035 1507 fonte
1081 1443 1397 1524 hauserit,
1445 1445 1537 1507 ita
1566 1444 1879 1526 concinit,
1926 1455 2000 1508 ut
2029 1444 2218 1509 huius
2262 1469 2382 1531 ope
2413 1445 2695 1531 plurima
2721 1445 3163 1524 Herodianea,

447 1581 458 1590 -
578 1567 744 1630 quae
789 1547 856 1608 in
899 1545 978 1608 E.
1027 1545 1290 1609 Orionis
1336 1544 1796 1630 Etymologico
1842 1545 2034 1610 valde
2078 1546 2378 1611 mutilata
2422 1557 2487 1610 et
2531 1547 2901 1612 deformata
2948 1546 3164 1630 legun-

578 1656 715 1726 tur,
762 1645 1095 1710 emeudari
1143 1647 1426 1731 possint:
1477 1648 1570 1710 sic
1616 1647 1694 1710 Ε.
1743 1648 1854 1713 Or.
1907 1649 2008 1727 17,
2059 1649 2137 1711 14
2181 1649 2465 1728 αἴγειρος
2511 1672 2594 1712 ex
2641 1647 2872 1712 Clioer.
2912 1651 3052 1730 177,
3083 1649 3167 1711 29

575 1747 720 1812 0011.
771 1747 852 1810 Ε.
899 1748 988 1812 M.
1034 1747 1149 1828 28,
1194 1748 1278 1811 39
1323 1745 1531 1811 lucem
1592 1749 1863 1832 accipit3
1922 1748 2003 1812 E.
2048 1750 2162 1814 Or.
2211 1750 2323 1830 82,
2376 1751 2454 1814 15
2510 1773 2590 1813 ex
2638 1749 2870 1814 Choer.
2916 1751 3041 1814 226
3102 1762 3165 1814 et

573 1849 695 1912 271
755 1847 930 1914 coll«
963 1848 1042 1911 E.
1099 1848 1190 1912 M.
1245 1849 1403 1933 539,
1464 1851 1574 1931 11,
1643 1850 1723 1914 Ε.
1782 1849 1892 1917 Or.
1958 1851 2108 1932 108,
2165 1852 2248 1914 26
2312 1853 2536 1931 νέαιρα
2589 1873 2673 1916 ex
2730 1851 2962 1915 Choer.
3018 1852 3164 1913 241.

576 1950 901 2034 Congruit
944 1949 1024 2012 E.
1073 1951 1184 2014 Or.
1231 1949 1337 2030 40,
1383 1951 1468 2012 20
1510 1956 1741 2031 γρῖπο(
1786 1973 1931 2015 011111
1979 1952 2212 2017 Choer.
2262 1953 2416 2033 188,
2465 1951 2621 2017 Orio
2670 1954 2779 2033 76,
2825 1953 2907 2017 23
2955 1955 3166 2034 ἰμονιά

578 2074 725 2116 611111
772 2051 1002 2116 Choer.
1048 2051 1192 2132 223,
1239 2052 1355 2134 30,
1403 2051 1560 2116 Orio
1611 2053 1753 2135 160,
1800 2053 1884 2117 69
1927 2056 2247 2134 φειδωλός
2292 2076 2437 2117 011111
2484 2052 2717 2118 Choer.
2763 2055 2889 2118 273
2935 2065 3056 2117 etc.

743 2152 963 2218 Etiam
1007 2175 1173 2239 quae
1204 2153 1662 2237 Theognostus
1708 2153 1953 2218 diserte
1983 2155 2358 2220 Herodiano
2387 2156 2649 2235 tribuit,
2695 2155 2897 2220 habet
2927 2156 3162 2220 Choer.

576 2255 775 2319 tacito
844 2254 1206 2319 Herodiani
1271 2256 1564 2337 nomine,
1627 2258 1805 2335 χαίτη
1875 2256 2171 2341 Theogn.
2233 2258 2341 2340 12,
2399 2258 2520 2338 26,
2592 2257 2825 2324 Chocr.
2885 2258 3043 2340 279,
3102 2259 3161 2322 7.

575 2358 779 2422 Porro
828 2380 994 2443 quae
1041 2357 1135 2422 St.
1181 2357 1258 2421 B.
1309 2381 1390 2422 cx
1435 2357 1811 2423 Herodiano
1857 2358 2138 2444 profert,
2195 2368 2536 2424 recurrunt
2581 2381 2686 2444 ap.
2734 2357 2996 2439 Choer.,
3066 2358 3161 2422 St.

578 2459 654 2523 B.
698 2461 845 2540 458,
891 2460 935 2522 4
980 2459 1164 2526 οἶκος
1210 2461 1603 2539 Ἡρωδιανὸς
1647 2463 1762 2541 μὲν
1806 2461 1983 2540 παρὰ
2037 2462 2113 2525 τὸ
2160 2460 2339 2545 εἴκω,
2397 2463 2467 2526 ἐν
2527 2463 2579 2545 ᾧ
2641 2460 2930 2544 εἴκομεν,
2989 2459 3163 2546 quod

574 2585 655 2626 ex
712 2561 1022 2646 Orthogr.
1085 2561 1449 2627 Herodiani
1504 2571 1832 2647 sumptum
1889 2583 2035 2625 esse
2090 2571 2367 2626 testatur
2424 2562 2505 2625 Ε.
2553 2563 2665 2628 Or.
2720 2563 2868 2643 118,
2932 2564 2996 2644 l,
3056 2585 3163 2648 ap.

575 2663 897 2729 (Jhoerob.
945 2663 1091 2744 205,
1138 2663 1217 2726 21
1265 2663 1555 2728 obvenit.
1645 2663 1813 2728 Mire
1862 2664 2056 2727 etiam
2104 2663 2427 2728 consentit
2474 2665 2702 2728 Chocr.
2760 2687 2905 2727 cum
2960 2664 3163 2728 Arca-

574 2765 713 2848 di03
762 2764 1094 2845 conferaS,
1155 2766 1210 2829 si
1257 2765 1443 2846 libet,
1502 2777 1575 2830 ut
1630 2788 1714 2829 ex
1770 2764 1992 2831 multis
2049 2790 2260 2852 pauca
2314 2765 2580 2851 eligam,
2647 2764 2728 2829 de
2789 2765 3157 2831 nominibus

572 2865 916 2955 bisyllabis
949 2868 1014 2930 in
1055 2871 1155 2932 ff
1185 2877 1250 2931 et
1279 2873 1413 2933 ῖΓοἙ
1448 2869 1601 2931 Arc.
1633 2868 1738 2949 44,
1778 2869 2025 2933 16-25
2069 2892 2215 2933 cum
2263 2868 2496 2932 Choer.
2534 2870 2675 2949 191,
2706 2868 2824 2950 29,
2869 2870 3014 2949 226,
3046 2868 3160 2949 21,

574 2970 737 3050 263,
785 2971 898 3051 29,
945 2969 1102 3048 271,
1157 2970 1220 3051 1,
1268 2969 1426 3051 275,
1481 2969 1586 3053 14,
1647 2968 1729 3033 (16
1784 2970 2158 3035 nominibus
2220 2971 2288 3035 in
2334 2978 2467 3036 infof:
2510 2972 2664 3034 Arc.
2709 2972 2823 3052 51,
2870 2971 2953 3034 23
3015 2991 3162 3034 611111

574 3071 806 3136 Choer.
859 3071 1009 3152 187,
1055 3070 1171 3152 35,
1217 3071 1373 3148 201,
1427 3071 1534 3153 17,
1594 3070 1751 3150 228,
1797 3072 1915 3153 21,
1974 3073 2053 3136 de
2110 3072 2482 3138 nominibus
2538 3074 2602 3135 in
2648 3076 2817 3136 {iffi}
2861 3073 3015 3136 Arc.
3060 3073 3161 3147 52,

578 3175 610 3235 1
645 3196 824 3259 seqq.
873 3195 1018 3236 cum
1068 3172 1300 3235 Choer.
1341 3171 1483 3251 186,
1520 3172 1630 3253 17,
1685 3173 1822 3251 183,
1875 3174 1953 3236 15
1996 3184 2063 3237 et
2106 3174 2217 3256 31,
2271 3175 2409 3254 186,
2453 3174 2528 3257 4,
2582 3174 2719 3254 193,
2760 3176 2869 3257 13,
2919 3174 3057 3254 196,
3089 3174 3161 3257 6,

572 3274 719 3354 233,
772 3275 879 3355 17,
929 3273 1011 3336 de
1055 3273 1427 3338 nominibus
1474 3273 1539 3335 in
1585 3293 1737 3351 κροε
1785 3275 1941 3337 Arc.
1990 3275 2090 3355 74,
2138 3276 2182 3337 4
2223 3298 2367 3338 cuni
2415 3274 2651 3341 Choer.
2697 3277 2842 3357 239,
2894 3278 2990 3339 16.

744 3375 871 3439 Sed
918 3373 1080 3437 haec
1123 3376 1252 3437 iam
1298 3373 1602 3437 sufficere
1647 3374 1936 3439 arbitror
1979 3376 2062 3440 ad
2108 3376 2713 3458 demonstrandum,
2761 3387 3160 3462 quantopere

573 3476 1016 3541 Choerobosci
1060 3474 1547 3561 Orthographia
1590 3499 1675 3541 ex
1718 3476 2098 3541 Herodiano
2145 3500 2463 3563 suspensa
2508 3481 2615 3544 sit.

709 3655 809 3710 De
852 3653 1085 3709 libello
1128 3648 1274 3725 περὶ
1316 3646 1673 3724 uoco-mro(
1716 3654 1790 3709 in
1836 3656 2051 3711 cram.
2096 3655 2225 3709 An.
2275 3655 2399 3710 Ox.
2442 3657 2515 3710 11
2556 3671 2624 3723 p.
2668 3658 3022 3712 283—318.

743 3779 1179 3865 Praecipuum
1207 3781 1293 3845 ad
1323 3780 1686 3845 Herodiani
1718 3780 2274 3868 Orthographiam
2305 3781 2748 3847 renovandam
2796 3782 3159 3847 subsidium

573 3881 762 3945 nobis
809 3880 1106 3946 relictum
1150 3892 1250 3946 est
1294 3882 1363 3944 in
1406 3881 1575 3948 libro
1620 3886 1768 3964 περὶ
1795 3885 2177 3964 ποεότητοε.
2222 3884 2439 3948 Huius
2484 3885 2779 3970 opusculi
2825 3895 3159 3950 auctorem

574 3982 1023 4047 Herodianum
1069 4006 1196 4047 non
1253 4005 1394 4047 esse
1452 4007 1527 4049 eo
1588 3983 2101 4066 demonstratur,
2158 3987 2329 4071 quod
2376 3984 2792 4049 Herodianus
2848 3988 2988 4073 ipse
3043 4008 3158 4070 pro

573 4094 739 4150 teste
784 4085 1025 4150 citatur
1081 4095 1146 4149 et
1201 4086 1553 4171 scriptores
1597 4085 1977 4150 Herodiano
2030 4089 2426 4172 posteriores
2485 4086 2654 4150 Orus
2711 4097 2776 4151 et
2831 4086 3157 4151 Arcadius

571 4187 1012 4252 nominantur.
1103 4186 1271 4251 Sunt
1322 4187 1434 4272 qui
1477 4186 1962 4269 Choerobosco,
2020 4190 2206 4252 cuius
2264 4188 2429 4253 liber
2483 4191 2628 4267 περὶ
2682 4190 3036 4268 ποεότητοε
3092 4190 3157 4251 in

573 4288 653 4351 E.
698 4288 789 4351 M.
849 4286 1238 4374 compluries
1291 4287 1626 4370 laudatur,
1683 4288 1853 4351 hanc
1906 4288 2130 4353 eodem
2189 4287 2376 4353 titulo
2432 4289 2808 4373 insignitam
2865 4288 3155 4374 scriptio·

574 4413 719 4453 nem
766 4389 1081 4454 tribuant.
1171 4390 1364 4470 Quod
1410 4413 1538 4455 non
1582 4413 1850 4477 prorsus
1895 4389 2326 4476 improbabile
2371 4390 2653 4455 videtur.
2727 4390 2895 4453 Nam
2940 4412 3157 4474 quam-

572 4512 764 4577 quam
812 4513 896 4554 ex
941 4492 1052 4573 iis,
1099 4514 1266 4577 quae
1312 4492 1378 4555 in
1423 4492 1504 4556 E.
1549 4493 1639 4556 M.
1696 4492 2121 4579 proferuntur
2177 4514 2262 4556 ex
2305 4491 2742 4558 Choerobosci
2802 4491 2967 4556 libro
3013 4494 3158 4570 περὶ

570 4595 959 4673 ποεότητοε,
1006 4594 1075 4656 in
1118 4605 1340 4657 nostro
1385 4591 1554 4659 libro
1587 4592 1778 4680 plura
1807 4593 2289 4673 desiderantur,
2324 4604 2538 4657 tamon
2572 4603 2919 4680 propterea
2950 4592 3154 4656 Choe-

571 4694 847 4759 robosco
893 4718 1040 4759 eum
1084 4718 1215 4758 non
1262 4694 1772 4760 abiudicandum
1819 4718 1962 4760 esse
2008 4696 2320 4776 arbitror,
2384 4718 2535 4759 nam
2579 4718 2706 4758 non
2766 4704 2937 4758 totus
2995 4693 3158 4759 liber

571 4795 761 4860 nobis
809 4805 1110 4861 servatus
1161 4796 1444 4878 videtur,
1491 4797 1609 4862 sed
1655 4818 1807 4882 pars
1854 4799 2171 4882 quaedam
2217 4800 2515 4883 quamvis
2574 4798 2880 4861 maxima.
2972 4795 3157 4876 Quae
