3664 5546
1559 414 1980 464 PRAEFATIO.
2716 417 3057 466 CLXXXVII

460 591 651 632 suam
700 566 1055 631 orationem
1103 567 1502 633 substituens
1548 567 1927 656 plerumque
1985 569 2269 634 sermoni
2313 580 2681 650 auctorum,
2741 595 2903 658 quos
2961 594 3057 637 se-

462 681 660 736 cutus
706 680 836 750 est,
882 692 1274 755 quamquam
1321 668 1650 734 interdum
1696 671 1893 736 etiam
1940 694 2023 736 ex
2068 671 2287 736 verbis
2335 671 2420 756 (e.
2451 694 2516 756 g.
2560 674 2783 752 ὁρᾶται
2813 698 2878 761 p.
2909 675 3056 755 348,

462 773 582 856 20)
638 773 1054 857 cognoscitur
1111 771 1548 836 Herodianus
1662 771 1836 838 Satis
1893 772 2157 857 quidem
2212 784 2436 836 notum
2507 783 2608 837 est
2675 776 3057 861 saepissime

464 874 920 939 Herodianum
966 895 1112 936 cum
1159 871 1505 960 Apollonio
1551 874 1894 938 concinere
1940 889 2004 939 et
2048 874 2226 955 inde,
2273 874 2445 961 quod
2490 877 2785 962 saepius,
2828 877 2947 942 ubi
2990 877 3058 941 in

467 1001 602 1041 uno
651 977 831 1040 fonte
877 975 1289 1039 Herodianus
1335 974 1608 1040 alicuius
1655 978 2046 1057 sententiae,
2095 976 2163 1039 in
2208 974 2411 1041 altero
2456 975 2843 1063 Apollonius
2891 980 3058 1044 eius-

466 1078 620 1141 dem
680 1085 905 1141 auctor
960 1077 1203 1141 dicitur
1250 1115 1322 1124 —-
1382 1100 1436 1141 e.
1486 1099 1549 1162 g.
1605 1078 1781 1164 quod
1835 1063 2139 1142 Eustath.
2193 1079 2341 1158 149,
2395 1079 2425 1141 l
2489 1078 2571 1142 de
2626 1082 2881 1146 δέδοικα
2936 1103 3055 1168 pro

470 1183 736 1246 δέδοιδα
779 1177 1262 1258 Herodianum,
1323 1179 1494 1242 idem
1539 1178 1863 1244 Choerob.
1908 1179 2035 1243 589
2090 1178 2511 1266 Apollonium
2569 1181 2785 1246 dicere
2841 1182 3054 1264 iubet3

467 1280 649 1368 quod
696 1280 775 1344 de
820 1282 1114 1348 Εὐξαντίε
1159 1279 1224 1343 in
1270 1280 1349 1343 E.
1383 1280 1472 1344 M.
1504 1280 1647 1361 494,
1695 1282 1779 1344 34
1823 1280 2237 1344 Herodianus
2291 1284 2359 1344 in
2404 1280 2568 1346 libro
2627 1287 2765 1362 περὶ
2810 1291 3058 1368 παθῶν,

466 1381 648 1446 idem
706 1382 772 1444 in
829 1381 1046 1445 Bekk.
1100 1382 1350 1446 Anecd.
1409 1383 1562 1463 850,
1617 1383 1756 1464 28,
1791 1383 1922 1448 An.
1978 1385 2102 1449 Ox.
2162 1382 2261 1447 IV
2316 1384 2438 1447 327
2498 1383 2887 1470 Apollonius
2945 1385 3057 1451 do-

470 1484 691 1548 cuisse
759 1482 1039 1547 traditur
1094 1521 1176 1530 --
1230 1484 1586 1548 coniectari
1651 1485 1802 1550 licet
1868 1483 2068 1548 multo
2135 1484 2542 1570 frequentius
2611 1509 2805 1571 quam
2870 1488 3059 1551 nobis

469 1584 806 1671 proditum
880 1596 980 1649 est
1048 1587 1319 1649 summis
1386 1587 1830 1668 grammaticis
1906 1585 2079 1649 idem
2155 1586 2498 1673 placuisse.
2626 1586 3061 1653 Nihilominus

468 1686 895 1772 cogitandum
927 1697 1026 1751 est
1071 1686 1154 1749 de
1199 1686 1421 1751 multis
1453 1687 1684 1768 rebus,
1732 1687 1845 1753 ubi
1892 1710 2247 1752 consensus
2280 1690 2485 1775 patris
2534 1688 2773 1775 tiliique
2819 1689 3060 1754 diserte

468 1813 602 1853 non
650 1788 929 1854 traditus
975 1798 1103 1869 est,
1163 1811 1272 1853 eos
1318 1787 1777 1875 discrepuisse.
1868 1790 1949 1854 In
2003 1791 2382 1854 universum
2440 1789 2781 1855 terendum
2838 1802 2939 1857 est
2995 1791 3061 1856 in

469 1890 690 1956 causis
759 1891 1333 1974 grammaticarum
1397 1889 1807 1976 quarundam
1876 1913 2091 1955 rerum
2156 1893 2577 1979 explorandis
2635 1891 3060 1979 Apollonium

469 1991 907 2072 subtiliorem,
954 1990 1402 2056 Herodianum
1447 1991 1806 2058 doctiorem
1839 2015 2016 2074 esse,
2064 1993 2244 2056 illum
2291 2017 2374 2058 ex
2403 1995 2635 2060 intima
2676 1994 2772 2058 rei
2803 2005 3060 2074 natura,

469 2095 646 2159 hunc
713 2116 796 2157 ex
860 2103 1156 2158 extrema
1218 2096 1436 2181 specie
1501 2104 1890 2179 argumenta
1957 2104 2208 2180 petere,
2276 2093 2459 2159 illum
2529 2095 3061 2182 philosophorum

470 2196 725 2261 ratione
791 2218 1013 2280 agere,
1074 2195 1244 2259 hunc
1309 2196 1769 2260 historicorum
1835 2196 1947 2261 via
2012 2195 2384 2282 procedere.
2490 2197 2711 2277 Quare
2768 2198 2824 2261 si
2882 2221 2939 2262 e.
2995 2220 3060 2282 g.

470 2297 966 2363 diiudicandum
1014 2306 1154 2378 est‚·
1190 2307 1336 2362 utra
1380 2321 1464 2362 ex
1494 2296 1750 2362 duabus
1785 2297 2126 2384 sententiis
2138 2344 2157 2378 ,
2202 2321 2369 2385 quae
2400 2322 2505 2384 ap.
2538 2299 3063 2364 Choeroboscum

473 2401 560 2465 de
617 2401 1040 2484 congruentia
1093 2399 1477 2464 nominativi
1532 2421 1678 2462 cum
1731 2399 2111 2464 accusativo
2168 2410 2233 2463 et
2287 2402 2576 2483 genetivi
2633 2424 2779 2466 cum
2836 2399 3064 2464 dativo

472 2504 542 2566 in
589 2523 853 2565 numero
912 2501 1090 2566 duali
1147 2510 1629 2587 proponuntur,
1678 2501 2071 2581 Herodiani,
2127 2510 2276 2566 utra
2333 2499 2669 2586 Apollonii
2713 2503 2830 2582 sit,
2890 2502 3061 2585 prio-

471 2627 614 2669 rem
669 2627 754 2668 ex
799 2603 1172 2688 significatu
1227 2601 1442 2667 dualis
1498 2602 1774 2688 petitam
1829 2601 2008 2682 huic,
2064 2602 2490 2688 posteriorem
2546 2602 2614 2665 in
2670 2624 2792 2666 usu
2850 2602 3062 2670 dualis

471 2715 627 2795 post
679 2704 996 2791 pluralem
1048 2704 1186 2768 nati
1243 2706 1523 2791 positam
1577 2701 1672 2767 illi
1728 2703 2087 2789 assignem,
2147 2704 2532 2791 praesertim
2589 2726 2789 2790 quum
2849 2701 3062 2768 Philo·

469 2832 717 2888 xenus,
764 2808 946 2872 cuius
994 2809 1253 2893 saepius
1300 2808 1667 2892 opinionem
1714 2803 2157 2891 amplectitur,
2205 2829 2346 2870 eam
2393 2808 2524 2870 iam
2580 2816 2731 2870 ante
2786 2828 3062 2891 pronun·

472 2912 769 2976 ciaverit.
832 2909 1088 2974 Deinde
1134 2932 1218 2973 ex
1260 2909 1402 2996 ipso
1436 2907 1889 2973 Choerobosco
1934 2908 2383 2992 cognoscimus
2429 2931 2577 2972 eum
2620 2908 2685 2972 in
2734 2930 2812 2971 ea
2858 2918 3061 2995 parte,

473 3034 646 3098 quae
665 3022 791 3075 ’est
836 3012 916 3075 de
961 3010 1364 3090 nominibus,
1411 3009 1693 3073 maxime
1739 3009 2114 3074 Herodiano
2158 3033 2346 3074 usum
2403 3031 2564 3075 esse.
2654 3010 2732 3074 In
2781 3010 3062 3074 Onoma-

475 3114 607 3178 tico
638 3114 808 3177 enim
841 3113 1227 3200 saepissime
1259 3112 1702 3176 Herodianum
1735 3110 2117 3176 nominatim
2150 3109 2402 3192 laudat,
2436 3133 2583 3175 raro
2616 3109 3062 3198 Apollonium,

476 3225 676 3300 atque
723 3215 922 3281 etiam
981 3213 1092 3279 ubi
1151 3237 1276 3277 non
1335 3215 1626 3278 nominat
1671 3213 2148 3293 Herodianum,
2208 3215 2345 3277 eius
2402 3213 2859 3279 Onomaticum
2916 3237 3063 3278 eum

476 3319 908 3403 exscripsisse
976 3314 1127 3378 inde
1192 3303 1494 3402 apparet,
1552 3315 1723 3402 quod
1781 3314 1892 3379 alii
1950 3324 2367 3403 excerptores
2425 3315 2669 3381 diserte
2724 3338 2867 3379 eam
2922 3338 3064 3379 sen-

477 3418 777 3497 tentiam,
845 3438 1037 3504 quam
1097 3416 1590 3483 Choeroboscus
1646 3415 1926 3505 profert,
1988 3415 2467 3482 Herodianeam
2526 3440 2669 3481 esse
2735 3417 3068 3483 affirmant

476 3544 534 3584 e.
581 3542 645 3603 g.
692 3519 863 3605 quod
910 3517 1229 3584 Choerob.
1279 3518 1359 3583 de
1403 3519 1708 3603 genetivo
1757 3520 2114 3607 Xaptissbtoc
2177 3528 2442 3605 propter
2502 3518 2891 3605 euphoniam
2950 3542 3066 3606 pro

477 3623 875 3702 Χαρύβδιδο(
912 3630 1224 3707 usurpato
1262 3631 1523 3686 auctore
1555 3621 1758 3685 tacito
1794 3620 2025 3700 habet,
2073 3621 2139 3685 id
2172 3620 2473 3684 Eustath.
2513 3620 2705 3701 1716,
2744 3621 2818 3684 18
2862 3620 3066 3684 Hero-

476 3724 745 3788 dianum
776 3722 1074 3787 docuisse
1106 3722 1326 3786 tradit.
1387 3722 1536 3786 Huc
1567 3722 1851 3803 accedit,
1898 3722 2071 3809 quod
2106 3721 2463 3787 Herodiani
2496 3722 2939 3806 fragmentum
2986 3723 3067 3787 de

475 3824 850 3889 nominibus
917 3824 984 3887 in
1049 3824 1177 3887 An.
1237 3825 1364 3889 Ox.
1420 3823 1520 3887 IV
1585 3824 1710 3887 333
1773 3814 1965 3888 mire‘
1999 3846 2147 3889 cum
2204 3823 2658 3889 Choerobosco
2724 3825 3065 3905 consentit,

476 3927 648 4013 quod
697 3928 1046 4012 scriptores
1095 3926 1177 3990 ad
1227 3925 1467 3990 formas
1515 3925 1851 3990 testandas
1898 3924 2077 3989 citati
2128 3923 2384 4010 plurimi
2431 3948 2607 3991 more
2652 3926 3066 3990 Herodianeo

478 4028 829 4092 laudantur
872 4026 1226 4113 iidemque,
1285 4027 1395 4112 qui
1442 4027 1638 4091 etiam
1684 4049 1724 4090 a
1763 4025 2092 4112 Stephano
2107 4076 2124 4108 ,
2173 4026 2452 4112 denique
2496 4026 2669 4113 quod
2727 4024 2931 4089 multa
2973 4027 3070 4089 ita

477 4151 629 4194 cum
672 4127 1041 4208 Catholica,
1088 4126 1302 4213 qualis
1361 4128 1443 4192 ab
1492 4128 1777 4192 Arcadio
1832 4139 1898 4193 et
1943 4127 2357 4211 Theognosto
2416 4137 2681 4192 servata
2734 4137 2862 4206 est,
2919 4149 3067 4191 con-

478 4240 750 4315 gruunt,
796 4240 868 4294 ut
914 4228 1252 4295 Catholica
1295 4253 1380 4294 ex
1426 4228 1869 4294 Choerobosci
1912 4230 2299 4295 Onomatico
2359 4229 2692 4294 emendari
2735 4229 2946 4314 possit
3002 4238 3066 4292 et

478 4340 732 4396 contra.
1611 4384 1670 4451 φ

651 4432 989 4498 Interdum
1053 4434 1169 4499 ubi
1225 4432 1580 4499 Theodosii
1638 4454 1953 4497 canonem
2009 4431 2508 4497 Choeroboscus
2577 4456 2647 4497 se
2703 4433 3066 4496 accuratius

480 4534 752 4600 definire
799 4535 1167 4621 profitetur,
1215 4558 1346 4600 non
1403 4535 1485 4599 ad
1542 4536 1710 4614 eiua,
1769 4533 1886 4597 sed
1943 4535 2027 4598 ad
2073 4534 2433 4600 Herodiani
2489 4544 2901 4622 praeceptum
2959 4531 3065 4595 de-

481 4634 792 4701 scendere
839 4635 1098 4699 videtur
1142 4646 1206 4701 et
1235 4636 1588 4701 Theodosii
1622 4657 1869 4700 canone
1916 4636 2328 4723 explanando
2377 4636 2535 4702 nihil
2582 4635 2759 4700 aliud
2806 4633 3067 4698 efficere

482 4738 608 4801 nisi
663 4748 738 4800 ut
795 4736 1276 4802 Herodianeam
1337 4737 1657 4823 regulam,
1717 4759 1913 4822 quam
1968 4736 2077 4801 ille
2134 4740 2391 4803 omissis
2450 4736 2946 4822 exceptionibus
3004 4746 3070 4799 et

480 4836 860 4903 auctoribus
930 4848 1377 4921 contraxerat,
1446 4840 1514 4903 in
1578 4861 1762 4903 suam
1825 4839 2103 4903 formam
2150 4841 2539 4923 ,restitueret
2594 4860 2649 4901 e.
2707 4859 2771 4920 g.
2828 4835 3064 4919 Choer.
