3664 5546
1162 367 1321 422 ΠΕΡΙ
1363 365 1755 421 ΚΑΘΟΛΙΚΗΕ
1791 365 2214 420 ΠΡΟΕΩιΔΙΑΕ
2262 365 2332 419 ΙΕ.
2917 364 3038 426 411

627 538 700 602 Αἱ
753 537 843 603 εἰς
885 541 971 603 Εἰ
1025 538 1128 603 καὶ
1173 541 1253 616 ῆῖ
1310 537 1553 613 γενικαὶ
1604 536 1869 616 θηλυκαὶ
1932 534 2064 601 ἀπὸ
2121 536 2235 615 μὲν
2298 533 2709 614 ὀξυνομένων
2775 534 3043 599 εὐθειῶν

460 642 562 704 καὶ
603 641 1106 718 περιςπωμένων
1150 644 1609 721 περιςπῶνται,
1663 639 1703 717 ἡ
1747 638 2000 719 φοβερά
2053 640 2164 716 τῆς
2209 639 2589 719 φοβερᾶς,
2645 637 2684 714 ἡ
2731 638 2888 714 καλή
2933 639 3044 713 τῆς

460 745 733 824 καλῆς,
797 740 964 806 ἀλλὰ
1016 742 1119 806 καὶ
1173 741 1403 819 Ἀθηνᾶ
1457 741 1774 819 Ἀθηνᾶς
1842 741 1944 804 καὶ
2009 742 2203 817 χρυςῆ
2261 740 2559 817 χρυςῆς.
2659 736 2724 801 αἱ
2781 739 2852 802 δὲ
2905 736 3036 802 ἀπὸ

462 843 835 923 βαρυτόνων
865 844 994 921 πρὸ
1040 846 1181 922 μιᾶς
1209 842 1426 920 ἔχουςι
1453 843 1571 907 τὸν
1601 842 1832 922 τόνον,
1880 841 2181 919 Μήδεια
2229 840 2605 922 Μηδείας,
2638 838 2777 904 ὁςία
2807 838 3040 904 όςίας.

458 945 535 1008 τὸ
581 948 752 1023 μιᾶς
795 946 1280 1024 περιςπώμενον
1325 943 1455 1008 ἀπὸ
1499 948 1616 1008 τοῦ
1662 944 1768 1022 μία
1800 942 2242 1023 βαρυνομένου
2270 942 2433 1006 Ἴωςί
2475 961 2641 1006 τινες
2685 940 3040 1007 ἀνατιθέαςι
3070 951 3103 1000 5

462 1046 563 1110 καὶ
606 1045 696 1111 ἔτι
742 1044 875 1112 ἀπὸ
919 1050 1035 1113 τοῦ
1077 1045 1146 1113 ἴα
1188 1046 1264 1114 τὸ
1311 1044 1443 1114 ἰᾶς.
1531 1044 1769 1128 ὁμοίως
1812 1046 1916 1113 καὶ
1959 1045 2073 1112 τὰς
2117 1044 2384 1114 δοτικὰς.

1086 1253 1280 1332 Περὶ
1321 1250 1561 1318 τόνου
1606 1252 2042 1330 τῆς’ἑνικῆς
2087 1254 2427 1328 δοτικῆς.

630 1389 813 1454 Πᾶςα
871 1390 1087 1467 δοτικὴ
1143 1389 1518 1467 διςύλλαβος
1585 1387 1673 1452 εἰς
1714 1390 1748 1449 ἶ
1805 1386 2309 1466 ἑκφωνούμενον
2368 1387 2677 1468 λήγουςα,
2743 1385 2914 1464 ἑνική
2977 1405 3045 1450 τε
3146 1453 3152 1464 ,

462 1491 565 1553 καὶ
607 1490 993 1569 πληθυντικὴ
1039 1488 1328 1557 ὀξύνεται
1374 1490 1552 1569 μηνί
1596 1490 1798 1570 μηςί,
1844 1489 2043 1568 φωτί
2087 1489 2296 1569 φωςί.

630 1591 839 1658 Πάλιν
883 1596 1014 1657 τῶν
1061 1590 1510 1675 ςυνῃρημένων
1563 1595 1834 1667 γενικῶν
1880 1589 1944 1654 αἱ
1988 1589 2230 1654 δοτικαὶ
2286 1590 2391 1654 διὰ
2433 1592 2549 1669 τὴν
2595 1588 2794 1667 αὐτὴν
2841 1588 3044 1654 αἰτίαν
3086 1599 3151 1649 lo

467 1693 883 1774 βαρύνονται,
930 1693 1083 1775 ἦρι,
1130 1696 1329 1772 κῆρι·
1374 1692 1466 1756 ἔτι
1497 1691 1628 1757 ἀπὸ
1661 1691 2074 1770 ςυναιρέςεώς
2120 1691 2229 1755 εἰςι
2260 1693 2336 1755 τὸ
2369 1692 2538 1755 Θέτιι
2570 1691 2746 1754 Θέτι
2794 1691 3045 1756 «πάντα

465 1793 611 1858 Θέτι
656 1796 1150 1886 καλλιπλοκάμῳ
1181 1793 1253 1877 (Ε
1281 1792 1465 1878 407),
1510 1794 1707 1873 μάςτιι
1754 1793 1971 1873 μάςτι
2022 1792 2239 1873 «μάςτι
2282 1791 2417 1860 αἰὲν
2449 1793 2722 1858 ἔλαυνε»
2756 1793 2843 1876 (Ψ
2871 1791 3046 1875 500),

467 1951 594 1958 —---

602 2052 807 2101 1.1-6
850 2052 930 2105 Ιο
966 2052 1055 2102 Al.
1095 2054 1184 2114 10,
1223 2055 1442 2107 27-34.
1512 2051 1780 2103 Arcadius
1818 2054 1932 2115 128,
1969 2054 2000 2102 8
2045 2051 2113 2102 τὸ
2160 2050 2220 2102 δὲ
2264 2049 2321 2101 ἴα
2361 2048 2443 2101 ίᾶς
2490 2050 2580 2101 καὶ
2626 2049 2720 2113 μία
2767 2052 2890 2113 μιᾶς
2935 2050 3046 2101 δια-

465 2123 629 2183 φορεῖ
667 2118 808 2170 κατὰ
843 2118 948 2170 τόν
983 2117 1156 2171 τόνον
1194 2118 1305 2171 ἔθει
1345 2118 1571 2185 Ἰωνικῷ
1608 2119 1699 2170 καΙ
1738 2118 1800 2170 ἐν
1836 2122 1907 2184 τῇ
1945 2119 2136 2184 δοτικῇ
2176 2117 2231 2236 12
2268 2118 2356 2169 καὶ
2396 2121 2505 2184 μιᾷ
2551 2119 2697 2169 πᾶςα
2721 2117 2826 2182 γὰρ
2852 2118 3045 2181 γενικὴ

464 2186 554 2237 καί
592 2187 784 2250 δοτικὴ
825 2185 1357 2251 μακροκατάληκτος
1394 2187 1486 2238 ἐπὶ
1522 2186 1722 2239 τέλους
1769 2186 1968 2249 ἔχουςα
2004 2187 2110 2238 τὸν
2153 2201 2188 2235 τ
2226 2201 2328 2237 νον
2374 2187 2720 2250 περιςπᾶται.
2757 2213 2823 2221 -
2859 2186 2925 2235 11.
2962 2186 3044 2235 Pr.

462 2253 508 2307 Z
551 2258 675 2305 422:
724 2252 791 2321 ίῳ
838 2254 916 2306 ὡς
962 2259 1124 2321 ςοφῷ
1176 2253 1527 2319 Ἀρίςταρχος
1574 2255 1662 2306 καί
1693 2253 2091 2335 ἐπεκράτηςεν
2135 2253 2311 2304 αὐτοῦ
2366 2253 2402 2314 ἡ
2458 2252 2784 2315 ἀνάγνωςις.
2864 2252 3047 2304 ἐκεῖνο

466 2322 655 2385 μέντοι
701 2305 1006 2384 ἀναγκαῖον
1052 2325 1399 2386 προςθεῖναι,
1447 2322 1534 2373 ὅτι
1578 2321 1646 2373 τὸ
1693 2320 1751 2373 ἴα
1798 2320 2124 2385 βαρυτόνως
2169 2319 2391 2383 ἀνέγνω
2439 2321 2470 2372 ό
2511 2319 2652 2385 ἀνὴρ
2699 2321 2788 2371 καί
2834 2321 2903 2372 τὸ
2952 2319 3047 2381 μία

462 2389 636 2441 «οὐδ’
679 2388 735 2440 {a
779 2392 996 2454 γῆρυς»
1040 2389 1135 2452 (ΙΙ.
1182 2390 1232 2441 Δ
1276 2391 1400 2454 43¹7>
1449 2390 1538 2440 καί
1575 2387 1710 2451 «μία
1755 2387 1813 2440 δ
1858 2387 1949 2454 οἴη
1961 2403 1991 2440 »
2038 2389 2123 2452 (ΙΙ.
2171 2386 2210 2440 Ε
2247 2390 2392 2450 6455)·
2437 2387 2539 2440 τὰς
2586 2387 2778 2450 μέντοι
2823 2388 3046 2440 δοτικὰς

464 2455 831 2585 z‘fif’ss‘ffi?
875 2456 980 2576 ⁴23
1020 2455 1668 2586 Qffifflfflssofflaeg
1706 2404 2345 2575 fflmv4'2'1‘301‘0‘2‘533<
2374 2454 3047 2586 δὸέὲτέἷέτὲαῖέίῖῗέιῗ

465 2589 608 2642 αὐτὸ
656 2590 940 2654 Ἀττικόν,
990 2589 1140 2652 λέγω
1187 2590 1247 2642 δὲ
1290 2590 1361 2641 τὸ
1407 2590 1499 2643 ἑπΙ
1546 2592 1667 2642 τῶν
1711 2590 1993 2642 τοιούτων
2038 2591 2305 2657 θηλυκῶν
2351 2592 2687 2654 καταβιβαςμ
2726 2605 2759 2640 ν
2802 2588 3048 2654 γίνεςθαι

464 2657 659 2710 τόνου·
699 2658 886 2710 οὕτως
922 2656 1026 2710 οὖν
1064 2658 1153 2709 καί
1189 2657 1429 2741 «μέςην
1442 2657 1499 2710 ἐς
1535 2657 1775 2720 ἄγυιαν»
1812 2659 1899 2719 (11.
1925 2658 1973 2712 Υ
1998 2661 2117 2718 254)
2156 2657 2402 2720 ἀνέγνω
2441 2658 2812 2721 «ἐϋκτιμένας
2838 2658 2899 2710 δὲ
2926 2659 3050 2710 κατ’

465 2723 701 2788 ἀγυιάς»
737 2726 899 2789 (391).
974 2725 1191 2792 μήποτ’
1227 2724 1358 2790 οὖν,
1397 2725 1521 2778 ἐπεί
1559 2727 1648 2777 καί
1684 2725 1752 2777 τὸ
1791 2724 1846 2809 ἰῆ
1885 2725 1977 2778 ἐπὶ
2022 2728 2123 2792 τῆς
2161 2726 2384 2791 δοτικῆς
2431 2726 2789 2792 περιέςπαςε,
2830 2729 3047 2780 ςυνεξο-

467 2796 645 2858 μοιῶν
678 2797 765 2859 τῷ
801 2797 905 2845 τοῦ
944 2795 1190 2859 θηλυκοῦ
1235 2793 1390 2860 τόνῳ
1439 2794 1581 2845 κατὰ
1622 2794 1730 2859 τὴν
1775 2777 1959 2860 αυτὴν
2004 2797 2220 2847 πτῶςιν
2264 2795 2352 2845 καί
2398 2796 2469 2847 τὸ
2513 2794 2816 2859 οὐδέτερον
2860 2795 3047 2848 οὕτως

465 2859 686 2944 ἀνέγνω
725 2860 1035 2925 ὁμοτόνως.
1105 2862 1162 2913 Π
1201 2866 1296 2913 173
1331 2861 1400 2912 τὸ
1439 2861 1524 2928 ἰῆς
1559 2864 1865 2926 περιςπῶςι
1902 2862 1993 2913 καί
2028 2861 2097 2913 τὸ
2136 2862 2233 2928 «ἰῇ
2272 2862 2335 2913 ἐν
2370 2864 2529 2914 νυκτὶ
2566 2863 2844 2925 γένοντο»
2882 2863 2969 2927 (11.
3008 2861 3046 2917 C

462 2931 586 2993 251)
612 2928 715 2981 ούκ
751 2928 1078 2981 ἀκολούθως
1105 2926 1292 2995 εὐθείᾳ
1316 2932 1388 2995 τῇ
1413 2929 1471 2982 ἴα
1496 2929 1864 2995 βαρυνομένη.
1910 2930 2020 2981 «οὐ
2046 2929 2151 2994 γὰρ
2179 2928 2414 2982 πάντων
2439 2930 2543 2993 ἦεν
2569 2930 2709 2991 ὁμὸς
2735 2931 2921 3001 θρόος
2928 2931 3050 2982 οὐδ’

463 2994 521 3048 ἴα
556 2999 774 3061 γῆρυς»
810 2995 897 3062 (ΙΙ.
936 2996 987 3049 Δ
1020 2997 1161 3061 437).
1230 2999 1333 3063 Ep.
1371 2999 1458 3049 Cr.
1493 3000 1520 3049 1
1559 3001 1671 3057 134,
1714 3001 1800 3048 16:
1838 2996 1896 3048 ἴα
1933 2996 2028 3062 μία
2075 2995 2320 3049 κλίνεται
2367 3000 2490 3060 μιᾶς
2536 2996 2642 3049 ίᾶς·
2690 2997 2802 3061 ἔχει
2839 2982 2921 3049 δὲ
2939 2998 3046 3049 Ἰω-

463 3064 627 3129 νικὴν
662 3063 844 3128 τάςιν,
882 3064 1074 3129 ἐπειδὴ
1114 3063 1305 3116 κανών
1342 3064 1490 3117 ἐςτιν
1527 3064 1559 3117 ὁ
1596 3065 1803 3128 λέγων·
1844 3013 1970 3117 ἐπίμ
1973 3068 2094 3117 τῶν
2131 3065 2209 3117 είς
2254 3070 2290 3118 ἃ
2326 3065 2878 3131 βραχυκαταλήκτων
2924 3065 3047 3118 είώ-

466 3134 621 3184 θαειν
657 3130 710 3184 οἱ
745 3131 934 3185 Ἴωνες
981 3132 1240 3197 βαρύνειν
1284 3133 1386 3185 τὰς
1434 3133 1606 3185 λέξεις
1656 3132 1734 3185 ὡς
1780 3133 1871 3184 καί
1914 3133 2074 3196 ἡμεῖς
2112 3131 2236 3186 οἷον
2285 3134 2505 3198 ὅργυια,
2543 3132 2733 3195 ἄγυια,
2771 3132 3046 3186 Πλάταια.

464 3200 731 3252 Θέςπεια·
769 3200 910 3252 ὅταν
945 3200 1007 3252 δὲ
1042 3200 1273 3266 γένηται
1308 3200 1344 3263 ἠ
1383 3199 1680 3253 τελευταία
1707 3201 1950 3265 ςυλλαβὴ
1989 3200 2195 3266 μακρά,
2237 3201 2462 3267 Ἰωνικῷ
2489 3201 2600 3252 ἔθει
2627 3199 3047 3269 καταβιβάζεται

466 3268 498 3319 ό
534 3266 701 3319 τόνος
740 3266 863 3320 οἷον
899 3267 1062 3331 ἀγυιά
1097 3267 1294 3333 ὀργυιά
1331 3268 1588 3323 Θεςπειά.
1655 3271 1831 3320 τοῦτο
1877 3268 1980 3320 οὖν
2027 3268 2174 3321 ἐςτιν
2213 3268 2508 3335 εἰρημένον
2544 3272 2629 3334 τῷ
2665 3273 2922 3335 τεχνικῷ.
2977 3269 3046 3320 τὸ

468 3338 591 3398 μιᾶς
626 3335 732 3400 γὰρ
770 3335 860 3386 καί
898 3334 1002 3387 Ιᾶς·
1042 3335 1234 3401 ἐπειδὴ
1280 3336 1386 3400 γὰρ
1421 3337 1491 3388 τὸ
1527 3336 1583 3388 ἴα
1621 3336 1711 3387 καί
1748 3334 1843 3400 μία
1880 3336 1942 3387 ἐν
1979 3340 2049 3401 τῇ
2095 3341 2287 3403 γενικῆ
2336 3337 2424 3389 καί
2470 3338 2661 3402 δοτικῇ
2701 3351 3047 3401 μακροκατα-

467 3403 536 3466 λη
541 3406 685 3465 κτεῖ,
731 3402 940 3454 τούτου
977 3402 1135 3468 χάριν
1179 3407 1264 3470 τῷ
1304 3404 1530 3470 Ἰωνικῷ
1577 3404 1690 3456 ἔθει
1736 3403 2156 3467 καταβιβάζεται
2202 3405 2234 3455 ό
2280 3404 2462 3456 τόνος.
2535 3406 2624 3455 καὶ
2670 3404 3046 3470 περιεςπάςθη

465 3467 589 3522 οἷον
628 3469 709 3521 ίᾱς
749 3469 802 3535 {Q
839 3473 962 3533 μιᾶς
1000 3475 1121 3537 μιᾷ,
1159 3471 1292 3523 ὅθεν
1327 3473 1419 3524 καί
1464 3472 1499 3535 ή
1547 3471 1851 3537 αἰτιατική,
1900 3471 2023 3523 ἐπεὶ
2070 3472 2173 3523 οὐκ
2218 3472 2447 3535 ἐγένετο
2494 3471 3045 3537 μακροκατάληκτος,

465 3537 533 3589 οὐ
572 3522 918 3601 καταβιβάζει
952 3538 1058 3590 τὸν
1093 3539 1294 3603 τόνον,
1340 3539 1483 3591 ἀλλὰ
1519 3540 1894 3604 παροξύνεται
1940 3537 2150 3603 ὁμοίως
2196 3544 2267 3606 τῇ
2316 3537 2518 3605 εὐθείᾳ.
2591 3543 2659 3591 ef.
2680 3539 2892 3592 ‘choen
2927 3544 3047 3601 405,

469 3608 531 3656 19
569 3621 721 3670 seqq.
760 3611 816 3655 et
851 3607 1029 3657 Lehrs
1063 3608 1231 3658 Arist.
1268 3611 1369 3659 298
1407 3607 1991 3672 (ed.11).1.8-11
2031 3608 2120 3672 ἦρι
2159 3610 2283 3673 κῆρι
2318 3625 2385 3659 ex
2423 3612 2498 3659 Ιο.
2537 3608 2620 3658 Al.
2658 3611 2739 3671 10,
2775 3611 2858 3672 36,
2897 3608 3044 3674 apud

466 3690 627 3738 quem
672 3679 979 3738 corruptum
1025 3680 1109 3725 est
1143 3679 1176 3726 ἶ
1213 3674 1617 3739 ἑκφωνήεντος
1661 3692 1757 3741 pro
1792 3677 1826 3725 ῖ
1864 3673 2330 3740 έκφωνούμενοικ
2381 3677 2449 3726 de
2486 3677 2777 3740 oxytonesi
2823 3675 3048 3740 bisylla-

464 3741 655 3791 borum
691 3743 1068 3805 genetivortuu
1103 3745 1162 3793 in
1195 3746 1228 3793 ῖ
1267 3750 1578 3809 correptum
1616 3744 1934 3794 exeuntium
1970 3745 2089 3808 agit
2125 3745 2326 3795 Herod.
2360 3746 2419 3793 in
2452 3744 2518 3796 Il.
2554 3746 2643 3794 Pr.
2689 3764 2722 3773 -
2765 3745 2891 3794 387:
2928 3743 3043 3794 δαῑῑ

469 3806 881 3872 Ἀςκαλωνίτης
918 3808 1142 3872 βαρύνει
1179 3808 1258 3862 ὡς
1287 3810 1453 3874 Θέτι,
1493 3810 1546 3862 οί
1582 3810 1643 3862 δὲ
1680 3808 1910 3862 πλείους
1956 3810 2034 3861 ώς
2070 3809 2237 3875 φλεβί
2284 3811 2597 3873 ὀξύνουςῑν,
2644 3809 2729 3862 οἷς
2776 3826 3047 3874 ςυγκατα-
3068 3865 3079 3868 ,

465 3873 697 3939 τίθεμαι.
769 3875 818 3927 εί
855 3875 956 3938 μὲν
992 3876 1097 3941 γὰρ
1134 3879 1204 3941 ἥν
1240 3878 1275 3940 ἡ
1316 3877 1530 3941 εὐθεῖα,
1569 3877 1648 3930 ὼε
1684 3876 1860 3930 οἴεται
1907 3879 1938 3929 ό
1978 3877 2415 3943 Ἀςκαλωνίτης,
2465 3877 2584 3929 δάϊε
2630 3877 2708 3928 ὡς
2746 3877 2907 3930 Θέτις
2956 3880 3046 3941 βα-

464 3943 745 4009 ρυνομένη
794 3944 882 3994 καί
930 3943 1008 3995 ὡς
1046 3944 1274 3996 «πάντα
1319 3946 1451 3997 Θέτι
1496 3945 1980 4012 καλλιπλοκάμῳ»
2017 3947 2105 4009 (Il.
2143 3946 2181 4000 C
2216 3948 2368 4009 407),
2415 3946 2607 4006 οὕτως
2648 3945 2762 4008 δάι’,
2812 3949 3047 4010 πρῶτον

466 4010 804 4063 ἐκτείνεεθαι
847 4010 1029 4075 δεήςει
1081 4014 1151 4063 τὸ
1189 4017 1247 4064 ἶ·
1302 4014 1570 4077 δεύτερον
1607 4013 1789 4066 ἐκεῖνο
1838 4014 2064 4080 ὁρῶμεν
2111 3984 2569 4076 ἐναντιούμενον
2616 4013 2686 4063 τὰ
2730 4012 2836 4077 γὰρ
2882 4012 2959 4064 εἰς
2999 4018 3047 4065 ι“ς

466 4078 718 4142 λήγοντα
770 4079 1019 4144 καθαρὸν
1072 4080 1312 4145 θηλυκά,
1370 4080 1480 4132 εἶτ’
1524 4080 1680 4148 ἄλλῳ
1736 4079 1851 4133 εἴτε
1904 4082 1996 4134 καί
2040 4086 2124 4146 τῳ
2171 4086 2206 4133 ἃ
2253 4082 2439 4146 παραλ
2480 4079 2718 4143 γόμενα,
2774 4079 2841 4130 ού
2895 4080 3047 4144 φιλεῖ

466 4147 820 4211 βαρύνεςθαι,
858 4146 1195 4198 τούναντίον
1231 4148 1292 4200 δὲ
1328 4148 1614 4200 όξύνεςθαι
1653 4178 1715 4185 -
1754 4151 1786 4201 ό
1823 4150 1884 4201 δὲ
1921 4149 2089 4210 λόγος
2136 4148 2227 4200 ἐπὶ
2274 4151 2395 4199 τῶν
2434 4096 2801 4211 ιἓλληνικιιῑιν,
2837 4145 2931 4198 ἵνα
2972 4147 3046 4212 μή

463 4228 547 4267 τις
592 4214 661 4265 τὸ
708 4214 846 4266 Ξόῖς
895 4215 928 4279 ἢ
975 4213 1104 4268 Εάϊς
1150 4214 1347 4282 ἀντιθῇ
1395 4215 1621 4279 κείμενα
1667 4218 1812 4282 παρ’
1848 4216 2157 4282 Ἡροδότῳ·
2214 4214 2337 4267 οἷον
2383 4215 2592 4279 Θηβαΐς
2628 4185 2866 4278 Δαναῗς,
2914 4215 3048 4267 Λαΐς

464 4282 616 4334 Θαῒς.
687 4282 875 4334 οὕτως
913 4281 947 4333 ἄ
1055 4283 1189 4335 δαῖς.
1261 4285 1432 4365 χωρΙς
1469 4283 1517 4335 εί
1555 4285 1628 4348 μὴ
1666 4285 1820 4347 λέγοι
1856 4299 1939 4336 τις
1975 4286 2150 4336 τοῦτο
2197 4284 2663 4347 βεβαρυτονῆςθαι
2711 4282 2854 4346 πρὸς
2898 4281 3046 4334 ἀντι-

465 4350 764 4415 διαςτολὴν
799 4354 902 4401 τοῦ
976 4350 1310 4413 ξυνομένου,
1349 4351 1538 4415 ὥςπερ
1575 4353 1665 4404 καί
1700 4351 1769 4403 τὸ
1806 4350 1978 4416 ἀκρίς.
2048 4350 2281 4415 ἄμεινόν
2328 4350 2477 4402 ἐςτιν
2523 4350 2706 4401 ἐκεῖνο
2728 4350 2930 4412 -λὲγειν
2966 4350 3045 4403 ὡς

468 4418 555 4469 ὅτι
591 4417 705 4471 εἴτε
743 4418 859 4469 ἀπὸ
904 4421 1006 4483 τῆς
1052 4416 1172 4470 δάῖς
1218 4419 1599 4496 βαρυνομένης
1646 4418 1759 4471 εἴτε
1810 4418 2154 4484 ὁξυνομένης
2200 4419 2235 4482 ἡ
2284 4417 2624 4483 προκειμένη
2671 4418 2786 4469 ἐςτί
2831 4417 3044 4483 δοτική,

467 4485 683 4548 ὀφείλει
719 4486 1007 4539 ὀξύνεςθαι
1042 4490 1128 4552 τῶ
1165 4485 1265 4539 τὰς
1304 4486 1380 4538 είς
1419 4491 1449 4538 ἰ
1486 4487 1931 4552 ςυνεςταλμένον
1968 4487 2244 4552 ληγούςας
2282 4486 2505 4538 δοτικὰς
2551 4486 2640 4536 καὶ
2687 4486 2761 4550 μὴ
2800 4487 3044 4538 ςυναλει-

467 4551 694 4615 φθείςας
743 4554 843 4606 ἐπ’
878 4554 1183 4618 ὀνομάτων
1227 4548 1514 4619 ἀρςενικάς
1557 4570 1620 4607 τε
1668 4556 1759 4607 καί
1804 4556 2050 4622 θηλυκὰς
2096 4554 2408 4616 ὀξύνεςθαι,
2459 4552 2616 4619 μηνί,
2664 4552 2814 4617 χηνί
2864 4554 3044 4618 ταύτῃ

469 4622 556 4670 καί
592 4621 715 4679 λιτί.
785 4622 941 4674 οὕτω
978 4624 1070 4674 καί
1116 4622 1152 4685 ἠ
1191 4623 1308 4687 δἀῑ,
1359 4621 1473 4675 εἴτε
1520 4622 1907 4675 ἀποκέκοπται
1953 4622 2067 4675 εἴτε
2115 4623 2512 4686 ςυγκέκοπται,
2559 4620 3046 4687 όξυτονηθήςεται.

469 4688 536 4737 de
572 4692 696 4754 κῆρι
680 4690 797 4745 ι11
835 4692 923 4741 Pr.
960 4690 1011 4743 Δ
1045 4693 1136 4741 46:
1174 4694 1298 4755 κῆρι
1334 4693 1806 4755 προπεριςπᾶται,
1847 4691 1909 4743 ἑκ
1944 4691 2050 4756 γὰρ
2074 4694 2178 4743 τοῦ
2206 4690 2358 4755 κέαρι
2385 4690 2761 4755 ςυνήλειπται.
2919 4691 2952 4741 1.
2985 4695 3040 4741 11

467 4755 593 4887 igni?
631 4759 711 4875 lag>
757 4758 839 4809 ἔτι
883 4757 997 4817 ἀπὸ
1042 4758 1403 4822 ςυναιρέςεώς
1449 4758 1561 4813 ἐετι
1608 4788 1670 4796 -
1719 4777 1770 4826 p.
1808 4763 1908 4810 412
1956 4760 1989 4811 Ι.
2027 4763 2058 4809 6
2105 4776 2171 4810 ex
2220 4760 2707 4821 Choer.41‘1,ll
2758 4759 2832 4809 cf.
2879 4759 3045 4813 etiam
