3664 5546
595 349 724 414 264
1534 348 1616 402 εκ
1654 347 1793 402 τςιΝ
1837 347 2246 402 ΗΡΩΔιΑΝοΥ

598 509 899 601 μέμνηται
949 504 1259 585 Μνάςέας.
1347 519 1720 598 Ὄλουρα·
1778 519 2084 598 μέμνηται
2130 518 2596 598 Ἐρατοςθένης.
2684 518 3033 600 Αἴβουρα
3076 521 3195 585 πό-

601 624 696 686 λις
742 621 1001 701 Ἰβηρίας
1048 622 1138 685 ὡς
1184 621 1484 701 (τράβων
1529 619 1598 702 (3
1644 642 1708 705 p.
1761 619 1927 702 140).
2015 620 2485 699 Παναίουρα
2539 621 2727 686 πόλις
2772 621 2994 700 Ἰνδικὴ
3050 624 3198 701 περὶ

597 724 713 789 τὸν
761 724 962 788 Ἰνδὸν
1005 722 1318 801 ποταμόν.
1413 723 1822 802 Χέρρουρα
1867 722 2054 786 πόλις
2084 720 2346 804 Λιβύης,
2396 722 2486 787 ὡς
2515 722 2931 801 Ἀλέξανδρος
2977 723 3047 787 ἐν
3090 724 3194 788 Λι-

599 829 809 904 βυκῶν
852 824 1043 908 τρίτῳ
1092 824 1347 905 «ἔχεται
1408 825 1798 903 χερρόνηςος
1856 822 2066 903 ὄνομα
2111 824 2446 903 Χέρρουρα
2463 847 2507 887 ».
2601 824 2966 903 Κύνουρα
3008 826 3196 890 πόλις

534 937 567 987 5
596 927 874 1004 Ἄργους
939 924 1070 991 ἀπὸ
1122 927 1436 1005 Κινούρου
1502 926 1733 990 παιδὸς
1776 926 2093 1004 Περςέως.
2180 926 2546 991 Παυςανίας
2611 926 2800 1010 τρίτῳ
2856 928 2937 1009 (ο.
2983 925 3059 1008 2,
3106 926 3194 1008 2).

596 1028 1052 1106 Λυκόςουρα
1116 1028 1304 1093 πόλις
1359 1028 1688 1106 Ἀρκαδίας
1756 1026 1861 1091 ἐπὶ
1929 1033 2021 1110 τῷ
2079 1028 2322 1111 Λυκείῳ
2379 1028 2532 1107 ὄρει.
2633 1028 3198 1109 Ῥινοκόρουρα

597 1130 785 1194 πόλις
840 1130 1163 1206 Αἰγύπτου
1225 1128 1396 1194 «ἀπὸ
1451 1134 1583 1194 τῶν
1640 1127 2097 1213 εἰςῳκιςμένων
2164 1129 2295 1194 ἐκεῖ
2348 1130 2424 1195 τὸ
2494 1131 2774 1195 παλαιὸν
2831 1129 3195 1210 ἀνθρώπων

596 1230 711 1296 τὰς
755 1231 936 1310 ῥῖνας
981 1230 1592 1310 ἀκρωτηριαςμένων
1650 1229 1823 1295 οὕτω
1889 1230 2311 1325 καλουμένη».
2402 1232 2941 1310 Βαλβέρουρα·
2989 1232 3197 1298 οὕτως

597 1333 766 1398 τινές
809 1333 1070 1412 Ἰνδικὴν
1115 1334 1307 1398 πόλιν
1354 1333 1614 1413 Ἰβηρίας
1660 1332 1885 1415 φαςίν,
1933 1333 2077 1411 μεθ’
2123 1332 2215 1398 ὧν
2263 1334 2365 1397 καὶ
2408 1333 2756 1412 δίφουρα
2799 1334 2838 1411 ἡ
2882 1336 3152 1415 γέφυρα.

496 1442 564 1494 10
767 1434 862 1498 Τὰ
917 1434 1006 1498 εἰς
1059 1438 1143 1512 βᾶ
1197 1438 1520 1513 μονογενῆ
1579 1435 1720 1514 μετ’
1778 1434 2129 1513 ἐπιπλοκῆς
2194 1435 2545 1514 ςυμφώνου
2613 1437 3037 1513 παροξύνεται
3095 1438 3198 1501 καὶ

601 1536 844 1616 μακρὸν
889 1534 1021 1615 ἔχει
1065 1537 1142 1599 τὸ
1187 1538 1261 1618 ἆ,
1309 1534 1534 1614 ὕδρα·
1590 1535 1717 1601 ἔςτι
1773 1538 1876 1600 καὶ
1928 1539 2122 1615 νῆςος
2166 1536 2396 1616 Λιβύης
2453 1538 2599 1615 περὶ
2648 1538 3055 1621 Καρχηδόνα,
3106 1540 3197 1603 ὡς

596 1638 882 1716 Ἔφορος
926 1637 1210 1720 πέμπτῳ.
1257 1638 1538 1715 πέτρα·
1580 1636 1705 1701 ἔςτι
1737 1639 1841 1701 καὶ
1883 1639 2071 1702 πόλις
2115 1637 2553 1716 Παλαιςτίνης.
2621 1638 2903 1722 λέπρα,
2950 1641 3195 1720 ῥήτρα

598 1739 636 1815 ἡ
683 1738 954 1816 ςυνθήκη
1002 1736 1211 1802 «ἀλλά
1254 1758 1327 1813 γε
1371 1742 1489 1803 νῦν
1537 1738 1775 1817 ῥήτρην
1818 1739 2251 1818 ποιηςόμεθα»
2301 1740 2361 1820 (ξ
2391 1737 2561 1821 393).
2617 1742 3009 1826 φαρέτρα,
3055 1744 3190 1819 γά-

600 1859 813 1923 ετρα,
859 1839 1145 1921 μήτρα,
1190 1838 1536 1921 φρήτρα,
1582 1840 1894 1919 φράτρα
1923 1839 2348 1921 καὶφάτρα,
2394 1839 2622 1919 μίτρα
2665 1841 2703 1918 ἢ
2749 1844 2948 1922 ζώνη·
2994 1845 3191 1924 Ὅμη-

497 1948 562 2000 15
600 1960 713 2018 ρος
759 1940 1016 2019 «μίτρης
1061 1941 1128 2004 θ’
1171 1942 1250 2019 ἣν
1283 1939 1588 2020 ἐφόρειν»
1634 1942 1726 2023 (Δ
1763 1940 1944 2024 137),
1977 1942 2225 2023 λίτρα,
2256 1941 2535 2023 χύτρα,
2567 1940 2831 2025 αἴθρα,
2875 1945 3191 2029 ξύςτρα,

598 2042 917 2124 μύςτρα,
962 2043 1370 2125 ποτίςτρα,
1416 2043 1954 2125 κολυμβήθρα,
2001 2043 2408 2125 Ἠλέκτρα,
2453 2042 2902 2124 καλύπτρα,
2950 2048 3190 2125 χαρά-

599 2148 768 2221 δρα·
813 2143 941 2208 ἔςτι
987 2144 1087 2207 καὶ
1129 2144 1318 2208 πόλις
1362 2144 1654 2209 Φωκίδος
1711 2145 1790 2209 οὐ
1849 2144 2074 2222 πόρρω
2119 2144 2391 2209 Λιλαίας.
2478 2145 2715 2224 ’Ἀρρα
2768 2145 2955 2210 πόλις
3001 2147 3189 2211 Ἰλλυ-

599 2245 755 2323 ρική.
842 2246 969 2310 Ἄτ
983 2265 1108 2323 ραι
1151 2246 1339 2311 πόλις
1384 2247 1614 2326 μεταξὺ
1662 2246 2006 2325 Εὐφράτου
2052 2247 2152 2309 καὶ
2195 2245 2535 2324 Πίγρητος.
2625 2246 2958 2324 Ἀρριανὸς
3000 2247 3189 2311 ἑπτα-

597 2346 947 2431 καιδεκάτῳ
1001 2348 1360 2426 Παρθικῶν.
1463 2349 1696 2426 Ἐγρα
1762 2347 1951 2412 πόλις
2006 2347 2295 2426 Ἀραβίας
2359 2349 2522 2426 πρὸς
2581 2348 2896 2430 Ἀϊλανίτῃ
2950 2349 3189 2433 κόλπῳ.

498 2456 566 2509 20
602 2443 897 2526 Βόςτρα
965 2449 1154 2513 πόλις
1220 2449 1526 2529 Ἀραβίας.
1637 2450 1888 2525 λέγεται
1965 2449 2068 2513 καὶ
2135 2448 2508 2527 οὐδετέρως.
2619 2449 2936 2528 Θύμβρα
3007 2451 3194 2515 πόλις

599 2549 908 2628 Τρωάδος
952 2551 1309 2628 Δαρδάνου
1356 2551 1574 2629 κτίςμα
1618 2550 1750 2616 ἀπὸ
1782 2551 2100 2630 θύμβρου
2146 2550 2343 2630 φίλου
2387 2551 2603 2615 αὐτοῦ.
2667 2551 2706 2613 Γ
2718 2551 2862 2627 άγγ
2877 2572 2969 2629 ρα
3011 2553 3197 2616 πόλις

604 2650 1088 2730 Παφλαγονίας.
1146 2653 1563 2731 Ἀλέξανδρος
1608 2651 1679 2717 ἐν
1723 2658 1816 2734 τῷ
1859 2653 2007 2730 περὶ
2050 2652 2519 2732 Παφλαγονίας
2568 2651 3028 2730 «Νικόςτρατός
3072 2675 3195 2733 φη-

604 2773 698 2818 ςιν
740 2750 1016 2819 αἰπόλον
1059 2755 1274 2834 νέμειν
1324 2754 1471 2832 περὶ
1518 2754 1673 2818 τοὺς
1710 2753 1958 2819 τόπους
1995 2751 2199 2830 αἶγας.
2257 2753 2402 2833 μίαν
2445 2754 2516 2819 δὲ
2550 2755 2987 2834 χωριζομένην
3020 2753 3199 2837 ἰδών,

601 2853 870 2933 ἀπορῶν
917 2854 955 2919 ὁ
1001 2854 1304 2938 αἰπόλος,
1350 2855 1447 2920 ὅτι
1492 2856 1563 2920 ἐν
1610 2858 1724 2935 μὲν
1769 2862 1861 2940 τῷ
1904 2855 2062 2940 οἴκῳ
2093 2855 2284 2921 ἐνδεᾶ
2328 2855 2647 2939 εὕριςκεν,
2692 2856 2797 2920 ἐπὶ
2839 2861 2950 2936 τῆς
2992 2861 3196 2935 νομῆς

497 2966 563 3016 25
601 2959 672 3021 δὲ
716 2957 960 3039 πλήρη,
1010 2945 1401 3036 ὡμολόγηςε
1427 2964 1519 3042 τῷ
1564 2957 1857 3040 δεςπότῃ.
1946 2956 1984 3021 ὁ
2041 2958 2108 3021 δ’
2153 2958 2281 3038 ἔφη
2339 2957 2702 3046 έπιτηρῆςαι
2755 2958 2873 3034 τὴν
2927 2963 3196 3036 χωριζο-

603 3060 815 3139 μένην.
905 3057 1280 3136 ἐπιτηρήςας
1325 3057 1445 3123 οὖν
1477 3058 1652 3123 εἶδεν
1696 3058 1798 3123 ἐπί
1841 3079 1984 3123 τινα
2029 3059 2286 3137 ὑψηλὸν
2333 3056 2533 3135 ὄχθον
2578 3056 3049 3136 ἀναβαίνουςαν
3095 3060 3199 3123 καὶ
3275 3115 3281 3120 .

601 3161 769 3239 πρός
813 3179 957 3224 τινα
999 3158 1404 3240 ἀπρόςβατον
1462 3161 1703 3238 πέτραν
1758 3160 2238 3241 πορευομένην,
2283 3161 2386 3223 καὶ
2428 3158 2713 3225 κάτωθεν
2758 3159 3003 3240 ἐρίφων
3051 3164 3196 3240 βλη-

603 3264 724 3341 χὴν
768 3262 1064 3340 ἤκουςεν·
1111 3260 1241 3325 ἐκεῖ
1286 3261 1665 3342 ςυμβέβηκεν
1706 3241 2123 3326 ’ἐντετοκέναι
2178 3262 2294 3340 τὴν
2348 3258 2516 3335 αἶγα.
2606 3259 2764 3325 ἰδὼν
2818 3260 2938 3326 οὖν
2985 3262 3196 3341 ἐπιτή-

605 3368 783 3427 δειον
825 3362 1031 3427 τόπον
1076 3361 1268 3426 πόλιν
1313 3362 1512 3426 ἔκτιςε
1556 3362 1661 3427 καὶ
1705 3364 1744 3427 Γ
1747 3363 1992 3441 άγγραν
2039 3361 2400 3444 ὠνόμαςεν,
2457 3362 2555 3427 ὅτι
2598 3367 2792 3428 τοῦτο
2851 3362 2930 3441 ἦν
2988 3363 3198 3443 ὄνομα

503 3472 571 3525 30
602 3471 679 3549 τῇ
724 3463 912 3539 αἰγί».
1002 3462 1447 3542 Ἐρατοςθένης
1491 3465 1563 3528 δὲ
1608 3463 1968 3542 οὐδετέρως
2011 3465 2091 3528 τὰ
2138 3464 2384 3541 Γάγγρα
2427 3464 2634 3542 φηςίν.
2696 3464 2823 3529 ἔςτι
2867 3466 2972 3529 καὶ
3017 3465 3197 3544 Ἀρα-
3307 3475 3327 3487 ·

607 3565 742 3659 βίας
802 3567 913 3642 τῆς
967 3564 1349 3642 εὐδαίμονος
1396 3565 1659 3643 Γάγγρα.
1751 3567 1791 3629 Γ
1802 3566 1894 3630 άδ
1910 3587 2001 3644 ρα
2055 3565 2240 3630 πόλις
2294 3565 2736 3644 Παλαιςτίνης.
2823 3566 3080 3644 πάτρα
3123 3568 3196 3630 ἓν

605 3670 736 3730 τῶν
792 3669 988 3742 τριῶν
1042 3666 1203 3744 παρ’
1259 3665 1509 3745 Ἕλληςι
1565 3667 1904 3731 κοινωνίας
1959 3666 2181 3749 εἰδῶν,
2240 3668 2331 3731 ὡς
2386 3665 2794 3747 Δικαίαρχος.
2891 3667 3197 3746 Πάτραι

548 3825 565 3844 ,
605 3768 793 3833 πόλις
850 3767 1102 3844 Ἀχαίας
1165 3766 1297 3832 ἀπό
1363 3788 1537 3832 τινος
1592 3768 1917 3846 Πατρέως.
2006 3768 2215 3846 ἕδρα.
2306 3769 2545 3847 Γέρρα
2598 3769 2785 3834 πόλις
2844 3770 3196 3835 Χαλδαίων.

608 4091 857 4156 Ὀλουρα
893 4107 961 4142 ex
996 4090 1157 4148 Mon„
1195 4087 1440 4154 Αῖβουρα
1475 4118 1542 4127 —-
1579 4089 1937 4155 Βαλβέρουρα
1974 4108 2041 4141 ex
2079 4093 2160 4143 St.
2196 4095 2256 4144 B.
2295 4092 2512 4156 addidi,
2561 4108 2659 4159 pro
2706 4091 2946 4157 κέρκυρα
2981 4092 3199 4157 γέφυρα

610 4160 947 4211 Schmidtius
985 4159 1188 4224 optime
1228 4174 1295 4208 ex
1330 4159 1570 4224 Hesych.
1611 4157 1851 4222 δίφουρα
1887 4159 1922 4221 ἡ
1960 4158 2180 4223 γέφυρα
2217 4162 2482 4212 restituit.
2653 4161 2688 4211 l.
2730 4165 2792 4212 10
2828 4177 3096 4212 canonem
3133 4178 3199 4211 ex

609 4227 810 4279 Arcad.
853 4229 976 4289 101,
1013 4228 1080 4276 ⁸24
1123 4227 1231 4276 huc
1276 4228 1561 4289 transtuli3
1608 4226 1787 4291 Ὕδρα
1835 4228 2112 4293 proprium
2157 4229 2391 4293 apposui
2435 4244 2502 4278 ex
2549 4229 2629 4279 St.
2671 4231 2761 4291 Β.,
2808 4230 2940 4279 item
2986 4228 3197 4294 Πέτρα,

614 4295 795 4360 λέπρα
842 4311 909 4345 ex
956 4295 1152 4344 Choer.
1198 4295 1376 4358 Epim.
1425 4296 1483 4344 in
1528 4294 1728 4345 Psalm.
1765 4297 1859 4359 27,
1899 4298 1954 4345 7:
1999 4294 2072 4346 τὰ
2118 4293 2196 4346 εἰς
2242 4301 2313 4361 ῥα
2359 4294 2491 4358 μετ’
2535 4294 2846 4360 ἐπιπλοκῆς
2893 4296 3199 4360 ςυμφώνου

609 4360 1591 4495 3³2⁰⁵²2V⁶21⁶2²sspffi25528332:ss
1604 4362 1751 4482 ‘'gf-‚¹5
1786 4362 2165 4483 {3123323‘2’
2195 4367 2227 4415 ἒ
2246 4362 3199 4495 3ὸδέἔὲ3ἔῖᾰᾞῗρὲἒῧῑεξ.θῖ“ὸάίἷὲἴ

611 4446 1277 4562 κῶςγῗεγόμενονᾊμοῑα
1312 4501 1398 4565 τῷ
1436 4497 1735 4564 ἑπιθετικύζι
1783 4498 2044 4565 ἐτονήθη.
2093 4446 2483 4563 ροαεςημείωται
2527 4497 2597 4548 τὸ
2634 4497 2896 4562 Τάναγρα
2943 4448 3034 4550 uzal
3078 4514 3200 4552 ςκο-

612 4566 898 4630 λόπενδρα
934 4565 1474 4631 προπαροξυνόμενα
1511 4565 1602 4617 καὶ
1638 4566 2014 4619 ςυετέλλοντα
2049 4566 2119 4619 τὸ
2155 4583 2205 4618 α.
2242 4594 2305 4603 -
2342 4563 2520 4630 ῥήτρα
2556 4567 2833 4631 explicavi
2868 4583 2934 4616 ex
2971 4567 3072 4616 An.
3097 4569 3199 4623 Ox.

613 4636 669 4686 11
714 4638 839 4696 330,
890 4637 948 4696 ὃς
996 4634 1141 4684 unde
1190 4634 1357 4684 etiam
1400 4633 1626 4698 φρήτρα
1673 4635 1864 4685 addidi
1910 4653 1978 4686 ex
2023 4637 2104 4686 St.
2140 4636 2205 4685 B.
2253 4632 2477 4698 φράτρα
2522 4634 2615 4684 καὶ
2659 4632 2849 4698 φάτρα
2892 4650 3197 4700 apponen33

615 4699 780 4765 μίτρα
827 4718 895 4751 ex
939 4703 1042 4752 An.
1080 4700 1179 4751 Ox.
1216 4701 1252 4750 1.
1293 4718 1338 4751 c.
1422 4701 1598 4765 χύτρα
1642 4729 1707 4738 —-
1755 4700 1968 4768 μύςτρα
2015 4718 2084 4752 ex
2130 4703 2375 4767 Theogn.
2414 4702 2535 4762 108,
2574 4705 2632 4764 3,
2683 4699 2951 4767 ποτίςτρα
2997 4729 3059 4737 —-
3106 4718 3200 4754 κα-

615 4768 838 4834 λύπτρα
885 4785 952 4819 ex
997 4768 1183 4818 Diehr.
1219 4770 1345 4831 288,
1385 4771 1472 4830 18,
1520 4767 1767 4833 χαράδρα
1813 4787 1882 4820 ex
1928 4770 1991 4821 Il.
2027 4773 2113 4820 Pr.
2152 4769 2209 4822 Π
2246 4772 2372 4820 390:
2417 4767 2710 4834 χαράδραις
2761 4768 2872 4834 πρὸ
2919 4769 3116 4822 τέλους
3162 4770 3197 4833 ή

615 4835 767 4889 ὀξεῖα
803 4835 883 4887 ὡς
919 4834 1207 4900 φαρέτραι.
1279 4832 1608 4901 προείρηται
1652 4835 1714 4888 δὲ
1758 4836 1829 4888 τὰ
1865 4839 1968 4901 τῆς
2004 4834 2330 4902 ἀναλογίας,
2377 4836 2565 4890 οὕτως
2601 4836 2664 4890 δὲ
2701 4837 2792 4889 καὶ
2829 4834 3198 4903 Ἀρίςταρχος.
