3664 5546
1138 391 1295 445 ΠΕΡΙ
1337 388 1727 445 ΚΑΘΟΛΙΚΗΕ
1765 388 2188 443 ΠΡΟΕΩιΔΙΑΕ
2229 390 2283 442 Β.
2922 387 3002 451 57
3100 352 3110 366 ¹

426 570 623 643 δαρος
665 564 767 628 καὶ
815 563 1206 642 Καλλίμαχος
1251 563 1321 628 ἐν
1363 562 1568 647 τρίτῃ,
1624 561 1755 626 ἀπὸ
1811 561 2196 642 Ἀφέςαντος
2254 561 2469 639 ἥρωος
2525 558 3005 640 βαςιλεύςαντος

423 673 535 746 τῆς
578 669 789 747 χώρα(
835 669 871 746 ἢ
919 668 1022 731 διὰ
1065 668 1181 745 τὴν
1227 666 1453 746 ἄφεςιν
1496 669 1626 730 τῶν
1671 664 1972 743 ἁρμάτων
2016 665 2055 742 ἢ
2087 666 2203 727 τοῦ
2250 663 2530 727 λέοντος.
2598 662 2728 726 ἐκεῖ
2770 662 2892 740 γὰρ
2938 661 3007 725 ἐκ

428 774 538 848 τῆς
584 771 847 849 ςελήνής
892 769 1138 850 ἀφείθη.
1204 768 1597 847 Καλλίμαχος
1643 766 1714 831 ἐν
1759 769 1896 831 τοῖς
1942 766 2186 846 ἰάμβοις
2230 762 2341 846 (fr.
2374 764 2457 828 82
2496 762 2740 846 Bentl.)
2784 765 2886 828 καὶ
2928 764 3006 828 τὸ

428 873 615 939 ἔθνος
659 873 921 937 Ἀπὲςας
965 872 1144 955 φηςί,

915 975 979 1038 κ’
1024 974 1145 1053 οὐχ
1189 973 1312 1038 ὧδ’
1356 971 1614 1051 Ἀρείων
1660 979 1751 1055 τῷ
1798 971 2122 1036 Ἀπέςαντι
2167 971 2297 1049 πὰρ
2340 971 2454 1035 Διῖ
2613 959 2619 966 ’
3033 978 3065 1026 5

913 1076 1125 1141 ἰ’θυςεν
1170 1076 1392 1154 Ἀρκὰς
1432 1075 1649 1139 ἵππος.

427 1182 503 1245 τὸ
549 1182 620 1244 δὲ
663 1183 934 1258 τρεςᾶς
980 1179 1112 1245 ἀπὸ
1157 1179 1630 1258 ςυμβεβηκότος.
1719 1178 1819 1241 καὶ
1876 1178 1952 1241 τὸ
2012 1178 2051 1240 Γ
2066 1179 2277 1241 λιςᾶς
2332 1177 2403 1240 δὲ
2458 1177 2496 1254 ἡ
2555 1176 2849 1254 ςυνήθεια
2898 1195 3007 1239 πε-

430 1303 631 1365 ριςπᾳ.

600 1445 637 1480 -κ-
714 1419 806 1483 Τὰ
869 1417 958 1482 εἰς
1018 1421 1131 1481 ῖῧίις
1201 1418 1479 1495 λήγοντα
1555 1416 1921 1498 βαρύνεται,
1995 1416 2278 1496 (ώτας,
2352 1415 2608 1481 Μὲτας
2664 1414 3008 1496 Τυρρηνός,

430 1521 763 1601 Τύντας,
825 1520 1153 1601 Κώςτας,
1200 1518 1603 1600 Ἀρχύτας,
1659 1519 2055 1600 Εὐρώτας,
2112 1518 2531 1599 Τελεύτας,
2600 1517 3008 1599 Ὀφέλτας,
3053 1520 3112 1569 10

431 1624 816 1702 Ἀκὲλτας,
874 1621 1269 1700 Ἀμύντας·
1357 1621 1482 1684 ἔςτι
1540 1622 1640 1684 καὶ
1686 1621 1874 1685 ἔθνος
1921 1620 2717 1700 Θεςπρωτικὸν,Ἀμύνται
2777 1619 3010 1698 «μένος

431 1725 761 1790 πνείοντες
817 1723 1168 1802 Ἀμύνται».
1271 1725 1370 1787 καὶ
1439 1723 1865 1801 Ἀριςτοτέλης
1920 1724 1990 1788 ἑν
2045 1730 2119 1805 τῇ
2175 1727 2305 1787 τῶν
2362 1724 2766 1801 Ἠπειρωτῶν
2828 1724 3009 1784 πολι-

431 1827 581 1910 τείᾳ.
681 1827 756 1890 τὸ
813 1827 910 1891 δὲ’
945 1828 1283 1890 Γονατᾶς
1336 1825 1715 1903 παράλογον
1772 1825 1876 1889 διὰ
1931 1826 2047 1891 τὸν
2107 1826 2304 1890 τόνον
2361 1826 2464 1890 καὶ
2517 1826 2592 1890 τὸ
2638 1823 3010 1904 Φιλητᾶς,

438 1929 802 2007 Κομητᾶο

604 2075 642 2110 x·
701 2056 794 2120 Τὰ
852 2054 939 2120 εἰς
993 2057 1122 2137 εἷα-ς
1180 2057 1458 2134 λήγοντα
1516 2055 1882 2136 βαρύνεται,
1937 2055 2292 2137 Δέλφας,
2348 2057 2669 2136 Ἄλφας,
2735 2055 3010 2135 Ἄφας,
3054 2060 3111 2110 15

439 2159 693 2240 Κύφας
748 2157 985 2237 χωρίον
1051 2163 1159 2237 τῆς
1214 2157 1606 2240 Λακωνικῆς,
1678 2158 2072 2240 Κόρύφας,
2142 2157 2564 2238 Ὑπέρφας,
2620 2155 3012 2236 Περίφας,

435 2261 763 2341 Ἀκύφας
834 2260 1019 2325 πόλις
1092 2260 1198 2339 μία
1267 2264 1378 2337 τῆς
1450 2259 1811 2338 Λακωνικῆς
1884 2260 2359 2343 τετραπόλεως,
2444 2261 2533 2324 ὼς
2606 2258 3011 2337 Θεόπομπος.

437 2363 788 2444 Ὀνόφας
1821 2383 1830 2388 ·

604 2513 642 2548 ιε
696 2491 790 2555 Τὰ
835 2490 923 2554 εἰς
966 2494 1082 2568 χάἷ
1141 2490 1507 2571 βαρύνεται,
1561 2490 1878 2570 Ὗρχας,
1934 2489 2210 2571 Λέχας,
2282 2488 2692 2569 Καλλίχας,
2747 2488 3012 2568 Λίχας,
3078 2541 3113 2546 ἢ-

434 2594 725 2674 Λάχας,
788 2592 1119 2672 Κάλχας,
1176 2592 1493 2669 Τρύχας.
1592 2591 1951 2669 Λυκόφρων
2019 2592 2140 2669 γὰρ
2197 2590 2445 2670 Τρύχας
2501 2591 2691 2655 πόλιν
2749 2589 3013 2670 Εὐβοίας
3048 2599 3116 2644 20

436 2695 838 2776 μεταφράςας
883 2693 1217 2772 Τρύχαντα
1259 2696 1452 2758 καλεῖ.

603 2824 697 2888 Τὰ
742 2822 830 2887 εἰς
861 2826 934 2887 αῖ
965 2823 1232 2887 ςύνθετα
1262 2823 1472 2886 πάντα
1507 2821 1874 2906 βαρύνεται,
1921 2821 2438 2904 παιδοπίπας,
2483 2820 3014 2902 εὐφαρέτρας,

437 2925 1069 3007 παρθενοπίπας,
1113 2924 1629 3006 πατραλοίας,
1676 2924 2204 3006 θυννοθήρας,
2261 2925 2652 3006 βουβάρας
2683 2923 2723 2988 ὅ
2752 2924 2875 2988 ἐςτι
2908 2923 3010 3003 με’-

436 3049 550 3103 γας
595 3029 696 3092 καὶ
741 3027 1147 3109 ἀναίςθητος,
1193 3025 1602 3108 Εὐρυβίας,
1647 3026 2150 3107 Πυθαγόρας,
2194 3026 2661 3095 Παυςανίας,
2747 3027 2822 3091 τὸ
2870 3026 3013 3104 μέν-

436 3150 535 3194 τοι
592 3129 1036 3208 χαλκοκράς
1081 3128 1369 3195 ὀξύνεται
1427 3127 1559 3193 ἀπὸ
1612 3133 1730 3194 τοῦ
1786 3132 2136 3207 παθητικοῦ
2181 3127 2650 3206 παρακειμένου
2701 3128 3013 3193 ςυντεθέν.
3051 3136 3116 3183 ’25

437 3234 512 3296 τὸ
558 3233 630 3296 δὲ
674 3234 1172 3311 φιλαπελλᾶς
1219 3232 1319 3294 καὶ
1364 3231 2017 3311 φιλοβορρᾶς.τόν
2061 3235 2192 3296 τῶν
2224 3229 2449 3296 ἁπλῶν
2482 3230 2759 3307 ἐφύλαξε
2800 3230 3015 3294 τόνον.

607 3359 700 3423 Τὰ
745 3358 834 3424 εἰς
874 3361 954 3422 ἐἶς’
1001 3359 1462 3447 ς-υνεςταλμένα
1506 3357 1799 3437 ἀρςενικὰ
1844 3359 1945 3423 καὶ
1988 3359 2229 3437 θηλυκὰ
2273 3356 2562 3424 ὀξύνεται
2609 3359 2709 3422 καὶ
2754 3358 2857 3422 διὰ
2900 3362 3018 3422 τοῦ

440 3449 557 3527 ἷιᾶἒ
597 3461 903 3543 κλίνεται,
950 3459 987 3524 6
1032 3459 1290 3540 φυγάς
1333 3462 1435 3524 καὶ
1477 3462 1516 3539 ἡ
1562 3462 1848 3542 φυγάς,
1904 3461 1942 3525 6
2000 3460 2262 3540 Ἀρκάς
2304 3496 2389 3506 —-
2433 3459 2470 3524 6
2527 3460 2790 3539 πολίτης
2833 3461 2935 3524 καὶ
2980 3460 3017 3523 6

440 3564 627 3643 ἥρως.
714 3562 949 3640 Ἴςτρος
994 3561 1065 3625 δέ
1108 3582 1298 3641 φηςιν
1345 3560 1441 3626 ὅτι
1488 3563 1831 3641 Θεμιςτοῦς
1875 3564 1979 3626 καὶ
2019 3563 2182 3627 Διὸς
2228 3562 2266 3626 6
2312 3563 2533 3641 Ἀρκὰς
2579 3562 2868 3644 ἐγένετο,
2915 3562 3019 3625 διὰ

442 3667 513 3729 δὲ
557 3666 672 3743 τὴν
717 3667 827 3742 τῆς
871 3664 1107 3743 μητρὸς
1151 3662 1577 3742 ἀποθηρίωςιν
1635 3664 1875 3748 (ἄρκτῳ
1930 3665 2053 3743 γὰρ
2112 3665 2232 3744 ὑφ’
2287 3666 2489 3743 Ἥρας
2543 3665 2743 3743 αὐτὴν
2799 3663 3017 3743 ὁμοια-
3056 3674 3122 3725 30

443 3767 688 3848 ςθῆναι)
754 3766 984 3844 ταύτης
1046 3769 1261 3842 τυχεῖν
1324 3769 1436 3844 τῆς
1490 3767 1917 3845 προςηγορίας
1969 3803 2055 3813 -
2109 3768 2210 3830 καὶ
2265 3768 2303 3846 ἡ
2362 3767 2638 3845 Ἀρκάς.
2738 3766 2863 3831 ἔςτι
2918 3766 3021 3829 καὶ

443 3869 627 3934 πόλις
687 3868 923 3947 Κρήτης
978 3867 1273 3944 Ἀρκάδες
1332 3868 1419 3932 ὡς
1476 3868 1726 3934 Ξενίων
1782 3869 1853 3934 ἑν
1914 3869 2254 3948 Κρητικοῖς.
2350 3869 2718 3947 Δημήτριος
2764 3869 2844 3932 ·δ“ε
2902 3867 3019 3931 οὐκ

443 4177 493 4224 p.
531 4163 614 4225 41,
650 4161 717 4209 26
757 4156 989 4211 Ἀπὲςας
1027 4175 1094 4209 ex
1133 4159 1211 4211 St.
1250 4160 1312 4211 B.
1354 4161 1475 4217 131,
1515 4161 1562 4209 7.
1734 4159 1770 4225 l²
1807 4162 1840 4209 9
1877 4161 2044 4209 etiam
2081 4175 2341 4209 canonem
2380 4158 2446 4208 de
2485 4158 2792 4208 nominibus
2828 4158 2882 4207 in
2918 4158 3020 4209 “fu-c

443 4231 559 4293 ipse
596 4228 799 4281 adieci.
869 4228 1135 4291 Exempla
1173 4233 1300 4276 sunt
1337 4243 1403 4275 ex
1442 4227 1637 4276 Choer.
1674 4230 1757 4289 39,
1801 4229 1889 4289 16,
1926 4224 2120 4279 (ώτας
2168 4244 2233 4277 ex
2270 4226 2476 4282 Herod.
2513 4227 2611 4277 An.
2651 4227 2753 4276 Ox.
2789 4227 2867 4276 IV
2903 4230 3020 4288 335,

443 4301 524 4351 21,
564 4294 755 4347 Μέτας
793 4312 859 4346 ex
899 4298 977 4345 St.
1017 4297 1078 4347 B.
1117 4295 1235 4355 418,
1277 4298 1337 4344 10
1373 4301 1431 4345 et
1469 4293 1692 4346 Κώςτας
1728 4311 1792 4344 ex
1830 4311 1884 4360 p.
1919 4298 2035 4358 403,
2073 4298 2122 4357 4,
2164 4295 2405 4346 Γονατᾶς
2442 4313 2509 4345 ex
2548 4296 2627 4345 St.
2654 4297 2714 4345 B.
2751 4299 2806 4343 et
2844 4292 3019 4357 Κομη-

443 4367 542 4415 τᾶς
580 4363 825 4428 Φιλητᾶς
864 4380 930 4413 ex
968 4363 1165 4416 Choer.
1206 4363 1345 4413 locis
1382 4378 1549 4427 supra
1595 4363 1853 4413 laudatis.
2048 4363 2084 4414 l.
2128 4367 2187 4413 15
2234 4379 2411 4413 canon
2455 4363 2522 4412 de
2568 4379 2760 4415 nomm.
2809 4363 2865 4411 in
2902 4365 3016 4425 (ῑαῐ

444 4440 692 4497 sumptus
732 4438 817 4482 est
853 4448 920 4481 ex
958 4432 1150 4485 Choer.
1187 4433 1270 4490 39,
1308 4433 1398 4493 20,
1451 4428 1694 4494 Ἀκύφας
1733 4430 1956 4496 explevi
2001 4447 2067 4481 ex
2107 4434 2187 4485 St.
2224 4431 2285 4484 B.
2322 4433 2414 4492 66,
2451 4435 2499 4485 3.
2711 4431 2746 4480 l.
2790 4432 2850 4480 19
2887 4431 3019 4480 item

446 4517 619 4550 canon
667 4500 733 4550 de
780 4500 1070 4550 vocabulis
1116 4502 1171 4549 in
1217 4502 1318 4563 ῐαὶ
1363 4516 1428 4547 ex
1469 4498 1660 4553 Choer.
1699 4502 1789 4559 39,
1827 4502 1923 4561 25,
1962 4499 2169 4563 ’Υρχας
2218 4516 2315 4564 pro
2352 4497 2558 4563 ''Opxuc
2606 4516 2671 4549 ex
2717 4514 2766 4562 p.
2806 4500 2895 4563 41,
2936 4501 3018 4559 ⁶24,

445 4567 659 4631 Τρύχας
697 4584 763 4617 ex
801 4568 879 4617 St.
919 4569 978 4618 B.
1015 4570 1140 4627 639,
1181 4570 1243 4617 16
1281 4584 1321 4618 s.
1361 4566 1584 4631 Τρῦχαι.
1791 4566 1825 4616 1.
1862 4570 1927 4619 23
1973 4565 2400 4631 παρθενοπίπας
2436 4596 2501 4602 —-
2538 4564 2911 4631 θυννοθήρας,
2961 4576 3023 4617 ut

445 4636 792 4686 scribendum
830 4641 917 4685 est
953 4653 1050 4702 pro
1087 4634 1475 4699 ςτιννοθήρας,
1516 4633 1702 4684 addidi
1739 4650 1803 4684 ex
1843 4636 2038 4685 Choer.
2076 4640 2166 4698 42,
2206 4640 2295 4697 33,
2346 4634 2617 4700 βουβάρας
2665 4652 2730 4686 ex
2766 4635 3021 4687 Eustath.

445 4707 562 4765 962,
597 4707 691 4784 15η
711 4703 805 4753 ubi
840 4705 1026 4755 verbis
1063 4720 1228 4769 supra
1255 4705 1452 4770 positis
1477 4703 1752 4753 adiectum
1791 4708 1903 4753 est:
1943 4702 2020 4754 ι’ύς
2059 4703 2209 4767 παρὰ
2234 4702 2561 4787 ΞΗρωδιανῷ
2598 4702 2661 4753 ἐν
2696 4707 2765 4769 τῇ
2804 4701 3016 4767 μεγάλῃ

448 4772 730 4890 ῧῖἓὲῗδιᾳ
775 4774 949 4889 '‘5¹2⁰‘ss
984 4773 1682 4903 {fxafizfiae‘ss‘ssaeffiassh
1700 4772 2010 4895 ¹{,‘{,⁸1;.,⁵;‚0t1·
2056 4856 2154 4904 pro
2185 4769 2525 4904 ῗρῗῗὲἓὲἷῑᾱ(
2564 4770 3020 4903 εἶῖῗιΐὲῗέίὲἱιὲἶ

449 4907 715 4972 κοβορρᾶς
754 4923 873 4958 cum
910 4910 1100 4959 eodem
1135 4925 1242 4959 non
1278 4924 1508 4960 necesse
1544 4914 1644 4958 est.
1864 4908 1895 4956 l.
1933 4913 1994 4959 31
2040 4906 2234 4971 Ἀρκάς
2272 4909 2495 4974 explevi
2531 4925 2597 4958 ex
2637 4912 2716 4959 St.
2754 4910 2814 4959 B.
