3664 5546
1553 415 1973 465 PRAEFATIO.
2274 439 2283 468 ι
2911 416 3049 465 CXV

468 569 582 635 sed
642 593 725 634 ex
780 569 1163 635 Herodiano
1223 570 1519 653 cognitos
1576 569 1825 634 habuit.
1913 570 2022 635 Ex
2077 560 2454 635 Herodiano
2510 571 2744 657 petivit
2797 593 3052 637 omnem

471 694 657 737 suam
703 671 784 737 de
827 670 1166 757 gentilium
1198 671 1591 738 formatione
1624 672 1990 737 doctrinam
2032 682 2099 737 et
2128 672 2530 754 testimonia,
2577 671 2812 759 quibus
2858 695 3052 738 usum

471 774 873 860 singularum
919 775 1284 861 specierum
1330 774 1648 854 firmavit,
1707 783 1773 838 et
1816 773 1870 837 si
1917 773 2191 839 alicuius
2238 776 2451 859 gentis
2496 773 2798 841 ethnicon
2846 774 3053 840 Hero-

474 875 708 940 dianus
763 877 1104 957 omiserat,
1171 876 1239 940 id
1308 898 1392 940 ex
1445 877 1584 940 eius
1649 875 1947 941 doctrina
2003 879 2161 943 κατὰ
2213 879 2474 961 τέχνην,
2541 876 2777 964 quibus
2836 877 3056 942 verbis

473 977 834 1043 Herodiani
890 1002 995 1044 ars
1052 978 1478 1064 significatur,
1536 977 1749 1043 finxit.
1791 1016 1880 1027 —
1922 977 2116 1059 Quod
2172 980 2267 1044 ita
2321 1001 2391 1043 se
2436 977 2676 1043 habere
2732 979 2799 1043 in
2844 980 3058 1068 capite

476 1080 555 1143 de
599 1079 890 1144 fontibus
939 1081 1273 1146 doctrinae
1316 1078 1771 1144 Herodianeae
1827 1103 2151 1167 exponam
2203 1081 2592 1148 accuratius.
2680 1081 2868 1147 Hanc
2916 1082 3055 1146 Ste—

477 1183 673 1269 phani
720 1183 1024 1269 Byzantii
1074 1205 1219 1247 eum
1270 1180 1652 1247 Herodiano
1707 1182 2255 1247 necessitudinem
2310 1205 2505 1269 quum
2552 1183 3058 1270 perspexissem,

479 1285 689 1373 primo
758 1286 1226 1351 constitueram
1288 1285 1505 1350 omnia
1560 1283 1864 1369 gentilia,
1933 1306 2100 1372 quae
2164 1284 2428 1350 omnino
2494 1307 2599 1373 ap.
2665 1285 3061 1373 Stephanum

476 1389 931 1468 inveniuntur,
1000 1386 1357 1452 seeundum
1424 1387 1914 1451 terminationes
1981 1397 2393 1474 componere3
2475 1386 2590 1451 sed
2656 1410 2857 1473 quum
2926 1410 3060 1451 rem

477 1488 902 1575 aggrederer,
948 1487 1404 1575 intellegebam
1451 1488 1609 1553 mihi
1667 1511 1793 1553 non
1837 1490 2208 1574 fragmenta
2246 1487 2730 1577 componenda,
2778 1489 2893 1553 sed
2938 1490 3063 1553 dis-

477 1592 866 1658 sertationes
923 1590 1305 1656 scribendas
1361 1613 1535 1672 esse,
1601 1613 1762 1678 quas
1832 1613 2031 1678 quum
2095 1593 2224 1656 iam
2292 1591 2555 1677 egregie
2620 1591 2686 1654 in
2749 1590 3063 1656 Lobeckii

478 1693 974 1778 Prolegomenis
1013 1692 1345 1759 absolutas
1378 1694 1700 1775 viderem,
1747 1716 1828 1758 ne
1875 1702 2091 1758 actum
2134 1715 2423 1779 agerem,
2471 1692 2813 1758 consilium
2858 1692 3068 1758 abieci

477 1806 545 1861 et
575 1797 734 1860 satis
764 1795 1000 1877 habui,
1048 1797 1400 1862 secundum
1437 1797 1770 1861 nominum
1804 1796 2015 1861 exitus
2047 1818 2125 1860 ea
2154 1794 2436 1861 frustula
2466 1794 2780 1882 Stephani
2810 1794 3068 1882 Byzan—

477 1900 555 1963 tii
599 1897 1012 1979 coordinare,
1074 1899 1143 1962 in
1188 1897 1425 1985 quibus
1473 1909 1587 1963 aut
1637 1907 1991 1984 praecepta
2043 1898 2123 1962 de
2171 1897 2579 1962 derivatione
2625 1907 2738 1961 aut
2781 1899 3069 1963 testimo-

478 2001 591 2065 nia
634 2000 1027 2086 scriptorum
1074 1998 1158 2064 ab
1201 2000 1578 2065 Herodiano
1625 1999 1973 2064 citatorum
2018 1998 2542 2065 inveniebantur.

649 2101 859 2182 Quem
905 2101 1199 2166 ordinem
1245 2125 1461 2166 rerum
1515 2103 1800 2166 tenuerit
1845 2100 2259 2166 Herodianus
2316 2102 2383 2165 in
2441 2101 2608 2166 libro
2664 2104 2809 2182 περὶ
2852 2124 3066 2182 παρω-

475 2205 695 2285 νύμων
743 2204 1096 2269 coniectari
1141 2203 1294 2268 licet
1338 2227 1422 2269 ex
1452 2204 1805 2290 Excerptis
1839 2203 2077 2284 variiS,
2125 2226 2292 2291 quae
2326 2203 2674 2269 Cramerus
2718 2206 2786 2269 in
2816 2205 3064 2270 Anecd.

475 2307 607 2371 Ox.
655 2306 754 2370 IV
798 2329 833 2369 e
878 2305 1039 2370 Cod.
1085 2306 1256 2371 Mus,
1288 2305 1453 2370 Brit.
1487 2305 1660 2370 Add.
1691 2305 1862 2370 5118
1909 2304 2141 2386 edidit,
2188 2306 2256 2369 in
2301 2305 2535 2394 quibus
2581 2329 2646 2393 p.
2692 2306 2818 2371 329
2865 2307 3068 2392 (codi-

474 2410 572 2473 cis
633 2432 696 2495 p.
746 2407 899 2494 179)
946 2409 1145 2473 sectio
1191 2411 1338 2488 περὶ
1380 2409 1789 2487 παρωνύμων
1847 2415 2093 2488 exstat,
2153 2430 2236 2472 ex
2291 2431 2420 2494 qua
2472 2430 2683 2495 pauca
2735 2407 3071 2492 evulgavit

475 2512 848 2575 CrameruS.
937 2508 1114 2574 Hinc
1159 2533 1357 2596 quum
1402 2509 1674 2597 incipiat
1718 2519 2100 2594 excerptum
2147 2533 2187 2574 a
2231 2533 2392 2575 voce
2441 2512 2724 2595 Καρβάν,
2779 2520 2917 2575 tum
2969 2533 3066 2575 se·

476 2623 718 2699 quatur
761 2613 911 2692 ἐτήρ
957 2621 1022 2675 et
1066 2635 1131 2699 p.
1182 2612 1295 2676 181
1355 2613 1498 2678 eod.
1558 2613 1774 2676 exitus
1836 2617 2027 2677 ῶῖιοῖ
2084 2621 2148 2676 et
2201 2617 2403 2676 ῑῖνῖόἑ
2454 2611 2800 2700 prodeant,
2860 2613 3067 2699 suspi-

477 2715 645 2780 ceris
705 2712 1071 2781 Herodiani
1135 2715 1409 2797 librum,
1479 2737 1564 2779 ex
1628 2737 1756 2802 quo
1803 2713 1965 2779 haec
2028 2723 2340 2801 excerpta
2401 2714 2675 2779 fluxisse
2740 2714 3068 2797 videntur,

481 2816 839 2881 secundum
886 2818 1105 2880 exitus
1152 2815 1379 2881 eodem
1410 2818 1548 2882 fere
1582 2816 1777 2881 modo
1823 2839 1950 2904 quo
1982 2816 2383 2881 Catholieam
2414 2816 2799 2882 adornatum
2841 2816 3069 2881 fuisse.

481 2920 842 3005 Propterea
883 2926 958 2982 ut
1004 2920 1289 3004 speciem
1336 2919 1664 3006 quandam
1709 2918 1864 2983 libri
1911 2919 2249 3003 originalis
2291 2917 2669 3005 praeberem
2700 2928 2850 3007 post
2892 2920 3068 3005 frag-

479 3030 700 3084 menta
755 3019 1118 3084 Herodiani
1175 3022 1437 3086 nomine
1493 3022 1815 3086 instructa
1868 3028 2219 3109 praecepta
2273 3022 2354 3084 de
2409 3020 2817 3086 derivatione
2871 3023 3071 3085 nomi·-

479 3121 615 3186 nali
661 3144 826 3208 quae
870 3123 939 3184 in
972 3120 1331 3187 Herodiani
1375 3120 1637 3211 scriptis
1685 3123 1989 3210 dispersa
2032 3132 2211 3205 sunt,
2259 3123 2414 3209 quin
2457 3121 2646 3210 plene
2688 3122 3071 3210 proferrem,

479 3247 568 3289 ex
612 3225 1139 3289 terminationum
1198 3226 1423 3290 ordine
1482 3227 1837 3312 composui.
1926 3225 2095 3290 Tum
2144 3226 2330 3312 sequi
2384 3224 2549 3288 iussi
2599 3236 2948 3313 praecepta
2992 3227 3073 3292 de

481 3326 887 3391 derivatione
947 3349 1032 3390 ex
1091 3325 1463 3411 significatu
1518 3338 1818 3392 conserta
1874 3326 1956 3392 de
2022 3327 2525 3414 patronymicis„
2588 3326 2669 3391 de
2727 3326 3070 3415 hypocori-

480 3429 695 3510 sticiS,
741 3428 1145 3516 periecticiS‚
1198 3429 1629 3515 possessiviS‚
1681 3429 1961 3516 denique
2006 3430 2086 3494 de
2132 3428 2515 3515 gentilibus.

1003 3598 1299 3665 XXVII.
1387 3602 1585 3680 Περὶ
1629 3600 2073 3680 ῥηματικῶν
2118 3600 2553 3681 ὀνομάτων.

655 3732 846 3800 Hunc
892 3733 1133 3799 librum
1178 3734 1597 3800 Herodianus
1643 3735 1713 3799 in
1756 3735 1937 3801 Mon.
1983 3736 2054 3815 6,
2106 3736 2183 3799 13
2227 3745 2719 3821 commemorat3
2776 3737 2907 3801 alia
2948 3740 3075 3804 hoc

483 3835 674 3901 titulo
733 3838 1048 3924 inscripta
1101 3837 1471 3921 fragmenta
1536 3836 1802 3920 desunt3
1872 3838 2169 3924 equidem
2237 3838 2453 3903 iudico
2520 3838 2815 3903 ordinem
2880 3838 3072 3904 buius

483 3940 681 4003 etiam
728 3938 880 4003 libri
924 3937 1200 4003 eundem
1247 3937 1456 4003 fuisse
1501 3948 1696 4028 atque
1749 3939 1905 4003 libri
1960 3942 2106 4019 περὶ
2148 3941 2558 4021 παρωνύμων
2616 3950 2681 4004 et
2723 3950 2796 4005 ut
2839 3943 3043 4027 imagi

479 4063 636 4105 nem
680 4041 1006 4127 quandam
1049 4039 1464 4128 praeberem,
1513 4039 1795 4108 frustula
1840 4040 1922 4106 de
1965 4040 2087 4107 hae
2140 4043 2415 4107 materia
2458 4043 2527 4106 in
2566 4043 2828 4131 scriptis
2860 4044 3070 4108 Hero-

479 4142 735 4207 dianeis
781 4142 1080 4229 dispersa
1122 4143 1479 4229 composui.

1137 4313 1467 4381 XXVIII.
1557 4316 1754 4394 Περὶ
1796 4316 2438 4398 μονοευλλάβων.

657 4449 851 4514 Hunc
897 4447 1138 4515 librum
1181 4448 1401 4514 laudat
1443 4448 1738 4533 Theogn.
1789 4450 1940 4531 134,
2002 4472 2130 4537 quo
2187 4450 2254 4514 in
2298 4450 2662 4536 fragmento
2719 4450 2801 4516 de
2853 4474 3065 4519 mono·

478 4550 762 4638 syllabis
806 4550 1179 4615 nominibus
1227 4553 1293 4615 in
1339 4558 1429 4616 ἐῖε
1473 4550 1894 4638 praecipitur.
1963 4552 2092 4617 Sed
2138 4575 2266 4616 non
2312 4553 2521 4618 solum
2567 4552 2647 4617 de
2678 4554 3071 4637 nominibus,
3140 4621 3155 4635 .

477 4652 604 4717 scd
652 4652 843 4717 etiam
888 4654 969 4717 de
1015 4652 1234 4718 verbis
1280 4650 1750 4738 monosyllabis
1764 4701 1781 4733 ,
1843 4654 1923 4717 de
1969 4655 2206 4741 quibus
2266 4665 2416 4719 ante
2463 4656 2814 4740 scripserat
2857 4654 3072 4720 Philo-

475 4776 730 4837 xenuS,
790 4777 984 4840 quem
1028 4755 1096 4818 in
1157 4753 1378 4819 multis
1435 4753 1850 4819 Herodianus
1911 4766 2171 4821 secutus
2231 4765 2358 4837 est,
2420 4757 2486 4819 in
2541 4756 2661 4820 hoc
2719 4755 2885 4820 libro
2945 4768 3074 4824 tra-

475 4866 735 4924 etatum
792 4857 998 4922 fuisse
1052 4859 1301 4944 opinor.
1391 4856 1578 4920 Nunc
1635 4857 1701 4919 in
1765 4858 2043 4943 penuria
2104 4859 2387 4923 omnium
2459 4857 2597 4921 fere
2652 4858 3074 4946 reliquiarum

2558 4958 2666 5023 h*
