3664 5546
403 382 506 453 θ’
1124 422 1283 477 ΠεΡι
1324 421 1715 476 κΑοοΛικΗς
1751 420 2174 476 ΠΡοςΩιΔιΑς
2210 423 2264 475 ς.
2864 420 2984 485 147

401 596 521 659 λιν
539 598 628 658 θο
646 614 678 659 ς
710 596 909 673 δῆμος
938 592 1373 659 Πανδιονίδος
1402 597 1629 674 φυλῆς.
1671 596 1961 673 θηλυκῶς
1993 594 2063 658 δὲ
2096 593 2358 670 λέγεται.
2393 591 2718 673 (ύρινθο
2738 613 2771 658 ς
2799 592 2987 657 πόλις

402 696 672 780 Κρήτης,
717 696 1114 775 Πέρινθος
1157 695 1344 761 πόλις
1389 694 1640 778 Θρᾴκης
1685 694 1816 761 ἀπὸ
1860 696 2183 775 Περίνθου
2218 695 2619 775 Ἐπιδαυρίου
2661 698 2779 760 τοῦ
2832 695 2988 773 μετὰ

399 798 700 877 Ὀρέςτου
732 797 1292 877 ςτρατευςαμένου.
1371 798 1749 876 Κόρινθος
1794 799 1898 863 καὶ
1942 796 1981 862 6
2025 799 2265 877 κτίςτης
2295 799 2397 862 καὶ
2425 798 2465 877 ἡ
2495 798 2683 862 πόλις
2712 796 2838 862 ἔςω
2868 799 2986 861 τοῦ

400 900 618 980 ἰςθμοῦ
647 900 758 980 τῆς
791 900 1319 978 Πελοποννήςου.
1385 898 1715 964 Ἑκαταῖος
1757 899 2045 985 Εὐρώπῃ.
2103 900 2706 980 Ἀκροκόρινθος
2741 898 2985 978 άρςενι-

397 1008 540 1068 κῶς.
588 1003 1070 1082 Ἀμάρυνθος
1101 1005 1293 1080 νῆςος
1317 1001 1598 1082 Εὐβοίας.
1644 1000 1982 1067 ὄλυνθος
2013 1004 2089 1068 τὸ
2125 1004 2206 1081 μὴ
2237 1003 2548 1082 πέπειρον
2576 1003 2680 1067 καὶ
2708 1001 2984 1067 Ὄλυν-
3013 1010 3047 1059 5

398 1110 534 1170 θος
576 1105 765 1169 πόλις
809 1105 1059 1187 Θρᾴκης
1116 1103 1248 1170 ἀπὸ
1293 1103 1610 1169 Ὀλύνθου
1665 1108 1782 1169 τοῦ
1826 1103 2230 1183 Ἡρακλέους.
2305 1104 2781 1184 Ἀράκυνθος
2832 1103 2988 1183 ὄρος

400 1208 739 1289 Βοιωτίας,
789 1206 914 1287 ἀφ’
959 1205 1039 1271 οὐ
1082 1206 1121 1284 ἡ
1154 1207 1385 1286 Ἀθηνᾶ
1425 1207 1835 1285 Ἀρακυνθιὰς
1880 1206 1972 1272 ὡς
2002 1206 2253 1272 Ῥιανὸς
2298 1207 2369 1272 ἑν
2413 1213 2491 1291 τῇ
2534 1207 2718 1291 Φήμῃ
2765 1206 2989 1271 «κλῦθί

399 1330 505 1389 μοι
550 1309 805 1388 εὐχάων
851 1308 1259 1387 Ἀρακυνθιὰς
1303 1308 1738 1387 εὐπατέρεια».
1824 1309 2218 1388 Ἀψυνθος
2272 1310 2459 1374 πόλις
2505 1310 2772 1391 Θρᾴκης.
2860 1307 2988 1373 ἔςτι

397 1412 501 1476 καὶ
564 1410 743 1477 εἶδος
808 1415 1037 1492 φυτοῦ.
1125 1414 1321 1490 διχῶς
1379 1411 1445 1475 δ’
1489 1411 1529 1490 ἡ
1572 1411 1791 1491 γραφὴ
1859 1413 1961 1476 καὶ
2025 1411 2131 1476 διὰ
2194 1414 2313 1477 τοῦ
2369 1439 2407 1481 υ
2459 1412 2562 1476 καὶ
2617 1414 2721 1476 διὰ
2775 1413 2894 1474 τοῦ
2940 1412 2989 1473 ἶ.

396 1513 454 1578 Ζ
467 1514 506 1591 ή
520 1519 810 1592 ρυνθος
864 1512 1050 1578 πόλις
1105 1514 1224 1577 καὶ,
1261 1510 1501 1592 ἄντρον
1557 1513 1812 1590 Ἑκάτης
1868 1512 1938 1578 ἐν
1999 1514 2232 1599 Θρᾴκῃ.
2318 1514 2680 1595 Λυκόφρων
2733 1513 2827 1596 (v.
2876 1511 2986 1597 77)

402 1615 784 1695 «Ζήρυνθον
838 1614 1077 1694 ἄντρον
1133 1618 1246 1694 τῆς
1288 1619 1741 1696 κυνοςφαγοῦς
1785 1619 1995 1681 θεάς».
2081 1616 2492 1682 Ζάκυνθος
2550 1614 2589 1680 6
2632 1614 2989 1694 Δαρδάνου

398 1719 502 1782 καὶ
558 1716 681 1782 ἀπ’
737 1717 939 1782 αὐτοῦ
992 1716 1196 1783 πόλις.
1284 1716 1628 1796 ἀρςενικῶς
1680 1716 1967 1796 Ὅμηρος
2023 1720 2126 1783 καὶ
2180 1722 2470 1798 θηλυκῶς
2533 1719 2676 1782 «καὶ
2719 1718 2990 1795 ὑλήεςςα

398 1819 771 1886 Ζάκυνθος»
818 1816 974 1903 (Οά.
1020 1840 1040 1882 ι
1085 1816 1197 1902 24)
1243 1820 1346 1884 καὶ
1390 1819 1707 1899 «ὑλήεντα
1750 1819 2131 1886 Ζάκυνθον»
2178 1816 2335 1903 (Od.
2380 1841 2424 1885 α
2465 1817 2642 1903 246).
2723 1819 2990 1898 δευτέρα

401 1920 676 2001 Ἰβηρίας.
721 1921 897 2001 τρίτη
927 1919 1174 2001 Λιβύης.
1220 1921 1761 2001 Τρικόρυνθος
1808 1924 2009 2002 δῆμος
2052 1925 2164 2001 τῆς
2193 1921 2525 1988 Αἰαντίδος
2554 1925 2782 2003 φυλῆς.
2828 1923 2986 1987 Διο-

398 2023 616 2090 νύςιος
660 2023 1035 2105 ἀρςενικῶς,
1088 2022 1427 2104 Εὐφορίων
1471 2026 1791 2106 θηλυκῶς,
1847 2024 2136 2105 Δίδυμος
2190 2026 2295 2090 καὶ
2335 2026 2678 2105 Διόδωρος
2734 2024 2989 2090 οὐδετέ-

399 2147 548 2206 ρως.
633 2127 710 2192 τὸ
756 2127 826 2191 δὲ
871 2124 1192 2191 ὀλιςθός
1235 2125 1274 2190 6
1319 2126 1653 2206 ὀλιςθηρός
1698 2125 1990 2194 ὀξύνεται
2035 2127 2328 2195 ἐπίθετον
2373 2127 2468 2193 ὄν.

570 2229 665 2294 Τὰ
706 2228 796 2294 εἰς
839 2232 956 2293 :To-c
999 2230 1322 2309 μονογενῆ
1378 2228 1722 2309 διςύλλαβα
1764 2228 1950 2309 φύςει
1995 2234 2202 2314 μακρᾷ
2254 2229 2755 2310 παραληγόμενα
2799 2228 2987 2310 βαρύ-

396 2352 575 2398 νεται
607 2335 876 2413 φῶκος
905 2331 1008 2396 καὶ
1037 2330 1307 2395 Φῶκος
1335 2331 1589 2413 κύριον,
1633 2334 1882 2397 ςῶκος
1911 2332 2014 2396 καὶ
2044 2330 2301 2398 (ῶκος
2330 2331 2568 2412 κύριον.
2615 2331 2989 2410 Τυραννίων

397 2436 517 2517 μὲν
562 2434 730 2501 ἀξιοῖ
772 2433 1023 2501 ὀξύνειν
1079 2433 1156 2498 τὸ
1206 2436 1447 2498 «ςῶκος
1502 2432 1821 2511 ἐριούνιος
1866 2432 2128 2514 Ἑρμῆς»
2185 2433 2272 2517 (Υ
2317 2432 2459 2517 72),
2512 2434 2622 2499 ἵνα
2678 2432 2989 2518 ἀποφύγῃ

3028 1523 3092 1573 10

3032 2035 3092 2085 15

395 2537 478 2602 τὸ
522 2536 744 2616 κύριον
792 2534 1232 2617 βαρυνόμενον
1280 2533 1373 2598 «ὦ
1418 2533 1588 2613 (ὦχ’
1631 2533 1931 2600 Ἱππάςου
1984 2535 2120 2600 υἱέ»
2169 2533 2276 2618 (11.
2325 2536 2374 2600 Λ
2416 2533 2573 2620 450)
2629 2535 2843 2614 ὥςπερ
2887 2535 2993 2601 ἐπὶ
3023 2545 3094 2596 20

394 2642 519 2703 τοῦ
576 2637 831 2721 λευκός,
889 2636 1182 2715 γλαυκός.
1283 2635 1402 2701 οὐκ
1460 2636 1588 2702 ἔςτι
1644 2637 1717 2702 δὲ
1771 2636 2002 2716 ὅμοιον
2058 2639 2195 2702 τοῖς
2251 2638 2695 2717 προκειμένοις
2746 2640 2991 2704 κοινοῖς

395 2740 729 2825 ἐπίθετον,
774 2739 927 2806 ἀλλ’
970 2738 1139 2805 ἴδιον
1183 2740 1301 2804 τοῦ
1345 2736 1607 2824 Ἑρμοῦ,
1651 2738 1864 2820 ὥςπερ
1908 2740 2012 2805 καὶ
2038 2742 2156 2805 τοῦ
2187 2739 2598 2806 Ἀπόλλωνος
2645 2740 2992 2822 βαρυνόμε-

395 2864 523 2911 νον
566 2846 642 2909 τὸ
686 2844 957 2924 Φοῖβος·
1003 2843 1104 2908 διὸ
1150 2842 1621 2923 βαρυτονητέον
1678 2840 1918 2921 ὁμοίως
1969 2843 2073 2907 καὶ
2123 2841 2299 2927 αὐτῷ
2343 2849 2436 2928 τῷ
2481 2842 2694 2928 κυρίῳ.
2762 2844 2877 2908 εἰςὶ
2920 2844 2992 2908 δὲ

398 2948 470 3013 οἳ
510 2945 750 3014 ἀξιοῦςι
794 2946 899 3010 καὶ
939 2944 1157 3009 καθότι
1203 2943 1507 3010 ςύνθετόν
1551 2943 1677 3009 ἐςτι
1725 2944 2100 3026 βαρύνεςθαι
2143 2944 2319 3009 αὐτό.
2376 2944 2451 3022 ,ἐκ
2492 2946 2616 3025 γὰρ
2659 2948 2778 3010 τοῦ
2822 2945 2991 3011 ςάοι-

397 3070 514 3115 κος
558 3051 929 3127 γεγενῆςθαι
974 3049 1092 3127 τὴν
1136 3048 1369 3126 κρᾶςιν.
1417 3044 1590 3110 οὕτω
1636 3048 1707 3111 δὲ
1739 3047 2012 3112 δώςουςι
2045 3046 2148 3111 καὶ
2176 3046 2634 3128 προςκείμενον
2676 3053 2770 3132 τῷ
2814 3053 2870 3112 ὧ
2914 3048 2990 3113 τὸ
3026 3058 3092 3109 25

396 3155 454 3236 ἴ,
498 3155 612 3230 τῆς
655 3149 1070 3231 παραδόςεως
1116 3147 1238 3226 οὐχ
1282 3147 1491 3212 οὕτως
1532 3148 1815 3227 ἑχούςης.
1863 3152 2128 3214 θῶκος.
2173 3147 2494 3215 Ῥαῦκος
2535 3150 2725 3215 πόλις
2769 3148 2839 3214 ἐν
2886 3169 2991 3228 με·

396 3253 633 3339 ςογείῳ
677 3257 790 3333 τῆς
824 3252 1080 3332 Κρήτης.
1127 3251 1390 3316 Δᾶκος
1433 3250 1655 3335 ἔθνος,
1702 3251 1740 3315 ὃ
1771 3251 1876 3315 καὶ
1905 3250 2091 3316 Δᾶος
2122 3254 2420 3316 καλεῖται.
2467 3250 2705 3318 οἶκος.
2755 3252 2990 3316 Γλαῦ-

397 3377 567 3439 κος,
613 3355 740 3436 ἀφ’
786 3352 867 3419 οὗ
899 3353 1182 3421 Γλαύκου
1229 3356 1427 3432 δῆμος
1471 3352 1542 3418 έν
1577 3352 1801 3438 Λυκίᾳ,
1849 3353 1941 3418 ὡς
1985 3353 2400 3433 Ἀλέξανδρός
2444 3373 2653 3435 φηςιν.
2696 3354 2991 3420 Λεῦκος

398 3459 486 3523 «ὁ
533 3459 603 3523 δὲ
648 3458 892 3522 Λεῦκον
937 3456 1271 3523 Ὀδυςςέος
1327 3455 1555 3521 ἐςθλὸν
1602 3455 1904 3534 ἑταῖρον»
1950 3455 2041 3538 (Δ
2086 3453 2257 3537 491).
2329 3456 2407 3522 τὸ
2458 3457 2530 3522 δὲ
2575 3456 2802 3536 ςηκός
2847 3456 2990 3524 ὀξύ-

395 3581 596 3627 νεται.
683 3560 764 3624 τὰ
808 3560 879 3624 δὲ
925 3558 1243 3624 έπιθετικὰ
1286 3557 1577 3625 ὀξύνεται
1621 3558 1994 3641 γλαυκός,
2039 3557 2346 3643 λευκός,
2402 3558 2723 3639 Γραικός
2766 3558 2806 3625 6
2849 3559 2991 3624 ⁰6).-

397 3667 553 3745 λην,
598 3663 673 3726 τὸ
719 3661 791 3726 δὲ
838 3662 1158 3739 Γραῖκος
1203 3660 1423 3739 κύριον
1470 3659 1823 3740 βαρύνεται.

396 3851 550 3917 quod
584 3850 754 3901 habet
787 3849 981 3899 Aread.
1050 3849 1116 3900 In
1151 3848 1214 3898 Ε.
1250 3848 1325 3899 Μ.
1362 3849 1486 3910 753,
1525 3850 1589 3899 10
1631 3848 1928 3912 τερμινθός
1974 3848 2065 3901 καὶ
2098 3847 2393 3915 τέρμινθος
2429 3847 2672 3915 ἐμφερὲς
2708 3847 2848 3917 λίνῳ
2886 3864 2989 3915 φυ-

394 3919 532 3984 τόν,
609 3933 737 3968 uum
770 3922 1034 3968 accentus
1069 3916 1367 3967 diversitas
1403 3917 1461 3966 in
1496 3916 1584 3967 his
1619 3916 1930 3968 nominibus
1965 3919 2120 3969 nulla
2156 3918 2626 3984 deprehendatur,
2664 3919 2799 3969 Lob.
2825 3919 2990 3970 Proll.

394 3990 502 4039 368
535 4001 570 4037 τ
600 3987 829 4052 ρμινθος
866 3985 955 4036 καὶ
992 3983 1250 4049 τρέμιθος
1288 3984 1634 4035 scribendum
1671 3984 1897 4036 iudicat.
2056 3987 2091 4036 l.
2132 3988 2193 4038 18
2229 3985 2433 4039 Φῶκος
2469 3985 2662 4052 κύριον
2697 3985 2887 4037 addidi
2923 4003 2991 4036 ex

395 4058 478 4106 St.
509 4056 570 4106 B.
599 4056 717 4116 ⁶76,
742 4056 809 4105 26
844 4053 934 4104 καὶ
958 4050 1153 4105 (ῶκος
1178 4068 1245 4102 ex
1269 4053 1333 4102 11.
1359 4055 1448 4103 Pr.
1473 4051 1521 4103 Υ
1547 4055 1637 4110 72,
1665 4052 1810 4104 unde
1839 4054 2005 4105 etiam
2031 4054 2246 4120 reliqua
2269 4069 2442 4121 usque
2469 4055 2538 4105 ad
2563 4055 2765 4106 θῶκος.
2813 4070 2992 4104 canon

395 4125 525 4190 ipse
564 4124 647 4174 sic
681 4123 759 4171 ibi
797 4122 1176 4173 constituitur:
1222 4119 1295 4172 τά
1330 4117 1410 4171 εἰς
1445 4123 1541 4172 κοῗ
1578 4119 1828 4185 λήγοντα
1872 4120 2169 4186 διςύλλαβα
2213 4120 2282 4173 οὐ
2320 4137 2399 4175 πα
2436 4120 2876 4189 εςχηματιςμένα
2913 4120 2991 4173 είς

393 4191 566 4255 γένος
605 4188 881 4255 θηλυκόν,
918 4187 1081 4254 φύςει
1119 4190 1299 4254 μακρᾷ
1336 4187 1804 4253 παραληγόμενα,
1843 4189 2170 4253 βαρύνεςθαι
2194 4189 2345 4242 θέλει
2369 4206 2401 4243 ο
2427 4205 2495 4242 ον
2520 4193 2733 4256 φῶκος.
2790 4191 2991 4241 θῶκος.

395 4259 592 4311 οὕτως
629 4258 825 4309 ςῶκος.
896 4255 1262 4322 ςεςημείωται
1297 4255 1366 4308 τὸ
1404 4255 1585 4321 ςηκός.
1655 4259 1763 4308 Pro
1799 4256 2022 4310 Ταθκος
2065 4258 2289 4309 Arcadii
2342 4260 2501 4325 posui
2537 4259 2768 4311 Ῥαῦκος
2806 4274 2875 4309 ex
2913 4260 2994 4310 St.

395 4331 494 4386 Β.,
536 4343 604 4378 ex
641 4327 834 4377 eodem
869 4325 1073 4388 Δᾶκος.
1142 4324 1300 4376 οἶκος
1344 4339 1413 4374 ex
1445 4325 1512 4375 ΙΙ.
1549 4324 1640 4379 Pr.
1678 4323 1719 4376 Λ
1758 4327 1853 4387 24,
1893 4325 1991 4375 ubi
2036 4327 2336 4376 secundum
2371 4328 2516 4377 hanc
2552 4327 2796 4394 regulam
2830 4328 2992 4392 bary·

395 4403 593 4446 tonum
632 4410 752 4446 esse
790 4394 1051 4445 traditur:
1088 4393 1240 4458 φιλεῖ
1276 4406 1400 4443 πως
1445 4390 1518 4444 τὰ
1564 4390 1642 4444 εἰς
1677 4396 1744 4444 δῖ
1780 4392 2029 4458 λήγοντα
2066 4392 2364 4457 διςύλλαβα
2411 4397 2690 4461 μονογενῆ
2738 4393 2853 4446 ἀπὸ
2887 4396 2992 4459 τῆς

395 4465 450 4517 ὃῑ
487 4460 803 4528 διφθόγγου
840 4459 1123 4527 ἀρχόμενα
1160 4459 1512 4525 βαρύνεςθαι,
1552 4458 1730 4512 ὁπότε
1767 4460 1881 4525 πρὸ
1915 4463 2020 4526 τῆς
2054 4467 2119 4513 ὀς
2158 4462 2433 4527 ςυλλαβῆς
2458 4462 2768 4528 ςύμφωνον
2791 4462 2827 4527 ἢ
2865 4461 2993 4524 (ύμ-

396 4545 575 4597 φωνα
611 4527 847 4595 ὑπάρχει
881 4557 949 4567 -—
983 4530 1129 4595 φημί
1164 4529 1225 4581 δὲ
1261 4527 1348 4580 διὰ
1381 4527 1452 4579 τὸ
1487 4525 1637 4580 Οίός.
1685 4527 1875 4580 οὕτως
1910 4527 1982 4591 γά
2052 4527 2275 4592 λέγεται
2302 4530 2475 4595 δῆμος
2511 4530 2653 4595 παρ’
2679 4527 2993 4596 Ἀθηναίοις

396 4598 542 4652 κατ’
576 4597 765 4651 ὀξεῖαν
799 4596 955 4650 τάςιν
991 4625 1058 4634 —-
1093 4595 1218 4649 οἷον
1254 4596 1429 4661 οἶκος,
1467 4594 1643 4659 οἶτος,
1680 4595 1900 4660 οἶκτος,
1939 4612 1971 4648 ο
1998 4611 2123 4661 νος,
2160 4596 2338 4662 οἶμος.
2374 4626 2440 4634 -
2480 4598 2725 4650 Γλαῦκος
2760 4597 2992 4661 Λεθκος,

399 4683 548 4735 quae
585 4667 813 4718 canonis
859 4667 1297 4718 conformatione
1344 4666 1692 4730 flagitantur,
1741 4664 1930 4715 addidi
1973 4681 2041 4715 ex
2087 4665 2152 4718 11.
2192 4668 2314 4731 Pr„
2354 4667 2597 4719 Γλαῦκος
2646 4666 2882 4731 explens
2926 4682 2994 4716 ex

400 4735 601 4802 Steph.
645 4735 776 4799 Byz.
826 4740 883 4785 et
927 4735 997 4785 ad
1041 4733 1252 4786 Λεῦκος
1297 4748 1513 4784 versum
1559 4733 1904 4783 Homericum
1950 4734 2162 4785 addens
2217 4751 2285 4786 ex
2329 4736 2507 4800 Epim.
2554 4735 2644 4789 Cr.
2690 4735 2718 4784 1
2761 4736 2892 4797 263,
2932 4737 2995 4784 16

403 4804 480 4855 ef.
528 4808 818 4868 praeterea
863 4804 926 4853 Ε.
971 4804 1044 4852 Μ.
1092 4805 1210 4862 191,
1250 4805 1342 4852 52:
1401 4799 1568 4864 βάτος
1619 4798 1656 4863 ἡ
1704 4799 1935 4866 ἄκανθα.
2016 4800 2232 4866 εἴρηται
2275 4802 2419 4855 κατὰ
2464 4800 2794 4922 ἀντίῖραςιν
2839 4801 2872 4852 ό
2919 4801 2993 4865 μὴ

404 4871 493 4922 ὢν
540 4868 725 4934 βατός.
793 4870 884 4922 καί
931 4870 1081 4922 ἐςτιν
1124 4868 1187 4920 ἐν
1231 4867 1388 4935 τόνῳ
1435 4866 1822 4937 παροξυτόνῳ.
1902 4870 1994 4922 καί
2038 4871 2275 4921 τοιαῦτα
2318 4869 2533 4936 πολλά,
2640 4884 2668 4920 ς
2721 4867 2873 4934 παρὰ
2923 4867 2994 4920 τὸ

403 4937 614 5007 κυρτός
654 4936 889 5004 Κύρτος,
927 4937 1128 4991 ξανθός
1165 4935 1414 5003 Ξάνθος,
1452 4934 1651 4989 λευκός
1685 4935 1901 4991 Λεῦκος
1937 4938 2117 5003 ὄνομα
2153 4937 2359 5003 κύριον.
2415 4938 2572 4991 οὕτω
2610 4936 2778 5003 βατός
2817 4935 2996 4990 Βάτος

2459 5022 2589 5087 10*

3027 3569 3095 3623 30
