3664 5546
613 321 739 385 258
1553 320 1634 374 ΕΚ
1674 318 1813 373 ΤΩΝ
1857 318 2267 373 ΗΡΩΔΙΑΝΟΥ

613 491 730 572 μὲν
774 490 1090 569 θυγατρὸς
1132 487 1414 571 Αἰγίνης,
1471 488 1706 555 Αἰακοῦ
1761 491 1835 555 δὲ
1893 490 2142 570 μητρός.
2233 488 2566 568 Βέλβινα
2619 486 2808 551 πόλις
2851 483 3201 563 Λακωνική.

609 592 977 658 Παυςανίας
1020 591 1238 676 ὀγδόῳ
1286 591 1372 675 (ο.
1418 589 1521 672 35,
1567 589 1660 673 4).
1747 592 1876 656 ἔςτι
1921 593 2025 656 καὶ
2067 595 2288 674 νῆςος,
2336 591 2426 655 ὡς
2472 588 2945 669 Ἀρτεμίδωρος.
3014 586 3107 650 Βέ
3121 608 3202 666 μ-

614 699 790 776 βινα
831 695 1010 774 κώμη
1053 698 1166 773 τῆς
1211 694 1469 774 Νεμέας.
1529 693 1896 760 Ἑλλάνικος
1940 695 2011 759 δὲ
2043 695 2353 774 Βέμβινον
2383 694 2486 756 καὶ
2527 691 2719 756 πόλιν
2752 689 2960 770 φηςίν.
3028 688 3202 753 Βίλ-

611 802 789 877 βινα
831 796 1020 861 πόλις
1061 797 1353 875 Περςική.
1444 797 1745 862 Μέλινα
1796 797 1986 860 πόλις
2029 796 2337 877 Ἄργους,
2392 793 2518 874 ἀφ’
2562 792 2637 872 ἧς
2680 791 3025 872 Ἀφροδίτη
3073 792 3201 855 Με-

535 906 568 955 5
617 899 828 964 λιναία
890 901 1156 978 τιμᾶται.
1254 896 1614 979 Λυκόφρων
1683 899 1839 976 «τὴν
1907 897 2210 962 Καςτνίαν
2277 897 2349 961 δὲ
2414 897 2518 960 καὶ
2585 893 2936 982 Μελιναίαν
3005 891 3199 956 θεόν»

610 999 700 1084 (ν.
743 998 920 1084 403).
1010 1000 1319 1077 Μύρινα
1360 1000 1547 1065 πόλις
1591 1000 1662 1064 ἐν
1708 1000 1958 1081 Λήμνῳ.
2032 997 2356 1062 Ἑκαταῖος
2397 996 2686 1080 Εὐρώπῃ.
2775 994 2902 1060 ἔςτι
2944 994 3049 1058 καὶ
3090 996 3202 1071 τῆς

607 1100 900 1167 Αἰολίδος
954 1100 1135 1180 ἄλλη.
1224 1100 1356 1167 ἀπὸ
1418 1100 1702 1180 Μυρίνης
1761 1098 2118 1180 ἀμφότεραι
2178 1099 2218 1177 ἢ
2277 1099 2585 1177 Μυρίνου.
2674 1096 2961 1162 (άνινα
3015 1095 3202 1160 πόλις

608 1203 713 1267 ἐπὶ
765 1208 878 1282 τῆς
934 1202 1233 1281 Ἐρυθρᾶς
1289 1202 1611 1281 θαλάςςης.
1718 1202 2060 1281 Κάρμινα
2113 1202 2305 1278 νῆςος
2362 1200 2602 1279 Ἰνδική.
2687 1198 2957 1263 Ἀλινα
3010 1200 3200 1274 νῆςος

607 1303 850 1391 Λυκίας.
940 1304 1398 1383 Ἀρτεμίδωρος
1442 1305 1513 1369 ἐν
1559 1303 1864 1383 ἐπιτομῆς
1919 1303 2173 1387 πρώτῳ.
2268 1302 2553 1366 Κύτινα
2592 1300 2794 1365 πόλις
2840 1297 3199 1379 Θεςςαλίας,

510 1410 573 1462 10
611 1405 954 1472 ὡς··Θέων
1023 1404 1094 1469 ἐν
1162 1394 1565 1485 ’ὑπομνήματι
1629 1403 2071 1484 Λυκόφρονος.
2180 1404 2480 1480 Λάγινα
2545 1403 2887 1482 πολίχνιον
2957 1399 3198 1478 Καρίας.

607 1506 1046 1572 Ἀπολλώνιος
1094 1506 1378 1585 Καρικῶν
1434 1506 1871 1589 ἑκκαιδεκάτῳ.
1960 1505 2258 1570 Ῥέςινα
2312 1505 2501 1569 πόλις
2555 1506 2705 1582 περὶ
2757 1502 2874 1567 τὸν
2918 1501 3198 1581 Ἀβορον

607 1608 917 1688 ποταμόν.
975 1607 1370 1697 ,Ἀγύρινα
1422 1607 1610 1672 πόλις
1664 1606 1958 1672 (ικελίας.
2047 1606 2395 1671 Διονύςιος
2452 1608 2521 1670 δὲ
2577 1606 2652 1670 τὸ
2700 1604 2995 1682 Ἀγύριον
3053 1601 3196 1682 ἔφη.

553 1697 570 1703 ’
609 1710 1000 1788 Γαλάρινα
1065 1709 1252 1773 πόλις
1319 1708 1595 1773 (ικελίας
1660 1707 1877 1789 κτίςμα
1944 1708 2213 1786 Μόργου
2282 1707 2558 1773 (ικελοῦ.
2656 1706 2952 1784 Λάρινα
3013 1703 3199 1769 πόλις

605 1809 930 1876 Δαυνίων.
1023 1792 1419 1889 Καμάρινα
1461 1809 1650 1874 πόλις
1694 1808 1988 1875 (ικελίας.
2077 1810 2182 1874 καὶ
2236 1809 2419 1889 λίμνη
2435 1807 2626 1902 κάφ’
2669 1808 2746 1886 ἦς
2799 1806 2839 1884 ἡ
2895 1805 3199 1884 παροιμία

505 1917 570 1967 15
608 1912 730 1991 «μὴ
799 1911 955 1977 κίνει
1019 1910 1416 1994 Καμάριναν,
1484 1909 1779 1989 ἀκίνητος
1845 1910 1970 1990 γὰρ
2036 1911 2377 1991 ἀμείνων».
2485 1910 2951 2003 Μαμάρκινα
3012 1906 3200 1971 πόλις

605 2010 933 2090 Αὐςὸνική.
1006 2013 1335 2090 Ἅρπινα
1379 2012 1566 2076 πόλις
1607 2012 1872 2077 Ἤλιδος
1915 2010 2047 2078 ἀπὸ
2094 2012 2388 2092 Ἁρπίνης
2430 2014 2544 2089 τῆς
2587 2012 2909 2092 Ἀςωποῦ,
2956 2008 3080 2088 ἀφ’
3124 2006 3200 2085 ἧς

604 2115 708 2179 καὶ
771 2114 997 2192 Ἄρεος
1064 2111 1400 2192 Οἰνόμαος.
1511 2113 1761 2189 λέγεται
1827 2115 1930 2178 καὶ
1996 2114 2324 2194 Ὀλυμπία.
2437 2112 2746 2191 Νικάνωρ.
2848 2110 3198 2175 (άλπινα
3262 2189 3269 2195 ἡ

606 2213 816 2294 ὄνομα
870 2213 1107 2292 κύριον.
1213 2214 1617 2293 Μυκέρινα
1672 2213 1882 2296 ὄνομα
1939 2216 2210 2281 πόλεως.
2308 2214 2389 2279 τὰ
2445 2215 2517 2278 δὲ
2572 2213 2834 2277 Ἰταλικὰ
2890 2231 3195 2290 προπερι-

607 2320 921 2400 ςπῶνται,
969 2315 1290 2398 (αβῖνα,
1337 2313 1763 2398 Φαυςτῖνα,
1821 2316 2233 2399 Ἰουςτῑνα,
2296 2316 2881 2397 Κωνςταντῖνα,
2925 2310 3194 2395 ἡμῑνα,

502 2425 572 2477 20
604 2417 923 2483 Πλωτῑν
942 2438 997 2481 α.
1096 2416 1386 2495 Τερῑνα
1451 2418 1638 2483 πόλις
1702 2418 1960 2483 Ἰταλίας
2023 2421 2127 2483 καὶ
2190 2420 2478 2497 ποταμὸς
2544 2416 2917 2499 ὁμώνυμος,
2983 2414 3197 2493 κτίςμα

611 2520 1105 2599 Κροτωνιατῶν,
1174 2518 1265 2581 ὡς
1309 2518 1596 2594 Φλέγων.
1685 2520 1855 2584 τινες
1900 2522 1971 2585 δὲ
2027 2524 2223 2597 νῆςον
2280 2519 2518 2603 αὐτήν,
2584 2518 2672 2583 εἰς
2728 2519 2805 2596 ἣν
2862 2516 3196 2597 ἐξεβράςθη

604 2621 819 2697 Λίγεια
859 2620 899 2698 ἡ
945 2619 1199 2702 Εειρήν,
1248 2620 1338 2684 ὡς
1380 2620 1741 2701 Λυκόφρων
1787 2621 1883 2702 (v,
1916 2620 2069 2706 726)
2118 2620 2370 2697 «Λίγεια
2414 2620 2480 2685 δ’
2526 2619 2614 2684 εἰς
2658 2619 2929 2697 Τερῖναν
2973 2617 3195 2682 ἐκναυ-
3286 2636 3303 2651 “

607 2723 1011 2788 ςθλώςεται».
1098 2720 1479 2793 ιἈκυλῑνα
1549 2723 1735 2788 πόλις
1802 2722 2122 2802 Ἰλλυρική.
2233 2722 2636 2802 Θεόπομπος.
2747 2720 3196 2799 Ταρρακῖνα

605 2825 792 2889 πόλις
844 2824 1119 2890 Ἰταλίας.
1237 2825 1583 2889 Διονύςιος
1648 2825 1721 2889 ιε’
1786 2824 2134 2904 Ῥωμαϊκῆς
2201 2822 2670 2904 ἀρχαιολογίας.
2771 2823 3194 2900 Τυρακῑναι

499 2923 572 2985 ‘25
606 2925 794 2991 πόλις
837 2924 1116 2989 (ικελίας
1160 2924 1348 3004 μικρὰ
1389 2923 1506 3005 μὲν
1552 2926 1872 3006 εὐδαίμων
1919 2924 1986 2990 δ’
2029 2925 2219 3005 ὅμως.
2308 2925 2601 3005 Τυράκην
2635 2925 2732 2990 “δὲ
2778 2924 2979 3003 αὐτὴν
3024 2923 3192 2989 Ἀλέ-

603 3031 877 3104 ξανδρος
922 3027 993 3090 ἐν
1038 3026 1311 3110 Εὐρώπῃ
1357 3030 1551 3091 καλεῖ.
3228 3106 3234 3112 Ι

772 3147 810 3184 κ·
858 3127 954 3192 Τά
998 3127 1087 3191 εἰς
1130 3131 1223 3191 πα
1267 3128 1498 3192 ςπάνια
1539 3127 1700 3194 ὄντα
1746 3129 2118 3212 βαρύνεται,
2165 3129 2567 3208 Βόρςιππα
2610 3129 2798 3194 πόλις
2838 3126 3190 3193 Χαλδαίων.

606 3230 856 3305 λέγεται
901 3229 1003 3292 καὶ
1035 3228 1406 3307 οὐδετέρως.
1469 3229 1802 3295 Μέταπα
1845 3232 2031 3295 πόλις
2062 3229 2487 3309 Ἀκαρνανίας.
2546 3231 2876 3312 Πολύβιος
2904 3231 3190 3313 πέμπτῳ.

601 3329 657 3395 Ζ
671 3330 1020 3408 αρίαςπα
1063 3331 1165 3393 καὶ
1192 3329 1521 3410 Ζαριάςπη
1566 3332 1753 3397 πόλις
1785 3332 2153 3411 Βακτριανὴ.
2217 3331 2516 3413 (τράβων
2559 3332 2863 3416 ἑνδεκάτῃ
2895 3332 2988 3417 (p.
3019 3330 3190 3413 514).

503 3441 569 3493 30
606 3431 817 3509 Χάραξ
863 3433 935 3496 δὲ
980 3431 1336 3518 οὐδετέρως
1380 3433 1460 3497 τὰ
1503 3424 1847 3512 Ζαρίαςπα.
2350 3515 2355 3520 ⁶

772 3533 866 3597 Τὰ
912 3533 1000 3597 εἰς
1043 3535 1129 3611 ρ-α
1173 3535 1414 3612 μακρὸν
1471 3540 1677 3618 μακρᾷ
1730 3536 2231 3616 παραληγόμενα
2273 3537 2699 3615 παροξύνεται
2753 3536 2886 3602 ἀπὸ
2932 3536 3191 3617 ςυμφώ-

602 3654 725 3698 νου
767 3632 1124 3717 ἀρχόμενα,
1168 3635 1375 3714 πήρα
1419 3636 1522 3702 καὶ
1562 3636 1784 3715 Πήρα
1825 3637 2015 3702 πόλις
2056 3638 2356 3703 Πιςιδίας.
2443 3640 2669 3718 χώρα.
2742 3640 2963 3718 Ξήρα
3004 3639 3191 3704 πόλις

603 3736 749 3814 περὶ
799 3736 916 3800 τάς
961 3736 1327 3815 Ἡρακλείας
1386 3739 1630 3818 ςτήλας.
1719 3738 2111 3818 Θεόπομπος
2163 3747 2635 3826 τεςςαρακοςτῷ
2679 3741 2886 3824 τρίτῳ.
2976 3742 3187 3819 θήρα.

603 3837 819 3916 Θήρα
873 3841 1065 3916 νῆςος
1121 3844 1253 3906 τῶν
1308 3839 1663 3918 (ποράδων
1720 3840 1936 3920 κτίςμα
1991 3842 2405 3922 Μεμβλιάρου
2462 3841 2610 3907 ἑνὸς
2665 3847 2796 3907 τῶν
2852 3842 3009 3922 μετὰ
3067 3840 3185 3906 Κά-

599 4065 781 4110 tamen
819 4058 1047 4123 ςίγυννα
1084 4062 1347 4126 scriptum
1385 4066 1491 4120 est,
1529 4078 1597 4112 ex
1623 4063 1871 4128 Theogn.
1899 4065 2011 4125 101,
2038 4065 2068 4112 6
2110 4068 2166 4113 et
2203 4061 2452 4118 (άλπινα
2489 4069 2546 4114 et
2571 4062 2860 4129 Μυκέρινα
2896 4080 2964 4114 ex
3001 4063 3190 4115 eodem

601 4143 652 4192 p.
691 4131 814 4190 100,
852 4132 916 4180 32
965 4135 1021 4179 et
1065 4132 1150 4180 33.
1226 4130 1312 4178 De
1349 4128 1558 4181 Ῥέςινα
1605 4130 1686 4181 St.
1724 4132 1812 4181 B.:
1862 4129 2100 4181 Ῥέςιναε
2151 4129 2200 4182 εἰ
2245 4131 2346 4194 μὲν
2396 4130 2475 4183 ὡς
2521 4130 2717 4193 Αἴγινα
2760 4131 3004 4184 τονωθεί
3057 4170 3071 4195 ,
3119 4129 3189 4182 τὸ

598 4195 821 4247 έθνικὸν
858 4195 1202 4262 Ῥεςινάτης,
1249 4194 1299 4248 εἰ
1333 4195 1394 4248 δὲ
1431 4195 1510 4248 ὡς
1547 4198 1778 4263 Τερῑνα,
1817 4197 2127 4250 Ῥεςιναῑος.
2200 4198 2513 4265 Ῥεςινάτης
2548 4198 2610 4251 δὲ
2644 4198 2888 4263 ἄμεινον.
2961 4199 3006 4251 Λ
3046 4212 3187 4263 ρινα,

603 4260 909 4328 Καμάρινα,
962 4263 1297 4329 Μαμάρκινα
1343 4281 1428 4330 ap.
1476 4266 1666 4331 Steph.
1710 4273 2157 4332 proparoxytona
2204 4274 2331 4318 sunt
2376 4273 2433 4318 et
2479 4265 2760 4331 Καμάρινα
2814 4268 2918 4318 hoe
2961 4275 3193 4318 accentu

601 4332 770 4380 etiam
796 4348 885 4397 ap,
915 4333 1327 4398 Theognostum
1353 4337 1603 4384 notatum
1628 4340 1730 4394 est,
1769 4350 1939 4398 quare
1976 4351 2085 4385 non
2121 4351 2240 4385 cum
2266 4335 2549 4387 Lobeckio
2573 4335 2741 4386 Proll.
2768 4337 2872 4386 224
2906 4339 3191 4386 accentum

600 4399 945 4460 mutandum,
982 4401 1081 4450 sed
1116 4413 1382 4451 canonem
1420 4401 1487 4450 de
1524 4403 1836 4452 nominibus
1871 4401 2084 4453 Italicis
2121 4404 2479 4469 exceptiones
2515 4418 2642 4453 suas
2680 4403 2883 4454 habere
2919 4404 3190 4453 existimo·

600 4492 664 4501 —
709 4467 846 4517 Inde
894 4483 927 4517 a
972 4468 1007 4517 l.
1057 4471 1120 4519 18
1163 4467 1235 4519 τὰ
1285 4466 1345 4519 δὲ
1397 4466 1630 4520 Ἰταλικά
1676 4485 1853 4520 canon
1889 4470 2112 4520 Arcadii
2159 4476 2270 4533 est,
2319 4486 2476 4535 quem
2512 4471 2841 4536 amplificavi
2877 4470 3191 4521 nominibus

596 4531 769 4595 ἡμῖνα
805 4533 1078 4586 Πλωτῑνα
1115 4552 1182 4586 ex
1219 4536 1469 4600 Theogn.
1507 4540 1619 4593 101,
1657 4540 1708 4600 4,
1745 4537 1974 4602 reliquis
2010 4554 2078 4589 ex
2116 4539 2392 4603 Stephano
2428 4539 2491 4588 B.
2531 4538 2785 4593 adiectis,
2925 4538 2963 4589 l.
3001 4540 3069 4588 2⁷
3104 4552 3191 4586 oa-

598 4617 797 4651 nonem
842 4601 973 4652 finxi
1019 4619 1085 4653 ex
1132 4604 1445 4654 nominibus
1487 4621 1522 4654 a
1569 4604 1854 4670 Stephano
1902 4605 2123 4668 relatiS,
2170 4606 2331 4656 omisi
2375 4604 2675 4670 Φράαςπα,
2733 4606 2880 4672 quod
2916 4610 3192 4657 'neutrum

597 4683 717 4719 esse
755 4673 965 4734 potest:
1007 4668 1293 4735 Ἰάθριππα
1329 4676 1413 4721 eet
1447 4677 1718 4723 neutrum.
1893 4672 1928 4723 1.
1968 4677 2030 4724 31
2070 4689 2337 4724 canonem
2371 4673 2596 4724 Arcadii
2630 4691 2681 4739 p.
2722 4677 2836 4736 100,
2874 4676 2967 4724 24:
3002 4672 3076 4723 τὰ
3111 4667 3189 4722 εἰ(

598 4736 633 4785 ἃ
671 4735 887 4800 μακρὸν
934 4737 1007 4801 μὴ
1045 4735 1161 4789 ἀπὸ
1207 4737 1514 4800 ςυμφώνου
1561 4738 1845 4804 ἀρχόμενα
1890 4741 2043 4805 πλὴν
2088 4743 2191 4792 τοῦ
2229 4743 2263 4804 β
2308 4741 2707 4806 παροξύνεται,
2744 4741 2915 4806 Ἥρα,
2964 4739 3185 4803 ὀπώρα,

598 4802 756 4867 χώρα
790 4807 1046 4870 nequiter
1079 4804 1390 4856 mutilatum
1414 4809 1636 4858 restitui
1660 4825 1726 4858 ex
1752 4809 2024 4860 Lobeckii
2051 4810 2370 4859 coniectura
2394 4809 2480 4861 El.
2505 4810 2533 4860 1
2557 4813 2589 4860 9
2613 4816 2726 4862 not.
2752 4813 2801 4873 7,
2826 4808 2999 4874 πήρα,
3025 4806 3186 4872 Θήρα,
