3664 5546
1440 397 1860 447 PRAEFATIO.
2748 401 2886 449 CXV
2899 404 2949 449 11

754 584 1064 651 XXXII.
1155 588 1278 653 Εἰς
1321 590 1459 667 τὴν
1505 589 2048 653 Ἀπολλωνίου
2093 588 2543 669 εἰεαγωγήν.

520 721 641 786 Hic
689 723 1197 788 commentarius
1244 723 1308 786 in
1354 720 1688 809 Apollonii
1732 722 2079 807 isagogen,
2136 745 2301 809 quae
2347 724 2504 810 quid
2551 726 2945 790 continuerit

364 827 639 911 ignotum
696 835 829 906 est,
887 825 1116 888 incerti
1168 824 1536 908 argumenti
1594 835 1694 888 est
1751 835 1817 890 et
1871 824 2046 911 ipse,
2118 835 2512 891 memoratur
2586 828 2757 890 enim
2812 825 2977 891 uno'

367 936 602 992 tantum
652 925 794 991 loco
839 926 917 990 E.
963 926 1053 990 M.
1107 927 1256 1006 143,
1303 928 1363 991 3.

517 1028 698 1093 Finis
745 1027 1018 1094 editioni
1063 1026 1482 1116 reliquiarum
1527 1028 2092 1094 Herodianearum
2139 1030 2509 1126 imponetur
2550 1029 2719 1096 libro

966 1215 1304 1281 XXXIII.
1357 1219 1530 1296 περὶ
1577 1219 1974 1297 μονήρουε
2022 1219 2316 1285 λέξεως.

510 1372 616 1436 Ex
647 1371 1057 1458 praefatione
1090 1368 1426 1435 Guilielmi
1459 1368 1786 1434 Dindorfii
1830 1367 1925 1454 (in
1958 1367 2289 1434 Guilielmi
2329 1369 2660 1436 Dindorfii
2706 1370 2935 1435 Gram-

357 1474 551 1540 matic.
598 1473 838 1540 Graec.
871 1472 999 1537 vol.
1033 1472 1097 1551 Ι,
1144 1470 1409 1557 Lipsiae
1448 1471 1637 1556 1823)
1686 1471 1847 1535 haec
1873 1470 2201 1537 describo:
2254 1471 2751 1537 «Herodianum
2789 1477 2935 1553 περὶ

357 1580 665 1657 μονήρουε
713 1578 943 1644 λέξεως
975 1575 1256 1661 primum
1302 1572 1480 1637 edidi
1525 1595 1610 1637 ex
1655 1572 1879 1638 codice
1910 1575 2089 1656 regio
2120 1572 2493 1637 Havniensi
2536 1574 2714 1656 1965,
2762 1575 2932 1639 unde

354 1701 547 1765 nuper
590 1677 947 1765 descripsit
999 1676 1084 1741 ab
1141 1697 1244 1740 me
1289 1686 1558 1759 rogatus
1603 1673 1682 1739 O.
1729 1676 1816 1740 D.
1866 1673 2204 1756 moabiae,
2269 1677 2373 1739 vir
2428 1676 2928 1758 eruditissimus,

356 1780 451 1844 cui
491 1778 845 1845 multorum
900 1777 1188 1844 locorum
1244 1777 1624 1862 ingeniosae
1679 1777 2164 1842 emendationes
2221 1777 2560 1842 debentur.
2658 1777 2775 1843 Est
2826 1780 2931 1845 hic

353 1881 534 1963 liber,
592 1884 651 1948 si
710 1883 857 1969 quis
913 1880 1111 1960 aliuS,
1168 1877 1506 1944 recondita
1549 1877 1778 1966 plenus
1825 1879 2158 1961 doctrina,
2222 1890 2289 1944 et
2344 1891 2691 1966 propterea
2736 1880 2928 1946 valde

355 1982 822 2065 memorabiliS‚
870 1981 1046 2070 quod
1089 1982 1440 2046 immunem
1485 1982 1660 2046 nacti
1707 2005 1928 2046 sumus
1975 1981 2059 2046 ab
2113 1982 2688 2066 grammaticorum
2734 1982 2928 2048 inter·

351 2085 778 2171 polationibus
831 2082 1091 2171 qualem
1149 2082 1397 2148 nullum
1454 2082 1739 2147 vidimus
1785 2084 1854 2147 in
1910 2083 1992 2146 iis
2009 2131 2026 2162 ‚
2084 2084 2197 2170 qui
2254 2082 2614 2148 Herodiani
2669 2086 2929 2151 nomine

351 2188 635 2275 inscripti
707 2187 916 2252 adhuc
983 2186 1405 2273 prodierunt»
1489 2187 1666 2270 [nam
1735 2185 1900 2250 liber
1966 2184 2329 2250 Herodiani
2397 2189 2543 2267 περὶ
2609 2189 2927 2267 διχρόνων

351 2311 506 2354 anno
550 2288 815 2353 demum
865 2287 1027 2352 1836
1072 2310 1112 2351 a
1156 2286 1464 2353 Cramero
1510 2288 1577 2351 in
1622 2286 1830 2352 lucem
1876 2289 2115 2352 missus
2161 2290 2313 2371 est].

486 2390 971 2472 «Prooemium,
1019 2389 1194 2476 quod
1239 2387 1446 2453 solum
1494 2401 1792 2475 superest
1836 2389 1902 2452 in
1947 2389 2168 2455 codice
2214 2389 2608 2454 Taurinensi
2654 2389 2727 2455 C.
2770 2390 2803 2454 I
2843 2391 2928 2456 25

350 2492 542 2558 edidit
595 2494 936 2579 Peyronus
991 2491 1058 2555 in
1115 2490 1370 2556 Notitia
1414 2490 1730 2556 libroruin
1775 2489 2450 2583 Valpergae-Calusii
2494 2515 2558 2578 p.
2603 2492 2705 2557 33.
2755 2493 2924 2557 Inte-

346 2594 509 2679 grior
553 2604 660 2660 est
705 2594 1172 2659 Havniensis».

503 2696 756 2762 Iterum
801 2696 973 2760 hunc
1019 2694 1258 2760 librum
1304 2694 1514 2760 edidit
1555 2696 1640 2760 K.
1675 2695 1883 2760 Lehrs
1933 2695 1997 2758 in
2047 2693 2447 2760 «Herodiani
2495 2695 2754 2783 Scripta
2797 2698 2926 2762 tria

346 2799 825 2865 emendatiora»
873 2798 1270 2883 Regimontii
1330 2798 1720 2862 Prussorum
1767 2820 1824 2861 a.
1879 2798 2074 2880 1848,
2135 2822 2217 2863 ex
2277 2798 2461 2862 cuius
2516 2800 2923 2885 praefatione

345 2899 495 2966 haec
538 2901 840 2967 iteranda
882 2899 1202 2965 iudicavi:
1283 2900 1630 2965 «Ceterum
1683 2898 1925 2965 librum
1978 2899 2473 2965 Monadicorum
2529 2903 2754 2987 paucis
2810 2926 2920 2966 ex-

345 3005 571 3090 ceptis,
634 3025 800 3091 quae
845 3025 974 3067 non
1021 3004 1243 3087 tetigi,
1291 3002 1428 3068 fere
1471 3002 1744 3090 politum
1790 3003 1971 3067 exire
2002 3000 2211 3083 volui,
2256 3001 2371 3067 ubi
2405 3002 2670 3068 inventa
2705 3003 2920 3069 adhuc

347 3104 641 3170 deessent
696 3115 1062 3171 commenta
1125 3127 1254 3170 non
1309 3106 1593 3187 veritus,
1657 3105 1851 3170 modo
1916 3127 2115 3169 unum
2182 3114 2551 3184 caveretur,
2621 3127 2703 3169 ne
2763 3106 2919 3192 quid

346 3207 636 3273 doctrina
677 3206 1089 3293 grammatici
1136 3206 1508 3273 detrimenti
1553 3217 1836 3293 caperet.
1897 3207 2051 3272 Feci
2096 3206 2220 3274 hoc
2262 3244 2329 3253 —-
2368 3206 2543 3294 quod
2577 3209 2753 3272 omni
2794 3233 2919 3296 ope

344 3311 670 3376 nitendum
701 3321 830 3391 est,
877 3321 951 3374 ut
981 3309 1244 3376 tandem
1290 3309 1642 3396 aliquando
1673 3308 1876 3375 libros
1908 3309 2261 3374 babeamus
2295 3309 2405 3395 qui
2439 3309 2566 3394 legi
2598 3312 2916 3398 possint».

501 3413 891 3478 Recensioni
935 3434 1092 3478 suae
1136 3413 1377 3478 adiecit
1418 3411 1656 3477 librum
1701 3411 1786 3476 ad
1829 3412 2121 3491 codicem
2163 3412 2919 3501 accurate-descriptum,

342 3537 525 3600 quem
571 3516 808 3581 iterum
840 3524 1140 3580 accurate
1185 3538 1331 3579 cum
1377 3512 1492 3579 illa
1522 3513 1802 3597 contuli3
1850 3515 1916 3577 in
1952 3514 2293 3579 Prooemio
2344 3515 2727 3581 varietatem
2763 3518 2917 3581 scri-

343 3627 565 3702 pturae
611 3615 756 3684 cod.
801 3621 1000 3680 Taur.
1047 3628 1113 3681 et
1155 3616 1554 3682 Havniensis
1600 3639 1682 3681 ex
1727 3616 2070 3682 Dindorfio
2117 3617 2457 3704 descripsi.
2523 3617 2601 3683 In
2643 3620 2917 3685 articulo

341 3720 664 3787 Ποεειδῶν
710 3717 1018 3782 Abrensii
1063 3717 1588 3785 dissertationem
1638 3718 1702 3782 in
1747 3717 2081 3804 Philologo
2127 3719 2375 3784 XXIII
2420 3719 2737 3785 consului.

500 3822 772 3887 Praeter
817 3819 1138 3906 quaedam
1184 3820 1451 3903 leviora,
1493 3842 1658 3907 quae
1693 3819 2058 3901 emendavi,
2106 3821 2173 3885 in
2218 3822 2595 3885 universum
2640 3834 2917 3903 textum,

342 3932 408 3987 ut
449 3944 488 3987 a
531 3922 807 3988 Lehrsio
851 3920 1212 4009 perpolitus
1260 3931 1385 4003 est,
1442 3922 1754 4008 repetivi,
1815 3921 2085 3988 Lehrsio
2130 3922 2400 3987 meliora
2443 3934 2777 4010 praestare
2822 3925 2914 3989 in-

342 4023 615 4090 validuS.

502 4127 955 4213 Significatum
1014 4137 1078 4191 et
1131 4149 1322 4191 usum
1366 4126 1670 4193 vocabuli
1714 4129 1997 4209 μονήρη(
2052 4127 2405 4216 explicavit
2459 4127 2770 4193 Lehrsius
2827 4126 2914 4191 ad

341 4228 582 4295 Herod.
629 4253 692 4316 p.
725 4228 849 4292 421
897 4227 996 4291 his
1044 4227 1381 4317 exemplis.
1457 4229 1673 4296 Schol.
1719 4229 1804 4294 ad
1850 4230 2127 4318 Dionys.
2175 4231 2299 4296 954
2343 4233 2592 4297 ἁπλοῦν
2638 4230 2722 4313 εἴ,
2771 4231 2912 4294 εὐν-

341 4335 522 4397 Θετον
569 4333 736 4416 ἐπεί,
781 4334 884 4395 καὶ
927 4331 1058 4396 ἀπὸ
1089 4336 1200 4410 τῆς
1232 4334 1333 4397 ἐπί
1378 4334 1479 4398 καὶ
1520 4338 1637 4398 τοῦ
1683 4333 1740 4397 εἴ
1784 4334 2127 4413 μονήρη(
2173 4335 2548 4400 εύνθεειε·
2597 4332 2911 4397 οὐδέποτε

342 4434 456 4512 γὰρ
511 4435 806 4514 πρόθεειε
862 4435 1185 4518 (υνδὲεμῳ
1240 4436 1601 4500 ευντίθεται.
1700 4434 1918 4520 Epim.
1980 4435 2088 4499 Cr.
2135 4435 2168 4499 I
2224 4435 2373 4511 162,
2422 4435 2506 4498 29
2549 4435 2711 4499 ἑπεί;
2770 4434 2912 4499 cuv-

342 4538 522 4602 θετον
585 4541 858 4616 μονῆρεε
897 4570 984 4581 -
1043 4537 1305 4617 οὐδεμία
1360 4538 1480 4615 γὰρ
1538 4536 1911 4617 ἀντωνυμία
1959 4539 2113 4618 μετὰ
2168 4539 2399 4618 μέρους
2457 4537 2654 4614 λόγου
2711 4537 2909 4601 (υντί-

344 4640 508 4701 θεῖαι
553 4641 719 4718 πλὴν
766 4643 884 4703 τοῦ
928 4638 1177 4719 ἔπειτα,
1226 4639 1531 4704 ἐπέκεινα.
1613 4641 1715 4703 καὶ
1760 4639 1954 4705 οὐδὲν
2000 4640 2309 4719 ἐπίρρημα
2354 4641 2507 4718 μετὰ
2549 4638 2910 4716 προθὲεεω(

345 4741 502 4817 πλὴν
563 4745 676 4804 τοῦ
732 4741 905 4805 κάτω
962 4739 1032 4824 (ἱ)
1089 4740 1486 4821 κατωμαδίε).
1545 4776 1629 4789 --
1683 4739 1809 4827 Ep.
1857 4739 1965 4804 Cr.
2015 4740 2047 4805 l
2097 4742 2247 4821 169,
2300 4741 2373 4804 17
2431 4740 2658 4825 ἑάφθη·
2716 4739 2910 4817 ἐχρῆν

347 4838 381 4914 ἢ
434 4839 633 4920 ἑὲφθη
696 4844 734 4921 ἢ
797 4844 1017 4922 ἐῖφθη·
1084 4843 1226 4908 ἀλλ’
1291 4843 1416 4908 {cn
1483 4848 1818 4923 μονῆρεε
1873 4845 1957 4908 τὸ
2021 4845 2268 4909 πάθος
2332 4841 2432 4904 καὶ
2486 4840 2679 4904 οὐδὲν
2736 4839 2909 4924 αὐτῷ
