3664 5546
1139 328 1298 383 ΠΕΡΙ
1339 322 1729 382 ΚΑΘΟΛΙΚΗ(
1765 320 2186 380 ΠΡΟΕΩιΔΙΑ(
2225 318 2303 377 ΙΘ.
2734 315 2746 327 “
2871 316 2997 393 497

431 505 533 569 καὶ
575 502 745 568 αἴθε
792 501 1125 583 βαρύνεται
1169 501 1283 580 μέν
1296 549 1313 582 ,
1370 499 1449 563 οὐ
1492 500 1865 590 περιςπᾶται
1911 500 1982 563 δὲ
2028 496 2117 561 ώς
2158 497 2233 561 τὸ
2278 498 2427 572 τῆλε
2473 495 2574 559 καὶ
2615 492 2774 575 ὧδε,
2836 485 3000 557 ἀλλ’ὀι

430 604 881 685 παροξύνεται,
947 603 1044 667 ὅτι
1097 602 1353 681 περιττή
1409 601 1571 666 ἐςτιν
1639 601 1676 679 ἡ
1733 606 1802 665 θε
1857 599 2148 680 ςυλλαβή.
2246 598 2320 663 τὸ
2378 598 2591 677 μέντοι
2647 596 2796 675 ὀψέ
2858 595 3000 661 ὀξύ-

430 726 631 772 νεται·
688 707 813 772 ἔςτι
869 708 939 771 δὲ
985 705 1187 783 μόνον
1244 702 1331 767 εἰς
1386 707 1472 781 ψε
1519 705 1718 779 λῆγον
1766 702 2107 783 ἐπίρρημα,
2163 700 2322 778 ὅπερ
2379 699 2449 764 έν
2506 698 2783 764 ςυνθέςει
2827 700 3002 777 φιλεῖ

429 810 682 887 τρέπειν
728 809 802 872 τὸ
846 811 878 871 ἒ
924 806 1012 872 εἰς
1041 810 1100 869 ἶ·
1159 807 1259 870 διὸ
1304 807 1380 873 τὸ
1428 805 1599 882 «ὀψὲ
1645 805 1860 870 δύων»
1910 804 1997 888 (Φ
2026 801 2180 887 232)
2226 802 2296 866 ἐν
2341 803 2479 867 δυςὶ
2524 801 2729 880 με’ρεςι
2774 800 3001 874 λόγου·

430 910 485 974 εἰ
528 910 651 989 γὰρ
694 910 774 988 ἦν
821 911 1153 991 ςύνθετον,
1210 908 1314 972 διὰ
1358 912 1473 972 τοῦ
1517 908 1549 970 ἶ
1594 906 1913 987 ἐγράφετο
1972 904 2266 986 ὀψιδύων
2312 905 2402 968 ὡς
2446 903 2798 986 ὀψιμαθής,
2854 900 3001 981 ὀψι-
3029 907 3063 958 5

430 1013 744 1077 τέλεςτον.
834 1011 1038 1076 οὕτως
1083 1012 1154 1075 δὲ
1198 1011 1301 1074 καὶ
1341 1011 1416 1074 τὸ
1464 1009 1633 1089 «ὀψὲ
1677 1009 1916 1073 δύοντα
1962 1002 2263 1085 Βοώτην»
2312 1005 2373 1089 (ε
2401 1003 2572 1089 272).
2640 1006 2760 1083 ἤδη
2790 1004 3005 1084 μέντοι

431 1115 680 1180 Αἰολεῖς
722 1115 827 1179 καὶ
868 1114 939 1178 ἐν
984 1113 1155 1198 ἁπλῇ
1199 1117 1507 1194 προφορᾷ
1551 1111 1656 1176 διὰ
1707 1115 1824 1175 τοῦ
1868 1114 1900 1173 ἶ
1954 1109 2113 1175 αὐτὸ
2158 1107 2629 1188 ἀποφαίνονται
2683 1106 2839 1186 «ὄψι
2884 1105 3005 1183 γὰρ

432 1215 727 1295 ἄρξατο».
813 1217 917 1280 καὶ
970 1217 1046 1280 τό
1091 1213 1207 1279 αἰέ
1252 1213 1573 1296 ὀξύνεται,
1629 1214 1666 1278 ὃ
1711 1213 1905 1292 χωρὶς
1946 1216 2063 1276 τοῦ
2108 1213 2146 1275 ν
2189 1211 2290 1274 καὶ
2333 1210 2487 1289 μετὰ
2515 1213 2631 1274 τοῦ
2672 1211 2710 1272 V
2742 1210 3005 1285 λέγεται.

344 1362 361 1375 ,
435 1323 815 1397 δωδεκαχῶς
861 1318 931 1381 δὲ
978 1318 1222 1394 λέγεται
1267 1314 1365 1380 ἀεί
1414 1317 1489 1380 τὸ
1547 1314 1871 1393 ἐπίρρημα
1961 1312 2114 1376 αἰεί
2168 1312 2335 1376 αἰέν
2391 1312 2564 1390 παρὰ
2617 1311 3005 1390 Δωριεῦςιν·

436 1421 610 1499 παρὰ
652 1420 737 1504 ’,δὲ
794 1419 1095 1484 Ἀττικοῖς
1149 1418 1305 1482 κατὰ
1362 1418 1665 1496 ςυςτολὴν
1720 1420 1837 1481 τοῦ
1893 1417 1935 1478 ἆ
1991 1413 2122 1479 ἀεί.
2212 1414 2378 1479 ἀλλὰ
2431 1414 2531 1479 καὶ
2573 1413 2715 1477 κατ’
2759 1412 3006 1477 ἔκταςιν
3043 1418 3108 1469 10

431 1526 551 1586 τοῦ
597 1524 637 1585 ἃ
681 1520 816 1586 ἀεί.
902 1522 1076 1601 παρὰ
1121 1522 1192 1585 δὲ
1236 1519 1560 1584 Αἰολεῦςιν
1614 1522 1723 1596 τῆς
1776 1516 2094 1596 ἀρχούςης
2149 1515 2415 1595 ἐχούςης
2467 1518 2583 1594 τὴν
2633 1520 2698 1579 ’ἀῖ
2742 1516 3006 1595 δίφθογ-

436 1643 589 1707 γον,
634 1627 750 1688 τοῦ
796 1624 1135 1687 δὲ·τέλους
1176 1624 1253 1687 τὸ
1284 1624 1315 1685 ἰ
1359 1621 1857 1700 ςυςτελλόμενον
1888 1619 2253 1700 βαρυτόνως
2297 1615 2436 1681 αἶι·
2483 1619 2730 1694 λέγεται
2760 1619 2833 1682 δὲ
2861 1617 3009 1695 παρ’

435 1725 661 1790 αὐτοῖς
704 1726 807 1789 καὶ
849 1726 961 1790 ςὺν
1006 1731 1098 1810 τῷ
1141 1728 1183 1788 ν
1225 1722 1402 1788 αἷιν.
1489 1724 1724 1799 γίνεται
1780 1724 1852 1787 δὲ
1894 1722 2053 1801 παρ’
2096 1721 2316 1785 αὐτοῖς
2360 1721 2461 1785 καὶ
2503 1721 2660 1784 κατὰ
2705 1721 3008 1799 ςυςτολὴν

434 1831 545 1904 τῆς
588 1826 905 1906 ἀρχούςης
950 1826 1075 1891 &iv
1121 1827 1223 1890 καὶ
1264 1824 1557 1908 ἀποβολῇ
1600 1828 1717 1889 τοῦ
1761 1826 1799 1889 ν
1845 1822 1923 1887 ἄῑ
1969 1822 2351 1903 βαρυτόνως.
2403 1821 2697 1887 Λάκωνες
2730 1824 2801 1887 δὲ
2846 1822 3008 1887 αἰές

438 1929 646 2008 φαςίν.
717 1928 963 2003 λέγεται
1008 1929 1079 1994 δὲ
1123 1929 1226 1992 καὶ
1269 1926 1385 1992 αἰὲ
1430 1927 1572 2006 δίχα
1615 1930 1731 1992 τοῦ
1775 1928 1813 1990 ν
1860 1926 1962 1990 καὶ
2003 1929 2120 1989 τοῦ
2165 1928 2199 1988 ’ς’
2243 1924 2348 1989 διὰ
2390 1928 2501 2003 τῆς
2530 1928 2608 1997 ,αἶ
2649 1925 3005 2004 διφθόγγου
3043 1928 3109 1977 15

437 2026 582 2095 κατ’
627 2030 830 2110 ἀρχὴν
874 2033 977 2095 καὶ
1020 2030 1123 2095 διὰ
1166 2033 1283 2095 τοῦ
1327 2032 1360 2094 ἒ
1404 2031 1560 2094 κατὰ
1602 2031 1678 2094 τὸ
1708 2029 1909 2093 τέλος.
1974 2027 2243 2091 Βοιωτοὶ
2286 2028 2356 2091 δὲ
2398 2026 2475 2104 ἠῖ
2517 2027 2623 2090 διὰ
2664 2030 2782 2090 τοῦ
2825 2029 2862 2103 ἦ
2909 2026 3010 2090 καὶ

438 2137 681 2212 μακροῦ
725 2136 842 2197 τοῦ
885 2132 917 2194 ἰ
961 2132 1119 2197 κατὰ
1162 2133 1276 2211 τὴν
1323 2132 1666 2211 λήγουςαν·
1725 2130 1970 2207 λέγεται
2017 2131 2087 2193 δὲ
2129 2130 2234 2193 καὶ
2275 2128 2401 2206 αἰή
2446 2128 2550 2193 διὰ
2593 2132 2708 2192 τοῦ
2753 2132 2791 2206 ἦ
2835 2128 3009 2207 παρὰ

439 2234 853 2313 Ταραντίνοις
898 2233 1378 2314 φυλαττομένης
1420 2237 1531 2313 τῆς
1576 2233 1720 2297 κατ’
1762 2231 1966 2310 ἀρχὴν
2012 2252 2073 2294 αι
2132 2230 2489 2310 διφθόγγου
2541 2235 2748 2313 τροπῇ
2801 2232 2912 2306 τῆς
2953 2233 3008 2291 ῖι

440 2337 798 2416 διφθόγγου
844 2336 932 2401 εἰς
975 2340 1030 2415 ἦ.
1077 2372 1156 2382 --
1201 2336 1279 2399 τὰ
1323 2336 1394 2399 δὲ
1438 2334 1673 2413 ἔχοντα
1715 2333 1790 2397 τὸ
1835 2336 1901 2416 τ,
1955 2332 2302 2411 πυςματικὰ
2355 2333 2469 2411 μὲν
2526 2330 2683 2396 ὄντα
2724 2332 2765 2409 ἢ
2820 2329 3009 2396 ἀντα-

441 2655 772 2721 διςύλλαβόν
809 2656 922 2709 ἐςτι
956 2661 1041 2724 τῷ
1079 2662 1127 2709 ῑῖι
1166 2656 1661 2735 παραΜγόμενον,
1698 2656 1843 2709 ἀλλὰ
1880 2656 2054 2719 μόνον
2088 2657 2159 2708 τὸ
2196 2654 2335 2721 ὧδε,
2383 2657 2525 2724 quod
2559 2657 2738 2724 Apoll.
2773 2657 2841 2708 de
2879 2657 3006 2709 adv.

442 2746 557 2802 591,
598 2747 660 2795 10
695 2760 762 2794 ex
800 2742 877 2794 ὥς
914 2748 970 2793 et
1006 2759 1284 2810 paragoge
1321 2743 1379 2796 δε
1407 2748 1604 2822 ‘ri-atum
1641 2748 1798 2809 putat
1835 2748 2070 2794 accentu
2104 2749 2398 2810 propterea
2431 2748 2672 2809 mutam,
2719 2743 2862 2809 quod
2898 2742 3007 2808 syl-

442 2827 570 2880 laba
605 2835 805 2878 natura
852 2828 1016 2895 longa
1060 2845 1375 2895 paragogen
1410 2829 1469 2880 δε
1507 2829 1839 2895 praecedens
1883 2829 2282 2879 circumflexum
2326 2830 2383 2880 in
2421 2845 2482 2879 se
2526 2831 2771 2893 recipere
2809 2828 3011 2879 debeat

441 2903 503 2947 ut
538 2895 761 2947 τοιοῦδε
797 2895 998 2962 τοιῷδε
1036 2898 1131 2961 (cf.
1170 2915 1220 2963 p.
1258 2899 1356 2948 616
1393 2897 1594 2962 seqq.)‚
1637 2897 1886 2973 localeQ
1898 2911 2029 2950 vero
2062 2897 2429 2962 significatum
2475 2913 2581 2947 non
2619 2913 2740 2947 esse
2777 2898 3009 2962 primiti-

441 2998 594 3044 vum,
635 2981 731 3033 sed
768 2997 865 3048 pro
904 2989 993 3033 ter
1029 2982 1233 3033 formae
1270 2998 1390 3032 cum
1422 2982 1692 3032 localibus
1727 2982 1783 3031 in
1818 2982 1880 3033 δε
1917 2982 2330 3032 similitudinem
2354 2983 2407 3032 ei
2430 2983 2757 3033 attributum
2781 2981 3007 3031 iudicat.

443 3078 506 3085 —
546 3048 707 3114 βάλε,
746 3067 852 3115 quo
926 3051 1219 3117 Apollonio
1257 3050 1323 3100 de
1361 3049 1484 3102 adv.
1523 3051 1620 3101 568
1657 3065 1775 3100 cum
1812 3048 1848 3101 ἆ
1894 3065 2057 3099 unum
2093 3066 2288 3115 corpus
2335 3050 2533 3113 efficit,
2584 3050 2653 3100 ab
2690 3049 3007 3099 Herodiano

400 3178 407 3186 .
443 3137 511 3186 ab
551 3133 586 3185 ἃ
622 3137 955 3201 seiungitur:
994 3136 1179 3188 Dichr.
1215 3137 1331 3194 297,
1372 3139 1424 3185 1:
1460 3133 1530 3185 τὸ
1566 3136 1601 3185 ἃ
1645 3133 1756 3198 πρὸ
1800 3136 1904 3185 τοῦ
1943 3119 1976 3198 β
2011 3132 2364 3186 ςυςτὲλλεται
2397 3162 2461 3170 -
2498 3133 2565 3185 οὐ
2604 3130 2835 3197 μάχεται
2867 3132 2937 3184 τὸ
2974 3130 3009 3183 ἆ

444 3219 577 3283 βάλε
614 3218 866 3271 ἐκτεῑνον
908 3218 978 3270 τὸ
1024 3218 1079 3271 ἆ·
1125 3219 1225 3271 δύο
1269 3218 1374 3284 γὰρ
1420 3218 1558 3284 μέρη
1605 3219 1777 3281 λόγου
1826 3217 1940 3271 εἰςί.
2011 3220 2076 3270 11.
2124 3220 2211 3270 Pr.
2246 3216 2291 3269 Ω
2324 3223 2448 3270 343:
2493 3218 2563 3269 τὸ
2599 3219 2633 3268 ἃ
2678 3216 2790 3283 πρὸ
2835 3219 2938 3268 τοῦ
2977 3203 3008 3280 β

444 3286 825 3339 ςυςτέλλεςθαι
861 3285 1034 3339 θέλει·
1072 3287 1157 3340 διὸ
1193 3287 1262 3339 τὸ
1298 3286 1468 3352 ἄβαλε
1509 3288 1599 3339 καὶ
1643 3287 1786 3340 κατὰ
1829 3289 2004 3338 τοῦτο
2050 3285 2391 3351 ἑςημειοῡτο.
2462 3287 2656 3337 Choer.
2692 3286 2847 3337 Orth.
2888 3289 3007 3337 183:

443 3369 478 3422 ἆ
515 3371 671 3436 βάλε·
707 3371 777 3423 τὸ
813 3373 877 3424 λε
912 3371 1096 3435 ψιλόν.
1144 3369 1293 3433 λέγει
1329 3370 1390 3423 δὲ
1428 3371 1459 3423 ὁ
1497 3371 1837 3436 Ἡρωδιανὸς
1874 3371 1962 3423 ὅτι
1996 3371 2098 3423 δύο
2135 3369 2273 3437 μέρη
2299 3371 2471 3434 λόγου
2509 3369 2656 3423 είςίν.
2678 3398 2747 3409 —
2771 3373 2855 3422 De
2894 3369 3010 3422 εἴθε

445 3446 501 3489 et
535 3439 657 3491 αἴθε
694 3442 768 3489 cf.
805 3442 883 3493 10.
918 3440 1004 3491 Al.
1041 3444 1090 3496 ὃ,
1127 3443 1210 3500 20,
1245 3440 1308 3490 11.
1346 3441 1434 3490 Pr.
1464 3438 1501 3491 Κ
1535 3443 1658 3491 292:
1697 3439 1849 3491 ὀξεῖα
1885 3438 2027 3491 κατὰ
2065 3442 2273 3504 μακρᾶς
2311 3437 2562 3504 βραχείας
2598 3438 3009 3504 ἐπιφερομένης

445 3506 511 3558 οὐ
550 3508 742 3559 πίπτει
779 3507 922 3559 κατὰ
956 3507 1025 3559 τὸ
1063 3507 1253 3559 κοινὸν
1288 3507 1442 3572 ἔθος,
1480 3506 1921 3571 ὑπεςταλμένων
1946 3509 2066 3558 τῶν
2104 3505 2579 3573 ςεςημειωμένων,
2619 3506 2868 3569 λέγωδὲ
2903 3508 3007 3557 τοῦ

445 3573 587 3640 εἴθε,
625 3574 772 3639 αἴθε,
810 3574 979 3640 ναίχι,
1018 3577 1144 3641 περὶ
1182 3574 1265 3626 ὡν
1300 3576 1389 3627 καὶ
1427 3575 1599 3638 λόγον
1641 3575 1982 3639 δεδώκαμεν.
2024 3602 2091 3611 -
2135 3577 2171 3629 l.
2210 3581 2241 3627 3
2286 3576 2456 3627 verba
2502 3575 2615 3627 ἔςτι
2661 3575 2721 3627 δὲ
2754 3601 2822 3612 --
2860 3572 2937 3626 εἰς
2973 3575 3006 3624 ῖ

446 3644 482 3696 l.
518 3645 551 3693 4
588 3646 769 3709 recepi
808 3661 874 3694 ex
911 3646 1056 3697 Mon.
1094 3646 1186 3703 26,
1224 3647 1280 3694 2:
1328 3642 1463 3707 ὸῳέ;
1514 3642 1678 3694 οὐδὲν
1727 3641 1804 3695 εἰς
1838 3647 1920 3706 ψἐ·
1956 3645 2134 3708 λῆγον
2180 3641 2484 3708 ἐπίρρημα,
2531 3641 2674 3694 ἀλλὰ
2720 3641 2894 3706 μόνον
2937 3641 3007 3693 τὸ

445 3709 576 3774 ὀψέ,
623 3710 764 3774 ὅπερ
809 3709 871 3762 ἐν
916 3710 1157 3763 ςυνθέςει
1202 3711 1353 3775 φιλεῖ
1395 3710 1625 3776 τρέπειν
1666 3710 1736 3762 τὸ
1779 3713 1811 3764 ἓ
1858 3710 1937 3764 εἰς
1981 3711 2050 3763 τὸ
2088 3715 2136 3776 ἶ,
2186 3710 2373 3776 ὥςπερ
2418 3710 2511 3762 ἐπὶ
2554 3713 2657 3764 τοῦ
2705 3709 3005 3776 ὀψιμαθὴς,

445 3776 738 3842 ὀψίτυχος,
777 3777 1141 3843 ὀψιτέλεςτον
1177 3779 1281 3830 «ἐκ
1306 3793 1369 3830 τε
1406 3778 1496 3830 καὶ
1532 3777 1641 3843 ὀψὲ
1674 3779 1886 3843 τελεῖ»,
1925 3778 2216 3843 ὀψίγονος·
2253 3779 2340 3830 διὸ
2376 3778 2466 3830 καὶ
2501 3778 2572 3830 τὸ
2608 3777 2861 3831 «δείελος
2899 3778 3007 3842 ὀψὲ

444 3846 640 3898 δύων»
677 3845 827 3910 παρὰ
873 3850 1077 3912 ποιητῇ
1122 3846 1192 3898 τό
1230 3862 1294 3897 τε
1330 3845 1481 3911 «ὀψὲ
1525 3846 1733 3898 δύοντα
1771 3847 2047 3913 Βοώτην»
2091 3847 2242 3913 παρὰ
2284 3851 2370 3913 τῷ
2417 3850 2623 3912 ποιητῇ
2660 3847 2750 3898 καὶ
2789 3846 3008 3913 Ἀράτῳ

445 3913 511 3964 οὐ
549 3912 838 3965 ςύνθετον·
885 3912 1008 3966 ἐπεὶ
1052 3914 1157 3966 κᾶν
1199 3913 1401 3979 ἔτρεπε
1443 3914 1513 3966 τὸ
1546 3918 1581 3966 ἐ’
1617 3914 1694 3967 εἰς
1731 3919 1779 3967 ῖ.
1837 3916 1943 3980 ἤδη
1983 3915 2172 3979 μέντοι
2209 3913 2427 3967 Αἰολεῖς
2462 3915 2552 3967 καὶ
2589 3913 2650 3965 ἑν
2685 3914 2836 3980 ἁπλῇ
2877 3929 3010 3978 προ-

447 3984 596 4048 φορᾷ
631 3980 719 4033 διὰ
755 3983 858 4032 τοο
894 3985 927 4032 ῖ
965 3981 1109 4034 αὐτὸ
1155 3980 1569 4047 ἀποφαίνονται
1603 3983 1744 4047 «ὄψι
1786 3983 1894 4048 γὰρ
1939 3982 2214 4048 ἄρξατο»,
2251 3982 2384 4035 ἴςως
2430 3981 2891 4047 ἀναλογώτερον,
2931 3980 3009 4033 ὡς

444 4048 725 4101 δείκνυται
761 4047 822 4100 ἐν
857 4053 945 4115 τῷ·
981 4050 1108 4115 περὶ
1144 4048 1554 4115 ἐπιρρημάτων,
1623 4052 1757 4102 Inde
1793 4054 1863 4103 ab
1899 4050 1967 4102 τὸ
2004 4050 2112 4115 ὀψὲ
2158 4050 2310 4101 δύων
2346 4078 2409 4085 -
2449 4049 2686 4115 Βοώτην
2721 4051 2906 4133 recepi
2943 4066 3011 4100 ex

443 4118 509 4167 11.
543 4119 631 4169 Pr.
669 4117 717 4169 Φ
754 4120 872 4180 232,
909 4119 1002 4168 ubi
1036 4119 1217 4169 verbis
1253 4119 1482 4184 prolatis
1517 4120 1890 4183 subiungitur:
1926 4122 2107 4170 ταῦτα
2142 4118 2173 4169 ὁ
2210 4118 2551 4182 Ἡρωδιανὸς
2587 4116 2649 4168 ἐν
2683 4121 2768 4183 τῷ
2806 4121 2858 4168 ιθ
2906 4119 3011 4182 τῆς

444 4185 716 4248 καθόλου,
755 4190 869 4234 tum
904 4187 1075 4236 verba
1110 4185 1216 4250 ἤδη
1254 4214 1319 4222 —
1355 4184 1558 4250 ἄρξατο
1592 4204 1661 4237 ex
1694 4189 1840 4237 Mon.
1890 4188 2029 4236 Nam
2054 4203 2120 4235 ex
2146 4187 2550 4252 comparatione
2576 4186 2641 4238 11.
2667 4187 2757 4239 Pr.
2785 4192 2841 4236 et
2864 4185 3011 4235 Mon.

442 4260 601 4320 patet
636 4253 780 4303 idem
819 4254 932 4304 fere
969 4254 1165 4304 iisdem
1199 4255 1382 4306 verbis
1405 4254 1776 4305 Herodianum
1799 4255 1857 4304 in
1883 4253 2172 4304 Catholica
2207 4261 2374 4319 atque
2410 4255 2467 4303 in
2502 4254 2643 4305 libro
2677 4253 2807 4318 περὶ
2844 4251 3011 4315 μον’-

443 4337 576 4388 ρους
600 4320 807 4374 λέξεως
844 4321 1095 4373 docuisse
1133 4338 1309 4387 neque
1340 4321 1726 4385 dubitandum,
1763 4326 1895 4386 quin
1929 4322 2076 4372 idem
2111 4324 2278 4372 etiam
2312 4323 2369 4372 in
2393 4321 2534 4373 libro
2559 4321 2688 4385 περὶ
2712 4319 2951 4386 ἑπιρρημ
2990 4349 3013 4359 -

445 4405 565 4441 των
590 4389 855 4441 traditum
890 4390 1074 4440 fuerit.
1125 4416 1190 4427 -
1244 4391 1278 4439 1.
1313 4393 1345 4441 8
1381 4387 1467 4440 αἰέ
1502 4392 1696 4455 scripsi
1734 4406 1831 4454 pro
1866 4387 2016 4454 αἰέν,
2061 4406 2189 4440 nam
2234 4391 2291 4439 in
2335 4389 2438 4442 hoc
2481 4406 2687 4440 canone
2725 4391 2912 4454 agitur
2945 4390 3011 4439 de

447 4459 726 4510 adverbiis
762 4459 817 4507 in
852 4457 884 4509 ἐ’
920 4458 1246 4508 terminatis,
1283 4484 1349 4494 —
1384 4458 1520 4508 Inde
1558 4460 1627 4508 ab
1663 4457 2000 4521 δωδεκαχῶς
2035 4474 2208 4523 usque
2245 4457 2317 4508 ad
2354 4459 2389 4512 l.
2418 4461 2481 4508 19
2517 4456 2825 4522 διφθόγγου
2863 4455 2941 4508 εἰς
2976 4461 3010 4521 ἠ’

448 4533 794 4579 accesserunt
820 4543 887 4576 ex
910 4525 1154 4592 Theogn.
1178 4529 1228 4588 3,
1258 4529 1281 4575 1
1319 4524 1405 4576 ἀεὶ
1428 4524 1498 4576 τὸ
1523 4523 1615 4576 ἐπί
1652 4540 1800 4591 ρημα
1824 4524 2046 4588 λέγεται
2070 4525 2433 4590 δωδεκαχῶς,
2460 4524 2647 4577 καθὼς
2672 4524 3011 4590 Ἡρωδιανὸς

450 4592 511 4643 ἐν
543 4599 614 4660 τῇ
650 4593 921 4645 καθόλου’
960 4591 1145 4644 οὕτως
1179 4592 1286 4657 γὰρ
1321 4592 1463 4644 αὐτὸ
1501 4608 1613 4658 παρ
1637 4608 1822 4660 ςτηςιν
1859 4594 1978 4645 κτλ.
2046 4595 2130 4645 Ex
2167 4595 2355 4645 eodem
2399 4594 2521 4646 loco
2560 4593 2878 4644 Catholicae
2916 4594 3011 4642 fiu-

452 4662 530 4710 xit
563 4664 663 4716 Au.
697 4663 875 4715 Paris,
910 4663 997 4713 111
1033 4664 1148 4724 321,
1189 4664 1269 4725 14,
1306 4662 1399 4712 ubi
1436 4668 1721 4728 postquam
1759 4661 2043 4714 duodecim
2080 4664 2283 4713 formae
2309 4663 2556 4728 prolatae
2582 4669 2737 4728 sunt,
2766 4662 3009 4712 additur:

453 4726 563 4778 ἔςτι
607 4728 665 4780 δὲ
710 4730 799 4781 καὶ
845 4728 910 4781 ἀέ
958 4729 1108 4794 παρὰ
1142 4727 1468 4795 Πειςάνδρῳ
1510 4728 1732 4796 Καμιρεῖ
1780 4731 1849 4782 ef.
1887 4731 2098 4782 Ahrens
2144 4732 2211 4781 de
2260 4731 2388 4784 dial.
2423 4731 2556 4782 Dor.
2603 4747 2655 4796 p.
2691 4733 2791 4782 378
2837 4746 3007 4795 seqq„

453 4798 545 4860 qui
582 4797 1019 4861 quattuordecim
1054 4800 1270 4866 specics
1305 4806 1615 4861 enumerat;
1652 4800 1808 4851 deest
1845 4801 1988 4851 enim
2024 4804 2243 4866 praeter
2276 4797 2341 4851 ἀέ
2378 4801 2545 4851 etiam
2578 4797 2693 4849 ἀέν.
2749 4798 2820 4854 cf.
2859 4814 3013 4864 prae-

522 4913 894 4951 nuaooumvs.
936 4901 981 4954 Ι.
2526 4881 2609 4946 32
