3664 5546
1178 386 1338 448 nep·
1379 382 1770 447 κΑοοΛικΗς
1806 347 2229 444 ΠΡοςΩιΔιΑς
2269 380 2341 442 ιε,
2910 376 3038 445 409

453 569 526 634 ἐν
567 575 645 654 τῇ
688 566 900 652 εὐθείᾳ
944 569 1148 647 μόνον
1204 565 1350 631 οῐον
1404 563 1503 630 ὄϊς
1548 564 1648 629 οἷς
1692 563 1796 628 καὶ
1840 562 2074 627 λοιπὸν
2117 559 2248 626 ἀπὸ
2292 563 2404 639 τῆς
2460 558 2888 642 ςυνῃρημένης
2933 555 3035 622 εὐ-

453 671 625 734 θείας
681 669 892 748 ἐκλίθη
948 667 1084 733 οἰός
1139 667 1177 746 ἡ
1233 668 1466 747 γενική.
1554 667 1656 731 καὶ
1708 664 1948 730 τούτου
1986 664 2186 743 ’χάριν
2242 662 2331 727 ὡς
2388 663 2468 742 μὴ
2525 660 2683 725 οὖςα
2736 661 2777 739 ἡ
2820 660 3035 736 γενικὴ

453 772 866 851 τριςύλλαβος
923 770 1217 851 δυνάμει,
1272 769 1440 833 ἀλλὰ
1494 768 1723 847 κυρίως
1778 767 2156 846 διςύλλαβος
2210 764 2475 844 ὠξύνθη.
2561 766 2758 827 τοῦτο
2815 762 2885 825 δὲ
2935 760 3039 824 καὶ

455 873 560 937 ἐπὶ
603 871 820 939 ἄλλων
867 872 1241 952 εὐρίςκεται,
1296 872 1459 951 φημὶ
1513 872 1585 936 δὲ
1639 871 1716 935 τὸ
1762 868 1832 933 ἐν
1886 874 1963 953 τῇ
2009 866 2218 951 εὐθείᾳ
2265 868 2467 946 μόνον
2512 865 2787 941 γίνεςθαι
2831 861 3036 927 ςυναί-

457 994 626 1052 ρεςιν
672 974 775 1038 καὶ
818 974 1051 1038 λοιπὸν
1097 973 1165 1037 ἐκ
1208 976 1320 1050 τῆς
1364 972 1792 1055 ςυνῃρημὲνης
1836 968 2082 1034 εὐθείας
2124 969 2435 1034 κλίνεςθαι
2486 969 2602 1047 τὴν
2646 967 2899 1043 γενικὴν
2946 964 3036 1028 ὡς
3078 979 3110 1030 5

456 1076 561 1139 ἐπὶ
614 1080 732 1139 τοῦ
788 1079 932 1156 φῶς
986 1075 1246 1154 φωτός
1299 1073 1403 1138 καὶ
1455 1072 1544 1137 ὦς
1598 1071 1807 1136 ὠτός.
1897 1071 2023 1136 ἔςτι
2078 1072 2201 1149 γὰρ
2257 1072 2427 1151 φόας
2482 1067 2731 1148 φόατος
2775 1067 2878 1130 καὶ
2921 1065 3037 1129 ὄας

456 1176 651 1241 ὄατος
694 1176 799 1240 καὶ
842 1177 1075 1241 λοιπὸν
1130 1179 1340 1254 κρᾶςις
1395 1176 1873 1254 παρακολουθεῖ
1923 1180 2000 1256 τῇ
2055 1171 2267 1256 εὐθείᾳ
2323 1174 2426 1236 καὶ
2466 1170 2705 1246 γίνεται
2751 1171 2893 1249 φῶς
2937 1168 3040 1231 καὶ

457 1277 544 1343 ὦς
601 1276 890 1343 κάκεῖθεν
944 1277 1217 1343 κλίνεται
1273 1278 1491 1357 φωτός
1546 1276 1648 1340 καὶ
1701 1275 1869 1339 ὠτός
1923 1275 1962 1352 ἡ
2018 1274 2248 1352 γενική.
2338 1272 2492 1337 οὐδὲ
2547 1273 2671 1350 γὰρ
2718 1270 3039 1349 δυνάμεθα

455 1382 571 1458 τὴν
616 1379 837 1460 φωτός
890 1380 995 1444 καὶ
1046 1378 1211 1444 ὠτός
1266 1379 1520 1456 γενικὴν
1578 1377 1709 1441 ἀπὸ
1764 1381 1877 1455 τῆς
1932 1375 2178 1456 φόατος
2221 1375 2325 1439 καὶ
2377 1374 2571 1439 ὄατος
2627 1374 2835 1448 λέγειν
2879 1370 3039 1436 κατὰ

457 1485 703 1564 κρᾶςιν,
749 1481 887 1546 ἐπεὶ
930 1485 1151 1561 φῶτας
1193 1481 1296 1544 καὶ
1339 1479 1504 1545 ὦτος
1534 1480 1815 1559 ὤφειλεν
1861 1477 2025 1543 εἶναι
2071 1476 2440 1559 βαρυτόνως
2485 1476 2576 1541 ὡς
2618 1474 2749 1539 ἀπὸ
2792 1476 3034 1553 τριςυλ-
3076 1484 3140 1534 10

459 1582 661 1663 λάβου
703 1586 954 1662 γενικῆς
996 1583 1316 1662 γινόμενα.
1374 1581 1516 1646 ἀλλ’
1563 1582 1653 1646 ὡς
1696 1580 1937 1659 εἴρηται
1982 1580 2053 1644 ἐν
2095 1586 2173 1665 τῇ
2203 1577 2414 1662 εὐθείᾳ
2445 1577 2704 1654 ἐγένετο
2748 1576 2786 1653 ἡ
2831 1578 3040 1652 κρᾶςις

428 1673 747 1748 ’κάκεῖθεν
789 1683 829 1761 ἡ
874 1683 1079 1749 κλίςις.
1167 1683 1566 1763 ςεςημείωται
1609 1683 1686 1748 τὸ
1731 1682 2029 1762 φρητός
2072 1680 2480 1759 ὀξυνόμενον.
2569 1677 2700 1743 ἀπὸ
2745 1677 2871 1763 γὰρ
2911 1697 3038 1755 τρι-

458 1785 776 1865 ςυλλάβου
830 1789 1080 1863 γενικῆς
1133 1789 1245 1862 τῆς
1290 1784 1582 1878 ’φρέατος
1636 1783 1990 1862 γενόμενον
2035 1783 2193 1846 κατὰ
2248 1784 2463 1860 κρᾶςιν
2509 1784 2754 1860 φρῆτος
2799 1778 3039 1860 ὤφειλε

461 1886 850 1966 βαρύνεςθαι.
940 1887 1094 1951 οὐδὲ
1149 1887 1271 1964 γὰρ
1328 1886 1651 1965 δυνάμεθα
1708 1885 1918 1962 λέγειν
1973 1883 2070 1948 ὅτι
2126 1883 2230 1948 ἐπὶ
2286 1883 2523 1947 τούτου
2577 1883 2648 1946 ἐν
2703 1887 2778 1965 τῇ
2826 1881 3038 1963 εὐθείᾳ

377 2025 386 2032 ·
459 1987 717 2063 ἐγένετο
770 1988 810 2065 ἡ
865 1991 1075 2066 κρᾶςις
1128 1985 1416 2052 κάκεῖθεν
1470 1986 1510 2064 ἡ
1554 1986 1761 2051 κλίςις.
1851 1986 2004 2050 οὐδὲ
2049 1985 2173 2063 γὰρ
2217 1981 2456 2064 εἴρηται
2510 1984 2550 2062 ἡ
2606 1987 2778 2063 φρῆρ
2824 1982 3040 2046 εὐθεῖα
3080 1993 3139 2043 15

456 2095 533 2171 τῇ
591 2090 827 2168 χρήςει.
923 2088 1090 2154 ἔςτιν
1132 2087 1266 2153 οὖν
1330 2088 1564 2170 εἰπεῖν,
1630 2087 1728 2152 ὅτι
1787 2087 1826 2164 ἡ
1894 2087 2140 2167 φρητός
2203 2089 2420 2164 γενικὴ
2481 2085 2828 2163 ςυνέδραμε
2882 2083 3040 2148 κατὰ

454 2192 571 2267 τὴν
622 2191 799 2256 τάςιν
851 2196 927 2274 τῇ
973 2190 1211 2274 Κρητός
1246 2189 1470 2271 ’γενικῇ
1525 2190 1628 2253 καὶ
1673 2188 1858 2267 ςητός
1913 2189 2015 2252 καὶ
2054 2187 2261 2266 θητός.
2306 2223 2391 2235 -
2438 2188 2516 2252 τὸ
2580 2183 2793 2250 «υἷος
2847 2184 3036 2261 ἑῆος»

455 2292 538 2373 (O
584 2290 733 2374 138)
786 2292 856 2357 ἐκ
896 2292 1315 2372 τριςυλλάβου
1358 2295 1475 2356 τοῦ
1521 2290 1682 2355 υἵῖος
1735 2289 2347 2371 προπαροξυτόνου,
2402 2287 2482 2353 οὗ
2535 2288 2575 2366 ἡ
2634 2287 2850 2352 εὐθεῖα
2901 2283 3037 2350 υἷις.

455 2393 495 2470 ἡ
555 2394 866 2458 «Θῶνος
920 2393 1331 2471 παράκοιτις»
1389 2392 1456 2473 (δ
1500 2390 1655 2472 228)
1712 2392 2139 2471 ςεςημείωται·
2201 2389 2256 2454 εἰ
2307 2390 2431 2468 γὰρ
2478 2389 2547 2454 ἐκ
2590 2393 2701 2467 τῆς
2746 2388 3040 2453 «Θώνιος

458 2495 528 2558 ἐν
594 2494 954 2572 ψαμάθοις»
1022 2491 1196 2575 (Nic.
1252 2490 1442 2556 Ther.
1495 2491 1651 2573 312)
1718 2493 2064 2574 ςυνεκόπη,
2128 2491 2246 2556 κᾶν
2312 2490 2590 2557 ὠξύνετο
2659 2491 2749 2555 ὡς
2812 2489 2852 2567 ἡ
2917 2509 3037 2553 πα-
3074 2502 3143 2552 2ο

455 2594 608 2672 τρός
650 2593 908 2673 μητρός’
972 2592 1114 2657 ἀλλ’
1159 2593 1314 2659 οὐδὲ
1359 2595 1696 2678 ςυνῄρηται
1728 2593 1821 2666 ,ἐκ
1865 2598 1976 2671 τῆς
2019 2595 2316 2675 Θόωνος,
2372 2593 2460 2658 ὥς
2514 2612 2712 2674 τινες,
2766 2591 3038 2673 ἀμαρτύ-

459 2715 595 2773 ρου.
684 2694 973 2776 οὐδαμοῦ
1025 2696 1150 2773 γὰρ
1205 2695 1244 2775 ἡ
1290 2695 1481 2761 Θόων
1535 2695 1751 2760 εὐθεῖα
1805 2692 2061 2776 εὕρηται
2105 2695 2487 2776 ςημαίνουςα
2534 2695 2650 2759 τὸν
2693 2693 3040 2769 Αἰγύπτιον

462 2797 698 2880 ἄνδρα,
776 2796 1000 2885 ὅντινα
1077 2798 1352 2877 ςημαίνει
1428 2797 1468 2875 ἡ
1536 2799 1767 2863 Θῶνος
1845 2798 2091 2880 γενική,
2158 2796 2309 2861 ἀλλ’
2373 2797 2598 2875 ἕτερον
2664 2795 2870 2875 ἄνδρα
2950 2797 3040 2861 ὡς

457 2900 619 2977 παρ’
672 2898 927 2982 Ὁμήρῳ
986 2899 1264 2963 «Θόωνά
1316 2920 1386 2964 τε
1443 2900 1766 2978 Οἰνόμαόν
1827 2920 1937 2964 τε»
1996 2900 2092 2981 (Μ
2152 2897 2318 2979 140).
2405 2899 2572 2963 ἔςτιν
2628 2897 2748 2963 οὐν
2813 2898 3037 2980 εἰπεῖν,

458 3001 557 3067 ὅτι
607 3000 766 3064 κατὰ
822 3002 1144 3081 ςυγκοπὴν
1198 3001 1428 3078 γέγονε
1478 3001 1518 3080 ἡ
1574 3002 1801 3068 Θῶνος
1854 3001 2071 3079 γενικὴ
2125 2999 2256 3066 ἀπὸ
2311 3003 2423 3078 τῆς
2466 3001 2718 3067 Θώνιος
2771 3003 3037 3079 γενικῆς.
3072 3015 3139 3064 25

459 3223 548 3274 καὶ
593 3221 766 3287 θητός
813 3238 880 3273 ex
916 3222 1111 3276 Choer.
1146 3202 1271 3286 409}
1308 3225 1392 3276 24.
1427 3251 1494 3259 -
1528 3221 1598 3274 τὸ
1644 3219 1764 3275 υἷος
1799 3251 1867 3259 --
1902 3220 2008 3275 υἴις
2057 3239 2123 3273 ex
2166 3223 2244 3274 Io.
2291 3222 2375 3274 Al.
2415 3224 2504 3284 10,
2544 3225 2608 3274 10
2653 3223 2724 3272 cf.
2771 3222 2834 3274 11.
2872 3225 2961 3274 Pr.
3000 3221 3038 3275 Ε

457 3293 584 3341 266:
639 3288 787 3342 υἷος;
844 3289 1385 3355 προπεριςπαςτέον·
1442 3289 1557 3342 ἀπὸ
1600 3290 1708 3356 γὰρ
1752 3289 1973 3343 εὐθείας
2018 3289 2133 3343 ἑςτί
2178 3291 2253 3355 μὴ
2302 3288 2597 3356 εἰρημένης
2641 3293 2745 3355 τῆς
2792 3288 2925 3354 υῐις,
2972 3290 3038 3354 ἦς

458 3357 649 3422 γενικὴ
689 3356 937 3422 ὤφειλεν
973 3357 1117 3409 εἶναι
1152 3359 1514 3423 τριςύλλαβος
1551 3356 1630 3410 ὡς
1668 3358 1920 3422 μάντιος·
1958 3358 2104 3424 αὕτη
2150 3357 2345 3411 τοίνυν
2392 3358 2737 3422 ςυναλοιφὴν
2783 3359 3039 3411 παθοῦςα

459 3425 550 3477 καὶ
594 3424 917 3489 διςύλλαβος
960 3425 1237 3490 γενομένη
1286 3425 1606 3491 βαρύνεται,
1654 3425 1720 3491 ἧς
1765 3425 2076 3478 ἀκόλουθος
2121 3425 2315 3491 δοτική
2352 3425 2627 3492 «Νηληΐῳ
2676 3422 2751 3478 υῐι
2797 3424 3038 3478 ἐοικώς»

459 3494 545 3557 (11.
583 3491 623 3544 Β
658 3493 747 3556 20)
785 3493 874 3543 καὶ
909 3491 1185 3558 αἰτιατική
1222 3493 1397 3546 «ἀλλ’
1432 3491 1525 3546 υῐα
1564 3492 1820 3547 Κλυτίοιο
1859 3492 2186 3554 ςαώςομεν»
2224 3494 2311 3557 (11.
2337 3493 2382 3546 Ο
2416 3494 2529 3559 147)
2569 3494 2658 3544 καὶ
2685 3494 3036 3559 πληθυντικὴ

460 3560 648 3612 εὐθεῖα
691 3556 852 3612 «υἷες
906 3559 938 3612 ὁ
992 3560 1093 3623 μὲν
1145 3560 1427 3615 κτεάτου»
1472 3561 1559 3626 (11.
1607 3561 1647 3614 Β
1691 3562 1812 3627 621)
1860 3562 1949 3614 καὶ
1998 3560 2274 3626 αἰτιατικὴ
2320 3559 2485 3613 «υἷάς
2541 3560 2605 3611 τ’
2649 3561 3038 3625 ὀλλυμένους»

458 3629 546 3692 (11.
582 3626 624 3679 Χ
661 3626 766 3692 62).
837 3625 1205 3692 ἀποδείξομεν
1241 3627 1299 3679 δὲ
1335 3630 1427 3681 καὶ
1462 3629 1531 3681 τὸ
1567 3627 1750 3681 «υίάςι
1796 3629 1858 3681 δὲ
1893 3627 2212 3694 Πριάμοιο»
2250 3628 2396 3692 (463)
2445 3628 2595 3694 παρὰ
2637 3632 2813 3680 τοῦτο
2860 3627 3038 3681 κεκλί-

459 3698 579 3748 ςθαι
616 3693 678 3746 ἐν
713 3697 832 3746 τοῖς
870 3696 997 3760 περὶ
1033 3695 1349 3760 ὀνομάτων.
1397 3696 1442 3749 Ο
1486 3699 1606 3748 138:
1643 3697 2164 3762 προπεριςπαςτέον
2199 3697 2308 3762 τὴν
2343 3694 2466 3749 υἷος
2499 3696 2746 3761 γενικήν.
2794 3699 2860 3749 In
2898 3697 3037 3748 libro

459 3763 588 3828 περὶ
625 3763 827 3813 παθῶν
861 3764 927 3813 Ε.
962 3765 1035 3814 Μ.
1071 3766 1188 3825 775,
1224 3768 1308 3827 20,
1348 3765 1546 3816 Choer.
1584 3766 1760 3817 Gaisf.
1796 3768 1915 3828 408,
1952 3768 2035 3828 29,
2072 3769 2172 3817 An.
2200 3766 2375 3816 Paria.
2406 3766 2430 3814 Ι
2464 3768 2586 3816 396;
2626 3764 2658 3816 ὁ
2697 3763 3037 3830 Ἡρωδιανὸς

460 3830 523 3883 ἐν
556 3833 642 3896 τῷ
680 3828 809 3894 περὶ
846 3831 1047 3881 παθῶν
1083 3830 1272 3884 οὕτως
1305 3835 1481 3884 τοῦτο
1520 3833 1615 3897 (sc.
1648 3829 1791 3898 υἷος)
1839 3832 2190 3898 ςχηματίζων
2227 3830 2421 3899 φηςίν,
2469 3831 2557 3883 ὅτι
2604 3830 2754 3883 ἐςτίν
2798 3830 2904 3884 υἷις
2950 3832 3039 3884 διὰ

457 3901 560 3963 τῆς
597 3901 651 3947 ιΤι
686 3895 995 3960 διφθόγγου
1031 3898 1175 3950 κατὰ
1208 3899 1317 3963 τὴν
1353 3900 1812 3965 παραλήγουςαν’
1848 3900 2058 3953 τούτου
2094 3899 2130 3963 ἡ
2169 3900 2360 3965 γενικὴ
2399 3898 2540 3951 υῒίος
2576 3899 2834 3952 καὶκατὰ
2859 3898 3039 3952 ςυναί-

456 3979 607 4028 ρεςιν
642 3966 765 4015 τῶν
800 3964 901 4016 δύο
938 3968 975 4016 ῐῖ
1008 3963 1089 4017 ἐἰς
1125 3963 1187 4017 ἓν
1223 3967 1486 4032 δηλονότι
1523 3967 1738 4033 μακρὸν
1775 3965 1896 4020 υἷος
1934 3968 2123 4033 ὥςπερ
2149 3967 2309 4020 Θέτις
2346 3967 2521 4019 «Θέτι
2555 3966 3039 4033 καλλιπλοκάμῳ»

461 4029 525 4096 (C
560 4030 701 4095 407).
863 4032 899 4082 1.
937 4034 1000 4083 18
1036 4033 1071 4096 ἡ
1112 4033 1310 4086 Θῶνος
1347 4033 1669 4100 παράκοιτις
1705 4064 1771 4072 -
1806 4035 2130 4101 ἀμαρτύρου
2175 4037 2210 4086 l.
2245 4039 2307 4086 21
2348 4037 2425 4087 Io.
2465 4035 2546 4085 Al.
2585 4039 2674 4099 10,
2712 4040 2760 4087 6.
2797 4062 2865 4072 -
2897 4035 2934 4084 1.
2974 4038 3033 4085 21

459 4097 708 4162 οὐδαμοῦ
734 4124 800 4136 -
826 4115 875 4165 p.
898 4101 999 4152 410
1022 4101 1109 4152 1.θ
1133 4100 1575 4167 ὑπερδιςύλλαβα
1602 4120 1669 4154 ex
1691 4104 1887 4157 Choer.
1906 4107 2024 4165 410,
2044 4108 2107 4155 31
2137 4110 2193 4155 et
2216 4101 2285 4154 τὸ
2311 4102 2372 4154 δὲ
2397 4101 2531 4153 Θῶν
2556 4102 2790 4154 Θῶντος
2816 4129 2877 4139 -
2905 4101 3039 4153 Θῶν
3063 4151 3077 4172 ,

461 4166 696 4218 Θῶντος
733 4168 1290 4232 προπεριςπωμένως
1327 4170 1364 4224 l.
1401 4174 1463 4221 15
1499 4188 1565 4222 ex
1603 4171 1796 4222 Choer.
1820 4174 1940 4233 411,
1977 4172 2060 4222 26.
2096 4198 2158 4207 -
2197 4170 2606 4231 Arcadiu3128,
2633 4173 2699 4221 20
2735 4171 2803 4220 de
2841 4169 3040 4221 Θῶνος

457 4234 628 4286 habet
663 4234 819 4284 haee:
857 4235 926 4286 τὸ
964 4235 1026 4288 δὲ
1062 4235 1260 4289 Θῶνος
1295 4235 1410 4289 ἀπὸ
1445 4241 1564 4290 τοῦ·
1586 4237 1839 4291 Θώνιδος
1874 4237 1965 4290 καὶ
1990 4236 2208 4290 Θώνιος
2247 4238 2504 4289 Ἰωνικῶς
2541 4238 2631 4288 καὶ
2670 4236 2811 4289 κατὰ
2847 4251 3039 4299 ςυγκο-

457 4303 574 4367 πὴν
611 4300 810 4354 Θῶνος
846 4302 882 4366 ἢ
919 4301 1034 4354 ἀπὸ
1070 4306 1175 4355 τοῦ
1213 4303 1382 4356 Θόων
1419 4304 1637 4358 εὐθείας
1674 4305 1908 4358 Θόωνος
1953 4306 2044 4357 καὶ
2079 4304 2265 4370 κράςει
2303 4304 2527 4369 Θῶνος,
2575 4307 2654 4356 sic
2691 4307 2833 4357 enim
2868 4305 3039 4356 verba
3100 4348 3103 4351 ,

457 4375 715 4434 corrupta
752 4370 1068 4422 emendavit
1093 4372 1272 4423 Lehrs
1297 4373 1501 4424 Herod.
1541 4390 1602 4439 p„
1622 4377 1733 4426 107.
1784 4373 1966 4426 Schol.
2004 4374 2074 4424 ad
2101 4373 2204 4428 Od.
2232 4373 2262 4424 δ
2286 4375 2413 4424 228:
2450 4371 2650 4425 Θῶνος
2686 4371 3037 4438 παράκοιτις;

458 4436 573 4489 ἀπὸ
626 4439 730 4489 τοῦ
780 4434 1014 4491 Θόωνος
1060 4438 1156 4503 (sc.
1204 4439 1346 4492 κατὰ
1391 4442 1618 4506 κρᾶςιν).
1695 4440 1802 4492 τὸν
1857 4440 2041 4493 αὐτὸν
2089 4441 2150 4493 δὲ
2203 4440 2457 4504 λέγουςιν
2511 4440 2655 4493 εἶναι
2699 4440 2805 4492 τὸν
2849 4439 3038 4493 Θῶνιν

458 4505 557 4567 (se.
596 4506 679 4557 sie
695 4508 778 4582 δ1113
802 4504 1001 4559 Θῶνος
1026 4523 1121 4573 per
1143 4524 1426 4627 syncossen
1453 4525 1520 4560 ex
1546 4508 1762 4561 Θώνιος
1799 4510 2001 4561 factum
2029 4524 2151 4561 esse
2177 4507 2463 4572 sumatur).
2512 4509 2660 4560 Mon.
2683 4513 2776 4573 32,
2803 4511 2828 4558 1
2867 4506 3038 4572 χθών.

456 4572 528 4624 τὰ
573 4570 652 4625 εἰς
699 4590 783 4627 ων
830 4574 1217 4639 μονοςύλλαβα
1261 4592 1304 4639 φ
1364 4579 1411 4627 εῖ
1455 4575 1713 4641 ἀρςενικὰ
1758 4577 1904 4629 εἶναι
1951 4578 2042 4628 καὶ
2134 4576 2362 4629 υλάττει
2404 4576 2473 4628 τὸ
2510 4581 2559 4629 ὖ]
2606 4576 2667 4628 ἐν
2710 4580 2782 4643 τῇ
2828 4580 3038 4642 γενικῆ.

457 4638 648 4760 3532*
665 4640 1634 4776 &Q“2³5031‘32'0223221’5fflz07
1651 4643 2024 4765 ἱῗτξὸθέὦῖ(
2045 4644 3039 4776 ἕκτῖιὲνῗῷῑοῖῶῖῑΐὲἔὲυὶῗὲῥώᾷ

459 4775 888 4840 περιςπώμενον
925 4779 1014 4829 καί
1057 4777 1145 4831 διὰ
1189 4782 1293 4830 τοῦ
1339 4783 1408 4830 Vr·
1453 4779 1798 4844 κλινόμενον.
1871 4783 1943 4834 ef.
1980 4783 2199 4836 Lehrsii
2243 4782 2315 4837 ad
2350 4783 2496 4839 Mon.
2548 4782 3040 4849 explicatissimam

458 4843 894 4899 adnotationem.
966 4848 1105 4899 Lob.
1142 4848 1307 4900 Proll.
1344 4850 1435 4910 73,
1472 4849 1557 4900 ΕΙ.
1594 4850 1621 4898 1
1656 4852 1784 4914 292,
1820 4851 1878 4901 11
1916 4850 2028 4902 106.
