3664 5546
639 375 796 476 '136
1605 409 1687 465 εκ
1723 409 1866 465 mn
1907 408 2315 465 ΗΡΩΔιΑΝοΥ

668 581 1041 660 Τυραννίων
1083 583 1200 661 τὴν
1245 582 1510 660 πρώτην
1556 580 1893 648 ὀξύνουςιν
1908 631 1926 663 ,
1982 580 2194 659 ὥςπερ
2246 580 2352 645 καὶ
2402 580 2578 658 παρὰ
2619 581 2758 643 τοῖς
2802 579 3104 644 Ἀττικοῖς
3125 578 3252 665 νκαὶ

629 684 1023 759 Ιἀναλόγως.
1110 684 1284 762 παρὰ
1339 684 1463 762 γὰρ
1519 684 1594 749 τὸ
1649 683 1830 762 χρεία
1894 684 1971 747 τὸ
2030 683 2190 748 κατὰ
2249 682 2529 760 ςτέρηςιν
2593 680 2851 760 ἄχρειος
2905 680 2997 746 ὡς
3053 684 3253 759 μοῦςα

669 787 964 867 ἄμουςος.
1052 786 1206 850 τούς
1250 786 1322 851 δέ
1365 806 1438 861 γε
1483 785 1697 851 ἄλλως
1739 788 2310 864 προπεριςπῶντας
2353 785 2430 849 τὸ
2474 784 2763 867 ἀχρεῖος,
2807 784 2945 848 ἐπεὶ
2989 782 3254 861 ἀχρήῑος

671 890 921 966 λέγεται
965 888 1126 967 παρ’
1155 887 1454 972 Ἣςιόδῳ,
1499 889 1538 967 ἡ
1586 889 1658 952 δὲ
1703 887 1880 955 ὀξεῖα
1923 888 2026 951 καὶ
2055 887 2094 966 ἡ
2127 887 2526 968 βαρυνομένη
2558 886 2910 953 ςυνίζουςαι
2940 905 3253 964 περιςπω-

609 1002 643 1053 5
674 991 872 1070 μένην
923 993 1250 1074 ποιούςιν,
1303 991 1762 1073 παραιτητέον,
1820 990 1913 1055 ὡς
1956 989 2075 1055 οὐκ
2119 988 2220 1053 ἀεὶ
2270 982 2498 1071 τοῦτο,
2554 988 2715 1052 καθὰ
2769 991 2970 1067 δῆλον
3026 987 3095 1053 ἐκ
3136 991 3256 1052 τοῦ

673 1093 922 1171 Ἀρήῑος
964 1093 1247 1175 Ἄρειος,
1305 1094 1624 1173 βαςιλήῖος
1679 1092 2020 1174 βαςίλειος,
2075 1090 2555 1169 αὐλιζομενάων
2611 1090 3065 1169 αὐλιζομένων.
3153 1090 3255 1153 διὸ

671 1196 749 1259 τὸ
804 1193 1062 1274 ἀχρεῖος
1116 1193 1245 1259 εἴτε
1299 1195 1474 1274 παρὰ
1526 1197 1643 1274 τὴν
1697 1194 1915 1274 χρείαν
1961 1192 2088 1259 εἴτε
2143 1193 2319 1271 παρὰ
2374 1194 2450 1258 τὸ
2516 1193 2706 1271 χρέος
2771 1192 3255 1271 προπαροξύνε-

673 1303 811 1363 ςθαι
855 1298 1040 1362 θέλει.
1123 1342 1132 1347 -

841 1426 879 1461 ιε
927 1399 1022 1463 Τὰ
1066 1391 1197 1464 ἀτὶὸ
1252 1404 1383 1463 τῶν
1437 1400 1526 1464 εἰς
1571 1406 1653 1463 ὀἳ
1710 1398 2074 1476 οὐδετέρων
2128 1398 2546 1477 παραγόμενα
2595 1398 2700 1461 διὰ
2754 1401 2865 1474 τῆς
2921 1400 2976 1460 {i
3017 1396 3258 1476 γράφε-

574 1521 641 1573 10
673 1522 774 1566 ται
819 1502 920 1566 καὶ
963 1501 1552 1584 προπαροξύνεται,
1607 1501 1661 1566 εἰ
1715 1503 1795 1580 μὴ
1850 1501 1927 1564 τὸ
1974 1502 2016 1563 ἀ
2056 1500 2419 1577 παραλήγοι
2475 1500 2545 1564 ἐν
2588 1505 2681 1582 τῷ
2726 1497 2814 1563 εἰς
2866 1503 2945 1563 ὅς’
2998 1500 3262 1577 λήγοντι

676 1604 1001 1687 οὐδετέρῳ
1045 1604 1084 1682 ἢ
1131 1604 1250 1668 δύο
1297 1603 1638 1686 ςύμφωνα,
1683 1602 1776 1667 ὧν
1820 1602 1897 1666 τὸ
1942 1604 2055 1681 μὲν
2102 1603 2395 1680 ληκτικόν
2440 1600 2538 1679 εἴη
2581 1604 2692 1678 τῆς
2734 1603 2989 1680 πρώτης
3034 1604 3260 1665 ςυλλα-

679 1708 822 1788 βῆς,
885 1707 1101 1775 τὸ,δὲ
1167 1705 1465 1784 ἀρκτικὸν
1528 1709 1640 1783 τῆς
1704 1705 2006 1783 δευτέρας
2071 1701 2215 1768 οἷον
2272 1703 2421 1768 ἕλος
2462 1700 2760 1785 ζὲλειος.
2861 1705 2967 1768 διὰ
3031 1707 3139 1781 τῆς
3204 1706 3261 1766 {i

677 1808 1038 1888 διφθόγγου
1067 1808 1105 1887 ἧ
1143 1810 1496 1887 παραγωγὴ
1541 1809 1643 1872 καὶ
1671 1806 2255 1885 προπαροξύνεται·
2301 1805 2381 1870 οὐ
2425 1806 2548 1884 γὰρ
2578 1804 2658 1884 ἦν
2691 1806 2761 1872 ἐν
2805 1813 2897 1889 τῷ
2938 1806 3262 1888 οὐδετέρῳ

676 1906 752 1976 τὸ
799 1913 866 1976 ἇ·
910 1911 1096 1976 τέλος
1139 1911 1477 1993 τέλειος,
1512 1909 1668 1989 ὄρος
1701 1910 2002 1992 ὄρειος,
2036 1908 2289 1975 ὄνειδος
2335 1906 2746 1972 ὀνείδειος.
2811 1908 3263 1988 παρεφυλαξά-

580 2029 642 2082 15
678 2035 798 2093 μην
845 2016 914 2078 δὲ
960 2014 1040 2077 τὰ
1084 2012 1203 2077 δύο
1250 2014 1560 2092 ςύμφωνα
1605 2013 1711 2076 διὰ
1752 2014 1829 2077 τὸ
1876 2012 2224 2091 Ἀργεῖος
2269 2010 2372 2075 καὶ
2413 2011 2489 2075 τὸ
2536 2009 2876 2093 ἑρκεῖος,
2930 2012 3034 2075 καὶ
3076 2012 3153 2075 τὸ
3197 2013 3266 2095 ἃ,

678 2116 817 2181 ἐπεὶ
860 2118 1038 2196 φιλεῖ
1065 2115 1170 2201 διᾲ
1198 2119 1316 2179 τοῦ
1360 2118 1394 2177 ῖ
1435 2114 1787 2195 γράφεςθαι
1830 2116 1871 2194 ἡ
1911 2113 2293 2195 παραγωγή,
2339 2112 2680 2193 πελάγιος,
2724 2111 2928 2196 ἅγιος,
2959 2112 3265 2178 Θάλπιος.

847 2218 941 2282 Τὰ
998 2216 1086 2282 εἰς
1131 2222 1281 2283 ει-οξ
1327 2217 1871 2297 ὑπερτριςύλλαβα
1935 2218 2016 2297 μὴ
2068 2215 2545 2294 πλεοναζούςης
2609 2219 2719 2293 τῆς
2784 2219 2837 2280 ε“ι
2904 2215 3266 2294 διφθόγγου

678 2321 1264 2403 προπαροξύνεται,
1308 2320 1752 2401 Αἰάντειος,
1784 2318 2221 2401 Ὁμήρειος,
2250 2318 2715 2401 γαλήνειος,
2756 2316 3266 2397 Ἱππάρχειος.

681 2424 1311 2505 Ἀλεξάνδρειος,
1358 2421 1868 2503 Ἀντιόχειος,
1914 2420 2301 2486 Ἑλένειος
2353 2420 2557 2485 τόπος
2613 2421 2776 2499 πρὸς
2819 2427 2913 2504 τῷ
2961 2421 3269 2504 Κανώβῳ,

579 2539 649 2591 20
681 2524 1005 2591 Ἑκαταῖος
1047 2526 1408 2603 περιηγήςει
1451 2523 1706 2605 Λιβύης·
1755 2514 2257 2601 Βοςπόρειος.
2306 2522 2640 2603 (οφοκλῆς
2684 2522 2756 2587 ἐν
2800 2523 2983 2588 Φινεῖ
3024 2524 3269 2607 πρώτῳ

684 2628 877 2693 «οὐδ’
921 2627 1001 2693 ἂν
1057 2629 1133 2693 τὸ
1181 2626 1572 2705 Βοςπόρειον
1629 2626 1701 2691 ἐν
1747 2624 2010 2691 (κύθαις
2060 2624 2236 2704 ὕδωρ
2253 2649 2297 2689 ν.
2386 2625 2758 2704 Ἰνάχειος
2815 2627 2906 2690 ὡς
2958 2624 3271 2704 Αἰςχύλος

681 2731 1012 2811 Προμηθεῖ
1054 2730 1337 2815 δεςμώτῃ
1380 2730 1468 2813 (v,
1513 2727 1668 2810 589)

1171 2837 1310 2898 πῶς
1354 2832 1421 2897 δ’
1465 2830 1545 2897 οὐ
1590 2833 1764 2898 κλύω
1807 2835 1919 2909 τῆς
1963 2830 2458 2910 οἰςτροδονήτου
2503 2830 2695 2909 κόρης

1171 2939 1284 3014 τῆς
1327 2934 1651 3017 Ἰναχείης,
1694 2935 1733 3013 ἣ
1777 2935 1943 3000 Διὸς
1987 2934 2214 2998 θάλπει
2257 2932 2410 3010 κέαρ

580 3052 648 3105 25
682 3040 783 3104 καὶ
825 3039 920 3121 (v.
966 3035 1119 3119 705)

1173 3140 1318 3206 οὔτ’
1360 3140 1663 3221 Ἰνάχειον
1709 3138 1952 3217 ςπέρμα
1994 3138 2149 3203 τοὺς
2192 3137 2386 3217 ἐμούς
2431 3136 2683 3216 λόγους.

684 3243 1169 3322 Ταρτάρειος
1246 3243 1407 3321 παρ’
1485 3242 1785 3324 Εὐριπίδῃ
1864 3241 1934 3307 ἐν
2018 3240 2318 3319 Εὐρυςθεῖ
2390 3246 2718 3324 ςατυρικῷ.
2818 3239 3278 3317 Ὗγάςςειος

676 3344 1084 3421 .«Ὑγάςςειον
1138 3345 1424 3410 πεδίον».
1516 3343 1990 3419 «(ολόγειος
2046 3342 2314 3422 λόφος».
2415 3340 2896 3425 Ἀπέννειος,
2962 3343 3278 3422 Ἀριμά-

686 3468 986 3531 ςπειος,
1047 3447 1474 3516 Λυκόζειος
1531 3448 1620 3512 ῶς
1664 3445 2060 3526 Πείςανδρος
2113 3443 2755 3528 τεςςαρεςκαιδεκάτῃ.
2822 3445 3279 3524 Λυκώρειος

584 3558 655 3612 30
689 3549 869 3615 Ζεύς.
915 3550 1366 3630 Ἀκρώρειοι
1410 3549 1598 3614 πόλις
1628 3548 1978 3629 Τριφυλίας
2022 3548 2125 3612 καὶ
2164 3547 2241 3611 τὸ
2273 3546 2527 3611 ἑθνικὸν
2572 3545 2946 3626 ὁμόφωνον.
2992 3548 3279 3626 γερόν-

688 3672 932 3734 τειος,
991 3653 1431 3734 λεόντειος,
1489 3651 2036 3734 δρακόντειος,
2094 3647 2769 3732 Ἀνακρεόντειος,
2826 3649 3280 3729 Λαομεδόν-

688 3774 938 3836 τειος,
1006 3754 1652 3836 Ξενοφώντειος,
1707 3753 2377 3834 Δημοφώντειος,
2447 3750 2881 3832 Θεώνειος,
2946 3750 3314 3830 Τρυφώ-“

689 3876 935 3939 νειος,
980 3856 1638 3938 Ἀργανθώνειος,
1674 3855 2113 3934 Κιθαιρώνε
2133 3874 2252 3919 ιος
2301 3879 2324 3909 α
2344 3852 2542 3918 λέπας
2577 3852 3086 3931 Κιθαιρώνειον».
3130 3852 3279 3918 Αὐ-

693 3958 1017 4024 ςόνειος.
1062 3957 1423 4038 Λυκόφρων
1454 3959 1547 4041 (ν.
1585 3954 1776 4037 1047)
1822 3955 1903 4021 «ὁ
1933 3956 2001 4020 δ’
2029 3955 2390 4021 Αὐςονείων
2421 3954 2566 4034 ἄγχι
2601 3953 3217 4033 Κάλχαντος’τόπων
3231 3978 3281 4020 ».

591 4071 658 4125 35
695 4060 762 4126 Ἀ
777 4060 1009 4141 χερόν
1024 4080 1138 4125 τει
1155 4079 1193 4124 ο
1208 4080 1269 4143 ς,
1335 4060 1373 4126 ὃ
1431 4061 1536 4124 διὰ
1593 4061 1671 4124 τὸ
1735 4059 1968 4138 μέτρον
2023 4057 2478 4138 Ἀριςτοφάνης
2540 4056 2669 4136 ἔφη
2729 4056 3154 4136 «Ἀχερόντιός
3209 4078 3284 4122 τε

697 4163 1006 4229 ςκόπελος
1072 4161 1559 4243 αἱματοςτεγής»
1631 4160 1824 4244 (Rau.
1898 4157 2074 4244 471).
2196 4160 2265 4223 Ἠ
2284 4159 2724 4241 ετιώνειος,
2801 4158 3283 4243 Ἀβάντειος,

699 4386 840 4451 λαβῇ
876 4384 946 4437 τὸ
981 4385 1018 4435 ἃ
1054 4384 1166 4450 πρὸ
1204 4387 1327 4449 μιᾶς
1363 4385 1476 4450 ἔχει
1509 4385 1616 4437 τὸν
1650 4381 1840 4436 τόνον.
1879 4384 1947 4436 cf.
1987 4383 2120 4432 Lob.
2159 4381 2243 4434 El.
2281 4381 2338 4432 11
2373 4382 2457 4432 40.
2647 4378 2683 4429 1.
2721 4382 2753 4430 9
2789 4393 2966 4429 canon
3002 4383 3188 4429 exstat
3222 4381 3285 4431 in

699 4454 764 4505 Il.
805 4456 892 4503 Pr.
931 4452 980 4505 Φ
1016 4455 1134 4516 467,
1171 4455 1423 4505 similitor
1459 4454 1736 4520 profertur
1769 4452 1825 4502 in
1863 4453 1927 4502 E.
1952 4453 2026 4503 Μ.
2052 4452 2172 4513 422,
2198 4452 2290 4501 20:
2326 4447 2398 4500 τὰ
2434 4447 2548 4499 ἀπὸ
2584 4448 2707 4497 τῶν
2744 4445 2823 4498 εἰς
2859 4447 2927 4498 o‘c‘
2961 4445 3285 4510 οὐδετέρων

700 4521 789 4574 διὰ
822 4523 926 4574 τοῦ
962 4524 1048 4574 ῑΐς·
1080 4521 1372 4587 γινόμενα,
1411 4519 1460 4574 εἰ
1497 4521 1598 4585 μὲν
1633 4524 1719 4585 τῷ
1739 4522 1793 4572 -ἇ
1829 4516 2215 4584 παραλήγεται
2239 4516 2328 4568 διὰ
2362 4518 2465 4568 τοῦ
2503 4518 2539 4567 ῖ
2563 4513 2879 4581 γράφονται
2903 4512 3028 4567 οῖον
3050 4514 3120 4567 τὸ
3144 4512 3287 4576 ἄγος

702 4589 880 4653 ἅγιος·
918 4589 967 4643 εί
1000 4590 1061 4642 δὲ
1098 4591 1172 4655 μὴ
1210 4589 1595 4656 παραλήγεται
1630 4592 1716 4655 τῷ
1752 4590 1816 4653 ἃ,
1862 4587 1951 4640 διὰ
1985 4589 2088 4652 τῆς
2126 4589 2175 4637 {i
2217 4585 2528 4649 διφθόγγου
2573 4582 2850 4648 γράφεται
2900 4582 2979 4636 ὡς
3013 4582 3082 4634 τὸ
3117 4581 3287 4636 τέλος

701 4657 942 4723 τέλειος,
982 4658 1113 4742 ὄρος
1150 4658 1347 4723 ὄρειος.
1388 4659 1467 4709 St.
1490 4658 1553 4708 B.
1597 4661 1709 4722 113,
1746 4659 1779 4707 4
1815 4657 1883 4708 de
1924 4656 2168 4720 Ἀργεῖος
2208 4670 2328 4736 egm
2364 4655 2695 4736 sententffam
2732 4653 3101 4738 emplectitffiny
3139 4667 3288 4717 quae

660 4761 668 4769 “
704 4728 981 4860 ἕῗξξῐξὲἓῖ
1016 4743 1084 4848 ἐῖ,
1121 4726 1617 4859 «ἳῖἳιῖἔῗὲῥγῗὲ
1646 4721 3291 4859 ‘3032135523'zzzfflfflassssssousstuffnssssxssa&ww

698 4877 802 4926 γον
837 4862 942 4925 τὸν
988 4861 1229 4929 κτίςτην.
1433 4863 1468 4916 1.
1511 4865 1572 4913 19
1617 4864 1838 4913 nomina.
1882 4861 2012 4912 inde
2058 4862 2128 4912 ab
2169 4856 2578 4924 Ἀλεξάνδρειος
2622 4874 2794 4925 usque
2839 4859 2911 4909 ad
2948 4854 3290 4921 Μοψόπειος

699 4932 905 4998 sumpsi
953 4947 1020 4982 ex
1068 4931 1147 4982 St.
1191 4933 1253 4984 Β.
1299 4935 1521 4998 praeter
1563 4928 1884 4995 γερόντειος
1932 4957 1994 4964 -—
2043 4924 2435 4993 Τρυφώνειος,
2490 4943 2633 4994 quae
2689 4937 2816 4982 sunt
2861 4943 2930 4980 ex
2973 4925 3181 4982 Herod.
3226 4927 3291 4978 iu
