3664 5546
617 397 746 462 200
865 410 886 437 ⁸
1552 394 1636 450 ΕΚ
1673 395 1815 450 ΤΩΝ
1857 393 2266 450 ΗΡΩΔΙΑΝΟΥ

617 569 856 648 δαρική.
919 568 1174 634 (κυθῶν
1219 568 1290 633 δὲ
1334 566 1507 647 ἀκτή.
1551 565 1875 632 Ἑκαταῖος
1930 565 2114 651 Ἀςίᾳ.
2165 565 2551 646 Κόςςυρος
2595 569 2785 646 νῆςος
2827 566 2987 631 κατὰ
3030 566 3200 633 (ελι-

618 676 860 737 νοῡντα
926 671 1203 737 (ικελίας
1267 671 1559 751 ποταμὸν
1625 670 1730 734 καὶ
1793 668 1980 735 πόλις
2053 670 2410 751 ὁμώνυμος.
2513 669 2840 748 Κίνυρος
2908 670 3202 748 Κουρέως

618 774 844 853 πατήρ.
910 772 1275 853 Λάμυρος
1318 774 1607 853 ποταμὸς
1651 771 1894 837 Λυκίας.
1940 772 2275 851 Λίγυρος
2318 773 2608 852 ποταμός
2653 772 2928 852 Ἰβηρίας.
2974 772 3202 853 Λίμυ-

621 898 755 956 ρος
810 877 1098 956 ποταμὸς
1153 874 1397 941 Λυκίας.
1463 874 1963 952 Λευκόςυρος
2017 876 2305 953 ποταμὸς
2355 874 2622 940 Κιλικίας
2678 874 2716 939 ὁ
2760 875 3026 955 ύςτερον
3068 876 3202 942 Πύ·

557 1001 590 1051 5
623 1000 839 1059 ραμος.
915 979 1209 1055 λέγονται
1275 979 1381 1042 καὶ
1446 976 1635 1058 copon
1711 977 1902 1043 ἔθνος
1965 977 2365 1057 Λευκόςυροι.
2439 976 2737 1058 (τράβων
2803 978 3215 1062 ἑκκαιδεκάτῃ

620 1082 714 1169 (p.
748 1080 901 1165 737)
960 1083 1180 1146 «δοκεῖ
1232 1081 1304 1145 δὲ
1359 1078 1491 1145 ἀπὸ
1549 1079 1958 1162 Βαβυλωνίας
2012 1083 2146 1146 τῶν
2203 1079 2424 1160 (ύρων
2478 1081 2554 1146 τὸ
2609 1080 2818 1159 ὄνομα
2871 1081 3203 1146 διατείνειν

620 1184 801 1265 μέχρι
845 1187 963 1248 τοῦ
1006 1184 1259 1249 Ἰςςικοῦ
1305 1182 1584 1265 κόλπου,
1642 1181 1773 1248 ἀπὸ
1820 1185 1892 1248 δὲ
1937 1183 2172 1248 τούτου
2217 1183 2396 1263 μέχρι
2439 1186 2558 1247 τοῦ
2602 1181 2898 1251 Εὐξείνου
2941 1184 3203 1248 πόντου.

623 1286 686 1351 οἱ
728 1289 891 1362 γοῦν
942 1285 1359 1351 Καππάδοκες
1405 1284 1792 1367 ἀμφότεροι,
1840 1284 1906 1349 οἵ
1946 1306 2014 1350 τε
2060 1286 2223 1365 πρὸς
2265 1292 2357 1371 τῷ
2403 1285 2634 1371 Ταύρῳ
2687 1284 2753 1351 οἵ
2794 1306 2863 1350 τε
2906 1287 3071 1365 πρὸς
3114 1293 3206 1369 τῷ

619 1388 893 1472 Πόντῳ,
949 1387 1127 1468 μέχρι
1182 1392 1301 1453 νῦν
1346 1386 1729 1465 Λευκόςυροι
1785 1391 2188 1453 καλοῦνται».
2279 1387 2616 1466 Νίςυρος
2672 1393 2864 1467 νῆςος
2918 1389 3025 1469 μία
3076 1393 3207 1454 τῶν

429 1550 442 1562 .
526 1510 586 1559 10
625 1490 968 1555 Κυκλάδων
1025 1490 1133 1554 «οἳ
1187 1490 1253 1553 δ’
1309 1488 1434 1568 ἄρα
1492 1489 1763 1568 Νίςυρόν
1819 1491 1889 1554 τ’
1944 1488 2166 1570 εἶχον»
2213 1490 2290 1573 (Β
2341 1488 2510 1570 676).
2598 1490 2965 1570 Τάπυρος
3018 1490 3209 1557 ἔθνος

623 1594 704 1657 ού
750 1591 975 1671 πόρρω
1020 1591 1374 1670 Ὑρκανίας.
1429 1591 1772 1671 Λέςυρος
1826 1592 2131 1673 ποταμός.
2198 1591 2521 1658 Ἑκαταῖος
2565 1591 2838 1678 Εὐρώπῃ
2896 1594 3093 1674 «μετὰ
3137 1594 3208 1658 δὲ

621 1695 804 1773 Ὕοψ
861 1694 1078 1775 πόλις,
1147 1694 1303 1772 μετὰ
1357 1696 1430 1760 δὲ
1485 1693 1761 1772 Λέςυρος
1816 1694 2162 1775 ποταμός».
2250 1695 2326 1760 τὸ
2383 1696 2455 1759 δὲ
2511 1692 2800 1773 ἀχυρός
2857 1694 2895 1759 ὁ
2950 1694 3208 1774 ἀχυρών

622 1797 798 1876 παρὰ
842 1797 1143 1861 Ἀττικοῖς
1187 1795 1477 1864 ὀξύνεται
1524 1795 1613 1862 ὡς
1657 1798 2069 1874 περιεκτικόν.
2142 1797 2221 1862 τὰ
2276 1797 2348 1861 δὲ
2392 1796 2630 1875 ἔχοντα
2672 1797 2914 1876 θηλυκὰ
2956 1800 3210 1875 τριγενῆ

623 1899 948 1981 ὀξύνεται,
994 1898 1348 1982 λιγυρός,
1392 1898 1766 1981 καπυρός,
1814 1898 2193 1982 ἁλμυράς,
2248 1897 2600 1983 ὀϊζυρός,
2656 1897 2982 1982 ὀχυρός,
3039 1898 3209 1979 ἐχυ-

527 2020 586 2071 15
625 2001 793 2083 ρός,
840 1999 1186 2082 ἰςχυρός,
1234 2000 1646 2084 βδελυρός,
1691 2000 1970 2080 ἑκυρός
2016 2000 2054 2065 ό
2097 2001 2424 2081 πενθερός.

793 2101 888 2167 Τὰ
931 2101 1036 2166 διὰ
1078 2107 1196 2168 τοῦ
1241 2106 1414 2183 W
1470 2104 1981 2185 ὑπερδιςύλλαβα
2035 2104 2219 2183 κύρια
2260 2103 2845 2186 προπαροξύνεται,
2903 2103 3212 2169 Θεόδω-

626 2226 790 2288 ρος,
844 2204 1205 2284 Ἀψωρος
1262 2206 1448 2271 πόλις
1504 2205 1837 2288 Ἰλλυρίας,
1894 2206 2314 2285 Ἰςόδωρος.
2379 2208 2726 2285 ’Άλωρος
2769 2207 2957 2272 πόλις
3003 2207 3212 2272 Μακε-

625 2306 862 2373 δονίας.
952 2306 1079 2371 ἔςτι
1136 2309 1208 2373 δὲ
1261 2308 1364 2373 καὶ
1417 2308 1493 2373 τὸ
1538 2308 1925 2387 μυχαίτατον
1981 2312 2099 2373 τοῦ
2144 2309 2462 2388 Θερμαίου
2516 2310 2785 2374 κόλπου.
2872 2309 3214 2388 Ἀζωρος

625 2409 812 2474 πόλις
854 2409 1261 2486 Πελαγονίας
1304 2413 1417 2489 τῆς
1462 2411 1811 2491 λεγομένης
1855 2409 2331 2496 Τριπολίτιδος,
2377 2411 2467 2475 ὡς
2498 2410 2795 2491 (τράβων
2838 2409 2906 2495 (7
2939 2432 3003 2496 p.
3035 2408 3212 2495 327),

522 2532 591 2581 20
628 2513 753 2578 ὑπό
797 2532 973 2577 τινος
1016 2511 1338 2592 ἐκτιςμένη
1383 2512 1681 2591 Ἀζώρου.
1757 2513 2009 2589 λέγεται
2064 2513 2165 2577 καὶ
2208 2516 2646 2592 πληθυντικῶς
2694 2513 2806 2579 «ἐν
2851 2514 3150 2593 Ἀζώροις
3166 2538 3212 2577 ».

624 2616 878 2682 Ῥιανὸς
921 2614 1260 2693 Ἀζώρειαν
1306 2614 1506 2693 αὐτήν
1551 2636 1758 2696 φηςιν.
1848 2615 2317 2695 Ἀννίχωρος
2372 2615 2562 2680 ἔθνος
2616 2614 2883 2694 πληςίον
2926 2617 3213 2695 Περςῶν.

630 2719 877 2797 λέγεται
920 2717 1025 2782 καὶ
1067 2715 1391 2797 Ἀννίχωρ.
1436 2718 1735 2799 Ἀωρος
1777 2718 1965 2783 πόλις
2014 2717 2253 2797 Κρήτης
2298 2715 2429 2784 ἀπὸ
2459 2718 2701 2797 Ἀώρας
2746 2718 3016 2800 νύμφης.
3073 2719 3212 2784 ἐκα-

628 2825 806 2888 λεῖτο
862 2821 965 2884 καὶ
1021 2818 1349 2898 (άωρος.
1415 2822 1454 2885 Γ
1471 2821 1769 2900 ἁζωρος
1820 2821 2007 2885 πόλις
2054 2820 2472 2885 Μακεδονίας.
2546 2821 2883 2899 ’Έλωρος
2927 2821 3214 2901 ποταμὸς

629 2921 667 2989 ὁ
712 2922 871 2988 κατὰ
913 2921 1256 3005 Πάχυνον,
1302 2924 1376 2988 ὃς
1422 2923 1670 3000 λέγεται
1714 2923 2007 2988 τιθαςοὺς
2038 2922 2213 3001 ἰχθῦς
2258 2922 2428 3001 ἔχειν
2473 2921 2604 2987 ἀπὸ
2629 2924 2842 3002 χειρὸς
2873 2923 3214 3004 ἑςθίοντας,

525 3044 591 3094 25
630 3027 720 3092 ὡς
766 3024 1261 3103 Ἀπολλόδωρος
1317 3025 1388 3089 ἑν
1433 3029 1751 3104 χρονικῶν
1796 3027 2037 3108 πρώτῃ.
2126 3024 2227 3089 καὶ
2279 3023 2397 3089 ἀπ’
2441 3025 2642 3089 αὐτοῦ
2685 3026 2970 3104 Ἔλωρος
3032 3027 3216 3091 πόλις

629 3126 924 3193 (ικελίας.
998 3125 1124 3191 ἔςτι
1169 3126 1271 3191 καὶ
1317 3127 1720 3192 Μακεδονίας
1771 3126 1952 3205 ἄλλη.
2029 3127 2433 3206 Θέςτωρος
2489 3127 2673 3191 πόλις
2718 3127 2984 3210 Θρᾴκης.
3058 3128 3213 3192 Θεό-

630 3248 888 3310 πομπος
934 3228 1181 3311 εἰκοςτῇ
1226 3229 1509 3313 δευτέρᾳ.
1602 3228 2112 3307 Καςςάνωρος
2166 3229 2354 3295 πόλις
2395 3229 2731 3313 Αἰγυπτία,
2785 3229 2861 3308 ἦς
2915 3229 3216 3310 μέμνηται

629 3332 913 3412 Ἔφορος
959 3330 1069 3403 κςί.
1119 3330 1333 3396 Κύτω
1347 3352 1484 3411 ρος
1538 3332 1577 3410 ἢ
1627 3329 1928 3409 Κύδωρος
1983 3332 2172 3396 πόλις
2213 3330 2681 3411 Παφλαγονίας
2735 3331 2867 3397 ἀπὸ
2916 3333 3217 3412 Κυτώρου

631 3437 749 3499 τοῦ
778 3433 1015 3512 Φρίξου
1059 3434 1303 3499 παιδός.
1353 3434 1766 3512 Μίλκωρος
1813 3434 2150 3512 Χαλκιδικὴ
2194 3432 2381 3498 πόλις
2426 3432 2497 3497 ἐν
2540 3433 2771 3517 Θρᾴκῃ.
2829 3434 3217 3514 Θεόπομπος

530 3552 598 3603 30
635 3536 721 3602 κε’
765 3533 1180 3600 Φιλιππικῶν.
1267 3536 1633 3615 Πίλωρος
1685 3536 1873 3601 πόλις
1926 3536 2072 3614 περὶ
2113 3536 2230 3600 τόν
2273 3536 2500 3599 Ἄθων.
2587 3536 2668 3599 τὰ
2723 3536 2938 3614 μέντοι
2983 3558 3218 3617 προςη-

630 3639 860 3717 γορικὰ
902 3639 941 3717 ἢ
985 3638 1303 3703 ἐπιθετικὰ
1344 3640 1448 3703 καὶ
1490 3637 1782 3705 ὀξύνεται
1824 3638 1930 3703 καὶ
1974 3636 2328 3718 βαρύνεται.
2385 3637 2487 3702 καὶ
2529 3637 2868 3705 ὀξύνονται
2912 3640 3058 3720 μέν,
3103 3640 3219 3705 ὅςα

633 3741 764 3820 ἔχει
809 3740 1071 3806 ἔννοιαν
1101 3745 1220 3805 τοῦ
1252 3741 1402 3820 ῶρῶ
1434 3739 1743 3824 ῥήματος,
1787 3740 2113 3822 θεωρός,
2159 3740 2549 3823 ὑληωρός,
2600 3738 2837 3818 ἰωρός
2883 3740 2921 3805 ὁ
2962 3742 3219 3820 γνήςιος

633 3842 875 3924 φύλαξ,
919 3843 1312 3925 πυλωρός,
1359 3843 1746 3923 θυρωρός,
1806 3844 2203 3924 μυλωρός,
2257 3843 2759 3927 φρυκτωρός,
2818 3843 3220 3921 ςκευωρός.

634 3945 714 4010 τὰ
776 3947 849 4010 δὲ
916 3944 1283 4026 βαρύνεται,
1349 3945 1684 4028 νέωρος,
1751 3945 2238 4026 ἀςχέδωρος,
2280 3942 2727 4028 ζμετέωρος,
2795 3943 3220 4025 ὀλίγωρος,

534 4063 599 4115 35
636 4046 1200 4125 ούδενόςωρος.

636 4237 819 4288 omnin
855 4250 1025 4301 usque
1063 4235 1136 4286 ad
1171 4233 1437 4302 Λέςυρος,
1477 4236 1622 4304 quod
1656 4237 1735 4287 ibi
1776 4235 1920 4288 falso
1956 4240 2175 4287 acutum
2211 4241 2324 4298 est,
2373 4253 2438 4287 ex
2476 4235 2556 4286 St.
2598 4238 2658 4287 B.
2696 4236 2912 4301 recepi,
2960 4232 3223 4301 Τάπυρος

638 4320 734 4372 pro
782 4302 1078 4368 Τάπυρρος
1125 4305 1427 4356 restituens
1473 4322 1542 4357 ex
1577 4305 1835 4360 Eustath.
1881 4304 1954 4355 ad
1999 4305 2228 4369 Dionys.
2278 4308 2400 4356 730:
2454 4303 2731 4370 Ἀπυρος,
2777 4301 2877 4357 οὓς
2924 4303 3223 4369 Ταπύρους

635 4371 806 4439 φηςίν
841 4370 875 4423 ό
915 4370 1249 4437 Γεωγράφος
1285 4371 1630 4438 ἀρχομένους
1665 4372 1781 4425 ἀπὸ
1817 4375 1922 4424 τοῦ
1959 4375 2008 4423 ·ῖ·.
2220 4373 2255 4423 l.
2293 4375 2357 4423 14
2400 4371 2618 4436 δἰἶυρός
2655 4373 2842 4439 rec-epi
2876 4388 2943 4422 ex
2980 4373 3080 4422 An.
3120 4372 3222 4426 Ox.

633 4444 669 4492 l.
710 4459 784 4503 c.,
822 4437 1040 4504 ἰςχυρός
1078 4458 1144 4493 ex
1181 4442 1369 4494 Dichr.
1405 4445 1521 4505 ⁶294,
1565 4445 1644 4504 15,
1682 4440 1950 4506 βδελυρός
1988 4457 2054 4491 ex
2089 4441 2332 4507 Theogn.
2527 4441 2561 4489 l.
2600 4444 2662 4492 17
2697 4440 2966 4506 Ἀψωρος
3004 4441 3224 4506 explevi

638 4528 703 4560 ex
749 4510 828 4563 St.
878 4510 968 4571 B.‚
1014 4511 1110 4561 ubi
1152 4507 1421 4576 Ἀῳωρος
1466 4509 1629 4562 πόλις
1681 4508 1960 4575 Ἰλλυρίας.
2041 4507 2383 4573 Ἡρωδιανὸς
2430 4507 2621 4574 ὀγδόῃ.
2700 4510 2935 4560 Nomina
2980 4509 3105 4558 inde
3153 4510 3224 4559 ab

637 4575 895 4640 Ἀλωρος
939 4605 1005 4614 ——-
1049 4575 1313 4642 Πίλωρος
1367 4579 1558 4629 addidi
1606 4595 1673 4629 ex
1720 4579 1800 4630 St.
1847 4579 1939 4641 B.‚
1985 4576 2241 4642 θυρωρός
2288 4605 2351 4611 -
2398 4576 2681 4641 ςκευωρός
2727 4595 2793 4628 ex
2840 4578 3088 4642 Theogn.
3138 4579 3225 4636 72,

640 4647 877 4697 fortasse
933 4646 1287 4697 Herodianus
1342 4648 1509 4698 etiam
1555 4647 1883 4698 Homericae
1940 4646 2146 4696 formae
2202 4643 2493 4708 θυραωρός
2550 4648 2886 4697 mentionem
2938 4645 3224 4703 iniecerat,

640 4714 822 4764 Schol.
861 4714 1008 4764 enim
1045 4715 1088 4764 B
1127 4713 1198 4764 ad
1233 4713 1300 4764 11.
1338 4713 1380 4767 Χ
1418 4717 1483 4767 69
1520 4714 1864 4779 Ἡρωδιανὸς
1900 4712 2230 4779 θυραωρούς
2264 4711 2470 4777 γράφει
2516 4729 2611 4779 pro
2650 4713 2960 4764 Aristarchi
2995 4712 3227 4763 πυλαω-

638 4780 771 4847 ρούς
807 4782 981 4834 refert
1017 4783 1255 4834 fortasse
1293 4799 1360 4833 ex
1397 4783 1712 4834 catholica.
1784 4782 2001 4846 νὲωρος
2038 4798 2149 4832 non
2184 4796 2412 4832 neccsse
2452 4789 2537 4833 est
2584 4797 2705 4832 cum
2746 4781 3048 4833 Schmidtio
3084 4794 3227 4832 νεω-

638 4848 737 4914 ρός
773 4850 1018 4901 εοτίδοτο
1054 4857 1109 4901 et
1144 4852 1603 4916 praecedentibus
1639 4851 1969 4917 adiungere,
2007 4850 2108 4900 hoc
2145 4849 2359 4913 νέωρος
2397 4850 2540 4901 idem
2578 4856 2664 4902 est
2703 4866 2767 4902 ac
2801 4848 2929 4900 νέος
2978 4849 3048 4899 cf.
3086 4850 3227 4900 hob.

639 4918 712 4968 ad
750 4919 954 4970 Buttm.
993 4918 1047 4972 11
1081 4921 1181 4970 407
1219 4923 1276 4969 et
1305 4920 1387 4970 El.
1425 4920 1480 4970 11
1519 4921 1632 4970 163.
1701 4916 2086 4983 οὺδενόςωρος
2123 4918 2357 4985 apposui
2396 4935 2461 4970 ex
2499 4918 2559 4973 11.
2597 4920 2687 4970 Pr.
2724 4917 2769 4971 Θ
2809 4919 2930 4969 178:
2968 4914 3227 4968 ούδενός-
