3664 5546
1146 380 1304 435 ΠΕΡΙ
1347 378 1734 434 ΚΑΘΟΛΙΚΗ(
1773 378 2195 433 ΠΡΟΕΩιΔΙΑ(
2237 378 2284 430 Γ.
2927 375 3012 441 59
3105 332 3114 344 ³

428 554 602 633 τρίτη
646 556 837 631 νῆςος
882 553 921 632 ἡ
966 554 1285 631 πρότερον
1320 551 1600 630 Ἐρύθεια
1643 551 1874 630 μεταξὺ
1920 548 2179 631 Ἰβηρίας
2224 550 2325 613 καὶ
2356 549 2687 628 Γαδείρων.
2744 548 3010 627 τετάρτη

430 658 500 723 ἐν
550 656 769 740 Κνίδῳ.
835 657 1092 735 πήμπτη
1137 654 1366 735 μεταξὺ
1410 652 1642 719 Λυδίας
1683 654 1785 717 καὶ
1835 651 2077 732 Καρίας.
2145 651 2291 731 ἕκτη
2346 655 2537 729 νῆςος
2576 651 2805 731 Λιβύης
2849 651 3010 728 πρὸς

429 766 503 843 τῇ
553 759 817 841 Κυρήνῃ.
895 743 1129 839 ἑβδόμη
1185 757 1372 821 πόλις
1427 739 1790 839 Λακωνική,
1846 754 1953 835 μία
2006 759 2138 819 τῶν
2195 752 2439 818 ἑκατόν.
2505 753 2707 832 ὀγδόη
2752 752 3011 818 (κυθίας

430 860 706 939 παραλία
750 861 911 939 πρὸς
955 862 1072 938 τὴν
1119 858 1407 944 λῃςτείαν
1464 859 1737 924 εὔθετος.
1808 857 1998 936 ἐνάτη
2051 855 2392 921 Αἰθιοπίας.
2459 856 2688 935 δεκάτη
2737 855 3011 933 Κύπρου.

430 964 544 1029 εἰςὶ
587 965 690 1028 καὶ
733 962 852 1027 δύο
883 961 1127 1040 νηςίδια
1169 959 1436 1039 πληςίον
1481 963 1592 1038 τῆς
1635 960 1880 1040 Λιβύης.
1969 959 2092 1024 ἔςτι
2137 961 2240 1023 καὶ
2282 958 2769 1036 Ἀλεξανδρείας.
2825 959 3008 1023 Τελ-
3038 968 3070 1019 5

431 1065 760 1148 μιςςιάς,
806 1063 968 1143 ἄκρα
1010 1064 1266 1146 Λυκίας,
1314 1064 1404 1129 ὡς
1448 1062 1903 1141 Ἀρτεμίδωρος
1968 1061 2037 1127 ἐν
2093 1061 2338 1145 δεκάτῳ
2389 1061 3011 1141 γεωγραφουμένων.

432 1167 955 1244 Βολογεςςιάς
1000 1167 1188 1231 πόλις
1229 1167 1394 1245 πρὸς
1448 1171 1540 1250 τῷ
1585 1163 1885 1248 Εὐφράτῃ
1941 1163 2009 1228 ἐκ
2057 1165 2456 1240 Βολογεςςοῦ
2514 1164 2814 1245 βαςιλέως
2868 1165 3012 1247 ᾡκι-

433 1271 638 1349 ςμένη.
727 1269 1179 1349 Ἡφαιςτιάς
1225 1269 1411 1333 πόλις
1455 1267 1525 1332 ἐν
1570 1267 1819 1351 Λήμνῳ.
1878 1267 2199 1332 Ἑκαταῖος
2242 1266 2530 1350 Εὐρώπῃ.
2595 1265 3014 1345 Κεραςτιάς

431 1374 534 1437 καὶ
582 1372 870 1450 Κεραςτίς
915 1371 1202 1435 ἐκαλεῖτο
1248 1371 1287 1449 ἡ
1338 1370 1589 1447 Κύπρος
1632 1368 1764 1434 ἀπὸ
1808 1373 1927 1434 τοῦ
1971 1369 2220 1433 πολλὰς
2264 1367 2459 1447 ἄκρας
2502 1368 2690 1447 ἔχειν.
2747 1369 2823 1433 τὸ
2869 1367 3012 1447 μέν-

431 1496 530 1540 τοι
577 1475 811 1554 μέγας
854 1475 957 1538 καὶ
1002 1476 1190 1538 λᾶας
1238 1474 1437 1536 «λᾶας
1479 1471 1783 1550 ἀναιδής»
1828 1472 1921 1552 (Δ
1952 1470 2105 1553 521)
2152 1471 2571 1536 ςυςτέλλοντα
2624 1471 2698 1535 τὸ
2755 1474 2797 1534 ἃ
2840 1463 3014 1549 ὅμως
3054 1477 3117 1528 10

434 1578 848 1659 βαρύνονται,
915 1575 1133 1653 ἐπειδὴ
1201 1574 1281 1639 ού
1336 1574 1441 1639 διὰ
1483 1578 1600 1639 τοῦ
1651 1561 1770 1639 δοῖ
1826 1574 2164 1639 κλίνονται.
2250 1573 2595 1652 ἡμάρτηται
2651 1574 2723 1637 δὲ
2778 1573 2854 1638 τὸ
2911 1572 3013 1652 μέ-

431 1701 549 1756 γας
592 1680 738 1758 περὶ
780 1681 895 1757 τὴν
940 1677 1227 1760 εὐθεῖαν,
1271 1675 1530 1755 ἐπείπερ
1573 1677 1612 1754 ἢ
1669 1677 1870 1756 βραχὺ
1924 1676 2080 1754 ἔχον
2135 1677 2211 1740 τὸ
2257 1679 2299 1739 ἇ
2352 1675 2633 1755 ὤφειλεν
2689 1674 3014 1742 ὀξύνεςθαι

433 1784 591 1847 κατὰ
636 1783 713 1847 τὸ
757 1780 979 1860 Ἀρκάς
1022 1779 1265 1862 φυγάς,
1321 1779 1360 1858 ἢ
1419 1779 1858 1860 βαρυνόμενον
1914 1778 2211 1843 ἐκτείνειν
2265 1777 2342 1842 τὸ
2395 1782 2464 1859 ἇ,
2520 1776 2613 1841 ὧν
2668 1776 3015 1855 οὐδέτερον

434 1886 579 1963 ἔχει.
668 1884 770 1948 καὶ
826 1883 931 1947 διὰ
982 1885 1177 1947 τοῦτο
1234 1880 1390 1946 οὐδὲ
1456 1880 1637 1959 ἔςχεν
1694 1880 2059 1946 ἀκόλουθον
2088 1880 2342 1962 “κλίςιν,
2408 1880 2603 1959 μέγας
2657 1879 2780 1959 γὰρ
2825 1880 3012 1960 μεγά-

437 1989 556 2051 λου
601 1985 829 2067 φαμέν.
3056 1990 3116 2040 15

1415 2175 1650 2183 .——-.—--
1689 2175 1873 2181 ————-
1886 2176 2016 2182 —---

1470 2443 1843 2499 ΒιΒΛιοΝ
1906 2437 1971 2508 γ’.

602 2619 749 2682 Πᾶν
793 2615 1003 2695 ὄνομα
1046 2616 1427 2695 διςύλλαβον
1473 2615 1726 2679 ἁπλοῦν
1772 2615 1861 2679 εἰς
1906 2621 1978 2692 ἠς
2009 2620 2365 2695 καθαρεῦον
2397 2614 2863 2679 ἀςυνάλειπτον
2909 2619 3016 2694 βα-

437 2722 721 2802 ρύνεται,
777 2718 831 2784 εἰ
886 2720 966 2798 μὴ
1023 2718 1161 2797 ἔχοι
1218 2719 1347 2797 πρὸ
1390 2719 1617 2783 τέλους
1661 2717 1865 2797 μόνον
1909 2718 1985 2784 τὸ
2031 2721 2068 2783 fi
2112 2719 2213 2783 καὶ
2258 2716 2685 2799 ἰςοςυλλάβως
2735 2716 3017 2781 κλίνοιτο

436 2825 474 2901 ἢ
529 2823 796 2887 ςύνθετα
851 2820 948 2900 εἴη
962 2871 980 2904 ,
1038 2820 1303 2903 Ναίης,
1358 2821 1572 2900 Δάης
1630 2821 1932 2886 (κυθικόν
1997 2822 2212 2886 ἔθνος·
2281 2820 2578 2895 λέγονται
2645 2821 2748 2884 καὶ
2809 2819 3017 2884 Δάςαι

438 2926 593 3005 μετὰ
635 2927 752 2988 τοῦ
795 2926 845 2987 ἰ.
917 2923 1237 3005 Κλεύης,
1282 2923 1588 3004 γλοίης,
1633 2923 1902 3001 Βρύης.
1977 2924 2067 2988 Τὸ
2113 2925 2184 2988 δὲ
2229 2923 2401 3001 Ὑῆς
2446 2926 2817 3000 περιςπᾶται
2862 2920 3019 2999 ἔχον
3054 2934 3121 2983 20

436 3028 511 3093 τὸ
557 3031 594 3091 fi
637 3027 850 3105 ὥςπερ
896 3027 998 3090 καὶ
1051 3027 1127 3090 τὸ
1182 3025 1418 3107 Θυῆς,
1478 3024 1671 3102 Κυῆς
1727 3024 2152 3106 ἰςοςυλλάβως
2208 3025 2564 3104 κλινόμενα.
2650 3025 2732 3088 τὰ
2792 3025 2863 3087 δὲ
2907 3044 3018 3088 πε-

439 3129 943 3208 ριττοςυλλὰβως
986 3127 1328 3206 κλινόμενα
1385 3127 1766 3206 βαρύνονται
1815 3127 2005 3206 Γύης
2052 3129 2091 3191 Γ
2094 3127 2287 3206 ύητος
2343 3128 2629 3207 βαςιλεὺς
2674 3131 2806 3191 τῶν
2851 3125 3017 3204 Φρυ-

438 3237 604 3314 γῶν,
651 3232 864 3309 Μύης
910 3230 1095 3294 πόλις
1139 3229 1394 3307 Ἰωνική.
1483 3228 1806 3293 Ἑκαταῖος
1852 3229 2034 3314 Ἀςίᾳ.
2100 3231 2176 3294 τὸ
2222 3231 2294 3293 δὲ
2340 3232 2523 3306 λυῆς
2570 3232 2843 3306 λυῆντος
2887 3227 3018 3293 ἀπὸ

438 3337 555 3398 τοῦ
602 3332 839 3410 λυήεις·
884 3333 988 3396 καὶ
1031 3332 1106 3396 τὸ
1149 3331 1334 3417 ζμής
1382 3331 1472 3395 ὡς
1515 3330 1819 3396 ςύνθετον
1867 3331 2173 3398 ὀξύνεται.
2262 3331 2686 3410 παραιτητέον
2742 3332 2813 3394 δὲ
2866 3331 3021 3395 τοὺς

440 3435 878 3516 βουλομέμους
924 3435 1252 3515 βαρύνειν,
1307 3432 1457 3497 ἰ’ςως
1511 3433 1952 3512 πλανηθέντας
2008 3434 2077 3498 ἐκ
2130 3437 2241 3511 τῆς
2297 3434 2633 3513 αἰτιατικῆς
2687 3437 2798 3512 τῆς
2850 3433 2938 3497 εἰς
2981 3434 3019 3493 ἧ
3055 3447 3120 3496 25

440 3537 899 3616 περατωθείςης
945 3534 1144 3614 «ὧρςε
1191 3535 1258 3598 δ’
1302 3534 1404 3599 ἐπὶ
1448 3538 1603 3614 ζαῆν
1649 3534 1930 3614 ἄνεμον»
1978 3534 2135 3617 (Od.
2181 3558 2222 3614 μ
2265 3535 2451 3620 313)·
2533 3539 2727 3601 τοῦτο
2772 3537 2844 3600 δὲ
2889 3534 3018 3599 ἔδει

479 3695 550 3700 ..-
577 3692 792 3699 --u--.—.——..
811 3691 845 3698 .-

440 3775 646 3827 δωνιάς
684 3803 745 3812 -·
782 3775 819 3829 l.
855 3778 888 3825 8
928 3773 1221 3838 Κεραςτιάς
1259 3791 1325 3824 ex
1362 3774 1441 3824 St.
1483 3775 1544 3823 B.
1646 3774 1684 3824 l.
1715 3776 1778 3824 10
1812 3776 1982 3825 verba
2016 3776 2312 3826 Homerica
2334 3776 2537 3826 'addidi
2574 3793 2640 3825 ex
2677 3775 2863 3826 Diebr.
2898 3776 3017 3836 283,

445 3850 522 3904 13,
563 3860 658 3911 pro
695 3843 772 3895 ὡς
809 3842 1218 3905 ςυςτελλόμενα
1254 3843 1479 3908 scripsi,
1517 3842 1662 3907 quod
1698 3844 1977 3893 sententia
2013 3845 2246 3908 requirit
2281 3843 2652 3895 ςυςτέλλοντα
2688 3843 2757 3894 τὸ
2793 3846 2829 3893 ᾶ
2863 3842 3018 3905 ὅμως

442 3936 498 3980 et
534 3945 756 3979 causam
793 3928 1179 3978 abnormitatis
1215 3944 1282 3976 ex
1317 3928 1571 3992 vestigiis
1607 3926 1832 3977 Arcadii
1868 3927 1957 3978 καὶ
1995 3927 2081 3978 διὰ
2125 3931 2228 3979 τοῦ
2264 3916 2361 3982 δοῖ
2406 3926 2651 3980 κλίνεται
2697 3930 2817 3995 ipse
2863 3927 3020 3978 affixi

441 4015 625 4064 verbis
657 4011 848 4076 ἐπειδὴ
887 4011 953 4063 οὐ
991 4011 1078 4064 διὰ
1102 4015 1205 4063 τοῦ
1242 4013 1335 4064 δος
1375 4009 1673 4063 κλίνονται.
1843 4012 1877 4061 l.
1906 4014 1963 4061 11
2003 4029 2175 4078 usque
2215 4014 2286 4063 ad
2321 4014 2480 4064 finem
2517 4020 2645 4064 sunt
2669 4031 2736 4063 ex
2760 4013 3017 4066 Eustath.

447 4085 599 4143 1447,
639 4084 730 4141 23,
777 4082 871 4131 ubi
909 4080 1248 4146 Ἡρωδιανὸς
1288 4078 1540 4144 καθάπερ
1580 4080 1927 4144 ήμαρτῆςθαι
1963 4079 2164 4145 γράφει
2202 4083 2318 4132 κτλ.
2389 4082 2684 4133 Adiectiva
2720 4097 3019 4147 paronyma

443 4151 512 4200 ad
565 4151 763 4199 librum
809 4149 937 4214 περὶ
983 4148 1347 4212 παρωνύμων
1395 4149 1660 4213 relegavi.
1743 4149 1918 4199 Omisi
1973 4164 2237 4200 canonem
2272 4151 2498 4201 Arcadii
2551 4152 2666 4201 πᾶν
2717 4147 3020 4213 οὐδέτερον

443 4216 520 4269 εἰς
556 4222 621 4269 ἇς
659 4215 982 4281 βαρύνεται,
1019 4216 1083 4279 γέ
1121 4231 1212 4279 ας,
1251 4220 1453 4282 γῆρας,
1490 4215 1692 4280 δέπας,
1729 4214 1928 4279 δέμας,
1967 4216 2124 4280 ςέβας
2161 4222 2224 4267 ut
2259 4220 2328 4267 ab
2367 4219 2467 4269 hoc
2504 4219 2627 4269 loco
2663 4217 2918 4268 alienum.

575 4287 612 4337 1.
653 4287 713 4335 18
751 4287 922 4336 verba
957 4285 1047 4336 καὶ
1105 4284 1455 4347 ςοςυλλάβως
1493 4281 1737 4335 κλίνοιτο
1774 4285 1808 4347 ἢ
1849 4283 2085 4336 ςύνθετα
2121 4284 2207 4350 εἴη
2245 4286 2437 4335 addidi
2472 4292 2726 4337 monente
2752 4285 3020 4338 Schmidt.

441 4354 596 4419 Δάης
645 4354 866 4418 explevi
915 4370 983 4403 ex
1029 4353 1109 4402 St.
1157 4354 1218 4403 B.
1258 4356 1381 4413 216,
1418 4357 1476 4415 3,
1531 4353 1676 4418 apud
1726 4368 1885 4417 quem
1929 4354 2284 4418 Dausqueius
2338 4370 2433 4419 pro
2479 4353 2652 4405 Δάςαι
2705 4354 3023 4419 suspicatur

442 4422 620 4474 Δάκαι
657 4421 796 4486 μετὰ
831 4424 935 4472 τοῦ
974 4425 1020 4490 ιῖ,
1159 4422 1192 4471 1.
1231 4423 1298 4470 20
1332 4418 1526 4485 γλοίης
1562 4422 1800 4471 accessit
1835 4438 1903 4471 ex
1942 4421 2136 4473 Choer.
2171 4425 2253 4484 45,
2291 4425 2372 4473 34.
2511 4423 2545 4472 l.
2582 4426 2647 4472 22
2695 4428 2820 4488 post
2858 4420 3018 4485 βαρύ-

442 4505 634 4543 νονται
671 4490 861 4540 addidi
901 4488 1038 4554 Γύης
1077 4505 1142 4539 ex
1180 4489 1376 4539 Choer.
1410 4492 1494 4550 44,
1532 4492 1563 4539 3
1600 4493 1657 4538 et
1694 4486 1856 4553 Μύης
1892 4505 1957 4538 ex
1994 4488 2074 4541 St.
2110 4493 2170 4541 B.
2198 4492 2315 4551 459,
2344 4492 2424 4540 11.
2563 4491 2597 4545 l.
2635 4494 2701 4541 23
2737 4507 2833 4556 pro
2870 4488 3017 4541 λύεις

443 4559 677 4610 λύεντος
714 4559 910 4622 scripsi
946 4557 1083 4621 λυῆς
1120 4557 1361 4622 λυῆντος
1396 4562 1654 4607 monente
1693 4556 1957 4607 Schmidt.
2160 4557 2196 4606 l.
2234 4561 2300 4608 24
2335 4559 2506 4609 verba
2541 4557 2921 4623 παραιτητέον
2956 4557 3019 4608 δὲ

439 4643 610 4692 usque
646 4625 715 4676 ad
752 4626 912 4677 finem
948 4627 1178 4676 canonis
1212 4628 1448 4691 apposui
1492 4642 1559 4676 ex
1593 4626 1662 4677 ΙΙ.
1701 4624 1788 4673 Pr.
1826 4622 1884 4675 Μ
1926 4626 2049 4686 157,
2104 4627 2200 4676 ubi
2253 4631 2378 4691 post
2420 4629 2523 4691 τῆς
2570 4625 2648 4677 εἰς
2685 4631 2717 4677 ’ν
2762 4640 3018 4691 περατω-

443 4694 626 4759 θείςης
679 4694 927 4744 additum
971 4699 1061 4745 est
1103 4692 1404 4759 ῥηθὴςεται
1447 4693 1510 4744 δὲ
1568 4692 1631 4743 ἑν
1678 4695 1748 4757 τῇ
1796 4690 1854 4743 Μ
1900 4696 2004 4757 τῆς
2046 4692 2354 4746 Ὀδυςςείας
2401 4695 2528 4760 περὶ
2573 4692 2913 4760 προςῳδίας,
2961 4701 3019 4746 et

445 4763 620 4813 Schol.
657 4763 706 4812 11
745 4762 818 4812 ad
853 4762 955 4817 Od.
993 4762 1029 4812 l.
1064 4781 1109 4816 c.
1150 4763 1221 4813 ef.
1260 4763 1435 4813 Lehrs
1475 4779 1524 4827 q.
1563 4777 1648 4826 ep.
1686 4777 1737 4823 p.
1783 4762 1876 4811 154
1911 4778 2085 4826 seqq„
2122 4763 2257 4813 Lob.
2298 4763 2496 4813 Parall.
2538 4765 2662 4824 158,
2700 4763 2913 4813 Ahrens
2948 4764 3014 4813 de

446 4831 570 4880 dial.
608 4829 759 4880 Aeol.
796 4846 847 4894 p.
876 4834 954 4891 15,
986 4834 1046 4881 18
1083 4837 1140 4882 et
1179 4849 1226 4897 p.
1258 4833 1354 4882 113
1393 4838 1451 4882 et
1487 4833 1632 4881 Mon.
1661 4831 1741 4891 17,
1770 4831 1851 4892 15,
1888 4831 1983 4880 ubi
2020 4830 2195 4881 forma
2217 4832 2357 4894 Ζαῆν
2383 4833 2708 4882 nominativi
2746 4848 2812 4882 ex
2849 4832 2988 4895 ζαῆν
3010 4831 3021 4847 ’

446 4898 568 4948 κατ’
603 4898 822 4961 ἔκλιψιν
856 4900 957 4949 τοῦ
994 4902 1029 4950 ᾶ
1065 4900 1303 4965 repetita
1337 4898 1626 4950 refellitur.
2833 4934 2837 4939 .
