3664 5546
666 382 792 448 140
1597 383 1679 439 εκ
1716 350 2310 440 τΩΝἨΡΩΔιΑΝογ

661 559 850 620 θετον
906 555 985 620 ὂν
1041 553 1174 619 ἀπὸ
1203 558 1319 619 τοῦ
1364 558 1449 634 μ-α
1493 558 1856 634 ςτερητικοῦ
1900 554 2003 619 καὶ
2044 558 2161 619 τοῦ
2205 554 2431 634 ἔργον·
2489 555 2528 620 6
2581 556 2705 635 γὰρ
2764 555 3004 635 μάργος
3049 554 3243 620 οὐδὲν

661 655 906 734 ἀγαθὸν
952 657 1296 735 ἐργάζεται.

827 759 922 823 Τὰ
966 759 1055 824 εἰς
1098 761 1268 835 ο-γᾶ
1310 758 1611 838 διβράχεα
1657 759 2024 840 βαρύνεται,
2070 758 2345 842 λόγος,
2391 759 2667 841 μόγος,
2714 759 2987 838 ψόγος.

829 861 923 926 Τὰ
968 861 1073 925 διὰ
1115 866 1233 926 τοῦ
1278 864 1435 937 ἇγ-οἱ
1480 860 1780 941 διβράχεα
1824 860 2144 926 ἐπιθετικὰ
2186 863 2290 925 καὶ
2333 863 2415 941 μὴ
2460 861 2676 927 ἐθνικά
2719 860 3042 943 ὀξύνεται,
3096 867 3242 941 φά-

599 973 632 1023 5
662 963 831 1046 γός,
888 962 1172 1042 κραγός
1226 962 1264 1027 6
1309 961 1774 1042 κραυγαςτικός.
1862 962 1937 1027 τὸ
1983 964 2054 1026 δὲ
2098 963 2388 1041 κράγος
2444 962 2483 1027 6
2538 962 2934 1042 κραυγαςμός
2981 963 3254 1043 βαρύνε-’

660 1086 761 1129 ται
806 1066 910 1128 καὶ
949 1066 1025 1130 τὸ
1077 1065 1120 1129 Κ
1132 1085 1169 1144 ρ
1187 1065 1373 1141 άγος
1417 1064 1575 1144 ὄρος
1618 1064 1860 1128 Λυκίας.
1916 1064 2331 1143 Ἀλέξανδρος
2375 1065 2655 1149 δευτέρῳ
2699 1064 3043 1130 Λυκιακῶν.
3111 1064 3242 1129 ἀπὸ

665 1167 918 1245 Κράγου
971 1170 1089 1231 τοῦ
1143 1166 1526 1246 Τρεμίλητος
1580 1166 1753 1249 υἱοῦ,
1819 1167 2056 1246 μητρὸς
2112 1168 2183 1231 δὲ
2226 1167 2602 1247 Πραξιδίκης
2655 1168 2925 1250 νύμφης.
3012 1168 3117 1231 καὶ
3165 1167 3242 1231 τὸ

666 1268 929 1345 Μάγος
974 1268 1239 1334 ἐθνικόν.
1328 1267 1441 1333 εἰςὶ
1485 1270 1557 1333 δὲ
1605 1268 1817 1344 Μάγοι
1864 1268 2052 1334 ἔθνος
2095 1271 2243 1348 περὶ
2288 1270 2555 1348 Μηδίαν.

830 1396 868 1432 ιι
916 1370 1009 1435 Τὰ
1054 1371 1142 1436 εἰς
1188 1376 1315 1449 γος
1363 1371 1706 1451 διςύλλαβα
1748 1370 1803 1435 εἰ
1847 1371 1986 1450 ἔχοι
2030 1373 2158 1448 πρὸ
2213 1372 2439 1436 τέλους
2485 1371 2791 1451 δίχρονον
2836 1372 3243 1450 ςυνεςταλμὲ-

565 1480 629 1530 10
664 1493 818 1554 νον,
862 1473 1046 1552 κύρια
1086 1474 1126 1550 ἢ
1172 1474 1604 1553 προςηγορικὰ
1634 1472 1793 1538 ὄντα
1824 1474 2160 1553 βαρύνεται
2193 1472 2337 1539 οἷον
2369 1474 2692 1556 κράγος,
2737 1474 3018 1555 πάγος,
3062 1474 3241 1552 τρά-
3327 1480 3330 1485 ’

662 1594 831 1657 γος,
887 1576 1079 1653 χωρὶς
1124 1576 1177 1640 εἰ
1221 1577 1301 1654 μὴ
1347 1574 1845 1655 μεταπλάςςοιτο
1891 1575 1979 1640 εἰς
2021 1577 2213 1653 γένος
2258 1577 2638 1658 οὐδέτερον,
2687 1577 2777 1642 ὡς
2822 1575 2953 1654 ἔχει
2997 1577 3072 1641 τὸ
3117 1580 3243 1641 ζυ-

662 1677 795 1753 γός
860 1676 1211 1756 εὑρημένον
1278 1678 1454 1756 παρὰ
1517 1685 1606 1759 τῷ
1662 1684 1895 1762 ποιητῇ
1963 1679 2064 1743 καὶ
2120 1678 2484 1757 οὐδέτερον.
2583 1679 2661 1742 τὸ
2719 1680 2789 1743 δὲ
2841 1678 3032 1754 ζυγός
3085 1678 3245 1756 παρ’

662 1777 939 1862 Ὁμήρῳ·
963 1780 1043 1844 οὑ
1088 1780 1349 1859 ςύνηθες
1394 1780 1499 1844 ἐπὶ
1541 1784 1832 1860 ςταθμοῦ.
1900 1782 2095 1857 ζυγὸν
2139 1781 2262 1859 γὰρ
2308 1781 2553 1845 ἐκεῖνος
2599 1778 2776 1844 οἶδεν
2822 1779 3100 1858 ἅρματος
3143 1780 3247 1843 καὶ

662 1881 898 1960 ἁμάξης
941 1883 1045 1946 καὶ
1087 1883 1473 1962 ζυγόδεςμον
1517 1882 1747 1961 ἱμάντα
1775 1881 1857 1965 (Ω
1888 1881 2041 1964 270)
2083 1884 2199 1949 τὸν
2244 1884 2439 1959 ζυγὸν
2484 1886 2614 1947 τῶν
2645 1884 2833 1964 ζῴων
2877 1881 3241 1957 ζευγνύντα

567 1998 627 2049 15
664 1983 815 2048 ὅθεν
862 1984 1170 2063 ὑψίζυγος
1216 1984 1336 2063 οὐχ
1381 1983 1420 2048 6
1464 1984 1602 2049 ἄνω
1648 1985 1995 2065 ςταθμίζων
2039 1985 2120 2049 τὰ
2163 1985 2305 2049 κατ’
2336 1984 2721 2063 ἀνθρώπους
2768 1984 3031 2048 δύναται
3063 1981 3242 2047 εἶναι.

662 2085 789 2149 ἔςτι
834 2086 907 2150 δὲ
951 2087 1142 2164 ζυγός
1186 2086 1289 2151 καὶ
1328 2088 1605 2166 καθέδρα
1646 2092 1778 2152 τῶν
1824 2087 2244 2169 ἐρεςςόντων,
2291 2086 2442 2152 ὅθεν
2476 2086 2784 2165 ὑψίζυγος
2828 2085 2866 2150 6
2902 2085 3020 2165 ὕψι
3065 2086 3241 2150 καθέ-

664 2192 823 2266 δραν
889 2187 1059 2267 ἔχων
1118 2189 1275 2254 κατὰ
1337 2189 1411 2254 τὸ
1479 2188 1625 2253 «ἐπὶ
1688 2192 1906 2264 ζυγοῖς
1970 2190 2267 2256 καθέζετο
2303 2188 2572 2268 ’ἀρχῆω
2629 2189 2706 2253 τὸ
2773 2192 2890 2253 τοῦ
2943 2190 3243 2266 τραγικοῦ

661 2287 918 2374 (Eurip.
966 2288 1213 2354 Phoen.
1260 2290 1370 2374 72)
1416 2292 1517 2355 καὶ
1559 2295 1754 2355 τοῦτο
1800 2294 1872 2356 δὲ
1927 2291 2059 2356 ἀπὸ
2124 2294 2236 2369 τῆς
2300 2294 2744 2371 κυβερνητικῆς
2806 2290 3244 2369 μετενήνεκται

663 2392 1110 2458 καταςτάςεως.
1199 2395 1301 2457 καὶ
1352 2394 1428 2458 τὸ
1481 2397 1866 2474 ζυγομαχεῖν
1923 2393 2053 2459 ἀπὸ
2105 2398 2237 2459 τῶν
2292 2394 2362 2458 ἐν
2407 2394 2662 2457 πλοίοις
2712 2398 2923 2469 ζυγῶν
2981 2395 3243 2457 δύναται

560 2508 630 2560 20
663 2492 860 2577 εἶναι,
905 2493 1015 2559 ὅτε
1058 2496 1204 2574 περὶ
1246 2496 1361 2561 τὰς
1403 2496 1712 2576 καθέδρας
1756 2497 2175 2579 διαφέρονται
2220 2495 2582 2575 ἐρέςςοντες
2627 2495 2689 2560 οἱ
2720 2497 2944 2574 ἐρέται.
2991 2496 3103 2560 εἰςὶ
3144 2496 3246 2559 καὶ

632 2597 901 2673 ’Ζυγοί
945 2598 1130 2661 πόλις
1175 2599 1338 2676 πρὸς
1381 2605 1473 2683 τῷ
1517 2602 1628 2676 τῆς
1672 2598 1872 2664 Ἀςίας
1917 2599 2245 2683 Βοςπόρῳ.

832 2698 927 2763 Τὰ
970 2699 1059 2765 εἰς
1097 2702 1230 2776 τγ-(Ῡς
1275 2700 1616 2781 διςύλλαβα
1660 2701 1847 2782 φύςει
1891 2705 2096 2786 μακρᾷ
2138 2700 2637 2781 παραληγόμενα
2683 2699 3006 2785 ὀξύνεται,
3063 2699 3117 2764 εἰ
3161 2700 3243 2780 μὴ

664 2803 847 2881 κύρια
891 2801 1020 2885 εἴη,
1077 2804 1377 2885 λοιγός,
1434 2804 1715 2886 φηγός,
1769 2804 2032 2883 πηγός.
2121 2804 2196 2869 τὸ
2254 2805 2326 2868 δὲ
2370 2803 2623 2880 Λᾶγος
2680 2804 2918 2881 κύριον.
3006 2801 3243 2882 εἴρηται

663 2906 767 2969 καὶ
808 2904 1238 2985 τριςυλλάβως
1285 2906 1577 2982 «Λάαγος
1627 2905 1818 2986 φίλος
1863 2906 2001 2971 υἱὸς
2043 2905 2341 2985 ἀρίζηλος
2382 2907 2847 2984 Πτολεμαῖος».
2935 2905 3015 2970 οὐ
3060 2905 3244 2985 φύςει

562 3021 627 3072 25
665 3006 785 3074 οὗν
829 3009 1218 3091 διςυλλαβεῑ,
1263 3006 1415 3072 ἀλλ’
1459 3008 1528 3072 ἐκ
1570 3012 1686 3073 τοῦ
1729 3008 2150 3088 τριςυλλάβου
2193 3009 2482 3085 γέγονεν.

666 3260 717 3315 εἰ
750 3263 812 3315 δὲ
849 3263 1174 3329 βαρύνεται,
1222 3260 1472 3327 ςημαίνει
1508 3262 1687 3327 ὄνομα
1721 3263 1907 3316 τόπου
1956 3263 2045 3316 καὶ
2090 3262 2261 3316 κυνὸς
2307 3263 2397 3315 καί
2440 3260 2658 3327 ἀνδρός.
2727 3263 2797 3313 ef.
2834 3263 2897 3316 E.
2939 3264 3010 3313 Μ.
3051 3264 3174 3324 136,
3217 3264 3239 3312 1

664 3331 869 3398 Ἀργος
905 3330 967 3383 ἐκ
1002 3334 1106 3383 τοῦ
1143 3329 1312 3397 ἀργός
1350 3330 1649 3396 ἀρςενικῶς
1686 3338 1743 3384 et
1777 3336 1834 3384 9:
1872 3330 2131 3395 ὀνομάζει
2166 3331 2229 3384 δὲ
2263 3332 2355 3383 καὶ
2393 3330 2492 3394 (sc.
2531 3330 2758 3395 Ἄργος)
2795 3330 2901 3382 τὸν
2940 3329 3243 3382 Ὀδυςςέως

556 3425 562 3430 -
666 3400 808 3452 κύνα
854 3399 967 3452 «ἂν
1010 3399 1071 3452 δὲ
1116 3400 1272 3451 κύων
1321 3400 1577 3466 κεφαλήν
1622 3415 1687 3451 τε
1733 3401 1824 3452 καί
1879 3400 2060 3454 οὔατα
2114 3397 2368 3463 κείμενος
2417 3398 2601 3463 ἔςχεν,
2655 3398 2860 3463 Ἄργος
2908 3398 3243 3464 Ὀδυςςῆος»

666 3468 793 3530 (Od.
840 3483 873 3533 ρ
907 3468 1048 3532 292).
1092 3495 1155 3505 -
1203 3468 1269 3518 de
1310 3465 1515 3532 μάργος
1561 3468 1738 3520 Schol.
1789 3469 1863 3520 ad
1899 3470 2004 3524 Od.
2047 3484 2089 3520 π
2125 3471 2251 3519 421:
2301 3465 2716 3532 βαρυτονητέον
2757 3466 2828 3518 τὸ
2874 3465 3078 3531 μάργε,
3134 3466 3243 3518 ἔδει

667 3536 729 3589 δὲ
765 3535 1067 3589 ὀξύνεςθαι.
1238 3536 1276 3587 l.
1312 3539 1344 3586 5
1379 3535 1507 3588 libri
1542 3537 1767 3602 κραγός·
1812 3536 1883 3588 τὸ
1927 3537 1987 3588 δὲ
2024 3535 2229 3601 κράγος
2273 3535 2305 3589 6
2342 3534 2741 3601 κραυγαςτικός
2778 3534 3102 3599 βαρύνεται;
3142 3551 3243 3600 ego

666 3612 894 3657 secutus
944 3620 1062 3655 sum
1113 3604 1450 3655 Meinekium
1500 3605 1535 3656 6
1580 3605 1980 3670 κραυγαςτικός
2035 3606 2105 3655 ad
2158 3604 2364 3670 κραγός
2416 3604 2745 3656 referentem
2800 3609 2858 3654 et
2909 3603 3244 3655 Lobeckium

667 3673 856 3725 Rhem.
891 3675 1008 3736 280,
1049 3675 1109 3723 17
1148 3670 1180 3724 6
1216 3672 1563 3737 κραυγαςμός
1597 3675 1996 3726 emendantem.
2045 3670 2257 3738 Κράγος
2294 3672 2426 3738 ὄρος
2461 3671 2653 3723 addidi
2689 3688 2756 3722 ex
2794 3672 2874 3723 St.
2910 3672 2972 3722 Β.
3010 3673 3127 3734 380,
3166 3672 3243 3720 16.

669 3742 960 3793 Caeterum
999 3741 1065 3792 de
1102 3756 1134 3792 κ
1170 3739 1308 3803 αγός
1345 3743 1416 3792 cf.
1456 3742 1633 3795 Sehol.
1670 3742 1743 3792 ad
1777 3742 1947 3794 Arist.
1983 3744 2122 3807 qu.
2158 3743 2283 3791 487:
2324 3739 2535 3804 κραγὸν
2582 3737 2930 3803 κεκράξεταιτ
2970 3737 3245 3803 Ἀρίςταρ-

667 3823 766 3874 χος
804 3808 1088 3862 ὀξυτόνως
1162 3808 1251 3859 ντί
1285 3812 1388 3861 τοο
1425 3812 1856 3875 κραυγαςτικῶς.
1904 3810 1994 3862 καὶ
2031 3808 2374 3874 Ἡρωδιανὸς
2412 3807 2474 3861 ἑν
2513 3808 2736 3873 Ἀττικῇ
2773 3806 3022 3873 προςῳδί
3064 3845 3076 3856 .
3126 3804 3244 3859 Md-

667 3892 767 3942 γος
804 3878 1035 3943 explevi·
1057 3895 1125 3929 ex
1162 3874 1243 3932 St:
1279 3879 1341 3928 B.
1512 3879 1548 3932 1.
1585 3882 1616 3930 9
1642 3895 1827 3929 ·eanon
1866 3883 2114 3945 sumptus
2150 3883 2238 3928 est
2282 3894 2348 3927 ex
2388 3877 2580 3928 Choer.
2615 3877 2794 3940 Epim.
2828 3876 2889 3926 in
2924 3877 3035 3927 Psa
3060 3892 3125 3926 m.
3164 3876 3246 3934 76,

669 3949 751 3998 29.
824 3947 1006 3998 Verba
1039 3945 1109 3997 τό
1145 3945 1205 3998 δὲ
1240 3945 1405 4009 ζυγός
1430 3946 1571 4012 παρ’
1596 3945 1825 4015 Ὁμήρῳ
1862 3962 2034 4012 usque
2072 3946 2143 3996 ad
2169 3944 2223 3998 οἱ
2248 3944 2432 4010 ἐρέται
2468 3944 2659 3996 addidi
2694 3959 2762 3993 ex
2785 3944 2850 3993 Ε.
2875 3943 3015 3995 Gud.
3039 3942 3156 4006 232,
3180 3945 3245 3994 42

667 4016 1000 4079 ζυγομαχεῖν
1035 4019 1092 4065 et
1123 4016 1377 4065 Eustath.
1413 4018 1528 4075 460,
1564 4018 1646 4068 25.
1717 4017 1783 4068 In
1822 4017 1882 4065 E.
1923 4015 2062 4067 Gud.
2100 4014 2154 4064 le
2201 4016 2327 4064 'ture
2366 4013 2399 4065 6
2436 4011 2753 4077 Ἠρώδοτος
2788 4009 2883 4073 (Ε.
2919 4010 2993 4061 Μ.
3027 4013 3145 4066 412,
3182 4013 3247 4062 26

670 4082 993 4149 Ἡρόδοτος)
1033 4081 1148 4135 ἀπὸ
1182 4085 1304 4135 τῶν
1340 4082 1402 4135 έν
1438 4082 1654 4135 πλοίοις
1689 4084 1879 4145 ζυγῶν
1916 4031 2385 4148 δύναςθαῗιφηςιν
2432 4080 2578 4132 εἶναι
2622 4080 2731 4144 τὴν
2767 4078 2945 4142 λέξιν,
2984 4078 3083 4130 ὅτε
3121 4077 3247 4143 περὶ

666 4152 770 4203 τὰς
807 4150 1078 4216 καθέδρας
1113 4151 1472 4218 διαφέρονται
1510 4151 1829 4217 ἑρέςςοντες
1866 4149 1919 4203 οἱ
1956 4150 2155 4215 ἐρέται.
2228 4151 2380 4202 Idem
2418 4149 2588 4200 habet
2624 4148 2775 4200 Suid.
2813 4162 2856 4197 a.
2895 4148 3246 4212 ζυγομαχεῖν,

670 4221 743 4270 ad
789 4236 950 4286 quem
994 4220 1174 4271 locum
1218 4221 1538 4284 Bernhardy
1592 4225 1826 4272 annotat
1879 4220 1990 4269 iam
2032 4219 2462 4283 wesselingium
2506 4218 2740 4268 Dissert.
2787 4215 2991 4269 Herod.
3041 4217 3106 4266 29
3151 4231 3247 4281 pro

670 4287 972 4354 Ἡρόδοτος
1007 4286 1346 4353 Ἡρωδιανὸς
1383 4289 1728 4341 scribendum
1761 4288 2056 4339 monuisse.
2102 4287 2360 4337 Eustath.
2396 4290 2687 4351 postquam
2721 4284 2955 4335 alteram
2990 4282 3249 4336 vocabuli

668 4355 937 4421 ὑψίζυγος
988 4358 1525 4424 interpretationem,
1582 4374 1649 4408 ex
1702 4372 1810 4422 qua
1863 4355 1970 4407 τὸν
2019 4354 2141 4407 ἄνω
2195 4352 2563 4417 ςταθμίζοντα
2607 4352 2679 4404 τὰ
2735 4352 2871 4403 κατ’
2914 4349 3247 4417 ἀνθρώπους

669 4424 968 4558 ἳὸ8“.ξῧὲῗ*’
1013 4423 1938 4546 Ἕξῗὶῗκᾶῖᾟῆἐαέἑςέἕῗῖὥςἷξε
1962 4421 2401 4554 ῗέἑν-αἷῖᾇὲῗῖῗ
2426 4421 2516 4542 ,ἔζη
2532 4419 2858 4554 εὲπὲῗζθῗῖὲ
2895 4419 3035 4554 {1⁰33
3038 4433 3067 4540 ἒ
3080 4418 3251 4552 εἶῖῒξ

670 4509 985 4614 πάιλὲίός·
1019 4510 1312 4626 Ιζιυγόςηκαί
1357 4560 1616 4626 καθέδραι
1661 4560 2008 4626 ἐρεςςόντων
2051 4560 2185 4613 ὅθεν
2229 4557 2496 4625 ὑψίζυγος
2542 4557 2574 4610 6
2619 4556 2721 4621 ὕψι
2766 4555 3041 4621 καθέδραν
3087 4555 3248 4619 ἔχων.

673 4631 845 4694 Quem
884 4631 1166 4697 antiquum
1204 4632 1478 4680 neminem
1514 4630 1680 4681 alium
1718 4631 1971 4680 existimo
2006 4630 2117 4681 nisi
2152 4631 2331 4695 ipsum
2365 4627 2768 4688 Herodianum,
2805 4641 2873 4676 ex
2909 4641 3016 4690 quo
3051 4624 3250 4675 hausta

674 4705 803 4750 sunt
830 4715 972 4764 quae
994 4700 1256 4765 leguntur
1278 4714 1366 4764 ap.
1393 4699 1626 4749 Philem.
1652 4715 1702 4762 p.
1731 4700 1827 4749 177
1853 4715 1906 4748 n.
1932 4700 2032 4750 254
2057 4698 2264 4749 Osann.
2293 4696 2535 4746 auctoris
2558 4694 2775 4746 nomine
2803 4708 3108 4758 suppresso.
3143 4690 3248 4744 Zu-

671 4765 763 4830 γοί
788 4768 951 4820 πόλις
975 4784 1042 4818 ex
1068 4768 1147 4819 St.
1176 4768 1236 4816 B.
1260 4766 1460 4817 adieci.
1575 4766 1611 4819 1.
1635 4769 1700 4817 23
1725 4765 1907 4831 πηγός
1932 4767 2167 4818 accessit
2192 4782 2260 4816 ex
2285 4765 2462 4831 Epim.
2492 4764 2580 4814 Cr.
2605 4765 2632 4815 Ι
2658 4764 2776 4825 263,
2802 4765 2884 4822 31,
2911 4762 3058 4813 unde
3082 4761 3250 4812 etiam

672 4835 743 4886 ad
781 4835 963 4899 Λᾶγος
1008 4835 1198 4887 addidi
1233 4831 1448 4900 εἴρηται
1484 4835 1575 4886 καὶ
1612 4850 1783 4900 usque
1821 4835 1894 4884 ad
1930 4834 2106 4886 finem.
2177 4833 2286 4883 Hic
2319 4834 2496 4883 locum
2530 4831 2790 4882 habuisse
2825 4830 3049 4881 videtur
3085 4830 3251 4879 etiam

673 4902 891 4969 Βρυγοί·
911 4920 1031 4955 eum
1066 4918 1100 4955 υ
1136 4903 1400 4970 producto
1437 4904 1495 4953 in
1530 4903 1711 4956 Schol.
1734 4903 1914 4970 Apoll.
1938 4901 1990 4954 Δ
2012 4905 2113 4954 470
2149 4901 2311 4954 ἔθνος
2348 4898 2609 4965 Ἰλλυρίας
2646 4904 2704 4951 et
2738 4899 2979 4950 fortasse
3014 4898 3093 4950 sic
3127 4913 3251 4948 eon·
