3664 5546
1126 430 1285 486 ΠΕΡΙ
1327 431 1718 487 ΚΑΘΟΛΙΚΗΕ
1752 429 2175 487 ΠΡΟΕΩιΔΙΑ(
2210 432 2275 485 Δ.
2901 430 2983 496 93

402 606 636 673 νοίκων
696 606 799 670 καὶ
844 603 1102 669 (Σκυθίας
1146 604 1249 668 καὶ
1293 603 1578 684 Εὐβοίας.·
1643 603 2300 683 Ἀδριανούπολις
2343 603 2382 682 ἡ
2427 604 2748 682 πρότερον
2792 602 2981 682 Ἡρά-
3030 676 3035 681 ,

401 712 590 774 κλεια.
679 707 1279 772 Ἀνταιούπολις
1322 707 1509 772 πόλις
1564 706 1636 772 ἐν
1677 706 1991 788 Αἰγύπτῳ.
2081 707 2521 772 Ἀνῶπολις.
2589 706 2796 771 οὕτως
2841 705 2980 770 ἑκα-

403 813 573 876 λεῖτο
618 811 659 889 ἡ
705 809 975 887 Ἀραδὴν
1021 808 1091 872 ἐν
1139 808 1342 892 Κρήτῃ
1388 810 1493 875 διὰ
1535 810 1610 874 τὸ
1657 808 1794 874 ἄνω
1840 806 2020 873 εἶναι.
2095 808 2819 886 Ἀρχανδρούπολις
2863 806 2979 872 πό-

402 915 495 977 λις
541 911 610 975 ἐν
654 910 980 995 Αἰγύπτῳ·
1025 909 1376 989 Ἡρόδοτος
1420 911 1700 995 δευτέρῳ
1745 912 1825 993 (ο.
1874 910 2001 991 97).
2090 909 2751 990 Ἀφροδιτόπολις
2793 908 2831 987 ἦ
2878 909 2983 973 καὶ

401 1013 776 1093 Ἀφροδίτης
819 1013 1021 1077 πόλις.
1077 1012 1202 1077 ἔςτι
1247 1014 1350 1077 καὶ
1392 1013 1577 1078 πόλις
1622 1013 1781 1077 κατὰ
1824 1013 2103 1092 Ἀθριβιν
2149 1012 2250 1076 καὶ
2292 1011 2620 1078 Αἰθιοπίαν
2664 1013 2767 1076 καὶ
2811 1012 2977 1093 Θρᾴ-
3006 1020 3038 1069 5

398 1136 531 1195 κην.
622 1115 1141 1197 Βεργέπολις,
1191 1113 1609 1198 Ἀβδηριτῶν,
1668 1114 2174 1197 Βιθυόπολις,
2230 1116 2470 1179 πόλις.
2514 1106 2584 1179 .’.
2632 1165 2645 1178 .
2693 1113 2823 1179 ἀπὸ
2881 1113 2977 1177 Βί-

399 1222 568 1283 θυος.
660 1217 1210 1296 Γαβαούπολις
1254 1217 1440 1282 πόλις
1482 1221 1593 1295 τῆς
1641 1217 1985 1282 Γαλιλαίας.
2054 1216 2350 1294 Ἰῶςηπος
2395 1216 2465 1282 ἐν
2512 1216 2673 1301 ἕκτῳ
2719 1216 2978 1280 Ἰουδαῖ-

397 1322 510 1397 κῆς
555 1317 1009 1397 ἀρχαιολογίας
1054 1319 1134 1400 (e.
1168 1317 1235 1399 7)
1282 1317 1611 1385 «(άουλος
1656 1320 1728 1384 δὲ
1782 1318 1872 1384 εἰς
1919 1321 1957 1383 Γ
1959 1318 2360 1400 αβαούπολιν
2405 1318 2576 1398 ἔχων
2621 1317 2980 1384 ἑξακοςίους

395 1420 650 1500 ἦλθεν».
740 1418 1355 1486 Γυναικόςπολις
1410 1422 1596 1486 πόλις
1651 1421 2004 1503 Φοινίκων,
2069 1420 2196 1485 ἔςτι
2257 1421 2360 1485 καὶ
2423 1418 2595 1500 ἄλλη·
2640 1419 2977 1496 Αἰγύπτου.

398 1521 841 1602 Ἀριςταγόρας
897 1521 969 1586 δέ
1025 1542 1247 1605 φηςιν,
1315 1522 1412 1587 ὅτι
1470 1524 1674 1589 οὕτως
1735 1522 2072 1602 ὠνομάςθη
2131 1522 2236 1586 διὰ
2289 1525 2457 1601 τρεῖς
2502 1522 2730 1605 αἰτίας,
2794 1522 2834 1600 ἢ
2881 1520 2979 1585 ὅτι
3020 1530 3083 1587 10
3136 1512 3151 1521 ’

397 1624 722 1703 πολεμίων
769 1623 1201 1689 ἐπιπεςόντων
1247 1624 1349 1689 καὶ
1391 1628 1522 1691 τῶν
1566 1623 1824 1705 ἀνδρῶν
1871 1624 1941 1691 ἑν
1985 1623 2319 1702 γεωργίαις
2361 1622 2664 1690 ἀπόντων
2708 1625 2820 1688 τάς
2869 1643 2979 1699 γυ-

396 1729 618 1791 ναῖκας
662 1730 957 1805 κρατῆςαι
1000 1730 1117 1791 τοῦ
1161 1727 1473 1810 πολέμου,
1524 1728 1562 1806 ἢ
1610 1727 1706 1792 ὅτι
1751 1728 1914 1805 γυνή
1946 1748 2039 1793 τις
2082 1726 2434 1809 νομάρχου,
2478 1726 2979 1806 περιςπωμένων

396 1833 530 1894 τῶν
573 1828 822 1893 παίδων
867 1828 1060 1906 αὐτῆς
1106 1828 1233 1893 ὑπὸ
1277 1831 1395 1893 τοῦ
1427 1829 1748 1914 βαςιλὲως,
1793 1828 1922 1909 ἅμα
1964 1832 2102 1894 τοῖς
2146 1829 2357 1895 παιςὶν
2403 1827 2788 1909 δπλιςαμένη
2833 1847 2977 1891 κατ-

397 1930 615 1998 εδίωξε
670 1932 786 1996 τὸν
846 1929 1099 2010 βαςιλέα
1154 1931 1257 1995 καὶ
1310 1931 1620 2014 ἑνίκηςεν,
1675 1933 1715 2011 ἢ
1772 1931 1870 1996 ὅτι
1925 1936 2054 1997 τῶν
2115 1931 2562 2011 Ναυκρατιτῶν
2618 1929 2977 1995 ἀναπλεόν-

395 2053 528 2097 των
584 2032 742 2096 κατά
796 2033 912 2097 τὸν
967 2034 1260 2113 ποταμὸν
1316 2034 1418 2097 καὶ
1471 2033 1901 2112 κωλυομένων
1958 2034 2086 2099 ὑπὸ
2141 2038 2271 2099 τῶν
2328 2036 2577 2124 λοιπῶν
2620 2031 2978 2108 Αἰγυπτίων
3016 2042 3080 2093 15

396 2134 805 2217 ἀποβαίνειν,
862 2132 1041 2199 οὗτοι
1086 2135 1596 2211 καταπλαγέντες
1640 2136 1768 2200 ὑπὸ
1813 2135 2160 2214 ἀνανδρίας
2206 2135 2286 2201 οὐ
2333 2136 2735 2201 διεκώλυςαν.
2780 2137 2979 2198 ταῦτα

394 2237 500 2301 καὶ
554 2236 1007 2315 Ἀρτεμίδωρός
1062 2258 1267 2316 φηςιν.
1368 2236 1948 2318 (εβαςτόπολις
2002 2240 2192 2316 νῆςος
2256 2239 2402 2317 περὶ
2454 2240 2571 2304 τὸν
2615 2237 2877 2302 Πόντον
2938 2236 2977 2314 ἡ

394 2338 499 2403 καὶ
542 2339 965 2416 Διοςκουριὰς
1020 2341 1124 2404 καὶ
1175 2339 1504 2419 πρότερον
1549 2337 1685 2404 Αἶα.
1773 2339 2214 2405 Διόςπολις
2270 2341 2309 2420 ἡ
2355 2340 2596 2421 μεγάλη
2641 2341 2825 2405 πόλις
2868 2341 2979 2417 τῆς

392 2441 734 2517 Αἰγυπτίας
777 2441 1094 2521 Θηβαίδος
1138 2442 1177 2520 ἡ
1224 2441 1535 2522 λεγομένη
1580 2442 2049 2525 ἑκατόμπυλος,
2094 2442 2307 2523 κτίςμα
2351 2442 2657 2521 Ὀςίριδος
2701 2442 2803 2506 καὶ
2843 2441 2978 2505 Ἴςι-

394 2549 527 2609 δος.
573 2542 688 2608 εἰςὶ
731 2543 801 2608 δὲ
844 2543 949 2607 καὶ
990 2542 1177 2608 ἄλλαι
1208 2546 1418 2622 μικραὶ
1460 2544 1531 2608 ἐν
1570 2544 1868 2627 Αἰγύπτῳ
1912 2544 2214 2622 τέςςαρες.
2289 2544 2415 2611 ἔςτι
2459 2544 2561 2610 καὶ
2602 2544 2833 2609 Λυδίας
2877 2543 2980 2607 καὶ
3014 2553 3081 2605 20

392 2645 832 2723 Παλαιςτίνης.
875 2645 1388 2711 Δουλόπολις
1420 2646 1604 2711 πόλις
1634 2646 1792 2711 κατὰ
1828 2646 2088 2725 Κρήτην.
2133 2647 2516 2726 ςημειωτέον
2548 2646 2615 2713 δ’
2637 2644 2734 2710 ὅτι
2758 2646 2974 2723 Κρατῖ-

394 2768 511 2814 νος
542 2746 614 2813 ἐν
647 2746 961 2828 (εριφίοις
991 2745 1185 2814 πόλιν
1216 2748 1474 2814 δούλων
1505 2748 1714 2832 φηςίν,
1739 2748 2181 2815 Ἀπολλωνίου
2211 2750 2555 2834 φήςαντος,
2588 2750 2669 2831 μὴ
2702 2750 2800 2814 δεῖ
2828 2747 2975 2812 ταύ-

390 2871 508 2917 τας
536 2850 652 2916 τάς
681 2851 1054 2928 παραθέςεις
1085 2849 1487 2917 ἐναλλάςςειν
1518 2852 1663 2931 δίχα
1692 2855 2017 2930 ποιητικῆς
2047 2851 2348 2936 ἀνάγκης,
2378 2853 2467 2918 ὥς
2489 2873 2639 2933 φηςι
2671 2852 2976 2930 Κρατῖνος

779 2967 961 3035 «εἶτα
1004 2969 1205 3036 (Σάκας
1248 2969 1486 3056 ἀφικνῇ
1530 2972 1633 3036 καὶ
1678 2971 2005 3037 (ιδονίους
2050 2973 2152 3037 καὶ
2194 2970 2560 3056 Ἐρεμβοὺς,
3122 2993 3140 3046 ι

775 3070 844 3137 ἔς
885 3091 955 3136 τε
999 3072 1192 3138 πόλιν
1235 3074 1494 3138 δούλων
1538 3072 1797 3153 ἀνδρῶν
1841 3075 2580 3153 νεοπλουτοπονήρων».
3008 3083 3075 3132 25

393 3189 521 3256 ἔςτι
571 3191 674 3256 καὶ
710 3191 997 3257 Δούλων
1039 3192 1226 3258 πόλις
1265 3194 1452 3258 πόλις
1497 3193 1741 3273 Λιβύης.
1802 3193 2126 3259 Ἑκαταῖος
2157 3195 2228 3258 ἐν
2264 3194 2624 3273 περιηγήςει
2673 3193 2816 3257 «καὶ
2861 3191 2975 3257 ἐὰν

389 3293 634 3358 δοῦλος
673 3293 762 3358 εἰς
791 3294 909 3372 τὴν
938 3293 1131 3359 πόλιν
1161 3294 1396 3375 ταύτην
1430 3295 1608 3360 λίθον
1640 3297 2051 3380 προςενέϊκῃ,
2098 3295 2433 3375 ἐλεύθερος
2462 3295 2699 3371 γίνεται
2730 3293 2849 3358 κᾶν
2879 3293 2975 3361 ξέ-

393 3415 510 3460 νος
540 3395 630 3479 fi».
676 3394 1234 3476 Ἑλληνόπολις
1263 3398 1452 3462 πόλις
1484 3398 1788 3463 Βιθυνίας.
1846 3399 2339 3486 Ἀπολλόδωρος
2374 3398 2712 3462 «Ἄτταλος
2742 3396 2812 3461 ἐκ
2844 3400 2976 3461 τῶν

392 3499 775 3579 Ἑλληνίδων
806 3499 1065 3565 πόλεων
1108 3500 1443 3578 οἰκήτορας
1488 3503 1864 3576 ςυναγαγὼν
1909 3499 2107 3566 ἔκτιςε
2136 3500 2329 3566 πόλιν
2359 3500 2461 3564 καὶ
2489 3499 2819 3580 ὠνόμαςεν
2864 3499 2975 3563 αὐ-

393 3605 512 3682 τὴν
541 3601 1055 3681 Ἕλληνόπολιν».
1101 3602 1556 3678 Ζυγόπολις
1585 3603 1760 3680 παρὰ
1789 3603 2258 3681 Τραπεζοῦντα
2316 3602 2615 3683 (τράβων
2646 3600 2973 3686 δωδεκάτῃ
3010 3615 3078 3668 30

393 3707 482 3792 (p.
527 3703 700 3786 495).
787 3704 1325 3786 Ἡλιούπολις,
1376 3705 1560 3769 πόλις
1604 3705 1959 3788 Αἰγύπτου,
2015 3707 2094 3784 ἣν
2149 3705 2386 3770 ἔκτιςεν
2433 3704 2629 3770 Ἀκτὶς
2673 3703 2711 3767 ὁ
2755 3702 2974 3768 Ἡλίου

393 3808 496 3872 καὶ
538 3805 780 3885 Ῥόδης.
868 3805 1218 3885 Ἡρόδοτος
1263 3807 1530 3891 δευτέρᾳ
1573 3809 1652 3890 (ο.
1698 3805 1785 3888 3).
1854 3806 1979 3872 ἔςτι
2024 3809 2127 3871 καὶ
2171 3807 2435 3891 Θρᾴκης.
2481 3807 2583 3871 καὶ
2625 3809 2737 3884 τῆς
2782 3806 2973 3884 Ἀρω-

393 3906 777 3990 ματοφόρου
821 3907 1091 3973 ἄποικος
1134 3912 1246 3986 τῆς
1288 3908 1665 3984 Αἰγυπτίαςι.
1735 3910 1837 3973 καὶ
1883 3909 1938 3974 δ’
1985 3909 2054 3974 ἐν
2102 3908 2378 3989 (άρδεςι.
2434 3909 2537 3973 καί
2578 3907 2617 3986 ἡ
2668 3908 2975 3987 Κόρινθος

393 4011 805 4076 Ἡλιούπολις
862 4010 1150 4087 ἐλέγετο·
1214 4011 1339 4075 ἔςτι
1396 4011 1497 4075 καὶ
1551 4010 1621 4075 ἐν
1676 4010 1956 4094 Φοινίκῃ.
2057 4011 2453 4076 Θεόπολις
2521 4009 2590 4075 ἐν
2656 4009 2973 4094 Αἰγύπτῳ.

398 4099 1004 4178 Κνωπούτῖολις·
1061 4113 1267 4178 οὕτως
1322 4112 1611 4177 ἐκαλεῖτο
1657 4112 1944 4191 Ἐρυθραί
1995 4113 2182 4178 πόλις
2228 4114 2458 4178 Ἰώνων
2502 4112 2634 4177 ἀπὸ
2683 4111 2972 4177 Κνώπου.
3010 4124 3075 4174 35

398 4214 840 4294 Καρόπολις
883 4214 1070 4280 πόλις
1118 4214 1362 4293 Καρίας.
1451 4215 1865 4293 Ἀλέξανδρος
1915 4216 2198 4294 Καρικῶν
2242 4216 2496 4298 πρώτῳ.
2569 4214 2971 4293 Κουρόπο-

397 4320 510 4384 λις
554 4317 743 4381 πόλις
791 4317 1033 4396 Καρίας.
1122 4316 1536 4395 Ἀλέξανδρος
1585 4318 1871 4396 Καρικῶν
1922 4318 2175 4400 πρώτῳ.
2266 4316 2975 4394 Μαιανδρούπολις

398 4419 763 4497 Μαγνηςίας
814 4420 1001 4484 πόλις
1060 4419 1149 4483 ῶς
1203 4418 1471 4495 Φλέγων
1526 4419 1596 4485 ἐν
1655 4419 2041 4499 Ὀλυμπιάςι.
2132 4418 2695 4494 Μεγαλόπολις
2749 4417 2853 4481 διὰ
2896 4417 2972 4480 τὸ

395 4522 660 4600 μέγεθος
704 4521 934 4600 ἐκλήθη
980 4520 1383 4602 Ἀφροδιςιάς
1413 4511 1624 4586 1πόλις
1673 4521 1901 4598 Καρίας
1956 4521 1995 4599 ἡ
2054 4520 2374 4599 πρότερον
2431 4520 2726 4596 Λελέγων
2769 4518 2972 4583 πόλις.

398 4623 660 4702 Μεγάλη
704 4624 922 4706 πόλις,
966 4624 1152 4688 πόλις
1197 4622 1550 4705 Ἀρκαδίας,
1606 4624 1709 4688 καὶ
1763 4622 2054 4706 Ἰβηρίας,
2114 4623 2203 4688 ὡς
2247 4622 2478 4688 Φίλων.
2569 4620 2972 4699 Μιλητού-
3008 4633 3077 4684 40

397 4729 625 4791 πολιε
682 4726 869 4790 πόλις
923 4725 1151 4805 μεταξὺ
1213 4725 1473 4792 Κυζίκου
1530 4726 1632 4789 καὶ
1684 4725 1975 4791 Βιθυνίας
2029 4726 2175 4803 περὶ
2238 4726 2354 4791 τὸν
2420 4723 2747 4788 Ῥύνδακα.
2846 4721 2972 4786 ἔςτι

399 4828 495 4891 καὶ
536 4827 700 4906 ἄλλη
746 4825 817 4891 ἐν
858 4826 1131 4906 Περςίδι.
1221 4826 1577 4890 Εώπολις
1623 4825 1831 4908 ὄνομα
1877 4830 2184 4909 κωμικοῦ,
2230 4824 2719 4904 Ἀγηςίπολις
2764 4823 2974 4904 ὄνομα

399 4931 508 4991 τοῦ
552 4932 904 5008 ςτρατηγοῦ
947 4934 1078 4994 τῶν
1123 4928 1502 5012 Ἀθηναίων,
1547 4929 2033 5012 φυγόπολις,
2078 4927 2377 4994 ἄπολις.
