3664 5546
1485 436 1900 487 PRAEFATIO.
2822 434 2987 482 XCIX

415 593 642 674 sumit,
711 594 851 657 iure
916 593 1184 676 negavit
1251 593 1329 656 O.
1387 592 1819 657 Schneiderus
1894 592 1962 655 in
2026 611 2299 653 censura
2371 588 2884 674 fragmentorum
2950 611 2991 653 a

416 695 777 762 Schmidtio
843 695 1165 759 editorum
1230 696 1297 759 in
1352 692 1733 758 Zeitschrift
1795 692 1904 756 fiir
1969 691 2075 756 die
2129 689 2991 756 Alterthumswissenschaft

421 797 585 862 1855
628 819 692 883 p.
739 796 862 861 237
909 819 1088 883 seqq.
1175 796 1282 860 Ex
1337 795 1630 883 professo
1685 794 1795 880 qui
1854 791 2385 880 orthographiam
2440 795 2867 879 scripserunt,
2926 802 2992 856 et

367 884 378 901 ⁸
419 908 569 963 ante
609 899 1062 963 Herodianum
1107 906 1172 962 et
1216 907 1364 983 post
1422 919 1570 962 eum
1627 895 2034 961 enumeravit
2077 893 2470 960 Schmidtius
2517 893 2556 956 l.
2606 917 2660 958 c.
2748 896 2988 959 Omnes

420 1001 788 1087 superiores
846 1000 912 1064 in
966 998 1088 1063 hac
1147 1009 1332 1086 parte
1386 998 1842 1083 grammatices
1909 997 2099 1082 longe
2165 997 2501 1085 superavit
2554 996 2990 1079 Herodianus,

421 1102 532 1190 qui
577 1124 754 1167 more
800 1124 916 1165 suo
961 1110 1439 1165 antecessorum
1486 1109 1834 1187 praecepta
1875 1109 1991 1164 aut
2019 1098 2468 1184 comprobavit
2499 1110 2614 1162 aut
2653 1098 2989 1180 refutavit,

419 1204 514 1267 ita
575 1213 648 1267 ut
707 1225 793 1267 ex
858 1203 1000 1289 ipso
1066 1201 1205 1265 fere
1268 1201 1668 1291 reliquorum
1731 1200 2235 1286 orthographiae
2299 1201 2686 1285 scriptorum
2750 1199 2993 1287 placita

419 1305 611 1370 nobis
644 1279 1061 1369 innotuerint.
1117 1304 1226 1368 Sic
1252 1325 1451 1367 unum
1481 1303 1860 1390 Tryphonis
1891 1306 2035 1383 περὶ
2066 1303 2503 1383 ὀρθογραφία(
2532 1303 2991 1386 fragmentum,

424 1406 597 1494 quod
644 1404 972 1470 Arthurus
1019 1405 1101 1469 de
1145 1404 1386 1469 Velsen
1431 1403 1743 1489 indagare
1787 1405 2028 1491 potuit,
2075 1426 2157 1467 ex
2201 1402 2578 1468 Herodiano
2624 1403 2988 1469 derivatum

425 1518 559 1590 est,
606 1508 698 1570 sic
742 1508 959 1572 omnia
1001 1506 1138 1572 fere
1171 1507 1440 1592 Didymi
1468 1506 1869 1591 fragmenta,
1916 1527 2080 1593 quae
2112 1503 2513 1570 Schmidtius
2559 1529 2621 1592 p.
2654 1506 2994 1570 336—342

424 1608 714 1693 collegit,
761 1631 844 1672 ex
889 1608 1113 1673 eodem
1157 1607 1337 1674 fonte
1380 1606 1727 1673 fluxerunt.

595 1709 1011 1775 Herodianus
1057 1709 1198 1797 ipse
1243 1711 1344 1775 sni
1387 1713 1534 1789 περὶ
1563 1711 2000 1792 ὀρθογραφίαε
2043 1710 2254 1795 operis
2300 1710 2692 1775 mentionem
2740 1709 2995 1774 duobus

426 1811 587 1878 locis
631 1811 820 1893 facit3
852 1811 933 1875 'in
975 1811 1154 1876 Mon.
1186 1812 1289 1892 23,
1320 1811 1438 1892 520,
1483 1811 1598 1875 ubi
1644 1810 1768 1890 εἶμι
1812 1831 1940 1873 non
1984 1832 2100 1898 per
2144 1817 2197 1877 εἶ
2242 1809 2358 1875 sed
2398 1832 2515 1896 per
2556 1816 2578 1876 ῑ
2622 1811 2823 1876 scribi
2866 1823 2993 1877 tra·

429 1913 556 1995 dit,
614 1913 797 1979 addit
854 1916 943 1979 ὡς
987 1913 1295 1980 δέδεικταί
1352 1936 1454 1993 μοι
1516 1913 1594 1977 ἐν
1650 1917 1818 1978 τοῖς
1872 1915 2052 1991 περὶ
2107 1912 2683 1996 ὀρθογραφίας,
2739 1915 2791 1979 Θ
2844 1915 2993 1996 441,

428 2027 852 2081 causam‘cur
893 2038 1023 2079 non
1068 2016 1148 2081 ἂν
1197 2019 1485 2097 βωμοῑει,
1542 2012 1656 2077 sed
1700 2014 2079 2098 ἀμβωμοῖει,
2137 2013 2276 2080 sive
2322 2016 2445 2096 ὑφ’
2489 2016 2559 2080 ἕν
2616 2016 2757 2079 sive
2812 2038 2995 2102 sepa·

428 2119 620 2180 ratim
666 2117 1057 2203 proferatur,
1103 2115 1660 2203 pronunciandum
1706 2114 1813 2196 sit,
1862 2138 1932 2179 se
1976 2116 2042 2178 in
2088 2115 2571 2201 Orthographia
2616 2117 2866 2181 dixisse
2910 2118 3003 2182 ait

427 2221 505 2285 τὸ
551 2222 623 2284 δὲ
667 2219 872 2284 αἴτιον
917 2220 998 2284 ἐν
1044 2222 1212 2284 τοῖς
1256 2220 1431 2297 περὶ
1475 2218 2014 2298 ὀρθογραφία(
2041 2217 2310 2297 ἐἴρηται.
2370 2217 2737 2303 Excerptor
2765 2219 2997 2284 Proso-

428 2321 577 2384 diae
621 2319 862 2384 Iliacae
907 2320 987 2384 ad
1034 2323 1083 2386 Α
1132 2319 1284 2400 129,
1330 2319 1443 2382 ubi
1491 2324 1642 2402 δῷει
1685 2340 1829 2382 cnm
1875 2324 1896 2385 ῑ
1941 2318 2376 2384 exhibendum
2422 2341 2565 2382 esse
2600 2320 2997 2384 demonstra·

427 2433 566 2503 tur,
622 2421 919 2508 apponit:
980 2424 1278 2502 μέμνηται
1333 2421 1533 2485 αὐτοῦ
1591 2422 1733 2486 κάν
1798 2429 1886 2506 τῇ
1952 2421 2449 2505 ὀρθογραφίᾳ
2518 2421 2996 2500 Ἡρωδιανὸς

431 2525 709 2588 fortasse
755 2545 839 2588 ex
883 2522 1087 2609 ipsius
1133 2521 1414 2587 auctoris
1461 2521 1788 2586 citatione.

600 2623 968 2706 Quaedam,
1030 2646 1195 2710 quae
1240 2623 1307 2687 in
1363 2622 1847 2709 Orthographia
1903 2622 2146 2688 tradita
2201 2632 2420 2704 erant,
2489 2624 2684 2688 ctiam
2740 2626 2805 2689 in
2851 2625 2995 2691 aliis

431 2726 688 2813 scriptis
744 2727 879 2791 suis
926 2725 1376 2791 Herodianum
1432 2726 1849 2804 tractavisse,
1908 2724 2233 2791 interdum
2279 2724 2560 2806 diverse,
2619 2738 2685 2793 et
2729 2749 2811 2793 ex
2857 2729 2995 2793 eius

430 2828 897 2894 consuetudine
942 2829 1292 2894 coniectari
1335 2837 1552 2914 potest
1595 2839 1660 2891 et
1703 2824 1896 2890 certis
1943 2826 2329 2911 quibusdam
2375 2827 2689 2915 exemplis
2737 2830 2999 2895 demon-

430 2941 693 2995 stratur.
781 2928 1004 3017 Steph.
1058 2929 1136 2993 B.
1181 2929 1336 3010 359,
1393 2930 1434 2993 ὃ
1488 2928 1692 2992 refert
1747 2925 2192 2992 Herodianum
2245 2929 2315 2992 in
2370 2929 2851 3017 Orthographia
2904 2933 2997 2996 in-

428 3043 679 3097 certum
737 3030 1111 3117 reliquisse,
1165 3041 1386 3095 utrum
1447 3032 1640 3109 Κὰϊρα
1696 3052 1779 3093 an
1840 3031 2066 3110 Κάειρα
2122 3029 2535 3096 scribendum
2591 3033 2705 3114 sit,
2762 3034 2879 3098 sed
2931 3036 2995 3098 in

429 3133 770 3199 Catholica
813 3131 1318 3218 diphthongum,
1379 3132 1447 3194 in
1491 3131 1658 3195 libro
1715 3135 1862 3211 περὶ
1901 3138 2112 3209 γενῶν
2155 3132 2591 3200 Ἀπολλωνίου
2639 3134 2997 3221 simplicem

425 3241 452 3302 ἰ
495 3236 867 3321 adoptasse.
924 3233 1216 3299 Maxima
1259 3255 1415 3297 vero
1461 3233 1846 3317 cognatione
1878 3232 2425 3320 Orthographiam
2470 3258 2617 3300 cum
2662 3235 3002 3303 Catholica

427 3338 846 3402 coniunctam
898 3335 1103 3399 fuisse
1159 3333 1266 3398 vel
1315 3335 1465 3399 inde
1521 3333 1758 3414 elucet,
1815 3334 1991 3421 quod
2046 3335 2460 3401 Herodianus
2516 3338 2582 3401 in
2630 3337 3000 3404 Catholicae

429 3439 775 3503 Prooemio
823 3460 924 3523 ap.
970 3435 1066 3501 Ιο.
1098 3434 1203 3501 Al.
1235 3435 1299 3519 4,
1335 3437 1415 3500 10
1459 3435 1618 3501 dicit
1662 3435 1748 3501 ad
1788 3437 2290 3521 intellegendam
2337 3448 2718 3504 accentuum
2764 3440 3000 3507 doctri-

425 3563 584 3605 nam
638 3538 1075 3603 adhibendam
1132 3560 1275 3602 esse
1333 3542 1449 3619 τὴν
1524 3541 1683 3605 κατὰ
1739 3539 2179 3621 ὀρθογραφίαν
2238 3540 2557 3622 ἀκρίβειαν
2609 3544 2748 3608 ἐπεὶ
2800 3546 3000 3610 πόθεν

423 3645 512 3709 τὰ
577 3645 692 3723 μὲν
757 3643 901 3722 μηνί
955 3643 1057 3706 καὶ
1123 3641 1263 3721 χηνί
1320 3640 1664 3724 ὀξύνομεν,
1721 3643 1800 3705 τὰ
1855 3643 1924 3706 δὲ
1980 3642 2182 3720 Ἀτρεῖ
2235 3645 2335 3707 καὶ
2388 3645 2593 3722 Πηλεῖ
2646 3646 3000 3726 δίφθογγον

424 3747 668 3825 ἔχοντα
722 3744 826 3808 ἐπὶ
879 3745 1106 3808 τέλους
1169 3747 1589 3823 περιεπῶμεν.
1689 3741 1906 3823 Quare
1977 3740 2060 3806 ad
2128 3744 2595 3808 restituendam
2652 3748 2999 3831 Orthogra-

425 3846 652 3933 phiam
718 3844 1066 3931 plurimum
1132 3844 1467 3908 conferent
1530 3865 1783 3925 omnes,
1863 3864 2022 3930 quos
2090 3842 2258 3925 dixi,
2327 3844 2701 3911 Catholicae
2765 3850 3001 3914 fontes.

425 3948 601 4013 Nam
645 3948 1014 4031 fragmenta
1042 3946 1493 4011 Herodianeae
1523 3944 2039 4031 Orthographiae
2082 3945 2256 4009 haud
2300 3945 2505 4013 multa
2542 3948 2728 4013 nobis
2772 3948 3001 4014 relicta

425 4058 587 4115 sunt
630 4049 1108 4132 maximamque
1152 4058 1405 4133 partem
1448 4049 1514 4111 in
1570 4047 1835 4112 brevius
1882 4056 2211 4112 contracta
2252 4049 2375 4130 ita,
2429 4058 2504 4113 ut
2558 4072 2793 4115 causac
2824 4055 2999 4117 ¹scri-

425 4161 665 4238 pturae
710 4151 792 4216 ab
837 4149 1211 4213 Herodiano
1257 4159 1585 4235 receptae,
1632 4170 1794 4234 quas
1841 4146 1981 4233 ipse
2026 4171 2094 4211 sc
2152 4149 2217 4211 in
2263 4148 2746 4237 Orthographia
2798 4152 3000 4239 expli-

427 4274 624 4317 casse
665 4251 860 4333 dicit,
908 4260 1020 4315 aut
1062 4251 1322 4316 omnino
1367 4272 1752 4338 suppressae
1810 4259 1925 4312 aut
1978 4247 2303 4314 levissime
2358 4263 2531 4316 certe
2587 4262 2797 4317 tactae
2850 4256 2999 4319 sint.

429 4355 662 4435 Quare
701 4354 766 4418 in
813 4353 1129 4417 auxilium
1174 4351 1471 4418 vocanda
1514 4360 1664 4416 sunt
1719 4349 2181 4416 adnotamenta
2236 4351 2317 4416 de
2373 4354 2834 4441 orthographia
2887 4378 3003 4442 per

426 4454 691 4542 reliqua
739 4453 1102 4519 Herodiani
1158 4453 1398 4540 scripta
1453 4454 1769 4541 dispersa.
1876 4452 2049 4517 Huic
2105 4452 2398 4519 subsidio
2456 4457 2768 4521 accedunt
2819 4480 3001 4543 prae·
3108 4446 3117 4461 ’

427 4571 626 4624 terea
676 4556 801 4621 duo
856 4555 1091 4636 libelli,
1148 4558 1260 4643 qui
1317 4578 1398 4620 ex
1443 4554 1800 4619 Herodiani
1856 4553 2335 4641 Orthographia
2386 4555 2600 4623 hausti
2659 4560 3000 4642 imaginem

430 4656 769 4747 quandam
812 4660 1026 4743 operis
1072 4658 1410 4741 originalis
1465 4665 1984 4743 repraesentant,
2041 4656 2474 4723 Choerobosci
2521 4659 3005 4746 Orthographia

431 4764 508 4825 in
557 4762 767 4824 Uram.
797 4764 922 4825 An.
958 4760 1026 4824 II
1062 4759 1380 4825 167—281
1435 4768 1500 4823 et
1543 4757 1703 4822 liber
1733 4761 1878 4839 περὶ
1906 4760 2255 4839 ποεότητος
2286 4760 2527 4825 ibidem
2573 4784 2632 4846 p.
2665 4761 3004 4826 283—-318

431 4873 509 4927 et
557 4839 953 4949 Hesychius,
1000 4863 1110 4948 qui
1154 4861 1220 4926 in
1267 4860 1537 4947 epistola
1582 4863 1735 4940 μετὰ
1778 4862 1977 4941 ‘mitent
2025 4861 2371 4941 ὀρθότητος
2427 4867 2526 4928 καὶ
2570 4862 3004 4946 ἀκριβεετάτηε

2512 4966 2604 5048 ἕλε
