3664 5546
1207 344 1364 398 ΠΕΡΙ
1407 344 1800 399 ΚΑΘΟΛΙΚΗ(
1839 344 2261 399 ΠΡΟΕΩιΔΙΑ(
2302 344 2376 398 ΙΒ.
2964 346 3085 408 327

500 520 603 583 ἐπὶ
663 523 779 582 τοῦ
838 516 1106 598 πλοίου,
1176 514 1535 595 βαρύνομεν
1594 516 1684 579 ὡς
1753 516 1943 593 λευκή
2001 516 2101 579 καὶ
2153 515 2359 593 λεύκη.
2467 514 2821 580 ἀντιπίπτει
2889 517 2959 579 δὲ
3012 516 3087 579 τὸ

500 619 870 698 ςτρωμνή.
1053 626 1060 633 ’

673 753 707 783 κ
750 719 1068 785 Ὡςαύτως
1131 722 1233 784 καὶ
1287 720 1366 782 τὰ
1424 719 1935 799 ὑπερδιςύλλαβα
1991 718 2360 800 βαρύνεται,
2426 718 2783 797 Πολίχνη
2849 719 3086 796 Κρήτης

499 824 701 888 πόλις.
790 822 917 887 ἔςτι
962 823 1064 886 καὶ
1107 820 1400 900 Πολίχνα
1452 821 1638 885 πόλις
1683 821 2008 905 Τρῳάδος.
2097 819 2487 898 Εύδείπνη
2547 823 2738 896 νῆςος
2783 819 3085 899 Λιβυφοι-

499 925 708 992 νίκων.
797 924 1120 1011 ζΕκαταῑος
1164 924 1525 1002 περιηγήςει
1571 923 1814 1003 Λιβύης.
1906 921 2309 1001 Θεράπναι
2360 922 2546 986 πόλις
2590 922 2949 1003 Λακωνική,
3006 921 3084 998 ἥν
3121 926 3154 976 5

499 1047 664 1093 τινες
710 1024 1002 1103 (πάρτην
1048 1026 1259 1106 φαςίν,
1347 1025 1474 1089 ἔςτι
1521 1027 1591 1089 δὲ
1635 1025 1837 1089 τόπος
1893 1024 2063 1103 ἔχων
2109 1024 2271 1089 ναὸν
2327 1027 2457 1088 τῶν
2502 1023 2925 1101 Διοςκούρων
2982 1023 3086 1086 διὰ

498 1132 572 1194 τὸ
618 1130 746 1193 ἐκεῖ
800 1127 1071 1191 τούτους
1125 1130 1424 1205 τιμᾶςθαι.
1514 1125 1889 1204 θεραπεύειν
1946 1125 2069 1203 γὰρ
2114 1127 2297 1204 τιμᾶν
2356 1125 2632 1204 ςημαίνει
2690 1126 2792 1189 καὶ
2846 1124 2884 1187 ὁ
2930 1125 3087 1189 ναὸς

497 1234 614 1309 τὴν
684 1230 919 1311 οἰκίαν,
985 1228 1141 1292 ἔνθα
1205 1229 1341 1299 θεοὶ
1406 1227 1889 1306 θεραπεύονται.
1993 1210 2388 1292 Καλύδναι
2457 1231 2667 1308 νήςοι,
2733 1224 3085 1305 Ἀφίδναι

499 1336 697 1412 δῆμος
744 1332 1050 1411 Ἀττικῆς,
1098 1329 1346 1404 λέγεται
1393 1331 1463 1392 δὲ
1509 1329 1610 1392 καὶ
1659 1329 1983 1410 Κάλυδνα,
2026 1329 2320 1406 Ἄφιδνα.
2376 1329 2730 1393 Ἀκάνναι
2777 1326 3086 1407 ἐμπόριον
3176 1406 3199 1419 ·

499 1435 646 1512 περὶ
687 1434 802 1511 τὴν
849 1431 1151 1511 Ἐρυθρὰν
1210 1429 1541 1494 θάλαςςαν.
1628 1432 1703 1494 τὸ
1762 1433 1831 1494 δὲ
1880 1428 2230 1509 Ἐρυμναί
2287 1429 2474 1494 πόλις
2518 1429 2743 1495 Λυκίας
2787 1465 2874 1475 -
2918 1428 3086 1492 Ἀλέ-
3128 1436 3190 1487 10

498 1540 771 1613 ξανδρος
815 1534 886 1597 ἐν
931 1533 1152 1615 πρώτη
1197 1531 1522 1597 Λυκιακῶν
1565 1567 1651 1578 -
1694 1531 1986 1598 ὀξύνεται
2033 1531 2386 1596 ἐπιθετικὸν
2431 1530 2527 1595 ὄν.

669 1636 762 1699 Τὰ
807 1635 896 1699 εἰς
932 1637 1018 1712 ,νη
1066 1637 1386 1713 μονογενῆ
1433 1633 1668 1712 ἔχοντα
1711 1634 1826 1710 τὴν
1873 1634 2002 1711 πρὸ
2047 1634 2274 1697 τέλους
2321 1634 2639 1712 ςυλλαβὴν
2685 1632 2776 1698 εἰς
2819 1636 2855 1711 β
2901 1652 3085 1696 κατα-

500 1739 821 1816 λήγουςαν
882 1736 1248 1816 βαρύνεται,
1313 1734 1637 1816 πτέρνη,
1696 1733 1951 1813 Λέρνη
2006 1734 2046 1812 ἡ
2093 1735 2319 1816 κρήνη,
2378 1735 2626 1813 πέρνη
2682 1735 2783 1798 καὶ
2825 1734 3087 1812 Πέρνη

499 1839 684 1902 πόλις
740 1838 990 1920 Θρᾴκης
1052 1836 1311 1914 ἀντικρὺ
1378 1835 1623 1917 Θάςου,
1685 1836 1943 1915 Τάρνη
2008 1836 2193 1900 πόλις
2260 1836 2544 1919 Ἀχαΐας,
2609 1837 2837 1915 Ἄρνη
2903 1836 3088 1900 πόλις

500 1939 821 2004 Βοιωτίας.
909 1938 1193 2016 Ὅμηρος
1241 1937 1346 2001 «οἵ
1389 1957 1457 2001 τε
1503 1937 2006 2017 πολυςτὰφυλον
2051 1938 2114 2001 τ’
2158 1938 2394 2016 Ἄρνην
2439 1937 2635 2017 ἔχον»
2682 1936 2790 2019 (ΙΙ.
2835 1939 2881 2001 Β
2934 1937 3087 2018 507)
3129 1946 3189 1997 15

499 2043 601 2106 καὶ
634 2040 993 2120 Λυκόφρων
1031 2040 1123 2121 (v.
1156 2037 1310 2119 644)
1344 2040 1602 2117 «Ἄρνης
1648 2041 1921 2103 παλαιᾶς
1957 2039 2184 2121 γέννα,
2231 2039 2557 2118 Τεμμίκων
2604 2039 2897 2118 πρόμοι».
2945 2044 3085 2103 δευ-

497 2144 649 2220 τέρα
693 2141 878 2206 πόλις
924 2141 1294 2223 Θεςςαλίας,
1352 2139 1621 2205 ἄποικος
1681 2143 1792 2218 τῆς
1838 2141 2173 2223 Βοιωτίας,
2230 2141 2377 2219 περὶ
2418 2140 2492 2219 ἧς
2539 2141 2811 2220 χρηςμός
2859 2142 3085 2219 «Ἄρνη

497 2244 854 2323 χηρεύουςα
919 2243 1089 2322 μένει
1159 2242 1472 2307 Βοιώτιον
1538 2242 1799 2320 ἄνδρα».
1898 2243 2214 2320 θυγατέρα
2274 2243 2344 2306 δέ
2410 2262 2600 2322 φαςιν
2668 2242 2903 2306 Αἰόλου
2970 2244 3085 2320 τὴν

497 2348 751 2425 Ἄρνην.
837 2345 1010 2423 τρίτη
1058 2343 1560 2422 Μεςοποταμίας.
1672 2343 1938 2422 τετάρτη
1983 2348 2093 2422 τῆς
2142 2344 2478 2423 Γραςινίων
2524 2345 2686 2422 πρὸς
2731 2349 2806 2426 τῇ
2853 2344 3085 2425 Θρᾴκῃ.

499 2449 750 2525 Θέρνη
796 2446 981 2510 πόλις
1028 2446 1307 2526 Θρᾴκης,
1358 2444 1609 2522 Κάρνη
1654 2444 1841 2508 πόλις
1887 2445 2184 2523 Φοινίκης
2228 2443 2358 2509 ἀπὸ
2410 2445 2661 2523 Κάρνου
2712 2448 2828 2508 τοῦ
2873 2442 3085 2508 Φοίνι-
3122 2455 3190 2505 20

499 2568 641 2629 κος,
704 2549 792 2611 ὡς
845 2547 1080 2624 Ἴςτρος
1136 2546 1340 2625 φηςίν.
1429 2546 1888 2625 Ἀρτεμίδωρος
1945 2547 2002 2610 δ’
2056 2546 2126 2611 ἐν
2181 2553 2271 2631 τῷ
2328 2546 2573 2629 δεκάτῳ
2634 2545 2850 2629 βιβλίῳ
2896 2545 3085 2625 φηςίν

502 2650 667 2712 «ἔςτι
717 2647 961 2725 Κάρνος
1006 2649 1105 2710 καὶ
1150 2650 1427 2724 ςυνεχῶς
1467 2646 1757 2729 Πάλτος,
1806 2645 1947 2712 εἶτα
1994 2647 2242 2729 Γάβαλα
2286 2648 2532 2712 πόλις».
2621 2646 2746 2712 ἔςτι
2800 2649 2869 2711 δὲ
2923 2646 3084 2726 ἄλλη

498 2750 802 2814 Αἰολίδος.
874 2748 1117 2827 Κέρνη
1163 2747 1348 2812 πόλις
1379 2749 1480 2812 καὶ
1512 2748 1712 2827 λιμήν.
1772 2751 1848 2815 τὸ
1894 2752 1964 2815 δὲ
2010 2750 2259 2830 φερνή
2305 2749 2343 2827 ἡ
2376 2749 2560 2827 προίξ
2591 2749 2765 2828 παρὰ
2795 2749 2870 2814 τὸ
2901 2749 3085 2829 φέρω

500 2851 805 2917 ὀξύνεται.
891 2850 1140 2914 Αἰολεῖς
1186 2851 1256 2912 δὲ
1301 2850 1584 2929 φέρεναν
1629 2851 1829 2929 αὐτὴν
1877 2852 2128 2927 λέγουςι
2174 2851 2411 2931 ὁμοίως
2454 2858 2530 2933 τῇ
2574 2853 2860 2917 Ἕλεναν.

666 2977 704 3012 ιε.
752 2952 881 3016 Ἔτι
926 2953 1028 3015 καὶ
1071 2952 1149 3015 τὰ
1193 2951 1282 3015 εἰς
1341 2956 1419 3029 νῆ
1479 2957 1798 3031 μονογενῆ
1858 2953 2367 3033 ὑπερδιςύλλαβα
2422 2954 2659 3032 ἔχοντα
2712 2954 2840 3030 πρὸ
2886 2955 3002 3016 τοῦ
3048 2955 3085 3015 V
3121 2947 3186 3013 25

498 3058 533 3133 γ’)
581 3054 949 3135 βαρύνεται,
998 3053 1235 3132 Ἰέρνη
1280 3056 1469 3130 νῆςος
1515 3054 1584 3119 ἐν
1629 3061 1721 3137 τῷ
1763 3056 1989 3132 πέρατι
2034 3055 2197 3133 πρὸς
2242 3058 2379 3119 ταῖς
2410 3057 2698 3135 δυςμαῖς,
2746 3053 3084 3131 Ἰουέρνη

401 3199 413 3218 .
498 3157 684 3220 πόλις
740 3155 808 3220 ἐν
866 3161 958 3239 τῷ
1023 3155 1244 3237 πόντῳ
1300 3160 1392 3239 τῷ
1446 3155 1837 3239 Πρετανικῷ.
1927 3156 2281 3234 Ἀχάρναι
2350 3157 2548 3234 δῆμος
2609 3157 2721 3231 τῆς
2789 3154 3085 3232 Οἰνηῑδος

498 3261 723 3337 φυλῆς.

498 3447 555 3495 in
592 3448 804 3494 textum
841 3445 1086 3509 recipere
1125 3444 1401 3506 dubitavi·;
1443 3444 1540 3494 sed
1578 3444 1841 3509 ςτρωμνή
1887 3447 1944 3494 in
1982 3446 2087 3495 tine
2124 3446 2383 3510 apposui,
2432 3460 2596 3509 quum
2635 3445 2800 3494 etiam
2836 3444 3081 3509 Theogn.

501 3518 884 3563 commemoret
921 3528 972 3576 p.
1015 3514 1128 3575 115,
1167 3514 1197 3561 8
1237 3509 1514 3576 ςτρομόνη
1553 3511 1642 3562 καὶ
1678 3511 1823 3564 κατὰ
1860 3512 2148 3577 ςυγκοπὴν
2185 3510 2430 3576 ςτρομνή
2470 3513 2502 3564 i.
2541 3529 2586 3561 e.
2626 3511 2902 3576 ςτρωμνή.

500 3582 533 3630 Ι.
572 3584 602 3629 2
656 3580 800 3629 hune
845 3595 1108 3629 canonem
1152 3578 1283 3628 finxi
1329 3596 1394 3629 ex
1442 3580 1751 3630 nominibus
1797 3597 1830 3630 a
1879 3583 1958 3630 St.
1994 3582 2059 3630 B.
2108 3580 2326 3642 raiatia,
2384 3580 2451 3629 (le
2500 3576 2773 3630 Καλύδναι
2812 3580 2874 3630 ΙΙ.
2914 3581 3002 3632 Pr.
3042 3577 3081 3631 Β

497 3651 621 3697 677:
664 3645 975 3698 Καλύδνας;
1016 3644 1095 3697 ὡς
1131 3644 1376 3698 καλάθας
1413 3645 1823 3709 ἀναγνωςτέον.
1896 3650 1957 3697 Ε.
1994 3649 2065 3697 Μ.
2111 3647 2143 3698 ὁ
2184 3646 2613 3710 Ἀπολλόδωρός
2651 3660 2784 3712 φηςι
2831 3645 3082 3709 λέγεςθαι

500 3713 782 3767 Καλύδνας
820 3713 899 3765 ὡς
937 3712 1193 3776 καλύβας.
1263 3715 1348 3763 De
1389 3713 1640 3778 Ἀφίδναι
1679 3716 1759 3767 St.
1796 3718 1860 3765 Β.
1899 3714 2011 3767 ἔςτι
2049 3716 2138 3766 καὶ
2176 3713 2560 3780 πληθυντικὸν
2600 3712 2877 3779 Ἀφίδναι,
2918 3716 2997 3765 ita
3021 3721 3084 3765 ut

497 3784 735 3848 pluralia
771 3800 804 3833 a
841 3782 1108 3848 singulari
1143 3784 1200 3830 in
1237 3785 1308 3845 ιΤῆ
1347 3789 1688 3847 paroxytono
1734 3787 2074 3848 repetantur.
2152 3781 2406 3847 Ἐρυμναί
2453 3785 2533 3833 sie
2572 3784 2832 3846 seriptum
2870 3787 2955 3834 est
2991 3799 3078 3848 ap.

499 3855 577 3903 st.
615 3854 706 3914 B.‚
755 3851 899 3901 unde
948 3849 1194 3914 regulam
1238 3850 1531 3915 composui.
1603 3852 1728 3901 llue
1775 3852 2017 3916 pertinet
2063 3851 2231 3901 etiam
2278 3848 2508 3914 κυλίχνη
2545 3848 2719 3914 φιάλη
2770 3848 2986 3914 ἰατρική
3024 3851 3082 3899 in

496 3920 635 3969 libro
675 3917 802 3982 περὶ
839 3915 1155 3981 ποςότητος
1194 3918 1279 3970 Cr.
1318 3918 1371 3968 ΙΙ
1408 3921 1524 3980 302,
1566 3920 1645 3970 15.
1795 3919 1832 3968 l.
1874 3922 1935 3968 13
1973 3918 2153 3983 Λέρνη
2191 3919 2409 3983 explevi
2456 3935 2521 3968 ex
2558 3918 2804 3982 Theogn.
2848 3921 2959 3979 112,
2996 3921 3080 3980 27,

499 3986 675 4051 πέρνη
714 4003 810 4052 pro
848 3983 1034 4050 πάρνη
1072 3985 1269 4050 scripsi
1304 4002 1370 4035 ex
1408 3986 1553 4035 Mon.
1590 3990 1681 4046 33,
1720 3988 1784 4036 29
1834 3993 1891 4036 et
1925 3986 2119 4050 Πέρνη
2166 4004 2233 4036 ex
2267 3986 2512 4050 Theogn.
2559 3991 2615 4034 et
2652 3985 2729 4034 St.
2768 3986 2828 4033 B.
2874 3984 3080 4041 addidi,

498 4053 688 4119 Τάρνη
729 4053 906 4117 Ἄρνη
963 4069 1028 4102 ex
1077 4055 1220 4103 Mon.
1278 4059 1334 4103 et
1372 4056 1452 4105 st.
1491 4055 1581 4115 B.,
1635 4052 1819 4118 Θέρνη
1869 4052 2052 4119 Κάρνη
2108 4071 2175 4104 ex
2225 4057 2305 4104 St.
2340 4057 2433 4115 B.,
2489 4051 2667 4116 Κέρνη
2723 4069 2788 4101 ex
2831 4054 2978 4102 Mon.
3025 4059 3081 4103 et

496 4123 740 4183 Theogn.
786 4147 854 4156 —
889 4119 1105 4171 Αἰολεῖς
1142 4119 1203 4170 δὲ
1240 4120 1487 4184 φέρεναν
1533 4137 1704 4185 usque
1742 4122 1814 4171 ad
1850 4121 2012 4172 finem
2059 4138 2125 4171 ex
2161 4123 2307 4174 Mon.
2345 4122 2381 4171 l.
2421 4137 2466 4170 c.
2504 4121 2714 4169 adieci:
2760 4118 2970 4183 φερνῆς
3008 4119 3081 4170 τὰ

498 4188 576 4241 εἰς
614 4195 682 4253 νη
723 4187 972 4253 λήγοντα
1008 4188 1305 4251 διςύλλαβα
1343 4191 1622 4252 μονογενῆ
1661 4187 1876 4253 θηλυκὰ
1902 4187 2105 4252 ἔχοντα
2143 4189 2254 4254 πρὸ
2291 4191 2394 4239 τοῦ
2421 4193 2454 4237 V
2478 4190 2509 4252 β
2549 4186 2873 4251 βαρύνεςθαι
2911 4185 3077 4250 θέλει,

497 4256 705 4322 πέρνη,
744 4256 986 4320 πτέρνη,
1027 4255 1216 4320 Τάρνη
1255 4254 1445 4318 πόλις,
1488 4255 1661 4320 Κέρνη
1700 4254 1939 4320 ὁμοίως,
1977 4254 2182 4320 Ἄρνη,
2220 4254 2362 4307 ἀλλὰ
2411 4255 2585 4319 μόνον
2630 4254 2700 4304 τὸ
2737 4252 2920 4319 φερνή
2958 4253 3080 4306 ὀξύ-

496 4340 675 4376 νεται·
714 4322 928 4376 Αἰολεῖς
966 4323 1026 4374 δὲ
1063 4325 1180 4374 κτλ.
1230 4324 1574 4376 simillimum
1610 4332 1694 4374 est
1734 4325 2099 4388 fragmentum
2137 4341 2202 4373 ex
2241 4324 2383 4374 libro
2419 4323 2547 4388 περὶ
2584 4323 2785 4373 παθῶν
2821 4324 2877 4371 in
2917 4324 2978 4372 Ε.
3005 4325 3078 4374 Μ.

498 4396 614 4455 790,
650 4397 741 4443 43:
782 4391 1016 4456 φέρενα·
1053 4395 1229 4442 τοῦτο
1264 4390 1407 4442 κατὰ
1451 4390 1761 4442 διάλεκτον.
1832 4390 1884 4442 οἱ
1930 4391 2035 4455 γὰρ
2073 4389 2290 4443 Αἰολεῖς
2327 4390 2544 4454 λέγουςι
2579 4389 2689 4453 τήν
2726 4387 2944 4453 φερνήν
2981 4388 3078 4453 φέ-

497 4475 666 4525 ρεναν
702 4459 833 4512 ἷςως
871 4459 1326 4523 προςφυὲςτερον
1363 4459 1514 4523 παρὰ
1550 4458 1618 4509 τὸ
1655 4457 1864 4523 φέρειν.
1919 4456 2080 4522 προίξ
2115 4457 2221 4523 γάρ
2258 4458 2419 4510 ἐςτιν.
2474 4459 2545 4521 ῆν
2581 4456 2687 4522 γὰρ
2724 4455 3078 4521 ήλογημένον

497 4528 565 4578 τὸ
601 4527 798 4593 φερνή.
868 4527 939 4578 τὰ
975 4527 1080 4591 γὰρ
1118 4526 1196 4578 είς
1233 4542 1302 4590 νη
1342 4525 1590 4591 λήγοντα
1626 4526 1923 4589 διςύλλαβα
1961 4526 2166 4589 ἔχοντα
2202 4526 2319 4590 πρὸ
2350 4526 2549 4578 τέλους
2586 4524 2655 4575 τὸ
2691 4526 2725 4588 ρ’
2763 4524 3074 4588 βαρύνεται,

499 4593 622 4646 οἷον
659 4594 875 4660 Τάρνη,
915 4594 1147 4660 πτέρνη.
1198 4595 1382 4657 «μόνον
1428 4594 1497 4645 τὸ
1543 4593 1724 4660 φερνή
1771 4593 2043 4646 ὀξύνεται.
2116 4593 2214 4646 ἐὰν
2250 4594 2311 4646 δὲ
2346 4594 2495 4678 δώςη
2534 4607 2617 4644 τις
2652 4592 2756 4643 τὸν
2792 4590 2966 4643 τόνον
3003 4594 3077 4657 μὴ

499 4663 854 4726 πλεοναςμὸν
891 4661 1152 4714 Αἰολικὸν
1190 4663 1334 4715 εἶναι
1373 4663 1462 4713 καὶ
1498 4661 1630 4727 εἴπῃ
1670 4661 1883 4727 φερένη
1911 4663 2000 4714 καὶ
2040 4662 2334 4727 μιμήςηται
2370 4662 2439 4714 τὸ
2494 4660 2697 4725 Ελένη,
2736 4659 3077 4712 ἀπολέλυται

385 4771 398 4786 ,
499 4730 568 4780 τὸ
606 4730 972 4796 ήλογημένον.
1112 4733 1147 4784 1.
1187 4735 1252 4782 25
1289 4733 1431 4781 hune
1470 4746 1733 4781 canonem
1770 4731 1900 4780 finxi
1938 4747 2004 4780 ex
2041 4732 2350 4783 nominibus
2385 4748 2418 4780 a
2455 4730 2535 4784 St.
2570 4731 2633 4783 B.
2672 4730 2923 4794 prolatis,
2994 4729 3075 4780 St.

499 4800 560 4848 B.
601 4796 856 4862 Ἀχαρναί
893 4799 1067 4862 δῆμος
1105 4797 1362 4865 Οἰνηῖδος
1400 4800 1605 4864 φυλῆς’
1644 4798 1985 4864 Ἡρωδιανὸς
2027 4797 2294 4863 Ἀχάρνης
2332 4797 2670 4868 βαρύτονον,
2708 4798 2803 4848 ubi
2838 4798 3079 4849 Meinek.
