3664 5546
723 393 886 440 CXVI
1821 395 2238 444 PRAEFATIO.

718 544 1090 610 Catholicae
1134 555 1384 633 partes,
1448 548 1516 610 in
1572 547 1808 633 quibus
1864 548 2022 613 haec
2080 551 2379 614 materies
2428 551 2761 636 explicata
2804 559 2933 630 est,
2994 552 3281 615 damnum

711 649 1055 711 restituere
1100 646 1361 714 debent.

1223 819 1489 884 XXIX.
1576 823 1769 901 Περὶ
1811 823 2063 903 γάμου
2108 826 2231 916 καὶ
2276 827 2783 906 ςυμβιώςεως.

876 954 1094 1019 Unum
1138 955 1328 1020 huius
1371 956 1526 1021 libri
1568 957 2013 1042 fragmentum
2057 969 2386 1024 servatum
2432 968 2533 1023 est
2575 962 2643 1024 in
2690 959 2770 1023 E.
2802 959 2892 1023 M.
2946 959 3100 1040 149,
3145 960 3243 1023 41.

1605 1127 1840 1196 XXX.
1930 1129 2388 1210 (υμπόςιον,

872 1262 965 1326 Ut
1008 1265 1343 1349 proximus
1392 1263 1556 1329 liber
1598 1263 2069 1351 explicationes
2100 1265 2571 1331 vocabulorum
2615 1267 2701 1331 ad
2732 1267 3105 1352 coniugium
3151 1290 3281 1353 per·

706 1365 1050 1429 tinentium
1095 1367 1391 1451 praebet,
1442 1367 1536 1430 sic
1579 1366 1685 1430 hic
1731 1367 1881 1432 inde
1928 1389 2163 1431 nomen
2200 1370 2480 1454 accepit,
2527 1367 2704 1456 quod
2750 1368 2817 1432 in
2860 1392 2936 1434 eo
2968 1369 3282 1434 vocabula

701 1488 805 1529 res
861 1489 1029 1553 quae
1074 1467 1159 1531 ad
1222 1469 1597 1533 convivium
1635 1479 1933 1555 spectant
1982 1469 2424 1553 significantia
2469 1471 3028 1558 disceptabantur,
3118 1470 3279 1535 Nam

703 1567 924 1632 omnia
978 1568 1331 1650 vocabula,
1400 1593 1676 1657 quorum
1731 1573 2084 1655 originatio
2150 1583 2216 1637 et
2280 1574 2731 1660 interpretatio
2799 1596 2883 1638 ex
2938 1572 3279 1661 Symposio

701 1678 1083 1756 supersunt,
1129 1672 1196 1736 in
1239 1672 1360 1735 hac
1405 1695 1477 1736 re
1509 1683 1889 1754 versantur,
1937 1683 2001 1738 et
2045 1674 2104 1737 si
2147 1697 2337 1760 quem
2382 1677 2449 1738 in
2479 1697 2745 1739 numero
2786 1675 3017 1739 harum
3046 1698 3281 1741 vocum

701 1773 942 1852 ψεδνός
973 1772 1293 1855 offendat,
1340 1784 1597 1861 reputet
1638 1775 1706 1840 id
1752 1775 2142 1841 vocabulum
2186 1776 2461 1841 relatum
2507 1777 2714 1841 fuisse
2757 1778 2929 1842 inter
2966 1775 3279 1841 familiam

697 1896 954 1960 eorum,
1000 1898 1166 1961 quae
1210 1886 1285 1941 ut
1329 1879 1558 1959 ψωμός
1603 1900 1642 1941 a
1685 1878 1890 1944 verbo
1935 1885 2046 1959 ψῶ
2091 1889 2554 1966 propagantur.
2642 1878 2881 1944 Omnia
2923 1879 3060 1944 fere
3090 1879 3279 1943 huius

695 1977 1067 2063 scriptionis
1110 1979 1484 2064 fragmenta
1527 1989 1790 2044 servata
1835 1991 1985 2045 sunt
2029 1981 2097 2044 in
2141 1980 2596 2068 Etymologico
2644 1981 2929 2047 Orionis.

1218 2150 1484 2215 XXXI.
1575 2153 2067 2230 Προτατικὸν
2115 2152 2253 2214 sive
2298 2152 2754 2231 Προτὰςεις.

861 2285 940 2349 In
983 2286 1105 2351 hoc
1161 2285 1329 2351 libro
1375 2287 1791 2369 quaestiones
1841 2286 1922 2351 de
1968 2284 2349 2351 difficilibus
2394 2287 2589 2352 rebus
2648 2289 3127 2372 grammaticis,
3198 2288 3276 2352 de

691 2388 990 2454 abnormi
1022 2387 1521 2475 orthographia,
1569 2388 1879 2474 prosodia
1911 2388 2235 2453 similibus
2279 2389 2790 2455 instituebantur
2822 2402 2888 2454 et
2917 2389 3275 2455 solutiones

691 2491 1200 2570 exhibebantur,
1250 2491 1335 2555 cf.
1367 2491 1575 2555 Lehrs
1620 2492 1829 2555 Arist.
1880 2514 1943 2578 p.
1989 2491 2114 2555 223
2160 2489 2262 2556 ed.
2295 2491 2397 2572 Π,
2442 2516 2596 2557 nam
2640 2492 2757 2558 Ori
2803 2495 3005 2559 λύςεις
3034 2496 3275 2572 προτά-

691 2616 851 2659 ςεων
908 2594 1493 2676 τῶνῙΗρωδιανοῦ
1547 2591 1731 2657 Suid.
1787 2595 1884 2658 ita
1930 2595 2348 2680 accipiendae
2403 2605 2584 2676 sunt,
2651 2604 2723 2658 ut
2769 2594 3127 2660 solutiones
3191 2596 3274 2660 ab

689 2694 1065 2762 Herodiano
1131 2695 1502 2783 propositas
1561 2695 1797 2759 iterum
1852 2695 1921 2758 in
1986 2696 2523 2784 disceptationem
2574 2707 2839 2762 vocatas
2907 2708 2974 2762 et
3032 2699 3275 2784 partim

687 2799 999 2885 probatas
1044 2801 1280 2884 partim
1325 2798 1641 2863 refutatas
1691 2821 1837 2862 esse
1882 2809 2176 2863 sumatur
2218 2800 2332 2883 (cf.
2365 2797 2619 2863 Ritschl
2667 2797 2746 2863 de
2778 2798 2892 2864 Or.
2943 2809 3009 2866 et
3039 2798 3271 2864 Orion.

685 2923 750 2987 p.
780 2900 913 2986 38).
983 2900 1061 2964 In
1108 2900 1184 2965 Il.
1219 2902 1325 2964 Pr.
1355 2903 1415 2966 Ψ
1444 2901 1571 2964 604
1612 2900 2033 2965 Herodianus
2081 2900 2244 2965 dicit
2285 2904 2432 2982 περὶ
2474 2907 2585 2981 τῆς
2631 2902 2859 2969 λέξεως
2906 2902 3027 2987 (sc.
3061 2900 3271 2985 νεοίη)

685 3005 739 3069 εἰ
783 3005 977 3080 ὑγιῶς
1021 3004 1456 3086 ἐςχηματίςθη,
1514 3004 1594 3068 ἐν
1652 3009 1754 3086 τῷ
1802 3011 2248 3081 προτατικῷ
2294 3005 2588 3087 ἐζήτηςα,
2642 3006 2711 3068 in
2762 3001 2840 3068 Il.
2890 3002 2999 3068 Pr.
3046 3002 3098 3067 Ω
3146 3003 3270 3067 657

685 3108 946 3189 ἑζήτητο
993 3108 1166 3189 (περὶ
1220 3112 1331 3184 τῆς
1390 3106 1620 3170 λέξεως
1663 3105 2020 3184 ποςςῆμαρ)
2073 3105 2144 3169 ἐν
2200 3110 2337 3170 ταῖς
2389 3107 2753 3188 προτὰςεςι,
2809 3104 2920 3192 qui
2976 3103 3156 3168 locus
3204 3106 3274 3169 in

682 3205 888 3272 altero
935 3205 1193 3271 Scholio
1236 3205 1378 3273 cod.
1425 3207 1484 3268 A
1535 3215 1834 3268 servatus
1881 3205 2144 3290 quidem
2189 3216 2289 3269 est
2335 3206 2513 3292 (nam
2558 3207 2780 3272 verbis
2833 3208 2915 3272 ἐν
2961 3207 3273 3286 ἑτέροις

681 3310 718 3374 ὁ
765 3309 1154 3397 ’ῌρωδιανός
1198 3331 1346 3389 φηςι
1391 3308 1725 3386 προτόιςεις
1771 3306 2284 3392 significantur),
2344 3309 2460 3373 sed
2514 3308 2963 3395 epitomatoris
3012 3308 3270 3375 addita-

680 3421 898 3473 mento
914 3458 931 3489 ,
980 3409 1092 3495 qui
1138 3410 1334 3472 etiam
1381 3407 1797 3493 cognoscitur
1840 3430 1925 3472 ex
1968 3407 2290 3474 vocabulo
2336 3412 2701 3491 ἐξαιρεῑςθαι
2748 3409 3123 3476 Herodiano
3172 3413 3270 3475 iu-

679 3511 951 3590 usitato‚
998 3512 1384 3595 ἑξῃρημένου
1427 3516 1544 3575 τοῦ
1590 3511 1914 3576 ποδαπός·
1959 3512 2309 3590 ἐπι-ἔγκειται
2339 3515 2462 3592 γὰρ
2492 3514 2568 3578 τὸ
2611 3517 2802 3579 ποῖος
2846 3520 2938 3597 τῷ
2976 3514 3263 3597 δαπέδῳ,

679 3612 1080 3677 deformatus
1128 3623 1255 3692 est,
1299 3635 1452 3677 nam
1499 3634 1581 3676 ex
1627 3612 1722 3676 Io.
1768 3611 1875 3676 Al.
1920 3614 2033 3694 25,
2078 3614 2158 3677 27
2220 3624 2626 3700 compertum
2680 3614 2994 3679 habemus
3046 3613 3264 3679 Hero—

678 3715 945 3779 dianum
990 3718 1284 3780 ποδαπός
1328 3736 1458 3778 non
1488 3714 1948 3800 compositum,
1998 3716 2113 3780 sed
2158 3738 2274 3802 per
2303 3730 2681 3802 paragogen
2718 3717 2938 3781 fictum
2968 3725 3264 3803 putasse,

675 3839 870 3902 quam
925 3818 1309 3883 sententiam
1363 3828 1537 3882 recte
1593 3818 2053 3904 pronunciavit
2108 3817 2184 3882 E.
2243 3818 2334 3883 M.
2382 3819 2537 3900 756,
2581 3820 2666 3882 44
2718 3820 3075 3898 τηλεδαπός
3136 3820 3264 3900 οὐχ

675 3920 764 3984 ὥς
807 3941 973 3985 τινες
1020 3920 1290 3998 ἔγκειται
1333 3923 1408 3985 τὸ
1452 3920 1698 4000 ἔδαφος
1742 3920 1779 3984 ὁ
1823 3921 2047 4000 πόρρω
2092 3920 2261 3999 ἔχων
2317 3923 2392 3987 τὸ
2438 3922 2683 4001 ἔδαφος
2739 3922 2839 3985 καὶ
2881 3923 2996 4000 τὴν
3041 3920 3260 4006 πόλιν,

587 4034 594 4041 “
673 4022 840 4088 ἀλλὰ
884 4024 1274 4103 παραγωγόν
1330 4023 1452 4087 ἐςτι
1510 4024 1613 4086 διὰ
1667 4026 1784 4086 τοῦ
1841 4023 2045 4087 δαπός
2098 4026 2248 4101 τῆλε
2303 4025 2660 4102 τηλεδαπός
2717 4023 2755 4087 ὁ
2806 4023 3049 4102 μακρὰν
3094 4022 3263 4104 ἀφε-

673 4118 910 4205 ςτηκὼς
979 4128 1067 4191 ὼς
1128 4127 1430 4205 ἡμέτερος
1493 4125 1845 4208 ἡμεδαπός,
1913 4124 2214 4203 ὑμέτερος
2279 4125 2618 4202 ὑμεδαπός.
2720 4125 3079 4189 Caeterum
3125 4147 3261 4188 non

672 4224 848 4290 solus
901 4226 1007 4290 hic
1062 4224 1228 4291 liber
1285 4223 1593 4290 solutioni
1649 4224 2128 4311 problematum
2182 4227 2759 4309 grammaticorum
2804 4225 3058 4290 dicatus
3104 4224 3257 4307 fuit,

670 4328 785 4392 sed
842 4351 957 4414 per
1011 4329 1228 4392 omnia
1284 4329 1524 4413 scripta
1577 4327 1874 4413 dispersa
1927 4328 2225 4409 fuerunt,
2282 4328 2463 4393 velut
2515 4328 2657 4414 ipse
2713 4326 3128 4393 Herodianus
3186 4328 3257 4390 in

667 4429 843 4493 Mon.
887 4430 1001 4512 20,
1054 4430 1131 4494 19
1176 4431 1436 4496 πάντων
1495 4431 1700 4496 λύςεις
1758 4431 2071 4515 (omnium
2127 4430 2473 4517 prosodiae
2532 4431 2708 4494 vocis
2766 4430 3032 4517 πηλίκος
3077 4426 3253 4491 diffi-

667 4529 986 4597 cultatum
1043 4532 1425 4616 solutiones)
1486 4555 1553 4595 se
1611 4532 1679 4595 in
1733 4531 2069 4598 Catholica
2126 4533 2283 4597 dare
2342 4531 2522 4597 dicit.
2610 4530 2741 4596 Sed
2796 4540 2870 4595 ut
2912 4532 2978 4595 in
3022 4529 3255 4596 Mona-

668 4631 832 4697 dicis
878 4657 957 4699 ea
1001 4631 1351 4715 vocabula,
1410 4655 1577 4720 quae
1631 4634 1795 4698 nihil
1857 4637 1957 4699 sui
2013 4634 2222 4699 simile
2266 4634 2540 4715 habent,
2587 4634 2985 4719 composuit,
3040 4632 3137 4697 sic
3181 4632 3251 4697 in

664 4733 786 4797 hoc
826 4735 994 4801 libro
1037 4736 1387 4817 vocabula,
1435 4758 1705 4821 quorum
1749 4736 2249 4801 abnormitatem
2280 4738 2347 4800 in
2393 4735 2537 4800 aliis
2585 4733 2766 4799 libris
2799 4733 3254 4821 explicaverat

573 4868 582 4887 ·
664 4847 730 4902 et
773 4850 1231 4923 excusaverat,
1279 4839 1399 4904 sub
1444 4861 1572 4903 uno
1616 4833 1971 4927 conspectu
2014 4836 2367 4904 collocasse
2410 4836 2736 4926 putandus
2783 4847 2904 4907 est.
