3664 5546
637 372 765 436 392
1575 370 1656 424 ΕΚ
1695 369 1834 423 ΤΩΝ
1877 369 2285 423 ΗΡΩΔΙΑΝΟΥ

879 572 885 583 =
964 541 1227 622 ἀνέρος,
1273 543 1350 605 ὃν
1396 541 1746 628 κτ-εάτεςςιν
1792 541 1926 605 ἑοῖς
1970 541 2074 606 ἔπι
2119 545 2318 619 γῆρας
2369 542 2584 619 ἔτετμε
2629 542 2698 622 (α
2742 538 2896 619 218)

641 647 1087 725 μεταπλαςμοῦ
1132 644 1342 721 ἔχεται
1388 643 1456 706 ἐκ
1498 647 1609 720 τῆς
1653 642 1938 707 κτεάτοις
1984 648 2251 721 δοτικῆς.
2295 679 2382 689 —-
2425 643 2681 721 δέμας.
2727 641 2829 705 καὶ
2871 647 3067 713 τοῦτο
3114 664 3228 722 μο-

642 747 832 824 νῆρές
888 746 1045 825 ἐςτι,
1101 744 1297 809 οὐδὲν
1355 745 1477 822 γὰρ
1522 744 1609 809 εἰς
1662 748 1780 821 μᾶς
1824 748 2029 823 λῆγον
2089 745 2433 822 οὐδέτερον
2491 746 2758 823 «ςτήτην
2803 743 2992 819 ἐγγὺς
3038 743 3229 826 ἰόντε,

642 848 835 926 δέμας
880 847 937 910 δ’
980 845 1310 923 ἄνδρεςςιν
1357 846 1610 924 ἐΐκτην»
1658 847 1743 928 (Φ
1787 844 1958 927 285).
2048 845 2267 928 οὖας,
2312 847 2574 929 κέρας,
2632 846 2910 926 δέπας,
2954 845 3229 926 πέρας,

573 956 606 1005 5
640 950 900 1031 τέρας,
948 948 1254 1030 βρέτας,
1289 949 1563 1029 λέπας,
1609 949 1923 1030 ςκέπας,
1954 934 2280 1030 κνέφας,
2313 948 2573 1029 ςέβας,
2617 948 2883 1029 γέρας,
2929 947 3230 1027 ψέφας,

644 1050 882 1115 οὖδας
896 1100 915 1133 ,
960 1053 1181 1114 κῶας.

809 1151 940 1215 Ἔτι
983 1151 1063 1215 τὰ
1106 1150 1194 1215 εἰς
1238 1154 1322 1213 οἱ
1369 1150 1735 1233 βαρύνεται,
1779 1153 2073 1230 τεῖχος·
2119 1151 2245 1216 ἔςτι
2290 1153 2393 1215 καὶ
2426 1150 2746 1231 φρούριον
2794 1149 3060 1227 Ἀχαῖας.
3109 1149 3230 1227 βέ-

635 1240 812 1336 λος,
859 1253 1237 1334 πέλαγος,
1284 1252 1620 1317 ὄνειδος.
1709 1255 1999 1334 φᾶρος,
2056 1252 2217 1331 ὅπερ
2274 1253 2398 1317 ἐςτὶ
2453 1256 2807 1330 ςημειῶδες.
2892 1251 2972 1313 τὰ
3014 1250 3102 1313 εἰς
3144 1254 3232 1312 ff

646 1356 929 1431 λήγοντα
984 1354 1323 1435 οὐδέτερα,
1382 1353 1437 1417 εἰ
1490 1353 1629 1431 ἔχοι
1684 1355 1813 1432 πρὸ
1868 1356 2098 1426 τέλους
2151 1356 2226 1419 τὸ
2282 1356 2353 1435 ἆ,
2413 1353 2915 1433 ςυνεςταλμένον
2970 1351 3231 1416 πάντως

534 1460 610 1543 ,10
646 1455 805 1518 αὐτὸ
850 1454 1017 1537 ἔχει,
1064 1454 1119 1519 εἰ
1163 1457 1245 1534 μὴ
1290 1455 1450 1518 κατὰ
1493 1454 1826 1520 διάλεκτον
1873 1454 2001 1538 εἴη,
2047 1455 2257 1535 ὥςπερ
2302 1457 2377 1519 τὸ
2420 1458 2671 1533 πᾶρος

1357 1556 1462 1619 ἐπὶ
1503 1557 1626 1634 γὰρ
1670 1561 1877 1636 πᾶρος
1922 1558 2188 1637 ὀνιαρὸν
2232 1557 2493 1623 ἱκνεῖται

647 1656 938 1721 Ἀλκαῖός
992 1677 1160 1735 φηςι.
1247 1661 1507 1721 τοιοῦτο
1564 1659 1634 1721 δέ
1692 1658 1813 1722 ἐςτι
1859 1660 2078 1723 καὶτὸ
2125 1663 2393 1740 μᾶκος,
2453 1646 2706 1721 δᾶνος.
2793 1658 2869 1721 τὸ
2924 1657 2995 1720 δέ
3039 1660 3232 1734 πρᾶ-

648 1779 785 1833 γος
830 1758 949 1835 ἤδη
1006 1758 1109 1821 καὶ
1162 1759 1238 1821 τὸ
1295 1757 1463 1835 ῥῆμα
1507 1762 1682 1823 δοκεῖ
1734 1760 1905 1838 ἔχειν
1964 1761 2337 1840 μεταβολήν.
2426 1759 2586 1823 ἔςτω
2633 1758 2752 1823 οὖν
2808 1764 2939 1821 τῶν
2984 1762 3232 1822 ςυςτελ-

650 1859 901 1923 λόντων
946 1860 1021 1923 τὸ
1066 1861 1110 1923 ά
1151 1860 1654 1942 παραδείγματα,
1699 1861 1984 1945 πάθος,
2026 1865 2297 1943 τάφος.
2371 1862 2534 1939 ὅπερ
2579 1861 2704 1924 καὶ·
2731 1859 3063 1937 ἀρςενικόν
3109 1859 3234 1923 ἐςτι

548 1966 613 2017 15
934 1961 1031 2025 ὣς
1067 1959 1202 2035 οἵγ>
1246 1959 1572 2040 ἀμφίεπον
1616 1962 1829 2041 τάφον
1875 1964 2178 2042 Ἕκτορος
2220 1963 2615 2055 ἱπποδάμοιο
2661 1961 2743 2042 (Ω
2788 1958 2957 2040 804).

648 2063 751 2125 καὶ
794 2062 1072 2139 θηλυκὸν
1128 2062 1232 2125 ἐπὶ
1283 2066 1395 2139 τῆς
1439 2064 1653 2141 νήςου.
1741 2064 1939 2130 ὁπότε
1984 2068 2055 2130 δὲ
2100 2065 2204 2129 ἐπὶ
2259 2068 2370 2142 τῆς
2419 2064 2777 2141 ἐκπλήξεως
2821 2062 3232 2142 παραλαμβά-

650 2183 855 2244 νεται,
900 2163 1092 2238 γένος
1137 2163 1491 2242 ἐπιδέχεται
1536 2167 1612 2230 τὸ
1658 2166 2037 2245 οὐδέτερον·

954 2266 993 2342 ἣ
1037 2264 1094 2327 δ’
1138 2263 1310 2328 ἄνεω
1356 2267 1473 2344 δὴν
1519 2265 1703 2350 ἦςτο,
1747 2268 1959 2348 τάφος
2003 2269 2074 2332 δέ
2119 2267 2181 2331 οἱ
2226 2267 2385 2345 ἦτορ
2426 2266 2607 2332 ἵκανε
2652 2268 2733 2348 (ψ
2779 2264 2906 2347 93).

650 2365 792 2429 ἀλλ’
834 2364 984 2429 ἴςως
1027 2370 1221 2429 τοῦτο
1267 2365 1648 2447 ἀμφίβολον.
1704 2366 1742 2433 ὁ
1788 2370 2004 2448 μέντοι
2047 2370 2289 2447 Ἴβυκος
2332 2370 2627 2433 διέςτειλε
2671 2369 2747 2433 τὸ
2790 2368 2981 2442 γένος
3026 2367 3095 2430 ἐν
3139 2374 3236 2450 τῷ
3280 2386 3283 2390 “

546 2473 614 2524 20
650 2468 916 2549 πρώτῳ,
960 2468 1190 2545 ςχεδὸν
1234 2469 1351 2532 τὸν
1395 2467 1735 2548 Ὁμηρικὸν
1782 2472 2184 2551 μεταλαβών·
2230 2468 2380 2550 φηςὶ
2422 2470 2546 2547 γὰρ
2941 2456 2966 2462 „

1300 2572 1502 2647 δαρὸν
1546 2572 1788 2649 χρόνον
1834 2571 1986 2650 ἦςτο
2030 2572 2221 2651 τάφει
2265 2571 2585 2648 πεπηγώς.

652 2670 825 2733 οὕτω
880 2670 1001 2748 γὰρ
1057 2670 1305 2735 ἔκλινεν
1364 2671 1454 2735 ὡς
1510 2673 1692 2752 βέλει.
1781 2674 2271 2752 Ἀναδράμωμεν
2319 2674 2397 2752 δὴ
2457 2672 2561 2736 ἐπὶ
2613 2674 2694 2736 τὰ
2737 2671 3238 2753 παραδείγματα,

652 2771 925 2854 θάλος,
972 2771 1159 2835 δάος
1205 2772 1404 2837 «δάος
1437 2776 1594 2851 μετὰ
1624 2776 1835 2854 χερςὶν
1869 2775 2143 2854 ἔχουςα»
2191 2778 2272 2857 (ψ
2303 2773 2491 2857 294),
2537 2775 2769 2856 φάος,
2814 2773 3054 2854 πάθος,
3101 2773 3238 2852 μά-

652 2878 802 2937 θος.
882 2873 1168 2937 Ἀλκαῖος
1216 2874 1646 2953 «ἀππατέρων
1693 2877 2290 2959 μάθος»,·νάπος,
2335 2877 2616 2956 γάνος,
2664 2875 2922 2956 ςάκος,
2969 2875 3239 2958 δάκος,

548 2981 614 3032 25
653 2974 926 3055 βάρος,
981 2974 1202 3056 χάος,
1259 2976 1575 3056 κράτος,
1636 2979 1937 3056 θράςος.
2027 2983 2366 3057 ςημειῶδες
2411 2977 2536 3055 ἄρα
2589 2978 2664 3041 τὸ
2711 2981 2920 3056 φᾶρος
2965 2977 3241 3041 ἐκτεινό-

653 3093 850 3153 μενον
895 3077 969 3139 τὸ
1015 3079 1072 3137 ἃ.

985 3179 1196 3256 φᾶρος
1239 3178 1354 3255 μέν
1401 3178 1462 3242 οἱ
1505 3185 1767 3257 πρῶτον
1812 3181 2125 3246 ἐϋπλυνὲς
2169 3175 2284 3258 ἠδὲ
2327 3185 2567 3259 χιτῶνα
2611 3182 2686 3261 (π
2738 3179 2885 3261 173)

656 3276 719 3340 οἱ
773 3277 988 3355 μέντοι
1045 3281 1329 3355 τραγικοὶ
1385 3280 1597 3360 ἐπίςης
1652 3282 1995 3347 ἐκτείνουςι
2048 3288 2166 3347 τοῦ
2219 3283 2646 3361 προκειμένου
2700 3280 3020 3363 ὀνόματος
3073 3283 3151 3346 τὸ
3199 3284 3246 3345 ἆ

654 3379 758 3441 καὶ
801 3379 1230 3463 ςυςτέλλουςι,
1280 3382 1370 3445 ὡς
1414 3384 1563 3460 παρ’
1605 3383 1893 3468 Αἰςχύλῳ
1939 3384 2009 3449 ἐν
2055 3384 2481 3464 (αλαμινίαισ

552 3491 622 3542 30
1231 3481 1290 3546 εἴ
1332 3503 1436 3561 μοι
1481 3485 1734 3559 γένοιτο
1781 3489 1993 3565 φᾶρος
2037 3484 2178 3550 ἴςον
2223 3486 2293 3549 ἐν
2340 3486 2616 3568 οὐρανῷ.

658 3579 824 3643 ἀλλὰ
869 3582 1025 3644 κατὰ
1070 3586 1373 3662 ςυςτολὴν
1419 3587 1594 3664 παρὰ
1639 3583 1957 3666 (Σοφοκλεῖ
2000 3587 2071 3651 ἐν
2114 3588 2306 3665 Τηρεῖ

1232 3686 1626 3751 ςπεύδουςαν
1673 3687 1904 3768 αὐτήν,
1951 3688 2019 3751 ἐν
2065 3689 2136 3752 δὲ
2179 3688 2449 3771 ποικίλῳ
2494 3688 2687 3767 φάρει

657 3782 760 3845 καὶ
803 3781 872 3847 ἐν
922 3781 1114 3860 Κρίςει
1161 3794 1454 3870 ςατυρικῇ

1231 3889 1334 3951 καὶ
1377 3890 1455 3966 δὴ
1500 3890 1693 3968 φάρει
1736 3890 1887 3972 τῷδ’
1934 3891 2023 3955 ὡς
2069 3892 2199 3975 ἐμῷ
2244 3890 2658 3970 καλύπτομαι.

558 3998 622 4049 35
661 3989 1202 4064 παραφυλακτέον
1265 3989 1361 4053 ὅτι
1406 3991 1480 4054 τὸ
1526 3990 1738 4068 φάρος
1792 3994 1992 4070 τυχὸν
2039 3993 2539 4071 ςυςτελλομένου
2595 3996 2712 4056 τοῦ
2768 3993 2809 4054 ἆ
2865 3991 3245 4071 ἀναδέχεται

661 4087 856 4152 πάλιν
889 4087 958 4153 ἐν
1006 4092 1301 4174 διαφόρῳ
1346 4092 1786 4177 ςημαινομένῳ
1830 4094 1911 4157 τὰ
1955 4095 2093 4171 τρία
2122 4095 2276 4171 γένη
2322 4093 2532 4173 ὥςπερ
2565 4096 2666 4157 καὶ
2708 4095 2783 4158 τὸ
2817 4095 3040 4173 τάφος.
3116 4094 3248 4158 ἔςτι

661 4191 784 4268 γὰρ
841 4187 1190 4282 ἀρςενικόν.
1292 4190 1463 4255 οὕτω
1507 4193 1629 4270 γὰρ
1691 4193 1729 4257 ὁ
1786 4195 2127 4259 Μενελάου
2172 4195 2462 4259 ἐκαλεῖτο
2521 4195 2830 4274 πρῳρεύς.
2919 4195 3085 4259 ἀλλὰ
3142 4197 3250 4259 καὶ

660 4291 936 4368 θηλυκὸν
983 4291 1088 4355 ἐπὶ
1130 4295 1240 4371 τῆς
1284 4292 1482 4371 νήςου
1528 4294 1650 4359 ἀπ’
1695 4295 1896 4360 αὐτοῦ
1940 4296 2015 4360 τὸ
2062 4295 2270 4376 ὄνομα
2315 4297 2655 4379 λαβούςης,
2700 4295 2789 4361 ὥς
2834 4316 3024 4377 φηςιν
3070 4295 3248 4358 Ἑκα-

793 4545 830 4594 1.
866 4547 897 4594 2
934 4544 1101 4609 δέμας
1136 4564 1205 4599 ex
1240 4548 1384 4601 Mon.
1424 4553 1507 4612 29,
1544 4553 1625 4601 25.
1731 4550 1766 4600 l.
1801 4552 1836 4600 4
1871 4551 2093 4601 nomina
2127 4551 2257 4601 inde
2293 4568 2326 4601 a
2362 4549 2536 4603 δέπας
2573 4566 2746 4615 usque
2783 4550 2854 4601 ad
2889 4548 3078 4613 ψέφας
3115 4559 3255 4602 sunt

660 4628 727 4662 ex
765 4613 1011 4680 Theogn.
1051 4617 1134 4678 80,
1173 4619 1265 4679 16,
1316 4617 1483 4670 οὖδας
1520 4619 1673 4669 κῶας
1720 4635 1785 4669 ex
1824 4618 2028 4669 Herod.
2067 4618 2193 4682 περὶ
2229 4620 2459 4680 παθῶν,
2499 4621 2562 4670 Ε.
2601 4620 2673 4668 Μ.
2708 4621 2801 4682 38,
2839 4620 2928 4679 54,
2969 4633 3128 4682 quem
3163 4617 3253 4668 lo-

663 4696 785 4730 cum
829 4683 1016 4732 statim
1062 4685 1354 4736 adhibebo.
1562 4686 1599 4738 1.
1637 4689 1666 4736 7
1721 4685 1917 4749 Τεῖχος
1962 4687 2238 4752 proprium
2282 4686 2469 4736 addidi
2516 4702 2583 4735 ex
2630 4688 2709 4737 St.
2756 4687 2849 4749 Β.,
2897 4687 3077 4749 φᾶρος
3121 4700 3255 4736 cum

664 4748 940 4812 explicato
977 4750 1369 4802 adnotamento
1408 4769 1474 4802 ex
1512 4756 1658 4804 Mon.
1683 4757 1766 4816 35,
1803 4757 1868 4805 32
1907 4754 2142 4805 adiectis
2178 4769 2246 4803 ex
2281 4754 2465 4807 Diohr.
2492 4756 2609 4816 295,
2646 4758 2677 4805 3
2713 4753 2898 4804 verbis
2932 4753 3255 4804 Homericis

666 4814 735 4863 ad
771 4812 902 4865 δάος
943 4815 998 4877 (l.
1046 4819 1132 4880 23)
1172 4825 1226 4868 et
1263 4817 1424 4882 χάος,
1463 4819 1695 4885 κράτος,
1732 4820 1932 4884 θράςος
1969 4821 2028 4883 (l.
2065 4820 2172 4885 25).
