<?xml version="1.0" encoding="UTF-8"?>
<!DOCTYPE html PUBLIC "-//W3C//DTD XHTML 1.0 Transitional//EN"
    "http://www.w3.org/TR/xhtml1/DTD/xhtml1-transitional.dtd">
<html xmlns="http://www.w3.org/1999/xhtml" xml:lang="en" lang="en">
 <head>
  <title>
</title>
<meta http-equiv="Content-Type" content="text/html;charset=utf-8" />
  <meta name='ocr-system' content='tesseract 3.04.00' />
  <meta name='ocr-capabilities' content='ocr_page ocr_carea ocr_par ocr_line ocrx_word'/>
</head>
<body>
  <div class='ocr_page' id='page_1' title='image "./grammaticigraec02unkngoog_0419.png"; bbox 0 0 3664 5546; ppageno 0'>
   <div class='ocr_carea' id='block_1_1' title="bbox 1177 413 3054 482">
    <p class='ocr_par' dir='ltr' id='par_1_1' title="bbox 1177 413 3054 482">
     <span class='ocr_line' id='line_1_1' title="bbox 1177 413 3054 482; baseline 0.006 -11"><span class='ocrx_word' id='word_1_1' title='bbox 1177 415 1337 471; x_wconf 73' lang='lat' dir='ltr'>ner-²1</span> <span class='ocrx_word' id='word_1_2' title='bbox 1377 413 1767 472; x_wconf 79' lang='grc' dir='ltr'>κΑοοΛικΗς</span> <span class='ocrx_word' id='word_1_3' title='bbox 1803 413 2224 472; x_wconf 74' lang='grc' dir='ltr'>προςΩιΔιΑς</span> <span class='ocrx_word' id='word_1_4' title='bbox 2260 414 2324 471; x_wconf 89' lang='lat' dir='ltr'>z.</span> <span class='ocrx_word' id='word_1_5' title='bbox 2932 414 3054 482; x_wconf 78' lang='grc'>173</span> 
     </span>
    </p>
   </div>
   <div class='ocr_carea' id='block_1_2' title="bbox 451 587 3151 3839">
    <p class='ocr_par' dir='ltr' id='par_1_2' title="bbox 470 587 3052 860">
     <span class='ocr_line' id='line_1_2' title="bbox 471 587 3052 672; baseline -0 -19"><span class='ocrx_word' id='word_1_6' title='bbox 471 587 716 666; x_wconf 83' lang='grc' dir='ltr'>ἄγνος</span> <span class='ocrx_word' id='word_1_7' title='bbox 758 589 800 668; x_wconf 85' lang='grc' dir='ltr'>ἡ</span> <span class='ocrx_word' id='word_1_8' title='bbox 846 588 1085 669; x_wconf 87' lang='grc' dir='ltr'>βοτάνη</span> <span class='ocrx_word' id='word_1_9' title='bbox 1131 590 1233 652; x_wconf 84' lang='grc' dir='ltr'>καὶ</span> <span class='ocrx_word' id='word_1_10' title='bbox 1274 590 1354 653; x_wconf 89' lang='grc' dir='ltr'>τὰ</span> <span class='ocrx_word' id='word_1_11' title='bbox 1396 589 1609 672; x_wconf 90' lang='grc' dir='ltr'>κύρια,</span> <span class='ocrx_word' id='word_1_12' title='bbox 1667 588 1967 654; x_wconf 80' lang='grc' dir='ltr'>Κύδνος</span> <span class='ocrx_word' id='word_1_13' title='bbox 2016 590 2305 668; x_wconf 89' lang='grc' dir='ltr'>ποταμὸς</span> <span class='ocrx_word' id='word_1_14' title='bbox 2352 588 2647 669; x_wconf 92' lang='grc' dir='ltr'>Κιλικίας,</span> <span class='ocrx_word' id='word_1_15' title='bbox 2699 587 3052 670; x_wconf 86' lang='grc' dir='ltr'>Πύδνος,</span> 
     </span>
     <span class='ocr_line' id='line_1_3' title="bbox 472 688 3050 785; baseline -0.001 -30"><span class='ocrx_word' id='word_1_16' title='bbox 472 691 872 758; x_wconf 80' lang='grc' dir='ltr'>Κάλυδνος</span> <span class='ocrx_word' id='word_1_17' title='bbox 914 694 1065 756; x_wconf 89' lang='grc' dir='ltr'>παῖς</span> <span class='ocrx_word' id='word_1_18' title='bbox 1110 690 1446 785; x_wconf 80' lang='grc' dir='ltr'>Οὐρανοῦ,</span> <span class='ocrx_word' id='word_1_19' title='bbox 1501 690 1628 772; x_wconf 79' lang='grc' dir='ltr'>ἀφ’</span> <span class='ocrx_word' id='word_1_20' title='bbox 1682 690 1762 756; x_wconf 86' lang='grc' dir='ltr'>οὗ</span> <span class='ocrx_word' id='word_1_21' title='bbox 1811 692 2104 756; x_wconf 82' lang='grc' dir='ltr'>Κάλυδνα</span> <span class='ocrx_word' id='word_1_22' title='bbox 2157 691 2344 756; x_wconf 90' lang='grc' dir='ltr'>πόλις</span> <span class='ocrx_word' id='word_1_23' title='bbox 2389 690 2630 771; x_wconf 83' lang='grc' dir='ltr'>Θήβης,</span> <span class='ocrx_word' id='word_1_24' title='bbox 2686 691 2727 767; x_wconf 86' lang='grc' dir='ltr'>ἢ</span> <span class='ocrx_word' id='word_1_25' title='bbox 2781 691 2886 753; x_wconf 87' lang='grc' dir='ltr'>καὶ</span> <span class='ocrx_word' id='word_1_26' title='bbox 2932 688 3050 753; x_wconf 90' lang='grc' dir='ltr'>Κά-</span> 
     </span>
     <span class='ocr_line' id='line_1_4' title="bbox 470 796 722 860; baseline 0 -2"><span class='ocrx_word' id='word_1_27' title='bbox 470 796 722 860; x_wconf 81' lang='grc' dir='ltr'>λυδνος.</span> 
     </span>
    </p>

    <p class='ocr_par' dir='ltr' id='par_1_3' title="bbox 459 892 3151 1591">
     <span class='ocr_line' id='line_1_5' title="bbox 633 892 3049 975; baseline -0.001 -15"><span class='ocrx_word' id='word_1_28' title='bbox 633 895 728 960; x_wconf 87' lang='grc' dir='ltr'>Τὰ</span> <span class='ocrx_word' id='word_1_29' title='bbox 773 894 860 960; x_wconf 85' lang='grc' dir='ltr'>εἰς</span> <span class='ocrx_word' id='word_1_30' title='bbox 905 899 1020 960; x_wconf 79' lang='grc' dir='ltr'>νο’ς</span> <span class='ocrx_word' id='word_1_31' title='bbox 1065 893 1239 959; x_wconf 85' lang='grc' dir='ltr'>ἁπλᾶ</span> <span class='ocrx_word' id='word_1_32' title='bbox 1282 894 1520 975; x_wconf 80' lang='grc' dir='ltr'>ἔχοντα</span> <span class='ocrx_word' id='word_1_33' title='bbox 1562 897 1690 974; x_wconf 90' lang='grc' dir='ltr'>πρὸ</span> <span class='ocrx_word' id='word_1_34' title='bbox 1733 899 1851 961; x_wconf 83' lang='grc' dir='ltr'>τοῦ</span> <span class='ocrx_word' id='word_1_35' title='bbox 1897 902 1935 961; x_wconf 70' lang='grc' dir='ltr'>ν</span> <span class='ocrx_word' id='word_1_36' title='bbox 1981 896 2052 961; x_wconf 86' lang='grc' dir='ltr'>ἕν</span> <span class='ocrx_word' id='word_1_37' title='bbox 2096 916 2153 960; x_wconf 89' lang='grc' dir='ltr'>τι</span> <span class='ocrx_word' id='word_1_38' title='bbox 2199 900 2330 961; x_wconf 84' lang='grc' dir='ltr'>τῶν</span> <span class='ocrx_word' id='word_1_39' title='bbox 2376 894 2788 973; x_wconf 88' lang='grc' dir='ltr'>ἀντιςτοίχων</span> <span class='ocrx_word' id='word_1_40' title='bbox 2833 892 3049 960; x_wconf 85' lang='grc' dir='ltr'>ὀξύνε-</span> 
     </span>
     <span class='ocr_line' id='line_1_6' title="bbox 461 994 3109 1082; baseline -0.002 -20"><span class='ocrx_word' id='word_1_41' title='bbox 461 1018 596 1082; x_wconf 88' lang='grc' dir='ltr'>ται,</span> <span class='ocrx_word' id='word_1_42' title='bbox 651 998 971 1062; x_wconf 83' lang='grc' dir='ltr'>ἐπιθετικὰ</span> <span class='ocrx_word' id='word_1_43' title='bbox 1023 997 1183 1063; x_wconf 88' lang='grc' dir='ltr'>ὄντα</span> <span class='ocrx_word' id='word_1_44' title='bbox 1235 998 1339 1062; x_wconf 80' lang='grc' dir='ltr'>καὶ</span> <span class='ocrx_word' id='word_1_45' title='bbox 1392 999 1473 1077; x_wconf 84' lang='grc' dir='ltr'>μὴ</span> <span class='ocrx_word' id='word_1_46' title='bbox 1529 996 1766 1076; x_wconf 87' lang='grc' dir='ltr'>ἔχοντα</span> <span class='ocrx_word' id='word_1_47' title='bbox 1821 1000 1951 1076; x_wconf 89' lang='grc' dir='ltr'>πρὸ</span> <span class='ocrx_word' id='word_1_48' title='bbox 2006 998 2234 1063; x_wconf 86' lang='grc' dir='ltr'>τέλους</span> <span class='ocrx_word' id='word_1_49' title='bbox 2285 1000 2398 1080; x_wconf 75' lang='grc' dir='ltr'>ὃῐῖ,</span> <span class='ocrx_word' id='word_1_50' title='bbox 2453 994 2774 1079; x_wconf 90' lang='grc' dir='ltr'>πυκνός,</span> <span class='ocrx_word' id='word_1_51' title='bbox 2831 1004 3109 1075; x_wconf 73' lang='lat' dir='ltr'>xpm-5</span> 
     </span>
     <span class='ocr_line' id='line_1_7' title="bbox 461 1098 3051 1183; baseline -0.001 -19"><span class='ocrx_word' id='word_1_52' title='bbox 461 1099 688 1182; x_wconf 87' lang='grc' dir='ltr'>πνός,</span> <span class='ocrx_word' id='word_1_53' title='bbox 743 1100 1120 1183; x_wconf 86' lang='grc' dir='ltr'>τερπνός,</span> <span class='ocrx_word' id='word_1_54' title='bbox 1177 1098 1570 1179; x_wconf 89' lang='grc' dir='ltr'>ςτρυφνός</span> <span class='ocrx_word' id='word_1_55' title='bbox 1625 1136 1710 1145; x_wconf 94' lang='grc'>-</span> <span class='ocrx_word' id='word_1_56' title='bbox 1764 1099 1802 1164; x_wconf 94' lang='lat'>6</span> <span class='ocrx_word' id='word_1_57' title='bbox 1859 1100 2054 1175; x_wconf 86' lang='grc' dir='ltr'>λόγος</span> <span class='ocrx_word' id='word_1_58' title='bbox 2106 1103 2304 1164; x_wconf 86' lang='grc' dir='ltr'>τοῦτο</span> <span class='ocrx_word' id='word_1_59' title='bbox 2362 1099 2467 1163; x_wconf 85' lang='grc' dir='ltr'>διὰ</span> <span class='ocrx_word' id='word_1_60' title='bbox 2520 1102 2638 1162; x_wconf 85' lang='grc' dir='ltr'>τοῦ</span> <span class='ocrx_word' id='word_1_61' title='bbox 2692 1101 2732 1163; x_wconf 78' lang='grc' dir='ltr'>ὖ</span> <span class='ocrx_word' id='word_1_62' title='bbox 2776 1098 3051 1182; x_wconf 86' lang='grc' dir='ltr'>ἀπαιτεῖ,</span> 
     </span>
     <span class='ocr_line' id='line_1_8' title="bbox 465 1201 3051 1284; baseline -0 -18"><span class='ocrx_word' id='word_1_63' title='bbox 465 1202 556 1267; x_wconf 79' lang='grc' dir='ltr'>ὡς</span> <span class='ocrx_word' id='word_1_64' title='bbox 599 1203 723 1281; x_wconf 87' lang='grc' dir='ltr'>γὰρ</span> <span class='ocrx_word' id='word_1_65' title='bbox 767 1203 981 1281; x_wconf 74' lang='grc' dir='ltr'>τέρπω</span> <span class='ocrx_word' id='word_1_66' title='bbox 1024 1201 1329 1283; x_wconf 89' lang='grc' dir='ltr'>τερπνός,</span> <span class='ocrx_word' id='word_1_67' title='bbox 1376 1201 1574 1277; x_wconf 87' lang='grc' dir='ltr'>ςτέγω</span> <span class='ocrx_word' id='word_1_68' title='bbox 1619 1202 1911 1284; x_wconf 89' lang='grc' dir='ltr'>ςτεγνός,</span> <span class='ocrx_word' id='word_1_69' title='bbox 1958 1201 2130 1266; x_wconf 80' lang='grc' dir='ltr'>οὕτω</span> <span class='ocrx_word' id='word_1_70' title='bbox 2175 1202 2278 1265; x_wconf 80' lang='grc' dir='ltr'>καὶ</span> <span class='ocrx_word' id='word_1_71' title='bbox 2320 1201 2541 1281; x_wconf 90' lang='grc' dir='ltr'>ςτύφω</span> <span class='ocrx_word' id='word_1_72' title='bbox 2587 1201 2882 1281; x_wconf 92' lang='grc' dir='ltr'>ςτυφνός.</span> <span class='ocrx_word' id='word_1_73' title='bbox 2947 1202 3051 1265; x_wconf 86' lang='grc' dir='ltr'>καὶ</span> 
     </span>
     <span class='ocr_line' id='line_1_9' title="bbox 459 1303 3048 1388; baseline 0 -21"><span class='ocrx_word' id='word_1_74' title='bbox 459 1304 747 1383; x_wconf 80' lang='grc' dir='ltr'>καθάπερ</span> <span class='ocrx_word' id='word_1_75' title='bbox 779 1305 1006 1370; x_wconf 89' lang='grc' dir='ltr'>κέντον</span> <span class='ocrx_word' id='word_1_76' title='bbox 1048 1303 1352 1385; x_wconf 81' lang='grc' dir='ltr'>κέντρον,</span> <span class='ocrx_word' id='word_1_77' title='bbox 1397 1303 1570 1368; x_wconf 86' lang='grc' dir='ltr'>οὕτω</span> <span class='ocrx_word' id='word_1_78' title='bbox 1601 1308 1983 1388; x_wconf 82' lang='grc' dir='ltr'>πλεοναςμῷ</span> <span class='ocrx_word' id='word_1_79' title='bbox 2012 1309 2129 1369; x_wconf 83' lang='grc' dir='ltr'>τοῦ</span> <span class='ocrx_word' id='word_1_80' title='bbox 2175 1309 2212 1384; x_wconf 74' lang='grc' dir='ltr'>β</span> <span class='ocrx_word' id='word_1_81' title='bbox 2259 1304 2535 1384; x_wconf 91' lang='grc' dir='ltr'>ςτυφνός</span> <span class='ocrx_word' id='word_1_82' title='bbox 2580 1304 2682 1367; x_wconf 80' lang='grc' dir='ltr'>καὶ</span> <span class='ocrx_word' id='word_1_83' title='bbox 2711 1303 3048 1386; x_wconf 89' lang='grc' dir='ltr'>ςτρυφνός,</span> 
     </span>
     <span class='ocr_line' id='line_1_10' title="bbox 461 1405 3048 1487; baseline -0.001 -16"><span class='ocrx_word' id='word_1_84' title='bbox 461 1405 635 1486; x_wconf 86' lang='grc' dir='ltr'>ὅμως</span> <span class='ocrx_word' id='word_1_85' title='bbox 678 1405 934 1486; x_wconf 83' lang='grc' dir='ltr'>εὕρηται</span> <span class='ocrx_word' id='word_1_86' title='bbox 978 1408 1081 1471; x_wconf 87' lang='grc' dir='ltr'>καὶ</span> <span class='ocrx_word' id='word_1_87' title='bbox 1124 1407 1231 1471; x_wconf 85' lang='grc' dir='ltr'>διὰ</span> <span class='ocrx_word' id='word_1_88' title='bbox 1273 1408 1390 1470; x_wconf 83' lang='grc' dir='ltr'>τοῦ</span> <span class='ocrx_word' id='word_1_89' title='bbox 1433 1409 1465 1469; x_wconf 80' lang='grc' dir='ltr'>ἶ</span> <span class='ocrx_word' id='word_1_90' title='bbox 1499 1407 2008 1486; x_wconf 82' lang='grc' dir='ltr'>προφερόμενον</span> <span class='ocrx_word' id='word_1_91' title='bbox 2054 1405 2370 1487; x_wconf 91' lang='grc' dir='ltr'>ςτριφνός.</span> <span class='ocrx_word' id='word_1_92' title='bbox 2444 1409 2784 1485; x_wconf 81' lang='grc' dir='ltr'>ςημειῶδες</span> <span class='ocrx_word' id='word_1_93' title='bbox 2826 1407 2940 1469; x_wconf 68' lang='grc' dir='ltr'>καὶ</span> <span class='ocrx_word' id='word_1_94' title='bbox 2972 1405 3048 1469; x_wconf 89' lang='grc' dir='ltr'>τὸ</span> 
     </span>
     <span class='ocr_line' id='line_1_11' title="bbox 462 1506 3151 1591; baseline -0.003 -18"><span class='ocrx_word' id='word_1_95' title='bbox 462 1509 782 1589; x_wconf 81' lang='grc' dir='ltr'>ςτρυφνός</span> <span class='ocrx_word' id='word_1_96' title='bbox 825 1508 1112 1574; x_wconf 85' lang='grc' dir='ltr'>ἐκτεῖνον</span> <span class='ocrx_word' id='word_1_97' title='bbox 1156 1510 1232 1573; x_wconf 91' lang='grc' dir='ltr'>τὸ</span> <span class='ocrx_word' id='word_1_98' title='bbox 1278 1511 1332 1574; x_wconf 81' lang='grc' dir='ltr'>ὖ.</span> <span class='ocrx_word' id='word_1_99' title='bbox 1423 1509 1880 1590; x_wconf 86' lang='grc' dir='ltr'>Ἀριςτοφάνης</span> <span class='ocrx_word' id='word_1_100' title='bbox 1925 1509 1995 1574; x_wconf 85' lang='grc' dir='ltr'>ἐν</span> <span class='ocrx_word' id='word_1_101' title='bbox 2042 1508 2236 1589; x_wconf 80' lang='grc' dir='ltr'>(φηξί</span> <span class='ocrx_word' id='word_1_102' title='bbox 2281 1506 2371 1591; x_wconf 79' lang='grc' dir='ltr'>(ν.</span> <span class='ocrx_word' id='word_1_103' title='bbox 2418 1506 2570 1589; x_wconf 83' lang='grc'>877)</span> <span class='ocrx_word' id='word_1_104' title='bbox 3083 1514 3151 1567; x_wconf 90' lang='lat'>10</span> 
     </span>
    </p>

    <p class='ocr_par' dir='ltr' id='par_1_4' title="bbox 452 1609 3148 3533">
     <span class='ocr_line' id='line_1_12' title="bbox 949 1609 2485 1690; baseline 0 -15"><span class='ocrx_word' id='word_1_105' title='bbox 949 1614 1196 1676; x_wconf 86' lang='grc' dir='ltr'>παῦςον</span> <span class='ocrx_word' id='word_1_106' title='bbox 1240 1612 1306 1675; x_wconf 77' lang='grc' dir='ltr'>τ’</span> <span class='ocrx_word' id='word_1_107' title='bbox 1350 1610 1551 1675; x_wconf 84' lang='grc' dir='ltr'>αὐτοῦ</span> <span class='ocrx_word' id='word_1_108' title='bbox 1595 1615 1789 1676; x_wconf 86' lang='grc' dir='ltr'>τοῦτο</span> <span class='ocrx_word' id='word_1_109' title='bbox 1835 1611 1911 1675; x_wconf 87' lang='grc' dir='ltr'>τὸ</span> <span class='ocrx_word' id='word_1_110' title='bbox 1958 1612 2098 1676; x_wconf 86' lang='grc' dir='ltr'>λίαν</span> <span class='ocrx_word' id='word_1_111' title='bbox 2144 1609 2485 1690; x_wconf 89' lang='grc' dir='ltr'>ςτρυφνόν.</span> 
     </span>
     <span class='ocr_line' id='line_1_13' title="bbox 461 1711 3141 1807; baseline -0 -31"><span class='ocrx_word' id='word_1_112' title='bbox 461 1712 555 1777; x_wconf 86' lang='grc' dir='ltr'>Τὰ</span> <span class='ocrx_word' id='word_1_113' title='bbox 605 1713 730 1792; x_wconf 86' lang='grc' dir='ltr'>γὰρ</span> <span class='ocrx_word' id='word_1_114' title='bbox 786 1711 952 1778; x_wconf 85' lang='grc' dir='ltr'>ἄλλα</span> <span class='ocrx_word' id='word_1_115' title='bbox 1004 1717 1270 1777; x_wconf 85' lang='grc' dir='ltr'>τοιαῦτα</span> <span class='ocrx_word' id='word_1_116' title='bbox 1323 1719 1416 1797; x_wconf 80' lang='grc' dir='ltr'>τῷ</span> <span class='ocrx_word' id='word_1_117' title='bbox 1473 1715 1511 1777; x_wconf 77' lang='lat' dir='ltr'>i]</span> <span class='ocrx_word' id='word_1_118' title='bbox 1576 1714 2076 1793; x_wconf 91' lang='grc' dir='ltr'>παραληγόμενα</span> <span class='ocrx_word' id='word_1_119' title='bbox 2131 1713 2629 1792; x_wconf 88' lang='grc' dir='ltr'>ςυνεςταλμένον</span> <span class='ocrx_word' id='word_1_120' title='bbox 2692 1712 2850 1776; x_wconf 85' lang='grc' dir='ltr'>αὐτὸ</span> <span class='ocrx_word' id='word_1_121' title='bbox 2915 1711 3046 1790; x_wconf 86' lang='grc' dir='ltr'>ἔχει</span> <span class='ocrx_word' id='word_1_122' title='bbox 3130 1794 3141 1807; x_wconf 39' lang='lat'><strong>·</strong></span> 
     </span>
     <span class='ocr_line' id='line_1_14' title="bbox 456 1814 3044 1899; baseline 0 -21"><span class='ocrx_word' id='word_1_123' title='bbox 456 1816 729 1899; x_wconf 90' lang='grc' dir='ltr'>γυμνός,</span> <span class='ocrx_word' id='word_1_124' title='bbox 774 1814 1036 1899; x_wconf 89' lang='grc' dir='ltr'>ςυχνός,</span> <span class='ocrx_word' id='word_1_125' title='bbox 1081 1815 1354 1898; x_wconf 89' lang='grc' dir='ltr'>πυκνός,</span> <span class='ocrx_word' id='word_1_126' title='bbox 1402 1815 1666 1891; x_wconf 88' lang='grc' dir='ltr'>ςτυγνός</span> <span class='ocrx_word' id='word_1_127' title='bbox 1708 1814 1801 1863; x_wconf 86' lang='grc'>-’</span> <span class='ocrx_word' id='word_1_128' title='bbox 1841 1814 2135 1897; x_wconf 84' lang='grc' dir='ltr'>ἰςχνός,</span> <span class='ocrx_word' id='word_1_129' title='bbox 2190 1816 2573 1897; x_wconf 90' lang='grc' dir='ltr'>θαλπνός,</span> <span class='ocrx_word' id='word_1_130' title='bbox 2631 1814 3044 1897; x_wconf 92' lang='grc' dir='ltr'>ςτιλπνός,</span> 
     </span>
     <span class='ocr_line' id='line_1_15' title="bbox 460 1915 3044 2000; baseline -0 -20"><span class='ocrx_word' id='word_1_131' title='bbox 460 1918 778 2000; x_wconf 92' lang='grc' dir='ltr'>ςυχνός,</span> <span class='ocrx_word' id='word_1_132' title='bbox 838 1938 928 1982; x_wconf 89' lang='grc' dir='ltr'>πε</span> <span class='ocrx_word' id='word_1_133' title='bbox 943 1917 1175 1996; x_wconf 88' lang='grc' dir='ltr'>ρκνός</span> <span class='ocrx_word' id='word_1_134' title='bbox 1220 1917 1257 1983; x_wconf 98' lang='lat'>6</span> <span class='ocrx_word' id='word_1_135' title='bbox 1303 1918 1497 1997; x_wconf 80' lang='grc' dir='ltr'>μέλας</span> <span class='ocrx_word' id='word_1_136' title='bbox 1543 1918 1881 1998; x_wconf 84' lang='grc' dir='ltr'>«μόρφνον</span> <span class='ocrx_word' id='word_1_137' title='bbox 1926 1916 2232 1996; x_wconf 78' lang='grc' dir='ltr'>θηρητῆρ’</span> <span class='ocrx_word' id='word_1_138' title='bbox 2277 1918 2355 1982; x_wconf 90' lang='grc' dir='ltr'>ὃν</span> <span class='ocrx_word' id='word_1_139' title='bbox 2400 1918 2502 1980; x_wconf 83' lang='grc' dir='ltr'>καὶ</span> <span class='ocrx_word' id='word_1_140' title='bbox 2546 1917 2827 1994; x_wconf 88' lang='grc' dir='ltr'>περκνὸν</span> <span class='ocrx_word' id='word_1_141' title='bbox 2862 1915 3044 1980; x_wconf 87' lang='grc' dir='ltr'>καλέ-</span> 
     </span>
     <span class='ocr_line' id='line_1_16' title="bbox 458 2015 3148 2103; baseline 0.001 -20"><span class='ocrx_word' id='word_1_142' title='bbox 458 2039 679 2085; x_wconf 82' lang='grc' dir='ltr'>ουςιν»</span> <span class='ocrx_word' id='word_1_143' title='bbox 727 2016 810 2101; x_wconf 87' lang='grc' dir='ltr'>(Ω</span> <span class='ocrx_word' id='word_1_144' title='bbox 854 2017 1027 2103; x_wconf 86' lang='grc'>316).</span> <span class='ocrx_word' id='word_1_145' title='bbox 1115 2018 1155 2083; x_wconf 94' lang='lat'>6</span> <span class='ocrx_word' id='word_1_146' title='bbox 1208 2020 1425 2099; x_wconf 88' lang='grc' dir='ltr'>μέντοι</span> <span class='ocrx_word' id='word_1_147' title='bbox 1479 2019 1881 2099; x_wconf 86' lang='grc' dir='ltr'>Ἀρίςταρχος</span> <span class='ocrx_word' id='word_1_148' title='bbox 1933 2018 2127 2084; x_wconf 86' lang='grc' dir='ltr'>ἀετοῦ</span> <span class='ocrx_word' id='word_1_149' title='bbox 2183 2015 2359 2083; x_wconf 83' lang='grc' dir='ltr'>εἶδος</span> <span class='ocrx_word' id='word_1_150' title='bbox 2403 2019 2505 2082; x_wconf 84' lang='grc' dir='ltr'>καὶ</span> <span class='ocrx_word' id='word_1_151' title='bbox 2551 2018 2836 2101; x_wconf 84' lang='grc' dir='ltr'>βαρύνει,</span> <span class='ocrx_word' id='word_1_152' title='bbox 2896 2017 3045 2083; x_wconf 80' lang='grc' dir='ltr'>ἀλλ’</span> <span class='ocrx_word' id='word_1_153' title='bbox 3080 2033 3148 2085; x_wconf 79' lang='lat'>15</span> 
     </span>
     <span class='ocr_line' id='line_1_17' title="bbox 457 2120 3044 2201; baseline 0 -18"><span class='ocrx_word' id='word_1_154' title='bbox 457 2121 707 2200; x_wconf 86' lang='grc' dir='ltr'>ἐπείςθη</span> <span class='ocrx_word' id='word_1_155' title='bbox 753 2122 792 2201; x_wconf 88' lang='grc' dir='ltr'>ἡ</span> <span class='ocrx_word' id='word_1_156' title='bbox 848 2122 1197 2201; x_wconf 85' lang='grc' dir='ltr'>παράδοςις</span> <span class='ocrx_word' id='word_1_157' title='bbox 1249 2125 1386 2187; x_wconf 88' lang='grc' dir='ltr'>τοῖς</span> <span class='ocrx_word' id='word_1_158' title='bbox 1431 2122 1782 2189; x_wconf 84' lang='grc' dir='ltr'>ὀξύνουςιν.</span> <span class='ocrx_word' id='word_1_159' title='bbox 1871 2122 2268 2201; x_wconf 86' lang='grc' dir='ltr'>ςεςημείωται</span> <span class='ocrx_word' id='word_1_160' title='bbox 2312 2120 2388 2184; x_wconf 86' lang='grc' dir='ltr'>τὸ</span> <span class='ocrx_word' id='word_1_161' title='bbox 2446 2120 2721 2198; x_wconf 88' lang='grc' dir='ltr'>λίχνος</span> <span class='ocrx_word' id='word_1_162' title='bbox 2778 2120 3044 2200; x_wconf 88' lang='grc' dir='ltr'>βαρύτο-</span> 
     </span>
     <span class='ocr_line' id='line_1_18' title="bbox 455 2221 3044 2304; baseline -0.001 -16"><span class='ocrx_word' id='word_1_163' title='bbox 455 2243 577 2288; x_wconf 87' lang='grc' dir='ltr'>νον</span> <span class='ocrx_word' id='word_1_164' title='bbox 634 2224 725 2288; x_wconf 82' lang='grc' dir='ltr'>ὡς</span> <span class='ocrx_word' id='word_1_165' title='bbox 781 2223 1102 2290; x_wconf 88' lang='grc' dir='ltr'>ςύνθετον.</span> <span class='ocrx_word' id='word_1_166' title='bbox 1190 2225 1366 2303; x_wconf 87' lang='grc' dir='ltr'>παρὰ</span> <span class='ocrx_word' id='word_1_167' title='bbox 1419 2224 1494 2288; x_wconf 89' lang='grc' dir='ltr'>τὸ</span> <span class='ocrx_word' id='word_1_168' title='bbox 1552 2225 1694 2290; x_wconf 92' lang='grc' dir='ltr'>λίαν</span> <span class='ocrx_word' id='word_1_169' title='bbox 1755 2225 2014 2304; x_wconf 88' lang='grc' dir='ltr'>χαίνειν.</span> <span class='ocrx_word' id='word_1_170' title='bbox 2102 2225 2178 2287; x_wconf 86' lang='grc' dir='ltr'>τὸ</span> <span class='ocrx_word' id='word_1_171' title='bbox 2235 2224 2306 2287; x_wconf 80' lang='grc' dir='ltr'>δὲ</span> <span class='ocrx_word' id='word_1_172' title='bbox 2351 2222 2711 2301; x_wconf 92' lang='grc' dir='ltr'>μόρφνος</span> <span class='ocrx_word' id='word_1_173' title='bbox 2769 2221 2807 2285; x_wconf 91' lang='lat'>6</span> <span class='ocrx_word' id='word_1_174' title='bbox 2852 2222 3044 2300; x_wconf 84' lang='grc' dir='ltr'>μέλας</span> 
     </span>
     <span class='ocr_line' id='line_1_19' title="bbox 456 2323 3042 2409; baseline -0.001 -20"><span class='ocrx_word' id='word_1_175' title='bbox 456 2325 586 2403; x_wconf 86' lang='grc' dir='ltr'>ἔχει</span> <span class='ocrx_word' id='word_1_176' title='bbox 630 2326 707 2390; x_wconf 88' lang='grc' dir='ltr'>τὸ</span> <span class='ocrx_word' id='word_1_177' title='bbox 751 2327 850 2404; x_wconf 68' lang='grc' dir='ltr'>ο-ρ.</span> <span class='ocrx_word' id='word_1_178' title='bbox 937 2326 1016 2391; x_wconf 87' lang='grc' dir='ltr'>τὰ</span> <span class='ocrx_word' id='word_1_179' title='bbox 1058 2328 1181 2405; x_wconf 85' lang='grc' dir='ltr'>γὰρ</span> <span class='ocrx_word' id='word_1_180' title='bbox 1225 2326 1312 2390; x_wconf 89' lang='grc' dir='ltr'>εἰς</span> <span class='ocrx_word' id='word_1_181' title='bbox 1355 2329 1434 2389; x_wconf 71' lang='grc' dir='ltr'>δῖ</span> <span class='ocrx_word' id='word_1_182' title='bbox 1482 2326 1764 2404; x_wconf 88' lang='grc' dir='ltr'>λήγοντα</span> <span class='ocrx_word' id='word_1_183' title='bbox 1808 2327 2181 2409; x_wconf 85' lang='grc' dir='ltr'>διςύλλαβα,</span> <span class='ocrx_word' id='word_1_184' title='bbox 2232 2326 2314 2404; x_wconf 83' lang='grc' dir='ltr'>μὴ</span> <span class='ocrx_word' id='word_1_185' title='bbox 2359 2323 2594 2402; x_wconf 86' lang='grc' dir='ltr'>ἔχοντα</span> <span class='ocrx_word' id='word_1_186' title='bbox 2636 2343 3042 2403; x_wconf 86' lang='grc' dir='ltr'>παραςχημα-</span> 
     </span>
     <span class='ocr_line' id='line_1_20' title="bbox 453 2424 3043 2509; baseline -0.001 -19"><span class='ocrx_word' id='word_1_187' title='bbox 453 2428 672 2506; x_wconf 87' lang='grc' dir='ltr'>τιςμὸν</span> <span class='ocrx_word' id='word_1_188' title='bbox 727 2430 1006 2507; x_wconf 85' lang='grc' dir='ltr'>θηλυκοῦ</span> <span class='ocrx_word' id='word_1_189' title='bbox 1060 2428 1325 2509; x_wconf 85' lang='grc' dir='ltr'>γένους,</span> <span class='ocrx_word' id='word_1_190' title='bbox 1382 2427 1619 2506; x_wconf 86' lang='grc' dir='ltr'>ἔχοντα</span> <span class='ocrx_word' id='word_1_191' title='bbox 1672 2429 1801 2505; x_wconf 88' lang='grc' dir='ltr'>πρὸ</span> <span class='ocrx_word' id='word_1_192' title='bbox 1857 2429 2085 2493; x_wconf 90' lang='grc' dir='ltr'>τέλους</span> <span class='ocrx_word' id='word_1_193' title='bbox 2138 2429 2255 2507; x_wconf 84' lang='grc' dir='ltr'>τὴν</span> <span class='ocrx_word' id='word_1_194' title='bbox 2313 2429 2393 2504; x_wconf 69' lang='grc' dir='ltr'>ὄρ</span> <span class='ocrx_word' id='word_1_195' title='bbox 2452 2427 2767 2505; x_wconf 88' lang='grc' dir='ltr'>ςυλλαβὴν</span> <span class='ocrx_word' id='word_1_196' title='bbox 2831 2424 3043 2489; x_wconf 87' lang='grc' dir='ltr'>πάντα</span> 
     </span>
     <span class='ocr_line' id='line_1_21' title="bbox 456 2527 3145 2613; baseline -0.001 -20"><span class='ocrx_word' id='word_1_197' title='bbox 456 2530 825 2613; x_wconf 86' lang='grc' dir='ltr'>βαρύνεται,</span> <span class='ocrx_word' id='word_1_198' title='bbox 871 2529 1362 2608; x_wconf 86' lang='grc' dir='ltr'>ύπεςταλμένων</span> <span class='ocrx_word' id='word_1_199' title='bbox 1406 2534 1538 2595; x_wconf 87' lang='grc' dir='ltr'>τῶν</span> <span class='ocrx_word' id='word_1_200' title='bbox 1583 2529 1672 2594; x_wconf 85' lang='grc' dir='ltr'>εἰς</span> <span class='ocrx_word' id='word_1_201' title='bbox 1714 2532 1836 2607; x_wconf 74' lang='grc' dir='ltr'>μ-οὲ</span> <span class='ocrx_word' id='word_1_202' title='bbox 1880 2530 2212 2609; x_wconf 88' lang='grc' dir='ltr'>ληγόντων</span> <span class='ocrx_word' id='word_1_203' title='bbox 2260 2527 2405 2593; x_wconf 83' lang='grc' dir='ltr'>οἷον</span> <span class='ocrx_word' id='word_1_204' title='bbox 2449 2528 2716 2610; x_wconf 90' lang='grc' dir='ltr'>χόρτος,</span> <span class='ocrx_word' id='word_1_205' title='bbox 2772 2528 3041 2608; x_wconf 85' lang='grc' dir='ltr'>φόρτος,</span> <span class='ocrx_word' id='word_1_206' title='bbox 3076 2545 3145 2598; x_wconf 83' lang='lat'>20</span> 
     </span>
     <span class='ocr_line' id='line_1_22' title="bbox 455 2629 3040 2714; baseline -0.002 -18"><span class='ocrx_word' id='word_1_207' title='bbox 455 2630 681 2713; x_wconf 88' lang='grc' dir='ltr'>ὅρκος,</span> <span class='ocrx_word' id='word_1_208' title='bbox 725 2631 962 2710; x_wconf 88' lang='grc' dir='ltr'>Ὄρθος</span> <span class='ocrx_word' id='word_1_209' title='bbox 1004 2633 1080 2696; x_wconf 92' lang='grc' dir='ltr'>τὸ</span> <span class='ocrx_word' id='word_1_210' title='bbox 1126 2632 1496 2714; x_wconf 84' lang='grc' dir='ltr'>μονογενές,</span> <span class='ocrx_word' id='word_1_211' title='bbox 1541 2632 1809 2713; x_wconf 89' lang='grc' dir='ltr'>πόρνος,</span> <span class='ocrx_word' id='word_1_212' title='bbox 1856 2632 1935 2695; x_wconf 86' lang='grc' dir='ltr'>οὐ</span> <span class='ocrx_word' id='word_1_213' title='bbox 1977 2632 2103 2710; x_wconf 86' lang='grc' dir='ltr'>γὰρ</span> <span class='ocrx_word' id='word_1_214' title='bbox 2134 2631 2411 2708; x_wconf 87' lang='grc' dir='ltr'>θηλυκὸν</span> <span class='ocrx_word' id='word_1_215' title='bbox 2457 2629 2658 2693; x_wconf 85' lang='grc' dir='ltr'>αὐτοῦ</span> <span class='ocrx_word' id='word_1_216' title='bbox 2702 2630 2779 2693; x_wconf 90' lang='grc' dir='ltr'>τὸ</span> <span class='ocrx_word' id='word_1_217' title='bbox 2815 2629 3040 2708; x_wconf 90' lang='grc' dir='ltr'>πόρνη.</span> 
     </span>
     <span class='ocr_line' id='line_1_23' title="bbox 456 2731 3041 2814; baseline -0.001 -16"><span class='ocrx_word' id='word_1_218' title='bbox 456 2732 628 2799; x_wconf 74' lang='grc' dir='ltr'>οὕτω</span> <span class='ocrx_word' id='word_1_219' title='bbox 684 2734 853 2799; x_wconf 87' lang='grc' dir='ltr'>θέλει</span> <span class='ocrx_word' id='word_1_220' title='bbox 908 2735 1010 2798; x_wconf 91' lang='grc' dir='ltr'>καὶ</span> <span class='ocrx_word' id='word_1_221' title='bbox 1062 2734 1137 2799; x_wconf 86' lang='grc' dir='ltr'>τὸ</span> <span class='ocrx_word' id='word_1_222' title='bbox 1194 2734 1489 2812; x_wconf 90' lang='grc' dir='ltr'>πτόρθος.</span> <span class='ocrx_word' id='word_1_223' title='bbox 1578 2733 1785 2799; x_wconf 86' lang='grc' dir='ltr'>οὕτως</span> <span class='ocrx_word' id='word_1_224' title='bbox 1841 2734 2150 2814; x_wconf 91' lang='grc' dir='ltr'>μόρφνος.</span> <span class='ocrx_word' id='word_1_225' title='bbox 2238 2733 2658 2813; x_wconf 84' lang='grc' dir='ltr'>παρεφύλαξα</span> <span class='ocrx_word' id='word_1_226' title='bbox 2714 2733 2785 2797; x_wconf 77' lang='grc' dir='ltr'>δὲ</span> <span class='ocrx_word' id='word_1_227' title='bbox 2829 2733 2908 2796; x_wconf 85' lang='grc' dir='ltr'>τὰ</span> <span class='ocrx_word' id='word_1_228' title='bbox 2953 2731 3041 2797; x_wconf 86' lang='grc' dir='ltr'>εἰς</span> 
     </span>
     <span class='ocr_line' id='line_1_24' title="bbox 453 2834 3039 2919; baseline -0.002 -18"><span class='ocrx_word' id='word_1_229' title='bbox 453 2837 570 2914; x_wconf 59' lang='lat' dir='ltr'><em>W</em></span> <span class='ocrx_word' id='word_1_230' title='bbox 615 2837 720 2901; x_wconf 80' lang='grc' dir='ltr'>διὰ</span> <span class='ocrx_word' id='word_1_231' title='bbox 763 2836 839 2900; x_wconf 87' lang='grc' dir='ltr'>τὸ</span> <span class='ocrx_word' id='word_1_232' title='bbox 884 2836 1151 2919; x_wconf 90' lang='grc' dir='ltr'>κορμός,</span> <span class='ocrx_word' id='word_1_233' title='bbox 1208 2834 1475 2916; x_wconf 93' lang='grc' dir='ltr'>φορμός.</span> <span class='ocrx_word' id='word_1_234' title='bbox 1564 2836 1993 2915; x_wconf 84' lang='grc' dir='ltr'>ἑςχημάτιςται</span> <span class='ocrx_word' id='word_1_235' title='bbox 2052 2837 2123 2901; x_wconf 79' lang='grc' dir='ltr'>δὲ</span> <span class='ocrx_word' id='word_1_236' title='bbox 2180 2836 2255 2900; x_wconf 89' lang='grc' dir='ltr'>τὸ</span> <span class='ocrx_word' id='word_1_237' title='bbox 2311 2835 2604 2915; x_wconf 93' lang='grc' dir='ltr'>μόρφνος</span> <span class='ocrx_word' id='word_1_238' title='bbox 2655 2836 2694 2913; x_wconf 86' lang='grc' dir='ltr'>ἢ</span> <span class='ocrx_word' id='word_1_239' title='bbox 2740 2835 2915 2913; x_wconf 88' lang='grc' dir='ltr'>παρὰ</span> <span class='ocrx_word' id='word_1_240' title='bbox 2963 2835 3039 2898; x_wconf 88' lang='grc' dir='ltr'>τὸ</span> 
     </span>
     <span class='ocr_line' id='line_1_25' title="bbox 453 2936 3038 3019; baseline -0 -17"><span class='ocrx_word' id='word_1_241' title='bbox 453 2938 788 3018; x_wconf 86' lang='grc' dir='ltr'>μόρφονος</span> <span class='ocrx_word' id='word_1_242' title='bbox 842 2938 882 3016; x_wconf 89' lang='grc' dir='ltr'>ἢ</span> <span class='ocrx_word' id='word_1_243' title='bbox 938 2939 1114 3016; x_wconf 86' lang='grc' dir='ltr'>παρὰ</span> <span class='ocrx_word' id='word_1_244' title='bbox 1165 2939 1282 3017; x_wconf 84' lang='grc' dir='ltr'>τὴν</span> <span class='ocrx_word' id='word_1_245' title='bbox 1340 2938 1595 3019; x_wconf 85' lang='grc' dir='ltr'>ὄρφνην</span> <span class='ocrx_word' id='word_1_246' title='bbox 1650 2938 2128 3003; x_wconf 89' lang='grc' dir='ltr'>πλεονάςαντος</span> <span class='ocrx_word' id='word_1_247' title='bbox 2182 2941 2299 3001; x_wconf 86' lang='grc' dir='ltr'>τοῦ</span> <span class='ocrx_word' id='word_1_248' title='bbox 2354 2941 2394 3016; x_wconf 79' lang='grc' dir='ltr'>μ</span> <span class='ocrx_word' id='word_1_249' title='bbox 2437 2939 2596 3001; x_wconf 88' lang='grc' dir='ltr'>κατὰ</span> <span class='ocrx_word' id='word_1_250' title='bbox 2648 2940 2766 3016; x_wconf 89' lang='grc' dir='ltr'>τὴν</span> <span class='ocrx_word' id='word_1_251' title='bbox 2812 2936 3038 3018; x_wconf 90' lang='grc' dir='ltr'>ἀρχήν,</span> 
     </span>
     <span class='ocr_line' id='line_1_26' title="bbox 459 3030 3140 3123; baseline 0.004 -25"><span class='ocrx_word' id='word_1_252' title='bbox 459 3060 559 3104; x_wconf 60' lang='grc' dir='ltr'>,να</span> <span class='ocrx_word' id='word_1_253' title='bbox 590 3040 953 3119; x_wconf 90' lang='grc' dir='ltr'>ςημαίνηται</span> <span class='ocrx_word' id='word_1_254' title='bbox 1000 3039 1038 3103; x_wconf 90' lang='lat'>6</span> <span class='ocrx_word' id='word_1_255' title='bbox 1069 3040 1292 3123; x_wconf 89' lang='grc' dir='ltr'>μέλας,</span> <span class='ocrx_word' id='word_1_256' title='bbox 1337 3042 1376 3119; x_wconf 87' lang='grc' dir='ltr'>ἢ</span> <span class='ocrx_word' id='word_1_257' title='bbox 1421 3041 1597 3120; x_wconf 88' lang='grc' dir='ltr'>παρὰ</span> <span class='ocrx_word' id='word_1_258' title='bbox 1639 3042 1715 3105; x_wconf 89' lang='grc' dir='ltr'>τὸ</span> <span class='ocrx_word' id='word_1_259' title='bbox 1761 3030 2030 3121; x_wconf 87' lang='grc' dir='ltr'>μάρπτω</span> <span class='ocrx_word' id='word_1_260' title='bbox 2088 3038 2384 3119; x_wconf 90' lang='grc' dir='ltr'>μάρφνος</span> <span class='ocrx_word' id='word_1_261' title='bbox 2430 3039 2554 3104; x_wconf 84' lang='grc' dir='ltr'>ἐςτὶ</span> <span class='ocrx_word' id='word_1_262' title='bbox 2598 3041 2701 3103; x_wconf 90' lang='grc' dir='ltr'>καὶ</span> <span class='ocrx_word' id='word_1_263' title='bbox 2744 3040 3038 3119; x_wconf 89' lang='grc' dir='ltr'>μόρφνος</span> <span class='ocrx_word' id='word_1_264' title='bbox 3073 3058 3140 3108; x_wconf 74' lang='grc'>25</span> 
     </span>
     <span class='ocr_line' id='line_1_27' title="bbox 452 3141 3037 3225; baseline 0 -20"><span class='ocrx_word' id='word_1_265' title='bbox 452 3142 491 3205; x_wconf 90' lang='lat'>6</span> <span class='ocrx_word' id='word_1_266' title='bbox 536 3142 1027 3225; x_wconf 87' lang='grc' dir='ltr'>ςυλλαμβάνων,</span> <span class='ocrx_word' id='word_1_267' title='bbox 1083 3142 1148 3209; x_wconf 87' lang='grc' dir='ltr'>ἐξ</span> <span class='ocrx_word' id='word_1_268' title='bbox 1194 3141 1274 3207; x_wconf 86' lang='grc' dir='ltr'>οὗ</span> <span class='ocrx_word' id='word_1_269' title='bbox 1317 3143 1674 3223; x_wconf 86' lang='grc' dir='ltr'>ςημαίνεται</span> <span class='ocrx_word' id='word_1_270' title='bbox 1720 3143 1757 3206; x_wconf 92' lang='lat'>6</span> <span class='ocrx_word' id='word_1_271' title='bbox 1802 3142 2012 3220; x_wconf 91' lang='grc' dir='ltr'>ταχύς.</span> <span class='ocrx_word' id='word_1_272' title='bbox 2099 3143 2202 3206; x_wconf 87' lang='grc' dir='ltr'>καὶ</span> <span class='ocrx_word' id='word_1_273' title='bbox 2243 3142 2319 3206; x_wconf 89' lang='grc' dir='ltr'>τὸ</span> <span class='ocrx_word' id='word_1_274' title='bbox 2365 3141 2600 3206; x_wconf 87' lang='grc' dir='ltr'>ὄκνος</span> <span class='ocrx_word' id='word_1_275' title='bbox 2656 3163 3037 3221; x_wconf 87' lang='grc' dir='ltr'>προςηγορι-</span> 
     </span>
     <span class='ocr_line' id='line_1_28' title="bbox 452 3243 3038 3325; baseline 0 -17"><span class='ocrx_word' id='word_1_276' title='bbox 452 3244 569 3309; x_wconf 89' lang='grc' dir='ltr'>κὸν</span> <span class='ocrx_word' id='word_1_277' title='bbox 615 3245 967 3325; x_wconf 88' lang='grc' dir='ltr'>βαρύνεται.</span> <span class='ocrx_word' id='word_1_278' title='bbox 1056 3246 1137 3309; x_wconf 86' lang='grc' dir='ltr'>τὰ</span> <span class='ocrx_word' id='word_1_279' title='bbox 1179 3245 1302 3325; x_wconf 86' lang='grc' dir='ltr'>γὰρ</span> <span class='ocrx_word' id='word_1_280' title='bbox 1348 3245 1436 3311; x_wconf 90' lang='grc' dir='ltr'>εἰς</span> <span class='ocrx_word' id='word_1_281' title='bbox 1490 3249 1564 3309; x_wconf 70' lang='grc' dir='ltr'>ὃς</span> <span class='ocrx_word' id='word_1_282' title='bbox 1623 3244 1902 3321; x_wconf 90' lang='grc' dir='ltr'>λήγοντα</span> <span class='ocrx_word' id='word_1_283' title='bbox 1947 3243 2291 3324; x_wconf 80' lang='grc' dir='ltr'>διςύλλαβα</span> <span class='ocrx_word' id='word_1_284' title='bbox 2346 3247 2666 3322; x_wconf 86' lang='grc' dir='ltr'>μονογενῆ</span> <span class='ocrx_word' id='word_1_285' title='bbox 2712 3243 3038 3324; x_wconf 91' lang='grc' dir='ltr'>ἀρχόμενα</span> 
     </span>
     <span class='ocr_line' id='line_1_29' title="bbox 452 3345 3036 3427; baseline 0.002 -19"><span class='ocrx_word' id='word_1_286' title='bbox 452 3345 584 3411; x_wconf 86' lang='grc' dir='ltr'>ἀπὸ</span> <span class='ocrx_word' id='word_1_287' title='bbox 627 3350 745 3412; x_wconf 81' lang='grc' dir='ltr'>τοῦ</span> <span class='ocrx_word' id='word_1_288' title='bbox 791 3349 828 3410; x_wconf 83' lang='grc' dir='ltr'><em>ὃ</em></span> <span class='ocrx_word' id='word_1_289' title='bbox 872 3348 975 3410; x_wconf 88' lang='grc' dir='ltr'>καὶ</span> <span class='ocrx_word' id='word_1_290' title='bbox 1017 3345 1254 3424; x_wconf 87' lang='grc' dir='ltr'>ἔχοντα</span> <span class='ocrx_word' id='word_1_291' title='bbox 1307 3348 1429 3412; x_wconf 83' lang='grc' dir='ltr'>δύο</span> <span class='ocrx_word' id='word_1_292' title='bbox 1483 3348 1795 3427; x_wconf 90' lang='grc' dir='ltr'>ςύμφωνα</span> <span class='ocrx_word' id='word_1_293' title='bbox 1849 3348 1889 3426; x_wconf 88' lang='grc' dir='ltr'>ἢ</span> <span class='ocrx_word' id='word_1_294' title='bbox 1934 3346 2204 3411; x_wconf 88' lang='grc' dir='ltr'>πλείονα</span> <span class='ocrx_word' id='word_1_295' title='bbox 2260 3345 2632 3426; x_wconf 87' lang='grc' dir='ltr'>βαρύνεςθαι</span> <span class='ocrx_word' id='word_1_296' title='bbox 2678 3346 2845 3410; x_wconf 88' lang='grc' dir='ltr'>θέλει</span> <span class='ocrx_word' id='word_1_297' title='bbox 2892 3346 3036 3412; x_wconf 89' lang='grc' dir='ltr'>οἷον</span> 
     </span>
     <span class='ocr_line' id='line_1_30' title="bbox 453 3447 2516 3533; baseline -0.001 -20"><span class='ocrx_word' id='word_1_298' title='bbox 453 3447 720 3531; x_wconf 86' lang='grc' dir='ltr'>ὄμβρος,</span> <span class='ocrx_word' id='word_1_299' title='bbox 765 3448 991 3530; x_wconf 86' lang='grc' dir='ltr'>ὄρρος,</span> <span class='ocrx_word' id='word_1_300' title='bbox 1036 3448 1251 3532; x_wconf 91' lang='grc' dir='ltr'>ὄςςος,</span> <span class='ocrx_word' id='word_1_301' title='bbox 1295 3449 1561 3533; x_wconf 87' lang='grc' dir='ltr'>Ὄρθος,</span> <span class='ocrx_word' id='word_1_302' title='bbox 1607 3449 1822 3528; x_wconf 89' lang='grc' dir='ltr'>ὄγμος.</span> <span class='ocrx_word' id='word_1_303' title='bbox 1914 3448 2121 3513; x_wconf 86' lang='grc' dir='ltr'>οὕτως</span> <span class='ocrx_word' id='word_1_304' title='bbox 2164 3449 2266 3512; x_wconf 82' lang='grc' dir='ltr'>καὶ</span> <span class='ocrx_word' id='word_1_305' title='bbox 2308 3447 2516 3512; x_wconf 91' lang='grc' dir='ltr'>ὄκνος.</span> 
     </span>
    </p>

    <p class='ocr_par' dir='ltr' id='par_1_5' title="bbox 451 3547 3140 3839">
     <span class='ocr_line' id='line_1_31' title="bbox 617 3547 3140 3630; baseline 0 -16"><span class='ocrx_word' id='word_1_306' title='bbox 617 3550 713 3614; x_wconf 88' lang='grc' dir='ltr'>Τὰ</span> <span class='ocrx_word' id='word_1_307' title='bbox 768 3551 856 3616; x_wconf 91' lang='grc' dir='ltr'>εἰς</span> <span class='ocrx_word' id='word_1_308' title='bbox 899 3547 1016 3617; x_wconf 58' lang='grc' dir='ltr'>νᾶ</span> <span class='ocrx_word' id='word_1_309' title='bbox 1069 3556 1389 3630; x_wconf 84' lang='grc' dir='ltr'>μονογενῆ</span> <span class='ocrx_word' id='word_1_310' title='bbox 1453 3552 1794 3630; x_wconf 85' lang='grc' dir='ltr'>διςύλλαβα</span> <span class='ocrx_word' id='word_1_311' title='bbox 1849 3549 2087 3629; x_wconf 86' lang='grc' dir='ltr'>ἔχοντα</span> <span class='ocrx_word' id='word_1_312' title='bbox 2141 3551 2269 3629; x_wconf 84' lang='grc' dir='ltr'>πρὸ</span> <span class='ocrx_word' id='word_1_313' title='bbox 2323 3554 2439 3614; x_wconf 83' lang='grc' dir='ltr'>τοῦ</span> <span class='ocrx_word' id='word_1_314' title='bbox 2495 3554 2610 3613; x_wconf 65' lang='grc' dir='ltr'>νος</span> <span class='ocrx_word' id='word_1_315' title='bbox 2665 3551 2736 3615; x_wconf 83' lang='grc' dir='ltr'>ἕν</span> <span class='ocrx_word' id='word_1_316' title='bbox 2793 3572 2850 3614; x_wconf 91' lang='grc' dir='ltr'>τι</span> <span class='ocrx_word' id='word_1_317' title='bbox 2905 3557 3035 3617; x_wconf 85' lang='grc' dir='ltr'>τῶν</span> <span class='ocrx_word' id='word_1_318' title='bbox 3072 3562 3140 3614; x_wconf 86' lang='grc'>30</span> 
     </span>
     <span class='ocr_line' id='line_1_32' title="bbox 451 3650 3034 3737; baseline 0.002 -23"><span class='ocrx_word' id='word_1_319' title='bbox 451 3650 897 3737; x_wconf 84' lang='grc' dir='ltr'>ἀντιςτοίχων,</span> <span class='ocrx_word' id='word_1_320' title='bbox 942 3653 1439 3732; x_wconf 89' lang='grc' dir='ltr'>προηγουμένου</span> <span class='ocrx_word' id='word_1_321' title='bbox 1484 3653 1864 3733; x_wconf 89' lang='grc' dir='ltr'>φωνήεντος</span> <span class='ocrx_word' id='word_1_322' title='bbox 1908 3655 2077 3731; x_wconf 85' lang='grc' dir='ltr'>πλὴν</span> <span class='ocrx_word' id='word_1_323' title='bbox 2121 3658 2239 3717; x_wconf 87' lang='grc' dir='ltr'>τοῦ</span> <span class='ocrx_word' id='word_1_324' title='bbox 2286 3656 2325 3715; x_wconf 74' lang='lat' dir='ltr'>fx·</span> <span class='ocrx_word' id='word_1_325' title='bbox 2362 3653 2729 3734; x_wconf 88' lang='grc' dir='ltr'>βαρύνεται,</span> <span class='ocrx_word' id='word_1_326' title='bbox 2775 3652 3034 3736; x_wconf 90' lang='grc' dir='ltr'>ὄκνος,</span> 
     </span>
     <span class='ocr_line' id='line_1_33' title="bbox 452 3754 3034 3839; baseline 0.001 -22"><span class='ocrx_word' id='word_1_327' title='bbox 452 3754 734 3819; x_wconf 92' lang='grc' dir='ltr'>κύκνος</span> <span class='ocrx_word' id='word_1_328' title='bbox 778 3757 881 3820; x_wconf 89' lang='grc' dir='ltr'>καὶ</span> <span class='ocrx_word' id='word_1_329' title='bbox 928 3756 1227 3820; x_wconf 91' lang='grc' dir='ltr'>Κύκνος</span> <span class='ocrx_word' id='word_1_330' title='bbox 1270 3754 1473 3837; x_wconf 87' lang='grc' dir='ltr'>ἥρως,</span> <span class='ocrx_word' id='word_1_331' title='bbox 1541 3755 1835 3820; x_wconf 88' lang='grc' dir='ltr'>Κύθνος</span> <span class='ocrx_word' id='word_1_332' title='bbox 1878 3755 2049 3835; x_wconf 88' lang='grc' dir='ltr'>ἥρως</span> <span class='ocrx_word' id='word_1_333' title='bbox 2104 3757 2205 3819; x_wconf 88' lang='grc' dir='ltr'>καὶ</span> <span class='ocrx_word' id='word_1_334' title='bbox 2248 3760 2439 3833; x_wconf 88' lang='grc' dir='ltr'>νῆςος</span> <span class='ocrx_word' id='word_1_335' title='bbox 2491 3757 2654 3834; x_wconf 91' lang='grc' dir='ltr'>πρὸς</span> <span class='ocrx_word' id='word_1_336' title='bbox 2698 3762 2773 3839; x_wconf 87' lang='grc' dir='ltr'>τῇ</span> <span class='ocrx_word' id='word_1_337' title='bbox 2816 3757 3034 3834; x_wconf 90' lang='grc' dir='ltr'>Δρυο-</span> 
     </span>
    </p>
   </div>
   <div class='ocr_carea' id='block_1_3' title="bbox 452 3925 851 3936">
    <p class='ocr_par' dir='ltr' id='par_1_6' title="bbox 452 3925 851 3936">
     <span class='ocr_line' id='line_1_34' title="bbox 452 3925 851 3936; baseline 0 1610"><span class='ocrx_word' id='word_1_338' title='bbox 452 3925 851 3936; x_wconf 95' lang='lat' dir='ltr'> </span> 
     </span>
    </p>
   </div>
   <div class='ocr_carea' id='block_1_4' title="bbox 447 4042 3033 4996">
    <p class='ocr_par' dir='ltr' id='par_1_7' title="bbox 447 4042 3033 4996">
     <span class='ocr_line' id='line_1_35' title="bbox 449 4042 3031 4109; baseline 0 -15"><span class='ocrx_word' id='word_1_339' title='bbox 449 4057 631 4107; x_wconf 90' lang='grc' dir='ltr'>γονος.</span> <span class='ocrx_word' id='word_1_340' title='bbox 691 4047 782 4097; x_wconf 83' lang='grc' dir='ltr'>καί</span> <span class='ocrx_word' id='word_1_341' title='bbox 820 4044 923 4108; x_wconf 89' lang='grc' dir='ltr'>μέν</span> <span class='ocrx_word' id='word_1_342' title='bbox 958 4059 1107 4096; x_wconf 90' lang='grc' dir='ltr'>τινες</span> <span class='ocrx_word' id='word_1_343' title='bbox 1144 4042 1296 4108; x_wconf 84' lang='grc' dir='ltr'>παρὰ</span> <span class='ocrx_word' id='word_1_344' title='bbox 1331 4042 1399 4094; x_wconf 89' lang='grc' dir='ltr'>τὸ</span> <span class='ocrx_word' id='word_1_345' title='bbox 1436 4045 1507 4096; x_wconf 89' lang='grc' dir='ltr'>λα</span> <span class='ocrx_word' id='word_1_346' title='bbox 1543 4044 1871 4096; x_wconf 82' lang='grc' dir='ltr'>ἑπιτατικὸν</span> <span class='ocrx_word' id='word_1_347' title='bbox 1908 4045 1997 4095; x_wconf 81' lang='grc' dir='ltr'>καὶ</span> <span class='ocrx_word' id='word_1_348' title='bbox 2033 4044 2103 4095; x_wconf 87' lang='grc' dir='ltr'>τὸ</span> <span class='ocrx_word' id='word_1_349' title='bbox 2138 4044 2282 4109; x_wconf 87' lang='grc' dir='ltr'>γυνή</span> <span class='ocrx_word' id='word_1_350' title='bbox 2317 4043 2389 4096; x_wconf 86' lang='grc' dir='ltr'>τὰ</span> <span class='ocrx_word' id='word_1_351' title='bbox 2424 4047 2660 4096; x_wconf 81' lang='grc' dir='ltr'>τοιαῦτα</span> <span class='ocrx_word' id='word_1_352' title='bbox 2684 4044 3031 4109; x_wconf 87' lang='grc' dir='ltr'>παρήγαγον.</span> 
     </span>
     <span class='ocr_line' id='line_1_36' title="bbox 452 4110 3029 4180; baseline -0.001 -14"><span class='ocrx_word' id='word_1_353' title='bbox 452 4141 512 4148; x_wconf 82' lang='grc'>--</span> <span class='ocrx_word' id='word_1_354' title='bbox 553 4113 761 4166; x_wconf 84' lang='grc' dir='ltr'>Κύδνος</span> <span class='ocrx_word' id='word_1_355' title='bbox 798 4114 1015 4180; x_wconf 80' lang='lat' dir='ltr'><strong>explevi</strong></span> <span class='ocrx_word' id='word_1_356' title='bbox 1053 4129 1117 4164; x_wconf 86' lang='lat' dir='ltr'>ex</span> <span class='ocrx_word' id='word_1_357' title='bbox 1159 4115 1237 4164; x_wconf 78' lang='lat' dir='ltr'>St.</span> <span class='ocrx_word' id='word_1_358' title='bbox 1276 4114 1337 4163; x_wconf 89' lang='grc' dir='ltr'>Β.</span> <span class='ocrx_word' id='word_1_359' title='bbox 1373 4116 1582 4178; x_wconf 80' lang='lat' dir='ltr'>pariter</span> <span class='ocrx_word' id='word_1_360' title='bbox 1624 4121 1790 4180; x_wconf 79' lang='lat' dir='ltr'>atque</span> <span class='ocrx_word' id='word_1_361' title='bbox 1831 4110 2137 4175; x_wconf 81' lang='grc' dir='ltr'>Κάλυδνος,</span> <span class='ocrx_word' id='word_1_362' title='bbox 2186 4115 2341 4163; x_wconf 78' lang='lat' dir='ltr'><strong>cuins</strong></span> <span class='ocrx_word' id='word_1_363' title='bbox 2377 4121 2638 4163; x_wconf 77' lang='lat' dir='ltr'>accentus</span> <span class='ocrx_word' id='word_1_364' title='bbox 2674 4115 2907 4163; x_wconf 78' lang='lat' dir='ltr'><strong>fluctuat</strong></span> <span class='ocrx_word' id='word_1_365' title='bbox 2941 4129 3029 4179; x_wconf 83' lang='lat' dir='ltr'>ap.</span> 
     </span>
     <span class='ocr_line' id='line_1_37' title="bbox 453 4179 3030 4248; baseline 0 -18"><span class='ocrx_word' id='word_1_366' title='bbox 453 4183 529 4232; x_wconf 83' lang='lat' dir='ltr'>St.</span> <span class='ocrx_word' id='word_1_367' title='bbox 567 4185 628 4233; x_wconf 88' lang='lat' dir='ltr'>B.</span> <span class='ocrx_word' id='word_1_368' title='bbox 667 4200 720 4248; x_wconf 89' lang='lat' dir='ltr'>p.</span> <span class='ocrx_word' id='word_1_369' title='bbox 757 4187 877 4245; x_wconf 83' lang='lat'>350,</span> <span class='ocrx_word' id='word_1_370' title='bbox 915 4185 946 4231; x_wconf 83' lang='grc'><strong>6</strong></span> <span class='ocrx_word' id='word_1_371' title='bbox 982 4180 1097 4232; x_wconf 87' lang='grc' dir='ltr'>ἀπὸ</span> <span class='ocrx_word' id='word_1_372' title='bbox 1137 4179 1449 4245; x_wconf 83' lang='grc' dir='ltr'>Καλύδνου,</span> <span class='ocrx_word' id='word_1_373' title='bbox 1498 4180 1696 4233; x_wconf 83' lang='grc' dir='ltr'>παιδὸς</span> <span class='ocrx_word' id='word_1_374' title='bbox 1744 4181 2005 4244; x_wconf 84' lang='grc' dir='ltr'>οὐρανοῦ.</span> <span class='ocrx_word' id='word_1_375' title='bbox 2077 4180 2299 4241; x_wconf 86' lang='grc' dir='ltr'>λέγεται</span> <span class='ocrx_word' id='word_1_376' title='bbox 2344 4181 2434 4231; x_wconf 74' lang='grc' dir='ltr'>καὶ</span> <span class='ocrx_word' id='word_1_377' title='bbox 2475 4181 2756 4233; x_wconf 84' lang='grc' dir='ltr'>Καλυδνός</span> <span class='ocrx_word' id='word_1_378' title='bbox 2805 4183 2899 4244; x_wconf 72' lang='lat' dir='ltr'>(se.</span> <span class='ocrx_word' id='word_1_379' title='bbox 2937 4185 3030 4246; x_wconf 83' lang='grc' dir='ltr'>νῆ-</span> 
     </span>
     <span class='ocr_line' id='line_1_38' title="bbox 451 4245 3033 4315; baseline 0 -16"><span class='ocrx_word' id='word_1_380' title='bbox 451 4261 540 4300; x_wconf 91' lang='grc' dir='ltr'>ςος</span> <span class='ocrx_word' id='word_1_381' title='bbox 579 4250 883 4314; x_wconf 81' lang='grc' dir='ltr'>Καλύδνα);</span> <span class='ocrx_word' id='word_1_382' title='bbox 921 4267 973 4315; x_wconf 87' lang='lat' dir='ltr'>p.</span> <span class='ocrx_word' id='word_1_383' title='bbox 1013 4252 1132 4314; x_wconf 73' lang='lat'>652,</span> <span class='ocrx_word' id='word_1_384' title='bbox 1173 4253 1199 4298; x_wconf 91' lang='lat'>1</span> <span class='ocrx_word' id='word_1_385' title='bbox 1241 4246 1594 4300; x_wconf 79' lang='grc' dir='ltr'>Καλύκαὸνος</span> <span class='ocrx_word' id='word_1_386' title='bbox 1632 4248 1916 4310; x_wconf 86' lang='grc' dir='ltr'>ποταμός,</span> <span class='ocrx_word' id='word_1_387' title='bbox 1963 4245 2031 4298; x_wconf 86' lang='grc' dir='ltr'>ὃν</span> <span class='ocrx_word' id='word_1_388' title='bbox 2071 4246 2357 4299; x_wconf 86' lang='grc' dir='ltr'>Καλυδνόν</span> <span class='ocrx_word' id='word_1_389' title='bbox 2401 4263 2549 4299; x_wconf 90' lang='grc' dir='ltr'>τινες</span> <span class='ocrx_word' id='word_1_390' title='bbox 2589 4251 2864 4300; x_wconf 84' lang='grc' dir='ltr'>καλοῠςιν.</span> <span class='ocrx_word' id='word_1_391' title='bbox 2937 4250 3033 4300; x_wconf 80' lang='lat' dir='ltr'>Se·</span> 
     </span>
     <span class='ocr_line' id='line_1_39' title="bbox 447 4315 3029 4381; baseline 0.001 -16"><span class='ocrx_word' id='word_1_392' title='bbox 447 4320 676 4369; x_wconf 79' lang='lat' dir='ltr'><strong>cundum</strong></span> <span class='ocrx_word' id='word_1_393' title='bbox 713 4320 857 4368; x_wconf 85' lang='lat' dir='ltr'>hunc</span> <span class='ocrx_word' id='word_1_394' title='bbox 892 4334 1156 4368; x_wconf 84' lang='lat' dir='ltr'>canonem</span> <span class='ocrx_word' id='word_1_395' title='bbox 1192 4317 1534 4368; x_wconf 75' lang='lat' dir='ltr'>scribendum</span> <span class='ocrx_word' id='word_1_396' title='bbox 1572 4324 1659 4369; x_wconf 81' lang='lat' dir='ltr'>est</span> <span class='ocrx_word' id='word_1_397' title='bbox 1694 4315 1989 4368; x_wconf 83' lang='grc' dir='ltr'>Μάκεδνος</span> <span class='ocrx_word' id='word_1_398' title='bbox 2026 4318 2297 4381; x_wconf 82' lang='lat' dir='ltr'>proprium</span> <span class='ocrx_word' id='word_1_399' title='bbox 2334 4321 2392 4364; x_wconf 86' lang='lat' dir='ltr'>et</span> <span class='ocrx_word' id='word_1_400' title='bbox 2426 4315 2721 4368; x_wconf 84' lang='grc' dir='ltr'>Μακεδνός</span> <span class='ocrx_word' id='word_1_401' title='bbox 2756 4318 3029 4367; x_wconf 82' lang='lat' dir='ltr'>ethnicum</span> 
     </span>
     <span class='ocr_line' id='line_1_40' title="bbox 449 4383 3030 4451; baseline 0 -17"><span class='ocrx_word' id='word_1_402' title='bbox 449 4392 639 4451; x_wconf 78' lang='lat' dir='ltr'><strong>utpote</strong></span> <span class='ocrx_word' id='word_1_403' title='bbox 669 4388 933 4437; x_wconf 86' lang='lat' dir='ltr'>feminino</span> <span class='ocrx_word' id='word_1_404' title='bbox 958 4402 1157 4451; x_wconf 78' lang='lat' dir='ltr'>genere</span> <span class='ocrx_word' id='word_1_405' title='bbox 1194 4385 1523 4451; x_wconf 82' lang='lat' dir='ltr'>praeditum.</span> <span class='ocrx_word' id='word_1_406' title='bbox 1637 4384 1675 4437; x_wconf 87' lang='lat'>1.</span> <span class='ocrx_word' id='word_1_407' title='bbox 1701 4388 1733 4434; x_wconf 88' lang='grc'>6</span> <span class='ocrx_word' id='word_1_408' title='bbox 1769 4399 1910 4449; x_wconf 84' lang='lat' dir='ltr'>quae</span> <span class='ocrx_word' id='word_1_409' title='bbox 1949 4383 2021 4432; x_wconf 84' lang='lat' dir='ltr'>ad</span> <span class='ocrx_word' id='word_1_410' title='bbox 2057 4383 2336 4447; x_wconf 87' lang='grc' dir='ltr'>ςτρυφνός</span> <span class='ocrx_word' id='word_1_411' title='bbox 2374 4384 2565 4433; x_wconf 80' lang='lat' dir='ltr'>addita</span> <span class='ocrx_word' id='word_1_412' title='bbox 2602 4393 2755 4447; x_wconf 82' lang='lat' dir='ltr'><strong>sunt,</strong></span> <span class='ocrx_word' id='word_1_413' title='bbox 2794 4387 3030 4450; x_wconf 81' lang='lat' dir='ltr'>prompsi</span> 
     </span>
     <span class='ocr_line' id='line_1_41' title="bbox 452 4449 3029 4520; baseline 0.001 -19"><span class='ocrx_word' id='word_1_414' title='bbox 452 4469 517 4503; x_wconf 82' lang='lat' dir='ltr'>ex</span> <span class='ocrx_word' id='word_1_415' title='bbox 550 4455 809 4506; x_wconf 82' lang='lat' dir='ltr'><strong>Eustath.</strong></span> <span class='ocrx_word' id='word_1_416' title='bbox 852 4457 1006 4520; x_wconf 82' lang='grc'>1413,</span> <span class='ocrx_word' id='word_1_417' title='bbox 1045 4457 1076 4505; x_wconf 85' lang='grc'>5</span> <span class='ocrx_word' id='word_1_418' title='bbox 1119 4456 1215 4506; x_wconf 81' lang='lat' dir='ltr'>nbi</span> <span class='ocrx_word' id='word_1_419' title='bbox 1260 4451 1292 4504; x_wconf 84' lang='lat'>6</span> <span class='ocrx_word' id='word_1_420' title='bbox 1329 4452 1496 4515; x_wconf 90' lang='grc' dir='ltr'>λόγος</span> <span class='ocrx_word' id='word_1_421' title='bbox 1533 4452 1677 4505; x_wconf 86' lang='grc' dir='ltr'>κατὰ</span> <span class='ocrx_word' id='word_1_422' title='bbox 1714 4449 2061 4516; x_wconf 84' lang='grc' dir='ltr'>Ἡρωδιανὸν</span> <span class='ocrx_word' id='word_1_423' title='bbox 2098 4459 2155 4501; x_wconf 83' lang='lat' dir='ltr'>et</span> <span class='ocrx_word' id='word_1_424' title='bbox 2198 4453 2256 4501; x_wconf 87' lang='lat' dir='ltr'>in</span> <span class='ocrx_word' id='word_1_425' title='bbox 2294 4451 2398 4501; x_wconf 80' lang='lat' dir='ltr'>fine</span> <span class='ocrx_word' id='word_1_426' title='bbox 2438 4452 2718 4516; x_wconf 89' lang='grc' dir='ltr'>ςτρυφνός</span> <span class='ocrx_word' id='word_1_427' title='bbox 2754 4451 2860 4516; x_wconf 88' lang='grc' dir='ltr'>γάρ</span> <span class='ocrx_word' id='word_1_428' title='bbox 2896 4467 3029 4519; x_wconf 92' lang='grc' dir='ltr'>φηςι</span> 
     </span>
     <span class='ocr_line' id='line_1_42' title="bbox 451 4520 3029 4586; baseline 0 -16"><span class='ocrx_word' id='word_1_429' title='bbox 451 4520 544 4581; x_wconf 77' lang='lat' dir='ltr'>(se.</span> <span class='ocrx_word' id='word_1_430' title='bbox 583 4523 928 4584; x_wconf 67' lang='lat' dir='ltr'>Hel-odiam),</span> <span class='ocrx_word' id='word_1_431' title='bbox 964 4523 1094 4572; x_wconf 87' lang='lat' dir='ltr'>inde</span> <span class='ocrx_word' id='word_1_432' title='bbox 1133 4539 1167 4572; x_wconf 80' lang='lat' dir='ltr'><strong>a</strong></span> <span class='ocrx_word' id='word_1_433' title='bbox 1201 4521 1503 4586; x_wconf 82' lang='grc' dir='ltr'>ςημειῶδες</span> <span class='ocrx_word' id='word_1_434' title='bbox 1541 4522 1790 4572; x_wconf 66' lang='grc' dir='ltr'>οκ-Μοη.</span> <span class='ocrx_word' id='word_1_435' title='bbox 1826 4522 1911 4582; x_wconf 83' lang='grc'>41,</span> <span class='ocrx_word' id='word_1_436' title='bbox 1953 4522 2011 4569; x_wconf 91' lang='grc'>11</span> <span class='ocrx_word' id='word_1_437' title='bbox 2051 4520 2174 4570; x_wconf 75' lang='lat' dir='ltr'><strong>coll.</strong></span> <span class='ocrx_word' id='word_1_438' title='bbox 2211 4520 2473 4570; x_wconf 84' lang='lat' dir='ltr'><strong>Dichron.</strong></span> <span class='ocrx_word' id='word_1_439' title='bbox 2512 4523 2631 4584; x_wconf 73' lang='lat'>⁶293,</span> <span class='ocrx_word' id='word_1_440' title='bbox 2672 4523 2752 4571; x_wconf 80' lang='lat'>16.</span> <span class='ocrx_word' id='word_1_441' title='bbox 2889 4520 2925 4570; x_wconf 90' lang='lat' dir='ltr'>l.</span> <span class='ocrx_word' id='word_1_442' title='bbox 2967 4525 3029 4571; x_wconf 82' lang='lat'>13</span> 
     </span>
     <span class='ocr_line' id='line_1_43' title="bbox 450 4584 3026 4653; baseline 0 -14"><span class='ocrx_word' id='word_1_443' title='bbox 450 4589 699 4644; x_wconf 85' lang='grc' dir='ltr'>θαλπνός</span> <span class='ocrx_word' id='word_1_444' title='bbox 735 4591 915 4642; x_wconf 78' lang='lat' dir='ltr'>adieci</span> <span class='ocrx_word' id='word_1_445' title='bbox 950 4607 1018 4640; x_wconf 83' lang='lat' dir='ltr'>ex</span> <span class='ocrx_word' id='word_1_446' title='bbox 1053 4591 1238 4640; x_wconf 84' lang='lat' dir='ltr'>Dichr.</span> <span class='ocrx_word' id='word_1_447' title='bbox 1274 4593 1391 4651; x_wconf 74' lang='grc'>293,</span> <span class='ocrx_word' id='word_1_448' title='bbox 1431 4593 1512 4653; x_wconf 83' lang='lat'>15,</span> <span class='ocrx_word' id='word_1_449' title='bbox 1550 4584 1814 4639; x_wconf 89' lang='grc' dir='ltr'>ςτιλπνός</span> <span class='ocrx_word' id='word_1_450' title='bbox 1853 4604 1920 4637; x_wconf 84' lang='lat' dir='ltr'>ex</span> <span class='ocrx_word' id='word_1_451' title='bbox 1956 4588 2022 4639; x_wconf 91' lang='lat' dir='ltr'>Il.</span> <span class='ocrx_word' id='word_1_452' title='bbox 2059 4590 2145 4639; x_wconf 90' lang='lat' dir='ltr'>Pr.</span> <span class='ocrx_word' id='word_1_453' title='bbox 2184 4586 2232 4639; x_wconf 89' lang='grc' dir='ltr'>Ξ</span> <span class='ocrx_word' id='word_1_454' title='bbox 2267 4590 2383 4648; x_wconf 83' lang='grc'>351,</span> <span class='ocrx_word' id='word_1_455' title='bbox 2422 4586 2618 4650; x_wconf 88' lang='grc' dir='ltr'>ςυχνός</span> <span class='ocrx_word' id='word_1_456' title='bbox 2657 4605 2723 4637; x_wconf 86' lang='lat' dir='ltr'>ex</span> <span class='ocrx_word' id='word_1_457' title='bbox 2760 4589 2824 4642; x_wconf 89' lang='lat' dir='ltr'>Il.</span> <span class='ocrx_word' id='word_1_458' title='bbox 2864 4590 2952 4638; x_wconf 87' lang='lat' dir='ltr'>Pr.</span> <span class='ocrx_word' id='word_1_459' title='bbox 2990 4588 3026 4640; x_wconf 90' lang='grc' dir='ltr'>Ε</span> 
     </span>
     <span class='ocr_line' id='line_1_44' title="bbox 448 4654 3027 4723; baseline 0 -17"><span class='ocrx_word' id='word_1_460' title='bbox 448 4659 571 4709; x_wconf 78' lang='lat'><strong>292:</strong></span> <span class='ocrx_word' id='word_1_461' title='bbox 626 4658 884 4711; x_wconf 84' lang='grc' dir='ltr'>ὀξύνεται</span> <span class='ocrx_word' id='word_1_462' title='bbox 930 4657 962 4708; x_wconf 89' lang='grc' dir='ltr'><strong>ὁ</strong></span> <span class='ocrx_word' id='word_1_463' title='bbox 1008 4657 1289 4723; x_wconf 83' lang='grc' dir='ltr'>πρυμνὸς,</span> <span class='ocrx_word' id='word_1_464' title='bbox 1337 4657 1459 4709; x_wconf 80' lang='grc' dir='ltr'>ἐπεὶ</span> <span class='ocrx_word' id='word_1_465' title='bbox 1504 4656 1576 4707; x_wconf 86' lang='grc' dir='ltr'>τὰ</span> <span class='ocrx_word' id='word_1_466' title='bbox 1632 4654 1710 4707; x_wconf 88' lang='grc' dir='ltr'>εἰς</span> <span class='ocrx_word' id='word_1_467' title='bbox 1755 4658 1854 4706; x_wconf 55' lang='lat' dir='ltr'>vo?</span> <span class='ocrx_word' id='word_1_468' title='bbox 1898 4654 2149 4721; x_wconf 85' lang='grc' dir='ltr'>λήγοντα</span> <span class='ocrx_word' id='word_1_469' title='bbox 2196 4656 2325 4718; x_wconf 84' lang='grc' dir='ltr'>μετ’</span> <span class='ocrx_word' id='word_1_470' title='bbox 2361 4655 2672 4720; x_wconf 82' lang='grc' dir='ltr'>ἐπιπλοκῆς</span> <span class='ocrx_word' id='word_1_471' title='bbox 2720 4654 3027 4719; x_wconf 87' lang='grc' dir='ltr'>ςυμφώνου</span> 
     </span>
     <span class='ocr_line' id='line_1_45' title="bbox 448 4722 3023 4791; baseline 0.001 -20"><span class='ocrx_word' id='word_1_472' title='bbox 448 4729 671 4791; x_wconf 85' lang='grc' dir='ltr'>τριγενῆ</span> <span class='ocrx_word' id='word_1_473' title='bbox 709 4725 864 4777; x_wconf 87' lang='grc' dir='ltr'>ἁπλᾶ</span> <span class='ocrx_word' id='word_1_474' title='bbox 899 4724 1182 4789; x_wconf 83' lang='grc' dir='ltr'>ὀξύνεται,</span> <span class='ocrx_word' id='word_1_475' title='bbox 1222 4725 1446 4790; x_wconf 88' lang='grc' dir='ltr'>ςυχνός,</span> <span class='ocrx_word' id='word_1_476' title='bbox 1485 4724 1712 4776; x_wconf 87' lang='grc' dir='ltr'>πυκνός.</span> <span class='ocrx_word' id='word_1_477' title='bbox 1784 4723 1974 4775; x_wconf 83' lang='grc' dir='ltr'>οὕτως</span> <span class='ocrx_word' id='word_1_478' title='bbox 2009 4723 2276 4788; x_wconf 85' lang='grc' dir='ltr'>πρυμνὸς.</span> <span class='ocrx_word' id='word_1_479' title='bbox 2348 4722 2591 4787; x_wconf 89' lang='grc' dir='ltr'>περκνός</span> <span class='ocrx_word' id='word_1_480' title='bbox 2638 4724 2822 4774; x_wconf 80' lang='lat' dir='ltr'>adieci</span> <span class='ocrx_word' id='word_1_481' title='bbox 2857 4723 2923 4774; x_wconf 57' lang='lat' dir='ltr'>exi</span> <span class='ocrx_word' id='word_1_482' title='bbox 2961 4725 3023 4774; x_wconf 90' lang='grc' dir='ltr'>ΙΙ.</span> 
     </span>
     <span class='ocr_line' id='line_1_46' title="bbox 449 4790 3027 4860; baseline 0.002 -21"><span class='ocrx_word' id='word_1_483' title='bbox 449 4792 534 4842; x_wconf 79' lang='lat' dir='ltr'>Pr.</span> <span class='ocrx_word' id='word_1_484' title='bbox 568 4794 613 4846; x_wconf 85' lang='grc' dir='ltr'>Ω</span> <span class='ocrx_word' id='word_1_485' title='bbox 648 4797 774 4857; x_wconf 83' lang='grc'>316,</span> <span class='ocrx_word' id='word_1_486' title='bbox 822 4809 889 4842; x_wconf 88' lang='lat' dir='ltr'>ex</span> <span class='ocrx_word' id='word_1_487' title='bbox 936 4794 1127 4843; x_wconf 84' lang='lat' dir='ltr'>eodem</span> <span class='ocrx_word' id='word_1_488' title='bbox 1172 4793 1292 4844; x_wconf 87' lang='lat' dir='ltr'>loco</span> <span class='ocrx_word' id='word_1_489' title='bbox 1339 4795 1596 4860; x_wconf 79' lang='lat' dir='ltr'>apposita</span> <span class='ocrx_word' id='word_1_490' title='bbox 1641 4798 1770 4842; x_wconf 79' lang='lat' dir='ltr'><strong>sunt</strong></span> <span class='ocrx_word' id='word_1_491' title='bbox 1814 4794 1848 4843; x_wconf 86' lang='lat' dir='ltr'>l.</span> <span class='ocrx_word' id='word_1_492' title='bbox 1887 4795 1949 4842; x_wconf 88' lang='grc'>18</span> <span class='ocrx_word' id='word_1_493' title='bbox 1984 4791 2056 4843; x_wconf 84' lang='grc' dir='ltr'>τὰ</span> <span class='ocrx_word' id='word_1_494' title='bbox 2100 4791 2206 4855; x_wconf 82' lang='grc' dir='ltr'>γὰρ</span> <span class='ocrx_word' id='word_1_495' title='bbox 2250 4790 2329 4843; x_wconf 76' lang='grc' dir='ltr'>εἰς</span> <span class='ocrx_word' id='word_1_496' title='bbox 2364 4794 2433 4844; x_wconf 72' lang='grc' dir='ltr'>ὄῖ</span> <span class='ocrx_word' id='word_1_497' title='bbox 2466 4818 2533 4828; x_wconf 91' lang='grc'>-</span> <span class='ocrx_word' id='word_1_498' title='bbox 2566 4790 2605 4841; x_wconf 88' lang='lat' dir='ltr'>l.</span> <span class='ocrx_word' id='word_1_499' title='bbox 2641 4794 2709 4842; x_wconf 80' lang='lat'>26</span> <span class='ocrx_word' id='word_1_500' title='bbox 2751 4791 2923 4855; x_wconf 80' lang='grc' dir='ltr'>ταχύς</span> <span class='ocrx_word' id='word_1_501' title='bbox 2968 4799 3027 4843; x_wconf 88' lang='lat' dir='ltr'>et</span> 
     </span>
     <span class='ocr_line' id='line_1_47' title="bbox 452 4858 3024 4927; baseline 0 -18"><span class='ocrx_word' id='word_1_502' title='bbox 452 4875 588 4922; x_wconf 81' lang='lat' dir='ltr'>quae</span> <span class='ocrx_word' id='word_1_503' title='bbox 638 4862 711 4912; x_wconf 84' lang='lat' dir='ltr'>ad</span> <span class='ocrx_word' id='word_1_504' title='bbox 756 4860 1136 4924; x_wconf 77' lang='lat' dir='ltr'>explicandum</span> <span class='ocrx_word' id='word_1_505' title='bbox 1180 4868 1466 4912; x_wconf 78' lang='lat' dir='ltr'>accentum</span> <span class='ocrx_word' id='word_1_506' title='bbox 1519 4862 1673 4912; x_wconf 83' lang='lat' dir='ltr'>vocis</span> <span class='ocrx_word' id='word_1_507' title='bbox 1717 4859 1886 4912; x_wconf 81' lang='grc' dir='ltr'>ὄκνος</span> <span class='ocrx_word' id='word_1_508' title='bbox 1942 4861 2160 4927; x_wconf 77' lang='lat' dir='ltr'><strong>prolata</strong></span> <span class='ocrx_word' id='word_1_509' title='bbox 2214 4865 2357 4911; x_wconf 86' lang='lat' dir='ltr'><strong>sunt.</strong></span> <span class='ocrx_word' id='word_1_510' title='bbox 2562 4858 2597 4908; x_wconf 94' lang='lat' dir='ltr'>l.</span> <span class='ocrx_word' id='word_1_511' title='bbox 2635 4863 2701 4911; x_wconf 73' lang='lat'>32</span> <span class='ocrx_word' id='word_1_512' title='bbox 2746 4862 3024 4926; x_wconf 85' lang='lat' dir='ltr'>proprium</span> 
     </span>
     <span class='ocr_line' id='line_1_48' title="bbox 455 4924 3024 4996; baseline -0.001 -17"><span class='ocrx_word' id='word_1_513' title='bbox 455 4924 660 4980; x_wconf 85' lang='grc' dir='ltr'>Κύκνος</span> <span class='ocrx_word' id='word_1_514' title='bbox 706 4929 934 4993; x_wconf 73' lang='lat' dir='ltr'>apposui</span> <span class='ocrx_word' id='word_1_515' title='bbox 980 4945 1045 4977; x_wconf 83' lang='lat' dir='ltr'>ex</span> <span class='ocrx_word' id='word_1_516' title='bbox 1091 4930 1278 4992; x_wconf 69' lang='lat' dir='ltr'>steph.</span> <span class='ocrx_word' id='word_1_517' title='bbox 1325 4933 1455 4995; x_wconf 83' lang='lat' dir='ltr'>Byz.</span> <span class='ocrx_word' id='word_1_518' title='bbox 1504 4933 1632 4992; x_wconf 80' lang='lat'><strong>392,</strong></span> <span class='ocrx_word' id='word_1_519' title='bbox 1668 4931 1725 4996; x_wconf 84' lang='lat'>5,</span> <span class='ocrx_word' id='word_1_520' title='bbox 1784 4927 1996 4980; x_wconf 85' lang='grc' dir='ltr'>Κύθνος</span> <span class='ocrx_word' id='word_1_521' title='bbox 2051 4928 2269 4993; x_wconf 84' lang='lat' dir='ltr'>explevi</span> <span class='ocrx_word' id='word_1_522' title='bbox 2322 4945 2389 4978; x_wconf 85' lang='lat' dir='ltr'>ex</span> <span class='ocrx_word' id='word_1_523' title='bbox 2438 4928 2625 4992; x_wconf 82' lang='lat' dir='ltr'>Steph.</span> <span class='ocrx_word' id='word_1_524' title='bbox 2674 4931 2832 4994; x_wconf 86' lang='lat' dir='ltr'>Byz.‚</span> <span class='ocrx_word' id='word_1_525' title='bbox 2892 4929 3024 4978; x_wconf 82' lang='lat' dir='ltr'>item</span> 
     </span>
    </p>
   </div>
  </div>
 </body>
</html>
