3664 5546
1500 404 1912 454 PRAEFATIO.
2726 403 2999 452 xxxxlx

416 562 751 650 synthesis
797 560 1032 627 afferat
1072 559 1236 625 nihil
1266 561 1619 641 commodi,
1666 559 1845 646 quod
1891 568 2107 623 tamen
2151 557 2476 622 interdum
2508 557 2877 623 redundare
2920 582 3003 624 ex

420 687 501 730 ea
540 664 708 729 Lob.
757 661 965 728 Elem.
1007 662 1131 729 557
1180 662 1607 728 demonstrat.
1954 723 1957 727 ,

589 766 889 831 Fuerunt
945 766 1058 853 qui
1121 770 1447 846 ποςςῆμαρ
1504 764 1557 829 Ω
1600 763 1722 828 657
1787 764 2229 847 seiungerent:
2298 762 2533 850 quibus
2588 762 3003 830 Herodianus

426 868 819 936 adversatur
849 866 1261 956 praecipiens
1304 868 1911 954 properispomenos
1958 864 2375 930 scribendum
2421 888 2562 931 esse
2607 877 2680 931 ut
2722 868 3007 949 αὐτῆμαρ

426 983 496 1037 et
547 973 828 1052 ἐννῆμαρ
885 970 973 1035 cf.
1028 970 1194 1036 Lob.
1253 968 1462 1033 Elem.
1518 968 1664 1034 566.
1767 970 1819 1034 Θ
1869 968 1987 1032 178
2045 968 2476 1049 οὐδενόςωρα;
2547 970 2669 1049 ὑφ’
2722 972 2795 1036 ἓν
2850 972 3009 1036 κατὰ

429 1077 747 1158 ςύνθεςιν,
805 1073 861 1139 εἰ
916 1076 1017 1139 καὶ
1073 1074 1335 1140 ςπάνιος
1387 1072 1428 1150 ἡ
1481 1071 1742 1151 τοιαύτη
1799 1071 2078 1136 ςύνθεςις
2136 1071 2201 1137 ἐξ
2256 1072 2644 1151 ἀποφάςεως
2699 1074 2801 1137 καὶ
2866 1094 3008 1138 ςυν-

429 1179 665 1258 δὲςμου
719 1177 824 1241 καὶ
875 1179 986 1253 τῆς
1042 1176 1188 1242 ἑνός
1240 1177 1491 1253 γενικῆς
1546 1175 1859 1239 ἐντελοῦς.
1948 1173 2263 1238 οὐδέποτε
2314 1173 2439 1251 γὰρ
2497 1172 2703 1239 οὕτως
2757 1175 2913 1254 αὕτη
2970 1176 3010 1253 ἡ

430 1281 646 1358 γενικὴ
693 1278 1051 1344 ςυντίθεται.
1139 1278 1281 1343 ἀλλ’
1336 1277 1473 1353 οἵγε
1529 1277 1785 1356 ποιηταὶ
1826 1280 2103 1355 τολμῶςι
2158 1275 2341 1341 ξένας
2398 1277 2726 1341 ςυνθέςεις.
2814 1275 3011 1340 Adie-

434 1382 686 1447 ctivum
731 1381 1209 1460 οὐδενόςωρος,
1256 1399 1454 1464 quum
1497 1400 1695 1442 unam
1740 1376 2132 1441 sententiam
2161 1376 2696 1462 comprehendat,
2743 1387 2815 1443 ut
2860 1399 3013 1442 vere

438 1482 872 1569 compositum
924 1503 1054 1547 non
1113 1480 1302 1545 aliter
1356 1480 1485 1544 nisi
1529 1479 1651 1545 sub
1700 1501 1831 1544 uno
1888 1488 2160 1543 accentu
2226 1478 2426 1543 scribi
2490 1488 2710 1565 potest
2770 1480 3017 1565 pariter

438 1594 634 1671 atque
687 1586 1076 1669 κυνόςουρα,
1136 1583 1192 1647 si
1235 1581 1665 1663 adiectivum,
1723 1603 1853 1671 quo
1897 1579 2288 1647 Aristoteles
2342 1579 2406 1643 h.
2451 1601 2558 1643 an.
2603 1581 2663 1661 6,
2707 1580 2748 1643 2
2792 1582 3016 1647 κυνός-

441 1708 608 1767 ουρα
670 1689 767 1772 ᾠά
831 1684 1066 1765 utitur,
1143 1682 1563 1768 intellegitur.
1670 1682 1800 1747 Sed
1856 1683 2052 1747 etiam
2116 1681 2598 1761 substantivum
2662 1684 3019 1763 κυνόςουρα

441 1789 580 1854 sive
624 1787 964 1876 proprium
1008 1787 1151 1852 sive
1179 1807 1406 1851 ursum
1451 1784 1796 1849 coelestem
1841 1783 2219 1869 significans
2253 1794 2831 1872 proparoxytonon
2875 1808 3019 1850 esse

442 1890 635 1956 docet
676 1887 924 1954 Herod.
970 1890 1116 1971 περὶ
1168 1909 1308 1969 μον.
1357 1887 1468 1967 13,
1512 1886 1617 1952 25.
1703 1885 1933 1971 Neque
1987 1887 2284 1966 δίςκουρα
2328 1888 2386 1951 Ψ
2428 1888 2588 1968 523,
2644 1887 2816 1974 quod
2872 1909 3021 1952 cum

446 1993 719 2072 λίπουρα
762 1989 1127 2072 confertur,
1173 1987 1363 2055 aliter
1406 2000 1602 2076 atque
1646 1991 1805 2054 κατὰ
1849 1989 2133 2054 ςύνθεςιν
2176 1988 2639 2074 proferendum
2692 2011 2837 2054 esse
2880 2011 3021 2076 per-

444 2092 629 2159 hibet
671 2102 937 2158 auctore
980 2092 1396 2174 Aristarcho,
1455 2091 1564 2177 qui
1622 2089 1779 2155 dicit
1838 2090 2041 2170 «ὅπερ
2096 2090 2234 2156 ἄνω
2294 2089 2476 2176 (431)
2529 2093 2686 2156 κατὰ
2744 2094 3026 2158 διάλυςιν

447 2195 629 2261 εἶπεν
675 2196 867 2261 «ὅςςα
913 2197 984 2261 δὲ
1027 2195 1242 2259 δίςκου
1287 2193 1492 2273 οὖρα»
1538 2197 1731 2259 τοῦτο
1777 2197 1897 2258 νῦν
1942 2194 2100 2258 κατὰ
2145 2193 2429 2259 ςύνθεςιν
2473 2194 2806 2273 ἐξήνεγκεν
2819 2220 2866 2260 ».

615 2295 1013 2368 Pronomina
1063 2294 1382 2361 reflexiva
1433 2296 1537 2374 ἔμ’
1589 2296 1787 2361 αὐτὸν
1843 2295 1877 2359 ἓ
1931 2294 2132 2360 αὐτὸν
2175 2293 2426 2380 reliqua
2481 2318 2737 2383 semper
2788 2295 3026 2362 Home-

445 2421 591 2463 rum
636 2400 795 2464 κατὰ
838 2398 1182 2477 παράθεςιν
1226 2397 1660 2483 pronunciare
1701 2394 2146 2482 compluribus
2193 2394 2354 2459 locis
2402 2395 2676 2464 adnotat
2708 2396 3029 2465 Herodia-

447 2522 604 2564 nus:
650 2503 701 2565 Α
728 2500 851 2565 271
897 2500 1043 2565 κατ’
1085 2499 1192 2580 ἔμ’
1236 2500 1462 2564 αὐτόν;
1511 2498 1717 2564 οὕτως
1761 2500 1919 2564 κατὰ
1963 2500 2305 2578 παράθεςιν
2350 2499 2422 2564 ἐν
2468 2500 2586 2565 δύο
2631 2501 2875 2585 τόνοις,
2921 2502 3029 2581 ἐμὲ

451 2603 669 2668 αὐτόν.
741 2603 1041 2668 ςύνθετος
1084 2602 1207 2680 γὰρ
1249 2601 1290 2679 ἡ
1334 2600 1698 2681 ἀντωνυμία
1741 2601 1916 2679 παρὰ
1963 2607 2056 2684 τῷ
2099 2608 2329 2685 ποιητῇ
2374 2601 2492 2665 οὐκ
2536 2601 2702 2667 ἔςτιν
2747 2610 2813 2665 et
2845 2600 2872 2664 Ι
2903 2602 3031 2666 342

449 2703 902 2768 Ascalonitam
956 2701 1600 2769 aoroo.scribentem
1653 2699 2072 2789 reprehendit
2124 2710 2470 2788 propterea
2522 2702 2695 2790 quod
2745 2704 3032 2785 Ὅμηρος

454 2807 769 2872 οὐδέποτε
814 2806 1092 2891 ςυνθέτῳ
1137 2807 1430 2885 κέχρηται
1474 2804 1855 2888 ἀντωνυμίᾳ.
1925 2805 2025 2869 διὸ
2069 2807 2172 2869 καὶ
2214 2806 2327 2870 τὰς
2357 2805 2652 2873 τοιαύτας
2697 2809 2854 2872 κατὰ
2898 2813 3031 2872 δια-

454 2912 634 2974 λυςιν
677 2907 1192 2985 ἀναγινώςκομεν
1241 2909 1382 2972 «καὶ
1425 2909 1713 2987 μαχόμην
1757 2907 1891 2971 κατ’
1934 2906 2041 2985 ἔμ’
2084 2907 2284 2972 αὐτὸν
2329 2908 2495 2985 ἐγώ»
2541 2905 2583 2970 l.
2631 2929 2686 2971 c.
2731 2911 2833 2973 καὶ
2880 2931 3033 2974 «πυ-

454 3011 691 3075 κάςαςα
732 3011 766 3073 ἓ
810 3009 1050 3088 αὐτήν.»
1099 3007 1210 3093 (Il.
1262 3009 1361 3090 17,
1405 3008 1585 3088 551).
2596 3019 2607 3030 ·

625 3109 729 3174 De
773 3109 1216 3176 numeralibus
1262 3109 1419 3174 haec
1446 3109 1761 3174 habemus
1807 3107 2167 3174 Herodiani
2213 3121 2588 3197 praecepta:
2637 3115 3037 3199 δυοκαίδεκα,

457 3210 638 3300 quod
681 3210 1058 3298 Pamphilus
1104 3212 1172 3276 in
1216 3221 1347 3276 tres
1392 3233 1589 3276 voces
1620 3210 1969 3292 disiunxit,
2017 3211 2138 3277 sub
2180 3235 2309 3277 uno
2344 3225 2615 3278 accentu
2644 3216 3040 3300 proferenda

458 3335 608 3378 esse
660 3322 928 3400 propter
981 3334 1176 3377 usum
1229 3323 1493 3399 poetae,
1562 3314 1674 3399 qui
1729 3312 2121 3398 appositicia
2184 3337 2378 3401 saepe
2441 3316 2796 3402 coniungat
2858 3316 3042 3382 velut

459 3418 890 3496 παςιμέλουςα
933 3417 979 3480 Β
1023 3414 1144 3480 557
1192 3415 1279 3480 cf.
1308 3413 1474 3480 Lob.
1522 3414 1731 3480 Elem.
1775 3414 1936 3497 5733
1982 3416 2127 3500 pari
2170 3416 2361 3481 modo
2406 3415 2734 3484 adiectiva
2776 3441 2858 3482 ex
2901 3440 3039 3482 oar-

462 3516 792 3582 dinalibus
845 3528 911 3581 et
965 3516 1395 3583 substantivis
1464 3517 1823 3604 composita
1889 3517 2010 3596 ὑφ’
2061 3517 2131 3583 ἕν
2188 3516 2557 3583 exhibenda
2599 3542 2741 3584 esse
2785 3522 2837 3586 O
2882 3521 3038 3585 678:

460 3622 543 3685 τὸ
598 3619 1196 3698 δυωκαιεικοςίπηχυ
1251 3620 1372 3700 ὑφ’
1436 3621 1510 3684 ἓν
1566 3618 2044 3695 ἀναγνωςτέον·
2108 3621 2262 3685 τοὺς
2320 3622 2442 3700 γὰρ
2498 3622 2801 3704 ἀριθμοὺς
2868 3623 3040 3688 οὕτω

461 3723 780 3802 προφέρει
836 3722 941 3785 διὰ
997 3726 1116 3786 τοῦ
1169 3725 1192 3786 ἰ
1245 3722 1335 3787 ὡς
1389 3721 1805 3799 εἰκοςινήριτα
1859 3721 1942 3801 (Χ
1986 3719 2173 3808 349),
2235 3720 2315 3785 de
2361 3745 2490 3808 qua
2534 3745 2694 3788 voce
2744 3725 2828 3789 cf.
2875 3723 3047 3788 Lob.

461 3822 678 3887 Elem.
723 3822 845 3887 587
892 3844 1090 3909 seqq„
1133 3825 1302 3889 τινὲς
1345 3824 1415 3889 δὲ
1459 3822 1558 3888 καὶ
1602 3824 1760 3920 κατᾲ
1803 3822 2181 3916 παράθεςιν,
2227 3824 2316 3889 ὡς
2360 3827 2461 3890 καὶ
2504 3830 2674 3904 τρεῖς
2717 3829 2820 3891 καὶ
2863 3827 3043 3891 δέκα·

461 3946 613 4009 τος,
662 3924 750 3990 ὥς
793 3946 863 3990 τε
907 3926 982 3991 τὸ
1025 3926 1304 4002 θηλυκὸν
1348 3927 1517 4004 τρεῖς
1559 3926 1662 3989 καὶ
1704 3925 1949 4003 δεκάτη.

678 4102 804 4159 m.
891 4102 992 4158 De
1032 4101 1336 4170 partium
1377 4101 1967 4159 indeclinabilium
2008 4116 2166 4159 cum
2207 4103 2732 4162 declinabffibus
2774 4109 2844 4162 et

1186 4202 1785 4261 indeclinabffibus
1829 4202 2326 4262 coniunctione.

643 4335 1002 4397 Adverbium
1046 4333 1239 4398 πάλιν
1297 4354 1443 4395 cum
1497 4331 1718 4397 verbis
1763 4353 1894 4397 non
1938 4334 2374 4419 componitur,
2436 4336 2553 4400 sed
2597 4358 2743 4400 cum
2785 4336 3048 4423 partici-

465 4434 633 4521 piis,
692 4455 893 4519 quare
946 4435 1531 4514 παλιντροπάαςθαι
1589 4432 1669 4497 Il.
1714 4434 1778 4499 Π
1821 4431 1934 4513 95,
1980 4434 2096 4499 ubi
2139 4456 2311 4499 nunc
2368 4447 2584 4502 exstat
2637 4441 2830 4505 πάλιν
2885 4460 3048 4518 τρω-

466 4539 735 4619 πᾶςθαι,
786 4534 1014 4600 Niciae
1068 4535 1393 4621 scriptura
1447 4535 1768 4616 reiicitur,
1836 4533 1916 4597 Il.
1964 4538 2015 4600 Α
2057 4536 2141 4600 59
2194 4541 2831 4621 παλιμπλαγχθέντας
2894 4551 2959 4606 ct
3000 4543 3051 4607 Λ

467 4637 601 4703 326
646 4639 1095 4717 παλινορμένω
1139 4636 1521 4724 probantur.
1610 4637 2167 4702 Adnotamentum
2184 4688 2203 4721 ,
2250 4663 2377 4726 quo
2422 4639 2841 4705 Herodianus
2887 4642 3056 4707 hanc

469 4737 689 4822 legem
746 4737 1112 4803 accuratius
1169 4762 1239 4803 se
1297 4737 1680 4825 exposuisse
1735 4739 1799 4804 Π
1855 4748 1922 4803 et
1972 4740 2023 4804 Λ
2076 4738 2119 4803 l.
2168 4764 2223 4805 c.
2283 4742 2474 4824 dicit,
2532 4741 2877 4824 intercidit.
2963 4744 3056 4809 Ut

469 4838 777 4906 adverbii
819 4843 1012 4906 πάλιν
1057 4863 1205 4906 cum
1248 4841 1449 4910 verbo
1494 4839 1965 4906 connexionem
2008 4841 2076 4904 in
2119 4844 2735 4936 παλιντροπάαςθαι,
2781 4846 2875 4910 sic
2918 4846 3055 4910 eius

548 4976 928 5013 annontauvs.
963 4962 1007 5016 1.
2611 4946 2655 5012 d
