3664 5546
571 279 700 347 438
1206 311 1219 324 ·
1510 277 1593 334 ΕΚ
1612 279 1770 365 ’ΤΩΝ
1812 277 2224 334 ΗΡΩΔΙΑΝΟΥ

573 450 681 536 (ΙΙ.
727 453 776 517 Λ
818 449 1004 535 463),
1072 452 1469 531 «ςμερδαλέα
1532 450 1773 530 ἰάχων»
1841 451 1913 532 (Ε
1955 450 2143 535 304),
2212 449 2571 532 «φθέγξομ’
2628 449 2798 527 ἐγὼν
2855 449 3164 529 ἰάχουςα»

574 552 682 637 (Il.
726 554 785 619 Φ
827 551 999 634 341).
1085 557 1286 618 ταῦτα
1340 555 1411 618 δὲ
1466 555 1569 618 καὶ
1615 554 1705 618 ὡς
1751 552 1883 618 ἀπὸ
1928 554 2430 633 περιςπωμένων
2475 554 2797 634 μέλλοντα
2848 557 3165 636 ποιοῦςιν,

576 656 843 739 ἰαχήςω,
890 656 1268 734 ςτεναχήςω.

742 758 838 823 Τὰ
880 757 971 824 εἰς
1010 758 1119 841 su]
1161 715 1671 839 ὑπερδιςύλλαβα
1698 721 1887 838 φύςει
1918 763 2125 842 μακρᾷ
2153 755 2651 837 παραληγόμενα
2693 758 2733 836 ἢ
2768 757 2928 836 παρ’
2958 756 3169 837 ὄνομα

514 873 548 926 5
577 860 738 926 ὄντα
781 861 820 940 ἣ
866 861 971 927 διὰ
1013 864 1131 926 τοῦ
1174 862 1295 940 ffw‘
1335 864 1742 943 περιςπᾶται,
1788 862 2179 942 ςτοναχῶ,
2227 864 2627 942 ςυμμαχῶ,
2671 855 3167 942 γνωςιμαχῶ,

576 963 905 1045 ἡνιοχῶ,
951 961 1197 1043 ὀμιχῶ
1241 963 1317 1028 τὸ
1350 963 1527 1041 οὐρῶ
1557 999 1643 1008 -
1677 961 1803 1027 ἔςτι
1851 964 1923 1027 δὲ
1966 964 2069 1027 καὶ
2113 962 2473 1043 βαρύτονον
2521 960 2688 1040 ῥῆμα
2732 960 2878 1026 οἷον
2925 961 3169 1042 ὀμίχω

577 1063 616 1132 ὁ
660 1064 913 1144 μέλλων
959 1063 1154 1144 όμίξω
1202 1065 1293 1129 ὼς
1336 1064 1497 1143 παρ’
1540 1063 1919 1130 Ἱππώνακτι
1965 1062 2111 1129 οἷον
2158 1062 2428 1143 «ὤμιξεν
2474 1061 2628 1142 αἷμα
2670 1063 2773 1126 καὶ
2814 1065 3016 1141 χολὴν
3048 1063 3168 1126 ἐτί-

580 1169 808 1245 ληςεν»
855 1162 1109 1249 (Bergk
1152 1164 1266 1248 55)
1321 1167 1423 1230 καὶ
1477 1167 1553 1232 τὸ
1599 1165 2171 1256 ἀναρριχᾷςθαι
2228 1167 2299 1230 δὲ
2343 1168 2483 1230 τοῖς
2531 1165 2834 1229 Ἀττικοῖς
2874 1165 3051 1243 παρὰ
3090 1165 3171 1229 τὸ

581 1266 854 1346 ἀρχαῖόν
898 1267 1022 1333 ἐςτι
1065 1268 1420 1347 γενόμενον
1465 1267 1752 1347 ἀραχνιῶ
1796 1269 1900 1333 καὶ
1943 1268 2014 1334 ἐν
2060 1268 2388 1346 ύπερθέςει
2431 1272 2565 1331 τῶν
2607 1265 2932 1345 ςτοιχείων
2976 1266 3171 1344 ἀναρ-

481 1380 547 1432 10
583 1373 775 1450 ριχῶ,
832 1373 950 1433 τοῦ
1008 1371 1122 1447 μὲν
1178 1372 1218 1433 ν’
1274 1369 1363 1434 εἰς
1408 1372 1525 1449 τὴν
1570 1371 1789 1449 χώραν
1834 1375 1951 1435 τοῦ
1995 1373 2031 1448 ἶ)
2076 1370 2404 1451 τεθέντος,
2459 1372 2579 1433 τοῦ
2636 1370 2707 1433 δὲ
2751 1368 2786 1430 ἶ
2828 1365 3176 1451 ἀμοιβαίως

487 1889 546 1940 15

485 2398 553 2449 20

582 1472 685 1535 καὶ
726 1475 842 1536 τοῦ
887 1474 927 1549 ὃ
970 1471 1060 1535 εἰς
1102 1471 1219 1549 τὴν
1264 1470 1483 1550 χώραν
1528 1475 1644 1535 τοῦ
1689 1474 1749 1554 V,
1794 1475 1912 1536 τοῦ
1958 1473 2029 1536 δὲ
2074 1473 2114 1551 5(
2159 1471 2427 1549 πληςίον
2470 1474 2590 1536 τοῦ
2637 1475 2708 1535 ff).
2771 1469 3172 1549 ςεςημείωται

581 1572 656 1637 τὸ
713 1571 1061 1650 ςτενάχω
1116 1571 1216 1637 καὶ
1272 1571 1480 1650 ἰάχω.
1568 1573 1644 1637 τὸ
1701 1574 1773 1637 δὲ
1828 1574 2122 1653 διδάχω
2188 1572 2424 1640 διδάξω
2491 1573 2610 1637 οὐκ
2676 1573 2747 1638 έν
2814 1571 3026 1650 χρήςει
3092 1571 3173 1635 ὃν

584 1673 938 1752 βαρύνεται.
2433 1691 2440 1700 ·

752 1775 847 1839 Τὰ
903 1774 992 1839 εἰς
1039 1760 1143 1839 'Ssu-
1183 1775 1529 1855 διςύλλαβα
1557 1778 2058 1856 παραληγόμενα
2100 1783 2191 1860 τῷ
2234 1780 2276 1855 ἦ
2319 1777 2689 1860 βαρύνεται,
2735 1777 2892 1854 ἧδω
2922 1775 3176 1858 ἥδομαι,

582 1877 790 1954 κήδω
835 1876 1136 1959 κήδομαί,
1181 1877 1258 1941 τὸ
1304 1878 1375 1942 δὲ
1420 1881 1637 1957 πηδῶ
1683 1883 2074 1956 περιςπᾶται.
2605 1865 2632 1880 “

752 1977 847 2042 Τὰ
903 1977 992 2042 εἰς
1048 1965 1144 2043 δῖ)
1190 1979 1533 2060 διςύλλαβα
1577 1980 1815 2059 ἔχοντα
1858 1983 1974 2059 τὴν
2020 1983 2148 2059 πρὸ
2192 1981 2421 2046 τέλους
2465 1980 2553 2046 εἰς
2597 1981 2674 2045 τὸ
2721 1985 2754 2046 ἒ
2783 1981 3177 2059 καταλήγου-

587 2099 700 2145 ςαν
746 2082 1152 2164 περιςπᾶται,
1198 2081 1349 2145 ἐδῶ
1396 2080 1638 2165 ἐδήςω,
1684 2087 1918 2166 μεδῶ,
1965 2082 2028 2149 ἐξ
2075 2081 2155 2147 οὗ
2198 2083 2274 2147 τὸ
2320 2083 2597 2165 μεδέων,
2644 2084 2911 2161 μεδήςω.
2977 2086 3180 2145 ταῦτα

586 2183 657 2246 δὲ
713 2181 1035 2262 βαρύτονα
1090 2182 1387 2258 λέγονται
1453 2182 1603 2248 ἔδω
1668 2184 1772 2248 καὶ
1826 2185 2050 2264 μέδω.
2139 2184 2232 2248 ἔτι
2279 2184 2614 2262 βαρύνεται
2669 2185 2745 2248 τὸ
2814 2182 3016 2261 ρέδω
3077 2184 3183 2246 καὶ

587 2285 851 2349 ςκέδω.
1291 2337 1309 2359 ,
2618 2347 2632 2356 ,

754 2387 899 2451 Πᾶν
955 2385 1045 2450 εἰς
1074 2373 1186 2478 ,δι-ι]
1247 2388 1450 2464 λῆγον
1506 2387 1663 2468 ἔχον
1716 2390 1835 2468 τὴν
1889 2390 2018 2467 πρὸ
2082 2388 2310 2452 τέλους
2378 2388 2693 2467 ςυλλαβὴν
2758 2386 2846 2452 εἰς
2913 2389 3183 2466 φωνῆεν

592 2486 910 2565 λήγουςαν
968 2490 1124 2566 μετὰ
1181 2489 1491 2569 βραχείας
1529 2491 1608 2555 οὐ
1656 2490 2025 2571 βαρύνεται,
2083 2488 2249 2553 ἀλλὰ
2303 2491 2713 2571 περιςπᾶται,
2772 2489 2862 2554 ὡς
2917 2489 3049 2566 ἔχει
3103 2489 3183 2552 τὸ

592 2592 972 2671 ςταφιδῶ,
1029 2588 1325 2673 ὁμαδῶ,
1382 2593 1703 2655 κελαδῶ.
1789 2592 1866 2656 τὸ
1924 2593 1996 2654 δὲ
2057 2590 2347 2655 κελάδων
2399 2590 2791 2656 κελάδοντος
2838 2591 3010 2668 «πὰρ
3062 2610 3186 2654 πο-

594 2775 684 2827 καί
721 2779 1135 2841 παρατατικοθ,
1190 2776 1257 2829 ού
1297 2776 1488 2840 μέντοι
1528 2777 2055 2843 περιςπαςθήςεται,
2094 2777 2175 2830 ὡς
2209 2776 2387 2829 οἴεται
2423 2776 2770 2843 Τυραννίων.
2841 2777 3077 2830 διδάςκει
3113 2777 3190 2829 τὰ

593 2842 872 2908 κινήματα
919 2844 1120 2908 «ἡμεῖς
1166 2844 1228 2896 δὲ
1283 2842 1607 2908 ἰάχοντες»·
1675 2844 1724 2897 εἰ
1776 2845 1838 2898 δὲ
1884 2847 2224 2910 περιεςπᾶτο
2306 2845 2385 2897 ὡς
2430 2849 2701 2898 νοοῦντες
2745 2844 2989 2908 ἐγίνετο,
3048 2843 3190 2897 «ἐπὶ

594 2910 799 2975 δ’ἴαχε
836 2910 973 2964 λαὸς
1012 2912 1251 2964 ὅπιςθε»
1289 2913 1376 2975 (Il.
1418 2912 1459 2965 Ν
1498 2914 1647 2977 834),
1685 2913 1848 2978 «τρὶς
1884 2912 1944 2964 δ’
1979 2913 2141 2965 κτλ.»
2177 2885 2363 2965 οιὶἷτως
2409 2912 2513 2965 οὖν
2552 2915 2642 2965 καὶ
2678 2912 2997 2977 «φθέγξομ’
3032 2910 3191 2975 ἐγὼν

596 2977 866 3043 ἰάχουςα»
902 2978 1210 3044 ὀφείλομεν
1247 2980 1712 3045 προπαροξύνειν.
1748 3008 1815 3017 —-
1851 2981 1887 3031 1.
1927 2984 1958 3031 2
2004 2981 2082 3032 ὡς
2123 2986 2253 3031 ante
2300 2980 2415 3032 ἀπὸ
2462 2980 2911 3046 περιςπωμένων
2960 2985 3017 3031 et
3062 2978 3188 3043 μέλ·

595 3048 772 3099 λοντα
809 3050 1063 3100 ποιοῦςιν
1100 3065 1170 3098 ex
1206 3050 1430 3099 Lascar.
1470 3051 1583 3111 168,
1621 3052 1687 3100 28
1724 3051 1974 3101 inserui..
2173 3050 2208 3100 l.
2246 3052 2277 3098 6
2314 3048 2427 3100 ἔςτι
2463 3048 2524 3101 δὲ
2560 3048 2650 3100 καὶ
2688 3048 3000 3114 βαρύτονον
3035 3048 3190 3112 ῥῆμα

596 3112 720 3166 οἷον
756 3113 937 3179 όμίχω
974 3143 1041 3151 -
1079 3113 1332 3180 ἑτίληςεν
1370 3115 1560 3166 addidi
1599 3133 1665 3166 ex
1704 3118 1765 3167 E.
1792 3119 1865 3169 M.
1891 3119 2015 3178 624,
2045 3119 2110 3166 26
2146 3117 2216 3166 cf.
2256 3116 2443 3181 Bergk
2480 3117 2553 3166 ad
2588 3117 2624 3169 l.
2654 3133 2699 3168 e.
2739 3117 2830 3168 καὶ
2867 3116 2936 3168 τὸ
2963 3114 3191 3180 ἀναρρι-

595 3184 789 3246 χᾶςθαι
826 3199 1000 3248 usque
1036 3185 1140 3234 τοῦ
1180 3188 1227 3233 su
1264 3184 1298 3234 1.
1338 3187 1396 3234 11
1436 3184 1618 3234 adieci
1663 3203 1732 3235 ex
1769 3183 1948 3235 Schol.
1985 3183 2152 3234 Arist.
2189 3186 2317 3237 Pac.
2355 3188 2447 3246 70,
2493 3185 2581 3234 cui
2628 3185 3024 3235 adnotamento
3061 3185 3193 3233 eub-

599 3252 864 3315 scriptum
902 3257 989 3301 est
1024 3254 1206 3302 ταῦτα
1245 3250 1587 3315 Ἡρωδιανὸς
1625 3251 1686 3303 ἐν
1721 3255 1806 3318 τῷ
1847 3243 1916 3306 ις’
1949 3253 2052 3315 τῆς
2090 3250 2350 3304 καθόλου.
2396 3253 2461 3302 In
2493 3252 2634 3302 libro
2661 3253 2790 3316 περὶ
2816 3253 3018 3303 παθῶν
3045 3251 3196 3301 hanc

600 3318 1051 3400 explicationem,
1100 3334 1261 3383 quam
1307 3322 1376 3371 ab
1428 3319 1537 3369 alio
1590 3320 1843 3371 technieo
1899 3321 2023 3370 sive
2078 3320 2315 3384 Didymo
2369 3320 2487 3371 sive
2533 3321 2578 3368 A
2618 3319 2823 3370 ollonio
2877 3326 3198 3384 acceperat,

597 3388 871 3516 ἰτιέρέὗὲιῖιῗ
897 3386 1730 3518 ἓὲῗθέῗόῗιεξΐξξὲτῗὲἓεάξᾶχῦἓς
1739 3391 1890 3507 θ’ῗοῑέ
1897 3385 2418 3518 3πῖνςῗριξαῗᾶξιὲἕὲίν
2433 3384 3196 3518 ‘fflffiffissssggdssgggffffffif

599 3535 691 3571 ναι
727 3521 870 3584 πρὸς
905 3520 975 3571 τὸ
1012 3521 1348 3585 πρόςαντες·
1392 3520 1638 3589 ἀραχνιῶ
1677 3520 2034 3587 ἀραχνιᾶςθαι
2079 3522 2170 3573 καὶ
2214 3520 2605 3586 ἀναρριχᾶςθαι
2649 3522 2827 3574 ταύτό
2875 3521 3037 3574 ἐςτιν.
3096 3522 3197 3572 οὕ-

598 3600 733 3707 ἑῖἳῗ»
759 3587 1817 3720 222333Q3„3ffi{0<?<32251¹⁹33’333
1866 3587 2297 3721 ’(ἓὲῗέαέῆὲὲέ
2342 3588 2742 3722 ῗῧιρῖἔᾶἶὲκῗτὶ
2769 3589 3198 3709 ’Ἰνῖῖῗὲἱῖἅὲἓζί

602 3721 934 3787 ἀρριχῶμαι·
971 3722 1160 3774 ἄλλως
1195 3723 1300 3774 οὖν
1327 3671 1740 3789 ἓςχημάτιςται.
1811 3672 2034 3789 ἆέριχος
2071 3723 2293 3793 λέγεται
2338 3724 2371 3776 ὁ
2407 3724 2668 3790 κόφινος,
2717 3672 2778 3777 ἐξ
2827 3725 2874 3790 ᾧ
2913 3723 3198 3788 κομίζουςι

601 3788 738 3842 τοὺς
775 3789 1002 3854 βότρυς·
1042 3789 1099 3842 ἐξ
1135 3790 1313 3842 αὐτοῦ
1352 3788 1560 3855 ἀρριχῶ
1608 3792 1697 3843 καί
1743 3791 2043 3856 ἀναρριχῶ.
2113 3791 2248 3843 ἀλλ’
2282 3791 2386 3844 οὖν
2430 3806 2496 3855 γε
2542 3792 2698 3843 οὕτω
2744 3792 3006 3856 κρεῖττόν
3041 3791 3199 3843 ἐςτιν

603 3857 921 3922 ἀρριχᾶςθαι
958 3857 1049 3908 καὶ
1085 3857 1491 3924 ἀναρριχᾶςθαι.
1561 3859 1749 3911 οὕτως
1787 3858 2131 3924 Ἡρωδιανὸς
2178 3858 2240 3910 ἐν
2283 3863 2370 3925 τῷ
2416 3861 2545 3925 περὶ
2591 3862 2808 3911 παθῶν.
2845 3876 2911 3897 -ι-
2948 3861 2983 3911 1.
3023 3862 3085 3910 12
3123 3860 3196 3911 de

603 3923 810 3988 διδάχω
856 3926 927 3975 cf.
975 3925 1152 3979 Cram.
1199 3928 1299 3980 An.
1353 3928 1453 3977 Ox.
1498 3929 1574 3978 IV
1619 3930 1719 3979 338
1763 3930 1820 3978 in
1869 3929 2064 3993 fragm.
2113 3927 2241 3992 περὶ
2288 3925 2537 3979 ἀκλίτων
2582 3928 2855 3993 ῥημάτων
2897 3930 3197 3992 inscripto:

603 3993 676 4044 τὰ
723 3989 802 4043 εἰς
844 3998 956 4045 ’ςκω
996 3992 1120 4058 ἄχρι
1169 3997 1552 4059 παρατατικοῦ
1602 3993 1850 4047 κλίνεται
1893 3994 2155 4060 γηράςκω
2199 3994 2492 4060 τιτρὼςκω
2541 3996 2631 4046 καὶ
2679 3995 2823 4048 ἄλλα
2871 3994 3196 4060 πάμπολλα.

604 4060 674 4112 τὸ
720 4059 978 4125 δεδίδαχα
1022 4061 1126 4113 οὐκ
1171 4060 1389 4126 ὀφείλει
1433 4061 1549 4114 ἀπὸ
1593 4066 1696 4114 τοῦ
1753 4061 1993 4115 διδάςκω
2040 4061 2418 4116 κανονίζεςθαι
2464 4061 2599 4114 ἀλλ’
2643 4061 2758 4115 ἀπὸ
2813 4066 2918 4115 τοῦ
2965 4061 3224 4125 διδάχω,-

606 4129 771 4181 ἔνθεν
808 4128 843 4192 ή
882 4128 1077 4194 διδαχή
1116 4128 1195 4183 ὡς
1233 4128 1372 4193 ἰάχω
1411 4128 1557 4195 ἰαχή.
1627 4132 1697 4182 τὸ
1732 4131 1793 4182 δὲ
1830 4130 2144 4195 διδαςκῆςαι
2188 4130 2332 4195 παρ’
2367 4130 2600 4198 Ἡςιόδψ
2637 4132 2785 4197 (opp.
2824 4132 2930 4196 64),
2964 4130 3042 4182 ὡς
3077 4128 3200 4182 ἀπὸ

606 4196 1038 4260 περιςπωμένου
1082 4197 1318 4250 διδαςκῶ
1365 4197 1444 4250 ὡς
1489 4197 1604 4249 ἀπὸ
1642 4201 1747 4250 τοῦ
1786 4197 1937 4250 ἀςκῶ
1985 4196 2230 4263 ἀςκήςω·
2284 4197 2440 4250 οὕτω
2486 4198 2547 4250 δὲ
2583 4199 2675 4250 καὶ
2718 4199 2789 4250 τὸ
2826 4197 3077 4263 βοςκήςω
3113 4196 3202 4249 ὡς

606 4262 722 4315 ἀπὸ
760 4265 940 4327 βοςκῶ
981 4265 1420 4329 περιςπωμένου,
1492 4265 1563 4317 τὸ
1608 4266 1715 4331 γὰρ
1761 4265 2075 4331 βαρύτονον
2120 4264 2351 4318 ἄκλιτον
2395 4264 2678 4318 ἐπίςταςιν
2725 4265 2852 4330 ἔχει.
3056 4265 3091 4314 l.
3136 4268 3201 4317 17

608 4329 665 4383 ἐξ
701 4330 769 4382 οὔ
813 4331 883 4383 τὸ
917 4333 1149 4396 εμεδέων
1196 4350 1319 4384 eum
1362 4334 1630 4415 Thesauf.
1666 4338 1714 4385 V
1748 4351 1777 4385 ο
1811 4336 1912 4384 664
1945 4335 2023 4397 D,
2068 4337 2132 4383 ut
2174 4335 2348 4385 refert
2395 4334 2637 4385 Schmidt
2680 4335 2752 4385 ad
2797 4334 2850 4385 h.
2887 4333 2952 4396 l.,
2997 4333 3205 4397 scripsi

606 4416 705 4519 εἷιῗ
745 4399 1626 4534 ἅῗέιὲίςῖικῶεδὲἑῖύτῖξῖοεὲαὶ
1641 4403 2121 4535 effrekntffresssseff?
2136 4402 2739 4535 ’cizss‘kassgbuE‘oae‘
2776 4404 2911 4521 εὗίἷῗ,
2926 4403 3000 4521 τί
3042 4400 3203 4532 ξιτεεῖιῗ

610 4533 881 4598 ςπώμενα
936 4536 1036 4587 An.
1096 4539 1196 4589 Ox.
1253 4540 1307 4589 11
1361 4541 1485 4601 400,
1543 4539 1591 4588 6.
1644 4566 1711 4575 -
1765 4536 1943 4602 ρέδω,
2010 4536 2154 4602 quod
2213 4537 2457 4588 Lobeek.
2512 4538 2702 4589 Rhem.
2755 4540 2820 4588 72
2887 4552 2983 4602 pro
3038 4535 3203 4587 πέδω

613 4604 930 4669 emendavit
965 4605 1134 4655 etiam
1168 4604 1328 4669 ψέδω
1365 4604 1651 4670 φροντίζω
1688 4606 1930 4670 Hesych.
1969 4606 2295 4657 dubitanter
2330 4619 2663 4671 proponens,
2700 4610 2758 4655 et
2791 4604 2968 4656 ςκέδω
3005 4603 3206 4655 addidi

611 4686 681 4720 ex
716 4671 964 4737 Theogn.
1003 4675 1125 4735 140,
1162 4676 1245 4724 32.
1454 4675 1489 4725 l.
1526 4676 1592 4724 22
1637 4674 1835 4725 Aroad.
1879 4675 2049 4725 habet
2086 4673 2296 4735 όμαδῶ.
2365 4675 2540 4724 τοῦτο
2577 4672 2668 4724 καὶ
2704 4671 2820 4724 ἀπὸ
2866 4670 3203 4737 βαρυτόνου.

612 4738 855 4789 Lobeck.
894 4739 1081 4790 Rhem.
1118 4743 1181 4790 ⁷1
1219 4745 1346 4806 apte
1384 4741 1604 4793 κελαδῶ
1640 4743 1974 4808 interposuit
2006 4747 2132 4808 post
2168 4741 2363 4804 όμαδῶ
2402 4747 2460 4791 et
2496 4738 2576 4791 ὡς
2611 4744 2737 4807 post
2772 4738 2877 4791 καί.
2945 4741 3072 4805 Ipse
3110 4753 3204 4791 κε-
