3664 5546
1202 408 1359 464 ΠΕΡΙ
1392 408 1783 465 ΚΑΘΟΛΙΚΗ(
1818 408 2241 463 ΠΡΟΕΩιΔΙΑ(
2280 411 2339 462 Α.
2975 408 3058 473 27

477 582 772 659 λέγονται
818 583 921 649 καὶ
961 583 1225 662 Ἴςςηδοι
1269 581 1713 662 τριςυλλάβως.
1803 581 1932 646 ἔςτι
1976 581 2077 646 καὶ
2122 581 2407 660 Ἰςςηδών
2452 580 2655 646 πόλις.
2717 582 3056 662 Τενθρη-

476 686 633 751 δών
677 685 945 764 Πρόθου
989 686 1213 764 πατήρ.
1298 683 1729 763 (αρπηδών
1771 683 1945 763 ἥρως
1988 684 2093 748 καὶ
2135 683 2336 763 πέτρα
2380 685 2481 749 καὶ
2525 682 2681 763 ἀκτὴ
2726 686 2830 750 καὶ
2870 690 3061 765 νῆςος

476 790 567 854 ὡς
633 788 807 867 παρὰ
870 787 1193 869 (οφοκλεῑ
1259 786 1329 852 ἐν
1393 786 1846 865 Αἰχμαλωτίςιν
1913 785 2153 866 εἴρηται
2210 785 2605 865 «(αρπηδὼν
2674 785 2829 867 ἀκτή
2845 813 2888 852 ».
2989 787 3059 855 ἐν

474 891 938 970 Τυμπανισταῖς
984 890 1201 969 «ἡμεῖς
1245 889 1314 955 δ’
1344 887 1414 955 ἐν
1444 887 1733 972 ἄντροις,
1778 888 1936 954 ἔνθα
1965 888 2319 969 Εαρπηδὼν
2362 888 2624 968 πέτρα».
2669 891 2771 954 καὶ
2799 890 2838 969 ἡ
2870 894 3060 970 νῆςος

477 992 648 1059 ἰδίως
706 992 776 1059 ἐν
834 992 1117 1077 Ὠκεανῷ
1176 991 1515 1071 Γοργόνων
1572 991 1937 1071 οἰκητήριον
1994 990 2151 1056 ούςα
2209 991 2298 1056 ώς
2352 991 2391 1055 ὁ
2456 992 2561 1056 τὰ·
2592 990 2834 1071 Κύπρια
2877 992 3053 1072 φηςί·
3083 997 3116 1048 5

778 1102 871 1180 τῷ
916 1095 984 1160 δ’
1028 1094 1471 1173 ύποκυςαμένη
1514 1093 1655 1159 τέκε
1701 1092 2053 1176 Γοργόνας,
2099 1092 2247 1159 αἰνὰ
2290 1093 2584 1177 πέλωρα,

779 1199 845 1262 αἳ
890 1197 1272 1278 Εαρπηδόνα
1313 1199 1503 1262 ναῖον
1548 1196 1619 1262 ἐν
1663 1194 1929 1279 ὠκεανῷ
1975 1196 2307 1280 βαθυδίνῃ,

780 1304 975 1380 νῆςον
1019 1301 1421 1379 πετρήεςςαν.

476 1403 804 1484 ἀκηδών.
834 1402 1024 1467 -τό
1071 1404 1143 1467 δὲ
1187 1402 1617 1500 (αρ’ήδων
1662 1401 1769 1466 καὶ
1812 1399 2152 1479 Ἀκήδων
2198 1400 2408 1481 ὄνομα
2452 1405 2748 1481 ποταμοῦ
2792 1402 2897 1467 διὰ
2941 1405 3058 1466 τοῦ

478 1525 669 1570 οντος
715 1505 1056 1586 κλινόμενα
1101 1505 1486 1585 βαρύνονται
1533 1502 2063 1583 «Εαρπήδοντος»
2112 1499 2222 1585 (ΙΙ.
2270 1503 2333 1568 Μ
2378 1501 2555 1586 379).
3098 1513 3163 1565 10

648 1631 686 1667 fl·
730 1608 824 1672 Τὰ
867 1608 973 1672 διὰ
1013 1611 1131 1672 τοῦ
1162 1593 1366 1673 ἶιῖδω-ιῖ
1413 1606 1781 1689 βαρύνεται,
1813 1605 2291 1688 Θερμώδων,
2336 1604 2463 1671 ἔςτι
2509 1607 2580 1671 δὲ
2622 1604 2832 1686 ὄνομα
2860 1627 3058 1672 ποτα-

477 1714 632 1794 μοῦ,
681 1710 1151 1793 Χαλκώδων,
1197 1709 1632 1792 ἀμφώδων,
1679 1707 2217 1787 κρατερώδων.

645 1812 740 1877 Τὰ
784 1812 871 1877 εἰς
915 1800 1044 1880 ’ζῖιῖν
1091 1813 1374 1904 λήγοντα
1418 1809 1712 1889 ἀρςενικὰ
1758 1810 2127 1890 βαρύνεται,
2173 1809 2370 1875 ὁπότε
2415 1812 2497 1890 μὴ
2544 1809 2642 1890 εἴη
2688 1811 3057 1890 ὑπερδιςύλ-

479 1917 643 1995 λαβα
685 1916 788 1979 καὶ
829 1916 957 1993 πρὸ
1000 1915 1228 1979 τέλους
1271 1913 1410 1992 ἔχοι
1467 1913 1708 1991 μακρὸν
1764 1914 1840 1978 τὸ
1887 1917 1928 1975 ἇ
1982 1912 2021 1990 ἢ
2075 1911 2261 1977 πόλει
2317 1913 2643 1993 όμωνυμεῑ
2698 1912 2844 1980 οἷον
2901 1916 3057 1994 μεί·

478 2021 661 2098 ζων,
716 2015 973 2084 Ῥίζων
1040 2015 1079 2081 ὁ
1140 2019 1259 2080 τοῦ
1319 2015 1573 2093 Κάδμου
1637 2015 1775 2081 υἱὸς
1838 2015 1941 2078 καὶ
2002 2013 2188 2102 πόλις
2242 2015 2541 2094 Ἰλλυρίας
2604 2017 2709 2080 καὶ
2774 2018 3058 2096 ποταμὸς
3097 2030 3160 2082 15

478 2115 850 2201 ὁμώνυμος,
894 2118 1135 2185 Ὀζων
1190 2117 1400 2198 ὄνομα
1453 2121 1780 2200 ποταμοῦ,
1824 2117 2068 2184 Ἄζων
2124 2117 2412 2196 ποταμὸς
2467 2117 2693 2183 Λυκίας
2749 2120 2852 2184 καὶ
2907 2124 3058 2186 παῖς

477 2221 879 2299 Ἡρακλέους.
988 2219 1327 2299 Ὑψίζων
1400 2218 1609 2300 ὄνομα
1682 2223 2009 2302 ποταμοῦ,
2079 2218 2393 2286 Ἁλίζων
2459 2219 2665 2284 ἔθνος.
2773 2220 3058 2301 Ὅμηρος

480 2323 719 2388 «αὐτὰς
761 2322 1120 2389 Ἁλιζώνων
1163 2321 1374 2387 Ὁδίος
1420 2323 1523 2386 καὶ
1553 2320 1969 2402 Ἐπίςτροφος
2002 2320 2246 2400 ἦρχον»
2296 2318 2405 2404 (11.
2437 2320 2500 2402 2,
2533 2320 2713 2406 856).
2774 2324 3058 2403 Ἔφορος

480 2423 719 2503 οἰκῆςαί
763 2445 913 2504 φηςι
958 2426 1109 2489 τούς
1153 2424 1493 2491 Ἁλίζωνας
1535 2425 1652 2503 τὴν
1697 2423 2015 2502 παραλίαν
2070 2425 2187 2501 τὴν
2233 2424 2461 2502 μεταξὺ
2509 2424 2747 2491 Μυςίας
2792 2427 2895 2490 καὶ
2942 2427 3057 2491 Κα-

480 2527 616 2606 ρίας
669 2527 772 2590 καὶ
815 2526 1043 2592 Λυδίας
1096 2525 1406 2606 κειμένην.
1494 2524 1733 2605 εἴρηται
1790 2527 1862 2589 δὲ
1907 2524 2131 2590 οὕτως·
2157 2525 2256 2591 ὅτι
2312 2526 2351 2605 ἡ
2396 2530 2476 2605 γῆ
2521 2527 2737 2591 αὐτῶν
2783 2529 3056 2613 θαλάςςῃ
3091 2537 3161 2589 20

480 2607 801 2694 δἰέζωςται
847 2630 948 2693 καὶ
992 2627 1194 2694 οἱονεὶ
1237 2626 1621 2706 χερρόνηςός
1666 2626 1862 2709 ἐςτιν,
1909 2627 2036 2693 ὑπὸ
2081 2631 2199 2692 τοῦ
2243 2627 2539 2695 Εὐξείνου
2595 2633 2708 2708 τῆς
2750 2630 3061 2709 Προπονα

478 2730 650 2797 τίδος
694 2732 1088 2811 διεζωςμένη.
1178 2730 1640 2811 Ἐπαφρόδιτος
1697 2730 1768 2794 δὲ
1811 2728 2129 2798 ἀλαζόνας
2184 2730 2360 2797 τινὰς
2415 2728 2580 2798 εἶναι
2634 2731 2872 2801 αὐτοὺς
2930 2733 3058 2799 ὑπὸ

759 2906 882 2913 ——-—--

480 3009 596 3069 272,
639 3007 728 3070 18,
770 3005 838 3056 de
887 3019 993 3070 qno
1038 3003 1388 3055 Herodianus
1433 3004 1491 3055 in
1537 3003 1679 3054 libro
1727 3002 1856 3068 περὶ
1902 3005 2105 3055 παθῶν
2150 3004 2209 3053 in
2252 3005 2316 3055 E.
2352 3006 2426 3056 Μ.
2480 3007 2590 3068 157,
2628 3009 2709 3059 33.
2779 3004 3061 3074 Επληδών

481 3075 645 3125 affert
680 3075 848 3125 etiam
883 3073 1128 3138 Theogn.
1165 3074 1249 3134 31,
1286 3075 1370 3127 33.
1429 3069 1679 3137 Ἰςςηδών
1716 3071 1795 3122 St.
1834 3073 1896 3122 Β.
1936 3076 1993 3122 et
2024 3072 2170 3124 Mon.
2209 3074 2258 3133 9,
2300 3074 2377 3124 18.
2434 3072 2774 3138 Τενθρηδών
2809 3076 3058 3144 Theogn.

481 3148 538 3192 et
572 3145 718 3194 Mon.
755 3145 805 3198 9,
845 3143 936 3204 173
975 3137 1291 3205 (αρπηδών
1326 3140 1472 3191 Μο11.
1511 3144 1560 3200 9,
1598 3142 1645 3191 7.
1716 3138 1947 3205 ἀκηδών
1982 3155 2156 3206 usque
2192 3140 2264 3190 ad
2300 3140 2461 3192 finem
2496 3141 2741 3209 Theogn.
2780 3146 2864 3206 32,
2901 3148 2964 3196 31
3005 3151 3063 3196 et

480 3211 544 3261 11.
572 3213 659 3263 Pr.
688 3210 744 3263 Μ
773 3212 891 3261 379.
1027 3209 1064 3259 1.
1104 3211 1164 3259 11
1203 3224 1270 3258 ex
1308 3208 1500 3260 Choer.
1541 3210 1620 3267 76,
1658 3211 1689 3260 9
1726 3209 1930 3259 collato
1967 3208 2046 3262 St.
2084 3210 2246 3265 Β.,οῐ
2278 3209 2345 3261 Il.
2372 3211 2462 3261 Pr.
2499 3209 2536 3260 l.
2573 3226 2640 3270 c.,
2677 3212 2802 3262 ubi:
2839 3211 3060 3278 (Σαρπή-

481 3279 707 3331 δοντος;
746 3275 907 3343 τρίτη
944 3276 1059 3328 ἀπὸ
1095 3275 1295 3328 τέλους
1334 3275 1368 3338 ἡ
1407 3273 1585 3339 ὀξεῖα,
1625 3274 1703 3327 ὡς
1741 3274 2172 3328 Χαλκώδοντος·
2219 3276 2287 3327 οὐ
2322 3276 2429 3342 γὰρ
2465 3276 2698 3330 δύναται
2735 3277 2818 3331 ἔτι
2853 3278 3060 3344 φυλάς-

485 3348 665 3399 ςεςθαι
702 3345 734 3398 ό
769 3345 939 3397 τόνος
973 3347 1077 3410 τῆς
1114 3343 1477 3412 (αρπηδόνος
1514 3346 1736 3409 γενικῆς
1773 3344 1863 3396 διὰ
1896 3343 1966 3395 τὸ
2005 3343 2285 3410 μηδέποτε
2323 3345 2395 3397 τὰ
2431 3344 2511 3398 είς
2537 3349 2623 3396 EN
2657 3345 2914 3411 ὀνόματα
2937 3348 3060 3403 ὀξύ-

482 3430 622 3466 τονα
658 3413 1001 3477 ἐπιδέχεςθαι
1035 3413 1144 3478 τὴν
1179 3412 1267 3464 διὰ
1301 3414 1405 3464 τοῦ
1442 3415 1476 3464 ’T-
1512 3411 1700 3464 κλίςιν.
1772 3410 1937 3464 ἔνθεν
1963 3411 2069 3477 γὰρ
2105 3412 2174 3464 τὸ
2212 3410 2361 3464 ἑκών
2390 3413 2615 3480 μετοχή.
2739 3416 2775 3467 1.
2806 3420 2868 3469 13
2902 3424 2967 3469 ut
2993 3435 3060 3469 ex

482 3484 884 3549 comparatione
921 3481 1260 3548 Theognosti
1295 3486 1352 3532 et
1378 3481 1742 3534 Choerobosci
1777 3487 2035 3547 apparet,
2073 3482 2153 3533 sic
2175 3481 2527 3534 Herodianus
2563 3484 2629 3535 de
2665 3484 2978 3538 nominibus
3003 3488 3060 3537 in

481 3571 597 3622 ζων
633 3568 925 3619 docuerat?
963 3565 1244 3629 bissyllaba
1279 3582 1402 3617 esse
1438 3568 1742 3630 barytona,
1779 3570 1843 3617 ut
1887 3563 2092 3629 μείζων
2128 3564 2316 3619 Ὄζων
2351 3566 2564 3629 Ἀζων,
2609 3568 3060 3635 hyperdisyllaba

481 3638 616 3688 item
652 3652 774 3688 esse
810 3637 1078 3701 barytona
1115 3634 1271 3684 velut
1305 3632 1539 3687 Ἀλίζων
1575 3632 1851 3698 Ὑψίζων,
1897 3636 2008 3685 nisi
2054 3636 2112 3685 in
2154 3634 2492 3701 paenultima.
2529 3640 2564 3687 ἃ
2598 3638 2920 3703 productum
2965 3640 3059 3690 ha·

482 3707 668 3767 beant,
708 3704 852 3769 quod
889 3704 947 3754 in
975 3699 1229 3765 Ἀμαζών
1256 3706 1313 3752 et
1346 3701 1570 3756 ἀλαζών
1607 3703 1756 3753 cadit
1780 3704 1900 3770 ipso
1924 3703 2244 3755 Herodiano
2276 3704 2336 3755 in
2360 3704 2543 3755 Dichr.
2570 3708 2689 3768 292,
2716 3709 2781 3758 10
2805 3708 3060 3758 tradente

482 3778 539 3825 et
573 3773 789 3824 urbium
824 3771 1134 3822 nominibus
1170 3773 1440 3835 exceptis,
1496 3786 1638 3836 quae
1685 3771 1754 3822 ab
1801 3771 2142 3836 homonymis
2187 3772 2476 3836 barytonis
2520 3773 2885 3826 discernenda
2928 3777 3058 3840 sint,

482 3842 626 3908 qnod
675 3840 832 3891 valet
875 3841 943 3890 de
986 3836 1220 3892 Ὀλιζών
1265 3836 1484 3893 ὁλίζων.
1568 3843 1690 3904 Quo
1743 3839 1984 3890 concidit
2028 3840 2294 3890 Lobeckii
2341 3840 2410 3890 ad
2454 3841 2538 3892 Αἰ.
2580 3843 2679 3893 170
2722 3844 3055 3908 coniectura,

483 3927 549 3961 ex
587 3926 695 3976 qua
729 3925 827 3975 pro
864 3905 1068 3970 μείζων
1120 3907 1360 3958 scribere
1407 3907 1585 3958 voluit
1623 3905 1905 3970 Ἀμαζὼν,
1951 3907 2277 3958 existimans
2321 3908 2422 3959 hoc
2464 3908 2585 3961 loco
2631 3912 2955 3962 vocabulum
3001 3915 3060 3963 in

483 3977 819 4045 paenultima
853 3977 1072 4042 longum
1107 3979 1142 4026 ἃ
1177 3975 1389 4026 habens
1423 3977 1826 4026 commemorari
1864 3976 2064 4027 debere
2102 3974 2269 4040 (quod
2314 3982 2521 4027 rectum
2556 3978 2776 4043 quidem
2807 3974 2924 4041 est,
2963 3980 3060 4031 sed

487 4043 740 4109 Ἀμαζών
775 4045 972 4096 lacuna
1007 4060 1094 4109 ap.
1131 4043 1421 4094 Arcadium
1456 4044 1729 4107 haustum,
1767 4060 1877 4094 non
1914 4059 2011 4108 pro
2049 4042 2254 4106 μείζων
2290 4044 2599 4110 ponendum
2637 4047 2744 4108 est)
2783 4053 2839 4097 et
2865 4046 3061 4099 Ῥίζων

484 4122 540 4166 et
575 4113 761 4167 Ἀζων
795 4117 1087 4179 propterea
1121 4111 1295 4162 allata
1334 4127 1455 4162 esse
1491 4113 1792 4163 arbitratus
1828 4116 1938 4173 est,
1978 4111 2123 4177 quod
2159 4113 2266 4163 viri
2303 4117 2360 4163 et
2392 4114 2548 4164 fluvii
2571 4114 2794 4165 nomina
2818 4116 2888 4165 ab
2927 4117 3059 4167 urbe

483 4184 805 4247 homonyma
840 4184 1067 4231 accentu
1105 4179 1372 4231 distincta
1394 4185 1609 4242 essent;
1650 4180 1747 4231 sed
1772 4179 2121 4235 Herodianus
2146 4179 2215 4232 de
2240 4181 2683 4246 homonymorum
2716 4182 3058 4246 diversitate,

483 4253 592 4302 nisi
628 4251 811 4300 fontes
845 4249 1022 4299 nostri
1048 4248 1265 4311 fallunt,
1303 4247 1439 4298 nihil
1474 4253 1851 4315 praeceperat,
1890 4248 1998 4299 nisi
2035 4249 2181 4313 quod
2217 4249 2289 4299 ad
2314 4250 2502 4300 urbem
2530 4247 2764 4303 Ὀλιζών
2799 4253 3058 4317 pertinet.

483 4320 650 4369 Recte
688 4317 1021 4368 Schmidtius
1055 4318 1313 4367 lacunam
1346 4332 1468 4368 esse
1504 4317 1670 4378 vidit,
1712 4316 1809 4368 sed
1847 4333 1913 4367 ea
1949 4318 2134 4381 potius
2168 4321 2294 4382 post
2339 4333 2501 4382 quam
2537 4322 2668 4369 ante
2704 4317 2911 4370 ὀλίζων
2948 4325 3059 4370 sta-

481 4386 688 4438 tuenda
734 4390 836 4437 est.
907 4386 1009 4436 His
1063 4387 1346 4451 perpensis
1397 4400 1666 4435 canonem
1718 4387 1898 4451 ipsum
1955 4387 2033 4433 sic
2086 4385 2375 4436 emendavi
2430 4391 2493 4435 nt
2538 4387 2574 4436 l.
2614 4389 2675 4437 14
2719 4403 2817 4453 pro
2863 4387 2898 4450 ἢ
2947 4387 3058 4452 πρὸ

482 4455 681 4507 τέλους
725 4470 983 4521 ponerem
1028 4453 1120 4504 καὶ
1172 4452 1283 4517 πρὸ
1327 4451 1526 4503 τέλους
1573 4457 1630 4503 et
1674 4469 1813 4519 quae
1862 4469 1952 4518 ap.
2000 4452 2289 4503 Arcadium
2329 4455 2715 4519 praetermissa
2764 4462 2917 4517 sunt,
2967 4472 3058 4507 ex-

483 4524 635 4589 plevi
671 4539 738 4572 ex
775 4523 1021 4588 Theogn.
1058 4524 1150 4584 38,
1188 4524 1280 4584 21,
1318 4522 1414 4572 ubi
1462 4521 1662 4572 diserte
1711 4521 1780 4572 ad
1820 4518 2077 4605 ’ῥμαζών
2122 4521 2343 4572 additur
2386 4521 2573 4574 οὕτως
2612 4522 2951 4587 Ἡρωδιανὸς
2997 4523 3060 4575 ἐν

483 4589 1499 4721 ἷέζιῗιῗιθῖὲοιὸὴὲἔτῗὴῧξῖιυῖθᾏὲἓίιξὶι
1524 4590 1602 4707 ἓξ
1627 4590 1826 4707 1(33i10er.
1851 4587 2957 4723 ῗξαὲζρῖἒείθιῒὲτῖῗεοτιτὶἒῖῖὶ’ξίὶςῗιξλὲουῒ
2984 4609 3059 4719 ξι,

486 4729 567 4779 St.
605 4731 664 4779 Β.
707 4730 817 4789 193,
855 4729 949 4791 22,
987 4724 1232 4789 Ὑψίζων
1268 4726 1449 4777 adieci
1484 4741 1551 4775 ex
1588 4725 1783 4780 Choer.
1822 4727 1904 4787 77,
1945 4729 2007 4777 19
2041 4732 2099 4777 et
2134 4726 2381 4793 Theogn.
2419 4730 2501 4789 33,
2538 4729 2622 4776 24.
2695 4726 2929 4779 Ἁλίζων
2965 4729 3059 4779 ad·

488 4796 601 4847 didi
637 4812 704 4847 ex
740 4795 935 4846 Choer.
974 4796 1058 4859 77,
1099 4798 1160 4845 13
1199 4800 1257 4845 et
1290 4794 1537 4860 Theogn.
1573 4796 1663 4857 33,
1702 4796 1795 4857 22,
1830 4795 1929 4845 ubi
1965 4794 2168 4846 diserte
2206 4796 2354 4846 inter
2387 4796 2659 4858 barytona
2697 4797 2962 4860 refertur,
3002 4804 3059 4848 et

487 4864 565 4915 sic
600 4865 858 4929 scriptum
896 4867 983 4914 est
1017 4863 1185 4913 etiam
1219 4878 1415 4913 nomen
1450 4863 1507 4912 in
1544 4860 1724 4915 Schol.
1753 4861 1800 4912 A
1836 4863 1907 4912 ad
1940 4863 2008 4913 11.
2036 4862 2075 4914 Β
2100 4865 2227 4925 856ς
2267 4880 2355 4930 ap.
2395 4864 2474 4914 St.
2500 4865 2564 4915 B.
2602 4865 2686 4927 74,
2724 4867 2751 4915 1
2791 4869 3058 4930 oxytonos

488 4938 679 4984 contra
713 4930 1018 4982 Herodiani
1052 4946 1335 4983 canonem.
1473 4930 1509 4980 l.
1548 4933 1747 4983 17-19
1787 4947 1853 4983 ex
1891 4931 1970 4984 St.
2009 4933 2090 4994 Β.,
2128 4931 2255 4982 inde
2286 4933 2353 4983 ab
2381 4929 2596 4999 εἴρηται
2614 4948 2789 4999 nsque
2814 4934 2885 4984 ad
2912 4951 2963 5003 p.
2990 4938 3057 4990 28
