3664 5546
701 408 827 470 544
1636 407 1718 461 ΕΚ
1757 407 1898 461 ΤΩΝ
1941 405 2349 460 ΗΡΩΔΙΑΝΟΥ

874 604 913 639 ιι
962 577 1052 641 Τὸ
1096 581 1137 655 ἦ
1191 578 1320 655 πρὸ
1373 581 1491 641 τοῦ
1534 580 1570 640 i}
1627 578 1978 642 δαςύνεται.
2073 578 2150 641 τὸ
2207 577 2278 640 δὲ
2335 576 2608 652 ἤκιςτα
2665 574 2752 657 (Ψ
2796 573 2950 657 531)
2995 578 3285 654 ψιλοῦται

705 678 1126 761 παραλόγως,
1183 678 1515 743 δαςύνεται
1575 682 1646 744 δὲ
1692 680 2013 761 Ἀττικῶς,
2071 678 2289 755 ἐπειδὴ
2345 677 2415 740 ἐκ
2470 678 2588 740 τοῦ
2641 675 2808 753 ἡςςῶ
2856 681 2972 741 τοῦ
3028 681 3286 742 δαςυνο-

705 780 904 860 μένου
966 781 1224 856 γίνεται.
1325 780 1638 844 δείκνυται
1704 782 1776 844 δὲ
1839 780 1909 843 ἐκ
1960 783 2072 857 τῆς
2130 780 2526 857 ςυναλοιφῆς
2582 777 3040 857 δαςυνόμενον.
3133 779 3285 859 «οὐχ

702 881 955 958 ἥκιςτα»
1000 880 1141 959 γάρ.
3079 956 3093 976 ⁸

640 993 672 1043 5
874 982 964 1046 Τὸ
1007 986 1048 1059 ἦ
1091 983 1220 1061 πρὸ
1264 987 1381 1046 τοῦ
1418 969 1469 1046 ’λ
1530 986 1865 1065 ψιλοῦται,
1930 982 2307 1062 ἠλίβατος
2371 980 2504 1046 ἀπὸ
2558 984 2679 1045 τοῦ
2734 980 2974 1045 ἀλιτεῑν
3031 980 3285 1060 ἐςχημα-

701 1084 1024 1163 τιςμένον·
1072 1083 1133 1148 οἱ
1178 1084 1393 1163 μέντοι
1439 1084 1825 1149 δαςύνοντες
1855 1084 2312 1163 ἐτυμολογοῦςι
2342 1083 2518 1161 παρὰ
2549 1082 2664 1147 τὸν
2708 1082 2930 1165 ἥλιον,
2974 1084 3091 1161 τὴν
3132 1082 3286 1167 ἡλίῳ

704 1185 900 1264 βατὴν
947 1184 1143 1250 οὗςαν
1189 1185 1396 1268 μόνῳ·
1453 1185 1571 1249 οὐκ
1617 1186 1867 1263 ἐπείςθη
1913 1187 1986 1250 δὲ
2028 1186 2068 1263 ἡ
2113 1183 2490 1266 παράδοςις,
2549 1185 2640 1249 ὡς
2693 1184 3026 1263 πρόδηλον
3072 1183 3141 1249 ἐκ
3182 1188 3288 1262 τῆς

704 1289 1098 1367 ςυναλοιφῆς
1129 1288 1287 1351 «τὸν
1318 1286 1433 1366 μέν
1463 1286 1528 1349 τ’
1570 1286 1868 1367 ἠλίβατος
1913 1287 2152 1365 πέτρη»
2200 1285 2284 1368 (Ο
2328 1282 2512 1368 273),
2555 1284 3069 1369 ήλιτόμηνος,
3123 1287 3288 1364 πλὴν

703 1390 821 1451 τοῦ
884 1388 1138 1465 ἥλιος·
1204 1388 1280 1452 τὸ
1347 1388 1418 1451 δὲ
1473 1386 1720 1471 Ἦλις,
1788 1387 1914 1467 ἀφ’
1967 1387 2043 1465 ἦς
2111 1386 2174 1451 οἱ
2230 1386 2500 1469 Ἠλεῖοι,
2568 1390 2929 1466 διφορεῖται
2996 1387 3155 1451 κατὰ
3216 1388 3306 1450 τὸ·

553 1486 559 1495 ‘
604 1500 667 1551 10
701 1492 965 1568 πνεῦμα.
1054 1491 1158 1553 καὶ
1202 1489 1533 1554 δαςύνεται
1576 1489 1716 1568 γάρ.
1806 1487 1937 1553 ἀπὸ
1992 1492 2111 1552 τοῦ
2165 1487 2359 1553 ἁλίζω
2402 1489 2479 1552 τὸ
2524 1486 2802 1566 ἁθροίζω
2859 1488 2962 1552 διὰ
3014 1489 3092 1553 τὸ
3135 1491 3289 1552 πολ-

705 1590 861 1654 λοὺς
907 1590 1036 1655 ἐκεῖ
1079 1590 1151 1655 ἑν
1195 1596 1287 1674 τῷ
1330 1589 1533 1664 ἀγῶνι
1577 1597 1710 1655 τῶν
1755 1590 2123 1668 Ὀλυμπίων
2180 1587 2590 1666 ἀθροίζεςθαι.
2681 1589 2783 1653 καὶ
2831 1591 3135 1667 ψιλοῦται
3182 1589 3289 1669 μά-

703 1692 876 1754 λιςτα
921 1691 1026 1754 διὰ
1067 1691 1184 1756 τὸν
1229 1696 1606 1770 χαρακτῆρα.
1678 1692 1982 1757 ὡςαύτως
2027 1692 2131 1756 καὶ
2173 1691 2243 1755 Ἠ
2263 1690 2473 1754 λιαία
2516 1692 2913 1769 δικαςτήριον
2944 1690 3291 1769 Ἀθηναίων

702 1792 879 1869 παρὰ
920 1791 996 1856 τὸ
1046 1792 1269 1857 «ἁλέες
1312 1796 1536 1857 δεῦτε»
1582 1794 1978 1872 παραγωγόν
2023 1792 2172 1857 ἁλία
2214 1792 2317 1856 καὶ
2360 1791 2590 1871 ἡλιαία.

876 1916 913 1951 ιι
959 1892 1048 1957 Τὸ
1093 1897 1131 1970 ἦ
1177 1894 1305 1972 πρὸ
1349 1899 1467 1959 τοῦ
1513 1897 1554 1973 si
1599 1896 1933 1959 δαςύνεται
1977 1894 2080 1957 καὶ
2124 1887 2474 1976 ψιλοῦται,’
2509 1894 2753 1973 ἡμέρα
2797 1894 3162 1976 δαςύνεται,
3219 1896 3293 1959 τὸ

604 2007 666 2058 15
703 1997 774 2059 δὲ
819 1995 1515 2076 μεταςχηματιζόμενον
1560 1996 1758 2076 ἦμαρ
1805 1998 2144 2077 ψιλοῦται,
2199 1994 2396 2073 ἥμην
2455 1995 2559 2058 ἐπὶ
2601 1998 2718 2059 τοῦ
2763 1998 3062 2073 καθῆςθαι
3107 1996 3294 2060 δαςύ-

702 2116 907 2179 νεται,
953 2095 1029 2159 τὸ
1075 2097 1147 2159 δὲ
1193 2098 1569 2175 ςημαντικὸν
1614 2101 1731 2162 τοῦ
1777 2097 2119 2179 ὑπάρχειν,
2176 2096 2214 2159 ὃ
2261 2096 2538 2161 ςπανίως
2588 2096 2930 2174 εῦρίςκεται
2975 2096 3137 2160 κατὰ
3179 2098 3295 2174 τὴν

702 2199 921 2276 χρῆςιν
976 2201 1108 2262 τῶν
1154 2196 1478 2275 Ἑλλήνων
1490 2248 1508 2281 ,
1565 2197 1602 2262 δ
1656 2199 1873 2279 μέντοι
1930 2198 2197 2276 ποιητὴς
2254 2195 2372 2261 οὐκ
2423 2198 2767 2281 ἐχρήςατο,
2823 2200 3147 2277 ψιλοῦται.
3222 2198 3297 2262 τὸ

701 2298 990 2378 ἥμονες
1032 2297 1392 2364 ἀκοντιςταὶ
1435 2300 1536 2365 καὶ
1566 2286 1850 2379 ’ῥήτορες
1893 2288 1996 2364 καὶ
2040 2297 2338 2377 ὀρχηςταὶ
2383 2298 2749 2363 δαςυντὲον.
2822 2299 2899 2387 τὸ
2943 2299 3103 2377 θέμα
3144 2298 3296 2378 ἵημι.

702 2400 878 2478 παρὰ
920 2401 1037 2465 τὸν
1083 2400 1214 2478 ἥςω
1246 2401 1568 2479 μέλλοντα
1613 2401 1784 2480 «ἥςω
1830 2401 1953 2478 γὰρ
1983 2399 2086 2464 καὶ
2116 2398 2286 2474 ἐγώ»
2317 2396 2443 2481 ,(ΙΙ.
2479 2400 2525 2462 Ρ
2552 2398 2741 2483 515),
2784 2400 2961 2478 παρὰ
2996 2401 3066 2464 δὲ
3096 2403 3297 2463 τοῦτο

599 2515 668 2566 20
702 2500 805 2565 καὶ
846 2502 924 2566 τὸ
981 2500 1130 2580 ἦμα
1183 2502 1468 2587 ἐγεγόνει
1522 2502 1716 2567 πάλιν
1774 2500 2211 2580 δαςυνόμενον
2269 2502 2414 2565 «καὶ
2463 2499 2688 2579 ἥμαςιν
2743 2500 2942 2565 ἔπλευ
2999 2500 3297 2579 ἄριςτος»

703 2602 791 2684 (Ψ
833 2600 984 2682 891)
1029 2604 1133 2667 καὶ
1175 2603 1529 2681 ἡμοςύνη
1574 2604 1677 2667 καὶ
1719 2603 2134 2683 μεθημοςύνη.

872 2702 962 2768 Τὸ
1006 2706 1029 2767 ῑ
1069 2704 1198 2783 πρὸ
1245 2704 1470 2769 δαςέος
1515 2706 1851 2788 ψιλοῦται,
1896 2702 2098 2787 ἶφις,
2144 2703 2391 2787 ἰχθῦς,
2439 2703 2799 2783 ἰχανόων.

870 2831 908 2867 ιι
956 2804 1047 2868 Τὸ
1102 2808 1124 2869 ἰ
1176 2808 1304 2885 πρὸ
1374 2809 1491 2870 τοῦ
1534 2809 1619 2869 ”cf
1681 2807 1887 2886 μόνου
1952 2806 2317 2887 δαςύνεται,
2379 2806 2593 2889 ἱςτῶ,
2662 2805 2940 2888 ίςτίον,
3004 2807 3300 2888 ἵςτημι,

701 2906 960 2985 ἵςτωρ.
1046 2906 1406 2985 πρόςκειται
1450 2909 1526 2972 τὸ
1572 2907 1808 2990 μόνου,
1854 2907 1992 2971 ἐπεὶ
2034 2908 2111 2971 τὸ
2152 2908 2438 2985 Ἴςτρος
2482 2909 2801 2985 ψιλοῦται.

600 3027 667 3077 25
873 3009 963 3074 Τὸ
1009 3013 1046 3071 ὃ
1092 3010 1219 3087 πρὸ
1264 3015 1397 3073 τῶν
1442 3012 1690 3078 διπλῶν
1736 3012 2069 3091 ψιλοῦται,
2115 3006 2327 3090 ὄξος,
2374 3007 2554 3091 ὀψέ,
2600 3007 2890 3076 ὄζαινα.

704 3165 907 3174 -ῳ

872 3263 909 3313 1.
950 3266 976 3313 1
1016 3279 1284 3314 canonem
1319 3263 1451 3314 finxi
1489 3281 1555 3315 ex
1594 3264 1697 3315 An.
1734 3263 1838 3317 Ox.
1877 3264 1933 3315 11
1969 3265 2095 3325 372,
2144 3263 2207 3313 Ε.
2244 3264 2319 3312 Μ.
2357 3265 2484 3325 424,
2522 3265 2612 3326 32,
2652 3262 2716 3316 Ε.
2756 3261 2896 3314 Gud.
2934 3265 3059 3325 239,
3099 3266 3165 3323 5,
3205 3265 3308 3315 ubi

704 3330 855 3393 λέγει
891 3329 923 3382 ὁ
960 3330 1329 3394 Ἡρωδιανός,
1376 3329 1461 3382 ὅτι
1497 3332 1693 3396 ἤκιςτα
1730 3332 1995 3394 ψιλοῠται
2032 3329 2372 3394 παραλόγως
2418 3331 2536 3380 κτλ.
2641 3341 2648 3344 ·
2743 3329 2777 3383 1.
2815 3332 2847 3381 5
2881 3333 3001 3380 Arc.
3047 3334 3178 3395 199,
3221 3334 3306 3382 16.

703 3396 969 3463 ἠλίβατος
1005 3399 1226 3464 explevi
1263 3415 1331 3450 ex
1365 3400 1433 3450 11.
1458 3401 1549 3450 Pr.
1587 3398 1633 3450 Ο
1671 3401 1799 3461 619,
1840 3399 2145 3448 Herodiani
2182 3400 2461 3448 sententia
2497 3398 2737 3448 refertur
2773 3399 2937 3448 etiam
2974 3399 3032 3462 in
3068 3400 3180 3464 Ep.
3212 3400 3307 3449 Cr.

703 3469 729 3517 1
769 3470 894 3527 194,
930 3469 990 3518 9;
1039 3464 1328 3530 ὴλίβατος;
1388 3465 1420 3517 ό
1464 3465 1687 3531 ὑψηλὸς
1732 3464 1849 3517 ἀπὸ
1893 3468 1997 3518 τοο
2037 3464 2152 3517 ἐκεῖ
2189 3466 2423 3529 πρῶτον
2468 3463 2775 3528 ἐπιβαίνειν
2817 3464 2924 3516 τὸν
2959 3465 3126 3529 ἥλιον
3163 3494 3236 3502 ——
3274 3466 3309 3517 ὁ

703 3533 765 3586 δὲ
802 3532 1141 3597 Ἡλιόδωρος
1180 3532 1573 3599 (Ἡρωδιανὸς)
1608 3532 1904 3597 ἀλίβατον,
1942 3533 2047 3598 ἐφ’
2081 3531 2153 3597 ἢν
2189 3531 2404 3584 ἀλιτεῖν
2440 3532 2551 3584 ἐςτι
2590 3533 2856 3595 βαίνοντα
2892 3532 2927 3597 ἢ
2964 3533 3035 3584 δι’
3069 3532 3232 3598 ὕψος
3273 3533 3309 3598 ἢ

703 3600 811 3662 διὰι,
826 3600 1166 3666 τραχύτητα.
1203 3628 1271 3637 -—
1306 3601 1468 3654 Ἠλις
1504 3602 1695 3652 addidi
1733 3618 1801 3652 ex
1836 3594 2091 3651 Eustath.
2139 3601 2207 3650 ad
2244 3602 2475 3664 Dionys.
2509 3604 2638 3655 409.
2676 3617 2803 3652 nam
2849 3601 3027 3666 petita
3070 3604 3314 3652 videtur

704 3670 843 3719 haec
888 3670 1178 3719 annotatio
1224 3686 1290 3719 ex
1337 3669 1618 3735 pleoniore
1656 3670 1928 3734 Stephani
1972 3669 2289 3735 exemplari.
2362 3669 2497 3718 Cum
2531 3667 2693 3721 Ἦλις
2739 3670 3018 3733 composui
3057 3666 3309 3732 Ἠλιαία,

705 3736 849 3802 quod
885 3735 1033 3802 apud
1057 3736 1349 3786 Arcadium
1387 3739 1575 3787 atatim
1612 3742 1737 3801 post
1771 3734 2035 3801 ἠλίβατος
2071 3738 2311 3802 positum
2348 3743 2460 3799 est,
2497 3741 2725 3802 propter
2747 3737 3188 3800 originationem
3215 3754 3312 3802 ap.

705 3803 897 3869 Steph-
933 3802 1233 3869 prolatam,
1273 3804 1417 3854 unde
1456 3819 1522 3853 cx
1558 3805 1974 3871 comparatione
2011 3820 2131 3853 cum
2165 3804 2403 3856 Arcadio
2452 3804 2753 3854 coniectari
2798 3803 2931 3854 licet
2975 3804 3044 3853 de
3091 3807 3314 3870 spiritu

703 3873 856 3923 vocis
894 3868 1110 3922 Ἠλιαία
1155 3871 1464 3921 dubitatum
1501 3872 1672 3923 fuisse
1710 3875 1790 3923 sic
1824 3877 1888 3922 ut
1925 3876 2153 3937 propter
2187 3878 2409 3935 etymon
2435 3872 2696 3936 aspirari,
2744 3877 2972 3936 propter
3005 3870 3313 3923 literarum

704 3940 1022 4004 symplocen
1060 3939 1221 3988 leniri
1256 3942 1676 4004 pronunciatum
1713 3941 1805 3991 sit.
1979 3939 2015 3993 l.
2054 3941 2119 3989 14
2163 3955 2432 3990 canonem
2468 3940 2778 4004 generalem
2816 3940 2934 4003 ipse
2972 3943 3312 4005 praeposui,

704 4008 788 4058 sin
868 4006 923 4056 la
966 4006 1240 4058 vocabula
1286 4022 1357 4055 ex
1390 4007 1712 4058 Herodiano
1759 4006 1936 4072 petivi
1983 4011 2040 4056 et
2074 4005 2380 4071 ῆμαρ-οιιιιι
2415 4005 2598 4070 ἡμέρα
2644 4022 2710 4056 ex
2755 4007 2820 4056 11.
2858 4007 2947 4055 Pr.
2986 4005 2998 4057 Ι
3035 4008 3097 4069 6,
3151 4008 3314 4071 ἥμην

706 4091 775 4124 ex
843 4074 874 4124 1.
911 4075 1001 4124 Pr.
1036 4071 1084 4125 Z
1120 4076 1248 4136 336,
1284 4074 1492 4137 ἥμονες
1539 4092 1606 4126 ex
1641 4076 1800 4125 lexic.
1839 4073 2027 4138 Cyrill.
2065 4075 2123 4123 in
2158 4074 2358 4124 Anecd.
2394 4075 2571 4126 Paris,
2607 4074 2686 4124 IV
2724 4076 2849 4135 183,
2887 4075 2950 4123 Ε.
2991 4073 3146 4127 Gud.
3187 4078 3312 4138 24⁴,

705 4146 800 4205 32,
837 4142 959 4192 ubi:
998 4141 1232 4204 ἥμονεςε
1272 4139 1589 4193 ἀκοντιςταὶ
1627 4142 1718 4196 καὶ
1753 4139 1994 4206 ῥήτορες
2029 4140 2118 4192 καὶ
2156 4138 2420 4205 ὸρχηςταί
2447 4139 2526 4191 ὡς
2554 4139 2895 4204 Ἡρωδιανὸς
2930 4138 2994 4190 ἐν
3027 4144 3107 4206 τῇ
3137 4142 3314 4201 καθὸ.-

706 4210 826 4261 λου.
893 4208 963 4260 τὸ
1000 4208 1141 4271 θέμα
1177 4209 1298 4259 κτλ.
1334 4236 1400 4244 -
1435 4212 1607 4261 verba
1641 4210 1769 4260 inde
1806 4210 1877 4259 ab
1918 4210 1954 4263 1.
1993 4212 2055 4259 19
2091 4208 2210 4272 ἥςω
2255 4207 2361 4273 γὰρ
2396 4236 2463 4244 -
2499 4207 2674 4260 ἔπλευ
2718 4207 2940 4272 ἄριςτος
2983 4209 3196 4268 addidi
3246 4225 3313 4258 ex

704 4278 771 4328 ΙΙ.
810 4279 898 4330 Pr.
934 4275 985 4329 Ψ
1018 4278 1144 4339 886,
1192 4275 1443 4340 ἡμοςύνη
1492 4281 1549 4326 et
1591 4275 1947 4342 μεθημοςύνη
1994 4278 2200 4341 sumpsi
2246 4292 2313 4326 ex
2357 4276 2420 4326 Il.
2447 4276 2547 4326 J‘r.
2582 4275 2624 4327 Χ
2661 4278 2778 4327 261.
2982 4275 3018 4324 1.
3054 4279 3130 4326 22
3179 4278 3313 4330 Arc.

708 4348 823 4406 199,
863 4346 945 4407 15,
983 4360 1080 4411 pro
1118 4341 1396 4407 ίςχανόων
1434 4346 1630 4409 scripsi
1667 4361 1787 4395 cum
1822 4344 2086 4394 Schmidt.
2132 4346 2191 4393 in
2237 4359 2561 4410 programm.
2600 4344 2788 4394 Sedin.
2827 4360 2879 4408 p.
2915 4344 2982 4392 20
3027 4339 3314 4405 ἰχανόων.

705 4439 769 4449 --
807 4412 1077 4463 Dubitavi
1110 4413 1165 4461 in
1204 4417 1413 4461 textum
1449 4414 1695 4478 recipere
1732 4428 1996 4462 canonem
2035 4412 2100 4461 de
2141 4413 2193 4475 ᾤ’
2227 4412 2485 4462 Eustath.
2520 4415 2640 4473 515,
2676 4414 2767 4462 3⁷:
2803 4410 2874 4462 τὸ
2911 4407 3060 4473 {pede
3101 4412 3313 4473 ψιλοῦ-

704 4493 824 4544 ται,
863 4477 942 4529 ὡς
979 4477 1042 4530 ἐν
1076 4480 1194 4530 τοῖς
1235 4477 1570 4530 Ἀπίωνος
1616 4483 1791 4531 κεῖται
1837 4479 1947 4529 καὶ
1985 4478 2371 4543 Ἡροδώρου
2410 4476 2468 4542 (ἰ.
2508 4496 2555 4530 e.
2591 4476 2948 4541 Herodiani)‚
2986 4477 3316 4542 ςυναλιφὲν

707 4546 768 4598 ἐκ
803 4549 907 4597 τοί)
946 4545 1126 4611 ἱερεύς
1164 4544 1242 4597 ὡς
1277 4544 1348 4596 τὸ
1386 4545 1577 4598 πόλιες
1614 4547 1778 4599 πόλις
1813 4547 1904 4598 καὶ
1940 4545 2196 4608 λέγουςιν
2241 4544 2296 4597 oi
2329 4544 2494 4597 αὐτοὶ
2537 4546 2627 4597 καὶ
2663 4545 2876 4598 κανόνα
2912 4542 3318 4608 αἰτιολογικὸν
3369 4597 3376 4604 ,

706 4617 810 4679 τῆς
846 4613 1141 4680 ψιλώςεως
1186 4612 1290 4665 οὐκ
1338 4613 1659 4677 ἀναγκαῖον.
1733 4615 1917 4666 Schol.
1952 4615 1997 4664 B
2035 4615 2105 4665 ad
2138 4616 2210 4665 11.
2246 4611 2284 4665 Ε
2323 4616 2412 4664 1οε
2458 4614 2529 4666 τὸ
2572 4612 2596 4664 ῐ
2639 4612 2854 4677 μακρὸν
2897 4611 3178 4676 ψιλοῦ-ται
3237 4613 3317 4677 μὴ

707 4698 776 4749 ὃν
803 4697 865 4750 ἐκ
890 4696 1122 4750 κλίςεως
1159 4698 1298 4765 μηδὲ
1330 4698 1419 4750 διὰ
1452 4697 1643 4764 χρείαν
1676 4698 2086 4762 ἐκτεινόμενον.
2124 4726 2187 4735 -—
2224 4699 2289 4748 de
2323 4701 2377 4749 ῑᾱ
2410 4699 2482 4749 cf.
2517 4714 2682 4764 supra
2758 4736 2771 4750 .
2797 4699 2915 4760 539,
2939 4700 2993 4758 9,
3031 4697 3107 4747 de
3149 4699 3209 4749 ιδ
3251 4699 3320 4748 11.

706 4767 798 4817 Pr.
826 4765 883 4817 Μ
909 4770 1033 4818 205:
1071 4763 1354 4818 ἰδνωθείςε
1393 4766 1681 4830 ψιλωτὲον
1707 4766 1891 4819 Schol.
1917 4766 1988 4817 ad
2014 4765 2059 4819 Α
2084 4768 2199 4821 266.
2304 4766 2341 4816 1.
2379 4769 2445 4817 23
2480 4767 2550 4821 11.
2584 4766 2671 4818 Pr.
2776 4768 2891 4817 501.
2997 4765 3038 4817 1.
3058 4766 3138 4816 25
3177 4768 3318 4818 Arc.

712 4853 828 4917 199,
870 4854 947 4900 11.
1019 4851 1085 4903 de
1112 4839 1190 4902 ὀλ
1226 4853 1297 4902 cf.
1335 4854 1402 4903 E.
1437 4853 1512 4906 M.
1549 4856 1671 4912 622,
1710 4857 1800 4904 39:
1839 4849 2227 4916 ὀλοοίτροχος-ε
2278 4849 2501 4903 Ἰλιάδος
2541 4850 2582 4902 Ν
2623 4847 2771 4916 (137)
2806 4848 3180 4911 Πτολεμαῖος
3223 4848 3358 4903 καὶ·
