<?xml version="1.0" encoding="UTF-8"?>
<!DOCTYPE html PUBLIC "-//W3C//DTD XHTML 1.0 Transitional//EN"
    "http://www.w3.org/TR/xhtml1/DTD/xhtml1-transitional.dtd">
<html xmlns="http://www.w3.org/1999/xhtml" xml:lang="en" lang="en">
 <head>
  <title>
</title>
<meta http-equiv="Content-Type" content="text/html;charset=utf-8" />
  <meta name='ocr-system' content='tesseract 3.04.00' />
  <meta name='ocr-capabilities' content='ocr_page ocr_carea ocr_par ocr_line ocrx_word'/>
</head>
<body>
  <div class='ocr_page' id='page_1' title='image "./grammaticigraec02unkngoog_0169.png"; bbox 0 0 3664 5546; ppageno 0'>
   <div class='ocr_carea' id='block_1_1' title="bbox 1582 427 1999 477">
    <p class='ocr_par' dir='ltr' id='par_1_1' title="bbox 1582 427 1999 477">
     <span class='ocr_line' id='line_1_1' title="bbox 1582 427 1999 477; baseline 0 -2"><span class='ocrx_word' id='word_1_1' title='bbox 1582 427 1999 477; x_wconf 80' lang='lat' dir='ltr'>PRAEFATIO.</span> 
     </span>
    </p>
   </div>
   <div class='ocr_carea' id='block_1_2' title="bbox 2916 431 3084 482">
    <p class='ocr_par' dir='ltr' id='par_1_2' title="bbox 2916 431 3084 482">
     <span class='ocr_line' id='line_1_2' title="bbox 2916 431 3084 482; baseline 0 -2"><span class='ocrx_word' id='word_1_2' title='bbox 2916 431 3084 482; x_wconf 85' lang='lat' dir='ltr'>CLIII</span> 
     </span>
    </p>
   </div>
   <div class='ocr_carea' id='block_1_3' title="bbox 510 582 3159 1284">
    <p class='ocr_par' dir='ltr' id='par_1_3' title="bbox 510 582 3159 1284">
     <span class='ocr_line' id='line_1_3' title="bbox 514 582 3085 671; baseline -0 -21"><span class='ocrx_word' id='word_1_3' title='bbox 514 585 786 667; x_wconf 80' lang='lat' dir='ltr'>suisset,</span> <span class='ocrx_word' id='word_1_4' title='bbox 833 584 1203 671; x_wconf 78' lang='lat' dir='ltr'>Stephanus</span> <span class='ocrx_word' id='word_1_5' title='bbox 1260 607 1336 648; x_wconf 87' lang='lat' dir='ltr'>ca</span> <span class='ocrx_word' id='word_1_6' title='bbox 1388 585 1455 647; x_wconf 88' lang='lat' dir='ltr'>in</span> <span class='ocrx_word' id='word_1_7' title='bbox 1512 582 2020 669; x_wconf 81' lang='lat' dir='ltr'>alphabeticum,</span> <span class='ocrx_word' id='word_1_8' title='bbox 2076 585 2186 669; x_wconf 87' lang='lat' dir='ltr'>qui</span> <span class='ocrx_word' id='word_1_9' title='bbox 2244 584 2511 665; x_wconf 83' lang='lat' dir='ltr'>dicitur,</span> <span class='ocrx_word' id='word_1_10' title='bbox 2570 586 2857 650; x_wconf 78' lang='lat' dir='ltr'>ordinem</span> <span class='ocrx_word' id='word_1_11' title='bbox 2917 588 3085 652; x_wconf 90' lang='lat' dir='ltr'>redi-</span> 
     </span>
     <span class='ocr_line' id='line_1_4' title="bbox 512 685 3159 774; baseline 0.001 -24"><span class='ocrx_word' id='word_1_12' title='bbox 512 697 694 774; x_wconf 87' lang='lat' dir='ltr'>geret</span> <span class='ocrx_word' id='word_1_13' title='bbox 737 689 860 768; x_wconf 82' lang='lat' dir='ltr'>ita,</span> <span class='ocrx_word' id='word_1_14' title='bbox 905 698 979 752; x_wconf 88' lang='lat' dir='ltr'>ut</span> <span class='ocrx_word' id='word_1_15' title='bbox 1007 685 1329 751; x_wconf 85' lang='lat' dir='ltr'>vocabula</span> <span class='ocrx_word' id='word_1_16' title='bbox 1373 685 1662 751; x_wconf 86' lang='lat' dir='ltr'>eiusdem</span> <span class='ocrx_word' id='word_1_17' title='bbox 1695 685 1954 773; x_wconf 81' lang='lat' dir='ltr'>stirpis,</span> <span class='ocrx_word' id='word_1_18' title='bbox 2001 708 2165 772; x_wconf 89' lang='lat' dir='ltr'>quae</span> <span class='ocrx_word' id='word_1_19' title='bbox 2209 687 2295 751; x_wconf 87' lang='lat' dir='ltr'>ab</span> <span class='ocrx_word' id='word_1_20' title='bbox 2326 687 2700 753; x_wconf 85' lang='lat' dir='ltr'>Herodiano</span> <span class='ocrx_word' id='word_1_21' title='bbox 2732 688 3081 752; x_wconf 85' lang='lat' dir='ltr'>secundum</span> <span class='ocrx_word' id='word_1_22' title='bbox 3154 685 3159 690; x_wconf 66' lang='grc'>’</span> 
     </span>
     <span class='ocr_line' id='line_1_5' title="bbox 512 786 3083 877; baseline 0 -23"><span class='ocrx_word' id='word_1_23' title='bbox 512 791 764 854; x_wconf 82' lang='lat' dir='ltr'>exitum</span> <span class='ocrx_word' id='word_1_24' title='bbox 797 788 1077 853; x_wconf 84' lang='lat' dir='ltr'>diversis</span> <span class='ocrx_word' id='word_1_25' title='bbox 1123 788 1281 854; x_wconf 87' lang='lat' dir='ltr'>locis</span> <span class='ocrx_word' id='word_1_26' title='bbox 1326 786 1645 853; x_wconf 79' lang='lat' dir='ltr'>collocata</span> <span class='ocrx_word' id='word_1_27' title='bbox 1691 786 1981 868; x_wconf 85' lang='lat' dir='ltr'>fuerant,</span> <span class='ocrx_word' id='word_1_28' title='bbox 2029 789 2255 854; x_wconf 86' lang='lat' dir='ltr'>eodem</span> <span class='ocrx_word' id='word_1_29' title='bbox 2300 786 2439 855; x_wconf 93' lang='lat' dir='ltr'>loco</span> <span class='ocrx_word' id='word_1_30' title='bbox 2486 801 2902 877; x_wconf 87' lang='lat' dir='ltr'>componeret</span> <span class='ocrx_word' id='word_1_31' title='bbox 2933 813 2989 855; x_wconf 88' lang='lat' dir='ltr'>c.</span> <span class='ocrx_word' id='word_1_32' title='bbox 3020 813 3083 875; x_wconf 87' lang='lat' dir='ltr'>g.</span> 
     </span>
     <span class='ocr_line' id='line_1_6' title="bbox 513 891 3084 972; baseline 0 -15"><span class='ocrx_word' id='word_1_33' title='bbox 513 893 966 972; x_wconf 92' lang='grc' dir='ltr'>Μαριάνδυνος</span> <span class='ocrx_word' id='word_1_34' title='bbox 1030 893 1460 971; x_wconf 88' lang='grc' dir='ltr'>Μαριανδυνίς</span> <span class='ocrx_word' id='word_1_35' title='bbox 1515 893 2026 971; x_wconf 87' lang='grc' dir='ltr'>Μαριανδυνικός</span> <span class='ocrx_word' id='word_1_36' title='bbox 2086 891 2210 956; x_wconf 88' lang='lat' dir='ltr'>sub</span> <span class='ocrx_word' id='word_1_37' title='bbox 2269 894 2721 971; x_wconf 90' lang='grc' dir='ltr'>Μαριανδυνία.</span> <span class='ocrx_word' id='word_1_38' title='bbox 2825 891 2955 956; x_wconf 74' lang='lat' dir='ltr'>Sed</span> <span class='ocrx_word' id='word_1_39' title='bbox 3012 903 3084 957; x_wconf 90' lang='lat' dir='ltr'>ut</span> 
     </span>
     <span class='ocr_line' id='line_1_7' title="bbox 511 991 3083 1059; baseline -0.001 0"><span class='ocrx_word' id='word_1_40' title='bbox 511 995 682 1059; x_wconf 83' lang='lat' dir='ltr'>viam</span> <span class='ocrx_word' id='word_1_41' title='bbox 729 992 885 1057; x_wconf 90' lang='lat' dir='ltr'>mihi</span> <span class='ocrx_word' id='word_1_42' title='bbox 928 993 1011 1057; x_wconf 88' lang='lat' dir='ltr'>ad</span> <span class='ocrx_word' id='word_1_43' title='bbox 1054 992 1221 1058; x_wconf 86' lang='lat' dir='ltr'>hanc</span> <span class='ocrx_word' id='word_1_44' title='bbox 1265 1015 1502 1058; x_wconf 89' lang='lat' dir='ltr'>novam</span> <span class='ocrx_word' id='word_1_45' title='bbox 1534 1002 1600 1057; x_wconf 89' lang='lat' dir='ltr'>et</span> <span class='ocrx_word' id='word_1_46' title='bbox 1628 991 2081 1057; x_wconf 81' lang='lat' dir='ltr'>admirabilem</span> <span class='ocrx_word' id='word_1_47' title='bbox 2125 1016 2280 1057; x_wconf 85' lang='lat' dir='ltr'>sanc</span> <span class='ocrx_word' id='word_1_48' title='bbox 2310 993 2724 1059; x_wconf 77' lang='lat' dir='ltr'>exscribendi</span> <span class='ocrx_word' id='word_1_49' title='bbox 2765 995 3083 1058; x_wconf 82' lang='lat' dir='ltr'>rationem</span> 
     </span>
     <span class='ocr_line' id='line_1_8' title="bbox 511 1093 3086 1182; baseline -0.001 -21"><span class='ocrx_word' id='word_1_50' title='bbox 511 1105 576 1161; x_wconf 88' lang='lat' dir='ltr'>ct</span> <span class='ocrx_word' id='word_1_51' title='bbox 630 1094 1005 1161; x_wconf 89' lang='lat' dir='ltr'>methodum</span> <span class='ocrx_word' id='word_1_52' title='bbox 1060 1094 1382 1181; x_wconf 84' lang='lat' dir='ltr'>aperiam,</span> <span class='ocrx_word' id='word_1_53' title='bbox 1441 1117 1818 1181; x_wconf 85' lang='lat' dir='ltr'>componam</span> <span class='ocrx_word' id='word_1_54' title='bbox 1874 1094 2189 1180; x_wconf 86' lang='lat' dir='ltr'>quosdam</span> <span class='ocrx_word' id='word_1_55' title='bbox 2247 1093 2555 1161; x_wconf 81' lang='lat' dir='ltr'>articulos</span> <span class='ocrx_word' id='word_1_56' title='bbox 2613 1095 2961 1182; x_wconf 79' lang='lat' dir='ltr'>Stephani,</span> <span class='ocrx_word' id='word_1_57' title='bbox 3020 1097 3086 1159; x_wconf 89' lang='lat' dir='ltr'>in</span> 
     </span>
     <span class='ocr_line' id='line_1_9' title="bbox 510 1195 3084 1284; baseline 0 -23"><span class='ocrx_word' id='word_1_58' title='bbox 510 1199 745 1284; x_wconf 87' lang='lat' dir='ltr'>quibus</span> <span class='ocrx_word' id='word_1_59' title='bbox 791 1196 1205 1262; x_wconf 85' lang='lat' dir='ltr'>Herodianus</span> <span class='ocrx_word' id='word_1_60' title='bbox 1249 1219 1375 1261; x_wconf 89' lang='lat' dir='ltr'>non</span> <span class='ocrx_word' id='word_1_61' title='bbox 1429 1197 1794 1262; x_wconf 78' lang='lat' dir='ltr'>nominatus</span> <span class='ocrx_word' id='word_1_62' title='bbox 1855 1206 1986 1278; x_wconf 87' lang='lat' dir='ltr'>est,</span> <span class='ocrx_word' id='word_1_63' title='bbox 2041 1220 2186 1261; x_wconf 91' lang='lat' dir='ltr'>cum</span> <span class='ocrx_word' id='word_1_64' title='bbox 2243 1195 2441 1278; x_wconf 74' lang='lat' dir='ltr'>lociS,</span> <span class='ocrx_word' id='word_1_65' title='bbox 2502 1220 2662 1283; x_wconf 83' lang='lat' dir='ltr'>quos</span> <span class='ocrx_word' id='word_1_66' title='bbox 2724 1198 3084 1263; x_wconf 82' lang='lat' dir='ltr'>Herodiani</span> 
     </span>
    </p>
   </div>
   <div class='ocr_carea' id='block_1_4' title="bbox 513 1300 1180 1365">
    <p class='ocr_par' dir='ltr' id='par_1_4' title="bbox 513 1300 1180 1365">
     <span class='ocr_line' id='line_1_10' title="bbox 513 1300 1180 1365; baseline 0 -1"><span class='ocrx_word' id='word_1_67' title='bbox 513 1322 654 1365; x_wconf 85' lang='lat' dir='ltr'>esse</span> <span class='ocrx_word' id='word_1_68' title='bbox 699 1309 875 1365; x_wconf 87' lang='lat' dir='ltr'>certo</span> <span class='ocrx_word' id='word_1_69' title='bbox 921 1300 1180 1364; x_wconf 73' lang='lat' dir='ltr'>scimuS.</span> 
     </span>
    </p>
   </div>
   <div class='ocr_carea' id='block_1_5' title="bbox 732 1476 1545 1547">
    <p class='ocr_par' dir='ltr' id='par_1_5' title="bbox 732 1476 1545 1547">
     <span class='ocr_line' id='line_1_11' title="bbox 732 1476 1545 1547; baseline -0.001 -13"><span class='ocrx_word' id='word_1_70' title='bbox 732 1479 1114 1547; x_wconf 76' lang='lat' dir='ltr'>stephanus</span> <span class='ocrx_word' id='word_1_71' title='bbox 1156 1476 1545 1547; x_wconf 76' lang='lat' dir='ltr'>Byzantius.</span> 
     </span>
    </p>
   </div>
   <div class='ocr_carea' id='block_1_6' title="bbox 439 1605 1746 3422">
    <p class='ocr_par' dir='ltr' id='par_1_6' title="bbox 510 1605 1744 1876">
     <span class='ocr_line' id='line_1_12' title="bbox 636 1605 1744 1690; baseline 0.002 -22"><span class='ocrx_word' id='word_1_72' title='bbox 636 1606 782 1689; x_wconf 86' lang='grc'><strong>694,</strong></span> <span class='ocrx_word' id='word_1_73' title='bbox 817 1606 888 1669; x_wconf 91' lang='grc'>11</span> <span class='ocrx_word' id='word_1_74' title='bbox 941 1607 1126 1690; x_wconf 87' lang='grc' dir='ltr'>Χνᾶ,</span> <span class='ocrx_word' id='word_1_75' title='bbox 1173 1605 1379 1672; x_wconf 86' lang='grc' dir='ltr'>οὕτως</span> <span class='ocrx_word' id='word_1_76' title='bbox 1414 1608 1453 1685; x_wconf 92' lang='grc' dir='ltr'>ἡ</span> <span class='ocrx_word' id='word_1_77' title='bbox 1484 1607 1744 1685; x_wconf 87' lang='grc' dir='ltr'><strong>Φοινίκη</strong></span> 
     </span>
     <span class='ocr_line' id='line_1_13' title="bbox 512 1709 1744 1792; baseline 0 -19"><span class='ocrx_word' id='word_1_78' title='bbox 512 1709 832 1792; x_wconf 82' lang='grc' dir='ltr'>ἐκαλεῖτο,</span> <span class='ocrx_word' id='word_1_79' title='bbox 899 1709 1108 1787; x_wconf 87' lang='grc' dir='ltr'>ὥςπερ</span> <span class='ocrx_word' id='word_1_80' title='bbox 1173 1709 1266 1774; x_wconf 85' lang='grc' dir='ltr'>Λᾶ</span> <span class='ocrx_word' id='word_1_81' title='bbox 1323 1710 1362 1792; x_wconf 87' lang='grc' dir='ltr'><strong>ἡ</strong></span> <span class='ocrx_word' id='word_1_82' title='bbox 1418 1709 1744 1787; x_wconf 87' lang='grc' dir='ltr'>Λακωνικὴ</span> 
     </span>
     <span class='ocr_line' id='line_1_14' title="bbox 510 1812 711 1876; baseline 0 -1"><span class='ocrx_word' id='word_1_83' title='bbox 510 1812 711 1876; x_wconf 87' lang='grc' dir='ltr'>πόλις.</span> 
     </span>
    </p>

    <p class='ocr_par' dir='ltr' id='par_1_7' title="bbox 439 1910 1746 3117">
     <span class='ocr_line' id='line_1_15' title="bbox 643 1910 1744 1993; baseline 0.002 -18"><span class='ocrx_word' id='word_1_84' title='bbox 643 1911 793 1993; x_wconf 90' lang='grc'><strong>116,</strong></span> <span class='ocrx_word' id='word_1_85' title='bbox 852 1910 893 1976; x_wconf 86' lang='grc'>5</span> <span class='ocrx_word' id='word_1_86' title='bbox 946 1913 1358 1991; x_wconf 74' lang='grc' dir='ltr'>Ἀρὲθουςα</span> <span class='ocrx_word' id='word_1_87' title='bbox 1408 1949 1494 1963; x_wconf 88' lang='grc'>-</span> <span class='ocrx_word' id='word_1_88' title='bbox 1548 1914 1744 1993; x_wconf 85' lang='grc' dir='ltr'>κρήνη</span> 
     </span>
     <span class='ocr_line' id='line_1_16' title="bbox 512 2014 1742 2095; baseline -0.001 -15"><span class='ocrx_word' id='word_1_89' title='bbox 512 2015 786 2080; x_wconf 77' lang='grc' dir='ltr'>(ικελίας</span> <span class='ocrx_word' id='word_1_90' title='bbox 827 2051 911 2061; x_wconf 90' lang='grc'>-</span> <span class='ocrx_word' id='word_1_91' title='bbox 955 2014 1082 2080; x_wconf 83' lang='grc' dir='ltr'>ἔςτι</span> <span class='ocrx_word' id='word_1_92' title='bbox 1138 2017 1240 2079; x_wconf 89' lang='grc' dir='ltr'>καὶ</span> <span class='ocrx_word' id='word_1_93' title='bbox 1282 2015 1515 2095; x_wconf 86' lang='grc' dir='ltr'>Ἰθάκης</span> <span class='ocrx_word' id='word_1_94' title='bbox 1573 2016 1742 2093; x_wconf 79' lang='grc' dir='ltr'>«πὰρ</span> 
     </span>
     <span class='ocr_line' id='line_1_17' title="bbox 516 2116 1743 2202; baseline -0.001 -20"><span class='ocrx_word' id='word_1_95' title='bbox 516 2118 796 2197; x_wconf 87' lang='grc' dir='ltr'>Κόρακος</span> <span class='ocrx_word' id='word_1_96' title='bbox 825 2118 1024 2201; x_wconf 85' lang='grc' dir='ltr'>πέτρῃ</span> <span class='ocrx_word' id='word_1_97' title='bbox 1068 2116 1171 2181; x_wconf 85' lang='grc' dir='ltr'>ἐπί</span> <span class='ocrx_word' id='word_1_98' title='bbox 1223 2139 1289 2182; x_wconf 86' lang='grc' dir='ltr'>τε</span> <span class='ocrx_word' id='word_1_99' title='bbox 1334 2120 1533 2202; x_wconf 83' lang='grc' dir='ltr'>κρήνῃ</span> <span class='ocrx_word' id='word_1_100' title='bbox 1577 2119 1743 2196; x_wconf 87' lang='grc' dir='ltr'>Ἀρε-</span> 
     </span>
     <span class='ocr_line' id='line_1_18' title="bbox 512 2218 1742 2304; baseline 0 -20"><span class='ocrx_word' id='word_1_101' title='bbox 512 2219 747 2304; x_wconf 79' lang='grc' dir='ltr'>θούςῃ»</span> <span class='ocrx_word' id='word_1_102' title='bbox 794 2220 1077 2299; x_wconf 89' lang='grc' dir='ltr'>Ὅμηρος</span> <span class='ocrx_word' id='word_1_103' title='bbox 1124 2218 1277 2300; x_wconf 81' lang='lat' dir='ltr'>(Od.</span> <span class='ocrx_word' id='word_1_104' title='bbox 1323 2242 1361 2285; x_wconf 87' lang='grc' dir='ltr'>ν</span> <span class='ocrx_word' id='word_1_105' title='bbox 1403 2219 1582 2304; x_wconf 87' lang='grc'>408).</span> <span class='ocrx_word' id='word_1_106' title='bbox 1627 2219 1742 2284; x_wconf 88' lang='grc' dir='ltr'>Δί-</span> 
     </span>
     <span class='ocr_line' id='line_1_19' title="bbox 512 2321 1744 2402; baseline 0.001 -15"><span class='ocrx_word' id='word_1_107' title='bbox 512 2328 708 2402; x_wconf 89' lang='grc' dir='ltr'>δυμος</span> <span class='ocrx_word' id='word_1_108' title='bbox 765 2321 1290 2402; x_wconf 84' lang='grc' dir='ltr'>ὑπομνηματίζων</span> <span class='ocrx_word' id='word_1_109' title='bbox 1358 2323 1474 2402; x_wconf 85' lang='grc' dir='ltr'>τὴν</span> <span class='ocrx_word' id='word_1_110' title='bbox 1529 2325 1567 2386; x_wconf 67' lang='grc' dir='ltr'>ν</span> <span class='ocrx_word' id='word_1_111' title='bbox 1634 2326 1744 2400; x_wconf 85' lang='grc' dir='ltr'>τῆς</span> 
     </span>
     <span class='ocr_line' id='line_1_20' title="bbox 513 2423 1743 2504; baseline 0.001 -16"><span class='ocrx_word' id='word_1_112' title='bbox 513 2425 864 2489; x_wconf 87' lang='grc' dir='ltr'>Ὀδυςςείας</span> <span class='ocrx_word' id='word_1_113' title='bbox 936 2423 1123 2504; x_wconf 87' lang='grc' dir='ltr'>φηςίν</span> <span class='ocrx_word' id='word_1_114' title='bbox 1199 2424 1601 2503; x_wconf 83' lang='grc' dir='ltr'>«Ἀρέθουςαι</span> <span class='ocrx_word' id='word_1_115' title='bbox 1673 2425 1743 2489; x_wconf 86' lang='grc' dir='ltr'>δέ</span> 
     </span>
     <span class='ocr_line' id='line_1_21' title="bbox 439 2525 1742 2618; baseline -0.001 -27"><span class='ocrx_word' id='word_1_116' title='bbox 439 2610 450 2618; x_wconf 34' lang='lat'><em>⁰</em></span> <span class='ocrx_word' id='word_1_117' title='bbox 512 2527 660 2592; x_wconf 87' lang='grc' dir='ltr'>εἰςιν</span> <span class='ocrx_word' id='word_1_118' title='bbox 693 2525 922 2590; x_wconf 78' lang='grc' dir='ltr'>ὀκτώ».</span> <span class='ocrx_word' id='word_1_119' title='bbox 981 2526 1346 2604; x_wconf 84' lang='grc' dir='ltr'>Ἡρακλέων</span> <span class='ocrx_word' id='word_1_120' title='bbox 1378 2528 1448 2591; x_wconf 80' lang='grc' dir='ltr'>δὲ</span> <span class='ocrx_word' id='word_1_121' title='bbox 1480 2525 1517 2589; x_wconf 85' lang='grc' dir='ltr'>ὁ</span> <span class='ocrx_word' id='word_1_122' title='bbox 1552 2528 1590 2590; x_wconf 95' lang='grc' dir='ltr'>Γ</span> <span class='ocrx_word' id='word_1_123' title='bbox 1593 2527 1742 2590; x_wconf 87' lang='grc' dir='ltr'>λαύ-</span> 
     </span>
     <span class='ocr_line' id='line_1_22' title="bbox 511 2627 1743 2708; baseline -0.001 -14"><span class='ocrx_word' id='word_1_124' title='bbox 511 2650 628 2694; x_wconf 89' lang='grc' dir='ltr'>κου</span> <span class='ocrx_word' id='word_1_125' title='bbox 671 2630 786 2708; x_wconf 84' lang='grc' dir='ltr'>τὴν</span> <span class='ocrx_word' id='word_1_126' title='bbox 832 2628 1031 2705; x_wconf 84' lang='grc' dir='ltr'>αὐτὴν</span> <span class='ocrx_word' id='word_1_127' title='bbox 1063 2627 1590 2707; x_wconf 85' lang='grc' dir='ltr'>ὑπομνηματίζων</span> <span class='ocrx_word' id='word_1_128' title='bbox 1622 2649 1743 2708; x_wconf 87' lang='grc' dir='ltr'>φη-</span> 
     </span>
     <span class='ocr_line' id='line_1_23' title="bbox 511 2728 1745 2814; baseline -0.002 -16"><span class='ocrx_word' id='word_1_129' title='bbox 511 2733 604 2798; x_wconf 87' lang='grc' dir='ltr'>ςίν</span> <span class='ocrx_word' id='word_1_130' title='bbox 663 2729 841 2810; x_wconf 81' lang='grc' dir='ltr'>«ἄρω</span> <span class='ocrx_word' id='word_1_131' title='bbox 898 2728 1024 2795; x_wconf 81' lang='grc' dir='ltr'>ἐςτὶ</span> <span class='ocrx_word' id='word_1_132' title='bbox 1077 2731 1152 2796; x_wconf 91' lang='grc' dir='ltr'>τὸ</span> <span class='ocrx_word' id='word_1_133' title='bbox 1207 2730 1479 2814; x_wconf 84' lang='grc' dir='ltr'>ποτίζω,</span> <span class='ocrx_word' id='word_1_134' title='bbox 1536 2728 1616 2795; x_wconf 83' lang='grc' dir='ltr'>οὗ</span> <span class='ocrx_word' id='word_1_135' title='bbox 1671 2730 1745 2796; x_wconf 90' lang='grc' dir='ltr'>τὸ</span> 
     </span>
     <span class='ocr_line' id='line_1_24' title="bbox 510 2832 1743 2916; baseline -0.001 -18"><span class='ocrx_word' id='word_1_136' title='bbox 510 2834 687 2913; x_wconf 85' lang='grc' dir='ltr'>ἄρδω</span> <span class='ocrx_word' id='word_1_137' title='bbox 717 2833 1108 2911; x_wconf 82' lang='grc' dir='ltr'>παραγωγόν</span> <span class='ocrx_word' id='word_1_138' title='bbox 1124 2882 1141 2916; x_wconf 94' lang='grc'><strong>,</strong></span> <span class='ocrx_word' id='word_1_139' title='bbox 1169 2833 1238 2897; x_wconf 83' lang='grc' dir='ltr'>ἐκ</span> <span class='ocrx_word' id='word_1_140' title='bbox 1267 2833 1504 2898; x_wconf 86' lang='grc' dir='ltr'>τούτου</span> <span class='ocrx_word' id='word_1_141' title='bbox 1533 2832 1743 2912; x_wconf 85' lang='grc' dir='ltr'>άρέθω</span> 
     </span>
     <span class='ocr_line' id='line_1_25' title="bbox 511 2933 1746 3018; baseline 0 -19"><span class='ocrx_word' id='word_1_142' title='bbox 511 2936 601 3000; x_wconf 81' lang='grc' dir='ltr'>ὼς</span> <span class='ocrx_word' id='word_1_143' title='bbox 645 2936 868 3016; x_wconf 83' lang='grc' dir='ltr'>φλέγω</span> <span class='ocrx_word' id='word_1_144' title='bbox 913 2935 1242 3018; x_wconf 82' lang='grc' dir='ltr'>φλεγέθω,</span> <span class='ocrx_word' id='word_1_145' title='bbox 1287 2934 1413 3015; x_wconf 76' lang='grc' dir='ltr'>ἀφ’</span> <span class='ocrx_word' id='word_1_146' title='bbox 1458 2933 1537 2999; x_wconf 85' lang='grc' dir='ltr'>οὗ</span> <span class='ocrx_word' id='word_1_147' title='bbox 1578 2939 1746 3002; x_wconf 86' lang='grc' dir='ltr'>πάςα</span> 
     </span>
     <span class='ocr_line' id='line_1_26' title="bbox 511 3036 1686 3117; baseline -0.002 -15"><span class='ocrx_word' id='word_1_148' title='bbox 511 3038 707 3117; x_wconf 87' lang='grc' dir='ltr'>κρήνη</span> <span class='ocrx_word' id='word_1_149' title='bbox 752 3037 1115 3101; x_wconf 84' lang='grc' dir='ltr'>ἐπιθετικῶς</span> <span class='ocrx_word' id='word_1_150' title='bbox 1162 3037 1332 3101; x_wconf 88' lang='grc' dir='ltr'>οὕτω</span> <span class='ocrx_word' id='word_1_151' title='bbox 1380 3036 1686 3113; x_wconf 81' lang='grc' dir='ltr'>λέγεται».</span> 
     </span>
    </p>

    <p class='ocr_par' dir='ltr' id='par_1_8' title="bbox 507 3137 1743 3422">
     <span class='ocr_line' id='line_1_27' title="bbox 635 3137 1742 3216; baseline 0 -13"><span class='ocrx_word' id='word_1_152' title='bbox 635 3138 777 3216; x_wconf 84' lang='grc'>355,</span> <span class='ocrx_word' id='word_1_153' title='bbox 824 3137 866 3202; x_wconf 86' lang='grc'>5</span> <span class='ocrx_word' id='word_1_154' title='bbox 916 3138 1314 3203; x_wconf 88' lang='grc' dir='ltr'>Κάνωπος·</span> <span class='ocrx_word' id='word_1_155' title='bbox 1362 3137 1568 3203; x_wconf 86' lang='grc' dir='ltr'>οὕτως</span> <span class='ocrx_word' id='word_1_156' title='bbox 1613 3138 1742 3203; x_wconf 83' lang='grc' dir='ltr'>ἔδει</span> 
     </span>
     <span class='ocr_line' id='line_1_28' title="bbox 507 3239 1743 3322; baseline 0.001 -17"><span class='ocrx_word' id='word_1_157' title='bbox 507 3241 856 3320; x_wconf 84' lang='grc' dir='ltr'>γράφεςθαι</span> <span class='ocrx_word' id='word_1_158' title='bbox 902 3239 1007 3304; x_wconf 89' lang='grc' dir='ltr'>διὰ</span> <span class='ocrx_word' id='word_1_159' title='bbox 1049 3244 1165 3305; x_wconf 83' lang='grc' dir='ltr'>τοῦ</span> <span class='ocrx_word' id='word_1_160' title='bbox 1195 3243 1275 3322; x_wconf 70' lang='grc' dir='ltr'>π,</span> <span class='ocrx_word' id='word_1_161' title='bbox 1319 3241 1631 3321; x_wconf 82' lang='grc' dir='ltr'>γράφεται</span> <span class='ocrx_word' id='word_1_162' title='bbox 1673 3243 1743 3306; x_wconf 78' lang='grc' dir='ltr'>δὲ</span> 
     </span>
     <span class='ocr_line' id='line_1_29' title="bbox 511 3330 1085 3422; baseline -0.002 -17"><span class='ocrx_word' id='word_1_163' title='bbox 511 3342 681 3421; x_wconf 89' lang='grc' dir='ltr'>ὅμως</span> <span class='ocrx_word' id='word_1_164' title='bbox 725 3343 829 3407; x_wconf 86' lang='grc' dir='ltr'>διὰ</span> <span class='ocrx_word' id='word_1_165' title='bbox 871 3345 988 3405; x_wconf 84' lang='grc' dir='ltr'>τοῦ</span> <span class='ocrx_word' id='word_1_166' title='bbox 1035 3330 1085 3422; x_wconf 63' lang='grc' dir='ltr'>β.</span> 
     </span>
    </p>
   </div>
   <div class='ocr_carea' id='block_1_7' title="bbox 507 3543 1742 4134">
    <p class='ocr_par' dir='ltr' id='par_1_9' title="bbox 508 3543 1742 3932">
     <span class='ocr_line' id='line_1_30' title="bbox 635 3543 1739 3627; baseline 0.004 -18"><span class='ocrx_word' id='word_1_167' title='bbox 635 3545 792 3626; x_wconf 83' lang='grc'><strong>337,</strong></span> <span class='ocrx_word' id='word_1_168' title='bbox 865 3543 939 3607; x_wconf 94' lang='grc'>11</span> <span class='ocrx_word' id='word_1_169' title='bbox 1013 3545 1109 3611; x_wconf 87' lang='grc' dir='ltr'>Ἴς</span> <span class='ocrx_word' id='word_1_170' title='bbox 1182 3546 1367 3616; x_wconf 85' lang='grc' dir='ltr'>πόλις</span> <span class='ocrx_word' id='word_1_171' title='bbox 1438 3549 1739 3627; x_wconf 92' lang='grc' dir='ltr'>Περςική·</span> 
     </span>
     <span class='ocr_line' id='line_1_31' title="bbox 508 3647 1742 3730; baseline 0.003 -19"><span class='ocrx_word' id='word_1_172' title='bbox 508 3647 855 3726; x_wconf 89' lang='grc' dir='ltr'>Ἡρόδοτος</span> <span class='ocrx_word' id='word_1_173' title='bbox 898 3647 1150 3730; x_wconf 86' lang='grc' dir='ltr'>πρώτῃ·</span> <span class='ocrx_word' id='word_1_174' title='bbox 1203 3647 1358 3713; x_wconf 85' lang='grc' dir='ltr'>ἔνθα</span> <span class='ocrx_word' id='word_1_175' title='bbox 1401 3651 1504 3714; x_wconf 87' lang='grc' dir='ltr'>καὶ</span> <span class='ocrx_word' id='word_1_176' title='bbox 1545 3671 1742 3715; x_wconf 89' lang='grc' dir='ltr'>ποτα-</span> 
     </span>
     <span class='ocr_line' id='line_1_32' title="bbox 510 3749 1740 3831; baseline 0.002 -17"><span class='ocrx_word' id='word_1_177' title='bbox 510 3750 625 3829; x_wconf 89' lang='grc' dir='ltr'>μὸς</span> <span class='ocrx_word' id='word_1_178' title='bbox 667 3751 751 3815; x_wconf 82' lang='grc' dir='ltr'>’Ίς</span> <span class='ocrx_word' id='word_1_179' title='bbox 796 3750 1021 3815; x_wconf 79' lang='grc' dir='ltr'>«ἔνθεν</span> <span class='ocrx_word' id='word_1_180' title='bbox 1079 3751 1117 3829; x_wconf 81' lang='grc' dir='ltr'><strong>ἡ</strong></span> <span class='ocrx_word' id='word_1_181' title='bbox 1167 3749 1491 3831; x_wconf 87' lang='grc' dir='ltr'>ἄςφαλτος</span> <span class='ocrx_word' id='word_1_182' title='bbox 1545 3751 1612 3817; x_wconf 84' lang='grc' dir='ltr'>ἐς</span> <span class='ocrx_word' id='word_1_183' title='bbox 1665 3753 1740 3817; x_wconf 87' lang='grc' dir='ltr'>τὸ</span> 
     </span>
     <span class='ocr_line' id='line_1_33' title="bbox 508 3851 1599 3932; baseline 0.002 -16"><span class='ocrx_word' id='word_1_184' title='bbox 508 3851 579 3916; x_wconf 83' lang='grc' dir='ltr'>ἐν</span> <span class='ocrx_word' id='word_1_185' title='bbox 625 3853 952 3932; x_wconf 85' lang='grc' dir='ltr'>Βαβυλῶνι</span> <span class='ocrx_word' id='word_1_186' title='bbox 995 3856 1208 3930; x_wconf 87' lang='grc' dir='ltr'>τεῖχος</span> <span class='ocrx_word' id='word_1_187' title='bbox 1252 3851 1539 3931; x_wconf 79' lang='grc' dir='ltr'>ἐκομίςθη</span> <span class='ocrx_word' id='word_1_188' title='bbox 1555 3878 1599 3917; x_wconf 78' lang='grc'>».</span> 
     </span>
    </p>

    <p class='ocr_par' dir='ltr' id='par_1_10' title="bbox 507 3952 1740 4134">
     <span class='ocr_line' id='line_1_34' title="bbox 639 3952 1740 4035; baseline 0.006 -20"><span class='ocrx_word' id='word_1_189' title='bbox 639 3952 790 4035; x_wconf 84' lang='lat'>176,</span> <span class='ocrx_word' id='word_1_190' title='bbox 842 3954 914 4016; x_wconf 92' lang='lat'>11</span> <span class='ocrx_word' id='word_1_191' title='bbox 976 3953 1274 4033; x_wconf 86' lang='grc' dir='ltr'>Βόρυζα</span> <span class='ocrx_word' id='word_1_192' title='bbox 1329 3956 1514 4022; x_wconf 88' lang='grc' dir='ltr'>πόλις</span> <span class='ocrx_word' id='word_1_193' title='bbox 1566 3957 1740 4022; x_wconf 90' lang='grc' dir='ltr'>Πον-</span> 
     </span>
     <span class='ocr_line' id='line_1_35' title="bbox 507 4076 660 4134; baseline 0 -15"><span class='ocrx_word' id='word_1_194' title='bbox 507 4076 660 4134; x_wconf 89' lang='grc' dir='ltr'>τικη.</span> 
     </span>
    </p>
   </div>
   <div class='ocr_carea' id='block_1_8' title="bbox 508 4360 1742 4953">
    <p class='ocr_par' dir='ltr' id='par_1_11' title="bbox 508 4360 1740 4645">
     <span class='ocr_line' id='line_1_36' title="bbox 638 4360 1739 4443; baseline 0.005 -19"><span class='ocrx_word' id='word_1_195' title='bbox 638 4360 787 4442; x_wconf 88' lang='grc'><strong>108,</strong></span> <span class='ocrx_word' id='word_1_196' title='bbox 833 4362 876 4426; x_wconf 88' lang='grc'>5</span> <span class='ocrx_word' id='word_1_197' title='bbox 933 4362 1299 4443; x_wconf 85' lang='grc' dir='ltr'>Ἀράβυζα</span> <span class='ocrx_word' id='word_1_198' title='bbox 1353 4365 1537 4430; x_wconf 90' lang='grc' dir='ltr'>πόλις</span> <span class='ocrx_word' id='word_1_199' title='bbox 1584 4367 1739 4431; x_wconf 88' lang='grc' dir='ltr'>Καυ-</span> 
     </span>
     <span class='ocr_line' id='line_1_37' title="bbox 509 4463 1740 4547; baseline 0.005 -20"><span class='ocrx_word' id='word_1_200' title='bbox 509 4463 807 4547; x_wconf 87' lang='grc' dir='ltr'>κωνίδος,</span> <span class='ocrx_word' id='word_1_201' title='bbox 862 4464 994 4543; x_wconf 87' lang='grc' dir='ltr'>ἥτις</span> <span class='ocrx_word' id='word_1_202' title='bbox 1047 4468 1165 4530; x_wconf 85' lang='grc' dir='ltr'>νῦν</span> <span class='ocrx_word' id='word_1_203' title='bbox 1207 4467 1537 4546; x_wconf 87' lang='grc' dir='ltr'>Πεςηνοῦς</span> <span class='ocrx_word' id='word_1_204' title='bbox 1592 4468 1740 4533; x_wconf 86' lang='grc' dir='ltr'>ὀνο-</span> 
     </span>
     <span class='ocr_line' id='line_1_38' title="bbox 508 4565 777 4645; baseline -0.004 -13"><span class='ocrx_word' id='word_1_205' title='bbox 508 4565 777 4645; x_wconf 86' lang='grc' dir='ltr'>μάΖεται.</span> 
     </span>
    </p>

    <p class='ocr_par' dir='ltr' id='par_1_12' title="bbox 508 4666 1742 4953">
     <span class='ocr_line' id='line_1_39' title="bbox 632 4666 1742 4750; baseline 0.006 -20"><span class='ocrx_word' id='word_1_206' title='bbox 632 4666 778 4749; x_wconf 82' lang='grc'>659,</span> <span class='ocrx_word' id='word_1_207' title='bbox 811 4667 851 4731; x_wconf 90' lang='grc'><strong>6</strong></span> <span class='ocrx_word' id='word_1_208' title='bbox 895 4668 1152 4747; x_wconf 88' lang='grc' dir='ltr'>Φάρος</span> <span class='ocrx_word' id='word_1_209' title='bbox 1193 4706 1277 4716; x_wconf 92' lang='grc'><strong>-</strong></span> <span class='ocrx_word' id='word_1_210' title='bbox 1322 4671 1448 4736; x_wconf 86' lang='grc' dir='ltr'>ἔςτι</span> <span class='ocrx_word' id='word_1_211' title='bbox 1489 4672 1593 4735; x_wconf 86' lang='grc' dir='ltr'>καὶ</span> <span class='ocrx_word' id='word_1_212' title='bbox 1632 4675 1742 4750; x_wconf 90' lang='grc' dir='ltr'>νῆ-</span> 
     </span>
     <span class='ocr_line' id='line_1_40' title="bbox 509 4770 1739 4856; baseline 0.002 -22"><span class='ocrx_word' id='word_1_213' title='bbox 509 4789 617 4835; x_wconf 93' lang='grc' dir='ltr'>ςος</span> <span class='ocrx_word' id='word_1_214' title='bbox 681 4770 719 4848; x_wconf 85' lang='grc' dir='ltr'>ἡ</span> <span class='ocrx_word' id='word_1_215' title='bbox 780 4772 943 4848; x_wconf 90' lang='grc' dir='ltr'>πρὸς</span> <span class='ocrx_word' id='word_1_216' title='bbox 1005 4779 1081 4855; x_wconf 86' lang='grc' dir='ltr'>τῇ</span> <span class='ocrx_word' id='word_1_217' title='bbox 1150 4772 1602 4856; x_wconf 84' lang='grc' dir='ltr'>Ἀλεξανδρείᾳ.</span> <span class='ocrx_word' id='word_1_218' title='bbox 1658 4810 1739 4820; x_wconf 92' lang='grc'><strong>-</strong></span> 
     </span>
     <span class='ocr_line' id='line_1_41' title="bbox 508 4870 1741 4953; baseline 0.005 -18"><span class='ocrx_word' id='word_1_219' title='bbox 508 4870 724 4951; x_wconf 89' lang='grc' dir='ltr'>Φάρος</span> <span class='ocrx_word' id='word_1_220' title='bbox 777 4873 900 4950; x_wconf 82' lang='grc' dir='ltr'>γὰρ</span> <span class='ocrx_word' id='word_1_221' title='bbox 958 4874 997 4937; x_wconf 88' lang='grc' dir='ltr'>ὁ</span> <span class='ocrx_word' id='word_1_222' title='bbox 1052 4876 1346 4953; x_wconf 88' lang='grc' dir='ltr'>πρωρεὺς</span> <span class='ocrx_word' id='word_1_223' title='bbox 1402 4875 1741 4943; x_wconf 85' lang='grc' dir='ltr'>Μενελάου</span> 
     </span>
    </p>
   </div>
   <div class='ocr_carea' id='block_1_9' title="bbox 2224 1478 2673 1564">
    <p class='ocr_par' dir='ltr' id='par_1_13' title="bbox 2224 1478 2673 1564">
     <span class='ocr_line' id='line_1_42' title="bbox 2224 1478 2673 1564; baseline 0.004 -31"><span class='ocrx_word' id='word_1_224' title='bbox 2224 1478 2673 1564; x_wconf 71' lang='lat' dir='ltr'>Herodianus.</span> 
     </span>
    </p>
   </div>
   <div class='ocr_carea' id='block_1_10' title="bbox 1854 1607 3084 1790">
    <p class='ocr_par' dir='ltr' id='par_1_14' title="bbox 1854 1607 3084 1790">
     <span class='ocr_line' id='line_1_43' title="bbox 1952 1607 3084 1688; baseline -0.003 -12"><span class='ocrx_word' id='word_1_225' title='bbox 1952 1607 2130 1676; x_wconf 81' lang='lat' dir='ltr'>Mon.</span> <span class='ocrx_word' id='word_1_226' title='bbox 2163 1607 2223 1688; x_wconf 87' lang='lat'>8,</span> <span class='ocrx_word' id='word_1_227' title='bbox 2256 1608 2295 1670; x_wconf 90' lang='lat'>8</span> <span class='ocrx_word' id='word_1_228' title='bbox 2343 1609 2524 1673; x_wconf 88' lang='grc' dir='ltr'>Χνᾶ·</span> <span class='ocrx_word' id='word_1_229' title='bbox 2575 1607 2746 1672; x_wconf 86' lang='grc' dir='ltr'>οὕτω</span> <span class='ocrx_word' id='word_1_230' title='bbox 2776 1609 2898 1687; x_wconf 84' lang='grc' dir='ltr'>γὰρ</span> <span class='ocrx_word' id='word_1_231' title='bbox 2929 1610 3084 1688; x_wconf 74' lang='grc' dir='ltr'>πρό·</span> 
     </span>
     <span class='ocr_line' id='line_1_44' title="bbox 1854 1709 2784 1790; baseline -0.001 -16"><span class='ocrx_word' id='word_1_232' title='bbox 1854 1732 2043 1789; x_wconf 85' lang='grc' dir='ltr'>τερον</span> <span class='ocrx_word' id='word_1_233' title='bbox 2091 1712 2128 1789; x_wconf 83' lang='grc' dir='ltr'><strong>ἡ</strong></span> <span class='ocrx_word' id='word_1_234' title='bbox 2175 1709 2436 1790; x_wconf 88' lang='grc' dir='ltr'>Φοινίκη</span> <span class='ocrx_word' id='word_1_235' title='bbox 2482 1711 2784 1775; x_wconf 84' lang='grc' dir='ltr'>ἐκαλεῖτο.</span> 
     </span>
    </p>
   </div>
   <div class='ocr_carea' id='block_1_11' title="bbox 1851 1912 3089 2503">
    <p class='ocr_par' dir='ltr' id='par_1_15' title="bbox 1851 1912 3085 2503">
     <span class='ocr_line' id='line_1_45' title="bbox 1953 1912 3085 1995; baseline 0.002 -19"><span class='ocrx_word' id='word_1_236' title='bbox 1953 1912 2130 1978; x_wconf 90' lang='lat' dir='ltr'>Mon.</span> <span class='ocrx_word' id='word_1_237' title='bbox 2181 1914 2291 1995; x_wconf 87' lang='lat'>13,</span> <span class='ocrx_word' id='word_1_238' title='bbox 2337 1913 2380 1976; x_wconf 87' lang='lat'>4</span> <span class='ocrx_word' id='word_1_239' title='bbox 2424 1915 2834 1993; x_wconf 87' lang='grc' dir='ltr'>Ἀρέθουςα</span> <span class='ocrx_word' id='word_1_240' title='bbox 2889 1915 3085 1993; x_wconf 88' lang='grc' dir='ltr'>κρήνη</span> 
     </span>
     <span class='ocr_line' id='line_1_46' title="bbox 1856 2016 3089 2096; baseline 0 -16"><span class='ocrx_word' id='word_1_241' title='bbox 1856 2018 2111 2096; x_wconf 89' lang='grc' dir='ltr'>κυρίως·</span> <span class='ocrx_word' id='word_1_242' title='bbox 2156 2016 2322 2082; x_wconf 87' lang='grc' dir='ltr'>ἀλλὰ</span> <span class='ocrx_word' id='word_1_243' title='bbox 2353 2017 2453 2081; x_wconf 85' lang='grc' dir='ltr'>καὶ</span> <span class='ocrx_word' id='word_1_244' title='bbox 2481 2020 2668 2081; x_wconf 85' lang='grc' dir='ltr'>πᾶςαι</span> <span class='ocrx_word' id='word_1_245' title='bbox 2704 2019 2926 2094; x_wconf 86' lang='grc' dir='ltr'>κρῆναι</span> <span class='ocrx_word' id='word_1_246' title='bbox 2957 2018 3089 2080; x_wconf 89' lang='grc' dir='ltr'>κατ</span> 
     </span>
     <span class='ocr_line' id='line_1_47' title="bbox 1856 2119 3084 2197; baseline -0.001 -14"><span class='ocrx_word' id='word_1_247' title='bbox 1856 2120 2206 2197; x_wconf 84' lang='grc' dir='ltr'>έπιθετικὴν</span> <span class='ocrx_word' id='word_1_248' title='bbox 2262 2119 2521 2183; x_wconf 83' lang='grc' dir='ltr'>ἔννοιαν</span> <span class='ocrx_word' id='word_1_249' title='bbox 2580 2119 2749 2183; x_wconf 83' lang='grc' dir='ltr'>οὕτω</span> <span class='ocrx_word' id='word_1_250' title='bbox 2816 2123 3084 2183; x_wconf 85' lang='grc' dir='ltr'>καλοῦν-</span> 
     </span>
     <span class='ocr_line' id='line_1_48' title="bbox 1852 2220 3085 2304; baseline -0.002 -18"><span class='ocrx_word' id='word_1_251' title='bbox 1852 2242 1983 2304; x_wconf 91' lang='grc' dir='ltr'>ται,</span> <span class='ocrx_word' id='word_1_252' title='bbox 2029 2221 2159 2286; x_wconf 89' lang='grc' dir='ltr'>ἀπὸ</span> <span class='ocrx_word' id='word_1_253' title='bbox 2205 2225 2320 2286; x_wconf 85' lang='grc' dir='ltr'>τοῦ</span> <span class='ocrx_word' id='word_1_254' title='bbox 2376 2220 2553 2299; x_wconf 85' lang='grc' dir='ltr'>ἄρδω</span> <span class='ocrx_word' id='word_1_255' title='bbox 2608 2220 2754 2285; x_wconf 84' lang='grc' dir='ltr'>ἴςως</span> <span class='ocrx_word' id='word_1_256' title='bbox 2798 2241 3085 2299; x_wconf 88' lang='grc' dir='ltr'>ςχηματι-</span> 
     </span>
     <span class='ocr_line' id='line_1_49' title="bbox 1854 2322 3084 2401; baseline -0.001 -14"><span class='ocrx_word' id='word_1_257' title='bbox 1854 2327 2098 2388; x_wconf 86' lang='grc' dir='ltr'>ςθεῖςαι.</span> <span class='ocrx_word' id='word_1_258' title='bbox 2186 2322 2224 2388; x_wconf 87' lang='grc' dir='ltr'>ὅ</span> <span class='ocrx_word' id='word_1_259' title='bbox 2279 2323 2347 2398; x_wconf 80' lang='grc' dir='ltr'>γ’</span> <span class='ocrx_word' id='word_1_260' title='bbox 2393 2322 2511 2387; x_wconf 85' lang='grc' dir='ltr'>οὖν</span> <span class='ocrx_word' id='word_1_261' title='bbox 2560 2323 2854 2401; x_wconf 89' lang='grc' dir='ltr'>Χοιρίλος</span> <span class='ocrx_word' id='word_1_262' title='bbox 2912 2324 2980 2387; x_wconf 85' lang='grc' dir='ltr'>ἐν</span> <span class='ocrx_word' id='word_1_263' title='bbox 3026 2323 3084 2386; x_wconf 90' lang='grc' dir='ltr'>α’</span> 
     </span>
     <span class='ocr_line' id='line_1_50' title="bbox 1851 2426 2350 2503; baseline -0.004 -13"><span class='ocrx_word' id='word_1_264' title='bbox 1851 2426 2179 2503; x_wconf 87' lang='grc' dir='ltr'>Περςικῶν</span> <span class='ocrx_word' id='word_1_265' title='bbox 2224 2429 2350 2488; x_wconf 92' lang='grc' dir='ltr'>κτλ.</span> 
     </span>
    </p>
   </div>
   <div class='ocr_carea' id='block_1_12' title="bbox 1848 3141 3086 3820">
    <p class='ocr_par' dir='ltr' id='par_1_16' title="bbox 1850 3141 3086 3532">
     <span class='ocr_line' id='line_1_51' title="bbox 1951 3141 3085 3224; baseline 0.004 -19"><span class='ocrx_word' id='word_1_266' title='bbox 1951 3141 2126 3206; x_wconf 90' lang='lat' dir='ltr'>Mon.</span> <span class='ocrx_word' id='word_1_267' title='bbox 2179 3143 2276 3224; x_wconf 86' lang='lat'>13,</span> <span class='ocrx_word' id='word_1_268' title='bbox 2321 3142 2405 3205; x_wconf 79' lang='lat'>28</span> <span class='ocrx_word' id='word_1_269' title='bbox 2454 3142 2842 3222; x_wconf 73' lang='grc' dir='ltr'>Κάνωβοςε</span> <span class='ocrx_word' id='word_1_270' title='bbox 2891 3144 3085 3209; x_wconf 79' lang='grc' dir='ltr'>οὐδὲν</span> 
     </span>
     <span class='ocr_line' id='line_1_52' title="bbox 1850 3234 3086 3327; baseline 0 -17"><span class='ocrx_word' id='word_1_271' title='bbox 1850 3246 1939 3311; x_wconf 88' lang='grc' dir='ltr'>εἰς</span> <span class='ocrx_word' id='word_1_272' title='bbox 1996 3234 2129 3326; x_wconf 55' lang='lat' dir='ltr'>{of</span> <span class='ocrx_word' id='word_1_273' title='bbox 2159 3249 2357 3323; x_wconf 83' lang='grc' dir='ltr'>λῆγον</span> <span class='ocrx_word' id='word_1_274' title='bbox 2404 3246 2563 3323; x_wconf 78' lang='grc' dir='ltr'>ὑπὲρ</span> <span class='ocrx_word' id='word_1_275' title='bbox 2610 3245 2727 3308; x_wconf 87' lang='grc' dir='ltr'>δύο</span> <span class='ocrx_word' id='word_1_276' title='bbox 2774 3247 3086 3327; x_wconf 87' lang='grc' dir='ltr'>ςυλλαβὰς</span> 
     </span>
     <span class='ocr_line' id='line_1_53' title="bbox 1851 3346 3084 3430; baseline 0.002 -19"><span class='ocrx_word' id='word_1_277' title='bbox 1851 3354 1942 3430; x_wconf 82' lang='grc' dir='ltr'>τῷ</span> <span class='ocrx_word' id='word_1_278' title='bbox 1987 3369 2040 3411; x_wconf 95' lang='grc' dir='ltr'>ω</span> <span class='ocrx_word' id='word_1_279' title='bbox 2085 3347 2549 3429; x_wconf 85' lang='grc' dir='ltr'>παραλήγεται,</span> <span class='ocrx_word' id='word_1_280' title='bbox 2593 3346 2761 3412; x_wconf 84' lang='grc' dir='ltr'>ἀλλὰ</span> <span class='ocrx_word' id='word_1_281' title='bbox 2799 3348 3001 3427; x_wconf 87' lang='grc' dir='ltr'>μόνον</span> <span class='ocrx_word' id='word_1_282' title='bbox 3047 3349 3084 3413; x_wconf 89' lang='grc' dir='ltr'>ὁ</span> 
     </span>
     <span class='ocr_line' id='line_1_54' title="bbox 1853 3450 2169 3532; baseline -0.003 -17"><span class='ocrx_word' id='word_1_283' title='bbox 1853 3450 2169 3532; x_wconf 87' lang='grc' dir='ltr'>Κάνωβος.</span> 
     </span>
    </p>

    <p class='ocr_par' dir='ltr' id='par_1_17' title="bbox 1848 3549 3085 3820">
     <span class='ocr_line' id='line_1_55' title="bbox 1947 3549 3085 3632; baseline 0.004 -19"><span class='ocrx_word' id='word_1_284' title='bbox 1947 3549 2123 3614; x_wconf 88' lang='lat' dir='ltr'>Mon.</span> <span class='ocrx_word' id='word_1_285' title='bbox 2160 3550 2258 3632; x_wconf 84' lang='lat'>19,</span> <span class='ocrx_word' id='word_1_286' title='bbox 2304 3550 2347 3613; x_wconf 90' lang='grc'>4</span> <span class='ocrx_word' id='word_1_287' title='bbox 2388 3551 2463 3616; x_wconf 87' lang='grc' dir='ltr'>τὸ</span> <span class='ocrx_word' id='word_1_288' title='bbox 2507 3553 2600 3617; x_wconf 90' lang='grc' dir='ltr'>Ἴς</span> <span class='ocrx_word' id='word_1_289' title='bbox 2645 3551 2748 3616; x_wconf 79' lang='grc' dir='ltr'>ἐπὶ</span> <span class='ocrx_word' id='word_1_290' title='bbox 2790 3557 3085 3632; x_wconf 86' lang='grc' dir='ltr'>ποταμοῦ</span> 
     </span>
     <span class='ocr_line' id='line_1_56' title="bbox 1850 3654 3084 3737; baseline 0.002 -19"><span class='ocrx_word' id='word_1_291' title='bbox 1850 3654 2010 3732; x_wconf 80' lang='grc' dir='ltr'>παρ’</span> <span class='ocrx_word' id='word_1_292' title='bbox 2064 3654 2392 3737; x_wconf 78' lang='grc' dir='ltr'>Ἡροδότῳ</span> <span class='ocrx_word' id='word_1_293' title='bbox 2448 3654 2888 3735; x_wconf 85' lang='grc' dir='ltr'>ἐκτεινόμενον</span> <span class='ocrx_word' id='word_1_294' title='bbox 2955 3655 3084 3734; x_wconf 83' lang='grc' dir='ltr'>ἔχει</span> 
     </span>
     <span class='ocr_line' id='line_1_57' title="bbox 1848 3776 2003 3820; baseline -0.006 0"><span class='ocrx_word' id='word_1_295' title='bbox 1848 3776 1922 3820; x_wconf 90' lang='grc' dir='ltr'>το</span> <span class='ocrx_word' id='word_1_296' title='bbox 1969 3777 2003 3820; x_wconf 92' lang='grc' dir='ltr'>ι.</span> 
     </span>
    </p>
   </div>
   <div class='ocr_carea' id='block_1_13' title="bbox 1849 3958 3084 4535">
    <p class='ocr_par' dir='ltr' id='par_1_18' title="bbox 1849 3958 3084 4348">
     <span class='ocr_line' id='line_1_58' title="bbox 1947 3958 3084 4040; baseline 0.004 -18"><span class='ocrx_word' id='word_1_297' title='bbox 1947 3958 2127 4024; x_wconf 90' lang='lat' dir='ltr'>Mon.</span> <span class='ocrx_word' id='word_1_298' title='bbox 2149 3958 2253 4040; x_wconf 87' lang='lat'>31,</span> <span class='ocrx_word' id='word_1_299' title='bbox 2278 3959 2362 4024; x_wconf 82' lang='lat'>25</span> <span class='ocrx_word' id='word_1_300' title='bbox 2386 3958 2530 4038; x_wconf 92' lang='grc' dir='ltr'>Βόρ</span> <span class='ocrx_word' id='word_1_301' title='bbox 2548 3964 2684 4028; x_wconf 81' lang='grc' dir='ltr'>υζα</span> <span class='ocrx_word' id='word_1_302' title='bbox 2713 3961 2898 4025; x_wconf 90' lang='grc' dir='ltr'>πόλις</span> <span class='ocrx_word' id='word_1_303' title='bbox 2927 3963 3084 4040; x_wconf 89' lang='grc' dir='ltr'>Περ-</span> 
     </span>
     <span class='ocr_line' id='line_1_59' title="bbox 1851 4061 3082 4141; baseline 0.001 -14"><span class='ocrx_word' id='word_1_304' title='bbox 1851 4062 1985 4141; x_wconf 89' lang='grc' dir='ltr'>ςική</span> <span class='ocrx_word' id='word_1_305' title='bbox 2042 4061 2130 4127; x_wconf 83' lang='grc' dir='ltr'>ὡς</span> <span class='ocrx_word' id='word_1_306' title='bbox 2184 4062 2507 4127; x_wconf 82' lang='grc' dir='ltr'>Ἑκαταῖος</span> <span class='ocrx_word' id='word_1_307' title='bbox 2551 4062 2925 4141; x_wconf 85' lang='grc' dir='ltr'>Περιηγήςει</span> <span class='ocrx_word' id='word_1_308' title='bbox 2971 4064 3082 4128; x_wconf 87' lang='grc' dir='ltr'>Εὐ-</span> 
     </span>
     <span class='ocr_line' id='line_1_60' title="bbox 1850 4164 3082 4245; baseline 0.002 -17"><span class='ocrx_word' id='word_1_309' title='bbox 1850 4165 2123 4243; x_wconf 70' lang='grc' dir='ltr'>ρώπηςα</span> <span class='ocrx_word' id='word_1_310' title='bbox 2144 4164 2299 4244; x_wconf 88' lang='grc' dir='ltr'>μετὰ</span> <span class='ocrx_word' id='word_1_311' title='bbox 2328 4164 2399 4229; x_wconf 78' lang='grc' dir='ltr'>δὲ</span> <span class='ocrx_word' id='word_1_312' title='bbox 2426 4165 2672 4243; x_wconf 85' lang='grc' dir='ltr'>Βόρυζα</span> <span class='ocrx_word' id='word_1_313' title='bbox 2700 4164 2887 4229; x_wconf 90' lang='grc' dir='ltr'>πόλις</span> <span class='ocrx_word' id='word_1_314' title='bbox 2915 4166 3082 4245; x_wconf 89' lang='grc' dir='ltr'>Περ-</span> 
     </span>
     <span class='ocr_line' id='line_1_61' title="bbox 1849 4267 2697 4348; baseline 0 -17"><span class='ocrx_word' id='word_1_315' title='bbox 1849 4267 2042 4348; x_wconf 86' lang='grc' dir='ltr'>ςέων,</span> <span class='ocrx_word' id='word_1_316' title='bbox 2088 4268 2243 4345; x_wconf 86' lang='grc' dir='ltr'>μετὰ</span> <span class='ocrx_word' id='word_1_317' title='bbox 2286 4268 2383 4330; x_wconf 74' lang='grc' dir='ltr'>δὲ</span> <span class='ocrx_word' id='word_1_318' title='bbox 2402 4267 2697 4332; x_wconf 83' lang='grc' dir='ltr'>Θυνιάς».</span> 
     </span>
    </p>

    <p class='ocr_par' dir='ltr' id='par_1_19' title="bbox 1852 4365 3083 4535">
     <span class='ocr_line' id='line_1_62' title="bbox 1948 4365 3083 4449; baseline 0.005 -20"><span class='ocrx_word' id='word_1_319' title='bbox 1948 4365 2122 4432; x_wconf 90' lang='lat' dir='ltr'>Mon.</span> <span class='ocrx_word' id='word_1_320' title='bbox 2178 4368 2293 4447; x_wconf 93' lang='lat'>31,</span> <span class='ocrx_word' id='word_1_321' title='bbox 2348 4367 2431 4431; x_wconf 83' lang='lat'>28</span> <span class='ocrx_word' id='word_1_322' title='bbox 2488 4368 2858 4449; x_wconf 86' lang='grc' dir='ltr'>Αράβυῑα</span> <span class='ocrx_word' id='word_1_323' title='bbox 2927 4369 3083 4434; x_wconf 87' lang='grc' dir='ltr'>Καυ-</span> 
     </span>
     <span class='ocr_line' id='line_1_63' title="bbox 1852 4470 2366 4535; baseline 0.004 -2"><span class='ocrx_word' id='word_1_324' title='bbox 1852 4471 2123 4535; x_wconf 87' lang='grc' dir='ltr'>κωνίδος</span> <span class='ocrx_word' id='word_1_325' title='bbox 2167 4470 2366 4535; x_wconf 91' lang='grc' dir='ltr'>πόλις.</span> 
     </span>
    </p>
   </div>
   <div class='ocr_carea' id='block_1_14' title="bbox 1851 4671 3083 4958">
    <p class='ocr_par' dir='ltr' id='par_1_20' title="bbox 1851 4671 3083 4958">
     <span class='ocr_line' id='line_1_64' title="bbox 1949 4671 3083 4757; baseline 0.003 -21"><span class='ocrx_word' id='word_1_326' title='bbox 1949 4672 2127 4737; x_wconf 90' lang='lat' dir='ltr'>Mon.</span> <span class='ocrx_word' id='word_1_327' title='bbox 2170 4674 2276 4755; x_wconf 80' lang='lat'>36,</span> <span class='ocrx_word' id='word_1_328' title='bbox 2322 4673 2406 4738; x_wconf 80' lang='lat'>28</span> <span class='ocrx_word' id='word_1_329' title='bbox 2451 4674 2574 4738; x_wconf 81' lang='grc' dir='ltr'>ἔςτι</span> <span class='ocrx_word' id='word_1_330' title='bbox 2619 4674 2742 4752; x_wconf 82' lang='grc' dir='ltr'>γὰρ</span> <span class='ocrx_word' id='word_1_331' title='bbox 2790 4671 2907 4757; x_wconf 84' lang='lat' dir='ltr'>(sc.</span> <span class='ocrx_word' id='word_1_332' title='bbox 2955 4674 3083 4739; x_wconf 85' lang='grc' dir='ltr'>Φά-</span> 
     </span>
     <span class='ocr_line' id='line_1_65' title="bbox 1853 4774 3083 4856; baseline 0.002 -16"><span class='ocrx_word' id='word_1_333' title='bbox 1853 4774 1994 4856; x_wconf 86' lang='grc' dir='ltr'>ρος)</span> <span class='ocrx_word' id='word_1_334' title='bbox 2043 4775 2387 4854; x_wconf 89' lang='grc' dir='ltr'>ἀρςενικόν.</span> <span class='ocrx_word' id='word_1_335' title='bbox 2476 4776 2647 4841; x_wconf 86' lang='grc' dir='ltr'>οὕτω</span> <span class='ocrx_word' id='word_1_336' title='bbox 2701 4776 2824 4855; x_wconf 85' lang='grc' dir='ltr'>γὰρ</span> <span class='ocrx_word' id='word_1_337' title='bbox 2869 4778 2907 4841; x_wconf 87' lang='grc' dir='ltr'>ὁ</span> <span class='ocrx_word' id='word_1_338' title='bbox 2955 4778 3083 4842; x_wconf 90' lang='grc' dir='ltr'>Με-</span> 
     </span>
     <span class='ocr_line' id='line_1_66' title="bbox 1851 4878 3083 4958; baseline -0.001 -13"><span class='ocrx_word' id='word_1_339' title='bbox 1851 4878 2091 4945; x_wconf 87' lang='grc' dir='ltr'>νελάου</span> <span class='ocrx_word' id='word_1_340' title='bbox 2156 4879 2444 4945; x_wconf 82' lang='grc' dir='ltr'>ἐκαλεῖτο</span> <span class='ocrx_word' id='word_1_341' title='bbox 2511 4879 2819 4958; x_wconf 87' lang='grc' dir='ltr'>πρωρεύς.</span> <span class='ocrx_word' id='word_1_342' title='bbox 2917 4878 3083 4944; x_wconf 85' lang='grc' dir='ltr'>ἀλλὰ</span> 
     </span>
    </p>
   </div>
  </div>
 </body>
</html>
