3664 5546
1176 229 1207 248 N

655 249 781 315 324
1592 250 1674 304 ΕΚ
1713 251 1854 328 ΤΩΝ
1896 251 2304 306 ΗΡΩΔΙΑΝΟΥ

655 441 892 487 νονται.
958 422 1035 485 τὸ
1081 422 1153 485 δὲ
1199 421 1468 500 Ἀγρυλή
1515 426 1714 502 δῆμος
1760 421 2054 501 Ἀθήνηςι·
2090 425 2202 499 τῆς
2235 421 2632 500 Ἐρεχθηῖδος
2676 425 2886 500 φυλῆς
2928 421 3262 502 γράφεται

652 525 754 588 καὶ
800 523 956 602 μετὰ
999 526 1117 586 τοῦ
1163 525 1204 585 ἆ
1248 523 1560 601 Ἀγραυλή
1608 522 1737 587 άπὸ
1786 523 2141 602 Ἀγραύλου
2185 525 2298 600 τῆς
2346 524 2670 601 Κέκροπος
2712 523 3042 602 θυγατρός.
3117 525 3248 589 ἔςτι

654 627 725 689 δὲ
782 626 885 689 καὶ
938 624 1125 689 πόλις
1172 623 1518 704 Ἀθηναίων
1575 625 1845 691 ἄποικος
1912 625 1981 691 ἐν
2039 624 2275 703 (αρδοῖ
2338 623 2471 690 ἀπὸ
2525 628 2645 690 τοῦ
2701 609 2906 706 δήμου
2951 626 3247 704 κληθεῖςα

654 728 940 805 Ἀγρυλή.

576 821 608 886 5
822 829 916 893 Τὰ
970 827 1059 893 εἰς
1110 817 1259 908 ὧλη
1295 828 1804 908 ὑπερδιςύλλαβα
1849 827 2172 910 ὀξύνεται,
2217 828 3070 911 παυςωλή,»τερπωλή,
3117 828 3246 893 εὐ-

652 932 893 1013 χωλή,
939 929 1258 1009 ἀδμωλή
1303 931 1341 1008 ἡ
1389 930 1650 1011 ἄγνοια,
1697 931 2539 1012 θερμωλή,γαμφωλή,
2582 931 3012 1013 χαριτωλή,
3059 951 3244 1011 μεμ-

567 1065 573 1078 ·
651 1032 909 1113 φωλή,
954 1033 1386 1111 θεραπωλή.
1474 1033 1550 1096 τὸ
1598 1033 1668 1096 δὲ
1714 1032 2000 1110 ἑριώλη
2056 1032 2096 1109 ἡ
2152 1032 2391 1111 μεγάλη
2437 1032 2609 1109 πνοή
2655 1029 2786 1096 ἀπὸ
2830 1036 2946 1096 τοῦ
3003 1033 3093 1111 ἑρί
3140 1032 3247 1096 καὶ

650 1137 767 1196 τοῦ
815 1131 912 1197 ἄω
956 1134 1031 1197 τὸ
1076 1134 1254 1198 πνέω
1302 1134 1655 1214 βαρύνεται.
1747 1133 2048 1198 ὧςαύτως
2104 1135 2206 1197 καὶ
2249 1133 2588 1213 Ῥακώλη
2644 1133 2915 1215 χωρίον,
2971 1133 3120 1198 ὅθεν
3175 1134 3246 1198 αἱ

650 1235 912 1313 γέρανοι
960 1234 1237 1319 ὁρμῶςι,
1274 1236 1336 1299 οἱ
1382 1236 1454 1299 δὲ
1495 1236 1817 1314 Πυγμαῖοι
1864 1236 2196 1319 κατῴκουν
2242 1234 2312 1299 ἐν
2357 1234 2709 1319 Καττούζᾳ,
2755 1234 2941 1300 πόλει
2972 1236 3245 1318 Θρᾴκης.

555 1345 615 1395 10
819 1337 915 1400 Τὰ
960 1335 1049 1400 εἰς
1092 1340 1175 1414 μῆ
1219 1337 1501 1415 λήγοντα
1542 1337 1979 1415 προςηγορι“κὰ
2023 1335 2260 1417 ἔχοντα
2303 1337 2447 1401 κατ’
2492 1336 2845 1414 ἐπιπλοκὴν
2890 1337 3242 1418 ςύμφωνον

651 1439 733 1516 μὴ
779 1438 934 1502 δαςὺ
968 1438 1122 1516 ἔχον
1169 1438 1239 1503 ἐν
1270 1444 1345 1521 τῇ
1388 1438 1583 1524 ἀρχῇ,
1629 1437 1949 1521 ὀξύνεται,
1996 1438 2262 1520 δεςμή,
2308 1439 2580 1521 δυςμή,
2624 1439 2914 1520 πυγμή,
2960 1440 3243 1521 νυγμή,
3293 1524 3302 1529 “

650 1539 916 1620 ξυςμή,
982 1538 1250 1622 αἰχμή,
1307 1539 1540 1620 ὀχμή,
1599 1541 1879 1622 δυθμή,
1935 1540 2078 1619 μεθ’
2135 1538 2228 1605 ὧν
2286 1541 2389 1604 καὶ
2444 1540 2743 1619 ἐφετμή
2800 1540 2904 1603 καὶ
2956 1538 3243 1622 ἀϋτμή,

649 1641 726 1704 τὸ
774 1642 845 1704 δὲ
888 1639 1098 1722 ἴθμη,
1144 1641 1463 1722 ςτάθμη,
1511 1640 1753 1721 λόχμη
1800 1642 2153 1721 βαρύνεται.
2211 1642 2342 1707 ,καὶ
2397 1641 2473 1704 τὸ
2531 1641 2776 1721 δόχμη
2821 1641 3100 1721 Τρύφων
3148 1641 3242 1705 ὼς

651 1740 810 1819 ὄχθη
856 1742 958 1805 καὶ
1002 1741 1237 1822 ςτάθμη
1285 1742 1573 1824 βαρύνει,
1629 1741 2028 1820 Ἀρίςταρχος
2084 1743 2156 1806 δὲ
2201 1740 2442 1824 ὀξύνει,
2501 1742 2590 1808 ὡς
2645 1745 2833 1820 δηλοῖ
2887 1743 2989 1805 καὶ
3033 1740 3071 1805 ὁ
3115 1764 3240 1806 κω-

552 1851 613 1900 15
650 1843 827 1921 μικὸς
871 1842 941 1906 ἐν
986 1849 1079 1927 τῷ
1127 1843 1348 1907 «οὔτοι
1390 1842 1771 1922 ἀφεςτήκαςι
1815 1845 2004 1907 πλεῖν
2048 1843 2087 1922 ἢ
2134 1843 2252 1907 δύο
2299 1843 2565 1922 δοχμά».
2654 1843 2724 1908 ἐν
2771 1844 3020 1926 μέντοι,
3066 1844 3237 1924 φηςί,

647 1947 785 2009 τοῖς
831 1943 1288 2024 ἀκριβεςτέροις
1333 1943 1755 2025 ἀντιγράφοις
1801 1942 1978 2010 ὀξεῖα
2022 1944 2318 2008 ἐπίκειται
2363 1951 2438 2028 τῇ
2483 1945 2704 2028 πρώτῃ
2757 1948 3033 2028 ςυλλαβῇ
3078 1945 3236 2008 κατὰ

647 2046 723 2110 τὸ
772 2045 1007 2127 λόχμη,
1045 2046 1286 2129 λόγχη,
1332 2045 1521 2129 ὄχθη,
1567 2046 1745 2124 ὄχνη.
1834 2047 1910 2109 τὸ
1957 2047 2026 2109 δὲ
2075 2047 2338 2126 Μέδμη
2384 2046 2538 2126 κόρη
2583 2067 2707 2127 τις,
2764 2044 2888 2126 ἀφ’
2932 2044 3008 2123 ἧς
3051 2047 3238 2109 πόλις

649 2147 905 2213 Ἰταλίας
950 2148 1053 2212 καὶ
1095 2148 1294 2226 κρήνη
1341 2148 1710 2228 ὁμώνυμος,
1766 2147 2090 2212 Ἑκαταῖος
2132 2147 2435 2231 Εὐρώπῃ,
2482 2147 2700 2225 κύριόν
2757 2147 2912 2230 ἐςτι,
2966 2147 3110 2226 μεθ’
3154 2145 3235 2210 οὗ

647 2250 749 2312 καὶ
793 2249 1119 2328 Ἀλύχμη
1164 2250 1615 2331 τριςύλλαβον,
1671 2248 1741 2313 ἐν
1796 2249 1835 2333 ᾗ
1892 2251 2138 2328 τιμᾶται
2184 2249 2516 2328 Ἀλύχμιος
2560 2247 2797 2329 Ἑρμῆς.
2884 2249 2960 2313 τὸ
3018 2249 3234 2328 μέντοι

545 2359 613 2408 2ῡ
648 2350 894 2429 χάςμη
941 2350 1276 2430 βαρύνεται
1322 2351 1477 2414 δαςὺ
1524 2351 1679 2429 ἔχον
1723 2352 1799 2415 τὸ
1848 2349 2213 2430 ςύμφωνον.

813 2452 908 2516 Τὰ
963 2452 1052 2516 εἰς
1106 2455 1187 2527 μῆ
1248 2452 1482 2530 ἔχοντα
1536 2452 1885 2533 ςύμφωνόν
1940 2452 2098 2515 κατά
2155 2451 2470 2516 διάςταςιν
2529 2451 2896 2534 βαρύνεται,
2964 2451 3234 2532 τόλμη,

647 2552 875 2632 ἅλμή,
932 2550 1216 2634 χάρμη,
1277 2553 1596 2636 ςκάλμη,
1652 2554 1906 2632 θέρμη.
1995 2553 2120 2617 ἔςτι
2175 2554 2277 2617 καὶ
2331 2553 2517 2618 πόλις
2574 2553 2839 2635 Θρᾴκης.
2925 2553 3233 2617 Ἀπολλό-

649 2658 859 2729 δωρος
903 2654 974 2717 δὲ
1008 2654 1409 2718 Μακεδονίας
1455 2656 1606 2734 φηςὶ
1652 2656 1753 2718 καὶ
1785 2655 2160 2733 Θουκιδίδης
2191 2654 2279 2737 (l,
2310 2653 2437 2735 (51).
2499 2654 2631 2732 Γέρ
2645 2676 2738 2733 μη
2784 2653 2969 2718 πόλις
3013 2654 3234 2718 Ἀςίας.

650 2753 923 2836 Μάρμη
970 2756 1156 2821 πόλις
1199 2755 1526 2838 Φοινίκης,
1570 2756 1846 2835 Πάρμη
1893 2755 2079 2820 πόλις
2123 2751 2397 2849 ’[ταλίας.
2473 2755 2869 2835 ςεςημείωται
2914 2757 2990 2835 τὸ
3035 2754 3233 2835 ὁρμή

544 2868 610 2917 25
647 2857 749 2920 καὶ
792 2857 868 2920 τὸ
912 2859 1220 2938 γραμμή
1267 2857 1637 2937 ὀξυνόμενα.

814 2959 909 3023 Τά
955 2959 1059 3023 διὰ
1114 2963 1232 3022 τοῦ
1275 2961 1413 3037 α-μῆ
1467 2958 1592 3023 εἴτε
1638 2960 1981 3039 διςύλλαβα
2026 2959 2150 3024 εἴτε
2198 2960 2704 3040 ὑπερδιςύλλαβα
2755 2961 3077 3040 μονογενῆ
3123 2963 3232 3038 βα-

648 3148 855 3155 ————-
886 3148 1049 3155 ..μ-σο

782 3281 818 3332 l.
858 3283 881 3329 1
929 3280 999 3332 τὸ
1046 3279 1107 3331 δὲ
1158 3278 1398 3346 Ἀγρυλή
1444 3282 1617 3346 δῆμος
1654 3298 1826 3348 usque
1864 3283 1933 3333 ad
1971 3282 2132 3333 finem
2168 3288 2296 3332 sunt
2332 3299 2400 3333 ex
2437 3282 2516 3336 St.
2556 3285 2617 3334 B.
2725 3282 2758 3338 l.
2796 3284 2827 3333 6
2863 3281 3127 3348 θερμωλὴ
3165 3312 3232 3319 —-

647 3346 954 3412 θεραπωλή
993 3350 1200 3412 sumpsi
1238 3364 1305 3398 ex
1340 3349 1589 3416 Theogn.
1629 3354 1751 3413 111,
1789 3354 1872 3401 27.
2080 3351 2115 3401 1.
2156 3352 2185 3399 7
2222 3347 2428 3415 ἑριώλη
2476 3351 2548 3401 cf.
2588 3350 2769 3403 Schol.
2807 3352 2875 3401 ad
2913 3350 3165 3416 Apollon.
3207 3355 3232 3402 1

648 3418 808 3467 1132:
856 3414 1094 3479 ἐριώλας
1139 3414 1426 3480 διαφόρως
1475 3417 1830 3483 ἀνεγνώςθη,
1876 3416 2165 3482 ἐπικρατεῖ
2208 3417 2270 3469 δὲ
2325 3418 2358 3481 ή
2412 3419 2604 3482 βαρεῖα
2648 3417 2813 3469 τάςις.
2861 3445 2927 3454 -
2973 3418 3229 3484 Ῥακώλη

647 3483 839 3532 addidi
864 3499 932 3533 ex
961 3486 1040 3535 St.
1065 3484 1127 3533 B.
1154 3499 1195 3534 s.
1236 3482 1534 3538 Κάττουζοι.
1642 3486 1675 3536 1.
1708 3490 1763 3536 11
1804 3488 1977 3537 verba
2013 3485 2143 3549 ἔχον
2181 3484 2244 3536 ἐν
2268 3488 2338 3552 τῇ
2366 3484 2506 3551 ἀρχῇ
2533 3486 2721 3537 addidi
2758 3502 2878 3536 eum
2902 3487 3038 3537 Lob.
3063 3487 3231 3537 Proll.

645 3553 764 3613 395,
803 3551 898 3601 ubi
933 3553 1246 3601 accuratius
1282 3553 1350 3604 do
1386 3553 1472 3603 his
1508 3554 1795 3604 vocabulis
1840 3554 2042 3619 agitur.
2114 3552 2296 3617 νυγμή
2333 3581 2399 3589 -
2437 3552 2608 3617 Ξυςμή
2657 3555 2841 3618 recepi
2877 3571 2946 3604 ex
2981 3555 3230 3620 Theogn.

650 3620 761 3678 111,
800 3621 891 3679 32;
929 3615 1125 3683 αἰχμή,
1164 3618 1310 3684 ὀχμή
1350 3636 1447 3685 pro
1485 3626 1740 3686 corrupto
1786 3618 1979 3685 λίχμη,
2015 3620 2226 3691 δυθμή,
2273 3620 2458 3685 ἀϋτμή
2507 3637 2574 3671 ex
2611 3622 2855 3687 Theogn.
2894 3624 3018 3679 112,
3054 3624 3111 3681 4,
3160 3623 3230 3672 de

646 3683 832 3750 ἀϋτμή
878 3688 940 3735 Ε.
978 3689 1068 3737 Or.
1115 3690 1208 3749 30,
1244 3691 1337 3738 25:
1393 3686 1479 3740 ᾰω
1533 3688 1626 3740 καὶ
1679 3686 1795 3739 ἄςω
1845 3688 2024 3751 ὄνομα
2071 3687 2213 3752 ἀςμή
2262 3688 2351 3738 καὶ
2398 3692 2582 3755 τροπῇ
2629 3691 2733 3740 τοῦ
2779 3692 2812 3741 ἰ
2857 3686 2935 3740 εἰς
2980 3691 3016 3738 ⁷1²
3058 3686 3227 3754 ἀτμή,

645 3753 982 3819 πλεοναςμῷ
1026 3757 1129 3806 τοῦ
1176 3758 1210 3806 ῦ
1256 3754 1457 3820 ἀϋτμή.
1537 3754 1879 3820 Ἡρωδιανὸς
1936 3754 1996 3806 ἐν
2045 3754 2466 3821 Ἐπιμηριςμοῑς.
2514 3785 2577 3793 -
2621 3754 2756 3821 ἴθμη
2802 3761 2859 3807 et
2901 3754 3113 3822 ςτάθμη
3161 3773 3231 3808 ex

645 3819 827 3870 schol.
874 3822 946 3871 ad
984 3822 1087 3873 Od.
1128 3823 1206 3873 IV
1250 3826 1351 3873 264
1395 3823 1463 3874 τὸ
1512 3821 1723 3888 εἰςίθμη
1771 3822 2069 3886 βαρύνεται
2115 3821 2194 3875 ὡς
2239 3822 2481 3888 ςτάθμη,
2533 3822 2712 3888 λόχμη
2762 3840 2830 3874 ex
2875 3824 3124 3889 Theogn.
3172 3832 3232 3875 et

644 3889 902 3940 Eustath.
942 3893 1091 3954 1291,
1126 3892 1210 3955 46,
1246 3891 1394 3941 unde
1440 3907 1584 3956 quae
1633 3891 1700 3941 de
1744 3897 1981 3942 accentu
2025 3891 2280 3942 vocabuli
2324 3890 2502 3956 δοχμή
2550 3892 2734 3956 posui,
2781 3896 3034 3976 prompta
3080 3898 3230 3947 sunt.

643 3957 714 4006 cf.
751 3957 953 4007 Velsen
989 3959 1193 4024 Tryph.
1233 3975 1282 4023 p.
1319 3961 1400 4009 20.
1473 3956 1673 4024 Μέδμη
1712 3959 1921 4024 sumpsi
1960 3975 2027 4009 ex
2063 3960 2310 4024 Theogn.
2347 3966 2404 4009 et
2441 3961 2522 4010 St.
2549 3962 2637 4024 B.‚
2677 3957 2924 4024 Ἀλυχμη
2962 3975 3031 4009 ex
3055 3960 3135 4011 St.
3163 3960 3228 4014 B.

778 4023 813 4077 l.
850 4027 916 4074 22
952 4024 1090 4088 θέρμ
1166 4025 1354 4075 addidi
1394 4042 1461 4076 ex
1496 4027 1741 4092 Theogn.
1779 4029 1902 4091 112,
1943 4031 1973 4078 ὃ
2011 4033 2067 4077 et
2103 4025 2291 4092 Θέρμῃ
2331 4043 2398 4076 ex
2434 4027 2512 4077 St.
2554 4028 2638 4089 B„
2690 4025 2866 4092 Γέρμη
2913 4044 2980 4077 ex
3017 4027 3230 4089 eodem,

642 4091 787 4158 apud
834 4108 1017 4157 quem:
1071 4093 1102 4144 Γ
1136 4107 1244 4158 ρμη
1294 4091 1456 4144 πόλις
1503 4092 1905 4159 Ἑλληςποντία
1948 4091 2185 4159 πληςίον
2233 4091 2490 4157 Κυζίκου,
2539 4092 2612 4158 ἢν
2659 4094 2999 4158 Ἡρωδιανὸς
3047 4092 3228 4146 Ἀςίας

643 4156 793 4224 φηςί.
830 4185 893 4195 -
932 4158 1169 4225 Μάρμη,
1207 4159 1413 4225 Πάρμη
1450 4178 1519 4212 ex
1556 4163 1678 4213 eod.
1748 4163 1831 4211 Ex
1868 4160 1956 4211 his
1994 4168 2251 4227 corrupta
2289 4163 2549 4213 videntur
2592 4178 2684 4228 ap.
2722 4162 2970 4228 Theogn.
3009 4160 3228 4228 ςπέρμη

642 4232 701 4276 et
736 4225 926 4292 ςέλμη.
966 4254 1029 4263 —-
1069 4230 1148 4279 De
1198 4228 1421 4293 γραμμή
1469 4230 1532 4282 Ε.
1568 4231 1641 4280 Μ.
1678 4232 1802 4293 214,
1847 4232 1907 4280 13
1954 4245 2022 4279 ex
2068 4228 2246 4280 Schol.
2293 4230 2365 4281 ad
2411 4230 2588 4295 Apoll.
2625 4230 2801 4281 Rhod.
2836 4232 2913 4281 IV
2954 4232 3106 4282 1677:
3154 4230 3232 4281 τὰ

643 4291 735 4376 εἰς,
766 4298 850 4358 μ-η
893 4294 1144 4359 λήγοντα
1181 4296 1271 4347 καὶ
1309 4295 1390 4347 ἑνὶ
1436 4295 1727 4360 φωνήεντι
1775 4296 2216 4362 παραληγόμενα
2262 4297 2559 4361 βαρύνεται
2614 4293 2738 4348 οἷον
2783 4297 2992 4381 χρήμη,
3042 4295 3226 4362 φήμη,

548 4501 553 4505 ,
641 4361 989 4480 {311}ssssanss
1015 4362 1722 4493 ?5053“}{t1503¹3⁶„;3⁰15a
1744 4364 1953 4499 {23²5}
1980 4380 2047 4484 ’ἔῃ
2063 4365 2183 4483 (2¹3.
2208 4365 3228 4498 32Pi1¹32²²125¹'iaeifinfissnfisst‘fflffix
3261 4386 3272 4406 ⁶

644 4496 961 4560 βαρύνεται’
1007 4499 1078 4550 τὰ
1126 4497 1203 4551 εἰς
1245 4502 1328 4564 ἰῖιῖ
1364 4499 1614 4565 λήγοντα
1660 4500 1865 4565 ἔχοντα
1915 4500 2056 4551 κατὰ
2103 4499 2379 4552 διάςταςιν
2426 4499 2760 4564 ςύμφωνον,
2809 4498 2988 4552 ὁπότε
3035 4500 3109 4564 μὴ
3155 4500 3227 4551 τὸ

641 4563 785 4614 αὐτὸ
824 4564 1133 4628 ςύμφωνον
1171 4565 1285 4632 εἴη,
1325 4568 1646 4632 βαρύνεται·
1681 4568 1752 4619 τὸ
1788 4568 1850 4620 δὲ
1885 4567 2110 4633 γραμμή
2147 4567 2429 4632 ὀξύνεται,
2469 4568 2608 4620 διότι
2642 4567 2713 4618 τὸ
2746 4566 2890 4618 αὐτὸ
2915 4566 3228 4631 ςύμφωνον

644 4632 1050 4696 παραλήγεται)
1090 4633 1347 4691 ὀξύνεται
1394 4632 1518 4686 οἷον
1562 4636 1813 4701 γραμμή,
1865 4638 1950 4687 eui
1999 4653 2221 4687 normae
2259 4637 2394 4687 Lob.
2437 4634 2638 4701 ψάμμη
2686 4652 2990 4701 repugnare
3038 4642 3226 4700 negat,

644 4702 773 4762 qnia
811 4700 915 4748 hoc
954 4717 1053 4765 per
1087 4703 1664 4765 paraschematismum
1702 4720 1768 4754 ex
1804 4703 2032 4767 ψάμμος
2069 4705 2274 4755 factum
2312 4705 2400 4754 sit.

1344 4992 1356 5031 Ι
