3664 5546
599 368 759 415 CLIV

820 530 1204 599 stephanus
1246 532 1637 599 Byzantius.

525 631 528 634 Ι
598 659 668 723 ἐν
732 664 807 742 τῇ
873 659 1043 743 νήςῳ
1109 662 1358 740 δηχθεὶς
1422 662 1548 727 ὑπὸ
1616 661 1832 742 ὄφεως

600 781 821 841 εταφη.

724 964 869 1047 310,
916 965 957 1028 9
1003 967 1339 1031 Θέςπεια
1393 968 1577 1033 πόλις
1634 970 1832 1032 Βοιω-

597 1068 751 1133 τίας.
846 1069 1132 1148 Ὅμηρος
1189 1069 1538 1135 «Θέςπειαν
1604 1070 1835 1149 Γραῖάν

597 1191 707 1234 τε»
744 1169 819 1250 (Β
847 1169 1032 1254 498)·
1075 1172 1388 1252 γράφεται
1426 1174 1526 1237 καὶ
1572 1174 1675 1236 διὰ
1718 1176 1836 1236 τοῦ

596 1273 617 1335 ἰ
673 1272 775 1336 καὶ
828 1272 1181 1338 ἐκτείνεται.
1279 1275 1379 1338 καὶ
1443 1275 1849 1366 ςυςτι-ἷλλεταιΙ

597 1374 773 1451 παρὰ
807 1374 1094 1458 Κορίννῃ.
1152 1380 1585 1454 πληθυντικῶς
1615 1379 1685 1440 δὲ
1717 1377 1834 1441 Θε-

602 1477 786 1541 ςπιαί.
885 1477 987 1540 καὶ
1039 1481 1246 1558 θαῦμα
1298 1485 1436 1543 πῶς
1488 1479 1564 1542 τὸ
1615 1478 1832 1566 ἑνικὸν

600 1579 704 1643 διὰ
750 1578 1107 1658 διφθόγγου
1149 1579 1478 1659 γράφεται.

725 1679 874 1760 487,
913 1681 990 1744 15
1034 1681 1366 1747 Οἴτυλος
1407 1682 1591 1746 πόλις
1619 1681 1835 1746 Λακω-

604 1787 777 1860 νικῆς
825 1782 973 1860 «ἠδ’
1017 1784 1331 1849 Οἴτυλον»
1380 1784 1470 1848 ὡς
1516 1784 1828 1849 δάκτυλον

602 1884 734 1950 άπὸ
777 1889 895 1949 τοῦ
941 1886 1216 1950 Οἰτύλου
1260 1885 1488 1964 ἥρωος.
1552 1887 1718 1950 τινες
1764 1887 1836 1949 δὲ

603 1988 677 2052 τὸ
725 1990 783 2050 δι
831 1987 1071 2065 ἄρθρον
1126 1989 1280 2067 φαςὶ
1333 1989 1434 2052 καὶ
1488 1990 1602 2066 τὴν
1646 1987 1837 2051 πόλιν

603 2089 831 2154 Τύλον.

734 2413 1003 2513 102,Ι16
1048 2414 1405 2479 Ἀπαιςός
1449 2414 1635 2478 πόλις
1679 2412 1837 2477 κατὰ

602 2519 718 2596 τὴν
746 2516 1034 2600 Τρῳάδα.
1065 2517 1365 2595 ’Ὅμηρος
1392 2516 1497 2581 «οἵ
1525 2517 1586 2580 τ’
1619 2516 1834 2594 Ἀδρή-

605 2619 810 2684 ςτειάν
840 2619 895 2681 τ’
924 2617 1104 2697 εἶχον
1137 2620 1236 2683 καὶ
1267 2623 1467 2698 δῆμον
1495 2620 1831 2683 Ἀπαιςοῦ»

602 2719 710 2806 (ΙΙ.
760 2723 806 2787 Β
851 2719 1002 2805 828)
1070 2722 1172 2786 καὶ
1237 2723 1381 2801 δίχα
1444 2726 1561 2787 τοῦ
1619 2726 1660 2785 ᾶ
1720 2719 1834 2786 «ὅς

604 2823 672 2903 ῥ’
701 2824 797 2889 ἐνὶ
824 2824 1044 2908 Παιςῷ
1077 2828 1217 2889 ναῑε
1248 2825 1710 2904 πολυκτήμων»
1761 2821 1841 2904 (Ε

601 2926 756 3006 612)
825 2924 914 2989 ὡς
978 2925 1090 3006 ἄρ’
1142 2928 1421 3005 Ἄταρνα
1484 2927 1669 2990 πόλις
1732 2925 1837 2989 καὶ

602 3028 834 3107 Τάρνα.

663 3231 669 3237 Ι
734 3147 875 3226 135,
907 3146 946 3209 8
992 3147 1431 3226 Ἀςπληδών
1477 3146 1663 3211 πόλις
1692 3145 1835 3210 Φω-

604 3250 777 3314 κίδος
839 3284 924 3294 -
994 3248 1125 3313 ἀπὸ
1193 3249 1645 3326 Ἀςπληδόνος
1695 3247 1837 3311 υίοῦ

543 3346 550 3363 ’
603 3353 857 3432 νύμφης
913 3351 1174 3415 Μιδείας
1240 3352 1341 3415 καὶ
1398 3351 1836 3415 Ποςειδῶνος·

603 3455 719 3534 τὴν
766 3454 836 3517 δὲ
879 3452 1040 3541 παρ’
1079 3450 1334 3537 Ὁμήρῳ
1377 3456 1487 3530 τῆς
1532 3453 1837 3517 Βοιωτίας

604 3556 903 3635 φαςί....
972 3553 1282 3633 γράφεται
1340 3556 1442 3619 καὶ
1483 3555 1676 3633 χωρὶς
1718 3558 1835 3619 τοῦ

604 3662 675 3739 ᾶ,
721 3656 872 3721 ἀλλ’
917 3656 996 3721 οὐ
1041 3657 1198 3734 παρ’
1242 3657 1512 3740 Ὁμήρῳ.

737 4084 873 4160 123,
913 4082 986 4145 18
1031 4083 1256 4162 Ἄρνη
1292 4082 1477 4148 πόλις
1507 4083 1836 4148 Βοιωτίας·

602 4187 885 4266 Ὅμηρος
913 4222 998 4231 -
1029 4186 1129 4248 καὶ
1151 4185 1510 4265 Λυκόφρων
1542 4223 1638 4248 -—.
1687 4191 1827 4250 δευ·

604 4289 757 4366 τέρα
785 4288 970 4351 πόλις
1002 4288 1366 4370 Θετταλίας,
1396 4287 1664 4353 ἄποικος
1688 4289 1826 4352 Βοι-

605 4391 823 4472 ωτίας,
879 4390 1026 4467 περὶ
1069 4388 1143 4467 ἦς
1197 4388 1234 4453 ὁ
1279 4392 1552 4469 χρηςμὸς
1599 4392 1835 4468 «Ἄρνη

603 4493 958 4572 χηρεύουςα
1001 4493 1173 4570 μένει
1218 4493 1527 4557 Βοιώτιον
1571 4491 1777 4571 ἄνδρα
1793 4516 1838 4555 ».

603 4595 918 4673 θυγατέρα
991 4595 1060 4658 δέ
1144 4614 1333 4675 φαςιν
1403 4594 1639 4659 Αἰόλου
1722 4595 1838 4673 τὴν

600 4698 860 4776 Ἄρνην.

729 4814 878 4894 273,
930 4815 1006 4877 10
1048 4816 1503 4894 Ἐπίδαυρος
1555 4850 1622 4860 —-
1672 4815 1840 4879 τινὲς

1621 437 1630 447 .
1680 369 2094 422 PRAEFATIO.

2313 531 2762 588 Herodianum

1939 663 2039 726 καὶ
2083 662 2157 726 τὸ
2201 660 2478 741 θηλυκὸν
2522 661 2628 725 ἐπὶ
2668 664 2781 740 τῆς
2811 663 3008 740 νήςου
3054 661 3179 725 ἀπ’

1939 764 2140 829 αὐτοῦ
2184 763 2393 843 ὄνομα
2445 764 2785 846 λαβούςης,
2842 764 2931 829 ὥς
2987 785 3178 844 φηςιν

1942 868 2283 932 Ἑκαταῖος.

2039 966 2118 1032 Il.
2146 967 2254 1032 Pr.
2279 971 2325 1034 Β
2345 968 2470 1032 498
2502 968 2858 1033 ἐκτετάςθαι
2888 969 3041 1048 φαςὶ
3073 971 3179 1033 διὰ

1942 1073 2017 1136 τὸ
2064 1070 2295 1150 με’τρον
2344 1068 2462 1154 (sc.
2511 1072 2902 1151 Θέςπιαν).
2948 1071 3023 1134 τὸ
3053 1073 3180 1149 γὰρ

1943 1176 2054 1250 τῆς
2117 1173 2391 1251 ἱςτορίας
2451 1173 2523 1238 ἐν
2590 1176 2852 1257 ςυςτολῇ
2918 1173 2987 1237 τέ
3054 1173 3179 1237 ἐςτι

1943 1279 2377 1353 πληθυντικῶς
2432 1295 2499 1339 τε
2564 1275 2929 1354 λεγόμενον.
3030 1274 3180 1339 ἴςως

1946 1376 2066 1442 οὖν
2110 1377 2270 1442 ὅλον
2314 1377 2644 1458 ποιητικόν
2687 1375 2851 1442 ἐςτιν
2895 1381 3023 1441 κτλ.

2042 1682 2121 1749 Il.
2178 1682 2287 1747 Pr.
2347 1685 2393 1748 Β
2459 1682 2584 1747 585
2651 1681 3018 1748 Θῖτυλον;
3089 1683 3183 1747 ὡς

1943 1788 2276 1852 δάκτυλον.
2365 1785 2626 1864 ἄρχεται
2675 1786 2798 1863 γάρ
2851 1785 2925 1849 τὸ
2972 1783 3182 1863 ὄνομα

1945 1889 2077 1954 ἀπὸ
2130 1893 2240 1968 τῆς
2285 1891 2356 1952 fif
2401 1889 2787 1967 διφθόγγου·
2843 1891 3051 1951 κακῶς
3109 1889 3181 1950 δὲ

1946 1992 2321 2070 Τυραννίων
2368 1990 2662 2069 οἰόμενος
2716 1989 2958 2067 ἄρθρον
3015 1986 3179 2052 εἶναι

1944 2095 2019 2158 τὸ
2064 2099 2127 2157 ffi
2171 2094 2274 2158 καὶ
2315 2093 2489 2170 παρὰ
2530 2093 2646 2170 τὴν
2689 2091 3019 2169 ςυνήθειαν
3062 2094 3180 2154 τοῦ

1942 2200 2213 2274 ποιητοῦ
2259 2194 2639 2273 ἁμαρτάνων
2696 2195 2797 2257 καὶ
2846 2192 3019 2271 παρὰ
3062 2194 3178 2270 τὴν

1940 2299 2219 2377 ἱςτορίαν
2265 2300 2392 2362 κτλ.

2044 2420 2189 2497 περὶ
2242 2421 2467 2482 παθῶν
2512 2414 2580 2477 in
2624 2413 2702 2478 E.
2751 2414 2842 2478 M.
2893 2412 3050 2494 199,
3094 2413 3179 2477 33

1947 2519 2328 2585 Ἀπαιςόςε
2392 2517 2628 2582 Παιςός
2686 2518 2775 2582 ὡς
2830 2517 2867 2581 ὁ
2912 2517 3179 2595 ποιητής

1944 2645 2092 2704 φηςι
2123 2621 2234 2686 «ὅς
2258 2620 2315 2699 ῥ’
2340 2620 2672 2703 ἐνὶΠαίςῳ
2700 2623 2878 2684 ναῖε»
2907 2618 2979 2701 (Ε
3000 2616 3178 2704 612),

1942 2725 2012 2791 ἐν
2059 2724 2299 2803 ἑτέροις
2344 2723 2414 2787 δὲ
2449 2725 2694 2801 «δῆμον
2726 2721 3065 2787 Ἀπαιςοῦ»
3094 2756 3179 2766 -

1940 2827 2179 2893 Παιςός
2238 2826 2339 2891 καὶ
2392 2825 2461 2890 ἐν
2528 2829 2909 2907 πλεοναςμῷ
2967 2827 3083 2889 τοῦ
3138 2826 3182 2887 ἇ

1940 2928 2248 2995 Ἀπαιςός.

2040 3154 2187 3230 περὶ
2235 3154 2458 3214 παθῶν
2515 3149 2582 3211 in
2626 3147 2706 3211 E.
2752 3146 2843 3211 M.
2895 3147 3041 3229 157,
3097 3147 3182 3211 33

1946 3254 2011 3317 Ἀ
2037 3240 2139 3319 ς’π
2164 3257 2198 3317 λ
2223 3274 2259 3330 η
2286 3257 2322 3315 δ
2345 3252 2397 3315 ώ
2422 3272 2460 3315 ν
2486 3269 2499 3281 ·
2587 3252 2741 3330 φαςὶ
2815 3251 2939 3329 γὰρ
3016 3248 3181 3314 εἶναι

1945 3353 2340 3433 Ἀςπληδόνα
2362 3354 2476 3417 τὸν
2500 3353 2884 3433 Πρέςβωνος
2913 3354 3015 3417 καὶ
3038 3351 3179 3416 (τε-

1945 3461 2167 3536 ροπῆς.
2282 3455 2773 3533 Ἀπολλόδωρος
2847 3455 2916 3518 δέ
2989 3475 3179 3534 φηςιν

1945 3558 2340 3636 Ἀςπλήδόνα
2367 3559 2628 3636 γνήςιον
2661 3556 2778 3622 οὐκ
2810 3556 3005 3640 εἶναι,
3049 3555 3180 3630 εἴγε

1946 3660 2216 3740 εὕρομεν
2279 3658 2661 3739 «(πληδόνα
2725 3661 2790 3723 τ’
2844 3659 3177 3738 ἠγαθέην».

1946 3762 2101 3828 ὅταν
2159 3760 2279 3825 οὖν
2325 3760 2641 3843 εὕρωμεν,
2698 3762 2764 3825 οἳ
2808 3761 2875 3825 δ’
2919 3762 3179 3839 Ἀςπλη-

1944 3865 2105 3929 δόνα
2167 3865 2355 3927 ναῖον
2417 3862 2503 3945 (Β
2556 3862 2719 3948 511)
2782 3862 3179 3942 πλεοναςμός

1944 3967 2266 4045 ποιητικός
2312 3965 2434 4029 ἐςτι
2477 3969 2594 4029 τοῦ
2639 3970 2694 4027 ἃ.

2046 4087 2190 4164 περὶ
2262 4087 2487 4149 παθῶν
2565 4083 2645 4147 Ε.
2713 4081 2805 4146 Μ.
2878 4082 3030 4163 145,
3095 4081 3179 4146 53

1950 4189 2174 4266 Ἄρνη
2219 4186 2405 4251 πόλις
2435 4186 2754 4250 Βοιωτίας.
2814 4185 2942 4250 ἔςτι
2982 4185 3179 4249 δὲκαὶ

1944 4290 2296 4356 Θεςςαλίας.
2357 4287 2487 4353 ἀπὸ
2518 4289 2748 4367 Ἄρνης
2789 4292 2900 4366 τῆς
2927 4289 3177 4352 Αἰόλου.

2044 4814 2189 4892 περὶ
2230 4818 2454 4877 παθῶν
2500 4812 2579 4875 Ε.
2623 4810 2714 4873 M.
2760 4812 2915 4893 566,
2961 4812 3045 4875 34
3088 4815 3177 4876 λι-
