3664 5546
1134 347 1728 449 rrepseromxflc
1765 365 2201 450 προςΩιΔιΑς
2234 396 2300 449 Δ.
2920 396 3005 461 85

420 588 538 645 ρον
582 565 848 646 Ταφίων
893 565 1198 630 ἐκαλεῖτο.
1289 564 1593 647 Εὐβοῖς,
1649 566 1930 647 Τρωῖς,
1978 566 2269 647 Ἀθωῒς,
2316 566 2722 646 Ὁμολωῑς·
2812 568 3000 647 Ὁμο-

421 670 645 734 λωῑδες
692 669 921 748 Θηβῶν
966 667 1159 732 πύλαι
1204 667 1368 746 πρὸς
1413 673 1504 752 τῷ
1548 667 1699 746 ὄρει.
1749 668 2125 747 Ἀχελωῖς.
2199 668 2237 732 ὁ
2283 670 2354 733 δὲ
2400 669 2596 745 λόγος
2641 670 2744 734 έπὶ
2787 669 2999 749 Ἑλλη-

417 776 610 837 νικῶν
666 770 1036 851 ὀνομάτων,
1103 769 1184 849 μή
1239 790 1333 836 τις
1385 771 1460 835 τὸ
1518 769 1706 836 Ξόῑς
1762 771 1864 834 καὶ
1918 770 2089 835 (άῖς
2140 770 2446 847 Αἰγύπτια
2489 771 2647 837 ὄντα
2697 773 2799 837 καὶ
2841 773 3002 851 παρ’

417 873 746 957 Ἡροδότῳ
795 873 1098 951 λεχθέντα
1140 872 1511 950 παράθηται.
1603 872 1908 937 ὡςαύτως
1966 875 2036 938 δὲ
2091 874 2192 937 καὶ
2243 874 2534 952 Θμοῦις
2587 874 2774 939 πόλις
2817 874 3000 951 Αἰγύ-

417 997 614 1057 πτου,
660 974 833 1039 cote
877 973 1065 1039 πόλις
1095 973 1447 1055 Αἰγύπτου,
1495 973 1586 1039 ὡς
1630 973 1954 1040 Ἑκαταῖος
1999 975 2069 1038 ἐν
2114 982 2190 1060 τῇ
2234 975 2430 1054 αὐτῆς
2459 976 2851 1059 περιηγήςει,
2899 979 3000 1042 καὶ
3027 988 3060 1037 5

421 1080 657 1158 Κρῶῑς
701 1076 994 1157 Ἀράβων
1038 1075 1225 1141 πόλις
1271 1076 1670 1156 βαρύνονται.
1747 1077 1973 1161 Τούτῳ
2018 1083 2109 1161 τῷ
2155 1077 2331 1162 λόγῳ
2372 1080 2475 1143 καὶ
2519 1080 2691 1144 δαῖς
2748 1079 2787 1158 ἡ
2834 1079 2998 1159 μάχη

417 1180 734 1262 ὀξύνεται,
789 1180 982 1258 χωρὶς
1039 1177 1094 1243 εἰ
1145 1180 1227 1259 μὴ
1286 1178 1462 1263 λέγοι
1515 1199 1608 1244 τις
1664 1183 1858 1244 τοῦτο
1916 1183 2447 1259 βεβαρυτονῆςθαι
2503 1183 2667 1260 πρὸς
2722 1180 2999 1253 ἀντιδια-

415 1284 647 1361 ςτολὴν
703 1284 820 1346 τοῦ
874 1280 1270 1359 ὀξυνομένου
1326 1280 1537 1359 ὥςπερ
1593 1282 1696 1345 καὶ
1751 1283 1825 1347 τὸ
1882 1281 2072 1360 ἀκρίς.
2161 1283 2236 1347 τὸ
2292 1285 2363 1348 δὲ
2413 1283 2778 1362 Κραταιϊς
2822 1287 3000 1349 δοκεῖ

415 1385 519 1449 ἐπὶ
561 1388 677 1449 τοῦ
723 1383 944 1462 κυρίου
990 1385 1521 1463 βεβαρυτονῆςθαι
1578 1383 1682 1448 διὰ
1724 1384 1842 1462 τὴν
1887 1384 2232 1463 αἰτιατικὴν
2287 1388 2630 1465 «βωςτρεῑν
2688 1387 2759 1451 δὲ
2809 1386 2998 1464 Κρά-

411 1496 575 1552 ταιῖν
619 1484 773 1569 (od.
822 1508 864 1564 μ
911 1483 1085 1566 124)·
1163 1485 1326 1564 τάχα
1381 1487 1452 1550 δὲ
1508 1486 1610 1550 καὶ
1654 1490 1849 1551 τοῦτο
1895 1488 2059 1565 πρὸς
2113 1487 2467 1566 διαςτολήν.
2557 1489 2659 1552 καὶ
2703 1489 2778 1553 τὸ
2825 1490 2997 1567 νηῒς
3036 1497 3102 1547 10

414 1589 627 1669 μόνως
670 1588 946 1667 θηλυκὸν
993 1587 1097 1652 ἐπὶ
1139 1586 1548 1667 τῆς,νύμφης
1593 1588 1915 1671 ὀξύνεται,
1960 1589 2035 1653 τὸ
2081 1588 2151 1654 δὲ
2196 1592 2333 1668 νῆῖς
2379 1591 2454 1655 τὸ
2493 1589 2825 1668 άρςενικὸν
2856 1589 2999 1656 ἀντὶ

414 1696 530 1756 τοῦ
575 1690 839 1768 ἄπειρος
884 1687 1029 1755 οἷον
1077 1693 1254 1768 «νῆῖς
1298 1687 1591 1755 ἀέθλων»
1641 1690 1993 1770 βαρύνεται.

579 1793 673 1857 Τὰ
715 1792 806 1858 εἰς
849 1793 904 1854 'sc
951 1790 1272 1871 βαρύτονά
1327 1792 1428 1856 καὶ
1483 1791 1553 1856 ἐν
1598 1797 1674 1875 τῇ
1721 1793 1999 1858 ςυνθέςει
2046 1795 2459 1875 βαρύνονται,
2517 1797 2695 1873 μῆτις
2749 1796 2995 1861 πολύ-

413 1916 665 1978 μητις,
709 1893 871 1972 ἴδρις
916 1892 1201 1975 ἄϊδρις,
1245 1893 1432 1959 πόλις
1476 1893 1942 1978 φιλόπολις,
1987 1896 2169 1975 χάρις
2214 1895 2545 1975 εὔχαρις.

579 1998 672 2062 Τὰ
715 1996 805 2062 εἰς
847 2000 904 2060 ῖς
962 1997 1242 2074 λήγοντα
1293 1996 1533 2075 θηλυκὰ
1587 1995 1975 2079 ὀξυνόμενα,
2029 1997 2084 2063 εἰ
2128 1999 2243 2078 μὲν
2299 1998 2369 2064 ἐν
2415 2005 2491 2084 τῇ
2548 1998 2825 2065 ςυνθέςει
2871 2022 2993 2080 φυ-
3040 2009 3097 2059 15

411 2100 627 2166 λάςςοι
673 2099 876 2178 μόνον
921 2099 996 2163 τὸ
1041 2099 1319 2178 θηλυκὸν
1363 2099 1586 2181 γένος,
1630 2099 1732 2162 καὶ
1776 2100 1894 2165 τὸν
1939 2100 2141 2165 αὐτὸν
2187 2099 2384 2165 τόνον
2431 2102 2766 2184 φυλάςςει,
2825 2102 2878 2167 εἰ
2925 2105 2995 2168 δὲ

409 2203 837 2282 μεταληπτικὰ
888 2200 1145 2278 γένοιτο
1200 2202 1302 2265 καὶ
1343 2199 1720 2284 ·ἀρςενικοῦ,
1787 2202 2140 2281 μεθίςταται
2197 2204 2299 2267 καὶ
2351 2202 2440 2269 εἰς
2500 2208 2760 2284 βαρεῖαν
2817 2205 2993 2269 τάςιν

408 2304 786 2381 ἀναγκαίως.
873 2307 990 2368 τοῦ
1046 2304 1160 2381 μὲν
1225 2303 1580 2384 προτέρου,
1645 2303 2088 2383 φυλάςςοντος
2142 2306 2218 2370 τὸ
2272 2304 2432 2370 αὐτὸ
2486 2304 2676 2381 γένος
2734 2307 2994 2372 καὶτὸν

408 2408 611 2472 αὐτὸν
656 2405 886 2489 τόνον,
934 2405 1133 2470 ςκελίς
1177 2406 1659 2488 περιςκελίς,
1705 2405 1883 2484 νυχίς
1927 2407 2345 2488 παννυχίς,
2390 2411 2507 2472 τοῦ
2552 2410 2623 2472 δὲ
2666 2409 2992 2490 δευτέρου,

408 2510 588 2574 έλπίς
632 2509 1017 2574 δύςελπις.
1105 2508 1301 2591 ταύτῃ
1348 2506 1469 2572 οὖν
1522 2508 1598 2573 τὸ
1656 2509 1771 2586 μὲν
1817 2509 2171 2585 καταιγίς
2226 2509 2547 2591 ὀξύνεται,
2603 2511 2678 2575 τὸ
2738 2511 2809 2575 δὲ
2866 2531 2993 2589 με-
3031 2522 3098 2570 20

409 2612 771 2686 λάναιγις
826 2608 1176 2690 βαρύνεται.
1268 2608 1474 2674 οὕτως
1530 2608 1650 2674 οὖν
1706 2611 1808 2673 καὶ
1862 2610 1938 2675 τὸ
2005 2611 2324 2688 εὐκλήῖς
2390 2611 2492 2675 καὶ
2556 2613 2993 2690 πολυκλήῖς

405 2714 512 2780 καὶ
555 2733 640 2796 με
657 2715 861 2792 λαμψ
879 2712 1062 2791 ήφις
1108 2711 1584 2791 βαρυνθήςεται·
1639 2710 1870 2778 τίθεται
1913 2712 2036 2792 γὰρ
2081 2714 2187 2778 καὶ·
2230 2713 2334 2779 ἐπὶ
2375 2712 2710 2792 ἀρςενικοῦ
2757 2714 2848 2779 ὡς
2892 2715 2995 2779 καὶ

406 2818 477 2881 ἐκ
535 2819 652 2880 τοῦ
707 2814 1003 2879 ἐναντίου
1065 2815 1141 2879 τὸ
1209 2814 1642 2879 λεύκαςπις.
1717 2815 1819 2879 καὶ
1883 2816 2006 2894 γὰρ
2064 2815 2167 2880 ἐπὶ
2222 2816 2566 2896 Ἀμαζόνος
2622 2817 2837 2895 ταγείη
2894 2815 2990 2881 ἄν.

405 2919 513 2984 καὶ
553 2918 630 2983 τό
676 2916 1041 2995 εὐκνήμις
1086 2914 1302 2994 ἀμέλει
1347 2915 1452 2981 ἐπὶ
1481 2917 1744 2996 Ἀθηνᾶς
1787 2916 2076 2982 τέτακται
2105 2919 2281 2996 παρὰ
2325 2918 2554 3002 Ῥιανῷ
2587 2918 2992 2984 Θεςςαλικοῑς

406 3020 552 3085 «τοὶ
597 3021 662 3084 δ’
706 3019 825 3098 ἤδη
870 3018 974 3084 ἐπὶ
1016 3019 1177 3097 νηὸν
1223 3017 1599 3098 ἑῦκνήμιδος
1643 3020 1955 3097 Ἰτώνης».
3026 3029 3093 3080 25

577 3142 615 3177 o*
664 3121 758 3185 Τὰ
828 3121 918 3186 εἰς
986 3125 1038 3184 ῖς
1093 3121 1451 3202 παρώνυμα
1519 3120 1888 3203 ὀξύνονται,
1956 3121 2193 3201 δρυμός
2258 3121 2562 3203 Δρυμίς
2632 3121 2993 3202 «Δρυμίδες

405 3225 720 3306 νύμφαι»,
766 3223 964 3299 λόγος
1011 3222 1384 3299 «Λογίδες
1429 3223 1706 3306 ςεμναί»,
1754 3223 2007 3303 φορμός
2054 3224 2412 3303 «φορμίς·
2460 3223 2787 3303 ἰςχάδιον»
2830 3225 2992 3304 παρ’

405 3327 686 3392 Ἀλέξιδι.
778 3325 1025 3405 Κάδμος
1082 3326 1392 3405 Καδμίς
1428 3326 1590 3404 παρ>
1642 3326 1856 3410 Ἰβύκῳ
1924 3327 2356 3405 «παρελέξατο
2414 3326 2671 3405 Καδμίδι
2724 3327 2989 3411 κούρᾳ»,

403 3428 784 3508 Παρναςςός
849 3427 1322 3511 Παρναςςίς,
1393 3427 1728 3493 Μολοςςός
1796 3428 2216 3512 Μολοςςίς,
2295 3427 2568 3508 Κηφιςός
2639 3429 2989 3511 Κηφιςίς,

547 3755 581 3807 1.
622 3757 646 3804 1
688 3753 755 3804 de
794 3753 977 3817 Τρωῖς
1013 3754 1082 3804 ef.
1119 3754 1255 3807 Lob,
1294 3752 1379 3803 El.
1417 3755 1472 3804 11
1506 3753 1589 3804 46.
1728 3753 1763 3805 1.
1802 3757 1834 3804 3
1870 3751 2002 3805 Ξόῖς
2041 3753 2188 3819 quod
2225 3753 2436 3805 diceret
2471 3753 2615 3818 apud
2651 3753 2990 3804 Herodotum

403 3839 548 3886 esse,
588 3822 716 3872 falli
751 3823 1010 3873 memoria
1047 3821 1422 3872 Herodianum
1459 3822 1776 3872 observavit
1811 3822 2098 3873 Lehrsius,
2195 3824 2230 3873 l.
2273 3825 2337 3873 10
2372 3828 2726 3887 praeceptum
2762 3822 2829 3873 de
2866 3822 2989 3887 νηῒς

401 3897 462 3942 et
499 3892 622 3954 νῆἳ(
660 3891 866 3955 sumpsi
902 3907 968 3940 ex
1005 3890 1067 3940 E.
1105 3891 1176 3938 M.
1214 3892 1329 3951 604,
1367 3892 1413 3938 8.
1521 3889 1555 3939 l.
1599 3892 1657 3939 15
1693 3906 1790 3956 pro
1829 3889 2050 3939 Arcadii
2088 3906 2297 3942 canone
2333 3891 2391 3940 in
2428 3890 2649 3940 brevius
2674 3895 2986 3940 contracto:

401 3959 477 4011 τὰ
515 3957 594 4011 εἰς
632 3960 680 4010 ff
717 3960 796 4023 πῇ
836 3957 937 4021 μὲν
975 3955 1036 4008 ἐν
1073 3955 1314 4009 ςυνθέςει
1359 3955 1702 4021 φυλάττουςι
1747 3956 1852 4009 τὸν
1888 3955 2060 4009 τόνον
2107 3961 2185 4024 πῇ
2231 3958 2291 4009 δὲ
2338 3958 2405 4021 βα
2442 3956 2688 4008 ύνονται.
2758 3957 2848 4008 καὶ
2885 3972 2987 4022 φυ-

402 4026 670 4079 λάττουςι
709 4025 811 4090 μὲν
846 4027 916 4078 τὰ
953 4024 1318 4089 φυλάττοντα
1354 4024 1423 4076 τὸ
1460 4024 1708 4090 θηλυκὸν
1732 4024 1896 4088 γένος
1923 4024 2102 4078 ςκελίς
2140 3972 2473 4091 περιςκελίς,
2514 4022 2666 4088 νυχίς
2694 4023 2986 4088 παννυχίς’

397 4094 476 4148 τὰ
512 4095 573 4147 δὲ
608 4096 997 4146 κοινωνοῦντα
1033 4093 1304 4160 ἀρςενικῷ
1348 4092 1498 4156 γένει
1545 4092 1955 4156 μετατιθέαςιν,
1995 4091 2153 4145 ἐλπίς
2201 4093 2453 4156 εὔελπις,
2492 4089 2652 4144 ἀεπίς
2690 4091 2988 4145 λεύκαςπις

401 4191 468 4200 -
509 4165 670 4230 posui
705 4168 1061 4229 praeceptum
1104 4163 1308 4212 Iliacae
1347 4163 1496 4216 pros,
1537 4160 1576 4213 Β
1621 4166 1713 4214 1⁷5
1751 4163 1978 4212 insertis
2021 4179 2089 4212 ex
2126 4162 2357 4213 Arcadio
2392 4162 2679 4214 vocabulis
2717 4159 2986 4225 παννυχί(

403 4239 465 4284 et
503 4231 731 4284 εὔελπις
771 4237 828 4282 et
864 4247 931 4282 ex
966 4231 1152 4284 Diehr.
1190 4233 1305 4287 299,
1342 4231 1374 4280 4
1413 4229 1773 4295 μελαμψήφις
1809 4230 1845 4280 1.
1871 4233 1952 4280 22.
2026 4232 2089 4281 In
2130 4232 2226 4296 Ep.
2252 4232 2410 4280 Hom.
2436 4233 2552 4288 230,
2593 4233 2642 4290 2,
2679 4229 2742 4279 Ε.
2768 4231 2841 4281 Μ.
2868 4233 2987 4292 333,

401 4305 470 4351 22
507 4300 596 4350 hie
631 4315 809 4350 canon
845 4316 962 4349 cum
999 4299 1362 4364 praecedente
1400 4299 1457 4347 in
1496 4314 1658 4349 unum
1697 4299 2025 4348 coniunctus
2071 4302 2180 4348 est:
2226 4296 2297 4348 τὰ
2342 4296 2420 4350 εἰς
2455 4300 2505 4349 ff
2553 4296 2768 4362 θηλυκὰ
2810 4295 2986 4348 διεύλ-

403 4369 578 4432 λαβα,
617 4365 668 4419 εἰ
706 4367 807 4430 μὲν
845 4366 1209 4432 βαρύνονται,
1249 4365 1311 4417 ἐν
1346 4369 1415 4431 τῇ
1456 4366 1699 4419 ςυνθέςει
1736 4364 2257 4431 προπαροξύνονται
2304 4363 2428 4417 οἷον
2465 4364 2626 4417 πόλις
2664 4365 2985 4430 ἀκρόπολις,

406 4439 570 4502 μῆτις
616 4434 930 4499 πολύμητις
967 4436 1057 4486 καὶ
1093 4434 1492 4499 ἀγκυλόμητις·
1531 4432 1582 4485 εἰ
1615 4435 1676 4487 δὲ
1713 4433 1996 4498 ὀξύνεται,
2046 4431 2095 4485 εί
2131 4433 2232 4496 μὲν
2267 4436 2371 4485 τοῦ
2417 4433 2594 4485 αὐτοῦ
2633 4433 2831 4496 γένους
2869 4430 2984 4497 ῶςι,

401 4505 513 4556 τὸν
549 4503 729 4555 αὐτὸν
766 4504 938 4555 τόνον
974 4501 1354 4567 φυλάττουςιν
1391 4499 1515 4554 οἷον
1539 4501 1682 4565 αἰγίς
1709 4500 1974 4566 καταιγίς,
2014 4500 2166 4565 νυχίς
2202 4500 2492 4566 παννυχίς,
2530 4499 2668 4553 οἰκίς
2707 4499 2986 4566 περιοικίς.

405 4571 455 4625 εἰ
493 4571 554 4624 δὲ
589 4571 879 4636 ἀρςενικοῡ
915 4570 1114 4633 γένους
1152 4570 1310 4635 ὧςιν,
1350 4569 1400 4622 εί
1436 4569 1537 4633 μὲν
1575 4569 1879 4622 ἐκτείνουςι
1924 4570 1992 4622 τὸ
2038 4569 2296 4634 δίχρονον
2344 4569 2405 4622 ἑν
2448 4574 2519 4636 τῇ
2558 4568 2801 4622 ςυνθέςει
2849 4584 2985 4634 παρ·

404 4640 706 4693 οξύνονται
741 4636 866 4692 οἷον
910 4636 1066 4691 ἀκτίς
1102 4637 1443 4705 «Χρυςάκτις
1479 4639 1704 4703 ἥλιος»,
1743 4637 1940 4703 κνημίς
1978 4637 2240 4702 εὐκνήμις
2276 4637 2651 4703 «ἐϋκνήμιδας
2691 4637 2986 4701 Ἀχαιούς»

405 4707 470 4774 (Γ
512 4707 632 4772 156)
694 4706 852 4772 κλὴῑς
887 4708 1208 4771 πολυκλήϊς.
1280 4706 1328 4759 εἰ
1362 4707 1424 4759 δὲ
1462 4707 1632 4772 βραχὺ
1671 4706 1813 4758 αὐτὸ
1850 4707 2060 4771 ἐχουςι,
2099 4706 2622 4772 προπαροξύνονται
2660 4703 2721 4756 ἐν
2756 4709 2827 4771 τῇ
2864 4720 2984 4757 ςυν-

405 4775 553 4828 θέςει
597 4748 724 4828 οίον
772 4774 969 4840 πατρίς
1015 4775 1279 4841 εὔπατρις
1325 4776 1415 4827 καὶ
1461 4775 1820 4840 λιπόπατρις,
1877 4773 2037 4828 ἀςπίς
2080 4774 2343 4840 ῥίψαςπις
2391 4776 2460 4825 cf.
2508 4776 2573 4825 E.
2614 4775 2687 4823 Μ.
2735 4776 2861 4832 518,
2899 4777 2982 4838 32,

408 4845 600 4895 Choer.
637 4845 816 4910 Epim.
852 4845 909 4892 in
945 4844 1145 4895 Psalm.
1184 4847 1267 4906 92,
1306 4849 1387 4895 33.
1594 4843 1631 4894 l.
1669 4846 1733 4892 26
1779 4859 2043 4894 canonem
2080 4845 2263 4910 recepi
2300 4861 2366 4894 ex
2404 4845 2503 4908 Ep.
2542 4841 2700 4891 Hom.
2737 4844 2863 4904 224,
2900 4845 2982 4905 31,

408 4912 482 4962 ad
520 4910 719 4977 Καδμίε
757 4910 944 4963 addito
993 4928 1154 4964 versu
1187 4912 1344 4977 Ibyci
1390 4930 1454 4964 ex
1501 4915 1601 4978 Ep.
1643 4913 1797 4964 Hom.
1836 4914 1963 4975 255,
2003 4914 2060 4975 7,
2110 4913 2202 4976 qui
2240 4912 2393 4964 locus
2430 4927 2497 4962 ex
2533 4910 2675 4961 libro
2712 4910 2840 4974 περὶ
2881 4924 2982 4962 πα-
