3664 5546
1203 348 1362 403 ΠΕΡΙ
1403 347 1796 405 ΚΑΘΟΛΙΚΗ(
1842 347 2265 405 ΠΡΟΕΩιΔΙΑ(
2303 350 2364 405 Η.
2944 350 3068 416 201

656 521 750 587 Τὰ
793 520 882 588 εἰς
923 524 1040 601 {wo—c
1083 520 1593 603 ὑπερδιςύλλαβα
1635 524 2133 603 παραληγόμενα
2174 528 2249 605 τῇ
2296 525 2359 587 ffl
2402 522 2735 608 διφθόγγῳ
2778 543 3070 603 προπαρ-

490 623 858 708 οξύνονται,
903 623 1021 689 κᾶν
1066 623 1384 689 ἐπιθετικὰ
1429 625 1827 709 ὑπάρχωςιν,
1873 625 2311 703 Πάλαιρος·
2377 624 2503 691 ἔςτι
2558 627 2629 690 δὲ
2674 627 2913 706 χωρίον
2958 630 3071 706 τῆς

490 726 912 804 Ἀκαρνανίας.
1002 726 1302 806 μέμνηται
1349 727 1451 791 καὶ
1495 727 1871 808 Ἐπίχαρμος
1916 727 1986 792 ἐν
2032 727 2266 792 Ἐλπίδι
2320 728 2358 805 ἢ
2404 728 2683 813 Πλούτῳ
2745 729 2932 794 «οὔτ’
2975 728 3069 793 ὦν

486 827 818 906 Πάλαιρος
872 827 1023 892 οὔτε
1080 833 1421 909 βοιαυτοῦ»
1472 830 1584 912 (ιιι).
1672 831 2083 911 χήμαιρος·
2140 829 2524 909 κύπαιρος
2578 831 2881 909 Δωρικὸν
2936 830 3069 896 ἀπὸ

487 934 603 995 τοῦ
659 930 958 1009 κύπειρος
1019 931 1290 1008 γέγονεν
1355 939 1565 1017 τροπῇ
1629 936 1745 997 τοῦ
1798 935 1832 997 ἒ
1899 932 1989 997 εἰς
2052 935 2093 996 ἇ
2150 932 2240 997 ῶς
2293 932 2638 1009 κατώγειος
2692 934 3065 1009 κατώγαιος.
3094 948 3128 997 5

488 1036 890 1120 εὔκαιρος,
935 1034 1283 1114 ἄκαιρος.
1370 1035 1718 1114 τὸ-μέντοι
1774 1034 2089 1112 ἑταῖρος
2142 1038 2663 1113 προπεριςπᾶται.
2751 1033 2903 1101 ἴςως
2948 1035 3068 1101 οὖν

487 1137 983 1218 ἀναλογώτερον
1050 1138 1124 1203 τὸ
1186 1137 1493 1216 «ἑτάρους
1548 1157 1655 1201 τε»
1713 1138 1908 1219 χωρὶς
1963 1140 2081 1202 τοῦ
2124 1139 2155 1199 ῑ
2211 1137 2579 1216 λεγόμενον.
2676 1138 2893 1203 πολλὰ
2945 1138 3068 1218 γάρ

486 1240 609 1307 ἐςτι
653 1244 947 1323 τοιαῦτα,
994 1241 1351 1323 μάρμαρος,
1396 1240 1743 1323 βάρβαρος,
1787 1239 2099 1320 τάλαρος,
2143 1240 2491 1322 κύλλαρος,
2535 1239 2845 1319 φλύαρος.

655 1342 749 1408 Τὰ
804 1342 892 1407 εἰς
947 1362 1062 1420 ρος
1128 1341 1636 1423 ὑπερδιςύλλαβα
1699 1343 2198 1421 παραληγόμενα
2260 1347 2336 1425 τῇ
2400 1344 2483 1408 ἇῦ
2551 1342 2917 1426 διφθόγγῳ,
2986 1344 3068 1422 μή

485 1444 722 1524 ἔχοντα
765 1445 1037 1528 θηλυκά,
1081 1444 1665 1526 προπαροξύνεται,
1710 1445 2062 1522 Ἴςαυρος
2105 1443 2309 1509 ἔθνος.
2379 1441 2839 1522 Ἐπίδαυρος
2883 1444 3069 1510 πόλις
3108 1455 3172 1508 10

485 1546 649 1625 πρὸς
702 1553 794 1632 τῷ
837 1547 1052 1625 Ἄργει
1107 1550 1395 1625 θηλυκῶς
1449 1546 1779 1626 λεγομένη.
1866 1548 1943 1612 τὸ
1996 1545 2119 1624 γὰρ
2173 1544 2598 1626 «ἀμπελόεντ’
2647 1546 3066 1625 Ἐπίδαυρον»

484 1648 560 1730 (Β
589 1647 742 1729 561)
783 1650 939 1727 μετὰ
978 1650 1311 1728 ἀρςενικοῦ
1355 1650 1650 1714 ἐπιθέτου
1692 1648 1970 1728 θηλυκόν
2011 1649 2177 1714 ἐςτιν
2220 1648 2311 1712 ῶς
2360 1649 2436 1713 τὸ
2491 1647 2897 1727 «ψολόεντος
2944 1649 3067 1729 ἐχί-

485 1755 678 1829 δνης»
725 1748 949 1832 (Ther.
987 1750 1137 1834 129)
1191 1752 1367 1831 παρὰ
1399 1752 1734 1836 Νικάνδρῳ
1779 1752 1882 1816 καὶ
1924 1753 2001 1816 τὸ
2048 1750 2485 1831 «ἠμαθόεντος
2529 1751 2801 1816 Πύλου»
2847 1751 2925 1833 (Β
2958 1750 3069 1834 77)

483 1854 584 1917 καὶ
629 1851 745 1917 ὅςα
787 1858 1065 1918 τοιαῦτα.
1153 1856 1321 1919 τινες
1366 1855 1438 1917 δὲ
1481 1853 1682 1933 αὐτήν
1727 1875 1877 1935 φαςι
1923 1853 2197 1933 Λειμήρη
2250 1853 2355 1917 διὰ
2399 1853 2759 1934 διφθόγγου
2808 1854 2899 1919 ῶς
2923 1857 3068 1935 ,λει-

485 1959 700 2033 μῶνας
743 1954 1019 2034 ἔχουςαν
1062 1955 1101 2033 ἢ
1147 1957 1252 2020 διὰ
1281 1959 1398 2020 τοῦ
1426 1959 1461 2020 ἶ
1493 1957 1583 2021 ὡς
1612 1956 2046 2036 πολυλίμενον
2077 1956 2235 2020 κατὰ
2258 1944 2732 2035 Ἀρτεμίδωρον.
2779 1954 3067 2021 ἐκαλεῖτο
3108 1968 3169 2021 15

484 2058 585 2120 καὶ
631 2056 952 2121 Μειλιςςία
993 2058 1097 2121 καὶ
1137 2056 1378 2137 Αἱμηρά
1464 2059 1570 2123 διὰ
1611 2060 1688 2124 τὸ
1733 2063 2012 2138 ςυνεχῶς
2069 2057 2461 2137 αἱμάςςεςθαι
2515 2059 2632 2122 τὸν
2689 2059 2905 2138 βωμὸν
2950 2063 3069 2123 τοῦ

486 2158 859 2237 Ἀςκληπιοῦ
915 2159 1043 2223 ὑπὸ
1099 2163 1230 2224 τῶν
1286 2163 1535 2225 θυςιῶν.
1624 2158 1764 2247 εἶτα
1818 2160 2189 2238 Ἐπίταυρος
2233 2160 2337 2225 καὶ
2389 2159 2779 2237 Ἐπίδαυρος.
2884 2160 3066 2226 Κέν-

484 2280 805 2343 ταυρος,
860 2261 1273 2344 Ἄναυρος,
1328 2263 1790 2346 Ἄγλαυρος,
1852 2263 2256 2340 Κάλαυρος
2312 2261 2350 2326 ὁ
2403 2262 2845 2345 Ποςειδῶνος,
2908 2262 3066 2327 Μά-

482 2382 770 2441 ταυρος
804 2362 988 2427 πόλις
1034 2361 1308 2428 (ικελίας
1351 2362 1616 2442 Λοκρῶν
1661 2364 1890 2443 κτίςμα.
1981 2365 2386 2442 Βάναυρος
2429 2363 2564 2428 υἱὸς
2593 2362 2894 2446 Αἴαντος,
2940 2363 3067 2446 ἀφ’

483 2463 562 2530 οὗ
618 2464 1004 2543 Βαναυρίδες
1058 2464 1437 2544 Τυρρηνικαὶ
1498 2469 1694 2544 νῆςοι.
1782 2467 1857 2532 τὸ
1926 2467 1997 2531 δὲ
2060 2465 2450 2544 θηςαυρός
2518 2466 2608 2530 ῶς
2671 2467 3065 2544 περιεκτικόν
3101 2481 3169 2531 20

484 2566 772 2633 ὀξύνεται
827 2565 1039 2645 ὥςπερ
1095 2567 1198 2630 καὶ
1249 2568 1330 2631 τὰ
1383 2572 1670 2651 τριγενῆ,
1726 2567 2104 2650 ἀμαυρός,
2150 2565 2508 2647 ἀφαυρός
2551 2568 2654 2632 καὶ
2703 2569 2778 2633 τὸ
2824 2568 3065 2645 ἀγαυ-

489 2726 618 2733 *ἡ

484 2823 654 2875 ωροςε
713 2806 792 2859 ὡς
841 2805 1151 2872 κυνόςουρα
1195 2803 1304 2870 ὑφ’
1340 2804 1403 2858 ἓν
1449 2806 1591 2858 κατὰ
1638 2806 1914 2872 ςύνθεςιν,
1961 2805 2012 2859 εἰ
2060 2806 2150 2859 καὶ
2196 2805 2425 2860 ςπάνιος
2468 2806 2505 2871 ἡ
2542 2807 2780 2874 τοιαύτη
2818 2807 3063 2862 ςύνθεςις

483 2876 539 2930 ἐξ
575 2875 917 2941 ἀποφάςεως
957 2875 1046 2927 καὶ
1083 2874 1384 2939 ςυνδέςμου
1421 2875 1511 2927 καὶ
1546 2877 1650 2941 τῆς
1687 2875 1816 2928 ἑνός
1840 2877 2065 2941 γενικῆς
2089 2873 2381 2928 ἐντελοῦς·
2418 2874 2697 2928 οὐδέποτε
2733 2876 2839 2942 γὰρ
2876 2877 3064 2931 οὕτως

481 2945 624 3012 αὕτη
661 2945 696 3008 ή
735 2944 928 3009 γενικὴ
967 2941 1303 3005 ςυντίθεται,
1351 2942 1494 2995 ἀλλὰ
1531 2941 1586 2995 οἵ
1618 2958 1682 3007 γε
1721 2943 1950 3010 ποιηταὶ
1984 2944 2232 3007 τολμῶςι
2267 2942 2428 2997 ξένας
2464 2943 2753 2998 ςυνθέςεις.
2960 2947 2997 2997 l.
3033 2951 3065 2997 2

481 3012 764 3079 Πάλαιρος
801 3028 868 3063 ex
903 3014 1050 3063 Mon.
1085 3013 1169 3074 21,
1211 3015 1272 3064 13
1309 3020 1367 3062 et.
1403 3012 1647 3078 Theogn.
1687 3013 1899 3078 recepi,
1947 3010 2245 3078 χήμαιρος,
2291 3013 2439 3078 quod
2474 3013 2719 3065 Lobeck.
2756 3031 2853 3080 pro
2888 3013 3063 3078 χίμαι-

481 3097 576 3146 ρος
631 3082 838 3131 ᾶίοιιιιιι
893 3081 1230 3145 suspicatur,
1286 3097 1354 3131 ex
1406 3080 1653 3147 Theogn.
1713 3084 1801 3143 71,
1856 3083 1915 3140 4,
1971 3097 2038 3132 ex
2095 3081 2287 3132 eodem
2340 3081 2634 3146 κύπαιρος,
2692 3082 2759 3132 de
2814 3083 3067 3135 huiusce-

481 3150 626 3202 modi
661 3150 852 3200 formis
886 3149 1105 3198 Dorieis
1150 3150 1221 3199 ef.
1259 3148 1470 3200 Ahrens
1515 3149 1581 3201 de
1619 3149 1749 3204 dial.
1785 3150 1917 3200 Dor.
1957 3150 2053 3199 186
2090 3165 2241 3215 seqq.
2288 3150 2360 3200 ad
2407 3148 2625 3215 ἑταῖρος
2670 3150 2851 3201 adieci
2894 3153 3066 3203 verba

481 3217 612 3270 ῖςως
659 3217 762 3269 οὖν
807 3215 1242 3281 ἀναλογώτερον
1285 3234 1350 3270 us
1389 3234 1457 3268 ue
1503 3218 1574 3268 ad
1619 3217 1780 3269 finem
1825 3234 1893 3268 ex
1926 3219 2073 3269 Mon.
2108 3217 2144 3267 l.
2183 3233 2229 3268 c,
2300 3218 2687 3284 'theognostus
2732 3219 2796 3269 de
2847 3218 3063 3284 ἑταῖρος

482 3286 619 3338 haee
663 3286 862 3336 refert:
912 3283 1276 3350 ςεςημείωται
1330 3300 1362 3337 τ
1457 3285 1675 3351 ἑταῖρος
1731 3284 2277 3351 προπεριςπώμενον
2329 3285 2420 3339 διὰ
2468 3288 2572 3351 τῆς
2626 3290 2681 3337 αἰ
2731 3286 3062 3351 διφθόγγου,

481 3370 678 3433 γέγονε
725 3369 785 3420 δὲ
832 3369 984 3434 παρὰ
1028 3369 1097 3420 τὸ
1145 3370 1272 3422 ἔθος
1318 3371 1396 3422 ὠς
1445 3370 1649 3436 δρόμος
1696 3370 1960 3436 δρομαῖος
2006 3372 2096 3422 καί
2140 3375 2325 3439 τροπῇ
2371 3373 2475 3423 τοῦ
2514 3373 2547 3422 θ
2585 3369 2664 3457 είς
2699 3371 2735 3422 ἶ
2769 3372 2858 3423 καὶ
2896 3373 3063 3424 πλεο-

482 3441 898 3571 ῗὲιμμῗριὶῗιῖῑὲῗ
946 3437 1165 3557 ⁶¹5²?ssss
1178 3438 1884 3573 ’·1*331‘‚325‘{¹„0‘ssr‘1c3’13225
1920 3437 2326 3573 siffipff‘ff‘gss.
2352 3438 3065 3575 B‘sssffssssffissssffiffl

483 3593 546 3625 ex
585 3576 665 3625 St.
705 3578 791 3636 Β.,
839 3575 906 3625 de
945 3572 1190 3639 Λειμήρη
1237 3581 1295 3625 et
1342 3575 1555 3641 Λιμήρη
1603 3577 1674 3626 cf.
1718 3577 1782 3631 E.
1819 3578 1893 3628 M.
1938 3579 2064 3640 566,
2110 3579 2176 3628 34
2221 3576 2436 3642 Λιμήρη
2486 3574 2841 3642 Ἐπίδαυρονε
2889 3580 3064 3629 τοῦτο

480 3644 660 3695 διςςόν
697 3641 867 3694 ἐςτιν·
907 3641 1085 3694 ὁπότε
1120 3642 1271 3707 παρὰ
1306 3646 1409 3695 τοῦ
1445 3643 1665 3708 λιμένος
1711 3645 2013 3710 λιμενήρης
2054 3645 2088 3708 ἢ
2128 3646 2279 3710 παρὰ
2320 3645 2390 3697 τὸ
2427 3645 2702 3707 λειμῶνος
2741 3645 3062 3710 λειμωνήρη

481 3711 730 3777 λειμήρη.
767 3710 953 3762 οὕτως
980 3710 1335 3774 Ἡρωδιανός.
1439 3713 1471 3762 1.
1504 3715 1564 3762 18
1599 3712 1915 3778 Ἄγλαυρος
1951 3714 2140 3765 addidi
2176 3730 2243 3764 ex
2269 3713 2448 3765 Schol.
2483 3713 2554 3763 ad
2578 3715 2712 3764 Hes.
2740 3714 2921 3780 theog.
2946 3717 3065 3776 832,

481 3780 623 3846 quod
649 3781 900 3845 congruit
926 3780 1044 3829 fero
1069 3793 1189 3829 eum
1213 3779 1445 3831 Arcadio
1473 3786 1529 3832 et
1567 3796 1634 3831 ex
1672 3782 1865 3832 eodem
1904 3783 2059 3834 fonte
2095 3783 2279 3846 fluxit,
2306 3782 2441 3832 licet
2465 3782 2707 3833 Muetzel
2732 3783 2940 3847 Theog.
2965 3785 3065 3834 342

480 3849 699 3899 Scholia
736 3852 865 3898 ante
902 3847 1206 3898 Herodiani
1241 3853 1348 3897 tem
1390 3865 1484 3898 ora
1522 3851 1827 3915 perscripta
1853 3865 1971 3901 esse
2000 3850 2324 3910 contendat,
2365 3850 2509 3915 quod
2533 3851 2825 3900 annotavit
2848 3851 3064 3901 Iacobi:

479 3916 550 3967 τὰ
587 3914 665 3968 εἰς
701 3921 871 3979 ἀυξρός
906 3915 1110 3979 ἔχοντα
1136 3915 1269 3966 κατ’
1293 3914 1342 3967 ἰδ
1365 3930 1436 3967 αν
1460 3915 1676 3981 θηλυκὰ
1701 3917 2026 3983 ὁξύνονται,
2063 3916 2344 3984 ἀφαυρός,
2382 3916 2655 3982 ἀμαυρός·
2692 3917 2762 3968 τὸ
2798 3915 2860 3969 δὲ
2895 3915 3063 3980 ἄγαυ-

479 3999 575 4049 ρος
612 3982 908 4049 βαρύνεται
945 3985 1281 4051 πλεοναςμῶ
1318 3986 1421 4035 τοΟ
1461 3987 1495 4036 ἃ
1532 3985 1594 4036 ἐκ
1631 3985 1959 4051 διςυλλάβου
1994 3986 2321 4050 γενόμενον.
2369 3984 2440 4037 τὰ
2474 3985 2537 4037 δὲ
2575 3985 2649 4050 μὴ
2688 3984 2892 4049 ἔχοντα
2929 4000 3063 4050 προ-

480 4051 882 4119 παροξύνεται,
934 4049 1257 4116 Ἐπίδαυρος
1302 4051 1481 4116 ὄνομα
1526 4052 1776 4117 πόλεως,
1824 4054 2138 4120 Ἄγραυλος
2166 4053 2262 4119 (22),
2315 4052 2652 4118 Κένταυρος·
2699 4050 3063 4118 ςεςημείωται

479 4122 548 4172 τὸ
584 4119 859 4186 θηςαυρός
896 4119 1250 4183 ὸξυνόμενον,
1282 4148 1349 4156 -
1388 4120 1699 4185 Κάλαυρος,
1740 4121 2043 4187 Μάταυρος
2081 4127 2436 4173 accesserunt
2473 4139 2541 4172 ex
2568 4123 2646 4173 St.
2677 4124 2740 4175 B.
2776 4149 2840 4157 -
2877 4120 3062 4173 καὶτὸ

479 4189 722 4254 ἀγαυρός
765 4190 885 4254 ipse
931 4189 1123 4240 addidi
1168 4196 1395 4240 secutus
1440 4190 1623 4242 schol.
1673 4191 1881 4256 Theog.
1929 4190 1964 4240 l.
2011 4207 2058 4243 c.
2108 4203 2164 4241 et
2209 4189 2277 4240 11.
2324 4191 2413 4240 Pr.
2462 4187 2508 4241 Θ
2558 4191 2681 4240 178:
2727 4188 2830 4241 οὐκ
2877 4186 3062 4240 ἐκεῖνο

481 4258 668 4318 μέντοι
704 4256 954 4322 διηνεκὲς
991 4255 1256 4321 λέγομεν,
1296 4257 1384 4308 ὅτι
1419 4257 1772 4320 πλεοναςμὸς
1808 4259 1912 4309 τοῦ
1949 4260 1984 4308 ἃ
2021 4257 2285 4321 φυλάςςει
2319 4256 2425 4309 τὸν
2448 4256 2623 4308 τόνον
2659 4255 2766 4308 ἀεί·
2804 4256 2932 4309 οῖδα
2955 4256 3062 4321 γὰρ

480 4326 547 4377 τὸ
582 4326 784 4390 ἄδορος
822 4325 926 4389 (sic
962 4326 1097 4376 Lob.
1137 4327 1276 4378 Ε1.Ι
1312 4328 1374 4376 31
1415 4342 1512 4392 pro
1549 4323 1800 4390 ἄβορος),
1839 4324 2109 4389 ἀγαυρός,
2146 4323 2412 4388 ἄςταχυς,
2452 4325 2596 4375 unde
2634 4341 2775 4389 quae
2810 4327 2869 4375 in
2904 4330 3064 4376 textu

481 4399 608 4445 sunt
643 4394 816 4460 posui.
883 4394 1248 4446 Scholiastam
1284 4393 1530 4460 Theogn.
1565 4394 1869 4444 Herodiani
1906 4395 1971 4445 de
2010 4396 2159 4443 vocis
2183 4391 2425 4457 ἀγαυρός
2458 4399 2693 4442 accentu
2728 4395 3063 4444 sententiam

481 4463 813 4526 pervertisse
847 4468 1081 4527 apparet
1127 4464 1293 4512 etiam
1331 4478 1398 4512 ex
1435 4461 1691 4512 Eustath.
1730 4463 1888 4517 1444,
1925 4464 1981 4512 8:
2028 4458 2234 4523 ἀγαυός
2282 4460 2371 4511 καὶ
2419 4460 2756 4526 πλεοναςμῷ
2804 4459 3062 4526 ἀγαυρός.

482 4527 529 4579 εἰ
563 4529 624 4581 δέ
658 4544 714 4580 τι
752 4528 970 4592 μετέχει
1005 4532 1109 4581 τοῦ
1147 4529 1409 4582 τοιούτου
1446 4527 1589 4592 ἀγαυ
1660 4531 1693 4578 ὓ
1731 4527 2064 4593 ἀγαύριςμα,
2103 4529 2246 4592 ὅπερ
2283 4527 2398 4580 ἑςτὶ
2424 4525 2607 4591 πάλης
2635 4528 2813 4592 εἶδος,
2851 4527 2955 4600 οιξκ
2992 4527 3062 4579 ἂν

482 4595 566 4663 εἴη
602 4597 843 4662 ἀκριβῶς
880 4595 1297 4664 ἀποφήναςθαι·
1345 4597 1534 4663 ὥςπερ
1600 4609 1710 4647 ςως
1755 4595 1888 4648 οὐδὲ
1926 4595 1976 4649 εἰ
2017 4596 2086 4647 τὸ
2132 4594 2375 4662 ἀγαυρός
2423 4596 2496 4660 μὴ
2541 4592 2657 4646 ἀπὸ
2702 4598 2806 4646 τοῦ
2852 4595 3061 4659 ἀγαυός

481 4663 610 4716 ἀλλ’
646 4663 761 4717 ἀπὸ
796 4667 900 4714 τοῦ
937 4669 1144 4731 γαῦρος
1179 4664 1416 4730 γίνεται·
1464 4664 1514 4716 εἰ
1546 4664 1653 4728 γὰρ
1690 4662 1872 4716 ἐκεῖνο
1911 4665 2012 4729 μὲν
2048 4665 2151 4716 οὐκ
2189 4663 2302 4728 ἔχει
2338 4661 2579 4728 ἀπορίαν
2626 4661 2706 4714 ὡς
2751 4665 2853 4727 τῆς
2900 4662 3062 4716 ἐπεν-

483 4731 684 4785 θέςεως
718 4735 820 4783 τοῦ
859 4736 891 4796 ’ρ
928 4734 1001 4798 μὴ
1039 4733 1454 4800 ἀναγκαζούςης
1490 4731 2075 4798 προπαροξυτόνηςιν,
2111 4734 2288 4784 τοῦτο
2332 4732 2393 4784 δὲ
2429 4728 2741 4796 ἀπορηθείη
2778 4730 2868 4795 ἄν,
2907 4729 2956 4784 εἰ
2990 4733 3060 4782 τὸ

485 4798 583 4860 μὲν
618 4800 840 4852 ἁπλοῦν
878 4800 1172 4865 βαρύνεται
1208 4803 1335 4866 ἤτοι
1378 4802 1447 4853 τὸ
1483 4803 1717 4866 γαῦρος,
1763 4799 1834 4852 τὸ
1888 4800 1949 4853 δὲ
1994 4801 2265 4853 ςύνθετον
2309 4798 2552 4864 ἀγαυρός
2598 4797 2882 4864 ὀξύνεται,
2930 4799 3061 4852 δέον

484 4865 551 4918 ὃν
602 4867 1131 4933 προπαροξύνεςθαι·
1190 4867 1335 4922 ἀλλὰ
1387 4870 1478 4922 καὶ
1530 4871 1705 4920 τοῦτο
1759 4868 1873 4932 ἔχει
1927 4868 2127 4934 λόγον,
2182 4867 2271 4920 διὰ
2323 4868 2393 4921 τὸ
2447 4867 2920 4934 ςυνακολουθῆςαι
2973 4872 3059 4935 τῷ
