3664 5546
672 424 711 470 C
1741 424 2157 473 PRAEFATIO.

659 584 914 659 quqn‘ic
959 581 1114 644 κατὰ
1157 581 1272 645 τὸν
1316 580 1742 658 γραμματικὸν
1774 579 2170 657 Ἡρωδιανὸν
2215 601 2284 640 se
2316 580 2532 644 omnia
2562 578 2899 664 scripsisse
2930 571 3243 643 testatur.'

665 718 749 727 —
777 681 1136 745 I-Ierodiani
1165 681 1483 766 quaedam
1516 679 1884 764 fragmenta
1917 680 1996 743 de
2027 678 2507 765 Orthographia
2553 701 2623 744 se
2665 680 2987 765 reperisse
3033 679 3232 744 tradit

665 780 1012 845 Tortellius
1059 782 1400 845 Arretinus
1458 804 1561 868 ap.
1608 781 1855 846 Osann.
1905 781 2162 868 Apulei.
2192 781 2439 866 ·fragm.
2500 804 2562 868 p.
2610 780 2837 846 XVII.
2927 780 3229 845 Osannus

663 883 730 945 in
772 893 927 947 nota
972 882 1056 946 ad
1100 906 1163 969 p.
1210 884 1289 947 93
1345 905 1430 946 ex
1474 881 1786 948 Tortellio
1849 882 1929 947 de
1976 883 2460 969 Orthographia
2513 881 2628 949 fol.
2674 882 2756 946 96
2812 892 2987 947 recto
3042 882 3229 945 affert

663 983 809 1048 hoc:
869 985 1296 1066 „Hebenum.
1329 985 1624 1058 similiter
1678 985 2040 1070 aspiratur3
2097 995 2161 1049 et
2216 1008 2360 1048 cum
2418 987 2607 1050 unico
2661 992 2704 1050 fi
2750 986 3083 1048 scribitur:
3132 983 3225 1047 id-

662 1109 785 1173 que
851 1086 1268 1150 Herodianus
1339 1086 1419 1149 de
1485 1085 1970 1172 Orthographia
2038 1091 2454 1150 attestatu1·“.
2558 1085 2859 1151 Osannus
2927 1110 2997 1150 se
3061 1086 3225 1148 hune

659 1187 869 1252 locum
918 1188 1074 1254 alibi
1119 1189 1327 1252 adhuc
1371 1210 1681 1274 quaerere
1725 1188 1882 1252 dicit
1925 1211 2130 1274 neque
2176 1210 2297 1272 ego
2344 1189 2603 1253 invenio
2651 1211 2856 1275 neque
2889 1187 3223 1266 Tortellio,

659 1291 767 1375 qui
813 1289 1170 1354 Herodiani
1216 1298 1522 1378 quattuor
1559 1289 1765 1356 libros
1812 1289 1893 1354 de
1939 1292 2426 1360 constructione
2456 1290 2653 1354 etiam
2696 1289 2915 1371 affert,
2963 1288 3222 1352 omnino

658 1392 724 1453 in
768 1390 868 1454 his
914 1390 1303 1455 eredendum
1349 1391 1652 1456 arbitror.

826 1493 949 1572 Iis,
995 1515 1156 1578 quas
1203 1492 1376 1575 dixi,
1424 1493 1655 1579 opibus
1670 1541 1687 1574 ,
1734 1492 1814 1558 de
1860 1493 2092 1579 quibus
2149 1494 2518 1559 accuratius
2575 1494 2643 1557 in
2687 1493 2902 1581 capite
2958 1491 3036 1556 de
3082 1493 3220 1556 fon-

656 1593 832 1656 tibus
892 1594 1222 1658 doctrinae
1279 1593 1727 1660 Herodianeae
1792 1594 2036 1675 dicam,
2103 1595 2403 1660 instructi
2468 1593 2785 1682 praeclari
2853 1594 2933 1658 de
2988 1594 3219 1658 Ortho-

653 1699 927 1784 graphia
970 1698 1184 1783 operis
1230 1697 1414 1783 quasi
1459 1697 1787 1782 quandam
1834 1698 2117 1783 speciem
2162 1697 2610 1781 redintegrare
2654 1718 3021 1782 possumuS.
3080 1695 3216 1790 Nps

654 1803 748 1866 sic
794 1824 1088 1886 agemus,
1132 1809 1208 1864 ut
1251 1799 1528 1885 primum
1570 1798 1939 1882 fragmenta
1969 1799 2332 1863 Herodiani
2363 1800 2621 1862 nomine
2648 1799 2965 1885 inscripta
2995 1819 3215 1862 secun-

654 1902 806 1967 dum
849 1925 1063 1966 rerum
1109 1899 1490 1987 qualitatem
1535 1923 1993 1988 componamus
2009 1948 2027 1982 ,
2086 1909 2159 1964 ut
2210 1900 2360 1964 in‘de
2394 1899 2711 1965 -concludi
2766 1909 2995 1986 queat,
3052 1921 3217 1984 quae

652 2003 1067 2068 Herodianus
1115 2002 1495 2067 tractaverit
1538 2025 1700 2088 quae
1743 2026 1871 2065 non
1927 2011 1988 2065 et
2042 2011 2115 2067 ut
2170 2023 2379 2065 sermo
2437 2000 2924 2084 HerodianeUS,
2985 2002 3093 2088 qui
3151 2003 3215 2063 in

651 2105 751 2169 his
797 2107 1110 2169 minorem
1154 2127 1349 2191 quam
1396 2105 1463 2167 in
1515 2102 1752 2168 libellis
1811 2102 2328 2189 orthographicis
2390 2126 2472 2167 cx
2519 2102 2895 2167 Herodiano
2953 2124 3211 2166 consar-

649 2209 883 2272 cinatis
941 2207 1153 2272 labem
1207 2207 1440 2286 traxit,
1499 2206 1733 2270 clarius
1800 2215 2123 2292 patescat,
2191 2215 2325 2270 tum
2394 2227 2671 2268 canones
2738 2202 3087 2290 generales
3130 2225 3213 2266 ex

650 2309 1101 2374 Choeroboseo
1148 2319 1212 2373 et
1255 2307 1423 2373 libro
1467 2311 1613 2388 περὶ
1651 2309 2003 2387 ποςότητος
2048 2309 2455 2394 proferemus
2489 2317 2553 2371 et
2582 2316 2908 2392 postremo
2953 2313 3214 2391 praeter

649 2411 764 2476 hos
810 2409 1119 2475 consultis
1166 2411 1362 2474 etiam
1405 2408 1730 2495 Hesychio
1777 2420 1843 2475 et
1885 2408 2151 2496 reliquis
2199 2410 2500 2475 omnibus
2544 2408 2905 2473 Herodiani
2951 2408 3208 2492 seriptis

648 2511 934 2597 singulas
981 2535 1211 2594 voceS,
1260 2534 1530 2598 quarum
1589 2513 1912 2598 scriptura
1967 2512 2169 2578 dubia
2225 2521 2393 2592 erat,
2455 2535 2537 2576 ex
2594 2510 2928 2575 literarum
2983 2510 3209 2574 ordine

646 2614 1187 2679 enumerabimus.
1274 2615 1488 2700 Atque
1533 2612 1654 2677 hoc
1696 2613 1889 2677 modo
1937 2612 2215 2678 fortasse
2273 2612 2587 2698 originale
2642 2635 2804 2699 opus
2850 2610 3207 2677 Herodiani

645 2717 1026 2782 adornatum
1073 2717 1234 2798 fuit,
1282 2727 1358 2781 ut
1399 2725 1646 2802 partem
1690 2714 2091 2801 generalem,
2138 2737 2301 2802 quae
2347 2737 2626 2781 canones
2679 2713 3013 2800 generales
3060 2735 3205 2778 con-

645 2822 921 2902 tinebat,
980 2831 1560 2905 seque1·etur·pars
1617 2818 1915 2904 specialis
1932 2866 1948 2899 ,
2015 2819 2081 2882 in
2148 2840 2276 2904 qua
2332 2817 2627 2902 singulae
2684 2839 2876 2883 voces
2947 2826 3059 2879 aut
3121 2838 3206 2879 ex

643 2922 979 2986 literarum
1024 2922 1188 2985 serie
1234 2932 1346 2986 aut
1391 2921 1659 2985 fortuito
1706 2919 1934 2984 ordine
1980 2920 2350 3006 propositae
2396 2929 2600 2984 erant.

811 3024 996 3106 Quae
1061 3046 1163 3086 res
1231 3024 1297 3085 in
1361 3023 1623 3109 seriptis
1691 3032 1981 3086 veterum
2039 3021 2605 3106 grammaticorum
2671 3029 2988 3104 tractatae
3050 3020 3201 3097 sint,

644 3127 994 3212 exponitur
1062 3125 1126 3186 in
1197 3122 1444 3187 Anecd.
1502 3125 1626 3187 Ox.
1685 3123 1777 3185 IV
1849 3145 1912 3207 p.
1969 3124 2087 3187 331
2150 3122 2407 3207 (Bekk.
2462 3123 2713 3187 Anecd.
2776 3124 2976 3207 1127)
3038 3124 3202 3202 Περὶ

642 3226 1092 3306 ὀρθογραφίας.
1146 3261 1229 3271 -
1284 3225 1686 3304 ὀρθογραφία
1747 3225 1908 3288 ἑςτὶν
1962 3225 2000 3301 ἡ
2057 3227 2213 3290 κατὰ
2279 3228 2444 3293 λέξιν
2508 3227 2900 3306 ἠκριβωμένη
2965 3227 3200 3305 γραφή.

641 3330 805 3393 πόςα
859 3327 994 3406 εἴδη
1048 3331 1159 3404 τῆς
1214 3326 1674 3405 ὀρθογραφίας;
1741 3327 1908 3404 τρία·
1976 3328 2286 3411 ςύνταξις,
2354 3329 2649 3411 ποιότης,
2705 3328 2999 3405 ποςότης.
3098 3329 3200 3391 καὶ

643 3430 998 3494 ςύνταξις
1066 3430 1178 3507 μέν
1244 3428 1366 3491 ἑςτι
1430 3429 1698 3507 ζήτηςις.
1738 3430 2061 3506 ςτοιχείων
2125 3431 2271 3508 περὶ
2324 3431 2657 3509 κατάληξιν
2713 3431 2813 3493 καὶ
2878 3429 3199 3508 ἐπιφορὰν

642 3534 972 3609 ςυλλαβῶν
1018 3529 1159 3595 οἷον
1206 3530 1275 3593 ἐν
1320 3536 1410 3614 τῷ
1455 3528 1717 3610 ἀςθενής
1758 3532 1831 3596 τὸ
1878 3534 1909 3593 ἰ
1954 3532 2231 3611 πότερον
2276 3532 2565 3609 ληκτικόν
2611 3531 2732 3596 ἐςτι
2788 3534 2898 3609 τῆς
2942 3532 3198 3610 πρώτης

642 3635 949 3711 ςυλλαβῆς
991 3633 1028 3709 ἢ
1074 3635 1183 3709 τῆς
1229 3633 1527 3710 δευτέρας
1570 3632 1879 3711 ἀρκτικόν.
1934 3635 2254 3710 ποιότης
2301 3636 2371 3696 δὲ
2414 3634 2655 3712 ζήτηςις
2698 3634 2843 3710 περὶ
2887 3633 3198 3712 ςύμφωνα

642 3736 743 3797 καὶ
785 3736 898 3811 τὴν
944 3734 1191 3798 τούτων
1237 3737 1589 3815 μεταβολὴν
1637 3735 1726 3800 ὡς
1769 3735 1839 3799 ἐν
1884 3742 1973 3819 τῷ
2017 3734 2297 3813 ἔμπορος
2340 3735 2534 3799 ποῖόν
2580 3735 2703 3798 ἑςτι
2750 3738 3061 3813 ςτοιχεῑον
3115 3735 3193 3798 τὸ

641 3838 678 3898 V
721 3837 758 3913 ἢ
804 3837 877 3900 τὸ
904 3840 978 3919 ήβ.
1066 3836 1400 3914 ποςότης
1445 3838 1514 3900 δέ
1558 3838 1679 3901 ἐςτι
1723 3837 1967 3916 ζήτηςις
2019 3839 2164 3914 περὶ
2206 3838 2475 3902 πλείονα
2528 3838 2566 3914 ἢ
2613 3836 2921 3901 ἐλάςςονα
2974 3837 3195 3915 φωνή-

638 3959 788 4002 εντα
832 3940 987 4002 κατὰ
1030 3939 1145 4017 τὴν
1192 3939 1387 4020 λέξιν,
1432 3940 1708 4003 τουτὲςτι
1752 3941 1896 4017 περὶ
1941 3941 2295 4019 διφθόγγου
2339 3939 2376 4016 ἢ
2423 3939 2898 4018 μονοφθόγγου.
2940 3974 2944 3978 Δ

805 4039 960 4102 Tria
1003 4039 1204 4122 igitur
1245 4042 1483 4123 genera
1527 4062 1771 4120 rerum,
1820 4061 1984 4125 quae
2031 4039 2095 4101 in
2127 4039 2384 4125 scriptis
2422 4030 2940 4123 orthographicis
2988 4047 3193 4102 totam

634 4141 964 4204 materiam
996 4140 1601 4232 eompl‘ectentibuS,
1650 4139 1838 4227 quale
1868 4149 1967 4205 est
1997 4140 2351 4205 Herodiani
2387 4162 2583 4227 opuS‚
2631 4139 3191 4221 examinabantur,

634 4244 698 4306 in
744 4242 864 4306 hac
907 4241 1336 4328 explicatione
1373 4252 1869 4325 enumerantur,
1917 4265 2185 4329 quorum
2232 4243 2511 4328 primum
2568 4252 2667 4306 est
2721 4241 2803 4305 de
2856 4241 3187 4306 literarum

637 4345 701 4407 in
769 4343 1058 4429 syllabas
1126 4343 1503 4428 digestione.
1592 4345 1696 4409 De
1760 4344 1883 4409 hac
1946 4367 2015 4410 re
2068 4345 2515 4409 Herodianum
2583 4344 2650 4407 in
2708 4342 3191 4429 Orthographia

630 4445 842 4530 egisse
887 4443 1320 4530 intellegimus
1366 4470 1448 4510 ex
1490 4447 1855 4528 fragmento
1901 4470 1940 4511 a
1984 4448 2315 4511 Prisciano
2360 4448 2472 4511 lib.
2507 4445 2576 4509 ΙΙ
2606 4446 2646 4510 3
2691 4456 2950 4510 servato
2994 4456 3189 4530 atque

629 4549 756 4610 iam
802 4570 1000 4632 supra
1043 4547 1184 4612 dixi
1227 4571 1310 4612 ex
1354 4550 1837 4633 comparatione
1881 4572 2025 4613 eum
2071 4549 2403 4613 Prisciano
2462 4559 2527 4613 et
2570 4547 2915 4612 Eustathio
2962 4558 3185 4633 patere

628 4649 901 4735 primam
947 4649 1330 4736 particulam
1374 4650 1663 4735 opusculi
1711 4652 2040 4716 Timothei
2085 4651 2307 4716 Gazae
2359 4653 2626 4716 κανόνες
2671 4653 2996 4716 καθολικοὶ
3038 4653 3186 4729 περὶ

628 4753 975 4818 ςυντάξεως
1040 4754 1106 4816 in
1163 4751 1413 4817 Anecd.
1471 4752 1673 4817 Paris.
1723 4754 1820 4816 lv
1880 4777 1942 4838 p.
1986 4755 2141 4835 239,
2192 4754 2530 4834 15-2-10,
2576 4754 2618 4815 4
2674 4775 2753 4816 ex
2819 4752 3181 4817 Herodiani

626 4852 1111 4941 Orthographia
1153 4864 1521 4943 excerptam
1567 4877 1731 4921 esse.
