3664 5546
1529 410 1945 465 PRAEFATIO.
2815 405 3041 454 xxm

720 639 836 710 Ex
881 636 1136 709 Servio
1178 637 1265 704 (le
1310 634 1722 704 accentibus
1763 636 1846 701 in
1888 631 2257 700 Analeetis
2297 630 2788 713 grammaticis

986 755 1471 827 Eichenfeldii
1515 756 1592 822 et
1636 753 2059 823 Endlicheri
2104 777 2163 837 p.
2211 755 2583 818 530-534.

562 957 573 965 ·
631 931 728 996 16.
780 931 1109 995 Accentus
1142 928 1406 1015 proprie
1435 924 1716 1015 qualitas
1747 922 2185 1010 syllabarum,
2216 922 2342 988 hoc
2371 931 2504 1002 est,
2534 921 2849 986 indicium
2882 931 3036 985 tem-

455 1055 618 1120 pora
649 1029 1084 1119 syllabarum,
1124 1041 1426 1096 naturam
1455 1027 1977 1116 positionemque
2008 1023 2404 1109 significans.
2469 1023 2636 1088 Sunt
2666 1024 2841 1087 enim
2871 1033 3034 1088 tres:

457 1144 730 1216 acutus,
776 1133 1035 1219 gravis,
1080 1131 1395 1214 inflexus5
1440 1130 1510 1194 hi
1554 1152 1596 1195 a
1639 1127 1912 1195 Graecis
1959 1129 2309 1211 προεῳδίαι
2355 1125 2676 1190 dicuntur.
2751 1124 2931 1208 Ergo
2973 1124 3042 1187 in

455 1235 585 1301 hoc
630 1255 1021 1319 cognoscere
1066 1232 1297 1314 debes,
1344 1231 1647 1320 quoniam
1692 1228 1914 1294 littera
1945 1226 2190 1293 vocalis
2223 1227 2386 1291 facit
2429 1220 2770 1291 accentum
2818 1247 3041 1290 secun-

459 1335 612 1401 dum
658 1335 951 1402 ordinem
995 1333 1400 1423 syllabarum
1445 1330 1793 1398 cuiuslibet
1835 1331 2040 1419 partis
2088 1329 2399 1395 orationis
2443 1329 2655 1416 primo
2710 1325 2882 1405 loce,
2942 1348 3039 1392 se-

458 1436 672 1504 cundo
717 1435 825 1503 vel
868 1437 1083 1503 tertio.
1909 1491 1912 1494 ,

630 1540 727 1603 17.
777 1538 955 1621 Quot
999 1561 1154 1624 ergo
1186 1540 1317 1604 sint
1346 1536 1721 1626 prosodiae,
1769 1533 2119 1599 dicendum
2163 1542 2295 1616 est3
2341 1556 2509 1621 quae
2538 1555 2643 1598 res
2690 1555 2766 1597 eo
2798 1533 3043 1597 maiore

458 1663 608 1705 cum
653 1662 809 1705 cura
838 1643 873 1681 ”²
905 1641 1252 1707 tractanda
1296 1649 1427 1722 est,
1484 1635 1659 1725 quod
1713 1647 1941 1702 nostra
1995 1636 2160 1700 ratio
2203 1635 2288 1701 ab
2334 1635 2637 1721 opinione
2690 1634 2820 1698 iam
2865 1634 3041 1698 inve-

456 1752 671 1808 terata
715 1751 781 1807 et
825 1743 1111 1807 omnium
1156 1743 1359 1806 ferme
1404 1739 1637 1804 animis
1683 1738 1909 1804 adfixa
1955 1735 2305 1822 discrepat.

633 1843 733 1908 18.
777 1842 1351 1910 Athenodorus
1397 1839 1560 1906 duas
1606 1863 1748 1906 esse
1788 1837 2133 1926 prosodias
2179 1839 2474 1925 putavit,
2532 1860 2732 1903 unam
2777 1837 3039 1903 inferio-

456 1968 627 2028 rem,
674 1942 945 2010 alteram
990 1945 1422 2033 superiorem,
1471 1942 1711 2007 flexam
1741 1951 1991 2022 autem,
2038 1962 2191 2004 nam
2234 1940 2330 2004 ita
2358 1949 2584 2005 nostra
2613 1938 2838 2024 lingua
2868 1961 3042 2019 περι-

456 2049 794 2129 επωμένην
838 2046 1252 2126 vocavimus,
1298 2043 1461 2108 nihil
1490 2042 1672 2109 aliud
1702 2066 1875 2118 esse,
1920 2064 2115 2129 quam
2156 2043 2276 2108 has
2309 2041 2471 2106 duas
2503 2042 2571 2105 in
2601 2063 2733 2106 una
2764 2038 3040 2126 syllaba.

631 2147 731 2212 19.
761 2147 1213 2232 Dionysius
1246 2156 1487 2226 autem,
1521 2144 1889 2210 Aristarchi
1921 2142 2306 2230 discipulus,
2336 2154 2764 2228 cognomento
2797 2141 3040 2220 Thrax,

457 2251 650 2315 domo
707 2246 1221 2329 Alexandreius,
1280 2248 1390 2334 qui
1450 2245 1665 2312 Rhodi
1720 2245 1977 2327 docuit,
2043 2243 2396 2331 lyricorum
2451 2255 2793 2331 poetarum
2847 2244 3042 2329 longe

457 2350 1010 2432 studiosissimae,
1068 2358 1200 2414 tres
1255 2347 1561 2430 tradidit,
1628 2348 1866 2436 quibus
1920 2370 2092 2413 nunc
2145 2367 2366 2412 omnes
2424 2358 2698 2413 utuntur
2763 2352 3043 2430 βαρεῖαν,

440 2449 705 2532 ’ὀξεῖαν,
750 2455 1249 2533 περιεπωμένην.

625 2555 730 2618 20.
783 2553 1201 2639 Tyrannio
1238 2575 1394 2618 vero
1425 2553 1801 2632 Amisenus,
1832 2573 2026 2639 quem
2050 2549 2361 2616 Lucullus
2386 2551 2835 2618 Mithridatico
2869 2548 3042 2618 bello

458 2666 724 2744 captum
766 2653 972 2721 Lucio
1015 2654 1332 2720 Murenae
1375 2652 1729 2734 concessit,
1775 2675 1815 2717 a
1860 2675 1986 2738 quo
2030 2650 2140 2717 ille
2185 2649 2489 2718 libertate
2535 2651 2729 2717 simul
2772 2663 2840 2718 et
2882 2653 3040 2718 civi-

458 2767 599 2824 tate
653 2754 931 2822 donatus
987 2755 1144 2838 fuit,
1203 2763 1515 2842 quattuor
1570 2753 1798 2820 scribit
1844 2777 1987 2820 esse
2041 2753 2416 2841 prosodias:
2479 2759 2770 2840 βαρεῖαν,
2830 2756 3042 2838 μέεην,

460 2861 675 2926 ὀξεῖαν
720 2867 787 2923 61;
827 2860 1338 2939 περιεπωμὲνην;
1386 2857 1567 2943 atqui
1611 2856 1960 2922 memoriae
1990 2855 2317 2943 proditum
2351 2868 2450 2922 est
2489 2855 2664 2921 hunc
2694 2866 2845 2921 ante
2875 2854 3041 2922 alios

458 2961 662 3025 fuisse
717 2959 1248 3048 pronuntiatione
1304 2959 1652 3045 potiorem,
1708 2958 1885 3044 quod
1927 2979 2340 3045 nequaquam
2383 2959 2640 3045 assequi
2697 2958 3042 3045 potuisset,

458 3061 586 3127 nisi
629 3072 858 3128 tenore
902 3059 1301 3147 singularum
1348 3083 1585 3126 vocum
1628 3058 2126 3143 diligentissime
2212 3058 2593 3145 perquisito.

628 3164 732 3227 21.
778 3162 857 3227 In
903 3162 1133 3227 eadem
1176 3162 1478 3249 opinione
1524 3172 1590 3228 et
1632 3160 1846 3227 Varro
1891 3161 2049 3245 fuit,
2110 3160 2222 3248 qui
2268 3162 2336 3224 in
2379 3158 2556 3245 leges
2603 3183 2758 3226 suas
2804 3160 3045 3247 redigit

462 3245 840 3329 accentuum
884 3264 1245 3329 scientiam.
1324 3263 1647 3329 Doctrina
1690 3264 1830 3328 eius
1851 3311 1869 3343 ,
1925 3285 2092 3351 quac
2137 3262 2438 3328 omnibus
2485 3286 2524 3327 a
2568 3286 2639 3328 se
2684 3264 3043 3351 propositis

400 3386 415 3397 ’
461 3363 986 3431 evidentissimas
1048 3365 1237 3430 affert
1300 3365 1754 3451 probationes,
1821 3364 1893 3429 id
1956 3387 2211 3451 quoque
2271 3387 2388 3451 pro
2455 3365 2670 3430 media
2735 3365 3047 3451 prosodia

461 3465 655 3547 facit,
717 3465 993 3532 dicendo
1052 3466 1263 3553 ipsam
1318 3475 1620 3531 naturam
1672 3464 1836 3530 nihil
1888 3465 2105 3530 facere
2150 3475 2394 3542 totum,
2448 3467 2564 3532 ubi
2607 3489 2740 3532 non
2784 3467 2871 3531 sit
2916 3489 3043 3530 me-

463 3566 676 3650 dium3
720 3576 797 3632 ut
838 3567 1009 3632 enim
1052 3568 1221 3631 inter
1264 3567 1491 3632 rudem
1539 3577 1605 3632 et
1648 3566 2006 3647 eruditum,
2053 3567 2226 3631 inter
2270 3565 2555 3632 calidum
2600 3578 2665 3633 et
2707 3568 3044 3654 frigidum,

462 3690 756 3733 amarum
799 3678 865 3734 et
908 3666 1130 3750 dulce,
1175 3666 1440 3751 longum
1485 3676 1549 3732 et
1576 3668 1778 3733 breve
1823 3678 1925 3734 est
1954 3667 2270 3755 quiddam
2300 3667 2618 3750 medium,
2670 3670 2847 3757 quod
2889 3693 3044 3735 neu-

462 3779 635 3833 trum
680 3779 810 3849 est,
869 3769 965 3834 sic
1015 3769 1185 3835 inter
1238 3770 1435 3833 imam
1491 3791 1941 3856 summamque
1985 3792 2217 3835 vocem
2259 3793 2404 3835 esse
2460 3770 2772 3853 mediam,
2825 3771 3047 3858 ibique

463 3892 657 3957 quam
703 3869 1075 3956 quaerimus
1122 3870 1514 3955 prosodiam.
1607 3869 1951 3935 Neminem
1997 3870 2314 3953 musicum
2373 3894 2549 3953 esse,
2607 3875 2718 3959 qui
2763 3872 3047 3937 mediam

464 3994 687 4037 vocem
730 3971 799 4035 in
842 3981 1041 4035 cantu
1084 3970 1521 4056 ignoraverit,
1570 3993 1689 4036 nec
1733 3993 2128 4058 quemquam
2172 3974 2464 4060 potuisse
2510 3973 2728 4039 dicere
2772 3974 2840 4037 in
2883 3996 3044 4041 sono

464 4070 854 4137 chordarum
898 4081 1014 4137 aut
1055 4093 1219 4137 voce
1259 4071 1684 4137 buccinarum
1729 4071 1947 4137 aliave
1991 4095 2153 4139 voce
2198 4075 2599 4140 cantantium
2647 4077 2836 4157 μέεην
2881 4098 3045 4156 esse,

465 4174 521 4237 si
584 4194 717 4236 non
784 4173 852 4237 in
921 4172 1096 4238 omni
1161 4172 1343 4239 vocis
1410 4181 1646 4238 natura
1710 4183 1884 4239 esset
1946 4172 2270 4256 medium,
2337 4175 2728 4263 minimeque
2784 4177 3046 4258 mirum,

464 4281 539 4337 ut
589 4273 660 4337 in
710 4273 881 4337 hanc
932 4272 1284 4341 multorum
1338 4298 1566 4340 sensus
1624 4298 1757 4342 non
1812 4274 2331 4358 animadvertat,
2389 4299 2534 4342 cum
2591 4276 2705 4341 illa
2768 4299 2935 4364 quae
2978 4279 3048 4341 in

466 4374 718 4439 cithara
759 4375 1058 4457 auditur,
1106 4377 1261 4462 quia
1303 4374 1637 4463 aliquanto
1680 4378 1950 4443 uberior
1993 4387 2129 4459 est,
2182 4399 2378 4463 saepe
2401 4387 2680 4444 ·tantum
2723 4401 2855 4444 non
2900 4401 3044 4443 sen-

464 4476 587 4540 tiat
639 4484 944 4541 meatum.
1034 4476 1387 4542 Praeterea
1440 4479 1655 4543 minus
1710 4476 1974 4565 reliquis
2042 4487 2293 4557 notam,
2360 4480 2677 4564 primum,
2714 4481 2911 4566 quod
2968 4503 3046 4545 ea

466 4575 551 4639 sit
612 4576 1004 4662 principium
1071 4576 1378 4661 aliarum,
1444 4589 1518 4645 ut
1583 4581 1733 4661 μέρη
1798 4581 1869 4644 in
1935 4581 2180 4646 musice
2242 4580 2500 4647 initium
2557 4581 2912 4663 cantioniS,
2982 4590 3048 4646 et

599 4783 661 4829 21
701 4782 780 4831 sie
817 4782 1056 4833 editores
1091 4783 1442 4835 scribendum
1480 4790 1880 4849 proposuerunt
1925 4801 2022 4850 pro
2066 4787 2184 4836 cod.
2231 4787 2533 4850 scriptura:
2582 4786 2674 4850 qui
2719 4786 2871 4851 leges
2917 4803 3047 4839 suas

466 4847 667 4915 redigit
701 4848 771 4900 ad
806 4849 1028 4901 ductum
1066 4851 1301 4903 scientia
1337 4859 1395 4904 et
1430 4852 1683 4905 doctrina
1717 4855 1867 4917 eius,
1906 4868 2014 4920 qua
2050 4881 2114 4891 --
2153 4854 2510 4921 probationes
2545 4860 2607 4906 ut
2643 4852 2777 4906 id-

3085 945 3130 986 F.
3158 945 3228 986 57.·
3250 958 3292 982 v.

3129 1655 3208 1695 col.

3239 1656 3280 1695 b.
