3664 5546
669 385 812 431 oxu
1751 383 2165 431 PRAEFATIO.

668 535 1068 600 accuratiora
1121 557 1316 621 quam
1370 557 1535 622 quae
1602 534 1872 622 praebet
1926 537 2155 600 Choer.
2211 536 2370 618 586,
2432 535 2508 600 19
2572 536 2965 623 traduntur).
3071 539 3239 602 Con-

665 637 989 703 stantinus
1045 637 1351 701 Lascaris
1406 645 1480 700 ut
1533 637 1668 701 fere
1722 646 1929 703 totum
1986 635 2443 702 Onomaticum
2499 660 2582 702 ex
2625 636 3072 704 Choerobosco
3127 638 3235 702 de-

666 738 957 823 scripsit,
1028 740 1122 801 sic
1185 738 1383 803 etiam
1439 739 1573 802 eius
1630 737 2080 804 Rhematicum
2149 738 2467 825 expilavit
2533 750 2598 804 et
2661 740 2715 803 si
2770 741 2839 804 in
2896 742 3113 823 βιβλίῳ
3179 743 3238 816 γ’

664 861 728 924 p.
771 840 893 903 291
950 838 1083 926 (ed.
1135 839 1365 904 Venet.
1430 840 1621 926 1698)
1690 840 1849 905 dicit
1915 843 2018 908 καὶ
2075 847 2273 907 ταῦτα
2337 844 2451 922 μὲν
2511 842 2580 907 ἐκ
2614 839 2760 906 ’τοῦ
2824 846 3236 922 πολυμαθοῦς

663 941 1060 1021 Ἠρωδιανοῡ
1106 944 1251 1020 περὶ
1294 947 1424 1008 τῶν
1455 944 1939 1027 παρῳχημένων
1982 949 2276 1026 γενικῶς,
2320 943 2387 1007 id
2424 942 2882 1008 documentum
2913 953 3012 1008 est
3054 942 3235 1006 vani-

662 1043 819 1107 tatis
876 1042 1152 1107 hominis
1168 1091 1185 1123 ,
1252 1044 1362 1128 qui
1426 1042 1694 1108 simulat
1747 1067 1815 1108 se
1881 1045 2096 1131 ipsum
2152 1043 2510 1110 Herodiani
2567 1067 2732 1130 opus
2787 1045 3235 1130 exscripsisse,

662 1166 861 1230 quum
894 1143 1450 1225 Ghoeroboscum,
1496 1167 1686 1231 quem
1732 1146 1983 1211 scilicet
2026 1168 2111 1209 ex
2142 1145 2520 1211 Herodiano
2552 1146 2836 1232 pendere
2880 1168 3006 1209 non
3051 1146 3234 1230 igno-

660 1246 867 1327 ravit,
916 1253 1309 1332 excerperet.
1399 1246 1567 1310 Nam
1613 1246 1669 1310 si
1715 1247 1910 1328 hanc,
1969 1270 2162 1334 quam
2207 1247 2346 1312 dixi
2392 1247 2781 1329 sectionem,
2838 1271 2983 1311 cum
3030 1246 3234 1330 Choe-

627 1345 936 1442 ·robosco
983 1367 1313 1433 compares
1325 1394 1343 1428 ,
1389 1347 1683 1413 invenies
1730 1371 2048 1413 summam
2082 1349 2386 1415 Lascaris
2428 1370 2575 1413 cum
2606 1347 3057 1414 Choerobosco
3088 1371 3232 1414 con·

661 1448 1049 1531 gruentiam.

828 1551 909 1614 In
951 1550 1378 1616 adornatione
1420 1551 1935 1637 fragmentorum
1979 1552 2342 1617 Rhematici
2386 1575 2529 1617 eam
2583 1552 2701 1616 inii
2756 1552 3106 1635 rationem,
3163 1562 3237 1617 ut

660 1660 912 1717 retento
970 1651 1405 1717 Choerobosci
1471 1653 1730 1736 ordine,
1799 1655 1911 1742 qui
1977 1665 2042 1719 et
2095 1652 2427 1741 Apollonii
2492 1664 2557 1719 et
2613 1652 2975 1719 Herodiani
3029 1654 3236 1718 fuisse

661 1753 951 1836 videtur,
998 1753 1366 1837 fragmenta
1396 1755 1756 1819 Herodiani
1798 1757 2058 1820 nomine
2100 1755 2410 1839 insignita
2454 1779 2918 1841 praeponerem
2965 1767 3032 1820 et
3072 1756 3236 1820 haec

659 1855 1018 1920 minoribus
1064 1856 1240 1942 typis
1286 1878 1598 1942 expressa
1630 1879 1708 1920 ea
1758 1856 2067 1943 subsequi
2121 1856 2444 1939 iuberem,
2501 1881 2667 1943 quae
2721 1856 3234 1937 Chocroboscus‚

661 1957 814 2044 quin
873 1958 1133 2022 disertis
1189 1956 1411 2021 verbis
1464 1958 1810 2039 indicaret,
1883 1981 1964 2024 ex
2019 1957 2398 2022 Rhematico
2455 1958 2809 2044 sumpsisse
2863 1960 3232 2023 videbatur.

660 2058 829 2122 Nam
896 2059 991 2123 sic
1058 2059 1298 2145 optime
1364 2060 1645 2146 speciem
1712 2058 1863 2123 libri
1927 2059 2260 2145 originalis
2338 2061 2808 2146 repraesentari
2876 2061 3234 2125 arbitratus

662 2183 828 2225 sum.
918 2159 1197 2245 Neglexi
1251 2171 1467 2226 autem
1512 2162 1592 2230 E.
1637 2160 1872 2226 Hilleri
1929 2161 2359 2247 suspicionem
2412 2162 2739 2247 opinantis
2784 2160 3232 2227 Herodianum

661 2272 836 2326 certo
891 2262 1341 2327 Rhematicum
1400 2263 1684 2330 scribere
1739 2262 2029 2329 voluisse
2085 2264 2199 2328 sed
2264 2265 2542 2328 fortasse
2596 2286 2725 2329 non
2780 2264 3120 2350 scripsisse
3165 2276 3233 2326 et

662 2363 1181 2429 Choeroboscum
1207 2365 1349 2443 ‚eius
1383 2364 1464 2429 de
1495 2365 1695 2429 verbo
1724 2363 1969 2453 placita
1999 2388 2083 2431 ex
2113 2364 2256 2429 aliis
2288 2366 2569 2452 scriptis,
2601 2389 2719 2452 per
2746 2388 2911 2453 quae
2937 2366 3234 2451 dispersa

658 2464 966 2550 fuissent,
1023 2467 1357 2554 petivisse.
1446 2467 1611 2531 Nam
1670 2469 1782 2555 qui
1839 2467 2358 2534 Choeroboscum
2413 2468 2625 2554 ipsum
2693 2467 2969 2554 perlegit
3022 2489 3232 2553 neque

659 2568 817 2633 satis
861 2569 1090 2633 habuit
1132 2567 1349 2633 indice
1393 2570 1686 2634 consulto
1731 2569 1906 2636 locos
1920 2619 1936 2651 ,
1980 2571 2045 2634 in
2093 2569 2328 2656 quibus
2374 2569 2786 2634 Herodianus
2831 2571 3086 2649 citatur,
3132 2570 3228 2631 in-

660 2672 939 2757 spicere,
1007 2670 1306 2736 dubitare
1361 2694 1490 2735 non
1549 2682 1790 2759 potest,
1863 2673 2017 2759 quin
2087 2671 2577 2738 Choeroboscus
2639 2671 2999 2736 Herodiani
3062 2671 3229 2734 Rhe—

657 2775 966 2839 maticum
1027 2784 1179 2838 ante
1235 2772 1456 2838 oculos
1511 2773 1814 2841 habuerit
1868 2775 2114 2862 pariter
2170 2786 2364 2861 atque
2410 2772 2771 2859 Apollonii,
2823 2772 2977 2838 licet
3018 2782 3228 2859 poste-

658 2876 849 2940 rioris
893 2884 1145 2940 tantum
1201 2876 1587 2940 nominatim
1633 2875 1937 2964 appellat.
2026 2877 2107 2941 Id
2156 2899 2307 2940 vcro
2354 2898 2480 2939 non
2524 2899 2691 2961 nego
2749 2877 2909 2940 satis
2960 2873 3228 2940 difficile

658 2987 725 3041 et
767 2977 1197 3063 periculosum
1241 3000 1382 3042 esse
1437 2977 1679 3065 ubique
1725 2979 2125 3059 discerncre,
2183 2978 2336 3063 quid
2390 3001 2471 3042 ex
2519 2977 2894 3063 Apollonio,
2941 2977 3093 3063 quid
3140 2998 3229 3040 ex

657 3079 1033 3145 Herodiano
1078 3081 1479 3167 exscriptum
1525 3080 1629 3146 sit.

1447 3249 1678 3315 XXII.
1764 3251 1956 3329 Περὶ
1997 3253 2152 3316 τῶν
2196 3250 2308 3315 εἰ(
2352 3256 2469 3331 1²¹·-

828 3390 1303 3455 Commemorat
1347 3385 1759 3451 Herodianus
1816 3386 1990 3450 hunc
2041 3383 2279 3449 librum
2333 3385 2399 3450 in
2454 3385 2530 3449 Il.
2577 3386 2685 3449 Pr.
2731 3387 2786 3452 Ζ
2828 3386 2953 3450 336
2998 3384 3221 3452 dicens

659 3493 729 3560 ἐν
772 3500 864 3579 τῷ
908 3494 1054 3573 περὶ
1095 3499 1226 3558 τῶν
1270 3492 1359 3557 εἰς
1403 3492 1468 3568 iii
1513 3486 1812 3573 exempla
1855 3486 2104 3552 formae
2147 3490 2309 3568 ἤμην
2346 3488 2616 3553 Graecis
2659 3509 2846 3552 rarae
2889 3486 3223 3574 proposita

659 3617 820 3659 esse.
908 3594 1060 3659 Iure
1113 3592 1453 3672 LehrsiuS,
1522 3612 1712 3676 quam
1777 3590 2036 3676 copiose
2098 3588 2256 3654 baec
2324 3589 2624 3655 materies
2696 3589 2780 3653 ab
2847 3589 3220 3653 Herodiano

658 3705 941 3761 tractata
993 3696 1220 3775 fuerit,
1276 3716 1359 3758 ex
1414 3692 1866 3759 Choerobosco
1930 3693 2265 3759 evidenter
2318 3692 2599 3779 perspici
2663 3713 2855 3778 posse
2918 3690 3218 3756 affirmat.

656 3800 736 3863 In
781 3797 902 3861 hac
945 3805 1129 3883 parte
1174 3794 1538 3860 Rhematici
1589 3795 2053 3876 Choerobosci,
2110 3818 2275 3881 quae
2328 3794 2559 3880 incipit
2616 3815 2720 3879 ap.
2770 3792 3219 3857 Gaisfordium

657 3923 697 3964 a
741 3922 803 3985 p.
851 3899 1006 3982 842,
1072 3896 1380 3985 pleraque
1432 3898 1797 3982 fragmenta
1851 3897 2208 3962 Herodiani
2264 3898 2523 3961 nomine
2589 3893 2956 3979 significata
3015 3893 3217 3958 conti-

657 4011 918 4081 nentur,
965 3999 1079 4064 sed
1123 3999 1320 4063 etiam
1365 3999 1645 4084 plurima
1687 4010 2063 4086 praecepta,
2121 3998 2354 4086 quibus
2401 3995 2761 4061 Herodiani
2816 4018 3047 4061 nomen
3090 4017 3219 4061 non

657 4102 958 4168 additum
1013 4112 1143 4182 est,
1198 4122 1282 4165 ex
1335 4124 1411 4165 eo
1465 4101 1673 4186 petita
1727 4113 1898 4168 sunt.
1988 4101 2205 4182 Quare
2260 4101 2327 4164 in
2380 4097 2773 4163 adornandis
2833 4098 3021 4161 huius
3069 4094 3221 4160 libri

656 4204 1039 4290 fragmentis
1095 4202 1367 4268 eandem
1422 4203 1594 4266 viam
1660 4203 1993 4289 ingressus
2051 4226 2195 4267 sum
2250 4212 2441 4288 atque
2497 4201 2565 4264 in
2620 4197 2786 4263 libro
2840 4201 2986 4279 περὶ
3026 4200 3218 4280 ῥημά-

653 4329 803 4373 των.
876 4305 1039 4369 Cum
1084 4304 1534 4369 Choerobosco
1581 4316 1796 4370 autem
1844 4303 2311 4370 Gaisfordiano
2355 4301 2599 4367 contuli
2644 4302 3007 4387 Excerpta,
3053 4323 3218 4388 quae

655 4410 1001 4474 Cramerus
1046 4406 1114 4470 in
1159 4406 1286 4471 An.
1332 4404 1457 4471 Ox.
1506 4406 1603 4470 IV
1644 4409 1794 4472 inde
1851 4429 1891 4470 a
1940 4430 2003 4492 p.
2051 4404 2405 4469 340—398
2461 4427 2545 4468 ex
2600 4402 2756 4469 Ood.
2815 4402 2976 4467 Bod.
3024 4403 3216 4467 Auct.

655 4510 732 4573 T.
778 4508 877 4573 IV
924 4509 981 4590 7,
1038 4506 1187 4573 olim
1234 4507 1526 4575 Saibant.
1577 4509 1798 4574 Chart.
1844 4530 1974 4573 rec.
2020 4508 2142 4572 sub
2190 4504 2379 4571 titulo
2423 4508 2569 4586 περὶ
2610 4514 2740 4572 τῶν
2785 4504 2873 4570 εἰ(
2914 4509 2979 4584 ffi
3024 4505 3216 4585 ῥημά·

653 4634 784 4678 των
829 4610 1061 4690 edidit,
1119 4632 1204 4674 ex
1244 4608 1693 4676 Choerobosco
1738 4603 2088 4695 d‘escripta.
2131 4645 2211 4654 —
2254 4609 2331 4673 In
2375 4608 2589 4672 fronte
2633 4619 2849 4671 autem
2894 4607 3216 4691 fragmen-

655 4727 869 4781 torum
912 4715 1098 4798 posui
1145 4713 1500 4799 epitomen,
1557 4735 1722 4799 quae
1779 4710 2058 4776 frustulo
2118 4708 2213 4773 illi
2256 4711 2383 4774 iam
2434 4732 2634 4796 supra
2676 4718 3029 4773 memorato
3073 4711 3220 4788 περὶ

654 4815 926 4883 ἀκλίτων
972 4813 1266 4894 ῥημάτων
1308 4816 1524 4881 Αἰλίου
1569 4815 1968 4897 Ἠρωδιανοῦ
2014 4812 2359 4895 subiuncta
2401 4821 2497 4875 est
2540 4810 2855 4897 inscripta
2898 4812 3042 4897 περὶ
3085 4816 3218 4876 τῶν
