3664 5546
1517 375 1933 422 PRAEFATIO.
2793 379 3036 428 CLXVII

449 533 756 613 alterum,
809 532 894 597 ad
939 554 1132 618 quem
1177 531 1429 617 reliqua
1470 531 1843 615 fragmenta
1886 528 2232 592 referenda
2274 530 2435 611 sint,
2490 553 2622 596 non
2668 534 3035 599 accuratius

452 633 909 700 definiendum.

613 733 1220 822 Epaphroditus
1266 735 1334 798 in
1378 734 1504 820 Ep.
1549 731 1657 797 Cr.
1705 732 1738 796 I
1783 732 1902 812 78,
1945 731 2030 795 28
2078 731 2168 818 (p.
2211 732 2316 814 37,
2361 732 2443 797 27
2491 732 2655 798 falso
2700 736 3030 822 proprium

449 839 758 925 scriptum
803 847 904 901 est
947 859 1064 922 pro
1110 834 1574 919 ἐπαφρόδιτος)
1631 858 1678 899 s,
1727 834 2090 916 Ἀλιζῶνες,
2146 835 2259 919 qui
2316 833 2497 898 locus
2540 839 2843 921 congruit
2885 860 3033 902 cum

448 942 542 1004 St.
589 941 665 1004 B.
713 963 765 1003 Β.
814 951 908 1020 vi,
968 935 1086 1002 sed
1130 935 1498 1024 Stephanus
1545 934 1979 1023 Epaphroditi
2038 934 2533 1019 originationem
2591 938 2674 1002 ab
2723 938 3034 1006 ἀλαζόνες

448 1027 809 1129 proponens
855 1049 1188 1105 auctorem
1231 1040 1482 1122 omisit3
1529 1048 1593 1104 et
1638 1037 2037 1125 Epimerista
2080 1047 2146 1102 et
2189 1037 2557 1124 Stephanus
2588 1039 3031 1105 Herodianum

446 1144 951 1228 exscripserunt.

615 1244 1019 1310 Habronis
1064 1244 1176 1329 qui
1219 1241 1414 1306 etiam
1470 1263 1512 1305 a
1555 1240 1970 1325 Theognosto
2014 1266 2078 1329 p.
2126 1241 2209 1306 83
2253 1240 2592 1324 laudatur,
2650 1243 2780 1307 iam
2835 1266 3035 1331 supra

445 1374 509 1434 p.
555 1344 1000 1412 CXXXXIII
1045 1345 1438 1409 mentionem
1481 1343 1697 1408 inieci.

614 1449 1055 1528 Ἡρακλέων
1100 1448 1138 1512 ὁ
1187 1447 1567 1529 Γλαύκου,
1612 1444 1706 1510 ait
1744 1444 1840 1509 St.
1872 1444 1949 1508 Β.
1995 1468 2059 1531 p.
2098 1446 2249 1526 116,
2292 1445 2364 1526 9,
2411 1447 2527 1525 τὴν
2575 1450 2613 1512 V
2657 1450 2768 1526 τῆς
2814 1447 3031 1514 Ὀδυς-

444 1553 610 1617 ςείας
656 1550 1183 1634 ὑπομνηματίζων
1229 1549 1450 1630 φηςίν·
1504 1547 1643 1627 ἄρω
1687 1549 1763 1613 τὸ
1808 1548 2080 1630 ποτίΖω,
2135 1546 2215 1614 οὗ
2269 1547 2345 1614 τὸ
2391 1547 2569 1627 ἄρδω
2620 1551 3033 1633 παραγωγόν,

443 1655 514 1718 ἐκ
556 1653 794 1718 τούτου
839 1653 1083 1735 ἀρέθω,
1131 1653 1221 1716 ὡς
1265 1651 1490 1732 φλέγω
1536 1650 1867 1732 φλεγέθω,
1919 1648 2044 1729 ἀφ’
2088 1648 2168 1714 οὗ
2211 1653 2381 1714 πᾶςα
2424 1651 2621 1729 κρήνη
2668 1650 3032 1718 ἐπιθετικῶς

443 1755 618 1820 οὕτω
664 1756 959 1819 καλεῖται.
1047 1752 1230 1816 Haec
1283 1773 1431 1816 cum
1487 1753 1628 1838 ipso
1674 1758 1839 1814 teste
1894 1772 1997 1813 ex·
2022 1747 2361 1815 Catholica
2414 1749 2737 1815 translata
2790 1752 3031 1833 iudice,

442 1877 644 1942 quum
689 1855 758 1917 in
801 1854 978 1919 Mon.
1029 1854 1128 1934 13,
1181 1853 1260 1917 15
1302 1857 1492 1919 πᾶςαι
1538 1855 1760 1931 κρῆναι
1805 1853 1950 1917 κατ’
2000 1852 2355 1931 ἐπιθετικὴν
2400 1853 2661 1919 ἔννοιαν
2707 1853 2880 1919 οὕτω
2923 1877 3030 1920 κα-

444 1962 738 2039 λοῦνται,
783 1957 915 2022 ἀπὸ
959 1959 1077 2022 τοῦ
1120 1955 1339 2034 ἄρδειν
1368 1955 1518 2020 ἷςως
1547 1957 2045 2034 ςχηματιςθεῖςαι
2084 1950 2413 2036 legantur,
2458 1953 2571 2018 ubi
2602 1953 3032 2020 Heracleonis

442 2057 884 2123 testimonium
928 2057 1148 2138 abest,
1194 2057 1311 2120 sed
1343 2053 1758 2119 Herodianus
1803 2077 1886 2119 ne
1916 2053 2075 2118 furti
2104 2054 2593 2120 insimularetur
2633 2077 2759 2121 non
2793 2057 3031 2139 timuit,

440 2161 598 2246 quia
642 2168 974 2223 auctorem
1027 2179 1217 2221 suum
1272 2157 1402 2220 iam
1445 2158 1513 2220 in
1571 2155 1698 2220 alio
1743 2154 1914 2221 libro
1960 2156 2435 2221 nominaverat.
2526 2155 2745 2221 Etiam
2798 2156 3030 2244 reliqui

441 2260 567 2324 loci
615 2283 719 2347 ap.
767 2258 990 2346 Steph.
1034 2258 1151 2339 22,
1203 2260 1275 2322 11
1323 2260 1500 2337 παρὰ
1541 2259 1618 2323 τὸ
1663 2258 1802 2336 ἄγω
1848 2258 2067 2340 ἀγυιά,
2117 2256 2270 2337 188,
2322 2259 2351 2321 1
2403 2260 2634 2343 Βῆςςα,
2679 2260 2866 2325 πόλις
2910 2260 3031 2326 Λο-

442 2367 634 2442 κρῶν.
721 2363 1113 2441 Ἡρωδιανὸς
1159 2362 1249 2426 δι’
1292 2360 1439 2426 ἑνὸς
1489 2363 1524 2425 ἰ
1564 2360 1832 2443 γράφει,
1892 2359 2384 2438 Ἀπολλόδωρος
2439 2362 2511 2425 δὲ
2568 2361 2671 2425 καὶ
2716 2361 3029 2442 Ἐπαφρό·

441 2470 617 2530 διτος
660 2465 762 2529 καὶ
805 2464 1172 2543 Ἡρακλέων
1216 2463 1323 2528 διὰ
1366 2462 1516 2537 δύο;
1573 2461 1733 2542 368,
1781 2461 1820 2525 8
1871 2461 2255 2542 Κροκύλειον
2301 2482 2387 2525 ex
2430 2441 2783 2526 Catholica'
2820 2472 3027 2527 trans·

441 2567 566 2631 scri
619 2575 686 2628 ta
729 2574 897 2630 sunt.

575 2589 1092 2730 pHeraclides
1149 2663 1538 2730 Ponticus
1593 2664 1850 2728 maior
1905 2660 2269 2748 discipulus
2313 2655 2688 2727 Aristotelis
2747 2663 2947 2729 semel
2992 2688 3033 2729 a

441 2768 774 2857 Stephano
811 2768 1071 2833 citatur
1127 2765 1282 2846 708,
1334 2765 1413 2829 10
1467 2765 1762 2846 Ὼλίαρος
1815 2768 2011 2844 νῆςος
2073 2767 2209 2831 τῶν
2276 2766 2619 2832 Κυκλάδων
2684 2766 2824 2850 μία,
2884 2769 3030 2847 περὶ
3162 2761 3169 2768 ’

438 2873 514 2951 ἧς
557 2872 964 2951 Ἡρακλείδης
1008 2869 1047 2935 ὁ
1090 2868 1409 2935 Ποντικὸς
1454 2868 1534 2932 ἐν
1578 2860 1683 2951 ἰῷ
1728 2869 1910 2947 περὶ
1955 2869 2212 2946 νήςων
2257 2867 2432 2933 οὕτω
2477 2868 2667 2949 φηςίν
2701 2867 3030 2950 «Ὠλίαρος

441 2973 763 3039 (Σιδωνίων
806 2973 1066 3038 ἀποικία
1111 2970 1437 3050 ἀπέχουςα
1479 2969 1709 3047 Πάρου
1740 2969 2031 3035 ςταδίους
2074 2968 2226 3048 ιη’»;
2280 2967 2478 3032 semel
2524 2969 2721 3034 etiam
2753 2992 2794 3034 a
2823 2969 3026 3035 Choe-

435 3073 707 3139 robosco
751 3074 816 3137 in
863 3071 1004 3137 loco
1050 3073 1187 3137 sinc
1234 3068 1433 3134 dubio
1478 3092 1562 3133 cx
1607 3069 1986 3135 Herodiano
2032 3071 2359 3155 exscripto
2404 3069 2653 3136 Dictat.
2726 3072 2878 3153 146,
2908 3074 3022 3137 32:

434 3178 854 3257 ςημειούμεθα
907 3176 1066 3254 παρ’
1110 3173 1482 3256 Ἡρακλείδῃ
1539 3172 1610 3237 ἐν
1666 3175 1804 3237 τοῖς
1850 3173 2028 3252 περὶ
2072 3177 2442 3253 χρηςμῶν
2501 3171 2720 3258 (quem
2765 3172 3025 3238 titulum

431 3275 728 3341 Mueller.
776 3275 1010 3360 fragm.
1057 3273 1282 3339 histor.
1333 3271 1405 3337 II
1454 3272 1571 3337 198
1628 3271 1732 3337 hic
1786 3273 2032 3358 pariter
2075 3282 2271 3360 atque
2324 3272 2392 3337 in
2437 3271 2653 3339 Schol.
2701 3273 2787 3338 ad
2831 3274 3024 3341 Pind.

432 3377 540 3444 Ol.
585 3377 721 3441 VH
779 3378 893 3441 111
954 3379 1027 3441 in
1092 3378 1236 3456 περὶ
1300 3376 1692 3455 χρηςτηρίων
1752 3377 1992 3440 mutari
2060 3374 2462 3462 eundemque
2526 3373 2764 3440 librum
2830 3385 3027 3463 atque

431 3481 658 3546 κτίςεις
700 3479 896 3559 ἱερῶν
942 3476 1296 3563 significari
1341 3475 1511 3561 vult)
1568 3476 1666 3543 ὅτι
1720 3497 1845 3560 περ
1899 3478 1999 3544 καὶ
2055 3478 2307 3554 λέγουςί
2356 3498 2524 3544 τινες
2567 3481 3025 3561 πεπλανημένα

432 3582 634 3663 εἶναι,
677 3583 752 3647 τὸ
799 3581 896 3646 «ὦ
938 3582 1152 3660 Πέρςη
1196 3579 1643 3659 ποικιλόδιφρε
1683 3579 1779 3646 ἵν’
1824 3576 1955 3645 ἀπὸ
2001 3582 2219 3659 χεῖρας
2263 3580 2572 3660 ἔχεςθαι».

604 3681 1082 3746 Heraclides
1114 3680 1497 3745 Ponticus
1529 3680 1782 3745 minor
1821 3678 2182 3767 discipulus
2213 3679 2518 3767 Didymi,
2565 3682 2750 3746 cuius
2780 3681 3021 3748 librum

429 3786 579 3863 περὶ
623 3786 1059 3864 ἐτυμολογιῶν
1105 3782 1433 3867 excerpsit
1464 3779 1665 3846 Orion
1697 3780 1784 3846 cf.
1815 3781 2036 3846 Kleist
2079 3781 2160 3846 de
2191 3780 2549 3847 Philoxeno
2587 3806 2647 3869 p.
2679 3782 2783 3864 22,
2828 3804 3019 3868 quem

417 3871 658 3950 'laudat
700 3886 896 3950 etiam
926 3882 1310 3970 Apollonius
1325 3930 1343 3964 ,
1389 3891 1456 3947 et
1485 3881 1873 3949 Eustathius
1917 3883 2297 3970 saepissime
2341 3882 2680 3964 exscribit,
2727 3905 2769 3947 a
2812 3883 3017 3948 Choe-

427 3986 706 4051 robosco
761 3985 846 4050 ad
904 3985 1275 4049 testandum
1332 3992 1738 4050 contractum
1797 3982 2114 4071 pluralem
2180 3985 2243 4052 οἱ
2313 3991 2465 4068 βοῦς
2518 3986 2589 4052 ἐν
2654 3983 2715 4049 α’
2774 3990 3017 4065 λεςχῶν

431 4098 732 4167 vocatur3
781 4087 1147 4172 Stephanus
1177 4086 1336 4168 458,
1373 4085 1451 4150 16
1496 4095 1562 4150 et
1604 4087 1743 4173 ipse
1773 4096 2087 4174 provocat
2117 4085 2202 4152 ad
2231 4084 2651 4152 Heraclidem
2681 4084 2740 4153 α’·
2770 4092 3015 4167 λεςχῶν

428 4198 694 4276 propter
745 4187 992 4272 gentile
1049 4189 1440 4268 Μοψοπίτης
1494 4210 1613 4273 pro
1673 4190 2120 4269 Μοψοπιώτης
2177 4197 2243 4253 et
2294 4211 2355 4276 p.
2398 4188 2527 4253 265
2538 4235 2556 4271 ,
2615 4189 2693 4254 16
2750 4199 3016 4277 propter

424 4289 669 4375 gentile
715 4291 1148 4370 Ἐλευθεραῖος
1193 4300 1259 4353 ct
1301 4289 1460 4371 428,
1507 4289 1548 4352 9
1591 4299 1857 4376 propter
1900 4289 2284 4355 femininum
2331 4292 2622 4358 Μάκεςςα
2675 4290 2763 4355 cf.
2814 4290 3010 4356 Mein.

430 4389 646 4456 Anall.
690 4390 817 4455 377
864 4412 1042 4477 seqq.

592 4493 941 4573 Ἑρμείας
984 4492 1022 4557 ὁ
1073 4494 1681 4572 Κρατήτειοςκίιι.
1731 4490 1809 4557 11.
1854 4491 1963 4556 Pr.
2008 4494 2073 4559 Π
2115 4492 2238 4558 207
2294 4494 2363 4557 in
2404 4496 2602 4559 ταῦτα
2645 4493 2716 4575 μ’
2760 4492 3011 4573 ἀγειρά·

426 4615 599 4673 μενοι
643 4593 865 4657 inesse
911 4602 1147 4679 putans
1193 4593 1639 4678 redarguitur3
1688 4615 1793 4680 ap.
1828 4591 1922 4658 St.
1961 4592 2037 4657 B.
2074 4594 2218 4672 684,
2274 4597 2353 4659 14
2395 4595 2674 4676 Ἑρμείας
2719 4596 2790 4662 ἐν
2835 4615 3009 4675 περι-

425 4699 631 4777 ηγήςει
678 4694 959 4776 citatur,
999 4697 1113 4781 qui
1156 4717 1303 4758 cum
1342 4692 1768 4780 grammatico
1808 4694 1971 4759 nihil
2010 4697 2481 4762 communionis
2514 4695 2731 4760 habet.
2777 4693 3006 4761 Mulle-

419 4820 525 4863 rus
569 4799 654 4862 fr.
703 4795 961 4861 Histor.
1018 4794 1136 4860 Gr.
1184 4794 1443 4861 dubitat
1494 4817 1649 4858 num
1706 4796 1788 4861 ad
1834 4796 2168 4861 Hermiam
2213 4797 2774 4882 Methymnaeam,
2835 4796 3009 4884 quod
