3664 5546
1589 434 2008 483 PRAEFATIO.
2850 434 3085 483 CCXVII

514 589 616 654 καὶ
657 589 734 655 τὸ
777 577 1011 668 κύριον
1044 588 1252 670 ὄνομά
1308 590 1432 655 ἑςτι
1485 590 1590 655 διὰ
1634 591 1993 671 διφθόγγου
2046 591 2221 669 παρὰ
2273 594 2391 656 τοῦ
2436 590 2657 670 Ὠρεύς
2702 590 2938 669 Ὠρέως
2995 590 3086 656 ὡς

516 692 675 770 παρ’
726 664 1142 776 Ἀπολλιιῗνίῳ
1201 691 1519 772 «Ὠρείτης
1573 693 1640 756 δ’
1696 693 2050 773 Ἀμύκοιο».
2148 694 2291 758 τινὰ
2357 694 2428 758 δὲ
2481 700 2612 758 τῶν
2669 693 3084 775 ἀντιγράφων

516 793 798 874 Ὠρείδης
841 794 989 873 ἔχει.
1080 794 1535 878 Χοιροβοςκός,
1592 794 1704 880 qui
1758 793 1939 860 locus
1993 794 2061 858 in
2106 794 2185 858 E.
2227 793 2319 858 M.
2365 794 2790 881 transcriptus
2848 804 2948 859 est
3003 817 3085 859 ex

515 894 873 981 exemplari
948 893 1468 981 Orthographiae
1535 895 1974 960 Choerobosci
2043 896 2329 982 pleniore
2402 919 2594 983 quam
2622 927 2647 952 ο
2669 896 2844 982 quod
2914 918 3086 961 nunc

513 996 825 1061 habemus
871 997 938 1061 in
982 998 1110 1061 An.
1157 996 1283 1063 Ox.
1332 997 1435 1081 II,
1481 997 1595 1063 ubi
1640 1021 1704 1084 p.
1749 998 1908 1080 280,
1958 999 2033 1062 17
2078 1021 2248 1063 nunc
2292 998 2454 1062 haec
2497 1006 2748 1063 tantum
2793 1007 3081 1062 exstant:

514 1099 810 1179 Ὠρείτης.
855 1098 1077 1179 Ὠρεός
1121 1101 1260 1180 γάρ.
1328 1099 1774 1185 Intellegimus
1819 1100 2023 1185 igitur
2065 1100 2518 1166 Herodianum
2558 1101 2626 1164 in
2671 1100 2920 1166 Cathol.
2952 1098 2997 1164 l.
3030 1122 3086 1164 c.

515 1211 581 1268 et
622 1202 706 1266 de
749 1201 1031 1282 Ὠρείτης
1074 1200 1303 1287 gentili
1346 1211 1412 1267 et
1452 1202 1714 1290 proprio
1760 1201 2008 1267 dixisse
2051 1209 2117 1265 et
2158 1201 2350 1266 huius
2407 1203 2679 1269 alteram
2723 1203 2914 1268 etiam
2960 1201 3088 1266 for-

514 1326 686 1368 mam
730 1304 1014 1384 Ὠρείδης
1058 1326 1163 1390 ap.
1208 1303 1627 1390 Apollonium
1680 1305 1749 1368 in
1805 1302 2202 1392 quibusdam
2257 1302 2743 1392 exemplaribus
2806 1304 2933 1389 legi
2977 1305 3089 1371 ob-

516 1428 814 1471 servasse
858 1417 922 1471 et
965 1405 1048 1471 de
1092 1405 1322 1491 gentili
1375 1428 1451 1472 eo
1495 1406 1688 1472 modo
1734 1407 1981 1493 egisse,
2037 1427 2162 1493 quo
2219 1406 2439 1492 steph.
2488 1408 2565 1471 B.
2613 1429 2665 1471 s.
2713 1406 2935 1488 Ὠρεός
2979 1429 3088 1471 ex-

513 1508 736 1596 plicat.
823 1506 970 1573 Non
1015 1530 1205 1588 vem,
1248 1518 1322 1574 ut
1363 1508 1723 1573 Merkelius
1769 1508 1837 1573 in
1881 1506 2083 1574 Proll.
2130 1508 2215 1572 ad
2244 1507 2461 1596 Apoll.
2506 1531 2570 1594 p.
2601 1508 2837 1575 LXIII
2881 1509 3088 1596 suspi-

515 1622 735 1693 catur,
811 1609 1300 1675 Choeroboscus
1377 1610 1500 1676 hoc
1583 1633 1667 1676 ex
1744 1610 2023 1676 Scholiis
2087 1608 2538 1697 Apollonianis
2613 1610 3090 1698 antiquioribus

516 1714 827 1800 sumpsit,
876 1710 992 1776 sed
1038 1734 1123 1776 ex
1165 1714 1308 1797 ipso
1354 1713 1754 1778 HerodianO.

682 1813 718 1879 Ι
759 1815 844 1878 54
884 1816 1284 1895 ’Ἀμφρυςςος
1327 1816 1639 1896 γράφεται
1694 1818 1796 1881 καὶ
1851 1817 1956 1881 διὰ
2009 1820 2126 1881 τοῦ
2174 1805 2239 1898 ᾗ,
2290 1817 2380 1882 ὡς
2422 1817 2794 1882 Διονύςιος·
2848 1816 2975 1882 ἔςτι
3019 1818 3092 1881 δὲ

515 1919 803 1997 ποταμὸς
864 1919 1229 1983 Θεςςαλίας·
1293 1919 1846 1998 προπαροξύνεται
1915 1920 2016 2003 δέ,
2084 1917 2173 1983 ὡς
2239 1918 2308 1983 ἐν
2364 1926 2441 2003 τῇ
2508 1915 2564 1998 η’
2618 1923 2728 1998 τῆς
2792 1919 3089 1984 καθόλου.

515 2019 756 2086 Totum
800 2018 921 2084 hoc
965 2017 1525 2103 adnotamentum‚
1574 2042 1703 2083 non
1748 2018 1954 2085 solum
1999 2029 2302 2084 accentus
2332 2020 2578 2083 notatio
2611 2042 2695 2084 ex
2724 2020 3093 2084 Herodiani

514 2120 655 2187 loco
700 2143 756 2186 c.
802 2120 1188 2185 translatum
1233 2131 1362 2202 est,
1417 2131 1494 2186 ut
1538 2144 1620 2186 ex
1666 2123 2150 2209 comparatione
2208 2121 2303 2187 St.
2348 2122 2654 2207 Byzantii
2707 2132 2919 2207 patet,
2977 2121 3091 2185 ubi

514 2247 578 2312 p.
627 2223 740 2305 91,
788 2223 827 2286 9
867 2225 1235 2304 ’Ἀμφρυςος
1288 2225 1473 2290 πόλις
1529 2226 1846 2291 Φωκίδος·
1906 2227 2074 2290 τινὲς
2132 2227 2202 2290 δὲ
2259 2225 2363 2289 διὰ
2417 2229 2535 2289 τοῦ
2581 2213 2616 2305 Β
2670 2225 2876 2305 φαςίν.
2963 2224 3091 2289 ἔςτι

515 2328 618 2392 καὶ
660 2326 947 2405 ποταμὸς
993 2326 1371 2404 Μαγνηςίας.
1461 2325 1831 2412 Stephanus
1880 2328 2269 2412 scripturam
2313 2348 2428 2412 per
2473 2325 2715 2412 duplex
2762 2331 2851 2406 ΕΞ,
2899 2347 3093 2410 quam

517 2428 790 2516 praebet
833 2427 1030 2490 etiam
1072 2425 1364 2510 Theogn.
1409 2450 1473 2513 p.
1522 2429 1602 2492 73
1644 2430 2029 2510 Ἄμβρυςςος
2071 2429 2409 2514 proferens
2422 2475 2439 2508 ,
2487 2427 2779 2511 neglexit
2823 2435 2889 2491 et
2932 2428 3091 2492 Dio·

518 2529 691 2616 nysii
718 2529 1308 2612 Argonauticorum
1355 2530 1690 2615 scriptoris
1737 2530 2108 2595 testimonio
2155 2529 2492 2594 substituit
2534 2531 2717 2595 τινές.
2761 2526 3092 2615 Apollonii

517 2639 734 2695 autem
779 2629 1142 2695 Scholiasta
1183 2630 1620 2715 praetermisit
1663 2631 1949 2695 adiicere
1991 2633 2391 2712 ’Ἀμφρυςςος
2434 2653 2578 2695 esse
2623 2630 2823 2696 etiam
2863 2631 3093 2694 urbem

516 2732 843 2799 Phocidis.
904 2731 1012 2799 Sic
1055 2732 1426 2820 compositis
1475 2732 1683 2799 Schol.
1732 2732 1818 2798 ad
1862 2731 2165 2821 Apollon.
2212 2745 2278 2801 et
2324 2733 2418 2800 St.
2460 2734 2537 2799 B.
2585 2732 2845 2798 exsistit
2886 2732 3093 2798 Hero·

517 2836 698 2902 diani
741 2835 1293 2902 adnotamentum.

685 2938 794 3003 Ex
848 2937 1330 3023 comparatione
1384 2934 1626 3001 Scholii
1692 2936 1777 3000 ad
1830 2937 1903 3002 II
1959 2939 2114 3019 401,
2172 2940 2286 3005 ubi
2345 2938 2710 3005 Herodiani
2773 2937 3097 3002 sententia

519 3063 650 3104 non
695 3039 867 3106 clare
897 3042 1199 3126 exposita
1242 3048 1369 3103 est:
1418 3041 1825 3119 Ἀμαραντῶν
1870 3043 2392 3125 περιςπωμὲνως,
2439 3042 2525 3106 ὥς
2571 3061 2760 3121 φηςιν
2789 3040 3096 3119 Ἡρωδια-

519 3146 633 3210 νὸς
690 3144 760 3208 ἐν
817 3149 910 3228 τῷ
967 3147 1005 3222 ἦ
1063 3143 1371 3209 καθόλου·
1426 3142 1556 3206 ἔςτι
1609 3144 1681 3207 δὲ
1736 3143 2125 3221 Ἀμάραντος
2179 3146 2365 3209 πόλις
2421 3143 2491 3207 ἐν
2545 3144 2814 3226 Πόντῳ,
2882 3144 2971 3208 ὡς
3025 3143 3096 3206 δὲ

521 3246 712 3310 αὐτός
753 3267 977 3328 φηςιν,
1023 3245 1179 3325 ὄρος
1215 3245 1554 3325 Κολχίδος,
1599 3244 1663 3310 ἐξ
1708 3243 1801 3308 ὧν
1847 3245 1885 3308 ὸ
1915 3246 2106 3311 Φᾶςις
2137 3248 2423 3326 ποταμὸς
2452 3247 2903 3327 καταφέρεται,
2949 3266 3097 3308 cum

523 3346 619 3412 St.
665 3346 742 3409 B.
790 3347 893 3428 83,
944 3346 1022 3409 12
1065 3347 1441 3427 Ἀμαραντοί
1490 3347 1798 3426 Κολχικὸν
1844 3347 2064 3430 ἔθνος,
2122 3347 2248 3429 ἀφ’
2291 3349 2384 3414 ὧν
2439 3349 2476 3413 ὁ
2522 3350 2713 3413 Φᾶςις
2760 3347 2887 3430 ῥεῖ,
2945 3345 3097 3411 ὅθεν
3170 3358 3189 3377 ·

522 3451 625 3514 καὶ
668 3450 1083 3528 Ἀμαράντιον
1128 3451 1243 3515 τὸν
1288 3450 1484 3514 Φᾶςίν
1530 3470 1720 3530 φαςιν
1767 3458 1834 3512 et
1878 3448 2032 3512 Arc.
2078 3449 2193 3530 83,
2237 3451 2279 3514 5
2324 3452 2713 3531 Ἀμάραντος
2756 3450 2831 3514 τὸ
2876 3449 3098 3527 κύριον

524 3550 643 3634 (sc.
693 3550 1088 3635 βαρύνεται),
1132 3551 1208 3616 τὸ
1254 3549 1506 3615 ἐθνικὸν
1554 3551 1842 3619 ὀξύνεται
1886 3548 2289 3636 intellegitur
2317 3550 2766 3615 Herodianum
2799 3550 3101 3617 docuisse

521 3653 896 3731 Ἀμαραντοί
939 3673 1083 3715 esse
1127 3650 1472 3737 populum,
1519 3654 1909 3734 Ἀμάραντος
1940 3654 2167 3717 urbem
2216 3654 2330 3739 (ad
2374 3655 2541 3718 hanc
2572 3654 2742 3718 enim
2774 3652 3102 3740 pertinere

522 3753 785 3818 videtur
826 3751 1098 3818 Arcadii
1128 3754 1517 3834 Ἀμάραντος
1560 3778 1690 3818 non
1735 3754 1946 3819 minus
1994 3778 2187 3841 quam
2232 3756 2318 3820 ad
2360 3754 2948 3841 andronymicum),
2995 3777 3101 3840 ap.

522 3853 939 3941 Apollonium
984 3865 1201 3919 autem
1245 3856 1653 3936 Ἀμαραντῶν
1700 3857 1909 3936 ὀρέων
1956 3879 2097 3921 csse
2143 3858 2555 3923 adiectivum.

691 3956 1054 4022 Herodiani
1107 3978 1344 4022 nomen
1402 3957 1714 4022 omissum
1773 3980 1918 4021 esse
1974 3959 2301 4024 interdum
2358 3961 2424 4024 in
2483 3957 2757 4024 Scholiis
2813 3957 3101 4022 Lauren-

522 4059 716 4123 tianis
749 4058 1035 4124 ostendit
1078 4059 1147 4123 II
1179 4060 1298 4123 711
1345 4060 1655 4126 Πλεῑςτος
1685 4060 1999 4141 ποταμός·
2043 4065 2210 4127 τινες
2255 4065 2325 4127 δὲ
2369 4063 2866 4139 ἀναγινώςκουςι
2908 4062 3100 4126 Πλει-

524 4166 702 4228 ςτοῑο
746 4163 1272 4242 περιςπωμένως,
1318 4161 1457 4225 ἐπεὶ
1500 4164 1602 4226 καὶ
1646 4163 1773 4228 ὑπὸ
1817 4170 1949 4228 τῶν
1994 4164 2322 4243 ἐγχωρίων
2368 4166 2617 4241 λέγεται
2658 4163 2963 4228 Πλειςτός
3011 4164 3100 4227 ὡς

523 4265 743 4345 καλός,
803 4263 920 4328 ubi
974 4264 1043 4326 in
1099 4261 1178 4325 E.
1225 4261 1313 4325 M.
1359 4262 1513 4341 676,
1559 4262 1600 4327 5
1663 4267 1828 4329 τινὲς
1894 4264 2390 4341 ἀναγινώςκουςι
2445 4266 3099 4346 προπεριςπωμένως·

525 4366 741 4445 ἐπειδὴ
796 4367 899 4430 καὶ
954 4365 1080 4430 ὑπὸ
1145 4366 1279 4430 τῶν
1344 4365 1672 4443 ἐγχωρίων
1741 4368 1991 4443 λέγεται
2055 4368 2362 4433 Πλειςτός
2423 4370 2771 4443 ὀξυτόνως·
2841 4368 2964 4432 ἔςτι
3030 4368 3101 4431 δὲ

525 4469 810 4546 ποταμὸς
855 4468 924 4533 ἐν
967 4467 1280 4548 Δελφοῖς.
1353 4467 1745 4547 Ἡρωδιανὸς
1791 4471 1863 4533 δὲ
1908 4470 1979 4534 ἑν
2023 4476 2098 4551 τῇ
2132 4472 2422 4536 -καθόλου
2468 4472 2781 4537 Πλεῑςτος
2828 4469 3101 4550 βαρύνει.

690 4567 867 4632 Hinc
911 4568 1228 4654 suspicari
1273 4568 1423 4633 licet
1467 4569 1664 4633 etiam
1721 4567 1867 4632 aliis
1925 4569 2085 4636 locis
2128 4571 2491 4636 Herodiani
2547 4593 2779 4635 nomen
2834 4570 3102 4634 tacitum

525 4691 688 4734 esse.
762 4671 981 4756 Atque
1022 4671 1302 4756 primum
1346 4670 1432 4734 ad
1477 4670 1940 4736 adnotamenta
1982 4675 2411 4757 grammatica
2456 4669 2925 4737 attendendum
2985 4680 3099 4735 est.

691 4772 795 4836 De
840 4782 1113 4836 accentu
1156 4773 1374 4857 agitur
1416 4772 1484 4836 in
1528 4773 1629 4836 his
1675 4774 1997 4838 articulis:

693 4873 727 4938 I
770 4873 897 4937 204
950 4874 1175 4954 ςιφλός
1229 4873 1371 4938 ἀντὶ
1412 4880 1530 4941 τοῦ
1576 4878 2010 4957 κεκακωμένος
2052 4913 2137 4926 -
2182 4879 2406 4957 ςίφλος
2461 4878 2532 4942 δὲ
2578 4876 2615 4940 ὸ
2658 4883 2891 4958 μῶμος.
2953 4874 3099 4940 Hoc
