3664 5546
1157 351 1314 406 περι
1357 351 1749 406 κΑοοΛικΗς
1786 325 2210 405 πῬοςΩιΔιΑς
2250 351 2319 403 ις.
2911 347 3041 412 449

619 520 714 585 Τὰ
756 519 845 585 εἰς
887 524 988 599 ists»
1044 519 1177 585 ἀπὸ
1232 522 1582 602 ςυμφώνου
1637 523 1677 600 ἢ
1736 522 2103 601 ςύμφώνων
2160 520 2487 600 ἀρχόμενα
2542 516 3041 596 παραληγόμενα

449 628 540 707 τῷ
586 625 619 686 ἒ
666 623 1034 706 βαρύνεται,
1081 621 1136 686 εἰ
1176 624 1257 703 μὴ
1304 624 1453 702 παρ’
1495 623 1704 704 ὄνομα
1747 622 1879 705 εἴη,
1923 623 2207 705 τρέμω,
2252 623 2457 715 νέμω
2500 622 2605 686 καὶ
2646 625 2842 702 νεμῶ,
2887 618 3040 684 ὅθεν

449 724 791 807 νενέμηκα,
838 724 1077 806 δέμω,
1121 725 1354 808 τέμω,
1400 726 1637 807 γέμω,
1681 725 1973 806 τρέμω,
2020 724 2280 803 χρέμω
2323 724 2399 788 τὸ
2445 723 2618 805 ἠχῶ,
2666 721 2917 802 βρέμω
2962 721 3039 784 τὸ

450 832 686 891 κτυπῶ.
775 825 1176 904 ςεςημείωται
1231 828 1307 891 τὸ
1362 833 1619 905 κρεμῶ
1678 826 2197 908 περιςπώμενον,
2255 824 2493 904 ὁμοίως
2547 824 2651 892 καὶ
2699 822 2777 887 τὸ
2838 826 3039 902 θεμῶ

451 928 553 992 καὶ
592 930 931 1008 πολεμῶ.
1017 928 1094 991 τὸ
1140 928 1211 992 δὲ
1257 927 1566 1008 ἀτρεμῶ
1612 929 1715 993 καὶ
1759 928 1911 1007 ἐμῶ
1958 927 2089 992 ἀπὸ
2135 929 2515 1007 φωνήεντος
2559 924 2882 1008 ἄρχονται.
3066 933 3099 984 5

621 1027 718 1093 Τὰ
772 1028 861 1094 εἰς
913 1029 1015 1107 ffun-
1071 1029 1153 1108 μὴ
1207 1029 1706 1114 παραληγόμενα
1763 1036 1856 1114 τῷ
1921 1032 1956 1093 ἒ
2018 1032 2426 1111 περιςπᾶται,
2480 1033 2727 1110 κομῶ·,
2794 1030 3042 1109 δαμῶ,

446 1117 699 1214 γαμῶ,
744 1135 956 1209 θυμῶ
1002 1131 1106 1195 καὶ
1149 1134 1511 1214 θυμοῦμαι,
1552 1137 1752 1211 μιμῶ
1798 1132 1903 1196 καὶ
1946 1134 2280 1213 μιμοῦμαι,
2331 1134 2714 1213 χραιςμῶ,
2758 1132 3040 1209 κοςμῶ,

451 1237 699 1311 κοιμῶ
747 1231 851 1296 καὶ
893 1236 1238 1316 κοιμῶμαι,
1285 1231 1477 1311 οἱμῶ
1521 1234 1599 1297 τὸ
1644 1232 1858 1312 ὁρμῶ,
1903 1239 2156 1313 μαιμῶ
2198 1233 2276 1297 τὸ
2322 1231 2520 1313 ὁρμῶ.

619 1333 715 1397 Τὰ
759 1331 848 1397 εἰς
890 1337 992 1396 Vffi
1036 1322 1378 1413 διςύλλαβα
1421 1336 1502 1413 μὴ
1534 1335 1680 1399 κατ’
1725 1334 2081 1413 ἐπιπλοκὴν
2113 1334 2464 1414 ςυμφώνου
2494 1333 2731 1411 ἔχοντα
2764 1334 2882 1412 τὴν
2910 1332 3041 1411 πρὸ

374 1432 387 1438 ’
452 1435 679 1498 τέλους
746 1435 1063 1513 ςυλλαβὴν
1130 1433 1219 1499 εἰς
1283 1434 1686 1515 ἀμετάβολον
1752 1431 2232 1513 καταλήγουςαν
2297 1437 2706 1519 περιςπᾶται,
2772 1436 3041 1516 κιρνῶ,
3080 1439 3146 1491 10

390 1552 400 1566 ·
453 1538 735 1617 πιλνῶ,
780 1529 1339 1616 πορνῶ,’ἀρνῶ
1384 1535 1713 1616 ἀρνοῦμαι.

622 1636 718 1700 Τὰ
762 1634 851 1700 εἰς
893 1639 994 1700 ν-ιὶῑ
1038 1637 1382 1718 διςύλλαβα
1424 1638 1663 1717 ἔχοντα
1703 1640 1821 1718 τὴν
1866 1640 1995 1717 πρὸ
2050 1640 2278 1704 τέλους
2321 1640 2636 1719 ςυλλαβὴν
2690 1637 2780 1703 εἰς
2831 1637 3042 1716 δίχρο-

455 1757 576 1802 νον
634 1737 1135 1821 ςυνεςταλμένον
1190 1741 1673 1818 καταλήγουςαν
1727 1739 2053 1820 ἀρχόμενα
2104 1741 2144 1818 ἢ
2199 1730 2331 1804 ἀπὸ
2388 1740 2741 1820 ςυμφώνου
2794 1739 2833 1817 ἢ
2891 1759 3043 1818 ςυμ-

457 1840 704 1918 φώνων
748 1841 830 1918 μὴ
876 1836 1290 1918 ἀντιςτοίχων
1320 1845 1725 1924 περιςπᾶται,
1770 1844 1965 1922 χωρὶς
2009 1841 2062 1906 εἰ
2107 1844 2189 1921 μὴ
2235 1841 2380 1907 κατ’
2412 1841 2740 1907 ἐπένθεςιν
2784 1839 2882 1920 εἴη
2925 1843 3043 1905 τοῦ

457 1942 494 2003 V
538 1939 875 2023 γινόμενα,
920 1946 1124 2006 κυνῶ
1168 1942 1370 2008 καὶέν
1410 1944 1687 2012 ςυνθέςει
1723 1947 2169 2027 προςκυνῶ,
2206 1947 2507 2026 πλανῶ,
2554 1948 2736 2009 ςιν,ῶ
2765 1943 2842 2008 τὸ
2890 1943 3038 2025 βλά-
3081 1949 3143 1999 15

457 2063 613 2106 πτω.
679 2044 756 2107 τὸ
801 2044 873 2106 δὲ
917 2047 1032 2107 τιῶ
1075 2044 1264 2108 τίνω
1307 2045 1452 2109 κατ’
1496 2046 1821 2112 ἐπένθεςιν
1866 2049 2002 2110 τοῦ.
2029 2049 2100 2128 ν,
2146 2042 2227 2109 οὗ
2263 2041 2343 2109 τὸ
2388 2045 2694 2124 δίχρονον
2723 2030 2885 2109 ποτέ
2926 2045 3041 2125 μὲν

458 2145 804 2227 ςυςτέλλει,
849 2144 1008 2208 ποτὲ
1055 2146 1126 2209 δὲ
1172 2145 1446 2211 ἐκτείνει.
1502 2148 1579 2212 τό
1611 2148 1681 2213 δὲ
1728 2148 1982 2228 φθίνω
2012 2147 2116 2212 καὶ
2159 2146 2431 2228 φθάνω
2462 2145 2595 2211 ἀπὸ
2626 2144 3041 2226 ἀντιςτοίχων
3154 2201 3159 2205 .

455 2246 596 2325 ἤτοι
642 2245 1031 2325 ἰςοςτοίχων.
1116 2247 1193 2311 τὸ
1250 2248 1321 2312 δὲ
1376 2249 1538 2313 ἀνω
1583 2247 1725 2314 ἀντὶ
1766 2251 1886 2313 τοῦ
1931 2247 2111 2313 ἀνύω
2156 2246 2288 2312 ἀπὸ
2334 2249 2714 2327 φωνήεντος
2768 2246 3044 2327 ἄρχεται.

624 2348 721 2412 Τὰ
749 2347 839 2413 εἰς
880 2350 984 2413 νῦ
1015 2349 1515 2429 παραληγόμενα
1556 2356 1648 2432 τῶ
1680 2352 1741 2432 ἒ,
1787 2352 2194 2432 περιςπᾶται,
2239 2348 2293 2412 εἰ
2333 2349 2772 2428 προκατάρχοι
2815 2349 3046 2434 ὄνομα,

459 2449 525 2516 ἐξ
566 2446 647 2514 οὗ
686 2450 952 2532 γέγονε,
992 2449 1238 2529 φρενός
1283 2454 1578 2532 φρενῶ,
1627 2450 1773 2515 ἑνός
1818 2450 1999 2533 ἑνῶ,
2040 2451 2225 2517 ξένος
2259 2454 2484 2533 ξενῶ,
2522 2451 2788 2529 ἀςθενής
2823 2450 3045 2516 ἀςθε-
3081 2458 3149 2508 20

458 2554 599 2632 νῶ,
644 2550 867 2616 ςθένος
912 2554 1189 2634 ςθενῶ,
1246 2551 1466 2616 ςτένος
1522 2557 1779 2616 ςτενῶ.
1868 2552 1945 2615 τὸ
2001 2551 2124 2630 γὰρ
2181 2551 2426 2617 ςτένω
2481 2552 2600 2617 οὐκ
2655 2552 2785 2631 ἔχει
2837 2551 3047 2632 ὄνομα

461 2649 613 2715 οὔτε
657 2652 894 2734 μένω,
939 2651 1083 2730 μεθ’
1126 2650 1220 2716 ὧν
1267 2652 1369 2716 καὶ
1412 2653 1632 2732 φένω
1674 2654 1749 2717 τὸ
1796 2653 2064 2733 φονεύω
2108 2652 2211 2717 καὶ
2254 2653 2498 2736 πένω,
2556 2652 2682 2733 ἀφ’
2728 2650 2808 2717 οὗ
2851 2653 3046 2719 πένο-

461 2772 603 2836 μαι,
646 2753 751 2818 καὶ
794 2752 1042 2819 ςθένω
1085 2753 1188 2817 καὶ
1231 2753 1432 2819 θένω
1475 2754 1552 2818 τὸ
1596 2754 1832 2820 τύπτω.

628 2855 723 2919 Τὰ
753 2854 841 2921 εἰς
869 2858 968 2921 Vffi
997 2854 1495 2934 παραληγόμενα
1522 2861 1614 2940 τῷ
1645 2860 1684 2920 ὃ
1712 2859 2120 2940 περιςπᾶται,
2165 2860 2467 2939 φθονῶ,
2511 2862 2752 2941 δονῶ,
2795 2864 3046 2943 πονῶ,

460 2960 748 3039 κλονῶ,
793 2955 951 3022 ὀνῶ
996 2956 1073 3021 τὸ
1118 2956 1387 3039 ὠφελῶ,
1434 2962 1740 3041 φρονῶ,
1784 2964 2013 3023 κονῶ.
3080 2965 3146 3015 25

529 3131 535 3136 ,
629 3057 724 3121 Τὰ
778 3057 867 3124 εἰς
923 3062 1023 3121 νῖῡ
1077 3058 1577 3138 παραληγόμενα
1631 3060 1815 3139 φύςει
1872 3065 2090 3145 μακρῷ
2146 3060 2504 3145 φωνήεντι,
2560 3061 2757 3126 ὁπότε
2814 3062 2895 3141 μὴ
2948 3059 3046 3140 εἴη

461 3160 605 3225 κατ’
648 3159 910 3224 Αἰολίδα
939 3159 1294 3243 διάλεκτον,
1326 3163 1732 3244 περιςπᾱται,
1777 3166 2062 3244 ςκηνῶ,
2107 3166 2394 3245 θρηνῶ,
2441 3167 2740 3245 ςφήνῶ,
2775 3167 3045 3245 φωνῶ,

463 3262 637 3326 ὠνῶ
682 3261 783 3325 καὶ
827 3261 1146 3342 ὠνοῦμαι,
1191 3266 1462 3344 κοινῶ,
1507 3269 1889 3328 κοινωνῶ.
1954 3263 2058 3327 καὶ
2099 3263 2176 3327 τὸ
2219 3270 2540 3339 γεγωνῶ
2585 3263 2754 3328 ἔοικε
2799 3266 3047 3342 μᾶλλον

461 3363 946 3441 περιςπώμενον
978 3361 1141 3426 εἶναι
1187 3363 1363 3441 παρὰ
1391 3360 1484 3445 τῷ
1512 3370 1773 3447 ποιητῇ·
1821 3364 1913 3429 ὡς
1943 3364 2065 3443 γὰρ
2097 3363 2325 3429 ἐνόεον
2357 3367 2459 3430 καὶ
2492 3364 2793 3446 ἐφίλεον,
2837 3364 3047 3429 οὕτως

463 3466 565 3528 καὶ
618 3464 980 3540 ἐγεγώνεον
1034 3463 1190 3543 ἔφη’
1248 3462 1446 3542 «ἠμὲν
1500 3464 1604 3529 ὅς’
1659 3464 2031 3545 ἐφραςάμην
2085 3466 2190 3530 καὶ
2230 3465 2583 3550 Τηλεμάχῳ
2640 3466 3043 3543 ἑγεγώνεον»
3080 3471 3150 3524 30

463 3562 620 3647 (Od.
667 3585 705 3642 ρ
753 3563 918 3646 161).
1006 3563 1475 3644 ἀπαρέμφατον
1519 3567 1592 3629 δὲ
1645 3568 2091 3645 προηνέγκατο
2135 3567 2212 3631 τό
2257 3569 2649 3648 γεγωνέμεν·
2717 3566 2797 3645 «ἥ
2854 3565 2922 3646 ῥ’
2975 3565 3047 3630 ἐν

464 3664 744 3749 μεςςάτῳ
789 3665 929 3730 ἔςκε
971 3666 1376 3746 γεγωνέμεν»
1424 3664 1532 3749 (Il.
1580 3667 1634 3730 Θ
1678 3665 1848 3748 223).
1923 3667 1986 3732 οἱ
2030 3669 2102 3732 δὲ
2146 3668 2287 3747 μετ’
2331 3668 2533 3734 αὐτόν
2576 3670 2680 3734 καὶ
2723 3669 2814 3735 ὡς
2858 3668 3047 3750 βαρύ-

463 3784 662 3832 τονον
718 3767 878 3832 αὐτὸ
936 3767 1193 3832 ἔκλιναν
1248 3768 1351 3832 καὶ
1409 3768 1500 3833 ὡς
1552 3769 2057 3849 περιςπώμενον.
2144 3770 2221 3833 τὸ
2274 3771 2508 3835 πώνω
2565 3770 2903 3852 βαρύνεται
2959 3769 3050 3834 ὡς

464 3865 632 3933 ἴδιον
675 3866 977 3934 Αἰολέων.

603 4057 640 4109 l.
675 4060 707 4107 3
752 4072 851 4122 pro
893 4054 1083 4119 τρέμω
1127 4054 1199 4107 τὸ
1242 4055 1366 4122 ήχῶ
1415 4057 1734 4108 emendavit
1775 4058 1913 4109 Lob.
1950 4058 2141 4109 Rhem.
2179 4059 2278 4109 118
2321 4056 2513 4123 τρέμω
2557 4057 2748 4123 χρέμω
2790 4058 2863 4110 τὸ
2906 4057 3049 4124 ἠχῶ.

466 4124 623 4188 θεμῶ
670 4128 727 4174 et
770 4124 1005 4188 πολεμῶ
1052 4124 1235 4174 adieci
1280 4140 1348 4175 ex
1392 4125 1651 4190 Theogn„
1679 4128 1797 4185 143,
1834 4129 1928 4189 22,
1976 4132 2219 4177 extrema
2262 4128 2434 4177 verba
2480 4127 2775 4177 secundum
2820 4129 3047 4178 Lascar.

466 4195 585 4255 6⁷3,
623 4194 655 4242 3
693 4192 945 4254 exhibui,
981 4191 1251 4242 Arcadius
1285 4192 1478 4244 habet:
1517 4191 1727 4255 ὁμοίως
1764 4192 1856 4244 καὶ
1891 4191 2134 4257 ἀτρεμῶ.
2190 4191 2261 4243 τὸ
2295 4191 2358 4243 δὲ
2393 4191 2512 4257 ἑμῶ
2550 4194 2669 4245 κτλ.
2772 4193 2809 4245 l.
2833 4196 2866 4246 8
2900 4192 3046 4258 οἱμῶ

468 4260 665 4325 scripsi
701 4275 799 4325 pro
836 4256 980 4323 οἰμῶ
1017 4260 1224 4310 collato
1258 4259 1454 4341 Afcad.
1496 4263 1618 4322 199,
1655 4264 1720 4312 23
1760 4267 1817 4310 et
1852 4261 2058 4311 Herod.
2103 4263 2161 4309 in
2191 4262 2261 4312 E.
2300 4261 2372 4309 M.
2408 4262 2535 4323 618,
2577 4265 2656 4313 17.
2729 4262 2914 4341 μαιμῷ
2955 4278 3050 4343 ap:

468 4343 646 4447 335&
664 4342 978 4452 ami?
993 4327 1237 4460 3223?
1240 4328 1484 4445 '1322ss
1523 4327 2302 4458 ?⁷¹3‚¹ff15⁹'²²'1.¹{³5m011233
2339 4325 3053 4461 ,ffeg‘ssv‘zsszvffifflfflzss

467 4487 534 4498 —-
570 4463 637 4512 de
676 4463 831 4513 verbi
868 4460 1057 4526 φθίνω
1095 4462 1407 4527 quantitate
1445 4461 1517 4512 cf.
1554 4463 1689 4514 Lob.
1726 4461 1914 4517 Rhem.
1955 4464 2078 4525 112,
2128 4463 2195 4513 de
2231 4461 2435 4526 φθάνω
2472 4464 2539 4514 11.
2575 4466 2665 4514 Pr.
2705 4465 2718 4516 Ι
2756 4466 2857 4516 606
2892 4462 3054 4516 ἑκτα-

469 4527 604 4580 τέον
639 4528 843 4595 φθάνω
878 4527 968 4581 διὰ
1001 4529 1071 4581 τὸ
1119 4528 1220 4592 μέτ
1257 4544 1352 4591 ον;
1408 4530 1445 4579 l.
1488 4529 1550 4578 18
1596 4534 1722 4595 post
1755 4526 1894 4580 ’ἀντὶ
1942 4532 2176 4596 praebet
2210 4532 2315 4581 τοῦ
2351 4532 2577 4582 Lascar.
2781 4532 2819 4581 1.
2856 4533 2923 4582 22
2957 4547 3057 4597 pro

469 4596 695 4648 Lasear.
732 4596 878 4649 ἔςθω
914 4598 1075 4664 posui
1111 4614 1179 4648 ex
1265 4598 1461 4662 heogn.
1489 4598 1603 4660 144,
1640 4599 1707 4647 24
1742 4596 1904 4660 φένω
1940 4597 2011 4649 τὸ
2047 4596 2309 4662 φονεύω,
2347 4597 2507 4649 πένω
2543 4598 2776 4664 praebet
2810 4599 3056 4664 Lascar„

473 4662 652 4715 (θένω
690 4671 746 4716 et
782 4664 932 4717 θένω
971 4682 1039 4716 ex
1075 4665 1324 4731 Theogn.
1361 4669 1736 4716 accesserunt.
1859 4666 1894 4716 1.
1919 4668 1986 4716 25
2021 4681 2120 4731 pro
2155 4665 2372 4730 δουλῶ,
2409 4668 2496 4717 eui
2534 4666 2870 4718 Schmidtius
2903 4666 3057 4719 δολῶ

474 4731 760 4782 substituit
786 4749 820 4783 a
846 4749 1056 4784 canone
1085 4732 1152 4782 de
1190 4733 1373 4783 verbis
1409 4734 1466 4782 in
1490 4734 1575 4784 Vsu*
1602 4733 2206 4784 exeuntibus'alienum
2223 4772 2236 4795 ‚
2274 4727 2434 4800 postii
2459 4736 2629 4786 κονῶ.
2734 4735 2768 4786 l.
2794 4736 2862 4786 28
2885 4736 3059 4787 κοινῶ

361 4824 387 4839 e
476 4800 712 4849 accessit
750 4817 816 4851 ex
851 4802 1076 4853 Lasoar.
1118 4804 1235 4867 173,
1270 4803 1352 4851 22.
1389 4827 1456 4836 -
1491 4801 1732 4866 γεγωνῶ
1770 4803 2005 4867 apposui
2043 4817 2110 4852 ex
2145 4800 2209 4855 11.
2249 4802 2337 4855 Pr.
2378 4800 2435 4854 Μ
2472 4806 2588 4858 337.

543 4914 918 4956 ammomum.
956 4902 1001 4952 1.
2570 4885 2654 4951 29
