3664 5546
1199 372 1359 429 ΠΕΡΙ
1400 372 1791 429 neotum-lc
1827 372 2250 428 ΠΡΟΕΩιΔΙΑ(
2289 375 2319 427 Ι.
2936 372 3063 437 239

649 546 745 611 Τὰ
788 542 878 611 εἰς
921 546 1023 611 aff
1065 545 1518 626 πολυςύλλαβα
1545 543 1852 611 Αίολικῶς
1884 544 2198 625 λεγόμενα
2228 543 2592 625 βαρύνεται,
2637 543 3062 622 Ἀτρείδαις

483 646 624 714 ἀντὶ
665 650 785 713 τοῦ
829 647 1174 730 Ἀτρείδης,
1220 646 1643 729 Ὀρέςταις,
1688 648 1961 727 μέλαις
2005 645 2146 712 ἀντὶ
2187 650 2305 711 τοῦ
2348 647 2571 728 μέλας,
2618 646 2886 729 Θόαις,
2930 646 3058 710 τά-

484 749 656 814 λα“ις
700 750 803 815 καὶ
845 750 926 814 τὰ
970 750 1238 815 ςύνθετα
1281 747 1549 832 ἄπαις,
1595 749 1902 833 εὔπαις,
1948 748 2416 832 ἀνδρόπαις,
2461 747 2801 829 ὁμόδαις.
2874 747 3058 812 καθό-

483 852 602 916 λου
644 851 767 930 γάρ
813 853 853 931 ἡ
895 853 1000 931 α-ις
1052 850 1382 929 κατάληξις
1438 846 1903 932 ἀποςτρὲφεται
1960 852 2075 931 τὴν
2121 849 2333 918 ὀξεῖαν
2387 850 2592 933 τάςιν,
2643 852 2826 932 παῖς,
2870 852 3058 932 (ταῖς,

482 956 700 1019 καλαῖς
746 955 1008 1036 ςοφαῖς,
1053 952 1353 1033 μεγάλαις
1398 951 1672 1031 ἀρίςταις
1715 954 1911 1032 χωρὶς
1954 955 2073 1018 τοῦ
2114 951 2271 1018 δαίς.
2343 956 2536 1018 τοῦτο
2581 954 2703 1031 γάρ
2748 951 3053 1019 ὀξύνεται.
3083 962 3116 1012 5

648 1055 742 1120 Τὰ
805 1053 894 1120 εἰς
951 1057 1056 1120 ἐῖέ
1117 1054 1569 1135 πολυςύλλαβα
1627 1051 1916 1134 ὀνόματα
1978 1056 2552 1134 κοινολεκτούμενα
2615 1055 3055 1134 παροξύνεται.

481 1159 677 1222 ταῦτα
743 1158 814 1223 δὲ
880 1157 1313 1236 παραλήγεται
1378 1158 1417 1236 ἢ
1480 1162 1572 1241 τῷ
1637 1159 1709 1241 ἄ,
1789 1157 1881 1222 u‘uc
1945 1155 2076 1235 ἔχει
2139 1157 2215 1221 τό
2279 1155 2627 1241 ἀντάεις,
2700 1155 3056 1256 αύλάεις,

482 1259 775 1325 ςκιάεις
818 1260 857 1338 ἢ
902 1264 994 1345 τῷ
1036 1262 1075 1337 ἦ
1123 1259 1213 1324 ὡς
1257 1259 1646 1342 φωνήεις,
1691 1257 2045 1343 αὐδήεις,
2089 1259 2497 1341 παχνήεις,
2539 1259 2879 1343 τιμήεις,
2924 1263 3054 1323 δα-

480 1361 796 1443 φνήεις,
844 1361 1403 1440 Κυπαριςςήεις
1457 1362 1644 1427 πόλις
1699 1360 2080 1440 Μαγνηςίας.
2167 1361 2450 1441 Ὅμηρος
2506 1360 3057 1440 «Κυπαριςςήεντα

480 1464 584 1528 καὶ
625 1463 1069 1543 Ἀμφιγένειαν
1125 1462 1388 1528 ἔναιον»
1446 1460 1524 1545 (Β
1568 1450 2275 1546 593),’φθογγήεις,
2329 1462 2672 1545 τελήεις,
2728 1460 3053 1543 ἀμφιγυ-
3094 1472 3159 1523 10

412 1632 418 1637 ,
479 1565 681 1648 ήεις,
737 1565 1006 1644 θυήεις
1061 1565 1314 1646 «βωμός
1369 1584 1437 1630 τε
1493 1566 1706 1644 θυήεις
1760 1565 1844 1646 (Θ
1897 1563 2010 1647 48)
2060 1565 2101 1643 ἢ
2154 1565 2312 1629 κατὰ
2368 1566 2673 1644 ςυςτολὴν
2723 1566 3055 1644 ποιητικὴν

479 1669 555 1733 τὸ
599 1672 631 1735 ἒ
672 1666 964 1749 ἠχέεις,
1019 1667 1432 1751 βρωμέεις,
1486 1667 1527 1745 ἢ
1582 1667 1658 1732 τὸ
1701 1670 1784 1750 ,6,
1842 1665 2054 1745 ὥςπερ
2110 1664 2546 1746 ἀςτερόεις,
2602 1665 3052 1747 ἁρματόεις,

481 1768 880 1852 ἀνεμόεις,
923 1767 1355 1852 αἱματόεις,
1401 1768 1791 1852 δροςόεις,
1849 1767 2245 1851 ύδατόεις,
2302 1767 2661 1851 πυρόεις,
2719 1767 3053 1851 (ιμόεις,

481 1871 772 1955 ἐρόεις,
817 1870 1156 1953 κερόεις,
1198 1871 1603 1950 τειχιόεις·
1648 1870 1775 1935 ἔςτι
1819 1872 1892 1935 δὲ
1935 1871 2039 1935 καὶ
2080 1869 2332 1935 ἐθνικὸν
2374 1872 2487 1947 τῆς
2520 1868 2908 1951 Τειχιοέςςης
2951 1872 3056 1935 καὶ

481 1972 802 2053 φρούριον
857 1972 1123 2052 πληςίον
1176 1976 1288 2052 τῆς
1340 1973 1672 2053 Τραχῖνος.
1771 1972 2150 2052 Ταυρόεις
2204 1970 2389 2036 πόλις
2447 1971 2735 2055 Κελτική,
2803 1971 3052 2037 Μαςςα-
3090 1980 3154 2032 15

481 2077 713 2152 λιητῶν
767 2073 1051 2139 ἄποικος.
1150 2074 1604 2155 Ἀρτεμίδωρος
1649 2074 1720 2140 ἐν
1775 2076 2013 2159 πρώτῳ
2056 2073 2661 2155 γεωγραφουμένων
2704 2076 2895 2155 φηςὶν
2953 2074 3050 2139 ὅτι

478 2177 889 2258 ταυροφόρος
941 2175 1022 2256 ἦν
1077 2176 1117 2255 ἡ
1172 2181 1328 2243 ναῦς
1385 2178 1424 2256 ἡ
1480 2177 1886 2257 διακομίςαςα
1939 2176 2093 2241 τοὺς
2156 2177 2272 2256 τὴν
2327 2176 2517 2241 πόλιν
2564 2175 2919 2260 κτίςαντας,
2987 2176 3053 2240 οἳ

478 2278 944 2361 ἀπορριφέντες
1000 2277 1132 2343 ἀπὸ
1185 2283 1303 2344 τοῦ
1358 2279 1590 2345 ςτόλου
1645 2283 1775 2344 τῶν
1819 2278 2143 2343 Φωκαέων
2198 2278 2302 2343 καὶ
2355 2279 2884 2357 προςενεχθέντες
2939 2278 3051 2341 αὐ-

477 2380 614 2445 τόθι
668 2379 799 2446 ἀπό
853 2383 971 2446 τοῦ
1015 2379 1321 2460 ἐπιςήμου
1364 2383 1475 2459 τῆς
1505 2381 1669 2446 νεὼς
1711 2381 1826 2460 τὴν
1873 2381 2063 2446 πόλιν
2094 2379 2448 2461 ὠνόμαςαν.
2516 2378 2824 2445 Ὀπόεις
2868 2379 3054 2444 πόλις

478 2481 746 2562 Λοκρῶν
787 2487 920 2549 τῶν
965 2482 1455 2562 Ἐπικνημιδίων.
1519 2482 1861 2548 Μαλόεις
1905 2482 2235 2547 Ἀπόλλων
2265 2481 2336 2547 ἐν
2364 2481 2579 2567 Λέςβω
2623 2483 2727 2546 καὶ
2769 2480 2806 2545 ὁ
2849 2481 3050 2545 τόπος
3086 2491 3155 2542 20

481 2587 597 2648 τοῦ
638 2583 815 2663 ἱεροῦ
861 2583 1141 2650 Μαλόεις
1184 2583 1316 2649 ἀπὸ
1362 2585 1592 2665 Μήλου
1635 2587 1746 2662 τῆς
1778 2586 2110 2666 Μαντοῦς,
2158 2584 2248 2648 ὡς
2277 2582 2639 2649 Ἑλλάνικος
2666 2584 2737 2650 ἐν
2766 2582 3052 2664 Λιβυκῶν

483 2685 736 2769 πρώτῳ.
846 2685 1165 2771 ςκιόεις,
1229 2687 1636 2768 τερμιόεις.
1743 2687 1782 2766 ἢ
1850 2686 1925 2751 τὸ
1992 2690 2046 2749 ὤ
2113 2685 2204 2751 ὡς
2265 2685 2624 2769 εύρώεις,
2698 2686 3049 2767 κητώεις,

486 2787 810 2871 ὠτώεις,
862 2788 1156 2867 κηώεις.
1244 2788 1394 2857 ὅθεν
1447 2792 1524 2855 τὸ
1579 2789 1976 2870 χαριτόεις
2031 2789 2205 2868 παρὰ
2261 2789 2664 2868 Ἀνακρέοντι
2716 2786 3049 2863 ἀναλογώ-

483 2888 670 2968 τερόν
726 2889 851 2954 ἐςτι
904 2894 1020 2955 τοῦ
1074 2891 1374 2970 χαρίεις
1428 2892 1965 2972 παραληγομένου
2028 2897 2120 2976 τῷ
2164 2893 2211 2954 ῑ.
2298 2892 2373 2956 τὸ
2440 2892 2511 2956 δὲ
2569 2890 2924 2966 «ὑγίεντα
2983 2889 3050 2953 δ’

483 2989 660 3056 εἴτις
690 2989 934 3072 ὄλβον»
966 2990 1186 3074 (Pind.
1219 2990 1318 3057 Ol.
1355 2993 1406 3054 V
1447 2992 1557 3074 54)
1602 2993 1642 3057 ὁ
1686 2995 1799 3072 μὲν
1836 2994 2236 3073 Ἀρίςταρχος
2279 2992 2692 3070 ἀναγινώςκει
2737 2991 3050 3058 ὀξύτονον
3085 3004 3152 3052 25

478 3094 593 3173 τὴν
637 3094 1133 3173 παραλήγουςαν
1178 3094 1320 3161 ἀντὶ
1361 3098 1479 3160 τοῦ
1523 3095 1923 3179 ὑγιαίνοντα,
1978 3097 2144 3160 τινες
2199 3097 2267 3159 δὲ
2328 3095 2419 3161 ὡς
2461 3095 2771 3174 χαρίεντα.
2858 3095 2934 3158 τὸ
2980 3095 3051 3157 δὲ

480 3195 879 3280 ἀντήρεις,
924 3198 963 3261 ὃ
1008 3198 1255 3274 λέγεται
1300 3200 1430 3264 πᾶν
1443 3246 1462 3281 ,
1507 3198 1596 3263 εἰς
1640 3198 1678 3263 ὃ
1723 3198 2025 3277 ἐρείδεταί
2067 3218 2194 3280 τις,
2239 3197 2363 3284 ἐςτὶ
2392 3198 2684 3277 θηλυκόν.
2737 3195 3050 3277 γράφεται

480 3523 590 3572 tieo
633 3521 1046 3587 pronuncias803
1095 3527 1451 3588 praeoptasse
1497 3527 1679 3574 autem
1737 3524 1960 3575 videtur
2008 3523 2066 3574 in
2113 3523 2398 3575 Catlnolica
2450 3525 2777 3590 oxytonesin
2830 3526 3053 3588 propter

480 3590 790 3655 analogiam
825 3588 1154 3654 reliquorum
1191 3592 1248 3640 in
1283 3594 1351 3643 ῑῖξ
1389 3591 1886 3657 plurisyllaborum.
1912 3618 1977 3627 —
2002 3593 2148 3643 Hinc
2180 3592 2475 3659 paullulum
2512 3609 2546 3642 a
2570 3592 2800 3643 Lehrsio
2839 3594 2894 3641 in
2930 3607 3051 3642 ver-

478 3658 565 3709 bis
600 3657 1000 3708 constituendis
1037 3657 1285 3715 discessi,
1428 3660 1460 3710 l.
1491 3664 1512 3709 l
1588 3667 1676 3711 ost
1711 3659 1984 3714 Αίολικῶς
2019 3661 2220 3711 inserui
2258 3659 2533 3724 λεγόμενα
2571 3668 2628 3710 et
2665 3677 2760 3725 pro
2795 3658 3050 3711 ὀξύνεται

478 3726 670 3792 scripsi
718 3725 1028 3789 βαρύνεται.
1081 3753 1146 3761 -
1196 3724 1496 3791 Ἀτρείδαις
1579 3728 1669 3778 ντὶ
1718 3731 1823 3779 τοῦ
1874 3726 2183 3793 Ἀτρείδης,
2236 3727 2515 3793 Ὀρέςταις
2569 3729 2783 3782 intacta
2836 3726 3048 3792 reliqui,

479 3809 804 3859 quamquam
851 3793 985 3844 haec
1030 3796 1418 3847 transmutatio
1465 3796 1616 3847 nulla
1663 3797 1769 3848 uisi
1814 3797 1917 3847 hac
1961 3798 2297 3848 auctoritate
2342 3798 2541 3848 nititur
2587 3801 2645 3847 et
2684 3799 2785 3849 An.
2824 3795 2929 3849 Ox.
2966 3796 3049 3845 111

477 3863 592 3924 238,
630 3865 696 3913 24
732 3864 789 3911 in
825 3861 973 3924 loco,
1019 3863 1112 3927 qui
1156 3865 1422 3928 quaedam
1456 3864 1813 3915 Herodianea
1859 3866 2128 3922 continet,
2176 3866 2269 3916 ubi
2313 3865 2620 3915 afferuntur
2654 3863 2844 3927 μέλαις
2882 3861 3049 3915 Θόαις

481 3927 776 3994 Ὀρέςταις.
813 3956 878 3965 --
917 3927 1104 3993 μέλαις
1140 3958 1206 3966 —-
1240 3930 1432 3984 τάλαι(
1469 3932 1650 3983 adieci
1688 3949 1754 3982 ex
1792 3933 1986 3984 Choer.
2026 3934 2172 3988 Dict.
2209 3937 2292 3995 98,
2329 3935 2422 3994 24;
2462 3931 2689 3996 ὁμόδαις
2726 3949 2793 3982 ex
2818 3932 2921 3984 An.
2948 3933 3047 3983 Ox.

475 3997 510 4052 l.
551 4014 599 4052 c.
672 3999 950 4048 Cauonem
987 3999 1297 4064 generalem
1337 3999 1402 4050 de
1442 4003 1592 4050 exitu
1639 4014 1724 4052 αις
1760 4007 2127 4066 oxytoneseos
2173 4007 2396 4067 experte
2446 4016 2512 4050 ex
2551 3999 2732 4051 Choer
2763 4000 2797 4050 l.
2835 4015 2906 4060 c.‚
2995 4000 3051 4048 ui

477 4070 624 4116 certe
662 4066 763 4116 hoc
798 4081 864 4115 ex
903 4067 1217 4118 Herodiano
1256 4068 1610 4134 deprompsit,
1661 4070 1818 4120 omisi
1865 4077 2075 4130 autem,
2123 4072 2264 4134 quod
2312 4068 2455 4118 idem
2494 4069 2656 4119 dicit:
2703 4065 2773 4118 τό
2817 4064 2877 4117 δὲ
2915 4064 2958 4117 Α
2983 4079 3049 4116 ας

477 4131 629 4186 Αίαις
666 4132 733 4185 οὐ
771 4132 988 4197 λέγουςι
1024 4133 1111 4185 διὰ
1145 4135 1254 4200 τὴν
1290 4133 1636 4220 ἑπαλλήλίαν
1680 4139 1783 4202 τῆς
1818 4140 1874 4189 ist
1911 4137 2241 4202 διφθόγγου·
2287 4134 2579 4216 ήὺρίςκετο
2622 4134 2728 4200 γὰρ
2773 4131 3049 4185 ἀλλεπάλ-

476 4201 646 4267 ληλος
684 4201 718 4265 ή
758 4216 811 4253 αι
846 4199 1148 4267 δίφθογγος
1185 4203 1276 4255 καὶ
1312 4202 1374 4255 ἐκ
1409 4218 1618 4256 τουτου
1655 4204 1993 4269 κακόφωνος
2030 4204 2258 4268 ἐγένετο
2292 4219 2328 4267 η
2366 4203 2506 4255 λέξις
2542 4220 2651 4255 non
2688 4204 2756 4254 ob
2793 4203 2867 4266 id,
2904 4201 3050 4266 quod

477 4270 746 4321 eiusmodi
768 4271 1026 4337 placitum
1053 4272 1121 4321 ab
1146 4272 1460 4323 Herodiano
1486 4274 1780 4324 abhorreat
1813 4273 1946 4323 licet
1970 4274 2106 4324 Lob.
2147 4279 2366 4323 auctore
2393 4273 2597 4323 Parall.
2632 4288 2684 4337 p.
2710 4274 2771 4322 21
2800 4285 2903 4321 usu
2941 4286 3049 4320 non

478 4340 886 4405 comprobetur,
926 4339 1029 4390 sed
1074 4343 1137 4389 ut
1177 4355 1514 4392 reservarem
1560 4342 1885 4406 fragmentis
1929 4340 2057 4404 περὶ
2106 4338 2421 4403 ὀνομάτων.
2501 4340 2790 4390 Caeterum
2832 4337 3052 4389 Arcadii

477 4408 645 4458 verba
679 4406 749 4458 τὸ
784 4406 845 4459 δὲ
881 4410 1012 4459 παῖς
1047 4408 1408 4474 περιςπᾶται,
1445 4408 1536 4460 καὶ
1570 4408 1641 4460 τὸ
1679 4411 1844 4460 (ταῖς.
1910 4407 1980 4459 τὸ
2016 4406 2077 4458 δὲ
2112 4405 2231 4460 δαίς
2269 4406 2524 4459 ὀξύνεται
2561 4425 2628 4459 ex
2664 4407 2767 4457 hoc
2807 4408 2922 4474 ipso
2960 4421 3047 4456 ca—

477 4488 614 4526 none
652 4475 904 4541 generali
940 4491 1070 4526 exce
1142 4482 1199 4526 ta
1234 4483 1380 4528 sunt.
1619 4477 1653 4527 l.
1689 4480 1721 4527 6
1765 4477 1822 4527 in
1870 4476 2029 4527 initio
2075 4477 2302 4527 canonis
2346 4476 2520 4526 adieci
2567 4473 2847 4538 ὀνόματα,
2904 4473 3049 4539 quod

480 4550 702 4608 propter
735 4544 1038 4610 oppositum
1074 4557 1109 4594 α
1166 4542 1227 4594 δὲ
1266 4544 1494 4608 μετοχαὶ
1540 4545 1629 4595 hic
1675 4546 1871 4595 deesse
1921 4561 2027 4595 non
2066 4549 2269 4610 potest.
2341 4545 2480 4594 Tum
2516 4543 2744 4594 adhibui
2779 4545 2927 4594 Mon.
2968 4545 3049 4604 14,

482 4613 542 4660 15
576 4609 807 4675 χαρίεις,
847 4611 1042 4663 Choer.
1080 4612 1223 4663 Dict.
1261 4615 1343 4676 59,
1381 4616 1472 4676 21,
1509 4613 1755 4678 Theogn.
1789 4614 1875 4676 47,
1910 4615 2002 4671 25,
2042 4612 2220 4664 Schol.
2257 4611 2327 4661 ad
2364 4613 2560 4677 odyss.
2595 4611 2626 4662 δ
2665 4614 2722 4674 1,
2758 4612 2861 4677 Ep.
2898 4610 2987 4661 Cr.
3022 4611 3049 4660 1

478 4679 593 4740 408,
629 4682 714 4741 253
752 4680 816 4734 E.
855 4680 927 4729 M.
965 4682 1049 4741 34,
1086 4682 1168 4742 34,
1206 4681 1307 4731 An.
1346 4681 1448 4732 Ox.
1484 4682 1538 4732 11
1577 4682 1693 4743 328,
1730 4683 1811 4732 23.
1868 4681 2096 4747 Propria
2136 4678 2546 4745 Κυπαριςςήεις,
2583 4677 2868 4742 Τειχιόεις,
2907 4677 3048 4730 Ταυ-

479 4742 640 4811 ρόεις,
681 4745 923 4810 Ὀπόεις,
961 4746 1207 4799 Μαλόεις
1245 4750 1449 4814 sumpsi
1485 4765 1552 4798 ex
1592 4750 1672 4799 St.
1709 4750 1773 4802 Β.
1916 4750 1951 4804 l.
1985 4753 2051 4801 24
2086 4747 2157 4800 τό
2192 4746 2254 4799 δὲ
2290 4745 2519 4811 ὑγίεντα
2556 4748 2731 4799 adieci
2767 4763 2833 4797 ex
2872 4746 3049 4797 Schol.

481 4811 549 4860 ad
583 4815 802 4867 Pindar.
843 4816 877 4866 1.
914 4832 989 4874 c.‚
1035 4815 1293 4880 ἀντήρεις
1330 4817 1535 4867 inserui
1573 4832 1638 4866 ex
1678 4816 1872 4868 Choer.
1908 4819 2062 4869 Orth.
2102 4819 2295 4880 172,-5
2331 4823 2387 4867 et
2428 4819 2541 4877 173,
2581 4819 2602 4865 1
2647 4814 2774 4867 coll.
2814 4815 2987 4880 Epim.
3026 4815 3049 4865 1

480 4879 594 4944 283,
628 4886 713 4948 26,
751 4883 812 4932 Ε.
850 4884 922 4933 Μ.
966 4887 1078 4944 112,
1113 4888 1163 4946 9,
1203 4884 1455 4938 Eustath.
1493 4888 1610 4948 903,
1647 4888 1732 4950 50,
1772 4884 1965 4938 Choer.
2005 4887 2103 4951 Ep.
2140 4885 2195 4934 in
2232 4884 2432 4934 Psalm.
2469 4887 2554 4957 ὅθ,
2591 4885 2638 4932 6.
2700 4882 2943 4947 regulam
2982 4881 3050 4933 de
