3664 5546
1192 389 1349 444 ΠΕΡΙ
1391 388 1780 447 ΚΑΘΟΛΙΚΗ(
1816 384 2237 446 ΠΡΟΕΩιΔΙΑ(
2275 390 2305 444 Ι.
2913 384 3039 452 243

470 560 973 643 Ἐπικνημιδίων,
1019 558 1267 639 λέγεταί
1313 562 1413 625 καὶ
1456 561 1723 627 Ὀπόεις.
1811 561 1937 627 ἔςτι
1982 562 2082 627 καὶ
2125 542 2388 626 Ὀποῦς
2411 560 2597 625 πόλις
2641 558 2893 638 Ἀχαίας
2939 559 3041 623 καὶ

469 667 580 740 τῆς
626 654 872 728 Ἠλείας
923 661 1101 742 ἄλλη.
1190 661 1573 742 (ιδαροῦς
1626 665 1812 729 πόλις
1856 663 2081 729 Λυκίας
2138 665 2238 728 καὶ
2292 663 2493 743 λιμήν.
2584 662 3042 741 Μαχαιροῦς

470 765 788 846 φρούριον
844 768 954 844 τῆς
1006 764 1339 847 Ἰουδαίας,
1407 765 1497 831 ὡς
1549 767 1860 846 Ἰώςηπος.
1958 766 2411 844 Τραπεζοῦς
2474 764 2659 829 πόλις
2722 758 2898 844 πρὸς
2949 769 3042 847 τῷ

471 867 741 953 Εὐξείνῳ
785 862 1034 952 πόντῳ·
1077 867 1205 932 ἔςτι
1248 869 1350 932 καὶ
1391 867 1715 947 Ἀρκαδίας
1758 868 1945 932 πόλις
1987 867 2354 946 Τραπεζοῦς
2398 862 2529 932 ἀπὸ
2557 867 3042 944 Τραπεζοῦντος

470 969 700 1034 παιδὸς
743 969 1101 1051 Λυκάονος,
1149 969 1238 1034 ὡς
1280 960 1643 1035 Παυςανίας
1688 969 1905 1054 ὀγδόῳ
1949 967 2040 1052 (3,
2078 968 2163 1049 3).
2250 968 2376 1034 ἔςτι
2420 969 2523 1033 καὶ
2565 964 2727 1047 ἄλλη
2772 966 3040 1046 πληςίον
3083 975 3115 1023 5

468 1075 584 1135 τοῦ
631 1072 959 1151 Ἀραβικοῦ
1002 1071 1267 1136 κόλπου.
1325 1070 1627 1137 Εολοῦς
1670 1072 1856 1137 πόλις
1903 1070 2210 1153 Εικελίας,
2256 1069 2345 1137 ὡς
2386 1068 2709 1135 Ἑκαταῖος
2754 1063 3041 1152 Εὐρώπῃ.

348 1182 357 1193 “
472 1173 701 1252 ἐκλήθη
746 1174 818 1237 δὲ
863 1171 993 1238 ἀπὸ
1040 1172 1399 1239 (ολοῦντος
1443 1174 1817 1257 κακοξένου,
1879 1175 1956 1238 ὃν
2012 1172 2266 1238 ἀνεῖλεν
2309 1171 2635 1251 Ἡρακλῆς.
2721 1171 3043 1250 Πηλοῦς

469 1279 659 1353 νῆςος
714 1276 859 1353 περὶ
914 1275 1084 1340 Χίον.
1172 1276 1443 1341 Ὀλοῦς
1499 1276 1685 1341 πόλις
1746 1275 2000 1354 Κρήτης.
2089 1274 2338 1340 Ξενίων
2395 1274 2465 1339 ἐν
2519 1277 2656 1339 τοῖς
2703 1273 3042 1352 Κρητικοῖς.

473 1378 738 1442 Μυοῦς
794 1376 979 1441 πόλις
1033 1375 1298 1460 Ἰωνίας,
1362 1377 1450 1442 ὡς
1503 1378 1718 1443 Φίλων
1785 1378 1887 1442 καὶ
1939 1376 2395 1457 Ἀρτεμίδωρος
2454 1376 2524 1440 ἐν
2585 1375 2642 1439 α’
2709 1379 3043 1454 χρονικῶν.

473 1477 769 1558 Ετράβων
829 1477 906 1558 ιβ’
960 1480 1048 1563 (p.
1093 1477 1247 1560 579)
1309 1480 1424 1545 «τὸ
1488 1481 1635 1558 περὶ
1705 1478 2074 1557 Μαγνηςίαν
2140 1478 2243 1542 καὶ
2298 1479 2660 1543 Μυοῦντα».
2749 1477 3043 1541 Ἰπνοῦς
3085 1483 3145 1535 10

470 1580 709 1661 χωρίον
755 1581 825 1645 έν
872 1579 1074 1665 (άμῳ.
1138 1582 1415 1648 Οἰκοῦς
1462 1581 1687 1661 Καρίας
1739 1582 1944 1647 πόλις.
2029 1581 2462 1645 Πεςςινοῦς
2516 1580 2701 1644 πόλις
2746 1579 2784 1643 Γ
2787 1578 3044 1643 αλατίας

472 1681 604 1746 ἀπό
646 1703 821 1747 τινος
854 1683 1099 1748 Γάλλου
1130 1685 1623 1755 Πεςςινοῦντος·
1665 1672 1853 1749 τινὲς
1878 1684 1949 1747 δὲ
1994 1681 2124 1747 ἀπὸ
2153 1685 2360 1761 πηγῆς
2391 1680 2653 1762 ῥεούςης
2682 1684 2799 1745 τοῦ
2831 1680 3045 1760 λόφου

470 1788 586 1849 τοῦ
642 1784 712 1849 ἐν
767 1785 820 1869 ᾧ
876 1784 1080 1866 ἐτάφη
1137 1784 1175 1849 ὁ
1232 1787 1547 1865 Μαρςύας.
1650 1785 1923 1851 Ειδοῦς
1986 1785 2163 1864 κώμη
2225 1783 2534 1864 Κορίνθου
2588 1783 2626 1861 ἢ
2688 1782 3047 1862 Μεγαρίδος

472 1886 781 1951 ἐπίνειον·
846 1886 971 1951 ἔςτι
1035 1889 1137 1952 καὶ
1200 1890 1346 1967 περὶ
1409 1888 1807 1967 Κλαζομενὰς
1870 1887 2046 1967 κώμη
2113 1886 2218 1950 καὶ
2271 1885 2431 1965 ἄλλη
2496 1889 2608 1964 τῆς
2665 1883 3045 1965 Ἐρυθραίας.

473 1987 754 2068 (ιμοῦς
799 1989 901 2053 καὶ
944 1987 1213 2072 Ειμόεις,
1272 1988 1556 2055 Ειποῦς
1610 1990 1796 2054 πόλις
1840 1987 2176 2071 Δαυνίων,
2236 1987 2582 2068 (αρνοῦς
2625 1988 2811 2052 πόλις
2853 1987 3042 2051 Ἰλλυ-
3086 1994 3145 2045 15
3229 2046 3232 2049 ,

471 2090 643 2173 ρική,
686 2088 986 2155 Φλιοῦς
1030 2089 1068 2155 ὁ
1114 2091 1251 2157 υἱὸς
1294 2091 1622 2157 Διονύςου
1653 2093 1755 2156 καὶ
1787 2090 2228 2172 Χθονοφύλης.
2272 2089 2636 2155 Παυςανίας
2664 2091 2735 2154 δὲ
2764 2088 3045 2155 Φλίαντα

469 2191 668 2257 αὐτὸν
722 2194 918 2256 καλεῖ.
1006 2191 1128 2256 ἀπ’
1180 2192 1381 2258 αὐτοῦ
1435 2194 1664 2272 ἐκλήθη
1717 2194 1956 2258 Φλιοῦς
2009 2192 2195 2257 πόλις
2247 2188 2810 2271 Πελοποννήςου·’
2853 2190 3042 2270 Φιλη-

464 2297 581 2360 τᾶς
625 2315 776 2375 φηςι
2738 2307 2744 2313 ·
2941 2290 2946 2297 ’

871 2395 1108 2463 Φλιοῦς
1150 2398 1273 2478 γὰρ
1318 2397 1504 2462 πόλις
1549 2397 1702 2480 ἐςτί,
1747 2397 2093 2461 Διωνύςου
2139 2395 2332 2477 φίλος
2377 2394 2514 2462 υἱός

996 2499 1264 2583 Φλιοῦς,
1309 2499 1387 2577 ἣν
1431 2499 1625 2563 αὐτὸς
1668 2496 1926 2577 δείματο
1973 2497 2390 2578 λέυκολόφος.
2449 2550 2464 2556 -
2670 2507 2679 2533 ’
3077 2508 3145 2557 20

470 2598 829 2678 ὠνόμαςται
873 2600 943 2663 δὲ
986 2600 1161 2679 παρὰ
1203 2600 1276 2665 τὸ
1308 2603 1530 2683 φλεῑν,
1576 2600 1614 2664 ὅ
1658 2599 1823 2664 ἐςτιν
1855 2600 2211 2678 εὐκαρπεῖν.
2271 2597 2600 2678 Ὑδροῦς
2634 2599 3039 2681 φρούριον...

472 2699 826 2779 ἀρςενικῶς.
916 2702 1303 2782 Θεόπομπος
1364 2707 1710 2788 τριακοςτῷ
1763 2701 1973 2786 ἐνάτῳ
2025 2700 2438 2767 Φιλιππικῶν.
2537 2701 2828 2782 Ὑψοῦς
2890 2704 3043 2766 παῖς

470 2792 801 2867 Λὺκάονος
844 2802 947 2867 καὶ
1000 2803 1185 2868 πόλις
1229 2804 1585 2886 Ἀρκαδίας,
1643 2803 1734 2868 ὡς
1775 2803 2140 2869 Παυςανίας
2199 2802 2415 2889 ὀγδόῳ
2470 2803 2569 2886 (3,
2616 2800 2702 2886 3).
2793 2805 3043 2870 Καοῦς

470 2903 645 2984 κώμη
700 2906 811 2981 τῆς
877 2905 947 2970 ἐν
1002 2905 1291 2991 Ἀρκαδίᾳ
1347 2905 1740 2986 Τελφουςίας
1803 2909 1951 2989 γῆς,
2020 2907 2503 2985 Βαιταρροῦς
2562 2906 2737 2986 κώμη
2803 2899 3041 2986 μεγάλη

469 3007 581 3083 τῆς
645 3005 854 3085 τρίτης
916 3008 1355 3088 Παλαιςτίνης.
1443 3007 1812 3087 Ἱεριχοῦς
1877 3007 2062 3073 πόλις
2130 3009 2357 3086 μεταξὺ
2421 3006 2875 3089 Ἱεροςολύμων
2940 3008 3043 3072 καὶ
3076 3013 3142 3066 25

471 3106 799 3185 Ἰορδάνου
841 3114 1151 3190 ποταμοῦ.
1239 3109 1493 3189 εὕρηται
1537 3111 1609 3174 δὲ
1653 3109 1755 3174 καὶ
1796 3109 2013 3187 δοτικὴ
2058 3107 2305 3189 Ἱεριχοῖ
2348 3108 2479 3174 ἀπὸ
2523 3112 2635 3188 τῆς
2678 3109 2928 3191 Ἱεριχώ.

642 3208 809 3273 Κατὰ
849 3210 966 3276 τὸν
1013 3210 1346 3292 εἰρημένον
1378 3210 1649 3294 κανόνα,
1696 3211 1788 3276 ὡς
1816 3211 1897 3276 τὰ
1926 3211 2014 3276 εἰς
2058 3214 2174 3275 ὂῡὲ
2205 3211 2378 3275 ἁπλᾶ
2411 3215 2821 3290 περιςπᾶςθαι
2851 3212 3040 3294 θέλει,

467 3310 572 3374 καὶ
611 3311 688 3375 τὸ
732 3311 1146 3391 χρύςὲὸςνκαὶ
1174 3313 1488 3395 ἀργύρὲὸς
1533 3312 1689 3393 μετὰ
1716 3314 1832 3391 τὴν
1866 3313 2212 3392 ςυναίρεςιν
2243 3314 2661 3394 περιεςπάςθη
2705 3318 3041 3395 χρυςοῦς

469 3410 864 3490 ἀργυροῦς
893 3414 1115 3494 καίπερ
1147 3416 1252 3481 ἐπὶ
1278 3422 1371 3500 τῷ
1403 3415 1578 3500 λόγῳ
1607 3417 1719 3493 τῆς
1751 3416 2163 3495 ςυναιρέςεως
2205 3415 2335 3481 ἔδει
2367 3416 2767 3496 βαρύνεςθαι·
2810 3415 2876 3480 αἱ
2917 3416 3040 3494 γὰρ

469 3513 588 3578 δύο
636 3518 877 3593 βαρεῖαι
918 3516 1007 3581 εἰς
1052 3521 1311 3598 βαρεῖαν
1357 3520 1798 3597 ςυναιροῦνται
1844 3517 1934 3583 ὡς
1978 3519 2053 3583 τὸ
2086 3517 2534 3598 Δημοςθένὲός
2566 3518 3036 3598 Δημοςθένους.
3076 3523 3143 3576 30

473 3615 775 3682 ὼςαύτως
811 3618 914 3681 καὶ
940 3620 1014 3683 τὸ
1049 3617 1430 3700 ἀδελφιδὲός
1460 3617 1980 3702 ἀδελφιδοῦς,
2025 3619 2436 3700 θυγατριδὲός
2480 3624 3038 3704 θυγατριδοῦς,

467 3715 730 3782 υἱιδοῦ
746 3739 809 3802 ς,
852 3723 1397 3798 τηθαλλαδοῦς
1441 3721 1546 3786 διὰ
1580 3722 1695 3787 τὸν
1726 3721 1926 3786 αὐτὸν
1957 3722 2198 3788 κανόνα
2227 3721 2793 3806 περιεςπάςθηςαν,
2837 3721 3040 3787 καίτοι

465 3819 506 3898 ἡ
553 3821 775 3899 βαρεῖα
817 3821 920 3885 καὶ
962 3820 1138 3889 ὀξεῖα
1180 3821 1268 3887 εἰς
1313 3822 1524 3890 ὀξεῖαν
1570 3825 1984 3901 ςυναιρεῖςθαι
2029 3825 2197 3889 θέλει
2242 3822 2387 3889 οἷον
2430 3822 2596 3889 ζωός
2637 3823 2778 3889 ζώς.

638 3920 988 4001 Εημειῶδες
1042 3922 1165 4004 ἄρα
1219 3924 1295 3989 τὸ
1352 3922 1591 3989 ὀδούς
1645 3919 2031 4003 παραλόγως
2085 3925 2366 3993 ὀξυνθέν.
2454 3924 2607 3989 ἀλλ’
2649 3924 3040 4005 ἠκολούθηςε

465 4023 568 4087 καὶ
621 4023 780 4087 κατὰ
832 4024 948 4090 τὸν
1001 4025 1198 4091 τόνον
1264 4027 1366 4090 καὶ
1428 4026 1588 4091 κατὰ
1641 4027 1757 4105 τὴν
1814 4027 2010 4092 κλίςιν
2074 4030 2213 4091 ταῖς
2267 4030 2578 4106 μετοχαῖς.
2666 4025 2861 4091 ὀδούς
2916 4018 3037 4106 ’γὰρ
3075 4034 3140 4084 35

465 4124 739 4190 ὀδόντος
784 4125 875 4190 ὡς
920 4127 1137 4193 διδούς
1180 4127 1489 4193 διδόντος.
1578 4128 1826 4203 λέγεται
1872 4130 1943 4193 δὲ
1988 4128 2090 4193 καὶ
2132 4127 2307 4194 ὀδών
2352 4130 2516 4207 πρὸς
2560 4129 2808 4194 Ἰώνων.

633 4226 728 4291 Τὰ
782 4228 853 4291 δὲ
917 4228 1181 4294 ςύνθετα
1236 4229 1602 4312 βαρύνεται,
1654 4230 2110 4311 Πειρίθους,
2173 4230 2604 4313 Ἀλκίνους,
2663 4230 3037 4313 εὔπλους,

465 4328 903 4414 πολύνους,
949 4330 1360 4412 Οἰδίπους,
1405 4331 1920 4414 Μελάμπους,
1965 4331 2270 4416 ἐΰξους,
2316 4331 2626 4414 εὔνους,
2672 4332 3038 4416 ςύννους,

464 4467 713 4475 —n—u-——ss

600 4551 635 4601 1.
666 4553 731 4601 27
764 4552 1031 4603 Arcadius
1062 4553 1234 4604 habet
1264 4552 1400 4602 nihil
1432 4553 1540 4603 nisi
1572 4553 1790 4603 nomina
1832 4548 2165 4616 ἀδελφιδοῦς
2200 4552 2591 4619 θυγατριδοῦς,
2630 4569 2768 4619 quae
2811 4569 2931 4604 cum
2964 4552 3037 4605 δι-

466 4616 644 4670 πλοῦς
679 4621 946 4683 τριπλοῦ(
982 4622 1283 4687 componit,
1322 4620 1573 4686 equidem
1608 4619 1752 4671 hunc
1788 4621 2016 4671 canonis
2051 4626 2258 4686 partem
2296 4639 2365 4673 ex
2398 4624 2477 4673 10.
2504 4623 2586 4675 Al.
2613 4624 2662 4682 6,
2700 4625 2766 4673 20
2802 4622 3043 4689 explevi,

467 4683 671 4738 υἱιδοῦς
705 4688 1090 4753 τηθαλλαδοῦς
1116 4705 1180 4739 ex
1206 4690 1349 4740 Mon.
1376 4692 1458 4751 21,
1486 4691 1551 4740 35
1586 4688 1792 4739 addidi.
1828 4690 1900 4739 cf.
1925 4689 2120 4741 Choer.
2147 4690 2289 4741 Dict.
2315 4693 2431 4752 247,
2458 4692 2488 4741 5
2514 4697 2569 4740 et
2593 4692 2708 4754 246,
2734 4693 2765 4741 5
2792 4695 2848 4740 et
2873 4705 3039 4755 supra

466 4769 520 4817 p.
549 4757 627 4817 10,
656 4756 736 4805 17.
850 4757 885 4807 1.
911 4760 978 4808 34
1014 4759 1388 4823 exceptionem
1424 4757 1492 4807 de
1529 4755 1694 4808 ὀδοὺς
1731 4759 2008 4838 composui
2045 4773 2110 4807 ex
2144 4757 2361 4820 Aread„
2397 4760 2476 4811 10.
2503 4757 2587 4808 Al.
2613 4759 2670 4816 6,
2706 4760 2772 4808 28
2811 4763 2867 4808 et
2891 4759 3037 4809 Mon.
3142 4817 3147 4821 ἡ

466 4825 560 4885 21,
595 4825 660 4873 35
696 4824 767 4872 cf.
800 4824 995 4878 Choer.
1033 4826 1182 4875 Diet.
1205 4829 1322 4888 238,
1362 4829 1439 4878 13.
1544 4825 1578 4875 l.
1605 4827 1671 4876 38
1709 4824 2053 4889 Μελαμπους
2090 4825 2161 4875 ad
2185 4825 2411 4877 Arcadii
2445 4827 2665 4878 nomina
2703 4827 2939 4879 accessit
2972 4844 3041 4877 ex

464 4889 544 4940 Io.
572 4889 656 4939 Al.
681 4891 729 4952 6,
766 4893 828 4941 27
845 4910 857 4954 ;
897 4890 1106 4956 ἑῡξους,
1145 4892 1342 4946 εὔνους
1379 4909 1446 4944 ex
1480 4894 1545 4945 Il.
1573 4895 1661 4946 Pr.
1692 4892 1729 4945 Κ
1756 4897 1874 4957 373,
1914 4891 2190 4946 (κιάπους
2219 4892 2433 4947 Ἰάπους
2472 4911 2537 4946 ex
2563 4895 2641 4945 st.
2667 4896 2749 4957 Β.,
2787 4892 3039 4959 ςύννους,

2506 4977 2635 5042 16*
