3664 5546
631 345 760 409 408
1571 341 1654 395 ΕΚ
1692 340 1834 395 ΤΩΝ
1877 338 2285 394 ΗΡΩΔΙΑΝΟΥ

633 514 1107 594 παροξύνονται
1153 504 1300 578 οἷον
1331 513 1528 592 φίλου
1573 510 1882 594 φίλοιο,
1928 510 2184 590 κούφου
2229 511 2608 603 κούφοιο,
2651 508 2949 588 Πριάμου
2978 507 3221 586 Πριά-

635 638 837 699 μοιο.
2193 632 2200 638 ·

804 718 899 782 Τά
958 717 1089 782 ἀπὸ
1146 717 1445 781 Ἀττικῶν
1500 722 1773 793 γενικῶν
1829 714 1988 778 κατὰ
2041 714 2448 793 πλεοναςμὸν
2506 716 2624 778 τοῦ
2681 717 2719 777 ὃ
2775 713 3111 795 γινόμενα,
3169 714 3224 777 εἰ

637 822 752 900 μὲν
799 818 930 883 ἀπὸ
976 818 1302 884 ὀξυτόνων
1346 824 1618 894 γενικῶν
1664 817 1962 880 Ἀττικῶν
2006 815 2149 897 ὦςι,
2193 823 2752 895 προπεριςπῶνται
2809 813 2955 879 οἷον
2999 815 3221 879 Πετεώ

574 933 608 982 5
635 922 958 986 Πετεῶο
1017 921 1195 985 «υἱὸς
1239 921 1505 985 Πετεῶο
1554 917 1952 983 Μενεςθεύς»
1998 917 2074 998 (Β
2118 915 2288 999 552).
2366 916 2459 981 «ὦ
2505 917 2600 981 υἱὲ
2642 917 2909 982 Πετεῶο
2954 917 3222 994 Διοτρε-

637 1023 802 1103 φέος
847 1024 1182 1103 βαςιλῆος»
1230 1022 1324 1103 (Δ
1368 1019 1553 1102 338),
1599 1020 1832 1084 Ταλαώ
1877 1018 2203 1083 Ταλαῶο
2262 1018 2354 1084 ὡς
2397 1019 2572 1097 παρὰ
2617 1018 2996 1101 Ἀντιμάχῳ·
3054 1018 3108 1082 εἰ
3153 1020 3225 1081 δ“ε

637 1123 768 1188 ἀπὸ
816 1123 1192 1203 βαρυτόνων
1235 1129 1505 1200 γενικῶν
1539 1122 1836 1185 Ἀττικῶν
1882 1118 2025 1201 ῶςι,
2069 1121 2671 1199 προπαροξύνονται
2718 1119 2863 1185 οἷον
2892 1124 3009 1184 τοῦ
3042 1119 3225 1184 Μίνω

636 1229 755 1289 τοῦ
815 1223 1120 1307 Μίνωο,
1173 1229 1292 1289 τοῦ
1349 1224 1706 1303 Ἀνδρόγεω
1764 1222 2266 1300 Ἀνδρογέωο.
2354 1225 2473 1285 τοῦ
2530 1222 2602 1286 δὲ
2660 1225 2698 1285 ὃ
2753 1222 3225 1300 προςελθόντος

641 1325 1050 1406 κατεβιβάςθη
1096 1326 1241 1407 μίαν
1287 1327 1603 1405 ςυλλαβήν
1645 1324 1683 1389 ὁ
1728 1324 1922 1389 τόνος
1966 1323 2070 1388 διὰ
2122 1324 2197 1388 τὸ
2253 1324 2335 1403 μὴ
2383 1324 2685 1389 δύναςθαι
2740 1323 3047 1402 τετάρτην
3093 1321 3225 1388 ἀπὸ

546 1437 607 1489 ιο
641 1428 869 1491 τέλους
913 1426 1079 1491 εἶναι
1122 1429 1239 1505 τὴν
1283 1426 1514 1493 ὀξεῖαν.

810 1528 883 1592 Αἱ
928 1529 1033 1593 διὰ
1076 1532 1192 1592 τοῦ
1238 1533 1325 1592 ’ἐῶ
1369 1528 1613 1604 γενικαὶ
1642 1526 1934 1610 Ἰωνικαί,
1982 1526 2035 1592 εἰ
2080 1529 2195 1607 μὲν
2241 1525 2372 1593 ἀπὸ
2420 1527 2793 1607 βαρυτόνων
2840 1532 3078 1591 κοινῶν
3121 1546 3226 1602 γε·

643 1636 839 1694 νικῶν
915 1629 1059 1713 ᾦςι,
1132 1630 1738 1709 προπαροξύνονται
1817 1628 1962 1694 οἷον
2028 1628 2350 1708 Ἀτρείδου
2426 1629 2865 1709 Ἀτρείδεω,
2932 1628 3228 1706 Ὀρέςτου

643 1731 1050 1813 Ὀρὲςτεω,
1094 1731 1406 1796 Αἰνείου
1451 1730 1808 1813 Αἰνείεω,
1856 1729 2123 1796 ἀπαθεῖς
2178 1730 2481 1810 δηλονότι
2527 1729 2735 1795 οὐςαι·
2782 1729 2896 1795 ἐὰν
2941 1731 3064 1808 γὰρ
3107 1731 3229 1793 πά-

644 1839 828 1915 θωςι,
872 1832 1002 1911 πρὸ
1047 1835 1189 1910 μιᾶς
1231 1836 1348 1897 τοῦ
1392 1832 1620 1896 τέλους
1664 1832 1878 1911 ἔχουςι
1922 1833 2038 1910 τὴν
2084 1831 2299 1899 ὀξεῖαν
2355 1830 2501 1896 οἷον
2544 1831 2830 1912 Ἑρμείου
2875 1831 2987 1909 Ἑρ
3001 1832 3230 1910 μείεω

546 1943 608 1994 15
645 1934 748 1999 καὶ
791 1935 949 1999 κατὰ
993 1935 1316 2012 ςυγκοπὴν
1360 1931 1670 2013 Ἑρμείω
1714 1933 2171 2011 παροξυτόνως
2217 1934 2457 2011 «Ἥρης
2486 1933 2744 2011 Ἑρμείω
2786 1953 2896 1998 τε»
2942 1933 3025 2015 (Ο
3055 1931 3231 2014 214),

643 2036 845 2100 Ἀςίας
890 2035 1094 2100 Ἀςίου
1139 2035 1243 2099 καὶ
1286 2035 1575 2099 Ἰωνικῶς
1620 2035 1881 2099 Ἀςίεω
1926 2036 2028 2099 καὶ
2057 2034 2268 2099 Ἀςίω
2314 2035 2404 2099 ὡς
2449 2035 2848 2123 εὐμμελίω
2895 2034 3114 2098 «Ἀςίω
3159 2034 3230 2097 ἐν
3315 2040 3324 2045 “

646 2141 946 2217 λειμῶνι»
992 2138 1069 2219 (Β
1112 2134 1283 2216 461).
1343 2135 1399 2200 εἰ
1443 2138 1515 2201 δὲ
1560 2135 1690 2201 ἀπὸ
1737 2138 2238 2215 περιςπωμένων
2282 2143 2521 2202 κοινῶν
2565 2143 2837 2222 γενικῶν
2882 2135 3024 2218 ὧςι,
3069 2155 3230 2213 παρ-

645 2239 983 2305 οξύνονται
1040 2235 1186 2303 οἷον
1243 2237 1528 2318 αὐλητοῦ
1572 2237 1962 2321 αὐλητέω,
2009 2238 2223 2316 Θαλῆς
2269 2239 2488 2303 Θαλοῦ
2532 2237 2689 2320 (ἔςτι
2746 2239 2818 2302 δὲ
2872 2235 3082 2316 ὄνομα
3119 2235 3232 2329 .κύ-

645 2341 819 2422 ριον)
861 2344 978 2405 τοῦ
1025 2339 1312 2404 Θαλέω.

542 2446 613 2497 20
815 2441 891 2505 Αἱ
934 2442 1039 2507 διὰ
1092 2444 1210 2506 τοῦ
1254 2445 1342 2505 ἇό
1385 2441 1718 2507 Βοιωτικαὶ
1771 2440 2043 2523 γενικαί,
2100 2440 2155 2506 εἰ
2208 2441 2323 2520 μὲν
2380 2440 2512 2506 ἀπὸ
2570 2440 2943 2521 βαρυτόνων
2995 2446 3235 2505 κοινῶν

644 2549 915 2620 γενικῶν
972 2541 1123 2625 ῶςι,
1181 2543 1786 2621 προπαροξύνονται
1847 2541 1993 2607 οἷον
2047 2542 2372 2621 Ἀτρείδου
2433 2542 2866 2625 Ἀτρείδαο,
2932 2543 3233 2622 Ὀρέςτου

646 2644 1046 2725 Ὀρέςταο,
1101 2644 1157 2709 εἰ
1212 2646 1283 2710 δὲ
1338 2643 1469 2710 ἀπὸ
1527 2645 2031 2723 περιςπωμένων
2087 2650 2325 2709 κοινῶν
2390 2649 2662 2720 γενικῶν
2717 2642 2860 2726 ὦςι,
2927 2663 3234 2722 προπερι-

649 2752 928 2812 ςπῶνται
959 2742 1105 2811 οἷον
1136 2744 1438 2826 ἀργεςτής
1468 2745 1811 2830 ἀργεςτοῦ,
1844 2745 2226 2825 ἀργεςτᾶο
2276 2744 2626 2826 «ἀργεςτᾶο
2657 2745 2922 2811 νότοιο»
2949 2742 3032 2828 (Λ
3061 2743 3235 2827 306).

817 2848 1002 2913 Πᾶςα
1044 2850 1259 2926 γενικὴ
1304 2848 1682 2928 διςύλλαβος
1727 2847 1815 2913 εἰς
1858 2850 1943 2911 δῖ
1990 2848 2273 2927 λήγουςα
2327 2848 2408 2927 μὴ
2468 2847 2969 2927 ςυναληλιμμένη
3016 2846 3236 2915 ὀξύνε-

543 2957 609 3009 25
644 2970 778 3033 ται,
825 2949 1096 3031 μηνός,
1143 2949 1416 3032 χηνός,
1459 2948 1747 3032 Ζηνός,
1807 2948 2088 3029 φωτός.
2176 2949 2216 3027 ἡ
2278 2952 2470 3014 λᾶος
2524 2948 2594 3013 ἐκ
2649 2948 3070 3029 τριςυλλάβου
3123 2952 3239 3027 τῆς

650 3051 851 3116 λάαος
903 3050 1115 3128 κράςει
1171 3057 1302 3115 τῶν
1358 3051 1477 3116 δύο
1524 3072 1566 3115 α
1619 3050 1708 3116 εἰς
1761 3052 1835 3115 ἓν
1890 3049 2165 3132 μακρόν,
2220 3050 2259 3127 ἡ
2314 3053 2548 3129 κῆρος
2602 3052 2706 3115 καὶ
2757 3050 2947 3129 ἦρος
3002 3050 3070 3114 ἐκ
3121 3053 3264 3128 τῆς,

539 3203 553 3217 .
649 3153 879 3230 κέαρος
933 3153 1036 3216 καὶ
1089 3129 1299 3231 ἔαρος.
1397 3151 1708 3231 ἀποροῦςι
1764 3135 1836 3218 δέ
1891 3173 2058 3217 τινες
2111 3152 2442 3235 λέγοντες,
2501 3151 2555 3217 εἰ
2609 3151 2734 3231 ἄρα
2790 3153 2866 3217 τὸ
2924 3154 3078 3216 λᾶος
3131 3153 3239 3236 καὶ

651 3256 844 3331 κῆρος
889 3254 991 3317 καὶ
1032 3251 1191 3332 ἦρος
1236 3253 1326 3334 ᾡς
1371 3254 1634 3332 δυνάμει
1678 3253 2062 3334 τριςύλλαβα
2105 3253 2572 3336 ἐβαρύνθηςαν,
2630 3253 2736 3317 διὰ
2778 3251 2972 3318 ποίαν
3028 3252 3237 3319 αἰτίαν

650 3356 727 3419 τὸ
772 3352 872 3418 ὄϊς
914 3353 1054 3419 ὄϊος
1083 3353 1436 3433 γενόμενον
1468 3355 1627 3420 κατὰ
1659 3356 2011 3434 ςυναίρεςιν
2045 3353 2146 3420 οἶς
2192 3354 2360 3419 οἰός
2404 3356 2485 3433 μὴ
2518 3354 2860 3434 ἑβαρύνθη;
2906 3354 3009 3419 καὶ
3036 3359 3237 3421 τοῦτο

550 3462 619 3516 30
653 3456 777 3533 γὰρ
823 3454 1085 3534 δυνάμει
1128 3446 1544 3536 τριςύλλαβόν
1590 3456 1772 3521 ἐςτιν.
1847 3457 2013 3521 ἐςτιν
2061 3456 2181 3521 οὖν
2228 3456 2465 3538 εἰπεῖν,
2509 3456 2608 3521 ὅτι
2653 3456 2729 3521 τὸ
2774 3457 2888 3535 μὲν
2935 3459 3090 3522 λᾶος
3134 3459 3241 3522 καὶ

653 3559 848 3633 κῆρος
891 3556 994 3620 καὶ
1036 3554 1194 3635 ἦρος
1239 3556 1320 3621 οὐ
1377 3557 1583 3636 μόνον
1627 3557 1698 3622 ἐν
1741 3565 1817 3640 τῇ
1863 3556 2076 3642 εὐθείᾳ
2122 3561 2598 3640 ςυναιροῦνται,
2651 3555 2817 3622 ἀλλὰ
2871 3558 2973 3622 καὶ
3031 3558 3102 3623 ἐν
3158 3566 3239 3642 τῇ

653 3663 869 3740 γενικῇ
925 3653 1071 3722 οἷον
1139 3661 1296 3723 λᾶας
1350 3662 1466 3724 λᾶς
1519 3659 1720 3725 λάαος
1776 3663 1963 3742 λᾶος,
2030 3659 2180 3738 κέαρ
2234 3663 2352 3739 κῆρ
2409 3659 2639 3737 κὲαρος
2693 3662 2918 3741 κῆρος,
2984 3660 3098 3739 ἔαρ
3154 3659 3239 3738 ἦρ

655 3757 847 3836 ἔαρος
892 3757 1048 3837 ἦρος
1091 3760 1193 3824 καὶ
1234 3760 1472 3825 τούτου
1516 3760 1702 3841 χάριν
1750 3761 1841 3825 ῶς
1871 3761 2133 3842 δυνάμει
2163 3761 2547 3841 τριςύλλαβα
2589 3758 2753 3825 ὄντα
2785 3760 2856 3825 ἐν
2898 3767 2976 3845 τῇ
3020 3768 3239 3843 γενικῇ

656 3858 1101 3940 ἐβαρύνθηςαν.
1169 3862 1247 3927 τὸ
1293 3863 1364 3927 δὲ
1409 3860 1512 3926 οἷς
1556 3861 1693 3927 οἰός
1738 3860 1858 3926 οὐκ
1901 3862 2139 3929 ἔπαθεν
2193 3863 2264 3928 ἐν
2309 3869 2386 3947 τῇ
2430 3868 2646 3947 γενικῇ
2704 3860 3051 3941 ςυναίρεςιν
3095 3859 3242 3926 ἀλλ’

791 4115 829 4168 l.
865 4118 898 4166 3
936 4114 1131 4166 Choer.
1163 4117 1293 4178 413,
1334 4118 1389 4178 1,
1436 4117 1537 4166 An.
1576 4117 1676 4168 Ox.
1711 4117 1797 4168 ΠΙ
1831 4118 1958 4179 229,
1996 4119 2054 4180 7;
2101 4117 2170 4168 de
2206 4117 2525 4184 pleonasmo
2567 4117 2780 4168 vocalis
2817 4131 2849 4168 o
2883 4119 2943 4167 in
2978 4116 3241 4183 genetivo

657 4182 729 4233 cf.
764 4182 967 4233 Herod.
1006 4198 1100 4247 ap.
1133 4152 1391 4234 Eusta'th.
1429 4185 1549 4249 283,
1587 4187 1670 4235 26.
1808 4184 1843 4233 l.
1881 4187 1942 4235 11
1981 4185 2173 4235 Choer.
2210 4186 2327 4247 413,
2369 4188 2455 4245 11,
2493 4186 2593 4249 Ep.
2631 4183 2720 4238 Cr.
2757 4186 2784 4235 I
2821 4188 2871 4247 9,
2908 4188 2957 4243 9,
2993 4185 3056 4234 Ε.
3093 4184 3241 4240 Gud.

655 4254 706 4312 5,
746 4252 840 4313 173
876 4265 973 4315 pro
1011 4250 1192 4312 ἐχουςι
1226 4250 1335 4315 τὴν
1371 4250 1596 4303 εὐθεῖαν
1633 4253 1745 4302 scri
1787 4252 1836 4302 si
1870 4250 2082 4316 ὀξεῖαν,
2121 4268 2219 4317 pro
2257 4251 2434 4317 Καςής
2473 4250 2681 4315 Καςοῦ,
2720 4268 2814 4318 pro
2850 4268 2958 4317 quo
2993 4251 3241 4303 Pseudo-

654 4317 845 4368 herod.
881 4319 941 4367 in
974 4318 1339 4369 An.Ox.111
1377 4322 1440 4370 19
1479 4317 1663 4384 Καυςή
1665 4332 1693 4371 ς
1773 4321 1946 4371 αυςοῦ
1984 4321 2178 4378 habet.
2215 4321 2378 4385 posui
2413 4319 2601 4384 Θαλῆς
2637 4270 2827 4372 θάλοῦ
2864 4319 3238 4373 cf.1.0b.131.

652 4385 711 4435 11
746 4387 813 4435 96
849 4400 968 4434 cum
1005 4389 1154 4439 nota.
1228 4383 1408 4438 Ἀςίας
1447 4384 1610 4438 Αςίω
1645 4389 1856 4437 inserui
1891 4404 1958 4438 ex
1995 4388 2182 4439 Schol.
2216 4391 2260 4440 B
2297 4388 2368 4438 ad
2407 4387 2468 4438 11.
2495 4385 2534 4438 Β
2559 4390 2685 4438 461:
2726 4385 2888 4440 Ἀςίω
2926 4387 3097 4452 χωρὶς
3131 4390 3239 4438 τοῦ

654 4453 687 4503 ἐ’
724 4450 803 4503 ὡς
839 4451 909 4502 τὸ
948 4450 1253 4516 ἑυμμελίω·
1292 4453 1479 4506 οὕτως
1504 4453 1847 4518 Ηρωδιανὸς
1883 4454 1946 4507 ἐν
1981 4459 2053 4520 τῇ
2089 4455 2335 4507 καθόλου
2372 4456 2462 4506 καὶ
2497 4453 2853 4520 Πτολεμαῖος
2889 4454 2951 4507 ἐν
2985 4455 3071 4520 τῷ
3109 4456 3246 4519 περὶ

654 4519 1013 4584 ςυναλοιφῆς.
1084 4521 1167 4574 St.
1202 4521 1267 4571 Β.
1309 4538 1350 4572 s.
1392 4520 1555 4574 ’.Αςία
1625 4524 1690 4573 Ε.
1728 4525 1802 4576 Μ.
1845 4525 1960 4584 153,
1996 4526 2063 4574 42
2110 4525 2180 4574 cf.
2219 4525 2357 4574 Lob.
2397 4523 2541 4572 Ε1.Ι
2578 4526 2694 4575 256.
2866 4522 2908 4574 1.
2939 4526 3005 4574 20
3040 4524 3248 4573 Choer.

652 4589 771 4648 413,
812 4590 898 4641 21
934 4589 1343 4640 Pseudoherod.
1382 4592 1441 4640 in
1476 4592 1578 4643 An.
1617 4590 1719 4641 Ox
1757 4591 1794 4641 1.
1835 4608 1882 4642 c.
1920 4562 2002 4644 20.
2144 4592 2407 4643 hin-27
2443 4591 2633 4641 10.A1.
2677 4594 2756 4654 10,
2792 4595 2841 4642 3.
2881 4616 2945 4627 -
2981 4592 3067 4641 De
3103 4591 3247 4644 λᾶος

654 4655 830 4707 cf.11.
867 4657 956 4705 Pr.
997 4653 1054 4706 Μ
1090 4659 1219 4708 462:
1257 4658 1777 4721 προπεριςπαςτέον
1814 4658 1893 4710 ὡς
1931 4658 2151 4723 κλῆρος.
2205 4657 2319 4710 ἀπὸ
2354 4657 2460 4722 γὰρ
2498 4656 2718 4711 εὐθείας
2755 4658 3026 4710 πέπτωκε
3061 4658 3248 4710 διευλ-

653 4719 828 4782 λάβου
863 4722 1005 4774 κατὰ
1040 4723 1150 4787 τὴν
1191 4727 1296 4776 τοῦ
1344 4728 1585 4806 ποιητοῦ
1632 4728 1836 4792 χρῆςιν.
1908 4726 1998 4778 καὶ
2045 4725 2256 4791 ὤφειλε
2300 4724 2684 4791 τριςυλλαβεῑν
2729 4725 2763 4789 ἡ
2810 4726 3030 4791 γενικὴ,
3078 4740 3247 4778 ςυνα-

653 4786 864 4853 λοιφὴν
907 4788 969 4841 δὲ
1013 4790 1257 4853 λαβοῦςα
1303 4790 1617 4856 βαρύνεται.
1664 4821 1727 4830 --
1774 4794 1808 4846 l.
1849 4796 1914 4844 27
1960 4792 2229 4859 ἀποροῦςι
2274 4792 2336 4845 δέ
2384 4807 2535 4846 τινες
2571 4821 2637 4831 --
2675 4811 2726 4861 p.
2762 4797 2862 4846 409
2899 4795 2932 4845 l.
2973 4796 3032 4844 17
3070 4793 3246 4858 ςητός
