<?xml version="1.0" encoding="UTF-8"?>
<!DOCTYPE html PUBLIC "-//W3C//DTD XHTML 1.0 Transitional//EN"
    "http://www.w3.org/TR/xhtml1/DTD/xhtml1-transitional.dtd">
<html xmlns="http://www.w3.org/1999/xhtml" xml:lang="en" lang="en">
 <head>
  <title>
</title>
<meta http-equiv="Content-Type" content="text/html;charset=utf-8" />
  <meta name='ocr-system' content='tesseract 3.04.00' />
  <meta name='ocr-capabilities' content='ocr_page ocr_carea ocr_par ocr_line ocrx_word'/>
</head>
<body>
  <div class='ocr_page' id='page_1' title='image "./grammaticigraec02unkngoog_0464.png"; bbox 0 0 3664 5546; ppageno 0'>
   <div class='ocr_carea' id='block_1_1' title="bbox 585 382 2222 451">
    <p class='ocr_par' dir='ltr' id='par_1_1' title="bbox 585 382 2222 451">
     <span class='ocr_line' id='line_1_1' title="bbox 585 382 2222 451; baseline -0.002 -11"><span class='ocrx_word' id='word_1_1' title='bbox 585 387 710 451; x_wconf 82' lang='grc'>218</span> <span class='ocrx_word' id='word_1_2' title='bbox 1516 384 1597 439; x_wconf 87' lang='grc' dir='ltr'>ΕΚ</span> <span class='ocrx_word' id='word_1_3' title='bbox 1633 384 1774 439; x_wconf 89' lang='grc' dir='ltr'>ΤΩΝ</span> <span class='ocrx_word' id='word_1_4' title='bbox 1815 382 2222 439; x_wconf 88' lang='grc' dir='ltr'>ΗΡΩΔΙΑΝΟΥ</span> 
     </span>
    </p>
   </div>
   <div class='ocr_carea' id='block_1_2' title="bbox 584 552 3157 741">
    <p class='ocr_par' dir='ltr' id='par_1_2' title="bbox 584 552 3157 741">
     <span class='ocr_line' id='line_1_2' title="bbox 584 552 3157 640; baseline -0.003 -16"><span class='ocrx_word' id='word_1_5' title='bbox 584 558 750 640; x_wconf 88' lang='grc' dir='ltr'>φαςί.</span> <span class='ocrx_word' id='word_1_6' title='bbox 838 560 941 624; x_wconf 87' lang='grc' dir='ltr'>καὶ</span> <span class='ocrx_word' id='word_1_7' title='bbox 994 559 1319 623; x_wconf 89' lang='grc' dir='ltr'>Ῥάπτος</span> <span class='ocrx_word' id='word_1_8' title='bbox 1374 557 1663 638; x_wconf 90' lang='grc' dir='ltr'>ποταμὸς</span> <span class='ocrx_word' id='word_1_9' title='bbox 1717 555 2056 621; x_wconf 88' lang='grc' dir='ltr'>Αἰθιοπίας.</span> <span class='ocrx_word' id='word_1_10' title='bbox 2143 555 2218 620; x_wconf 88' lang='grc' dir='ltr'>τὸ</span> <span class='ocrx_word' id='word_1_11' title='bbox 2273 556 2345 620; x_wconf 79' lang='grc' dir='ltr'>δὲ</span> <span class='ocrx_word' id='word_1_12' title='bbox 2400 553 2754 635; x_wconf 90' lang='grc' dir='ltr'>πέμπτος</span> <span class='ocrx_word' id='word_1_13' title='bbox 2809 552 3032 618; x_wconf 84' lang='grc' dir='ltr'>ἕκτος</span> <span class='ocrx_word' id='word_1_14' title='bbox 3076 554 3157 617; x_wconf 87' lang='grc' dir='ltr'>τὰ</span> 
     </span>
     <span class='ocr_line' id='line_1_3' title="bbox 584 655 3154 741; baseline -0.002 -15"><span class='ocrx_word' id='word_1_15' title='bbox 584 663 691 726; x_wconf 87' lang='grc' dir='ltr'>ἐπὶ</span> <span class='ocrx_word' id='word_1_16' title='bbox 744 661 1011 741; x_wconf 86' lang='grc' dir='ltr'>ἀριθμοῦ</span> <span class='ocrx_word' id='word_1_17' title='bbox 1070 661 1421 741; x_wconf 83' lang='grc' dir='ltr'>βαρύνεται.</span> <span class='ocrx_word' id='word_1_18' title='bbox 1519 660 1595 725; x_wconf 90' lang='grc' dir='ltr'>τὸ</span> <span class='ocrx_word' id='word_1_19' title='bbox 1651 659 1868 739; x_wconf 85' lang='grc' dir='ltr'>μέντοι</span> <span class='ocrx_word' id='word_1_20' title='bbox 1922 658 2268 737; x_wconf 89' lang='grc' dir='ltr'>πεμπτός</span> <span class='ocrx_word' id='word_1_21' title='bbox 2324 655 2611 723; x_wconf 84' lang='grc' dir='ltr'>ὀξύνεται</span> <span class='ocrx_word' id='word_1_22' title='bbox 2667 657 2743 721; x_wconf 87' lang='grc' dir='ltr'>τὸ</span> <span class='ocrx_word' id='word_1_23' title='bbox 2801 656 3154 721; x_wconf 81' lang='grc' dir='ltr'>έπιθετικὸν</span> 
     </span>
    </p>
   </div>
   <div class='ocr_carea' id='block_1_3' title="bbox 522 758 3153 1373">
    <p class='ocr_par' dir='ltr' id='par_1_3' title="bbox 522 758 3153 1373">
     <span class='ocr_line' id='line_1_4' title="bbox 584 758 2530 844; baseline -0.003 -16"><span class='ocrx_word' id='word_1_24' title='bbox 584 765 686 828; x_wconf 84' lang='grc' dir='ltr'>καὶ</span> <span class='ocrx_word' id='word_1_25' title='bbox 731 765 805 829; x_wconf 89' lang='grc' dir='ltr'>τὸ</span> <span class='ocrx_word' id='word_1_26' title='bbox 851 763 1070 828; x_wconf 89' lang='grc' dir='ltr'>ἑκτός</span> <span class='ocrx_word' id='word_1_27' title='bbox 1115 763 1154 828; x_wconf 83' lang='grc' dir='ltr'>ὁ</span> <span class='ocrx_word' id='word_1_28' title='bbox 1199 758 1504 842; x_wconf 80' lang='grc' dir='ltr'>ἐχόμενος</span> <span class='ocrx_word' id='word_1_29' title='bbox 1518 811 1537 844; x_wconf 93' lang='grc'>,</span> <span class='ocrx_word' id='word_1_30' title='bbox 1581 761 1804 826; x_wconf 81' lang='grc' dir='ltr'>ἐκτός</span> <span class='ocrx_word' id='word_1_31' title='bbox 1850 762 1921 826; x_wconf 79' lang='grc' dir='ltr'>δὲ</span> <span class='ocrx_word' id='word_1_32' title='bbox 1965 761 2158 840; x_wconf 87' lang='grc' dir='ltr'>χωρὶς</span> <span class='ocrx_word' id='word_1_33' title='bbox 2202 758 2530 839; x_wconf 84' lang='grc' dir='ltr'>ἐπίρρημα.</span> 
     </span>
     <span class='ocr_line' id='line_1_5' title="bbox 749 878 3152 962; baseline -0.002 -15"><span class='ocrx_word' id='word_1_34' title='bbox 749 883 843 947; x_wconf 88' lang='grc' dir='ltr'>Τὰ</span> <span class='ocrx_word' id='word_1_35' title='bbox 886 882 975 947; x_wconf 89' lang='grc' dir='ltr'>εἰς</span> <span class='ocrx_word' id='word_1_36' title='bbox 1019 885 1288 947; x_wconf 80' lang='grc' dir='ltr'>διπλοῦν</span> <span class='ocrx_word' id='word_1_37' title='bbox 1332 885 1404 945; x_wconf 71' lang='lat' dir='ltr'>&#39;fr‘</span> <span class='ocrx_word' id='word_1_38' title='bbox 1449 880 1814 962; x_wconf 87' lang='grc' dir='ltr'>βαρύνεται,</span> <span class='ocrx_word' id='word_1_39' title='bbox 1860 881 2054 960; x_wconf 83' lang='grc' dir='ltr'>χωρὶς</span> <span class='ocrx_word' id='word_1_40' title='bbox 2083 884 2215 945; x_wconf 87' lang='grc' dir='ltr'>τῶν</span> <span class='ocrx_word' id='word_1_41' title='bbox 2246 879 2573 959; x_wconf 85' lang='grc' dir='ltr'>Ἀττικῶν,</span> <span class='ocrx_word' id='word_1_42' title='bbox 2618 878 2931 961; x_wconf 89' lang='grc' dir='ltr'>κόττος,</span> <span class='ocrx_word' id='word_1_43' title='bbox 2976 878 3152 942; x_wconf 92' lang='grc' dir='ltr'>λύτ-</span> 
     </span>
     <span class='ocr_line' id='line_1_6' title="bbox 522 980 3153 1066; baseline 0 -21"><span class='ocrx_word' id='word_1_44' title='bbox 522 995 554 1045; x_wconf 86' lang='grc'><strong>5</strong></span> <span class='ocrx_word' id='word_1_45' title='bbox 584 1006 749 1066; x_wconf 91' lang='grc' dir='ltr'>τος,</span> <span class='ocrx_word' id='word_1_46' title='bbox 796 985 1120 1066; x_wconf 90' lang='grc' dir='ltr'>Βάττος,</span> <span class='ocrx_word' id='word_1_47' title='bbox 1167 985 1498 1063; x_wconf 89' lang='grc' dir='ltr'>Βρέττος</span> <span class='ocrx_word' id='word_1_48' title='bbox 1541 983 1726 1051; x_wconf 90' lang='grc' dir='ltr'>πόλις</span> <span class='ocrx_word' id='word_1_49' title='bbox 1756 982 2102 1062; x_wconf 84' lang='grc' dir='ltr'>Τυρρηνῶν</span> <span class='ocrx_word' id='word_1_50' title='bbox 2148 981 2279 1046; x_wconf 86' lang='grc' dir='ltr'>ἀπὸ</span> <span class='ocrx_word' id='word_1_51' title='bbox 2312 981 2587 1059; x_wconf 90' lang='grc' dir='ltr'>Βρέττου</span> <span class='ocrx_word' id='word_1_52' title='bbox 2620 985 2736 1046; x_wconf 81' lang='grc' dir='ltr'>τοῦ</span> <span class='ocrx_word' id='word_1_53' title='bbox 2767 980 3153 1059; x_wconf 87' lang='grc' dir='ltr'>Ἡρακλέους</span> 
     </span>
     <span class='ocr_line' id='line_1_7' title="bbox 580 1082 3152 1167; baseline -0.002 -16"><span class='ocrx_word' id='word_1_54' title='bbox 580 1087 683 1151; x_wconf 82' lang='grc' dir='ltr'>καὶ</span> <span class='ocrx_word' id='word_1_55' title='bbox 727 1088 1031 1166; x_wconf 90' lang='grc' dir='ltr'>Βαλητίας</span> <span class='ocrx_word' id='word_1_56' title='bbox 1075 1090 1184 1164; x_wconf 85' lang='grc' dir='ltr'>τῆς</span> <span class='ocrx_word' id='word_1_57' title='bbox 1230 1086 1553 1167; x_wconf 85' lang='grc' dir='ltr'>Βαλήτου,</span> <span class='ocrx_word' id='word_1_58' title='bbox 1610 1083 1962 1165; x_wconf 81' lang='grc' dir='ltr'>(φῆττος</span> <span class='ocrx_word' id='word_1_59' title='bbox 2014 1086 2167 1149; x_wconf 85' lang='grc' dir='ltr'>παῖς</span> <span class='ocrx_word' id='word_1_60' title='bbox 2221 1083 2603 1167; x_wconf 84' lang='grc' dir='ltr'>Τροιζῆνος,</span> <span class='ocrx_word' id='word_1_61' title='bbox 2658 1084 2733 1147; x_wconf 86' lang='grc' dir='ltr'>τὸ</span> <span class='ocrx_word' id='word_1_62' title='bbox 2790 1083 2861 1148; x_wconf 75' lang='grc' dir='ltr'>δὲ</span> <span class='ocrx_word' id='word_1_63' title='bbox 2904 1082 3152 1163; x_wconf 79' lang='grc' dir='ltr'>(φητ-</span> 
     </span>
     <span class='ocr_line' id='line_1_8' title="bbox 581 1184 3153 1268; baseline -0.001 -16"><span class='ocrx_word' id='word_1_64' title='bbox 581 1189 712 1254; x_wconf 90' lang='grc' dir='ltr'>τός</span> <span class='ocrx_word' id='word_1_65' title='bbox 756 1193 955 1268; x_wconf 87' lang='grc' dir='ltr'>δῆμος</span> <span class='ocrx_word' id='word_1_66' title='bbox 1001 1188 1446 1267; x_wconf 83' lang='grc' dir='ltr'>Ἀκαμαντίδος</span> <span class='ocrx_word' id='word_1_67' title='bbox 1491 1190 1699 1267; x_wconf 87' lang='grc' dir='ltr'>φυλῆς</span> <span class='ocrx_word' id='word_1_68' title='bbox 1745 1185 2051 1253; x_wconf 88' lang='grc' dir='ltr'>ὀξύνεται.</span> <span class='ocrx_word' id='word_1_69' title='bbox 2138 1185 2216 1249; x_wconf 90' lang='grc' dir='ltr'>τὰ</span> <span class='ocrx_word' id='word_1_70' title='bbox 2274 1186 2346 1250; x_wconf 79' lang='grc' dir='ltr'>δὲ</span> <span class='ocrx_word' id='word_1_71' title='bbox 2389 1185 2632 1250; x_wconf 85' lang='grc' dir='ltr'>Ἀττικὰ</span> <span class='ocrx_word' id='word_1_72' title='bbox 2676 1184 2979 1265; x_wconf 87' lang='grc' dir='ltr'>ὁμοτονεῖ</span> <span class='ocrx_word' id='word_1_73' title='bbox 3018 1187 3153 1249; x_wconf 85' lang='grc' dir='ltr'>τοῖς</span> 
     </span>
     <span class='ocr_line' id='line_1_9' title="bbox 581 1287 2998 1373; baseline -0.002 -18"><span class='ocrx_word' id='word_1_74' title='bbox 581 1294 855 1373; x_wconf 85' lang='grc' dir='ltr'>κοινοῖς,</span> <span class='ocrx_word' id='word_1_75' title='bbox 906 1291 970 1357; x_wconf 90' lang='grc' dir='ltr'>ἐξ</span> <span class='ocrx_word' id='word_1_76' title='bbox 1014 1289 1106 1354; x_wconf 85' lang='grc' dir='ltr'>ὧν</span> <span class='ocrx_word' id='word_1_77' title='bbox 1150 1292 1414 1372; x_wconf 88' lang='grc' dir='ltr'>γέγονε,</span> <span class='ocrx_word' id='word_1_78' title='bbox 1458 1289 1747 1373; x_wconf 87' lang='grc' dir='ltr'>κιττός,</span> <span class='ocrx_word' id='word_1_79' title='bbox 1793 1288 1893 1353; x_wconf 86' lang='grc' dir='ltr'>ὅτι</span> <span class='ocrx_word' id='word_1_80' title='bbox 1937 1288 2170 1370; x_wconf 86' lang='grc' dir='ltr'>κιςςός,</span> <span class='ocrx_word' id='word_1_81' title='bbox 2215 1287 2554 1371; x_wconf 90' lang='grc' dir='ltr'>τριττός,</span> <span class='ocrx_word' id='word_1_82' title='bbox 2599 1287 2696 1352; x_wconf 89' lang='grc' dir='ltr'>ὅτι</span> <span class='ocrx_word' id='word_1_83' title='bbox 2740 1288 2998 1367; x_wconf 88' lang='grc' dir='ltr'>τριςςός.</span> 
     </span>
    </p>
   </div>
   <div class='ocr_carea' id='block_1_4' title="bbox 484 1405 3151 1695">
    <p class='ocr_par' dir='ltr' id='par_1_4' title="bbox 484 1405 3151 1695">
     <span class='ocr_line' id='line_1_10' title="bbox 749 1405 3151 1502; baseline -0.001 -27"><span class='ocrx_word' id='word_1_84' title='bbox 749 1411 843 1475; x_wconf 89' lang='grc' dir='ltr'>Τὰ</span> <span class='ocrx_word' id='word_1_85' title='bbox 886 1410 975 1474; x_wconf 86' lang='grc' dir='ltr'>εἰς</span> <span class='ocrx_word' id='word_1_86' title='bbox 1017 1430 1207 1474; x_wconf 90' lang='grc' dir='ltr'>τατος</span> <span class='ocrx_word' id='word_1_87' title='bbox 1253 1408 1627 1487; x_wconf 86' lang='grc' dir='ltr'>ὑπερθετικὰ</span> <span class='ocrx_word' id='word_1_88' title='bbox 1670 1407 2254 1502; x_wconf 74' lang='grc' dir='ltr'>προπαροξύνεται,</span> <span class='ocrx_word' id='word_1_89' title='bbox 2310 1407 2413 1471; x_wconf 87' lang='grc' dir='ltr'>καὶ</span> <span class='ocrx_word' id='word_1_90' title='bbox 2467 1405 2585 1473; x_wconf 86' lang='grc' dir='ltr'>ὅςα</span> <span class='ocrx_word' id='word_1_91' title='bbox 2630 1406 2718 1473; x_wconf 89' lang='grc' dir='ltr'>εἰς</span> <span class='ocrx_word' id='word_1_92' title='bbox 2763 1410 2918 1472; x_wconf 49' lang='lat' dir='ltr'>&amp;E</span> <span class='ocrx_word' id='word_1_93' title='bbox 2963 1408 3151 1486; x_wconf 83' lang='grc' dir='ltr'>ὑπερ-</span> 
     </span>
     <span class='ocr_line' id='line_1_11' title="bbox 484 1508 3150 1593; baseline 0.001 -23"><span class='ocrx_word' id='word_1_94' title='bbox 484 1521 547 1571; x_wconf 80' lang='lat'>10</span> <span class='ocrx_word' id='word_1_95' title='bbox 580 1512 822 1593; x_wconf 88' lang='grc' dir='ltr'>θετικά,</span> <span class='ocrx_word' id='word_1_96' title='bbox 868 1511 1448 1592; x_wconf 87' lang='grc' dir='ltr'>λαμπρότατος,</span> <span class='ocrx_word' id='word_1_97' title='bbox 1495 1510 1958 1593; x_wconf 86' lang='grc' dir='ltr'>ὁςιώτατος,</span> <span class='ocrx_word' id='word_1_98' title='bbox 1991 1508 2502 1592; x_wconf 89' lang='grc' dir='ltr'>ςεμνότατος,</span> <span class='ocrx_word' id='word_1_99' title='bbox 2536 1508 2978 1591; x_wconf 88' lang='grc' dir='ltr'>κάλλιςτος,</span> <span class='ocrx_word' id='word_1_100' title='bbox 3024 1510 3150 1574; x_wconf 86' lang='grc' dir='ltr'>κύ-</span> 
     </span>
     <span class='ocr_line' id='line_1_12' title="bbox 582 1611 3151 1695; baseline -0.001 -17"><span class='ocrx_word' id='word_1_101' title='bbox 582 1620 874 1695; x_wconf 92' lang='grc' dir='ltr'>διςτος,</span> <span class='ocrx_word' id='word_1_102' title='bbox 921 1611 1253 1692; x_wconf 89' lang='grc' dir='ltr'>ἄριςτος.</span> <span class='ocrx_word' id='word_1_103' title='bbox 1343 1612 1580 1693; x_wconf 88' lang='grc' dir='ltr'>ὁμοίως</span> <span class='ocrx_word' id='word_1_104' title='bbox 1623 1614 1725 1677; x_wconf 90' lang='grc' dir='ltr'>καὶ</span> <span class='ocrx_word' id='word_1_105' title='bbox 1767 1613 1844 1678; x_wconf 90' lang='grc' dir='ltr'>τὸ</span> <span class='ocrx_word' id='word_1_106' title='bbox 1887 1611 2409 1677; x_wconf 87' lang='grc' dir='ltr'>πλατάνιςτος</span> <span class='ocrx_word' id='word_1_107' title='bbox 2464 1611 2595 1677; x_wconf 90' lang='grc' dir='ltr'>ἀπὸ</span> <span class='ocrx_word' id='word_1_108' title='bbox 2650 1615 2766 1677; x_wconf 84' lang='grc' dir='ltr'>τοῦ</span> <span class='ocrx_word' id='word_1_109' title='bbox 2810 1611 3151 1678; x_wconf 89' lang='grc' dir='ltr'>πλάτανος.</span> 
     </span>
    </p>
   </div>
   <div class='ocr_carea' id='block_1_5' title="bbox 480 1729 3152 2530">
    <p class='ocr_par' dir='ltr' id='par_1_5' title="bbox 480 1729 3152 2530">
     <span class='ocr_line' id='line_1_13' title="bbox 748 1729 3151 1812; baseline -0.001 -14"><span class='ocrx_word' id='word_1_110' title='bbox 748 1733 859 1798; x_wconf 67' lang='grc' dir='ltr'>Τὰι</span> <span class='ocrx_word' id='word_1_111' title='bbox 886 1732 974 1798; x_wconf 89' lang='grc' dir='ltr'>εἰς</span> <span class='ocrx_word' id='word_1_112' title='bbox 1018 1736 1133 1798; x_wconf 64' lang='grc' dir='ltr'><strong>’ῑ-’ᾶ</strong></span> <span class='ocrx_word' id='word_1_113' title='bbox 1176 1731 1683 1812; x_wconf 83' lang='grc' dir='ltr'>ύπερδιςύλλαβα</span> <span class='ocrx_word' id='word_1_114' title='bbox 1725 1731 1909 1810; x_wconf 88' lang='grc' dir='ltr'>κύρια</span> <span class='ocrx_word' id='word_1_115' title='bbox 1952 1731 1991 1809; x_wconf 86' lang='grc' dir='ltr'>ἢ</span> <span class='ocrx_word' id='word_1_116' title='bbox 2036 1730 2468 1810; x_wconf 87' lang='grc' dir='ltr'>προςηγορικὰ</span> <span class='ocrx_word' id='word_1_117' title='bbox 2510 1729 3007 1811; x_wconf 89' lang='grc' dir='ltr'>παραληγόμενα</span> <span class='ocrx_word' id='word_1_118' title='bbox 3061 1737 3151 1812; x_wconf 84' lang='grc' dir='ltr'>τῷ</span> 
     </span>
     <span class='ocr_line' id='line_1_14' title="bbox 580 1831 3151 1918; baseline -0.001 -19"><span class='ocrx_word' id='word_1_119' title='bbox 580 1838 623 1899; x_wconf 85' lang='grc' dir='ltr'><strong>ἆ</strong></span> <span class='ocrx_word' id='word_1_120' title='bbox 676 1834 1260 1915; x_wconf 85' lang='grc' dir='ltr'>προπαροξύνεται,</span> <span class='ocrx_word' id='word_1_121' title='bbox 1314 1834 1663 1918; x_wconf 83' lang='grc' dir='ltr'>Ἔλατος,</span> <span class='ocrx_word' id='word_1_122' title='bbox 1720 1834 1845 1914; x_wconf 74' lang='grc' dir='ltr'>ἀφ’</span> <span class='ocrx_word' id='word_1_123' title='bbox 1890 1832 1970 1899; x_wconf 88' lang='grc' dir='ltr'>οὗ</span> <span class='ocrx_word' id='word_1_124' title='bbox 2016 1833 2296 1898; x_wconf 83' lang='grc' dir='ltr'>Ἐλάτεια</span> <span class='ocrx_word' id='word_1_125' title='bbox 2348 1833 2534 1897; x_wconf 89' lang='grc' dir='ltr'>πόλις</span> <span class='ocrx_word' id='word_1_126' title='bbox 2587 1831 2907 1915; x_wconf 82' lang='grc' dir='ltr'>Φωκίδος,</span> <span class='ocrx_word' id='word_1_127' title='bbox 2964 1833 3151 1898; x_wconf 84' lang='grc' dir='ltr'>ὕπα-</span> 
     </span>
     <span class='ocr_line' id='line_1_15' title="bbox 580 1933 3152 2020; baseline -0.001 -18"><span class='ocrx_word' id='word_1_128' title='bbox 580 1958 742 2020; x_wconf 92' lang='grc' dir='ltr'>τος,</span> <span class='ocrx_word' id='word_1_129' title='bbox 798 1937 1110 2019; x_wconf 82' lang='grc' dir='ltr'>ἔνατος,</span> <span class='ocrx_word' id='word_1_130' title='bbox 1164 1936 1493 2002; x_wconf 86' lang='grc' dir='ltr'>Εἴνατος</span> <span class='ocrx_word' id='word_1_131' title='bbox 1558 1937 1744 2002; x_wconf 92' lang='grc' dir='ltr'>πόλις</span> <span class='ocrx_word' id='word_1_132' title='bbox 1806 1936 2079 2017; x_wconf 84' lang='grc' dir='ltr'>Κρήτης,</span> <span class='ocrx_word' id='word_1_133' title='bbox 2149 1936 2237 2000; x_wconf 82' lang='grc' dir='ltr'>ὡς</span> <span class='ocrx_word' id='word_1_134' title='bbox 2292 1933 2542 1999; x_wconf 90' lang='grc' dir='ltr'>Ξενίων</span> <span class='ocrx_word' id='word_1_135' title='bbox 2599 1935 2765 2014; x_wconf 88' lang='grc' dir='ltr'>φηςί.</span> <span class='ocrx_word' id='word_1_136' title='bbox 2850 1936 3016 2000; x_wconf 73' lang='grc' dir='ltr'>τινες</span> <span class='ocrx_word' id='word_1_137' title='bbox 3082 1936 3152 2000; x_wconf 78' lang='grc' dir='ltr'>δὲ</span> 
     </span>
     <span class='ocr_line' id='line_1_16' title="bbox 480 2035 3149 2122; baseline 0.001 -24"><span class='ocrx_word' id='word_1_138' title='bbox 480 2048 542 2099; x_wconf 83' lang='grc'>15</span> <span class='ocrx_word' id='word_1_139' title='bbox 579 2039 735 2118; x_wconf 88' lang='grc' dir='ltr'>ὄρος</span> <span class='ocrx_word' id='word_1_140' title='bbox 780 2040 881 2103; x_wconf 90' lang='grc' dir='ltr'>καὶ</span> <span class='ocrx_word' id='word_1_141' title='bbox 923 2037 1239 2121; x_wconf 87' lang='grc' dir='ltr'>ποταμός,</span> <span class='ocrx_word' id='word_1_142' title='bbox 1285 2038 1356 2103; x_wconf 82' lang='grc' dir='ltr'>έν</span> <span class='ocrx_word' id='word_1_143' title='bbox 1402 2039 1455 2122; x_wconf 86' lang='grc' dir='ltr'>ᾧ</span> <span class='ocrx_word' id='word_1_144' title='bbox 1500 2041 1783 2117; x_wconf 78' lang='grc' dir='ltr'>τιμᾶςθαι</span> <span class='ocrx_word' id='word_1_145' title='bbox 1837 2040 1954 2117; x_wconf 88' lang='grc' dir='ltr'>τὴν</span> <span class='ocrx_word' id='word_1_146' title='bbox 1998 2037 2343 2102; x_wconf 87' lang='grc' dir='ltr'>Εἰλείθυιαν</span> <span class='ocrx_word' id='word_1_147' title='bbox 2387 2035 2691 2114; x_wconf 87' lang='grc' dir='ltr'>Εἰνατίην.</span> <span class='ocrx_word' id='word_1_148' title='bbox 2779 2036 3149 2119; x_wconf 86' lang='grc' dir='ltr'>θάνατος,</span> 
     </span>
     <span class='ocr_line' id='line_1_17' title="bbox 575 2137 3149 2222; baseline -0 -17"><span class='ocrx_word' id='word_1_149' title='bbox 575 2141 896 2219; x_wconf 81' lang='grc' dir='ltr'>Ἔρατος</span> <span class='ocrx_word' id='word_1_150' title='bbox 938 2142 1014 2206; x_wconf 89' lang='grc' dir='ltr'>τὸ</span> <span class='ocrx_word' id='word_1_151' title='bbox 1061 2139 1314 2222; x_wconf 89' lang='grc' dir='ltr'>κύριον,</span> <span class='ocrx_word' id='word_1_152' title='bbox 1360 2139 1636 2219; x_wconf 79' lang='grc' dir='ltr'>ἐρατός</span> <span class='ocrx_word' id='word_1_153' title='bbox 1681 2139 1719 2204; x_wconf 86' lang='grc' dir='ltr'>ὁ</span> <span class='ocrx_word' id='word_1_154' title='bbox 1764 2139 2221 2221; x_wconf 85' lang='grc' dir='ltr'>έπιθυμητικός.</span> <span class='ocrx_word' id='word_1_155' title='bbox 2279 2137 2603 2219; x_wconf 88' lang='grc' dir='ltr'>ἄκατος,</span> <span class='ocrx_word' id='word_1_156' title='bbox 2639 2138 3149 2218; x_wconf 86' lang='grc' dir='ltr'>Ἀμήςτρατος</span> 
     </span>
     <span class='ocr_line' id='line_1_18' title="bbox 576 2239 3149 2326; baseline -0.001 -20"><span class='ocrx_word' id='word_1_157' title='bbox 576 2243 761 2307; x_wconf 88' lang='grc' dir='ltr'>πόλις</span> <span class='ocrx_word' id='word_1_158' title='bbox 806 2241 1097 2315; x_wconf 73' lang='grc' dir='ltr'>(ικελίας.</span> <span class='ocrx_word' id='word_1_159' title='bbox 1143 2241 1634 2320; x_wconf 84' lang='grc' dir='ltr'>Ἀπολλόδωρος</span> <span class='ocrx_word' id='word_1_160' title='bbox 1663 2242 1926 2326; x_wconf 89' lang='grc' dir='ltr'>τετάρτῃ</span> <span class='ocrx_word' id='word_1_161' title='bbox 1956 2246 2289 2321; x_wconf 85' lang='grc' dir='ltr'>χρονικῶν.</span> <span class='ocrx_word' id='word_1_162' title='bbox 2361 2239 2901 2319; x_wconf 88' lang='grc' dir='ltr'>Μυτιςέρατος</span> <span class='ocrx_word' id='word_1_163' title='bbox 2945 2241 3149 2321; x_wconf 88' lang='grc' dir='ltr'>φρού-</span> 
     </span>
     <span class='ocr_line' id='line_1_19' title="bbox 576 2342 3147 2428; baseline -0.001 -20"><span class='ocrx_word' id='word_1_164' title='bbox 576 2364 718 2421; x_wconf 93' lang='grc' dir='ltr'>ριον</span> <span class='ocrx_word' id='word_1_165' title='bbox 764 2343 1056 2409; x_wconf 82' lang='grc' dir='ltr'>(ικελίας.</span> <span class='ocrx_word' id='word_1_166' title='bbox 1141 2343 1428 2409; x_wconf 89' lang='grc' dir='ltr'>Φίλιςτος</span> <span class='ocrx_word' id='word_1_167' title='bbox 1473 2343 1717 2428; x_wconf 86' lang='grc' dir='ltr'>δεκάτῃ.</span> <span class='ocrx_word' id='word_1_168' title='bbox 1808 2344 2338 2422; x_wconf 92' lang='grc' dir='ltr'>Μυτίςτρατος</span> <span class='ocrx_word' id='word_1_169' title='bbox 2393 2342 2729 2421; x_wconf 89' lang='grc' dir='ltr'>πολίχνιον</span> <span class='ocrx_word' id='word_1_170' title='bbox 2788 2343 2934 2420; x_wconf 89' lang='grc' dir='ltr'>περὶ</span> <span class='ocrx_word' id='word_1_171' title='bbox 2993 2342 3147 2421; x_wconf 89' lang='grc' dir='ltr'>Καρ-</span> 
     </span>
     <span class='ocr_line' id='line_1_20' title="bbox 577 2445 1542 2530; baseline -0.003 -18"><span class='ocrx_word' id='word_1_172' title='bbox 577 2446 833 2525; x_wconf 90' lang='grc' dir='ltr'>χηδόνα.</span> <span class='ocrx_word' id='word_1_173' title='bbox 919 2445 1243 2526; x_wconf 87' lang='grc' dir='ltr'>Πολύβιος</span> <span class='ocrx_word' id='word_1_174' title='bbox 1286 2447 1542 2530; x_wconf 82' lang='grc' dir='ltr'>πρώτῳ.</span> 
     </span>
    </p>
   </div>
   <div class='ocr_carea' id='block_1_6' title="bbox 471 2561 3150 3159">
    <p class='ocr_par' dir='ltr' id='par_1_6' title="bbox 474 2561 3150 3057">
     <span class='ocr_line' id='line_1_21' title="bbox 474 2561 3149 2645; baseline 0.002 -21"><span class='ocrx_word' id='word_1_175' title='bbox 474 2574 542 2625; x_wconf 83' lang='grc'>20</span> <span class='ocrx_word' id='word_1_176' title='bbox 743 2564 837 2629; x_wconf 84' lang='grc' dir='ltr'>Τά</span> <span class='ocrx_word' id='word_1_177' title='bbox 881 2565 985 2629; x_wconf 87' lang='grc' dir='ltr'>διὰ</span> <span class='ocrx_word' id='word_1_178' title='bbox 1028 2569 1146 2629; x_wconf 84' lang='grc' dir='ltr'>τοῦ</span> <span class='ocrx_word' id='word_1_179' title='bbox 1191 2567 1343 2629; x_wconf 62' lang='lat' dir='ltr'>‹Tro-c</span> <span class='ocrx_word' id='word_1_180' title='bbox 1386 2566 1760 2645; x_wconf 87' lang='grc' dir='ltr'>παρηγμὲνα</span> <span class='ocrx_word' id='word_1_181' title='bbox 1802 2566 1857 2630; x_wconf 87' lang='grc' dir='ltr'>εἰ</span> <span class='ocrx_word' id='word_1_182' title='bbox 1901 2567 1982 2644; x_wconf 88' lang='grc' dir='ltr'>μὴ</span> <span class='ocrx_word' id='word_1_183' title='bbox 2029 2563 2333 2644; x_wconf 80' lang='grc' dir='ltr'>ῥηματικὰ</span> <span class='ocrx_word' id='word_1_184' title='bbox 2375 2563 2526 2629; x_wconf 87' lang='grc' dir='ltr'>εἰςιν</span> <span class='ocrx_word' id='word_1_185' title='bbox 2582 2561 2714 2629; x_wconf 87' lang='grc' dir='ltr'>ἀπὸ</span> <span class='ocrx_word' id='word_1_186' title='bbox 2773 2566 2904 2629; x_wconf 92' lang='grc' dir='ltr'>τῶν</span> <span class='ocrx_word' id='word_1_187' title='bbox 2949 2563 3038 2629; x_wconf 89' lang='grc' dir='ltr'>εἰς</span> <span class='ocrx_word' id='word_1_188' title='bbox 3080 2568 3149 2642; x_wconf 65' lang='lat' dir='ltr'>ist</span> 
     </span>
     <span class='ocr_line' id='line_1_22' title="bbox 577 2665 3146 2748; baseline 0.001 -19"><span class='ocrx_word' id='word_1_189' title='bbox 577 2667 941 2748; x_wconf 88' lang='grc' dir='ltr'>ληγόντων,</span> <span class='ocrx_word' id='word_1_190' title='bbox 985 2666 1024 2744; x_wconf 86' lang='grc' dir='ltr'>ἢ</span> <span class='ocrx_word' id='word_1_191' title='bbox 1070 2665 1200 2732; x_wconf 88' lang='grc' dir='ltr'>ἀπὸ</span> <span class='ocrx_word' id='word_1_192' title='bbox 1247 2667 1545 2747; x_wconf 83' lang='grc' dir='ltr'>δευτέρας</span> <span class='ocrx_word' id='word_1_193' title='bbox 1590 2668 1878 2745; x_wconf 86' lang='grc' dir='ltr'>ςυζυγίας</span> <span class='ocrx_word' id='word_1_194' title='bbox 1920 2672 2050 2732; x_wconf 87' lang='grc' dir='ltr'>τῶν</span> <span class='ocrx_word' id='word_1_195' title='bbox 2081 2667 2580 2745; x_wconf 88' lang='grc' dir='ltr'>περιςπωμένων</span> <span class='ocrx_word' id='word_1_196' title='bbox 2617 2667 3146 2746; x_wconf 88' lang='grc' dir='ltr'>προπαροξύνον-</span> 
     </span>
     <span class='ocr_line' id='line_1_23' title="bbox 575 2768 3146 2853; baseline 0.001 -20"><span class='ocrx_word' id='word_1_197' title='bbox 575 2790 705 2853; x_wconf 89' lang='grc' dir='ltr'>ται,</span> <span class='ocrx_word' id='word_1_198' title='bbox 751 2769 1111 2852; x_wconf 86' lang='grc' dir='ltr'>μὲςατος,</span> <span class='ocrx_word' id='word_1_199' title='bbox 1154 2769 1542 2852; x_wconf 86' lang='grc' dir='ltr'>πύματος,</span> <span class='ocrx_word' id='word_1_200' title='bbox 1588 2768 2012 2851; x_wconf 90' lang='grc' dir='ltr'>ὀγδόατος,</span> <span class='ocrx_word' id='word_1_201' title='bbox 2058 2769 2453 2850; x_wconf 90' lang='grc' dir='ltr'>τρίτατος,</span> <span class='ocrx_word' id='word_1_202' title='bbox 2510 2768 2917 2851; x_wconf 83' lang='grc' dir='ltr'>τέτρατος,</span> <span class='ocrx_word' id='word_1_203' title='bbox 2972 2769 3146 2835; x_wconf 85' lang='grc' dir='ltr'>νέα-</span> 
     </span>
     <span class='ocr_line' id='line_1_24' title="bbox 574 2870 3150 2955; baseline 0 -19"><span class='ocrx_word' id='word_1_204' title='bbox 574 2893 701 2937; x_wconf 93' lang='grc' dir='ltr'>τος.</span> <span class='ocrx_word' id='word_1_205' title='bbox 788 2873 862 2937; x_wconf 90' lang='grc' dir='ltr'>τὸ</span> <span class='ocrx_word' id='word_1_206' title='bbox 907 2872 1123 2951; x_wconf 88' lang='grc' dir='ltr'>μέντοι</span> <span class='ocrx_word' id='word_1_207' title='bbox 1168 2871 1476 2955; x_wconf 79' lang='grc' dir='ltr'>ἐρατός,</span> <span class='ocrx_word' id='word_1_208' title='bbox 1522 2872 1799 2937; x_wconf 85' lang='grc' dir='ltr'>έλατός</span> <span class='ocrx_word' id='word_1_209' title='bbox 1846 2871 2150 2939; x_wconf 86' lang='grc' dir='ltr'>ὀξύνεται.</span> <span class='ocrx_word' id='word_1_210' title='bbox 2241 2871 2542 2937; x_wconf 84' lang='grc' dir='ltr'>ὡςαύτως</span> <span class='ocrx_word' id='word_1_211' title='bbox 2597 2873 2669 2936; x_wconf 76' lang='grc' dir='ltr'>δὲ</span> <span class='ocrx_word' id='word_1_212' title='bbox 2714 2870 3003 2940; x_wconf 84' lang='grc' dir='ltr'>ὀξύνεται</span> <span class='ocrx_word' id='word_1_213' title='bbox 3047 2874 3150 2937; x_wconf 86' lang='grc' dir='ltr'>καὶ</span> 
     </span>
     <span class='ocr_line' id='line_1_25' title="bbox 573 2972 3147 3057; baseline 0 -19"><span class='ocrx_word' id='word_1_214' title='bbox 573 2975 653 3056; x_wconf 83' lang='grc' dir='ltr'>τὰ</span> <span class='ocrx_word' id='word_1_215' title='bbox 696 2973 827 3038; x_wconf 88' lang='grc' dir='ltr'>ἀπὸ</span> <span class='ocrx_word' id='word_1_216' title='bbox 872 2977 982 3052; x_wconf 86' lang='grc' dir='ltr'>τῆς</span> <span class='ocrx_word' id='word_1_217' title='bbox 1026 2974 1326 3053; x_wconf 82' lang='grc' dir='ltr'>δευτέρας</span> <span class='ocrx_word' id='word_1_218' title='bbox 1370 2975 1656 3050; x_wconf 86' lang='grc' dir='ltr'>ςυζυγίας</span> <span class='ocrx_word' id='word_1_219' title='bbox 1698 2979 1828 3039; x_wconf 89' lang='grc' dir='ltr'>τῶν</span> <span class='ocrx_word' id='word_1_220' title='bbox 1874 2973 2371 3054; x_wconf 87' lang='grc' dir='ltr'>περιςπωμένων</span> <span class='ocrx_word' id='word_1_221' title='bbox 2417 2974 2657 3053; x_wconf 85' lang='grc' dir='ltr'>μακρὸν</span> <span class='ocrx_word' id='word_1_222' title='bbox 2687 2972 2923 3052; x_wconf 86' lang='grc' dir='ltr'>ἔχοντα</span> <span class='ocrx_word' id='word_1_223' title='bbox 2965 2974 3040 3039; x_wconf 85' lang='grc' dir='ltr'>τὸ</span> <span class='ocrx_word' id='word_1_224' title='bbox 3084 2977 3147 3057; x_wconf 74' lang='grc' dir='ltr'>ἃ,</span> 
     </span>
    </p>

    <p class='ocr_par' dir='ltr' id='par_1_7' title="bbox 471 3075 2003 3159">
     <span class='ocr_line' id='line_1_26' title="bbox 471 3075 2003 3159; baseline 0.003 -22"><span class='ocrx_word' id='word_1_225' title='bbox 471 3086 538 3136; x_wconf 78' lang='lat'>25</span> <span class='ocrx_word' id='word_1_226' title='bbox 575 3076 941 3156; x_wconf 90' lang='grc' dir='ltr'>περατός,</span> <span class='ocrx_word' id='word_1_227' title='bbox 987 3075 1297 3158; x_wconf 89' lang='grc' dir='ltr'>θεατός,</span> <span class='ocrx_word' id='word_1_228' title='bbox 1343 3076 1721 3159; x_wconf 88' lang='grc' dir='ltr'>φυρατός,</span> <span class='ocrx_word' id='word_1_229' title='bbox 1767 3076 2003 3142; x_wconf 85' lang='grc' dir='ltr'>ἰατός.</span> 
     </span>
    </p>
   </div>
   <div class='ocr_carea' id='block_1_7' title="bbox 472 3192 3149 3890">
    <p class='ocr_par' dir='ltr' id='par_1_8' title="bbox 572 3192 3149 3584">
     <span class='ocr_line' id='line_1_27' title="bbox 741 3192 3149 3280; baseline 0 -21"><span class='ocrx_word' id='word_1_230' title='bbox 741 3194 835 3259; x_wconf 87' lang='grc' dir='ltr'>Τὰ</span> <span class='ocrx_word' id='word_1_231' title='bbox 879 3193 967 3259; x_wconf 86' lang='grc' dir='ltr'>εἰς</span> <span class='ocrx_word' id='word_1_232' title='bbox 1009 3197 1160 3260; x_wconf 54' lang='lat' dir='ltr'>{fb}</span> <span class='ocrx_word' id='word_1_233' title='bbox 1200 3195 1580 3275; x_wconf 85' lang='grc' dir='ltr'>τριςύλλαβα</span> <span class='ocrx_word' id='word_1_234' title='bbox 1608 3194 1845 3273; x_wconf 80' lang='grc' dir='ltr'>ἔχοντα</span> <span class='ocrx_word' id='word_1_235' title='bbox 1887 3195 1962 3260; x_wconf 89' lang='grc' dir='ltr'>τὸ</span> <span class='ocrx_word' id='word_1_236' title='bbox 2007 3198 2042 3259; x_wconf 80' lang='grc' dir='ltr'>ἒ</span> <span class='ocrx_word' id='word_1_237' title='bbox 2083 3194 2153 3260; x_wconf 81' lang='grc' dir='ltr'>ἐν</span> <span class='ocrx_word' id='word_1_238' title='bbox 2197 3200 2272 3280; x_wconf 81' lang='grc' dir='ltr'>τῇ</span> <span class='ocrx_word' id='word_1_239' title='bbox 2301 3194 2476 3277; x_wconf 87' lang='grc' dir='ltr'>τρίτῃ</span> <span class='ocrx_word' id='word_1_240' title='bbox 2520 3192 2651 3259; x_wconf 88' lang='grc' dir='ltr'>ἀπὸ</span> <span class='ocrx_word' id='word_1_241' title='bbox 2696 3194 2923 3262; x_wconf 88' lang='grc' dir='ltr'>τέλους</span> <span class='ocrx_word' id='word_1_242' title='bbox 2966 3194 3149 3273; x_wconf 89' lang='grc' dir='ltr'>κύρια</span> 
     </span>
     <span class='ocr_line' id='line_1_28' title="bbox 572 3295 3146 3379; baseline 0 -17"><span class='ocrx_word' id='word_1_243' title='bbox 572 3296 731 3362; x_wconf 89' lang='grc' dir='ltr'>ὄντα</span> <span class='ocrx_word' id='word_1_244' title='bbox 774 3297 877 3359; x_wconf 90' lang='grc' dir='ltr'>καὶ</span> <span class='ocrx_word' id='word_1_245' title='bbox 918 3298 1350 3375; x_wconf 88' lang='grc' dir='ltr'>προςηγορικὰ</span> <span class='ocrx_word' id='word_1_246' title='bbox 1393 3297 1966 3379; x_wconf 89' lang='grc' dir='ltr'>προπαροξύνεται,</span> <span class='ocrx_word' id='word_1_247' title='bbox 2015 3298 2368 3362; x_wconf 87' lang='grc' dir='ltr'>Νέπετος</span> <span class='ocrx_word' id='word_1_248' title='bbox 2411 3296 2599 3361; x_wconf 91' lang='grc' dir='ltr'>πόλις</span> <span class='ocrx_word' id='word_1_249' title='bbox 2643 3295 2914 3362; x_wconf 87' lang='grc' dir='ltr'>Ἰταλίας.</span> <span class='ocrx_word' id='word_1_250' title='bbox 2986 3297 3146 3363; x_wconf 89' lang='grc' dir='ltr'>Διο-</span> 
     </span>
     <span class='ocr_line' id='line_1_29' title="bbox 572 3397 3145 3482; baseline 0.001 -20"><span class='ocrx_word' id='word_1_251' title='bbox 572 3398 787 3464; x_wconf 89' lang='grc' dir='ltr'>νύςιος</span> <span class='ocrx_word' id='word_1_252' title='bbox 851 3399 1315 3482; x_wconf 87' lang='grc' dir='ltr'>τριςκαιδεκάτῃ</span> <span class='ocrx_word' id='word_1_253' title='bbox 1370 3398 1714 3479; x_wconf 86' lang='grc' dir='ltr'>Ῥωμαϊκῆς</span> <span class='ocrx_word' id='word_1_254' title='bbox 1768 3397 2237 3479; x_wconf 90' lang='grc' dir='ltr'>ἀρχαιολογίας.</span> <span class='ocrx_word' id='word_1_255' title='bbox 2319 3398 2662 3480; x_wconf 80' lang='grc' dir='ltr'>Ἔχετος,</span> <span class='ocrx_word' id='word_1_256' title='bbox 2717 3398 3145 3482; x_wconf 89' lang='grc' dir='ltr'>Δέρκετος,</span> 
     </span>
     <span class='ocr_line' id='line_1_30' title="bbox 578 3499 3146 3584; baseline 0.001 -20"><span class='ocrx_word' id='word_1_257' title='bbox 578 3499 925 3565; x_wconf 88' lang='grc' dir='ltr'>Μένετος</span> <span class='ocrx_word' id='word_1_258' title='bbox 967 3500 1042 3564; x_wconf 88' lang='grc' dir='ltr'>τὸ</span> <span class='ocrx_word' id='word_1_259' title='bbox 1087 3501 1339 3584; x_wconf 89' lang='grc' dir='ltr'>κύριον,</span> <span class='ocrx_word' id='word_1_260' title='bbox 1397 3502 1720 3580; x_wconf 89' lang='grc' dir='ltr'>μενετός</span> <span class='ocrx_word' id='word_1_261' title='bbox 1775 3502 1851 3566; x_wconf 89' lang='grc' dir='ltr'>τὸ</span> <span class='ocrx_word' id='word_1_262' title='bbox 1910 3501 2217 3566; x_wconf 85' lang='grc' dir='ltr'>ἐπίθετον.</span> <span class='ocrx_word' id='word_1_263' title='bbox 2305 3499 2558 3565; x_wconf 88' lang='grc' dir='ltr'>τούτοις</span> <span class='ocrx_word' id='word_1_264' title='bbox 2610 3500 3000 3580; x_wconf 85' lang='grc' dir='ltr'>ἠκολούθηςε</span> <span class='ocrx_word' id='word_1_265' title='bbox 3045 3503 3146 3567; x_wconf 86' lang='grc' dir='ltr'>καὶ</span> 
     </span>
    </p>

    <p class='ocr_par' dir='ltr' id='par_1_9' title="bbox 472 3601 3144 3890">
     <span class='ocr_line' id='line_1_31' title="bbox 472 3601 3144 3682; baseline 0.003 -22"><span class='ocrx_word' id='word_1_266' title='bbox 472 3611 538 3660; x_wconf 82' lang='lat'>30</span> <span class='ocrx_word' id='word_1_267' title='bbox 571 3603 647 3667; x_wconf 88' lang='grc' dir='ltr'>τὸ</span> <span class='ocrx_word' id='word_1_268' title='bbox 703 3602 984 3681; x_wconf 85' lang='grc' dir='ltr'>ἔμετος</span> <span class='ocrx_word' id='word_1_269' title='bbox 1051 3602 1140 3667; x_wconf 81' lang='grc' dir='ltr'>ὡς</span> <span class='ocrx_word' id='word_1_270' title='bbox 1205 3602 1360 3681; x_wconf 87' lang='grc' dir='ltr'>ἔχον</span> <span class='ocrx_word' id='word_1_271' title='bbox 1415 3603 1490 3667; x_wconf 89' lang='grc' dir='ltr'>τὸ</span> <span class='ocrx_word' id='word_1_272' title='bbox 1545 3606 1577 3666; x_wconf 77' lang='grc' dir='ltr'>ἒ</span> <span class='ocrx_word' id='word_1_273' title='bbox 1632 3603 1844 3682; x_wconf 87' lang='grc' dir='ltr'>ὥςπερ</span> <span class='ocrx_word' id='word_1_274' title='bbox 1900 3603 1978 3667; x_wconf 86' lang='grc' dir='ltr'>τὰ</span> <span class='ocrx_word' id='word_1_275' title='bbox 2033 3601 2185 3667; x_wconf 88' lang='grc' dir='ltr'>ἄνω.</span> <span class='ocrx_word' id='word_1_276' title='bbox 2274 3602 2667 3682; x_wconf 91' lang='grc' dir='ltr'>ςεςημείωται</span> <span class='ocrx_word' id='word_1_277' title='bbox 2723 3602 2798 3666; x_wconf 88' lang='grc' dir='ltr'>τὸ</span> <span class='ocrx_word' id='word_1_278' title='bbox 2845 3603 3144 3669; x_wconf 83' lang='grc' dir='ltr'>Ἐνετός</span> 
     </span>
     <span class='ocr_line' id='line_1_32' title="bbox 573 3703 3142 3787; baseline 0.002 -20"><span class='ocrx_word' id='word_1_279' title='bbox 573 3703 760 3768; x_wconf 83' lang='grc' dir='ltr'>ἔθνος</span> <span class='ocrx_word' id='word_1_280' title='bbox 801 3704 1267 3783; x_wconf 84' lang='grc' dir='ltr'>Παφλαγονίας</span> <span class='ocrx_word' id='word_1_281' title='bbox 1312 3703 1720 3783; x_wconf 85' lang='grc' dir='ltr'>ὀξυνόμενον.</span> <span class='ocrx_word' id='word_1_282' title='bbox 1806 3704 2091 3784; x_wconf 87' lang='grc' dir='ltr'>Ὅμηρος</span> <span class='ocrx_word' id='word_1_283' title='bbox 2147 3703 2251 3770; x_wconf 80' lang='grc' dir='ltr'>«ἐξ</span> <span class='ocrx_word' id='word_1_284' title='bbox 2298 3705 2594 3787; x_wconf 84' lang='grc' dir='ltr'>Ἐνετῶν,</span> <span class='ocrx_word' id='word_1_285' title='bbox 2651 3704 2802 3770; x_wconf 86' lang='grc' dir='ltr'>ὅθεν</span> <span class='ocrx_word' id='word_1_286' title='bbox 2859 3705 3142 3784; x_wconf 88' lang='grc' dir='ltr'>ἡμιόνων</span> 
     </span>
     <span class='ocr_line' id='line_1_33' title="bbox 572 3802 3141 3890; baseline 0.001 -20"><span class='ocrx_word' id='word_1_287' title='bbox 572 3806 762 3882; x_wconf 87' lang='grc' dir='ltr'>γένος</span> <span class='ocrx_word' id='word_1_288' title='bbox 809 3805 1265 3885; x_wconf 83' lang='grc' dir='ltr'>ἀγροτεράων»</span> <span class='ocrx_word' id='word_1_289' title='bbox 1311 3802 1419 3889; x_wconf 90' lang='lat' dir='ltr'><strong>(ll.</strong></span> <span class='ocrx_word' id='word_1_290' title='bbox 1467 3806 1513 3869; x_wconf 91' lang='grc' dir='ltr'>Β</span> <span class='ocrx_word' id='word_1_291' title='bbox 1558 3805 1725 3889; x_wconf 82' lang='lat'>852).</span> <span class='ocrx_word' id='word_1_292' title='bbox 1825 3807 1905 3871; x_wconf 87' lang='grc' dir='ltr'>τὰ</span> <span class='ocrx_word' id='word_1_293' title='bbox 1959 3808 2031 3872; x_wconf 79' lang='grc' dir='ltr'>δὲ</span> <span class='ocrx_word' id='word_1_294' title='bbox 2085 3805 2321 3885; x_wconf 82' lang='grc' dir='ltr'>ἔχοντα</span> <span class='ocrx_word' id='word_1_295' title='bbox 2372 3806 2447 3871; x_wconf 88' lang='grc' dir='ltr'>τὸ</span> <span class='ocrx_word' id='word_1_296' title='bbox 2492 3809 2535 3870; x_wconf 77' lang='grc' dir='ltr'><strong><em>ἃ</em></strong></span> <span class='ocrx_word' id='word_1_297' title='bbox 2588 3805 2855 3890; x_wconf 85' lang='grc' dir='ltr'>ὁμοίως,</span> <span class='ocrx_word' id='word_1_298' title='bbox 2912 3805 3141 3887; x_wconf 81' lang='grc' dir='ltr'>ἄργε-</span> 
     </span>
    </p>
   </div>
   <div class='ocr_carea' id='block_1_8' title="bbox 1025 1411 1210 1422">
    <p class='ocr_par' dir='ltr' id='par_1_10' title="bbox 1025 1411 1210 1422">
     <span class='ocr_line' id='line_1_34' title="bbox 1025 1411 1210 1422; baseline 0 0"><span class='ocrx_word' id='word_1_299' title='bbox 1025 1411 1210 1422; x_wconf 95' lang='lat' dir='ltr'> </span> 
     </span>
    </p>
   </div>
   <div class='ocr_carea' id='block_1_9' title="bbox 572 3996 974 4007">
    <p class='ocr_par' dir='ltr' id='par_1_11' title="bbox 572 3996 974 4007">
     <span class='ocr_line' id='line_1_35' title="bbox 572 3996 974 4007; baseline 0 0"><span class='ocrx_word' id='word_1_300' title='bbox 572 3996 974 4007; x_wconf 95' lang='lat' dir='ltr'> </span> 
     </span>
    </p>
   </div>
   <div class='ocr_carea' id='block_1_10' title="bbox 568 4146 3143 4965">
    <p class='ocr_par' dir='ltr' id='par_1_12' title="bbox 568 4146 3143 4965">
     <span class='ocr_line' id='line_1_36' title="bbox 574 4146 3141 4215; baseline 0.001 -17"><span class='ocrx_word' id='word_1_301' title='bbox 574 4149 651 4198; x_wconf 80' lang='lat' dir='ltr'>St.</span> <span class='ocrx_word' id='word_1_302' title='bbox 689 4150 750 4199; x_wconf 91' lang='lat' dir='ltr'>B.</span> <span class='ocrx_word' id='word_1_303' title='bbox 789 4149 993 4214; x_wconf 78' lang='lat' dir='ltr'><strong>recepi;</strong></span> <span class='ocrx_word' id='word_1_304' title='bbox 1031 4148 1067 4198; x_wconf 91' lang='lat'>1.</span> <span class='ocrx_word' id='word_1_305' title='bbox 1100 4151 1132 4197; x_wconf 76' lang='lat'><strong>2</strong></span> <span class='ocrx_word' id='word_1_306' title='bbox 1168 4146 1262 4200; x_wconf 81' lang='grc' dir='ltr'>ἐπὶ</span> <span class='ocrx_word' id='word_1_307' title='bbox 1297 4164 1413 4200; x_wconf 83' lang='lat' dir='ltr'>cum</span> <span class='ocrx_word' id='word_1_308' title='bbox 1453 4147 1756 4199; x_wconf 79' lang='lat' dir='ltr'><strong>Schmidtio</strong></span> <span class='ocrx_word' id='word_1_309' title='bbox 1793 4153 1925 4201; x_wconf 75' lang='lat' dir='ltr'><strong>ante</strong></span> <span class='ocrx_word' id='word_1_310' title='bbox 1960 4147 2193 4213; x_wconf 77' lang='grc' dir='ltr'>ἀριθμοί)</span> <span class='ocrx_word' id='word_1_311' title='bbox 2231 4150 2453 4201; x_wconf 76' lang='lat' dir='ltr'>inserui.</span> <span class='ocrx_word' id='word_1_312' title='bbox 2543 4181 2551 4192; x_wconf 39' lang='grc' dir='ltr'>κ</span> <span class='ocrx_word' id='word_1_313' title='bbox 2657 4150 2691 4200; x_wconf 88' lang='lat' dir='ltr'>l.</span> <span class='ocrx_word' id='word_1_314' title='bbox 2729 4152 2762 4200; x_wconf 85' lang='lat'>4</span> <span class='ocrx_word' id='word_1_315' title='bbox 2807 4165 2903 4215; x_wconf 85' lang='lat' dir='ltr'>pro</span> <span class='ocrx_word' id='word_1_316' title='bbox 2939 4148 3141 4215; x_wconf 83' lang='grc' dir='ltr'>ῥύττος</span> 
     </span>
     <span class='ocr_line' id='line_1_37' title="bbox 570 4215 3141 4284; baseline 0.002 -18"><span class='ocrx_word' id='word_1_317' title='bbox 570 4233 638 4266; x_wconf 79' lang='lat' dir='ltr'>ex</span> <span class='ocrx_word' id='word_1_318' title='bbox 675 4216 753 4267; x_wconf 85' lang='lat' dir='ltr'>St.</span> <span class='ocrx_word' id='word_1_319' title='bbox 781 4218 852 4267; x_wconf 85' lang='lat' dir='ltr'>B.</span> <span class='ocrx_word' id='word_1_320' title='bbox 887 4234 933 4268; x_wconf 76' lang='grc' dir='ltr'>ε.</span> <span class='ocrx_word' id='word_1_321' title='bbox 971 4215 1184 4268; x_wconf 87' lang='grc' dir='ltr'>Λύκτος</span> <span class='ocrx_word' id='word_1_322' title='bbox 1231 4218 1390 4283; x_wconf 84' lang='lat' dir='ltr'>posui</span> <span class='ocrx_word' id='word_1_323' title='bbox 1435 4216 1663 4280; x_wconf 87' lang='grc' dir='ltr'>λύττος,</span> <span class='ocrx_word' id='word_1_324' title='bbox 1709 4218 1898 4269; x_wconf 79' lang='lat' dir='ltr'><strong>Iacobi</strong></span> <span class='ocrx_word' id='word_1_325' title='bbox 1945 4234 2013 4268; x_wconf 78' lang='lat' dir='ltr'>ex</span> <span class='ocrx_word' id='word_1_326' title='bbox 2048 4217 2216 4268; x_wconf 80' lang='lat' dir='ltr'>Arist.</span> <span class='ocrx_word' id='word_1_327' title='bbox 2250 4219 2390 4284; x_wconf 89' lang='lat' dir='ltr'>qu.</span> <span class='ocrx_word' id='word_1_328' title='bbox 2426 4220 2524 4270; x_wconf 82' lang='lat'>874</span> <span class='ocrx_word' id='word_1_329' title='bbox 2564 4216 2800 4281; x_wconf 87' lang='grc' dir='ltr'>Γρύττος</span> <span class='ocrx_word' id='word_1_330' title='bbox 2838 4222 2894 4268; x_wconf 79' lang='lat' dir='ltr'>et</span> <span class='ocrx_word' id='word_1_331' title='bbox 2930 4216 3141 4271; x_wconf 78' lang='grc' dir='ltr'>Βάττος</span> 
     </span>
     <span class='ocr_line' id='line_1_38' title="bbox 569 4283 3143 4352; baseline 0.002 -19"><span class='ocrx_word' id='word_1_332' title='bbox 569 4300 688 4333; x_wconf 75' lang='lat' dir='ltr'>cum</span> <span class='ocrx_word' id='word_1_333' title='bbox 737 4284 1037 4335; x_wconf 71' lang='lat' dir='ltr'><strong>Schmidtio</strong></span> <span class='ocrx_word' id='word_1_334' title='bbox 1081 4301 1176 4350; x_wconf 85' lang='lat' dir='ltr'>pro</span> <span class='ocrx_word' id='word_1_335' title='bbox 1225 4283 1463 4350; x_wconf 86' lang='grc' dir='ltr'>Κάττος,</span> <span class='ocrx_word' id='word_1_336' title='bbox 1510 4286 1692 4351; x_wconf 81' lang='lat' dir='ltr'><strong>potuit</strong></span> <span class='ocrx_word' id='word_1_337' title='bbox 1738 4286 1906 4336; x_wconf 75' lang='lat' dir='ltr'><strong>etiam</strong></span> <span class='ocrx_word' id='word_1_338' title='bbox 1960 4301 2079 4336; x_wconf 83' lang='lat' dir='ltr'>cum</span> <span class='ocrx_word' id='word_1_339' title='bbox 2135 4286 2324 4337; x_wconf 75' lang='lat' dir='ltr'>Iac-,obi</span> <span class='ocrx_word' id='word_1_340' title='bbox 2379 4302 2445 4337; x_wconf 79' lang='lat' dir='ltr'>ex</span> <span class='ocrx_word' id='word_1_341' title='bbox 2494 4286 2675 4338; x_wconf 77' lang='lat' dir='ltr'>Strab.</span> <span class='ocrx_word' id='word_1_342' title='bbox 2719 4301 2771 4352; x_wconf 87' lang='lat' dir='ltr'>p.</span> <span class='ocrx_word' id='word_1_343' title='bbox 2817 4289 2918 4338; x_wconf 78' lang='lat'>291</span> <span class='ocrx_word' id='word_1_344' title='bbox 2975 4287 3143 4337; x_wconf 79' lang='lat' dir='ltr'>scribi</span> 
     </span>
     <span class='ocr_line' id='line_1_39' title="bbox 570 4348 3143 4422; baseline 0 -19"><span class='ocrx_word' id='word_1_345' title='bbox 570 4348 800 4404; x_wconf 87' lang='grc' dir='ltr'>Χάττος.</span> <span class='ocrx_word' id='word_1_346' title='bbox 872 4351 1140 4418; x_wconf 80' lang='grc' dir='ltr'>Βρέττος,</span> <span class='ocrx_word' id='word_1_347' title='bbox 1178 4350 1438 4418; x_wconf 79' lang='grc' dir='ltr'>(φῆττος</span> <span class='ocrx_word' id='word_1_348' title='bbox 1475 4361 1532 4404; x_wconf 76' lang='lat' dir='ltr'>et</span> <span class='ocrx_word' id='word_1_349' title='bbox 1567 4351 1829 4422; x_wconf 72' lang='grc' dir='ltr'>ςφηττός</span> <span class='ocrx_word' id='word_1_350' title='bbox 1867 4354 2045 4404; x_wconf 79' lang='lat' dir='ltr'><strong>adieci</strong></span> <span class='ocrx_word' id='word_1_351' title='bbox 2083 4369 2151 4403; x_wconf 78' lang='lat' dir='ltr'>ox</span> <span class='ocrx_word' id='word_1_352' title='bbox 2187 4354 2268 4408; x_wconf 80' lang='lat' dir='ltr'>St.</span> <span class='ocrx_word' id='word_1_353' title='bbox 2304 4356 2368 4405; x_wconf 90' lang='grc' dir='ltr'>Β.</span> <span class='ocrx_word' id='word_1_354' title='bbox 2574 4355 2610 4405; x_wconf 90' lang='lat' dir='ltr'>l.</span> <span class='ocrx_word' id='word_1_355' title='bbox 2650 4356 2710 4413; x_wconf 73' lang='lat'>12</span> <span class='ocrx_word' id='word_1_356' title='bbox 2746 4370 2924 4405; x_wconf 76' lang='lat' dir='ltr'>canon</span> <span class='ocrx_word' id='word_1_357' title='bbox 2960 4361 3143 4406; x_wconf 74' lang='lat' dir='ltr'><strong>exstat</strong></span> 
     </span>
     <span class='ocr_line' id='line_1_40' title="bbox 568 4419 3142 4487; baseline 0.002 -17"><span class='ocrx_word' id='word_1_358' title='bbox 568 4421 736 4470; x_wconf 78' lang='lat' dir='ltr'><strong>etiam</strong></span> <span class='ocrx_word' id='word_1_359' title='bbox 770 4422 826 4470; x_wconf 86' lang='lat' dir='ltr'>in</span> <span class='ocrx_word' id='word_1_360' title='bbox 865 4420 1061 4471; x_wconf 78' lang='lat' dir='ltr'>Choer.</span> <span class='ocrx_word' id='word_1_361' title='bbox 1095 4423 1275 4486; x_wconf 86' lang='lat' dir='ltr'><strong>Epim.</strong></span> <span class='ocrx_word' id='word_1_362' title='bbox 1314 4423 1370 4473; x_wconf 86' lang='lat' dir='ltr'>in</span> <span class='ocrx_word' id='word_1_363' title='bbox 1410 4423 1605 4472; x_wconf 78' lang='lat' dir='ltr'><strong>Psalm.</strong></span> <span class='ocrx_word' id='word_1_364' title='bbox 1648 4427 1768 4484; x_wconf 86' lang='lat'>110,</span> <span class='ocrx_word' id='word_1_365' title='bbox 1803 4425 1896 4472; x_wconf 75' lang='lat'>⁶22:</span> <span class='ocrx_word' id='word_1_366' title='bbox 1932 4422 2005 4474; x_wconf 88' lang='grc' dir='ltr'>τὰ</span> <span class='ocrx_word' id='word_1_367' title='bbox 2040 4419 2119 4474; x_wconf 82' lang='grc' dir='ltr'>εἰς</span> <span class='ocrx_word' id='word_1_368' title='bbox 2155 4426 2252 4474; x_wconf 63' lang='grc' dir='ltr'>τῖς</span> <span class='ocrx_word' id='word_1_369' title='bbox 2289 4421 2537 4485; x_wconf 87' lang='grc' dir='ltr'>λήγοντα</span> <span class='ocrx_word' id='word_1_370' title='bbox 2572 4421 2827 4485; x_wconf 88' lang='grc' dir='ltr'>ὀνόματα</span> <span class='ocrx_word' id='word_1_371' title='bbox 2861 4421 3006 4487; x_wconf 81' lang='grc' dir='ltr'>ὑπὲρ</span> <span class='ocrx_word' id='word_1_372' title='bbox 3041 4422 3142 4475; x_wconf 84' lang='grc' dir='ltr'>δύο</span> 
     </span>
     <span class='ocr_line' id='line_1_41' title="bbox 570 4487 3138 4556; baseline 0.002 -17"><span class='ocrx_word' id='word_1_373' title='bbox 570 4487 841 4551; x_wconf 85' lang='grc' dir='ltr'>ςυλλαβάς</span> <span class='ocrx_word' id='word_1_374' title='bbox 875 4491 960 4554; x_wconf 82' lang='grc' dir='ltr'>τῷ</span> <span class='ocrx_word' id='word_1_375' title='bbox 997 4491 1034 4539; x_wconf 80' lang='grc' dir='ltr'><strong>ἂ</strong></span> <span class='ocrx_word' id='word_1_376' title='bbox 1070 4490 1506 4554; x_wconf 87' lang='grc' dir='ltr'>παραληγόμενα</span> <span class='ocrx_word' id='word_1_377' title='bbox 1542 4490 2027 4555; x_wconf 83' lang='grc' dir='ltr'>προπαροξύνεται</span> <span class='ocrx_word' id='word_1_378' title='bbox 2063 4487 2188 4541; x_wconf 81' lang='grc' dir='ltr'>οἷον</span> <span class='ocrx_word' id='word_1_379' title='bbox 2213 4489 2473 4553; x_wconf 81' lang='grc' dir='ltr'>ἐννατος,</span> <span class='ocrx_word' id='word_1_380' title='bbox 2511 4488 2717 4542; x_wconf 81' lang='grc' dir='ltr'>ἄκατος</span> <span class='ocrx_word' id='word_1_381' title='bbox 2745 4491 2863 4556; x_wconf 85' lang='lat' dir='ltr'>(pro</span> <span class='ocrx_word' id='word_1_382' title='bbox 2886 4488 3138 4556; x_wconf 79' lang='grc' dir='ltr'>ἄκακος),</span> 
     </span>
     <span class='ocr_line' id='line_1_42' title="bbox 569 4553 3139 4624; baseline 0.002 -19"><span class='ocrx_word' id='word_1_383' title='bbox 569 4553 827 4620; x_wconf 86' lang='grc' dir='ltr'>ἄκρατος.</span> <span class='ocrx_word' id='word_1_384' title='bbox 871 4585 936 4592; x_wconf 87' lang='lat'>—-</span> <span class='ocrx_word' id='word_1_385' title='bbox 983 4556 1214 4609; x_wconf 83' lang='grc' dir='ltr'>Ἔλατος</span> <span class='ocrx_word' id='word_1_386' title='bbox 1260 4558 1476 4624; x_wconf 80' lang='lat' dir='ltr'>explevi</span> <span class='ocrx_word' id='word_1_387' title='bbox 1522 4575 1588 4608; x_wconf 85' lang='lat' dir='ltr'>ex</span> <span class='ocrx_word' id='word_1_388' title='bbox 1634 4559 1714 4608; x_wconf 76' lang='lat' dir='ltr'>St.</span> <span class='ocrx_word' id='word_1_389' title='bbox 1762 4560 1852 4620; x_wconf 86' lang='lat' dir='ltr'>B.‚</span> <span class='ocrx_word' id='word_1_390' title='bbox 1900 4576 1967 4610; x_wconf 82' lang='lat' dir='ltr'>ex</span> <span class='ocrx_word' id='word_1_391' title='bbox 2014 4559 2199 4610; x_wconf 79' lang='lat' dir='ltr'>eodem</span> <span class='ocrx_word' id='word_1_392' title='bbox 2244 4556 2473 4610; x_wconf 83' lang='grc' dir='ltr'>Εἴνατος</span> <span class='ocrx_word' id='word_1_393' title='bbox 2520 4559 2776 4623; x_wconf 83' lang='lat' dir='ltr'>apposui,</span> <span class='ocrx_word' id='word_1_394' title='bbox 2823 4557 3028 4611; x_wconf 78' lang='grc' dir='ltr'>ἄκατος</span> <span class='ocrx_word' id='word_1_395' title='bbox 3072 4573 3139 4609; x_wconf 83' lang='lat' dir='ltr'>ex</span> 
     </span>
     <span class='ocr_line' id='line_1_43' title="bbox 570 4624 3139 4691; baseline 0.001 -17"><span class='ocrx_word' id='word_1_396' title='bbox 570 4625 767 4674; x_wconf 79' lang='lat' dir='ltr'>Choer.</span> <span class='ocrx_word' id='word_1_397' title='bbox 807 4625 1003 4690; x_wconf 63' lang='lat' dir='ltr'>apim„</span> <span class='ocrx_word' id='word_1_398' title='bbox 1043 4624 1418 4689; x_wconf 84' lang='grc' dir='ltr'>Ἀμήςτρατος</span> <span class='ocrx_word' id='word_1_399' title='bbox 1455 4642 1627 4691; x_wconf 82' lang='lat' dir='ltr'><strong>usque</strong></span> <span class='ocrx_word' id='word_1_400' title='bbox 1673 4625 1742 4676; x_wconf 83' lang='lat' dir='ltr'>ad</span> <span class='ocrx_word' id='word_1_401' title='bbox 1778 4627 1939 4678; x_wconf 78' lang='lat' dir='ltr'><strong>finem</strong></span> <span class='ocrx_word' id='word_1_402' title='bbox 1975 4644 2039 4677; x_wconf 86' lang='lat' dir='ltr'>ex</span> <span class='ocrx_word' id='word_1_403' title='bbox 2078 4627 2157 4678; x_wconf 81' lang='lat' dir='ltr'>St.</span> <span class='ocrx_word' id='word_1_404' title='bbox 2194 4630 2255 4680; x_wconf 92' lang='lat' dir='ltr'>B.</span> <span class='ocrx_word' id='word_1_405' title='bbox 2462 4625 2497 4676; x_wconf 90' lang='lat' dir='ltr'>l.</span> <span class='ocrx_word' id='word_1_406' title='bbox 2536 4629 2600 4675; x_wconf 74' lang='lat'>22</span> <span class='ocrx_word' id='word_1_407' title='bbox 2636 4624 2907 4691; x_wconf 84' lang='grc' dir='ltr'>τέτρατος</span> <span class='ocrx_word' id='word_1_408' title='bbox 2944 4627 3049 4678; x_wconf 79' lang='lat' dir='ltr'><strong>scri</strong></span> <span class='ocrx_word' id='word_1_409' title='bbox 3093 4628 3139 4676; x_wconf 80' lang='lat' dir='ltr'>si</span> 
     </span>
     <span class='ocr_line' id='line_1_44' title="bbox 572 4690 3138 4760; baseline 0.002 -19"><span class='ocrx_word' id='word_1_410' title='bbox 572 4708 668 4756; x_wconf 80' lang='lat' dir='ltr'>pro</span> <span class='ocrx_word' id='word_1_411' title='bbox 702 4690 998 4756; x_wconf 87' lang='grc' dir='ltr'>τέταρτος,</span> <span class='ocrx_word' id='word_1_412' title='bbox 1037 4709 1158 4743; x_wconf 87' lang='lat' dir='ltr'>cum</span> <span class='ocrx_word' id='word_1_413' title='bbox 1195 4693 1492 4744; x_wconf 79' lang='lat' dir='ltr'><strong>Schmidtio</strong></span> <span class='ocrx_word' id='word_1_414' title='bbox 1528 4693 1779 4758; x_wconf 87' lang='grc' dir='ltr'>φυρατός</span> <span class='ocrx_word' id='word_1_415' title='bbox 1815 4711 1915 4760; x_wconf 85' lang='lat' dir='ltr'>pro</span> <span class='ocrx_word' id='word_1_416' title='bbox 1951 4693 2197 4758; x_wconf 59' lang='grc' dir='ltr'>φρατόρ-</span> <span class='ocrx_word' id='word_1_417' title='bbox 2344 4693 2377 4744; x_wconf 90' lang='lat' dir='ltr'>l.</span> <span class='ocrx_word' id='word_1_418' title='bbox 2414 4696 2480 4743; x_wconf 82' lang='lat'>2⁷</span> <span class='ocrx_word' id='word_1_419' title='bbox 2518 4709 2614 4759; x_wconf 86' lang='lat' dir='ltr'>pro</span> <span class='ocrx_word' id='word_1_420' title='bbox 2652 4691 2927 4758; x_wconf 87' lang='grc' dir='ltr'>Μέγιςτος</span> <span class='ocrx_word' id='word_1_421' title='bbox 2960 4692 3046 4746; x_wconf 80' lang='grc' dir='ltr'>Πέ</span> <span class='ocrx_word' id='word_1_422' title='bbox 3087 4708 3138 4745; x_wconf 83' lang='grc' dir='ltr'>ε-</span> 
     </span>
     <span class='ocr_line' id='line_1_45' title="bbox 568 4760 3138 4827; baseline 0.002 -18"><span class='ocrx_word' id='word_1_423' title='bbox 568 4773 665 4810; x_wconf 91' lang='grc' dir='ltr'>τος</span> <span class='ocrx_word' id='word_1_424' title='bbox 702 4761 1016 4825; x_wconf 76' lang='lat' dir='ltr'><strong>suspieatur</strong></span> <span class='ocrx_word' id='word_1_425' title='bbox 1051 4762 1191 4812; x_wconf 87' lang='lat' dir='ltr'><strong>Lob.</strong></span> <span class='ocrx_word' id='word_1_426' title='bbox 1226 4762 1392 4812; x_wconf 86' lang='lat' dir='ltr'><strong>Proll.</strong></span> <span class='ocrx_word' id='word_1_427' title='bbox 1426 4764 1526 4813; x_wconf 85' lang='lat'>373</span> <span class='ocrx_word' id='word_1_428' title='bbox 1562 4760 1911 4823; x_wconf 80' lang='grc' dir='ltr'>Μεγαίνετος</span> <span class='ocrx_word' id='word_1_429' title='bbox 1951 4761 2217 4823; x_wconf 82' lang='grc' dir='ltr'>Νέπετος,</span> <span class='ocrx_word' id='word_1_430' title='bbox 2255 4762 2507 4826; x_wconf 79' lang='lat' dir='ltr'><strong>equidem</strong></span> <span class='ocrx_word' id='word_1_431' title='bbox 2542 4762 2737 4827; x_wconf 86' lang='lat' dir='ltr'>opinor</span> <span class='ocrx_word' id='word_1_432' title='bbox 2760 4761 3032 4826; x_wconf 87' lang='grc' dir='ltr'>Μέγιςτος</span> <span class='ocrx_word' id='word_1_433' title='bbox 3069 4777 3138 4814; x_wconf 80' lang='lat' dir='ltr'>ex</span> 
     </span>
     <span class='ocr_line' id='line_1_46' title="bbox 573 4825 3134 4894; baseline 0.002 -17"><span class='ocrx_word' id='word_1_434' title='bbox 573 4825 823 4879; x_wconf 86' lang='grc' dir='ltr'>Νέπετος</span> <span class='ocrx_word' id='word_1_435' title='bbox 876 4835 1187 4894; x_wconf 73' lang='lat' dir='ltr'><strong>corruptum</strong></span> <span class='ocrx_word' id='word_1_436' title='bbox 1239 4844 1360 4880; x_wconf 80' lang='lat' dir='ltr'>esse</span> <span class='ocrx_word' id='word_1_437' title='bbox 1413 4835 1469 4880; x_wconf 84' lang='lat' dir='ltr'>et</span> <span class='ocrx_word' id='word_1_438' title='bbox 1521 4831 1576 4880; x_wconf 80' lang='lat' dir='ltr'>in</span> <span class='ocrx_word' id='word_1_439' title='bbox 1622 4828 1874 4882; x_wconf 86' lang='grc' dir='ltr'>Πέλετος</span> <span class='ocrx_word' id='word_1_440' title='bbox 1929 4831 2200 4882; x_wconf 82' lang='lat' dir='ltr'><strong>contineri</strong></span> <span class='ocrx_word' id='word_1_441' title='bbox 2249 4831 2681 4882; x_wconf 76' lang='lat' dir='ltr'><strong>additamentum</strong></span> <span class='ocrx_word' id='word_1_442' title='bbox 2732 4831 2801 4882; x_wconf 76' lang='lat' dir='ltr'>ad</span> <span class='ocrx_word' id='word_1_443' title='bbox 2859 4830 3134 4884; x_wconf 84' lang='grc' dir='ltr'>Νέπετος;</span> 
     </span>
     <span class='ocr_line' id='line_1_47' title="bbox 570 4893 3137 4965; baseline 0.003 -21"><span class='ocrx_word' id='word_1_444' title='bbox 570 4893 732 4945; x_wconf 88' lang='grc' dir='ltr'>πόλις</span> <span class='ocrx_word' id='word_1_445' title='bbox 777 4900 941 4959; x_wconf 74' lang='lat' dir='ltr'><strong>atque</strong></span> <span class='ocrx_word' id='word_1_446' title='bbox 987 4897 1067 4946; x_wconf 80' lang='lat' dir='ltr'>sic</span> <span class='ocrx_word' id='word_1_447' title='bbox 1113 4896 1306 4961; x_wconf 78' lang='lat' dir='ltr'>scripsi</span> <span class='ocrx_word' id='word_1_448' title='bbox 1352 4913 1418 4947; x_wconf 84' lang='lat' dir='ltr'>ex</span> <span class='ocrx_word' id='word_1_449' title='bbox 1465 4898 1544 4948; x_wconf 85' lang='lat' dir='ltr'>St.</span> <span class='ocrx_word' id='word_1_450' title='bbox 1581 4898 1643 4952; x_wconf 90' lang='lat' dir='ltr'>B.</span> <span class='ocrx_word' id='word_1_451' title='bbox 1693 4896 1921 4950; x_wconf 87' lang='grc' dir='ltr'>Ἰταλίας</span> <span class='ocrx_word' id='word_1_452' title='bbox 1967 4899 2250 4950; x_wconf 71' lang='lat' dir='ltr'><strong>adficiens·</strong></span> <span class='ocrx_word' id='word_1_453' title='bbox 2298 4926 2359 4935; x_wconf 95' lang='lat'>—</span> <span class='ocrx_word' id='word_1_454' title='bbox 2404 4896 2767 4965; x_wconf 79' lang='grc' dir='ltr'>ςεςημείωται</span> <span class='ocrx_word' id='word_1_455' title='bbox 2809 4898 2880 4952; x_wconf 86' lang='grc' dir='ltr'>τὸ</span> <span class='ocrx_word' id='word_1_456' title='bbox 2920 4898 3137 4952; x_wconf 86' lang='grc' dir='ltr'>Ἐνετός</span> 
     </span>
    </p>
   </div>
  </div>
 </body>
</html>
