3664 5546
1182 388 1339 444 ΠΕΡΙ
1381 389 1771 443 ΚΑΘΟΛΙΚΗΕ
1808 386 2230 443 ΠΡΟΕΩιΔΙΑΕ
2268 386 2348 440 le.
2695 375 2702 380 ³
2928 383 3053 450 487

479 585 621 630 τες»
671 562 745 646 (C
787 562 973 646 4ΟΟ)·
1029 564 1104 628 τὸ
1147 562 1270 640 γὰρ
1315 562 1458 637 ἑξῆς
1513 561 1688 640 παρὰ
1730 567 1894 646 τῇςι·
1955 563 2153 638 «νῆας
2199 558 2307 623 ἐπ’
2351 556 2726 625 ἐςςεύοντο»
2774 557 2853 642 (Β
2901 555 3051 642 150)

480 667 582 731 ἐπὶ
622 665 737 730 τὰς
782 668 965 743 νῆας·
1031 663 1149 728 οὐκ
1206 661 1711 743 ἀναςτρέφονται
1757 662 1877 728 οὖν
1925 664 2028 727 διὰ
2071 663 2186 740 τὴν
2238 660 2662 742 ςυναλοιφήν·
2719 661 2789 725 ἐν
2836 660 3054 740 μέντοι

477 775 568 853 τῷ
627 767 819 833 «ἄςτυ
862 765 1032 832 κάτ’·
1090 765 1292 843 αὐτὰρ
1352 768 1518 845 μῆλα
1573 767 1754 830 κακοὶ
1808 764 2181 844 φθινύθουςι
2235 767 2510 843 νομῆες»
2569 761 2635 846 (ρ
2680 761 2834 845 246)
2899 760 3050 827 ἀνα-

478 870 809 950 ςτρέφεται
853 869 892 948 ἡ
935 867 1122 951 κατά,
1184 868 1343 932 διότι
1390 867 1530 948 μετ’
1575 867 1774 947 αὐτὴν
1816 870 2016 932 κεῖται
2063 866 2294 946 ςτιγμή.
2381 866 2486 931 καὶ
2539 865 2609 931 ἐν
2652 871 2743 949 τῷ
2790 868 3050 930 «ςτεῦτο

474 972 597 1051 γὰρ
640 972 1009 1052 Ἡφαίςτοιο
1063 971 1221 1049 παρ’
1278 970 1565 1050 οἰςέμεν»
1626 969 1700 1052 (C
1748 968 1898 1054 191)
1953 970 2069 1049 τὴν
2124 969 2299 1047 παρά
2353 967 2885 1049 ἀναςτρὲφουςιν,
2936 965 3046 1031 ἵνα
3076 976 3109 1026 5

477 1075 514 1156 ᾔ
557 1074 731 1153 παρὰ
783 1077 901 1138 τοῦ
942 1071 1287 1152 Ἡφαίςτου
1344 1072 1590 1153 οἰςέμεν
1645 1072 1748 1136 καὶ
1801 1073 1883 1151 μὴ
1941 1071 2263 1150 νομίζηται
2319 1075 2436 1136 τοῦ
2479 1070 2822 1150 Ἡφαίςτου
2877 1066 3050 1133 ὅπλα

476 1175 871 1255 παροιςέμεν.

722 1600 898 1665 ΠΕΡΙ
946 1600 1224 1664 ΤΟΝΟΥ
1269 1598 1427 1664 ΤΩΝ
1474 1598 2041 1665 ΕΠΙΡΡΗΜΑΤΩΝ
2094 1600 2206 1663 ΚΑΙ
2256 1597 2779 1664 ΕΥΝΔΕΕΜΩΜ.

1553 1787 1823 1840 ΒΙΒΛῑΟΝ
1865 1780 1946 1839 ιθ’.

1352 1957 1545 2036 Περὶ
1588 1957 2156 2037 ἐπιρρημάτων.
3077 1963 3143 2015 10

635 2096 779 2161 Τῶν
835 2094 1275 2174 ἐπιρρημάτων
1332 2094 1409 2158 τὰ
1463 2095 1578 2172 μὲν
1635 2092 1765 2158 ἀπὸ
1821 2099 2155 2158 πτωτικῶν
2213 2093 2499 2159 ςύνταξιν
2552 2092 3039 2172 ἐπιρρηματικὴν
3095 2145 3103 2151 .

467 2202 810 2280 μετῆλθον,
854 2198 933 2263 τὰ
978 2200 1048 2264 δέ
1093 2196 1389 2277 θεματικά
1433 2196 1598 2261 εἰςιν.

633 2301 726 2365 Τὰ
770 2300 1159 2380 ἐπιρρήματα
1203 2300 1334 2365 ἀπὸ
1379 2305 1600 2363 παςῶν
1643 2304 1776 2363 τῶν
1820 2298 2125 2362 πτώςεων
2170 2296 2423 2372 γίνεται.
2497 2296 2710 2362 πολλὰ
2754 2298 2870 2376 μὲν
2918 2295 3036 2361 οὖν

466 2403 853 2482 ἐπιρρήματα
908 2401 1322 2482 ὁμοφωνοῦςι
1377 2407 1452 2484 τῇ
1517 2399 1730 2482 εὐθείᾳ
1787 2403 1917 2464 τῶν
1984 2399 2211 2464 ἑνικῶν
2269 2398 2628 2476 οὐδετέρων
2685 2397 3038 2477 «ψεύςομαι

467 2689 579 2742 εἴτε
616 2689 685 2741 τὸ
724 2688 848 2753 ἑξῆς
885 2688 1031 2740 ἐςτιν
1067 2687 1401 2750 ἐπετέλουν,
1436 2686 1543 2738 οὐκ
1579 2686 1986 2752 άναςτρέφεται
2022 2686 2215 2752 πάλιν,
2263 2687 2457 2740 καθότι
2504 2687 2559 2740 αἱ
2593 2689 3035 2752 ςυναλειφθεῖςαι

465 2757 568 2811 οὐκ
603 2756 1046 2822 ἀναςτρὲφονται
1081 2754 1525 2822 ςεςημειωμένου
1561 2754 1776 2809 ἐκείνου
1812 2760 2057 2809 «ςτεΰτο
2091 2756 2197 2820 γὰρ
2222 2755 2543 2822 Ἣφαίςτοιο
2580 2756 2723 2824 πάρ’
2758 2755 3034 2821 οίςὲμεν».

462 2829 733 2880 Diversus
768 2831 854 2877 est
886 2826 957 2877 ab
992 2827 1095 2877 hoc
1127 2825 1245 2877 loco
1282 2825 1332 2876 Δ
1367 2829 1457 2876 97:
1496 2828 1600 2877 τοῦ
1637 2840 1735 2877 κεν
1770 2826 1840 2890 δὴ
1879 2824 2200 2891 πάμπρωτα
2236 2825 2370 2891 παρ’
2403 2824 2583 2890 ἀγλαὰ
2618 2827 2772 2891 δῶρα
2808 2826 3030 2893 φέροιο;

466 2894 790 2960 πάμπρωτα
826 2894 959 2958 παρ’
992 2891 1195 2956 άγλαά;
1233 2892 1382 2945 τινὲς
1418 2891 1821 2957 ἀναςτρέφουςι
1856 2896 1964 2958 τὴν
2000 2893 2175 2958 παρά,
2215 2895 2415 2946 κακῶς.
2452 2893 2728 2947 οὐδέποτε
2764 2895 2870 2960 γὰρ
2906 2894 3034 2948 ἀνα-

464 2963 761 3029 ςτρέφεται
796 2961 1051 3028 πρόθεςις
1090 2960 1552 3026 ςυναληλιμμένη.
1622 2961 1754 3014 ἀλλ’
1789 2961 1921 3014 οὐδὲ
1964 2961 2076 3014 ἐςτι
2120 2964 2227 3014 νῦν
2269 2965 2340 3029 τῇ
2385 2965 2577 3027 γενικῇ
2625 2963 3032 3029 ςυνταςςομὲνη

466 3031 698 3084 πτώςει·
736 3030 850 3083 ἔςτι
884 3030 991 3094 γάρ
1025 3029 1095 3081 τὸ
1133 3029 1257 3094 ἑξῆς
1293 3029 1658 3095 παραφέροιο.
1728 3030 1904 3082 Lehrs
1940 3046 2026 3095 qu.
2065 3047 2148 3095 ep.
2187 3033 2268 3082 ⁷8.
2441 3032 2697 3082 Breviter
2729 3032 3035 3084 Herodiani

464 3102 531 3151 de
568 3100 901 3165 anastrophe
948 3098 1197 3149 doctrina
1240 3104 1508 3163 concepta
1552 3103 1637 3148 est
1680 3098 1738 3148 in
1775 3098 1876 3149 An.
1911 3099 2088 3149 Paris·
2124 3100 2210 3149 111
2244 3101 2370 3159 314,
2406 3100 2464 3149 8:
2522 3098 2607 3151 ἐνὶ
2641 3096 2781 3165 οἴκῳ
2820 3098 2888 3164 (Α
2925 3099 3031 3164 30).

462 3169 844 3233 όρθοτονεῖται
880 3165 916 3229 ἡ
945 3165 1029 3218 ἑνί
1052 3165 1322 3231 πρόθεςις.
1378 3162 1560 3217 ίςτέον
1596 3165 1657 3217 δὲ
1682 3165 1770 3218 ὅτι
1806 3164 1940 3217 τότε
1977 3164 2419 3232 ἀναςτρέφονται
2455 3164 2512 3219 αἱ
2548 3165 2854 3232 προθέςεις,
2891 3167 3030 3219 ὅταν

461 3235 628 3302 λείπῃ
664 3236 839 3301 ῥῆμα·
876 3233 1151 3298 γράφεται
1187 3233 1259 3296 γά
1329 3233 1453 3286 ἀντὶ
1489 3232 1736 3298 ῥήματος
1782 3231 1909 3285 οἷον
1943 3233 2126 3298 «πάρ’
2171 3234 2358 3297 ἔμοιγε
2404 3234 2495 3286 καὶ
2540 3233 2745 3287 ἄλλοι»
2781 3233 2850 3299 (Α
2887 3238 3029 3301 174),

461 3304 655 3369 «πάρα
689 3303 795 3368 γὰρ
831 3301 948 3354 θεοί
986 3300 1083 3354 είςι
1118 3303 1208 3353 καὶ
1286 3304 1419 3364 μῑν»
1454 3301 1516 3367 (Γ
1550 3301 1691 3365 440).
1762 3301 1854 3353 καὶ
1898 3301 2037 3353 ὅταν
2082 3301 2222 3365 μετὰ
2268 3302 2369 3354 δύο
2412 3301 2714 3368 ὀνομάτων
2766 3305 3026 3355 τεθῶςιν·

462 3372 575 3423 ἔςτι
609 3371 670 3423 δὲ
704 3370 740 3434 ἡ
780 3371 1030 3423 ςύνταξις
1066 3368 1210 3435 αὕτη
1247 3367 1372 3421 οἷον
1406 3368 1684 3433 «ξύλοχον
1720 3368 1863 3421 κάτα
1899 3369 2335 3434 βοςκομενάων»
2371 3369 2433 3436 (Ε
2471 3370 2609 3436 162),
2648 3368 2896 3423 «Ξάνθω
2934 3372 3028 3424 ἐπι

461 3438 747 3504 δινήεντι»
784 3437 847 3503 (Ε
880 3437 1031 3502 479),
1069 3438 1269 3503 «νηῶν
1313 3436 1427 3489 ἄπο
1465 3439 1554 3489 καὶ
1590 3437 1895 3490 κλιςιάων»
1939 3437 2005 3504 (Β
2042 3438 2147 3502 91).
2218 3439 2310 3490 καὶ
2353 3438 2451 3490 ὅτε
2495 3422 2878 3491 ὑποτέτακταί
2919 3453 3026 3490 τινι

461 3507 677 3570 ἀμέςως
713 3507 803 3572 «ᾧ
850 3505 942 3558 ἐπι
987 3504 1163 3557 πόλλ’
1199 3505 1411 3557 ἔπαθον
1455 3506 1545 3557 καὶ
1592 3505 1765 3557 πολλ’
1801 3505 2088 3571 ἐμόγηςα»
2131 3506 2170 3572 (Ι
2210 3510 2337 3569 492,
2383 3508 2479 3557 ubi
2522 3523 2665 3558 nunc
2707 3507 2913 3572 legitur
2948 3505 3026 3559 ὣς

461 3576 554 3627 ἐπὶ
599 3575 681 3627 col
727 3574 873 3637 μάλα
916 3573 1090 3626 πόλλ’
1134 3572 1309 3638 κτλ.);
1356 3572 1483 3624 ἀντὶ
1525 3576 1628 3624 τοῦ
1684 3572 1786 3637 ἐφ’
1831 3573 1895 3639 ᾧ.
1973 3573 2062 3626 καὶ
2109 3574 2206 3627 ὅτε
2252 3573 2455 3639 εὑρέθη
2508 3574 2602 3626 ἐπὶ
2646 3573 2844 3627 τέλους
2889 3574 3026 3627 οὖςα

461 3642 584 3695 οἷον
620 3642 937 3707 «Ἀρτέμιδι
972 3641 1111 3694 ξὺν»
1155 3641 1210 3705 (ο
1245 3640 1385 3707 410).
1457 3638 1505 3693 εί
1548 3640 1609 3693 δὲ
1655 3643 1728 3705 μὴ
1774 3641 1961 3693 οὕτως
2006 3641 2144 3706 ἔχει,
2190 3642 2574 3707 ὀρθοτονεῑται
2619 3642 2709 3694 καὶ
2752 3641 3027 3705 φυλάττει

460 3710 565 3762 τὸν
600 3709 740 3762 ἴδιον
773 3709 963 3762 τόνον.
1034 3709 1104 3761 τὸ
1139 3709 1201 3762 δὲ
1237 3708 1320 3761 ἐνί
1354 3709 1738 3774 ὀρθοτονεῑται
1776 3710 1916 3773 μετὰ
1952 3709 2257 3773 ὀνόματος,
2293 3709 2387 3763 ἵνα
2424 3712 2497 3775 μὴ
2534 3709 3025 3775 ἀναςτρεφόμενον

459 3779 608 3844 ῥῆμα
652 3776 904 3844 ςημαίνῃ.
981 3776 1440 3842 άναςτρεφομένη
1492 3778 1599 3842 γὰρ
1642 3776 1677 3839 ἡ
1725 3777 1875 3843 παρά
1919 3779 2006 3829 καὶ
2054 3777 2137 3829 ἐνί
2177 3778 2326 3844 ῥῆμα
2370 3777 2737 3844 ςημαίνουςιν.
2806 3780 2918 3832 ἔςτι
2961 3779 3024 3831 δὲ

462 3847 705 3899 καθόλου
730 3844 936 3909 εἰπεῖν,
975 3845 1062 3897 ὅτι
1096 3845 1229 3897 τότε
1266 3845 1735 3910 ἀναςτρέφονται,
1772 3844 1939 3909 ἡνίκα
1974 3846 2297 3910 ὑποταγῶςι
2320 3850 2391 3912 τῇ
2429 3846 2571 3899 λέξει
2598 3847 2729 3909 μεθ’
2763 3846 2832 3911 ἧς
2868 3845 3023 3912 ὀφεί-

459 3918 611 3968 λουςι
655 3913 1065 3977 ςυντάςςεςθαι,
1104 3914 1177 3978 μὴ
1215 3913 1687 3979 παρεντιθεμένης
1723 3913 1786 3965 ἐν
1820 3918 1905 3979 τῷ
1944 3913 2090 3981 μέςῳ
2127 3913 2462 3980 οἱαςδὴποτε
2499 3914 2785 3980 ςυλλαβῆς.

591 3986 656 4035 In
691 3988 813 4034 tota
847 3981 1230 4033 adverbiorum
1275 3983 1522 4033 doctrina
1566 3987 1786 4034 secutus
1821 3998 1940 4033 sum
1973 3983 2051 4036 Io.
2089 3983 2519 4035 Alexandrinum
2555 3984 2823 4036 consultis
2857 3984 3021 4035 Arca-

459 4053 576 4115 dio,
617 4053 928 4117 fragmento
962 4052 1065 4101 τοῦ
1104 4049 1447 4113 Ἡρωδιανοῦ
1484 4050 1612 4115 περί
1646 4049 1837 4101 τόνων
1881 4053 2003 4102 τῶν
2039 4050 2436 4117 ἐπιρρημάτων
2483 4068 2512 4103 e
2563 4051 2684 4106 eod.
2721 4054 2950 4103 Baroee.
2986 4069 3020 4103 a

457 4121 713 4171 Cramero
748 4121 807 4169 in
839 4118 1042 4168 Aneed.
1069 4118 1169 4168 Ox.
1200 4119 1284 4169 111
1321 4134 1371 4184 p.
1402 4121 1502 4170 279
1537 4119 1687 4170 edito
1724 4124 1781 4169 et
1815 4120 2188 4187 Theognoeto.
2359 4120 2393 4170 l.
2430 4122 2490 4170 11
2539 4124 2595 4170 et
2631 4122 2694 4171 12
2736 4121 2856 4185 ipse
2894 4136 3020 4170 oon·

456 4190 617 4240 stitui
669 4204 735 4238 ex
780 4186 858 4237 Io.
904 4186 1059 4239 Alex.
1109 4187 1288 4238 verbis
1331 4189 1422 4249 28,
1469 4190 1557 4236 21:
1612 4186 1719 4250 τὴν
1772 4189 1894 4238 τῶν
1939 4186 2335 4252 ἐπιρρημάτων
2388 4185 2707 4254 προςψδίαν
2758 4185 3021 4251 ποικίλην

454 4256 628 4309 οὖςαν
662 4254 754 4306 καὶ
788 4251 913 4306 λίαν
948 4251 1186 4318 χρειώδη
1222 4257 1341 4305 τοῖς
1377 4252 1575 4308 ςτίΖειν
1618 4253 1923 4319 ἐθέλουςιν,
1971 4253 2049 4307 ὡς
2094 4254 2165 4306 ἂν
2199 4253 2319 4308 οἶός
2361 4270 2426 4307 τε
2463 4254 2537 4319 ὦ,
2583 4253 2644 4306 ἐκ
2687 4256 2809 4305 τῶν
2845 4255 3018 4321 Ἡρω-

454 4324 646 4377 διανοῡ
694 4322 771 4373 ὡς
813 4321 874 4373 ἐν
920 4320 1157 4387 ἐπιτομῇ
1203 4321 1623 4385 διεξελεύςομαι.
1691 4322 1763 4374 τά
1808 4322 1910 4385 μὲν
1945 4322 2049 4376 οὖν
2093 4322 2207 4375 άπὸ
2252 4325 2373 4374 τῶν
2419 4325 2726 4375 πτωτικῶν
2761 4322 3016 4376 ςύνταξιν

456 4389 896 4458 ἐπιρρηματικήν
933 4389 1329 4452 μετελθόντων
1365 4390 1620 4442 ςύνταξιν
1656 4390 1855 4455 ὀλίγην
1890 4391 2276 4457 παραθήςομαι
2324 4397 2380 4442 et
2415 4396 2502 4450 30,
2540 4395 2631 4444 30:
2679 4391 2881 4443 λοιπὸν
2925 4393 3016 4443 καί

455 4461 582 4525 περὶ
616 4462 739 4511 τῶν
773 4459 1091 4520 θεματικῶν
1127 4457 1376 4510 λεκτέον.
1512 4458 1547 4512 l.
1588 4463 1649 4511 13
1692 4458 1765 4511 τὰ
1807 4458 2156 4525 ἐπιρρήματα
2191 4488 2254 4496 --
2290 4457 2504 4522 γίνεται
2547 4465 2674 4510 sunt
2717 4476 2783 4510 ex
2817 4460 3014 4511 Aread.

459 4531 571 4591 181,
610 4533 698 4591 19,
734 4528 905 4580 verba
950 4524 1133 4577 πολλὰ
1170 4524 1270 4590 μὲν
1314 4553 1379 4562 -
1423 4525 1740 4591 οὐδετέρων
1784 4528 1819 4577 l.
1861 4532 1923 4578 14
1963 4531 2085 4594 ipse
2129 4528 2382 4594 supplevi
2424 4529 2558 4579 duee
2595 4527 2912 4579 Herodiano
2957 4529 3014 4578 in

455 4597 518 4647 E.
554 4596 629 4647 M.
663 4600 788 4659 349,
825 4599 857 4646 3
893 4592 1039 4657 (eod.
1073 4596 1196 4648 Par.
1233 4593 1408 4659 2670).
1481 4595 1669 4657 ἔξοχος
1704 4595 1855 4659 παρὰ
1898 4595 1977 4646 τὸ.
2012 4595 2204 4660 ἐξὲχω·
2249 4597 2320 4648 τὸ
2366 4594 2662 4660 οὐδέτερον
2709 4595 2926 4658 ἔξοχον·
2974 4595 3009 4658 ἡ

457 4662 643 4715 εὐθεῖα
678 4666 800 4715 τῶν
835 4663 1234 4728 πληθυντικῶν
1277 4660 1440 4726 ἔξοχα
1486 4663 1576 4713 καὶ
1611 4661 1864 4729 ἀποβολῇ
1908 4666 2011 4715 τοῦ
2058 4663 2113 4716 ἐξ
2158 4662 2284 4728 ὄχα·
2340 4664 2473 4716 ὅθεν
2516 4664 2586 4715 τὸ
2622 4662 2760 4726 «ὄχ’
2794 4662 3013 4728 ἄριςτος

456 4728 690 4783 πάντων
727 4732 851 4794 (Od.
884 4747 902 4782 ι
934 4730 1057 4796 432)
1095 4729 1174 4782 ὡς
1210 4729 1459 4793 καταιγίς
1494 4728 1662 4794 αἰγίς,
1709 4731 1981 4796 εὐηνορέα
2018 4730 2245 4798 ήνορέα·
2292 4733 2381 4784 καί
2427 4731 2611 4785 οὕτως
2650 4731 3009 4797 Ἡρωδιανὸς,

455 4799 602 4849 unde
645 4804 802 4864 patet
843 4800 1215 4851 Herodianum
1258 4799 1495 4864 pluralia
1540 4805 1687 4851 certe
1733 4816 1801 4850 ex
1846 4800 2182 4851 nominativo
2235 4801 2292 4852 in
2336 4800 2706 4853 adverbialem
2752 4802 3011 4865 syntaxin

456 4865 727 4918 translata
768 4882 888 4918 esse
933 4869 1214 4933 putavisse
1259 4868 1514 4920 similiter
1557 4873 1722 4934 atque
1758 4868 1936 4935 Apoll.
1985 4868 2049 4920 de
2096 4869 2316 4923 adverb.
2355 4872 2480 4933 550,
2517 4872 2547 4921 7
2592 4868 3010 4935 όμοφωνοῠντα
