3664 5546
636 410 898 460 cnxxvx
1127 393 1132 398 ’
1734 401 2153 452 rnAsrArm.

807 562 1033 627 Iuba:
1084 557 1386 624 In'Mon.
1436 557 1548 638 13,
1594 558 1679 621 30
1721 559 1797 623 τὸ
1842 558 2018 637 παρὰ
2060 560 2154 639 τῷ
2199 554 2361 639 Ἰόβᾳ
2414 554 2703 635 κείμενον
2747 553 2958 635 ὄνομα
3004 556 3225 636 Ναβω-

637 665 753 744 μός
794 660 1215 747 (Νάβωμοςῗ)
1260 660 1365 724 διὰ
1394 664 1512 724 τοῦ
1555 663 1596 737 μ
1638 660 1952 739 γράφεται
1999 654 2197 721 semel
2227 653 2566 737 laudatur,
2611 676 2820 740 neque
2850 656 3227 741 frequenter

638 764 706 828 in
751 761 1093 829 Catholica
1136 761 1509 827 nominatus
1567 757 1719 839 fuit,
1775 767 1850 822 ut
1904 780 1986 822 ex
2032 755 2364 843 Stephano
2419 755 2719 821 concludi
2778 749 3018 843 potest:
3081 757 3221 837 110,

643 866 717 929 17
765 865 1033 946 Ἀρβάκη
1098 863 1283 928 πόλις
1348 861 1418 927 ἐν
1478 861 1843 944 Κελτιβηρίᾳ
1911 860 2001 925 ὡς
2058 860 2278 940 Ἰόβα(;
2337 858 2399 938 7,
2462 857 2538 920 18
2594 858 2982 941 Ἀβοριγῖνες
3036 858 3225 924 ἔθνος

637 968 966 1049 Ἰταλικόν,
1013 967 1103 1030 ὡς
1150 964 1345 1045 Ἰόβας
1390 963 1461 1028 ἑν
1492 962 1842 1042 Ῥωμαϊκῆς
1886 961 2160 1039 ἱςτορίας
2204 962 2475 1045 πρώτῳ,
2521 968 2656 1024 tum
2703 959 2999 1046 sequitur
3040 957 3223 1022 locus

636 1068 840 1153 ipsius
888 1066 1094 1132 Iubae
1136 1065 1390 1144 verbis,
1438 1063 1674 1127 deinde
1718 1061 1829 1126 alii
1876 1071 2076 1125 testes
2123 1061 2485 1125 afferuntur
2528 1070 2596 1125 et
2638 1059 2722 1126 de
2766 1060 3046 1126 diversis
3093 1059 3218 1123 for-

638 1168 760 1231 mis
803 1169 995 1232 huius
1041 1166 1220 1231 vocis
1265 1165 1511 1249 agitur,
1558 1185 1724 1250 quae
1770 1163 1988 1226 omnia
2018 1163 2461 1227 Herodianum
2501 1161 2814 1248 produnt3
2864 1185 2946 1227 ex
2992 1162 3224 1227 eodem

637 1268 842 1332 Iubae
886 1290 1079 1354 opere
1124 1264 1547 1354 proferuntur
1588 1265 1921 1348 Λαβίνιον,
1968 1245 2207 1348 Ὠςτία’,
2255 1265 2593 1343 Νομαντία.

804 1369 1206 1433 Mnaseas:
1275 1367 1453 1432 Mon.
1513 1367 1622 1448 13,
1666 1366 1751 1429 22
1805 1367 2037 1445 Ἴουρα.
2126 1366 2427 1446 μέμνηται
2485 1366 2811 1449 Μναςέας,
2868 1386 3035 1450 quae
3090 1384 3223 1428 vox

637 1492 742 1556 ap.
801 1471 896 1534 St.
941 1469 1019 1533 B.
1076 1469 1339 1534 excidit.
1432 1467 1560 1530 Sed
1625 1466 1954 1553 quomodo
2010 1464 2425 1530 Herodianus
2491 1465 2828 1530 Mnaseam
2897 1466 2965 1528 in
3034 1488 3223 1530 usum

638 1593 826 1636 suum
870 1570 1300 1652 converterit,
1358 1571 1501 1655 ipse
1545 1567 1641 1632 St.
1686 1566 1933 1633 indicat
1991 1589 2053 1653 p.
2100 1567 2248 1648 257,
2298 1570 2329 1631 1
2381 1568 2676 1634 Μναςέας
2732 1570 2803 1632 δὲ
2851 1567 3025 1632 «ἀπὸ
3070 1569 3221 1633 Δώ-

636 1695 754 1738 του
809 1678 928 1738 τοῦ
970 1673 1325 1749 Πελαςγοῦ.
1412 1671 1540 1735 ἔςτι
1596 1672 1666 1736 δὲ
1722 1671 1799 1735 τὸ
1842 1669 2084 1750 Ϊπεδίον
2141 1669 2300 1735 αὐτὸ
2359 1669 2509 1735 καθ’
2567 1670 2759 1734 έαυτό
2815 1670 2995 1735 ἰδίοις
3050 1668 3221 1748 ὅρεςι

637 1774 1139 1854 περιεχόμενον»
1186 1779 1252 1835 et
1294 1770 1455 1836 ibid.
1492 1771 1571 1835 15
1600 1771 1831 1850 ἐκλήθη
1878 1772 1950 1835 δὲ
1979 1771 2242 1836 Δώτιον
2287 1770 2418 1835 ἀπὸ
2448 1772 2690 1836 Δώτου
2736 1775 2854 1835 τοῦ
2883 1771 3223 1847 Πελαςγοῦ

637 1877 896 1958 παιδός,
952 1875 1041 1939 ως
1084 1872 1479 1953 Ἡρωδιανὸς
1523 1871 1594 1936 ἐν
1640 1871 1695 1951 η’
1742 1872 2014 1936 «Δῶτος
2066 1871 2104 1935 ὁ
2144 1873 2517 1955 Πελαςγοῦ,
2564 1872 2689 1954 ἀφ’
2735 1871 2814 1936 οὗ
2843 1872 2920 1936 τὸ
2959 1873 3221 1937 Δώτιον

637 1977 926 2059 πεδίον»,
975 1975 1088 2040 ubi
1135 1976 1225 2039 ὡς
1272 1973 1565 2039 Μναςέας
1610 1971 1911 2038 additum
1955 1971 2160 2036 fuisse
2211 1972 2585 2037 conieceris.
2655 1973 2998 2038 Caeterum
3044 1981 3221 2037 totus

637 2073 774 2139 fere
819 2073 1132 2141 articulus
1178 2076 1441 2141 Δώτιον
1486 2095 1570 2137 ex
1616 2073 1891 2138 diversis
1938 2072 2300 2137 Herodiani
2343 2071 2500 2138 locis
2547 2075 2864 2140 conflatus
2908 2083 3030 2138 est.

805 2174 1308 2263 Pherecydes
1371 2175 1918 2239 Atheniensis:
1995 2175 2234 2240 citatur
2306 2197 2345 2239 a
2411 2174 2861 2240 Choerobosco
2931 2179 3221 2257 (auctore

521 2301 530 2309 ·
639 2276 1047 2365 Herodiano)
1092 2277 1273 2341 Dict.
1319 2276 1473 2358 241,
1519 2276 1560 2341 3
1605 2286 1873 2363 propter
1916 2298 2134 2339 rarum
2181 2297 2396 2340 accus,
2443 2278 2563 2359 βόα
2606 2299 2722 2363 pro
2771 2283 2946 2360 βοῦν.
3032 2277 3111 2341 In
3142 2277 3219 2341 11.

635 2377 744 2441 Pr.
793 2381 839 2443 Β
882 2377 1009 2441 585
1064 2378 1344 2444 Οἴτυλον
1404 2378 1493 2443 ὡς
1538 2379 1884 2444 δάκτυλον·
1941 2378 2200 2457 ἄρχεται
2255 2380 2380 2457 γὰρ
2434 2380 2510 2444 τὸ
2562 2378 2772 2457 ὄνομα
2826 2379 2957 2445 ἀπὸ
3000 2383 3114 2459 τῆς
3158 2384 3221 2442 οἶ

637 2481 1012 2560 διφθόγγου.
1078 2484 1287 2545 κακῶς
1332 2482 1402 2545 δὲ
1447 2479 1820 2559 Τυραννίων
1867 2478 2164 2560 οἰόμενος
2193 2479 2435 2559 ἄρθρον
2480 2478 2645 2544 εἶναι
2688 2482 2763 2544 τὸ
2812 2500 2872 2544 οι
2917 2483 3020 2546 καὶ
3047 2483 3222 2560 παρὰ

634 2583 749 2660 τὴν
806 2583 1142 2661 ςυνήθειαν
1183 2577 1316 2645 ’τοῦ
1382 2584 1655 2660 ποιητοῦ
1712 2580 2098 2661 ἁμαρτάνων
2155 2582 2259 2645 καὶ
2310 2582 2485 2660 παρὰ
2538 2583 2655 2660 τὴν
2709 2580 3022 2666 ἱςτορίαν,
3088 2582 3219 2660 εἴγε

636 2681 843 2747 οὕτως
887 2682 1040 2763 φηςὶ
1092 2683 1196 2747 καὶ
1249 2681 1287 2747 ὁ
1330 2681 1689 2761 Φερεκύδης
1743 2685 1872 2747 κτλ.
1960 2681 2171 2744 Nimis
2218 2683 2548 2746 contraxit
2604 2680 2948 2746 articulum
2996 2684 3093 2748 St.
3140 2685 3217 2747 B.

634 2783 775 2856 487,
828 2785 907 2847 15
950 2783 1188 2847 omisso
1234 2783 1431 2846 etiam
1475 2782 1872 2869 Pherecydis
1918 2783 2329 2864 testimonio,
2387 2782 2561 2870 quod
2616 2785 2683 2847 in
2728 2783 3066 2850 Catholica
3109 2805 3218 2872 po-

635 2885 830 2948 situm
885 2884 1092 2949 fuisse
1145 2884 1486 2971 probabile
1537 2895 1656 2948 est.
1745 2884 1928 2949 Idem
1984 2885 2230 2948 factum
2285 2893 2389 2949 est
2441 2908 2545 2971 ap.
2606 2886 2701 2951 St.
2756 2886 2836 2950 B.
2891 2886 3004 2967 54,
3049 2887 3092 2949 4
3137 2885 3220 2950 de

633 2985 800 3051 Αἶπυ
845 2987 1031 3052 πόλις
1063 2987 1443 3067 Μεςςηνίας,
1485 3006 1637 3049 nam
1680 2995 1756 3050 ut
1785 3007 1869 3050 ex
1904 2985 1978 3049 11.
2013 2985 2120 3049 Pr.
2154 2989 2200 3052 Β
2236 2986 2364 3051 592
2393 2985 2824 3072 intellegitur,
2873 3011 2978 3074 ap.
3010 2987 3217 3052 Hero·

635 3086 900 3151 dianum
945 3086 1341 3173 Pherecydis
1386 3087 1606 3172 opinio
1652 3085 1856 3151 allata
1899 3086 2056 3150 fuit:
2115 3089 2475 3167 Φερεκύδης
2520 3089 2558 3154 ὁ
2605 3090 2937 3169 Ἀθηναῖος
2980 3091 3057 3155 τὸ
3102 3092 3218 3170 μὲν

634 3188 919 3252 ἐΰκτιτον
963 3189 1186 3267 κύριον
1231 3188 1442 3268 ὄνομα
1483 3188 1876 3270 παρέλαβεν,
1920 3188 1996 3252 τὸ
2043 3191 2115 3254 δὲ
2158 3189 2312 3254 αἰπύ
2343 3190 2654 3256 ἐπίθετον.
2721 3189 3041 3275 Equidem
3087 3212 3215 3254 non

635 3286 895 3367 dubito,
941 3286 1095 3373 quin
1141 3286 1540 3373 Pherecydis
1582 3288 1956 3354 testimonia
1998 3312 2039 3354 a
2084 3289 2175 3354 St.
2210 3292 2287 3355 B.
2332 3292 2667 3377 proposita
2711 3313 2794 3355 ex
2842 3290 3215 3356 Herodiano

633 3389 840 3473 petita
881 3388 1036 3451 sint.

803 3487 1132 3553 Phileas
1189 3510 1316 3553 uno
1372 3488 1513 3555 loco
1568 3491 1806 3555 citatur
1862 3491 1928 3555 in
1985 3491 2249 3579 reliquis
2297 3493 2661 3559 Herodiani
2715 3495 2975 3581 scriptis
3032 3494 3210 3561 Mon.

634 3589 706 3670 6,
754 3590 789 3653 7
836 3591 912 3655 τὸ
961 3591 1123 3657 Νεύς
1180 3591 1286 3656 ἐπὶ
1337 3596 1631 3674 ποταμοῦ
1686 3593 2010 3677 κείμενον,
2068 3595 2157 3660 ὥς
2213 3618 2362 3677 φηςι
2407 3596 2668 3679 Φιλέας,
2724 3597 3212 3678 ἀπεξενωμένον

635 3690 789 3774 ἐςτί,
846 3701 1077 3776 quater
1131 3714 1235 3778 ap.
1296 3693 1393 3757 St.
1437 3692 1517 3756 Β.
1563 3715 1620 3757 e.
1664 3715 1728 3777 g.
1781 3717 1846 3779 p.
1899 3695 2003 3774 10,
2057 3697 2128 3759 11
2186 3705 2454 3783 propter
2510 3697 2871 3762 neutralem
2930 3698 3213 3784 speciem

632 3791 926 3872 Ἄβυδον.

803 3891 1485 3981 Philostephanus
1531 3896 1634 3961 bis
1680 3896 1748 3959 in
1777 3895 1956 3961 Mon.
1995 3898 2108 3978 42,
2142 3897 2179 3961 7
2225 3899 2469 3964 citatur
2499 3900 2698 3979 (Σῆθος
2741 3901 3032 3981 ποταμὸς
3062 3900 3212 3966 (κυ-

634 3995 802 4079 θίας,
849 3996 940 4061 ὼς
980 3997 1461 4078 Φιλοςτέφανος
1505 4006 1571 4062 et
1620 3998 1728 4078 11,
1774 3996 1857 4061 27
1902 3998 2178 4076 Γρύλλος
2222 4001 2500 4080 καθάρας
2552 4003 2708 4068 τοὺς
2750 4003 3212 4085 Διοςκούρους,

636 4097 727 4161 ὼς
781 4097 1290 4178 Φιλοςτέφανος;
1356 4099 1551 4163 etiam
1610 4120 1648 4161 a
1703 4096 2024 4163 Choerob.
2082 4120 2167 4163 ex
2231 4098 2617 4167 Herodiano
2674 4102 2855 4168 Dict.
2922 4103 3074 4184 119,
3128 4102 3213 4165 26

631 4198 845 4263 Ἐλέας
900 4198 1232 4265 Ἐλέαντος
1275 4201 1449 4279 παρὰ
1494 4199 1985 4284 Φιλοςτεφάνῳ,
2040 4200 2239 4264 etiam
2283 4200 2465 4267 locus
2522 4204 2591 4266 in
2647 4203 2724 4269 Ε.
2769 4202 2862 4267 Μ.
2926 4204 3074 4284 138,
3129 4203 3213 4266 22

633 4299 894 4378 Ἀρετάν
938 4321 1022 4362 ex
1066 4299 1426 4364 Herodiani
1473 4298 1810 4366 Catholica
1854 4301 2095 4387 petitus
2141 4302 2433 4384 videtur,
2491 4314 2724 4391 quater
2767 4304 2851 4370 ad
2895 4304 3213 4371 Philoste-

631 4400 917 4485 phanum
961 4410 1281 4486 provocat
1320 4399 1543 4487 Steph.

800 4500 1031 4566 Plato
1076 4500 1501 4588 philosophus
1547 4503 1630 4567 ab
1676 4504 1922 4568 Ioanne
1966 4505 2419 4572 Alexandrino
2464 4518 2731 4594 propter
2774 4507 3211 4595 anastrophen
3252 4506 3259 4513 ’

632 4603 860 4681 ἀρετῆς
919 4605 985 4668 δ’
1040 4602 1123 4667 αὖ
1167 4604 1311 4682 πέρι
1357 4612 1423 4666 et
1466 4624 1507 4666 a
1551 4603 1784 4699 Choer.
1830 4605 2067 4670 citatur
2110 4630 2175 4694 p.
2219 4608 2379 4690 489,
2434 4609 2514 4672 21
2563 4620 2831 4696 propter
2895 4611 3209 4676 aoristum

632 4704 904 4785 ἐςέφθην
950 4714 1014 4768 et
1060 4727 1122 4790 p.
1168 4704 1322 4781 602,
1367 4704 1453 4769 30
1493 4714 1763 4791 propter
1804 4708 1844 4786 ἦ
1890 4730 2007 4793 pro
2050 4709 2158 4789 ἦν;
2204 4710 2402 4775 etiam
2448 4732 2488 4774 a
2532 4711 2630 4775 St.
2674 4710 2751 4775 B.
2798 4722 3063 4798 propter
3105 4733 3210 4775 res

630 4806 1086 4887 grammaticas
1133 4806 1458 4872 laudatur.
