3664 5546
1132 379 1291 434 ΠΕΡΙ
1333 378 1725 434 ΚΑΘΟΛΙΚΗ(
1762 376 2185 433 ΠΡΟΕΩιΔΙΑ(
2224 378 2295 430 Ις.
2887 374 3013 438 447

428 552 834 631 ὑπνώςςω,
867 550 1252 631 λιμώςςω,
1283 543 1623 631 νεώςςω,
1670 548 2161 629 καρδιῶςςω,
2192 545 2656 626 ἰκτερώςςω,
2688 544 3016 626 λεύςςω,

424 651 785 729 γλαύςςω
829 650 906 714 τὸ
951 650 1225 729 φωτίζω.
1313 651 1394 715 τὰ
1439 652 1527 715 δὲ·
1554 649 1675 714 ἀπ’
1721 649 2062 728 ὀνομάτων
2104 650 2510 729 περιςπᾶται,
2565 646 2841 710 θάλαςςα
2884 650 3015 709 θα-

428 757 709 837 λαςςῶ,
766 752 1046 817 ἐλάςςων
1114 752 1441 834 ἐλαςςῶ,
1495 751 1702 829 ἥςςων
1756 751 1993 833 ἡςςῶ,
2050 750 2347 829 κρείςςων
2403 753 2760 830 κρειςςῶ,
2815 747 3019 811 κιςςός

427 860 688 936 κιςςῶ,
734 853 923 917 λύςςα
969 857 1230 917 λυςςῶ.

594 955 689 1019 Τὰ
734 954 822 1019 εἰς
864 958 967 1018 ‘Cu-2
1010 954 1117 1018 ἐπὶ
1158 953 1539 1035 ἑνεςτῶτος,
1598 952 1796 1018 ὁπότε
1844 954 1924 1031 μὴ
1982 953 2113 1017 ἀπὸ
2158 952 2513 1032 μέλλοντος
2567 951 2656 1017 εἰς
2698 951 3015 1016 ἑνεςτῶτα
3055 963 3089 1013 5

428 1058 700 1137 μετήχθη
744 1062 1121 1139 ποιητικῶς,
1165 1058 1572 1137 περιςπᾶται,
1619 1053 1782 1136 ἰςῶ,
1827 1058 2062 1136 νοςῶ,
2108 1057 2348 1136 μαςῶ,
2393 1058 2634 1136 πεςῶ,
2690 1052 2755 1120 ἐξ
2802 1051 2884 1117 οὗ
2926 1052 3016 1128 γί-

426 1179 601 1224 νεται
647 1157 685 1221 6
731 1159 986 1236 μέλλων
1027 1158 1310 1240 πεςήςω,
1363 1157 1428 1222 ἐξ
1473 1155 1554 1220 οὗ
1599 1157 1702 1220 καὶ
1746 1156 2091 1235 ῥηματικὸν
2136 1155 2346 1235 ὄνομα
2388 1157 2633 1234 πέςημα
2677 1155 2778 1219 καὶ
2823 1153 2861 1217 6
2906 1153 3016 1218 ἀό-

429 1280 636 1338 ριςτος
681 1259 984 1337 δεύτερος
1037 1260 1270 1324 ἔπεςον
1316 1259 1527 1336 ὥςπερ
1583 1258 1687 1322 καὶ
1742 1257 1812 1321 ἐκ
1864 1261 1982 1320 τοῦ
2025 1260 2307 1335 χραιςμῶ
2353 1257 2694 1336 ἔχραιςμον
2737 1256 2841 1319 καὶ
2884 1254 3016 1319 ἀπὸ

427 1365 546 1425 τοῦ
604 1360 840 1425 ὀλιςθῶ
895 1360 1186 1426 ὤλιςθον.
1262 1360 1338 1424 τὸ
1393 1362 1465 1424 δὲ
1523 1358 1745 1442 οἴςω,
1801 1356 1883 1423 οὗ
1943 1359 2018 1422 τὸ
2071 1359 2533 1437 προςτακτικὸν
2581 1356 2760 1422 «οἷςε
2805 1357 3016 1421 θέειον

429 1465 630 1541 γρηΰ»
668 1462 736 1544 (χ
764 1460 941 1543 481),
993 1461 1237 1526 «οἴςετε
1281 1465 1455 1538 πῦρ»
1500 1457 1608 1543 (11.
1657 1460 1708 1523 Ο
1755 1458 1910 1540 718)
1954 1461 2056 1524 καὶ
2101 1460 2334 1543 δύςω,
2381 1458 2461 1524 οὗ
2506 1459 2544 1523 6
2588 1458 3014 1536 παρατατικὸς
3053 1471 3117 1521 10

433 1563 774 1628 «έδύςετο»
830 1563 896 1645 (β
950 1561 1104 1644 388)
1157 1563 1261 1627 καὶ
1316 1563 1513 1642 βήςω
1568 1562 1727 1625 κατὰ
1791 1563 2125 1640 ποιητικὴν
2187 1561 2409 1627 ἄδειαν
2473 1561 2820 1640 μετηνέχθη
2884 1558 3017 1623 ἀπὸ
3065 1560 3066 1563 ’

386 1704 395 1716 ·
430 1666 784 1744 μέλλοντος
828 1664 916 1728 εἰς
961 1664 1289 1729 ἑνεςτῶτα.

594 1767 692 1830 Τὰ
725 1766 814 1829 εἰς
849 1769 985 1830 λλω
1029 1764 1397 1845 βαρύνεται,
1442 1763 1497 1827 εἰ
1543 1765 1622 1842 μὴ
1654 1763 1785 1829 ἀπὸ
1818 1764 2139 1843 ὀνόματος
2184 1764 2332 1845 εἴη,
2362 1764 2672 1848 ψάλλω,
2721 1764 3017 1845 βάλλω,

428 1867 720 1950 θάλλω,
777 1866 1115 1948 ςκάλλω,
1173 1865 1527 1948 ςφάλλω,
1589 1866 1917 1947 ςτέλλω,
1971 1868 2244 1948 τίλλω,
2312 1852 2714 1930 ποικίλλω,
2813 1866 2889 1929 τὸ
2946 1866 3018 1929 δὲ

429 1971 686 2032 κυλλῶ
744 1972 1147 2050 περιςπᾶται,
1203 1968 1300 2032 ὅτι
1353 1967 1616 2049 κυλλός,
1671 1968 1775 2032 καὶ
1816 1968 1892 2032 τὸ
1937 1971 2322 2050 μεταλλῶ,
2381 1968 2478 2032 ὅτι
2524 1968 2869 2048 μέταλλος,
2915 1967 3016 2030 καὶ
3053 1976 3118 2026 15

428 2069 768 2151 ἁμιλλῶ,
815 2070 878 2135 ἐξ
924 2067 1004 2132 οὗ
1048 2069 1434 2151 ἁμιλλῶμαι,
1478 2069 1576 2133 ὅτι
1621 2068 1872 2148 ἅμιλλα.

596 2170 689 2234 Τὰ
743 2170 832 2234 εἰς
879 2174 973 2233 λω
1033 2171 1532 2249 παραληγόμενα
1587 2176 1664 2253 τῇ
1718 2173 1802 2236 οὗ
1849 2171 2184 2255 διφθόγγῳ
2229 2150 2496 2235 ςπάνιά
2518 2169 2661 2253 εἰςι,
2719 2126 3014 2251 βούλω,

426 2272 577 2336 ὅθεν
621 2273 697 2336 τὸ
745 2270 1088 2356 βούλομαι,
1136 2271 1487 2351 βαρύνεται.
1575 2273 1651 2336 τὸ
1696 2275 1768 2336 δὲ
1814 2273 2025 2337 οὐλῶ
2072 2275 2476 2356 περιςπᾶται,
2532 2271 2629 2335 ὅτι
2675 2270 2868 2352 ούλή,
2914 2272 3016 2335 καὶ

426 2374 502 2437 τὸ
547 2375 836 2456 δουλῶ,
883 2372 981 2437 ὅτι
1026 2377 1277 2438 δοῦλος.

593 2474 689 2538 Τὰ
732 2474 823 2539 εἰς
866 2464 960 2539 λω
1007 2475 1380 2556 διςύλλαβα,
1437 2475 1493 2539 εἰ
1536 2475 1674 2552 ἔχοι
1718 2476 1837 2554 τὴν
1880 2476 2009 2554 πρὸ
2054 2476 2281 2540 τέλους
2336 2454 2652 2554 ςυλλαβὴν
2696 2474 2786 2539 εἰς
2830 2496 2862 2538 ε
2905 2495 3014 2539 κα·
3049 2486 3120 2538 20

328 2596 335 2603 ·
425 2577 860 2657 ταλήγουςαν,
909 2574 1275 2657 βαρύνεται,
1332 2576 1658 2654 ἀρχόμενα
1715 2575 1848 2642 ἀπὸ
1893 2579 2254 2657 ςυμφωνου
2300 2578 2381 2656 μὴ
2440 2577 2665 2659 μέςου,
2721 2577 2918 2655 χωρὶς
2961 2576 3017 2640 εἰ

428 2678 510 2756 μὴ
554 2677 716 2755 παρ’
760 2677 969 2755 ὄνομα
1014 2677 1142 2759 εἴη,
1187 2677 1412 2760 κέλω,
1456 2678 1707 2760 πέλω,
1753 2679 1984 2757 μέλω·
2029 2680 2104 2742 τὸ
2149 2680 2222 2743 δὲ
2252 2679 2503 2757 μελήςω
2545 2677 2635 2744 ὡς
2679 2677 2810 2742 ἀπὸ
2840 2698 3014 2757 περι-

429 2779 784 2858 ςπωμένου.
841 2780 1057 2844 θέλω.
1113 2780 1190 2844 τὸ
1235 2780 1451 2858 μέντοι
1496 2779 1647 2843 ἐλῶ
1691 2784 2097 2864 περιςπᾶται,
2153 2781 2250 2846 ὅτι
2304 2779 2436 2846 ἀπὸ
2482 2781 2862 2861 φωνήεντος
2905 2781 3015 2859 ἤρ-

563 3118 600 3172 l.
640 3122 664 3170 1
708 3116 1024 3184 ἰκτερώςςω
1063 3135 1129 3169 ex
1166 3120 1268 3185 Ep.
1309 3119 1397 3170 Cr.
1436 3121 1486 3183 1,
1534 3119 1746 3171 λεύςςω
1786 3127 1842 3170 ct
1876 3119 2132 3183 γλαύςςω
2172 3138 2236 3171 ex
2273 3120 2421 3173 Mon.
2457 3122 2549 3178 40,
2586 3122 2679 3170 26:
2727 3119 2759 3171 6
2796 3119 3012 3173 κανών·

428 3185 703 3239 οὐδέποτε
740 3188 853 3252 πρὸ
889 3189 1012 3238 τῶν
1056 3186 1159 3239 δύο
1195 3190 1253 3239 ἴς
1299 3185 1609 3251 εὑρίςκεται
1652 3187 1960 3253 δίφθογγος
2006 3189 2158 3253 πλὴν
2202 3191 2306 3239 τοῦ
2352 3185 2621 3251 κρείςςων
2664 3188 2756 3239 καὶ
2799 3187 3013 3240 λεύςςω

428 3255 519 3304 καὶ
553 3255 808 3316 γλαύςςω
844 3255 914 3306 τὸ
951 3254 1216 3319 φωτίζω,
1255 3271 1582 3321 quamquam
1628 3257 1719 3307 hic
1768 3272 1944 3308 canon
1975 3258 2044 3306 'iu
2093 3273 2218 3307 eum
2254 3256 2474 3307 Monad.
2522 3257 2697 3307 locum
2744 3258 3015 3306 intrusum

428 3322 662 3373 videtur.
704 3350 772 3360 —
819 3324 853 3372 l.
892 3327 922 3373 3
960 3323 1172 3374 ἑλαςςῶ
1219 3324 1426 3373 inserui
1472 3339 1541 3374 cx
1577 3324 1761 3373 Dichr.
1801 3324 1839 3377 l.
1876 3340 1919 3374 c.
2123 3324 2157 3373 l.
2199 3329 2230 3374 5
2277 3322 2368 3374 ἐπὶ
2405 3339 2502 3389 pro
2539 3322 2655 3375 ἀπὸ
2701 3325 3018 3375 emendavit

429 3389 701 3452 Schmidt,
739 3391 895 3452 μαςῶ
934 3406 1031 3455 pro
1069 3392 1254 3453 μαςςῶ
1292 3391 1556 3442 Thesaur.
1589 3389 1643 3442 V
1679 3408 1724 3441 c.
1765 3394 1866 3443 598
1901 3392 1965 3441 Β.
2002 3417 2064 3427 -
2103 3392 2258 3442 πεςῶ
2307 3393 2490 3456 recepi
2528 3409 2594 3442 ex
2632 3393 2829 3444 Choer.
2867 3394 3016 3443 Dict.

429 3459 542 3507 631.
582 3456 897 3521 ςχηματίζει
932 3456 965 3508 6
1002 3457 1344 3521 Ἡρωδιανὸς
1388 3460 1601 3509 τοῦτον
1645 3458 1751 3509 τὸν
1795 3459 2015 3523 τρόπον
2059 3458 2129 3509 τὸ
2176 3459 2401 3510 ἐπεςον·
2456 3459 2626 3523 φηςίν
2674 3458 2763 3510 ὅτι
2797 3486 2865 3494 -
2899 3458 3015 3509 ἀπὸ

427 3526 532 3574 τοῦ
571 3526 724 3576 πεςῶ
763 3525 1192 3590 περιςπωμένου
1228 3524 1442 3587 γίνεται
1486 3525 1711 3591 πεςήςω
1758 3527 1850 3577 καὶ
1894 3526 2115 3591 πέςημα
2149 3552 2216 3562 -
2251 3526 2342 3577 καὶ
2386 3526 2591 3578 λοιπὸν
2636 3525 2716 3578 ὡς
2761 3526 2875 3577 ἀπὸ
2910 3529 3014 3576 τοῦ

428 3592 1750 3726 {22⁶ss<¹¹33¹⁶30²23²53⁰²485222‘305213523322
1785 3591 3016 3726 ss523.‡..„25“'d331.22302.3⁵666&ss

427 3725 572 3777 ἀλλὰ
626 3727 1038 3790 προςτακτικὸν
1092 3726 1403 3780 ἐνεςτῶτος
1457 3729 1548 3780 καί
1601 3731 2016 3794 παρατατικοθ,
2077 3732 2181 3780 τοῦ
2237 3729 2544 3792 μέλλοντος
2597 3727 2676 3781 είς
2730 3729 3015 3782 ἑνεςτῶτα

429 3794 879 3858 μετενεχθέντος.
927 3794 1075 3857 λέγει
1111 3795 1217 3860 γὰρ
1252 3795 1339 3847 ὅτι
1374 3796 1445 3847 τὸ
1482 3795 1618 3848 οἴςω
1656 3796 1883 3860 μέλλων
1921 3795 2221 3861 μετάγεται
2258 3797 2401 3850 κατὰ
2425 3798 2727 3862 ποιητικὴν
2764 3796 3016 3850 ἑξουςίαν

428 3860 507 3914 είς
543 3861 828 3914 ἑνεςτῶτα
864 3863 955 3913 καὶ
992 3862 1195 3914 λοιπὸν
1231 3862 1477 3915 κλίνεται
1516 3861 1595 3916 είς
1631 3866 2054 3929 παρατακτικὸν
2091 3863 2215 3917 οἷον
2251 3866 2410 3916 οῑςον
2445 3865 2593 3917 οἶςες
2620 3866 2737 3917 οῖςε
2776 3867 2866 3917 καί
2902 3865 3015 3917 λοι-

426 3929 542 3981 πὸν
566 3929 782 3981 ἐκεῖθεν
806 3930 876 3981 τὸ
904 3931 1313 3994 προςτακτικὸν
1338 3931 1455 3986 οῑςε
1483 3930 1546 3983 ςύ
1573 3931 1761 3996 ὥςπερ
1786 3932 2036 3984 ἔτυπτον
2062 3932 2301 3992 ἔτυπτες
2328 3933 2536 3984 ἔτυπτε
2560 3932 2742 3985 τύπτε
2767 3933 2850 3998 ςύ,
2881 3933 3017 3984 ὅθεν

426 3997 610 4047 καὶτὸ
649 3997 1058 4062 πληθυντικόν,
1095 3997 1276 4050 οἷςετε
1314 4003 1427 4063 πῦρ
1464 4007 1520 4050 et
1546 4016 1597 4065 p.
1623 4003 1745 4060 753,
1770 4002 1838 4052 Ε.
1863 4004 1936 4052 Μ.
1963 4004 2079 4062 472,
2108 4005 2197 4066 13,
2234 4002 2421 4051 ubido
2460 3999 2611 4065 βήςω
2638 4018 2758 4050 cum
2783 4004 2854 4050 im
2896 4017 3016 4050 era-

426 4066 544 4115 tivo
584 4065 742 4130 βῆςε,
782 4066 849 4116 de
890 4081 995 4131 quo
1034 4067 1105 4116 cf.
1142 4068 1310 4117 ctiam
1345 4069 1448 4133 Ep
1487 4067 1576 4118 Cr.
1614 4067 1643 4118 1
1679 4071 1797 4119 262.
1846 4069 2024 4120 Schol.
2063 4070 2134 4119 ad
2171 4069 2273 4120 Od.
2313 4069 2343 4131 β
2381 4070 2506 4119 388:
2545 4066 2769 4118 δύςετοε
2811 4081 2837 4118 ε
2865 4069 3015 4128 ῶθεν

426 4132 459 4183 6
497 4132 739 4197 ποιητὴς
772 4132 907 4185 τοὺς
946 4132 1257 4197 μέλλοντας
1294 4133 1563 4186 πολλάκις
1600 4133 1679 4187 είς
1716 4135 2030 4187 ἑνεςτῶτα(
2069 4135 2352 4200 μετάγειν·
2392 4134 2540 4186 ἐςτιν
2564 4134 2668 4186 οὖν
2692 4135 2762 4185 τὸ
2789 4123 3014 4185 ἑδύςετο

425 4201 848 4265 παρατακτικὸν
885 4199 1001 4252 ἀπὸ
1038 4200 1348 4253 ἐνεςτῶτος
1384 4202 1549 4253 δύςω.
1596 4205 1720 4252 Ηιιο
1747 4205 1956 4264 retulit,
1995 4211 2057 4253 ut
2094 4205 2330 4265 videtur,
2367 4203 2720 4253 Herodianus
2755 4201 3010 4253 λεύςετε·

428 4266 781 4332 Ἀρίςταρχος
818 4267 882 4320 ἓν
918 4283 945 4320 ς
985 4267 1212 4333 γράφει·
1251 4267 1365 4331 ἐγὼ
1401 4269 1463 4321 δὲ
1500 4269 1785 4322 ἑνεςτῶτα
1820 4241 1965 4321 αὐτὸ
2003 4269 2153 4332 λέγω
2191 4268 2271 4320 ὡς
2306 4241 2421 4319 ἁπὸ
2470 4268 2778 4331 μέλλοντος
2824 4269 3014 4333 ὥςπερ

427 4336 518 4386 καὶ
554 4335 624 4387 τὸ
661 4335 909 4388 «ἄξετε»
944 4337 1036 4388 καὶ
1072 4334 1337 4389 «οἴςετε»
1373 4338 1464 4389 καί
1499 4337 1857 4402 «καταβήςεο
1893 4336 2140 4402 δίφρου»
2175 4340 2276 4388 An.
2318 4339 2438 4387 Par.
2473 4338 2557 4387 111
2595 4340 2842 4402 332,16.

423 4402 553 4456 1.14
588 4403 792 4468 ψάλλω
819 4421 887 4455 ex
913 4408 1096 4469 Lasc„
1134 4403 1349 4457 ςτέλλω
1387 4411 1445 4456 ct
1483 4411 1606 4472 post
1631 4405 1849 4468 ἁμιλλῶ
1876 4406 2065 4455 addidi
2102 4421 2169 4454 cx
2197 4405 2392 4455 Choer.
2417 4408 2543 4454 641:
2580 4404 2652 4456 τὰ
2678 4404 2780 4468 μὲν
2809 4403 3014 4469 ἔχοντα

426 4486 526 4539 δύο
563 4489 631 4539 λλ
668 4486 914 4552 χαίρουςι
948 4492 1019 4554 τῇ
1060 4487 1251 4556 βαρείᾳ
1274 4488 1454 4554 τάςει,
1500 4487 1706 4554 τίλλω,
1744 4488 2046 4552 ποικίλλω,
2086 4487 2329 4553 ςτέλἍω,
2367 4487 2628 4553 ςφάλλω,
2656 4490 2826 4555 χωρὶς
2852 4487 2901 4540 εἰ
2938 4491 3012 4555 μὴ

427 4555 625 4618 ἔχωςιν
661 4555 915 4619 ὀνόματα
959 4556 1441 4621 προϋποκείμενα·
1491 4555 1678 4607 ἐκεῖνα
1718 4556 1824 4620 γὰρ
1870 4558 2252 4619 περιςπῶνται
2296 4556 2500 4608 κυλλός
2544 4558 2761 4622 κυλλῶ,
2809 4556 3013 4621 ἅμιλλα

425 4621 669 4688 ἁμιλλῶ,
696 4623 753 4677 ἐξ
783 4623 851 4675 οὗ
878 4624 1112 4687 ἁμιλλῶ.
1160 4627 1226 4676 In
1250 4627 1352 4692 Ep.
1382 4627 1468 4675 Cr.
1496 4627 1518 4675 1
1547 4627 1661 4686 167,
1687 4628 1718 4674 5
1748 4624 2102 4688 proferuntur
2133 4625 2273 4675 hacc
2296 4627 2491 4677 verba.
2530 4623 2759 4690 πάλλω,
2798 4625 3011 4691 θάλλω,

426 4689 685 4756 ςφάλλω,
725 4691 930 4756 βάλλω.
1139 4694 1175 4743 l.
1216 4695 1288 4743 17*
1326 4709 1445 4742 cum
1484 4690 1672 4754 βούλω
1710 4694 1991 4756 componit
2026 4694 2364 4757 Epimerista
2401 4693 2488 4744 Cr.
2524 4693 2555 4744 1
2589 4696 2672 4752 91,
2710 4696 2777 4744 25
2814 4695 2899 4757 (Ε.
2937 4697 3012 4748 M.

424 4760 541 4821 208,
578 4760 665 4825 23)
705 4759 888 4824 ούλω,
928 4759 983 4811 ἐξ
1020 4758 1089 4811 οὗ
1126 4760 1196 4811 τὸ
1233 4759 1414 4811 «οὖλέ
1449 4772 1512 4808 τε
1549 4759 1640 4808 καί
1678 4757 1818 4821 μέγα
1856 4762 2054 4823 χαῖρε»
2092 4759 2306 4822 (0(1.ω
2342 4762 2483 4827 401).
2673 4761 2708 4812 l.
2742 4765 2808 4812 22
2843 4760 2913 4812 τὸ
2949 4762 3012 4815 δὲ

425 4825 651 4893 μελήςω
688 4827 766 4879 ὡς
802 4827 919 4879 ἀπὸ
955 4827 1388 4891 περιςπωμένου
1423 4826 1615 4878 addidi
1650 4832 1874 4893 propter
1911 4828 2064 4889 μελῶ
2101 4844 2188 4894 ap.
2226 4829 2473 4896 Theogn.
2515 4831 2628 4890 143,
2667 4833 2750 4882 29

2876 5017 2920 5096 ἴ
