<?xml version="1.0" encoding="UTF-8"?>
<!DOCTYPE html PUBLIC "-//W3C//DTD XHTML 1.0 Transitional//EN"
    "http://www.w3.org/TR/xhtml1/DTD/xhtml1-transitional.dtd">
<html xmlns="http://www.w3.org/1999/xhtml" xml:lang="en" lang="en">
 <head>
  <title>
</title>
<meta http-equiv="Content-Type" content="text/html;charset=utf-8" />
  <meta name='ocr-system' content='tesseract 3.04.00' />
  <meta name='ocr-capabilities' content='ocr_page ocr_carea ocr_par ocr_line ocrx_word'/>
</head>
<body>
  <div class='ocr_page' id='page_1' title='image "./grammaticigraec02unkngoog_0314.png"; bbox 0 0 3664 5546; ppageno 0'>
   <div class='ocr_carea' id='block_1_1' title="bbox 618 356 2273 422">
    <p class='ocr_par' dir='ltr' id='par_1_1' title="bbox 618 356 2273 422">
     <span class='ocr_line' id='line_1_1' title="bbox 618 356 2273 422; baseline 0.001 -12"><span class='ocrx_word' id='word_1_1' title='bbox 618 358 702 422; x_wconf 79' lang='grc'>68</span> <span class='ocrx_word' id='word_1_2' title='bbox 1562 356 1643 411; x_wconf 87' lang='grc' dir='ltr'>ΕΙ(</span> <span class='ocrx_word' id='word_1_3' title='bbox 1683 357 1821 411; x_wconf 86' lang='grc' dir='ltr'>ΤΩΝ</span> <span class='ocrx_word' id='word_1_4' title='bbox 1864 356 2273 412; x_wconf 87' lang='grc' dir='ltr'>ΗΡΩΔΙΑΝΟΥ</span> 
     </span>
    </p>
   </div>
   <div class='ocr_carea' id='block_1_2' title="bbox 505 528 3209 2950">
    <p class='ocr_par' dir='ltr' id='par_1_2' title="bbox 505 528 3209 2950">
     <span class='ocr_line' id='line_1_2' title="bbox 617 528 3206 611; baseline -0.001 -14"><span class='ocrx_word' id='word_1_5' title='bbox 617 532 792 610; x_wconf 91' lang='grc' dir='ltr'>νίκης</span> <span class='ocrx_word' id='word_1_6' title='bbox 837 535 947 609; x_wconf 90' lang='grc' dir='ltr'>τῆς</span> <span class='ocrx_word' id='word_1_7' title='bbox 995 530 1190 606; x_wconf 84' lang='grc' dir='ltr'>Μάγα</span> <span class='ocrx_word' id='word_1_8' title='bbox 1233 529 1576 611; x_wconf 89' lang='grc' dir='ltr'>θυγατρός,</span> <span class='ocrx_word' id='word_1_9' title='bbox 1622 531 1925 606; x_wconf 90' lang='grc' dir='ltr'>γυναικὸς</span> <span class='ocrx_word' id='word_1_10' title='bbox 1981 530 2051 594; x_wconf 79' lang='grc' dir='ltr'>δὲ</span> <span class='ocrx_word' id='word_1_11' title='bbox 2096 528 2504 610; x_wconf 84' lang='grc' dir='ltr'>Πτολεμαίου</span> <span class='ocrx_word' id='word_1_12' title='bbox 2549 533 2748 609; x_wconf 91' lang='grc' dir='ltr'>δῆμος</span> <span class='ocrx_word' id='word_1_13' title='bbox 2803 532 2917 607; x_wconf 90' lang='grc' dir='ltr'>τῆς</span> <span class='ocrx_word' id='word_1_14' title='bbox 2959 529 3206 594; x_wconf 89' lang='grc' dir='ltr'>Πτολε-</span> 
     </span>
     <span class='ocr_line' id='line_1_3' title="bbox 618 625 3209 719; baseline -0.001 -21"><span class='ocrx_word' id='word_1_15' title='bbox 618 634 843 713; x_wconf 77' lang='grc' dir='ltr'>μαΐδος</span> <span class='ocrx_word' id='word_1_16' title='bbox 888 636 1125 714; x_wconf 90' lang='grc' dir='ltr'>φυλῆς·</span> <span class='ocrx_word' id='word_1_17' title='bbox 1171 633 1274 719; x_wconf 70' lang='grc' dir='ltr'>καὶ</span> <span class='ocrx_word' id='word_1_18' title='bbox 1317 631 1483 695; x_wconf 82' lang='grc' dir='ltr'>ἄλλα</span> <span class='ocrx_word' id='word_1_19' title='bbox 1529 631 1832 710; x_wconf 83' lang='grc' dir='ltr'>ἐξηνέχθη</span> <span class='ocrx_word' id='word_1_20' title='bbox 1879 637 2395 711; x_wconf 85' lang='grc' dir='ltr'>πατρωνυμικῶς.</span> <span class='ocrx_word' id='word_1_21' title='bbox 2483 625 2959 698; x_wconf 87' lang='grc' dir='ltr'>Δαιδαλίδαι</span> <span class='ocrx_word' id='word_1_22' title='bbox 3005 635 3209 711; x_wconf 91' lang='grc' dir='ltr'>δῆμος</span> 
     </span>
     <span class='ocr_line' id='line_1_4' title="bbox 616 733 3208 817; baseline -0.001 -15"><span class='ocrx_word' id='word_1_23' title='bbox 616 740 727 815; x_wconf 91' lang='grc' dir='ltr'>τῆς</span> <span class='ocrx_word' id='word_1_24' title='bbox 776 736 1162 815; x_wconf 91' lang='grc' dir='ltr'>Κεκροπίδος</span> <span class='ocrx_word' id='word_1_25' title='bbox 1206 736 1449 816; x_wconf 90' lang='grc' dir='ltr'>φυλῆς,</span> <span class='ocrx_word' id='word_1_26' title='bbox 1493 733 1880 812; x_wconf 87' lang='grc' dir='ltr'>Εἰρεςίδαι</span> <span class='ocrx_word' id='word_1_27' title='bbox 1935 738 2047 813; x_wconf 91' lang='grc' dir='ltr'>τῆς</span> <span class='ocrx_word' id='word_1_28' title='bbox 2093 735 2574 817; x_wconf 90' lang='grc' dir='ltr'>Ἀκαμαντίδος,</span> <span class='ocrx_word' id='word_1_29' title='bbox 2619 734 3049 814; x_wconf 85' lang='grc' dir='ltr'>Εὐπυρίδαι</span> <span class='ocrx_word' id='word_1_30' title='bbox 3096 738 3208 813; x_wconf 89' lang='grc' dir='ltr'>τῆς</span> 
     </span>
     <span class='ocr_line' id='line_1_5' title="bbox 614 832 3206 921; baseline -0.001 -17"><span class='ocrx_word' id='word_1_31' title='bbox 614 838 991 921; x_wconf 82' lang='grc' dir='ltr'>Λεοντίδος,</span> <span class='ocrx_word' id='word_1_32' title='bbox 1037 836 1416 916; x_wconf 84' lang='grc' dir='ltr'>Ἐχελίδαι</span> <span class='ocrx_word' id='word_1_33' title='bbox 1461 838 1663 914; x_wconf 92' lang='grc' dir='ltr'>δῆμος</span> <span class='ocrx_word' id='word_1_34' title='bbox 1705 840 1816 915; x_wconf 92' lang='grc' dir='ltr'>τῆς</span> <span class='ocrx_word' id='word_1_35' title='bbox 1862 837 2169 920; x_wconf 81' lang='grc' dir='ltr'>Ἀττικῆς,</span> <span class='ocrx_word' id='word_1_36' title='bbox 2214 837 2543 902; x_wconf 81' lang='grc' dir='ltr'>Ἰωνίδαι</span> <span class='ocrx_word' id='word_1_37' title='bbox 2591 832 2791 917; x_wconf 85' lang='grc' dir='ltr'>δῆμος</span> <span class='ocrx_word' id='word_1_38' title='bbox 2844 841 2956 916; x_wconf 90' lang='grc' dir='ltr'>τῆς</span> <span class='ocrx_word' id='word_1_39' title='bbox 2998 838 3206 916; x_wconf 78' lang='grc' dir='ltr'>Αἰγηΐ-</span> 
     </span>
     <span class='ocr_line' id='line_1_6' title="bbox 555 937 3206 1023; baseline -0.001 -17"><span class='ocrx_word' id='word_1_40' title='bbox 555 950 588 998; x_wconf 83' lang='grc'>5</span> <span class='ocrx_word' id='word_1_41' title='bbox 619 947 732 1007; x_wconf 92' lang='grc' dir='ltr'>δος</span> <span class='ocrx_word' id='word_1_42' title='bbox 764 945 996 1023; x_wconf 86' lang='grc' dir='ltr'>φυλῆς,</span> <span class='ocrx_word' id='word_1_43' title='bbox 1032 938 1502 1004; x_wconf 89' lang='grc' dir='ltr'>Κυνδατίδαι</span> <span class='ocrx_word' id='word_1_44' title='bbox 1547 939 1658 1015; x_wconf 90' lang='grc' dir='ltr'>τῆς</span> <span class='ocrx_word' id='word_1_45' title='bbox 1689 937 1916 1021; x_wconf 87' lang='grc' dir='ltr'>αὐτῆς,</span> <span class='ocrx_word' id='word_1_46' title='bbox 1953 938 2424 1023; x_wconf 90' lang='grc' dir='ltr'>Κοθωτίδαι,</span> <span class='ocrx_word' id='word_1_47' title='bbox 2453 939 2835 1018; x_wconf 88' lang='grc' dir='ltr'>Περρίδαι</span> <span class='ocrx_word' id='word_1_48' title='bbox 2866 944 3066 1019; x_wconf 93' lang='grc' dir='ltr'>δῆμος</span> <span class='ocrx_word' id='word_1_49' title='bbox 3094 943 3206 1017; x_wconf 91' lang='grc' dir='ltr'>τῆς</span> 
     </span>
     <span class='ocr_line' id='line_1_7' title="bbox 613 1038 3204 1123; baseline -0.001 -14"><span class='ocrx_word' id='word_1_50' title='bbox 613 1044 1005 1122; x_wconf 82' lang='grc' dir='ltr'>Ἀντιοχίδος</span> <span class='ocrx_word' id='word_1_51' title='bbox 1069 1044 1310 1123; x_wconf 85' lang='grc' dir='ltr'>φυλῆς,</span> <span class='ocrx_word' id='word_1_52' title='bbox 1389 1038 1813 1121; x_wconf 71' lang='grc' dir='ltr'>Εημαχίδαι</span> <span class='ocrx_word' id='word_1_53' title='bbox 1882 1045 2085 1119; x_wconf 90' lang='grc' dir='ltr'>δῆμος</span> <span class='ocrx_word' id='word_1_54' title='bbox 2148 1045 2260 1119; x_wconf 92' lang='grc' dir='ltr'>τῆς</span> <span class='ocrx_word' id='word_1_55' title='bbox 2332 1042 2608 1121; x_wconf 84' lang='grc' dir='ltr'>Ἀττικῆς</span> <span class='ocrx_word' id='word_1_56' title='bbox 2678 1042 2809 1107; x_wconf 84' lang='grc' dir='ltr'>ἀπὸ</span> <span class='ocrx_word' id='word_1_57' title='bbox 2883 1041 3204 1122; x_wconf 76' lang='grc' dir='ltr'>(ημάχου·</span> 
     </span>
     <span class='ocr_line' id='line_1_8' title="bbox 611 1140 3203 1224; baseline -0.001 -13"><span class='ocrx_word' id='word_1_58' title='bbox 611 1147 739 1212; x_wconf 84' lang='grc' dir='ltr'>ἔςτι</span> <span class='ocrx_word' id='word_1_59' title='bbox 787 1148 858 1211; x_wconf 76' lang='grc' dir='ltr'>δὲ</span> <span class='ocrx_word' id='word_1_60' title='bbox 905 1143 1293 1223; x_wconf 85' lang='grc' dir='ltr'>Ἀντιοχίδος</span> <span class='ocrx_word' id='word_1_61' title='bbox 1349 1144 1590 1222; x_wconf 85' lang='grc' dir='ltr'>φυλῆς·</span> <span class='ocrx_word' id='word_1_62' title='bbox 1645 1140 2007 1222; x_wconf 87' lang='grc' dir='ltr'>Φιλόχορος</span> <span class='ocrx_word' id='word_1_63' title='bbox 2063 1146 2134 1209; x_wconf 80' lang='grc' dir='ltr'>δὲ</span> <span class='ocrx_word' id='word_1_64' title='bbox 2190 1147 2301 1223; x_wconf 91' lang='grc' dir='ltr'>τῆς</span> <span class='ocrx_word' id='word_1_65' title='bbox 2347 1145 2677 1223; x_wconf 84' lang='grc' dir='ltr'>Ἐπακρίας</span> <span class='ocrx_word' id='word_1_66' title='bbox 2731 1146 2885 1224; x_wconf 87' lang='grc' dir='ltr'>φηςὶ</span> <span class='ocrx_word' id='word_1_67' title='bbox 2935 1146 3053 1210; x_wconf 90' lang='grc' dir='ltr'>τὸν</span> <span class='ocrx_word' id='word_1_68' title='bbox 3097 1148 3203 1223; x_wconf 90' lang='grc' dir='ltr'>δῆ-</span> 
     </span>
     <span class='ocr_line' id='line_1_9' title="bbox 613 1243 3203 1329; baseline -0.002 -15"><span class='ocrx_word' id='word_1_69' title='bbox 613 1271 753 1329; x_wconf 88' lang='grc' dir='ltr'>μον.</span> <span class='ocrx_word' id='word_1_70' title='bbox 866 1246 1408 1328; x_wconf 81' lang='grc' dir='ltr'>(καμβωνίδαι</span> <span class='ocrx_word' id='word_1_71' title='bbox 1475 1247 1675 1322; x_wconf 92' lang='grc' dir='ltr'>δῆμος</span> <span class='ocrx_word' id='word_1_72' title='bbox 1730 1243 2007 1323; x_wconf 88' lang='grc' dir='ltr'>Ἀττικῆς</span> <span class='ocrx_word' id='word_1_73' title='bbox 2074 1247 2461 1326; x_wconf 88' lang='grc' dir='ltr'>Ἀντιοχίδος</span> <span class='ocrx_word' id='word_1_74' title='bbox 2533 1250 2772 1329; x_wconf 89' lang='grc' dir='ltr'>φυλῆς,</span> <span class='ocrx_word' id='word_1_75' title='bbox 2841 1246 3203 1327; x_wconf 83' lang='grc' dir='ltr'>(υβρίδαι</span> 
     </span>
     <span class='ocr_line' id='line_1_10' title="bbox 611 1348 3202 1431; baseline -0.002 -15"><span class='ocrx_word' id='word_1_76' title='bbox 611 1356 813 1431; x_wconf 91' lang='grc' dir='ltr'>δῆμος</span> <span class='ocrx_word' id='word_1_77' title='bbox 887 1354 999 1428; x_wconf 90' lang='grc' dir='ltr'>τῆς</span> <span class='ocrx_word' id='word_1_78' title='bbox 1076 1348 1475 1428; x_wconf 80' lang='grc' dir='ltr'>Ἐρεχθηῖδος</span> <span class='ocrx_word' id='word_1_79' title='bbox 1554 1348 1796 1427; x_wconf 89' lang='grc' dir='ltr'>φυλῆς,</span> <span class='ocrx_word' id='word_1_80' title='bbox 1874 1348 2310 1427; x_wconf 89' lang='grc' dir='ltr'>Βωταχίδαι</span> <span class='ocrx_word' id='word_1_81' title='bbox 2389 1350 2591 1414; x_wconf 89' lang='grc' dir='ltr'>τόπος</span> <span class='ocrx_word' id='word_1_82' title='bbox 2668 1349 2997 1427; x_wconf 85' lang='grc' dir='ltr'>Ἀρκαδίας</span> <span class='ocrx_word' id='word_1_83' title='bbox 3072 1348 3202 1412; x_wconf 89' lang='grc' dir='ltr'>ἀπὸ</span> 
     </span>
     <span class='ocr_line' id='line_1_11' title="bbox 515 1449 3203 1532; baseline 0.001 -20"><span class='ocrx_word' id='word_1_84' title='bbox 515 1460 577 1512; x_wconf 85' lang='grc'>10</span> <span class='ocrx_word' id='word_1_85' title='bbox 612 1454 937 1532; x_wconf 91' lang='grc' dir='ltr'>Βωτάχου.</span> <span class='ocrx_word' id='word_1_86' title='bbox 1045 1450 1418 1516; x_wconf 82' lang='grc' dir='ltr'>Φιλαῖδαι</span> <span class='ocrx_word' id='word_1_87' title='bbox 1483 1451 1683 1527; x_wconf 88' lang='grc' dir='ltr'>δῆμος</span> <span class='ocrx_word' id='word_1_88' title='bbox 1746 1451 1861 1525; x_wconf 88' lang='grc' dir='ltr'>τῆς</span> <span class='ocrx_word' id='word_1_89' title='bbox 1923 1449 2221 1529; x_wconf 77' lang='grc' dir='ltr'>Αἰγηΐδος</span> <span class='ocrx_word' id='word_1_90' title='bbox 2283 1453 2492 1532; x_wconf 91' lang='grc' dir='ltr'>φυλῆς</span> <span class='ocrx_word' id='word_1_91' title='bbox 2559 1450 2690 1515; x_wconf 84' lang='grc' dir='ltr'>ἀπὸ</span> <span class='ocrx_word' id='word_1_92' title='bbox 2756 1450 3025 1515; x_wconf 87' lang='grc' dir='ltr'>Φιλαίου</span> <span class='ocrx_word' id='word_1_93' title='bbox 3086 1455 3203 1514; x_wconf 82' lang='grc' dir='ltr'>τοῦ</span> 
     </span>
     <span class='ocr_line' id='line_1_12' title="bbox 609 1550 3201 1635; baseline -0.002 -14"><span class='ocrx_word' id='word_1_94' title='bbox 609 1555 881 1621; x_wconf 79' lang='grc' dir='ltr'>Αἴαντος</span> <span class='ocrx_word' id='word_1_95' title='bbox 926 1555 1069 1620; x_wconf 85' lang='grc' dir='ltr'>υἱοῦ</span> <span class='ocrx_word' id='word_1_96' title='bbox 1113 1555 1217 1617; x_wconf 88' lang='grc' dir='ltr'>καὶ</span> <span class='ocrx_word' id='word_1_97' title='bbox 1258 1550 1617 1632; x_wconf 90' lang='grc' dir='ltr'>Λυςιδίκης,</span> <span class='ocrx_word' id='word_1_98' title='bbox 1670 1553 1783 1628; x_wconf 90' lang='grc' dir='ltr'>τῆς</span> <span class='ocrx_word' id='word_1_99' title='bbox 1832 1551 2139 1629; x_wconf 85' lang='grc' dir='ltr'>Κορώνου</span> <span class='ocrx_word' id='word_1_100' title='bbox 2194 1556 2312 1617; x_wconf 82' lang='grc' dir='ltr'>τοῦ</span> <span class='ocrx_word' id='word_1_101' title='bbox 2367 1553 2686 1635; x_wconf 87' lang='grc' dir='ltr'>Λαπίθου,</span> <span class='ocrx_word' id='word_1_102' title='bbox 2743 1553 2834 1617; x_wconf 85' lang='grc' dir='ltr'>ώς</span> <span class='ocrx_word' id='word_1_103' title='bbox 2877 1553 3201 1631; x_wconf 79' lang='grc' dir='ltr'>Πειραϊ-</span> 
     </span>
     <span class='ocr_line' id='line_1_13' title="bbox 611 1650 3201 1739; baseline -0.002 -15"><span class='ocrx_word' id='word_1_104' title='bbox 611 1665 746 1739; x_wconf 91' lang='grc' dir='ltr'>δης</span> <span class='ocrx_word' id='word_1_105' title='bbox 801 1658 1239 1736; x_wconf 74' lang='grc' dir='ltr'>«Πειραῖδαο»</span> <span class='ocrx_word' id='word_1_106' title='bbox 1298 1654 1389 1736; x_wconf 93' lang='grc' dir='ltr'>(Δ</span> <span class='ocrx_word' id='word_1_107' title='bbox 1434 1650 1619 1732; x_wconf 82' lang='grc'>228)·</span> <span class='ocrx_word' id='word_1_108' title='bbox 1680 1657 1875 1717; x_wconf 89' lang='grc' dir='ltr'>τοῦτο</span> <span class='ocrx_word' id='word_1_109' title='bbox 1932 1655 2056 1733; x_wconf 90' lang='grc' dir='ltr'>γὰρ</span> <span class='ocrx_word' id='word_1_110' title='bbox 2112 1654 2183 1719; x_wconf 86' lang='grc' dir='ltr'>ἐν</span> <span class='ocrx_word' id='word_1_111' title='bbox 2237 1656 2518 1735; x_wconf 87' lang='grc' dir='ltr'>τέςςαρςι</span> <span class='ocrx_word' id='word_1_112' title='bbox 2572 1658 2911 1735; x_wconf 87' lang='grc' dir='ltr'>ςυλλαβαῖς</span> <span class='ocrx_word' id='word_1_113' title='bbox 2956 1656 3201 1735; x_wconf 92' lang='grc' dir='ltr'>προφέ-</span> 
     </span>
     <span class='ocr_line' id='line_1_14' title="bbox 611 1753 3200 1841; baseline -0.001 -17"><span class='ocrx_word' id='word_1_114' title='bbox 611 1781 832 1840; x_wconf 91' lang='grc' dir='ltr'>ρονται</span> <span class='ocrx_word' id='word_1_115' title='bbox 880 1759 943 1823; x_wconf 82' lang='grc' dir='ltr'>οἱ</span> <span class='ocrx_word' id='word_1_116' title='bbox 987 1758 1192 1823; x_wconf 86' lang='grc' dir='ltr'>ἄλλοι.</span> <span class='ocrx_word' id='word_1_117' title='bbox 1269 1753 1643 1834; x_wconf 86' lang='grc' dir='ltr'>Τυραννίων</span> <span class='ocrx_word' id='word_1_118' title='bbox 1690 1756 1760 1820; x_wconf 78' lang='grc' dir='ltr'>δὲ</span> <span class='ocrx_word' id='word_1_119' title='bbox 1804 1757 2263 1841; x_wconf 87' lang='grc' dir='ltr'>τριςυλλάβως,</span> <span class='ocrx_word' id='word_1_120' title='bbox 2310 1759 2520 1834; x_wconf 85' lang='grc' dir='ltr'>λέγων</span> <span class='ocrx_word' id='word_1_121' title='bbox 2566 1758 2657 1823; x_wconf 82' lang='grc' dir='ltr'>ὡς</span> <span class='ocrx_word' id='word_1_122' title='bbox 2702 1756 2799 1822; x_wconf 87' lang='grc' dir='ltr'>ὅτι</span> <span class='ocrx_word' id='word_1_123' title='bbox 2844 1756 3038 1824; x_wconf 78' lang='grc' dir='ltr'>οὐδὲν</span> <span class='ocrx_word' id='word_1_124' title='bbox 3080 1778 3200 1831; x_wconf 86' lang='grc' dir='ltr'>πα-</span> 
     </span>
     <span class='ocr_line' id='line_1_15' title="bbox 606 1856 3200 1943; baseline 0 -18"><span class='ocrx_word' id='word_1_125' title='bbox 606 1862 1008 1941; x_wconf 77' lang='grc' dir='ltr'>τρωνυμικόν</span> <span class='ocrx_word' id='word_1_126' title='bbox 1054 1860 1229 1937; x_wconf 89' lang='grc' dir='ltr'>παρὰ</span> <span class='ocrx_word' id='word_1_127' title='bbox 1272 1864 1365 1943; x_wconf 85' lang='grc' dir='ltr'>τῷ</span> <span class='ocrx_word' id='word_1_128' title='bbox 1409 1863 1641 1941; x_wconf 84' lang='grc' dir='ltr'>ποιητῇ</span> <span class='ocrx_word' id='word_1_129' title='bbox 1698 1856 1829 1935; x_wconf 82' lang='grc' dir='ltr'>ἔχει</span> <span class='ocrx_word' id='word_1_130' title='bbox 1887 1859 2016 1936; x_wconf 84' lang='grc' dir='ltr'>πρὸ</span> <span class='ocrx_word' id='word_1_131' title='bbox 2071 1860 2300 1925; x_wconf 85' lang='grc' dir='ltr'>τέλους</span> <span class='ocrx_word' id='word_1_132' title='bbox 2357 1861 2806 1940; x_wconf 83' lang='grc' dir='ltr'>διεςταλμένον</span> <span class='ocrx_word' id='word_1_133' title='bbox 2861 1861 2937 1925; x_wconf 91' lang='grc' dir='ltr'>τὸ</span> <span class='ocrx_word' id='word_1_134' title='bbox 2982 1863 3015 1923; x_wconf 82' lang='grc' dir='ltr'>ἶ</span> <span class='ocrx_word' id='word_1_135' title='bbox 3069 1860 3200 1926; x_wconf 87' lang='grc' dir='ltr'>ἀπὸ</span> 
     </span>
     <span class='ocr_line' id='line_1_16' title="bbox 509 1958 3198 2045; baseline -0.001 -17"><span class='ocrx_word' id='word_1_136' title='bbox 509 1970 575 2020; x_wconf 85' lang='lat'>15</span> <span class='ocrx_word' id='word_1_137' title='bbox 611 1964 836 2042; x_wconf 86' lang='grc' dir='ltr'>ἑτέρου</span> <span class='ocrx_word' id='word_1_138' title='bbox 867 1964 1250 2044; x_wconf 86' lang='grc' dir='ltr'>φωνήεντος</span> <span class='ocrx_word' id='word_1_139' title='bbox 1281 1958 1426 2029; x_wconf 87' lang='grc' dir='ltr'>οἷον</span> <span class='ocrx_word' id='word_1_140' title='bbox 1456 1958 1815 2041; x_wconf 89' lang='grc' dir='ltr'>Πυθοίδης,</span> <span class='ocrx_word' id='word_1_141' title='bbox 1864 1960 2214 2041; x_wconf 88' lang='grc' dir='ltr'>Βοηθοίδης</span> <span class='ocrx_word' id='word_1_142' title='bbox 2230 2012 2248 2045; x_wconf 89' lang='grc'>,</span> <span class='ocrx_word' id='word_1_143' title='bbox 2292 1964 2626 2043; x_wconf 88' lang='grc' dir='ltr'>Πηλείδης.</span> <span class='ocrx_word' id='word_1_144' title='bbox 2688 1961 2806 2026; x_wconf 88' lang='grc' dir='ltr'>οὐκ</span> <span class='ocrx_word' id='word_1_145' title='bbox 2836 1961 2961 2041; x_wconf 86' lang='grc' dir='ltr'>ἄρα</span> <span class='ocrx_word' id='word_1_146' title='bbox 2988 1966 3198 2026; x_wconf 84' lang='grc' dir='ltr'>τοῦτο.</span> 
     </span>
     <span class='ocr_line' id='line_1_17' title="bbox 612 2059 3201 2148; baseline -0.001 -17"><span class='ocrx_word' id='word_1_147' title='bbox 612 2068 773 2146; x_wconf 78' lang='grc' dir='ltr'>ὑπὲρ</span> <span class='ocrx_word' id='word_1_148' title='bbox 818 2067 890 2129; x_wconf 78' lang='grc' dir='ltr'>δὲ</span> <span class='ocrx_word' id='word_1_149' title='bbox 933 2069 1051 2129; x_wconf 81' lang='grc' dir='ltr'>τοῦ</span> <span class='ocrx_word' id='word_1_150' title='bbox 1094 2061 1613 2142; x_wconf 89' lang='grc' dir='ltr'>τετραςυλλάβως</span> <span class='ocrx_word' id='word_1_151' title='bbox 1657 2059 2116 2137; x_wconf 88' lang='grc' dir='ltr'>ἀναγινώςκειν</span> <span class='ocrx_word' id='word_1_152' title='bbox 2146 2064 2380 2145; x_wconf 82' lang='grc' dir='ltr'>ἔχομεν</span> <span class='ocrx_word' id='word_1_153' title='bbox 2425 2065 2636 2130; x_wconf 85' lang='grc' dir='ltr'>ἐκεῖνο</span> <span class='ocrx_word' id='word_1_154' title='bbox 2682 2065 2924 2148; x_wconf 84' lang='grc' dir='ltr'>λέγειν,</span> <span class='ocrx_word' id='word_1_155' title='bbox 2973 2065 3063 2131; x_wconf 80' lang='grc' dir='ltr'>ὡς</span> <span class='ocrx_word' id='word_1_156' title='bbox 3103 2064 3201 2129; x_wconf 89' lang='grc' dir='ltr'>ὅτι</span> 
     </span>
     <span class='ocr_line' id='line_1_18' title="bbox 611 2163 3200 2247; baseline -0 -15"><span class='ocrx_word' id='word_1_157' title='bbox 611 2169 863 2234; x_wconf 80' lang='grc' dir='ltr'>ἐντελές</span> <span class='ocrx_word' id='word_1_158' title='bbox 917 2168 1042 2233; x_wconf 83' lang='grc' dir='ltr'>ἑςτι</span> <span class='ocrx_word' id='word_1_159' title='bbox 1098 2169 1174 2232; x_wconf 91' lang='grc' dir='ltr'>τὸ</span> <span class='ocrx_word' id='word_1_160' title='bbox 1232 2167 1392 2232; x_wconf 85' lang='grc' dir='ltr'>κατὰ</span> <span class='ocrx_word' id='word_1_161' title='bbox 1447 2163 1731 2228; x_wconf 90' lang='grc' dir='ltr'>διάλυςιν</span> <span class='ocrx_word' id='word_1_162' title='bbox 1769 2166 1905 2234; x_wconf 69' lang='grc' dir='ltr'>,τοῦ</span> <span class='ocrx_word' id='word_1_163' title='bbox 1959 2167 2022 2247; x_wconf 83' lang='grc' dir='ltr'>ἶ,</span> <span class='ocrx_word' id='word_1_164' title='bbox 2079 2168 2181 2231; x_wconf 81' lang='grc' dir='ltr'>καὶ</span> <span class='ocrx_word' id='word_1_165' title='bbox 2238 2167 2335 2232; x_wconf 86' lang='grc' dir='ltr'>ὅτι</span> <span class='ocrx_word' id='word_1_166' title='bbox 2390 2168 2508 2233; x_wconf 87' lang='grc' dir='ltr'>οὐκ</span> <span class='ocrx_word' id='word_1_167' title='bbox 2562 2167 2797 2247; x_wconf 84' lang='grc' dir='ltr'>ἔχομεν</span> <span class='ocrx_word' id='word_1_168' title='bbox 2839 2167 3099 2232; x_wconf 85' lang='grc' dir='ltr'>τοιοῦτό</span> <span class='ocrx_word' id='word_1_169' title='bbox 3139 2188 3200 2231; x_wconf 93' lang='grc' dir='ltr'>τι</span> 
     </span>
     <span class='ocr_line' id='line_1_19' title="bbox 610 2265 3198 2352; baseline -0 -17"><span class='ocrx_word' id='word_1_170' title='bbox 610 2270 1130 2352; x_wconf 87' lang='grc' dir='ltr'>πατρωνυμικόν,</span> <span class='ocrx_word' id='word_1_171' title='bbox 1175 2271 1214 2335; x_wconf 86' lang='grc' dir='ltr'>ὃ</span> <span class='ocrx_word' id='word_1_172' title='bbox 1257 2271 1418 2334; x_wconf 88' lang='grc' dir='ltr'>κατὰ</span> <span class='ocrx_word' id='word_1_173' title='bbox 1462 2265 1778 2346; x_wconf 84' lang='grc' dir='ltr'>ςύλληψιν</span> <span class='ocrx_word' id='word_1_174' title='bbox 1824 2265 2126 2350; x_wconf 82' lang='grc' dir='ltr'>ἐξηνέχθη</span> <span class='ocrx_word' id='word_1_175' title='bbox 2170 2275 2287 2335; x_wconf 83' lang='grc' dir='ltr'>τοῦ</span> <span class='ocrx_word' id='word_1_176' title='bbox 2332 2272 2373 2333; x_wconf 79' lang='grc' dir='ltr'>ἃ</span> <span class='ocrx_word' id='word_1_177' title='bbox 2417 2270 2665 2334; x_wconf 83' lang='grc' dir='ltr'>καὶτοῦ</span> <span class='ocrx_word' id='word_1_178' title='bbox 2708 2271 2742 2332; x_wconf 78' lang='grc' dir='ltr'>’ῑ</span> <span class='ocrx_word' id='word_1_179' title='bbox 2786 2270 2915 2348; x_wconf 84' lang='grc' dir='ltr'>πρὸ</span> <span class='ocrx_word' id='word_1_180' title='bbox 2954 2270 3198 2335; x_wconf 84' lang='grc' dir='ltr'>τέλους.</span> 
     </span>
     <span class='ocr_line' id='line_1_20' title="bbox 609 2371 3197 2457; baseline 0 -20"><span class='ocrx_word' id='word_1_181' title='bbox 609 2374 782 2452; x_wconf 88' lang='grc' dir='ltr'>παρὰ</span> <span class='ocrx_word' id='word_1_182' title='bbox 827 2374 903 2438; x_wconf 84' lang='grc' dir='ltr'>τὸ</span> <span class='ocrx_word' id='word_1_183' title='bbox 946 2372 1250 2451; x_wconf 89' lang='grc' dir='ltr'>Πείραιος</span> <span class='ocrx_word' id='word_1_184' title='bbox 1295 2374 1417 2440; x_wconf 83' lang='grc' dir='ltr'>οὖν</span> <span class='ocrx_word' id='word_1_185' title='bbox 1460 2375 1807 2457; x_wconf 83' lang='grc' dir='ltr'>Πειραῖδης</span> <span class='ocrx_word' id='word_1_186' title='bbox 1866 2376 2143 2453; x_wconf 80' lang='grc' dir='ltr'>ἐγένετο.</span> <span class='ocrx_word' id='word_1_187' title='bbox 2233 2372 2615 2451; x_wconf 86' lang='grc' dir='ltr'>ώγενίδης</span> <span class='ocrx_word' id='word_1_188' title='bbox 2661 2371 2700 2435; x_wconf 87' lang='grc' dir='ltr'>ὁ</span> <span class='ocrx_word' id='word_1_189' title='bbox 2753 2371 3021 2451; x_wconf 86' lang='grc' dir='ltr'>ἀρχαῖος</span> <span class='ocrx_word' id='word_1_190' title='bbox 3063 2372 3197 2437; x_wconf 85' lang='grc' dir='ltr'>ἀπὸ</span> 
     </span>
     <span class='ocr_line' id='line_1_21' title="bbox 505 2473 3197 2558; baseline 0.002 -24"><span class='ocrx_word' id='word_1_191' title='bbox 505 2485 573 2535; x_wconf 82' lang='lat'>20</span> <span class='ocrx_word' id='word_1_192' title='bbox 606 2473 876 2551; x_wconf 81' lang='grc' dir='ltr'>Ὠγένου</span> <span class='ocrx_word' id='word_1_193' title='bbox 934 2475 1204 2554; x_wconf 87' lang='grc' dir='ltr'>ἀρχαίου</span> <span class='ocrx_word' id='word_1_194' title='bbox 1261 2481 1430 2542; x_wconf 86' lang='grc' dir='ltr'>θεοῦ.</span> <span class='ocrx_word' id='word_1_195' title='bbox 1524 2479 1636 2542; x_wconf 88' lang='grc' dir='ltr'>Καὶ</span> <span class='ocrx_word' id='word_1_196' title='bbox 1689 2479 1767 2543; x_wconf 84' lang='grc' dir='ltr'>τὰ</span> <span class='ocrx_word' id='word_1_197' title='bbox 1824 2476 2271 2558; x_wconf 85' lang='grc' dir='ltr'>μητρωνυμικὰ</span> <span class='ocrx_word' id='word_1_198' title='bbox 2328 2476 2400 2539; x_wconf 83' lang='grc' dir='ltr'>δὲ</span> <span class='ocrx_word' id='word_1_199' title='bbox 2458 2476 2562 2539; x_wconf 88' lang='grc' dir='ltr'>διὰ</span> <span class='ocrx_word' id='word_1_200' title='bbox 2616 2478 2733 2538; x_wconf 83' lang='grc' dir='ltr'>τοῦ</span> <span class='ocrx_word' id='word_1_201' title='bbox 2777 2476 2809 2537; x_wconf 90' lang='grc' dir='ltr'>ῖ</span> <span class='ocrx_word' id='word_1_202' title='bbox 2862 2475 3197 2557; x_wconf 88' lang='grc' dir='ltr'>γράφεται,</span> 
     </span>
     <span class='ocr_line' id='line_1_22' title="bbox 606 2575 3197 2664; baseline 0 -22"><span class='ocrx_word' id='word_1_203' title='bbox 606 2578 1023 2660; x_wconf 78' lang='grc' dir='ltr'>Λητοΐδης,</span> <span class='ocrx_word' id='word_1_204' title='bbox 1089 2578 1530 2664; x_wconf 85' lang='grc' dir='ltr'>Δαναῖδης,</span> <span class='ocrx_word' id='word_1_205' title='bbox 1614 2581 2018 2661; x_wconf 90' lang='grc' dir='ltr'>Νιοβίδης,</span> <span class='ocrx_word' id='word_1_206' title='bbox 2094 2578 2246 2643; x_wconf 87' lang='grc' dir='ltr'>ὅθεν</span> <span class='ocrx_word' id='word_1_207' title='bbox 2286 2578 2388 2642; x_wconf 74' lang='grc' dir='ltr'>Δτὸ</span> <span class='ocrx_word' id='word_1_208' title='bbox 2452 2575 2914 2656; x_wconf 89' lang='grc' dir='ltr'>Φιλομηλείδης</span> <span class='ocrx_word' id='word_1_209' title='bbox 2978 2577 3197 2656; x_wconf 85' lang='grc' dir='ltr'>κύριον</span> 
     </span>
     <span class='ocr_line' id='line_1_23' title="bbox 607 2678 3196 2765; baseline 0 -21"><span class='ocrx_word' id='word_1_210' title='bbox 607 2680 855 2756; x_wconf 85' lang='grc' dir='ltr'>λέγεται</span> <span class='ocrx_word' id='word_1_211' title='bbox 900 2678 1095 2744; x_wconf 85' lang='grc' dir='ltr'>εἶναι·</span> <span class='ocrx_word' id='word_1_212' title='bbox 1153 2680 1207 2745; x_wconf 87' lang='grc' dir='ltr'>εἰ</span> <span class='ocrx_word' id='word_1_213' title='bbox 1260 2681 1383 2761; x_wconf 84' lang='grc' dir='ltr'>γὰρ</span> <span class='ocrx_word' id='word_1_214' title='bbox 1426 2682 1507 2762; x_wconf 89' lang='grc' dir='ltr'>ἦν</span> <span class='ocrx_word' id='word_1_215' title='bbox 1552 2682 2070 2765; x_wconf 88' lang='grc' dir='ltr'>μητρωνυμικόν,</span> <span class='ocrx_word' id='word_1_216' title='bbox 2126 2681 2230 2746; x_wconf 85' lang='grc' dir='ltr'>διὰ</span> <span class='ocrx_word' id='word_1_217' title='bbox 2274 2683 2394 2746; x_wconf 86' lang='grc' dir='ltr'>τοῦ</span> <span class='ocrx_word' id='word_1_218' title='bbox 2435 2682 2468 2742; x_wconf 84' lang='grc' dir='ltr'>ἶ</span> <span class='ocrx_word' id='word_1_219' title='bbox 2512 2679 2834 2759; x_wconf 80' lang='grc' dir='ltr'>ἐγράφετο</span> <span class='ocrx_word' id='word_1_220' title='bbox 2880 2679 2989 2743; x_wconf 82' lang='grc' dir='ltr'>ἄν·</span> <span class='ocrx_word' id='word_1_221' title='bbox 3045 2679 3196 2745; x_wconf 80' lang='grc' dir='ltr'>ἀλλ’</span> 
     </span>
     <span class='ocr_line' id='line_1_24' title="bbox 605 2782 3195 2867; baseline 0 -20"><span class='ocrx_word' id='word_1_222' title='bbox 605 2784 761 2848; x_wconf 82' lang='grc' dir='ltr'>οὐδὲ</span> <span class='ocrx_word' id='word_1_223' title='bbox 817 2782 1101 2863; x_wconf 90' lang='grc' dir='ltr'>Ὅμηρος</span> <span class='ocrx_word' id='word_1_224' title='bbox 1167 2782 1298 2849; x_wconf 87' lang='grc' dir='ltr'>ἀπὸ</span> <span class='ocrx_word' id='word_1_225' title='bbox 1366 2786 1656 2865; x_wconf 87' lang='grc' dir='ltr'>μητέρων</span> <span class='ocrx_word' id='word_1_226' title='bbox 1711 2786 2060 2866; x_wconf 84' lang='grc' dir='ltr'>ςχηματίζει</span> <span class='ocrx_word' id='word_1_227' title='bbox 2111 2783 2602 2863; x_wconf 89' lang='grc' dir='ltr'>πατρωνυμικόν</span> <span class='ocrx_word' id='word_1_228' title='bbox 2615 2805 2645 2867; x_wconf 90' lang='grc'>,·</span> <span class='ocrx_word' id='word_1_229' title='bbox 2689 2782 2778 2849; x_wconf 87' lang='grc' dir='ltr'>ὥς</span> <span class='ocrx_word' id='word_1_230' title='bbox 2832 2803 2984 2863; x_wconf 92' lang='grc' dir='ltr'>φηςι</span> <span class='ocrx_word' id='word_1_231' title='bbox 3037 2784 3195 2848; x_wconf 92' lang='grc' dir='ltr'>Διο-</span> 
     </span>
     <span class='ocr_line' id='line_1_25' title="bbox 601 2905 835 2950; baseline -0.004 0"><span class='ocrx_word' id='word_1_232' title='bbox 601 2905 835 2950; x_wconf 92' lang='grc' dir='ltr'>νυςιος.</span> 
     </span>
    </p>
   </div>
   <div class='ocr_carea' id='block_1_3' title="bbox 500 3008 3192 3311">
    <p class='ocr_par' dir='ltr' id='par_1_3' title="bbox 500 3008 3192 3311">
     <span class='ocr_line' id='line_1_26' title="bbox 500 3008 3192 3108; baseline 0 -22"><span class='ocrx_word' id='word_1_233' title='bbox 500 3035 567 3086; x_wconf 79' lang='lat'>25</span> <span class='ocrx_word' id='word_1_234' title='bbox 769 3021 898 3086; x_wconf 82' lang='grc' dir='ltr'>Ἔτι</span> <span class='ocrx_word' id='word_1_235' title='bbox 943 3022 1022 3086; x_wconf 88' lang='grc' dir='ltr'>τὰ</span> <span class='ocrx_word' id='word_1_236' title='bbox 1066 3022 1171 3086; x_wconf 88' lang='grc' dir='ltr'>διά</span> <span class='ocrx_word' id='word_1_237' title='bbox 1200 3026 1319 3087; x_wconf 82' lang='grc' dir='ltr'>τοῦ</span> <span class='ocrx_word' id='word_1_238' title='bbox 1364 3008 1533 3104; x_wconf 66' lang='grc' dir='ltr'>ω-δηῖ</span> <span class='ocrx_word' id='word_1_239' title='bbox 1587 3025 2008 3108; x_wconf 86' lang='grc' dir='ltr'>βαρύνονται,</span> <span class='ocrx_word' id='word_1_240' title='bbox 2065 3024 2394 3106; x_wconf 83' lang='grc' dir='ltr'>εὐώδης,</span> <span class='ocrx_word' id='word_1_241' title='bbox 2449 3023 2891 3104; x_wconf 85' lang='grc' dir='ltr'>πετρώδης,</span> <span class='ocrx_word' id='word_1_242' title='bbox 2951 3024 3192 3087; x_wconf 92' lang='grc' dir='ltr'>δυςώ-</span> 
     </span>
     <span class='ocr_line' id='line_1_27' title="bbox 603 3124 3191 3210; baseline 0.001 -23"><span class='ocrx_word' id='word_1_243' title='bbox 603 3129 768 3206; x_wconf 91' lang='grc' dir='ltr'>δης,</span> <span class='ocrx_word' id='word_1_244' title='bbox 824 3124 1153 3207; x_wconf 88' lang='grc' dir='ltr'>γεώδης,</span> <span class='ocrx_word' id='word_1_245' title='bbox 1222 3124 1557 3209; x_wconf 91' lang='grc' dir='ltr'>ὀνώδης,</span> <span class='ocrx_word' id='word_1_246' title='bbox 1618 3127 1956 3210; x_wconf 85' lang='grc' dir='ltr'>βοώδης,</span> <span class='ocrx_word' id='word_1_247' title='bbox 2017 3128 2389 3208; x_wconf 88' lang='grc' dir='ltr'>λιμώδης,</span> <span class='ocrx_word' id='word_1_248' title='bbox 2443 3126 2879 3207; x_wconf 91' lang='grc' dir='ltr'>κτηνώδης,</span> <span class='ocrx_word' id='word_1_249' title='bbox 2934 3127 3191 3203; x_wconf 91' lang='grc' dir='ltr'>πυρώ-</span> 
     </span>
     <span class='ocr_line' id='line_1_28' title="bbox 603 3225 2117 3311; baseline 0.002 -22"><span class='ocrx_word' id='word_1_250' title='bbox 603 3231 768 3309; x_wconf 93' lang='grc' dir='ltr'>δης,</span> <span class='ocrx_word' id='word_1_251' title='bbox 813 3225 1213 3310; x_wconf 85' lang='grc' dir='ltr'>ἀμμώδης,</span> <span class='ocrx_word' id='word_1_252' title='bbox 1255 3229 1649 3311; x_wconf 84' lang='grc' dir='ltr'>γραώδης,</span> <span class='ocrx_word' id='word_1_253' title='bbox 1695 3229 2117 3308; x_wconf 90' lang='grc' dir='ltr'>ςαρκώδης.</span> 
     </span>
    </p>
   </div>
   <div class='ocr_carea' id='block_1_4' title="bbox 496 3362 3192 4159">
    <p class='ocr_par' dir='ltr' id='par_1_4' title="bbox 775 3362 3192 3445">
     <span class='ocr_line' id='line_1_29' title="bbox 775 3362 3192 3445; baseline 0.003 -22"><span class='ocrx_word' id='word_1_254' title='bbox 775 3386 813 3422; x_wconf 67' lang='grc' dir='ltr'>ιι-</span> <span class='ocrx_word' id='word_1_255' title='bbox 857 3362 951 3426; x_wconf 85' lang='grc' dir='ltr'>Τὰ</span> <span class='ocrx_word' id='word_1_256' title='bbox 995 3362 1084 3427; x_wconf 86' lang='grc' dir='ltr'>εἰς</span> <span class='ocrx_word' id='word_1_257' title='bbox 1127 3365 1239 3440; x_wconf 67' lang='grc' dir='ltr'>ιῖηἶ</span> <span class='ocrx_word' id='word_1_258' title='bbox 1293 3363 1478 3444; x_wconf 85' lang='grc' dir='ltr'>κύρια</span> <span class='ocrx_word' id='word_1_259' title='bbox 1529 3363 1942 3445; x_wconf 85' lang='grc' dir='ltr'>βαρύνονται·</span> <span class='ocrx_word' id='word_1_260' title='bbox 2010 3365 2370 3443; x_wconf 86' lang='grc' dir='ltr'>Ἀρτάκης</span> <span class='ocrx_word' id='word_1_261' title='bbox 2432 3364 2475 3428; x_wconf 87' lang='grc' dir='ltr'>ὁ</span> <span class='ocrx_word' id='word_1_262' title='bbox 2529 3367 2842 3430; x_wconf 85' lang='grc' dir='ltr'>κατοικῶν</span> <span class='ocrx_word' id='word_1_263' title='bbox 2890 3365 3192 3445; x_wconf 85' lang='grc' dir='ltr'>Ἀρτάκην</span> 
     </span>
    </p>

    <p class='ocr_par' dir='ltr' id='par_1_5' title="bbox 496 3461 3191 4159">
     <span class='ocr_line' id='line_1_30' title="bbox 602 3461 3190 3547; baseline 0.002 -19"><span class='ocrx_word' id='word_1_264' title='bbox 602 3463 794 3529; x_wconf 92' lang='grc' dir='ltr'>πόλιν</span> <span class='ocrx_word' id='word_1_265' title='bbox 840 3463 1135 3542; x_wconf 90' lang='grc' dir='ltr'>Φρυγίας.</span> <span class='ocrx_word' id='word_1_266' title='bbox 1225 3465 1561 3547; x_wconf 79' lang='grc' dir='ltr'>(οφοκλῆς</span> <span class='ocrx_word' id='word_1_267' title='bbox 1614 3468 1686 3531; x_wconf 84' lang='grc' dir='ltr'>δὲ</span> <span class='ocrx_word' id='word_1_268' title='bbox 1742 3466 1875 3532; x_wconf 87' lang='grc' dir='ltr'>ἀπὸ</span> <span class='ocrx_word' id='word_1_269' title='bbox 1920 3470 2037 3531; x_wconf 84' lang='grc' dir='ltr'>τοῦ</span> <span class='ocrx_word' id='word_1_270' title='bbox 2083 3461 2415 3544; x_wconf 85' lang='grc' dir='ltr'>Ἀρτακεύς</span> <span class='ocrx_word' id='word_1_271' title='bbox 2460 3465 2602 3531; x_wconf 82' lang='grc' dir='ltr'>εἶπε</span> <span class='ocrx_word' id='word_1_272' title='bbox 2657 3467 2752 3531; x_wconf 85' lang='grc' dir='ltr'>«τί</span> <span class='ocrx_word' id='word_1_273' title='bbox 2797 3468 3009 3546; x_wconf 85' lang='grc' dir='ltr'>μέλλει</span> <span class='ocrx_word' id='word_1_274' title='bbox 3056 3468 3190 3547; x_wconf 80' lang='grc' dir='ltr'>Ἀρ-</span> 
     </span>
     <span class='ocr_line' id='line_1_31' title="bbox 500 3567 3189 3649; baseline 0.001 -18"><span class='ocrx_word' id='word_1_275' title='bbox 500 3577 568 3631; x_wconf 84' lang='lat'>30</span> <span class='ocrx_word' id='word_1_276' title='bbox 600 3568 791 3644; x_wconf 90' lang='grc' dir='ltr'>τακῆς</span> <span class='ocrx_word' id='word_1_277' title='bbox 834 3586 904 3631; x_wconf 90' lang='grc' dir='ltr'>τε</span> <span class='ocrx_word' id='word_1_278' title='bbox 949 3567 1050 3631; x_wconf 86' lang='grc' dir='ltr'>καὶ</span> <span class='ocrx_word' id='word_1_279' title='bbox 1092 3568 1516 3646; x_wconf 80' lang='grc' dir='ltr'>Περκώςιοι»·</span> <span class='ocrx_word' id='word_1_280' title='bbox 1561 3568 1688 3634; x_wconf 83' lang='grc' dir='ltr'>ἔςτι</span> <span class='ocrx_word' id='word_1_281' title='bbox 1735 3571 1805 3633; x_wconf 85' lang='grc' dir='ltr'>δ“ε</span> <span class='ocrx_word' id='word_1_282' title='bbox 1848 3570 1952 3636; x_wconf 87' lang='grc' dir='ltr'>καὶ</span> <span class='ocrx_word' id='word_1_283' title='bbox 1994 3567 2216 3647; x_wconf 84' lang='grc' dir='ltr'>κύριον</span> <span class='ocrx_word' id='word_1_284' title='bbox 2264 3569 2563 3649; x_wconf 89' lang='grc' dir='ltr'>Ἀρτάκης</span> <span class='ocrx_word' id='word_1_285' title='bbox 2621 3569 2777 3647; x_wconf 78' lang='grc' dir='ltr'>«ἠδὲ</span> <span class='ocrx_word' id='word_1_286' title='bbox 2830 3570 2931 3635; x_wconf 84' lang='grc' dir='ltr'>καὶ</span> <span class='ocrx_word' id='word_1_287' title='bbox 2976 3570 3189 3649; x_wconf 93' lang='grc' dir='ltr'>Ἀρτά-</span> 
     </span>
     <span class='ocr_line' id='line_1_32' title="bbox 601 3667 3191 3755; baseline 0.002 -23"><span class='ocrx_word' id='word_1_288' title='bbox 601 3688 746 3751; x_wconf 91' lang='grc' dir='ltr'>κεα,</span> <span class='ocrx_word' id='word_1_289' title='bbox 812 3669 1065 3748; x_wconf 88' lang='grc' dir='ltr'>πρόμον</span> <span class='ocrx_word' id='word_1_290' title='bbox 1132 3667 1431 3750; x_wconf 83' lang='grc' dir='ltr'>ἀνδρῶν»</span> <span class='ocrx_word' id='word_1_291' title='bbox 1489 3667 1739 3755; x_wconf 91' lang='lat' dir='ltr'><strong>(Apoll.</strong></span> <span class='ocrx_word' id='word_1_292' title='bbox 1797 3668 2012 3735; x_wconf 84' lang='lat' dir='ltr'><strong>Rhod.</strong></span> <span class='ocrx_word' id='word_1_293' title='bbox 2065 3668 2099 3733; x_wconf 97' lang='lat' dir='ltr'>I</span> <span class='ocrx_word' id='word_1_294' title='bbox 2158 3670 2367 3752; x_wconf 79' lang='lat'>1047).</span> <span class='ocrx_word' id='word_1_295' title='bbox 2479 3672 2936 3752; x_wconf 86' lang='grc' dir='ltr'>Ἀριαράκης</span> <span class='ocrx_word' id='word_1_296' title='bbox 3003 3672 3191 3737; x_wconf 88' lang='grc' dir='ltr'>ἔθνος</span> 
     </span>
     <span class='ocr_line' id='line_1_33' title="bbox 599 3771 3191 3857; baseline 0.002 -22"><span class='ocrx_word' id='word_1_297' title='bbox 599 3771 775 3850; x_wconf 88' lang='grc' dir='ltr'>παρὰ</span> <span class='ocrx_word' id='word_1_298' title='bbox 816 3772 933 3849; x_wconf 84' lang='grc' dir='ltr'>τὴν</span> <span class='ocrx_word' id='word_1_299' title='bbox 965 3771 1361 3854; x_wconf 88' lang='grc' dir='ltr'>Ἀριαράκην,</span> <span class='ocrx_word' id='word_1_300' title='bbox 1405 3772 1598 3836; x_wconf 92' lang='grc' dir='ltr'>πόλιν</span> <span class='ocrx_word' id='word_1_301' title='bbox 1651 3773 1815 3851; x_wconf 85' lang='grc' dir='ltr'>πρὸς</span> <span class='ocrx_word' id='word_1_302' title='bbox 1859 3779 1936 3856; x_wconf 80' lang='grc' dir='ltr'>τῇ</span> <span class='ocrx_word' id='word_1_303' title='bbox 1985 3773 2221 3856; x_wconf 88' lang='grc' dir='ltr'>Καςπίᾳ</span> <span class='ocrx_word' id='word_1_304' title='bbox 2265 3774 2541 3857; x_wconf 89' lang='grc' dir='ltr'>θαλάςςῃ</span> <span class='ocrx_word' id='word_1_305' title='bbox 2583 3775 2674 3838; x_wconf 84' lang='grc' dir='ltr'>ὡς</span> <span class='ocrx_word' id='word_1_306' title='bbox 2716 3775 2904 3853; x_wconf 86' lang='grc' dir='ltr'>λέςχη</span> <span class='ocrx_word' id='word_1_307' title='bbox 2946 3774 3191 3856; x_wconf 87' lang='grc' dir='ltr'>λὲςχης,</span> 
     </span>
     <span class='ocr_line' id='line_1_34' title="bbox 599 3871 3190 3955; baseline 0.002 -18"><span class='ocrx_word' id='word_1_308' title='bbox 599 3872 847 3953; x_wconf 85' lang='grc' dir='ltr'>ἀράχνη</span> <span class='ocrx_word' id='word_1_309' title='bbox 893 3871 1191 3953; x_wconf 87' lang='grc' dir='ltr'>ἀράχνης.</span> <span class='ocrx_word' id='word_1_310' title='bbox 1254 3873 1632 3953; x_wconf 89' lang='grc' dir='ltr'>Ὑδάρκης</span> <span class='ocrx_word' id='word_1_311' title='bbox 1677 3873 1869 3940; x_wconf 84' lang='grc' dir='ltr'>ἔθνος</span> <span class='ocrx_word' id='word_1_312' title='bbox 1912 3875 2191 3940; x_wconf 92' lang='grc' dir='ltr'>Ἰνδικόν.</span> <span class='ocrx_word' id='word_1_313' title='bbox 2259 3875 2716 3955; x_wconf 90' lang='grc' dir='ltr'>Ἀπαςιάκης</span> <span class='ocrx_word' id='word_1_314' title='bbox 2763 3878 3190 3954; x_wconf 87' lang='grc' dir='ltr'>Μαςςαγετῶν</span> 
     </span>
     <span class='ocr_line' id='line_1_35' title="bbox 598 3974 3190 4063; baseline 0.002 -25"><span class='ocrx_word' id='word_1_315' title='bbox 598 3974 806 4042; x_wconf 83' lang='grc' dir='ltr'>ἔθνος.</span> <span class='ocrx_word' id='word_1_316' title='bbox 909 3974 1207 4057; x_wconf 82' lang='grc' dir='ltr'>(τράβων</span> <span class='ocrx_word' id='word_1_317' title='bbox 1266 3975 1569 4062; x_wconf 83' lang='grc' dir='ltr'>ἑνδεκάτῃ</span> <span class='ocrx_word' id='word_1_318' title='bbox 1625 3977 1717 4061; x_wconf 90' lang='lat' dir='ltr'>(p.</span> <span class='ocrx_word' id='word_1_319' title='bbox 1762 3975 1919 4058; x_wconf 88' lang='lat'>513)</span> <span class='ocrx_word' id='word_1_320' title='bbox 1972 3978 2075 4041; x_wconf 79' lang='grc' dir='ltr'>καὶ</span> <span class='ocrx_word' id='word_1_321' title='bbox 2124 3978 2451 4059; x_wconf 85' lang='grc' dir='ltr'>Πολύβιος</span> <span class='ocrx_word' id='word_1_322' title='bbox 2506 3978 2736 4063; x_wconf 84' lang='grc' dir='ltr'>δεκάτῃ</span> <span class='ocrx_word' id='word_1_323' title='bbox 2790 3979 2875 4061; x_wconf 88' lang='lat' dir='ltr'>(c.</span> <span class='ocrx_word' id='word_1_324' title='bbox 2919 3978 3034 4060; x_wconf 82' lang='lat'>48)</span> <span class='ocrx_word' id='word_1_325' title='bbox 3088 3978 3190 4043; x_wconf 83' lang='grc' dir='ltr'>«οἱ</span> 
     </span>
     <span class='ocr_line' id='line_1_36' title="bbox 496 4076 3187 4159; baseline 0.002 -20"><span class='ocrx_word' id='word_1_326' title='bbox 496 4087 563 4138; x_wconf 84' lang='grc'>35</span> <span class='ocrx_word' id='word_1_327' title='bbox 600 4078 667 4141; x_wconf 80' lang='grc' dir='ltr'>δ&gt;</span> <span class='ocrx_word' id='word_1_328' title='bbox 714 4076 1076 4142; x_wconf 90' lang='grc' dir='ltr'>Ἀπαςιάκαι</span> <span class='ocrx_word' id='word_1_329' title='bbox 1122 4077 1402 4156; x_wconf 88' lang='grc' dir='ltr'>νομάδες</span> <span class='ocrx_word' id='word_1_330' title='bbox 1446 4083 1804 4145; x_wconf 87' lang='grc' dir='ltr'>κατοικοῦςι</span> <span class='ocrx_word' id='word_1_331' title='bbox 1850 4080 1966 4159; x_wconf 78' lang='grc' dir='ltr'>μὲν</span> <span class='ocrx_word' id='word_1_332' title='bbox 2011 4079 2137 4145; x_wconf 85' lang='grc' dir='ltr'>ἀνά</span> <span class='ocrx_word' id='word_1_333' title='bbox 2181 4081 2373 4159; x_wconf 88' lang='grc' dir='ltr'>μέςον</span> <span class='ocrx_word' id='word_1_334' title='bbox 2416 4078 2614 4147; x_wconf 82' lang='grc' dir='ltr'>Ὤξου</span> <span class='ocrx_word' id='word_1_335' title='bbox 2670 4082 2773 4146; x_wconf 90' lang='grc' dir='ltr'>καὶ</span> <span class='ocrx_word' id='word_1_336' title='bbox 2815 4080 3131 4146; x_wconf 63' lang='grc' dir='ltr'>Τανάϊδος</span> <span class='ocrx_word' id='word_1_337' title='bbox 3145 4107 3187 4144; x_wconf 83' lang='grc'>».</span> 
     </span>
    </p>
   </div>
   <div class='ocr_carea' id='block_1_5' title="bbox 600 4267 1005 4279">
    <p class='ocr_par' dir='ltr' id='par_1_6' title="bbox 600 4267 1005 4279">
     <span class='ocr_line' id='line_1_37' title="bbox 600 4267 1005 4279; baseline 0 1267"><span class='ocrx_word' id='word_1_338' title='bbox 600 4267 1005 4279; x_wconf 95' lang='lat' dir='ltr'> </span> 
     </span>
    </p>
   </div>
   <div class='ocr_carea' id='block_1_6' title="bbox 594 4400 3187 4951">
    <p class='ocr_par' dir='ltr' id='par_1_7' title="bbox 594 4400 3187 4951">
     <span class='ocr_line' id='line_1_38' title="bbox 697 4400 3187 4473; baseline 0.001 -19"><span class='ocrx_word' id='word_1_339' title='bbox 697 4404 733 4454; x_wconf 93' lang='lat' dir='ltr'>l.</span> <span class='ocrx_word' id='word_1_340' title='bbox 776 4407 832 4454; x_wconf 93' lang='grc'>11</span> <span class='ocrx_word' id='word_1_341' title='bbox 872 4400 1176 4467; x_wconf 75' lang='grc' dir='ltr'>Πειραῖδης</span> <span class='ocrx_word' id='word_1_342' title='bbox 1213 4418 1335 4453; x_wconf 83' lang='lat' dir='ltr'>eum</span> <span class='ocrx_word' id='word_1_343' title='bbox 1372 4404 1745 4469; x_wconf 73' lang='lat' dir='ltr'>explicatione</span> <span class='ocrx_word' id='word_1_344' title='bbox 1784 4406 2027 4457; x_wconf 81' lang='lat' dir='ltr'><strong>accessit</strong></span> <span class='ocrx_word' id='word_1_345' title='bbox 2064 4421 2130 4455; x_wconf 80' lang='lat' dir='ltr'>ex</span> <span class='ocrx_word' id='word_1_346' title='bbox 2166 4406 2231 4457; x_wconf 90' lang='lat'>11.</span> <span class='ocrx_word' id='word_1_347' title='bbox 2266 4407 2356 4457; x_wconf 82' lang='lat' dir='ltr'>Pr.</span> <span class='ocrx_word' id='word_1_348' title='bbox 2391 4405 2444 4458; x_wconf 93' lang='grc' dir='ltr'>Δ</span> <span class='ocrx_word' id='word_1_349' title='bbox 2476 4406 2594 4457; x_wconf 75' lang='grc'>228.</span> <span class='ocrx_word' id='word_1_350' title='bbox 2657 4406 2950 4458; x_wconf 78' lang='lat' dir='ltr'><strong>Caeterum</strong></span> <span class='ocrx_word' id='word_1_351' title='bbox 2988 4407 3057 4458; x_wconf 85' lang='lat' dir='ltr'>de</span> <span class='ocrx_word' id='word_1_352' title='bbox 3094 4423 3187 4473; x_wconf 83' lang='lat' dir='ltr'>pa-</span> 
     </span>
     <span class='ocr_line' id='line_1_39' title="bbox 596 4470 3186 4541; baseline 0.001 -19"><span class='ocrx_word' id='word_1_353' title='bbox 596 4473 917 4535; x_wconf 78' lang='lat' dir='ltr'><strong>tronymiois</strong></span> <span class='ocrx_word' id='word_1_354' title='bbox 957 4470 1279 4522; x_wconf 79' lang='lat' dir='ltr'><strong>conferendi</strong></span> <span class='ocrx_word' id='word_1_355' title='bbox 1318 4479 1445 4522; x_wconf 79' lang='lat' dir='ltr'><strong>sunt</strong></span> <span class='ocrx_word' id='word_1_356' title='bbox 1480 4474 1658 4538; x_wconf 80' lang='lat' dir='ltr'><strong>Epim.</strong></span> <span class='ocrx_word' id='word_1_357' title='bbox 1697 4474 1854 4525; x_wconf 85' lang='lat' dir='ltr'>Hom.</span> <span class='ocrx_word' id='word_1_358' title='bbox 1892 4476 2007 4530; x_wconf 79' lang='lat'>346,</span> <span class='ocrx_word' id='word_1_359' title='bbox 2043 4475 2126 4527; x_wconf 76' lang='lat'>28.</span> <span class='ocrx_word' id='word_1_360' title='bbox 2175 4476 2503 4526; x_wconf 77' lang='lat' dir='ltr'><strong>Accuratius</strong></span> <span class='ocrx_word' id='word_1_361' title='bbox 2542 4474 2609 4525; x_wconf 79' lang='lat' dir='ltr'>de</span> <span class='ocrx_word' id='word_1_362' title='bbox 2646 4476 2923 4541; x_wconf 80' lang='lat' dir='ltr'><strong>scriptura</strong></span> <span class='ocrx_word' id='word_1_363' title='bbox 2957 4480 3013 4525; x_wconf 85' lang='lat' dir='ltr'>in</span> <span class='ocrx_word' id='word_1_364' title='bbox 3049 4474 3186 4526; x_wconf 84' lang='lat' dir='ltr'>libro</span> 
     </span>
     <span class='ocr_line' id='line_1_40' title="bbox 597 4537 3185 4609; baseline 0.001 -18"><span class='ocrx_word' id='word_1_365' title='bbox 597 4539 727 4604; x_wconf 81' lang='grc' dir='ltr'>περὶ</span> <span class='ocrx_word' id='word_1_366' title='bbox 762 4537 1144 4604; x_wconf 83' lang='grc' dir='ltr'>ὀρθογραφίας</span> <span class='ocrx_word' id='word_1_367' title='bbox 1182 4546 1240 4589; x_wconf 83' lang='lat' dir='ltr'>et</span> <span class='ocrx_word' id='word_1_368' title='bbox 1277 4540 1344 4590; x_wconf 85' lang='lat' dir='ltr'>de</span> <span class='ocrx_word' id='word_1_369' title='bbox 1382 4539 1732 4591; x_wconf 78' lang='lat' dir='ltr'><strong>derivatione</strong></span> <span class='ocrx_word' id='word_1_370' title='bbox 1769 4542 1828 4591; x_wconf 84' lang='lat' dir='ltr'>in</span> <span class='ocrx_word' id='word_1_371' title='bbox 1864 4540 2006 4593; x_wconf 88' lang='lat' dir='ltr'>libro</span> <span class='ocrx_word' id='word_1_372' title='bbox 2043 4542 2170 4606; x_wconf 76' lang='grc' dir='ltr'>περὶ</span> <span class='ocrx_word' id='word_1_373' title='bbox 2198 4542 2564 4606; x_wconf 87' lang='grc' dir='ltr'>παρωνύμων</span> <span class='ocrx_word' id='word_1_374' title='bbox 2600 4559 2777 4609; x_wconf 80' lang='lat' dir='ltr'><strong>agam.</strong></span> <span class='ocrx_word' id='word_1_375' title='bbox 2882 4544 3011 4595; x_wconf 72' lang='grc' dir='ltr'>1.Ξῦ</span> <span class='ocrx_word' id='word_1_376' title='bbox 3047 4542 3185 4606; x_wconf 87' lang='grc' dir='ltr'>γεώ-</span> 
     </span>
     <span class='ocr_line' id='line_1_41' title="bbox 596 4607 3186 4678; baseline 0.001 -19"><span class='ocrx_word' id='word_1_377' title='bbox 596 4607 696 4674; x_wconf 87' lang='grc' dir='ltr'>δης</span> <span class='ocrx_word' id='word_1_378' title='bbox 732 4607 925 4659; x_wconf 79' lang='lat' dir='ltr'><strong>addidi</strong></span> <span class='ocrx_word' id='word_1_379' title='bbox 961 4624 1027 4658; x_wconf 79' lang='lat' dir='ltr'>ex</span> <span class='ocrx_word' id='word_1_380' title='bbox 1062 4609 1187 4658; x_wconf 83' lang='lat' dir='ltr'><strong>Arc.</strong></span> <span class='ocrx_word' id='word_1_381' title='bbox 1215 4610 1329 4668; x_wconf 82' lang='grc'>117,</span> <span class='ocrx_word' id='word_1_382' title='bbox 1369 4609 1450 4671; x_wconf 91' lang='grc'>16,</span> <span class='ocrx_word' id='word_1_383' title='bbox 1486 4607 1709 4673; x_wconf 83' lang='grc' dir='ltr'>ὀνώδης</span> <span class='ocrx_word' id='word_1_384' title='bbox 1747 4608 1965 4677; x_wconf 86' lang='grc' dir='ltr'>βοώδης</span> <span class='ocrx_word' id='word_1_385' title='bbox 2002 4627 2070 4661; x_wconf 82' lang='lat' dir='ltr'>ex</span> <span class='ocrx_word' id='word_1_386' title='bbox 2104 4610 2170 4661; x_wconf 84' lang='grc' dir='ltr'>ΙΙ.</span> <span class='ocrx_word' id='word_1_387' title='bbox 2204 4612 2293 4661; x_wconf 85' lang='lat' dir='ltr'>Pr.</span> <span class='ocrx_word' id='word_1_388' title='bbox 2330 4610 2343 4662; x_wconf 89' lang='grc' dir='ltr'>Ι</span> <span class='ocrx_word' id='word_1_389' title='bbox 2381 4612 2499 4667; x_wconf 84' lang='grc'>336,</span> <span class='ocrx_word' id='word_1_390' title='bbox 2535 4609 2782 4678; x_wconf 85' lang='grc' dir='ltr'>λιμώδης</span> <span class='ocrx_word' id='word_1_391' title='bbox 2817 4639 2885 4648; x_wconf 90' lang='grc'><strong>-</strong></span> <span class='ocrx_word' id='word_1_392' title='bbox 2921 4611 3186 4676; x_wconf 81' lang='grc' dir='ltr'>πυρώδης</span> 
     </span>
     <span class='ocr_line' id='line_1_42' title="bbox 594 4673 3185 4743; baseline 0.001 -16"><span class='ocrx_word' id='word_1_393' title='bbox 594 4693 664 4727; x_wconf 79' lang='lat' dir='ltr'>ex</span> <span class='ocrx_word' id='word_1_394' title='bbox 701 4675 898 4727; x_wconf 80' lang='lat' dir='ltr'><strong>Choer.</strong></span> <span class='ocrx_word' id='word_1_395' title='bbox 933 4679 1017 4738; x_wconf 75' lang='lat'>54,</span> <span class='ocrx_word' id='word_1_396' title='bbox 1054 4679 1104 4737; x_wconf 89' lang='grc'>8,</span> <span class='ocrx_word' id='word_1_397' title='bbox 1143 4673 1412 4740; x_wconf 85' lang='grc' dir='ltr'>ἀμμώδης</span> <span class='ocrx_word' id='word_1_398' title='bbox 1447 4701 1520 4711; x_wconf 51' lang='grc' dir='ltr'>-ν</span> <span class='ocrx_word' id='word_1_399' title='bbox 1549 4675 1838 4742; x_wconf 84' lang='grc' dir='ltr'>ςαρκώδης</span> <span class='ocrx_word' id='word_1_400' title='bbox 1877 4695 1943 4729; x_wconf 82' lang='lat' dir='ltr'>ex</span> <span class='ocrx_word' id='word_1_401' title='bbox 1981 4679 2230 4743; x_wconf 82' lang='lat' dir='ltr'><strong>Theogn.</strong></span> <span class='ocrx_word' id='word_1_402' title='bbox 2264 4681 2349 4741; x_wconf 84' lang='grc'>46,</span> <span class='ocrx_word' id='word_1_403' title='bbox 2386 4682 2435 4732; x_wconf 86' lang='grc'>9.</span> <span class='ocrx_word' id='word_1_404' title='bbox 2561 4679 2598 4735; x_wconf 89' lang='lat' dir='ltr'>l.</span> <span class='ocrx_word' id='word_1_405' title='bbox 2635 4681 2702 4730; x_wconf 76' lang='lat'>28</span> <span class='ocrx_word' id='word_1_406' title='bbox 2737 4680 2883 4730; x_wconf 83' lang='lat' dir='ltr'>hunc</span> <span class='ocrx_word' id='word_1_407' title='bbox 2921 4695 3185 4731; x_wconf 81' lang='lat' dir='ltr'><strong>canonem</strong></span> 
     </span>
     <span class='ocr_line' id='line_1_43' title="bbox 596 4743 3184 4812; baseline 0.001 -18"><span class='ocrx_word' id='word_1_408' title='bbox 596 4746 877 4809; x_wconf 80' lang='lat' dir='ltr'><strong>composui</strong></span> <span class='ocrx_word' id='word_1_409' title='bbox 913 4747 1176 4794; x_wconf 83' lang='lat' dir='ltr'><strong>innuente</strong></span> <span class='ocrx_word' id='word_1_410' title='bbox 1216 4743 1398 4795; x_wconf 82' lang='lat' dir='ltr'><strong>Schol.</strong></span> <span class='ocrx_word' id='word_1_411' title='bbox 1445 4745 1515 4794; x_wconf 81' lang='lat' dir='ltr'>ad</span> <span class='ocrx_word' id='word_1_412' title='bbox 1553 4745 1734 4810; x_wconf 86' lang='lat' dir='ltr'><strong>Apoll.</strong></span> <span class='ocrx_word' id='word_1_413' title='bbox 1771 4745 1815 4797; x_wconf 93' lang='grc' dir='ltr'>Α</span> <span class='ocrx_word' id='word_1_414' title='bbox 1858 4750 2013 4798; x_wconf 77' lang='lat'>1047:</span> <span class='ocrx_word' id='word_1_415' title='bbox 2064 4745 2347 4810; x_wconf 84' lang='grc' dir='ltr'>Ἀρτακία·</span> <span class='ocrx_word' id='word_1_416' title='bbox 2388 4746 2729 4810; x_wconf 83' lang='grc' dir='ltr'>Ἡρωδιανὸς</span> <span class='ocrx_word' id='word_1_417' title='bbox 2776 4749 3071 4812; x_wconf 85' lang='grc' dir='ltr'>βαρυτονεῐ</span> <span class='ocrx_word' id='word_1_418' title='bbox 3116 4746 3184 4797; x_wconf 86' lang='grc' dir='ltr'>τὸ</span> 
     </span>
     <span class='ocr_line' id='line_1_44' title="bbox 596 4810 3183 4882; baseline 0.001 -20"><span class='ocrx_word' id='word_1_419' title='bbox 596 4812 777 4874; x_wconf 84' lang='grc' dir='ltr'>ὄνομα</span> <span class='ocrx_word' id='word_1_420' title='bbox 812 4810 874 4863; x_wconf 80' lang='grc' dir='ltr'>ἐν</span> <span class='ocrx_word' id='word_1_421' title='bbox 909 4815 994 4879; x_wconf 84' lang='grc' dir='ltr'>τῷ</span> <span class='ocrx_word' id='word_1_422' title='bbox 1029 4810 1206 4880; x_wconf 83' lang='grc' dir='ltr'>τρίτῳ</span> <span class='ocrx_word' id='word_1_423' title='bbox 1242 4827 1276 4862; x_wconf 93' lang='grc' dir='ltr'>τ</span> <span class='ocrx_word' id='word_1_424' title='bbox 1318 4826 1345 4863; x_wconf 96' lang='grc' dir='ltr'>ς</span> <span class='ocrx_word' id='word_1_425' title='bbox 1380 4810 1643 4864; x_wconf 85' lang='grc' dir='ltr'>καθόλου.</span> <span class='ocrx_word' id='word_1_426' title='bbox 1699 4811 1970 4880; x_wconf 84' lang='grc' dir='ltr'>Ἀρτάκης</span> <span class='ocrx_word' id='word_1_427' title='bbox 2007 4813 2127 4877; x_wconf 87' lang='grc' dir='ltr'>γάρ.</span> <span class='ocrx_word' id='word_1_428' title='bbox 2184 4815 2252 4864; x_wconf 82' lang='lat' dir='ltr'>de</span> <span class='ocrx_word' id='word_1_429' title='bbox 2294 4813 2564 4880; x_wconf 80' lang='grc' dir='ltr'>Ἀρτάκης</span> <span class='ocrx_word' id='word_1_430' title='bbox 2604 4816 2855 4867; x_wconf 81' lang='lat' dir='ltr'><strong>consului</strong></span> <span class='ocrx_word' id='word_1_431' title='bbox 2894 4822 3183 4882; x_wconf 77' lang='lat' dir='ltr'><strong>praeterea</strong></span> 
     </span>
     <span class='ocr_line' id='line_1_45' title="bbox 597 4880 3180 4951; baseline 0.002 -21"><span class='ocrx_word' id='word_1_432' title='bbox 597 4883 676 4930; x_wconf 73' lang='lat' dir='ltr'>st.</span> <span class='ocrx_word' id='word_1_433' title='bbox 712 4883 773 4930; x_wconf 90' lang='grc' dir='ltr'>Β.</span> <span class='ocrx_word' id='word_1_434' title='bbox 817 4884 927 4940; x_wconf 77' lang='lat'>127,</span> <span class='ocrx_word' id='word_1_435' title='bbox 970 4882 1048 4930; x_wconf 79' lang='lat'>17.</span> <span class='ocrx_word' id='word_1_436' title='bbox 1099 4880 1250 4945; x_wconf 84' lang='grc' dir='ltr'>Ἀρια</span> <span class='ocrx_word' id='word_1_437' title='bbox 1323 4896 1428 4948; x_wconf 85' lang='grc' dir='ltr'>κης</span> <span class='ocrx_word' id='word_1_438' title='bbox 1465 4898 1532 4932; x_wconf 83' lang='lat' dir='ltr'>ex</span> <span class='ocrx_word' id='word_1_439' title='bbox 1572 4883 1653 4932; x_wconf 80' lang='lat' dir='ltr'>St.</span> <span class='ocrx_word' id='word_1_440' title='bbox 1681 4881 1744 4934; x_wconf 87' lang='lat' dir='ltr'>B.</span> <span class='ocrx_word' id='word_1_441' title='bbox 1780 4884 1866 4947; x_wconf 82' lang='lat'>93,</span> <span class='ocrx_word' id='word_1_442' title='bbox 1903 4886 1952 4936; x_wconf 82' lang='lat'>5.</span> <span class='ocrx_word' id='word_1_443' title='bbox 2014 4880 2284 4948; x_wconf 88' lang='grc' dir='ltr'>Ὑδάρκης</span> <span class='ocrx_word' id='word_1_444' title='bbox 2321 4885 2436 4947; x_wconf 72' lang='grc'>645,</span> <span class='ocrx_word' id='word_1_445' title='bbox 2464 4887 2512 4934; x_wconf 86' lang='grc'>9.</span> <span class='ocrx_word' id='word_1_446' title='bbox 2572 4883 2905 4951; x_wconf 85' lang='grc' dir='ltr'>Ἀπαςιάκης</span> <span class='ocrx_word' id='word_1_447' title='bbox 2946 4888 3061 4948; x_wconf 87' lang='grc'>103,</span> <span class='ocrx_word' id='word_1_448' title='bbox 3104 4889 3180 4935; x_wconf 77' lang='grc'>16.</span> 
     </span>
    </p>
   </div>
  </div>
 </body>
</html>
