3664 5546
1197 382 1356 437 ΠΕΡΙ
1395 381 1788 438 ΚΑΘΟΛΙΚΗ(
1823 382 2248 439 ΠΡΟΕΩιΔΙΑ(
2286 383 2346 437 Ι-Ι.
2828 408 2865 449 ,·
2946 384 3069 449 199

481 554 859 621 ἐπίςπαςτον
904 555 1099 621 κακὸν
1145 554 1306 622 ἕξει»
1354 551 1510 638 (Od.
1544 576 1576 620 ς
1608 554 1735 639 72).
1823 555 1900 620 τὸ
1945 555 2403 634 καυςτειρός
2455 554 2535 620 οὐ
2581 555 2859 635 μάχεται.
2931 555 3064 621 ἀπὸ

480 657 602 737 γὰρ
644 660 762 722 τοῦ
806 662 846 736 ἦ
890 656 1132 736 ἐτράπη
1176 655 1265 722 εἰς
1309 662 1363 722 ἷι
1409 658 1809 723 Βοιωτιακῶς
1856 658 1948 724 ὡς
1991 658 2067 723 τὸ
2112 658 2343 738 τέθηκα
2385 657 2648 723 τέθεικα.

642 786 681 822 ιι
729 759 824 825 Τὰ
868 759 956 825 εἰς
999 763 1116 838 ’ρος
1163 759 1671 841 ύπερδιςύλλαβα
1698 761 2200 840 παραληγόμενα
2241 767 2334 845 τῷ
2378 763 2417 824 ὃ
2447 760 2622 826 ἁπλᾶ
2653 761 3061 841 προπαροξύ-

479 881 679 945 νεται,
724 862 1343 940 Δοροκόττορος
1385 862 1572 928 πόλις
1605 864 1903 928 Γαλατῶν
1932 866 2065 928 τῶν
2109 863 2548 944 προςβόρρων.
2619 862 3063 941 ἀλάςτορος

479 963 692 1029 εὐθεῖα
734 964 909 1043 παρὰ
952 952 1074 1044 τὴν
1112 965 1368 1044 γενικὴν
1413 968 1822 1044 παραχθεῑςα.
1879 964 2186 1043 Αἰςχύλος
2216 965 2416 1032 Ἰξίονι
2466 966 2860 1046 «πρευμενὴς
2904 963 3060 1030 ἀλά-
3095 978 3129 1028 5

481 1087 744 1146 ςτορος»
793 1066 895 1131 καὶ
938 1065 1296 1147 Φερεκύδης
1342 1066 1422 1131 «6
1464 1067 1630 1132 Ζεὺς
1675 1068 1746 1132 δὲ
1791 1067 2037 1133 Ἱκέςιος
2079 1067 2182 1132 καὶ
2224 1066 2604 1147 Ἀλάςτορος
2649 1070 2987 1133 καλεῖται».

643 1168 737 1234 Τά
780 1168 870 1234 εἰς
913 1172 1028 1249 ρὸῐ
1073 1168 1580 1251 ὑπερδιςύλλαβα
1623 1169 2122 1249 παραληγόμενα
2164 1175 2256 1254 τῷ
2302 1173 2341 1234 ὃ
2387 1170 2655 1237 ςύνθετα
2698 1169 2857 1236 ὄντα
2900 1189 3058 1247 προ-

479 1269 933 1354 παροξύνεται,
987 1272 1459 1355 κατήγορος,
1505 1272 1977 1355 ςυνήγορος,
2022 1273 2168 1351 περὶ
2197 1270 2291 1338 ὧν
2336 1272 2407 1338 ἑν
2437 1278 2529 1356 τῷ
2572 1272 2740 1337 τέλει
2775 1271 3059 1352 λέξομεν.

476 1376 592 1438 νῦν
637 1374 708 1437 δὲ
754 1374 1195 1454 διαληψόμεθα
1237 1375 1383 1454 περὶ
1423 1378 1554 1440 τῶν
1600 1373 1886 1454 ἐχόντων
1930 1374 2047 1440 τὸν
2103 1374 2301 1440 τόνον
2347 1373 2418 1440 ἐν
2461 1380 2536 1457 τῇ
2581 1373 3058 1457 παραληγούςῃ,

477 1477 987 1560 τελεςφόρος,
1034 1477 1526 1561 δορυφόρος,
1574 1478 2113 1559 βουληφόρος,
2158 1475 2600 1560 ἑωςφόρος,
2644 1479 2721 1542 τὸ
2753 1478 2824 1542 δὲ
2854 1476 3055 1558 ἄφο-
3102 1489 3164 1541 10

477 1598 609 1657 ρος
651 1578 1238 1664 προπαροξύνεται,
1294 1580 1837 1662 παντοπόρος,
1893 1580 1994 1644 καὶ
2039 1579 2417 1663 γαμόρος,
2472 1579 2548 1644 τὸ
2605 1580 2677 1644 δὲ
2722 1580 3057 1660 κατάμο-

475 1700 606 1758 ρος
649 1680 1222 1759 προπαροξύνεται.

639 1783 733 1848 Τὰ
777 1782 867 1848 εἰς
906 1786 1022 1862 {ib-c
1066 1784 1229 1863 ὑπὲρ
1275 1784 1393 1850 δύο
1450 1784 1764 1866 ςυλλαβὰς
1807 1784 2311 1864 παραληγόμενα
2339 1789 2430 1866 τῷ
2476 1789 2515 1849 ῡ
2562 1784 2747 1864 κύρια
2788 1784 2830 1864 ἢ
2861 1804 3055 1865 προς-

473 1885 767 1969 ηγορικά,
812 1887 894 1965 μὴ
936 1887 1295 1966 περιεκτικά
1337 1888 1377 1966 ἢ
1422 1887 1738 1952 ἑπιθετικὰ
1782 1886 2021 1966 ἔχοντα
2052 1887 2195 1951 κατ’
2240 1885 2404 1952 ἰδίαν
2450 1887 2694 1966 θηλυκὰ
2723 1908 3055 1967 προπαρο-

472 1989 738 2072 ξύνεται,
782 1987 1174 2072 πάπυρος,
1219 1990 1605 2069 διάπυρος
1651 1989 1689 2054 6
1734 1989 1994 2072 θερμός,
2040 1989 2470 2071 μάρτυρος,
2514 1987 2875 2068 ἄργυρος.
2929 1990 3058 2058 ἔςτι
3100 2004 3161 2055 15

471 2091 571 2155 καὶ
612 2090 817 2156 πόλις.
873 2089 1162 2156 Φίλιςτος
1206 2091 1277 2156 ἐν
1321 2091 1530 2177 ἐνάτῃ.
1587 2092 2037 2176 πόρφυρος,
2082 2092 2458 2175 Ζέφυρος,
2505 2090 2879 2176 (άτυρος,
2927 2094 3056 2157 λά-

470 2198 704 2272 θυρος
758 2190 934 2258 εἶδος
998 2192 1282 2272 ὀςπρίου.
1369 2194 1668 2273 Ἴδυρος
1732 2194 1949 2278 πόλις,
2016 2195 2056 2273 ἣ
2120 2194 2221 2258 καὶ
2286 2192 2533 2276 Ἰδυρίς,
2600 2195 2701 2258 καὶ
2767 2196 3056 2275 ποταμὸς

468 2295 867 2377 Παμφυλίας.
945 2294 1285 2361 Ἑκαταῖος.
1368 2294 1634 2362 Μάνθυ
1651 2317 1737 2375 ρο
1754 2318 1799 2361 ς.
1867 2297 2199 2378 Ἀμυρος
2269 2297 2457 2362 πόλις
2521 2296 2860 2362 Θεςςαλίας
2922 2296 3055 2362 ἀπὸ

469 2398 613 2464 ἑνὸς
658 2397 1121 2476 Ἀργοναυτῶν.
1179 2399 1218 2477 ἡ
1262 2397 1450 2463 πόλις
1493 2399 1788 2477 θηλυκόν.
1845 2398 2091 2479 ἄδηλον
2137 2399 2209 2464 δὲ
2253 2399 2329 2464 τὸ
2375 2399 2729 2464 Ἣςιόδειον
2776 2398 3052 2482 «Δωτίῳ

468 2501 537 2566 ἐν
591 2499 792 2583 πεδίῳ
847 2500 1291 2581 πολυβότρυος
1347 2498 1494 2565 ἀντ’
1536 2500 1836 2580 Ἀμύροιο
1852 2528 1895 2565 ».
1987 2500 2250 2566 (ουίδας
2306 2501 2372 2565 δ’
2427 2500 2498 2566 ἐν
2554 2502 2693 2566 ταῖς
2747 2504 3051 2577 γενεαλο-
3089 2518 3160 2569 20

466 2603 628 2680 γίαις
679 2604 797 2682 τὴν
853 2602 1044 2667 πόλιν
1101 2602 1434 2682 Ἀμυρικὴν
1490 2605 1684 2667 καλεῖ.
1776 2605 1815 2667 Γ
1839 2603 2194 2685 λάφυρος
2249 2603 2387 2669 υἱὸς
2445 2602 2789 2683 Μάγνητος
2846 2602 2884 2667 6
2940 2604 3052 2670 τὰς

469 2704 799 2786 Γλαφυρὰς
867 2704 1101 2789 κτίςας,
1163 2705 1492 2783 Ἔλυρος
1559 2703 1745 2769 πόλις
1815 2705 2054 2786 Κρήτης
2118 2706 2209 2771 ὡς
2253 2705 2504 2771 Ξενίων
2569 2704 2640 2770 ἐν
2711 2705 3051 2786 Κρητικοῖς.

465 2808 796 2890 Ἔφυρος
853 2806 891 2871 6
943 2808 1300 2888 Ἄμβρακος
1354 2810 1472 2871 τοῦ
1529 2807 1916 2886 Θεςπρωτοῦ
1979 2811 2096 2873 τοῦ
2151 2808 2482 2875 Λυκάονος
2539 2811 2658 2873 τοῦ
2711 2809 3050 2885 Πελαςγοῦ

466 2914 580 2975 τοῦ
622 2912 937 2989 γηγενοῦς
979 2912 1098 2974 τοῦ
1141 2908 1477 2992 Ἀρκάδος,
1533 2910 1635 2974 καὶ
1688 2910 1763 2975 τὸ
1821 2909 2074 2978 ἐθνικὸν
2131 2910 2377 2992 ὅμοιον.
2468 2909 2815 2989 Βάκυρος
2860 2910 3050 2977 ἔθνος

466 3014 626 3092 πρὸς
670 3013 975 3092 Πάρθους
1017 3012 1120 3076 καὶ
1165 3012 1430 3090 Μήδους
1475 3012 1514 3076 ὃ
1559 3013 1662 3077 καὶ
1707 3012 2112 3091 Βακυριανός.
2203 3012 2531 3093 (ίμυρος
2575 3012 2763 3078 πόλις
2809 3012 3047 3092 (ύρων.
3084 3031 3151 3080 2¹5

462 3115 743 3197 Ἔφορος
787 3115 858 3180 δὲ
904 3113 1137 3194 (ίμυρα
1181 3113 1539 3195 οὐδετέρως
1583 3114 1783 3194 αὐτήν
1829 3137 1998 3197 φηςι.
2091 3115 2611 3194 Καςπάπυρος
2663 3115 2848 3181 πόλις
2896 3117 2935 3180 Γ
2938 3136 3046 3181 αν-

464 3336 782 3402 καυςτειρός
818 3353 884 3388 ex
921 3335 1230 3402 καυςτηρός
1268 3353 1369 3403 per
1403 3343 1601 3403 tropen
1645 3342 1994 3402 repetentem
2030 3339 2272 3405 ineptire
2310 3338 2472 3401 dicit,
2528 3353 2671 3404 qnae
2712 3338 2860 3390 ratio
2905 3353 3046 3389 sum·

463 3423 577 3458 mos
613 3408 762 3457 viros
797 3405 1076 3457 tractandi
1111 3406 1235 3469 ipsa
1272 3410 1358 3456 est
1394 3406 1606 3471 inepta.
1780 3408 1815 3456 1.
1855 3409 1886 3457 3
1921 3406 2368 3472 hunc,canonem
2405 3407 2476 3457 ab
2513 3406 2753 3458 Arcadio
2789 3407 3048 3458 omissum

461 3476 682 3526 restitui
729 3490 796 3525 ex
840 3474 1059 3523 nomine
1104 3470 1532 3537 Δοροκόττορος
1579 3489 1668 3540 ap.
1717 3475 1798 3525 St.
1840 3474 1902 3524 Β.
1949 3481 2007 3526 et
2051 3473 2357 3541 ἀλάςτορος
2400 3476 2459 3526 in
2502 3474 2606 3541 Ep.
2645 3475 2732 3526 Cr.
2769 3476 2798 3526 1
2832 3477 2924 3538 62,
2967 3478 3045 3526 11.

461 3543 695 3608 Ἀβορος
734 3539 985 3602 ποταμός
1025 3556 1114 3606 ap.
1155 3543 1236 3591 St.
1271 3543 1333 3591 B.
1368 3544 1485 3605 544,
1523 3544 1554 3593 7
1592 3543 1839 3609 recipere
1878 3542 2155 3607 dubitavi,
2194 3546 2322 3610 quia
2361 3543 2452 3593 hic
2495 3543 2697 3594 fluvius
2732 3560 2821 3608 ap.
2859 3543 3041 3599 Strab,

464 3615 526 3662 1ss
571 3629 620 3677 p.
659 3613 756 3662 747
807 3607 1072 3673 Ἀβόρρας
1116 3608 1321 3659 dicitur
1376 3614 1433 3660 et
1475 3610 1793 3662 Dindorflus
1847 3627 1945 3677 pro
1990 3609 2231 3677 Ἀβορον
2284 3613 2523 3664 scribere
2578 3612 2700 3663 vult
2756 3610 3044 3676 Ἀβόρραν.

462 3682 721 3730 Fortasse
758 3681 1232 3729 commemoratum
1270 3677 1376 3727 fuit
1412 3679 1579 3728 etiarn
1616 3680 1895 3744 proprium
1930 3676 2216 3745 Πάκορος,
2256 3679 2401 3746 quod
2426 3680 2653 3731 Lobeck
2689 3681 2748 3731 in
2784 3678 3044 3744 πάπορος

461 3748 683 3799 Arcadii
717 3748 902 3797 inesse
940 3744 1280 3810 suspicatur,
1329 3750 1386 3796 et
1432 3744 1675 3811 κάμορος
1720 3748 1948 3813 plantae
1984 3764 2208 3812 nomen,
2255 3748 2396 3814 quod
2439 3749 2499 3799 in
2546 3748 2860 3814 κατάμορος
2898 3750 3043 3801 idem

459 3821 772 3882 corruptum
809 3829 931 3864 esse
968 3813 1228 3879 opinatur
1263 3814 1427 3864 Proll.
1465 3817 1561 3866 271
1600 3821 1712 3865 not.
1747 3819 1814 3866 40
1852 3821 1910 3866 et
1944 3816 2173 3868 Elemm.
2214 3818 2240 3867 Ι
2276 3819 2376 3868 362
2412 3822 2526 3867 not.
2557 3821 2635 3872 13,
2679 3818 2817 3867 Nam
2857 3833 3041 3882 quam·

458 3882 1011 4017 23593023532052
1027 3881 2868 4020 ‘zi‘sseff‘sssscffffiss*tssuirflssffi³³33ss1‘202500052‘32240ss‘3-‘1‘353
2901 3900 3043 4019 ¹¹33}

1022 3989 1034 4006 ο
1675 3989 1687 4002 ·
2883 3991 2896 4016 2

457 4020 766 4081 intercidit,
805 4020 866 4069 in
901 4018 1141 4068 alienum
1179 4017 1356 4067 locum
1389 4018 1680 4083 irrepsisse
1718 4020 1979 4072 credibile
2020 4028 2122 4073 est.
2296 4021 2332 4074 1.
2369 4024 2402 4072 8
2440 4020 2509 4070 de
2546 4018 2875 4083 κατήγορος,
2916 4034 3037 4072 ςυν-

458 4088 660 4153 ἡγορος
700 4088 770 4138 cf.
807 4085 1001 4138 Arcad.
1041 4088 1131 4146 89,
1172 4087 1229 4145 5,
1269 4085 1609 4150 τελεςφόρος
1646 4115 1711 4122 -
1750 4087 2041 4153 ἑωςφόρος
2076 4090 2186 4141 huc
2221 4090 2407 4154 recepi
2443 4104 2511 4139 ex
2547 4087 2746 4137 Arcad.
2783 4089 2873 4148 88,
2910 4093 2942 4137 9
2981 4095 3040 4140 ot

457 4157 697 4209 indidem
739 4153 979 4220 ἄφορος,
1028 4153 1172 4219 qnod
1219 4153 1454 4204 fortasse
1509 4158 1565 4204 in
1609 4153 1813 4221 ἄνορος
1860 4157 2085 4207 Arcadii
2132 4157 2436 4218 delitescit,
2494 4153 2857 4220 παντοπόρος
2915 4172 3036 4206 cum

460 4225 722 4276 Schmidt.
759 4239 857 4289 pro
893 4221 1150 4286 πάπορος
1187 4228 1244 4271 et
1279 4220 1371 4271 καὶ
1393 4221 1641 4287 γαμόρος
1679 4241 1778 4290 pro
1803 4222 2119 4289 κατάμορος
2158 4224 2383 4290 scripsi,
2423 4225 2517 4274 sed
2542 4224 2645 4274 hoc
2666 4226 2846 4290 ipsum
2871 4222 3037 4274 κατά-

459 4308 624 4358 μορος
663 4292 868 4343 retinui
898 4298 962 4342 ut
996 4291 1118 4342 voci
1152 4287 1398 4354 γαμόρος
1435 4293 1766 4356 oppositum.
2006 4292 2042 4342 l.
2082 4297 2142 4344 15
2184 4292 2422 4357 ἄργυρος
2469 4292 2690 4358 explevi
2734 4309 2801 4342 ex
2840 4292 2919 4341 St.
2956 4294 3040 4356 1³„

458 4361 749 4427 πόρφυρος
784 4360 1016 4411 accessit
1062 4373 1128 4407 ex
1166 4358 1406 4422 Theogn.
1443 4361 1535 4418 72,
1577 4363 1632 4421 1;
1679 4359 1919 4423 ζέφυρος
1967 4365 2023 4409 et
2060 4358 2305 4424 Εάτυρος
2356 4376 2423 4409 ex
2460 4361 2563 4425 Ep.
2603 4361 2691 4414 Cr.
2729 4361 2756 4410 I
2793 4360 2915 4418 180,
2957 4362 3037 4418 16,

454 4432 549 4482 ubi
583 4430 729 4481 idem
766 4443 966 4484 canon:
1005 4425 1319 4491 λάμπυρος,
1359 4426 1504 4492 quod
1537 4427 1619 4478 ibi
1652 4429 1881 4494 legitur,
1919 4433 2020 4476 aut
2063 4443 2129 4477 ex
2166 4424 2426 4491 πάπυρος
2473 4432 2571 4477 aut
2608 4426 2876 4491 διάπυρος
2915 4444 3037 4478 cor-

456 4503 669 4564 ruptum
714 4496 962 4558 videtum
1017 4492 1192 4547 πάςςυ
1264 4508 1317 4557 ς,
1366 4494 1513 4560 quod
1556 4497 1694 4547 Lob.
1741 4496 1931 4546 Rheni.
1981 4497 2042 4545 12
2088 4502 2199 4546 not.
2247 4498 2310 4546 13
2364 4510 2462 4560 pro
2507 4493 2731 4546 Arcadii
2774 4493 3037 4559 πάπυρος

456 4567 570 4621 cod.·
608 4569 654 4616 Α
697 4566 756 4614 in
803 4564 962 4614 codd.
998 4563 1090 4615 BC
1139 4578 1181 4615 π
1220 4578 1417 4629 ρςυρος
1464 4565 1670 4630 scripto
1716 4561 2089 4628 reponendum
2143 4563 2380 4626 iudicat,
2434 4563 2672 4614 fortasse
2719 4563 3035 4614 addendum

455 4639 554 4688 est.
626 4630 866 4696 λάθυρος
912 4632 1149 4682 accessit
1194 4647 1260 4681 ex
1298 4649 1507 4684 canone
1553 4632 1796 4696 orthogr.
1841 4633 1900 4681 in
1944 4633 2046 4683 An.
2081 4633 2135 4682 11
2170 4635 2297 4696 323,
2336 4634 2421 4682 ⁶24:
2472 4629 2546 4682 τὰ
2590 4628 2668 4682 εἰς
2712 4634 2845 4696 ιΤρῗς
2888 4630 3034 4697 ὑπὲρ

456 4700 553 4753 δύο
588 4701 860 4764 ςυλλαβὰς
895 4728 960 4735 —
998 4698 1238 4752 ὀξύτονα
1274 4697 1399 4752 οἷον
1435 4699 1707 4765 ἁλμυρός,
1756 4698 2002 4764 δἰἶυρός,
2042 4700 2138 4751 ἑκυ
2176 4698 2252 4751 ός.
2299 4699 2773 4766 προπαροξύτονα
2809 4699 2870 4752 δὲ
2907 4697 3034 4752 οἷον

458 4766 726 4835 (άτυρος,
780 4766 1012 4834 ψίθυρος
1050 4765 1126 4834 (P)
1183 4766 1445 4833 λάθυρος·
1500 4767 1614 4820 ἔςτι
1672 4765 1733 4818 δὲ
1787 4766 1938 4820 εἶδος
1982 4766 2125 4833 ὸςπρ
2147 4782 2230 4819 ου.
2300 4767 2575 4834 πάπυρος.
2645 4766 2919 4835 Ζέφυρος.
2967 4798 3031 4806 —-

458 4834 685 4902 Ἴδυρος,
737 4838 881 4901 quod
934 4836 1079 4887 falso
1134 4852 1223 4901 ap.
1270 4838 1517 4902 Theogn.
1565 4836 1786 4900 Ἴπυρος
1841 4837 2132 4902 scriptum,
2190 4852 2223 4886 a
2269 4838 2406 4889 Lob.
2451 4837 2615 4890 Proll.
2664 4840 2764 4888 274
2806 4843 2922 4888 not.
2971 4841 3035 4892 14

456 4907 802 4958 emendatum
835 4909 951 4969 est,
987 4901 1206 4970 explevi
1243 4920 1310 4954 ex
1345 4907 1426 4956 St.
1463 4908 1552 4970 B.;
1600 4902 1901 4971 Μάνθυρος
1936 4909 2246 4974 promptum
2279 4912 2367 4958 est
2404 4923 2470 4958 ex
2506 4906 2782 4972 Theogm,
2819 4906 3033 4972 reliqua
