3664 5546
1455 445 1869 492 PRAEFATIO.
2132 475 2137 484 ·
2853 444 2966 492 CLI

387 605 589 686 τικὸν,
633 603 723 667 ὡς
767 603 1283 681 Ἀπολλόδωρος·
1329 600 1653 681 Πολύβιος
1709 604 1780 665 δὲ
1838 601 1942 665 διὰ
1987 604 2101 664 τοῦ
2158 604 2179 664 ἰ
2232 601 2470 665 αὐτοὺς
2526 603 2704 663 καλεῖ
2750 601 2964 664 Ἀλλό-

389 712 634 788 βριγας,
694 706 902 783 Χάραξ
958 706 1028 769 δὲ
1085 704 1190 768 διὰ
1245 707 1360 768 τοῦ
1406 706 1442 765 ὃ
1499 706 1723 780 μικροῦ
1782 704 2240 784 Ἀλλόβρογας,
2299 703 2360 765 οἱ
2415 703 2677 767 πλείους
2734 703 2804 766 δὲ
2862 703 2966 766 διὰ

387 813 502 873 τοῦ
545 811 590 872 i·
636 807 673 871 ὁ
720 808 790 871 δὲ
834 807 1117 885 τεχνικὸς
1164 805 1535 885 «Ἀλλόβροξ
1579 804 1768 869 ἔθνος
1816 805 2219 869 Γαλατικὸν».
2286 802 2699 867 Herodianus
2746 811 2965 868 autem

386 910 556 972 hunc
600 907 734 971 fere
774 907 840 970 in
885 906 1150 973 modum
1194 906 1769 993 pronunciaverat:
1821 907 2164 986 Ἀλλόβροξ
2209 906 2396 971 ἔθνος
2445 907 2816 989 Γαλατικὸν,
2862 908 2967 971 διὰ

386 1016 502 1077 τοῦ
544 1013 585 1075 ὃ
647 1010 737 1074 ὡς
784 1011 1022 1088 Χάραξ“
1077 1010 1569 1088 Ἀπολλόδωρος
1628 1010 1699 1073 δὲ
1758 1009 2218 1088 «Ἀλλόβρυγες
2274 1008 2462 1073 ἔθνος
2516 1009 2966 1073 δυνατώτατον

390 1114 793 1195 Γαλατικὸν»,
848 1113 1174 1192 Πολύβιος
1229 1113 1298 1176 δὲ
1358 1112 1461 1176 διὰ
1517 1116 1632 1175 τοῦ
1691 1114 1713 1175 i
1767 1110 2005 1176 αὐτοὺς
2065 1114 2245 1175 καλεῖ
2290 1111 2695 1191 Ἀλλὸβριγας
2749 1111 2849 1175 καὶ
2903 1110 2966 1174 οἱ

386 1217 646 1282 πλείους
691 1217 761 1279 δὲ
808 1214 912 1278 διὰ
956 1218 1072 1278 τοῦ
1116 1216 1152 1278 i.

553 1314 917 1380 Herodiani
961 1337 1122 1400 opus
1167 1316 1314 1394 περὶ
1356 1319 1582 1380 παθῶν
1627 1314 1790 1378 citat
1820 1314 2188 1400 Stephanus
2234 1338 2362 1379 uno
2408 1312 2547 1379 loco
2594 1337 2645 1378 s.
2694 1315 2855 1383 πνύξ
2903 1325 2965 1378 et

386 1420 847 1500 adnotamenta
912 1416 996 1480 ad
1062 1415 1435 1481 affectiones
1501 1417 1891 1503 pertinentia
1957 1416 2257 1502 dispersa
2337 1426 2489 1480 sunt
2566 1439 2683 1503 per
2756 1425 2966 1481 totum

387 1519 701 1606 Stephani
769 1518 1038 1599 librum,
1104 1541 1270 1604 quae
1336 1519 1554 1583 omnia
1617 1541 1702 1583 ex
1765 1517 2131 1583 Herodiani
2202 1518 2464 1603 scriptis
2530 1519 2818 1583 maxime
2882 1542 2967 1582 cx

388 1619 748 1702 Catholica,
797 1622 863 1684 in
906 1644 1036 1707 qua
1080 1621 1274 1685 etiam
1318 1621 1654 1707 passiones
1698 1623 2037 1686 nominum
2093 1619 2495 1706 prolatorum
2551 1622 2797 1706 passim
2857 1643 2963 1684 ex·

387 1725 659 1812 plicatas
705 1745 850 1787 esse
895 1745 1093 1808 supra
1146 1722 1465 1804 vidimus,
1511 1723 1716 1809 petita
1759 1731 1945 1802 sunt,
2003 1745 2058 1786 e.
2103 1744 2165 1806 g.
2222 1745 2561 1808 compares
2619 1721 2966 1787 articulum

387 1829 758 1905 Ἐπίδαυρος
803 1847 909 1911 ap.
956 1823 1053 1888 St.
1099 1824 1175 1888 B.
1222 1847 1370 1889 cum
1415 1824 1792 1890 Herodiano
1849 1828 1996 1905 περὶ
2038 1832 2263 1891 παθῶν
2308 1827 2373 1888 in
2419 1824 2498 1889 E.
2544 1825 2635 1889 M.
2680 1825 2837 1908 566,
2884 1827 2967 1889 34

387 1940 453 1992 ct
499 1929 865 2007 Ἀςπληδών
910 1949 1057 1992 cum
1102 1927 1474 2012 fragmento
1521 1950 1604 1990 ex
1649 1927 1879 1991 eodem
1924 1925 2091 1992 libro
2135 1928 2203 1991 in
2249 1926 2329 1990 E.
2375 1926 2465 1990 M.
2520 1927 2662 2008 157,
2706 1927 2788 1990 33
2835 1949 2964 1990 ser-

387 2040 564 2096 vato.
662 2028 1134 2094 Huiuscemodi
1193 2029 1393 2113 igitur
1457 2038 1806 2115 praecepta
1865 2038 1930 2093 et
1991 2029 2328 2115 scriptioni
2398 2030 2543 2108 περὶ
2610 2035 2835 2095 παθῶν
2903 2038 2965 2091 et

388 2125 764 2198 Catholicae
810 2131 1163 2216 assignavi.

555 2234 854 2320 Denique
896 2232 981 2297 ad
1025 2241 1410 2298 accentuum
1455 2233 1815 2298 doctrinam
1847 2233 2191 2319 perveni0‚
2238 2233 2323 2297 ad
2368 2254 2565 2319 quam
2595 2255 2761 2319 quae
2792 2231 2965 2319 apud

387 2338 788 2423 Stephanum
854 2336 1214 2421 pertinent,
1282 2336 1499 2401 omnia
1555 2337 1899 2423 perpaucis
1968 2335 2048 2399 iis
2062 2383 2079 2416 ,
2147 2358 2313 2421 quae
2371 2334 2788 2419 significabO,
2855 2357 2964 2399 ex-

388 2439 588 2525 ceptis
635 2457 718 2502 cx
764 2436 1123 2502 Herodiani
1169 2437 1508 2504 Catholica
1551 2438 1937 2524 deprompta
1981 2446 2153 2502 sunt.
2244 2434 2605 2501 Nonnullos
2652 2434 2850 2520 loc08,
2901 2437 2962 2499 in

386 2541 624 2628 quibus
680 2563 782 2626 ap.
841 2538 1238 2624 Stephanum
1295 2539 1654 2605 Herodiani
1708 2559 1944 2603 nomen
2000 2561 2129 2602 non
2182 2540 2552 2625 appositum
2608 2548 2738 2619 cst,
2797 2559 2963 2602 com·

387 2665 543 2728 paro
587 2665 733 2706 cum
778 2643 1175 2729 praecepti8‚
1222 2664 1498 2728 quorum
1542 2641 1725 2726 origo
1769 2641 2190 2705 Herodianea
2242 2641 2515 2707 indubia
2558 2650 2685 2705 est:
2746 2641 2841 2704 St.
2884 2641 2961 2703 Β.

386 2746 490 2827 67,
537 2746 576 2807 8
624 2745 902 2812 Ἀλαζών
949 2756 1014 2811 et
1054 2745 1200 2826 489,
1253 2743 1330 2809 10
1375 2745 1640 2812 Ὀλιζών
1688 2765 1835 2808 cum
1881 2741 2124 2808 Arcad.
2177 2742 2289 2825 11,
2341 2743 2450 2827 16,
2496 2741 2592 2808 St.
2638 2742 2717 2807 Β.
2762 2741 2963 2809 Λύκα-

388 2870 529 2914 ςτος
572 2869 716 2910 eum
763 2846 841 2910 Il.
872 2846 980 2911 Pr.
1031 2850 1095 2913 Μ
1139 2847 1252 2929 20,
1302 2846 1397 2909 St.
1430 2847 1508 2910 B.
1556 2848 1793 2912 Βιςτών
1839 2868 1984 2910 cum
2029 2846 2183 2910 Arc.
2221 2846 2320 2927 15,
2372 2847 2482 2927 16,
2532 2844 2628 2909 St.
2659 2846 2738 2909 B.
2783 2847 2962 2911 Ἴτων

389 2959 453 3013 et
495 2950 695 3016 Αἰςών
740 2958 806 3011 et
852 2950 1107 3028 Κρότων
1153 2971 1300 3012 cum
1344 2948 1499 3011 Arc.
1551 2948 1661 3029 16,
1713 2949 1822 3031 17,
1869 2947 1966 3011 St.
2011 2949 2090 3012 B.
2136 2950 2409 3031 Ἀςφαξ,
2466 2948 2772 3015 Τεκτόςαξ
2817 2969 2963 3010 cum

388 3053 540 3115 Arc.
594 3051 702 3132 18,
747 3050 862 3133 243
910 3050 1003 3115 St.
1052 3050 1127 3113 B.
1174 3053 1393 3131 Βέχειρ
1440 3071 1586 3113 cum
1630 3051 1783 3113 Arc.
1830 3048 1945 3130 20,
1996 3050 2102 3132 15,
2166 3050 2260 3114 St.
2309 3051 2386 3114 B.
2434 3048 2591 3131 576,
2638 3050 2680 3112 2
2738 3054 2954 3130 ςκῑρον

387 3176 532 3218 cum
576 3153 733 3216 Arc.
785 3152 938 3233 122,
985 3152 1099 3235 24,
1147 3152 1239 3217 St.
1290 3152 1365 3217 B.
1415 3154 1612 3233 Τάβαι
1669 3173 1818 3214 cum
1864 3152 2015 3219 Arc.
2066 3151 2218 3232 104,
2271 3152 2379 3234 11,
2428 3151 2525 3215 St.
2573 3153 2651 3216 B.
2699 3152 2962 3232 (τρατία

386 3277 532 3319 cum
576 3252 657 3317 Il.
701 3253 808 3317 Pr.
858 3255 870 3319 Ι
925 3254 1063 3319 150.
1152 3253 1367 3319 Semel
1421 3262 1674 3321 tantum
1730 3275 1937 3317 canon
1992 3254 2248 3318 tonicus
2304 3275 2344 3316 a
2388 3252 2715 3339 Stephano
2773 3252 2963 3318 aliter

388 3365 583 3442 atque
627 3354 711 3420 ab
744 3353 1030 3419 Arcadio
1078 3355 1463 3442 proponitur
1508 3355 1589 3419 de
1633 3354 1974 3420 vocabulis
2020 3356 2089 3419 in
2134 3343 2321 3422 {uffics

556 3457 795 3523 Arcad.
818 3458 923 3539 57,
952 3460 1022 3521 11
1059 3461 1136 3523 τὰ
1166 3460 1270 3524 διὰ
1298 3462 1415 3523 τοῦ
1442 3445 1616 3524 ι-υλ-ος
1647 3458 2155 3540 ὑπερδιςύλλαβα
2185 3459 2358 3523 ἁπλᾶ
2391 3458 2697 3538 ῥηματικὰ
2728 3459 2962 3537 ἔχοντα

385 3562 500 3640 τὴν
543 3561 754 3640 τρίτην
799 3561 1041 3640 μακρὰν
1087 3560 1403 3627 ὀξύνεται·
1460 3560 1812 3641 φειδωλός,
1860 3561 2162 3644 αἰτωλός,
2217 3562 2609 3640 ἁμαρτωλὸς.
2695 3561 2770 3626 τὸ
2816 3561 2957 3639 μέν·

386 3684 482 3727 τοι
528 3663 732 3728 ἕωλος
787 3662 824 3726 ὁ
881 3662 1164 3741 χθεςινὸς
1216 3664 1771 3742 προπαροξύνεται
1828 3663 1919 3729 ώς
1972 3664 2364 3743 παρώνυμον
2420 3664 2521 3728 καὶ
2575 3664 2690 3741 τὴν
2745 3663 2959 3742 τρίτην

388 3768 686 3846 βραχεῖαν
729 3763 880 3843 ἔχει.
923 3801 1012 3811 -

555 3864 651 3928 St.
697 3866 774 3928 B.
819 3864 932 3947 55,
984 3866 1062 3931 15
1107 3866 1394 3935 ὀξύνεται
1441 3867 1750 3933 Αἰτωλὸς·
1807 3868 1887 3931 τὰ
1941 3868 2065 3945 γὰρ
2122 3867 2210 3932 εἰς
2255 3854 2427 3934 M
2483 3867 2776 3946 ἀρςενικὰ
2830 3868 2958 3946 πρὸ

384 3973 500 4033 τοῦ
545 3970 610 4032 ῐιῖ
655 3970 729 4033 τὸ
784 3972 820 4033 i·
873 3968 1109 4047 ἔχοντα
1139 3969 1452 4057 ,ὀξύνεται
1466 4019 1483 4052 ,
1544 3969 1905 4052 Καςτωλὸς,
1959 3970 2338 4053 Πακτωλὸς,
2393 3969 2783 4049 ἁμαρτωλός.
2882 3969 2957 4033 τὸ

387 4070 770 4150 (πάρτωλος
811 4071 1088 4149 θηλυκὸν
1134 4072 1257 4137 ἐςτι
1301 4072 1403 4135 καὶ
1443 4072 1519 4136 τὸ
1566 4071 1923 4136 Μαύςωλος
1969 4071 2087 4136 οὐκ
2129 4071 2259 4149 ἔχει
2304 4073 2378 4136 τὸ
2421 4076 2472 4135 i
2547 4072 2673 4136 ἔςτι
2718 4072 2820 4135 καὶ
2864 4071 2956 4135 αἰ-

384 4174 590 4237 τωλὸς
636 4172 926 4237 ἐπίθετον
971 4174 1147 4252 παρὰ
1191 4173 1357 4253 ῥῆμα
1399 4173 1474 4237 τὸ
1520 4172 1736 4238 αἰτεῖν.

551 4273 843 4359 Uterque
897 4294 1108 4338 eanon
1161 4275 1325 4340 bene
1389 4272 1686 4360 procedit
1751 4283 1945 4360 atque
2015 4296 2268 4340 summa
2330 4275 2668 4360 utriusque
2728 4272 2954 4339 eodem

260 4465 268 4473 .
385 4375 588 4457 redit,
636 4397 838 4461 quare
883 4377 1112 4461 opinor
1165 4385 1509 4461 utrumque
1565 4377 1648 4442 ab
1693 4375 2073 4442 Herodiano
2129 4375 2454 4463 prolatum
2509 4399 2651 4442 esse
2708 4378 2953 4463 pariter

380 4486 575 4562 atque
620 4499 722 4562 ap.
769 4476 1130 4541 Arcadium
1175 4479 1443 4544 αἰτωλὸς
1498 4477 1755 4543 duobus
1814 4478 2210 4560 canonibuS,
2269 4501 2543 4566 quorum
2598 4487 2815 4542 tamen
2872 4501 2954 4543 ne

383 4578 548 4644 alter
591 4577 855 4665 quidem
898 4600 1048 4643 cum
1094 4579 1417 4667 Stephano
1463 4580 1790 4664 congruit,
1839 4580 2206 4646 subiectum
2250 4590 2368 4646 est.

549 4679 899 4747 Interdum,
934 4679 1301 4767 Stephanus
1345 4682 1430 4748 ab
1475 4681 1842 4747 Herodiani
1887 4684 2097 4747 tonosi
2141 4684 2404 4750 aberrat
2458 4682 2597 4747 sive
2650 4683 2947 4748 consulto

381 4781 522 4848 sive
590 4782 990 4869 excerptoris
1055 4785 1194 4848 sive
1259 4783 1677 4850 librariorum
1741 4785 2173 4870 neglegentia.
2270 4786 2350 4851 In
2415 4784 2492 4849 Il.
2549 4784 2658 4848 Pr.
2719 4787 2767 4850 Ν
2829 4787 2946 4850 791

381 4886 679 4966 Ἕρμαιος
725 4886 934 4965 λόφος
979 4885 1290 4970 scriptum
1336 4896 1470 4967 est,
1528 4907 1633 4972 ap.
1680 4884 1775 4952 St.
1822 4888 1897 4951 B.
1946 4911 1999 4952 s.
2046 4890 2275 4967 Ἀγάθη
2320 4889 2626 4968 Ἑρμαῖος.
2716 4888 2950 4955 Choer.
