3664 5546
1209 377 1368 445 ΠΕΡΙ
1409 377 1801 432 ΚΑΘΟΛΙΚΗ(
1838 378 2260 433 ΠΡΟΕΩιΔΙΑ(
2301 379 2370 432 ΙΓ.
2951 379 3071 443 381

487 548 563 611 τὸ
607 546 1109 628 προςηγορικόν,
1169 548 1327 613 ὅταν
1373 550 1443 612 δὲ
1487 549 1780 613 ἐπίθετον
1826 551 1897 632 ᾖ,
1954 547 2243 615 ὀξύνεται
2289 547 2472 613 «εὖτ’
2516 549 2596 614 ἂν
2656 547 2694 612 ὁ
2750 551 2900 613 παῖς
2944 548 3074 613 ἀπὸ

488 650 602 727 μὲν
666 649 912 725 γυαλὸν
976 649 1155 713 λίθον
1224 648 1661 725 ἀγκάςαςθαι».
1775 651 2181 714 Μαίναλον
2247 650 2322 714 τὸ
2379 648 2552 727 ὄρος.
2661 649 3073 729 Λάβδαλον

488 748 689 828 ἄκρον
733 754 865 813 τῶν
910 749 1302 831 Ἐπιπολῶν,
1351 749 1768 829 (υρακουςῶν
1813 751 2098 829 πληςίον.
2191 751 2584 829 Θουκυδίδης
2628 752 2773 836 ἕκτῃ
2818 754 2902 832 (e.
2946 751 3073 832 97).

485 850 828 915 Αἴκαλον
898 851 1219 930 φρούριον
1287 856 1398 928 τῆς
1459 854 1733 917 Ἰταλίας.
1837 853 2184 918 Διονύςιος
2244 852 2663 936 ἑκκαιδεκάτῳ
2729 853 3076 932 Ῥωμαῖκῆς

489 952 961 1030 ἀρχαιολογίας.
1053 952 1359 1031 Γάμαλα
1404 956 1688 1018 κατοικία
1733 954 1971 1032 (υρίας.
2062 953 2362 1035 Γάβαλα
2404 956 2591 1019 πόλις
2633 954 2949 1036 Φοινίκης,
2993 955 3073 1031 ἣν
3103 965 3136 1015 5

487 1057 773 1131 θηλυκῶς
817 1053 1139 1117 Ἑκαταῖός
1185 1074 1405 1135 φηςιν,
1463 1054 1500 1118 ὁ
1560 1057 1631 1118 δὲ
1677 1055 1975 1135 (τράβων
2020 1054 2131 1137 (16
2175 1077 2239 1141 p.
2289 1055 2440 1137 753)
2493 1055 2744 1137 (υρίας,
2809 1056 3074 1133 πληςίον

489 1154 875 1220 Λαοδικείας.
965 1154 1090 1219 ἔςτι
1137 1156 1238 1217 καὶ
1282 1156 1461 1234 χώρα
1505 1156 1793 1235 Ἀραβίας
1850 1158 1953 1220 καὶ
1996 1157 2245 1231 λέγεται
2290 1158 2328 1235 ἡ
2374 1158 2595 1235 πρώτη
2652 1159 2927 1238 ςυλλαβὴ
2974 1159 3078 1222 διὰ

487 1260 606 1320 τοῦ
648 1259 682 1321 ἒ
730 1257 1042 1336 Γέβαλα.
1134 1256 1430 1334 Ἰώςηπος
1476 1256 1589 1338 (A.
1638 1255 1691 1318 I.
1738 1257 1812 1336 2,
1865 1258 1943 1338 1).
2033 1258 2393 1322 Δαίδαλα
2437 1257 2621 1322 πόλις
2674 1263 2784 1336 τῆς
2828 1258 3077 1322 Ῥοδίας

487 1358 525 1436 ἢ
573 1358 827 1436 χωρίον.
896 1356 1193 1437 (τράβων
1241 1354 1317 1421 ιδ’
1358 1358 1451 1442 (p.
1485 1358 1631 1421 651.
1663 1358 1831 1439 664).
1903 1359 2028 1423 ἔςτι
2065 1359 2166 1422 καὶ
2211 1357 2365 1436 ὄρος
2396 1359 2625 1423 Λυκίας
2654 1360 2733 1423 τὰ
2762 1359 3074 1423 Δαίδαλα.

486 1459 525 1536 ἡ
572 1460 641 1523 δὲ
686 1460 871 1524 πόλις
915 1456 1045 1521 ἀπὸ
1078 1457 1415 1522 Δαιδάλου
1448 1463 1565 1523 τοῦ
1610 1460 1853 1538 Ἰκάρου
1898 1461 1937 1538 ἡ
1984 1460 2053 1523 ἐν
2084 1460 2292 1543 Λυκίᾳ.
2361 1460 2465 1523 διά
2507 1481 2683 1524 τινος
2727 1461 2851 1538 γὰρ
2888 1461 3075 1526 ἕλους
3116 1470 3179 1521 ιο

491 1560 840 1639 ἐπορεύετο
887 1562 1003 1623 τοῦ
1041 1559 1240 1622 Νίνου
1284 1565 1609 1642 ποταμοῦ,
1655 1562 1757 1624 καὶ
1801 1561 1930 1625 ὑπὸ
1975 1562 2329 1640 χερςύδρου
2373 1562 2685 1639 δηχθέντα
2708 1565 3076 1644 ,τελευτῆςαι

488 1663 590 1726 καὶ
620 1662 749 1725 ἐκεῖ
775 1664 1055 1740 ταφῆναι
1086 1662 1186 1724 καὶ
1217 1652 1529 1738 κτιςθῆνάι
1560 1662 1750 1726 πόλιν
1781 1663 1970 1741 φηςὶν
2001 1663 2415 1740 Ἀλέξανδρος
2445 1662 2515 1726 ἐν
2546 1663 2895 1728 Λυκιακοῖς.
2949 1664 3077 1728 ἔςτι

488 1764 591 1826 καὶ
620 1763 892 1839 Ἰνδικῆς.
948 1762 1047 1826 καὶ
1082 1762 1320 1840 Κρήτης
1364 1761 1544 1841 ἄλλη.
1599 1763 1966 1828 Πάςςαλα
2013 1764 2364 1829 Μυλαςέων
2398 1764 2694 1828 ἐπίνειον.
2751 1766 3077 1829 Πάταλα

488 1864 676 1928 πόλις
720 1863 956 1942 Ἰνδική.
1016 1863 1264 1939 λέγεται
1311 1865 1411 1927 καὶ
1452 1864 1736 1942 Πατάλη.
1795 1863 2096 1930 (άταλα
2140 1867 2324 1929 πόλις
2371 1866 2725 1948 Ἀρμενίας,
2771 1865 2861 1930 ὡς
2905 1865 3074 1930 Ἀλέ-

488 1970 759 2043 ξανδρος
804 1964 872 2029 ἐν
920 1964 1102 2049 Ἀςίᾳ.
1196 1965 1648 2044 Καςτάβαλα
1696 1967 1965 2031 Κιλικίας
2008 1967 2212 2031 πόλις.
2303 1966 2601 2048 (τράβων
2647 1968 2723 2047 ιβ’
2769 1969 2857 2052 (p.
2903 1967 3073 2047 535).
3115 1977 3178 2027 15

493 2067 954 2144 Κορύδαλλα
998 2067 1182 2131 πόλις
1227 2066 1510 2131 Ῥοδίων.
1597 2066 1921 2132 Ἑκαταῖος
1966 2067 2147 2151 Ἀςίᾳ.
2236 2066 2554 2148 (ώβαλα
2597 2069 2784 2133 πόλις
2833 2069 3075 2146 Καρίας.

487 2167 872 2245 Τρίκαλον
919 2168 1020 2230 καὶ
1064 2167 1341 2246 Τρίκαλα
1384 2168 1568 2232 πόλις
1615 2167 1907 2234 (ικελῶν.
1952 2168 2256 2259 Φίλιςτος.
2312 2169 2682 2247 Τραύαλα
2725 2170 2910 2234 πόλις
2955 2170 3074 2234 Λυ-

486 2269 636 2333 κίας.
714 2268 1124 2344 Θεάγγελα
1169 2269 1353 2333 πόλις
1389 2269 1632 2347 Καρίας.
1709 2272 1901 2351 Κύβε
1922 2274 2011 2334 λα
2041 2272 2227 2335 πόλις
2255 2270 2531 2348 Φρυγίας
2562 2272 2663 2335 καὶ
2694 2269 2849 2349 ὄρος
2877 2270 3075 2351 ἱερόν,

489 2369 604 2450 ἀφ’
649 2368 729 2433 οὗ
778 2370 1016 2449 Κυβέλη
1071 2369 1110 2447 ἡ
1157 2369 1302 2434 Ῥέα
1357 2372 1605 2446 λέγεται
1661 2374 1762 2435 καὶ
1810 2373 2243 2452 Κυβεληγενής
2300 2373 2401 2436 καὶ
2450 2373 2719 2452 Κυβελίς.
2806 2373 3072 2437 Πείςαν-

491 2476 644 2549 δρος
690 2472 953 2554 δεκάτῳ.
1025 2472 1348 2550 Κύψελα
1392 2473 1713 2552 φρούριον
1758 2464 2221 2551 τετειχιςμένον
2266 2473 2336 2537 ἐν
2383 2473 2673 2557 Ἀρκαδίᾳ
2719 2474 2846 2537 ὑπὸ
2896 2474 3072 2537 Μαν-
3108 2484 3177 2534 20

486 2573 732 2637 τινέων.
823 2573 1218 2651 Θουκυδίδης
1271 2574 1523 2657 πέμπτῃ
1576 2575 1659 2656 (e.
1707 2574 1836 2655 33).
1924 2575 2051 2639 ἔςτι
2111 2576 2212 2638 καὶ
2272 2575 2532 2654 Κύψελα
2585 2577 2771 2639 πόλις
2826 2574 3075 2656 Θρᾴκης

487 2674 755 2751 πληςίον
811 2677 926 2737 τοῦ
971 2674 1205 2754 Ἕβρου
1263 2679 1573 2754 ποταμοῦ.
1662 2675 1981 2751 Πύγελα
2035 2675 2222 2740 πόλις
2280 2676 2529 2740 Ἰωνίας.
2620 2674 3075 2751 (ουάγγελα
3199 2724 3208 2735 .

488 2777 672 2840 πόλις
723 2776 981 2859 Καρίας,
1040 2776 1196 2840 ἔνθα
1251 2776 1288 2840 ὁ
1333 2777 1543 2857 τάφος
1587 2782 1705 2841 τοῦ
1754 2777 1989 2858 Καρός,
2048 2779 2137 2842 ὡς
2192 2781 2380 2855 δηλοῖ
2432 2779 2533 2842 καὶ
2575 2778 2878 2855 τοῦνομα.
2966 2800 3072 2843 κα-

490 2880 663 2941 λοῦςι
708 2878 830 2955 γὰρ
879 2877 941 2940 οἱ
978 2877 1172 2955 Κᾶρες
1217 2882 1410 2942 ςοῦαν
1454 2881 1570 2956 τὴν
1614 2878 1863 2962 τάφον,
1907 2879 2105 2955 γέλαν
2151 2881 2220 2943 δὲ
2266 2880 2379 2944 τὸν
2417 2880 2683 2960 βαςιλέα.
2740 2880 3073 2959 Ἄρβηλα

485 2979 671 3043 πόλις
736 2979 1009 3057 Περςικὴ
1075 2977 1204 3042 ἀπὸ
1272 2980 1582 3060 Ἀρβήλου
1646 2985 1763 3044 τοῦ
1828 2981 2202 3060 Ἀθμονέως.
2304 2980 2601 3060 (τράβων
2667 2980 3072 3060 ἑκκαιδεκάτῃ
3108 2992 3174 3040 25

485 3081 577 3164 (p.
625 3079 792 3161 737).
882 3071 1291 3158 Ἀρίνδηλά
1345 3080 1533 3145 πόλις
1585 3082 1794 3160 τρίτης
1849 3082 2285 3160 Παλαιςτίνης.
2377 3083 2651 3146 Γλαῦκος
2717 3083 2789 3146 δὲ
2854 3083 3070 3161 κώμην

459 3181 684 3259 ,αὐτὴν
729 3183 924 3246 καλεῖ.
994 3181 1458 3260 Γαυγάμηλα
1501 3183 1701 3247 τόπος
1744 3183 2071 3271 Περςίδος.
2138 3183 2630 3260 Ἀπολλόδωρος
2674 3182 2745 3247 ἐν
2789 3189 2881 3267 τῷ
2926 3184 3075 3261 περὶ

485 3285 601 3358 γῆς
644 3282 942 3366 δευτέρῳ.
1002 3281 1355 3360 Ἰςμάηλα
1410 3286 1520 3360 τῆς
1565 3284 1854 3364 Ἀραβίας
1902 3284 2159 3363 χωρίον.
2206 3284 2552 3362 Ὕδρηλα
2594 3284 2779 3349 πόλις
2827 3285 3069 3363 Καρίας.

476 3381 933 3461 ῘΕρατοςθένης
976 3390 1324 3467 τριακοςτῷ
1368 3384 1557 3468 τρίτῳ
1607 3385 1981 3450 Ιῗαλατικῶν.
2045 3386 2310 3465 Ἄβιλα
2352 3386 2537 3450 πόλις
2578 3385 2890 3463 Φοινίκης.
2944 3384 3069 3450 Αἴ-

484 3487 661 3559 γιλα
703 3488 892 3561 νῆςος
936 3486 1162 3562 μεταξὺ
1213 3485 1450 3563 Κρήτης
1494 3488 1595 3550 καὶ
1637 3486 2164 3566 Πελοποννήςου.
2229 3487 2546 3565 Ἄργιλα
2589 3487 2776 3551 πόλις
2824 3487 3067 3565 Καρίας.
3105 3494 3173 3546 30

487 3584 776 3660 Αὔγιλα
819 3585 1003 3650 πόλις
1046 3586 1288 3666 Λιβύης.
1336 3586 1828 3665 Ἀπολλόδωρος
1876 3588 1929 3669 β’
1973 3590 2121 3667 περὶ
2161 3592 2292 3666 γῆς.
2380 3588 2626 3665 Ζήῖλα
2669 3587 2855 3651 πόλις
2903 3587 3067 3650 Καπ-

484 3685 824 3767 παδοκίας,
870 3686 949 3763 ἣν
994 3686 1229 3752 ἔκτιςεν
1275 3688 1313 3751 ὁ
1360 3688 1759 3766 Νικομήδους
1803 3690 1940 3754 υἱὸς
1982 3690 2235 3768 Ζηῖλας.
2322 3690 2386 3753 Δ
2402 3689 2783 3768 ρόγγιλον
2829 3689 3068 3767 χωρίον

485 3786 750 3870 Θρᾴκης.
808 3788 1194 3866 Θεόπομπος
1223 3788 1621 3854 Φιλιππικῶν
1657 3790 1728 3853 θ’.
1794 3791 2085 3857 Τάξιλα
2127 3793 2312 3857 πόλις
2359 3791 2597 3868 Ἰνδική.
2666 3790 2962 3870 (τράβων
2998 3789 3070 3853 ιε’

484 3889 570 3972 (p.
628 3886 772 3950 691.
829 3886 1000 3968 698).
1070 3890 1438 3955 Μόςυλον
1485 3879 1884 3970 ἀκρωτήριον
1941 3894 2043 3956 καὶ
2095 3892 2406 3971 ἐμπόριον
2460 3892 2800 3957 Αἰθιοπίας.
2892 3892 3065 3954 Βαί-

485 3992 679 4053 κυλα
744 3990 930 4054 πόλις
984 3990 1241 4070 Ἰβηρίας
1305 3994 1468 4071 πρὸς
1534 3997 1672 4058 ταῖς
1738 3993 2129 4072 Ἡρακλείαις
2200 3995 2463 4071 ςτήλαις.
2571 3994 2844 4056 Ἴωλον
2913 3990 3068 4068 ὄρος
3104 4001 3168 4052 35

482 4089 879 4170 Περραιβίας.
953 4091 1299 4157 Ὄκωλον
1345 4095 1583 4172 χωρίον
1615 4095 1997 4173 Ἐρετριέων.
2059 4095 2446 4173 Θεόπομπος
2474 4091 2872 4156 Φιλιππικῶν
2903 4091 3064 4155 εἰκο-

484 4198 607 4275 ςτῷ
642 4192 941 4276 τετάρτῳ.
1001 4192 1415 4270 (τρόγωλα
1459 4195 1644 4260 πόλις
1688 4196 1932 4260 Λυδίας.
1981 4195 2237 4259 Ξάνθος
2281 4195 2352 4259 ἐν
2395 4195 2723 4259 Λυδιακῶν
2770 4193 3067 4277 δευτέρῳ.

655 4322 690 4357 ιι·
738 4293 832 4358 Τὰ
895 4293 982 4358 εἰς
1050 4298 1175 4373 Πᾶν’
1241 4294 1423 4374 κύρια
1488 4297 1999 4376 ὑπερδιςύλλαβα
2063 4294 2651 4391 προπαροξύνεται,
2719 4294 3065 4373 (ήςαμον

483 4550 770 4600 emendare
818 4555 1072 4600 conatur:
1125 4547 1305 4614 αὐτὰρ
1359 4549 1390 4602 ὁ
1445 4554 1576 4602 παῖς
1621 4545 1840 4612 ἀφέμεν
1892 4543 2106 4610 γυαλὸν
2159 4541 2317 4599 λίθον
2361 4544 2486 4612 ἄγχι
2539 4542 2798 4610 λιαςθείς;
2853 4547 3066 4615 reliqua

484 4616 661 4665 omnia
697 4625 824 4667 sunt
850 4633 913 4666 ex
942 4619 1022 4668 St.
1052 4619 1110 4667 B.
1148 4644 1209 4653 —-
1252 4619 1408 4667 omisi
1446 4615 1817 4679 Αὐτομάλακα
1855 4612 2062 4679 χωρίον
2098 4615 2314 4679 Λιβύης.
2365 4617 2396 4666 ὁ
2434 4614 2754 4680 πολυίςτωρ
2789 4617 2851 4668 ἐν
2885 4617 3063 4682 τρίτη.

488 4677 912 4748 Ἀπολλόδωρος
950 4683 1010 4734 δὲ
1048 4682 1356 4746 Αὐτόμαλα
1392 4684 1552 4748 φηςί,
1593 4699 1754 4747 quum
1792 4682 2108 4732 Meiuekius
2155 4683 2353 4733 collato
2391 4684 2621 4737 Ptolem.
2659 4687 2734 4734 IV
2769 4688 2819 4747 4,
2857 4690 2887 4736 3
2925 4686 3064 4747 μετὰ

483 4747 589 4810 τὴν
626 4749 892 4801 Φιλαίνου
931 4750 1129 4814 κώμην
1155 4750 1486 4814 Αύτομάλαξ
1512 4750 1801 4815 φρούριον.
1851 4747 2180 4810 Αὐτομάλαξ
2219 4767 2401 4802 veram
2431 4753 2656 4801 formam
2694 4769 2815 4802 esse
2855 4754 3065 4819 probet.

617 4817 650 4865 l.
688 4823 754 4870 38
792 4835 967 4868 canon
1005 4837 1071 4867 ex
1111 4820 1420 4868 nominibus
1455 4837 1485 4869 a
1525 4821 1613 4869 St:
1646 4820 1708 4869 B.
1749 4809 1943 4868 remis
1980 4823 2066 4866 est
2104 4821 2456 4885 compositus.
