3664 5546
1196 383 1356 441 ΠΕΡΙ
1395 384 1789 441 ΚΑΘΟΛΙΚΗ(
1820 383 2245 440 ΠΡΟΕΩιΔΙΑΕ
2281 383 2335 441 Ε.
2933 382 3055 449 133

464 562 719 643 δαῖος,
763 558 1159 639 Ὀρδαῖος,
1202 556 1623 635 Ἐορδαῖος.
1701 555 2017 638 Ἰδαῖος,
2060 555 2440 636 Λαδαῖος,
2489 556 2911 622 Μενδαῖος.
2976 556 3052 621 τὸ

463 663 536 727 δὲ
578 663 931 740 Πήδαιος
975 658 1529 739 προπαροξύνεται
1562 657 1653 723 ὡς
1682 658 1859 737 παρὰ
1904 656 2069 737 ῥῆμα
2112 658 2403 734 γεγονός.

631 764 726 828 Τὰ
769 763 874 828 διά
901 767 1020 828 τοῦ
1066 748 1247 827 >Uo-c
1290 763 1827 843 προπεριςπᾶται,
1875 760 2183 842 ὑλαῖος,
2231 763 2660 840 βουλαῖοςφ
2704 763 3050 840 ζηλαῖος.

462 866 537 930 τὸ
583 867 654 930 δὲ
699 864 1049 929 δείλαιος
1094 863 1197 928 καὶ
1239 863 1583 943 φύλάιος
1628 861 2200 941 προπαροξύνεται.
2275 861 2386 925 ἔτι-
2414 865 2812 941 ςημειοῦνται
2855 864 2936 927 τὰ
2979 864 3051 929 ἐν

462 967 627 1051 ἀρχῇ
682 966 981 1045 πρόθεςιν
1037 966 1307 1048 ἔχοντα,
1362 964 1839 1029 ἐπιπόλαιος
1891 965 1932 1043 ἢ
1987 963 2119 1030 ἀπὸ
2177 962 2456 1044 ῥήματος
2507 964 2722 1043 ,ὥςπερ
2786 966 2862 1029 τὸ
2918 965 3110 1030 Φί-5

464 1072 688 1133 λαιος
731 1067 863 1133 ἀπὸ
907 1070 1025 1133 τοῦ
1069 1070 1274 1149 φιλῶ,
1318 1066 1357 1145 ἢ
1404 1066 1536 1131 ἀπὸ
1567 1066 1993 1146 ἐπιρρήματος
2024 1066 2235 1145 ὥςπερ
2278 1067 2355 1131 τὸ
2385 1066 2725 1132 παλαιός
2769 1066 2902 1133 ἀπὸ
2932 1072 3051 1132 τοῦ

461 1171 658 1235 πάλαι
703 1171 806 1235 καὶ
859 1170 940 1233 τά
996 1170 1154 1234 κατὰ
1198 1170 1537 1247 διαςτολὴν
1581 1169 1890 1248 γινόμενα
1930 1169 2288 1234 Παλαῖος
2343 1169 2421 1234 τὸ
2467 1168 2723 1252 κύριον,
2777 1169 3051 1235 παλαιός

462 1274 534 1338 δὲ
589 1274 666 1337 τὸ
724 1270 1048 1353 ἐπίθετον,
1116 1271 1467 1336 Πύλαιος
1530 1271 1607 1334 τὸ
1663 1270 1885 1349 κύριον
1942 1272 2044 1334 καὶ
2098 1270 2135 1334 ὁ
2181 1270 2403 1350 Ἑρμῆς
2459 1269 2498 1335 ὁ
2541 1269 2830 1336 Πύλαιος
2885 1273 3051 1350 πρὸς

461 1374 944 1452 ἀντιδιαςτολὴν
988 1378 1105 1438 τοῦ
1148 1377 1433 1438 τοπικοῦ.

629 1476 724 1540 Τὰ
767 1476 855 1540 εἰς
898 1495 1082 1553 μαιος
1124 1478 1660 1569 προπεριςπᾶται,
1718 1474 1772 1539 εἰ
1817 1476 1899 1554 μὴ
1947 1476 2244 1554 διαςτολὴ
2289 1476 2546 1552 γένοιτο
2591 1473 2811 1554 κυρίου
2867 1476 2904 1553 ἢ
2952 1474 3047 1555 εἴη
3092 1484 3153 1535 10

461 1578 797 1659 ςύνθετον,
841 1580 1239 1656 πυγμαῑος
1284 1578 1386 1640 καὶ
1429 1577 1876 1660 Πυγμαῖος,
1923 1576 2060 1642 υἱὸς
2103 1578 2349 1655 Δώρου
2392 1581 2510 1642 τοῦ
2556 1577 2880 1659 Ἐπάφου,
2925 1576 3051 1657 ἀφ’

461 1678 542 1744 ού
584 1681 906 1758 Πυγμαῖοι
950 1679 1171 1762 ἔθνος,
1217 1681 1634 1761 δρομαῖος,
1690 1678 2059 1760 ἀκμαῖος,
2118 1680 2378 1758 ἱμαῖος
2423 1680 2463 1758 ἡ
2509 1678 2837 1758 ἐπιμύλιος
2894 1680 3048 1762 ᾠδή.

461 1783 650 1859 δηλοῖ
703 1783 775 1845 δὲ
828 1783 931 1846 καὶ
984 1781 1195 1859 ὄνομα
1250 1780 1487 1858 κύριον.
1563 1779 1959 1859 ἐρημαῖος.
2025 1782 2539 1860 Πτολεμαῖος.
2607 1781 3048 1860 Ἰδουμαῖος

460 1882 651 1948 ἔθνος
695 1882 997 1962 Ἑβραίων
1052 1882 1183 1948 ἀπὸ
1239 1882 1505 1961 ἀδώμου
1561 1882 1815 1964 (ἄδωμα
1872 1883 1996 1960 γὰρ
2053 1882 2115 1946 οἱ
2159 1882 2433 1962 Ἑβραῖοι
2490 1884 2566 1947 τὸ
2622 1883 2894 1963 ἐρυθρὸν
2940 1905 3047 1947 κα-

465 1986 739 2068 λοῦςιν),
794 1984 892 2050 ὅτι
936 1986 1171 2052 ξανθὸν
1219 1990 1437 2064 βρῶμα
1481 1986 1637 2049 δοὺς
1692 1984 1869 2069 αὐτῷ
1914 1983 1951 2048 ὁ
1997 1983 2284 2065 ἀδελφὸς
2329 1985 2408 2048 τά
2452 1988 2736 2063 πρωτεῖα
2780 1986 3044 2066 εἰλήφει.
3085 1995 3148 2045 15

461 2085 873 2169 Ῥωμαῖος,
927 2087 1342 2165 Δαλμαῑος
1397 2086 1587 2152 ἔθνος
1642 2087 1817 2165 παρὰ
1873 2090 2010 2151 τοῖς
2064 2087 2533 2170 Ἰχθυοφάγοις,
2593 2087 2683 2152 ὡς
2739 2089 3048 2153 Ἀπολλό-

461 2192 689 2266 δωρος.
735 2188 1121 2270 Ἑρμαῖος,
1168 2186 1319 2254 ὅθεν
1364 2189 1439 2253 τὸ
1485 2188 1778 2268 Ἑρμαῖον
1822 2188 1987 2267 κάρα
2030 2189 2205 2268 παρὰ
2250 2187 2585 2268 (οφοκλεῖ.
2649 2191 2726 2255 τὸ
2772 2191 2843 2254 δὲ
2888 2190 3048 2268 Ἕρ-

461 2310 684 2369 μαιος
728 2289 950 2369 κύριον
993 2291 1159 2368 πρὸς
1202 2288 1684 2369 ἀντιδιαςτολὴν
1729 2291 2284 2370 προπαροξύνεται
2331 2292 2433 2356 καὶ
2474 2292 2550 2356 τὸ
2607 2290 2750 2357 «ὅθι
2795 2292 2864 2354 θ’
2906 2292 3047 2371 Ἕρ-

462 2412 646 2471 μαιος
692 2391 902 2472 λόφος
947 2392 1150 2456 ἐςτίν»
1209 2389 1366 2473 (od.
1411 2414 1459 2456 π
1502 2390 1658 2473 471)
1715 2394 1817 2456 καὶ
1870 2394 1947 2473 τὸ
2003 2394 2549 2473 φιλορώμαιος
2601 2392 2905 2459 ςύνθετον
2950 2392 3045 2459 ὄν.

460 2493 552 2558 Τὸ
597 2496 668 2559 δὲ
711 2493 1034 2573 Τίμαιος
1081 2492 1498 2573 ςεςημείωται.
1587 2492 1717 2573 ἔχει
1774 2496 1846 2558 δὲ
1891 2494 2226 2577 ἀφορμήν,
2284 2493 2379 2559 ὅτι
2433 2494 2600 2573 ῥῆμα
2643 2495 2844 2561 αὐτοῦ
2887 2516 3045 2575 προ-
3083 2505 3151 2555 20

460 2596 772 2676 κατάρχει.
861 2597 963 2660 καὶ
1006 2596 1080 2659 τὸ
1126 2594 1460 2674 Εὔμαιος
1505 2596 1576 2660 δέ
1623 2596 1786 2661 ἐςτιν
1834 2596 2154 2663 ςύνθετον.

628 2697 723 2762 Τὰ
753 2698 859 2762 διὰ
878 2702 996 2763 τοῦ
1018 2702 1202 2778 χᾶῑόξ
1232 2702 1821 2782 προπεριςπῶνται,
1847 2696 2210 2784 ἀρχαῖος,
2240 2702 2650 2783 τροχαῖος,
2683 2703 3046 2784 λοχαῖος,

461 2804 816 2885 λεχαῖος,
859 2805 1220 2882 νυχαῖος,
1265 2801 1677 2884 ἡςυχαῖος,
1720 2803 2147 2882 Παγχαῖος.
2234 2804 2311 2867 τὸ
2358 2804 2428 2867 δὲ
2473 2802 2776 2881 Ἀχαιός
2822 2801 3045 2870 ὀξυνό-

459 2922 657 2982 μενον
702 2904 805 2967 καὶ
847 2904 923 2968 τὸ
968 2902 1416 2983 ἐρυςίχαιος
1459 2905 2119 2984 προπαροξυνόμενον
2166 2904 2584 2984 ςεςημείωται.

625 3024 663 3059 ιε
711 3005 806 3069 Τὰ
850 3005 956 3070 διὰ
1009 3009 1127 3071 τοῦ
1182 3006 1322 3069 οἷο-ς
1376 3004 1613 3085 ἔχοντα
1665 3007 1794 3085 πρὸ
1849 3011 1961 3085 τῆς
2006 3010 2071 3069 αῖ
2115 3006 2186 3072 ἕν
2231 3028 2287 3070 τι
2332 3011 2463 3071 τῶν
2509 3009 2757 3072 διπλῶν
2809 3008 2847 3086 ἢ
2892 3008 2968 3071 τὸ
3013 3009 3047 3068 Ε
3081 3018 3147 3067 25

457 3110 917 3190 περιςπῶνται,
961 3110 1424 3191 κοραξαῖος,
1473 3110 1828 3191 Γαζαῖος,
1876 3108 2319 3188 (τρεψαῖος
2375 3108 2414 3174 ὁ
2458 3108 2680 3187 Ἑρμῆς
2733 3111 2908 3189 παρὰ
2951 3117 3044 3195 τῷ

458 3209 895 3289 Ἀριςτοφάνει
948 3211 1125 3290 παρὰ
1177 3212 1254 3276 τὸ
1310 3210 1718 3291 διεςτράφθαι
1770 3211 1886 3275 τὰς
1937 3210 2154 3294 ὄψεις,
2220 3212 2323 3276 καὶ
2376 3210 2566 3276 ἔθνος
2625 3211 3042 3278 Μακεδονίας.

462 3312 810 3395 Νιςαῖος,
874 3316 1274 3396 χερςαῖος,
1314 3314 1704 3396 ’Πιςαῖος,
1782 3314 2220 3396 Μουςαῖος,
2292 3314 2689 3393 Δερςαῖος
2763 3314 3042 3396 Θρᾴκιον

457 3413 662 3478 ἔθνος.
706 3413 1076 3493 Ἡρόδοτος.

625 3515 720 3580 Τὰ
749 3515 881 3582 ἀπὸ
911 3517 1356 3597 ἐπιρρημάτων
1385 3523 1979 3601 προπεριςπῶνται,
2025 3517 2226 3598 χύδην
2258 3522 2597 3598 χυδαῖος
2614 3569 2633 3603 ,
2679 3517 2878 3599 ἄντην
2909 3518 3042 3584 ἀν·
3077 3525 3145 3578 30

456 3823 578 3926 2¹:2¹3.
602 3803 1535 3940 0ff0fft·p322ff⁴=5;=210202122¹.ssAE
1567 3805 1603 3860 Ε
1767 3875 1802 3940 ἢ
1841 3808 1963 3927 ἐκ»
1992 3809 2248 3941 34:2‚532
2285 3811 2530 3941 Ἤ
2567 3808 3040 3875 θη

456 3944 690 4005 inserui,
728 3942 978 3995 Πύλαιος
1014 3942 1071 3992 in
1107 3941 1212 3993 fine
1249 3943 1434 3994 adieci
1469 3960 1536 3995 ex
1571 3944 1636 3995 11.
1673 3945 1762 3998 Pr.
1802 3944 1842 3997 Β
1879 3947 1978 3995 842
2014 3945 2099 4008 (Ε.
2137 3948 2212 4000 M.
2249 3947 2375 4009 696,
2414 3943 2500 4010 50)
2540 3946 2609 3998 cf.
2647 3947 2784 3997 Lob.
2821 3946 2857 3999 1.
2895 3963 2941 3996 ο.
2980 3952 3038 3997 et

458 4013 650 4063 Lehrs.
688 4012 761 4062 ad
795 4011 859 4064 11.
885 4012 973 4061 Pr.
1000 4010 1035 4064 l.
1074 4027 1120 4064 ο.
1160 4017 1219 4062 et
1252 4012 1421 4066 Arist.
1463 4029 1513 4077 p.
1542 4010 1687 4075 296²,
1729 4014 1821 4078 qui
1857 4011 2109 4065 Παλαῖος
2145 4029 2255 4064 non
2293 4029 2415 4065 cum
2451 4011 2688 4065 παλαιός
2723 4013 3035 4073 cohaerere,

459 4081 605 4147 quod
650 4083 699 4130 si
741 4081 827 4131 ita
871 4095 929 4130 se
975 4079 1235 4142 haberet,
1292 4087 1390 4131 aut
1436 4096 1544 4131 non
1588 4087 1831 4132 mutatus
1889 4088 2038 4132 esset
2083 4087 2340 4132 accentus
2394 4086 2491 4132 aut
2533 4079 2783 4134 Πάλαιος
2830 4082 3037 4132 factum

458 4149 622 4212 foret,
660 4147 759 4199 sed
794 4163 828 4199 a
864 4146 1018 4212 πάλη
1055 4146 1365 4200 derivatum
1403 4164 1524 4199 esse
1560 4148 1678 4201 iure
1714 4149 2022 4200 contendit.
2093 4151 2280 4200 Etiam
2317 4148 2602 4213 Ἀγέλαιος
2649 4150 2758 4200 huc
2801 4150 3037 4202 referen-

460 4217 586 4267 dum
623 4221 731 4273 est.
776 4216 921 4282 quod
966 4217 1076 4266 iam
1112 4231 1278 4282 supra
1312 4216 1496 4270 attuli.
1700 4217 1736 4269 1.
1775 4220 1839 4267 10
1885 4219 2007 4267 Are.
2043 4218 2135 4281 43,
2175 4219 2225 4267 6.
2297 4234 2395 4282 pro
2439 4217 2701 4282 διαςτολὴ
2738 4216 2962 4279 γένοιτο
2997 4217 3033 4282 ἢ

459 4285 651 4349 κύριον
695 4282 782 4348 εἴη
836 4282 1107 4336 ςύνθετον
1155 4285 1353 4350 scripsi
1408 4283 1553 4351 quod
1606 4285 1894 4351 proposuit
1940 4285 2201 4336 Schmidt.
2257 4286 2315 4335 in
2369 4302 2693 4352 programm.
2741 4286 3035 4337 Sedinensi

457 4351 643 4419 (1864)
677 4369 728 4417 p.
772 4355 847 4403 17.
884 4379 951 4387 —-
985 4351 1248 4417 δρομαῖος
1287 4381 1350 4388 —-
1372 4345 1565 4416 Ἰμαῖος
1601 4369 1665 4403 ex
1702 4353 1946 4418 Theogn.
1974 4356 2056 4416 51,
2082 4356 2167 4412 30,
2205 4351 2493 4418 ἐρημαῑος,
2535 4353 2849 4419 Ἰδουμαῖος,
2886 4353 3034 4406 Δαλ-

459 4425 617 4485 μαῖος
654 4437 720 4473 ex
758 4421 838 4472 St.
877 4422 941 4474 Β.
1012 4422 1146 4472 Post
1182 4419 1430 4485 Ἑρμαῖος
1476 4423 1645 4471 verba
1691 4420 1825 4473 ὅθεν
1862 4449 1926 4455 -
1964 4419 2240 4484 (οφοκλεῑ
2285 4437 2352 4471 ex
2399 4421 2462 4471 11.
2510 4424 2601 4475 Pr.
2643 4421 2684 4474 Ν
2732 4425 2857 4486 791,
2903 4424 3032 4474 inde

458 4491 626 4541 etiam
662 4494 786 4555 post
822 4487 1012 4553 κύριον
1047 4490 1256 4540 inserui
1292 4489 1433 4554 πρὸς
1471 4486 1896 4552 ἀντιδιαςτολὴν
1943 4494 2000 4539 et
2035 4488 2127 4539 καὶ
2161 4517 2226 4524 -
2263 4488 2443 4553 λόφος
2481 4488 2644 4541 ἐςτίν.
2747 4490 2782 4544 1.
2819 4494 2886 4541 20
2921 4490 3034 4555 ἔχει

457 4557 519 4609 δὲ
554 4556 819 4622 ἀφορμὴν
854 4585 920 4591 -
956 4555 1329 4622 προκατάρχει
1369 4574 1436 4609 ex
1472 4557 1538 4608 11.
1576 4559 1668 4610 Pr.
1704 4555 1741 4608 Ε
1776 4559 1859 4608 69.
1929 4557 2000 4612 ef.
2038 4557 2215 4608 Lehrs
2250 4558 2416 4608 Arist.
2464 4574 2515 4623 p.
2553 4561 2652 4609 295
2689 4563 2800 4610 not.
2839 4558 2924 4609 ed.
2961 4560 3033 4611 11.

459 4625 694 4689 Εὔμαιος
730 4625 917 4690 recepi
952 4641 1020 4676 ex
1054 4626 1156 4677 An.
1190 4627 1315 4679 Par.
1349 4627 1435 4678 111
1469 4627 1584 4682 283,
1620 4628 1704 4688 27,
1742 4641 1902 4691 quem
1941 4626 2116 4676 locum
2162 4626 2349 4677 statim
2384 4641 2700 4692 proponam.
2894 4626 2930 4680 l.
2969 4631 3033 4677 22

460 4696 583 4745 Arc.
618 4697 702 4757 43,
742 4696 805 4746 19
843 4698 900 4744 et
935 4694 1181 4760 Theogn.
1219 4697 1301 4758 52,
1343 4697 1403 4744 11
1441 4694 1512 4745 of.
1548 4695 1609 4744 E.
1645 4693 1718 4743 Μ.
1760 4696 1872 4750 180,
1908 4696 1989 4744 26.
2039 4694 2239 4745 Parum
2274 4700 2534 4745 accurate
2572 4710 2751 4746 canon
2789 4694 3036 4760 prolatus

463 4769 549 4813 est
581 4763 637 4812 in
673 4764 774 4813 An.
811 4763 938 4812 Par.
973 4763 1058 4813 III
1094 4765 1210 4825 303,
1247 4766 1304 4824 3,
1342 4764 1440 4813 ubi
1476 4762 1677 4812 vitiose
1717 4759 2047 4825 Ἐρυςιχαιός
2085 4761 2265 4825 ὄνομα
2301 4762 2513 4815 ἔθνους.
2685 4763 2722 4813 l.
2759 4765 2824 4813 25
2863 4780 3037 4814 canon

463 4846 530 4879 ex
563 4830 810 4896 Theogn.
857 4830 948 4893 53,
987 4833 1049 4880 12
1094 4836 1344 4895 sumptus
1391 4835 1503 4894 est,
1552 4831 1587 4881 l.
1624 4833 1690 4882 26
1736 4827 2045 4895 (τρεψαῖος
2080 4829 2317 4896 ¹explevi
2363 4847 2431 4882 ex
2477 4833 2556 4883 St.
2591 4830 2653 4883 B.
2703 4846 2746 4882 ει.
2793 4828 3038 4900 (τρέψει,

462 4895 729 4961 Δερςαῖος
766 4896 907 4961 expl.
944 4913 1011 4948 ex
1049 4899 1130 4951 St.
1164 4899 1227 4950 Β.
1262 4898 1538 4964 Δερραῑοι.
