3664 5546
528 338 656 403 214
1460 338 1542 393 ΕΚ
1578 339 1717 393 ΤΩΝ
1761 339 2167 395 ΗΡΩΔΙΑΝΟΥ

699 536 737 570 ιε
782 511 876 576 Τὰ
919 511 1023 576 διὰ
1065 515 1181 576 τοῦ
1226 514 1400 576 ἇῑ“ς“6ς
1445 510 1951 592 ὑπερδιςύλλαβα
1980 513 2209 579 ςπάνια
2245 513 2404 579 ὄντα
2436 515 2799 596 βαρύνεται,
2843 516 3101 579 Ἅλαι-
3158 501 3164 513 ’

531 637 692 696 ςος,
737 613 1103 695 κάβαιςος
1157 613 1195 677 ὁ
1253 613 1582 692 ἀπληςτος.
1675 613 2050 680 Γάλαιςος
2105 615 2313 696 ὄνομα
2364 621 2672 696 ποταμοῦ.
2759 618 2835 682 τὸ
2888 617 3102 697 μέντοι

529 718 923 798 Παραιςός
969 715 1284 782 ὀξύνεται·
1340 715 1597 792 ἐγένετο
1654 717 1726 781 δὲ
1782 716 1820 781 ὁ
1864 717 2187 795 Παραιςὸς
2235 719 2417 802 Μίνῳ
2462 720 2798 800 ςυγγενής,
2856 719 2978 799 ἀφ’
3025 719 3103 784 οὗ

533 823 571 900 ἡ
616 821 801 885 πόλις
844 819 883 899 ἡ
926 818 1245 897 Παραιςός
1288 817 1617 897 ὸμοτόνως
1672 824 1763 899 τῷ
1809 817 2057 903 οἰκιςτῇ.
2146 821 2249 884 καὶ
2290 820 2664 898 Πριαιςός
2719 823 2903 887 πόλις
2950 821 3103 900 Κρή-

474 949 507 999 5
536 962 661 1020 της.
749 939 825 1003 τὸ
871 939 942 1002 δὲ
986 937 1340 1003 Ἀπαιςός
1384 936 1773 1016 ἠκολούθηςε
1817 945 1910 1022 τῷ
1957 938 2070 1003 «ὅς
2116 938 2185 1018 ῥ’
2229 939 2324 1004 ἐνὶ
2365 940 2584 1023 Παιςῷ
2627 938 2735 1023 (ΙΙ.
2781 941 2824 1005 Ε
2866 939 3034 1021 612).

699 1065 736 1099 -κ
785 1041 878 1105 Τὰ
922 1039 1025 1104 διὰ
1059 1043 1175 1103 τοῦ
1220 1058 1413 1103 αυςος
1458 1040 1686 1105 ςπάνια
1721 1038 1881 1104 ὄντα
1908 1042 2460 1121 προπαροξύνεται
2509 1042 2895 1122 βάναυςος
2940 1044 2978 1108 ὃ
3009 1044 3110 1107 καὶ

537 1146 880 1226 βαύναςος,
928 1142 1336 1221 Νέμαυςος
1378 1142 1563 1207 πόλις
1612 1142 1872 1208 Γαλλίας
1917 1143 2046 1208 ἀπὸ
2095 1144 2383 1223 Νεμάςου
2428 1144 2856 1224 Ἡρακλείδου.

706 1285 743 1320 κ
802 1264 893 1329 Τὸ
947 1261 1438 1341 Παράδειςος
1494 1262 1683 1327 πόλις
1733 1262 1957 1342 (ἶυρίας
2013 1263 2216 1342 μόνον
2270 1263 2375 1328 διὰ
2427 1269 2544 1329 τοῦ
2600 1284 2764 1329 ειςος
2820 1285 3110 1344 πρόπαρ·

547 1366 854 1434 οξύνεται.

443 1502 510 1556 10
712 1486 807 1551 Τὰ
849 1485 936 1550 εἰς
980 1488 1097 1551 'fiii
1151 1485 1493 1569 διςύλλαβα
1545 1484 2043 1565 παραληγόμενα
2094 1492 2169 1569 τῇ
2225 1490 2307 1550 ’ὅῡ
2351 1487 2389 1564 ἢ
2436 1491 2502 1550 δῖ
2544 1488 2582 1565 ἢ
2642 1491 2704 1553 ἇι
2760 1488 3113 1569 διφθόγγῳ,

544 1591 625 1669 μὴ
669 1595 744 1674 τῇ
789 1588 873 1672 εἰ,
918 1583 1210 1663 ἀρςενικὰ
1255 1582 1415 1648 ὄντα
1458 1589 1539 1667 μὴ
1585 1588 1903 1652 ἑπιθετικὰ
1947 1587 2312 1669 βαρύνεται,
2370 1588 2423 1652 εἰ
2468 1590 2548 1669 μὴ
2595 1590 2785 1668 μέρος
2829 1592 3115 1669 ςώματος

546 1688 862 1770 ςημαίνοι,
905 1690 1282 1769 πλοῦτος,
1328 1683 1578 1770 οἶτος,
1627 1688 1986 1771 Κλοῖτος,
2030 1690 2409 1772 Προῖτος,
2471 1695 2740 1767 γοῑτος
2796 1691 2834 1756 ὸ
2892 1691 3115 1773 ῥύπος,

546 1793 845 1872 κοῖτος,
890 1794 1204 1872 μοῖτος,
1250 1792 1563 1873 φοῑτος,
1607 1791 1924 1873 Λαῖτος,
1972 1796 2320 1871 βροῦτος.
2387 1793 2463 1857 τὸ
2509 1794 2579 1857 δὲ
2627 1793 2944 1857 Κλειτός
2989 1794 3117 1872 ἔχει

545 1894 663 1971 τὴν
709 1895 777 1956 ἑῑ.
864 1893 968 1957 καὶ
1019 1893 1094 1958 τὸ
1149 1892 1488 1968 γλουτός
1542 1892 1828 1972 ςώματος
1874 1893 2063 1972 μέρος
2119 1896 2321 1971 δηλοῖ.
2409 1896 2511 1959 καὶ
2553 1896 2628 1960 τὸ
2675 1896 2967 1960 Βοῦτος
3010 1900 3117 1973 θη-

451 2011 513 2062 15
550 1995 745 2060 λυκὸν
790 1995 965 2073 κώμη
994 1994 1315 2070 Αἰγύπτου
1344 2029 1430 2044 —-
1458 1993 1746 2059 ἐκαλεῖτο
1792 1995 1864 2059 δὲ
1909 1996 2010 2058 καὶ
2054 1995 2306 2077 Βουτώ,
2351 1997 2477 2062 ἕςτι
2522 1999 2623 2062 καὶ
2664 1998 2849 2075 ἑτέρα
2881 1999 3118 2074 Γεδρω-

552 2095 695 2162 ςίας.
769 2098 870 2161 καὶ
912 2098 986 2161 τὸ
1031 2096 1320 2162 Παιτός
1363 2096 1614 2162 ἐθνικὸν
1661 2097 1751 2161 ῶς
1793 2097 1897 2160 καὶ
1938 2098 2013 2162 τὸ
2058 2096 2367 2163 Ῥαιτός.
2441 2097 2576 2165 ἔστι
2613 2101 2684 2165 δὲ
2728 2099 3119 2179 Τυρρηνικὸν

552 2199 755 2265 ἔθνος.

721 2318 815 2382 Τὰ
870 2315 957 2381 εἰς
1011 2323 1127 2384 ff?
1169 2320 1511 2399 διςύλλαβα
1552 2319 2049 2398 παραληγόμενα
2092 2320 2189 2384 ἑνὶ
2229 2323 2359 2384 τῶν
2415 2319 2597 2400 φύςει
2643 2325 2898 2399 μακρῶν
2943 2322 3125 2399 κύρια
3185 2359 3194 2364 -

554 2421 713 2487 ὄντα
758 2420 1123 2504 βαρύνεται,
1183 2421 1470 2500 Κλῆτος
1526 2421 1734 2500 ὄνομα
1778 2424 2085 2500 ποταμοῦ.
2172 2422 2447 2487 Δῶτος
2491 2421 2529 2485 ὁ
2572 2423 2944 2504 Πελαςγοῦ,
2999 2423 3126 2503 ἀφ’

453 2541 521 2593 20
556 2521 635 2588 οὗ
699 2523 775 2588 τὸ
830 2521 1090 2589 Δώτιον
1152 2524 1391 2589 πεδίον.
1479 2524 1603 2589 ἔςτι
1667 2525 1769 2623 καὶ
1832 2521 2041 2602 ὄνομα
2105 2524 2402 2603 αὐλητοῦ.
2488 2526 2830 2604 Πρῶτος.
2903 2523 3127 2592 Ὦτος

558 2831 650 2871 (ος
684 2832 739 2883 p.
776 2817 867 2877 74,
904 2817 937 2867 5
981 2816 1100 2866 iure
1145 2830 1214 2865 ex
1259 2812 1476 2868 ἅλωςος
1521 2820 1831 2881 corruptum
1877 2815 2111 2877 iudicat,
2159 2828 2284 2865 nam
2332 2814 2399 2864 de
2445 2815 2909 2880 hyperdiflyllabis
2955 2831 3128 2866 sermo

559 2892 670 2942 est;
710 2900 776 2935 ex
813 2884 965 2935 Theo
1047 2880 1292 2946 .γέγονε
1318 2882 1378 2936 δὲ
1403 2886 1521 2935 κτλ.
1557 2885 1807 2950 apposui.
1912 2883 2001 2932 1.1
2040 2882 2184 2933 hune
2212 2898 2476 2934 canonem
2500 2884 2767 2934 constitui
2791 2901 2856 2934 ex
2882 2884 3128 2946 'lheoptm

560 2958 642 3014 73,
677 2956 769 3014 30,
796 2951 914 3002 ubi
995 2950 1209 3003 έλαιςος
1253 2956 1310 3001 et
1350 2951 1569 3004 Γναῑςος
1616 2958 1875 3017 corrupta
1921 2956 2074 3012 sunt,
2120 2952 2255 3002 Lob.
2299 2951 2466 3004 Proll
2504 2954 2604 3002 409
2649 2950 2905 3004 ’Ἀλαιςος
2942 2958 2998 3003 et
3038 2949 3130 3002 Γά-

559 3024 743 3073 λαιςος
778 3021 1092 3083 substituit,
1128 3017 1221 3070 Πα
1224 3018 1408 3083 ραιςός
1446 3025 1531 3071 est
1568 3035 1635 3069 ex
1669 3019 1873 3070 Herod.
1907 3036 1992 3085 ap.
2018 3020 2098 3069 St.
2125 3020 2203 3080 Β.,
2242 3017 2523 3083 Παραιςός
2559 3018 2720 3071 πόλις
2762 3018 2978 3085 Κρήτης
3005 3020 3132 3082 περὶ

560 3089 627 3154 ἧς
665 3085 1006 3152 Ἡρωδιανὸς
1043 3085 1105 3138 ἐν
1141 3033 1356 3154 ὀγδόῳ,
1403 3086 1472 3138 τὸ
1512 3086 1701 3148 μέντοι
1737 3089 1856 3138 κτλ
1891 3113 1957 3123 -
1992 3090 2076 3152 τῷ
2114 3084 2339 3153 οἰκιςτῇ.
2409 3085 2672 3151 Πριαιςός
2711 3105 2778 3139 ex
2817 3089 2899 3138 St..
2938 3088 3000 3137 B.
3040 3089 3131 3138 ad-

562 3158 706 3217 didi,
749 3157 1071 3207 Holstenius
1105 3139 1384 3219 Παραιςός
1422 3161 1479 3206 et
1513 3153 1776 3220 Πριαιςός
1821 3156 1968 3206 idem
2011 3171 2206 3205 nomen
2252 3170 2375 3205 esse
2411 3160 2588 3220 putat.
2665 3153 2948 3219 ’,Απαιςός
2989 3155 3133 3220 quod

561 3242 646 3292 ap.
684 3224 913 3289 Theogn
1010 3229 1269 3343 cmatur,
1315 3240 1381 3274 ex
1426 3224 1491 3274 Il.
1526 3225 1613 3275 Pr.
1654 3222 1693 3274 Β
1738 3225 1837 3274 828
1884 3222 2124 3289 explevi.
2174 3222 2463 3274 Ἀπαιςοῦ;
2510 3220 2697 3275 οὕτως
2747 3223 3011 3275 Ἀπαιςοῦ
3055 3221 3134 3275 ώς

562 3293 634 3356 ἀγ
634 3294 791 3345 ανοῦ.
862 3290 951 3342 καὶ
1041 3305 1119 3341 ως
1154 3289 1480 3342 ἀκολούθως
1517 3295 1601 3357 τῷ
1638 3290 1741 3342 «ὅς
1778 3290 1840 3355 ῥ’
1875 3289 1958 3341 ἐνὶ
1995 3290 2245 3356 Παιςῴ».
2294 3292 2375 3341 De
2415 3288 2669 3354 κάβαιςος
2705 3294 2767 3342 Ε.
2804 3291 2876 3341 M.
2914 3292 3033 3357 482,
3069 3295 3128 3341 21

564 3362 795 3412 diserte:
844 3357 1097 3423 κάβαιςος
1133 3358 1166 3408 ὁ
1201 3356 1484 3425 ἀπληςτος
1520 3358 1608 3412 διὰ
1642 3358 1951 3422 διφθόγγου
1988 3357 2471 3424 προπαροξύνεται
2517 3358 2669 3423 παρὰ
2713 3359 2817 3411 τὸν
2861 3331 3063 3423 κάβον,
3103 3358 3135 3410 δ

564 3429 676 3482 ἐςτι
713 3425 917 3492 μέτρον
953 3425 1176 3478 ςιτικόν.
1248 3425 1511 3491 Κρατῖνος
1550 3425 1889 3479 Μαλθακοῖς.
1928 3427 2000 3478 of.
2041 3427 2301 3482 Schmidt.
2338 3427 2409 3477 ad
2445 3428 2687 3490 Hesych.
2834 3427 2939 3481 1.6
2978 3444 3138 3478 eano-

565 3514 689 3549 nem
721 3496 840 3562 ipse
874 3495 1006 3545 finxi
1042 3510 1110 3544 ex
1146 3492 1440 3558 βάναυςος,
1480 3496 1623 3560 quod
1660 3502 1745 3545 est
1784 3511 1871 3562 ap.
1911 3494 2103 3545 Arcad.
2142 3497 2232 3556 76,
2270 3497 2362 3556 21,
2401 3500 2456 3545 et
2494 3493 2776 3558 Νὲμαυςος
2812 3510 2901 3560 ap.
2936 3496 3016 3546 St.
3055 3497 3136 3553 Β.,

566 3564 854 3617 Parthenii
878 3562 1246 3614 testimonium
1275 3563 1449 3625 omisi,
1475 3564 1604 3627 qnia
1629 3564 1868 3615 fortasse
1893 3533 2262 3614 Phocaeensis
2287 3562 2647 3628 significatur,
2674 3580 2783 3614 non
2809 3564 3136 3614 Nicaeensis

569 3634 641 3683 ef
681 3632 847 3684 Mein.
886 3630 1066 3683 Anall.
1104 3647 1156 3695 p.
1191 3632 1306 3681 289.
1544 3631 1581 3681 1.
1618 3631 1651 3680 8
1695 3632 2103 3682 annotationem
2149 3631 2216 3681 de
2251 3628 2593 3695 Παράδειςος
2639 3634 2873 3697 apposui
2918 3635 3141 3696 propter

568 3715 762 3752 nomen
800 3714 833 3747 a
870 3698 949 3749 St.
988 3700 1049 3749 Β.
1085 3698 1331 3761 relatum,
1369 3699 1593 3750 disserit
1639 3699 1704 3750 de
1752 3701 1854 3750 hae
1891 3716 2026 3751 voce
2073 3699 2240 3749 etiam
2277 3699 2470 3749 Choer.
2509 3698 2666 3750 Orth.
2704 3702 2830 3762 251,
2866 3703 2958 3761 27,
2995 3698 3138 3749 unde

571 3768 863 3834 suspiceris
907 3765 1283 3818 Herodianum
1328 3784 1431 3833 quo
1472 3784 1540 3818 ue
1596 3768 1756 3818 huius
1800 3769 1951 3817 vocis
2007 3773 2064 3818 et
2118 3768 2423 3833 scripturae
2469 3768 2801 3818 mentionem
2854 3768 3137 3819 iniecisse.

570 3832 922 3901 παράδειςοςε
962 3849 1037 3898 ει,
1076 3832 1227 3898 παρὰ
1260 3834 1442 3967 γάρπὴ
1401 3849 1436 3885 τ
1474 3850 1506 3885 ν
1542 3833 1722 3886 δεύςω
1801 3834 2066 3897 έλλοντα,
2104 3834 2208 3885 τὸν
2245 3833 2585 3900 ςημαίνοντα
2609 3834 2678 3885 τὸ
2705 3833 2895 3899 βρέξω.
2939 3835 3140 3899 γέγονε

570 3900 913 3969 παράδευςος
953 3902 1041 3954 καί
1082 3900 1225 3952 κατὰ
1257 3903 1442 3968 τροπὴ
1447 3917 1480 3952 ν
1516 3905 1618 3954 τοῦ
1654 3918 1687 3953 υ
1727 3917 1751 3954 ε
1777 3918 1805 3955 ς
1849 3920 1866 3955 ι
1909 3901 2253 3968 παράδειςος.
2325 3903 2360 3966 P.
2406 3918 2447 3954 π
2523 3903 2558 3955 ὰ
2601 3903 2709 3967 τὴν
2754 3903 2929 3967 δεῑςα,
2975 3902 3007 3954 ὃ
3053 3917 3141 3968 ςη-

573 3970 752 4036 μαίνει
806 3970 914 4034 τὴν
967 3967 1260 4034 ὑγραςίαν,
1316 3969 1514 4034 γέγονε
1570 3969 1912 4035 παράδειςος.
1991 3970 2060 4022 τὸ
2106 3970 2167 4022 δὲ
2221 3971 2370 4022 δεῖςα
2426 3916 2520 4022 διες
2569 3973 2672 4035 τῆς
2725 3973 2776 4021 ε“ῑ
2832 3971 3140 4035 διφθόγγου

573 4038 863 4106 γράφεται.
1002 4039 1136 4088 1.12
1171 4038 1328 4090 οἶτος
1364 4039 1568 4093 Herod.
1606 4040 1661 4088 in
1697 4039 1763 4090 11.
1790 4042 1877 4092 Pr.
1914 4039 1956 4090 Λ
1992 4042 2057 4090 24
2091 4039 2277 4090 latiori
2315 4039 2511 4089 canoni
2547 4040 2794 4090 subiicit·
2831 4040 2982 4103 φιλεῖ
3018 4053 3142 4091 πως

573 4109 645 4161 τὰ
681 4106 759 4160 εἰς
801 4123 864 4160 ος
900 4106 1150 4172 λήγοντα
1184 4105 1478 4171 διςύλλαβα
1505 4109 1781 4171 μονογενῆ
1807 4106 1923 4158 ἀπὸ
1947 4109 2050 4172 τῆς
2074 4122 2125 4158 οι
2160 4105 2467 4170 διφθόγγου
2490 4105 2773 4171 ἀρχόμενα
2799 4107 3142 4172 βαρύνεςθαι,

575 4175 754 4229 ὁπότε
794 4174 904 4240 πρὸ
940 4177 1044 4239 τῆς
1087 4191 1149 4229 ος
1195 4175 1468 4239 ςυλλαβῆς
1514 4175 1820 4239 ςύμφωνον
1849 4175 1901 4256 P.
1948 4174 2222 4240 ςύμφωνα
2267 4173 2516 4239 ὑπάρχει.
2560 4203 2626 4211 -
2672 4178 2885 4238 κοῖτος,
2934 4178 3142 4238 μοῑτος,

575 4247 773 4310 φοῑτο(
811 4243 1001 4295 addidi
1038 4258 1105 4296 ex
1142 4245 1387 4309 Theogn.
1425 4246 1506 4308 74,
1544 4245 1591 4296 8.
1670 4245 1814 4310 Prop
1819 4245 1887 4293 rii
1926 4242 2150 4295 Κλειτός
2197 4250 2480 4294 accentum
2517 4244 2721 4295 Herod.
2769 4244 2824 4293 in
2872 4244 2934 4295 Il.
2973 4245 3061 4295 Pr.
3099 4242 3143 4294 Ο

571 4316 672 4365 445
723 4312 888 4364 aliter
941 4314 1189 4378 expedit·
1247 4311 1472 4364 Κλειτός
1525 4310 1703 4377 ὄνομα
1760 4261 1967 4376 κύριον.
2050 4309 2317 4364 ὸξυντέον
2367 4310 2429 4361 δὲ
2481 4308 2691 4375 ὁμοίως
2743 4314 2828 4377 τῷ
2882 4310 3144 4376 ἐπιθέτῳ,

574 4380 766 4444 ἐπειδὴ
804 4380 1011 4443 κόςμου
1048 4380 1162 4433 ἑςτὶ
1206 4379 1276 4431 τὸ
1323 4378 1601 4431 ἐπίθετον.
1673 4378 1886 4432 Βοῦτος
1923 4379 2142 4444 explevi
2178 4396 2246 4429 ex
2283 4381 2361 4429 St.
2401 4382 2493 4441 Β.,
2539 4380 2685 4443 apud
2730 4395 2887 4444 quem
2935 4378 3146 4431 Βοῦτος

573 4447 735 4501 πόλις
773 4446 1085 4513 Αἰγύπτου,
1126 4447 1464 4514 Ἡρωδιανὸς
1502 4447 1561 4499 δὲ
1599 4446 1796 4512 κώμην
1832 4446 2014 4511 αὐτὴν
2051 4446 2214 4510 λέγει.
2285 4445 2499 4499 Ῥαιτός
2536 4448 2768 4499 accessit
2804 4464 2871 4498 ex
2910 4449 2990 4501 St.
3030 4450 3091 4498 Β.

707 4518 846 4568 1.19
895 4515 1108 4581 Κλῆτος
1154 4517 1368 4583 explevi
1415 4530 1479 4567 ex
1525 4517 1903 4582 Theogn.74,
1944 4520 2032 4580 15,
2078 4514 2280 4567 Δῶτος
2326 4531 2394 4565 ex
2441 4516 2520 4565 St.
2561 4516 2647 4576 Β.
2693 4515 2788 4565 ubi
2832 4532 2884 4581 p.
2921 4517 3045 4577 257,
3087 4517 3148 4564 15

574 4582 801 4637 Δώτιον
845 4582 960 4635 ἀπὸ
1004 4583 1211 4637 Δώτου
1255 4587 1358 4636 τοῦ
1404 4582 1699 4647 Πελαςγοῦ
1748 4582 1970 4647 παιδός,
2018 4583 2097 4636 ώς
2142 4581 2482 4648 Ἡρωδιανὸς
2527 4580 2589 4633 ἐν
2625 4586 2709 4649 τῷ
2747 4573 2825 4648 η’;
2864 4581 3067 4634 Δῶτος
3115 4582 3145 4633 ὁ

575 4651 871 4715 Πελαςγοῦ
909 4654 1027 4703 κτλ.
1098 4652 1447 4704 Herodianus
1482 4654 1539 4719 ip
1545 4669 1602 4702 se
1640 4668 1707 4702 ex
1744 4654 1972 4703 Mnasea
2009 4652 2309 4717 petiverat,
2356 4657 2419 4700 ut
2453 4657 2686 4734 apparet
2722 4667 2789 4702 ex
2826 4650 2859 4704 1.
2903 4649 3147 4703 1;Μνα-

578 4719 702 4771 ςέας
738 4718 799 4772 δὲ
835 4718 991 4771 (ἀπὸ
1027 4718 1235 4772 Δώτου
1278 4722 1380 4771 τοῦ
1417 4670 1770 4782 Πελαςγοῦ».
1815 4747 1880 4755 —
1927 4718 2039 4772 ἔςτι
2087 4720 2177 4771 καὶ
2222 4718 2400 4782 ὄνομα
2444 4719 2694 4783 αυλητοῦ
2742 4723 2868 4769 sunt
2917 4735 2982 4770 ex
3017 4720 3150 4784 Epi-

578 4789 810 4839 merism.
848 4788 969 4839 loeo
1005 4789 1192 4839 statim
1265 4789 1566 4839 referendo.
1636 4785 1877 4852 Πρῶτος
1914 4789 2123 4839 inserui
2157 4803 2224 4838 ex
2258 4787 2522 4853 Theogn..
2558 4787 2652 4836 ubi
2692 4785 2916 4837 Κνῶτος
2955 4792 3011 4837 et
3048 4788 3149 4853 Ep.

582 4855 671 4910 Cr.
715 4857 744 4907 1
786 4858 1043 4921 340,13,
1092 4857 1186 4907 ubi
1276 4855 1474 4909 λῶτος.
1552 4855 1721 4908 Ὦτος
1768 4855 1986 4922 explevi
2030 4872 2096 4906 ex
2141 4856 2415 4921 Theogn.,
2462 4854 2604 4906 unde
2652 4855 2818 4906 etiam
2865 4854 3054 4905 addidi
3101 4854 3148 4921 ᾧ
