3664 5546
699 408 782 475 74
1637 415 1718 472 ΕΚ
1757 414 1898 471 ΤΩΝ
1940 416 2347 471 ΗΡΩΔΙΑΝΟΥ

698 588 971 670 μήτης,
1037 588 1415 670 πεδήτης,
1483 588 1912 667 πλανήτης,
1982 588 2307 669 ἀλήτης,
2386 576 2786 671 λιμνήτης,
2853 589 3285 669 ὑπηνήτης,

696 692 1164 773 κορυνήτης,
1222 691 1568 771 νικήτης,
1625 692 2013 772 κωμήτης,
2070 692 2551 769 λιπερνήτης
2607 691 2646 755 ὸ
2703 692 3026 770 πρότερον
3080 692 3282 754 πλού-

696 813 860 874 ςιος,
908 792 1172 872 ὕςτερον
1218 795 1289 858 δὲ
1333 794 1530 872 πένης
1574 795 1748 872 παρὰ
1792 794 1868 857 τὸ
1902 793 2217 857 λείπεςθαι
2264 794 2507 873 ἑρνέων
2550 793 2753 873 ἤγουν
2785 798 3027 874 φυτῶν.
3073 793 3280 858 Δαν-

695 896 1035 974 θαλήτης
1081 896 1269 961 ἔθνος
1301 896 1634 979 Θρᾳκικόν.
1694 894 2085 975 Θεόπομπος
2131 896 2245 975 μη’.
2320 896 2823 976 Δαςςαρήτης
2871 898 3060 962 ἔθνος
3091 897 3278 960 Ἰλλυ-

544 990 556 1005 ’
634 1005 666 1054 5
699 997 852 1075 ρίας.
907 998 1233 1078 Πολύβιος
1267 999 1500 1082 ὀγδόῳ.
1547 997 1940 1076 Δεκιήτης
1972 998 2161 1063 ἔθνος
2194 999 2471 1080 Ἰταλίας,
2508 1000 2598 1064 ὡς
2631 999 3086 1078 Ἀρτεμίδωρος
3118 999 3189 1062 ἐν
3221 997 3280 1062 α’

693 1101 1316 1180 γεωγραφουμένων.
1409 1102 1741 1179 Γαζήτης
1788 1101 1977 1165 ἔθνος
2025 1100 2323 1166 Γαλατῶν
2376 1106 2847 1181 χρυςοφοροῦν.
2924 1099 3280 1182 (Σιδήτης,

694 1203 1076 1280 πολιήτης
1121 1204 1280 1268 κατὰ
1334 1204 1742 1281 πλεοναςμόν
1787 1208 1905 1268 τοῦ
1961 1208 1998 1281 ἦ
2057 1204 2271 1283 ὥςπερ
2327 1205 2702 1284 μυθιήτης
2757 1204 2860 1268 καὶ
2908 1203 3278 1282 Κεραμιή-

695 1324 826 1382 της
892 1306 994 1368 καὶ
1058 1306 1487 1384 Ἰουλιήτης
1554 1305 1684 1369 ἀπὸ
1739 1310 1858 1370 τοῦ
1926 1306 2239 1383 Ἰουλίτης.
2338 1305 2757 1385 Αἰγινήτης
2820 1305 2979 1370 κατὰ
3033 1306 3278 1383 τροπὴν

695 1406 826 1471 ἀπὸ
871 1411 989 1471 τοῦ
1033 1407 1389 1487 Αἰγινόιτης·
1453 1407 1578 1472 ἔςτι
1626 1409 1727 1472 καὶ
1769 1408 2100 1488 Αἰγινήτης
2146 1408 2485 1486 πολίχνιον
2530 1410 2631 1472 καὶ
2676 1409 2964 1488 ποταμὸς
3007 1408 3277 1486 Παφλα-

594 1511 659 1563 10
692 1508 939 1585 γονίας·
1008 1509 1179 1574 οὕτω
1245 1511 1348 1575 καὶ
1403 1511 1913 1593 Βεμβινήτης,
1984 1512 2072 1576 ὡς
2127 1511 2451 1575 Πανύαςις
2508 1511 2577 1576 ἐν
2634 1509 3004 1588 Ἡρακλείας
3058 1512 3278 1592 πρώτῃ

695 1611 937 1689 «δέρμα
989 1632 1057 1676 τε
1114 1613 1373 1691 θήρειον
1429 1613 1817 1694 Βεμβινήταο
1880 1614 2187 1678 λέοντος»
2246 1615 2349 1677 καὶ
2408 1612 2620 1678 ἄλλως
2688 1637 2713 1667 «·
2730 1614 2831 1677 καὶ
2891 1613 3277 1692 Βεμβινήταο

692 1714 992 1793 πελώρου
1039 1714 1238 1793 δέρμα
1284 1715 1609 1781 λέοντος».
1699 1718 1800 1781 καὶ
1858 1716 2426 1797 Βαργυλιήτης,
2486 1716 3062 1796 Μαςςαλιήτης,
3123 1714 3276 1779 Μα-

695 1817 1006 1895 λειήτης
1062 1817 1463 1911 «Μαλειιήτης
1525 1818 1857 1896 τρύπανον
1923 1818 2318 1883 αἰπολικόν».
2418 1819 2934 1899 ςτρατιώτης,
2988 1817 3275 1895 Δνηςιώ-

690 1939 861 2000 της,
905 1920 1331 2001 ταξεώτης,
1379 1921 1711 2002 βοώτης,
1756 1920 2176 1999 γαλεώτης.
2244 1920 2371 1985 ἔςτι
2419 1922 2489 1986 δὲ
2518 1920 3046 1996 καὶΓαλεώτης
3091 1918 3276 1983 ἔθνος

599 2027 655 2079 15
693 2022 764 2086 ἐν
811 2020 1055 2105 (ικελίᾳ
1101 2024 1138 2099 ἢ
1193 2023 1265 2086 ’ἐν
1321 2028 1396 2105 τῇ
1443 2022 1683 2107 Ἀττικῇ
1739 2021 1871 2087 ἀπὸ
1920 2023 2253 2088 Γαλεώτου
2299 2024 2440 2086 υἱοῦ
2486 2023 2897 2088 Ἀπόλλωνος
2950 2022 3052 2086 καὶ
3096 2021 3274 2100 Θεμι-

692 2128 910 2206 ςτοῦς,
976 2127 1089 2201 τῆς
1146 2126 1460 2202 θυγατρὸς
1517 2124 1792 2205 Ζαβίου,
1849 2129 1965 2188 τοῦ
2024 2125 2325 2204 βαςιλὲως
2381 2129 2511 2190 τῶν
2556 2124 3024 2205 Ὑπερβορέων.
3114 2125 3276 2188 τινες

692 2227 761 2290 δὲ
819 2225 917 2289 ὅτι
966 2225 1279 2292 Γαλεῶται
1337 2227 1629 2305 μάντεων
1683 2226 1860 2292 εἶδος
1905 2226 2195 2292 (Σικελῶν.
2286 2228 2787 2306 ἀγγελιώτης.
2843 2226 3275 2304 Περκώτης.

695 2328 1148 2407 Μαλλώτης.
1209 2329 1696 2409 Ἠπειρώτης.
1747 2330 2126 2407 Κολώτης.
2164 2314 2782 2412 ’ἀςκαλαβώτης,
2847 2330 3273 2407 δεςμώτης,

690 2432 1170 2513 δενδρώτης,
1218 2432 1737 2515 λεςχηνώτης,
1783 2432 2138 2512 ἀγρώτης
2184 2434 2287 2499 καὶ
2329 2431 2400 2497 ἐν
2430 2435 2816 2515 πλεοναςμῷ
2846 2434 2963 2497 τοῦ
3006 2435 3037 2496 ἱ
3068 2431 3275 2511 ἀγρώ-

688 2688 1042 2740 Herodianus
1086 2690 1245 2755 sequi
1279 2690 1452 2754 solet,
1490 2695 1547 2741 et
1592 2691 1655 2740 Ε.
1691 2691 1765 2741 Μ.
1803 2692 1898 2749 40,
1937 2694 2003 2743 39
2048 2688 2321 2756 αἰχμητής
2367 2689 2482 2742 ἀπὸ
2526 2692 2630 2742 τοῦ
2676 2686 2926 2753 αἰχμάζω
2974 2689 3006 2739 ὁ
3052 2687 3276 2751 μέλλων

689 2755 939 2823 αἰχμάςω
975 2756 1248 2823 αἰχματής
1283 2759 1375 2810 καὶ
1409 2763 1595 2825 τροπῇ
1633 2761 1736 2812 τοῦ
1776 2762 1810 2812 ἃ
1848 2757 1925 2811 εἰς
1963 2763 1997 2824 ῆ
2035 2757 2309 2827 αἰχμητής
2345 2760 2378 2811 ὁ
2417 2757 2736 2823 πολεμικός.
2803 2756 2853 2810 εἰ
2887 2757 2993 2823 γὰρ
3030 2758 3103 2821 ἠν
3141 2771 3272 2823 παρ-

691 2827 921 2891 ώνυμον
966 2825 1082 2878 ἀπὸ
1130 2830 1234 2878 τοῦ
1281 2825 1467 2892 αἰχμή,
1517 2827 1728 2893 ὤφειλε
1766 2828 2096 2893 βαρύνεςθαι
2134 2829 2324 2894 ὥςπερ
2369 2827 2558 2893 ὑπήνη
2606 2826 2901 2892 ὑπηνήτης
2939 2826 3029 2878 καὶ
3067 2825 3272 2891 κορύνη

691 2893 1020 2960 κορυνήτης.
1100 2894 1172 2947 τὰ
1218 2894 1278 2947 δὲ
1325 2894 1440 2947 ἀπὸ
1485 2899 1589 2961 τῆς
1635 2890 1682 2960 β’
1725 2894 1979 2959 ςυζυγίας
2033 2900 2157 2948 τῶν
2202 2895 2651 2962 περιςπωμένων
2701 2893 2971 2957 γινόμενα
3022 2893 3274 2956 ὀνόματα

688 2963 833 3027 ὑπὲρ
870 2962 972 3014 δύο
1009 2962 1281 3026 ςυλλαβὰς
1318 2963 1577 3016 ὀξύνεται
1613 2964 1738 3017 οἷον
1774 2964 2009 3030 ἐραςτής
2044 2965 2253 3030 θεατής
2290 2965 2551 3030 λωβητής
2586 2962 2939 3028 δαπανητής·
2975 2960 3046 3012 τὸ
3081 2962 3143 3014 δὲ
3181 2977 3271 3013 πε-

688 3031 863 3096 δήτης
902 3032 992 3083 καὶ
1029 3031 1277 3096 κομήτης
1315 3032 1404 3084 καὶ
1440 3031 1651 3098 ἀλήτης
1699 3034 1765 3084 ού
1805 3033 1959 3098 παρὰ
2004 3033 2073 3085 τὸ
2111 3034 2287 3099 ῥῆμα,
2335 3032 2480 3085 ἀλλὰ
2528 3032 2679 3097 παρὰ
2713 3031 2783 3083 τὸ
2822 3030 2963 3095 πέδη
3002 3031 3094 3081 καὶ
3131 3030 3272 3094 κόμη

688 3100 780 3151 καὶ
816 3098 940 3164 ἄλη.
1010 3099 1082 3151 τὰ
1117 3099 1177 3151 δὲ
1224 3103 1460 3152 τοιαῦτα
1506 3100 1788 3166 βαρύτονα
1832 3100 2134 3165 διςύλλαβα
2178 3102 2432 3166 ὀνόματα
2479 3101 2655 3166 δῆλον
2701 3100 2817 3163 ὅτι,
2866 3099 2915 3151 εἰ
2958 3098 3075 3150 ἀπὸ
3113 3114 3271 3163 μονο-

688 3166 964 3231 ςυλλάβου
1003 3167 1434 3232 περιςπωμένου
1469 3172 1573 3234 τῆς
1612 3166 1661 3232 β’
1695 3167 1950 3232 ςυζυγίας
1988 3169 2276 3232 ἐγένοντο,
2316 3170 2406 3221 καὶ
2445 3167 2780 3234 βαρύνονται
2826 3166 2953 3220 οἷον
2990 3168 3108 3217 κτῶ
3149 3166 3272 3231 κτή-

685 3251 789 3301 της
827 3235 1208 3302 Φιλοκτήτης,
1249 3238 1330 3300 βῶ
1370 3237 1542 3304 βήτης
1579 3239 1698 3289 θλῶ
1737 3236 1968 3303 θλάτης,
2007 3241 2136 3303 πρῶ
2175 3238 2392 3303 πράτης
2429 3245 2487 3288 et
2522 3240 2585 3287 E.
2612 3239 2684 3290 M.
2725 3239 2842 3299 258,
2884 3239 2936 3285 l:
2975 3236 3091 3286 πᾶν
3127 3235 3273 3300 ῥῆμα

686 3308 789 3369 τῆς
825 3302 1019 3369 τρίτης
1056 3301 1307 3366 ςυζυγίας
1345 3307 1466 3356 τῶν
1503 3306 1952 3371 περιςπωμένων
1998 3305 2062 3358 ἐν
2102 3310 2221 3358 τοῖς
2260 3306 2526 3369 ὀνόμαςιν
2562 3305 2597 3369 ἠ
2636 3304 2724 3356 διὰ
2758 3307 2861 3356 τοῦ
2899 3308 2951 3355 ῖῡ
2989 3299 3272 3356 ὀξυτόνως

687 3371 1104 3437 προεκφέρεται
1139 3371 1264 3424 οἷον
1299 3376 1483 3438 χρυςῶ
1521 3374 1831 3439 χρυςωτὴς,
1874 3376 2049 3437 μιςθῶ
2088 3373 2363 3438 μιςθωτός
2402 3374 2682 3438 μιςθωτής
2720 3374 2754 3436 ἢ
2791 3371 2879 3424 διὰ
2915 3375 3019 3424 τοῦ
3045 3374 3079 3425 ὃ
3116 3371 3273 3436 βαρύ-

688 3455 844 3493 νεται
889 3440 1080 3502 ὀμόςω
1134 3439 1372 3507 ὀμότης,
1427 3441 1613 3508 ἀρόςω
1668 3441 1900 3509 ἀρότης·
1947 3442 2051 3495 οὔκ
2097 3443 2204 3509 ἄρα
2248 3442 2317 3494 τὸ
2363 3441 2651 3506 δεςμώτης
2696 3439 2812 3492 ἀπὸ
2858 3445 2961 3493 τοῦ
3002 3439 3271 3503 δεςμώςω

690 3508 1022 3572 μέλλοντος,
1063 3507 1186 3560 ἐπεὶ
1234 3508 1482 3573 ὠφειλεν
1530 3510 1677 3562 εἶναι
1722 3511 2039 3576 δεςμωτὴς,
2078 3511 2212 3563 ἀλλ’
2240 3510 2363 3562 ἀπὸ
2409 3513 2513 3562 τοῦ
2557 3508 2770 3573 δεςμός.
2843 3513 3027 3574 Quare
3064 3525 3173 3560 non
3208 3525 3271 3558 ex

688 3576 1046 3628 Herodianeo
1084 3578 1234 3628 fonte
1275 3579 1584 3630 derivatum
1623 3584 1757 3645 puto
1795 3580 1899 3631 hoc
1934 3580 1991 3628 in
2027 3579 2130 3631 Au.
2160 3583 2260 3631 Ox.
2289 3580 2486 3641 11321,
2518 3582 2577 3629 14
2611 3577 2683 3629 τὰ
2719 3576 2807 3628 διὰ
2841 3580 2946 3629 τοῦ
2983 3591 3125 3642 ητης
3161 3575 3272 3627 ἀπὸ

687 3647 810 3697 τῶν
847 3643 926 3696 εἰς
961 3648 997 3709 ῆ
1033 3647 1299 3710 θηλυκῶν
1334 3647 1603 3710 γινόμενα
1641 3646 1720 3698 ὡς
1758 3646 1851 3698 ἐπὶ
1887 3646 1957 3698 τὸ
1994 3648 2260 3699 πλεῑςτον
2303 3648 2372 3698 τὸ
2409 3650 2443 3710 ἢ
2483 3644 2934 3711 παραλήγονται,
2974 3646 3065 3697 καὶ
3099 3643 3149 3697 εἰ
3175 3644 3272 3707 μὲν

687 3712 973 3776 ὀξύνεται,
1012 3714 1102 3765 καὶ
1138 3714 1207 3766 τὸ
1245 3713 1537 3779 ἀρςενικὸν
1574 3712 1699 3766 οἷον
1736 3713 2018 3781 ἀςτεροπή
2056 3715 2460 3781 ἀςτεροπητής.
2520 3714 2571 3767 εί
2604 3714 2665 3766 δὲ
2702 3714 3039 3779 βαρύνονται
3076 3714 3148 3766 τὰ
3182 3715 3273 3777 θη-

689 3780 847 3845 λυκά,
887 3782 1329 3846 ςυμβαρύνονται
1368 3784 1457 3834 καὶ
1503 3782 1575 3834 τὰ
1611 3782 1870 3846 ἀρςενικὰ
1905 3782 2030 3835 οἷον
2072 3784 2265 3849 ύπήνη
2312 3783 2636 3849 ύπηνήτης,
2683 3781 2895 3848 κορύνη
2943 3781 3272 3847 κορυνήτης,

689 3850 833 3916 κόμη
881 3850 1131 3916 κομήτης
1186 3859 1351 3917 atque
1411 3852 1719 3902 existimem
1765 3852 2142 3904 Herodianum
2202 3858 2427 3918 propter
2477 3856 2765 3903 accentum
2810 3849 3200 3916 ἀςτεροπητής
3242 3866 3275 3899 a

688 3920 856 3971 verbo
894 3920 1293 3985 perispomeno‚
1332 3919 1479 3984 quod
1516 3921 1692 3984 ipsum
1730 3920 1799 3969 ab
1839 3919 2121 3986 ἀςτεροπή
2159 3921 2338 3971 fictum
2378 3936 2555 3986 neque
2592 3926 2776 3970 tamen
2812 3920 2871 3969 in
2904 3935 3008 3970 usu
3055 3920 3157 3981 sit,
3197 3934 3273 3968 re·

685 3986 1853 4119 23‘225045{Zbd'essJss-rssssiissnfif‘ffi'i'lf
1878 3989 2520 4121 4330335ffl032÷v³223
2552 3984 3274 4120 ἶᾏᾶὲίιᾶέἑὶνῖἳέἵνὲἒὲἕ

687 4127 789 4188 τῆς
824 4129 894 4187 τῆ
934 4124 1209 4187 ςυλλαβῆς
1246 4122 1476 4186 ἐπητ’ς.
1513 4123 1545 4174 δ
1586 4123 1673 4174 λοῑ
1709 4123 1771 4174 δὲ
1806 4123 1874 4175 οὐ
1915 4124 2091 4187 μόνον
2126 4123 2232 4176 τὸν
2268 4128 2371 4176 τοῦ
2411 4124 2598 4187 λέγειν
2633 4123 2967 4187 δυνάμενον,
3006 4122 3151 4175 ἀλλὰ
3186 4122 3274 4174 καί

686 4191 793 4244 τὸν
816 4196 920 4246 τοῦ
946 4194 1184 4256 φρονεῖν
1208 4190 1272 4242 ἐν
1295 4138 1523 4255 δυνὲμει
1548 4138 1693 4243 όντα
1728 4203 1756 4240 ⁴1<
1772 4192 1942 4243 οὕνεκ
1958 4193 1971 4210 ²
1995 4191 2212 4258 ἐπητής
2249 4193 2400 4245 ἑςςι»
2434 4191 2560 4244 ἀντὶ
2586 4195 2689 4244 τοῦ
2715 4191 2991 4255 ςυνετός),
3028 4193 3097 4243 de
3122 4192 3277 4242 cuius

687 4267 918 4312 accentu
956 4260 1133 4310 Sehol.
1171 4260 1242 4309 ad
1280 4259 1382 4310 Od.
1423 4274 1456 4308 v
1491 4263 1617 4310 332:
1662 4263 1734 4326 τῇ
1772 4259 2060 4328 προςῳδίᾳ
2105 4261 2184 4314 ὡς
2228 4261 2446 4326 ἀεικής,
2496 4261 2666 4327 φηςίν
2704 4258 3083 4326 Ἀρίςταρχος·
3119 4259 3273 4311 οὕτω

687 4329 747 4380 δέ
786 4329 875 4381 καὶ
913 4326 1272 4392 Ἡρωδιανὸς,
1313 4329 1566 4379 Eustath.
1608 4331 1735 4380 1742
1772 4336 1909 4380 extr.
1950 4329 2209 4382 ὀξύνεταί
2254 4344 2420 4394 φαςιν
2464 4329 2498 4392 ἡ
2541 4329 2683 4381 λε’ξις
2721 4329 2872 4394 παρὰ
2917 4332 3035 4380 τοῖς
3082 4329 3274 4380 παλαι-

687 4397 932 4462 οτέροις,
978 4395 1032 4448 οἱ
1077 4395 1138 4447 δὲ
1183 4395 1419 4462 ὕςτερον
1464 4396 1868 4462 παροξύνουςιν
1914 4397 2084 4461 αὐτό,
2132 4398 2280 4449 unde
2326 4398 2627 4449 coniectari
2670 4403 2859 4463 potest
2904 4397 3275 4448 Aristarchum

687 4467 790 4516 hoc
826 4481 1023 4516 nomen
1061 4481 1159 4529 per
1191 4468 1294 4516 e—oc‘
1331 4466 1546 4516 flexisse
1586 4472 1643 4516 et
1679 4467 1746 4516 ob
1784 4482 1905 4516 eam
1944 4483 2054 4517 rem
2091 4483 2211 4516 eum
2247 4466 2435 4531 ἀεικής
2471 4467 2895 4533 comparavisse,
2933 4466 3028 4517 sed
3057 4465 3276 4516 dativus

687 4540 776 4584 est
810 4533 1037 4597 «ἐπητῇ
1084 4532 1144 4583 δ’
1178 4531 1335 4597 ἀνδρὶ
1374 4532 1600 4586 ἔοικας»
1647 4534 1751 4585 Od.
1789 4548 1815 4587 c
1870 4538 1987 4597 128,
2042 4536 2198 4586 cuius
2242 4534 2798 4586 aecenttls.difflcilis
2843 4540 2930 4584 est
2977 4534 3273 4599 explicatu.

687 4603 760 4655 cf.
785 4602 962 4653 Lehrs
997 4604 1170 4652 Arist.
1194 4601 1345 4662 301²,
1383 4603 1519 4652 Lob.
1547 4602 1631 4652 El.
1659 4605 1687 4654 I
1711 4605 1811 4653 483
1850 4611 1905 4653 et
1930 4603 2171 4654 Dindorf
2192 4603 2263 4654 ad
2291 4603 2468 4653 Schol.
2497 4604 2599 4655 od.
2627 4618 2660 4652 ν
2684 4606 2783 4654 332
2810 4607 2868 4653 et
2892 4617 2937 4667 φ
2964 4604 3080 4653 306.
3172 4601 3206 4651 1.
3248 4604 3267 4649 1

689 4669 960 4735 λιμνήτης
996 4698 1062 4706 -
1098 4668 1364 4736 κωμήτης
1411 4675 1540 4720 sunt
1588 4687 1654 4720 ex
1691 4671 1941 4737 Theogn.
1975 4675 2068 4730 45,
2106 4674 2189 4722 25.
2260 4670 2601 4736 λιπερνὴτης
2649 4689 2713 4722 ex
2754 4674 2947 4722 Zonar.
2990 4673 3147 4734 1309,
3185 4670 3275 4718 ubi

690 4738 922 4790 diserte:
962 4736 1302 4803 Ἡρωδιανὸς
1340 4735 1504 4799 λέγει.
1734 4737 1772 4787 1.
1810 4743 1842 4789 3
1878 4738 2252 4805 Δανθαλὴτης
2292 4755 2464 4804 usque
2502 4740 2575 4790 ad
2612 4737 2937 4804 Μαλειὴτης
2974 4740 3008 4789 1.
3052 4743 3114 4789 13
3149 4743 3276 4789 sunt

692 4823 760 4856 ex
798 4809 875 4858 St.
913 4808 975 4857 B.
1017 4823 1059 4858 s.
1097 4823 1184 4857 vv.
1391 4806 1427 4855 l.
1470 4810 1529 4858 13
1575 4802 1923 4872 ςτρατιώτης
1969 4837 2034 4844 -—-
2088 4809 2124 4858 1.
2161 4811 2222 4859 17
2270 4805 2620 4873 ἀγγελιώτης
2667 4824 2733 4858 ex
2770 4808 3015 4871 Theogn.
3052 4810 3144 4868 44,
3191 4809 3273 4865 25,

691 4891 886 4926 nomen
911 4875 1185 4941 proprium
1215 4874 1508 4940 Γαλεώτης
1535 4892 1603 4926 ex
1640 4879 1718 4924 St.
1749 4878 1811 4926 B.
1839 4892 1880 4927 s,
1906 4892 1975 4936 v.,
2012 4877 2141 4927 inde
2176 4895 2210 4926 a
2235 4874 2547 4941 Περκώτης
2584 4891 2759 4941 usque
2798 4876 2869 4925 ad
2908 4870 3170 4938 μονώτης
3209 4889 3273 4923 ex

690 4943 935 5010 Theogn.
958 4946 1043 5007 44,
1069 4948 1152 5007 33,
1188 4941 1502 5010 ἀγροιώτης
1538 4959 1604 4994 ex
1642 4947 1721 4995 St.
1749 4945 1813 4995 B.
1840 4947 1925 5007 22,
1951 4949 2001 5008 3,
2037 4945 2133 4995 ubi
2157 4947 2322 4996 etiam
2343 4942 2605 5010 ἀγρώτης
2629 4942 2924 5009 ἀγρώςτης
2950 4948 3007 4994 et
3030 4941 3274 5008 ἀγρότης
