3664 5546
1182 416 1340 478 ΠΕΡΙ
1370 422 1762 479 ΚΑΘΟΛΙΚΗ(
1787 423 2211 479 ΠΡΟΕΩιΔΙΑ(
2247 423 2299 478 Ε.
2916 423 3033 487 121

448 600 603 659 θιος.
679 595 1155 674 Ἀμφρύςιος.
1231 594 1591 674 Λυκόφρων
1638 593 2067 672 «Ἀμφρυςίων
2129 597 2529 673 ςκηπτοῦχον
2574 594 3035 674 Εὐρυαμπίων»

451 706 547 790 (ν.
594 694 766 779 900).
855 696 1256 780 Ἰαλύςιος,
1324 696 1675 776 ἐτώςιος,
1743 695 2087 779 Ῥώςιος,
2155 697 2654 780 Ἀραχώςιος,
2719 697 3037 775 Περκώ-

450 820 641 880 ςιος,
702 799 1153 881 Κριθώςιος,
1216 800 1648 878 Γεδρώςιος
1699 798 1888 863 ἔθνος
1948 799 2221 864 Ἰνδικόν.
2309 799 2674 882 Παίςιος,
2734 798 3037 878 Νεμαύ-

452 921 640 982 ςιος,
675 900 1141 983 Ὀποείςιος,
1174 901 1556 978 Ἀρκέςιος
1585 901 1687 965 καὶ
1718 900 2180 983 Ἀρκείςιος,
2213 899 2684 984 (ιμοείςιος,
2718 900 3037 977 Ἀγνού-

452 1022 647 1084 ςιος,
670 1002 1181 1082 Ῥαμνούςιος
1212 1002 1343 1068 ἀπὸ
1374 1006 1483 1081 τῆς
1514 1005 1763 1080 γενικῆς
1793 1002 2094 1087 προςόδῳ
2125 1007 2241 1067 τοῦ
2272 1006 2307 1066 ι“
2326 1007 2441 1069 τοῦ
2472 1006 2508 1067 ῐ
2539 1003 2618 1068 οὐ
2642 1003 3034 1083 φυλαςςομέ-
3064 1014 3096 1061 5

453 1126 575 1170 νου
608 1104 698 1169 ὡς
729 1104 798 1169 ἐν
837 1111 928 1188 τῷ
960 1103 1549 1188 (ελινούντιος,
1591 1103 2085 1187 Ὀπούντιος,
2117 1104 2708 1188 Ἱεριχούντιος,
2739 1106 3037 1184 Τραπε-

452 1207 851 1289 ζούντιος,
908 1207 1310 1286 τρεπομένου
1366 1209 1436 1271 δὲ
1495 1206 1581 1272 εἰς
1627 1211 1658 1271 ἰ
1704 1208 1807 1272 καὶ
1850 1211 1968 1274 τοῦ
2022 1208 2150 1287 πρὸ
2195 1208 2395 1274 αὐτοῦ
2450 1212 2488 1272 se
2535 1208 3039 1289 ὑφαιρουμένου,

451 1309 974 1391 Ἁλιμούςιος,
1019 1309 1493 1390 Φηγούςιος,
1539 1310 2117 1393 Ἀχερδούςιος,
2174 1311 2723 1390 Ἀχραδούςιος
2768 1310 3038 1388 Ἀριςτο-

453 1412 666 1493 φάνης
699 1410 1266 1489 Ἐκκληςιαζούςαις
1307 1410 1396 1495 (v,
1421 1408 1574 1493 362)
1604 1415 1762 1477 «νῦν
1795 1414 1912 1491 μὲν
1954 1413 2078 1492 γὰρ
2125 1410 2317 1478 οὗτος
2351 1413 2751 1493 βεβαλάνωκε
2783 1414 2899 1492 τὴν
2932 1412 3038 1476 θύ-

454 1535 597 1597 ραν,
634 1513 800 1579 ὅςτις
831 1514 975 1577 πότ’
1008 1513 1128 1577 ἑςτ’
1162 1513 1505 1593 ἄνθρωπος
1541 1515 2045 1593 Ἀχραδούςιος».
2097 1510 2657 1597 Καλαθούςιος,
2697 1515 3040 1593 Καρδού·
3084 1523 3144 1575 ΙΟ

457 1636 652 1699 ςιος,
682 1601 1151 1696 Λαμούςιος,
1186 1616 1774 1700 Μαραθούςιος,
1808 1618 2311 1697 Μαυρούςιος
2357 1618 2544 1683 ἔθνος
2589 1618 2749 1697 μέγα
2790 1616 3042 1699 Λιβύης,

455 1720 494 1784 ὃ
539 1720 643 1784 καὶ
688 1720 957 1797 Μαῦροι.
1009 1718 1669 1784 Καδούςιος·ἔθνος
1715 1720 1943 1797 μεταξὺ
1988 1723 2098 1796 τῆς
2134 1720 2401 1785 Καςπίας
2430 1719 2738 1798 θαλάςςης
2781 1721 2883 1783 καὶ
2924 1722 3043 1784 τοῦ

454 1821 735 1886 Πόντου.
826 1819 1123 1901 (τράβων
1191 1821 1495 1906 ἑνδεκάτῃ
1561 1822 1653 1907 (p.
1699 1820 1872 1904 507).
1984 1823 2463 1901 Βαργούςιος
2530 1822 2718 1887 ἔθνος
2787 1821 3041 1887 δυτικὸν

455 1925 621 2002 πρὸς
663 1929 755 2005 τῷ
797 1922 988 2003 Ἴβηρι
1032 1929 1331 2008 ποταμῷ,
1375 1923 1703 2003 Πολύβιος
1748 1923 1817 1988 ἐν
1864 1924 2068 2009 τρίτῳ.
2154 1924 2601 2003 Δηρούςιος
2646 1924 2833 1989 ἔθνος
2874 1924 3042 2002 Περ·

456 2026 644 2091 ςικόν.
719 2024 1069 2103 Ἡρόδοτος
1122 2018 1181 2089 α’
1224 2025 1305 2107 (e.
1357 2023 1506 2111 125)
1566 2025 1846 2105 «Πέρςαι
1903 2026 1969 2092 δ’
2014 2026 2076 2092 οἱ
2122 2028 2235 2106 μὲν
2279 2027 2628 2093 Πενθιάδαι
2685 2024 2748 2091 οἱ
2792 2027 2863 2091 δὲ
2906 2026 3042 2105 Δη-
3084 2036 3144 2087 15

457 2127 699 2207 ρούςιοι
746 2126 808 2191 οἱ
865 2127 935 2191 δὲ
985 2126 1384 2206 Καρμάνιοι».
1472 2127 1914 2206 Φαρούςιος
1968 2130 2155 2195 ἔθνος
2210 2129 2494 2211 Λιβυκόν.
2584 2129 2885 2208 μέμνηται
2930 2128 3041 2193 αὐ-

454 2234 589 2295 τῶν
631 2228 977 2294 Διονύςιος
1023 2230 1124 2293 καὶ
1169 2229 1638 2309 Ἀρτεμίδωρος.
1708 2230 2226 2310 Ἀμαθούςιος.
2283 2231 2687 2297 Αἰδούςιοι
2734 2232 3044 2311 ςύμμαχοι

456 2332 785 2411 Ῥωμαίων
830 2331 1098 2415 προστῇ
1134 2332 1388 2416 Κελτικῇ
1422 2332 1717 2416 Γαλατίᾳ,
1765 2333 2221 2413 Ἀρτεμίδωρος
2266 2334 2335 2399 ἐν
2367 2337 2684 2412 χρονικῶν
2731 2333 2803 2397 δ’.
2849 2333 3043 2398 Ἁλι-

457 2434 949 2515 καρνάςςιος,
1026 2434 1545 2516 Παρνάςςιος,
1629 2435 2129 2519 Ποιηέςςιος,
2212 2437 2544 2519 Ἠςςιος,
2618 2435 3044 2516 Ἀγήςςιος,

457 2538 871 2618 Ἀςςήςιος,
940 2536 1442 2619 Καρδήςςιος,
1506 2536 2017 2621 Λυρνήςςιος,
2087 2539 2621 2620 Μαρπήςςιος,
2694 2538 3044 2616 Μερμής-
3080 2550 3149 2602 20

459 2661 648 2723 ςιος,
698 2639 1268 2721 Μυκαλήςςιος,
1316 2637 1811 2721 (αρδήςςιος,
1867 2639 2473 2722 (αλμυδήςςιος,
2532 2639 3046 2720 Ταρτήςςιος,

457 2743 954 2825 Τελμήςςιος,
999 2740 1446 2825 Τεγήςςιος,
1492 2741 1931 2822 Τυλήςςιος.
1988 2742 2349 2824 Λυκόφρων
2396 2740 2624 2808 «ἄλλοι
2671 2743 2742 2807 δὲ
2786 2746 3048 2821 πρῶνας

458 2846 807 2928 δυςβάτους
851 2843 1248 2922 Τυληςςίων»
1297 2842 1387 2928 (v,
1434 2842 1605 2926 993).
1695 2845 2129 2928 Βολίςςιος,
2188 2845 2690 2927 Μυρμίςςιος,
2760 2845 3046 2921 Μυγίς·

461 2969 657 3031 ςιος,
717 2946 1239 3012 Ἐλαιούςςιος
1293 2947 1467 3023 παρὰ
1523 2945 1598 3011 τὸ
1645 2947 2036 3029 Ἐλαιοῦςςα,
2095 2948 2570 3013 Ἐλαιούςιος
2623 2948 2695 3012 δὲ
2753 2948 2929 3026 παρὰ
2971 2947 3048 3011 τὸ

459 3052 760 3116 Ἐλαιοῡς.
804 3048 1340 3114 Πιτυούςςιος.
1387 3049 1684 3115 Ἄκτιος
1728 3050 1971 3133 Αἰγεύς,
2019 3051 2109 3115 ὡς
2153 3050 2493 3130 Εὐφορίων
2537 3050 2858 3132 Διονύςῳ.
2907 3051 3047 3114 Βυ-
3085 3063 3150 3114 25

458 3155 809 3235 ζάντιος,
840 3150 1376 3234 Ἀκαμάντιος,
1409 3151 1892 3234 Ἀλλάντιος,
1936 3153 2470 3236 Παλλάντιος,
2518 3152 3050 3234 Ἀλυβάντιος,

464 3256 928 3321 Γλιςάντιος.
985 3252 1511 3331 Τευθράντιος
1542 3253 1876 3333 Εὐριπίδης
1906 3255 2218 3340 Λικυμνίῳ
2255 3254 2715 3333 «Τευθράντιον
2747 3256 3053 3333 δἐςχῆμα

461 3358 701 3422 Μυςίας
754 3355 1026 3436 χθονός»
1082 3353 1214 3421 ἀπὸ
1257 3358 1367 3433 τῆς
1409 3360 1658 3435 γενικῆς
1699 3356 2126 3440 Τεύθραντος,
2181 3357 2565 3436 Τευθράνιος
2608 3358 2679 3421 δὲ
2723 3355 2854 3422 ἀπὸ
2900 3356 3053 3421 Τευ-

460 3457 719 3537 θρανίας
766 3458 856 3522 ὡς
900 3455 1032 3522 ἀπὸ
1076 3459 1439 3537 Παρραςίας
1482 3458 1862 3538 Παρράςιος.
1913 3460 2437 3541 Περγάντιος,
2480 3459 3052 3541 Προςπάλτιος,

459 3561 940 3643 Ἁλιάρτιος,
969 3559 1429 3644 (α’γάρτιος,
1461 3561 1915 3645 Αἰγύπτιος,
1952 3561 2685 3644 Κυπαριςςηέντιος,
2718 3560 3050 3640 (υρρέν-
3089 3575 3156 3626 30

464 3685 662 3746 τιος,
722 3661 1042 3727 (ίντιος.
1122 3661 1472 3742 (κίρτιος
1529 3663 1717 3729 ἔθνος
1759 3664 2071 3729 Παιονίας
2127 3664 2216 3729 ὡς
2268 3662 2539 3739 Φλέγων
2595 3664 2666 3728 ἐν
2710 3663 3052 3743 Ὀλυμπιά-

464 3773 600 3833 δων
646 3765 738 3830 ιε’.
827 3764 1461 3848 Ἑλληςπόντιος,
1506 3765 2164 3849 Εὐρυμεδόντιος,
2212 3764 2759 3831 Μεςοπόντιος
2805 3766 2842 3830 ὁ
2888 3766 3051 3845 Ἐρέ-

464 3889 595 3935 ςιος
636 3867 986 3932 Ποςειδῶν.
1076 3867 1250 3932 οὕτω
1293 3869 1416 3946 γὰρ
1468 3867 1539 3932 ἐν
1585 3867 1811 3953 Ἐρέςῳ
1856 3873 2136 3952 τιμᾶται,
2191 3869 2376 3935 πόλει
2420 3871 2529 3946 τῆς
2573 3868 2816 3948 Λιβύης.
2895 3869 3053 3933 Καλ-

466 3972 728 4050 λίμαχος
770 3968 997 4035 Αἰτίων
1041 3969 1117 4033 α’.
1163 3969 1755 4053 Ἀναφλύςτιος,
1812 3972 2237 4051 Βυβάςτιος
2283 3971 2372 4035 ὡς
2414 3971 2713 4050 Ἔφορος.
2793 3971 3052 4049 Γεραί-

465 4094 706 4155 ςτιος,
779 4071 1174 4154 Φαίςτιος,
1260 4072 1737 4152 Βουβάςτιος
1819 4072 1996 4151 παρὰ
2069 4072 2454 4156 Θεοπόμπῳ.
2572 4072 3053 4156 Ὀγχήςτιος,
3091 4085 3165 4136 35·

464 4175 969 4255 Τυφρήςτιος.
1043 4173 1403 4253 Παρθένιος
1459 4173 1891 4254 «Τυφρήςτιον
1949 4173 2200 4240 αἶπος».
2299 4174 2707 4255 Λιβύςτιος
2776 4176 2866 4240 ὼς
2921 4175 3054 4241 ἀπὸ

465 4281 581 4342 τοῦ
626 4277 925 4358 Λίβυςτος
968 4279 1085 4339 τοῦ
1130 4275 1261 4341 ἀπὸ
1306 4276 1534 4356 Λίβυος
1577 4275 1769 4341 ὄντος
1813 4277 1974 4340 κατὰ
2017 4276 2437 4355 πλεοναςμόν.
2506 4276 2854 4358 (ήςτιος,
2902 4277 3051 4342 Ἐλ-

468 4380 767 4460 βέςτιος
821 4378 1010 4443 ἔθνος
1063 4377 1306 4458 Λιβύης.
1395 4376 1686 4443 Φίλιςτος
1739 4375 1796 4457 η’
1854 4379 2039 4455 «περὶ
2083 4379 2154 4442 δὲ
2208 4378 2361 4442 τοὺς
2405 4378 2791 4458 Λίβυας...»
2879 4378 3051 4444 Ἐκα-

467 4483 646 4545 ταῑος
711 4478 983 4563 Εὐρώπῃ
1053 4479 1414 4561 «Ἐλβέςτιοι
1487 4480 1591 4543 καὶ
1657 4480 2063 4566 Μαςτιηνοί».
2174 4480 2590 4560 Βηρύτιος,
2665 4481 3054 4564 Ἀζώτιος,

470 4582 826 4663 Βούτιος,
915 4582 1372 4665 Καρδύτιος,
1462 4582 1928 4665 Κορδύτιος,
2015 4582 2420 4664 Μιςήτιος,
2517 4582 3053 4666 Βουθρώτιος,
3094 4595 3161 4644 4ο

607 4803 642 4852 l.
679 4806 711 4853 4
749 4802 1021 4869 Ἀρκέςιος
1058 4804 1149 4856 καὶ
1188 4801 1484 4869 Ἀρκείςιος
1521 4803 1699 4855 adieci
1735 4819 1803 4853 ex
1838 4803 1903 4854 Ε.
1931 4805 2002 4855 Μ.
2033 4805 2144 4865 156,
2181 4808 2214 4855 9
2253 4805 2372 4855 loco
2408 4804 2696 4854 maximam
2773 4807 2945 4853 artem
2983 4820 3051 4854 ex

478 4870 788 4924 Herodiano
832 4878 1047 4940 sumpto
1092 4881 1152 4924 et
1187 4875 1250 4926 Ε.
1290 4875 1364 4924 Μ.
1405 4875 1529 4933 144,
1567 4875 1661 4922 20:
1711 4869 2007 4937 Ἀρκείςιος
2052 4871 2085 4923 ό
2131 4871 2311 4936 ἥρως,
2366 4871 2398 4923 ὁ
2447 4869 2680 4923 πάππος
2784 4869 3051 4926 δυςςέως·

480 4937 629 5002 παρὰ
661 4938 764 4990 τὸν
798 4939 1012 5006 ἀρκέςω
1049 4940 1331 5007 μέλλοντα
1369 4938 1645 5005 Ἀρκέςιος
1681 4939 1771 4991 καὶ
1811 4938 2122 5004 Ἀρκείςιος.
2191 4938 2380 4993 οὕτως
2417 4937 2770 5004 Ἡρωδιανὸς.
