3664 5546
716 361 837 426 126
1232 324 1242 397 ’-
1645 362 1727 418 εκ
1765 363 1908 418 mu
1948 364 2358 420 ΗΡΩΔιΑΝοΥ

712 533 1033 615 οξύνεται,
1093 532 1483 616 Μούλιος,
1541 534 1888 612 Βάκχιος.
1987 534 2259 601 Αἴνιος
2311 537 2600 615 ποταμὸς
2653 536 3051 617 Περραιβίας.
3149 537 3295 615 Φή-

709 657 881 716 μιος
924 635 1025 700 καὶ
1067 635 1421 718 Εὐφήμιος,
1467 636 1734 720 Λάϊος,
1777 638 2127 720 Ἄγριος,
2175 638 2562 719 Μάντιος,
2600 636 2889 704 Αἴλιος.
2969 639 3298 719 Κάλβιος

707 739 907 816 κρήνη
950 736 1209 820 Λυκίας,
1270 738 1349 816 ἣν
1402 740 1504 802 καὶ
1562 738 1868 804 Κελαινόν
1924 761 2090 819 φαςι.
2180 741 2346 805 τινὲς
2402 742 2474 805 bk
2531 740 2730 819 αὐτὴν
2784 741 2887 805 καὶ
2941 741 3046 804 διὰ
3090 744 3205 804 τοῦ
3246 741 3299 817 μ

709 841 915 921 φαςίν.
1005 840 1265 921 Τίβιος
1309 838 1436 919 ἀφ’
1480 838 1560 905 οὗ
1605 842 1854 922 Τίβειον
1898 842 2100 908 τόπος
2142 840 2438 921 Φρυγίας.
2508 842 2576 907 ἐκ
2618 842 2857 909 τούτου
2901 843 3003 907 καὶ
3048 842 3299 922 Τιβίους

647 956 680 1005 5
712 943 866 1007 τοὺς
919 942 1196 1007 δούλους
1251 946 1564 1009 καλοῦςιν.
1655 944 1981 1023 «Κάριος
2035 945 2200 1010 Διὸς
2253 949 2405 1010 παῖς
2459 946 2562 1010 καὶ
2605 944 2986 1027 Τυρρηβίας,
3047 945 3136 1009 ὡς
3193 945 3298 1008 Νι-

707 1046 943 1110 κόλαος
987 1046 1301 1129 τετάρτῳ,
1349 1046 1422 1111 ὃς
1464 1045 1868 1125 πλαζόμενος
1897 1047 2041 1125 περί
2085 1067 2227 1112 τινα
2273 1047 2529 1129 λίμνην,
2575 1047 2710 1126 ἥτις
2754 1046 2875 1112 ἀπ’
2906 1047 3106 1111 αὐτοῦ
3139 1046 3297 1125 Τυρ-

708 1148 892 1227 ρηβία
936 1146 1196 1229 ἐκλήθη,
1242 1151 1534 1226 φθογγῆς
1566 1148 1856 1227 Νυμφῶν
1886 1142 2192 1231 ἀκούςας,
2237 1149 2312 1215 ἃς
2356 1151 2459 1214 καὶ
2491 1150 2749 1214 Μούςας
2780 1149 2978 1214 Λυδοὶ
3018 1152 3298 1229 καλοῦςι,

707 1250 809 1315 καὶ
853 1250 1150 1330 μουςικὴν
1196 1249 1493 1328 ἐδιδάχθη
1547 1251 1650 1315 καὶ
1705 1251 1901 1315 αὐτὸς
1945 1252 2098 1317 τοὺς
2141 1251 2392 1317 Λυδοὺς
2435 1251 2677 1320 ἐδίδαξε
2723 1253 2823 1316 καὶ
2866 1253 2946 1317 τά
2991 1253 3146 1331 με’λη
3195 1238 3300 1316 διὰ

707 1356 900 1417 τοῦτο
946 1350 1265 1432 Τυρρήβια
1310 1352 1657 1417 ἐκαλεῖτο».
1750 1353 2106 1419 Μάςπιος
2151 1353 2340 1419 ἔθνος
2381 1354 2709 1433 Περςικόν.
2801 1353 3132 1433 Θούριοι
3178 1354 3296 1417 πό·

611 1467 674 1515 ιο
711 1458 806 1519 λις
850 1452 1105 1518 Ἰταλίας
1149 1456 1189 1533 ἡ
1233 1454 1555 1533 πρότερον
1602 1453 1866 1534 (ύβαρις
1910 1455 2041 1520 ἀπὸ
2089 1456 2364 1534 Θουρίας
2407 1459 2629 1534 πηγῆς.
2705 1456 2953 1532 λέγεται
2999 1457 3100 1520 καὶ
3132 1456 3297 1520 Θου-

710 1557 814 1636 ρία
856 1557 960 1619 καὶ
1003 1555 1303 1634 Θούριον.
1396 1557 1728 1636 Κούριος
1772 1557 1963 1623 ἔθνος
2008 1556 2296 1639 (αβίνων
2341 1555 2706 1637 πολεμῆςαν
2751 1556 3098 1636 Ῥωμαίοις.
3173 1558 3298 1622 Χά-

711 1665 823 1738 ραξ
879 1658 972 1739 ιβ’.
1071 1659 1146 1722 τό
1202 1659 1273 1723 δὲ
1327 1657 1621 1738 Ἑρχίος
1665 1659 1702 1723 ὁ
1744 1660 1986 1727 ξενίςας
2027 1660 2410 1742 Δήμητραν,
2478 1658 2606 1740 ἀφ’
2652 1659 2730 1725 οὗ
2798 1658 3011 1739 Ἑρχιὰ
3079 1663 3300 1740 δῆμος,

708 1760 1147 1840 παροξύνεται.
1998 1816 2001 1819 .

877 1863 971 1928 Τὰ
1015 1862 1104 1928 εἰς
1146 1864 1246 1926 io?
1276 1862 1820 1943 ὑπερτριςύλλαβα
1865 1864 1968 1929 ἐπὶ
2012 1862 2271 1940 ἀλόγων
2317 1866 2506 1947 ζῴων
2537 1863 2858 1947 ὀξύνεται,
2903 1863 3298 1947 αἰγυπιός,

612 1978 671 2029 15
706 1965 1171 2046 χαραδριός,
1219 1964 1589 2049 ἐρῳδιός,
1637 1965 2087 2049 βομβυλιός,
2142 1964 2533 2046 ἀδρυφιός
2577 1967 2751 2045 παρὰ
2793 1966 3066 2043 Πέρςαις
3110 1965 3150 2030 ὁ
3194 1964 3299 2030 ἀε-

706 2068 831 2133 τός.
918 2068 994 2131 τὸ
1040 2069 1111 2132 δὲ
1157 2069 1565 2151 ςκορπίος,
1610 2069 1895 2148 κωβίος
1939 2068 2365 2147 παροξύνεται
2409 2067 2499 2133 ὡς
2542 2067 2938 2148 τριςύλλαβα.

877 2170 971 2234 Τὰ
1013 2169 1102 2234 εἰς
1148 2172 1222 2232 <Tc
1276 2169 1557 2248 καθαρὸν
1614 2169 1774 2248 ὑπὲρ
1831 2170 1951 2235 δύο
2009 2171 2322 2251 ςυλλαβὰς
2373 2176 2465 2254 τῷ
2522 2174 2560 2234 ὃ
2606 2171 2784 2255 μόνῳ
2841 2170 3301 2248 παραλήγοντα

707 2272 1329 2351 προπαροξύνονται.
1374 2270 1453 2335 τὰ
1483 2272 1698 2336 πολλὰ
1742 2274 1814 2337 bk
1860 2272 2127 2337 ςύνθετα
2170 2272 2582 2352 παροξύτονά
2630 2294 2699 2337 τε
2743 2273 2845 2337 καὶ
2888 2272 3326 2353 προπαροξύ-,

705 2395 883 2440 τονα.
992 2374 1096 2439 καὶ
1158 2373 1569 2451 παροξύτονα
1635 2375 1749 2452 μὲν
1816 2374 2230 2458 θυοςκόος,
2309 2375 2722 2457 λαοςςόος,
2789 2374 3298 2456 βροτοςςόος,

607 2490 674 2540 20
709 2475 1134 2558 δορυξόος,
1182 2474 1490 2557 λαξόος,
1539 2475 1909 2559 βοηθόος,
1955 2477 2534 2555 προπαροξύτονον
2581 2477 2651 2541 bk
2696 2476 3078 2559 πρόχοος,
3126 2480 3298 2541 δυς-

708 2580 974 2661 ήκοος,
1040 2575 1377 2656 δίκροος.
1474 2577 1550 2641 τὸ
1617 2579 1688 2642 bk
1752 2577 2044 2656 ἁθρόος
2100 2578 2549 2658 παροξύτονον
2616 2578 2720 2642 ἐπὶ
2782 2581 2899 2643 τοῦ
2960 2575 3299 2660 ἀθροίζειν,

706 2680 1287 2761 προπαροξύτονον
1347 2680 1418 2744 bk
1474 2678 1578 2744 ἐπὶ
1630 2684 1747 2745 τοῦ
1793 2680 2120 2759 αἰφνιδίου
2176 2680 2266 2747 ὡς
2309 2682 2412 2746 καὶ
2455 2680 2694 2759 ἄθροος
2737 2679 2776 2744 ὁ
2820 2678 3090 2759 ἄφωνος
3141 2680 3300 2744 κατὰ

709 2786 988 2864 ςτέρηςιν
1032 2788 1150 2849 τοῦ
1194 2782 1416 2861 θρόος·
1465 2783 1586 2848 «οὐ
1630 2783 1755 2862 γὰρ
1799 2783 2066 2849 πάντων
2110 2783 2223 2863 ἦεν
2269 2784 2429 2864 ὁμὸς
2472 2782 2700 2866 θρόος,
2757 2783 2907 2848 οὐδ’
2950 2782 3016 2848 ἴα
3058 2786 3296 2862 γῆρυς»

707 2888 797 2970 (Δ
842 2885 1017 2970 437).
1104 2889 1221 2950 νῦν
1267 2886 1337 2949 bk
1381 2886 1527 2964 περὶ
1568 2889 1699 2951 τῶν
1744 2885 1971 2950 ἁπλῶν
2016 2887 2472 2966 διαληψόμεθα.

606 3002 671 3051 25
878 2988 972 3053 Τὰ
1027 2987 1114 3052 εἰς
1163 2974 1375 3054 {fiio—oc
1419 2988 1640 3065 ἐντελῆ
1687 2992 1816 3051 τῶν
1860 2987 1947 3052 εἰς
1986 2977 2195 3054 πλοῖς
2237 2989 2568 3068 ληγόντων
2614 2988 2788 3052 ἁπλᾶ
2831 2986 2990 3053 ὄντα
3019 2989 3295 3068 παροξύ-

708 3111 963 3173 νονται,
1005 3091 1373 3174 διπλόος,
1418 3090 1827 3172 τριπλόος,
1883 3090 2195 3176 ἁπλόος.
2284 3095 2480 3155 ταῦτα
2537 3091 2607 3155 bk
2663 3089 2838 3155 ἁπλᾶ
2890 3090 3000 3155 εἰςι
3058 3092 3163 3155 καὶ
3216 3090 3297 3155 οὐ

708 3193 1005 3274 ςύνθετα,
1064 3192 1153 3257 ὡς
1208 3192 1567 3271 ὑπενόηςάν
1622 3212 1806 3257 τινες.
1895 3197 2159 3271 πρῶτον
2214 3195 2329 3273 μὲν
2383 3193 2507 3271 γὰρ
2560 3193 2635 3257 τὸ
2693 3196 2960 3258 διπλοῦς
3015 3194 3117 3257 καὶ
3170 3213 3296 3271 τρι-

707 3298 913 3360 πλοῦς
957 3294 1152 3360 οὐδὲν
1196 3294 1521 3375 ἐφύλαξαν
1565 3298 1682 3358 τοῦ
1727 3295 2193 3374 ςημαινομένου
2237 3299 2354 3360 τοῦ
2384 3297 2618 3377 πλοῦς,
2660 3294 2769 3359 ἵνα
2813 3293 3093 3375 εἴπωμεν
3135 3294 3298 3359 αὐτὰ

709 3398 974 3463 ςύνθετα
1019 3396 1083 3462 ἐξ
1128 3396 1345 3461 αὐτοῦ.
1436 3396 1740 3474 δεύτερον
1786 3396 1890 3478 δέ,
1937 3396 1990 3460 εἰ
2033 3396 2190 3476 ἦςαν
2237 3396 2532 3479 ςύνθετα,
2589 3397 2869 3475 ἤμελλον
2928 3400 3296 3478 βαρυτονεῖ-

608 3510 673 3561 30
710 3504 861 3563 ςθαι.
951 3498 1185 3578 ἔχομεν
1228 3498 1352 3577 γάρ
1390 3498 1488 3563 ὅτι
1533 3499 1612 3563 τὰ
1656 3498 1744 3562 εἰς
1786 3502 1905 3563 ό-υἶ
1951 3498 2237 3578 ὀνόματα
2290 3499 2465 3563 ἁπλᾶ
2509 3500 2622 3578 μὲν
2668 3498 2828 3563 ὄντα
2869 3504 3296 3577 περιςπῶνται

709 3599 856 3666 οἷον
902 3604 1083 3683 βοῦς,
1129 3604 1313 3682 νοῦς,
1358 3604 1592 3682 πλοῦς,
1639 3605 1865 3682 χροῦς,
1911 3605 2136 3683 θροῦς,
2182 3605 2630 3682 θυγατριδοῦς,
2676 3600 3098 3683 ἀδελφιδοῦς,
3145 3604 3296 3680 χαλ-

708 3706 890 3784 κοῦς,
936 3705 1236 3784 χρυςοῦς,
1282 3705 1598 3784 πλακοῦς,
1645 3701 1872 3781 (ιμοῦς
1902 3705 2097 3782 χωρὶς
2139 3708 2256 3769 τοῦ
2301 3703 2466 3767 πούς
2509 3704 2611 3766 καὶ
2655 3702 2884 3785 ὀδούς,
2929 3706 3129 3768 ταῦτα
3171 3704 3296 3781 γάρ

842 3908 877 3958 l.
916 3911 943 3958 1
981 3913 1109 3973 post
1146 3905 1377 3969 Βάκχιος
1413 3906 1573 3958 omisi
1609 3904 1835 3971 (Σέργιος
1880 3914 1941 3959 ut
1988 3923 2185 3958 nomen
2231 3908 2550 3973 posterioris
2595 3908 2723 3958 aovi
2768 3908 2914 3957 inter
2958 3909 3177 3956 nomina
3222 3907 3294 3956 ab

707 3976 1026 4027 Herodiano
1063 3975 1342 4042 proposita
1377 3974 1726 4025 inculcatum.
1784 3974 1999 4039 Αἴνιος,
2038 3976 2180 4041 quod
2219 3974 2437 4041 explevi
2473 3991 2539 4024 ex
2578 3975 2658 4026 St.
2685 3977 2768 4039 B„
2803 3990 2975 4040 usque
3014 3975 3084 4024 ad
3110 3971 3297 4026 Αἴλιος

708 4062 775 4095 ex
813 4044 1060 4109 Theogn.
1099 4046 1182 4102 58,
1220 4045 1286 4092 24
1322 4042 1538 4101 addidi,
1587 4042 1652 4093 de
1692 4041 1942 4095 Μάντιος
1981 4043 2159 4096 Schol.
2199 4043 2301 4093 Od.
2338 4058 2369 4093 o
2405 4046 2503 4093 242
2542 4041 2798 4095 Μάντιον
2844 4040 2923 4093 ὡς
2959 4041 3193 4107 Φήμιον.
3229 4070 3295 4077 —-

712 4110 942 4176 Κάλβιος
979 4140 1044 4147 —
1084 4109 1312 4174 Κούριος
1350 4127 1417 4160 ex
1454 4110 1535 4161 St.
1561 4111 1621 4164 Β.
1761 4112 1795 4161 1.
1825 4115 1887 4161 12
1925 4109 2132 4175 Ἑρχίος
2170 4126 2292 4161 cum
2317 4112 2515 4177 spiritu
2541 4127 2735 4177 aspero
2761 4111 2956 4176 scripsi
2981 4125 3100 4160 cum
3126 4112 3295 4161 Mein.

707 4181 779 4231 ad
817 4182 896 4232 St.
933 4182 993 4231 13.
1029 4182 1144 4240 282,
1184 4183 1232 4232 9.
1335 4179 1371 4230 l.
1411 4180 1473 4230 15
1510 4179 1805 4243 βομβυλιός
1845 4185 1901 4231 et
1937 4177 2205 4244 ἀδρυφιός
2244 4179 2432 4230 addidi
2469 4196 2535 4229 ex
2571 4180 2767 4230 Choer.
2796 4179 2972 4244 Epim.
3009 4178 3069 4228 in
3092 4177 3296 4231 Psalm.

710 4250 825 4312 128,
863 4251 894 4298 9
932 4248 1008 4302 cf.
1044 4249 1109 4302 Ε.
1148 4249 1222 4300 Μ.
1259 4248 1376 4310 380,
1413 4251 1495 4298 30.
1703 4248 1736 4298 l.
1776 4252 1836 4299 17
1875 4245 2173 4312 ἐξαιρέτως
2209 4248 2371 4299 initio
2409 4248 2693 4313 praecepti
2730 4252 2790 4297 ut
2825 4249 2895 4298 ab
2935 4247 3297 4311 epitomatore

708 4315 985 4366 adiectum
1024 4317 1199 4366 omisi.
1271 4315 1535 4380 δορυξόος
1581 4315 1781 4369 λαξόος
1826 4316 2066 4381 βοηθόος
2113 4317 2348 4381 apposui
2393 4331 2456 4365 ex
2498 4318 2558 4366 Ε.
2598 4318 2670 4369 M.
2708 4317 2835 4380 283,
2872 4317 2940 4364 24
2976 4320 3034 4364 ot
3068 4317 3196 4372 425,
3236 4319 3295 4375 33

708 4382 928 4448 δίκροος
975 4400 1042 4434 ex
1079 4385 1141 4437 E.
1180 4385 1254 4434 M.
1292 4387 1408 4447 276,
1446 4387 1538 4448 29,
1587 4385 1682 4436 ubi
1719 4385 2072 4436 Herodianus
2116 4384 2175 4433 in
2219 4384 2360 4434 libro
2407 4383 2534 4447 περὶ
2571 4384 2774 4434 παθῶν
2820 4385 2900 4432 sic
2944 4383 3294 4448 pronunciat:

709 4450 822 4514 ἐγὼ
859 4450 920 4503 δὲ
958 4449 1164 4515 νομίζω
1203 4453 1417 4515 μᾶλλον
1463 4451 1615 4517 παρὰ
1659 4453 1727 4504 τὸ
1776 4451 1969 4517 κέρας,
2008 4449 2040 4502 ὃ
2085 4451 2153 4516 δὴ
2191 4450 2282 4502 καὶ
2329 4449 2517 4515 κέρος,
2554 4449 2638 4502 ἵν’
2674 4451 2708 4515 ᾖ
2746 4448 2963 4515 δίκερος
3000 4450 3092 4502 καί
3127 4448 3297 4512 ὑπερ·

707 4519 851 4571 θέςει
888 4517 1103 4585 δίκρεος
1141 4521 1231 4572 καὶ
1267 4523 1452 4586 τροπῇ
1489 4523 1592 4572 τοῦ
1629 4523 1661 4572 ’ἑ
1700 4518 1778 4573 εἰς
1813 4524 1846 4572 ὃ
1882 4518 2101 4585 δίκροος
2138 4520 2207 4569 cf.
2244 4521 2381 4570 Lob.
2421 4520 2492 4569 ad
2528 4520 2729 4583 Phi-yn.
2771 4536 2822 4585 p.
2860 4521 2961 4570 233
2997 4524 3054 4570 et
3089 4517 3298 4570 Pan-all.

709 4605 760 4653 p.
794 4591 860 4638 42
898 4595 1012 4639 not.
1047 4592 1128 4640 43.
1203 4592 1310 4639 Pro
1347 4588 1571 4638 Arcadii
1607 4591 1819 4640 verbis:
1867 4589 1936 4641 τὸ
1982 4587 2043 4640 δὲ
2080 4586 2282 4651 ἀθρόος
2320 4586 2709 4651 παροξύτονον
2752 4586 2822 4638 τὸ
2869 4585 2983 4648 ἅμα
3020 4582 3295 4651 ςημαίνει·

706 4655 776 4707 τὸ
815 4655 876 4708 δὲ
913 4655 1413 4721 προπαροξύτονον
1449 4657 1517 4708 τὸ
1554 4655 1793 4720 ἄφωνον
1831 4659 1989 4723 posui
2023 4657 2474 4706 adnotamentum
2512 4658 2574 4705 Ε.
2605 4657 2824 4708 Orionis
2859 4657 2943 4716 28,
2983 4657 3045 4704 19
3082 4671 3149 4705 ex
3184 4654 3294 4703 He-

709 4724 939 4775 rodiano
977 4726 1231 4790 petitum.
1279 4726 1337 4774 in
1375 4740 1479 4788 quo
1518 4730 1644 4790 post
1679 4722 1959 4789 αἰφνιδίου
2006 4726 2211 4775 inserui
2260 4723 2339 4774 ὼς
2377 4723 2466 4774 καὶ
2503 4721 2706 4788 ἀθρόος
2744 4723 2777 4774 ὁ
2813 4721 3077 4787 ἄφωνος,
3125 4727 3295 4787 atquo

709 4808 776 4841 ex
812 4799 1077 4857 sequente
1113 4808 1349 4854 canone,
1388 4792 1458 4842 ad
1497 4809 1658 4857 quem
1702 4809 1812 4843 non
1848 4794 2110 4859 quadrat,
2148 4793 2254 4842 huc
2289 4793 2513 4842 retraxi.
2688 4793 2722 4843 l.
2759 4794 2825 4843 25
2861 4807 2960 4856 pro
2995 4790 3067 4841 τὰ
3105 4789 3295 4854 ὥςπερ

709 4872 911 4939 ἐντελῆ
962 4878 1157 4942 scripsi
1199 4875 1272 4928 τὰ
1324 4874 1402 4928 εἰς
1448 4878 1624 4930 πλοος
1670 4875 1887 4942 ἐντελῆ.
1936 4905 1997 4912 -—
2046 4877 2214 4926 verba
2266 4879 2447 4927 ταῦτα
2491 4875 2552 4929 δὲ
2597 4875 2751 4928 ἁπλᾶ
2802 4892 2976 4942 usque
3029 4876 3102 4927 ad
3145 4874 3293 4927 ἅπαξ
