3664 5546
694 402 960 463 Lxxxw‘
1761 406 2175 462 PRAEFA‘rro.

694 593 866 654 ςτος,
922 567 1142 655 Steph.
1199 567 1362 655 Byz.
1415 570 1746 648 Κάρπαθος
1807 588 1955 632 cum
2009 567 2296 655 Hesych.
2360 568 2750 651 Κράπαθος),
2810 564 3078 654 Trypho
3145 564 3255 651 (cf.

691 673 958 737 Arthur.
1008 672 1087 736 de
1132 669 1372 735 Velsen
1427 694 1491 756 p.
1538 670 1619 763 96
1664 670 1871 757 seqq.)
1932 680 1997 734 et
2062 668 2480 756 ApolloniuS,
2537 671 2718 734 cuius
2776 667 3013 735 librum
3076 670 3253 758 quin-

688 787 823 839 tum
868 777 1013 853 περὶ
1056 779 1280 839 παθῶν
1326 772 1634 859 Stephan.
1683 772 2039 857 Byzantius
2097 771 2342 837 laudat.
2434 772 2563 835 Sed
2616 771 2842 836 horum
2898 795 3098 859 opera
3150 795 3255 859 pa-

689 876 1015 961 thologica
1058 876 1444 939 interierunt
1472 873 1924 940 Herodianeae
1970 875 2332 960 scriptionis
2380 873 2722 959 splendore
2752 876 3103 940 obscurata
3145 896 3253 939 ex-

687 980 892 1065 ceptis
947 980 1170 1063 paucis
1227 976 1559 1057 frustuliS,
1618 998 1783 1063 quae
1839 977 2188 1040 maximam
2243 987 2499 1063 partem
2543 976 2954 1040 Herodianus
3000 982 3138 1063 ipse
3182 996 3254 1039 eo

688 1081 1006 1159 servavit,
1065 1078 1237 1166 quod
1293 1088 1773 1143 antecessorum
1827 1100 2089 1143 suorum
2147 1078 2498 1142 sententias
2548 1078 2850 1162 ¹proferre
2893 1078 3250 1143 consuevit.

687 1183 912 1246 Plures
969 1181 1415 1245 Herodianum
1462 1181 1665 1244 secuti
1720 1190 1902 1262 sunt,
1968 1180 2135 1244 inter
2188 1203 2347 1267 quos
2404 1178 2799 1245 Ritschelius
2868 1181 2948 1243 de
3004 1182 3138 1244 Oro
3194 1189 3255 1242 et

685 1285 926 1351 Orione
969 1306 1032 1369 p.
1066 1283 1144 1346 61
1194 1281 1396 1346 Orum
1439 1280 1764 1346 Milesium
1809 1303 1951 1346 esse
1995 1281 2355 1368 pertendit,
2411 1280 2728 1346 Kleistius
2785 1304 2939 1345 vero
2985 1281 3065 1345 de
3110 1281 3253 1345 Phi-

684 1385 918 1451 loxeno
963 1408 1029 1471 p.
1073 1384 1155 1448 35
1199 1407 1376 1470 seqq.
1421 1385 1559 1448 iure
1603 1393 1818 1469 negat.

855 1489 1006 1575 Ipse
1049 1486 1460 1551 Herodianus
1504 1484 1743 1551 librum
1799 1476 1987 1550 suum
2029 1488 2176 1577 πςρὶ
2216 1492 2442 1551 παθῶν
2485 1507 2802 1572 nusquam
2856 1486 2923 1549 in
2971 1484 3248 1570 scriptia,

684 1613 850 1677 quae
894 1599 1272 1675 supersunt,
1317 1589 1698 1653 nominatim
1742 1597 2229 1668 commemorat,
2289 1589 2403 1653 sed
2453 1588 2731 1652 fortasse
2773 1584 3060 1670 intellegi
3106 1609 3250 1651 eum

683 1693 890 1758 voluit
930 1692 1289 1772 interdum,
1347 1712 1546 1773 quum
1602 1711 1670 1753 se
1714 1687 1959 1775 aliquid
2002 1690 2067 1753 in
2112 1691 2349 1770 ἑτέροις
2393 1712 2715 1776 exponere
2771 1689 3012 1754 diceret
3058 1690 3142 1773 (e.
3186 1711 3249 1773 g.

682 1795 857 1859 Mon.
901 1794 1020 1875 42,
1064 1792 1150 1855 29
1202 1794 1277 1857 τὸ
1333 1791 1538 1856 αἴτιον
1592 1796 1704 1869 τῆς
1759 1793 2066 1858 ἐκτάςεως
2124 1793 2193 1858 ἐν
2252 1798 2329 1876 τῇ
2375 1795 2731 1878 διςυλλάβῳ
2775 1796 3084 1875 προφορᾷ
3130 1790 3248 1875 (se.
3348 1870 3356 1879 .

680 1904 796 1962 τοῦ
842 1895 989 1979 ἄτη)
1036 1896 1105 1960 ἐν
1150 1880 1388 1973 ἑτέροις
1433 1892 1742 1977 εἴπομεν).
1805 1898 2052 1958 Tamen
2096 1894 2333 1956 mirum
2376 1904 2477 1961 est
2518 1894 2965 1959 Herodianum
3008 1891 3076 1954 in
3115 1892 3251 1956 Mo·-

679 1997 964 2077 nadicis,
1035 1996 1178 2075 ubi,
1245 2017 1442 2082 quum
1506 1994 1861 2060 identidem
1918 1996 2373 2061 abnormitatis
2439 1996 2645 2073 αἴτιον
2709 1997 2784 2060 τὸ
2839 1995 3042 2059 πάθος
3108 2016 3251 2057 esse

678 2099 949 2177 dicitur,
996 2098 1375 2182 saepissime
1405 2097 1856 2183 opportunitas
1887 2097 2310 2182 Pathologiae
2354 2096 2723 2161 laudandae
2768 2118 2836 2160 se
2866 2095 3248 2181 praebebat,

676 2223 1006 2287 nunquam
1056 2198 1314 2263 disertis
1361 2198 1595 2263 verbis·
1627 2198 1865 2262 librum
1895 2203 2042 2279 περὶ
2072 2206 2326 2284 παθῶν,
2373 2222 2454 2264 ex
2486 2221 2615 2285 quo
2645 2197 3012 2263 Monadieis
3046 2198 3247 2262 simil-

675 2302 831 2366 linia
874 2301 1339 2366 adnotamenta
1383 2310 1643 2365 servata
1687 2308 1866 2375 sunt,
1925 2300 2007 2365 ad
2060 2312 2279 2387 partes
2332 2322 2568 2365 vocare
2582 2352 2599 2385 ,
2666 2300 3038 2387 frequenter
3092 2322 3247 2372 vero

676 2402 1111 2486 Catholicam,
1168 2403 1338 2467 unde
1382 2402 1852 2468 coniectaveris
1908 2402 2144 2468 librum
2187 2405 2331 2483 περὶ
2374 2409 2598 2468 παθῶν
2645 2400 3245 2487 splendidissimum

673 2504 937 2591 reliquis
986 2505 1288 2591 operibus
1335 2503 1648 2570 confectis
1693 2506 1881 2590 quasi
1925 2505 2255 2591 quoddam
2299 2504 2637 2588 fastigium
2682 2504 3056 2590 impositum
3103 2527 3247 2569 esse

671 2608 917 2693 pariter
961 2618 1154 2693 atque
1183 2606 1557 2671 Lobeckius
1587 2629 1822 2693 gyrum
1868 2607 2255 2691 scriptorum
2302 2628 2563 2671 suorum
2594 2605 2977 2691 Pathologia
3007 2605 3244 2671 finivit.

673 2708 855 2772 Haec
909 2707 1192 2794 suspicio
1248 2708 1546 2772 firmatur
1590 2732 1694 2791 eo,
1761 2709 1938 2796 quod
2001 2708 2070 2770 in
2120 2707 2506 2794 Pathologia
2571 2708 2987 2790 sententiam,
3049 2730 3245 2795 quam

669 2822 836 2876 teste
881 2811 1093 2876 Schol.
1151 2808 1237 2873 ad
1282 2811 1620 2897 Aristoph.
1675 2812 1831 2876 Pac.
1887 2811 1969 2876 70
2022 2812 2100 2883 ις’
2153 2818 2263 2890 τῆς
2320 2812 2599 2877 καθόλου
2656 2810 2738 2874 de
2792 2811 3244 2891 ἀναρριχᾶςθαι

667 2921 1126 2999 proposuerat,
1173 2911 1498 2999 improbat
1541 2911 1747 2976 altera
1791 2913 2150 2998 proposita.

834 3013 1234 3098 Fragmenta
1285 3023 1549 3077 servata
1615 3023 1766 3077 sunt
1825 3013 2031 3078 multa
2084 3015 2151 3076 in
2205 3014 2660 3100 Etymologico
2718 3014 2976 3078 Orionis
3044 3023 3129 3078 et·
3173 3014 3241 3077 in

667 3116 967 3182 Gudiano
984 3164 1000 3196 ,
1032 3115 1314 3201 plurima
1344 3117 1410 3177 in
1440 3115 1896 3200 Etymologico
1925 3116 2197 3199 Magne,
2230 3116 2333 3179 cui
2374 3139 2567 3202 saepe
2599 3116 2974 3181 Gudianum
3006 3138 3241 3202 suppe-

667 3220 836 3282 ditat
865 3239 1100 3281 nomen
1132 3217 1413 3280 auctoris
1445 3215 1901 3301 Etymologico
1932 3217 2174 3300 Magno
2210 3215 2591 3282 detractum.
2651 3217 3108 3304 Subscriptum
3138 3230 3241 3284 est

558 3369 564 3376 .
665 3319 765 3381 his
811 3318 1198 3401 fragmentis
1243 3316 1438 3401 vulgo
1496 3329 1609 3382 aut
1650 3318 2044 3396 Ἡρωδιανὸς
2097 3320 2242 3397 περὶ
2299 3325 2523 3385 παθῶν
2569 3329 2681 3383 aut
2723 3320 3118 3399 Ἡρωδιανὸς
3163 3321 3236 3386 ἑν

664 3428 755 3504 τῷ
799 3421 944 3497 περὶ
986 3425 1212 3484 παθῶν
1257 3429 1370 3483 aut
1401 3420 1791 3506 Ἡρωδιανὸς
1823 3419 1893 3484 ἐν
1923 3424 2061 3485 τοῖς
2091 3423 2238 3500 περὶ
2279 3427 2538 3504 παθῶν,
2584 3431 2884 3507 corrupte
2925 3422 2989 3484 in
3023 3421 3234 3486 tribus

665 3522 964 3586 Zonarae
1007 3519 1166 3584 loeis
1212 3521 1337 3584 614
1381 3530 1446 3584 et
1488 3521 1609 3584 641
1657 3530 1722 3586 et
1768 3521 1931 3585 1486
1977 3521 2368 3600 Ἡρωδιανὸς
2398 3526 2543 3602 περὶ
2572 3526 2819 3589 πάθους
2864 3532 2929 3586 et
2968 3545 3034 3608 p.
3070 3523 3238 3587 1540

664 3624 1057 3701 Ἡρωδιανὸς
1102 3624 1170 3687 ἑν
1215 3627 1350 3688 τοῖς
1393 3624 1537 3701 περὶ
1580 3624 1857 3704 πάθους,
1904 3622 1972 3686 in
2016 3624 2163 3719 An.x
2191 3626 2317 3688 Ox.
2363 3623 2434 3689 II
2477 3625 2601 3688 338
2645 3626 2682 3689 ὁ
2726 3626 3116 3704 Ἡρωδιανὸς
3161 3627 3235 3693 ἑν

663 3731 753 3807 τῷ
794 3725 954 3788 κατὰ
996 3724 1197 3809 πάθη,
1253 3725 1696 3810 compluribus
1751 3725 2043 3788 adiectus
2102 3737 2202 3790 est
2258 3725 2482 3792 titulus
2539 3729 2682 3805 περὶ
2734 3733 3095 3806 παθητικῶν
3147 3750 3237 3792 ex

662 3825 805 3904 περὶ
848 3831 1070 3891 παθῶν
1116 3848 1460 3911 perversus
1505 3826 1586 3890 E.
1616 3826 1706 3890 M.
1760 3826 1868 3907 18,
1914 3826 2028 3909 46,
2076 3828 2237 3890 Zon.
2284 3829 2437 3908 603,
2485 3826 2563 3890 E.
2611 3827 2701 3891 M.
2748 3827 2862 3909 56,
2908 3828 3010 3891 27.
3072 3827 3231 3891 Per-

659 3925 882 3990 multis
929 3928 1222 3992 subiecta
1267 3937 1419 3991 sunt
1461 3937 1716 3992 tantum
1760 3928 1964 3993 verba
2016 3930 2162 4009 περὶ
2215 3934 2469 4013 παθῶν,
2525 3928 2637 3992 uni
2684 3928 2762 3992 E.
2808 3929 2898 3992 M.
2943 3930 3098 4010 382,
3144 3930 3236 3994 30

660 4032 804 4107 περὶ
861 4030 1444 4095 ndOouc'auctoris
1498 4029 1755 4092 nomine
1811 4029 2076 4110 emisse,
2133 4029 2241 4116 qui
2298 4030 2451 4115 quin
2497 4029 2913 4097 Herodianus
2971 4033 3055 4096 sit
3110 4033 3229 4097 du-

658 4130 837 4194 bium
895 4153 1022 4195 non
1078 4128 1438 4217 relinquere
1493 4153 1612 4194 nec
1669 4153 1770 4193 res
1827 4152 1994 4217 quae
2047 4141 2441 4213 tractentur,
2516 4155 2636 4197 nec
2698 4133 2934 4214 verba,
2987 4132 3230 4219 quibus

658 4233 1020 4319 perscripta
1074 4231 1237 4313 sint,
1302 4232 1611 4296 Lehrsius
1676 4231 1926 4297 summo
1985 4234 2122 4295 iure
2178 4234 2533 4299 contendit.
2628 4233 3002 4300 Lobeckius
3066 4257 3225 4300 vero

657 4332 953 4399 Rhemat.
1008 4357 1073 4419 p.
1126 4333 1252 4397 314
1306 4333 1597 4415 dubitat,
1653 4345 1875 4398 utrum
1929 4333 2342 4399 Herodianus
2397 4335 2536 4423 ipse
2593 4358 2677 4399 an
2732 4335 3224 4402 Choeroboscus

655 4446 882 4499 auctor
935 4434 1023 4498 sit
1076 4435 1298 4499 dicens
1355 4435 1673 4521 «scriptor
1728 4437 1873 4515 περὶ
1926 4443 2149 4502 παθῶν
2198 4435 2447 4522 (Etym.
2500 4436 2723 4521 Magn.
2769 4439 2920 4520 639,
2966 4438 3035 4526 2)
3081 4438 3225 4504 sive

654 4538 709 4599 is
745 4533 1159 4601 Herodianus
1205 4536 1332 4600 fuit
1375 4536 1514 4601 sive
1558 4560 1746 4623 quem
1791 4536 1902 4601 ille
1950 4538 2069 4621 (sc.
2102 4536 2529 4623 Etymologus
2559 4539 2682 4624 M.)
2712 4539 2915 4606 multo
2961 4540 3221 4626 saepius

653 4638 932 4702 advocat
976 4637 1146 4701 idem
1192 4639 1742 4703 Choeroboscus».
1827 4638 1940 4702 'Ad
1985 4661 2174 4725 quam
2221 4639 2655 4726 suspicionem
2701 4653 2911 4707 motus
2957 4640 3225 4707 videtur

652 4740 934 4802 maxime
991 4740 1382 4825 comparatis
1439 4738 1517 4802 E.
1564 4740 1653 4803 Μ.
1701 4740 1853 4821 748,
1900 4741 1940 4803 3
1995 4751 2061 4804 et
2104 4739 2332 4804 Choer.
2382 4743 2557 4807 Dict.
2602 4743 2725 4808 833
2781 4766 2960 4830 seqq.
3048 4743 3219 4806 Nam

652 4861 692 4902 a
736 4838 1182 4906 Choerobosco
1226 4841 1431 4906 multo
1477 4840 1865 4927 explicatius
1912 4842 2258 4926 exponitur
2300 4843 2505 4925 idem,
2552 4845 2723 4930 quod
2770 4847 2836 4908 in
2882 4845 2961 4909 E.
2997 4844 3085 4908 M.
3132 4868 3219 4909 ex
