3664 5546
1519 368 1648 415 PRA
1661 368 1933 416 EFATIO.
2949 374 3017 420 CI

608 523 904 592 Alterum
951 546 1189 606 genus,
1249 523 1422 610 quod
1478 523 1585 588 hic
1628 524 1894 604 ποιότης
1951 521 2347 609 appellatur,
2406 524 2532 589 fuit
2576 526 2654 589 de
2707 528 3011 591 consonis

439 636 630 714 atque
686 625 755 688 in
798 648 874 690 eo
923 625 1282 690 Herodiani
1340 625 1531 692 etiam
1593 624 2141 711 Orthographiam
2198 635 2521 690 versatam
2581 650 2723 691 esse
2780 627 3012 693 docent

379 763 384 768 -
437 727 841 810 fragmenta,
888 750 924 790 e
968 726 1203 813 quibus
1251 727 1421 814 quod
1469 729 1531 791 in
1580 726 1657 791 Il.
1707 726 1814 791 Pr.
1862 728 1914 792 Θ
1958 727 2077 789 441
2129 726 2436 792 traditum
2483 739 2613 809 est,
2661 730 2740 793 de
2786 753 3010 794 conso-

441 852 668 892 narum
722 828 1195 894 assimilatione
1261 830 1397 914 agit
1451 831 1564 913 (ἂμ
1624 823 1950 914 βωμοῖο),
2021 827 2197 891 aliud
2257 828 2364 912 (E.
2410 829 2499 893 M.
2548 831 2700 913 792,
2756 830 2867 914 34)
2925 832 3009 895 ad

438 932 937 1016 geminationem
982 930 1263 1017 pertinet
1307 929 1477 1015 (esse
1521 933 1847 1014 φθέγγμα,
1893 954 2024 995 non
2068 932 2319 1012 φθέγμα
2363 931 2777 996 scribendum
2823 933 3009 998 doce·

441 1035 604 1117 tur),
661 1031 793 1098 alia
849 1032 935 1098 ad
991 1032 1485 1097 antistoechiam
1539 1031 1720 1097 velut
1772 1034 2207 1119 aspiratamm
2253 1044 2317 1096 et
2373 1034 2658 1097 tenuium
2715 1047 3009 1120 spectant

440 1136 536 1219 (in
589 1136 667 1200 Ε.
728 1135 842 1201 Or.
905 1136 1058 1218 150,
1102 1135 1180 1199 21
1248 1134 1648 1221 disceptatur
1714 1134 1794 1198 de
1850 1136 2174 1220 scriptura
2239 1136 2516 1212 επόγγοε
2581 1145 2645 1198 et
2701 1138 3005 1217 εφόγγοε,

440 1239 507 1301 in
555 1239 633 1302 Ε.
678 1238 851 1302 Gud.
899 1238 1010 1316 87,
1055 1237 1138 1302 52
1192 1236 1272 1301 de
1317 1238 1643 1319 εφάραγοε
1706 1247 1770 1301 et
1830 1238 2184 1317 (πάραγοε,
2230 1238 2297 1300 in
2342 1236 2421 1302 E.
2469 1241 2580 1302 Or.
2627 1237 2741 1319 57,
2786 1239 2869 1302 29
2925 1239 3007 1303 de

439 1342 664 1421 ἐχθρός
706 1349 772 1405 et
815 1340 1087 1425 ἐκθρόε).

605 1442 898 1506 Tertium
943 1464 1179 1527 genus,
1236 1442 1305 1505 in
1361 1440 1531 1527 quod
1579 1439 1865 1504 maxima
1908 1440 1991 1504 ab
2036 1439 2536 1527 orthographiae
2581 1443 3005 1528 scriptoribus

437 1567 594 1608 cura
637 1556 702 1609 et
745 1566 943 1630 opera
987 1543 1509 1632 impendebatur,
1556 1542 1910 1630 quaerebat
1952 1552 2163 1606 utrum
2210 1567 2339 1609 vox
2372 1567 2487 1630 per
2520 1542 2810 1608 vocalem
2856 1545 3002 1607 sim-

437 1646 670 1732 plicem
713 1669 793 1710 an
841 1668 958 1732 per
1002 1644 1474 1732 diphthongum
1506 1644 1876 1710 exhibenda
1905 1655 2094 1709 esset.
2159 1645 2302 1710 Hoc
2346 1647 2739 1732 posteriores
2787 1669 3002 1730 gram-

437 1750 657 1813 matici
687 1749 992 1815 dicebant
1023 1749 1370 1832 ποεότητα,
1415 1770 1540 1834 quo
1572 1746 1891 1812 vocabulo
1924 1758 2174 1811 veteres
2207 1748 2636 1834 quantitatem
2680 1749 2723 1812 i.
2755 1771 2810 1812 e.
2858 1773 2998 1835 pro-

435 1850 802 1916 ductionem
835 1859 901 1914 et
930 1850 1407 1937 correptionem
1451 1847 1771 1914 vocalium
1816 1850 2291 1934 significabant.
2390 1851 2601 1938 Atque
2640 1845 2791 1914 h‘uic
2830 1853 3001 1937 parti

435 1961 747 2018 tractatus
791 1954 935 2032 περὶ
977 1953 1361 2037 ποεότητοε,
1406 1973 1595 2038 quem
1641 1951 1812 2034 dixi,
1862 1952 2111 2016 dicatus
2158 1963 2277 2017 est.

603 2055 705 2119 Ex
748 2054 1129 2139 fragmentis
1186 2052 1426 2117 relictis
1482 2054 1908 2140 perspicimus
1955 2053 2403 2119 Herodianum
2459 2055 2862 2141 quaesivisse
2922 2056 3000 2120 de

431 2157 754 2244 scriptura
799 2178 916 2242 per
960 2162 991 2221 ἓ
1046 2164 1111 2220 et
1166 2159 1247 2220 ἇῑ.
1348 2155 1423 2218 F.
1470 2154 1863 2220 Biichelerus
1931 2155 1996 2219 in
2051 2155 2223 2220 MuS.
2280 2155 2485 2221 Rhen.
2532 2156 2670 2220 XX
2725 2158 2849 2221 302
2915 2182 2995 2222 ex

432 2260 765 2344 Aristoph.
811 2258 1032 2324 Nubb.
1079 2257 1205 2323 870
1249 2258 1388 2323 ἰδοὺ
1434 2258 1751 2342 κρέμαι’,
1808 2259 1898 2324 ὡς
1952 2259 2196 2336 ἠλίθιον
2243 2261 2594 2340 ἐφθέγξατο
2643 2262 2743 2324 καὶ
2798 2264 2996 2326 τοῖειν

431 2365 695 2442 χείλεειν
740 2362 1167 2440 διερρυηκόειν
1213 2382 1408 2446 quum
1453 2359 1904 2445 pronunciatio
1960 2383 2075 2446 per
2119 2358 2592 2446 diphthongum
2649 2383 2689 2424 a
2732 2362 2998 2427 Socrate

430 2464 808 2542 irrideatur,
857 2459 1306 2548 Sophistarum
1352 2462 1737 2525 auctoritate
1768 2460 2360 2547 monophthongam
2394 2462 2992 2547 pronunciationem

431 2563 785 2629 invaluisse
831 2562 1200 2645 contendit,
1250 2561 1510 2628 Curtius
1541 2585 1698 2628 vero
1730 2562 1796 2624 in
1828 2560 2347 2644 Erliiuterungen
2380 2586 2495 2626 zur
2527 2562 2991 2629 Griechisehcn

429 2665 1023 2751 Schulgrammatik
1066 2687 1129 2751 p.
1180 2664 1258 2728 19
1303 2664 1768 2750 diphthongum
1814 2665 1881 2727 in
1928 2662 2519 2747 monophthongum
2564 2664 2991 2730 Macedonum

428 2780 640 2834 aetate
683 2768 1022 2832 transiisse
1068 2767 1284 2832 sumit.
1347 2766 1473 2831 Sed
1520 2778 1664 2832 utut
1709 2777 1826 2846 est,
1874 2764 2235 2831 Herodiani
2283 2777 2495 2831 aetate
2541 2767 2990 2853 pronunciatio

429 2871 673 2938 vocalis
716 2876 750 2936 ἒ
796 2880 860 2935 et
903 2868 1286 2958 diphthongi
1329 2875 1392 2934 ᾱί
1436 2892 1563 2935 non
1595 2868 1857 2934 diversa
1897 2869 2051 2946 suit,
2098 2891 2297 2955 quare
2342 2892 2627 2933 summus
2670 2891 2988 2953 gramma-

428 2973 593 3037 ticus
648 2970 948 3039 vitiosae
982 2973 1343 3058 scripturae
1397 2972 1764 3058 praecipuis
1826 2969 2181 3034 canonibus
2242 2971 2787 3056 praevortendum
2846 2995 2988 3036 esse

424 3074 696 3140 censuit.
754 3076 833 3140 In
875 3095 1004 3138 uno
1051 3097 1133 3138 ex
1163 3072 1644 3159 orthographia
1688 3082 1944 3137 servato
1991 3070 2356 3155 fragmento
2390 3070 2709 3156 (Theogn.
2748 3074 2843 3154 12,
2876 3074 2985 3159 26)

425 3180 606 3257 χαίτη
651 3199 765 3264 per
810 3180 907 3269 (ᾗ,
954 3176 1020 3239 in
1064 3174 1191 3240 alio
1239 3199 1342 3262 ap.
1377 3175 1676 3240 Eustath.
1717 3174 1905 3253 1392,
1950 3173 2032 3236 23
2076 3178 2382 3254 γαιήοχος
2414 3198 2527 3260 per
2569 3182 2665 3261 αι,
2711 3183 2985 3257 γεοῦχοε

423 3302 542 3365 per
596 3285 626 3344 ἒ
690 3277 1105 3345 scribendum
1164 3301 1306 3342 esse
1363 3277 1704 3364 praecipit,
1764 3298 1869 3362 ap.
1928 3275 2144 3361 Steph.
2204 3276 2278 3341 B.
2330 3298 2380 3339 S.
2438 3278 2808 3358 Ἀβάκαινον
2866 3279 3023 3349 ῙιοοΚ

421 3404 658 3445 nomen
700 3403 816 3468 per
858 3387 926 3445 αῖ
970 3380 1263 3446 exhiberi
1308 3380 1493 3462 dicit,
1547 3401 1649 3464 ap.
1699 3378 1791 3442 Io.
1841 3377 2030 3442 Alex.
2083 3379 2193 3460 18,
2238 3378 2320 3442 23
2366 3382 2779 3465 pronunciat:
2840 3386 2984 3447 παῖ-

422 3490 530 3549 δε(
573 3486 819 3550 παίδων
867 3485 946 3550 οὐ
991 3487 1151 3564 πρὸ(
1207 3483 1713 3565 ἀντιδιαετολήν,
1760 3483 1848 3548 ὥς
1902 3504 2067 3548 τινε(
2122 3484 2452 3568 ἐνόμιεαν,
2509 3489 2624 3549 τοῦ
2679 3486 2742 3549 αἱ
2796 3489 2980 3551 πέδαι

418 3593 553 3651 τῶν
618 3592 836 3651 πεδῶν
893 3587 993 3651 ἐπὶ
1044 3595 1174 3651 τῶν
1232 3591 1499 3662 δεεμῶν·
1564 3584 1603 3661 ἡ
1669 3585 1791 3663 γὰρ
1846 3587 2061 3665 γραφὴ
2117 3588 2232 3665 τὴν
2289 3589 2624 3666 διαετολήν
2692 3593 2980 3653 ποιεῖται.

416 3692 613 3752 τοῦτο
667 3691 780 3768 μὲν
836 3690 958 3766 γὰρ
1012 3690 1085 3753 τὸ
1141 3687 1244 3751 ἐπὶ
1297 3693 1425 3751 τῶν
1484 3691 1725 3764 δεεμῶν
1781 3688 1884 3750 διὰ
1936 3691 2052 3751 τοῦ
2108 3692 2168 3763 ἒ,
2225 3689 2433 3752 ἐκεῖνο
2490 3691 2559 3752 δὲ
2617 3690 2721 3754 διὰ
2764 3695 2873 3768 τῆς
2918 3697 2981 3754 αι’

415 3790 792 3870 διφθόγγου.
855 3790 1070 3869 Quare
1117 3811 1242 3852 non
1288 3787 1551 3870 dubito,
1599 3787 1755 3873 quin
1799 3786 2117 3873 plurimae
2162 3787 2455 3872 regulae,
2503 3812 2668 3875 quae
2715 3792 2779 3853 iu
2811 3790 2978 3855 libro

412 3894 565 3970 περὶ
608 3893 960 3971 ποεότητοε
1004 3889 1084 3953 de
1129 3891 1450 3975 scriptura
1495 3912 1612 3976 per
1654 3894 1683 3954 ἒ
1730 3900 1792 3952 et
1838 3894 1900 3953 αι’
1956 3901 2436 3976 proponuntur,
2497 3914 2579 3956 ex
2623 3892 2976 3957 Herodiani

411 3991 899 4077 orthographia
941 3990 1268 4055 fluxerint.

585 4095 784 4158 Porro
841 4093 1257 4160 Herodianus
1313 4093 1750 4180 disceptabat,
1819 4103 2037 4157 utrum
2104 4095 2490 4159 vocabulum
2549 4096 2805 4183 aliquod
2864 4120 2979 4183 per

405 4222 466 4265 ει
512 4220 599 4261 an
641 4219 773 4312 per·
798 4202 820 4262 ἰ
863 4194 1278 4261 scribendum
1324 4207 1495 4259 esset
1552 4207 1615 4260 et
1671 4194 1861 4281 longe
1921 4198 2205 4261 maxima
2261 4221 2411 4283 pars
2469 4199 2973 4283 fragmentorum

402 4310 713 4365 versatur
755 4299 824 4361 in
868 4298 987 4361 hoc
1018 4298 1538 4384 Orthographiae
1582 4297 1756 4379 loce,
1804 4297 1915 4383 qui
1961 4301 2442 4385 propinquitate
2472 4323 2687 4411 rerum
2719 4312 2975 4387 praeter

402 4399 814 4467 Catholicam
859 4400 1054 4464 etiam
1100 4397 1335 4464 librum
1383 4403 1530 4480 περὶ
1570 4407 1794 4466 παθῶν
1842 4401 2124 4484 attingit.

578 4503 873 4568 Labente
917 4502 1292 4568 Graecitate
1348 4524 1541 4589 quum
1603 4504 1808 4565 omnis
1865 4503 2187 4568 vocalium
2233 4508 2269 4582 ἦ
2326 4512 2389 4567 et
2430 4509 2451 4569 ῑ
2508 4503 2851 4569 discrimen
2910 4506 2972 4569 in

399 4603 901 4692 pronunciando
949 4605 1042 4668 ita
1086 4606 1491 4686 evanuisset,
1540 4613 1611 4666 ut
1652 4626 1916 4690 prorsus
1961 4605 2027 4669 in
2086 4605 2358 4670 eundem
2418 4628 2641 4669 sonum
2698 4607 2970 4688 abirent,

395 4707 733 4771 maximae
778 4729 973 4770 curae
1018 4707 1355 4795 Byzantiis
1401 4706 1844 4791 grammaticis
1890 4706 2045 4787 fuit,
2090 4717 2191 4789 ut,
2238 4718 2385 4772 utla
2428 4706 2633 4772 vocali
2681 4730 2971 4795 quaeque

396 4807 700 4897 syllaba,
778 4809 846 4871 in
912 4832 1042 4896 qua
1115 4812 1153 4889 ἦ
1223 4809 1327 4873 vel
1398 4813 1420 4874 ῑ
1489 4810 1726 4897 inerat,
1802 4809 2150 4874 scribenda
2223 4820 2430 4891 esset,
2504 4810 2966 4899 praeciperent.
