3664 5546
1180 352 1339 408 ΠΕΡΙ
1378 351 1770 408 ΚΑΘΟΛΙΚΗΕ
1806 352 2230 408 ΠΡΟΕΩιΔΙΑΕ
2273 354 2321 407 Γ.
2969 352 3054 418 65

629 527 722 591 Τὰ
767 527 855 591 εἰς
899 527 974 604 ἧς
1018 525 1335 591 ἐπιθετικὰ
1379 526 1724 607 διςύλλαβα
1783 526 1873 591 εἰς
1928 527 2045 593 οἰῖς
2096 527 2216 605 τὴν
2270 526 2528 603 γενικὴν
2582 529 2898 590 ποιοῦντα
2952 526 3055 589 καὶ

461 630 542 708 μὴ
587 628 878 693 παθόντα
921 630 1245 706 ςυγκοπὴν
1278 628 1599 711 ὀξύνεται,
1646 629 1978 712 ψευδής,
2021 626 2354 708 πρηνής,
2398 627 2614 709 ζαής,
2658 626 2881 709 ἁλής,
2927 647 3052 691 ςα-

461 731 643 813 φής,
699 730 1034 811 πρυλής,
1089 730 1427 812 φραδής,
1487 730 1757 808 νωθής.
1844 731 1922 795 τὸ
1967 732 2041 794 δὲ
2095 730 2397 808 πλήρης
2455 729 2824 810 βαρύνεται,
2877 731 3052 793 πλει-

460 833 617 911 ήρης
659 832 814 914 γάρ,
864 832 954 896 ὡς
998 833 1369 914 ξιφήρης,
1413 832 1801 910 ὀλιγήρης.
1890 853 1993 896 και
2037 833 2114 895 τὸ
2158 831 2380 911 Αρης
2424 833 2662 954 κύριον.
2844 850 2859 859 ’

629 934 723 998 Τὰ
765 934 855 997 εἰς
898 953 974 1011 ης
1018 934 1361 1013 διςύλλαβα
1403 934 1588 1012 κύρια
1633 933 1874 1012 ἔχοντα
1920 936 1957 998 ὖ
2002 934 2073 998 ἑν
2116 939 2194 1017 τῇ
2248 934 2706 1017 παραληγούςῃ
2750 935 3050 1024 περιςπᾶ-
3080 948 3113 999 5

459 1057 591 1120 ται,
638 1037 884 1118 Μυῆς,
930 1035 1170 1118 Θυῆς,
1220 1036 1438 1113 Κυῆς·
1486 1035 1821 1116 βαρύνεται
1868 1037 1940 1099 δὲ
1983 1036 2059 1100 τὸ
2106 1034 2387 1118 Βρύης,
2437 1036 2662 1117 Κύης,
2709 1013 2896 1113 Γύης
2940 1056 3052 1104 πε-

462 1138 932 1218 ριττοςύλλαβα.
1003 1138 1081 1202 τὸ
1126 1139 1318 1217 γύης
1365 1140 1434 1201 δὲ
1480 1137 1560 1202 οὐ
1605 1137 1859 1220 κύριον,
1905 1137 2034 1202 ἔςτι
2079 1139 2149 1201 δὲ
2192 1137 2425 1216 μέτρον
2470 1159 2528 1201 τι
2557 1141 2673 1215 γῆς
2716 1139 2818 1201 καὶ
2861 1138 3055 1216 μέρος

461 1240 741 1319 ἀρότρου
786 1240 944 1304 κατὰ
988 1239 1300 1304 Ἡςίοδον.
2122 1269 2126 1273 Α

629 1342 723 1406 Τὰ
768 1342 856 1406 εἰς
900 1345 975 1419 ῆῖ
1033 1341 1217 1419 κύρια
1260 1341 1392 1406 ἀπὸ
1447 1341 1894 1421 ἐντελεςτὲρου
1951 1346 2358 1426 περιςπᾶται,
2422 1341 2711 1425 Ἑρμῆς,
2768 1342 3053 1424 Θαλῆς,

459 1446 753 1526 Πυλῆς,
798 1444 1063 1522 Ποδῆς
1108 1443 1145 1507 ὁ
1191 1444 1350 1522 παρ’
1381 1444 1646 1529 Ὁμήρῳ
1691 1444 1770 1526 (Ρ
1797 1443 1975 1526 590),
2020 1443 2315 1527 φαλῆς,
2366 1445 2664 1527 Κιςςῆς,
2711 1443 2980 1523 (ωςῆς.
3044 1487 3049 1506 .
3096 1453 3158 1505 10

627 1566 665 1602 x·
714 1545 808 1610 Τὰ
872 1547 1049 1624 παρὰ
1113 1547 1189 1610 τὸ
1257 1545 1356 1610 ἄω
1430 1545 1839 1626 ςυντιθέμενα
1909 1547 2012 1610 καὶ
2085 1546 2173 1611 εἰς
2244 1551 2320 1626 {sc
2379 1547 2691 1624 λήγοντα
2733 1545 3055 1628 ὀξύνεται,

460 1648 782 1729 ἀκραής,
827 1646 1145 1729 δυςαής,
1189 1647 1554 1728 ὑπεραής.

628 1751 721 1815 Τὰ
774 1750 950 1829 παρὰ
1001 1750 1077 1813 τό
1135 1750 1322 1815 κλέος
1375 1749 1631 1815 ἐπίθετα
1691 1749 1853 1817 ὄντα
1921 1750 2245 1832 ὀξύνεται,
2311 1750 2673 1833 εὐκλεής,
2738 1750 3055 1832 ἀκλεής,

461 1852 851 1930 δυ’ςκλεής.
936 1851 1121 1930 κύρια
1177 1853 1249 1915 δὲ
1305 1851 1464 1917 ὄντα
1518 1853 1590 1916 ἐν
1648 1854 1763 1931 μὲν
1820 1858 1898 1935 τῇ
1955 1851 2239 1937 ἐντελείᾳ
2296 1853 2663 1934 βαρύνεται,
2706 1843 2800 1918 Δἑν
2856 1855 2927 1916 δὲ
2980 1859 3056 1936 τῇ

461 1955 806 2033 ςυναιρέςει
851 1956 1253 2038 περιςπᾶται,
1300 1953 1751 2038 Ἡρακλέης,
1800 1955 2203 2038 Ἡρακλῆς,
2261 1953 2603 2036 (ωκλῆς,
2657 1955 3055 2036 Προκλῆς,
3095 1963 3157 2014 15

461 2055 883 2135 (οφοκλῆς.
953 2055 1043 2119 ὡς
1087 2057 1191 2120 καὶ
1232 2057 1312 2120 τὰ
1355 2056 1445 2121 εἰς
1491 2060 1600 2120 ἑᾶς
1652 2057 2061 2137 Ἀρτεμέας
2112 2057 2509 2140 Ἀρτεμῆς,
2557 2056 2862 2121 Θαλέας
2908 2057 3052 2120 Θα-

459 2161 623 2240 λῆς,
670 2157 1084 2221 Ἀπελλέας
1129 2158 1522 2237 Ἀπελλῆς.

627 2260 720 2324 Τὰ
763 2259 852 2325 εἰς
895 2261 970 2338 ῆὲ
1024 2259 1156 2325 ἀπὸ
1210 2265 1341 2325 τῶν
1398 2261 1486 2325 εἰς
1542 2264 1676 2340 ηἐῖῐ
1731 2266 2193 2344 περιςπῶνται,
2248 2266 2467 2340 τιμῆς
2526 2264 2747 2341 «τιμῆς
2804 2260 3051 2326 ἔςεται»
3130 2249 3135 2255 ’

458 2362 504 2443 (Ι
551 2357 706 2442 605)
763 2360 971 2425 οὕτως
1029 2363 1131 2425 καὶ
1189 2363 1306 2440 τὴν
1361 2363 1707 2443 αἰτιατικὴν
1774 2362 1919 2427 εἶπε
1987 2365 2132 2427 «καὶ
2196 2363 2434 2442 χρυςόν
2497 2366 2798 2465 τιμῆντα»
2854 2360 3055 2444 (11.c

455 2463 626 2544 475).
713 2483 882 2528 τινες
937 2464 1052 2542 μὲν
1107 2464 1185 2528 τό
1238 2468 1417 2562 τιμῆς
1476 2467 1567 2532 ὡς
1622 2465 1753 2530 ἀπὸ
1808 2469 1927 2529 τοῦ
1982 2466 2219 2545 τιμήεις
2277 2466 2381 2529 διὰ
2435 2469 2554 2529 τοῦ
2607 2487 2626 2528 ι
2679 2459 3054 2545 γράφουςιν.
3088 2474 3158 2525 20

459 2565 625 2630 ἀλλὰ
671 2565 869 2641 λόγος
912 2564 1111 2648 ἐςτίν,
1169 2565 1259 2630 ὡς
1313 2569 1486 2631 πᾶςα
1539 2568 1757 2632 εὐθεῖα
1813 2566 2149 2645 ἀρςενικοῦ
2205 2566 2525 2645 ὀνόματος
2581 2566 2650 2633 ἐν
2704 2574 2782 2651 τῇ
2839 2569 3051 2632 τελευ-

459 2669 602 2752 ταίᾳ
647 2669 768 2732 δύο
813 2667 1049 2745 ἔχουςα
1093 2668 1440 2748 φωνήεντα
1483 2673 1682 2733 ταῦτα
1728 2670 2012 2749 ἑκφωνεῖ
2054 2669 2249 2748 χωρὶς
2292 2673 2410 2733 τοῦ
2456 2670 2644 2752 Θρᾷξ.
2695 2670 2797 2733 καὶ
2840 2669 3056 2734 ἄλλως

462 2771 523 2835 οἱ
566 2734 850 2849 ιΔωριεῖς
894 2768 1050 2834 ἄνευ
1093 2773 1211 2834 τοῦ
1261 2773 1293 2835 ἶ
1338 2742 1782 2852 προφέρονται
1838 2776 2052 2851 τιμῆες
2107 2771 2321 2851 χαρίες
2375 2770 2671 2851 αἱματόες
2726 2772 2830 2836 καὶ
2873 2772 3052 2851 ἡμεῖς

462 2874 694 2938 λοιπὸν
760 2873 1089 2950 προςθέςει
1168 2876 1287 2937 τοῦ
1349 2877 1381 2936 ἰ’
1446 2874 1802 2954 γράφομεν.
1879 2878 2194 2957 τεχνῆς,
2261 2878 2595 2957 δαφνῆς,
2662 2878 3051 2957 φθογγῆς,

461 2978 763 3056 ςθενῆς,
811 2977 1138 3057 λαχνῆς,
1181 2979 1502 3058 ζαχρῆς,
1547 2976 1805 3055 ἀργῆς.
1891 2977 1967 3041 τὸ
2013 2978 2084 3041 δὲ
2132 2976 2610 3056 «ὑψιπέτης»
2657 2973 2765 3058 (ll.
2801 2975 3052 3057 Μ202)
3086 2985 3153 3035 25

461 3076 863 3155 Ἀρίςταρχος
906 3076 1215 3158 ἐβάρυνεν
1246 3078 1458 3157 εὑρὼν
1487 3079 1565 3143 τό
1599 3078 1938 3143 «ὠκυπέτα
1969 3079 2300 3163 χρυςέῃςιν
2331 3078 2680 3163 ἐθείρῃςιν»
2713 3076 2822 3160 (11.
2855 3079 2908 3142 Θ
2938 3075 3052 3159 42)

461 3180 666 3244 οὕτως
709 3179 1080 3259 κεκλιμένον
1119 3180 1269 3243 ὡςεὶ
1308 3181 1410 3243 καὶ
1454 3179 1586 3245 ἀπὸ
1628 3184 1746 3244 τοῦ
1789 3182 2225 3261 παντοπώλης
2254 3182 2671 3247 παντοπῶλα.
2717 3180 3051 3260 πρόδηλον

460 3435 612 3486 Pros,
649 3432 707 3486 Π
738 3434 1058 3485 44.1.2
1096 3434 1161 3486 de
1197 3435 1331 3502 Ζαής
1370 3437 1443 3486 ef.
1480 3437 1659 3487 Lehrs
1697 3453 1747 3502 q.
1784 3454 1872 3503 e.p
1914 3439 2012 3488 154
2046 3437 2190 3500 noti,
2229 3440 2323 3503 qui
2357 3437 2563 3488 ibidem
2598 3434 2739 3501 ἁλής
2779 3452 2874 3501 pro
2909 3432 3048 3500 ἀλής

462 3502 810 3553 scribendum
853 3505 1082 3553 monuit.
1151 3503 1332 3569 ςαφής
1367 3531 1433 3539 -—-
1470 3503 1689 3569 φραδής
1735 3505 1926 3555 addidi
1973 3522 2040 3555 ex
2077 3506 2142 3556 11.
2176 3474 2270 3556 ’Pr.
2309 3502 2346 3557 Ε
2382 3510 2430 3556 9.
2503 3505 2570 3555 de
2608 3503 2794 3569 πρυλὴ
2798 3518 2825 3556 ς
2864 3504 3047 3555 Schol.

461 3572 507 3622 L
544 3571 616 3622 ad
652 3569 690 3622 Ε
726 3572 825 3621 744
867 3569 1188 3634 πρυλέεςς’;
1238 3572 1274 3635 ή
1314 3570 1503 3623 εὐθεῖα
1548 3572 1771 3635 πρύλις·
1819 3573 1852 3624 ὁ
1897 3572 1959 3624 δὲ
1996 3572 2339 3638 Ἡρωδιανὸς
2385 3572 2672 3625 ὀξυτόνως
2718 3570 2923 3637 γράφει
2968 3571 3048 3623 ὠς

462 3639 549 3688 καὶ
581 3636 633 3689 οἱ
671 3635 889 3689 πολλοί.
961 3638 1051 3689 καὶ
1088 3637 1334 3690 κλίνεται
1372 3642 1683 3692 κανονικῶς
1721 3640 1964 3705 πρυλέος
2002 3643 2268 3706 πρυλοῦς.
2317 3640 2407 3691 καὶ
2444 3640 2592 3692 ἔςτιν
2628 3639 3046 3704 ἀςφαλέςτερον

459 3709 647 3757 τοῦτο.
694 3705 809 3757 ἀπὸ
844 3709 986 3768 γοῦν
1009 3709 1113 3757 τοῦ
1151 3707 1350 3771 πρύλις
1386 3708 1627 3773 πρύλεες
1664 3708 1915 3772 ὠφειλεν
1938 3708 2084 3760 εἶναι
2120 3708 2199 3760 ὡς
2225 3709 2412 3772 ὅφεες.
2438 3737 2502 3743 -—
2529 3707 2719 3773 νωθής
2747 3725 2813 3757 ex
2841 3709 3047 3759 Herod.

461 3776 560 3824 Au.
596 3776 696 3825 Ox.
732 3775 810 3825 IV
844 3777 1084 3838 336317.
1158 3774 1427 3840 πλειήρης
1463 3777 1663 3842 scripsi
1700 3793 1823 3827 cum
1860 3778 2094 3828 Lehrsio
2132 3794 2182 3843 q.
2208 3794 2293 3843 ep.
2325 3780 2436 3841 156,
2474 3779 2613 3829 Lob.
2656 3778 2739 3827 ΕΙ.
2778 3778 2805 3826 1
2841 3780 2941 3827 339
2980 3793 3048 3826 ex

460 3840 710 3907 πλεήρης
747 3843 931 3906 potius
968 3848 1313 3893 contractum
1352 3850 1532 3908 putat,
1572 3845 1726 3895 codd.
1762 3844 2037 3910 πληήρης.
2195 3845 2231 3895 l.
2271 3849 2303 3896 6
2344 3843 2481 3909 Γύης
2519 3844 2707 3894 addidi
2743 3861 2811 3893 ex
2849 3845 3046 3894 Choer.

458 3913 545 3969 44,
584 3916 645 3971 3·
684 3908 826 3975 γύης
861 3910 1079 3975 explevi
1116 3927 1182 3960 ex
1221 3912 1410 3962 eodem
1444 3915 1530 3975 44,
1569 3916 1629 3964 31
1671 3921 1728 3963 et
1759 3917 1844 3973 47,
1887 3920 1966 3965 16.
2120 3914 2158 3967 l.
2199 3917 2262 3964 10
2296 3911 2488 3977 Ποδῆς
2527 3913 2744 3978 explevi
2783 3929 2851 3961 ex
2887 3914 3044 3962 Eust.

461 3981 737 4035 1951‚13:
775 3976 968 4029 ὅτιτὸ
1007 3977 1203 4043 “ρΕμῆς
1239 3977 1355 4030 ἀπὸ
1391 3976 1638 4043 κράςεως
1685 3980 1799 4045 ἔχει
1843 3981 1914 4031 τὸ
1960 3983 2324 4046 περιςπᾶςθαι
2367 3980 2528 4047 δηλοῖ
2575 3979 2667 4030 καὶ
2706 3978 3047 4043 Ηρωδιανὸς

460 4044 745 4131 παραδοὺς
782 4044 870 4097 ὅτι
907 4044 986 4097 ὡς
1027 3993 1333 4099 Ἀρπελλέας
1372 4046 1649 4100 Ἀπελλς
1663 4047 1930 4112 ,Θαλέας
1969 4049 2158 4114 Θαλῆς
2193 4049 2226 4100 ὁ
2264 4047 2559 4113 Μιλήςιος,
2598 4045 2819 4099 Ποὸέας
2854 4046 3047 4112 Ποδῆς

460 4114 493 4165 ὁ
528 4113 671 4179 παρ’
707 4113 963 4181 Ὁμήρῳ,
1001 4113 1157 4165 οὕτω
1195 4115 1286 4167 καὶ
1323 4114 1588 4180 ΗΕρμέας
1629 4119 1786 4181 ρμῆς.
1844 4115 2036 4182 Ποδῆς
2063 4118 2233 4167 habet
2259 4133 2327 4167 ex
2354 4117 2557 4167 Herod.
2586 4117 2753 4165 etiam
2778 4116 3048 4166 Priscian.

459 4184 534 4234 vl
571 4185 654 4235 60.
726 4166 919 4248 Φαλῆς
954 4184 1195 4235 accessit
1229 4201 1297 4234 ex
1333 4185 1401 4234 11.
1439 4187 1529 4235 Pr.
1569 4183 1615 4236 O
1653 4188 1774 4249 302,
1816 4182 2007 4250 Κιςςῆς
2045 4202 2112 4236 ex
2147 4185 2215 4235 11.
2241 4184 2330 4234 Pr.
2356 4182 2401 4236 Λ
2424 4187 2550 4235 223:
2593 4182 2782 4248 Κιςςῆς
2821 4181 2900 4234 ὡς
2936 4181 3049 4247 ‘Ep-

459 4253 587 4316 μῆς·
635 4249 727 4301 καὶ
773 4249 994 4316 μήποτε
1039 4249 1192 4316 παρὰ
1236 4250 1307 4303 τὸ
1347 4249 1532 4303 Κιςςός
1579 4251 1812 4315 ἐγένετο
1850 4250 2069 4304 Κιςςέας
2124 4252 2216 4303 καὶ
2260 4250 2404 4303 κατὰ
2447 4250 2794 4315 ςυναλοιφὴν
2842 4249 3045 4334 Κιςςῆς.

460 4316 652 4384 (ωςῆς
689 4335 757 4369 ex
794 4320 990 4370 Choer.
1027 4322 1145 4377 214,
1182 4322 1249 4371 26
1285 4325 1343 4369 et
1376 4322 1460 4379 46,
1497 4323 1580 4371 34.
1699 4321 1734 4370 l.
1775 4323 1832 4370 11
1874 4321 1967 4371 hic
2004 4337 2273 4371 canonem
2310 4320 2379 4369 de
2417 4320 2706 4371 vocabulis
2743 4321 2800 4369 in
2834 4316 2941 4383 αής
2979 4335 3046 4368 ex
3158 4371 3165 4377 ,

458 4387 524 4443 11.
560 4388 651 4442 Pr.
690 4385 735 4438 Λ
771 4389 870 4437 297
908 4388 1131 4438 inserui.
1236 4389 1271 4438 l.
1311 4391 1392 4439 15
1410 4386 1641 4452 (ωκλῆς
1677 4387 1944 4453 Προκλῆς
1980 4389 2171 4439 addidi
2210 4404 2276 4438 ex
2313 4387 2511 4442 Choer.
2536 4391 2622 4451 45,
2662 4390 2710 4449 7,
2749 4384 3046 4451 (οφοκλῆς

460 4472 527 4504 ex
562 4456 644 4510 Io,
682 4453 767 4504 Al.
805 4457 855 4518 8,
891 4458 973 4506 26.
1183 4457 1219 4506 l.
1261 4458 1322 4505 16
1359 4453 1438 4507 ὡς
1475 4457 1710 4519 inserui,
1760 4472 1925 4521 quum
1968 4460 2189 4507 nomina
2235 4457 2291 4506 in
2332 4468 2428 4507 εας
2474 4456 2544 4506 ad
2583 4458 3047 4520 comparationem

353 4572 360 4583 ,
458 4523 847 4585 adhibeantur,
885 4521 1101 4576 Θαλέας
1137 4551 1203 4559 -·
1241 4522 1518 4588 Ἀπελλῆς
1554 4540 1622 4573 ex
1657 4524 1917 4575 Eustath.
1956 4525 1991 4575 1.
2031 4542 2077 4579 e.
2117 4525 2340 4575 adiecta
2375 4531 2522 4575 sunt.
2729 4523 2764 4573 l.
2803 4525 2867 4573 18
2904 4538 3045 4587 quae

460 4591 530 4641 ad
564 4592 729 4655 τιμῆς
765 4591 979 4649 addidi.
1018 4598 1147 4643 sunt
1184 4606 1250 4643 ex
1285 4592 1352 4642 ΙΙ.
1388 4593 1475 4644 Pr.
1505 4591 1518 4643 Ι
1556 4594 1683 4655 605,
1723 4609 1790 4642 ex
1828 4608 1934 4658 quo
1985 4594 2106 4642 loco
2146 4593 2305 4642 omisi
2352 4608 2491 4657 quae
2531 4592 2603 4641 ad
2638 4591 2783 4641 hunc
2822 4606 3044 4641 causam

458 4675 566 4749 npn
603 4660 883 4724 pertinent
922 4661 995 4712 cf.
1033 4661 1231 4711 Choer.
1265 4661 1415 4743 piet.
1451 4663 1570 4723 243,
1608 4631 1690 4711 25⁹.
1848 4660 1882 4711 l.
1918 4663 1984 4710 22
2021 4660 2112 4711 καὶ
2147 4659 2337 4711 ἄλλως
2373 4688 2439 4695 —-
2474 4658 2768 4724 γράφομεν
2803 4658 2839 4707 l.
2875 4661 2941 4708 24
2978 4675 3045 4708 ex

453 4728 2016 4916 ,ΞᾶοξὲῑῑὲἷέἓξξῖρΐῆῙέἒ.ἓξξιὲζίὃ,ξῖἐ’ἳὲιῃῖῧῗὲἓ..135
2058 4729 2218 4847 13ὲέ·
2236 4732 2321 4848 ἓξ
2342 4730 2722 4860 363321.ῇέ
2756 4726 2956 4859 {24:1⁸}
2975 4728 3046 4843 ..ἒ

497 4879 618 4913 nem
653 4878 880 4913 eunome
917 4880 986 4914 ex
1073 4901 1085 4912 .
1171 4881 1212 4914 r.
1414 4880 1427 4890 ·

529 4980 906 5017 Βιηιοωᾼιινε.
942 4964 990 5015 I.
2597 4946 2641 5011 5
