<?xml version="1.0" encoding="UTF-8"?>
<!DOCTYPE html PUBLIC "-//W3C//DTD XHTML 1.0 Transitional//EN"
    "http://www.w3.org/TR/xhtml1/DTD/xhtml1-transitional.dtd">
<html xmlns="http://www.w3.org/1999/xhtml" xml:lang="en" lang="en">
 <head>
  <title>
</title>
<meta http-equiv="Content-Type" content="text/html;charset=utf-8" />
  <meta name='ocr-system' content='tesseract 3.04.00' />
  <meta name='ocr-capabilities' content='ocr_page ocr_carea ocr_par ocr_line ocrx_word'/>
</head>
<body>
  <div class='ocr_page' id='page_1' title='image "./grammaticigraec02unkngoog_0048.png"; bbox 0 0 3664 5546; ppageno 0'>
   <div class='ocr_carea' id='block_1_1' title="bbox 369 684 555 724">
    <p class='ocr_par' dir='ltr' id='par_1_1' title="bbox 369 684 555 724">
     <span class='ocr_line' id='line_1_1' title="bbox 369 684 555 724; baseline 0.005 -2"><span class='ocrx_word' id='word_1_1' title='bbox 369 684 410 724; x_wconf 76' lang='lat' dir='ltr'><strong>F.</strong></span> <span class='ocrx_word' id='word_1_2' title='bbox 444 687 495 724; x_wconf 80' lang='lat'><strong>58</strong></span> <span class='ocrx_word' id='word_1_3' title='bbox 522 697 555 724; x_wconf 90' lang='lat' dir='ltr'><strong>r.</strong></span> 
     </span>
    </p>
   </div>
   <div class='ocr_carea' id='block_1_2' title="bbox 401 751 548 791">
    <p class='ocr_par' dir='ltr' id='par_1_2' title="bbox 401 751 548 791">
     <span class='ocr_line' id='line_1_2' title="bbox 401 751 548 791; baseline 0.02 -3"><span class='ocrx_word' id='word_1_4' title='bbox 401 751 481 790; x_wconf 63' lang='lat' dir='ltr'><strong>col.</strong></span> <span class='ocrx_word' id='word_1_5' title='bbox 510 764 548 791; x_wconf 77' lang='lat' dir='ltr'><strong>a.</strong></span> 
     </span>
    </p>
   </div>
   <div class='ocr_carea' id='block_1_3' title="bbox 398 3725 548 3765">
    <p class='ocr_par' dir='ltr' id='par_1_3' title="bbox 398 3725 548 3765">
     <span class='ocr_line' id='line_1_3' title="bbox 398 3725 548 3765; baseline -0.007 -1"><span class='ocrx_word' id='word_1_6' title='bbox 398 3725 476 3765; x_wconf 78' lang='lat' dir='ltr'><strong>col.</strong></span> <span class='ocrx_word' id='word_1_7' title='bbox 508 3728 548 3765; x_wconf 78' lang='lat' dir='ltr'><strong>b.</strong></span> 
     </span>
    </p>
   </div>
   <div class='ocr_carea' id='block_1_4' title="bbox 631 396 2130 445">
    <p class='ocr_par' dir='ltr' id='par_1_4' title="bbox 631 396 2130 445">
     <span class='ocr_line' id='line_1_4' title="bbox 631 396 2130 445; baseline 0.002 -3"><span class='ocrx_word' id='word_1_8' title='bbox 631 396 880 444; x_wconf 73' lang='lat' dir='ltr'><strong>xxxxu</strong></span> <span class='ocrx_word' id='word_1_9' title='bbox 1711 397 2130 445; x_wconf 78' lang='lat' dir='ltr'><strong>PRAEFATIO·</strong></span> 
     </span>
    </p>
   </div>
   <div class='ocr_carea' id='block_1_5' title="bbox 626 550 3210 1553">
    <p class='ocr_par' dir='ltr' id='par_1_5' title="bbox 626 550 3210 1553">
     <span class='ocr_line' id='line_1_5' title="bbox 628 550 3206 638; baseline -0.002 -22"><span class='ocrx_word' id='word_1_10' title='bbox 628 551 914 616; x_wconf 90' lang='lat' dir='ltr'><strong>omnium</strong></span> <span class='ocrx_word' id='word_1_11' title='bbox 957 573 1176 616; x_wconf 92' lang='lat' dir='ltr'><strong>rerum</strong></span> <span class='ocrx_word' id='word_1_12' title='bbox 1222 552 1410 617; x_wconf 84' lang='lat' dir='ltr'><strong>initia</strong></span> <span class='ocrx_word' id='word_1_13' title='bbox 1441 573 1695 638; x_wconf 80' lang='lat' dir='ltr'>semper</span> <span class='ocrx_word' id='word_1_14' title='bbox 1725 552 2009 617; x_wconf 89' lang='lat' dir='ltr'><strong>obscura</strong></span> <span class='ocrx_word' id='word_1_15' title='bbox 2054 552 2218 635; x_wconf 80' lang='lat' dir='ltr'><strong>sint3</strong></span> <span class='ocrx_word' id='word_1_16' title='bbox 2264 550 2447 631; x_wconf 90' lang='lat' dir='ltr'><strong>dein,</strong></span> <span class='ocrx_word' id='word_1_17' title='bbox 2494 550 2671 636; x_wconf 90' lang='lat' dir='ltr'><strong>quod</strong></span> <span class='ocrx_word' id='word_1_18' title='bbox 2703 572 2892 614; x_wconf 90' lang='lat' dir='ltr'><strong>omne</strong></span> <span class='ocrx_word' id='word_1_19' title='bbox 2922 550 3206 615; x_wconf 90' lang='lat' dir='ltr'><strong>medium</strong></span> 
     </span>
     <span class='ocr_line' id='line_1_6' title="bbox 628 651 3207 740; baseline -0.001 -24"><span class='ocrx_word' id='word_1_20' title='bbox 628 654 693 718; x_wconf 91' lang='lat' dir='ltr'><strong>in</strong></span> <span class='ocrx_word' id='word_1_21' title='bbox 733 655 1030 737; x_wconf 87' lang='lat' dir='ltr'><strong>angustis</strong></span> <span class='ocrx_word' id='word_1_22' title='bbox 1060 677 1187 719; x_wconf 91' lang='lat' dir='ltr'><strong>non</strong></span> <span class='ocrx_word' id='word_1_23' title='bbox 1219 652 1522 718; x_wconf 88' lang='lat' dir='ltr'><strong>videatur</strong></span> <span class='ocrx_word' id='word_1_24' title='bbox 1537 700 1556 734; x_wconf 99' lang='lat'><strong>,</strong></span> <span class='ocrx_word' id='word_1_25' title='bbox 1588 663 1661 718; x_wconf 91' lang='lat' dir='ltr'><strong>ut</strong></span> <span class='ocrx_word' id='word_1_26' title='bbox 1688 664 1999 740; x_wconf 90' lang='lat' dir='ltr'><strong>punctum</strong></span> <span class='ocrx_word' id='word_1_27' title='bbox 2029 654 2098 717; x_wconf 92' lang='lat' dir='ltr'><strong>in</strong></span> <span class='ocrx_word' id='word_1_28' title='bbox 2127 652 2426 739; x_wconf 88' lang='lat' dir='ltr'><strong>quamvis</strong></span> <span class='ocrx_word' id='word_1_29' title='bbox 2456 673 2694 736; x_wconf 86' lang='lat' dir='ltr'><strong>magno</strong></span> <span class='ocrx_word' id='word_1_30' title='bbox 2725 653 2908 724; x_wconf 90' lang='lat' dir='ltr'><strong>orbe,</strong></span> <span class='ocrx_word' id='word_1_31' title='bbox 2954 651 2987 690; x_wconf 88' lang='grc'>*</span> <span class='ocrx_word' id='word_1_32' title='bbox 3018 673 3207 737; x_wconf 88' lang='lat' dir='ltr'><strong>quem</strong></span> 
     </span>
     <span class='ocr_line' id='line_1_7' title="bbox 627 753 3209 841; baseline -0.002 -21"><span class='ocrx_word' id='word_1_33' title='bbox 627 765 865 820; x_wconf 88' lang='lat' dir='ltr'><strong>vocant</strong></span> <span class='ocrx_word' id='word_1_34' title='bbox 909 757 1211 837; x_wconf 81' lang='grc' dir='ltr'>κέντρον;</span> <span class='ocrx_word' id='word_1_35' title='bbox 1257 753 1505 819; x_wconf 90' lang='lat' dir='ltr'><strong>nullum</strong></span> <span class='ocrx_word' id='word_1_36' title='bbox 1550 777 1693 819; x_wconf 88' lang='lat' dir='ltr'><strong>esse</strong></span> <span class='ocrx_word' id='word_1_37' title='bbox 1722 776 1992 841; x_wconf 88' lang='lat' dir='ltr'><strong>corpus,</strong></span> <span class='ocrx_word' id='word_1_38' title='bbox 2038 754 2151 819; x_wconf 91' lang='lat' dir='ltr'><strong>ubi</strong></span> <span class='ocrx_word' id='word_1_39' title='bbox 2182 775 2311 819; x_wconf 92' lang='lat' dir='ltr'><strong>non</strong></span> <span class='ocrx_word' id='word_1_40' title='bbox 2355 754 2441 819; x_wconf 88' lang='lat' dir='ltr'><strong>sit</strong></span> <span class='ocrx_word' id='word_1_41' title='bbox 2479 753 2798 834; x_wconf 88' lang='lat' dir='ltr'><strong>medium,</strong></span> <span class='ocrx_word' id='word_1_42' title='bbox 2846 765 2910 818; x_wconf 86' lang='lat' dir='ltr'><strong>et</strong></span> <span class='ocrx_word' id='word_1_43' title='bbox 2954 775 3209 818; x_wconf 89' lang='lat' dir='ltr'><strong>omnem</strong></span> 
     </span>
     <span class='ocr_line' id='line_1_8' title="bbox 628 855 3208 942; baseline -0.002 -20"><span class='ocrx_word' id='word_1_44' title='bbox 628 879 855 924; x_wconf 88' lang='lat' dir='ltr'><strong>vocem</strong></span> <span class='ocrx_word' id='word_1_45' title='bbox 898 878 1132 942; x_wconf 90' lang='lat' dir='ltr'><strong>corpus</strong></span> <span class='ocrx_word' id='word_1_46' title='bbox 1179 878 1352 939; x_wconf 84' lang='lat' dir='ltr'><strong>esse3</strong></span> <span class='ocrx_word' id='word_1_47' title='bbox 1397 878 1651 921; x_wconf 89' lang='lat' dir='ltr'><strong>omnem</strong></span> <span class='ocrx_word' id='word_1_48' title='bbox 1696 857 1901 940; x_wconf 88' lang='lat' dir='ltr'><strong>igitur</strong></span> <span class='ocrx_word' id='word_1_49' title='bbox 1931 878 2158 922; x_wconf 86' lang='lat' dir='ltr'><strong>vocem</strong></span> <span class='ocrx_word' id='word_1_50' title='bbox 2200 855 2486 921; x_wconf 90' lang='lat' dir='ltr'><strong>medium</strong></span> <span class='ocrx_word' id='word_1_51' title='bbox 2514 855 2788 937; x_wconf 82' lang='lat' dir='ltr'><strong>habere3</strong></span> <span class='ocrx_word' id='word_1_52' title='bbox 2833 855 3008 941; x_wconf 91' lang='lat' dir='ltr'><strong>quod</strong></span> <span class='ocrx_word' id='word_1_53' title='bbox 3039 855 3208 918; x_wconf 90' lang='lat' dir='ltr'><strong>enim</strong></span> 
     </span>
     <span class='ocr_line' id='line_1_9' title="bbox 626 953 3208 1045; baseline -0.002 -21"><span class='ocrx_word' id='word_1_54' title='bbox 626 959 773 1024; x_wconf 86' lang='lat' dir='ltr'><strong>fluit</strong></span> <span class='ocrx_word' id='word_1_55' title='bbox 828 958 1165 1038; x_wconf 86' lang='lat' dir='ltr'><strong>deorsum,</strong></span> <span class='ocrx_word' id='word_1_56' title='bbox 1229 959 1409 1045; x_wconf 89' lang='lat' dir='ltr'><strong>prius</strong></span> <span class='ocrx_word' id='word_1_57' title='bbox 1465 958 1532 1021; x_wconf 94' lang='lat' dir='ltr'><strong>in</strong></span> <span class='ocrx_word' id='word_1_58' title='bbox 1588 956 1876 1022; x_wconf 88' lang='lat' dir='ltr'><strong>medium</strong></span> <span class='ocrx_word' id='word_1_59' title='bbox 1949 957 2327 1040; x_wconf 77' lang='lat' dir='ltr'><strong>succedere,</strong></span> <span class='ocrx_word' id='word_1_60' title='bbox 2393 979 2588 1045; x_wconf 87' lang='lat' dir='ltr'><strong>quam</strong></span> <span class='ocrx_word' id='word_1_61' title='bbox 2645 953 2862 1022; x_wconf 86' lang='lat' dir='ltr'><strong>evolet</strong></span> <span class='ocrx_word' id='word_1_62' title='bbox 2927 978 3208 1037; x_wconf 85' lang='lat' dir='ltr'><strong>sursum,</strong></span> 
     </span>
     <span class='ocr_line' id='line_1_10' title="bbox 628 1058 3208 1149; baseline -0.002 -22"><span class='ocrx_word' id='word_1_63' title='bbox 628 1070 693 1127; x_wconf 86' lang='lat' dir='ltr'><strong>et</strong></span> <span class='ocrx_word' id='word_1_64' title='bbox 736 1060 911 1149; x_wconf 84' lang='lat' dir='ltr'><strong>quod</strong></span> <span class='ocrx_word' id='word_1_65' title='bbox 959 1083 1217 1125; x_wconf 89' lang='lat' dir='ltr'><strong>sursum</strong></span> <span class='ocrx_word' id='word_1_66' title='bbox 1261 1069 1362 1125; x_wconf 88' lang='lat' dir='ltr'><strong>est</strong></span> <span class='ocrx_word' id='word_1_67' title='bbox 1407 1066 1558 1124; x_wconf 87' lang='lat' dir='ltr'><strong>ante</strong></span> <span class='ocrx_word' id='word_1_68' title='bbox 1603 1081 1680 1124; x_wconf 92' lang='lat' dir='ltr'><strong>eo</strong></span> <span class='ocrx_word' id='word_1_69' title='bbox 1726 1058 2064 1141; x_wconf 84' lang='lat' dir='ltr'><strong>devenire,</strong></span> <span class='ocrx_word' id='word_1_70' title='bbox 2111 1082 2306 1145; x_wconf 86' lang='lat' dir='ltr'><strong>quam</strong></span> <span class='ocrx_word' id='word_1_71' title='bbox 2353 1058 2690 1141; x_wconf 90' lang='lat' dir='ltr'><strong>deorsum,</strong></span> <span class='ocrx_word' id='word_1_72' title='bbox 2737 1081 2938 1144; x_wconf 88' lang='lat' dir='ltr'><strong>quare</strong></span> <span class='ocrx_word' id='word_1_73' title='bbox 2972 1059 3208 1123; x_wconf 84' lang='lat' dir='ltr'><strong>utrius-</strong></span> 
     </span>
     <span class='ocr_line' id='line_1_11' title="bbox 626 1158 3210 1249; baseline -0.001 -23"><span class='ocrx_word' id='word_1_74' title='bbox 626 1184 750 1249; x_wconf 87' lang='lat' dir='ltr'><strong>que</strong></span> <span class='ocrx_word' id='word_1_75' title='bbox 795 1162 1152 1247; x_wconf 84' lang='lat' dir='ltr'><strong>compitum</strong></span> <span class='ocrx_word' id='word_1_76' title='bbox 1198 1161 1481 1226; x_wconf 89' lang='lat' dir='ltr'><strong>medium</strong></span> <span class='ocrx_word' id='word_1_77' title='bbox 1526 1183 1702 1243; x_wconf 87' lang='lat' dir='ltr'><strong>esse,</strong></span> <span class='ocrx_word' id='word_1_78' title='bbox 1761 1170 1827 1226; x_wconf 90' lang='lat' dir='ltr'><strong>et</strong></span> <span class='ocrx_word' id='word_1_79' title='bbox 1881 1158 2087 1226; x_wconf 85' lang='lat' dir='ltr'><strong>multa</strong></span> <span class='ocrx_word' id='word_1_80' title='bbox 2139 1171 2480 1247; x_wconf 90' lang='lat' dir='ltr'><strong>praeterea</strong></span> <span class='ocrx_word' id='word_1_81' title='bbox 2521 1158 2717 1225; x_wconf 83' lang='lat' dir='ltr'><strong>latius</strong></span> <span class='ocrx_word' id='word_1_82' title='bbox 2772 1160 2842 1223; x_wconf 91' lang='lat' dir='ltr'><strong>in</strong></span> <span class='ocrx_word' id='word_1_83' title='bbox 2887 1183 3029 1225; x_wconf 91' lang='lat' dir='ltr'><strong>eam</strong></span> <span class='ocrx_word' id='word_1_84' title='bbox 3073 1181 3210 1223; x_wconf 87' lang='lat' dir='ltr'><strong>rem</strong></span> 
     </span>
     <span class='ocr_line' id='line_1_12' title="bbox 627 1260 3210 1350; baseline -0.002 -22"><span class='ocrx_word' id='word_1_85' title='bbox 627 1265 1028 1350; x_wconf 87' lang='lat' dir='ltr'><strong>disputatam</strong></span> <span class='ocrx_word' id='word_1_86' title='bbox 1078 1263 1360 1349; x_wconf 89' lang='lat' dir='ltr'><strong>profert,</strong></span> <span class='ocrx_word' id='word_1_87' title='bbox 1418 1285 1585 1350; x_wconf 87' lang='lat' dir='ltr'><strong>quae</strong></span> <span class='ocrx_word' id='word_1_88' title='bbox 1640 1284 1811 1327; x_wconf 91' lang='lat' dir='ltr'><strong>nunc</strong></span> <span class='ocrx_word' id='word_1_89' title='bbox 1864 1263 2055 1329; x_wconf 87' lang='lat' dir='ltr'><strong>nobis</strong></span> <span class='ocrx_word' id='word_1_90' title='bbox 2111 1260 2291 1327; x_wconf 90' lang='lat' dir='ltr'><strong>locus</strong></span> <span class='ocrx_word' id='word_1_91' title='bbox 2346 1285 2477 1328; x_wconf 94' lang='lat' dir='ltr'><strong>non</strong></span> <span class='ocrx_word' id='word_1_92' title='bbox 2536 1273 2638 1327; x_wconf 90' lang='lat' dir='ltr'><strong>est</strong></span> <span class='ocrx_word' id='word_1_93' title='bbox 2680 1262 2940 1326; x_wconf 86' lang='lat' dir='ltr'><strong>iterare.</strong></span> <span class='ocrx_word' id='word_1_94' title='bbox 3027 1261 3210 1325; x_wconf 83' lang='lat' dir='ltr'><strong>Scire</strong></span> 
     </span>
     <span class='ocr_line' id='line_1_13' title="bbox 627 1363 3209 1451; baseline -0.001 -23"><span class='ocrx_word' id='word_1_95' title='bbox 627 1365 797 1429; x_wconf 90' lang='lat' dir='ltr'><strong>enim</strong></span> <span class='ocrx_word' id='word_1_96' title='bbox 828 1374 1081 1451; x_wconf 91' lang='lat' dir='ltr'><strong>oportet</strong></span> <span class='ocrx_word' id='word_1_97' title='bbox 1111 1363 1384 1430; x_wconf 87' lang='lat' dir='ltr'><strong>rationis</strong></span> <span class='ocrx_word' id='word_1_98' title='bbox 1414 1364 1608 1429; x_wconf 89' lang='lat' dir='ltr'><strong>huius</strong></span> <span class='ocrx_word' id='word_1_99' title='bbox 1638 1387 1864 1430; x_wconf 88' lang='lat' dir='ltr'><strong>reeens</strong></span> <span class='ocrx_word' id='word_1_100' title='bbox 1895 1386 2025 1429; x_wconf 93' lang='lat' dir='ltr'><strong>non</strong></span> <span class='ocrx_word' id='word_1_101' title='bbox 2056 1387 2197 1430; x_wconf 89' lang='lat' dir='ltr'><strong>esse</strong></span> <span class='ocrx_word' id='word_1_102' title='bbox 2229 1374 2696 1445; x_wconf 88' lang='lat' dir='ltr'><strong>commentum,</strong></span> <span class='ocrx_word' id='word_1_103' title='bbox 2744 1363 2859 1427; x_wconf 86' lang='lat' dir='ltr'><strong>sed</strong></span> <span class='ocrx_word' id='word_1_104' title='bbox 2902 1363 3209 1442; x_wconf 88' lang='lat' dir='ltr'><strong>omnium,</strong></span> 
     </span>
     <span class='ocr_line' id='line_1_14' title="bbox 627 1462 3209 1553; baseline -0.001 -23"><span class='ocrx_word' id='word_1_105' title='bbox 627 1468 740 1551; x_wconf 91' lang='lat' dir='ltr'><strong>qui</strong></span> <span class='ocrx_word' id='word_1_106' title='bbox 784 1476 934 1531; x_wconf 87' lang='lat' dir='ltr'><strong>ante</strong></span> <span class='ocrx_word' id='word_1_107' title='bbox 966 1466 1330 1532; x_wconf 88' lang='lat' dir='ltr'><strong>Varronem</strong></span> <span class='ocrx_word' id='word_1_108' title='bbox 1374 1475 1440 1531; x_wconf 89' lang='lat' dir='ltr'><strong>et</strong></span> <span class='ocrx_word' id='word_1_109' title='bbox 1468 1467 1958 1552; x_wconf 82' lang='lat' dir='ltr'><strong>Tyrannionem</strong></span> <span class='ocrx_word' id='word_1_110' title='bbox 2003 1466 2086 1530; x_wconf 90' lang='lat' dir='ltr'><strong>de</strong></span> <span class='ocrx_word' id='word_1_111' title='bbox 2130 1466 2442 1553; x_wconf 77' lang='lat' dir='ltr'><strong>prosodia</strong></span> <span class='ocrx_word' id='word_1_112' title='bbox 2485 1464 2732 1551; x_wconf 88' lang='lat' dir='ltr'><strong>aliquid</strong></span> <span class='ocrx_word' id='word_1_113' title='bbox 2774 1462 3209 1550; x_wconf 85' lang='lat' dir='ltr'><strong>reliquerunt3</strong></span> 
     </span>
    </p>
   </div>
   <div class='ocr_carea' id='block_1_6' title="bbox 570 1563 3210 1658">
    <p class='ocr_par' dir='ltr' id='par_1_6' title="bbox 570 1563 3210 1658">
     <span class='ocr_line' id='line_1_15' title="bbox 570 1563 3210 1658; baseline -0.001 -28"><span class='ocrx_word' id='word_1_114' title='bbox 570 1653 575 1658; x_wconf 15' lang='grc' dir='ltr'>ἱ</span> <span class='ocrx_word' id='word_1_115' title='bbox 628 1566 941 1654; x_wconf 89' lang='lat' dir='ltr'><strong>plurimos</strong></span> <span class='ocrx_word' id='word_1_116' title='bbox 1000 1577 1066 1632; x_wconf 91' lang='lat' dir='ltr'><strong>et</strong></span> <span class='ocrx_word' id='word_1_117' title='bbox 1121 1568 1518 1633; x_wconf 87' lang='lat' dir='ltr'><strong>clarissimos</strong></span> <span class='ocrx_word' id='word_1_118' title='bbox 1581 1590 1874 1654; x_wconf 91' lang='lat' dir='ltr'><strong>quosque</strong></span> <span class='ocrx_word' id='word_1_119' title='bbox 1925 1566 2178 1633; x_wconf 90' lang='lat' dir='ltr'><strong>mediae</strong></span> <span class='ocrx_word' id='word_1_120' title='bbox 2235 1567 2427 1632; x_wconf 89' lang='lat' dir='ltr'><strong>huius</strong></span> <span class='ocrx_word' id='word_1_121' title='bbox 2493 1567 2732 1632; x_wconf 83' lang='lat' dir='ltr'><strong>fecisse</strong></span> <span class='ocrx_word' id='word_1_122' title='bbox 2794 1563 3210 1645; x_wconf 83' lang='lat' dir='ltr'><strong>mentionem,</strong></span> 
     </span>
    </p>
   </div>
   <div class='ocr_carea' id='block_1_7' title="bbox 622 1668 3212 4897">
    <p class='ocr_par' dir='ltr' id='par_1_7' title="bbox 628 1668 3210 2263">
     <span class='ocr_line' id='line_1_16' title="bbox 628 1668 3210 1755; baseline -0.001 -22"><span class='ocrx_word' id='word_1_123' title='bbox 628 1692 789 1755; x_wconf 91' lang='lat' dir='ltr'><strong>quos</strong></span> <span class='ocrx_word' id='word_1_124' title='bbox 846 1691 1068 1734; x_wconf 89' lang='lat' dir='ltr'><strong>omnes</strong></span> <span class='ocrx_word' id='word_1_125' title='bbox 1125 1668 1251 1734; x_wconf 91' lang='lat' dir='ltr'><strong>sibi</strong></span> <span class='ocrx_word' id='word_1_126' title='bbox 1306 1668 1511 1733; x_wconf 88' lang='lat' dir='ltr'><strong>fuisse</strong></span> <span class='ocrx_word' id='word_1_127' title='bbox 1568 1677 1867 1735; x_wconf 80' lang='lat' dir='ltr'><strong>auctores</strong></span> <span class='ocrx_word' id='word_1_128' title='bbox 1923 1669 2140 1735; x_wconf 90' lang='lat' dir='ltr'><strong>Varro</strong></span> <span class='ocrx_word' id='word_1_129' title='bbox 2197 1676 2688 1751; x_wconf 82' lang='lat' dir='ltr'><strong>commemorat3</strong></span> <span class='ocrx_word' id='word_1_130' title='bbox 2748 1668 3210 1754; x_wconf 87' lang='lat' dir='ltr'><strong>grammaticos</strong></span> 
     </span>
     <span class='ocr_line' id='line_1_17' title="bbox 628 1768 3210 1856; baseline -0.002 -21"><span class='ocrx_word' id='word_1_131' title='bbox 628 1770 1014 1836; x_wconf 85' lang='lat' dir='ltr'><strong>Glaucum</strong></span> <span class='ocrx_word' id='word_1_132' title='bbox 1073 1770 1365 1835; x_wconf 88' lang='lat' dir='ltr'><strong>Samium</strong></span> <span class='ocrx_word' id='word_1_133' title='bbox 1419 1783 1485 1838; x_wconf 90' lang='lat' dir='ltr'><strong>et</strong></span> <span class='ocrx_word' id='word_1_134' title='bbox 1538 1772 2128 1855; x_wconf 65' lang='lat' dir='ltr'><strong>Hermocraten</strong></span> <span class='ocrx_word' id='word_1_135' title='bbox 2187 1771 2468 1854; x_wconf 86' lang='lat' dir='ltr'><strong>Iasium;</strong></span> <span class='ocrx_word' id='word_1_136' title='bbox 2534 1771 2688 1835; x_wconf 90' lang='lat' dir='ltr'><strong>item</strong></span> <span class='ocrx_word' id='word_1_137' title='bbox 2755 1768 3210 1856; x_wconf 85' lang='lat' dir='ltr'><strong>philosophum</strong></span> 
     </span>
     <span class='ocr_line' id='line_1_18' title="bbox 629 1869 3206 1960; baseline -0.002 -23"><span class='ocrx_word' id='word_1_138' title='bbox 629 1871 1281 1958; x_wconf 86' lang='lat' dir='ltr'><strong>Theophrastum</strong></span> <span class='ocrx_word' id='word_1_139' title='bbox 1325 1873 1867 1960; x_wconf 82' lang='lat' dir='ltr'><strong>Peripateticum,</strong></span> <span class='ocrx_word' id='word_1_140' title='bbox 1923 1875 2030 1938; x_wconf 91' lang='lat' dir='ltr'><strong>cui</strong></span> <span class='ocrx_word' id='word_1_141' title='bbox 2085 1873 2313 1938; x_wconf 90' lang='lat' dir='ltr'><strong>divina</strong></span> <span class='ocrx_word' id='word_1_142' title='bbox 2359 1871 2672 1937; x_wconf 79' lang='lat' dir='ltr'><strong>facundia</strong></span> <span class='ocrx_word' id='word_1_143' title='bbox 2721 1893 2955 1935; x_wconf 91' lang='lat' dir='ltr'><strong>nomen</strong></span> <span class='ocrx_word' id='word_1_144' title='bbox 3000 1869 3206 1934; x_wconf 86' lang='lat' dir='ltr'><strong>adsci-</strong></span> 
     </span>
     <span class='ocr_line' id='line_1_19' title="bbox 630 1972 3208 2056; baseline -0.002 -18"><span class='ocrx_word' id='word_1_145' title='bbox 630 1976 755 2056; x_wconf 88' lang='lat' dir='ltr'><strong>vit,</strong></span> <span class='ocrx_word' id='word_1_146' title='bbox 788 1996 905 2038; x_wconf 93' lang='lat' dir='ltr'><strong>nec</strong></span> <span class='ocrx_word' id='word_1_147' title='bbox 934 1995 1062 2037; x_wconf 92' lang='lat' dir='ltr'><strong>non</strong></span> <span class='ocrx_word' id='word_1_148' title='bbox 1093 1973 1383 2038; x_wconf 89' lang='lat' dir='ltr'><strong>eiusdem</strong></span> <span class='ocrx_word' id='word_1_149' title='bbox 1412 1984 1630 2040; x_wconf 85' lang='lat' dir='ltr'><strong>sectae</strong></span> <span class='ocrx_word' id='word_1_150' title='bbox 1664 1973 2311 2055; x_wconf 90' lang='lat' dir='ltr'><strong>Athenodorum,</strong></span> <span class='ocrx_word' id='word_1_151' title='bbox 2358 1974 2592 2038; x_wconf 89' lang='lat' dir='ltr'><strong>summi</strong></span> <span class='ocrx_word' id='word_1_152' title='bbox 2622 1973 2941 2038; x_wconf 86' lang='lat' dir='ltr'><strong>acuminis</strong></span> <span class='ocrx_word' id='word_1_153' title='bbox 2972 1972 3208 2052; x_wconf 87' lang='lat' dir='ltr'><strong>virum,</strong></span> 
     </span>
     <span class='ocr_line' id='line_1_20' title="bbox 628 2072 3210 2162; baseline -0.001 -24"><span class='ocrx_word' id='word_1_154' title='bbox 628 2075 742 2160; x_wconf 88' lang='lat' dir='ltr'><strong>qui</strong></span> <span class='ocrx_word' id='word_1_155' title='bbox 786 2075 1116 2162; x_wconf 89' lang='lat' dir='ltr'><strong>quandam</strong></span> <span class='ocrx_word' id='word_1_156' title='bbox 1158 2075 1534 2162; x_wconf 87' lang='lat' dir='ltr'><strong>prosodiam</strong></span> <span class='ocrx_word' id='word_1_157' title='bbox 1591 2076 1955 2159; x_wconf 88' lang='grc' dir='ltr'>μονότονον</span> <span class='ocrx_word' id='word_1_158' title='bbox 2001 2074 2322 2162; x_wconf 88' lang='lat' dir='ltr'><strong>appellat,</strong></span> <span class='ocrx_word' id='word_1_159' title='bbox 2381 2097 2547 2161; x_wconf 87' lang='lat' dir='ltr'><strong>quae</strong></span> <span class='ocrx_word' id='word_1_160' title='bbox 2600 2074 2864 2140; x_wconf 86' lang='lat' dir='ltr'><strong>videtur</strong></span> <span class='ocrx_word' id='word_1_161' title='bbox 2906 2097 3036 2140; x_wconf 90' lang='lat' dir='ltr'><strong>non</strong></span> <span class='ocrx_word' id='word_1_162' title='bbox 3081 2072 3210 2138; x_wconf 85' lang='lat' dir='ltr'><strong>alia</strong></span> 
     </span>
     <span class='ocr_line' id='line_1_21' title="bbox 628 2175 2231 2263; baseline -0.001 -23"><span class='ocrx_word' id='word_1_163' title='bbox 628 2199 807 2257; x_wconf 85' lang='lat' dir='ltr'><strong>esse,</strong></span> <span class='ocrx_word' id='word_1_164' title='bbox 854 2200 1049 2263; x_wconf 92' lang='lat' dir='ltr'><strong>quam</strong></span> <span class='ocrx_word' id='word_1_165' title='bbox 1094 2177 1341 2259; x_wconf 87' lang='lat' dir='ltr'><strong>media,</strong></span> <span class='ocrx_word' id='word_1_166' title='bbox 1386 2175 1540 2243; x_wconf 91' lang='lat' dir='ltr'><strong>lieet</strong></span> <span class='ocrx_word' id='word_1_167' title='bbox 1585 2176 1845 2244; x_wconf 86' lang='lat' dir='ltr'><strong>diverso</strong></span> <span class='ocrx_word' id='word_1_168' title='bbox 1889 2177 2231 2243; x_wconf 82' lang='lat' dir='ltr'><strong>vocabulo.</strong></span> 
     </span>
    </p>

    <p class='ocr_par' dir='ltr' id='par_1_8' title="bbox 624 2277 3212 3580">
     <span class='ocr_line' id='line_1_22' title="bbox 795 2277 3207 2369; baseline 0 -28"><span class='ocrx_word' id='word_1_169' title='bbox 795 2278 901 2343; x_wconf 90' lang='grc'><strong>22.</strong></span> <span class='ocrx_word' id='word_1_170' title='bbox 946 2278 1085 2369; x_wconf 45' lang='lat' dir='ltr'><strong>N‘ec</strong></span> <span class='ocrx_word' id='word_1_171' title='bbox 1131 2277 1396 2352; x_wconf 88' lang='lat' dir='ltr'><strong>desunt,</strong></span> <span class='ocrx_word' id='word_1_172' title='bbox 1443 2278 1555 2364; x_wconf 88' lang='lat' dir='ltr'><strong>qui</strong></span> <span class='ocrx_word' id='word_1_173' title='bbox 1597 2277 1942 2368; x_wconf 86' lang='lat' dir='ltr'><strong>prosodias</strong></span> <span class='ocrx_word' id='word_1_174' title='bbox 1985 2278 2205 2365; x_wconf 87' lang='lat' dir='ltr'><strong>plures</strong></span> <span class='ocrx_word' id='word_1_175' title='bbox 2250 2301 2426 2360; x_wconf 86' lang='lat' dir='ltr'><strong>esse,</strong></span> <span class='ocrx_word' id='word_1_176' title='bbox 2473 2300 2665 2364; x_wconf 87' lang='lat' dir='ltr'><strong>quam</strong></span> <span class='ocrx_word' id='word_1_177' title='bbox 2698 2287 2977 2364; x_wconf 90' lang='lat' dir='ltr'><strong>quatuor</strong></span> <span class='ocrx_word' id='word_1_178' title='bbox 3021 2288 3207 2364; x_wconf 82' lang='lat' dir='ltr'><strong>puta-</strong></span> 
     </span>
     <span class='ocr_line' id='line_1_23' title="bbox 637 2378 3209 2468; baseline 0 -25"><span class='ocrx_word' id='word_1_179' title='bbox 637 2381 880 2461; x_wconf 81' lang='lat' dir='ltr'><strong>verint,</strong></span> <span class='ocrx_word' id='word_1_180' title='bbox 938 2389 1012 2443; x_wconf 90' lang='lat' dir='ltr'><strong>ut</strong></span> <span class='ocrx_word' id='word_1_181' title='bbox 1067 2378 1423 2444; x_wconf 85' lang='lat' dir='ltr'><strong>Glaucus</strong></span> <span class='ocrx_word' id='word_1_182' title='bbox 1481 2380 1736 2445; x_wconf 88' lang='lat' dir='ltr'><strong>Samius</strong></span> <span class='ocrx_word' id='word_1_183' title='bbox 1753 2430 1771 2462; x_wconf 89' lang='lat'><strong>,</strong></span> <span class='ocrx_word' id='word_1_184' title='bbox 1831 2404 1872 2443; x_wconf 89' lang='lat' dir='ltr'><strong>a</strong></span> <span class='ocrx_word' id='word_1_185' title='bbox 1915 2403 2041 2468; x_wconf 91' lang='lat' dir='ltr'><strong>quo</strong></span> <span class='ocrx_word' id='word_1_186' title='bbox 2100 2404 2219 2445; x_wconf 77' lang='lat' dir='ltr'><strong>sex</strong></span> <span class='ocrx_word' id='word_1_187' title='bbox 2261 2378 2612 2466; x_wconf 87' lang='lat' dir='ltr'><strong>prosodiae</strong></span> <span class='ocrx_word' id='word_1_188' title='bbox 2669 2390 2821 2444; x_wconf 88' lang='lat' dir='ltr'><strong>sunt</strong></span> <span class='ocrx_word' id='word_1_189' title='bbox 2864 2379 2986 2445; x_wconf 91' lang='lat' dir='ltr'><strong>sub</strong></span> <span class='ocrx_word' id='word_1_190' title='bbox 3031 2380 3209 2445; x_wconf 86' lang='lat' dir='ltr'><strong>hisce</strong></span> 
     </span>
     <span class='ocr_line' id='line_1_24' title="bbox 628 2480 3210 2566; baseline 0.002 -23"><span class='ocrx_word' id='word_1_191' title='bbox 628 2480 1033 2546; x_wconf 86' lang='lat' dir='ltr'><strong>nominibus:</strong></span> <span class='ocrx_word' id='word_1_192' title='bbox 1107 2481 1437 2566; x_wconf 83' lang='grc' dir='ltr'>ἀνειμένη,</span> <span class='ocrx_word' id='word_1_193' title='bbox 1494 2484 1674 2566; x_wconf 82' lang='grc' dir='ltr'>μεέη,</span> <span class='ocrx_word' id='word_1_194' title='bbox 1741 2483 2189 2564; x_wconf 84' lang='grc' dir='ltr'>ἑπιτεταμένη,</span> <span class='ocrx_word' id='word_1_195' title='bbox 2257 2484 2675 2564; x_wconf 75' lang='grc' dir='ltr'>κεκλαεμένη,</span> <span class='ocrx_word' id='word_1_196' title='bbox 2742 2483 3210 2549; x_wconf 82' lang='grc' dir='ltr'>ἀντανακλαζο-</span> 
     </span>
     <span class='ocr_line' id='line_1_25' title="bbox 627 2581 3208 2670; baseline -0 -22"><span class='ocrx_word' id='word_1_197' title='bbox 627 2585 816 2666; x_wconf 83' lang='grc' dir='ltr'>μένη,</span> <span class='ocrx_word' id='word_1_198' title='bbox 863 2583 1035 2663; x_wconf 87' lang='grc' dir='ltr'>νήτη.</span> <span class='ocrx_word' id='word_1_199' title='bbox 1124 2581 1255 2647; x_wconf 85' lang='lat' dir='ltr'><strong>Sed</strong></span> <span class='ocrx_word' id='word_1_200' title='bbox 1308 2581 1414 2647; x_wconf 90' lang='lat' dir='ltr'><strong>hic</strong></span> <span class='ocrx_word' id='word_1_201' title='bbox 1468 2605 1723 2670; x_wconf 91' lang='lat' dir='ltr'><strong>quoque</strong></span> <span class='ocrx_word' id='word_1_202' title='bbox 1780 2606 1908 2648; x_wconf 91' lang='lat' dir='ltr'><strong>non</strong></span> <span class='ocrx_word' id='word_1_203' title='bbox 1964 2583 2268 2648; x_wconf 83' lang='lat' dir='ltr'><strong>dissentit</strong></span> <span class='ocrx_word' id='word_1_204' title='bbox 2313 2605 2352 2646; x_wconf 90' lang='lat' dir='ltr'><strong>a</strong></span> <span class='ocrx_word' id='word_1_205' title='bbox 2395 2581 2614 2664; x_wconf 79' lang='lat' dir='ltr'><strong>nobis3</strong></span> <span class='ocrx_word' id='word_1_206' title='bbox 2673 2604 2824 2646; x_wconf 87' lang='lat' dir='ltr'><strong>nam</strong></span> <span class='ocrx_word' id='word_1_207' title='bbox 2871 2582 3079 2647; x_wconf 87' lang='lat' dir='ltr'><strong>cuivis</strong></span> <span class='ocrx_word' id='word_1_208' title='bbox 3126 2605 3208 2647; x_wconf 80' lang='lat' dir='ltr'><strong>ex</strong></span> 
     </span>
     <span class='ocr_line' id='line_1_26' title="bbox 625 2682 3208 2771; baseline -0 -26"><span class='ocrx_word' id='word_1_209' title='bbox 625 2684 787 2769; x_wconf 88' lang='lat' dir='ltr'><strong>ipsis</strong></span> <span class='ocrx_word' id='word_1_210' title='bbox 845 2682 1214 2749; x_wconf 89' lang='lat' dir='ltr'><strong>nominibus</strong></span> <span class='ocrx_word' id='word_1_211' title='bbox 1270 2683 1603 2750; x_wconf 88' lang='lat' dir='ltr'><strong>intellectu</strong></span> <span class='ocrx_word' id='word_1_212' title='bbox 1659 2683 1952 2771; x_wconf 92' lang='lat' dir='ltr'><strong>proclive</strong></span> <span class='ocrx_word' id='word_1_213' title='bbox 2006 2695 2139 2767; x_wconf 90' lang='lat' dir='ltr'><strong>est,</strong></span> <span class='ocrx_word' id='word_1_214' title='bbox 2196 2693 2330 2748; x_wconf 88' lang='lat' dir='ltr'><strong>tres</strong></span> <span class='ocrx_word' id='word_1_215' title='bbox 2387 2684 2629 2770; x_wconf 87' lang='lat' dir='ltr'><strong>primas</strong></span> <span class='ocrx_word' id='word_1_216' title='bbox 2687 2706 2830 2747; x_wconf 88' lang='lat' dir='ltr'><strong>esse</strong></span> <span class='ocrx_word' id='word_1_217' title='bbox 2882 2682 3208 2768; x_wconf 86' lang='lat' dir='ltr'><strong>simplices</strong></span> 
     </span>
     <span class='ocr_line' id='line_1_27' title="bbox 628 2784 3206 2873; baseline 0 -25"><span class='ocrx_word' id='word_1_218' title='bbox 628 2794 694 2848; x_wconf 87' lang='lat' dir='ltr'><strong>et</strong></span> <span class='ocrx_word' id='word_1_219' title='bbox 737 2807 868 2850; x_wconf 91' lang='lat' dir='ltr'><strong>non</strong></span> <span class='ocrx_word' id='word_1_220' title='bbox 912 2784 1074 2850; x_wconf 87' lang='lat' dir='ltr'><strong>alias</strong></span> <span class='ocrx_word' id='word_1_221' title='bbox 1120 2808 1315 2871; x_wconf 88' lang='lat' dir='ltr'><strong>quam</strong></span> <span class='ocrx_word' id='word_1_222' title='bbox 1363 2792 1649 2871; x_wconf 81' lang='grc' dir='ltr'>βαρεῖαν,</span> <span class='ocrx_word' id='word_1_223' title='bbox 1697 2789 1919 2870; x_wconf 77' lang='grc' dir='ltr'>μέεην,</span> <span class='ocrx_word' id='word_1_224' title='bbox 1966 2788 2211 2870; x_wconf 80' lang='grc' dir='ltr'>ὀξεῖαν,</span> <span class='ocrx_word' id='word_1_225' title='bbox 2256 2796 2617 2873; x_wconf 87' lang='lat' dir='ltr'><strong>postremas</strong></span> <span class='ocrx_word' id='word_1_226' title='bbox 2649 2796 2868 2851; x_wconf 88' lang='lat' dir='ltr'><strong>autem</strong></span> <span class='ocrx_word' id='word_1_227' title='bbox 2915 2796 3045 2850; x_wconf 89' lang='lat' dir='ltr'><strong>tres</strong></span> <span class='ocrx_word' id='word_1_228' title='bbox 3092 2784 3206 2849; x_wconf 86' lang='lat' dir='ltr'><strong>du-</strong></span> 
     </span>
     <span class='ocr_line' id='line_1_28' title="bbox 626 2886 3208 2975; baseline 0 -27"><span class='ocrx_word' id='word_1_229' title='bbox 626 2886 828 2973; x_wconf 86' lang='lat' dir='ltr'><strong>plices</strong></span> <span class='ocrx_word' id='word_1_230' title='bbox 877 2896 944 2952; x_wconf 87' lang='lat' dir='ltr'><strong>et</strong></span> <span class='ocrx_word' id='word_1_231' title='bbox 987 2888 1177 2973; x_wconf 87' lang='lat' dir='ltr'><strong>quasi</strong></span> <span class='ocrx_word' id='word_1_232' title='bbox 1221 2889 1471 2974; x_wconf 87' lang='lat' dir='ltr'><strong>speeies</strong></span> <span class='ocrx_word' id='word_1_233' title='bbox 1518 2889 1709 2952; x_wconf 90' lang='lat' dir='ltr'><strong>unius</strong></span> <span class='ocrx_word' id='word_1_234' title='bbox 1739 2887 1979 2970; x_wconf 82' lang='lat' dir='ltr'><strong>flexae,</strong></span> <span class='ocrx_word' id='word_1_235' title='bbox 2026 2911 2191 2975; x_wconf 89' lang='lat' dir='ltr'><strong>quae</strong></span> <span class='ocrx_word' id='word_1_236' title='bbox 2222 2897 2323 2952; x_wconf 87' lang='lat' dir='ltr'><strong>est</strong></span> <span class='ocrx_word' id='word_1_237' title='bbox 2351 2911 2587 2973; x_wconf 85' lang='lat' dir='ltr'><strong>genere</strong></span> <span class='ocrx_word' id='word_1_238' title='bbox 2617 2910 2777 2969; x_wconf 79' lang='lat' dir='ltr'><strong>una3</strong></span> <span class='ocrx_word' id='word_1_239' title='bbox 2825 2887 2993 2952; x_wconf 87' lang='lat' dir='ltr'><strong>hanc</strong></span> <span class='ocrx_word' id='word_1_240' title='bbox 3037 2888 3208 2950; x_wconf 88' lang='lat' dir='ltr'><strong>enim</strong></span> 
     </span>
     <span class='ocr_line' id='line_1_29' title="bbox 626 2989 3211 3075; baseline -0.001 -22"><span class='ocrx_word' id='word_1_241' title='bbox 626 2989 800 3054; x_wconf 87' lang='lat' dir='ltr'><strong>flecti</strong></span> <span class='ocrx_word' id='word_1_242' title='bbox 857 3010 987 3052; x_wconf 91' lang='lat' dir='ltr'><strong>non</strong></span> <span class='ocrx_word' id='word_1_243' title='bbox 1042 3011 1173 3054; x_wconf 92' lang='lat' dir='ltr'><strong>uno</strong></span> <span class='ocrx_word' id='word_1_244' title='bbox 1230 2989 1424 3055; x_wconf 93' lang='lat' dir='ltr'><strong>modo</strong></span> <span class='ocrx_word' id='word_1_245' title='bbox 1483 3012 1705 3055; x_wconf 89' lang='lat' dir='ltr'><strong>omnes</strong></span> <span class='ocrx_word' id='word_1_246' title='bbox 1760 2999 2193 3075; x_wconf 82' lang='lat' dir='ltr'><strong>putaverunt3</strong></span> <span class='ocrx_word' id='word_1_247' title='bbox 2249 2989 2833 3053; x_wconf 80' lang='lat' dir='ltr'><strong>Eratosthenes</strong></span> <span class='ocrx_word' id='word_1_248' title='bbox 2895 3012 2980 3053; x_wconf 81' lang='lat' dir='ltr'><strong>ex</strong></span> <span class='ocrx_word' id='word_1_249' title='bbox 3022 2998 3211 3074; x_wconf 85' lang='lat' dir='ltr'><strong>parte</strong></span> 
     </span>
     <span class='ocr_line' id='line_1_30' title="bbox 624 3089 3208 3176; baseline 0 -23"><span class='ocrx_word' id='word_1_250' title='bbox 624 3090 840 3176; x_wconf 89' lang='lat' dir='ltr'><strong>priore</strong></span> <span class='ocrx_word' id='word_1_251' title='bbox 883 3098 1076 3154; x_wconf 87' lang='lat' dir='ltr'><strong>acuta</strong></span> <span class='ocrx_word' id='word_1_252' title='bbox 1117 3090 1186 3154; x_wconf 92' lang='lat' dir='ltr'><strong>in</strong></span> <span class='ocrx_word' id='word_1_253' title='bbox 1229 3112 1498 3173; x_wconf 85' lang='lat' dir='ltr'><strong>gravem</strong></span> <span class='ocrx_word' id='word_1_254' title='bbox 1542 3090 2005 3175; x_wconf 88' lang='lat' dir='ltr'><strong>posteriorem,</strong></span> <span class='ocrx_word' id='word_1_255' title='bbox 2066 3089 2531 3155; x_wconf 82' lang='lat' dir='ltr'><strong>Theodorus</strong></span> <span class='ocrx_word' id='word_1_256' title='bbox 2590 3101 2813 3156; x_wconf 90' lang='lat' dir='ltr'><strong>autem</strong></span> <span class='ocrx_word' id='word_1_257' title='bbox 2858 3089 3208 3176; x_wconf 85' lang='lat' dir='ltr'><strong>aliquando</strong></span> 
     </span>
     <span class='ocr_line' id='line_1_31' title="bbox 625 3190 3212 3275; baseline -0 -21"><span class='ocrx_word' id='word_1_258' title='bbox 625 3193 823 3255; x_wconf 90' lang='lat' dir='ltr'><strong>etiam</strong></span> <span class='ocrx_word' id='word_1_259' title='bbox 868 3213 953 3254; x_wconf 78' lang='lat' dir='ltr'><strong>ex</strong></span> <span class='ocrx_word' id='word_1_260' title='bbox 994 3190 1185 3272; x_wconf 85' lang='lat' dir='ltr'><strong>gravi</strong></span> <span class='ocrx_word' id='word_1_261' title='bbox 1230 3190 1298 3252; x_wconf 92' lang='lat' dir='ltr'><strong>in</strong></span> <span class='ocrx_word' id='word_1_262' title='bbox 1330 3191 1688 3256; x_wconf 82' lang='lat' dir='ltr'><strong>acutiorem</strong></span> <span class='ocrx_word' id='word_1_263' title='bbox 1733 3190 2160 3273; x_wconf 83' lang='lat' dir='ltr'><strong>exscendere3</strong></span> <span class='ocrx_word' id='word_1_264' title='bbox 2207 3199 2494 3256; x_wconf 89' lang='lat' dir='ltr'><strong>ceterum</strong></span> <span class='ocrx_word' id='word_1_265' title='bbox 2523 3191 2780 3256; x_wconf 91' lang='lat' dir='ltr'><strong>Varro</strong></span> <span class='ocrx_word' id='word_1_266' title='bbox 2825 3193 2894 3255; x_wconf 91' lang='lat' dir='ltr'><strong>in</strong></span> <span class='ocrx_word' id='word_1_267' title='bbox 2936 3199 3212 3275; x_wconf 89' lang='lat' dir='ltr'><strong>utraque</strong></span> 
     </span>
     <span class='ocr_line' id='line_1_32' title="bbox 624 3290 3211 3377; baseline 0 -22"><span class='ocrx_word' id='word_1_268' title='bbox 624 3301 815 3376; x_wconf 86' lang='lat' dir='ltr'><strong>parte</strong></span> <span class='ocrx_word' id='word_1_269' title='bbox 858 3290 1109 3356; x_wconf 90' lang='lat' dir='ltr'><strong>moveri</strong></span> <span class='ocrx_word' id='word_1_270' title='bbox 1153 3290 1546 3372; x_wconf 87' lang='lat' dir='ltr'><strong>arbitratur,</strong></span> <span class='ocrx_word' id='word_1_271' title='bbox 1605 3313 1817 3376; x_wconf 87' lang='lat' dir='ltr'><strong>neque</strong></span> <span class='ocrx_word' id='word_1_272' title='bbox 1861 3291 1967 3356; x_wconf 93' lang='lat' dir='ltr'><strong>hie</strong></span> <span class='ocrx_word' id='word_1_273' title='bbox 2011 3292 2206 3357; x_wconf 88' lang='lat' dir='ltr'><strong>facile</strong></span> <span class='ocrx_word' id='word_1_274' title='bbox 2251 3292 2392 3357; x_wconf 88' lang='lat' dir='ltr'><strong>fieri</strong></span> <span class='ocrx_word' id='word_1_275' title='bbox 2439 3293 2578 3357; x_wconf 90' lang='lat' dir='ltr'><strong>sine</strong></span> <span class='ocrx_word' id='word_1_276' title='bbox 2630 3291 2883 3374; x_wconf 88' lang='lat' dir='ltr'><strong>media,</strong></span> <span class='ocrx_word' id='word_1_277' title='bbox 2940 3313 3211 3377; x_wconf 86' lang='lat' dir='ltr'><strong>eamque</strong></span> 
     </span>
     <span class='ocr_line' id='line_1_33' title="bbox 625 3390 3206 3480; baseline 0 -25"><span class='ocrx_word' id='word_1_278' title='bbox 625 3401 884 3456; x_wconf 89' lang='lat' dir='ltr'><strong>acutam</strong></span> <span class='ocrx_word' id='word_1_279' title='bbox 926 3390 1307 3478; x_wconf 89' lang='lat' dir='ltr'><strong>plerumque</strong></span> <span class='ocrx_word' id='word_1_280' title='bbox 1338 3414 1481 3456; x_wconf 88' lang='lat' dir='ltr'><strong>esse</strong></span> <span class='ocrx_word' id='word_1_281' title='bbox 1511 3393 1729 3477; x_wconf 88' lang='lat' dir='ltr'><strong>potius</strong></span> <span class='ocrx_word' id='word_1_282' title='bbox 1762 3415 1958 3479; x_wconf 90' lang='lat' dir='ltr'><strong>quam</strong></span> <span class='ocrx_word' id='word_1_283' title='bbox 1988 3416 2286 3478; x_wconf 86' lang='lat' dir='ltr'><strong>gravem,</strong></span> <span class='ocrx_word' id='word_1_284' title='bbox 2332 3395 2506 3480; x_wconf 88' lang='lat' dir='ltr'><strong>quod</strong></span> <span class='ocrx_word' id='word_1_285' title='bbox 2552 3416 2628 3458; x_wconf 90' lang='lat' dir='ltr'><strong>ea</strong></span> <span class='ocrx_word' id='word_1_286' title='bbox 2656 3393 2925 3479; x_wconf 90' lang='lat' dir='ltr'><strong>propius</strong></span> <span class='ocrx_word' id='word_1_287' title='bbox 2969 3403 3206 3457; x_wconf 87' lang='lat' dir='ltr'><strong>utram-</strong></span> 
     </span>
     <span class='ocr_line' id='line_1_34' title="bbox 625 3492 2434 3580; baseline 0.003 -24"><span class='ocrx_word' id='word_1_288' title='bbox 625 3516 749 3580; x_wconf 88' lang='lat' dir='ltr'><strong>que</strong></span> <span class='ocrx_word' id='word_1_289' title='bbox 795 3501 924 3574; x_wconf 89' lang='lat' dir='ltr'><strong>est,</strong></span> <span class='ocrx_word' id='word_1_290' title='bbox 972 3515 1167 3578; x_wconf 87' lang='lat' dir='ltr'><strong>quam</strong></span> <span class='ocrx_word' id='word_1_291' title='bbox 1209 3492 1325 3557; x_wconf 87' lang='lat' dir='ltr'><strong>illa</strong></span> <span class='ocrx_word' id='word_1_292' title='bbox 1368 3493 1665 3579; x_wconf 86' lang='lat' dir='ltr'><strong>superior</strong></span> <span class='ocrx_word' id='word_1_293' title='bbox 1710 3504 1775 3558; x_wconf 88' lang='lat' dir='ltr'><strong>et</strong></span> <span class='ocrx_word' id='word_1_294' title='bbox 1817 3494 2091 3560; x_wconf 88' lang='lat' dir='ltr'><strong>inferior</strong></span> <span class='ocrx_word' id='word_1_295' title='bbox 2132 3495 2303 3561; x_wconf 91' lang='lat' dir='ltr'><strong>inter</strong></span> <span class='ocrx_word' id='word_1_296' title='bbox 2347 3518 2434 3563; x_wconf 91' lang='lat' dir='ltr'><strong>se.</strong></span> 
     </span>
    </p>

    <p class='ocr_par' dir='ltr' id='par_1_9' title="bbox 622 3592 3212 4594">
     <span class='ocr_line' id='line_1_35' title="bbox 794 3592 3207 3683; baseline 0.001 -27"><span class='ocrx_word' id='word_1_297' title='bbox 794 3595 898 3657; x_wconf 76' lang='lat'><strong>23.</strong></span> <span class='ocrx_word' id='word_1_298' title='bbox 945 3594 1077 3660; x_wconf 88' lang='lat' dir='ltr'><strong>Sed</strong></span> <span class='ocrx_word' id='word_1_299' title='bbox 1119 3593 1242 3658; x_wconf 91' lang='lat' dir='ltr'><strong>hoe</strong></span> <span class='ocrx_word' id='word_1_300' title='bbox 1287 3593 1369 3659; x_wconf 90' lang='lat' dir='ltr'><strong>de</strong></span> <span class='ocrx_word' id='word_1_301' title='bbox 1413 3592 1632 3659; x_wconf 90' lang='lat' dir='ltr'><strong>media</strong></span> <span class='ocrx_word' id='word_1_302' title='bbox 1674 3595 1985 3681; x_wconf 80' lang='lat' dir='ltr'><strong>prosodia</strong></span> <span class='ocrx_word' id='word_1_303' title='bbox 2030 3598 2223 3682; x_wconf 85' lang='lat' dir='ltr'><strong>satis,</strong></span> <span class='ocrx_word' id='word_1_304' title='bbox 2268 3619 2394 3682; x_wconf 93' lang='lat' dir='ltr'><strong>quo</strong></span> <span class='ocrx_word' id='word_1_305' title='bbox 2440 3596 2581 3683; x_wconf 90' lang='lat' dir='ltr'><strong>quis</strong></span> <span class='ocrx_word' id='word_1_306' title='bbox 2615 3597 2783 3661; x_wconf 90' lang='lat' dir='ltr'><strong>sciat</strong></span> <span class='ocrx_word' id='word_1_307' title='bbox 2825 3619 2970 3661; x_wconf 89' lang='lat' dir='ltr'><strong>esse</strong></span> <span class='ocrx_word' id='word_1_308' title='bbox 3014 3618 3207 3683; x_wconf 91' lang='lat' dir='ltr'><strong>quae-</strong></span> 
     </span>
     <span class='ocr_line' id='line_1_36' title="bbox 626 3694 3211 3785; baseline 0.001 -27"><span class='ocrx_word' id='word_1_309' title='bbox 626 3695 919 3759; x_wconf 89' lang='lat' dir='ltr'><strong>rendam.</strong></span> <span class='ocrx_word' id='word_1_310' title='bbox 965 3695 1000 3732; x_wconf 76' lang='grc'><em>*</em></span> <span class='ocrx_word' id='word_1_311' title='bbox 1044 3695 1345 3761; x_wconf 85' lang='lat' dir='ltr'><strong>Ceterum</strong></span> <span class='ocrx_word' id='word_1_312' title='bbox 1390 3694 1500 3782; x_wconf 91' lang='lat' dir='ltr'><strong>qui</strong></span> <span class='ocrx_word' id='word_1_313' title='bbox 1543 3695 1712 3760; x_wconf 89' lang='lat' dir='ltr'><strong>hane</strong></span> <span class='ocrx_word' id='word_1_314' title='bbox 1755 3697 2091 3781; x_wconf 86' lang='lat' dir='ltr'><strong>ignorant,</strong></span> <span class='ocrx_word' id='word_1_315' title='bbox 2137 3699 2293 3784; x_wconf 86' lang='lat' dir='ltr'><strong>quia</strong></span> <span class='ocrx_word' id='word_1_316' title='bbox 2338 3698 2478 3763; x_wconf 88' lang='lat' dir='ltr'><strong>sola</strong></span> <span class='ocrx_word' id='word_1_317' title='bbox 2520 3709 2873 3775; x_wconf 85' lang='lat' dir='ltr'><strong>noverunt,</strong></span> <span class='ocrx_word' id='word_1_318' title='bbox 2932 3720 3098 3785; x_wconf 89' lang='lat' dir='ltr'><strong>quae</strong></span> <span class='ocrx_word' id='word_1_319' title='bbox 3142 3699 3211 3762; x_wconf 90' lang='lat' dir='ltr'><strong>in</strong></span> 
     </span>
     <span class='ocr_line' id='line_1_37' title="bbox 627 3794 3209 3885; baseline 0.001 -25"><span class='ocrx_word' id='word_1_320' title='bbox 627 3794 864 3861; x_wconf 85' lang='lat' dir='ltr'><strong>scholis</strong></span> <span class='ocrx_word' id='word_1_321' title='bbox 910 3797 1334 3879; x_wconf 86' lang='lat' dir='ltr'><strong>studuerunt,</strong></span> <span class='ocrx_word' id='word_1_322' title='bbox 1378 3821 1508 3864; x_wconf 87' lang='lat' dir='ltr'><strong>non</strong></span> <span class='ocrx_word' id='word_1_323' title='bbox 1553 3808 1704 3862; x_wconf 87' lang='lat' dir='ltr'><strong>sunt</strong></span> <span class='ocrx_word' id='word_1_324' title='bbox 1747 3797 2079 3883; x_wconf 89' lang='lat' dir='ltr'><strong>culpandi.</strong></span> <span class='ocrx_word' id='word_1_325' title='bbox 2154 3799 2284 3863; x_wconf 76' lang='lat' dir='ltr'><strong>Sed</strong></span> <span class='ocrx_word' id='word_1_326' title='bbox 2329 3822 2449 3862; x_wconf 87' lang='lat' dir='ltr'><strong>nec</strong></span> <span class='ocrx_word' id='word_1_327' title='bbox 2492 3800 2842 3883; x_wconf 85' lang='lat' dir='ltr'><strong>magistros</strong></span> <span class='ocrx_word' id='word_1_328' title='bbox 2855 3848 2873 3880; x_wconf 89' lang='lat'><strong>,</strong></span> <span class='ocrx_word' id='word_1_329' title='bbox 2919 3800 3030 3885; x_wconf 88' lang='lat' dir='ltr'><strong>qui</strong></span> <span class='ocrx_word' id='word_1_330' title='bbox 3077 3809 3209 3863; x_wconf 87' lang='lat' dir='ltr'><strong>tres</strong></span> 
     </span>
     <span class='ocr_line' id='line_1_38' title="bbox 626 3895 3212 3983; baseline 0 -20"><span class='ocrx_word' id='word_1_331' title='bbox 626 3895 799 3964; x_wconf 88' lang='lat' dir='ltr'><strong>solas</strong></span> <span class='ocrx_word' id='word_1_332' title='bbox 859 3897 1343 3981; x_wconf 83' lang='lat' dir='ltr'><strong>demonstrant,</strong></span> <span class='ocrx_word' id='word_1_333' title='bbox 1411 3900 1644 3963; x_wconf 89' lang='lat' dir='ltr'><strong>erroris</strong></span> <span class='ocrx_word' id='word_1_334' title='bbox 1700 3900 2061 3983; x_wconf 84' lang='lat' dir='ltr'><strong>arguerim,</strong></span> <span class='ocrx_word' id='word_1_335' title='bbox 2131 3900 2189 3963; x_wconf 89' lang='lat' dir='ltr'><strong>si</strong></span> <span class='ocrx_word' id='word_1_336' title='bbox 2243 3900 2434 3965; x_wconf 90' lang='lat' dir='ltr'><strong>modo</strong></span> <span class='ocrx_word' id='word_1_337' title='bbox 2489 3899 2610 3964; x_wconf 91' lang='lat' dir='ltr'><strong>hoc</strong></span> <span class='ocrx_word' id='word_1_338' title='bbox 2666 3900 2941 3965; x_wconf 89' lang='lat' dir='ltr'><strong>docendi</strong></span> <span class='ocrx_word' id='word_1_339' title='bbox 3009 3922 3212 3965; x_wconf 88' lang='lat' dir='ltr'><strong>causa</strong></span> 
     </span>
     <span class='ocr_line' id='line_1_39' title="bbox 626 3999 3206 4087; baseline 0.001 -24"><span class='ocrx_word' id='word_1_340' title='bbox 626 3999 905 4083; x_wconf 88' lang='lat' dir='ltr'><strong>faciunt,</strong></span> <span class='ocrx_word' id='word_1_341' title='bbox 952 4023 1100 4065; x_wconf 89' lang='lat' dir='ltr'><strong>cum</strong></span> <span class='ocrx_word' id='word_1_342' title='bbox 1145 4002 1323 4087; x_wconf 87' lang='lat' dir='ltr'><strong>ipsos</strong></span> <span class='ocrx_word' id='word_1_343' title='bbox 1369 4009 1605 4086; x_wconf 87' lang='lat' dir='ltr'><strong>quarta</strong></span> <span class='ocrx_word' id='word_1_344' title='bbox 1647 4023 1778 4064; x_wconf 91' lang='lat' dir='ltr'><strong>non</strong></span> <span class='ocrx_word' id='word_1_345' title='bbox 1821 4000 2044 4066; x_wconf 87' lang='lat' dir='ltr'><strong>lateat.</strong></span> <span class='ocrx_word' id='word_1_346' title='bbox 2137 4003 2302 4066; x_wconf 89' lang='lat' dir='ltr'><strong>Tres</strong></span> <span class='ocrx_word' id='word_1_347' title='bbox 2359 4001 2700 4087; x_wconf 84' lang='lat' dir='ltr'><strong>prosodias</strong></span> <span class='ocrx_word' id='word_1_348' title='bbox 2756 4001 2824 4064; x_wconf 92' lang='lat' dir='ltr'><strong>in</strong></span> <span class='ocrx_word' id='word_1_349' title='bbox 2884 4025 3008 4066; x_wconf 90' lang='lat' dir='ltr'><strong>usu</strong></span> <span class='ocrx_word' id='word_1_350' title='bbox 3062 4023 3206 4065; x_wconf 86' lang='lat' dir='ltr'><strong>esse</strong></span> 
     </span>
     <span class='ocr_line' id='line_1_40' title="bbox 623 4100 3210 4190; baseline 0 -24"><span class='ocrx_word' id='word_1_351' title='bbox 623 4103 793 4167; x_wconf 88' lang='lat' dir='ltr'><strong>scire</strong></span> <span class='ocrx_word' id='word_1_352' title='bbox 837 4111 1114 4190; x_wconf 88' lang='lat' dir='ltr'><strong>oportet.</strong></span> <span class='ocrx_word' id='word_1_353' title='bbox 1204 4100 1430 4167; x_wconf 89' lang='lat' dir='ltr'><strong>Media</strong></span> <span class='ocrx_word' id='word_1_354' title='bbox 1473 4111 1718 4182; x_wconf 86' lang='lat' dir='ltr'><strong>autem,</strong></span> <span class='ocrx_word' id='word_1_355' title='bbox 1764 4124 1930 4188; x_wconf 91' lang='lat' dir='ltr'><strong>quae</strong></span> <span class='ocrx_word' id='word_1_356' title='bbox 1976 4103 2146 4166; x_wconf 84' lang='lat' dir='ltr'><strong>inter</strong></span> <span class='ocrx_word' id='word_1_357' title='bbox 2192 4102 2355 4166; x_wconf 87' lang='lat' dir='ltr'><strong>duas</strong></span> <span class='ocrx_word' id='word_1_358' title='bbox 2400 4104 2587 4188; x_wconf 84' lang='lat' dir='ltr'><strong>quasi</strong></span> <span class='ocrx_word' id='word_1_359' title='bbox 2631 4100 2815 4167; x_wconf 90' lang='lat' dir='ltr'><strong>limes</strong></span> <span class='ocrx_word' id='word_1_360' title='bbox 2860 4113 2988 4184; x_wconf 87' lang='lat' dir='ltr'><strong>est,</strong></span> <span class='ocrx_word' id='word_1_361' title='bbox 3034 4103 3210 4188; x_wconf 91' lang='lat' dir='ltr'><strong>quod</strong></span> 
     </span>
     <span class='ocr_line' id='line_1_41' title="bbox 624 4202 3207 4290; baseline -0.001 -21"><span class='ocrx_word' id='word_1_362' title='bbox 624 4204 949 4289; x_wconf 86' lang='lat' dir='ltr'><strong>gravioris</strong></span> <span class='ocrx_word' id='word_1_363' title='bbox 1004 4224 1198 4289; x_wconf 86' lang='lat' dir='ltr'><strong>quam</strong></span> <span class='ocrx_word' id='word_1_364' title='bbox 1243 4203 1554 4267; x_wconf 88' lang='lat' dir='ltr'><strong>acutioris</strong></span> <span class='ocrx_word' id='word_1_365' title='bbox 1601 4202 1876 4268; x_wconf 85' lang='lat' dir='ltr'><strong>similior</strong></span> <span class='ocrx_word' id='word_1_366' title='bbox 1920 4213 2051 4282; x_wconf 90' lang='lat' dir='ltr'><strong>est,</strong></span> <span class='ocrx_word' id='word_1_367' title='bbox 2111 4203 2180 4266; x_wconf 91' lang='lat' dir='ltr'><strong>in</strong></span> <span class='ocrx_word' id='word_1_368' title='bbox 2224 4203 2554 4267; x_wconf 88' lang='lat' dir='ltr'><strong>inferioris</strong></span> <span class='ocrx_word' id='word_1_369' title='bbox 2600 4204 2816 4288; x_wconf 86' lang='lat' dir='ltr'><strong>potius</strong></span> <span class='ocrx_word' id='word_1_370' title='bbox 2861 4226 3058 4290; x_wconf 90' lang='lat' dir='ltr'><strong>quam</strong></span> <span class='ocrx_word' id='word_1_371' title='bbox 3101 4225 3207 4267; x_wconf 88' lang='lat' dir='ltr'><strong>su-</strong></span> 
     </span>
     <span class='ocr_line' id='line_1_42' title="bbox 622 4302 3208 4391; baseline 0 -23"><span class='ocrx_word' id='word_1_372' title='bbox 622 4304 899 4391; x_wconf 88' lang='lat' dir='ltr'><strong>perioris</strong></span> <span class='ocrx_word' id='word_1_373' title='bbox 945 4326 1286 4369; x_wconf 90' lang='lat' dir='ltr'><strong>numerum</strong></span> <span class='ocrx_word' id='word_1_374' title='bbox 1330 4302 1676 4388; x_wconf 83' lang='lat' dir='ltr'><strong>relegatur.</strong></span> <span class='ocrx_word' id='word_1_375' title='bbox 1768 4304 1851 4368; x_wconf 90' lang='lat' dir='ltr'><strong>In</strong></span> <span class='ocrx_word' id='word_1_376' title='bbox 1894 4303 2016 4371; x_wconf 92' lang='lat' dir='ltr'><strong>hoe</strong></span> <span class='ocrx_word' id='word_1_377' title='bbox 2059 4305 2233 4369; x_wconf 90' lang='lat' dir='ltr'><strong>enim</strong></span> <span class='ocrx_word' id='word_1_378' title='bbox 2276 4305 2414 4369; x_wconf 90' lang='lat' dir='ltr'><strong>fere</strong></span> <span class='ocrx_word' id='word_1_379' title='bbox 2476 4303 3002 4370; x_wconf 85' lang='lat' dir='ltr'><strong>doctissimorum</strong></span> <span class='ocrx_word' id='word_1_380' title='bbox 3059 4327 3208 4369; x_wconf 89' lang='lat' dir='ltr'><strong>eon-</strong></span> 
     </span>
     <span class='ocr_line' id='line_1_43' title="bbox 624 4388 3209 4492; baseline -0.001 -21"><span class='ocrx_word' id='word_1_381' title='bbox 624 4428 854 4472; x_wconf 87' lang='lat' dir='ltr'><strong>sensus</strong></span> <span class='ocrx_word' id='word_1_382' title='bbox 901 4416 1030 4485; x_wconf 90' lang='lat' dir='ltr'><strong>est,</strong></span> <span class='ocrx_word' id='word_1_383' title='bbox 1090 4388 1375 4471; x_wconf 75' lang='lat' dir='ltr'><strong>acutam·</strong></span> <span class='ocrx_word' id='word_1_384' title='bbox 1402 4404 1549 4492; x_wconf 88' lang='lat' dir='ltr'><strong>plus</strong></span> <span class='ocrx_word' id='word_1_385' title='bbox 1591 4428 1722 4469; x_wconf 84' lang='lat' dir='ltr'><strong>una</strong></span> <span class='ocrx_word' id='word_1_386' title='bbox 1765 4406 1836 4469; x_wconf 90' lang='lat' dir='ltr'><strong>in</strong></span> <span class='ocrx_word' id='word_1_387' title='bbox 1880 4407 2080 4472; x_wconf 86' lang='lat' dir='ltr'><strong>verbo</strong></span> <span class='ocrx_word' id='word_1_388' title='bbox 2126 4428 2269 4470; x_wconf 90' lang='lat' dir='ltr'><strong>esse</strong></span> <span class='ocrx_word' id='word_1_389' title='bbox 2312 4428 2442 4471; x_wconf 92' lang='lat' dir='ltr'><strong>non</strong></span> <span class='ocrx_word' id='word_1_390' title='bbox 2486 4428 2714 4491; x_wconf 89' lang='lat' dir='ltr'><strong>posse,</strong></span> <span class='ocrx_word' id='word_1_391' title='bbox 2769 4429 3005 4491; x_wconf 85' lang='lat' dir='ltr'><strong>graves</strong></span> <span class='ocrx_word' id='word_1_392' title='bbox 3064 4427 3209 4470; x_wconf 89' lang='lat' dir='ltr'><strong>esse</strong></span> 
     </span>
     <span class='ocr_line' id='line_1_44' title="bbox 625 4509 993 4594; baseline -0.008 -21"><span class='ocrx_word' id='word_1_393' title='bbox 625 4509 993 4594; x_wconf 89' lang='lat' dir='ltr'><strong>conplures.</strong></span> 
     </span>
    </p>

    <p class='ocr_par' dir='ltr' id='par_1_10' title="bbox 625 4605 3210 4897">
     <span class='ocr_line' id='line_1_45' title="bbox 792 4605 3207 4689; baseline 0 -18"><span class='ocrx_word' id='word_1_394' title='bbox 792 4608 897 4672; x_wconf 84' lang='grc'><strong>24.</strong></span> <span class='ocrx_word' id='word_1_395' title='bbox 944 4605 1329 4674; x_wconf 87' lang='lat' dir='ltr'><strong>Prosodiam</strong></span> <span class='ocrx_word' id='word_1_396' title='bbox 1371 4607 1463 4672; x_wconf 94' lang='lat' dir='ltr'><strong>ibi</strong></span> <span class='ocrx_word' id='word_1_397' title='bbox 1508 4630 1651 4673; x_wconf 90' lang='lat' dir='ltr'><strong>esse</strong></span> <span class='ocrx_word' id='word_1_398' title='bbox 1697 4608 2005 4689; x_wconf 89' lang='lat' dir='ltr'><strong>dicimus,</strong></span> <span class='ocrx_word' id='word_1_399' title='bbox 2062 4607 2177 4673; x_wconf 93' lang='lat' dir='ltr'><strong>ubi</strong></span> <span class='ocrx_word' id='word_1_400' title='bbox 2230 4619 2345 4673; x_wconf 87' lang='lat' dir='ltr'><strong>aut</strong></span> <span class='ocrx_word' id='word_1_401' title='bbox 2400 4610 2658 4673; x_wconf 84' lang='lat' dir='ltr'><strong>sursum</strong></span> <span class='ocrx_word' id='word_1_402' title='bbox 2716 4618 2818 4675; x_wconf 85' lang='lat' dir='ltr'><strong>est</strong></span> <span class='ocrx_word' id='word_1_403' title='bbox 2862 4619 2977 4673; x_wconf 88' lang='lat' dir='ltr'><strong>aut</strong></span> <span class='ocrx_word' id='word_1_404' title='bbox 3021 4606 3207 4673; x_wconf 85' lang='lat' dir='ltr'><strong>deor-</strong></span> 
     </span>
     <span class='ocr_line' id='line_1_46' title="bbox 625 4708 3210 4795; baseline 0 -22"><span class='ocrx_word' id='word_1_405' title='bbox 625 4732 788 4773; x_wconf 84' lang='lat' dir='ltr'><strong>sum.</strong></span> <span class='ocrx_word' id='word_1_406' title='bbox 852 4710 1037 4791; x_wconf 77' lang='lat' dir='ltr'><strong>Quae</strong></span> <span class='ocrx_word' id='word_1_407' title='bbox 1083 4709 1427 4774; x_wconf 87' lang='lat' dir='ltr'><strong>demissior</strong></span> <span class='ocrx_word' id='word_1_408' title='bbox 1469 4719 1571 4773; x_wconf 87' lang='lat' dir='ltr'><strong>est</strong></span> <span class='ocrx_word' id='word_1_409' title='bbox 1615 4731 1655 4773; x_wconf 87' lang='lat' dir='ltr'><strong>a</strong></span> <span class='ocrx_word' id='word_1_410' title='bbox 1698 4709 1995 4795; x_wconf 88' lang='lat' dir='ltr'><strong>pluribus</strong></span> <span class='ocrx_word' id='word_1_411' title='bbox 2030 4714 2251 4792; x_wconf 86' lang='grc' dir='ltr'>βαρεῖα</span> <span class='ocrx_word' id='word_1_412' title='bbox 2282 4709 2653 4795; x_wconf 88' lang='lat' dir='ltr'><strong>appellatur</strong></span> <span class='ocrx_word' id='word_1_413' title='bbox 2695 4732 2963 4795; x_wconf 83' lang='lat' dir='ltr'><strong>graece,</strong></span> <span class='ocrx_word' id='word_1_414' title='bbox 3010 4708 3210 4773; x_wconf 88' lang='lat' dir='ltr'><strong>latine</strong></span> 
     </span>
     <span class='ocr_line' id='line_1_47' title="bbox 625 4808 3206 4897; baseline -0.001 -22"><span class='ocrx_word' id='word_1_415' title='bbox 625 4833 781 4875; x_wconf 82' lang='lat' dir='ltr'><strong>vero</strong></span> <span class='ocrx_word' id='word_1_416' title='bbox 826 4813 1048 4895; x_wconf 80' lang='lat' dir='ltr'><strong>gravis</strong></span> <span class='ocrx_word' id='word_1_417' title='bbox 1094 4811 1276 4893; x_wconf 83' lang='lat' dir='ltr'><strong>ideo,</strong></span> <span class='ocrx_word' id='word_1_418' title='bbox 1336 4808 1510 4897; x_wconf 90' lang='lat' dir='ltr'><strong>quod</strong></span> <span class='ocrx_word' id='word_1_419' title='bbox 1557 4808 1863 4879; x_wconf 89' lang='lat' dir='ltr'><strong>deorsum</strong></span> <span class='ocrx_word' id='word_1_420' title='bbox 1907 4820 2008 4876; x_wconf 88' lang='lat' dir='ltr'><strong>est</strong></span> <span class='ocrx_word' id='word_1_421' title='bbox 2050 4812 2120 4874; x_wconf 90' lang='lat' dir='ltr'><strong>in</strong></span> <span class='ocrx_word' id='word_1_422' title='bbox 2164 4809 2318 4875; x_wconf 90' lang='lat' dir='ltr'><strong>sede</strong></span> <span class='ocrx_word' id='word_1_423' title='bbox 2364 4811 2612 4876; x_wconf 87' lang='lat' dir='ltr'><strong>scilieet</strong></span> <span class='ocrx_word' id='word_1_424' title='bbox 2656 4810 3017 4897; x_wconf 89' lang='lat' dir='ltr'><strong>ponderum</strong></span> <span class='ocrx_word' id='word_1_425' title='bbox 3063 4832 3206 4895; x_wconf 86' lang='lat' dir='ltr'><strong>gra-</strong></span> 
     </span>
    </p>
   </div>
  </div>
 </body>
</html>
