3664 5546
1139 337 1295 391 ΠΕΡΙ
1338 336 1729 391 ΚΑΘΟΛΙΚΗ(
1765 335 2185 391 ΠΡΟΕΩιΔΙΑ(
2225 337 2303 389 ΙΘ.
2873 335 3000 400 495

426 508 729 575 ὀξύνεται.
792 509 871 572 τὰ
917 513 987 572 δὲ
1030 506 1397 587 ἀναφορικὰ
1443 508 1806 589 βαρύνεται,
1853 508 2053 571 ὅπου
2067 558 2083 591 ,
2131 507 2335 572 ὅκου.
2392 508 2492 570 καὶ
2536 509 2611 571 τὸ
2658 507 2796 586 βαύ
2842 508 2998 571 κατὰ

425 611 668 691 μίμηςιν
712 612 904 674 κυνὸς
950 608 1237 675 ὀξύνεται
1285 610 1442 689 «βαὺ
1489 611 1609 691 βαὺ
1652 612 1753 675 καὶ
1797 611 1990 674 κυνὸς
2035 610 2264 689 φωνὴν
2309 608 2478 674 ἱείς».
2546 608 2609 675 ἐξ
2655 606 2735 672 οὗ
2779 610 2880 672 καὶ
2921 610 2997 673 τὸ

426 713 634 792 βαύζω
682 711 860 791 ῥῆμα.
970 739 975 742 ·

592 814 685 878 Τὰ
727 815 842 891 τὴν
889 816 953 876 ἇῐ
998 815 1355 893 δίφθογγον
1402 812 1637 892 ἔχοντα
1682 814 2005 896 ὀξύνεται,
2065 813 2208 879 οἷον
2264 812 2343 877 αἴ
2395 809 2588 877 ’τάλας
2643 815 2744 877 καὶ
2795 812 2876 877 αἴ
2922 815 2995 878 τὸ

425 916 741 998 εὐκτικὸν,
800 915 959 994 ὅπερ
1016 915 1147 980 ἀπὸ
1192 920 1308 979 τοῦ
1354 915 1411 979 εἴ
1453 916 1682 992 γέγονε
1725 917 1989 1000 Δωρικῇ
2033 922 2238 998 τροπῇ
2283 921 2399 980 τοῦ
2443 919 2476 980 ἐ’
2519 915 2607 980 εἰς
2652 918 2692 979 ᾶ
2750 917 2840 980 ὡς
2891 916 2994 979 κύ·
3023 925 3056 974 5

424 1039 650 1097 πειρον
696 1018 1037 1100 κύπαιρον,
1084 1019 1187 1081 καὶ
1228 1019 1302 1083 τὸ
1348 1019 1472 1083 ναί
1518 1020 2037 1094 ςυγκαταθέςεως.

593 1119 805 1183 Ταῦτά
849 1119 972 1184 ἐςτι
1020 1120 1483 1200 μονοςύλλαβα.

593 1220 801 1285 Οὐδὲν
844 1228 977 1286 τῶν
1023 1221 1183 1300 ὑπὲρ
1228 1222 1372 1301 μίαν
1406 1225 1719 1303 ςυλλαβὴν
1764 1222 1854 1287 εἰς
1897 1227 1939 1286 ἆ
1985 1223 2315 1303 ληγόντων
2348 1224 2792 1304 ἐπιρρημάτων
2824 1244 2996 1303 περι-

425 1328 679 1406 ςπᾶται,
724 1322 889 1387 ἀλλὰ
937 1323 1254 1406 ὀξύνεται,
1304 1325 1393 1388 ὡς
1436 1325 1511 1389 τὸ
1556 1324 2003 1407 ἀναφανδά,
2047 1326 2353 1409 τριχθά,
2412 1327 2604 1404 δηθά
2648 1327 2687 1404 ἢ
2734 1327 2994 1406 βαρύνε-

422 1417 523 1490 ται
571 1427 659 1490 ὡς
703 1427 777 1490 τὸ
823 1424 1052 1510 αἶψα,
1097 1427 1353 1508 ἤλιθα,
1398 1426 1690 1491 αὐτίκα.
3035 1438 3099 1489 10

592 1528 684 1592 Τὰ
729 1527 816 1592 εἰς
862 1529 902 1591 ἇ
947 1529 1317 1610 διςύλλαβα,
1363 1529 1853 1608 ὑπεςταλμένων
1893 1536 2023 1594 τῶν
2070 1530 2155 1594 εἰς
2200 1517 2280 1594 δα
2322 1532 2425 1595 καὶ
2465 1516 2577 1612 θα,
2626 1531 2996 1611 βαρύνεςθαι

424 1631 623 1713 θέλει,
681 1629 815 1708 ῥέα
876 1629 1078 1714 ῥεῖα,
1135 1632 1365 1712 ςάφα,
1424 1631 1631 1712 μίγα,
1695 1632 1856 1710 ὅπερ
1912 1631 2098 1711 μίγδα
2155 1633 2433 1715 λέγεται,
2489 1631 2669 1716 ἅμα,
2725 1635 2994 1715 κάρτα,

420 1733 677 1814 τέττα,
723 1721 952 1815 ἔμπα,
1000 1733 1160 1811 ὅπερ
1206 1735 1307 1797 καὶ
1350 1734 1687 1812 ςύνδεςμός
1717 1734 1911 1816 ἐςτιν,
1957 1733 2185 1817 αἶψα,
2230 1733 2417 1817 ὦκα,
2463 1735 2635 1818 ἦκα,
2682 1733 2810 1799 οἷα
2855 1734 2997 1799 ἀντὶ

420 1839 538 1899 τοῦ
581 1833 774 1916 καθά,
819 1834 938 1898 εἷα
981 1837 1057 1900 τὸ
1101 1838 1669 1913 παρακελευςτικόν
1713 1836 2054 1918 ἐπίρρημα,
2110 1835 2302 1900 ὄκκα
2358 1839 2434 1901 τὸ
2491 1837 2597 1901 ὅτε
2653 1838 2814 1916 παρ’
2859 1837 2996 1901 Ἀλ-

423 1939 621 2016 κμᾶνι.
695 1937 797 1999 καὶ
840 1938 914 2001 τὸ
959 1939 1207 2015 τρόπα
1252 1939 1323 2002 δὲ
1369 1936 1616 2017 ὀφείλει
1663 1939 2062 2021 βαρύνεςθαι,
2119 1938 2246 2003 ἔςτι
2292 1941 2363 2003 δὲ
2407 1938 2654 2003 παιδιά·
2710 1941 2878 2005 τινὲς
2923 1940 2993 2004 δὲ
3035 1951 3094 2000 15

422 2038 688 2106 ὤξυναν.
736 2041 1142 2118 ςυντιθέμενα
1173 2041 1243 2104 δὲ
1274 2041 1615 2121 διςύλλαβα
1644 2042 2219 2124 προπαροξύνεται,
2251 2040 2577 2124 ἄναντα,
2623 2043 2991 2119 πάραντα.

419 2142 497 2206 τὰ
542 2141 629 2206 εἰς
681 2128 763 2206 ffi
810 2142 914 2206 ἐπὶ
955 2146 1208 2206 παιδιᾶς
1251 2143 1534 2227 κείμενα,
1581 2146 2076 2224 παραληγόμενα
2117 2149 2209 2228 τῷ
2248 2144 2282 2205 ῖ
2321 2145 2424 2207 καὶ
2467 2145 2506 2206 ’ν
2551 2143 2992 2226 παροξύνεται,

423 2245 857 2327 βαςιλίνδα,
904 2245 1312 2328 χυτρίνδα,
1358 2246 1763 2328 φαινίνδα,
1811 2244 2315 2328 ὀςτρακίνδα,
2373 2247 2651 2324 μυῖνδα
2702 2245 2832 2310 ἀπὸ
2876 2250 2993 2309 τοῦ

423 2347 600 2424 μύειν
644 2346 798 2410 τοὺς
843 2344 1220 2425 ὀφθαλμοὺς
1263 2349 1365 2411 καὶ
1394 2348 1814 2426 ἐρωτώμενον
1861 2349 2069 2423 λέγειν
2098 2348 2238 2413 τίνα
2281 2348 2432 2412 τάδε
2468 2351 2571 2413 καὶ
2613 2349 2777 2413 πόςα
2819 2349 2994 2431 τάδε,

424 2447 556 2510 ἔςτ’
600 2448 678 2510 ἂν
711 2447 1005 2530 ἐπιτύχῃ,
1038 2448 1545 2532 δραπετίνδα,
1590 2450 1951 2532 ποςίνδα,
1998 2450 2444 2532 ἐπαιτίνδα,
2476 2451 2828 2534 ξιφίνδα,
2860 2456 2988 2515 δα·
3026 2462 3094 2513 20

424 2548 778 2631 ληκίνδα,
822 2550 1177 2628 φυγίνδα
1252 2550 1327 2614 τὸ
1374 2552 1762 2628 ςκαπέρδα
1805 2552 1910 2616 ἐπὶ
1952 2555 2204 2616 παιδιᾶς
2247 2554 2361 2632 μὲν
2401 2556 2626 2636 κεῖται,
2670 2553 2878 2633 ὄνομα
2922 2555 2993 2618 δέ

423 2648 548 2713 ἐςτι
592 2651 694 2713 καὶ
736 2649 854 2714 οὐκ
897 2651 1221 2731 ἐπίρρημα.
1288 2652 1367 2715 τὰ
1413 2654 1481 2716 δὲ
1528 2655 1722 2717 λοιπὰ
1763 2660 1896 2718 τῶν
1941 2654 2029 2718 εἰς
2069 2643 2155 2717 δᾶ
2214 2654 2533 2739 ὀξύνεται,
2578 2657 2769 2735 χωρὶς
2813 2655 2866 2720 εἰ
2910 2659 2990 2736 μὴ

423 2752 550 2830 πρὸ
606 2739 804 2817 τοῦδ
861 2754 931 2819 ἓν
986 2776 1041 2817 τι
1099 2760 1230 2819 τῶν
1288 2756 1522 2838 μέςων,
1581 2755 2034 2840 ἀναφανδά,
2097 2758 2528 2841 καναχηδά,
2593 2759 2990 2843 παμπηδά,

545 2994 579 3043 l.
605 2999 628 3044 1
659 3011 755 3060 pro
782 2994 919 3046 ὅτου
946 2995 1140 3060 scripsi
1166 2993 1317 3046 ὅκου.
1431 2996 1467 3047 1.
1493 2997 1524 3045 2
1561 2993 1661 3047 ἱείς
1698 3012 1794 3062 pro
1825 2994 1926 3047 ἵεις
1954 3000 2173 3064 scripsit
2198 3000 2261 3050 G.
2287 2999 2538 3053 Dindorf.
2573 3001 2631 3049 in
2656 3000 2920 3050 Thesaur.
2946 3016 2988 3051 s.

424 3061 621 3125 βαΰζω.
712 3065 746 3113 l.
773 3066 805 3115 5
828 3062 968 3126 ὅπερ
991 3089 1059 3099 -
1083 3062 1355 3127 κύπαιρον
1380 3064 1588 3113 inserui
1613 3081 1677 3114 ex
1702 3065 1946 3130 Theogn.
1975 3068 2087 3129 155,
2112 3070 2195 3130 32,
2224 3070 2317 3132 qui
2341 3068 2545 3119 ibidem
2567 3064 2630 3143 αἶ
2650 3065 2822 3118 τάλας
2848 3071 2992 3134 aspi-

421 3148 647 3199 randum
687 3148 837 3200 dicit.
979 3149 1014 3201 l.
1044 3151 1104 3197 12
1142 3147 1277 3199 ἔνθα
1312 3148 1428 3210 hic,
1465 3149 1561 3198 ubi
1597 3148 1663 3199 de
1701 3149 1981 3201 adverbiis
2025 3152 2082 3200 in
2119 3154 2154 3200 ᾶ
2191 3153 2439 3216 exceptis
2475 3154 2532 3202 in
2568 3152 2636 3203 δα
2674 3157 2730 3203 et
2766 3155 2836 3204 θα
2874 3152 2989 3219 agi-

422 3221 534 3278 tur,
572 3218 755 3275 omisi,
790 3215 903 3279 ἅμα
941 3222 998 3266 et
1035 3214 1209 3280 κάρτα
1246 3216 1434 3267 addidi
1473 3232 1538 3266 ex
1573 3216 1697 3267 Arc.
1736 3219 1859 3281 184,
1894 3221 1954 3267 4:
2000 3217 2072 3270 τὰ
2117 3219 2204 3270 διὰ
2238 3221 2342 3271 τοῦ
2380 3222 2415 3271 ἃ
2462 3219 2571 3285 πρὸ
2620 3222 2742 3285 μιᾶς
2787 3221 2989 3285 ἔχοντα

420 3283 526 3333 τὸν
560 3283 735 3335 τόνον
772 3285 860 3334 καί
899 3287 1077 3349 μακρᾷ
1114 3282 1553 3349 παραληγόμενα
1588 3287 2108 3350 προπεριςπῶνται,
2157 3285 2306 3352 ὦκα,
2343 3286 2478 3352 ἧκα,
2526 3287 2697 3354 αἶψα,
2736 3286 2829 3340 οἶα
2863 3287 2988 3340 ἀντὶ

418 3354 523 3401 τοί)
562 3350 719 3402 καθά.
787 3350 856 3402 τὸ
892 3351 1006 3415 ἅμα
1040 3351 1339 3415 παροξύνει
1382 3352 1490 3416 τὴν
1512 3352 1960 3421 Ιπαραλήγουςαν
2005 3355 2094 3405 καί
2138 3356 2207 3406 τὸ
2254 3354 2432 3420 κάρτα
2473 3356 2561 3407 διὰ
2607 3356 2678 3409 τὸ
2714 3356 2856 3409 θὲςει
2893 3372 2988 3421 μα-

421 3418 585 3483 κρόν,
624 3420 748 3470 hinc
784 3423 947 3470 etiam
987 3421 1022 3470 l.
1065 3424 1127 3471 13
1163 3419 1306 3484 αἶψα
1340 3446 1406 3456 -——-
1443 3419 1599 3472 καθά.
1638 3448 1706 3458 —
1741 3419 1829 3472 εἷα
1869 3422 2056 3473 addidi
2100 3438 2165 3473 ex
2202 3424 2380 3475 Sebol.
2417 3426 2465 3474 A
2500 3426 2571 3475 ad
2605 3426 2670 3476 11.
2709 3425 2720 3477 Ι
2759 3428 2881 3477 26οε
2919 3423 2988 3476 τὸ

421 3486 927 3550 παρακελευςτικὸν
975 3486 1252 3553 ἐπίρρημα
1296 3486 1410 3539 ἀπὸ
1456 3488 1664 3540 τούτου
1708 3491 1811 3540 τοῦ
1860 3490 2159 3554 ςυνδέςμου
2209 3489 2306 3555 (εἰ)
2349 3492 2550 3555 γέγονε
2593 3496 2695 3544 τοῦ
2733 3496 2768 3544 ἇ
2805 3507 2988 3558 περιτ-

420 3553 715 3619 τεύοντος,
754 3559 858 3606 τοῦ
887 3554 1062 3607 τόνου
1093 3555 1432 3619 ἀλλαγέντος
1472 3556 1549 3607 εἰς
1580 3556 2008 3621 περιςπώμενον
2034 3557 2350 3621 ἀναγκαίως
2381 3560 2470 3610 καὶ
2495 3563 2598 3625 τῆς
2626 3559 2842 3613 δαςείας
2868 3560 2986 3612 Ἀτ-

420 3624 590 3673 τικῶς
618 3623 1029 3689 προςελθούςης
1054 3626 1124 3674 ef.
1152 3626 1326 3676 Lehrs
1354 3625 1420 3675 de
1446 3626 1610 3676 Arist.
1637 3629 1736 3677 325
1762 3625 1848 3676 ed.
1871 3628 1948 3688 11,
1975 3627 2140 3677 aliter
2166 3628 2359 3678 Choer.
2388 3629 2545 3679 Orth.
2575 3633 2696 3681 123:
2723 3627 2836 3681 εἶαε
2874 3628 2986 3681 {cri

421 3688 481 3740 δὲ
527 3692 1109 3754 παρακελευςματικὸν
1155 3691 1431 3757 ἐπίρρημα
1476 3693 1565 3743 καὶ
1600 3691 1875 3757 γράφεται
1923 3692 2010 3744 διὰ
2039 3696 2154 3759 ’τῆς
2198 3695 2250 3746 ὃ
2292 3695 2623 3760 διφθόΠου·
2662 3697 2847 3763 ὥςπερ
2881 3696 2987 3762 γὰρ

419 3758 675 3878 23ίάτέῗέ
700 3758 800 3878 ’Ξῖῗ
824 3758 1035 3879 ἶὲἵῗῖω
1060 3760 1334 3880 tim?
1357 3763 1533 3880 5325}
1567 3760 2984 3891 2303322535{avazvzasstvff‘a‘ztv}⁰3:225?

407 3896 478 3944 oin
500 3896 564 3944 Ε.
588 3896 663 3946 Μ.
690 3898 807 3959 294,
832 3899 915 3956 45,
951 3844 1187 3962 iquuod
1210 3898 1313 3947 hoc
1338 3844 1785 3949 adnotassentm
1809 3900 2058 3961 transiit,
2097 3901 2319 3952 adiecta
2355 3908 2482 3952 sunt
2517 3849 2714 3964 verbau,
2751 3918 2892 3967 quae
2929 3873 2986 3951 11}

422 3963 677 4028 Orthogr.
704 3966 827 4030 ipsa
852 3981 940 4030 ap.
968 3966 1145 4016 Cram.
1188 3982 1296 4016 non
1323 3971 1565 4015 exstant:
1612 3964 1977 4030 παρατίθεται
2000 3966 2061 4017 δὲ
2083 3968 2190 4032 τὴν
2213 3971 2403 4033 χρῆςιν
2442 3968 2475 4019 ό
2497 3970 2751 4033 τεχνικὸς
2776 3968 2984 4021 οὕτως·

422 4027 510 4081 εἷα
545 4031 613 4095 δὴ
652 4031 818 4083 ξύλον
843 4032 1028 4098 ἄγειρέ
1054 4048 1143 4097 μοι
1169 4033 1387 4098 ςεαυτό,
1424 4035 1680 4084 Eustath.
1706 4038 1821 4097 107,
1846 4038 1912 4085 30
1947 4035 2152 4087 diserte
2176 4037 2277 4087 hoc
2303 4039 2669 4088 testimonium
2694 4038 2986 4103 Georgium

421 4098 856 4151 Choeroboscum
892 4102 1137 4185 proferre
1176 4102 1331 4151 dicit.
1404 4099 1543 4153 ὅκκα
1580 4102 1770 4152 addidi
1806 4118 1873 4152 ex
1906 4103 2111 4154 Herod.
2147 4105 2274 4169 περὶ
2320 4106 2521 4156 παθῶν
2564 4108 2621 4156 in
2656 4108 2722 4157 Ε.
2758 4108 2830 4155 Μ.
2868 4108 2985 4169 620,

420 4170 485 4218 30
522 4166 703 4218 «ὅκκα
739 4167 807 4231 δὴ
844 4183 986 4233 τυνη
1026 4167 1189 4234 εἵην»
1226 4168 1368 4233 παρ’
1404 4168 1667 4233 Ἀλκμᾶνι
1692 4172 1764 4221 cf.
1788 4170 1965 4237 Apoll.
2003 4171 2068 4222 de
2096 4173 2218 4223 adv.
2243 4175 2360 4236 606,
2386 4177 2469 4236 30,
2505 4174 2718 4225 Ahrens
2754 4174 2820 4225 de
2858 4174 2988 4225 dial.

418 4236 550 4285 Dor.
586 4252 640 4301 p.
664 4238 780 4288 376.
816 4263 882 4273 -
916 4237 953 4287 l.
982 4239 1043 4287 16
1080 4254 1202 4288 eum
1238 4237 1555 4289 κατέναντα
1589 4239 1803 4289 confort
1827 4240 2028 4293 Herod.
2065 4241 2133 4291 11.
2159 4243 2249 4296 Pr.
2278 4239 2322 4293 Ο
2357 4245 2457 4293 320
2481 4240 2807 4294 κατένωπαε
2849 4240 2987 4307 Ἀρί-

419 4318 653 4369 ςταρχος
691 4308 1044 4370 προπεριςπᾷ
1079 4307 1384 4356 κατενῶπα
1422 4304 1498 4356 ὡς
1543 4305 1684 4357 κατὰ
1718 4305 1904 4371 δῶμα,
1951 4306 2052 4357 ἀπ’
2077 4306 2292 4360 εὐθείας
2324 4311 2427 4373 τῆς
2462 4309 2556 4375 ὤψ
2605 4311 2728 4375 ἥτις
2758 4308 2986 4362 αἰτιατι-

421 4373 527 4437 κὴν
561 4373 673 4436 ἔχει
706 4373 815 4436 τὴν
853 4371 998 4425 ὦπα.
1066 4373 1098 4424 ὁ
1143 4372 1203 4424 δὲ
1240 4372 1503 4427 Ἀλεξίων
1538 4374 1628 4424 καί
1665 4373 1717 4425 οἱ
1754 4373 1982 4427 πλείους
2019 4374 2097 4427 ὡς
2133 4376 2472 4442 κατέναντα,
2519 4348 2604 4429 ol(
2639 4380 2730 4430 καί
2767 4377 2986 4442 βέλτιον

420 4438 727 4505 πείθεςθαι,
771 4439 865 4492 ἵνα
900 4442 935 4506 ᾗ
970 4440 1086 4493 ἀπὸ
1121 4444 1224 4493 τοθ
1269 4440 1592 4493 κατενώπια
1637 4442 1780 4493 κατὰ
1825 4445 2111 4509 ςυγκοπὴν
2152 4444 2456 4497 κατένωπα
2501 4445 2578 4497 ὦς
2617 4444 2783 4513 μηρία
2818 4448 2982 4512 μῆρα,

423 4507 559 4560 ςιτία
597 4512 718 4561 ςῖτα
755 4511 824 4564 cf.
862 4510 1038 4561 Lehrs
1073 4511 1240 4561 Arist.
1276 4528 1329 4574 p.
1354 4514 1452 4561 299
1483 4526 1632 4575 seqq.
1661 4511 1746 4561 ed.
1774 4511 1846 4561 Π.
1880 4539 1947 4549 -
1984 4513 2020 4564 l.
2056 4516 2119 4564 18
2156 4513 2352 4576 μυῐνδα
2388 4515 2604 4580 explevi
2639 4532 2706 4566 ex
2739 4516 2984 4581 Theogn.

426 4579 538 4640 164,
573 4581 658 4640 28,
696 4579 873 4629 Bekk.
908 4579 1008 4628 An.
1048 4582 1179 4630 1353
1213 4595 1309 4645 pro
1347 4576 1445 4629 ἐάν
1489 4593 1571 4630 τις
1608 4577 1843 4646 ἐπιτύχῃ
1882 4583 2125 4632 scribens
2162 4580 2282 4632 ἔςτ’
2317 4580 2386 4631 ἂν
2429 4582 2631 4633 collato
2664 4584 2873 4634 Polluc.
2906 4584 2986 4634 IX

427 4644 547 4708 110,
595 4662 663 4696 ex
697 4647 942 4713 Theogn.
990 4649 1225 4714 apposui
1271 4648 1437 4697 etiam
1479 4645 1816 4723 δρριπ-ετίνδα
1862 4677 1928 4685 -—
1971 4647 2227 4714 φυγίνδα.
2272 4677 2338 4686 ——
2382 4650 2418 4704 l.
2455 4653 2521 4702 23
2565 4649 2839 4717 παμπηδά
2884 4668 2983 4718 pro

426 4729 646 4795 πανηδά
687 4734 1058 4811 εαδεῐίῐιιί.-
1036 4734 1120 4784 De
1166 4733 1443 4785 adverbiis
1483 4734 1542 4783 in
1587 4733 1654 4785 δα
1690 4733 1873 4801 Apoll.
1910 4734 1974 4786 de
2014 4736 2136 4790 adv.
2164 4738 2261 4787 562
2296 4736 2467 4788 tradit
2501 4737 2627 4788 acui
2666 4754 2746 4799 ea,
2785 4737 2983 4803 quibus

424 4814 604 4867 altera
646 4818 821 4870 forma
866 4821 923 4893 iri
958 4821 1056 4873 δον
1102 4821 1249 4874 adsit
1292 4819 1608 4887 καναχηδόν
1652 4819 1962 4890 καναχηδὰ,
2006 4819 2354 4889 .αὐτοςχεδόν
2399 4820 2729 4889 αὐτοςχεδά,
2774 4821 2982 4891 χανδόν
