3664 5546
1225 361 1381 417 ΠΕΡΙ
1421 360 1812 417 ΚΑΘΟΛΙΚΗ(
1847 359 2268 415 ΠΡΟΕΩιΔΙΑΕ
2306 360 2337 413 Ι.
2942 358 3071 423 245

503 555 726 618 ρεως,
770 533 1099 614 ἀξιόχρεος
1144 532 1605 617 ἀξιόχρεως,
1646 530 1831 598 ἵλαος
1877 528 2140 615 ἰ’λεως,
2185 529 2628 613 ἀνάπλεως,
2683 529 3068 615 εὔγηρως,

501 637 1005 717 χρυςόκερως.
1094 635 1489 716 ςεςημείωται
1544 635 1620 700 τὸ
1677 633 1948 715 ὀρφῶς
2003 635 2105 699 καὶ
2163 637 2433 709 λαγῶς.
2520 635 2717 697 ταῦτα
2772 633 2895 712 γὰρ
2951 633 3069 698 οὐκ

501 739 776 820 ἐφύλαξε
820 738 936 804 τὸν
978 736 1175 803 τόνον
1217 740 1350 801 τῶν
1394 740 1657 802 κοινῶν·
1720 740 1839 801 τοῦ
1883 738 1996 816 μὲν
2041 737 2164 815 γὰρ
2208 735 2432 817 ὀρφῶς
2475 736 2550 800 τὸ
2594 735 2816 800 κοινὸν
2861 733 3069 815 ὄρφος

501 842 626 908 {cri
665 839 1076 922 ’βαρυτόνως,
1130 843 1246 904 τοῦ
1302 841 1373 904 δὲ
1429 842 1640 916 λαγῶς
1696 838 2017 906 ὀξυτόνως
2074 837 2285 915 λαγός.
2372 838 2477 902 καὶ
2529 836 2599 902 ἐν
2652 839 2792 901 τοῖς
2836 836 2925 901 εἰς
2980 842 3069 901 ως

501 944 662 1022 ὑπὲρ
705 942 851 1022 μίαν
896 941 1210 1021 ςυλλαβὴν
1256 940 1449 1006 οὐδὲν
1504 943 1874 1018 περιςπᾶται
1917 940 2086 1018 πλὴν
2129 944 2245 1005 τοῦ
2288 938 2511 1019 ὀρφῶς
2554 938 2656 1003 καὶ
2697 941 2926 1015 λαγῶς.
2990 940 3067 1004 τὸ
3095 951 3128 1002 5

401 1034 410 1041 ’
498 1046 621 1124 γὰρ
677 1046 940 1124 τυφῶς
995 1044 1096 1107 καὶ
1149 1042 1346 1108 ταῶς
1400 1044 1502 1107 καὶ
1545 1042 1920 1108 Μανεθῶς
1964 1041 2088 1107 ἐςτι
2144 1042 2574 1121 δικατάληκτα.
2661 1041 2762 1105 καὶ
2816 1040 2937 1119 γὰρ
2982 1039 3071 1106 εἰς

501 1150 537 1212 ν
585 1147 843 1226 λήγουςι
886 1148 1109 1225 τυφῶν
1154 1144 1257 1209 καὶ
1298 1143 1469 1210 ταῶν
1513 1145 1615 1209 καὶ
1659 1144 1995 1209 Μανεθῶν.
2082 1144 2158 1209 τὸ
2202 1145 2273 1209 δὲ
2325 1141 2493 1208 ταῶς
2547 1141 2678 1207 ἀπὸ
2733 1147 2851 1207 τοῦ
2895 1144 3069 1227 ταός,

501 1249 589 1315 ὥς
631 1268 797 1314 τινες
842 1246 1215 1329 βούλονται,
1260 1246 1379 1311 οὐκ
1407 1246 1686 1324 ἠδύνατο
1717 1244 1915 1329 εἶναι,
1960 1245 2176 1325 ἐπειδὴ
2219 1246 2296 1311 τὸ
2340 1245 2492 1310 ταός
2532 1246 2636 1310 διὰ
2663 1249 2781 1311 τοῦ
2824 1247 2907 1310 ὀἶ
2951 1245 3072 1311 οὐκ

500 1351 627 1417 ἔςτι
672 1351 932 1428 ςύνηθες
974 1348 1150 1427 παρὰ
1194 1350 1329 1413 τοῖς
1372 1348 1679 1428 Ἕλληςιν.
1765 1348 1994 1414 Πάντα
2047 1350 2119 1413 δὲ
2173 1349 2254 1412 τὰ
2297 1348 2385 1412 εἰς
2427 1338 3070 1427 ῖυῖ’περιςπαςθὲντα

500 1454 655 1518 ἄνευ
701 1450 902 1527 λόγου
945 1449 1380 1529 περιεςπάςθη.
1468 1451 1542 1515 τὸ
1598 1451 1669 1515 δὲ
1713 1450 2073 1531 Τηλεβῶς
2118 1451 2188 1517 ἐκ
2228 1455 2345 1516 τοῦ
2389 1448 2701 1531 Τελεβόας
2744 1450 3067 1534 ςυνῃρέθη.
3106 1460 3171 1512 ιο

668 1573 706 1609 ιι
754 1553 848 1618 Τὰ
892 1552 980 1618 εἰς
1025 1555 1122 1617 ὦς’
1168 1551 1342 1641 παρὰ
1385 1555 1522 1617 τοῖς
1566 1552 1915 1631 Ἀθηναίοις
1960 1553 2301 1632 εὑρεθέντα
2355 1553 2435 1631 μὴ
2491 1551 2728 1631 ἔχοντα
2778 1561 3068 1630 προϋπο-

503 1656 791 1737 κείμενον
822 1655 1042 1720 κοινὸν
1074 1651 1219 1719 οἷον
1264 1654 1709 1737 κορώνεως,
1755 1654 2183 1737 φιβάλεως,
2229 1653 2815 1748 δαμαρίππεως,
2859 1657 3067 1733 χελι-

505 1758 817 1823 δώνεως
846 1756 1000 1838 (ἔςτι
1031 1757 1103 1821 δὲ
1132 1753 1268 1834 εἴδη
1300 1755 1573 1838 φυτῶν),
1612 1754 1884 1835 ἱέρεως
1915 1755 1953 1820 ὁ
1981 1755 2186 1835 ἱερεύς
2214 1755 2424 1821 πάντα
2451 1755 3069 1836 προπαροξύνονται.

670 1859 764 1924 Τὰ
805 1858 895 1924 εἰς
937 1862 1038 1922 &Z
1080 1857 1355 1936 Περςικὰ
1398 1857 1437 1936 ἢ
1481 1856 1790 1933 Αἰγύπτια
1843 1858 2294 1941 παροξύνεται,
2350 1857 2703 1941 Φάργως,
2759 1858 3069 1938 Ἰνάρως

503 1962 710 2042 ὄνομα
777 1960 1107 2042 βαςιλέως,
1171 1959 1636 2039 Παραμίζως
1701 1959 1910 2040 ὄνομα
1970 1960 2321 2043 εὐνούχου,
2386 1959 2759 2041 Εαβάκως.
2855 1961 2933 2025 τὸ
2996 1962 3069 2026 δὲ
3109 1972 3169 2023 15

506 2064 882 2129 Μάννεως
926 2063 1105 2142 χώρα
1150 2062 1630 2140 ςυνεξωμοιώθη
1673 2066 1810 2126 τοῖς
1857 2062 2153 2128 Ἀττικοῖς
2199 2061 2342 2127 οἷον
2390 2063 2744 2127 Μενέλεως.

668 2164 762 2230 Τὰ
805 2164 893 2229 εἰς
935 2168 1034 2228 ὐἷι-ς
1078 2163 1319 2243 θηλυκὰ
1361 2163 1811 2245 πολυςύλλαβα
1846 2165 2177 2244 βαρύνεται
2224 2165 2371 2247 μέν,
2415 2164 2533 2229 ὅςα
2562 2163 2822 2248 βραχείᾳ
2866 2184 3067 2244 παρα-

502 2269 709 2350 λήγει,
758 2266 990 2350 Κέως,
1035 2266 1243 2332 Τέως
1285 2264 1471 2329 πόλις
1514 2265 1665 2345 μέςη
1697 2265 1962 2349 Ἰωνίας,
2008 2264 2097 2331 ὡς
2127 2265 2476 2346 Ἡρόδοτος
2519 2266 2741 2349 πρώτῃ
2787 2267 2867 2347 (c.
2905 2265 3068 2348 142).

500 2370 728 2448 ἐκλήθη
774 2369 844 2433 δὲ
888 2367 1019 2434 ἀπὸ
1064 2371 1174 2446 τῆς
1218 2367 1603 2446 Ἀθάμαντος
1645 2368 1960 2446 θυγατρὸς
2005 2368 2202 2447 Ἀρᾶς.
2291 2367 2731 2447 ςκοπουμένου
2786 2368 2909 2447 γὰρ
2951 2372 3069 2433 τοῦ

501 2471 889 2551 Ἀθάμαντος
942 2470 1097 2535 ἔνθα
1148 2468 1381 2549 ἱδρύςει
1437 2470 1554 2534 τὸν
1622 2468 1813 2551 λαόν,
1879 2468 2202 2548 ἀθύρουςα
2258 2468 2363 2535 οἷα
2418 2470 2496 2548 δὴ
2549 2471 2700 2534 παῖς
2754 2470 2823 2534 ἐκ
2875 2470 3068 2536 λίθων
3103 2483 3171 2533 20

504 2573 703 2638 οἰκίαν
759 2572 1096 2652 δειμαμένη
1152 2571 1373 2647 ἔλεγεν
1423 2570 1585 2635 «ἕως
1633 2571 1703 2635 ςὺ
1748 2574 1965 2650 χῶρον
2009 2556 2326 2654 ἐςκόπεις,
2369 2571 2531 2635 τέως
2565 2571 2693 2646 ἐγὼ
2738 2571 2929 2637 πόλιν
2974 2593 3069 2637 ςοι

505 2674 841 2754 ἐδειμάμην
856 2698 900 2737 ».
957 2675 1057 2738 καὶ
1085 2675 1190 2738 διὰ
1217 2676 1411 2739 τοῦτο
1442 2673 1481 2751 ἡ
1516 2673 1701 2738 πόλις
1733 2673 1940 2738 οὕτως
1971 2671 2324 2753 ὡνομάςθη.
2382 2672 2508 2738 ἔςτι
2540 2673 2642 2737 καὶ
2670 2672 2855 2751 ἑτέρα
2882 2674 3069 2739 πόλις

506 2777 575 2844 ἐν
618 2775 963 2857 Δυρβαίοις
1006 2779 1117 2854 τῆς
1164 2773 1451 2861 Εκυθίας,
1506 2775 1577 2841 ἐν
1621 2776 1659 2860 ᾗ
1707 2776 1959 2852 λέγουςι
2013 2776 2237 2856 λίμνην
2294 2775 2530 2856 ἰχθύων
2581 2775 2854 2855 ἔχουςαν
2908 2778 3067 2856 πλῆ-

502 3119 567 3153 ex
593 3100 788 3153 Choer.
821 3102 971 3152 Dict.
1010 3102 1131 3159 261,
1169 3101 1228 3162 ὁ,
1266 3096 1599 3163 Τυνδάρεως
1644 3115 1711 3150 ex
1757 3098 2003 3166 Theogn.
2040 3102 2132 3164 97,
2170 3102 2262 3163 27,
2305 3097 2477 3151 ἵλεως
2522 3115 2588 3151 ex
2625 3100 2817 3151 Choer.
2852 3103 2978 3162 260,
3018 3105 3065 3164 1,

499 3171 708 3236 reliqua
746 3172 926 3220 omnia
961 3183 1133 3234 usque
1171 3168 1242 3217 ad
1278 3166 1627 3232 χρυςόκερως
1674 3184 1739 3218 ex
1787 3168 1907 3219 eod.
1942 3185 1994 3235 p.
2027 3170 2118 3227 66,
2154 3171 2220 3219 34
2255 3174 2625 3221 accesserunt.
2695 3170 2803 3219 Pro
2840 3169 3065 3219 Arcadii

501 3239 681 3289 verbis
716 3238 786 3289 τὸ
821 3237 882 3288 δὲ
919 3238 1106 3300 λαγῶς
1142 3234 1234 3287 καὶ
1270 3234 1466 3300 ὀρφῶς
1503 3236 1911 3301 περιςπῶνται,
1952 3236 2041 3287 καὶ
2087 3235 2118 3287 ὁ
2153 3238 2357 3298 τυφῶν
2403 3234 2493 3287 καὶ
2527 3237 2687 3287 ταῶν
2724 3237 2879 3300 posui
2916 3251 3064 3302 ςεςη-

501 3303 732 3370 μείωται
764 3304 836 3356 τὸ
872 3304 1068 3369 ὀρφῶς
1104 3329 1167 3340 —-
1205 3302 1491 3356 ὀξυτόνως
1534 3302 1705 3366 λαγός
1744 3304 1780 3354 l.
1815 3308 1850 3355 4
1895 3321 1961 3354 ex
1997 3304 2195 3358 Choer.
2230 3305 2378 3354 Dict.
2412 3305 2536 3367 260,
2575 3307 2666 3364 27,
2714 3320 2853 3369 quae
2903 3304 3066 3356 habet

500 3375 665 3425 etiam
703 3375 766 3427 Ε.
792 3375 866 3440 Μ.Ι
887 3375 1005 3430 636,
1030 3374 1096 3424 36
1131 3372 1362 3422 addens:
1401 3369 1480 3423 ὡς
1508 3370 1846 3436 Ἡρωδιανὸς
1882 3387 2040 3439 φηςι,
2080 3371 2167 3423 δτι
2202 3370 2265 3423 ἐν
2299 3374 2416 3423 τοῖς
2453 3399 2517 3406 -
2554 3372 2760 3434 λαγῶς,
2799 3374 2967 3423 verba
2994 3373 3064 3425 τὸ

499 3441 603 3506 γὰρ
626 3442 825 3504 τυφῶς
860 3455 1032 3505 usque
1069 3439 1138 3489 ed
1163 3437 1447 3491 Μανεθῶν
1482 3454 1583 3505 sup
1621 3439 1730 3491 levi
1766 3456 1832 3490 ex
1866 3442 1941 3491 Io.
1969 3441 2052 3490 Al.
2076 3443 2128 3498 9,
2173 3440 2215 3489 1.
2262 3440 2444 3490 Verba
2466 3438 2535 3491 τὸ
2561 3439 2620 3491 δὲ
2645 3437 2799 3492 ταῶς
2824 3468 2888 3476 --
2915 3440 3065 3506 παρὰ

498 3512 617 3561 τοῖς
652 3507 909 3572 *Ἐλληςιν
947 3524 1013 3558 ex
1051 3508 1247 3558 Choer.
1281 3511 1395 3565 300,
1431 3509 1519 3570 26,
1556 3523 1592 3557 u
1632 3509 1675 3557 i:
1722 3506 1945 3573 ἐπειδή,
1992 3507 2070 3560 ὥς
2107 3521 2274 3572 φηςιν
2310 3506 2650 3572 Ἡρωδιανὸς
2695 3507 2757 3559 ἐν
2791 3511 2863 3574 τῇ
2901 3508 3063 3561 καθό-

499 3578 601 3630 λου
637 3577 755 3628 κτλ.
797 3604 862 3611 -
907 3573 1105 3628 Πάντα
1148 3573 1208 3627 δὲ
1252 3591 1424 3640 nsque
1471 3575 1542 3625 ad
1585 3575 1747 3627 finem
1793 3593 1861 3627 ex
1904 3578 1981 3628 10.
2019 3576 2101 3627 Al.
2148 3578 2207 3636 9,
2245 3579 2292 3627 ⁶2.
2363 3577 2657 3627 Caeterum
2700 3577 2777 3627 Io.
2814 3578 2898 3627 Al.
2943 3594 3063 3628 eum

499 3645 694 3710 ὀρφῶς
730 3645 918 3707 λαγῶς
961 3650 1022 3694 ut
1057 3645 1470 3709 perispomenon
1496 3646 1769 3709 componit
1793 3643 2021 3708 Ταλῶς,
2061 3644 2203 3709 quod
2229 3645 2496 3694 Choerob.
2522 3644 2723 3696 diserte
2757 3646 3063 3709 berytonon

497 3715 634 3765 dicit
657 3717 825 3779 atque
855 3712 1053 3762 Herod.
1080 3727 1167 3777 ap.
1195 3712 1255 3761 Ε.
1283 3713 1353 3762 Μ.
1381 3727 1490 3762 non
1517 3713 1730 3774 eximit,
1759 3713 1997 3763 fortasse
2023 3711 2289 3777 Τηλεβῶς
2315 3712 2661 3763 scribendum
2685 3719 2794 3776 est,
2822 3713 2893 3763 ad
2920 3714 3065 3778 quod

533 3781 683 3832 anilo
719 3787 843 3845 post
877 3780 1110 3831 recurrit
1145 3780 1220 3832 10.
1261 3779 1341 3830 Al.
1486 3780 1522 3830 1.
1565 3783 1618 3830 11
1658 3781 1803 3831 hunc
1841 3796 2103 3831 canonem
2138 3781 2318 3831 adieci
2355 3797 2420 3831 ex
2458 3781 2653 3832 Choer.
2689 3785 2804 3844 261,
2843 3784 2924 3833 20.

496 3799 532 3901 l).
573 3852 635 3900 14
674 3846 894 3914 Ἰνάρως
941 3846 1156 3912 explevi
1204 3863 1269 3897 ex
1315 3847 1510 3900 Choer.
1548 3848 1580 3897 1.
1620 3865 1649 3898 c
1679 3885 1691 3908 ,
1737 3847 2075 3914 Παραμίζως
2121 3853 2178 3899 et
2221 3845 2486 3913 (αβάκως
2531 3865 2599 3900 ex
2643 3849 2831 3900 eodem
2876 3849 3063 3900 addidi

497 3916 774 3969 Μάννεως
813 3933 878 3966 ex
917 3916 1107 3967 eodem
1147 3919 1200 3964 et
1234 3914 1312 3966 St.
1351 3916 1411 3968 B.
1451 3931 1493 3966 s.
1532 3932 1583 3968 v.
1655 3917 1736 3966 De
1772 3922 2003 3968 accentu
2040 3917 2306 3968 Choerob.
2351 3918 2515 3967 aliter
2550 3918 2725 3968 tradit
2762 3922 2929 3982 atque
2966 3919 3063 3967 Ar·

495 3986 710 4037 cadius:
759 3981 859 4036 ἐἰςὶ
902 3981 963 4034 δὲ
1007 3982 1096 4034 καὶ
1133 3980 1375 4048 Περςικὰ
1421 3982 1674 4047 ὀνόματα
1721 3985 1810 4036 καὶ
1858 3984 2133 4047 Αἰγύπτια
2179 3983 2257 4036 εἰς
2304 3988 2381 4037 tii—c
2426 3983 2702 4049 λήγοντα,
2749 3984 2911 4035 ἅτινα
2954 3985 3062 4049 τὴν

495 4052 677 4118 αὐτὴν
712 4050 886 4104 κλίςιν
923 4049 1271 4114 ἐπιδέχονται
1306 4054 1424 4103 τοῖς
1462 4049 1539 4103 εἰς
1579 4058 1657 4105 ως
1695 4052 1980 4104 Ἀττικοῖς.
2033 4052 2100 4105 οὐ
2140 4053 2329 4117 μέντοι
2366 4053 2886 4117 προπαροξύνονται
2921 4051 3063 4103 κατὰ

494 4122 600 4186 τὴν
638 4119 863 4173 εὐθεῖαν
900 4118 1089 4183 ὥςπερ
1126 4117 1257 4170 οὐδὲ
1294 4117 1356 4170 ἐν
1399 4123 1520 4171 ταῖς
1557 4121 1749 4173 ἄλλαις
1795 4119 2092 4172 πτώςεςιν·
2140 4120 2252 4172 ἔςτι
2294 4119 2401 4185 γὰρ
2441 4120 2661 4185 Ἰναρῶς
2706 4120 2887 4182 ὄνομα
2923 4120 3062 4182 βαςι-

495 4189 665 4253 λέως,
710 4188 1047 4253 Παραμιζῶς
1094 4187 1171 4250 (in
1218 4187 1395 4237 Bekk.
1444 4191 1542 4238 An.
1587 4192 1712 4240 1197
1761 4186 2146 4253 Επαραμιζῶς)
2200 4188 2378 4251 ὄνομα
2425 4187 2727 4251 εὐνούχου,
2777 4185 3060 4251 (αβακῶς,

495 4257 738 4309 Μανεῶς
785 4256 985 4319 (Bekk.
1025 4255 1124 4305 An.
1166 4253 1442 4320 Κανεῶς),
1479 4260 1660 4309 ταῦτα
1695 4255 1755 4307 δὲ
1792 4254 2047 4319 ὀνόματά
2085 4254 2181 4307 είςι
2218 4255 2392 4320 κύρια.
2442 4255 2533 4306 καὶ
2571 4253 2752 4307 ἰςτέον
2791 4254 2879 4305 ὅτι
2914 4254 3061 4306 τινὲς

495 4325 595 4389 μὲν
631 4324 918 4377 ὁξύνουςιν
954 4320 1124 4386 αὐτά,
1170 4322 1318 4375 τινες
1363 4321 1423 4374 δὲ
1460 4326 1778 4389 περιςπῶςι.
1848 4324 1917 4374 τὸ
1963 4322 2022 4374 δὲ
2068 4321 2333 4386 (αβακῶς
2369 4322 2656 4386 Ῥωμανὸς
2703 4321 2927 4387 βαρύνει
2963 4320 3064 4375 (α-

495 4392 678 4456 βάκως
716 4391 916 4454 λέγων.
955 4419 1015 4427 -
1053 4391 1318 4456 Equidem
1355 4399 1637 4443 accentum
1674 4393 1947 4441 nominum
1988 4398 2207 4455 practer
2243 4388 2519 4441 Μάννεως
2558 4391 2958 4441 accommodavi
2993 4389 3062 4440 ad

493 4462 712 4514 Arcadii
749 4464 1118 4526 praeceptum,
1156 4475 1481 4524 quamquam
1519 4477 1584 4510 ex
1613 4461 1807 4510 Choer.
1847 4459 2199 4508 concluserim
2226 4458 2602 4508 Herodianum
2638 4459 2727 4508 hic
2752 4457 2816 4507 de
2844 4457 3066 4508 diversa

493 4532 674 4580 tonosi
719 4530 896 4579 fusius
943 4527 1292 4586 disseruisse,
1341 4526 1619 4580 Μάννεως
1675 4534 1864 4577 autem
1907 4532 2375 4591 proparoxytonos
2429 4526 2652 4589 scripsi,
2706 4541 2869 4591 quum
2922 4525 3065 4574 hunc

494 4601 782 4648 accentum
823 4596 1091 4661 praebeat
1129 4595 1393 4661 Stephan.
1433 4597 1495 4646 B.
1546 4602 1602 4645 et
1639 4594 1997 4652 sententiam,
2047 4609 2156 4659 qua
2192 4592 2566 4644 Herodianum
2611 4593 2668 4643 in
2704 4593 2867 4643 huius
2904 4609 3066 4645 voca-

494 4664 605 4715 buli
641 4670 874 4715 accentu
914 4663 1132 4713 ductum
1169 4665 1421 4726 arbitror,
1459 4663 1677 4729 explevi
1713 4662 1783 4712 cf.
1821 4661 2027 4715 Herod.
2066 4662 2192 4725 περὶ
2230 4662 2431 4711 παθῶν
2466 4663 2524 4711 in
2562 4663 2623 4711 Ε.
2662 4662 2734 4711 Μ.
2771 4664 2888 4723 347,
2924 4665 2977 4711 9.

495 4730 529 4782 l.
566 4733 629 4782 18
666 4731 824 4783 Τέως
862 4731 1080 4795 explevi
1117 4747 1180 4781 ex
1222 4732 1300 4781 St.
1336 4734 1426 4793 B.,
1464 4733 1568 4781 hnc
1606 4731 1885 4795 pertinent
1932 4731 2167 4780 fortasse
2213 4729 2485 4780 vocabula
2522 4727 2767 4793 ἑςχάρως
2803 4726 3068 4794 (ἐςχάρω-

496 4797 616 4862 θεν)
653 4797 836 4863 Θριώς
874 4798 1073 4862 (Bekk.
1110 4800 1212 4848 An.
1249 4801 1379 4849 1415
1414 4796 1625 4863 Θρίως,
1673 4798 1832 4847 Mein.
1872 4797 1941 4846 ad
1979 4798 2057 4847 St.
2098 4800 2159 4847 B.
2197 4797 2324 4859 318,
2360 4799 2395 4845 4
2430 4796 2634 4863 Θριώς)
2674 4796 2851 4859 ὄνομα
2888 4795 3068 4861 δήμου

499 4864 751 4918 Ἀττικοῦ
788 4867 1035 4931 Theogn.
1077 4867 1192 4927 156,
1229 4868 1310 4916 33.
