<?xml version="1.0" encoding="UTF-8"?>
<!DOCTYPE html PUBLIC "-//W3C//DTD XHTML 1.0 Transitional//EN"
    "http://www.w3.org/TR/xhtml1/DTD/xhtml1-transitional.dtd">
<html xmlns="http://www.w3.org/1999/xhtml" xml:lang="en" lang="en">
 <head>
  <title>
</title>
<meta http-equiv="Content-Type" content="text/html;charset=utf-8" />
  <meta name='ocr-system' content='tesseract 3.04.00' />
  <meta name='ocr-capabilities' content='ocr_page ocr_carea ocr_par ocr_line ocrx_word'/>
</head>
<body>
  <div class='ocr_page' id='page_1' title='image "./grammaticigraec02unkngoog_0688.png"; bbox 0 0 3664 5546; ppageno 0'>
   <div class='ocr_carea' id='block_1_1' title="bbox 630 374 2286 440">
    <p class='ocr_par' dir='ltr' id='par_1_1' title="bbox 630 374 2286 440">
     <span class='ocr_line' id='line_1_1' title="bbox 630 374 2286 440; baseline -0.006 0"><span class='ocrx_word' id='word_1_1' title='bbox 630 374 759 440; x_wconf 81' lang='lat'>442</span> <span class='ocrx_word' id='word_1_2' title='bbox 1573 376 1656 432; x_wconf 91' lang='grc' dir='ltr'>εκ</span> <span class='ocrx_word' id='word_1_3' title='bbox 1693 377 1834 431; x_wconf 66' lang='lat' dir='ltr'>mu</span> <span class='ocrx_word' id='word_1_4' title='bbox 1877 376 2286 430; x_wconf 81' lang='grc' dir='ltr'>ι-ιΡΩΔιΑΝοΥ</span> 
     </span>
    </p>
   </div>
   <div class='ocr_carea' id='block_1_2' title="bbox 517 546 3232 2161">
    <p class='ocr_par' dir='ltr' id='par_1_2' title="bbox 517 546 3232 2161">
     <span class='ocr_line' id='line_1_2' title="bbox 634 546 3229 630; baseline 0 -19"><span class='ocrx_word' id='word_1_5' title='bbox 634 553 917 629; x_wconf 88' lang='grc' dir='ltr'>κροτῶ,</span> <span class='ocrx_word' id='word_1_6' title='bbox 977 549 1225 630; x_wconf 89' lang='grc' dir='ltr'>πατῶ,</span> <span class='ocrx_word' id='word_1_7' title='bbox 1295 553 1592 626; x_wconf 89' lang='grc' dir='ltr'>ςτρατῶ</span> <span class='ocrx_word' id='word_1_8' title='bbox 1663 550 1739 613; x_wconf 89' lang='grc' dir='ltr'>τὸ</span> <span class='ocrx_word' id='word_1_9' title='bbox 1799 548 2414 630; x_wconf 85' lang='grc' dir='ltr'>ςτρατοπεδεύομαι,</span> <span class='ocrx_word' id='word_1_10' title='bbox 2474 550 2676 612; x_wconf 87' lang='grc' dir='ltr'>κοτῶ</span> <span class='ocrx_word' id='word_1_11' title='bbox 2735 547 2810 611; x_wconf 91' lang='grc' dir='ltr'>τὸ</span> <span class='ocrx_word' id='word_1_12' title='bbox 2877 546 3229 630; x_wconf 85' lang='grc' dir='ltr'>ὀργίζομαι,</span> 
     </span>
     <span class='ocr_line' id='line_1_3' title="bbox 635 649 3230 730; baseline 0.001 -17"><span class='ocrx_word' id='word_1_13' title='bbox 635 653 962 729; x_wconf 89' lang='grc' dir='ltr'>βροντῶ.</span> <span class='ocrx_word' id='word_1_14' title='bbox 1021 650 1101 713; x_wconf 86' lang='grc' dir='ltr'>τὰ</span> <span class='ocrx_word' id='word_1_15' title='bbox 1144 649 1362 728; x_wconf 88' lang='grc' dir='ltr'>μέντοι</span> <span class='ocrx_word' id='word_1_16' title='bbox 1401 651 1723 730; x_wconf 80' lang='grc' dir='ltr'>βαρύτονά</span> <span class='ocrx_word' id='word_1_17' title='bbox 1766 651 1872 715; x_wconf 80' lang='grc' dir='ltr'>διὰ</span> <span class='ocrx_word' id='word_1_18' title='bbox 1904 654 2020 716; x_wconf 85' lang='grc' dir='ltr'>τοῦ</span> <span class='ocrx_word' id='word_1_19' title='bbox 2059 653 2096 715; x_wconf 70' lang='grc' dir='ltr'>’τ</span> <span class='ocrx_word' id='word_1_20' title='bbox 2129 649 2222 715; x_wconf 87' lang='grc' dir='ltr'>ὀύ</span> <span class='ocrx_word' id='word_1_21' title='bbox 2267 651 2482 714; x_wconf 86' lang='grc' dir='ltr'>πολλὰ</span> <span class='ocrx_word' id='word_1_22' title='bbox 2527 649 2732 713; x_wconf 82' lang='grc' dir='ltr'>ὦπται</span> <span class='ocrx_word' id='word_1_23' title='bbox 2777 650 2881 714; x_wconf 84' lang='grc' dir='ltr'>καὶ</span> <span class='ocrx_word' id='word_1_24' title='bbox 2926 651 3008 729; x_wconf 88' lang='grc' dir='ltr'>μὴ</span> <span class='ocrx_word' id='word_1_25' title='bbox 3052 650 3230 729; x_wconf 78' lang='grc' dir='ltr'>ἐνερ-</span> 
     </span>
     <span class='ocr_line' id='line_1_4' title="bbox 633 750 3232 836; baseline 0 -21"><span class='ocrx_word' id='word_1_26' title='bbox 633 756 902 830; x_wconf 86' lang='grc' dir='ltr'>γητικῶς</span> <span class='ocrx_word' id='word_1_27' title='bbox 947 752 1293 834; x_wconf 87' lang='grc' dir='ltr'>λεγόμενα,</span> <span class='ocrx_word' id='word_1_28' title='bbox 1338 750 1506 817; x_wconf 87' lang='grc' dir='ltr'>ἀλλά</span> <span class='ocrx_word' id='word_1_29' title='bbox 1549 754 1624 818; x_wconf 89' lang='grc' dir='ltr'>τὸ</span> <span class='ocrx_word' id='word_1_30' title='bbox 1672 753 1894 836; x_wconf 91' lang='grc' dir='ltr'>λίτω,</span> <span class='ocrx_word' id='word_1_31' title='bbox 1939 753 2091 819; x_wconf 88' lang='grc' dir='ltr'>ὅθεν</span> <span class='ocrx_word' id='word_1_32' title='bbox 2121 753 2196 817; x_wconf 89' lang='grc' dir='ltr'>τὸ</span> <span class='ocrx_word' id='word_1_33' title='bbox 2230 752 2532 836; x_wconf 90' lang='grc' dir='ltr'>λιτέςθαι,</span> <span class='ocrx_word' id='word_1_34' title='bbox 2578 754 2681 816; x_wconf 87' lang='grc' dir='ltr'>καὶ</span> <span class='ocrx_word' id='word_1_35' title='bbox 2723 753 2799 817; x_wconf 90' lang='grc' dir='ltr'>τὸ</span> <span class='ocrx_word' id='word_1_36' title='bbox 2830 753 3069 835; x_wconf 91' lang='grc' dir='ltr'>πέτω,</span> <span class='ocrx_word' id='word_1_37' title='bbox 3113 752 3232 834; x_wconf 79' lang='grc' dir='ltr'>ἀφ’</span> 
     </span>
     <span class='ocr_line' id='line_1_5' title="bbox 634 851 3230 938; baseline 0.001 -22"><span class='ocrx_word' id='word_1_38' title='bbox 634 851 713 916; x_wconf 83' lang='grc' dir='ltr'>οὗ</span> <span class='ocrx_word' id='word_1_39' title='bbox 767 854 843 918; x_wconf 90' lang='grc' dir='ltr'>τὸ</span> <span class='ocrx_word' id='word_1_40' title='bbox 899 854 1198 937; x_wconf 85' lang='grc' dir='ltr'>πέτομαι,</span> <span class='ocrx_word' id='word_1_41' title='bbox 1254 856 1356 921; x_wconf 84' lang='grc' dir='ltr'>καὶ</span> <span class='ocrx_word' id='word_1_42' title='bbox 1408 855 1581 938; x_wconf 84' lang='grc' dir='ltr'>ἔνια,</span> <span class='ocrx_word' id='word_1_43' title='bbox 1647 855 1689 918; x_wconf 86' lang='grc' dir='ltr'>ἃ</span> <span class='ocrx_word' id='word_1_44' title='bbox 1750 856 1872 935; x_wconf 87' lang='grc' dir='ltr'>ἤδη</span> <span class='ocrx_word' id='word_1_45' title='bbox 1931 855 2022 919; x_wconf 85' lang='grc' dir='ltr'>ὡς</span> <span class='ocrx_word' id='word_1_46' title='bbox 2074 856 2524 934; x_wconf 85' lang='grc' dir='ltr'>περιςπώμενα</span> <span class='ocrx_word' id='word_1_47' title='bbox 2577 853 2820 936; x_wconf 81' lang='grc' dir='ltr'>ἐκλίθη,</span> <span class='ocrx_word' id='word_1_48' title='bbox 2884 854 3096 933; x_wconf 86' lang='grc' dir='ltr'>ὥςπερ</span> <span class='ocrx_word' id='word_1_49' title='bbox 3152 856 3230 919; x_wconf 89' lang='grc' dir='ltr'>τὸ</span> 
     </span>
     <span class='ocr_line' id='line_1_6' title="bbox 573 954 3228 1039; baseline 0 -19"><span class='ocrx_word' id='word_1_50' title='bbox 573 969 605 1020; x_wconf 84' lang='grc'>5</span> <span class='ocrx_word' id='word_1_51' title='bbox 637 955 913 1039; x_wconf 87' lang='grc' dir='ltr'>κέντω,</span> <span class='ocrx_word' id='word_1_52' title='bbox 960 955 1025 1024; x_wconf 85' lang='grc' dir='ltr'>ἐξ</span> <span class='ocrx_word' id='word_1_53' title='bbox 1071 954 1152 1020; x_wconf 88' lang='grc' dir='ltr'>οὗ</span> <span class='ocrx_word' id='word_1_54' title='bbox 1196 958 1271 1021; x_wconf 89' lang='grc' dir='ltr'>τὸ</span> <span class='ocrx_word' id='word_1_55' title='bbox 1320 958 1572 1022; x_wconf 83' lang='grc' dir='ltr'>«κένςαι</span> <span class='ocrx_word' id='word_1_56' title='bbox 1619 958 2016 1037; x_wconf 83' lang='grc' dir='ltr'>ὁμοκλήςας»</span> <span class='ocrx_word' id='word_1_57' title='bbox 2063 957 2152 1038; x_wconf 82' lang='grc' dir='ltr'>(Ψ</span> <span class='ocrx_word' id='word_1_58' title='bbox 2194 955 2350 1038; x_wconf 84' lang='lat'><strong>337)</strong></span> <span class='ocrx_word' id='word_1_59' title='bbox 2394 957 2496 1021; x_wconf 80' lang='grc' dir='ltr'>καὶ</span> <span class='ocrx_word' id='word_1_60' title='bbox 2540 955 2781 1033; x_wconf 87' lang='grc' dir='ltr'>ἄντω,</span> <span class='ocrx_word' id='word_1_61' title='bbox 2839 956 2992 1022; x_wconf 84' lang='grc' dir='ltr'>ὅθεν</span> <span class='ocrx_word' id='word_1_62' title='bbox 3035 955 3228 1021; x_wconf 54' lang='grc' dir='ltr'>ἀντόυ</span> 
     </span>
     <span class='ocr_line' id='line_1_7' title="bbox 633 1055 3230 1141; baseline 0.001 -20"><span class='ocrx_word' id='word_1_63' title='bbox 633 1075 826 1136; x_wconf 90' lang='grc' dir='ltr'>μενος</span> <span class='ocrx_word' id='word_1_64' title='bbox 873 1057 1007 1123; x_wconf 77' lang='grc' dir='ltr'>«ὡς</span> <span class='ocrx_word' id='word_1_65' title='bbox 1051 1056 1131 1123; x_wconf 85' lang='grc' dir='ltr'>ἄν</span> <span class='ocrx_word' id='word_1_66' title='bbox 1178 1058 1269 1123; x_wconf 87' lang='grc' dir='ltr'>τίς</span> <span class='ocrx_word' id='word_1_67' title='bbox 1315 1079 1380 1123; x_wconf 89' lang='grc' dir='ltr'>ςε</span> <span class='ocrx_word' id='word_1_68' title='bbox 1426 1060 1935 1138; x_wconf 76' lang='grc' dir='ltr'>ςυναντόμενος»</span> <span class='ocrx_word' id='word_1_69' title='bbox 1982 1055 2138 1141; x_wconf 83' lang='grc' dir='ltr'>(Οᾶ.</span> <span class='ocrx_word' id='word_1_70' title='bbox 2186 1080 2222 1137; x_wconf 88' lang='grc' dir='ltr'>ρ</span> <span class='ocrx_word' id='word_1_71' title='bbox 2272 1056 2422 1140; x_wconf 86' lang='grc'>165)</span> <span class='ocrx_word' id='word_1_72' title='bbox 2467 1059 2570 1123; x_wconf 84' lang='grc' dir='ltr'>καὶ</span> <span class='ocrx_word' id='word_1_73' title='bbox 2615 1057 2947 1123; x_wconf 77' lang='grc' dir='ltr'>«ἄντεςθαι</span> <span class='ocrx_word' id='word_1_74' title='bbox 2993 1058 3064 1124; x_wconf 85' lang='grc' dir='ltr'>ἑν</span> <span class='ocrx_word' id='word_1_75' title='bbox 3107 1079 3230 1123; x_wconf 91' lang='grc' dir='ltr'>πο-</span> 
     </span>
     <span class='ocr_line' id='line_1_8' title="bbox 634 1157 3228 1243; baseline 0 -21"><span class='ocrx_word' id='word_1_76' title='bbox 634 1158 848 1242; x_wconf 79' lang='grc' dir='ltr'>λέμῳ»</span> <span class='ocrx_word' id='word_1_77' title='bbox 896 1159 978 1241; x_wconf 92' lang='lat' dir='ltr'>(O</span> <span class='ocrx_word' id='word_1_78' title='bbox 1023 1157 1193 1241; x_wconf 83' lang='lat'>698).</span> <span class='ocrx_word' id='word_1_79' title='bbox 1280 1162 1358 1225; x_wconf 90' lang='grc' dir='ltr'>τὸ</span> <span class='ocrx_word' id='word_1_80' title='bbox 1403 1163 1475 1225; x_wconf 83' lang='grc' dir='ltr'>δὲ</span> <span class='ocrx_word' id='word_1_81' title='bbox 1522 1160 1789 1240; x_wconf 73' lang='grc' dir='ltr'>«ἤντης’</span> <span class='ocrx_word' id='word_1_82' title='bbox 1845 1159 2000 1226; x_wconf 80' lang='grc' dir='ltr'>οὐδὲ</span> <span class='ocrx_word' id='word_1_83' title='bbox 2054 1160 2240 1227; x_wconf 80' lang='grc' dir='ltr'>ἴδον»</span> <span class='ocrx_word' id='word_1_84' title='bbox 2287 1157 2444 1243; x_wconf 85' lang='lat' dir='ltr'>(Od.</span> <span class='ocrx_word' id='word_1_85' title='bbox 2493 1165 2530 1225; x_wconf 93' lang='grc' dir='ltr'>δ</span> <span class='ocrx_word' id='word_1_86' title='bbox 2572 1158 2730 1242; x_wconf 84' lang='grc'>201)</span> <span class='ocrx_word' id='word_1_87' title='bbox 2786 1161 2889 1224; x_wconf 90' lang='grc' dir='ltr'>καὶ</span> <span class='ocrx_word' id='word_1_88' title='bbox 2936 1159 3228 1239; x_wconf 81' lang='grc' dir='ltr'>«ἀντήςω</span> 
     </span>
     <span class='ocr_line' id='line_1_9' title="bbox 632 1260 3228 1345; baseline 0 -21"><span class='ocrx_word' id='word_1_89' title='bbox 632 1260 754 1338; x_wconf 88' lang='grc' dir='ltr'>γὰρ</span> <span class='ocrx_word' id='word_1_90' title='bbox 810 1260 939 1337; x_wconf 84' lang='grc' dir='ltr'>ἐγὼ</span> <span class='ocrx_word' id='word_1_91' title='bbox 995 1261 1183 1326; x_wconf 79' lang='grc' dir='ltr'>τοῦδ’</span> <span class='ocrx_word' id='word_1_92' title='bbox 1237 1261 1512 1341; x_wconf 87' lang='grc' dir='ltr'>ἀνέρος»</span> <span class='ocrx_word' id='word_1_93' title='bbox 1569 1261 1678 1345; x_wconf 87' lang='lat'><em>(11.</em></span> <span class='ocrx_word' id='word_1_94' title='bbox 1734 1265 1800 1328; x_wconf 94' lang='grc' dir='ltr'>Π</span> <span class='ocrx_word' id='word_1_95' title='bbox 1852 1261 2009 1345; x_wconf 82' lang='grc'>423)</span> <span class='ocrx_word' id='word_1_96' title='bbox 2065 1262 2156 1327; x_wconf 81' lang='grc' dir='ltr'>ὡς</span> <span class='ocrx_word' id='word_1_97' title='bbox 2209 1262 2340 1327; x_wconf 89' lang='grc' dir='ltr'>ἀπὸ</span> <span class='ocrx_word' id='word_1_98' title='bbox 2395 1262 2883 1342; x_wconf 87' lang='grc' dir='ltr'>περιςπωμένου</span> <span class='ocrx_word' id='word_1_99' title='bbox 2939 1263 3228 1326; x_wconf 86' lang='grc' dir='ltr'>κέκλιται.</span> 
     </span>
     <span class='ocr_line' id='line_1_10' title="bbox 632 1361 3224 1450; baseline 0 -25"><span class='ocrx_word' id='word_1_100' title='bbox 632 1362 708 1426; x_wconf 84' lang='grc' dir='ltr'>τὸ</span> <span class='ocrx_word' id='word_1_101' title='bbox 754 1363 826 1425; x_wconf 79' lang='grc' dir='ltr'>δὲ</span> <span class='ocrx_word' id='word_1_102' title='bbox 870 1361 1130 1429; x_wconf 88' lang='grc' dir='ltr'>ἀνύτω</span> <span class='ocrx_word' id='word_1_103' title='bbox 1176 1366 1279 1429; x_wconf 85' lang='grc' dir='ltr'>καὶ</span> <span class='ocrx_word' id='word_1_104' title='bbox 1321 1365 1580 1443; x_wconf 90' lang='grc' dir='ltr'>ἀρύτω</span> <span class='ocrx_word' id='word_1_105' title='bbox 1623 1371 1715 1450; x_wconf 82' lang='grc' dir='ltr'>τῷ</span> <span class='ocrx_word' id='word_1_106' title='bbox 1759 1368 1796 1429; x_wconf 75' lang='grc' dir='ltr'>’ἶ</span> <span class='ocrx_word' id='word_1_107' title='bbox 1826 1365 2214 1431; x_wconf 86' lang='grc' dir='ltr'>έπλεόναςεν</span> <span class='ocrx_word' id='word_1_108' title='bbox 2261 1365 2353 1430; x_wconf 83' lang='grc' dir='ltr'>ὡς</span> <span class='ocrx_word' id='word_1_109' title='bbox 2398 1364 2467 1430; x_wconf 87' lang='grc' dir='ltr'>ἐκ</span> <span class='ocrx_word' id='word_1_110' title='bbox 2507 1368 2624 1429; x_wconf 81' lang='grc' dir='ltr'>τοῦ</span> <span class='ocrx_word' id='word_1_111' title='bbox 2656 1362 2836 1429; x_wconf 86' lang='grc' dir='ltr'>ἀνύω</span> <span class='ocrx_word' id='word_1_112' title='bbox 2882 1362 2983 1427; x_wconf 86' lang='grc' dir='ltr'>καὶ</span> <span class='ocrx_word' id='word_1_113' title='bbox 3024 1362 3224 1441; x_wconf 87' lang='grc' dir='ltr'>ἀρύω.</span> 
     </span>
     <span class='ocr_line' id='line_1_11' title="bbox 533 1454 3229 1549; baseline 0.001 -22"><span class='ocrx_word' id='word_1_114' title='bbox 533 1476 600 1528; x_wconf 89' lang='grc'>10</span> <span class='ocrx_word' id='word_1_115' title='bbox 805 1464 899 1529; x_wconf 88' lang='grc' dir='ltr'>Τὰ</span> <span class='ocrx_word' id='word_1_116' title='bbox 952 1464 1042 1530; x_wconf 84' lang='grc' dir='ltr'>εἰς</span> <span class='ocrx_word' id='word_1_117' title='bbox 1090 1454 1190 1532; x_wconf 59' lang='grc' dir='ltr'>ζῶ</span> <span class='ocrx_word' id='word_1_118' title='bbox 1241 1467 1605 1548; x_wconf 84' lang='grc' dir='ltr'>βαρύνεται,</span> <span class='ocrx_word' id='word_1_119' title='bbox 1664 1467 1718 1531; x_wconf 88' lang='grc' dir='ltr'>εἰ</span> <span class='ocrx_word' id='word_1_120' title='bbox 1773 1467 1847 1531; x_wconf 89' lang='grc' dir='ltr'>δέ</span> <span class='ocrx_word' id='word_1_121' title='bbox 1901 1487 1959 1531; x_wconf 91' lang='grc' dir='ltr'>τι</span> <span class='ocrx_word' id='word_1_122' title='bbox 2004 1470 2412 1549; x_wconf 85' lang='grc' dir='ltr'>περιςπᾶται,</span> <span class='ocrx_word' id='word_1_123' title='bbox 2465 1470 2660 1532; x_wconf 84' lang='grc' dir='ltr'>τοῦτο</span> <span class='ocrx_word' id='word_1_124' title='bbox 2709 1466 2812 1543; x_wconf 80' lang='grc' dir='ltr'>καὶ</span> <span class='ocrx_word' id='word_1_125' title='bbox 2867 1464 3229 1545; x_wconf 86' lang='grc' dir='ltr'>βαρύτονον</span> 
     </span>
     <span class='ocr_line' id='line_1_12' title="bbox 636 1562 3230 1653; baseline 0.002 -25"><span class='ocrx_word' id='word_1_126' title='bbox 636 1562 843 1644; x_wconf 86' lang='grc' dir='ltr'>ὤφθη.</span> <span class='ocrx_word' id='word_1_127' title='bbox 890 1565 1048 1631; x_wconf 82' lang='grc' dir='ltr'>εἰδὲ</span> <span class='ocrx_word' id='word_1_128' title='bbox 1079 1567 1294 1647; x_wconf 88' lang='grc' dir='ltr'>μόνως</span> <span class='ocrx_word' id='word_1_129' title='bbox 1336 1570 1789 1651; x_wconf 86' lang='grc' dir='ltr'>περιεςπάςθη,</span> <span class='ocrx_word' id='word_1_130' title='bbox 1835 1573 2246 1647; x_wconf 85' lang='grc' dir='ltr'>προϋπῆρξεν</span> <span class='ocrx_word' id='word_1_131' title='bbox 2291 1568 2466 1653; x_wconf 85' lang='grc' dir='ltr'>αὐτῷ</span> <span class='ocrx_word' id='word_1_132' title='bbox 2513 1567 2751 1650; x_wconf 90' lang='grc' dir='ltr'>ὄνομα,</span> <span class='ocrx_word' id='word_1_133' title='bbox 2797 1566 2878 1631; x_wconf 88' lang='grc' dir='ltr'>οὗ</span> <span class='ocrx_word' id='word_1_134' title='bbox 2920 1568 2997 1633; x_wconf 92' lang='grc' dir='ltr'>τὸ</span> <span class='ocrx_word' id='word_1_135' title='bbox 3040 1567 3230 1632; x_wconf 86' lang='grc' dir='ltr'>τέλος</span> 
     </span>
     <span class='ocr_line' id='line_1_13' title="bbox 636 1666 2181 1751; baseline 0.004 -22"><span class='ocrx_word' id='word_1_136' title='bbox 636 1666 725 1730; x_wconf 87' lang='grc' dir='ltr'>εἰς</span> <span class='ocrx_word' id='word_1_137' title='bbox 770 1672 823 1730; x_wconf 70' lang='lat' dir='ltr'>ff»</span> <span class='ocrx_word' id='word_1_138' title='bbox 868 1671 1109 1746; x_wconf 82' lang='grc' dir='ltr'>τραπὲν</span> <span class='ocrx_word' id='word_1_139' title='bbox 1155 1669 1572 1751; x_wconf 88' lang='grc' dir='ltr'>ἰςοςύλλαβον</span> <span class='ocrx_word' id='word_1_140' title='bbox 1618 1669 1783 1750; x_wconf 81' lang='grc' dir='ltr'>ῥῆμα</span> <span class='ocrx_word' id='word_1_141' title='bbox 1824 1670 2181 1735; x_wconf 89' lang='grc' dir='ltr'>ἀπετέλεςε.</span> 
     </span>
     <span class='ocr_line' id='line_1_14' title="bbox 804 1759 3230 1864; baseline 0.002 -34"><span class='ocrx_word' id='word_1_142' title='bbox 804 1794 842 1830; x_wconf 59' lang='grc' dir='ltr'>κ</span> <span class='ocrx_word' id='word_1_143' title='bbox 891 1769 985 1834; x_wconf 90' lang='grc' dir='ltr'>Τὰ</span> <span class='ocrx_word' id='word_1_144' title='bbox 1029 1771 1117 1838; x_wconf 86' lang='grc' dir='ltr'>εἰς</span> <span class='ocrx_word' id='word_1_145' title='bbox 1158 1759 1295 1838; x_wconf 65' lang='grc' dir='ltr'>ἇζ-ω</span> <span class='ocrx_word' id='word_1_146' title='bbox 1367 1771 1732 1855; x_wconf 82' lang='grc' dir='ltr'>βαρύνεται,</span> <span class='ocrx_word' id='word_1_147' title='bbox 1801 1772 2035 1855; x_wconf 84' lang='grc' dir='ltr'>βάζω,</span> <span class='ocrx_word' id='word_1_148' title='bbox 2104 1772 2424 1864; x_wconf 80' lang='grc' dir='ltr'>βιβάζω,</span> <span class='ocrx_word' id='word_1_149' title='bbox 2492 1771 2697 1838; x_wconf 88' lang='grc' dir='ltr'>λάζω</span> <span class='ocrx_word' id='word_1_150' title='bbox 2765 1773 2840 1837; x_wconf 89' lang='grc' dir='ltr'>τὸ</span> <span class='ocrx_word' id='word_1_151' title='bbox 2901 1771 3230 1853; x_wconf 85' lang='grc' dir='ltr'>λαμβάνω,</span> 
     </span>
     <span class='ocr_line' id='line_1_15' title="bbox 638 1869 3227 1957; baseline 0.001 -24"><span class='ocrx_word' id='word_1_152' title='bbox 638 1869 917 1954; x_wconf 87' lang='grc' dir='ltr'>ςτάζω,</span> <span class='ocrx_word' id='word_1_153' title='bbox 985 1874 1286 1956; x_wconf 87' lang='grc' dir='ltr'>φράζω,</span> <span class='ocrx_word' id='word_1_154' title='bbox 1358 1875 1651 1955; x_wconf 89' lang='grc' dir='ltr'>ςφάζω,</span> <span class='ocrx_word' id='word_1_155' title='bbox 1719 1874 1958 1955; x_wconf 89' lang='grc' dir='ltr'>χάζω,</span> <span class='ocrx_word' id='word_1_156' title='bbox 2024 1873 2294 1957; x_wconf 86' lang='grc' dir='ltr'>αἰάζω,</span> <span class='ocrx_word' id='word_1_157' title='bbox 2378 1874 2753 1955; x_wconf 90' lang='grc' dir='ltr'>ςτενάζω,</span> <span class='ocrx_word' id='word_1_158' title='bbox 2820 1871 3227 1956; x_wconf 87' lang='grc' dir='ltr'>ἀλαπάζω,</span> 
     </span>
     <span class='ocr_line' id='line_1_16' title="bbox 517 1969 3227 2059; baseline 0.001 -23"><span class='ocrx_word' id='word_1_159' title='bbox 517 1969 602 2038; x_wconf 75' lang='grc'>“15</span> <span class='ocrx_word' id='word_1_160' title='bbox 641 1971 920 2055; x_wconf 87' lang='grc' dir='ltr'>εὐάζω,</span> <span class='ocrx_word' id='word_1_161' title='bbox 967 1974 1472 2058; x_wconf 81' lang='grc' dir='ltr'>ἑκκληςιάζω,</span> <span class='ocrx_word' id='word_1_162' title='bbox 1519 1975 1906 2058; x_wconf 87' lang='grc' dir='ltr'>ςκεπάζω,</span> <span class='ocrx_word' id='word_1_163' title='bbox 1951 1975 2282 2059; x_wconf 88' lang='grc' dir='ltr'>ἀνιάζω,</span> <span class='ocrx_word' id='word_1_164' title='bbox 2329 1976 2645 2059; x_wconf 73' lang='grc' dir='ltr'>ςκιάζω,</span> <span class='ocrx_word' id='word_1_165' title='bbox 2692 1974 3063 2055; x_wconf 89' lang='grc' dir='ltr'>ςκεδάζω,</span> <span class='ocrx_word' id='word_1_166' title='bbox 3106 1975 3227 2052; x_wconf 91' lang='grc' dir='ltr'>άρ-</span> 
     </span>
     <span class='ocr_line' id='line_1_17' title="bbox 637 2073 3228 2161; baseline 0.002 -25"><span class='ocrx_word' id='word_1_167' title='bbox 637 2073 887 2158; x_wconf 84' lang='grc' dir='ltr'>πάζω,</span> <span class='ocrx_word' id='word_1_168' title='bbox 944 2077 1456 2161; x_wconf 84' lang='grc' dir='ltr'>ἑνθουςιάζω,</span> <span class='ocrx_word' id='word_1_169' title='bbox 1504 2078 1773 2161; x_wconf 90' lang='grc' dir='ltr'>βιάζω,</span> <span class='ocrx_word' id='word_1_170' title='bbox 1818 2078 2171 2160; x_wconf 87' lang='grc' dir='ltr'>αἰτιάζω,</span> <span class='ocrx_word' id='word_1_171' title='bbox 2217 2078 2543 2160; x_wconf 91' lang='grc' dir='ltr'>ἁλιάζω,</span> <span class='ocrx_word' id='word_1_172' title='bbox 2602 2076 3002 2159; x_wconf 87' lang='grc' dir='ltr'>ἀγοράζω,</span> <span class='ocrx_word' id='word_1_173' title='bbox 3064 2077 3228 2156; x_wconf 90' lang='grc' dir='ltr'>ὅπερ</span> 
     </span>
    </p>
   </div>
   <div class='ocr_carea' id='block_1_3' title="bbox 635 2178 3346 2263">
    <p class='ocr_par' dir='ltr' id='par_1_3' title="bbox 635 2178 3346 2263">
     <span class='ocr_line' id='line_1_18' title="bbox 635 2178 3346 2263; baseline 0.001 -23"><span class='ocrx_word' id='word_1_174' title='bbox 635 2178 802 2243; x_wconf 83' lang='grc' dir='ltr'>τινὲς</span> <span class='ocrx_word' id='word_1_175' title='bbox 858 2178 963 2243; x_wconf 85' lang='grc' dir='ltr'>ἐπὶ</span> <span class='ocrx_word' id='word_1_176' title='bbox 1014 2184 1135 2244; x_wconf 84' lang='grc' dir='ltr'>τοῦ</span> <span class='ocrx_word' id='word_1_177' title='bbox 1189 2179 1260 2245; x_wconf 85' lang='grc' dir='ltr'>ἐν</span> <span class='ocrx_word' id='word_1_178' title='bbox 1317 2178 1525 2263; x_wconf 87' lang='grc' dir='ltr'>ἀγορᾷ</span> <span class='ocrx_word' id='word_1_179' title='bbox 1581 2180 1919 2259; x_wconf 80' lang='grc' dir='ltr'>διατρίβειν</span> <span class='ocrx_word' id='word_1_180' title='bbox 1980 2179 2131 2245; x_wconf 71' lang='grc' dir='ltr'>«ὅδ’</span> <span class='ocrx_word' id='word_1_181' title='bbox 2174 2178 2473 2258; x_wconf 86' lang='grc' dir='ltr'>ἀγοράζει</span> <span class='ocrx_word' id='word_1_182' title='bbox 2529 2181 2734 2244; x_wconf 81' lang='grc' dir='ltr'>κλεῖδ’</span> <span class='ocrx_word' id='word_1_183' title='bbox 2774 2179 2987 2258; x_wconf 75' lang='grc' dir='ltr'>ἔχων»</span> <span class='ocrx_word' id='word_1_184' title='bbox 3035 2179 3228 2243; x_wconf 83' lang='grc' dir='ltr'>ἑκτεί-</span> <span class='ocrx_word' id='word_1_185' title='bbox 3337 2251 3346 2257; x_wconf 75' lang='lat'><em>,</em></span> 
     </span>
    </p>
   </div>
   <div class='ocr_carea' id='block_1_4' title="bbox 530 2280 3228 2568">
    <p class='ocr_par' dir='ltr' id='par_1_4' title="bbox 530 2280 3228 2568">
     <span class='ocr_line' id='line_1_19' title="bbox 636 2280 3228 2364; baseline 0.002 -23"><span class='ocrx_word' id='word_1_186' title='bbox 636 2298 815 2343; x_wconf 89' lang='grc' dir='ltr'>νουςι</span> <span class='ocrx_word' id='word_1_187' title='bbox 859 2282 1024 2360; x_wconf 89' lang='grc' dir='ltr'>πρὸς</span> <span class='ocrx_word' id='word_1_188' title='bbox 1069 2282 1552 2359; x_wconf 88' lang='grc' dir='ltr'>ἀντιδιαςτολὴν</span> <span class='ocrx_word' id='word_1_189' title='bbox 1596 2285 1713 2346; x_wconf 84' lang='grc' dir='ltr'>τοῦ</span> <span class='ocrx_word' id='word_1_190' title='bbox 1758 2282 2016 2364; x_wconf 87' lang='grc' dir='ltr'>ἑτέρου,</span> <span class='ocrx_word' id='word_1_191' title='bbox 2062 2282 2233 2356; x_wconf 89' lang='grc' dir='ltr'>λέγω</span> <span class='ocrx_word' id='word_1_192' title='bbox 2278 2283 2350 2347; x_wconf 82' lang='grc' dir='ltr'>δὲ</span> <span class='ocrx_word' id='word_1_193' title='bbox 2393 2286 2512 2346; x_wconf 83' lang='grc' dir='ltr'>τοῦ</span> <span class='ocrx_word' id='word_1_194' title='bbox 2559 2280 2870 2347; x_wconf 85' lang='grc' dir='ltr'>ὠνεῖςθαι.</span> <span class='ocrx_word' id='word_1_195' title='bbox 2938 2301 3023 2359; x_wconf 88' lang='grc' dir='ltr'>κρ</span> <span class='ocrx_word' id='word_1_196' title='bbox 3040 2281 3125 2348; x_wconf 92' lang='grc' dir='ltr'>άζ</span> <span class='ocrx_word' id='word_1_197' title='bbox 3139 2304 3193 2345; x_wconf 91' lang='grc' dir='ltr'>ω</span> <span class='ocrx_word' id='word_1_198' title='bbox 3207 2330 3228 2362; x_wconf 90' lang='grc'>,</span> 
     </span>
     <span class='ocr_line' id='line_1_20' title="bbox 636 2367 3228 2465; baseline 0.001 -22"><span class='ocrx_word' id='word_1_199' title='bbox 636 2378 796 2459; x_wconf 89' lang='grc' dir='ltr'>ὅπερ</span> <span class='ocrx_word' id='word_1_200' title='bbox 840 2384 1017 2462; x_wconf 87' lang='grc' dir='ltr'>παρὰ</span> <span class='ocrx_word' id='word_1_201' title='bbox 1062 2384 1262 2460; x_wconf 91' lang='grc' dir='ltr'>λόγον</span> <span class='ocrx_word' id='word_1_202' title='bbox 1307 2383 1649 2465; x_wconf 83' lang='grc' dir='ltr'>ἐκτέταται,</span> <span class='ocrx_word' id='word_1_203' title='bbox 1692 2383 1771 2448; x_wconf 86' lang='grc' dir='ltr'>τὰ</span> <span class='ocrx_word' id='word_1_204' title='bbox 1814 2383 1939 2463; x_wconf 84' lang='grc' dir='ltr'>γὰρ</span> <span class='ocrx_word' id='word_1_205' title='bbox 1986 2383 2076 2448; x_wconf 89' lang='grc' dir='ltr'>εἰς</span> <span class='ocrx_word' id='word_1_206' title='bbox 2120 2371 2254 2452; x_wconf 69' lang='grc' dir='ltr'>αζω</span> <span class='ocrx_word' id='word_1_207' title='bbox 2309 2383 2623 2449; x_wconf 87' lang='grc' dir='ltr'>ςυςτέλλει</span> <span class='ocrx_word' id='word_1_208' title='bbox 2690 2384 2767 2450; x_wconf 87' lang='grc' dir='ltr'>τὸ</span> <span class='ocrx_word' id='word_1_209' title='bbox 2823 2386 2864 2446; x_wconf 82' lang='grc' dir='ltr'>ἃ</span> <span class='ocrx_word' id='word_1_210' title='bbox 2921 2367 3228 2448; x_wconf 80' lang='grc' dir='ltr'>ύπεςταλ-</span> 
     </span>
     <span class='ocr_line' id='line_1_21' title="bbox 530 2482 1882 2568; baseline 0.002 -21"><span class='ocrx_word' id='word_1_211' title='bbox 530 2496 603 2548; x_wconf 81' lang='lat'>20</span> <span class='ocrx_word' id='word_1_212' title='bbox 636 2482 851 2559; x_wconf 85' lang='grc' dir='ltr'>μένων</span> <span class='ocrx_word' id='word_1_213' title='bbox 895 2491 1026 2550; x_wconf 87' lang='grc' dir='ltr'>τῶν</span> <span class='ocrx_word' id='word_1_214' title='bbox 1070 2485 1415 2568; x_wconf 83' lang='grc' dir='ltr'>Αἰολικῶν,</span> <span class='ocrx_word' id='word_1_215' title='bbox 1457 2490 1577 2551; x_wconf 86' lang='grc' dir='ltr'>τοῦ</span> <span class='ocrx_word' id='word_1_216' title='bbox 1621 2485 1813 2552; x_wconf 91' lang='grc' dir='ltr'>πτάζ</span> <span class='ocrx_word' id='word_1_217' title='bbox 1828 2506 1882 2550; x_wconf 99' lang='grc' dir='ltr'>ω</span> 
     </span>
    </p>
   </div>
   <div class='ocr_carea' id='block_1_5' title="bbox 636 2659 921 2666">
    <p class='ocr_par' dir='ltr' id='par_1_5' title="bbox 636 2659 921 2666">
     <span class='ocr_line' id='line_1_22' title="bbox 636 2659 921 2666; baseline 0 2880"><span class='ocrx_word' id='word_1_218' title='bbox 636 2659 921 2666; x_wconf 95' lang='lat' dir='ltr'> </span> 
     </span>
    </p>
   </div>
   <div class='ocr_carea' id='block_1_6' title="bbox 926 2660 1037 2667">
    <p class='ocr_par' dir='ltr' id='par_1_6' title="bbox 926 2660 1037 2667">
     <span class='ocr_line' id='line_1_23' title="bbox 926 2660 1037 2667; baseline 0.018 -2"><span class='ocrx_word' id='word_1_219' title='bbox 926 2660 1037 2667; x_wconf 52' lang='lat' dir='ltr'>-..q-</span> 
     </span>
    </p>
   </div>
   <div class='ocr_carea' id='block_1_7' title="bbox 613 2755 3230 3909">
    <p class='ocr_par' dir='ltr' id='par_1_7' title="bbox 613 2755 3230 3909">
     <span class='ocr_line' id='line_1_24' title="bbox 773 2755 3230 2824; baseline 0 -16"><span class='ocrx_word' id='word_1_220' title='bbox 773 2757 806 2808; x_wconf 91' lang='lat'>1.</span> <span class='ocrx_word' id='word_1_221' title='bbox 843 2760 875 2809; x_wconf 78' lang='lat'><strong>2</strong></span> <span class='ocrx_word' id='word_1_222' title='bbox 913 2775 1010 2824; x_wconf 87' lang='lat' dir='ltr'>pro</span> <span class='ocrx_word' id='word_1_223' title='bbox 1048 2758 1270 2810; x_wconf 82' lang='lat' dir='ltr'><strong>Arcadii</strong></span> <span class='ocrx_word' id='word_1_224' title='bbox 1304 2760 1518 2810; x_wconf 81' lang='lat' dir='ltr'>verbis:</span> <span class='ocrx_word' id='word_1_225' title='bbox 1555 2757 1627 2810; x_wconf 83' lang='grc' dir='ltr'>τὰ</span> <span class='ocrx_word' id='word_1_226' title='bbox 1665 2757 1858 2822; x_wconf 87' lang='grc' dir='ltr'>μέντοι</span> <span class='ocrx_word' id='word_1_227' title='bbox 1893 2756 2177 2823; x_wconf 80' lang='grc' dir='ltr'>βαρύτονά</span> <span class='ocrx_word' id='word_1_228' title='bbox 2213 2755 2416 2809; x_wconf 91' lang='grc' dir='ltr'>ςπάνια</span> <span class='ocrx_word' id='word_1_229' title='bbox 2453 2757 2543 2809; x_wconf 80' lang='grc' dir='ltr'>καὶ</span> <span class='ocrx_word' id='word_1_230' title='bbox 2581 2758 2656 2823; x_wconf 85' lang='grc' dir='ltr'>μὴ</span> <span class='ocrx_word' id='word_1_231' title='bbox 2693 2756 3070 2824; x_wconf 86' lang='grc' dir='ltr'>ἑνεργητικῶς</span> <span class='ocrx_word' id='word_1_232' title='bbox 3106 2755 3230 2823; x_wconf 86' lang='lat' dir='ltr'>(pro</span> 
     </span>
     <span class='ocr_line' id='line_1_25' title="bbox 637 2823 3228 2890; baseline 0 -15"><span class='ocrx_word' id='word_1_233' title='bbox 637 2826 839 2890; x_wconf 71' lang='lat' dir='ltr'>quibus</span> <span class='ocrx_word' id='word_1_234' title='bbox 875 2827 1097 2878; x_wconf 79' lang='lat' dir='ltr'><strong>Lascar.</strong></span> <span class='ocrx_word' id='word_1_235' title='bbox 1136 2831 1251 2889; x_wconf 80' lang='lat'>170,</span> <span class='ocrx_word' id='word_1_236' title='bbox 1293 2829 1354 2877; x_wconf 79' lang='lat'>19</span> <span class='ocrx_word' id='word_1_237' title='bbox 1390 2825 1769 2887; x_wconf 87' lang='grc' dir='ltr'>ἀποθετικῶς)</span> <span class='ocrx_word' id='word_1_238' title='bbox 1818 2827 2098 2890; x_wconf 87' lang='grc' dir='ltr'>λεγόμενα</span> <span class='ocrx_word' id='word_1_239' title='bbox 2143 2824 2303 2877; x_wconf 84' lang='grc' dir='ltr'>πέτω</span> <span class='ocrx_word' id='word_1_240' title='bbox 2351 2826 2616 2889; x_wconf 83' lang='grc' dir='ltr'>πέτομαι,</span> <span class='ocrx_word' id='word_1_241' title='bbox 2666 2824 2807 2877; x_wconf 78' lang='grc' dir='ltr'>λίτω</span> <span class='ocrx_word' id='word_1_242' title='bbox 2852 2823 3085 2887; x_wconf 88' lang='grc' dir='ltr'>λίτομαι.</span> <span class='ocrx_word' id='word_1_243' title='bbox 3155 2825 3228 2876; x_wconf 86' lang='grc' dir='ltr'>τὸ</span> 
     </span>
     <span class='ocr_line' id='line_1_26' title="bbox 636 2892 3227 2959; baseline 0 -15"><span class='ocrx_word' id='word_1_244' title='bbox 636 2892 698 2944; x_wconf 85' lang='grc' dir='ltr'>δὲ</span> <span class='ocrx_word' id='word_1_245' title='bbox 733 2892 926 2945; x_wconf 88' lang='grc' dir='ltr'>ἀνύτω</span> <span class='ocrx_word' id='word_1_246' title='bbox 964 2894 1078 2947; x_wconf 83' lang='grc' dir='ltr'>ἀπὸ</span> <span class='ocrx_word' id='word_1_247' title='bbox 1114 2898 1217 2946; x_wconf 84' lang='grc' dir='ltr'>τοῦ</span> <span class='ocrx_word' id='word_1_248' title='bbox 1256 2893 1414 2946; x_wconf 87' lang='grc' dir='ltr'>ἀνύω</span> <span class='ocrx_word' id='word_1_249' title='bbox 1452 2893 1595 2946; x_wconf 84' lang='grc' dir='ltr'>κατὰ</span> <span class='ocrx_word' id='word_1_250' title='bbox 1633 2895 1989 2959; x_wconf 89' lang='grc' dir='ltr'>πλεοναςμὸν</span> <span class='ocrx_word' id='word_1_251' title='bbox 2025 2897 2129 2945; x_wconf 83' lang='grc' dir='ltr'>τοῦ</span> <span class='ocrx_word' id='word_1_252' title='bbox 2167 2895 2202 2944; x_wconf 65' lang='grc' dir='ltr'>τ</span> <span class='ocrx_word' id='word_1_253' title='bbox 2238 2893 2485 2954; x_wconf 79' lang='lat' dir='ltr'><strong>(Lascar.</strong></span> <span class='ocrx_word' id='word_1_254' title='bbox 2523 2892 2638 2945; x_wconf 87' lang='grc' dir='ltr'>ἀπὸ</span> <span class='ocrx_word' id='word_1_255' title='bbox 2673 2897 2777 2945; x_wconf 85' lang='grc' dir='ltr'>τοῦ</span> <span class='ocrx_word' id='word_1_256' title='bbox 2825 2892 2983 2944; x_wconf 87' lang='grc' dir='ltr'>ἀνύω</span> <span class='ocrx_word' id='word_1_257' title='bbox 3021 2895 3227 2945; x_wconf 88' lang='grc' dir='ltr'>κοινῶς</span> 
     </span>
     <span class='ocr_line' id='line_1_27' title="bbox 636 2959 3226 3029; baseline 0 -17"><span class='ocrx_word' id='word_1_258' title='bbox 636 2959 830 3012; x_wconf 88' lang='grc' dir='ltr'>άνύτω</span> <span class='ocrx_word' id='word_1_259' title='bbox 870 2960 1169 3026; x_wconf 81' lang='grc' dir='ltr'>Ἀττικῶς,</span> <span class='ocrx_word' id='word_1_260' title='bbox 1210 2960 1420 3025; x_wconf 87' lang='grc' dir='ltr'>ὁμοίως</span> <span class='ocrx_word' id='word_1_261' title='bbox 1466 2960 1623 3027; x_wconf 87' lang='grc' dir='ltr'>ἀρύω</span> <span class='ocrx_word' id='word_1_262' title='bbox 1670 2962 1760 3012; x_wconf 79' lang='grc' dir='ltr'>καὶ</span> <span class='ocrx_word' id='word_1_263' title='bbox 1806 2961 1999 3027; x_wconf 88' lang='grc' dir='ltr'>ἀρύτω</span> <span class='ocrx_word' id='word_1_264' title='bbox 2039 2961 2330 3020; x_wconf 80' lang='grc' dir='ltr'>Ἀττικῶς)</span> <span class='ocrx_word' id='word_1_265' title='bbox 2377 2962 2538 3029; x_wconf 84' lang='lat' dir='ltr'>posui</span> <span class='ocrx_word' id='word_1_266' title='bbox 2584 2963 2755 3012; x_wconf 80' lang='lat' dir='ltr'><strong>verba</strong></span> <span class='ocrx_word' id='word_1_267' title='bbox 2799 2961 3107 3012; x_wconf 83' lang='lat' dir='ltr'><strong>Herodiani</strong></span> <span class='ocrx_word' id='word_1_268' title='bbox 3153 2963 3226 3012; x_wconf 77' lang='lat' dir='ltr'>ab</span> 
     </span>
     <span class='ocr_line' id='line_1_28' title="bbox 634 3026 3228 3094; baseline -0 -14"><span class='ocrx_word' id='word_1_269' title='bbox 634 3029 894 3080; x_wconf 80' lang='lat' dir='ltr'><strong>Eustath.</strong></span> <span class='ocrx_word' id='word_1_270' title='bbox 935 3033 1059 3093; x_wconf 81' lang='lat'>764,</span> <span class='ocrx_word' id='word_1_271' title='bbox 1099 3033 1164 3081; x_wconf 76' lang='lat'>26</span> <span class='ocrx_word' id='word_1_272' title='bbox 1202 3036 1453 3081; x_wconf 79' lang='lat' dir='ltr'><strong>servata:</strong></span> <span class='ocrx_word' id='word_1_273' title='bbox 1502 3029 1846 3094; x_wconf 82' lang='grc' dir='ltr'>Ἡρωδιανὸς</span> <span class='ocrx_word' id='word_1_274' title='bbox 1892 3029 2068 3093; x_wconf 85' lang='grc' dir='ltr'>λέγει,</span> <span class='ocrx_word' id='word_1_275' title='bbox 2117 3028 2200 3080; x_wconf 83' lang='grc' dir='ltr'>ὡς</span> <span class='ocrx_word' id='word_1_276' title='bbox 2245 3029 2332 3081; x_wconf 85' lang='grc' dir='ltr'>διὰ</span> <span class='ocrx_word' id='word_1_277' title='bbox 2377 3032 2481 3081; x_wconf 80' lang='grc' dir='ltr'>τοῦ</span> <span class='ocrx_word' id='word_1_278' title='bbox 2518 3032 2554 3080; x_wconf 50' lang='lat' dir='ltr'>ff</span> <span class='ocrx_word' id='word_1_279' title='bbox 2598 3028 2664 3080; x_wconf 86' lang='grc' dir='ltr'>οὐ</span> <span class='ocrx_word' id='word_1_280' title='bbox 2704 3028 2889 3081; x_wconf 86' lang='grc' dir='ltr'>πολλὰ</span> <span class='ocrx_word' id='word_1_281' title='bbox 2937 3026 3123 3080; x_wconf 86' lang='grc' dir='ltr'>ὦπται</span> <span class='ocrx_word' id='word_1_282' title='bbox 3157 3055 3228 3067; x_wconf 89' lang='grc'>--</span> 
     </span>
     <span class='ocr_line' id='line_1_29' title="bbox 634 3095 3228 3163; baseline -0.001 -15"><span class='ocrx_word' id='word_1_283' title='bbox 634 3097 725 3148; x_wconf 81' lang='grc' dir='ltr'>καὶ</span> <span class='ocrx_word' id='word_1_284' title='bbox 763 3096 919 3148; x_wconf 82' lang='grc' dir='ltr'>οὕτω</span> <span class='ocrx_word' id='word_1_285' title='bbox 958 3098 1061 3161; x_wconf 83' lang='grc' dir='ltr'>μὲν</span> <span class='ocrx_word' id='word_1_286' title='bbox 1098 3096 1468 3163; x_wconf 89' lang='grc' dir='ltr'>Ἣρωδιανός,</span> <span class='ocrx_word' id='word_1_287' title='bbox 1518 3099 1753 3148; x_wconf 71' lang='lat' dir='ltr'><strong>retentis</strong></span> <span class='ocrx_word' id='word_1_288' title='bbox 1792 3114 1862 3148; x_wconf 80' lang='lat' dir='ltr'>ex</span> <span class='ocrx_word' id='word_1_289' title='bbox 1897 3097 2135 3148; x_wconf 78' lang='lat' dir='ltr'><strong>Arcadio</strong></span> <span class='ocrx_word' id='word_1_290' title='bbox 2179 3097 2271 3149; x_wconf 86' lang='grc' dir='ltr'>καὶ</span> <span class='ocrx_word' id='word_1_291' title='bbox 2318 3098 2392 3160; x_wconf 86' lang='grc' dir='ltr'>μὴ</span> <span class='ocrx_word' id='word_1_292' title='bbox 2432 3096 2807 3162; x_wconf 80' lang='grc' dir='ltr'>ἐνεργητικῶς</span> <span class='ocrx_word' id='word_1_293' title='bbox 2852 3095 3133 3159; x_wconf 88' lang='grc' dir='ltr'>λεγόμενα</span> <span class='ocrx_word' id='word_1_294' title='bbox 3168 3101 3228 3146; x_wconf 78' lang='lat' dir='ltr'>et</span> 
     </span>
     <span class='ocr_line' id='line_1_30' title="bbox 635 3162 3226 3229; baseline -0 -14"><span class='ocrx_word' id='word_1_295' title='bbox 635 3166 864 3216; x_wconf 76' lang='lat' dir='ltr'>insertis</span> <span class='ocrx_word' id='word_1_296' title='bbox 900 3167 1087 3216; x_wconf 81' lang='lat' dir='ltr'>verbis</span> <span class='ocrx_word' id='word_1_297' title='bbox 1119 3165 1191 3217; x_wconf 87' lang='grc' dir='ltr'>τὸ</span> <span class='ocrx_word' id='word_1_298' title='bbox 1229 3164 1291 3216; x_wconf 84' lang='grc' dir='ltr'>δὲ</span> <span class='ocrx_word' id='word_1_299' title='bbox 1326 3164 1574 3229; x_wconf 75' lang='grc' dir='ltr'>«ἤντης’</span> <span class='ocrx_word' id='word_1_300' title='bbox 1608 3191 1677 3202; x_wconf 92' lang='grc'><strong>-</strong></span> <span class='ocrx_word' id='word_1_301' title='bbox 1712 3164 1959 3216; x_wconf 81' lang='grc' dir='ltr'>κέκλιται</span> <span class='ocrx_word' id='word_1_302' title='bbox 1996 3182 2062 3216; x_wconf 84' lang='lat' dir='ltr'>ex</span> <span class='ocrx_word' id='word_1_303' title='bbox 2088 3166 2152 3215; x_wconf 87' lang='lat'>11.</span> <span class='ocrx_word' id='word_1_304' title='bbox 2175 3166 2326 3218; x_wconf 84' lang='lat' dir='ltr'><strong>Pros,</strong></span> <span class='ocrx_word' id='word_1_305' title='bbox 2358 3164 2403 3216; x_wconf 92' lang='grc' dir='ltr'>Ο</span> <span class='ocrx_word' id='word_1_306' title='bbox 2430 3168 2555 3216; x_wconf 83' lang='lat'>698:</span> <span class='ocrx_word' id='word_1_307' title='bbox 2594 3164 2852 3216; x_wconf 80' lang='grc' dir='ltr'>ἄντεςθέ</span> <span class='ocrx_word' id='word_1_308' title='bbox 2892 3162 3226 3229; x_wconf 86' lang='grc' dir='ltr'>Τυραννίων</span> 
     </span>
     <span class='ocr_line' id='line_1_31' title="bbox 634 3230 3226 3297; baseline 0 -14"><span class='ocrx_word' id='word_1_309' title='bbox 634 3231 934 3296; x_wconf 85' lang='grc' dir='ltr'>παροξύνει</span> <span class='ocrx_word' id='word_1_310' title='bbox 964 3232 1043 3285; x_wconf 87' lang='grc' dir='ltr'>ώς</span> <span class='ocrx_word' id='word_1_311' title='bbox 1068 3232 1355 3296; x_wconf 87' lang='grc' dir='ltr'>λαβέςθαι,</span> <span class='ocrx_word' id='word_1_312' title='bbox 1385 3231 1675 3297; x_wconf 88' lang='grc' dir='ltr'>πυθέςθαι,</span> <span class='ocrx_word' id='word_1_313' title='bbox 1702 3232 2070 3296; x_wconf 79' lang='grc' dir='ltr'>ἐκδεχόμενος</span> <span class='ocrx_word' id='word_1_314' title='bbox 2096 3232 2263 3296; x_wconf 87' lang='grc' dir='ltr'>μέςον</span> <span class='ocrx_word' id='word_1_315' title='bbox 2288 3232 2556 3297; x_wconf 87' lang='grc' dir='ltr'>δεύτερον</span> <span class='ocrx_word' id='word_1_316' title='bbox 2581 3231 2866 3296; x_wconf 87' lang='grc' dir='ltr'>ἀόριςτον·</span> <span class='ocrx_word' id='word_1_317' title='bbox 2904 3231 3006 3295; x_wconf 86' lang='grc' dir='ltr'>οὐχ</span> <span class='ocrx_word' id='word_1_318' title='bbox 3031 3230 3226 3296; x_wconf 82' lang='grc' dir='ltr'>ὑγιῶς,</span> 
     </span>
     <span class='ocr_line' id='line_1_32' title="bbox 613 3298 3228 3433; baseline 0 -16"><span class='ocrx_word' id='word_1_319' title='bbox 613 3298 885 3431; x_wconf 59' lang='grc' dir='ltr'>-ξὲζὲἱζῗ</span> <span class='ocrx_word' id='word_1_320' title='bbox 921 3299 1876 3433; x_wconf 49' lang='lat'>{5233203‘333&#39;2‘22035*1533310025’</span> <span class='ocrx_word' id='word_1_321' title='bbox 1880 3299 2162 3431; x_wconf 50' lang='lat' dir='ltr'>{miz</span> <span class='ocrx_word' id='word_1_322' title='bbox 2180 3299 2292 3419; x_wconf 54' lang='lat' dir='ltr'>2¹?ss</span> <span class='ocrx_word' id='word_1_323' title='bbox 2297 3305 2344 3421; x_wconf 58' lang='grc' dir='ltr'>ξ’</span> <span class='ocrx_word' id='word_1_324' title='bbox 2365 3299 2937 3432; x_wconf 47' lang='grc' dir='ltr'>ἒξῖ-,Ἷῗὲὲῗέξιῗὲἔθέυ</span> <span class='ocrx_word' id='word_1_325' title='bbox 2945 3299 3228 3418; x_wconf 46' lang='lat' dir='ltr'>{hm</span> 
     </span>
     <span class='ocr_line' id='line_1_33' title="bbox 632 3434 3228 3502; baseline 0 -17"><span class='ocrx_word' id='word_1_326' title='bbox 632 3435 701 3486; x_wconf 90' lang='grc' dir='ltr'>τὸ</span> <span class='ocrx_word' id='word_1_327' title='bbox 738 3434 799 3487; x_wconf 91' lang='grc' dir='ltr'>δέ</span> <span class='ocrx_word' id='word_1_328' title='bbox 834 3434 958 3487; x_wconf 77' lang='grc' dir='ltr'>«ὡς</span> <span class='ocrx_word' id='word_1_329' title='bbox 993 3434 1065 3485; x_wconf 79' lang='grc' dir='ltr'>ἄν</span> <span class='ocrx_word' id='word_1_330' title='bbox 1100 3434 1185 3487; x_wconf 87' lang='grc' dir='ltr'>τίς</span> <span class='ocrx_word' id='word_1_331' title='bbox 1223 3450 1281 3487; x_wconf 89' lang='grc' dir='ltr'>ςε</span> <span class='ocrx_word' id='word_1_332' title='bbox 1306 3435 1759 3499; x_wconf 83' lang='grc' dir='ltr'>ςυναντόμενος»</span> <span class='ocrx_word' id='word_1_333' title='bbox 1798 3436 1964 3502; x_wconf 76' lang='lat' dir='ltr'><strong>(quae</strong></span> <span class='ocrx_word' id='word_1_334' title='bbox 1999 3438 2170 3486; x_wconf 81' lang='lat' dir='ltr'>verba</span> <span class='ocrx_word' id='word_1_335' title='bbox 2205 3438 2261 3486; x_wconf 90' lang='lat' dir='ltr'>in</span> <span class='ocrx_word' id='word_1_336' title='bbox 2299 3441 2510 3488; x_wconf 80' lang='lat' dir='ltr'><strong>textum</strong></span> <span class='ocrx_word' id='word_1_337' title='bbox 2548 3436 2756 3501; x_wconf 82' lang='lat' dir='ltr'><strong>recepi)</strong></span> <span class='ocrx_word' id='word_1_338' title='bbox 2786 3435 2865 3488; x_wconf 83' lang='grc' dir='ltr'>ὡς</span> <span class='ocrx_word' id='word_1_339' title='bbox 2901 3434 3228 3498; x_wconf 86' lang='grc' dir='ltr'>ἁπτόμενος</span> 
     </span>
     <span class='ocr_line' id='line_1_34' title="bbox 634 3501 3226 3568; baseline 0 -15"><span class='ocrx_word' id='word_1_340' title='bbox 634 3504 724 3553; x_wconf 77' lang='grc' dir='ltr'>καὶ</span> <span class='ocrx_word' id='word_1_341' title='bbox 761 3504 1012 3567; x_wconf 76' lang='grc' dir='ltr'>«ἤντετο</span> <span class='ocrx_word' id='word_1_342' title='bbox 1048 3501 1154 3567; x_wconf 88' lang='grc' dir='ltr'>γάρ</span> <span class='ocrx_word' id='word_1_343' title='bbox 1190 3518 1279 3556; x_wconf 88' lang='grc' dir='ltr'>τοι</span> <span class='ocrx_word' id='word_1_344' title='bbox 1314 3504 1559 3567; x_wconf 78' lang='grc' dir='ltr'>Φοῖβος»</span> <span class='ocrx_word' id='word_1_345' title='bbox 1597 3504 1681 3567; x_wconf 88' lang='lat'><em>(11.</em></span> <span class='ocrx_word' id='word_1_346' title='bbox 1720 3504 1778 3555; x_wconf 96' lang='grc' dir='ltr'>Π</span> <span class='ocrx_word' id='word_1_347' title='bbox 1814 3504 1935 3568; x_wconf 80' lang='grc'>788)</span> <span class='ocrx_word' id='word_1_348' title='bbox 1973 3503 2052 3555; x_wconf 83' lang='grc' dir='ltr'>ὡς</span> <span class='ocrx_word' id='word_1_349' title='bbox 2085 3504 2304 3567; x_wconf 87' lang='grc' dir='ltr'>ἥπτετο</span> <span class='ocrx_word' id='word_1_350' title='bbox 2347 3504 2611 3568; x_wconf 83' lang='grc' dir='ltr'>ὁμολογεῖ</span> <span class='ocrx_word' id='word_1_351' title='bbox 2645 3504 2754 3568; x_wconf 88' lang='grc' dir='ltr'>τὴν</span> <span class='ocrx_word' id='word_1_352' title='bbox 2792 3505 3017 3568; x_wconf 81' lang='grc' dir='ltr'>βαρεῖαν</span> <span class='ocrx_word' id='word_1_353' title='bbox 3051 3502 3226 3555; x_wconf 88' lang='grc' dir='ltr'>τάςιν.</span> 
     </span>
     <span class='ocr_line' id='line_1_35' title="bbox 633 3569 3230 3625; baseline -0 -3"><span class='ocrx_word' id='word_1_354' title='bbox 633 3569 717 3622; x_wconf 79' lang='grc' dir='ltr'>οἷς</span> <span class='ocrx_word' id='word_1_355' title='bbox 754 3569 1072 3623; x_wconf 82' lang='grc' dir='ltr'>ἀκόλουθον</span> <span class='ocrx_word' id='word_1_356' title='bbox 1109 3572 1199 3621; x_wconf 78' lang='grc' dir='ltr'>καὶ</span> <span class='ocrx_word' id='word_1_357' title='bbox 1233 3570 1302 3623; x_wconf 91' lang='grc' dir='ltr'>τὸ</span> <span class='ocrx_word' id='word_1_358' title='bbox 1338 3570 1613 3623; x_wconf 83' lang='grc' dir='ltr'>ἄντεςθαι.</span> <span class='ocrx_word' id='word_1_359' title='bbox 1740 3572 1776 3625; x_wconf 92' lang='lat'>1.</span> <span class='ocrx_word' id='word_1_360' title='bbox 1804 3575 1870 3623; x_wconf 78' lang='lat'>10</span> <span class='ocrx_word' id='word_1_361' title='bbox 1894 3572 1984 3623; x_wconf 80' lang='grc' dir='ltr'>καὶ</span> <span class='ocrx_word' id='word_1_362' title='bbox 2009 3574 2242 3623; x_wconf 79' lang='lat' dir='ltr'><strong>inseruit</strong></span> <span class='ocrx_word' id='word_1_363' title='bbox 2266 3573 2474 3624; x_wconf 82' lang='lat' dir='ltr'><strong>Iacobi.</strong></span> <span class='ocrx_word' id='word_1_364' title='bbox 2603 3572 2638 3622; x_wconf 93' lang='lat'>1.</span> <span class='ocrx_word' id='word_1_365' title='bbox 2678 3576 2740 3622; x_wconf 89' lang='lat'>13</span> <span class='ocrx_word' id='word_1_366' title='bbox 2785 3572 3051 3622; x_wconf 79' lang='lat' dir='ltr'>Arcadius</span> <span class='ocrx_word' id='word_1_367' title='bbox 3087 3571 3230 3622; x_wconf 75' lang='lat' dir='ltr'><strong>haee</strong></span> 
     </span>
     <span class='ocr_line' id='line_1_36' title="bbox 634 3638 3224 3704; baseline 0.001 -17"><span class='ocrx_word' id='word_1_368' title='bbox 634 3642 849 3689; x_wconf 80' lang='lat' dir='ltr'><strong>tantum</strong></span> <span class='ocrx_word' id='word_1_369' title='bbox 883 3639 1080 3689; x_wconf 78' lang='lat' dir='ltr'>habet:</span> <span class='ocrx_word' id='word_1_370' title='bbox 1118 3640 1208 3690; x_wconf 87' lang='grc' dir='ltr'>καὶ</span> <span class='ocrx_word' id='word_1_371' title='bbox 1245 3638 1541 3704; x_wconf 91' lang='grc' dir='ltr'>βαρύνεται</span> <span class='ocrx_word' id='word_1_372' title='bbox 1580 3639 1682 3700; x_wconf 82' lang='grc' dir='ltr'>μὲν</span> <span class='ocrx_word' id='word_1_373' title='bbox 1713 3641 1897 3691; x_wconf 81' lang='grc' dir='ltr'>ταῦτα</span> <span class='ocrx_word' id='word_1_374' title='bbox 1923 3638 2099 3703; x_wconf 89' lang='grc' dir='ltr'>βάζω,</span> <span class='ocrx_word' id='word_1_375' title='bbox 2139 3638 2368 3703; x_wconf 87' lang='grc' dir='ltr'>βιβάζω,</span> <span class='ocrx_word' id='word_1_376' title='bbox 2406 3639 2558 3693; x_wconf 88' lang='grc' dir='ltr'>λάζω</span> <span class='ocrx_word' id='word_1_377' title='bbox 2592 3640 2662 3690; x_wconf 89' lang='grc' dir='ltr'>τὸ</span> <span class='ocrx_word' id='word_1_378' title='bbox 2689 3638 2983 3702; x_wconf 84' lang='grc' dir='ltr'>λαμβάνω,</span> <span class='ocrx_word' id='word_1_379' title='bbox 3021 3638 3224 3703; x_wconf 86' lang='grc' dir='ltr'>ςτάζω,</span> 
     </span>
     <span class='ocr_line' id='line_1_37' title="bbox 633 3704 3225 3773; baseline 0 -18"><span class='ocrx_word' id='word_1_380' title='bbox 633 3704 850 3769; x_wconf 84' lang='grc' dir='ltr'>φράζω,</span> <span class='ocrx_word' id='word_1_381' title='bbox 888 3704 1102 3771; x_wconf 89' lang='grc' dir='ltr'>κράζω,</span> <span class='ocrx_word' id='word_1_382' title='bbox 1143 3708 1287 3773; x_wconf 89' lang='lat' dir='ltr'>quod</span> <span class='ocrx_word' id='word_1_383' title='bbox 1323 3724 1420 3773; x_wconf 86' lang='lat' dir='ltr'>pro</span> <span class='ocrx_word' id='word_1_384' title='bbox 1455 3705 1642 3770; x_wconf 84' lang='grc' dir='ltr'>τράζω</span> <span class='ocrx_word' id='word_1_385' title='bbox 1671 3708 1916 3763; x_wconf 84' lang='lat' dir='ltr'><strong>exhibui.</strong></span> <span class='ocrx_word' id='word_1_386' title='bbox 1956 3706 2146 3761; x_wconf 90' lang='grc' dir='ltr'>πιέζω.</span> <span class='ocrx_word' id='word_1_387' title='bbox 2194 3710 2371 3759; x_wconf 83' lang='grc' dir='ltr'>τοῦτο</span> <span class='ocrx_word' id='word_1_388' title='bbox 2407 3707 2468 3760; x_wconf 82' lang='grc' dir='ltr'>δὲ</span> <span class='ocrx_word' id='word_1_389' title='bbox 2506 3707 2594 3759; x_wconf 81' lang='grc' dir='ltr'>καὶ</span> <span class='ocrx_word' id='word_1_390' title='bbox 2632 3706 2747 3758; x_wconf 87' lang='grc' dir='ltr'>ἀπὸ</span> <span class='ocrx_word' id='word_1_391' title='bbox 2777 3705 3225 3772; x_wconf 87' lang='grc' dir='ltr'>περιςπωμένου.</span> 
     </span>
     <span class='ocr_line' id='line_1_38' title="bbox 633 3772 3225 3840; baseline 0.001 -17"><span class='ocrx_word' id='word_1_392' title='bbox 633 3773 702 3825; x_wconf 87' lang='grc' dir='ltr'>τὸ</span> <span class='ocrx_word' id='word_1_393' title='bbox 739 3772 800 3824; x_wconf 82' lang='grc' dir='ltr'>δὲ</span> <span class='ocrx_word' id='word_1_394' title='bbox 836 3774 1098 3839; x_wconf 90' lang='grc' dir='ltr'>τραπεζῶ</span> <span class='ocrx_word' id='word_1_395' title='bbox 1139 3777 1496 3839; x_wconf 81' lang='grc' dir='ltr'>περιςπᾶται,</span> <span class='ocrx_word' id='word_1_396' title='bbox 1536 3774 1622 3826; x_wconf 88' lang='grc' dir='ltr'>δτι</span> <span class='ocrx_word' id='word_1_397' title='bbox 1658 3773 1933 3838; x_wconf 88' lang='grc' dir='ltr'>τράπεζα,</span> <span class='ocrx_word' id='word_1_398' title='bbox 1973 3776 2134 3840; x_wconf 86' lang='grc' dir='ltr'>ῥιζῶ,</span> <span class='ocrx_word' id='word_1_399' title='bbox 2174 3773 2323 3840; x_wconf 83' lang='grc' dir='ltr'>ῥίζα,</span> <span class='ocrx_word' id='word_1_400' title='bbox 2362 3776 2561 3840; x_wconf 84' lang='grc' dir='ltr'>ῥοιζῶ,</span> <span class='ocrx_word' id='word_1_401' title='bbox 2600 3776 2801 3840; x_wconf 81' lang='grc' dir='ltr'>ῥοῖζος,</span> <span class='ocrx_word' id='word_1_402' title='bbox 2841 3776 3020 3838; x_wconf 87' lang='grc' dir='ltr'>φυζῶ,</span> <span class='ocrx_word' id='word_1_403' title='bbox 3058 3774 3225 3837; x_wconf 85' lang='grc' dir='ltr'>φύζα.</span> 
     </span>
     <span class='ocr_line' id='line_1_39' title="bbox 635 3841 3226 3909; baseline 0.001 -19"><span class='ocrx_word' id='word_1_404' title='bbox 635 3842 907 3906; x_wconf 79' lang='lat' dir='ltr'>Equidem</span> <span class='ocrx_word' id='word_1_405' title='bbox 943 3842 1210 3894; x_wconf 78' lang='lat' dir='ltr'><strong>consultis</strong></span> <span class='ocrx_word' id='word_1_406' title='bbox 1248 3844 1498 3893; x_wconf 81' lang='lat' dir='ltr'>omnibus</span> <span class='ocrx_word' id='word_1_407' title='bbox 1535 3843 1784 3893; x_wconf 79' lang='lat' dir='ltr'><strong>fontibus</strong></span> <span class='ocrx_word' id='word_1_408' title='bbox 1818 3843 2066 3909; x_wconf 81' lang='lat' dir='ltr'>singulos</span> <span class='ocrx_word' id='word_1_409' title='bbox 2102 3860 2345 3894; x_wconf 75' lang='lat' dir='ltr'><strong>canones</strong></span> <span class='ocrx_word' id='word_1_410' title='bbox 2380 3845 2659 3895; x_wconf 79' lang='lat' dir='ltr'><strong>constitui.</strong></span> <span class='ocrx_word' id='word_1_411' title='bbox 2841 3843 3120 3902; x_wconf 75' lang='lat' dir='ltr'><strong>Canonem</strong></span> <span class='ocrx_word' id='word_1_412' title='bbox 3156 3841 3226 3893; x_wconf 82' lang='lat' dir='ltr'>de</span> 
     </span>
    </p>
   </div>
   <div class='ocr_carea' id='block_1_8' title="bbox 635 3911 3221 3994">
    <p class='ocr_par' dir='ltr' id='par_1_8' title="bbox 635 3911 3221 3994">
     <span class='ocr_line' id='line_1_40' title="bbox 635 3911 3221 3994; baseline -0.001 -17"><span class='ocrx_word' id='word_1_413' title='bbox 635 3927 818 3977; x_wconf 82' lang='lat' dir='ltr'>verbis</span> <span class='ocrx_word' id='word_1_414' title='bbox 851 3927 909 3976; x_wconf 88' lang='lat' dir='ltr'>in</span> <span class='ocrx_word' id='word_1_415' title='bbox 940 3911 1073 3979; x_wconf 66' lang='lat' dir='ltr'><strong><em>Ez—w‘</em></strong></span> <span class='ocrx_word' id='word_1_416' title='bbox 1098 3927 1330 3977; x_wconf 83' lang='lat' dir='ltr'>maxime</span> <span class='ocrx_word' id='word_1_417' title='bbox 1367 3927 1576 3977; x_wconf 80' lang='lat' dir='ltr'>auxilio</span> <span class='ocrx_word' id='word_1_418' title='bbox 1610 3928 1813 3979; x_wconf 82' lang='lat' dir='ltr'><strong>Herod.</strong></span> <span class='ocrx_word' id='word_1_419' title='bbox 1840 3929 1983 3979; x_wconf 86' lang='lat' dir='ltr'>Mon.</span> <span class='ocrx_word' id='word_1_420' title='bbox 2021 3934 2080 3977; x_wconf 81' lang='lat' dir='ltr'>et</span> <span class='ocrx_word' id='word_1_421' title='bbox 2115 3929 2302 3983; x_wconf 85' lang='lat' dir='ltr'><strong>Dichr.</strong></span> <span class='ocrx_word' id='word_1_422' title='bbox 2342 3928 2579 3994; x_wconf 79' lang='lat' dir='ltr'>explevi.</span> <span class='ocrx_word' id='word_1_423' title='bbox 2626 3929 2773 3979; x_wconf 88' lang='lat' dir='ltr'>Mon.</span> <span class='ocrx_word' id='word_1_424' title='bbox 2799 3930 2883 3988; x_wconf 78' lang='lat'>23,</span> <span class='ocrx_word' id='word_1_425' title='bbox 2911 3929 2969 3976; x_wconf 84' lang='lat'>1:</span> <span class='ocrx_word' id='word_1_426' title='bbox 3007 3923 3221 3990; x_wconf 84' lang='grc' dir='ltr'>κράζω;</span> 
     </span>
    </p>
   </div>
   <div class='ocr_carea' id='block_1_9' title="bbox 631 4008 3229 4549">
    <p class='ocr_par' dir='ltr' id='par_1_9' title="bbox 631 4008 3229 4549">
     <span class='ocr_line' id='line_1_41' title="bbox 632 4008 3224 4076; baseline 0 -15"><span class='ocrx_word' id='word_1_427' title='bbox 632 4010 705 4062; x_wconf 86' lang='grc' dir='ltr'>τὰ</span> <span class='ocrx_word' id='word_1_428' title='bbox 742 4009 821 4063; x_wconf 79' lang='grc' dir='ltr'>εἰς</span> <span class='ocrx_word' id='word_1_429' title='bbox 856 4012 935 4065; x_wconf 87' lang='grc' dir='ltr'>ζω</span> <span class='ocrx_word' id='word_1_430' title='bbox 974 4010 1225 4076; x_wconf 88' lang='grc' dir='ltr'>λήγοντα</span> <span class='ocrx_word' id='word_1_431' title='bbox 1261 4009 1484 4076; x_wconf 83' lang='grc' dir='ltr'>ῥήματα</span> <span class='ocrx_word' id='word_1_432' title='bbox 1521 4010 1792 4076; x_wconf 88' lang='grc' dir='ltr'>όριςτικά,</span> <span class='ocrx_word' id='word_1_433' title='bbox 1842 4010 1892 4064; x_wconf 83' lang='grc' dir='ltr'>εἰ</span> <span class='ocrx_word' id='word_1_434' title='bbox 1927 4012 2043 4075; x_wconf 79' lang='grc' dir='ltr'>ἔχοι</span> <span class='ocrx_word' id='word_1_435' title='bbox 2088 4012 2201 4075; x_wconf 88' lang='grc' dir='ltr'>πρὸ</span> <span class='ocrx_word' id='word_1_436' title='bbox 2245 4011 2445 4063; x_wconf 89' lang='grc' dir='ltr'>τέλους</span> <span class='ocrx_word' id='word_1_437' title='bbox 2484 4010 2660 4072; x_wconf 88' lang='grc' dir='ltr'>μόνον</span> <span class='ocrx_word' id='word_1_438' title='bbox 2704 4010 2775 4063; x_wconf 89' lang='grc' dir='ltr'>τὸ</span> <span class='ocrx_word' id='word_1_439' title='bbox 2811 4015 2875 4075; x_wconf 82' lang='grc' dir='ltr'>ᾶ,</span> <span class='ocrx_word' id='word_1_440' title='bbox 2921 4009 3033 4074; x_wconf 78' lang='grc' dir='ltr'>ἔχει</span> <span class='ocrx_word' id='word_1_441' title='bbox 3078 4008 3224 4061; x_wconf 85' lang='grc' dir='ltr'>αὐτὸ</span> 
     </span>
     <span class='ocr_line' id='line_1_42' title="bbox 635 4076 3224 4144; baseline -0.001 -14"><span class='ocrx_word' id='word_1_442' title='bbox 635 4079 1108 4144; x_wconf 85' lang='grc' dir='ltr'>ςυνεςταλμένον,</span> <span class='ocrx_word' id='word_1_443' title='bbox 1145 4078 1569 4143; x_wconf 84' lang='grc' dir='ltr'>ὑπεςταλμένης</span> <span class='ocrx_word' id='word_1_444' title='bbox 1605 4082 1709 4143; x_wconf 82' lang='grc' dir='ltr'>τῆς</span> <span class='ocrx_word' id='word_1_445' title='bbox 1746 4077 2329 4141; x_wconf 80' lang='grc' dir='ltr'>Αἰολίδοςδιαλέκτου</span> <span class='ocrx_word' id='word_1_446' title='bbox 2375 4076 2499 4130; x_wconf 85' lang='grc' dir='ltr'>οἷον</span> <span class='ocrx_word' id='word_1_447' title='bbox 2536 4077 2756 4141; x_wconf 89' lang='grc' dir='ltr'>ςφάζω,</span> <span class='ocrx_word' id='word_1_448' title='bbox 2795 4077 3005 4141; x_wconf 86' lang='grc' dir='ltr'>ςτάζω,</span> <span class='ocrx_word' id='word_1_449' title='bbox 3051 4076 3224 4141; x_wconf 87' lang='grc' dir='ltr'>λάζω,</span> 
     </span>
     <span class='ocr_line' id='line_1_43' title="bbox 635 4145 3226 4211; baseline -0.002 -12"><span class='ocrx_word' id='word_1_450' title='bbox 635 4146 817 4211; x_wconf 88' lang='grc' dir='ltr'>χάζω,</span> <span class='ocrx_word' id='word_1_451' title='bbox 858 4146 1070 4211; x_wconf 87' lang='grc' dir='ltr'>εὐάζω,</span> <span class='ocrx_word' id='word_1_452' title='bbox 1108 4145 1477 4211; x_wconf 81' lang='grc' dir='ltr'>ἑκκληςιάζω,</span> <span class='ocrx_word' id='word_1_453' title='bbox 1516 4146 1801 4211; x_wconf 88' lang='grc' dir='ltr'>ςκεπάζω,</span> <span class='ocrx_word' id='word_1_454' title='bbox 1840 4146 2076 4209; x_wconf 87' lang='grc' dir='ltr'>ἀνιάζω,</span> <span class='ocrx_word' id='word_1_455' title='bbox 2115 4145 2387 4211; x_wconf 88' lang='grc' dir='ltr'>ἀγοράζω.</span> <span class='ocrx_word' id='word_1_456' title='bbox 2456 4149 2632 4198; x_wconf 82' lang='grc' dir='ltr'>τοῦτο</span> <span class='ocrx_word' id='word_1_457' title='bbox 2670 4145 2763 4198; x_wconf 77' lang='grc' dir='ltr'>ἐπὶ</span> <span class='ocrx_word' id='word_1_458' title='bbox 2803 4145 3000 4210; x_wconf 86' lang='grc' dir='ltr'>ἑτέρου</span> <span class='ocrx_word' id='word_1_459' title='bbox 3037 4159 3226 4210; x_wconf 85' lang='grc' dir='ltr'>ςημαι-</span> 
     </span>
     <span class='ocr_line' id='line_1_44' title="bbox 633 4211 3228 4280; baseline -0.001 -15"><span class='ocrx_word' id='word_1_460' title='bbox 633 4214 877 4278; x_wconf 87' lang='grc' dir='ltr'>νομένου</span> <span class='ocrx_word' id='word_1_461' title='bbox 915 4215 1171 4267; x_wconf 83' lang='grc' dir='ltr'>Θέλουςιν</span> <span class='ocrx_word' id='word_1_462' title='bbox 1207 4211 1536 4278; x_wconf 82' lang='grc' dir='ltr'>ἐπιτείνειν,</span> <span class='ocrx_word' id='word_1_463' title='bbox 1577 4214 1767 4280; x_wconf 82' lang='grc' dir='ltr'>ὥςπερ</span> <span class='ocrx_word' id='word_1_464' title='bbox 1804 4216 1894 4266; x_wconf 80' lang='grc' dir='ltr'>καὶ</span> <span class='ocrx_word' id='word_1_465' title='bbox 1931 4212 2163 4266; x_wconf 87' lang='grc' dir='ltr'>τοπάζω</span> <span class='ocrx_word' id='word_1_466' title='bbox 2191 4215 2280 4277; x_wconf 70' lang='grc' dir='ltr'>(Ῥ).</span> <span class='ocrx_word' id='word_1_467' title='bbox 2349 4212 2483 4266; x_wconf 83' lang='grc' dir='ltr'>ἀλλ’</span> <span class='ocrx_word' id='word_1_468' title='bbox 2519 4213 2622 4265; x_wconf 86' lang='grc' dir='ltr'>οὖν</span> <span class='ocrx_word' id='word_1_469' title='bbox 2667 4228 2732 4276; x_wconf 88' lang='grc' dir='ltr'>γε</span> <span class='ocrx_word' id='word_1_470' title='bbox 2777 4216 2960 4264; x_wconf 82' lang='grc' dir='ltr'>ταῦτα</span> <span class='ocrx_word' id='word_1_471' title='bbox 3003 4211 3228 4264; x_wconf 87' lang='grc' dir='ltr'>Ἀττικά</span> 
     </span>
     <span class='ocr_line' id='line_1_45' title="bbox 633 4277 3225 4349; baseline -0.002 -15"><span class='ocrx_word' id='word_1_472' title='bbox 633 4282 793 4334; x_wconf 82' lang='grc' dir='ltr'>έςτι.·</span> <span class='ocrx_word' id='word_1_473' title='bbox 832 4284 1136 4349; x_wconf 78' lang='grc' dir='ltr'>ςημειῶδες</span> <span class='ocrx_word' id='word_1_474' title='bbox 1174 4281 1278 4334; x_wconf 86' lang='grc' dir='ltr'>οὖν</span> <span class='ocrx_word' id='word_1_475' title='bbox 1314 4281 1384 4333; x_wconf 90' lang='grc' dir='ltr'>τὸ</span> <span class='ocrx_word' id='word_1_476' title='bbox 1421 4280 1654 4347; x_wconf 89' lang='grc' dir='ltr'>ςύνηθες</span> <span class='ocrx_word' id='word_1_477' title='bbox 1701 4284 1831 4335; x_wconf 84' lang='grc' dir='ltr'>πᾱςι</span> <span class='ocrx_word' id='word_1_478' title='bbox 1878 4281 1948 4334; x_wconf 90' lang='grc' dir='ltr'>τὸ</span> <span class='ocrx_word' id='word_1_479' title='bbox 1996 4281 2180 4346; x_wconf 88' lang='grc' dir='ltr'>κράζω</span> <span class='ocrx_word' id='word_1_480' title='bbox 2227 4281 2357 4346; x_wconf 83' lang='grc' dir='ltr'>ἔχον</span> <span class='ocrx_word' id='word_1_481' title='bbox 2405 4281 2800 4344; x_wconf 81' lang='grc' dir='ltr'>ἐκτεινόμενον</span> <span class='ocrx_word' id='word_1_482' title='bbox 2845 4279 2916 4332; x_wconf 90' lang='grc' dir='ltr'>τὸ</span> <span class='ocrx_word' id='word_1_483' title='bbox 2953 4282 3014 4343; x_wconf 72' lang='lat' dir='ltr'>fi,</span> <span class='ocrx_word' id='word_1_484' title='bbox 3053 4277 3102 4330; x_wconf 83' lang='grc' dir='ltr'>εἰ</span> <span class='ocrx_word' id='word_1_485' title='bbox 3148 4280 3225 4343; x_wconf 87' lang='grc' dir='ltr'>μὴ</span> 
     </span>
     <span class='ocr_line' id='line_1_46' title="bbox 632 4346 3227 4418; baseline -0.001 -17"><span class='ocrx_word' id='word_1_486' title='bbox 632 4349 738 4415; x_wconf 85' lang='grc' dir='ltr'>ἄρα</span> <span class='ocrx_word' id='word_1_487' title='bbox 774 4355 860 4418; x_wconf 79' lang='grc' dir='ltr'>τῷ</span> <span class='ocrx_word' id='word_1_488' title='bbox 907 4350 1108 4416; x_wconf 85' lang='grc' dir='ltr'>κρώζω</span> <span class='ocrx_word' id='word_1_489' title='bbox 1155 4348 1500 4415; x_wconf 83' lang='grc' dir='ltr'>ἰςοχρονῆςαι</span> <span class='ocrx_word' id='word_1_490' title='bbox 1550 4349 1828 4416; x_wconf 86' lang='grc' dir='ltr'>ἠθέληςαν</span> <span class='ocrx_word' id='word_1_491' title='bbox 1874 4348 2033 4401; x_wconf 87' lang='grc' dir='ltr'>αὐτό.</span> <span class='ocrx_word' id='word_1_492' title='bbox 2103 4348 2422 4413; x_wconf 87' lang='grc' dir='ltr'>πρόςκειται</span> <span class='ocrx_word' id='word_1_493' title='bbox 2461 4348 2635 4412; x_wconf 84' lang='grc' dir='ltr'>μόνον</span> <span class='ocrx_word' id='word_1_494' title='bbox 2680 4348 2750 4400; x_wconf 86' lang='grc' dir='ltr'>τὸ</span> <span class='ocrx_word' id='word_1_495' title='bbox 2788 4351 2823 4399; x_wconf 77' lang='grc' dir='ltr'>ἃ</span> <span class='ocrx_word' id='word_1_496' title='bbox 2859 4347 2947 4400; x_wconf 88' lang='grc' dir='ltr'>διὰ</span> <span class='ocrx_word' id='word_1_497' title='bbox 2982 4346 3052 4398; x_wconf 90' lang='grc' dir='ltr'>τὸ</span> <span class='ocrx_word' id='word_1_498' title='bbox 3088 4360 3227 4410; x_wconf 83' lang='grc' dir='ltr'>ςφα-</span> 
     </span>
     <span class='ocr_line' id='line_1_47' title="bbox 631 4413 3228 4484; baseline -0.002 -13"><span class='ocrx_word' id='word_1_499' title='bbox 631 4418 807 4481; x_wconf 86' lang='grc' dir='ltr'>δάζω,</span> <span class='ocrx_word' id='word_1_500' title='bbox 845 4418 1091 4484; x_wconf 84' lang='grc' dir='ltr'>τερᾴζω,</span> <span class='ocrx_word' id='word_1_501' title='bbox 1132 4417 1388 4482; x_wconf 87' lang='grc' dir='ltr'>ματὰζω,</span> <span class='ocrx_word' id='word_1_502' title='bbox 1435 4418 1579 4482; x_wconf 89' lang='grc' dir='ltr'>πρὸς</span> <span class='ocrx_word' id='word_1_503' title='bbox 1622 4417 1692 4469; x_wconf 89' lang='grc' dir='ltr'>τὸ</span> <span class='ocrx_word' id='word_1_504' title='bbox 1730 4421 1765 4469; x_wconf 80' lang='grc' dir='ltr'><strong>ἂ</strong></span> <span class='ocrx_word' id='word_1_505' title='bbox 1801 4418 1871 4470; x_wconf 87' lang='grc' dir='ltr'>τὸ</span> <span class='ocrx_word' id='word_1_506' title='bbox 1907 4420 1942 4469; x_wconf 86' lang='grc' dir='ltr'>ῖ</span> <span class='ocrx_word' id='word_1_507' title='bbox 1976 4416 2342 4482; x_wconf 89' lang='grc' dir='ltr'>γραφόμενον</span> <span class='ocrx_word' id='word_1_508' title='bbox 2386 4417 2606 4481; x_wconf 80' lang='grc' dir='ltr'>ἔχοντα.</span> <span class='ocrx_word' id='word_1_509' title='bbox 2677 4414 3117 4481; x_wconf 85' lang='grc' dir='ltr'>παρῃτηςάμεθα</span> <span class='ocrx_word' id='word_1_510' title='bbox 3162 4413 3228 4466; x_wconf 82' lang='grc' dir='ltr'>δὲ</span> 
     </span>
     <span class='ocr_line' id='line_1_48' title="bbox 633 4470 3229 4549; baseline -0.002 -11"><span class='ocrx_word' id='word_1_511' title='bbox 633 4470 861 4539; x_wconf 71' lang='grc' dir='ltr'>Αἶολίδα</span> <span class='ocrx_word' id='word_1_512' title='bbox 907 4485 1202 4538; x_wconf 88' lang='grc' dir='ltr'>διάλεκτον</span> <span class='ocrx_word' id='word_1_513' title='bbox 1247 4470 1336 4538; x_wconf 80' lang='grc' dir='ltr'>διὰ</span> <span class='ocrx_word' id='word_1_514' title='bbox 1378 4486 1448 4537; x_wconf 89' lang='grc' dir='ltr'>τὸ</span> <span class='ocrx_word' id='word_1_515' title='bbox 1495 4484 1692 4538; x_wconf 87' lang='grc' dir='ltr'>πτάζω</span> <span class='ocrx_word' id='word_1_516' title='bbox 1728 4514 1795 4523; x_wconf 90' lang='grc'>--</span> <span class='ocrx_word' id='word_1_517' title='bbox 1834 4484 1895 4536; x_wconf 85' lang='grc' dir='ltr'>ἐκ</span> <span class='ocrx_word' id='word_1_518' title='bbox 1931 4485 1992 4537; x_wconf 82' lang='grc' dir='ltr'>δὲ</span> <span class='ocrx_word' id='word_1_519' title='bbox 2037 4486 2142 4536; x_wconf 82' lang='grc' dir='ltr'>τοῦ</span> <span class='ocrx_word' id='word_1_520' title='bbox 2188 4486 2378 4536; x_wconf 84' lang='grc' dir='ltr'>κοινοῦ</span> <span class='ocrx_word' id='word_1_521' title='bbox 2425 4483 2498 4549; x_wconf 84' lang='grc' dir='ltr'>ἦν</span> <span class='ocrx_word' id='word_1_522' title='bbox 2543 4487 2646 4537; x_wconf 82' lang='grc' dir='ltr'>τοῦ</span> <span class='ocrx_word' id='word_1_523' title='bbox 2695 4483 2986 4549; x_wconf 83' lang='grc' dir='ltr'>ἔπτηςςον.</span> <span class='ocrx_word' id='word_1_524' title='bbox 3055 4480 3126 4532; x_wconf 88' lang='grc' dir='ltr'>τὸ</span> <span class='ocrx_word' id='word_1_525' title='bbox 3162 4482 3229 4534; x_wconf 81' lang='grc' dir='ltr'>δὲ</span> 
     </span>
    </p>
   </div>
   <div class='ocr_carea' id='block_1_10' title="bbox 632 4566 3228 4927">
    <p class='ocr_par' dir='ltr' id='par_1_10' title="bbox 632 4566 3228 4927">
     <span class='ocr_line' id='line_1_49' title="bbox 632 4566 3226 4635; baseline -0.001 -14"><span class='ocrx_word' id='word_1_526' title='bbox 632 4568 777 4621; x_wconf 84' lang='grc' dir='ltr'>αὐτὸ</span> <span class='ocrx_word' id='word_1_527' title='bbox 814 4569 908 4621; x_wconf 81' lang='grc' dir='ltr'>ἐπὶ</span> <span class='ocrx_word' id='word_1_528' title='bbox 942 4574 1047 4622; x_wconf 87' lang='grc' dir='ltr'>τοῦ</span> <span class='ocrx_word' id='word_1_529' title='bbox 1085 4569 1283 4623; x_wconf 87' lang='grc' dir='ltr'>πλάζω</span> <span class='ocrx_word' id='word_1_530' title='bbox 1321 4598 1385 4607; x_wconf 91' lang='lat'><em>-</em></span> <span class='ocrx_word' id='word_1_531' title='bbox 1421 4568 1548 4621; x_wconf 83' lang='grc' dir='ltr'>ἀντὶ</span> <span class='ocrx_word' id='word_1_532' title='bbox 1582 4573 1686 4622; x_wconf 84' lang='grc' dir='ltr'>τοῦ</span> <span class='ocrx_word' id='word_1_533' title='bbox 1726 4569 2157 4635; x_wconf 80' lang='grc' dir='ltr'>ἐπιπλήςςοντα.</span> <span class='ocrx_word' id='word_1_534' title='bbox 2229 4569 2412 4620; x_wconf 80' lang='lat' dir='ltr'><strong>Diehr.</strong></span> <span class='ocrx_word' id='word_1_535' title='bbox 2449 4571 2567 4632; x_wconf 80' lang='grc'>292,</span> <span class='ocrx_word' id='word_1_536' title='bbox 2606 4571 2696 4619; x_wconf 81' lang='lat'>18:</span> <span class='ocrx_word' id='word_1_537' title='bbox 2732 4568 2806 4619; x_wconf 87' lang='grc' dir='ltr'>τὰ</span> <span class='ocrx_word' id='word_1_538' title='bbox 2841 4566 2929 4619; x_wconf 86' lang='grc' dir='ltr'>διά</span> <span class='ocrx_word' id='word_1_539' title='bbox 2964 4569 3068 4618; x_wconf 87' lang='grc' dir='ltr'>τοῦ</span> <span class='ocrx_word' id='word_1_540' title='bbox 3106 4569 3226 4619; x_wconf 88' lang='grc' dir='ltr'>αζω</span> 
     </span>
     <span class='ocr_line' id='line_1_50' title="bbox 633 4633 3226 4703; baseline -0.001 -15"><span class='ocrx_word' id='word_1_541' title='bbox 633 4637 932 4702; x_wconf 89' lang='grc' dir='ltr'>διςύλλαβα</span> <span class='ocrx_word' id='word_1_542' title='bbox 969 4638 1247 4691; x_wconf 88' lang='grc' dir='ltr'>ςυςτέλλει</span> <span class='ocrx_word' id='word_1_543' title='bbox 1283 4637 1355 4689; x_wconf 87' lang='grc' dir='ltr'>τὸ</span> <span class='ocrx_word' id='word_1_544' title='bbox 1390 4642 1451 4703; x_wconf 80' lang='grc' dir='ltr'>ἃ,</span> <span class='ocrx_word' id='word_1_545' title='bbox 1491 4637 1934 4702; x_wconf 87' lang='grc' dir='ltr'>ὑπεςταλμένων</span> <span class='ocrx_word' id='word_1_546' title='bbox 1969 4640 2092 4689; x_wconf 87' lang='grc' dir='ltr'>τῶν</span> <span class='ocrx_word' id='word_1_547' title='bbox 2117 4635 2422 4699; x_wconf 82' lang='grc' dir='ltr'>Αἰολικῶν,</span> <span class='ocrx_word' id='word_1_548' title='bbox 2460 4635 2548 4687; x_wconf 86' lang='grc' dir='ltr'>διὰ</span> <span class='ocrx_word' id='word_1_549' title='bbox 2570 4635 2640 4687; x_wconf 90' lang='grc' dir='ltr'>τὸ</span> <span class='ocrx_word' id='word_1_550' title='bbox 2667 4634 2862 4688; x_wconf 88' lang='grc' dir='ltr'>πτάζω</span> <span class='ocrx_word' id='word_1_551' title='bbox 2889 4635 2980 4687; x_wconf 87' lang='grc' dir='ltr'>καὶ</span> <span class='ocrx_word' id='word_1_552' title='bbox 3006 4633 3226 4699; x_wconf 82' lang='grc' dir='ltr'>πλάζω,</span> 
     </span>
     <span class='ocr_line' id='line_1_51' title="bbox 635 4702 3228 4772; baseline -0.002 -15"><span class='ocrx_word' id='word_1_553' title='bbox 635 4705 771 4757; x_wconf 83' lang='grc' dir='ltr'>ὅθεν</span> <span class='ocrx_word' id='word_1_554' title='bbox 808 4704 1097 4760; x_wconf 79' lang='grc' dir='ltr'>ἐπιπλάζω</span> <span class='ocrx_word' id='word_1_555' title='bbox 1133 4706 1261 4758; x_wconf 77' lang='grc' dir='ltr'>ἀντὶ</span> <span class='ocrx_word' id='word_1_556' title='bbox 1297 4710 1399 4758; x_wconf 80' lang='grc' dir='ltr'>τοῦ</span> <span class='ocrx_word' id='word_1_557' title='bbox 1439 4705 1779 4772; x_wconf 84' lang='grc' dir='ltr'>έπιπλήςςω.</span> <span class='ocrx_word' id='word_1_558' title='bbox 1851 4706 1995 4759; x_wconf 80' lang='grc' dir='ltr'>ἔςτω</span> <span class='ocrx_word' id='word_1_559' title='bbox 2043 4704 2104 4758; x_wconf 79' lang='grc' dir='ltr'>δὲ</span> <span class='ocrx_word' id='word_1_560' title='bbox 2141 4703 2564 4770; x_wconf 86' lang='grc' dir='ltr'>παραδείγματα</span> <span class='ocrx_word' id='word_1_561' title='bbox 2607 4706 2711 4769; x_wconf 79' lang='grc' dir='ltr'>τοῦ</span> <span class='ocrx_word' id='word_1_562' title='bbox 2752 4702 2990 4755; x_wconf 87' lang='grc' dir='ltr'>κανόνος</span> <span class='ocrx_word' id='word_1_563' title='bbox 3025 4705 3228 4754; x_wconf 84' lang='grc' dir='ltr'>ταῦτα.</span> 
     </span>
     <span class='ocr_line' id='line_1_52' title="bbox 634 4769 3228 4838; baseline -0.001 -14"><span class='ocrx_word' id='word_1_564' title='bbox 634 4772 842 4835; x_wconf 90' lang='grc' dir='ltr'>ςτάζω,</span> <span class='ocrx_word' id='word_1_565' title='bbox 879 4773 1104 4838; x_wconf 85' lang='grc' dir='ltr'>φράζω,</span> <span class='ocrx_word' id='word_1_566' title='bbox 1144 4773 1319 4838; x_wconf 87' lang='grc' dir='ltr'>βάζω,</span> <span class='ocrx_word' id='word_1_567' title='bbox 1359 4773 1568 4837; x_wconf 87' lang='grc' dir='ltr'>ςφάζω.</span> <span class='ocrx_word' id='word_1_568' title='bbox 1638 4773 1967 4838; x_wconf 87' lang='grc' dir='ltr'>παράλογον</span> <span class='ocrx_word' id='word_1_569' title='bbox 2006 4773 2130 4836; x_wconf 77' lang='lat' dir='ltr'><strong>(scr.</strong></span> <span class='ocrx_word' id='word_1_570' title='bbox 2172 4772 2323 4838; x_wconf 85' lang='grc' dir='ltr'>παρὰ</span> <span class='ocrx_word' id='word_1_571' title='bbox 2358 4771 2553 4834; x_wconf 87' lang='grc' dir='ltr'>λόγον)</span> <span class='ocrx_word' id='word_1_572' title='bbox 2590 4769 2697 4836; x_wconf 84' lang='grc' dir='ltr'>ἄρα</span> <span class='ocrx_word' id='word_1_573' title='bbox 2742 4772 2811 4823; x_wconf 90' lang='grc' dir='ltr'>τὸ</span> <span class='ocrx_word' id='word_1_574' title='bbox 2849 4769 3033 4836; x_wconf 88' lang='grc' dir='ltr'>κράζω</span> <span class='ocrx_word' id='word_1_575' title='bbox 3070 4769 3228 4822; x_wconf 81' lang='grc' dir='ltr'>έκτέ·</span> 
     </span>
     <span class='ocr_line' id='line_1_53' title="bbox 632 4836 3227 4927; baseline -0 -37"><span class='ocrx_word' id='word_1_576' title='bbox 632 4853 812 4891; x_wconf 89' lang='grc' dir='ltr'>ταται.</span> <span class='ocrx_word' id='word_1_577' title='bbox 893 4840 983 4891; x_wconf 84' lang='grc' dir='ltr'>καὶ</span> <span class='ocrx_word' id='word_1_578' title='bbox 1030 4842 1101 4893; x_wconf 89' lang='grc' dir='ltr'>τὰ</span> <span class='ocrx_word' id='word_1_579' title='bbox 1144 4841 1290 4906; x_wconf 82' lang='grc' dir='ltr'>ὑπὲρ</span> <span class='ocrx_word' id='word_1_580' title='bbox 1330 4842 1432 4893; x_wconf 90' lang='grc' dir='ltr'>δύο</span> <span class='ocrx_word' id='word_1_581' title='bbox 1478 4842 1753 4905; x_wconf 85' lang='grc' dir='ltr'>ςυλλαβὰς</span> <span class='ocrx_word' id='word_1_582' title='bbox 1798 4843 1913 4906; x_wconf 80' lang='grc' dir='ltr'>ἔχει</span> <span class='ocrx_word' id='word_1_583' title='bbox 1957 4840 2401 4904; x_wconf 89' lang='grc' dir='ltr'>ςυνεςταλμένον</span> <span class='ocrx_word' id='word_1_584' title='bbox 2445 4838 2514 4927; x_wconf 54' lang='lat'>13⁵</span> <span class='ocrx_word' id='word_1_585' title='bbox 2561 4841 2623 4903; x_wconf 83' lang='grc' dir='ltr'>ᾶ,</span> <span class='ocrx_word' id='word_1_586' title='bbox 2671 4839 2841 4903; x_wconf 79' lang='grc' dir='ltr'>χωρὶς</span> <span class='ocrx_word' id='word_1_587' title='bbox 2888 4837 2937 4890; x_wconf 83' lang='grc' dir='ltr'>εἰ</span> <span class='ocrx_word' id='word_1_588' title='bbox 2969 4838 3058 4902; x_wconf 72' lang='grc' dir='ltr'>μὴ</span> <span class='ocrx_word' id='word_1_589' title='bbox 3105 4836 3227 4901; x_wconf 82' lang='grc' dir='ltr'>ἔχοι</span> 
     </span>
    </p>
   </div>
  </div>
 </body>
</html>
