3664 5546
608 361 733 470 373
1542 407 1624 462 εκ
1662 407 1801 461 mu
1844 407 2253 462 ΗΡΩΔιΑΝογ

609 578 1011 658 χέρνιβον,
1057 577 1442 658 δάπεδον,
1499 577 1864 657 ςίττυβον
1922 578 1996 643 τὸ
2054 579 2277 657 μικρὸν
2334 578 2564 660 δέρμα,
2619 577 3190 659 ςτρατόπεδον,

608 679 970 761 ἔνεδρον,
1018 678 1480 762 πρόςωπον,
1525 679 1877 757 γήπεδον
1933 680 2009 744 τὸ
2066 680 2231 757 πρὸς
2274 682 2413 744 τοῖς
2471 679 2673 745 οἴκοις
2717 679 2788 744 ἐν
2845 680 3030 744 πόλει
3086 701 3192 758 κη-

606 779 788 862 πίον,
835 779 995 857 ὅπερ
1054 779 1117 843 οἱ
1170 781 1453 858 τραγικοὶ
1508 781 1613 845 διὰ
1654 784 1772 845 τοῦ
1816 784 1860 843 ἃ
1904 783 2057 860 φαςὶ
2100 781 2511 865 δωρίζοντες,
2571 782 2923 863 ςέλινον,
2982 781 3188 846 ἔνδι-

606 902 777 964 νον,
822 883 859 946 ὃ
903 881 1078 959 παρὰ
1120 882 1195 945 τὸ
1241 881 1436 947 ἔνδον
1482 885 1792 960 παρῆκται
1839 882 1930 946 ὡς
1973 882 2148 960 παρὰ
2202 884 2278 948 τὸ
2335 883 2635 948 ἔντοςθεν
2681 883 3034 948 ἐντοςθίδια
3091 882 3191 945 λέ-

545 993 577 1043 5
606 1004 798 1078 γεται.
882 984 1287 1062 ναύμαχον
1344 984 1714 1062 «ναύμαχον
1760 983 1831 1048 ἐν
1888 983 2284 1067 παλάμῃςιν»
2341 985 2423 1067 (Ο
2476 983 2632 1066 677)
2687 983 2864 1050 εἶδος
2918 983 3194 1062 δόρατος

605 1085 780 1163 παρὰ
824 1084 990 1164 ῥῆμα
1021 1084 1325 1149 ςύνθετον
1358 1085 1449 1149 ὡς
1490 1085 1923 1167 χάρτομον,
1969 1086 2544 1170 χειρόγραφον,
2594 1086 3190 1165 ἀκρατόφορον·

607 1186 1097 1265 ὑπεςταλμένων
1141 1190 1272 1251 τῶν
1318 1186 1476 1250 κατὰ
1521 1189 1874 1266 μεταβολῆς
1902 1187 2133 1274 γένους
2162 1186 2510 1266 εἰρημένων
2555 1189 2657 1252 καὶ
2699 1193 2830 1252 τῶν
2874 1187 2964 1251 εἰς
3006 1190 3044 1265 ἶ)
3090 1186 3191 1250 καὶ

603 1291 737 1352 τῶν
803 1287 892 1352 εἰς
954 1291 990 1352 τ
1053 1288 1568 1367 περατουμένων.
1666 1288 2090 1366 παροξύνεται
2157 1290 2229 1353 δὲ
2294 1292 2523 1371 ταῦτα,
2582 1281 2879 1371 ῥόδον,
2919 1287 2953 1351 ἔ
2965 1307 3189 1370 ργ,ον,

499 1437 528 1444 -
606 1390 948 1472 φύλλον,
997 1390 1219 1454 λίνον
1265 1390 1361 1454 ὅτι
1409 1389 1488 1455 ἂν
1533 1389 1827 1472 ςημαίνη,
1884 1389 2011 1474 εἰζτε
2068 1392 2185 1469 τὴν
2242 1393 2422 1469 λινῆν
2480 1391 2709 1469 ἐςθῆτα
2765 1389 2893 1454 εἴτε
2937 1391 3043 1454 καὶ
3086 1389 3192 1454 ἐπὶ

511 1497 571 1547 10
607 1493 844 1568 χορδῆς
899 1491 1187 1554 τάςςοιτο
1244 1489 1369 1554 εἴτε
1424 1491 1527 1554 καὶ
1582 1490 1742 1555 αὐτὸ
1795 1491 1873 1555 τὸ
1926 1491 2168 1555 ’λεπτὸν
2223 1494 2406 1571 νῆμα.
2508 1490 2634 1557 ἔςτι
2702 1493 2774 1556 δὲ
2840 1491 2944 1555 καὶ
2996 1490 3189 1555 Λίνον

607 1591 845 1670 χωρίον
888 1596 1000 1667 τῆς
1040 1590 1539 1670 Ἐλληςποντίας.
1629 1590 1928 1671 (τράβων
1973 1587 2439 1676 τριςκαιδεκάτῃ
2462 1594 2572 1678 ‘(p.
2603 1591 2759 1674 588)
2805 1593 3074 1672 «μεταξὺ
3121 1593 3190 1656 δὲ

605 1695 802 1756 κεῖται
844 1696 963 1756 τοῦ
1004 1693 1257 1770 Παρίου
1301 1693 1403 1756 καὶ
1445 1698 1560 1758 τοῦ
1604 1693 1907 1771 Πριάπου
1951 1696 2110 1758 κατὰ
2153 1694 2406 1759 Λίνον».
2496 1693 2758 1759 (πάδα
2801 1695 2978 1773 κώμη
3021 1695 3191 1772 Περ-

607 1794 770 1877 ςική,
815 1792 886 1858 ἐν
930 1794 968 1877 ᾖ
1001 1794 1223 1876 πρώτῃ
1253 1792 1667 1873 εύνουχιςμὸς
1695 1795 1999 1877 γέγονεν,
2044 1795 2197 1861 ὅθεν
2228 1797 2457 1860 ςπάδοι
2489 1796 2804 1871 λέγονται.
2861 1795 3188 1874 Πέφνον

606 1894 792 1959 πόλις
847 1894 1192 1973 Λακωνική.
1290 1895 1784 1974 Ἀπολλόδωρος
1853 1898 1925 1961 δὲ
1990 1900 2186 1974 νῆςον
2244 1896 2445 1975 αὐτήν
2507 1918 2673 1977 φηςι.
2775 1897 3023 1974 λέγεται
3090 1896 3193 1961 καὶ

509 2003 569 2055 15
605 1999 907 2074 θηλυκῶς.
1005 1996 1322 2075 Πράςον
1377 1995 1775 2076 ἀκρωτήριον
1829 1999 1977 2076 περὶ
2028 2000 2144 2077 τὴν
2201 1999 2506 2077 Ἐρυθρὰν
2561 2000 2891 2064 θάλαςςαν.
2995 1999 3192 2063 Κύτα

605 2099 791 2198 πόλις
839 2098 1139 2180 Κολχική,
1195 2099 1419 2177 πατρὶς
1465 2099 1759 2177 Μηδείας.
1848 2098 1974 2164 ἔςτι
2029 2101 2133 2163 καὶ
2185 2099 2347 2178 ἄλλη
2394 2098 2670 2164 (Σκυθίας.
2760 2100 3020 2179 Θέρμα
3064 2118 3189 2177 χω-

607 2200 748 2290 ρίον
793 2199 1085 2264 (ικελίας.
1172 2200 1461 2264 Φίλιςτος
1501 2201 1711 2285 τρίτῳ.
1799 2201 1926 2266 ἔςτι
1969 2201 2072 2265 καὶ
2117 2201 2408 2266 Βιθυνίας
2438 2202 2654 2281 Θέρμα
2697 2201 2776 2265 τὰ
2819 2202 2935 2281 μὲν
2977 2201 3191 2266 Πύθια

603 2302 683 2366 τὰ
725 2303 796 2366 δὲ
826 2301 897 2367 ἐν
925 2301 1186 2384 Προύςῃ
1219 2302 1500 2381 βαςιλικὰ
1532 2301 1878 2386 λεγόμενα,
1922 2303 2002 2366 τὰ
2047 2303 2119 2367 δὲ
2149 2303 2219 2367 ἐν
2255 2301 2702 2386 Καππαδοκίᾳ,
2745 2302 2826 2366 τὰ
2869 2303 2941 2366 δὲ
2971 2301 3042 2367 ἐν
3075 2301 3188 2366 Cu·
3288 2382 3307 2386 -

605 2402 742 2486 ρίᾳ,
786 2404 866 2467 τὰ
909 2404 981 2467 δὲ
1023 2403 1450 2481 Δορυλαείου.
1513 2403 1720 2482 Νίψα
1763 2403 1951 2467 πόλις
1992 2404 2257 2486 Θρᾴκης.
2316 2406 2822 2482 προπεριςπᾶται
2869 2405 2940 2468 δὲ
2969 2406 3187 2485 ταῦτα,

501 2510 570 2562 20
605 2508 866 2587 ςῦκον,
912 2507 1167 2584 φῦλον
1211 2505 1287 2569 τὸ
1331 2504 1522 2580 γένος
1568 2503 1699 2570 ἀπὸ
1743 2507 1857 2581 τῆς
1901 2508 2112 2584 φυλῆς
2167 2506 2207 2582 ἢ
2266 2504 2392 2585 ἀφ’
2436 2503 2517 2570 οὗ
2559 2504 2598 2583 ἡ
2644 2504 2851 2587 φυλή,
2894 2507 3188 2586 κῶλον,

605 2608 880 2687 κῆλον,
928 2607 1212 2688 μῆλον,
1256 2608 1516 2671 κῦλον.
1575 2604 1789 2701 Ζῆλά
1827 2605 2030 2670 τόπος
2063 2606 2404 2686 Ἀρμενίας.
2451 2605 2749 2687 (τράβων
2781 2605 2862 2671 ια’
2893 2606 2984 2690 (p.
3015 2603 3187 2686 512).

604 2707 732 2771 ἔςτι
785 2708 890 2771 καὶ
929 2707 1213 2786 Ποντικὴ
1266 2706 1448 2784 Ζῆλα
1503 2706 1816 2787 λεγομένη
1873 2709 1976 2771 καὶ
2030 2708 2191 2788 αὐτὴ
2247 2707 2621 2787 οὐδετέρως.
2712 2706 2958 2772 (coca
2999 2706 3187 2771 πόλις

605 2807 904 2888 ἐπίςημος
945 2809 1255 2891 Περςική,
1301 2809 1644 2888 Μέμνονος
1687 2810 1919 2889 κτίςμα.
2008 2811 2299 2887 κέκληται
2352 2812 2425 2875 δὲ
2480 2809 2615 2876 ἀπὸ
2657 2814 2788 2875 τῶν
2833 2810 3100 2891 κρίνων,
3146 2808 3189 2872 ἃ

605 2911 821 2975 πολλὰ
865 2909 936 2975 ἐν
979 2915 1056 2994 τῇ
1111 2911 1293 2994 χώρᾳ
1348 2909 1618 2990 πεφύκει
1666 2910 1906 2994 ἐκείνῃ,
1964 2911 2192 2977 ςοῦςόν
2232 2920 2303 2977 ’τε
2361 2911 2521 2977 αὐτὸ
2565 2915 2865 2977 καλοῦςιν
2921 2910 2985 2975 οἱ
3039 2910 3187 2991 βάρ-

500 3015 567 3067 25
606 3017 806 3092 βαροι.
1842 3090 1867 3097 ρ

772 3113 866 3178 Τὰ
932 3114 1004 3177 δὲ
1068 3114 1423 3193 μεταβολὴν
1486 3114 1717 3189 γένους
1781 3113 2154 3179 πεπονθότα
2207 3114 2486 3181 ὀξύτονα
2552 3114 2871 3196 ὀξύνεται,
2927 3112 3186 3193 χαλινός

603 3214 969 3296 χαλινόν,
1014 3214 1206 3290 ζυγός
1248 3215 1514 3296 ζυγόν,
1571 3215 1830 3295 ἑρετμός
1875 3216 2236 3296 ἐρετμόν,
2292 3216 2373 3280 τὰ
2427 3217 2498 3281 δὲ
2553 3216 2876 3296 βαρύτονα
2922 3214 3183 3296 βαρύνε-

602 3335 735 3398 ται,
801 3316 1031 3394 θύρςος
1095 3316 1417 3420 θύρςονῖ,
1495 3318 1731 3395 λύχνος
1796 3317 2127 3400 λύχνον,
2200 3316 2430 3382 κύκλος
2494 3318 2815 3401 κύκλον,
2887 3317 3188 3403 κέλευθος

602 3642 759 3705 patet
793 3654 861 3688 ex
895 3637 1132 3688 Arcadio
1143 3674 1161 3722 ἔ
1207 3638 1302 3689 ubi
1347 3644 1636 3704 postquam
1683 3639 1952 3690 traditum
1998 3643 2108 3691 est:
2156 3641 2272 3701 πᾶν
2308 3637 2610 3704 οὐδέτερον
2646 3636 2725 3691 εἰς
2760 3641 2826 3690 δῦ
2864 3638 2977 3704 πρὸ
3011 3641 3114 3690 τοῦ
3152 3634 3186 3690 ὃ

603 3704 912 3769 ςύμφωνον
938 3703 1096 3770 ἔχον,
1133 3705 1610 3770 υπερδιςύλλαβον
1636 3707 2122 3771 προπαροξύνεται
2146 3734 2231 3771 ·-,
2260 3714 2564 3773 sequuntur
2588 3707 2961 3771 παροξύνεται
2985 3709 3183 3771 ταῦτα,

603 3771 801 3838 ῥόδον,
839 3772 1033 3837 ἔργον,
1071 3773 1319 3837 φύλλον,
1359 3776 1805 3840 προπεριςπᾶται
1842 3774 1904 3827 δὲ
1938 3778 2145 3826 ταῦτα·
2181 3777 2379 3837 ςῦκον,
2418 3775 2604 3838 φῦλον
2639 3775 2708 3826 τὸ
2744 3775 2934 3837 γένος,
2973 3774 3180 3837 κῶλον,

604 3843 809 3906 κῆλον,
848 3841 1054 3905 μῆλον,
1092 3843 1149 3891 in
1188 3843 1388 3905 quibus
1426 3843 1493 3892 de
1531 3843 1821 3905 bisyllabis
1867 3843 2073 3909 agitur)
2113 3848 2171 3894 et
2204 3848 2329 3908 post
2373 3858 2471 3908 pro
2516 3840 2598 3894 εἰς
2632 3846 2669 3906 ἦ
2715 3840 2794 3895 εἰς
2827 3845 2862 3892 ’ἶ
2908 3841 3183 3904 περατού-

604 3923 802 3973 μενον,
841 3925 967 3969 nam
1003 3908 1295 3973 Arcadius,
1333 3925 1495 3974 quum
1530 3910 1720 3960 nullae
1759 3911 1875 3962 fere
1914 3912 2272 3977 exceptiones
2306 3911 2365 3960 in
2400 3910 2531 3962 aliis
2565 3910 3040 3961 terminationibus
3075 3910 3186 3959 nisi

602 3978 660 4027 in
696 3983 797 4041 ρον
835 3982 891 4027 et
924 3978 1027 4028 ἴον
1064 3978 1436 4042 reperiantur,
1477 3978 1541 4028 de
1580 3978 1668 4027 his
1703 3983 1919 4028 tantum
1964 3981 2034 4030 ab
2072 3979 2392 4029 Herodiano
2439 3980 2751 4044 propositos
2794 3992 3033 4028 canones
3069 3992 3186 4027 ser·

601 4046 776 4096 vavit.
847 4045 951 4095 His
988 4044 1292 4095 emendatis
1329 4045 1513 4110 recepi
1550 4045 1918 4097 Choerobosci
1962 4051 2316 4112 praeceptum
2357 4061 2478 4096 cum
2524 4047 2836 4119 nominibus
2879 4043 3184 4107 (τρατόπε-

602 4112 703 4164 δον
738 4140 805 4149 -
840 4112 1178 4177 πρόςωπον;
1223 4110 1478 4174 γήπεδον
1514 4114 1745 4178 apposui
1790 4130 1858 4163 ex
1896 4116 1974 4165 St.
2008 4116 2100 4177 Β.,
2139 4112 2357 4171 ςέλινον
2393 4112 2613 4165 ἔνδινον
2650 4130 2717 4165 ex
2754 4113 2815 4166 11.
2852 4114 2944 4164 Pr.
2982 4111 3031 4164 Ψ
3066 4114 3185 4174 806,

602 4180 889 4244 ναύμαχον
925 4208 991 4216 -
1027 4178 1425 4245 ἀκρατόφορον
1463 4196 1530 4230 ex
1564 4181 1630 4231 11.
1654 4182 1744 4231 Pr.
1782 4180 1828 4232 Ο
1865 4184 1983 4233 389.
2018 4209 2086 4217 —-
2120 4182 2157 4231 l.
2195 4185 2226 4232 9
2265 4179 2422 4232 λίνον
2458 4181 2650 4232 addidi
2688 4197 2755 4231 ex
2790 4179 2856 4234 Il.
2883 4180 2974 4233 Pr.
3002 4177 3040 4231 C
3066 4183 3183 4241 570,

603 4246 772 4300 Λίνον
809 4265 875 4298 ex
915 4249 992 4299 St.
1031 4249 1118 4309 Β.,
1165 4263 1233 4299 ex
1271 4247 1460 4298 eodem
1497 4245 1717 4311 (πάδα,
1765 4251 1854 4298 cui
1900 4250 2106 4300 diserte
2151 4247 2466 4313 οὐδετέρως
2513 4250 2823 4315 appositum
2868 4253 2981 4309 est,
3026 4262 3183 4313 porro

602 4314 840 4380 Πέφνον
875 4343 942 4351 —
983 4312 1156 4379 Νίψα,
1199 4315 1266 4366 de
1303 4331 1409 4380 quo
1446 4332 1498 4381 p.
1533 4318 1649 4371 572.
1687 4318 1719 4368 8
1755 4313 1817 4367 ἐν
1852 4319 1939 4382 τῷ
1976 4317 2105 4380 περὶ
2144 4313 2369 4380 Νίψων;
2409 4318 2595 4379 φῦλον
2632 4316 2851 4381 explevi
2889 4331 2957 4366 ex
2992 4314 3073 4367 St.
3097 4315 3180 4377 Β.,

604 4385 780 4435 κθλον
813 4383 1006 4465 ‘adieci
1050 4398 1117 4433 ex
1161 4383 1408 4448 Theogn.
1449 4386 1567 4448 130,
1606 4385 1699 4444 26,
1745 4384 1843 4435 ubi
1886 4385 2116 4436 diserte:
2163 4383 2251 4435 διὰ
2286 4387 2321 4435 ῦ
2369 4386 2609 4449 μακροῦ,
2657 4398 2887 4449 quocum
2932 4383 3184 4459 congrui}

604 4451 1295 4583 assfi'eftssaiwfflaex
1328 4466 1679 4572 ,ἶῖῗωὲῗέἳ
1717 4452 1810 4582 ἒξ,
1827 4452 1915 4570 ³⁹3.
1951 4449 3184 4585 ἰέῒίὧῗπῗὲῗέεὲ..(ἴνὲἓέῗὲὲέζῗῶλῖἰῖοἵ

602 4584 706 4637 οὐκ
742 4585 946 4650 ἔχομεν
983 4584 1179 4649 ὅμοιον
1213 4590 1299 4652 τῷ
1337 4589 1514 4650 μοῦςα
1549 4586 1820 4652 ὑπάρχον.
1889 4586 1959 4639 τὸ
1994 4587 2100 4651 γὰρ
2143 4587 2453 4649 λεγόμενον
2489 4585 2669 4639 Concu
2704 4585 3008 4650 οὐδέτερον
3044 4585 3184 4649 πλη·

604 4654 868 4705 θυντικὸν
904 4652 997 4705 ἐπὶ
1033 4653 1261 4705 πόλεως
1297 4655 1663 4718 τεταγμένον.
1825 4655 1862 4704 l.
1897 4658 1963 4705 26
2010 4654 2252 4707 ὀξύτονα
2289 4656 2496 4706 inserui
2533 4671 2600 4705 ex
2637 4656 2738 4719 Ep.
2777 4653 2864 4703 Cr.
2902 4654 2928 4704 1
2965 4656 3082 4715 250,
3121 4655 3185 4703 14

603 4719 636 4772 ό
680 4723 938 4773 τοιοῦτος
984 4721 1378 4785 μεταπλαςμὸς
1432 4722 1538 4773 τὸν
1590 4721 1770 4775 αὐτὸν
1822 4722 1997 4774 τόνον
2048 4721 2349 4786 φυλάττει,
2395 4721 2631 4786 θύρςους
2685 4720 2886 4786 θύρςα,
2944 4720 3183 4782 λύχνους

604 4787 797 4852 λύχνα,
835 4787 1103 4853 ἐρετμούς
1138 4788 1369 4853 ἐρετμά,
1407 4790 1553 4841 unde
1591 4790 1786 4840 addidi
1827 4787 2063 4853 ἑρετμός
2099 4789 2337 4853 ἐρετμόν
2384 4794 2441 4839 et
2483 4788 2556 4840 τὰ
2602 4788 2663 4840 δὲ
2701 4787 2984 4852 βαρύτονα
3021 4786 3184 4851 βαρύ-

604 4868 761 4906 νεται
805 4872 924 4906 cum
969 4858 1233 4922 exemplis
1276 4856 1449 4922 θύρςα
1491 4857 1693 4921 λύχνα,
1741 4858 1941 4923 quibus
1986 4856 2249 4910 κέλευθος
2285 4884 2351 4893 -
2385 4855 2662 4920 ἄρκευθον
2698 4856 2929 4922 apposui
2975 4870 3045 4906 ex
3079 4856 3182 4921 Ep.
