<?xml version="1.0" encoding="UTF-8"?>
<!DOCTYPE html PUBLIC "-//W3C//DTD XHTML 1.0 Transitional//EN"
    "http://www.w3.org/TR/xhtml1/DTD/xhtml1-transitional.dtd">
<html xmlns="http://www.w3.org/1999/xhtml" xml:lang="en" lang="en">
 <head>
  <title>
</title>
<meta http-equiv="Content-Type" content="text/html;charset=utf-8" />
  <meta name='ocr-system' content='tesseract 3.04.00' />
  <meta name='ocr-capabilities' content='ocr_page ocr_carea ocr_par ocr_line ocrx_word'/>
</head>
<body>
  <div class='ocr_page' id='page_1' title='image "./grammaticigraec02unkngoog_0682.png"; bbox 0 0 3664 5546; ppageno 0'>
   <div class='ocr_carea' id='block_1_1' title="bbox 1254 256 1315 285">
    <p class='ocr_par' dir='ltr' id='par_1_1' title="bbox 1254 256 1315 285">
     <span class='ocr_line' id='line_1_1' title="bbox 1254 256 1315 285; baseline 0 -2"><span class='ocrx_word' id='word_1_1' title='bbox 1254 256 1315 285; x_wconf 45' lang='lat' dir='ltr'>fi</span> 
     </span>
    </p>
   </div>
   <div class='ocr_carea' id='block_1_2' title="bbox 640 297 2289 361">
    <p class='ocr_par' dir='ltr' id='par_1_2' title="bbox 640 297 2289 361">
     <span class='ocr_line' id='line_1_2' title="bbox 640 297 2289 361; baseline 0 -1"><span class='ocrx_word' id='word_1_2' title='bbox 640 297 768 361; x_wconf 86' lang='grc'>436</span> <span class='ocrx_word' id='word_1_3' title='bbox 1577 306 1659 360; x_wconf 83' lang='grc' dir='ltr'>ΕΚ</span> <span class='ocrx_word' id='word_1_4' title='bbox 1698 306 1839 360; x_wconf 87' lang='grc' dir='ltr'>ΤΩΝ</span> <span class='ocrx_word' id='word_1_5' title='bbox 1882 306 2289 361; x_wconf 86' lang='grc' dir='ltr'>ΗΡΩΔΙΑΝΟΥ</span> 
     </span>
    </p>
   </div>
   <div class='ocr_carea' id='block_1_3' title="bbox 511 465 3298 2798">
    <p class='ocr_par' dir='ltr' id='par_1_3' title="bbox 639 465 3239 763">
     <span class='ocr_line' id='line_1_3' title="bbox 810 465 3239 561; baseline 0.006 -31"><span class='ocrx_word' id='word_1_6' title='bbox 810 467 904 531; x_wconf 87' lang='grc' dir='ltr'>Τὰ</span> <span class='ocrx_word' id='word_1_7' title='bbox 948 465 1038 533; x_wconf 83' lang='grc' dir='ltr'>εἰς</span> <span class='ocrx_word' id='word_1_8' title='bbox 1068 471 1169 530; x_wconf 56' lang='lat' dir='ltr'>Fu</span> <span class='ocrx_word' id='word_1_9' title='bbox 1215 470 1558 556; x_wconf 88' lang='grc' dir='ltr'>διςύλλαβα</span> <span class='ocrx_word' id='word_1_10' title='bbox 1600 483 1691 561; x_wconf 85' lang='grc' dir='ltr'>τῷ</span> <span class='ocrx_word' id='word_1_11' title='bbox 1735 480 1773 555; x_wconf 85' lang='grc' dir='ltr'>ἦ</span> <span class='ocrx_word' id='word_1_12' title='bbox 1804 478 2305 557; x_wconf 89' lang='grc' dir='ltr'>παραληγόμενα</span> <span class='ocrx_word' id='word_1_13' title='bbox 2348 476 2480 541; x_wconf 89' lang='grc' dir='ltr'>ἀπὸ</span> <span class='ocrx_word' id='word_1_14' title='bbox 2513 479 2864 557; x_wconf 84' lang='grc' dir='ltr'>ςυμφώνου</span> <span class='ocrx_word' id='word_1_15' title='bbox 2906 479 3239 559; x_wconf 86' lang='grc' dir='ltr'>ἀρχόμενα</span> 
     </span>
     <span class='ocr_line' id='line_1_4' title="bbox 644 566 3230 663; baseline 0 -19"><span class='ocrx_word' id='word_1_16' title='bbox 644 568 1013 649; x_wconf 71' lang='grc' dir='ltr'>βαρύνεται,</span> <span class='ocrx_word' id='word_1_17' title='bbox 1076 566 1208 634; x_wconf 77' lang='grc' dir='ltr'>ἀπὸ</span> <span class='ocrx_word' id='word_1_18' title='bbox 1254 583 1325 646; x_wconf 81' lang='grc' dir='ltr'>δὲ</span> <span class='ocrx_word' id='word_1_19' title='bbox 1369 579 1711 661; x_wconf 84' lang='grc' dir='ltr'>ἡμιφώνου</span> <span class='ocrx_word' id='word_1_20' title='bbox 1756 584 2214 657; x_wconf 82' lang='grc' dir='ltr'>περιςπῶνται·</span> <span class='ocrx_word' id='word_1_21' title='bbox 2270 580 2374 643; x_wconf 88' lang='grc' dir='ltr'>καὶ</span> <span class='ocrx_word' id='word_1_22' title='bbox 2417 579 2802 658; x_wconf 85' lang='grc' dir='ltr'>βαρύνονται</span> <span class='ocrx_word' id='word_1_23' title='bbox 2850 582 2964 659; x_wconf 83' lang='grc' dir='ltr'>μὲν</span> <span class='ocrx_word' id='word_1_24' title='bbox 3008 585 3230 663; x_wconf 88' lang='grc' dir='ltr'>ταῦτα,</span> 
     </span>
     <span class='ocr_line' id='line_1_5' title="bbox 639 677 3236 763; baseline -0.004 -8"><span class='ocrx_word' id='word_1_25' title='bbox 639 678 878 763; x_wconf 73' lang='grc' dir='ltr'>Τήκω,</span> <span class='ocrx_word' id='word_1_26' title='bbox 936 677 1143 763; x_wconf 73' lang='grc' dir='ltr'>ὒήκω</span> <span class='ocrx_word' id='word_1_27' title='bbox 1199 685 1350 750; x_wconf 88' lang='grc' dir='ltr'>ὅθεν</span> <span class='ocrx_word' id='word_1_28' title='bbox 1407 683 1675 763; x_wconf 87' lang='grc' dir='ltr'>ἔδακον,</span> <span class='ocrx_word' id='word_1_29' title='bbox 1731 681 1875 761; x_wconf 82' lang='grc' dir='ltr'>μεθ’</span> <span class='ocrx_word' id='word_1_30' title='bbox 1917 680 2024 746; x_wconf 67' lang='grc' dir='ltr'>ὧν1</span> <span class='ocrx_word' id='word_1_31' title='bbox 2056 683 2161 746; x_wconf 88' lang='grc' dir='ltr'>καὶ</span> <span class='ocrx_word' id='word_1_32' title='bbox 2201 681 2377 759; x_wconf 87' lang='grc' dir='ltr'>ἥκω.</span> <span class='ocrx_word' id='word_1_33' title='bbox 2464 683 2836 759; x_wconf 84' lang='grc' dir='ltr'>περιςπᾶται</span> <span class='ocrx_word' id='word_1_34' title='bbox 2893 683 2963 746; x_wconf 79' lang='grc' dir='ltr'>δὲ</span> <span class='ocrx_word' id='word_1_35' title='bbox 3012 686 3236 763; x_wconf 81' lang='grc' dir='ltr'>ταῦτα,</span> 
     </span>
    </p>

    <p class='ocr_par' dir='ltr' id='par_1_4' title="bbox 511 784 1498 870">
     <span class='ocr_line' id='line_1_6' title="bbox 511 784 1498 870; baseline 0.003 -26"><span class='ocrx_word' id='word_1_36' title='bbox 511 854 520 863; x_wconf 37' lang='grc'>,</span> <span class='ocrx_word' id='word_1_37' title='bbox 641 784 878 866; x_wconf 87' lang='grc' dir='ltr'>ληκῶ,</span> <span class='ocrx_word' id='word_1_38' title='bbox 925 789 1228 870; x_wconf 85' lang='grc' dir='ltr'>ςφηκῶ,</span> <span class='ocrx_word' id='word_1_39' title='bbox 1273 788 1498 866; x_wconf 87' lang='grc' dir='ltr'>μηκῶ.</span> 
     </span>
    </p>

    <p class='ocr_par' dir='ltr' id='par_1_5' title="bbox 562 884 3298 1174">
     <span class='ocr_line' id='line_1_7' title="bbox 562 884 3233 971; baseline -0 -20"><span class='ocrx_word' id='word_1_40' title='bbox 562 895 595 943; x_wconf 83' lang='grc'>5</span> <span class='ocrx_word' id='word_1_41' title='bbox 810 887 903 952; x_wconf 87' lang='grc' dir='ltr'>Τὰ</span> <span class='ocrx_word' id='word_1_42' title='bbox 948 887 1037 952; x_wconf 89' lang='grc' dir='ltr'>εἰς</span> <span class='ocrx_word' id='word_1_43' title='bbox 1082 891 1213 971; x_wconf 63' lang='grc' dir='ltr'>ἰῶ,</span> <span class='ocrx_word' id='word_1_44' title='bbox 1260 888 1313 952; x_wconf 81' lang='grc' dir='ltr'>εἰ</span> <span class='ocrx_word' id='word_1_45' title='bbox 1358 891 1440 968; x_wconf 85' lang='grc' dir='ltr'>μὴ</span> <span class='ocrx_word' id='word_1_46' title='bbox 1485 893 1575 970; x_wconf 81' lang='grc' dir='ltr'>τῷ</span> <span class='ocrx_word' id='word_1_47' title='bbox 1622 888 1653 949; x_wconf 72' lang='grc' dir='ltr'>ἰ</span> <span class='ocrx_word' id='word_1_48' title='bbox 1699 886 2140 964; x_wconf 87' lang='grc' dir='ltr'>παραλήγοιτο</span> <span class='ocrx_word' id='word_1_49' title='bbox 2186 885 2225 962; x_wconf 88' lang='grc' dir='ltr'>ἢ</span> <span class='ocrx_word' id='word_1_50' title='bbox 2259 890 2351 969; x_wconf 79' lang='grc' dir='ltr'>τῷ</span> <span class='ocrx_word' id='word_1_51' title='bbox 2397 888 2469 968; x_wconf 84' lang='grc' dir='ltr'>ἦ,</span> <span class='ocrx_word' id='word_1_52' title='bbox 2511 886 2660 964; x_wconf 86' lang='grc' dir='ltr'>περὶ</span> <span class='ocrx_word' id='word_1_53' title='bbox 2701 884 2796 949; x_wconf 88' lang='grc' dir='ltr'>ὧν</span> <span class='ocrx_word' id='word_1_54' title='bbox 2839 886 3233 967; x_wconf 87' lang='grc' dir='ltr'>προείρηται,</span> 
     </span>
     <span class='ocr_line' id='line_1_8' title="bbox 636 987 3231 1072; baseline -0.001 -20"><span class='ocrx_word' id='word_1_55' title='bbox 636 987 896 1053; x_wconf 86' lang='grc' dir='ltr'>πάντως</span> <span class='ocrx_word' id='word_1_56' title='bbox 940 993 1345 1071; x_wconf 89' lang='grc' dir='ltr'>περιςπᾶται,</span> <span class='ocrx_word' id='word_1_57' title='bbox 1390 994 1628 1072; x_wconf 84' lang='grc' dir='ltr'>κακῶ,</span> <span class='ocrx_word' id='word_1_58' title='bbox 1675 987 1918 1069; x_wconf 83' lang='grc' dir='ltr'>ἀρκῶ,</span> <span class='ocrx_word' id='word_1_59' title='bbox 1966 991 2254 1069; x_wconf 86' lang='grc' dir='ltr'>ναρκῶ,</span> <span class='ocrx_word' id='word_1_60' title='bbox 2303 991 2587 1071; x_wconf 85' lang='grc' dir='ltr'>ςαρκῶ,</span> <span class='ocrx_word' id='word_1_61' title='bbox 2633 990 2939 1069; x_wconf 86' lang='grc' dir='ltr'>φαλκῶ,</span> <span class='ocrx_word' id='word_1_62' title='bbox 2987 993 3231 1069; x_wconf 80' lang='grc' dir='ltr'>δοκῶ,</span> 
     </span>
     <span class='ocr_line' id='line_1_9' title="bbox 596 1084 3298 1174; baseline -0.003 -15"><span class='ocrx_word' id='word_1_63' title='bbox 596 1095 867 1172; x_wconf 83' lang='grc' dir='ltr'>,κυκῶ,</span> <span class='ocrx_word' id='word_1_64' title='bbox 935 1097 1177 1174; x_wconf 86' lang='grc' dir='ltr'>μυκῶ,</span> <span class='ocrx_word' id='word_1_65' title='bbox 1248 1090 1435 1156; x_wconf 84' lang='grc' dir='ltr'>οἰκῶ</span> <span class='ocrx_word' id='word_1_66' title='bbox 1501 1091 1604 1155; x_wconf 84' lang='grc' dir='ltr'>καὶ</span> <span class='ocrx_word' id='word_1_67' title='bbox 1667 1095 2039 1168; x_wconf 83' lang='grc' dir='ltr'>παροικῶ.</span> <span class='ocrx_word' id='word_1_68' title='bbox 2140 1089 2216 1153; x_wconf 88' lang='grc' dir='ltr'>τὸ</span> <span class='ocrx_word' id='word_1_69' title='bbox 2283 1090 2354 1153; x_wconf 82' lang='grc' dir='ltr'>δὲ</span> <span class='ocrx_word' id='word_1_70' title='bbox 2421 1088 2678 1153; x_wconf 84' lang='grc' dir='ltr'>διώκω</span> <span class='ocrx_word' id='word_1_71' title='bbox 2743 1089 2847 1152; x_wconf 88' lang='grc' dir='ltr'>καὶ</span> <span class='ocrx_word' id='word_1_72' title='bbox 2905 1088 3059 1167; x_wconf 87' lang='grc' dir='ltr'>ἥκω</span> <span class='ocrx_word' id='word_1_73' title='bbox 3123 1091 3230 1153; x_wconf 86' lang='grc' dir='ltr'>καὶ</span> <span class='ocrx_word' id='word_1_74' title='bbox 3285 1084 3298 1093; x_wconf 73' lang='grc'><strong><em>’</em></strong></span> 
     </span>
    </p>

    <p class='ocr_par' dir='ltr' id='par_1_6' title="bbox 635 1190 2600 1274">
     <span class='ocr_line' id='line_1_10' title="bbox 635 1190 2600 1274; baseline 0 -21"><span class='ocrx_word' id='word_1_75' title='bbox 635 1190 884 1268; x_wconf 85' lang='grc' dir='ltr'>ἐρύκω</span> <span class='ocrx_word' id='word_1_76' title='bbox 930 1194 1284 1272; x_wconf 85' lang='grc' dir='ltr'>βαρύνεται.</span> <span class='ocrx_word' id='word_1_77' title='bbox 1371 1193 1447 1257; x_wconf 88' lang='grc' dir='ltr'>τὸ</span> <span class='ocrx_word' id='word_1_78' title='bbox 1494 1193 1566 1257; x_wconf 77' lang='grc' dir='ltr'>δὲ</span> <span class='ocrx_word' id='word_1_79' title='bbox 1610 1192 1849 1274; x_wconf 85' lang='grc' dir='ltr'>ἀςκῶ,</span> <span class='ocrx_word' id='word_1_80' title='bbox 1898 1196 2163 1271; x_wconf 82' lang='grc' dir='ltr'>ςφηκῶ</span> <span class='ocrx_word' id='word_1_81' title='bbox 2209 1192 2600 1269; x_wconf 86' lang='grc' dir='ltr'>περιςπᾶται.</span> 
     </span>
    </p>

    <p class='ocr_par' dir='ltr' id='par_1_7' title="bbox 803 1291 3228 1376">
     <span class='ocr_line' id='line_1_11' title="bbox 803 1291 3228 1376; baseline 0 -20"><span class='ocrx_word' id='word_1_82' title='bbox 803 1292 898 1356; x_wconf 89' lang='grc' dir='ltr'>Τὰ</span> <span class='ocrx_word' id='word_1_83' title='bbox 941 1292 1029 1357; x_wconf 88' lang='grc' dir='ltr'>εἰς</span> <span class='ocrx_word' id='word_1_84' title='bbox 1074 1298 1210 1357; x_wconf 54' lang='lat' dir='ltr'>‘ciffi</span> <span class='ocrx_word' id='word_1_85' title='bbox 1255 1293 1623 1375; x_wconf 85' lang='grc' dir='ltr'>βαρύνεται,</span> <span class='ocrx_word' id='word_1_86' title='bbox 1670 1292 1725 1357; x_wconf 91' lang='grc' dir='ltr'>εἰ</span> <span class='ocrx_word' id='word_1_87' title='bbox 1768 1294 1851 1372; x_wconf 87' lang='grc' dir='ltr'>μὴ</span> <span class='ocrx_word' id='word_1_88' title='bbox 1899 1292 2281 1371; x_wconf 85' lang='grc' dir='ltr'>κατάρχοιτο</span> <span class='ocrx_word' id='word_1_89' title='bbox 2326 1291 2556 1371; x_wconf 87' lang='grc' dir='ltr'>ὄνομα,</span> <span class='ocrx_word' id='word_1_90' title='bbox 2603 1291 2937 1376; x_wconf 86' lang='grc' dir='ltr'>δράςκω,</span> <span class='ocrx_word' id='word_1_91' title='bbox 2981 1293 3228 1372; x_wconf 85' lang='grc' dir='ltr'>γηρά-</span> 
     </span>
    </p>

    <p class='ocr_par' dir='ltr' id='par_1_8' title="bbox 536 1393 3226 1883">
     <span class='ocr_line' id='line_1_12' title="bbox 536 1393 3226 1478; baseline 0.002 -25"><span class='ocrx_word' id='word_1_92' title='bbox 536 1400 598 1451; x_wconf 86' lang='lat'>10</span> <span class='ocrx_word' id='word_1_93' title='bbox 635 1414 816 1475; x_wconf 88' lang='grc' dir='ltr'>ςκω,</span> <span class='ocrx_word' id='word_1_94' title='bbox 891 1393 1335 1478; x_wconf 91' lang='grc' dir='ltr'>πιπράςκω,</span> <span class='ocrx_word' id='word_1_95' title='bbox 1410 1397 1774 1476; x_wconf 87' lang='grc' dir='ltr'>διδὰςκω,</span> <span class='ocrx_word' id='word_1_96' title='bbox 1848 1395 2277 1476; x_wconf 84' lang='grc' dir='ltr'>τιτρώςκω,</span> <span class='ocrx_word' id='word_1_97' title='bbox 2342 1395 2728 1475; x_wconf 87' lang='grc' dir='ltr'>γινώςκω,</span> <span class='ocrx_word' id='word_1_98' title='bbox 2798 1395 3226 1477; x_wconf 83' lang='grc' dir='ltr'>βιβρώςκω,</span> 
     </span>
     <span class='ocr_line' id='line_1_13' title="bbox 632 1493 3222 1579; baseline 0.001 -21"><span class='ocrx_word' id='word_1_99' title='bbox 632 1493 1454 1579; x_wconf 85' lang='grc' dir='ltr'>ἀρέςκω,-πιφαύςκω,</span> <span class='ocrx_word' id='word_1_100' title='bbox 1501 1496 1909 1577; x_wconf 84' lang='grc' dir='ltr'>κικλήςκω,</span> <span class='ocrx_word' id='word_1_101' title='bbox 1955 1496 2288 1577; x_wconf 88' lang='grc' dir='ltr'>θνήςκω,</span> <span class='ocrx_word' id='word_1_102' title='bbox 2344 1496 2767 1577; x_wconf 87' lang='grc' dir='ltr'>μιμνήςκω,</span> <span class='ocrx_word' id='word_1_103' title='bbox 2827 1494 3222 1578; x_wconf 88' lang='grc' dir='ltr'>ἀλδήςκω,</span> 
     </span>
     <span class='ocr_line' id='line_1_14' title="bbox 629 1595 3224 1680; baseline 0.001 -22"><span class='ocrx_word' id='word_1_104' title='bbox 629 1595 998 1679; x_wconf 83' lang='grc' dir='ltr'>πιπίςκω,</span> <span class='ocrx_word' id='word_1_105' title='bbox 1044 1596 1328 1680; x_wconf 87' lang='grc' dir='ltr'>ἀέςκω,</span> <span class='ocrx_word' id='word_1_106' title='bbox 1374 1599 1759 1680; x_wconf 83' lang='grc' dir='ltr'>μαχὲςκω,</span> <span class='ocrx_word' id='word_1_107' title='bbox 1805 1597 2037 1662; x_wconf 84' lang='grc' dir='ltr'>ἑῖςκω</span> <span class='ocrx_word' id='word_1_108' title='bbox 2085 1595 2311 1660; x_wconf 81' lang='grc' dir='ltr'>«ἑῖςκω</span> <span class='ocrx_word' id='word_1_109' title='bbox 2341 1596 2830 1680; x_wconf 78' lang='grc' dir='ltr'>πηγεςιμάλλῳ»</span> <span class='ocrx_word' id='word_1_110' title='bbox 2862 1595 3038 1678; x_wconf 85' lang='grc' dir='ltr'><strong>(ΙΙ.Γ</strong></span> <span class='ocrx_word' id='word_1_111' title='bbox 3073 1596 3224 1679; x_wconf 78' lang='lat'>197)</span> 
     </span>
     <span class='ocr_line' id='line_1_15' title="bbox 628 1696 3223 1782; baseline 0 -21"><span class='ocrx_word' id='word_1_112' title='bbox 628 1699 730 1761; x_wconf 81' lang='grc' dir='ltr'>καὶ</span> <span class='ocrx_word' id='word_1_113' title='bbox 773 1697 1068 1782; x_wconf 85' lang='grc' dir='ltr'>ἀποβολῇ</span> <span class='ocrx_word' id='word_1_114' title='bbox 1112 1702 1231 1762; x_wconf 84' lang='grc' dir='ltr'>τοῦ</span> <span class='ocrx_word' id='word_1_115' title='bbox 1273 1701 1307 1762; x_wconf 82' lang='grc' dir='ltr'>’ἑ</span> <span class='ocrx_word' id='word_1_116' title='bbox 1354 1697 1452 1762; x_wconf 75' lang='grc' dir='ltr'>«εἴ</span> <span class='ocrx_word' id='word_1_117' title='bbox 1480 1698 1548 1762; x_wconf 90' lang='grc' dir='ltr'>κέ</span> <span class='ocrx_word' id='word_1_118' title='bbox 1595 1717 1659 1763; x_wconf 74' lang='lat' dir='ltr'>ce</span> <span class='ocrx_word' id='word_1_119' title='bbox 1701 1704 1793 1782; x_wconf 82' lang='grc' dir='ltr'>τῷ</span> <span class='ocrx_word' id='word_1_120' title='bbox 1837 1696 2159 1763; x_wconf 81' lang='grc' dir='ltr'>ἴςκοντες»</span> <span class='ocrx_word' id='word_1_121' title='bbox 2207 1697 2285 1779; x_wconf 94' lang='grc' dir='ltr'>(Λ</span> <span class='ocrx_word' id='word_1_122' title='bbox 2319 1696 2485 1779; x_wconf 84' lang='grc'>799).</span> <span class='ocrx_word' id='word_1_123' title='bbox 2574 1698 2969 1781; x_wconf 88' lang='grc' dir='ltr'>δειδίςκω,</span> <span class='ocrx_word' id='word_1_124' title='bbox 3015 1698 3223 1777; x_wconf 83' lang='grc' dir='ltr'>εὑρί-</span> 
     </span>
     <span class='ocr_line' id='line_1_16' title="bbox 629 1796 3220 1883; baseline 0.001 -21"><span class='ocrx_word' id='word_1_125' title='bbox 629 1819 809 1881; x_wconf 88' lang='grc' dir='ltr'>ςκω,</span> <span class='ocrx_word' id='word_1_126' title='bbox 855 1800 1213 1882; x_wconf 85' lang='grc' dir='ltr'>τελίςκω,</span> <span class='ocrx_word' id='word_1_127' title='bbox 1257 1799 1626 1883; x_wconf 86' lang='grc' dir='ltr'>γαμίςκω,</span> <span class='ocrx_word' id='word_1_128' title='bbox 1657 1801 1979 1881; x_wconf 85' lang='grc' dir='ltr'>κυῖςκω,</span> <span class='ocrx_word' id='word_1_129' title='bbox 2021 1797 2405 1880; x_wconf 85' lang='grc' dir='ltr'>ὀφλίςκω,</span> <span class='ocrx_word' id='word_1_130' title='bbox 2451 1797 2577 1878; x_wconf 81' lang='grc' dir='ltr'>ἀφ’</span> <span class='ocrx_word' id='word_1_131' title='bbox 2608 1796 2689 1862; x_wconf 87' lang='grc' dir='ltr'>οὗ</span> <span class='ocrx_word' id='word_1_132' title='bbox 2719 1800 2795 1863; x_wconf 89' lang='grc' dir='ltr'>τὸ</span> <span class='ocrx_word' id='word_1_133' title='bbox 2825 1798 3220 1883; x_wconf 88' lang='grc' dir='ltr'>ὀφλιςκάνω,</span> 
     </span>
    </p>

    <p class='ocr_par' dir='ltr' id='par_1_9' title="bbox 528 1899 3220 2286">
     <span class='ocr_line' id='line_1_17' title="bbox 528 1899 3220 1987; baseline 0.001 -24"><span class='ocrx_word' id='word_1_134' title='bbox 528 1906 590 1956; x_wconf 81' lang='lat'>15</span> <span class='ocrx_word' id='word_1_135' title='bbox 627 1899 948 1987; x_wconf 87' lang='grc' dir='ltr'>ἁλίςκω,</span> <span class='ocrx_word' id='word_1_136' title='bbox 994 1899 1423 1983; x_wconf 85' lang='grc' dir='ltr'>ἀραρίςκω,</span> <span class='ocrx_word' id='word_1_137' title='bbox 1481 1902 1883 1983; x_wconf 88' lang='grc' dir='ltr'>ςτερίςκω,</span> <span class='ocrx_word' id='word_1_138' title='bbox 1942 1900 2322 1982; x_wconf 83' lang='grc' dir='ltr'>μεθύςκω,</span> <span class='ocrx_word' id='word_1_139' title='bbox 2365 1900 2614 1979; x_wconf 90' lang='grc' dir='ltr'>βόςκω</span> <span class='ocrx_word' id='word_1_140' title='bbox 2655 1902 2965 1979; x_wconf 89' lang='grc' dir='ltr'>βοςκήςω·</span> <span class='ocrx_word' id='word_1_141' title='bbox 3020 1906 3220 1966; x_wconf 85' lang='grc' dir='ltr'>τοῦτο</span> 
     </span>
     <span class='ocr_line' id='line_1_18' title="bbox 625 2001 3218 2083; baseline 0.001 -19"><span class='ocrx_word' id='word_1_142' title='bbox 625 2002 696 2064; x_wconf 81' lang='grc' dir='ltr'>δὲ</span> <span class='ocrx_word' id='word_1_143' title='bbox 744 2002 834 2066; x_wconf 83' lang='grc' dir='ltr'>ὡς</span> <span class='ocrx_word' id='word_1_144' title='bbox 878 2001 1010 2067; x_wconf 88' lang='grc' dir='ltr'>ἀπὸ</span> <span class='ocrx_word' id='word_1_145' title='bbox 1055 2003 1542 2081; x_wconf 88' lang='grc' dir='ltr'>περιςπωμένου</span> <span class='ocrx_word' id='word_1_146' title='bbox 1586 2002 1845 2077; x_wconf 84' lang='grc' dir='ltr'>ἐγένετο</span> <span class='ocrx_word' id='word_1_147' title='bbox 1893 2006 2141 2082; x_wconf 87' lang='grc' dir='ltr'>βοςκῶ</span> <span class='ocrx_word' id='word_1_148' title='bbox 2190 2001 2487 2083; x_wconf 88' lang='grc' dir='ltr'>βοςκήςω.</span> <span class='ocrx_word' id='word_1_149' title='bbox 2588 2003 2663 2066; x_wconf 86' lang='grc' dir='ltr'>τὸ</span> <span class='ocrx_word' id='word_1_150' title='bbox 2719 2001 2935 2080; x_wconf 85' lang='grc' dir='ltr'>μέντοι</span> <span class='ocrx_word' id='word_1_151' title='bbox 2981 2008 3218 2067; x_wconf 87' lang='grc' dir='ltr'>διςκῶ</span> 
     </span>
     <span class='ocr_line' id='line_1_19' title="bbox 624 2102 3219 2185; baseline 0.001 -20"><span class='ocrx_word' id='word_1_152' title='bbox 624 2103 728 2166; x_wconf 88' lang='grc' dir='ltr'>καὶ</span> <span class='ocrx_word' id='word_1_153' title='bbox 770 2102 976 2172; x_wconf 81' lang='grc' dir='ltr'>ἀςκῶ</span> <span class='ocrx_word' id='word_1_154' title='bbox 1020 2103 1124 2166; x_wconf 85' lang='grc' dir='ltr'>καὶ</span> <span class='ocrx_word' id='word_1_155' title='bbox 1168 2107 1458 2167; x_wconf 83' lang='grc' dir='ltr'>διαςκῶ</span> <span class='ocrx_word' id='word_1_156' title='bbox 1514 2103 1730 2183; x_wconf 83' lang='grc' dir='ltr'>ἔχουςι</span> <span class='ocrx_word' id='word_1_157' title='bbox 1774 2105 1851 2169; x_wconf 88' lang='grc' dir='ltr'>τὸ</span> <span class='ocrx_word' id='word_1_158' title='bbox 1897 2103 2104 2168; x_wconf 88' lang='grc' dir='ltr'>δίςκος</span> <span class='ocrx_word' id='word_1_159' title='bbox 2148 2104 2250 2167; x_wconf 84' lang='grc' dir='ltr'>καὶ</span> <span class='ocrx_word' id='word_1_160' title='bbox 2294 2102 2512 2185; x_wconf 78' lang='grc' dir='ltr'>ἀςκόε,</span> <span class='ocrx_word' id='word_1_161' title='bbox 2569 2104 2671 2167; x_wconf 89' lang='grc' dir='ltr'>καὶ</span> <span class='ocrx_word' id='word_1_162' title='bbox 2725 2103 2802 2167; x_wconf 88' lang='grc' dir='ltr'>τὸ</span> <span class='ocrx_word' id='word_1_163' title='bbox 2849 2108 3095 2184; x_wconf 87' lang='grc' dir='ltr'>βοςκῶ</span> <span class='ocrx_word' id='word_1_164' title='bbox 3139 2106 3219 2168; x_wconf 91' lang='grc' dir='ltr'>τὸ</span> 
     </span>
     <span class='ocr_line' id='line_1_20' title="bbox 625 2203 2848 2286; baseline -0 -17"><span class='ocrx_word' id='word_1_165' title='bbox 625 2204 852 2282; x_wconf 90' lang='grc' dir='ltr'>βοςκός</span> <span class='ocrx_word' id='word_1_166' title='bbox 895 2205 998 2269; x_wconf 88' lang='grc' dir='ltr'>καὶ</span> <span class='ocrx_word' id='word_1_167' title='bbox 1040 2203 1506 2284; x_wconf 80' lang='grc' dir='ltr'>ἱπποβοςκῶ</span> <span class='ocrx_word' id='word_1_168' title='bbox 1552 2205 1957 2286; x_wconf 84' lang='grc' dir='ltr'>ἱπποβοςκός.</span> <span class='ocrx_word' id='word_1_169' title='bbox 2845 2226 2848 2229; x_wconf 63' lang='grc'><em>’</em></span> 
     </span>
    </p>

    <p class='ocr_par' dir='ltr' id='par_1_10' title="bbox 789 2305 3218 2389">
     <span class='ocr_line' id='line_1_21' title="bbox 789 2305 3218 2389; baseline 0 -18"><span class='ocrx_word' id='word_1_170' title='bbox 789 2306 885 2371; x_wconf 88' lang='grc' dir='ltr'>Τὰ</span> <span class='ocrx_word' id='word_1_171' title='bbox 929 2305 1018 2371; x_wconf 85' lang='grc' dir='ltr'>εἰς</span> <span class='ocrx_word' id='word_1_172' title='bbox 1058 2308 1193 2375; x_wconf 58' lang='lat' dir='ltr'>ffffi</span> <span class='ocrx_word' id='word_1_173' title='bbox 1234 2308 1315 2386; x_wconf 83' lang='grc' dir='ltr'>μὴ</span> <span class='ocrx_word' id='word_1_174' title='bbox 1359 2307 1509 2385; x_wconf 83' lang='grc' dir='ltr'>παρ’</span> <span class='ocrx_word' id='word_1_175' title='bbox 1538 2307 1747 2387; x_wconf 86' lang='grc' dir='ltr'>ὄνομα</span> <span class='ocrx_word' id='word_1_176' title='bbox 1775 2307 2082 2386; x_wconf 90' lang='grc' dir='ltr'>γινόμενα</span> <span class='ocrx_word' id='word_1_177' title='bbox 2127 2306 2495 2389; x_wconf 83' lang='grc' dir='ltr'>βαρύνεται,</span> <span class='ocrx_word' id='word_1_178' title='bbox 2539 2306 2801 2389; x_wconf 82' lang='grc' dir='ltr'>τίκτω,</span> <span class='ocrx_word' id='word_1_179' title='bbox 2846 2306 3105 2370; x_wconf 88' lang='grc' dir='ltr'>πέκτω</span> <span class='ocrx_word' id='word_1_180' title='bbox 3138 2308 3218 2372; x_wconf 87' lang='grc' dir='ltr'>τὸ</span> 
     </span>
    </p>

    <p class='ocr_par' dir='ltr' id='par_1_11' title="bbox 519 2407 3218 2594">
     <span class='ocr_line' id='line_1_22' title="bbox 519 2407 3218 2491; baseline 0.003 -26"><span class='ocrx_word' id='word_1_181' title='bbox 519 2413 588 2465; x_wconf 83' lang='lat'>20</span> <span class='ocrx_word' id='word_1_182' title='bbox 624 2408 899 2474; x_wconf 86' lang='grc' dir='ltr'>κτενίζω.</span> <span class='ocrx_word' id='word_1_183' title='bbox 974 2410 1052 2472; x_wconf 85' lang='grc' dir='ltr'>τὰ</span> <span class='ocrx_word' id='word_1_184' title='bbox 1098 2411 1169 2474; x_wconf 79' lang='grc' dir='ltr'>δὲ</span> <span class='ocrx_word' id='word_1_185' title='bbox 1214 2409 1662 2488; x_wconf 85' lang='grc' dir='ltr'>περιςπώμενα</span> <span class='ocrx_word' id='word_1_186' title='bbox 1705 2408 1962 2488; x_wconf 84' lang='grc' dir='ltr'>ἔχουςιν</span> <span class='ocrx_word' id='word_1_187' title='bbox 2007 2408 2249 2491; x_wconf 86' lang='grc' dir='ltr'>ὄνομα,</span> <span class='ocrx_word' id='word_1_188' title='bbox 2295 2407 2596 2474; x_wconf 89' lang='grc' dir='ltr'>εὔτακτος</span> <span class='ocrx_word' id='word_1_189' title='bbox 2642 2407 3017 2491; x_wconf 85' lang='grc' dir='ltr'>εὐτακτῶ,</span> <span class='ocrx_word' id='word_1_190' title='bbox 3062 2407 3218 2472; x_wconf 86' lang='grc' dir='ltr'>ἄτα-</span> 
     </span>
     <span class='ocr_line' id='line_1_23' title="bbox 618 2507 3214 2594; baseline 0 -22"><span class='ocrx_word' id='word_1_191' title='bbox 618 2528 769 2573; x_wconf 85' lang='grc' dir='ltr'>κτος</span> <span class='ocrx_word' id='word_1_192' title='bbox 812 2508 1153 2594; x_wconf 83' lang='grc' dir='ltr'>ἀτακτῶ,</span> <span class='ocrx_word' id='word_1_193' title='bbox 1200 2512 1401 2588; x_wconf 90' lang='grc' dir='ltr'>ύλακή</span> <span class='ocrx_word' id='word_1_194' title='bbox 1444 2509 1770 2574; x_wconf 85' lang='grc' dir='ltr'>ὑλακτῶ.</span> <span class='ocrx_word' id='word_1_195' title='bbox 1822 2510 2078 2575; x_wconf 90' lang='grc' dir='ltr'>τούτοις</span> <span class='ocrx_word' id='word_1_196' title='bbox 2108 2509 2502 2589; x_wconf 85' lang='grc' dir='ltr'>ἠκολούθηςε</span> <span class='ocrx_word' id='word_1_197' title='bbox 2543 2511 2645 2574; x_wconf 88' lang='grc' dir='ltr'>καὶ</span> <span class='ocrx_word' id='word_1_198' title='bbox 2672 2511 2748 2574; x_wconf 86' lang='grc' dir='ltr'>τὸ</span> <span class='ocrx_word' id='word_1_199' title='bbox 2779 2507 3214 2586; x_wconf 84' lang='grc' dir='ltr'>ἀγανακτῶ.</span> 
     </span>
    </p>

    <p class='ocr_par' dir='ltr' id='par_1_12' title="bbox 618 2609 3218 2798">
     <span class='ocr_line' id='line_1_24' title="bbox 787 2609 3215 2692; baseline 0 -18"><span class='ocrx_word' id='word_1_200' title='bbox 787 2609 882 2674; x_wconf 89' lang='grc' dir='ltr'>Τὰ</span> <span class='ocrx_word' id='word_1_201' title='bbox 926 2610 1016 2675; x_wconf 81' lang='grc' dir='ltr'>εἰς</span> <span class='ocrx_word' id='word_1_202' title='bbox 1060 2614 1156 2690; x_wconf 59' lang='lat' dir='ltr'>iffi</span> <span class='ocrx_word' id='word_1_203' title='bbox 1203 2611 1547 2691; x_wconf 90' lang='grc' dir='ltr'>διςύλλαβα</span> <span class='ocrx_word' id='word_1_204' title='bbox 1600 2609 1930 2690; x_wconf 89' lang='grc' dir='ltr'>ἀρχόμενα</span> <span class='ocrx_word' id='word_1_205' title='bbox 1983 2610 2117 2676; x_wconf 85' lang='grc' dir='ltr'>ἀπὸ</span> <span class='ocrx_word' id='word_1_206' title='bbox 2163 2612 2513 2692; x_wconf 86' lang='grc' dir='ltr'>ςυμφώνου</span> <span class='ocrx_word' id='word_1_207' title='bbox 2572 2611 2802 2690; x_wconf 79' lang='grc' dir='ltr'>μὴδιὰ</span> <span class='ocrx_word' id='word_1_208' title='bbox 2844 2614 2962 2676; x_wconf 85' lang='grc' dir='ltr'>τοῦ</span> <span class='ocrx_word' id='word_1_209' title='bbox 3005 2613 3045 2688; x_wconf 85' lang='grc' dir='ltr'>ἦ</span> <span class='ocrx_word' id='word_1_210' title='bbox 3090 2632 3215 2675; x_wconf 90' lang='grc' dir='ltr'>πα-</span> 
     </span>
     <span class='ocr_line' id='line_1_25' title="bbox 618 2711 3218 2798; baseline 0.001 -23"><span class='ocrx_word' id='word_1_211' title='bbox 618 2711 1026 2792; x_wconf 87' lang='grc' dir='ltr'>ραληγόμενα</span> <span class='ocrx_word' id='word_1_212' title='bbox 1080 2712 1267 2794; x_wconf 88' lang='grc' dir='ltr'>φύςει</span> <span class='ocrx_word' id='word_1_213' title='bbox 1323 2715 1528 2796; x_wconf 84' lang='grc' dir='ltr'>μακρᾷ</span> <span class='ocrx_word' id='word_1_214' title='bbox 1589 2712 1954 2794; x_wconf 88' lang='grc' dir='ltr'>βαρύνεται·</span> <span class='ocrx_word' id='word_1_215' title='bbox 2017 2712 2072 2778; x_wconf 81' lang='grc' dir='ltr'>εἰ</span> <span class='ocrx_word' id='word_1_216' title='bbox 2128 2713 2198 2779; x_wconf 90' lang='grc' dir='ltr'>δέ</span> <span class='ocrx_word' id='word_1_217' title='bbox 2261 2734 2319 2778; x_wconf 88' lang='grc' dir='ltr'>τι</span> <span class='ocrx_word' id='word_1_218' title='bbox 2375 2712 2827 2798; x_wconf 87' lang='grc' dir='ltr'>περιεςπάςθη,</span> <span class='ocrx_word' id='word_1_219' title='bbox 2888 2716 3082 2778; x_wconf 83' lang='grc' dir='ltr'>τοῦτο</span> <span class='ocrx_word' id='word_1_220' title='bbox 3143 2713 3218 2778; x_wconf 80' lang='grc' dir='ltr'>ἐκ</span> 
     </span>
    </p>
   </div>
   <div class='ocr_carea' id='block_1_4' title="bbox 616 2864 1023 2877">
    <p class='ocr_par' dir='ltr' id='par_1_13' title="bbox 616 2864 1023 2877">
     <span class='ocr_line' id='line_1_26' title="bbox 616 2864 1023 2877; baseline 0 2669"><span class='ocrx_word' id='word_1_221' title='bbox 616 2864 1023 2877; x_wconf 95' lang='lat' dir='ltr'> </span> 
     </span>
    </p>
   </div>
   <div class='ocr_carea' id='block_1_5' title="bbox 604 2975 3214 4484">
    <p class='ocr_par' dir='ltr' id='par_1_14' title="bbox 604 2975 3214 4484">
     <span class='ocr_line' id='line_1_27' title="bbox 784 2975 3214 3053; baseline 0.001 -20"><span class='ocrx_word' id='word_1_222' title='bbox 784 2984 822 3034; x_wconf 88' lang='lat'>1.</span> <span class='ocrx_word' id='word_1_223' title='bbox 869 2990 902 3038; x_wconf 83' lang='lat'><strong>3</strong></span> <span class='ocrx_word' id='word_1_224' title='bbox 946 2983 1081 3038; x_wconf 84' lang='grc' dir='ltr'>ὅθεν</span> <span class='ocrx_word' id='word_1_225' title='bbox 1135 2984 1338 3038; x_wconf 84' lang='grc' dir='ltr'>ἔδακον</span> <span class='ocrx_word' id='word_1_226' title='bbox 1385 2986 1617 3053; x_wconf 83' lang='lat' dir='ltr'><strong>apposui</strong></span> <span class='ocrx_word' id='word_1_227' title='bbox 1665 3002 1733 3036; x_wconf 81' lang='lat' dir='ltr'>ex</span> <span class='ocrx_word' id='word_1_228' title='bbox 1778 2987 2003 3037; x_wconf 80' lang='lat' dir='ltr'><strong>Lascar.</strong></span> <span class='ocrx_word' id='word_1_229' title='bbox 2051 2987 2175 3045; x_wconf 84' lang='grc'>167,</span> <span class='ocrx_word' id='word_1_230' title='bbox 2220 2987 2304 3035; x_wconf 77' lang='lat'>26.</span> <span class='ocrx_word' id='word_1_231' title='bbox 2487 2985 2522 3035; x_wconf 92' lang='lat' dir='ltr'>l.</span> <span class='ocrx_word' id='word_1_232' title='bbox 2565 2975 2599 3034; x_wconf 71' lang='grc'>4</span> <span class='ocrx_word' id='word_1_233' title='bbox 2644 2986 2806 3049; x_wconf 83' lang='grc' dir='ltr'>μηκῶ</span> <span class='ocrx_word' id='word_1_234' title='bbox 2852 3001 2919 3035; x_wconf 80' lang='lat' dir='ltr'>ex</span> <span class='ocrx_word' id='word_1_235' title='bbox 2963 2985 3214 3050; x_wconf 84' lang='lat' dir='ltr'><strong>Theogn.</strong></span> 
     </span>
     <span class='ocr_line' id='line_1_28' title="bbox 617 3052 3213 3120; baseline 0.001 -19"><span class='ocrx_word' id='word_1_236' title='bbox 617 3055 738 3117; x_wconf 84' lang='lat'>139,</span> <span class='ocrx_word' id='word_1_237' title='bbox 779 3055 827 3107; x_wconf 81' lang='lat'>⁷.</span> <span class='ocrx_word' id='word_1_238' title='bbox 1033 3056 1071 3104; x_wconf 85' lang='lat' dir='ltr'>l.</span> <span class='ocrx_word' id='word_1_239' title='bbox 1109 3058 1140 3104; x_wconf 88' lang='grc'>6</span> <span class='ocrx_word' id='word_1_240' title='bbox 1178 3055 1381 3118; x_wconf 83' lang='grc' dir='ltr'>φαλκῶ</span> <span class='ocrx_word' id='word_1_241' title='bbox 1424 3070 1523 3120; x_wconf 84' lang='lat' dir='ltr'>pro</span> <span class='ocrx_word' id='word_1_242' title='bbox 1569 3054 1756 3105; x_wconf 82' lang='grc' dir='ltr'>ςαλκῶ</span> <span class='ocrx_word' id='word_1_243' title='bbox 1796 3054 2114 3105; x_wconf 79' lang='lat' dir='ltr'><strong>emendavit</strong></span> <span class='ocrx_word' id='word_1_244' title='bbox 2148 3054 2286 3104; x_wconf 90' lang='lat' dir='ltr'>Lob.</span> <span class='ocrx_word' id='word_1_245' title='bbox 2324 3053 2516 3104; x_wconf 78' lang='lat' dir='ltr'>Rhem-</span> <span class='ocrx_word' id='word_1_246' title='bbox 2555 3055 2648 3116; x_wconf 76' lang='lat'>57,</span> <span class='ocrx_word' id='word_1_247' title='bbox 2694 3052 2941 3104; x_wconf 78' lang='lat' dir='ltr'>Dindorf</span> <span class='ocrx_word' id='word_1_248' title='bbox 2971 3054 3028 3103; x_wconf 83' lang='lat' dir='ltr'>in</span> <span class='ocrx_word' id='word_1_249' title='bbox 3063 3053 3213 3103; x_wconf 81' lang='lat' dir='ltr'>&#39;rhe-</span> 
     </span>
     <span class='ocr_line' id='line_1_29' title="bbox 614 3120 3211 3186; baseline 0.001 -18"><span class='ocrx_word' id='word_1_250' title='bbox 614 3135 759 3170; x_wconf 81' lang='lat' dir='ltr'><strong>saur.</strong></span> <span class='ocrx_word' id='word_1_251' title='bbox 804 3121 995 3184; x_wconf 86' lang='grc' dir='ltr'>χαλκῶ</span> <span class='ocrx_word' id='word_1_252' title='bbox 1068 3123 1308 3185; x_wconf 83' lang='lat' dir='ltr'><strong>Iacobi),</strong></span> <span class='ocrx_word' id='word_1_253' title='bbox 1354 3122 1509 3173; x_wconf 85' lang='grc' dir='ltr'>κυκῶ</span> <span class='ocrx_word' id='word_1_254' title='bbox 1544 3150 1609 3157; x_wconf 93' lang='grc'>-</span> <span class='ocrx_word' id='word_1_255' title='bbox 1650 3122 1904 3186; x_wconf 87' lang='grc' dir='ltr'>παροικῶ</span> <span class='ocrx_word' id='word_1_256' title='bbox 1954 3125 2310 3172; x_wconf 78' lang='lat' dir='ltr'><strong>accesserunt</strong></span> <span class='ocrx_word' id='word_1_257' title='bbox 2354 3137 2422 3170; x_wconf 83' lang='lat' dir='ltr'>ex</span> <span class='ocrx_word' id='word_1_258' title='bbox 2466 3120 2712 3185; x_wconf 81' lang='lat' dir='ltr'><strong>Theogn.</strong></span> <span class='ocrx_word' id='word_1_259' title='bbox 2762 3123 2886 3183; x_wconf 84' lang='lat'>139,</span> <span class='ocrx_word' id='word_1_260' title='bbox 2925 3123 3016 3181; x_wconf 84' lang='lat'>11,</span> <span class='ocrx_word' id='word_1_261' title='bbox 3061 3121 3211 3171; x_wconf 78' lang='lat' dir='ltr'><strong>unde</strong></span> 
     </span>
     <span class='ocr_line' id='line_1_30' title="bbox 614 3183 3208 3255; baseline 0.001 -19"><span class='ocrx_word' id='word_1_262' title='bbox 614 3187 781 3238; x_wconf 77' lang='lat' dir='ltr'><strong>etiam</strong></span> <span class='ocrx_word' id='word_1_263' title='bbox 825 3190 859 3238; x_wconf 91' lang='grc' dir='ltr'>Ι.</span> <span class='ocrx_word' id='word_1_264' title='bbox 896 3192 929 3240; x_wconf 89' lang='lat'><em>8</em></span> <span class='ocrx_word' id='word_1_265' title='bbox 973 3188 1157 3253; x_wconf 76' lang='grc' dir='ltr'>ἑρυκω</span> <span class='ocrx_word' id='word_1_266' title='bbox 1194 3191 1446 3255; x_wconf 73' lang='lat' dir='ltr'><strong>apposui.</strong></span> <span class='ocrx_word' id='word_1_267' title='bbox 1679 3190 1714 3240; x_wconf 88' lang='lat'>1.</span> <span class='ocrx_word' id='word_1_268' title='bbox 1754 3193 1785 3241; x_wconf 84' lang='lat'>9</span> <span class='ocrx_word' id='word_1_269' title='bbox 1834 3187 2052 3254; x_wconf 85' lang='grc' dir='ltr'>δράςκω</span> <span class='ocrx_word' id='word_1_270' title='bbox 2097 3189 2305 3239; x_wconf 70' lang='lat' dir='ltr'><strong>inserui</strong></span> <span class='ocrx_word' id='word_1_271' title='bbox 2349 3204 2416 3238; x_wconf 80' lang='lat' dir='ltr'>ex</span> <span class='ocrx_word' id='word_1_272' title='bbox 2460 3188 2524 3238; x_wconf 87' lang='lat'>11.</span> <span class='ocrx_word' id='word_1_273' title='bbox 2569 3189 2657 3238; x_wconf 86' lang='lat' dir='ltr'>Pr.</span> <span class='ocrx_word' id='word_1_274' title='bbox 2703 3183 2747 3236; x_wconf 95' lang='grc' dir='ltr'><strong>Λ</strong></span> <span class='ocrx_word' id='word_1_275' title='bbox 2786 3191 2883 3239; x_wconf 88' lang='grc'>799</span> <span class='ocrx_word' id='word_1_276' title='bbox 2928 3186 3208 3239; x_wconf 83' lang='grc' dir='ltr'>ῐςκοντες;</span> 
     </span>
     <span class='ocr_line' id='line_1_31' title="bbox 616 3251 3213 3322; baseline 0 -17"><span class='ocrx_word' id='word_1_277' title='bbox 616 3251 969 3320; x_wconf 77' lang='grc' dir='ltr'>Ἀρίεταρχος</span> <span class='ocrx_word' id='word_1_278' title='bbox 1013 3255 1152 3309; x_wconf 81' lang='grc' dir='ltr'>ἀξιοῖ</span> <span class='ocrx_word' id='word_1_279' title='bbox 1197 3256 1284 3309; x_wconf 87' lang='grc' dir='ltr'>διὰ</span> <span class='ocrx_word' id='word_1_280' title='bbox 1327 3258 1431 3320; x_wconf 78' lang='grc' dir='ltr'>τῆς</span> <span class='ocrx_word' id='word_1_281' title='bbox 1473 3259 1525 3308; x_wconf 63' lang='grc' dir='ltr'><em>ὃ</em></span> <span class='ocrx_word' id='word_1_282' title='bbox 1560 3256 1827 3322; x_wconf 86' lang='grc' dir='ltr'>γράφειν,</span> <span class='ocrx_word' id='word_1_283' title='bbox 1877 3256 2001 3308; x_wconf 79' lang='grc' dir='ltr'>ἐπεὶ</span> <span class='ocrx_word' id='word_1_284' title='bbox 2047 3255 2111 3307; x_wconf 81' lang='grc' dir='ltr'>ἐν</span> <span class='ocrx_word' id='word_1_285' title='bbox 2155 3253 2393 3319; x_wconf 85' lang='grc' dir='ltr'>ἑτέροις,</span> <span class='ocrx_word' id='word_1_286' title='bbox 2437 3253 2598 3320; x_wconf 91' lang='grc' dir='ltr'>φηςί,</span> <span class='ocrx_word' id='word_1_287' title='bbox 2644 3253 2714 3305; x_wconf 90' lang='grc' dir='ltr'>τὸ</span> <span class='ocrx_word' id='word_1_288' title='bbox 2761 3254 2905 3306; x_wconf 88' lang='grc' dir='ltr'>κατὰ</span> <span class='ocrx_word' id='word_1_289' title='bbox 2947 3253 3213 3319; x_wconf 86' lang='grc' dir='ltr'>διαίρεςιν</span> 
     </span>
     <span class='ocr_line' id='line_1_32' title="bbox 611 3320 3211 3390; baseline 0.001 -18"><span class='ocrx_word' id='word_1_290' title='bbox 611 3320 789 3373; x_wconf 82' lang='grc' dir='ltr'>αὐτοῦ</span> <span class='ocrx_word' id='word_1_291' title='bbox 840 3323 1067 3388; x_wconf 83' lang='grc' dir='ltr'>ὁρᾶται,</span> <span class='ocrx_word' id='word_1_292' title='bbox 1123 3324 1291 3376; x_wconf 78' lang='grc' dir='ltr'>ἑῖςκω</span> <span class='ocrx_word' id='word_1_293' title='bbox 1340 3324 1651 3388; x_wconf 87' lang='grc' dir='ltr'>λεγόμενον</span> <span class='ocrx_word' id='word_1_294' title='bbox 1687 3324 1896 3377; x_wconf 78' lang='grc' dir='ltr'>«ἑῖςκω</span> <span class='ocrx_word' id='word_1_295' title='bbox 1946 3323 2386 3390; x_wconf 74' lang='grc' dir='ltr'>πηγεςιμάλλω»</span> <span class='ocrx_word' id='word_1_296' title='bbox 2436 3324 2526 3384; x_wconf 88' lang='lat'>(11.</span> <span class='ocrx_word' id='word_1_297' title='bbox 2574 3337 2611 3385; x_wconf 91' lang='grc' dir='ltr'>γ</span> <span class='ocrx_word' id='word_1_298' title='bbox 2659 3323 2796 3386; x_wconf 90' lang='grc'>197).</span> <span class='ocrx_word' id='word_1_299' title='bbox 2861 3320 2916 3373; x_wconf 83' lang='grc' dir='ltr'>οἱ</span> <span class='ocrx_word' id='word_1_300' title='bbox 2957 3322 3019 3374; x_wconf 81' lang='grc' dir='ltr'>δὲ</span> <span class='ocrx_word' id='word_1_301' title='bbox 3075 3323 3211 3388; x_wconf 78' lang='grc' dir='ltr'>περὶ</span> 
     </span>
     <span class='ocr_line' id='line_1_33' title="bbox 611 3374 3210 3456; baseline 0.001 -17"><span class='ocrx_word' id='word_1_302' title='bbox 611 3388 718 3440; x_wconf 90' lang='grc' dir='ltr'>τὸν</span> <span class='ocrx_word' id='word_1_303' title='bbox 766 3389 1068 3443; x_wconf 83' lang='grc' dir='ltr'>Ἀλεξίωνα</span> <span class='ocrx_word' id='word_1_304' title='bbox 1113 3391 1202 3444; x_wconf 87' lang='grc' dir='ltr'>διὰ</span> <span class='ocrx_word' id='word_1_305' title='bbox 1244 3394 1348 3443; x_wconf 81' lang='grc' dir='ltr'>τοί)</span> <span class='ocrx_word' id='word_1_306' title='bbox 1394 3397 1423 3445; x_wconf 86' lang='grc' dir='ltr'>ἶ</span> <span class='ocrx_word' id='word_1_307' title='bbox 1459 3393 1636 3456; x_wconf 87' lang='grc' dir='ltr'>μόνου</span> <span class='ocrx_word' id='word_1_308' title='bbox 1682 3391 2139 3456; x_wconf 87' lang='grc' dir='ltr'>ςυνεςταλμένου.</span> <span class='ocrx_word' id='word_1_309' title='bbox 2193 3374 2349 3454; x_wconf 82' lang='grc' dir='ltr'>κάγὼ</span> <span class='ocrx_word' id='word_1_310' title='bbox 2395 3390 2457 3442; x_wconf 81' lang='grc' dir='ltr'>δὲ</span> <span class='ocrx_word' id='word_1_311' title='bbox 2501 3389 2693 3442; x_wconf 82' lang='grc' dir='ltr'>αὐτοῖς</span> <span class='ocrx_word' id='word_1_312' title='bbox 2742 3387 3210 3454; x_wconf 83' lang='grc' dir='ltr'>ςυγκατατίθεμαι</span> 
     </span>
     <span class='ocr_line' id='line_1_34' title="bbox 610 3456 3211 3526; baseline 0.001 -20"><span class='ocrx_word' id='word_1_313' title='bbox 610 3456 681 3507; x_wconf 90' lang='grc' dir='ltr'>τὸ</span> <span class='ocrx_word' id='word_1_314' title='bbox 727 3459 801 3523; x_wconf 88' lang='grc' dir='ltr'>μὴ</span> <span class='ocrx_word' id='word_1_315' title='bbox 848 3458 1110 3512; x_wconf 86' lang='grc' dir='ltr'>δύναςθαι</span> <span class='ocrx_word' id='word_1_316' title='bbox 1154 3459 1227 3511; x_wconf 85' lang='grc' dir='ltr'>τὰ</span> <span class='ocrx_word' id='word_1_317' title='bbox 1270 3463 1506 3513; x_wconf 84' lang='grc' dir='ltr'>τοιαῦτα</span> <span class='ocrx_word' id='word_1_318' title='bbox 1550 3459 1850 3526; x_wconf 84' lang='grc' dir='ltr'>ῥημάτων,</span> <span class='ocrx_word' id='word_1_319' title='bbox 1874 3459 2047 3523; x_wconf 84' lang='grc' dir='ltr'>,λέγω</span> <span class='ocrx_word' id='word_1_320' title='bbox 2093 3458 2154 3511; x_wconf 84' lang='grc' dir='ltr'>δὲ</span> <span class='ocrx_word' id='word_1_321' title='bbox 2196 3458 2269 3510; x_wconf 89' lang='grc' dir='ltr'>τὰ</span> <span class='ocrx_word' id='word_1_322' title='bbox 2311 3458 2400 3511; x_wconf 88' lang='grc' dir='ltr'>διὰ</span> <span class='ocrx_word' id='word_1_323' title='bbox 2442 3461 2546 3510; x_wconf 80' lang='grc' dir='ltr'>τοῦ</span> <span class='ocrx_word' id='word_1_324' title='bbox 2581 3463 2729 3523; x_wconf 56' lang='lat' dir='ltr'>iim,</span> <span class='ocrx_word' id='word_1_325' title='bbox 2777 3457 2929 3521; x_wconf 81' lang='grc' dir='ltr'>ἔχειν</span> <span class='ocrx_word' id='word_1_326' title='bbox 2973 3457 3085 3522; x_wconf 90' lang='grc' dir='ltr'>πρὸ</span> <span class='ocrx_word' id='word_1_327' title='bbox 3121 3458 3211 3509; x_wconf 80' lang='grc' dir='ltr'>τέ-</span> 
     </span>
     <span class='ocr_line' id='line_1_35' title="bbox 611 3523 3209 3594; baseline 0.001 -20"><span class='ocrx_word' id='word_1_328' title='bbox 611 3524 744 3576; x_wconf 88' lang='grc' dir='ltr'>λους</span> <span class='ocrx_word' id='word_1_329' title='bbox 780 3523 1090 3591; x_wconf 78' lang='grc' dir='ltr'>δίφθογγον</span> <span class='ocrx_word' id='word_1_330' title='bbox 1126 3527 1602 3594; x_wconf 82' lang='grc' dir='ltr'>ἐκφωνουμένην,</span> <span class='ocrx_word' id='word_1_331' title='bbox 1648 3528 1737 3580; x_wconf 83' lang='grc' dir='ltr'>ὅτι</span> <span class='ocrx_word' id='word_1_332' title='bbox 1784 3529 1860 3593; x_wconf 87' lang='grc' dir='ltr'>μὴ</span> <span class='ocrx_word' id='word_1_333' title='bbox 1908 3526 1996 3580; x_wconf 89' lang='grc' dir='ltr'>διὰ</span> <span class='ocrx_word' id='word_1_334' title='bbox 2039 3529 2143 3578; x_wconf 85' lang='grc' dir='ltr'>τοο</span> <span class='ocrx_word' id='word_1_335' title='bbox 2180 3529 2243 3590; x_wconf 69' lang='lat' dir='ltr'>U,</span> <span class='ocrx_word' id='word_1_336' title='bbox 2291 3525 2607 3590; x_wconf 90' lang='grc' dir='ltr'>πιφαύςκω.</span> <span class='ocrx_word' id='word_1_337' title='bbox 2667 3526 2700 3578; x_wconf 84' lang='grc' dir='ltr'>ὁ</span> <span class='ocrx_word' id='word_1_338' title='bbox 2743 3525 2806 3577; x_wconf 82' lang='grc' dir='ltr'>δὲ</span> <span class='ocrx_word' id='word_1_339' title='bbox 2850 3524 3018 3589; x_wconf 88' lang='grc' dir='ltr'>λόγος</span> <span class='ocrx_word' id='word_1_340' title='bbox 3066 3539 3209 3591; x_wconf 84' lang='grc' dir='ltr'>παρ-</span> 
     </span>
     <span class='ocr_line' id='line_1_36' title="bbox 609 3592 3207 3659; baseline 0.001 -17"><span class='ocrx_word' id='word_1_341' title='bbox 609 3596 844 3644; x_wconf 85' lang='grc' dir='ltr'>αιτεῑται</span> <span class='ocrx_word' id='word_1_342' title='bbox 886 3595 995 3659; x_wconf 86' lang='grc' dir='ltr'>τὴν</span> <span class='ocrx_word' id='word_1_343' title='bbox 1042 3593 1270 3648; x_wconf 76' lang='grc' dir='ltr'>Αἰολίδα</span> <span class='ocrx_word' id='word_1_344' title='bbox 1314 3594 1610 3648; x_wconf 86' lang='grc' dir='ltr'>διάλεκτον</span> <span class='ocrx_word' id='word_1_345' title='bbox 1653 3596 1742 3648; x_wconf 84' lang='grc' dir='ltr'>διὰ</span> <span class='ocrx_word' id='word_1_346' title='bbox 1798 3596 1871 3647; x_wconf 89' lang='grc' dir='ltr'>τὸ</span> <span class='ocrx_word' id='word_1_347' title='bbox 1918 3592 2224 3659; x_wconf 83' lang='grc' dir='ltr'>μιμναίςκω</span> <span class='ocrx_word' id='word_1_348' title='bbox 2269 3593 2361 3645; x_wconf 78' lang='grc' dir='ltr'>καὶ</span> <span class='ocrx_word' id='word_1_349' title='bbox 2415 3592 2660 3646; x_wconf 85' lang='grc' dir='ltr'>θναίςκω</span> <span class='ocrx_word' id='word_1_350' title='bbox 2706 3592 2852 3645; x_wconf 80' lang='grc' dir='ltr'>ὥςτε</span> <span class='ocrx_word' id='word_1_351' title='bbox 2907 3593 3005 3645; x_wconf 84' lang='grc' dir='ltr'>ὅτε</span> <span class='ocrx_word' id='word_1_352' title='bbox 3052 3592 3207 3656; x_wconf 82' lang='grc' dir='ltr'>λέγει</span> 
     </span>
     <span class='ocr_line' id='line_1_37' title="bbox 611 3658 3208 3730; baseline 0.001 -21"><span class='ocrx_word' id='word_1_353' title='bbox 611 3658 780 3710; x_wconf 84' lang='grc' dir='ltr'>ἐῑςκω</span> <span class='ocrx_word' id='word_1_354' title='bbox 828 3662 971 3713; x_wconf 87' lang='grc' dir='ltr'>κατὰ</span> <span class='ocrx_word' id='word_1_355' title='bbox 1015 3660 1324 3730; x_wconf 51' lang='grc' dir='ltr'>διαίρεςιν,,</span> <span class='ocrx_word' id='word_1_356' title='bbox 1348 3662 1521 3725; x_wconf 84' lang='grc' dir='ltr'>ὑγιῶς</span> <span class='ocrx_word' id='word_1_357' title='bbox 1566 3662 1717 3715; x_wconf 84' lang='grc' dir='ltr'>πάνυ</span> <span class='ocrx_word' id='word_1_358' title='bbox 1762 3660 2169 3727; x_wconf 89' lang='grc' dir='ltr'>ἀποφαίνεται,</span> <span class='ocrx_word' id='word_1_359' title='bbox 2216 3660 2333 3724; x_wconf 78' lang='grc' dir='ltr'>εἴγε</span> <span class='ocrx_word' id='word_1_360' title='bbox 2379 3661 2533 3726; x_wconf 83' lang='grc' dir='ltr'>παρὰ</span> <span class='ocrx_word' id='word_1_361' title='bbox 2574 3661 2645 3712; x_wconf 89' lang='grc' dir='ltr'>τὸ</span> <span class='ocrx_word' id='word_1_362' title='bbox 2692 3659 2827 3713; x_wconf 82' lang='grc' dir='ltr'>εἴδω</span> <span class='ocrx_word' id='word_1_363' title='bbox 2871 3660 3208 3713; x_wconf 47' lang='grc' dir='ltr'>ἑξέπιπτειό</span> 
     </span>
     <span class='ocr_line' id='line_1_38' title="bbox 612 3726 3207 3796; baseline 0.001 -19"><span class='ocrx_word' id='word_1_364' title='bbox 612 3726 838 3790; x_wconf 87' lang='grc' dir='ltr'>μέλλων</span> <span class='ocrx_word' id='word_1_365' title='bbox 876 3728 1035 3795; x_wconf 83' lang='grc' dir='ltr'>εἴςω,</span> <span class='ocrx_word' id='word_1_366' title='bbox 1073 3730 1137 3783; x_wconf 89' lang='grc' dir='ltr'>ὃς</span> <span class='ocrx_word' id='word_1_367' title='bbox 1174 3730 1422 3796; x_wconf 82' lang='grc' dir='ltr'>ὠφειλεν</span> <span class='ocrx_word' id='word_1_368' title='bbox 1459 3729 1742 3782; x_wconf 76' lang='grc' dir='ltr'>ἐπενθέεει</span> <span class='ocrx_word' id='word_1_369' title='bbox 1765 3734 1870 3783; x_wconf 83' lang='grc' dir='ltr'>τοῦ</span> <span class='ocrx_word' id='word_1_370' title='bbox 1908 3733 1942 3783; x_wconf 69' lang='grc' dir='ltr'>ἰ</span> <span class='ocrx_word' id='word_1_371' title='bbox 1977 3732 2199 3795; x_wconf 85' lang='grc' dir='ltr'>ποιῆςαι</span> <span class='ocrx_word' id='word_1_372' title='bbox 2234 3730 2304 3781; x_wconf 89' lang='grc' dir='ltr'>τὸ</span> <span class='ocrx_word' id='word_1_373' title='bbox 2339 3727 2536 3794; x_wconf 81' lang='grc' dir='ltr'>είςκω,</span> <span class='ocrx_word' id='word_1_374' title='bbox 2572 3728 2650 3781; x_wconf 83' lang='grc' dir='ltr'>ὡς</span> <span class='ocrx_word' id='word_1_375' title='bbox 2678 3727 2897 3792; x_wconf 86' lang='grc' dir='ltr'>μεθύςω</span> <span class='ocrx_word' id='word_1_376' title='bbox 2925 3728 3207 3792; x_wconf 80' lang='grc' dir='ltr'>μεθύςκω,</span> 
     </span>
     <span class='ocr_line' id='line_1_39' title="bbox 609 3793 3206 3863; baseline 0.002 -19"><span class='ocrx_word' id='word_1_377' title='bbox 609 3793 794 3858; x_wconf 88' lang='grc' dir='ltr'>δράςω</span> <span class='ocrx_word' id='word_1_378' title='bbox 829 3794 1072 3861; x_wconf 89' lang='grc' dir='ltr'>δράςκω·</span> <span class='ocrx_word' id='word_1_379' title='bbox 1110 3797 1236 3849; x_wconf 81' lang='grc' dir='ltr'>ἀλλ’</span> <span class='ocrx_word' id='word_1_380' title='bbox 1269 3797 1391 3849; x_wconf 71' lang='grc' dir='ltr'>ἐπεὶ</span> <span class='ocrx_word' id='word_1_381' title='bbox 1428 3796 1734 3861; x_wconf 83' lang='grc' dir='ltr'>ἀνέφικτον</span> <span class='ocrx_word' id='word_1_382' title='bbox 1769 3796 1845 3863; x_wconf 82' lang='grc' dir='ltr'>ἦν</span> <span class='ocrx_word' id='word_1_383' title='bbox 1878 3800 2126 3863; x_wconf 85' lang='grc' dir='ltr'>χωρῆςαι</span> <span class='ocrx_word' id='word_1_384' title='bbox 2160 3797 2270 3862; x_wconf 86' lang='grc' dir='ltr'>τὴν</span> <span class='ocrx_word' id='word_1_385' title='bbox 2305 3797 2576 3862; x_wconf 87' lang='grc' dir='ltr'>τοιαύτην</span> <span class='ocrx_word' id='word_1_386' title='bbox 2603 3795 2913 3861; x_wconf 83' lang='grc' dir='ltr'>δίφθογγον</span> <span class='ocrx_word' id='word_1_387' title='bbox 2948 3795 3062 3861; x_wconf 85' lang='grc' dir='ltr'>πρὸ</span> <span class='ocrx_word' id='word_1_388' title='bbox 3097 3799 3206 3862; x_wconf 84' lang='grc' dir='ltr'>τῆς</span> 
     </span>
     <span class='ocr_line' id='line_1_40' title="bbox 609 3863 3206 3997; baseline -0 -14"><span class='ocrx_word' id='word_1_389' title='bbox 609 3867 749 3984; x_wconf 59' lang='grc' dir='ltr'>Ξὲἶῗς</span> <span class='ocrx_word' id='word_1_390' title='bbox 772 3864 1443 3997; x_wconf 51' lang='lat'>“2‘22‘3‘22’2352’23&#39;023‘05</span> <span class='ocrx_word' id='word_1_391' title='bbox 1458 3864 1981 3985; x_wconf 53' lang='lat' dir='ltr'>05193‘210&#39;E⁶“2‘}⁰</span> <span class='ocrx_word' id='word_1_392' title='bbox 2005 3865 2106 3984; x_wconf 55' lang='grc' dir='ltr'>ἐξ</span> <span class='ocrx_word' id='word_1_393' title='bbox 2135 3864 2211 3985; x_wconf 66' lang='lat'>⁰¹}</span> <span class='ocrx_word' id='word_1_394' title='bbox 2251 3863 3206 3996; x_wconf 56' lang='grc' dir='ltr'>ἕξρῗὲἶῖξεῖἑρῗῦπὲἓῶῖἦὶιδΐέἕξ·</span> 
     </span>
     <span class='ocr_line' id='line_1_41' title="bbox 608 3969 3202 4067; baseline 0.001 -18"><span class='ocrx_word' id='word_1_395' title='bbox 608 4007 724 4050; x_wconf 77' lang='lat' dir='ltr'>tur:</span> <span class='ocrx_word' id='word_1_396' title='bbox 762 3973 1028 4052; x_wconf 71' lang='grc' dir='ltr'>διδάςκωι</span> <span class='ocrx_word' id='word_1_397' title='bbox 1067 4000 1208 4052; x_wconf 90' lang='grc' dir='ltr'>δαίω</span> <span class='ocrx_word' id='word_1_398' title='bbox 1243 3999 1314 4051; x_wconf 87' lang='grc' dir='ltr'>τὸ</span> <span class='ocrx_word' id='word_1_399' title='bbox 1350 3997 1659 4064; x_wconf 82' lang='grc' dir='ltr'>ἐπίςταμαι.</span> <span class='ocrx_word' id='word_1_400' title='bbox 1720 4001 1753 4053; x_wconf 87' lang='grc' dir='ltr'>ὁ</span> <span class='ocrx_word' id='word_1_401' title='bbox 1791 4000 2017 4065; x_wconf 85' lang='grc' dir='ltr'>μέλλων</span> <span class='ocrx_word' id='word_1_402' title='bbox 2052 3969 2253 4063; x_wconf 59' lang='grc' dir='ltr'>δαίςω,</span> <span class='ocrx_word' id='word_1_403' title='bbox 2290 4001 2628 4067; x_wconf 81' lang='grc' dir='ltr'>πλεοναςμῷ</span> <span class='ocrx_word' id='word_1_404' title='bbox 2664 4002 2768 4051; x_wconf 83' lang='grc' dir='ltr'>τοῦ</span> <span class='ocrx_word' id='word_1_405' title='bbox 2806 4002 2840 4050; x_wconf 70' lang='grc' dir='ltr'>ι’(</span> <span class='ocrx_word' id='word_1_406' title='bbox 2874 3997 3081 4051; x_wconf 84' lang='grc' dir='ltr'>δαῐςκω</span> <span class='ocrx_word' id='word_1_407' title='bbox 3118 3998 3202 4051; x_wconf 81' lang='grc' dir='ltr'>ὡς</span> 
     </span>
     <span class='ocr_line' id='line_1_42' title="bbox 609 4066 3202 4133; baseline -0.001 -14"><span class='ocrx_word' id='word_1_408' title='bbox 609 4066 831 4130; x_wconf 87' lang='grc' dir='ltr'>μεθύςω</span> <span class='ocrx_word' id='word_1_409' title='bbox 869 4068 1127 4132; x_wconf 88' lang='grc' dir='ltr'>μεθύςκω</span> <span class='ocrx_word' id='word_1_410' title='bbox 1165 4068 1255 4119; x_wconf 86' lang='grc' dir='ltr'>καὶ</span> <span class='ocrx_word' id='word_1_411' title='bbox 1292 4068 1435 4120; x_wconf 87' lang='grc' dir='ltr'>κατὰ</span> <span class='ocrx_word' id='word_1_412' title='bbox 1470 4066 1977 4133; x_wconf 80' lang='grc' dir='ltr'>ἀναδιπλαςιαςμὸν</span> <span class='ocrx_word' id='word_1_413' title='bbox 2012 4066 2270 4120; x_wconf 88' lang='grc' dir='ltr'>διδαίςκω</span> <span class='ocrx_word' id='word_1_414' title='bbox 2307 4067 2387 4120; x_wconf 83' lang='grc' dir='ltr'>ὡς</span> <span class='ocrx_word' id='word_1_415' title='bbox 2411 4067 2614 4132; x_wconf 84' lang='grc' dir='ltr'>τρώςω</span> <span class='ocrx_word' id='word_1_416' title='bbox 2651 4067 2743 4119; x_wconf 82' lang='grc' dir='ltr'>καὶ</span> <span class='ocrx_word' id='word_1_417' title='bbox 2777 4066 3070 4131; x_wconf 87' lang='grc' dir='ltr'>τιτρώςκω</span> <span class='ocrx_word' id='word_1_418' title='bbox 3109 4066 3202 4117; x_wconf 82' lang='grc' dir='ltr'>καὶ</span> 
     </span>
     <span class='ocr_line' id='line_1_43' title="bbox 607 4133 3201 4202; baseline 0 -16"><span class='ocrx_word' id='word_1_419' title='bbox 607 4133 861 4202; x_wconf 82' lang='grc' dir='ltr'>ἀποβολῇ</span> <span class='ocrx_word' id='word_1_420' title='bbox 900 4139 1004 4188; x_wconf 83' lang='grc' dir='ltr'>τοῦ</span> <span class='ocrx_word' id='word_1_421' title='bbox 1041 4140 1075 4187; x_wconf 82' lang='grc' dir='ltr'><strong>ἴ</strong></span> <span class='ocrx_word' id='word_1_422' title='bbox 1109 4136 1364 4188; x_wconf 81' lang='grc' dir='ltr'>διδάςκω.</span> <span class='ocrx_word' id='word_1_423' title='bbox 1434 4134 1709 4188; x_wconf 83' lang='grc' dir='ltr'>οὐδέποτε</span> <span class='ocrx_word' id='word_1_424' title='bbox 1746 4136 1853 4201; x_wconf 87' lang='grc' dir='ltr'>γὰρ</span> <span class='ocrx_word' id='word_1_425' title='bbox 1898 4137 1970 4188; x_wconf 84' lang='grc' dir='ltr'>τὰ</span> <span class='ocrx_word' id='word_1_426' title='bbox 2015 4134 2093 4188; x_wconf 83' lang='grc' dir='ltr'>εἰς</span> <span class='ocrx_word' id='word_1_427' title='bbox 2142 4140 2223 4186; x_wconf 73' lang='grc' dir='ltr'>κῑῑι</span> <span class='ocrx_word' id='word_1_428' title='bbox 2259 4135 2486 4201; x_wconf 82' lang='grc' dir='ltr'>ῥήματα</span> <span class='ocrx_word' id='word_1_429' title='bbox 2531 4134 2691 4188; x_wconf 85' lang='grc' dir='ltr'>κοινὰ</span> <span class='ocrx_word' id='word_1_430' title='bbox 2728 4135 2871 4187; x_wconf 81' lang='grc' dir='ltr'>ὄντα</span> <span class='ocrx_word' id='word_1_431' title='bbox 2904 4133 3201 4200; x_wconf 84' lang='grc' dir='ltr'>διφθόγγῳ</span> 
     </span>
     <span class='ocr_line' id='line_1_44' title="bbox 604 4200 3203 4269; baseline -0 -16"><span class='ocrx_word' id='word_1_432' title='bbox 604 4206 677 4269; x_wconf 82' lang='grc' dir='ltr'>τῇ</span> <span class='ocrx_word' id='word_1_433' title='bbox 706 4203 794 4255; x_wconf 85' lang='grc' dir='ltr'>διὰ</span> <span class='ocrx_word' id='word_1_434' title='bbox 823 4205 927 4256; x_wconf 88' lang='grc' dir='ltr'>τοῦ</span> <span class='ocrx_word' id='word_1_435' title='bbox 952 4208 987 4257; x_wconf 86' lang='grc' dir='ltr'><strong>ῖ</strong></span> <span class='ocrx_word' id='word_1_436' title='bbox 1013 4202 1422 4269; x_wconf 83' lang='grc' dir='ltr'>παραλήγεται·</span> <span class='ocrx_word' id='word_1_437' title='bbox 1459 4203 1594 4256; x_wconf 86' lang='grc' dir='ltr'>ὅθεν</span> <span class='ocrx_word' id='word_1_438' title='bbox 1619 4203 1969 4268; x_wconf 81' lang='grc' dir='ltr'>ἐπίμεμπτος</span> <span class='ocrx_word' id='word_1_439' title='bbox 1995 4200 2350 4268; x_wconf 77' lang='grc' dir='ltr'>Ἀρίςταρχοε</span> <span class='ocrx_word' id='word_1_440' title='bbox 2373 4203 2444 4255; x_wconf 86' lang='grc' dir='ltr'>τὸ</span> <span class='ocrx_word' id='word_1_441' title='bbox 2467 4202 2563 4255; x_wconf 80' lang='grc' dir='ltr'>«εί</span> <span class='ocrx_word' id='word_1_442' title='bbox 2585 4202 2649 4255; x_wconf 86' lang='grc' dir='ltr'>κέ</span> <span class='ocrx_word' id='word_1_443' title='bbox 2674 4216 2732 4254; x_wconf 90' lang='grc' dir='ltr'>ςε</span> <span class='ocrx_word' id='word_1_444' title='bbox 2756 4206 2843 4269; x_wconf 84' lang='grc' dir='ltr'>τῷ</span> <span class='ocrx_word' id='word_1_445' title='bbox 2869 4201 3154 4254; x_wconf 83' lang='grc' dir='ltr'>είςκοντες</span> <span class='ocrx_word' id='word_1_446' title='bbox 3171 4217 3203 4252; x_wconf 79' lang='lat'><strong>»</strong></span> 
     </span>
     <span class='ocr_line' id='line_1_45' title="bbox 606 4268 3203 4337; baseline -0.001 -16"><span class='ocrx_word' id='word_1_447' title='bbox 606 4269 694 4332; x_wconf 78' lang='grc' dir='ltr'>(ΙΙ.</span> <span class='ocrx_word' id='word_1_448' title='bbox 731 4268 775 4321; x_wconf 94' lang='grc' dir='ltr'><strong>Λ</strong></span> <span class='ocrx_word' id='word_1_449' title='bbox 813 4271 931 4336; x_wconf 88' lang='grc'>799)</span> <span class='ocrx_word' id='word_1_450' title='bbox 968 4272 1057 4324; x_wconf 84' lang='grc' dir='ltr'>διὰ</span> <span class='ocrx_word' id='word_1_451' title='bbox 1092 4275 1195 4337; x_wconf 84' lang='grc' dir='ltr'>τῆς</span> <span class='ocrx_word' id='word_1_452' title='bbox 1231 4274 1283 4323; x_wconf 62' lang='grc' dir='ltr'><strong>ᾗ</strong></span> <span class='ocrx_word' id='word_1_453' title='bbox 1315 4271 1625 4336; x_wconf 85' lang='grc' dir='ltr'>διφθόγγου</span> <span class='ocrx_word' id='word_1_454' title='bbox 1659 4271 1900 4337; x_wconf 86' lang='grc' dir='ltr'>γράφων</span> <span class='ocrx_word' id='word_1_455' title='bbox 1936 4271 2061 4323; x_wconf 85' lang='grc' dir='ltr'>ἀντὶ</span> <span class='ocrx_word' id='word_1_456' title='bbox 2095 4273 2197 4336; x_wconf 84' lang='grc' dir='ltr'>τῆς</span> <span class='ocrx_word' id='word_1_457' title='bbox 2235 4270 2324 4323; x_wconf 85' lang='grc' dir='ltr'>διὰ</span> <span class='ocrx_word' id='word_1_458' title='bbox 2356 4274 2460 4323; x_wconf 80' lang='grc' dir='ltr'>τοῦ</span> <span class='ocrx_word' id='word_1_459' title='bbox 2499 4275 2544 4324; x_wconf 89' lang='grc' dir='ltr'>ῖ.</span> <span class='ocrx_word' id='word_1_460' title='bbox 2590 4270 2912 4336; x_wconf 90' lang='grc' dir='ltr'>πρόςκειται</span> <span class='ocrx_word' id='word_1_461' title='bbox 2946 4268 3203 4321; x_wconf 73' lang='grc' dir='ltr'>«κοινὰ»</span> 
     </span>
     <span class='ocr_line' id='line_1_46' title="bbox 604 4336 3202 4404; baseline -0 -15"><span class='ocrx_word' id='word_1_462' title='bbox 604 4337 693 4390; x_wconf 83' lang='grc' dir='ltr'>διὰ</span> <span class='ocrx_word' id='word_1_463' title='bbox 728 4338 800 4390; x_wconf 85' lang='grc' dir='ltr'>τὰ</span> <span class='ocrx_word' id='word_1_464' title='bbox 835 4337 1079 4391; x_wconf 83' lang='grc' dir='ltr'>Αἰολικά.</span> <span class='ocrx_word' id='word_1_465' title='bbox 1147 4338 1201 4392; x_wconf 77' lang='grc' dir='ltr'>οἱ</span> <span class='ocrx_word' id='word_1_466' title='bbox 1236 4339 1342 4404; x_wconf 83' lang='grc' dir='ltr'>γὰρ</span> <span class='ocrx_word' id='word_1_467' title='bbox 1379 4337 1599 4393; x_wconf 76' lang='grc' dir='ltr'>Αἰολεῖς</span> <span class='ocrx_word' id='word_1_468' title='bbox 1643 4337 1887 4392; x_wconf 85' lang='grc' dir='ltr'>θναίςκω</span> <span class='ocrx_word' id='word_1_469' title='bbox 1933 4339 2023 4390; x_wconf 85' lang='grc' dir='ltr'>καὶ</span> <span class='ocrx_word' id='word_1_470' title='bbox 2061 4337 2368 4401; x_wconf 89' lang='grc' dir='ltr'>μιμναίςκω</span> <span class='ocrx_word' id='word_1_471' title='bbox 2413 4339 2503 4391; x_wconf 86' lang='grc' dir='ltr'>διὰ</span> <span class='ocrx_word' id='word_1_472' title='bbox 2537 4342 2642 4404; x_wconf 88' lang='grc' dir='ltr'>τῆς</span> <span class='ocrx_word' id='word_1_473' title='bbox 2677 4342 2732 4390; x_wconf 84' lang='grc' dir='ltr'>ᾶῖ</span> <span class='ocrx_word' id='word_1_474' title='bbox 2766 4337 3076 4400; x_wconf 86' lang='grc' dir='ltr'>διφθόγγου</span> <span class='ocrx_word' id='word_1_475' title='bbox 3109 4336 3202 4388; x_wconf 82' lang='grc' dir='ltr'>λέ-</span> 
     </span>
     <span class='ocr_line' id='line_1_47' title="bbox 604 4402 3202 4484; baseline -0 -27"><span class='ocrx_word' id='word_1_476' title='bbox 604 4420 809 4468; x_wconf 90' lang='grc' dir='ltr'>γουςιν.</span> <span class='ocrx_word' id='word_1_477' title='bbox 883 4406 1225 4472; x_wconf 84' lang='grc' dir='ltr'>Ἡρωδιανὸς</span> <span class='ocrx_word' id='word_1_478' title='bbox 1270 4407 1330 4460; x_wconf 82' lang='grc' dir='ltr'>δὲ</span> <span class='ocrx_word' id='word_1_479' title='bbox 1366 4408 1540 4472; x_wconf 85' lang='grc' dir='ltr'>λέγει,</span> <span class='ocrx_word' id='word_1_480' title='bbox 1587 4406 1675 4458; x_wconf 86' lang='grc' dir='ltr'>ὅτι</span> <span class='ocrx_word' id='word_1_481' title='bbox 1712 4406 2036 4472; x_wconf 88' lang='grc' dir='ltr'>Χρύςιππός</span> <span class='ocrx_word' id='word_1_482' title='bbox 2080 4420 2214 4484; x_wconf 61' lang='grc' dir='ltr'>φη-(ι</span> <span class='ocrx_word' id='word_1_483' title='bbox 2259 4407 2412 4472; x_wconf 84' lang='grc' dir='ltr'>παρὰ</span> <span class='ocrx_word' id='word_1_484' title='bbox 2455 4406 2524 4458; x_wconf 86' lang='grc' dir='ltr'>τὸ</span> <span class='ocrx_word' id='word_1_485' title='bbox 2570 4406 2758 4458; x_wconf 85' lang='grc' dir='ltr'>ἀςκεῖν</span> <span class='ocrx_word' id='word_1_486' title='bbox 2800 4406 2871 4458; x_wconf 87' lang='grc' dir='ltr'>τὸ</span> <span class='ocrx_word' id='word_1_487' title='bbox 2910 4402 3202 4470; x_wconf 83' lang='grc' dir='ltr'>ςημαίνειν</span> 
     </span>
    </p>
   </div>
   <div class='ocr_carea' id='block_1_6' title="bbox 603 4486 3201 4690">
    <p class='ocr_par' dir='ltr' id='par_1_15' title="bbox 603 4486 3201 4690">
     <span class='ocr_line' id='line_1_48' title="bbox 603 4486 3198 4562; baseline 0 -22"><span class='ocrx_word' id='word_1_488' title='bbox 603 4489 675 4540; x_wconf 89' lang='grc' dir='ltr'>τὸ</span> <span class='ocrx_word' id='word_1_489' title='bbox 711 4489 983 4543; x_wconf 85' lang='grc' dir='ltr'>διδάςκειν</span> <span class='ocrx_word' id='word_1_490' title='bbox 1017 4506 1097 4551; x_wconf 86' lang='grc' dir='ltr'>τι,</span> <span class='ocrx_word' id='word_1_491' title='bbox 1135 4491 1288 4545; x_wconf 84' lang='grc' dir='ltr'>ἀςκῶ</span> <span class='ocrx_word' id='word_1_492' title='bbox 1325 4490 1529 4544; x_wconf 85' lang='grc' dir='ltr'>διάςκω</span> <span class='ocrx_word' id='word_1_493' title='bbox 1568 4492 1657 4543; x_wconf 79' lang='grc' dir='ltr'>καί</span> <span class='ocrx_word' id='word_1_494' title='bbox 1692 4491 1978 4544; x_wconf 84' lang='grc' dir='ltr'>ἐπενθέςει</span> <span class='ocrx_word' id='word_1_495' title='bbox 2021 4494 2125 4542; x_wconf 83' lang='grc' dir='ltr'>τοῦ</span> <span class='ocrx_word' id='word_1_496' title='bbox 2161 4493 2191 4543; x_wconf 92' lang='grc' dir='ltr'>δ</span> <span class='ocrx_word' id='word_1_497' title='bbox 2227 4490 2481 4562; x_wconf 75' lang='grc' dir='ltr'>διδάςκω.</span> <span class='ocrx_word' id='word_1_498' title='bbox 2526 4492 2655 4542; x_wconf 79' lang='lat' dir='ltr'><strong>hinc</strong></span> <span class='ocrx_word' id='word_1_499' title='bbox 2693 4492 2900 4557; x_wconf 79' lang='lat' dir='ltr'>sumpsi</span> <span class='ocrx_word' id='word_1_500' title='bbox 2935 4486 3198 4552; x_wconf 87' lang='grc' dir='ltr'>διδάςκω,</span> 
     </span>
     <span class='ocr_line' id='line_1_49' title="bbox 603 4556 3201 4624; baseline -0.001 -15"><span class='ocrx_word' id='word_1_501' title='bbox 603 4556 867 4622; x_wconf 81' lang='grc' dir='ltr'>γηράςκω</span> <span class='ocrx_word' id='word_1_502' title='bbox 905 4576 973 4610; x_wconf 78' lang='lat' dir='ltr'>ex</span> <span class='ocrx_word' id='word_1_503' title='bbox 1000 4561 1206 4614; x_wconf 81' lang='lat' dir='ltr'><strong>Herod.</strong></span> <span class='ocrx_word' id='word_1_504' title='bbox 1243 4561 1298 4610; x_wconf 88' lang='lat' dir='ltr'>in</span> <span class='ocrx_word' id='word_1_505' title='bbox 1323 4561 1425 4614; x_wconf 86' lang='lat' dir='ltr'>An.</span> <span class='ocrx_word' id='word_1_506' title='bbox 1454 4562 1558 4613; x_wconf 82' lang='lat' dir='ltr'>Ox.</span> <span class='ocrx_word' id='word_1_507' title='bbox 1582 4562 1659 4612; x_wconf 88' lang='lat' dir='ltr'>1v</span> <span class='ocrx_word' id='word_1_508' title='bbox 1695 4562 1816 4623; x_wconf 84' lang='lat'><strong>338,</strong></span> <span class='ocrx_word' id='word_1_509' title='bbox 1854 4557 2149 4624; x_wconf 83' lang='grc' dir='ltr'>πιπράςκω</span> <span class='ocrx_word' id='word_1_510' title='bbox 2188 4577 2254 4610; x_wconf 80' lang='lat' dir='ltr'>ex</span> <span class='ocrx_word' id='word_1_511' title='bbox 2291 4560 2486 4611; x_wconf 80' lang='lat' dir='ltr'><strong>Choer.</strong></span> <span class='ocrx_word' id='word_1_512' title='bbox 2512 4562 2630 4622; x_wconf 83' lang='lat'>489,</span> <span class='ocrx_word' id='word_1_513' title='bbox 2656 4559 2738 4610; x_wconf 79' lang='lat'>26.</span> <span class='ocrx_word' id='word_1_514' title='bbox 2774 4586 2840 4594; x_wconf 82' lang='lat'>——-</span> <span class='ocrx_word' id='word_1_515' title='bbox 2876 4556 3101 4622; x_wconf 84' lang='grc' dir='ltr'>θνήςκω</span> <span class='ocrx_word' id='word_1_516' title='bbox 3127 4584 3201 4593; x_wconf 90' lang='lat'>—-</span> 
     </span>
     <span class='ocr_line' id='line_1_50' title="bbox 608 4623 3198 4690; baseline -0 -14"><span class='ocrx_word' id='word_1_517' title='bbox 608 4624 865 4688; x_wconf 84' lang='grc' dir='ltr'>μαχέςκω</span> <span class='ocrx_word' id='word_1_518' title='bbox 902 4627 1093 4677; x_wconf 78' lang='lat' dir='ltr'><strong>addita</strong></span> <span class='ocrx_word' id='word_1_519' title='bbox 1128 4645 1195 4680; x_wconf 81' lang='lat' dir='ltr'>ex</span> <span class='ocrx_word' id='word_1_520' title='bbox 1221 4628 1372 4679; x_wconf 84' lang='lat' dir='ltr'>Theo</span> <span class='ocrx_word' id='word_1_521' title='bbox 1453 4666 1466 4678; x_wconf 91' lang='lat'><strong>.</strong></span> <span class='ocrx_word' id='word_1_522' title='bbox 1495 4631 1609 4690; x_wconf 87' lang='grc'>139,</span> <span class='ocrx_word' id='word_1_523' title='bbox 1650 4631 1731 4690; x_wconf 90' lang='grc'>17,</span> <span class='ocrx_word' id='word_1_524' title='bbox 1769 4626 1936 4679; x_wconf 82' lang='grc' dir='ltr'>ἑῖςκω</span> <span class='ocrx_word' id='word_1_525' title='bbox 1975 4632 2033 4678; x_wconf 79' lang='lat' dir='ltr'>et</span> <span class='ocrx_word' id='word_1_526' title='bbox 2067 4625 2206 4679; x_wconf 80' lang='grc' dir='ltr'>ἷςκω</span> <span class='ocrx_word' id='word_1_527' title='bbox 2243 4644 2310 4678; x_wconf 81' lang='lat' dir='ltr'>ex</span> <span class='ocrx_word' id='word_1_528' title='bbox 2346 4628 2413 4678; x_wconf 89' lang='lat'>11.</span> <span class='ocrx_word' id='word_1_529' title='bbox 2431 4629 2532 4684; x_wconf 82' lang='lat' dir='ltr'>Pr.</span> <span class='ocrx_word' id='word_1_530' title='bbox 2561 4628 2596 4678; x_wconf 91' lang='lat' dir='ltr'>l.</span> <span class='ocrx_word' id='word_1_531' title='bbox 2622 4643 2668 4677; x_wconf 84' lang='lat' dir='ltr'>c.</span> <span class='ocrx_word' id='word_1_532' title='bbox 2695 4625 2947 4678; x_wconf 85' lang='grc' dir='ltr'>δειδίςκω</span> <span class='ocrx_word' id='word_1_533' title='bbox 2972 4652 3038 4661; x_wconf 91' lang='lat'><em>-</em></span> <span class='ocrx_word' id='word_1_534' title='bbox 3061 4623 3198 4688; x_wconf 84' lang='grc' dir='ltr'>ἀρα-</span> 
     </span>
    </p>
   </div>
   <div class='ocr_carea' id='block_1_7' title="bbox 3587 2979 3599 3651">
    <p class='ocr_par' dir='ltr' id='par_1_16' title="bbox 3587 2979 3599 3651">
     <span class='ocr_line' id='line_1_51' title="bbox 3587 2979 3599 3651; baseline 0 0"><span class='ocrx_word' id='word_1_535' title='bbox 3587 2979 3599 3651; x_wconf 95' lang='lat' dir='ltr'> </span> 
     </span>
    </p>
   </div>
   <div class='ocr_carea' id='block_1_8' title="bbox 3581 2979 3598 3975">
    <p class='ocr_par' dir='ltr' id='par_1_17' title="bbox 3581 2979 3598 3975">
     <span class='ocr_line' id='line_1_52' title="bbox 3581 2979 3598 3975; baseline 0 0"><span class='ocrx_word' id='word_1_536' title='bbox 3581 2979 3598 3975; x_wconf 95' lang='lat' dir='ltr'> </span> 
     </span>
    </p>
   </div>
   <div class='ocr_carea' id='block_1_9' title="bbox 605 4689 3314 4760">
    <p class='ocr_par' dir='ltr' id='par_1_18' title="bbox 605 4689 3314 4760">
     <span class='ocr_line' id='line_1_53' title="bbox 605 4689 3314 4760; baseline 0.001 -19"><span class='ocrx_word' id='word_1_537' title='bbox 605 4689 775 4753; x_wconf 85' lang='grc' dir='ltr'>ρίςκω</span> <span class='ocrx_word' id='word_1_538' title='bbox 821 4710 887 4743; x_wconf 81' lang='lat' dir='ltr'>ex</span> <span class='ocrx_word' id='word_1_539' title='bbox 921 4695 1191 4758; x_wconf 67' lang='lat' dir='ltr'>Theogn„</span> <span class='ocrx_word' id='word_1_540' title='bbox 1239 4709 1367 4759; x_wconf 85' lang='grc' dir='ltr'>ςτερ</span> <span class='ocrx_word' id='word_1_541' title='bbox 1390 4710 1504 4746; x_wconf 91' lang='grc' dir='ltr'>ςκω</span> <span class='ocrx_word' id='word_1_542' title='bbox 1552 4712 1617 4746; x_wconf 79' lang='lat' dir='ltr'>ex</span> <span class='ocrx_word' id='word_1_543' title='bbox 1656 4696 1854 4748; x_wconf 81' lang='lat' dir='ltr'><strong>Choer.</strong></span> <span class='ocrx_word' id='word_1_544' title='bbox 1903 4695 1939 4749; x_wconf 88' lang='lat'>1.</span> <span class='ocrx_word' id='word_1_545' title='bbox 1977 4712 2050 4755; x_wconf 86' lang='lat' dir='ltr'>c.‚</span> <span class='ocrx_word' id='word_1_546' title='bbox 2098 4693 2355 4759; x_wconf 87' lang='grc' dir='ltr'>μεθύςκω</span> <span class='ocrx_word' id='word_1_547' title='bbox 2393 4711 2460 4745; x_wconf 84' lang='lat' dir='ltr'>ex</span> <span class='ocrx_word' id='word_1_548' title='bbox 2497 4695 2561 4748; x_wconf 84' lang='grc' dir='ltr'>ΙΙ.</span> <span class='ocrx_word' id='word_1_549' title='bbox 2598 4695 2688 4745; x_wconf 86' lang='lat' dir='ltr'>Pr.</span> <span class='ocrx_word' id='word_1_550' title='bbox 2723 4721 2791 4732; x_wconf 92' lang='lat'>—</span> <span class='ocrx_word' id='word_1_551' title='bbox 2836 4698 2960 4760; x_wconf 77' lang='lat' dir='ltr'>post</span> <span class='ocrx_word' id='word_1_552' title='bbox 3004 4690 3199 4756; x_wconf 82' lang='grc' dir='ltr'>βόςκω</span> <span class='ocrx_word' id='word_1_553' title='bbox 3301 4745 3314 4750; x_wconf 75' lang='grc'>,</span> 
     </span>
    </p>
   </div>
   <div class='ocr_carea' id='block_1_10' title="bbox 605 4760 3201 4828">
    <p class='ocr_par' dir='ltr' id='par_1_19' title="bbox 605 4760 3201 4828">
     <span class='ocr_line' id='line_1_54' title="bbox 605 4760 3201 4828; baseline 0.002 -21"><span class='ocrx_word' id='word_1_554' title='bbox 605 4761 837 4822; x_wconf 80' lang='lat' dir='ltr'>apposui</span> <span class='ocrx_word' id='word_1_555' title='bbox 862 4760 1114 4824; x_wconf 87' lang='grc' dir='ltr'>βοςκήςω</span> <span class='ocrx_word' id='word_1_556' title='bbox 1141 4767 1197 4812; x_wconf 83' lang='lat' dir='ltr'>et</span> <span class='ocrx_word' id='word_1_557' title='bbox 1222 4779 1317 4827; x_wconf 87' lang='lat' dir='ltr'>pro</span> <span class='ocrx_word' id='word_1_558' title='bbox 1345 4763 1433 4813; x_wconf 86' lang='grc' dir='ltr'>καὶ</span> <span class='ocrx_word' id='word_1_559' title='bbox 1458 4762 1573 4814; x_wconf 86' lang='grc' dir='ltr'>ἀπὸ</span> <span class='ocrx_word' id='word_1_560' title='bbox 1599 4762 2032 4827; x_wconf 83' lang='grc' dir='ltr'>περιςπωμένου</span> <span class='ocrx_word' id='word_1_561' title='bbox 2058 4764 2255 4828; x_wconf 80' lang='lat' dir='ltr'><strong>scripsi</strong></span> <span class='ocrx_word' id='word_1_562' title='bbox 2280 4761 2386 4825; x_wconf 82' lang='grc' dir='ltr'>ώς;</span> <span class='ocrx_word' id='word_1_563' title='bbox 2422 4764 2686 4815; x_wconf 79' lang='lat' dir='ltr'><strong>Lascaris</strong></span> <span class='ocrx_word' id='word_1_564' title='bbox 2710 4764 2880 4814; x_wconf 82' lang='lat' dir='ltr'><strong>etiam</strong></span> <span class='ocrx_word' id='word_1_565' title='bbox 2903 4761 2991 4811; x_wconf 81' lang='lat' dir='ltr'>hie</span> <span class='ocrx_word' id='word_1_566' title='bbox 3019 4761 3137 4825; x_wconf 80' lang='lat'>168,</span> <span class='ocrx_word' id='word_1_567' title='bbox 3165 4764 3201 4812; x_wconf 78' lang='lat'>2</span> 
     </span>
    </p>
   </div>
  </div>
 </body>
</html>
