3664 5546
1150 376 1316 438 ’ΠΕΡΙ
1358 382 1750 438 ΚΑΘΟΛΙΚΗ(
1787 382 2211 439 ΠΡΟΕΩιΔΙΑ(
2252 384 2328 437 ΙΑ.
2915 383 3041 449 263

449 561 759 639 ςπεῖρα,
805 557 1077 635 ςτεῖρά
1120 556 1159 636 ἡ
1205 556 1286 635 μὴ
1331 554 1626 621 τίκτουςα
1668 554 1771 623 καὶ
1812 556 1889 619 τὸ
1935 554 2127 634 μέρος
2171 559 2282 634 τῆς
2338 554 2554 639 νεώςῑ
2593 558 2818 634 Ζεῖρα
2863 555 3041 622 εἶδος

447 664 752 741 χιτῶνος,
776 657 860 753 ὀἱ
905 659 977 724 δὲ
1021 657 1245 735 ζώνης.

614 779 653 816 ιι
702 760 794 825 Τὰ
839 759 928 826 εἰς
971 763 1055 838 ’ρᾶ
1096 765 1174 842 τῇ
1218 763 1271 823 ᾗ
1319 758 1651 842 διφθόγγῳ
1696 759 1734 837 ἢ
1780 761 1813 821 ἶ
1864 764 2083 843 μακρῷ
2138 760 2639 840 παραληγόμενα
2697 758 3041 840 διςύλλαβα

447 862 771 946 ὀξύνεται,
837 861 1009 940 εἰρά
1073 862 1111 940 ἢ
1171 860 1295 939 ἰρά
1351 860 1390 938 ἡ
1449 860 1738 939 ἐκκληςία
1795 858 2099 925 ὡςαύτως
2142 861 2245 924 καὶ
2288 861 2431 939 Ἰρά
2485 859 2642 939 ὄρος
2689 860 3036 940 Μεςςήνης.

448 964 698 1031 Ῥιανὸς
745 964 814 1029 ἐν
863 963 1311 1041 Μεςςηνιακῶν
1357 961 1612 1044 πρώτῳ.
1700 961 1828 1026 ἔςτι
1873 962 1976 1025 καὶ
2029 961 2215 1028 πόλις
2273 961 2575 1027 Μαλιέων
2632 962 2736 1026 καὶ
2776 963 3034 1043 Λέςβου.
3079 974 3112 1026 5

444 1067 548 1133 καὶ
576 1067 615 1145 ἡ
645 1067 805 1144 παρ’
835 1065 1092 1148 Ὁμήρῳ
1127 1090 1151 1121 «
1171 1064 1587 1142 Καρδαμύλην
1618 1063 1684 1127 τ’
1714 1062 1986 1142 Ἐνόπην
2017 1083 2087 1127 τε
2116 1063 2221 1127 καὶ
2249 1062 2409 1142 Ἰρήν
2429 1088 2453 1119 »
2486 1061 2551 1145 (Ι
2587 1062 2752 1143 150).
2821 1063 2934 1128 εἰςὶ
2967 1065 3040 1129 δὲ

445 1169 511 1233 οἳ
540 1168 924 1249 βαρύνουςιν
954 1166 1042 1231 εἰς
1074 1165 1355 1244 ἰδιότητα
1386 1166 1477 1229 ῶς
1507 1164 1612 1228 ἐπὶ
1639 1168 1756 1229 τοῦ
1791 1163 2042 1243 «Ῥίπην
2072 1185 2141 1230 τε
2175 1164 2476 1243 (τρατίην
2506 1187 2606 1231 τε»
2638 1163 2747 1249 (11.
2781 1167 2826 1229 Β
2857 1163 3036 1249 606),

449 1271 760 1348 «Ὄρθην»
808 1265 997 1350 (ibid.
1044 1266 1214 1349 739).
1302 1266 1341 1344 ἡ
1387 1267 1459 1332 δὲ
1502 1266 1662 1344 αὐτὴ
1708 1264 2024 1342 ἀναλογία
2068 1266 2295 1346 ἐχώρει
2339 1268 2442 1331 καὶ
2485 1266 2590 1331 ἐπὶ
2633 1272 2765 1333 τῶν
2811 1266 2900 1332 εἰς
2945 1271 3038 1332 ὂ“ς.

442 1373 546 1437 καὶ
600 1370 794 1436 πάλιν
853 1370 943 1455 ῶς
988 1368 1096 1433 ἐπ’
1141 1368 1402 1435 ἐκείνων
1462 1367 1769 1447 ἐλέγομέν
1812 1384 1958 1432 τινα
2001 1364 2335 1447 ὁμοτόνως
2379 1368 2623 1451 μένειν,
2683 1368 2890 1433 οὕτως
2934 1370 3038 1433 καὶ

443 1473 547 1538 ἐπὶ
605 1473 883 1537 τούτων·
951 1470 1054 1536 καί
1116 1470 1281 1537 ἐςτιν
1348 1469 1667 1549 ὁρίςαςθαι
1732 1471 1812 1534 τὰ
1881 1468 2182 1547 μείναντα
2247 1470 2345 1535 ὅτι
2402 1470 2687 1549 ἐπαίνων
2748 1469 3036 1549 ὀνόματά
3073 1480 3138 1532 10

444 1574 643 1657 ἐςτιν,
699 1574 819 1639 οὐκ
884 1571 1419 1652 ἀντιςτρέφοντος
1477 1575 1595 1636 τοῦ
1649 1573 1953 1637 κανόνος·
2020 1570 2101 1635 οὐ
2167 1570 2289 1650 γὰρ
2356 1571 2462 1636 ἐπὶ
2517 1571 2787 1637 ἐπαίνου
2845 1571 3037 1651 μένει.

443 1677 547 1741 καὶ
610 1680 742 1741 τῶν
811 1676 925 1753 μὲν
990 1674 1364 1752 τρεπόντων
1430 1671 1629 1751 ἀρητή
1698 1673 1957 1755 Ἀρήτη,
2021 1674 2154 1738 τῶν
2221 1674 2293 1736 δὲ
2360 1672 2715 1752 μεινάντων
2788 1674 3035 1753 Πινυτή

444 1778 687 1855 «μήτηρ
731 1775 1003 1854 πινυτή»
1054 1772 1211 1857 (od.
1259 1797 1296 1840 u
1345 1773 1513 1858 131).
1574 1774 1824 1853 Ἀγαυή.
1887 1773 2095 1839 οὕτως
2141 1774 2243 1838 καὶ
2286 1774 2423 1853 Ἰρή.
2486 1774 2733 1858 ςειρά,
2779 1774 3033 1858 δειρά,

441 1898 689 1956 πειρα.
2114 1930 2124 1935 -

608 1979 704 2044 Τὰ
769 1978 874 2044 διὰ
929 1981 1047 2043 τοῦ
1102 1983 1241 2057 ἐιρῖῑι
1295 1978 1458 2057 ὑπὲρ
1515 1978 1636 2043 δύο
1703 1977 2017 2058 ςυλλαβὰς
2072 1977 2711 2061 προπαροξύνονται,
2777 1977 3030 2058 ἀγρώ-
3069 1989 3131 2040 15

438 2100 686 2164 τειρα,
740 2080 1220 2163 Δηϊάνειρα,
1289 2079 1710 2162 Θυάτειρα,
1770 2079 2208 2161 (άπφειρα,
2264 2080 2569 2162 ἔθειρα,
2629 2080 3034 2160 (άμψειρα

438 2183 625 2248 πόλις
668 2180 1024 2264 Αἰγύπτου,
1068 2182 1460 2261 Ταύχειρα
1514 2182 1700 2247 πόλις
1744 2180 1976 2260 Λιβύης
2032 2180 2163 2245 ἀπὸ
2209 2181 2557 2259 Ταυχείρας
2617 2184 2729 2259 τῆς
2774 2183 3030 2247 Ἀντάν-

438 2289 598 2362 δρου
642 2283 971 2362 θυγατρός.
1060 2286 1347 2361 θηλυκῶς
1391 2284 1495 2348 καὶ
1540 2284 1898 2361 οὐδετέρως
1945 2283 2036 2347 ῶς
2082 2281 2403 2361 (τάγειρα.
2478 2280 2801 2361 Αἴγειρα
2846 2285 3030 2350 πόλις

441 2386 727 2467 Ἀχαΐας,
780 2386 859 2461 ἣν
904 2384 1191 2463 Ὅμηρος
1234 2384 1612 2464 Ὑπερηςίην
1669 2383 1877 2464 φηςίν.
1964 2385 2041 2448 τὸ
2088 2386 2159 2448 δὲ
2204 2383 2413 2463 ὄνομα
2454 2384 2530 2449 τὸ
2576 2388 2727 2466 νῦν,
2773 2383 2862 2448 ὥς
2905 2406 3030 2464 φη-

436 2507 530 2552 ςιν
573 2484 1233 2570 Παυςανίας.ἑβδόμῳ
1278 2486 1358 2568 (ο.
1403 2485 1478 2566 2,
1525 2484 1627 2568 6),
1673 2486 1934 2562 ἐγένετο
1979 2485 2090 2549 ἐπ’
2134 2484 2299 2567 αἰτίᾳ
2344 2489 2578 2568 τοιᾷδε.
2666 2483 3026 2551 (ικυωνίων
3063 2497 3132 2551 20

440 2589 705 2666 ςτρατὸς
763 2584 1085 2666 ἀφίξεςθαι
1141 2586 1406 2665 ἔμελλεν
1459 2586 1706 2652 αὐτοῖς·
1766 2587 1829 2652 οἱ
1884 2590 1955 2652 δὲ
2010 2586 2412 2665 ἀθροίζουςιν
2467 2584 2654 2661 αἶγας
2709 2587 2811 2650 καὶ
2864 2588 3028 2666 πρὸς

435 2691 572 2752 τοῖς
626 2687 876 2764 κέραςιν
931 2686 1162 2765 ἔδηςαν
1219 2692 1417 2770 δᾷδας
1472 2690 1576 2754 καὶ
1630 2689 1963 2756 ἐξάπτουςι
2019 2689 2124 2752 διὰ
2179 2691 2292 2766 τῆς
2346 2687 2602 2753 νυκτός·
2657 2688 3050 2768 νομίςαντες“

437 2788 557 2854 οὖν
601 2790 716 2868 τὴν
761 2789 981 2868 φλόγα
1022 2794 1140 2854 τοῦ
1196 2789 1633 2868 ἐπικουρικοῦ
1658 2793 1862 2870 πυρὸς
1918 2790 2201 2872 ἔφυγον,
2244 2788 2637 2868 Ὑπερηςιεῖς
2697 2792 2769 2856 δὲ
2823 2790 3025 2867 Αἴγει·

436 2912 555 2971 ραν
599 2892 716 2970 τὴν
761 2890 952 2956 πόλιν
998 2890 1351 2971 ώνόμαςαν.
1409 2892 1570 2957 ἔνιοι
1616 2894 1687 2957 δὲ
1732 2891 1872 2974 ἀπὸ
1908 2892 2255 2968 Αἰγιαλέως
2297 2893 2413 2970 τὴν
2458 2892 2677 2969 χώραν
2722 2891 3024 2969 Αἰγιαλόν

435 3014 587 3074 φαςι
631 2993 705 3057 τό
749 3012 819 3056 τε
862 2991 1082 3069 Αἴγιον
1128 2994 1230 3058 καὶ
1270 2993 1362 3057 ἔτι
1406 2992 1718 3072 Αἴγειραν.
1780 2995 2186 3073 Ἀγρόειρα
2229 2994 2269 3072 ἢ
2311 2993 2715 3072 Ἀλλόειρα
2757 2993 2796 3074 ἡ
2842 2994 3015 3059 ὕςτε·
3057 3005 3124 3055 25

354 3155 363 3166 ‚
434 3114 553 3173 ρον
598 3093 924 3159 Ἀττάλεια
966 3094 1326 3174 καλουμένη
1371 3095 1557 3160 πόλις
1599 3094 1852 3162 Λυδίας.

601 3196 697 3261 Τὰ
740 3194 829 3259 εἰς
874 3198 955 3273 ῥά
999 3196 1161 3274 ὑπὲρ
1207 3196 1326 3260 δύο
1373 3197 1686 3275 ςυλλαβὰς
1733 3184 1933 3278 βραχὺ
1978 3197 2215 3278 ἔχοντα
2259 3198 2333 3262 τὸ
2376 3198 2429 3260 ’ἀ
2465 3198 2567 3261 καὶ
2621 3196 2749 3275 πρὸ
2793 3197 3022 3263 τέλους

433 3299 670 3378 ἔχοντα
721 3298 806 3363 δῦ
859 3298 1448 3381 προπαροξύνεται,
1504 3297 1838 3382 ἄρουρα,
1895 3301 2290 3379 Ἀργουρα
2344 3298 2532 3364 πόλις
2588 3297 2930 3363 Θεςςαλίας
2982 3298 3021 3376 ἡ

433 3401 751 3479 πρότερον
794 3401 1102 3477 ’Ἀργιςςα.
1191 3400 1317 3464 ἔςτι
1362 3402 1465 3464 καὶ
1506 3400 1707 3466 τόπος
1751 3405 1864 3480 τῆς
1908 3401 2172 3481 Εὐβοίας
2213 3402 2568 3483 Ἄργουρα,
2625 3399 2796 3464 ὅπου
2842 3401 3020 3465 δοκεῖ

431 3504 549 3590 τὸν
591 3502 944 3580 Πανόπτην
987 3501 1210 3580 Ἐρμῆς
1264 3502 1750 3582 πεφονευκέναι.
1838 3503 2140 3583 μέμνηται
2183 3502 2598 3582 Δημοςθένης
2652 3502 2863 3577 λέγων
2909 3501 3017 3569 «ἐξ
3052 3513 3121 3566 30

434 3604 782 3681 Ἀργούρας
825 3605 937 3680 τῆς
981 3602 1244 3683 Εὐβοίας
1263 3629 1306 3667 ».
1400 3604 1852 3683 Κυνόςουρα
1896 3606 2000 3670 ἐπὶ
2041 3610 2155 3684 τῆς
2200 3604 2436 3682 ἄρκτου

562 3705 627 3769 οἳ
669 3705 786 3782 τὴν
832 3706 946 3784 μὲν
990 3703 1385 3784 κυνόςουραν
1431 3706 1748 3785 ἐπίκληςιν
1794 3708 2128 3772 καλέουςιν
2174 3707 2386 3787 (Arat.
2434 3704 2681 3769 Phaen.
2726 3703 2857 3786 36).

434 3808 537 3873 καὶ
580 3806 685 3872 ἐπὶ
727 3811 803 3889 τῇ
835 3806 1164 3890 Λακωνικῇ
1208 3809 1464 3891 φυλακῇ
1508 3808 1612 3871 καὶ
1654 3807 1815 3886 ἄκρα
1848 3809 2252 3887 Μαραθῶνος
2298 3807 2505 3873 οὕτως
2549 3810 2846 3873 καλεῖται.
2892 3805 3019 3871 ἔςτι

432 3911 504 3973 δὲ
549 3909 649 3972 καὶ
694 3905 856 3985 ἄκρα
899 3907 1242 3985 Ἀρκαδίας.
1303 3908 1689 3986 Κόλουρα·
1737 3909 1864 3974 ἔςτι
1911 3912 1982 3974 δὲ
2025 3910 2281 3975 πόλεως
2326 3907 2536 3989 ὄνομα
2582 3911 2672 3974 ὡς
2715 3906 3016 3992 Ἑκαταίῳ

434 4009 682 4075 «δοκέω
739 4011 810 4073 δὲ
866 4008 1129 4088 μάλιςτα
1181 4009 1357 4087 παρὰ
1406 4010 1771 4093 Κόλουραν,
1820 3997 2297 4090 ἵναΠριηνεές
2354 4010 2640 4077 ἕζοντο».
2727 4012 3015 4091 Ἴουρα·
3052 4024 3116 4076 35

3059 3877 3085 3912 Ι

566 4267 604 4318 1.
638 4270 670 4317 3
715 4266 860 4316 hune
904 4280 1167 4316 canonem
1214 4281 1279 4315 ex
1323 4264 1569 4330 Theogn.
1618 4267 1742 4328 101,
1788 4268 1854 4317 23
1900 4265 2058 4330 finxi,
2108 4263 2197 4329 ίρά
2241 4282 2308 4316 ex
2355 4264 2549 4316 Arcad.
2588 4268 2680 4327 97,
2731 4270 2756 4315 1
2807 4265 3013 4330 addidi,

433 4333 540 4399 Ἰρά
575 4335 851 4400 proprium
888 4349 955 4384 ex
993 4332 1073 4382 St.
1109 4333 1171 4383 Β.
1209 4349 1253 4381 s.
1294 4349 1346 4386 v,
1392 4337 1449 4381 et
1482 4334 1550 4384 ll.
1586 4333 1675 4383 Pr.
1714 4334 1725 4384 Ι
1764 4336 1894 4398 292,
1934 4334 2028 4383 ubi
2065 4331 2206 4397 Ἱρήν
2243 4332 2558 4397 ὀξυτόνως,
2597 4331 2675 4385 ὡς
2713 4331 2776 4384 ἐν
2810 4338 2881 4400 τῇ
2920 4349 3014 4386 κα-

432 4401 624 4465 θόλου,
667 4409 724 4454 et
760 4402 890 4452 ibid.
932 4403 1043 4453 150.
1100 4397 1264 4465 πειρά
1301 4401 1460 4465 posui
1496 4416 1592 4465 pro
1629 4399 1813 4464 εχειρά
1850 4416 1938 4466 ap.
1984 4402 2251 4466 Theogn.,
2290 4401 2443 4466 potui
2481 4402 2647 4451 etiam
2683 4400 2861 4466 Πειρά
2898 4403 3014 4453 sive

431 4467 632 4534 Πειραί
668 4487 735 4521 ex
770 4471 1010 4526 Pansam,
1035 4469 1139 4518 VII
1168 4471 1249 4532 18,
1277 4471 1322 4517 1.
1448 4468 1485 4521 l.
1517 4473 1578 4519 15
1615 4469 1763 4534 apud
1799 4467 2091 4519 Arcadium
2129 4469 2219 4518 hie
2257 4485 2435 4518 canon
2471 4471 2784 4519 continetur
2818 4470 3014 4521 latiore

433 4537 501 4587 (1ο
526 4537 990 4604 hyperdisyllabis
1014 4536 1071 4586 in
1095 4539 1131 4586 ἃ
1156 4538 1326 4586 breve
1352 4537 1699 4598 exeuntibus,
1726 4552 1901 4586 canon
1926 4537 2179 4599 specialis
2205 4542 2389 4587 exstat
2414 4553 2501 4601 ap.
2523 4536 2768 4602 Theogn.
2789 4541 2904 4600 101,
2929 4540 3011 4600 25,

432 4602 1878 4725 {³-‘¹⁰ss22¹233232254ffsssssseifflfflffias‘{f‘ffi‘ssff
1891 4644 1904 4668 ’
1929 4602 2578 4724 32221‘0‘4325‘5‘80‘1}
2583 4607 2820 4724 '33⁰⁵f’
2838 4606 3015 4724 {1²12}

433 4689 588 4803 νὲιιὲα
635 4757 701 4791 ex
735 4743 860 4792 Arc.
898 4743 988 4800 97,
1027 4743 1085 4804 5,
1133 4686 1433 4804 eeenpapg}
1468 4741 1531 4790 Ε.
1567 4686 1640 4790 ff.
1679 4687 1805 4802 318¹,
1845 4687 1933 4798 1γὸρ;
1983 4688 2195 4807 τοΙξέίιιει
2240 4757 2306 4791 ex
2353 4741 2431 4790 St.
2467 4742 2530 4793 Β.
2570 4711 2726 4791 Ἠιιό
2770 4689 3012 4806 ροτιίὶιιοι

434 4808 600 4857 etiam
637 4806 884 4873 Ἐλάειρα
928 4807 965 4870 ἡ
1005 4806 1312 4860 Λευκιππίς
1357 4825 1389 4859 a
1432 4847 1446 4861 .
1484 4809 1561 4859 St.
1603 4824 1647 4859 s.
1681 4806 1939 4871 Ἄφιδνά.
2163 4809 2197 4858 1.
2234 4812 2300 4860 28
2345 4808 2628 4874 Ἀργουρα
2677 4811 2897 4876 explevi
2944 4825 3011 4860 ex

434 4875 516 4929 St.
552 4876 615 4925 B.
664 4881 720 4926 et
754 4878 901 4926 Mon.
939 4880 1028 4939 13,
1066 4879 1161 4940 20,
1196 4877 1331 4927 item
1413 4875 1716 4942 υνόςουρα,
1769 4876 2023 4943 Κόλουρα
2072 4884 2126 4929 et
2162 4876 2344 4941 Ἴουρα
2399 4894 2468 4929 ex
2510 4877 2657 4930 Mon.
2702 4885 2761 4930 et
2806 4878 2887 4929 St.
2923 4880 3007 4942 Β.,
