3664 5546
656 436 782 496 468
1595 435 1675 488 ΕΚ
1716 436 1856 487 ΤΩΝ
1900 434 2306 488 ΗΡΩΔΙΑΝΟΥ

652 606 1111 684 προστακτικὸν
1154 608 1727 684 προπαροξύνεται.
1793 609 1961 682 λέγω
2004 608 2072 669 δὲ
2104 607 2180 669 τό
2226 606 2570 684 «νημερτές
2600 625 2704 683 μοι
2737 603 2992 674 {wc-rte»
3024 600 3176 686 (od.
3205 607 3245 665 δ

653 707 805 788 642)
848 743 934 754 -
977 708 1096 785 χρή
1152 706 1481 787 ἀπόχρη.
1570 709 1647 772 τὸ
1702 711 1825 787 γὰρ
1881 708 2190 789 ἀποχρῇ
2247 708 2378 772 ἀπὸ
2422 712 2539 779 τοῦ
2593 714 2712 790 xm]
2757 707 3245 785 περιςπωμένου

653 808 929 884 ἐγένετο.

796 902 914 974 ’Τὰ
959 909 1046 976 εἰς
1092 913 1146 977 ὧ
1191 913 1651 991 μονοςύλλαβα·
1684 913 1764 991 μὴ
1811 910 2050 990 ἔχοντα
2093 915 2209 989 τὴν
2255 912 2530 990 μετοχὴν
2576 908 2663 974 εἰς
2708 912 2741 972 Ε
2772 909 3084 975 ὀξύτονον
3135 909 3242 972 ἐπὶ

576 1020 607 1067 5
653 1010 998 1076 ἐνεςτῶτος
1068 1014 1223 1093 μετὰ
1289 1015 1653 1092 προθέςεως
1720 1014 2162 1091 ςυντεθειμὲνα
2226 1013 2341 1090 τὴν
2396 1011 2880 1089 περιςπωμένην
2937 1011 3240 1090 φυλάττει

648 1113 750 1175 καὶ
808 1113 878 1176 ἐν
938 1121 1014 1196 τῇ
1073 1116 1380 1197 ςυνθέςει,
1429 1120 1557 1193 ςμῶ
1613 1118 1990 1197 περιςμῶ,
2047 1119 2181 1192 δρῶ
2239 1117 2570 1193 ςυνδρῶ,
2624 1113 2755 1175 κλῶ
2802 1100 3142 1192 ςυγκλῶ,Ι
3183 1110 3240 1173 ὦ

649 1219 880 1296 ςυνῶ,
927 1220 1162 1293 παρῶ.
1209 1217 1567 1295 πρόςκειται
1616 1216 1761 1279 «ἐπὶ
1806 1216 2195 1303 ἐνεστῶτος»
2230 1216 2334 1278 διὰ
2362 1215 2439 1278 τό
2485 1219 2613 1292 ςχῶ
2657 1213 3056 1292 παράςχω,
3102 1215 3239 1274 ςπῶ

648 1313 975 1397 ἑπίςπω,
1041 1318 1116 1380 τὸ
1162 1320 1232 1381 δὲ
1280 1323 1370 1397 βῶ
1417 1317 1713 1399 ἀναβῶ,
1781 1322 1875 1382 δῶ
1921 1321 2245 1393 παραδῶ
2288 1316 2590 1395 φυλάςςει
2635 1314 2753 1378 τὸν
2797 1312 2998 1377 αὐτὸν
3040 1312 3238 1376 τόνον

649 1415 740 1477 ὡς
784 1414 1020 1493 ἔχοντα
1063 1420 1179 1495 τὴν
1224 1421 1502 1497 μετοχὴν
1547 1418 1635 1481 εἰς
1679 1421 1712 1481 ἰ
1757 1418 2091 1483 ὀξύτονον.
2179 1417 2536 1495 πρόςκειται
2584 1416 2791 1494 «μετὰ
2834 1415 3234 1493 προθέςεως»

548 1524 613 1571 10
649 1517 754 1578 διὰ
795 1519 871 1580 τὸ
916 1517 1068 1584 ἄζω
1111 1520 1189 1583 τὸ
1233 1520 1524 1597 ξηραίνω.
1609 1523 1806 1584 τοῦτο
1851 1519 1975 1596 γὰρ
2021 1517 2152 1582 ἀπὸ
2207 1522 2323 1583 τοῦ
2370 1520 2411 1580 ἆ
2453 1520 2816 1596 ςτερητικοῦ
2863 1517 3091 1595 μορίου
3135 1515 3238 1578 καὶ

646 1621 762 1679 τοῦ
807 1613 913 1683 Ζῶ.
1350 1608 1361 1615 ’

815 1746 852 1779 ÷÷
901 1720 995 1783 Τὰ
1051 1721 1139 1785 εἰς
1196 1715 1301 1784 δύ
1331 1706 1778 1802 μονοςύλλαβα
1834 1722 2287 1803 προςτακτικά,
2354 1720 2538 1799 ἡνίκα
2592 1721 2708 1799 μὲν
2764 1723 3026 1803 ςυντεθῇ
3081 1719 3238 1796 μετὰ

646 1822 1134 1901 μονοςυλλάβου
1190 1824 1583 1906 προθέςεως,
1640 1826 2014 1901 περιςπᾶται
2060 1820 2205 1886 οἷον
2252 1820 2330 1885 οὗ
2375 1825 2649 1900 προοῦ.
2736 1820 2921 1898 ἡνίκα
2966 1820 3036 1884 δὲ
3080 1820 3237 1897 μετὰ

646 1922 1056 2003 διςυλλάβου,
1105 1925 1469 2006 βαρύνεται,
1516 1929 1636 1988 θοί)
1681 1924 1995 1988 ἀπόθου
2041 1924 2417 2005 κατάθου,
2463 1927 2618 2001 ςχοῦ
2661 1921 3050 2000 ἀνάςχου.-

546 2029 609 2077 15
814 2022 959 2087 Πᾶν
1007 2024 1173 2103 ῥῆμα
1218 2026 1531 2104 ὁριςτικόν
1576 2026 1665 2089 εἰς
1710 2030 1762 2088 ω
1809 2026 1971 2103 ὑπὲρ
2017 2025 2162 2104 μίαν
2195 2024 2510 2104 ςυλλαβὴν
2557 2024 2627 2087 ἐν
2671 2029 2747 2106 τῇ
2790 2023 3064 2087 ςυνθέςει
3109 2043 3234 2101 φυ-

645 2122 852 2187 λάττει
909 2127 1026 2189 τὸν
1082 2126 1282 2192 αὐτὸν
1339 2128 1569 2217 τρνον,
1633 2128 1869 2207 γράφω
1937 2125 2450 2206 καταγράφω,
2507 2125 2704 2205 βαίνω
2762 2125 3240 2204 μεταβαίνω,

643 2228 816 2302 φιλῶ
859 2231 1296 2311 καταφιλῶ,
1355 2230 1524 2305 λέγω
1582 2228 1856 2304 ἀλέγω.
1943 2228 2020 2290 τὸ
2068 2229 2139 2291 δὲ
2185 2230 2690 2305 χειρογραφῶ
2743 2226 2846 2288 καὶ
2889 2228 3229 2303 καλαμο-

641 2330 916 2405 γλυφῶ
971 2330 1073 2391 καὶ
1126 2328 1426 2394 ἀςθενῶ
1482 2332 1585 2394 καὶ
1651 2329 1941 2409 εὐςεβῶ
1997 2330 2101 2392 καὶ
2157 2328 2452 2392 ἀπειθῶ
2522 2326 2603 2390 οὐ
2660 2327 3049 2405 φυλάττουςι
3114 2327 3234 2390 τὸν

640 2426 868 2491 τόνον·
917 2429 996 2492 οὐ
1039 2428 1164 2507 γάρ
1210 2431 1342 2496 ἀπὸ
1389 2432 1687 2510 ῥημάτων
1733 2431 2168 2507 ςυνετέθηςαν.

541 2543 608 2593 20
810 2530 951 2593 Πᾶς
1005 2533 1469 2614 παρῳχημένος
1526 2532 1839 2609 ὁριςτικὸς
1875 2530 2023 2595 ,ἀπὸ
2090 2533 2469 2609 φωνήεντος
2533 2528 2891 2607 ἀρχόμενος
2946 2530 3048 2591 καὶ
3099 2527 3233 2592 ἀπὸ

640 2631 824 2707 φύςει
868 2635 1107 2708 μακρᾶς
1150 2635 1266 2697 τὸν
1311 2634 1512 2698 αὐτὸν
1557 2634 1863 2713 φυλάττει
1907 2625 2105 2697 τ’όνον
2149 2633 2252 2696 καὶ
2281 2632 2351 2695 ἐν
2382 2637 2458 2715 τῇ
2489 2630 2796 2711 ςυνθέςει,
2827 2627 3007 2707 εἶχον
3053 2651 3233 2693 κατ-

641 2734 897 2813 εῖχον,
972 2732 1111 2812 ἦψα
1194 2739 1529 2817 ςυνῆψα,
1594 2732 1784 2799 εἶπον
1855 2733 2207 2817 ἐξεῖπον,
2285 2732 2480 2798 εὗδον
2550 2729 2734 2795 «εὗδ’.
2795 2728 3232 2796 ἀνακλινθείς»

639 2830 795 2912 (Od.
842 2839 878 2898 δ
926 2835 1076 2915 794)
1132 2842 1522 2901 καθεῦδον
1570 2836 1768 2901 «ἔνθα
1811 2837 2075 2900 καθεῦδ’
2120 2835 2403 2915 ἀναβάς»
2451 2836 2528 2916 (Α
2572 2833 2757 2915 611),
2803 2832 2953 2909 ἧςτο
2997 2837 3233 2910 καθῆ-

639 2953 801 3017 ςτο,
847 2938 1017 3013 πλὴν
1047 2942 1165 3001 τοῦ
1196 2937 1362 3006 εἶξεν
1410 2939 1782 3004 ὑπόειξεν
1819 2938 1908 3003 ὡς
1939 2939 2113 3016 παρὰ
2154 2944 2246 3023 τῷ
2287 2943 2518 3020 ποιητῇ
2550 2936 2620 3000 ἐν
2652 2934 2973 3017 Ὀδυςςείᾳ
3013 2936 3088 3016 (π
3117 2934 3236 3015 42)

538 3051 601 3101 25
1041 3046 1136 3123 τῷ
1181 3041 1248 3103 δ’
1291 3040 1478 3118 ἕδρης
1522 3040 1766 3104 ἐπιόντι
1810 3041 2018 3118 πατὴρ
2064 3039 2355 3105 ὑπόειξεν
2398 3035 2762 3118 Ὀδυςςεύς,

638 3136 816 3203 εἶκον
863 3139 1241 3206 ὑπόεικον
1291 3147 1501 3206 «νεῶν
1548 3140 1616 3205 δ’
1659 3141 1965 3205 ὑπόεικον
1996 3140 2242 3224 ἀνάγκῃ
2286 3140 2379 3222 (Π
2406 3137 2579 3219 305).
2645 3138 2719 3202 τὸ
2755 3139 2827 3200 δὲ
2858 3135 3009 3200 οἶδα
3053 3137 3232 3201 ςύν-

638 3242 822 3301 οιδα
862 3239 1175 3306 Αἰολικὸν.
1244 3242 1528 3320 χαίρουςι
1572 3242 1695 3320 γὰρ
1741 3241 1804 3305 οἱ
1847 3242 2097 3306 Αἰολεῖς
2126 3240 2527 3322 ἀναβιβάζειν
2571 3240 2725 3304 τοὺς
2753 3239 2988 3303 τόνους
3016 3238 3232 3316 ὥςπερ

637 3339 741 3403 ἐπὶ
785 3345 903 3417 τοῦ
949 3341 1203 3420 Ἀτρεύς
1246 3344 1523 3421 Ἄτρευς.
1614 3344 1974 3422 πρόςκειται
2029 3343 2162 3407 ἀπὸ
2206 3344 2585 3422 φωνήεντος
2631 3340 2958 3420 ἀρχόμενα
3000 3339 3103 3402 διὰ
3151 3340 3232 3403 τὸ

634 3664 1122 3727 προπαροξύνεται
1160 3681 1227 3714 ex
1265 3666 1328 3719 11.
1356 3669 1444 3716 Pr.
1472 3665 1516 3717 Ω
1541 3669 1669 3718 388:
1708 3666 1952 3717 ἔνιςπες;
2003 3663 2083 3716 ὡς
2119 3665 2374 3729 ἔδραμες·
2422 3663 2536 3717 ἔςτι
2569 3664 2676 3728 γὰρ
2710 3663 2988 3728 ὁριςτικὸν
3023 3662 3084 3714 ἐκ
3117 3669 3228 3716 τοο

633 3731 862 3794 ἤνιςπες
897 3734 1015 3783 κτλ.
1053 3734 1121 3782 cf.
1159 3735 1343 3784 Schol.
1383 3736 1484 3787 Od.
1524 3736 1550 3787 ξ
1593 3737 1704 3787 185.
1913 3735 1945 3784 l.
1983 3737 2014 3783 6
2063 3750 2159 3798 pro
2197 3732 2356 3784 ἀθλῶ
2396 3733 2841 3784 substituendum
2880 3748 3000 3783 esse
3037 3749 3228 3783 mono-

634 3799 905 3861 syllabum
940 3801 1056 3865 ipse
1094 3817 1273 3850 canon
1310 3803 1550 3864 indicat,
1592 3804 1749 3867 posui
1785 3801 1902 3866 δρῶ
1940 3801 2156 3865 (υνδρῶ
2195 3808 2251 3852 et
2287 3805 2411 3865 post
2448 3799 2494 3850 ὡ
2534 3802 2682 3851 ςυνῶ
2720 3802 2885 3864 παρῶ
2924 3799 3124 3849 addidi
3157 3818 3226 3851 ex

635 3866 831 3916 Choer.
856 3870 972 3929 798,
1011 3871 1103 3930 253
1143 3886 1211 3917 ex
1249 3870 1441 3920 eodem
1478 3869 1599 3920 loco
1637 3877 1831 3934 postea
1857 3871 1981 3920 (πῶ
2009 3868 2258 3928 &stichum
2298 3869 2379 3930 βῶ
2407 3874 2590 3917 autem
2615 3867 2834 3930 ἀναβῶ,
2872 3867 2956 3919 δῶ
2982 3868 3224 3931 παραδῶ

636 3950 702 3982 ex
752 3936 809 3983 Ε.
846 3935 920 3988 Μ.
956 3940 1084 3997 495,
1138 3943 1193 4000 1,
1240 3941 1339 3988 An.
1388 3939 1487 3987 Ox.
1539 3940 1593 3988 ΙΙ
1636 3942 1761 3998 334,
1810 3941 1902 3999 20,
1949 3937 2094 3986 unde
2143 3941 2389 3987 nostrum
2436 3952 2696 3986 canonem
2747 3937 2971 4001 explevi
3013 3937 3227 3986 addens

633 4000 897 4065 φυλάςςει
942 4031 1008 4039 -
1055 4002 1354 4055 ὀξύτονονε
1413 4007 1527 4054 πᾶν
1573 4004 1853 4068 όριςτικόν
1898 4003 2281 4055 ὑποτακτικὸν
2335 4003 2754 4066 μονοςύλλαβον
2808 4000 2887 4054 εἰς
2939 4007 2989 4054 ὦ
3042 4004 3224 4069 λῆγον

632 4069 764 4132 ἔχον
802 4071 910 4134 τὴν
949 4072 1195 4136 μετοχὴν
1232 4070 1310 4122 εἰς
1346 4075 1378 4123 ἰ
1416 4072 1712 4136 ὀξύτονον,
1750 4072 1856 4123 τὸν
1891 4070 2072 4123 αὐτὸν
2107 4071 2281 4123 τόνον
2318 4071 2582 4134 φυλάςςει
2619 4070 2682 4121 ἐν
2705 4073 2776 4137 τῇ
2814 4071 3061 4121 ςυνθέςει
3094 4068 3224 4122 οἷον

632 4136 730 4199 βάς
768 4139 850 4200 βῶ
890 4137 989 4189 ἐὰν
1026 4138 1245 4203 ἀναβῶ,
1284 4139 1416 4191 δούς
1452 4139 1533 4189 δῶ
1574 4140 1671 4191 ἐὰν
1710 4140 1961 4203 παραδῶ.
2034 4137 2083 4190 εἰ
2118 4139 2179 4191 δὲ
2215 4139 2289 4203 μὴ
2329 4137 2439 4202 ἔχει
2484 4140 2593 4204 τὴν
2630 4139 2876 4203 μετοχὴν
2914 4137 2991 4190 είς
3028 4141 3058 4190 ἰ
3095 4138 3222 4189 ὀξύ-

632 4218 834 4267 τονον,
882 4205 1202 4268 ἀναπέμπει
1245 4208 1351 4257 τὸν
1395 4207 1570 4258 τόνον
1614 4210 1727 4271 ςχῶ
1776 4206 2063 4269 κατάςχω,
2110 4210 2235 4257 ςπῶ
2285 4205 2556 4257 ἑπίςπω..
2593 4205 2804 4270 ὁμοίως
2843 4206 2932 4256 καὶ
2970 4206 3042 4256 τὰ
3078 4205 3220 4272 πλη-

631 4273 865 4323 θυντικὰ
902 4272 1295 4338 κατάςχωμεν,
1336 4274 1688 4339 πρόςχωμεν.
1828 4277 1865 4325 1.
1905 4280 1966 4324 12
2002 4276 2147 4324 hunc
2181 4287 2443 4324 canonem
2481 4277 2665 4339 recepi
2701 4291 2766 4323 ex
2805 4274 2866 4322 E.
2891 4275 2964 4322 Μ.
3000 4275 3114 4332 688,
3154 4277 3223 4324 38

629 4341 831 4390 collata
877 4342 943 4391 11.
982 4344 1071 4394 Pr.
1123 4342 1164 4393 Η
1218 4346 1336 4393 11οε
1392 4342 1461 4393 τὸ
1516 4342 1641 4405 ςχὲο
1687 4344 1796 4408 τὴν
1842 4342 2029 4394 ὀξεῖαν
2073 4340 2210 4406 ἴςχει
2255 4340 2358 4405 ἐφ’
2404 4341 2608 4394 ἑαυτοῦ
2655 4343 2782 4392 νῦν·
2837 4339 2978 4391 ὅταν
3024 4340 3220 4403 μέντοι

624 4405 899 4471 ἀπολάβοι
951 4409 1060 4473 τὴν
1114 4409 1405 4474 πρόθεςιν,
1459 4413 1769 4475 τηνικαῦτα
1823 4408 2142 4471 ἀναπέμπει
2194 4409 2300 4460 τὸν
2355 4409 2530 4461 τόνον
2575 4408 2839 4472 ἀνάςχεο,
2888 4410 3032 4459 unde
3080 4412 3218 4472 (χοῦ

621 4472 862 4539 ἀνάςχου
901 4479 1102 4542 recepi.
1310 4478 1342 4527 1.
1380 4482 1444 4528 22
1492 4477 1658 4529 εὗδον
1694 4506 1759 4513 -
1796 4477 2072 4529 καθεῦδον
2110 4494 2229 4528 cum
2278 4479 2542 4543 exemplis
2587 4477 2793 4541 sumpsi
2830 4492 2899 4526 ex
2935 4479 3000 4529 11.
3038 4478 3126 4527 Pr.
3173 4479 3218 4526 Α

616 4544 741 4591 611:
780 4543 852 4594 τὰ
887 4543 1002 4594 ἀπὸ
1040 4544 1201 4608 φύςει
1240 4547 1451 4609 μακρᾶς
1487 4544 1768 4609 ἀρχόμενα
1805 4544 2028 4609 ῥήματα
2065 4544 2209 4596 κατὰ
2244 4545 2378 4597 τοὺς
2413 4543 2859 4611 παρῳχημένους
2887 4544 3122 4608 χρόνους
3150 4542 3218 4594 ἐν

617 4608 912 4726 όῖιιςτικοῑς
947 4611 1136 4677 ἀπαθῆ
1177 4613 1317 4664 ὄντα
1354 4611 1617 4676 φυλάςςει
1663 4613 1768 4665 τὸν
1803 4613 1978 4664 τόνον
2016 4613 2078 4664 ἐν
2122 4617 2193 4678 τῇ
2241 4612 2487 4664 ςυνθέςει
2534 4613 2691 4676 εἶχον
2728 4615 3017 4676 κατεῖχον,
3072 4611 3216 4663 ὅθεν

612 4689 637 4726 ε
696 4677 867 4728 «εὗδ’
900 4680 1077 4744 κτλ.>>,
1116 4681 1290 4744 δῆλον
1326 4680 1413 4732 ὅτι
1457 4681 1729 4732 καθεῦδεν
1777 4681 2075 4743 όμοτόνως
2126 4679 2434 4744 ὀφείλομεν
2477 4680 2852 4744 προφέρεςθαι
2891 4681 2963 4729 ef.
3001 4677 3052 4730 Φ
3090 4683 3215 4742 244,

610 4745 669 4791 E.
710 4749 782 4795 M.
826 4750 938 4809 105,
976 4751 1035 4810 2,
1074 4750 1172 4798 An.
1212 4751 1391 4802 Paris,
1427 4750 1511 4799 111
1550 4752 1675 4809 370,
1713 4753 1806 4811 25,
1845 4752 1948 4813 Ep.
1989 4748 2078 4798 Cr.
2116 4751 2144 4800 1
2180 4753 2307 4811 220,
2358 4747 2497 4811 ἦςτο
2534 4749 2781 4811 καθῆςτο
2831 4763 2898 4795 ox
2935 4750 3036 4798 An.
3075 4749 3212 4798 Par.

608 4811 689 4860 ΙΙΙ
727 4817 842 4872 366,
882 4818 940 4874 4,
979 4816 1067 4862 αάκ
1086 4814 1347 4867 ὑπόειξεν
1398 4818 1566 4866 verba
1604 4817 1898 4867 Homerica
1935 4819 2170 4882 apposui
2208 4833 2275 4868 ex
2313 4817 2508 4866 Choor.
2544 4819 2671 4879 591,
2717 4817 2852 4864 item
2890 4814 2960 4864 ad
3009 4813 3214 4865 ὑπόει-

600 4891 729 4938 κον;
769 4881 849 4928 sic
888 4882 1029 4929 onim
1070 4897 1163 4945 pro
1210 4881 1457 4933 ἑπίεικον
1503 4886 1699 4947 scripsi
1746 4891 1972 4948 propter
2011 4884 2074 4936 11.
2117 4887 2210 4934 Pr.
2249 4883 2307 4935 Π
2342 4887 2468 4935 305:
2518 4884 2671 4948 ζητῶ
2719 4880 2847 4944 περὶ
2883 4883 2988 4931 τοῦ
3025 4879 3212 4934 τόνου
