3664 5546
1619 435 2034 486 PRAEFATIO.
2867 438 3103 487 CXCVII

536 596 858 673 Κορώνεια
904 594 998 657 St.
1045 594 1154 674 B.;
1202 594 1460 672 κουρίον
1504 614 1621 678 pro
1667 597 1965 671 κουρεῖον
1999 590 2229 656 Choer.
2271 592 2426 672 231,
2477 594 2586 675 15,
2635 591 2921 676 Theogn.
2960 593 3099 674 128,

529 696 641 776 22,
690 697 822 762 λίαξ
868 705 932 759 et
976 696 1113 760 λίαν
1159 717 1275 781 pro
1321 697 1489 762 λείαξ
1536 704 1599 759 et
1646 697 1850 778 λείαν,
1900 696 2052 775 λίβω
2098 716 2214 780 pro
2261 696 2479 774 λείβω,
2536 696 2752 760 Μάλια
2795 717 2912 780 pro
2961 699 3099 761 Μά-

531 802 666 862 λεια
711 797 805 862 St.
839 797 950 880 B.;
998 793 1324 873 Μεγαλίον
1367 819 1484 884 pro
1530 800 1909 876 μεγαλλεῖον
1944 795 2247 880 'Theogm
2286 796 2436 878 129,
2476 797 2542 877 13
2590 800 2760 878 νίφει
2806 821 2922 884 pro
2968 801 3097 865 νεί-

528 921 666 983 φει,
727 899 885 965 οἰίαε
929 921 1047 985 pro
1092 899 1315 983 οἰείαε,
1370 900 1576 978 Πηρίη
1631 920 1747 983 pro
1791 899 2037 977 Πήρεια
2082 896 2187 962 vel
2231 899 2453 977 Πειρίη
2512 898 2605 963 St.
2651 899 2731 964 B.
2775 899 2963 963 Eust.
3013 901 3098 965 ad

527 1000 718 1065 Hom.
753 1001 899 1084 341,
931 1001 1043 1084 3ος
1077 1002 1340 1080 Ὑπερία
1370 1023 1485 1086 pro
1517 1001 1815 1079 Ὑπέρεια
1848 1001 1941 1064 St.
1975 1001 2076 1082 B.;
2122 1002 2338 1081 χέλιον
2369 1023 2483 1087 pro
2517 1002 2769 1081 χέλειον
2801 1002 3094 1088 Theogn.

531 1102 674 1184 128,
726 1103 832 1184 133
881 1104 1155 1169 Βούδιον
1200 1125 1317 1188 pro
1363 1105 1671 1170 Βούδειον
1718 1102 1816 1166 St.
1864 1102 1938 1167 B.
2018 1102 2311 1167 Confusa
2358 1112 2512 1167 sunt
2556 1105 2840 1188 εὐνεικήε
2885 1115 2951 1169 et
2994 1106 3095 1172 εὔ-

524 1227 730 1271 νεικοε
775 1229 826 1269 s,
873 1206 1133 1289 εὐνίκῳ,
1181 1205 1360 1285 ἀρειή
1407 1216 1472 1269 et
1515 1205 1693 1288 ἀρία,
1743 1203 2147 1291 quorundam
2192 1206 2655 1269 vocabulorum
2701 1216 2767 1270 et
2811 1215 2989 1271 recta
3032 1217 3096 1271 et

521 1328 846 1392 perversa:
884 1307 1207 1391 scriptura
1258 1329 1363 1393 ap.
1409 1306 1696 1392 Hesych.
1743 1316 1962 1372 exstat
2023 1308 2309 1386 ἐρατεινή
2368 1316 2433 1371 et
2476 1309 2801 1392 ἐρατινήν,
2859 1312 3093 1389 λειμών

521 1420 585 1473 et
630 1411 858 1493 λιμών,
904 1410 1035 1476 ζειά
1081 1418 1146 1472 et
1175 1409 1307 1490 ῑιά,
1354 1410 1527 1488 ζειρὰ
1557 1418 1622 1473 et
1649 1411 1857 1491 ζιραί,
1888 1395 2225 1489 ὀψείοντες
2257 1417 2322 1473 et
2347 1409 2680 1494 ὀψίοντεε,
2727 1413 3093 1491 μειλίγματα

450 1593 453 1608 .
519 1522 585 1576 et
629 1514 990 1595 μιλίγματα,
1036 1512 1387 1590 ἀμείλικτος
1430 1520 1494 1574 et
1523 1510 1874 1594 ἀμίλικτοε,
1931 1514 2099 1576 νειόε
2145 1521 2210 1575 et
2253 1519 2371 1596 νιῷ
2415 1512 2541 1595 ἐνί,
2587 1516 2773 1578 πεῖεα
2816 1513 2854 1592 ἡ
2888 1515 3090 1579 πειθώ

518 1624 583 1677 et
626 1616 804 1698 πίεῃ,
867 1617 1093 1692 πεῑεμα
1137 1622 1202 1675 et
1244 1614 1539 1697 πίεματα,
1594 1614 1871 1693 Πηνειόε
1904 1621 1991 1676 'et
2033 1614 2305 1698 Πηνιόε,
2364 1613 2790 1693 ἀνερείψαντο
2836 1624 2902 1677 et
2946 1616 3090 1681 ἀνε-

518 1716 820 1799 ρίψαντο,
866 1716 1141 1795 εἰδήμων
1186 1723 1250 1778 et
1292 1715 1553 1798 ἰδημων,
1598 1715 1887 1793 εἰλαπίνη
1918 1724 1985 1779 et
2016 1715 2288 1799 ἰλαπίνη,
2334 1718 2570 1782 πείκειν
2601 1717 2769 1779 utin
2799 1715 2878 1781 E.
2913 1716 3086 1781 Gud.

514 1817 669 1897 456,
726 1818 810 1882 25
864 1825 930 1881 et
982 1807 1215 1898 πίκειν,
1283 1818 1501 1895 ἐρείκω
1569 1825 1633 1880 et
1697 1818 1885 1895 ἑρίκει
1952 1818 2319 1897 ἐρικόμενοε
2385 1827 2459 1881 ut
2511 1816 2754 1882 Arcad.
2812 1817 2962 1896 152,
3011 1820 3089 1883 13

482 1921 717 1998 ,ἐρίκω.
803 1918 881 1982 In
925 1916 1250 1983 nonnullis
1295 1917 1633 1984 vocabulis
1682 1916 1925 2003 duplex
1970 1918 2293 2004 scriptura
2349 1919 2660 2003 originem
2715 1918 2951 1985 debere
2995 1921 3088 1983 vi·

516 2021 704 2085 detur
748 2019 1195 2105 ambiguitati,
1257 2021 1362 2085 cui
1403 2019 1690 2084 'obnoxia
1733 2020 2001 2083 fuerunt
2044 2029 2107 2083 ct
2149 2020 2301 2087 licet
2345 2020 2763 2086 Herodianus
2808 2020 3086 2085 formam

512 2144 625 2205 per
667 2127 689 2188 ῑ
717 2122 1042 2203 reiecerit,
1092 2132 1307 2186 tamen
1339 2120 1441 2186 vel
1472 2121 1643 2203 ideo,
1690 2122 1863 2209 quod
1894 2121 2099 2186 altera
2130 2124 2451 2209 scriptura
2481 2122 2564 2186 ab
2597 2145 2669 2187 eo
2703 2145 3084 2203 commemo—

510 2233 653 2288 rata
695 2224 852 2306 fuit,
912 2224 1107 2288 etiam
1150 2224 1313 2288 haec
1355 2223 1423 2286 in
1469 2222 1677 2287 lexico
1720 2222 1935 2288 locum
1980 2224 2248 2288 invenit.
2294 2224 2539 2289 Herod.
2584 2227 2653 2289 in
2699 2228 2827 2290 An.
2874 2225 3079 2291 Paris.

509 2325 606 2389 IV
641 2326 757 2390 181
805 2296 1134 2411 vituperat
1176 2348 1311 2406 eos,
1371 2325 1485 2411 qui
1530 2326 1698 2390 ἰλεόε
1725 2347 1843 2411 per
1883 2348 1936 2390 ει
1981 2325 2364 2406 exhibeant,
2413 2325 2528 2392 sed
2574 2329 2741 2392 ἰλεόε
2773 2337 2837 2391 et
2880 2329 3083 2395 εἰλεόε
3182 2395 3193 2405 ,

507 2451 632 2492 non
678 2427 886 2492 solum
930 2427 1106 2514 apud
1149 2427 1344 2508 Hes,
1393 2425 1511 2490 sed
1557 2426 1752 2490 etiam
1797 2450 1899 2511 ap.
1937 2426 2168 2492 Choer.
2214 2427 2372 2508 209,
2419 2428 2501 2492 23
2547 2438 2614 2493 et
2657 2429 2813 2510 220,
2859 2431 2943 2495 30
2986 2453 3079 2495 re-

509 2530 780 2615 peritur,
838 2530 1015 2610 εἶαρ
1034 2532 1109 2595 τὸ
1165 2529 1316 2609 αἷμα
1369 2527 1686 2614 praecipit
1739 2527 1985 2592 Herod.
2032 2530 2101 2591 in
2144 2527 2360 2593 Schol.
2406 2529 2525 2593 BV
2579 2529 2664 2593 ad
2711 2532 2762 2595 Τ
2804 2531 2908 2611 87,
2964 2533 3080 2596 sed

505 2655 608 2718 ap.
655 2632 814 2697 Hes.
863 2632 1003 2711 εἶαρ
1049 2641 1114 2696 et
1160 2630 1297 2713 ἶαρ;
1345 2629 1524 2708 εἶδαρ
1571 2628 1799 2695 Choer.
1848 2629 1993 2710 207,
2046 2630 2154 2711 10,
2200 2628 2360 2693 Hes.
2409 2629 2589 2711 εἶδαρ
2636 2639 2701 2695 et
2747 2631 2924 2713 ἶδαρς
2990 2634 3075 2698 εἶ-

507 2739 624 2815 λαρ
671 2734 900 2799 Choor.
959 2732 1111 2814 208,
1162 2732 1260 2815 17,
1319 2731 1499 2811 εἶλαρ
1554 2740 1619 2797 et
1677 2731 1822 2811 ἶλαρ
1878 2731 2532 2813 Ηεε.;,,ἀνδρείκελοε
2588 2742 2652 2798 et
2706 2734 3077 2814 ἀνδρίκελοε

503 2837 698 2917 Hes,
756 2838 1096 2923 ὀρίχαλκοε
1155 2845 1218 2899 et
1263 2835 1635 2914 ὀρείχαλκοε
1679 2833 1869 2914 Hes.,
1928 2856 2203 2919 quorum
2257 2834 2579 2919 posterius
2626 2836 3075 2900 Herodianum
3172 2828 3183 2839 ’

501 2937 883 3025 praetulisse
941 2960 1025 3001 ex
1067 2936 1146 3000 E.
1192 2937 1279 3001 M.
1328 2935 1485 3016 630,
1539 2936 1643 3019 18,
1704 2935 1933 3000 Choer.
1996 2936 2121 2999 243
2164 2934 2468 3000 concludi
2517 2946 2765 3024 potest,
2830 2961 2915 3002 ex
2962 2939 3074 3002 du-

499 3040 652 3126 plici
695 3042 1017 3126 scriptura
1047 3040 1450 3119 εειρομάετηε
1495 3047 1559 3101 et
1604 3038 1972 3117 ειρομάετηε
2015 3060 2118 3122 ap.
2141 3036 2303 3102 Hes.
2337 3039 2686 3103 coniectari
2729 3038 2904 3123 licet,
2953 3041 3074 3105 hoc

498 3141 920 3225 vocabulum,
979 3141 1060 3206 de
1116 3164 1241 3228 quo
1298 3138 1558 3204 aliunde
1611 3137 1771 3201 nihil
1832 3148 2116 3222 constat,
2179 3151 2244 3205 et
2288 3163 2402 3226 per
2456 3145 2478 3207 ῐ
2536 3151 2600 3205 et
2653 3163 2772 3226 per
2816 3148 2868 3207 ε”ι
2915 3143 3070 3205 scri-

496 3252 678 3329 ptum
724 3266 865 3307 esse
911 3244 996 3308 ab
1038 3242 1433 3307 Herodiano.
1520 3240 1673 3306 Alia
1716 3240 2070 3323 vocabula,
2130 3264 2401 3328 quorum
2462 3243 2786 3328 scriptura
2830 3266 3066 3330 anceps

494 3345 650 3427 fuit,
697 3368 803 3433 ap.
833 3345 992 3410 Hes.
1024 3367 1141 3432 per
1182 3349 1204 3411 i
1247 3344 1656 3423 exhibentur,
1704 3364 2096 3429 quamquam
2141 3342 2552 3408 Herodianus
2598 3343 3068 3430 diphthongum

494 3452 546 3512 ἐἰ
589 3447 1031 3533 praeoptavit,
1086 3446 1245 3510 Hes.
1292 3448 1488 3525 ἑρίπει
1534 3447 1942 3529 καταβάλλει,
1999 3445 2242 3510 Herod.
2301 3447 2370 3509 in
2405 3434 2505 3509 ‘E.
2557 3444 2733 3510 Gud.
2780 3446 2939 3528 205,
2985 3448 3068 3511 32

494 3550 792 3628 ἐρείπτως
839 3548 1002 3613 Hes.
1047 3550 1410 3630 προυνικοί,
1458 3546 1689 3611 Choer.
1735 3547 1882 3628 251,
1927 3547 1968 3610 5
2011 3548 2413 3631 προῦνεικοις
2458 3547 2621 3611 Hes.
2657 3549 3064 3614 Καπετώλιον

492 3650 679 3734 ὄρος,
725 3649 967 3713 Herod.
1018 3673 1121 3735 ap.
1169 3651 1260 3713 St.
1311 3648 1384 3712 B.
1435 3673 1487 3712 s.
1533 3671 1596 3712 v.
1644 3657 1707 3711 et
1752 3648 1987 3713 Choer.
2019 3648 2174 3732 233,
2221 3651 2304 3714 25
2352 3651 2815 3715 Καπετωλίειον
2865 3651 3064 3715 Καπε-

491 3754 793 3833 τώλειον;
850 3750 1010 3815 Hes.
1072 3754 1280 3817 κλίτοε
1333 3758 1396 3814 et
1440 3755 1681 3834 κλιτῦε,
1735 3749 1981 3814 Herod.
2028 3750 2096 3813 in
2152 3751 2278 3814 An.
2329 3750 2456 3816 Ox.
2503 3748 2573 3814 II
2616 3750 2737 3817 303
2797 3754 3062 3835 κλειτύε,

491 3854 660 3918 unde
703 3853 932 3917 Choer.
980 3853 1135 3933 233,
1181 3852 1222 3915 5
1268 3851 1576 3937 sumpsit,
1626 3849 1741 3914 sed
1788 3851 1984 3914 etiam
2028 3850 2096 3913 in
2141 3850 2219 3915 Il.
2266 3852 2374 3915 Pr.
2419 3853 2483 3917 Π
2525 3853 2651 3916 390
2692 3858 2902 3918 κλιτῦε
2948 3877 3060 3916 ex-

489 3965 651 4039 stat3
709 3954 868 4018 Hes.
915 3955 1252 4035 Ἀκαδημία
1306 3964 1371 4016 et
1427 3953 1782 4034 Ἐχεδημία,
1842 3951 2089 4016 Herod.
2135 3974 2239 4038 ap.
2288 3953 2380 4016 St.
2426 3954 2536 4035 Β.,
2596 3954 2676 4017 Ε.
2722 3954 2812 4017 Μ.
2856 3954 2973 4034 44,
3022 3956 3060 4017 9

486 4059 858 4136 Ἀκαδήμεια
913 4058 1302 4137 Ἐχεδήμειας
1357 4053 1515 4117 Hes,
1571 4056 1791 4132 Δαῑρα
1850 4053 1921 4135 (i.
1980 4077 2034 4117 e.
2080 4054 2354 4138 Δάϊρα),
2412 4053 2656 4119 Herod.
2711 4053 2781 4115 in
2837 4052 2917 4116 E.
2965 4054 3056 4117 M.

486 4158 642 4241 244,
688 4159 773 4223 34
816 4167 882 4222 et
925 4159 1081 4239 318,
1126 4158 1209 4222 53
1254 4159 1531 4238 Δάειρας
1579 4156 1737 4220 Hes,
1785 4158 2079 4240 καυλίον,
2127 4154 2356 4220 Choer.
2405 4156 2552 4237 227,
2604 4157 2672 4219 11
2724 4160 3055 4237 καυλεῑον;

488 4261 643 4325 HeS.
689 4263 1021 4343 κηρύκιον,
1068 4260 1298 4325 Choer.
1343 4259 1498 4341 230,
1544 4259 1625 4321 28
1673 4260 2037 4339 κηρύκειον,
2085 4257 2244 4321 HeS.
2289 4261 2584 4342 κουρίον,
2632 4257 2863 4322 Choer.
2908 4258 3053 4338 231,

491 4363 596 4443 15,
644 4361 930 4446 Theogn.
983 4362 1134 4443 128,
1180 4362 1262 4425 22
1305 4365 1635 4442 κουρεῖον,
1681 4360 1841 4424 Hes.
1888 4362 2330 4440 Ἀτραμύτιον,
2388 4358 2635 4423 Herod.
2681 4381 2784 4444 ap.
2835 4358 2928 4422 St.
2974 4358 3052 4422 B.

483 4472 596 4527 aut
633 4465 1076 4545 Ἀτραμύττιον
1121 4475 1233 4528 aut
1277 4464 1754 4544 Ἀτραμύτειον;
1803 4462 1962 4526 Hes,
2013 4462 2473 4545 ἀνδριφόντηε,
2518 4462 2597 4526 Ε.
2640 4459 2732 4524 M.
2784 4460 2924 4541 102,
2975 4460 3052 4523 13

482 4565 988 4647 ἀνδρειφόντηε.”
1043 4565 1255 4645 Quam
1299 4566 1657 4652 scripturae
1701 4563 2151 4628 diversitatem
2194 4564 2344 4627 inde
2388 4561 2841 4649 explicandam
2885 4562 3053 4625 arbi-

483 4674 648 4750 tror,
715 4667 888 4753 quod
945 4666 1317 4753 Hesychius
1386 4667 1774 4753 scripturam
1828 4689 1868 4729 a
1919 4665 2327 4750 Diogeniano
2390 4664 2699 4729 traditam
2762 4662 3050 4744 retinuit,

482 4790 562 4831 ne
607 4767 895 4832 ordinem
951 4768 1410 4833 vocabulorum
1465 4776 1775 4848 mutaret,
1831 4790 2040 4854 neque
2096 4789 2137 4831 a
2178 4756 2509 4853 proposito
2564 4788 2681 4829 suo
2733 4763 3050 4828 Herodia-

482 4889 640 4934 neae
686 4868 1186 4956 orthographiae
1231 4869 1602 4959 sequendae
1645 4869 1950 4935 aberrare
1995 4892 2065 4934 se
2105 4869 2405 4956 opinatus
2451 4877 2582 4952 est,
2640 4887 2840 4953 quum
2892 4865 3047 4930 scri-
