3664 5546
1185 391 1342 446 Περι
1385 390 1776 445 κΑοοΛικΗς
1813 390 2236 446 ΠΡοςΩιΔιΑς
2276 391 2346 443 ιτ.
2944 385 3071 450 355

478 561 987 638 Ἀπολλόδωρος.
1041 557 1400 639 Φερεκύδης
1446 564 1517 626 δὲ
1562 562 1600 625 ὁ
1631 562 1963 641 Ἀθηναῖος
2007 562 2098 640 τὰ
2128 562 2241 640 μὲν
2274 560 2561 624 ἐΰκτιτον
2608 558 2829 636 κύριον
2861 558 3070 636 ὄνομα

475 663 831 744 παρέλαβε,
876 663 950 726 τὸ
996 663 1067 725 δ“ε
1112 662 1266 726 αἰπύ
1312 663 1623 728 ἐπίθετον.
1711 664 1780 727 ἐκ
1835 665 1906 726 δὲ
1949 668 2068 727 τοῦ
2113 662 2408 727 ἐναντίου
2465 662 2630 724 τινὲς
2685 661 2759 724 τὸ
2807 661 2920 739 μὲν
2968 659 3067 721 ἐΰ-

479 785 688 828 κτιτον
747 764 1075 845 ἐπίθετον,
1130 765 1206 827 τὸ
1268 766 1340 828 δὲ
1384 764 1536 828 αἰπύ
1596 765 1851 846 κύριον,
1907 764 2047 828 ἐπεὶ
2102 764 2205 828 καὶ
2258 763 2328 827 ἐν
2385 762 2607 826 ἄλλοις
2664 748 2774 844 (Π.
2820 761 2869 825 Λ
2916 759 3069 841 711)

480 866 729 946 εἴρηκεν
789 867 953 930 «ἔςτι
1011 866 1082 927 δέ
1138 886 1230 929 τις
1277 866 1601 944 Θρυόεςςα
1663 867 1878 948 πόλις,
1944 865 2159 929 αἰπεῖα
2218 865 2512 943 κολώνη»
2582 864 2620 928 ὃ
2676 866 2794 927 νῦν
2820 861 3066 943 ,εἴρηκε

476 968 638 1031 Αἰπύ
695 968 799 1031 καὶ
856 967 945 1031 ὡς
1001 966 1170 1030 ἴδιον
1225 967 1577 1046 γενόμενον
1635 968 1977 1047 βούλονται
2035 967 2426 1046 βαρυτονεῖν.
2524 965 2929 1043 Πτολεμαῖος
2994 964 3064 1027 δέ
3096 969 3128 1017 5

479 1089 628 1148 φηςι
662 1071 775 1148 μὲν
819 1068 1041 1145 κύριον
1073 1066 1237 1131 εἶναι
1282 1069 1358 1131 τὸ
1388 1066 1585 1149 Αίπύ,
1632 1067 1711 1132 οὐ
1757 1071 1879 1148 μὴν
1921 1068 2422 1143 ςυγκατατίθεται
2467 1072 2559 1149 τῶ
2596 1066 2769 1149 τόνῳ
2800 1065 3064 1145 φάςκων

481 1171 569 1233 ὡς
616 1163 713 1232 ὅτι
762 1169 1001 1233 πολλαὶ
1043 1168 1264 1233 πόλεις
1308 1169 1723 1248 ὁμοφωνοῦςι
1769 1172 2293 1249 προςηγορικοῑς,
2338 1168 2546 1249 ”Ἐλος,
2578 1167 2898 1242 Αἰγιαλός·
2944 1169 3064 1246 χρὴ

480 1271 696 1349 μέντοι
740 1270 1066 1345 γινώςκειν
1113 1270 1210 1333 ὅτι
1256 1269 1751 1349 ἀναλογώτερον
1797 1269 2152 1345 ἀνάγνωςις
2196 1269 2276 1347 ἦν
2322 1269 2362 1346 ἡ
2405 1271 2642 1347 βαρεῖα.
2687 1269 2766 1331 τὰ
2810 1269 2934 1347 γὰρ
2979 1268 3066 1332 εἰς

481 1374 519 1434 ὖ
567 1374 890 1451 μονογενῆ
938 1372 1289 1451 βαρύνεται.

629 1496 669 1531 -z
714 1471 813 1537 Εἰς
863 1477 955 1536 ὧν
1003 1471 1346 1551 οὐδέτερον
1393 1475 1741 1552 μονογενὲς
1785 1473 1824 1550 ἢ
1873 1473 1959 1537 εἰς
1989 1475 2069 1551 ἦν
2114 1474 2153 1551 ἢ
2200 1471 2288 1535 εἰς
2332 1472 2417 1532 ἄν’
2459 1471 2498 1548 ἢ
2544 1469 2632 1534 εἰς
2678 1474 2749 1534 ἐν
2792 1471 2832 1548 ἢ
2869 1471 2957 1536 εἰς
3000 1472 3069 1536 N
3106 1474 3170 1526 10

478 1576 517 1651 ἢ
563 1574 651 1639 εἰς
695 1578 780 1639 w
825 1573 941 1638 οὐκ
986 1573 1150 1639 ἔςτιν
1183 1575 1410 1652 εὑρεῖν.
1455 1576 1533 1638 τὸ
1578 1575 1701 1652 γὰρ
1746 1573 2068 1652 ἰθύτρην
2114 1572 2288 1650 παρὰ
2317 1572 2703 1655 Δημοκρίτῳ
2736 1572 3060 1652 βεβίαςται.

647 1678 741 1741 Τὰ
796 1675 884 1740 είς
931 1661 1083 1740 λέον
1129 1675 1452 1764 ὀξύνεται,
1500 1676 1805 1739 Χαλεόν
1852 1676 1892 1754 ἡ
1935 1675 2153 1755 πόλις,
2199 1672 2430 1737 ἐλεόν
2475 1672 2514 1749 ἡ
2548 1674 2871 1752 μαγειρικὴ
2915 1675 3060 1753 τρά-

478 1783 654 1844 πεζα.
703 1777 987 1857 «βάλλον
1033 1777 1089 1839 δ’
1133 1776 1225 1839 εἰν
1272 1776 1608 1858 ἐλεοῖςιν»,
1654 1776 2003 1857 ςτελεόν,
2034 1775 2072 1839 ὃ
2118 1775 2217 1837 καὶ
2261 1773 2540 1838 ςτελειόν
2586 1774 2836 1849 λέγεται
2881 1796 3064 1855 ποιη-

479 1884 697 1959 τικῶς,
753 1879 855 1941 καὶ
909 1877 1191 1958 ςτελεός,
1249 1878 1532 1941 κολεόν
1586 1879 1624 1955 ἢ
1685 1876 2049 1941 κουλεόν.
2156 1875 2508 1940 Πτελεόν
2576 1875 2763 1940 πόλις
2830 1876 3067 1942 Ἰωνίας
3219 1953 3231 1960 ,

482 1980 584 2043 καὶ
626 1979 932 2062 Τρῳάδος
976 1979 1079 2043 καὶ
1121 1982 1253 2042 τῶν
1296 1980 1444 2057 περὶ
1487 1978 1836 2042 Θετταλίαν
1882 1978 2166 2056 Ἀχαιῶν.
2233 1977 2510 2040 καλεῖται
2559 1977 2628 2039 δὲ
2675 1976 2771 2040 ὅτι
2815 1982 3064 2046 πολλὰς
3110 1983 3170 2035 15

482 2080 610 2159 ἔχει
666 2080 963 2144 πτελέας·
1037 2079 1164 2143 ἔςτι
1230 2081 1300 2142 δὲ
1364 2080 1468 2144 καὶ
1526 2079 1905 2161 Μεςςηνίας,
1972 2078 2078 2158 μία
2143 2080 2276 2142 τῶν
2341 2083 2565 2160 τριῶν,
2633 2076 2725 2141 ὧν
2781 2079 3066 2159 Ὅμηρος

483 2181 860 2260 μνημονεύει
909 2181 1051 2244 «καὶ
1093 2180 1385 2244 Πτελεὸν
1430 2181 1531 2244 καὶ
1573 2180 1762 2245 Ἕλος
1805 2180 1910 2243 καὶ
1952 2180 2259 2257 Δώριον»
2309 2177 2387 2260 (Β
2417 2176 2587 2257 594).
2675 2179 3066 2260 Δικαίαρχος

484 2284 557 2346 δὲ
598 2283 902 2360 τέτταρας
944 2281 1177 2345 ταύτας
1223 2280 1387 2346 εἶναί
1432 2302 1582 2361 φηςι
1627 2282 1731 2346 καὶ
1771 2281 2058 2345 Πτελέας
2104 2281 2184 2343 οὐ
2228 2279 2519 2370 Πτελεόν
2569 2280 2726 2343 κατὰ
2770 2282 2846 2344 τὸ
2890 2289 3066 2361 πρῶ-

480 2404 595 2448 τον
640 2388 758 2447 τοῦ
805 2382 945 2463 βίου
989 2385 1101 2459 τῆς
1132 2381 1435 2446 Ἑλλάδος
1481 2382 1740 2462 βιβλίον.
1786 2382 1841 2445 εἰ
1887 2383 1958 2444 δὲ
2003 2382 2085 2461 μὴ
2131 2382 2344 2459 ἔχουςι
2389 2382 2464 2444 τὸ
2514 2368 2612 2462 λε,
2656 2385 3066 2461 προπαροξύ-

481 2505 733 2566 νονται,
781 2483 1144 2566 ὄςτρεον,
1177 2485 1214 2547 ὃ
1246 2485 1347 2547 καὶ
1376 2483 1666 2561 ὄςτρειον
1702 2484 1981 2564 λέγεται,
2027 2481 2350 2564 ὄρνεον,
2382 2482 2794 2564 δένδρεον,
2833 2482 3066 2568 ὤεον,
3103 2487 3171 2538 20

482 2585 641 2664 ὅπερ
697 2585 768 2648 ἐν
821 2586 1204 2666 πλεοναςμῷ
1258 2590 1375 2649 τοῦ
1432 2588 1463 2648 ἒ
1521 2585 1651 2649 ἀπὸ
1705 2588 1823 2648 τοῦ
1881 2583 2046 2665 ὠόν,
2114 2583 2419 2647 κάνεον.
2506 2583 2583 2646 τὸ
2652 2585 2722 2646 δὲ
2786 2584 3066 2652 ὀςτέον

377 2705 387 2721 ·
482 2685 903 2764 παροξύνεται
952 2684 1042 2748 ὼς
1087 2685 1495 2766 διςύλλαβον·
1541 2685 1671 2750 ἀπὸ
1716 2686 1839 2763 γὰρ
1883 2688 2002 2748 τοῦ
2042 2684 2243 2764 ἵςτημι
2289 2684 2472 2748 ςτέον
2518 2685 2618 2747 καὶ
2648 2683 2902 2750 ὀςτέον·
2949 2689 3069 2753 οὐκ

481 2786 704 2862 ἀγνοῶ
759 2787 830 2849 δὲ
889 2788 977 2850 ῶς
1034 2788 1137 2851 καὶ
1191 2786 1421 2852 ὀςτοῦν
1479 2788 1758 2870 λέγεται,
1816 2785 1913 2851 ’ὡς
1969 2786 2071 2850 καὶ
2126 2786 2300 2864 παρὰ
2358 2786 2639 2870 Κρατίνῳ
2696 2787 2769 2852 ἐν
2821 2789 3067 2874 Πυτίνῃ

890 2885 1078 2951 «ἀλλ’
1128 2888 1282 2952 οὐδὲ
1330 2888 1615 2967 λάχανον
1662 2888 1858 2953 οὐδὲν
1905 2886 2043 2950 οὐδ’
2088 2887 2322 2951 ὀςτοῦν
2367 2886 2459 2951 ἔτι

885 2989 1080 3066 ὁρῶ».
3103 2995 3168 3045 25

478 3094 715 3155 τοῦτον
757 3091 876 3155 τὸν
920 3090 1166 3167 τρόπον
1212 3092 1314 3173 καὶ
1354 3092 1430 3155 τὸ
1475 3091 1707 3156 κάνεον
1753 3094 2008 3155 κανοῦν.

601 3199 606 3203 ’
648 3192 743 3255 Τά
785 3192 875 3256 εἰς
919 3194 1003 3255 οἳ
1047 3192 1387 3272 διςύλλαβα
1428 3194 1927 3272 παραληγόμενα
1968 3198 2061 3275 τῷ
2104 3194 2136 3255 ἶ
2192 3190 2371 3276 μόνῳ
2428 3192 2466 3268 ἢ
2511 3196 2587 3274 τῇ
2632 3195 2685 3255 {i
2731 3195 3066 3279 διφθόγγῳ

483 3292 851 3374 βαρύνεται,
924 3293 1184 3374 μνίον,
1252 3293 1442 3371 ῥίον.
1543 3294 1670 3358 ἔςτι
1735 3295 1840 3359 καὶ
1903 3294 2090 3357 πόλις
2160 3293 2486 3371 Μεςςήνης
2550 3294 2588 3371 ἢ
2646 3293 2898 3372 Ἀχαΐας
2964 3298 3065 3361 καὶ

481 3392 644 3472 ἄλλη
699 3393 1021 3457 Αἰτωλίας.
1111 3394 1275 3459 ςίὸν
1344 3394 1629 3474 λαχάνου
1695 3393 1903 3476 εἶδος,
1968 3393 2126 3476 ἴον,
2195 3394 2447 3476 δρίον,
2514 3393 2675 3472 ὅπερ
2729 3397 2898 3460 τινὲς
2963 3400 3067 3462 καὶ

482 3493 659 3571 δρίος
702 3494 1054 3576 γράφουςι,
1106 3495 1310 3560 Δῖον
1354 3498 1541 3560 πόλις
1585 3496 1849 3575 Εὐβοίας
1893 3497 2037 3573 περὶ
2079 3496 2155 3559 τὸ
2205 3495 2496 3572 Κήναιον.
2569 3496 2865 3574 ’Όμηρος
2902 3497 3064 3576 «Κή-
3101 3502 3168 3555 30

484 3594 703 3672 ρινθόν
747 3593 814 3656 τ’
857 3594 1107 3673 ἔφαλον
1137 3596 1307 3661 Δῖόν
1350 3598 1415 3660 τ’
1460 3596 1613 3660 αἰπὺ
1656 3597 2083 3674 πτολίεθρον»
2130 3597 2206 3677 (Β
2235 3595 2407 3677 538).
2465 3596 2588 3660 ἔςτι
2634 3598 2738 3660 καὶ
2770 3598 3061 3662 Μακεδο-

482 3695 648 3777 νίας,
694 3694 852 3758 ἔνθα
893 3696 1009 3760 τὸν
1055 3696 1439 3780 Ὀλυμπικὸν
1485 3696 1709 3774 ἀγῶνα
1751 3698 2045 3762 ἐτέλουν·
2106 3696 2163 3773 γ’
2208 3696 2333 3761 ἔςτι
2377 3697 2542 3775 πρὸς
2585 3703 2679 3782 τῷ
2721 3698 2926 3783 Ἄθῳ,
2974 3702 3065 3766 ὡς

483 3964 625 4013 quae
660 3948 766 3999 huc
801 3950 1086 4013 transtuli,
1126 3954 1310 4013 posita
1347 3954 1501 4011 sunt,
1540 3950 1785 4003 additur:
1822 3953 2005 4003 ταῦτα
2042 3950 2104 4003 ἑν
2140 3954 2210 4017 τῇ
2249 3948 2559 4019 προςῳδίᾳ·
2598 3950 2688 4001 καὶ
2725 3950 2787 4003 ἑν
2823 3954 2893 4018 τῇ
2934 3956 3062 4004 καθ-

484 4015 620 4066 όλου
656 4016 716 4067 δὲ
753 4015 964 4079 ὁμοίως
1000 4015 1315 4081 ἀμφίβολον
1360 4017 1502 4068 αὐτὸ
1549 4017 1628 4085 ἑᾷ.
1698 4018 1762 4071 ἑν
1799 4020 1990 4082 μέντοι
2034 4023 2106 4085 τῇ
2142 4019 2190 4071 Ζ
2226 4018 2374 4085 (422)
2421 4021 2524 4083 τῆς
2562 4017 2783 4069 Ἰλιάδος
2836 4019 3060 4082 διαλαμ-

483 4082 674 4146 βάνων
710 4085 838 4147 περὶ
873 4087 975 4135 τοῦ
1016 4083 1084 4150 ἰῷ
1121 4082 1218 4136 «οἳ
1254 4085 1355 4148 μὲν
1391 4084 1601 4137 πάντες
1641 4085 1707 4152 ἰῷ
1743 4085 1867 4139 κίον
1934 4101 2105 4150 ματι»
2141 4088 2406 4150 φανερῶς
2444 4084 2619 4151 λέγει,
2659 4085 2748 4136 ὅτι
2787 4085 3063 4151 Ἀρίςταρ-
3108 4118 3114 4133 .
3165 4090 3177 4096 ‘

480 4164 577 4215 χος
614 4149 795 4203 ὀξύνει
832 4150 902 4202 τὸ
939 4150 1085 4204 Αἰπύ
1123 4152 1212 4203 καὶ
1248 4150 1475 4218 ἑπείςθη
1512 4152 1670 4220 αὐτῷ
1717 4153 1752 4217 ἡ
1791 4156 1898 4205 πλε
1926 4169 2009 4204 ων
2057 4157 2257 4218 χρῆςις.
2328 4156 2397 4202 cf.
2435 4155 2611 4203 Lehrs
2658 4153 2828 4207 Arist,
2869 4169 2923 4219 p.
2959 4157 3061 4205 292

480 4219 561 4268 ed.
599 4220 686 4270 11:
879 4219 914 4269 l.
955 4224 1016 4269 10
1060 4221 1161 4269 hoc
1205 4227 1558 4286 praeceptum
1606 4223 1784 4272 adieci
1831 4240 1900 4272 ex
1938 4223 2184 4287 Theogn.
2234 4238 2289 4286 p.
2326 4224 2418 4283 79,
2465 4222 2559 4270 ubi
2599 4221 2827 4270 diserte:
2876 4220 3063 4273 οὕτως

482 4284 822 4350 Ἡρωδιανὸς
859 4284 922 4337 ἐν
952 4282 1027 4353 ’τῇ
1065 4287 1311 4338 καθόλου
1345 4289 1420 4338 οἱ.
1461 4290 1597 4339 Lob.
1635 4288 1840 4342 Parall.
1876 4292 1992 4339 204.
2198 4289 2234 4337 l.
2273 4291 2335 4337 1-2
2381 4289 2451 4337 ad
2488 4286 2706 4338 Χαλεόν
2751 4290 2987 4353 apposui
3023 4290 3058 4352 ἡ

482 4354 647 4405 πόλις
684 4371 751 4405 ex
775 4355 1021 4420 Theogn.
1061 4359 1174 4416 121,
1214 4360 1263 4406 3.
1314 4356 1505 4407 Iacobi
1541 4356 1731 4406 laudat
1767 4358 2023 4407 Rossium
2059 4355 2123 4406 de
2166 4355 2331 4405 inser.
2372 4371 2422 4420 p.
2454 4357 2532 4417 13,
2570 4356 2785 4405 Abrens
2821 4355 2885 4403 de
2927 4357 3061 4407 dial.

481 4422 610 4472 Dor.
657 4440 710 4488 p.
752 4424 842 4485 12,
895 4423 1068 4474 verba
1123 4421 1330 4485 βάλλον
1375 4423 1433 4473 δ’
1469 4421 1553 4474 εἰν
1598 4422 1832 4474 ἑλεοῖςιν
1881 4440 1948 4473 ex
1993 4426 2139 4475 Mon.
2186 4426 2279 4485 37,
2327 4426 2394 4472 30
2437 4422 2651 4483 addidi,
2710 4421 2941 4473 ςτελεόν
2997 4441 3063 4475 ex

481 4488 727 4554 Theogn.
767 4495 824 4540 et
860 4490 1007 4541 Mon.
1045 4496 1101 4540 et
1125 4492 1302 4541 Schol.
1338 4492 1408 4541 ad
1435 4492 1538 4541 Od.
1569 4505 1594 4541 ε
1621 4495 1719 4543 236
1756 4490 2006 4542 ςτελειόν
2043 4488 2435 4554 ὁξυτονητέον.
2482 4489 2687 4541 κολεόν
2724 4508 2791 4540 ex
2815 4492 3063 4557 Theogn.

484 4560 542 4605 et
576 4559 740 4620 Mon.,
779 4556 1038 4609 Πτελεόν
1075 4575 1140 4607 ex
1179 4558 1259 4607 St.
1294 4559 1356 4608 B.
1550 4559 1584 4609 l.
1622 4562 1688 4609 20
1725 4556 1756 4608 ὃ
1795 4559 1884 4609 καὶ
1923 4558 2177 4623 ὄςτρειον
2212 4557 2436 4620 λέγεται
2474 4560 2657 4623 recepi
2694 4575 2760 4608 ex
2797 4560 3062 4624 Theogn„

481 4623 613 4672 item
650 4622 825 4689 ὤεον,
863 4625 1070 4677 κάνεον
1107 4642 1174 4675 ex
1211 4627 1378 4687 Mon„
1414 4627 1559 4676 unde
1599 4628 1763 4675 etiam
1801 4627 1974 4677 verba
2008 4626 2111 4677 οὐκ
2149 4622 2340 4687 ἀγνοῶ
2378 4641 2548 4690 usque
2584 4624 2651 4675 ad
2688 4625 2864 4676 finem.
2927 4628 3064 4678 Cae-

483 4694 658 4740 terum
704 4692 775 4743 ef.
819 4694 888 4748 11.
932 4695 1020 4743 Pr.
1070 4692 1115 4744 Ω
1159 4696 1256 4744 793
1300 4692 1448 4744 τινὲς
1503 4693 1669 4745 ὀςτεα
1725 4693 2239 4758 προπαροξυτόνως
2293 4691 2372 4743 ὡς
2426 4691 2648 4755 χάλκεα.
2727 4692 2956 4756 ἄμεινον
3002 4694 3064 4745 δὲ

485 4757 831 4820 παροξύνειν.
979 4761 1015 4814 l.
1051 4763 1117 4811 28
1163 4758 1310 4812 Ῥίον
1353 4763 1624 4827 proprium
1662 4763 1900 4813 accessit
1936 4779 2004 4812 ex
2042 4763 2123 4813 St.
2161 4761 2247 4824 B.,
2296 4761 2365 4809 ad
2412 4757 2569 4824 δρίον
2611 4762 2782 4811 verba
2819 4761 2962 4825 ὅπερ
2997 4791 3062 4797 —

483 4823 755 4889 γράφουςι
792 4826 982 4877 addidi
1019 4842 1084 4878 ex
1121 4830 1368 4894 Theogn.
1395 4832 1510 4893 121,
1549 4832 1611 4879 14
1649 4830 1719 4879 cf.
1759 4830 1823 4883 E.
1851 4831 1923 4879 M.
1948 4832 2066 4894 287,
2104 4830 2188 4891 433
2225 4827 2365 4880 Δῖον
2404 4845 2471 4878 ex
2503 4829 2751 4894 Theogn.
2790 4833 2846 4879 et
2873 4832 2953 4885 St.
2982 4833 3062 4895 B.,

2524 4911 2659 4975 23*
