3664 5546
667 302 797 368 270
1604 301 1687 356 εκ
1724 264 1865 356 mn
1908 300 2318 356 ΗΡΩΔΙΑΝοΥ

665 470 1127 550 Αἰγείρουςα
1180 471 1368 536 πόλις
1421 475 1532 550 τῆς
1586 472 1979 555 Μεγαρίδος,
2040 472 2130 536 ὼς
2175 470 2475 552 (τράβων
2529 469 2599 554 (9
2643 493 2702 556 p.
2747 469 2918 553 394).
3008 471 3270 547 λέγεται

664 575 766 638 καὶ
820 574 1139 657 Αἴγειρος,
1198 574 1288 638 ὡς
1345 573 1734 658 Θεόπομπος
1790 580 2183 659 πεντηκοστῇ
2239 574 2403 658 ἕκτῃ.
2491 574 3014 652 Ἀργὲννουςα
3069 576 3271 652 νῆςος

664 677 833 761 πρὸς,
881 682 958 760 τῇ
1002 675 1246 760 ἠπείρῳ
1298 679 1410 753 τῆς
1453 675 1760 753 Τρωάδος
1803 677 1979 755 παρὰ
2022 676 2488 754 τὸ’Ἀργεννὸν
2530 673 2963 757 ἀκρωτήριον,
3008 673 3132 757 ἀφ’
3177 673 3270 740 οὗ

664 777 1035 856 ἀργεννόεις
1079 779 1183 842 καὶ
1225 779 1384 842 κατὰ
1428 777 1778 856 ςυναίρεςιν
1822 776 2181 855 ἀργεννοῦς
2224 778 2329 841 καὶ
2372 778 2811 855 Ἀργέννουςοι
2872 777 3269 855 Ἀνδροτίων

602 888 635 939 5
668 882 739 944 δὲ
785 880 857 945 ἐν
900 886 993 965 τῷ
1037 880 1321 962 τετάρτῳ
1365 881 1478 956 τῆς
1507 879 1789 943 Ἀτθίδος
1835 880 1941 943 διὰ
1982 882 2100 943 τοῦ
2144 881 2191 942 ῑ.
2282 878 2335 943 εἰ
2380 881 2452 943 δὲ
2495 880 2615 943 δύο
2661 879 2905 962 ἔχοιεν,
2949 898 3266 958 προπερι-

665 986 960 1047 ςπῶνται.
1047 981 1523 1045 Πιτυοῦςςαι
1578 982 1758 1057 νῆςοι
1805 980 2149 1062 διάφοροι,
2204 979 2281 1045 ἃς
2331 981 2684 1045 Πιτυώδεις
2738 984 2919 1046 καλεῖ
2963 980 3264 1064 Ἀλκμάν,

662 1082 1085 1148 Ῥοδοῦςςα
1127 1083 1313 1147 πόλις
1355 1084 1466 1159 τῆς
1511 1082 1809 1160 Ἀργείας.
1884 1081 2326 1160 Ἐρικοῦςςα
2380 1082 2487 1162 μία
2540 1088 2672 1148 τῶν
2727 1083 2965 1148 Αἰόλου
3020 1084 3261 1166 νήςων,

663 1183 795 1248 ἀπὸ
851 1188 969 1248 τοῦ
1024 1188 1235 1263 φυτοῦ
1281 1184 1659 1263 καλουμένη.
1748 1183 2279 1249 Φοινικοῦςςα
2334 1185 2453 1249 δύο
2509 1188 2690 1261 νῆςοι
2747 1184 2818 1250 ἐν
2871 1191 2963 1266 τῷ
3008 1185 3262 1269 Λιβυκῷ

663 1287 886 1369 κόλπῳ
931 1286 1094 1362 πρὸς
1146 1293 1223 1369 τῇ
1273 1286 1661 1367 Καρχηδόνι,
1723 1285 1813 1349 ὡς
1858 1284 2180 1350 Ἑκαταῖος
2233 1286 2594 1366 περιηγήςει
2640 1287 2884 1366 Λιβύης.
2976 1286 3100 1350 ἔςτι
3152 1286 3264 1350 καὶ

569 1393 629 1445 ιο
662 1387 850 1451 πόλις
878 1386 1197 1452 Φοινίκων
1242 1388 1314 1450 ἐν
1360 1386 1551 1470 (υρίᾳ
1582 1387 2055 1470 Φοινικοῦςςαι,
2103 1387 2193 1453 ὡς
2238 1386 2435 1452 αὐτὸς
2479 1388 2548 1452 ἐν
2580 1387 2763 1472 Ἀςίᾳ.
2822 1388 3257 1452 Φυκοῦςςαι

662 1492 842 1566 νῆςοι
887 1489 1144 1569 Λιβύης·
1192 1488 1620 1567 ὀνομάζονται
1665 1489 1737 1553 δὲ
1782 1490 1887 1553 διὰ
1929 1489 2005 1553 τὸ
2037 1489 2266 1569 φυκων
2312 1488 2476 1554 εἶναι
2506 1492 2787 1568 πλήρεις.
2833 1488 3255 1555 Οἰνοῦςςαι

662 1593 841 1667 νῆςοι
886 1597 964 1674 τῇ
1012 1591 1144 1674 Χίῳ
1188 1593 1537 1668 προςεχεῖς.
1584 1589 1908 1655 Ἑκαταῖος
1938 1590 2226 1675 Εὐρώπῃ.
2273 1591 2720 1656 Ἐλαιοῡςςα
2764 1594 2953 1669 νῆςος
2987 1591 3256 1655 Κιλικίας

661 1693 850 1777 nard*
885 1693 1003 1770 τὴν
1070 1691 1339 1769 ἤπειρον
1394 1692 1557 1769 πρὸς
1613 1698 1689 1775 τῇ
1748 1693 2043 1778 Κωρύκῳ.
2134 1692 2243 1757 εἰςὶ
2285 1690 2374 1758 ’δὲ
2437 1694 2541 1758 καὶ
2595 1691 2782 1758 ἄλλαι
2838 1696 3016 1770 νῆςοι
3076 1692 3253 1756 ἑπτά.

664 1792 1096 1872 (χινοῦςςα
1150 1792 1402 1871 Φωκικὴ
1459 1796 1665 1870 νῆςος.
1753 1796 2221 1874 Δρυμοῦςςα
2275 1798 2467 1871 νῆςος
2521 1794 2775 1859 Ἰωνίας.
2862 1795 3256 1872 Θουκυδίδης

562 1904 625 1955 15
662 1894 863 1979 ὀγδόῃ
919 1893 1006 1977 (ο.
1061 1892 1197 1976 31).
1287 1893 1891 1973 Φαρμακοῦςςαι
1948 1896 2066 1960 δύο
2125 1899 2303 1973 νῆςοι
2358 1896 2628 1975 πληςίον
2686 1896 3055 1976 (αλαμῑνος.
3148 1897 3256 1960 καὶ

661 1996 822 2075 ἄλλη
869 1996 1030 2074 ὑπὲρ
1079 1995 1392 2078 Μίλητον,
1439 1995 1510 2059 ἐν
1553 1997 1592 2079 ᾗ
1636 1997 1945 2063 Ἄτταλος
1988 1996 2281 2081 ἀνῃρέθη.
2357 1997 2801 2078 Ὀφιοῦςςα·
2860 1998 3067 2063 οὕτως
3110 1997 3252 2061 ἐκα-

661 2101 835 2162 λεῖτο
881 2098 920 2176 ἡ
966 2097 1190 2179 Λιβύη,
1248 2098 1338 2161 ὡς
1380 2097 1789 2180 Πολυίςτωρ,
1846 2100 1950 2163 καὶ
2002 2100 2040 2178 ἡ
2087 2100 2310 2165 Ῥόδος
2354 2101 2457 2163 καὶ
2511 2101 2550 2179 ἡ
2596 2100 2805 2177 Τῆνος
2849 2101 2950 2163 καὶ
2992 2099 3032 2177 ἡ
3077 2098 3255 2176 Τύρα

658 2200 859 2264 πόλις.
949 2199 1400 2278 Ταφιοῦςςα
1455 2187 1645 2264 πόλις
1702 2199 2140 2279 Κεφαλληνίας
2201 2201 2239 2279 ἡ
2300 2201 2622 2279 πρότερον
2681 2200 2921 2280 Τάφος.
2957 2230 2970 2236 ·
3008 2200 3254 2278 Πιθη-

659 2321 745 2365 κο
762 2305 974 2365 ῦςςαι
1020 2303 1199 2377 νῆςοι
1244 2301 1391 2378 περὶ
1433 2299 1807 2379 Τυρρηνίαν.
1873 2303 2286 2381 Ἰχνοῦςςα·
2354 2301 2561 2367 οὕτως
2606 2303 2895 2367 ἐκαλεῖτο
2941 2303 2980 2381 ἡ
3025 2300 3253 2379 Εαρδὼ

557 2414 625 2463 20
659 2407 853 2481 νῆςος
910 2402 1068 2466 διότι
1127 2401 1370 2466 ἐοικυῖα
1424 2400 1504 2480 ἦν
1571 2400 1923 2480 ἀνθρώπου
1987 2403 2167 2483 ἴχνει.
2256 2404 2772 2469 Λοπαδοῦςςα
2835 2406 3028 2480 νῆςος
3092 2403 3255 2466 κατὰ

659 2504 892 2583 Θάψον
936 2506 1048 2579 τῆς
1083 2503 1349 2586 Λιβύης,
1409 2504 1499 2567 ὡς
1544 2504 2037 2583 Ἀπολλόδωρος
2093 2505 2345 2591 ἑβδόμῳ
2395 2506 3022 2586 γεωγραφουμὲνων.
3099 2504 3253 2568 Να-

657 2609 1024 2682 γιδοῦςςα
1068 2608 1274 2681 νῆςος.
1321 2605 1645 2669 Ἑκαταῖος
1677 2605 1860 2689 Ἀςίᾳ.
1907 2606 2408 2681 Ἀγαθοῦςςα·
2456 2607 2664 2672 οὕτως
2708 2608 2997 2671 ἐκαλεῖτο
3041 2607 3081 2686 ἡ
3126 2606 3251 2682 Τῆ-

660 2710 776 2772 λος
820 2710 1041 2789 νῆςος,
1090 2707 1179 2770 ὡς
1225 2706 1454 2771 Ἰάςων.
1501 2707 2043 2786 Φαςηλοῦςςαι
2088 2707 2208 2773 δύο
2253 2711 2432 2787 νῆςοι
2472 2709 2702 2790 Λιβύης
2731 2709 2998 2789 πληςίον
3046 2707 3252 2787 (ίριος

589 2877 605 2886 ,
655 2813 966 2889 ποταμοῦ.
1035 2809 1359 2874 Ἑκαταῖος
1402 2811 1764 2888 περιηγήςει
1808 2810 2054 2904 Λιβύης,
2126 2811 2603 2891 Δελφοῦςςα
2645 2812 2843 2890 κρήνη
2902 2815 3035 2876 τῶν
3077 2811 3250 2874 Δελ-

553 2922 621 2972 25
656 2916 822 2992 φῶν.
900 2912 1285 2990 Γηθοῦςςα
1338 2911 1526 2975 πόλις
1569 2911 1812 2992 Λιβύης.
1893 2913 2284 2977 Γονοῦςςα
2338 2913 2525 2977 πόλις
2568 2913 2966 2993 Περραιβίας.
3040 2912 3248 2976 Ἐλα-

656 3018 987 3094 φοῦςςα·
1061 3012 1267 3077 οὕτως
1330 3012 1635 3091 Ἕλληνες
1700 3012 1998 3092 Βρεττίαν
2071 3018 2266 3091 νῆςον
2339 3015 2410 3079 ἐν
2482 3021 2576 3098 τῷ
2641 3014 2855 3098 Ἀδρίᾳ
2928 3016 3247 3097 καλοῦςιν.

654 3099 1174 3193 Αἰγειροῦςςα
1228 3113 1415 3178 πόλις
1467 3114 1791 3197 Αἰολίδος,
1862 3115 1952 3179 ὡς
1996 3115 2350 3194 Ἡρόδοτος
2407 3114 2471 3199 (Ι
2519 3114 2693 3199 148).
2782 3115 3248 3194 Ἀνητοῦςςα

655 3218 842 3284 πόλις
896 3216 1140 3295 Λιβύης.
1227 3217 1396 3293 πλὴν
1450 3219 1566 3279 τοῦ
1623 3214 2026 3299 αἴθουςςα,
2083 3217 2245 3297 ὅπερ
2302 3219 2431 3297 ἔχει
2487 3219 2697 3282 διςςόν
2750 3218 2824 3281 τὸ
2881 3220 2916 3279 Ε
2972 3217 3078 3281 ἐπὶ
3127 3219 3247 3280 τοῦ

656 3320 1161 3399 προςηγορικοῦ,
1204 3316 1636 3397 Ἐμπουςςα
1679 3315 1782 3382 καὶ
1823 3317 2352 3396 (υράκουςςαι
2395 3320 2583 3384 πόλις
2628 3318 2907 3401 μεγίςτη,
2954 3319 3045 3383 ὡς
3073 3318 3244 3383 ‘Extr-

554 3427 622 3479 30
655 3423 836 3485 ταῖος
880 3419 1183 3502 Εὐρώπῃ,
1227 3418 1441 3498 κτίςμα
1485 3421 1600 3499 μὲν
1648 3419 1931 3504 Ἀρχίου,
1981 3421 2292 3499 Κορίνθου
2338 3422 2402 3485 δ’
2447 3420 2735 3503 ἄποικος,
2779 3424 2916 3485 τοῖς
2960 3419 3032 3485 ἐν
3079 3419 3243 3484 (ικε-

657 3522 760 3605 λίᾳ
806 3519 1131 3598 Μεγάροις
1173 3521 1276 3596 καὶ
1321 3519 1507 3604 Νάξῳ
1553 3520 1934 3600 ὁμόχρονος.
2020 3525 2226 3604 τὸδὲ
2270 3523 2575 3608 ἡρῷςςα
2618 3525 3126 3602 προπεριςπᾶται
3173 3520 3242 3585 ἐκ

654 3625 1046 3702 ςυναλοιφῆς
1086 3625 1204 3686 τοῦ
1248 3623 1535 3701 ἡρώϊςςα.
1644 3649 1665 3664 =
2598 3636 2604 3640 ·

821 3745 860 3780 οε
907 3723 1002 3788 Τὰ
1045 3723 1135 3788 εἰς
1177 3729 1257 3788 “fd
1302 3725 1643 3806 διςύλλαβα
1697 3725 1929 3791 ςπάνια
1971 3726 2130 3792 ὄντα
2183 3727 2550 3811 βαρύνεται,
2610 3729 2846 3794 Γέντα
2901 3727 3088 3792 πόλις
3132 3726 3242 3791 Ἰν-

656 3911 869 3976 addidi,
907 3912 1120 3977 reliqua
1164 3928 1336 3978 usque
1385 3912 1456 3962 ad
1497 3909 1867 3977 Ἀργέννουςα
1912 3920 2272 3966 accesserunt
2316 3933 2384 3966 ex
2430 3910 2509 3967 St.
2546 3918 2610 3967 B.
2657 3943 2721 3953 —
2770 3915 3106 3974 Πιτυοῠςςαι
3152 3930 3243 3964 ex·

691 3983 802 4032 levi
837 3997 903 4030 ex
941 3981 1020 4030 St.
1058 3982 1137 4037 Β..
1172 3982 1306 4030 item
1344 3977 1663 4045 Ῥοδοῦςςα,
1703 3983 1916 4048 reliqna
1950 3999 2124 4048 usqne
2163 3984 2232 4033 ad
2263 3982 2613 4048 -Ἀνητοῠςςα
2651 4001 2720 4034 ex
2755 3985 2832 4035 St.
2869 3984 2930 4033 B.
2968 3984 3170 4048 recepi.

676 4086 687 4098 .
722 4052 789 4100 29
826 4053 956 4100 ante
992 4046 1307 4112 Ἐμπουςςα
1345 4046 1715 4111 (υράκουςςαι
1753 4052 1824 4101 ab
1861 4052 2097 4101 Arcadio
2143 4052 2363 4116 prolata
2409 4053 2643 4117 apposui
2690 4050 2949 4103 αἷθουςςα
2996 4050 3139 4115 ὅπερ
3171 4075 3243 4086 -

652 4119 1063 4182 προςηγορικοῦ
1104 4133 1172 4167 ex
1195 4119 1342 4167 Mon.
1379 4117 1413 4171 l.
1442 4133 1506 4178 c.‚
1544 4133 1670 4168 nam
1696 4119 1811 4167 iure
1838 4120 2062 4169 Arcadii
2100 4127 2156 4170 et
2188 4120 2608 4171 Monadicorum
2641 4120 2779 4171 locis
2815 4120 3039 4170 collatis
3064 4118 3242 4169 Lehrs

532 4241 539 4248 ‚
653 4187 819 4235 sumit
861 4187 921 4235 in
958 4188 1058 4250 Ep.
1096 4185 1255 4237 Hom.
1292 4186 1419 4246 278,
1457 4186 1520 4234 21
1570 4183 1648 4236 εἰς
1692 4190 1761 4236 “ς“α“
1804 4184 1931 4250 τρία
1979 4186 2182 4249 ἔχομεν
2228 4190 2299 4253 τῇ
2346 4190 2414 4237 δῦ
2461 4185 2752 4253 διφθόγγῳ
2800 4185 3240 4252 παραληγόμενα

650 4252 795 4317 ὑπὲρ
830 4252 933 4303 δύο
970 4249 1242 4315 ςυλλαβὰς
1277 4251 1368 4302 καὶ
1407 4250 1547 4313 μετὰ
1582 4252 1764 4305 διςςοῠ
1802 4256 1856 4305 ἰ·
1894 4253 2191 4318 διςύλλαβα
2227 4253 2288 4305 δὲ
2325 4254 2428 4306 οὐκ
2466 4254 2668 4317 ἔχομεν
2706 4255 2902 4317 ὅμοιον
2937 4257 3023 4320 τῷ
3062 4255 3240 4317 μοῠςα

650 4319 905 4385 ὑπάρχον
943 4322 1244 4386 significari
1278 4321 1417 4370 haee
1455 4321 1559 4369 tria
1590 4323 1882 4375 vocabula.
1956 4323 2250 4372 Caeterum
2292 4323 2386 4373 hio
2429 4323 2777 4388 Epimerism.
2818 4324 2969 4374 locus
3006 4328 3095 4372 est
3129 4323 3241 4371 He·

649 4389 946 4440 rodianeus
983 4395 1151 4453 atque
1190 4404 1310 4438 eum
1356 4402 1477 4438 rece
1522 4389 1538 4436 i
1575 4390 1723 4439 inter
1769 4391 2082 4455 fragmenta
2118 4390 2243 4440 libri
2289 4391 2416 4454 περὶ
2452 4388 2664 4455 κυρίων
2701 4390 2792 4442 καὶ
2828 4388 3110 4441 ἐπιθέτων
3146 4387 3240 4439 καί

651 4455 1092 4521 προςηγορικῶν.
1131 4483 1195 4493 -
1232 4457 1316 4506 De
1353 4454 1463 4518 (up
1504 4471 1722 4508 κουςςαι
1758 4459 1828 4510 cf.
1869 4459 1933 4510 E.
1963 4460 2036 4508 Μ.
2060 4459 2144 4521 80,
2169 4461 2252 4520 35,
2289 4459 2534 4524 Theogn.
2560 4463 2626 4511 56
2663 4457 3043 4522 (υρακόςςιος,
3081 4456 3244 4508 οὕτω

649 4523 755 4588 γὰρ
791 4523 1133 4589 Ἡρωδιανὸς
1170 4522 1258 4575 διὰ
1294 4523 1394 4575 δύο
1427 4525 1489 4576 ἴς
1523 4523 1741 4589 γράφει.
1778 4526 1916 4578 Lob.
1956 4525 2128 4577 Proll.
2163 4529 2281 4577 434.
2351 4527 2435 4576 Do
2473 4526 2696 4592 ἡρῷςςα
2734 4528 2914 4578 Schol.
2940 4527 3024 4576 ad
3057 4524 3238 4590 Apoll.

648 4595 725 4644 IV
766 4595 921 4643 1309:
970 4592 1213 4657 ἡρῷςςαι
1262 4592 1818 4657 προπεριςπωμένως
1857 4592 2198 4658 Ἡρωδιανὸς
2245 4592 2307 4644 ἐν
2351 4596 2436 4659 τῷ
2475 4587 2545 4644 ια’
2582 4595 2751 4658 φηςιν
2798 4592 2859 4646 ὲκ
2896 4593 3239 4656 ςυναλοιφῆς

649 4662 752 4710 τοῦ
792 4658 1050 4724 ἡρώϊςςα.
1132 4662 1313 4709 Unum
1353 4656 1580 4711 Ἐλοῠςα
1625 4660 1787 4712 πόλις
1831 4662 1935 4725 τῆς
1980 4663 2087 4711 νῦν
2133 4661 2235 4724 μὲν
2281 4660 2658 4728 Παλαιςτίνης
2703 4660 2922 4726 τρίτης,
2970 4659 3143 4712 πάλαι
3178 4659 3250 4710 δ’-

652 4725 907 4791 Ἀραβίας
944 4743 1030 4792 ap.
1068 4726 1149 4776 st.
1174 4728 1235 4777 B.
1272 4742 1304 4776 a
1344 4742 1554 4778 canone
1591 4729 1942 4779 Herodianeo
1978 4730 2217 4780 aberrat.
2388 4730 2426 4783 l.
2461 4733 2529 4782 33
2571 4746 2835 4781 canonem
2870 4730 3004 4780 finxi
3037 4745 3106 4779 ex
3142 4743 3240 4779 no-

647 4795 886 4847 minibus
920 4810 954 4846 a
990 4797 1069 4845 St.
1105 4795 1167 4844 Β.
1201 4794 1447 4861 prolatis·

810 5511 965 5522 .-..
1026 5511 1437 5522 -—-..--
1540 5514 1573 5520 -
1706 5517 1829 5522 -w
1887 5518 1910 5522 -
2057 5517 2086 5521 -,
2165 5519 2176 5520 ff
2701 5491 3635 5546 ssz——d
