3664 5546
1161 411 1320 467 Περι
1361 405 1752 467 κΑοοΛικΗς
1788 408 2210 465 ΠΡοςΩιΔιΑς
2249 410 2303 466 ς.
2888 404 3016 471 -155

433 588 505 652 δε
548 586 707 651 κατὰ
750 584 973 651 πάθος.
1039 585 1143 651 καὶ
1193 586 1271 650 τὸ
1320 584 1601 649 Νεῖλος
1647 582 1999 665 βαρύνεται.
2055 581 2183 647 ἔςτι
2227 583 2299 646 δὲ
2339 582 2628 662 ποταμὸς
2672 579 3011 656 Αἰγύπτου.

430 689 755 754 Ἑκαταῖος
796 688 1159 767 περιηγήςει
1212 686 1407 765 αὐτῆς
1467 689 1610 751 «καὶ
1657 687 1802 766 ἱρὸν
1863 685 2094 749 Νείλου
2149 688 2266 749 τοῦ
2322 686 2675 763 ποταμοῦ».
2765 683 3013 759 λέγεται

432 793 503 856 δὲ
547 792 706 855 κατὰ
748 791 1081 855 διάλεκτον
1129 790 1373 855 Νέϊλος.
1460 791 1562 854 καὶ
1603 791 1680 855 τὸ
1726 788 1991 854 δειλός
2037 787 2342 853 ὀξύνεται.

601 893 694 958 Τὰ
738 891 827 958 εἰς
884 879 1011 959 λ’ὄῖ
1042 893 1386 972 διςύλλαβα
1429 892 1613 970 κύρια
1654 898 1747 976 τῷ
1790 894 1831 969 ἦ
1876 891 2372 970 παραληγόμενα
2415 892 2822 970 περιςπᾶται,
2868 887 3014 953 οἷον

435 997 702 1073 Μῆλος
748 996 1051 1061 Μαντοῦς
1095 994 1262 1077 υἱός,
1307 993 1433 1075 ἀφ’
1478 992 1558 1059 οὗ
1605 993 1887 1060 Μαλόεις
1929 992 2133 1058 τόπος
2176 993 2246 1058 ἐν
2291 993 2538 1076 Λέςβῳ,
2596 992 2688 1058 ὡς
2731 990 3010 1056 Ἑλλάνι-
3040 999 3072 1047 5
3142 970 3146 974 ’

432 1120 544 1164 κος
589 1098 659 1162 ἐν
703 1098 1016 1177 Λεςβικῶν
1060 1098 1299 1182 πρώτῳ
1330 1097 1434 1162 καὶ
1475 1097 1698 1174 Μῆλος
1728 1096 1836 1175 μία
1863 1100 1994 1161 τῶν
2029 1095 2372 1160 Κυκλάδων
2403 1094 2748 1174 ὁμώνυμον
2780 1094 3015 1172 ἔχουςα

431 1200 639 1266 πόλιν.
728 1198 855 1264 ἔςτι
898 1200 1001 1265 καὶ
1052 1200 1228 1278 κώμη
1283 1204 1395 1278 τῆς
1440 1199 1864 1279 Ἀκαρνανίας.
1959 1200 2207 1277 Βῆλος
2262 1196 2300 1262 6
2345 1198 2510 1262 Ζεύς
2564 1198 2669 1262 καὶ
2714 1198 2920 1274 Βῆλος
2973 1197 3013 1274 ἡ

432 1305 535 1369 καὶ
580 1304 805 1381 Μῆλος
848 1303 1015 1381 πρὸς
1056 1305 1195 1367 ταῖς
1234 1302 1620 1380 Ἡρακλέους
1652 1301 1904 1380 ςτήλαις
1934 1299 2337 1382 ἀμφοτέρων·
2370 1299 2614 1380 ἐτύμως
2645 1298 3014 1377 λεγομένων

431 1413 523 1489 τῷ
567 1406 721 1470 τοὺς
766 1404 1072 1483 ἀρχαιοὺς
1128 1405 1326 1485 βηλὸν
1383 1404 1590 1481 λέγειν
1645 1404 1762 1470 τὸν
1810 1403 2013 1469 οὐδὸν
2067 1406 2178 1481 τῆς
2223 1404 2419 1482 θύρας
2463 1403 2566 1468 καὶ
2608 1401 2844 1480 ταύτην
2890 1403 3014 1464 κεῖ-

433 1514 570 1574 ςθαι
613 1506 789 1585 παρὰ
831 1507 945 1571 τὸν
992 1507 1193 1572 οὐδὸν
1246 1509 1365 1569 τοῦ
1410 1504 1735 1571 Ὠκεανοῦ.
1826 1508 2050 1585 Μῆλος
2107 1508 2178 1571 δ“ε
2232 1507 2335 1571 καὶ
2381 1504 2677 1584 Μηλαρία
2731 1504 2850 1569 δύο
2896 1503 3014 1568 πό-

434 1615 562 1677 λεις
608 1610 713 1674 ἐπὶ
754 1611 892 1674 τοῖς
935 1609 1190 1691 πέραςι,
1234 1609 1349 1686 τὴν
1395 1607 1594 1687 αὐτὴν
1639 1608 1911 1690 ἔμφαςιν
1943 1602 2197 1688 ἔχουςιν
2242 1607 2374 1673 ἀπὸ
2418 1612 2529 1686 τῆς
2561 1607 2839 1685 κλήςεως
2883 1611 3014 1671 τῶν

434 1714 688 1795 μήλων,
734 1710 776 1775 ἃ
819 1711 1052 1790 χρύςεα
1097 1711 1345 1787 λέγεται
1389 1710 1700 1791 Ἡρακλῆς
1745 1710 1815 1776 ἐκ
1858 1714 1969 1789 τῆς
2014 1712 2244 1792 Λιβύης
2300 1709 2664 1790 ἀγηοχέναι.
2750 1710 3016 1787 Δῆλος

434 1815 542 1895 μία
582 1819 714 1880 τῶν
764 1813 1123 1878 Κυκλάδων.
1209 1814 1250 1892 ἢ
1294 1815 1470 1893 παρὰ
1511 1814 1626 1880 τὰς
1669 1814 1898 1892 γονάς·
1952 1814 2130 1893 ἱερὸν
2184 1815 2307 1893 γὰρ
2352 1813 2575 1891 Δῆλος
2628 1816 2745 1877 τοῦ
2789 1810 3015 1876 Ἀπόλ-

435 1922 646 1984 λωνος
689 1919 807 1981 τοῦ
851 1919 1005 1979 θεοῦ
1048 1918 1310 1994 πρῶτον
1356 1916 1426 1983 ἐν
1471 1916 1632 2001 αὐτῇ
1674 1918 2052 1997 γενομέμου.
2140 1917 2178 1995 ἢ
2225 1915 2330 1981 διὰ
2371 1916 2485 1981 τὰς
2530 1914 2852 1996 μαντείας·
2908 1919 3015 1992 δη-

433 2023 633 2086 λοῦςα
668 2019 791 2097 γὰρ
835 2018 915 2082 τὰ
960 2017 1317 2096 δυςεύρετα.
1408 2017 1711 2099 (φῆλος
1768 2017 1979 2099 ὄνομα
2021 2019 2259 2098 κύριον.
2348 2018 2600 2095 Τῆλος
2651 2021 2843 2096 νῆςος
2885 2021 3016 2082 τῶν

438 2122 783 2187 Κυκλάδων
830 2119 1196 2201 ὁμοφώνως
1239 2127 1332 2204 τῷ
1377 2120 1628 2205 οἰκιςτῇ.
1716 2121 1977 2200 Ζῆλος
2031 2121 2220 2186 πόλις
2263 2124 2394 2185 τῶν
2451 2119 2758 2199 ἑςπερίων
2814 2118 3016 2184 Αἰθιό-

433 2245 592 2290 πων.
679 2222 914 2288 Ἠλος
957 2223 1194 2300 κύριον.

600 2326 729 2391 Ἔτι
774 2326 854 2390 τὰ
898 2324 987 2390 εἰς
1038 2310 1163 2390 ἧς
1200 2326 1543 2406 διςύλλαβα
1586 2326 2021 2406 προςηγορικὰ
2062 2327 2101 2405 ἢ
2147 2325 2464 2391 ἐπιθετικὰ
2513 2332 2606 2409 τῷ
2649 2328 2689 2403 ἦ
2732 2328 3016 2403 παραλη-

432 2429 706 2511 γόμενα,
754 2426 811 2492 εἰ
852 2427 990 2506 ἔχοι
1037 2427 1310 2509 ἄφωνον
1355 2429 1484 2507 πρὸ
1529 2432 1647 2494 τοῦ
1690 2432 1761 2510 ἦ,
1820 2428 2143 2511 ὀξύνεται,
2200 2429 2477 2510 πηλός,
2535 2426 2770 2508 βηλός
2822 2426 2860 2491 6
2905 2426 3015 2491 ού-

433 2533 577 2614 δός,
631 2529 898 2613 χηλός,
956 2530 1223 2611 φηλός.
1310 2530 1387 2594 τὸ
1444 2530 1658 2609 μέντοι
1716 2529 1911 2608 ἧλος
1966 2532 2070 2596 καὶ
2122 2535 2358 2609 ζῆλος
2428 2529 2796 2612 βαρύνεται,
2847 2529 3015 2593 οὐδὲ

432 2635 557 2713 γὰρ
601 2632 874 2713 ἄφωνον
921 2630 1069 2710 ἔχει.
1156 2632 1231 2696 τὸ
1276 2633 1347 2696 δὲ
1392 2635 1631 2709 δῆλος
1676 2632 2032 2699 ἐπιθετικόν
2077 2632 2208 2698 ἀπὸ
2255 2634 2477 2697 δέελος
2533 2632 2691 2696 κατὰ
2735 2631 3017 2709 ςυναίρε-

434 2758 529 2804 ςιν
573 2739 706 2802 τῶν
750 2734 870 2799 δύο
915 2736 982 2800 ἒέ
1026 2733 1115 2799 εἰς
1157 2737 1196 2812 ἦ
1241 2733 1529 2811 γέγονεν.

434 3014 642 3064 θεῑςθαι
687 3006 978 3075 ςυμφώνῳ
1026 3007 1062 3072 ἢ
1108 3006 1353 3061 αὐτόθεν
1390 3006 1756 3062 ἐκτείνεςθαι·
1793 3007 1953 3074 ύγιὴς
1990 3006 2095 3061 οῦν
2139 3006 2175 3072 ἡ
2214 3008 2429 3062 ἔκταςις
2474 3007 2626 3074 παρὰ
2667 3013 2753 3076 τῷ
2791 3015 3015 3077 ποιητῇ.

436 3082 583 3131 Hinc
629 3078 798 3131 καλός
845 3094 967 3128 cum
1012 3076 1177 3141 ψιλός
1225 3080 1533 3144 composui,
1586 3094 1713 3130 nam
1760 3094 1951 3144 parum
1997 3078 2359 3142 probabiliter
2400 3079 2504 3144 Ep.
2545 3077 2633 3131 Cr.
2659 3081 2705 3130 Ἰ
2749 3081 2873 3141 246,
2921 3082 3017 3131 nbi

434 3149 652 3199 diversa
690 3148 1134 3208 commiscentur,
1173 3145 1344 3198 καλός
1380 3152 1439 3197 et
1473 3146 1644 3199 κᾶλος
1680 3151 2068 3212 comparantur
2112 3162 2235 3197 eum
2269 3144 2440 3198 θολός
2484 3151 2542 3196 et
2578 3145 2769 3198 θόλος·
2814 3146 2885 3198 τὸ
2922 3163 3016 3200 κα-

434 3216 533 3268 λὸς
571 3215 794 3280 ὠξύνθη
831 3213 973 3278 πρὸς
1009 3213 1079 3265 τὸ
1120 3215 1302 3265 κᾶλος.
1375 3215 1543 3278 βαλός
1579 3216 1662 3266 ita
1696 3214 2075 3267 Herodianum
2122 3214 2469 3280 expedivisse
2515 3215 2752 3270 arbitror
2795 3221 2859 3265 ut
2906 3217 3017 3267 feci

434 3301 608 3350 aeque
645 3289 810 3349 atque
847 3280 1042 3345 δαλός,
1082 3283 1148 3333 de
1188 3299 1293 3347 quo
1331 3284 1393 3333 E.
1420 3285 1494 3334 M.
1519 3285 1637 3345 246,
1663 3286 1753 3335 34:
1791 3282 1962 3335 δαλός
1996 3310 2062 3318 —-
2100 3281 2322 3345 λέγεται
2358 3282 2450 3334 καί
2486 3282 2655 3335 δαλός
2691 3284 2782 3334 καὶ
2816 3283 3016 3336 δαελός

435 3351 588 3417 παρὰ
622 3349 898 3415 (ώφρονι.
948 3351 1100 3415 παρὰ
1135 3350 1240 3415 γὰρ
1275 3350 1345 3402 τὸ
1382 3348 1523 3403 δαίω
1560 3351 1751 3403 δαϊλός
1787 3351 1822 3416 ἢ
1861 3349 2014 3416 παρὰ
2046 3350 2115 3402 τὸ
2154 3349 2294 3402 δαίω
2331 3350 2529 3416 δαερός
2567 3350 2646 3402 ὡς
2683 3348 2872 3415 φαίνω
2910 3367 3016 3417 φα-

434 3419 613 3485 νερός.
692 3420 781 3470 καὶ
830 3416 1099 3470 Ἀττικῶς
1145 3418 1345 3470 δαελός
1392 3420 1483 3471 καὶ
1525 3418 1782 3472 Ἰωνικῶς
1828 3418 2032 3471 δαυλός
2079 3419 2170 3471 καί
2216 3421 2420 3471 κοινῶς
2467 3419 2686 3472 δαυλός.
2759 3421 2911 3485 παρὰ
2956 3419 3016 3473 δὲ

433 3488 539 3569 τὸν
573 3484 745 3569 δαίςω
784 3485 1064 3567 μέλλοντα
1098 3484 1311 3549 γίνεται
1348 3488 1535 3539 δαιλός
1559 3487 1664 3569 ,καὶ
1698 3491 1883 3570 τροπῇ
1921 3490 2024 3539 τοῦ
2065 3491 2109 3569 ἶ·
2135 3485 2212 3540 εἰς
2250 3490 2283 3539 ῦ
2319 3486 2540 3540 δαυλός.
2615 3491 2791 3552 Quam
2828 3506 2894 3540 ex
2930 3490 3018 3539 his

434 3554 1350 3687 33322012‘’125133303312525352
1356 3556 2933 3690 “ffssfiosssszzsszssfi‘zzffq:53‘,21223212522520302322232235
2939 3574 3018 3676 2²3

434 3691 785 3755 credendum,
824 3705 994 3754 quaro
1029 3691 1222 3741 addidi
1257 3690 1400 3743 κατὰ
1434 3691 1628 3744 πάθος.
1704 3692 1899 3744 Νεῖλος
1939 3692 2158 3758 explevi
2198 3709 2266 3744 ex
2304 3695 2385 3748 St.
2423 3694 2484 3747 B.
2526 3698 2583 3744 et
2619 3695 2765 3744 Mon.
2809 3697 2899 3758 14,
2938 3697 3017 3744 10.

433 3765 516 3812 De
556 3757 738 3811 δειλός
775 3759 846 3809 of.
885 3758 1079 3809 Choer.
1118 3760 1275 3810 Orth.
1315 3764 1427 3818 193,
1467 3764 1548 3821 24,
1589 3761 1718 3825 περί
1754 3760 1948 3813 ποςότ.
1985 3764 2102 3824 291,
2138 3764 2188 3823 8,
2225 3762 2289 3815 Ε.
2328 3761 2399 3813 Μ.
2435 3762 2553 3822 262,
2591 3764 2674 3814 25.
2913 3762 2951 3812 l.
2986 3765 3019 3813 5

436 3829 634 3894 Μῆλος
661 3843 727 3879 ex
768 3826 879 3876 levi
901 3843 971 3877 ex
997 3828 1076 3878 St.
1103 3828 1186 3889 Β.,
1224 3828 1356 3878 item
1383 3827 1561 3894 Βῆλος
1601 3828 1807 3880 collato
1844 3829 2113 3895 Theogn.‚
2152 3830 2250 3894 qui
2286 3829 2455 3881 habet
2491 3828 2672 3893 Βῆλος
2710 3828 2742 3880 6
2777 3828 2920 3881 Ζεύς
2961 3836 3018 3880 et

434 3898 639 3964 Δῆλος.
715 3843 940 3970 ἔφήλος
976 3897 1210 3960 apposui
1247 3912 1313 3946 ex
1349 3896 1413 3947 11.
1437 3899 1526 3947 Pr.
1552 3896 1597 3949 Ο
1633 3900 1758 3949 338:
1797 3894 2048 3962 (φήλοιο
2084 3895 2163 3949 ώς
2199 3895 2410 3960 φίλοιο·
2450 3896 2562 3948 ἔςτι
2599 3897 2660 3948 δὲ
2697 3897 2788 3948 καί
2825 3897 3017 3949 κανών

436 3981 515 4034 ὡς
550 3980 621 4032 τὰ
667 3978 745 4032 είς
782 3967 878 4031 λος
914 3978 1235 4042 διςύλλαβα,
1273 3983 1358 4046 τῷ
1396 3985 1433 4045 ῆ
1468 3980 1927 4047 παραληγόμενα,
1967 3981 2126 4046 κύρια
2164 3981 2304 4034 ὄντα
2340 3981 2667 4048 βαρύνεςθαι
2702 3980 2868 4045 θέλει,
2908 3981 3015 4047 Τῆ-

436 4053 549 4110 λος,
590 4048 804 4113 Μῆλος,
844 4047 1040 4111 Βῆλος.
1110 4047 1265 4098 οὕτω
1303 4048 1392 4099 καὶ
1431 4047 1671 4114 (φῆλος.
1740 4050 1811 4100 τὰ
1850 4048 2040 4112 μέντοι
2087 4050 2464 4115 προςηγορικὰ
2511 4051 2601 4102 καὶ
2648 4048 3014 4110 ὀξυτονεῑται,

435 4114 2152 4250 13³²&{235³3³1¹2⁸38⁶30ss⁶ss12²32222fflfflfflzz‘?
2197 4117 2469 4236 ’ἱὲζέᾸΟΕ
2514 4120 2604 4201 “³²¹
2639 4117 3017 4250 ἶῗὲξζιῆῗὲἰ

437 4202 580 4320 (Ῑιινοᾱ
618 4200 686 4304 ἕξει
723 4254 805 4306 St.
843 4199 1078 4318 exglevi.
1137 4250 1322 4317 Ζῆλος
1360 4200 1600 4306 azeessit
1636 4270 1705 4304 ex
1740 4253 1820 4303 St.
1849 4200 1939 4310 530„
1970 4224 2148 4304 ''mo'c
2187 4203 2575 4319 οκιΤΙιέιῖἔιῖΡΙ
2610 4203 2640 4237 e
2667 4204 2707 4305 ἰ.
2743 4257 2809 4304 20
2843 4202 3016 4319 xnfbc’

435 4323 625 4372 addidi
661 4338 728 4371 ex
763 4321 829 4371 11.
868 4322 956 4371 Pr.
992 4320 1026 4370 1.
1066 4337 1112 4370 o.
1151 4328 1208 4371 et
1244 4321 1509 4386 Theogn.‚
1546 4320 1729 4386 φηλός
1765 4337 1831 4371 ex
1867 4321 2113 4386 Theogn.
2161 4322 2364 4372 iniuria
2413 4328 2604 4373 contra
2649 4323 2895 4373 Lobeck.
2933 4323 3015 4373 ΕΙ.

433 4392 460 4442 I
500 4393 596 4441 123
634 4394 745 4440 not.
779 4390 846 4439 46
890 4393 1179 4439 accentum
1222 4390 1406 4453 φῆλος
1443 4405 1531 4454 ap.
1566 4388 1802 4452 Hesych.
1851 4393 2145 4454 praeoptat
2192 4389 2458 4441 Schmidt.
2503 4417 2569 4426 -—-
2614 4392 2799 4442 Verba
2841 4389 2912 4441 τὸ
2957 4390 3017 4442 δὲ

435 4459 603 4523 δῆλος
641 4473 815 4522 usque
850 4458 922 4507 ad
957 4457 1116 4507 finem
1155 4457 1347 4507 addidi
1383 4464 1612 4523 propter
1647 4457 1709 4507 11.
1748 4458 1839 4507 Pr.
1877 4455 1922 4508 Ο
1959 4459 2059 4508 338
2096 4462 2317 4508 secutus
2354 4457 2601 4523 Theogn.
2637 4461 2722 4521 61,
2760 4460 2823 4508 12
2861 4464 2918 4508 et
2951 4459 3017 4510 Il.

436 4528 524 4576 Pr.
564 4524 602 4577 Κ
638 4527 765 4575 4663
802 4524 1021 4576 δέελον·
1058 4522 1273 4576 ταύτόν
1312 4524 1423 4576 ἑςτι
1459 4528 1545 4591 τῷ
1581 4525 1779 4590 δῆλον·
1816 4522 1903 4575 διὸ
1942 4525 2032 4575 καὶ
2068 4523 2230 4591 τρίτη
2277 4524 2392 4577 ἀπὸ
2428 4524 2628 4577 τέλους
2665 4525 2700 4588 ή
2740 4525 2890 4577 ὀξεῖα
2927 4527 3017 4577 καὶ

436 4595 700 4658 ψιλοῦται
734 4593 805 4643 τὸ
842 4592 1109 4657 δεύτερον
1143 4597 1192 4644 ἒ.
1263 4592 1557 4645 Caeterum
1594 4594 1659 4644 de
1698 4591 1868 4657 βηλός
1916 4594 1988 4646 cf.
2029 4593 2211 4648 schol.
2251 4594 2345 4644 BL
2384 4594 2455 4645 ad
2491 4594 2562 4644 11.
2599 4593 2642 4645 Α
2680 4596 2808 4644 591:
2848 4594 3016 4659 βηλός

439 4661 551 4713 ἑςτι
587 4661 618 4714 6
666 4659 946 4712 ἀνωτάτω
983 4661 1160 4713 τόπος
1197 4665 1300 4713 τοῦ
1337 4661 1599 4727 οὐρανοῦ.
1670 4658 1785 4712 ἀπὸ
1828 4660 1936 4726 γὰρ
1979 4664 2083 4713 τοῦ
2124 4661 2431 4728 βεβηκέναι.
2502 4662 2593 4713 καὶ
2628 4660 2912 4714 Πανύαςις
2956 4662 3016 4714 δὲ

439 4729 510 4781 τὰ
544 4729 742 4781 πέδιλα
779 4727 921 4794 βηλὰ
956 4729 1120 4791 λέγει.
1190 4725 1533 4795 Παρμενίων
1570 4727 1630 4781 δὲ
1669 4728 1700 4780 6
1735 4729 2171 4795 γλωςςογράφος
2209 4730 2379 4796 φηςὶν
2419 4729 2672 4794 Ἀχαιοὺς
2710 4730 2800 4781 καί
2837 4729 3016 4795 Δρύο-

440 4798 843 4930 ἕέι-ἱέἒὶῗῗαῖ
848 4795 1550 4930 ῗξνοῗὲἓῖνὸίέἒέιὲζιαῗρ
1551 4796 1932 4918 άὲηζιιδὲιέἑρ
1936 4813 2027 4918 '1⁶3‘
2032 4800 2116 4917 ‘²¹1³
2150 4799 2258 4919 2⁹2?
2295 4797 3017 4920 “ffsszzz'fffssffffiffissssfflz

441 4947 576 4997 χειοι
613 4932 786 4998 βηλόν
823 4930 901 4984 ὡς
937 4932 1122 4998 πηλόν
1166 4932 1272 4985 τὸν
1315 4937 1438 4987 τῶν
1482 4904 1640 4988 θεῶν.
1672 4906 1912 5000 βαθμὸν,
1960 4882 2200 5001 Ηοεὲιμοίι.
2238 4882 2416 5000 ζῆλος
2461 4881 2700 5001 οὐριξνός
2747 4882 2838 4988 mg
2872 4882 3016 4989 lege

3055 1509 3120 1560 10

3057 2031 3122 2083 15

3052 2546 3120 2595 ‘20

3635 5005 3644 5122 -ι-ιψ-
3633 4915 3645 4984 -ινᾼ
3635 4875 3644 4886 n
3635 4769 3644 4804 a·
3635 4679 3640 4712 -ᾼ
