3664 5546
1155 344 1313 399 ΠΕΡΙ
1353 343 1747 401 ΚΑΘΟΛΙΚΗ(
1783 342 2207 397 ΠΡΟΕΩιΔΙΑ(
2245 344 2325 396 ΙΘ.
2908 342 3035 406 519

751 517 824 595 ἦέ
868 518 995 582 τιν’
1040 515 1341 594 ἀγγελίην
1384 514 1576 591 Φθίης
1620 514 1695 595 ἐξΩ
1729 514 1950 577 ἔκλυες
1996 512 2140 577 οἶος
2184 513 2275 593 (Π
2325 511 2402 574 12
2446 522 2510 575 et
2562 512 2691 591 13);

749 618 822 696 ἦε
869 618 1010 694 ςύγ’
1055 617 1355 695 Ἀργείων
1401 614 1759 695 ὀλοφύρεαι
1806 616 1897 678 ὡς
1942 614 2276 680 ὀλέκονται
2321 614 2413 695 (Π
2441 612 2583 693 ,17).

614 720 973 798 Περιςπῶςι
1018 720 1122 783 καὶ
1165 719 1282 782 τὸν
1329 719 1765 798 βεβαιωτικὸν·
2201 697 2216 718 ’

872 819 930 883 τί
976 821 1046 883 δὲ
1093 820 1254 883 λαὸν
1300 817 1622 899 ἀνήγαγεν
1669 818 1892 882 ἐνθάδ’
1937 817 2197 896 ἀγείρας

750 921 1092 1005 ᾉτρείδης;
1138 920 1177 998 ἦ
1225 920 1346 997 οὐχ
1391 920 1643 997 Ἑλένης
1686 919 1859 985 ἕνεκ’
1902 920 2239 1000 ήϋκόμοιο;

747 1022 785 1101 ἦ
832 1026 1061 1100 μοῦνοι
1105 1022 1405 1102 φιλέους’
1449 1020 1730 1100 ἀλόχους
1774 1021 2077 1100 μερόπων
2123 1018 2487 1101 ἀνθρώπων

748 1124 1085 1213 Ἀτρεῖδαι;
1106 1150 1111 1157 ·
1132 1124 1178 1205 (Ι
1225 1122 1609 1204 338—341.)
2251 1122 2255 1127 ’

394 1422 403 1427 -
444 1399 537 1446 ubi
573 1401 705 1447 ante
742 1397 879 1447 haee
917 1397 1082 1446 verba
1119 1412 1334 1448 versum
1358 1396 1706 1446 Homericum
1742 1395 2013 1447 excidisse
2052 1394 2443 1445 animadvertit
2469 1396 2735 1446 Lehrsius
2771 1412 2821 1461 p.
2849 1397 2931 1447 58.
2959 1424 3022 1432 —

444 1466 527 1515 De
565 1463 598 1527 ἢ
638 1462 1044 1528 ἑρωτηματικῷ
1083 1464 1153 1513 cf.
1190 1460 1238 1512 Ξ
1273 1465 1396 1514 265:
1437 1462 1472 1526 ἦ
1511 1463 1623 1528 φῂς
1661 1461 1740 1514 ὣς
1776 1461 2057 1527 Τρώεςςιν
2093 1460 2366 1526 ἀρηξέμεν
2403 1461 2654 1526 εὐρύοπα
2687 1462 2836 1526 Ζῆν’
2872 1477 3023 1527 περι-

442 1531 689 1593 χώςατοε
730 1531 762 1582 6
802 1528 1215 1595 Ἀςκαλωνίτης
1250 1530 1473 1595 βαρύνει
1508 1530 1615 1582 τὸν
1648 1533 1701 1594 ἦ.
1776 1529 2007 1603 ἄμεινον
2043 1529 2104 1581 δὲ
2139 1531 2438 1595 περιςπᾶν·
2478 1530 2567 1580 καὶ
2602 1530 2709 1594 γὰρ
2747 1527 2796 1581 εί
2832 1530 3020 1582 διαπο-

441 1602 550 1662 ρεῑ,
589 1598 694 1650 οὐκ
731 1598 1037 1660 ἀναγκαῖον
1075 1595 1349 1658 ἐγκλίνειν
1384 1596 1579 1648 αὐτόν.
1648 1597 1716 1649 ού
1752 1596 1859 1662 γὰρ
1898 1596 2089 1661 ἕτερος
2126 1596 2452 1661 ἐπιφέρεται
2490 1596 2914 1662 περιςπώμενος
2942 1597 3020 1649 ὡς

289 1680 307 1691 ·
398 1666 405 1683 ¹
441 1665 534 1718 ἐπὶ
570 1668 673 1717 τοῦ
710 1666 785 1729 «ἢ
822 1665 1014 1730 δολιχὴ
1052 1667 1251 1717 νοῦςος
1287 1665 1321 1728 ἡ
1357 1665 1617 1730 Ἄρτεμις
1654 1663 1955 1729 ἰοχέαιρα».
2030 1664 2080 1717 Υ
2116 1668 2204 1715 17;
2253 1664 2316 1727 fi:
2368 1664 2790 1731 ἐρωτηματικὸς
2829 1664 2861 1716 6
2897 1665 3020 1717 ςύν-

439 1734 635 1793 δεςμος
672 1734 763 1784 καὶ
800 1733 945 1786 ἅπαξ
984 1731 1315 1797 εἰλημμένος
1351 1732 1493 1784 κατὰ
1531 1731 1661 1794 μίαν
1696 1731 1964 1784 διάνοιαν.
2012 1731 2098 1783 διὸ
2124 1732 2536 1795 περιςπαςτέος.
2583 1735 2758 1784 τοῦτο
2794 1732 2852 1783 δέ
2877 1748 3020 1798 φημι

441 1802 583 1866 πρὸς
619 1800 690 1852 τὰ
736 1804 971 1853 τοιαῦτα
1006 1802 1083 1863 «ἢ
1130 1800 1322 1865 δολιχὴ
1371 1802 1567 1851 νοῦςος
1616 1799 1650 1863 ἦ
1689 1800 1949 1864 Ἄρτεμις
1996 1797 2313 1864 ἰοχέαιρα»,
2351 1799 2462 1863 «ἠὲ
2507 1799 2640 1851 νέον
2687 1800 2943 1862 μεθέπεις
2983 1800 3017 1863 ἦ

440 1869 530 1920 καὶ
567 1868 859 1934 πατρώῖός
897 1867 1047 1921 έςςι»
1084 1866 1208 1931 (Od.
1246 1881 1281 1919 α
1321 1869 1457 1933 175).
1532 1866 1594 1919 ἐν
1631 1867 1735 1932 γὰρ
1771 1871 1894 1918 ταῖς
1931 1867 2215 1918 τοιαύταις
2252 1866 2571 1920 ςυντάξεςιν
2608 1866 2639 1918 6
2678 1867 2779 1931 μέν
2818 1868 3019 1931 πρότε-

439 1951 537 2001 ρος
573 1935 914 1999 ἑγκλίνεται,
962 1936 993 1987 6
1041 1934 1101 1986 δὲ
1136 1935 1395 2000 δεύτερος
1434 1938 1781 1999 περιςπᾶται.
1854 1934 1901 1986 Ζ
1938 1937 2027 1986 56;
2068 1934 2128 1998 ἦς
2180 1934 2583 1999 περιςπαςτέον
2627 1934 2734 1985 τὸν
2779 1934 2831 1998 ἦ.
2907 1935 3018 1987 δια-

440 2004 746 2069 πορητικὸς
781 2001 888 2068 γάρ
923 2002 1086 2055 ἐςτιν.
1162 2004 1344 2055 &choL
1375 2004 1447 2054 ad
1472 2004 1572 2054 Od.
1597 2002 1627 2053 6
1661 2006 1753 2054 29:
1792 2001 1827 2065 ἦ
1867 2002 2066 2072 ἄλλονε
2109 2001 2513 2067 περιςπαςτέον
2548 2002 2653 2053 τὸν
2690 2002 2724 2066 ἦ
2764 2001 2842 2054 ὡς
2880 2002 3017 2067 ἐρω·

438 2072 764 2137 τηματικόν.
837 2073 865 2123 ζ
904 2075 1021 2122 110:
1071 2070 1106 2134 ἦ
1144 2070 1205 2136 ῥ’
1240 2068 1297 2122 οἵ
1329 2070 1417 2132 γ’;
1471 2069 1549 2122 ὡς
1586 2070 1990 2135 διαπορητικὸν
2027 2071 2374 2134 περιςπᾶται.
2451 2072 2572 2120 125:
2623 2069 2657 2133 ἦ
2696 2068 2763 2120 νύ
2802 2084 2940 2121 που;
2983 2071 3015 2123 6

439 2139 473 2203 ἦ
513 2141 862 2204 περιςπᾶται.
937 2143 1062 2189 200:
1099 2138 1134 2202 ἦ
1174 2137 1246 2203 μή
1287 2154 1422 2190 πουε
1463 2141 1796 2203 περιςπᾶται
1835 2137 1868 2200 ἡ
1907 2141 1960 2201 ῆ.
2030 2152 2062 2188 κ
2087 2141 2210 2188 38οε
2249 2137 2283 2200 ἡ
2323 2135 2448 2187 τινά
2485 2152 2596 2188 που
2633 2136 2804 2189 δόλον
2840 2137 3015 2189 ἄλλον

439 2207 607 2259 ὸῑεαιε
655 2205 1061 2271 περιςπαςτέον
1107 2206 1213 2257 τὸν
1240 2210 1310 2271 -ῆ,
1393 2205 1790 2271 διαπορητικὸς
1832 2204 1939 2271 γάρ
1985 2202 2149 2256 ἐςτιν.
2230 2203 2275 2254 Τ
2323 2207 2415 2255 56:
2455 2202 2567 2255 »τὸν
2620 2204 2654 2268 ἦ
2711 2204 3014 2269 ςύνδεςμον

436 2275 856 2408 ἕῗρὶῗῖιῗξέέὲἔ·
887 2273 1203 2406 ρξετέπγὲῗὲι
1218 2274 1570 2403 δ’(ὦαέἔῖἒίῗὸῆ
1600 2272 2321 2404 ἶῗὲῗιξὲξιςΐὲαἱέῗτζῗὶ(
2339 2270 3013 2402 ἦάἷῗῗὲἒέὲὲνλῗῗὲύὲῗὲ·

436 2410 743 2474 πορητικὸς
778 2409 1031 2473 γένηται·
1071 2410 1160 2459 καὶ
1199 2408 1560 2472 βεβαιωτικὸς
1594 2407 1656 2458 δέ
1695 2407 1778 2457 ὢν
1815 2406 2331 2471 περιςπαςθήςεται.
2402 2404 2448 2457 Ο
2489 2412 2588 2458 105
2624 2414 2678 2456 et
2717 2411 2840 2457 106:
2879 2407 3014 2471 ἔφα-

437 2492 539 2538 μεν
575 2477 680 2528 τὸν
715 2480 750 2539 ἦ
788 2477 920 2527 κατ’
955 2474 1133 2539 ἀρχὴν
1169 2475 1313 2527 ὄντα
1348 2473 1750 2539 διαπορητικὸν
1787 2476 2177 2539 περιςπᾶςθαι,
2226 2473 2413 2538 ὥςπερ
2461 2475 2553 2524 καί
2589 2472 2803 2526 ἐνθάδε.
2878 2475 3014 2527 τοὺς
3085 2498 3117 2511 ··

435 2542 626 2605 μέντοι
663 2543 788 2608 ἑξῆς
824 2542 1121 2605 ἐγκλιτέον·
1145 2541 1206 2595 ἐν
1241 2546 1313 2609 τῇ
1358 2541 1626 2594 ςυντάξει.
1698 2539 1798 2593 είςὶ
1841 2542 1948 2605 γὰρ
1991 2542 2117 2606 ἤτοι
2162 2540 2524 2594 διαζευκτικοί
2571 2541 2605 2605 ἢ
2655 2542 3014 2607 παραδιαζευ-

437 2612 612 2662 κτικοὶ
651 2610 730 2662 ὡς
765 2610 835 2662 τὸ
882 2609 916 2672 ἢ
954 2608 1077 2662 ἔπει
1122 2610 1188 2675 ἠὲ
1226 2608 1314 2677 βίῃ
1356 2610 1540 2674 (putat
1584 2611 1761 2659 Lehrs
1808 2609 1844 2672 ἢ
1890 2609 2012 2660 ἔπει
2057 2608 2092 2671 ἢ
2139 2608 2288 2676 ἔργῳ
2333 2606 2376 2658 Λ
2413 2610 2558 2671 504).
2604 2636 2670 2645 —
2714 2609 2771 2659 Π
2809 2614 2897 2660 12:
2944 2610 3011 2673 ἧς

434 2677 647 2730 πάντες
672 2676 1073 2743 περιεςπάςθης
1115 2693 1147 2728 ν
1183 2676 1236 2729 οἱ
1273 2677 1558 2740 ςύνδεςμοι
1595 2676 1738 2728 κατὰ
1774 2675 1949 2739 λόγον
1983 2679 2105 2727 τῶν
2142 2675 2599 2741 έρωτηματικῶν.
2675 2677 2776 2728 Od.
2813 2692 2846 2727 ν
2882 2681 3009 2728 234:

435 2745 470 2811 ἦ
511 2745 621 2799 πού
646 2759 728 2798 τις
766 2744 956 2810 νήςων
994 2744 1057 2797 εὐ
1096 2743 1274 2798 είελος
1310 2744 1379 2809 ἦέ
1413 2759 1496 2797 τις
1534 2742 1705 2810 ἀκτήε
1740 2742 1939 2797 ἐνθάδε
1976 2744 2007 2796 ό
2042 2746 2080 2809 ῆ
2116 2742 2552 2809 ἐρωτηματικός.
2625 2744 2710 2796 διὸ
2748 2758 3011 2811 περιςπα-

434 2815 705 2877 ςθήςεται.
740 2813 857 2866 “ἑπὶ
893 2813 954 2865 δὲ
990 2817 1093 2865 τοῦ
1135 2813 1445 2865 Κύκλωπος
1480 2812 1899 2877 ἀποφαντικός,
1937 2813 2021 2864 διὸ
2061 2813 2317 2865 ὀξύνεται
2353 2814 2423 2864 of.
2462 2813 2565 2863 Od.
2603 2828 2618 2862 ι
2656 2816 2770 2864 273.
2805 2841 2871 2850 —
2909 2815 3011 2863 Od.

433 2884 463 2944 β
500 2886 595 2933 29:
632 2882 790 2934 οὗτοι
829 2881 926 2944 (sc.
963 2880 1016 2934 οἱ
1052 2879 1343 2945 ςύνδεςμοι
1379 2884 1441 2946 ῆ,
1478 2898 1530 2932 v.
1569 2884 1656 2944 29)
1695 2880 1797 2943 μὲν
1832 2878 2185 2943 ἐγκλίνονται
2221 2879 2583 2933 διαζευκτικοὶ
2622 2880 2812 2944 ὄντες,
2859 2879 2912 2932 οἱ
2948 2881 3008 2932 δὲ

433 2951 558 3015 ἑξῆς
605 2967 656 3003 v.
695 2954 760 3002 30
800 2956 856 3000 et
892 2953 956 3001 32
1001 2952 1411 3014 περιςπῶνται·
1467 2948 1877 3014 ερωτηματικοὶ
1910 2947 2034 3014 γάρ.
2276 2949 2311 2998 1.
2348 2950 2379 2997 6
2431 2951 2601 2998 verba
2637 2947 2672 3011 ἦ
2711 2951 2907 3008 μοῦνοι
2943 2976 3010 2985 —-

434 3018 729 3083 Ἀτρεῖδαις
777 3017 967 3068 addidi
1012 3023 1266 3068 monente
1306 3017 1533 3068 Lehrsio
1572 3033 1622 3081 p.
1660 3020 1741 3078 57Χ
1769 3017 1960 3066 adnot.
2032 3015 2098 3066 de
2144 3015 2178 3079 ἦ
2226 3016 2571 3080 βεβαιωτικῷ
2618 3017 2688 3068 ef.
2732 3016 2798 3065 11.
2839 3017 2925 3069 Pr.
2955 3016 3007 3078 A

430 3090 555 3138 232:
592 3085 627 3149 ἦ
667 3114 727 3122 -
767 3086 1074 3151 λωβήςαιοι
1109 3085 1216 3136 τὸν
1251 3083 1286 3147 ἦ
1326 3082 1754 3148 περιςπαςτέον·
1794 3083 2156 3147 βεβαιωτικὸς
2191 3082 2297 3147 γάρ
2332 3081 2495 3134 ἐςτιν.
2564 3086 2688 3133 255:
2727 3081 2761 3145 ἦ
2791 3097 2888 3134 κεν
2911 3097 3008 3147 γη-

430 3152 591 3218 Θήςαι
624 3151 905 3217 Πρίαμοςε
945 3151 1350 3218 περιςπαςτέον
1385 3152 1491 3203 τὸν
1527 3150 1562 3214 ἦ
1601 3151 1960 3214 βεβαιωτικὸς
1995 3149 2118 3215 γάρ.
2192 3154 2316 3201 229;
2354 3149 2417 3212 ἦε
2465 3148 2868 3214 περιςπαςτέον
2901 3150 3008 3202 τὸν

431 3221 490 3284 ἠ·
530 3220 663 3276 κατ’
698 3221 876 3285 ἀρχὴν
919 3221 1027 3286 γὰρ
1071 3223 1249 3272 κεῖται
1296 3218 1647 3282 ἰςοδυναμῶν
1691 3223 1776 3285 τῷ
1823 3217 1909 3284 δή.
1985 3217 2025 3270 Β
2063 3222 2189 3271 ⁴272:
2235 3216 2298 3281 ἦε
2344 3217 2449 3268 τὸν
2494 3217 2528 3281 ἦ
2577 3217 3005 3281 περιςπαςτέον’

431 3286 807 3353 παραλλήλως
843 3287 950 3352 γὰρ
985 3291 1164 3340 κεῖται
1196 3291 1282 3353 τῷ
1330 3286 1399 3351 δή
1507 3285 1832 3349 εβαιωτικὸς
1881 3286 1962 3337 ὢν
2010 3283 2218 3348 ὁμοίως
2262 3289 2347 3352 τῷ
2383 3285 2458 3348 «ἡ
2497 3285 2566 3349 δὴ
2612 3283 2792 3347 λοίγια
2829 3284 3007 3349 ἔργα»

430 3356 499 3416 (Α
537 3355 678 3419 573).
748 3359 872 3406 291:
914 3353 1124 3416 ὁμοίως
1158 3354 1264 3406 τὸν
1301 3354 1388 3419 (βε
1425 3353 1694 3406 αιωτικὸν
1728 3353 1895 3418 τὸνῖ)
1934 3352 1968 3415 ἦ
2008 3352 2427 3417 περιςπαςτέον.
2500 3355 2624 3403 798:
2663 3352 2768 3404 τὸν
2792 3351 2827 3415 ἦ
2856 3367 3005 3417 περι-

428 3422 717 3474 ςπαςτέον.
768 3422 881 3473 ἔςτι
913 3421 1021 3487 γὰρ
1057 3422 1432 3487 βεβαιωτικὸς.
1510 3421 1543 3473 Γ
1577 3426 1668 3473 43:
1708 3419 1770 3485 ἦε
1810 3420 2213 3485 περιςπαςτέον
2248 3419 2352 3471 τὸν
2389 3420 2442 3484 ἦ.
2503 3419 2866 3483 βεβαιωτικὸς
2900 3419 3005 3484 γάρ

428 3490 573 3541 ἐςτιν
609 3490 699 3541 καὶ
738 3488 1087 3554 ίςοδυναμῶν
1122 3494 1206 3557 τῷ
1243 3489 1330 3555 δή.
1401 3491 1524 3541 336:
1562 3488 1626 3552 ἦε
1664 3490 1998 3553 περιςπᾶται
2036 3489 2068 3540 ό
2105 3489 2165 3553 ἠ·
2216 3487 2572 3551 βεβαιωτικὸς
2608 3487 2730 3552 γάρ.
2803 3486 2840 3539 Ε
2876 3491 3002 3539 278:

428 3557 462 3621 ἦ
512 3557 684 3621 μάλα;
731 3557 1138 3622 περιςπαςτέον
1182 3558 1288 3609 τὸν
1332 3557 1395 3621 ἦε
1439 3556 1551 3608 ἐςτι
1595 3556 1702 3620 γὰρ
1748 3556 1962 3617 μᾶλλον
2006 3555 2382 3619 βεβαιωτικὸς.
2455 3558 2579 3606 800:
2628 3555 2662 3619 ἦ
2711 3552 2905 3617 ὀλίγον
2950 3553 3005 3607 οἱ

430 3625 600 3676 παῖδα
634 3624 857 3677 ἐοικότα
890 3624 1119 3688 γείνατο
1155 3624 1393 3678 Τυδεύςε
1431 3624 1538 3676 τὸν
1574 3623 1609 3687 ἦ
1648 3623 2076 3689 περιςπαςτέον·
2130 3624 2427 3686 βούλονται
2469 3622 2576 3686 γὰρ
2612 3621 2793 3674 αὐτὸν
2830 3621 3005 3674 ἰςοδυ-

429 3697 624 3754 ναμεῑν
666 3696 752 3760 τῷ
796 3691 865 3757 δή
913 3693 1003 3745 καὶ
1050 3692 1414 3758 βεβαιωτικὸν
1461 3691 1621 3743 εἶναι.
1690 3693 1951 3743 τοιοῦτος
1996 3690 2101 3756 γὰρ
2139 3691 2170 3742 6
2208 3692 2340 3742 κατ’
2373 3691 2551 3754 ἀρχὴν
2595 3692 2648 3754 ἦ.
2724 3691 2764 3742 Η
2804 3694 2928 3742 393:
2967 3690 3001 3754 ἦ

428 3759 566 3825 μήν;
604 3762 936 3825 περιςπᾶται
971 3761 1002 3811 ὁ
1040 3760 1092 3823 ἡ,
1166 3759 1482 3822 ἰςοδυναμεῖ
1515 3760 1622 3824 γὰρ
1658 3763 1743 3825 τῷ
1780 3760 2144 3824 βεβαιωτικῷ.
2195 3759 2390 3822 ὅμοιον
2426 3757 2486 3809 δέ
2524 3757 2636 3809 ἐςτι
2671 3757 2739 3809 τὸ
2776 3758 2852 3822 «ἦ
2894 3758 3004 3821 μὴν

428 3827 518 3879 καὶ
556 3827 733 3880 πόνος
769 3826 955 3880 ἐςτίν»
992 3828 1079 3892 (ll.
1117 3827 1157 3880 Β
1195 3829 1333 3891 291).
1407 3828 1418 3879 Ι
1460 3830 1582 3878 197:
1627 3825 1662 3889 ἦ
1702 3826 1858 3890 φίλοι
1902 3826 2100 3891 ἄνδρες
2145 3825 2406 3878 ἱκάνετον
2451 3825 2487 3888 ἦ
2533 3840 2586 3875 τι
2634 3824 2781 3889 μάλα
2825 3825 3001 3890 χρεώε

426 3893 782 3960 ἀμφοτέρους
825 3896 961 3947 τοὺς
1007 3894 1338 3958 ςυνδέςμου(
1383 3893 1801 3958 περιςπαςτέον.
1874 3894 2223 3958 βεβαιωτικοὶ
2265 3892 2388 3957 γάρ.
2458 3892 2503 3944 Ο
2541 3896 2669 3944 288:
2714 3892 2780 3955 ἦε
2827 3892 3002 3955 διαβε-

427 3962 721 4026 βαιωτικός
758 3962 885 4014 ἐςτι.
934 3963 1020 4015 διὸ
1058 3962 1462 4028 περιςπαςτέον
1498 3961 1693 4014 αὐτόν.
1753 3961 1791 4012 Ρ
1830 3967 1921 4014 38:
1962 3960 2367 4026 περιςπαςτέον
2401 3960 2507 4011 τὸν
2544 3959 2578 4023 ἦ
2619 3958 2998 4023 βεβαιωτικὸν.

429 4034 550 4081 143:
606 4029 1008 4094 περιςπαςτέον
1051 4031 1157 4082 τὸν
1198 4029 1262 4093 ἦ,
1319 4028 1433 4081 εἴτε
1479 4032 1868 4092 θαυμαςτικῶς
1925 4028 2038 4080 εἴτε
2085 4031 2145 4092 βε
2182 4031 2461 4080 αιωτικῶς
2506 4031 2699 4078 κεῖται.
2781 4026 2830 4078 Υ
2873 4030 2999 4077 452:

426 4097 836 4162 περιςπαςτέον
870 4098 976 4150 τὸν
1011 4097 1066 4162 ἦ.
1116 4097 1230 4149 ἔςτι
1264 4096 1369 4162 γὰρ
1408 4096 1793 4162 βεβαιωτικὸς,
1830 4095 1946 4148 ἶςος
1980 4101 2065 4162 τῷ
2102 4096 2132 4147 δ
2176 4134 2187 4146 .
2258 4093 2299 4145 Χ
2325 4098 2449 4148 356;
2486 4094 2592 4146 τὸν
2629 4094 2663 4157 ἦ
2702 4092 3003 4156 ςύνδεςμον

426 4164 845 4230 περιςπαςτέον.
911 4164 1025 4218 ἐςτι
1058 4165 1165 4230 γὰρ
1202 4164 1576 4229 βεβαιωτικὸς.
1649 4165 1831 4215 Schol.
1869 4164 1969 4215 Od.
2006 4165 2035 4217 ζ
2070 4167 2192 4215 278:
2231 4162 2295 4225 ἦε
2336 4163 2712 4227 βεβαιωτικῶς
2749 4160 3001 4224 ἀναγνω-

423 4233 601 4286 ςτέον.
674 4234 777 4283 Od.
822 4248 848 4285 ε
897 4237 1022 4286 182:
1072 4232 1107 4296 ἦ
1154 4232 1249 4298 δή;
1300 4231 1706 4297 περιςπαςτέον
1750 4230 1856 4282 τὸν
1900 4234 1952 4295 ῆ.
2033 4230 2146 4283 ἔςτι
2192 4229 2297 4294 γὰρ
2344 4228 2718 4294 βεβαιωτικὸς.
2789 4228 2839 4281 Υ
2876 4233 3000 4279 583;

420 4317 570 4369 τινες
613 4317 682 4368 τὸ
719 4303 827 4383 ηδ-η
859 4315 1122 4381 χρονικὸν
1156 4315 1478 4380 ἐκδέχονται
1518 4317 1609 4368 καὶ
1651 4314 2083 4379 παροξύνουςιν,
2138 4313 2243 4365 οὐκ
2285 4314 2375 4376 εὖ,
2431 4312 2660 4377 ἄμεινον
2700 4311 2807 4377 γὰρ
2850 4327 2999 4377 περι-

423 4388 568 4438 ςπᾶν
612 4385 673 4436 ἐκ
719 4384 1087 4450 παραλλήλου
1134 4387 1238 4436 τοῦ
1286 4383 1585 4446 ςυνδέςμου
1632 4383 1906 4445 κειμένου.
1989 4383 2088 4433 od.
2126 4382 2156 4433 δ
2188 4385 2311 4433 260:
2359 4380 2513 4445 χαῖρ’
2559 4379 2682 4431 ἐπεὶ
2726 4380 2833 4450 ἤδη
2883 4395 3001 4442 μοιε

423 4451 653 4515 ἄμεινον
687 4453 794 4519 ἤδη
833 4457 1104 4517 χρονικῶς
1141 4450 1453 4515 ἐκδέχεςθαι
1489 4452 1616 4503 κατ’
1652 4448 2029 4516 Ἀρίςταρχον.
2083 4448 2300 4514 Κράτης
2336 4448 2396 4500 δὲ
2432 4448 2532 4499 δύο
2559 4450 2706 4499 ποιεῖ
2730 4446 2765 4510 ἦ
2793 4449 2883 4498 καὶ
2910 4447 2998 4511 δή,
3091 4488 3099 4492 .

424 4519 508 4572 διὸ
545 4521 638 4573 καὶ
673 4524 912 4586 περιςπᾷ
946 4520 1016 4571 τὸ
1053 4524 1102 4584 ἦ.
1172 4518 1452 4571 οὐδέποτε
1487 4519 1548 4571 δέ
1585 4519 1616 4570 6
1653 4518 1688 4582 ἦ
1729 4519 1812 4569 ὢν
1850 4518 2209 4582 βεβαιωτικὸς
2247 4516 2451 4579 μεταξὺ
2491 4516 2575 4567 ὢν
2608 4518 2712 4566 τοῦ
2750 4513 2874 4567 ἐπεί
2911 4516 3000 4565 καὶ

423 4589 527 4637 τοῦ
563 4587 632 4652 δή
669 4588 890 4654 εὑρέθη.
962 4586 1006 4638 Ω
1043 4591 1133 4639 72:
1181 4586 1216 4650 ἦ
1254 4585 1361 4652 γάρ
1386 4586 1458 4642 ,οἱ
1495 4587 1580 4638 ἀεὶ
1627 4585 1811 4652 μήτηρ
1849 4584 2318 4650 παρμέμβλωκενε
2366 4583 2470 4635 οὐκ
2516 4581 2823 4644 ἀναγκαῖον
2858 4583 2928 4633 τὸ
2964 4586 2998 4646 ῆ

425 4652 630 4718 ἄρθρον
674 4656 1013 4720 ἑκδέχεςθαι·
1059 4655 1186 4707 ἔθος
1229 4653 1336 4719 γὰρ
1382 4654 1542 4720 αὐτῷ
1585 4653 1705 4706 έςθ’
1741 4653 1840 4706 ὅτε
1886 4651 2253 4718 παραλείπειν
2298 4652 2370 4702 τὰ
2413 4650 2590 4716 ἄρθρα
2625 4648 2813 4702 «ἀλλὰ
2859 4647 2998 4716 φίλη

427 4717 651 4784 μήτηρ»
688 4725 773 4786 (Il.
812 4724 860 4773 Φ
898 4723 1047 4789 276),
1085 4721 1315 4788 «μήτηρ
1361 4722 1462 4786 μέν
1508 4721 1572 4773 τέ
1617 4722 1682 4784 μέ
1717 4735 1893 4788 φηςι»
1931 4721 2056 4786 (Od.
2094 4734 2130 4771 α
2167 4720 2308 4783 215).
2379 4718 2674 4781 ςύνδεςμος
2711 4717 2815 4770 οὖν
2852 4716 3000 4769 ἐςτιν

427 4787 801 4850 βεβαιωτικὸς.
853 4791 938 4843 διὸ
974 4789 1396 4856 περιςπαςτέον.
1468 4791 1637 4842 Locis
1673 4791 1997 4857 quibusdam
2035 4789 2419 4856 interpretatio
2453 4787 2782 4848 fluctuabat,
2817 4791 3001 4837 utrum
