3664 5546
566 389 834 437 CLXVIII
1656 389 2076 439 PRAEFATIO.

565 541 934 630 Stephanus
981 543 1287 628 praebet,
1343 543 1759 608 referendum
1805 543 1892 607 sit
1933 553 2001 608 et
2043 544 2416 627 suspicatur
2457 543 2866 609 Hecataeum
2912 566 3153 630 ponen-

564 644 720 709 dum
766 666 930 709 esse.

730 743 1161 810 Philoxeni
1244 744 1742 826 adnotamenta‚
1823 766 1989 832 quae
2066 766 2172 831 ap.
2241 743 2466 830 Steph.
2547 747 2991 832 reperiuntur,
3068 769 3157 811 ex

561 844 940 911 Herodiano
986 856 1251 932 sumpta
1294 868 1438 911 esse
1482 857 1549 910 et
1577 845 1759 926 inde,
1786 844 1985 932 „quod
2012 846 2070 909 is
2103 846 2363 934 saepius
2394 844 2828 912 Philoxenum
2862 848 3158 934 sequitur

465 945 478 956 “
561 946 676 1032 (cf.
724 970 778 1012 e.
825 970 891 1032 g.
936 947 1017 1012 E.
1063 946 1154 1012 M.
1198 947 1349 1030 477,
1394 947 1507 1030 56,
1563 947 1679 1012 ubi
1721 969 1844 1034 pro
1890 947 2109 1014 Φίλων
2171 946 2592 1013 scribendum
2640 958 2743 1013 est
2785 949 3157 1033 Φιλόξενος,

558 1049 731 1134 quod
776 1070 1008 1114 nomen
1048 1049 1521 1114 restituendum
1575 1056 1676 1114 est
1720 1049 1919 1113 etiam
1964 1048 2034 1112 in
2076 1047 2294 1116 Schol.
2341 1050 2426 1113 ad
2471 1048 2692 1136 Apoll.
2740 1048 2848 1113 III
2898 1048 3046 1133 118)
3091 1059 3161 1113 et

560 1172 645 1213 ex
689 1150 884 1215 rebus
931 1150 1227 1215 tractatis
1273 1150 1388 1231 66,
1425 1150 1503 1215 18
1549 1151 2007 1231 Ἀλαβανδικὸς
2053 1152 2481 1232 ςολοικιςμός,
2528 1152 2619 1217 ὡς
2651 1151 2995 1219 Φιλόξενος
3037 1153 3157 1231 τὴν

555 1252 920 1318 Ὀδύςςειαν
951 1252 1405 1337 ἐξηγούμενος,
1447 1251 1621 1339 quod
1650 1250 2073 1316 Herodianus
2104 1272 2220 1337 per
2252 1251 2662 1317 occasionem
2693 1251 3154 1317 vocabulorum

559 1354 626 1417 in
673 1356 808 1420 ιῖοἶ
862 1351 1187 1437 attulerit,
1234 1353 1392 1436 246,
1440 1354 1479 1419 8
1535 1354 1882 1421 Φιλόξενος
1939 1352 1978 1418 ὁ
2031 1355 2147 1432 τὴν
2202 1353 2567 1422 Ὀδύςςειαν
2625 1353 3158 1436 ὑπομνηματίζών

563 1456 682 1521 δύο
729 1456 912 1539 φηςί,
961 1456 1345 1535 Θεςςαλικὴν
1389 1457 1494 1521 καὶ
1523 1456 1971 1534 Θεςπρωτικὴν
2003 1475 2093 1518 sc.
2125 1455 2497 1539 Δωδώνην,
2539 1454 2689 1537 401,
2737 1457 2793 1537 1,
2839 1455 2954 1519 ubi
3000 1447 3195 1521 diei-‘

571 1566 676 1619 tur
720 1553 1118 1620 Philoxenus
1163 1559 1340 1639 κώμη
1387 1579 1428 1622 a
1469 1559 1795 1635 κοιμᾶςθαι
1840 1563 2168 1642 repetere,
2214 1555 2368 1620 licet
2409 1556 2785 1621 coniectari.

738 1656 1120 1723 Seleucus
1165 1659 1235 1722 in
1279 1656 1407 1744 Ep.
1441 1656 1552 1722 Or.
1583 1655 1617 1720 I
1647 1656 1750 1738 77,
1782 1655 1867 1719 22
1898 1656 2099 1723 ἀλαός
2128 1658 2540 1744 componitur
2579 1679 2725 1722 cum
2757 1656 3157 1740 Herodiano,

567 1757 739 1845 quod
796 1760 889 1823 sic
940 1757 1452 1844 intellegendum
1505 1768 1608 1824 est
1659 1756 2112 1822 Herodianum
2170 1779 2355 1822 suam
2410 1758 2494 1823 ab
2550 1758 2825 1839 ἀλάομαι
2880 1758 3157 1844 origina-

567 1860 810 1924 tionem
855 1861 1238 1946 opposuisse
1271 1858 1525 1925 Seleuci
1570 1869 1792 1945 etymo
1840 1858 2067 1925 ἀλάςαι
2110 1860 2189 1925 τὸ
2235 1859 2580 1925 ἑλαττῶςαι
2624 1868 2690 1924 et
2716 1883 2781 1946 p.
2817 1859 2977 1942 208,
3012 1861 3043 1923 1
3090 1862 3159 1924 in

568 1958 710 2026 loco
756 1983 841 2025 ex
884 1958 1267 2026 Herodiano
1326 1960 1623 2026 derivato
1687 1960 1768 2023 de
1822 1958 2117 2042 ἴφθιμος;
2174 1959 2543 2046 Stephanus
2602 1961 2754 2043 185,
2805 1961 2881 2025 17
2940 1958 3160 2026 Seleu-

570 2083 715 2127 cum
762 2063 831 2128 ἐν
878 2063 1161 2147 δευτέρῳ
1206 2065 1509 2138 γλώςςῶν
1554 2070 1821 2148 propter
1867 2069 2133 2145 etymon
2175 2061 2356 2127 urbis
2405 2063 2774 2142 Βρεντέςιον
2819 2061 3063 2128 laudat.

739 2162 953 2228 Theo
998 2171 1468 2229 commentator
1509 2160 1964 2249 Lycophronis
2009 2172 2077 2228 et
2119 2161 2437 2228 Nicandri
2482 2162 2655 2228 idem
2698 2162 2962 2229 videtur
3016 2185 3161 2228 esse

565 2272 764 2350 atque
809 2264 899 2346 is,
946 2265 1130 2329 cuius
1176 2265 1433 2330 lexicon
1474 2262 1848 2349 Hesychius
1895 2264 1961 2328 in
2008 2264 2413 2351 praefatione
2459 2286 2530 2328 se
2575 2262 2958 2329 adhibuisse
3003 2264 3166 2329 dicit

567 2374 633 2429 et
675 2365 786 2451 qui
830 2364 911 2429 E.
958 2365 1049 2431 M.
1100 2366 1250 2448 144,
1295 2364 1380 2430 55
1430 2366 1468 2431 ὁ
1525 2366 1992 2446 Ἀρτεμιδώρου
2048 2377 2340 2431 vocatur.
2440 2364 2885 2451 Etymologici
2944 2377 3161 2431 autem

566 2465 658 2531 M.
703 2464 918 2532 locum
961 2489 1043 2531 ex
1091 2465 1432 2533 Catholica
1473 2465 1747 2531 fluxisse
1804 2466 2146 2552 probabile
2202 2476 2305 2531 est
2350 2465 2464 2552 (cf.
2511 2466 2771 2531 Ahrens
2817 2466 3039 2531 Bucol.
3089 2465 3161 2531 II

566 2591 630 2654 p.
677 2566 955 2633 XXVII
1010 2566 1221 2654 seqq.)
1278 2567 1526 2654 pariter
1582 2577 1778 2654 atque
1821 2566 1943 2648 49,
1987 2567 2073 2632 44
2127 2568 2467 2633 adnotatio
2512 2566 2592 2633 de
2648 2577 2919 2635 accentu
2973 2569 3160 2633 vocis

564 2670 843 2749 ἀκμηνός
889 2667 1004 2754 (cf.
1035 2669 1244 2734 Lehrs
1289 2670 1495 2735 Arist.
1543 2669 1670 2733 300
1714 2667 1818 2734 ed.
1865 2668 1997 2754 11);
2045 2667 2361 2755 Stephani
2406 2680 2625 2734 autem
2670 2668 2851 2735 locus
2898 2692 2963 2755 p.
3009 2669 3159 2751 375,

430 2763 436 2770 ’
567 2770 648 2837 10
692 2771 754 2837 οἱ
799 2775 870 2839 δὲ
915 2772 1541 2854 ὑπομνηματίςαντες
1585 2771 1786 2838 αὐτὸν
1834 2769 1956 2856 (sc.
1988 2768 2426 2857 Nicandrum)
2458 2773 2644 2840 Θέων
2689 2773 2790 2838 καὶ
2821 2773 3157 2853 Πλούταρ-

563 2895 679 2954 χος
734 2874 836 2940 καὶ
888 2874 1257 2955 Δημήτριος
1312 2875 1350 2939 ὁ
1410 2874 1676 2954 Χλωρός
1729 2893 1923 2954 φαςιν
1980 2881 2082 2937 est
2136 2872 2370 2959 opinor
2424 2896 2509 2938 ex
2564 2872 2934 2939 Herodiani
2989 2874 3160 2940 libro

562 2977 711 3055 περὶ
762 2980 1019 3060 παθῶν,
1085 2974 1200 3040 ubi
1256 2976 1338 3039 de
1396 2973 1676 3040 diversis
1732 2972 1961 3039 formis
2018 2974 2261 3054 Ὀρόπη
2327 2983 2394 3039 et
2458 2976 2717 3056 Κορόπη
2784 2977 3158 3063 expositum

562 3086 704 3142 erat
718 3125 738 3159 ,
785 3077 1235 3162 transcriptus.

732 3177 1094 3264 Trypho,
1161 3176 1345 3241 cuius
1414 3177 1660 3262 scripta
1723 3173 2145 3242 Herodianus
2224 3176 2608 3263 saepissime
2672 3175 2973 3244 adhibuit
3037 3178 3158 3265 (cf.

561 3287 822 3365 praeter
864 3276 946 3342 Il.
992 3278 1098 3342 Pr.
1139 3276 1219 3340 E.
1249 3276 1342 3341 M.
1387 3275 1546 3357 645,
1598 3278 1661 3358 1,
1708 3275 1854 3359 477,
1900 3276 2049 3362 56),
2097 3287 2169 3342 ut
2213 3276 2295 3341 de
2339 3278 2507 3344 libro
2553 3279 2700 3360 περὶ
2742 3280 3154 3360 παρωνύμων

561 3388 848 3459 taceam,
897 3377 979 3443 de
1023 3401 1149 3465 quo
1194 3378 1324 3442 iam
1368 3378 1538 3458 dixi,
1584 3401 1625 3444 a
1670 3378 2001 3464 Stephano
2048 3376 2354 3443 laudatur
2389 3379 2529 3455 147,
2567 3381 2608 3443 2
2651 3381 2933 3462 Τρύφων
2977 3383 3157 3461 παρὰ

561 3481 638 3545 τὸ
685 3480 1010 3559 ἀλιςθῆναι
1055 3479 1195 3546 ἀλίς
1247 3481 1350 3545 καὶ
1391 3480 1612 3564 Αὐλίς,
1673 3481 1923 3563 βέλτιον
1980 3481 2111 3547 ἀπὸ
2167 3484 2278 3560 τῆς
2321 3481 2591 3547 Αὐλίδος
2649 3484 2759 3561 τῆς
2802 3481 3154 3563 Εὐωνύμου

559 3585 678 3647 τοῦ
728 3583 1072 3665 Κηφιςςοῦ,
1137 3604 1329 3668 quem
1374 3581 1587 3646 locum
1651 3581 1759 3647 vel
1814 3580 2251 3647 annotationis
2299 3580 2727 3648 conformatio
2787 3581 3155 3648 Herodiani

560 3704 706 3746 esse
750 3679 963 3746 docet.
1055 3681 1369 3749 Similiter
1413 3706 1476 3769 p.
1523 3683 1681 3766 301,
1727 3683 1768 3747 6
1812 3684 2096 3765 Τρύφων
2140 3685 2293 3765 φηςὶ
2337 3684 2435 3750 ὅτι
2466 3683 2713 3751 Ἠλίεος
2755 3685 2857 3749 καὶ
2902 3685 3153 3750 Ἠλέϊος

562 3784 665 3849 καὶ
708 3784 960 3851 Ἠλεῖος
1004 3805 1151 3848 cum
1195 3785 1569 3873 Tryphonis
1616 3783 2057 3871 explicatione
2112 3794 2527 3870 comparatur
2571 3785 2777 3850 altera
2819 3786 3150 3859 Ἠλίδειος,

560 3884 861 3970 Ἠλίειος,
907 3886 1191 3970 Ἠλεῖος,
1235 3908 1402 3972 quae
1447 3887 1585 3950 sine
1632 3885 1835 3950 dubio
1880 3896 1980 3950 est
2021 3884 2406 3951 Herodiani.

728 3986 832 4051 De
901 3987 1344 4075 Apollonio
1414 3990 1546 4052 iam
1623 3986 1762 4052 dixi
1838 4008 2066 4073 supra,
2133 3987 2544 4053 Domitius
2610 3987 3149 4053 Callistratus

559 4087 803 4173 (Schol.
848 4087 976 4153 Od.
1022 4112 1059 4170 ρ
1101 4088 1291 4176 455),
1337 4089 1836 4154 Menecrates
1884 4096 1950 4153 et
1993 4088 2550 4154 Parmeniscus
2610 4087 2768 4174 (Od.
2814 4095 2851 4155 δ
2894 4087 3047 4171 242)
3105 4112 3150 4154 a

557 4188 887 4276 Stephano
932 4200 1198 4277 propter
1238 4190 1707 4277 geographicas
1766 4211 1871 4254 res
1916 4188 2229 4270 citantur,
2286 4190 2353 4254 in
2408 4189 2555 4255 aliis
2599 4189 2889 4276 reliquiis
2933 4189 3143 4255 Hero-

559 4289 809 4356 dianeis
855 4301 1122 4377 propter
1163 4293 1647 4376 grammaticas.

725 4390 1046 4477 Perpauci
1090 4404 1244 4459 sunt
1284 4391 1692 4477 grammatici
1737 4392 2172 4478 antiquiores,
2217 4394 2328 4479 qui
2372 4393 2441 4456 in
2483 4392 2751 4479 reliquis
2781 4391 3143 4459 Herodiani

555 4493 816 4579 scriptis
872 4513 1001 4558 non
1056 4503 1468 4559 occurrentes
1525 4516 1565 4558 a
1618 4492 1948 4581 Stephano
2001 4493 2425 4581 proferuntur
2468 4515 2631 4580 quos
2674 4493 2835 4558 mihi
2890 4504 3140 4560 certum

479 4598 483 4609 '
556 4604 657 4658 est
700 4594 783 4659 ab
830 4614 907 4659 eo
954 4594 1337 4662 Herodiano
1382 4606 1647 4661 auctore
1692 4596 1927 4661 citatos
1972 4618 2148 4679 esse,
2208 4605 2363 4660 sunt
2405 4603 2623 4660 autem
2668 4594 2808 4660 fere
2849 4595 2947 4660 hi:
3011 4596 3139 4662 Νι-

555 4696 816 4775 κάνωρ
872 4696 910 4761 ὁ
954 4696 1337 4781 Ἑρμείου,
1392 4697 1504 4784 qui
1550 4719 1602 4761 e.
1651 4718 1714 4781 g.
1772 4698 1844 4763 ἐν
1887 4705 1964 4781 τῇ
2016 4699 2181 4777 πρὸς
2226 4696 2559 4776 Ἀδριανὸν
2602 4705 2821 4783 γραφῇ
2872 4706 3140 4783 propter

556 4797 948 4883 scripturam
989 4799 1266 4880 Ἀθριβις
1309 4819 1425 4884 pro
1467 4799 1742 4881 Ἀθλιβις
1784 4798 1851 4861 in
1897 4798 2335 4864 testimonium
2381 4810 2683 4880 vocatur,
2729 4806 2794 4862 et
2837 4796 3138 4884 Hypsi-
