3664 5546
618 371 747 435 444
1372 332 1389 338 ’
1557 367 1640 422 εκ
1677 365 1818 420 τςιΝ
1862 364 2272 420 ΗΡΩΔιΑΝοΥ

786 543 826 601 ἰε
874 541 968 606 Τὰ
1020 539 1109 605 εἰς
1150 526 1253 607 ζ-υἷ
1283 542 1358 607 τὸ
1406 544 1444 603 ὃ
1487 537 1988 630 παραληγόμενα
2030 538 2171 616 τρία
2215 536 2340 601 ἑςτὶ
2375 537 2479 600 καὶ
2522 536 2891 618 βαρύνεται,
2936 535 3088 602 ὄζω
3127 571 3215 582 —-

620 648 815 708 τοῦτο
861 644 932 708 δὲ
977 641 1183 708 ἐνίοτε
1226 642 1331 706 καὶ
1373 642 1860 722 περιςπώμενον
1908 640 2189 721 λέγεται,
2235 638 2300 706 ἐξ
2346 635 2426 704 οὗ
2471 640 2574 703 καὶ
2617 638 2655 702 ὁ
2686 638 2940 717 μέλλων
2987 637 3213 719 ὀζέςω,

620 746 788 810 ἀλλὰ
843 746 947 810 καὶ
1002 743 1211 822 ὀζήςω
1271 743 1362 809 ὡς
1418 742 1583 823 παρ
1628 743 2067 823 Ἀριςτοφάνει
2128 741 2346 806 «λίθος
2401 762 2495 806 τις
2550 740 2789 819 ὤζηςεν
2845 740 3215 820 τεθυμιαμέ-

619 868 808 930 νος»,
854 847 1202 927 ἁρμόζω,
1247 845 1625 912 δεςπόζω.

558 959 592 1009 5
790 969 827 1004 st
875 949 971 1014 Τὰ
1023 949 1112 1014 εἰς
1155 954 1247 1015 ζω
1295 953 1389 1031 τῷ
1440 954 1492 1012 ω
1534 948 1573 1025 ἢ
1615 953 1691 1031 τῇ
1736 960 1789 1022 ῳ
1834 946 1937 1011 καὶ
1975 954 2053 1032 τῇ
2098 951 2161 1011 ὁῑ
2200 945 2535 1029 διφθόγγῳ
2570 944 3072 1024 παραληγόμενα
3103 949 3211 1023 βα-

621 1052 909 1134 ρύνεται,
953 1052 1256 1134 κρώζω,
1302 1049 1639 1131 οἰμώζω,
1683 1049 2097 1132 πατρώζω,
2144 1049 2548 1131 μητρώζω,
2608 1048 2918 1130 χρώζω,
2964 1048 3212 1129 ςῲζω,

620 1156 899 1236 πλῴζω
955 1153 1068 1218 ςύν
1112 1158 1204 1237 τῷ
1250 1151 1314 1233 ἶ,
1368 1151 1664 1231 εὕρηνται
1719 1151 1844 1229 γὰρ
1902 1150 1973 1216 ἐν
2029 1152 2326 1229 διαιρέςει
2373 1151 2614 1231 ςωῑζω,
2659 1150 2922 1217 πλωῑζω
2966 1152 3210 1227 τριςυλ-

622 1255 868 1338 λάβως,
912 1253 1434 1332 ἁθροίζω.τό
1481 1255 1553 1317 δὲ
1599 1251 1836 1331 ῥοιζῶ
1882 1256 2288 1334 περιςπᾶται,
2333 1251 2432 1316 ὅτι
2478 1251 2808 1348 ῥοῖζος-

794 1380 831 1416 ιι
874 1356 1004 1420 Ἔτι
1048 1357 1127 1420 τὰ
1168 1362 1246 1440 τῇ
1291 1360 1344 1421 {i
1375 1357 1493 1420 καὶ
1536 1359 1575 1437 ᾖ
1618 1355 1956 1442 διφθόγγψ
2010 1354 2510 1433 παραληγόμενα
2565 1353 2652 1419 εἰς
2706 1360 2797 1421 ζω
2851 1352 3212 1434 βαρύνεται,

522 1466 589 1518 10
624 1457 989 1540 δανείζω,
1036 1461 1292 1542 χρῄζω
1335 1458 1512 1535 παρὰ
1556 1457 1630 1521 τὸ
1687 1457 1880 1535 χρέος
1927 1457 2156 1535 χρεῖζω
2212 1458 2450 1535 χρηίζω
2495 1456 2598 1519 καὶ
2653 1458 2897 1538 χρῄζω,
2954 1456 3209 1538 κλῄζω

623 1559 754 1624 ἀπὸ
810 1564 926 1624 τοῦ
982 1559 1168 1625 κλέος
1207 1561 1433 1626 κλεῑζω
1476 1560 1579 1623 καὶ
1622 1560 1857 1638 κληΐζω
1901 1561 2005 1624 καὶ
2037 1561 2278 1642 κλῄζω,
2324 1557 2403 1621 οὐ
2437 1558 2669 1634 γέγονε
2703 1557 2806 1639 δέ,
2854 1558 2943 1621 ὡς
2977 1557 3211 1635 ἡγοῦν-

621 1682 760 1743 ται,
814 1661 971 1725 κατὰ
1028 1663 1351 1739 ςυγκοπὴν
1408 1661 1583 1738 παρὰ
1638 1662 1713 1724 τὸ
1770 1662 2084 1739 καλήζω
2138 1661 2212 1726 τὸ
2268 1659 2444 1738 παρὰ
2499 1658 2794 1738 Κυπρίοις
2841 1658 3210 1737 λεγόμενον.

621 1766 818 1827 τοῦτο
861 1764 984 1841 γὰρ
1030 1761 1149 1828 οὐκ
1191 1762 1323 1842 ἔχει
1365 1764 1441 1888 τὸ
1485 1766 1544 1826 ῖ·
1589 1762 1715 1828 ἔςτι
1760 1764 1830 1827 δε
1876 1763 2050 1840 παρὰ
2093 1763 2258 1827 Ἴωςι
2301 1761 2543 1845 καλέω,
2594 1761 2771 1840 παρὰ
2816 1761 2883 1825 δ’
2924 1760 3212 1825 Αἰολεῦςι

623 1865 857 1944 καλήω.

521 1974 585 2026 15
793 1991 830 2027 ιι
875 1967 969 2031 Τὰ
1013 1966 1102 2032 εἰς
1156 1973 1245 2034 ζω
1298 1965 1546 2046 ῥήματα
1587 1965 2087 2047 παραληγόμενα
2131 1973 2168 2031 ῦ
2224 1968 2403 2047 φιλεῖ
2456 1987 2597 2030 πως
2642 1964 3018 2045 βαρύνεςθαι
3064 1963 3211 2030 οἷον

622 2069 909 2152 τρύζω,
974 2069 1262 2152 γρύζω,
1330 2068 1615 2152 κλύζω,
1681 2068 1966 2152 ἀτύζω,
2024 2067 2431 2151 ὀλοφύζω,
2497 2069 2535 2132 ὃ
2595 2066 3027 2146 πρωτότυπόν
3085 2066 3212 2131 ἐςτι

622 2174 740 2236 τοῦ
812 2171 1223 2256 ὀλοφυδνὸν,
1298 2170 1691 2255 ὀτοτύζω,
1766 2171 2162 2255 ὀλολύζω,
2237 2171 2533 2252 ςφύζω,
2610 2170 3006 2258 γογγύζω,
3087 2168 3212 2247 ἑρ-

621 2273 868 2357 πύζω,
913 2273 1237 2356 ἑλκύζω,
1285 2274 1733 2356 λαγαρύζω,
1777 2272 2198 2355 ποππύζω,
2241 2272 2679 2354 κελαρύζω,
2724 2271 3213 2352 μαςταρύζω,

624 2377 891 2453 βαΰζω.
980 2375 1207 2454 εὑρέθη
1253 2375 1471 2455 μέντοι
1514 2376 1658 2440 τινὰ
1713 2376 1816 2440 καὶ
1871 2376 2349 2458 περιςπώμενα,
2406 2373 2500 2440 ὧν
2557 2373 2695 2439 ἔςθ’
2738 2373 2849 2439 ὅτε
2904 2372 3007 2437 καὶ
3049 2392 3212 2450 προ-

520 2483 589 2535 20
622 2477 917 2555 κατάρχει
961 2476 1172 2555 ὄνομα
1216 2476 1307 2542 ὡς
1350 2478 1425 2542 τὸ
1471 2481 1776 2556 κορυζῶ
1821 2477 1925 2542 καὶ
1967 2480 2215 2559 φυζῶ,
2274 2474 2353 2542 οὗ
2399 2476 2586 2556 μέςος
2631 2474 3093 2555 παρακείμενος
3139 2473 3211 2538 ἐν

620 2584 712 2663 τῷ
762 2579 1158 2658 «πεφυζότες
1202 2578 1350 2656 ἠΰτε
1381 2579 1637 2658 νεβροί».
1682 2575 1792 2660 (ΙΙ.
1828 2579 1878 2643 Χ
1914 2579 1979 2661 1)
2021 2580 2126 2643 καὶ
2164 2580 2239 2644 τὸ
2285 2580 2521 2661 μυζῶ,
2567 2577 2631 2643 ἐξ
2674 2575 2753 2641 οὗ
2798 2575 2874 2642 τὸ
2906 2575 3213 2657 μεμυζότε

623 2681 922 2760 μυδαλέω
978 2700 1090 2744 τε»
1146 2681 1306 2759 παρ’
1362 2680 1728 2762 Ἀντιμάχῳ.
1817 2680 2097 2760 Ὀφείλει
2152 2681 2266 2759 μὲν
2331 2679 2410 2743 τὰ
2465 2679 2554 2744 εἰς
2602 2666 2707 2747 ζ-ω
2763 2680 3214 2758 περιςπώμενα

623 2789 716 2866 τῷ
762 2786 799 2846 fi
844 2783 1343 2863 παραληγόμενα
1386 2783 1596 2863 τρίτης
1627 2784 1918 2860 ςυζυγίας
1955 2781 2147 2848 εἶναι·
2191 2783 2266 2848 τὸ
2314 2785 2385 2847 δὲ
2429 2787 2678 2848 κνυζῶ
2724 2781 2848 2846 ἑςτι
2891 2782 2993 2845 καὶ
3035 2781 3212 2860 πρώ-

622 2905 735 2963 της
790 2885 893 2949 καὶ
946 2885 1247 2963 δευτέρας
1301 2885 1623 2967 ευζυγίας,
1683 2885 1721 2949 ὁ
1776 2885 2033 2965 μέλλων
2091 2884 2406 2967 κνυζήςω,
2460 2882 2524 2950 ἐξ
2582 2881 2662 2948 οὗ
2713 2883 2815 2947 καὶ
2858 2884 3213 2962 κνυζηθμός

519 2995 585 3045 25
623 2986 713 3051 ὡς
743 2987 1078 3067 μυκηθμός.
1143 2991 1516 3069 «κνυζηθμῷ
1549 2986 1613 3049 δ’
1644 2986 1913 3065 ἑτέρωςε
1942 2969 2049 3052 διὰ
2079 2988 2381 3065 ςταθμοῖο
2413 2985 2740 3066 φόβηθεν»
2772 2983 2928 3066 (Od.
2960 3006 3008 3048 π
3044 2982 3210 3066 163).

623 3089 725 3151 καὶ
768 3087 962 3154 πάλιν
988 3087 1346 3167 (οφοκλῆς
1390 3086 1600 3169 Φρίξῳ
1647 3085 1757 3170 (fr.
1805 3086 1934 3151 650
1975 3084 2243 3172 Nauck)
2291 3087 2614 3166 «κυνηδὸν
2670 3086 3018 3166 ἐξέπραξαν
3063 3108 3210 3151 κνυ-

622 3189 998 3267 ζούμενον».
1073 3189 1199 3255 ἔςτι
1245 3189 1347 3252 καὶ
1387 3189 1596 3267 τρίτης
1643 3187 1734 3254 ὡς
1777 3190 1854 3254 τὸ
1903 3190 2245 3255 «κνυζώςω
2291 3189 2362 3253 δέ
2405 3209 2506 3252 τοι
2551 3189 2734 3252 ὄςςε»
2782 3185 2934 3270 (Od.
2966 3208 3004 3252 ν
3034 3186 3210 3270 401).

621 3290 696 3354 τὸ
743 3291 813 3355 δὲ
858 3293 1167 3356 κνυζῶςαι
1212 3288 1356 3356 ἀντὶ
1396 3294 1514 3355 τοῦ
1558 3293 1922 3371 διαφθεῖραι
1966 3293 2179 3355 κεῖται.
2254 3290 2344 3356 δι’
2388 3291 2426 3355 ὃ
2472 3290 2762 3370 ἐπιφέρει
2806 3290 3090 3368 Ὅμηρος
3133 3290 3211 3353 τὸ

625 3391 874 3470 «πάρος
917 3392 1286 3469 περικαλλέ’
1330 3391 1582 3457 ἐόντα».
1670 3392 1770 3456 καί
1812 3412 1981 3459 τινες
2020 3394 2135 3473 μὲν
2181 3392 2311 3458 ἀπὸ
2358 3395 2573 3459 κυνῶν
2617 3394 2791 3456 κυνῶ
2837 3392 2940 3455 καὶ
2982 3396 3209 3458 κνυζῶ.

520 3501 588 3551 30
622 3492 764 3557 ἀλλ’
816 3492 985 3557 ἔςτιν
1039 3491 1356 3559 ἀπίθανον
1412 3494 1515 3557 καὶ
1568 3494 2073 3560 δυςκατάςτατον
2128 3497 2436 3578 παριςτᾶν
2503 3493 2571 3559 ἐκ
2632 3496 2747 3572 τῆς
2800 3493 2960 3558 κατὰ
3013 3491 3213 3558 κύνας

902 3647 1027 3655 .-

758 3729 796 3780 l.
837 3731 861 3778 1
901 3745 1164 3781 canonem
1199 3729 1267 3780 de
1301 3731 1488 3782 verbis
1521 3732 1580 3781 in
1616 3733 1729 3783 οζω
1767 3733 1951 3798 recepi
1985 3749 2055 3784 ex
2089 3732 2818 3799 Theogn.142,15.1.6
2854 3748 2922 3782 ex
2959 3731 3208 3797 Theogn.

624 3800 741 3859 142,
777 3800 838 3846 21
881 3801 938 3847 et
960 3799 1027 3848 30
1050 3794 1217 3860 ροιζῶ
1244 3797 1453 3849 habent
1477 3798 1676 3851 Aread.
1705 3803 1763 3850 et
1784 3800 2010 3851 Lasear.
2150 3800 2185 3851 1.
2212 3804 2244 3852 9
2270 3817 2338 3851 ex
2360 3801 3028 3865 Theogn.142‚10,p10
3052 3800 3210 3851 euius

625 3864 776 3915 futili
798 3866 952 3915 verbi
976 3865 1162 3930 χρήζω
1189 3881 1223 3915 a
1247 3863 1466 3930 χειρίζω
1492 3867 1825 3932 etymologia
1850 3869 2278 3933 originationem
2301 3869 2558 3949 proposui
2583 3837 3008 3927 Ηοιοᾶἰαιιοιιιιι,
3047 3883 3209 3932 quam

624 3948 692 3984 ex
727 3932 867 3983 libro
903 3933 1032 3996 περὶ
1069 3934 1272 3984 παθῶν
1306 3935 1519 3999 profert
1553 3937 1617 3986 E.
1654 3936 1794 3987 Gud.
1831 3939 1958 3997 294,
1996 3939 2087 4000 37,
2131 3937 2276 3987 unde
2314 3937 2480 3987 etiam
2516 3936 2704 4001 κλῄζω
2751 3940 2808 3985 et
2851 3905 3077 3999 καλήζω
3124 3952 3208 3985 re-

625 4017 765 4083 cepi.
928 4016 961 4067 l.
1001 4019 1063 4067 15
1099 4018 1465 4083 fragmentum
1502 4019 1569 4069 de
1606 4021 1793 4072 verbis
1837 4022 1895 4071 in
1931 4023 2043 4074 υζω
2081 4024 2268 4071 exstat
2301 4036 2389 4084 ap.
2428 4020 2684 4070 Eustath.
2723 4021 2853 4071 1745
2900 4024 3039 4072 extr.
3085 4036 3208 4069 enm

623 4084 931 4135 Herodiani
965 4086 1207 4149 nomine,
1244 4102 1405 4151 porro
1440 4088 1499 4136 in
1533 4088 1597 4138 E.
1635 4088 1775 4139 Gud.
1811 4091 1933 4151 330,
1972 4091 2065 4151 50,
2114 4090 2210 4140 ubi
2251 4089 2447 4139 titulus
2490 4087 2618 4137 libri
2664 4085 2726 4137 ἐν
2770 4090 2842 4152 τῇ
2880 4083 3074 4138 καθὸλ’
3110 4087 3206 4136 ad·

624 4152 772 4203 ditus
808 4157 920 4215 est,
959 4158 1016 4203 et
1051 4154 1109 4202 in
1143 4155 1207 4204 Ε.
1245 4154 1319 4204 Μ.
1355 4157 1472 4213 523,
1511 4158 1540 4206 7
1580 4155 1703 4221 (Ep.
1740 4152 1884 4207 cr.1
1919 4128 2037 4219 221,
2074 4158 2140 4207 29
2177 4162 2234 4206 et
2267 4155 2514 4219 226,13)
2551 4155 2668 4205 sine
2706 4157 2954 4206 auctoris
2989 4142 3047 4205 οἱ
3079 4155 3210 4206 libri

572 4252 579 4257 ‚
623 4221 866 4275 nomine·
915 4220 1184 4285 quaedam
1230 4238 1297 4272 ex
1344 4221 1535 4273 eodem
1584 4223 1909 4274 Catholicae
1967 4226 2088 4275 loeo
2137 4224 2464 4288 deprompta
2508 4223 2769 4288 leguntur
2816 4239 2904 4288 ap.
2949 4223 3205 4273 Eustath.

626 4290 774 4348 1766,
811 4290 895 4347 34,
934 4304 1076 4352 quae
1114 4295 1245 4354 apto
1283 4290 1410 4340 loeo
1441 4292 1676 4353 inserui3
1716 4291 1980 4342 nonnulla
2017 4294 2075 4342 in
2089 4293 2370 4342 'Favorim
2399 4289 2500 4345 ecl.
2540 4307 2592 4356 p.
2619 4292 2736 4341 273.
2783 4292 2868 4341 Ex
2903 4291 2992 4341 his
3027 4290 3208 4341 diver-

622 4357 700 4406 sis
738 4356 986 4407 fontibus
1020 4356 1193 4408 locum
1230 4360 1524 4409 restituere
1560 4364 1793 4410 conatus
1829 4375 1965 4409 sum.
2037 4360 2300 4410 Extrema
2334 4359 2530 4424 prioris
2565 4358 2848 4409 Eustathii
2892 4358 3000 4410 loci
3035 4359 3209 4408 verba

620 4425 677 4474 in
732 4423 1004 4488 principio
1051 4424 1208 4488 posui
1252 4425 1462 4476 additis
1506 4443 1573 4477 ex
1618 4427 1862 4493 Theogn.
1909 4430 2029 4481 142.
2066 4429 2132 4476 26
2173 4428 2361 4477 verbis
2406 4425 2599 4490 ςφὺζω
2647 4426 2738 4487 (ex
2784 4441 2890 4491 quo
2926 4426 3209 4477 Lobeckio

621 4491 814 4546 Rhem.
858 4492 915 4542 81
972 4490 1118 4544 ςὺζω
1167 4508 1253 4558 ap.
1304 4494 1563 4544 Enstath.
1620 4501 1935 4560 corruptum
1987 4495 2228 4558 videtur)
2280 4520 2352 4530 —
2404 4492 2733 4558 μαςταρύζω
2788 4499 2846 4544 et
2900 4492 3084 4556 βαΰζω
3139 4509 3212 4543 ex

620 4560 768 4609 Mon.
799 4561 882 4623 44,
920 4563 968 4611 3.
1005 4585 1074 4595 —-
1109 4559 1143 4610 1.
1188 4563 1254 4611 23
1288 4560 1358 4612 τὸ
1395 4559 1456 4613 δὲ
1493 4563 1675 4615 κνυζῶ
1712 4570 1842 4615 sunt
1879 4578 1946 4613 ex
1978 4565 2041 4616 Ε.
2076 4563 2149 4613 Μ.
2188 4561 2388 4614 collato
2425 4561 2697 4614 Gudiano.
2729 4588 2796 4597 —
2832 4561 2963 4612 inde
2999 4578 3033 4611 a
3067 4562 3102 4611 l.
3139 4562 3209 4610 28

621 4625 691 4677 τὸ
747 4625 808 4678 δὲ
867 4627 1138 4679 κνυζῶεαι
1189 4655 1256 4664 -
1300 4629 1336 4679 l.
1385 4632 1449 4679 29
1494 4628 1665 4682 ἐόντα
1722 4647 1789 4681 ex
1850 4631 2108 4682 Eustath.
2157 4631 2374 4682 omissis
2416 4629 2702 4680 vocabulis
2755 4627 2904 4691 λέγει
2950 4634 3007 4681 et
3051 4625 3207 4691 φηςί,

622 4693 748 4745 inde
801 4692 892 4746 καί
943 4708 1092 4747 τινες
1144 4722 1213 4732 -
1267 4697 1449 4748 κνυζῶ
1504 4714 1572 4748 ex
1624 4700 1687 4749 Ε.
1732 4699 1804 4748 M.
1858 4704 1915 4750 et
1966 4698 2136 4762 Gna,
2190 4696 2323 4750 ἀλλ’
2367 4697 2517 4748 ἔςτιν
2568 4694 2848 4748 ἀπίθανον
2901 4697 3057 4762 posui
3108 4712 3208 4760 pro

624 4762 909 4812 Eustathii
944 4764 1155 4814 verbis.
1201 4762 1271 4815 τὸ
1318 4762 1379 4815 δὲ
1415 4762 1530 4816 ἀπὸ
1567 4769 1757 4817 κυνῶν
1795 4764 1978 4818 εἰπεῖν
2021 4766 2091 4817 τὸ
2140 4767 2411 4819 κνυζῶςαι
2456 4763 2637 4829 ὀκνεῖ,
2687 4762 2967 4816 ἀπίθανον
3003 4761 3206 4827 εἰπών,

620 4829 681 4878 in
714 4829 780 4878 E.
816 4832 889 4880 M.
928 4836 985 4881 et
1021 4830 1159 4884 Gud.
1194 4832 1419 4883 brevius
1454 4832 1596 4897 ὅπερ
1643 4832 1791 4886 ἐςτίν
1837 4832 2118 4886 ἀπίθανον
2157 4840 2215 4885 et
2250 4831 2525 4897 ἀπρεπές,
2573 4833 2720 4884 unde
2765 4837 2999 4898 apparet
3035 4831 3210 4897 epito-
