3664 5546
580 381 770 429 CCXII
1647 383 2067 430 PRAEFATIO.

576 534 930 615 sententia,
999 534 1156 598 item
1220 539 1356 619 coc,
1424 535 1539 599 sed
1603 535 1969 599 Herodiani
2035 535 2335 620 opinione
2390 533 2463 597 ὗ(
2517 533 2890 611 περιαιρέεει
2947 536 3065 597 τοῦ
3120 536 3152 595 ἰ

574 634 877 699 Eustath.
927 636 1120 717 1525,
1170 638 1205 701 7
1252 637 1525 712 omissa,
1574 639 1809 703 (κὶπων
1856 636 2055 702 habet
2099 636 2292 700 etiam
2341 634 2572 700 Choer.
2611 632 2799 698 Orth.
2842 633 3001 715 258,
3048 634 3153 715 30,

574 738 745 816 ειμό(
790 736 962 801 idem
1006 739 1161 819 259,
1214 740 1279 819 1,
1340 740 1536 803 etiam
1581 741 1906 821 ετρόβιλο(
1952 761 2037 801 ex
2081 738 2266 802 Orth.
2314 746 2645 823 sumptum
2689 735 2984 818 videtur3
3041 735 3153 798 du-

570 838 682 903 bia
729 849 882 903 sunt
938 844 1263 924 ετρηνιᾶν,
1323 844 1539 924 ετέαρ,
1599 842 1913 916 exele-roc
1971 841 2084 904 sed
2140 838 2520 903 Herodiani'
2555 837 2837 901 fortasse
2897 845 2997 900 est
3050 838 3153 902 (ύ-

571 949 706 1020 ριγξ
751 944 910 1007 κατὰ
955 944 1199 1023 μίμηειν
1243 947 1361 1007 τοῦ
1405 943 1931 1021 ἀποτελουμένου
1976 944 2156 1022 ἤχου.
2232 942 2438 1006 οὕτω(
2482 940 2920 1024 Ἡράκλείδηε,
2977 937 3150 1025 quod

571 1042 638 1105 in
686 1043 764 1106 E.
811 1043 901 1107 M.
947 1044 1102 1119 376,
1146 1043 1229 1106 28
1275 1043 1649 1109 Herodiano
1696 1044 2041 1126 tribuitur,
2089 1043 2303 1129 quode
2347 1064 2548 1128 supra
2590 1041 2898 1105 diximus.

739 1143 845 1208 Ex
898 1145 978 1208 iis
1036 1168 1203 1231 quae
1260 1146 1678 1231 exposuimus
1734 1153 1917 1232 patet
1971 1167 2223 1208 summa
2278 1143 2633 1209 attentione
2686 1142 2955 1227 dignam
3007 1164 3149 1206 esse

569 1268 709 1309 eam
757 1246 1314 1328 observationem,
1372 1270 1501 1333 qua
1556 1270 1746 1313 voces
1792 1248 1963 1311 inter
2007 1247 2239 1311 Sorani
2298 1255 2363 1310 et
2406 1242 2797 1310 Heraclidae
2840 1242 3150 1331 etymolo-

566 1347 710 1431 gias
741 1350 991 1434 positas
1024 1349 1106 1413 ab
1139 1348 1516 1413 Herodiano
1546 1349 1871 1435 profectas
1904 1371 2047 1412 esse
2077 1346 2601 1412 animadversum
2632 1357 2765 1431 est,
2797 1345 2915 1410 sed
2948 1344 3149 1409 maxi·

567 1472 738 1512 mam
784 1452 981 1513 etiam
1036 1452 1400 1515 cautionem
1455 1450 1897 1516 adhibendam
1953 1473 2095 1514 esse
2141 1449 2385 1514 clarum
2432 1461 2532 1516 est
2576 1472 2777 1536 quum
2830 1447 3142 1534 quaedam

567 1550 769 1614 insint
809 1550 1308 1633 adnotamenta,
1355 1573 1522 1638 quac
1554 1550 1911 1616 Herodiani
1955 1573 2085 1614 non
2117 1573 2261 1616 esse
2291 1551 2481 1615 facile
2512 1550 2949 1635 cognoscitur,
2996 1530 3144 1631 alia,

567 1675 734 1739 quae
780 1653 1250 1741 dubitationem
1295 1663 1467 1718 certe
1512 1653 1895 1736 admittunt,
1941 1652 2104 1734 alia,
2152 1675 2319 1740 quae
2363 1653 2445 1718 ab
2492 1653 2914 1739 epitomatore
2958 1648 3065 1715 vel
3108 1672 3149 1713 a

566 1753 852 1819 librariis
910 1778 1220 1840 perversa
1278 1777 1422 1820 esse
1475 1753 1948 1839 intellegimus3
2017 1755 2133 1819 sed
2189 1755 2255 1819 id
2312 1763 2487 1819 certe
2544 1752 2904 1836 lucramur,
2973 1763 3047 1817 ut
3089 1753 3145 1816 si

565 1857 742 1942 quod
800 1867 1222 1944 praeceptum
1280 1859 1347 1919 in
1401 1855 1544 1920 aliis
1590 1859 1787 1921 etiam
1844 1857 2138 1943 scriptis,
2197 1878 2362 1941 quae
2421 1879 2504 1920 ex
2557 1855 2936 1920 Herodiano
2993 1877 3144 1941 pen-

566 1960 750 2039 dent,
821 1969 1152 2023 servatum
1205 1958 1419 2024 colore
1477 1958 1889 2023 Herodianeo
1942 1959 2263 2023 imbutum
2331 1967 2464 2039 est,
2532 1958 2816 2045 suspicio
2875 1957 3144 2041 originis

565 2061 1020 2126 Herodianeae
1063 2083 1138 2125 eo
1169 2061 1479 2141 firmetur,
1526 2060 1701 2145 quod
1727 2062 2069 2146 'reperitur
2098 2062 2273 2146 apud
2306 2060 2610 2125 Orionem
2655 2060 2724 2123 in
2755 2058 2909 2123 sede
2939 2059 3144 2122 Hero-

567 2162 945 2227 dianearum
989 2163 1498 2228 annotationum.

731 2266 965 2329 Restat
1008 2276 1081 2329 ut
1126 2286 1446 2350 exponam
1487 2264 1556 2327 in
1601 2263 1986 2348 significatis
2017 2263 2276 2330 Orionis
2323 2263 2481 2329 locis
2528 2285 2655 2328 non
2700 2261 2907 2326 solum
2939 2259 3140 2327 libros

564 2370 709 2446 περὶ
763 2373 988 2432 παθῶν
1046 2375 1110 2430 61
1174 2368 1319 2446 περὶ
1382 2366 1819 2447 ὀρθογραφίαε
1875 2365 2201 2430 adhibitos
2271 2388 2443 2446 esse,
2513 2363 2628 2429 sed
2693 2365 2888 2428 etiam
2954 2362 3137 2429 alios.

562 2467 702 2531 Iam
750 2470 939 2553 attigi
983 2467 1298 2554 quosdam
1320 2462 1640 2533 articulos
1687 2478 1950 2555 propter
1978 2477 2285 2532 accentus
2332 2478 2396 2532 et
2441 2467 2709 2553 spiritus
2741 2466 3137 2530 notationem

562 2573 767 2655 magis
815 2569 1194 2635 Prosodiam
1243 2592 1501 2657 sapere,
1550 2570 2018 2656 Epimerismos
2067 2569 2263 2634 etiam
2309 2570 2375 2632 in
2420 2568 2544 2632 hac
2589 2578 2770 2653 parte
2800 2576 3138 2655 excerptos

562 2695 706 2736 esse
766 2672 887 2737 hae
945 2672 1313 2737 notationes
1370 2672 1830 2758 comprobant,
1891 2695 1955 2758 p.
2000 2671 2114 2752 39,
2164 2672 2243 2735 19
2296 2674 2456 2750 γυνή
2511 2671 2580 2733 111
2636 2669 2714 2734 Ε.
2763 2669 2938 2735 Gud.
2996 2670 3137 2752 131,

564 2776 642 2840 18
699 2775 942 2839 diserte
999 2775 1396 2840 adscribitur
1448 2775 1931 2858 Epimerismis:
1994 2776 2201 2841 οὕτω(
2256 2775 2651 2854 Ἡρωδιανὸς
2706 2775 2776 2839 ἐν
2833 2775 3139 2856 ἐπιμεριε-

561 2882 703 2957 μοῖ(
759 2887 824 2941 61
878 2875 1119 2941 similia
1169 2878 1283 2958 iis,
1342 2899 1509 2958 quae
1565 2899 1628 2962 p.
1676 2877 1787 2958 82,
1834 2877 1912 2939 21
1975 2879 2492 2956 καταπροίξεεθαι
2549 2875 2916 2958 traduntur,
2980 2876 3138 2940 assi-

559 2987 842 3062 gnantur
885 3001 990 3064 ap.
1037 2978 1221 3043 Suid.
1267 3002 1318 3043 s,
1368 3004 1430 3044 v.
1477 2978 1838 3042 Herodiani
1884 2978 2356 3064 EpimerismiS.

727 3080 963 3144 Paucis
1010 3081 1325 3144 disseram
1371 3079 1452 3144 de
1498 3081 1805 3144 extremis
1850 3080 2148 3166 partibus
2195 3079 2558 3163 literarum,
2613 3080 2679 3142 in
2732 3079 2967 3165 quibus
3025 3080 3134 3142 ad-

558 3192 936 3246 notamenta
979 3204 1061 3245 ex
1094 3180 1449 3248 Herodiani
1498 3180 1664 3245 libro
1700 3184 2043 3261 (υμπόειον
2088 3182 2400 3267 inscripto
2445 3192 2512 3245 et
2555 3204 2639 3245 ex
2684 3180 3133 3266 Epimerismis

559 3294 819 3369 sumpta
864 3282 1074 3347 locum
1118 3282 1358 3347 habere
1401 3292 1621 3347 censet
1663 3281 2006 3348 KleistiuS.

729 3385 819 3449 Ut
861 3387 928 3448 in
972 3384 1117 3448 aliis
1161 3384 1355 3449 lexici
1408 3384 1703 3470 partibus
1750 3385 2047 3451 confusio
2106 3383 2641 3472 deprehenditur,
2701 3384 2795 3450 sic
2850 3384 3133 3448 maxime

557 3486 626 3550 in
670 3485 796 3548 fine
852 3484 1182 3549 literarum
1234 3486 1303 3549 in
1353 3508 1429 3550 ea
1474 3488 1790 3573 sectione,
1847 3499 2015 3575 quae
2070 3488 2367 3574 sequitur
2421 3485 2788 3551 notationes
2834 3485 3132 3551 Philoxe-

557 3587 723 3650 niaS.
822 3586 903 3649 In
958 3586 1148 3651 litera
1200 3590 1250 3653 Α
1307 3588 1577 3653 difficile
1644 3602 1742 3654 est
1808 3589 2206 3672 discernere,
2274 3589 2390 3654 ubi
2456 3586 2798 3662 Philoxeni
2862 3609 3131 3672 regnum

559 3688 816 3752 desinat
873 3699 936 3752 et
988 3689 1262 3774 incipiat
1304 3689 1683 3754 Herodiani.
1771 3714 1836 3777 p.
1882 3692 1995 3772 28,
2048 3692 2122 3755 17
2181 3690 2443 3755 demum
2487 3688 2853 3755 Herodiani
2895 3712 3131 3755 nomen

557 3790 778 3872 adest,
847 3791 961 3855 sed
1017 3791 1148 3854 iam
1202 3815 1266 3877 p.
1314 3792 1427 3872 26,
1478 3792 1556 3855 16
1613 3812 1742 3856 vox
1798 3794 1996 3873 dopo(
2051 3815 2134 3857 ex
2189 3793 2324 3856 eius
2376 3791 2830 3876 Epimerismis
2886 3801 2989 3856 est
3043 3790 3127 3856 ef.

555 3893 635 3956 E.
686 3891 860 3957 Gud.
909 3893 1100 3974 9„1,
1157 3893 1311 3956 item
1368 3895 1630 3974 ἀριθμός
1675 3895 1735 3959 61
1791 3893 2067 3959 debetur
2122 3893 2207 3958 cf.
2266 3893 2389 3978 Ep.
2450 3892 2647 3958 Hom.
2704 3893 2860 3975 3423
2917 3915 2982 3978 p.
3027 3893 3127 3967 27,

556 3995 638 4059 23
683 3995 904 4061 ἀντίον
950 3994 1182 4060 collato
1229 3996 1382 4059 Arc.
1426 3995 1540 4076 40,
1588 3997 1666 4060 21
1716 4009 1780 4061 et
1823 3997 1939 4079 41,
1987 3997 2066 4060 27
2111 3995 2484 4060 Herodiano
2530 3995 2888 4079 assignem3
2934 4019 2994 4081 p.
3024 3995 3129 4076 28,

561 4100 594 4160 1
652 4097 871 4176 ἀηδών
927 4120 1009 4160 ex
1066 4096 1551 4184 Orthographia
1606 4098 1880 4183 petitum
1948 4097 2238 4178 videtur,
2304 4098 2419 4162 ubi
2486 4096 2867 4162 adnotatum
2933 4099 3131 4174 fuerit

556 4199 695 4261 sine
739 4202 760 4263 ῑ
812 4197 1179 4284 subscripto
1236 4197 1676 4262 exhibendum
1729 4221 1873 4263 esse
1927 4199 2013 4263 cf.
2058 4198 2349 4285 Theogn.
2394 4199 2509 4281 32,
2562 4199 2660 4281 17,
2707 4208 2771 4263 61
2814 4199 3127 4265 ἀποεκύδ-

555 4320 732 4388 μᾳινε
802 4309 1066 4385 propter
1119 4302 1535 4386 asyntaxiam
1589 4311 2051 4383 memoratum,
2121 4301 2204 4365 ad
2261 4324 2455 4388 quam
2513 4300 2927 4366 Herodianus
2995 4321 3126 4364 ma-

552 4401 733 4465 xima
776 4400 1115 4484 diligentia
1145 4403 1451 4484 attendit,
1498 4401 1583 4466 ad
1627 4403 1900 4467 eundem
1933 4413 2262 4467 auctorem
2303 4403 2611 4486 referam3
2660 4402 2924 4483 ἀμύμων
2969 4403 3127 4466 116111

554 4502 695 4566 6011.
744 4504 959 4590 Epim.
1005 4503 1200 4567 Hom.
1248 4505 1362 4585 76,
1413 4505 1519 4587 16,
1579 4505 1751 4569 unde
1795 4505 2244 4590 cognoscimus
2292 4504 2721 4570 Philoxenum
2775 4504 3040 4586 ἀμύμων
3086 4525 3127 4566 a

557 4607 695 4684 μύω
751 4605 1104 4670 derivasse.
1198 4605 1366 4669 Tum
1434 4607 1671 4687 ἅρπυια
1735 4607 1956 4672 addito
2018 4606 2379 4672 Herodiani
2448 4606 2708 4672 nomine
2772 4605 3123 4691 profertur,

552 4705 670 4769 sed
724 4717 1084 4792 sequuntur
1135 4717 1362 4787 notae,
1408 4731 1567 4794 quas
1611 4731 1740 4772 non
1786 4709 1870 4774 ab
1902 4708 2274 4778 Herodiano
2319 4707 2646 4794 profectas
2677 4729 2819 4772 esse
2863 4706 3124 4772 aliunde

553 4807 824 4885 scimus;
869 4832 929 4895 p.
977 4807 1090 4889 28,
1135 4809 1220 4872 22
1265 4810 1533 4891 ἀνεψιός
1578 4811 1751 4890 παρὰ
1797 4813 1870 4876 τὸ
1918 4810 2197 4891 ἀνῆφθαι
2242 4819 2678 4895 propagatur,
2728 4808 2843 4873 sed
2875 4807 3123 4873 Herod·
