3664 5546
631 388 751 453 156
1559 388 1639 443 ΕΚ
1677 389 1816 444 ΤΩΝ
1860 388 2266 445 ΗΡΩΔΙΑΝΟΥ

792 586 829 622 x
877 561 971 627 Τὰ
1002 561 1090 627 εἰς
1127 546 1249 628 {so-c
1286 561 1628 643 διςύλλαβα
1672 561 1799 627 εἴτε
1831 562 2016 642 κύρια
2057 561 2182 627 εἴτε
2228 562 2663 642 προςηγορικὰ
2690 567 2782 646 τῷ
2823 566 2880 627 ῶ
2924 566 3209 643 παραλη-

624 665 866 743 γόμενα
909 669 1316 747 περιςπᾶται,
1368 665 1629 730 Κῶλος
1673 664 1863 731 ἔθνος
1909 667 2072 744 πρὸς
2117 671 2209 750 τῷ
2258 664 2574 750 Καυκὰςῳ.
2653 663 2979 731 Ἑκαταῖος
3023 666 3206 750 Ἀςίᾳ.

628 765 933 832 (κῶλος
977 767 1163 832 πόλις
1210 766 1528 832 Βοιωτίας.
1598 765 1902 832 (τῶλος
1946 767 2132 832 πόλις
2174 768 2246 832 ἐν
2276 767 2508 851 Θρᾴκῃ.
2553 767 2901 852 Τμῶλος,
2948 769 3022 834 ὃς
3052 769 3210 833 κατὰ

511 941 516 948 ,
626 870 958 948 ποιητικὸν
1004 871 1580 949 μεταςχηματιςμὸν
1625 869 1950 948 Τύμωλος.
1994 869 2272 935 Πῶλος
2316 870 2393 935 τὸ
2438 870 2661 949 κύριον
2704 871 2810 935 καὶ
2850 871 2926 936 τὸ
2972 891 3208 950 προςη-

564 971 920 1054 5γορικόν,
966 974 1254 1055 μῶλος,
1303 975 1584 1054 βῶλος,
1630 975 1892 1037 κῶλος.
1941 972 2215 1038 Χῶλος
2259 972 2336 1037 τὸ
2366 971 2604 1052 κύριον.
2650 973 2729 1037 τὰ
2774 973 2846 1039 δὲ
2892 972 3210 1040 ἐπιθετικὰ

625 1073 948 1157 ὀξύνεται,
994 1074 1278 1155 χωλός,
1325 1074 1608 1154 ψωλός.

793 1176 887 1241 Τὰ
944 1176 1033 1242 εἰς
1078 1180 1277 1242 αυλος
1344 1176 1685 1257 διςύλλαβα
1751 1179 2072 1255 μονογενῆ
2143 1178 2224 1257 μὴ
2301 1177 2484 1256 κύρια
2549 1177 2875 1263 ὀξύνεται,
2937 1178 3209 1263 αὐλός,

626 1278 950 1361 δαυλός,
1008 1278 1331 1362 καυλός,
1376 1278 1673 1356 γαυλός
1726 1279 1830 1343 ἐπὶ
1887 1263 2004 1343 τοῦ
2060 1278 2337 1357 ἀγγείου.
2431 1281 2701 1357 «γαυλοί
2753 1301 2822 1346 τε
2867 1280 3207 1363 ςκαφίδες»

625 1377 780 1461 (Od.
823 1402 839 1444 ι
883 1379 1068 1464 223),
1114 1381 1218 1445 ἐπὶ
1262 1383 1332 1447 δὲ
1377 1386 1494 1445 τοῦ
1538 1381 1772 1446 πλοίου
1820 1381 2203 1461 βαρυτόνως.
2268 1381 2663 1463 Καλλίμαχος
2710 1381 2822 1466 (fr.
2857 1382 3012 1467 217)
3047 1384 3207 1448 «Κυ-

528 1502 596 1552 10
630 1482 830 1560 πρόθε
863 1482 1147 1549 (ιδόνιός
1179 1504 1253 1563 με
1296 1484 1649 1562 κατήγαγεν
1691 1483 1919 1549 ἐνθάδε
1964 1487 2316 1561 γαῦλος».
2383 1485 2459 1550 τὸ
2503 1486 2575 1550 δὲ
2622 1487 2954 1569 Βαῦλος,
2999 1486 3208 1551 Παῦ-

628 1588 793 1667 λος,
842 1586 1139 1651 Γαῦλος
1185 1590 1377 1665 νῆςος
1419 1588 1584 1665 πρὸς
1614 1591 1690 1670 τῇ
1725 1586 2095 1666 Καρχηδόνι.
2166 1586 2490 1653 Ἑκαταῖος
2522 1588 2884 1667 περιηγήςει
2913 1623 2997 1636 -
3027 1588 3210 1668 κύρια

626 1690 998 1765 περιςπᾶται
1042 1688 1146 1753 καὶ
1186 1690 1262 1755 τὸ
1305 1691 1597 1754 ναῦλος
1641 1690 1722 1769 μὴ
1769 1689 1848 1754 ὃν
1891 1689 2129 1768 κύριον.
2217 1690 2292 1754 τὸ
2339 1692 2410 1755 δὲ
2454 1693 2758 1771 φαῦλος
2801 1690 3111 1757 ἐπίθετον.

794 1788 889 1853 Τὰ
943 1788 1033 1855 εἰς
1077 1777 1198 1856 >To—c
1247 1789 1565 1856 ἐπιθετικὰ
1620 1790 1857 1869 ἔχοντα
1910 1793 2039 1871 πρὸ
2094 1795 2214 1857 τοῦ
2259 1780 2377 1857 λὀἷ
2417 1791 2775 1873 δίφθογγον
2807 1793 2923 1871 τὴν
2956 1793 3062 1857 διὰ
3090 1797 3209 1859 τοῦ

629 1893 665 1957 ύ
712 1892 1046 1971 βαρύνεται
1103 1891 1248 1958 οἷον
1304 1895 1640 1976 φαῦλος,
1696 1897 2016 1977 δοῦλος,
2072 1893 2331 1960 οὖλος.
2418 1894 2495 1960 τὸ
2550 1895 2622 1959 δὲ
2676 1894 3019 1973 τραυλός
3065 1894 3208 1962 ὀξύ-

531 2015 589 2066 15
625 2013 800 2058 νεται
844 1995 945 2059 καὶ
986 1995 1062 2060 τὸ
1107 1995 1410 2061 δαυλός.

796 2125 835 2162 -κ-
879 2097 970 2162 Τὸ
1015 2101 1291 2164 κοῖλος
1347 2098 1549 2178 μόνον
1594 2098 1683 2164 εἰς
1729 2083 1851 2165 λῖς
1909 2102 2108 2177 λῆγον
2175 2098 2555 2180 διςύλλαβον
2611 2106 2687 2183 τῇ
2741 2103 2809 2163 δι’
2873 2098 3208 2184 διφθόγγῳ

626 2200 1159 2280 παραληγόμενον
1205 2201 1558 2282 βαρύνεται.
1636 2192 1883 2278 λέγεται
1927 2203 1998 2267 δὲ
2043 2203 2144 2267 καὶ
2186 2202 2418 2267 κόϊλος.

793 2303 888 2368 Τὰ
930 2302 1019 2367 εἰς
1064 2303 1184 2369 δύο
1232 2290 1309 2368 λλ
1338 2303 1522 2382 κύρια
1552 2303 1848 2382 ἀρςενικὰ
1879 2305 2283 2386 βαρύνονται,
2314 2303 2599 2369 Ὕλλος
2631 2304 2768 2370 υἱὸς
2799 2303 3208 2389 Ἡρακλέους,

626 2407 750 2486 ἀφ’
806 2404 885 2470 οὗ
930 2404 1179 2470 Ὑλλεῖς
1239 2404 1428 2471 ἔθνος
1484 2406 1856 2489 Ἰλλυρικόν,
1914 2407 2027 2471 οὓς
2083 2406 2576 2485 Ἀπολλόδωρος
2634 2405 2919 2473 Ὕλλους
2972 2408 3208 2489 γράφει

524 2532 592 2582 20
627 2509 697 2573 ἐν
742 2514 834 2591 τῷ
878 2508 1024 2586 περὶ
1066 2511 1180 2586 γῆς
1226 2507 1505 2592 δευτέρῳ
1565 2508 1768 2588 «ὑπὲρ
1824 2510 1896 2573 δὲ
1940 2508 2223 2573 Ὕλλους
2267 2509 2567 2588 Λιβυρνοὶ
2619 2507 2720 2573 καί
2770 2529 2939 2575 τινες
2982 2511 3208 2589 Ἴςτροι

628 2609 961 2689 λεγόμενοι
1007 2610 1306 2693 Θρᾷκες».
1373 2609 1672 2675 Τέλλος
1717 2610 1755 2676 ὁ
1801 2611 2132 2689 Ἀθηναῖος
2177 2610 2526 2689 Ἡρόδοτος
2570 2610 2630 2675 α’
2674 2610 2759 2694 (c.
2806 2611 2951 2696 30),
2998 2611 3208 2678 Μύλ-

629 2714 761 2778 λος
805 2713 1072 2792 ποιητὴς
1117 2712 1420 2796 κωμικός,
1469 2712 1757 2779 Γάλλος
1803 2713 1842 2780 ὁ
1887 2714 2176 2794 ποταμὸς
2218 2711 2524 2792 Φρυγίας·
2568 2747 2655 2762 -
2686 2713 2854 2791 λέγει
2885 2717 2958 2781 δὲ
3003 2714 3041 2781 ὁ
3070 2716 3206 2782 Πο-

628 2989 718 3040 καὶ
764 2988 1120 3040 Ποςειδῶνος
1177 2985 1309 3039 υἱός.
1390 2987 1561 3053 βηλός
1615 2987 1783 3041 οὐδὸς
1839 2986 1995 3040 οἴκου
2051 2986 2166 3039 ἀπὸ
2211 2990 2314 3039 ‘roo
2371 2984 2647 3050 βαίνεςθαι
2693 2988 2768 3039 cf.
2816 2989 2994 3040 Lehrs
3038 2987 3208 3045 Arist.

628 3074 677 3123 p.
714 3060 814 3109 299
851 3056 934 3109 etl.
972 3054 1046 3107 Π.
1220 3055 1255 3105 l.
1295 3060 1319 3106 1
1362 3073 1624 3107 canonem
1661 3057 1792 3107 finxi
1839 3072 1907 3107 ex
1942 3057 2189 3122 Theogn.
2225 3059 2309 3119 62,
2350 3058 2412 3106 15
2448 3062 2506 3108 et
2541 3056 2630 3107 St.
2658 3058 2743 3116 B.,
2792 3058 2886 3122 qui
2924 3057 3207 3123 peculiare

627 3127 798 3176 habet
834 3123 1043 3187 Κῶλος,
1084 3124 1297 3189 reliqua
1334 3126 1556 3190 propria
1594 3129 1816 3191 praeter
1848 3124 2057 3176 Πῶλος
2104 3129 2162 3175 et
2194 3122 2415 3187 Χῶλος,
2456 3140 2598 3189 quae
2634 3124 2906 3176 debentur
2939 3126 3208 3192 Theogn.‚

627 3210 745 3244 cum
791 3193 897 3243 hoc
942 3194 1265 3243 communia.
1350 3195 1423 3243 cf.
1472 3192 1665 3243 Choer.
1705 3193 1881 3258 Epim.
1925 3194 1985 3242 in
2032 3193 2236 3244 Psalm.
2279 3195 2399 3249 130,
2436 3195 2528 3255 20,
2576 3194 2679 3258 Ep.
2719 3194 2809 3244 Cr.
2849 3196 2876 3245 Ι
2910 3194 3037 3251 436,
3075 3196 3107 3245 8
3151 3192 3208 3245 τί

627 3259 876 3324 διαφέρει
913 3261 1097 3324 χῶλος
1134 3260 1223 3312 καὶ
1259 3260 1469 3324 χωλός;
1509 3260 1702 3313 Χῶλος
1740 3259 2065 3326 βαρυτόνως
2101 3258 2284 3324 ὔνομα
2322 3258 2512 3324 κύριον
2549 3258 2738 3325 ὥςπερ
2776 3260 2866 3312 καὶ
2901 3260 2972 3312 τὸ
2997 3260 3205 3314 Πῶλος

628 3329 820 3392 ὄνομα.
902 3328 1087 3391 χωλός
1130 3328 1191 3380 δὲ
1225 3328 1522 3389 ,ὀξυτόνως
1566 3328 1599 3380 ὁ
1643 3329 1777 3381 τοὺς
1822 3328 2000 3381 πόδας
2047 3326 2439 3391 βεβλαμμένος.
2511 3329 2573 3378 E.
2611 3328 2685 3378 Μ.
2721 3332 2847 3391 816,
2894 3332 2972 3378 22-
3007 3329 3207 3393 χωλός.

628 3396 822 3449 Χῶλος
859 3396 919 3448 δὲ
958 3397 1136 3458 ὄνομα
1173 3395 1411 3461 ῥήτορος
1451 3395 1529 3449 ώς
1566 3396 1788 3449 Πῶλος.
1939 3396 1974 3446 1.
2011 3400 2043 3447 8
2078 3396 2286 3459 γαυλός
2325 3396 2513 3464 addidi
2550 3413 2616 3447 ex
2653 3396 2839 3448 Schol.
2878 3397 2983 3448 Od.
3023 3413 3040 3447 1
3076 3401 3204 3449 223:

626 3462 824 3528 γαυλοί
859 3479 948 3516 τε;
998 3467 1102 3516 νθν
1148 3462 1249 3529 μὲν
1294 3464 1608 3529 ὀξυτόνως,
1656 3464 1747 3517 ἐπὶ
1794 3465 1857 3517 δέ
1900 3466 2003 3516 τοῦ
2051 3461 2252 3515 πλοίου
2298 3463 2623 3528 βαρυτόνως
2672 3464 2878 3515 collato
2915 3464 3095 3516 Schol.
3136 3465 3207 3515 ad

627 3534 796 3585 Arist.
832 3536 932 3585 Αν.
968 3535 1100 3585 598:
1136 3533 1345 3596 γαῡλος
1382 3532 1700 3586 Φοινικικὸν
1736 3531 1946 3598 ςκάφος
1984 3533 2074 3584 καὶ
2110 3535 2215 3584 νῦν
2253 3530 2835 3597 προπεριςπωμὲνως,
2873 3531 2967 3587 ἐπὶ
3002 3532 3063 3585 δὲ
3099 3536 3202 3586 τοί)

628 3599 856 3663 ἀγγείου
893 3600 1193 3653 ὀξυτόνως.
1267 3600 1612 3666 Καλλίμαχος
1650 3603 1740 3663 (fr.
1775 3603 1897 3665 217)
1933 3599 2225 3666 «Κυπρόθε
2263 3598 2510 3653 (ιδόνιός
2548 3614 2612 3663 με
2652 3599 2971 3665 κατήγαγεν
3008 3600 3206 3654 ἐνθάδε

627 3670 870 3733 γαῦλος»
906 3671 977 3719 cf.
1012 3670 1252 3735 Hesych.
1289 3687 1334 3722 8.
1371 3685 1422 3721 ν.
1470 3687 1591 3720 cum
1627 3670 1912 3721 Schmidtii
1950 3671 2329 3721 annotatione.
2369 3695 2428 3705 —
2471 3670 2576 3720 Pro
2614 3666 2828 3721 (αὓλος
2867 3670 2987 3722 cod.
3025 3670 3117 3720 BC
3154 3675 3208 3719 et

629 3737 853 3790 Δαῦλος
892 3738 1008 3789 cod.
1046 3741 1089 3788 Α
1124 3738 1324 3801 scripsi
1363 3737 1569 3790 Γαῦλος
1607 3754 1674 3788 ex
1713 3739 1795 3789 St.
1832 3738 1893 3789 Β.
1928 3740 2047 3800 200,
2085 3742 2133 3789 3.
2293 3737 2330 3787 l.
2368 3739 2430 3789 15
2467 3753 2565 3802 pro
2601 3736 2783 3789 δειλός
2819 3738 3045 3789 exhibui
3079 3738 3206 3789 δαυ-

627 3806 742 3870 λός,
781 3822 944 3871 quum
983 3823 1050 3857 ex
1085 3806 1206 3872 ipso
1244 3821 1452 3857 canone
1488 3811 1761 3873 appareat
1794 3806 1863 3857 de
1899 3805 2188 3858 adieetivis
2224 3807 2281 3856 in
2314 3807 2383 3857 ὀῗ
2429 3805 2769 3871 diphthongo
2805 3808 2837 3855 ij
2886 3808 3206 3857 continente

627 3873 936 3940 praefinitis
981 3875 1090 3939 agi.
1171 3876 1236 3924 In
1281 3874 1461 3940 priore
1508 3890 1717 3926 canone
1764 3875 2039 3940 prolatum
2094 3874 2201 3924 fuit
2253 3874 2660 3925 substantivum
2714 3872 2918 3926 δαυλός
2963 3874 2999 3923 i.
3044 3890 3090 3926 e.
3136 3873 3205 3925 τὸ

627 3939 979 4006 ἡμίφλεκτον
1025 3941 1219 4006 ξύλον,
1266 3942 1357 3993 hio
1402 3943 1631 3994 docetur
1675 3944 1844 3994 etiam
1900 3942 2237 3994 adiectivum
2280 3940 2484 3993 δαυλός
2531 3942 2566 3992 i.
2605 3957 2654 3994 e.
2701 3940 2865 3994 δαςύς
2911 3943 3052 3993 acui.
3130 3942 3206 3994 cf.

628 4010 866 4075 Hesych.
906 4027 950 4061 s.
989 4025 1039 4062 v.
1077 4015 1135 4060 et
1170 4011 1251 4061 St.
1290 4012 1351 4062 B.
1388 4013 1518 4069 221,
1557 4014 1616 4073 9,
1660 4012 1756 4062 ubi
1804 4015 1991 4062 tamen
2037 4015 2232 4061 contra
2268 4010 2571 4061 Herodiani
2619 4009 2798 4075 legem
2830 4010 3042 4061 δαῦλον
3078 4010 3206 4061 ecri-

628 4084 780 4144 ptum
816 4083 928 4141 est,
976 4094 1138 4144 quem
1182 4082 1467 4129 accentum
1513 4081 1684 4129 etiam
1721 4079 1976 4130 Euatath.
2015 4078 2084 4129 ad
2118 4078 2186 4129 11.
2219 4081 2347 4142 274,
2387 4081 2480 4139 24;
2527 4080 2653 4140 654,
2691 4080 2756 4130 27
2804 4084 3026 4129 auctore
3063 4080 3205 4130 Pau-

626 4148 785 4197 sania
821 4147 1084 4197 Atticista
1123 4146 1417 4212 praecipit,
1456 4147 1514 4197 in
1549 4148 1612 4198 E.
1650 4148 1722 4197 M.
1760 4150 1878 4211 249,
1914 4151 1979 4199 50
2016 4163 2082 4197 ex
2119 4146 2423 4197 Herodiani
2474 4146 2724 4197 doctrina
2770 4152 3039 4212 oxytouos
3074 4148 3204 4197 scri-

626 4222 779 4280 ptum
816 4220 903 4264 est
937 4212 1141 4265 δαυλός
1179 4213 1211 4265 ὁ
1247 4213 1428 4269 δαςύς.
1476 4218 1563 4267 De
1598 4214 1765 4268 οὖλος
1792 4214 1997 4267 Herod.
2023 4216 2081 4265 in
2104 4216 2170 4269 Il.
2199 4216 2288 4265 Pr.
2315 4212 2354 4266 Κ
2383 4217 2482 4266 134
2506 4215 2600 4277 (cf.
2627 4214 2730 4280 Ep.
2754 4214 2842 4266 Cr.
2868 4214 2923 4264 11
2945 4216 3062 4277 461,
3091 4214 3205 4277 16):

625 4282 767 4367 οὔλη
805 4282 889 4333 δ’;
931 4280 1010 4334 ὡς
1055 4280 1244 4347 κούρη.
1313 4282 1501 4336 οὕτως
1548 4282 1653 4349 γὰρ
1700 4284 1790 4335 καί
1834 4284 1906 4336 τὸ
1951 4282 2242 4348 ἀρςενικὸν
2288 4281 2465 4334 αὐτοῦ
2513 4282 2817 4348 ἐβαρύνετο
2863 4281 3096 4334 «οὔλων
3140 4296 3204 4333 τε

624 4364 946 4413 ταπητων»
984 4350 1073 4412 (11.
1109 4348 1167 4402 Π
1200 4350 1341 4415 224).
1411 4351 1601 4419 τούτῳ
1648 4350 2108 4415 ςυγκατατίθεται
2154 4351 2246 4403 καί
2282 4351 2315 4402 ό
2354 4348 2763 4415 Ἀςκαλωνίτης
2809 4351 2900 4403 καί
2940 4348 3203 4404 Ἀλεξίων

626 4420 715 4471 καί
758 4416 1121 4483 Ἀρίςταρχος.
1192 4420 1282 4471 καὶ
1319 4419 1541 4485 μήποτε
1577 4419 1854 4484 ἀνάλογος
1902 4419 1937 4483 ἡ
1977 4419 2128 4484 παρὰ
2171 4422 2257 4485 τῷ
2304 4421 2512 4502 ποιητῇ
2560 4417 2872 4481 ἁνάγνωςις
2918 4418 3061 4483 πρὸς
3097 4419 3205 4483 τὴν

627 4486 824 4551 κοινὴν
860 4486 1182 4552 ςυνήθειαν,
1220 4486 1338 4550 εἴγε
1374 4487 1699 4541 ὀξυτονοῡςι
1733 4489 1804 4541 τὸ
1844 4489 2051 4552 ὄνομα,
2089 4486 2355 4550 λέγοντες
2391 4485 2561 4538 ουλὸς
2597 4485 2898 4552 ἄνθρωπος
2936 4487 3026 4538 καὶ
3062 4486 3203 4551 οὐλὴ

624 4571 785 4638 κόμη.
831 4571 898 4624 οὐ
936 4570 1066 4624 δέον
1102 4572 1183 4627 δέ·
1220 4573 1292 4625 τὰ
1329 4572 1434 4638 γὰρ
1473 4571 1550 4625 εἰς
1587 4576 1683 4626 λος
1720 4575 1858 4637 κτλ.,
1897 4588 2037 4640 quae
2073 4589 2239 4640 supra
2263 4589 2312 4638 p.
2341 4573 2438 4622 154
2462 4571 2759 4635 posuimus.
2875 4572 2910 4623 l.
2955 4573 3016 4622 16
3052 4578 3206 4622 nota-

624 4643 830 4693 tionem
854 4640 920 4690 de
958 4641 1142 4693 κοῖλος
1181 4642 1360 4708 recepi
1398 4657 1464 4692 ex
1490 4644 1636 4693 Mon.
1662 4646 1754 4701 20,
1781 4645 1863 4693 34.
1969 4643 2006 4694 l.
2033 4644 2095 4693 18
2131 4658 2251 4691 cum
2284 4640 2389 4691 hoc
2412 4646 2712 4705 praecepto
2736 4641 2808 4691 ef.
2831 4640 2978 4691 Mon.
3009 4643 3096 4702 11,
3126 4642 3204 4701 17,

621 4710 829 4762 ’Ύλλος
867 4709 1080 4774 explevi
1118 4725 1184 4760 ex
1222 4711 1303 4762 St.
1342 4710 1425 4773 B„
1464 4709 1673 4762 Τέλλος
1711 4727 1778 4762 ex
1814 4710 1959 4763 Mon.
2030 4711 2112 4760 Ex
2148 4708 2379 4762 Μύλλος
2416 4710 2509 4773 api
2540 4707 2786 4774 Theogn.
2824 4710 2918 4772 61,
2953 4712 3020 4759 25
3065 4706 3204 4758 Λύλ-

624 4778 721 4828 λος
758 4777 939 4839 ὁνομα
976 4775 1166 4841 κύριον
1206 4778 1443 4829 fortasse
1478 4784 1792 4845 corruptum
1830 4786 1941 4842 est,
1978 4778 2124 4830 idem
2158 4779 2352 4829 vitium
2389 4776 2604 4827 obtinet
2640 4778 2807 4827 etiam
2835 4793 2922 4843 ap.
2950 4777 3205 4827 Photium

624 4863 667 4896 s.
708 4862 756 4899 v.
801 4844 1017 4896 Λύλλος
1062 4845 1302 4911 ποιητὴς
1348 4845 1441 4897 ἐπὶ
1487 4843 1668 4914 μωρίᾳ
1712 4845 2164 4913 κωμῳδούμενος
2211 4850 2267 4896 et
2311 4861 2401 4911 ap.
2447 4846 2578 4895 Hes.
2623 4843 2838 4897 Λύλλος
2891 4845 2926 4907 ἢ
2974 4843 3204 4896 Μύλλος

626 4913 695 4965 cf.
751 4912 1015 4966 Schmidt.
1068 4914 1138 4965 ad
1194 4915 1245 4965 h.
1293 4914 1327 4965 1.
1413 4913 1617 4967 Γάλλος
1672 4915 1895 4982 explevi
1950 4931 2017 4966 ex
2071 4918 2216 4966 Mon.
2274 4919 2332 4964 et
2384 4914 2460 4965 St.
2518 4914 2610 4978 Βῆ,
2663 4915 2798 4966 item
2833 4912 3083 4981 ,Ψύλλοι
3137 4939 3203 4948 -
