3664 5546
1179 366 1338 421 ΠΕΡΙ
1380 365 1773 420 ΚΑΘΟΛΙΚΗ(
1810 363 2233 419 ΠΡΟΕΩιΔΙΑ(
2273 365 2342 417 Ις.
2924 363 3052 427 445

463 539 831 617 μεταφορᾶς
875 535 950 599 τὸ
993 538 1127 599 τῶν
1172 533 1532 615 ὀφθαλμῶν
1577 534 1876 613 ἀπρεπές.
1966 533 2029 599 οἱ
2071 535 2143 598 δὲ
2185 535 2362 611 παρὰ
2404 534 2521 612 τὴν
2573 524 2850 615 κόνυζαν
2906 530 3051 596 οἷον

462 639 876 717 χαμαιζήλοιο
934 637 1245 714 κονύζης»
1303 634 1610 719 (Nicand.
1655 635 1855 699 Ther.
1903 634 2014 717 70)
2071 635 2346 710 γίνεςθαι
2400 639 2609 700 κνυζῶ
2669 634 2760 699 ὡς
2817 634 3053 711 κόρυζα

461 745 715 818 κορυζῶ
760 739 863 803 καὶ
908 737 1046 817 ῥίζα
1090 736 1276 819 ῥιζῶ,
1322 737 1487 815 ὅπερ
1532 737 1869 802 ἀπίθανον.
1939 733 2204 815 ἄμεινον
2236 735 2357 801 οὖν
2391 735 2719 818 Φιλοξένῳ
2751 755 3050 811 ςυγκατα-

460 841 731 905 τίθεςθαι
776 839 1049 922 εἰπόντι,
1094 839 1192 904 ὅτι
1237 838 1413 917 παρὰ
1455 841 1532 904 τὸ
1576 838 1752 905 κνύω
1782 839 2054 920 γίνεται,
2099 839 2138 901 ὃ
2182 841 2370 915 δηλοῖ
2413 838 2489 901 τὸ
2533 837 2698 918 ξύω,
2741 836 3049 913 Δωρικὸν

460 944 575 1021 μὲν
620 941 731 1024 ὄν,
786 940 1283 1020 προφερόμενον
1339 941 1411 1004 δὲ
1454 940 1631 1019 παρὰ
1676 941 1980 1005 Ἀττικοῖς
2024 940 2126 1004 καὶ
2166 939 2388 1004 Ἴωςιν.
2478 937 2769 1016 (ώφρων
2815 936 2886 1002 ἐν
2933 937 3049 1001 Μί-
3077 949 3110 999 5

461 1063 603 1123 μοις
649 1041 758 1127 (fr.
805 1042 845 1105 9
889 1040 1182 1123 Absens)

765 1160 1069 1238 κνύζομαι
1114 1161 1186 1224 δὲ
1231 1159 1426 1225 οὐδὲν
1471 1158 1722 1238 ἰςχύων.
1810 1157 1852 1222 ἁ
1897 1148 2208 1238 δὲ“ξύςμα
2251 1158 2321 1223 ἐκ
2364 1160 2593 1223 ποδῶν
2637 1157 2726 1223 εἰς

763 1261 1056 1341 κεφαλὰν
1099 1260 1448 1327 ἱππάζεται.

466 1381 570 1445 καὶ
596 1379 852 1447 ξύςιλον
898 1378 1328 1459 ἀποφαίνεταί
1370 1400 1513 1445 τινα
1556 1379 1626 1443 ἐκ
1668 1381 1787 1443 τοῦ
1831 1381 2138 1456 ςυνεχοῦς
2169 1378 2240 1443 ἐν
2280 1379 2446 1462 γήρᾳ
2476 1381 2753 1457 κνηςμοῦ
2784 1379 2885 1443 καὶ
2912 1379 3049 1456 Δη-

463 1483 758 1561 μόκριτος
792 1480 904 1565 (fr.
935 1480 1021 1543 49
1050 1478 1369 1564 Mullach)
1418 1480 1754 1559 «ξυόμενοι
1799 1480 2134 1558 ἄνθρωποι
2177 1480 2442 1558 ἥδονται
2474 1478 2575 1543 καί
2619 1501 2768 1560 ςφιν
2811 1480 3050 1555 γίνεται
3090 1490 3155 1541 10

462 1583 627 1661 ἅπερ
671 1585 811 1647 τοῖς
855 1582 1453 1661 ἀφροδιςιάζουςιν»
1499 1583 1602 1646 καὶ
1643 1582 1818 1661 παρὰ
1861 1587 1953 1667 τῷ
1986 1587 2237 1665 κωμικῷ
2283 1581 2355 1646 ἐν
2386 1581 3051 1660 Θεςμοφοριαζούςαις
3095 1578 3102 1589 ’

462 1684 645 1766 (481)
693 1682 926 1749 «οὗτος
969 1684 1154 1768 πόθῳ
1186 1705 1309 1763 μου
1340 1683 1566 1748 ἔκνυεν
1597 1684 1805 1749 ἐλθὼν
1849 1684 1968 1762 τὴν
1999 1682 2242 1761 θύραν»
2289 1682 2493 1761 ἤγουν
2539 1682 2645 1746 διὰ
2687 1683 2804 1747 τὸν
2838 1682 3050 1746 πόθον

464 1805 587 1863 μου
643 1784 783 1851 ἔξυε
840 1786 954 1863 τὴν
1012 1786 1230 1864 θύραν.
1328 1786 1429 1849 καὶ
1494 1784 1814 1863 ἀρὲςκεται
1881 1785 2093 1863 ὥςπερ
2160 1784 2379 1863 ἑρπύω
2445 1783 2697 1862 ἑρπύζω
2754 1785 2855 1847 καὶ
2910 1783 3050 1862 μύω

465 1886 669 1969 μύζω,
724 1885 896 1964 τρύω
940 1885 1149 1964 τρύζω
1194 1886 1399 1951 οὕτως
1446 1885 1611 1950 εἶναι
1666 1887 1770 1951 καὶ
1812 1887 1987 1950 κνύω
2032 1886 2272 1968 κνύζω,
2330 1885 2394 1952 ἐξ
2450 1884 2530 1950 οὗ
2574 1885 2679 1949 καὶ
2705 1886 2796 1949 .τό
2839 1888 3049 1950 κνυζῶ

464 1986 701 2066 ὁμοίως
754 1992 846 2071 τῷ
905 1987 1057 2054 δίζω
1111 1990 1280 2053 διζῶ.
1368 1987 1437 2051 ἐκ
1496 1988 1569 2051 δὲ
1623 1992 1740 2052 τοῦ
1797 1986 2103 2067 ῥηθέντος
2153 1987 2327 2052 κνύω
2384 1988 2487 2050 καὶ
2532 1990 2775 2064 «κνῦμα
2826 1985 3049 2049 δακτύ-
3091 1996 3154 2046 15

465 2091 639 2154 λων»
697 2090 870 2166 παρὰ
923 2094 1015 2172 τῷ
1074 2094 1327 2173 κωμικῷ
1385 2085 1592 2170 (Eeel.
1636 2086 1749 2170 36)
1793 2090 1897 2153 καὶ
1940 2090 2134 2154 κνύος
2178 2090 2249 2153 δὲ
2301 2089 2342 2166 ἡ
2388 2087 2606 2168 φθορὰ
2657 2087 2815 2151 κατὰ
2856 2087 3050 2163 γένος

463 2189 810 2267 οὐδέτερον
855 2189 1095 2269 ὁμοίως
1130 2195 1230 2274 -τῷ
1286 2190 1421 2254 θύω
1476 2190 1631 2269 θύος
1675 2191 1778 2254 καὶ
1821 2190 2014 2270 φλύω
2071 2190 2282 2270 φλύος
2332 2190 2508 2268 παρὰ
2553 2188 2901 2272 Ἀρχιλόχῳ
2946 2189 3053 2252 ἐπὶ

461 2292 776 2370 φλυαρίας
830 2292 936 2355 καὶ
992 2292 1168 2369 παρὰ
1211 2291 1481 2376 Ἠςιόδῳ
1541 2291 1612 2356 ἐν
1667 2291 2005 2376 καταλόγῳ
2059 2292 2207 2370 περὶ
2248 2297 2381 2357 τῶν
2423 2290 2788 2369 Προιτίδων
2833 2286 2944 2373 (fr.
2989 2288 3050 2353 V

459 2389 687 2475 Dind.)
2465 2416 2470 2421 ·

866 2496 970 2559 καὶ
1012 2495 1134 2573 γάρ
1179 2516 1329 2575 ςφιν
1372 2499 1681 2579 κεφαλῇςι
1726 2494 1886 2559 κατὰ
1928 2494 2122 2560 κνύος
2165 2494 2349 2559 αἰνόν
2393 2494 2634 2573 ἔχευεν.
3085 2506 3154 2555 20

867 2595 1080 2676 ἄλφος
1122 2597 1245 2674 γὰρ
1289 2597 1454 2676 χρόα
1496 2596 1709 2661 πάντα
1751 2595 2166 2679 κατάςχεθεν,
2210 2596 2281 2661 ἐν
2326 2597 2398 2660 δέ
2442 2617 2522 2661 νυ
2565 2597 2774 2675 χαῖται

866 2697 1096 2777 ἔρρεον
1140 2697 1209 2761 ἐκ
1252 2698 1623 2782 κεφαλέων,
1669 2699 1918 2779 ψίλωτο
1964 2700 2037 2762 δὲ
2079 2698 2243 2763 καλὰ
2286 2697 2546 2778 κάρηνα.

460 2817 536 2881 τὸ
582 2818 653 2881 δὲ
698 2818 871 2882 κνύω
901 2817 1138 2893 γίνεται
1171 2817 1239 2882 ἐκ
1268 2820 1384 2882 τοῦ
1415 2821 1549 2882 κνῶ
1599 2818 1744 2882 «ἐπὶ
1774 2818 1841 2882 δ’
1871 2799 2118 2893 αἴγειόν
2163 2822 2279 2896 κνῆ
2317 2819 2556 2895 τυρόν»
2603 2818 2763 2896 παρ’
2793 2817 3048 2902 Ὁμήρῳ

460 2919 538 3000 (Λ
568 2916 729 2999 638)
740 2918 869 3001 ,εξ
915 2916 994 2982 οὗ
1038 2918 1142 2982 καὶ
1183 2919 1223 2997 ἡ
1268 2919 1442 2983 κόνις
1485 2920 1588 2983 καὶ
1630 2920 1806 2996 παρὰ
1849 2920 1925 2983 τὸ
1970 2918 2130 2984 αὐτὸ
2174 2920 2307 2984 κνῶ
2338 2919 2690 2998 παράγεται
2732 2920 2808 2983 τὸ
2850 2919 3048 2984 κναίω

459 3020 534 3083 τὸ
581 3019 963 3103 διαφθείρω,
1009 3018 1089 3085 οὗ
1134 3023 1347 3099 χρῆςις
1392 3021 1495 3085 καὶ
1538 3020 1714 3098 παρὰ
1757 3026 1850 3104 τῷ
1895 3026 2149 3105 κωμικῷ
2192 3019 2501 3085 Ἱππεῦςιν
2546 3018 2729 3102 (771)
3083 3033 3150 3083 25

805 3139 911 3203 ἐπὶ
952 3139 1211 3217 ταυτηςὶ
1252 3137 1739 3217 κατακνηςθείην
1785 3138 1857 3203 ἐν
1885 3144 2207 3228 ,μυττωτῷ
2254 3138 2411 3218 μετὰ
2454 3141 2670 3216 τυροῦ.

459 3258 562 3321 καὶ
607 3257 816 3335 ὥςπερ
862 3260 989 3322 ςτῶ
1031 3256 1245 3339 ςτίζω,
1300 3260 1447 3334 πρῶ
1489 3256 1724 3339 πρίζω,
1769 3256 1944 3321 οὕτω
1988 3261 2120 3322 κνῶ
2164 3255 2354 3322 κνίζω
2398 3257 2474 3321 τό
2520 3256 2901 3334 ἐξεπιπολῆς
2945 3258 3049 3321 καὶ

460 3357 685 3436 ἰςχνῶς
738 3357 1058 3440 καταξύω,
1114 3356 1197 3422 οὗ
1250 3356 1288 3420 ὁ
1334 3359 1588 3438 μέλλων
1641 3358 1864 3443 κνίςω,
1919 3358 2044 3439 ἀφ’
2089 3356 2293 3435 οὗπερ
2348 3357 2585 3434 γίνεται
2639 3357 2680 3436 ἡ
2736 3362 2914 3423 κνῖςα
2958 3359 3050 3422 δι’

460 3458 605 3524 ἑνός
656 3479 726 3523 τε
781 3459 1159 3539 γραφομένη
1216 3461 1249 3521 ἱ
1304 3460 1408 3524 καὶ
1459 3459 1706 3525 ἔκταςιν
1772 3463 2054 3542 λαβοῦςα
2109 3463 2227 3524 τοῦ
2271 3463 2320 3522 ἶ.
2406 3462 2594 3538 δηλοῖ
2647 3460 2719 3523 δὲ
2774 3460 2814 3538 ἡ
2870 3461 3050 3524 κνῖςα

459 3562 575 3640 τὴν
620 3561 767 3624 κατ’
811 3559 1036 3637 ὀλίγον
1081 3560 1213 3624 ἀπὸ
1257 3565 1374 3625 τοῦ
1420 3559 1801 3640 ὀπτωμένου
1847 3562 2194 3642 ἀναφορὰν
2237 3567 2314 3644 τῇ
2359 3559 2661 3641 ὀςφρήςει
2712 3561 3047 3638 προςίζου-
3084 3570 3154 3622 30

461 3681 621 3726 ςαν.’
678 3663 1182 3741 προςηγόρευται
1238 3663 1311 3726 δὲ
1375 3663 1478 3726 καὶ
1532 3661 1843 3728 ἐπίπλους
1897 3662 1970 3727 εὖ
2025 3663 2195 3744 μάλα
2248 3662 2352 3727 καὶ
2403 3663 2599 3728 αὐτὸς
2654 3661 3049 3727 εὐανάδοτος

459 3763 553 3826 ὢν
597 3763 762 3842 πρὸς
807 3761 1146 3847 ὄςφρηςιν,
1192 3762 1311 3828 οὐκ
1354 3762 1705 3842 αὐτοτελὴς
1749 3766 1821 3829 δὲ
1852 3764 2360 3846 περιτεθειμένος
2389 3766 2527 3830 τοῖς
2556 3763 2817 3844 μηρίοις.
2882 3764 3047 3829 Γίνε-

426 4051 437 4064 ,
460 4008 723 4052 uiatorem
759 4002 1001 4054 Gudiani
1038 4009 1341 4054 extremum
1376 4002 1683 4053 Herodiani
1718 4004 1972 4067 verbum,
2009 4004 2379 4069 Etymologiei
2415 4002 2606 4066 Mag-ni
2642 4002 2871 4067 primum
2907 4002 3044 4051 reci—

457 4085 585 4134 pere
634 4072 775 4120 satis
826 4070 1112 4127 habuissem
1172 4071 1464 4136 sequentia
1509 4071 1543 4120 l.
1583 4074 1606 4120 1
1657 4069 1710 4122 οἱ
1754 4070 1814 4122 δὲ
1860 4070 2014 4136 παρὰ
2055 4097 2125 4107 -——
2169 4072 2205 4121 l.
2245 4077 2277 4122 3
2322 4068 2601 4121 ἀπίθανον
2647 4068 2899 4120 Gudiano
2954 4068 3045 4117 de-

458 4139 681 4194 bentur;
719 4139 853 4188 item
886 4135 1118 4199 ἄμεινον
1153 4136 1258 4188 οὖν
1293 4136 1580 4204 Φιλοξένῳ
1618 4138 2108 4201 ςυγκατατίθεςθαι
2146 4139 2316 4188 habet
2351 4141 2414 4190 E.
2452 4137 2591 4189 Gud.
2629 4152 2727 4201 pro
2762 4135 3046 4185 Eustathii

456 4206 673 4255 verbis:
711 4203 979 4269 ἐπικρίνει
1014 4203 1076 4255 δὲ
1111 4203 1340 4269 ἄμεινον
1387 4205 1533 4257 εἶναι
1569 4205 1856 4272 Φιλοξένῳ
1904 4204 2187 4258 πείθεςθαι
2232 4203 2478 4268 εἰπόντι,
2527 4204 2669 4268 quod
2714 4207 3047 4268 postremum

458 4273 681 4322 verbum
728 4274 855 4323 hinc
900 4273 1107 4336 adieci,
1154 4275 1446 4337 sequentia
1484 4301 1549 4309 —
1596 4273 1629 4323 l.
1662 4277 1731 4324 22
1775 4278 1904 4323 sunt
1951 4290 2018 4323 ex
2063 4273 2348 4335 Eustath.‚
2395 4272 2430 4322 l.
2468 4276 2498 4323 7
2546 4271 2848 4336 Sophronis
2892 4270 3048 4320 locus

456 4345 713 4406 receptus
759 4348 847 4391 ost
893 4357 961 4390 ex
1007 4342 1188 4391 altero
1224 4342 1507 4392 Eustathii
1551 4341 1670 4392 loco
1718 4358 1769 4405 p.
1810 4343 1965 4405 1766,
2015 4341 2341 4390 emendatus
2385 4341 2455 4390 ab
2491 4340 2762 4389 Ahrensio
2807 4338 2875 4388 de
2914 4338 3046 4389 dial.

455 4408 586 4457 Dor.
620 4410 748 4473 465,
787 4412 835 4459 9.
871 4434 938 4443 -
975 4407 1007 4458 l.
1048 4411 1112 4459 13
1147 4406 1435 4473 ἀρέςκεται
1472 4424 1549 4459 sc.
1598 4407 1631 4459 ὁ
1677 4407 2008 4472 Φιλόξενος,
2056 4409 2200 4473 quod
2245 4409 2294 4459 si
2339 4408 2411 4458 ad
2456 4407 2824 4457 Herodianum
2868 4407 3047 4470 ipsum

455 4477 665 4526 referre
712 4477 896 4531 malis,
954 4477 1118 4528 scribi
1166 4482 1352 4542 potest
1406 4475 1623 4540 ἀρέςκει
1669 4490 1775 4537 μοι.
1819 4502 1888 4512 -
1931 4476 1964 4525 l.
2001 4478 2067 4526 23
2111 4474 2365 4525 Eustath.
2415 4477 2545 4526 1745
2589 4471 2826 4538 παράγει
2870 4471 2932 4523 δὲ
2974 4473 3045 4524 τὸ

455 4545 718 4595 τοιοῦτον
754 4542 911 4595 κνύω
948 4542 1010 4596 ἐκ
1046 4546 1151 4595 τοῦ
1189 4546 1340 4607 κνῶ,
1377 4541 1487 4607 ἀφ’
1522 4542 1590 4593 οὗ
1627 4543 1718 4593 καί
1754 4541 1789 4605 ή
1829 4541 2008 4605 κόνις,
2047 4540 2125 4592 ώς
2161 4540 2410 4605 ἀλλαχοῦ
2448 4539 2711 4606 φαίνεται
2736 4543 2913 4604 (1676,
2951 4544 3041 4604 22)

457 4611 546 4660 καὶ
581 4610 651 4662 τὸ
687 4610 893 4676 κναίω,
942 4612 1095 4663 locus
1130 4612 1520 4677 Aristophanis
1560 4611 1808 4661 accessit
1854 4627 1922 4660 ex
1959 4612 2022 4660 E.
2061 4610 2228 4671 θοὰ,
2276 4609 2311 4659 1.
2346 4613 2410 4661 27
2457 4609 2648 4673 ὥςπερ
2692 4611 2808 4660 ςτῶ
2854 4606 3041 4672 ςτίζω,

457 4679 584 4741 πρῶ
630 4678 808 4744 πρίζω
857 4697 923 4730 ex
969 4680 1161 4732 eodem
1208 4685 1265 4731 et
1310 4679 1491 4729 altero
1537 4677 1795 4729 Eustath.
1845 4677 1989 4740 loeo,
2035 4678 2128 4728 ubi
2175 4683 2362 4727 tamen
2406 4679 2527 4742 τρῶ
2570 4674 2743 4740 τρίζω
2790 4698 2858 4713 -—
2902 4678 2937 4726 Ι.
2973 4681 3040 4729 28

456 4749 801 4798 accuratiora
840 4748 908 4797 de
946 4750 1104 4798 κνῑςα
1141 4750 1496 4797 accesserunt
1532 4762 1599 4794 ex
1641 4745 1895 4798 Eustath.
1937 4747 2067 4797 1766
2103 4751 2163 4794 et
2199 4748 2347 4808 1819,
2384 4749 2476 4808 393
2512 4748 2684 4797 verba
2718 4743 2797 4795 δι’
2822 4742 2951 4796 ἑνὸς
2975 4772 3043 4780 -

456 4814 558 4862 τοῦ
598 4817 627 4863 's
665 4814 699 4864 1.
735 4819 800 4866 29
847 4824 975 4866 sunt
1023 4832 1090 4866 ex
1136 4815 1203 4867 Ε.
1253 4814 1391 4864 (iud.
1428 4820 1484 4863 et
1528 4813 1812 4878 Favet-in„
1857 4803 2100 4864 iniiidem
2135 4812 2296 4878 δηλοῖ
2340 4840 2404 4851 -
2451 4815 2489 4869 l.
2526 4815 2592 4864 32
2636 4816 2757 4864 τοῖς
2804 4811 3039 4879 μηρίοις,
