3664 5546
597 405 728 470 424
1539 406 1621 460 ΕΙ(
1658 405 1799 459 ΤΩΝ
1844 404 2253 460 ΗΡΩΔΙΑΝΟΥ

593 579 671 643 τὸ
705 577 1072 658 μονογενές.
1131 577 1277 643 Ἐὰν
1307 579 1378 643 δὲ
1410 579 1491 658 μὴ
1523 578 1674 643 ὦςιν
1705 577 1838 643 ἀπὸ
1881 583 2015 643 τῶν
2059 577 2148 643 εἰς
2176 579 2287 661 οἵ,
2317 581 2456 643 τοῖς
2499 576 2736 644 ἑνικοῖς
2765 579 3013 644 ἑαυτῶν
3043 577 3192 644 ἀκο-

595 684 895 745 λουθοῦςι
949 679 1109 744 κατὰ
1161 681 1280 745 τὸν
1333 681 1534 746 τόνον
1590 678 1736 746 οἷον
1792 681 2043 766 Θρῇςςα
2098 682 2469 765 Θρῇςςαι,
2525 677 2763 759 θῆςςα
2825 684 3092 761 θῆςςαι
3152 683 3191 760 ἡ

596 787 791 866 μιςθῷ
837 782 1271 866 δουλεύουςα,
1315 782 1639 849 τύπτουςα
1682 783 2152 868 τύπτουςαι,
2198 784 2491 864 χαρίεςςα
2533 784 2960 867 χαρίεςςαι,
3014 804 3192 848 τετυ-

598 888 762 966 φυῖα
803 886 1259 966 τετυφυῖαι,
1317 889 1543 964 ταχεῖα
1595 890 1939 969 ταχεῖαι,
2000 890 2263 967 βραδεῖα
2308 888 2699 969 βραδεῖαι,
2754 885 3021 965 μέλαινα
3065 885 3196 965 μέ-

521 998 554 1047 5
599 991 881 1051 λαιναι.
972 987 1050 1051 τὸ
1095 987 1167 1050 δὲ
1212 986 1470 1070 Τρῳαί
1514 988 1618 1053 καὶ
1661 988 1914 1072 δμῳαί
1959 988 2317 1068 ὀξυνόμενα
2360 987 2750 1068 ὁμολογοῦςι
2793 988 3195 1052 πεπτωκέναι

599 1087 730 1154 ἀπὸ
775 1086 1094 1156 ὀξυτόνου
1138 1086 1354 1154 ἑνικοῦ
1398 1089 1587 1173 Τρῳή
1633 1089 1736 1154 καὶ
1778 1091 1978 1173 δμῳή.

766 1190 841 1254 Αἱ
906 1189 995 1256 εἰς
1042 1194 1139 1255 ἐἶς’
1194 1188 1326 1255 ἀπὸ
1393 1191 1509 1269 μὲν
1576 1191 1953 1270 βαρυτόνων
2009 1192 2239 1256 ἑνικῶν
2297 1191 2714 1274 βαρύνονται,
2780 1193 3196 1271 Δημοςθένης

597 1292 1062 1374 Δημοςθένεις,
1128 1291 1259 1356 ἀπὸ
1315 1292 1388 1355 δὲ
1441 1297 1575 1357 τῶν
1632 1290 2046 1372 ὀξυνομένων
2099 1294 2139 1372 ἢ
2195 1293 2699 1372 περιςπωμένων
2743 1300 3196 1377 περιςπῶνται,

600 1393 867 1473 εὐγενής
912 1393 1303 1474 εὐγενεῖς,
1350 1391 1662 1472 Ἡρακλῆς
1704 1392 2130 1472 Ἡρακλεῖς.
2218 1400 2351 1460 τῶν
2396 1395 2468 1459 δὲ
2510 1394 2829 1460 τοιούτων
2875 1395 3196 1474 Ἀθηναῖοι

503 1504 567 1556 10
601 1498 717 1575 τὴν
765 1495 1115 1574 ςυναίρεςιν
1160 1497 1497 1559 ποιοῦνται
1544 1495 1651 1559 διὰ
1693 1500 1812 1560 τοῦ
1856 1499 1895 1573 ἦ
1939 1497 2045 1560 καὶ
2088 1495 2326 1576 ὁμοίως
2372 1502 2789 1579 περιςπῶςιν,
2844 1496 3083 1575 ἱππῆς
3128 1496 3198 1560 ἐκ

599 1602 718 1662 τοῦ
760 1596 1016 1679 ἱππέες,
1064 1595 1343 1676 βαςιλέες
1389 1600 1724 1677 βαςιλῆς.

771 1698 849 1763 Οἱ
903 1698 1110 1776 ἥρωες
1165 1696 1204 1775 ἡ
1260 1697 1477 1762 εὐθεῖα
1529 1704 1661 1763 τῶν
1718 1700 2162 1777 πληθυντικῶν
2218 1699 2473 1779 εὕρηται
2529 1700 2689 1764 κατὰ
2743 1702 2957 1778 κρᾶςιν
3022 1700 3199 1778 παρὰ

602 1799 1042 1881 Ἀριςτοφάνει
1088 1798 1159 1863 ἐν
1203 1799 1484 1877 Ἣρωςιν
1531 1799 1636 1863 «οἱ
1678 1800 1803 1879 γὰρ
1847 1800 2053 1880 ἥρως
2097 1802 2287 1878 ἐγγύς
2332 1801 2524 1867 εἰςιν»
2573 1800 2717 1866 ἀντὶ
2758 1805 2876 1866 τοῦ
2919 1802 3143 1881 ἥρωες.

770 1900 845 1965 Αἱ
888 1901 978 1965 εἰς
1020 1904 1139 1965 We
1183 1898 1314 1964 ἀπὸ
1360 1908 1767 1978 ςυγκριτικῶν
1813 1901 2027 1987 ἐνδείᾳ
2069 1906 2188 1968 τοῦ
2228 1905 2271 1968 ν
2324 1903 2428 1967 καὶ
2471 1904 2679 1982 κράςει
2724 1909 2855 1967 τῶν
2901 1902 3198 1984 φωνηέν-

510 2011 569 2062 15
602 2024 733 2068 των
789 2003 1109 2083 γενόμενα
1164 2003 1636 2080 παροξύνονται
1692 2002 1840 2069 οἶον
1895 2004 2179 2083 μείζονες
2245 2004 2589 2087 μείζους,
2649 2004 2970 2084 βελτίονες
3014 2008 3200 2084 βελ-

605 2105 826 2169 τίους
869 2106 974 2169 καὶ
1015 2105 1096 2169 τὰ
1138 2103 1355 2184 ὅμοια·

775 2206 870 2271 Τὰ
913 2206 1157 2271 Ἀττικὰ
1214 2205 1302 2269 εἰς
1362 2213 1415 2270 ω
1474 2208 1576 2270 καὶ
1630 2206 1719 2273 εἰς
1761 2209 1796 2271 ἶ
1855 2209 2138 2286 λήγοντα
2191 2208 2352 2272 κατὰ
2404 2210 2521 2286 τὴν
2565 2208 2820 2274 εὐθεῖαν
2864 2214 2998 2273 τῶν
3042 2211 3200 2287 πλη-

607 2314 918 2373 θυντικῶν
963 2306 1347 2388 ὁμοτονοῦςι
1390 2314 1467 2391 τῇ
1511 2305 1722 2393 εὐθείᾳ
1766 2316 1899 2374 τῶν
1946 2310 2174 2374 ἑνικῶν
2230 2308 2377 2374 οἷον
2423 2308 2461 2373 6
2507 2309 2747 2384 εὔγεως
2802 2309 2865 2373 οἱ
2916 2309 3200 2392 εὐγεῳ,

608 2409 646 2473 6
692 2409 1032 2474 Μενέλεως
1078 2408 1140 2473 οἱ
1187 2410 1585 2494 Μενέλεῳ,
1633 2410 1671 2474 6
1715 2412 1881 2476 νεώς
1927 2411 1990 2498 οἱ
2033 2413 2217 2494 νεῲ,
2262 2410 2300 2474 ὁ
2345 2412 2510 2476 λεώς
2556 2410 2619 2475 οἱ
2665 2414 2833 2494 λεῲ.

505 2519 574 2571 20
775 2511 960 2576 Πᾶςα
1003 2509 1220 2575 εὐθεῖα
1272 2513 1659 2590 πληθυντικὴ
1718 2512 2067 2590 οὐδετέρου
2124 2511 2445 2590 ὀνόματος
2498 2512 2758 2591 ἐντελὴς
2803 2511 2893 2577 εἰς
2937 2514 2980 2575 ἇ
3024 2511 3202 2589 λήγει

530 2649 533 2656 f
609 2613 713 2677 καὶ
756 2611 862 2676 ἐπὶ
903 2615 1016 2691 τῆς
1059 2611 1253 2690 αὐτῆς
1299 2614 1611 2694 ςυλλαβῆς
1656 2613 1786 2692 ἔχει
1832 2615 1950 2678 τὸν
1979 2614 2212 2696 τόνον,
2257 2613 2363 2693 ἐφ’
2405 2612 2483 2692 ἦς
2525 2614 2629 2679 καὶ
2661 2613 2720 2692 ἡ
2747 2613 2919 2693 ἑνικὴ
2964 2613 3202 2696 εὐθεῖα,

609 2714 863 2794 γράμμα
915 2714 1355 2797 γράμματα,
1410 2713 1606 2794 φίλον
1665 2715 1888 2799 φίλα,
1945 2715 2143 2781 καλόν
2200 2713 2419 2781 καλά·
2487 2714 2722 2782 κάνεον
2788 2717 2903 2797 μὲν
2961 2716 3203 2782 κάνεα

611 2816 1230 2900 προπαροξυτόνως,
1277 2820 1517 2881 κανοῦν
1561 2818 1634 2881 δὲ
1678 2822 1873 2882 κανᾶ
1914 2817 2544 2897 προπεριςπωμένως
2600 2819 2706 2883 διὰ
2759 2821 2876 2897 τὴν
2921 2818 3204 2896 ςυναίρε-

612 2937 724 2981 ςιν.
798 2915 862 2979 αἱ
905 2917 977 2980 δὲ
1022 2916 1111 2982 εἰς
1155 2920 1193 2995 ἦ
1240 2916 1309 2981 ἐκ
1354 2918 1770 2997 ςυναιρὲςεώς
1815 2918 1927 2984 εἰςι
1972 2919 2075 2984 καὶ
2102 2918 2266 2997 πρὸς
2303 2920 2421 2997 τὴν
2451 2919 2801 2998 ςυναίρεςιν
2844 2921 2961 2985 τὸν
3004 2919 3204 2985 τόνον

509 3028 573 3078 25
612 3020 982 3101 ποιοῦνται,
1027 3019 1239 3098 τείχεα
1279 3017 1525 3097 τείχη·
1569 3019 1635 3083 αἱ
1677 3020 1801 3099 γὰρ
1848 3020 1967 3085 δύο
2015 3023 2258 3102 βαρεῖαι
2299 3020 2389 3085 εἰς
2431 3024 2692 3101 βαρεῖαν
2743 3024 3204 3100 ςυναιροῦνται.

611 3120 692 3183 τὰ
735 3119 996 3200 εὐςεβέα
1047 3121 1120 3185 δὲ
1174 3120 1254 3184 τὰ
1298 3119 1601 3200 εὐςεβῆ·
1657 3122 1696 3200 ἡ
1756 3123 1880 3201 γὰρ
1938 3121 2116 3190 ὀξεῖα
2157 3124 2262 3187 καὶ
2319 3126 2541 3203 βαρεῖα
2585 3122 2674 3188 εἰς
2716 3123 3205 3203 περιςπωμένην

611 3240 1008 3299 ςυναιρειται.

1101 3358 1297 3437 Περὶ
1337 3357 1579 3424 τόνου
1623 3363 1757 3438 τῆς
1801 3363 2333 3439 πληθυντικῆς
2378 3364 2711 3440 γενικῆς.

781 3490 854 3555 Αἱ
899 3495 1144 3570 γενικαὶ
1196 3492 1330 3557 αἵτε
1384 3492 1584 3558 ἑνικαὶ
1640 3495 1744 3560 καὶ
1796 3497 2213 3574 πληθυντικαὶ
2265 3494 2397 3560 ἀπὸ
2444 3498 2559 3576 μὲν
2603 3503 2737 3562 τῶν
2796 3495 3123 3576 ρξυτόνων
3166 3496 3208 3573 ἢ

511 3594 1116 3673 Βοπεριςπωμένων
1161 3594 1536 3678 ὀνομάτων,
1581 3594 1636 3659 εἰ
1679 3597 1795 3677 μὲν
1842 3595 2270 3677 ἰςοςυλλάβως
2312 3597 2669 3681 κλίνοιντο,
2726 3598 2987 3662 πάντως
3030 3617 3208 3677 περι-

750 3847 786 3901 l.
823 3850 855 3898 6
891 3865 989 3914 pro
1024 3848 1185 3913 Τρωΐ
1216 3848 1307 3899 καὶ
1341 3848 1492 3913 δμωῖ
1525 3850 1723 3914 scripsi
1757 3848 1930 3916 Τρῳή
1967 3850 2058 3902 καὶ
2095 3850 2275 3917 δμῳή.
2414 3852 2451 3902 l.
2490 3853 2654 3902 7—11
2696 3867 2764 3902 ex
2799 3852 2877 3904 Io.
2911 3850 2997 3905 Al.
3039 3854 3120 3913 16,
3157 3855 3207 3914 7,

616 3916 887 3968 Arcadius
923 3916 1060 3968 haec
1096 3917 1317 3968 omnino
1354 3933 1463 3968 non
1499 3917 1682 3969 habet.
1890 3918 1926 3968 1.
1967 3922 2184 3969 12-13
2230 3935 2297 3970 ex
2333 3918 2541 3970 Herod.
2586 3935 2676 3985 ap.
2725 3920 2920 3970 Choer.
2958 3921 3087 3980 258,
3122 3922 3208 3981 34,

616 3984 795 4035 Bekk.
832 3983 1042 4035 Aneed.
1083 3987 1238 4043 1197,
1294 3984 1388 4035 ubi
1450 3981 1634 4036 ἷςτέον
1681 3984 1770 4037 δτι
1816 3985 1987 4051 φηςίν
2034 3985 2066 4038 ό
2114 3984 2456 4050 Ἡρωδιανὸς
2501 3984 2563 4037 ὲν
2606 3990 2680 4051 τῇ
2729 3985 2975 4038 καθόλου
3019 3984 3082 4037 ὲν
3134 3989 3207 4052 τῇ

619 4052 750 4116 περὶ
784 4053 890 4117 τῆς
927 4049 1147 4104 εὐθείας
1183 4053 1304 4102 τῶν
1341 4053 1746 4117 πληθυντικῶν
1781 4052 2127 4120 διδαςκαλίᾳ,
2166 4052 2246 4106 ὠς
2287 4052 2340 4106 οἱ
2376 4055 2562 4119 ἥρωες
2598 4054 2717 4105 κτλ.
2787 4055 2894 4105 Pro
2932 4053 2994 4105 ἑν
3022 4053 3209 4118 Ὀρνι-

618 4135 701 4172 ςιν
718 4159 731 4185 ,
772 4136 935 4186 quum
960 4120 1110 4172 loeus
1135 4121 1194 4170 in
1216 4121 1430 4172 Avibus
1464 4137 1574 4171 non
1601 4126 1807 4183 exstet,
1846 4121 2090 4172 Meinek.
2126 4126 2272 4187 poet.
2296 4138 2433 4176 eom.
2463 4122 2547 4172 ed.
2572 4123 2699 4173 min.
2724 4124 2902 4188 p.‘285
2938 4120 3001 4173 ἐν
3024 4119 3208 4186 Ἥρω-

620 4202 702 4240 ςιν
741 4188 1089 4239 scribendum
1125 4189 1362 4238 coniecit
1399 4188 1638 4240 laudans
1670 4189 1962 4253 Phrynieh.
1998 4206 2050 4254 p.
2090 4191 2188 4241 158
2225 4195 2283 4240 et
2317 4190 2508 4240 Thom.
2541 4190 2690 4255 Mag.
2727 4206 2777 4254 p.
2819 4192 2933 4240 169.
3071 4190 3105 4239 l.
3148 4191 3212 4239 14

619 4257 754 4306 -16
792 4273 858 4307 ex
895 4256 1089 4312 Choer.
1128 4259 1248 4319 447,
1286 4259 1368 4307 29.
1530 4257 1567 4307 1.
1605 4259 1804 4308 1‘1-19
1839 4273 1905 4307 ex
1943 4256 2138 4310 Choer.
2176 4259 2295 4319 450,
2335 4260 2416 4308 16.
2593 4257 2631 4309 l.
2667 4259 2868 4307 20-2‘1
2908 4273 2976 4307 ex
3012 4257 3089 4307 10.
3127 4255 3212 4306 Al.

621 4326 719 4385 16,
759 4326 839 4375 13.
874 4350 941 4359 ·—
975 4324 1245 4375 Arcadius
1284 4327 1407 4385 133,
1449 4327 1508 4374 11
1556 4323 1696 4375 haec
1738 4324 1935 4377 habet:
1982 4322 2039 4376 αἱ
2085 4322 2163 4377 εἰς
2198 4328 2234 4376 fi
2272 4325 2538 4390 λήγουςαι
2583 4323 2793 4376 εὐθεῖαι
2828 4325 2951 4375 τῶν
2986 4322 3213 4375 οὐδετέ-
3291 4358 3298 4364 -

617 4405 739 4456 ρων
782 4394 1055 4456 τριγενεῑς
1102 4390 1205 4456 μὲν
1249 4389 1407 4443 οὖςαι
1453 4390 1787 4454 ὁμοτονοθςι
1838 4395 1962 4443 ταῖς
2010 4390 2249 4445 εὐθείαις
2290 4394 2415 4443 τῶν
2462 4389 2621 4444 ἰδίων
2666 4390 2999 4456 ἀρςενικῶν·
3053 4389 3212 4454 φίλοι

619 4455 785 4523 φίλα,
834 4456 1080 4511 ἐναντίοι
1128 4456 1383 4523 ἐναντία,
1430 4457 1577 4522 ἅγιοι
1612 4458 1771 4523 ἅγια,
1818 4458 2017 4512 δίκαιοι
2062 4457 2271 4525 δίκαια,
2308 4460 2627 4511 τύπτοντες
2661 4458 2972 4511 τύπτοντα.
3043 4472 3212 4522 μονο-

618 4520 802 4589 γενεῖς
838 4525 899 4577 δὲ
936 4525 1122 4591 οὗςαι,
1162 4525 1213 4578 εἰ
1248 4526 1351 4589 μὲν
1387 4524 1502 4578 ἀπὸ
1546 4524 1924 4591 ίςοςυλλαβῶν
1967 4531 2238 4591 γενικῶν,
2290 4527 2627 4591 ὁμοτονοῠςι
2670 4530 2743 4594 τῇ
2791 4525 2946 4592 ἑνικῇ
2995 4523 3208 4592 εὐθείᾳ’

621 4592 789 4646 ξύλον
825 4592 988 4659 ξύλα,
1027 4593 1261 4659 δένδρον
1297 4593 1524 4659 δένδρα,
1564 4594 1809 4661 λουτρόν
1847 4594 2058 4660 λουτρά
2093 4595 2303 4662 (πυρόν
2338 4593 2488 4660 πυρά
2524 4612 2592 4646 ex
2628 4595 2826 4645 Choer.
2865 4599 3091 4660 propter
3126 4609 3214 4644 se-

622 4677 798 4727 quens
834 4661 985 4727 πύρα
1022 4663 1334 4713 addendum
1374 4661 1509 4729 est)·
1557 4660 1605 4714 εἰ
1649 4663 1711 4715 δε
1755 4661 1872 4715 ἀπὸ
1918 4666 2164 4726 γενικῶν
2209 4660 2744 4727 περιττοςυλλάβων
2781 4659 2907 4725 ὦςι,
2946 4660 3217 4726 βαρύνον-

622 4738 740 4793 ται,
779 4731 894 4793 πῦρ
931 4728 1110 4794 πυρός
1146 4729 1322 4794 πύρα,
1360 4727 1578 4795 φίλημα
1615 4730 1932 4795 φιλήματος
1977 4730 2292 4796 φιλήματα,
2339 4727 2419 4781 ὦς
2464 4729 2614 4783 ὠτός
2651 4727 2802 4793 ὦτα,
2848 4731 2976 4795 φῶς
3012 4728 3213 4793 φωτός

625 4797 822 4859 φῶτα,
862 4812 1001 4861 quae
1054 4814 1155 4849 eon
1262 4802 1363 4847 unt
1407 4814 1528 4848 cum
1565 4798 1759 4849 Choer.
1794 4802 1921 4861 450,
1957 4801 2050 4861 20,
2093 4802 2445 4864 praeceptum
2490 4797 2558 4849 de
2601 4798 2907 4848 contractis
2950 4798 3012 4846 in
3045 4798 3081 4859 ῆ
3120 4813 3214 4862 ap.

627 4863 823 4914 Arcad.
862 4865 1059 4914 εἰδείη.-
1203 4902 1213 4913 .
1251 4865 1439 4916 29—1.
1477 4867 1509 4915 6
1545 4880 1671 4931 pag.
1709 4881 1822 4931 seq.
1861 4881 1928 4916 ex
1963 4866 2044 4921 10.
2080 4866 2166 4916 Al.
2208 4868 2287 4929 16,
2323 4868 2414 4929 233
2451 4881 2540 4932 ap.
2574 4864 2777 4917 Arcad.
2817 4865 3036 4916 desunt.
