3664 5546
551 450 560 459 ·
654 424 738 491 36
1591 427 1673 481 εκ
1711 426 1851 512 mu
1896 425 2304 482 ΗΡΩΔιΑΝοΥ

649 600 689 676 ἢ
734 599 1121 681 περιεκτικά,
1169 599 1537 681 βαρύνεται,
1568 598 1933 682 Παύςων,
1966 599 2318 682 Θράςων,
2365 598 2704 681 Γράςων,
2751 601 2853 663 καὶ
2893 577 3239 682 γράςων,

651 701 990 783 καύςων,
1024 701 1328 780 μάςςων
1358 703 1460 766 καὶ
1492 702 1824 767 Μάςςων
1857 703 2144 781 ποταμὸς
2175 702 2244 766 ἐν
2276 702 2791 785 Πελοποννήςῳ,
2825 702 3238 784 κρείςςων,

650 802 988 886 πάςςων,
1018 803 1351 882 Πράςων
1383 802 1474 870 εἷς
1502 809 1634 869 τῶν
1657 804 1980 881 Αἰγύπτου
2011 804 2282 886 παίδων,
2312 805 2640 886 Κτήςων,
2674 803 3025 887 Μύρςων,
3050 804 3238 868 Λεύ-

651 926 804 970 ςων
849 904 1058 984 ὄνομα
1101 907 1322 987 κυνός,
1358 907 1673 990 Γλίςων,
1707 907 1846 972 Ἰάς
1867 928 2006 990 ων,
2038 906 2423 987 Τελέςων,
2456 905 2748 971 Ὀνάςω
2769 927 2836 988 ν,
2869 906 3237 971 Τυλίςων.

591 1016 624 1066 5
652 1007 920 1073 Αὔςων
966 1009 1039 1074 ὃς
1085 1007 1151 1073 ἐκ
1187 1009 1527 1088 Καλυψοῦς
1558 1009 1867 1088 ἐγεννήθη
1897 1015 1989 1093 τῷ
2019 1010 2330 1073 Ἄτλαντι.
2390 1010 2464 1073 τό
2512 1010 2582 1072 δὲ
2611 1008 2881 1073 Αύςών
2916 1008 2953 1072 6
2985 1007 3238 1090 Ἰταλός,

652 1109 1013 1190 Λυκόφρων
1061 1111 1451 1177 «κτείνουςιν
1498 1111 1697 1176 αὐτὸν
1741 1110 2017 1176 Αὐςόνες
2062 1111 2455 1189 Πελλήνιοι»
2504 1109 2600 1192 (ν.
2647 1108 2800 1193 922)
2851 1110 2940 1175 ὡς
2985 1109 3237 1175 ἑθνικόν

651 1210 959 1276 ὀξύνεται.
1048 1211 1294 1278 Αἴςων
1341 1212 1377 1277 6
1425 1214 1699 1278 Ἰάςονος
1755 1214 1979 1292 πατήρ.
2067 1214 2144 1278 τὸ
2201 1215 2271 1278 δὲ
2326 1212 2573 1278 Αἰςών
2630 1213 2815 1277 πόλις
2874 1213 3235 1293 Θεςςαλίας,

539 1294 552 1317 ’
652 1314 731 1391 ἢν
792 1312 1150 1394 Φερεκύδης
1206 1314 1513 1381 Αἰςωνίαν
1570 1314 1754 1397 φηςί,
1809 1316 1912 1379 καὶ
1972 1316 2048 1380 τὸ
2109 1314 2546 1380 Ὀλοοςςών
2605 1314 2790 1378 πόλις
2854 1314 3234 1393 Μαγνηςίας.

647 1413 933 1494 Ὅμηρος
979 1416 1212 1481 «πόλιν
1257 1417 1648 1483 Ὀλοοςςόνα
1694 1418 1965 1496 λευκήν»
2012 1419 2089 1499 (Β
2136 1415 2288 1498 739)
2334 1417 2623 1483 ὀξύνεται
2672 1418 2761 1482 ὡς
2807 1416 2911 1481 ἐπὶ
2955 1417 3232 1482 πόλεων.

548 1524 613 1576 10
648 1518 749 1581 καὶ
791 1518 866 1582 τὸ
912 1520 1190 1584 κιςςών
1239 1520 1329 1584 ὡς
1372 1520 1783 1600 περιεκτικόν.
1870 1520 1949 1584 τὸ
1995 1521 2065 1583 δὲ
2112 1518 2469 1584 (υλοςῶν
2529 1519 2619 1584 ὡς
2664 1520 2768 1584 διὰ
2820 1523 2936 1584 τοῦ
2983 1524 3063 1584 V?
3106 1523 3233 1585 κλι-

648 1618 928 1698 νόμενον
973 1625 1361 1700 περιςπᾶται.

818 1722 911 1786 Τὰ
956 1723 1044 1789 εἰς
1085 1727 1219 1790 ’ῖῶῦ
1265 1726 1346 1804 μὴ
1391 1726 1748 1804 περιεκτικὰ
1792 1726 1830 1804 ἢ
1865 1724 2080 1789 ἑθνικὰ
2124 1725 2229 1790 διὰ
2271 1727 2387 1789 τοῦ
2420 1728 2456 1787 ὃ
2499 1724 2838 1803 κλινόμενα
2869 1725 3233 1805 βαρύνεται·

646 1824 702 1889 εἰ
745 1824 816 1889 δέ
859 1846 917 1890 τι
963 1825 1230 1911 ὀξυνθῇ,
1275 1830 1467 1892 τοῦτο
1513 1828 1851 1906 διαςτολὴν
1898 1825 2241 1894 ἀνεδέξατο
2293 1827 2766 1909 βαρυνομένου,
2811 1827 3232 1909 Πλούτων,

646 1926 1017 2010 Πλάτων,
1079 1929 1423 2012 Κράτων,
1500 1929 1828 2012 Κρίτων,
1905 1930 2175 2011 Γίτων,
2241 1928 2523 2010 Βίτων,
2583 1927 2885 2007 Τρίτων
2944 1930 3232 2009 ποταμὸς

548 2043 610 2096 15
648 2029 841 2107 μέγας
901 2030 972 2094 ἐν
1027 2031 1351 2115 Αἰγύπτῳ·
1415 2031 1540 2097 ἔςτι
1599 2032 1670 2097 δὲ
1726 2032 1946 2110 ἕτερος
2005 2029 2339 2113 Βοιωτίας,
2396 2030 2680 2095 Μύτων
2739 2029 2776 2094 6
2820 2031 3231 2097 Ποςειδῶνος

644 2130 746 2195 καὶ
777 2132 1140 2211 Μυτιλήνης
1183 2135 1285 2197 καὶ
1328 2133 1366 2197 6
1401 2135 1862 2218 Μυτιληναῖος,
1896 2134 2210 2215 Μέτων,
2255 2131 2571 2214 γείτων,
2615 2132 2943 2214 τέκτων,
2975 2131 3229 2212 (πάρ-

640 2253 795 2298 των
852 2233 891 2297 6
945 2234 1336 2318 Φορωνέως,
1396 2236 1662 2301 Βάτων
1719 2235 1756 2299 6
1803 2235 2198 2316 Ἀμφιαράου
2256 2233 2533 2313 ἡνίοχος.
2621 2235 2696 2299 τὸ
2753 2236 2824 2298 δὲ
2875 2236 2968 2312 Κρ
2991 2235 3229 2317 ότων,

642 2333 749 2399 ὅτε
811 2337 926 2402 τὸν
994 2339 1240 2415 κτιςτὴν
1305 2338 1343 2415 ἢ
1409 2339 1524 2417 τὴν
1592 2338 1783 2403 πόλιν
1826 2373 1912 2383 -
1958 2336 2082 2402 ἔςτι
2146 2338 2219 2401 δὲ
2274 2336 2533 2400 Ἰταλίας
2592 2335 2859 2417 εὔςημος
2913 2338 3089 2416 παρὰ
3152 2339 3229 2403 τὸ

639 2436 895 2515 Ῥήγιον
939 2439 1042 2503 καὶ
1084 2438 1270 2517 ἑτέρα
1313 2439 1662 2518 Τυρρηνίας
1718 2440 2112 2521 μητρόπολιό
2150 2474 2236 2484 -
2277 2438 2317 2517 ἢ
2363 2438 2437 2503 τὸ
2494 2437 2651 2516 ὄρος
2710 2440 3017 2523 ςημαίνει,
3076 2439 3229 2505 ὅθεν

533 2555 602 2607 20
635 2536 674 2602 6
719 2537 987 2619 Αἴςαρος
1033 2540 1132 2619 ῥεῖ
1173 2540 1489 2624 ποταμός,
1538 2543 1903 2625 βαρύνεται,
1948 2542 2024 2606 τὸ
2080 2541 2296 2619 μέντοι
2357 2540 2460 2603 ἐπὶ
2519 2543 2637 2604 τοῦ
2698 2546 3051 2620 φθαρτικοῦ
3095 2546 3227 2607 τῶν

641 2645 853 2708 κυνῶν
918 2644 995 2724 (Β
1056 2642 1206 2725 738)
1263 2643 1568 2711 ὀξύνεται.
1668 2646 1770 2710 καὶ
1827 2646 1901 2708 τὸ
1960 2644 2204 2723 χιτών
2260 2643 2333 2707 τὸ
2393 2641 2645 2721 ἱμάτιον
2712 2642 2999 2710 ὀξύνεται
3066 2645 3227 2723 πρὸς

639 2742 1123 2825 ἀντιδιαςτολήν
1167 2750 1284 2811 τοῦ
1327 2748 1548 2826 κυρίου
1592 2749 1693 2813 καὶ
1736 2748 2047 2827 ποταμοῦ.
2108 2747 2182 2812 τὸ
2215 2743 2611 2829 Ἀρίςτων,
2658 2744 3028 2831 Ἑκάτων,
3077 2747 3224 2812 Χα-

637 2848 907 2930 ρίτων,
956 2848 1350 2932 Μελίτων,
1382 2849 1703 2933 ἀχίτων,
1733 2849 2266 2930 χαλκοχίτων,
2298 2847 2785 2927 ἀρχιτέκτων
2818 2850 3223 2929 βαρύνονται.

634 2950 708 3014 τὸ
768 2952 839 3014 δὲ
894 2951 1183 3016 κοιτών
1229 2953 1332 3016 καὶ
1378 2953 1864 3033 προκοιτών,
1917 2951 2184 3032 ἱςτών,
2230 2951 2653 3029 προβατών
2715 2951 2805 3016 ὡς
2858 2953 3221 3031 περιεκτικὰ

768 3273 803 3325 1.
842 3279 868 3324 1
922 3273 954 3326 Γ
991 3274 1142 3328 άςων
1179 3305 1242 3312 -
1280 3276 1524 3329 Μάςςων
1573 3292 1639 3328 ex
1686 3275 1934 3341 Theogn.
1974 3279 2063 3336 33,
2105 3278 2165 3325 12
2213 3291 2390 3340 seqq.,
2437 3272 2707 3339 κρείςςων
2752 3273 2978 3328 πάςςων
3025 3277 3222 3328 Choer.

636 3344 716 3401 77.
757 3345 805 3404 5,
840 3341 932 3407 Πρ
973 3358 1087 3395 ςων
1124 3374 1188 3380 -
1225 3344 1453 3398 Λεύςων
1493 3347 1574 3406 76,
1611 3346 1694 3406 26,
1736 3342 1768 3395 Γ
1772 3341 1942 3394 λίςων
1982 3345 2064 3391 st.
2101 3345 2162 3395 B.
2199 3345 2320 3405 209,
2358 3347 2406 3394 6.
2453 3342 2715 3395 Τελέςων
2740 3345 2984 3410 Theogn.
3009 3346 3102 3409 38,
3130 3349 3210 3407 23,

638 3408 892 3462 Ὀνάςων
926 3427 1022 3477 pro
1063 3411 1345 3465 Ὀνάςςων
1382 3421 1438 3465 et
1476 3411 1731 3465 Τυλίεων
1768 3412 1966 3461 Choer.
2005 3413 2085 3471 77,
2126 3414 2204 3462 14.
2265 3415 2441 3474 Quum
2480 3413 2536 3461 in
2573 3428 2782 3463 canone
2819 3413 3023 3464 diserte
3063 3429 3221 3478 prae-

638 3479 929 3542 scribatur,
966 3489 1026 3533 ut
1064 3483 1284 3532 ethnica
1327 3487 1623 3542 acuantur,
1671 3480 1822 3530 aliud
1869 3481 1925 3529 in
1962 3482 2077 3531 ’ς’ων
2124 3485 2309 3528 autem
2356 3480 2559 3544 gentile
2606 3496 2715 3530 non
2764 3482 3068 3545 reperiatur
3112 3482 3222 3531 nisi

634 3545 853 3610 Αὐςών,
893 3548 1036 3613 quod
1075 3551 1269 3602 Choer.
1305 3553 1404 3602 289
1442 3551 1587 3600 inter
1623 3553 1864 3613 oxytona
1901 3548 2135 3613 gentilia
2181 3563 2300 3597 cum
2337 3545 2588 3609 Μυγδών
2636 3555 2694 3599 et
2729 3547 2910 3600 (ιδών
2948 3550 3125 3599 refert
3162 3556 3219 3599 et

632 3614 881 3680 Theogn.
921 3617 1086 3667 etiam
1122 3620 1425 3669 acuendum
1460 3617 1727 3683 praecipit
1761 3617 1854 3676 38,
1891 3619 1980 3667 2οε
2017 3615 2089 3667 τὰ
2126 3613 2204 3666 εἰς
2241 3630 2324 3666 ων
2361 3614 2601 3667 ὁξὺτονα
2639 3615 2842 3679 ἔχοντα
2879 3616 2991 3681 πρὸ
3027 3618 3131 3667 τοῦ
3172 3621 3221 3668 ὦ

635 3680 698 3733 ἕν
732 3696 787 3732 τι
822 3684 944 3734 τῶν
979 3685 1198 3737 διπλῶν
1234 3685 1268 3749 ἢ
1315 3685 1385 3737 τὸ
1424 3689 1454 3737 ἒ
1492 3682 1724 3736 ἐπίθετα
1772 3683 1915 3734 ὄντα
1959 3684 1993 3748 ἢ
2032 3682 2221 3735 ἑθνικὰ
2265 3683 2459 3748 τρέπει
2505 3684 2574 3736 τὸ
2612 3688 2659 3734 ὦ
2707 3683 2799 3735 ἐπὶ
2846 3687 2948 3749 τῆς
2994 3687 3218 3750 γενικῆς

631 3748 762 3801 οἷον
798 3749 998 3804 Αὐςών
1034 3753 1280 3806 Αὐεόνος
1317 3754 1453 3816 κτλ.,
1492 3769 1601 3803 non
1630 3752 1881 3804 dubitavi
1906 3753 2115 3817 gentile
2141 3754 2210 3803 ab
2237 3753 2622 3818 andronymieo
2647 3752 3004 3819 distinguere,
3033 3769 3218 3818 quam-

637 3835 798 3884 quam
847 3836 935 3886 ap.
980 3823 1059 3873 St.
1105 3825 1168 3873 Β.
1202 3827 1295 3884 49,
1333 3825 1365 3872 8
1413 3823 1618 3872 diserte
1665 3820 1931 3870 traditur:
1987 3818 2182 3883 Αἵμων
2227 3820 2316 3871 καὶ
2361 3820 2430 3872 τὸ
2475 3819 2698 3872 ἐθνικὸν
2755 3819 2834 3872 ὡς
2881 3819 3081 3874 Αὔςων
3128 3821 3218 3872 καὶ

638 3885 835 3952 Ἀρκὰς
881 3888 971 3940 καὶ
1016 3888 1220 3941 Μαίων
1266 3889 1357 3940 καὶ
1393 3889 1521 3940 Ἴων
1570 3896 1626 3938 et
1672 3905 1722 3953 p.
1765 3891 1888 3953 148,
1931 3892 1954 3938 1
2006 3887 2205 3940 Αὔςων
2249 3889 2280 3940 6
2321 3887 2525 3941 Ἰταλός
2570 3890 2871 3954 barytonos
2916 3890 3218 3940 exhibitum

634 3963 737 4006 est.
910 3955 944 4007 1.
981 3960 1010 4008 7
1050 3955 1234 4009 Αῐςων
1269 3963 1327 4009 et
1364 3953 1546 4010 Αἰςών
1582 3956 1759 4006 adieci
1800 3973 1867 4006 ex
1905 3957 1981 4007 St.
2022 3958 2084 4008 Β.
2123 3960 2213 4017 54,
2258 3960 2331 4008 16.
2504 3958 2538 4011 l.
2577 3959 2610 4006 8
2650 3955 2966 4008 Ὀλοοςςών
3004 3958 3217 4022 explevi

632 4040 698 4074 ex
734 4027 814 4075 st.
850 4026 917 4075 B.
955 4031 1012 4075 et
1047 4026 1240 4076 addidi
1276 4023 1533 4077 ὀξύνεται
1572 4024 1650 4076 ὡς
1687 4023 1780 4075 ἐπὶ
1816 4023 2064 4076 πόλεων.
2102 4053 2166 4060 -—
2203 4022 2469 4077 (υλοςῶν
2505 4027 2741 4076 accessit
2776 4041 2841 4075 ex
2880 4026 3020 4075 Mon.
3047 4029 3096 4085 9,
3136 4029 3217 4076 32.

634 4119 698 4127 -
745 4092 920 4143 Omisi
964 4095 1175 4144 urbium
1222 4095 1443 4144 nomina
1500 4110 1534 4144 a
1580 4109 1785 4158 canone
1831 4094 2149 4144 aberrantia
2198 4091 2421 4145 Νὲςςων
2468 4091 2629 4144 πόλις
2676 4091 2973 4145 Θεςςαλίας
3021 4093 3104 4145 St.
3154 4095 3213 4143 B.

632 4163 748 4218 472,
793 4164 854 4211 10
889 4166 947 4211 et
983 4159 1200 4213 Βαίςων
1235 4165 1356 4225 579,
1397 4166 1441 4213 1.
1605 4162 1638 4212 l.
1679 4164 1740 4211 12
1779 4161 1811 4224 ἢ
1851 4159 2042 4212 ἑθνικὰ
2079 4163 2309 4226 apposui
2346 4178 2414 4214 ex
2451 4160 2532 4212 St.
2568 4162 2629 4211 B.
2670 4164 2784 4224 171,
2826 4166 2902 4215 15.
3080 4162 3112 4212 1.
3155 4165 3218 4212 14

637 4226 870 4292 Κράτων
906 4229 1042 4280 Lob.
1079 4229 1152 4280 ad
1187 4230 1269 4280 Ai.
1309 4229 1340 4280 l.
1380 4247 1423 4281 c.
1461 4231 1517 4280 in
1558 4228 1791 4295 Κρότων
1838 4235 2050 4281 mutare
2086 4229 2286 4292 voluit,
2329 4229 2474 4295 quod
2521 4246 2631 4280 non
2667 4245 2887 4281 neeesse
2936 4234 3048 4293 est,
3094 4246 3215 4281 cae·

632 4334 810 4380 terum
847 4329 964 4380 eod.
1000 4330 1045 4380 A
1085 4312 1336 4396 Kpfflrwv
1370 4332 1565 4394 habet;
1615 4336 1904 4395 utrumque
1950 4332 2125 4397 posui.
2200 4329 2416 4395 Κρίτων
2464 4347 2530 4382 ex
2579 4329 2660 4385 St.
2700 4334 2760 4383 B.
2801 4335 2921 4390 171,
2964 4335 3052 4389 12,
3090 4329 3213 4395 Τρί-

632 4410 823 4516 {mv
834 4396 1011 4516 23²²}
1008 4470 1030 4515 t
1056 4399 1158 4517 <33⁰
1185 4402 1369 4520 52¹⁶?
1419 4396 2163 4533 Ψὲιτῗῦτέχᾪιὲῖῖἰξῗὲἓῒ
2199 4401 2523 4520 §fmffissffiff
2534 4401 2742 4519 ’46150b7'
2779 4397 3211 4519 {affaffi‘z’zss‘

634 4535 719 4595 73,
759 4536 839 4595 13,
878 4536 971 4599 qui
1008 4504 1100 4599 78,
1134 4506 1203 4588 20
1247 4507 1449 4587 Μίτων
1487 4552 1583 4602 per
1617 4538 1649 4587 ῖ
1686 4536 1873 4600 habet,
1913 4534 2126 4587 Μέτων
2148 4505 2358 4587 Ὀδδεικ
2397 4539 2489 4598 78,
2529 4538 2619 4597 20,
2661 4507 2875 4598 ’γείτων
2912 4539 2992 4595 73,
3028 4539 3088 4594 4,
3125 4507 3213 4586 τέζ

633 4614 789 4651 κτων
827 4603 910 4663 73,
949 4607 999 4660 3,
1039 4602 1317 4670 (πάρτων
1356 4605 1435 4657 St.
1475 4605 1537 4658 B.
1575 4607 1702 4667 460,
1743 4607 1823 4657 10.
1898 4602 2098 4656 Βάτων
2136 4606 2250 4663 125,
2290 4607 2336 4654 7.
2500 4604 2534 4654 l.
2575 4608 2634 4656 17
2671 4603 2741 4655 τὸ
2776 4604 2837 4656 δὲ
2877 4602 3109 4670 Κρότων
3145 4621 3213 4655 ex

634 4669 713 4720 St.
750 4672 813 4721 B.
849 4673 966 4730 886,
1002 4674 1070 4723 20
1106 4673 1309 4724 collato
1351 4674 1463 4734 171,
1501 4675 1564 4724 13
1611 4677 1669 4723 et
1704 4670 1950 4738 Theogn.
1989 4676 2080 4732 39,
2118 4675 2176 4735 3,
2227 4687 2365 4736 quae
2402 4672 2473 4722 ad
2510 4671 2684 4735 χιτών
2721 4673 2915 4724 addita
2950 4679 3104 4729 sunt.
3144 4688 3209 4722 ex

628 4738 927 4854 posteriore
966 4740 1085 4791 loco
1121 4743 1202 4791 St.
1241 4744 1303 4792 B.
1342 4746 1558 4806 sumpta
1593 4756 1689 4829 p'ro
1725 4741 1948 4790 Arcadii
1991 4741 2205 4792 verbis:
2259 4737 2446 4790 Χίτων
2493 4740 2775 4806 ποταμός,
2824 4739 2999 4805 χιτών
3042 4739 3104 4791 δὲ
3140 4738 3210 4790 τὸ

652 4803 864 4865 μάτιον.
1041 4809 1076 4860 Ι.
1112 4812 1177 4860 23
1214 4808 1482 4861 Μελίτων
1519 4825 1586 4859 ex
1632 4808 1870 4875 Pheogn.
1906 4811 1987 4871 29,
2025 4810 2107 4871 24,
2145 4805 2180 4858 ἀ
2218 4804 2358 4858 ίτων
2395 4808 2591 4860 Choer.
2614 4812 2731 4871 287,
2769 4813 2819 4868 9,
2856 4808 3210 4872 χαλκοχίτων

629 4875 710 4936 74,
752 4876 832 4938 18,
867 4873 1212 4940 ἀρχιτέκτων
1249 4880 1333 4941 74,
1372 4879 1451 4927 16.
1636 4877 1673 4930 l.
1709 4879 1774 4927 24
1812 4875 1903 4926 καὶ
1940 4889 2174 4940 προκοιτ
2230 4890 2262 4924 ν
2299 4876 2493 4927 addita
2529 4892 2596 4928 ex
2636 4877 2829 4928 Choer.
2867 4879 2950 4941 74,
2986 4880 3077 4942 30,
3115 4877 3209 4928 ubi

630 4957 787 4992 amen
825 4944 1024 4996 vitioso
1069 4942 1393 5010 προκοίτων
1431 4946 1692 5011 seriptum
1729 4949 1815 4998 est
1851 4945 1923 4994 cf.
1964 4946 2024 4993 Ε.
2060 4944 2136 4996 Μ.
2173 4947 2291 5011 806,
2329 4947 2411 5000 56.
