3664 5546
582 422 890 469 CLXXXVI
1688 418 2108 468 PRAEFATIO.

579 583 816 660 ματικῷ
846 598 887 638 a
916 575 1286 641 nominibus
1318 576 1388 639 in
1417 576 1526 662 ᾶῖ)
1544 623 1561 656 ,
1607 596 1893 640 canones
1943 574 2025 639 de
2071 572 2396 638 declinatu
2428 574 2761 638 nominum
2792 595 2909 660 pro
2939 573 3172 638 funda-

580 689 795 743 mento
840 677 1085 742 habent
1129 677 1492 741 Herodiani
1537 676 1741 741 libros
1787 680 1934 757 περὶ
1991 676 2332 756 ὀνομάτων
2390 685 2455 740 et
2509 679 2656 756 περὶ
2711 677 2969 741 κλίεεω(
3023 676 3170 741 ὀνο-

580 781 836 863 μάτων,
894 777 1158 863 regulae
1217 777 1300 842 de
1344 779 1693 843 verborum
1749 777 2027 842 flexione
2085 777 2251 842 sitae
2308 788 2458 842 sunt
2514 778 2580 840 in
2638 777 2926 841 eiusdem
2983 775 3170 841 libris

579 884 723 961 περὶ
769 881 1067 962 ῥημάτων
1115 889 1179 944 et
1222 884 1367 960 περὶ
1410 889 1540 947 τῶν
1585 883 1674 946 εἰ(
1719 884 1779 958 {st
1828 880 2156 960 ῥημάτων;
2222 901 2389 965 quae
2447 879 2528 943 de
2584 901 2850 943 casuum
2897 888 3169 943 accentu

582 982 965 1064 traduntur,
1013 1005 1096 1046 cx
1142 980 1484 1047 Catholica
1526 980 1876 1046 fluxerunt.
1964 979 2318 1044 Theodosii
2363 1003 2642 1045 canones
2700 991 2968 1067 propter
3024 981 3168 1045 bre-

580 1086 885 1166 vitatem,
932 1106 1062 1171 qua
1104 1083 1190 1148 ad
1219 1083 1711 1148 similitudinem
1745 1082 2051 1169 Dionysii
2095 1082 2565 1167 grammaticae
2596 1082 2881 1163 accedit,
2927 1082 3172 1169 pariter

580 1194 776 1273 atque
820 1186 1015 1267 haec,
1062 1208 1256 1272 quam
1300 1183 1666 1271 complures
1713 1182 2184 1270 technographi
2236 1184 2304 1247 in
2348 1182 2567 1247 Bekk.
2616 1184 2865 1248 Anecd.
2924 1184 3076 1249 inde
3131 1207 3171 1248 a

581 1311 643 1374 p.
689 1289 811 1352 647
859 1286 1301 1373 explicarunt,
1346 1287 1583 1352 idonea
1637 1287 1796 1367 fuit,
1856 1285 1941 1350 ad
1999 1308 2195 1372 quam
2247 1286 2645 1372 posteriores
2703 1283 2959 1350 scholas
3019 1308 3170 1349 suas

579 1390 1043 1475 grammaticas
1089 1387 1510 1475 applicarent.
1599 1388 1889 1453 Maxime
1935 1386 2381 1452 inclaruerunt
2427 1386 2873 1452 Choerobosci
2919 1385 3167 1473 praele-

579 1491 823 1556 ctiones
870 1490 956 1556 ad
999 1489 1444 1557 Theodosium
1503 1489 2065 1576 interpretandum
2108 1489 2476 1570 institutae,
2525 1512 2685 1576 quas
2735 1486 3039 1574 discipuli
3086 1511 3170 1552 ex

582 1593 869 1686 eiuslore
911 1603 1311 1680 exceperunt
1350 1601 1417 1657 et
1459 1592 1666 1658 literis
1709 1592 2199 1677 consignarunt.
2255 1590 2376 1654 His
2403 1590 2847 1656 Choerobosci
2879 1590 3164 1654 Dictatis

583 1695 870 1779 cognitio
914 1695 1376 1780 grammaticae
1421 1695 1728 1780 antiquae
1772 1716 2010 1778 magna
2054 1694 2454 1758 incrementa
2497 1693 2687 1778 cepit.
2748 1692 2919 1755 Nam
2961 1691 3165 1756 Choe-

582 1798 926 1876 roboscus‚
971 1819 1361 1883 quamquam
1407 1797 1608 1861 etiam
1662 1796 2124 1881 grammaticos
2179 1796 2558 1880 posterioris
2616 1793 2759 1858 aevi
2818 1791 3164 1874 consuluit,

584 1909 795 1963 tamen
852 1899 917 1961 in
975 1897 1304 1985 plerisque
1361 1909 1624 1964 secutus
1682 1909 1786 1963 est
1841 1896 2437 1984 praestantissimos
2495 1897 2703 1960 omnis
2758 1895 3166 1982 antiquitatis

582 2001 1042 2084 grammaticos
1103 1999 1520 2086 Apollonium
1578 2010 1644 2064 et
1695 2000 2147 2065 Herodianum
2202 2009 2267 2064 et
2323 1998 2491 2062 hunc
2545 1998 2809 2084 quidem
2863 1997 3164 2076 maxime,

584 2123 780 2187 saepe
824 2102 1235 2182 nominatim,
1283 2104 1544 2189 saepius
1590 2112 1855 2167 auctore
1901 2102 2117 2167 tacito.
2181 2100 2449 2165 Summa
2494 2101 2554 2164 ei
2598 2099 2726 2164 fuit
2770 2121 2918 2162 cum
2961 2099 3166 2163 Hero-

584 2203 760 2268 diani
803 2203 1061 2289 scriptis
1109 2205 1409 2269 omnibus
1456 2203 1869 2269 familiaritas
1901 2212 2097 2290 atque
2141 2203 2224 2267 de
2265 2202 2657 2288 quibusdam
2685 2200 2917 2265 habuit
2946 2202 3167 2286 privas

585 2303 842 2369 scholas
880 2304 1060 2369 velut
1105 2305 1185 2369 de
1218 2306 1736 2393 Orthographia,
1784 2329 1951 2393 quae
1998 2306 2080 2370 ad
2127 2327 2243 2368 nos
2276 2306 2573 2392 quamvis
2605 2302 2800 2368 valde
2831 2300 3167 2367 mutilatae
3252 2341 3261 2350 ·

582 2416 1053 2492 pervenerunt,
1109 2419 1176 2473 et
1219 2409 1302 2473 de
1347 2409 1740 2495 ὀνοματικῷ,
1796 2429 1966 2495 quae
2020 2406 2512 2471 interciderunt.
2601 2405 2677 2469 In
2733 2403 3168 2490 explicatione

585 2508 1191 2574 Theodosianorum
1247 2532 1563 2575 canonum
1620 2510 1690 2573 in
1744 2533 1824 2574 ea
1885 2519 2106 2596 parte,
2140 2531 2332 2594 ·quae
2384 2508 2716 2573 nominum
2773 2506 3166 2571 declinatum

585 2611 953 2693 continent,
1001 2613 1282 2676 maxime
1327 2613 1395 2675 in
1457 2635 1646 2676 usum
1704 2634 1896 2676 suum
1940 2611 2140 2675 vertit
2182 2609 2543 2674 Herodiani
2587 2631 2784 2695 opera
2826 2611 2972 2689 περὶ
3018 2609 3167 2674 ὀνο-

585 2715 800 2795 μάτων
860 2723 925 2779 et
980 2717 1125 2795 περὶ
1181 2717 1437 2781 κλίεεωε
1495 2715 1869 2798 ὀνομάτων,
1937 2712 2055 2778 scd
2110 2709 2391 2799 plurima
2446 2709 2641 2776 etiam
2698 2734 2781 2776 ex
2836 2709 3171 2775 Catholica

584 2815 853 2902 petivit,
900 2815 966 2878 in
1012 2828 1196 2903 parte
1241 2816 1629 2903 posteriore,
1686 2817 1798 2903 qui
1853 2826 1964 2881 est‘
2011 2814 2093 2878 de
2139 2814 2359 2879 verbis
2373 2862 2391 2894 ,
2449 2815 2519 2879 in
2575 2814 2954 2878 universum
3014 2813 3169 2877 scri-

471 2953 482 2961 ·
585 2918 840 3003 ptiones
884 2921 1030 2997 περὶ
1076 2920 1374 2999 ῥημάτων
1419 2928 1485 2984 et
1528 2921 1674 2998 περὶ
1713 2924 1851 2984 τῶν
1896 2919 1984 2983 εἰ(
2028 2922 2091 2994 ist
2136 2925 2400 2980 secutus
2446 2926 2575 2997 est,
2624 2915 2741 2979 sed
2797 2938 2914 3002 per
2959 2925 3165 2980 totum

585 3042 749 3104 opus
795 3020 1039 3105 sparsit
1082 3020 1277 3083 etiam
1322 3018 1685 3083 Herodiani
1731 3019 2095 3084 doctrinam
2141 3021 2288 3097 περὶ
2332 3025 2590 3102 παθῶν,
2636 3028 2711 3082 ut
2751 3017 2916 3082 Lob.
2952 3015 3055 3080 ΕΙ.
3103 3016 3169 3080 11

583 3122 665 3184 52
711 3120 1040 3206 opinatur,
1087 3121 1217 3185 nisi
1258 3120 1429 3185 forte
1474 3144 1557 3186 ex
1601 3144 1721 3185 suo
1767 3142 1945 3185 more
1989 3121 2053 3183 in
2099 3119 2220 3184 hoo
2265 3119 2429 3191 libro
2475 3119 2796 3205 quaedam
2840 3118 3169 3204 repetivit,

585 3244 750 3303 quae
796 3221 862 3285 in
908 3222 1074 3287 libro
1120 3224 1264 3301 περὶ
1309 3228 1533 3288 παθῶν
1579 3221 1778 3285 etiam
1823 3220 2152 3285 docuerat.
2199 3221 2329 3285 Sed
2375 3220 2527 3307 quia
2570 3243 2653 3283 ex
2698 3219 3170 3306 posterioribus

586 3323 780 3386 etiam
839 3324 1281 3405 grammaticis
1337 3322 1518 3389 velut
1575 3322 1741 3405 Or0,
1801 3322 2121 3403 Arcadio,
2168 3321 2570 3408 PhiloponO,
2627 3322 2926 3407 Luperco
2971 3329 3038 3385 et
3091 3321 3170 3385 de

587 3447 705 3487 suo
751 3423 1073 3508 quaedam
1119 3423 1378 3489 addidit
1421 3448 1631 3511 neque
1660 3423 2077 3511 Apollonium
2110 3422 2434 3509 neglexit,
2480 3424 2768 3487 maxima
2812 3423 3170 3487 attentione

531 3562 542 3573 -
589 3518 999 3608 vigilandum
1029 3536 1158 3607 cst,
1186 3549 1267 3590 ne
1297 3526 1457 3613 quid
1491 3525 1657 3591 falso
1689 3526 2071 3591 Herodiano
2104 3526 2546 3609 assignemus,
2595 3527 2663 3588 in
2692 3547 2823 3612 qua
2854 3547 2924 3588 re
2954 3524 3171 3608 cogni-

589 3626 764 3691 tione
810 3639 1218 3692 servatarum
1268 3629 1406 3692 eius
1453 3628 1881 3715 scriptionum
1926 3650 2278 3714 earumque
2322 3651 2471 3692 cum
2515 3628 2626 3709 iis,
2685 3649 2849 3713 quae
2895 3626 3170 3690 Choero-

586 3728 824 3793 boseus
896 3729 1132 3810 tradit,
1200 3732 1683 3815 comparatione
1750 3730 2161 3794 adiuvamur.
2272 3728 2501 3815 Neque
2566 3739 2783 3793 tamen
2851 3725 3172 3813 spondere

593 3827 891 3893 volumus
959 3853 1077 3895 nos
1133 3853 1456 3917 nusquam
1508 3831 1725 3917 lapsos
1789 3854 1964 3913 esse,
2032 3854 2236 3917 quum
2293 3831 2361 3894 in
2419 3831 2662 3896 talibus
2720 3830 2914 3895 rebus
2976 3850 3171 3914 quam

589 3930 784 3996 facile
849 3932 932 3997 sit
998 3954 1216 3997 errare
1278 3934 1511 4019 cuique
1574 3934 1997 3998 manifestum
2061 3934 2169 3997 sit.
2270 3932 2394 3998 Est
2449 3943 2666 3997 autem
2723 3931 2878 4018 quid
2932 3932 3173 4017 ubique

592 4033 967 4099 Herodiano
983 4082 999 4115 ,
1048 4033 1204 4119 quid
1251 4033 1599 4120 Apollonio
1644 4034 2062 4100 tribuendum
2118 4036 2203 4099 sit
2248 4033 2709 4098 difficillimum
2756 4034 2839 4098 ad
2885 4033 3173 4097 iudican-

590 4137 777 4217 dum,
835 4135 1215 4220 praesertim
1274 4136 1386 4201 ubi
1443 4136 1741 4202 neutrius
1801 4135 2127 4200 sententia
2182 4134 2445 4200 aliunde
2503 4146 2680 4200 certo
2737 4134 3001 4218 cognita
3066 4135 3172 4198 sit.

590 4237 758 4300 Nam
806 4259 891 4301 ex
935 4239 1251 4301 sermonis
1297 4238 1693 4324 proprietate
1749 4239 2089 4329 utriusque
2144 4238 2593 4322 grammatici,
2649 4258 2815 4323 quae
2872 4236 3172 4323 quamvis

589 4340 897 4423 cognatio
944 4338 1262 4425 quaedam
1307 4339 1673 4405 intercedat
1717 4350 1939 4404 tamen
1985 4341 2143 4407 satis
2190 4340 2499 4405 distincta
2541 4348 2670 4419 est,
2729 4339 2825 4404 ita
2866 4347 2940 4402 ut
2983 4359 3173 4424 quae-

592 4439 740 4504 dam
809 4438 1131 4505 vocabula
1196 4443 1310 4505 uni
1381 4450 1697 4507 consueta
1754 4443 1868 4506 vix
1922 4440 2098 4527 apud
2155 4440 2434 4506 alterum
2493 4440 2794 4505 invenias
2856 4476 2940 4488 —
3005 4462 3062 4503 e.
3109 4460 3172 4523 g.

590 4541 976 4628 Apollonius
1024 4552 1089 4606 et
1121 4542 1534 4608 Herodianus
1582 4554 1901 4630 usurpant
1933 4544 2204 4609 verbum
2234 4545 2589 4624 προφέρειν
2620 4552 2685 4607 et
2723 4544 3175 4623 προφέρεεθαι,

592 4645 706 4708 sed
762 4646 1107 4725 προοιετόν
1163 4645 1339 4731 quod
1393 4656 1494 4710 est
1547 4668 1650 4732 ap.
1698 4644 2155 4732 Apollonium,
2212 4667 2317 4731 ap.
2374 4644 2822 4710 Herodianum
2878 4666 3009 4709 non
3064 4666 3174 4707 ex-

593 4756 766 4809 stare
819 4745 959 4809 iure
1016 4768 1119 4810 me
1177 4747 1430 4812 monuit
1483 4747 1793 4811 Lehrsius
1858 4786 1927 4794 —
1991 4768 2075 4811 ex
2129 4747 2450 4811 sermonis
2510 4746 2710 4830 igitur
2777 4747 3175 4832 proprietate
3224 4760 3233 4767 ‘

594 4847 864 4930 originis
920 4847 1410 4932 cognoscendae
1467 4850 2016 4935 opportunitatem
2075 4847 2262 4912 nobis
2329 4847 2619 4912 detraxit
2659 4845 3172 4917 {Choeroboscus
