3664 5546
635 386 754 452 158
1564 386 1645 441 εκ
1681 386 1822 441 mu
1865 386 2272 441 ΗΡΩΔΙΑΝοΥ

630 559 801 641 λός,
833 557 1159 640 μυλλός,
1191 557 1405 622 ἰλλός
1438 556 1643 620 «ἰλλοί
1672 577 1741 622 τε
1771 557 2026 622 πόδες».
2085 556 2162 621 τὸ
2204 556 2460 640 ἴλλος,
2506 556 2769 621 ςίλλος
2807 555 2911 621 καὶ
2940 555 3212 637 βίλλος

627 661 703 726 τὸ
748 660 1051 739 ἀνδρεῖον
1082 660 1336 725 αἰδοῖον
1380 661 1454 726 τὸ
1498 663 1730 725 κοινῶς
1776 659 1977 741 βιλλίν
2022 679 2152 737 παρ
2166 658 2183 681 ’
2226 657 2532 740 Ἐφεςίοις
2578 659 2932 740 βαρύνεται.
3018 658 3095 723 τὸ
3141 661 3214 723 δὲ

629 763 898 828 κιλλός
928 761 1104 828 εἶδος
1135 763 1470 843 χρώματος
1512 762 1582 826 ἐν
1615 761 2177 843 (τεφανοπώλιςιν
2208 761 2539 843 Εὐβούλου
2572 761 2865 840 «εὔχρων
2892 781 2962 826 τε
2991 761 3213 826 κιλλόν

514 857 523 862 ”
628 866 966 946 μανθάνεις
995 864 1344 945 θερίςτριον
1360 890 1385 921 »
1418 864 1725 931 ὀξύνεται.
1779 863 2181 943 ςεςημείωται
2210 865 2288 930 τὸ
2320 886 2371 944 ψ
2387 865 2425 928 ύ
2440 868 2477 929 λ
2491 868 2528 929 λ
2541 885 2579 928 ο
2594 885 2625 929 ς
2638 914 2656 948 ,
2687 864 2764 928 τό
2796 864 2868 928 δὲ
2898 863 2956 927 Ψ
2968 864 3006 928 ύ
3022 867 3058 928 λ
3075 867 3112 928 λ
3127 884 3165 927 ο
3180 884 3211 928 ς

552 975 585 1025 5
629 969 705 1034 τὸ
750 967 858 1033 ἐπ’
902 968 1132 1033 ἔθνους
1178 968 1415 1046 κύριον.
1488 968 1564 1032 τὸ
1609 969 1682 1032 δὲ
1725 966 1767 1032 ἄ
1782 969 1817 1030 λ
1832 969 1868 1030 λ
1885 987 1922 1031 ο
1937 989 1968 1033 ς
2015 967 2106 1032 ῶς
2151 966 2671 1045 ἑπιμεριζόμενον
2719 966 3072 1046 βαρύνεται.

795 1070 890 1135 Τὰ
943 1070 1031 1134 εἰς
1078 1057 1197 1135 λοῖ
1236 1069 1375 1151 μετ’
1420 1069 1767 1147 ἐπιπλοκῆς
1813 1069 2164 1149 ςυμφώνου
2198 1069 2561 1149 βαρύνεται·
2606 1068 2662 1134 εἰ
2707 1070 2777 1133 δέ
2820 1089 2880 1132 τι
2925 1067 3022 1147 εἴη
3069 1066 3212 1136 ὀξύ-

626 1193 825 1238 τονον
842 1221 859 1255 ,
906 1171 1259 1238 ἐπιθετικὸν
1304 1172 1572 1251 ὑπάρχει
1589 1222 1606 1255 ,
1662 1171 1699 1237 ὀ
1713 1193 1750 1236 τ
1763 1175 1799 1236 λ
1814 1192 1852 1235 ο
1869 1192 1900 1236 ς
1913 1220 1931 1254 ,
1992 1171 2078 1251 βύ
2094 1175 2129 1251 β
2144 1174 2179 1234 λ
2194 1192 2232 1236 ο
2248 1191 2278 1237 ς
2325 1172 2426 1236 καὶ
2474 1173 2520 1236 Β
2532 1171 2570 1235 ύ
2588 1174 2674 1252 βλ
2690 1191 2728 1236 ο
2742 1192 2774 1235 ς
2828 1170 3014 1236 πόλις
3059 1171 3212 1236 Φοι-

626 1274 816 1353 νίκης.
863 1273 989 1339 ἔςτι
1032 1275 1135 1339 καὶ
1181 1274 1427 1354 Βύβλος
1470 1272 1541 1340 ἐν
1584 1279 1676 1358 τῷ
1724 1273 1931 1358 Νείλῳ
1976 1274 2179 1338 πόλις.
2228 1273 2345 1354 βίβ
2362 1276 2398 1337 λ
2411 1294 2449 1338 ο
2463 1295 2495 1338 ς
2540 1273 2644 1338 καὶ
2690 1274 2735 1336 Β
2749 1272 2768 1336 ί
2783 1278 2817 1353 β
2832 1276 2868 1337 λ
2883 1294 2921 1338 ο
2935 1295 2967 1338 ς
3013 1294 3211 1338 ποτα-

628 1378 746 1455 μὸς
826 1376 1066 1442 Νάξου·
1144 1374 1415 1459 ὄχλος,
1491 1376 1813 1458 κόχλος,
1900 1375 2217 1459 κύκλος,
2283 1377 2607 1441 ’Άςκλος
2679 1375 2869 1440 πόλις
2934 1376 3211 1441 Ἰταλίας.

528 1483 593 1534 10
626 1478 974 1543 Διονύςιος
1017 1478 1088 1542 ἐν
1133 1477 1184 1542 κ’
1230 1477 1576 1556 Ῥωμαϊκῆς
1620 1475 2092 1556 ἀρχαιολογίας.
2138 1477 2265 1543 ἔςτι
2310 1479 2412 1542 καὶ
2456 1477 2819 1557 οὐδέτερον.
2866 1477 2916 1542 Τ
2929 1478 2966 1542 ύ
2983 1500 3014 1543 ς
3027 1501 3063 1543 κ
3076 1481 3112 1543 λ
3130 1499 3168 1543 ο
3182 1500 3213 1544 ς

626 1581 814 1646 πόλις
858 1580 1131 1645 Ἰταλίας.
1187 1580 1436 1657 λέγεται
1480 1580 1583 1644 καὶ
1612 1579 1996 1644 Τυςκλανόν.
2042 1579 2127 1644 Ὗ
2142 1585 2176 1660 β
2191 1583 2227 1644 λ
2242 1600 2279 1645 ο
2293 1601 2326 1646 ς
2372 1580 2679 1664 βαςιλεύς,
2723 1579 2821 1660 ἀφ
2834 1580 2850 1603 '
2895 1578 2975 1646 οὗ
3005 1581 3215 1660 Ὕβλα

624 1683 812 1748 πόλις
869 1681 1162 1747 (ικελίας.
1250 1681 1305 1745 Ζ
1320 1680 1411 1758 άγ
1426 1704 1462 1745 κ
1479 1685 1514 1745 λ
1531 1701 1569 1746 ο
1582 1703 1613 1746 ς
1668 1679 1706 1745 6
1762 1682 2066 1765 γηγενής,
2132 1681 2228 1763 ἀφ
2241 1683 2258 1705 ’
2312 1679 2392 1747 οὗ
2445 1695 2615 1748 τινες
2666 1682 2965 1761 Ζάγκλην
3021 1683 3213 1747 πόλιν

628 1783 921 1849 (ικελίας.
965 1785 1041 1848 τὸ
1089 1784 1160 1848 δὲ
1203 1804 1287 1847 τυ
1302 1804 1353 1863 φ
1368 1783 1453 1847 λό
1467 1805 1498 1848 ς
1543 1781 1867 1865 ὀξύνεται,
1913 1783 2268 1849 ἐπιθετικόν
2314 1784 2391 1850 ὄν
2407 1834 2425 1868 ,
2472 1785 2684 1864 ὥςπερ
2728 1785 2831 1849 καὶ
2871 1785 2949 1850 τὸ
2997 1805 3030 1850 ς
3043 1804 3126 1864 τρ
3141 1805 3171 1850 ε
3186 1824 3212 1835 -

629 1888 811 1968 βλός
864 1887 967 1952 καὶ
1021 1884 1301 1950 ἐςθλός
1352 1886 1458 1949 καὶ
1509 1906 1539 1950 ς
1558 1885 1787 1965 ιφλός
1843 1884 1882 1949 6
1926 1886 2398 1969 κεκακωμένος,
2455 1886 2731 1967 ςίφλος
2777 1889 2848 1953 δὲ
2893 1887 2933 1952 6
2976 1892 3212 1968 μῶμος.
3276 1942 3280 1945 .

528 1994 590 2046 15
628 1988 1027 2069 ςεςημείωται
1071 1989 1146 2052 τὸ
1192 2009 1233 2066 μ
1247 2008 1284 2051 ο
1300 2007 1338 2066 χ
1353 1990 1389 2051 λ
1403 1987 1440 2051 ό
1453 2008 1485 2052 ς
1530 1985 1940 2066 ὀξυνόμενον.

795 2091 889 2156 Τὰ
945 2090 1033 2155 εἰς
1081 2076 1287 2154 ’ἄλλος
1340 2088 1721 2170 τριςύλλαβα
1779 2090 1861 2169 μὴ
1917 2089 2133 2155 ἐθνικὰ
2187 2091 2777 2175 προπαροξύνεται,
2830 2115 2866 2158 κ
2879 2092 2965 2172 ρύ
2985 2113 3065 2159 ςτ
3078 2096 3169 2158 αλ
3185 2130 3212 2141 -

627 2197 797 2277 λος,
840 2192 1226 2275 Δίαλλος,
1271 2190 1659 2256 ὄκταλλος
1703 2190 1741 2255 6
1786 2190 2124 2272 ὀφθαλμὸς
2167 2193 2344 2272 παρὰ
2389 2195 2713 2259 Βοιωτοῖς.
2786 2196 2863 2260 τό
2919 2197 2991 2260 δὲ
3035 2195 3210 2275 Τρι-

628 2301 715 2376 βα
732 2300 769 2361 λ
783 2300 820 2361 λ
835 2297 872 2361 ό
886 2317 917 2362 ς
962 2293 1228 2360 ἐθνικόν.
1274 2292 1732 2373 Ἀριςτοφάνης
1770 2293 2055 2372 Ὄρνιςιν
2098 2294 2325 2378 (1528)
2371 2323 2395 2354 «
2412 2295 2621 2376 ὄνομα
2663 2298 2735 2361 δὲ
2778 2298 3034 2363 τούτοις
3077 2302 3212 2363 τῶν

625 2403 792 2463 θεῶν
835 2402 967 2462 τῶν
1013 2396 1351 2478 βαρβάρων
1393 2394 1452 2460 τί
1483 2395 1639 2471 ἔςτι;
1685 2396 2007 2477 μανθάνω.
2054 2396 2452 2478 Τριβαλλοί».
2499 2400 2603 2464 καὶ
2630 2399 2706 2464 τὸ
2750 2421 2798 2464 π
2814 2419 2851 2479 ρ
2866 2421 2904 2464 ο
2921 2404 3059 2481 βαλ
3076 2403 3112 2464 λ
3127 2400 3211 2465 ός

524 2504 592 2554 ‘20
626 2500 666 2579 ἡ
711 2498 893 2564 ἀςπίς
937 2498 1347 2577 ὀξυνόμενον.

793 2601 890 2665 Τὰ
933 2600 1093 2680 ὑπὲρ
1136 2603 1306 2679 τρεῖς
1351 2600 1665 2681 ςυλλαβὰς
1709 2599 2110 2682 ἐκφερόμενα
2153 2604 2651 2682 παραληγόμενα
2705 2610 2797 2688 τῷ
2852 2608 2894 2668 fi
2945 2604 3210 2686 βαρύνε-

626 2724 758 2788 ται,
805 2703 859 2767 εἰ
904 2704 985 2784 μὴ
1030 2702 1162 2768 ἀπὸ
1205 2707 1325 2768 τοῦ
1354 2707 1390 2766 ι’(
1419 2702 1716 2787 ἄρχοιτο,
1761 2702 2209 2784 ἀρύβαλλος
2252 2707 2328 2770 τὸ
2360 2706 2734 2790 μαρςύπιον,
2779 2708 3210 2786 περίαλλος

625 2806 702 2871 τὸ
780 2805 980 2885 ἰςχίον
996 2856 1014 2890 ,
1090 2805 1402 2883 αἰγίθαλ
1419 2810 1508 2871 λο
1525 2826 1573 2872 ς.
1654 2810 2109 2886 κραπαταλλ
2125 2807 2207 2873 ός
2273 2810 2347 2873 δὲ
2420 2807 2597 2875 εἶδος
2659 2809 3043 2888 νομίςματος
3109 2811 3212 2874 καὶ

624 2930 662 2973 κ
675 2929 712 2973 ο
729 2929 765 2988 ρ
780 2930 817 2973 υ
829 2913 867 2973 δ
879 2929 921 2973 α
937 2911 973 2973 λ
990 2912 1026 2973 λ
1039 2909 1077 2973 ό
1092 2930 1123 2973 ς
1167 2910 1639 2988 προςηγορικὸν
1682 2910 1786 2974 καὶ
1828 2908 2038 2988 ὄνομα
2082 2911 2288 2989 δήμου
2333 2911 2616 2975 Ἀττικοῦ
2661 2910 2968 2978 ὀξύνεται.

525 3019 588 3068 25
793 3010 887 3075 Τὰ
940 3010 1028 3076 εἰς
1075 2999 1229 3077 ffi'c‘
1272 3011 1727 3092 πολυςύλλαβα
1738 3060 1756 3093 ,
1812 3010 2024 3095 ὁποίῳ
2078 3013 2402 3093 φωνήεντι
2458 3015 2812 3093 παραλήγει
2864 3015 3035 3093 πλὴν
3091 3018 3210 3079 τοῦ

624 3118 666 3177 ἆ
679 3162 697 3196 ,
741 3114 1330 3196 προπαροξύνεται,
1377 3113 1491 3179 Μύ
1506 3133 1629 3179 ςκε
1644 3116 1678 3177 λ
1695 3116 1733 3177 λ
1748 3133 1786 3178 ο
1801 3134 1834 3178 ς
1888 3113 1926 3178 6
1976 3115 2312 3193 Κρότωνος
2356 3115 2626 3194 οἰκιςτής
2639 3166 2657 3199 ,
2715 3116 2834 3182 Μά
2848 3137 2884 3196 ρ
2899 3137 2976 3182 κε
2991 3119 3025 3180 λ
3042 3120 3130 3181 λο
3146 3139 3208 3198 ς,

624 3215 1133 3296 Ἀντίφελλος
1194 3215 1435 3295 χωρίον
1496 3215 1755 3298 Λυκίας,
1825 3215 2237 3300 Κύριλλος,
2304 3217 2723 3302 (όφιλλος,
2788 3219 3016 3298 δόριλ
3039 3223 3175 3284 λος
3194 3271 3211 3304 ,

624 3318 1059 3401 Μέγιλλος,
1105 3317 1530 3400 Τήριλλος,
1573 3317 1997 3401 Πέριλλος,
2053 3320 2396 3405 Ἄῑλλος,
2438 3320 2831 3404 Ἔπιλλος,
2887 3320 3209 3387 ἀνάςιλ-

623 3422 659 3483 λ
676 3439 713 3484 ο
730 3442 792 3503 ς,
841 3420 1321 3497 Γρὰςτιλλος
1364 3418 1708 3499 ἀρςενικῶς
1737 3421 1926 3487 πόλις
1959 3421 2395 3505 Μακεδονίας,
2440 3424 2479 3488 ὃ
2523 3425 2628 3488 καὶ
2671 3425 2776 3488 διὰ
2803 3428 2922 3490 τοῦ
2965 3430 3014 3489 π
3057 3424 3210 3504 γρά-

623 3572 662 3625 Κ
703 3577 827 3636 134,
874 3573 1083 3635 μυλλός
1121 3590 1188 3623 ex
1224 3575 1326 3641 Ep.
1364 3574 1452 3628 Cr.
1488 3576 1515 3625 1
1550 3576 1642 3637 45,
1679 3578 1769 3638 32,
1818 3573 1974 3627 ἰλλός
2021 3593 2090 3626 ex
2134 3577 2234 3643 Ep.
2272 3576 2364 3629 Cr.
2399 3579 2428 3629 Ι
2463 3579 2588 3640 338,
2626 3579 2717 3641 26,
2762 3576 2918 3631 ἴλλος
2957 3580 3077 3646 ipsc
3114 3595 3212 3644 ap·

618 3642 1041 3761 {Siffiiiss‘c'ffi
1076 3642 2134 3763 Εἱῖἒῖἒὸἳλίἓέφλὲἔῖνπὲεοναζῖῷ
2171 3646 2275 3763 “³1⁰1
2301 3649 2364 3766 ³⁸²1}
2423 3643 2629 3767 ’ῗίρὲἙὲ
2672 3645 2740 3767 δὲ
2771 3646 2804 3697 ‘⁵
2839 3645 3206 3766 “⁶¹‘'w'1*⁶”⁰‘

619 3725 942 3841 τὸυῳύλλος
976 3747 1047 3829 τὸ
1085 3776 1177 3828 ἐπὶ
1213 3780 1316 3829 τοῦ
1338 3725 1553 3830 υἷ-ἷθνους
1591 3726 1783 3845 εοτίρὲἰ
1803 3726 2487 3847 ερέοὲἓέιοθέοὴῶὶᾱῖἰο,
2528 3751 2670 3847 quac
2707 3728 3208 3849 pssgpgesfflfoe‘raergz

618 3844 790 3897 ἄλλος
825 3845 1013 3897 addidi
1049 3862 1117 3896 ex
1152 3844 1219 3896 11.
1256 3847 1345 3897 Pr.
1391 3846 1427 3900 l.
1467 3864 1510 3897 c.
1549 3852 1607 3897 et
1640 3848 1741 3913 Ep.
1781 3847 1868 3898 Cr.
1905 3850 1933 3900 1
1968 3851 2060 3910 45,
2098 3851 2179 3900 32.
2252 3849 2389 3901 Cum
2424 3849 2637 3914 φελλός
2675 3850 2904 3903 ςκελλός
2949 3851 3209 3917 coniungi

615 3919 803 3979 potest
838 3912 1048 3965 πελλός
1084 3914 1143 3964 iu
1169 3916 1268 3980 Ep.
1297 3914 1383 3964 Cr.
1407 3916 1437 3966 Ι
1458 3916 1582 3977 344,
1613 3917 1671 3965 6:
1709 3915 1903 3968 πελιός
1940 3914 2093 3980 παρὰ
2126 3916 2197 3968 τὸ
2234 3917 2444 3970 πελλός
2479 3917 2641 3970 «ἐνθ’
2664 3918 2798 3970 οὔτε
2835 3919 3051 3984 πελλῆς
3087 3916 3208 3970 οἰὸς

617 3981 895 4045 ἄγραυλος
921 3980 1128 4047 βοτήρ»
1153 3980 1448 4047 (οφοκλῆς
1474 3981 1536 4034 ἐν
1564 3982 1893 4051 Ἀμφιαράῳ
1920 3982 2208 4050 (ατυρικῷ
2237 3987 2305 4041 fr.
2333 3988 2424 4036 111
2455 3986 2668 4038 Nauck.
2781 3987 2817 4039 l.
2845 3991 2874 4039 7
2912 3987 3124 4051 Βύβλος
3150 3994 3209 4037 et

619 4049 815 4113 Βίβλος
840 4052 1064 4116 propria
1099 4058 1452 4103 accesserunt
1489 4067 1557 4101 ex
1593 4054 1669 4102 st.
1702 4054 1766 4103 Β.
1907 4053 1944 4107 l.
1971 4057 2002 4104 9
2039 4052 2274 4105 ’Άςκλος
2297 4082 2363 4090 ——-
2386 4052 2641 4117 Ζάγκλοε
2681 4071 2748 4107 ex
2773 4056 2854 4107 St.
2880 4058 2943 4109 B.
2983 4057 3207 4121 sumpsi.

616 4117 813 4182 ςιφλός
849 4119 1033 4184 recepi
1070 4134 1137 4169 ex
1175 4119 1352 4172 Schol.
1389 4120 1462 4170 ad
1498 4118 1747 4185 Apollon.
1783 4121 1811 4172 1
1848 4123 1949 4173 204
1983 4120 2180 4185 ςιφλός
2224 4120 2352 4172 ἀντὶ
2389 4125 2493 4174 τοῦ
2545 4122 2964 4186 κεκακωμένος·
3010 4121 3208 4187 ςίφλος

616 4202 677 4255 δὲ
715 4202 748 4255 6
787 4205 997 4268 μῶμος.
1066 4202 1289 4256 Excidit
1323 4220 1499 4255 canon
1532 4205 1936 4256 huiuscemodi:
1981 4205 2053 4257 τὰ
2090 4204 2168 4258 εἰς
2202 4192 2304 4260 λ-(ἷξ
2347 4206 2650 4271 διςύλλαβα-
2690 4206 2895 4272 ἔχοντα
2938 4208 3047 4273 τὴν
3092 4207 3208 4272 πρὸ

613 4270 815 4324 τέλους
853 4272 1132 4336 ςυλλαβὴν
1169 4270 1248 4324 εἰς
1281 4273 1591 4337 ςύμφωνον
1637 4272 1917 4338 λήγουςαν
1964 4274 2261 4339 βαρύνεται
2307 4273 2431 4327 οῖον
2469 4275 2698 4340 Μύρλος
2744 4277 2776 4329 ό
2817 4275 3209 4342 Κολοφωνίων

614 4339 877 4404 ἡγεμών,
916 4339 1026 4405 ἀφ’
1060 4338 1127 4392 οὗ
1165 4339 1418 4407 Μύρλεια
1464 4340 1629 4392 πόλις
1666 4339 1923 4394 Βιθυνίας
1962 4344 2067 4407 (St.
2106 4345 2166 4394 B.
2202 4346 2329 4407 463,
2371 4342 2455 4409 18)
2496 4351 2553 4394 et
2588 4350 2881 4411 praeterea
2918 4361 3092 4396 canon
3137 4345 3206 4395 dc

612 4425 1106 4491 hypat-disyllabis:
1153 4424 1237 4478 ἔτι
1273 4426 1363 4479 καὶ
1398 4425 1469 4478 τὰ
1505 4424 1583 4478 εἰς
1620 4414 1728 4479 ›To—c*
1752 4425 1899 4492 ὑπὲρ
1936 4426 2037 4480 δύο
2074 4428 2348 4494 ςυλλαβὰς
2384 4427 2516 4492 μετ’
2548 4426 2859 4496 ἐπιπλοκῆς
2897 4427 3207 4495 ςυμφώνου

616 4493 914 4557 βαρύνεται
959 4491 1082 4545 οἶον
1121 4493 1420 4560 Κόρνικλος
1468 4494 1631 4546 πόλις
1668 4494 1944 4547 Λατίνων.
2014 4494 2306 4550 Διονύςιος
2341 4495 2518 4565 τρίτῳ
2558 4497 2870 4563 Ῥωμαϊκῆς
2916 4497 3206 4563 ἀρχαιολο-

614 4560 764 4625 γίας,
803 4564 901 4613 scd
936 4564 1178 4614 Mcinek.
1216 4561 1552 4628 Κορνίκολος
1589 4564 1937 4614 scribendum
1972 4564 2193 4616 iudicat.
2406 4568 2440 4616 1.
2481 4568 2542 4617 17
2578 4564 2821 4618 Δίαλλος
2860 4569 3058 4633 scripsi
3106 4583 3206 4632 pro

618 4628 853 4683 Κίαλλος
900 4632 1091 4698 ignoto
1136 4646 1258 4681 cum
1302 4634 1438 4685 Lob.
1484 4631 1652 4684 Proll.
1696 4634 1788 4695 94,
1837 4634 1931 4697 qui
1977 4634 2143 4684 etiam
2185 4632 2379 4686 ἴαλλος
2424 4637 2694 4700 proponit.
2765 4636 2851 4685 Ad
2896 4634 3207 4699 Τριβαλλός

616 4700 1001 4765 Aristophanis
1046 4714 1264 4752 versum
1312 4701 1488 4750 adieci
1533 4715 1600 4750 ex
1639 4700 1721 4750 St.
1759 4702 1823 4751 B.
1860 4703 1983 4760 634,
2021 4704 2070 4753 8.
2275 4703 2310 4753 l.
2347 4705 2414 4753 24
2459 4702 2870 4768 προςηγορικὸν
2913 4731 2980 4739 -—-
3024 4702 3206 4768 δήμου

618 4765 874 4818 Ἀττικοῦ
912 4767 1101 4818 addidi
1138 4771 1365 4833 propter
1401 4770 1483 4820 St.
1518 4770 1581 4819 B.
1618 4769 1737 4832 377,
1776 4770 1821 4821 1.
1969 4770 2005 4819 1.
2042 4771 2108 4821 26
2145 4769 2473 4822 Μύςκελλος
2510 4772 2728 4838 explevi
2763 4788 2828 4823 cx
2865 4771 2946 4822 St.
2985 4774 3047 4822 B.
3084 4774 3206 4833 692,

615 4837 698 4897 20,
739 4834 1105 4900 Ἀντίφελλος
1142 4852 1209 4885 ex
1247 4836 1439 4887 eodem
1477 4837 1686 4887 inserui
1722 4853 1772 4903 p.
1815 4840 1928 4901 101,
1965 4839 1997 4887 6
2034 4838 2160 4892 coll.
2197 4855 2248 4904 p.
2286 4841 2406 4903 661,
2443 4842 2526 4893 20.
2587 4840 2822 4892 Nomina
2857 4840 2982 4889 inde
3017 4856 3052 4889 a
3089 4837 3205 4890 Μέ-

615 4902 803 4967 γιλλος
840 4932 906 4940 -
941 4902 1236 4956 ἀνάςιλλος
1269 4910 1402 4956 sunt
1440 4921 1509 4956 ex
1544 4906 1790 4973 Theogn.
1829 4908 1915 4970 62,
1957 4907 2034 4967 12,
2075 4904 2402 4971 Γράςτιλλος
2439 4924 2507 4959 cx
2545 4908 2624 4960 St.
2650 4910 2715 4960 B.
2742 4911 2859 4972 213,
2883 4911 2934 4973 3,
2974 4908 3204 4959 formam
