3664 5546
1222 404 1378 459 ΠΕΡΙ
1421 402 1812 458 «Aeolum-cc
1851 402 2288 458 ΠΡΟΕΩιΔΙΑΕ.
2968 405 3041 468 11

462 578 850 646 ὀξυνθέντα.·
915 575 980 640 αἱ
1023 576 1142 641 δύο
1190 579 1434 656 βαρεῖαι
1478 576 1567 641 εἰς
1613 578 1874 655 βαρεῖαν
1919 580 2394 658 ςυναιροῦνται,
2452 577 2543 641 ὡς
2598 576 2672 641 τὸ
2716 574 3042 656 Δημοςθέ-

464 681 614 746 νὲὸς
656 677 1127 759 Δημοςθένους.
1172 677 1367 744 πάλιν
1412 679 1488 744 τὸ
1533 677 1798 757 χρύςὲὸς
1842 679 1945 744 καὶ
1988 677 2304 758 ἀργύρεος
2348 678 2505 758 μετὰ
2548 679 2666 757 τὴν
2698 678 3044 758 ςυναίρεςιν

463 782 882 861 περιεςπάςθη
928 781 1034 847 διὰ
1077 782 1192 848 τὸν
1236 780 1572 861 εἰρημένον
1617 780 1893 864 κανόνα,
1941 780 2032 847 ὡς
2074 781 2156 846 τὰ
2198 778 2288 846 εἰς
2332 783 2449 845 (πῖ
2491 779 2665 845 ἁπλᾶ
2708 784 3042 859 περιεςπᾶ-

464 890 601 950 ςθαι
644 884 829 949 θέλει.
1836 901 1841 906 ·

631 987 844 1052 Ταῦτα
901 986 1015 1066 μὲν
1083 984 1204 1052 οὖν
1258 984 1445 1051 ἱκανὰ
1487 988 1626 1051 τοῖς
1680 983 1912 1052 εἰδόςιν
1968 985 2073 1052 ἐπὶ
2125 985 2316 1051 ποίας
2372 987 2685 1065 ςυλλαβῆς
2738 983 2868 1050 ἔδει
2925 985 3041 1052 τὸν
3070 999 3103 1050 5

462 1089 660 1155 τόνον
717 1088 970 1153 τιθέναι.
1055 1089 1320 1167 Πολλῆς
1375 1091 1447 1154 δὲ
1504 1089 1693 1168 οὔςης
1745 1089 1999 1154 τούτων
2054 1088 2482 1171 διδαςκαλίας,
2528 1089 2607 1166 ἣν
2651 1087 2800 1167 ἡμῖν
2843 1086 3044 1167 Ἡρω-

465 1191 685 1257 διανός
728 1190 799 1256 ἐν
842 1198 918 1275 τῇ
945 1191 1231 1268 καθόλου
1276 1192 1609 1270 παρέδωκε
1644 1191 2070 1275 πραγματείᾳ,
2116 1189 2300 1268 ὀλίγα
2345 1191 2408 1258 ἐξ
2452 1190 2666 1255 αὐτῶν
2699 1191 2779 1255 τὰ
2822 1211 3044 1270 χρειω-

467 1294 726 1371 δέςτερα
770 1293 1094 1374 ςυντόμως
1137 1293 1540 1373 ἐκλεξάμενοι
1568 1295 2049 1377 πάραθήςομεν,
2097 1294 2188 1360 ὡς
2218 1293 2667 1373 εὐχερεςτέραν
2713 1290 3045 1359 εἶναιτοῖς

465 1396 684 1463 ςτίῑειν
730 1394 1015 1462 ἐθέλουςι
1057 1396 1172 1475 τὴν
1218 1397 1456 1461 τούτου
1499 1395 1777 1476 μάθηςιν.

597 1618 632 1669 l.
670 1621 703 1669 5
736 1617 843 1669 τὸν
877 1615 1051 1670 τόνον
1090 1618 1310 1671 addidit
1343 1618 1562 1682 Bloch„
1610 1618 1752 1670 idem
1795 1618 2013 1683 πολλῆς
2061 1635 2158 1685 pro
2196 1616 2409 1682 πολλά,
2457 1617 2493 1668 l.
2530 1619 2560 1669 7
2606 1616 2666 1669 δὲ
2712 1622 2840 1684 post
2884 1616 3047 1681 ὀλίγα

464 1687 639 1739 omisi.
712 1689 867 1751 Quae
904 1702 992 1751 ap.
1031 1687 1223 1741 10.A1.
1261 1691 1308 1750 7,
1346 1689 1512 1739 3—-15
1548 1692 1870 1753 sequnntur,
1907 1687 2040 1751 quia
2075 1703 2229 1739 suam
2266 1686 2595 1752 excerpendi
2630 1686 2900 1737 rationem
2935 1687 3048 1753 epi·

463 1759 705 1806 tomator
742 1755 982 1821 exponit,
1019 1760 1082 1806 ut
1117 1771 1151 1805 a
1188 1755 1479 1807 Catholica
1517 1755 1846 1814 Herodiani,
1886 1771 2046 1820 quam
2083 1757 2376 1807 restituere
2415 1754 2688 1815 volumus,
2726 1754 2910 1804 aliena
2946 1755 3046 1805 sub

464 1828 672 1874 textum
707 1823 1021 1874 reiecimus:
1059 1823 1264 1876 πολλοὶ
1301 1823 1403 1885 μὲν
1438 1821 1543 1874 οὖν
1582 1822 1670 1875 καὶ
1706 1821 1769 1874 ἐκ
1803 1823 1974 1888 ψιλῆς
2011 1821 2301 1888 ςυνηθείας
2336 1821 2406 1874 τὸ
2444 1822 2537 1876 ἐπὶ
2572 1819 2736 1874 ποίας
2773 1822 3048 1887 ςυλλαβῆς

464 1891 496 1943 ό
532 1890 699 1943 τόνος
737 1889 970 1955 ἑκάςτης
994 1889 1232 1956 ὑπάρχει
1267 1885 1474 1944 λέξεως
1510 1888 1669 1943 ῐςαςι·
1708 1890 1797 1943 διὰ
1834 1890 1895 1942 δὲ
1920 1893 2043 1943 τῶν
2068 1889 2383 1957 εἰρημένων
2409 1889 2672 1942 κανόνων
2697 1890 2871 1954 δῆλον
2896 1890 3049 1942 έςται

465 1957 542 2010 ὡς
591 1956 639 2010 εἰ
674 1957 786 2024 πρὸ
822 1956 1021 2011 τέλους
1059 1957 1110 2010 εἴ
1182 1962 1285 2024 τῆς
1323 1958 1529 2011 λέξεως
1565 1957 1600 2022 ἡ
1639 1957 1953 2025 προςῳδία,
1992 1963 2159 2011 ποῖον
2202 1959 2384 2026 δεήςει
2427 1958 2637 2012 τιθέναι
2672 1958 2870 2011 τόνον·
2916 1957 3051 2011 ἀλλ’

464 2025 767 2092 ἐπειδήπερ
812 2025 848 2089 ή
898 1975 1183 2093 προςῳδἾα
1226 2027 1321 2079 ἐπὶ
1363 2025 1563 2079 τέλους
1613 2026 1719 2091 (sic
1774 2044 1873 2093 pro
1918 2026 1954 2090 ή
2001 2027 2114 2093 πρὸ
2157 2027 2358 2080 τέλους
2410 2026 2760 2081 scribendum
2803 2026 2912 2091 est)
2959 2025 3047 2092 εἴη

464 2094 626 2158 φύςει
664 2097 876 2159 μακρᾶς
911 2094 1077 2161 οῠςης
1114 2098 1217 2160 τῆς
1251 2093 1608 2161 τελευταίας,
1644 2095 1781 2147 τότε
1819 2095 2024 2148 λοιπὸν
2059 2096 2322 2160 τυγχάνει
2348 2095 2605 2162 δυςχερὲς
2631 2094 2747 2148 εἴτε
2772 2097 3048 2160 περιςπᾶν

462 2160 645 2227 δεήςει
680 2162 897 2228 ταύτην
935 2161 1049 2215 εἴτε
1087 2163 1322 2216 ὀξύνειν.
1391 2166 1566 2215 τοῦτο
1605 2164 1931 2227 μεθοδεῠςαι
1967 2164 2036 2216 τὸ
2064 2163 2239 2230 ,μέρος
2287 2163 2382 2217 ἐπί
2416 2179 2480 2217 τε
2524 2165 2646 2214 τῶν
2682 2162 2920 2216 εὐθειῶν
2957 2164 3047 2216 καὶ

463 2230 558 2283 ἐπὶ
593 2232 715 2282 τῶν
752 2227 1024 2295 ῥημάτων
1062 2230 1125 2283 ἐκ
1160 2234 1283 2284 τῶν
1321 2231 1665 2297 Ἡρωδιανοῦ
1713 2231 2007 2295 ςυντόμως
2044 2231 2386 2298 πειράςομαι.
2458 2230 2717 2285 εἰπόντες
2752 2231 2857 2284 οῦν
2892 2235 3047 2284 ποῖαι

464 2301 586 2349 τῶν
623 2299 716 2351 ἐπὶ
751 2298 903 2352 τέλει
936 2299 1042 2351 τὸν
1077 2298 1250 2354 τόνον
1288 2299 1539 2364 έχουςῶν
1576 2299 1787 2353 λέξεων
1824 2302 2236 2366 περιςπῶνται,
2274 2301 2539 2367 δηλονότι
2575 2300 2677 2353 τὰς
2702 2299 2900 2353 λοιπὰς
2925 2300 3047 2354 όξυ-

465 2365 705 2431 νομένας
744 2366 1175 2432 καταλείψομεν.
1246 2368 1476 2433 ἄρξομαι
1514 2367 1575 2421 δὲ
1611 2368 1673 2421 ἐκ
1710 2370 1831 2421 τῶν
1868 2367 2187 2433 ὀνομάτων.
