<?xml version="1.0" encoding="UTF-8"?>
<!DOCTYPE html PUBLIC "-//W3C//DTD XHTML 1.0 Transitional//EN"
    "http://www.w3.org/TR/xhtml1/DTD/xhtml1-transitional.dtd">
<html xmlns="http://www.w3.org/1999/xhtml" xml:lang="en" lang="en">
 <head>
  <title>
</title>
<meta http-equiv="Content-Type" content="text/html;charset=utf-8" />
  <meta name='ocr-system' content='tesseract 3.04.00' />
  <meta name='ocr-capabilities' content='ocr_page ocr_carea ocr_par ocr_line ocrx_word'/>
</head>
<body>
  <div class='ocr_page' id='page_1' title='image "./grammaticigraec02unkngoog_0553.png"; bbox 0 0 3664 5546; ppageno 0'>
   <div class='ocr_carea' id='block_1_1' title="bbox 1227 217 3105 306">
    <p class='ocr_par' dir='ltr' id='par_1_1' title="bbox 1227 217 3105 306">
     <span class='ocr_line' id='line_1_1' title="bbox 1227 217 3105 306; baseline -0.005 -5"><span class='ocrx_word' id='word_1_1' title='bbox 1227 245 1386 301; x_wconf 72' lang='grc' dir='ltr'>Περι</span> <span class='ocrx_word' id='word_1_2' title='bbox 1428 245 1820 300; x_wconf 82' lang='grc' dir='ltr'>κΑοοΛικΗς</span> <span class='ocrx_word' id='word_1_3' title='bbox 1859 217 2283 300; x_wconf 70' lang='grc' dir='ltr'>ἰτΡοςςιιΔιΑς</span> <span class='ocrx_word' id='word_1_4' title='bbox 2323 243 2398 297; x_wconf 75' lang='lat' dir='ltr'><strong>ne.</strong></span> <span class='ocrx_word' id='word_1_5' title='bbox 2982 241 3105 306; x_wconf 83' lang='lat'>307</span> 
     </span>
    </p>
   </div>
   <div class='ocr_carea' id='block_1_2' title="bbox 519 411 3227 3133">
    <p class='ocr_par' dir='ltr' id='par_1_2' title="bbox 519 411 3187 1205">
     <span class='ocr_line' id='line_1_2' title="bbox 519 411 3110 499; baseline -0.002 -18"><span class='ocrx_word' id='word_1_6' title='bbox 519 417 878 494; x_wconf 91' lang='grc' dir='ltr'>πολυίςτωρ</span> <span class='ocrx_word' id='word_1_7' title='bbox 925 419 1046 492; x_wconf 80' lang='grc' dir='ltr'>«γῆ</span> <span class='ocrx_word' id='word_1_8' title='bbox 1102 415 1443 499; x_wconf 89' lang='grc' dir='ltr'>Ὀλυμπία,</span> <span class='ocrx_word' id='word_1_9' title='bbox 1496 414 1822 498; x_wconf 83' lang='grc' dir='ltr'>Ὠκεανία,</span> <span class='ocrx_word' id='word_1_10' title='bbox 1868 414 2182 496; x_wconf 84' lang='grc' dir='ltr'>Ἐςχατιά,</span> <span class='ocrx_word' id='word_1_11' title='bbox 2243 413 2538 495; x_wconf 90' lang='grc' dir='ltr'>Κορυφή,</span> <span class='ocrx_word' id='word_1_12' title='bbox 2593 411 2910 494; x_wconf 83' lang='grc' dir='ltr'>Ἑςπερία,</span> <span class='ocrx_word' id='word_1_13' title='bbox 2968 411 3110 491; x_wconf 80' lang='grc' dir='ltr'>Ὀρ-</span> 
     </span>
     <span class='ocr_line' id='line_1_3' title="bbox 519 513 3111 600; baseline -0.001 -19"><span class='ocrx_word' id='word_1_14' title='bbox 519 521 731 600; x_wconf 90' lang='grc' dir='ltr'>τυγία,</span> <span class='ocrx_word' id='word_1_15' title='bbox 776 516 1113 598; x_wconf 87' lang='grc' dir='ltr'>Ἀμμωνίς,</span> <span class='ocrx_word' id='word_1_16' title='bbox 1169 515 1493 599; x_wconf 81' lang='grc' dir='ltr'>Αἰθιοπία,</span> <span class='ocrx_word' id='word_1_17' title='bbox 1553 516 1832 598; x_wconf 86' lang='grc' dir='ltr'>Κυρήνη,</span> <span class='ocrx_word' id='word_1_18' title='bbox 1889 516 2264 598; x_wconf 85' lang='grc' dir='ltr'>Ὀφιοῦςςα,</span> <span class='ocrx_word' id='word_1_19' title='bbox 2319 516 2547 597; x_wconf 82' lang='grc' dir='ltr'>Λιβύη,</span> <span class='ocrx_word' id='word_1_20' title='bbox 2608 513 2927 596; x_wconf 86' lang='grc' dir='ltr'>Κηφηνία,</span> <span class='ocrx_word' id='word_1_21' title='bbox 2980 513 3111 578; x_wconf 82' lang='grc' dir='ltr'>Ἀε-</span> 
     </span>
     <span class='ocr_line' id='line_1_4' title="bbox 523 614 3112 700; baseline -0 -20"><span class='ocrx_word' id='word_1_22' title='bbox 523 618 684 696; x_wconf 76' lang='grc' dir='ltr'>ρία».</span> <span class='ocrx_word' id='word_1_23' title='bbox 773 617 1005 695; x_wconf 89' lang='grc' dir='ltr'>Βιζύη</span> <span class='ocrx_word' id='word_1_24' title='bbox 1050 617 1236 681; x_wconf 90' lang='grc' dir='ltr'>πόλις</span> <span class='ocrx_word' id='word_1_25' title='bbox 1281 617 1532 700; x_wconf 86' lang='grc' dir='ltr'>Θρᾴκης</span> <span class='ocrx_word' id='word_1_26' title='bbox 1575 618 1651 681; x_wconf 89' lang='grc' dir='ltr'>τὸ</span> <span class='ocrx_word' id='word_1_27' title='bbox 1706 622 1838 682; x_wconf 85' lang='grc' dir='ltr'>τῶν</span> <span class='ocrx_word' id='word_1_28' title='bbox 1885 617 2119 682; x_wconf 82' lang='grc' dir='ltr'>Ἀςτῶν</span> <span class='ocrx_word' id='word_1_29' title='bbox 2167 616 2512 699; x_wconf 88' lang='grc' dir='ltr'>βαςίλειον,</span> <span class='ocrx_word' id='word_1_30' title='bbox 2569 615 2823 694; x_wconf 89' lang='grc' dir='ltr'>Μιλύη</span> <span class='ocrx_word' id='word_1_31' title='bbox 2867 614 2907 691; x_wconf 87' lang='grc' dir='ltr'><strong>ἡ</strong></span> <span class='ocrx_word' id='word_1_32' title='bbox 2950 616 3112 693; x_wconf 91' lang='grc' dir='ltr'>γυνὴ</span> 
     </span>
     <span class='ocr_line' id='line_1_5' title="bbox 523 716 3112 802; baseline -0.002 -19"><span class='ocrx_word' id='word_1_33' title='bbox 523 718 848 802; x_wconf 75' lang='grc' dir='ltr'>(ολύμου,</span> <span class='ocrx_word' id='word_1_34' title='bbox 903 718 1027 799; x_wconf 82' lang='grc' dir='ltr'>ἀφ’</span> <span class='ocrx_word' id='word_1_35' title='bbox 1071 717 1148 796; x_wconf 87' lang='grc' dir='ltr'>ἧς</span> <span class='ocrx_word' id='word_1_36' title='bbox 1192 717 1446 782; x_wconf 85' lang='grc' dir='ltr'><strong>Μιλύαι.</strong></span> <span class='ocrx_word' id='word_1_37' title='bbox 1538 718 1810 797; x_wconf 85' lang='grc' dir='ltr'>Μοτύη</span> <span class='ocrx_word' id='word_1_38' title='bbox 1856 717 2043 783; x_wconf 88' lang='grc' dir='ltr'>πόλις</span> <span class='ocrx_word' id='word_1_39' title='bbox 2088 716 2366 783; x_wconf 75' lang='grc' dir='ltr'>(ικελίας</span> <span class='ocrx_word' id='word_1_40' title='bbox 2409 716 2541 782; x_wconf 88' lang='grc' dir='ltr'>ἀπὸ</span> <span class='ocrx_word' id='word_1_41' title='bbox 2590 716 2852 794; x_wconf 90' lang='grc' dir='ltr'>Μοτύης</span> <span class='ocrx_word' id='word_1_42' title='bbox 2894 736 3112 791; x_wconf 90' lang='grc' dir='ltr'>γυναι-</span> 
     </span>
     <span class='ocr_line' id='line_1_6' title="bbox 522 816 3187 900; baseline -0.002 -14"><span class='ocrx_word' id='word_1_43' title='bbox 522 822 632 886; x_wconf 91' lang='grc' dir='ltr'>κός</span> <span class='ocrx_word' id='word_1_44' title='bbox 688 821 1041 900; x_wconf 85' lang='grc' dir='ltr'>μηνυςάςης</span> <span class='ocrx_word' id='word_1_45' title='bbox 1092 818 1390 898; x_wconf 86' lang='grc' dir='ltr'>Ἡρακλεῖ</span> <span class='ocrx_word' id='word_1_46' title='bbox 1444 819 1599 883; x_wconf 85' lang='grc' dir='ltr'>τοὺς</span> <span class='ocrx_word' id='word_1_47' title='bbox 1653 818 1999 884; x_wconf 87' lang='grc' dir='ltr'>ἐλάςαντας</span> <span class='ocrx_word' id='word_1_48' title='bbox 2055 820 2209 884; x_wconf 85' lang='grc' dir='ltr'>τοὺς</span> <span class='ocrx_word' id='word_1_49' title='bbox 2263 819 2466 884; x_wconf 82' lang='grc' dir='ltr'>αὐτοῦ</span> <span class='ocrx_word' id='word_1_50' title='bbox 2521 822 2689 898; x_wconf 87' lang='grc' dir='ltr'>βοῦς.</span> <span class='ocrx_word' id='word_1_51' title='bbox 2788 816 3113 881; x_wconf 83' lang='grc' dir='ltr'>Ἑκαταῖος</span> <span class='ocrx_word' id='word_1_52' title='bbox 3154 825 3187 874; x_wconf 76' lang='lat'>5</span> 
     </span>
     <span class='ocr_line' id='line_1_7' title="bbox 521 919 3113 1004; baseline -0.002 -17"><span class='ocrx_word' id='word_1_53' title='bbox 521 923 809 1004; x_wconf 82' lang='grc' dir='ltr'>Εὐρώπῃ.</span> <span class='ocrx_word' id='word_1_54' title='bbox 896 922 1186 986; x_wconf 87' lang='grc' dir='ltr'>Φίλιςτος</span> <span class='ocrx_word' id='word_1_55' title='bbox 1250 921 1322 984; x_wconf 77' lang='grc' dir='ltr'>δὲ</span> <span class='ocrx_word' id='word_1_56' title='bbox 1386 920 1710 1000; x_wconf 82' lang='grc' dir='ltr'>φρούριον</span> <span class='ocrx_word' id='word_1_57' title='bbox 1776 919 1979 998; x_wconf 86' lang='grc' dir='ltr'>αὐτήν</span> <span class='ocrx_word' id='word_1_58' title='bbox 2047 941 2198 1001; x_wconf 88' lang='grc' dir='ltr'>φηςι</span> <span class='ocrx_word' id='word_1_59' title='bbox 2244 919 2524 985; x_wconf 75' lang='grc' dir='ltr'>(ικελίας</span> <span class='ocrx_word' id='word_1_60' title='bbox 2582 919 3113 999; x_wconf 89' lang='grc' dir='ltr'>παραθαλάςςιον.</span> 
     </span>
     <span class='ocr_line' id='line_1_8' title="bbox 522 1019 3115 1103; baseline -0.002 -14"><span class='ocrx_word' id='word_1_61' title='bbox 522 1025 769 1103; x_wconf 91' lang='grc' dir='ltr'>Πιςύη</span> <span class='ocrx_word' id='word_1_62' title='bbox 813 1025 999 1089; x_wconf 82' lang='grc' dir='ltr'>πόλις</span> <span class='ocrx_word' id='word_1_63' title='bbox 1050 1021 1292 1100; x_wconf 88' lang='grc' dir='ltr'>Καρίας.</span> <span class='ocrx_word' id='word_1_64' title='bbox 1382 1021 1631 1099; x_wconf 88' lang='grc' dir='ltr'>λέγεται</span> <span class='ocrx_word' id='word_1_65' title='bbox 1677 1022 1780 1086; x_wconf 78' lang='grc' dir='ltr'>καὶ</span> <span class='ocrx_word' id='word_1_66' title='bbox 1822 1020 2085 1101; x_wconf 92' lang='grc' dir='ltr'>Πιτύη.</span> <span class='ocrx_word' id='word_1_67' title='bbox 2163 1022 2488 1101; x_wconf 86' lang='grc' dir='ltr'>Μαντύη</span> <span class='ocrx_word' id='word_1_68' title='bbox 2532 1021 2720 1086; x_wconf 88' lang='grc' dir='ltr'>πόλις</span> <span class='ocrx_word' id='word_1_69' title='bbox 2762 1019 3115 1103; x_wconf 87' lang='grc' dir='ltr'>Ῥωμαίων,</span> 
     </span>
     <span class='ocr_line' id='line_1_9' title="bbox 522 1126 1042 1205; baseline -0.01 -13"><span class='ocrx_word' id='word_1_70' title='bbox 522 1127 562 1205; x_wconf 85' lang='grc' dir='ltr'>ἣ</span> <span class='ocrx_word' id='word_1_71' title='bbox 605 1128 709 1191; x_wconf 82' lang='grc' dir='ltr'>καὶ</span> <span class='ocrx_word' id='word_1_72' title='bbox 756 1126 1042 1190; x_wconf 89' lang='grc' dir='ltr'>Μαντύα.</span> 
     </span>
    </p>

    <p class='ocr_par' dir='ltr' id='par_1_3' title="bbox 524 1223 3221 1717">
     <span class='ocr_line' id='line_1_10' title="bbox 692 1223 3114 1308; baseline -0.002 -16"><span class='ocrx_word' id='word_1_73' title='bbox 692 1228 787 1292; x_wconf 88' lang='grc' dir='ltr'>Τὰ</span> <span class='ocrx_word' id='word_1_74' title='bbox 829 1227 934 1291; x_wconf 81' lang='grc' dir='ltr'>διὰ</span> <span class='ocrx_word' id='word_1_75' title='bbox 976 1227 1096 1290; x_wconf 80' lang='grc' dir='ltr'>τοῦ</span> <span class='ocrx_word' id='word_1_76' title='bbox 1138 1229 1241 1303; x_wconf 70' lang='grc' dir='ltr'>ῶῆ</span> <span class='ocrx_word' id='word_1_77' title='bbox 1285 1223 1610 1308; x_wconf 84' lang='grc' dir='ltr'>ὀξύνεται,</span> <span class='ocrx_word' id='word_1_78' title='bbox 1666 1225 1857 1308; x_wconf 84' lang='grc' dir='ltr'>ζωή,</span> <span class='ocrx_word' id='word_1_79' title='bbox 1916 1226 2073 1304; x_wconf 90' lang='grc' dir='ltr'>θωή</span> <span class='ocrx_word' id='word_1_80' title='bbox 2129 1226 2169 1304; x_wconf 86' lang='grc' dir='ltr'>ἡ</span> <span class='ocrx_word' id='word_1_81' title='bbox 2223 1225 2436 1307; x_wconf 84' lang='grc' dir='ltr'>ζημία,</span> <span class='ocrx_word' id='word_1_82' title='bbox 2490 1228 2684 1290; x_wconf 83' lang='grc' dir='ltr'>τοῦτο</span> <span class='ocrx_word' id='word_1_83' title='bbox 2741 1224 2813 1289; x_wconf 80' lang='grc' dir='ltr'>δὲ</span> <span class='ocrx_word' id='word_1_84' title='bbox 2856 1224 2960 1288; x_wconf 81' lang='grc' dir='ltr'>καὶ</span> <span class='ocrx_word' id='word_1_85' title='bbox 3003 1224 3114 1288; x_wconf 88' lang='grc' dir='ltr'>ςὺν</span> 
     </span>
     <span class='ocr_line' id='line_1_11' title="bbox 524 1323 3221 1416; baseline -0.004 -20"><span class='ocrx_word' id='word_1_86' title='bbox 524 1338 615 1416; x_wconf 83' lang='grc' dir='ltr'>τῷ</span> <span class='ocrx_word' id='word_1_87' title='bbox 658 1335 724 1414; x_wconf 85' lang='grc' dir='ltr'>ἶ,</span> <span class='ocrx_word' id='word_1_88' title='bbox 779 1330 845 1397; x_wconf 83' lang='grc' dir='ltr'>ἐξ</span> <span class='ocrx_word' id='word_1_89' title='bbox 902 1326 982 1394; x_wconf 84' lang='grc' dir='ltr'>οὗ</span> <span class='ocrx_word' id='word_1_90' title='bbox 1036 1326 1140 1391; x_wconf 81' lang='grc' dir='ltr'>καὶ</span> <span class='ocrx_word' id='word_1_91' title='bbox 1191 1326 1268 1390; x_wconf 90' lang='grc' dir='ltr'>τὸ</span> <span class='ocrx_word' id='word_1_92' title='bbox 1325 1323 1572 1410; x_wconf 82' lang='grc' dir='ltr'>ἀθῷος,</span> <span class='ocrx_word' id='word_1_93' title='bbox 1629 1327 1874 1409; x_wconf 68' lang='grc' dir='ltr'>δμιμή,</span> <span class='ocrx_word' id='word_1_94' title='bbox 1935 1327 2170 1409; x_wconf 82' lang='grc' dir='ltr'>ἐρωή,</span> <span class='ocrx_word' id='word_1_95' title='bbox 2238 1325 2412 1409; x_wconf 85' lang='grc' dir='ltr'>ἰωή,</span> <span class='ocrx_word' id='word_1_96' title='bbox 2481 1325 2728 1410; x_wconf 78' lang='grc' dir='ltr'>ἀλωή·</span> <span class='ocrx_word' id='word_1_97' title='bbox 2793 1328 2989 1390; x_wconf 86' lang='grc' dir='ltr'>τοῦτο</span> <span class='ocrx_word' id='word_1_98' title='bbox 3044 1327 3116 1389; x_wconf 77' lang='grc' dir='ltr'>δὲ</span> <span class='ocrx_word' id='word_1_99' title='bbox 3156 1332 3221 1385; x_wconf 86' lang='lat'>10</span> 
     </span>
     <span class='ocr_line' id='line_1_12' title="bbox 525 1426 3117 1512; baseline -0.003 -14"><span class='ocrx_word' id='word_1_100' title='bbox 525 1432 657 1498; x_wconf 88' lang='grc' dir='ltr'>ἀπὸ</span> <span class='ocrx_word' id='word_1_101' title='bbox 700 1435 818 1496; x_wconf 83' lang='grc' dir='ltr'>τοῦ</span> <span class='ocrx_word' id='word_1_102' title='bbox 861 1429 1065 1494; x_wconf 83' lang='grc' dir='ltr'>ἀλοιῶ</span> <span class='ocrx_word' id='word_1_103' title='bbox 1127 1426 1408 1507; x_wconf 83' lang='grc' dir='ltr'>ῥήματος</span> <span class='ocrx_word' id='word_1_104' title='bbox 1464 1427 1737 1504; x_wconf 90' lang='grc' dir='ltr'>γεγονὸς</span> <span class='ocrx_word' id='word_1_105' title='bbox 1792 1427 1905 1492; x_wconf 85' lang='grc' dir='ltr'>ςὺν</span> <span class='ocrx_word' id='word_1_106' title='bbox 1959 1434 2051 1512; x_wconf 84' lang='grc' dir='ltr'>τῷ</span> <span class='ocrx_word' id='word_1_107' title='bbox 2095 1431 2127 1491; x_wconf 91' lang='grc' dir='ltr'>ῑ</span> <span class='ocrx_word' id='word_1_108' title='bbox 2179 1429 2510 1508; x_wconf 89' lang='grc' dir='ltr'>γράφεται.</span> <span class='ocrx_word' id='word_1_109' title='bbox 2598 1427 2675 1492; x_wconf 90' lang='grc' dir='ltr'>τὸ</span> <span class='ocrx_word' id='word_1_110' title='bbox 2732 1427 2804 1490; x_wconf 77' lang='grc' dir='ltr'>δὲ</span> <span class='ocrx_word' id='word_1_111' title='bbox 2857 1426 2946 1490; x_wconf 77' lang='grc' dir='ltr'>(τ</span> <span class='ocrx_word' id='word_1_112' title='bbox 2958 1446 2994 1504; x_wconf 96' lang='grc' dir='ltr'>ρ</span> <span class='ocrx_word' id='word_1_113' title='bbox 3012 1427 3117 1504; x_wconf 82' lang='grc' dir='ltr'>ώη</span> 
     </span>
     <span class='ocr_line' id='line_1_13' title="bbox 525 1527 3119 1614; baseline -0.002 -15"><span class='ocrx_word' id='word_1_114' title='bbox 525 1535 713 1600; x_wconf 82' lang='grc' dir='ltr'>πόλις</span> <span class='ocrx_word' id='word_1_115' title='bbox 768 1531 1030 1614; x_wconf 91' lang='grc' dir='ltr'>Λιβύης,</span> <span class='ocrx_word' id='word_1_116' title='bbox 1087 1530 1179 1595; x_wconf 80' lang='grc' dir='ltr'>ὡς</span> <span class='ocrx_word' id='word_1_117' title='bbox 1222 1528 1548 1593; x_wconf 84' lang='grc' dir='ltr'>Ἑκαταῖος</span> <span class='ocrx_word' id='word_1_118' title='bbox 1593 1528 1793 1593; x_wconf 75' lang='grc' dir='ltr'>Ἀςίας</span> <span class='ocrx_word' id='word_1_119' title='bbox 1848 1529 2228 1608; x_wconf 89' lang='grc' dir='ltr'>περιηγήςει.</span> <span class='ocrx_word' id='word_1_120' title='bbox 2317 1528 2418 1592; x_wconf 79' lang='grc' dir='ltr'>καὶ</span> <span class='ocrx_word' id='word_1_121' title='bbox 2463 1527 2720 1606; x_wconf 83' lang='grc' dir='ltr'>Οἰνώη</span> <span class='ocrx_word' id='word_1_122' title='bbox 2775 1528 2963 1593; x_wconf 86' lang='grc' dir='ltr'>πόλις</span> <span class='ocrx_word' id='word_1_123' title='bbox 3006 1531 3119 1606; x_wconf 86' lang='grc' dir='ltr'>τῆς</span> 
     </span>
     <span class='ocr_line' id='line_1_14' title="bbox 526 1629 2531 1717; baseline -0.003 -17"><span class='ocrx_word' id='word_1_124' title='bbox 526 1635 839 1717; x_wconf 84' lang='grc' dir='ltr'>Ἀργείας,</span> <span class='ocrx_word' id='word_1_125' title='bbox 885 1632 1038 1698; x_wconf 87' lang='grc' dir='ltr'>ὅθεν</span> <span class='ocrx_word' id='word_1_126' title='bbox 1083 1631 1395 1696; x_wconf 87' lang='grc' dir='ltr'>Οἰνωᾶτις</span> <span class='ocrx_word' id='word_1_127' title='bbox 1437 1629 1759 1711; x_wconf 87' lang='grc' dir='ltr'>Ἄρτεμις,</span> <span class='ocrx_word' id='word_1_128' title='bbox 1813 1629 2150 1710; x_wconf 88' lang='grc' dir='ltr'>βαρύνεται</span> <span class='ocrx_word' id='word_1_129' title='bbox 2197 1630 2289 1695; x_wconf 85' lang='grc' dir='ltr'>ὡς</span> <span class='ocrx_word' id='word_1_130' title='bbox 2332 1630 2531 1709; x_wconf 88' lang='grc' dir='ltr'>κύρια.</span> 
     </span>
    </p>

    <p class='ocr_par' dir='ltr' id='par_1_4' title="bbox 526 1715 3227 3133">
     <span class='ocr_line' id='line_1_15' title="bbox 695 1715 3119 1815; baseline -0.003 -13"><span class='ocrx_word' id='word_1_131' title='bbox 695 1737 790 1802; x_wconf 87' lang='grc' dir='ltr'>Τὰ</span> <span class='ocrx_word' id='word_1_132' title='bbox 844 1735 934 1801; x_wconf 88' lang='grc' dir='ltr'>εἰς</span> <span class='ocrx_word' id='word_1_133' title='bbox 978 1719 1065 1815; x_wconf 62' lang='lat' dir='ltr'>ffif</span> <span class='ocrx_word' id='word_1_134' title='bbox 1098 1733 1335 1812; x_wconf 84' lang='grc' dir='ltr'>ἔχοντα</span> <span class='ocrx_word' id='word_1_135' title='bbox 1378 1730 1507 1809; x_wconf 90' lang='grc' dir='ltr'>πρὸ</span> <span class='ocrx_word' id='word_1_136' title='bbox 1550 1734 1667 1795; x_wconf 85' lang='grc' dir='ltr'>τοῦ</span> <span class='ocrx_word' id='word_1_137' title='bbox 1713 1715 1751 1811; x_wconf 79' lang='grc' dir='ltr'>β</span> <span class='ocrx_word' id='word_1_138' title='bbox 1805 1731 2155 1812; x_wconf 87' lang='grc' dir='ltr'>ςύμφωνον</span> <span class='ocrx_word' id='word_1_139' title='bbox 2220 1730 2367 1795; x_wconf 81' lang='grc' dir='ltr'>κατ’</span> <span class='ocrx_word' id='word_1_140' title='bbox 2432 1731 2786 1808; x_wconf 82' lang='grc' dir='ltr'>ἐπιπλοκὴν</span> <span class='ocrx_word' id='word_1_141' title='bbox 2852 1731 2891 1808; x_wconf 84' lang='grc' dir='ltr'>ἢ</span> <span class='ocrx_word' id='word_1_142' title='bbox 2960 1730 3119 1794; x_wconf 86' lang='grc' dir='ltr'>κατὰ</span> 
     </span>
     <span class='ocr_line' id='line_1_16' title="bbox 528 1830 3223 1917; baseline -0.004 -15"><span class='ocrx_word' id='word_1_143' title='bbox 528 1837 844 1916; x_wconf 79' lang='grc' dir='ltr'>διάςταςιν</span> <span class='ocrx_word' id='word_1_144' title='bbox 900 1835 1269 1917; x_wconf 89' lang='grc' dir='ltr'>βαρύνεται,</span> <span class='ocrx_word' id='word_1_145' title='bbox 1334 1830 1389 1898; x_wconf 85' lang='grc' dir='ltr'>εἰ</span> <span class='ocrx_word' id='word_1_146' title='bbox 1445 1832 1526 1910; x_wconf 90' lang='grc' dir='ltr'>μὴ</span> <span class='ocrx_word' id='word_1_147' title='bbox 1582 1831 1887 1910; x_wconf 82' lang='grc' dir='ltr'>ῥηματικὰ</span> <span class='ocrx_word' id='word_1_148' title='bbox 1943 1831 2040 1911; x_wconf 85' lang='grc' dir='ltr'>εἴη</span> <span class='ocrx_word' id='word_1_149' title='bbox 2095 1832 2531 1911; x_wconf 87' lang='grc' dir='ltr'>προςηγορικὰ</span> <span class='ocrx_word' id='word_1_150' title='bbox 2586 1831 2691 1896; x_wconf 84' lang='grc' dir='ltr'>καὶ</span> <span class='ocrx_word' id='word_1_151' title='bbox 2755 1831 3118 1910; x_wconf 88' lang='grc' dir='ltr'>παραλήγοι</span> <span class='ocrx_word' id='word_1_152' title='bbox 3160 1839 3223 1892; x_wconf 82' lang='lat'>15</span> 
     </span>
     <span class='ocr_line' id='line_1_17' title="bbox 526 1928 3122 2020; baseline -0.001 -20"><span class='ocrx_word' id='word_1_153' title='bbox 526 1942 619 2020; x_wconf 85' lang='grc' dir='ltr'>τῷ</span> <span class='ocrx_word' id='word_1_154' title='bbox 664 1928 735 2016; x_wconf 77' lang='grc' dir='ltr'>ὃ,</span> <span class='ocrx_word' id='word_1_155' title='bbox 778 1931 1048 2014; x_wconf 87' lang='grc' dir='ltr'>τύρβη,</span> <span class='ocrx_word' id='word_1_156' title='bbox 1100 1932 1352 2012; x_wconf 90' lang='grc' dir='ltr'>Κόμβη</span> <span class='ocrx_word' id='word_1_157' title='bbox 1398 1933 1437 2012; x_wconf 82' lang='grc' dir='ltr'>ἡ</span> <span class='ocrx_word' id='word_1_158' title='bbox 1484 1932 1712 1997; x_wconf 86' lang='grc' dir='ltr'>Χαλκίς</span> <span class='ocrx_word' id='word_1_159' title='bbox 1755 1934 2148 2016; x_wconf 86' lang='grc' dir='ltr'>καλουμένη,</span> <span class='ocrx_word' id='word_1_160' title='bbox 2193 1933 2474 2012; x_wconf 86' lang='grc' dir='ltr'>θυγάτηρ</span> <span class='ocrx_word' id='word_1_161' title='bbox 2518 1933 2840 2014; x_wconf 84' lang='grc' dir='ltr'>Ἀςωποῦ,</span> <span class='ocrx_word' id='word_1_162' title='bbox 2887 1930 3003 2012; x_wconf 80' lang='grc' dir='ltr'>ἀφ’</span> <span class='ocrx_word' id='word_1_163' title='bbox 3045 1931 3122 2011; x_wconf 85' lang='grc' dir='ltr'>ἧς</span> 
     </span>
     <span class='ocr_line' id='line_1_18' title="bbox 532 2023 3120 2115; baseline -0 -16"><span class='ocrx_word' id='word_1_164' title='bbox 532 2034 760 2099; x_wconf 86' lang='grc' dir='ltr'>Χαλκίς</span> <span class='ocrx_word' id='word_1_165' title='bbox 823 2034 1012 2098; x_wconf 89' lang='grc' dir='ltr'>πόλις</span> <span class='ocrx_word' id='word_1_166' title='bbox 1073 2032 1369 2113; x_wconf 86' lang='grc' dir='ltr'>Εὐβοίας,</span> <span class='ocrx_word' id='word_1_167' title='bbox 1437 2033 1679 2112; x_wconf 86' lang='grc' dir='ltr'>κύμβη</span> <span class='ocrx_word' id='word_1_168' title='bbox 1745 2035 1902 2113; x_wconf 89' lang='grc' dir='ltr'>νηὸς</span> <span class='ocrx_word' id='word_1_169' title='bbox 1968 2033 2161 2099; x_wconf 77' lang='grc' dir='ltr'>εἶδος.</span> <span class='ocrx_word' id='word_1_170' title='bbox 2250 2034 2481 2115; x_wconf 84' lang='grc' dir='ltr'>Θίςβη</span> <span class='ocrx_word' id='word_1_171' title='bbox 2547 2023 2735 2099; x_wconf 90' lang='grc' dir='ltr'>πόλις</span> <span class='ocrx_word' id='word_1_172' title='bbox 2800 2031 3120 2098; x_wconf 85' lang='grc' dir='ltr'>Βοιωτίας.</span> 
     </span>
     <span class='ocr_line' id='line_1_19' title="bbox 528 2132 3121 2217; baseline -0 -18"><span class='ocrx_word' id='word_1_173' title='bbox 528 2136 812 2217; x_wconf 91' lang='grc' dir='ltr'>Ὅμηρος</span> <span class='ocrx_word' id='word_1_174' title='bbox 858 2132 1370 2212; x_wconf 82' lang='grc' dir='ltr'>«πολυτρήρωνά</span> <span class='ocrx_word' id='word_1_175' title='bbox 1428 2154 1496 2197; x_wconf 93' lang='grc' dir='ltr'>τε</span> <span class='ocrx_word' id='word_1_176' title='bbox 1543 2134 1815 2215; x_wconf 84' lang='grc' dir='ltr'>Θίςβην»</span> <span class='ocrx_word' id='word_1_177' title='bbox 1873 2137 1949 2217; x_wconf 92' lang='grc' dir='ltr'>(Β</span> <span class='ocrx_word' id='word_1_178' title='bbox 1992 2134 2148 2217; x_wconf 81' lang='lat'>502)</span> <span class='ocrx_word' id='word_1_179' title='bbox 2203 2134 2335 2200; x_wconf 88' lang='grc' dir='ltr'>ἀπὸ</span> <span class='ocrx_word' id='word_1_180' title='bbox 2381 2136 2609 2216; x_wconf 86' lang='grc' dir='ltr'>Θίςβης</span> <span class='ocrx_word' id='word_1_181' title='bbox 2649 2138 2769 2199; x_wconf 85' lang='grc' dir='ltr'>τοῦ</span> <span class='ocrx_word' id='word_1_182' title='bbox 2814 2135 3121 2200; x_wconf 81' lang='grc' dir='ltr'>Ἀςωποῦ.</span> 
     </span>
     <span class='ocr_line' id='line_1_20' title="bbox 527 2234 3120 2319; baseline -0 -17"><span class='ocrx_word' id='word_1_183' title='bbox 527 2238 777 2315; x_wconf 91' lang='grc' dir='ltr'>λέγεται</span> <span class='ocrx_word' id='word_1_184' title='bbox 821 2237 924 2302; x_wconf 80' lang='grc' dir='ltr'>καὶ</span> <span class='ocrx_word' id='word_1_185' title='bbox 963 2238 1418 2313; x_wconf 89' lang='grc' dir='ltr'>πληθυντικῶς.</span> <span class='ocrx_word' id='word_1_186' title='bbox 1475 2235 1579 2299; x_wconf 87' lang='grc' dir='ltr'>καὶ</span> <span class='ocrx_word' id='word_1_187' title='bbox 1621 2235 1659 2299; x_wconf 85' lang='grc' dir='ltr'>ὁ</span> <span class='ocrx_word' id='word_1_188' title='bbox 1706 2237 1892 2316; x_wconf 87' lang='grc' dir='ltr'>λιμὴν</span> <span class='ocrx_word' id='word_1_189' title='bbox 1938 2238 2010 2301; x_wconf 82' lang='grc' dir='ltr'>δὲ</span> <span class='ocrx_word' id='word_1_190' title='bbox 2038 2240 2170 2301; x_wconf 89' lang='grc' dir='ltr'>τῶν</span> <span class='ocrx_word' id='word_1_191' title='bbox 2202 2234 2537 2319; x_wconf 85' lang='grc' dir='ltr'>Θιςβαίων,</span> <span class='ocrx_word' id='word_1_192' title='bbox 2583 2235 2672 2301; x_wconf 86' lang='grc' dir='ltr'>ὥς</span> <span class='ocrx_word' id='word_1_193' title='bbox 2715 2257 2906 2317; x_wconf 88' lang='grc' dir='ltr'>φηςιν</span> <span class='ocrx_word' id='word_1_194' title='bbox 2938 2236 3120 2301; x_wconf 82' lang='grc' dir='ltr'>Ἐπα-</span> 
     </span>
     <span class='ocr_line' id='line_1_21' title="bbox 530 2335 3227 2421; baseline -0.001 -18"><span class='ocrx_word' id='word_1_195' title='bbox 530 2341 870 2421; x_wconf 82' lang='grc' dir='ltr'>φρόδιτος,</span> <span class='ocrx_word' id='word_1_196' title='bbox 927 2340 1030 2402; x_wconf 85' lang='grc' dir='ltr'>καὶ</span> <span class='ocrx_word' id='word_1_197' title='bbox 1071 2338 1147 2401; x_wconf 88' lang='grc' dir='ltr'>τὸ</span> <span class='ocrx_word' id='word_1_198' title='bbox 1192 2335 1475 2401; x_wconf 80' lang='grc' dir='ltr'>ἐπίνειον</span> <span class='ocrx_word' id='word_1_199' title='bbox 1519 2342 1909 2416; x_wconf 83' lang='grc' dir='ltr'>περιςτερῶν</span> <span class='ocrx_word' id='word_1_200' title='bbox 1952 2337 2208 2417; x_wconf 85' lang='grc' dir='ltr'>πλῆρες.</span> <span class='ocrx_word' id='word_1_201' title='bbox 2296 2336 2619 2419; x_wconf 89' lang='grc' dir='ltr'>κράμβη,</span> <span class='ocrx_word' id='word_1_202' title='bbox 2662 2337 2889 2417; x_wconf 88' lang='grc' dir='ltr'>Ἄλβη</span> <span class='ocrx_word' id='word_1_203' title='bbox 2934 2336 3123 2402; x_wconf 90' lang='grc' dir='ltr'>πόλις</span> <span class='ocrx_word' id='word_1_204' title='bbox 3155 2349 3227 2400; x_wconf 83' lang='lat'>20</span> 
     </span>
     <span class='ocr_line' id='line_1_22' title="bbox 528 2436 3121 2523; baseline -0.002 -17"><span class='ocrx_word' id='word_1_205' title='bbox 528 2440 821 2523; x_wconf 86' lang='grc' dir='ltr'>Ἰταλίας,</span> <span class='ocrx_word' id='word_1_206' title='bbox 878 2441 918 2518; x_wconf 82' lang='grc' dir='ltr'>ἣ</span> <span class='ocrx_word' id='word_1_207' title='bbox 975 2439 1077 2503; x_wconf 87' lang='grc' dir='ltr'>καὶ</span> <span class='ocrx_word' id='word_1_208' title='bbox 1118 2439 1321 2516; x_wconf 86' lang='grc' dir='ltr'>Ἄλβα</span> <span class='ocrx_word' id='word_1_209' title='bbox 1365 2436 1632 2514; x_wconf 89' lang='grc' dir='ltr'>λέγεται.</span> <span class='ocrx_word' id='word_1_210' title='bbox 1720 2438 1848 2503; x_wconf 85' lang='grc' dir='ltr'>ἔςτι</span> <span class='ocrx_word' id='word_1_211' title='bbox 1891 2440 1996 2503; x_wconf 85' lang='grc' dir='ltr'>καὶ</span> <span class='ocrx_word' id='word_1_212' title='bbox 2036 2439 2232 2519; x_wconf 86' lang='grc' dir='ltr'>Ἄλβη</span> <span class='ocrx_word' id='word_1_213' title='bbox 2287 2437 2475 2504; x_wconf 89' lang='grc' dir='ltr'>πόλις</span> <span class='ocrx_word' id='word_1_214' title='bbox 2524 2438 2778 2517; x_wconf 88' lang='grc' dir='ltr'>Κρήτης.</span> <span class='ocrx_word' id='word_1_215' title='bbox 2869 2437 3121 2518; x_wconf 91' lang='grc' dir='ltr'>Βόλβη</span> 
     </span>
     <span class='ocr_line' id='line_1_23' title="bbox 529 2537 3121 2619; baseline -0.001 -13"><span class='ocrx_word' id='word_1_216' title='bbox 529 2544 715 2608; x_wconf 90' lang='grc' dir='ltr'>πόλις</span> <span class='ocrx_word' id='word_1_217' title='bbox 780 2541 884 2606; x_wconf 90' lang='grc' dir='ltr'>καὶ</span> <span class='ocrx_word' id='word_1_218' title='bbox 948 2541 1147 2619; x_wconf 91' lang='grc' dir='ltr'>λίμνη.</span> <span class='ocrx_word' id='word_1_219' title='bbox 1247 2537 1374 2603; x_wconf 85' lang='grc' dir='ltr'>ἔςτι</span> <span class='ocrx_word' id='word_1_220' title='bbox 1438 2539 1543 2603; x_wconf 89' lang='grc' dir='ltr'>καὶ</span> <span class='ocrx_word' id='word_1_221' title='bbox 1596 2539 1830 2619; x_wconf 89' lang='grc' dir='ltr'>Βόλβαι</span> <span class='ocrx_word' id='word_1_222' title='bbox 1897 2539 2084 2604; x_wconf 88' lang='grc' dir='ltr'>πόλις</span> <span class='ocrx_word' id='word_1_223' title='bbox 2155 2540 2397 2618; x_wconf 89' lang='grc' dir='ltr'>Καρίας.</span> <span class='ocrx_word' id='word_1_224' title='bbox 2483 2538 2747 2619; x_wconf 90' lang='grc' dir='ltr'>Δέρβη</span> <span class='ocrx_word' id='word_1_225' title='bbox 2799 2539 3121 2619; x_wconf 90' lang='grc' dir='ltr'>φρούριον</span> 
     </span>
     <span class='ocr_line' id='line_1_24' title="bbox 531 2639 3119 2724; baseline -0.001 -17"><span class='ocrx_word' id='word_1_226' title='bbox 531 2643 829 2722; x_wconf 74' lang='grc' dir='ltr'>Ἰςαυρίας</span> <span class='ocrx_word' id='word_1_227' title='bbox 870 2642 974 2705; x_wconf 77' lang='grc' dir='ltr'>καὶ</span> <span class='ocrx_word' id='word_1_228' title='bbox 1015 2640 1218 2719; x_wconf 90' lang='grc' dir='ltr'>λιμήν.</span> <span class='ocrx_word' id='word_1_229' title='bbox 1280 2639 1529 2720; x_wconf 90' lang='grc' dir='ltr'>Κύρβη</span> <span class='ocrx_word' id='word_1_230' title='bbox 1574 2640 1761 2705; x_wconf 90' lang='grc' dir='ltr'>πόλις</span> <span class='ocrx_word' id='word_1_231' title='bbox 1788 2639 2190 2721; x_wconf 90' lang='grc' dir='ltr'>Παμφυλίας.</span> <span class='ocrx_word' id='word_1_232' title='bbox 2235 2640 2559 2705; x_wconf 86' lang='grc' dir='ltr'>Ἑκαταῖος</span> <span class='ocrx_word' id='word_1_233' title='bbox 2590 2640 2774 2724; x_wconf 81' lang='grc' dir='ltr'>Ἀςίᾳ.</span> <span class='ocrx_word' id='word_1_234' title='bbox 2832 2639 3119 2720; x_wconf 76' lang='grc' dir='ltr'>(τράμ-</span> 
     </span>
     <span class='ocr_line' id='line_1_25' title="bbox 534 2740 3120 2825; baseline -0.002 -15"><span class='ocrx_word' id='word_1_235' title='bbox 534 2748 656 2825; x_wconf 90' lang='grc' dir='ltr'>βαι</span> <span class='ocrx_word' id='word_1_236' title='bbox 699 2742 888 2809; x_wconf 89' lang='grc' dir='ltr'>πόλις</span> <span class='ocrx_word' id='word_1_237' title='bbox 931 2742 1197 2825; x_wconf 85' lang='grc' dir='ltr'>Θρᾴκης.</span> <span class='ocrx_word' id='word_1_238' title='bbox 1283 2741 1515 2822; x_wconf 86' lang='grc' dir='ltr'>Ὕςβη</span> <span class='ocrx_word' id='word_1_239' title='bbox 1559 2741 1745 2807; x_wconf 89' lang='grc' dir='ltr'>πόλις</span> <span class='ocrx_word' id='word_1_240' title='bbox 1788 2742 2036 2808; x_wconf 85' lang='grc' dir='ltr'>Λυδίας.</span> <span class='ocrx_word' id='word_1_241' title='bbox 2124 2743 2199 2808; x_wconf 89' lang='grc' dir='ltr'>τὸ</span> <span class='ocrx_word' id='word_1_242' title='bbox 2257 2743 2328 2807; x_wconf 81' lang='grc' dir='ltr'>δὲ</span> <span class='ocrx_word' id='word_1_243' title='bbox 2383 2761 2489 2822; x_wconf 96' lang='grc' dir='ltr'>φο</span> <span class='ocrx_word' id='word_1_244' title='bbox 2503 2741 2641 2822; x_wconf 90' lang='grc' dir='ltr'>ρβή</span> <span class='ocrx_word' id='word_1_245' title='bbox 2695 2740 2819 2806; x_wconf 82' lang='grc' dir='ltr'>ἐςτι</span> <span class='ocrx_word' id='word_1_246' title='bbox 2866 2741 3120 2822; x_wconf 82' lang='grc' dir='ltr'>ῥηματι-</span> 
     </span>
     <span class='ocr_line' id='line_1_26' title="bbox 530 2842 3223 2925; baseline -0.001 -14"><span class='ocrx_word' id='word_1_247' title='bbox 530 2847 650 2913; x_wconf 88' lang='grc' dir='ltr'>κὸν</span> <span class='ocrx_word' id='word_1_248' title='bbox 692 2845 1163 2925; x_wconf 90' lang='grc' dir='ltr'>προςηγορικὸν</span> <span class='ocrx_word' id='word_1_249' title='bbox 1218 2843 1321 2908; x_wconf 87' lang='grc' dir='ltr'>καὶ</span> <span class='ocrx_word' id='word_1_250' title='bbox 1376 2843 1506 2923; x_wconf 84' lang='grc' dir='ltr'>ἔχει</span> <span class='ocrx_word' id='word_1_251' title='bbox 1550 2845 1625 2909; x_wconf 93' lang='grc' dir='ltr'>τὸ</span> <span class='ocrx_word' id='word_1_252' title='bbox 1672 2848 1727 2909; x_wconf 85' lang='grc' dir='ltr'>ὃ.</span> <span class='ocrx_word' id='word_1_253' title='bbox 1813 2844 1895 2909; x_wconf 85' lang='grc' dir='ltr'>τὰ</span> <span class='ocrx_word' id='word_1_254' title='bbox 1936 2846 2061 2924; x_wconf 88' lang='grc' dir='ltr'>γὰρ</span> <span class='ocrx_word' id='word_1_255' title='bbox 2113 2842 2201 2909; x_wconf 84' lang='grc' dir='ltr'>εἰς</span> <span class='ocrx_word' id='word_1_256' title='bbox 2246 2846 2286 2923; x_wconf 84' lang='grc' dir='ltr'>ἦ</span> <span class='ocrx_word' id='word_1_257' title='bbox 2332 2844 2616 2922; x_wconf 83' lang='grc' dir='ltr'>λήγοντα</span> <span class='ocrx_word' id='word_1_258' title='bbox 2668 2844 2911 2921; x_wconf 89' lang='grc' dir='ltr'>θηλυκὰ</span> <span class='ocrx_word' id='word_1_259' title='bbox 2966 2843 3122 2923; x_wconf 85' lang='grc' dir='ltr'>μετὰ</span> <span class='ocrx_word' id='word_1_260' title='bbox 3157 2856 3223 2908; x_wconf 82' lang='lat'>25</span> 
     </span>
     <span class='ocr_line' id='line_1_27' title="bbox 532 2942 3120 3029; baseline -0.002 -16"><span class='ocrx_word' id='word_1_261' title='bbox 532 2948 884 3028; x_wconf 84' lang='grc' dir='ltr'>ςυμφώνου</span> <span class='ocrx_word' id='word_1_262' title='bbox 914 2946 1258 3026; x_wconf 81' lang='grc' dir='ltr'>διςύλλαβα</span> <span class='ocrx_word' id='word_1_263' title='bbox 1288 2943 1609 3028; x_wconf 84' lang='grc' dir='ltr'>ὀξύνεται,</span> <span class='ocrx_word' id='word_1_264' title='bbox 1653 2952 1745 3029; x_wconf 80' lang='grc' dir='ltr'>τῷ</span> <span class='ocrx_word' id='word_1_265' title='bbox 1790 2948 1828 3008; x_wconf 85' lang='grc' dir='ltr'>δ</span> <span class='ocrx_word' id='word_1_266' title='bbox 1874 2946 2404 3027; x_wconf 90' lang='grc' dir='ltr'>παραληγόμενα,</span> <span class='ocrx_word' id='word_1_267' title='bbox 2449 2945 2504 3010; x_wconf 85' lang='grc' dir='ltr'>εἰ</span> <span class='ocrx_word' id='word_1_268' title='bbox 2543 2946 2802 3022; x_wconf 81' lang='grc' dir='ltr'>γένοιτο</span> <span class='ocrx_word' id='word_1_269' title='bbox 2833 2942 2965 3009; x_wconf 88' lang='grc' dir='ltr'>ἀπὸ</span> <span class='ocrx_word' id='word_1_270' title='bbox 3012 2942 3120 3023; x_wconf 83' lang='grc' dir='ltr'>ῥη-</span> 
     </span>
     <span class='ocr_line' id='line_1_28' title="bbox 530 3045 3120 3133; baseline -0.003 -17"><span class='ocrx_word' id='word_1_271' title='bbox 530 3050 748 3130; x_wconf 84' lang='grc' dir='ltr'>μάτων</span> <span class='ocrx_word' id='word_1_272' title='bbox 793 3054 885 3133; x_wconf 84' lang='grc' dir='ltr'>τῷ</span> <span class='ocrx_word' id='word_1_273' title='bbox 928 3049 964 3112; x_wconf 79' lang='grc' dir='ltr'>ἒ</span> <span class='ocrx_word' id='word_1_274' title='bbox 990 3046 1543 3127; x_wconf 87' lang='grc' dir='ltr'>παραληγομένων</span> <span class='ocrx_word' id='word_1_275' title='bbox 1573 3046 1786 3131; x_wconf 85' lang='grc' dir='ltr'>μόνῳ,</span> <span class='ocrx_word' id='word_1_276' title='bbox 1831 3046 1978 3113; x_wconf 82' lang='grc' dir='ltr'>οἷον</span> <span class='ocrx_word' id='word_1_277' title='bbox 2007 3048 2224 3127; x_wconf 91' lang='grc' dir='ltr'>τρέπω</span> <span class='ocrx_word' id='word_1_278' title='bbox 2253 3047 2536 3130; x_wconf 91' lang='grc' dir='ltr'>τροπή,</span> <span class='ocrx_word' id='word_1_279' title='bbox 2580 3046 2801 3125; x_wconf 86' lang='grc' dir='ltr'>τρέφω</span> <span class='ocrx_word' id='word_1_280' title='bbox 2829 3045 3120 3128; x_wconf 91' lang='grc' dir='ltr'>τροφή,</span> 
     </span>
    </p>
   </div>
   <div class='ocr_carea' id='block_1_3' title="bbox 535 3187 920 3198">
    <p class='ocr_par' dir='ltr' id='par_1_5' title="bbox 535 3187 920 3198">
     <span class='ocr_line' id='line_1_29' title="bbox 535 3187 920 3198; baseline 0 0"><span class='ocrx_word' id='word_1_281' title='bbox 535 3187 920 3198; x_wconf 95' lang='lat' dir='ltr'> </span> 
     </span>
    </p>
   </div>
   <div class='ocr_carea' id='block_1_4' title="bbox 532 3263 3123 4754">
    <p class='ocr_par' dir='ltr' id='par_1_6' title="bbox 532 3263 3123 4754">
     <span class='ocr_line' id='line_1_30' title="bbox 534 3263 3119 3334; baseline -0.002 -14"><span class='ocrx_word' id='word_1_282' title='bbox 534 3270 614 3320; x_wconf 79' lang='lat' dir='ltr'>St.</span> <span class='ocrx_word' id='word_1_283' title='bbox 649 3270 736 3334; x_wconf 92' lang='grc' dir='ltr'>Β.,</span> <span class='ocrx_word' id='word_1_284' title='bbox 772 3269 989 3334; x_wconf 82' lang='lat' dir='ltr'><strong>reliqua</strong></span> <span class='ocrx_word' id='word_1_285' title='bbox 1024 3284 1091 3320; x_wconf 85' lang='lat' dir='ltr'>ex</span> <span class='ocrx_word' id='word_1_286' title='bbox 1127 3269 1207 3321; x_wconf 83' lang='lat' dir='ltr'><strong>St.</strong></span> <span class='ocrx_word' id='word_1_287' title='bbox 1246 3270 1308 3319; x_wconf 89' lang='lat' dir='ltr'>B.</span> <span class='ocrx_word' id='word_1_288' title='bbox 1348 3272 1718 3320; x_wconf 63' lang='lat' dir='ltr'><strong>accesserunt.</strong></span> <span class='ocrx_word' id='word_1_289' title='bbox 1789 3269 1900 3319; x_wconf 88' lang='lat' dir='ltr'><strong>Hic</strong></span> <span class='ocrx_word' id='word_1_290' title='bbox 1938 3285 2006 3320; x_wconf 86' lang='lat' dir='ltr'>ex</span> <span class='ocrx_word' id='word_1_291' title='bbox 2041 3267 2309 3320; x_wconf 82' lang='lat' dir='ltr'><strong>Meinekii</strong></span> <span class='ocrx_word' id='word_1_292' title='bbox 2345 3268 2664 3319; x_wconf 85' lang='lat' dir='ltr'><strong>coniectura</strong></span> <span class='ocrx_word' id='word_1_293' title='bbox 2700 3267 2870 3318; x_wconf 83' lang='lat' dir='ltr'><strong>etiam</strong></span> <span class='ocrx_word' id='word_1_294' title='bbox 2909 3263 3119 3331; x_wconf 87' lang='grc' dir='ltr'>Κοςςύη</span> 
     </span>
     <span class='ocr_line' id='line_1_31' title="bbox 533 3332 3121 3401; baseline -0.002 -12"><span class='ocrx_word' id='word_1_295' title='bbox 533 3337 695 3389; x_wconf 86' lang='grc' dir='ltr'>πόλις</span> <span class='ocrx_word' id='word_1_296' title='bbox 734 3334 1029 3401; x_wconf 85' lang='grc' dir='ltr'>Ὀμβρική,</span> <span class='ocrx_word' id='word_1_297' title='bbox 1079 3334 1312 3401; x_wconf 87' lang='grc' dir='ltr'>Κτηςίας</span> <span class='ocrx_word' id='word_1_298' title='bbox 1357 3334 1520 3401; x_wconf 86' lang='grc' dir='ltr'>τρίτῃ</span> <span class='ocrx_word' id='word_1_299' title='bbox 1571 3333 1958 3401; x_wconf 79' lang='grc' dir='ltr'>περιηγὴςεως</span> <span class='ocrx_word' id='word_1_300' title='bbox 2004 3336 2173 3387; x_wconf 84' lang='lat' dir='ltr'><strong>adiici</strong></span> <span class='ocrx_word' id='word_1_301' title='bbox 2217 3336 2414 3401; x_wconf 85' lang='lat' dir='ltr'><strong>potuit.</strong></span> <span class='ocrx_word' id='word_1_302' title='bbox 2619 3334 2657 3387; x_wconf 87' lang='lat' dir='ltr'>l.</span> <span class='ocrx_word' id='word_1_303' title='bbox 2693 3337 2726 3386; x_wconf 81' lang='lat'>9</span> <span class='ocrx_word' id='word_1_304' title='bbox 2769 3332 2804 3397; x_wconf 81' lang='grc' dir='ltr'>ἡ</span> <span class='ocrx_word' id='word_1_305' title='bbox 2852 3332 3019 3398; x_wconf 81' lang='grc' dir='ltr'>Ζημία</span> <span class='ocrx_word' id='word_1_306' title='bbox 3055 3361 3121 3369; x_wconf 93' lang='grc'>-</span> 
     </span>
     <span class='ocr_line' id='line_1_32' title="bbox 533 3401 3122 3471; baseline -0.001 -15"><span class='ocrx_word' id='word_1_307' title='bbox 533 3404 720 3471; x_wconf 78' lang='grc' dir='ltr'>ἀθῷος</span> <span class='ocrx_word' id='word_1_308' title='bbox 755 3420 828 3469; x_wconf 90' lang='lat' dir='ltr'>ap</span> <span class='ocrx_word' id='word_1_309' title='bbox 870 3406 992 3455; x_wconf 83' lang='lat' dir='ltr'><strong>osui</strong></span> <span class='ocrx_word' id='word_1_310' title='bbox 1029 3419 1095 3453; x_wconf 86' lang='lat' dir='ltr'>ex</span> <span class='ocrx_word' id='word_1_311' title='bbox 1133 3403 1286 3455; x_wconf 83' lang='lat' dir='ltr'><strong>Theo</strong></span> <span class='ocrx_word' id='word_1_312' title='bbox 1367 3441 1379 3454; x_wconf 92' lang='lat'>.</span> <span class='ocrx_word' id='word_1_313' title='bbox 1418 3407 1533 3466; x_wconf 90' lang='grc'>108,</span> <span class='ocrx_word' id='word_1_314' title='bbox 1573 3406 1663 3465; x_wconf 87' lang='grc'>12,</span> <span class='ocrx_word' id='word_1_315' title='bbox 1698 3402 1862 3470; x_wconf 84' lang='grc' dir='ltr'>δμῳή</span> <span class='ocrx_word' id='word_1_316' title='bbox 1901 3420 1969 3454; x_wconf 82' lang='lat' dir='ltr'>ex</span> <span class='ocrx_word' id='word_1_317' title='bbox 2007 3402 2188 3454; x_wconf 91' lang='lat' dir='ltr'><strong>Schol.</strong></span> <span class='ocrx_word' id='word_1_318' title='bbox 2227 3403 2298 3453; x_wconf 87' lang='lat' dir='ltr'>ad</span> <span class='ocrx_word' id='word_1_319' title='bbox 2334 3403 2437 3458; x_wconf 83' lang='lat' dir='ltr'>od.</span> <span class='ocrx_word' id='word_1_320' title='bbox 2476 3418 2513 3467; x_wconf 89' lang='grc' dir='ltr'>η</span> <span class='ocrx_word' id='word_1_321' title='bbox 2548 3404 2650 3454; x_wconf 77' lang='grc'>226</span> <span class='ocrx_word' id='word_1_322' title='bbox 2692 3402 2912 3465; x_wconf 60' lang='lat' dir='ltr'><strong>beffiae:</strong></span> <span class='ocrx_word' id='word_1_323' title='bbox 2951 3401 3122 3465; x_wconf 78' lang='grc' dir='ltr'>διχῶς</span> 
     </span>
     <span class='ocr_line' id='line_1_33' title="bbox 532 3468 3122 3539; baseline -0.002 -14"><span class='ocrx_word' id='word_1_324' title='bbox 532 3470 724 3539; x_wconf 83' lang='grc' dir='ltr'>δμῳάς</span> <span class='ocrx_word' id='word_1_325' title='bbox 760 3485 830 3522; x_wconf 87' lang='grc' dir='ltr'>κα</span> <span class='ocrx_word' id='word_1_326' title='bbox 886 3471 1105 3534; x_wconf 84' lang='grc' dir='ltr'>δμῶας;</span> <span class='ocrx_word' id='word_1_327' title='bbox 1145 3468 1252 3536; x_wconf 85' lang='grc' dir='ltr'>ίωὴ</span> <span class='ocrx_word' id='word_1_328' title='bbox 1364 3470 1450 3538; x_wconf 87' lang='grc' dir='ltr'>ῳή</span> <span class='ocrx_word' id='word_1_329' title='bbox 1487 3487 1555 3523; x_wconf 83' lang='lat' dir='ltr'>ex</span> <span class='ocrx_word' id='word_1_330' title='bbox 1591 3472 1867 3537; x_wconf 84' lang='lat' dir='ltr'><strong>Theogn.;</strong></span> <span class='ocrx_word' id='word_1_331' title='bbox 1905 3469 2106 3536; x_wconf 81' lang='grc' dir='ltr'>(τρώη</span> <span class='ocrx_word' id='word_1_332' title='bbox 2142 3487 2211 3523; x_wconf 85' lang='lat' dir='ltr'>ex</span> <span class='ocrx_word' id='word_1_333' title='bbox 2247 3471 2327 3525; x_wconf 84' lang='lat' dir='ltr'><strong>St.</strong></span> <span class='ocrx_word' id='word_1_334' title='bbox 2366 3472 2458 3535; x_wconf 90' lang='grc' dir='ltr'>Β.,</span> <span class='ocrx_word' id='word_1_335' title='bbox 2504 3470 2602 3521; x_wconf 86' lang='lat' dir='ltr'><strong>ubi</strong></span> <span class='ocrx_word' id='word_1_336' title='bbox 2645 3471 2944 3534; x_wconf 73' lang='lat' dir='ltr'><strong>berytonoe</strong></span> <span class='ocrx_word' id='word_1_337' title='bbox 2990 3470 3122 3520; x_wconf 81' lang='lat' dir='ltr'><strong>ecri-</strong></span> 
     </span>
     <span class='ocr_line' id='line_1_34' title="bbox 532 3536 3119 3606; baseline -0.001 -15"><span class='ocrx_word' id='word_1_338' title='bbox 532 3546 685 3606; x_wconf 83' lang='lat' dir='ltr'><strong>ptum</strong></span> <span class='ocrx_word' id='word_1_339' title='bbox 711 3544 826 3602; x_wconf 81' lang='lat' dir='ltr'><strong>eet‚</strong></span> <span class='ocrx_word' id='word_1_340' title='bbox 864 3536 1056 3603; x_wconf 77' lang='grc' dir='ltr'>Οἰνώη</span> <span class='ocrx_word' id='word_1_341' title='bbox 1094 3555 1161 3589; x_wconf 85' lang='lat' dir='ltr'>ex</span> <span class='ocrx_word' id='word_1_342' title='bbox 1196 3540 1274 3590; x_wconf 86' lang='lat' dir='ltr'><strong>St.</strong></span> <span class='ocrx_word' id='word_1_343' title='bbox 1303 3541 1368 3590; x_wconf 90' lang='lat' dir='ltr'>B.</span> <span class='ocrx_word' id='word_1_344' title='bbox 1405 3541 1525 3601; x_wconf 84' lang='lat'>486,</span> <span class='ocrx_word' id='word_1_345' title='bbox 1562 3542 1596 3590; x_wconf 83' lang='lat'><strong>3</strong></span> <span class='ocrx_word' id='word_1_346' title='bbox 1632 3538 1756 3589; x_wconf 88' lang='lat' dir='ltr'><strong>coll.</strong></span> <span class='ocrx_word' id='word_1_347' title='bbox 1782 3541 1903 3603; x_wconf 82' lang='grc'>291,</span> <span class='ocrx_word' id='word_1_348' title='bbox 1946 3541 1971 3588; x_wconf 89' lang='lat'><strong>1</strong></span> <span class='ocrx_word' id='word_1_349' title='bbox 2011 3540 2219 3604; x_wconf 80' lang='lat' dir='ltr'>recepi,</span> <span class='ocrx_word' id='word_1_350' title='bbox 2256 3543 2545 3603; x_wconf 85' lang='lat' dir='ltr'><strong>utrumque</strong></span> <span class='ocrx_word' id='word_1_351' title='bbox 2583 3540 2771 3588; x_wconf 85' lang='lat' dir='ltr'><strong>a‘utem</strong></span> <span class='ocrx_word' id='word_1_352' title='bbox 2807 3542 3119 3603; x_wconf 85' lang='lat' dir='ltr'><strong>propterea,</strong></span> 
     </span>
     <span class='ocr_line' id='line_1_35' title="bbox 533 3602 3120 3677; baseline -0.002 -18"><span class='ocrx_word' id='word_1_353' title='bbox 533 3608 680 3677; x_wconf 85' lang='lat' dir='ltr'><strong>quod</strong></span> <span class='ocrx_word' id='word_1_354' title='bbox 715 3610 939 3674; x_wconf 83' lang='lat' dir='ltr'><strong>propria</strong></span> <span class='ocrx_word' id='word_1_355' title='bbox 976 3614 1189 3671; x_wconf 76' lang='lat' dir='ltr'><strong>essent,</strong></span> <span class='ocrx_word' id='word_1_356' title='bbox 1228 3622 1362 3658; x_wconf 82' lang='lat' dir='ltr'><strong>exce</strong></span> <span class='ocrx_word' id='word_1_357' title='bbox 1403 3611 1465 3657; x_wconf 84' lang='lat' dir='ltr'><strong>ta</strong></span> <span class='ocrx_word' id='word_1_358' title='bbox 1500 3607 1675 3657; x_wconf 77' lang='lat' dir='ltr'><strong>fuisse</strong></span> <span class='ocrx_word' id='word_1_359' title='bbox 1712 3608 2025 3672; x_wconf 78' lang='lat' dir='ltr'><strong>suspicatus</strong></span> <span class='ocrx_word' id='word_1_360' title='bbox 2069 3606 2128 3656; x_wconf 84' lang='lat' dir='ltr'><strong>id</strong></span> <span class='ocrx_word' id='word_1_361' title='bbox 2173 3608 2230 3656; x_wconf 90' lang='lat' dir='ltr'><strong>in</strong></span> <span class='ocrx_word' id='word_1_362' title='bbox 2276 3622 2484 3657; x_wconf 87' lang='lat' dir='ltr'><strong>canone</strong></span> <span class='ocrx_word' id='word_1_363' title='bbox 2531 3604 2856 3671; x_wconf 78' lang='lat' dir='ltr'><strong>significavi.</strong></span> <span class='ocrx_word' id='word_1_364' title='bbox 2928 3602 3120 3669; x_wconf 86' lang='grc' dir='ltr'>Οίνώη</span> 
     </span>
     <span class='ocr_line' id='line_1_36' title="bbox 532 3623 3122 3749; baseline -0.001 -23"><span class='ocrx_word' id='word_1_365' title='bbox 532 3692 664 3727; x_wconf 85' lang='lat' dir='ltr'><strong>vero</strong></span> <span class='ocrx_word' id='word_1_366' title='bbox 699 3675 1049 3726; x_wconf 83' lang='lat' dir='ltr'><strong>Herodianus</strong></span> <span class='ocrx_word' id='word_1_367' title='bbox 1084 3678 1181 3724; x_wconf 88' lang='lat' dir='ltr'><strong>aut</strong></span> <span class='ocrx_word' id='word_1_368' title='bbox 1215 3691 1284 3726; x_wconf 80' lang='lat' dir='ltr'>ex</span> <span class='ocrx_word' id='word_1_369' title='bbox 1322 3623 1497 3739; x_wconf 52' lang='grc' dir='ltr'>Οΐνόη</span> <span class='ocrx_word' id='word_1_370' title='bbox 1547 3673 1649 3739; x_wconf 87' lang='lat' dir='ltr'><strong>(sic</strong></span> <span class='ocrx_word' id='word_1_371' title='bbox 1665 3690 1771 3749; x_wconf 60' lang='lat' dir='ltr'>pp.</span> <span class='ocrx_word' id='word_1_372' title='bbox 1812 3676 1895 3726; x_wconf 79' lang='lat' dir='ltr'>St.</span> <span class='ocrx_word' id='word_1_373' title='bbox 1929 3675 1991 3726; x_wconf 91' lang='grc' dir='ltr'>Β.</span> <span class='ocrx_word' id='word_1_374' title='bbox 2030 3676 2158 3738; x_wconf 81' lang='grc'>291,</span> <span class='ocrx_word' id='word_1_375' title='bbox 2199 3678 2222 3723; x_wconf 89' lang='lat'>1</span> <span class='ocrx_word' id='word_1_376' title='bbox 2262 3673 2513 3738; x_wconf 77' lang='lat' dir='ltr'><strong>vocatur)</strong></span> <span class='ocrx_word' id='word_1_377' title='bbox 2552 3689 2650 3740; x_wconf 87' lang='lat' dir='ltr'>per</span> <span class='ocrx_word' id='word_1_378' title='bbox 2686 3674 2898 3725; x_wconf 79' lang='lat' dir='ltr'><strong>ectasin</strong></span> <span class='ocrx_word' id='word_1_379' title='bbox 2943 3678 3122 3724; x_wconf 85' lang='lat' dir='ltr'><strong>ortum</strong></span> 
     </span>
     <span class='ocr_line' id='line_1_37' title="bbox 534 3740 3121 3824; baseline -0.002 -30"><span class='ocrx_word' id='word_1_380' title='bbox 534 3750 630 3794; x_wconf 88' lang='lat' dir='ltr'><strong>aut</strong></span> <span class='ocrx_word' id='word_1_381' title='bbox 667 3759 734 3793; x_wconf 81' lang='lat' dir='ltr'>ex</span> <span class='ocrx_word' id='word_1_382' title='bbox 772 3740 946 3824; x_wconf 54' lang='grc' dir='ltr'>Οίνη,</span> <span class='ocrx_word' id='word_1_383' title='bbox 980 3747 1041 3793; x_wconf 84' lang='lat' dir='ltr'><strong>ut</strong></span> <span class='ocrx_word' id='word_1_384' title='bbox 1075 3743 1192 3821; x_wconf 74' lang='grc'>486,</span> <span class='ocrx_word' id='word_1_385' title='bbox 1230 3746 1263 3794; x_wconf 82' lang='grc'><strong>3</strong></span> <span class='ocrx_word' id='word_1_386' title='bbox 1298 3743 1368 3793; x_wconf 85' lang='lat' dir='ltr'>ab</span> <span class='ocrx_word' id='word_1_387' title='bbox 1406 3742 1693 3792; x_wconf 79' lang='lat' dir='ltr'><strong>Hecataeo</strong></span> <span class='ocrx_word' id='word_1_388' title='bbox 1737 3740 2079 3808; x_wconf 85' lang='lat' dir='ltr'><strong>appellatur,</strong></span> <span class='ocrx_word' id='word_1_389' title='bbox 2126 3758 2225 3807; x_wconf 88' lang='lat' dir='ltr'>per</span> <span class='ocrx_word' id='word_1_390' title='bbox 2271 3742 2628 3807; x_wconf 76' lang='lat' dir='ltr'><strong>parenthesin</strong></span> <span class='ocrx_word' id='word_1_391' title='bbox 2663 3741 2877 3791; x_wconf 76' lang='lat' dir='ltr'><strong>vocalis</strong></span> <span class='ocrx_word' id='word_1_392' title='bbox 2910 3742 2962 3790; x_wconf 69' lang='lat' dir='ltr'>ffi</span> <span class='ocrx_word' id='word_1_393' title='bbox 3001 3756 3121 3821; x_wconf 81' lang='lat' dir='ltr'><strong>pro·</strong></span> 
     </span>
     <span class='ocr_line' id='line_1_38' title="bbox 534 3806 3123 3953; baseline -0.003 -21"><span class='ocrx_word' id='word_1_394' title='bbox 534 3810 1188 3953; x_wconf 50' lang='grc' dir='ltr'>Ῑόἳὲιῗιξῖιῗιῃόἳιὼέἔέἰῗιὲὶιέ</span> <span class='ocrx_word' id='word_1_395' title='bbox 1224 3810 1417 3929; x_wconf 56' lang='grc' dir='ltr'>οὲἓτῖιᾱ</span> <span class='ocrx_word' id='word_1_396' title='bbox 1428 3813 1828 3929; x_wconf 50' lang='grc' dir='ltr'>ἐὲἷὲςῗίεξυιξιθ</span> <span class='ocrx_word' id='word_1_397' title='bbox 1836 3809 2678 3929; x_wconf 48' lang='grc' dir='ltr'>ίιῖιῖυειῖἒτιιίζίεοὲεῗῐίιόὶξῗῃω</span> <span class='ocrx_word' id='word_1_398' title='bbox 2686 3806 3123 3935; x_wconf 45' lang='grc' dir='ltr'>ἰτὲξζῃεεὲῗῗιξὲ</span> 
     </span>
     <span class='ocr_line' id='line_1_39' title="bbox 535 3943 3123 4012; baseline -0.003 -13"><span class='ocrx_word' id='word_1_399' title='bbox 535 3964 603 3999; x_wconf 82' lang='lat' dir='ltr'>ex</span> <span class='ocrx_word' id='word_1_400' title='bbox 636 3946 876 4011; x_wconf 78' lang='lat' dir='ltr'><strong>Hesych.</strong></span> <span class='ocrx_word' id='word_1_401' title='bbox 914 3943 1191 3996; x_wconf 80' lang='grc' dir='ltr'>Οἰνωᾶτις</span> <span class='ocrx_word' id='word_1_402' title='bbox 1226 3944 1487 4010; x_wconf 84' lang='grc' dir='ltr'>Ἄρτεμις</span> <span class='ocrx_word' id='word_1_403' title='bbox 1523 3946 1823 3997; x_wconf 81' lang='lat' dir='ltr'><strong>coniectari</strong></span> <span class='ocrx_word' id='word_1_404' title='bbox 1860 3949 2047 4012; x_wconf 81' lang='lat' dir='ltr'><strong>potest</strong></span> <span class='ocrx_word' id='word_1_405' title='bbox 2078 3946 2455 3996; x_wconf 87' lang='lat' dir='ltr'><strong>Herodianum</strong></span> <span class='ocrx_word' id='word_1_406' title='bbox 2492 3944 2633 3995; x_wconf 86' lang='lat' dir='ltr'><strong>hanc</strong></span> <span class='ocrx_word' id='word_1_407' title='bbox 2667 3959 2768 4009; x_wconf 88' lang='lat' dir='ltr'>per</span> <span class='ocrx_word' id='word_1_408' title='bbox 2801 3946 2853 3993; x_wconf 83' lang='grc' dir='ltr'>ῖῡ</span> <span class='ocrx_word' id='word_1_409' title='bbox 2889 3943 3123 4007; x_wconf 84' lang='lat' dir='ltr'><strong>scriptu·</strong></span> 
     </span>
     <span class='ocr_line' id='line_1_40' title="bbox 535 4011 3122 4078; baseline -0.002 -13"><span class='ocrx_word' id='word_1_410' title='bbox 535 4032 648 4065; x_wconf 86' lang='lat' dir='ltr'><strong>ram</strong></span> <span class='ocrx_word' id='word_1_411' title='bbox 686 4015 894 4064; x_wconf 83' lang='lat' dir='ltr'><strong>diserte</strong></span> <span class='ocrx_word' id='word_1_412' title='bbox 932 4028 1392 4064; x_wconf 74' lang='lat' dir='ltr'><strong>commemorasse.</strong></span> <span class='ocrx_word' id='word_1_413' title='bbox 1463 4013 1655 4064; x_wconf 87' lang='lat' dir='ltr'><strong>Canon</strong></span> <span class='ocrx_word' id='word_1_414' title='bbox 1692 4014 1917 4064; x_wconf 80' lang='lat' dir='ltr'><strong>transiit</strong></span> <span class='ocrx_word' id='word_1_415' title='bbox 1951 4014 2008 4063; x_wconf 90' lang='lat' dir='ltr'><strong>in</strong></span> <span class='ocrx_word' id='word_1_416' title='bbox 2043 4015 2144 4078; x_wconf 84' lang='lat' dir='ltr'>Ep.</span> <span class='ocrx_word' id='word_1_417' title='bbox 2169 4014 2256 4064; x_wconf 85' lang='lat' dir='ltr'><strong>Cr.</strong></span> <span class='ocrx_word' id='word_1_418' title='bbox 2281 4016 2309 4065; x_wconf 95' lang='lat'>1</span> <span class='ocrx_word' id='word_1_419' title='bbox 2345 4014 2464 4075; x_wconf 91' lang='grc'>208,</span> <span class='ocrx_word' id='word_1_420' title='bbox 2501 4014 2591 4062; x_wconf 78' lang='lat'>27:</span> <span class='ocrx_word' id='word_1_421' title='bbox 2631 4011 2703 4062; x_wconf 86' lang='grc' dir='ltr'>τὰ</span> <span class='ocrx_word' id='word_1_422' title='bbox 2737 4013 2823 4075; x_wconf 79' lang='grc' dir='ltr'>τῷ</span> <span class='ocrx_word' id='word_1_423' title='bbox 2861 4011 2911 4060; x_wconf 73' lang='grc' dir='ltr'>ῶ·</span> <span class='ocrx_word' id='word_1_424' title='bbox 2945 4022 3122 4073; x_wconf 85' lang='grc' dir='ltr'>παρα-</span> 
     </span>
     <span class='ocr_line' id='line_1_41' title="bbox 535 4077 3122 4148; baseline -0.004 -13"><span class='ocrx_word' id='word_1_425' title='bbox 535 4082 822 4148; x_wconf 86' lang='grc' dir='ltr'>ληγόμενα</span> <span class='ocrx_word' id='word_1_426' title='bbox 858 4079 1143 4145; x_wconf 83' lang='grc' dir='ltr'>ὀξύνεται,</span> <span class='ocrx_word' id='word_1_427' title='bbox 1181 4078 1363 4145; x_wconf 80' lang='grc' dir='ltr'>ἐρωή,</span> <span class='ocrx_word' id='word_1_428' title='bbox 1402 4077 1526 4144; x_wconf 78' lang='grc' dir='ltr'>ἰωή.</span> <span class='ocrx_word' id='word_1_429' title='bbox 1633 4080 1668 4129; x_wconf 91' lang='grc'>1.</span> <span class='ocrx_word' id='word_1_430' title='bbox 1709 4083 1771 4131; x_wconf 83' lang='lat'>16</span> <span class='ocrx_word' id='word_1_431' title='bbox 1806 4097 1904 4147; x_wconf 90' lang='lat' dir='ltr'><strong>pro</strong></span> <span class='ocrx_word' id='word_1_432' title='bbox 1944 4079 2131 4144; x_wconf 87' lang='grc' dir='ltr'>Κόμβη</span> <span class='ocrx_word' id='word_1_433' title='bbox 2168 4080 2362 4144; x_wconf 85' lang='grc' dir='ltr'>κύριον</span> <span class='ocrx_word' id='word_1_434' title='bbox 2397 4078 2648 4137; x_wconf 82' lang='lat' dir='ltr'><strong>Arcadii,</strong></span> <span class='ocrx_word' id='word_1_435' title='bbox 2686 4079 2781 4144; x_wconf 84' lang='lat' dir='ltr'><strong>qui</strong></span> <span class='ocrx_word' id='word_1_436' title='bbox 2813 4077 3122 4127; x_wconf 87' lang='lat' dir='ltr'><strong>Herodiani</strong></span> 
     </span>
     <span class='ocr_line' id='line_1_42' title="bbox 536 4141 3122 4217; baseline -0.003 -15"><span class='ocrx_word' id='word_1_437' title='bbox 536 4151 958 4217; x_wconf 80' lang='lat' dir='ltr'><strong>explicationem</strong></span> <span class='ocrx_word' id='word_1_438' title='bbox 996 4151 1054 4198; x_wconf 89' lang='lat' dir='ltr'><strong>in</strong></span> <span class='ocrx_word' id='word_1_439' title='bbox 1092 4149 1314 4200; x_wconf 79' lang='lat' dir='ltr'><strong>brevius</strong></span> <span class='ocrx_word' id='word_1_440' title='bbox 1350 4149 1672 4200; x_wconf 82' lang='lat' dir='ltr'><strong>contrahere</strong></span> <span class='ocrx_word' id='word_1_441' title='bbox 1711 4148 1876 4206; x_wconf 80' lang='lat' dir='ltr'><strong>solet,</strong></span> <span class='ocrx_word' id='word_1_442' title='bbox 1922 4149 2082 4213; x_wconf 84' lang='lat' dir='ltr'><strong>posui</strong></span> <span class='ocrx_word' id='word_1_443' title='bbox 2126 4162 2266 4212; x_wconf 86' lang='lat' dir='ltr'><strong>quae</strong></span> <span class='ocrx_word' id='word_1_444' title='bbox 2315 4152 2444 4198; x_wconf 78' lang='lat' dir='ltr'><strong>eunt</strong></span> <span class='ocrx_word' id='word_1_445' title='bbox 2481 4148 2570 4211; x_wconf 67' lang='lat' dir='ltr'>apl</span> <span class='ocrx_word' id='word_1_446' title='bbox 2604 4147 2684 4197; x_wconf 80' lang='lat' dir='ltr'><strong>St.</strong></span> <span class='ocrx_word' id='word_1_447' title='bbox 2723 4147 2785 4195; x_wconf 93' lang='lat' dir='ltr'>B.</span> <span class='ocrx_word' id='word_1_448' title='bbox 2824 4163 2866 4197; x_wconf 80' lang='lat' dir='ltr'><strong>e.</strong></span> <span class='ocrx_word' id='word_1_449' title='bbox 2903 4141 3122 4195; x_wconf 86' lang='grc' dir='ltr'>Χαλκίς.</span> 
     </span>
     <span class='ocr_line' id='line_1_43' title="bbox 534 4212 3119 4282; baseline -0.003 -11"><span class='ocrx_word' id='word_1_450' title='bbox 534 4247 600 4255; x_wconf 89' lang='grc'>-</span> <span class='ocrx_word' id='word_1_451' title='bbox 648 4215 847 4282; x_wconf 85' lang='grc' dir='ltr'>Θίςβη,</span> <span class='ocrx_word' id='word_1_452' title='bbox 896 4215 1039 4282; x_wconf 79' lang='lat' dir='ltr'><strong>quod</strong></span> <span class='ocrx_word' id='word_1_453' title='bbox 1082 4232 1180 4281; x_wconf 88' lang='lat' dir='ltr'><strong>pro</strong></span> <span class='ocrx_word' id='word_1_454' title='bbox 1224 4214 1412 4281; x_wconf 85' lang='grc' dir='ltr'>Θήςβη</span> <span class='ocrx_word' id='word_1_455' title='bbox 1458 4216 1717 4268; x_wconf 79' lang='lat' dir='ltr'><strong>librorum</strong></span> <span class='ocrx_word' id='word_1_456' title='bbox 1773 4216 1883 4266; x_wconf 83' lang='lat' dir='ltr'><strong>scri</strong></span> <span class='ocrx_word' id='word_1_457' title='bbox 1925 4218 2049 4264; x_wconf 87' lang='lat' dir='ltr'><strong>tura</strong></span> <span class='ocrx_word' id='word_1_458' title='bbox 2104 4214 2418 4265; x_wconf 82' lang='lat' dir='ltr'><strong>emendavit</strong></span> <span class='ocrx_word' id='word_1_459' title='bbox 2469 4215 2662 4278; x_wconf 85' lang='lat' dir='ltr'><strong>Unger</strong></span> <span class='ocrx_word' id='word_1_460' title='bbox 2702 4212 2899 4265; x_wconf 85' lang='lat' dir='ltr'><strong>Parad.</strong></span> <span class='ocrx_word' id='word_1_461' title='bbox 2945 4212 3119 4264; x_wconf 86' lang='lat' dir='ltr'><strong>Theb.</strong></span> 
     </span>
     <span class='ocr_line' id='line_1_44' title="bbox 533 4278 3123 4371; baseline -0.003 -33"><span class='ocrx_word' id='word_1_462' title='bbox 533 4303 588 4371; x_wconf 77' lang='lat' dir='ltr'>p.</span> <span class='ocrx_word' id='word_1_463' title='bbox 626 4289 693 4339; x_wconf 89' lang='grc'>60</span> <span class='ocrx_word' id='word_1_464' title='bbox 739 4290 796 4336; x_wconf 89' lang='lat' dir='ltr'>et</span> <span class='ocrx_word' id='word_1_465' title='bbox 838 4283 1174 4335; x_wconf 81' lang='lat' dir='ltr'><strong>Schmidtiua</strong></span> <span class='ocrx_word' id='word_1_466' title='bbox 1213 4285 1446 4350; x_wconf 84' lang='lat' dir='ltr'><strong>recepit,</strong></span> <span class='ocrx_word' id='word_1_467' title='bbox 1504 4284 1726 4349; x_wconf 83' lang='lat' dir='ltr'><strong>explevi</strong></span> <span class='ocrx_word' id='word_1_468' title='bbox 1771 4298 1838 4332; x_wconf 87' lang='lat' dir='ltr'>ex</span> <span class='ocrx_word' id='word_1_469' title='bbox 1927 4285 1965 4331; x_wconf 85' lang='lat' dir='ltr'><strong>t.</strong></span> <span class='ocrx_word' id='word_1_470' title='bbox 2010 4284 2104 4343; x_wconf 87' lang='grc' dir='ltr'>Β.,</span> <span class='ocrx_word' id='word_1_471' title='bbox 2157 4280 2362 4346; x_wconf 81' lang='grc' dir='ltr'>Ἂλβη,</span> <span class='ocrx_word' id='word_1_472' title='bbox 2408 4286 2473 4330; x_wconf 86' lang='lat' dir='ltr'><strong>ut</strong></span> <span class='ocrx_word' id='word_1_473' title='bbox 2516 4287 2670 4331; x_wconf 88' lang='lat' dir='ltr'><strong>recte</strong></span> <span class='ocrx_word' id='word_1_474' title='bbox 2717 4278 2981 4331; x_wconf 83' lang='lat' dir='ltr'><strong>Schmidt.</strong></span> <span class='ocrx_word' id='word_1_475' title='bbox 3024 4295 3123 4344; x_wconf 84' lang='lat' dir='ltr'><strong>pro</strong></span> 
     </span>
     <span class='ocr_line' id='line_1_45' title="bbox 559 4344 3122 4419; baseline -0.004 -13"><span class='ocrx_word' id='word_1_476' title='bbox 559 4353 717 4419; x_wconf 89' lang='grc' dir='ltr'>Αλμη</span> <span class='ocrx_word' id='word_1_477' title='bbox 768 4353 1012 4418; x_wconf 80' lang='lat' dir='ltr'><strong>scripsit,</strong></span> <span class='ocrx_word' id='word_1_478' title='bbox 1060 4366 1129 4402; x_wconf 81' lang='lat' dir='ltr'>ex</span> <span class='ocrx_word' id='word_1_479' title='bbox 1175 4350 1381 4403; x_wconf 84' lang='lat' dir='ltr'><strong>eodem.</strong></span> <span class='ocrx_word' id='word_1_480' title='bbox 1455 4350 1640 4415; x_wconf 89' lang='grc' dir='ltr'>Βόλβη</span> <span class='ocrx_word' id='word_1_481' title='bbox 1674 4377 1742 4386; x_wconf 93' lang='grc'>-</span> <span class='ocrx_word' id='word_1_482' title='bbox 1776 4348 1953 4411; x_wconf 85' lang='grc' dir='ltr'>Ὗςβη</span> <span class='ocrx_word' id='word_1_483' title='bbox 2000 4355 2352 4399; x_wconf 80' lang='lat' dir='ltr'><strong>accesserunt</strong></span> <span class='ocrx_word' id='word_1_484' title='bbox 2398 4364 2468 4397; x_wconf 82' lang='lat' dir='ltr'>ex</span> <span class='ocrx_word' id='word_1_485' title='bbox 2503 4349 2585 4400; x_wconf 87' lang='lat' dir='ltr'><strong>St.</strong></span> <span class='ocrx_word' id='word_1_486' title='bbox 2621 4346 2686 4399; x_wconf 88' lang='lat' dir='ltr'>B.</span> <span class='ocrx_word' id='word_1_487' title='bbox 2754 4349 2895 4399; x_wconf 82' lang='lat' dir='ltr'><strong>Post</strong></span> <span class='ocrx_word' id='word_1_488' title='bbox 2983 4344 3122 4411; x_wconf 89' lang='grc' dir='ltr'>ορβή</span> 
     </span>
     <span class='ocr_line' id='line_1_46' title="bbox 534 4412 3121 4487; baseline -0.003 -16"><span class='ocrx_word' id='word_1_489' title='bbox 534 4421 841 4487; x_wconf 80' lang='lat' dir='ltr'><strong>interposui</strong></span> <span class='ocrx_word' id='word_1_490' title='bbox 875 4420 1047 4471; x_wconf 83' lang='lat' dir='ltr'><strong>verba</strong></span> <span class='ocrx_word' id='word_1_491' title='bbox 1082 4417 1195 4471; x_wconf 79' lang='grc' dir='ltr'>ἐςτι</span> <span class='ocrx_word' id='word_1_492' title='bbox 1242 4418 1552 4483; x_wconf 86' lang='grc' dir='ltr'>ῥηματικὸν</span> <span class='ocrx_word' id='word_1_493' title='bbox 1597 4415 2010 4481; x_wconf 86' lang='grc' dir='ltr'>προςηγορικὸν</span> <span class='ocrx_word' id='word_1_494' title='bbox 2045 4412 2161 4479; x_wconf 87' lang='grc' dir='ltr'>καί,</span> <span class='ocrx_word' id='word_1_495' title='bbox 2208 4417 2338 4480; x_wconf 75' lang='lat' dir='ltr'><strong>qula</strong></span> <span class='ocrx_word' id='word_1_496' title='bbox 2371 4415 2725 4465; x_wconf 80' lang='lat' dir='ltr'><strong>Herodianus</strong></span> <span class='ocrx_word' id='word_1_497' title='bbox 2762 4431 2809 4465; x_wconf 85' lang='lat' dir='ltr'>e.</span> <span class='ocrx_word' id='word_1_498' title='bbox 2846 4430 2899 4480; x_wconf 85' lang='lat' dir='ltr'>g.</span> <span class='ocrx_word' id='word_1_499' title='bbox 2982 4412 3121 4478; x_wconf 92' lang='grc' dir='ltr'>όλβη</span> 
     </span>
     <span class='ocr_line' id='line_1_47' title="bbox 537 4480 3120 4555; baseline -0.002 -16"><span class='ocrx_word' id='word_1_500' title='bbox 537 4486 1143 4555; x_wconf 84' lang='lat' dir='ltr'><strong>proprium-attulerat.</strong></span> <span class='ocrx_word' id='word_1_501' title='bbox 1190 4514 1255 4523; x_wconf 89' lang='lat'><strong>—</strong></span> <span class='ocrx_word' id='word_1_502' title='bbox 1307 4489 1416 4538; x_wconf 90' lang='lat' dir='ltr'><strong>Pro</strong></span> <span class='ocrx_word' id='word_1_503' title='bbox 1460 4486 1687 4537; x_wconf 81' lang='lat' dir='ltr'><strong>Arcadii</strong></span> <span class='ocrx_word' id='word_1_504' title='bbox 1739 4484 1926 4534; x_wconf 78' lang='lat' dir='ltr'><strong>verbis</strong></span> <span class='ocrx_word' id='word_1_505' title='bbox 1978 4482 2050 4534; x_wconf 87' lang='grc' dir='ltr'>τὰ</span> <span class='ocrx_word' id='word_1_506' title='bbox 2102 4481 2210 4546; x_wconf 85' lang='grc' dir='ltr'>γὰρ</span> <span class='ocrx_word' id='word_1_507' title='bbox 2262 4481 2540 4548; x_wconf 85' lang='grc' dir='ltr'>ῥηματικὰ</span> <span class='ocrx_word' id='word_1_508' title='bbox 2593 4481 2879 4547; x_wconf 82' lang='grc' dir='ltr'>ὀξύνεται,</span> <span class='ocrx_word' id='word_1_509' title='bbox 2925 4480 3120 4547; x_wconf 90' lang='grc' dir='ltr'>τρέπω</span> 
     </span>
     <span class='ocr_line' id='line_1_48' title="bbox 536 4548 3123 4622; baseline -0.003 -16"><span class='ocrx_word' id='word_1_510' title='bbox 536 4556 748 4622; x_wconf 84' lang='grc' dir='ltr'>τροπή,</span> <span class='ocrx_word' id='word_1_511' title='bbox 785 4553 983 4621; x_wconf 86' lang='grc' dir='ltr'>τρέφω</span> <span class='ocrx_word' id='word_1_512' title='bbox 1019 4553 1234 4619; x_wconf 88' lang='grc' dir='ltr'>τροφή,</span> <span class='ocrx_word' id='word_1_513' title='bbox 1271 4552 1426 4618; x_wconf 86' lang='grc' dir='ltr'>νέμω</span> <span class='ocrx_word' id='word_1_514' title='bbox 1463 4551 1608 4616; x_wconf 90' lang='grc' dir='ltr'>νομή</span> <span class='ocrx_word' id='word_1_515' title='bbox 1646 4551 1806 4616; x_wconf 81' lang='lat' dir='ltr'><strong>posui</strong></span> <span class='ocrx_word' id='word_1_516' title='bbox 1842 4551 2156 4600; x_wconf 79' lang='lat' dir='ltr'><strong>accuratius</strong></span> <span class='ocrx_word' id='word_1_517' title='bbox 2192 4550 2641 4602; x_wconf 83' lang='lat' dir='ltr'><strong>adnotamentum</strong></span> <span class='ocrx_word' id='word_1_518' title='bbox 2663 4551 2721 4600; x_wconf 89' lang='lat' dir='ltr'><strong>in</strong></span> <span class='ocrx_word' id='word_1_519' title='bbox 2756 4550 2820 4601; x_wconf 89' lang='grc' dir='ltr'>ΙΙ.</span> <span class='ocrx_word' id='word_1_520' title='bbox 2848 4552 2936 4601; x_wconf 88' lang='lat' dir='ltr'><strong>Pr.</strong></span> <span class='ocrx_word' id='word_1_521' title='bbox 2962 4548 2999 4602; x_wconf 87' lang='grc' dir='ltr'>Ε</span> <span class='ocrx_word' id='word_1_522' title='bbox 3023 4552 3123 4600; x_wconf 82' lang='grc'>202</span> 
     </span>
     <span class='ocr_line' id='line_1_49' title="bbox 537 4618 3121 4690; baseline -0.002 -15"><span class='ocrx_word' id='word_1_523' title='bbox 537 4625 605 4675; x_wconf 88' lang='lat' dir='ltr'>ob</span> <span class='ocrx_word' id='word_1_524' title='bbox 642 4627 820 4690; x_wconf 80' lang='lat' dir='ltr'><strong>ipsine</strong></span> <span class='ocrx_word' id='word_1_525' title='bbox 861 4621 1048 4687; x_wconf 87' lang='grc' dir='ltr'>φορβή</span> <span class='ocrx_word' id='word_1_526' title='bbox 1092 4629 1384 4674; x_wconf 85' lang='lat' dir='ltr'><strong>accentum</strong></span> <span class='ocrx_word' id='word_1_527' title='bbox 1430 4621 1702 4686; x_wconf 81' lang='lat' dir='ltr'><strong>prolatum</strong></span> <span class='ocrx_word' id='word_1_528' title='bbox 1746 4619 1986 4683; x_wconf 77' lang='lat' dir='ltr'><strong>receptis</strong></span> <span class='ocrx_word' id='word_1_529' title='bbox 2031 4618 2327 4684; x_wconf 78' lang='lat' dir='ltr'><strong>exemplis,</strong></span> <span class='ocrx_word' id='word_1_530' title='bbox 2375 4634 2518 4684; x_wconf 84' lang='lat' dir='ltr'><strong>quae</strong></span> <span class='ocrx_word' id='word_1_531' title='bbox 2555 4618 2820 4669; x_wconf 82' lang='lat' dir='ltr'><strong>Arcadius</strong></span> <span class='ocrx_word' id='word_1_532' title='bbox 2865 4618 3121 4684; x_wconf 88' lang='lat' dir='ltr'><strong>praebet;</strong></span> 
     </span>
     <span class='ocr_line' id='line_1_50' title="bbox 539 4688 1482 4754; baseline 0.002 -13"><span class='ocrx_word' id='word_1_533' title='bbox 539 4708 604 4741; x_wconf 84' lang='lat' dir='ltr'>ex</span> <span class='ocrx_word' id='word_1_534' title='bbox 638 4693 725 4743; x_wconf 80' lang='lat' dir='ltr'><strong>hia</strong></span> <span class='ocrx_word' id='word_1_535' title='bbox 760 4694 818 4742; x_wconf 90' lang='lat' dir='ltr'><strong>in</strong></span> <span class='ocrx_word' id='word_1_536' title='bbox 852 4690 916 4741; x_wconf 94' lang='lat' dir='ltr'>Il.</span> <span class='ocrx_word' id='word_1_537' title='bbox 954 4692 1041 4740; x_wconf 89' lang='lat' dir='ltr'>Pr.</span> <span class='ocrx_word' id='word_1_538' title='bbox 1077 4688 1266 4754; x_wconf 89' lang='grc' dir='ltr'>τροφή</span> <span class='ocrx_word' id='word_1_539' title='bbox 1305 4690 1482 4743; x_wconf 83' lang='lat' dir='ltr'><strong>abest.</strong></span> 
     </span>
    </p>
   </div>
  </div>
 </body>
</html>
