3664 5546
607 343 736 407 204
1538 336 1621 392 ΕΚ
1658 335 1798 391 ΤΩΝ
1841 334 2249 391 ΗΡΩΔΙΑΝΟΥ

607 514 883 593 Τευκρός
926 513 1257 593 διήλλαξεν
1291 511 1382 577 ὡς
1423 509 1704 589 τριγενὲς
1748 506 2165 588 ὀξυνόμενον.
2238 505 2316 572 τὸ
2371 505 2445 572 δὲ
2488 503 2725 586 ἄκρος
2776 501 2880 570 καὶ
2920 500 3196 583 ἴγκρος

610 617 961 697 βαρύνεται.
1377 651 1385 658 -

775 718 869 784 Τὰ
923 717 1012 782 εἰς
1054 722 1173 796 W
1215 716 1450 796 ἔχοντα
1490 719 1540 781 π
1593 714 1722 792 πρὸ
1765 717 1885 778 τοῦ
1927 717 1966 792 ’ρ’
2013 715 2332 791 μονογενῆ
2379 711 2494 791 μὲν
2549 708 3007 792 παροξύνεται,
3061 709 3193 774 κό-

607 840 831 902 προς,
888 819 1215 902 κάπρος,
1279 818 1583 896 Κύπρος
1638 819 1828 894 νῆςος
1885 814 2015 881 ἀπὸ
2077 815 2334 894 Κύπρου
2389 817 2501 892 τῆς
2554 812 2869 891 θυγατρὸς
2918 811 3191 891 Κινύρου

545 934 577 984 5
608 923 647 1001 ἢ
690 925 801 999 τῆς
847 922 1098 986 Βύλλου
1143 923 1245 985 καὶ
1289 918 1700 1001 Ἀφροδίτης,
1747 919 1838 983 ὼς
1867 917 2350 997 Φιλοςτέφανος
2395 915 2465 980 ἐν
2509 921 2600 1000 τῷ
2644 915 2791 994 περὶ
2832 915 3045 993 νήςων
3091 915 3196 978 καὶ

604 1025 842 1103 Ἴςτρος
887 1024 959 1088 ἐν
1003 1022 1319 1089 ἀποικίαις
1361 1022 1683 1098 Αἰγύπτου
1725 1019 2091 1102 ἱςτόρηςαν,
2147 1020 2187 1097 ἢ
2233 1017 2363 1084 ἀπὸ
2409 1022 2526 1082 τοῦ
2571 1017 2907 1099 φυομένου
2953 1015 3193 1082 ἄνθους

606 1125 870 1205 κύπρου.
959 1126 1338 1205 Ἀςτύνομος
1392 1125 1464 1189 δέ
1520 1145 1669 1204 φηςι
1728 1122 2022 1201 Κρύπτον
2082 1124 2410 1197 κεκλῆςθαι
2475 1120 2580 1185 διὰ
2643 1123 2760 1184 τοῦ
2816 1119 3192 1199 κρύπτεςθαι

606 1228 915 1293 πολλάκις
969 1227 1095 1293 ύπὸ
1160 1230 1272 1305 τῆς
1326 1226 1650 1304 θαλάςςης.
1738 1222 1878 1289 εἶτα
1936 1224 2202 1303 Κύπρος.
2291 1222 2418 1287 ἔςτι
2475 1222 2577 1286 καὶ
2627 1222 2860 1302 Λιβυκὴ
2920 1222 3190 1301 Κύπρος.

604 1331 887 1410 ’Ἀπρος
942 1331 1127 1395 πόλις
1172 1330 1437 1411 Θρᾴκης.
1527 1327 1916 1407 Θεόπομπος
1961 1325 2205 1410 εἰκοςτῇ
2252 1324 2398 1408 ἕκτῃ
2445 1328 2601 1389 «τοῦ
2656 1323 2720 1389 δ’
2773 1324 3192 1403 Ἀντιπάτρου

510 1442 574 1493 10
609 1432 1045 1513 διατρίβοντος
1089 1432 1236 1511 περὶ
1289 1432 1406 1510 τὴν
1450 1433 1755 1509 Ἄπρον».
1830 1427 2201 1508 Λάμπρος
2260 1429 2336 1493 τὸ
2394 1428 2647 1510 κύριον,
2707 1425 3065 1507 λαμπρός
3121 1428 3192 1491 δὲ

606 1535 681 1600 τὸ
727 1534 1036 1599 ἐπίθετον.
1124 1536 1377 1613 τριγενῆ
1424 1534 1496 1597 δὲ
1539 1531 1700 1597 ὄντα
1743 1530 2069 1614 ὀξύνεται,
2127 1531 2452 1612 ςαπρός,
2504 1529 2832 1610 λεπρός,
2878 1528 3191 1607 λυπρός.

775 1636 868 1701 Τὰ
913 1635 1000 1701 εἰς
1045 1641 1161 1715 ρῖἐ
1213 1636 1560 1715 διςύλλαβα
1600 1633 1839 1713 ἔχοντα
1893 1634 2022 1712 πρὸ
2077 1637 2193 1698 τοῦ
2238 1636 2277 1711 ὅ
2315 1632 2395 1726 τὸ
2438 1635 2475 1697 ἶ·
2530 1631 2733 1711 μόνον
2787 1631 2826 1709 ἢ
2874 1631 3018 1710 μεθ’
3062 1630 3190 1695 ἑτέ-

609 1737 728 1819 ρου
783 1739 1134 1819 ςυμφώνου
1189 1739 1269 1818 μὴ
1327 1737 1645 1802 ἑπιθετικά
1703 1736 2072 1818 βαρύνεται,
2142 1736 2442 1814 Χύτρος
2504 1734 2761 1813 Κύπρου
2825 1734 3044 1816 πόλις,
3111 1734 3192 1813 ἣν

608 1841 969 1920 ὠνομάςθαι
1035 1842 1149 1920 μὲν
1204 1839 1576 1917 Ξεναγόρας
1641 1839 1832 1919 φηςὶν
1901 1838 2032 1902 ἀπὸ
2090 1837 2343 1915 Χύτρου
2407 1840 2524 1901 τοῦ
2592 1835 3011 1915 Ἀλεξάνδρου
3075 1840 3192 1900 τοῦ

508 1952 570 2005 15
608 1943 1011 2023 Ἀκάμαντος.
1098 1941 1521 2023 Λεῦκτρος,
1576 1939 1921 2023 οἶςτρος,
1980 1938 2336 2021 βόςτρος,
2393 1939 2682 2017 Ἴςτρος
2739 1938 2928 2004 ἔθνος
2984 1938 3055 2003 ἐν
3099 1945 3192 2022 τῷ

606 2045 806 2128 Ἰονίῳ
852 2045 1090 2128 κόλπῳ.
1146 2044 1468 2108 Ἑκαταῖος
1512 2043 1802 2127 Εὐρώπῃ.
1875 2042 2000 2107 ἔςτι
2046 2042 2117 2106 δε
2162 2042 2264 2105 καὶ
2307 2041 2493 2106 πόλις
2541 2041 2813 2125 Κρήτης,
2859 2042 2938 2119 ἣν
2984 2041 3192 2120 Ἀρτε-

606 2148 882 2228 μίδωρος
926 2144 1218 2225 Ἰςτρῶνά
1260 2166 1426 2226 φηςι.
1472 2145 1737 2224 δευτέρα
1781 2146 1968 2209 πόλις
2009 2144 2246 2223 Ἴςτρος
2291 2144 2362 2208 ἐν
2406 2149 2499 2227 τῷ
2541 2142 2796 2228 Πόντῳ.
2859 2143 3191 2223 Ἀρριανὸς

607 2251 677 2316 δὲ
721 2249 974 2329 Ἰςτρίαν
1022 2249 1111 2314 ὡς
1140 2247 1397 2328 Ὀλβίαν
1443 2247 1641 2326 αὐτήν
1675 2268 1841 2328 φηςι.
1900 2247 2073 2326 τρίτη
2103 2250 2295 2326 νῆςος
2340 2245 2531 2311 πόλιν
2563 2245 2910 2326 ὁμώνυμον
2955 2245 3190 2326 ἔχουςα

605 2351 764 2416 κατὰ
806 2352 882 2417 τὸ
927 2351 1234 2431 Τριόπιον
1279 2352 1390 2427 τῆς
1438 2349 1702 2415 Κνιδίας.
1775 2349 2041 2429 τετάρτη
2086 2349 2272 2413 πόλις
2314 2350 2426 2426 τῆς
2469 2348 2813 2432 Ἰαπυγίας,
2860 2349 2951 2414 ὡς
2993 2349 3190 2430 Ἔφο-

505 2465 573 2514 20
609 2474 722 2532 ρος
767 2452 1026 2535 εἰκοςτῷ
1071 2452 1297 2536 ἐνάτῳ.
1344 2451 1470 2517 ἔςτι
1516 2452 1620 2516 καὶ
1646 2451 1951 2532 ποταμός.
2000 2452 2345 2530 Βάκτρος
2389 2449 2593 2515 ἔθνος.
2638 2451 2714 2516 τὸ
2751 2452 2824 2516 δὲ
2869 2452 3191 2530 δαιτρός

607 2555 896 2623 ὀξύνεται
942 2555 1045 2619 καὶ
1086 2555 1162 2619 τὸ
1209 2554 1554 2637 οἰκτρός,
1599 2552 1692 2618 ἔτι
1736 2554 1842 2618 καὶ
1880 2554 1957 2618 τὸ
2002 2552 2280 2634 φιτρός
2325 2552 2363 2617 ὁ
2408 2552 2663 2632 κορμός.

772 2656 868 2721 Τὰ
924 2657 1012 2722 εἰς
1069 2658 1189 2721 δύο
1244 2660 1327 2736 δῦ
1382 2655 1700 2722 ἑπιθετικὰ
1753 2655 1914 2721 ὄντα
1966 2655 2288 2739 ὀξύνεται,
2344 2655 2699 2740 ςτερρός,
2759 2656 3058 2736 πυρρός
3113 2658 3189 2723 τὸ

606 2758 916 2825 ἐπίθετον.
1003 2759 1316 2839 Πύρρος
1360 2759 1432 2824 δὲ
1475 2760 1551 2826 τὸ
1596 2757 1819 2838 κύριον
1878 2757 2087 2839 ὥςπερ
2142 2759 2245 2824 καὶ
2298 2758 2373 2824 τὸ
2416 2757 2701 2839 ’Ύρρος
2745 2757 2861 2824 ’καὶ
2907 2760 3191 2839 Γέρρος

604 2862 804 2927 τόπος
848 2863 951 2926 καὶ
994 2863 1281 2940 ποταμὸς
1324 2863 1641 2942 προςεχὴς
1684 2867 1776 2945 τῷ
1822 2862 2197 2940 Βορυςθένει
2239 2863 2343 2927 καὶ
2390 2863 2685 2942 Κύρρος
2730 2863 2918 2928 πόλις
2948 2863 3189 2942 (υρίας.

502 2976 569 3025 25
774 2963 868 3029 Τὰ
911 2962 1000 3028 εἰς
1042 2967 1160 3043 'fio—c
1204 2965 1711 3044 ύπερδιςύλλαβα
1755 2964 1898 3044 μετ’
1941 2965 2289 3043 ἐπιπλοκῆς
2334 2966 2683 3046 ςυμφώνου
2718 2963 3009 3031 ὀξύνεται
3055 2966 3189 3030 ἐπι-

604 3064 819 3131 θετικὰ
874 3065 1065 3148 ὄντα,
1120 3066 1556 3147 φαλακρός,
1613 3064 2039 3149 μολοβρός,
2079 3066 2456 3150 ἐρυθρός,
2516 3068 2905 3147 πενιχρός.
2993 3068 3073 3133 τὰ
3117 3071 3188 3134 δὲ

606 3169 872 3235 ςύνθετα
928 3171 1039 3246 τῆς
1092 3169 1253 3232 κατὰ
1304 3169 1381 3232 τὸ
1446 3168 1633 3232 τέλος
1690 3168 2034 3233 ςυνθέςεως
2090 3169 2591 3249 ύπερβαινούςης
2661 3171 2806 3249 μίαν
2872 3173 3188 3251 ςυλλαβήν

606 3272 978 3352 βαρύνεται,
1036 3270 1538 3351 δείλανδρος,
1594 3269 2026 3352 ἄνανδρος,
2082 3271 2447 3355 ἔνυδρος,
2505 3270 2878 3355 ἄνυδρος,
2943 3273 3187 3338 ὕπαν-

606 3378 826 3454 δρος,
874 3372 1353 3453 φίλανδρος,
1401 3371 1708 3456 ἄϊδρος,
1762 3372 2200 3456 πάρεδρος,
2245 3373 2601 3454 ἔφεδρος.
2689 3375 2766 3439 τὸ
2822 3376 2893 3439 δὲ
2949 3374 3188 3456 ἀβλη-

503 3485 571 3535 :30
605 3474 799 3553 χρός
845 3473 1136 3539 ὀξύνεται
1191 3473 1262 3537 ἐκ
1317 3477 1723 3555 πλεοναςμοῦ
1777 3474 1934 3554 ἔχον
1978 3476 2054 3540 τὸ
2100 3479 2156 3538 ἇ.
2244 3474 2404 3541 αὐτὸ
2448 3478 2572 3555 γὰρ
2627 3477 2703 3541 τό
2750 3476 3022 3557 βληχρός
3066 3477 3186 3556 ἤδη

605 3575 883 3656 ςημαίνει
931 3576 1021 3641 ὡς
1065 3576 1169 3640 ἐπὶ
1211 3577 1286 3642 τὸ
1331 3579 1629 3641 πλεῖςτον
1674 3577 1750 3641 τὸ
1795 3575 2070 3642 ἀςθενές.
2130 3578 2418 3642 Ἀλκαῖος
2460 3578 2515 3642 θ’
2547 3582 2885 3657 «βληχρῶν
2931 3577 3185 3659 ἀνέμων

605 3677 969 3757 ἀχείμαντοι
1015 3678 1250 3743 πνοαί»
1309 3679 1411 3742 καὶ
1465 3677 1502 3742 ὁ
1550 3677 1903 3757 Νίκανδρος
1962 3681 2282 3759 «βληχρόν
2337 3680 2461 3759 γὰρ
2517 3681 2676 3759 μυὸς
2722 3678 2867 3745 οἷον
2912 3680 3183 3762 μυληβό-

605 3800 724 3858 ρου
770 3779 841 3844 ἐν
887 3779 1032 3858 χροῒ
1074 3778 1322 3865 νύγμα»
1371 3777 1595 3861 (Ther.
1635 3779 1804 3861 446).
1894 3785 2087 3846 τοῦτο
2144 3784 2216 3846 δὲ
2268 3781 2632 3848 πλεονάςαν
2686 3788 2777 3864 τῷ
2833 3786 2874 3845 ἃ
2919 3783 3186 3863 φυλάξει

602 3883 717 3946 τὸν
763 3881 963 3946 αὐτὸν
1005 3881 1235 3964 τόνον,
1282 3882 1556 3961 λαλητός
1598 3881 1948 3966 ἀλαλητός,
2005 3885 2277 3962 ςτεροπή
2322 3884 2657 3964 ἀςτεροπή.
2745 3885 2848 3950 κἀὶ
2899 3885 2939 3963 ἡ
2982 3885 3186 3963 παρά-

501 3994 566 4041 :35
603 3988 774 4049 δοςις
819 3983 1028 4049 ὀξύνει
1073 3985 1150 4048 τὸ
1195 3981 1405 4062 ὄνομα
1434 3988 1749 4050 πειςθεῖςα
1792 3992 1884 4070 τῷ
1914 3993 2482 4069 παραςχηματιςμῷ
2529 3987 2619 4051 ὡς
2648 3985 2852 4072 ἁπλῷ.
2898 3990 3187 4067 θηλυκῶς

638 4109 675 4113 —
738 4106 949 4114 -—-——..

774 4172 880 4253 ¹·.4
919 4169 1138 4256 Κύπρος
1176 4172 1396 4254 οκρῐονὶ
1432 4189 1499 4224 ex
1536 4172 1617 4224 St.
1655 4177 1741 4233 Β.,
1779 4172 1993 4239 Ἀπρος
2032 4191 2117 4259 ex„
2137 4174 2329 4226 eodem
2364 4176 2563 4226 adieci.
2699 4174 2738 4229 1.
2779 4177 2840 4226 13
2877 4173 3183 4239 ςυμφώνου

602 4238 1374 4372 'fssgssssffgtxk’ffs‘isssscffffiff
1390 4242 2298 4373 §.252223335135333505122‘2‘
2311 4242 2931 4363 ..izssffissssxssoefffa
2967 4243 3184 4377 (κᾷςρὲἓ

603 4376 696 4427 ἐπὶ
732 4378 835 4426 τοῦ
874 4373 1114 4439 πάθους,
1154 4375 1370 4441 ςκιρρός
1407 4377 1671 4431 ἐπίθετον
1708 4380 1905 4430 Choer.
1942 4380 2100 4430 Orth.
2138 4383 2264 4443 257,
2304 4384 2394 4445 19,
2444 4396 2774 4445 quamquam
2816 4380 2922 4431 hoc
2967 4381 3184 4432 diverse

600 4446 863 4521 §criptum
910 4446 1185 4510 reperitur
1232 4444 1441 4510 ςκιρός,
1489 4448 1727 4512 ςκειρός,
1768 4447 1998 4513 (κηρός,
2045 4448 2186 4498 illud
2235 4450 2404 4499 etiam
2441 4464 2527 4513 ap.
2565 4448 2760 4500 Choer.
2808 4464 2906 4514 per
2951 4450 3184 4515 simplex

601 4528 633 4575 ρ
671 4513 974 4562 exhibetur.
1153 4513 1189 4562 1.
1225 4515 1291 4563 26
1328 4514 1590 4579 πενιχρός
1627 4515 1821 4566 addidi
1859 4533 1924 4565 ex
1964 4517 2028 4567 ΙΙ.
2067 4519 2158 4567 Pr.
2198 4515 2243 4568 Θ
2284 4519 2397 4578 178,
2435 4514 2710 4581 πάρεδρος
2747 4522 2805 4568 et
2841 4515 3077 4583 ἔφεδρος
3116 4534 3183 4568 ex

604 4584 682 4632 st.
724 4582 784 4630 Β.
823 4584 936 4633 503.
980 4582 1057 4630 12.
1127 4579 1403 4647 ἀβληχρὸς
1439 4600 1508 4653 εκ
1541 4583 1605 4634 11.
1642 4586 1730 4634 Pr.
1769 4583 1814 4636 Θ
1856 4585 1953 4634 178
1989 4585 2174 4635 vorbis
2209 4583 2395 4650 paullo
2442 4585 2605 4634 aliter
2643 4585 2866 4650 positiS,
2906 4585 3182 4637 diversam

602 4649 667 4698 de
704 4648 1109 4714 significatione
1147 4651 1509 4715 sententiam,
1552 4652 1599 4701 si
1635 4651 1826 4703 Orioni
1863 4652 2000 4704 fidos
2025 4652 2281 4704 habenda
2316 4657 2425 4713 est,
2466 4653 2696 4718 protulit
2723 4653 2926 4706 Herod.
2948 4655 3007 4704 in
3041 4653 3183 4705 libro

604 4716 729 4780 περὶ
766 4717 970 4767 παθῶν
1008 4718 1069 4767 Ε.
1106 4717 1295 4770 Orion.
1332 4721 1388 4781 7,
1428 4724 1460 4770 3
1498 4721 1572 4774 ef.
1612 4719 1715 4785 Ep.
1754 4722 1843 4772 Cr.
1879 4724 1906 4773 1
1943 4724 2027 4773 95.
2073 4748 2140 4758 —
2185 4720 2523 4771 Exciderunt
2569 4721 2626 4770 in
2673 4737 2885 4772 canone
2932 4722 3184 4773 huiusce·

602 4785 746 4834 modi
782 4786 978 4835 verba:
1015 4783 1085 4836 τὸ
1122 4783 1183 4836 δὲ
1220 4783 1466 4851 άλιβρός,
1514 4787 1748 4850 νεογνός
1793 4788 2033 4840 ςύνθετα
2079 4788 2376 4841 ὀξύνονται
2422 4791 2523 4855 τῆς
2562 4788 2707 4842 κατὰ
2748 4787 2946 4842 τέλους
2992 4789 3182 4843 ςυνθέ-

601 4863 741 4902 ςεως
778 4850 908 4916 μίαν
944 4852 1225 4917 ςυλλαβὴν
1263 4854 1338 4918 μὴ
1374 4853 1813 4921 ύπερβαινούςης
1852 4857 1923 4907 cf.
1963 4858 2204 4912 Lobeck.
2243 4857 2450 4911 Pax-all.
2486 4860 2603 4911 259.
