3664 5546
1193 436 1350 490 ΠΕΡΙ
1393 434 1786 491 ΚΑΘΟΛΙΚΗ(
1822 433 2244 490 ΠΡΟΕΩιΔΙΑ(
2285 435 2342 488 Κ.
2931 434 3058 499 543

466 608 777 672 ἔνατος·
824 604 1064 685 ὁμοίως
1107 608 1179 670 δὲ
1223 608 1326 669 καὶ
1368 607 1444 670 τὸ
1489 610 1562 689 ἦ,
1617 607 1812 685 χωρὶς
1856 610 1990 669 τῶν
2037 605 2399 684 ςυνδέςμων
2443 605 2547 669 καὶ
2591 602 2645 668 εἰ
2690 605 2772 684 μὴ
2817 603 2887 668 ἐκ
2931 604 3057 694 1<in-

468 730 624 773 ςεως
671 707 767 786 εἴη
813 705 959 771 οἷον
1008 707 1217 785 «ἤνις
1259 705 1560 783 ἠκέςτας»
1608 704 1718 790 (ΙΙ.
1764 707 1820 771 Ζ
1866 705 1993 788 94).
2080 707 2158 771 τὸ
2202 706 2413 789 ἡνία,
2459 706 2677 784 ἐπειδὴ
2722 706 2898 784 παρὰ
2940 706 3057 770 τὸν

467 811 597 890 ἥςω
664 809 985 888 μέλλοντα
1048 809 1319 891 γίνεται,
1398 807 1637 887 ὁμοίως
1702 814 1793 893 τῷ
1872 809 2204 886 ποιήςαντι
2268 807 2593 886 ἐδαςύνθη.
2700 807 3059 886 πρόςκειται

468 912 662 991 χωρὶς
704 917 837 978 τῶν
883 911 1245 990 ςυνδέςμων
1302 910 1406 973 διὰ
1457 911 1532 974 τὸ
1590 910 1820 974 ἕνεκα
1876 911 1974 974 καὶ
2029 910 2271 992 εἵνεκα,
2326 913 2525 975 ταῦτα
2578 909 2703 988 γὰρ
2748 909 3057 974 δαςύνον-

467 1034 598 1094 ται,
644 1005 747 1076 καὶ
790 1013 984 1090 χωρὶς
1029 1012 1082 1076 εἰ
1127 1013 1208 1091 μὴ
1254 1011 1322 1075 ἑκ
1368 1011 1625 1077 κλίςεως
1671 1010 1768 1090 εἴη
1799 1012 1906 1075 διὰ
1932 1011 2049 1090 τὴν
2096 1011 2323 1076 ἕντος
2368 1012 2663 1091 μετοχήν.
2730 1011 2888 1090 αὕτη
2931 1011 3054 1089 γὰρ
3084 1021 3119 1070 5

470 1114 817 1179 δαςύνεται.
1191 1149 1202 1154 -

640 1238 678 1274 ιι
722 1214 813 1278 Τὸ
859 1217 892 1278 ἒ
935 1216 1065 1293 πρὸ
1106 1218 1225 1279 τοῦ
1268 1201 1333 1296 ξ’,
1400 1214 1974 1296 ὑποςτελλομένων
2029 1219 2160 1280 τῶν
2216 1214 2392 1294 παρὰ
2444 1216 2560 1293 τὴν
2617 1215 2681 1281 ἐξ
2737 1214 3057 1296 πρόθεςιν,

470 1318 640 1381 θέλει
685 1317 1090 1399 δαςύνεςθαι,
1136 1316 1321 1398 ἕξις,
1367 1315 1569 1398 ἑξῆς,
1628 1316 1785 1383 ἕξω.
1877 1315 2084 1381 οὕτως
2127 1310 2347 1380 καὶ“τὸ
2392 1316 2740 1382 Ἐξάδιος
2784 1317 2861 1397 (Α
2903 1314 3059 1396 264)

470 1418 635 1496 πρὸς
677 1418 796 1482 τὸν
842 1421 1205 1496 χαρακτῆρα
1259 1417 1454 1495 ἐχρῆν
1510 1418 1911 1499 δαςύνεςθαι,
1969 1419 2163 1495 χωρὶς
2206 1416 2261 1481 εἰ
2305 1419 2386 1496 μὴ
2434 1417 2610 1494 λέγοι
2655 1438 2749 1482 τις
2792 1407 2897 1481 διὰ
2941 1418 3058 1495 τὴν

473 1518 752 1597 ἰδιότητα
793 1520 870 1583 τὸ
915 1523 1165 1599 πνεῦμα
1208 1519 1784 1598 μεταπεπτωκέναι.
2758 1545 2765 1584 ;

641 1620 731 1684 Τὸ
773 1623 813 1697 ἦ
860 1621 931 1686 ἐν
973 1626 1278 1704 τροχαϊκῇ
1324 1620 1517 1700 λέξει,
1563 1617 1964 1700 ἀμεταβόλου
2008 1621 2448 1703 ἐπαγομένου,
2477 1624 2837 1703 ,ψιλοῦται,
2890 1622 3058 1699 πλὴν

471 1724 605 1786 τῶν
649 1723 825 1800 παρὰ
868 1725 986 1786 τοῦ
1031 1721 1163 1798 ἥςω
1208 1721 1591 1804 μέλλοντος,
1635 1720 1830 1799 ἦμαρ
1878 1720 2214 1801 (οφοκλῆς
2260 1721 2398 1804 (Ai.
2443 1721 2600 1804 475)

607 1853 622 1858 -
1044 1822 1117 1886 Τί
1159 1823 1282 1901 γὰρ
1326 1822 1487 1901 παρ’
1532 1822 1699 1901 ἦμαρ
1737 1822 1946 1903 ἡμέρα
1988 1825 2245 1903 τέρπειν
2291 1825 2453 1906 ἔχει,

1047 1927 1388 2002 προςθεῖςα
1430 1921 1772 1988 κάναθεῖςα
1814 1927 2005 2000 τοῦγε
2050 1929 2417 2001 κατθανεῖν;

473 2032 698 2116 ἦμος,
743 2031 949 2109 ἦνις,
994 2024 1156 2104 ἦρα.
1243 2024 1320 2089 τὸ
1364 2023 1561 2102 ἧλος
1604 2025 1779 2104 παρὰ
1821 2026 1900 2090 τὸ
1940 2025 2074 2106 ῗημι
2118 2028 2220 2091 καὶ
2262 2027 2411 2105 ἥςω.

644 2158 684 2194 ιι-
727 2129 854 2197 Ἀεὶ
894 2128 971 2191 τὸ
1013 2129 1052 2202 ἦ
1109 2126 1237 2205 πρὸ
1295 2126 1672 2206 φωνήεντος
1728 2130 2062 2211 ψιλοῦται,
2118 2127 2302 2209 ἠώς,
2359 2129 2503 2207 ἤϊα.
2590 2130 2788 2214 ταύτῃ
2839 2131 2942 2194 καὶ
2984 2132 3061 2195 τὸ

436 2232 546 2310 ,«ἥ
584 2230 921 2319 τεξείνων
968 2227 1158 2307 Θέμις
1203 2227 1356 2292 ἐςτί»
1404 2225 1560 2308 (Od.
1610 2249 1628 2290 ι
1673 2226 1827 2307 268)
1873 2230 2226 2309 δαςύνεται,
2271 2230 2346 2293 τὸ
2394 2232 2466 2294 δὲ
2510 2230 2691 2307 ἠΰτε
2735 2234 3062 2314 ψιλοῦται,

475 2334 578 2398 καὶ
630 2334 706 2404 τὸ
762 2331 884 2395 ἕως
940 2328 1304 2409 δαςύνεται,
1359 2329 1434 2391 τὸ
1493 2330 1564 2391 δὲ
1609 2327 1762 2404 ἠώς
1791 2323 2141 2413 ἶμιλοῦται,
2196 2332 2298 2398 καὶ
2349 2332 2427 2396 τὸ
2481 2331 2662 2409 ἥλιος
2707 2331 3060 2410 δαςύνεται,

474 2435 551 2498 τὸ
607 2435 679 2497 δὲ
734 2432 1006 2510 ἠέλιος
1057 2429 1380 2506 ἑψιλώθη·
1448 2429 1604 2493 ὥςτε
1659 2429 1733 2492 τὸ
1794 2431 1953 2506 «ἤϊε
2006 2430 2243 2512 Φοῖβε»
2299 2431 2579 2515 (0365)
2636 2432 2761 2497 εἴτε
2818 2433 2888 2498 ἐκ
2941 2438 3062 2497 τοῦ

474 2535 617 2613 ἥϊος
661 2531 1102 2610 δαςυνομὲνου
1148 2530 1310 2620 ἐςτίν
1338 2564 1425 2575 —-
1453 2527 1585 2594 ἀπὸ
1614 2533 1726 2606 τῆς
1758 2530 1950 2595 ἕςεως
1978 2538 2110 2596 τῶν
2143 2535 2383 2617 βελῶν,
2428 2534 2518 2598 ὡς
2549 2535 2948 2614 Ἀρίςταρχος
2976 2571 3060 2582 -

3098 1526 3164 1575 10

3099 2035 3164 2085 15

3097 2540 3166 2591 20

476 2635 600 2700 εἴτε
647 2636 715 2699 ἐκ
759 2637 877 2699 τοῦ
924 2632 1325 2712 ψιλουμένου
1367 2667 1453 2677 —-
1497 2629 1628 2694 ἀπὸ
1672 2635 1784 2708 τῆς
1827 2632 2080 2716 ἰάςεως,
2139 2635 2229 2699 ὡς
2286 2634 2348 2699 οἱ
2401 2637 2548 2714 περὶ
2600 2637 2717 2701 τὸν
2777 2637 3063 2716 Κράτητα
3120 2669 3125 2674 ·

475 2773 562 2786 —-
603 2738 768 2817 πρὸς
812 2735 929 2800 τὸν
976 2736 1339 2813 χαρακτῆρα
1383 2733 1596 2812 μόνως
1641 2734 1985 2812 ψιλωτέον.

648 2862 686 2898 ιι
736 2838 826 2903 Τὸ
872 2842 911 2916 ῆ
955 2839 1086 2916 πρὸ
1131 2836 1356 2900 butt-{oc
1401 2839 1735 2917 ψιλοῦζται,
1792 2835 1999 2914 ἦθος.
2086 2840 2164 2903 τὸ
2212 2841 2282 2902 δὲ
2325 2839 2566 2918 ἡθμός
2611 2842 2941 2906 δαςύνεται
2986 2850 3063 2926 τῇ

478 2940 698 3032 ἐννοίᾳ
743 2944 861 3004 τοῦ
905 2939 1036 3017 ἥςω
1081 2938 1435 3019 μέλλοντος
1475 2938 1931 3017 δαςυνομένου.
1999 2940 2102 3003 καὶ
2144 2940 2219 3004 τὸ
2264 2942 2686 3020 Ἣφαιςτος
2731 2943 3061 3008 δαςύνεται

478 3045 584 3109 διὰ
626 3044 743 3120 τὴν
791 3039 1229 3121 ἐτυμολογίαν.
1317 3040 1494 3118 παρὰ
1536 3040 1661 3116 γὰρ
1704 3040 1782 3103 τὸ
1828 3039 2011 3104 ἅπτω
2055 3042 2332 3118 ἐγένετο.

613 3231 648 3281 l.
686 3233 715 3281 7
753 3231 816 3283 Il.
855 3232 945 3280 Pr.
984 3225 1027 3279 A
1065 3229 1182 3278 264.
1253 3228 1336 3277 De
1375 3226 1484 3278 ἔξω
1518 3226 1584 3276 Il.
1619 3228 1707 3278 Pr.
1751 3229 1761 3280 Ι
1803 3227 1924 3277 102:
1958 3228 2032 3279 :ro
2070 3227 2251 3281 ἕξεται
2286 3229 2606 3282 δαςυντέον.
2665 3227 2780 3281 ἀπὸ
2814 3228 2922 3294 γὰρ
2957 3233 3062 3282 τοῦ

482 3298 589 3352 ἕξω
638 3298 944 3362 μέλλοντος
990 3292 1368 3358 δαςυνομένου
1416 3292 1577 3357 μὲςος
1620 3292 1785 3347 ἐςτίν.
1846 3295 1916 3346 cs.
1956 3296 2149 3346 Choer.
2192 3300 2335 3348 Uict.
2370 3301 2498 3361 638,
2539 3302 2616 3349 17.
2686 3299 2881 3350 Dee-ff
2928 3299 3064 3349 nihil

479 3374 655 3417 restat
690 3368 798 3416 nisi
832 3366 935 3415 hoe
975 3364 1040 3414 de
1079 3362 1203 3414 ἕπω
1242 3362 1694 3413 adnotamentum
1731 3365 1787 3413 in
1823 3364 1890 3416 11.
1926 3365 2015 3415 Pr.
2054 3364 2094 3416 Β
2131 3368 2256 3415 20⁷:
2294 3364 2598 3416 δαςυντέον
2632 3364 2703 3416 τὸ
2741 3364 2887 3417 ἕπω·
2927 3365 3063 3430 πρό-

480 3434 654 3499 δηλον
689 3432 794 3485 κάκ
829 3435 932 3497 τῆς
969 3430 1327 3494 ςυναλοιφῆς.
1396 3431 1480 3479 De
1516 3433 1620 3492 ἓριῑ
1655 3431 1724 3484 of.
1763 3431 1824 3481 ΙΙ.
1860 3432 1951 3485 Pr.
1990 3432 2032 3484 A
2068 3434 2195 3495 486,
2241 3433 2322 3483 de,
2346 3432 2478 3496 ἔρον
2512 3434 2643 3483 ibid.
2678 3435 2804 3491 469,
2851 3435 2920 3485 de
2956 3438 3065 3497 ερῑι·

481 3517 531 3570 Φ
568 3521 650 3568 38.
724 3518 792 3567 de
832 3516 977 3581 ἔρδω
1024 3517 1094 3566 cf.
1142 3531 1305 3580 supra
1350 3517 1451 3565 sub
1487 3518 1571 3579 ἂρ.
1653 3516 1736 3565 De
1775 3518 1869 3566 εςθ
1905 3516 1972 3566 11.
2009 3516 2099 3565 Pr.
2134 3514 2179 3565 Ω
2214 3518 2305 3579 94,
2352 3517 2419 3566 de
2467 3515 2749 3580 ἑςπόμεθα
2794 3518 3064 3569 similibus

480 3586 660 3635 11.1ἰ·.
688 3583 728 3635 Κ
752 3587 878 3634 246:
918 3581 967 3634 εἰ
1005 3581 1358 3648 Ἀρίςταρχος
1394 3581 1614 3634 δαςύνει
1649 3580 1721 3632 τὸ
1756 3581 1944 3638 «ἀλλὰ
1980 3580 2088 3646 coi,
2127 3580 2174 3632 ὦ
2214 3581 2337 3646 μέγ’
2373 3582 2619 3650 ἀναιδές,
2657 3583 2752 3647 ἅμ’
2777 3584 3065 3648 ἑςπόμεθ»

483 3654 570 3719 (11.
610 3651 651 3703 A
693 3653 837 3716 158),
876 3649 1091 3715 ἀνάγκη
1137 3653 1285 3702 πᾶςα
1332 3648 1465 3700 κατ’
1498 3649 1677 3701 αὐτὸν
1722 3649 1978 3701 δαςύνειν
2023 3649 2111 3701 καὶ
2158 3651 2267 3715 τὴν
2314 3652 2560 3716 μετοχὴν
2605 3653 2696 3703 καὶ
2742 3650 2858 3704 ἀπὸ
2892 3656 2996 3704 τοῦ
3032 3656 3065 3703 ἐ’

482 3720 753 3783 ἀρχεςθαι.
827 3722 904 3768 Ex
943 3718 1228 3769 vocabulis
1274 3719 1344 3767 ab
1392 3733 1455 3768 ετ
1500 3718 1848 3769 ordientibus
1894 3725 2349 3770 commemoratur
2394 3719 2525 3784 ἐτης
2564 3721 2626 3769 11.
2664 3723 2819 3774 Pros.
2855 3720 2902 3772 Ζ
2937 3724 3062 3772 239:

483 3785 639 3836 ἔταςε
679 3784 711 3836 ὁ
750 3783 1157 3850 Ἀςκαλωνίτης
1194 3785 1347 3848 ψιλοῖ
1394 3784 1487 3848 ἐφ’
1521 3784 1589 3836 οῦ
1625 3784 1696 3835 ἂν
1729 3784 2020 3850 τάςςηται,
2058 3785 2219 3851 φηςι,
2259 3787 2692 3852 ςημαινομένου·
2740 3788 2925 3840 πολλὰ
2958 3788 3065 3853 γὰρ

473 3853 518 3917 ’ἡ
556 3851 699 3905 λέξις
736 3851 1000 3916 ςημαίνει.
1048 3850 1098 3903 εἰ
1132 3852 1194 3903 δὲ
1220 3853 1311 3903 καὶ
1335 3852 1574 3904 ἐπὶτῶν
1599 3851 1870 3918 ἑταίρων,
1908 3853 2070 3919 φηςί,
2109 3854 2278 3906 πάλιν
2312 3854 2625 3919 ψιλωτὲον,
2663 3855 2787 3907 ἐπεὶ
2813 3858 3063 3920 ςυγκοπὴ

482 3921 711 3983 ἐγένετο
748 3920 826 3971 ὡς
863 3918 978 3986 dgito
1012 3923 1116 3972 τοῦ
1162 3921 1343 3984 ἥλατο
1388 3919 1545 3972 ἆλτο.
1615 3920 2009 3984 πιθανώτερον
2054 3921 2115 3972 δέ
2160 3922 2300 3985 ἐςτι,
2349 3921 2543 3988 φηςίν,
2591 3922 2792 3974 ἐνθάδε
2837 3921 3066 3975 ἀκούειν

482 3988 574 4041 ἐπὶ
610 3991 732 4040 τῶν
768 3989 1072 4052 ςυγγενῶν.
1145 3987 1410 4041 Ἀλεξίων
1444 3986 1505 4039 δὲ
1539 3987 1773 4040 δαςὺνει.
1847 3990 1880 4040 ὁ
1926 3990 1987 4040 δε
2027 3988 2376 4055 Ἀρίςταρχος
2421 3990 2588 4041 οὐδὲν
2631 3989 2893 4055 ἄντικρυς
2937 4005 3007 4041 πε
3049 3991 3064 4040 ἰ

479 4060 583 4109 τοῦ
632 4055 948 4120 πνεύματος
993 4054 1354 4119 ἀπεφήνατο·
1401 4056 1535 4119 ἡμῖν
1580 4055 1641 4107 δὲ
1676 4056 1829 4108 δοκεῖ
1876 4055 2102 4122 ἀφορμῇ
2151 4057 2335 4121 ἐκείνῃ
2386 4056 2725 4121 χρήςαςθαι.·
2767 4057 2816 4108 εί
2851 4056 2992 4122 ἄδηλ
3032 4072 3064 4107 ν

480 4124 593 4175 ἑςτι
629 4123 699 4175 τὸ
735 4126 987 4188 πνεῦμα,
1024 4123 1096 4174 τὰ
1131 4122 1192 4173 δὲ
1227 4126 1462 4174 τοιαῦτα
1499 4123 1769 4175 πολλάκις
1817 4123 1880 4175 ἑκ
1928 4125 2287 4189 ςυναλοιφῶν
2334 4123 2603 4187 κρίνεται,
2642 4123 2843 4189 εὑρέθη
2880 4123 2940 4174 δὲ
2977 4124 3064 4176 διὰ

480 4193 648 4254 ψιλοῦ
685 4191 721 4255 ἡ
760 4190 1099 4254 ςυναλοιφή,
1137 4189 1411 4241 οὐδέποτε
1448 4191 1509 4242 δὲ
1543 4190 1632 4242 διὰ
1665 4188 1891 4254 δαςέος,
1939 4192 2114 4255 δῆλον
2160 4191 2247 4241 ὅτι
2283 4190 2371 4242 διὰ
2406 4194 2581 4243 τοῦτο
2617 4191 3064 4253 ςυγκαταθετέον

479 4262 564 4324 τῷ
604 4256 981 4323 Ἀςκαλωνίτῃ
1017 4260 1299 4320 ψιλοῦντι·
1345 4257 1496 4321 παρὰ
1530 4262 1672 4321 γοῦν
1710 4257 1965 4324 Αἰςχύλψ
2001 4257 2187 4309 οὕτως
2223 4257 2462 4322 εὕρομεν
2497 4258 2673 4310 «οὔτε
2721 4258 2895 4324 δῆμος
2932 4259 3068 4310 οὔτ’

479 4325 506 4376 ἔ
583 4340 610 4376 ς
647 4324 833 4389 ἀνήρ»
870 4326 961 4388 (fr.
999 4325 1121 4389 262)
1159 4326 1249 4375 καὶ
1295 4327 1434 4389 παρ’
1469 4324 1733 4391 Εὐριπίδῃ
1786 4325 1856 4375 τὸ
1892 4324 2099 4375 «πόλει
2135 4324 2237 4386 μὲν
2281 4324 2473 4388 ἄρχων
2519 4326 2670 4389 φωτὶ
2716 4326 2777 4377 δ’
2811 4325 2916 4377 οὐκ
2962 4326 3063 4390 ἔτη

480 4341 722 4456 nanu-»v
736 4406 780 4443 φ),
817 4393 900 4441 De
940 4389 1158 4455 ἑταῖρος
1195 4406 1264 4441 ox
1297 4394 1600 4442 Herodiani
1637 4394 2015 4459 Epimerismis
2053 4392 2226 4443 refert
2261 4394 2507 4459 Theogn.
2545 4398 2636 4444 71:
2674 4392 2876 4456 γέγονε
2913 4376 3066 4459 παρᾶ

479 4478 550 4529 τὸ
587 4478 715 4529 ἔθος
750 4475 935 4527 ἑθαῖος
974 4473 1053 4525 ὡς
1088 4473 1294 4539 δρόμος
1327 4476 1590 4540 δρομαῖος
1615 4476 1705 4526 καὶ
1730 4480 1916 4541 τροπῇ
1953 4479 2056 4527 τοῦ
2095 4479 2127 4527 θ
2152 4474 2232 4528 εἰς
2266 4477 2302 4528 ῖ-
2338 4477 2676 4544 πλεοναςμῷ
2711 4481 2816 4529 τοῦ
2852 4480 2886 4542 Γ)
2921 4477 3065 4530 ἑταῖ-

481 4560 577 4612 ρος
615 4544 902 4609 μεταθέςει
937 4545 1040 4607 τῆς
1076 4543 1245 4606 ψιλῆς
1282 4540 1361 4593 εἰς
1398 4542 1634 4592 δαςεῖαν.
1751 4548 1758 4555 ”
1807 4544 1845 4593 l.
1886 4547 1946 4593 11
1983 4546 2109 4599 Arc.
2148 4548 2273 4605 198,
2316 4548 2401 4608 14,
2439 4547 2728 4611 Sophoclis
2762 4562 2958 4598 versus
2994 4547 3064 4597 ad

421 4640 430 4650 ·
481 4614 629 4679 ἦμαρ
666 4613 899 4679 apposui
937 4628 1004 4661 ox
1041 4610 1244 4660 Herod.
1282 4626 1368 4675 ap.
1395 4610 1617 4659 Suidam
1642 4628 1685 4663 s.
1721 4610 1886 4675 ἦμαρ.
1922 4639 1987 4647 -
2025 4627 2122 4678 pro
2158 4613 2336 4676 ἤρατο
2372 4615 2567 4680 scripsi
2602 4612 2728 4679 ἦρα.
2764 4612 2850 4665 τὸ,
2886 4642 2951 4650 —-
2989 4615 3062 4667 of.

484 4682 552 4731 de
587 4683 689 4732 hoc
733 4696 942 4731 canone
987 4678 1051 4731 ΙΙ.
1092 4680 1182 4728 Pr.
1220 4676 1264 4728 Α
1300 4679 1426 4739 576,
1468 4678 1480 4728 Ι
1519 4682 1575 4741 6,
1625 4681 1686 4728 Ε.
1727 4681 1801 4733 Μ.
1838 4681 1967 4743 426,
2004 4683 2097 4742 30,
2146 4681 2327 4730 Schol.
2365 4681 2468 4733 Od.
2508 4683 2538 4745 β
2578 4685 2632 4745 1,
2682 4683 2876 4734 Choer.
2914 4684 3064 4735 Diet.

486 4751 597 4806 178,
635 4753 682 4800 7.
821 4750 857 4799 1.
895 4751 958 4798 16
991 4747 1056 4798 11.
1094 4748 1184 4799 Pr.
1217 4745 1267 4797 Ο
1305 4748 1422 4805 365,
1464 4745 1532 4795 de
1566 4747 1655 4810 ἤϊε
1692 4748 1765 4801 ef.
1803 4749 1868 4797 E.
1905 4749 1978 4797 M.
2010 4749 2130 4811 469,
2167 4749 2259 4810 483
2296 4751 2425 4811 462,
2462 4754 2552 4811 533
2602 4751 2667 4802 E.
2695 4750 2835 4801 Gud.
2863 4753 2982 4813 269,
3009 4754 3058 4802 3.

619 4817 654 4866 1.
682 4820 749 4866 23
785 4832 1048 4869 canonem
1087 4815 1352 4865 constitui
1387 4829 1453 4863 ex
1491 4814 1675 4868 Schol.
1702 4815 1887 4881 Ap011.-
1911 4815 1954 4869 A
1984 4818 2141 4880 1294,
2178 4816 2274 4866 ubi
2302 4816 2368 4865 de
2395 4815 2573 4880 ἡθμός
2599 4818 2857 4881 traditur,
2900 4824 2957 4869 et
2995 4834 3063 4871 ex

444 4883 548 4935 ·11.
588 4884 674 4933 Pr.
714 4883 755 4935 A
790 4889 907 4951 600,
945 4887 1041 4936 ubi
1079 4885 1146 4934 de
1185 4884 1507 4948 Ἥφαιστος.

3097 3054 3164 3102 25
