3664 5546
698 400 780 465 96
1628 397 1711 453 ΕΚ
1747 396 1888 451 ΤΩΝ
1929 396 2336 451 ΗΡΩΔΙΑΝΟΥ

863 594 900 629 ιι-
949 571 1042 634 Τὰ
1096 569 1185 636 εἰς
1239 571 1377 649 ῆνῖὶ
1433 570 1536 634 καὶ
1576 570 1743 632 W
1796 568 1959 647 ὑπὲρ
2015 569 2133 633 δύο
2190 567 2503 649 ςυλλαβὰς
2557 567 2913 648 παρώνυμα
2967 565 3278 650 ὀξύνεται,

696 672 1144 754 Ἀραφηνίς,
1200 671 1581 754 Ἑλληνίς,
1642 670 2080 753 Παλληνίς,
2144 671 2495 753 Γερηνίς,
2566 669 3009 752 Κυζικηνίς,
3078 670 3277 733 Μες-

699 774 941 858 ςηνίς,
1001 772 1383 857 Μυκηνίς,
1440 773 1777 851 Οἰζηνίς·
1836 773 2044 838 οὕτως
2110 771 2398 837 ἐκαλεῖτο
2443 773 2812 850 Τραπεζοῦς
2866 771 3053 836 πόλις
3116 771 3280 849 πρὸς

637 883 789 961 5τῷ
834 876 1106 960 Εὐξείνῳ
1150 877 1406 960 πόντῳ,
1450 875 1972 958 Προςεληνίς,
2016 873 2398 957 Πυληνίς,
2443 874 2897 958 Τιβαρηνίς,
2954 874 3276 952 Τροιζη-

695 978 830 1043 νίς.
917 978 1292 1061 Αύξωνίς,
1339 977 1836 1060 Ἀςκαλωνίς,
1882 977 2257 1061 Αὐςωνίς,
2302 975 2710 1042 Λευκωνίς.
2771 976 2977 1042 οὕτως
3021 975 3276 1051 ἐλέγετο

696 1080 734 1159 ἡ
782 1080 967 1162 λίμνη
1016 1081 1284 1146 Κωπαῖς.
1374 1080 1860 1162 Βαβυλωνίς,
1914 1078 2228 1143 Ἁλωνίς
2284 1082 2475 1158 νῆςος
2531 1079 2633 1143 καὶ
2686 1066 3278 1143 πόλιςῒΜαςςαλίας

699 1183 789 1248 ὡς
843 1182 1314 1262 Ἀρτεμίδωρος.
1383 1183 1421 1245 Γ
1436 1181 1716 1258 ιγωνίς.
1783 1181 1991 1273 οὕτως
2045 1181 2501 1262 Ἀρτεμίδωρος
2548 1181 2585 1245 δ
2632 1181 2917 1260 Ἐφέςιος
2976 1182 3014 1244 Γ
3018 1179 3276 1255 ιγωνίαν

698 1284 898 1364 ἄκραν
953 1285 1159 1365 φηςίν.
1218 1283 1611 1350 Μυτωνίς·
1670 1283 1844 1348 οὕτω
1898 1286 2076 1348 καλεῖ
2119 1283 2357 1363 Λέςβον
2409 1283 2805 1363 Καλλίμαχος
2857 1282 2928 1348 ἐν
2973 1281 3275 1365 τετάρτῳ,

598 1395 664 1447 10
697 1387 1055 1467 Παρθένιος
1100 1388 1171 1452 δὲ
1217 1386 1595 1451 Μυτωνίδας
1638 1386 1751 1450 τὰς
1794 1386 2090 1467 Λεςβικάς
2134 1406 2302 1465 φηςι.
2376 1385 2770 1451 Δωδωνίς.
2843 1385 3277 1450 Ἀπολλώνιος

700 1492 991 1567 «ςτεῑραν
1036 1489 1327 1568 Ἀθηναίη
1371 1488 1767 1554 Δωδωνίδος
1817 1488 2052 1567 ἥρμοςε
2108 1491 2323 1568 φηγοῦ
2367 1486 2643 1571 (Argon.
2693 1484 2726 1549 I
2769 1485 2893 1550 527
2900 1534 2918 1568 ‚
2964 1484 3063 1548 IV
3107 1484 3275 1566 583).

697 1591 801 1655 καὶ
856 1590 1188 1670 (οφοκλῆς
1244 1590 1525 1655 Ὀδυςςεῑ
1577 1590 2015 1668 ἀκανθοπλῆγι
2074 1590 2225 1655 «τὰς
2281 1592 2676 1674 θεςπιῳδοὺς
2730 1589 2926 1669 ἱερίας
2969 1587 3275 1653 Δωδωνί-

699 1697 873 1757 δας».
961 1692 1310 1757 Ἠδωνίς·
1368 1693 1573 1758 οὕτως
1618 1692 2045 1772 Ἀριςτοτέλης
2099 1693 2287 1772 φηςὶν
2329 1693 2730 1771 Ἄντανδρον
2784 1693 2975 1757 πόλιν
3027 1689 3275 1770 ὠνομά-

698 1801 833 1860 ςθαι
879 1795 985 1861 διὰ
1036 1795 1112 1863 τὸ
1159 1795 1408 1878 Θρᾷκας
1464 1795 1792 1860 Ἠδωνούς
1850 1794 2041 1861 ὄντας
2097 1794 2353 1872 οἰκῆςαι.
2443 1793 2757 1876 Ἰτωνίς,
2815 1793 3082 1876 Ἰωνίς,
3140 1792 3275 1856 Κυ-

601 1908 664 1959 15
700 1898 962 1981 δωνίς,
1014 1896 1498 1981 Κραννωνίς,
1549 1897 1968 1962 Καυκωνίς·
2015 1896 2186 1961 οὕτω
2217 1896 2447 1976 Δύμην
2477 1897 2668 1962 πόλιν
2701 1896 3070 1975 Ἀντίμαχος
3100 1896 3278 1959 καλεῖ

700 1998 829 2064 ἀπὸ
880 1999 1218 2064 Καύκωνος
1261 2002 1554 2078 ποταμοῦ
1613 1999 1703 2064 ὡς
1746 2000 1860 2064 τὰς
1906 1999 2116 2079 Θήβας
2171 1999 2494 2078 Διρκαίας.
2586 1999 2983 2080 Μαρωνίς,
3042 1996 3274 2062 (Σιδω-

698 2101 845 2185 νίς,
913 2101 1286 2181 (ιρβωνίς
1357 2101 1538 2182 λίμνη
1603 2102 1872 2180 πληςίον
1931 2101 2189 2183 Καςίου,
2253 2102 2291 2179 ἣ
2357 2102 2459 2165 καὶ
2511 2100 2837 2185 (ίρβων,
2906 2099 3277 2178 (κιρωνίς

698 2204 932 2286 πέτρα,
988 2203 1365 2282 Τριτωνίς
1423 2203 1622 2284 λίμνη.
1722 2203 2141 2286 Φρικωνίς,
2200 2202 2610 2282 Χαιρωνίς.
2709 2203 2785 2267 τό
2851 2204 2923 2267 δὲ
2978 2202 3276 2279 Πυῆνις

696 2305 883 2370 πόλις
917 2304 1178 2383 Κόλχων
1209 2306 1312 2370 καὶ
1340 2306 1649 2385 ’Ἀθηνις
1693 2307 1797 2370 καὶ
1824 2307 2149 2371 Ἄδωνις
2194 2307 2296 2369 καὶ
2338 2306 2420 2370 τὸ·
2458 2304 2747 2371 ὄνωνις
2792 2303 2969 2370 εἶδος
3002 2303 3280 2382 ἀκάνθης

596 2417 663 2469 20
699 2405 1111 2491 βαρύνονται,
1159 2407 1238 2472 οὐ
1282 2407 1404 2487 γὰρ
1436 2409 1817 2489 παρώνυμα.

864 2528 902 2563 ιε
950 2509 1044 2573 Τὰ
1087 2509 1175 2575 εἰς
1219 2512 1337 2574 ῑν-ις
1391 2512 1496 2575 καὶ
1548 2512 1684 2575 ῡἯξ
1741 2509 2251 2591 ὑπερδιςύλλαβα
2303 2508 2622 2593 ὀξύνεται,
2671 2509 3087 2592 Μαντινίς,
3143 2508 3275 2573 (ο-

698 2612 1133 2696 λουντινίς,
1189 2611 1591 2691 Ἀργυννίς
1644 2612 1684 2690 ἡ
1730 2612 2087 2692 Ἀφροδίτη.
2177 2612 2425 2688 λέγεται
2480 2613 2581 2677 καὶ
2637 2611 2980 2689 Ἀργουνίς.
3057 2612 3274 2675 Βιθυ-

696 2714 845 2798 νίς,
890 2713 1261 2798 Ἑρκυνίς,
1309 2714 1862 2794 Μαριανδυνίς.
1951 2714 2026 2779 τὸ
2073 2715 2144 2780 δὲ
2186 2715 2541 2782 Ἄςδυνις
2593 2714 2946 2796 βαρύνεται.
3034 2713 3159 2781 ἔςτι
3205 2714 3278 2779 δὲ

695 2819 890 2894 νῆςος
944 2818 1101 2882 κατὰ
1154 2818 1270 2897 τὴν
1318 2817 1627 2897 Μοίριδος
1684 2817 1924 2896 λίμνην.
2012 2816 2288 2885 Εὔδοξος
2343 2819 2620 2902 δευτέρῳ
2677 2818 3274 2899 «κατελαμβάνοντο

593 2932 659 2982 25
697 2919 767 2983 ἐν
813 2920 1093 2985 Ἀςδύνει
1136 2926 1212 3004 τῇ
1257 2920 1428 3003 νήςῳ
1445 2945 1488 2982 ».

868 3045 907 3081 ιι
948 3021 1045 3086 Τὰ
1105 3020 1193 3086 εἰς
1256 3025 1356 3086 <aff
1421 3022 1929 3102 ὑπερδιςύλλαβα
2004 3024 2327 3106 ςυμφώνῳ
2403 3022 2901 3102 παραληγόμενα
2967 3020 3276 3103 ὀξύνεται,

698 3123 1050 3203 Ἀβαρνίς
1115 3123 1303 3188 πόλις
1367 3125 1471 3188 καὶ
1523 3124 1703 3202 χώρα
1757 3124 1861 3188 καὶ
1914 3123 2075 3202 ἄκρα
2126 3127 2238 3202 τῆς
2292 3124 2637 3204 Παριανῆς.
2740 3123 3063 3189 Ἑκαταῖος
3117 3125 3182 3189 δ’
3238 3122 3277 3187 ὁ

699 3226 1005 3304 Μιλήςιος
1050 3224 1121 3289 ἐν
1167 3224 1367 3290 Ἀςίας
1422 3226 1783 3304 περιηγήςει
1828 3225 2185 3306 Λαμψάκου
2230 3224 2432 3305 ἄκραν
2486 3225 2651 3291 εἶναί
2695 3247 2903 3306 φηςιν.
2991 3227 3275 3306 Ἔφορος

697 3328 763 3391 δ’
826 3327 896 3392 ἐν
951 3326 1204 3410 πέμπτῃ
1263 3328 1429 3403 λέγει
1488 3330 1791 3405 κληθῆναι
1847 3327 2047 3406 αὐτὴν
2104 3327 2237 3393 ἀπὸ
2293 3332 2407 3406 τῆς
2461 3329 2532 3393 ἐν
2587 3327 2865 3393 Φωκαῖδι
2912 3328 3278 3409 Ἀβαρνίδος

595 3439 662 3491 30
698 3429 826 3493 ὑπὸ
882 3428 1164 3494 Φωκέων
1217 3431 1332 3507 τὴν
1386 3429 1739 3508 Λάμψακον
1794 3430 2154 3496 κτιζόντων.
2252 3431 2689 3499 Ἀπολλώνιος
2758 3432 3144 3510 «Περκώτην
3209 3429 3277 3494 δ’

698 3531 802 3597 ἐπὶ
854 3538 931 3616 τῇ
988 3532 1090 3595 καὶ
1144 3531 1508 3611 Ἀβαρνίδος
1572 3530 1963 3612 ἠμαθόεςςαν
2018 3532 2207 3611 ἠϊόνα
2262 3531 2537 3615 (Argon.
2597 3530 2631 3594 I
2684 3530 2853 3614 932).
2954 3537 3145 3597 τοῦτο
3205 3532 3278 3595 δὲ

698 3632 1033 3714 (Σοφοκλῆς
1077 3632 1604 3712 ὑπομνηματίζων
1649 3633 1885 3714 ἱςτορεῑ
1926 3635 2043 3714 τὴν
2074 3634 2454 3714 Ἀφροδίτην
2500 3633 2801 3714 ἄμορφον
2846 3632 2917 3699 ἐν
2947 3633 3277 3715 Λαμψάκῳ

695 3739 1001 3801 τεκοῦςαν
1054 3735 1170 3800 τὸν
1225 3734 1523 3813 Πρίαπον
1578 3734 2052 3816 ἀπαρνήςαςθαι
2107 3737 2210 3801 καὶ
2262 3738 2378 3815 τὴν
2432 3737 2651 3815 χώραν
2697 3736 3040 3824 Ἀπαρνίδα
3094 3735 3276 3800 καλέ-

698 3858 826 3921 ςαι,
871 3838 910 3915 ἣ
954 3837 1113 3903 κατὰ
1155 3839 1587 3917 παραφθορὰν
1631 3839 1733 3902 καὶ
1762 3839 2047 3918 Ἀβαρνίς
2090 3841 2385 3903 καλεῖται.
2453 3838 2708 3917 εὕρηται
2753 3839 2824 3904 δὲ
2866 3840 2970 3903 καὶ
3013 3839 3117 3903 διὰ
3159 3841 3278 3902 τοῦ

595 3951 659 4003 35
694 3962 776 4024 π,
845 3940 935 4005 ὡς
990 3939 1165 4016 παρὰ
1220 3939 1655 4024 Ἀρτεμιδώρῳ
1720 3947 1812 4025 τῷ
1877 3940 2261 4026 γεωγράφῳ.
2351 3940 2596 4015 λέγεται
2663 3941 2735 4005 δὲ
2789 3943 2893 4008 καὶ
2943 3941 3278 4021 Ἄβαρνος.

693 4162 854 4214 finem
892 4168 1020 4213 sunt
1058 4178 1125 4212 ex
1154 4162 1231 4212 St.
1253 4164 1315 4213 B.
1428 4163 1463 4217 l.
1496 4167 1519 4212 1
1559 4163 1702 4213 hunc
1737 4179 2000 4214 canonem
2037 4163 2312 4228 composui
2348 4177 2416 4212 ex
2441 4161 2517 4212 St.
2545 4160 2607 4212 Β.
2647 4167 2702 4212 et
2727 4162 2921 4215 Choer.
2944 4166 3064 4226 404,
3089 4167 3170 4227 30,
3209 4177 3277 4213 ex

695 4247 802 4297 quo
828 4231 1033 4295 sumpsi
1056 4228 1296 4282 Ἄδωνις
1320 4235 1376 4281 et
1400 4228 1653 4296 Ἀθηνις,
1682 4247 1822 4296 quae
1849 4232 1929 4283 ibi
1962 4231 2163 4282 diserte
2189 4237 2635 4297 proparoxytona
2669 4247 2791 4282 esse
2818 4232 3098 4295 dicuntum
3135 4230 3278 4282 falso

695 4299 843 4365 apud
879 4314 1001 4348 eum
1038 4315 1090 4364 p.
1128 4301 1210 4360 56,
1251 4302 1311 4350 15
1351 4297 1570 4364 Ἀθῆνις
1608 4300 1895 4362 scribitur,
1935 4299 2078 4364 quod
2123 4304 2270 4349 recte
2318 4300 2505 4365 Steph.
2542 4299 2770 4350 exhibet
2803 4299 3032 4365 Ἀθηνις
3069 4317 3118 4366 p.
3155 4302 3276 4361 241,

697 4371 785 4430 16;
826 4365 1031 4418 ὀνωνις
1069 4381 1102 4416 a
1139 4366 1332 4420 Choer.
1369 4371 1489 4430 354,
1526 4372 1589 4419 31
1628 4369 1774 4419 iuter
1810 4369 2080 4432 barytona
2119 4368 2383 4418 feminina
2420 4369 2479 4417 in
2516 4370 2597 4422 §ff
2642 4385 2761 4418 cum
2799 4371 2959 4433 μῆνις
2999 4375 3055 4418 et
3089 4368 3277 4419 νεᾶνι(

695 4435 935 4487 refertur
977 4438 1033 4486 et
1084 4433 1287 4486 ὀνῶνις
1333 4437 1595 4486 scribitur
1645 4444 1704 4486 ut
1750 4437 1916 4487 etiam
1951 4436 2010 4486 in
2044 4436 2108 4485 E.
2143 4437 2215 4487 M.
2255 4437 2380 4499 626,
2418 4440 2511 4500 35,
2559 4436 2658 4488 sed
2695 4443 2845 4488 recte
2883 4438 2940 4486 in
2975 4438 3076 4503 Ep.
3116 4437 3276 4487 Hom.

692 4507 817 4566 283,
858 4506 919 4553 12
967 4508 1024 4553 et
1064 4505 1123 4554 in
1168 4504 1341 4568 Epim.
1389 4504 1522 4555 Cod.
1572 4504 1738 4556 Coisl.
1786 4507 1885 4557 387
1931 4505 2032 4554 An.
2079 4504 2200 4554 Par.
2244 4505 2326 4556 ΙΙΙ
2371 4507 2496 4564 296,
2542 4510 2566 4557 1
2615 4505 2847 4569 ὄνωνις,
2903 4504 3046 4569 quod
3099 4505 3279 4569 magis

693 4573 945 4637 congruit
992 4587 1112 4621 eum
1148 4570 1402 4623 Ἄδωνις.
1471 4570 1687 4637 Πυῆνις
1734 4589 1856 4622 cum
1899 4572 2002 4622 hoc
2052 4579 2285 4624 accentu
2330 4575 2591 4638 scriptum
2638 4578 2723 4624 est
2769 4589 2856 4639 ap.
2894 4574 2973 4625 St.
3008 4573 3073 4623 B.
3121 4589 3162 4622 s,
3202 4589 3275 4635 v„

693 4640 884 4691 eadem
920 4641 1050 4692 urbs
1085 4645 1212 4706 post
1250 4639 1454 4704 Τυῆνις
1492 4639 1606 4692 ἀπὸ
1645 4638 1917 4705 Τυηνίδος
1955 4642 2214 4703 ποταμοῦ
2252 4642 2577 4706 appellatur.
2760 4642 2795 4690 1.
2834 4644 2898 4692 21
2936 4657 3111 4691 canon
3147 4657 3274 4691 con·

694 4710 923 4759 stitutus
962 4715 1048 4761 est
1086 4725 1153 4759 ex
1192 4708 1272 4758 St.
1312 4708 1373 4758 Β.
1567 4710 1601 4759 1.
1640 4710 1705 4758 26
1750 4711 1917 4760 etiam
1953 4709 2042 4758 hic
2077 4726 2251 4760 canon
2289 4725 2356 4758 ex
2394 4711 2474 4763 St.
2511 4714 2571 4762 B.
2610 4712 2943 4775 compositus
2980 4717 3095 4771 est,
3130 4708 3278 4774 apud

694 4791 850 4841 quem
886 4793 938 4842 p.
962 4780 995 4827 4
1050 4781 1082 4828 5
1119 4775 1393 4839 Ἄβαρνος
1430 4803 1494 4811 -
1533 4775 1875 4841 Ἡρωδιανὸς
1911 4776 1972 4828 δὲ
2009 4776 2070 4829 ἐν
2106 4776 2351 4842 τετάρτῃ
2389 4777 2576 4843 φηςίν,
2616 4777 2704 4829 ὅτι
2745 4776 2996 4842 Ἀβαρνίς
3033 4775 3274 4839 λέγεται,

692 4844 800 4961 {ez
827 4814 1181 4962 ιέοτιῒκίιὼίιῑί),
1220 4844 1353 4960 qulin
1376 4844 1725 4894 Herodianus
1761 4845 2042 4925 addssderit
2066 4853 2285 4897 exstare
2314 4847 2481 4896 etiam
2519 4849 2748 4898 formam
2773 4845 3074 4910 Ἂβαρνος,
3113 4859 3278 4910 quam

732 4927 764 4960 a
805 4929 833 4960 ο
895 4928 924 4963 ο
956 4928 1061 4962 lam
1156 4928 1285 4975 osyc
1306 4929 1337 4960 ι.
2047 4919 2059 4942 ⁸
